,time,price,change,volume,amount,type
0,15:00:03,11.8,--,4361,5145980,买盘
1,14:57:00,11.8,--,132,155760,买盘
2,14:56:57,11.8,--,9,10620,买盘
3,14:56:54,11.8,0.01,49,57820,买盘
4,14:56:51,11.79,--,75,88425,卖盘
5,14:56:48,11.79,--,13,15326,卖盘
6,14:56:45,11.79,--,37,43623,卖盘
7,14:56:42,11.79,--,86,101393,卖盘
8,14:56:36,11.79,--,479,564741,卖盘
9,14:56:33,11.79,0.01,1671,1970108,买盘
10,14:56:30,11.78,-0.01,61,71858,卖盘
11,14:56:27,11.79,--,38,44802,买盘
12,14:56:24,11.79,--,3,3536,买盘
13,14:56:21,11.79,0.01,42,49518,买盘
14,14:56:18,11.78,--,1,1178,卖盘
15,14:56:15,11.78,--,42,49476,卖盘
16,14:56:12,11.78,--,16,18848,卖盘
17,14:56:09,11.78,--,59,69502,卖盘
18,14:56:06,11.78,--,345,406410,卖盘
19,14:56:03,11.78,-0.01,88,103664,卖盘
20,14:56:00,11.79,0.01,39,45981,买盘
21,14:55:57,11.78,-0.01,317,373426,卖盘
22,14:55:54,11.79,0.01,16,18864,买盘
23,14:55:51,11.78,--,9,10602,卖盘
24,14:55:48,11.78,--,51,60525,卖盘
25,14:55:45,11.78,--,19,22382,卖盘
26,14:55:42,11.78,--,196,230888,卖盘
27,14:55:39,11.78,--,20,23560,卖盘
28,14:55:36,11.78,--,21,24738,卖盘
29,14:55:33,11.78,-0.01,150,176700,卖盘
30,14:55:27,11.79,0.01,17,20043,买盘
31,14:55:24,11.78,--,85,100412,买盘
32,14:55:21,11.78,--,77,90706,买盘
33,14:55:18,11.78,--,164,194087,卖盘
34,14:55:12,11.78,--,83,97774,卖盘
35,14:55:09,11.78,-0.01,87,102486,卖盘
36,14:55:06,11.79,--,84,99036,买盘
37,14:55:03,11.79,0.01,97,114362,买盘
38,14:55:00,11.78,-0.01,1,1178,卖盘
39,14:54:57,11.79,--,37,43623,买盘
40,14:54:54,11.79,0.01,12,14147,买盘
41,14:54:51,11.78,--,30,35340,卖盘
42,14:54:48,11.78,--,238,280646,卖盘
43,14:54:39,11.78,--,47,55366,卖盘
44,14:54:36,11.78,--,19,22382,卖盘
45,14:54:33,11.78,--,18,21204,卖盘
46,14:54:30,11.78,-0.01,5,5890,卖盘
47,14:54:24,11.79,--,35,41265,买盘
48,14:54:21,11.79,--,300,353700,买盘
49,14:54:18,11.79,--,2,2358,买盘
50,14:54:15,11.79,0.01,168,199192,买盘
51,14:54:12,11.78,--,28,32984,卖盘
52,14:54:09,11.78,--,42,49476,卖盘
53,14:54:06,11.78,--,12,14136,卖盘
54,14:54:00,11.78,-0.01,72,84816,卖盘
55,14:53:57,11.79,0.01,130,153270,买盘
56,14:53:54,11.78,0.01,136,160208,买盘
57,14:53:51,11.77,--,1045,1229965,卖盘
58,14:53:48,11.77,--,8,9710,卖盘
59,14:53:45,11.77,--,101,118877,卖盘
60,14:53:42,11.77,--,30,35780,卖盘
61,14:53:39,11.77,--,5,5885,卖盘
62,14:53:36,11.77,--,59,69443,卖盘
63,14:53:33,11.77,0.01,851,1001627,买盘
64,14:53:30,11.76,--,371,436296,卖盘
65,14:53:27,11.76,-0.01,22,25872,卖盘
66,14:53:24,11.77,0.01,70,82390,买盘
67,14:53:21,11.76,-0.01,6,7056,卖盘
68,14:53:18,11.77,0.01,103,121231,买盘
69,14:53:15,11.76,--,21,24696,卖盘
70,14:53:12,11.76,--,102,119952,卖盘
71,14:53:09,11.76,-0.01,30,35280,卖盘
72,14:53:06,11.77,0.01,204,240108,买盘
73,14:53:03,11.76,--,80,94080,卖盘
74,14:53:00,11.76,--,212,249312,卖盘
75,14:52:57,11.76,--,23,27048,卖盘
76,14:52:54,11.76,-0.01,24,28224,卖盘
77,14:52:51,11.77,0.01,49,57955,买盘
78,14:52:48,11.76,--,57,67032,卖盘
79,14:52:42,11.76,--,22,25872,卖盘
80,14:52:39,11.76,-0.01,57,67032,卖盘
81,14:52:36,11.77,--,128,150656,买盘
82,14:52:33,11.77,0.01,18,21186,买盘
83,14:52:30,11.76,--,19,22344,卖盘
84,14:52:27,11.76,--,88,103488,卖盘
85,14:52:24,11.76,--,94,110544,卖盘
86,14:52:21,11.76,-0.01,56,65856,卖盘
87,14:52:18,11.77,0.01,56,65912,买盘
88,14:52:15,11.76,--,22,25872,卖盘
89,14:52:12,11.76,-0.01,10,11760,卖盘
90,14:52:09,11.77,0.01,39,45903,买盘
91,14:52:06,11.76,--,22,25872,卖盘
92,14:52:03,11.76,--,40,47040,卖盘
93,14:52:00,11.76,--,136,159936,卖盘
94,14:51:57,11.76,--,75,88200,卖盘
95,14:51:54,11.76,--,23,27048,卖盘
96,14:51:51,11.76,--,7,8232,卖盘
97,14:51:48,11.76,--,40,47040,卖盘
98,14:51:45,11.76,--,144,169638,买盘
99,14:51:42,11.76,--,1,1176,买盘
100,14:51:39,11.76,--,5,5880,卖盘
101,14:51:36,11.76,--,105,123480,卖盘
102,14:51:33,11.76,-0.01,1230,1446480,卖盘
103,14:51:30,11.77,0.01,89,104753,买盘
104,14:51:27,11.76,--,71,83496,卖盘
105,14:51:24,11.76,--,77,90552,卖盘
106,14:51:21,11.76,--,5,5880,卖盘
107,14:51:18,11.76,--,20,23520,卖盘
108,14:51:15,11.76,--,43,50568,卖盘
109,14:51:12,11.76,--,5,5880,卖盘
110,14:51:09,11.76,--,15,17640,卖盘
111,14:51:06,11.76,--,49,57624,卖盘
112,14:51:03,11.76,--,94,110544,买盘
113,14:51:00,11.76,--,11,12936,买盘
114,14:50:57,11.76,--,329,386904,卖盘
115,14:50:54,11.76,--,16,18816,卖盘
116,14:50:51,11.76,--,4,4986,卖盘
117,14:50:48,11.76,--,11,12936,卖盘
118,14:50:45,11.76,--,71,83496,卖盘
119,14:50:42,11.76,--,8,9408,卖盘
120,14:50:39,11.76,--,1,1176,卖盘
121,14:50:36,11.76,--,65,76440,卖盘
122,14:50:33,11.76,--,18,21168,卖盘
123,14:50:30,11.76,--,41,48216,卖盘
124,14:50:24,11.76,0.01,59,69384,卖盘
125,14:50:21,11.75,-0.01,3,3525,卖盘
126,14:50:18,11.76,0.01,15,17640,中性盘
127,14:50:15,11.75,--,32,37600,卖盘
128,14:50:12,11.75,-0.01,30,35250,卖盘
129,14:50:09,11.76,--,43,50568,卖盘
130,14:50:06,11.76,0.01,95,111720,买盘
131,14:50:03,11.75,--,18,21150,卖盘
132,14:50:00,11.75,--,16,18800,卖盘
133,14:49:57,11.75,--,21,24675,卖盘
134,14:49:54,11.75,0.01,319,374907,买盘
135,14:49:51,11.74,--,14,16436,卖盘
136,14:49:48,11.74,-0.01,0,293,卖盘
137,14:49:45,11.75,--,20,23500,买盘
138,14:49:42,11.75,-0.01,1840,2163092,卖盘
139,14:49:39,11.76,--,17,19992,卖盘
140,14:49:36,11.76,--,46,54096,卖盘
141,14:49:33,11.76,0.01,194,228438,买盘
142,14:49:30,11.75,-0.01,25,29375,卖盘
143,14:49:24,11.76,0.01,60,70560,买盘
144,14:49:21,11.75,-0.01,7,8225,卖盘
145,14:49:18,11.76,0.01,14,16464,买盘
146,14:49:15,11.75,--,66,77550,卖盘
147,14:49:12,11.75,--,1,1175,卖盘
148,14:49:09,11.75,--,644,756700,卖盘
149,14:49:06,11.75,--,2,2350,卖盘
150,14:49:03,11.75,--,21,24675,卖盘
151,14:48:57,11.75,-0.01,21,25556,卖盘
152,14:48:54,11.76,--,37,43512,卖盘
153,14:48:51,11.76,0.01,121,142590,买盘
154,14:48:48,11.75,--,41,48457,卖盘
155,14:48:45,11.75,-0.01,27,31725,卖盘
156,14:48:42,11.76,--,1355,1594362,卖盘
157,14:48:39,11.76,--,103,121128,卖盘
158,14:48:36,11.76,--,394,463344,卖盘
159,14:48:33,11.76,--,17,19992,卖盘
160,14:48:30,11.76,-0.01,87,102312,卖盘
161,14:48:27,11.77,0.01,57,67089,买盘
162,14:48:24,11.76,--,348,409248,卖盘
163,14:48:18,11.76,--,249,292824,卖盘
164,14:48:15,11.76,--,6,7056,卖盘
165,14:48:12,11.76,--,42,49392,卖盘
166,14:48:09,11.76,--,326,383376,卖盘
167,14:48:06,11.76,--,204,239904,卖盘
168,14:48:03,11.76,--,7,8232,卖盘
169,14:47:57,11.76,--,69,81144,卖盘
170,14:47:54,11.76,0.01,46,54390,买盘
171,14:47:51,11.75,--,11,12925,卖盘
172,14:47:48,11.75,-0.01,14,16450,卖盘
173,14:47:45,11.76,--,526,618576,买盘
174,14:47:42,11.76,0.01,24,28224,买盘
175,14:47:39,11.75,--,96,112800,卖盘
176,14:47:36,11.75,--,562,660350,卖盘
177,14:47:33,11.75,--,6,7050,卖盘
178,14:47:30,11.75,--,17,19975,卖盘
179,14:47:24,11.75,--,321,377175,卖盘
180,14:47:21,11.75,--,25,29375,卖盘
181,14:47:18,11.75,--,94,110450,卖盘
182,14:47:15,11.75,--,5,5875,卖盘
183,14:47:09,11.75,0.01,434,510631,买盘
184,14:47:06,11.74,-0.01,565,663310,卖盘
185,14:47:03,11.75,0.01,30,35250,买盘
186,14:46:57,11.74,--,31,36394,卖盘
187,14:46:54,11.74,--,0,281,卖盘
188,14:46:51,11.74,-0.01,943,1107105,卖盘
189,14:46:48,11.75,--,27,31725,卖盘
190,14:46:45,11.75,--,49,57575,卖盘
191,14:46:42,11.75,--,4,5851,买盘
192,14:46:39,11.75,--,186,218573,卖盘
193,14:46:36,11.75,--,46,54050,卖盘
194,14:46:33,11.75,-0.01,160,188000,卖盘
195,14:46:30,11.76,--,6,7056,买盘
196,14:46:27,11.76,0.01,123,144648,买盘
197,14:46:24,11.75,--,15,17625,卖盘
198,14:46:21,11.75,--,160,188000,卖盘
199,14:46:18,11.75,--,24,28200,卖盘
200,14:46:15,11.75,--,60,70500,卖盘
201,14:46:12,11.75,--,100,117500,卖盘
202,14:46:09,11.75,--,1,1175,卖盘
203,14:46:06,11.75,--,59,69325,卖盘
204,14:46:03,11.75,--,130,152750,卖盘
205,14:46:00,11.75,--,29,34075,卖盘
206,14:45:57,11.75,--,726,853050,卖盘
207,14:45:54,11.75,-0.01,71,83425,卖盘
208,14:45:51,11.76,--,86,102288,买盘
209,14:45:48,11.76,0.01,189,222264,买盘
210,14:45:45,11.75,--,60,70500,卖盘
211,14:45:42,11.75,--,33,38775,卖盘
212,14:45:36,11.75,--,1,1175,卖盘
213,14:45:33,11.75,--,517,607475,卖盘
214,14:45:30,11.75,-0.01,31,36425,卖盘
215,14:45:27,11.76,-0.01,98,115565,卖盘
216,14:45:24,11.77,0.01,30,35310,买盘
217,14:45:21,11.76,--,175,205800,卖盘
218,14:45:18,11.76,--,44,51744,卖盘
219,14:45:15,11.76,--,76,89376,卖盘
220,14:45:12,11.76,--,1,1176,卖盘
221,14:45:09,11.76,--,60,70560,卖盘
222,14:45:06,11.76,-0.01,44,51744,卖盘
223,14:45:03,11.77,0.01,2,2354,中性盘
224,14:45:00,11.76,-0.02,74,87024,卖盘
225,14:44:57,11.78,0.01,310,365180,买盘
226,14:44:54,11.77,--,171,201267,卖盘
227,14:44:51,11.77,--,29,34133,卖盘
228,14:44:48,11.77,--,17,20291,卖盘
229,14:44:45,11.77,0.01,695,818297,买盘
230,14:44:42,11.76,--,1,1176,卖盘
231,14:44:39,11.76,-0.01,11,12936,卖盘
232,14:44:36,11.77,0.01,94,110638,买盘
233,14:44:33,11.76,--,102,119952,卖盘
234,14:44:30,11.76,--,8,9408,卖盘
235,14:44:27,11.76,--,426,500976,卖盘
236,14:44:24,11.76,-0.01,174,204624,卖盘
237,14:44:21,11.77,0.01,24,28248,买盘
238,14:44:18,11.76,--,36,42336,卖盘
239,14:44:15,11.76,--,577,678552,卖盘
240,14:44:12,11.76,--,15,17640,卖盘
241,14:44:09,11.76,--,1,1176,卖盘
242,14:44:06,11.76,--,44,51744,卖盘
243,14:44:03,11.76,--,545,640920,卖盘
244,14:44:00,11.76,--,1,1176,卖盘
245,14:43:57,11.76,--,31,36456,卖盘
246,14:43:54,11.76,--,14,16464,卖盘
247,14:43:51,11.76,--,96,113190,买盘
248,14:43:48,11.76,--,241,283416,卖盘
249,14:43:45,11.76,--,3,3528,卖盘
250,14:43:42,11.76,--,24,28224,卖盘
251,14:43:39,11.76,-0.01,62,72912,卖盘
252,14:43:36,11.77,0.01,234,275418,买盘
253,14:43:33,11.76,--,162,190512,卖盘
254,14:43:30,11.76,--,13,15288,卖盘
255,14:43:27,11.76,--,162,190512,卖盘
256,14:43:24,11.76,-0.01,231,271656,卖盘
257,14:43:21,11.77,0.01,7,8239,买盘
258,14:43:18,11.76,--,42,49392,卖盘
259,14:43:12,11.76,--,38,44688,卖盘
260,14:43:09,11.76,--,5,5880,卖盘
261,14:43:06,11.76,--,29,34104,卖盘
262,14:43:03,11.76,--,62,72912,卖盘
263,14:43:00,11.76,-0.01,433,509208,卖盘
264,14:42:57,11.77,0.01,50,58850,买盘
265,14:42:54,11.76,--,25,29400,卖盘
266,14:42:51,11.76,--,23,27048,卖盘
267,14:42:48,11.76,-0.01,258,303408,卖盘
268,14:42:45,11.77,--,31,36487,卖盘
269,14:42:42,11.77,-0.01,2,2354,卖盘
270,14:42:39,11.78,0.01,47,55366,买盘
271,14:42:33,11.77,0.01,22,25894,中性盘
272,14:42:30,11.76,-0.01,534,627984,卖盘
273,14:42:27,11.77,--,127,149561,买盘
274,14:42:24,11.77,--,83,98785,卖盘
275,14:42:21,11.77,--,60,70620,卖盘
276,14:42:18,11.77,--,2,2354,卖盘
277,14:42:12,11.77,--,73,85921,卖盘
278,14:42:09,11.77,--,122,143594,卖盘
279,14:42:06,11.77,--,73,86003,买盘
280,14:42:03,11.77,0.01,133,156541,买盘
281,14:42:00,11.76,--,538,632688,卖盘
282,14:41:57,11.76,-0.01,59,69384,卖盘
283,14:41:54,11.77,0.01,107,126233,买盘
284,14:41:51,11.76,--,32,37632,卖盘
285,14:41:48,11.76,-0.01,41,48216,卖盘
286,14:41:45,11.77,--,88,103576,买盘
287,14:41:42,11.77,--,0,1094,卖盘
288,14:41:39,11.77,--,56,65912,卖盘
289,14:41:36,11.77,--,77,90629,卖盘
290,14:41:33,11.77,--,16,18832,卖盘
291,14:41:30,11.77,--,335,394295,卖盘
292,14:41:27,11.77,--,249,293073,卖盘
293,14:41:24,11.77,--,1,1177,卖盘
294,14:41:21,11.77,--,67,79671,卖盘
295,14:41:18,11.77,--,9,10593,卖盘
296,14:41:15,11.77,--,132,155364,卖盘
297,14:41:12,11.77,--,185,217745,卖盘
298,14:41:09,11.77,--,12,14124,卖盘
299,14:41:06,11.77,0.01,359,422990,买盘
300,14:41:03,11.76,--,140,164640,卖盘
301,14:41:00,11.76,-0.01,52,61152,卖盘
302,14:40:57,11.77,--,649,763873,买盘
303,14:40:54,11.77,0.01,18,21186,买盘
304,14:40:51,11.76,--,8,9690,卖盘
305,14:40:48,11.76,--,18,21168,卖盘
306,14:40:45,11.76,--,698,820848,卖盘
307,14:40:42,11.76,--,141,165816,卖盘
308,14:40:39,11.76,-0.01,29,34104,卖盘
309,14:40:36,11.77,0.01,11,12947,买盘
310,14:40:33,11.76,-0.01,113,132888,卖盘
311,14:40:30,11.77,0.01,49,57673,买盘
312,14:40:27,11.76,-0.01,174,204624,卖盘
313,14:40:24,11.77,--,42,49434,买盘
314,14:40:21,11.77,--,98,116075,卖盘
315,14:40:15,11.77,-0.01,25,29425,卖盘
316,14:40:12,11.78,0.01,84,98952,买盘
317,14:40:09,11.77,--,78,91806,卖盘
318,14:40:06,11.77,--,131,154187,卖盘
319,14:40:03,11.77,0.01,215,253502,买盘
320,14:40:00,11.76,--,46,54096,卖盘
321,14:39:57,11.76,--,115,135240,卖盘
322,14:39:54,11.76,--,109,128184,卖盘
323,14:39:51,11.76,--,1,1470,卖盘
324,14:39:48,11.76,--,32,37632,卖盘
325,14:39:45,11.76,--,172,202272,卖盘
326,14:39:42,11.76,--,79,92904,卖盘
327,14:39:39,11.76,--,100,117600,卖盘
328,14:39:36,11.76,-0.01,45,52920,卖盘
329,14:39:33,11.77,--,27,31779,买盘
330,14:39:30,11.77,0.01,21,24717,买盘
331,14:39:27,11.76,-0.01,353,415128,卖盘
332,14:39:24,11.77,--,1714,2018107,卖盘
333,14:39:21,11.77,--,10,11770,卖盘
334,14:39:18,11.77,--,1,1177,卖盘
335,14:39:15,11.77,--,12,14124,卖盘
336,14:39:12,11.77,--,81,95337,卖盘
337,14:39:09,11.77,--,105,123585,卖盘
338,14:39:06,11.77,-0.01,23,27071,卖盘
339,14:39:03,11.78,0.01,5,5890,买盘
340,14:39:00,11.77,-0.01,2,2354,卖盘
341,14:38:57,11.78,--,20,23560,买盘
342,14:38:54,11.78,--,365,430606,卖盘
343,14:38:51,11.78,-0.01,5,6172,卖盘
344,14:38:48,11.79,0.01,25,29474,买盘
345,14:38:45,11.78,0.01,10,12039,买盘
346,14:38:42,11.77,-0.01,13,15301,卖盘
347,14:38:39,11.78,--,12,14136,买盘
348,14:38:36,11.78,--,10,11780,买盘
349,14:38:33,11.78,0.01,13,15314,买盘
350,14:38:30,11.77,--,13,15301,卖盘
351,14:38:27,11.77,-0.01,14,16478,卖盘
352,14:38:24,11.78,-0.01,1523,1795012,卖盘
353,14:38:21,11.79,0.01,102,121130,买盘
354,14:38:18,11.78,-0.01,19,22382,卖盘
355,14:38:15,11.79,0.01,141,166239,买盘
356,14:38:09,11.78,-0.01,18,21204,卖盘
357,14:38:06,11.79,0.01,2,2358,买盘
358,14:38:03,11.78,-0.01,7,8246,卖盘
359,14:38:00,11.79,--,158,186588,卖盘
360,14:37:57,11.79,--,220,259379,卖盘
361,14:37:54,11.79,-0.01,158,186282,卖盘
362,14:37:51,11.8,0.01,1,1180,买盘
363,14:37:48,11.79,--,12,14442,卖盘
364,14:37:45,11.79,-0.01,17,20043,卖盘
365,14:37:39,11.8,0.01,16,18880,买盘
366,14:37:36,11.79,--,15,17685,卖盘
367,14:37:33,11.79,-0.01,11,12968,卖盘
368,14:37:30,11.8,0.01,26,30680,买盘
369,14:37:27,11.79,--,19,22401,卖盘
370,14:37:24,11.79,--,67,78993,卖盘
371,14:37:21,11.79,--,31,36549,卖盘
372,14:37:18,11.79,--,30,35370,卖盘
373,14:37:15,11.79,--,65,76635,卖盘
374,14:37:12,11.79,--,1,1179,卖盘
375,14:37:09,11.79,--,7,8253,卖盘
376,14:37:06,11.79,--,5,5895,卖盘
377,14:37:03,11.79,--,52,61307,卖盘
378,14:37:00,11.79,--,27,31832,卖盘
379,14:36:57,11.79,-0.01,31,36549,卖盘
380,14:36:54,11.8,0.01,95,112383,买盘
381,14:36:45,11.79,--,11,12968,卖盘
382,14:36:42,11.79,--,36,42444,卖盘
383,14:36:39,11.79,--,13,15326,卖盘
384,14:36:36,11.79,-0.01,1,1179,卖盘
385,14:36:33,11.8,0.01,3,3540,买盘
386,14:36:30,11.79,--,38,44802,卖盘
387,14:36:27,11.79,--,6,7073,卖盘
388,14:36:24,11.79,--,32,37728,卖盘
389,14:36:21,11.79,--,49,57770,卖盘
390,14:36:18,11.79,--,24,28295,卖盘
391,14:36:15,11.79,-0.01,80,94320,卖盘
392,14:36:12,11.8,0.01,37,43660,买盘
393,14:36:09,11.79,--,48,56591,卖盘
394,14:36:06,11.79,--,84,99036,卖盘
395,14:36:03,11.79,-0.01,4,4716,卖盘
396,14:36:00,11.8,--,2,2360,买盘
397,14:35:57,11.8,0.01,15,17700,买盘
398,14:35:54,11.79,--,369,435050,卖盘
399,14:35:51,11.79,-0.01,65,76929,卖盘
400,14:35:48,11.8,--,27,31860,买盘
401,14:35:45,11.8,--,21,24780,买盘
402,14:35:39,11.8,0.01,3,3540,买盘
403,14:35:36,11.79,--,21,24759,卖盘
404,14:35:33,11.79,--,1,1179,卖盘
405,14:35:30,11.79,--,7,8253,卖盘
406,14:35:24,11.79,--,27,31832,卖盘
407,14:35:21,11.79,--,248,292392,卖盘
408,14:35:18,11.79,--,4,4716,卖盘
409,14:35:15,11.79,0.01,246,290034,买盘
410,14:35:12,11.78,--,172,202616,卖盘
411,14:35:09,11.78,-0.01,6,7068,卖盘
412,14:35:03,11.79,--,39,45981,卖盘
413,14:34:57,11.79,--,7,8253,卖盘
414,14:34:54,11.79,-0.01,56,66024,卖盘
415,14:34:51,11.8,--,46,54280,买盘
416,14:34:48,11.8,0.01,8,9723,买盘
417,14:34:45,11.79,0.01,40,47160,买盘
418,14:34:42,11.78,--,1,1178,卖盘
419,14:34:39,11.78,-0.02,56,65968,卖盘
420,14:34:30,11.8,0.02,77,90860,买盘
421,14:34:27,11.78,-0.02,1,1178,卖盘
422,14:34:24,11.8,0.01,29,34220,买盘
423,14:34:21,11.79,-0.01,238,281203,卖盘
424,14:34:18,11.8,0.01,23,27140,买盘
425,14:34:15,11.79,--,85,100215,卖盘
426,14:34:12,11.79,--,1,1179,卖盘
427,14:34:09,11.79,--,34,40086,卖盘
428,14:34:06,11.79,--,83,97857,卖盘
429,14:34:03,11.79,--,9,10611,卖盘
430,14:34:00,11.79,--,65,76635,卖盘
431,14:33:57,11.79,-0.01,16,18864,卖盘
432,14:33:54,11.8,0.01,21,24780,买盘
433,14:33:51,11.79,--,321,378459,卖盘
434,14:33:48,11.79,--,66,77814,卖盘
435,14:33:45,11.79,--,18,21516,卖盘
436,14:33:42,11.79,--,5,5895,卖盘
437,14:33:36,11.79,-0.01,38,44802,卖盘
438,14:33:33,11.8,0.01,55,64900,买盘
439,14:33:30,11.79,-0.01,2,2358,卖盘
440,14:33:27,11.8,0.01,18,21240,买盘
441,14:33:24,11.79,-0.01,360,424439,卖盘
442,14:33:18,11.8,0.01,9,10620,买盘
443,14:33:12,11.79,-0.01,42,49518,卖盘
444,14:33:09,11.8,0.01,114,134520,买盘
445,14:33:06,11.79,--,42,49518,卖盘
446,14:33:03,11.79,--,4,4716,卖盘
447,14:33:00,11.79,-0.01,14,16506,卖盘
448,14:32:57,11.8,--,29,34220,买盘
449,14:32:54,11.8,0.01,41,48380,买盘
450,14:32:51,11.79,--,43,50979,卖盘
451,14:32:48,11.79,--,5,5895,卖盘
452,14:32:45,11.79,--,61,71919,卖盘
453,14:32:42,11.79,--,1,1179,卖盘
454,14:32:39,11.79,--,19,22401,卖盘
455,14:32:33,11.79,--,4,4716,卖盘
456,14:32:30,11.79,--,63,74277,卖盘
457,14:32:27,11.79,--,151,178029,卖盘
458,14:32:24,11.79,--,115,135585,卖盘
459,14:32:21,11.79,--,48,56591,卖盘
460,14:32:18,11.79,--,30,35370,卖盘
461,14:32:15,11.79,--,32,37728,卖盘
462,14:32:12,11.79,--,30,35370,卖盘
463,14:32:09,11.79,0.01,52,61602,买盘
464,14:32:06,11.78,--,68,80104,卖盘
465,14:32:03,11.78,-0.01,2,2356,卖盘
466,14:31:57,11.79,--,168,198956,卖盘
467,14:31:54,11.79,--,36,42444,卖盘
468,14:31:51,11.79,--,228,268812,卖盘
469,14:31:48,11.79,--,1,1473,卖盘
470,14:31:45,11.79,--,14,16506,卖盘
471,14:31:39,11.79,--,54,63665,卖盘
472,14:31:36,11.79,--,26,30653,卖盘
473,14:31:33,11.79,--,15,17685,卖盘
474,14:31:30,11.79,--,13,15326,卖盘
475,14:31:24,11.79,--,1,1179,卖盘
476,14:31:21,11.79,-0.01,216,254663,卖盘
477,14:31:18,11.8,0.01,9,10620,买盘
478,14:31:15,11.79,-0.01,33,38907,卖盘
479,14:31:12,11.8,0.01,29,34220,买盘
480,14:31:09,11.79,--,27,31832,卖盘
481,14:31:06,11.79,--,102,120257,卖盘
482,14:31:03,11.79,--,265,312435,卖盘
483,14:31:00,11.79,-0.01,31,36549,卖盘
484,14:30:57,11.8,0.01,5,5900,买盘
485,14:30:54,11.79,0.01,97,114362,中性盘
486,14:30:51,11.78,--,178,209966,卖盘
487,14:30:48,11.78,--,13,15314,卖盘
488,14:30:45,11.78,-0.01,10,11780,卖盘
489,14:30:42,11.79,0.01,2,2358,中性盘
490,14:30:39,11.78,-0.01,12,14136,卖盘
491,14:30:36,11.79,--,52,61307,卖盘
492,14:30:33,11.79,--,289,340731,买盘
493,14:30:30,11.79,0.01,53,62486,买盘
494,14:30:27,11.78,--,27,31806,卖盘
495,14:30:24,11.78,-0.01,54,63612,卖盘
496,14:30:21,11.79,0.01,187,220472,买盘
497,14:30:15,11.78,--,32,37696,卖盘
498,14:30:12,11.78,--,111,130758,卖盘
499,14:30:09,11.78,--,19,22382,卖盘
500,14:30:06,11.78,--,15,17670,卖盘
501,14:30:03,11.78,--,19,22382,卖盘
502,14:30:00,11.78,--,26,30628,卖盘
503,14:29:54,11.78,--,16,18848,卖盘
504,14:29:51,11.78,--,305,359584,卖盘
505,14:29:45,11.78,-0.01,2,2356,卖盘
506,14:29:42,11.79,--,71,83709,买盘
507,14:29:39,11.79,0.01,19,22401,买盘
508,14:29:36,11.78,--,5,5890,卖盘
509,14:29:33,11.78,--,15,17670,卖盘
510,14:29:30,11.78,-0.01,10,11780,卖盘
511,14:29:24,11.79,0.01,18,21222,买盘
512,14:29:21,11.78,--,463,545414,卖盘
513,14:29:18,11.78,--,1,1178,卖盘
514,14:29:15,11.78,--,28,32984,卖盘
515,14:29:12,11.78,--,45,53010,卖盘
516,14:29:09,11.78,--,25,29450,卖盘
517,14:29:06,11.78,--,2,2356,卖盘
518,14:29:03,11.78,--,4,4712,卖盘
519,14:29:00,11.78,-0.01,13,15314,卖盘
520,14:28:57,11.79,0.01,9,10611,买盘
521,14:28:54,11.78,-0.01,11,12958,卖盘
522,14:28:51,11.79,0.01,25,29474,买盘
523,14:28:48,11.78,--,619,729182,卖盘
524,14:28:45,11.78,--,0,282,卖盘
525,14:28:42,11.78,-0.01,11,12958,卖盘
526,14:28:39,11.79,0.01,1,1179,买盘
527,14:28:36,11.78,-0.01,13,15314,卖盘
528,14:28:33,11.79,--,53,62486,卖盘
529,14:28:30,11.79,--,54,63665,卖盘
530,14:28:27,11.79,0.01,35,41265,买盘
531,14:28:24,11.78,--,1,1178,卖盘
532,14:28:21,11.78,--,2,2356,卖盘
533,14:28:18,11.78,--,176,207328,卖盘
534,14:28:15,11.78,--,12,14136,卖盘
535,14:28:12,11.78,--,42,49476,卖盘
536,14:28:09,11.78,--,2,2356,卖盘
537,14:28:06,11.78,-0.01,56,65968,卖盘
538,14:28:03,11.79,--,19,22401,卖盘
539,14:27:54,11.79,--,67,78993,卖盘
540,14:27:51,11.79,0.01,334,394080,买盘
541,14:27:48,11.78,-0.01,240,282720,卖盘
542,14:27:45,11.79,0.01,8,9432,买盘
543,14:27:42,11.78,-0.01,30,35340,卖盘
544,14:27:39,11.79,0.01,1,1179,买盘
545,14:27:36,11.78,-0.01,6,7068,卖盘
546,14:27:33,11.79,0.01,4,4716,买盘
547,14:27:30,11.78,-0.01,25,29450,卖盘
548,14:27:27,11.79,--,51,60128,买盘
549,14:27:21,11.79,--,37,44330,卖盘
550,14:27:18,11.79,--,43,50696,卖盘
551,14:27:15,11.79,--,79,93141,卖盘
552,14:27:12,11.79,--,43,50696,卖盘
553,14:27:09,11.79,--,84,99036,卖盘
554,14:27:06,11.79,--,2,2358,卖盘
555,14:27:03,11.79,--,3,3536,卖盘
556,14:27:00,11.79,--,1,1179,卖盘
557,14:26:57,11.79,--,30,35370,卖盘
558,14:26:54,11.79,0.01,698,823413,买盘
559,14:26:51,11.78,--,9,10602,卖盘
560,14:26:48,11.78,-0.01,276,325128,卖盘
561,14:26:45,11.79,--,50,59232,买盘
562,14:26:42,11.79,0.01,1,1179,买盘
563,14:26:39,11.78,-0.01,15,17670,卖盘
564,14:26:36,11.79,0.01,24,28295,买盘
565,14:26:33,11.78,--,1,1178,卖盘
566,14:26:30,11.78,--,74,87172,卖盘
567,14:26:27,11.78,--,18,21204,卖盘
568,14:26:24,11.78,--,42,49476,卖盘
569,14:26:21,11.78,--,107,126046,卖盘
570,14:26:18,11.78,--,7,8246,卖盘
571,14:26:15,11.78,--,106,124868,卖盘
572,14:26:12,11.78,--,53,62434,卖盘
573,14:26:09,11.78,--,14,16492,卖盘
574,14:26:06,11.78,--,3,3534,卖盘
575,14:26:03,11.78,--,96,113088,卖盘
576,14:26:00,11.78,-0.01,5,5890,卖盘
577,14:25:57,11.79,0.01,11,12968,买盘
578,14:25:54,11.78,--,61,71858,卖盘
579,14:25:51,11.78,--,13,15608,卖盘
580,14:25:48,11.78,-0.01,97,114266,卖盘
581,14:25:45,11.79,0.01,413,486926,买盘
582,14:25:42,11.78,-0.01,96,113088,卖盘
583,14:25:39,11.79,--,14,16506,买盘
584,14:25:36,11.79,0.01,1,1179,买盘
585,14:25:30,11.78,-0.01,14,16492,卖盘
586,14:25:27,11.79,--,151,178736,卖盘
587,14:25:24,11.79,--,57,67203,卖盘
588,14:25:21,11.79,--,2,2358,卖盘
589,14:25:18,11.79,--,17,20043,卖盘
590,14:25:15,11.79,--,254,299466,卖盘
591,14:25:12,11.79,-0.01,41,48339,卖盘
592,14:25:09,11.8,0.01,57,67260,买盘
593,14:25:06,11.79,--,13,15326,卖盘
594,14:25:03,11.79,--,10,11790,卖盘
595,14:24:57,11.79,--,12,14147,卖盘
596,14:24:54,11.79,--,10,11790,卖盘
597,14:24:51,11.79,--,23,27399,卖盘
598,14:24:48,11.79,--,54,63665,卖盘
599,14:24:45,11.79,-0.01,238,280602,卖盘
600,14:24:42,11.8,0.01,1,1180,买盘
601,14:24:39,11.79,-0.01,1,1179,卖盘
602,14:24:36,11.8,0.01,31,36580,买盘
603,14:24:33,11.79,-0.01,11,14041,卖盘
604,14:24:30,11.8,0.01,52,61360,买盘
605,14:24:27,11.79,--,2,2358,卖盘
606,14:24:18,11.79,--,16,18864,卖盘
607,14:24:15,11.79,--,339,399681,卖盘
608,14:24:12,11.79,-0.01,42,49518,卖盘
609,14:24:06,11.8,0.01,52,61360,买盘
610,14:24:03,11.79,-0.01,11,12968,卖盘
611,14:24:00,11.8,--,185,218300,买盘
612,14:23:57,11.8,--,17,20060,买盘
613,14:23:54,11.8,0.01,26,30975,买盘
614,14:23:51,11.79,--,50,58949,卖盘
615,14:23:48,11.79,--,97,114362,卖盘
616,14:23:45,11.79,-0.01,64,75456,卖盘
617,14:23:39,11.8,0.01,2,2360,买盘
618,14:23:36,11.79,-0.01,51,60128,卖盘
619,14:23:33,11.8,0.01,18,21240,买盘
620,14:23:30,11.79,-0.01,22,25937,卖盘
621,14:23:24,11.8,--,30,35400,买盘
622,14:23:21,11.8,0.01,1,1180,买盘
623,14:23:18,11.79,-0.01,2,2358,卖盘
624,14:23:15,11.8,0.01,32,37760,买盘
625,14:23:12,11.79,--,38,44802,卖盘
626,14:23:09,11.79,-0.01,1,1179,卖盘
627,14:23:06,11.8,0.01,28,33040,买盘
628,14:23:03,11.79,--,19,22401,卖盘
629,14:23:00,11.79,-0.01,74,87246,卖盘
630,14:22:57,11.8,--,0,885,卖盘
631,14:22:54,11.8,0.01,30,35695,买盘
632,14:22:48,11.79,--,19,22401,卖盘
633,14:22:45,11.79,--,20,23862,卖盘
634,14:22:42,11.79,-0.01,74,87246,卖盘
635,14:22:36,11.8,0.01,1,1180,买盘
636,14:22:33,11.79,--,683,805256,卖盘
637,14:22:30,11.79,-0.01,102,120257,卖盘
638,14:22:27,11.8,0.01,3,3540,买盘
639,14:22:24,11.79,--,18,21222,卖盘
640,14:22:21,11.79,--,1,1179,卖盘
641,14:22:18,11.79,--,2,2358,卖盘
642,14:22:15,11.79,--,10,11790,卖盘
643,14:22:12,11.79,-0.01,232,273528,卖盘
644,14:22:06,11.8,0.01,29,34220,买盘
645,14:22:03,11.79,-0.01,14,16506,卖盘
646,14:22:00,11.8,0.01,149,175820,买盘
647,14:21:57,11.79,--,7,8253,卖盘
648,14:21:54,11.79,--,1,1179,卖盘
649,14:21:51,11.79,--,1,1473,卖盘
650,14:21:48,11.79,--,2,2358,卖盘
651,14:21:42,11.79,--,219,258200,卖盘
652,14:21:39,11.79,--,2,2358,卖盘
653,14:21:36,11.79,-0.01,10,11790,卖盘
654,14:21:33,11.8,--,11,12980,买盘
655,14:21:30,11.8,0.01,4,4720,买盘
656,14:21:24,11.79,-0.01,22,25937,卖盘
657,14:21:21,11.8,0.01,18,21240,买盘
658,14:21:18,11.79,-0.01,15,17685,卖盘
659,14:21:15,11.8,0.01,12,14160,买盘
660,14:21:12,11.79,-0.01,373,439766,卖盘
661,14:21:06,11.8,0.01,175,206500,买盘
662,14:21:03,11.79,-0.01,29,34191,卖盘
663,14:21:00,11.8,--,22,25960,买盘
664,14:20:57,11.8,0.01,1,1180,买盘
665,14:20:54,11.79,--,11,13251,卖盘
666,14:20:51,11.79,--,5,5895,卖盘
667,14:20:48,11.79,-0.01,17,20043,卖盘
668,14:20:45,11.8,0.01,1,1180,买盘
669,14:20:42,11.79,--,172,202787,卖盘
670,14:20:39,11.79,--,1,1179,卖盘
671,14:20:36,11.79,--,37,43623,卖盘
672,14:20:33,11.79,--,8,9432,卖盘
673,14:20:30,11.79,-0.01,53,62486,卖盘
674,14:20:24,11.8,0.01,36,42480,买盘
675,14:20:21,11.79,--,34,40086,卖盘
676,14:20:18,11.79,-0.01,152,179208,卖盘
677,14:20:15,11.8,0.01,81,95580,买盘
678,14:20:12,11.79,--,202,238157,卖盘
679,14:20:09,11.79,--,169,199251,卖盘
680,14:20:06,11.79,--,11,12968,卖盘
681,14:20:03,11.79,-0.01,16,18864,卖盘
682,14:20:00,11.8,0.01,2,2360,买盘
683,14:19:57,11.79,-0.01,70,82530,卖盘
684,14:19:54,11.8,0.01,40,47200,买盘
685,14:19:51,11.79,--,238,280602,卖盘
686,14:19:48,11.79,--,2,2358,卖盘
687,14:19:45,11.79,--,0,294,卖盘
688,14:19:42,11.79,--,246,290034,卖盘
689,14:19:39,11.79,-0.01,6,7073,卖盘
690,14:19:33,11.8,--,8,9440,买盘
691,14:19:30,11.8,0.01,13,15340,买盘
692,14:19:27,11.79,--,46,54233,卖盘
693,14:19:24,11.79,--,20,23580,卖盘
694,14:19:21,11.79,--,9,10611,卖盘
695,14:19:18,11.79,--,36,42444,卖盘
696,14:19:15,11.79,-0.01,10,11790,卖盘
697,14:19:12,11.8,0.01,131,154580,买盘
698,14:19:09,11.79,--,9,10611,卖盘
699,14:19:06,11.79,--,2,2358,卖盘
700,14:19:03,11.79,-0.01,7,8253,卖盘
701,14:19:00,11.8,0.01,3,3540,买盘
702,14:18:57,11.79,--,5,5895,卖盘
703,14:18:54,11.79,--,11,12968,卖盘
704,14:18:51,11.79,--,27,31832,卖盘
705,14:18:48,11.79,--,13,15609,卖盘
706,14:18:42,11.79,-0.01,62,73098,卖盘
707,14:18:36,11.8,0.01,1,1180,买盘
708,14:18:33,11.79,--,8,9432,卖盘
709,14:18:30,11.79,-0.01,2,2358,卖盘
710,14:18:27,11.8,--,16,18880,买盘
711,14:18:24,11.8,0.01,1,1180,买盘
712,14:18:21,11.79,--,41,48339,卖盘
713,14:18:18,11.79,--,13,15326,卖盘
714,14:18:12,11.79,--,63,74277,卖盘
715,14:18:09,11.79,-0.01,156,183924,卖盘
716,14:18:06,11.8,--,35,41300,买盘
717,14:18:03,11.8,--,107,126260,买盘
718,14:18:00,11.8,0.01,2,2360,买盘
719,14:17:57,11.79,-0.01,11,12968,卖盘
720,14:17:51,11.8,0.01,14,16520,买盘
721,14:17:48,11.79,--,43,50696,卖盘
722,14:17:45,11.79,--,81,95793,卖盘
723,14:17:42,11.79,--,6,7073,卖盘
724,14:17:39,11.79,--,69,81351,卖盘
725,14:17:33,11.79,--,19,22401,卖盘
726,14:17:30,11.79,-0.01,3,3536,卖盘
727,14:17:27,11.8,--,3,3540,买盘
728,14:17:24,11.8,0.01,13,15340,买盘
729,14:17:21,11.79,--,20,23580,卖盘
730,14:17:18,11.79,--,2,2358,卖盘
731,14:17:15,11.79,--,6,7073,卖盘
732,14:17:12,11.79,--,49,57770,卖盘
733,14:17:09,11.79,--,168,198072,卖盘
734,14:17:06,11.79,-0.01,4,4716,卖盘
735,14:17:03,11.8,0.01,32,37760,买盘
736,14:17:00,11.79,-0.01,29,34191,卖盘
737,14:16:57,11.8,0.01,78,92040,买盘
738,14:16:51,11.79,--,26,30653,卖盘
739,14:16:48,11.79,--,2,2640,卖盘
740,14:16:45,11.79,-0.01,5,5895,卖盘
741,14:16:42,11.8,0.01,15,17700,买盘
742,14:16:39,11.79,--,300,353700,卖盘
743,14:16:33,11.79,-0.01,9,10611,卖盘
744,14:16:30,11.8,0.01,5,5900,买盘
745,14:16:27,11.79,-0.01,19,22401,卖盘
746,14:16:24,11.8,0.01,10,11800,买盘
747,14:16:21,11.79,--,12,14147,卖盘
748,14:16:18,11.79,-0.01,18,21222,卖盘
749,14:16:15,11.8,0.01,24,28320,买盘
750,14:16:12,11.79,--,131,154449,卖盘
751,14:16:09,11.79,--,34,40086,卖盘
752,14:16:06,11.79,-0.01,336,396144,卖盘
753,14:16:03,11.8,0.01,15,17700,买盘
754,14:16:00,11.79,-0.01,11,12968,卖盘
755,14:15:57,11.8,0.01,7,8260,买盘
756,14:15:54,11.79,--,11,12968,卖盘
757,14:15:51,11.79,-0.01,11,12968,卖盘
758,14:15:48,11.8,--,720,849600,卖盘
759,14:15:45,11.8,--,1,1180,卖盘
760,14:15:42,11.8,--,10,11800,卖盘
761,14:15:39,11.8,--,16,18880,卖盘
762,14:15:36,11.8,--,287,338660,卖盘
763,14:15:33,11.8,-0.01,40,47200,卖盘
764,14:15:30,11.81,--,61,72903,卖盘
765,14:15:27,11.81,-0.01,15,17715,卖盘
766,14:15:24,11.82,--,1,1182,买盘
767,14:15:21,11.82,0.01,24,28368,买盘
768,14:15:18,11.81,--,28,33068,卖盘
769,14:15:15,11.81,--,4,4724,卖盘
770,14:15:12,11.81,--,45,53145,卖盘
771,14:15:09,11.81,--,49,57869,卖盘
772,14:15:06,11.81,--,128,151168,卖盘
773,14:15:03,11.81,--,32,37792,卖盘
774,14:15:00,11.81,--,12,14172,卖盘
775,14:14:57,11.81,--,10,11810,卖盘
776,14:14:54,11.81,--,5,5905,卖盘
777,14:14:51,11.81,--,19,22439,卖盘
778,14:14:48,11.81,--,12,14172,卖盘
779,14:14:45,11.81,--,1,1181,卖盘
780,14:14:42,11.81,--,6,7369,卖盘
781,14:14:39,11.81,--,62,73222,卖盘
782,14:14:36,11.81,--,165,194865,卖盘
783,14:14:33,11.81,--,7,9034,卖盘
784,14:14:30,11.81,-0.01,69,81489,卖盘
785,14:14:27,11.82,--,18,21276,买盘
786,14:14:24,11.82,0.01,13,15366,买盘
787,14:14:21,11.81,--,37,43697,卖盘
788,14:14:18,11.81,--,5,5905,卖盘
789,14:14:15,11.81,--,50,59050,卖盘
790,14:14:12,11.81,--,49,57869,卖盘
791,14:14:09,11.81,--,2,2362,卖盘
792,14:14:06,11.81,-0.01,133,157958,卖盘
793,14:14:03,11.82,--,20,23640,卖盘
794,14:14:00,11.82,--,15,17730,卖盘
795,14:13:57,11.82,-0.01,259,306138,卖盘
796,14:13:54,11.83,0.01,31,36673,买盘
797,14:13:51,11.82,--,20,23640,卖盘
798,14:13:48,11.82,--,2,2659,卖盘
799,14:13:45,11.82,--,33,39006,卖盘
800,14:13:42,11.82,-0.01,11,13002,卖盘
801,14:13:39,11.83,0.01,132,156156,买盘
802,14:13:36,11.82,--,37,43734,卖盘
803,14:13:33,11.82,0.01,82,96924,买盘
804,14:13:30,11.81,-0.01,15,17715,卖盘
805,14:13:27,11.82,--,2,2364,买盘
806,14:13:21,11.82,0.01,25,29550,买盘
807,14:13:18,11.81,--,14,16534,卖盘
808,14:13:15,11.81,--,5,5905,卖盘
809,14:13:12,11.81,-0.01,50,59050,卖盘
810,14:13:09,11.82,0.01,33,39006,买盘
811,14:13:06,11.81,--,46,54326,卖盘
812,14:13:03,11.81,--,28,33068,卖盘
813,14:12:57,11.81,--,11,12991,卖盘
814,14:12:54,11.81,--,10,11810,卖盘
815,14:12:51,11.81,--,57,67317,卖盘
816,14:12:48,11.81,--,13,15353,卖盘
817,14:12:45,11.81,--,8,9731,卖盘
818,14:12:42,11.81,--,45,53145,卖盘
819,14:12:36,11.81,--,175,206675,卖盘
820,14:12:33,11.81,--,18,21258,卖盘
821,14:12:30,11.81,-0.01,34,40154,卖盘
822,14:12:27,11.82,0.01,1,1182,中性盘
823,14:12:24,11.81,-0.02,18,21258,卖盘
824,14:12:21,11.83,0.01,16,18928,买盘
825,14:12:18,11.82,-0.01,3,3546,中性盘
826,14:12:15,11.83,0.02,25,29575,买盘
827,14:12:12,11.81,--,131,154711,卖盘
828,14:12:09,11.81,--,26,30706,卖盘
829,14:12:06,11.81,--,4,4724,卖盘
830,14:12:03,11.81,-0.02,43,50783,卖盘
831,14:12:00,11.83,0.01,100,118300,买盘
832,14:11:57,11.82,0.01,17,20094,中性盘
833,14:11:54,11.81,-0.01,35,41335,卖盘
834,14:11:51,11.82,--,24,28368,卖盘
835,14:11:48,11.82,--,64,75943,卖盘
836,14:11:45,11.82,--,2,2364,卖盘
837,14:11:42,11.82,--,55,65010,卖盘
838,14:11:39,11.82,--,8,9456,卖盘
839,14:11:36,11.82,--,9,10638,卖盘
840,14:11:33,11.82,--,18,21276,卖盘
841,14:11:30,11.82,--,216,255312,买盘
842,14:11:27,11.82,0.01,48,56736,买盘
843,14:11:24,11.81,-0.01,41,48421,卖盘
844,14:11:21,11.82,0.01,30,35460,买盘
845,14:11:18,11.81,-0.01,15,17715,卖盘
846,14:11:15,11.82,0.01,5,5910,买盘
847,14:11:12,11.81,-0.01,42,49602,卖盘
848,14:11:09,11.82,0.01,41,48462,买盘
849,14:11:06,11.81,--,2,2362,卖盘
850,14:11:03,11.81,--,212,250372,卖盘
851,14:10:57,11.81,-0.02,14,16534,卖盘
852,14:10:54,11.83,0.01,30,35490,买盘
853,14:10:51,11.82,--,61,72385,卖盘
854,14:10:48,11.82,--,2,2364,卖盘
855,14:10:45,11.82,--,181,213942,卖盘
856,14:10:42,11.82,-0.01,60,70920,卖盘
857,14:10:39,11.83,0.01,129,152607,买盘
858,14:10:36,11.82,--,62,73284,卖盘
859,14:10:33,11.82,--,151,178482,卖盘
860,14:10:27,11.82,--,1,1182,卖盘
861,14:10:24,11.82,-0.01,22,26004,卖盘
862,14:10:21,11.83,0.01,149,177012,买盘
863,14:10:18,11.82,--,17,20094,卖盘
864,14:10:15,11.82,--,16,18912,卖盘
865,14:10:12,11.82,--,69,81558,卖盘
866,14:10:09,11.82,--,4,4728,卖盘
867,14:10:06,11.82,--,3,3546,卖盘
868,14:10:03,11.82,-0.01,88,104016,卖盘
869,14:10:00,11.83,0.01,12,14196,买盘
870,14:09:57,11.82,--,5,5910,卖盘
871,14:09:54,11.82,0.01,778,920399,买盘
872,14:09:51,11.81,-0.01,34,40154,卖盘
873,14:09:48,11.82,--,21,24822,买盘
874,14:09:45,11.82,0.01,96,113472,买盘
875,14:09:42,11.81,--,14,16829,卖盘
876,14:09:39,11.81,--,14,16534,卖盘
877,14:09:36,11.81,--,21,24801,卖盘
878,14:09:33,11.81,--,146,172426,卖盘
879,14:09:27,11.81,-0.01,11,12991,卖盘
880,14:09:24,11.82,--,2,2364,买盘
881,14:09:21,11.82,0.01,13,15366,买盘
882,14:09:18,11.81,--,23,27163,卖盘
883,14:09:15,11.81,--,12,14172,卖盘
884,14:09:12,11.81,-0.01,403,475943,卖盘
885,14:09:09,11.82,0.01,8,9456,买盘
886,14:09:06,11.81,--,22,25982,卖盘
887,14:09:03,11.81,-0.01,144,170064,卖盘
888,14:09:00,11.82,--,2,2364,买盘
889,14:08:57,11.82,--,21,24822,买盘
890,14:08:51,11.82,--,17,20377,买盘
891,14:08:48,11.82,0.01,412,486984,买盘
892,14:08:45,11.81,--,64,75584,卖盘
893,14:08:42,11.81,-0.01,3,3543,卖盘
894,14:08:39,11.82,0.01,12,14184,买盘
895,14:08:33,11.81,--,166,196046,卖盘
896,14:08:30,11.81,-0.01,24,28344,卖盘
897,14:08:27,11.82,--,50,59100,买盘
898,14:08:24,11.82,0.01,38,44916,买盘
899,14:08:21,11.81,-0.01,22,25982,卖盘
900,14:08:18,11.82,--,7,8274,买盘
901,14:08:15,11.82,0.01,21,24822,买盘
902,14:08:12,11.81,--,41,48421,卖盘
903,14:08:09,11.81,--,24,28344,卖盘
904,14:08:06,11.81,--,2,2362,卖盘
905,14:08:03,11.81,--,228,269268,卖盘
906,14:08:00,11.81,--,11,12991,卖盘
907,14:07:57,11.81,--,12,14172,卖盘
908,14:07:54,11.81,--,1,1181,卖盘
909,14:07:51,11.81,--,30,35725,卖盘
910,14:07:48,11.81,--,12,14172,卖盘
911,14:07:45,11.81,--,7,8267,卖盘
912,14:07:42,11.81,--,7,8267,卖盘
913,14:07:39,11.81,--,43,50783,卖盘
914,14:07:36,11.81,--,1,1181,卖盘
915,14:07:30,11.81,--,1,1181,卖盘
916,14:07:27,11.81,--,10,11810,卖盘
917,14:07:24,11.81,-0.01,121,142901,卖盘
918,14:07:21,11.82,0.02,16,19621,买盘
919,14:07:18,11.8,-0.01,46,54280,卖盘
920,14:07:15,11.81,0.01,306,361386,买盘
921,14:07:12,11.8,--,131,154580,卖盘
922,14:07:09,11.8,--,120,141600,卖盘
923,14:07:06,11.8,--,18,21240,卖盘
924,14:07:03,11.8,--,17,20060,卖盘
925,14:06:57,11.8,--,7,8260,卖盘
926,14:06:54,11.8,--,49,57820,卖盘
927,14:06:51,11.8,--,287,338660,卖盘
928,14:06:48,11.8,--,4,5003,卖盘
929,14:06:45,11.8,--,27,31860,卖盘
930,14:06:42,11.8,--,12,14160,卖盘
931,14:06:39,11.8,-0.01,15,17700,卖盘
932,14:06:36,11.81,0.01,17,20077,买盘
933,14:06:33,11.8,-0.01,11,12980,卖盘
934,14:06:30,11.81,0.01,8,9448,买盘
935,14:06:27,11.8,--,15,17700,卖盘
936,14:06:21,11.8,--,1031,1216580,卖盘
937,14:06:18,11.8,--,59,69620,卖盘
938,14:06:15,11.8,--,55,64900,卖盘
939,14:06:12,11.8,--,94,110920,卖盘
940,14:06:09,11.8,--,125,147500,卖盘
941,14:06:06,11.8,--,11,12980,卖盘
942,14:06:03,11.8,-0.01,157,185260,卖盘
943,14:06:00,11.81,0.01,20,23620,买盘
944,14:05:57,11.8,--,114,134520,卖盘
945,14:05:54,11.8,--,81,95580,卖盘
946,14:05:51,11.8,--,11,12980,卖盘
947,14:05:48,11.8,--,36,42480,卖盘
948,14:05:45,11.8,--,47,55755,卖盘
949,14:05:42,11.8,--,5,5900,卖盘
950,14:05:39,11.8,--,13,15340,卖盘
951,14:05:36,11.8,--,5,5900,卖盘
952,14:05:33,11.8,--,1,1463,买盘
953,14:05:30,11.8,--,28,33936,卖盘
954,14:05:27,11.8,--,23,27140,卖盘
955,14:05:24,11.8,--,37,43943,买盘
956,14:05:21,11.8,--,15,18596,卖盘
957,14:05:18,11.8,-0.01,57,67260,卖盘
958,14:05:15,11.81,0.01,17,20077,买盘
959,14:05:12,11.8,--,34,40120,卖盘
960,14:05:09,11.8,--,10,11800,卖盘
961,14:05:06,11.8,-0.01,47,55460,卖盘
962,14:05:03,11.81,--,19,22439,买盘
963,14:05:00,11.81,--,30,35430,买盘
964,14:04:57,11.81,0.01,5,5905,买盘
965,14:04:54,11.8,--,11,12980,卖盘
966,14:04:51,11.8,-0.01,11,12980,卖盘
967,14:04:48,11.81,0.01,8,9731,买盘
968,14:04:45,11.8,--,20,23600,卖盘
969,14:04:42,11.8,-0.01,10,11800,卖盘
970,14:04:39,11.81,--,10,11810,买盘
971,14:04:36,11.81,0.01,11,12991,买盘
972,14:04:33,11.8,0.01,37,43660,中性盘
973,14:04:30,11.79,-0.01,27,31832,卖盘
974,14:04:27,11.8,-0.01,49,57820,中性盘
975,14:04:24,11.81,--,13,15353,买盘
976,14:04:21,11.81,0.01,28,33068,买盘
977,14:04:18,11.8,--,61,71980,买盘
978,14:04:15,11.8,0.01,25,29500,买盘
979,14:04:12,11.79,--,44,51875,卖盘
980,14:04:09,11.79,--,65,76635,卖盘
981,14:04:06,11.79,-0.01,10,11790,卖盘
982,14:04:03,11.8,0.01,1,1180,中性盘
983,14:03:57,11.79,-0.01,20,23580,卖盘
984,14:03:54,11.8,--,100,118295,卖盘
985,14:03:48,11.8,0.01,91,107380,买盘
986,14:03:45,11.79,--,5,5895,卖盘
987,14:03:42,11.79,--,31,36549,卖盘
988,14:03:39,11.79,--,1,1179,卖盘
989,14:03:36,11.79,--,10,11790,卖盘
990,14:03:33,11.79,--,3,3536,卖盘
991,14:03:30,11.79,--,1,1179,卖盘
992,14:03:27,11.79,--,16,18864,卖盘
993,14:03:21,11.79,--,14,16506,卖盘
994,14:03:18,11.79,-0.01,44,51875,卖盘
995,14:03:15,11.8,0.01,15,17700,买盘
996,14:03:12,11.79,-0.01,26,30653,卖盘
997,14:03:09,11.8,0.01,1,1180,买盘
998,14:03:06,11.79,--,67,78993,卖盘
999,14:03:03,11.79,--,12,14147,卖盘
1000,14:02:54,11.79,--,12,14430,卖盘
1001,14:02:51,11.79,0.01,123,146137,买盘
1002,14:02:48,11.78,--,25,29450,卖盘
1003,14:02:42,11.78,-0.01,195,229710,卖盘
1004,14:02:39,11.79,--,11,12968,买盘
1005,14:02:36,11.79,0.01,22,25937,买盘
1006,14:02:30,11.78,--,12,14136,卖盘
1007,14:02:27,11.78,-0.02,1121,1320596,卖盘
1008,14:02:24,11.8,--,1,1180,卖盘
1009,14:02:21,11.8,--,11,12980,卖盘
1010,14:02:18,11.8,--,16,18880,卖盘
1011,14:02:15,11.8,--,8,9440,卖盘
1012,14:02:12,11.8,--,52,61360,卖盘
1013,14:02:09,11.8,--,10,11800,卖盘
1014,14:02:06,11.8,-0.01,4,4720,卖盘
1015,14:02:03,11.81,0.01,1,1181,买盘
1016,14:02:00,11.8,--,13,15340,卖盘
1017,14:01:57,11.8,--,12,14160,卖盘
1018,14:01:51,11.8,--,0,295,卖盘
1019,14:01:48,11.8,--,12,14160,卖盘
1020,14:01:45,11.8,--,82,96760,卖盘
1021,14:01:42,11.8,--,23,27140,卖盘
1022,14:01:36,11.8,0.01,61,72275,买盘
1023,14:01:33,11.79,-0.01,49,57770,卖盘
1024,14:01:27,11.8,0.01,22,25960,买盘
1025,14:01:24,11.79,-0.01,16,18864,卖盘
1026,14:01:21,11.8,--,5,5900,买盘
1027,14:01:18,11.8,--,2,2360,买盘
1028,14:01:15,11.8,0.01,16,18880,买盘
1029,14:01:12,11.79,-0.01,29,34191,卖盘
1030,14:01:09,11.8,0.01,2,2360,买盘
1031,14:01:06,11.79,--,16,18864,卖盘
1032,14:01:03,11.79,--,13,15326,卖盘
1033,14:00:54,11.79,--,2,2358,卖盘
1034,14:00:51,11.79,--,10,11790,卖盘
1035,14:00:48,11.79,-0.01,0,282,卖盘
1036,14:00:45,11.8,0.01,3,3540,买盘
1037,14:00:42,11.79,-0.01,13,15326,卖盘
1038,14:00:39,11.8,--,31,37465,卖盘
1039,14:00:36,11.8,--,10,11800,卖盘
1040,14:00:30,11.8,--,13,15340,卖盘
1041,14:00:27,11.8,--,105,123900,卖盘
1042,14:00:18,11.8,-0.01,31,36580,卖盘
1043,14:00:15,11.81,0.01,100,118100,买盘
1044,14:00:12,11.8,-0.01,35,41300,卖盘
1045,14:00:09,11.81,0.01,12,14172,买盘
1046,14:00:06,11.8,--,2,2360,卖盘
1047,14:00:03,11.8,--,8,9440,卖盘
1048,14:00:00,11.8,-0.01,1,1180,卖盘
1049,13:59:57,11.81,--,18,21258,买盘
1050,13:59:54,11.81,0.01,100,118100,买盘
1051,13:59:51,11.8,--,12,14455,卖盘
1052,13:59:48,11.8,-0.01,1,1180,卖盘
1053,13:59:45,11.81,--,17,20077,买盘
1054,13:59:42,11.81,0.01,1,1181,买盘
1055,13:59:39,11.8,--,8,9440,卖盘
1056,13:59:36,11.8,--,26,30680,卖盘
1057,13:59:33,11.8,-0.01,3,3540,卖盘
1058,13:59:30,11.81,0.01,7,8267,买盘
1059,13:59:27,11.8,--,1,1180,卖盘
1060,13:59:24,11.8,--,17,20060,卖盘
1061,13:59:15,11.8,0.01,111,130980,买盘
1062,13:59:12,11.79,-0.01,57,67203,卖盘
1063,13:59:09,11.8,0.01,20,23600,买盘
1064,13:59:06,11.79,-0.01,17,20043,卖盘
1065,13:59:03,11.8,--,15,17700,卖盘
1066,13:59:00,11.8,-0.01,1,1180,卖盘
1067,13:58:57,11.81,--,7,8267,买盘
1068,13:58:54,11.81,0.01,10,11810,买盘
1069,13:58:51,11.8,--,12,14443,卖盘
1070,13:58:39,11.8,-0.01,75,88500,卖盘
1071,13:58:36,11.81,--,16,18896,买盘
1072,13:58:30,11.81,0.01,517,610577,买盘
1073,13:58:24,11.8,--,74,87320,卖盘
1074,13:58:18,11.8,-0.01,22,25960,卖盘
1075,13:58:15,11.81,0.01,4,4724,买盘
1076,13:58:12,11.8,--,30,35400,卖盘
1077,13:58:09,11.8,--,14,16520,卖盘
1078,13:58:06,11.8,-0.01,14,16520,卖盘
1079,13:58:03,11.81,0.01,22,25982,买盘
1080,13:57:57,11.8,--,36,42480,卖盘
1081,13:57:54,11.8,--,2,2360,卖盘
1082,13:57:45,11.8,-0.01,13,15635,卖盘
1083,13:57:42,11.81,0.01,27,31887,买盘
1084,13:57:39,11.8,--,26,30680,卖盘
1085,13:57:36,11.8,--,18,21240,卖盘
1086,13:57:33,11.8,--,11,12980,卖盘
1087,13:57:27,11.8,--,2,2360,卖盘
1088,13:57:24,11.8,--,13,15340,卖盘
1089,13:57:18,11.8,-0.01,112,132160,卖盘
1090,13:57:15,11.81,0.01,4,4724,买盘
1091,13:57:12,11.8,--,42,49560,卖盘
1092,13:57:09,11.8,-0.01,1,1180,卖盘
1093,13:57:03,11.81,--,1,1181,买盘
1094,13:57:00,11.81,0.01,32,37792,买盘
1095,13:56:54,11.8,-0.01,41,48380,卖盘
1096,13:56:51,11.81,--,1,1181,买盘
1097,13:56:48,11.81,0.01,27,31887,买盘
1098,13:56:45,11.8,--,0,283,卖盘
1099,13:56:42,11.8,--,7,8260,卖盘
1100,13:56:39,11.8,--,77,90860,卖盘
1101,13:56:36,11.8,--,18,21240,卖盘
1102,13:56:33,11.8,--,50,59000,卖盘
1103,13:56:30,11.8,--,10,11800,卖盘
1104,13:56:27,11.8,--,54,63720,买盘
1105,13:56:21,11.8,0.01,1,1180,买盘
1106,13:56:15,11.79,--,215,253484,卖盘
1107,13:56:12,11.79,--,233,274707,卖盘
1108,13:56:06,11.79,--,46,54233,卖盘
1109,13:56:03,11.79,-0.01,1,1179,卖盘
1110,13:55:54,11.8,0.01,16,18880,买盘
1111,13:55:48,11.79,--,10,12084,卖盘
1112,13:55:42,11.79,--,14,16506,卖盘
1113,13:55:39,11.79,-0.01,63,74277,卖盘
1114,13:55:36,11.8,--,20,23600,卖盘
1115,13:55:33,11.8,--,24,28320,买盘
1116,13:55:30,11.8,0.01,36,42480,买盘
1117,13:55:27,11.79,--,9,10611,卖盘
1118,13:55:21,11.79,--,12,14147,卖盘
1119,13:55:18,11.79,-0.01,1,1179,卖盘
1120,13:55:15,11.8,0.01,6,7080,中性盘
1121,13:55:12,11.79,-0.01,41,48339,卖盘
1122,13:55:09,11.8,-0.01,14,16520,卖盘
1123,13:55:06,11.81,0.01,3,3543,买盘
1124,13:55:03,11.8,-0.01,16,18880,卖盘
1125,13:55:00,11.81,--,21,24801,买盘
1126,13:54:57,11.81,0.01,28,33068,买盘
1127,13:54:54,11.8,--,3,3540,卖盘
1128,13:54:51,11.8,--,4,4720,卖盘
1129,13:54:48,11.8,--,23,27140,卖盘
1130,13:54:45,11.8,--,1,1180,卖盘
1131,13:54:42,11.8,--,13,15340,卖盘
1132,13:54:39,11.8,--,10,11800,卖盘
1133,13:54:36,11.8,--,14,16520,卖盘
1134,13:54:30,11.8,--,12,14431,卖盘
1135,13:54:27,11.8,--,19,22420,卖盘
1136,13:54:24,11.8,--,70,82600,卖盘
1137,13:54:21,11.8,--,1,1180,卖盘
1138,13:54:15,11.8,0.01,98,115640,买盘
1139,13:54:12,11.79,--,26,30653,卖盘
1140,13:54:03,11.79,-0.01,11,12968,卖盘
1141,13:54:00,11.8,-0.01,1,1180,买盘
1142,13:53:57,11.81,0.03,1,1181,买盘
1143,13:53:54,11.78,--,12,14136,卖盘
1144,13:53:51,11.78,-0.02,553,652293,卖盘
1145,13:53:45,11.8,0.01,367,433060,买盘
1146,13:53:42,11.79,--,62,73098,卖盘
1147,13:53:39,11.79,0.01,91,107288,买盘
1148,13:53:36,11.78,--,25,29450,卖盘
1149,13:53:33,11.78,--,2,2615,卖盘
1150,13:53:30,11.78,--,33,38874,卖盘
1151,13:53:21,11.78,-0.01,17,20026,卖盘
1152,13:53:18,11.79,--,50,58949,买盘
1153,13:53:15,11.79,0.01,4,4716,买盘
1154,13:53:12,11.78,--,33,38874,卖盘
1155,13:53:09,11.78,-0.01,21,24738,卖盘
1156,13:53:06,11.79,0.01,10,11790,买盘
1157,13:53:03,11.78,--,33,38874,卖盘
1158,13:53:00,11.78,--,25,29450,卖盘
1159,13:52:57,11.78,--,14,16492,卖盘
1160,13:52:54,11.78,--,47,55366,卖盘
1161,13:52:51,11.78,--,12,14136,卖盘
1162,13:52:48,11.78,--,41,48298,卖盘
1163,13:52:45,11.78,--,9,10602,卖盘
1164,13:52:42,11.78,--,10,11780,卖盘
1165,13:52:39,11.78,--,4,4712,卖盘
1166,13:52:36,11.78,--,31,36518,卖盘
1167,13:52:30,11.78,--,5,6160,卖盘
1168,13:52:27,11.78,--,20,23560,卖盘
1169,13:52:24,11.78,--,266,314290,卖盘
1170,13:52:21,11.78,-0.01,12,14136,卖盘
1171,13:52:18,11.79,--,29,34191,买盘
1172,13:52:15,11.79,0.01,61,71919,买盘
1173,13:52:12,11.78,-0.01,78,91884,卖盘
1174,13:52:09,11.79,-0.01,725,855918,卖盘
1175,13:52:06,11.8,0.01,10,11800,买盘
1176,13:52:03,11.79,-0.01,21,24759,卖盘
1177,13:52:00,11.8,0.01,250,295000,买盘
1178,13:51:57,11.79,-0.01,3,3536,卖盘
1179,13:51:54,11.8,--,1,1180,买盘
1180,13:51:51,11.8,--,13,15340,买盘
1181,13:51:48,11.8,0.01,45,53100,买盘
1182,13:51:45,11.79,-0.01,42,49518,卖盘
1183,13:51:42,11.8,0.01,27,31860,买盘
1184,13:51:36,11.79,--,14,16506,卖盘
1185,13:51:33,11.79,-0.02,52,61307,卖盘
1186,13:51:30,11.81,0.01,21,24801,买盘
1187,13:51:27,11.8,--,0,271,卖盘
1188,13:51:24,11.8,--,12,14160,卖盘
1189,13:51:21,11.8,--,29,34220,卖盘
1190,13:51:18,11.8,--,1,1180,卖盘
1191,13:51:12,11.8,--,39,46020,卖盘
1192,13:51:06,11.8,--,19,22420,卖盘
1193,13:51:03,11.8,--,1,1180,卖盘
1194,13:51:00,11.8,-0.01,34,40120,卖盘
1195,13:50:57,11.81,--,2,2362,买盘
1196,13:50:51,11.81,0.01,38,44878,买盘
1197,13:50:48,11.8,0.01,4,4720,买盘
1198,13:50:45,11.79,-0.02,178,209861,卖盘
1199,13:50:42,11.81,--,61,72041,买盘
1200,13:50:39,11.81,--,46,54326,买盘
1201,13:50:36,11.81,0.02,109,128729,买盘
1202,13:50:30,11.79,--,38,44802,卖盘
1203,13:50:27,11.79,--,14,16777,卖盘
1204,13:50:21,11.79,-0.02,10,11790,卖盘
1205,13:50:18,11.81,0.02,20,23620,买盘
1206,13:50:15,11.79,--,12,14147,卖盘
1207,13:50:12,11.79,-0.01,427,503928,卖盘
1208,13:50:09,11.8,0.01,42,49560,买盘
1209,13:50:06,11.79,-0.01,69,81351,卖盘
1210,13:50:03,11.8,--,1,1180,买盘
1211,13:50:00,11.8,0.01,32,37760,买盘
1212,13:49:57,11.79,--,51,60128,卖盘
1213,13:49:54,11.79,--,36,42444,卖盘
1214,13:49:51,11.79,--,80,94496,卖盘
1215,13:49:45,11.79,--,1,1179,卖盘
1216,13:49:42,11.79,--,12,14147,卖盘
1217,13:49:39,11.79,-0.01,28,33012,中性盘
1218,13:49:33,11.8,0.02,25,29759,买盘
1219,13:49:30,11.78,--,8,9424,卖盘
1220,13:49:27,11.78,--,18,21204,卖盘
1221,13:49:24,11.78,--,6,7068,卖盘
1222,13:49:21,11.78,--,11,12958,卖盘
1223,13:49:18,11.78,--,8,9424,卖盘
1224,13:49:15,11.78,--,8,9424,卖盘
1225,13:49:12,11.78,--,32,37696,卖盘
1226,13:49:09,11.78,--,337,396986,卖盘
1227,13:49:06,11.78,-0.01,17,20026,卖盘
1228,13:49:03,11.79,--,6,7073,卖盘
1229,13:49:00,11.79,0.01,12,14147,中性盘
1230,13:48:54,11.78,-0.02,56,65968,卖盘
1231,13:48:51,11.8,0.02,1001,1181180,买盘
1232,13:48:48,11.78,-0.01,19,22382,卖盘
1233,13:48:45,11.79,--,18,21222,卖盘
1234,13:48:39,11.79,0.01,10,11790,买盘
1235,13:48:36,11.78,-0.01,11,12958,卖盘
1236,13:48:33,11.79,0.01,38,44802,买盘
1237,13:48:30,11.78,-0.01,0,270,卖盘
1238,13:48:27,11.79,0.01,79,93141,买盘
1239,13:48:24,11.78,--,1,1178,卖盘
1240,13:48:15,11.78,--,16,18848,卖盘
1241,13:48:12,11.78,-0.01,49,57722,卖盘
1242,13:48:09,11.79,--,7,8253,买盘
1243,13:48:06,11.79,0.01,8,9432,买盘
1244,13:48:03,11.78,--,20,23560,卖盘
1245,13:48:00,11.78,-0.01,2,2356,卖盘
1246,13:47:57,11.79,--,8,9432,买盘
1247,13:47:54,11.79,0.01,39,45981,买盘
1248,13:47:51,11.78,-0.01,12,14136,卖盘
1249,13:47:48,11.79,0.01,2,2358,买盘
1250,13:47:45,11.78,-0.01,1,1178,卖盘
1251,13:47:42,11.79,0.01,18,21222,买盘
1252,13:47:39,11.78,-0.01,20,23560,卖盘
1253,13:47:36,11.79,0.01,48,56591,买盘
1254,13:47:33,11.78,--,1,1178,卖盘
1255,13:47:30,11.78,--,15,17670,卖盘
1256,13:47:27,11.78,--,0,270,卖盘
1257,13:47:21,11.78,-0.01,12,14136,卖盘
1258,13:47:18,11.79,--,13,15326,卖盘
1259,13:47:15,11.79,--,30,35370,卖盘
1260,13:47:12,11.79,0.01,61,71919,中性盘
1261,13:47:09,11.78,-0.01,12,14136,卖盘
1262,13:47:06,11.79,--,1,1179,卖盘
1263,13:47:03,11.79,--,1,1179,卖盘
1264,13:47:00,11.79,--,20,23580,卖盘
1265,13:46:57,11.79,-0.01,30,35370,卖盘
1266,13:46:51,11.8,0.01,1,1180,买盘
1267,13:46:48,11.79,-0.01,12,14147,卖盘
1268,13:46:45,11.8,0.02,64,76546,买盘
1269,13:46:42,11.78,-0.01,255,300390,卖盘
1270,13:46:39,11.79,--,55,64844,买盘
1271,13:46:36,11.79,0.01,21,24759,买盘
1272,13:46:33,11.78,-0.01,40,47120,卖盘
1273,13:46:30,11.79,--,49,57770,买盘
1274,13:46:27,11.79,0.01,32,37728,买盘
1275,13:46:24,11.78,--,13,15584,卖盘
1276,13:46:21,11.78,--,313,368714,卖盘
1277,13:46:18,11.78,--,31,36518,卖盘
1278,13:46:15,11.78,--,30,35340,卖盘
1279,13:46:12,11.78,--,399,470022,卖盘
1280,13:46:03,11.78,-0.01,15,17670,卖盘
1281,13:46:00,11.79,0.01,38,44802,买盘
1282,13:45:57,11.78,--,22,25916,买盘
1283,13:45:54,11.78,--,43,50654,卖盘
1284,13:45:51,11.78,-0.01,17,20026,卖盘
1285,13:45:48,11.79,0.01,1,1179,买盘
1286,13:45:45,11.78,--,1,1178,卖盘
1287,13:45:42,11.78,-0.01,62,73036,买盘
1288,13:45:39,11.79,0.01,123,145299,买盘
1289,13:45:33,11.78,--,2,2356,卖盘
1290,13:45:30,11.78,--,11,13217,卖盘
1291,13:45:27,11.78,--,100,117800,卖盘
1292,13:45:24,11.78,--,1,1178,卖盘
1293,13:45:18,11.78,--,16,18848,卖盘
1294,13:45:15,11.78,--,6,7068,卖盘
1295,13:45:12,11.78,--,27,31806,卖盘
1296,13:45:09,11.78,--,217,255626,卖盘
1297,13:45:03,11.78,--,28,32984,卖盘
1298,13:45:00,11.78,--,2,2356,卖盘
1299,13:44:57,11.78,--,40,47120,卖盘
1300,13:44:51,11.78,-0.01,1,1178,卖盘
1301,13:44:48,11.79,0.01,41,48339,买盘
1302,13:44:45,11.78,--,16,18848,卖盘
1303,13:44:42,11.78,-0.01,216,254448,卖盘
1304,13:44:39,11.79,--,1,1179,买盘
1305,13:44:36,11.79,0.01,18,21222,买盘
1306,13:44:30,11.78,--,0,270,卖盘
1307,13:44:24,11.78,--,11,12958,卖盘
1308,13:44:18,11.78,-0.01,11,12958,卖盘
1309,13:44:15,11.79,0.01,4,4716,买盘
1310,13:44:12,11.78,--,89,104842,卖盘
1311,13:44:09,11.78,-0.01,7,8246,卖盘
1312,13:44:03,11.79,0.01,11,12968,买盘
1313,13:44:00,11.78,-0.01,2,2356,卖盘
1314,13:43:57,11.79,0.01,5,5895,买盘
1315,13:43:54,11.78,--,1,1178,卖盘
1316,13:43:51,11.78,--,10,11780,卖盘
1317,13:43:45,11.78,-0.01,166,196596,卖盘
1318,13:43:42,11.79,--,4,4716,卖盘
1319,13:43:39,11.79,--,64,75456,卖盘
1320,13:43:30,11.79,--,16,18864,卖盘
1321,13:43:27,11.79,--,22,26209,卖盘
1322,13:43:24,11.79,--,1,1179,卖盘
1323,13:43:21,11.79,--,33,38907,卖盘
1324,13:43:18,11.79,-0.01,10,11790,卖盘
1325,13:43:15,11.8,0.01,4,4720,买盘
1326,13:43:12,11.79,--,31,36549,卖盘
1327,13:43:06,11.79,-0.01,15,18722,卖盘
1328,13:43:03,11.8,0.01,2,2360,买盘
1329,13:43:00,11.79,0.01,27,31832,买盘
1330,13:42:57,11.78,--,18,21204,卖盘
1331,13:42:54,11.78,--,15,17670,卖盘
1332,13:42:48,11.78,--,14,16492,卖盘
1333,13:42:45,11.78,-0.01,11,12958,卖盘
1334,13:42:42,11.79,--,31,36549,卖盘
1335,13:42:39,11.79,--,4,4716,卖盘
1336,13:42:36,11.79,--,20,23580,卖盘
1337,13:42:33,11.79,--,18,21222,卖盘
1338,13:42:30,11.79,0.01,56,66024,买盘
1339,13:42:27,11.78,--,11,13228,卖盘
1340,13:42:24,11.78,-0.02,11,12958,卖盘
1341,13:42:15,11.8,0.02,4,4720,买盘
1342,13:42:12,11.78,--,41,48769,卖盘
1343,13:42:09,11.78,--,4,4712,卖盘
1344,13:42:03,11.78,-0.02,9,10602,卖盘
1345,13:42:00,11.8,--,21,24780,买盘
1346,13:41:57,11.8,0.02,41,48380,买盘
1347,13:41:54,11.78,--,0,1095,卖盘
1348,13:41:51,11.78,-0.01,17,20721,卖盘
1349,13:41:48,11.79,0.01,2,2358,买盘
1350,13:41:45,11.78,--,1,1178,卖盘
1351,13:41:39,11.78,--,10,11780,卖盘
1352,13:41:36,11.78,--,59,69502,卖盘
1353,13:41:33,11.78,--,1,1578,卖盘
1354,13:41:30,11.78,--,17,20026,卖盘
1355,13:41:27,11.78,--,11,12958,卖盘
1356,13:41:24,11.78,--,3,3793,卖盘
1357,13:41:21,11.78,-0.02,24,28272,卖盘
1358,13:41:18,11.8,0.02,29,34220,买盘
1359,13:41:12,11.78,--,32,38061,卖盘
1360,13:41:09,11.78,--,8,9424,卖盘
1361,13:41:06,11.78,--,17,21015,卖盘
1362,13:41:00,11.78,-0.01,7,8246,卖盘
1363,13:40:57,11.79,0.01,3,3536,买盘
1364,13:40:54,11.78,--,12,14136,卖盘
1365,13:40:51,11.78,-0.01,1,1178,卖盘
1366,13:40:48,11.79,0.01,2,2358,买盘
1367,13:40:45,11.78,-0.01,14,16492,卖盘
1368,13:40:39,11.79,0.01,1,1179,中性盘
1369,13:40:36,11.78,--,1,1178,卖盘
1370,13:40:33,11.78,-0.01,11,12958,卖盘
1371,13:40:27,11.79,--,11,13405,买盘
1372,13:40:24,11.79,0.01,8,9432,买盘
1373,13:40:21,11.78,--,17,20026,卖盘
1374,13:40:18,11.78,--,8,9424,卖盘
1375,13:40:15,11.78,--,6,7068,卖盘
1376,13:40:12,11.78,-0.02,38,44764,卖盘
1377,13:40:06,11.8,0.01,83,97940,买盘
1378,13:40:03,11.79,--,6,7073,卖盘
1379,13:40:00,11.79,-0.01,17,21174,卖盘
1380,13:39:51,11.8,0.01,21,24780,买盘
1381,13:39:48,11.79,--,31,36549,卖盘
1382,13:39:45,11.79,0.01,1,1179,中性盘
1383,13:39:39,11.78,-0.01,13,15314,卖盘
1384,13:39:36,11.79,-0.01,24,28295,买盘
1385,13:39:33,11.8,0.02,10,11800,买盘
1386,13:39:30,11.78,-0.01,17,20026,卖盘
1387,13:39:27,11.79,-0.01,63,74277,卖盘
1388,13:39:24,11.8,0.01,1050,1239000,买盘
1389,13:39:21,11.79,-0.01,1,1179,卖盘
1390,13:39:18,11.8,0.01,2,2360,买盘
1391,13:39:15,11.79,--,70,82530,卖盘
1392,13:39:12,11.79,--,32,37728,卖盘
1393,13:39:09,11.79,--,3,3536,卖盘
1394,13:39:06,11.79,-0.01,29,34191,卖盘
1395,13:39:03,11.8,0.01,16,18880,买盘
1396,13:38:57,11.79,--,32,37728,卖盘
1397,13:38:54,11.79,--,12,14147,卖盘
1398,13:38:48,11.79,-0.01,5,5895,卖盘
1399,13:38:45,11.8,0.01,10,11800,买盘
1400,13:38:42,11.79,--,10,11790,卖盘
1401,13:38:39,11.79,--,7,8253,卖盘
1402,13:38:36,11.79,-0.01,8,9432,卖盘
1403,13:38:33,11.8,0.01,22,25960,买盘
1404,13:38:30,11.79,--,17,20043,卖盘
1405,13:38:27,11.79,--,5,6154,卖盘
1406,13:38:24,11.79,--,25,29474,卖盘
1407,13:38:21,11.79,--,36,42444,卖盘
1408,13:38:18,11.79,-0.01,33,38907,卖盘
1409,13:38:15,11.8,0.01,4,4720,买盘
1410,13:38:12,11.79,--,27,31832,卖盘
1411,13:38:09,11.79,-0.01,33,38907,卖盘
1412,13:38:03,11.8,0.01,1,1180,买盘
1413,13:38:00,11.79,--,18,21222,卖盘
1414,13:37:57,11.79,-0.01,26,30653,卖盘
1415,13:37:54,11.8,--,55,64900,买盘
1416,13:37:51,11.8,0.01,10,11800,买盘
1417,13:37:48,11.79,--,11,12968,卖盘
1418,13:37:45,11.79,-0.01,1,1179,卖盘
1419,13:37:42,11.8,0.01,4,4720,买盘
1420,13:37:39,11.79,-0.01,86,102301,卖盘
1421,13:37:36,11.8,0.01,125,147771,买盘
1422,13:37:33,11.79,-0.01,281,331299,卖盘
1423,13:37:27,11.8,0.01,26,30680,卖盘
1424,13:37:21,11.79,-0.02,1,1179,卖盘
1425,13:37:18,11.81,0.02,26,30706,买盘
1426,13:37:15,11.79,--,15,17685,卖盘
1427,13:37:12,11.79,--,28,33012,卖盘
1428,13:37:03,11.79,-0.02,15,17685,卖盘
1429,13:37:00,11.81,0.02,11,12991,买盘
1430,13:36:57,11.79,-0.01,356,419723,卖盘
1431,13:36:54,11.8,--,17,20060,卖盘
1432,13:36:51,11.8,-0.01,24,28320,卖盘
1433,13:36:48,11.81,--,9,10629,买盘
1434,13:36:45,11.81,0.01,28,33068,买盘
1435,13:36:42,11.8,--,13,15340,卖盘
1436,13:36:39,11.8,-0.01,12,14160,卖盘
1437,13:36:36,11.81,0.01,4,4724,买盘
1438,13:36:33,11.8,--,1,1180,卖盘
1439,13:36:30,11.8,-0.01,21,24780,卖盘
1440,13:36:27,11.81,0.01,5,6176,买盘
1441,13:36:21,11.8,-0.01,40,47200,卖盘
1442,13:36:18,11.81,--,2,2362,买盘
1443,13:36:15,11.81,0.01,4,4724,买盘
1444,13:36:12,11.8,-0.01,161,189980,卖盘
1445,13:36:09,11.81,--,12,15329,买盘
1446,13:36:06,11.81,--,48,56688,买盘
1447,13:36:03,11.81,0.01,1,1181,买盘
1448,13:35:57,11.8,--,79,93220,卖盘
1449,13:35:51,11.8,--,50,59000,卖盘
1450,13:35:48,11.8,-0.01,18,21240,卖盘
1451,13:35:45,11.81,--,62,73222,买盘
1452,13:35:42,11.81,0.01,7,8267,买盘
1453,13:35:39,11.8,-0.01,1,1180,卖盘
1454,13:35:36,11.81,--,57,67317,买盘
1455,13:35:33,11.81,--,19,22439,买盘
1456,13:35:27,11.81,0.01,40,47240,买盘
1457,13:35:24,11.8,-0.01,11,13251,卖盘
1458,13:35:21,11.81,--,49,57869,买盘
1459,13:35:18,11.81,--,8,9448,买盘
1460,13:35:15,11.81,0.01,29,34249,买盘
1461,13:35:12,11.8,--,28,33040,卖盘
1462,13:35:06,11.8,0.01,19,22420,买盘
1463,13:35:03,11.79,-0.01,14,16506,卖盘
1464,13:34:57,11.8,--,2,2360,卖盘
1465,13:34:51,11.8,--,738,870840,卖盘
1466,13:34:48,11.8,--,3,3540,卖盘
1467,13:34:45,11.8,--,1,1180,卖盘
1468,13:34:42,11.8,-0.01,123,145140,卖盘
1469,13:34:36,11.81,--,46,54326,买盘
1470,13:34:33,11.81,0.01,527,622387,买盘
1471,13:34:30,11.8,--,10,12059,卖盘
1472,13:34:27,11.8,--,20,23600,卖盘
1473,13:34:24,11.8,--,1,1180,卖盘
1474,13:34:21,11.8,0.01,20,24142,买盘
1475,13:34:18,11.79,-0.01,16,18864,卖盘
1476,13:34:15,11.8,0.01,504,594720,买盘
1477,13:34:12,11.79,--,81,95499,卖盘
1478,13:34:09,11.79,--,12,14147,卖盘
1479,13:34:06,11.79,--,24,28295,买盘
1480,13:34:03,11.79,0.01,1,1179,买盘
1481,13:33:57,11.78,--,13,15314,卖盘
1482,13:33:51,11.78,--,58,68324,卖盘
1483,13:33:45,11.78,-0.01,48,56544,卖盘
1484,13:33:42,11.79,--,2,2358,买盘
1485,13:33:36,11.79,0.01,58,68382,买盘
1486,13:33:33,11.78,-0.01,15,17670,卖盘
1487,13:33:27,11.79,0.01,2,2358,买盘
1488,13:33:24,11.78,-0.01,11,13228,卖盘
1489,13:33:21,11.79,0.01,47,55412,买盘
1490,13:33:18,11.78,-0.01,6,7068,卖盘
1491,13:33:15,11.79,0.01,37,43623,买盘
1492,13:33:12,11.78,-0.01,46,54188,卖盘
1493,13:33:06,11.79,--,43,50696,买盘
1494,13:33:03,11.79,--,23,27116,卖盘
1495,13:32:57,11.79,-0.01,9,10611,卖盘
1496,13:32:51,11.8,0.01,55,64900,买盘
1497,13:32:48,11.79,--,55,64844,卖盘
1498,13:32:45,11.79,--,1,1179,卖盘
1499,13:32:42,11.79,--,1,1179,卖盘
1500,13:32:39,11.79,--,50,58949,买盘
1501,13:32:36,11.79,0.01,46,54233,买盘
1502,13:32:30,11.78,-0.02,14,16762,卖盘
1503,13:32:21,11.8,0.01,52,61360,买盘
1504,13:32:18,11.79,0.01,31,36549,买盘
1505,13:32:15,11.78,-0.01,28,32984,卖盘
1506,13:32:12,11.79,--,87,102572,买盘
1507,13:32:06,11.79,0.01,57,67203,买盘
1508,13:32:03,11.78,--,11,12958,卖盘
1509,13:32:00,11.78,--,143,168454,卖盘
1510,13:31:57,11.78,--,14,16492,卖盘
1511,13:31:54,11.78,-0.01,3,3534,卖盘
1512,13:31:51,11.79,--,48,56591,买盘
1513,13:31:48,11.79,0.01,6,7073,买盘
1514,13:31:45,11.78,-0.01,12,14136,卖盘
1515,13:31:36,11.79,0.01,56,66024,买盘
1516,13:31:33,11.78,--,15,17670,卖盘
1517,13:31:30,11.78,--,0,270,卖盘
1518,13:31:24,11.78,--,124,146072,卖盘
1519,13:31:21,11.78,--,57,67146,卖盘
1520,13:31:18,11.78,-0.01,1,1178,中性盘
1521,13:31:15,11.79,0.02,4,4716,买盘
1522,13:31:12,11.77,-0.01,142,167134,卖盘
1523,13:31:09,11.78,--,21,24738,卖盘
1524,13:31:06,11.78,--,17,20285,买盘
1525,13:31:03,11.78,--,3,3534,买盘
1526,13:31:00,11.78,--,21,24738,买盘
1527,13:30:57,11.78,--,19,23300,卖盘
1528,13:30:51,11.78,--,51,60078,卖盘
1529,13:30:48,11.78,--,12,14136,卖盘
1530,13:30:45,11.78,--,2,2356,卖盘
1531,13:30:39,11.78,--,29,34162,卖盘
1532,13:30:36,11.78,0.01,3,3793,买盘
1533,13:30:33,11.77,-0.01,1,1177,卖盘
1534,13:30:30,11.78,-0.01,20,23560,卖盘
1535,13:30:27,11.79,--,13,15326,买盘
1536,13:30:21,11.79,0.01,71,83709,买盘
1537,13:30:18,11.78,0.01,8,9424,买盘
1538,13:30:15,11.77,--,16,18832,卖盘
1539,13:30:12,11.77,--,28,32956,卖盘
1540,13:30:09,11.77,-0.02,1,1177,卖盘
1541,13:30:06,11.79,--,77,90783,买盘
1542,13:29:57,11.79,0.02,2,2358,买盘
1543,13:29:54,11.77,-0.01,11,12947,卖盘
1544,13:29:51,11.78,--,34,41147,买盘
1545,13:29:48,11.78,--,33,38956,卖盘
1546,13:29:42,11.78,--,18,21204,卖盘
1547,13:29:39,11.78,--,1,1178,卖盘
1548,13:29:36,11.78,--,13,16409,买盘
1549,13:29:33,11.78,0.01,31,36518,买盘
1550,13:29:30,11.77,--,0,270,卖盘
1551,13:29:27,11.77,-0.01,100,117700,卖盘
1552,13:29:21,11.78,--,145,170810,买盘
1553,13:29:18,11.78,--,314,369974,卖盘
1554,13:29:15,11.78,--,40,47120,卖盘
1555,13:29:12,11.78,--,30,35340,卖盘
1556,13:29:09,11.78,-0.01,21,24738,卖盘
1557,13:29:06,11.79,0.01,53,62486,买盘
1558,13:29:03,11.78,--,3,3534,卖盘
1559,13:29:00,11.78,-0.01,11,12958,卖盘
1560,13:28:54,11.79,0.01,2,2358,买盘
1561,13:28:51,11.78,--,48,56544,卖盘
1562,13:28:48,11.78,-0.01,45,53010,卖盘
1563,13:28:45,11.79,-0.01,47,55412,中性盘
1564,13:28:39,11.8,0.01,98,115640,买盘
1565,13:28:36,11.79,0.01,45,53054,买盘
1566,13:28:30,11.78,--,36,42678,卖盘
1567,13:28:27,11.78,-0.01,12,14136,卖盘
1568,13:28:24,11.79,--,2,2358,买盘
1569,13:28:21,11.79,0.01,64,75456,买盘
1570,13:28:18,11.78,--,32,37696,卖盘
1571,13:28:15,11.78,--,16,18848,卖盘
1572,13:28:12,11.78,--,29,34162,卖盘
1573,13:28:09,11.78,-0.02,58,68324,卖盘
1574,13:28:06,11.8,0.01,117,138060,买盘
1575,13:28:00,11.79,--,1,1179,卖盘
1576,13:27:57,11.79,-0.01,6,7073,卖盘
1577,13:27:54,11.8,0.01,13,15340,买盘
1578,13:27:51,11.79,0.01,739,871280,买盘
1579,13:27:48,11.78,--,35,41230,卖盘
1580,13:27:42,11.78,-0.01,12,14136,卖盘
1581,13:27:39,11.79,--,39,46794,买盘
1582,13:27:36,11.79,--,87,102572,买盘
1583,13:27:33,11.79,--,52,61307,买盘
1584,13:27:30,11.79,--,8,9432,卖盘
1585,13:27:24,11.79,--,33,38907,卖盘
1586,13:27:21,11.79,0.01,15,17685,中性盘
1587,13:27:18,11.78,--,36,42408,卖盘
1588,13:27:15,11.78,--,21,24738,卖盘
1589,13:27:12,11.78,-0.01,33,38874,卖盘
1590,13:27:09,11.79,-0.01,34,40086,卖盘
1591,13:27:06,11.8,0.01,45,53100,买盘
1592,13:27:00,11.79,--,33,38907,买盘
1593,13:26:57,11.79,--,19,22401,买盘
1594,13:26:54,11.79,--,2,2358,买盘
1595,13:26:51,11.79,0.01,190,224009,买盘
1596,13:26:48,11.78,--,42,49476,卖盘
1597,13:26:45,11.78,--,6,7068,卖盘
1598,13:26:42,11.78,--,20,23560,卖盘
1599,13:26:39,11.78,-0.02,14,16492,卖盘
1600,13:26:36,11.8,0.01,68,80240,买盘
1601,13:26:30,11.79,--,10,12061,卖盘
1602,13:26:27,11.79,-0.01,12,14147,卖盘
1603,13:26:24,11.8,--,2,2360,买盘
1604,13:26:21,11.8,0.02,1,1180,买盘
1605,13:26:18,11.78,--,43,50654,卖盘
1606,13:26:15,11.78,--,16,18848,卖盘
1607,13:26:12,11.78,-0.01,116,136648,卖盘
1608,13:26:09,11.79,--,2,2358,卖盘
1609,13:26:06,11.79,0.01,2,2358,买盘
1610,13:26:03,11.78,-0.01,11,12958,卖盘
1611,13:25:57,11.79,0.01,2,2358,买盘
1612,13:25:54,11.78,-0.01,11,12958,卖盘
1613,13:25:51,11.79,0.01,34,40086,中性盘
1614,13:25:48,11.78,-0.01,6,7068,卖盘
1615,13:25:42,11.79,--,31,36549,买盘
1616,13:25:39,11.79,--,38,45709,卖盘
1617,13:25:36,11.79,--,72,84888,卖盘
1618,13:25:33,11.79,--,25,29746,卖盘
1619,13:25:30,11.79,--,14,16506,卖盘
1620,13:25:24,11.79,-0.01,12,14147,卖盘
1621,13:25:21,11.8,0.02,14,16520,买盘
1622,13:25:18,11.78,--,45,53010,卖盘
1623,13:25:15,11.78,-0.01,20,23560,卖盘
1624,13:25:12,11.79,--,74,88153,卖盘
1625,13:25:09,11.79,-0.01,2,2358,卖盘
1626,13:25:06,11.8,0.01,75,88500,买盘
1627,13:25:03,11.79,--,10,11790,卖盘
1628,13:24:57,11.79,--,3,3536,卖盘
1629,13:24:51,11.79,--,38,45073,买盘
1630,13:24:48,11.79,--,25,30382,卖盘
1631,13:24:45,11.79,0.01,12,14419,买盘
1632,13:24:42,11.78,-0.02,229,270669,卖盘
1633,13:24:36,11.8,--,45,53100,买盘
1634,13:24:33,11.8,0.01,178,210040,买盘
1635,13:24:30,11.79,--,24,28295,卖盘
1636,13:24:27,11.79,-0.01,5,6166,卖盘
1637,13:24:24,11.8,0.01,2,2360,买盘
1638,13:24:21,11.79,--,105,123794,卖盘
1639,13:24:18,11.79,--,10,11790,卖盘
1640,13:24:15,11.79,-0.01,20,23580,卖盘
1641,13:24:12,11.8,0.01,76,89680,买盘
1642,13:24:09,11.79,-0.01,210,247589,卖盘
1643,13:24:06,11.8,0.02,89,105020,买盘
1644,13:24:00,11.78,-0.01,49,57722,卖盘
1645,13:23:57,11.79,-0.01,9,10611,卖盘
1646,13:23:54,11.8,--,4,4720,买盘
1647,13:23:51,11.8,0.01,48,56640,买盘
1648,13:23:48,11.79,--,1,1179,卖盘
1649,13:23:45,11.79,--,26,30653,卖盘
1650,13:23:42,11.79,--,464,547704,买盘
1651,13:23:39,11.79,--,10,11790,买盘
1652,13:23:36,11.79,-0.01,533,628937,卖盘
1653,13:23:27,11.8,-0.01,2,2619,中性盘
1654,13:23:24,11.81,--,9,10629,买盘
1655,13:23:21,11.81,0.01,74,87394,买盘
1656,13:23:18,11.8,-0.01,3,3540,中性盘
1657,13:23:15,11.81,0.02,4,4724,买盘
1658,13:23:12,11.79,-0.02,46,54233,卖盘
1659,13:23:09,11.81,--,8,9448,买盘
1660,13:23:06,11.81,0.01,78,92118,买盘
1661,13:23:03,11.8,0.01,449,529820,买盘
1662,13:23:00,11.79,--,13,15326,卖盘
1663,13:22:57,11.79,-0.01,16,18864,卖盘
1664,13:22:54,11.8,--,12,14160,买盘
1665,13:22:51,11.8,--,69,81420,买盘
1666,13:22:45,11.8,0.02,39,46409,买盘
1667,13:22:42,11.78,--,20,23560,卖盘
1668,13:22:39,11.78,-0.02,33,39663,卖盘
1669,13:22:36,11.8,0.01,54,63720,买盘
1670,13:22:33,11.79,--,185,218504,买盘
1671,13:22:30,11.79,--,21,24759,买盘
1672,13:22:27,11.79,--,52,61307,买盘
1673,13:22:24,11.79,--,63,74277,买盘
1674,13:22:21,11.79,0.01,70,82530,买盘
1675,13:22:18,11.78,-0.01,10,11780,卖盘
1676,13:22:15,11.79,0.01,4,4716,买盘
1677,13:22:12,11.78,-0.01,44,51832,卖盘
1678,13:22:09,11.79,--,9,10611,买盘
1679,13:22:06,11.79,-0.01,390,460871,卖盘
1680,13:22:03,11.8,--,3,3540,买盘
1681,13:22:00,11.8,0.01,20,23600,买盘
1682,13:21:57,11.79,-0.01,31,36549,卖盘
1683,13:21:54,11.8,--,2,2360,买盘
1684,13:21:51,11.8,0.01,69,81420,买盘
1685,13:21:48,11.79,-0.01,1,1179,卖盘
1686,13:21:45,11.8,0.01,34,40120,买盘
1687,13:21:39,11.79,--,10,11790,卖盘
1688,13:21:36,11.79,0.01,225,265392,买盘
1689,13:21:33,11.78,--,8,9694,卖盘
1690,13:21:30,11.78,--,1,1178,卖盘
1691,13:21:24,11.78,-0.01,36,42408,卖盘
1692,13:21:21,11.79,0.01,48,56591,买盘
1693,13:21:18,11.78,--,8,9424,卖盘
1694,13:21:15,11.78,-0.01,43,50654,卖盘
1695,13:21:12,11.79,0.01,103,121436,买盘
1696,13:21:06,11.78,--,72,84816,卖盘
1697,13:21:03,11.78,--,15,17670,卖盘
1698,13:21:00,11.78,--,11,12958,卖盘
1699,13:20:57,11.78,-0.01,71,83638,卖盘
1700,13:20:54,11.79,--,24,28295,买盘
1701,13:20:51,11.79,0.01,68,80172,买盘
1702,13:20:48,11.78,--,7,8246,卖盘
1703,13:20:45,11.78,--,3,3534,卖盘
1704,13:20:42,11.78,-0.01,14,16492,卖盘
1705,13:20:39,11.79,--,453,534087,买盘
1706,13:20:36,11.79,0.02,63,74277,买盘
1707,13:20:33,11.77,--,61,71797,卖盘
1708,13:20:27,11.77,-0.01,168,198006,卖盘
1709,13:20:24,11.78,--,2,2356,买盘
1710,13:20:21,11.78,0.01,2,2356,买盘
1711,13:20:18,11.77,-0.01,10,11770,卖盘
1712,13:20:15,11.78,0.01,4,4712,买盘
1713,13:20:12,11.77,-0.01,30,35310,卖盘
1714,13:20:09,11.78,--,7,8246,买盘
1715,13:20:06,11.78,--,31,36518,买盘
1716,13:20:03,11.78,--,706,831997,卖盘
1717,13:20:00,11.78,--,6,7068,卖盘
1718,13:19:57,11.78,--,2,2356,卖盘
1719,13:19:54,11.78,--,129,151962,卖盘
1720,13:19:51,11.78,--,36,42408,卖盘
1721,13:19:48,11.78,-0.01,20,23560,卖盘
1722,13:19:45,11.79,--,10,11790,买盘
1723,13:19:42,11.79,--,10,11790,买盘
1724,13:19:36,11.79,--,4,4716,买盘
1725,13:19:33,11.79,0.01,17,20043,买盘
1726,13:19:30,11.78,-0.01,0,259,卖盘
1727,13:19:27,11.79,0.01,35,41265,买盘
1728,13:19:24,11.78,--,1,1178,卖盘
1729,13:19:21,11.78,--,19,22382,卖盘
1730,13:19:18,11.78,--,100,117800,卖盘
1731,13:19:15,11.78,--,149,176111,买盘
1732,13:19:12,11.78,0.01,47,55366,买盘
1733,13:19:06,11.77,--,3,3531,卖盘
1734,13:19:03,11.77,-0.01,10,11770,卖盘
1735,13:19:00,11.78,0.01,403,474734,买盘
1736,13:18:57,11.77,--,17,20009,卖盘
1737,13:18:54,11.77,--,141,165957,卖盘
1738,13:18:51,11.77,--,1,1177,卖盘
1739,13:18:48,11.77,-0.01,105,123585,卖盘
1740,13:18:45,11.78,0.01,26,30628,买盘
1741,13:18:42,11.77,--,5,5885,卖盘
1742,13:18:39,11.77,-0.01,8,9416,卖盘
1743,13:18:36,11.78,-0.01,120,141949,卖盘
1744,13:18:33,11.79,--,24,28295,买盘
1745,13:18:30,11.79,0.01,22,26209,买盘
1746,13:18:27,11.78,-0.01,69,81282,卖盘
1747,13:18:21,11.79,0.01,30,35370,买盘
1748,13:18:18,11.78,--,33,38874,卖盘
1749,13:18:15,11.78,--,93,109554,卖盘
1750,13:18:12,11.78,--,43,50654,卖盘
1751,13:18:09,11.78,-0.01,13,15314,卖盘
1752,13:18:06,11.79,0.01,10,11790,买盘
1753,13:18:03,11.78,-0.01,71,83638,卖盘
1754,13:18:00,11.79,--,5,5895,买盘
1755,13:17:54,11.79,0.01,16,18864,买盘
1756,13:17:51,11.78,--,7,8246,卖盘
1757,13:17:48,11.78,--,112,131936,卖盘
1758,13:17:45,11.78,-0.01,7,8246,卖盘
1759,13:17:42,11.79,0.01,16,18864,买盘
1760,13:17:36,11.78,-0.01,18,21204,卖盘
1761,13:17:33,11.79,0.01,13,15326,买盘
1762,13:17:30,11.78,-0.01,22,26917,卖盘
1763,13:17:27,11.79,--,30,35370,卖盘
1764,13:17:24,11.79,--,11,12968,卖盘
1765,13:17:21,11.79,--,7,8253,卖盘
1766,13:17:18,11.79,--,44,51875,卖盘
1767,13:17:15,11.79,--,6,7073,卖盘
1768,13:17:12,11.79,--,53,62486,卖盘
1769,13:17:09,11.79,--,30,35370,卖盘
1770,13:17:06,11.79,-0.01,4,4716,卖盘
1771,13:17:03,11.8,0.01,2,2360,买盘
1772,13:17:00,11.79,--,4,4716,卖盘
1773,13:16:57,11.79,-0.01,14,16506,卖盘
1774,13:16:54,11.8,--,1,1180,买盘
1775,13:16:51,11.8,0.01,54,63720,买盘
1776,13:16:48,11.79,--,43,50696,卖盘
1777,13:16:45,11.79,-0.01,50,58949,卖盘
1778,13:16:42,11.8,0.01,1,1180,买盘
1779,13:16:39,11.79,--,14,16506,卖盘
1780,13:16:36,11.79,--,42,49518,卖盘
1781,13:16:33,11.79,-0.01,22,25937,卖盘
1782,13:16:30,11.8,0.01,8,9440,买盘
1783,13:16:24,11.79,--,17,20314,卖盘
1784,13:16:18,11.79,--,33,38907,卖盘
1785,13:16:15,11.79,--,12,14147,卖盘
1786,13:16:12,11.79,-0.01,26,30653,卖盘
1787,13:16:09,11.8,0.01,30,35400,中性盘
1788,13:16:06,11.79,--,33,38907,卖盘
1789,13:16:03,11.79,--,9,10611,卖盘
1790,13:15:57,11.79,-0.02,8,9432,卖盘
1791,13:15:54,11.81,0.02,1,1181,买盘
1792,13:15:51,11.79,-0.01,121,142659,卖盘
1793,13:15:48,11.8,0.01,38,44840,买盘
1794,13:15:45,11.79,--,33,38907,卖盘
1795,13:15:42,11.79,-0.01,9,10611,卖盘
1796,13:15:36,11.8,--,41,48403,卖盘
1797,13:15:33,11.8,--,32,37760,卖盘
1798,13:15:30,11.8,--,12,14160,卖盘
1799,13:15:27,11.8,--,10,12059,卖盘
1800,13:15:24,11.8,--,1,1180,卖盘
1801,13:15:21,11.8,--,3,3540,卖盘
1802,13:15:18,11.8,--,16,18880,卖盘
1803,13:15:15,11.8,--,54,63720,卖盘
1804,13:15:12,11.8,--,33,38940,卖盘
1805,13:15:09,11.8,--,17,20060,卖盘
1806,13:15:06,11.8,--,21,24780,卖盘
1807,13:15:03,11.8,-0.01,33,38940,卖盘
1808,13:15:00,11.81,0.01,4,4724,买盘
1809,13:14:57,11.8,-0.01,21,24780,卖盘
1810,13:14:54,11.81,0.01,1,1181,买盘
1811,13:14:51,11.8,-0.01,1,1180,卖盘
1812,13:14:48,11.81,0.01,11,12991,买盘
1813,13:14:45,11.8,-0.01,44,51920,卖盘
1814,13:14:42,11.81,0.01,1,1181,买盘
1815,13:14:36,11.8,-0.01,41,48380,卖盘
1816,13:14:33,11.81,0.01,3,3543,买盘
1817,13:14:30,11.8,--,0,271,卖盘
1818,13:14:27,11.8,--,1,1180,卖盘
1819,13:14:24,11.8,--,9,10620,卖盘
1820,13:14:21,11.8,-0.01,21,24780,卖盘
1821,13:14:18,11.81,--,36,42516,买盘
1822,13:14:15,11.81,0.01,1,1181,买盘
1823,13:14:12,11.8,--,33,38940,卖盘
1824,13:14:09,11.8,--,5,5900,卖盘
1825,13:14:06,11.8,-0.01,51,60180,卖盘
1826,13:14:03,11.81,--,13,15353,卖盘
1827,13:14:00,11.81,-0.01,1,1181,中性盘
1828,13:13:57,11.82,0.01,423,499986,买盘
1829,13:13:54,11.81,0.01,13,15353,买盘
1830,13:13:51,11.8,--,19,22420,卖盘
1831,13:13:48,11.8,--,10,11800,卖盘
1832,13:13:45,11.8,--,40,47200,卖盘
1833,13:13:42,11.8,--,130,153400,卖盘
1834,13:13:39,11.8,--,26,30680,卖盘
1835,13:13:36,11.8,--,2,2360,卖盘
1836,13:13:33,11.8,--,32,37760,卖盘
1837,13:13:30,11.8,-0.01,15,17700,卖盘
1838,13:13:27,11.81,0.01,36,42516,买盘
1839,13:13:24,11.8,--,0,271,卖盘
1840,13:13:21,11.8,--,1,1180,卖盘
1841,13:13:18,11.8,-0.01,12,14160,卖盘
1842,13:13:15,11.81,--,1,1181,买盘
1843,13:13:12,11.81,0.01,49,57869,买盘
1844,13:13:06,11.8,-0.01,38,45217,卖盘
1845,13:13:03,11.81,--,10,11810,卖盘
1846,13:13:00,11.81,--,3,3543,卖盘
1847,13:12:57,11.81,-0.01,11,12991,卖盘
1848,13:12:54,11.82,0.01,4,4728,买盘
1849,13:12:51,11.81,--,6,7086,卖盘
1850,13:12:45,11.81,--,156,184236,卖盘
1851,13:12:42,11.81,--,6,7086,卖盘
1852,13:12:36,11.81,-0.01,49,57869,卖盘
1853,13:12:33,11.82,0.01,34,40188,买盘
1854,13:12:30,11.81,--,6,7086,卖盘
1855,13:12:27,11.81,--,7,8267,卖盘
1856,13:12:24,11.81,--,7,8526,卖盘
1857,13:12:18,11.81,-0.01,11,12991,卖盘
1858,13:12:15,11.82,0.01,1,1182,买盘
1859,13:12:12,11.81,--,42,49602,卖盘
1860,13:12:09,11.81,--,2,2362,卖盘
1861,13:12:06,11.81,-0.01,33,38973,卖盘
1862,13:12:03,11.82,0.01,5,5910,买盘
1863,13:12:00,11.81,-0.01,8,9448,卖盘
1864,13:11:57,11.82,--,7,8274,买盘
1865,13:11:54,11.82,--,5,5910,买盘
1866,13:11:51,11.82,0.01,18,21276,中性盘
1867,13:11:39,11.81,-0.01,9,10629,卖盘
1868,13:11:36,11.82,0.01,98,115836,中性盘
1869,13:11:27,11.81,-0.01,18,21258,卖盘
1870,13:11:24,11.82,--,30,35731,卖盘
1871,13:11:18,11.82,-0.01,14,16548,卖盘
1872,13:11:15,11.83,0.02,4,4732,买盘
1873,13:11:12,11.81,-0.01,35,41335,卖盘
1874,13:11:09,11.82,0.01,99,117018,买盘
1875,13:11:06,11.81,--,11,12991,卖盘
1876,13:11:03,11.81,--,1,1181,卖盘
1877,13:10:57,11.81,-0.01,10,11810,卖盘
1878,13:10:54,11.82,0.01,21,24822,买盘
1879,13:10:51,11.81,--,1,1181,卖盘
1880,13:10:42,11.81,--,11,12991,卖盘
1881,13:10:39,11.81,--,17,20077,卖盘
1882,13:10:36,11.81,--,4,4724,卖盘
1883,13:10:33,11.81,--,10,11810,卖盘
1884,13:10:24,11.81,--,0,271,卖盘
1885,13:10:21,11.81,-0.01,7,8267,卖盘
1886,13:10:18,11.82,0.01,31,36642,买盘
1887,13:10:15,11.81,--,15,17715,卖盘
1888,13:10:12,11.81,--,40,47240,卖盘
1889,13:10:09,11.81,-0.01,20,23620,卖盘
1890,13:10:06,11.82,0.01,2,2364,买盘
1891,13:10:00,11.81,-0.01,8,9448,卖盘
1892,13:09:54,11.82,0.01,10,11820,买盘
1893,13:09:51,11.81,--,1,1181,卖盘
1894,13:09:48,11.81,--,13,15353,卖盘
1895,13:09:45,11.81,--,11,12991,买盘
1896,13:09:42,11.81,0.01,1,1181,买盘
1897,13:09:39,11.8,--,8,9440,卖盘
1898,13:09:33,11.8,-0.02,19,22420,卖盘
1899,13:09:30,11.82,-0.01,3,3546,卖盘
1900,13:09:27,11.83,0.01,29,34579,买盘
1901,13:09:24,11.82,0.02,276,326232,买盘
1902,13:09:21,11.8,-0.02,1,1180,卖盘
1903,13:09:18,11.82,0.02,1,1182,买盘
1904,13:09:15,11.8,-0.01,12,14160,卖盘
1905,13:09:12,11.81,--,32,37792,卖盘
1906,13:09:09,11.81,-0.01,17,20077,卖盘
1907,13:09:06,11.82,0.01,14,16548,买盘
1908,13:08:57,11.81,--,1,1181,卖盘
1909,13:08:54,11.81,-0.01,9,10629,卖盘
1910,13:08:51,11.82,--,41,48462,买盘
1911,13:08:48,11.82,--,26,30732,买盘
1912,13:08:45,11.82,0.01,18,21276,买盘
1913,13:08:42,11.81,--,15,17715,卖盘
1914,13:08:39,11.81,--,50,59050,卖盘
1915,13:08:36,11.81,-0.01,6,7086,卖盘
1916,13:08:33,11.82,0.01,252,297864,买盘
1917,13:08:30,11.81,--,1,1181,卖盘
1918,13:08:24,11.81,--,50,59050,卖盘
1919,13:08:21,11.81,-0.01,10,12069,卖盘
1920,13:08:18,11.82,0.01,9,10638,买盘
1921,13:08:15,11.81,--,2,2362,卖盘
1922,13:08:12,11.81,--,31,36611,卖盘
1923,13:08:09,11.81,--,16,18896,卖盘
1924,13:08:06,11.81,-0.01,18,21258,卖盘
1925,13:08:03,11.82,0.01,5,5910,买盘
1926,13:08:00,11.81,--,8,9448,卖盘
1927,13:07:54,11.81,--,57,67317,卖盘
1928,13:07:51,11.81,--,1,1181,卖盘
1929,13:07:48,11.81,--,11,12991,卖盘
1930,13:07:45,11.81,--,1,1181,卖盘
1931,13:07:39,11.81,--,8,9448,卖盘
1932,13:07:36,11.81,-0.01,30,35430,卖盘
1933,13:07:33,11.82,0.01,60,70920,买盘
1934,13:07:30,11.81,--,28,33068,卖盘
1935,13:07:27,11.81,-0.01,9,10900,卖盘
1936,13:07:24,11.82,--,1,1182,买盘
1937,13:07:18,11.82,0.01,6,7092,买盘
1938,13:07:15,11.81,--,16,18896,卖盘
1939,13:07:12,11.81,0.01,153,180693,买盘
1940,13:07:09,11.8,--,3,3540,卖盘
1941,13:07:06,11.8,--,60,70800,卖盘
1942,13:07:03,11.8,--,41,48380,卖盘
1943,13:06:57,11.8,--,46,54280,卖盘
1944,13:06:54,11.8,--,8,9440,卖盘
1945,13:06:51,11.8,--,30,35636,卖盘
1946,13:06:48,11.8,--,1,1180,卖盘
1947,13:06:45,11.8,-0.01,2,2360,卖盘
1948,13:06:42,11.81,0.01,10,11810,买盘
1949,13:06:33,11.8,--,77,90860,卖盘
1950,13:06:30,11.8,--,15,17700,卖盘
1951,13:06:27,11.8,-0.01,0,271,卖盘
1952,13:06:21,11.81,0.01,23,27163,买盘
1953,13:06:18,11.8,-0.01,61,71980,卖盘
1954,13:06:15,11.81,0.01,6,7086,买盘
1955,13:06:12,11.8,--,29,34220,卖盘
1956,13:06:09,11.8,--,280,330400,卖盘
1957,13:06:06,11.8,--,16,18880,卖盘
1958,13:06:03,11.8,--,61,71980,卖盘
1959,13:06:00,11.8,--,8,9440,卖盘
1960,13:05:57,11.8,-0.01,10,11800,卖盘
1961,13:05:54,11.81,--,191,226480,卖盘
1962,13:05:51,11.81,--,11,12991,卖盘
1963,13:05:48,11.81,--,7,8267,卖盘
1964,13:05:45,11.81,0.01,53,62864,买盘
1965,13:05:36,11.8,-0.01,8,9440,卖盘
1966,13:05:33,11.81,--,7,8267,买盘
1967,13:05:30,11.81,--,26,31615,卖盘
1968,13:05:27,11.81,--,0,271,卖盘
1969,13:05:24,11.81,-0.01,8,9448,卖盘
1970,13:05:18,11.82,--,7,8274,买盘
1971,13:05:15,11.82,0.01,13,15366,买盘
1972,13:05:12,11.81,-0.01,27,31887,卖盘
1973,13:05:09,11.82,--,50,59100,卖盘
1974,13:05:06,11.82,--,33,39006,卖盘
1975,13:05:03,11.82,--,41,48462,卖盘
1976,13:04:57,11.82,--,5,5910,卖盘
1977,13:04:51,11.82,--,8,9456,卖盘
1978,13:04:48,11.82,0.02,40,47280,买盘
1979,13:04:45,11.8,-0.02,16,18880,卖盘
1980,13:04:42,11.82,0.02,1,1182,买盘
1981,13:04:39,11.8,--,8,9440,卖盘
1982,13:04:36,11.8,-0.02,33,38940,卖盘
1983,13:04:33,11.82,0.02,45,53190,中性盘
1984,13:04:30,11.8,-0.03,9,10620,卖盘
1985,13:04:27,11.83,0.03,8,9464,买盘
1986,13:04:24,11.8,-0.01,0,259,卖盘
1987,13:04:18,11.81,-0.02,9,10629,卖盘
1988,13:04:15,11.83,0.03,61,72163,买盘
1989,13:04:12,11.8,--,28,33040,卖盘
1990,13:04:09,11.8,--,18,21240,卖盘
1991,13:04:06,11.8,--,17,20060,卖盘
1992,13:04:03,11.8,--,90,106200,卖盘
1993,13:04:00,11.8,-0.01,32,37760,卖盘
1994,13:03:57,11.81,0.01,111,131091,买盘
1995,13:03:54,11.8,-0.01,19,22420,卖盘
1996,13:03:51,11.81,--,35,41335,买盘
1997,13:03:48,11.81,0.01,5,5905,买盘
1998,13:03:45,11.8,--,16,18880,卖盘
1999,13:03:42,11.8,-0.01,18,21240,卖盘
2000,13:03:39,11.81,--,10,11810,买盘
2001,13:03:36,11.81,0.01,20,23620,买盘
2002,13:03:33,11.8,-0.02,19,23010,卖盘
2003,13:03:30,11.82,0.01,87,102834,买盘
2004,13:03:27,11.81,--,0,271,卖盘
2005,13:03:24,11.81,-0.01,77,90937,卖盘
2006,13:03:21,11.82,--,10,11820,卖盘
2007,13:03:18,11.82,--,4,5047,买盘
2008,13:03:15,11.82,0.01,3,3546,买盘
2009,13:03:12,11.81,--,42,49602,买盘
2010,13:03:09,11.81,--,22,25982,买盘
2011,13:03:06,11.81,--,8,10310,卖盘
2012,13:03:00,11.81,-0.01,68,80626,卖盘
2013,13:02:57,11.82,0.01,1,1182,买盘
2014,13:02:51,11.81,-0.01,19,22439,卖盘
2015,13:02:48,11.82,-0.01,13,16228,卖盘
2016,13:02:45,11.83,0.01,48,56784,买盘
2017,13:02:42,11.82,0.02,61,72421,买盘
2018,13:02:39,11.8,-0.01,59,69620,卖盘
2019,13:02:36,11.81,--,513,605853,卖盘
2020,13:02:33,11.81,0.01,34,40154,中性盘
2021,13:02:27,11.8,-0.02,8,9440,卖盘
2022,13:02:21,11.82,0.02,4,4728,中性盘
2023,13:02:18,11.8,-0.01,42,49560,卖盘
2024,13:02:15,11.81,-0.01,257,303517,卖盘
2025,13:02:12,11.82,--,36,42552,卖盘
2026,13:02:09,11.82,--,24,28368,卖盘
2027,13:02:06,11.82,--,31,36642,卖盘
2028,13:02:03,11.82,--,64,75648,卖盘
2029,13:02:00,11.82,--,1,1182,卖盘
2030,13:01:57,11.82,--,1,1182,卖盘
2031,13:01:54,11.82,--,29,34278,卖盘
2032,13:01:48,11.82,--,100,118200,卖盘
2033,13:01:45,11.82,--,26,30732,卖盘
2034,13:01:42,11.82,-0.01,12,14184,卖盘
2035,13:01:39,11.83,--,1,1183,买盘
2036,13:01:36,11.83,--,84,99372,卖盘
2037,13:01:33,11.83,--,43,50869,卖盘
2038,13:01:30,11.83,--,196,231868,卖盘
2039,13:01:27,11.83,--,68,80444,卖盘
2040,13:01:24,11.83,--,2,2366,卖盘
2041,13:01:21,11.83,--,8,9464,卖盘
2042,13:01:18,11.83,--,3,3549,卖盘
2043,13:01:15,11.83,0.01,24,28392,中性盘
2044,13:01:12,11.82,--,38,44916,卖盘
2045,13:01:09,11.82,--,2,2364,卖盘
2046,13:01:03,11.82,-0.01,49,57918,卖盘
2047,13:01:00,11.83,--,114,134862,买盘
2048,13:00:57,11.83,--,7,8281,买盘
2049,13:00:54,11.83,0.01,12,14196,买盘
2050,13:00:51,11.82,--,18,21276,卖盘
2051,13:00:48,11.82,-0.01,24,28368,卖盘
2052,13:00:42,11.83,0.01,3,3549,买盘
2053,13:00:39,11.82,-0.01,8,9775,卖盘
2054,13:00:36,11.83,0.01,6,7098,买盘
2055,13:00:33,11.82,-0.01,35,41370,卖盘
2056,13:00:30,11.83,0.01,8,9464,买盘
2057,13:00:27,11.82,-0.01,10,11820,卖盘
2058,13:00:21,11.83,0.01,16,18928,买盘
2059,13:00:18,11.82,-0.01,8,9456,卖盘
2060,13:00:12,11.83,0.01,6,7098,买盘
2061,13:00:09,11.82,--,132,156024,卖盘
2062,13:00:06,11.82,0.01,57,67374,卖盘
2063,13:00:03,11.81,-0.01,2715,3206639,卖盘
2064,13:00:00,11.82,0.01,1,1182,买盘
2065,11:30:00,11.81,--,0,0,卖盘
2066,11:29:57,11.81,--,4,4724,卖盘
2067,11:29:54,11.81,--,9,10629,卖盘
2068,11:29:51,11.81,-0.01,3,3543,卖盘
2069,11:29:45,11.82,0.01,32,37824,买盘
2070,11:29:42,11.81,--,15,17715,卖盘
2071,11:29:39,11.81,--,0,318,卖盘
2072,11:29:36,11.81,--,10,11810,卖盘
2073,11:29:33,11.81,--,39,46059,卖盘
2074,11:29:30,11.81,--,12,14172,卖盘
2075,11:29:27,11.81,--,11,12991,卖盘
2076,11:29:24,11.81,--,3,3543,卖盘
2077,11:29:21,11.81,-0.01,7,8267,卖盘
2078,11:29:18,11.82,0.01,15,17730,买盘
2079,11:29:12,11.81,--,41,48421,卖盘
2080,11:29:09,11.81,--,211,249191,卖盘
2081,11:29:06,11.81,--,19,22439,卖盘
2082,11:29:03,11.81,--,21,24801,卖盘
2083,11:29:00,11.81,--,13,15353,卖盘
2084,11:28:48,11.81,--,8,9448,卖盘
2085,11:28:42,11.81,--,12,14172,卖盘
2086,11:28:39,11.81,-0.01,148,175106,卖盘
2087,11:28:36,11.82,0.01,19,22458,买盘
2088,11:28:30,11.81,-0.01,1,1181,卖盘
2089,11:28:27,11.82,0.01,68,80376,买盘
2090,11:28:24,11.81,-0.01,19,22439,卖盘
2091,11:28:21,11.82,--,7,8274,买盘
2092,11:28:18,11.82,0.01,10,11820,买盘
2093,11:28:15,11.81,--,21,24801,卖盘
2094,11:28:12,11.81,-0.01,25,29525,卖盘
2095,11:28:09,11.82,--,10,11820,买盘
2096,11:28:06,11.82,0.01,11,13002,买盘
2097,11:28:03,11.81,0.01,139,164477,买盘
2098,11:28:00,11.8,--,35,41300,卖盘
2099,11:27:57,11.8,--,28,33040,卖盘
2100,11:27:54,11.8,-0.01,21,24780,卖盘
2101,11:27:51,11.81,--,1,1181,买盘
2102,11:27:48,11.81,--,16,18896,买盘
2103,11:27:42,11.81,--,28,33386,买盘
2104,11:27:33,11.81,0.01,12,14172,买盘
2105,11:27:30,11.8,-0.01,7,8260,卖盘
2106,11:27:24,11.81,0.01,29,34249,买盘
2107,11:27:21,11.8,-0.01,12,14160,卖盘
2108,11:27:18,11.81,-0.01,115,136677,卖盘
2109,11:27:15,11.82,0.01,4,4728,买盘
2110,11:27:12,11.81,--,31,36611,卖盘
2111,11:27:09,11.81,-0.01,10,11810,卖盘
2112,11:27:06,11.82,--,2,2364,买盘
2113,11:27:03,11.82,0.01,9,10638,买盘
2114,11:27:00,11.81,--,2,2362,卖盘
2115,11:26:57,11.81,--,14,16534,卖盘
2116,11:26:54,11.81,--,1,1181,卖盘
2117,11:26:48,11.81,--,8,9448,卖盘
2118,11:26:45,11.81,--,2,2362,卖盘
2119,11:26:42,11.81,--,10,12128,卖盘
2120,11:26:36,11.81,--,17,20077,卖盘
2121,11:26:30,11.81,--,62,73222,卖盘
2122,11:26:24,11.81,--,8,9448,卖盘
2123,11:26:21,11.81,-0.01,11,12991,卖盘
2124,11:26:15,11.82,0.01,26,30732,买盘
2125,11:26:12,11.81,--,44,51964,卖盘
2126,11:26:09,11.81,--,102,120462,卖盘
2127,11:26:06,11.81,--,1,1181,卖盘
2128,11:26:03,11.81,--,10,11810,卖盘
2129,11:26:00,11.81,--,4,4724,卖盘
2130,11:25:54,11.81,--,2,2362,卖盘
2131,11:25:51,11.81,--,8,9448,卖盘
2132,11:25:45,11.81,0.01,153,181011,买盘
2133,11:25:42,11.8,-0.01,13,15340,卖盘
2134,11:25:39,11.81,0.01,4,4724,买盘
2135,11:25:36,11.8,-0.01,5,5900,卖盘
2136,11:25:33,11.81,0.01,9,10629,买盘
2137,11:25:30,11.8,--,49,57820,卖盘
2138,11:25:18,11.8,--,22,25960,卖盘
2139,11:25:15,11.8,-0.01,2,2360,卖盘
2140,11:25:12,11.81,0.01,29,34249,买盘
2141,11:25:09,11.8,-0.01,10,11800,卖盘
2142,11:25:06,11.81,0.01,5,5905,买盘
2143,11:25:03,11.8,--,13,15340,卖盘
2144,11:25:00,11.8,-0.01,5,5900,卖盘
2145,11:24:57,11.81,0.01,49,57869,中性盘
2146,11:24:54,11.8,--,625,737500,卖盘
2147,11:24:51,11.8,--,18,21240,卖盘
2148,11:24:45,11.8,-0.01,34,40120,卖盘
2149,11:24:42,11.81,--,46,54326,买盘
2150,11:24:39,11.81,0.01,3,3861,买盘
2151,11:24:36,11.8,-0.01,94,110920,卖盘
2152,11:24:33,11.81,0.01,13,15353,买盘
2153,11:24:27,11.8,--,70,82600,卖盘
2154,11:24:24,11.8,--,7,8260,卖盘
2155,11:24:21,11.8,--,3,3540,卖盘
2156,11:24:18,11.8,-0.01,4,4720,卖盘
2157,11:24:15,11.81,0.01,20,23620,买盘
2158,11:24:12,11.8,-0.01,40,47200,卖盘
2159,11:24:09,11.81,--,3,3543,卖盘
2160,11:24:06,11.81,-0.01,7,8267,买盘
2161,11:24:03,11.82,0.01,108,127656,买盘
2162,11:23:57,11.81,--,13,15353,卖盘
2163,11:23:54,11.81,--,3,3543,卖盘
2164,11:23:51,11.81,--,31,37000,卖盘
2165,11:23:45,11.81,--,1,1181,卖盘
2166,11:23:42,11.81,--,27,31887,卖盘
2167,11:23:39,11.81,-0.01,8,9766,卖盘
2168,11:23:36,11.82,0.01,23,27186,买盘
2169,11:23:33,11.81,0.01,10,11810,买盘
2170,11:23:30,11.8,-0.01,9,10620,卖盘
2171,11:23:24,11.81,0.01,20,23620,买盘
2172,11:23:18,11.8,-0.01,62,73160,卖盘
2173,11:23:15,11.81,--,221,261001,卖盘
2174,11:23:12,11.81,--,30,35430,卖盘
2175,11:23:09,11.81,--,24,28344,卖盘
2176,11:23:06,11.81,--,16,18896,卖盘
2177,11:23:03,11.81,--,11,12991,卖盘
2178,11:22:57,11.81,-0.02,19,22439,卖盘
2179,11:22:54,11.83,0.02,8,9464,买盘
2180,11:22:51,11.81,--,34,40154,买盘
2181,11:22:48,11.81,0.01,50,59050,中性盘
2182,11:22:45,11.8,-0.02,10,11800,卖盘
2183,11:22:42,11.82,--,54,64147,买盘
2184,11:22:39,11.82,0.02,1,1182,买盘
2185,11:22:36,11.8,-0.01,49,57820,卖盘
2186,11:22:33,11.81,-0.01,22,25982,卖盘
2187,11:22:30,11.82,--,10,11820,买盘
2188,11:22:24,11.82,--,57,67374,买盘
2189,11:22:21,11.82,0.01,200,236400,买盘
2190,11:22:18,11.81,--,49,57869,卖盘
2191,11:22:15,11.81,--,1,1181,卖盘
2192,11:22:12,11.81,--,47,55507,卖盘
2193,11:22:09,11.81,-0.01,4,4724,卖盘
2194,11:22:06,11.82,--,5,5910,买盘
2195,11:22:03,11.82,0.01,2,2364,买盘
2196,11:22:00,11.81,--,42,49602,卖盘
2197,11:21:57,11.81,-0.01,109,128729,卖盘
2198,11:21:54,11.82,0.01,10,11820,买盘
2199,11:21:51,11.81,--,9,10629,卖盘
2200,11:21:48,11.81,--,8,9448,卖盘
2201,11:21:42,11.81,--,0,318,卖盘
2202,11:21:39,11.81,--,21,24801,卖盘
2203,11:21:36,11.81,--,18,21258,卖盘
2204,11:21:30,11.81,--,3,3543,卖盘
2205,11:21:27,11.81,--,42,49602,卖盘
2206,11:21:24,11.81,--,3,4334,卖盘
2207,11:21:21,11.81,--,105,124005,卖盘
2208,11:21:18,11.81,--,607,717185,买盘
2209,11:21:15,11.81,0.02,17,21033,买盘
2210,11:21:12,11.79,-0.01,111,131093,卖盘
2211,11:21:09,11.8,--,52,61360,卖盘
2212,11:21:06,11.8,-0.01,63,74340,卖盘
2213,11:21:03,11.81,0.01,8,9448,买盘
2214,11:21:00,11.8,--,20,23600,卖盘
2215,11:20:54,11.8,--,10,11800,卖盘
2216,11:20:51,11.8,--,503,593540,卖盘
2217,11:20:48,11.8,-0.01,17,20060,卖盘
2218,11:20:45,11.81,0.01,39,46059,买盘
2219,11:20:42,11.8,--,50,59318,卖盘
2220,11:20:39,11.8,-0.01,30,35400,卖盘
2221,11:20:33,11.81,0.01,151,178331,买盘
2222,11:20:30,11.8,--,16,18880,卖盘
2223,11:20:27,11.8,--,8,10513,卖盘
2224,11:20:21,11.8,-0.01,102,120360,卖盘
2225,11:20:15,11.81,0.01,7,8267,买盘
2226,11:20:12,11.8,--,41,48380,卖盘
2227,11:20:09,11.8,--,57,67260,卖盘
2228,11:20:00,11.8,-0.01,34,40120,卖盘
2229,11:19:54,11.81,--,174,206356,卖盘
2230,11:19:51,11.81,--,115,135815,卖盘
2231,11:19:48,11.81,-0.01,11,12991,卖盘
2232,11:19:39,11.82,0.01,12,14184,买盘
2233,11:19:36,11.81,0.01,19,22757,中性盘
2234,11:19:30,11.8,--,5,5900,卖盘
2235,11:19:27,11.8,--,16,19965,卖盘
2236,11:19:24,11.8,--,9,10620,卖盘
2237,11:19:21,11.8,-0.02,73,86140,卖盘
2238,11:19:18,11.82,0.01,3,3546,买盘
2239,11:19:15,11.81,0.01,21,24801,中性盘
2240,11:19:12,11.8,-0.02,53,62540,卖盘
2241,11:19:09,11.82,--,320,378240,买盘
2242,11:19:06,11.82,--,57,67374,买盘
2243,11:19:03,11.82,0.01,9,10638,买盘
2244,11:19:00,11.81,-0.01,7,8267,卖盘
2245,11:18:57,11.82,0.01,24,28368,买盘
2246,11:18:54,11.81,--,28,33693,买盘
2247,11:18:51,11.81,--,11,12991,买盘
2248,11:18:48,11.81,--,43,50783,买盘
2249,11:18:45,11.81,0.01,11,12991,买盘
2250,11:18:42,11.8,--,15,17700,卖盘
2251,11:18:36,11.8,-0.01,3,3858,卖盘
2252,11:18:33,11.81,0.01,38,44878,买盘
2253,11:18:30,11.8,--,20,24685,卖盘
2254,11:18:27,11.8,--,17,20060,卖盘
2255,11:18:24,11.8,-0.01,1,1180,卖盘
2256,11:18:21,11.81,0.01,19,22439,买盘
2257,11:18:18,11.8,--,16,18880,卖盘
2258,11:18:15,11.8,--,202,239528,买盘
2259,11:18:12,11.8,--,44,51920,买盘
2260,11:18:09,11.8,--,72,84960,买盘
2261,11:18:06,11.8,--,16,18880,买盘
2262,11:18:03,11.8,--,11,12980,买盘
2263,11:18:00,11.8,0.01,10,11800,买盘
2264,11:17:57,11.79,--,11,12968,卖盘
2265,11:17:45,11.79,0.01,78,93046,买盘
2266,11:17:39,11.78,--,0,318,卖盘
2267,11:17:36,11.78,--,1,1178,卖盘
2268,11:17:27,11.78,--,16,18848,卖盘
2269,11:17:24,11.78,-0.02,3,4476,卖盘
2270,11:17:21,11.8,--,4,4720,买盘
2271,11:17:15,11.8,0.01,5,5900,买盘
2272,11:17:12,11.79,--,25,29474,卖盘
2273,11:17:09,11.79,--,215,253484,卖盘
2274,11:17:06,11.79,-0.01,6,7073,卖盘
2275,11:17:03,11.8,0.01,11,12980,买盘
2276,11:17:00,11.79,--,1,1179,卖盘
2277,11:16:57,11.79,-0.01,3,3536,卖盘
2278,11:16:54,11.8,--,15,17700,买盘
2279,11:16:42,11.8,0.01,17,20378,买盘
2280,11:16:39,11.79,-0.01,51,60128,卖盘
2281,11:16:36,11.8,--,1,1180,买盘
2282,11:16:33,11.8,--,48,56640,买盘
2283,11:16:30,11.8,0.01,6,7080,买盘
2284,11:16:27,11.79,--,26,30653,卖盘
2285,11:16:24,11.79,-0.01,8,10528,卖盘
2286,11:16:21,11.8,-0.01,1,1180,中性盘
2287,11:16:18,11.81,--,5,5905,买盘
2288,11:16:15,11.81,--,4,4724,买盘
2289,11:16:12,11.81,0.02,80,94480,买盘
2290,11:16:09,11.79,-0.01,2,2358,卖盘
2291,11:16:06,11.8,--,1,1180,买盘
2292,11:16:03,11.8,--,46,54280,卖盘
2293,11:16:00,11.8,--,9,10620,卖盘
2294,11:15:57,11.8,--,4,4720,卖盘
2295,11:15:54,11.8,--,5,5900,卖盘
2296,11:15:51,11.8,-0.01,9,10620,卖盘
2297,11:15:45,11.81,-0.01,84,99759,卖盘
2298,11:15:42,11.82,--,14,16548,买盘
2299,11:15:39,11.82,0.01,88,104335,买盘
2300,11:15:36,11.81,--,10,11810,卖盘
2301,11:15:33,11.81,-0.01,1,1181,卖盘
2302,11:15:30,11.82,--,20,23640,买盘
2303,11:15:27,11.82,0.01,112,132384,买盘
2304,11:15:24,11.81,--,124,147518,卖盘
2305,11:15:18,11.81,--,8,9448,卖盘
2306,11:15:15,11.81,--,4,4724,卖盘
2307,11:15:12,11.81,0.02,71,84264,买盘
2308,11:15:09,11.79,--,2,2358,卖盘
2309,11:15:06,11.79,-0.01,9,10611,卖盘
2310,11:15:03,11.8,--,32,37760,买盘
2311,11:15:00,11.8,--,4,4720,买盘
2312,11:14:54,11.8,0.01,48,56640,买盘
2313,11:14:51,11.79,-0.01,21,24759,卖盘
2314,11:14:48,11.8,--,11,12980,买盘
2315,11:14:45,11.8,--,31,37347,卖盘
2316,11:14:42,11.8,--,63,74340,卖盘
2317,11:14:39,11.8,-0.01,0,318,卖盘
2318,11:14:36,11.81,--,15,17715,买盘
2319,11:14:33,11.81,0.01,17,20077,买盘
2320,11:14:27,11.8,--,46,55353,卖盘
2321,11:14:24,11.8,--,15,17700,卖盘
2322,11:14:21,11.8,-0.01,8,9440,卖盘
2323,11:14:15,11.81,0.01,4,4724,买盘
2324,11:14:12,11.8,--,43,50740,卖盘
2325,11:14:09,11.8,-0.02,1000,1180000,卖盘
2326,11:14:06,11.82,--,9,10638,卖盘
2327,11:14:03,11.82,--,80,94560,卖盘
2328,11:14:00,11.82,-0.01,10,11820,卖盘
2329,11:13:57,11.83,--,20,23660,买盘
2330,11:13:51,11.83,--,11,13805,卖盘
2331,11:13:48,11.83,-0.01,15,17745,卖盘
2332,11:13:45,11.84,0.01,55,65120,买盘
2333,11:13:42,11.83,--,1,1183,卖盘
2334,11:13:39,11.83,--,13,15379,卖盘
2335,11:13:36,11.83,--,29,34614,卖盘
2336,11:13:33,11.83,--,22,26026,卖盘
2337,11:13:30,11.83,--,4,4732,卖盘
2338,11:13:27,11.83,--,120,143036,卖盘
2339,11:13:24,11.83,--,20,23849,买盘
2340,11:13:21,11.83,--,12,14196,买盘
2341,11:13:18,11.83,--,10,12823,卖盘
2342,11:13:15,11.83,--,19,22477,卖盘
2343,11:13:12,11.83,--,109,128947,卖盘
2344,11:13:09,11.83,--,73,86359,卖盘
2345,11:13:06,11.83,-0.01,9,10647,卖盘
2346,11:13:03,11.84,--,64,75776,买盘
2347,11:12:57,11.84,0.01,230,272320,买盘
2348,11:12:54,11.83,--,8,9464,卖盘
2349,11:12:48,11.83,--,39,46137,卖盘
2350,11:12:42,11.83,--,9,10647,卖盘
2351,11:12:39,11.83,--,76,90227,卖盘
2352,11:12:33,11.83,--,9,10647,卖盘
2353,11:12:30,11.83,--,24,28392,卖盘
2354,11:12:27,11.83,--,5,5915,卖盘
2355,11:12:24,11.83,-0.01,20,24712,卖盘
2356,11:12:21,11.84,--,80,94720,买盘
2357,11:12:18,11.84,--,1,1184,买盘
2358,11:12:12,11.84,0.01,182,215488,买盘
2359,11:12:09,11.83,--,45,53235,卖盘
2360,11:12:03,11.83,-0.01,54,63882,卖盘
2361,11:12:00,11.84,0.01,27,31968,买盘
2362,11:11:51,11.83,-0.01,9,11191,卖盘
2363,11:11:48,11.84,--,18,21312,卖盘
2364,11:11:45,11.84,--,40,47360,卖盘
2365,11:11:42,11.84,--,67,79647,卖盘
2366,11:11:39,11.84,--,8,9472,卖盘
2367,11:11:36,11.84,-0.01,9,10656,卖盘
2368,11:11:33,11.85,0.01,27,31995,买盘
2369,11:11:27,11.84,--,9,10656,卖盘
2370,11:11:24,11.84,-0.01,5,5920,卖盘
2371,11:11:21,11.85,--,77,91280,卖盘
2372,11:11:18,11.85,--,10,11850,卖盘
2373,11:11:15,11.85,--,63,74655,卖盘
2374,11:11:12,11.85,--,43,50955,卖盘
2375,11:11:09,11.85,--,21,24885,卖盘
2376,11:11:06,11.85,--,48,56880,卖盘
2377,11:11:03,11.85,-0.01,9,10665,卖盘
2378,11:11:00,11.86,--,39,46254,买盘
2379,11:10:57,11.86,--,4,4744,买盘
2380,11:10:54,11.86,--,49,58114,买盘
2381,11:10:51,11.86,--,98,116228,买盘
2382,11:10:48,11.86,0.01,3,3558,买盘
2383,11:10:45,11.85,--,3,3555,卖盘
2384,11:10:42,11.85,--,35,41475,卖盘
2385,11:10:39,11.85,-0.01,10,12169,卖盘
2386,11:10:36,11.86,--,112,132832,买盘
2387,11:10:30,11.86,0.01,46,54556,买盘
2388,11:10:27,11.85,--,4,4740,卖盘
2389,11:10:24,11.85,--,9,11707,卖盘
2390,11:10:21,11.85,-0.01,210,248850,卖盘
2391,11:10:18,11.86,--,10,11860,买盘
2392,11:10:15,11.86,0.01,21,24906,买盘
2393,11:10:12,11.85,--,231,273735,卖盘
2394,11:10:09,11.85,-0.01,4,4740,卖盘
2395,11:10:06,11.86,--,30,35580,买盘
2396,11:10:03,11.86,0.01,10,11860,买盘
2397,11:09:57,11.85,-0.01,180,213300,卖盘
2398,11:09:54,11.86,--,177,209922,卖盘
2399,11:09:51,11.86,0.01,120,142794,买盘
2400,11:09:48,11.85,0.01,10,12347,买盘
2401,11:09:45,11.84,-0.01,62,74094,卖盘
2402,11:09:42,11.85,--,70,82950,卖盘
2403,11:09:39,11.85,--,85,100725,卖盘
2404,11:09:36,11.85,-0.01,24,28759,卖盘
2405,11:09:30,11.86,0.01,37,43882,买盘
2406,11:09:27,11.85,--,112,132720,卖盘
2407,11:09:24,11.85,--,78,93472,卖盘
2408,11:09:21,11.85,--,62,73470,卖盘
2409,11:09:18,11.85,--,55,65494,买盘
2410,11:09:15,11.85,--,25,29625,买盘
2411,11:09:12,11.85,--,110,130350,买盘
2412,11:09:09,11.85,0.01,83,98355,买盘
2413,11:09:06,11.84,--,4,4736,卖盘
2414,11:09:03,11.84,-0.01,581,687904,卖盘
2415,11:09:00,11.85,--,109,129165,买盘
2416,11:08:57,11.85,--,202,240235,卖盘
2417,11:08:54,11.85,--,169,200265,卖盘
2418,11:08:51,11.85,--,1,1185,卖盘
2419,11:08:48,11.85,-0.03,102,121332,卖盘
2420,11:08:45,11.88,0.02,497,591160,买盘
2421,11:08:42,11.86,-0.01,10,12180,中性盘
2422,11:08:39,11.87,0.01,369,438003,买盘
2423,11:08:36,11.86,--,25,29650,买盘
2424,11:08:33,11.86,-0.01,266,315938,卖盘
2425,11:08:30,11.87,0.01,1242,1475132,买盘
2426,11:08:27,11.86,--,201,238386,卖盘
2427,11:08:24,11.86,--,428,507608,卖盘
2428,11:08:21,11.86,--,470,558451,卖盘
2429,11:08:18,11.86,--,202,239572,卖盘
2430,11:08:15,11.86,--,10,11860,卖盘
2431,11:08:12,11.86,--,50,59300,卖盘
2432,11:08:09,11.86,0.01,700,830200,买盘
2433,11:08:06,11.85,--,75,88875,卖盘
2434,11:08:03,11.85,-0.01,271,321135,卖盘
2435,11:08:00,11.86,0.01,82,97252,买盘
2436,11:07:57,11.85,--,14,16590,卖盘
2437,11:07:51,11.85,--,107,127743,买盘
2438,11:07:48,11.85,0.01,1273,1508505,买盘
2439,11:07:45,11.84,-0.01,252,298368,卖盘
2440,11:07:42,11.85,0.01,54,63990,买盘
2441,11:07:39,11.84,-0.01,80,94720,卖盘
2442,11:07:36,11.85,--,1,1504,买盘
2443,11:07:33,11.85,0.01,104,123240,买盘
2444,11:07:30,11.84,--,71,84064,买盘
2445,11:07:27,11.84,0.01,350,414400,买盘
2446,11:07:24,11.83,-0.01,609,721511,卖盘
2447,11:07:21,11.84,--,220,260480,买盘
2448,11:07:18,11.84,0.01,215,254560,买盘
2449,11:07:15,11.83,--,10,11830,卖盘
2450,11:07:12,11.83,--,41,48503,卖盘
2451,11:07:09,11.83,--,204,241876,买盘
2452,11:07:06,11.83,--,185,218855,买盘
2453,11:07:03,11.83,0.01,973,1151059,买盘
2454,11:07:00,11.82,--,50,59100,卖盘
2455,11:06:57,11.82,--,7,8274,卖盘
2456,11:06:54,11.82,--,2,2364,卖盘
2457,11:06:51,11.82,-0.01,9,10638,卖盘
2458,11:06:48,11.83,0.01,3,3549,买盘
2459,11:06:45,11.82,--,9,10638,卖盘
2460,11:06:42,11.82,--,12,14184,买盘
2461,11:06:39,11.82,0.01,10,11820,买盘
2462,11:06:36,11.81,--,34,40472,卖盘
2463,11:06:33,11.81,-0.01,8,9448,卖盘
2464,11:06:30,11.82,0.01,2,2364,买盘
2465,11:06:27,11.81,--,20,23620,卖盘
2466,11:06:24,11.81,--,1797,2122906,卖盘
2467,11:06:21,11.81,--,8,10522,卖盘
2468,11:06:18,11.81,-0.01,4,4724,卖盘
2469,11:06:15,11.82,--,5,5910,买盘
2470,11:06:12,11.82,0.01,122,144204,买盘
2471,11:06:09,11.81,--,2,2362,卖盘
2472,11:06:06,11.81,-0.01,17,20077,卖盘
2473,11:06:03,11.82,0.01,61,72102,买盘
2474,11:06:00,11.81,-0.01,10,11810,卖盘
2475,11:05:57,11.82,0.01,9,10638,买盘
2476,11:05:54,11.81,--,2,2362,卖盘
2477,11:05:51,11.81,--,7,8267,卖盘
2478,11:05:45,11.81,--,52,61412,卖盘
2479,11:05:42,11.81,--,1,1181,卖盘
2480,11:05:39,11.81,--,10,12128,卖盘
2481,11:05:30,11.81,--,5,5905,卖盘
2482,11:05:27,11.81,--,76,89756,卖盘
2483,11:05:24,11.81,-0.01,24,29418,卖盘
2484,11:05:21,11.82,0.01,10,11820,买盘
2485,11:05:18,11.81,-0.01,44,51964,卖盘
2486,11:05:15,11.82,0.01,153,180846,买盘
2487,11:05:12,11.81,--,100,118100,卖盘
2488,11:05:09,11.81,-0.01,8,9448,卖盘
2489,11:05:06,11.82,0.01,12,14184,买盘
2490,11:05:00,11.81,0.01,159,187991,买盘
2491,11:04:57,11.8,--,1,1180,卖盘
2492,11:04:54,11.8,-0.01,12,14160,卖盘
2493,11:04:51,11.81,0.01,10,11810,买盘
2494,11:04:48,11.8,-0.01,1,1180,卖盘
2495,11:04:45,11.81,--,21,25769,卖盘
2496,11:04:42,11.81,-0.01,20,23938,卖盘
2497,11:04:39,11.82,0.01,94,111108,买盘
2498,11:04:33,11.81,--,11,12991,卖盘
2499,11:04:30,11.81,--,1,1181,卖盘
2500,11:04:27,11.81,-0.01,10,12884,卖盘
2501,11:04:24,11.82,0.01,48,56736,买盘
2502,11:04:21,11.81,--,60,71722,卖盘
2503,11:04:18,11.81,-0.01,3,3543,卖盘
2504,11:04:15,11.82,0.01,29,34278,买盘
2505,11:04:12,11.81,--,37,43697,卖盘
2506,11:04:09,11.81,--,2,2362,卖盘
2507,11:04:03,11.81,-0.01,27,31887,卖盘
2508,11:04:00,11.82,0.01,35,41370,买盘
2509,11:03:57,11.81,--,11,12991,卖盘
2510,11:03:54,11.81,--,5,5905,卖盘
2511,11:03:48,11.81,--,20,23620,卖盘
2512,11:03:45,11.81,--,22,25982,卖盘
2513,11:03:42,11.81,0.01,151,178649,买盘
2514,11:03:39,11.8,-0.01,71,83780,卖盘
2515,11:03:36,11.81,--,8,9448,买盘
2516,11:03:33,11.81,0.01,13,15353,买盘
2517,11:03:30,11.8,-0.01,311,366980,卖盘
2518,11:03:27,11.81,--,10,11810,卖盘
2519,11:03:24,11.81,0.01,9,11691,买盘
2520,11:03:21,11.8,-0.01,103,121540,卖盘
2521,11:03:18,11.81,--,1,1181,卖盘
2522,11:03:15,11.81,--,28,33068,卖盘
2523,11:03:12,11.81,0.01,492,581052,买盘
2524,11:03:09,11.8,-0.01,2,2360,卖盘
2525,11:03:06,11.81,0.01,122,144082,买盘
2526,11:03:03,11.8,-0.01,16,18880,卖盘
2527,11:03:00,11.81,--,27,31887,买盘
2528,11:02:57,11.81,0.01,48,56688,买盘
2529,11:02:54,11.8,-0.01,9,10620,卖盘
2530,11:02:51,11.81,--,300,354300,买盘
2531,11:02:48,11.81,0.01,139,164159,买盘
2532,11:02:45,11.8,--,3,3540,卖盘
2533,11:02:42,11.8,--,30,35400,卖盘
2534,11:02:39,11.8,--,720,849600,卖盘
2535,11:02:36,11.8,--,108,127758,卖盘
2536,11:02:33,11.8,--,18,21240,卖盘
2537,11:02:27,11.8,--,8,9440,卖盘
2538,11:02:24,11.8,--,3,3540,买盘
2539,11:02:21,11.8,--,42,50657,买盘
2540,11:02:18,11.8,0.01,20,23600,买盘
2541,11:02:12,11.79,-0.02,36,42444,卖盘
2542,11:02:09,11.81,0.01,428,505468,买盘
2543,11:02:06,11.8,--,12,14160,卖盘
2544,11:02:03,11.8,--,1,1180,卖盘
2545,11:02:00,11.8,--,87,102660,卖盘
2546,11:01:57,11.8,--,2,2360,卖盘
2547,11:01:54,11.8,--,5,5900,卖盘
2548,11:01:51,11.8,0.01,64,76322,买盘
2549,11:01:48,11.79,-0.01,8,9432,卖盘
2550,11:01:45,11.8,--,41,48380,买盘
2551,11:01:42,11.8,0.01,67,79060,买盘
2552,11:01:39,11.79,--,1,1179,卖盘
2553,11:01:36,11.79,--,24,28614,卖盘
2554,11:01:33,11.79,-0.01,44,51875,卖盘
2555,11:01:30,11.8,0.01,1157,1365260,买盘
2556,11:01:27,11.79,--,17,21127,卖盘
2557,11:01:24,11.79,-0.01,20,23580,卖盘
2558,11:01:21,11.8,0.01,115,135700,买盘
2559,11:01:18,11.79,--,17,20043,卖盘
2560,11:01:15,11.79,--,8,9432,卖盘
2561,11:01:12,11.79,-0.01,33,38907,卖盘
2562,11:01:09,11.8,0.01,16,18880,买盘
2563,11:01:06,11.79,--,7,8253,卖盘
2564,11:01:03,11.79,--,8,9432,卖盘
2565,11:01:00,11.79,-0.01,30,35370,卖盘
2566,11:00:54,11.8,0.01,24,28320,买盘
2567,11:00:51,11.79,0.01,235,277383,买盘
2568,11:00:45,11.78,-0.01,2,2356,卖盘
2569,11:00:42,11.79,0.01,34,40086,买盘
2570,11:00:39,11.78,--,19,22382,卖盘
2571,11:00:36,11.78,--,0,318,卖盘
2572,11:00:30,11.78,--,11,12958,卖盘
2573,11:00:27,11.78,--,19,22382,卖盘
2574,11:00:24,11.78,--,12,14136,卖盘
2575,11:00:21,11.78,--,8,9424,卖盘
2576,11:00:18,11.78,--,13,16421,卖盘
2577,11:00:15,11.78,--,36,42408,卖盘
2578,11:00:12,11.78,-0.01,30,35340,卖盘
2579,11:00:09,11.79,0.01,97,114362,买盘
2580,11:00:00,11.78,0.01,22,25916,买盘
2581,10:59:57,11.77,--,7,8239,卖盘
2582,10:59:54,11.77,--,20,23540,卖盘
2583,10:59:48,11.77,--,7,8239,卖盘
2584,10:59:45,11.77,--,2,2354,卖盘
2585,10:59:42,11.77,--,3,3848,卖盘
2586,10:59:36,11.77,--,8,9416,卖盘
2587,10:59:33,11.77,-0.01,1,1177,卖盘
2588,10:59:30,11.78,0.01,68,80104,买盘
2589,10:59:27,11.77,--,76,89452,卖盘
2590,10:59:24,11.77,-0.01,7,8239,卖盘
2591,10:59:21,11.78,0.01,1,1178,中性盘
2592,10:59:18,11.77,--,8,10522,卖盘
2593,10:59:15,11.77,-0.01,8,9416,卖盘
2594,10:59:12,11.78,--,37,43586,卖盘
2595,10:59:09,11.78,-0.01,2,2356,卖盘
2596,10:59:06,11.79,--,11,12968,买盘
2597,10:59:03,11.79,0.02,42,49518,买盘
2598,10:59:00,11.77,--,102,120054,卖盘
2599,10:58:57,11.77,--,4,4708,卖盘
2600,10:58:54,11.77,--,23,27071,卖盘
2601,10:58:51,11.77,-0.02,108,127116,卖盘
2602,10:58:45,11.79,0.02,53,62486,买盘
2603,10:58:42,11.77,--,7,8239,卖盘
2604,10:58:39,11.77,-0.01,44,51788,卖盘
2605,10:58:36,11.78,--,8,9424,卖盘
2606,10:58:30,11.78,--,22,25916,中性盘
2607,10:58:27,11.78,--,3,3534,卖盘
2608,10:58:24,11.78,--,19,22382,买盘
2609,10:58:21,11.78,0.01,18,21204,买盘
2610,10:58:18,11.77,-0.01,17,21115,卖盘
2611,10:58:15,11.78,0.01,19,22382,买盘
2612,10:58:12,11.77,-0.03,28,32956,卖盘
2613,10:58:09,11.8,0.01,499,588820,买盘
2614,10:58:03,11.79,-0.01,6,7073,卖盘
2615,10:58:00,11.8,--,39,46020,买盘
2616,10:57:57,11.8,--,38,44840,买盘
2617,10:57:54,11.8,0.03,47,55991,买盘
2618,10:57:51,11.77,-0.01,7,8239,卖盘
2619,10:57:48,11.78,0.01,5,5890,买盘
2620,10:57:45,11.77,-0.01,9,10593,卖盘
2621,10:57:42,11.78,--,15,18529,卖盘
2622,10:57:39,11.78,--,0,318,卖盘
2623,10:57:36,11.78,--,9,10602,卖盘
2624,10:57:33,11.78,-0.01,6,7068,中性盘
2625,10:57:30,11.79,0.02,221,260558,买盘
2626,10:57:27,11.77,-0.01,221,260117,卖盘
2627,10:57:24,11.78,-0.01,7,8246,卖盘
2628,10:57:21,11.79,0.01,9,11719,买盘
2629,10:57:18,11.78,0.01,2,2356,中性盘
2630,10:57:12,11.77,-0.01,56,65912,卖盘
2631,10:57:09,11.78,-0.01,19,22382,卖盘
2632,10:57:06,11.79,--,50,58949,买盘
2633,10:57:03,11.79,--,250,295480,卖盘
2634,10:57:00,11.79,-0.01,8,9432,卖盘
2635,10:56:57,11.8,--,60,70800,买盘
2636,10:56:54,11.8,--,13,15340,买盘
2637,10:56:51,11.8,0.01,925,1091500,买盘
2638,10:56:48,11.79,--,5,5895,卖盘
2639,10:56:45,11.79,--,6,7073,卖盘
2640,10:56:42,11.79,0.01,78,92410,买盘
2641,10:56:39,11.78,--,10,11780,卖盘
2642,10:56:36,11.78,--,0,318,卖盘
2643,10:56:33,11.78,--,1,1178,卖盘
2644,10:56:27,11.78,--,8,9424,卖盘
2645,10:56:21,11.78,-0.02,20,23560,卖盘
2646,10:56:18,11.8,--,17,20685,卖盘
2647,10:56:15,11.8,0.02,0,554,买盘
2648,10:56:12,11.78,-0.02,29,34162,卖盘
2649,10:56:09,11.8,0.01,988,1165840,买盘
2650,10:56:06,11.79,--,47,55412,买盘
2651,10:56:03,11.79,0.01,10,11790,买盘
2652,10:56:00,11.78,--,1,1178,卖盘
2653,10:55:57,11.78,-0.01,80,94240,卖盘
2654,10:55:54,11.79,--,10,11790,卖盘
2655,10:55:51,11.79,--,1,1179,卖盘
2656,10:55:48,11.79,0.01,41,48339,买盘
2657,10:55:45,11.78,-0.01,18,21204,卖盘
2658,10:55:42,11.79,0.01,1,1179,买盘
2659,10:55:39,11.78,-0.01,17,20026,卖盘
2660,10:55:36,11.79,--,0,318,卖盘
2661,10:55:33,11.79,--,16,18864,卖盘
2662,10:55:30,11.79,0.01,92,108467,买盘
2663,10:55:27,11.78,--,1,1178,卖盘
2664,10:55:24,11.78,--,1,1178,卖盘
2665,10:55:21,11.78,-0.01,18,22311,卖盘
2666,10:55:15,11.79,0.01,603,710937,买盘
2667,10:55:12,11.78,--,42,49476,卖盘
2668,10:55:09,11.78,0.01,28,33302,买盘
2669,10:55:06,11.77,--,18,21186,买盘
2670,10:55:03,11.77,--,4,4708,卖盘
2671,10:55:00,11.77,0.01,8,9416,中性盘
2672,10:54:54,11.76,--,4,4704,卖盘
2673,10:54:51,11.76,--,5,6985,卖盘
2674,10:54:48,11.76,--,8,9408,卖盘
2675,10:54:45,11.76,-0.01,2,2352,卖盘
2676,10:54:42,11.77,--,44,51788,买盘
2677,10:54:39,11.77,--,45,53035,卖盘
2678,10:54:36,11.77,-0.01,7,8239,卖盘
2679,10:54:33,11.78,--,8,9424,买盘
2680,10:54:30,11.78,--,8,9424,卖盘
2681,10:54:27,11.78,0.01,44,51832,买盘
2682,10:54:24,11.77,0.01,8,10522,中性盘
2683,10:54:18,11.76,--,7,8232,卖盘
2684,10:54:15,11.76,--,12,14112,卖盘
2685,10:54:12,11.76,-0.03,510,599760,卖盘
2686,10:54:09,11.79,0.02,10,11790,买盘
2687,10:54:06,11.77,-0.01,18,21186,卖盘
2688,10:54:03,11.78,--,2,2356,买盘
2689,10:54:00,11.78,-0.01,13,15314,卖盘
2690,10:53:57,11.79,0.01,14,16506,买盘
2691,10:53:54,11.78,--,6,7068,卖盘
2692,10:53:51,11.78,--,6,7068,卖盘
2693,10:53:48,11.78,0.01,2,2356,中性盘
2694,10:53:45,11.77,--,2,2354,卖盘
2695,10:53:42,11.77,-0.03,10,11770,卖盘
2696,10:53:39,11.8,0.03,17,20366,买盘
2697,10:53:33,11.77,-0.03,14,16478,卖盘
2698,10:53:30,11.8,0.01,534,630202,买盘
2699,10:53:27,11.79,--,1,1179,卖盘
2700,10:53:24,11.79,--,8,10528,卖盘
2701,10:53:21,11.79,--,7,8253,卖盘
2702,10:53:18,11.79,--,4,4716,卖盘
2703,10:53:15,11.79,0.02,43,50696,买盘
2704,10:53:12,11.77,--,30,35310,卖盘
2705,10:53:09,11.77,--,10,11770,卖盘
2706,10:53:06,11.77,--,8,9416,卖盘
2707,10:53:00,11.77,-0.01,17,20009,卖盘
2708,10:52:57,11.78,-0.02,13,15314,卖盘
2709,10:52:51,11.8,--,691,815380,买盘
2710,10:52:48,11.8,0.01,14,16520,买盘
2711,10:52:45,11.79,--,20,23580,卖盘
2712,10:52:42,11.79,--,17,20043,卖盘
2713,10:52:39,11.79,0.02,21,25077,中性盘
2714,10:52:36,11.77,-0.01,267,314894,卖盘
2715,10:52:33,11.78,--,67,78926,卖盘
2716,10:52:30,11.78,--,21,24738,卖盘
2717,10:52:27,11.78,--,8,9424,卖盘
2718,10:52:24,11.78,--,17,20026,卖盘
2719,10:52:21,11.78,--,8,10531,卖盘
2720,10:52:18,11.78,0.01,8,10024,买盘
2721,10:52:15,11.77,--,11,12947,卖盘
2722,10:52:12,11.77,-0.01,62,72974,卖盘
2723,10:52:09,11.78,0.01,59,69502,买盘
2724,10:52:03,11.77,--,9,10593,卖盘
2725,10:52:00,11.77,--,1,1177,卖盘
2726,10:51:57,11.77,0.01,92,108284,买盘
2727,10:51:54,11.76,--,30,35280,卖盘
2728,10:51:51,11.76,-0.01,37,43512,卖盘
2729,10:51:48,11.77,--,10,11770,买盘
2730,10:51:45,11.77,0.01,78,91806,买盘
2731,10:51:42,11.76,-0.01,8,9408,卖盘
2732,10:51:39,11.77,--,118,139780,卖盘
2733,10:51:36,11.77,--,17,20009,卖盘
2734,10:51:33,11.77,--,46,54142,卖盘
2735,10:51:30,11.77,--,569,669713,卖盘
2736,10:51:27,11.77,--,37,43549,卖盘
2737,10:51:21,11.77,-0.02,16,19938,卖盘
2738,10:51:18,11.79,0.01,59,69561,买盘
2739,10:51:15,11.78,--,85,100130,买盘
2740,10:51:12,11.78,0.01,49,57722,买盘
2741,10:51:09,11.77,-0.01,140,165321,卖盘
2742,10:51:06,11.78,--,24,28272,卖盘
2743,10:51:03,11.78,--,3,3534,卖盘
2744,10:50:57,11.78,--,7,8246,卖盘
2745,10:50:54,11.78,--,10,11780,卖盘
2746,10:50:51,11.78,--,18,21204,卖盘
2747,10:50:45,11.78,--,10,11780,卖盘
2748,10:50:42,11.78,--,6,7386,卖盘
2749,10:50:36,11.78,--,738,869364,卖盘
2750,10:50:33,11.78,-0.02,1,1178,卖盘
2751,10:50:30,11.8,0.02,17,20060,买盘
2752,10:50:27,11.78,--,1,1178,卖盘
2753,10:50:24,11.78,-0.02,8,9424,卖盘
2754,10:50:18,11.8,--,1,1180,买盘
2755,10:50:15,11.8,0.02,7,8260,买盘
2756,10:50:12,11.78,-0.01,32,37696,卖盘
2757,10:50:09,11.79,0.01,11,12968,买盘
2758,10:50:06,11.78,-0.02,26,30628,卖盘
2759,10:50:03,11.8,0.01,9,10620,买盘
2760,10:50:00,11.79,-0.01,124,146738,卖盘
2761,10:49:57,11.8,--,1197,1412460,卖盘
2762,10:49:54,11.8,--,242,285560,卖盘
2763,10:49:51,11.8,0.02,299,353457,买盘
2764,10:49:48,11.78,--,3,3534,卖盘
2765,10:49:45,11.78,-0.01,70,82460,卖盘
2766,10:49:42,11.79,0.01,1,1179,买盘
2767,10:49:39,11.78,--,27,32124,卖盘
2768,10:49:36,11.78,-0.01,11,12958,卖盘
2769,10:49:33,11.79,--,8,9432,卖盘
2770,10:49:30,11.79,-0.01,25,29474,买盘
2771,10:49:24,11.8,--,20,23600,买盘
2772,10:49:18,11.8,0.02,23,27140,买盘
2773,10:49:15,11.78,-0.01,459,541243,卖盘
2774,10:49:12,11.79,--,61,71919,卖盘
2775,10:49:09,11.79,-0.01,25,29474,卖盘
2776,10:49:06,11.8,0.01,13,15340,买盘
2777,10:49:03,11.79,--,6,7073,卖盘
2778,10:49:00,11.79,--,19,22401,卖盘
2779,10:48:57,11.79,--,8,9432,卖盘
2780,10:48:51,11.79,--,230,271806,买盘
2781,10:48:45,11.79,--,58,68924,卖盘
2782,10:48:42,11.79,--,41,48339,卖盘
2783,10:48:39,11.79,--,17,20361,卖盘
2784,10:48:36,11.79,--,138,162702,卖盘
2785,10:48:33,11.79,--,35,41265,卖盘
2786,10:48:27,11.79,-0.02,3,3536,卖盘
2787,10:48:24,11.81,0.01,105,124005,买盘
2788,10:48:21,11.8,0.01,1,1180,买盘
2789,10:48:18,11.79,--,22,25937,卖盘
2790,10:48:12,11.79,-0.03,31,36549,卖盘
2791,10:48:09,11.82,0.02,183,216306,买盘
2792,10:48:03,11.8,--,2115,2495700,卖盘
2793,10:48:00,11.8,-0.01,100,118000,卖盘
2794,10:47:54,11.81,0.02,55,64955,买盘
2795,10:47:51,11.79,--,7,8253,卖盘
2796,10:47:45,11.79,-0.02,3,3536,卖盘
2797,10:47:42,11.81,0.01,13,15353,买盘
2798,10:47:39,11.8,0.01,7,8260,中性盘
2799,10:47:36,11.79,--,88,103751,卖盘
2800,10:47:33,11.79,--,132,155628,卖盘
2801,10:47:30,11.79,-0.03,565,666135,卖盘
2802,10:47:27,11.82,0.02,1580,1867560,买盘
2803,10:47:24,11.8,0.01,1,1180,中性盘
2804,10:47:18,11.79,--,9,10611,卖盘
2805,10:47:15,11.79,--,269,317151,卖盘
2806,10:47:12,11.79,-0.02,28,33012,卖盘
2807,10:47:09,11.81,0.02,28,33068,买盘
2808,10:47:06,11.79,-0.01,14,16506,卖盘
2809,10:47:03,11.8,0.01,51,60180,买盘
2810,10:46:57,11.79,-0.02,8,9432,卖盘
2811,10:46:51,11.81,0.01,1266,1495146,买盘
2812,10:46:48,11.8,--,181,213580,卖盘
2813,10:46:45,11.8,--,169,199420,卖盘
2814,10:46:39,11.8,-0.01,5,6218,买盘
2815,10:46:36,11.81,0.02,610,720410,买盘
2816,10:46:33,11.79,-0.02,8,9432,卖盘
2817,10:46:30,11.81,0.01,21,24801,买盘
2818,10:46:27,11.8,0.01,6,7080,中性盘
2819,10:46:24,11.79,-0.01,149,175671,卖盘
2820,10:46:21,11.8,--,19,22420,卖盘
2821,10:46:18,11.8,--,16,18880,卖盘
2822,10:46:15,11.8,0.01,34,40120,买盘
2823,10:46:12,11.79,-0.01,11,12968,卖盘
2824,10:46:09,11.8,0.01,217,256060,买盘
2825,10:46:06,11.79,-0.01,8,9432,卖盘
2826,10:46:03,11.8,0.01,35,41300,买盘
2827,10:46:00,11.79,-0.01,9,10611,卖盘
2828,10:45:57,11.8,0.01,1397,1648460,买盘
2829,10:45:54,11.79,--,29,34191,卖盘
2830,10:45:51,11.79,--,124,146196,卖盘
