,time,price,change,volume,amount,type
0,15:00:03,11.59,--,3901,4521259,卖盘
1,14:57:00,11.59,--,52,60268,卖盘
2,14:56:57,11.59,-0.01,157,181963,卖盘
3,14:56:54,11.6,0.01,190,220400,买盘
4,14:56:51,11.59,--,149,173085,卖盘
5,14:56:48,11.59,--,20,23180,卖盘
6,14:56:42,11.59,-0.01,34,39406,卖盘
7,14:56:39,11.6,0.01,103,119480,买盘
8,14:56:36,11.59,--,38,44042,卖盘
9,14:56:33,11.59,--,17,19703,卖盘
10,14:56:30,11.59,--,80,92720,卖盘
11,14:56:27,11.59,--,18,20862,卖盘
12,14:56:24,11.59,--,62,71858,买盘
13,14:56:21,11.59,--,201,232959,买盘
14,14:56:18,11.59,--,9,10431,买盘
15,14:56:15,11.59,--,322,373198,买盘
16,14:56:12,11.59,--,72,83448,买盘
17,14:56:09,11.59,--,66,76494,买盘
18,14:56:06,11.59,--,262,303658,买盘
19,14:56:03,11.59,--,24,27816,买盘
20,14:56:00,11.59,--,14,16226,买盘
21,14:55:57,11.59,0.01,16,18544,买盘
22,14:55:54,11.58,-0.02,26,30108,卖盘
23,14:55:51,11.6,0.01,132,153212,买盘
24,14:55:48,11.59,--,1,2225,卖盘
25,14:55:45,11.59,--,39,45201,卖盘
26,14:55:42,11.59,-0.01,612,709308,卖盘
27,14:55:36,11.6,--,58,67280,买盘
28,14:55:33,11.6,0.01,90,104400,买盘
29,14:55:30,11.59,-0.01,46,53314,卖盘
30,14:55:27,11.6,0.01,12,13920,买盘
31,14:55:24,11.59,--,85,98515,卖盘
32,14:55:21,11.59,-0.01,353,409127,卖盘
33,14:55:18,11.6,0.01,56,64960,买盘
34,14:55:15,11.59,--,108,125172,卖盘
35,14:55:12,11.59,--,8,9272,卖盘
36,14:55:09,11.59,--,65,75335,卖盘
37,14:55:06,11.59,--,85,98515,买盘
38,14:55:00,11.59,--,23,26657,卖盘
39,14:54:57,11.59,--,47,54473,买盘
40,14:54:54,11.59,0.01,107,124013,买盘
41,14:54:51,11.58,-0.01,10,11580,卖盘
42,14:54:48,11.59,--,22,25498,买盘
43,14:54:45,11.59,0.01,21,24339,买盘
44,14:54:42,11.58,-0.01,60,69480,卖盘
45,14:54:39,11.59,0.01,15,17385,买盘
46,14:54:36,11.58,-0.01,16,18528,卖盘
47,14:54:33,11.59,--,80,92720,买盘
48,14:54:30,11.59,--,27,31293,买盘
49,14:54:27,11.59,--,211,244549,卖盘
50,14:54:24,11.59,--,25,28975,卖盘
51,14:54:21,11.59,-0.01,63,73017,卖盘
52,14:54:18,11.6,--,26,30160,买盘
53,14:54:12,11.6,--,3075,3567000,买盘
54,14:54:09,11.6,--,60,69600,买盘
55,14:54:06,11.6,--,18,20880,买盘
56,14:54:03,11.6,--,689,800005,卖盘
57,14:54:00,11.6,--,33,38280,卖盘
58,14:53:57,11.6,--,13,15080,卖盘
59,14:53:54,11.6,--,633,734674,买盘
60,14:53:51,11.6,0.01,12,13920,买盘
61,14:53:48,11.59,-0.01,69,79971,卖盘
62,14:53:45,11.6,--,68,79645,卖盘
63,14:53:42,11.6,--,299,346840,卖盘
64,14:53:39,11.6,-0.01,117,135720,卖盘
65,14:53:36,11.61,0.01,330,383130,买盘
66,14:53:33,11.6,-0.01,96,111360,卖盘
67,14:53:30,11.61,--,80,92880,买盘
68,14:53:27,11.61,0.01,120,139320,买盘
69,14:53:24,11.6,-0.01,16,18560,卖盘
70,14:53:21,11.61,--,1,1161,买盘
71,14:53:18,11.61,0.01,125,145125,买盘
72,14:53:15,11.6,--,133,154280,卖盘
73,14:53:12,11.6,--,62,71920,卖盘
74,14:53:09,11.6,--,48,55680,卖盘
75,14:53:03,11.6,--,612,709920,卖盘
76,14:53:00,11.6,-0.01,17,19952,卖盘
77,14:52:57,11.61,0.01,64,74304,买盘
78,14:52:51,11.6,-0.01,40,46400,卖盘
79,14:52:48,11.61,0.01,37,42957,买盘
80,14:52:45,11.6,-0.01,109,126440,卖盘
81,14:52:42,11.61,--,33,38313,买盘
82,14:52:39,11.61,0.01,135,156735,买盘
83,14:52:36,11.6,-0.01,6,6960,卖盘
84,14:52:33,11.61,--,131,152091,买盘
85,14:52:30,11.61,0.01,131,152091,买盘
86,14:52:27,11.6,-0.01,606,702960,卖盘
87,14:52:24,11.61,--,94,109134,买盘
88,14:52:21,11.61,--,30,34830,买盘
89,14:52:18,11.61,--,104,120744,买盘
90,14:52:15,11.61,--,102,118422,买盘
91,14:52:12,11.61,--,46,53464,卖盘
92,14:52:09,11.61,--,170,197370,卖盘
93,14:52:06,11.61,--,28,32508,卖盘
94,14:52:03,11.61,--,7,8127,卖盘
95,14:52:00,11.61,--,617,717439,买盘
96,14:51:57,11.61,0.01,74,85914,买盘
97,14:51:54,11.6,-0.01,21,24360,卖盘
98,14:51:51,11.61,--,299,347139,买盘
99,14:51:48,11.61,--,31,35991,买盘
100,14:51:45,11.61,--,135,156735,买盘
101,14:51:42,11.61,--,42,48762,买盘
102,14:51:39,11.61,--,90,104490,买盘
103,14:51:33,11.61,--,39,45279,买盘
104,14:51:30,11.61,--,170,197370,买盘
105,14:51:27,11.61,--,13,15093,买盘
106,14:51:24,11.61,--,246,285606,买盘
107,14:51:21,11.61,0.01,293,340173,买盘
108,14:51:18,11.6,-0.01,347,402520,卖盘
109,14:51:15,11.61,--,20,23220,买盘
110,14:51:12,11.61,--,32,37152,买盘
111,14:51:09,11.61,0.01,90,104490,买盘
112,14:51:06,11.6,-0.01,76,88160,卖盘
113,14:51:03,11.61,0.01,54,62694,买盘
114,14:51:00,11.6,--,280,324800,卖盘
115,14:50:57,11.6,--,65,75400,卖盘
116,14:50:54,11.6,--,203,235642,买盘
117,14:50:51,11.6,--,5,5800,买盘
118,14:50:48,11.6,0.01,131,151960,买盘
119,14:50:45,11.59,-0.01,11,12749,卖盘
120,14:50:39,11.6,-0.01,71,83357,卖盘
121,14:50:33,11.61,0.01,205,238005,买盘
122,14:50:30,11.6,--,651,755322,买盘
123,14:50:27,11.6,0.01,2037,2362920,买盘
124,14:50:24,11.59,--,350,405650,卖盘
125,14:50:21,11.59,--,120,139080,卖盘
126,14:50:15,11.59,-0.01,10,11590,卖盘
127,14:50:12,11.6,0.01,32,37120,买盘
128,14:50:09,11.59,-0.01,27,31293,卖盘
129,14:50:06,11.6,0.01,10,11600,买盘
130,14:50:03,11.59,-0.01,114,132126,卖盘
131,14:50:00,11.6,0.01,24,27840,买盘
132,14:49:57,11.59,--,10,11590,卖盘
133,14:49:54,11.59,--,1,1159,卖盘
134,14:49:51,11.59,--,10,11590,卖盘
135,14:49:48,11.59,--,108,125172,买盘
136,14:49:45,11.59,--,236,273524,买盘
137,14:49:42,11.59,--,10,11590,买盘
138,14:49:39,11.59,0.01,52,60268,买盘
139,14:49:36,11.58,-0.01,311,360138,卖盘
140,14:49:33,11.59,--,128,148352,买盘
141,14:49:30,11.59,--,201,232959,买盘
142,14:49:27,11.59,--,4,4636,买盘
143,14:49:21,11.59,0.01,90,104310,买盘
144,14:49:18,11.58,--,132,152856,卖盘
145,14:49:15,11.58,-0.01,20,23160,卖盘
146,14:49:12,11.59,--,11,12749,买盘
147,14:49:06,11.59,0.01,21,24339,买盘
148,14:49:03,11.58,-0.01,16,18528,卖盘
149,14:49:00,11.59,0.01,14,16226,买盘
150,14:48:57,11.58,-0.01,95,110010,卖盘
151,14:48:54,11.59,--,11,12749,买盘
152,14:48:51,11.59,--,28,32452,买盘
153,14:48:48,11.59,0.01,1,1159,买盘
154,14:48:45,11.58,--,2,2316,卖盘
155,14:48:42,11.58,--,50,57900,卖盘
156,14:48:39,11.58,--,30,34740,卖盘
157,14:48:33,11.58,--,1047,1212426,卖盘
158,14:48:30,11.58,-0.01,10,11580,卖盘
159,14:48:27,11.59,0.01,11,12749,买盘
160,14:48:24,11.58,-0.01,15,17370,卖盘
161,14:48:21,11.59,0.02,6,6954,买盘
162,14:48:18,11.57,-0.01,98,113617,卖盘
163,14:48:15,11.58,--,8,9264,买盘
164,14:48:12,11.58,--,145,167910,卖盘
165,14:48:09,11.58,--,34,39372,买盘
166,14:48:06,11.58,--,100,115800,买盘
167,14:48:03,11.58,--,27,31266,买盘
168,14:48:00,11.58,--,209,242022,买盘
169,14:47:57,11.58,--,31,35898,买盘
170,14:47:54,11.58,--,113,130854,买盘
171,14:47:51,11.58,0.01,8,9264,买盘
172,14:47:48,11.57,-0.01,19,21983,卖盘
173,14:47:45,11.58,--,14,16212,买盘
174,14:47:42,11.58,--,5,5790,买盘
175,14:47:39,11.58,--,13,15054,买盘
176,14:47:36,11.58,--,54,62532,买盘
177,14:47:33,11.58,--,106,122748,买盘
178,14:47:30,11.58,--,28,32424,买盘
179,14:47:27,11.58,-0.01,9,10422,中性盘
180,14:47:24,11.59,--,179,208017,买盘
181,14:47:21,11.59,0.01,20,23180,买盘
182,14:47:18,11.58,-0.01,102,118787,卖盘
183,14:47:15,11.59,0.01,30,34770,买盘
184,14:47:12,11.58,--,36,41688,卖盘
185,14:47:09,11.58,--,6,6948,卖盘
186,14:47:06,11.58,--,54,62532,买盘
187,14:47:03,11.58,--,8,9264,买盘
188,14:47:00,11.58,--,15,17370,买盘
189,14:46:57,11.58,--,35,40530,买盘
190,14:46:54,11.58,--,1,1158,买盘
191,14:46:51,11.58,-0.01,17,19686,卖盘
192,14:46:48,11.59,--,12,13908,买盘
193,14:46:45,11.59,0.01,89,103151,买盘
194,14:46:42,11.58,0.01,14,16212,买盘
195,14:46:39,11.57,-0.01,12,13884,卖盘
196,14:46:36,11.58,--,47,54426,买盘
197,14:46:33,11.58,0.01,48,55584,买盘
198,14:46:30,11.57,--,125,144625,卖盘
199,14:46:27,11.57,-0.01,376,435032,卖盘
200,14:46:24,11.58,0.01,1852,2144616,买盘
201,14:46:21,11.57,--,54,62859,卖盘
202,14:46:18,11.57,--,8,9256,卖盘
203,14:46:15,11.57,-0.01,108,124990,卖盘
204,14:46:12,11.58,0.01,13,15054,买盘
205,14:46:09,11.57,--,38,43966,卖盘
206,14:46:06,11.57,--,474,548418,买盘
207,14:46:03,11.57,--,11,12727,买盘
208,14:45:57,11.57,0.01,41,47437,买盘
209,14:45:54,11.56,--,5,5780,卖盘
210,14:45:51,11.56,-0.01,15,17340,卖盘
211,14:45:48,11.57,--,33,38181,买盘
212,14:45:45,11.57,0.01,14,16198,买盘
213,14:45:42,11.56,-0.01,70,80920,卖盘
214,14:45:36,11.57,0.01,180,208260,买盘
215,14:45:33,11.56,-0.01,13,15028,卖盘
216,14:45:30,11.57,0.01,16,18512,买盘
217,14:45:27,11.56,-0.01,27,31212,卖盘
218,14:45:24,11.57,--,38,43966,买盘
219,14:45:21,11.57,--,53,61321,买盘
220,14:45:18,11.57,--,25,28925,买盘
221,14:45:15,11.57,--,51,59666,买盘
222,14:45:12,11.57,--,77,89563,买盘
223,14:45:09,11.57,--,55,63635,买盘
224,14:45:06,11.57,--,9,10413,买盘
225,14:45:03,11.57,--,102,118014,买盘
226,14:45:00,11.57,--,15,17355,买盘
227,14:44:57,11.57,--,25,28925,买盘
228,14:44:54,11.57,--,15,17355,买盘
229,14:44:51,11.57,--,7,8099,买盘
230,14:44:48,11.57,--,37,42809,买盘
231,14:44:45,11.57,--,106,122642,买盘
232,14:44:42,11.57,0.01,30,34710,买盘
233,14:44:39,11.56,-0.01,63,72828,卖盘
234,14:44:36,11.57,--,16,18512,买盘
235,14:44:33,11.57,--,11,12727,买盘
236,14:44:30,11.57,0.01,935,1081795,买盘
237,14:44:27,11.56,-0.01,8,9248,卖盘
238,14:44:24,11.57,0.01,36,41652,买盘
239,14:44:21,11.56,-0.01,22,25432,卖盘
240,14:44:18,11.57,--,53,61321,买盘
241,14:44:15,11.57,--,377,437195,买盘
242,14:44:12,11.57,0.01,10,11570,买盘
243,14:44:09,11.56,-0.01,75,86827,卖盘
244,14:44:06,11.57,--,230,266110,买盘
245,14:44:03,11.57,0.01,9,10413,买盘
246,14:43:57,11.56,--,55,63580,卖盘
247,14:43:54,11.56,-0.01,62,71672,卖盘
248,14:43:51,11.57,0.01,8,9256,买盘
249,14:43:48,11.56,--,21,24276,卖盘
250,14:43:45,11.56,-0.01,25,28900,卖盘
251,14:43:42,11.57,--,160,185120,买盘
252,14:43:39,11.57,0.01,31,35867,买盘
253,14:43:36,11.56,-0.01,26,30056,卖盘
254,14:43:33,11.57,--,114,131898,买盘
255,14:43:27,11.57,--,6,6942,买盘
256,14:43:24,11.57,--,12,13884,买盘
257,14:43:21,11.57,0.01,1,1157,买盘
258,14:43:18,11.56,--,1,1156,卖盘
259,14:43:15,11.56,-0.01,1,1156,卖盘
260,14:43:12,11.57,0.01,77,89089,买盘
261,14:43:09,11.56,-0.01,163,189560,卖盘
262,14:43:03,11.57,--,32,37024,买盘
263,14:43:00,11.57,--,33,38181,买盘
264,14:42:57,11.57,--,40,46280,买盘
265,14:42:54,11.57,--,8,9256,买盘
266,14:42:51,11.57,--,5,5785,买盘
267,14:42:48,11.57,--,19,21983,买盘
268,14:42:45,11.57,--,75,86775,买盘
269,14:42:39,11.57,--,115,133055,买盘
270,14:42:36,11.57,--,14,16198,买盘
271,14:42:33,11.57,--,20,23140,买盘
272,14:42:30,11.57,--,1,1157,买盘
273,14:42:27,11.57,--,34,39338,买盘
274,14:42:24,11.57,--,31,35867,买盘
275,14:42:21,11.57,0.01,370,428090,买盘
276,14:42:15,11.56,--,52,60112,卖盘
277,14:42:12,11.56,--,50,57984,卖盘
278,14:42:09,11.56,--,5,5780,卖盘
279,14:42:06,11.56,--,78,91115,买盘
280,14:42:03,11.56,--,27,31212,卖盘
281,14:42:00,11.56,-0.01,97,112132,买盘
282,14:41:57,11.57,--,352,407264,买盘
283,14:41:54,11.57,0.01,90,104130,买盘
284,14:41:51,11.56,--,24,27744,卖盘
285,14:41:45,11.56,--,21,24276,卖盘
286,14:41:42,11.56,0.01,18,20808,卖盘
287,14:41:39,11.55,-0.01,324,374220,卖盘
288,14:41:33,11.56,-0.01,15,17340,中性盘
289,14:41:30,11.57,--,56,64792,买盘
290,14:41:27,11.57,0.01,17,19669,买盘
291,14:41:24,11.56,--,43,49708,买盘
292,14:41:18,11.56,--,213,246228,卖盘
293,14:41:15,11.56,0.01,323,373388,买盘
294,14:41:12,11.55,--,470,543288,卖盘
295,14:41:09,11.55,-0.01,153,177696,卖盘
296,14:41:06,11.56,--,17,20299,买盘
297,14:41:03,11.56,--,156,180486,买盘
298,14:41:00,11.56,--,2,2312,买盘
299,14:40:57,11.56,--,25,28900,买盘
300,14:40:54,11.56,0.01,312,360672,买盘
301,14:40:51,11.55,-0.01,142,164010,卖盘
302,14:40:48,11.56,--,16,18496,买盘
303,14:40:45,11.56,--,601,694756,卖盘
304,14:40:42,11.56,--,165,190740,买盘
305,14:40:39,11.56,--,10,11560,买盘
306,14:40:36,11.56,--,14,16184,买盘
307,14:40:33,11.56,--,8,9248,买盘
308,14:40:30,11.56,0.01,20,23120,买盘
309,14:40:27,11.55,--,44,50820,卖盘
310,14:40:24,11.55,-0.01,530,612935,卖盘
311,14:40:21,11.56,--,249,287844,买盘
312,14:40:18,11.56,0.01,11,12716,买盘
313,14:40:15,11.55,-0.01,67,77385,卖盘
314,14:40:12,11.56,0.01,31,35836,买盘
315,14:40:09,11.55,-0.01,34,39789,卖盘
316,14:40:03,11.56,0.01,91,105196,买盘
317,14:40:00,11.55,-0.01,76,88392,卖盘
318,14:39:57,11.56,0.01,13,15028,买盘
319,14:39:54,11.55,--,50,57750,卖盘
320,14:39:51,11.55,--,317,366527,买盘
321,14:39:48,11.55,--,31,35805,买盘
322,14:39:45,11.55,--,16,18480,买盘
323,14:39:42,11.55,-0.02,161,186347,卖盘
324,14:39:39,11.57,0.02,84,97188,买盘
325,14:39:36,11.55,-0.01,92,106260,卖盘
326,14:39:33,11.56,--,15,17340,买盘
327,14:39:30,11.56,--,46,53176,买盘
328,14:39:27,11.56,--,122,141032,卖盘
329,14:39:24,11.56,--,131,151436,卖盘
330,14:39:21,11.56,--,195,225420,卖盘
331,14:39:18,11.56,0.01,153,176868,买盘
332,14:39:15,11.55,-0.01,12,13860,卖盘
333,14:39:12,11.56,0.01,203,234668,买盘
334,14:39:09,11.55,-0.01,80,92411,卖盘
335,14:39:03,11.56,0.01,90,105161,买盘
336,14:38:57,11.55,--,46,53915,卖盘
337,14:38:54,11.55,--,40,46200,买盘
338,14:38:51,11.55,0.01,63,72765,买盘
339,14:38:48,11.54,-0.01,10,11540,卖盘
340,14:38:45,11.55,--,48,55440,买盘
341,14:38:42,11.55,--,109,125895,买盘
342,14:38:39,11.55,--,14,16170,买盘
343,14:38:36,11.55,--,42,48510,买盘
344,14:38:33,11.55,--,31,35805,买盘
345,14:38:30,11.55,--,127,146685,买盘
346,14:38:27,11.55,--,9,10395,买盘
347,14:38:24,11.55,--,35,40425,买盘
348,14:38:21,11.55,--,270,312566,卖盘
349,14:38:15,11.55,--,19,21945,卖盘
350,14:38:12,11.55,--,72,83160,卖盘
351,14:38:09,11.55,-0.01,1,1155,卖盘
352,14:38:06,11.56,--,540,624482,买盘
353,14:38:03,11.56,--,290,336130,买盘
354,14:38:00,11.56,0.02,1588,1836190,买盘
355,14:37:57,11.54,-0.01,10,11540,卖盘
356,14:37:51,11.55,--,14,16170,买盘
357,14:37:48,11.55,0.01,75,86625,买盘
358,14:37:45,11.54,--,120,138480,卖盘
359,14:37:42,11.54,--,19,21926,买盘
360,14:37:39,11.54,--,104,120015,买盘
361,14:37:36,11.54,--,20,23080,买盘
362,14:37:33,11.54,--,124,143096,买盘
363,14:37:30,11.54,--,365,421209,买盘
364,14:37:27,11.54,--,2,2308,买盘
365,14:37:24,11.54,--,203,234261,买盘
366,14:37:21,11.54,--,98,113091,买盘
367,14:37:18,11.54,--,61,70394,买盘
368,14:37:15,11.54,--,32,36928,买盘
369,14:37:12,11.54,0.01,4,4616,买盘
370,14:37:09,11.53,-0.01,17,19601,卖盘
371,14:37:06,11.54,--,43,49621,买盘
372,14:37:03,11.54,0.01,34,40343,买盘
373,14:37:00,11.53,-0.01,72,83039,卖盘
374,14:36:54,11.54,--,54,62315,买盘
375,14:36:51,11.54,--,7,8077,买盘
376,14:36:48,11.54,--,1,1154,买盘
377,14:36:45,11.54,--,36,41544,买盘
378,14:36:42,11.54,0.01,16,18464,买盘
379,14:36:39,11.53,-0.01,6,6918,卖盘
380,14:36:36,11.54,--,64,73856,买盘
381,14:36:30,11.54,--,8,9232,买盘
382,14:36:27,11.54,--,1,1154,买盘
383,14:36:24,11.54,0.01,49,56545,买盘
384,14:36:18,11.53,--,120,138360,买盘
385,14:36:15,11.53,-0.01,11,13697,卖盘
386,14:36:12,11.54,--,81,93474,买盘
387,14:36:09,11.54,0.01,3,3461,买盘
388,14:36:03,11.53,--,92,107136,卖盘
389,14:36:00,11.53,--,60,69387,买盘
390,14:35:57,11.53,-0.01,71,81863,卖盘
391,14:35:54,11.54,--,15,17310,买盘
392,14:35:51,11.54,0.01,38,43852,买盘
393,14:35:48,11.53,-0.01,23,26519,卖盘
394,14:35:45,11.54,--,13,15001,买盘
395,14:35:42,11.54,--,8,9232,买盘
396,14:35:39,11.54,--,17,19618,买盘
397,14:35:36,11.54,--,18,20772,买盘
398,14:35:27,11.54,--,16,18464,买盘
399,14:35:24,11.54,--,10,11540,买盘
400,14:35:21,11.54,0.01,17,19756,买盘
401,14:35:18,11.53,-0.01,27,31131,卖盘
402,14:35:15,11.54,0.01,26,30003,买盘
403,14:35:06,11.53,--,253,291709,买盘
404,14:35:03,11.53,--,5,5765,买盘
405,14:35:00,11.53,--,110,127959,买盘
406,14:34:57,11.53,--,36,41508,买盘
407,14:34:54,11.53,--,163,187939,买盘
408,14:34:51,11.53,--,32,36896,买盘
409,14:34:48,11.53,--,3,3459,买盘
410,14:34:45,11.53,--,68,78404,买盘
411,14:34:42,11.53,0.01,14,16142,买盘
412,14:34:39,11.52,-0.01,6,6912,卖盘
413,14:34:36,11.53,--,3,3459,买盘
414,14:34:33,11.53,--,13,14989,买盘
415,14:34:30,11.53,--,24,27672,买盘
416,14:34:27,11.53,--,21,24213,买盘
417,14:34:24,11.53,--,13,14989,买盘
418,14:34:21,11.53,0.01,48,55344,买盘
419,14:34:18,11.52,--,9,10368,卖盘
420,14:34:15,11.52,--,2,2304,卖盘
421,14:34:12,11.52,--,7,8064,卖盘
422,14:34:09,11.52,0.01,16,18455,买盘
423,14:34:06,11.51,-0.01,12,13812,卖盘
424,14:34:03,11.52,--,3,3456,买盘
425,14:34:00,11.52,--,56,64512,卖盘
426,14:33:57,11.52,-0.01,300,345600,中性盘
427,14:33:54,11.53,--,82,95652,买盘
428,14:33:48,11.53,0.01,86,99158,买盘
429,14:33:45,11.52,--,237,273024,买盘
430,14:33:36,11.52,0.02,21,24192,买盘
431,14:33:33,11.5,-0.01,21,24150,卖盘
432,14:33:30,11.51,--,37,42587,买盘
433,14:33:27,11.51,--,18,20718,买盘
434,14:33:24,11.51,0.01,14,16114,买盘
435,14:33:21,11.5,-0.01,6,6900,卖盘
436,14:33:15,11.51,--,16,18416,买盘
437,14:33:12,11.51,0.01,12,13812,买盘
438,14:33:09,11.5,-0.01,22,25300,卖盘
439,14:33:03,11.51,0.02,112,129878,买盘
440,14:33:00,11.49,-0.01,61,70663,卖盘
441,14:32:57,11.5,--,12,13800,买盘
442,14:32:54,11.5,--,727,836602,买盘
443,14:32:51,11.5,0.01,20,23000,买盘
444,14:32:48,11.49,--,32,36768,卖盘
445,14:32:45,11.49,-0.01,17,19533,卖盘
446,14:32:39,11.5,0.01,81,93150,买盘
447,14:32:36,11.49,--,86,98814,卖盘
448,14:32:33,11.49,-0.01,7,8043,卖盘
449,14:32:30,11.5,--,21,24150,买盘
450,14:32:27,11.5,--,11,12650,买盘
451,14:32:24,11.5,--,2,2300,买盘
452,14:32:21,11.5,--,25,28750,买盘
453,14:32:15,11.5,--,25,28750,买盘
454,14:32:09,11.5,--,17,19550,买盘
455,14:32:06,11.5,--,17,19550,买盘
456,14:32:03,11.5,--,2,2300,买盘
457,14:32:00,11.5,--,690,793500,买盘
458,14:31:57,11.5,--,63,73554,买盘
459,14:31:54,11.5,0.01,69,79373,买盘
460,14:31:48,11.49,--,21,24129,卖盘
461,14:31:45,11.49,-0.01,2,2298,卖盘
462,14:31:42,11.5,--,9,10350,买盘
463,14:31:36,11.5,--,27,31050,买盘
464,14:31:27,11.5,--,1,1150,买盘
465,14:31:24,11.5,0.01,20,23000,买盘
466,14:31:21,11.49,--,10,11490,卖盘
467,14:31:18,11.49,--,130,150013,买盘
468,14:31:15,11.49,--,70,80430,买盘
469,14:31:12,11.49,0.01,159,182691,买盘
470,14:31:06,11.48,-0.01,7,8036,卖盘
471,14:31:03,11.49,--,19,21831,买盘
472,14:31:00,11.49,0.01,122,140178,买盘
473,14:30:57,11.48,--,38,44576,卖盘
474,14:30:54,11.48,-0.01,22,25256,卖盘
475,14:30:51,11.49,--,304,349468,买盘
476,14:30:48,11.49,--,6,6894,买盘
477,14:30:45,11.49,--,29,33321,买盘
478,14:30:42,11.49,0.01,13,14937,买盘
479,14:30:36,11.48,--,66,75768,卖盘
480,14:30:33,11.48,-0.01,11,13408,卖盘
481,14:30:30,11.49,0.01,16,18384,买盘
482,14:30:21,11.48,-0.01,21,24108,卖盘
483,14:30:18,11.49,0.01,30,34470,买盘
484,14:30:15,11.48,-0.01,318,365064,卖盘
485,14:30:09,11.49,--,165,189585,买盘
486,14:30:06,11.49,--,11,12639,买盘
487,14:30:03,11.49,--,2,2298,买盘
488,14:29:57,11.49,0.01,14,16086,买盘
489,14:29:54,11.48,--,31,35737,卖盘
490,14:29:51,11.48,--,22,25256,卖盘
491,14:29:48,11.48,--,81,93963,卖盘
492,14:29:45,11.48,-0.01,2,2296,卖盘
493,14:29:39,11.49,0.01,10,11490,买盘
494,14:29:36,11.48,--,6,6888,卖盘
495,14:29:30,11.48,--,7,8816,卖盘
496,14:29:24,11.48,--,56,64288,卖盘
497,14:29:15,11.48,-0.01,2,2296,卖盘
498,14:29:12,11.49,--,2,2298,买盘
499,14:29:09,11.49,--,3,3447,买盘
500,14:29:06,11.49,0.01,15,17235,买盘
501,14:29:03,11.48,--,7,8036,卖盘
502,14:29:00,11.48,--,10,11480,卖盘
503,14:28:51,11.48,--,128,148069,卖盘
504,14:28:48,11.48,-0.01,11,12628,卖盘
505,14:28:45,11.49,--,10,11490,买盘
506,14:28:42,11.49,0.01,42,48258,买盘
507,14:28:39,11.48,-0.01,30,34440,卖盘
508,14:28:36,11.49,0.01,4,4596,买盘
509,14:28:33,11.48,--,1,1148,卖盘
510,14:28:24,11.48,-0.01,16,18368,卖盘
511,14:28:21,11.49,--,37,42513,买盘
512,14:28:18,11.49,--,4,4596,买盘
513,14:28:15,11.49,--,6,6894,买盘
514,14:28:12,11.49,--,71,81579,买盘
515,14:28:09,11.49,--,5,5745,买盘
516,14:28:03,11.49,--,16,18384,买盘
517,14:27:57,11.49,--,35,40215,买盘
518,14:27:54,11.49,--,65,74685,买盘
519,14:27:51,11.49,0.01,44,51624,买盘
520,14:27:48,11.48,-0.01,13,14924,卖盘
521,14:27:45,11.49,--,77,88530,买盘
522,14:27:42,11.49,--,1,1149,买盘
523,14:27:39,11.49,--,19,21831,买盘
524,14:27:36,11.49,--,6,6894,买盘
525,14:27:30,11.49,--,17,19533,买盘
526,14:27:27,11.49,-0.01,35,40215,卖盘
527,14:27:24,11.5,--,1,1150,买盘
528,14:27:18,11.5,0.02,56,64400,买盘
529,14:27:15,11.48,-0.02,2,2296,卖盘
530,14:27:12,11.5,0.01,8,9200,买盘
531,14:27:09,11.49,0.01,27,31804,买盘
532,14:27:00,11.48,-0.02,7,8036,卖盘
533,14:26:57,11.5,0.01,27,31050,买盘
534,14:26:54,11.49,0.01,30,34470,买盘
535,14:26:51,11.48,-0.01,37,42785,卖盘
536,14:26:48,11.49,--,1,1149,买盘
537,14:26:45,11.49,--,73,84692,买盘
538,14:26:42,11.49,--,4,4596,买盘
539,14:26:39,11.49,--,2,2298,买盘
540,14:26:36,11.49,--,23,26427,买盘
541,14:26:33,11.49,0.01,9,10341,买盘
542,14:26:30,11.48,-0.01,7,8816,卖盘
543,14:26:27,11.49,--,24,27576,买盘
544,14:26:24,11.49,--,19,21831,卖盘
545,14:26:21,11.49,-0.01,25,28725,卖盘
546,14:26:18,11.5,0.01,84,96761,买盘
547,14:26:15,11.49,-0.01,9,10341,卖盘
548,14:26:12,11.5,0.01,15,17250,买盘
549,14:26:09,11.49,--,32,36768,卖盘
550,14:26:06,11.49,--,31,35619,卖盘
551,14:26:03,11.49,--,214,246874,买盘
552,14:26:00,11.49,--,158,181542,买盘
553,14:25:57,11.49,--,9,10341,买盘
554,14:25:54,11.49,0.01,24,27576,买盘
555,14:25:51,11.48,-0.01,21,24888,卖盘
556,14:25:48,11.49,--,53,60897,买盘
557,14:25:45,11.49,0.01,54,62689,买盘
558,14:25:42,11.48,-0.01,63,72806,卖盘
559,14:25:39,11.49,0.01,13,14937,买盘
560,14:25:36,11.48,--,10,11480,卖盘
561,14:25:33,11.48,-0.01,6,6888,卖盘
562,14:25:30,11.49,0.01,15,17235,买盘
563,14:25:27,11.48,--,40,45920,卖盘
564,14:25:18,11.48,-0.01,98,112504,卖盘
565,14:25:15,11.49,0.01,5,5745,买盘
566,14:25:12,11.48,--,62,71176,卖盘
567,14:25:09,11.48,--,7,8036,卖盘
568,14:25:06,11.48,-0.01,26,29848,卖盘
569,14:25:03,11.49,--,21,24129,买盘
570,14:25:00,11.49,--,24,27576,买盘
571,14:24:57,11.49,--,15,17235,买盘
572,14:24:54,11.49,--,19,21831,买盘
573,14:24:51,11.49,--,18,20682,买盘
574,14:24:48,11.49,--,10,11490,买盘
575,14:24:45,11.49,--,45,51900,买盘
576,14:24:42,11.49,0.01,70,81360,买盘
577,14:24:39,11.48,-0.01,51,58548,卖盘
578,14:24:36,11.49,0.01,9,10341,买盘
579,14:24:33,11.48,-0.01,26,29848,卖盘
580,14:24:30,11.49,--,26,29874,买盘
581,14:24:27,11.49,--,33,37917,买盘
582,14:24:24,11.49,--,53,60897,买盘
583,14:24:21,11.49,--,15,17235,买盘
584,14:24:15,11.49,-0.01,195,224192,卖盘
585,14:24:12,11.5,0.01,14,16100,买盘
586,14:24:09,11.49,-0.01,25,28725,卖盘
587,14:24:06,11.5,--,35,40250,买盘
588,14:24:03,11.5,--,61,70794,买盘
589,14:24:00,11.5,--,51,58650,买盘
590,14:23:57,11.5,0.01,8,9200,买盘
591,14:23:51,11.49,--,53,60897,卖盘
592,14:23:48,11.49,--,77,88473,卖盘
593,14:23:45,11.49,--,23,26427,卖盘
594,14:23:42,11.49,-0.01,35,41076,卖盘
595,14:23:39,11.5,--,83,95714,买盘
596,14:23:36,11.5,--,36,41400,买盘
597,14:23:33,11.5,--,41,47150,买盘
598,14:23:30,11.5,--,15,17250,买盘
599,14:23:27,11.5,--,38,43700,买盘
600,14:23:24,11.5,--,16,18400,买盘
601,14:23:21,11.5,--,12,13800,买盘
602,14:23:18,11.5,--,80,92000,买盘
603,14:23:15,11.5,--,34,39100,买盘
604,14:23:12,11.5,--,30,34500,买盘
605,14:23:06,11.5,--,114,131100,买盘
606,14:23:03,11.5,-0.01,287,330073,卖盘
607,14:23:00,11.51,--,20,23020,买盘
608,14:22:57,11.51,--,1,1151,买盘
609,14:22:54,11.51,--,113,130063,买盘
610,14:22:51,11.51,--,108,124308,买盘
611,14:22:45,11.51,--,66,75966,买盘
612,14:22:42,11.51,0.01,51,58724,买盘
613,14:22:39,11.5,--,57,66654,卖盘
614,14:22:33,11.5,-0.01,36,41400,卖盘
615,14:22:30,11.51,0.02,32,36832,买盘
616,14:22:27,11.49,--,57,66274,卖盘
617,14:22:24,11.49,-0.01,26,29874,卖盘
618,14:22:21,11.5,--,16,18400,买盘
619,14:22:18,11.5,--,96,110400,买盘
620,14:22:15,11.5,--,49,56350,买盘
621,14:22:09,11.5,--,174,200100,买盘
622,14:22:06,11.5,--,101,116150,买盘
623,14:22:03,11.5,--,6,6900,买盘
624,14:22:00,11.5,--,429,493350,买盘
625,14:21:57,11.5,0.01,76,87400,买盘
626,14:21:54,11.49,-0.01,28,32172,卖盘
627,14:21:51,11.5,--,12,13800,买盘
628,14:21:48,11.5,--,13,14950,买盘
629,14:21:45,11.5,--,28,32200,买盘
630,14:21:42,11.5,--,31,35650,买盘
631,14:21:39,11.5,--,49,56948,买盘
632,14:21:36,11.5,0.01,78,90229,买盘
633,14:21:33,11.49,-0.01,7,8824,卖盘
634,14:21:27,11.5,--,28,32200,买盘
635,14:21:24,11.5,0.01,36,41400,买盘
636,14:21:21,11.49,--,85,97665,买盘
637,14:21:18,11.49,--,8,9192,买盘
638,14:21:15,11.49,--,25,28725,买盘
639,14:21:12,11.49,0.01,57,65493,买盘
640,14:21:03,11.48,--,59,67732,卖盘
641,14:21:00,11.48,-0.01,6,6888,卖盘
642,14:20:57,11.49,--,46,52854,卖盘
643,14:20:54,11.49,--,92,105708,买盘
644,14:20:48,11.49,0.01,71,81579,买盘
645,14:20:45,11.48,-0.01,1,1148,卖盘
646,14:20:42,11.49,0.01,14,16086,买盘
647,14:20:39,11.48,-0.01,60,69235,卖盘
648,14:20:36,11.49,0.01,78,89622,买盘
649,14:20:33,11.48,-0.01,70,81129,卖盘
650,14:20:30,11.49,--,15,17235,买盘
651,14:20:27,11.49,0.01,3,3447,买盘
652,14:20:24,11.48,--,10,11480,卖盘
653,14:20:21,11.48,--,895,1027460,买盘
654,14:20:18,11.48,0.01,3,3444,买盘
655,14:20:15,11.47,--,8,9176,卖盘
656,14:20:12,11.47,-0.01,52,59644,卖盘
657,14:20:09,11.48,--,95,109060,买盘
658,14:20:06,11.48,0.01,20,22960,买盘
659,14:19:57,11.47,--,19,21793,卖盘
660,14:19:54,11.47,--,23,26381,卖盘
661,14:19:51,11.47,-0.01,4,4588,卖盘
662,14:19:48,11.48,--,1,1148,买盘
663,14:19:45,11.48,0.02,15,17220,买盘
664,14:19:42,11.46,-0.01,8,9168,卖盘
665,14:19:39,11.47,--,16,18352,卖盘
666,14:19:36,11.47,0.01,63,72501,买盘
667,14:19:33,11.46,-0.01,126,144865,卖盘
668,14:19:27,11.47,--,53,60791,买盘
669,14:19:24,11.47,--,73,83731,买盘
670,14:19:21,11.47,--,13,14911,卖盘
671,14:19:18,11.47,--,7,8029,卖盘
672,14:19:15,11.47,--,136,155992,买盘
673,14:19:12,11.47,--,20,22940,买盘
674,14:19:09,11.47,0.01,227,260369,买盘
675,14:19:06,11.46,-0.01,7,8022,卖盘
676,14:19:03,11.47,0.01,23,26381,买盘
677,14:19:00,11.46,-0.01,2,2292,卖盘
678,14:18:57,11.47,--,23,26381,买盘
679,14:18:51,11.47,0.01,124,142228,买盘
680,14:18:48,11.46,-0.01,1,1146,卖盘
681,14:18:45,11.47,--,29,33263,买盘
682,14:18:42,11.47,0.01,43,49321,买盘
683,14:18:39,11.46,--,2,2292,卖盘
684,14:18:33,11.46,-0.01,109,126037,卖盘
685,14:18:30,11.47,0.01,18,20646,买盘
686,14:18:27,11.46,--,6,6876,卖盘
687,14:18:24,11.46,--,49,56154,卖盘
688,14:18:21,11.46,-0.01,70,80220,卖盘
689,14:18:18,11.47,--,24,27528,买盘
690,14:18:15,11.47,0.01,4,4588,买盘
691,14:18:12,11.46,--,74,84804,卖盘
692,14:18:09,11.46,-0.01,21,24066,卖盘
693,14:18:03,11.47,--,9,10323,买盘
694,14:18:00,11.47,--,7,8029,买盘
695,14:17:57,11.47,--,27,30969,买盘
696,14:17:54,11.47,0.01,19,21793,买盘
697,14:17:51,11.46,-0.01,6,6876,卖盘
698,14:17:48,11.47,--,22,25234,买盘
699,14:17:45,11.47,0.01,55,63085,买盘
700,14:17:42,11.46,-0.01,18,20628,卖盘
701,14:17:36,11.47,--,42,48174,买盘
702,14:17:33,11.47,0.02,3,3441,买盘
703,14:17:30,11.45,--,56,64772,卖盘
704,14:17:27,11.45,-0.01,61,70314,卖盘
705,14:17:24,11.46,--,39,44694,买盘
706,14:17:21,11.46,0.01,10,11460,买盘
707,14:17:18,11.45,-0.01,70,80150,卖盘
708,14:17:15,11.46,--,4,4584,买盘
709,14:17:12,11.46,--,16,18336,买盘
710,14:17:09,11.46,--,31,35526,买盘
711,14:17:03,11.46,--,32,36672,买盘
712,14:17:00,11.46,--,18,20628,买盘
713,14:16:57,11.46,--,21,24066,买盘
714,14:16:54,11.46,--,24,27504,买盘
715,14:16:51,11.46,--,34,38964,买盘
716,14:16:48,11.46,0.01,10,11460,买盘
717,14:16:45,11.45,-0.01,2,2290,卖盘
718,14:16:39,11.46,0.01,264,302544,买盘
719,14:16:33,11.45,--,106,121369,卖盘
720,14:16:30,11.45,-0.01,67,77791,卖盘
721,14:16:27,11.46,--,51,58446,买盘
722,14:16:24,11.46,--,103,118083,卖盘
723,14:16:21,11.46,-0.01,5,5730,卖盘
724,14:16:18,11.47,0.02,15,17205,买盘
725,14:16:15,11.45,-0.01,2,2290,卖盘
726,14:16:12,11.46,--,119,136786,卖盘
727,14:16:09,11.46,-0.01,33,37818,卖盘
728,14:16:06,11.47,--,296,339512,买盘
729,14:16:03,11.47,--,36,41292,买盘
730,14:16:00,11.47,--,27,30969,买盘
731,14:15:57,11.47,--,8,9176,买盘
732,14:15:54,11.47,0.01,41,47027,买盘
733,14:15:51,11.46,-0.01,21,24066,卖盘
734,14:15:45,11.47,0.01,37,42439,买盘
735,14:15:42,11.46,-0.01,14,16044,卖盘
736,14:15:39,11.47,0.01,128,146816,买盘
737,14:15:36,11.46,-0.01,15,17190,卖盘
738,14:15:33,11.47,--,5,5735,买盘
739,14:15:30,11.47,0.01,49,56386,买盘
740,14:15:24,11.46,--,80,92619,卖盘
741,14:15:21,11.46,-0.01,46,52716,卖盘
742,14:15:18,11.47,--,46,52762,买盘
743,14:15:15,11.47,0.01,30,34410,买盘
744,14:15:06,11.46,--,201,230346,卖盘
745,14:15:03,11.46,--,19,21774,卖盘
746,14:15:00,11.46,-0.01,7,8022,卖盘
747,14:14:57,11.47,--,14,16058,买盘
748,14:14:54,11.47,0.01,18,20646,买盘
749,14:14:48,11.46,--,20,22920,卖盘
750,14:14:45,11.46,-0.01,2,2292,卖盘
751,14:14:42,11.47,--,10,11470,买盘
752,14:14:36,11.47,--,10,11470,买盘
753,14:14:33,11.47,--,29,33263,买盘
754,14:14:27,11.47,0.01,5,5735,买盘
755,14:14:24,11.46,--,35,40545,卖盘
756,14:14:21,11.46,--,60,69447,卖盘
757,14:14:18,11.46,--,28,32088,卖盘
758,14:14:15,11.46,--,2,2292,卖盘
759,14:14:12,11.46,-0.01,19,21774,卖盘
760,14:14:09,11.47,--,32,36704,买盘
761,14:14:03,11.47,--,9,10323,买盘
762,14:14:00,11.47,--,1,1147,买盘
763,14:13:57,11.47,--,1,1147,买盘
764,14:13:54,11.47,--,19,21793,买盘
765,14:13:48,11.47,--,18,20646,买盘
766,14:13:45,11.47,0.01,8,9176,买盘
767,14:13:39,11.46,--,40,45840,卖盘
768,14:13:36,11.46,--,30,34380,卖盘
769,14:13:27,11.46,--,63,72622,买盘
770,14:13:24,11.46,--,1,1146,买盘
771,14:13:21,11.46,--,66,75968,卖盘
772,14:13:15,11.46,--,1,1146,卖盘
773,14:13:06,11.46,-0.01,7,8022,卖盘
774,14:13:03,11.47,--,14,16058,买盘
775,14:13:00,11.47,0.01,48,55056,买盘
776,14:12:57,11.46,-0.01,7,8022,卖盘
777,14:12:54,11.47,--,19,21793,买盘
778,14:12:48,11.47,--,27,30969,买盘
779,14:12:45,11.47,0.01,31,35557,买盘
780,14:12:42,11.46,--,20,22920,卖盘
781,14:12:39,11.46,--,51,58446,卖盘
782,14:12:33,11.46,-0.01,6,6876,卖盘
783,14:12:30,11.47,0.01,2,2294,买盘
784,14:12:27,11.46,--,71,82214,卖盘
785,14:12:24,11.46,--,507,581022,卖盘
786,14:12:21,11.46,--,257,294797,卖盘
787,14:12:18,11.46,-0.01,11,12606,卖盘
788,14:12:15,11.47,0.01,128,146816,买盘
789,14:12:12,11.46,-0.01,22,25212,卖盘
790,14:12:06,11.47,--,38,43586,买盘
791,14:12:03,11.47,0.01,5,5735,买盘
792,14:12:00,11.46,-0.01,15,17190,卖盘
793,14:11:57,11.47,--,7,8029,买盘
794,14:11:54,11.47,0.01,34,38998,买盘
795,14:11:51,11.46,-0.01,11,12606,卖盘
796,14:11:48,11.47,0.01,166,190402,买盘
797,14:11:45,11.46,-0.01,2,2292,卖盘
798,14:11:42,11.47,0.01,13,14911,买盘
799,14:11:36,11.46,-0.02,27,30942,卖盘
800,14:11:33,11.48,--,25,28700,买盘
801,14:11:30,11.48,--,7,8036,买盘
802,14:11:27,11.48,--,24,27552,买盘
803,14:11:24,11.48,--,38,44691,买盘
804,14:11:21,11.48,0.02,15,17220,买盘
805,14:11:18,11.46,-0.01,70,80277,卖盘
806,14:11:15,11.47,--,2,2294,卖盘
807,14:11:12,11.47,0.01,126,144522,买盘
808,14:11:09,11.46,-0.01,38,43548,卖盘
809,14:11:06,11.47,--,20,22940,买盘
810,14:11:03,11.47,--,83,95201,买盘
811,14:11:00,11.47,--,26,29822,买盘
812,14:10:57,11.47,0.01,223,255781,买盘
813,14:10:54,11.46,-0.01,45,51570,卖盘
814,14:10:51,11.47,--,2,2294,买盘
815,14:10:48,11.47,0.01,16,18352,买盘
816,14:10:45,11.46,--,7,8022,卖盘
817,14:10:42,11.46,-0.01,1,1146,卖盘
818,14:10:36,11.47,--,14,16058,买盘
819,14:10:33,11.47,--,29,33263,买盘
820,14:10:27,11.47,--,24,27528,买盘
821,14:10:24,11.47,0.01,113,129611,买盘
822,14:10:21,11.46,-0.01,59,68404,卖盘
823,14:10:18,11.47,--,88,101268,买盘
824,14:10:15,11.47,0.01,37,42439,买盘
825,14:10:12,11.46,--,7,8022,卖盘
826,14:10:09,11.46,-0.01,6,6876,卖盘
827,14:10:06,11.47,--,21,24087,买盘
828,14:10:03,11.47,--,16,18352,买盘
829,14:10:00,11.47,--,21,24087,买盘
830,14:09:57,11.47,--,1,1147,买盘
831,14:09:51,11.47,--,35,40145,买盘
832,14:09:48,11.47,0.01,342,392274,买盘
833,14:09:45,11.46,-0.01,2,2292,卖盘
834,14:09:42,11.47,0.01,64,73408,买盘
835,14:09:39,11.46,-0.01,7,8022,卖盘
836,14:09:30,11.47,--,25,28675,买盘
837,14:09:27,11.47,--,4,4588,买盘
838,14:09:24,11.47,0.01,15,17205,买盘
839,14:09:18,11.46,--,57,66078,卖盘
840,14:09:15,11.46,-0.01,60,69126,卖盘
841,14:09:12,11.47,--,3,3441,买盘
842,14:09:09,11.47,--,13,14911,买盘
843,14:09:03,11.47,--,4,4588,买盘
844,14:09:00,11.47,0.01,13,14911,买盘
845,14:08:57,11.46,--,31,35526,卖盘
846,14:08:54,11.46,-0.01,4,4584,卖盘
847,14:08:51,11.47,--,21,24087,买盘
848,14:08:45,11.47,--,23,26381,买盘
849,14:08:42,11.47,0.01,15,17205,买盘
850,14:08:39,11.46,-0.01,6,6876,卖盘
851,14:08:36,11.47,0.01,24,27528,买盘
852,14:08:30,11.46,-0.01,41,46986,卖盘
853,14:08:27,11.47,--,2,2294,买盘
854,14:08:24,11.47,--,65,75220,卖盘
855,14:08:21,11.47,--,142,162874,卖盘
856,14:08:18,11.47,--,69,79613,卖盘
857,14:08:15,11.47,--,103,118794,卖盘
858,14:08:12,11.47,--,35,40145,卖盘
859,14:08:09,11.47,--,7,8029,卖盘
860,14:08:06,11.47,-0.01,2,2294,卖盘
861,14:08:03,11.48,0.01,19,21812,买盘
862,14:07:57,11.47,--,43,49321,卖盘
863,14:07:54,11.47,--,6,6882,卖盘
864,14:07:51,11.47,-0.01,90,103230,卖盘
865,14:07:48,11.48,--,4,5234,买盘
866,14:07:45,11.48,0.01,5,5740,买盘
867,14:07:39,11.47,-0.01,21,24087,卖盘
868,14:07:36,11.48,0.01,4,4592,买盘
869,14:07:30,11.47,-0.01,10,11470,卖盘
870,14:07:27,11.48,--,27,30996,买盘
871,14:07:24,11.48,--,8,9184,买盘
872,14:07:18,11.48,--,49,56917,买盘
873,14:07:15,11.48,0.01,10,11480,买盘
874,14:07:12,11.47,--,38,43586,卖盘
875,14:07:09,11.47,-0.01,127,146127,卖盘
876,14:07:06,11.48,--,43,49364,买盘
877,14:07:03,11.48,--,4,4592,买盘
878,14:07:00,11.48,--,22,25256,买盘
879,14:06:57,11.48,0.01,15,17220,买盘
880,14:06:54,11.47,-0.01,17,19499,卖盘
881,14:06:51,11.48,0.01,21,24108,买盘
882,14:06:48,11.47,-0.01,6,6882,卖盘
883,14:06:45,11.48,--,46,52808,买盘
884,14:06:42,11.48,0.01,21,24108,买盘
885,14:06:39,11.47,--,35,40145,卖盘
886,14:06:36,11.47,-0.01,50,57350,卖盘
887,14:06:33,11.48,--,21,24108,买盘
888,14:06:30,11.48,--,1,1148,买盘
889,14:06:27,11.48,--,2,2296,买盘
890,14:06:24,11.48,0.01,13,14924,买盘
891,14:06:18,11.47,--,30,35327,卖盘
892,14:06:15,11.47,-0.01,9,10323,卖盘
893,14:06:12,11.48,0.01,76,87454,买盘
894,14:06:09,11.47,--,148,169756,卖盘
895,14:06:06,11.47,0.01,331,380712,买盘
896,14:06:03,11.46,--,20,22920,卖盘
897,14:06:00,11.46,-0.01,6,6876,卖盘
898,14:05:57,11.47,0.01,23,26381,买盘
899,14:05:51,11.46,--,57,65322,卖盘
900,14:05:48,11.46,-0.01,33,37818,卖盘
901,14:05:45,11.47,--,46,52762,买盘
902,14:05:42,11.47,--,8,9176,买盘
903,14:05:39,11.47,--,70,80290,买盘
904,14:05:33,11.47,0.01,53,60791,买盘
905,14:05:30,11.46,-0.01,30,34380,卖盘
906,14:05:27,11.47,--,21,24087,买盘
907,14:05:24,11.47,--,9,10323,买盘
908,14:05:21,11.47,0.01,20,22940,买盘
909,14:05:18,11.46,-0.01,62,71052,卖盘
910,14:05:15,11.47,0.01,25,28675,买盘
911,14:05:12,11.46,--,68,78374,卖盘
912,14:05:09,11.46,-0.01,58,67144,卖盘
913,14:05:06,11.47,--,23,26381,买盘
914,14:05:03,11.47,--,23,26381,买盘
915,14:04:57,11.47,--,9,10323,买盘
916,14:04:54,11.47,--,39,44733,买盘
917,14:04:51,11.47,--,12,13764,买盘
918,14:04:45,11.47,0.01,15,17205,买盘
919,14:04:42,11.46,--,18,20628,卖盘
920,14:04:39,11.46,0.01,14,16044,买盘
921,14:04:36,11.45,-0.02,11,12595,卖盘
922,14:04:33,11.47,0.01,42,48265,买盘
923,14:04:30,11.46,--,1,2200,买盘
924,14:04:27,11.46,-0.01,264,302635,卖盘
925,14:04:24,11.47,0.01,16,18352,买盘
926,14:04:21,11.46,-0.01,86,98556,卖盘
927,14:04:18,11.47,0.01,27,30969,买盘
928,14:04:15,11.46,--,2,2292,卖盘
929,14:04:12,11.46,--,36,41256,卖盘
930,14:04:09,11.46,--,38,44522,卖盘
931,14:04:06,11.46,-0.01,61,70054,卖盘
932,14:04:03,11.47,--,2,2294,买盘
933,14:04:00,11.47,0.01,30,34410,买盘
934,14:03:57,11.46,--,150,171900,卖盘
935,14:03:54,11.46,--,53,60738,卖盘
936,14:03:51,11.46,-0.01,20,22920,卖盘
937,14:03:48,11.47,0.01,17,19499,买盘
938,14:03:45,11.46,-0.01,2,2292,卖盘
939,14:03:39,11.47,--,109,125023,买盘
940,14:03:36,11.47,--,23,26381,买盘
941,14:03:30,11.47,0.01,4,4588,买盘
942,14:03:27,11.46,--,119,136374,卖盘
943,14:03:24,11.46,--,72,82512,卖盘
944,14:03:18,11.46,-0.01,2,2292,卖盘
945,14:03:15,11.47,0.01,25,28675,买盘
946,14:03:12,11.46,-0.01,36,41851,卖盘
947,14:03:06,11.47,--,96,110639,买盘
948,14:03:03,11.47,0.01,15,17205,买盘
949,14:03:00,11.46,--,22,25212,卖盘
950,14:02:54,11.46,--,21,24066,卖盘
951,14:02:51,11.46,-0.01,6,6876,卖盘
952,14:02:48,11.47,--,34,38998,买盘
953,14:02:45,11.47,0.01,15,17205,买盘
954,14:02:42,11.46,--,71,81366,卖盘
955,14:02:39,11.46,-0.01,101,115746,卖盘
956,14:02:36,11.47,--,13,14911,买盘
957,14:02:33,11.47,0.01,15,17205,买盘
958,14:02:30,11.46,-0.01,59,67614,卖盘
959,14:02:27,11.47,--,4,4588,买盘
960,14:02:24,11.47,--,44,50468,卖盘
961,14:02:21,11.47,--,15,17205,卖盘
962,14:02:18,11.47,--,115,131905,买盘
963,14:02:15,11.47,0.01,14,16058,买盘
964,14:02:12,11.46,-0.01,86,98556,卖盘
965,14:02:09,11.47,--,105,120733,买盘
966,14:02:06,11.47,--,16,18352,买盘
967,14:02:03,11.47,--,140,161405,买盘
968,14:02:00,11.47,--,258,295926,买盘
969,14:01:57,11.47,--,1,1147,买盘
970,14:01:54,11.47,--,12,13764,买盘
971,14:01:51,11.47,--,66,75702,买盘
972,14:01:48,11.47,--,16,18352,买盘
973,14:01:45,11.47,0.01,53,60791,买盘
974,14:01:42,11.46,-0.01,2,2292,卖盘
975,14:01:39,11.47,--,5,5735,买盘
976,14:01:36,11.47,--,25,28675,买盘
977,14:01:33,11.47,--,44,50468,买盘
978,14:01:30,11.47,--,90,103230,买盘
979,14:01:27,11.47,--,115,131905,买盘
980,14:01:24,11.47,--,16,18352,买盘
981,14:01:21,11.47,--,93,106671,买盘
982,14:01:18,11.47,--,17,19499,买盘
983,14:01:15,11.47,--,31,35557,买盘
984,14:01:12,11.47,--,142,162874,买盘
985,14:01:09,11.47,--,48,55250,买盘
986,14:01:03,11.47,--,80,92689,买盘
987,14:01:00,11.47,--,52,59644,买盘
988,14:00:57,11.47,--,30,34410,买盘
989,14:00:54,11.47,--,14,16058,买盘
990,14:00:51,11.47,--,49,56203,买盘
991,14:00:48,11.47,0.01,28,32116,买盘
992,14:00:45,11.46,-0.01,1,1146,卖盘
993,14:00:42,11.47,0.01,14,16058,买盘
994,14:00:36,11.46,--,27,30942,卖盘
995,14:00:33,11.46,-0.02,7,8022,买盘
996,14:00:30,11.48,0.03,65,74620,买盘
997,14:00:27,11.45,-0.01,177,203787,卖盘
998,14:00:24,11.46,--,185,212010,买盘
999,14:00:21,11.46,--,82,93972,买盘
1000,14:00:18,11.46,--,26,29796,买盘
1001,14:00:15,11.46,--,29,33234,买盘
1002,14:00:12,11.46,--,21,24066,买盘
1003,14:00:09,11.46,--,24,27504,买盘
1004,14:00:06,11.46,-0.02,561,643501,卖盘
1005,14:00:03,11.48,0.01,183,210635,买盘
1006,14:00:00,11.47,-0.01,35,40145,卖盘
1007,13:59:57,11.48,0.01,16,18368,买盘
1008,13:59:54,11.47,--,4,4588,卖盘
1009,13:59:51,11.47,--,24,27528,卖盘
1010,13:59:48,11.47,--,5,5735,卖盘
1011,13:59:45,11.47,--,8,9176,中性盘
1012,13:59:42,11.47,--,58,66526,买盘
1013,13:59:39,11.47,--,23,26381,买盘
1014,13:59:36,11.47,--,65,74555,买盘
1015,13:59:33,11.47,--,45,51706,卖盘
1016,13:59:30,11.47,--,5,6790,买盘
1017,13:59:27,11.47,--,21,24087,买盘
1018,13:59:24,11.47,0.01,159,182373,买盘
1019,13:59:21,11.46,--,9,10314,卖盘
1020,13:59:18,11.46,--,215,246390,买盘
1021,13:59:15,11.46,0.01,188,215448,买盘
1022,13:59:12,11.45,-0.01,112,128239,卖盘
1023,13:59:09,11.46,--,19,21774,买盘
1024,13:59:06,11.46,0.01,316,362136,买盘
1025,13:59:03,11.45,0.01,65,75306,买盘
1026,13:58:57,11.44,-0.01,121,138664,卖盘
1027,13:58:54,11.45,--,19,21755,买盘
1028,13:58:51,11.45,0.01,100,114500,买盘
1029,13:58:48,11.44,--,6,6864,卖盘
1030,13:58:42,11.44,-0.01,102,116688,卖盘
1031,13:58:36,11.45,0.01,39,44655,买盘
1032,13:58:33,11.44,--,39,44616,卖盘
1033,13:58:30,11.44,--,57,65208,买盘
1034,13:58:27,11.44,--,252,288288,买盘
1035,13:58:24,11.44,--,5,5720,买盘
1036,13:58:21,11.44,0.01,1,1144,买盘
1037,13:58:18,11.43,--,8,9144,卖盘
1038,13:58:12,11.43,--,1,1143,卖盘
1039,13:58:09,11.43,-0.01,87,99441,卖盘
1040,13:58:03,11.44,--,45,51720,买盘
1041,13:58:00,11.44,0.02,2,2288,买盘
1042,13:57:57,11.42,-0.01,82,94523,卖盘
1043,13:57:54,11.43,0.01,13,14859,买盘
1044,13:57:51,11.42,-0.01,74,84508,卖盘
1045,13:57:48,11.43,--,403,460629,买盘
1046,13:57:45,11.43,0.01,30,34290,买盘
1047,13:57:42,11.42,-0.01,72,82224,卖盘
1048,13:57:39,11.43,--,9,10287,买盘
1049,13:57:33,11.43,--,22,25146,买盘
1050,13:57:27,11.43,--,2,2286,买盘
1051,13:57:24,11.43,--,28,32004,买盘
1052,13:57:21,11.43,--,157,179451,买盘
1053,13:57:18,11.43,--,25,28575,买盘
1054,13:57:15,11.43,--,54,61722,买盘
1055,13:57:12,11.43,0.01,14,16002,买盘
1056,13:57:09,11.42,-0.01,25,28550,卖盘
1057,13:57:06,11.43,0.01,12,13716,买盘
1058,13:57:03,11.42,--,38,43396,卖盘
1059,13:57:00,11.42,-0.01,100,114348,卖盘
1060,13:56:57,11.43,--,74,85553,买盘
1061,13:56:54,11.43,0.01,15,17145,买盘
1062,13:56:51,11.42,--,1,1142,卖盘
1063,13:56:48,11.42,--,20,22840,卖盘
1064,13:56:45,11.42,-0.01,2,2284,卖盘
1065,13:56:42,11.43,--,2,2286,买盘
1066,13:56:36,11.43,-0.01,1168,1335561,卖盘
1067,13:56:33,11.44,--,20,22880,买盘
1068,13:56:27,11.44,--,2,2288,买盘
1069,13:56:24,11.44,--,15,17160,买盘
1070,13:56:18,11.44,0.01,21,24024,买盘
1071,13:56:15,11.43,--,26,29718,卖盘
1072,13:56:12,11.43,-0.02,15,17145,卖盘
1073,13:56:09,11.45,--,25,28625,买盘
1074,13:56:03,11.45,0.03,66,76176,买盘
1075,13:55:57,11.42,-0.01,69,79311,卖盘
1076,13:55:54,11.43,-0.01,5,5715,卖盘
1077,13:55:51,11.44,0.01,35,40040,买盘
1078,13:55:48,11.43,--,5,5715,卖盘
1079,13:55:45,11.43,-0.01,1,1143,卖盘
1080,13:55:42,11.44,--,15,17160,买盘
1081,13:55:36,11.44,--,64,73216,买盘
1082,13:55:30,11.44,0.01,18,20592,买盘
1083,13:55:27,11.43,--,13,15613,买盘
1084,13:55:24,11.43,-0.01,219,250705,卖盘
1085,13:55:18,11.44,0.01,33,38529,买盘
1086,13:55:15,11.43,--,186,212598,卖盘
1087,13:55:12,11.43,--,2,2286,卖盘
1088,13:55:09,11.43,--,136,156568,买盘
1089,13:55:03,11.43,--,4,4572,买盘
1090,13:55:00,11.43,--,89,102492,卖盘
1091,13:54:57,11.43,--,2,2286,卖盘
1092,13:54:51,11.43,--,68,78101,卖盘
1093,13:54:48,11.43,0.01,75,86845,买盘
1094,13:54:45,11.42,--,77,87934,买盘
1095,13:54:39,11.42,-0.01,315,359730,卖盘
1096,13:54:36,11.43,--,113,129159,买盘
1097,13:54:30,11.43,--,1,1143,买盘
1098,13:54:27,11.43,0.01,8,9144,买盘
1099,13:54:24,11.42,--,20,22840,卖盘
1100,13:54:21,11.42,--,7,7994,买盘
1101,13:54:15,11.42,--,33,37686,卖盘
1102,13:54:12,11.42,--,23,26266,卖盘
1103,13:54:09,11.42,-0.01,1,1142,卖盘
1104,13:54:03,11.43,--,21,24003,买盘
1105,13:54:00,11.43,--,22,25146,买盘
1106,13:53:57,11.43,0.01,12,13716,买盘
1107,13:53:54,11.42,-0.01,93,107325,卖盘
1108,13:53:51,11.43,0.02,22,25146,买盘
1109,13:53:42,11.41,--,23,26243,卖盘
1110,13:53:36,11.41,--,1,1141,卖盘
1111,13:53:33,11.41,-0.02,23,26243,卖盘
1112,13:53:30,11.43,0.01,14,16002,买盘
1113,13:53:27,11.42,0.01,2,2284,买盘
1114,13:53:21,11.41,--,16,19351,买盘
1115,13:53:18,11.41,0.01,122,139202,买盘
1116,13:53:15,11.4,--,17,19380,卖盘
1117,13:53:12,11.4,-0.01,682,777480,卖盘
1118,13:53:09,11.41,--,23,26243,买盘
1119,13:53:06,11.41,0.01,113,128933,买盘
1120,13:53:00,11.4,-0.01,35,39900,卖盘
1121,13:52:57,11.41,0.01,57,65379,买盘
1122,13:52:54,11.4,-0.01,7,7980,卖盘
1123,13:52:51,11.41,0.01,12,13692,买盘
1124,13:52:48,11.4,-0.02,755,861520,卖盘
1125,13:52:45,11.42,0.01,14,15988,买盘
1126,13:52:42,11.41,-0.01,40,45662,卖盘
1127,13:52:36,11.42,-0.01,22,25124,卖盘
1128,13:52:33,11.43,0.01,39,44577,买盘
1129,13:52:30,11.42,--,5,5710,卖盘
1130,13:52:27,11.42,-0.01,7,7994,卖盘
1131,13:52:24,11.43,--,315,360045,买盘
1132,13:52:21,11.43,0.01,12,13716,买盘
1133,13:52:15,11.42,--,9,10278,卖盘
1134,13:52:12,11.42,-0.01,36,41112,卖盘
1135,13:52:03,11.43,--,15,17145,买盘
1136,13:52:00,11.43,0.01,98,112014,买盘
1137,13:51:57,11.42,-0.01,1,1142,卖盘
1138,13:51:54,11.43,0.01,11,12573,买盘
1139,13:51:51,11.42,-0.01,49,57054,卖盘
1140,13:51:48,11.43,0.01,6,6858,买盘
1141,13:51:45,11.42,0.01,58,66258,中性盘
1142,13:51:42,11.41,-0.02,7,7987,卖盘
1143,13:51:39,11.43,0.02,19,21717,买盘
1144,13:51:36,11.41,-0.02,9,10269,卖盘
1145,13:51:33,11.43,--,21,24003,买盘
1146,13:51:27,11.43,--,27,30861,买盘
1147,13:51:24,11.43,--,5,5715,买盘
1148,13:51:18,11.43,0.01,14,16002,买盘
1149,13:51:15,11.42,0.01,3,3426,买盘
1150,13:51:12,11.41,-0.01,42,47922,卖盘
1151,13:51:09,11.42,--,2,2284,卖盘
1152,13:51:06,11.42,-0.01,17,19414,卖盘
1153,13:51:03,11.43,--,6,6858,买盘
1154,13:51:00,11.43,-0.01,22,25146,中性盘
1155,13:50:57,11.44,--,144,165513,买盘
1156,13:50:54,11.44,0.03,204,233742,买盘
1157,13:50:51,11.41,--,57,65299,卖盘
1158,13:50:48,11.41,--,59,68174,卖盘
1159,13:50:45,11.41,-0.01,1,1141,卖盘
1160,13:50:42,11.42,--,15,17130,买盘
1161,13:50:39,11.42,--,101,115342,买盘
1162,13:50:36,11.42,--,5,5710,买盘
1163,13:50:33,11.42,--,67,76514,买盘
1164,13:50:30,11.42,--,17,19414,买盘
1165,13:50:27,11.42,--,1,1142,买盘
1166,13:50:24,11.42,--,2,2284,买盘
1167,13:50:21,11.42,0.01,31,35402,买盘
1168,13:50:18,11.41,--,32,36512,卖盘
1169,13:50:15,11.41,-0.01,2,2282,卖盘
1170,13:50:12,11.42,-0.01,256,292477,卖盘
1171,13:50:09,11.43,--,32,36576,买盘
1172,13:50:06,11.43,0.01,25,28575,买盘
1173,13:50:00,11.42,--,50,57100,卖盘
1174,13:49:57,11.42,-0.01,2,2284,卖盘
1175,13:49:54,11.43,0.01,20,22860,买盘
1176,13:49:51,11.42,--,50,57157,卖盘
1177,13:49:48,11.42,--,88,101558,卖盘
1178,13:49:45,11.42,--,38,43396,卖盘
1179,13:49:42,11.42,-0.01,2,2284,卖盘
1180,13:49:39,11.43,--,18,20574,买盘
1181,13:49:36,11.43,0.01,1,1143,买盘
1182,13:49:33,11.42,--,30,34260,卖盘
1183,13:49:30,11.42,-0.01,87,100130,卖盘
1184,13:49:27,11.43,--,33,37719,买盘
1185,13:49:24,11.43,--,11,12573,买盘
1186,13:49:21,11.43,--,30,34290,买盘
1187,13:49:18,11.43,0.01,13,14859,买盘
1188,13:49:12,11.42,-0.01,23,26266,卖盘
1189,13:49:09,11.43,0.01,42,48006,买盘
1190,13:49:06,11.42,-0.01,38,43396,卖盘
1191,13:49:03,11.43,0.01,2,2286,买盘
1192,13:49:00,11.42,-0.01,7,7994,卖盘
1193,13:48:57,11.43,--,111,126873,买盘
1194,13:48:54,11.43,--,4,4572,买盘
1195,13:48:51,11.43,--,32,36576,买盘
1196,13:48:48,11.43,--,37,42553,买盘
1197,13:48:45,11.43,-0.01,123,140874,卖盘
1198,13:48:42,11.44,0.01,99,114114,买盘
1199,13:48:39,11.43,--,17,19431,卖盘
1200,13:48:36,11.43,-0.01,12,13716,卖盘
1201,13:48:33,11.44,--,15,17160,买盘
1202,13:48:30,11.44,0.01,29,33176,买盘
1203,13:48:27,11.43,-0.01,154,176022,卖盘
1204,13:48:24,11.44,--,25,28600,买盘
1205,13:48:21,11.44,0.01,14,16016,买盘
1206,13:48:18,11.43,-0.01,2,2286,卖盘
1207,13:48:15,11.44,0.02,128,146432,买盘
1208,13:48:12,11.42,-0.01,1,1142,卖盘
1209,13:48:09,11.43,--,25,28575,买盘
1210,13:48:06,11.43,-0.01,18,20574,卖盘
1211,13:48:03,11.44,--,1,1144,买盘
1212,13:48:00,11.44,0.02,80,91520,买盘
1213,13:47:57,11.42,--,529,604118,卖盘
1214,13:47:54,11.42,--,7,7994,卖盘
1215,13:47:51,11.42,-0.01,6,6852,卖盘
1216,13:47:48,11.43,--,47,54246,买盘
1217,13:47:45,11.43,0.01,79,90891,买盘
1218,13:47:42,11.42,-0.01,2,2284,卖盘
1219,13:47:39,11.43,0.01,13,14859,买盘
1220,13:47:36,11.42,0.01,36,41112,买盘
1221,13:47:33,11.41,--,7,7987,卖盘
1222,13:47:27,11.41,-0.01,26,29666,卖盘
1223,13:47:24,11.42,--,11,12562,买盘
1224,13:47:15,11.42,0.01,315,359730,买盘
1225,13:47:12,11.41,-0.01,31,35371,卖盘
1226,13:47:06,11.42,0.02,32,36544,买盘
1227,13:47:00,11.4,--,19,21660,卖盘
1228,13:46:57,11.4,-0.02,23,26220,卖盘
1229,13:46:54,11.42,0.01,18,20556,买盘
1230,13:46:51,11.41,0.01,66,75306,买盘
1231,13:46:48,11.4,-0.01,57,65447,卖盘
1232,13:46:45,11.41,0.01,4,4564,买盘
1233,13:46:42,11.4,--,17,19380,卖盘
1234,13:46:39,11.4,-0.01,56,64489,卖盘
1235,13:46:36,11.41,--,308,351428,买盘
1236,13:46:33,11.41,--,5,5705,买盘
1237,13:46:30,11.41,--,14,15974,买盘
1238,13:46:27,11.41,0.01,73,83293,买盘
1239,13:46:24,11.4,-0.01,30,34200,卖盘
1240,13:46:21,11.41,0.01,24,27384,买盘
1241,13:46:18,11.4,--,12,13680,卖盘
1242,13:46:15,11.4,--,112,127680,卖盘
1243,13:46:12,11.4,-0.01,17,19380,卖盘
1244,13:46:09,11.41,--,24,27384,买盘
1245,13:46:03,11.41,--,27,30807,买盘
1246,13:46:00,11.41,0.01,149,170009,买盘
1247,13:45:57,11.4,-0.01,48,54720,卖盘
1248,13:45:51,11.41,--,11,12551,买盘
1249,13:45:48,11.41,--,121,138061,买盘
1250,13:45:45,11.41,0.01,20,22820,买盘
1251,13:45:42,11.4,--,65,74305,卖盘
1252,13:45:39,11.4,-0.01,64,73872,卖盘
1253,13:45:36,11.41,--,13,14833,买盘
1254,13:45:33,11.41,--,119,135779,买盘
1255,13:45:30,11.41,--,2,2282,买盘
1256,13:45:24,11.41,--,15,17115,买盘
1257,13:45:15,11.41,0.01,16,18256,买盘
1258,13:45:12,11.4,-0.01,29,33060,卖盘
1259,13:45:03,11.41,0.01,53,60473,买盘
1260,13:45:00,11.4,0.01,52,59280,中性盘
1261,13:44:54,11.39,-0.02,22,25058,卖盘
1262,13:44:51,11.41,0.02,15,17115,买盘
1263,13:44:48,11.39,-0.01,296,337508,卖盘
1264,13:44:45,11.4,--,6,6840,卖盘
1265,13:44:42,11.4,--,4,4560,卖盘
1266,13:44:39,11.4,--,104,119677,卖盘
1267,13:44:36,11.4,--,3,3420,卖盘
1268,13:44:33,11.4,--,77,87780,卖盘
1269,13:44:27,11.4,-0.01,23,26220,买盘
1270,13:44:24,11.41,0.01,571,651511,买盘
1271,13:44:21,11.4,--,40,45600,买盘
1272,13:44:15,11.4,0.01,7,7980,买盘
1273,13:44:12,11.39,-0.01,2,2278,卖盘
1274,13:44:09,11.4,--,301,343140,买盘
1275,13:44:03,11.4,--,72,82080,买盘
1276,13:44:00,11.4,0.01,8,9120,买盘
1277,13:43:57,11.39,-0.01,20,22780,卖盘
1278,13:43:54,11.4,--,32,36480,买盘
1279,13:43:45,11.4,0.01,59,67260,买盘
1280,13:43:42,11.39,-0.01,31,36083,卖盘
1281,13:43:39,11.4,--,11,12540,买盘
1282,13:43:36,11.4,--,3,3420,买盘
1283,13:43:33,11.4,--,78,89262,买盘
1284,13:43:30,11.4,--,15,17100,买盘
1285,13:43:27,11.4,--,19,21660,买盘
1286,13:43:24,11.4,--,20,22800,买盘
1287,13:43:21,11.4,--,62,70680,买盘
1288,13:43:18,11.4,--,100,114000,买盘
1289,13:43:15,11.4,0.01,300,342000,买盘
1290,13:43:12,11.39,-0.01,8,9112,卖盘
1291,13:43:03,11.4,--,117,133380,买盘
1292,13:43:00,11.4,--,10,11400,买盘
1293,13:42:57,11.4,0.01,5,5700,买盘
1294,13:42:54,11.39,-0.01,5,5695,卖盘
1295,13:42:51,11.4,0.01,4,4560,买盘
1296,13:42:48,11.39,--,183,208437,卖盘
1297,13:42:45,11.39,--,34,39819,卖盘
1298,13:42:42,11.39,--,2,2278,卖盘
1299,13:42:39,11.39,--,76,86586,卖盘
1300,13:42:36,11.39,--,10,11390,卖盘
1301,13:42:33,11.39,--,23,26197,卖盘
1302,13:42:30,11.39,-0.01,20,22780,卖盘
1303,13:42:27,11.4,0.01,12,13680,买盘
1304,13:42:24,11.39,--,54,61506,卖盘
1305,13:42:21,11.39,-0.01,45,51255,卖盘
1306,13:42:18,11.4,--,10,11400,买盘
1307,13:42:15,11.4,0.01,50,57000,买盘
1308,13:42:12,11.39,--,2,2278,卖盘
1309,13:42:09,11.39,-0.01,17,19363,卖盘
1310,13:42:06,11.4,--,8,9120,买盘
1311,13:42:03,11.4,--,37,42180,买盘
1312,13:42:00,11.4,--,45,51300,买盘
1313,13:41:57,11.4,--,117,133380,买盘
1314,13:41:51,11.4,--,111,126540,买盘
1315,13:41:48,11.4,--,16,18240,买盘
1316,13:41:45,11.4,0.01,89,101460,买盘
1317,13:41:42,11.39,-0.01,39,44648,卖盘
1318,13:41:39,11.4,0.01,23,26220,买盘
1319,13:41:36,11.39,-0.01,285,325480,卖盘
1320,13:41:33,11.4,0.01,115,131350,买盘
1321,13:41:30,11.39,--,10,11390,卖盘
1322,13:41:27,11.39,-0.01,43,48977,卖盘
1323,13:41:24,11.4,--,53,60420,买盘
1324,13:41:18,11.4,--,32,36480,买盘
1325,13:41:15,11.4,0.01,35,39900,买盘
1326,13:41:12,11.39,--,73,83147,卖盘
1327,13:41:09,11.39,-0.01,20,22780,卖盘
1328,13:41:06,11.4,--,151,172140,买盘
1329,13:41:03,11.4,--,16,18240,买盘
1330,13:41:00,11.4,--,109,124260,买盘
1331,13:40:57,11.4,--,39,44460,买盘
1332,13:40:54,11.4,--,2,2280,买盘
1333,13:40:51,11.4,--,34,38760,买盘
1334,13:40:48,11.4,0.01,32,36480,买盘
1335,13:40:45,11.39,-0.01,30,34170,卖盘
1336,13:40:42,11.4,--,218,248520,中性盘
1337,13:40:39,11.4,0.01,45,52291,买盘
1338,13:40:33,11.39,-0.01,89,101496,卖盘
1339,13:40:30,11.4,--,46,52440,买盘
1340,13:40:27,11.4,--,30,34200,买盘
1341,13:40:24,11.4,--,38,43320,买盘
1342,13:40:21,11.4,0.01,35,39900,买盘
1343,13:40:18,11.39,--,273,310947,卖盘
1344,13:40:12,11.39,--,2,2278,卖盘
1345,13:40:09,11.39,-0.01,105,119595,卖盘
1346,13:40:03,11.4,--,32,36480,买盘
1347,13:40:00,11.4,0.01,81,92340,买盘
1348,13:39:57,11.39,-0.01,42,47838,卖盘
1349,13:39:51,11.4,0.01,24,27360,买盘
1350,13:39:48,11.39,0.01,24,27336,卖盘
1351,13:39:45,11.38,-0.02,200,227600,卖盘
1352,13:39:42,11.4,--,12,13680,买盘
1353,13:39:39,11.4,0.01,1,1140,买盘
1354,13:39:36,11.39,-0.01,44,50799,卖盘
1355,13:39:33,11.4,0.01,10,11400,买盘
1356,13:39:30,11.39,--,80,91552,买盘
1357,13:39:27,11.39,-0.01,26,29614,卖盘
1358,13:39:24,11.4,0.01,25,28500,买盘
1359,13:39:21,11.39,--,658,749462,卖盘
1360,13:39:15,11.39,-0.01,82,93398,卖盘
1361,13:39:12,11.4,--,38,43320,买盘
1362,13:39:09,11.4,--,24,27360,买盘
1363,13:39:06,11.4,--,3,3420,买盘
1364,13:39:03,11.4,--,2,2280,买盘
1365,13:39:00,11.4,--,65,74100,买盘
1366,13:38:57,11.4,0.01,11,12540,买盘
1367,13:38:54,11.39,--,50,56950,卖盘
1368,13:38:51,11.39,-0.01,35,39865,卖盘
1369,13:38:48,11.4,0.01,5,5700,买盘
1370,13:38:45,11.39,--,6,6834,卖盘
1371,13:38:42,11.39,-0.01,17,19363,卖盘
1372,13:38:39,11.4,0.01,1,1140,买盘
1373,13:38:33,11.39,--,43,49979,买盘
1374,13:38:30,11.39,--,36,41004,卖盘
1375,13:38:27,11.39,--,79,90094,卖盘
1376,13:38:24,11.39,--,53,60367,卖盘
1377,13:38:21,11.39,--,132,150348,卖盘
1378,13:38:18,11.39,--,37,42143,卖盘
1379,13:38:15,11.39,--,2,2278,卖盘
1380,13:38:12,11.39,-0.01,21,23919,卖盘
1381,13:38:09,11.4,--,2,2280,买盘
1382,13:38:06,11.4,0.02,13,14820,买盘
1383,13:38:00,11.38,-0.01,50,56900,卖盘
1384,13:37:57,11.39,-0.01,5,5695,卖盘
1385,13:37:54,11.4,0.01,27,30780,买盘
1386,13:37:51,11.39,--,25,29568,卖盘
1387,13:37:48,11.39,-0.01,138,157182,卖盘
1388,13:37:45,11.4,0.01,15,17100,买盘
1389,13:37:42,11.39,-0.01,2,2278,卖盘
1390,13:37:39,11.4,0.01,1,1140,买盘
1391,13:37:36,11.39,--,56,63829,买盘
1392,13:37:33,11.39,--,209,238051,卖盘
1393,13:37:30,11.39,--,5,5695,卖盘
1394,13:37:27,11.39,--,107,122943,买盘
1395,13:37:24,11.39,--,104,118456,买盘
1396,13:37:21,11.39,0.01,32,36448,买盘
1397,13:37:18,11.38,-0.01,13,14794,卖盘
1398,13:37:15,11.39,0.01,21,23919,买盘
1399,13:37:12,11.38,-0.01,130,147940,卖盘
1400,13:37:09,11.39,--,5,5695,买盘
1401,13:37:06,11.39,--,53,60367,买盘
1402,13:37:03,11.39,--,41,46699,卖盘
1403,13:37:00,11.39,--,29,33031,买盘
1404,13:36:54,11.39,--,14,15946,卖盘
1405,13:36:51,11.39,-0.01,10,11390,卖盘
1406,13:36:48,11.4,0.01,16,18240,买盘
1407,13:36:42,11.39,--,9,10251,买盘
1408,13:36:39,11.39,0.01,15,17085,买盘
1409,13:36:36,11.38,--,1041,1184658,卖盘
1410,13:36:33,11.38,-0.01,27,30726,卖盘
1411,13:36:30,11.39,0.01,1,1139,中性盘
1412,13:36:27,11.38,-0.02,114,130437,卖盘
1413,13:36:24,11.4,0.01,70,80210,买盘
1414,13:36:18,11.39,--,26,29614,买盘
1415,13:36:15,11.39,0.01,10,11390,买盘
1416,13:36:12,11.38,--,25,28450,卖盘
1417,13:36:09,11.38,-0.01,31,35278,卖盘
1418,13:36:06,11.39,--,39,44421,卖盘
1419,13:36:03,11.39,--,92,104788,买盘
1420,13:36:00,11.39,0.01,157,178823,买盘
1421,13:35:57,11.38,-0.01,20,22760,卖盘
1422,13:35:54,11.39,0.01,23,26197,买盘
1423,13:35:48,11.38,-0.01,153,174114,卖盘
1424,13:35:45,11.39,0.01,10,11390,买盘
1425,13:35:42,11.38,--,78,88764,卖盘
1426,13:35:39,11.38,--,141,160458,卖盘
1427,13:35:36,11.38,-0.01,70,79660,卖盘
1428,13:35:33,11.39,0.01,16,18224,买盘
1429,13:35:30,11.38,-0.01,32,37098,卖盘
1430,13:35:27,11.39,0.02,2,2278,买盘
1431,13:35:24,11.37,-0.01,248,282408,卖盘
1432,13:35:21,11.38,--,42,47796,卖盘
1433,13:35:18,11.38,--,117,133146,卖盘
1434,13:35:15,11.38,--,247,281086,卖盘
1435,13:35:12,11.38,--,18,20484,卖盘
1436,13:35:09,11.38,--,53,60314,卖盘
1437,13:35:06,11.38,--,3,3414,卖盘
1438,13:35:00,11.38,-0.01,15,17070,卖盘
1439,13:34:57,11.39,--,16,18224,买盘
1440,13:34:54,11.39,--,126,143514,买盘
1441,13:34:51,11.39,--,95,108205,买盘
1442,13:34:48,11.39,0.01,359,408901,买盘
1443,13:34:45,11.38,--,45,51210,卖盘
1444,13:34:42,11.38,0.01,40,45520,中性盘
1445,13:34:39,11.37,-0.01,68,77316,卖盘
1446,13:34:36,11.38,--,97,110386,买盘
1447,13:34:33,11.38,0.01,54,61452,卖盘
1448,13:34:30,11.37,-0.01,28,32768,卖盘
1449,13:34:27,11.38,--,28,32046,买盘
1450,13:34:24,11.38,-0.01,74,84212,卖盘
1451,13:34:21,11.39,-0.01,69,78591,中性盘
1452,13:34:15,11.4,0.01,2136,2435541,买盘
1453,13:34:12,11.39,-0.01,61,69479,卖盘
1454,13:34:09,11.4,0.01,50,57000,买盘
1455,13:34:06,11.39,--,158,179962,卖盘
1456,13:34:03,11.39,--,16,18224,卖盘
1457,13:34:00,11.39,--,300,341700,卖盘
1458,13:33:57,11.39,-0.01,616,701624,卖盘
1459,13:33:54,11.4,--,32,36480,买盘
1460,13:33:51,11.4,-0.01,511,582904,卖盘
1461,13:33:48,11.41,--,97,110677,买盘
1462,13:33:45,11.41,--,114,130074,买盘
1463,13:33:42,11.41,--,66,75306,买盘
1464,13:33:39,11.41,0.01,17,19397,买盘
1465,13:33:36,11.4,--,436,497040,卖盘
1466,13:33:33,11.4,--,921,1049940,卖盘
1467,13:33:30,11.4,-0.01,50,57000,卖盘
1468,13:33:27,11.41,--,57,65037,买盘
1469,13:33:24,11.41,--,40,46119,买盘
1470,13:33:21,11.41,0.01,90,103328,买盘
1471,13:33:18,11.4,--,4408,5025120,卖盘
1472,13:33:15,11.4,--,31,35340,卖盘
1473,13:33:12,11.4,-0.01,172,196080,卖盘
1474,13:33:09,11.41,--,14,15974,买盘
1475,13:33:06,11.41,--,1,1141,买盘
1476,13:33:03,11.41,--,97,110677,买盘
1477,13:32:57,11.41,--,47,53627,买盘
1478,13:32:51,11.41,--,351,401209,卖盘
1479,13:32:48,11.41,-0.01,41,46781,卖盘
1480,13:32:45,11.42,0.02,85,97492,买盘
1481,13:32:42,11.4,-0.01,4,4560,卖盘
1482,13:32:39,11.41,--,427,487925,卖盘
1483,13:32:36,11.41,--,341,389081,卖盘
1484,13:32:33,11.41,--,10,11410,卖盘
1485,13:32:27,11.41,--,226,257866,卖盘
1486,13:32:24,11.41,--,31,36009,卖盘
1487,13:32:21,11.41,--,62,71221,卖盘
1488,13:32:15,11.41,--,161,183701,卖盘
1489,13:32:12,11.41,-0.01,2,2282,卖盘
1490,13:32:09,11.42,--,1,1142,买盘
1491,13:32:06,11.42,--,127,145034,买盘
1492,13:32:03,11.42,--,158,180436,买盘
1493,13:32:00,11.42,--,10,11420,买盘
1494,13:31:57,11.42,--,60,68520,买盘
1495,13:31:51,11.42,0.01,112,127904,买盘
1496,13:31:42,11.41,--,129,147189,卖盘
1497,13:31:39,11.41,-0.01,11,12551,卖盘
1498,13:31:36,11.42,0.01,28,31976,买盘
1499,13:31:33,11.41,--,237,270417,卖盘
1500,13:31:30,11.41,--,31,35371,卖盘
1501,13:31:24,11.41,--,28,32689,卖盘
1502,13:31:18,11.41,-0.01,129,147565,卖盘
1503,13:31:15,11.42,0.01,14,15988,买盘
1504,13:31:12,11.41,-0.01,18,20538,卖盘
1505,13:31:09,11.42,0.01,65,74230,买盘
1506,13:31:06,11.41,--,81,92421,卖盘
1507,13:31:03,11.41,--,7,8797,卖盘
1508,13:31:00,11.41,--,23,26243,卖盘
1509,13:30:57,11.41,--,15,17115,卖盘
1510,13:30:54,11.41,--,210,239610,卖盘
1511,13:30:48,11.41,--,167,190547,卖盘
1512,13:30:42,11.41,--,1,1141,卖盘
1513,13:30:39,11.41,-0.01,12,13692,卖盘
1514,13:30:36,11.42,--,5,5710,买盘
1515,13:30:33,11.42,--,15,17130,买盘
1516,13:30:30,11.42,0.01,28,31976,买盘
1517,13:30:27,11.41,-0.01,62,70742,卖盘
1518,13:30:24,11.42,--,14,15988,买盘
1519,13:30:21,11.42,0.01,37,43019,买盘
1520,13:30:18,11.41,-0.01,90,103043,卖盘
1521,13:30:15,11.42,0.01,15,17130,买盘
1522,13:30:12,11.41,--,7,7987,卖盘
1523,13:30:06,11.41,--,40,45640,卖盘
1524,13:30:03,11.41,--,16,18256,卖盘
1525,13:30:00,11.41,--,3,3423,卖盘
1526,13:29:57,11.41,-0.01,1,1141,卖盘
1527,13:29:54,11.42,--,20,22840,买盘
1528,13:29:51,11.42,0.01,20,22840,买盘
1529,13:29:42,11.41,-0.01,2,2282,卖盘
1530,13:29:39,11.42,--,12,13704,买盘
1531,13:29:36,11.42,0.01,50,57100,买盘
1532,13:29:33,11.41,-0.01,72,82152,卖盘
1533,13:29:30,11.42,--,2,2284,买盘
1534,13:29:27,11.42,0.01,55,62810,买盘
1535,13:29:24,11.41,--,6,6846,卖盘
1536,13:29:21,11.41,--,31,36272,卖盘
1537,13:29:15,11.41,--,68,77804,卖盘
1538,13:29:12,11.41,-0.01,3,3423,卖盘
1539,13:29:09,11.42,--,682,778844,买盘
1540,13:29:03,11.42,--,16,18272,买盘
1541,13:28:54,11.42,--,11,12562,买盘
1542,13:28:51,11.42,--,49,55958,买盘
1543,13:28:45,11.42,0.01,8,9136,买盘
1544,13:28:42,11.41,--,2,2282,卖盘
1545,13:28:39,11.41,-0.01,29,33089,卖盘
1546,13:28:36,11.42,--,2,2284,买盘
1547,13:28:33,11.42,--,22,25124,买盘
1548,13:28:24,11.42,--,1,1142,买盘
1549,13:28:21,11.42,0.01,39,45577,买盘
1550,13:28:18,11.41,--,2,2282,卖盘
1551,13:28:12,11.41,--,65,74244,卖盘
1552,13:28:09,11.41,-0.01,31,35371,卖盘
1553,13:28:06,11.42,--,6,6852,买盘
1554,13:28:03,11.42,--,35,39970,买盘
1555,13:28:00,11.42,0.01,9,10278,买盘
1556,13:27:57,11.41,-0.01,66,75306,卖盘
1557,13:27:54,11.42,--,39,44538,买盘
1558,13:27:51,11.42,--,68,77656,买盘
1559,13:27:48,11.42,0.01,22,25124,买盘
1560,13:27:42,11.41,--,2,2282,卖盘
1561,13:27:39,11.41,--,103,117523,卖盘
1562,13:27:36,11.41,-0.01,58,66178,卖盘
1563,13:27:33,11.42,0.01,20,22840,买盘
1564,13:27:30,11.41,--,10,11410,卖盘
1565,13:27:27,11.41,-0.01,466,531706,卖盘
1566,13:27:24,11.42,--,10,11420,买盘
1567,13:27:18,11.42,--,42,48831,买盘
1568,13:27:15,11.42,0.01,35,39970,买盘
1569,13:27:12,11.41,--,305,348256,卖盘
1570,13:27:06,11.41,-0.01,2,2282,卖盘
1571,13:27:03,11.42,--,27,30834,买盘
1572,13:27:00,11.42,--,5,5710,买盘
1573,13:26:57,11.42,0.01,15,17130,买盘
1574,13:26:54,11.41,-0.01,40,45640,卖盘
1575,13:26:51,11.42,--,17,19414,买盘
1576,13:26:48,11.42,--,26,29692,买盘
1577,13:26:45,11.42,--,86,98212,买盘
1578,13:26:42,11.42,--,17,19414,买盘
1579,13:26:39,11.42,0.01,1,1142,买盘
1580,13:26:36,11.41,-0.01,57,65037,卖盘
1581,13:26:30,11.42,0.01,114,130188,买盘
1582,13:26:24,11.41,--,52,59332,卖盘
1583,13:26:21,11.41,--,180,205380,卖盘
1584,13:26:18,11.41,--,2,2282,卖盘
1585,13:26:15,11.41,--,127,146013,卖盘
1586,13:26:12,11.41,--,14,15974,卖盘
1587,13:26:09,11.41,-0.01,100,114111,卖盘
1588,13:26:06,11.42,--,30,34260,买盘
1589,13:26:03,11.42,--,21,23982,买盘
1590,13:25:57,11.42,0.01,57,65094,买盘
1591,13:25:54,11.41,-0.01,3,3423,卖盘
1592,13:25:51,11.42,--,50,57100,买盘
1593,13:25:48,11.42,0.01,15,17130,买盘
1594,13:25:45,11.41,--,272,310352,卖盘
1595,13:25:42,11.41,-0.01,1,1141,卖盘
1596,13:25:39,11.42,--,202,230684,买盘
1597,13:25:36,11.42,0.01,24,27408,买盘
1598,13:25:33,11.41,-0.01,25,28696,卖盘
1599,13:25:30,11.42,--,35,39970,买盘
1600,13:25:27,11.42,--,17,19414,买盘
1601,13:25:24,11.42,--,102,116484,买盘
1602,13:25:18,11.42,0.01,94,107348,买盘
1603,13:25:15,11.41,--,35,40414,卖盘
1604,13:25:12,11.41,--,17,19397,卖盘
1605,13:25:09,11.41,-0.01,148,169506,卖盘
1606,13:25:06,11.42,0.01,29,33118,买盘
1607,13:25:00,11.41,-0.01,45,51345,卖盘
1608,13:24:57,11.42,--,17,19414,买盘
1609,13:24:54,11.42,--,128,146176,买盘
1610,13:24:51,11.42,--,71,81082,买盘
1611,13:24:48,11.42,0.01,106,121052,买盘
1612,13:24:42,11.41,-0.01,203,231623,卖盘
1613,13:24:39,11.42,--,196,223832,买盘
1614,13:24:33,11.42,--,10,11420,买盘
1615,13:24:30,11.42,0.01,69,78798,买盘
1616,13:24:27,11.41,--,2,2282,卖盘
1617,13:24:21,11.41,-0.01,2,2282,卖盘
1618,13:24:18,11.42,0.01,55,62810,买盘
1619,13:24:12,11.41,--,44,50728,卖盘
1620,13:24:09,11.41,--,66,75306,卖盘
1621,13:24:06,11.41,-0.01,66,75899,卖盘
1622,13:24:03,11.42,--,97,110774,买盘
1623,13:24:00,11.42,0.01,1,1142,买盘
1624,13:23:57,11.41,-0.01,11,12551,卖盘
1625,13:23:54,11.42,--,17,19414,买盘
1626,13:23:51,11.42,0.01,15,17130,买盘
1627,13:23:48,11.41,-0.01,1,1141,卖盘
1628,13:23:45,11.42,0.01,14,15988,买盘
1629,13:23:42,11.41,-0.01,2,2282,卖盘
1630,13:23:39,11.42,--,1,1142,买盘
1631,13:23:36,11.42,--,7,7994,买盘
1632,13:23:33,11.42,--,23,26266,买盘
1633,13:23:30,11.42,0.01,13,14846,买盘
1634,13:23:27,11.41,-0.01,12,13692,卖盘
1635,13:23:24,11.42,--,1,1142,买盘
1636,13:23:21,11.42,--,411,469362,买盘
1637,13:23:18,11.42,0.01,11,12562,买盘
1638,13:23:12,11.41,-0.01,70,80988,卖盘
1639,13:23:09,11.42,0.01,10,11420,买盘
1640,13:23:06,11.41,--,58,66178,卖盘
1641,13:23:03,11.41,-0.01,44,50204,卖盘
1642,13:23:00,11.42,--,43,49106,买盘
1643,13:22:57,11.42,--,48,54816,买盘
1644,13:22:54,11.42,--,8,9136,买盘
1645,13:22:51,11.42,0.01,39,44538,买盘
1646,13:22:42,11.41,--,12,13692,卖盘
1647,13:22:39,11.41,--,66,75306,卖盘
1648,13:22:36,11.41,-0.01,10,11410,卖盘
1649,13:22:33,11.42,0.01,22,25124,买盘
1650,13:22:30,11.41,-0.01,29,33089,卖盘
1651,13:22:27,11.42,0.01,35,39970,买盘
1652,13:22:24,11.41,-0.01,78,88998,卖盘
1653,13:22:21,11.42,--,4,4568,买盘
1654,13:22:18,11.42,0.01,14,15988,买盘
1655,13:22:12,11.41,--,34,39204,卖盘
1656,13:22:06,11.41,--,92,105679,卖盘
1657,13:22:00,11.41,--,42,47922,卖盘
1658,13:21:57,11.41,--,42,47922,卖盘
1659,13:21:54,11.41,--,44,50204,卖盘
1660,13:21:51,11.41,-0.01,44,50204,卖盘
1661,13:21:48,11.42,0.01,141,161022,买盘
1662,13:21:45,11.41,--,147,167727,卖盘
1663,13:21:42,11.41,-0.01,33,37653,卖盘
1664,13:21:39,11.42,0.01,1,1142,买盘
1665,13:21:36,11.41,-0.01,48,54768,卖盘
1666,13:21:33,11.42,0.01,16,18272,买盘
1667,13:21:30,11.41,--,39,44499,卖盘
1668,13:21:27,11.41,0.01,264,302056,买盘
1669,13:21:24,11.4,-0.01,164,186960,卖盘
1670,13:21:21,11.41,0.01,30,34230,买盘
1671,13:21:18,11.4,-0.01,8,9120,卖盘
1672,13:21:15,11.41,--,11,12551,买盘
1673,13:21:12,11.41,-0.01,676,771624,卖盘
1674,13:21:09,11.42,--,83,95288,买盘
1675,13:21:03,11.42,--,83,95402,买盘
1676,13:21:00,11.42,0.01,19,21698,买盘
1677,13:20:57,11.41,--,28,31948,卖盘
1678,13:20:54,11.41,-0.01,22,25102,卖盘
1679,13:20:51,11.42,--,13,14846,买盘
1680,13:20:48,11.42,--,1,1142,买盘
1681,13:20:45,11.42,0.01,43,49106,买盘
1682,13:20:42,11.41,-0.01,25,28525,卖盘
1683,13:20:39,11.42,0.01,40,45680,买盘
1684,13:20:36,11.41,--,555,633255,卖盘
1685,13:20:33,11.41,--,21,23961,卖盘
1686,13:20:30,11.41,-0.01,78,88998,卖盘
1687,13:20:27,11.42,0.01,24,27408,买盘
1688,13:20:24,11.41,-0.01,20,22820,卖盘
1689,13:20:21,11.42,0.01,11,12562,买盘
1690,13:20:18,11.41,--,143,163163,卖盘
1691,13:20:12,11.41,-0.01,103,117523,卖盘
1692,13:20:09,11.42,--,200,228400,买盘
1693,13:20:06,11.42,--,68,77987,买盘
1694,13:20:03,11.42,--,74,85295,买盘
1695,13:20:00,11.42,--,33,37686,买盘
1696,13:19:54,11.42,--,32,36544,买盘
1697,13:19:51,11.42,0.01,58,66236,买盘
1698,13:19:48,11.41,-0.01,22,25102,卖盘
1699,13:19:42,11.42,0.01,107,122194,买盘
1700,13:19:39,11.41,-0.01,64,73024,卖盘
1701,13:19:36,11.42,0.01,5,5710,买盘
1702,13:19:33,11.41,-0.01,237,270417,卖盘
1703,13:19:30,11.42,--,11,12562,买盘
1704,13:19:27,11.42,--,52,59384,买盘
1705,13:19:24,11.42,--,103,117626,买盘
1706,13:19:21,11.42,--,59,67378,买盘
1707,13:19:15,11.42,0.01,5,5710,买盘
1708,13:19:12,11.41,-0.01,19,21679,卖盘
1709,13:19:09,11.42,-0.01,218,249070,卖盘
1710,13:19:06,11.43,--,37,42291,买盘
1711,13:19:03,11.43,0.01,97,111282,买盘
1712,13:19:00,11.42,-0.01,66,76080,卖盘
1713,13:18:57,11.43,0.01,13,14859,买盘
1714,13:18:51,11.42,--,502,573284,卖盘
1715,13:18:48,11.42,-0.01,30,34260,卖盘
1716,13:18:45,11.43,0.01,69,78867,买盘
1717,13:18:42,11.42,-0.01,225,256950,卖盘
1718,13:18:39,11.43,--,4,4572,买盘
1719,13:18:36,11.43,--,70,80010,买盘
1720,13:18:33,11.43,--,101,115443,买盘
1721,13:18:30,11.43,--,15,17145,买盘
1722,13:18:27,11.43,--,13,14859,买盘
1723,13:18:24,11.43,0.01,84,96012,买盘
1724,13:18:21,11.42,-0.01,9,10278,卖盘
1725,13:18:15,11.43,0.01,15,17145,买盘
1726,13:18:12,11.42,--,1,1142,卖盘
1727,13:18:09,11.42,--,10,11420,卖盘
1728,13:18:03,11.42,--,61,70438,卖盘
1729,13:18:00,11.42,-0.01,129,147660,卖盘
1730,13:17:57,11.43,--,405,462915,买盘
1731,13:17:54,11.43,--,33,37719,买盘
1732,13:17:51,11.43,--,20,22860,买盘
1733,13:17:48,11.43,--,8,9144,买盘
1734,13:17:45,11.43,0.01,6,6858,买盘
1735,13:17:42,11.42,-0.01,16,18272,卖盘
1736,13:17:39,11.43,--,11,12573,买盘
1737,13:17:36,11.43,--,21,24003,买盘
1738,13:17:33,11.43,0.01,10,11430,买盘
1739,13:17:30,11.42,--,24,27408,卖盘
1740,13:17:27,11.42,--,11,12562,卖盘
1741,13:17:24,11.42,--,2,2284,卖盘
1742,13:17:21,11.42,-0.01,30,34260,卖盘
1743,13:17:18,11.43,0.01,13,14859,买盘
1744,13:17:15,11.42,--,6,6852,卖盘
1745,13:17:12,11.42,-0.01,6,6852,卖盘
1746,13:17:09,11.43,0.01,58,66294,买盘
1747,13:17:03,11.42,--,85,97252,卖盘
1748,13:17:00,11.42,-0.01,86,99148,卖盘
1749,13:16:57,11.43,--,13,14859,买盘
1750,13:16:54,11.43,--,14,16002,买盘
1751,13:16:45,11.43,0.01,15,17145,买盘
1752,13:16:42,11.42,--,2,2284,卖盘
1753,13:16:39,11.42,--,6,6852,卖盘
1754,13:16:36,11.42,-0.01,42,47964,卖盘
1755,13:16:33,11.43,0.01,19,21717,买盘
1756,13:16:30,11.42,--,121,138182,卖盘
1757,13:16:27,11.42,-0.01,35,39970,卖盘
1758,13:16:24,11.43,--,35,40005,买盘
1759,13:16:21,11.43,--,219,250317,买盘
1760,13:16:15,11.43,0.01,42,48006,买盘
1761,13:16:12,11.42,--,2,2284,卖盘
1762,13:16:09,11.42,-0.01,17,19414,卖盘
1763,13:16:06,11.43,--,10,11430,买盘
1764,13:16:03,11.43,0.01,13,14859,买盘
1765,13:16:00,11.42,-0.01,36,41420,卖盘
1766,13:15:57,11.43,0.01,3,3429,买盘
1767,13:15:54,11.42,--,57,65904,卖盘
1768,13:15:51,11.42,-0.01,24,27408,卖盘
1769,13:15:48,11.43,0.01,67,76581,买盘
1770,13:15:42,11.42,--,39,44538,卖盘
1771,13:15:39,11.42,--,43,49106,卖盘
1772,13:15:36,11.42,0.01,236,270631,买盘
1773,13:15:33,11.41,-0.01,1,1141,卖盘
1774,13:15:30,11.42,0.01,18,20556,买盘
1775,13:15:27,11.41,-0.01,64,73024,卖盘
1776,13:15:24,11.42,--,9,10278,买盘
1777,13:15:21,11.42,--,13,14846,买盘
1778,13:15:18,11.42,0.01,75,85650,买盘
1779,13:15:15,11.41,--,30,34230,卖盘
1780,13:15:12,11.41,-0.01,129,147189,卖盘
1781,13:15:09,11.42,--,15,17130,买盘
1782,13:15:06,11.42,0.01,34,38828,买盘
1783,13:15:00,11.41,-0.01,3,3423,卖盘
1784,13:14:57,11.42,0.01,58,66932,买盘
1785,13:14:54,11.41,-0.01,76,87138,卖盘
1786,13:14:51,11.42,--,108,123336,买盘
1787,13:14:48,11.42,--,3,3426,买盘
1788,13:14:45,11.42,--,15,17130,买盘
1789,13:14:42,11.42,0.01,202,230684,买盘
1790,13:14:39,11.41,-0.01,6,6846,卖盘
1791,13:14:36,11.42,--,80,91360,买盘
1792,13:14:33,11.42,0.01,39,44538,买盘
1793,13:14:27,11.41,-0.01,10,11410,卖盘
1794,13:14:24,11.42,--,14,15988,买盘
1795,13:14:21,11.42,--,52,59384,买盘
1796,13:14:18,11.42,--,30,34260,买盘
1797,13:14:15,11.42,--,67,76536,卖盘
1798,13:14:12,11.42,--,734,838228,卖盘
1799,13:14:06,11.42,-0.01,44,50248,卖盘
1800,13:14:03,11.43,--,2,2286,买盘
1801,13:14:00,11.43,0.01,2,2286,买盘
1802,13:13:57,11.42,--,35,40301,卖盘
1803,13:13:51,11.42,--,59,68165,卖盘
1804,13:13:48,11.42,-0.01,2,2284,卖盘
1805,13:13:42,11.43,--,7,8001,买盘
1806,13:13:39,11.43,--,24,27454,卖盘
1807,13:13:36,11.43,--,25,28575,卖盘
1808,13:13:33,11.43,--,21,24003,卖盘
1809,13:13:30,11.43,--,952,1088136,卖盘
1810,13:13:27,11.43,--,78,89154,卖盘
1811,13:13:24,11.43,--,21,24003,卖盘
1812,13:13:21,11.43,--,48,54864,卖盘
1813,13:13:18,11.43,--,30,34290,卖盘
1814,13:13:15,11.43,--,151,172593,卖盘
1815,13:13:12,11.43,--,21,24003,卖盘
1816,13:13:09,11.43,--,42,48006,卖盘
1817,13:13:06,11.43,--,52,59436,卖盘
1818,13:13:03,11.43,--,27,30861,卖盘
1819,13:13:00,11.43,--,11,12573,卖盘
1820,13:12:54,11.43,--,31,35524,卖盘
1821,13:12:51,11.43,-0.01,38,43434,卖盘
1822,13:12:48,11.44,--,62,71957,卖盘
1823,13:12:45,11.44,--,2,2288,卖盘
1824,13:12:42,11.44,--,2,2288,卖盘
1825,13:12:39,11.44,-0.01,50,57200,卖盘
1826,13:12:36,11.45,0.01,6,6870,买盘
1827,13:12:33,11.44,0.02,205,234520,买盘
1828,13:12:27,11.42,-0.01,236,269512,卖盘
1829,13:12:24,11.43,--,21,24003,卖盘
1830,13:12:21,11.43,-0.01,22,25146,卖盘
1831,13:12:18,11.44,--,8,9152,买盘
1832,13:12:15,11.44,0.02,302,346517,买盘
1833,13:12:12,11.42,-0.01,41,46822,卖盘
1834,13:12:09,11.43,--,11,12573,买盘
1835,13:12:03,11.43,--,16,18288,买盘
1836,13:12:00,11.43,--,31,35433,买盘
1837,13:11:57,11.43,0.01,20,22860,买盘
1838,13:11:54,11.42,-0.01,36,42082,卖盘
1839,13:11:51,11.43,0.01,13,14859,买盘
1840,13:11:48,11.42,--,115,131478,卖盘
1841,13:11:45,11.42,--,6,6852,卖盘
1842,13:11:42,11.42,0.01,798,911316,买盘
1843,13:11:39,11.41,--,21,23961,卖盘
1844,13:11:36,11.41,-0.01,38,43358,卖盘
1845,13:11:33,11.42,--,43,49106,买盘
1846,13:11:30,11.42,--,130,148460,买盘
1847,13:11:27,11.42,--,27,30834,买盘
1848,13:11:24,11.42,0.01,9,10278,买盘
1849,13:11:21,11.41,-0.01,6,6846,卖盘
1850,13:11:18,11.42,0.01,25,28550,买盘
1851,13:11:12,11.41,--,2,2282,卖盘
1852,13:11:09,11.41,--,50,57951,买盘
1853,13:11:06,11.41,--,64,73024,买盘
1854,13:11:03,11.41,--,11,12551,买盘
1855,13:11:00,11.41,-0.01,950,1084189,卖盘
1856,13:10:57,11.42,--,85,97070,买盘
1857,13:10:54,11.42,--,33,38485,买盘
1858,13:10:51,11.42,--,9,10278,买盘
1859,13:10:48,11.42,--,64,73407,买盘
1860,13:10:45,11.42,0.01,13,14846,买盘
1861,13:10:42,11.41,--,65,74165,卖盘
1862,13:10:39,11.41,--,22,25102,卖盘
1863,13:10:36,11.41,--,37,42217,卖盘
1864,13:10:33,11.41,--,867,990171,买盘
1865,13:10:30,11.41,0.01,53,60473,买盘
1866,13:10:27,11.4,--,13,14820,卖盘
1867,13:10:24,11.4,-0.01,30,34200,卖盘
1868,13:10:21,11.41,--,96,109536,买盘
1869,13:10:18,11.41,--,49,55909,买盘
1870,13:10:15,11.41,--,10,11410,买盘
1871,13:10:12,11.41,--,32,36512,买盘
1872,13:10:06,11.41,--,17,19397,买盘
1873,13:10:03,11.41,0.01,64,73024,买盘
1874,13:09:57,11.4,-0.01,5,5700,卖盘
1875,13:09:54,11.41,--,107,122132,买盘
1876,13:09:51,11.41,--,41,46781,买盘
1877,13:09:48,11.41,-0.01,3188,3637781,卖盘
1878,13:09:45,11.42,--,96,110705,买盘
1879,13:09:42,11.42,--,15,17130,买盘
1880,13:09:39,11.42,--,15,17130,买盘
1881,13:09:36,11.42,--,71,81082,买盘
1882,13:09:30,11.42,--,14,15988,买盘
1883,13:09:27,11.42,--,19,21698,买盘
1884,13:09:24,11.42,--,7,7994,买盘
1885,13:09:21,11.42,--,12,13704,买盘
1886,13:09:18,11.42,--,16,18272,买盘
1887,13:09:15,11.42,0.01,21,23982,买盘
1888,13:09:12,11.41,-0.01,190,216790,卖盘
1889,13:09:09,11.42,0.01,33,37686,买盘
1890,13:09:06,11.41,-0.01,94,107254,卖盘
1891,13:09:03,11.42,--,6,6852,买盘
1892,13:09:00,11.42,--,89,101638,买盘
1893,13:08:57,11.42,0.01,14,15988,买盘
1894,13:08:51,11.41,-0.01,50,57346,卖盘
1895,13:08:48,11.42,--,49,55958,买盘
1896,13:08:45,11.42,--,1213,1386068,买盘
1897,13:08:42,11.42,--,19,21698,买盘
1898,13:08:36,11.42,--,29,33118,买盘
1899,13:08:33,11.42,--,14,15988,买盘
1900,13:08:30,11.42,--,60,68520,买盘
1901,13:08:27,11.42,--,79,90218,买盘
1902,13:08:24,11.42,0.01,42,47964,买盘
1903,13:08:21,11.41,-0.01,19,21679,卖盘
1904,13:08:18,11.42,0.01,14,15988,买盘
1905,13:08:15,11.41,--,3,3423,卖盘
1906,13:08:12,11.41,-0.01,26,29666,卖盘
1907,13:08:09,11.42,0.01,1,1142,买盘
1908,13:08:06,11.41,-0.01,1,1141,卖盘
1909,13:08:03,11.42,--,22,25124,买盘
1910,13:08:00,11.42,0.01,30,34260,买盘
1911,13:07:57,11.41,-0.01,107,122087,卖盘
1912,13:07:54,11.42,--,13,14846,买盘
1913,13:07:51,11.42,0.01,42,47964,买盘
1914,13:07:48,11.41,--,50,57882,卖盘
1915,13:07:45,11.41,--,123,140628,卖盘
1916,13:07:42,11.41,-0.01,14,15974,卖盘
1917,13:07:39,11.42,--,16,18272,买盘
1918,13:07:36,11.42,0.01,1,1142,买盘
1919,13:07:33,11.41,--,20,22820,卖盘
1920,13:07:30,11.41,--,38,43358,卖盘
1921,13:07:27,11.41,-0.01,47,53627,卖盘
1922,13:07:24,11.42,0.01,23,26266,买盘
1923,13:07:21,11.41,--,23,26243,卖盘
1924,13:07:18,11.41,-0.01,1,1141,卖盘
1925,13:07:15,11.42,0.01,15,17130,买盘
1926,13:07:12,11.41,-0.01,4,4564,卖盘
1927,13:07:06,11.42,0.01,21,23982,买盘
1928,13:07:00,11.41,--,22,25102,卖盘
1929,13:06:57,11.41,-0.01,81,92421,卖盘
1930,13:06:48,11.42,0.01,16,18272,买盘
1931,13:06:45,11.41,--,80,91314,卖盘
1932,13:06:42,11.41,--,57,66120,卖盘
1933,13:06:39,11.41,--,113,128933,卖盘
1934,13:06:36,11.41,-0.01,40,45640,卖盘
1935,13:06:33,11.42,0.01,59,67378,买盘
1936,13:06:30,11.41,--,40,45640,卖盘
1937,13:06:27,11.41,--,9,10269,卖盘
1938,13:06:24,11.41,--,45,51345,卖盘
1939,13:06:21,11.41,--,10,11410,卖盘
1940,13:06:18,11.41,--,13,14833,卖盘
1941,13:06:15,11.41,0.01,129,148193,买盘
1942,13:06:12,11.4,-0.01,7,7980,卖盘
1943,13:06:09,11.41,0.01,25,28525,买盘
1944,13:06:06,11.4,-0.01,112,127680,卖盘
1945,13:06:03,11.41,--,12,13692,买盘
1946,13:06:00,11.41,-0.01,883,1007639,卖盘
1947,13:05:57,11.42,0.01,20,22840,买盘
1948,13:05:54,11.41,--,23,26243,卖盘
1949,13:05:51,11.41,-0.01,1,1141,卖盘
1950,13:05:48,11.42,0.01,115,131330,买盘
1951,13:05:45,11.41,--,37,42890,卖盘
1952,13:05:42,11.41,-0.01,92,105416,卖盘
1953,13:05:39,11.42,--,14,15988,买盘
1954,13:05:36,11.42,--,2,2284,买盘
1955,13:05:33,11.42,--,10,11420,买盘
1956,13:05:30,11.42,-0.01,471,537882,卖盘
1957,13:05:27,11.43,0.01,26,29718,买盘
1958,13:05:24,11.42,--,21,23982,卖盘
1959,13:05:21,11.42,--,36,41112,卖盘
1960,13:05:18,11.42,-0.01,5,5710,卖盘
1961,13:05:15,11.43,0.02,499,570357,买盘
1962,13:05:12,11.41,-0.01,2,2282,卖盘
1963,13:05:09,11.42,--,68,77656,买盘
1964,13:05:06,11.42,--,5,5710,买盘
1965,13:05:03,11.42,--,15,17130,买盘
1966,13:05:00,11.42,--,33,37686,买盘
1967,13:04:54,11.42,0.01,24,27408,卖盘
1968,13:04:51,11.41,-0.02,310,353710,卖盘
1969,13:04:48,11.43,0.01,5,5715,买盘
1970,13:04:42,11.42,--,47,53879,卖盘
1971,13:04:39,11.42,-0.01,84,96841,卖盘
1972,13:04:36,11.43,--,17,19431,买盘
1973,13:04:33,11.43,0.01,13,14859,买盘
1974,13:04:27,11.42,--,10,11420,卖盘
1975,13:04:24,11.42,--,11,12562,卖盘
1976,13:04:21,11.42,--,113,129046,卖盘
1977,13:04:18,11.42,--,22,25124,卖盘
1978,13:04:12,11.42,--,12,13704,卖盘
1979,13:04:09,11.42,--,26,29692,卖盘
1980,13:04:06,11.42,-0.01,297,339174,卖盘
1981,13:04:03,11.43,--,2,2286,买盘
1982,13:04:00,11.43,--,48,54864,买盘
1983,13:03:51,11.43,0.01,2,2286,买盘
1984,13:03:48,11.42,--,131,150698,买盘
1985,13:03:45,11.42,0.01,41,47495,买盘
1986,13:03:42,11.41,-0.01,14,15974,卖盘
1987,13:03:36,11.42,--,183,209431,买盘
1988,13:03:33,11.42,0.01,14,15988,买盘
1989,13:03:24,11.41,-0.01,111,126651,卖盘
1990,13:03:21,11.42,--,37,42254,买盘
1991,13:03:18,11.42,0.01,13,14846,买盘
1992,13:03:12,11.41,-0.01,22,25102,卖盘
1993,13:03:09,11.42,0.01,42,47964,买盘
1994,13:03:06,11.41,-0.01,29,33089,卖盘
1995,13:03:03,11.42,0.01,52,59384,买盘
1996,13:03:00,11.41,--,266,304624,买盘
1997,13:02:57,11.41,--,358,408500,卖盘
1998,13:02:51,11.41,--,696,794136,卖盘
1999,13:02:45,11.41,-0.01,19,21679,卖盘
2000,13:02:42,11.42,--,35,39970,买盘
2001,13:02:39,11.42,0.01,54,62513,买盘
2002,13:02:36,11.41,--,57,65310,卖盘
2003,13:02:33,11.41,--,885,1009785,卖盘
2004,13:02:30,11.41,--,49,55909,卖盘
2005,13:02:27,11.41,-0.01,15,17115,卖盘
2006,13:02:24,11.42,0.01,3,3426,买盘
2007,13:02:21,11.41,-0.01,13,14833,卖盘
2008,13:02:18,11.42,0.01,16,18272,买盘
2009,13:02:15,11.41,-0.01,9,10269,卖盘
2010,13:02:12,11.42,--,17,19414,买盘
2011,13:02:09,11.42,0.01,25,28550,买盘
2012,13:02:06,11.41,-0.01,312,355992,卖盘
2013,13:02:03,11.42,--,2,2284,买盘
2014,13:02:00,11.42,--,12,13704,买盘
2015,13:01:57,11.42,-0.01,455,519655,卖盘
2016,13:01:54,11.43,0.01,10,11430,买盘
2017,13:01:51,11.42,--,275,314050,卖盘
2018,13:01:48,11.42,--,161,183862,卖盘
2019,13:01:45,11.42,--,50,57100,卖盘
2020,13:01:42,11.42,--,284,324328,卖盘
2021,13:01:39,11.42,--,41,47038,卖盘
2022,13:01:36,11.42,--,47,53674,卖盘
2023,13:01:33,11.42,--,85,97972,卖盘
2024,13:01:30,11.42,--,5,5710,卖盘
2025,13:01:27,11.42,-0.01,22,25124,卖盘
2026,13:01:21,11.43,0.01,28,32004,买盘
2027,13:01:18,11.42,-0.01,23,26266,卖盘
2028,13:01:12,11.43,--,25,28575,买盘
2029,13:01:09,11.43,--,12,13716,买盘
2030,13:01:06,11.43,--,378,432168,卖盘
2031,13:01:03,11.43,--,37,42291,卖盘
2032,13:00:54,11.43,-0.01,22,25146,卖盘
2033,13:00:51,11.44,0.01,272,311168,买盘
2034,13:00:45,11.43,--,500,571500,卖盘
2035,13:00:42,11.43,-0.01,13,14859,卖盘
2036,13:00:39,11.44,0.01,12,13728,买盘
2037,13:00:36,11.43,-0.01,37,42576,卖盘
2038,13:00:33,11.44,--,68,78627,买盘
2039,13:00:30,11.44,0.01,15,17160,买盘
2040,13:00:24,11.43,--,16,18288,卖盘
2041,13:00:18,11.43,-0.02,108,123444,卖盘
2042,13:00:15,11.45,0.01,13,14884,买盘
2043,13:00:12,11.44,0.01,74,84656,中性盘
2044,13:00:09,11.43,-0.02,32,36576,卖盘
2045,13:00:06,11.45,0.01,310,354950,买盘
2046,13:00:03,11.44,0.01,1122,1283568,中性盘
2047,13:00:00,11.43,--,0,0,卖盘
2048,11:30:00,11.43,--,0,0,卖盘
2049,11:29:54,11.43,-0.02,37,42291,卖盘
2050,11:29:51,11.45,0.01,37,42365,买盘
2051,11:29:48,11.44,-0.01,3,3432,中性盘
2052,11:29:42,11.45,--,1,1145,买盘
2053,11:29:39,11.45,0.02,18,20610,买盘
2054,11:29:36,11.43,-0.01,32,37033,卖盘
2055,11:29:33,11.44,--,61,70447,卖盘
2056,11:29:24,11.44,--,20,22880,卖盘
2057,11:29:21,11.44,--,13,14872,卖盘
2058,11:29:18,11.44,-0.01,2,2288,卖盘
2059,11:29:15,11.45,--,2,2290,买盘
2060,11:29:09,11.45,--,12,13740,买盘
2061,11:29:03,11.45,0.01,1,1145,买盘
2062,11:29:00,11.44,--,3,3432,卖盘
2063,11:28:57,11.44,0.01,21,24024,买盘
2064,11:28:51,11.43,--,5,5715,卖盘
2065,11:28:48,11.43,-0.01,104,118872,卖盘
2066,11:28:42,11.44,--,2,2288,买盘
2067,11:28:39,11.44,0.01,16,18304,买盘
2068,11:28:36,11.43,-0.01,18,20574,卖盘
2069,11:28:33,11.44,0.01,69,79713,买盘
2070,11:28:30,11.43,-0.01,156,178650,卖盘
2071,11:28:27,11.44,--,16,18304,买盘
2072,11:28:24,11.44,--,22,25168,买盘
2073,11:28:21,11.44,--,5,5720,买盘
2074,11:28:18,11.44,--,121,139430,卖盘
2075,11:28:12,11.44,-0.01,22,25168,卖盘
2076,11:28:09,11.45,0.01,1,1145,买盘
2077,11:28:06,11.44,-0.01,5,5720,卖盘
2078,11:28:03,11.45,--,27,30914,买盘
2079,11:28:00,11.45,0.01,4,4580,买盘
2080,11:27:57,11.44,--,23,26312,卖盘
2081,11:27:51,11.44,--,44,50336,卖盘
2082,11:27:48,11.44,--,2,2288,卖盘
2083,11:27:45,11.44,-0.01,23,26312,卖盘
2084,11:27:42,11.45,0.01,12,13740,买盘
2085,11:27:39,11.44,-0.01,80,91520,卖盘
2086,11:27:33,11.45,--,46,52910,买盘
2087,11:27:30,11.45,0.01,19,21755,买盘
2088,11:27:27,11.44,--,63,72952,卖盘
2089,11:27:24,11.44,--,20,22880,卖盘
2090,11:27:21,11.44,-0.01,73,83512,卖盘
2091,11:27:18,11.45,0.01,109,124804,买盘
2092,11:27:15,11.44,--,8,9152,卖盘
2093,11:27:12,11.44,-0.01,1,1144,卖盘
2094,11:27:09,11.45,--,10,11450,买盘
2095,11:27:06,11.45,--,22,25190,买盘
2096,11:27:03,11.45,--,1,1145,买盘
2097,11:27:00,11.45,--,30,34350,买盘
2098,11:26:57,11.45,--,56,64119,买盘
2099,11:26:51,11.45,0.01,30,34350,买盘
2100,11:26:48,11.44,-0.01,4,4576,卖盘
2101,11:26:45,11.45,0.01,12,13740,买盘
2102,11:26:42,11.44,-0.01,7,8008,卖盘
2103,11:26:39,11.45,--,20,22900,买盘
2104,11:26:36,11.45,--,13,14884,买盘
2105,11:26:33,11.45,0.01,4,4580,买盘
2106,11:26:30,11.44,--,6,6864,卖盘
2107,11:26:27,11.44,--,62,71900,卖盘
2108,11:26:24,11.44,-0.01,136,155732,卖盘
2109,11:26:21,11.45,--,4,4580,买盘
2110,11:26:18,11.45,--,3,3435,买盘
2111,11:26:15,11.45,--,12,13740,买盘
2112,11:26:09,11.45,--,2,2290,买盘
2113,11:26:03,11.45,--,80,91600,买盘
2114,11:26:00,11.45,0.01,7,8014,买盘
2115,11:25:57,11.44,--,337,385528,卖盘
2116,11:25:54,11.44,-0.01,5,5720,卖盘
2117,11:25:51,11.45,0.01,34,38930,买盘
2118,11:25:48,11.44,--,96,109824,卖盘
2119,11:25:42,11.44,--,3,3432,卖盘
2120,11:25:39,11.44,--,20,23337,卖盘
2121,11:25:36,11.44,--,11,12584,卖盘
2122,11:25:33,11.44,--,20,22880,卖盘
2123,11:25:30,11.44,--,1,1144,卖盘
2124,11:25:27,11.44,--,87,99791,卖盘
2125,11:25:24,11.44,--,218,250250,卖盘
2126,11:25:21,11.44,-0.01,38,43472,卖盘
2127,11:25:18,11.45,--,15,17175,买盘
2128,11:25:15,11.45,0.01,9,10305,买盘
2129,11:25:12,11.44,--,274,313456,卖盘
2130,11:25:09,11.44,-0.01,200,228800,卖盘
2131,11:25:06,11.45,--,18,20610,买盘
2132,11:25:03,11.45,--,32,36640,买盘
2133,11:24:57,11.45,--,22,25190,买盘
2134,11:24:54,11.45,0.01,32,36640,买盘
2135,11:24:51,11.44,-0.01,11,12584,卖盘
2136,11:24:48,11.45,--,59,67555,买盘
2137,11:24:45,11.45,0.01,13,14884,买盘
2138,11:24:42,11.44,-0.01,43,49192,卖盘
2139,11:24:36,11.45,--,63,72135,买盘
2140,11:24:33,11.45,0.01,240,274800,买盘
2141,11:24:30,11.44,--,13,14872,卖盘
2142,11:24:27,11.44,--,535,612451,卖盘
2143,11:24:24,11.44,-0.01,59,68205,卖盘
2144,11:24:21,11.45,--,63,72135,买盘
2145,11:24:18,11.45,0.01,32,36640,买盘
2146,11:24:15,11.44,-0.01,43,49192,卖盘
2147,11:24:12,11.45,--,114,130529,买盘
2148,11:24:09,11.45,--,10,11450,买盘
2149,11:24:06,11.45,--,12,13740,买盘
2150,11:24:03,11.45,0.01,21,24045,买盘
2151,11:24:00,11.44,-0.01,70,80080,卖盘
2152,11:23:57,11.45,0.01,1,1145,买盘
2153,11:23:54,11.44,-0.01,7,8008,卖盘
2154,11:23:51,11.45,--,11,12595,买盘
2155,11:23:48,11.45,--,27,30914,买盘
2156,11:23:42,11.45,--,16,18320,买盘
2157,11:23:39,11.45,--,31,35495,买盘
2158,11:23:36,11.45,--,5,5725,买盘
2159,11:23:33,11.45,--,50,57250,卖盘
2160,11:23:30,11.45,-0.01,17,19465,中性盘
2161,11:23:27,11.46,0.01,48,56073,买盘
2162,11:23:24,11.45,--,10,11450,卖盘
2163,11:23:21,11.45,-0.01,123,140892,卖盘
2164,11:23:18,11.46,0.01,32,36672,买盘
2165,11:23:15,11.45,--,21,24045,卖盘
2166,11:23:12,11.45,--,6,6870,卖盘
2167,11:23:06,11.45,-0.01,186,212970,卖盘
2168,11:23:03,11.46,0.01,29,33234,买盘
2169,11:23:00,11.45,-0.01,32,36640,卖盘
2170,11:22:57,11.46,--,22,25212,买盘
2171,11:22:54,11.46,0.01,19,21774,买盘
2172,11:22:51,11.45,--,1,1145,卖盘
2173,11:22:48,11.45,--,2,2290,卖盘
2174,11:22:42,11.45,--,44,50380,卖盘
2175,11:22:39,11.45,-0.01,86,98470,卖盘
2176,11:22:33,11.46,0.01,87,99702,买盘
2177,11:22:30,11.45,-0.01,64,73280,卖盘
2178,11:22:27,11.46,0.01,37,43456,买盘
2179,11:22:21,11.45,-0.01,79,90523,卖盘
2180,11:22:18,11.46,0.01,7,8022,买盘
2181,11:22:15,11.45,-0.01,27,30914,卖盘
2182,11:22:12,11.46,--,76,87096,买盘
2183,11:22:09,11.46,--,12,13752,买盘
2184,11:22:06,11.46,--,5,5730,买盘
2185,11:22:03,11.46,--,15,17190,买盘
2186,11:21:57,11.46,--,15,17190,买盘
2187,11:21:54,11.46,--,62,71052,卖盘
2188,11:21:51,11.46,-0.01,15,17190,卖盘
2189,11:21:48,11.47,0.01,14,16058,买盘
2190,11:21:45,11.46,--,13,14898,买盘
2191,11:21:39,11.46,-0.01,25,28650,卖盘
2192,11:21:36,11.47,0.02,15,17205,买盘
2193,11:21:33,11.45,--,4,4580,卖盘
2194,11:21:30,11.45,-0.01,6,6870,卖盘
2195,11:21:27,11.46,0.01,11,12606,买盘
2196,11:21:24,11.45,-0.01,30,34945,卖盘
2197,11:21:21,11.46,0.01,2,2292,买盘
2198,11:21:18,11.45,--,65,74951,卖盘
2199,11:21:15,11.45,--,13,14884,卖盘
2200,11:21:09,11.45,--,77,88165,卖盘
2201,11:21:06,11.45,-0.02,4,4580,卖盘
2202,11:21:03,11.47,0.01,13,14911,买盘
2203,11:21:00,11.46,0.01,22,25212,买盘
2204,11:20:57,11.45,-0.01,37,42365,卖盘
2205,11:20:51,11.46,--,30,34380,买盘
2206,11:20:48,11.46,--,19,21774,买盘
2207,11:20:42,11.46,--,29,33234,买盘
2208,11:20:39,11.46,0.01,18,20628,买盘
2209,11:20:36,11.45,-0.01,20,22900,卖盘
2210,11:20:33,11.46,0.01,191,218886,买盘
2211,11:20:30,11.45,--,6,6870,卖盘
2212,11:20:27,11.45,--,19,21755,卖盘
2213,11:20:21,11.45,-0.01,53,61532,卖盘
2214,11:20:18,11.46,--,27,30942,买盘
2215,11:20:15,11.46,0.01,112,128627,中性盘
2216,11:20:12,11.45,-0.01,29,33205,卖盘
2217,11:20:09,11.46,0.01,15,17190,买盘
2218,11:20:06,11.45,-0.01,199,227855,卖盘
2219,11:20:03,11.46,--,17,19482,买盘
2220,11:20:00,11.46,0.01,105,120330,买盘
2221,11:19:54,11.45,--,9,10305,卖盘
2222,11:19:51,11.45,-0.01,9,10305,卖盘
2223,11:19:48,11.46,--,65,74490,买盘
2224,11:19:45,11.46,--,7,8022,买盘
2225,11:19:42,11.46,--,14,16044,买盘
2226,11:19:36,11.46,--,12,13752,买盘
2227,11:19:33,11.46,0.01,12,13752,买盘
2228,11:19:30,11.45,-0.01,19,21755,卖盘
2229,11:19:27,11.46,0.01,1,1146,买盘
2230,11:19:24,11.45,-0.01,60,68700,卖盘
2231,11:19:21,11.46,--,88,101650,买盘
2232,11:19:18,11.46,--,75,86270,买盘
2233,11:19:15,11.46,--,20,22920,买盘
2234,11:19:06,11.46,--,25,28650,买盘
2235,11:19:03,11.46,-0.01,164,187944,卖盘
2236,11:19:00,11.47,--,22,25234,买盘
2237,11:18:57,11.47,--,12,13764,买盘
2238,11:18:54,11.47,--,5,5735,买盘
2239,11:18:51,11.47,0.01,12,13764,买盘
2240,11:18:48,11.46,--,3,3438,卖盘
2241,11:18:45,11.46,--,10,11460,卖盘
2242,11:18:42,11.46,-0.01,13,14898,卖盘
2243,11:18:39,11.47,--,1,1147,买盘
2244,11:18:33,11.47,--,7,8029,买盘
2245,11:18:30,11.47,0.01,14,16058,买盘
2246,11:18:27,11.46,--,17,19482,买盘
2247,11:18:24,11.46,--,51,58446,买盘
2248,11:18:21,11.46,--,62,71052,买盘
2249,11:18:18,11.46,--,47,54950,买盘
2250,11:18:15,11.46,--,76,87130,买盘
2251,11:18:09,11.46,--,12,13752,买盘
2252,11:18:06,11.46,--,52,59592,买盘
2253,11:18:03,11.46,--,2,2292,买盘
2254,11:18:00,11.46,--,13,14898,买盘
2255,11:17:57,11.46,0.01,25,28650,买盘
2256,11:17:54,11.45,--,36,41220,卖盘
2257,11:17:51,11.45,-0.01,30,34350,卖盘
2258,11:17:48,11.46,0.01,19,21774,买盘
2259,11:17:45,11.45,--,10,11450,卖盘
2260,11:17:36,11.45,-0.01,17,19465,卖盘
2261,11:17:33,11.46,0.01,7,8022,买盘
2262,11:17:30,11.45,-0.01,2,2290,卖盘
2263,11:17:27,11.46,--,51,58446,买盘
2264,11:17:24,11.46,--,30,34380,买盘
2265,11:17:21,11.46,0.01,4,4584,买盘
2266,11:17:18,11.45,-0.01,72,82462,卖盘
2267,11:17:15,11.46,--,111,128306,买盘
2268,11:17:12,11.46,--,63,72198,买盘
2269,11:17:09,11.46,--,12,13752,买盘
2270,11:17:06,11.46,--,70,80265,卖盘
2271,11:17:03,11.46,--,48,55008,卖盘
2272,11:17:00,11.46,--,49,56154,卖盘
2273,11:16:57,11.46,--,21,24066,卖盘
2274,11:16:54,11.46,-0.01,35,40110,卖盘
2275,11:16:51,11.47,0.02,45,52716,买盘
2276,11:16:48,11.45,--,101,115645,卖盘
2277,11:16:45,11.45,-0.01,9,10305,卖盘
2278,11:16:42,11.46,0.01,50,57300,买盘
2279,11:16:39,11.45,-0.01,53,60684,卖盘
2280,11:16:36,11.46,--,5,5730,买盘
2281,11:16:33,11.46,--,394,451524,买盘
2282,11:16:30,11.46,--,13,14898,买盘
2283,11:16:27,11.46,0.01,50,57300,买盘
2284,11:16:21,11.45,-0.01,22,25190,卖盘
2285,11:16:18,11.46,--,15,17190,买盘
2286,11:16:15,11.46,--,44,50595,买盘
2287,11:16:12,11.46,0.01,113,130449,买盘
2288,11:16:06,11.45,--,19,21755,卖盘
2289,11:16:03,11.45,--,46,52670,卖盘
2290,11:16:00,11.45,--,7,8014,卖盘
2291,11:15:57,11.45,-0.01,58,66410,卖盘
2292,11:15:54,11.46,--,17,19482,买盘
2293,11:15:51,11.46,0.02,3,3438,买盘
2294,11:15:48,11.44,-0.02,21,24024,卖盘
2295,11:15:45,11.46,--,3,3438,买盘
2296,11:15:42,11.46,0.02,92,105432,买盘
2297,11:15:36,11.44,--,111,126984,卖盘
2298,11:15:30,11.44,-0.01,18,20592,卖盘
2299,11:15:27,11.45,--,4,4580,买盘
2300,11:15:24,11.45,-0.01,85,97325,中性盘
2301,11:15:21,11.46,--,11,12606,买盘
2302,11:15:18,11.46,0.02,14,16044,买盘
2303,11:15:15,11.44,-0.02,87,100317,卖盘
2304,11:15:12,11.46,--,12,13752,买盘
2305,11:15:09,11.46,--,152,174524,买盘
2306,11:15:03,11.46,--,3,3438,买盘
2307,11:15:00,11.46,--,51,58446,买盘
2308,11:14:57,11.46,0.01,15,17190,买盘
2309,11:14:54,11.45,-0.01,40,45845,卖盘
2310,11:14:51,11.46,--,3,3438,买盘
2311,11:14:48,11.46,--,411,471006,买盘
2312,11:14:42,11.46,--,12,13752,买盘
2313,11:14:36,11.46,--,14,16044,买盘
2314,11:14:30,11.46,--,5,5730,买盘
2315,11:14:27,11.46,--,13,14898,买盘
2316,11:14:24,11.46,-0.01,57,65322,中性盘
2317,11:14:21,11.47,0.02,3,3441,买盘
2318,11:14:18,11.45,-0.02,18,20610,卖盘
2319,11:14:15,11.47,0.01,36,41292,买盘
2320,11:14:12,11.46,0.01,38,44533,中性盘
2321,11:14:09,11.45,-0.01,87,99752,卖盘
2322,11:14:06,11.46,--,66,75636,买盘
2323,11:14:03,11.46,--,3,3438,买盘
2324,11:14:00,11.46,--,6,6876,买盘
2325,11:13:57,11.46,--,4,4584,买盘
2326,11:13:54,11.46,-0.01,56,64176,卖盘
2327,11:13:51,11.47,0.02,516,591852,买盘
2328,11:13:48,11.45,--,15,17175,卖盘
2329,11:13:42,11.45,-0.01,1,1145,卖盘
2330,11:13:39,11.46,--,18,20628,卖盘
2331,11:13:36,11.46,-0.01,110,126060,中性盘
2332,11:13:33,11.47,0.01,25,28675,买盘
2333,11:13:30,11.46,--,6,6876,卖盘
2334,11:13:24,11.46,0.01,23,26358,买盘
2335,11:13:21,11.45,--,39,44655,卖盘
2336,11:13:18,11.45,--,1,1145,卖盘
2337,11:13:15,11.45,--,35,41094,卖盘
2338,11:13:09,11.45,-0.02,124,142151,卖盘
2339,11:13:06,11.47,--,1,1147,买盘
2340,11:13:03,11.47,0.01,45,51615,买盘
2341,11:13:00,11.46,-0.01,7,8022,卖盘
2342,11:12:57,11.47,--,39,44733,买盘
2343,11:12:54,11.47,--,20,22940,买盘
2344,11:12:51,11.47,--,9,10323,买盘
2345,11:12:48,11.47,0.01,22,25234,买盘
2346,11:12:45,11.46,--,78,89388,卖盘
2347,11:12:42,11.46,-0.01,1,1146,卖盘
2348,11:12:39,11.47,--,24,27528,买盘
2349,11:12:36,11.47,0.01,4,4588,买盘
2350,11:12:33,11.46,--,22,25212,卖盘
2351,11:12:30,11.46,-0.01,6,6876,卖盘
2352,11:12:24,11.47,0.01,1,1147,买盘
2353,11:12:21,11.46,--,51,58446,卖盘
2354,11:12:18,11.46,--,17,19482,卖盘
2355,11:12:15,11.46,0.01,8,10245,买盘
2356,11:12:12,11.45,--,39,44952,卖盘
2357,11:12:09,11.45,-0.02,5,5725,卖盘
2358,11:12:06,11.47,0.02,69,80037,买盘
2359,11:12:03,11.45,--,75,85875,卖盘
2360,11:11:54,11.45,--,12,13740,卖盘
2361,11:11:48,11.45,--,9,10305,卖盘
2362,11:11:45,11.45,--,22,25190,卖盘
2363,11:11:42,11.45,--,20,22900,卖盘
2364,11:11:39,11.45,--,112,128239,卖盘
2365,11:11:36,11.45,-0.01,20,22900,卖盘
2366,11:11:33,11.46,--,12,13752,买盘
2367,11:11:30,11.46,--,12,13752,买盘
2368,11:11:27,11.46,0.01,25,28650,中性盘
2369,11:11:18,11.45,-0.02,2,2290,卖盘
2370,11:11:15,11.47,--,32,36704,买盘
2371,11:11:12,11.47,0.02,2,2294,买盘
2372,11:11:09,11.45,--,26,30697,卖盘
2373,11:11:06,11.45,-0.01,67,76909,卖盘
2374,11:11:03,11.46,-0.01,54,61884,卖盘
2375,11:10:57,11.47,0.01,59,67673,买盘
2376,11:10:54,11.46,--,5,5730,卖盘
2377,11:10:48,11.46,--,137,157002,卖盘
2378,11:10:39,11.46,--,7,8022,卖盘
2379,11:10:36,11.46,--,10,11460,卖盘
2380,11:10:30,11.46,-0.01,8,9168,卖盘
2381,11:10:27,11.47,0.01,18,20646,买盘
2382,11:10:24,11.46,0.01,30,34380,买盘
2383,11:10:21,11.45,-0.01,9,10305,卖盘
2384,11:10:18,11.46,--,28,32088,买盘
2385,11:10:15,11.46,--,10,11460,买盘
2386,11:10:09,11.46,0.01,34,39468,中性盘
2387,11:10:06,11.45,-0.02,84,96798,卖盘
2388,11:10:03,11.47,0.02,8,9176,买盘
2389,11:10:00,11.45,-0.02,39,44655,卖盘
2390,11:09:57,11.47,--,17,19499,买盘
2391,11:09:54,11.47,--,11,12617,买盘
2392,11:09:51,11.47,--,2,2294,买盘
2393,11:09:48,11.47,--,28,32116,买盘
2394,11:09:45,11.47,0.02,9,10323,买盘
2395,11:09:42,11.45,--,11,12595,卖盘
2396,11:09:39,11.45,-0.02,9,10305,卖盘
2397,11:09:36,11.47,--,17,19499,买盘
2398,11:09:33,11.47,--,47,53909,买盘
2399,11:09:30,11.47,--,5,5735,买盘
2400,11:09:27,11.47,0.02,13,14911,买盘
2401,11:09:24,11.45,-0.01,72,82440,卖盘
2402,11:09:21,11.46,0.01,4,4584,买盘
2403,11:09:18,11.45,-0.02,2,2290,卖盘
2404,11:09:15,11.47,0.01,111,127317,买盘
2405,11:09:12,11.46,--,172,197134,卖盘
2406,11:09:09,11.46,--,10,11460,卖盘
2407,11:09:06,11.46,--,46,53289,卖盘
2408,11:09:03,11.46,-0.01,19,21774,卖盘
2409,11:09:00,11.47,--,66,76252,买盘
2410,11:08:57,11.47,--,33,37851,买盘
2411,11:08:54,11.47,--,33,37851,买盘
2412,11:08:51,11.47,0.01,20,22940,买盘
2413,11:08:48,11.46,-0.01,10,11460,卖盘
2414,11:08:45,11.47,0.01,10,11470,买盘
2415,11:08:42,11.46,--,27,30942,卖盘
2416,11:08:39,11.46,-0.01,1,1146,卖盘
2417,11:08:36,11.47,--,12,13764,买盘
2418,11:08:33,11.47,0.01,37,42439,买盘
2419,11:08:30,11.46,-0.01,15,17190,卖盘
2420,11:08:24,11.47,0.02,13,14911,买盘
2421,11:08:21,11.45,-0.02,66,75570,卖盘
2422,11:08:18,11.47,0.01,24,27528,买盘
2423,11:08:12,11.46,--,15,17190,买盘
2424,11:08:09,11.46,-0.01,12,13752,买盘
2425,11:08:06,11.47,0.02,9,10323,买盘
2426,11:08:03,11.45,--,47,54204,卖盘
2427,11:08:00,11.45,-0.02,74,85462,卖盘
2428,11:07:57,11.47,0.01,20,22940,买盘
2429,11:07:51,11.46,--,91,104286,买盘
2430,11:07:48,11.46,--,51,58446,买盘
2431,11:07:42,11.46,--,12,13752,买盘
2432,11:07:39,11.46,--,26,29796,买盘
2433,11:07:36,11.46,--,21,24066,买盘
2434,11:07:30,11.46,0.01,12,13752,买盘
2435,11:07:27,11.45,0.01,63,73051,买盘
2436,11:07:24,11.44,--,152,173888,卖盘
2437,11:07:21,11.44,--,13,14872,卖盘
2438,11:07:18,11.44,-0.01,93,106392,卖盘
2439,11:07:15,11.45,0.01,27,30914,买盘
2440,11:07:12,11.44,-0.01,1,1144,卖盘
2441,11:07:09,11.45,--,26,29769,买盘
2442,11:07:06,11.45,--,45,51525,买盘
2443,11:07:03,11.45,--,40,46830,买盘
2444,11:07:00,11.45,--,77,88256,买盘
2445,11:06:57,11.45,0.01,66,75570,买盘
2446,11:06:54,11.44,--,53,60632,买盘
2447,11:06:51,11.44,--,14,16016,买盘
2448,11:06:48,11.44,--,14,16016,买盘
2449,11:06:42,11.44,--,44,50336,卖盘
2450,11:06:39,11.44,0.01,48,54912,卖盘
2451,11:06:36,11.43,-0.02,56,64008,卖盘
2452,11:06:30,11.45,--,13,14884,买盘
2453,11:06:27,11.45,0.02,2040,2335800,买盘
2454,11:06:21,11.43,--,1247,1426418,买盘
2455,11:06:18,11.43,0.01,14,16002,买盘
2456,11:06:15,11.42,-0.03,70,79985,卖盘
2457,11:06:12,11.45,0.01,732,839262,买盘
2458,11:06:09,11.44,0.01,23,26312,买盘
2459,11:06:03,11.43,--,27,31981,卖盘
2460,11:06:00,11.43,--,21,24003,卖盘
2461,11:05:57,11.43,-0.01,66,75438,卖盘
2462,11:05:54,11.44,--,254,290576,买盘
2463,11:05:48,11.44,--,21,24024,买盘
2464,11:05:45,11.44,--,382,437008,买盘
2465,11:05:42,11.44,--,21,24024,买盘
2466,11:05:39,11.44,--,12,13728,买盘
2467,11:05:36,11.44,0.01,64,73216,买盘
2468,11:05:33,11.43,--,20,22860,卖盘
2469,11:05:30,11.43,-0.01,6,6858,卖盘
2470,11:05:27,11.44,--,17,19448,买盘
2471,11:05:24,11.44,--,12,13728,买盘
2472,11:05:21,11.44,0.01,77,89106,买盘
2473,11:05:18,11.43,-0.01,10,11555,卖盘
2474,11:05:15,11.44,--,22,25168,买盘
2475,11:05:12,11.44,--,17,19448,买盘
2476,11:05:09,11.44,0.01,18,21610,买盘
2477,11:05:06,11.43,0.01,5,5715,买盘
2478,11:05:03,11.42,-0.01,31,35402,卖盘
2479,11:05:00,11.43,--,21,24003,卖盘
2480,11:04:57,11.43,-0.02,70,80112,卖盘
2481,11:04:54,11.45,--,4,4580,买盘
2482,11:04:51,11.45,--,62,70990,买盘
2483,11:04:48,11.45,--,317,362965,买盘
2484,11:04:45,11.45,0.01,6,6870,买盘
2485,11:04:42,11.44,-0.01,38,43472,卖盘
2486,11:04:39,11.45,0.01,135,154575,买盘
2487,11:04:36,11.44,--,15,17160,买盘
2488,11:04:30,11.44,--,13,14872,买盘
2489,11:04:27,11.44,0.01,2,2288,买盘
2490,11:04:24,11.43,-0.01,9,10287,卖盘
2491,11:04:21,11.44,--,5,5720,买盘
2492,11:04:18,11.44,--,27,30888,卖盘
2493,11:04:15,11.44,--,1,1144,卖盘
2494,11:04:12,11.44,--,49,56056,卖盘
2495,11:04:06,11.44,--,555,634920,买盘
2496,11:04:03,11.44,0.03,48,54912,买盘
2497,11:04:00,11.41,--,38,43848,卖盘
2498,11:03:57,11.41,-0.01,198,226545,卖盘
2499,11:03:54,11.42,--,23,26266,卖盘
2500,11:03:51,11.42,--,8,9136,卖盘
2501,11:03:48,11.42,-0.02,13,14846,卖盘
2502,11:03:45,11.44,0.02,23,26312,买盘
2503,11:03:39,11.42,--,20,22840,买盘
2504,11:03:36,11.42,-0.02,30,34260,卖盘
2505,11:03:33,11.44,0.03,13,14872,买盘
2506,11:03:30,11.41,--,15,17115,卖盘
2507,11:03:27,11.41,-0.01,36,41076,卖盘
2508,11:03:24,11.42,--,42,47964,买盘
2509,11:03:21,11.42,0.01,8,9136,买盘
2510,11:03:18,11.41,--,58,66178,卖盘
2511,11:03:12,11.41,-0.01,66,75306,卖盘
2512,11:03:06,11.42,0.01,11,12562,中性盘
2513,11:03:03,11.41,--,522,595602,卖盘
2514,11:03:00,11.41,-0.01,53,60473,卖盘
2515,11:02:57,11.42,--,67,76593,买盘
2516,11:02:54,11.42,0.01,156,179191,买盘
2517,11:02:51,11.41,-0.01,65,74165,卖盘
2518,11:02:48,11.42,--,41,46822,买盘
2519,11:02:45,11.42,0.01,81,92502,买盘
2520,11:02:39,11.41,--,24,27384,卖盘
2521,11:02:36,11.41,--,843,962513,卖盘
2522,11:02:33,11.41,--,10,11410,卖盘
2523,11:02:30,11.41,-0.01,1,1141,卖盘
2524,11:02:27,11.42,0.01,137,156533,买盘
2525,11:02:24,11.41,--,96,110597,卖盘
2526,11:02:21,11.41,0.01,263,300162,买盘
2527,11:02:18,11.4,--,138,157320,卖盘
2528,11:02:15,11.4,-0.01,88,100320,卖盘
2529,11:02:12,11.41,0.01,36,41076,买盘
2530,11:02:09,11.4,--,123,140220,卖盘
2531,11:02:06,11.4,-0.01,880,1003200,卖盘
2532,11:02:03,11.41,-0.01,62,70742,卖盘
2533,11:02:00,11.42,--,10,11420,买盘
2534,11:01:57,11.42,0.01,53,61451,买盘
2535,11:01:54,11.41,0.01,231,263764,中性盘
2536,11:01:51,11.4,--,146,166440,卖盘
2537,11:01:48,11.4,-0.01,103,117420,卖盘
2538,11:01:45,11.41,--,326,372787,买盘
2539,11:01:42,11.41,0.01,30,34230,买盘
2540,11:01:39,11.4,--,22,25080,卖盘
2541,11:01:36,11.4,-0.01,70,79800,卖盘
2542,11:01:33,11.41,-0.01,61,69601,卖盘
2543,11:01:30,11.42,0.01,109,124478,买盘
2544,11:01:27,11.41,-0.01,48,54768,卖盘
2545,11:01:24,11.42,--,73,83366,买盘
2546,11:01:21,11.42,0.02,226,258092,买盘
2547,11:01:18,11.4,-0.01,224,255360,卖盘
2548,11:01:15,11.41,--,195,222495,卖盘
2549,11:01:12,11.41,--,166,189406,买盘
2550,11:01:09,11.41,--,14,15974,买盘
2551,11:01:06,11.41,--,79,90139,买盘
2552,11:01:03,11.41,--,179,204239,卖盘
2553,11:01:00,11.41,--,737,840917,卖盘
2554,11:00:57,11.41,--,366,417606,卖盘
2555,11:00:54,11.41,-0.01,1077,1229404,卖盘
2556,11:00:51,11.42,--,194,222096,买盘
2557,11:00:48,11.42,0.01,334,381428,买盘
2558,11:00:45,11.41,--,2,2282,卖盘
2559,11:00:42,11.41,-0.01,2657,3031637,卖盘
2560,11:00:39,11.42,-0.01,32,36544,卖盘
2561,11:00:30,11.43,-0.01,1681,1921874,卖盘
2562,11:00:27,11.44,-0.01,30,34320,卖盘
2563,11:00:24,11.45,--,21,24045,买盘
2564,11:00:21,11.45,0.01,42,48090,买盘
2565,11:00:18,11.44,-0.01,25,28600,卖盘
2566,11:00:15,11.45,0.01,146,167170,买盘
2567,11:00:12,11.44,--,915,1046760,卖盘
2568,11:00:09,11.44,-0.01,23,26312,卖盘
2569,11:00:06,11.45,--,65,74425,买盘
2570,11:00:03,11.45,--,12,13740,买盘
2571,11:00:00,11.45,--,77,88165,买盘
2572,10:59:57,11.45,0.01,29,33205,买盘
2573,10:59:54,11.44,-0.01,37,42808,卖盘
2574,10:59:51,11.45,0.01,2,2290,买盘
2575,10:59:48,11.44,-0.01,82,94448,卖盘
2576,10:59:45,11.45,--,10,11450,买盘
2577,10:59:42,11.45,--,13,14884,买盘
2578,10:59:39,11.45,--,75,85875,卖盘
2579,10:59:36,11.45,-0.01,12,13740,卖盘
2580,10:59:33,11.46,0.01,27,30942,买盘
2581,10:59:30,11.45,-0.01,52,59539,卖盘
2582,10:59:27,11.46,--,111,127206,买盘
2583,10:59:24,11.46,--,3,3438,买盘
2584,10:59:21,11.46,0.02,15,17190,买盘
2585,10:59:18,11.44,--,438,502193,卖盘
2586,10:59:12,11.44,-0.01,58,66352,卖盘
2587,10:59:09,11.45,--,185,211847,卖盘
2588,10:59:06,11.45,-0.01,12,13740,卖盘
2589,10:59:03,11.46,--,60,68760,买盘
2590,10:59:00,11.46,0.01,20,22920,买盘
2591,10:58:57,11.45,--,40,45800,卖盘
2592,10:58:54,11.45,--,45,51914,卖盘
2593,10:58:51,11.45,--,64,73280,卖盘
2594,10:58:48,11.45,--,269,308737,卖盘
2595,10:58:42,11.45,-0.01,86,98470,卖盘
2596,10:58:36,11.46,--,30,34380,买盘
2597,10:58:33,11.46,0.01,105,120330,买盘
2598,10:58:30,11.45,-0.01,19,21755,卖盘
2599,10:58:24,11.46,0.01,13,14898,买盘
2600,10:58:21,11.45,--,1999,2289313,卖盘
2601,10:58:18,11.45,--,127,145415,卖盘
2602,10:58:15,11.45,-0.01,33,37785,卖盘
2603,10:58:12,11.46,--,12,13752,买盘
2604,10:58:09,11.46,--,13,14898,买盘
2605,10:58:06,11.46,0.01,6,6876,买盘
2606,10:58:03,11.45,-0.01,32,36640,卖盘
2607,10:58:00,11.46,0.01,1,1146,买盘
2608,10:57:57,11.45,-0.01,252,288540,卖盘
2609,10:57:54,11.46,0.01,34,38964,买盘
2610,10:57:51,11.45,--,46,52670,卖盘
2611,10:57:48,11.45,--,12,13740,卖盘
2612,10:57:45,11.45,-0.01,82,94691,卖盘
2613,10:57:42,11.46,--,28,32088,买盘
2614,10:57:39,11.46,0.01,12,13752,买盘
2615,10:57:36,11.45,-0.01,9,10305,卖盘
2616,10:57:33,11.46,--,78,89388,买盘
2617,10:57:30,11.46,--,39,44694,买盘
2618,10:57:27,11.46,--,7,8022,买盘
2619,10:57:21,11.46,--,48,55008,买盘
2620,10:57:18,11.46,--,26,29796,买盘
2621,10:57:15,11.46,--,35,40110,买盘
2622,10:57:12,11.46,--,16,18336,买盘
2623,10:57:09,11.46,--,42,48132,买盘
2624,10:57:06,11.46,--,33,37818,买盘
2625,10:57:03,11.46,--,2,2292,买盘
2626,10:57:00,11.46,--,11,12606,买盘
2627,10:56:57,11.46,--,62,71052,买盘
2628,10:56:54,11.46,--,16,18336,买盘
2629,10:56:51,11.46,--,193,221430,买盘
2630,10:56:48,11.46,--,57,65322,买盘
2631,10:56:45,11.46,--,69,79944,买盘
2632,10:56:42,11.46,--,39,44694,买盘
2633,10:56:39,11.46,--,132,151272,买盘
2634,10:56:36,11.46,--,35,40110,买盘
2635,10:56:33,11.46,--,24,27504,买盘
2636,10:56:27,11.46,0.01,20,22920,买盘
2637,10:56:24,11.45,--,10,11450,卖盘
2638,10:56:21,11.45,-0.01,23,26335,卖盘
2639,10:56:18,11.46,--,24,27504,买盘
2640,10:56:15,11.46,--,19,21774,买盘
2641,10:56:12,11.46,0.01,26,29796,买盘
2642,10:56:09,11.45,-0.01,12,13740,卖盘
2643,10:56:06,11.46,--,135,154710,买盘
2644,10:56:03,11.46,--,37,42402,买盘
2645,10:56:00,11.46,--,199,228054,买盘
2646,10:55:54,11.46,--,580,664680,买盘
2647,10:55:51,11.46,-0.01,116,132958,卖盘
2648,10:55:48,11.47,0.01,26,29822,买盘
2649,10:55:45,11.46,-0.01,26,30517,卖盘
2650,10:55:42,11.47,--,108,124277,买盘
2651,10:55:39,11.47,--,4,4588,买盘
2652,10:55:36,11.47,--,53,60791,买盘
2653,10:55:33,11.47,--,12,13764,买盘
2654,10:55:30,11.47,0.01,12,13764,买盘
2655,10:55:27,11.46,-0.01,12,13752,卖盘
2656,10:55:24,11.47,--,12,13764,买盘
2657,10:55:18,11.47,0.01,69,79143,买盘
2658,10:55:15,11.46,--,20,22920,卖盘
2659,10:55:12,11.46,--,82,93972,卖盘
2660,10:55:06,11.46,--,29,33234,卖盘
2661,10:55:03,11.46,--,357,409488,买盘
2662,10:55:00,11.46,--,73,83658,买盘
2663,10:54:54,11.46,--,84,96264,买盘
2664,10:54:51,11.46,--,24,27504,买盘
2665,10:54:48,11.46,0.01,132,152269,买盘
2666,10:54:45,11.45,--,10,11450,卖盘
2667,10:54:42,11.45,--,63,72260,卖盘
2668,10:54:39,11.45,-0.01,53,60684,卖盘
2669,10:54:30,11.46,0.01,13,14898,买盘
2670,10:54:27,11.45,--,32,36640,卖盘
2671,10:54:24,11.45,-0.01,137,156865,卖盘
2672,10:54:21,11.46,--,96,110016,买盘
2673,10:54:18,11.46,--,33,37818,买盘
2674,10:54:15,11.46,0.01,15,17190,买盘
2675,10:54:12,11.45,-0.01,49,56105,卖盘
2676,10:54:09,11.46,--,10,11460,买盘
2677,10:54:03,11.46,0.01,20,22920,买盘
2678,10:54:00,11.45,--,69,79005,卖盘
2679,10:53:57,11.45,-0.01,127,145415,卖盘
2680,10:53:54,11.46,--,57,65322,买盘
2681,10:53:48,11.46,0.01,8,9168,买盘
2682,10:53:45,11.45,--,67,77069,卖盘
2683,10:53:42,11.45,--,60,69467,卖盘
2684,10:53:36,11.45,--,123,140835,卖盘
2685,10:53:33,11.45,-0.02,115,131675,卖盘
2686,10:53:30,11.47,0.01,63,72261,买盘
2687,10:53:24,11.46,--,100,114600,买盘
2688,10:53:21,11.46,0.01,12,13752,中性盘
2689,10:53:18,11.45,--,156,178620,卖盘
2690,10:53:15,11.45,-0.02,13,14884,卖盘
2691,10:53:12,11.47,0.01,16,18352,买盘
2692,10:53:09,11.46,0.01,138,158148,买盘
2693,10:53:06,11.45,--,102,116790,卖盘
2694,10:53:03,11.45,--,25,28625,卖盘
2695,10:53:00,11.45,--,3,3435,卖盘
2696,10:52:57,11.45,-0.01,116,132820,卖盘
2697,10:52:54,11.46,--,115,131790,买盘
2698,10:52:48,11.46,--,38,43548,买盘
2699,10:52:45,11.46,--,149,171269,卖盘
2700,10:52:42,11.46,-0.01,73,84265,卖盘
2701,10:52:39,11.47,0.02,1,1147,买盘
2702,10:52:36,11.45,-0.02,201,230145,卖盘
2703,10:52:33,11.47,0.01,82,94054,买盘
2704,10:52:30,11.46,-0.01,111,127206,中性盘
2705,10:52:27,11.47,0.01,61,69967,买盘
2706,10:52:24,11.46,0.01,83,95118,买盘
2707,10:52:21,11.45,-0.01,53,60684,卖盘
2708,10:52:18,11.46,--,27,30942,买盘
2709,10:52:15,11.46,--,12,13752,买盘
2710,10:52:12,11.46,--,53,60738,买盘
2711,10:52:09,11.46,0.01,18,20628,买盘
2712,10:52:06,11.45,-0.01,205,234724,卖盘
2713,10:52:03,11.46,--,29,33234,买盘
2714,10:52:00,11.46,--,12,13752,买盘
2715,10:51:54,11.46,--,41,46986,买盘
2716,10:51:51,11.46,0.01,326,373596,买盘
2717,10:51:48,11.45,-0.01,47,53815,卖盘
2718,10:51:45,11.46,--,4,4584,买盘
2719,10:51:42,11.46,0.01,184,211459,买盘
2720,10:51:39,11.45,--,1765,2021451,卖盘
2721,10:51:36,11.45,--,54,61829,卖盘
2722,10:51:33,11.45,--,289,330905,卖盘
2723,10:51:30,11.45,-0.01,283,324035,卖盘
2724,10:51:27,11.46,--,28,32088,买盘
2725,10:51:24,11.46,--,178,203988,买盘
2726,10:51:21,11.46,--,39,44694,买盘
2727,10:51:18,11.46,0.01,36,41256,买盘
2728,10:51:15,11.45,--,110,125949,卖盘
2729,10:51:12,11.45,--,31,35495,卖盘
2730,10:51:06,11.45,-0.01,16,18320,卖盘
2731,10:51:03,11.46,0.01,14,16044,买盘
2732,10:51:00,11.45,-0.01,50,57250,卖盘
2733,10:50:57,11.46,--,4,4584,买盘
2734,10:50:54,11.46,--,150,171945,卖盘
2735,10:50:51,11.46,-0.01,397,454962,卖盘
2736,10:50:48,11.47,--,40,45880,买盘
2737,10:50:45,11.47,0.01,28,32116,买盘
2738,10:50:42,11.46,--,255,293112,卖盘
2739,10:50:39,11.46,-0.01,80,91920,卖盘
2740,10:50:36,11.47,--,10,11470,买盘
2741,10:50:33,11.47,--,135,154845,买盘
2742,10:50:30,11.47,0.01,1,1147,买盘
2743,10:50:27,11.46,-0.01,10,11460,卖盘
2744,10:50:24,11.47,--,25,28675,买盘
2745,10:50:21,11.47,--,45,51615,买盘
2746,10:50:18,11.47,--,31,35557,买盘
2747,10:50:12,11.47,--,123,141081,买盘
2748,10:50:09,11.47,0.01,14,16058,买盘
2749,10:50:06,11.46,-0.01,109,124914,卖盘
2750,10:50:03,11.47,0.01,40,45880,买盘
2751,10:50:00,11.46,--,39,44694,卖盘
2752,10:49:57,11.46,-0.01,18,20628,卖盘
2753,10:49:54,11.47,0.01,10,11470,买盘
2754,10:49:51,11.46,-0.01,32,36672,卖盘
2755,10:49:48,11.47,--,26,29822,买盘
2756,10:49:45,11.47,--,85,97495,买盘
2757,10:49:42,11.47,--,12,13764,买盘
2758,10:49:39,11.47,0.01,52,60171,买盘
2759,10:49:33,11.46,-0.01,66,76231,卖盘
2760,10:49:30,11.47,0.01,42,48174,买盘
2761,10:49:27,11.46,-0.01,7,8022,卖盘
2762,10:49:24,11.47,0.01,121,138787,买盘
2763,10:49:21,11.46,-0.01,10,11460,卖盘
2764,10:49:18,11.47,--,63,72261,买盘
2765,10:49:15,11.47,--,53,60791,卖盘
2766,10:49:12,11.47,--,10,11470,卖盘
2767,10:49:09,11.47,--,40,45880,卖盘
2768,10:49:06,11.47,--,55,63085,卖盘
2769,10:49:00,11.47,-0.01,21,24087,中性盘
2770,10:48:57,11.48,0.02,40,45920,买盘
2771,10:48:54,11.46,-0.01,141,161586,卖盘
2772,10:48:51,11.47,0.01,5,5735,买盘
2773,10:48:48,11.46,--,5,5730,卖盘
2774,10:48:45,11.46,-0.02,274,314565,卖盘
2775,10:48:42,11.48,0.02,161,184942,买盘
2776,10:48:39,11.46,-0.02,31,36202,卖盘
2777,10:48:36,11.48,--,1080,1240287,买盘
2778,10:48:33,11.48,--,7,8036,买盘
2779,10:48:30,11.48,--,12,13776,买盘
2780,10:48:24,11.48,--,3,3444,买盘
2781,10:48:21,11.48,0.01,51,58548,买盘
2782,10:48:18,11.47,-0.01,45,51615,卖盘
2783,10:48:15,11.48,--,10,11480,买盘
2784,10:48:12,11.48,0.01,12,13776,买盘
2785,10:48:09,11.47,-0.01,39,44733,卖盘
2786,10:48:06,11.48,--,76,87248,买盘
2787,10:48:03,11.48,--,159,182532,买盘
2788,10:48:00,11.48,--,13,14924,买盘
2789,10:47:57,11.48,--,504,578592,买盘
2790,10:47:54,11.48,--,12,13776,买盘
2791,10:47:51,11.48,--,65,74620,买盘
2792,10:47:48,11.48,0.01,12,13776,买盘
2793,10:47:45,11.47,-0.01,1,1147,卖盘
2794,10:47:39,11.48,-0.01,53,61567,卖盘
2795,10:47:36,11.49,--,12,13788,买盘
2796,10:47:33,11.49,--,381,438194,买盘
2797,10:47:30,11.49,--,13,14937,买盘
2798,10:47:27,11.49,0.01,11,12639,买盘
2799,10:47:24,11.48,--,10,11480,卖盘
2800,10:47:21,11.48,-0.01,151,173348,卖盘
