,time,price,change,volume,amount,type
0,15:00:03,14.17,--,12663,17943853,卖盘
1,14:57:00,14.17,--,238,337246,卖盘
2,14:56:57,14.17,0.01,46,66216,买盘
3,14:56:54,14.16,-0.01,671,950136,卖盘
4,14:56:51,14.17,--,69,97773,买盘
5,14:56:48,14.17,--,233,330161,买盘
6,14:56:45,14.17,--,619,877123,买盘
7,14:56:42,14.17,--,88,124696,买盘
8,14:56:39,14.17,--,101,143117,买盘
9,14:56:36,14.17,--,374,529958,买盘
10,14:56:33,14.17,--,770,1091090,买盘
11,14:56:30,14.17,0.01,433,613561,卖盘
12,14:56:27,14.16,-0.01,854,1210396,卖盘
13,14:56:24,14.17,--,282,399594,卖盘
14,14:56:21,14.17,--,206,291902,卖盘
15,14:56:18,14.17,--,1117,1582789,卖盘
16,14:56:15,14.17,--,241,341497,卖盘
17,14:56:12,14.17,--,42,59514,卖盘
18,14:56:09,14.17,--,154,218218,卖盘
19,14:56:06,14.17,--,182,257894,卖盘
20,14:56:03,14.17,--,593,840281,买盘
21,14:56:00,14.17,--,3,4251,买盘
22,14:55:57,14.17,--,51,72267,买盘
23,14:55:54,14.17,--,25,35425,买盘
24,14:55:51,14.17,--,570,807690,卖盘
25,14:55:48,14.17,--,181,256477,卖盘
26,14:55:45,14.17,-0.01,523,741091,卖盘
27,14:55:42,14.18,--,92,130456,买盘
28,14:55:39,14.18,--,195,276510,买盘
29,14:55:36,14.18,--,15,21270,买盘
30,14:55:33,14.18,--,371,526078,买盘
31,14:55:30,14.18,--,169,239642,买盘
32,14:55:27,14.18,0.01,522,740196,买盘
33,14:55:24,14.17,-0.01,238,337246,卖盘
34,14:55:21,14.18,0.01,72,102096,买盘
35,14:55:18,14.17,-0.01,69,97773,卖盘
36,14:55:15,14.18,--,252,357336,买盘
37,14:55:12,14.18,--,15,21270,买盘
38,14:55:09,14.18,--,113,160234,买盘
39,14:55:06,14.18,--,18,25524,买盘
40,14:55:03,14.18,-0.01,1874,2657332,卖盘
41,14:55:00,14.19,--,295,418605,买盘
42,14:54:57,14.19,--,255,361845,买盘
43,14:54:54,14.19,0.01,217,307923,买盘
44,14:54:51,14.18,0.01,129,182922,买盘
45,14:54:48,14.17,-0.01,135,191295,卖盘
46,14:54:45,14.18,--,132,187176,卖盘
47,14:54:42,14.18,0.01,534,757212,买盘
48,14:54:39,14.17,--,64,90688,买盘
49,14:54:36,14.17,--,211,298987,卖盘
50,14:54:33,14.17,--,122,172874,卖盘
51,14:54:30,14.17,--,20,28340,卖盘
52,14:54:27,14.17,--,329,466193,卖盘
53,14:54:24,14.17,0.01,879,1245543,买盘
54,14:54:21,14.16,--,126,178416,卖盘
55,14:54:18,14.16,-0.01,114,161424,卖盘
56,14:54:15,14.17,0.01,271,384007,买盘
57,14:54:12,14.16,--,231,327096,卖盘
58,14:54:09,14.16,--,80,113280,卖盘
59,14:54:06,14.16,-0.01,36,50976,卖盘
60,14:54:03,14.17,--,71,100607,买盘
61,14:54:00,14.17,0.01,323,457691,中性盘
62,14:53:57,14.16,-0.01,552,781632,卖盘
63,14:53:54,14.17,--,25,35425,卖盘
64,14:53:51,14.17,--,123,174291,卖盘
65,14:53:48,14.17,--,219,310323,买盘
66,14:53:45,14.17,0.01,235,332995,买盘
67,14:53:42,14.16,0.01,103,145848,买盘
68,14:53:39,14.15,--,54,76410,卖盘
69,14:53:36,14.15,-0.01,654,925410,卖盘
70,14:53:33,14.16,-0.01,246,348336,卖盘
71,14:53:30,14.17,--,1128,1598376,买盘
72,14:53:27,14.17,0.01,294,416598,买盘
73,14:53:24,14.16,--,116,164256,卖盘
74,14:53:21,14.16,-0.01,10,14160,卖盘
75,14:53:18,14.17,0.01,179,253643,买盘
76,14:53:15,14.16,--,276,390816,卖盘
77,14:53:12,14.16,--,243,344088,卖盘
78,14:53:09,14.16,0.01,632,894912,买盘
79,14:53:06,14.15,-0.01,254,359410,卖盘
80,14:53:03,14.16,--,133,188328,买盘
81,14:53:00,14.16,--,67,94872,买盘
82,14:52:57,14.16,0.01,1353,1915848,买盘
83,14:52:54,14.15,-0.01,355,502325,卖盘
84,14:52:51,14.16,0.01,58,82128,买盘
85,14:52:48,14.15,--,1522,2153630,卖盘
86,14:52:45,14.15,--,62,87730,卖盘
87,14:52:42,14.15,0.01,362,512725,买盘
88,14:52:39,14.14,--,601,849814,卖盘
89,14:52:36,14.14,-0.01,40,56560,卖盘
90,14:52:33,14.15,0.01,159,224985,买盘
91,14:52:30,14.14,--,51,72114,卖盘
92,14:52:27,14.14,-0.01,157,221998,卖盘
93,14:52:24,14.15,0.01,25,35375,买盘
94,14:52:21,14.14,--,117,165438,卖盘
95,14:52:18,14.14,--,823,1163722,卖盘
96,14:52:15,14.14,--,66,93663,买盘
97,14:52:12,14.14,--,186,263004,买盘
98,14:52:09,14.14,--,186,263004,买盘
99,14:52:06,14.14,--,31,43834,买盘
100,14:52:03,14.14,-0.01,274,387945,卖盘
101,14:52:00,14.15,0.01,212,299980,买盘
102,14:51:57,14.14,--,670,947380,卖盘
103,14:51:54,14.14,--,945,1336230,卖盘
104,14:51:51,14.14,--,37,52318,卖盘
105,14:51:48,14.14,--,554,784260,买盘
106,14:51:45,14.14,--,25,35350,买盘
107,14:51:42,14.14,--,178,251692,买盘
108,14:51:39,14.14,0.01,119,168266,买盘
109,14:51:36,14.13,-0.01,306,433508,卖盘
110,14:51:33,14.14,--,275,388850,买盘
111,14:51:30,14.14,--,13,18382,买盘
112,14:51:27,14.14,--,253,357742,买盘
113,14:51:24,14.14,0.01,1513,2139382,买盘
114,14:51:21,14.13,-0.01,54,76302,卖盘
115,14:51:18,14.14,--,61,86254,买盘
116,14:51:15,14.14,--,43,60802,买盘
117,14:51:12,14.14,--,114,162044,买盘
118,14:51:09,14.14,0.01,37,52318,买盘
119,14:51:06,14.13,-0.01,107,151191,卖盘
120,14:51:00,14.14,--,111,156954,买盘
121,14:50:57,14.14,--,461,651854,买盘
122,14:50:54,14.14,0.01,277,391904,买盘
123,14:50:51,14.13,-0.01,149,210537,卖盘
124,14:50:48,14.14,0.01,713,1008182,买盘
125,14:50:45,14.13,--,68,96084,卖盘
126,14:50:42,14.13,--,25,35325,卖盘
127,14:50:39,14.13,--,95,135421,买盘
128,14:50:36,14.13,--,52,73476,买盘
129,14:50:33,14.13,--,203,286839,买盘
130,14:50:30,14.13,--,729,1030077,买盘
131,14:50:27,14.13,--,202,285426,买盘
132,14:50:24,14.13,--,1886,2664918,买盘
133,14:50:21,14.13,--,30,42390,买盘
134,14:50:18,14.13,--,1400,1978200,买盘
135,14:50:15,14.13,--,55,77715,买盘
136,14:50:12,14.13,0.01,26,36738,买盘
137,14:50:09,14.12,--,432,609984,卖盘
138,14:50:06,14.12,--,588,830256,卖盘
139,14:50:03,14.12,--,21,29652,卖盘
140,14:50:00,14.12,--,100,141200,卖盘
141,14:49:57,14.12,--,407,574684,买盘
142,14:49:54,14.12,--,66,93192,买盘
143,14:49:51,14.12,--,28,39536,卖盘
144,14:49:48,14.12,--,257,362884,卖盘
145,14:49:45,14.12,--,324,457488,卖盘
146,14:49:42,14.12,-0.01,124,175088,卖盘
147,14:49:39,14.13,0.01,13,18369,买盘
148,14:49:36,14.12,--,38,53656,卖盘
149,14:49:33,14.12,--,559,789308,卖盘
150,14:49:30,14.12,-0.01,70,98840,中性盘
151,14:49:27,14.13,0.01,280,395640,买盘
152,14:49:24,14.12,--,520,734240,买盘
153,14:49:21,14.12,--,51,72012,买盘
154,14:49:15,14.12,--,66,93192,卖盘
155,14:49:12,14.12,--,504,711648,卖盘
156,14:49:09,14.12,0.01,323,456076,卖盘
157,14:49:06,14.11,-0.01,6438,9084018,卖盘
158,14:49:03,14.12,0.01,21,29652,买盘
159,14:49:00,14.11,-0.01,485,684335,卖盘
160,14:48:57,14.12,--,165,232980,卖盘
161,14:48:54,14.12,--,429,605748,买盘
162,14:48:51,14.12,--,87,122844,买盘
163,14:48:48,14.12,--,111,156732,买盘
164,14:48:45,14.12,-0.01,544,768128,卖盘
165,14:48:42,14.13,0.01,588,830844,买盘
166,14:48:39,14.12,--,108,152496,卖盘
167,14:48:36,14.12,--,2133,3011796,卖盘
168,14:48:33,14.12,-0.01,104,146848,卖盘
169,14:48:30,14.13,0.01,100,141300,买盘
170,14:48:27,14.12,-0.01,193,272516,卖盘
171,14:48:24,14.13,--,55,77715,买盘
172,14:48:21,14.13,0.01,125,176625,买盘
173,14:48:18,14.12,-0.01,53,74836,卖盘
174,14:48:15,14.13,0.01,20,28260,买盘
175,14:48:12,14.12,--,70,98840,卖盘
176,14:48:09,14.12,--,89,125668,卖盘
177,14:48:06,14.12,--,128,180736,卖盘
178,14:48:03,14.12,--,104,146848,卖盘
179,14:48:00,14.12,-0.01,307,433484,卖盘
180,14:47:57,14.13,--,454,641502,买盘
181,14:47:54,14.13,0.01,60,84780,买盘
182,14:47:51,14.12,--,115,162380,卖盘
183,14:47:48,14.12,--,100,141200,卖盘
184,14:47:45,14.12,--,236,333232,卖盘
185,14:47:42,14.12,-0.01,275,388300,卖盘
186,14:47:39,14.13,0.01,20,28260,买盘
187,14:47:36,14.12,-0.01,270,381240,卖盘
188,14:47:33,14.13,--,133,187929,买盘
189,14:47:30,14.13,--,74,104562,买盘
190,14:47:27,14.13,--,109,154017,买盘
191,14:47:24,14.13,0.01,42,59346,买盘
192,14:47:21,14.12,-0.01,116,163792,卖盘
193,14:47:18,14.13,--,23,32499,买盘
194,14:47:15,14.13,0.01,29,40977,买盘
195,14:47:12,14.12,-0.01,41,57892,卖盘
196,14:47:09,14.13,0.01,23,32499,买盘
197,14:47:06,14.12,-0.01,145,204740,卖盘
198,14:47:03,14.13,--,59,83367,买盘
199,14:47:00,14.13,0.01,139,196407,买盘
200,14:46:57,14.12,-0.01,352,497024,卖盘
201,14:46:54,14.13,--,30,42390,买盘
202,14:46:51,14.13,--,109,154017,买盘
203,14:46:48,14.13,--,59,83367,买盘
204,14:46:45,14.13,--,23,32499,买盘
205,14:46:42,14.13,--,263,371619,买盘
206,14:46:39,14.13,--,39,55107,买盘
207,14:46:36,14.13,--,275,388575,买盘
208,14:46:33,14.13,--,390,551070,买盘
209,14:46:30,14.13,--,26,36738,买盘
210,14:46:27,14.13,--,64,90432,买盘
211,14:46:24,14.13,--,173,244449,买盘
212,14:46:21,14.13,--,510,720630,买盘
213,14:46:18,14.13,0.01,71,100323,买盘
214,14:46:15,14.12,-0.01,143,201916,卖盘
215,14:46:12,14.13,--,291,411183,买盘
216,14:46:09,14.13,--,92,129996,买盘
217,14:46:06,14.13,--,254,358902,买盘
218,14:46:03,14.13,--,24,33912,买盘
219,14:46:00,14.13,--,49,69237,买盘
220,14:45:57,14.13,--,1,1413,买盘
221,14:45:54,14.13,--,578,816714,买盘
222,14:45:51,14.13,--,172,243036,买盘
223,14:45:48,14.13,--,119,168147,买盘
224,14:45:45,14.13,0.01,620,876060,买盘
225,14:45:42,14.12,-0.01,60,84720,卖盘
226,14:45:39,14.13,0.01,138,194994,买盘
227,14:45:36,14.12,-0.01,129,182148,卖盘
228,14:45:33,14.13,0.01,232,327816,买盘
229,14:45:30,14.12,-0.01,353,498436,卖盘
230,14:45:27,14.13,0.01,90,127170,买盘
231,14:45:24,14.12,--,238,336056,买盘
232,14:45:21,14.12,--,55,77660,卖盘
233,14:45:18,14.12,--,1053,1486836,买盘
234,14:45:15,14.12,0.01,66,93192,中性盘
235,14:45:12,14.11,-0.02,130,183430,卖盘
236,14:45:09,14.13,0.01,1119,1581147,买盘
237,14:45:06,14.12,--,222,313464,卖盘
238,14:45:03,14.12,--,23,32476,卖盘
239,14:45:00,14.12,--,124,175088,买盘
240,14:44:57,14.12,0.01,225,317700,买盘
241,14:44:54,14.11,-0.01,746,1052606,卖盘
242,14:44:51,14.12,--,117,165204,买盘
243,14:44:48,14.12,0.01,163,230156,买盘
244,14:44:45,14.11,--,105,148155,卖盘
245,14:44:42,14.11,--,193,272323,卖盘
246,14:44:39,14.11,--,229,323119,卖盘
247,14:44:36,14.11,--,1104,1557744,卖盘
248,14:44:33,14.11,-0.01,20,28220,卖盘
249,14:44:30,14.12,--,169,238628,买盘
250,14:44:27,14.12,--,375,529500,买盘
251,14:44:24,14.12,--,70,98840,买盘
252,14:44:21,14.12,0.01,106,149672,买盘
253,14:44:18,14.11,--,32,45152,卖盘
254,14:44:15,14.11,--,134,189074,卖盘
255,14:44:12,14.11,--,45,63495,卖盘
256,14:44:06,14.11,--,134,189074,买盘
257,14:44:03,14.11,--,153,215883,卖盘
258,14:44:00,14.11,--,47,66317,卖盘
259,14:43:57,14.11,--,119,167909,买盘
260,14:43:54,14.11,0.01,36,50796,买盘
261,14:43:51,14.1,-0.01,112,157920,卖盘
262,14:43:48,14.11,--,286,403546,买盘
263,14:43:45,14.11,--,106,149566,买盘
264,14:43:42,14.11,0.01,130,183430,买盘
265,14:43:39,14.1,-0.01,133,187530,卖盘
266,14:43:36,14.11,0.01,67,94537,买盘
267,14:43:33,14.1,-0.01,114,160740,卖盘
268,14:43:30,14.11,--,30,42330,买盘
269,14:43:27,14.11,--,151,213061,买盘
270,14:43:24,14.11,--,82,115702,买盘
271,14:43:21,14.11,--,26,36686,买盘
272,14:43:18,14.11,0.01,258,364038,买盘
273,14:43:15,14.1,-0.01,31,43710,卖盘
274,14:43:12,14.11,0.01,67,94537,买盘
275,14:43:09,14.1,--,155,218550,卖盘
276,14:43:06,14.1,-0.01,289,407490,卖盘
277,14:43:03,14.11,0.01,95,134045,买盘
278,14:43:00,14.1,-0.01,91,128310,卖盘
279,14:42:57,14.11,--,120,169320,买盘
280,14:42:54,14.11,--,211,297721,买盘
281,14:42:51,14.11,--,132,186252,买盘
282,14:42:48,14.11,0.01,587,828257,买盘
283,14:42:45,14.1,-0.01,123,173430,卖盘
284,14:42:42,14.11,0.01,278,392258,买盘
285,14:42:39,14.1,--,240,338400,卖盘
286,14:42:36,14.1,--,272,383520,卖盘
287,14:42:33,14.1,-0.01,226,319999,卖盘
288,14:42:30,14.11,--,94,132634,买盘
289,14:42:27,14.11,--,59,83249,买盘
290,14:42:24,14.11,--,388,547468,买盘
291,14:42:21,14.11,--,635,895985,买盘
292,14:42:18,14.11,--,1003,1415233,买盘
293,14:42:15,14.11,--,11,15521,买盘
294,14:42:12,14.11,0.01,13,18343,买盘
295,14:42:09,14.1,-0.01,90,126900,卖盘
296,14:42:06,14.11,--,78,110058,买盘
297,14:42:03,14.11,--,1012,1427932,卖盘
298,14:42:00,14.11,--,125,176375,卖盘
299,14:41:57,14.11,--,94,132634,卖盘
300,14:41:54,14.11,--,5,7055,卖盘
301,14:41:51,14.11,--,700,987700,买盘
302,14:41:48,14.11,--,40,56440,买盘
303,14:41:45,14.11,--,306,431766,买盘
304,14:41:42,14.11,--,53,74783,买盘
305,14:41:39,14.11,--,35,49385,买盘
306,14:41:36,14.11,0.01,46,64906,买盘
307,14:41:33,14.1,--,224,315840,卖盘
308,14:41:30,14.1,-0.01,18,25380,卖盘
309,14:41:27,14.11,--,38,53618,买盘
310,14:41:24,14.11,0.01,43,60673,买盘
311,14:41:21,14.1,-0.01,131,184710,卖盘
312,14:41:18,14.11,0.01,95,134045,买盘
313,14:41:15,14.1,--,83,117030,卖盘
314,14:41:12,14.1,-0.01,128,180480,卖盘
315,14:41:09,14.11,--,117,165087,买盘
316,14:41:06,14.11,--,82,115702,买盘
317,14:41:03,14.11,0.01,66,93126,买盘
318,14:41:00,14.1,-0.01,220,310200,卖盘
319,14:40:57,14.11,--,381,537591,买盘
320,14:40:54,14.11,--,60,84660,买盘
321,14:40:51,14.11,--,15,21165,买盘
322,14:40:48,14.11,--,23,32453,买盘
323,14:40:45,14.11,0.01,228,321708,买盘
324,14:40:39,14.1,-0.01,131,184710,卖盘
325,14:40:36,14.11,--,130,183430,买盘
326,14:40:33,14.11,--,88,124168,买盘
327,14:40:30,14.11,--,68,95948,卖盘
328,14:40:27,14.11,--,147,207417,卖盘
329,14:40:24,14.11,-0.01,237,334407,中性盘
330,14:40:21,14.12,0.02,56,79072,买盘
331,14:40:18,14.1,--,62,87420,卖盘
332,14:40:15,14.1,-0.01,377,531570,卖盘
333,14:40:12,14.11,--,100,141100,卖盘
334,14:40:09,14.11,-0.01,70,98770,卖盘
335,14:40:06,14.12,0.01,289,408068,中性盘
336,14:40:03,14.11,-0.01,1119,1578909,卖盘
337,14:40:00,14.12,0.01,70,98840,买盘
338,14:39:57,14.11,--,21,29631,卖盘
339,14:39:54,14.11,--,877,1238843,买盘
340,14:39:51,14.11,--,138,194718,买盘
341,14:39:48,14.11,-0.01,2249,3173353,卖盘
342,14:39:45,14.12,0.01,1,1412,买盘
343,14:39:42,14.11,-0.01,472,665992,卖盘
344,14:39:39,14.12,--,215,303580,买盘
345,14:39:36,14.12,0.01,85,120020,买盘
346,14:39:33,14.11,-0.01,65,91715,卖盘
347,14:39:30,14.12,--,165,232980,买盘
348,14:39:27,14.12,--,22,31064,买盘
349,14:39:24,14.12,--,32,45184,买盘
350,14:39:15,14.12,--,52,73424,买盘
351,14:39:12,14.12,--,85,120020,卖盘
352,14:39:09,14.12,--,54,76248,卖盘
353,14:39:06,14.12,--,253,357236,卖盘
354,14:39:03,14.12,--,61,86132,买盘
355,14:39:00,14.12,--,110,155320,卖盘
356,14:38:57,14.12,--,84,118608,卖盘
357,14:38:54,14.12,-0.01,307,433484,卖盘
358,14:38:51,14.13,--,147,207711,买盘
359,14:38:48,14.13,--,44,62172,买盘
360,14:38:45,14.13,--,715,1010295,买盘
361,14:38:42,14.13,0.01,1487,2101131,买盘
362,14:38:39,14.12,-0.01,164,231568,卖盘
363,14:38:36,14.13,--,248,350424,买盘
364,14:38:33,14.13,--,1098,1551474,买盘
365,14:38:30,14.13,--,123,173799,买盘
366,14:38:27,14.13,--,8,11304,买盘
367,14:38:24,14.13,--,104,146952,买盘
368,14:38:21,14.13,--,24,33912,买盘
369,14:38:15,14.13,-0.01,231,327476,卖盘
370,14:38:12,14.14,--,196,277144,买盘
371,14:38:09,14.14,--,395,558530,买盘
372,14:38:06,14.14,0.01,244,345016,买盘
373,14:38:03,14.13,-0.01,156,220428,卖盘
374,14:38:00,14.14,0.01,1775,2509850,买盘
375,14:37:57,14.13,-0.01,131,185103,卖盘
376,14:37:51,14.14,0.01,316,446824,买盘
377,14:37:48,14.13,--,115,162495,卖盘
378,14:37:45,14.13,--,114,161082,卖盘
379,14:37:42,14.13,--,22,31086,卖盘
380,14:37:39,14.13,--,193,272709,卖盘
381,14:37:36,14.13,--,145,204885,卖盘
382,14:37:33,14.13,-0.01,244,344772,卖盘
383,14:37:30,14.14,0.01,15,21210,买盘
384,14:37:27,14.13,-0.01,7,9891,卖盘
385,14:37:24,14.14,0.01,311,439754,买盘
386,14:37:21,14.13,--,35,49455,卖盘
387,14:37:18,14.13,-0.01,33,46629,卖盘
388,14:37:15,14.14,0.01,102,144228,买盘
389,14:37:12,14.13,-0.01,29,40977,卖盘
390,14:37:09,14.14,0.01,32,45248,买盘
391,14:37:06,14.13,--,47,66411,卖盘
392,14:37:03,14.13,-0.01,363,512919,卖盘
393,14:37:00,14.14,0.01,508,718312,买盘
394,14:36:57,14.13,-0.01,47,66411,卖盘
395,14:36:54,14.14,--,496,701344,买盘
396,14:36:51,14.14,0.01,345,487830,买盘
397,14:36:48,14.13,-0.01,495,699435,卖盘
398,14:36:45,14.14,--,87,123018,买盘
399,14:36:42,14.14,--,355,501970,买盘
400,14:36:39,14.14,0.01,79,111706,买盘
401,14:36:36,14.13,--,630,890190,卖盘
402,14:36:33,14.13,-0.01,52,73476,卖盘
403,14:36:30,14.14,--,21,29694,买盘
404,14:36:27,14.14,--,136,192304,买盘
405,14:36:24,14.14,0.01,41,57974,买盘
406,14:36:21,14.13,--,66,93258,卖盘
407,14:36:18,14.13,--,22,31086,卖盘
408,14:36:15,14.13,--,57,80541,卖盘
409,14:36:09,14.13,-0.01,339,479007,卖盘
410,14:36:06,14.14,--,181,255934,买盘
411,14:36:03,14.14,0.01,5,7070,买盘
412,14:36:00,14.13,-0.01,84,118692,卖盘
413,14:35:57,14.14,0.01,27,38178,买盘
414,14:35:54,14.13,-0.01,12,16956,卖盘
415,14:35:51,14.14,--,40,56560,买盘
416,14:35:48,14.14,--,100,141400,买盘
417,14:35:45,14.14,--,107,151298,买盘
418,14:35:42,14.14,--,5,7070,买盘
419,14:35:39,14.14,0.01,31,43834,买盘
420,14:35:36,14.13,-0.01,481,680741,卖盘
421,14:35:33,14.14,--,14,19796,买盘
422,14:35:30,14.14,--,93,131502,买盘
423,14:35:27,14.14,--,30,42420,买盘
424,14:35:24,14.14,--,55,77770,买盘
425,14:35:21,14.14,0.01,88,124432,买盘
426,14:35:18,14.13,--,21,29673,卖盘
427,14:35:15,14.13,--,73,103149,卖盘
428,14:35:12,14.13,-0.01,80,113040,卖盘
429,14:35:09,14.14,0.01,25,35350,买盘
430,14:35:06,14.13,--,40,56520,卖盘
431,14:35:03,14.13,--,8,11304,卖盘
432,14:34:57,14.13,--,1,1413,卖盘
433,14:34:51,14.13,-0.01,504,712152,卖盘
434,14:34:48,14.14,0.01,82,115948,买盘
435,14:34:45,14.13,--,84,118692,卖盘
436,14:34:42,14.13,--,7,9891,卖盘
437,14:34:39,14.13,--,552,779976,卖盘
438,14:34:36,14.13,-0.01,11,15543,卖盘
439,14:34:33,14.14,--,112,158368,买盘
440,14:34:30,14.14,0.01,97,137158,买盘
441,14:34:27,14.13,--,36,50868,卖盘
442,14:34:24,14.13,-0.01,18,25434,卖盘
443,14:34:21,14.14,0.01,59,83426,买盘
444,14:34:18,14.13,-0.01,453,640753,卖盘
445,14:34:15,14.14,--,109,154126,买盘
446,14:34:12,14.14,0.01,493,697102,买盘
447,14:34:09,14.13,--,57,80541,卖盘
448,14:34:06,14.13,-0.01,20,28260,卖盘
449,14:34:03,14.14,0.01,113,159782,买盘
450,14:34:00,14.13,--,55,77715,卖盘
451,14:33:57,14.13,--,128,180864,卖盘
452,14:33:54,14.13,-0.01,45,63585,卖盘
453,14:33:51,14.14,--,33,46662,买盘
454,14:33:48,14.14,0.01,32,45248,买盘
455,14:33:45,14.13,--,28,39564,卖盘
456,14:33:42,14.13,-0.01,115,162495,卖盘
457,14:33:39,14.14,--,490,692860,买盘
458,14:33:36,14.14,--,15,21210,买盘
459,14:33:33,14.14,0.01,32,45248,买盘
460,14:33:30,14.13,--,78,110214,卖盘
461,14:33:27,14.13,--,12,16956,卖盘
462,14:33:24,14.13,--,3,4239,卖盘
463,14:33:21,14.13,--,66,93258,买盘
464,14:33:18,14.13,-0.01,316,446508,买盘
465,14:33:15,14.14,0.01,69,97566,买盘
466,14:33:12,14.13,--,21,29673,买盘
467,14:33:09,14.13,0.01,3,4239,买盘
468,14:33:06,14.12,-0.02,32,45184,卖盘
469,14:33:03,14.14,--,166,234724,买盘
470,14:33:00,14.14,0.01,91,128674,买盘
471,14:32:57,14.13,--,1,1413,卖盘
472,14:32:54,14.13,--,91,128583,买盘
473,14:32:51,14.13,--,98,138474,买盘
474,14:32:48,14.13,--,286,404118,卖盘
475,14:32:45,14.13,--,101,142713,卖盘
476,14:32:42,14.13,-0.01,16,22608,卖盘
477,14:32:39,14.14,0.01,150,212100,买盘
478,14:32:36,14.13,--,22,31086,买盘
479,14:32:33,14.13,--,53,74889,买盘
480,14:32:30,14.13,--,108,152604,买盘
481,14:32:27,14.13,--,488,689544,卖盘
482,14:32:24,14.13,-0.01,5,7065,卖盘
483,14:32:21,14.14,0.01,13,18382,买盘
484,14:32:18,14.13,--,81,114453,卖盘
485,14:32:15,14.13,--,204,288252,卖盘
486,14:32:12,14.13,--,30,42390,卖盘
487,14:32:09,14.13,--,99,139887,卖盘
488,14:32:06,14.13,-0.01,50,70650,买盘
489,14:32:03,14.14,0.01,32,45248,买盘
490,14:32:00,14.13,--,35,49455,买盘
491,14:31:57,14.13,--,46,64998,卖盘
492,14:31:54,14.13,--,235,332055,卖盘
493,14:31:51,14.13,--,204,288252,卖盘
494,14:31:48,14.13,--,53,74889,卖盘
495,14:31:45,14.13,-0.01,28,39564,卖盘
496,14:31:42,14.14,0.01,766,1083124,买盘
497,14:31:39,14.13,--,393,555309,卖盘
498,14:31:36,14.13,--,42,59346,卖盘
499,14:31:33,14.13,--,49,69237,卖盘
500,14:31:30,14.13,-0.01,710,1003230,卖盘
501,14:31:27,14.14,0.01,27,38178,买盘
502,14:31:24,14.13,-0.01,46,64998,卖盘
503,14:31:21,14.14,--,92,130088,买盘
504,14:31:18,14.14,--,147,207858,买盘
505,14:31:15,14.14,0.01,20,28280,买盘
506,14:31:12,14.13,-0.01,165,233145,卖盘
507,14:31:09,14.14,--,1511,2136554,买盘
508,14:31:06,14.14,--,91,128674,买盘
509,14:31:03,14.14,0.01,125,176750,买盘
510,14:31:00,14.13,-0.01,358,505854,卖盘
511,14:30:57,14.14,0.01,28,39592,买盘
512,14:30:54,14.13,-0.01,299,422487,卖盘
513,14:30:51,14.14,--,201,284214,买盘
514,14:30:48,14.14,--,13,18382,买盘
515,14:30:45,14.14,--,112,158368,买盘
516,14:30:42,14.14,--,233,330310,卖盘
517,14:30:39,14.14,--,5,7070,卖盘
518,14:30:33,14.14,--,108,153277,买盘
519,14:30:30,14.14,--,127,179578,买盘
520,14:30:27,14.14,--,141,199374,买盘
521,14:30:24,14.14,--,54,76356,买盘
522,14:30:21,14.14,--,215,304010,买盘
523,14:30:18,14.14,--,541,764974,买盘
524,14:30:15,14.14,--,345,487830,买盘
525,14:30:12,14.14,--,515,728210,买盘
526,14:30:09,14.14,--,246,347844,买盘
527,14:30:06,14.14,--,5,7070,买盘
528,14:30:03,14.14,--,107,151298,买盘
529,14:30:00,14.14,--,71,100394,买盘
530,14:29:57,14.14,--,188,265832,买盘
531,14:29:54,14.14,--,157,221998,买盘
532,14:29:51,14.14,--,95,134330,买盘
533,14:29:48,14.14,0.01,71,100394,买盘
534,14:29:45,14.13,--,79,111627,卖盘
535,14:29:39,14.13,--,121,170973,卖盘
536,14:29:36,14.13,0.01,1582,2236100,买盘
537,14:29:33,14.12,--,47,66364,买盘
538,14:29:30,14.12,--,153,216036,卖盘
539,14:29:27,14.12,-0.01,400,564800,卖盘
540,14:29:24,14.13,--,30,42390,买盘
541,14:29:21,14.13,0.01,9,12717,买盘
542,14:29:18,14.12,--,37,52244,卖盘
543,14:29:12,14.12,--,174,245688,买盘
544,14:29:09,14.12,--,603,851436,卖盘
545,14:29:06,14.12,--,537,758244,卖盘
546,14:29:03,14.12,--,1346,1900552,买盘
547,14:29:00,14.12,--,103,145436,买盘
548,14:28:57,14.12,--,151,213212,买盘
549,14:28:54,14.12,--,5,7060,买盘
550,14:28:51,14.12,--,304,429248,买盘
551,14:28:48,14.12,--,469,662228,买盘
552,14:28:45,14.12,0.01,19,26828,买盘
553,14:28:42,14.11,--,62,87482,卖盘
554,14:28:36,14.11,--,2173,3066766,买盘
555,14:28:33,14.11,0.01,73,103003,买盘
556,14:28:30,14.1,-0.01,710,1001100,卖盘
557,14:28:27,14.11,0.01,46,64906,买盘
558,14:28:24,14.1,--,118,166380,卖盘
559,14:28:21,14.1,--,119,167790,卖盘
560,14:28:18,14.1,--,47,66270,卖盘
561,14:28:15,14.1,0.01,81,114210,中性盘
562,14:28:12,14.09,-0.01,781,1101260,卖盘
563,14:28:09,14.1,--,91,129057,买盘
564,14:28:06,14.1,0.01,773,1089930,买盘
565,14:28:03,14.09,--,174,245166,卖盘
566,14:28:00,14.09,-0.01,11,15499,卖盘
567,14:27:57,14.1,--,18,25380,买盘
568,14:27:54,14.1,--,27,38070,买盘
569,14:27:51,14.1,0.01,72,101520,买盘
570,14:27:48,14.09,--,70,98630,卖盘
571,14:27:45,14.09,-0.01,188,264892,卖盘
572,14:27:42,14.1,--,12,16920,买盘
573,14:27:39,14.1,--,76,107160,买盘
574,14:27:36,14.1,--,211,297510,买盘
575,14:27:33,14.1,0.01,2271,3202110,买盘
576,14:27:30,14.09,--,747,1052523,卖盘
577,14:27:27,14.09,--,185,260665,卖盘
578,14:27:24,14.09,-0.01,80,112720,卖盘
579,14:27:21,14.1,--,193,272130,买盘
580,14:27:18,14.1,0.01,30,42300,买盘
581,14:27:15,14.09,-0.01,86,121174,卖盘
582,14:27:12,14.1,0.01,116,163560,买盘
583,14:27:09,14.09,-0.01,23,32407,卖盘
584,14:27:06,14.1,0.01,90,126900,买盘
585,14:27:03,14.09,-0.01,73,102857,卖盘
586,14:27:00,14.1,--,87,122670,买盘
587,14:26:57,14.1,--,19,26790,买盘
588,14:26:54,14.1,--,23,32430,买盘
589,14:26:51,14.1,--,119,167790,买盘
590,14:26:48,14.1,--,150,211500,买盘
591,14:26:45,14.1,--,768,1083542,卖盘
592,14:26:42,14.1,--,206,290460,卖盘
593,14:26:39,14.1,--,50,70500,卖盘
594,14:26:36,14.1,--,225,317250,卖盘
595,14:26:33,14.1,-0.01,466,657060,卖盘
596,14:26:30,14.11,--,73,103285,买盘
597,14:26:27,14.11,0.01,327,461397,买盘
598,14:26:24,14.1,-0.01,137,193170,卖盘
599,14:26:21,14.11,0.01,108,152388,买盘
600,14:26:18,14.1,-0.01,195,274950,卖盘
601,14:26:15,14.11,0.01,202,285022,买盘
602,14:26:12,14.1,--,40,56400,卖盘
603,14:26:09,14.1,-0.01,171,241110,卖盘
604,14:26:06,14.11,--,20,28220,买盘
605,14:26:03,14.11,--,164,231404,买盘
606,14:26:00,14.11,--,24,33864,买盘
607,14:25:57,14.11,--,74,104414,买盘
608,14:25:54,14.11,0.01,333,469863,买盘
609,14:25:51,14.1,--,326,460125,买盘
610,14:25:48,14.1,--,463,653774,卖盘
611,14:25:45,14.1,-0.01,62,87420,卖盘
612,14:25:42,14.11,--,454,640594,买盘
613,14:25:39,14.11,0.01,1000,1411000,买盘
614,14:25:36,14.1,--,25,35250,卖盘
615,14:25:33,14.1,-0.01,215,303150,卖盘
616,14:25:24,14.11,--,135,190485,买盘
617,14:25:21,14.11,--,64,90304,买盘
618,14:25:18,14.11,--,7,9877,买盘
619,14:25:15,14.11,--,558,788085,买盘
620,14:25:12,14.11,--,6,8466,买盘
621,14:25:09,14.11,0.01,30,42330,买盘
622,14:25:06,14.1,-0.01,17,23970,卖盘
623,14:25:03,14.11,0.01,77,108647,买盘
624,14:25:00,14.1,-0.01,62,87420,卖盘
625,14:24:57,14.11,0.01,1131,1595841,买盘
626,14:24:54,14.1,-0.01,30,42300,卖盘
627,14:24:51,14.11,0.01,51,71961,买盘
628,14:24:48,14.1,-0.01,19,26790,卖盘
629,14:24:45,14.11,--,11,15521,买盘
630,14:24:42,14.11,--,360,508707,卖盘
631,14:24:39,14.11,-0.01,724,1021564,卖盘
632,14:24:36,14.12,--,213,300756,买盘
633,14:24:33,14.12,0.01,142,200504,买盘
634,14:24:30,14.11,--,94,132634,卖盘
635,14:24:27,14.11,-0.01,556,784516,卖盘
636,14:24:24,14.12,--,86,121432,买盘
637,14:24:21,14.12,--,13,18356,买盘
638,14:24:18,14.12,--,110,155320,买盘
639,14:24:15,14.12,--,8,11296,买盘
640,14:24:12,14.12,--,105,148260,买盘
641,14:24:09,14.12,0.01,53,74836,买盘
642,14:24:06,14.11,-0.01,79,111469,卖盘
643,14:24:03,14.12,--,53,74836,买盘
644,14:24:00,14.12,--,172,242864,买盘
645,14:23:57,14.12,--,663,936156,买盘
646,14:23:54,14.12,0.01,157,221684,买盘
647,14:23:51,14.11,-0.01,47,66317,卖盘
648,14:23:48,14.12,--,44,62128,买盘
649,14:23:45,14.12,--,114,160968,买盘
650,14:23:39,14.12,--,7,9884,卖盘
651,14:23:36,14.12,--,27,38124,中性盘
652,14:23:33,14.12,0.01,61,86132,买盘
653,14:23:30,14.11,--,329,464219,卖盘
654,14:23:27,14.11,-0.02,103,145333,卖盘
655,14:23:24,14.13,--,41,57933,买盘
656,14:23:21,14.13,--,7,9891,买盘
657,14:23:18,14.13,--,68,96084,买盘
658,14:23:15,14.13,-0.01,157,222236,卖盘
659,14:23:12,14.14,0.01,262,370468,买盘
660,14:23:09,14.13,-0.01,2,2826,卖盘
661,14:23:06,14.14,0.03,5015,7092228,买盘
662,14:23:03,14.11,--,27,38097,卖盘
663,14:23:00,14.11,--,94,133297,买盘
664,14:22:57,14.11,0.01,740,1044140,买盘
665,14:22:54,14.1,-0.01,22,31020,卖盘
666,14:22:51,14.11,-0.01,26,37433,卖盘
667,14:22:45,14.12,0.02,60,85383,买盘
668,14:22:42,14.1,-0.01,75,105750,卖盘
669,14:22:39,14.11,--,60,84660,买盘
670,14:22:36,14.11,-0.01,317,448034,卖盘
671,14:22:33,14.12,0.01,872,1231927,买盘
672,14:22:30,14.11,-0.01,113,159443,中性盘
673,14:22:27,14.12,--,11,15532,买盘
674,14:22:24,14.12,0.01,2,2824,买盘
675,14:22:21,14.11,0.01,26,36686,中性盘
676,14:22:18,14.1,-0.02,1288,1816080,卖盘
677,14:22:15,14.12,--,1,1412,买盘
678,14:22:12,14.12,--,26,36712,买盘
679,14:22:09,14.12,--,8,11296,买盘
680,14:22:06,14.12,--,29,40948,买盘
681,14:22:03,14.12,--,178,251336,买盘
682,14:22:00,14.12,--,101,142612,买盘
683,14:21:57,14.12,0.01,628,886736,买盘
684,14:21:54,14.11,-0.01,25,35275,卖盘
685,14:21:51,14.12,--,68,96016,买盘
686,14:21:48,14.12,--,10,14120,买盘
687,14:21:45,14.12,-0.01,773,1092040,卖盘
688,14:21:42,14.13,0.01,61,86193,买盘
689,14:21:39,14.12,-0.01,40,56480,卖盘
690,14:21:36,14.13,--,224,316512,买盘
691,14:21:33,14.13,--,91,128583,卖盘
692,14:21:30,14.13,--,97,137061,卖盘
693,14:21:27,14.13,--,40,56520,卖盘
694,14:21:24,14.13,--,60,84780,卖盘
695,14:21:21,14.13,--,276,389988,买盘
696,14:21:18,14.13,0.01,432,610416,买盘
697,14:21:15,14.12,-0.01,59,83308,卖盘
698,14:21:12,14.13,--,93,131409,买盘
699,14:21:09,14.13,--,416,587808,买盘
700,14:21:06,14.13,--,53,74889,买盘
701,14:21:03,14.13,--,495,699435,卖盘
702,14:21:00,14.13,--,51,72063,卖盘
703,14:20:57,14.13,--,145,204885,卖盘
704,14:20:54,14.13,--,713,1008316,买盘
705,14:20:51,14.13,--,23,32499,买盘
706,14:20:48,14.13,--,40,56520,买盘
707,14:20:45,14.13,--,223,315099,买盘
708,14:20:42,14.13,--,165,233145,买盘
709,14:20:39,14.13,--,19,26847,买盘
710,14:20:36,14.13,--,16,22608,买盘
711,14:20:33,14.13,--,164,231732,买盘
712,14:20:30,14.13,--,92,129996,买盘
713,14:20:27,14.13,--,614,867582,买盘
714,14:20:24,14.13,--,1129,1595277,买盘
715,14:20:21,14.13,--,49,69237,买盘
716,14:20:18,14.13,--,389,549657,买盘
717,14:20:15,14.13,--,145,204885,买盘
718,14:20:12,14.13,0.01,12,16956,买盘
719,14:20:09,14.12,--,254,358648,卖盘
720,14:20:06,14.12,-0.01,154,217448,卖盘
721,14:20:03,14.13,0.01,150,211950,买盘
722,14:20:00,14.12,--,45,63540,卖盘
723,14:19:57,14.12,--,23,32476,卖盘
724,14:19:54,14.12,--,1931,2726572,买盘
725,14:19:51,14.12,--,20,28240,买盘
726,14:19:48,14.12,--,570,804840,买盘
727,14:19:45,14.12,0.01,113,159556,买盘
728,14:19:42,14.11,0.01,1552,2189872,买盘
729,14:19:39,14.1,-0.01,167,235470,卖盘
730,14:19:36,14.11,--,273,385203,买盘
731,14:19:33,14.11,0.01,615,867765,买盘
732,14:19:30,14.1,-0.01,501,706410,卖盘
733,14:19:27,14.11,0.01,44,62084,卖盘
734,14:19:24,14.1,--,299,422718,卖盘
735,14:19:21,14.1,-0.01,282,397620,卖盘
736,14:19:18,14.11,--,748,1055428,买盘
737,14:19:15,14.11,--,71,100181,买盘
738,14:19:12,14.11,0.01,305,430355,买盘
739,14:19:09,14.1,-0.01,118,166380,卖盘
740,14:19:06,14.11,0.01,71,100181,买盘
741,14:19:03,14.1,--,238,335580,卖盘
742,14:19:00,14.1,0.01,274,386340,买盘
743,14:18:57,14.09,-0.01,53,74677,卖盘
744,14:18:54,14.1,0.01,1662,2343420,买盘
745,14:18:51,14.09,-0.01,81,114129,卖盘
746,14:18:48,14.1,0.01,248,349680,买盘
747,14:18:45,14.09,-0.01,925,1303325,卖盘
748,14:18:42,14.1,--,394,555540,卖盘
749,14:18:39,14.1,--,67,94470,卖盘
750,14:18:36,14.1,--,4120,5809200,买盘
751,14:18:33,14.1,--,972,1370520,买盘
752,14:18:30,14.1,-0.01,2707,3816870,卖盘
753,14:18:27,14.11,0.01,696,982056,买盘
754,14:18:24,14.1,--,869,1225290,卖盘
755,14:18:21,14.1,-0.01,1820,2566200,卖盘
756,14:18:18,14.11,--,98,138278,买盘
757,14:18:15,14.11,--,18,25398,买盘
758,14:18:12,14.11,--,724,1021846,卖盘
759,14:18:09,14.11,-0.01,500,705500,卖盘
760,14:18:06,14.12,0.01,355,501260,买盘
761,14:18:03,14.11,--,104,146744,卖盘
762,14:18:00,14.11,-0.01,265,373915,卖盘
763,14:17:57,14.12,--,162,228744,买盘
764,14:17:54,14.12,--,513,724356,买盘
765,14:17:51,14.12,0.01,741,1046292,买盘
766,14:17:48,14.11,--,217,306187,卖盘
767,14:17:45,14.11,-0.01,148,208828,卖盘
768,14:17:42,14.12,--,1044,1474128,卖盘
769,14:17:39,14.12,--,209,296237,卖盘
770,14:17:36,14.12,--,150,211800,卖盘
771,14:17:33,14.12,0.01,4370,6170440,买盘
772,14:17:30,14.11,-0.01,444,626484,卖盘
773,14:17:27,14.12,0.01,705,995460,买盘
774,14:17:24,14.11,--,242,341462,卖盘
775,14:17:21,14.11,-0.01,1310,1848410,卖盘
776,14:17:18,14.12,--,7,9884,买盘
777,14:17:15,14.12,0.01,24,33888,买盘
778,14:17:12,14.11,-0.02,2398,3383578,卖盘
779,14:17:09,14.13,0.01,331,467703,买盘
780,14:17:06,14.12,--,375,529500,卖盘
781,14:17:03,14.12,-0.01,126,177912,卖盘
782,14:17:00,14.13,--,150,211950,买盘
783,14:16:57,14.13,--,22,31086,买盘
784,14:16:54,14.13,--,126,178038,卖盘
785,14:16:51,14.13,--,120,169560,卖盘
786,14:16:48,14.13,--,285,402705,卖盘
787,14:16:45,14.13,--,388,548244,卖盘
788,14:16:42,14.13,-0.01,264,373032,卖盘
789,14:16:39,14.14,--,9,12726,买盘
790,14:16:36,14.14,--,130,183820,买盘
791,14:16:33,14.14,--,89,125846,买盘
792,14:16:30,14.14,--,5,7070,买盘
793,14:16:27,14.14,--,127,179578,买盘
794,14:16:24,14.14,--,9,12726,买盘
795,14:16:21,14.14,--,660,933240,买盘
796,14:16:18,14.14,--,648,916272,买盘
797,14:16:15,14.14,--,4,5656,买盘
798,14:16:12,14.14,-0.01,515,728210,卖盘
799,14:16:09,14.15,0.01,8,11320,买盘
800,14:16:03,14.14,--,31,43834,卖盘
801,14:16:00,14.14,-0.01,42,59388,卖盘
802,14:15:57,14.15,--,25,35375,买盘
803,14:15:54,14.15,0.01,354,500910,买盘
804,14:15:51,14.14,-0.01,135,190890,卖盘
805,14:15:48,14.15,0.01,53,74995,买盘
806,14:15:45,14.14,--,115,162610,卖盘
807,14:15:42,14.14,-0.01,5,7070,卖盘
808,14:15:39,14.15,--,5,7075,买盘
809,14:15:36,14.15,0.01,99,140085,买盘
810,14:15:33,14.14,--,214,302596,卖盘
811,14:15:30,14.14,-0.01,2,2828,卖盘
812,14:15:27,14.15,0.01,49,69335,买盘
813,14:15:24,14.14,--,23,32522,卖盘
814,14:15:21,14.14,--,6,8484,卖盘
815,14:15:18,14.14,--,40,56560,卖盘
816,14:15:15,14.14,--,72,101808,卖盘
817,14:15:12,14.14,--,94,132916,买盘
818,14:15:09,14.14,--,130,183820,买盘
819,14:15:06,14.14,--,88,124432,买盘
820,14:15:03,14.14,--,63,89082,买盘
821,14:15:00,14.14,-0.01,203,287042,卖盘
822,14:14:57,14.15,0.01,231,326865,买盘
823,14:14:54,14.14,--,14,19796,卖盘
824,14:14:48,14.14,--,811,1146754,买盘
825,14:14:45,14.14,--,66,93324,买盘
826,14:14:42,14.14,-0.01,186,263329,卖盘
827,14:14:36,14.15,0.01,51,72165,买盘
828,14:14:33,14.14,-0.01,51,72114,卖盘
829,14:14:27,14.15,--,33,46695,买盘
830,14:14:24,14.15,0.01,49,69335,买盘
831,14:14:21,14.14,--,32,45248,卖盘
832,14:14:18,14.14,--,885,1252478,买盘
833,14:14:15,14.14,--,85,120190,买盘
834,14:14:12,14.14,--,399,564186,买盘
835,14:14:09,14.14,--,33,46662,买盘
836,14:14:06,14.14,0.01,4,5656,买盘
837,14:14:03,14.13,-0.01,98,138474,卖盘
838,14:14:00,14.14,--,8,11312,买盘
839,14:13:57,14.14,--,46,65044,买盘
840,14:13:54,14.14,-0.01,191,270399,卖盘
841,14:13:51,14.15,0.01,48,67920,买盘
842,14:13:48,14.14,--,140,197960,卖盘
843,14:13:45,14.14,-0.01,83,117362,卖盘
844,14:13:42,14.15,--,83,117445,买盘
845,14:13:39,14.15,0.01,4,5660,买盘
846,14:13:36,14.14,-0.01,258,364812,卖盘
847,14:13:33,14.15,--,32,45280,买盘
848,14:13:30,14.15,--,50,70750,买盘
849,14:13:27,14.15,0.01,24,33960,买盘
850,14:13:24,14.14,-0.01,20,28280,卖盘
851,14:13:21,14.15,--,37,52355,买盘
852,14:13:18,14.15,--,564,798060,买盘
853,14:13:15,14.15,0.01,189,267435,买盘
854,14:13:12,14.14,--,99,139986,卖盘
855,14:13:09,14.14,-0.01,138,195132,卖盘
856,14:13:06,14.15,--,10,14150,买盘
857,14:13:03,14.15,--,24,33960,买盘
858,14:13:00,14.15,--,339,479685,买盘
859,14:12:57,14.15,--,592,837680,买盘
860,14:12:54,14.15,--,77,108955,买盘
861,14:12:51,14.15,--,150,212250,买盘
862,14:12:48,14.15,0.01,246,348090,买盘
863,14:12:45,14.14,-0.01,523,739522,卖盘
864,14:12:42,14.15,0.01,42,59430,买盘
865,14:12:39,14.14,-0.01,27,38178,卖盘
866,14:12:36,14.15,0.01,38,53770,买盘
867,14:12:33,14.14,--,101,142814,卖盘
868,14:12:30,14.14,-0.01,92,130088,卖盘
869,14:12:27,14.15,0.01,86,121690,买盘
870,14:12:24,14.14,-0.01,32,45248,卖盘
871,14:12:21,14.15,--,74,104710,买盘
872,14:12:18,14.15,--,22,31130,买盘
873,14:12:15,14.15,--,682,965030,买盘
874,14:12:12,14.15,--,150,212250,买盘
875,14:12:09,14.15,--,109,154235,买盘
876,14:12:06,14.15,--,154,217910,买盘
877,14:12:03,14.15,0.01,127,179705,买盘
878,14:12:00,14.14,--,55,77770,卖盘
879,14:11:57,14.14,--,281,398125,卖盘
880,14:11:54,14.14,-0.01,165,233310,卖盘
881,14:11:51,14.15,--,23,32545,买盘
882,14:11:48,14.15,--,54,76410,买盘
883,14:11:45,14.15,--,500,707500,买盘
884,14:11:42,14.15,--,8,11320,买盘
885,14:11:39,14.15,--,14,19810,买盘
886,14:11:36,14.15,--,201,284415,买盘
887,14:11:33,14.15,--,46,65090,买盘
888,14:11:30,14.15,0.01,3,4245,买盘
889,14:11:27,14.14,-0.01,46,65044,卖盘
890,14:11:24,14.15,--,13,18395,买盘
891,14:11:21,14.15,--,338,478270,买盘
892,14:11:18,14.15,0.01,27,38205,买盘
893,14:11:15,14.14,-0.01,336,475104,卖盘
894,14:11:12,14.15,--,21,29715,买盘
895,14:11:09,14.15,0.01,90,127350,买盘
896,14:11:06,14.14,--,7,9898,卖盘
897,14:11:03,14.14,--,726,1026564,卖盘
898,14:11:00,14.14,--,101,142814,卖盘
899,14:10:57,14.14,-0.01,400,565600,卖盘
900,14:10:54,14.15,--,39,55185,买盘
901,14:10:51,14.15,--,53,74995,买盘
902,14:10:48,14.15,--,146,206590,买盘
903,14:10:45,14.15,--,513,725895,买盘
904,14:10:42,14.15,--,47,66505,买盘
905,14:10:39,14.15,--,39,55185,买盘
906,14:10:36,14.15,0.01,157,222155,买盘
907,14:10:33,14.14,--,18,25452,卖盘
908,14:10:30,14.14,-0.01,25,35350,卖盘
909,14:10:27,14.15,--,86,121690,买盘
910,14:10:24,14.15,--,100,141500,买盘
911,14:10:21,14.15,0.01,87,123105,买盘
912,14:10:18,14.14,--,84,118776,卖盘
913,14:10:15,14.14,-0.01,272,384608,卖盘
914,14:10:12,14.15,--,11,15565,卖盘
915,14:10:09,14.15,0.01,9,12735,买盘
916,14:10:06,14.14,-0.02,150,212100,卖盘
917,14:10:03,14.16,0.01,50,70800,买盘
918,14:10:00,14.15,--,99,140085,买盘
919,14:09:57,14.15,--,210,297150,买盘
920,14:09:54,14.15,--,65,92555,卖盘
921,14:09:51,14.15,--,136,192440,卖盘
922,14:09:48,14.15,-0.01,72,101880,卖盘
923,14:09:45,14.16,--,209,295944,买盘
924,14:09:42,14.16,0.01,186,263376,买盘
925,14:09:39,14.15,--,237,335355,卖盘
926,14:09:36,14.15,-0.01,1035,1464525,卖盘
927,14:09:33,14.16,0.01,12,16992,买盘
928,14:09:30,14.15,-0.01,26,36790,卖盘
929,14:09:27,14.16,0.01,27,38232,买盘
930,14:09:24,14.15,-0.01,590,834850,卖盘
931,14:09:21,14.16,--,32,45312,买盘
932,14:09:18,14.16,0.01,5,7080,买盘
933,14:09:15,14.15,--,22,31130,卖盘
934,14:09:12,14.15,-0.01,497,703255,卖盘
935,14:09:09,14.16,--,111,157176,买盘
936,14:09:06,14.16,--,99,140184,卖盘
937,14:09:03,14.16,-0.01,236,334176,卖盘
938,14:09:00,14.17,0.01,21,29757,买盘
939,14:08:57,14.16,--,212,300192,卖盘
940,14:08:54,14.16,--,24,33984,卖盘
941,14:08:51,14.16,--,31,43896,卖盘
942,14:08:48,14.16,-0.01,183,259128,卖盘
943,14:08:45,14.17,0.01,34,48178,买盘
944,14:08:42,14.16,--,422,597552,卖盘
945,14:08:39,14.16,--,10,14160,卖盘
946,14:08:36,14.16,--,7,9912,卖盘
947,14:08:33,14.16,-0.01,78,110448,卖盘
948,14:08:30,14.17,--,20,28340,买盘
949,14:08:27,14.17,--,166,235222,买盘
950,14:08:24,14.17,0.01,96,136032,买盘
951,14:08:21,14.16,-0.01,100,141600,卖盘
952,14:08:18,14.17,--,190,269230,买盘
953,14:08:15,14.17,0.01,143,202631,买盘
954,14:08:12,14.16,--,323,457368,卖盘
955,14:08:09,14.16,-0.01,88,124608,卖盘
956,14:08:06,14.17,--,84,119028,买盘
957,14:08:03,14.17,0.01,42,59514,买盘
958,14:08:00,14.16,-0.01,188,266208,卖盘
959,14:07:57,14.17,--,40,56680,买盘
960,14:07:54,14.17,--,22,31174,买盘
961,14:07:51,14.17,--,53,75101,买盘
962,14:07:48,14.17,--,1622,2298374,买盘
963,14:07:45,14.17,--,60,85020,买盘
964,14:07:42,14.17,--,1084,1536028,买盘
965,14:07:39,14.17,--,114,161538,买盘
966,14:07:36,14.17,--,70,99190,买盘
967,14:07:33,14.17,0.01,56,79352,买盘
968,14:07:30,14.16,--,211,298776,卖盘
969,14:07:27,14.16,-0.01,40,56640,卖盘
970,14:07:24,14.17,0.01,414,586638,买盘
971,14:07:21,14.16,-0.01,240,339840,卖盘
972,14:07:18,14.17,0.01,12,17004,买盘
973,14:07:15,14.16,--,203,287448,卖盘
974,14:07:12,14.16,--,311,440432,买盘
975,14:07:09,14.16,--,48,69327,卖盘
976,14:07:06,14.16,--,24,33984,卖盘
977,14:07:03,14.16,--,60,84960,卖盘
978,14:07:00,14.16,-0.01,2,2832,卖盘
979,14:06:57,14.17,--,23,32591,买盘
980,14:06:54,14.17,0.01,2,2834,买盘
981,14:06:51,14.16,--,103,145848,卖盘
982,14:06:48,14.16,0.01,2669,3779360,买盘
983,14:06:45,14.15,--,74,104710,卖盘
984,14:06:42,14.15,--,199,281585,卖盘
985,14:06:39,14.15,--,10,14150,卖盘
986,14:06:36,14.15,--,36,50940,卖盘
987,14:06:33,14.15,--,411,582343,买盘
988,14:06:30,14.15,0.01,102,144330,买盘
989,14:06:27,14.14,-0.01,51,72114,卖盘
990,14:06:24,14.15,0.01,16,22640,买盘
991,14:06:21,14.14,-0.01,270,381780,卖盘
992,14:06:18,14.15,0.01,769,1088135,买盘
993,14:06:15,14.14,-0.01,1082,1530244,卖盘
994,14:06:12,14.15,--,176,249040,买盘
995,14:06:09,14.15,--,80,113200,买盘
996,14:06:06,14.15,0.02,38,53770,买盘
997,14:06:03,14.13,-0.02,356,503028,卖盘
998,14:06:00,14.15,--,11,15565,买盘
999,14:05:57,14.15,0.01,524,741460,买盘
1000,14:05:54,14.14,0.01,1348,1906072,买盘
1001,14:05:51,14.13,--,53,74889,卖盘
1002,14:05:48,14.13,-0.01,77,108801,卖盘
1003,14:05:45,14.14,0.01,375,530250,买盘
1004,14:05:42,14.13,--,90,127170,卖盘
1005,14:05:39,14.13,--,14,19782,卖盘
1006,14:05:36,14.13,0.01,2517,3556521,买盘
1007,14:05:33,14.12,--,214,302168,卖盘
1008,14:05:30,14.12,--,432,609984,卖盘
1009,14:05:27,14.12,-0.01,448,632576,卖盘
1010,14:05:24,14.13,0.01,234,330642,买盘
1011,14:05:21,14.12,-0.01,124,175088,卖盘
1012,14:05:18,14.13,0.01,101,142713,买盘
1013,14:05:15,14.12,--,51,72012,买盘
1014,14:05:12,14.12,--,160,225920,卖盘
1015,14:05:09,14.12,--,685,967220,卖盘
1016,14:05:06,14.12,-0.01,160,225920,卖盘
1017,14:05:03,14.13,0.01,71,100323,买盘
1018,14:05:00,14.12,-0.01,96,135552,中性盘
1019,14:04:57,14.13,--,162,228906,买盘
1020,14:04:54,14.13,0.01,74,104562,买盘
1021,14:04:51,14.12,-0.01,804,1135248,卖盘
1022,14:04:48,14.13,--,29,40977,卖盘
1023,14:04:45,14.13,--,1016,1435608,买盘
1024,14:04:42,14.13,--,5030,7107390,买盘
1025,14:04:39,14.13,--,32,45216,买盘
1026,14:04:36,14.13,-0.01,413,583569,卖盘
1027,14:04:33,14.14,0.01,177,250278,买盘
1028,14:04:30,14.13,-0.01,3192,4510296,卖盘
1029,14:04:27,14.14,0.01,503,711242,买盘
1030,14:04:24,14.13,--,173,244449,卖盘
1031,14:04:21,14.13,-0.01,119,168147,卖盘
1032,14:04:18,14.14,--,9,12726,买盘
1033,14:04:15,14.14,--,1123,1587922,卖盘
1034,14:04:12,14.14,-0.01,546,772044,卖盘
1035,14:04:09,14.15,0.01,748,1058420,买盘
1036,14:04:06,14.14,--,47,66458,卖盘
1037,14:04:03,14.14,--,2029,2869006,卖盘
1038,14:04:00,14.14,--,306,432684,卖盘
1039,14:03:57,14.14,--,33,46662,卖盘
1040,14:03:54,14.14,--,35,49490,卖盘
1041,14:03:51,14.14,-0.01,6,8484,卖盘
1042,14:03:48,14.15,--,24,33960,买盘
1043,14:03:45,14.15,-0.01,4386,6206190,卖盘
1044,14:03:42,14.16,--,33,46728,买盘
1045,14:03:39,14.16,--,40,56640,买盘
1046,14:03:36,14.16,--,1896,2684736,买盘
1047,14:03:33,14.16,0.01,89,126024,买盘
1048,14:03:30,14.15,-0.01,201,284415,卖盘
1049,14:03:27,14.16,--,3,4248,买盘
1050,14:03:24,14.16,--,459,650425,卖盘
1051,14:03:21,14.16,--,41,58056,卖盘
1052,14:03:18,14.16,-0.01,40,56640,卖盘
1053,14:03:15,14.17,0.01,22,31174,买盘
1054,14:03:12,14.16,--,77,109032,卖盘
1055,14:03:09,14.16,--,373,528168,卖盘
1056,14:03:06,14.16,--,378,535248,卖盘
1057,14:03:03,14.16,--,158,223728,卖盘
1058,14:03:00,14.16,--,92,130272,卖盘
1059,14:02:57,14.16,--,96,135936,卖盘
1060,14:02:54,14.16,--,271,383736,卖盘
1061,14:02:51,14.16,--,144,203904,卖盘
1062,14:02:48,14.16,--,54,76464,卖盘
1063,14:02:45,14.16,-0.01,205,290280,卖盘
1064,14:02:42,14.17,0.01,121,171457,买盘
1065,14:02:39,14.16,-0.01,79,111864,卖盘
1066,14:02:36,14.17,0.01,455,645939,买盘
1067,14:02:33,14.16,--,110,155760,卖盘
1068,14:02:30,14.16,--,12,16992,卖盘
1069,14:02:27,14.16,-0.01,589,834024,卖盘
1070,14:02:24,14.17,0.01,41,58097,买盘
1071,14:02:21,14.16,--,111,157176,卖盘
1072,14:02:18,14.16,-0.01,38,53808,卖盘
1073,14:02:15,14.17,0.01,904,1280968,买盘
1074,14:02:12,14.16,-0.01,41,58056,卖盘
1075,14:02:09,14.17,--,2,2834,买盘
1076,14:02:06,14.17,0.01,1071,1517607,买盘
1077,14:02:03,14.16,--,221,312936,卖盘
1078,14:02:00,14.16,-0.01,48,67968,卖盘
1079,14:01:57,14.17,--,168,238056,买盘
1080,14:01:54,14.17,0.01,59,83603,买盘
1081,14:01:51,14.16,-0.01,68,96288,卖盘
1082,14:01:48,14.17,--,24,34008,买盘
1083,14:01:45,14.17,--,76,107692,买盘
1084,14:01:42,14.17,--,57,80769,买盘
1085,14:01:39,14.17,--,272,385424,买盘
1086,14:01:36,14.17,--,1671,2367807,买盘
1087,14:01:33,14.17,0.01,90,127530,买盘
1088,14:01:30,14.16,-0.01,8,11328,卖盘
1089,14:01:27,14.17,--,33,46761,买盘
1090,14:01:24,14.17,--,82,116194,买盘
1091,14:01:21,14.17,--,6,8502,买盘
1092,14:01:18,14.17,--,19,26923,买盘
1093,14:01:15,14.17,--,14,19838,买盘
1094,14:01:12,14.17,--,83,117823,卖盘
1095,14:01:09,14.17,-0.01,928,1314976,卖盘
1096,14:01:06,14.18,0.01,979,1388222,买盘
1097,14:01:03,14.17,--,295,418015,卖盘
1098,14:01:00,14.17,-0.01,538,762346,卖盘
1099,14:00:57,14.18,0.01,11,15598,买盘
1100,14:00:54,14.17,-0.01,188,266396,卖盘
1101,14:00:51,14.18,--,46,65228,买盘
1102,14:00:48,14.18,--,5,7090,买盘
1103,14:00:45,14.18,--,1,1418,买盘
1104,14:00:42,14.18,--,591,838038,买盘
1105,14:00:39,14.18,--,22,31196,买盘
1106,14:00:36,14.18,--,1,1418,买盘
1107,14:00:33,14.18,0.01,1051,1490318,买盘
1108,14:00:30,14.17,-0.01,5,7085,卖盘
1109,14:00:27,14.18,0.01,63,89334,买盘
1110,14:00:24,14.17,--,32,45344,卖盘
1111,14:00:21,14.17,-0.01,3,4251,卖盘
1112,14:00:18,14.18,-0.01,249,353082,卖盘
1113,14:00:15,14.19,0.01,4,5676,买盘
1114,14:00:12,14.18,--,12,17016,卖盘
1115,14:00:09,14.18,--,335,475030,卖盘
1116,14:00:06,14.18,--,156,221208,卖盘
1117,14:00:03,14.18,--,39,55302,卖盘
1118,14:00:00,14.18,--,6,8508,卖盘
1119,13:59:57,14.18,-0.01,157,222626,卖盘
1120,13:59:54,14.19,0.01,8,11352,买盘
1121,13:59:51,14.18,--,588,833784,买盘
1122,13:59:45,14.18,--,25,35450,买盘
1123,13:59:42,14.18,0.01,71,100678,买盘
1124,13:59:39,14.17,-0.01,3,4251,卖盘
1125,13:59:33,14.18,--,25,35450,买盘
1126,13:59:30,14.18,--,198,280764,卖盘
1127,13:59:27,14.18,-0.01,20,28360,卖盘
1128,13:59:24,14.19,0.01,21,29799,买盘
1129,13:59:21,14.18,--,23,32614,卖盘
1130,13:59:18,14.18,--,14,19852,卖盘
1131,13:59:15,14.18,--,1,1418,卖盘
1132,13:59:12,14.18,-0.01,65,92170,卖盘
1133,13:59:09,14.19,0.01,13,18447,买盘
1134,13:59:06,14.18,--,20,28360,卖盘
1135,13:59:03,14.18,0.01,692,981256,中性盘
1136,13:59:00,14.17,-0.01,59,83603,卖盘
1137,13:58:57,14.18,--,70,99260,买盘
1138,13:58:54,14.18,--,64,90752,卖盘
1139,13:58:51,14.18,-0.01,1,1418,卖盘
1140,13:58:48,14.19,0.01,16,22704,买盘
1141,13:58:45,14.18,--,97,137546,卖盘
1142,13:58:42,14.18,--,7,9926,卖盘
1143,13:58:39,14.18,--,1031,1461958,卖盘
1144,13:58:36,14.18,--,7,9926,卖盘
1145,13:58:33,14.18,--,133,188594,卖盘
1146,13:58:30,14.18,--,42,59556,卖盘
1147,13:58:27,14.18,--,1,1418,卖盘
1148,13:58:24,14.18,--,5,7090,卖盘
1149,13:58:21,14.18,--,223,317164,买盘
1150,13:58:18,14.18,--,1,1418,买盘
1151,13:58:15,14.18,--,182,258076,买盘
1152,13:58:12,14.18,0.01,153,216954,买盘
1153,13:58:09,14.17,-0.01,10,14170,卖盘
1154,13:58:06,14.18,0.01,161,228298,买盘
1155,13:58:03,14.17,--,1023,1449591,卖盘
1156,13:58:00,14.17,-0.01,55,77935,卖盘
1157,13:57:57,14.18,--,12,17016,买盘
1158,13:57:54,14.18,0.01,50,70900,买盘
1159,13:57:51,14.17,-0.01,398,563966,卖盘
1160,13:57:48,14.18,0.01,131,185758,买盘
1161,13:57:45,14.17,--,147,208299,卖盘
1162,13:57:42,14.17,--,74,104858,卖盘
1163,13:57:39,14.17,--,21,29757,卖盘
1164,13:57:36,14.17,-0.01,29,41093,卖盘
1165,13:57:33,14.18,--,98,139616,卖盘
1166,13:57:30,14.18,--,48,68064,卖盘
1167,13:57:27,14.18,--,198,281529,买盘
1168,13:57:24,14.18,--,169,239642,买盘
1169,13:57:21,14.18,0.01,10,14180,买盘
1170,13:57:18,14.17,--,1,1417,卖盘
1171,13:57:15,14.17,--,34,48178,卖盘
1172,13:57:12,14.17,--,26,36842,卖盘
1173,13:57:09,14.17,-0.01,9,12753,卖盘
1174,13:57:06,14.18,-0.01,30,42540,买盘
1175,13:57:03,14.19,0.01,2471,3506349,买盘
1176,13:57:00,14.18,0.01,6,8508,中性盘
1177,13:56:57,14.17,-0.01,1042,1476514,卖盘
1178,13:56:54,14.18,-0.01,59,83662,卖盘
1179,13:56:51,14.19,--,4,5676,买盘
1180,13:56:48,14.19,0.01,69,97911,买盘
1181,13:56:45,14.18,--,34,48212,卖盘
1182,13:56:42,14.18,--,23,32614,卖盘
1183,13:56:39,14.18,--,4,5672,卖盘
1184,13:56:36,14.18,--,1,1418,卖盘
1185,13:56:33,14.18,--,528,748704,卖盘
1186,13:56:30,14.18,--,28,39704,卖盘
1187,13:56:27,14.18,--,61,86498,卖盘
1188,13:56:24,14.18,-0.01,131,185758,卖盘
1189,13:56:21,14.19,0.01,550,780450,买盘
1190,13:56:18,14.18,-0.01,27,38286,卖盘
1191,13:56:15,14.19,0.01,12,17028,买盘
1192,13:56:12,14.18,--,23,32614,卖盘
1193,13:56:09,14.18,--,63,89334,卖盘
1194,13:56:06,14.18,--,13,18434,卖盘
1195,13:56:03,14.18,-0.01,146,207028,卖盘
1196,13:56:00,14.19,0.01,185,262515,买盘
1197,13:55:57,14.18,--,395,560110,卖盘
1198,13:55:54,14.18,-0.01,83,117694,卖盘
1199,13:55:51,14.19,0.01,251,356169,买盘
1200,13:55:48,14.18,--,19,26942,卖盘
1201,13:55:45,14.18,-0.01,1,1418,卖盘
1202,13:55:42,14.19,0.01,9,12771,买盘
1203,13:55:39,14.18,--,90,127620,卖盘
1204,13:55:33,14.18,--,481,682058,卖盘
1205,13:55:30,14.18,--,100,141800,卖盘
1206,13:55:27,14.18,--,81,114858,卖盘
1207,13:55:24,14.18,--,17,24106,卖盘
1208,13:55:21,14.18,--,125,177250,卖盘
1209,13:55:18,14.18,--,25,35450,卖盘
1210,13:55:15,14.18,--,13,18434,卖盘
1211,13:55:12,14.18,-0.01,9,12762,卖盘
1212,13:55:06,14.19,0.01,43,61017,买盘
1213,13:55:03,14.18,--,526,745868,卖盘
1214,13:55:00,14.18,-0.01,23,32614,卖盘
1215,13:54:57,14.19,--,3,4257,买盘
1216,13:54:54,14.19,--,44,62436,买盘
1217,13:54:51,14.19,--,303,429957,买盘
1218,13:54:48,14.19,--,139,197241,买盘
1219,13:54:45,14.19,--,104,147576,买盘
1220,13:54:42,14.19,--,351,498069,卖盘
1221,13:54:39,14.19,--,35,49665,卖盘
1222,13:54:36,14.19,0.01,1,1419,中性盘
1223,13:54:33,14.18,-0.01,585,829530,卖盘
1224,13:54:30,14.19,0.01,1158,1643599,买盘
1225,13:54:27,14.18,-0.01,49,69482,卖盘
1226,13:54:24,14.19,--,14,19866,买盘
1227,13:54:21,14.19,0.01,68,96492,买盘
1228,13:54:18,14.18,--,105,148890,卖盘
1229,13:54:15,14.18,--,32,45376,卖盘
1230,13:54:12,14.18,-0.01,195,276510,卖盘
1231,13:54:09,14.19,--,133,188727,买盘
1232,13:54:06,14.19,0.01,45,63855,买盘
1233,13:54:03,14.18,--,239,338902,卖盘
1234,13:54:00,14.18,-0.01,1017,1442106,卖盘
1235,13:53:57,14.19,--,41,58179,买盘
1236,13:53:54,14.19,--,104,147576,买盘
1237,13:53:51,14.19,--,281,399760,卖盘
1238,13:53:48,14.19,--,75,106425,卖盘
1239,13:53:45,14.19,--,163,231297,卖盘
1240,13:53:42,14.19,--,4,5676,卖盘
1241,13:53:39,14.19,-0.01,54,76626,卖盘
1242,13:53:36,14.2,0.01,26,36920,买盘
1243,13:53:33,14.19,--,62,87978,卖盘
1244,13:53:30,14.19,--,503,713757,卖盘
1245,13:53:27,14.19,-0.01,660,936540,卖盘
1246,13:53:21,14.2,--,20,28400,买盘
1247,13:53:18,14.2,--,12,17040,买盘
1248,13:53:15,14.2,0.01,1,1420,买盘
1249,13:53:12,14.19,--,54,76626,卖盘
1250,13:53:09,14.19,--,2,2838,卖盘
1251,13:53:03,14.19,--,18,25542,卖盘
1252,13:53:00,14.19,--,452,641388,卖盘
1253,13:52:57,14.19,--,69,97911,卖盘
1254,13:52:54,14.19,-0.01,20,28380,卖盘
1255,13:52:51,14.2,0.01,64,90880,买盘
1256,13:52:48,14.19,--,23,32637,卖盘
1257,13:52:42,14.19,-0.01,241,341979,卖盘
1258,13:52:33,14.2,0.01,30,42600,买盘
1259,13:52:30,14.19,--,140,198660,卖盘
1260,13:52:27,14.19,-0.01,37,52503,卖盘
1261,13:52:24,14.2,--,130,184600,买盘
1262,13:52:21,14.2,--,18,25560,买盘
1263,13:52:18,14.2,--,2,2840,买盘
1264,13:52:15,14.2,0.01,6,8520,买盘
1265,13:52:12,14.19,-0.01,46,65274,卖盘
1266,13:52:09,14.2,--,112,159040,买盘
1267,13:52:06,14.2,0.01,9,12780,买盘
1268,13:52:03,14.19,--,1,1419,卖盘
1269,13:52:00,14.19,-0.01,191,271029,卖盘
1270,13:51:57,14.2,0.01,90,127800,买盘
1271,13:51:54,14.19,-0.01,717,1017423,卖盘
1272,13:51:51,14.2,--,24,34080,买盘
1273,13:51:48,14.2,0.01,28,39760,买盘
1274,13:51:45,14.19,-0.01,3,4257,卖盘
1275,13:51:42,14.2,0.01,10,14200,买盘
1276,13:51:39,14.19,--,2,2838,卖盘
1277,13:51:36,14.19,-0.01,1,1419,卖盘
1278,13:51:33,14.2,0.01,64,90880,买盘
1279,13:51:30,14.19,--,354,502326,卖盘
1280,13:51:24,14.19,--,26,36894,卖盘
1281,13:51:21,14.19,--,127,180213,卖盘
1282,13:51:18,14.19,--,691,980529,卖盘
1283,13:51:12,14.19,--,61,86559,卖盘
1284,13:51:09,14.19,-0.01,23,32637,卖盘
1285,13:51:06,14.2,0.01,15,21300,买盘
1286,13:51:03,14.19,-0.01,1,1419,卖盘
1287,13:51:00,14.2,0.01,120,170400,买盘
1288,13:50:57,14.19,--,402,570438,卖盘
1289,13:50:54,14.19,-0.01,4,5676,卖盘
1290,13:50:51,14.2,--,66,93720,买盘
1291,13:50:48,14.2,--,18,25560,买盘
1292,13:50:45,14.2,--,9,12780,买盘
1293,13:50:42,14.2,--,128,181760,买盘
1294,13:50:39,14.2,0.01,13,18460,卖盘
1295,13:50:36,14.19,-0.01,456,647064,卖盘
1296,13:50:33,14.2,-0.01,9,12780,卖盘
1297,13:50:30,14.21,0.01,388,551348,买盘
1298,13:50:27,14.2,--,80,113600,卖盘
1299,13:50:24,14.2,--,106,150520,卖盘
1300,13:50:21,14.2,--,23,32660,卖盘
1301,13:50:18,14.2,--,971,1379217,买盘
1302,13:50:15,14.2,--,10,14200,买盘
1303,13:50:12,14.2,0.01,29,41180,买盘
1304,13:50:09,14.19,-0.01,29,41151,卖盘
1305,13:50:06,14.2,--,308,438382,卖盘
1306,13:50:03,14.2,--,501,711420,卖盘
1307,13:50:00,14.2,--,286,406120,卖盘
1308,13:49:57,14.2,-0.01,324,460080,卖盘
1309,13:49:54,14.21,--,35,49735,买盘
1310,13:49:51,14.21,--,217,308911,卖盘
1311,13:49:48,14.21,--,28,39788,卖盘
1312,13:49:45,14.21,--,9,12789,卖盘
1313,13:49:42,14.21,--,58,82418,卖盘
1314,13:49:39,14.21,--,22,31262,卖盘
1315,13:49:36,14.21,--,50,71050,卖盘
1316,13:49:33,14.21,--,11,15631,卖盘
1317,13:49:30,14.21,-0.01,142,201782,卖盘
1318,13:49:27,14.22,0.01,188,267336,买盘
1319,13:49:24,14.21,-0.01,61,86681,卖盘
1320,13:49:21,14.22,--,38,54036,买盘
1321,13:49:18,14.22,--,103,146466,买盘
1322,13:49:12,14.22,0.01,47,66834,买盘
1323,13:49:09,14.21,-0.01,11,15631,卖盘
1324,13:49:06,14.22,--,9,12798,买盘
1325,13:49:03,14.22,--,89,126558,买盘
1326,13:49:00,14.22,-0.01,539,766458,卖盘
1327,13:48:57,14.23,--,11,15653,买盘
1328,13:48:54,14.23,--,101,143723,卖盘
1329,13:48:51,14.23,--,120,170760,卖盘
1330,13:48:48,14.23,--,21,29883,卖盘
1331,13:48:45,14.23,--,131,186413,卖盘
1332,13:48:42,14.23,--,202,287446,卖盘
1333,13:48:39,14.23,--,90,128070,卖盘
1334,13:48:36,14.23,-0.01,78,110994,卖盘
1335,13:48:33,14.24,0.01,3,4272,买盘
1336,13:48:30,14.23,--,24,34152,卖盘
1337,13:48:27,14.23,--,201,286023,买盘
1338,13:48:24,14.23,-0.01,28,39844,卖盘
1339,13:48:21,14.24,0.02,35,49840,买盘
1340,13:48:18,14.22,-0.01,236,335592,卖盘
1341,13:48:15,14.23,0.01,810,1152630,买盘
1342,13:48:12,14.22,--,22,31284,卖盘
1343,13:48:09,14.22,-0.01,53,75366,卖盘
1344,13:48:06,14.23,--,10,14230,买盘
1345,13:48:03,14.23,--,119,169337,买盘
1346,13:48:00,14.23,0.01,43,61189,买盘
1347,13:47:57,14.22,-0.01,252,358344,卖盘
1348,13:47:54,14.23,--,178,253294,卖盘
1349,13:47:51,14.23,0.01,816,1161168,买盘
1350,13:47:48,14.22,--,234,332748,卖盘
1351,13:47:45,14.22,--,56,79632,卖盘
1352,13:47:42,14.22,--,25,35550,卖盘
1353,13:47:39,14.22,-0.01,33,46926,卖盘
1354,13:47:36,14.23,--,6,8538,买盘
1355,13:47:33,14.23,0.01,41,58343,买盘
1356,13:47:27,14.22,-0.01,480,682560,卖盘
1357,13:47:24,14.23,--,31,44113,卖盘
1358,13:47:21,14.23,--,255,362865,买盘
1359,13:47:18,14.23,--,3,4269,买盘
1360,13:47:15,14.23,--,511,727153,买盘
1361,13:47:12,14.23,--,261,371403,卖盘
1362,13:47:09,14.23,--,133,189259,买盘
1363,13:47:06,14.23,--,1038,1477074,买盘
1364,13:47:03,14.23,--,413,587699,买盘
1365,13:47:00,14.23,0.01,155,220565,买盘
1366,13:46:57,14.22,-0.01,550,782100,卖盘
1367,13:46:54,14.23,0.01,63,89649,买盘
1368,13:46:51,14.22,-0.01,38,54036,卖盘
1369,13:46:48,14.23,0.01,25,35575,买盘
1370,13:46:45,14.22,--,249,354078,卖盘
1371,13:46:42,14.22,--,12,17064,卖盘
1372,13:46:39,14.22,-0.01,52,73944,卖盘
1373,13:46:36,14.23,--,4,5692,买盘
1374,13:46:33,14.23,0.01,10,14230,买盘
1375,13:46:30,14.22,--,66,93852,卖盘
1376,13:46:27,14.22,--,263,373986,卖盘
1377,13:46:24,14.22,--,801,1139022,买盘
1378,13:46:21,14.22,--,81,115182,买盘
1379,13:46:15,14.22,--,4,5688,买盘
1380,13:46:12,14.22,--,107,152154,买盘
1381,13:46:09,14.22,-0.01,323,459306,卖盘
1382,13:46:06,14.23,0.01,63,89649,买盘
1383,13:46:03,14.22,--,9,12798,卖盘
1384,13:46:00,14.22,-0.01,53,75366,卖盘
1385,13:45:57,14.23,0.01,74,105302,买盘
1386,13:45:54,14.22,--,20,28440,卖盘
1387,13:45:51,14.22,--,239,339858,卖盘
1388,13:45:48,14.22,--,115,163530,卖盘
1389,13:45:45,14.22,--,105,149310,卖盘
1390,13:45:42,14.22,--,165,234630,卖盘
1391,13:45:39,14.22,--,43,61146,卖盘
1392,13:45:36,14.22,--,15,21330,卖盘
1393,13:45:33,14.22,-0.01,100,142200,卖盘
1394,13:45:30,14.23,--,5,7115,卖盘
1395,13:45:27,14.23,0.02,7,9961,卖盘
1396,13:45:24,14.21,-0.01,1701,2417987,卖盘
1397,13:45:21,14.22,--,58,82476,买盘
1398,13:45:18,14.22,--,53,75366,买盘
1399,13:45:15,14.22,--,535,761054,卖盘
1400,13:45:12,14.22,-0.01,240,341280,卖盘
1401,13:45:09,14.23,0.01,169,240487,买盘
1402,13:45:06,14.22,--,61,86742,卖盘
1403,13:45:03,14.22,-0.01,12,17064,卖盘
1404,13:45:00,14.23,0.01,370,526510,买盘
1405,13:44:57,14.22,--,250,355500,卖盘
1406,13:44:54,14.22,--,465,661230,卖盘
1407,13:44:51,14.22,--,147,209034,卖盘
1408,13:44:48,14.22,0.01,384,547185,买盘
1409,13:44:39,14.21,--,1051,1493471,买盘
1410,13:44:36,14.21,-0.01,4,5684,买盘
1411,13:44:33,14.22,0.02,1067,1517274,买盘
1412,13:44:30,14.2,-0.01,30,42600,卖盘
1413,13:44:27,14.21,--,23,32683,买盘
1414,13:44:24,14.21,0.01,49,69629,买盘
1415,13:44:21,14.2,-0.02,29,41180,卖盘
1416,13:44:18,14.22,0.01,21,29862,买盘
1417,13:44:15,14.21,--,10,14210,卖盘
1418,13:44:12,14.21,--,153,218194,买盘
1419,13:44:09,14.21,--,224,318304,买盘
1420,13:44:06,14.21,--,52,73892,买盘
1421,13:44:03,14.21,0.01,1619,2300599,买盘
1422,13:44:00,14.2,-0.01,61,86620,卖盘
1423,13:43:57,14.21,--,30,42630,买盘
1424,13:43:54,14.21,--,772,1097012,买盘
1425,13:43:51,14.21,0.01,56,79576,买盘
1426,13:43:48,14.2,--,87,123540,卖盘
1427,13:43:45,14.2,--,1,1420,卖盘
1428,13:43:42,14.2,--,228,323760,卖盘
1429,13:43:39,14.2,--,2073,2944696,买盘
1430,13:43:36,14.2,--,140,198800,买盘
1431,13:43:33,14.2,--,4,5680,买盘
1432,13:43:30,14.2,0.01,1981,2813020,买盘
1433,13:43:27,14.19,--,141,200079,买盘
1434,13:43:24,14.19,-0.01,59,83721,卖盘
1435,13:43:21,14.2,--,57,80940,买盘
1436,13:43:18,14.2,0.01,240,342007,买盘
1437,13:43:15,14.19,-0.01,34,48246,卖盘
1438,13:43:12,14.2,0.01,107,151940,买盘
1439,13:43:09,14.19,-0.01,73,103587,卖盘
1440,13:43:06,14.2,0.01,358,508360,买盘
1441,13:43:03,14.19,--,24,34056,卖盘
1442,13:43:00,14.19,--,151,214269,卖盘
1443,13:42:57,14.19,--,186,263934,卖盘
1444,13:42:54,14.19,--,5,7095,卖盘
1445,13:42:51,14.19,--,491,696729,卖盘
1446,13:42:48,14.19,--,499,708081,卖盘
1447,13:42:45,14.19,--,1,1631,买盘
1448,13:42:42,14.19,0.01,64,90816,买盘
1449,13:42:39,14.18,-0.01,19,26942,卖盘
1450,13:42:36,14.19,--,177,252369,卖盘
1451,13:42:33,14.19,--,94,133386,卖盘
1452,13:42:30,14.19,--,5,7095,卖盘
1453,13:42:27,14.19,-0.01,400,567600,卖盘
1454,13:42:24,14.2,0.01,29,41180,买盘
1455,13:42:21,14.19,-0.01,61,86559,卖盘
1456,13:42:18,14.2,0.01,55,78100,买盘
1457,13:42:15,14.19,--,200,283800,卖盘
1458,13:42:12,14.19,--,92,130548,卖盘
1459,13:42:09,14.19,--,13,18447,卖盘
1460,13:42:06,14.19,--,212,300828,卖盘
1461,13:42:03,14.19,--,3,4257,卖盘
1462,13:42:00,14.19,--,259,367521,卖盘
1463,13:41:57,14.19,-0.01,113,160347,卖盘
1464,13:41:54,14.2,0.01,60,85200,买盘
1465,13:41:51,14.19,-0.01,3,4257,卖盘
1466,13:41:48,14.2,0.01,242,343640,买盘
1467,13:41:45,14.19,--,251,356169,卖盘
1468,13:41:42,14.19,--,20,28380,卖盘
1469,13:41:39,14.19,--,66,93654,卖盘
1470,13:41:33,14.19,--,27,38313,卖盘
1471,13:41:30,14.19,--,7,9933,卖盘
1472,13:41:27,14.19,0.01,1372,1947080,买盘
1473,13:41:24,14.18,-0.01,60,85080,卖盘
1474,13:41:21,14.19,--,135,191565,买盘
1475,13:41:18,14.19,--,133,188727,买盘
1476,13:41:15,14.19,0.01,12,17028,买盘
1477,13:41:09,14.18,--,1,1418,卖盘
1478,13:41:06,14.18,--,168,238224,卖盘
1479,13:41:03,14.18,-0.01,258,365844,卖盘
1480,13:41:00,14.19,--,14,19866,买盘
1481,13:40:57,14.19,--,64,90816,买盘
1482,13:40:54,14.19,0.01,2,2838,买盘
1483,13:40:51,14.18,-0.01,83,117694,卖盘
1484,13:40:48,14.19,--,118,167442,买盘
1485,13:40:45,14.19,0.01,35,49665,买盘
1486,13:40:42,14.18,--,56,79408,卖盘
1487,13:40:39,14.18,-0.01,35,49630,卖盘
1488,13:40:36,14.19,--,184,261096,买盘
1489,13:40:33,14.19,--,16,22704,买盘
1490,13:40:30,14.19,-0.01,441,626985,卖盘
1491,13:40:24,14.2,--,4,5680,买盘
1492,13:40:21,14.2,--,473,671660,买盘
1493,13:40:18,14.2,0.01,107,151940,买盘
1494,13:40:15,14.19,--,70,99330,卖盘
1495,13:40:12,14.19,--,338,479622,卖盘
1496,13:40:09,14.19,--,2,2838,卖盘
1497,13:40:06,14.19,-0.01,42,59598,卖盘
1498,13:40:03,14.2,0.01,130,184600,买盘
1499,13:40:00,14.19,--,32,45408,卖盘
1500,13:39:54,14.19,--,8,11352,卖盘
1501,13:39:51,14.19,--,348,493812,卖盘
1502,13:39:48,14.19,--,26,36894,卖盘
1503,13:39:45,14.19,-0.01,10,14190,卖盘
1504,13:39:42,14.2,0.01,2,2840,买盘
1505,13:39:39,14.19,-0.01,26,36894,卖盘
1506,13:39:36,14.2,0.01,10,14200,买盘
1507,13:39:33,14.19,--,2,2838,卖盘
1508,13:39:30,14.19,--,122,173330,买盘
1509,13:39:27,14.19,--,13,18447,买盘
1510,13:39:24,14.19,--,289,410091,买盘
1511,13:39:21,14.19,--,237,337509,卖盘
1512,13:39:18,14.19,-0.01,36,51084,卖盘
1513,13:39:15,14.2,0.01,50,71000,买盘
1514,13:39:12,14.19,--,18,25542,卖盘
1515,13:39:09,14.19,-0.01,146,207174,卖盘
1516,13:39:06,14.2,0.01,675,958500,买盘
1517,13:39:03,14.19,--,24,34056,卖盘
1518,13:39:00,14.19,--,11,15609,卖盘
1519,13:38:57,14.19,--,1,1419,卖盘
1520,13:38:51,14.19,--,3,4257,卖盘
1521,13:38:48,14.19,--,60,85352,买盘
1522,13:38:45,14.19,0.01,51,72369,买盘
1523,13:38:42,14.18,-0.01,1,1418,卖盘
1524,13:38:39,14.19,--,91,129129,买盘
1525,13:38:36,14.19,--,72,102168,买盘
1526,13:38:33,14.19,--,1,1419,买盘
1527,13:38:30,14.19,--,7,9933,买盘
1528,13:38:24,14.19,--,3,4257,买盘
1529,13:38:21,14.19,0.01,134,190146,买盘
1530,13:38:18,14.18,--,37,52466,卖盘
1531,13:38:15,14.18,-0.01,84,119112,卖盘
1532,13:38:12,14.19,--,36,51084,买盘
1533,13:38:09,14.19,0.01,8,11352,买盘
1534,13:38:06,14.18,-0.01,41,58138,卖盘
1535,13:38:03,14.19,0.01,218,309342,买盘
1536,13:38:00,14.18,-0.01,51,72318,中性盘
1537,13:37:57,14.19,--,1621,2300199,买盘
1538,13:37:54,14.19,--,3355,4761951,买盘
1539,13:37:51,14.19,0.01,30,42570,买盘
1540,13:37:48,14.18,--,180,255240,卖盘
1541,13:37:45,14.18,--,41,58138,卖盘
1542,13:37:42,14.18,--,2,2836,卖盘
1543,13:37:39,14.18,-0.01,6,8508,卖盘
1544,13:37:33,14.19,0.01,6,8514,买盘
1545,13:37:30,14.18,--,68,96424,卖盘
1546,13:37:27,14.18,--,10,14180,卖盘
1547,13:37:24,14.18,--,79,112022,卖盘
1548,13:37:18,14.18,-0.01,196,277928,卖盘
1549,13:37:15,14.19,0.01,35,49665,买盘
1550,13:37:12,14.18,-0.01,180,255240,卖盘
1551,13:37:09,14.19,-0.01,2451,3477969,卖盘
1552,13:37:06,14.2,0.01,4,5680,买盘
1553,13:37:03,14.19,--,83,117777,卖盘
1554,13:37:00,14.19,-0.01,1,1419,卖盘
1555,13:36:57,14.2,0.01,82,116440,买盘
1556,13:36:51,14.19,--,28,39732,卖盘
1557,13:36:48,14.19,--,33,46827,卖盘
1558,13:36:42,14.19,-0.01,9,12771,卖盘
1559,13:36:39,14.2,--,158,224360,买盘
1560,13:36:36,14.2,0.01,111,157620,买盘
1561,13:36:33,14.19,-0.01,17,24123,卖盘
1562,13:36:30,14.2,--,119,168980,买盘
1563,13:36:27,14.2,--,75,106500,买盘
1564,13:36:24,14.2,0.01,178,252760,买盘
1565,13:36:21,14.19,--,81,114939,卖盘
1566,13:36:18,14.19,-0.01,25,35475,卖盘
1567,13:36:15,14.2,-0.01,342,485640,卖盘
1568,13:36:12,14.21,--,16,22736,买盘
1569,13:36:09,14.21,--,104,147784,买盘
1570,13:36:06,14.21,0.01,26,36946,买盘
1571,13:36:03,14.2,--,23,32660,卖盘
1572,13:36:00,14.2,--,1,1420,卖盘
1573,13:35:57,14.2,--,70,99400,卖盘
1574,13:35:54,14.2,--,65,92300,卖盘
1575,13:35:51,14.2,--,23,32660,卖盘
1576,13:35:48,14.2,-0.01,25,35500,卖盘
1577,13:35:45,14.21,--,5,7105,买盘
1578,13:35:42,14.21,--,57,80997,买盘
1579,13:35:39,14.21,--,3011,4278631,买盘
1580,13:35:36,14.21,0.01,41,58261,买盘
1581,13:35:33,14.2,--,10,14200,卖盘
1582,13:35:30,14.2,--,69,97980,卖盘
1583,13:35:27,14.2,-0.01,85,120700,卖盘
1584,13:35:24,14.21,0.01,17,24157,买盘
1585,13:35:21,14.2,--,25,35500,卖盘
1586,13:35:18,14.2,--,57,80940,卖盘
1587,13:35:15,14.2,--,36,51120,卖盘
1588,13:35:12,14.2,--,30,42600,卖盘
1589,13:35:09,14.2,-0.01,36,51120,卖盘
1590,13:35:06,14.21,0.01,100,142100,买盘
1591,13:35:03,14.2,-0.01,117,166140,卖盘
1592,13:35:00,14.21,--,73,103733,买盘
1593,13:34:54,14.21,--,398,565913,卖盘
1594,13:34:51,14.21,--,572,812812,卖盘
1595,13:34:48,14.21,--,40,56840,卖盘
1596,13:34:45,14.21,--,381,542466,买盘
1597,13:34:42,14.21,0.01,53,75313,买盘
1598,13:34:39,14.2,-0.01,32,45795,卖盘
1599,13:34:36,14.21,--,41,58261,卖盘
1600,13:34:33,14.21,--,518,736078,卖盘
1601,13:34:30,14.21,--,501,712986,买盘
1602,13:34:27,14.21,--,224,318304,买盘
1603,13:34:24,14.21,0.01,1650,2345005,买盘
1604,13:34:18,14.2,-0.01,31,44020,卖盘
1605,13:34:15,14.21,--,45,63945,买盘
1606,13:34:12,14.21,--,140,198940,买盘
1607,13:34:09,14.21,--,93,132153,买盘
1608,13:34:06,14.21,--,476,676396,买盘
1609,13:34:03,14.21,--,252,358092,买盘
1610,13:34:00,14.21,-0.01,10,14210,中性盘
1611,13:33:57,14.22,0.01,312,443664,买盘
1612,13:33:51,14.21,0.01,111,158796,买盘
1613,13:33:48,14.2,--,22,31240,卖盘
1614,13:33:45,14.2,--,23,32660,卖盘
1615,13:33:42,14.2,--,32,45440,卖盘
1616,13:33:39,14.2,--,3,4260,卖盘
1617,13:33:36,14.2,--,168,238560,卖盘
1618,13:33:33,14.2,--,42,59640,买盘
1619,13:33:30,14.2,0.01,31,44020,买盘
1620,13:33:27,14.19,--,2704,3836976,卖盘
1621,13:33:24,14.19,--,187,265353,卖盘
1622,13:33:21,14.19,--,239,339141,卖盘
1623,13:33:18,14.19,-0.01,5,7095,卖盘
1624,13:33:15,14.2,--,166,235720,买盘
1625,13:33:12,14.2,--,423,600660,买盘
1626,13:33:09,14.2,0.01,6,8520,买盘
1627,13:33:06,14.19,--,1,1419,卖盘
1628,13:33:03,14.19,--,3,4257,卖盘
1629,13:33:00,14.19,--,2017,2862123,卖盘
1630,13:32:57,14.19,--,1,1419,卖盘
1631,13:32:54,14.19,-0.01,2,2838,卖盘
1632,13:32:51,14.2,0.01,2,2840,买盘
1633,13:32:48,14.19,-0.01,36,51084,卖盘
1634,13:32:42,14.2,0.01,11,15620,买盘
1635,13:32:39,14.19,--,121,172933,买盘
1636,13:32:36,14.19,--,87,123453,买盘
1637,13:32:33,14.19,--,5,7095,买盘
1638,13:32:30,14.19,--,22,31218,买盘
1639,13:32:27,14.19,0.01,1,1419,买盘
1640,13:32:24,14.18,--,1,1418,卖盘
1641,13:32:21,14.18,-0.01,200,283600,卖盘
1642,13:32:18,14.19,--,174,246906,卖盘
1643,13:32:12,14.19,--,2,2838,卖盘
1644,13:32:06,14.19,--,10,14190,卖盘
1645,13:32:03,14.19,--,64,90816,买盘
1646,13:32:00,14.19,--,58,82302,买盘
1647,13:31:57,14.19,--,105,148995,买盘
1648,13:31:54,14.19,--,164,232716,买盘
1649,13:31:51,14.19,0.01,107,151833,买盘
1650,13:31:48,14.18,--,75,106350,卖盘
1651,13:31:45,14.18,-0.01,177,250986,卖盘
1652,13:31:42,14.19,0.01,114,161766,买盘
1653,13:31:39,14.18,-0.01,1,1418,卖盘
1654,13:31:36,14.19,--,600,851400,买盘
1655,13:31:33,14.19,0.01,77,109263,买盘
1656,13:31:30,14.18,-0.01,15,21270,卖盘
1657,13:31:27,14.19,--,331,469689,买盘
1658,13:31:24,14.19,0.01,14,19866,买盘
1659,13:31:21,14.18,--,6,8508,卖盘
1660,13:31:18,14.18,--,42,59556,卖盘
1661,13:31:15,14.18,--,212,300616,卖盘
1662,13:31:12,14.18,--,123,174414,卖盘
1663,13:31:09,14.18,-0.01,61,86498,卖盘
1664,13:31:06,14.19,0.01,573,813087,买盘
1665,13:31:03,14.18,-0.01,102,144636,卖盘
1666,13:31:00,14.19,--,467,662673,买盘
1667,13:30:57,14.19,0.01,226,320694,买盘
1668,13:30:54,14.18,--,38,53884,卖盘
1669,13:30:51,14.18,--,41,58138,卖盘
1670,13:30:48,14.18,-0.01,215,304870,卖盘
1671,13:30:45,14.19,--,74,105006,买盘
1672,13:30:42,14.19,--,5,7095,买盘
1673,13:30:39,14.19,--,81,114939,买盘
1674,13:30:33,14.19,--,144,204336,买盘
1675,13:30:30,14.19,0.01,23,32637,买盘
1676,13:30:24,14.18,-0.01,8,11344,卖盘
1677,13:30:21,14.19,0.01,4,5676,买盘
1678,13:30:18,14.18,--,238,337484,卖盘
1679,13:30:15,14.18,--,6,8508,卖盘
1680,13:30:12,14.18,--,241,342191,买盘
1681,13:30:09,14.18,--,93,131874,买盘
1682,13:30:06,14.18,0.01,114,161652,买盘
1683,13:30:03,14.17,-0.01,993,1407081,卖盘
1684,13:30:00,14.18,--,265,375770,买盘
1685,13:29:57,14.18,--,691,979838,买盘
1686,13:29:54,14.18,--,50,70900,买盘
1687,13:29:51,14.18,--,504,714672,买盘
1688,13:29:48,14.18,--,12,17016,买盘
1689,13:29:45,14.18,--,30,42540,买盘
1690,13:29:42,14.18,--,21,29778,买盘
1691,13:29:39,14.18,0.01,71,100678,买盘
1692,13:29:36,14.17,-0.01,43,60931,卖盘
1693,13:29:33,14.18,0.01,65,92170,买盘
1694,13:29:30,14.17,--,106,150202,卖盘
1695,13:29:27,14.17,-0.01,44,62348,卖盘
1696,13:29:24,14.18,0.01,86,121948,买盘
1697,13:29:21,14.17,--,96,136032,卖盘
1698,13:29:18,14.17,-0.01,10,14170,卖盘
1699,13:29:15,14.18,--,37,52466,买盘
1700,13:29:12,14.18,0.01,11,15598,买盘
1701,13:29:09,14.17,--,3,4251,卖盘
1702,13:29:06,14.17,-0.01,89,126113,卖盘
1703,13:29:03,14.18,--,11,15598,买盘
1704,13:29:00,14.18,--,94,133292,买盘
1705,13:28:57,14.18,--,23,32614,买盘
1706,13:28:54,14.18,0.01,56,79408,买盘
1707,13:28:51,14.17,--,40,56680,卖盘
1708,13:28:48,14.17,-0.01,7,9919,卖盘
1709,13:28:45,14.18,--,47,66646,买盘
1710,13:28:42,14.18,0.01,69,97842,买盘
1711,13:28:39,14.17,--,129,182793,卖盘
1712,13:28:36,14.17,-0.01,117,165789,卖盘
1713,13:28:33,14.18,--,118,167324,买盘
1714,13:28:30,14.18,0.01,127,180086,买盘
1715,13:28:27,14.17,-0.01,468,663156,卖盘
1716,13:28:24,14.18,0.01,534,757212,买盘
1717,13:28:21,14.17,-0.01,26,36842,卖盘
1718,13:28:18,14.18,--,7,9926,买盘
1719,13:28:15,14.18,--,135,191430,买盘
1720,13:28:12,14.18,0.01,90,127620,买盘
1721,13:28:09,14.17,-0.01,136,192712,卖盘
1722,13:28:06,14.18,0.01,34,48212,买盘
1723,13:28:03,14.17,--,42,59514,卖盘
1724,13:28:00,14.17,--,28,39676,卖盘
1725,13:27:57,14.17,--,83,117611,卖盘
1726,13:27:54,14.17,-0.01,15,21255,卖盘
1727,13:27:51,14.18,0.01,201,285018,买盘
1728,13:27:48,14.17,-0.01,100,141700,卖盘
1729,13:27:45,14.18,0.01,36,51048,买盘
1730,13:27:42,14.17,0.01,188,267614,买盘
1731,13:27:39,14.16,-0.01,19,26904,卖盘
1732,13:27:36,14.17,--,43,60931,买盘
1733,13:27:33,14.17,--,62,87854,买盘
1734,13:27:30,14.17,-0.01,156,221052,卖盘
1735,13:27:24,14.18,0.01,500,709000,买盘
1736,13:27:21,14.17,--,547,775099,卖盘
1737,13:27:18,14.17,-0.01,79,111943,卖盘
1738,13:27:15,14.18,--,59,83662,买盘
1739,13:27:12,14.18,0.01,48,68064,买盘
1740,13:27:09,14.17,-0.01,248,351416,卖盘
1741,13:27:06,14.18,0.01,159,225462,买盘
1742,13:27:03,14.17,--,17,24089,卖盘
1743,13:27:00,14.17,--,281,398177,卖盘
1744,13:26:57,14.17,-0.01,84,119028,卖盘
1745,13:26:54,14.18,--,148,209864,买盘
1746,13:26:51,14.18,0.01,80,113440,买盘
1747,13:26:48,14.17,-0.01,6,8502,卖盘
1748,13:26:45,14.18,0.01,111,157398,买盘
1749,13:26:42,14.17,--,307,435019,卖盘
1750,13:26:39,14.17,--,22,31174,卖盘
1751,13:26:36,14.17,--,31,43927,卖盘
1752,13:26:33,14.17,--,241,341497,卖盘
1753,13:26:30,14.17,--,174,246558,卖盘
1754,13:26:27,14.17,--,277,392509,买盘
1755,13:26:24,14.17,--,15,21255,买盘
1756,13:26:21,14.17,--,53,75101,卖盘
1757,13:26:18,14.17,-0.01,1691,2396147,卖盘
1758,13:26:15,14.18,--,35,49630,买盘
1759,13:26:12,14.18,0.01,65,92170,买盘
1760,13:26:09,14.17,-0.01,48,68016,卖盘
1761,13:26:06,14.18,--,135,191430,买盘
1762,13:26:03,14.18,--,11,15598,买盘
1763,13:26:00,14.18,--,111,157398,买盘
1764,13:25:57,14.18,--,298,422564,买盘
1765,13:25:54,14.18,0.01,25,35450,买盘
1766,13:25:48,14.17,-0.01,72,102024,卖盘
1767,13:25:45,14.18,--,27,38286,买盘
1768,13:25:42,14.18,--,69,97842,买盘
1769,13:25:39,14.18,--,24,34032,买盘
1770,13:25:36,14.18,0.01,43,60974,买盘
1771,13:25:33,14.17,--,10,14170,卖盘
1772,13:25:30,14.17,--,10,14170,卖盘
1773,13:25:27,14.17,-0.01,107,151619,卖盘
1774,13:25:24,14.18,0.01,26,36868,买盘
1775,13:25:18,14.17,-0.01,743,1052831,卖盘
1776,13:25:15,14.18,0.01,83,117694,买盘
1777,13:25:12,14.17,-0.01,70,99190,卖盘
1778,13:25:09,14.18,--,74,104932,买盘
1779,13:25:06,14.18,0.01,328,465104,买盘
1780,13:25:03,14.17,--,30,42510,卖盘
1781,13:25:00,14.17,--,1,1417,卖盘
1782,13:24:57,14.17,--,6,8502,卖盘
1783,13:24:54,14.17,--,9,12753,卖盘
1784,13:24:48,14.17,--,33,46761,买盘
1785,13:24:45,14.17,--,175,247975,买盘
1786,13:24:42,14.17,--,89,126113,买盘
1787,13:24:39,14.17,--,11,15587,买盘
1788,13:24:36,14.17,--,27,38259,买盘
1789,13:24:33,14.17,--,135,191295,买盘
1790,13:24:30,14.17,--,51,72267,买盘
1791,13:24:27,14.17,0.01,35,49595,买盘
1792,13:24:24,14.16,--,255,361080,卖盘
1793,13:24:21,14.16,--,37,52392,卖盘
1794,13:24:18,14.16,-0.01,11,15576,卖盘
1795,13:24:15,14.17,0.01,206,291902,买盘
1796,13:24:12,14.16,-0.01,7,9912,卖盘
1797,13:24:09,14.17,--,47,66599,买盘
1798,13:24:06,14.17,0.01,24,34008,买盘
1799,13:24:03,14.16,-0.01,17,24072,卖盘
1800,13:24:00,14.17,--,56,79352,买盘
1801,13:23:57,14.17,--,18,25506,买盘
1802,13:23:54,14.17,--,21,29757,买盘
1803,13:23:51,14.17,--,1721,2438657,卖盘
1804,13:23:48,14.17,-0.01,1,1417,卖盘
1805,13:23:45,14.18,--,27,38286,买盘
1806,13:23:42,14.18,--,53,75154,买盘
1807,13:23:39,14.18,0.01,21,29778,买盘
1808,13:23:36,14.17,-0.01,73,103441,卖盘
1809,13:23:33,14.18,--,178,252404,买盘
1810,13:23:30,14.18,0.01,12,17016,买盘
1811,13:23:24,14.17,--,61,86437,卖盘
1812,13:23:18,14.17,-0.01,29,41093,卖盘
1813,13:23:15,14.18,0.01,22,31196,买盘
1814,13:23:12,14.17,--,8,11336,卖盘
1815,13:23:09,14.17,-0.01,292,413764,卖盘
1816,13:23:06,14.18,0.01,44,62392,买盘
1817,13:23:03,14.17,--,2,2834,卖盘
1818,13:23:00,14.17,--,1,1417,卖盘
1819,13:22:54,14.17,--,14,19838,卖盘
1820,13:22:51,14.17,0.01,46,65182,买盘
1821,13:22:48,14.16,-0.01,11,15576,卖盘
1822,13:22:45,14.17,0.01,69,97773,中性盘
1823,13:22:39,14.16,--,68,96288,卖盘
1824,13:22:36,14.16,-0.01,433,613128,卖盘
1825,13:22:33,14.17,0.01,237,335829,买盘
1826,13:22:30,14.16,--,281,397896,卖盘
1827,13:22:27,14.16,--,48,67968,卖盘
1828,13:22:24,14.16,--,5,7080,卖盘
1829,13:22:21,14.16,--,47,66552,卖盘
1830,13:22:18,14.16,-0.01,145,205320,卖盘
1831,13:22:15,14.17,0.01,63,89271,买盘
1832,13:22:12,14.16,-0.01,186,263376,卖盘
1833,13:22:09,14.17,--,20,28340,中性盘
1834,13:22:06,14.17,--,184,260728,卖盘
1835,13:22:03,14.17,-0.01,175,247975,卖盘
1836,13:22:00,14.18,--,12,17016,买盘
1837,13:21:57,14.18,0.01,131,185758,买盘
1838,13:21:54,14.17,--,73,103441,卖盘
1839,13:21:51,14.17,--,89,126113,卖盘
1840,13:21:48,14.17,-0.01,162,229554,卖盘
1841,13:21:45,14.18,0.01,23,32614,买盘
1842,13:21:42,14.17,--,21,29757,卖盘
1843,13:21:39,14.17,--,30,42510,卖盘
1844,13:21:36,14.17,--,11,15587,卖盘
1845,13:21:33,14.17,--,64,90688,卖盘
1846,13:21:30,14.17,--,119,168623,买盘
1847,13:21:27,14.17,--,18,25506,买盘
1848,13:21:24,14.17,--,29,41093,买盘
1849,13:21:21,14.17,--,71,100607,买盘
1850,13:21:18,14.17,--,23,32591,买盘
1851,13:21:15,14.17,-0.01,112,159724,卖盘
1852,13:21:12,14.18,--,2,2836,买盘
1853,13:21:09,14.18,0.01,508,720344,买盘
1854,13:21:06,14.17,-0.01,10,14170,卖盘
1855,13:21:03,14.18,--,2365,3353570,买盘
1856,13:21:00,14.18,0.01,54,76572,买盘
1857,13:20:57,14.17,--,94,133198,卖盘
1858,13:20:54,14.17,-0.01,465,658905,卖盘
1859,13:20:51,14.18,0.01,21,29778,买盘
1860,13:20:48,14.17,-0.01,2,2834,卖盘
1861,13:20:45,14.18,0.01,42,59556,买盘
1862,13:20:42,14.17,--,11,15587,卖盘
1863,13:20:39,14.17,-0.01,1,1417,卖盘
1864,13:20:33,14.18,0.01,57,80826,卖盘
1865,13:20:30,14.17,--,6,8502,卖盘
1866,13:20:27,14.17,-0.01,99,140283,卖盘
1867,13:20:21,14.18,0.01,10,14180,买盘
1868,13:20:18,14.17,-0.02,6,8502,卖盘
1869,13:20:15,14.19,0.02,64,90816,买盘
1870,13:20:12,14.17,-0.01,80,113360,卖盘
1871,13:20:09,14.18,--,5,7090,卖盘
1872,13:20:06,14.18,--,6,8508,卖盘
1873,13:20:03,14.18,--,3296,4673728,卖盘
1874,13:20:00,14.18,--,91,129038,卖盘
1875,13:19:57,14.18,--,5,7090,卖盘
1876,13:19:51,14.18,--,125,177250,买盘
1877,13:19:48,14.18,0.01,44,62392,买盘
1878,13:19:45,14.17,--,34,48178,卖盘
1879,13:19:42,14.17,-0.01,2,2834,卖盘
1880,13:19:39,14.18,--,12,17016,买盘
1881,13:19:36,14.18,--,20,28360,买盘
1882,13:19:33,14.18,--,47,66646,买盘
1883,13:19:30,14.18,0.01,53,75154,买盘
1884,13:19:24,14.17,-0.01,103,145951,卖盘
1885,13:19:21,14.18,--,21,29778,买盘
1886,13:19:18,14.18,0.01,31,43958,买盘
1887,13:19:15,14.17,-0.01,152,215384,卖盘
1888,13:19:12,14.18,--,20,28360,买盘
1889,13:19:09,14.18,--,13,18434,买盘
1890,13:19:06,14.18,--,107,151726,买盘
1891,13:19:03,14.18,-0.01,101,143218,买盘
1892,13:19:00,14.19,0.01,81,114939,买盘
1893,13:18:57,14.18,--,41,58138,卖盘
1894,13:18:54,14.18,--,1189,1686002,卖盘
1895,13:18:51,14.18,-0.01,105,148890,卖盘
1896,13:18:48,14.19,--,2014,2857866,买盘
1897,13:18:45,14.19,--,33,46827,买盘
1898,13:18:42,14.19,--,5,7095,买盘
1899,13:18:39,14.19,--,46,65557,卖盘
1900,13:18:36,14.19,--,32,45408,卖盘
1901,13:18:33,14.19,--,193,275002,卖盘
1902,13:18:30,14.19,--,59,83721,卖盘
1903,13:18:27,14.19,-0.01,6,8514,卖盘
1904,13:18:24,14.2,0.01,24,34080,买盘
1905,13:18:21,14.19,--,1967,2791173,卖盘
1906,13:18:18,14.19,--,28,39732,卖盘
1907,13:18:15,14.19,--,30,42570,卖盘
1908,13:18:09,14.19,-0.01,118,167442,卖盘
1909,13:18:06,14.2,--,6,8520,买盘
1910,13:18:03,14.2,0.01,77,109340,买盘
1911,13:18:00,14.19,--,125,177375,卖盘
1912,13:17:57,14.19,--,307,435633,卖盘
1913,13:17:54,14.19,-0.01,302,428538,卖盘
1914,13:17:48,14.2,--,54,76680,买盘
1915,13:17:45,14.2,--,51,72420,买盘
1916,13:17:42,14.2,--,10,14200,买盘
1917,13:17:39,14.2,--,4,5680,买盘
1918,13:17:36,14.2,0.01,10,14200,买盘
1919,13:17:33,14.19,-0.01,79,112101,卖盘
1920,13:17:30,14.2,--,52,73840,买盘
1921,13:17:27,14.2,--,128,181760,买盘
1922,13:17:24,14.2,--,47,66740,卖盘
1923,13:17:21,14.2,-0.01,705,1001100,卖盘
1924,13:17:18,14.21,--,86,122206,买盘
1925,13:17:15,14.21,0.01,31,44051,买盘
1926,13:17:12,14.2,-0.01,27,38340,卖盘
1927,13:17:09,14.21,0.01,2,2842,买盘
1928,13:17:06,14.2,-0.01,75,106500,卖盘
1929,13:17:03,14.21,--,69,98049,买盘
1930,13:17:00,14.21,0.02,2,2842,买盘
1931,13:16:57,14.19,--,14,19866,卖盘
1932,13:16:54,14.19,-0.02,21,29799,卖盘
1933,13:16:51,14.21,0.01,186,264306,买盘
1934,13:16:48,14.2,-0.02,2826,4013204,卖盘
1935,13:16:45,14.22,0.01,35,49770,买盘
1936,13:16:42,14.21,--,55,78155,卖盘
1937,13:16:39,14.21,--,1,1421,卖盘
1938,13:16:36,14.21,--,1,1421,卖盘
1939,13:16:33,14.21,0.01,1498,2128658,买盘
1940,13:16:30,14.2,--,9,12780,卖盘
1941,13:16:27,14.2,--,283,401860,卖盘
1942,13:16:18,14.2,-0.01,223,316660,卖盘
1943,13:16:15,14.21,--,58,82418,卖盘
1944,13:16:09,14.21,-0.01,4,5684,卖盘
1945,13:16:06,14.22,0.01,480,682560,买盘
1946,13:16:03,14.21,--,1075,1527575,买盘
1947,13:15:57,14.21,--,8,11368,买盘
1948,13:15:54,14.21,--,38,53998,买盘
1949,13:15:51,14.21,0.01,70,99470,买盘
1950,13:15:48,14.2,-0.01,76,107920,卖盘
1951,13:15:45,14.21,0.01,22,31262,买盘
1952,13:15:39,14.2,--,6,8520,卖盘
1953,13:15:36,14.2,--,1514,2151016,买盘
1954,13:15:33,14.2,--,171,242820,买盘
1955,13:15:30,14.2,0.01,6,8520,买盘
1956,13:15:27,14.19,-0.01,204,289476,卖盘
1957,13:15:24,14.2,0.01,222,315240,买盘
1958,13:15:21,14.19,-0.01,25,35475,卖盘
1959,13:15:18,14.2,--,7,9940,买盘
1960,13:15:15,14.2,0.01,43,61060,买盘
1961,13:15:12,14.19,--,177,251163,卖盘
1962,13:15:09,14.19,-0.01,70,99330,卖盘
1963,13:15:06,14.2,--,75,106500,买盘
1964,13:15:00,14.2,0.01,10,14200,买盘
1965,13:14:57,14.19,--,2,2838,卖盘
1966,13:14:54,14.19,--,4,5676,卖盘
1967,13:14:51,14.19,-0.01,27,38313,卖盘
1968,13:14:48,14.2,--,76,107920,买盘
1969,13:14:45,14.2,--,28,39760,买盘
1970,13:14:42,14.2,0.01,4,5680,买盘
1971,13:14:39,14.19,-0.01,17,24123,卖盘
1972,13:14:33,14.2,0.01,55,78100,买盘
1973,13:14:30,14.19,--,90,127710,卖盘
1974,13:14:27,14.19,-0.01,13,18447,卖盘
1975,13:14:21,14.2,--,17,24140,买盘
1976,13:14:18,14.2,0.01,24,34080,买盘
1977,13:14:15,14.19,-0.01,245,347655,卖盘
1978,13:14:12,14.2,--,13,18460,买盘
1979,13:14:09,14.2,--,92,130640,买盘
1980,13:14:06,14.2,--,166,235720,买盘
1981,13:14:00,14.2,0.01,8,11360,买盘
1982,13:13:57,14.19,-0.01,35,49665,卖盘
1983,13:13:54,14.2,0.01,5,7100,买盘
1984,13:13:51,14.19,-0.01,59,83721,卖盘
1985,13:13:48,14.2,0.01,90,127800,买盘
1986,13:13:45,14.19,-0.01,20,28380,卖盘
1987,13:13:39,14.2,0.01,22,31240,买盘
1988,13:13:36,14.19,--,1,1419,卖盘
1989,13:13:33,14.19,--,167,236973,卖盘
1990,13:13:30,14.19,--,13,18447,卖盘
1991,13:13:27,14.19,--,41,58179,卖盘
1992,13:13:24,14.19,--,10,14190,卖盘
1993,13:13:18,14.19,-0.01,12,17028,卖盘
1994,13:13:15,14.2,0.01,101,143420,买盘
1995,13:13:12,14.19,--,68,96492,卖盘
1996,13:13:06,14.19,--,62,87978,卖盘
1997,13:13:03,14.19,-0.01,18,25542,卖盘
1998,13:12:57,14.2,--,23,32660,买盘
1999,13:12:54,14.2,0.01,25,35500,买盘
2000,13:12:51,14.19,--,17,24123,卖盘
2001,13:12:48,14.19,-0.01,1,1419,卖盘
2002,13:12:45,14.2,0.01,30,42600,买盘
2003,13:12:42,14.19,-0.01,6,8514,卖盘
2004,13:12:39,14.2,0.01,122,173240,买盘
2005,13:12:36,14.19,--,76,107844,卖盘
2006,13:12:30,14.19,-0.01,214,303666,卖盘
2007,13:12:24,14.2,0.01,17,24140,买盘
2008,13:12:21,14.19,--,55,78045,卖盘
2009,13:12:18,14.19,-0.01,19,26961,卖盘
2010,13:12:15,14.2,--,19,26980,买盘
2011,13:12:12,14.2,--,70,99400,买盘
2012,13:12:09,14.2,0.01,95,134900,买盘
2013,13:12:06,14.19,-0.01,1,1419,卖盘
2014,13:12:03,14.2,--,135,191700,买盘
2015,13:12:00,14.2,0.01,10,14200,买盘
2016,13:11:57,14.19,--,51,72369,卖盘
2017,13:11:51,14.19,--,15,21285,卖盘
2018,13:11:48,14.19,--,12,17028,卖盘
2019,13:11:45,14.19,--,8,11352,买盘
2020,13:11:42,14.19,--,22,31218,买盘
2021,13:11:39,14.19,--,59,83721,买盘
2022,13:11:36,14.19,-0.01,184,261096,卖盘
2023,13:11:33,14.2,--,100,142000,买盘
2024,13:11:30,14.2,0.01,48,68160,买盘
2025,13:11:27,14.19,--,230,326370,卖盘
2026,13:11:24,14.19,-0.01,8,11352,卖盘
2027,13:11:21,14.2,0.01,1,1420,买盘
2028,13:11:18,14.19,--,1,1419,卖盘
2029,13:11:15,14.19,--,25,35475,买盘
2030,13:11:12,14.19,--,6,8514,买盘
2031,13:11:09,14.19,0.01,7,9933,买盘
2032,13:11:06,14.18,-0.01,62,87916,卖盘
2033,13:11:00,14.19,0.01,68,96492,买盘
2034,13:10:57,14.18,-0.01,55,77990,卖盘
2035,13:10:54,14.19,0.01,9,12771,买盘
2036,13:10:48,14.18,-0.01,29,41122,卖盘
2037,13:10:45,14.19,0.01,539,764841,买盘
2038,13:10:42,14.18,--,40,56720,卖盘
2039,13:10:39,14.18,--,29,41122,卖盘
2040,13:10:36,14.18,--,58,82244,卖盘
2041,13:10:33,14.18,-0.01,12,17016,卖盘
2042,13:10:30,14.19,--,118,167442,买盘
2043,13:10:27,14.19,0.01,18,25542,买盘
2044,13:10:24,14.18,--,165,233970,卖盘
2045,13:10:21,14.18,--,7,9926,卖盘
2046,13:10:18,14.18,-0.01,70,99260,卖盘
2047,13:10:15,14.19,--,26,36894,买盘
2048,13:10:12,14.19,0.01,10,14190,买盘
2049,13:10:09,14.18,--,1,1418,卖盘
2050,13:10:03,14.18,--,47,66646,卖盘
2051,13:10:00,14.18,--,92,130456,卖盘
2052,13:09:57,14.18,--,1,1418,卖盘
2053,13:09:54,14.18,--,101,143218,卖盘
2054,13:09:51,14.18,--,14,19852,卖盘
2055,13:09:48,14.18,-0.01,11,15598,卖盘
2056,13:09:45,14.19,--,23,32637,买盘
2057,13:09:42,14.19,--,31,43989,买盘
2058,13:09:39,14.19,--,27,38313,买盘
2059,13:09:36,14.19,--,138,195822,买盘
2060,13:09:30,14.19,0.01,74,105006,买盘
2061,13:09:27,14.18,-0.01,1,1418,卖盘
2062,13:09:24,14.19,0.01,6,8514,买盘
2063,13:09:21,14.18,-0.01,12,17016,卖盘
2064,13:09:18,14.19,0.01,117,166023,买盘
2065,13:09:15,14.18,--,20,28360,卖盘
2066,13:09:12,14.18,-0.01,24,34032,卖盘
2067,13:09:09,14.19,0.01,1,1419,买盘
2068,13:09:06,14.18,--,28,39704,卖盘
2069,13:09:00,14.18,--,89,126202,卖盘
2070,13:08:57,14.18,--,1,1418,卖盘
2071,13:08:54,14.18,-0.01,499,707582,卖盘
2072,13:08:48,14.19,--,5,7095,买盘
2073,13:08:45,14.19,--,7,9933,买盘
2074,13:08:42,14.19,--,28,39732,买盘
2075,13:08:39,14.19,--,31,43989,买盘
2076,13:08:36,14.19,0.01,15,21285,买盘
2077,13:08:33,14.18,-0.01,6,8508,卖盘
2078,13:08:30,14.19,0.01,43,61017,买盘
2079,13:08:27,14.18,-0.01,3,4254,卖盘
2080,13:08:24,14.19,0.01,6,8514,买盘
2081,13:08:21,14.18,--,92,130456,卖盘
2082,13:08:18,14.18,-0.01,1,1418,卖盘
2083,13:08:15,14.19,--,12,17028,买盘
2084,13:08:12,14.19,0.01,35,49665,买盘
2085,13:08:09,14.18,-0.01,1,1418,卖盘
2086,13:08:00,14.19,--,30,42570,买盘
2087,13:07:57,14.19,0.01,49,69531,买盘
2088,13:07:54,14.18,--,10,14180,卖盘
2089,13:07:48,14.18,-0.01,1,1418,卖盘
2090,13:07:45,14.19,--,20,28380,买盘
2091,13:07:42,14.19,--,140,198660,买盘
2092,13:07:39,14.19,--,15,21285,买盘
2093,13:07:33,14.19,--,17,24123,卖盘
2094,13:07:27,14.19,0.01,16,22704,中性盘
2095,13:07:24,14.18,0.01,158,224044,中性盘
2096,13:07:21,14.17,--,5303,7514351,卖盘
2097,13:07:18,14.17,-0.01,1,1417,卖盘
2098,13:07:15,14.18,--,63,89334,买盘
2099,13:07:12,14.18,--,71,100678,卖盘
2100,13:07:06,14.18,0.01,17,24106,卖盘
2101,13:07:03,14.17,-0.01,29,41093,卖盘
2102,13:07:00,14.18,--,13,18434,买盘
2103,13:06:57,14.18,--,15,21270,买盘
2104,13:06:54,14.18,--,3,4254,买盘
2105,13:06:51,14.18,-0.01,40,56720,中性盘
2106,13:06:48,14.19,0.01,103,146157,买盘
2107,13:06:45,14.18,-0.01,60,85080,卖盘
2108,13:06:42,14.19,0.01,51,72369,买盘
2109,13:06:39,14.18,--,80,113440,卖盘
2110,13:06:36,14.18,--,216,306288,卖盘
2111,13:06:33,14.18,--,15,21270,卖盘
2112,13:06:30,14.18,--,82,116276,买盘
2113,13:06:27,14.18,--,19,26942,买盘
2114,13:06:24,14.18,--,82,116276,买盘
2115,13:06:21,14.18,-0.01,533,755794,卖盘
2116,13:06:18,14.19,0.01,11,15609,买盘
2117,13:06:12,14.18,--,148,209864,卖盘
2118,13:06:09,14.18,--,90,127620,卖盘
2119,13:06:06,14.18,--,11,15598,卖盘
2120,13:06:03,14.18,-0.01,57,80826,卖盘
2121,13:06:00,14.19,--,21,29799,买盘
2122,13:05:57,14.19,--,78,110682,买盘
2123,13:05:54,14.19,0.01,882,1251558,买盘
2124,13:05:51,14.18,--,713,1011034,卖盘
2125,13:05:48,14.18,--,200,283600,卖盘
2126,13:05:45,14.18,--,780,1106040,卖盘
2127,13:05:42,14.18,--,59,83662,卖盘
2128,13:05:39,14.18,--,17,24106,卖盘
2129,13:05:36,14.18,-0.01,86,121948,卖盘
2130,13:05:27,14.19,0.01,116,164604,买盘
2131,13:05:24,14.18,-0.01,92,130456,卖盘
2132,13:05:21,14.19,0.01,5,7095,中性盘
2133,13:05:18,14.18,-0.02,1123,1592414,卖盘
2134,13:05:15,14.2,--,204,289680,买盘
2135,13:05:12,14.2,0.01,69,97980,买盘
2136,13:05:09,14.19,--,19,26961,卖盘
2137,13:05:06,14.19,--,8,11352,卖盘
2138,13:05:03,14.19,-0.01,3,4257,卖盘
2139,13:05:00,14.2,--,1,1420,买盘
2140,13:04:57,14.2,--,35,49700,买盘
2141,13:04:48,14.2,0.01,17,24140,买盘
2142,13:04:45,14.19,-0.01,149,211431,卖盘
2143,13:04:42,14.2,--,52,73840,买盘
2144,13:04:39,14.2,0.01,74,105080,买盘
2145,13:04:36,14.19,--,2,2838,卖盘
2146,13:04:27,14.19,-0.01,103,146157,卖盘
2147,13:04:21,14.2,--,240,340800,买盘
2148,13:04:18,14.2,0.01,74,105080,买盘
2149,13:04:15,14.19,--,226,320694,卖盘
2150,13:04:12,14.19,--,60,85508,卖盘
2151,13:04:06,14.19,-0.01,51,72369,卖盘
2152,13:04:03,14.2,--,71,100820,买盘
2153,13:04:00,14.2,--,8,11360,买盘
2154,13:03:57,14.2,--,51,72420,买盘
2155,13:03:54,14.2,--,84,119280,买盘
2156,13:03:51,14.2,--,5,7100,买盘
2157,13:03:48,14.2,--,1248,1773296,卖盘
2158,13:03:45,14.2,-0.01,3,4260,卖盘
2159,13:03:42,14.21,--,49,69629,买盘
2160,13:03:39,14.21,--,76,107996,买盘
2161,13:03:36,14.21,--,2,2842,买盘
2162,13:03:33,14.21,--,206,292726,卖盘
2163,13:03:30,14.21,-0.01,10,14210,卖盘
2164,13:03:27,14.22,0.01,16,22752,买盘
2165,13:03:24,14.21,-0.01,2,2842,卖盘
2166,13:03:18,14.22,--,73,103806,买盘
2167,13:03:12,14.22,0.01,37,52614,买盘
2168,13:03:09,14.21,--,30,42630,卖盘
2169,13:03:06,14.21,-0.01,400,568400,卖盘
2170,13:03:03,14.22,0.01,1,1422,买盘
2171,13:03:00,14.21,-0.01,20,28420,卖盘
2172,13:02:57,14.22,--,23,32706,买盘
2173,13:02:54,14.22,--,8,11376,买盘
2174,13:02:48,14.22,0.01,67,95274,买盘
2175,13:02:45,14.21,-0.01,15,21315,卖盘
2176,13:02:42,14.22,--,122,173484,买盘
2177,13:02:39,14.22,--,146,207612,买盘
2178,13:02:33,14.22,--,40,56880,买盘
2179,13:02:30,14.22,0.01,21,29862,买盘
2180,13:02:27,14.21,-0.01,23,32683,卖盘
2181,13:02:24,14.22,--,55,78210,买盘
2182,13:02:18,14.22,--,26,36972,买盘
2183,13:02:15,14.22,--,6,8532,买盘
2184,13:02:12,14.22,--,29,41238,买盘
2185,13:02:06,14.22,--,15,21330,买盘
2186,13:02:03,14.22,--,5,7110,买盘
2187,13:02:00,14.22,--,218,309996,买盘
2188,13:01:57,14.22,--,10,14220,买盘
2189,13:01:54,14.22,--,20,28440,买盘
2190,13:01:48,14.22,--,60,85320,买盘
2191,13:01:45,14.22,0.02,84,119448,买盘
2192,13:01:42,14.2,-0.02,28,39760,卖盘
2193,13:01:39,14.22,--,69,98118,买盘
2194,13:01:36,14.22,0.01,22,31284,买盘
2195,13:01:33,14.21,--,74,106518,卖盘
2196,13:01:30,14.21,--,30,42630,卖盘
2197,13:01:27,14.21,-0.01,1,1421,卖盘
2198,13:01:24,14.22,0.01,15,21330,买盘
2199,13:01:21,14.21,--,5,7105,卖盘
2200,13:01:18,14.21,--,74,105210,买盘
2201,13:01:15,14.21,0.01,70,99470,买盘
2202,13:01:12,14.2,-0.01,41,58220,卖盘
2203,13:01:09,14.21,--,40,56840,买盘
2204,13:01:06,14.21,--,40,56840,买盘
2205,13:01:03,14.21,--,30,42630,买盘
2206,13:01:00,14.21,--,29,41209,买盘
2207,13:00:57,14.21,--,73,103733,买盘
2208,13:00:54,14.21,--,69,98049,买盘
2209,13:00:51,14.21,--,59,83839,买盘
2210,13:00:48,14.21,--,50,71050,买盘
2211,13:00:45,14.21,--,203,288463,买盘
2212,13:00:42,14.21,--,38,53998,买盘
2213,13:00:39,14.21,--,64,90944,买盘
2214,13:00:36,14.21,0.01,69,98049,买盘
2215,13:00:33,14.2,--,12,17040,卖盘
2216,13:00:30,14.2,--,2,2840,卖盘
2217,13:00:27,14.2,-0.01,5,7100,卖盘
2218,13:00:24,14.21,--,48,68208,买盘
2219,13:00:12,14.21,0.01,54,76734,买盘
2220,13:00:09,14.2,--,146,207320,卖盘
2221,13:00:06,14.2,--,298,423160,卖盘
2222,13:00:03,14.2,--,2298,3263444,买盘
2223,13:00:00,14.2,--,0,0,买盘
2224,11:30:00,14.2,--,50,71000,买盘
2225,11:29:54,14.2,0.01,15,21300,买盘
2226,11:29:51,14.19,--,23,32637,卖盘
2227,11:29:48,14.19,0.01,26,36894,买盘
2228,11:29:45,14.18,-0.01,14,19852,卖盘
2229,11:29:42,14.19,--,292,414348,买盘
2230,11:29:39,14.19,--,14,19866,买盘
2231,11:29:36,14.19,--,76,107844,买盘
2232,11:29:33,14.19,--,57,80883,买盘
2233,11:29:30,14.19,0.01,42,59598,买盘
2234,11:29:27,14.18,-0.01,40,56720,卖盘
2235,11:29:24,14.19,0.01,21,29799,买盘
2236,11:29:21,14.18,-0.01,100,141800,卖盘
2237,11:29:18,14.19,--,23,32637,买盘
2238,11:29:15,14.19,--,67,95073,买盘
2239,11:29:12,14.19,--,63,89397,买盘
2240,11:29:09,14.19,0.01,55,78045,买盘
2241,11:29:06,14.18,-0.01,23,32614,卖盘
2242,11:29:03,14.19,--,104,147576,买盘
2243,11:29:00,14.19,--,253,359007,买盘
2244,11:28:57,14.19,--,14,19866,买盘
2245,11:28:54,14.19,0.01,13,18447,买盘
2246,11:28:48,14.18,-0.01,98,138964,卖盘
2247,11:28:45,14.19,--,13,18447,买盘
2248,11:28:42,14.19,-0.01,2197,3117543,卖盘
2249,11:28:39,14.2,--,14,19880,卖盘
2250,11:28:36,14.2,-0.01,8,11360,卖盘
2251,11:28:33,14.21,0.01,15,21315,买盘
2252,11:28:30,14.2,-0.01,94,134843,卖盘
2253,11:28:27,14.21,0.01,288,409304,买盘
2254,11:28:24,14.2,-0.01,4,5680,中性盘
2255,11:28:21,14.21,0.01,1015,1442315,买盘
2256,11:28:18,14.2,-0.01,56,79520,卖盘
2257,11:28:15,14.21,0.01,36,51156,买盘
2258,11:28:12,14.2,-0.01,75,106500,卖盘
2259,11:28:09,14.21,0.01,140,198940,买盘
2260,11:28:06,14.2,--,110,156200,卖盘
2261,11:28:03,14.2,-0.01,17,24140,卖盘
2262,11:27:57,14.21,--,93,132153,买盘
2263,11:27:54,14.21,--,538,764498,买盘
2264,11:27:51,14.21,0.01,113,160573,买盘
2265,11:27:45,14.2,-0.01,25,35500,卖盘
2266,11:27:42,14.21,0.01,67,95207,买盘
2267,11:27:39,14.2,--,17,24140,卖盘
2268,11:27:36,14.2,--,25,35500,卖盘
2269,11:27:33,14.2,-0.01,1,1420,卖盘
2270,11:27:30,14.21,0.01,64,90944,买盘
2271,11:27:27,14.2,--,115,163300,卖盘
2272,11:27:24,14.2,--,7,9940,卖盘
2273,11:27:21,14.2,-0.01,172,244240,卖盘
2274,11:27:18,14.21,--,26,36946,买盘
2275,11:27:12,14.21,--,69,98049,买盘
2276,11:27:09,14.21,0.02,1,1421,买盘
2277,11:27:06,14.19,-0.02,92,130548,卖盘
2278,11:27:03,14.21,0.01,104,147784,买盘
2279,11:27:00,14.2,--,66,93720,卖盘
2280,11:26:57,14.2,-0.01,67,95140,卖盘
2281,11:26:54,14.21,0.01,76,107996,买盘
2282,11:26:51,14.2,--,12,17040,卖盘
2283,11:26:48,14.2,--,32,45440,卖盘
2284,11:26:45,14.2,--,2,2840,卖盘
2285,11:26:42,14.2,-0.01,155,220100,卖盘
2286,11:26:39,14.21,0.01,41,58261,买盘
2287,11:26:36,14.2,--,20,28400,卖盘
2288,11:26:33,14.2,--,117,166140,卖盘
2289,11:26:30,14.2,--,62,88040,卖盘
2290,11:26:27,14.2,--,106,150520,卖盘
2291,11:26:24,14.2,--,410,582200,卖盘
2292,11:26:21,14.2,-0.01,93,132060,卖盘
2293,11:26:18,14.21,0.01,54,76734,买盘
2294,11:26:12,14.2,--,499,708580,卖盘
2295,11:26:06,14.2,--,89,126380,卖盘
2296,11:26:03,14.2,--,14,19880,卖盘
2297,11:26:00,14.2,--,146,207320,卖盘
2298,11:25:57,14.2,--,51,72420,卖盘
2299,11:25:54,14.2,--,140,198800,卖盘
2300,11:25:51,14.2,--,186,264120,卖盘
2301,11:25:48,14.2,--,55,78100,卖盘
2302,11:25:45,14.2,--,28,39760,卖盘
2303,11:25:42,14.2,--,1204,1709680,卖盘
2304,11:25:39,14.2,--,233,330860,卖盘
2305,11:25:36,14.2,--,30,42600,卖盘
2306,11:25:33,14.2,--,105,149100,卖盘
2307,11:25:30,14.2,-0.01,86,122120,卖盘
2308,11:25:24,14.21,--,172,244412,买盘
2309,11:25:21,14.21,--,35,49735,买盘
2310,11:25:18,14.21,0.01,30,42630,买盘
2311,11:25:15,14.2,-0.01,10,14200,卖盘
2312,11:25:12,14.21,--,38,53998,买盘
2313,11:25:09,14.21,--,5,7105,买盘
2314,11:25:06,14.21,0.01,15,21315,买盘
2315,11:25:03,14.2,--,1,1420,卖盘
2316,11:25:00,14.2,-0.01,1056,1499520,卖盘
2317,11:24:57,14.21,--,410,582610,卖盘
2318,11:24:54,14.21,--,98,139258,卖盘
2319,11:24:51,14.21,-0.01,233,331093,卖盘
2320,11:24:48,14.22,0.01,5,7110,买盘
2321,11:24:45,14.21,--,40,56840,卖盘
2322,11:24:42,14.21,-0.01,112,159152,卖盘
2323,11:24:39,14.22,0.01,26,36972,买盘
2324,11:24:36,14.21,--,18,25578,卖盘
2325,11:24:33,14.21,--,100,142100,卖盘
2326,11:24:30,14.21,--,36,51156,卖盘
2327,11:24:27,14.21,--,76,107996,卖盘
2328,11:24:24,14.21,-0.01,32,45472,卖盘
2329,11:24:21,14.22,--,11,15642,买盘
2330,11:24:18,14.22,--,26,36972,买盘
2331,11:24:12,14.22,0.01,65,92430,买盘
2332,11:24:09,14.21,--,532,755972,卖盘
2333,11:24:06,14.21,--,10,14210,卖盘
2334,11:24:03,14.21,--,320,454720,卖盘
2335,11:24:00,14.21,--,134,190414,卖盘
2336,11:23:57,14.21,--,30,42630,卖盘
2337,11:23:54,14.21,--,21,29841,卖盘
2338,11:23:51,14.21,--,230,326830,卖盘
2339,11:23:42,14.21,-0.02,156,221676,卖盘
2340,11:23:39,14.23,0.01,646,919258,买盘
2341,11:23:36,14.22,--,3,4266,卖盘
2342,11:23:30,14.22,--,3,4266,卖盘
2343,11:23:27,14.22,-0.01,139,197658,卖盘
2344,11:23:24,14.23,--,131,186413,卖盘
2345,11:23:21,14.23,-0.01,51,72573,卖盘
2346,11:23:18,14.24,--,20,28480,买盘
2347,11:23:15,14.24,0.01,10,14240,买盘
2348,11:23:12,14.23,-0.01,80,113840,卖盘
2349,11:23:09,14.24,0.01,53,75472,买盘
2350,11:23:06,14.23,--,19,27037,卖盘
2351,11:23:03,14.23,-0.01,80,113840,卖盘
2352,11:23:00,14.24,--,75,106800,买盘
2353,11:22:57,14.24,0.01,15,21360,买盘
2354,11:22:54,14.23,--,255,362865,卖盘
2355,11:22:51,14.23,--,50,71150,卖盘
2356,11:22:48,14.23,--,67,95341,卖盘
2357,11:22:45,14.23,--,95,135185,卖盘
2358,11:22:42,14.23,-0.01,30,42690,卖盘
2359,11:22:39,14.24,0.01,222,316128,买盘
2360,11:22:36,14.23,--,19,27037,卖盘
2361,11:22:30,14.23,--,21,29883,卖盘
2362,11:22:24,14.23,--,60,85380,卖盘
2363,11:22:21,14.23,-0.01,10,14230,卖盘
2364,11:22:18,14.24,--,463,659312,买盘
2365,11:22:15,14.24,--,16,22784,买盘
2366,11:22:12,14.24,0.01,70,99680,买盘
2367,11:22:06,14.23,-0.01,56,79688,卖盘
2368,11:22:03,14.24,--,74,105376,买盘
2369,11:22:00,14.24,0.01,50,71200,买盘
2370,11:21:57,14.23,-0.01,22,31306,卖盘
2371,11:21:54,14.24,--,154,219296,买盘
2372,11:21:51,14.24,--,161,229264,买盘
2373,11:21:45,14.24,0.01,22,31328,买盘
2374,11:21:42,14.23,-0.01,6,8538,卖盘
2375,11:21:39,14.24,--,31,44144,买盘
2376,11:21:36,14.24,0.01,2,2848,中性盘
2377,11:21:33,14.23,--,30,42690,卖盘
2378,11:21:27,14.23,-0.01,1,1423,卖盘
2379,11:21:24,14.24,0.01,41,58384,买盘
2380,11:21:21,14.23,--,70,99610,卖盘
2381,11:21:18,14.23,--,110,156530,卖盘
2382,11:21:15,14.23,-0.01,72,102456,卖盘
2383,11:21:12,14.24,0.01,23,32752,买盘
2384,11:21:09,14.23,-0.01,6,8538,卖盘
2385,11:21:06,14.24,-0.01,68,96832,买盘
2386,11:21:03,14.25,0.01,1133,1614525,买盘
2387,11:21:00,14.24,--,67,95408,卖盘
2388,11:20:57,14.24,--,18,25632,卖盘
2389,11:20:48,14.24,--,2,2848,卖盘
2390,11:20:45,14.24,-0.01,84,119616,卖盘
2391,11:20:42,14.25,--,6,8550,买盘
2392,11:20:39,14.25,--,69,98325,买盘
2393,11:20:36,14.25,--,155,220875,买盘
2394,11:20:27,14.25,0.01,8,11400,买盘
2395,11:20:24,14.24,--,30,42720,卖盘
2396,11:20:21,14.24,-0.01,2,2848,卖盘
2397,11:20:18,14.25,--,99,141075,卖盘
2398,11:20:15,14.25,--,305,434625,卖盘
2399,11:20:12,14.25,--,353,503025,卖盘
2400,11:20:09,14.25,--,23,32775,卖盘
2401,11:20:06,14.25,--,63,89775,卖盘
2402,11:20:00,14.25,--,16,22800,卖盘
2403,11:19:57,14.25,-0.01,2,2850,卖盘
2404,11:19:54,14.26,0.01,18,25668,买盘
2405,11:19:51,14.25,-0.01,23,32775,卖盘
2406,11:19:48,14.26,0.01,210,299460,买盘
2407,11:19:42,14.25,-0.01,54,76950,卖盘
2408,11:19:39,14.26,--,94,134044,买盘
2409,11:19:36,14.26,--,55,78430,买盘
2410,11:19:30,14.26,0.01,564,804264,买盘
2411,11:19:27,14.25,-0.01,61,86925,卖盘
2412,11:19:24,14.26,0.01,5,7130,买盘
2413,11:19:21,14.25,--,8,11400,卖盘
2414,11:19:18,14.25,-0.01,23,32775,卖盘
2415,11:19:15,14.26,--,9,12834,买盘
2416,11:19:12,14.26,--,73,104098,买盘
2417,11:19:09,14.26,0.02,290,413540,买盘
2418,11:19:06,14.24,-0.01,277,394448,卖盘
2419,11:19:03,14.25,--,135,192375,卖盘
2420,11:19:00,14.25,--,71,101175,卖盘
2421,11:18:57,14.25,0.01,60,85500,中性盘
2422,11:18:42,14.24,-0.02,119,169456,卖盘
2423,11:18:39,14.26,0.01,122,173972,买盘
2424,11:18:36,14.25,0.01,36,51300,买盘
2425,11:18:30,14.24,-0.02,59,84016,卖盘
2426,11:18:27,14.26,0.01,43,61318,买盘
2427,11:18:24,14.25,0.01,6,8550,买盘
2428,11:18:21,14.24,-0.01,125,178000,卖盘
2429,11:18:18,14.25,--,16,22800,买盘
2430,11:18:15,14.25,--,126,179550,买盘
2431,11:18:12,14.25,-0.01,266,379050,卖盘
2432,11:18:09,14.26,--,32,45632,买盘
2433,11:18:06,14.26,0.01,1,1426,买盘
2434,11:18:03,14.25,--,5,7125,卖盘
2435,11:18:00,14.25,--,279,397575,买盘
2436,11:17:57,14.25,--,62,88350,买盘
2437,11:17:54,14.25,--,32,45600,买盘
2438,11:17:48,14.25,--,78,111150,买盘
2439,11:17:42,14.25,--,81,115425,买盘
2440,11:17:39,14.25,--,108,153900,买盘
2441,11:17:36,14.25,--,65,92625,买盘
2442,11:17:30,14.25,--,16,22800,买盘
2443,11:17:24,14.25,--,43,61275,卖盘
2444,11:17:18,14.25,0.01,78,111150,买盘
2445,11:17:15,14.24,-0.01,55,78320,卖盘
2446,11:17:12,14.25,0.01,9,12825,买盘
2447,11:17:09,14.24,--,189,269136,卖盘
2448,11:17:06,14.24,-0.01,51,72624,卖盘
2449,11:17:03,14.25,--,18,25650,买盘
2450,11:17:00,14.25,0.01,382,544350,买盘
2451,11:16:57,14.24,-0.01,51,72624,卖盘
2452,11:16:54,14.25,--,126,179550,买盘
2453,11:16:51,14.25,0.01,32,45600,买盘
2454,11:16:48,14.24,--,42,59808,卖盘
2455,11:16:45,14.24,-0.01,1,1424,卖盘
2456,11:16:42,14.25,--,66,94050,买盘
2457,11:16:39,14.25,--,47,66975,买盘
2458,11:16:36,14.25,--,66,94050,买盘
2459,11:16:33,14.25,--,6,8550,买盘
2460,11:16:30,14.25,--,4,5700,买盘
2461,11:16:27,14.25,-0.01,75,106875,卖盘
2462,11:16:21,14.26,0.01,300,427800,买盘
2463,11:16:18,14.25,--,341,485925,卖盘
2464,11:16:15,14.25,--,260,370500,卖盘
2465,11:16:12,14.25,-0.01,4,5700,卖盘
2466,11:16:09,14.26,--,42,59892,买盘
2467,11:16:06,14.26,--,334,476284,买盘
2468,11:16:03,14.26,--,194,276644,买盘
2469,11:16:00,14.26,--,202,288052,买盘
2470,11:15:57,14.26,--,11,15686,买盘
2471,11:15:51,14.26,--,25,35650,买盘
2472,11:15:48,14.26,--,129,183954,买盘
2473,11:15:45,14.26,0.01,6,8556,买盘
2474,11:15:42,14.25,--,41,58425,卖盘
2475,11:15:39,14.25,-0.01,134,190950,卖盘
2476,11:15:36,14.26,--,62,88412,买盘
2477,11:15:33,14.26,--,30,42780,买盘
2478,11:15:30,14.26,--,35,49910,买盘
2479,11:15:27,14.26,--,56,79856,买盘
2480,11:15:24,14.26,--,6,8556,买盘
2481,11:15:21,14.26,--,78,111228,买盘
2482,11:15:18,14.26,--,35,49910,买盘
2483,11:15:12,14.26,--,31,44206,买盘
2484,11:15:09,14.26,--,52,74152,买盘
2485,11:15:06,14.26,0.01,8,11408,买盘
2486,11:15:03,14.25,-0.01,406,578550,卖盘
2487,11:14:57,14.26,--,106,151156,买盘
2488,11:14:54,14.26,--,37,52762,买盘
2489,11:14:51,14.26,0.01,120,171120,买盘
2490,11:14:48,14.25,--,35,49875,卖盘
2491,11:14:45,14.25,--,91,129675,卖盘
2492,11:14:42,14.25,-0.01,124,176700,卖盘
2493,11:14:39,14.26,0.01,115,163990,买盘
2494,11:14:33,14.25,-0.01,83,118275,卖盘
2495,11:14:30,14.26,--,65,92690,买盘
2496,11:14:27,14.26,0.01,30,42780,买盘
2497,11:14:24,14.25,-0.01,83,118275,卖盘
2498,11:14:21,14.26,--,20,28520,买盘
2499,11:14:18,14.26,--,20,28520,买盘
2500,11:14:15,14.26,0.01,5,7130,买盘
2501,11:14:12,14.25,--,4,5700,卖盘
2502,11:14:09,14.25,-0.01,105,149625,卖盘
2503,11:14:06,14.26,0.01,41,58466,买盘
2504,11:14:03,14.25,-0.01,158,225150,卖盘
2505,11:14:00,14.26,0.01,52,74152,买盘
2506,11:13:57,14.25,-0.01,5,7125,卖盘
2507,11:13:54,14.26,-0.01,218,310868,中性盘
2508,11:13:48,14.27,--,307,438089,买盘
2509,11:13:45,14.27,0.02,10,14270,买盘
2510,11:13:42,14.25,--,5,7125,卖盘
2511,11:13:39,14.25,-0.02,123,175275,卖盘
2512,11:13:36,14.27,--,122,174094,买盘
2513,11:13:33,14.27,--,3,4281,买盘
2514,11:13:30,14.27,0.01,30,42810,买盘
2515,11:13:27,14.26,--,120,171120,卖盘
2516,11:13:24,14.26,--,152,216752,卖盘
2517,11:13:21,14.26,-0.01,30,42780,卖盘
2518,11:13:18,14.27,--,92,131284,买盘
2519,11:13:15,14.27,0.01,5,7135,买盘
2520,11:13:12,14.26,-0.01,3,4278,卖盘
2521,11:13:09,14.27,--,34,48518,买盘
2522,11:13:06,14.27,0.01,49,69923,买盘
2523,11:13:03,14.26,-0.01,4,5704,卖盘
2524,11:13:00,14.27,--,37,52799,买盘
2525,11:12:57,14.27,--,111,158397,买盘
2526,11:12:54,14.27,--,7,9989,买盘
2527,11:12:51,14.27,0.01,112,159824,买盘
2528,11:12:45,14.26,--,24,34224,卖盘
2529,11:12:42,14.26,-0.01,118,168268,卖盘
2530,11:12:39,14.27,0.01,84,119868,买盘
2531,11:12:36,14.26,--,1,1426,卖盘
2532,11:12:33,14.26,--,1873,2670898,买盘
2533,11:12:27,14.26,--,150,213900,买盘
2534,11:12:24,14.26,--,151,215326,买盘
2535,11:12:21,14.26,--,5,7130,买盘
2536,11:12:18,14.26,--,15,21390,买盘
2537,11:12:15,14.26,0.01,43,61318,买盘
2538,11:12:12,14.25,-0.01,219,312075,卖盘
2539,11:12:09,14.26,--,37,52762,买盘
2540,11:12:06,14.26,-0.01,119,169694,卖盘
2541,11:12:03,14.27,0.01,2,2854,买盘
2542,11:12:00,14.26,--,14,19964,卖盘
2543,11:11:57,14.26,--,127,181102,卖盘
2544,11:11:51,14.26,0.01,946,1348996,买盘
2545,11:11:45,14.25,--,63,89775,卖盘
2546,11:11:42,14.25,--,79,112575,卖盘
2547,11:11:39,14.25,--,117,166725,卖盘
2548,11:11:36,14.25,--,100,143355,买盘
2549,11:11:33,14.25,--,90,128250,买盘
2550,11:11:30,14.25,--,25,35625,买盘
2551,11:11:27,14.25,0.01,98,139650,买盘
2552,11:11:24,14.24,-0.01,344,490425,卖盘
2553,11:11:18,14.25,0.01,739,1053930,买盘
2554,11:11:15,14.24,--,2,2848,卖盘
2555,11:11:12,14.24,-0.01,21,29904,卖盘
2556,11:11:09,14.25,0.01,20,28500,买盘
2557,11:11:06,14.24,--,148,210752,卖盘
2558,11:11:03,14.24,--,9,12816,卖盘
2559,11:11:00,14.24,-0.01,20,28480,卖盘
2560,11:10:57,14.25,--,51,72675,买盘
2561,11:10:54,14.25,--,53,75525,买盘
2562,11:10:51,14.25,--,3,4275,买盘
2563,11:10:48,14.25,0.01,49,69825,买盘
2564,11:10:45,14.24,--,4,5696,卖盘
2565,11:10:42,14.24,-0.01,67,95408,卖盘
2566,11:10:39,14.25,--,33,47025,买盘
2567,11:10:36,14.25,--,322,458850,买盘
2568,11:10:33,14.25,0.01,13,18525,买盘
2569,11:10:30,14.24,--,87,123888,卖盘
2570,11:10:24,14.24,-0.01,10,14240,卖盘
2571,11:10:21,14.25,--,6,8550,买盘
2572,11:10:18,14.25,--,42,59850,买盘
2573,11:10:15,14.25,--,96,136800,买盘
2574,11:10:12,14.25,--,135,192375,买盘
2575,11:10:09,14.25,--,73,104025,买盘
2576,11:10:06,14.25,--,47,66975,买盘
2577,11:10:03,14.25,--,16,22800,买盘
2578,11:10:00,14.25,--,72,102600,买盘
2579,11:09:57,14.25,--,50,71250,买盘
2580,11:09:54,14.25,--,28,39900,买盘
2581,11:09:48,14.25,--,35,49875,买盘
2582,11:09:45,14.25,0.01,9,12825,买盘
2583,11:09:42,14.24,-0.01,73,103952,卖盘
2584,11:09:39,14.25,--,89,126825,买盘
2585,11:09:36,14.25,--,56,79800,买盘
2586,11:09:33,14.25,--,17,24225,买盘
2587,11:09:27,14.25,0.01,14,19950,买盘
2588,11:09:24,14.24,--,591,841584,买盘
2589,11:09:21,14.24,--,593,844432,买盘
2590,11:09:18,14.24,0.01,95,135280,买盘
2591,11:09:12,14.23,-0.01,15,21345,卖盘
2592,11:09:09,14.24,0.01,53,75472,买盘
2593,11:09:06,14.23,-0.01,262,372826,卖盘
2594,11:09:03,14.24,--,209,297616,买盘
2595,11:09:00,14.24,0.01,510,726240,买盘
2596,11:08:57,14.23,--,3,4269,卖盘
2597,11:08:54,14.23,-0.01,27,38421,卖盘
2598,11:08:51,14.24,0.01,2,2848,买盘
2599,11:08:45,14.23,--,78,110994,卖盘
2600,11:08:42,14.23,-0.01,39,55497,卖盘
2601,11:08:39,14.24,0.01,7,9968,买盘
2602,11:08:36,14.23,--,19,27037,买盘
2603,11:08:33,14.23,--,91,129493,买盘
2604,11:08:30,14.23,--,18,25614,买盘
2605,11:08:27,14.23,0.01,57,81111,买盘
2606,11:08:24,14.22,-0.01,78,110916,卖盘
2607,11:08:21,14.23,--,10,14230,买盘
2608,11:08:18,14.23,0.01,15,21345,买盘
2609,11:08:12,14.22,--,2,2844,卖盘
2610,11:08:09,14.22,--,50,71100,卖盘
2611,11:08:06,14.22,0.01,456,649285,买盘
2612,11:08:03,14.21,-0.01,18,25578,卖盘
2613,11:08:00,14.22,--,37,52614,买盘
2614,11:07:57,14.22,0.01,337,479214,买盘
2615,11:07:54,14.21,--,1,1421,卖盘
2616,11:07:51,14.21,-0.01,4,5684,卖盘
2617,11:07:48,14.22,--,901,1281222,买盘
2618,11:07:45,14.22,--,98,139356,买盘
2619,11:07:42,14.22,--,189,268758,买盘
2620,11:07:39,14.22,--,20,28440,买盘
2621,11:07:36,14.22,0.01,75,106650,买盘
2622,11:07:33,14.21,-0.01,70,99470,卖盘
2623,11:07:27,14.22,--,71,100962,买盘
2624,11:07:21,14.22,0.01,50,71100,买盘
2625,11:07:18,14.21,--,13,18473,卖盘
2626,11:07:15,14.21,-0.01,4,5684,卖盘
2627,11:07:12,14.22,--,33,46926,买盘
2628,11:07:09,14.22,--,2,2844,买盘
2629,11:07:06,14.22,--,24,34128,买盘
2630,11:07:00,14.22,0.01,6,8532,买盘
2631,11:06:57,14.21,--,2,2842,卖盘
2632,11:06:54,14.21,-0.01,31,44051,卖盘
2633,11:06:51,14.22,0.01,1,1422,买盘
2634,11:06:42,14.21,--,134,190414,买盘
2635,11:06:39,14.21,--,25,35525,买盘
2636,11:06:36,14.21,0.01,247,350987,买盘
2637,11:06:33,14.2,-0.01,423,600660,卖盘
2638,11:06:30,14.21,0.01,38,53998,买盘
2639,11:06:27,14.2,-0.01,8,11360,卖盘
2640,11:06:24,14.21,--,22,31262,买盘
2641,11:06:18,14.21,0.01,28,39788,买盘
2642,11:06:15,14.2,--,12,17040,卖盘
2643,11:06:12,14.2,-0.01,5,7100,卖盘
2644,11:06:09,14.21,--,39,55419,买盘
2645,11:06:06,14.21,--,22,31262,买盘
2646,11:06:03,14.21,--,29,41209,买盘
2647,11:06:00,14.21,0.01,3,4263,买盘
2648,11:05:57,14.2,--,54,76680,卖盘
2649,11:05:54,14.2,-0.01,35,49700,卖盘
2650,11:05:51,14.21,--,15,21315,买盘
2651,11:05:42,14.21,0.01,11,15631,买盘
2652,11:05:39,14.2,-0.01,91,129220,卖盘
2653,11:05:36,14.21,0.01,109,154889,买盘
2654,11:05:33,14.2,-0.01,4,5680,卖盘
2655,11:05:30,14.21,0.01,12,17052,买盘
2656,11:05:27,14.2,--,5,7100,卖盘
2657,11:05:24,14.2,--,6,8520,卖盘
2658,11:05:21,14.2,-0.01,37,52540,卖盘
2659,11:05:18,14.21,-0.01,12,17052,中性盘
2660,11:05:15,14.22,0.02,4,5688,买盘
2661,11:05:12,14.2,-0.01,156,221520,卖盘
2662,11:05:06,14.21,0.01,12,17052,买盘
2663,11:05:03,14.2,--,1,1420,卖盘
2664,11:05:00,14.2,-0.01,199,282580,卖盘
2665,11:04:57,14.21,0.01,9,12789,买盘
2666,11:04:54,14.2,-0.01,10,14200,卖盘
2667,11:04:51,14.21,-0.01,72,102312,卖盘
2668,11:04:48,14.22,0.01,1,1422,买盘
2669,11:04:45,14.21,--,109,155173,卖盘
2670,11:04:42,14.21,--,54,76734,卖盘
2671,11:04:39,14.21,--,60,86396,买盘
2672,11:04:36,14.21,--,88,125332,卖盘
2673,11:04:33,14.21,--,62,89238,买盘
2674,11:04:30,14.21,--,263,373723,卖盘
2675,11:04:27,14.21,--,1,1421,卖盘
2676,11:04:24,14.21,--,2,2842,卖盘
2677,11:04:21,14.21,-0.01,25,35525,卖盘
2678,11:04:18,14.22,0.01,24,34128,买盘
2679,11:04:15,14.21,-0.01,1,1421,卖盘
2680,11:04:12,14.22,0.01,10,14220,买盘
2681,11:04:09,14.21,-0.01,27,38367,卖盘
2682,11:04:06,14.22,0.01,224,318528,买盘
2683,11:04:03,14.21,--,18,25578,卖盘
2684,11:03:57,14.21,--,562,798602,卖盘
2685,11:03:54,14.21,--,59,83839,卖盘
2686,11:03:51,14.21,--,27,38367,卖盘
2687,11:03:48,14.21,-0.01,4,5684,卖盘
2688,11:03:45,14.22,--,185,263070,买盘
2689,11:03:42,14.22,--,441,627102,买盘
2690,11:03:39,14.22,--,35,49770,买盘
2691,11:03:36,14.22,--,34,48348,买盘
2692,11:03:33,14.22,--,13,18486,买盘
2693,11:03:30,14.22,--,8,11376,买盘
2694,11:03:27,14.22,-0.01,91,129970,卖盘
2695,11:03:24,14.23,0.01,10,14230,买盘
2696,11:03:21,14.22,--,206,292932,卖盘
2697,11:03:18,14.22,--,34,48348,卖盘
2698,11:03:15,14.22,--,19,27018,卖盘
2699,11:03:12,14.22,--,2,2844,卖盘
2700,11:03:09,14.22,--,104,148741,买盘
2701,11:03:06,14.22,--,103,146466,买盘
2702,11:03:00,14.22,0.01,36,51192,买盘
2703,11:02:57,14.21,-0.01,10,14210,卖盘
2704,11:02:54,14.22,--,23,32706,买盘
2705,11:02:51,14.22,-0.01,74,105796,卖盘
2706,11:02:48,14.23,0.01,607,863761,买盘
2707,11:02:45,14.22,-0.01,54,76788,卖盘
2708,11:02:42,14.23,0.01,16,22768,买盘
2709,11:02:39,14.22,-0.01,66,93852,卖盘
2710,11:02:36,14.23,0.01,78,110994,买盘
2711,11:02:33,14.22,--,71,100962,卖盘
2712,11:02:27,14.22,--,1,1422,卖盘
2713,11:02:21,14.22,--,32,45504,卖盘
2714,11:02:18,14.22,-0.01,10,14220,卖盘
2715,11:02:15,14.23,0.01,2,2846,买盘
2716,11:02:09,14.22,--,17,24174,卖盘
2717,11:02:06,14.22,-0.01,138,196236,卖盘
2718,11:02:03,14.23,--,5,7115,买盘
2719,11:02:00,14.23,--,7,9961,买盘
2720,11:01:57,14.23,--,24,34152,卖盘
2721,11:01:51,14.23,--,49,69727,卖盘
2722,11:01:48,14.23,-0.01,21,29883,卖盘
2723,11:01:45,14.24,0.01,75,106800,买盘
2724,11:01:42,14.23,--,98,139454,卖盘
2725,11:01:36,14.23,--,92,130916,买盘
2726,11:01:33,14.23,--,5,7115,买盘
2727,11:01:30,14.23,--,43,61189,买盘
2728,11:01:24,14.23,--,42,59766,买盘
2729,11:01:21,14.23,0.01,16,22768,买盘
2730,11:01:18,14.22,-0.01,111,157842,卖盘
2731,11:01:15,14.23,--,10,14230,买盘
2732,11:01:12,14.23,--,1,1423,买盘
2733,11:01:09,14.23,--,1,1423,买盘
2734,11:01:06,14.23,--,46,65458,买盘
2735,11:01:03,14.23,-0.01,137,194951,卖盘
2736,11:01:00,14.24,0.01,242,344608,买盘
2737,11:00:57,14.23,0.01,15,21345,买盘
2738,11:00:54,14.22,-0.01,1,1422,卖盘
2739,11:00:48,14.23,--,134,190682,买盘
2740,11:00:45,14.23,--,30,42690,买盘
2741,11:00:42,14.23,0.01,5,7115,买盘
2742,11:00:39,14.22,-0.01,5,7110,卖盘
2743,11:00:36,14.23,--,26,36998,买盘
2744,11:00:33,14.23,--,12,17076,买盘
2745,11:00:30,14.23,0.01,1,1423,买盘
2746,11:00:27,14.22,-0.01,1,1422,卖盘
2747,11:00:24,14.23,0.01,8,11384,买盘
2748,11:00:21,14.22,-0.01,50,71100,卖盘
2749,11:00:18,14.23,--,220,313060,买盘
2750,11:00:15,14.23,--,4,5692,买盘
2751,11:00:12,14.23,--,2,2846,买盘
2752,11:00:06,14.23,0.01,38,54074,中性盘
2753,11:00:00,14.22,--,27,38394,卖盘
2754,10:59:54,14.22,--,100,142200,卖盘
