,time,price,change,volume,amount,type
0,15:00:03,11.26,--,2755,3102130,卖盘
1,14:57:00,11.26,--,1,1126,卖盘
2,14:56:57,11.26,--,90,101340,卖盘
3,14:56:54,11.26,-0.01,20,22520,卖盘
4,14:56:48,11.27,0.01,1,1127,买盘
5,14:56:45,11.26,0.01,8,9008,卖盘
6,14:56:42,11.25,-0.02,854,960750,卖盘
7,14:56:39,11.27,0.01,17,19159,买盘
8,14:56:36,11.26,-0.01,514,578764,卖盘
9,14:56:33,11.27,0.01,7,7889,买盘
10,14:56:30,11.26,-0.01,53,59678,卖盘
11,14:56:27,11.27,0.01,35,39445,买盘
12,14:56:24,11.26,-0.01,34,38284,卖盘
13,14:56:21,11.27,--,19,21413,买盘
14,14:56:09,11.27,--,20,22540,买盘
15,14:56:03,11.27,--,51,57702,买盘
16,14:56:00,11.27,--,1,1127,买盘
17,14:55:57,11.27,0.01,11,12397,买盘
18,14:55:54,11.26,--,70,78820,卖盘
19,14:55:51,11.26,--,76,85576,卖盘
20,14:55:48,11.26,-0.01,10,11260,卖盘
21,14:55:45,11.27,--,31,34937,买盘
22,14:55:42,11.27,--,7,7889,买盘
23,14:55:39,11.27,--,769,866663,买盘
24,14:55:36,11.27,0.01,36,40572,买盘
25,14:55:33,11.26,--,2,2252,卖盘
26,14:55:27,11.26,--,15,16890,卖盘
27,14:55:24,11.26,-0.01,49,55174,卖盘
28,14:55:21,11.27,--,119,134113,买盘
29,14:55:18,11.27,0.01,46,51842,买盘
30,14:55:15,11.26,--,36,40536,卖盘
31,14:55:12,11.26,-0.01,10,11260,卖盘
32,14:55:09,11.27,--,89,100303,买盘
33,14:55:06,11.27,0.01,118,132986,买盘
34,14:55:03,11.26,-0.01,16,18016,卖盘
35,14:54:57,11.27,--,30,33810,买盘
36,14:54:54,11.27,0.01,88,99176,买盘
37,14:54:48,11.26,-0.01,513,577638,卖盘
38,14:54:36,11.27,0.01,5,5635,买盘
39,14:54:33,11.26,-0.01,70,78820,卖盘
40,14:54:30,11.27,--,17,19159,买盘
41,14:54:27,11.27,0.01,402,453054,买盘
42,14:54:24,11.26,--,125,140750,卖盘
43,14:54:21,11.26,--,12,13512,卖盘
44,14:54:18,11.26,--,12,13512,卖盘
45,14:54:12,11.26,-0.01,14,15764,卖盘
46,14:54:03,11.27,0.01,31,34937,买盘
47,14:54:00,11.26,--,11,12386,卖盘
48,14:53:57,11.26,--,13,14638,卖盘
49,14:53:51,11.26,-0.01,85,95710,卖盘
50,14:53:45,11.27,0.01,8,9016,买盘
51,14:53:42,11.26,--,132,148632,卖盘
52,14:53:33,11.26,--,91,102466,卖盘
53,14:53:30,11.26,--,2,2252,卖盘
54,14:53:27,11.26,-0.01,469,528094,卖盘
55,14:53:24,11.27,0.01,90,101430,买盘
56,14:53:21,11.26,--,107,120482,卖盘
57,14:53:18,11.26,--,85,95710,卖盘
58,14:53:15,11.26,--,14,15764,卖盘
59,14:53:09,11.26,--,12,13512,卖盘
60,14:53:03,11.26,--,1,1126,卖盘
61,14:52:54,11.26,--,86,96836,卖盘
62,14:52:51,11.26,--,12,13512,卖盘
63,14:52:48,11.26,--,38,42788,卖盘
64,14:52:42,11.26,--,85,95710,卖盘
65,14:52:39,11.26,--,132,148632,卖盘
66,14:52:36,11.26,-0.01,21,23646,卖盘
67,14:52:33,11.27,--,112,126224,卖盘
68,14:52:30,11.27,-0.01,544,613088,卖盘
69,14:52:27,11.28,--,1,1128,买盘
70,14:52:24,11.28,--,5,5640,买盘
71,14:52:21,11.28,--,19,21432,买盘
72,14:52:18,11.28,0.01,134,151152,买盘
73,14:52:15,11.27,--,126,142002,卖盘
74,14:52:09,11.27,--,44,49588,卖盘
75,14:52:06,11.27,-0.01,17,19835,卖盘
76,14:52:03,11.28,0.01,1,1128,买盘
77,14:52:00,11.27,0.01,19,21863,卖盘
78,14:51:54,11.26,-0.01,117,131742,卖盘
79,14:51:51,11.27,--,24,27048,买盘
80,14:51:48,11.27,--,40,45080,买盘
81,14:51:42,11.27,--,68,76636,买盘
82,14:51:39,11.27,--,209,235543,买盘
83,14:51:36,11.27,--,71,80017,买盘
84,14:51:33,11.27,--,22,24794,买盘
85,14:51:30,11.27,--,24,27352,卖盘
86,14:51:27,11.27,--,81,91287,卖盘
87,14:51:24,11.27,--,29,32683,卖盘
88,14:51:21,11.27,--,31,34937,卖盘
89,14:51:18,11.27,-0.01,116,130732,卖盘
90,14:51:15,11.28,--,659,743352,买盘
91,14:51:12,11.28,0.01,124,139872,买盘
92,14:51:09,11.27,-0.01,141,158907,卖盘
93,14:51:06,11.28,--,261,294408,买盘
94,14:51:03,11.28,0.01,43,48504,买盘
95,14:51:00,11.27,-0.01,25,28175,卖盘
96,14:50:57,11.28,--,44,49632,买盘
97,14:50:54,11.28,--,41,46248,买盘
98,14:50:51,11.28,0.01,113,127464,买盘
99,14:50:48,11.27,--,21,23667,卖盘
100,14:50:45,11.27,-0.01,237,267099,卖盘
101,14:50:42,11.28,--,685,773334,卖盘
102,14:50:39,11.28,--,37,41736,卖盘
103,14:50:36,11.28,--,22,24816,卖盘
104,14:50:33,11.28,--,2,2256,卖盘
105,14:50:30,11.28,--,12,13536,卖盘
106,14:50:27,11.28,--,6,6768,卖盘
107,14:50:24,11.28,--,40,45120,卖盘
108,14:50:21,11.28,-0.01,215,242520,卖盘
109,14:50:18,11.29,0.01,62,69998,买盘
110,14:50:15,11.28,--,102,115056,卖盘
111,14:50:12,11.28,--,282,318096,卖盘
112,14:50:09,11.28,-0.01,42,47376,卖盘
113,14:50:06,11.29,0.01,74,83546,买盘
114,14:50:03,11.28,--,17,19176,卖盘
115,14:50:00,11.28,--,14,15792,卖盘
116,14:49:57,11.28,--,101,113928,卖盘
117,14:49:54,11.28,--,85,95880,卖盘
118,14:49:51,11.28,--,4,4512,卖盘
119,14:49:48,11.28,-0.01,32,36096,卖盘
120,14:49:45,11.29,--,177,199832,买盘
121,14:49:42,11.29,--,41,46289,买盘
122,14:49:39,11.29,0.01,71,80159,买盘
123,14:49:36,11.28,-0.01,1,1128,卖盘
124,14:49:33,11.29,--,18,20322,买盘
125,14:49:30,11.29,--,356,401923,卖盘
126,14:49:27,11.29,--,1,1129,卖盘
127,14:49:21,11.29,-0.01,30,33870,卖盘
128,14:49:18,11.3,--,7,7910,买盘
129,14:49:15,11.3,--,20,22600,买盘
130,14:49:12,11.3,0.01,40,45200,买盘
131,14:49:09,11.29,--,2,2258,卖盘
132,14:49:06,11.29,0.01,72,81288,买盘
133,14:49:03,11.28,-0.01,116,130847,卖盘
134,14:49:00,11.29,--,31,34999,卖盘
135,14:48:57,11.29,--,98,110641,买盘
136,14:48:51,11.29,--,191,215638,买盘
137,14:48:48,11.29,-0.01,3,3386,买盘
138,14:48:42,11.3,0.02,58,65540,买盘
139,14:48:39,11.28,-0.01,12,13536,卖盘
140,14:48:36,11.29,0.01,10,11290,买盘
141,14:48:33,11.28,--,37,41736,卖盘
142,14:48:30,11.28,-0.01,18,20304,卖盘
143,14:48:27,11.29,--,76,85804,卖盘
144,14:48:24,11.29,-0.01,18,20322,卖盘
145,14:48:18,11.3,0.01,2,2260,买盘
146,14:48:15,11.29,-0.01,25,28224,卖盘
147,14:48:12,11.3,--,2,2260,买盘
148,14:48:09,11.3,0.01,219,247470,买盘
149,14:48:06,11.29,0.01,7,7902,买盘
150,14:48:03,11.28,-0.01,30,33840,卖盘
151,14:48:00,11.29,0.01,44,49675,买盘
152,14:47:54,11.28,-0.01,96,108288,卖盘
153,14:47:51,11.29,0.01,8,9032,买盘
154,14:47:48,11.28,-0.01,29,32711,卖盘
155,14:47:45,11.29,-0.01,37,41773,卖盘
156,14:47:42,11.3,--,18,20340,买盘
157,14:47:39,11.3,0.01,60,67800,买盘
158,14:47:36,11.29,--,53,59836,买盘
159,14:47:33,11.29,0.01,5,5645,买盘
160,14:47:30,11.28,-0.01,30,33840,卖盘
161,14:47:27,11.29,--,5,5645,买盘
162,14:47:24,11.29,--,16,18064,买盘
163,14:47:21,11.29,0.01,45,50804,买盘
164,14:47:18,11.28,-0.01,26,29328,卖盘
165,14:47:12,11.29,--,21,23709,买盘
166,14:47:09,11.29,--,66,74514,买盘
167,14:47:06,11.29,--,2,2258,买盘
168,14:47:03,11.29,0.01,46,51933,买盘
169,14:47:00,11.28,--,86,97008,卖盘
170,14:46:57,11.28,--,34,38374,卖盘
171,14:46:54,11.28,-0.01,80,90240,卖盘
172,14:46:51,11.29,0.01,5,5645,买盘
173,14:46:48,11.28,-0.01,23,25944,卖盘
174,14:46:45,11.29,0.01,4,4516,买盘
175,14:46:39,11.28,-0.01,17,19176,卖盘
176,14:46:36,11.29,--,59,66611,买盘
177,14:46:33,11.29,--,1,1129,买盘
178,14:46:27,11.29,--,6,6773,买盘
179,14:46:24,11.29,--,149,168221,买盘
180,14:46:15,11.29,--,37,41773,买盘
181,14:46:09,11.29,--,4,4516,买盘
182,14:46:06,11.29,--,94,106125,卖盘
183,14:46:03,11.29,--,20,22580,卖盘
184,14:46:00,11.29,--,3,3386,卖盘
185,14:45:57,11.29,0.01,17,19193,买盘
186,14:45:54,11.28,--,17,19176,卖盘
187,14:45:51,11.28,-0.01,24,27072,卖盘
188,14:45:48,11.29,--,184,207735,买盘
189,14:45:45,11.29,--,1,1129,买盘
190,14:45:39,11.29,--,15,16935,买盘
191,14:45:36,11.29,--,70,79030,买盘
192,14:45:33,11.29,--,20,22580,买盘
193,14:45:30,11.29,--,34,38386,买盘
194,14:45:27,11.29,--,133,150157,买盘
195,14:45:24,11.29,-0.01,1212,1368348,卖盘
196,14:45:18,11.3,0.01,394,445220,买盘
197,14:45:15,11.29,-0.01,3,3386,卖盘
198,14:45:12,11.3,--,20,22600,买盘
199,14:45:09,11.3,--,10,11300,买盘
200,14:45:06,11.3,--,56,63280,买盘
201,14:45:03,11.3,0.01,50,56500,买盘
202,14:45:00,11.29,--,2,2258,卖盘
203,14:44:57,11.29,--,8,9032,卖盘
204,14:44:54,11.29,-0.01,45,50804,卖盘
205,14:44:51,11.3,--,15,16950,买盘
206,14:44:48,11.3,--,25,28250,买盘
207,14:44:45,11.3,0.01,4,4520,买盘
208,14:44:42,11.29,-0.01,2,2258,卖盘
209,14:44:39,11.3,--,15,16950,买盘
210,14:44:36,11.3,--,32,36160,买盘
211,14:44:33,11.3,--,18,20340,买盘
212,14:44:30,11.3,--,3,3390,买盘
213,14:44:27,11.3,--,1,1130,买盘
214,14:44:24,11.3,0.01,60,67800,买盘
215,14:44:21,11.29,-0.01,45,50804,卖盘
216,14:44:12,11.3,--,176,198880,买盘
217,14:44:09,11.3,--,3,3390,买盘
218,14:44:06,11.3,--,2,2260,买盘
219,14:44:03,11.3,0.01,40,45200,买盘
220,14:44:00,11.29,--,62,69998,卖盘
221,14:43:57,11.29,--,34,38386,卖盘
222,14:43:54,11.29,-0.01,53,59836,卖盘
223,14:43:51,11.3,0.01,1,1130,买盘
224,14:43:45,11.29,-0.01,86,97093,卖盘
225,14:43:36,11.3,0.01,4,4520,买盘
226,14:43:33,11.29,-0.01,40,45160,卖盘
227,14:43:27,11.3,--,3,3390,买盘
228,14:43:24,11.3,0.02,98,110740,买盘
229,14:43:21,11.28,-0.01,87,98136,卖盘
230,14:43:18,11.29,--,38,42902,卖盘
231,14:43:15,11.29,-0.01,14,15805,卖盘
232,14:43:09,11.3,0.01,24,27120,买盘
233,14:43:06,11.29,--,43,48546,买盘
234,14:43:03,11.29,--,38,42902,买盘
235,14:43:00,11.29,0.01,20,22580,买盘
236,14:42:57,11.28,--,226,254928,卖盘
237,14:42:54,11.28,-0.01,42,47376,卖盘
238,14:42:51,11.29,--,217,244992,买盘
239,14:42:48,11.29,--,116,130963,买盘
240,14:42:45,11.29,0.01,11,12418,买盘
241,14:42:42,11.28,-0.01,7,7896,卖盘
242,14:42:39,11.29,0.01,71,80159,买盘
243,14:42:36,11.28,--,1,1128,卖盘
244,14:42:33,11.28,--,7,7896,卖盘
245,14:42:27,11.28,--,3,3384,卖盘
246,14:42:24,11.28,--,20,22560,卖盘
247,14:42:21,11.28,-0.01,13,14664,卖盘
248,14:42:12,11.29,0.01,31,34999,买盘
249,14:42:09,11.28,-0.01,49,55272,卖盘
250,14:42:06,11.29,--,68,76772,买盘
251,14:42:03,11.29,0.01,83,93707,买盘
252,14:42:00,11.28,-0.01,13,14664,卖盘
253,14:41:57,11.29,0.01,12,13547,买盘
254,14:41:54,11.28,-0.01,28,31584,卖盘
255,14:41:51,11.29,0.01,7,7902,买盘
256,14:41:48,11.28,--,18,20304,卖盘
257,14:41:45,11.28,--,107,120696,卖盘
258,14:41:39,11.28,--,1,1128,卖盘
259,14:41:36,11.28,--,9,10152,卖盘
260,14:41:30,11.28,--,2,2256,卖盘
261,14:41:27,11.28,--,26,29328,卖盘
262,14:41:24,11.28,-0.01,66,74448,卖盘
263,14:41:15,11.29,--,16,18064,买盘
264,14:41:09,11.29,-0.01,54,60965,卖盘
265,14:41:06,11.3,0.02,104,117520,买盘
266,14:41:03,11.28,-0.01,38,42864,卖盘
267,14:41:00,11.29,0.01,39,44031,中性盘
268,14:40:51,11.28,--,154,173712,卖盘
269,14:40:45,11.28,-0.02,1,1128,卖盘
270,14:40:42,11.3,0.02,211,238430,买盘
271,14:40:39,11.28,-0.01,55,62040,卖盘
272,14:40:36,11.29,--,28,31611,买盘
273,14:40:30,11.29,--,21,23709,买盘
274,14:40:27,11.29,--,23,25966,买盘
275,14:40:24,11.29,0.01,136,153544,买盘
276,14:40:18,11.28,--,8,9024,卖盘
277,14:40:15,11.28,-0.01,11,12408,卖盘
278,14:40:09,11.29,--,5,5645,买盘
279,14:40:06,11.29,0.01,45,50804,买盘
280,14:40:03,11.28,-0.01,26,29328,卖盘
281,14:40:00,11.29,0.01,65,73385,买盘
282,14:39:57,11.28,--,3,3384,卖盘
283,14:39:54,11.28,--,27,30456,卖盘
284,14:39:51,11.28,-0.01,95,107160,卖盘
285,14:39:48,11.29,--,41,46289,买盘
286,14:39:42,11.29,0.01,5,5645,买盘
287,14:39:39,11.28,--,5,5640,卖盘
288,14:39:36,11.28,-0.01,32,36096,卖盘
289,14:39:33,11.29,--,186,209993,卖盘
290,14:39:30,11.29,--,2,2258,卖盘
291,14:39:27,11.29,-0.01,81,91449,卖盘
292,14:39:24,11.3,0.01,2,2260,买盘
293,14:39:21,11.29,-0.01,85,95965,卖盘
294,14:39:09,11.3,--,11,12430,买盘
295,14:39:06,11.3,--,4,4520,买盘
296,14:39:03,11.3,0.01,19,21470,买盘
297,14:39:00,11.29,0.01,55,62094,买盘
298,14:38:57,11.28,--,50,56400,卖盘
299,14:38:54,11.28,-0.01,24,27072,卖盘
300,14:38:51,11.29,--,23,25966,买盘
301,14:38:48,11.29,0.01,16,18064,买盘
302,14:38:42,11.28,--,4,4512,卖盘
303,14:38:39,11.28,--,16,18048,卖盘
304,14:38:36,11.28,--,100,112800,卖盘
305,14:38:33,11.28,--,6,6768,卖盘
306,14:38:30,11.28,--,48,54144,卖盘
307,14:38:27,11.28,-0.01,44,49632,卖盘
308,14:38:24,11.29,0.01,37,41773,买盘
309,14:38:18,11.28,-0.03,583,657624,卖盘
310,14:38:09,11.31,--,2,2262,买盘
311,14:38:06,11.31,--,4,4524,买盘
312,14:38:03,11.31,--,1,1131,买盘
313,14:38:00,11.31,0.01,22,24882,买盘
314,14:37:57,11.3,--,11,12430,卖盘
315,14:37:54,11.3,--,81,91530,卖盘
316,14:37:51,11.3,-0.01,43,48590,卖盘
317,14:37:48,11.31,--,1,1131,买盘
318,14:37:45,11.31,--,76,85956,买盘
319,14:37:42,11.31,--,5,5655,买盘
320,14:37:33,11.31,0.01,240,271440,买盘
321,14:37:30,11.3,-0.01,85,96050,卖盘
322,14:37:27,11.31,0.01,12,13572,买盘
323,14:37:24,11.3,-0.01,55,62150,卖盘
324,14:37:21,11.31,0.01,34,38454,买盘
325,14:37:12,11.3,-0.01,277,313010,卖盘
326,14:37:09,11.31,0.01,3,3393,买盘
327,14:37:06,11.3,--,8,9040,卖盘
328,14:37:03,11.3,-0.01,8,9040,卖盘
329,14:37:00,11.31,0.01,22,24882,买盘
330,14:36:54,11.3,-0.01,48,54240,卖盘
331,14:36:51,11.31,--,88,99528,买盘
332,14:36:48,11.31,--,2,2262,买盘
333,14:36:45,11.31,--,6,6786,买盘
334,14:36:39,11.31,--,212,239772,买盘
335,14:36:36,11.31,--,10,11310,买盘
336,14:36:30,11.31,0.01,12,13572,买盘
337,14:36:27,11.3,-0.01,14,15820,卖盘
338,14:36:24,11.31,--,1,1131,买盘
339,14:36:21,11.31,--,18,20358,买盘
340,14:36:18,11.31,--,40,45240,买盘
341,14:36:15,11.31,--,1,1131,买盘
342,14:36:12,11.31,--,10,11310,买盘
343,14:36:09,11.31,--,1,1131,买盘
344,14:36:06,11.31,--,4,4524,买盘
345,14:36:03,11.31,-0.01,18,20358,买盘
346,14:36:00,11.32,0.03,19,21508,买盘
347,14:35:57,11.29,-0.03,14,15805,卖盘
348,14:35:54,11.32,0.03,116,131312,买盘
349,14:35:51,11.29,-0.01,7,7902,卖盘
350,14:35:45,11.3,--,1,1130,买盘
351,14:35:42,11.3,0.01,168,189840,买盘
352,14:35:36,11.29,-0.01,2,2258,卖盘
353,14:35:33,11.3,--,5,5650,买盘
354,14:35:30,11.3,--,1,1130,买盘
355,14:35:27,11.3,--,4,4520,买盘
356,14:35:24,11.3,--,45,50850,买盘
357,14:35:18,11.3,-0.01,392,442960,卖盘
358,14:35:15,11.31,--,1,1131,买盘
359,14:35:09,11.31,--,3,3393,买盘
360,14:35:06,11.31,--,4,4524,买盘
361,14:35:03,11.31,-0.01,24,27144,买盘
362,14:34:54,11.32,0.02,37,41884,买盘
363,14:34:51,11.3,-0.01,70,79100,卖盘
364,14:34:48,11.31,--,2,2262,买盘
365,14:34:45,11.31,--,1,1131,买盘
366,14:34:27,11.31,--,286,323466,买盘
367,14:34:24,11.31,0.01,58,65598,买盘
368,14:34:21,11.3,-0.01,105,118650,卖盘
369,14:34:18,11.31,--,67,75777,买盘
370,14:34:15,11.31,0.01,306,346086,买盘
371,14:34:12,11.3,-0.01,1,1130,卖盘
372,14:34:09,11.31,--,4,4524,买盘
373,14:34:06,11.31,--,13,14703,买盘
374,14:34:03,11.31,--,50,56550,买盘
375,14:34:00,11.31,0.01,22,24882,买盘
376,14:33:57,11.3,--,2,2260,卖盘
377,14:33:54,11.3,--,64,72320,卖盘
378,14:33:51,11.3,--,110,124300,卖盘
379,14:33:48,11.3,--,220,248600,卖盘
380,14:33:45,11.3,--,95,107350,买盘
381,14:33:27,11.3,0.01,3,3390,买盘
382,14:33:24,11.29,-0.01,56,63223,卖盘
383,14:33:18,11.3,--,33,37290,买盘
384,14:33:09,11.3,--,2,2260,买盘
385,14:33:06,11.3,--,52,58760,买盘
386,14:33:03,11.3,--,5,5650,买盘
387,14:33:00,11.3,0.01,23,25990,买盘
388,14:32:57,11.29,--,2,2258,卖盘
389,14:32:54,11.29,-0.01,14,15805,卖盘
390,14:32:51,11.3,--,51,57630,买盘
391,14:32:48,11.3,--,112,126560,买盘
392,14:32:45,11.3,-0.01,1,1130,中性盘
393,14:32:42,11.31,0.03,77,87087,买盘
394,14:32:39,11.28,-0.01,217,244776,卖盘
395,14:32:33,11.29,--,29,32740,买盘
396,14:32:30,11.29,--,20,22580,买盘
397,14:32:27,11.29,0.01,1,1129,买盘
398,14:32:24,11.28,-0.01,40,45571,卖盘
399,14:32:21,11.29,--,10,11290,买盘
400,14:32:18,11.29,--,3,3386,买盘
401,14:32:12,11.29,--,36,40644,买盘
402,14:32:09,11.29,--,34,38386,买盘
403,14:32:06,11.29,--,5,5645,买盘
404,14:32:00,11.29,--,5,5645,买盘
405,14:31:57,11.29,0.01,26,29353,买盘
406,14:31:54,11.28,-0.01,7,7896,卖盘
407,14:31:51,11.29,--,71,80159,买盘
408,14:31:48,11.29,0.01,226,255153,买盘
409,14:31:45,11.28,--,108,121824,卖盘
410,14:31:42,11.28,--,9,10152,卖盘
411,14:31:39,11.28,-0.01,42,47376,卖盘
412,14:31:36,11.29,--,128,144512,买盘
413,14:31:33,11.29,--,10,11290,买盘
414,14:31:30,11.29,--,19,21451,买盘
415,14:31:27,11.29,--,42,47418,买盘
416,14:31:24,11.29,--,56,63223,买盘
417,14:31:21,11.29,-0.01,311,351119,卖盘
418,14:31:18,11.3,0.01,18,20340,买盘
419,14:31:15,11.29,-0.01,13,14676,卖盘
420,14:31:12,11.3,0.01,89,100570,买盘
421,14:31:09,11.29,-0.01,85,95965,卖盘
422,14:31:06,11.3,--,16,18080,买盘
423,14:31:03,11.3,--,27,30510,买盘
424,14:31:00,11.3,--,81,91530,买盘
425,14:30:51,11.3,0.01,105,118650,买盘
426,14:30:45,11.29,-0.01,47,53062,卖盘
427,14:30:42,11.3,0.01,3,3390,买盘
428,14:30:39,11.29,-0.01,10,11290,中性盘
429,14:30:27,11.3,--,17,19210,买盘
430,14:30:24,11.3,0.01,1,1130,买盘
431,14:30:21,11.29,--,15,16935,买盘
432,14:30:18,11.29,--,6,6773,买盘
433,14:30:15,11.29,0.01,43,48546,买盘
434,14:30:09,11.28,-0.01,92,103776,卖盘
435,14:30:06,11.29,0.01,5,5645,买盘
436,14:30:03,11.28,-0.01,23,25944,卖盘
437,14:30:00,11.29,-0.01,4,4516,中性盘
438,14:29:54,11.3,--,17,19210,买盘
439,14:29:51,11.3,--,13,14690,买盘
440,14:29:48,11.3,0.01,43,48590,买盘
441,14:29:45,11.29,0.01,1,1129,买盘
442,14:29:42,11.28,-0.01,13,14664,卖盘
443,14:29:39,11.29,--,10,11290,买盘
444,14:29:36,11.29,0.01,12,13547,买盘
445,14:29:33,11.28,-0.01,3,3384,卖盘
446,14:29:30,11.29,--,71,80159,买盘
447,14:29:27,11.29,--,4,4516,买盘
448,14:29:24,11.29,0.01,1,1129,买盘
449,14:29:21,11.28,--,5,5640,卖盘
450,14:29:18,11.28,--,33,37224,卖盘
451,14:29:15,11.28,--,27,30456,卖盘
452,14:29:12,11.28,--,3,3384,卖盘
453,14:29:09,11.28,-0.01,16,18048,卖盘
454,14:29:03,11.29,0.01,2,2258,买盘
455,14:28:57,11.28,--,5,5640,卖盘
456,14:28:54,11.28,-0.01,12,13536,卖盘
457,14:28:51,11.29,--,67,75643,买盘
458,14:28:48,11.29,--,19,21451,买盘
459,14:28:45,11.29,--,77,86933,买盘
460,14:28:42,11.29,--,44,49675,买盘
461,14:28:39,11.29,--,1,1129,买盘
462,14:28:33,11.29,0.01,18,20322,买盘
463,14:28:30,11.28,-0.01,48,54144,卖盘
464,14:28:27,11.29,--,26,29353,买盘
465,14:28:24,11.29,--,132,149028,买盘
466,14:28:21,11.29,-0.01,52,58707,卖盘
467,14:28:18,11.3,--,9,10170,买盘
468,14:28:12,11.3,--,4,4520,买盘
469,14:28:09,11.3,--,18,20340,买盘
470,14:28:06,11.3,--,66,74580,买盘
471,14:28:03,11.3,0.02,100,113000,买盘
472,14:28:00,11.28,-0.01,6,6768,卖盘
473,14:27:57,11.29,-0.01,86,97093,卖盘
474,14:27:51,11.3,--,2,2260,买盘
475,14:27:48,11.3,0.01,92,103960,买盘
476,14:27:45,11.29,--,1,1129,买盘
477,14:27:39,11.29,--,44,49675,买盘
478,14:27:36,11.29,--,34,38386,买盘
479,14:27:33,11.29,0.01,1,1129,买盘
480,14:27:30,11.28,-0.01,24,27072,卖盘
481,14:27:27,11.29,--,3,3386,买盘
482,14:27:24,11.29,0.01,28,31611,买盘
483,14:27:15,11.28,-0.01,5,5640,卖盘
484,14:27:09,11.29,--,17,19193,买盘
485,14:27:06,11.29,--,3,3386,买盘
486,14:27:03,11.29,--,2,2258,买盘
487,14:26:57,11.29,0.01,1,1129,买盘
488,14:26:54,11.28,-0.02,12,13536,卖盘
489,14:26:48,11.3,--,23,25990,买盘
490,14:26:45,11.3,--,2,2260,买盘
491,14:26:42,11.3,0.02,38,42940,买盘
492,14:26:39,11.28,-0.01,75,84600,卖盘
493,14:26:36,11.29,-0.01,12,13547,卖盘
494,14:26:33,11.3,0.01,70,79100,买盘
495,14:26:30,11.29,-0.01,15,16935,卖盘
496,14:26:27,11.3,--,19,21470,买盘
497,14:26:24,11.3,--,12,13560,买盘
498,14:26:21,11.3,--,65,73450,买盘
499,14:26:18,11.3,0.01,11,12430,买盘
500,14:26:15,11.29,--,13,14676,卖盘
501,14:26:12,11.29,-0.01,2,2258,卖盘
502,14:26:09,11.3,--,5,5650,买盘
503,14:26:06,11.3,--,2,2260,买盘
504,14:26:00,11.3,--,4,4520,买盘
505,14:25:57,11.3,0.01,71,80230,买盘
506,14:25:54,11.29,-0.01,20,22580,中性盘
507,14:25:48,11.3,--,8,9040,买盘
508,14:25:45,11.3,0.01,35,39550,买盘
509,14:25:39,11.29,-0.01,2,2258,买盘
510,14:25:36,11.3,0.02,37,41810,买盘
511,14:25:30,11.28,--,13,14664,卖盘
512,14:25:24,11.28,-0.01,14,15792,卖盘
513,14:25:18,11.29,--,5,5645,买盘
514,14:25:12,11.29,--,16,18064,卖盘
515,14:25:09,11.29,--,19,21451,卖盘
516,14:25:06,11.29,--,3,3386,买盘
517,14:25:03,11.29,--,2,2258,买盘
518,14:25:00,11.29,0.01,1,1129,中性盘
519,14:24:57,11.28,-0.02,15,16920,卖盘
520,14:24:54,11.3,0.02,23,25990,买盘
521,14:24:51,11.28,-0.02,6,6768,卖盘
522,14:24:48,11.3,--,36,40680,买盘
523,14:24:45,11.3,0.01,4,4520,买盘
524,14:24:42,11.29,--,79,89191,买盘
525,14:24:39,11.29,0.01,65,73385,买盘
526,14:24:33,11.28,--,15,16920,卖盘
527,14:24:30,11.28,-0.01,3,3384,卖盘
528,14:24:27,11.29,--,42,47418,买盘
529,14:24:21,11.29,0.01,1,1129,买盘
530,14:24:15,11.28,--,19,21432,卖盘
531,14:24:12,11.28,--,128,144384,卖盘
532,14:24:09,11.28,-0.01,11,12408,卖盘
533,14:24:06,11.29,--,59,66611,买盘
534,14:24:03,11.29,0.01,101,114028,买盘
535,14:24:00,11.28,--,23,25944,卖盘
536,14:23:54,11.28,0.01,9,10152,中性盘
537,14:23:48,11.27,-0.02,114,128478,卖盘
538,14:23:45,11.29,0.01,52,58707,买盘
539,14:23:42,11.28,0.01,30,33840,买盘
540,14:23:39,11.27,-0.01,40,45080,卖盘
541,14:23:36,11.28,--,109,122952,买盘
542,14:23:30,11.28,--,41,46248,买盘
543,14:23:27,11.28,--,10,11280,买盘
544,14:23:24,11.28,--,1,1128,买盘
545,14:23:09,11.28,--,14,15792,买盘
546,14:23:06,11.28,--,4,4512,买盘
547,14:23:00,11.28,--,46,51888,买盘
548,14:22:57,11.28,--,202,227856,买盘
549,14:22:51,11.28,--,10,11280,买盘
550,14:22:48,11.28,--,27,30456,买盘
551,14:22:45,11.28,--,24,27072,买盘
552,14:22:42,11.28,--,5,5640,买盘
553,14:22:36,11.28,--,36,40608,买盘
554,14:22:33,11.28,--,28,31584,买盘
555,14:22:27,11.28,--,74,83472,买盘
556,14:22:24,11.28,--,1,1128,买盘
557,14:22:21,11.28,--,1,1128,买盘
558,14:22:18,11.28,0.01,1,1128,买盘
559,14:22:12,11.27,-0.01,4,4508,卖盘
560,14:22:09,11.28,--,1,1128,买盘
561,14:22:06,11.28,0.01,71,80088,买盘
562,14:22:03,11.27,--,4,4508,卖盘
563,14:22:00,11.27,--,20,22540,卖盘
564,14:21:51,11.27,--,7,7889,卖盘
565,14:21:48,11.27,--,42,47334,卖盘
566,14:21:42,11.27,--,29,32683,卖盘
567,14:21:39,11.27,--,198,223146,卖盘
568,14:21:36,11.27,--,48,54096,卖盘
569,14:21:33,11.27,-0.01,136,153272,卖盘
570,14:21:27,11.28,--,5,5640,买盘
571,14:21:24,11.28,--,1,1128,买盘
572,14:21:09,11.28,--,14,15792,买盘
573,14:21:06,11.28,0.01,102,115056,买盘
574,14:21:03,11.27,--,4,4508,卖盘
575,14:21:00,11.27,--,22,24794,卖盘
576,14:20:57,11.27,-0.01,180,202860,卖盘
577,14:20:54,11.28,-0.01,1391,1569048,卖盘
578,14:20:51,11.29,--,10,11290,买盘
579,14:20:48,11.29,--,3,3386,买盘
580,14:20:42,11.29,--,81,91449,买盘
581,14:20:39,11.29,--,7,7902,买盘
582,14:20:36,11.29,--,26,29353,买盘
583,14:20:33,11.29,0.01,134,151286,买盘
584,14:20:30,11.28,-0.01,85,95880,卖盘
585,14:20:27,11.29,--,587,662723,买盘
586,14:20:24,11.29,0.01,62,69998,买盘
587,14:20:21,11.28,--,406,457968,卖盘
588,14:20:18,11.28,--,205,231240,卖盘
589,14:20:15,11.28,--,23,25944,卖盘
590,14:20:12,11.28,--,3,3384,卖盘
591,14:20:09,11.28,-0.01,36,40608,卖盘
592,14:20:06,11.29,0.01,17,19193,买盘
593,14:20:03,11.28,--,166,187248,卖盘
594,14:20:00,11.28,--,1011,1140408,卖盘
595,14:19:57,11.28,--,5,5640,卖盘
596,14:19:54,11.28,-0.01,174,196272,卖盘
597,14:19:51,11.29,-0.01,1010,1140290,卖盘
598,14:19:48,11.3,0.02,18,20340,买盘
599,14:19:45,11.28,-0.01,16,18048,卖盘
600,14:19:39,11.29,--,30,33870,买盘
601,14:19:36,11.29,-0.01,5,5645,卖盘
602,14:19:33,11.3,0.01,36,40680,买盘
603,14:19:30,11.29,-0.01,26,29353,卖盘
604,14:19:27,11.3,--,2,2260,买盘
605,14:19:24,11.3,0.02,2,2260,买盘
606,14:19:21,11.28,--,5,5640,卖盘
607,14:19:18,11.28,--,4,4512,卖盘
608,14:19:15,11.28,-0.02,15,16920,卖盘
609,14:19:09,11.3,--,26,29380,买盘
610,14:19:06,11.3,--,314,354820,买盘
611,14:19:03,11.3,0.02,97,109610,买盘
612,14:19:00,11.28,-0.02,30,33840,卖盘
613,14:18:57,11.3,0.02,20,22600,买盘
614,14:18:54,11.28,-0.01,163,183864,卖盘
615,14:18:51,11.29,-0.01,1082,1221578,卖盘
616,14:18:48,11.3,--,4,4520,买盘
617,14:18:45,11.3,0.01,31,35030,买盘
618,14:18:36,11.29,-0.01,23,25966,卖盘
619,14:18:33,11.3,0.01,57,64410,买盘
620,14:18:30,11.29,-0.01,75,84675,卖盘
621,14:18:27,11.3,--,3,3390,买盘
622,14:18:24,11.3,--,1,1130,买盘
623,14:18:21,11.3,0.01,1,1130,买盘
624,14:18:18,11.29,--,34,38386,卖盘
625,14:18:15,11.29,--,10,11290,卖盘
626,14:18:12,11.29,-0.01,3,3386,卖盘
627,14:18:09,11.3,--,7,7910,买盘
628,14:18:06,11.3,--,4,4520,买盘
629,14:18:03,11.3,--,11,12430,买盘
630,14:18:00,11.3,0.01,89,100570,买盘
631,14:17:57,11.29,-0.01,23,25966,卖盘
632,14:17:51,11.3,0.01,2,2260,买盘
633,14:17:48,11.29,-0.02,12,13547,卖盘
634,14:17:45,11.31,0.02,15,16965,买盘
635,14:17:42,11.29,--,2,2258,买盘
636,14:17:33,11.29,-0.02,30,33870,买盘
637,14:17:30,11.31,0.02,71,80301,买盘
638,14:17:27,11.29,--,1,1129,买盘
639,14:17:24,11.29,--,46,51933,买盘
640,14:17:21,11.29,--,24,27095,买盘
641,14:17:18,11.29,--,100,112899,买盘
642,14:17:09,11.29,--,15,16935,买盘
643,14:17:06,11.29,0.01,8,9032,买盘
644,14:17:00,11.28,-0.01,58,65423,卖盘
645,14:16:54,11.29,0.01,25,28224,买盘
646,14:16:51,11.28,--,15,16920,卖盘
647,14:16:45,11.28,--,15,16920,卖盘
648,14:16:42,11.28,-0.01,12,13536,卖盘
649,14:16:36,11.29,0.01,17,19193,买盘
650,14:16:33,11.28,--,6,6768,卖盘
651,14:16:30,11.28,-0.01,33,37224,卖盘
652,14:16:27,11.29,--,70,79030,买盘
653,14:16:24,11.29,--,43,48546,买盘
654,14:16:21,11.29,--,9,10161,买盘
655,14:16:12,11.29,0.01,102,115157,买盘
656,14:16:09,11.28,-0.01,6,6768,卖盘
657,14:16:06,11.29,0.01,11,12418,买盘
658,14:16:03,11.28,-0.01,4,4512,卖盘
659,14:16:00,11.29,-0.01,96,108383,卖盘
660,14:15:57,11.3,--,74,83620,买盘
661,14:15:54,11.3,0.01,3,3390,买盘
662,14:15:45,11.29,0.01,40,45160,买盘
663,14:15:42,11.28,-0.01,12,13536,卖盘
664,14:15:36,11.29,--,2,2258,买盘
665,14:15:33,11.29,-0.01,115,129834,卖盘
666,14:15:30,11.3,0.01,38,42940,买盘
667,14:15:27,11.29,--,143,161447,买盘
668,14:15:24,11.29,0.01,46,51933,买盘
669,14:15:15,11.28,--,13,14664,卖盘
670,14:15:09,11.28,-0.01,4,4512,卖盘
671,14:15:06,11.29,0.01,2,2258,买盘
672,14:15:03,11.28,--,9,10152,卖盘
673,14:15:00,11.28,-0.01,106,119568,卖盘
674,14:14:57,11.29,0.01,87,98222,买盘
675,14:14:54,11.28,--,3,3384,卖盘
676,14:14:51,11.28,--,14,15792,卖盘
677,14:14:48,11.28,--,12,13536,卖盘
678,14:14:45,11.28,--,77,86856,卖盘
679,14:14:42,11.28,-0.02,2,2256,卖盘
680,14:14:39,11.3,0.01,22,24860,买盘
681,14:14:36,11.29,-0.01,1,1129,卖盘
682,14:14:33,11.3,--,65,73450,买盘
683,14:14:30,11.3,--,52,58760,买盘
684,14:14:27,11.3,0.02,44,49720,买盘
685,14:14:24,11.28,--,45,50760,卖盘
686,14:14:21,11.28,-0.01,237,267336,卖盘
687,14:14:18,11.29,--,16,18064,买盘
688,14:14:15,11.29,0.01,11,12418,买盘
689,14:14:12,11.28,-0.01,4,4512,卖盘
690,14:14:09,11.29,--,4,4516,买盘
691,14:14:06,11.29,--,85,95965,买盘
692,14:14:03,11.29,0.01,6,6773,买盘
693,14:14:00,11.28,-0.01,158,178224,卖盘
694,14:13:57,11.29,--,1,1129,买盘
695,14:13:54,11.29,--,10,11290,买盘
696,14:13:51,11.29,--,2,2258,买盘
697,14:13:48,11.29,--,11,12418,买盘
698,14:13:45,11.29,--,3,3386,买盘
699,14:13:42,11.29,-0.01,2,2258,卖盘
700,14:13:39,11.3,0.02,3,3390,买盘
701,14:13:33,11.28,-0.02,19,21432,卖盘
702,14:13:30,11.3,--,22,24860,买盘
703,14:13:27,11.3,--,2,2260,买盘
704,14:13:24,11.3,0.02,1,1130,买盘
705,14:13:21,11.28,--,42,47376,卖盘
706,14:13:12,11.28,-0.01,71,80088,卖盘
707,14:13:09,11.29,--,40,45160,买盘
708,14:13:06,11.29,--,70,79030,买盘
709,14:13:03,11.29,0.01,37,41773,买盘
710,14:13:00,11.28,-0.01,112,126336,卖盘
711,14:12:51,11.29,0.01,15,16935,买盘
712,14:12:48,11.28,--,19,21432,卖盘
713,14:12:45,11.28,-0.01,40,45120,卖盘
714,14:12:39,11.29,0.01,5,5645,买盘
715,14:12:30,11.28,-0.01,40,45120,卖盘
716,14:12:27,11.29,--,22,24837,买盘
717,14:12:24,11.29,--,1,1129,买盘
718,14:12:21,11.29,--,42,47418,买盘
719,14:12:18,11.29,--,52,58707,买盘
720,14:12:12,11.29,--,13,14676,买盘
721,14:12:09,11.29,--,24,27095,买盘
722,14:12:06,11.29,--,3,3386,买盘
723,14:12:03,11.29,0.01,72,81288,买盘
724,14:12:00,11.28,--,37,41736,卖盘
725,14:11:57,11.28,-0.01,271,305688,卖盘
726,14:11:48,11.29,--,3,3386,买盘
727,14:11:39,11.29,0.01,27,30482,买盘
728,14:11:36,11.28,--,1,1128,卖盘
729,14:11:30,11.28,--,52,58656,卖盘
730,14:11:27,11.28,-0.01,33,37224,卖盘
731,14:11:24,11.29,--,3,3386,买盘
732,14:11:21,11.29,--,63,71127,买盘
733,14:11:18,11.29,0.01,1,1129,买盘
734,14:11:12,11.28,-0.01,105,118440,卖盘
735,14:11:09,11.29,--,52,58707,买盘
736,14:11:06,11.29,--,12,13547,买盘
737,14:11:03,11.29,--,20,23528,买盘
738,14:11:00,11.29,--,50,56449,买盘
739,14:10:51,11.29,0.01,1,1129,买盘
740,14:10:48,11.28,--,3,3384,卖盘
741,14:10:42,11.28,--,108,121824,卖盘
742,14:10:36,11.28,--,52,58656,卖盘
743,14:10:30,11.28,--,107,120696,卖盘
744,14:10:27,11.28,-0.01,68,76704,卖盘
745,14:10:24,11.29,0.01,27,30482,买盘
746,14:10:21,11.28,-0.01,1,1128,卖盘
747,14:10:18,11.29,0.01,42,47418,买盘
748,14:10:15,11.28,--,11,12408,卖盘
749,14:10:12,11.28,-0.01,17,19176,卖盘
750,14:10:09,11.29,0.01,44,49675,买盘
751,14:10:06,11.28,-0.01,191,215448,卖盘
752,14:10:03,11.29,--,18,20322,买盘
753,14:10:00,11.29,0.01,71,80159,买盘
754,14:09:57,11.28,--,1,1128,卖盘
755,14:09:54,11.28,--,9,10152,卖盘
756,14:09:51,11.28,--,16,18048,卖盘
757,14:09:48,11.28,--,21,23688,卖盘
758,14:09:45,11.28,--,16,18048,卖盘
759,14:09:39,11.28,--,17,19176,卖盘
760,14:09:36,11.28,--,100,112800,卖盘
761,14:09:33,11.28,--,6,6768,卖盘
762,14:09:30,11.28,-0.01,8,9024,卖盘
763,14:09:27,11.29,--,19,21451,买盘
764,14:09:24,11.29,0.01,121,136609,买盘
765,14:09:18,11.28,--,9,10152,卖盘
766,14:09:15,11.28,-0.01,47,53016,卖盘
767,14:09:12,11.29,0.01,150,169350,买盘
768,14:09:09,11.28,-0.01,68,76704,卖盘
769,14:09:06,11.29,0.01,1,1129,买盘
770,14:09:03,11.28,--,1,1128,卖盘
771,14:09:00,11.28,--,7,7896,卖盘
772,14:08:57,11.28,-0.01,1,1128,卖盘
773,14:08:51,11.29,0.01,16,18064,买盘
774,14:08:48,11.28,--,22,24816,卖盘
775,14:08:45,11.28,--,72,81216,卖盘
776,14:08:42,11.28,-0.01,19,21432,卖盘
777,14:08:39,11.29,-0.01,161,181769,卖盘
778,14:08:36,11.3,0.01,19,21470,买盘
779,14:08:33,11.29,--,59,66611,卖盘
780,14:08:30,11.29,-0.01,28,31611,卖盘
781,14:08:27,11.3,--,22,24860,买盘
782,14:08:24,11.3,--,13,14690,买盘
783,14:08:21,11.3,--,5,5650,买盘
784,14:08:18,11.3,0.01,24,27120,买盘
785,14:08:15,11.29,-0.01,45,50804,卖盘
786,14:08:12,11.3,0.01,1,1130,买盘
787,14:08:09,11.29,-0.01,4,4516,卖盘
788,14:08:06,11.3,0.01,2,2260,买盘
789,14:08:00,11.29,--,16,18064,卖盘
790,14:07:57,11.29,-0.01,2,2258,卖盘
791,14:07:51,11.3,0.01,1,1130,买盘
792,14:07:48,11.29,--,4,4516,卖盘
793,14:07:45,11.29,-0.02,32,36128,卖盘
794,14:07:39,11.31,0.02,72,81432,买盘
795,14:07:36,11.29,--,13,14676,卖盘
796,14:07:33,11.29,--,40,45160,卖盘
797,14:07:30,11.29,-0.01,15,16935,卖盘
798,14:07:27,11.3,--,3,3390,买盘
799,14:07:24,11.3,--,25,28250,买盘
800,14:07:21,11.3,0.01,35,39550,买盘
801,14:07:15,11.29,-0.01,5,5645,卖盘
802,14:07:12,11.3,0.01,54,61020,买盘
803,14:07:09,11.29,-0.01,5,5645,卖盘
804,14:07:06,11.3,--,130,146900,买盘
805,14:07:03,11.3,0.01,29,32770,买盘
806,14:07:00,11.29,-0.01,66,74514,卖盘
807,14:06:48,11.3,--,34,38420,买盘
808,14:06:45,11.3,0.01,51,57630,买盘
809,14:06:42,11.29,--,5,5645,卖盘
810,14:06:39,11.29,--,35,39515,卖盘
811,14:06:36,11.29,--,70,79030,卖盘
812,14:06:33,11.29,-0.01,11,12418,卖盘
813,14:06:27,11.3,--,14,15820,买盘
814,14:06:24,11.3,--,6,6780,买盘
815,14:06:21,11.3,--,35,39550,买盘
816,14:06:18,11.3,--,19,21470,买盘
817,14:06:15,11.3,--,108,122040,买盘
818,14:06:12,11.3,--,104,117520,买盘
819,14:06:09,11.3,0.01,45,50850,买盘
820,14:06:06,11.29,-0.01,304,343216,卖盘
821,14:06:03,11.3,--,2,2260,买盘
822,14:05:54,11.3,0.01,2,2260,买盘
823,14:05:51,11.29,-0.01,6,6773,卖盘
824,14:05:45,11.3,--,5,5650,买盘
825,14:05:42,11.3,--,17,19210,买盘
826,14:05:39,11.3,0.01,15,16950,买盘
827,14:05:36,11.29,--,15,16935,卖盘
828,14:05:30,11.29,-0.01,3,3386,卖盘
829,14:05:27,11.3,--,3,3390,买盘
830,14:05:21,11.3,0.01,7,7910,买盘
831,14:05:18,11.29,-0.01,67,75643,卖盘
832,14:05:15,11.3,--,110,124300,买盘
833,14:05:12,11.3,0.01,37,41810,买盘
834,14:05:09,11.29,-0.01,124,139996,卖盘
835,14:05:06,11.3,--,1225,1384250,买盘
836,14:05:03,11.3,--,7,7910,买盘
837,14:05:00,11.3,--,10,11300,买盘
838,14:04:54,11.3,--,20,22600,买盘
839,14:04:51,11.3,--,2,2260,买盘
840,14:04:45,11.3,0.01,10,11300,买盘
841,14:04:42,11.29,-0.01,4,4516,卖盘
842,14:04:39,11.3,--,5,5650,买盘
843,14:04:30,11.3,--,103,116390,买盘
844,14:04:27,11.3,--,16,18080,买盘
845,14:04:24,11.3,--,6,6780,买盘
846,14:04:21,11.3,0.01,30,33900,买盘
847,14:04:15,11.29,-0.01,4,4516,卖盘
848,14:04:12,11.3,--,25,28250,买盘
849,14:04:09,11.3,0.01,11,12430,买盘
850,14:04:06,11.29,--,46,51933,卖盘
851,14:04:03,11.29,--,7,7902,卖盘
852,14:04:00,11.29,--,15,16935,卖盘
853,14:03:57,11.29,--,6,6773,卖盘
854,14:03:51,11.29,--,3,3386,卖盘
855,14:03:48,11.29,--,19,21451,卖盘
856,14:03:39,11.29,-0.01,3,3386,卖盘
857,14:03:36,11.3,0.01,30,33900,买盘
858,14:03:33,11.29,--,62,69998,卖盘
859,14:03:30,11.29,-0.01,3,3386,卖盘
860,14:03:27,11.3,--,20,22600,买盘
861,14:03:24,11.3,0.01,1,1130,买盘
862,14:03:15,11.29,-0.01,13,14676,卖盘
863,14:03:12,11.3,0.01,21,23730,买盘
864,14:03:09,11.29,-0.01,4,4516,卖盘
865,14:03:06,11.3,--,16,18080,买盘
866,14:03:03,11.3,0.01,110,124300,买盘
867,14:03:00,11.29,--,71,80159,卖盘
868,14:02:54,11.29,-0.01,37,41773,卖盘
869,14:02:51,11.3,0.01,5,5650,买盘
870,14:02:48,11.29,--,4,4516,卖盘
871,14:02:45,11.29,-0.01,12,13547,卖盘
872,14:02:42,11.3,--,6,6780,买盘
873,14:02:39,11.3,0.01,30,33900,买盘
874,14:02:27,11.29,-0.01,1,1129,卖盘
875,14:02:24,11.3,0.01,4,4520,买盘
876,14:02:21,11.29,--,2,2258,卖盘
877,14:02:18,11.29,--,13,14676,卖盘
878,14:02:15,11.29,-0.01,3,3386,卖盘
879,14:02:12,11.3,--,27,30510,买盘
880,14:02:09,11.3,--,1,1130,买盘
881,14:02:06,11.3,0.01,41,46330,买盘
882,14:02:03,11.29,--,1,1129,卖盘
883,14:02:00,11.29,-0.01,12,13547,卖盘
884,14:01:57,11.3,--,89,100570,卖盘
885,14:01:54,11.3,-0.01,3,3390,卖盘
886,14:01:51,11.31,--,1,1131,买盘
887,14:01:48,11.31,--,15,16965,买盘
888,14:01:39,11.31,0.01,10,11310,买盘
889,14:01:36,11.3,-0.01,3,3390,卖盘
890,14:01:30,11.31,--,3,3393,买盘
891,14:01:27,11.31,--,3,3393,买盘
892,14:01:24,11.31,--,15,16965,买盘
893,14:01:18,11.31,0.01,22,24882,买盘
894,14:01:15,11.3,--,3,3390,卖盘
895,14:01:12,11.3,--,213,240690,买盘
896,14:01:09,11.3,-0.01,91,102830,卖盘
897,14:01:06,11.31,0.01,2,2262,中性盘
898,14:01:03,11.3,--,93,105090,卖盘
899,14:01:00,11.3,--,15,16950,卖盘
900,14:00:57,11.3,-0.02,87,98310,卖盘
901,14:00:54,11.32,0.02,75,84900,买盘
902,14:00:51,11.3,--,27,30510,卖盘
903,14:00:48,11.3,-0.01,60,67800,卖盘
904,14:00:45,11.31,0.01,1,1131,买盘
905,14:00:42,11.3,--,2,2260,卖盘
906,14:00:36,11.3,--,142,160460,卖盘
907,14:00:30,11.3,-0.01,1,1130,卖盘
908,14:00:27,11.31,--,8,9048,买盘
909,14:00:24,11.31,--,124,140244,买盘
910,14:00:21,11.31,--,6,6786,买盘
911,14:00:18,11.31,0.01,4,4524,买盘
912,14:00:12,11.3,-0.01,17,19210,卖盘
913,14:00:09,11.31,-0.01,108,122148,卖盘
914,14:00:06,11.32,--,2,2264,买盘
915,14:00:03,11.32,0.01,40,45280,买盘
916,13:59:57,11.31,--,5,5655,卖盘
917,13:59:54,11.31,-0.01,25,28275,卖盘
918,13:59:48,11.32,--,2,2264,买盘
919,13:59:45,11.32,0.01,1,1132,买盘
920,13:59:42,11.31,--,16,18096,卖盘
921,13:59:36,11.31,0.01,15,16965,买盘
922,13:59:33,11.3,-0.01,52,58760,卖盘
923,13:59:27,11.31,--,32,36192,买盘
924,13:59:24,11.31,--,22,24882,买盘
925,13:59:21,11.31,--,10,11310,买盘
926,13:59:18,11.31,--,10,11310,买盘
927,13:59:09,11.31,--,25,28275,买盘
928,13:59:06,11.31,0.01,1,1131,买盘
929,13:59:03,11.3,--,167,188710,买盘
930,13:59:00,11.3,--,112,126560,买盘
931,13:58:57,11.3,0.01,52,58760,买盘
932,13:58:54,11.29,-0.01,20,22580,卖盘
933,13:58:51,11.3,--,117,132210,买盘
934,13:58:48,11.3,--,13,14690,买盘
935,13:58:45,11.3,--,37,41810,买盘
936,13:58:42,11.3,--,57,64410,买盘
937,13:58:39,11.3,--,448,506240,买盘
938,13:58:36,11.3,--,71,80230,买盘
939,13:58:33,11.3,0.01,1,1130,买盘
940,13:58:30,11.29,-0.01,1,1129,卖盘
941,13:58:27,11.3,--,4,4520,买盘
942,13:58:15,11.3,--,1,1130,买盘
943,13:58:12,11.3,--,20,22600,买盘
944,13:58:06,11.3,0.02,1,1130,买盘
945,13:58:03,11.28,-0.01,9,10152,卖盘
946,13:58:00,11.29,--,193,217896,卖盘
947,13:57:57,11.29,--,50,56449,卖盘
948,13:57:54,11.29,-0.01,20,22580,卖盘
949,13:57:51,11.3,--,51,57630,买盘
950,13:57:48,11.3,--,53,59890,买盘
951,13:57:45,11.3,--,1,1130,买盘
952,13:57:39,11.3,0.01,1,1130,买盘
953,13:57:36,11.29,--,37,41773,卖盘
954,13:57:33,11.29,--,18,20322,卖盘
955,13:57:30,11.29,-0.01,16,18064,卖盘
956,13:57:27,11.3,--,1,1130,买盘
957,13:57:24,11.3,--,12,13560,买盘
958,13:57:21,11.3,0.01,1,1130,买盘
959,13:57:18,11.29,--,5,5645,卖盘
960,13:57:15,11.29,-0.01,3,3386,卖盘
961,13:57:12,11.3,--,11,12430,买盘
962,13:57:09,11.3,--,24,27120,买盘
963,13:57:06,11.3,0.01,5,5650,买盘
964,13:57:03,11.29,--,13,14676,卖盘
965,13:57:00,11.29,--,8,9032,卖盘
966,13:56:57,11.29,--,37,41773,卖盘
967,13:56:54,11.29,--,58,65481,卖盘
968,13:56:51,11.29,--,5,5645,卖盘
969,13:56:45,11.29,--,13,14676,卖盘
970,13:56:36,11.29,--,12,13547,卖盘
971,13:56:33,11.29,--,17,19193,卖盘
972,13:56:30,11.29,--,2,2258,卖盘
973,13:56:24,11.29,--,10,11290,卖盘
974,13:56:18,11.29,-0.01,3,3386,卖盘
975,13:56:15,11.3,0.01,81,91530,买盘
976,13:56:12,11.29,--,13,14676,卖盘
977,13:56:06,11.29,--,26,29353,卖盘
978,13:56:00,11.29,-0.01,2,2258,卖盘
979,13:55:57,11.3,0.01,18,20340,买盘
980,13:55:54,11.29,-0.01,73,82417,卖盘
981,13:55:51,11.3,--,10,11300,买盘
982,13:55:48,11.3,--,2,2260,买盘
983,13:55:45,11.3,0.01,1,1130,买盘
984,13:55:42,11.29,--,4,4516,卖盘
985,13:55:30,11.29,-0.01,13,14676,卖盘
986,13:55:27,11.3,--,13,14690,买盘
987,13:55:24,11.3,0.01,28,31640,买盘
988,13:55:21,11.29,0.01,13,14676,买盘
989,13:55:18,11.28,-0.01,11,12408,卖盘
990,13:55:15,11.29,--,150,169350,买盘
991,13:55:12,11.29,0.01,5,5645,买盘
992,13:55:09,11.28,-0.01,7,7896,卖盘
993,13:55:06,11.29,--,235,265315,买盘
994,13:55:03,11.29,--,92,103867,买盘
995,13:55:00,11.29,--,40,45160,买盘
996,13:54:57,11.29,--,42,47418,买盘
997,13:54:54,11.29,0.01,5,5645,买盘
998,13:54:51,11.28,-0.01,22,24816,卖盘
999,13:54:48,11.29,--,20,22580,买盘
1000,13:54:42,11.29,0.01,5,5645,买盘
1001,13:54:39,11.28,-0.01,3,3384,卖盘
1002,13:54:36,11.29,0.01,25,28224,买盘
1003,13:54:33,11.28,--,22,24816,卖盘
1004,13:54:30,11.28,-0.01,14,15792,卖盘
1005,13:54:27,11.29,--,1,1129,买盘
1006,13:54:24,11.29,--,2,2258,买盘
1007,13:54:18,11.29,--,12,13547,买盘
1008,13:54:12,11.29,--,19,21451,买盘
1009,13:54:06,11.29,--,55,62094,买盘
1010,13:54:03,11.29,--,28,31611,买盘
1011,13:54:00,11.29,--,60,67740,买盘
1012,13:53:57,11.29,--,56,63223,买盘
1013,13:53:54,11.29,-0.01,86,97093,卖盘
1014,13:53:51,11.3,0.01,37,41810,买盘
1015,13:53:45,11.29,--,3,3386,卖盘
1016,13:53:42,11.29,--,107,120802,卖盘
1017,13:53:39,11.29,--,2,2258,卖盘
1018,13:53:30,11.29,--,23,25966,买盘
1019,13:53:27,11.29,--,26,29353,买盘
1020,13:53:24,11.29,--,13,14676,买盘
1021,13:53:21,11.29,-0.01,70,79030,卖盘
1022,13:53:18,11.3,0.01,2,2260,买盘
1023,13:53:15,11.29,-0.01,5,5645,中性盘
1024,13:53:12,11.3,0.01,31,35030,买盘
1025,13:53:09,11.29,--,64,72256,买盘
1026,13:53:06,11.29,--,58,65481,买盘
1027,13:53:03,11.29,--,37,41773,买盘
1028,13:53:00,11.29,0.01,19,21451,买盘
1029,13:52:57,11.28,-0.01,27,30456,卖盘
1030,13:52:54,11.29,0.01,65,73385,买盘
1031,13:52:51,11.28,-0.01,46,51888,卖盘
1032,13:52:48,11.29,0.01,688,776751,买盘
1033,13:52:45,11.28,--,362,408336,买盘
1034,13:52:42,11.28,--,665,750120,买盘
1035,13:52:39,11.28,0.01,52,58656,买盘
1036,13:52:36,11.27,--,130,146510,卖盘
1037,13:52:33,11.27,--,118,132986,卖盘
1038,13:52:30,11.27,-0.01,236,265972,卖盘
1039,13:52:27,11.28,--,132,148896,买盘
1040,13:52:24,11.28,--,309,348552,买盘
1041,13:52:21,11.28,--,132,148896,买盘
1042,13:52:18,11.28,--,7,7896,买盘
1043,13:52:15,11.28,--,6,6768,买盘
1044,13:52:12,11.28,--,30,33840,买盘
1045,13:52:09,11.28,--,51,57528,买盘
1046,13:52:06,11.28,--,111,125208,买盘
1047,13:52:03,11.28,--,171,192888,买盘
1048,13:52:00,11.28,--,53,59784,买盘
1049,13:51:57,11.28,0.01,35,39480,买盘
1050,13:51:54,11.27,-0.01,57,64239,卖盘
1051,13:51:51,11.28,--,51,57528,买盘
1052,13:51:48,11.28,--,21,23688,买盘
1053,13:51:45,11.28,0.01,28,31584,买盘
1054,13:51:42,11.27,--,3,3381,卖盘
1055,13:51:39,11.27,-0.01,13,14651,卖盘
1056,13:51:36,11.28,0.01,18,20304,买盘
1057,13:51:33,11.27,--,25,28175,卖盘
1058,13:51:30,11.27,--,14,15778,卖盘
1059,13:51:27,11.27,-0.01,86,96922,卖盘
1060,13:51:24,11.28,0.01,15,16920,买盘
1061,13:51:21,11.27,-0.01,9,10143,卖盘
1062,13:51:18,11.28,--,62,69936,买盘
1063,13:51:15,11.28,--,245,276360,买盘
1064,13:51:12,11.28,--,376,424128,卖盘
1065,13:51:09,11.28,-0.01,4,4512,卖盘
1066,13:51:06,11.29,--,27,30482,买盘
1067,13:51:03,11.29,--,51,57578,买盘
1068,13:51:00,11.29,0.01,109,123060,买盘
1069,13:50:57,11.28,--,119,134232,卖盘
1070,13:50:54,11.28,-0.01,67,75576,卖盘
1071,13:50:51,11.29,--,6,6773,买盘
1072,13:50:48,11.29,--,487,549823,买盘
1073,13:50:45,11.29,0.01,1,1129,买盘
1074,13:50:39,11.28,--,12,13536,卖盘
1075,13:50:33,11.28,--,20,22560,卖盘
1076,13:50:27,11.28,--,13,14664,买盘
1077,13:50:24,11.28,--,78,87984,买盘
1078,13:50:21,11.28,--,749,844872,买盘
1079,13:50:18,11.28,--,196,221088,卖盘
1080,13:50:15,11.28,-0.01,18,20304,卖盘
1081,13:50:12,11.29,0.01,62,69998,买盘
1082,13:50:09,11.28,--,232,261695,卖盘
1083,13:50:06,11.28,-0.01,166,187248,卖盘
1084,13:50:03,11.29,0.01,1006,1135774,买盘
1085,13:50:00,11.28,-0.01,18,20304,卖盘
1086,13:49:57,11.29,--,14,15805,买盘
1087,13:49:54,11.29,--,14,15805,买盘
1088,13:49:51,11.29,--,40,45160,买盘
1089,13:49:48,11.29,--,7,7902,买盘
1090,13:49:45,11.29,--,1,1129,买盘
1091,13:49:39,11.29,0.01,9,10161,买盘
1092,13:49:36,11.28,-0.01,30,33840,卖盘
1093,13:49:33,11.29,0.01,10,11290,买盘
1094,13:49:27,11.28,--,6,6768,卖盘
1095,13:49:24,11.28,-0.01,12,13536,卖盘
1096,13:49:21,11.29,--,239,269831,买盘
1097,13:49:18,11.29,-0.01,1142,1290040,卖盘
1098,13:49:15,11.3,0.01,73,82490,买盘
1099,13:49:12,11.29,--,41,46289,卖盘
1100,13:49:09,11.29,-0.01,2,2258,卖盘
1101,13:49:06,11.3,0.01,9,10170,买盘
1102,13:49:03,11.29,--,1,1129,卖盘
1103,13:49:00,11.29,-0.01,38,42902,卖盘
1104,13:48:57,11.3,0.01,201,227130,买盘
1105,13:48:54,11.29,--,47,53062,卖盘
1106,13:48:51,11.29,-0.01,115,129834,卖盘
1107,13:48:48,11.3,--,14,15820,买盘
1108,13:48:45,11.3,0.01,72,81360,买盘
1109,13:48:39,11.29,-0.01,252,284508,卖盘
1110,13:48:36,11.3,--,1528,1727702,卖盘
1111,13:48:33,11.3,-0.03,92,103960,卖盘
1112,13:48:30,11.33,0.02,685,776105,买盘
1113,13:48:27,11.31,0.01,8,9048,卖盘
1114,13:48:24,11.3,-0.01,14,15820,卖盘
1115,13:48:18,11.31,-0.02,50,56550,卖盘
1116,13:48:15,11.33,0.01,1873,2122109,买盘
1117,13:48:12,11.32,0.01,1,1132,卖盘
1118,13:48:09,11.31,-0.02,9,10179,卖盘
1119,13:48:06,11.33,--,11,12463,买盘
1120,13:48:03,11.33,--,1,1133,买盘
1121,13:48:00,11.33,--,3,3399,买盘
1122,13:47:57,11.33,0.03,22,24926,买盘
1123,13:47:54,11.3,-0.03,2011,2272430,卖盘
1124,13:47:51,11.33,--,1,1133,买盘
1125,13:47:48,11.33,--,29,32857,买盘
1126,13:47:45,11.33,--,296,335368,买盘
1127,13:47:42,11.33,0.01,1,1133,买盘
1128,13:47:39,11.32,-0.01,75,84900,卖盘
1129,13:47:30,11.33,--,36,40788,买盘
1130,13:47:27,11.33,--,2,2266,买盘
1131,13:47:24,11.33,0.01,13,14729,买盘
1132,13:47:18,11.32,-0.01,39,44148,卖盘
1133,13:47:15,11.33,-0.01,10,11330,卖盘
1134,13:47:12,11.34,0.01,21,23814,买盘
1135,13:47:09,11.33,--,3,3399,卖盘
1136,13:47:06,11.33,--,7,7931,买盘
1137,13:47:03,11.33,--,2,2266,买盘
1138,13:47:00,11.33,--,50,56650,买盘
1139,13:46:57,11.33,--,51,57783,买盘
1140,13:46:54,11.33,--,15,16995,买盘
1141,13:46:51,11.33,--,25,28325,买盘
1142,13:46:48,11.33,--,48,54384,买盘
1143,13:46:45,11.33,--,41,46453,买盘
1144,13:46:42,11.33,--,2,2266,买盘
1145,13:46:33,11.33,--,4,4532,买盘
1146,13:46:30,11.33,--,1,1133,买盘
1147,13:46:27,11.33,--,3,3399,买盘
1148,13:46:09,11.33,--,2,2266,买盘
1149,13:46:06,11.33,-0.01,85,96305,中性盘
1150,13:46:03,11.34,0.01,9,10206,买盘
1151,13:46:00,11.33,--,7,7931,卖盘
1152,13:45:57,11.33,--,30,33990,卖盘
1153,13:45:54,11.33,--,3,3399,卖盘
1154,13:45:51,11.33,--,35,39655,买盘
1155,13:45:48,11.33,--,2,2266,买盘
1156,13:45:45,11.33,0.01,43,48719,买盘
1157,13:45:36,11.32,-0.01,39,44148,卖盘
1158,13:45:33,11.33,0.01,2,2266,买盘
1159,13:45:30,11.32,-0.01,14,15848,卖盘
1160,13:45:27,11.33,--,1,1133,买盘
1161,13:45:24,11.33,0.01,1,1133,买盘
1162,13:45:21,11.32,--,10,11320,卖盘
1163,13:45:15,11.32,-0.01,3,3396,卖盘
1164,13:45:09,11.33,--,4,4532,买盘
1165,13:45:06,11.33,--,1,1133,买盘
1166,13:45:03,11.33,0.01,72,81576,买盘
1167,13:45:00,11.32,-0.01,5,5660,卖盘
1168,13:44:54,11.33,0.01,5,5665,买盘
1169,13:44:51,11.32,-0.01,4,4528,卖盘
1170,13:44:48,11.33,0.01,17,19261,买盘
1171,13:44:42,11.32,-0.01,22,24904,卖盘
1172,13:44:39,11.33,--,94,106502,买盘
1173,13:44:36,11.33,0.01,43,48719,买盘
1174,13:44:30,11.32,-0.01,1,1132,卖盘
1175,13:44:27,11.33,--,15,16995,买盘
1176,13:44:24,11.33,0.01,1,1133,买盘
1177,13:44:06,11.32,--,36,40752,卖盘
1178,13:44:03,11.32,--,3,3396,卖盘
1179,13:44:00,11.32,--,7,7924,卖盘
1180,13:43:57,11.32,--,25,28300,卖盘
1181,13:43:54,11.32,-0.01,47,53204,卖盘
1182,13:43:51,11.33,--,50,56650,买盘
1183,13:43:48,11.33,0.01,13,14729,买盘
1184,13:43:45,11.32,--,6,6792,卖盘
1185,13:43:42,11.32,-0.01,20,22640,卖盘
1186,13:43:39,11.33,0.01,125,141625,买盘
1187,13:43:36,11.32,-0.01,23,26036,卖盘
1188,13:43:27,11.33,--,3,3399,买盘
1189,13:43:24,11.33,0.01,14,15862,买盘
1190,13:43:15,11.32,--,6,6792,卖盘
1191,13:43:12,11.32,-0.01,19,21508,卖盘
1192,13:43:09,11.33,--,18,20394,卖盘
1193,13:43:06,11.33,--,118,133694,中性盘
1194,13:43:03,11.33,--,66,74778,买盘
1195,13:43:00,11.33,--,220,249260,卖盘
1196,13:42:57,11.33,--,233,263989,卖盘
1197,13:42:54,11.33,--,150,169950,卖盘
1198,13:42:51,11.33,-0.01,9,10197,卖盘
1199,13:42:48,11.34,--,7,7938,买盘
1200,13:42:45,11.34,--,23,26082,买盘
1201,13:42:36,11.34,--,38,43092,买盘
1202,13:42:27,11.34,--,4,4536,买盘
1203,13:42:24,11.34,0.01,3,3402,买盘
1204,13:42:18,11.33,-0.01,9,10197,卖盘
1205,13:42:09,11.34,--,37,41958,买盘
1206,13:42:03,11.34,0.01,14,15876,买盘
1207,13:42:00,11.33,--,104,117832,卖盘
1208,13:41:57,11.33,-0.01,123,139359,卖盘
1209,13:41:51,11.34,--,1,1134,买盘
1210,13:41:48,11.34,--,2,2268,买盘
1211,13:41:45,11.34,--,1,1134,买盘
1212,13:41:42,11.34,0.01,24,27216,买盘
1213,13:41:39,11.33,-0.01,37,41921,卖盘
1214,13:41:36,11.34,--,42,47628,买盘
1215,13:41:27,11.34,--,2,2268,买盘
1216,13:41:24,11.34,--,3,3402,买盘
1217,13:41:18,11.34,0.01,93,105462,买盘
1218,13:41:15,11.33,--,6,6798,卖盘
1219,13:41:12,11.33,-0.01,17,19261,卖盘
1220,13:41:09,11.34,--,73,82782,买盘
1221,13:41:06,11.34,--,21,23814,买盘
1222,13:41:03,11.34,--,2,2268,买盘
1223,13:40:48,11.34,--,6,6804,买盘
1224,13:40:45,11.34,--,15,17010,买盘
1225,13:40:42,11.34,--,24,27216,买盘
1226,13:40:36,11.34,0.01,36,40824,买盘
1227,13:40:21,11.33,--,3,3399,卖盘
1228,13:40:18,11.33,--,14,15862,卖盘
1229,13:40:15,11.33,--,5,5665,卖盘
1230,13:40:12,11.33,--,8,9064,卖盘
1231,13:40:09,11.33,-0.01,13,14729,卖盘
1232,13:40:06,11.34,--,28,31752,买盘
1233,13:40:03,11.34,--,120,136080,买盘
1234,13:39:57,11.34,0.01,18,20412,买盘
1235,13:39:54,11.33,-0.02,12,13596,卖盘
1236,13:39:48,11.35,--,3,3405,买盘
1237,13:39:45,11.35,0.02,3,3405,买盘
1238,13:39:42,11.33,-0.02,16,18128,卖盘
1239,13:39:39,11.35,0.02,62,70370,买盘
1240,13:39:36,11.33,-0.01,200,226600,卖盘
1241,13:39:33,11.34,0.01,43,48762,买盘
1242,13:39:30,11.33,--,8,9064,卖盘
1243,13:39:27,11.33,-0.02,17,19261,卖盘
1244,13:39:24,11.35,--,3,3405,买盘
1245,13:39:15,11.35,--,11,12485,买盘
1246,13:39:06,11.35,--,12,13620,买盘
1247,13:39:03,11.35,--,1,1135,买盘
1248,13:38:51,11.35,--,2,2270,买盘
1249,13:38:45,11.35,0.02,1,1135,买盘
1250,13:38:39,11.33,--,6,6798,卖盘
1251,13:38:36,11.33,-0.02,12,13596,卖盘
1252,13:38:33,11.35,--,71,80585,买盘
1253,13:38:30,11.35,0.01,107,121445,买盘
1254,13:38:27,11.34,-0.01,97,109998,中性盘
1255,13:38:15,11.35,0.02,21,23835,买盘
1256,13:38:12,11.33,--,12,13596,卖盘
1257,13:38:09,11.33,-0.01,41,46453,卖盘
1258,13:38:06,11.34,-0.01,72,81648,卖盘
1259,13:38:03,11.35,0.01,210,238350,买盘
1260,13:38:00,11.34,--,45,51030,卖盘
1261,13:37:57,11.34,-0.01,111,125874,卖盘
1262,13:37:54,11.35,--,1,1135,买盘
1263,13:37:51,11.35,--,14,15890,买盘
1264,13:37:48,11.35,--,15,17025,买盘
1265,13:37:45,11.35,0.01,2,2270,买盘
1266,13:37:42,11.34,--,220,249480,卖盘
1267,13:37:39,11.34,--,110,124740,卖盘
1268,13:37:36,11.34,--,288,326592,卖盘
1269,13:37:33,11.34,-0.01,71,80514,卖盘
1270,13:37:30,11.35,0.01,93,105555,买盘
1271,13:37:24,11.34,-0.01,87,98658,卖盘
1272,13:37:12,11.35,-0.01,7,7945,中性盘
1273,13:37:09,11.36,0.02,23,26128,买盘
1274,13:37:06,11.34,-0.02,35,39690,卖盘
1275,13:37:03,11.36,0.02,65,73840,买盘
1276,13:37:00,11.34,-0.02,85,96390,卖盘
1277,13:36:57,11.36,--,16,18176,买盘
1278,13:36:54,11.36,0.01,2,2272,买盘
1279,13:36:48,11.35,-0.01,33,37455,卖盘
1280,13:36:45,11.36,0.01,17,19312,买盘
1281,13:36:39,11.35,0.01,370,419950,买盘
1282,13:36:36,11.34,-0.01,104,117936,卖盘
1283,13:36:33,11.35,--,27,30645,买盘
1284,13:36:30,11.35,--,42,47670,买盘
1285,13:36:27,11.35,--,4,4540,买盘
1286,13:36:24,11.35,0.01,1,1135,买盘
1287,13:36:15,11.34,--,18,20412,卖盘
1288,13:36:12,11.34,--,87,98658,卖盘
1289,13:36:09,11.34,-0.01,35,39690,卖盘
1290,13:36:06,11.35,--,165,187275,买盘
1291,13:36:03,11.35,--,36,40860,买盘
1292,13:36:00,11.35,0.01,11,12485,买盘
1293,13:35:54,11.34,--,3,3402,卖盘
1294,13:35:51,11.34,--,29,32886,卖盘
1295,13:35:48,11.34,--,103,116802,卖盘
1296,13:35:45,11.34,-0.01,97,109998,卖盘
1297,13:35:42,11.35,-0.01,46,52210,卖盘
1298,13:35:36,11.36,0.01,10,11360,买盘
1299,13:35:33,11.35,-0.01,4,4540,卖盘
1300,13:35:30,11.36,--,30,34080,买盘
1301,13:35:27,11.36,--,41,46576,买盘
1302,13:35:24,11.36,--,72,81792,买盘
1303,13:35:21,11.36,--,41,46576,买盘
1304,13:35:03,11.36,0.01,80,90880,买盘
1305,13:35:00,11.35,-0.01,73,82855,卖盘
1306,13:34:48,11.36,--,2,2272,买盘
1307,13:34:45,11.36,0.01,10,11360,买盘
1308,13:34:36,11.35,-0.01,19,21565,卖盘
1309,13:34:33,11.36,0.01,82,93152,买盘
1310,13:34:30,11.35,-0.01,70,79450,卖盘
1311,13:34:27,11.36,--,34,38624,买盘
1312,13:34:24,11.36,0.01,165,187440,买盘
1313,13:34:21,11.35,--,2,2270,卖盘
1314,13:34:18,11.35,--,6,6810,卖盘
1315,13:34:09,11.35,--,5,5675,卖盘
1316,13:34:06,11.35,--,28,31780,卖盘
1317,13:34:03,11.35,--,43,48805,卖盘
1318,13:34:00,11.35,-0.01,14,15890,卖盘
1319,13:33:57,11.36,0.01,94,106784,买盘
1320,13:33:54,11.35,-0.01,23,26105,卖盘
1321,13:33:51,11.36,--,17,19312,买盘
1322,13:33:48,11.36,--,3,3408,买盘
1323,13:33:45,11.36,--,1,1136,买盘
1324,13:33:42,11.36,0.01,20,22720,买盘
1325,13:33:39,11.35,--,35,39725,卖盘
1326,13:33:36,11.35,-0.01,50,56750,卖盘
1327,13:33:33,11.36,0.01,11,12496,买盘
1328,13:33:30,11.35,-0.01,10,11350,卖盘
1329,13:33:27,11.36,0.01,26,29536,买盘
1330,13:33:24,11.35,-0.01,25,28375,卖盘
1331,13:33:21,11.36,0.01,39,44304,买盘
1332,13:33:15,11.35,--,43,48805,买盘
1333,13:33:12,11.35,0.01,154,174790,买盘
1334,13:33:09,11.34,--,198,224532,卖盘
1335,13:33:06,11.34,-0.01,89,100926,卖盘
1336,13:33:03,11.35,--,9,10215,买盘
1337,13:33:00,11.35,--,3,3405,买盘
1338,13:32:57,11.35,0.01,71,80585,买盘
1339,13:32:54,11.34,-0.01,2,2268,卖盘
1340,13:32:51,11.35,--,20,22700,买盘
1341,13:32:48,11.35,--,14,15890,买盘
1342,13:32:45,11.35,--,1,1135,买盘
1343,13:32:42,11.35,-0.01,10,11350,买盘
1344,13:32:33,11.36,0.01,17,19312,买盘
1345,13:32:27,11.35,--,7,7945,买盘
1346,13:32:24,11.35,0.01,51,57885,买盘
1347,13:32:15,11.34,-0.01,4,4536,卖盘
1348,13:32:12,11.35,--,88,99880,卖盘
1349,13:32:09,11.35,-0.01,110,124850,卖盘
1350,13:32:06,11.36,--,7,7952,买盘
1351,13:32:03,11.36,--,9,10224,买盘
1352,13:32:00,11.36,--,3,3408,买盘
1353,13:31:57,11.36,--,1,1136,买盘
1354,13:31:54,11.36,--,14,15904,买盘
1355,13:31:51,11.36,--,15,17040,买盘
1356,13:31:45,11.36,0.01,1,1136,买盘
1357,13:31:42,11.35,--,82,93070,买盘
1358,13:31:36,11.35,--,44,49940,买盘
1359,13:31:30,11.35,--,1,1135,买盘
1360,13:31:27,11.35,--,4,4540,买盘
1361,13:31:24,11.35,--,69,78315,买盘
1362,13:31:21,11.35,0.01,40,45400,买盘
1363,13:31:18,11.34,-0.01,21,23814,卖盘
1364,13:31:09,11.35,--,1,1135,买盘
1365,13:31:06,11.35,--,11,12485,买盘
1366,13:31:03,11.35,--,165,187275,买盘
1367,13:30:57,11.35,--,9,10215,买盘
1368,13:30:51,11.35,--,1,1135,买盘
1369,13:30:48,11.35,--,2,2270,买盘
1370,13:30:45,11.35,--,6,6810,买盘
1371,13:30:36,11.35,--,15,17025,买盘
1372,13:30:33,11.35,--,82,93070,买盘
1373,13:30:30,11.35,--,99,112365,买盘
1374,13:30:27,11.35,--,64,72640,买盘
1375,13:30:24,11.35,--,28,31780,买盘
1376,13:30:18,11.35,0.01,39,44265,买盘
1377,13:30:15,11.34,-0.01,6,6804,卖盘
1378,13:30:12,11.35,--,1,1135,买盘
1379,13:30:06,11.35,--,6,6810,买盘
1380,13:30:03,11.35,--,9,10215,买盘
1381,13:30:00,11.35,--,48,54480,买盘
1382,13:29:57,11.35,--,5,5675,买盘
1383,13:29:48,11.35,--,22,24970,买盘
1384,13:29:45,11.35,--,1,1135,买盘
1385,13:29:39,11.35,--,8,9080,买盘
1386,13:29:36,11.35,--,30,34050,买盘
1387,13:29:33,11.35,0.01,99,112365,买盘
1388,13:29:30,11.34,-0.01,25,28350,卖盘
1389,13:29:27,11.35,--,34,38590,买盘
1390,13:29:24,11.35,--,9,10215,买盘
1391,13:29:18,11.35,--,42,47670,买盘
1392,13:29:06,11.35,--,11,12485,买盘
1393,13:29:03,11.35,--,10,11350,买盘
1394,13:28:48,11.35,0.01,20,22700,买盘
1395,13:28:45,11.34,--,1,1134,买盘
1396,13:28:30,11.34,0.01,270,306180,买盘
1397,13:28:27,11.33,-0.01,11,12463,卖盘
1398,13:28:24,11.34,0.01,29,32886,买盘
1399,13:28:21,11.33,-0.01,2,2266,卖盘
1400,13:28:18,11.34,--,38,43092,买盘
1401,13:28:15,11.34,0.01,165,187110,买盘
1402,13:28:12,11.33,-0.01,12,13596,卖盘
1403,13:28:09,11.34,--,3,3402,买盘
1404,13:28:06,11.34,0.01,9,10206,买盘
1405,13:27:57,11.33,-0.01,30,33990,卖盘
1406,13:27:48,11.34,--,2,2268,买盘
1407,13:27:45,11.34,--,73,82782,买盘
1408,13:27:42,11.34,--,102,115668,买盘
1409,13:27:27,11.34,--,2,2268,买盘
1410,13:27:24,11.34,--,9,10206,买盘
1411,13:27:21,11.34,--,17,19278,买盘
1412,13:27:12,11.34,--,43,48762,买盘
1413,13:27:06,11.34,--,1,1134,买盘
1414,13:27:03,11.34,0.01,8,9072,买盘
1415,13:26:54,11.33,-0.01,4,4532,卖盘
1416,13:26:48,11.34,--,3,3402,买盘
1417,13:26:45,11.34,--,15,17010,买盘
1418,13:26:42,11.34,--,2,2268,买盘
1419,13:26:36,11.34,0.01,1,1134,买盘
1420,13:26:30,11.33,-0.01,8,9064,卖盘
1421,13:26:27,11.34,--,1,1134,买盘
1422,13:26:24,11.34,--,11,12474,买盘
1423,13:26:18,11.34,--,20,22680,买盘
1424,13:26:12,11.34,--,40,45360,买盘
1425,13:26:09,11.34,--,39,44226,买盘
1426,13:26:06,11.34,0.01,9,10206,买盘
1427,13:26:03,11.33,-0.01,19,21527,卖盘
1428,13:25:51,11.34,--,2,2268,买盘
1429,13:25:48,11.34,--,1,1134,买盘
1430,13:25:45,11.34,0.01,11,12474,买盘
1431,13:25:36,11.33,--,2,2266,卖盘
1432,13:25:33,11.33,--,9,10197,卖盘
1433,13:25:30,11.33,--,7,7931,卖盘
1434,13:25:27,11.33,-0.01,15,16995,卖盘
1435,13:25:24,11.34,0.01,23,26082,买盘
1436,13:25:21,11.33,-0.01,30,33990,卖盘
1437,13:25:18,11.34,0.01,26,29484,买盘
1438,13:25:12,11.33,-0.01,13,14729,卖盘
1439,13:25:09,11.34,--,39,44226,买盘
1440,13:25:06,11.34,--,11,12474,买盘
1441,13:25:03,11.34,--,1,1134,买盘
1442,13:24:57,11.34,--,14,15876,买盘
1443,13:24:54,11.34,--,1,1134,买盘
1444,13:24:51,11.34,--,78,88452,买盘
1445,13:24:48,11.34,--,2,2268,买盘
1446,13:24:45,11.34,0.01,1,1134,买盘
1447,13:24:27,11.33,-0.01,166,188078,卖盘
1448,13:24:24,11.34,--,29,32886,买盘
1449,13:24:15,11.34,--,54,61236,买盘
1450,13:24:09,11.34,0.01,36,40824,买盘
1451,13:24:06,11.33,-0.01,78,88374,卖盘
1452,13:24:03,11.34,--,1,1134,买盘
1453,13:23:51,11.34,--,24,27216,买盘
1454,13:23:48,11.34,--,18,20412,买盘
1455,13:23:45,11.34,0.01,1,1134,买盘
1456,13:23:30,11.33,-0.01,10,11330,卖盘
1457,13:23:24,11.34,-0.01,3,3402,买盘
1458,13:23:15,11.35,0.01,22,24970,买盘
1459,13:23:12,11.34,--,37,41958,买盘
1460,13:23:09,11.34,--,38,43092,买盘
1461,13:23:06,11.34,--,1,1134,买盘
1462,13:23:03,11.34,--,10,11340,买盘
1463,13:23:00,11.34,--,3,3402,买盘
1464,13:22:57,11.34,--,7,7938,买盘
1465,13:22:54,11.34,0.01,5,5670,买盘
1466,13:22:51,11.33,-0.01,10,11330,卖盘
1467,13:22:48,11.34,-0.01,3,3402,买盘
1468,13:22:45,11.35,--,1,1135,买盘
1469,13:22:42,11.35,0.01,20,22700,买盘
1470,13:22:33,11.34,--,131,148554,买盘
1471,13:22:30,11.34,0.01,82,92988,买盘
1472,13:22:24,11.33,--,3,3399,买盘
1473,13:22:15,11.33,--,10,11330,买盘
1474,13:22:12,11.33,--,20,22660,买盘
1475,13:22:06,11.33,--,60,67980,买盘
1476,13:22:03,11.33,--,42,47586,买盘
1477,13:21:48,11.33,--,4,4532,买盘
1478,13:21:45,11.33,--,80,90640,买盘
1479,13:21:42,11.33,--,2,2266,买盘
1480,13:21:27,11.33,--,5,5665,买盘
1481,13:21:24,11.33,--,2,2266,买盘
1482,13:21:15,11.33,--,15,16995,买盘
1483,13:21:12,11.33,--,73,82709,买盘
1484,13:21:09,11.33,--,42,47586,买盘
1485,13:21:06,11.33,--,11,12463,买盘
1486,13:21:03,11.33,--,1,1133,买盘
1487,13:20:51,11.33,--,2,2266,买盘
1488,13:20:48,11.33,--,1,1133,买盘
1489,13:20:45,11.33,--,1,1133,买盘
1490,13:20:42,11.33,--,2,2266,买盘
1491,13:20:36,11.33,--,44,49852,买盘
1492,13:20:27,11.33,0.01,1,1133,买盘
1493,13:20:24,11.32,-0.01,5,5660,卖盘
1494,13:20:15,11.33,--,71,80443,买盘
1495,13:20:12,11.33,--,8,9064,买盘
1496,13:20:09,11.33,0.01,27,30591,买盘
1497,13:20:06,11.32,-0.01,21,23772,卖盘
1498,13:20:03,11.33,--,50,56650,买盘
1499,13:20:00,11.33,--,2,2266,买盘
1500,13:19:57,11.33,0.01,3,3399,买盘
1501,13:19:51,11.32,--,5,5660,卖盘
1502,13:19:48,11.32,-0.01,3,3396,卖盘
1503,13:19:45,11.33,--,38,43054,买盘
1504,13:19:42,11.33,--,2,2266,买盘
1505,13:19:39,11.33,--,1,1133,买盘
1506,13:19:36,11.33,0.01,1,1133,买盘
1507,13:19:33,11.32,--,16,18112,卖盘
1508,13:19:30,11.32,-0.01,59,66788,卖盘
1509,13:19:27,11.33,--,22,24926,买盘
1510,13:19:24,11.33,0.01,25,28325,买盘
1511,13:19:21,11.32,-0.01,1,1132,卖盘
1512,13:19:18,11.33,--,28,31724,买盘
1513,13:19:15,11.33,0.01,167,189211,买盘
1514,13:19:12,11.32,--,11,12452,卖盘
1515,13:19:09,11.32,-0.02,56,63392,卖盘
1516,13:19:06,11.34,-0.01,30,34020,中性盘
1517,13:19:03,11.35,--,2,2270,买盘
1518,13:19:00,11.35,0.03,80,90800,买盘
1519,13:18:54,11.32,-0.03,327,370164,卖盘
1520,13:18:51,11.35,--,2,2270,买盘
1521,13:18:48,11.35,--,3,3405,买盘
1522,13:18:42,11.35,--,2,2270,买盘
1523,13:18:39,11.35,0.01,13,14755,买盘
1524,13:18:33,11.34,-0.01,50,56700,卖盘
1525,13:18:30,11.35,0.01,1,1135,买盘
1526,13:18:27,11.34,--,50,56700,卖盘
1527,13:18:24,11.34,--,8,9072,买盘
1528,13:18:21,11.34,--,48,54432,卖盘
1529,13:18:15,11.34,--,44,49896,买盘
1530,13:18:09,11.34,-0.01,5,5670,买盘
1531,13:18:06,11.35,0.01,33,37455,买盘
1532,13:18:03,11.34,--,1,1134,买盘
1533,13:18:00,11.34,--,40,45360,买盘
1534,13:17:54,11.34,--,4,4536,买盘
1535,13:17:48,11.34,--,3,3402,买盘
1536,13:17:27,11.34,--,2,2268,买盘
1537,13:17:24,11.34,--,3,3402,买盘
1538,13:17:18,11.34,0.01,71,80514,买盘
1539,13:17:15,11.33,--,2,2266,卖盘
1540,13:17:12,11.33,-0.01,11,12463,卖盘
1541,13:17:09,11.34,--,2,2268,买盘
1542,13:17:03,11.34,0.01,28,31752,买盘
1543,13:17:00,11.33,0.01,63,71379,买盘
1544,13:16:57,11.32,--,30,33960,买盘
1545,13:16:54,11.32,--,8,9056,买盘
1546,13:16:51,11.32,0.01,15,16980,买盘
1547,13:16:36,11.31,-0.01,9,10179,卖盘
1548,13:16:33,11.32,--,44,49808,买盘
1549,13:16:30,11.32,--,4,4528,买盘
1550,13:16:27,11.32,--,3,3396,买盘
1551,13:16:24,11.32,--,2,2264,买盘
1552,13:16:21,11.32,0.01,1,1132,买盘
1553,13:16:15,11.31,-0.01,5,5655,卖盘
1554,13:16:12,11.32,0.01,23,26036,买盘
1555,13:16:09,11.31,-0.01,6,6786,卖盘
1556,13:16:06,11.32,--,39,44148,买盘
1557,13:16:03,11.32,--,22,24904,买盘
1558,13:16:00,11.32,0.01,61,69052,买盘
1559,13:15:57,11.31,--,5,5655,卖盘
1560,13:15:54,11.31,-0.01,33,37323,卖盘
1561,13:15:51,11.32,--,21,23772,买盘
1562,13:15:48,11.32,--,2,2264,买盘
1563,13:15:45,11.32,0.01,1,1132,买盘
1564,13:15:42,11.31,--,3,3393,卖盘
1565,13:15:39,11.31,-0.01,24,27144,卖盘
1566,13:15:36,11.32,0.01,11,12452,买盘
1567,13:15:33,11.31,-0.01,8,9048,卖盘
1568,13:15:30,11.32,--,45,50940,买盘
1569,13:15:27,11.32,--,4,4528,买盘
1570,13:15:24,11.32,0.01,1,1132,买盘
1571,13:15:15,11.31,-0.01,1,1131,卖盘
1572,13:15:12,11.32,--,37,41884,买盘
1573,13:15:03,11.32,--,131,148292,买盘
1574,13:15:00,11.32,0.02,4,4528,买盘
1575,13:14:57,11.3,--,11,12430,卖盘
1576,13:14:54,11.3,--,82,92660,卖盘
1577,13:14:51,11.3,-0.02,85,96050,卖盘
1578,13:14:48,11.32,--,2,2264,买盘
1579,13:14:45,11.32,0.02,7,7924,买盘
1580,13:14:42,11.3,-0.02,24,27120,卖盘
1581,13:14:39,11.32,--,23,26036,买盘
1582,13:14:36,11.32,0.01,239,270548,买盘
1583,13:14:33,11.31,-0.01,201,227331,卖盘
1584,13:14:30,11.32,--,5,5660,买盘
1585,13:14:27,11.32,--,14,15848,买盘
1586,13:14:24,11.32,--,77,87164,买盘
1587,13:14:21,11.32,0.01,32,36224,买盘
1588,13:14:18,11.31,--,74,83694,卖盘
1589,13:14:06,11.31,-0.01,1,1131,卖盘
1590,13:14:03,11.32,0.01,9,10188,买盘
1591,13:14:00,11.31,-0.01,5,5655,卖盘
1592,13:13:57,11.32,0.01,24,27168,买盘
1593,13:13:54,11.31,-0.01,32,36192,卖盘
1594,13:13:51,11.32,--,46,52072,买盘
1595,13:13:48,11.32,--,21,23772,买盘
1596,13:13:45,11.32,0.01,1,1132,买盘
1597,13:13:36,11.31,-0.01,4,4524,卖盘
1598,13:13:33,11.32,0.01,7,7924,买盘
1599,13:13:30,11.31,-0.01,2,2262,卖盘
1600,13:13:27,11.32,--,3,3396,买盘
1601,13:13:24,11.32,0.01,1,1132,买盘
1602,13:13:09,11.31,-0.01,4,4524,卖盘
1603,13:13:06,11.32,--,18,20376,买盘
1604,13:13:03,11.32,0.01,9,10188,买盘
1605,13:13:00,11.31,-0.01,6,6786,卖盘
1606,13:12:57,11.32,0.01,20,22640,买盘
1607,13:12:54,11.31,-0.01,8,9048,卖盘
1608,13:12:51,11.32,--,42,47544,买盘
1609,13:12:48,11.32,--,2,2264,买盘
1610,13:12:45,11.32,0.01,1,1132,买盘
1611,13:12:30,11.31,--,5,5655,卖盘
1612,13:12:27,11.31,--,1,1131,卖盘
1613,13:12:18,11.31,--,9,10179,卖盘
1614,13:12:15,11.31,--,50,56550,卖盘
1615,13:12:12,11.31,-0.01,7,7917,卖盘
1616,13:12:09,11.32,--,38,43016,买盘
1617,13:12:06,11.32,--,14,15848,买盘
1618,13:12:03,11.32,--,73,82636,买盘
1619,13:12:00,11.32,-0.01,70,79240,卖盘
1620,13:11:57,11.33,--,23,26059,买盘
1621,13:11:51,11.33,0.01,37,41921,买盘
1622,13:11:48,11.32,-0.01,1,1132,买盘
1623,13:11:45,11.33,--,98,111034,买盘
1624,13:11:42,11.33,0.01,26,29458,买盘
1625,13:11:39,11.32,--,250,283000,卖盘
1626,13:11:36,11.32,-0.01,11,12452,卖盘
1627,13:11:27,11.33,--,2,2266,买盘
1628,13:11:24,11.33,--,1,1133,买盘
1629,13:11:21,11.33,--,5,5665,买盘
1630,13:11:18,11.33,--,15,16995,买盘
1631,13:11:06,11.33,0.01,9,10197,买盘
1632,13:11:00,11.32,--,5,5660,卖盘
1633,13:10:57,11.32,-0.01,5,5660,卖盘
1634,13:10:54,11.33,--,25,28325,买盘
1635,13:10:51,11.33,--,38,43054,买盘
1636,13:10:48,11.33,--,2,2266,买盘
1637,13:10:45,11.33,0.01,1,1133,买盘
1638,13:10:39,11.32,-0.01,1,1132,卖盘
1639,13:10:30,11.33,0.01,2,2266,买盘
1640,13:10:24,11.32,--,11,12452,卖盘
1641,13:10:21,11.32,-0.02,18,20376,卖盘
1642,13:10:18,11.34,0.01,97,109998,买盘
1643,13:10:15,11.33,-0.01,500,566500,卖盘
1644,13:10:12,11.34,--,1,1134,买盘
1645,13:10:06,11.34,--,1,1134,买盘
1646,13:10:03,11.34,0.01,12,13608,买盘
1647,13:10:00,11.33,--,5,5665,卖盘
1648,13:09:57,11.33,--,12,13596,卖盘
1649,13:09:54,11.33,-0.01,325,368225,卖盘
1650,13:09:51,11.34,0.01,19,21546,买盘
1651,13:09:48,11.33,--,157,177881,卖盘
1652,13:09:45,11.33,-0.01,20,22660,卖盘
1653,13:09:39,11.34,0.01,13,14742,买盘
1654,13:09:36,11.33,-0.01,220,249260,卖盘
1655,13:09:24,11.34,0.01,1,1134,买盘
1656,13:09:15,11.33,--,50,56650,卖盘
1657,13:09:12,11.33,-0.01,2,2266,卖盘
1658,13:09:09,11.34,--,16,18144,买盘
1659,13:09:06,11.34,--,1,1134,买盘
1660,13:09:03,11.34,--,24,27216,买盘
1661,13:09:00,11.34,--,72,81648,买盘
1662,13:08:57,11.34,0.01,8,9072,买盘
1663,13:08:54,11.33,-0.01,13,14729,卖盘
1664,13:08:51,11.34,0.01,46,52164,买盘
1665,13:08:48,11.33,--,41,46453,卖盘
1666,13:08:45,11.33,--,41,46453,卖盘
1667,13:08:42,11.33,--,211,239063,卖盘
1668,13:08:30,11.33,--,3,3399,卖盘
1669,13:08:27,11.33,-0.01,14,15862,卖盘
1670,13:08:24,11.34,0.01,2,2268,买盘
1671,13:08:21,11.33,--,18,20394,卖盘
1672,13:08:18,11.33,--,94,106502,卖盘
1673,13:08:12,11.33,--,5,5665,卖盘
1674,13:08:09,11.33,-0.01,1,1133,卖盘
1675,13:08:06,11.34,--,16,18144,买盘
1676,13:08:03,11.34,--,9,10206,买盘
1677,13:08:00,11.34,0.01,11,12474,买盘
1678,13:07:57,11.33,-0.01,13,14729,卖盘
1679,13:07:54,11.34,--,10,11340,买盘
1680,13:07:51,11.34,0.01,20,22680,买盘
1681,13:07:48,11.33,--,5,5665,卖盘
1682,13:07:45,11.33,-0.01,3,3399,卖盘
1683,13:07:42,11.34,0.01,45,51030,买盘
1684,13:07:39,11.33,-0.01,1,1133,卖盘
1685,13:07:36,11.34,-0.01,202,229068,卖盘
1686,13:07:33,11.35,--,28,31780,买盘
1687,13:07:27,11.35,--,1,1135,买盘
1688,13:07:24,11.35,--,19,21565,买盘
1689,13:07:21,11.35,--,1,1135,买盘
1690,13:07:18,11.35,--,529,600415,买盘
1691,13:07:12,11.35,--,15,17025,买盘
1692,13:07:09,11.35,0.01,10,11350,买盘
1693,13:07:06,11.34,-0.01,4,4536,卖盘
1694,13:07:03,11.35,--,11,12485,买盘
1695,13:07:00,11.35,--,2,2270,买盘
1696,13:06:57,11.35,--,18,20430,买盘
1697,13:06:51,11.35,--,2,2270,买盘
1698,13:06:48,11.35,--,58,65830,买盘
1699,13:06:45,11.35,--,22,24970,买盘
1700,13:06:42,11.35,--,49,55615,买盘
1701,13:06:36,11.35,--,2,2270,买盘
1702,13:06:27,11.35,--,2,2270,买盘
1703,13:06:24,11.35,0.02,18,20430,买盘
1704,13:06:21,11.33,-0.02,5,5665,卖盘
1705,13:06:12,11.35,--,1,1135,买盘
1706,13:06:09,11.35,--,14,15890,买盘
1707,13:06:06,11.35,--,1,1135,买盘
1708,13:06:03,11.35,-0.01,10,11350,买盘
1709,13:06:00,11.36,0.03,72,81792,买盘
1710,13:05:57,11.33,-0.02,27,30591,卖盘
1711,13:05:54,11.35,--,12,13620,买盘
1712,13:05:48,11.35,--,2,2270,买盘
1713,13:05:45,11.35,0.01,23,26105,买盘
1714,13:05:39,11.34,-0.01,56,63504,卖盘
1715,13:05:36,11.35,0.01,3,3405,买盘
1716,13:05:33,11.34,--,5,5670,卖盘
1717,13:05:30,11.34,--,13,14742,卖盘
1718,13:05:27,11.34,--,31,35154,卖盘
1719,13:05:24,11.34,-0.01,7,7938,卖盘
1720,13:05:21,11.35,0.01,33,37455,买盘
1721,13:05:12,11.34,0.01,10,11340,卖盘
1722,13:05:09,11.33,--,10,11330,卖盘
1723,13:05:06,11.33,-0.02,21,23793,卖盘
1724,13:05:03,11.35,--,10,11350,买盘
1725,13:04:57,11.35,0.01,17,19295,买盘
1726,13:04:54,11.34,--,37,43069,卖盘
1727,13:04:48,11.34,--,2,2268,卖盘
1728,13:04:45,11.34,--,49,55588,买盘
1729,13:04:42,11.34,0.01,23,26082,买盘
1730,13:04:39,11.33,0.01,41,46453,买盘
1731,13:04:33,11.32,--,9,10188,卖盘
1732,13:04:30,11.32,--,86,97352,卖盘
1733,13:04:27,11.32,-0.01,12,13584,卖盘
1734,13:04:24,11.33,--,16,18128,买盘
1735,13:04:18,11.33,--,1,1133,买盘
1736,13:04:03,11.33,0.01,8,9064,买盘
1737,13:03:57,11.32,-0.01,2,2264,卖盘
1738,13:03:54,11.33,--,20,22660,卖盘
1739,13:03:51,11.33,-0.01,5,5665,卖盘
1740,13:03:48,11.34,--,19,21546,买盘
1741,13:03:45,11.34,0.01,1,1134,买盘
1742,13:03:42,11.33,--,3,3399,卖盘
1743,13:03:39,11.33,0.01,25,28325,买盘
1744,13:03:36,11.32,--,1,1132,买盘
1745,13:03:33,11.32,--,15,16980,买盘
1746,13:03:30,11.32,--,73,82636,买盘
1747,13:03:27,11.32,--,2,2264,买盘
1748,13:03:12,11.32,--,15,16980,买盘
1749,13:03:09,11.32,--,3,3396,买盘
1750,13:03:06,11.32,--,1,1132,买盘
1751,13:03:03,11.32,0.01,8,9056,买盘
1752,13:02:54,11.31,-0.01,2,2262,卖盘
1753,13:02:51,11.32,--,24,27168,买盘
1754,13:02:48,11.32,--,504,570528,买盘
1755,13:02:45,11.32,--,28,31696,买盘
1756,13:02:42,11.32,0.01,37,41884,买盘
1757,13:02:33,11.31,--,1,1131,卖盘
1758,13:02:30,11.31,--,1,1131,卖盘
1759,13:02:18,11.31,--,5,5655,卖盘
1760,13:02:15,11.31,--,20,22620,卖盘
1761,13:02:12,11.31,--,8,9048,卖盘
1762,13:02:09,11.31,-0.01,49,55419,卖盘
1763,13:02:06,11.32,--,11,12452,买盘
1764,13:02:03,11.32,0.01,125,141500,买盘
1765,13:02:00,11.31,--,404,456924,卖盘
1766,13:01:57,11.31,--,20,22620,卖盘
1767,13:01:48,11.31,-0.01,3,3393,卖盘
1768,13:01:45,11.32,0.01,18,20376,买盘
1769,13:01:42,11.31,-0.01,1,1131,卖盘
1770,13:01:39,11.32,--,10,11320,买盘
1771,13:01:36,11.32,--,33,37356,买盘
1772,13:01:33,11.32,--,257,290924,买盘
1773,13:01:30,11.32,-0.01,1568,1776062,卖盘
1774,13:01:24,11.33,--,468,530244,买盘
1775,13:01:15,11.33,0.01,19,21527,买盘
1776,13:01:12,11.32,-0.01,40,45280,卖盘
1777,13:01:09,11.33,-0.01,268,303644,卖盘
1778,13:01:06,11.34,--,34,38556,买盘
1779,13:01:03,11.34,0.01,8,9072,买盘
1780,13:01:00,11.33,--,1,1133,卖盘
1781,13:00:57,11.33,--,6,6798,卖盘
1782,13:00:54,11.33,-0.01,3,3399,卖盘
1783,13:00:51,11.34,--,16,18144,买盘
1784,13:00:48,11.34,--,25,28350,买盘
1785,13:00:45,11.34,--,81,91854,买盘
1786,13:00:39,11.34,0.01,22,24948,买盘
1787,13:00:36,11.33,--,7,7931,卖盘
1788,13:00:33,11.33,-0.01,11,12463,卖盘
1789,13:00:30,11.34,--,59,66906,买盘
1790,13:00:27,11.34,--,7,7938,买盘
1791,13:00:24,11.34,--,1,1134,买盘
1792,13:00:21,11.34,0.01,71,80514,买盘
1793,13:00:12,11.33,--,2,2266,卖盘
1794,13:00:09,11.33,--,17,19261,卖盘
1795,13:00:06,11.33,--,37,41921,卖盘
1796,13:00:03,11.33,--,187,211871,买盘
1797,13:00:00,11.33,--,0,0,买盘
1798,11:30:00,11.33,--,0,0,买盘
1799,11:29:51,11.33,0.01,1,1133,买盘
1800,11:29:45,11.32,-0.01,4,4528,卖盘
1801,11:29:42,11.33,--,22,25197,买盘
1802,11:29:36,11.33,--,38,43054,买盘
1803,11:29:33,11.33,--,14,15862,买盘
1804,11:29:27,11.33,--,2,2266,买盘
1805,11:29:24,11.33,0.01,1,1133,买盘
1806,11:29:18,11.32,--,1,1132,卖盘
1807,11:29:15,11.32,-0.01,4,4528,卖盘
1808,11:29:12,11.33,--,2,2266,买盘
1809,11:29:06,11.33,0.01,1,1133,买盘
1810,11:28:54,11.32,--,2,2264,卖盘
1811,11:28:51,11.32,--,11,12452,卖盘
1812,11:28:48,11.32,--,5,5660,卖盘
1813,11:28:45,11.32,-0.01,4,4528,卖盘
1814,11:28:42,11.33,--,28,31724,买盘
1815,11:28:39,11.33,--,132,149556,买盘
1816,11:28:36,11.33,--,53,60049,买盘
1817,11:28:27,11.33,--,2,2266,买盘
1818,11:28:24,11.33,0.01,5,5665,买盘
1819,11:28:21,11.32,-0.01,11,12452,卖盘
1820,11:28:18,11.33,--,12,13596,买盘
1821,11:28:09,11.33,0.01,6,6798,买盘
1822,11:28:06,11.32,-0.01,2,2264,卖盘
1823,11:28:03,11.33,--,6,6798,买盘
1824,11:28:00,11.33,--,38,43054,买盘
1825,11:27:57,11.33,--,141,159753,卖盘
1826,11:27:51,11.33,--,15,16995,卖盘
1827,11:27:45,11.33,--,13,14729,卖盘
1828,11:27:42,11.33,-0.01,36,40788,卖盘
1829,11:27:39,11.34,0.01,22,24948,买盘
1830,11:27:36,11.33,--,5,5665,卖盘
1831,11:27:33,11.33,-0.01,2,2266,卖盘
1832,11:27:30,11.34,--,38,43092,买盘
1833,11:27:27,11.34,--,1,1134,买盘
1834,11:27:24,11.34,0.01,5,5670,买盘
1835,11:27:15,11.33,--,6,6798,卖盘
1836,11:27:09,11.33,-0.01,14,15862,卖盘
1837,11:27:06,11.34,--,2,2268,买盘
1838,11:27:03,11.34,--,1,1134,买盘
1839,11:26:48,11.34,--,3,3402,买盘
1840,11:26:45,11.34,0.01,1,1134,买盘
1841,11:26:42,11.33,--,39,44187,卖盘
1842,11:26:39,11.33,--,265,300245,卖盘
1843,11:26:36,11.33,-0.01,227,257191,卖盘
1844,11:26:30,11.34,--,214,242676,买盘
1845,11:26:27,11.34,--,1,1134,买盘
1846,11:26:24,11.34,0.01,3,3402,买盘
1847,11:26:18,11.33,-0.01,3,3399,卖盘
1848,11:26:15,11.34,--,5,5670,买盘
1849,11:26:12,11.34,--,18,20412,买盘
1850,11:26:09,11.34,--,7,7938,买盘
1851,11:26:06,11.34,--,17,19278,买盘
1852,11:26:03,11.34,--,2,2268,买盘
1853,11:26:00,11.34,--,7,7938,买盘
1854,11:25:57,11.34,0.01,95,107730,买盘
1855,11:25:54,11.33,--,26,29458,卖盘
1856,11:25:48,11.33,--,6,6798,卖盘
1857,11:25:45,11.33,--,45,50985,卖盘
1858,11:25:42,11.33,--,110,124630,卖盘
1859,11:25:39,11.33,-0.01,123,139359,卖盘
1860,11:25:36,11.34,--,21,23814,买盘
1861,11:25:24,11.34,0.01,50,56700,买盘
1862,11:25:18,11.33,--,8,9064,卖盘
1863,11:25:15,11.33,--,43,48719,卖盘
1864,11:25:12,11.33,--,13,14729,卖盘
1865,11:25:09,11.33,-0.01,1,1133,卖盘
1866,11:25:06,11.34,--,17,19278,买盘
1867,11:25:03,11.34,--,32,36288,买盘
1868,11:25:00,11.34,0.01,26,29484,买盘
1869,11:24:57,11.33,--,11,12463,卖盘
1870,11:24:54,11.33,--,23,26059,卖盘
1871,11:24:51,11.33,-0.01,12,13596,卖盘
1872,11:24:48,11.34,--,3,3402,买盘
1873,11:24:45,11.34,0.01,1,1134,买盘
1874,11:24:42,11.33,-0.01,111,125763,卖盘
1875,11:24:39,11.34,--,19,21546,买盘
1876,11:24:33,11.34,--,1,1134,买盘
1877,11:24:30,11.34,--,4,4536,买盘
1878,11:24:27,11.34,0.01,42,47628,买盘
1879,11:24:24,11.33,-0.01,43,48719,卖盘
1880,11:24:21,11.34,--,3,3402,买盘
1881,11:24:12,11.34,--,3,3402,买盘
1882,11:24:06,11.34,--,1,1134,买盘
1883,11:24:03,11.34,0.01,29,32886,买盘
1884,11:24:00,11.33,-0.01,64,72512,卖盘
1885,11:23:57,11.34,0.01,42,47628,买盘
1886,11:23:54,11.33,-0.01,129,146157,卖盘
1887,11:23:51,11.34,0.01,24,27216,买盘
1888,11:23:48,11.33,-0.01,2,2266,卖盘
1889,11:23:45,11.34,--,1,1134,买盘
1890,11:23:39,11.34,--,86,97524,买盘
1891,11:23:36,11.34,--,19,21546,买盘
1892,11:23:30,11.34,--,10,11340,买盘
1893,11:23:27,11.34,--,13,14742,买盘
1894,11:23:24,11.34,--,5,5670,买盘
1895,11:23:21,11.34,--,42,47628,买盘
1896,11:23:15,11.34,-0.01,156,176904,卖盘
1897,11:23:09,11.35,--,10,11350,买盘
1898,11:23:06,11.35,--,2,2270,买盘
1899,11:23:03,11.35,--,3,3405,买盘
1900,11:22:57,11.35,0.01,18,20430,买盘
1901,11:22:54,11.34,-0.01,19,21546,买盘
1902,11:22:48,11.35,--,2,2270,买盘
1903,11:22:45,11.35,0.01,1,1135,买盘
1904,11:22:42,11.34,-0.01,26,29484,卖盘
1905,11:22:39,11.35,--,202,229270,买盘
1906,11:22:30,11.35,0.02,19,21565,买盘
1907,11:22:27,11.33,-0.01,55,62315,卖盘
1908,11:22:24,11.34,--,30,34020,买盘
1909,11:22:21,11.34,--,1,1134,买盘
1910,11:22:18,11.34,--,1,1134,买盘
1911,11:22:12,11.34,0.01,1,1134,买盘
1912,11:22:06,11.33,--,4,4532,卖盘
1913,11:22:03,11.33,--,13,14729,卖盘
1914,11:22:00,11.33,-0.01,21,23793,卖盘
1915,11:21:48,11.34,--,2,2268,买盘
1916,11:21:45,11.34,--,9,10206,买盘
1917,11:21:42,11.34,--,18,20412,买盘
1918,11:21:36,11.34,--,71,80514,买盘
1919,11:21:33,11.34,--,1,1134,买盘
1920,11:21:30,11.34,--,22,24948,买盘
1921,11:21:27,11.34,--,9,10206,买盘
1922,11:21:24,11.34,0.01,47,53298,买盘
1923,11:21:21,11.33,--,23,26059,卖盘
1924,11:21:15,11.33,--,12,13596,卖盘
1925,11:21:06,11.33,-0.01,43,48719,卖盘
1926,11:21:03,11.34,--,2,2268,买盘
1927,11:20:57,11.34,--,11,12474,买盘
1928,11:20:54,11.34,--,6,6804,买盘
1929,11:20:51,11.34,--,27,30618,买盘
1930,11:20:48,11.34,--,29,32886,买盘
1931,11:20:45,11.34,--,22,24948,买盘
1932,11:20:42,11.34,--,7,7938,买盘
1933,11:20:30,11.34,--,17,19278,买盘
1934,11:20:27,11.34,--,1,1134,买盘
1935,11:20:24,11.34,--,58,65772,买盘
1936,11:20:21,11.34,--,1,1134,买盘
1937,11:20:18,11.34,--,5,5670,买盘
1938,11:20:15,11.34,--,93,105462,买盘
1939,11:20:12,11.34,0.01,1,1134,买盘
1940,11:20:06,11.33,-0.01,3,3399,卖盘
1941,11:20:03,11.34,--,17,19278,买盘
1942,11:20:00,11.34,--,88,99792,买盘
1943,11:19:57,11.34,--,3,3402,买盘
1944,11:19:48,11.34,--,1,1134,买盘
1945,11:19:45,11.34,--,2,2268,买盘
1946,11:19:33,11.34,0.01,90,102060,买盘
1947,11:19:27,11.33,--,147,166551,买盘
1948,11:19:24,11.33,0.01,46,52118,买盘
1949,11:19:21,11.32,--,68,76976,卖盘
1950,11:19:18,11.32,-0.01,43,48676,卖盘
1951,11:19:15,11.33,--,20,22660,买盘
1952,11:19:06,11.33,--,2,2266,买盘
1953,11:19:03,11.33,--,2,2266,买盘
1954,11:18:54,11.33,--,20,22660,买盘
1955,11:18:48,11.33,--,8,9064,买盘
1956,11:18:45,11.33,0.01,15,16995,买盘
1957,11:18:42,11.32,-0.01,0,905,卖盘
1958,11:18:39,11.33,--,17,19261,买盘
1959,11:18:27,11.33,--,92,104236,买盘
1960,11:18:24,11.33,0.01,1,1133,买盘
1961,11:18:15,11.32,--,57,64524,卖盘
1962,11:18:12,11.32,-0.01,1,1132,卖盘
1963,11:18:03,11.33,--,3,3399,买盘
1964,11:18:00,11.33,--,7,7931,买盘
1965,11:17:57,11.33,--,1,1133,买盘
1966,11:17:48,11.33,--,42,47586,买盘
1967,11:17:45,11.33,--,1,1133,买盘
1968,11:17:27,11.33,--,1,1133,买盘
1969,11:17:24,11.33,0.01,23,26059,买盘
1970,11:17:15,11.32,-0.01,13,14716,卖盘
1971,11:17:12,11.33,--,99,112167,买盘
1972,11:17:06,11.33,--,7,7931,买盘
1973,11:17:03,11.33,--,3,3399,买盘
1974,11:16:57,11.33,--,4,4532,买盘
1975,11:16:51,11.33,--,71,80443,买盘
1976,11:16:48,11.33,--,2,2266,买盘
1977,11:16:45,11.33,0.01,61,69113,买盘
1978,11:16:39,11.32,-0.01,2,2264,卖盘
1979,11:16:33,11.33,0.01,4,4532,买盘
1980,11:16:30,11.32,-0.01,8,9056,卖盘
1981,11:16:27,11.33,--,4,4532,买盘
1982,11:16:24,11.33,--,37,41921,买盘
1983,11:16:15,11.33,--,43,48719,买盘
1984,11:16:09,11.33,--,29,32857,买盘
1985,11:16:03,11.33,--,19,21527,买盘
1986,11:15:51,11.33,--,1,1133,买盘
1987,11:15:48,11.33,--,17,19261,买盘
1988,11:15:45,11.33,--,1,1133,买盘
1989,11:15:33,11.33,--,107,121231,买盘
1990,11:15:27,11.33,--,72,81576,买盘
1991,11:15:24,11.33,--,21,23793,买盘
1992,11:15:18,11.33,--,39,44187,买盘
1993,11:15:15,11.33,--,10,11330,买盘
1994,11:15:06,11.33,0.01,1,1133,买盘
1995,11:15:03,11.32,--,63,71316,卖盘
1996,11:15:00,11.32,-0.01,22,24904,卖盘
1997,11:14:48,11.33,-0.01,1,1133,卖盘
1998,11:14:45,11.34,0.02,10,11340,买盘
1999,11:14:42,11.32,-0.01,24,27168,卖盘
2000,11:14:39,11.33,--,50,56650,卖盘
2001,11:14:36,11.33,--,13,14729,卖盘
2002,11:14:33,11.33,--,42,47586,买盘
2003,11:14:30,11.33,--,14,15862,买盘
2004,11:14:27,11.33,--,45,50985,卖盘
2005,11:14:24,11.33,-0.01,224,253792,卖盘
2006,11:14:21,11.34,--,72,81648,买盘
2007,11:14:18,11.34,--,12,13608,买盘
2008,11:14:15,11.34,0.01,38,43092,买盘
2009,11:14:12,11.33,--,46,52118,卖盘
2010,11:14:09,11.33,--,3,3399,卖盘
2011,11:14:06,11.33,-0.01,66,74778,卖盘
2012,11:14:03,11.34,--,3,3402,买盘
2013,11:14:00,11.34,--,1,1134,买盘
2014,11:13:57,11.34,0.01,29,32886,买盘
2015,11:13:54,11.33,-0.01,3,3399,卖盘
2016,11:13:48,11.34,--,3,3402,买盘
2017,11:13:45,11.34,0.01,12,13608,买盘
2018,11:13:42,11.33,--,49,55517,买盘
2019,11:13:39,11.33,--,41,46453,买盘
2020,11:13:30,11.33,--,101,114433,买盘
2021,11:13:27,11.33,--,2,2266,买盘
2022,11:13:24,11.33,--,3,3399,买盘
2023,11:13:21,11.33,--,20,22660,买盘
2024,11:13:15,11.33,--,21,23793,买盘
2025,11:13:12,11.33,--,20,22660,买盘
2026,11:13:09,11.33,--,55,62315,买盘
2027,11:13:06,11.33,0.01,1,1133,买盘
2028,11:13:00,11.32,--,20,22640,卖盘
2029,11:12:57,11.32,--,9,10188,卖盘
2030,11:12:54,11.32,0.01,24,27168,卖盘
2031,11:12:48,11.31,-0.01,19,21489,卖盘
2032,11:12:39,11.32,--,47,53204,买盘
2033,11:12:33,11.32,--,40,45280,买盘
2034,11:12:27,11.32,--,32,36224,买盘
2035,11:12:24,11.32,0.01,3,3396,买盘
2036,11:12:21,11.31,--,15,16965,卖盘
2037,11:12:15,11.31,-0.01,58,65598,卖盘
2038,11:12:12,11.32,-0.01,11,12452,卖盘
2039,11:12:06,11.33,--,42,47586,买盘
2040,11:12:03,11.33,0.01,75,84975,买盘
2041,11:12:00,11.32,-0.01,15,16980,卖盘
2042,11:11:51,11.33,0.01,3,3399,买盘
2043,11:11:48,11.32,-0.01,41,46412,卖盘
2044,11:11:45,11.33,0.01,155,175615,买盘
2045,11:11:42,11.32,--,124,140368,卖盘
2046,11:11:39,11.32,--,2,2264,卖盘
2047,11:11:36,11.32,--,12,13584,卖盘
2048,11:11:27,11.32,-0.01,1,1132,卖盘
2049,11:11:24,11.33,0.01,12,13596,买盘
2050,11:11:21,11.32,--,31,35092,卖盘
2051,11:11:18,11.32,--,2,2264,卖盘
2052,11:11:15,11.32,--,22,24904,卖盘
2053,11:11:12,11.32,--,16,18112,卖盘
2054,11:11:09,11.32,-0.01,36,40752,卖盘
2055,11:11:06,11.33,0.01,63,71379,买盘
2056,11:11:03,11.32,--,10,11320,卖盘
2057,11:10:57,11.32,--,4,4528,卖盘
2058,11:10:54,11.32,-0.01,30,33960,卖盘
2059,11:10:51,11.33,--,1,1133,买盘
2060,11:10:48,11.33,0.01,1,1133,买盘
2061,11:10:39,11.32,-0.01,3,3396,卖盘
2062,11:10:36,11.33,0.01,24,27192,买盘
2063,11:10:33,11.32,-0.01,1,1132,卖盘
2064,11:10:30,11.33,--,10,11330,买盘
2065,11:10:27,11.33,--,5,5665,买盘
2066,11:10:24,11.33,--,1,1133,买盘
2067,11:10:21,11.33,0.01,4,4532,买盘
2068,11:10:18,11.32,-0.01,20,22640,卖盘
2069,11:10:15,11.33,--,20,22660,买盘
2070,11:10:12,11.33,0.02,1,1133,买盘
2071,11:10:09,11.31,-0.02,37,41847,卖盘
2072,11:10:06,11.33,--,257,291181,买盘
2073,11:10:03,11.33,0.01,41,46453,买盘
2074,11:10:00,11.32,--,13,14716,卖盘
2075,11:09:57,11.32,--,27,30564,卖盘
2076,11:09:54,11.32,-0.01,31,35092,卖盘
2077,11:09:45,11.33,--,2,2266,买盘
2078,11:09:42,11.33,0.01,102,115566,买盘
2079,11:09:39,11.32,-0.01,9,10188,卖盘
2080,11:09:27,11.33,--,1,1133,买盘
2081,11:09:24,11.33,--,13,14729,买盘
2082,11:09:21,11.33,0.01,1,1133,买盘
2083,11:09:18,11.32,-0.01,26,29432,卖盘
2084,11:09:09,11.33,--,106,120098,买盘
2085,11:09:03,11.33,0.01,60,67980,买盘
2086,11:08:54,11.32,-0.01,9,10188,卖盘
2087,11:08:48,11.33,--,2,2266,买盘
2088,11:08:45,11.33,--,26,29458,买盘
2089,11:08:33,11.33,0.01,1,1133,买盘
2090,11:08:27,11.32,-0.01,2,2264,卖盘
2091,11:08:24,11.33,--,187,211871,买盘
2092,11:08:18,11.33,0.01,5,5665,买盘
2093,11:08:09,11.32,--,30,33960,卖盘
2094,11:08:03,11.32,--,47,53204,买盘
2095,11:08:00,11.32,0.01,37,41884,买盘
2096,11:07:57,11.31,--,10,11310,卖盘
2097,11:07:54,11.31,-0.01,51,57681,卖盘
2098,11:07:51,11.32,-0.01,7,7924,卖盘
2099,11:07:48,11.33,--,14,15862,买盘
2100,11:07:45,11.33,0.01,1,1133,买盘
2101,11:07:36,11.32,--,20,22640,买盘
2102,11:07:33,11.32,--,80,90560,买盘
2103,11:07:30,11.32,0.01,3,3396,买盘
2104,11:07:27,11.31,-0.01,239,270309,卖盘
2105,11:07:24,11.32,--,13,14716,买盘
2106,11:07:21,11.32,0.01,1,1132,买盘
2107,11:07:18,11.31,-0.01,15,17451,卖盘
2108,11:07:12,11.32,0.01,20,22640,买盘
2109,11:07:09,11.31,-0.01,23,26013,卖盘
2110,11:07:03,11.32,--,27,30564,买盘
2111,11:07:00,11.32,--,93,105276,买盘
2112,11:06:57,11.32,--,56,63392,买盘
2113,11:06:51,11.32,--,25,28300,买盘
2114,11:06:48,11.32,--,30,33960,买盘
2115,11:06:45,11.32,--,18,20376,买盘
2116,11:06:42,11.32,0.01,17,19244,买盘
2117,11:06:36,11.31,--,62,70122,买盘
2118,11:06:33,11.31,--,21,23751,买盘
2119,11:06:27,11.31,--,17,19227,买盘
2120,11:06:24,11.31,0.01,34,38454,中性盘
2121,11:06:15,11.3,-0.01,12,13560,卖盘
2122,11:06:12,11.31,--,27,30537,买盘
2123,11:06:09,11.31,--,129,145899,买盘
2124,11:06:06,11.31,--,45,50895,买盘
2125,11:06:03,11.31,--,69,78039,买盘
2126,11:06:00,11.31,--,47,53157,买盘
2127,11:05:57,11.31,--,68,76908,买盘
2128,11:05:54,11.31,--,243,274833,买盘
2129,11:05:51,11.31,0.01,105,118755,买盘
2130,11:05:48,11.3,-0.01,63,71190,卖盘
2131,11:05:45,11.31,--,18,20358,买盘
2132,11:05:42,11.31,0.01,112,126672,买盘
2133,11:05:39,11.3,-0.01,84,94920,卖盘
2134,11:05:36,11.31,--,18,20358,买盘
2135,11:05:27,11.31,--,101,114231,买盘
2136,11:05:24,11.31,--,7,7917,买盘
2137,11:05:21,11.31,0.01,5,5655,买盘
2138,11:05:18,11.3,-0.01,100,113000,卖盘
2139,11:05:15,11.31,0.01,17,19227,买盘
2140,11:05:06,11.3,--,28,31640,卖盘
2141,11:05:03,11.3,-0.01,3,3390,卖盘
2142,11:05:00,11.31,--,39,44109,买盘
2143,11:04:57,11.31,0.01,42,47502,买盘
2144,11:04:54,11.3,-0.01,11,12430,卖盘
2145,11:04:51,11.31,0.01,23,26013,买盘
2146,11:04:45,11.3,-0.01,49,55370,卖盘
2147,11:04:42,11.31,--,4,4524,买盘
2148,11:04:36,11.31,--,10,11310,买盘
2149,11:04:30,11.31,--,22,24882,买盘
2150,11:04:27,11.31,--,112,126672,卖盘
2151,11:04:18,11.31,--,36,40716,卖盘
2152,11:04:12,11.31,-0.01,12,13572,卖盘
2153,11:04:06,11.32,-0.01,1,1132,买盘
2154,11:04:03,11.33,--,2,2266,买盘
2155,11:04:00,11.33,--,3,3399,买盘
2156,11:03:57,11.33,--,20,22660,买盘
2157,11:03:54,11.33,0.01,40,45320,买盘
2158,11:03:51,11.32,--,14,15848,卖盘
2159,11:03:48,11.32,--,25,28300,卖盘
2160,11:03:42,11.32,-0.01,56,63392,卖盘
2161,11:03:39,11.33,0.01,92,104236,买盘
2162,11:03:30,11.32,0.01,50,56600,卖盘
2163,11:03:27,11.31,-0.01,76,85956,卖盘
2164,11:03:24,11.32,--,2,2264,买盘
2165,11:03:21,11.32,--,37,41884,买盘
2166,11:03:18,11.32,0.01,70,79240,买盘
2167,11:03:15,11.31,--,14,15834,卖盘
2168,11:03:12,11.31,-0.01,1,1131,卖盘
2169,11:03:09,11.32,--,140,158480,买盘
2170,11:03:06,11.32,0.01,1,1132,买盘
2171,11:03:03,11.31,-0.01,106,119886,中性盘
2172,11:03:00,11.32,--,23,26036,买盘
2173,11:02:57,11.32,--,40,45280,买盘
2174,11:02:54,11.32,0.01,39,44148,买盘
2175,11:02:48,11.31,-0.01,82,92742,卖盘
2176,11:02:42,11.32,--,30,33960,买盘
2177,11:02:36,11.32,0.02,56,63392,买盘
2178,11:02:30,11.3,--,100,113000,卖盘
2179,11:02:27,11.3,-0.02,58,65540,卖盘
2180,11:02:24,11.32,0.02,20,22640,买盘
2181,11:02:21,11.3,-0.01,32,36160,卖盘
2182,11:02:18,11.31,-0.01,40,45240,卖盘
2183,11:02:15,11.32,0.01,7,7924,买盘
2184,11:02:12,11.31,--,15,16965,买盘
2185,11:02:06,11.31,--,103,116493,买盘
2186,11:02:00,11.31,--,167,188877,买盘
2187,11:01:57,11.31,0.01,33,37323,买盘
2188,11:01:54,11.3,-0.01,133,150290,卖盘
2189,11:01:51,11.31,--,12,13572,买盘
2190,11:01:48,11.31,0.01,43,48633,买盘
2191,11:01:45,11.3,-0.01,39,44070,卖盘
2192,11:01:42,11.31,0.01,38,42978,买盘
2193,11:01:39,11.3,--,8,9040,卖盘
2194,11:01:36,11.3,--,19,21470,卖盘
2195,11:01:33,11.3,-0.01,27,30510,卖盘
2196,11:01:30,11.31,--,28,31668,买盘
2197,11:01:27,11.31,0.01,165,186615,买盘
2198,11:01:24,11.3,-0.01,698,788740,卖盘
2199,11:01:21,11.31,--,32,36192,买盘
2200,11:01:18,11.31,--,189,213759,买盘
2201,11:01:15,11.31,--,65,73515,买盘
2202,11:01:12,11.31,0.01,82,92742,买盘
2203,11:01:09,11.3,--,37,41810,卖盘
2204,11:01:06,11.3,-0.02,2,2260,卖盘
2205,11:01:03,11.32,--,36,40752,买盘
2206,11:00:57,11.32,0.02,28,31696,买盘
2207,11:00:54,11.3,-0.01,15,16950,卖盘
2208,11:00:48,11.31,--,47,53157,买盘
2209,11:00:42,11.31,0.01,11,12441,卖盘
2210,11:00:33,11.3,--,61,68930,卖盘
2211,11:00:30,11.3,-0.02,24,27120,卖盘
2212,11:00:27,11.32,--,295,333940,买盘
2213,11:00:24,11.32,--,1024,1159168,买盘
2214,11:00:21,11.32,0.01,1,1132,中性盘
2215,11:00:18,11.31,-0.01,11,12441,卖盘
2216,11:00:15,11.32,-0.01,18,20376,卖盘
2217,11:00:12,11.33,--,14,15862,买盘
2218,11:00:06,11.33,--,2,2266,买盘
2219,11:00:03,11.33,--,2,2266,买盘
2220,10:59:54,11.33,--,125,141625,买盘
2221,10:59:51,11.33,--,20,22660,买盘
2222,10:59:48,11.33,0.01,40,45320,买盘
2223,10:59:45,11.32,0.01,1,1132,买盘
2224,10:59:39,11.31,--,45,50895,卖盘
2225,10:59:33,11.31,--,262,296322,卖盘
2226,10:59:27,11.31,-0.02,150,169650,卖盘
2227,10:59:24,11.33,0.02,1,1133,买盘
2228,10:59:21,11.31,--,19,21489,卖盘
2229,10:59:15,11.31,-0.03,11,12441,卖盘
2230,10:59:12,11.34,0.03,68,77112,买盘
2231,10:59:09,11.31,-0.01,1,1131,卖盘
2232,10:59:03,11.32,--,7,7924,买盘
2233,10:58:57,11.32,--,204,230928,买盘
2234,10:58:54,11.32,0.01,46,52072,买盘
2235,10:58:51,11.31,-0.01,101,114231,卖盘
2236,10:58:48,11.32,--,1,1132,买盘
2237,10:58:45,11.32,--,1,1132,买盘
2238,10:58:42,11.32,--,50,56600,买盘
2239,10:58:39,11.32,--,10,11320,买盘
2240,10:58:36,11.32,--,318,359976,卖盘
2241,10:58:33,11.32,-0.01,19,21508,卖盘
2242,10:58:24,11.33,--,3,3399,买盘
2243,10:58:21,11.33,0.01,2,2266,买盘
2244,10:58:18,11.32,--,20,22640,卖盘
2245,10:58:09,11.32,-0.02,36,40752,卖盘
2246,10:58:03,11.34,--,2,2268,买盘
2247,10:57:57,11.34,0.01,31,35154,买盘
2248,10:57:54,11.33,-0.01,38,44164,卖盘
2249,10:57:48,11.34,--,30,34020,买盘
2250,10:57:45,11.34,0.01,70,79380,买盘
2251,10:57:39,11.33,-0.01,41,46453,卖盘
2252,10:57:27,11.34,0.01,77,87318,买盘
2253,10:57:24,11.33,--,24,27192,卖盘
2254,10:57:18,11.33,--,10,11330,卖盘
2255,10:57:15,11.33,-0.01,70,79310,卖盘
2256,10:57:06,11.34,0.01,1,1134,买盘
2257,10:57:00,11.33,-0.01,8,9086,中性盘
2258,10:56:54,11.34,--,47,53298,买盘
2259,10:56:48,11.34,--,8,9072,买盘
2260,10:56:45,11.34,--,1,1134,买盘
2261,10:56:39,11.34,--,68,77112,买盘
2262,10:56:33,11.34,0.02,20,22680,买盘
2263,10:56:18,11.32,-0.01,47,53204,卖盘
2264,10:56:15,11.33,--,54,61182,买盘
2265,10:56:12,11.33,--,19,21527,买盘
2266,10:56:09,11.33,--,17,19261,买盘
2267,10:56:06,11.33,0.01,18,20394,买盘
2268,10:56:03,11.32,-0.01,12,13584,卖盘
2269,10:56:00,11.33,--,41,46453,买盘
2270,10:55:57,11.33,--,22,24926,买盘
2271,10:55:51,11.33,--,17,19261,买盘
2272,10:55:45,11.33,--,48,54384,买盘
2273,10:55:42,11.33,--,37,41921,买盘
2274,10:55:39,11.33,--,67,75911,买盘
2275,10:55:36,11.33,--,17,19261,买盘
2276,10:55:30,11.33,--,17,19261,买盘
2277,10:55:27,11.33,0.02,90,101970,买盘
2278,10:55:24,11.31,--,5,5655,卖盘
2279,10:55:21,11.31,-0.01,53,59943,卖盘
2280,10:55:18,11.32,-0.01,62,70184,卖盘
2281,10:55:15,11.33,-0.01,59,66847,卖盘
2282,10:55:12,11.34,--,1,1134,买盘
2283,10:55:09,11.34,--,17,19278,买盘
2284,10:55:06,11.34,--,440,498960,买盘
2285,10:55:03,11.34,--,13,14742,买盘
2286,10:55:00,11.34,--,18,20412,买盘
2287,10:54:57,11.34,--,13,14742,买盘
2288,10:54:54,11.34,--,18,20412,买盘
2289,10:54:51,11.34,0.02,23,26082,买盘
2290,10:54:48,11.32,-0.02,3,3396,卖盘
2291,10:54:45,11.34,--,52,58968,买盘
2292,10:54:42,11.34,--,41,46494,买盘
2293,10:54:39,11.34,--,40,45360,买盘
2294,10:54:36,11.34,--,11,12474,买盘
2295,10:54:27,11.34,0.01,601,681534,买盘
2296,10:54:24,11.33,-0.01,55,62315,卖盘
2297,10:54:21,11.34,--,12,13608,买盘
2298,10:54:15,11.34,0.01,20,22680,买盘
2299,10:54:12,11.33,-0.01,1,1133,卖盘
2300,10:54:09,11.34,0.01,16,18144,买盘
2301,10:54:06,11.33,--,34,38522,卖盘
2302,10:54:00,11.33,--,14,15862,卖盘
2303,10:53:57,11.33,-0.01,20,22660,卖盘
2304,10:53:54,11.34,0.01,19,21546,买盘
2305,10:53:51,11.33,--,56,63448,卖盘
2306,10:53:48,11.33,-0.01,13,14729,卖盘
2307,10:53:45,11.34,0.01,18,20412,买盘
2308,10:53:42,11.33,--,73,82709,买盘
2309,10:53:39,11.33,0.01,91,103103,买盘
2310,10:53:36,11.32,--,10,11320,卖盘
2311,10:53:30,11.32,-0.01,9,10188,卖盘
2312,10:53:27,11.33,--,16,18128,买盘
2313,10:53:24,11.33,0.01,39,44187,买盘
2314,10:53:18,11.32,--,188,212816,买盘
2315,10:53:12,11.32,0.01,36,40752,买盘
2316,10:53:09,11.31,-0.01,13,14703,卖盘
2317,10:53:06,11.32,--,1,1132,买盘
2318,10:53:03,11.32,--,98,110936,买盘
2319,10:52:57,11.32,--,83,93956,买盘
2320,10:52:54,11.32,-0.01,26,29432,卖盘
2321,10:52:45,11.33,0.01,18,20394,买盘
2322,10:52:42,11.32,0.01,40,45280,卖盘
2323,10:52:39,11.31,-0.02,323,365313,卖盘
2324,10:52:36,11.33,0.02,407,461844,买盘
2325,10:52:33,11.31,--,114,128934,卖盘
2326,10:52:30,11.31,--,1,1131,卖盘
2327,10:52:27,11.31,-0.01,64,72384,卖盘
2328,10:52:24,11.32,0.01,103,116596,买盘
2329,10:52:21,11.31,-0.01,8,9048,卖盘
2330,10:52:15,11.32,0.01,44,49808,买盘
2331,10:52:12,11.31,--,5,5655,卖盘
2332,10:52:09,11.31,--,179,202449,卖盘
2333,10:52:06,11.31,--,36,40716,卖盘
2334,10:52:03,11.31,-0.01,107,121017,卖盘
2335,10:52:00,11.32,--,7,7924,买盘
2336,10:51:57,11.32,--,9,10188,买盘
2337,10:51:54,11.32,--,42,47544,买盘
2338,10:51:51,11.32,--,72,81504,买盘
2339,10:51:48,11.32,--,1,1132,买盘
2340,10:51:45,11.32,--,1,1132,买盘
2341,10:51:39,11.32,--,28,31696,买盘
2342,10:51:36,11.32,--,154,174328,买盘
2343,10:51:33,11.32,-0.02,676,765650,卖盘
2344,10:51:30,11.34,--,1,1134,买盘
2345,10:51:27,11.34,--,4,4536,买盘
2346,10:51:24,11.34,0.01,1,1134,买盘
2347,10:51:21,11.33,--,9,10197,卖盘
2348,10:51:18,11.33,--,28,31724,卖盘
2349,10:51:15,11.33,--,30,33990,卖盘
2350,10:51:12,11.33,-0.01,15,16995,卖盘
2351,10:51:09,11.34,0.01,33,37422,买盘
2352,10:51:06,11.33,-0.01,174,197142,卖盘
2353,10:51:03,11.34,--,2,2268,买盘
2354,10:50:57,11.34,--,7,7938,买盘
2355,10:50:54,11.34,--,15,17010,买盘
2356,10:50:51,11.34,--,47,53298,买盘
2357,10:50:48,11.34,--,119,134946,买盘
2358,10:50:45,11.34,--,22,24948,买盘
2359,10:50:42,11.34,--,36,40824,买盘
2360,10:50:33,11.34,--,39,44226,买盘
2361,10:50:30,11.34,--,146,165564,买盘
2362,10:50:27,11.34,-0.01,195,221130,卖盘
2363,10:50:24,11.35,0.01,13,14755,买盘
2364,10:50:21,11.34,--,18,20412,卖盘
2365,10:50:18,11.34,--,87,98658,买盘
2366,10:50:15,11.34,--,6,6804,买盘
2367,10:50:12,11.34,--,8,9072,买盘
2368,10:50:09,11.34,--,3,3402,买盘
2369,10:50:06,11.34,--,71,80514,买盘
2370,10:50:03,11.34,--,2,2268,买盘
2371,10:49:57,11.34,--,3,3402,买盘
2372,10:49:54,11.34,--,10,11340,买盘
2373,10:49:45,11.34,-0.01,22,24948,卖盘
2374,10:49:42,11.35,--,1,1135,买盘
2375,10:49:39,11.35,--,19,21565,买盘
2376,10:49:36,11.35,0.02,46,52210,买盘
2377,10:49:33,11.33,-0.02,21,23793,卖盘
2378,10:49:27,11.35,--,13,14755,买盘
2379,10:49:24,11.35,--,3,3405,买盘
2380,10:49:15,11.35,--,17,19295,买盘
2381,10:49:03,11.35,--,2,2270,买盘
2382,10:48:57,11.35,--,1,1135,买盘
2383,10:48:51,11.35,0.01,10,11350,买盘
2384,10:48:45,11.34,--,2,2268,买盘
2385,10:48:42,11.34,--,2,2268,买盘
2386,10:48:39,11.34,-0.01,18,20412,中性盘
2387,10:48:36,11.35,--,757,859195,买盘
2388,10:48:33,11.35,--,43,48805,买盘
2389,10:48:27,11.35,--,71,80585,买盘
2390,10:48:24,11.35,--,4,4540,买盘
2391,10:48:18,11.35,0.01,25,28375,买盘
2392,10:48:06,11.34,-0.01,9,10206,卖盘
2393,10:48:03,11.35,--,2,2270,买盘
2394,10:47:51,11.35,-0.01,133,150955,卖盘
2395,10:47:48,11.36,--,2,2272,买盘
2396,10:47:45,11.36,0.01,1,1136,买盘
2397,10:47:42,11.35,-0.01,13,14755,卖盘
2398,10:47:39,11.36,0.01,21,23856,买盘
2399,10:47:33,11.35,-0.01,31,35185,卖盘
2400,10:47:27,11.36,--,39,44304,买盘
2401,10:47:24,11.36,--,2,2272,买盘
2402,10:47:18,11.36,--,1,1136,买盘
2403,10:47:09,11.36,--,2,2272,买盘
2404,10:47:06,11.36,0.01,2,2272,买盘
2405,10:46:57,11.35,-0.01,11,12485,卖盘
2406,10:46:54,11.36,--,1,1136,买盘
2407,10:46:51,11.36,--,26,29536,买盘
2408,10:46:48,11.36,--,74,84064,买盘
2409,10:46:45,11.36,0.01,24,27264,买盘
2410,10:46:39,11.35,-0.01,50,56750,卖盘
2411,10:46:36,11.36,--,37,42032,买盘
2412,10:46:27,11.36,--,1,1136,买盘
2413,10:46:24,11.36,--,1,1136,买盘
2414,10:46:21,11.36,0.01,1,1136,买盘
2415,10:46:15,11.35,-0.01,15,17025,卖盘
2416,10:46:12,11.36,--,63,71568,买盘
2417,10:46:09,11.36,--,68,77248,买盘
2418,10:46:06,11.36,--,2,2272,买盘
2419,10:46:03,11.36,--,2,2272,买盘
2420,10:46:00,11.36,--,2,2272,买盘
2421,10:45:57,11.36,0.01,7,7952,买盘
2422,10:45:51,11.35,--,42,47670,卖盘
2423,10:45:42,11.35,-0.01,10,11350,卖盘
2424,10:45:39,11.36,--,41,46576,买盘
2425,10:45:36,11.36,--,1,1136,买盘
2426,10:45:33,11.36,0.01,22,24992,买盘
2427,10:45:27,11.35,--,20,22700,卖盘
2428,10:45:24,11.35,--,56,63560,卖盘
2429,10:45:12,11.35,-0.01,30,34050,卖盘
2430,10:45:06,11.36,--,73,82928,买盘
2431,10:45:03,11.36,0.01,10,11360,买盘
2432,10:45:00,11.35,-0.01,30,34050,卖盘
2433,10:44:54,11.36,--,23,26128,买盘
2434,10:44:51,11.36,0.01,70,79520,买盘
2435,10:44:48,11.35,0.01,19,21565,买盘
2436,10:44:45,11.34,-0.01,51,57834,卖盘
2437,10:44:39,11.35,--,7,7945,买盘
2438,10:44:36,11.35,--,21,23835,买盘
2439,10:44:33,11.35,-0.03,778,883892,卖盘
2440,10:44:27,11.38,0.01,41,46658,买盘
2441,10:44:24,11.37,--,2,2546,买盘
2442,10:44:21,11.37,--,9,10233,买盘
2443,10:44:12,11.37,--,7,7958,买盘
2444,10:44:09,11.37,--,1,1137,中性盘
2445,10:44:06,11.37,0.01,34,38658,买盘
2446,10:44:03,11.36,--,107,121552,买盘
2447,10:44:00,11.36,--,3,3408,买盘
2448,10:43:54,11.36,--,20,22720,买盘
2449,10:43:51,11.36,-0.01,29,32944,卖盘
2450,10:43:48,11.37,--,1,1137,买盘
2451,10:43:45,11.37,--,1,1137,买盘
2452,10:43:42,11.37,--,7,7958,买盘
2453,10:43:39,11.37,--,4,4548,买盘
2454,10:43:33,11.37,--,57,64808,买盘
2455,10:43:30,11.37,--,30,34110,买盘
2456,10:43:27,11.37,--,33,37521,买盘
2457,10:43:24,11.37,--,94,106877,买盘
2458,10:43:21,11.37,0.01,101,114836,买盘
2459,10:43:18,11.36,--,19,21584,卖盘
2460,10:43:15,11.36,--,4,4544,卖盘
2461,10:43:12,11.36,-0.01,1,1136,卖盘
2462,10:43:09,11.37,--,36,40932,买盘
2463,10:43:06,11.37,--,1,1137,买盘
2464,10:43:03,11.37,0.02,1,1137,买盘
2465,10:43:00,11.35,-0.02,2,2270,卖盘
2466,10:42:57,11.37,--,3,3410,买盘
2467,10:42:54,11.37,--,7,7958,买盘
2468,10:42:51,11.37,--,5,5685,买盘
2469,10:42:48,11.37,0.02,3,3410,买盘
2470,10:42:45,11.35,-0.02,5,5675,卖盘
2471,10:42:42,11.37,--,228,259235,买盘
2472,10:42:39,11.37,0.02,384,436607,买盘
2473,10:42:36,11.35,--,6,6810,买盘
2474,10:42:33,11.35,-0.02,118,133930,卖盘
2475,10:42:30,11.37,--,23,26151,买盘
2476,10:42:27,11.37,0.02,20,22740,买盘
2477,10:42:24,11.35,--,26,29510,买盘
2478,10:42:21,11.35,--,78,88530,买盘
2479,10:42:18,11.35,--,123,139605,买盘
2480,10:42:12,11.35,-0.01,17,19295,卖盘
2481,10:42:06,11.36,--,2,2272,买盘
2482,10:42:03,11.36,--,3,3408,买盘
2483,10:41:57,11.36,--,10,11360,买盘
2484,10:41:54,11.36,--,9,10224,买盘
2485,10:41:48,11.36,0.01,29,32944,买盘
2486,10:41:45,11.35,-0.01,690,783150,卖盘
2487,10:41:42,11.36,-0.01,543,616848,卖盘
2488,10:41:36,11.37,--,71,80727,买盘
2489,10:41:33,11.37,0.01,14,15917,买盘
2490,10:41:30,11.36,--,24,27264,卖盘
2491,10:41:27,11.36,-0.01,4,4544,卖盘
2492,10:41:24,11.37,--,68,77316,买盘
2493,10:41:21,11.37,0.01,27,30698,买盘
2494,10:41:18,11.36,-0.01,53,60208,卖盘
2495,10:41:15,11.37,--,8,9096,买盘
2496,10:41:12,11.37,0.01,2,2274,买盘
2497,10:41:06,11.36,-0.01,1,1136,卖盘
2498,10:41:03,11.37,--,2,2274,买盘
2499,10:41:00,11.37,--,15,17055,买盘
2500,10:40:57,11.37,--,21,23877,买盘
2501,10:40:54,11.37,--,60,68220,买盘
2502,10:40:45,11.37,--,1,1137,买盘
2503,10:40:36,11.37,--,38,43206,买盘
2504,10:40:33,11.37,--,1,1137,买盘
2505,10:40:30,11.37,--,82,93234,卖盘
2506,10:40:27,11.37,--,5,5685,卖盘
2507,10:40:24,11.37,-0.01,450,511649,卖盘
2508,10:40:21,11.38,--,94,106972,买盘
2509,10:40:18,11.38,--,191,217358,买盘
2510,10:40:15,11.38,0.01,65,73970,买盘
2511,10:40:09,11.37,-0.01,80,90960,卖盘
2512,10:40:06,11.38,--,188,213944,买盘
2513,10:40:03,11.38,0.01,5,5690,买盘
2514,10:39:57,11.37,-0.01,66,75042,卖盘
2515,10:39:54,11.38,0.01,71,80798,买盘
2516,10:39:51,11.37,-0.01,130,147810,卖盘
2517,10:39:48,11.38,--,24,27312,买盘
2518,10:39:45,11.38,--,21,23898,买盘
2519,10:39:33,11.38,0.01,20,22760,买盘
2520,10:39:30,11.37,-0.01,3,3410,卖盘
2521,10:39:27,11.38,0.01,17,19346,买盘
2522,10:39:21,11.37,--,48,54575,卖盘
2523,10:39:18,11.37,--,84,95508,卖盘
2524,10:39:12,11.37,--,6,6821,卖盘
2525,10:39:09,11.37,--,1,1137,卖盘
2526,10:39:06,11.37,-0.01,143,162591,卖盘
2527,10:39:03,11.38,--,144,163872,买盘
2528,10:39:00,11.38,--,2,2276,买盘
2529,10:38:54,11.38,--,6,6828,买盘
2530,10:38:48,11.38,--,10,11380,买盘
2531,10:38:45,11.38,--,4,4552,买盘
2532,10:38:42,11.38,0.01,17,19346,买盘
2533,10:38:39,11.37,-0.01,28,31835,卖盘
2534,10:38:36,11.38,--,10,11380,买盘
2535,10:38:33,11.38,--,2,2276,买盘
2536,10:38:30,11.38,--,10,11380,买盘
2537,10:38:27,11.38,--,30,34140,买盘
2538,10:38:24,11.38,--,28,31864,买盘
2539,10:38:18,11.38,--,38,43244,买盘
2540,10:38:15,11.38,--,102,116076,买盘
2541,10:38:06,11.38,--,1,1138,买盘
2542,10:38:03,11.38,--,112,127456,买盘
2543,10:38:00,11.38,0.01,129,146802,买盘
2544,10:37:57,11.37,-0.01,13,14780,卖盘
2545,10:37:48,11.38,--,10,11380,买盘
2546,10:37:45,11.38,0.01,1,1138,买盘
2547,10:37:42,11.37,--,3,3410,卖盘
2548,10:37:36,11.37,-0.01,5,5685,卖盘
2549,10:37:30,11.38,--,17,19346,买盘
2550,10:37:24,11.38,--,4,4552,买盘
2551,10:37:21,11.38,--,6,6828,买盘
2552,10:37:18,11.38,--,44,50072,买盘
2553,10:37:15,11.38,0.01,42,47796,买盘
2554,10:37:12,11.37,--,1,1137,卖盘
2555,10:37:09,11.37,--,8,9096,卖盘
2556,10:37:06,11.37,-0.01,9,10233,卖盘
2557,10:37:03,11.38,--,2,2276,买盘
2558,10:37:00,11.38,--,1,1138,买盘
2559,10:36:57,11.38,--,2,2276,买盘
2560,10:36:48,11.38,--,2,2276,买盘
2561,10:36:45,11.38,0.01,1,1138,买盘
2562,10:36:36,11.37,-0.01,8,9096,卖盘
2563,10:36:27,11.38,0.01,46,52348,买盘
2564,10:36:24,11.37,-0.01,54,61397,卖盘
2565,10:36:21,11.38,--,27,30726,买盘
2566,10:36:15,11.38,--,37,42106,买盘
2567,10:36:09,11.38,--,63,71694,买盘
2568,10:36:06,11.38,--,1,1138,买盘
2569,10:36:03,11.38,--,77,87626,买盘
2570,10:36:00,11.38,0.01,20,22760,买盘
2571,10:35:42,11.37,-0.01,62,70494,卖盘
2572,10:35:36,11.38,--,10,11380,买盘
2573,10:35:30,11.38,--,47,53486,买盘
2574,10:35:24,11.38,--,13,14794,买盘
2575,10:35:21,11.38,0.01,12,13656,买盘
2576,10:35:18,11.37,--,84,95508,卖盘
2577,10:35:15,11.37,-0.01,1,1137,卖盘
2578,10:35:12,11.38,--,102,116076,买盘
2579,10:35:06,11.38,--,5,5690,买盘
2580,10:35:03,11.38,--,6,6828,买盘
2581,10:34:51,11.38,--,1,1138,买盘
2582,10:34:48,11.38,-0.01,16,18208,卖盘
2583,10:34:42,11.39,0.01,6,6834,买盘
2584,10:34:36,11.38,--,49,55762,买盘
2585,10:34:27,11.38,-0.01,22,25036,卖盘
2586,10:34:24,11.39,0.01,11,12529,买盘
2587,10:34:21,11.38,--,10,11380,卖盘
2588,10:34:18,11.38,-0.01,31,35278,卖盘
2589,10:34:12,11.39,0.01,39,44421,买盘
2590,10:34:06,11.38,0.01,125,142250,买盘
2591,10:34:00,11.37,-0.01,32,36384,卖盘
2592,10:33:57,11.38,0.01,92,104696,买盘
2593,10:33:54,11.37,-0.01,6,6821,卖盘
2594,10:33:51,11.38,0.01,1,1138,买盘
2595,10:33:48,11.37,--,20,22740,卖盘
2596,10:33:36,11.37,-0.01,131,148947,卖盘
2597,10:33:33,11.38,--,69,78522,买盘
2598,10:33:27,11.38,--,5,5690,买盘
2599,10:33:24,11.38,--,1,1138,买盘
2600,10:33:21,11.38,--,119,135422,买盘
2601,10:33:12,11.38,0.01,17,19346,买盘
2602,10:33:09,11.37,-0.01,66,75042,卖盘
2603,10:33:03,11.38,--,2,2276,买盘
2604,10:33:00,11.38,--,190,216220,买盘
2605,10:32:57,11.38,--,9,10242,买盘
2606,10:32:51,11.38,0.01,17,19346,买盘
2607,10:32:48,11.37,--,18,20466,卖盘
2608,10:32:45,11.37,-0.01,14,15917,卖盘
2609,10:32:42,11.38,0.01,8,9104,买盘
2610,10:32:39,11.37,--,30,34110,卖盘
2611,10:32:36,11.37,--,21,23877,卖盘
2612,10:32:30,11.37,-0.01,30,34110,卖盘
2613,10:32:27,11.38,--,1,1138,买盘
2614,10:32:24,11.38,--,3,3414,买盘
2615,10:32:21,11.38,--,64,72832,买盘
2616,10:32:09,11.38,0.01,60,68280,买盘
2617,10:32:06,11.37,-0.01,1,1137,卖盘
2618,10:32:03,11.38,--,57,64866,买盘
2619,10:31:54,11.38,--,1,1138,买盘
2620,10:31:48,11.38,0.01,87,99006,买盘
2621,10:31:45,11.37,--,31,35247,卖盘
2622,10:31:42,11.37,-0.01,1,1137,卖盘
2623,10:31:39,11.38,--,30,34140,买盘
2624,10:31:36,11.38,--,10,11380,买盘
2625,10:31:24,11.38,0.01,1,1138,买盘
2626,10:31:21,11.37,--,20,22740,卖盘
2627,10:31:12,11.37,0.01,23,26151,中性盘
2628,10:31:09,11.36,-0.02,52,59072,卖盘
2629,10:31:06,11.38,0.02,126,143388,买盘
2630,10:31:00,11.36,-0.01,200,227200,卖盘
2631,10:30:48,11.37,--,3,3410,买盘
2632,10:30:45,11.37,0.01,1,1137,买盘
2633,10:30:39,11.36,-0.01,172,195392,卖盘
2634,10:30:36,11.37,0.01,4,4548,买盘
2635,10:30:33,11.36,-0.01,8,9088,卖盘
2636,10:30:30,11.37,0.01,55,62534,买盘
2637,10:30:18,11.36,--,30,34080,卖盘
2638,10:30:15,11.36,-0.01,4,4544,卖盘
2639,10:30:12,11.37,--,1,1137,卖盘
2640,10:30:09,11.37,--,56,63671,卖盘
2641,10:30:06,11.37,-0.01,75,85275,卖盘
2642,10:30:03,11.38,0.01,39,44382,买盘
2643,10:30:00,11.37,--,12,13643,卖盘
2644,10:29:54,11.37,-0.01,1,1137,卖盘
2645,10:29:48,11.38,--,24,27312,买盘
2646,10:29:45,11.38,--,73,83074,买盘
2647,10:29:42,11.38,--,68,77384,买盘
2648,10:29:33,11.38,0.02,21,23898,买盘
2649,10:29:27,11.36,--,20,22720,卖盘
2650,10:29:24,11.36,-0.02,7,7952,卖盘
2651,10:29:06,11.38,--,19,21622,买盘
2652,10:29:03,11.38,0.02,43,48934,买盘
2653,10:29:00,11.36,-0.02,19,21584,卖盘
2654,10:28:57,11.38,0.01,100,113800,买盘
2655,10:28:48,11.37,-0.01,2,2274,卖盘
2656,10:28:45,11.38,0.02,1,1138,买盘
2657,10:28:42,11.36,--,50,56800,卖盘
2658,10:28:30,11.36,-0.02,25,28400,卖盘
2659,10:28:27,11.38,--,1,1138,买盘
2660,10:28:24,11.38,--,1,1138,买盘
2661,10:28:21,11.38,0.02,19,21622,买盘
2662,10:28:18,11.36,-0.02,72,81792,卖盘
2663,10:28:15,11.38,0.02,5,5690,买盘
2664,10:28:12,11.36,-0.02,1,1136,卖盘
2665,10:28:09,11.38,--,147,167286,买盘
2666,10:28:06,11.38,--,158,179804,买盘
2667,10:28:03,11.38,0.02,125,142250,买盘
2668,10:27:54,11.36,-0.03,678,770208,卖盘
2669,10:27:48,11.39,--,1,1139,买盘
2670,10:27:45,11.39,0.01,1,1139,买盘
2671,10:27:42,11.38,0.02,56,63728,买盘
2672,10:27:39,11.36,--,88,99968,卖盘
2673,10:27:33,11.36,-0.01,20,22720,卖盘
2674,10:27:30,11.37,--,1103,1254111,卖盘
2675,10:27:27,11.37,-0.01,42,48174,卖盘
2676,10:27:21,11.38,--,223,254490,买盘
2677,10:27:18,11.38,--,9,10242,买盘
2678,10:27:15,11.38,0.01,160,182080,买盘
2679,10:27:12,11.37,--,25,28424,卖盘
2680,10:27:09,11.37,--,10,11370,卖盘
2681,10:27:06,11.37,-0.01,25,28424,卖盘
2682,10:27:03,11.38,--,22,25036,买盘
2683,10:27:00,11.38,--,108,122904,买盘
2684,10:26:57,11.38,--,81,92178,买盘
2685,10:26:51,11.38,--,1,1138,买盘
2686,10:26:48,11.38,--,6,6828,买盘
2687,10:26:39,11.38,0.01,1,1138,买盘
2688,10:26:36,11.37,--,16,18192,卖盘
2689,10:26:33,11.37,-0.01,19,21603,卖盘
2690,10:26:27,11.38,--,1,1138,买盘
2691,10:26:24,11.38,--,78,88764,买盘
2692,10:26:21,11.38,--,10,11380,买盘
2693,10:26:12,11.38,0.01,188,213944,买盘
2694,10:26:06,11.37,-0.01,2,2274,卖盘
2695,10:26:03,11.38,0.01,59,67142,买盘
2696,10:26:00,11.37,-0.01,1,1137,卖盘
2697,10:25:57,11.38,--,48,54624,买盘
2698,10:25:54,11.38,--,5,5690,买盘
2699,10:25:51,11.38,--,1,1138,买盘
2700,10:25:45,11.38,--,241,274258,买盘
2701,10:25:36,11.38,0.01,20,22760,买盘
2702,10:25:33,11.37,-0.01,14,15917,卖盘
2703,10:25:27,11.38,--,1,1138,买盘
2704,10:25:24,11.38,0.01,6,6828,买盘
2705,10:25:21,11.37,--,5,5685,卖盘
2706,10:25:18,11.37,-0.01,16,19260,卖盘
2707,10:25:15,11.38,--,44,50072,买盘
2708,10:25:12,11.38,0.01,5,5690,买盘
2709,10:25:09,11.37,-0.01,25,28424,卖盘
2710,10:25:06,11.38,0.01,1,1138,买盘
2711,10:25:00,11.37,-0.01,26,29561,卖盘
2712,10:24:57,11.38,0.01,36,40968,买盘
2713,10:24:51,11.37,--,43,48891,卖盘
2714,10:24:48,11.37,--,121,138088,买盘
2715,10:24:45,11.37,--,98,112028,买盘
2716,10:24:42,11.37,0.01,89,101193,买盘
2717,10:24:39,11.36,--,0,22,卖盘
2718,10:24:36,11.36,--,0,284,卖盘
2719,10:24:33,11.36,-0.01,6,7020,卖盘
2720,10:24:30,11.37,--,24,27799,买盘
2721,10:24:27,11.37,--,12,13962,买盘
2722,10:24:24,11.37,0.01,1,1148,买盘
2723,10:24:21,11.36,--,0,170,卖盘
2724,10:24:18,11.36,--,3,4260,卖盘
2725,10:24:15,11.36,--,13,15108,卖盘
2726,10:24:12,11.36,--,1,1442,卖盘
2727,10:24:09,11.36,-0.01,6,7622,卖盘
2728,10:24:06,11.37,--,37,42557,买盘
2729,10:24:03,11.37,0.01,210,239600,买盘
2730,10:24:00,11.36,-0.02,600,682361,卖盘
2731,10:23:57,11.38,0.01,40,46521,买盘
2732,10:23:54,11.37,-0.01,56,63728,卖盘
2733,10:23:51,11.38,--,3,3778,买盘
2734,10:23:48,11.38,--,1,1752,买盘
2735,10:23:45,11.38,--,7,8068,买盘
2736,10:23:42,11.38,0.01,21,24057,买盘
2737,10:23:39,11.37,--,4,5525,卖盘
2738,10:23:36,11.37,-0.01,0,841,卖盘
2739,10:23:33,11.38,--,26,29883,买盘
2740,10:23:30,11.38,--,1,1593,买盘
2741,10:23:27,11.38,-0.01,108,123097,卖盘
2742,10:23:24,11.39,0.01,7,8086,买盘
2743,10:23:21,11.38,--,45,52040,卖盘
2744,10:23:18,11.38,-0.01,157,178666,卖盘
2745,10:23:15,11.39,--,15,17085,卖盘
2746,10:23:06,11.39,-0.01,3,3417,卖盘
2747,10:23:03,11.4,0.01,16,18240,买盘
2748,10:23:00,11.39,--,79,89981,买盘
2749,10:22:54,11.39,-0.01,23,26197,中性盘
2750,10:22:51,11.4,0.01,39,44460,买盘
2751,10:22:45,11.39,--,185,211717,卖盘
2752,10:22:39,11.39,-0.01,11,12529,卖盘
2753,10:22:36,11.4,0.01,8,9120,买盘
2754,10:22:30,11.39,0.02,671,764405,买盘
2755,10:22:27,11.37,-0.02,295,336461,卖盘
2756,10:22:24,11.39,--,24,27336,买盘
2757,10:22:21,11.39,0.02,20,22780,买盘
2758,10:22:15,11.37,--,8,9096,卖盘
2759,10:22:12,11.37,-0.02,9,10233,卖盘
2760,10:22:09,11.39,0.01,79,89981,买盘
2761,10:22:06,11.38,0.01,120,136560,买盘
2762,10:22:03,11.37,-0.01,10,11370,卖盘
2763,10:22:00,11.38,--,170,193869,买盘
2764,10:21:57,11.38,0.01,21,24762,买盘
2765,10:21:54,11.37,--,41,46798,卖盘
2766,10:21:51,11.37,-0.01,5,5685,卖盘
2767,10:21:48,11.38,--,49,55762,买盘
2768,10:21:45,11.38,-0.01,2,2276,中性盘
2769,10:21:33,11.39,0.01,72,82304,买盘
2770,10:21:30,11.38,0.01,47,53542,买盘
2771,10:21:27,11.37,-0.01,1,1557,卖盘
2772,10:21:24,11.38,--,20,23590,买盘
2773,10:21:21,11.38,--,69,78738,卖盘
2774,10:21:18,11.38,-0.01,19,22179,卖盘
2775,10:21:15,11.39,0.01,19,21982,买盘
2776,10:21:12,11.38,0.01,15,17092,卖盘
2777,10:21:09,11.37,--,0,773,卖盘
2778,10:21:06,11.37,-0.02,9,11199,卖盘
2779,10:21:03,11.39,--,36,41004,买盘
2780,10:21:00,11.39,--,40,45560,买盘
2781,10:20:57,11.39,--,6,6834,买盘
2782,10:20:54,11.39,--,19,21641,买盘
2783,10:20:51,11.39,0.01,86,99047,买盘
2784,10:20:48,11.38,--,45,51210,买盘
2785,10:20:45,11.38,0.01,184,209619,买盘
2786,10:20:42,11.37,-0.01,4,5571,卖盘
2787,10:20:39,11.38,0.01,17,19926,买盘
2788,10:20:36,11.37,-0.01,12,14030,卖盘
2789,10:20:33,11.38,0.01,43,49184,买盘
2790,10:20:30,11.37,-0.01,5,6071,卖盘
2791,10:20:27,11.38,--,108,123108,卖盘
2792,10:20:24,11.38,--,59,67392,买盘
2793,10:20:21,11.38,--,26,30669,买盘
2794,10:20:18,11.38,-0.01,103,118283,卖盘
2795,10:20:15,11.39,0.01,55,62656,买盘
2796,10:20:12,11.38,--,0,34,卖盘
2797,10:20:09,11.38,-0.01,0,978,卖盘
2798,10:20:06,11.39,0.01,3,3587,买盘
2799,10:20:03,11.38,--,3,3823,卖盘
2800,10:20:00,11.38,-0.01,15,18082,卖盘
2801,10:19:57,11.39,--,17,20000,买盘
2802,10:19:54,11.39,--,42,47838,买盘
2803,10:19:51,11.39,--,19,21641,买盘
2804,10:19:48,11.39,--,103,117317,买盘
2805,10:19:45,11.39,0.01,51,58089,买盘
2806,10:19:42,11.38,--,70,79887,卖盘
2807,10:19:39,11.38,-0.01,6,6828,卖盘
2808,10:19:36,11.39,0.01,71,80869,买盘
2809,10:19:33,11.38,--,17,19346,卖盘
2810,10:19:30,11.38,--,1,1138,卖盘
2811,10:19:12,11.38,--,58,66004,卖盘
2812,10:19:09,11.38,0.01,130,147940,买盘
2813,10:19:06,11.37,--,9,10233,卖盘
2814,10:19:03,11.37,-0.01,6,6821,卖盘
2815,10:18:57,11.38,0.01,20,22760,中性盘
2816,10:18:54,11.37,--,26,29561,卖盘
2817,10:18:48,11.37,-0.02,154,175098,卖盘
2818,10:18:45,11.39,--,39,44421,买盘
2819,10:18:39,11.39,0.01,56,63784,买盘
2820,10:18:36,11.38,--,40,45520,卖盘
2821,10:18:33,11.38,--,161,183218,卖盘
2822,10:18:30,11.38,--,2,2276,卖盘
2823,10:18:21,11.38,-0.01,2,2276,卖盘
2824,10:18:18,11.39,--,3,3417,买盘
2825,10:18:15,11.39,0.02,5,5695,买盘
2826,10:18:12,11.37,-0.01,68,77316,卖盘
2827,10:18:09,11.38,-0.01,14,15932,卖盘
2828,10:18:06,11.39,0.01,1,1139,买盘
2829,10:18:03,11.38,--,20,22760,卖盘
2830,10:18:00,11.38,-0.01,2,2276,卖盘
2831,10:17:57,11.39,0.01,2,2278,买盘
2832,10:17:54,11.38,--,31,35278,卖盘
2833,10:17:51,11.38,--,79,89902,卖盘
2834,10:17:48,11.38,-0.01,46,52348,卖盘
2835,10:17:42,11.39,0.01,54,61506,买盘
2836,10:17:36,11.38,--,80,91040,买盘
2837,10:17:33,11.38,--,70,79955,买盘
2838,10:17:30,11.38,--,86,98949,买盘
