,time,price,change,volume,amount,type
0,15:00:03,10.41,0.01,3229,3361389,买盘
1,14:57:00,10.4,-0.01,14,14560,卖盘
2,14:56:57,10.41,--,91,94731,买盘
3,14:56:54,10.41,0.02,544,566304,买盘
4,14:56:51,10.39,-0.01,181,188059,卖盘
5,14:56:48,10.4,--,90,93600,买盘
6,14:56:45,10.4,--,233,242320,卖盘
7,14:56:42,10.4,--,35,36400,卖盘
8,14:56:39,10.4,--,18,18720,卖盘
9,14:56:36,10.4,--,10,10400,卖盘
10,14:56:33,10.4,--,82,85280,卖盘
11,14:56:30,10.4,--,172,178880,买盘
12,14:56:27,10.4,--,3,3120,买盘
13,14:56:24,10.4,0.01,12,12480,买盘
14,14:56:21,10.39,--,109,113251,卖盘
15,14:56:18,10.39,-0.01,233,242087,卖盘
16,14:56:15,10.4,--,12,12480,买盘
17,14:56:12,10.4,--,27,28080,买盘
18,14:56:09,10.4,--,24,24960,买盘
19,14:56:06,10.4,--,50,52000,买盘
20,14:56:03,10.4,--,166,172640,买盘
21,14:56:00,10.4,--,150,156000,买盘
22,14:55:57,10.4,--,102,106080,买盘
23,14:55:54,10.4,--,201,209040,买盘
24,14:55:51,10.4,--,21,21840,买盘
25,14:55:48,10.4,0.01,68,70720,买盘
26,14:55:45,10.39,-0.01,55,57145,卖盘
27,14:55:42,10.4,--,37,38480,买盘
28,14:55:36,10.4,--,18,18720,买盘
29,14:55:33,10.4,--,124,128960,买盘
30,14:55:30,10.4,0.01,10,10400,买盘
31,14:55:27,10.39,-0.01,7,7273,卖盘
32,14:55:24,10.4,--,24,24960,买盘
33,14:55:21,10.4,--,108,112320,买盘
34,14:55:18,10.4,--,182,189280,买盘
35,14:55:15,10.4,--,13,13520,买盘
36,14:55:12,10.4,--,94,97760,买盘
37,14:55:09,10.4,--,130,135200,买盘
38,14:55:06,10.4,--,181,188240,买盘
39,14:55:03,10.4,-0.01,927,964215,卖盘
40,14:55:00,10.41,--,421,438261,买盘
41,14:54:57,10.41,--,95,98895,买盘
42,14:54:54,10.41,0.01,83,86403,买盘
43,14:54:51,10.4,-0.01,124,128960,卖盘
44,14:54:48,10.41,--,5,5205,买盘
45,14:54:45,10.41,0.01,10,10410,买盘
46,14:54:42,10.4,--,23,23920,卖盘
47,14:54:39,10.4,--,58,60320,卖盘
48,14:54:36,10.4,--,50,52000,卖盘
49,14:54:33,10.4,-0.01,692,719680,卖盘
50,14:54:30,10.41,--,114,118674,买盘
51,14:54:27,10.41,--,148,154068,买盘
52,14:54:24,10.41,0.01,12,12492,买盘
53,14:54:21,10.4,-0.01,33,34320,卖盘
54,14:54:18,10.41,--,31,32271,买盘
55,14:54:15,10.41,--,71,73911,买盘
56,14:54:12,10.41,--,34,35394,买盘
57,14:54:09,10.41,--,106,110346,买盘
58,14:54:06,10.41,--,182,189462,买盘
59,14:54:03,10.41,--,13,13533,买盘
60,14:54:00,10.41,--,9,9369,买盘
61,14:53:57,10.41,--,380,395580,买盘
62,14:53:54,10.41,--,93,96813,买盘
63,14:53:51,10.41,0.01,84,87444,买盘
64,14:53:48,10.4,-0.01,11,11440,卖盘
65,14:53:42,10.41,--,9,9369,买盘
66,14:53:39,10.41,--,13,13533,买盘
67,14:53:36,10.41,0.01,54,56214,买盘
68,14:53:33,10.4,--,35,36400,卖盘
69,14:53:30,10.4,-0.01,60,62400,卖盘
70,14:53:27,10.41,--,44,45804,买盘
71,14:53:24,10.41,--,15,15615,买盘
72,14:53:21,10.41,0.01,9,9369,买盘
73,14:53:18,10.4,-0.01,50,52000,卖盘
74,14:53:15,10.41,--,24,24984,买盘
75,14:53:12,10.41,--,10,10410,买盘
76,14:53:09,10.41,--,6,6246,买盘
77,14:53:06,10.41,--,83,86403,买盘
78,14:53:03,10.41,--,107,111387,买盘
79,14:53:00,10.41,--,97,100977,买盘
80,14:52:57,10.41,0.01,227,236307,买盘
81,14:52:54,10.4,--,205,213200,卖盘
82,14:52:51,10.4,--,64,66560,卖盘
83,14:52:48,10.4,-0.01,15,15600,卖盘
84,14:52:45,10.41,--,23,23943,买盘
85,14:52:42,10.41,0.01,158,164478,买盘
86,14:52:39,10.4,-0.01,37,38480,卖盘
87,14:52:36,10.41,--,22,22902,买盘
88,14:52:33,10.41,0.01,768,799488,买盘
89,14:52:30,10.4,--,30,31200,卖盘
90,14:52:27,10.4,--,24,24960,卖盘
91,14:52:24,10.4,--,1010,1050400,卖盘
92,14:52:21,10.4,--,436,453440,卖盘
93,14:52:18,10.4,--,14,14560,卖盘
94,14:52:15,10.4,0.01,2477,2576984,买盘
95,14:52:12,10.39,--,25,25975,卖盘
96,14:52:09,10.39,--,10,10390,卖盘
97,14:52:03,10.39,--,40,41560,卖盘
98,14:52:00,10.39,--,1,1039,卖盘
99,14:51:57,10.39,-0.01,17,17663,卖盘
100,14:51:54,10.4,--,7,7280,买盘
101,14:51:51,10.4,0.01,8,8320,买盘
102,14:51:48,10.39,--,60,62340,卖盘
103,14:51:45,10.39,--,3,3117,卖盘
104,14:51:42,10.39,-0.01,30,31170,卖盘
105,14:51:39,10.4,0.01,30,31200,买盘
106,14:51:36,10.39,--,11,11429,卖盘
107,14:51:33,10.39,--,75,77925,卖盘
108,14:51:30,10.39,--,177,184214,买盘
109,14:51:27,10.39,--,25,25975,买盘
110,14:51:24,10.39,--,10,10390,买盘
111,14:51:21,10.39,--,10,10390,买盘
112,14:51:18,10.39,--,370,384430,买盘
113,14:51:12,10.39,--,29,30131,买盘
114,14:51:09,10.39,0.01,9,9351,买盘
115,14:51:06,10.38,--,10,10380,卖盘
116,14:51:03,10.38,-0.01,12,12456,卖盘
117,14:51:00,10.39,0.01,3,3117,买盘
118,14:50:57,10.38,-0.01,4,4152,卖盘
119,14:50:54,10.39,--,222,230658,买盘
120,14:50:51,10.39,--,50,51950,买盘
121,14:50:48,10.39,--,38,39482,买盘
122,14:50:45,10.39,--,15,15585,买盘
123,14:50:42,10.39,--,40,41560,买盘
124,14:50:39,10.39,--,10,10390,买盘
125,14:50:36,10.39,--,125,129875,买盘
126,14:50:27,10.39,--,913,949334,卖盘
127,14:50:24,10.39,--,18,18702,卖盘
128,14:50:21,10.39,--,7,7273,卖盘
129,14:50:18,10.39,--,5,5195,卖盘
130,14:50:15,10.39,--,54,56106,卖盘
131,14:50:12,10.39,-0.01,9,9351,卖盘
132,14:50:09,10.4,0.01,3,3192,买盘
133,14:50:06,10.39,--,15,15585,卖盘
134,14:50:03,10.39,--,55,57145,卖盘
135,14:50:00,10.39,-0.01,28,29434,卖盘
136,14:49:57,10.4,0.01,42,43680,买盘
137,14:49:54,10.39,--,7,7273,卖盘
138,14:49:51,10.39,--,52,54028,卖盘
139,14:49:48,10.39,-0.01,228,236892,卖盘
140,14:49:42,10.4,--,9,9360,买盘
141,14:49:39,10.4,--,9,9360,买盘
142,14:49:36,10.4,--,9,9360,买盘
143,14:49:33,10.4,0.01,8,8320,买盘
144,14:49:21,10.39,-0.01,12,12468,卖盘
145,14:49:12,10.4,--,81,84240,买盘
146,14:49:09,10.4,0.01,50,52000,买盘
147,14:49:06,10.39,-0.01,11,12073,卖盘
148,14:49:03,10.4,0.01,34,35360,买盘
149,14:49:00,10.39,--,83,86839,卖盘
150,14:48:57,10.39,--,409,424951,卖盘
151,14:48:48,10.39,-0.01,11,11429,卖盘
152,14:48:45,10.4,--,12,12480,买盘
153,14:48:42,10.4,0.01,9,9360,买盘
154,14:48:39,10.39,--,20,20780,卖盘
155,14:48:36,10.39,--,1,1039,卖盘
156,14:48:27,10.39,--,7,7273,卖盘
157,14:48:24,10.39,-0.01,8,8312,卖盘
158,14:48:18,10.4,0.01,18,18720,买盘
159,14:48:12,10.39,-0.01,14,15262,卖盘
160,14:48:09,10.4,0.01,9,9360,买盘
161,14:48:06,10.39,-0.01,37,38443,卖盘
162,14:48:03,10.4,0.01,15,15600,买盘
163,14:48:00,10.39,--,37,38443,卖盘
164,14:47:57,10.39,--,25,26504,卖盘
165,14:47:45,10.39,-0.01,35,36365,卖盘
166,14:47:39,10.4,0.01,4,4160,买盘
167,14:47:36,10.39,-0.01,10,10390,卖盘
168,14:47:27,10.4,--,17,17680,买盘
169,14:47:24,10.4,--,113,117520,买盘
170,14:47:21,10.4,--,7,7280,买盘
171,14:47:18,10.4,0.01,62,64480,买盘
172,14:47:15,10.39,-0.01,5,5195,卖盘
173,14:47:12,10.4,--,14,14560,买盘
174,14:47:09,10.4,0.01,35,37107,买盘
175,14:47:06,10.39,-0.01,63,65457,卖盘
176,14:47:03,10.4,0.01,11,11440,买盘
177,14:47:00,10.39,--,46,48334,卖盘
178,14:46:57,10.39,--,13,13507,卖盘
179,14:46:54,10.39,-0.01,160,166240,卖盘
180,14:46:48,10.4,--,50,52000,买盘
181,14:46:45,10.4,--,10,10400,买盘
182,14:46:33,10.4,--,38,39520,买盘
183,14:46:30,10.4,--,46,47840,买盘
184,14:46:27,10.4,--,34,35360,买盘
185,14:46:24,10.4,--,31,32240,买盘
186,14:46:21,10.4,--,84,87495,卖盘
187,14:46:18,10.4,--,113,117520,卖盘
188,14:46:15,10.4,--,355,370104,买盘
189,14:46:12,10.4,0.01,465,483600,买盘
190,14:46:09,10.39,--,340,353260,卖盘
191,14:46:06,10.39,--,446,464194,卖盘
192,14:45:57,10.39,--,60,62340,卖盘
193,14:45:54,10.39,-0.01,51,53435,卖盘
194,14:45:51,10.4,0.01,45,46800,买盘
195,14:45:48,10.39,-0.01,21,21819,卖盘
196,14:45:42,10.4,--,165,171600,买盘
197,14:45:36,10.4,0.01,175,182000,买盘
198,14:45:33,10.39,--,138,143382,卖盘
199,14:45:30,10.39,-0.01,22,22858,卖盘
200,14:45:27,10.4,--,23,23920,买盘
201,14:45:24,10.4,0.01,10,10400,买盘
202,14:45:21,10.39,-0.01,21,21819,卖盘
203,14:45:18,10.4,0.01,211,219440,买盘
204,14:45:15,10.39,-0.01,132,137148,卖盘
205,14:45:12,10.4,0.01,46,47840,买盘
206,14:45:09,10.39,--,52,54339,卖盘
207,14:45:06,10.39,--,13,13507,卖盘
208,14:45:03,10.39,-0.01,66,68574,卖盘
209,14:44:54,10.4,--,58,60320,买盘
210,14:44:51,10.4,--,97,101816,买盘
211,14:44:48,10.4,--,35,36400,买盘
212,14:44:45,10.4,--,98,101920,买盘
213,14:44:42,10.4,0.01,85,88400,买盘
214,14:44:39,10.39,-0.01,10,10390,卖盘
215,14:44:36,10.4,0.01,140,145600,买盘
216,14:44:33,10.39,--,63,65457,卖盘
217,14:44:30,10.39,-0.01,13,13507,卖盘
218,14:44:24,10.4,0.01,47,48880,买盘
219,14:44:18,10.39,--,5,5195,卖盘
220,14:44:12,10.39,-0.01,15,15585,卖盘
221,14:44:09,10.4,0.01,102,106090,买盘
222,14:44:06,10.39,-0.01,15,15585,卖盘
223,14:44:03,10.4,0.01,138,143520,买盘
224,14:44:00,10.39,--,6,6234,卖盘
225,14:43:57,10.39,--,6,6234,卖盘
226,14:43:51,10.39,-0.01,24,25133,卖盘
227,14:43:48,10.4,--,31,32240,买盘
228,14:43:45,10.4,--,357,371280,买盘
229,14:43:42,10.4,--,10,10400,买盘
230,14:43:39,10.4,--,287,298480,买盘
231,14:43:30,10.4,--,2,2080,买盘
232,14:43:27,10.4,0.01,1,1040,买盘
233,14:43:24,10.39,--,13,13507,卖盘
234,14:43:21,10.39,-0.01,5,5195,卖盘
235,14:43:18,10.4,0.01,31,32240,买盘
236,14:43:15,10.39,--,51,52989,卖盘
237,14:43:09,10.39,0.01,568,590879,买盘
238,14:43:06,10.38,--,3,3114,卖盘
239,14:43:03,10.38,--,50,51900,卖盘
240,14:43:00,10.38,-0.01,19,20656,卖盘
241,14:42:48,10.39,--,29,30442,买盘
242,14:42:42,10.39,--,238,247282,买盘
243,14:42:39,10.39,--,73,75847,买盘
244,14:42:33,10.39,0.01,101,104939,买盘
245,14:42:24,10.38,--,12,12456,卖盘
246,14:42:21,10.38,--,20,20760,卖盘
247,14:42:12,10.38,--,86,89268,卖盘
248,14:42:00,10.38,-0.01,59,61895,卖盘
249,14:41:57,10.39,0.01,40,41560,买盘
250,14:41:54,10.38,--,8,8304,卖盘
251,14:41:51,10.38,-0.01,22,23427,卖盘
252,14:41:48,10.39,0.01,10,10390,买盘
253,14:41:45,10.38,-0.01,3,3114,卖盘
254,14:41:39,10.39,0.01,33,34287,买盘
255,14:41:33,10.38,-0.01,1,1038,卖盘
256,14:41:30,10.39,0.01,100,103900,买盘
257,14:41:24,10.38,--,3,3114,卖盘
258,14:41:21,10.38,--,5,5190,卖盘
259,14:41:18,10.38,-0.01,40,41520,卖盘
260,14:41:15,10.39,--,10,10390,买盘
261,14:41:09,10.39,--,7,7273,买盘
262,14:41:06,10.39,--,61,64199,买盘
263,14:40:57,10.39,0.01,102,105978,买盘
264,14:40:54,10.38,--,37,38831,卖盘
265,14:40:51,10.38,-0.01,17,17646,卖盘
266,14:40:45,10.39,0.01,12,12468,买盘
267,14:40:42,10.38,-0.01,10,10380,卖盘
268,14:40:36,10.39,--,31,32209,买盘
269,14:40:33,10.39,0.01,31,32209,买盘
270,14:40:30,10.38,--,48,49824,卖盘
271,14:40:27,10.38,--,42,43596,卖盘
272,14:40:21,10.38,--,32,33216,卖盘
273,14:40:18,10.38,0.01,689,715348,买盘
274,14:40:15,10.37,-0.01,600,622200,卖盘
275,14:40:12,10.38,--,118,122484,买盘
276,14:40:06,10.38,--,1,1038,买盘
277,14:40:00,10.38,--,39,41499,买盘
278,14:39:57,10.38,--,11,11418,买盘
279,14:39:51,10.38,0.01,30,31368,买盘
280,14:39:48,10.37,-0.01,32,33184,卖盘
281,14:39:45,10.38,--,397,412086,买盘
282,14:39:36,10.38,--,1,1038,买盘
283,14:39:33,10.38,--,10,10380,买盘
284,14:39:30,10.38,0.01,31,32178,买盘
285,14:39:27,10.37,--,7,8067,卖盘
286,14:39:24,10.37,--,5,5185,卖盘
287,14:39:21,10.37,-0.01,7,7258,卖盘
288,14:39:12,10.38,--,10,10380,买盘
289,14:39:09,10.38,--,9,9342,买盘
290,14:39:00,10.38,--,159,165592,买盘
291,14:38:54,10.38,0.01,1,1038,买盘
292,14:38:42,10.37,--,24,25582,卖盘
293,14:38:36,10.37,--,9,9333,卖盘
294,14:38:30,10.37,--,11,11407,卖盘
295,14:38:27,10.37,0.01,213,221067,买盘
296,14:38:24,10.36,-0.01,61,63196,卖盘
297,14:38:21,10.37,--,10,10370,买盘
298,14:38:18,10.37,--,30,31109,买盘
299,14:38:09,10.37,--,42,43554,买盘
300,14:38:06,10.37,--,11,11407,买盘
301,14:38:03,10.37,--,997,1034739,卖盘
302,14:38:00,10.37,--,5,5185,卖盘
303,14:37:51,10.37,--,18,18914,卖盘
304,14:37:48,10.37,-0.01,3,3110,卖盘
305,14:37:45,10.38,0.01,54,57048,买盘
306,14:37:42,10.37,-0.01,10,10370,卖盘
307,14:37:39,10.38,--,15,15570,买盘
308,14:37:30,10.38,--,1,1038,买盘
309,14:37:27,10.38,--,34,35292,买盘
310,14:37:24,10.38,0.01,73,75774,买盘
311,14:37:21,10.37,-0.01,14,14517,卖盘
312,14:37:18,10.38,--,35,36330,买盘
313,14:37:15,10.38,--,18,18684,买盘
314,14:37:12,10.38,--,10,10380,买盘
315,14:37:03,10.38,--,31,32178,买盘
316,14:37:00,10.38,--,20,20760,买盘
317,14:36:57,10.38,--,26,28005,买盘
318,14:36:54,10.38,--,11,11418,买盘
319,14:36:51,10.38,0.01,6,6228,买盘
320,14:36:48,10.37,--,35,36295,卖盘
321,14:36:45,10.37,--,33,34449,卖盘
322,14:36:42,10.37,-0.01,10,10370,卖盘
323,14:36:39,10.38,--,1,1038,买盘
324,14:36:36,10.38,0.01,41,42558,买盘
325,14:36:27,10.37,-0.01,15,15554,卖盘
326,14:36:18,10.38,--,32,33216,买盘
327,14:36:15,10.38,--,11,11418,买盘
328,14:36:12,10.38,0.01,40,41520,买盘
329,14:36:06,10.37,--,8,8296,卖盘
330,14:36:03,10.37,--,1,1037,卖盘
331,14:36:00,10.37,--,13,13480,卖盘
332,14:35:54,10.37,-0.01,47,48738,卖盘
333,14:35:51,10.38,0.01,11,12186,买盘
334,14:35:48,10.37,--,59,61182,卖盘
335,14:35:42,10.37,--,24,25365,卖盘
336,14:35:39,10.37,--,2,2074,卖盘
337,14:35:36,10.37,--,14,14517,卖盘
338,14:35:33,10.37,--,19,19703,买盘
339,14:35:30,10.37,--,15,15554,买盘
340,14:35:27,10.37,--,8,8296,买盘
341,14:35:24,10.37,0.01,280,290360,买盘
342,14:35:21,10.36,-0.01,10,10360,卖盘
343,14:35:18,10.37,--,10,10370,买盘
344,14:35:15,10.37,--,11,11407,买盘
345,14:35:12,10.37,0.01,72,74664,买盘
346,14:35:09,10.36,-0.01,27,27972,卖盘
347,14:35:03,10.37,--,6,6221,买盘
348,14:35:00,10.37,0.01,60,62219,买盘
349,14:34:54,10.36,-0.01,51,53001,卖盘
350,14:34:51,10.37,--,1,1037,买盘
351,14:34:45,10.37,0.01,25,25924,买盘
352,14:34:42,10.36,-0.01,36,37337,卖盘
353,14:34:39,10.37,0.01,48,49775,买盘
354,14:34:36,10.36,--,1,1036,卖盘
355,14:34:33,10.36,--,10,10360,卖盘
356,14:34:30,10.36,-0.01,42,43512,卖盘
357,14:34:24,10.37,--,21,21777,买盘
358,14:34:21,10.37,0.01,101,104736,买盘
359,14:34:09,10.36,-0.01,28,29008,卖盘
360,14:34:03,10.37,--,32,33184,买盘
361,14:34:00,10.37,0.01,137,142069,买盘
362,14:33:57,10.36,-0.01,63,65630,卖盘
363,14:33:54,10.37,--,1,1037,买盘
364,14:33:51,10.37,--,4,4148,买盘
365,14:33:42,10.37,--,59,62064,买盘
366,14:33:39,10.37,0.01,104,107847,买盘
367,14:33:36,10.36,--,4,4144,卖盘
368,14:33:33,10.36,--,5,5180,卖盘
369,14:33:27,10.36,-0.01,100,103600,卖盘
370,14:33:18,10.37,0.01,29,30072,买盘
371,14:33:15,10.36,--,108,111888,卖盘
372,14:33:09,10.36,--,100,103600,卖盘
373,14:33:03,10.36,--,107,110852,卖盘
374,14:33:00,10.36,--,42,43708,卖盘
375,14:32:57,10.36,--,19,19684,卖盘
376,14:32:54,10.36,-0.01,168,174534,卖盘
377,14:32:51,10.37,--,43,44591,买盘
378,14:32:48,10.37,--,149,154513,买盘
379,14:32:45,10.37,--,27,27998,买盘
380,14:32:42,10.37,--,22,22814,买盘
381,14:32:39,10.37,--,1,1037,买盘
382,14:32:36,10.37,--,14,14517,买盘
383,14:32:24,10.37,--,4,4148,买盘
384,14:32:18,10.37,--,27,27998,买盘
385,14:32:09,10.37,--,351,363987,买盘
386,14:32:03,10.37,--,41,42517,买盘
387,14:32:00,10.37,0.01,169,175792,买盘
388,14:31:57,10.36,-0.01,51,52836,卖盘
389,14:31:54,10.37,--,1,1037,买盘
390,14:31:51,10.37,0.01,73,75846,买盘
391,14:31:42,10.36,--,100,103600,卖盘
392,14:31:39,10.36,--,24,24864,卖盘
393,14:31:36,10.36,--,5,5180,卖盘
394,14:31:27,10.36,--,9,9324,卖盘
395,14:31:21,10.36,-0.01,12,12432,卖盘
396,14:31:18,10.37,--,12,12443,买盘
397,14:31:15,10.37,0.01,47,48738,买盘
398,14:31:12,10.36,--,3,3108,卖盘
399,14:31:09,10.36,--,2,2072,卖盘
400,14:31:06,10.36,--,1,1036,卖盘
401,14:31:03,10.36,-0.01,22,23537,卖盘
402,14:30:57,10.37,0.01,10,10370,买盘
403,14:30:54,10.36,--,23,23828,卖盘
404,14:30:51,10.36,-0.01,20,20720,卖盘
405,14:30:48,10.37,0.01,31,32146,买盘
406,14:30:45,10.36,--,35,37233,卖盘
407,14:30:39,10.36,-0.01,7,7252,卖盘
408,14:30:36,10.37,--,20,20740,买盘
409,14:30:27,10.37,0.01,11,11407,买盘
410,14:30:24,10.36,--,40,41440,卖盘
411,14:30:12,10.36,-0.01,9,9324,卖盘
412,14:30:03,10.37,--,55,57034,买盘
413,14:29:57,10.37,0.01,57,59274,买盘
414,14:29:51,10.36,--,50,51800,卖盘
415,14:29:48,10.36,-0.01,10,10360,卖盘
416,14:29:45,10.37,0.01,123,128069,买盘
417,14:29:39,10.36,-0.01,7,7252,卖盘
418,14:29:24,10.37,--,5,5185,买盘
419,14:29:21,10.37,--,11,11407,买盘
420,14:29:18,10.37,0.01,9,9333,买盘
421,14:29:15,10.36,--,30,31080,卖盘
422,14:29:12,10.36,-0.01,1,1036,卖盘
423,14:29:06,10.37,0.01,164,170068,买盘
424,14:29:03,10.36,-0.01,54,55944,卖盘
425,14:29:00,10.37,0.01,3,3110,买盘
426,14:28:57,10.36,--,123,128236,卖盘
427,14:28:51,10.36,-0.01,135,140771,卖盘
428,14:28:42,10.37,0.01,32,33184,买盘
429,14:28:39,10.36,-0.01,20,20720,卖盘
430,14:28:36,10.37,0.01,1,1037,买盘
431,14:28:27,10.36,-0.01,3,3108,卖盘
432,14:28:24,10.37,--,11,11407,买盘
433,14:28:21,10.37,0.01,108,111995,买盘
434,14:27:57,10.36,-0.01,18,19166,卖盘
435,14:27:54,10.37,0.01,1,1037,买盘
436,14:27:48,10.36,--,1,1036,卖盘
437,14:27:42,10.36,--,2,2072,卖盘
438,14:27:39,10.36,-0.01,40,41605,卖盘
439,14:27:24,10.37,--,11,11407,买盘
440,14:27:12,10.37,0.01,10,10370,买盘
441,14:27:09,10.36,-0.01,4,4144,卖盘
442,14:26:57,10.37,0.01,30,31109,买盘
443,14:26:54,10.36,--,3,3108,卖盘
444,14:26:51,10.36,-0.01,21,22429,卖盘
445,14:26:48,10.37,0.01,15,15554,中性盘
446,14:26:39,10.36,-0.01,38,39378,卖盘
447,14:26:36,10.37,--,10,10370,卖盘
448,14:26:30,10.37,--,10,10370,中性盘
449,14:26:18,10.37,0.01,10,10370,买盘
450,14:26:15,10.36,--,2,2072,卖盘
451,14:26:12,10.36,-0.01,4,4144,卖盘
452,14:26:09,10.37,0.01,50,51849,买盘
453,14:26:03,10.36,--,20,20720,卖盘
454,14:25:51,10.36,-0.01,21,22450,卖盘
455,14:25:48,10.37,--,1,1037,买盘
456,14:25:39,10.37,--,37,39395,卖盘
457,14:25:33,10.37,--,2,2074,卖盘
458,14:25:30,10.37,-0.01,8,8296,卖盘
459,14:25:27,10.38,0.01,11,11418,买盘
460,14:25:24,10.37,0.01,10,10370,卖盘
461,14:25:21,10.36,-0.01,540,559440,卖盘
462,14:25:09,10.37,--,20,20740,卖盘
463,14:24:51,10.37,--,21,21777,卖盘
464,14:24:48,10.37,-0.01,27,28921,卖盘
465,14:24:45,10.38,0.01,26,27922,买盘
466,14:24:42,10.37,0.01,80,82960,买盘
467,14:24:39,10.36,--,48,50525,卖盘
468,14:24:27,10.36,--,111,114996,卖盘
469,14:24:18,10.36,--,27,27972,卖盘
470,14:24:15,10.36,--,176,182336,卖盘
471,14:24:12,10.36,--,1,1036,卖盘
472,14:24:09,10.36,--,59,61124,卖盘
473,14:24:00,10.36,--,2,2072,卖盘
474,14:23:57,10.36,--,5,5180,卖盘
475,14:23:51,10.36,--,22,22802,卖盘
476,14:23:42,10.36,--,42,44185,卖盘
477,14:23:39,10.36,-0.01,10,10360,卖盘
478,14:23:36,10.37,0.01,11,11407,买盘
479,14:23:33,10.36,-0.01,80,82880,卖盘
480,14:23:27,10.37,--,11,11407,买盘
481,14:23:21,10.37,--,44,45628,买盘
482,14:23:12,10.37,--,10,10370,买盘
483,14:23:03,10.37,--,163,169134,卖盘
484,14:23:00,10.37,--,1,1037,卖盘
485,14:22:57,10.37,--,1220,1265140,卖盘
486,14:22:54,10.37,--,18,18666,卖盘
487,14:22:51,10.37,-0.01,23,24628,卖盘
488,14:22:42,10.38,0.01,1,1038,买盘
489,14:22:39,10.37,-0.01,7,7258,卖盘
490,14:22:33,10.38,0.01,45,47654,买盘
491,14:22:30,10.37,-0.01,43,44591,卖盘
492,14:22:27,10.38,0.01,40,41520,买盘
493,14:22:15,10.37,-0.01,154,159698,卖盘
494,14:22:06,10.38,0.01,14,14532,买盘
495,14:22:03,10.37,-0.01,1,1037,卖盘
496,14:21:48,10.38,0.01,13,13494,买盘
497,14:21:45,10.37,--,26,27978,卖盘
498,14:21:42,10.37,-0.01,3,3110,卖盘
499,14:21:36,10.38,0.01,11,11418,买盘
500,14:21:33,10.37,--,38,40111,卖盘
501,14:21:24,10.37,-0.01,5,5185,卖盘
502,14:21:18,10.38,--,15,15570,买盘
503,14:21:12,10.38,0.01,26,26988,买盘
504,14:21:00,10.37,-0.01,3,3110,卖盘
505,14:20:57,10.38,--,63,65394,买盘
506,14:20:51,10.38,0.01,1,1038,买盘
507,14:20:48,10.37,-0.02,19,20408,卖盘
508,14:20:42,10.39,0.02,7,7273,买盘
509,14:20:39,10.37,--,1,1037,卖盘
510,14:20:36,10.37,-0.02,38,40422,卖盘
511,14:20:33,10.39,--,433,449887,买盘
512,14:20:30,10.39,0.01,29,30131,买盘
513,14:20:27,10.38,--,10,10380,卖盘
514,14:20:24,10.38,--,5,5190,买盘
515,14:20:12,10.38,--,5,5190,买盘
516,14:19:51,10.38,--,5,5190,买盘
517,14:19:48,10.38,--,21,22285,买盘
518,14:19:45,10.38,-0.01,1,1038,买盘
519,14:19:36,10.39,0.01,12,12468,买盘
520,14:19:33,10.38,--,43,44831,卖盘
521,14:19:30,10.38,--,21,21798,卖盘
522,14:19:12,10.38,--,2,2076,卖盘
523,14:19:09,10.38,-0.01,7,7266,卖盘
524,14:19:03,10.39,0.02,1,1039,买盘
525,14:18:54,10.37,-0.02,10,10370,卖盘
526,14:18:51,10.39,--,1,1039,买盘
527,14:18:45,10.39,0.02,4,4156,买盘
528,14:18:39,10.37,--,18,18790,卖盘
529,14:18:27,10.37,--,40,42039,卖盘
530,14:18:21,10.37,-0.01,70,72590,卖盘
531,14:18:12,10.38,-0.02,7,7266,买盘
532,14:18:03,10.4,0.02,606,630240,买盘
533,14:18:00,10.38,--,5,5190,卖盘
534,14:17:57,10.38,-0.01,7,7266,卖盘
535,14:17:51,10.39,0.01,1,1039,买盘
536,14:17:48,10.38,--,1,1038,中性盘
537,14:17:45,10.38,--,1,1038,买盘
538,14:17:42,10.38,0.01,1,1038,卖盘
539,14:17:39,10.37,-0.02,19,20501,卖盘
540,14:17:33,10.39,0.01,55,58069,买盘
541,14:17:30,10.38,--,5,5190,卖盘
542,14:17:15,10.38,0.01,30,31140,中性盘
543,14:17:09,10.37,--,58,60145,卖盘
544,14:17:06,10.37,-0.01,273,283101,卖盘
545,14:17:00,10.38,--,60,62280,卖盘
546,14:16:54,10.38,--,30,31140,卖盘
547,14:16:51,10.38,-0.01,100,103800,卖盘
548,14:16:48,10.39,--,1,1039,买盘
549,14:16:45,10.39,0.01,4,4156,买盘
550,14:16:42,10.38,--,1,1038,卖盘
551,14:16:36,10.38,--,86,89371,卖盘
552,14:16:30,10.38,--,613,636294,卖盘
553,14:16:24,10.38,-0.01,36,37949,卖盘
554,14:16:15,10.39,--,10,10390,买盘
555,14:16:06,10.39,0.01,38,39482,买盘
556,14:16:03,10.38,-0.01,12,12456,卖盘
557,14:15:48,10.39,--,2,2078,买盘
558,14:15:45,10.39,0.01,1,1039,买盘
559,14:15:42,10.38,--,16,16960,卖盘
560,14:15:39,10.38,--,7,7266,卖盘
561,14:15:30,10.38,-0.01,46,48080,卖盘
562,14:15:27,10.39,--,2,2078,买盘
563,14:15:15,10.39,0.01,5,5195,买盘
564,14:15:09,10.38,--,9,9342,卖盘
565,14:15:03,10.38,-0.01,30,31140,卖盘
566,14:14:57,10.39,--,2,2078,买盘
567,14:14:48,10.39,--,21,21819,买盘
568,14:14:45,10.39,0.01,9,9351,买盘
569,14:14:36,10.38,--,21,22285,卖盘
570,14:14:33,10.38,--,30,31140,卖盘
571,14:14:27,10.38,-0.01,37,38603,卖盘
572,14:14:24,10.39,--,10,10390,买盘
573,14:14:18,10.39,0.01,606,629634,买盘
574,14:14:15,10.38,--,4,4152,卖盘
575,14:14:09,10.38,-0.01,12,12456,卖盘
576,14:14:00,10.39,0.01,12,12468,买盘
577,14:13:51,10.38,-0.01,2,2076,卖盘
578,14:13:48,10.39,0.01,8,8312,买盘
579,14:13:45,10.38,-0.01,30,31140,卖盘
580,14:13:42,10.39,0.01,22,22858,买盘
581,14:13:39,10.38,--,30,31140,卖盘
582,14:13:36,10.38,--,345,358359,卖盘
583,14:13:33,10.38,--,50,51900,卖盘
584,14:13:24,10.38,--,5,5190,卖盘
585,14:13:21,10.38,--,49,51297,卖盘
586,14:13:18,10.38,-0.01,80,83040,卖盘
587,14:13:12,10.39,0.01,19,19741,买盘
588,14:13:06,10.38,-0.01,7,7266,卖盘
589,14:12:54,10.39,--,21,21819,买盘
590,14:12:48,10.39,0.01,31,32209,买盘
591,14:12:45,10.38,-0.01,83,86154,卖盘
592,14:12:42,10.39,--,1,1039,买盘
593,14:12:39,10.39,0.01,25,25975,买盘
594,14:12:36,10.38,-0.01,10,10380,卖盘
595,14:12:33,10.39,0.01,10,10390,买盘
596,14:12:30,10.38,--,20,21164,卖盘
597,14:12:27,10.38,-0.01,30,31140,卖盘
598,14:12:24,10.39,0.01,12,12468,买盘
599,14:12:21,10.38,--,48,50104,卖盘
600,14:12:18,10.38,-0.01,7,7266,卖盘
601,14:12:09,10.39,--,50,51950,买盘
602,14:12:03,10.39,0.01,18,18702,买盘
603,14:11:57,10.38,-0.01,39,40482,卖盘
604,14:11:51,10.39,--,148,153772,买盘
605,14:11:48,10.39,--,1,1039,买盘
606,14:11:45,10.39,0.01,12,12468,买盘
607,14:11:42,10.38,-0.01,37,38406,卖盘
608,14:11:39,10.39,0.01,310,322090,买盘
609,14:11:30,10.38,-0.01,20,21071,卖盘
610,14:11:27,10.39,0.01,3,3117,买盘
611,14:11:24,10.38,-0.01,38,39817,卖盘
612,14:11:15,10.39,0.01,20,20780,买盘
613,14:11:12,10.38,--,4,4152,卖盘
614,14:11:09,10.38,-0.01,9,9342,卖盘
615,14:11:06,10.39,--,8,8312,买盘
616,14:10:54,10.39,--,4,4156,买盘
617,14:10:48,10.39,--,91,94549,买盘
618,14:10:45,10.39,0.02,7,7273,买盘
619,14:10:42,10.37,-0.02,18,18666,卖盘
620,14:10:39,10.39,0.02,606,629634,买盘
621,14:10:27,10.37,--,20,20822,卖盘
622,14:10:18,10.37,--,38,40007,卖盘
623,14:10:15,10.37,--,7,7258,卖盘
624,14:10:12,10.37,--,1,1037,卖盘
625,14:10:09,10.37,--,6,6221,卖盘
626,14:10:06,10.37,--,7,7258,卖盘
627,14:10:00,10.37,-0.01,48,49775,卖盘
628,14:09:51,10.38,--,3,3114,买盘
629,14:09:48,10.38,0.01,10,10380,买盘
630,14:09:42,10.37,--,1,1037,卖盘
631,14:09:36,10.37,--,101,104736,卖盘
632,14:09:30,10.37,-0.01,17,17629,卖盘
633,14:09:27,10.38,0.01,5,5190,中性盘
634,14:09:15,10.37,-0.01,41,43201,卖盘
635,14:09:12,10.38,--,7,7266,卖盘
636,14:09:06,10.38,--,25,25950,买盘
637,14:09:00,10.38,--,75,77850,卖盘
638,14:08:54,10.38,--,53,55014,买盘
639,14:08:51,10.38,--,21,21798,买盘
640,14:08:48,10.38,--,1,1038,买盘
641,14:08:42,10.38,--,10,10380,买盘
642,14:08:36,10.38,--,16,16608,买盘
643,14:08:33,10.38,--,41,42558,卖盘
644,14:08:27,10.38,0.01,10,10380,卖盘
645,14:08:24,10.37,--,18,19308,卖盘
646,14:08:21,10.37,-0.01,40,41521,卖盘
647,14:08:18,10.38,--,17,17646,卖盘
648,14:08:09,10.38,--,11,11418,卖盘
649,14:08:00,10.38,-0.01,10,10380,卖盘
650,14:07:54,10.39,0.01,1,1039,买盘
651,14:07:48,10.38,--,59,61242,买盘
652,14:07:39,10.38,-0.01,1,1038,中性盘
653,14:07:36,10.39,0.01,20,20780,买盘
654,14:07:24,10.38,-0.01,26,27641,中性盘
655,14:07:18,10.39,0.01,818,849933,买盘
656,14:07:15,10.38,--,15,15570,买盘
657,14:07:00,10.38,0.01,7,7266,买盘
658,14:06:54,10.37,-0.01,32,33184,卖盘
659,14:06:45,10.38,--,2,2076,买盘
660,14:06:42,10.38,0.01,37,38738,买盘
661,14:06:30,10.37,--,12,13149,卖盘
662,14:06:21,10.37,-0.01,19,20169,卖盘
663,14:06:18,10.38,0.01,5,5190,买盘
664,14:06:15,10.37,-0.01,39,40660,卖盘
665,14:06:12,10.38,0.01,9,9342,买盘
666,14:06:09,10.37,--,1,1037,卖盘
667,14:06:06,10.37,--,8,8296,卖盘
668,14:06:03,10.37,--,18,18666,卖盘
669,14:05:57,10.37,-0.01,50,51849,卖盘
670,14:05:54,10.38,--,100,103800,买盘
671,14:05:51,10.38,--,1,1038,买盘
672,14:05:48,10.38,0.01,1,1038,买盘
673,14:05:45,10.37,--,4,4148,卖盘
674,14:05:42,10.37,-0.01,10,10370,卖盘
675,14:05:39,10.38,0.01,10,10380,买盘
676,14:05:36,10.37,--,11,11407,卖盘
677,14:05:30,10.37,--,60,62219,卖盘
678,14:05:18,10.37,--,27,28278,卖盘
679,14:05:15,10.37,--,17,17629,卖盘
680,14:05:12,10.37,--,649,673417,卖盘
681,14:04:57,10.37,-0.01,40,41480,卖盘
682,14:04:51,10.38,0.01,42,43596,买盘
683,14:04:48,10.37,--,5,5185,卖盘
684,14:04:45,10.37,0.01,13,13480,中性盘
685,14:04:24,10.36,--,18,18699,卖盘
686,14:04:21,10.36,--,30,31080,卖盘
687,14:04:12,10.36,-0.01,7,7252,卖盘
688,14:04:06,10.37,--,49,51445,买盘
689,14:04:03,10.37,0.01,17,17629,买盘
690,14:04:00,10.36,--,414,428904,卖盘
691,14:03:57,10.36,-0.02,40,41440,卖盘
692,14:03:48,10.38,--,1,1038,买盘
693,14:03:39,10.38,0.02,1,1038,买盘
694,14:03:36,10.36,--,85,88060,卖盘
695,14:03:33,10.36,-0.02,10,10360,卖盘
696,14:03:30,10.38,0.02,433,449454,买盘
697,14:03:27,10.36,--,5,5180,卖盘
698,14:03:15,10.36,-0.01,20,21320,卖盘
699,14:03:12,10.37,--,32,33184,买盘
700,14:03:06,10.37,--,284,294590,卖盘
701,14:03:03,10.37,--,20,20740,卖盘
702,14:02:57,10.37,-0.01,36,37332,卖盘
703,14:02:54,10.38,--,5,5190,买盘
704,14:02:48,10.38,--,24,24912,买盘
705,14:02:45,10.38,--,71,73698,买盘
706,14:02:42,10.38,0.01,6,6228,买盘
707,14:02:39,10.37,--,32,33184,卖盘
708,14:02:30,10.37,--,16,16592,卖盘
709,14:02:24,10.37,--,20,20740,卖盘
710,14:02:18,10.37,-0.01,23,24535,卖盘
711,14:02:12,10.38,0.01,18,18684,买盘
712,14:02:09,10.37,--,35,36295,卖盘
713,14:02:00,10.37,-0.01,30,31109,卖盘
714,14:01:54,10.38,0.01,10,10380,买盘
715,14:01:51,10.37,-0.01,10,10370,卖盘
716,14:01:45,10.38,--,1,1038,买盘
717,14:01:42,10.38,--,2,2076,买盘
718,14:01:33,10.38,--,1,1038,买盘
719,14:01:30,10.38,--,9,9342,买盘
720,14:01:27,10.38,0.01,46,47748,买盘
721,14:01:24,10.37,--,437,453168,卖盘
722,14:01:15,10.37,-0.01,18,19360,卖盘
723,14:01:12,10.38,--,18,18684,买盘
724,14:01:06,10.38,0.01,3,3114,买盘
725,14:01:03,10.37,-0.01,39,41469,卖盘
726,14:00:57,10.38,--,5,5190,买盘
727,14:00:54,10.38,--,14,14532,买盘
728,14:00:48,10.38,--,11,11418,买盘
729,14:00:45,10.38,--,1,1038,买盘
730,14:00:42,10.38,--,1,1038,买盘
731,14:00:33,10.38,--,1,1038,买盘
732,14:00:24,10.38,0.01,50,51900,买盘
733,14:00:18,10.37,-0.01,19,20522,卖盘
734,14:00:15,10.38,-0.01,25,26084,卖盘
735,14:00:06,10.39,0.01,17,17663,买盘
736,14:00:03,10.38,--,39,41385,卖盘
737,13:59:54,10.38,--,55,57090,卖盘
738,13:59:51,10.38,-0.01,2,2076,卖盘
739,13:59:48,10.39,--,2,2078,买盘
740,13:59:45,10.39,0.01,2,2078,买盘
741,13:59:42,10.38,--,7,7266,卖盘
742,13:59:39,10.38,--,10,10380,卖盘
743,13:59:27,10.38,-0.01,20,20760,卖盘
744,13:59:24,10.39,0.01,17,17663,买盘
745,13:59:21,10.38,--,10,10380,卖盘
746,13:59:18,10.38,-0.01,10,10380,卖盘
747,13:59:15,10.39,0.01,20,20780,买盘
748,13:59:09,10.38,0.01,17,18528,买盘
749,13:59:06,10.37,--,30,31109,卖盘
750,13:59:03,10.37,-0.02,48,50615,卖盘
751,13:58:51,10.39,--,51,52989,买盘
752,13:58:48,10.39,0.01,350,363650,买盘
753,13:58:45,10.38,--,31,32178,买盘
754,13:58:36,10.38,--,20,20760,买盘
755,13:58:30,10.38,--,10,10380,买盘
756,13:58:24,10.38,--,12,12456,买盘
757,13:58:15,10.38,0.01,20,20760,买盘
758,13:58:12,10.37,--,22,23456,卖盘
759,13:58:06,10.37,-0.01,36,37373,卖盘
760,13:58:03,10.38,--,18,18684,买盘
761,13:58:00,10.38,--,94,97572,买盘
762,13:57:57,10.38,--,9,9342,买盘
763,13:57:54,10.38,--,49,50862,买盘
764,13:57:51,10.38,--,240,249908,卖盘
765,13:57:45,10.38,--,39,40482,买盘
766,13:57:42,10.38,-0.01,10,10380,卖盘
767,13:57:39,10.39,0.01,24,24936,买盘
768,13:57:33,10.38,--,12,12456,卖盘
769,13:57:30,10.38,--,4,4152,卖盘
770,13:57:27,10.38,--,5,5190,卖盘
771,13:57:18,10.38,--,32,33216,买盘
772,13:57:15,10.38,0.01,18,18684,买盘
773,13:57:09,10.37,--,60,62614,卖盘
774,13:56:54,10.37,-0.01,35,36585,卖盘
775,13:56:51,10.38,0.01,28,29064,买盘
776,13:56:48,10.37,-0.01,270,279990,卖盘
777,13:56:45,10.38,--,28,29064,买盘
778,13:56:39,10.38,--,2,2076,买盘
779,13:56:36,10.38,--,10,10380,买盘
780,13:56:27,10.38,--,17,17646,买盘
781,13:56:24,10.38,--,36,37368,买盘
782,13:56:21,10.38,0.01,6,6228,买盘
783,13:56:18,10.37,--,17,17629,卖盘
784,13:56:06,10.37,-0.02,20,21465,卖盘
785,13:56:03,10.39,0.01,47,49830,买盘
786,13:55:57,10.38,-0.01,5,5190,卖盘
787,13:55:51,10.39,0.01,18,18702,买盘
788,13:55:48,10.38,--,148,153624,买盘
789,13:55:42,10.38,--,21,21798,买盘
790,13:55:39,10.38,0.01,1,1038,买盘
791,13:55:27,10.37,-0.02,10,10370,卖盘
792,13:55:18,10.39,0.02,18,18702,买盘
793,13:55:09,10.37,--,24,25437,卖盘
794,13:54:57,10.37,-0.01,36,37466,卖盘
795,13:54:54,10.38,-0.01,3,3114,卖盘
796,13:54:51,10.39,--,2,2078,买盘
797,13:54:45,10.39,0.01,2,2078,买盘
798,13:54:42,10.38,--,7,7266,卖盘
799,13:54:39,10.38,--,10,10380,卖盘
800,13:54:36,10.38,-0.01,7,7266,卖盘
801,13:54:27,10.39,0.01,52,54028,买盘
802,13:54:24,10.38,-0.01,365,378870,卖盘
803,13:54:21,10.39,0.01,38,39482,买盘
804,13:54:18,10.38,-0.01,365,378870,卖盘
805,13:54:15,10.39,0.01,14,14546,买盘
806,13:54:09,10.38,--,7,7266,卖盘
807,13:54:06,10.38,-0.01,24,25129,卖盘
808,13:54:03,10.39,--,18,18702,买盘
809,13:53:57,10.39,0.01,46,48261,买盘
810,13:53:54,10.38,-0.01,14,14532,卖盘
811,13:53:51,10.39,--,4,4156,买盘
812,13:53:48,10.39,--,10,10390,买盘
813,13:53:45,10.39,0.01,2,2078,买盘
814,13:53:42,10.38,-0.01,7,7266,卖盘
815,13:53:39,10.39,--,9,9351,买盘
816,13:53:24,10.39,--,50,51950,买盘
817,13:53:21,10.39,--,44,45716,卖盘
818,13:53:18,10.39,--,367,381313,卖盘
819,13:53:15,10.39,--,10,10390,卖盘
820,13:53:09,10.39,--,8,8312,卖盘
821,13:53:06,10.39,0.01,8,8312,卖盘
822,13:53:03,10.38,-0.01,18,19711,卖盘
823,13:53:00,10.39,-0.01,5,5195,卖盘
824,13:52:57,10.4,0.02,1,1040,买盘
825,13:52:54,10.38,-0.02,39,41177,卖盘
826,13:52:51,10.4,0.01,10,10400,买盘
827,13:52:48,10.39,--,1,1039,卖盘
828,13:52:45,10.39,--,3,3117,卖盘
829,13:52:42,10.39,-0.01,8,8312,卖盘
830,13:52:36,10.4,--,44,45760,买盘
831,13:52:30,10.4,-0.01,380,395200,卖盘
832,13:52:27,10.41,0.01,131,136371,买盘
833,13:52:24,10.4,--,5,5200,卖盘
834,13:52:18,10.4,--,1,1040,买盘
835,13:52:15,10.4,-0.01,22,22880,中性盘
836,13:52:09,10.41,0.03,952,991032,买盘
837,13:52:06,10.38,-0.01,6,6228,卖盘
838,13:52:03,10.39,0.01,2,2078,中性盘
839,13:52:00,10.38,-0.01,19,20708,卖盘
840,13:51:54,10.39,-0.01,38,40219,卖盘
841,13:51:51,10.4,--,4,4160,买盘
842,13:51:45,10.4,--,1,1040,买盘
843,13:51:42,10.4,0.01,14,14560,买盘
844,13:51:33,10.39,--,7,7273,卖盘
845,13:51:24,10.39,--,4,4156,卖盘
846,13:51:21,10.39,-0.01,15,15585,卖盘
847,13:51:18,10.4,--,52,54080,买盘
848,13:51:15,10.4,0.01,47,48880,买盘
849,13:51:12,10.39,-0.01,27,28073,卖盘
850,13:51:09,10.4,0.01,176,183040,买盘
851,13:51:06,10.39,--,57,59223,卖盘
852,13:51:03,10.39,--,117,122518,卖盘
853,13:50:57,10.39,--,600,623400,卖盘
854,13:50:54,10.39,-0.01,35,37133,卖盘
855,13:50:51,10.4,0.01,64,66560,买盘
856,13:50:48,10.39,-0.01,23,23897,卖盘
857,13:50:45,10.4,--,107,111280,买盘
858,13:50:42,10.4,--,1,1040,买盘
859,13:50:39,10.4,--,1,1040,买盘
860,13:50:36,10.4,0.01,10,10400,买盘
861,13:50:27,10.39,--,25,25975,卖盘
862,13:50:24,10.39,-0.01,27,28053,卖盘
863,13:50:18,10.4,0.01,54,56180,买盘
864,13:50:15,10.39,--,50,51950,卖盘
865,13:50:12,10.39,--,1,1039,卖盘
866,13:50:09,10.39,--,6,6234,卖盘
867,13:49:57,10.39,--,23,24052,卖盘
868,13:49:54,10.39,-0.01,38,40011,卖盘
869,13:49:48,10.4,--,17,17680,买盘
870,13:49:45,10.4,--,1,1040,买盘
871,13:49:42,10.4,--,102,106080,买盘
872,13:49:39,10.4,--,41,42640,买盘
873,13:49:36,10.4,--,235,244400,卖盘
874,13:49:33,10.4,--,100,104000,卖盘
875,13:49:30,10.4,-0.01,30,31200,卖盘
876,13:49:27,10.41,0.01,49,51009,买盘
877,13:49:24,10.4,--,107,111280,卖盘
878,13:49:21,10.4,--,36,37440,卖盘
879,13:49:18,10.4,--,221,229840,卖盘
880,13:49:15,10.4,--,10,10400,卖盘
881,13:49:12,10.4,--,7,7280,卖盘
882,13:49:09,10.4,--,12,12480,卖盘
883,13:49:06,10.4,--,7,7280,卖盘
884,13:49:03,10.4,--,5,5200,卖盘
885,13:48:57,10.4,-0.01,16,17347,卖盘
886,13:48:48,10.41,--,3,3123,买盘
887,13:48:45,10.41,--,1,1041,买盘
888,13:48:42,10.41,0.01,102,107202,买盘
889,13:48:39,10.4,--,11,11440,卖盘
890,13:48:36,10.4,--,87,90480,卖盘
891,13:48:30,10.4,-0.01,54,56160,卖盘
892,13:48:27,10.41,--,17,17697,买盘
893,13:48:21,10.41,--,76,79116,买盘
894,13:48:18,10.41,--,10,10410,买盘
895,13:48:15,10.41,--,47,48927,买盘
896,13:48:12,10.41,--,442,460351,卖盘
897,13:48:09,10.41,-0.01,67,69747,卖盘
898,13:48:06,10.42,0.01,119,123998,买盘
899,13:48:03,10.41,-0.01,2,2082,卖盘
900,13:48:00,10.42,--,24,25008,买盘
901,13:47:57,10.42,0.01,18,18756,买盘
902,13:47:54,10.41,-0.01,16,17676,卖盘
903,13:47:51,10.42,0.01,2,2084,买盘
904,13:47:48,10.41,--,10,10410,卖盘
905,13:47:45,10.41,-0.01,54,56921,卖盘
906,13:47:42,10.42,0.01,1,1042,买盘
907,13:47:36,10.41,-0.01,5,5205,卖盘
908,13:47:33,10.42,--,1,1042,买盘
909,13:47:30,10.42,--,8,8336,买盘
910,13:47:27,10.42,0.01,49,51058,买盘
911,13:47:24,10.41,--,15,15615,卖盘
912,13:47:21,10.41,-0.01,375,390375,卖盘
913,13:47:18,10.42,0.01,15,15630,买盘
914,13:47:15,10.41,--,37,38517,卖盘
915,13:47:12,10.41,-0.01,19,19779,卖盘
916,13:47:09,10.42,--,6,6252,买盘
917,13:47:06,10.42,--,20,20840,买盘
918,13:47:03,10.42,--,81,84402,买盘
919,13:46:57,10.42,0.01,31,32302,买盘
920,13:46:54,10.41,-0.01,21,21861,卖盘
921,13:46:51,10.42,0.01,43,44806,买盘
922,13:46:48,10.41,-0.01,408,425154,卖盘
923,13:46:45,10.42,0.01,13,13546,买盘
924,13:46:42,10.41,-0.01,93,97073,卖盘
925,13:46:39,10.42,0.01,72,75024,买盘
926,13:46:33,10.41,--,31,32271,卖盘
927,13:46:30,10.41,-0.01,97,100977,卖盘
928,13:46:27,10.42,0.01,31,32302,买盘
929,13:46:21,10.41,--,93,96813,卖盘
930,13:46:18,10.41,--,12,12492,卖盘
931,13:46:15,10.41,--,162,169120,买盘
932,13:46:12,10.41,0.01,15,15615,买盘
933,13:46:09,10.4,-0.01,101,105040,卖盘
934,13:46:06,10.41,--,29,30189,买盘
935,13:46:00,10.41,0.01,39,40599,买盘
936,13:45:54,10.4,--,1,1040,卖盘
937,13:45:51,10.4,-0.01,19,20009,卖盘
938,13:45:45,10.41,0.01,48,49968,买盘
939,13:45:42,10.4,-0.01,61,63876,卖盘
940,13:45:39,10.41,--,130,135330,买盘
941,13:45:27,10.41,--,1,1041,买盘
942,13:45:21,10.41,--,44,45804,买盘
943,13:45:18,10.41,0.01,300,312300,买盘
944,13:45:15,10.4,-0.01,15,15600,卖盘
945,13:45:12,10.41,--,89,92649,买盘
946,13:45:06,10.41,0.01,370,385170,买盘
947,13:45:03,10.4,-0.01,58,60320,卖盘
948,13:44:57,10.41,--,22,22902,买盘
949,13:44:54,10.41,--,40,41640,买盘
950,13:44:51,10.41,0.01,15,15615,买盘
951,13:44:48,10.4,--,87,90500,卖盘
952,13:44:45,10.4,--,22,22880,卖盘
953,13:44:42,10.4,--,65,68265,卖盘
954,13:44:39,10.4,--,5,5200,卖盘
955,13:44:33,10.4,-0.01,27,28080,卖盘
956,13:44:30,10.41,0.01,7,7287,买盘
957,13:44:27,10.4,--,51,53040,卖盘
958,13:44:24,10.4,--,385,400400,买盘
959,13:44:21,10.4,--,9,9360,买盘
960,13:44:15,10.4,--,1,1040,买盘
961,13:44:12,10.4,--,32,33280,买盘
962,13:44:09,10.4,--,3,3120,买盘
963,13:44:06,10.4,--,23,23920,买盘
964,13:44:03,10.4,--,29,30160,卖盘
965,13:44:00,10.4,--,1,1040,卖盘
966,13:43:57,10.4,0.01,95,98800,买盘
967,13:43:48,10.39,-0.02,23,24042,卖盘
968,13:43:45,10.41,0.01,37,39058,买盘
969,13:43:42,10.4,--,55,57200,卖盘
970,13:43:39,10.4,--,87,90480,买盘
971,13:43:36,10.4,--,36,37440,买盘
972,13:43:30,10.4,--,1,1040,买盘
973,13:43:27,10.4,--,30,31200,卖盘
974,13:43:24,10.4,-0.01,14,14560,卖盘
975,13:43:21,10.41,--,237,246717,买盘
976,13:43:18,10.41,0.01,38,39558,买盘
977,13:43:15,10.4,--,53,55120,卖盘
978,13:43:12,10.4,-0.01,10,10400,卖盘
979,13:43:09,10.41,--,3,3123,买盘
980,13:43:06,10.41,0.01,18,18738,买盘
981,13:43:03,10.4,-0.01,10,10400,卖盘
982,13:43:00,10.41,0.01,56,58296,买盘
983,13:42:57,10.4,-0.01,8,8320,中性盘
984,13:42:54,10.41,--,37,38517,买盘
985,13:42:51,10.41,0.01,2,2082,买盘
986,13:42:48,10.4,-0.01,32,34008,卖盘
987,13:42:45,10.41,--,1,1041,买盘
988,13:42:42,10.41,0.01,42,43722,买盘
989,13:42:39,10.4,-0.01,136,142438,卖盘
990,13:42:33,10.41,0.01,17,17697,买盘
991,13:42:30,10.4,0.01,145,150800,买盘
992,13:42:27,10.39,--,10,10390,卖盘
993,13:42:24,10.39,-0.01,1,1039,卖盘
994,13:42:21,10.4,--,2,2080,买盘
995,13:42:15,10.4,--,11,11440,买盘
996,13:42:12,10.4,--,7,7280,买盘
997,13:42:09,10.4,-0.01,5,5200,中性盘
998,13:42:06,10.41,0.01,20,20820,买盘
999,13:42:03,10.4,0.01,100,104000,买盘
1000,13:41:57,10.39,-0.02,5,5195,卖盘
1001,13:41:54,10.41,0.02,40,41640,买盘
1002,13:41:51,10.39,--,373,387547,卖盘
1003,13:41:48,10.39,-0.01,25,26702,卖盘
1004,13:41:45,10.4,--,20,20800,买盘
1005,13:41:42,10.4,--,21,21840,买盘
1006,13:41:39,10.4,--,11,11440,买盘
1007,13:41:36,10.4,0.01,128,134118,买盘
1008,13:41:30,10.39,-0.01,1,1039,卖盘
1009,13:41:27,10.4,--,14,14560,买盘
1010,13:41:24,10.4,--,3,3120,买盘
1011,13:41:21,10.4,--,5,5200,买盘
1012,13:41:15,10.4,--,32,33280,买盘
1013,13:41:12,10.4,--,30,31200,买盘
1014,13:41:03,10.4,--,15,15600,买盘
1015,13:40:54,10.4,--,30,31200,买盘
1016,13:40:45,10.4,0.01,2,2080,买盘
1017,13:40:42,10.39,-0.02,57,59358,卖盘
1018,13:40:39,10.41,0.02,321,334161,买盘
1019,13:40:36,10.39,-0.01,42,44188,卖盘
1020,13:40:33,10.4,--,53,55120,卖盘
1021,13:40:30,10.4,--,63,65520,卖盘
1022,13:40:27,10.4,--,65,67600,卖盘
1023,13:40:24,10.4,--,14,14560,卖盘
1024,13:40:21,10.4,--,61,63440,卖盘
1025,13:40:18,10.4,--,20,20800,卖盘
1026,13:40:15,10.4,--,2,2080,卖盘
1027,13:40:12,10.4,--,48,49920,买盘
1028,13:40:09,10.4,--,20,20800,买盘
1029,13:40:06,10.4,0.01,30,31200,买盘
1030,13:40:03,10.39,0.01,49,50911,中性盘
1031,13:40:00,10.38,-0.03,105,108990,卖盘
1032,13:39:57,10.41,0.03,69,71829,买盘
1033,13:39:54,10.38,-0.03,440,456720,卖盘
1034,13:39:51,10.41,0.01,23,23943,买盘
1035,13:39:48,10.4,-0.01,85,88400,卖盘
1036,13:39:45,10.41,0.02,21,21861,买盘
1037,13:39:42,10.39,-0.01,70,73706,卖盘
1038,13:39:39,10.4,0.01,2,2080,中性盘
1039,13:39:36,10.39,-0.01,38,40230,卖盘
1040,13:39:33,10.4,-0.01,25,26000,买盘
1041,13:39:27,10.41,0.01,45,46845,买盘
1042,13:39:24,10.4,0.01,19,19760,买盘
1043,13:39:21,10.39,-0.01,306,317934,卖盘
1044,13:39:15,10.4,-0.01,43,45645,卖盘
1045,13:39:09,10.41,0.01,6,6246,买盘
1046,13:39:06,10.4,-0.01,14,14560,卖盘
1047,13:39:03,10.41,--,18,18738,买盘
1048,13:39:00,10.41,--,65,67665,买盘
1049,13:38:57,10.41,--,17,17697,买盘
1050,13:38:54,10.41,0.01,29,30189,买盘
1051,13:38:51,10.4,--,1,1040,卖盘
1052,13:38:48,10.4,--,31,32240,卖盘
1053,13:38:45,10.4,-0.01,6,6240,卖盘
1054,13:38:42,10.41,0.02,101,105255,买盘
1055,13:38:39,10.39,-0.01,45,46755,中性盘
1056,13:38:36,10.4,-0.01,41,43212,卖盘
1057,13:38:33,10.41,--,27,28107,买盘
1058,13:38:30,10.41,--,194,202235,买盘
1059,13:38:24,10.41,0.01,39,40599,买盘
1060,13:38:21,10.4,--,34,35360,卖盘
1061,13:38:18,10.4,--,110,115159,买盘
1062,13:38:15,10.4,--,30,31200,买盘
1063,13:38:12,10.4,--,61,63440,买盘
1064,13:38:09,10.4,--,18,18720,买盘
1065,13:38:03,10.4,0.03,41,42640,买盘
1066,13:37:57,10.37,-0.03,311,322507,卖盘
1067,13:37:54,10.4,--,16,16640,买盘
1068,13:37:51,10.4,--,82,85280,买盘
1069,13:37:48,10.4,--,349,362960,买盘
1070,13:37:45,10.4,0.04,772,802880,买盘
1071,13:37:42,10.36,-0.01,6741,6984183,卖盘
1072,13:37:39,10.37,--,10,10370,买盘
1073,13:37:36,10.37,0.01,58,60145,买盘
1074,13:37:33,10.36,-0.01,44,45760,卖盘
1075,13:37:27,10.37,0.01,38,39406,买盘
1076,13:37:24,10.36,-0.01,46,47656,卖盘
1077,13:37:21,10.37,--,17,17629,买盘
1078,13:37:18,10.37,--,28,29035,买盘
1079,13:37:15,10.37,--,40,41480,买盘
1080,13:37:09,10.37,--,72,74664,买盘
1081,13:37:06,10.37,--,47,48738,买盘
1082,13:37:03,10.37,--,21,21777,买盘
1083,13:37:00,10.37,--,350,362950,买盘
1084,13:36:57,10.37,--,11,11407,买盘
1085,13:36:48,10.37,0.01,51,52886,买盘
1086,13:36:45,10.36,-0.01,5,5180,卖盘
1087,13:36:42,10.37,--,1,1037,买盘
1088,13:36:39,10.37,0.01,34,35258,买盘
1089,13:36:36,10.36,--,17,17632,卖盘
1090,13:36:33,10.36,-0.01,103,106708,卖盘
1091,13:36:27,10.37,--,66,69105,买盘
1092,13:36:18,10.37,0.01,20,20740,买盘
1093,13:36:15,10.36,-0.01,20,20720,卖盘
1094,13:36:06,10.37,--,12,12443,买盘
1095,13:36:03,10.37,--,17,17629,买盘
1096,13:35:57,10.37,--,38,39406,买盘
1097,13:35:54,10.37,--,19,19703,买盘
1098,13:35:51,10.37,--,113,117180,买盘
1099,13:35:48,10.37,--,57,59108,买盘
1100,13:35:42,10.37,--,1,1037,买盘
1101,13:35:39,10.37,--,20,20740,买盘
1102,13:35:36,10.37,0.01,157,162809,买盘
1103,13:35:33,10.36,--,102,105692,卖盘
1104,13:35:30,10.36,-0.01,20,20720,买盘
1105,13:35:27,10.37,0.02,767,795378,买盘
1106,13:35:24,10.35,-0.01,49,51377,卖盘
1107,13:35:21,10.36,--,17,17612,买盘
1108,13:35:18,10.36,--,102,105672,买盘
1109,13:35:06,10.36,--,6,6216,买盘
1110,13:35:03,10.36,-0.01,6,6216,卖盘
1111,13:34:57,10.37,--,9,9333,买盘
1112,13:34:54,10.37,--,21,21777,买盘
1113,13:34:48,10.37,0.01,21,21777,买盘
1114,13:34:45,10.36,0.01,21,21756,买盘
1115,13:34:42,10.35,-0.02,23,23805,卖盘
1116,13:34:39,10.37,--,1,1037,买盘
1117,13:34:36,10.37,0.02,32,33712,买盘
1118,13:34:30,10.35,-0.02,37,38450,卖盘
1119,13:34:27,10.37,0.01,10,10370,买盘
1120,13:34:24,10.36,-0.01,8,8288,中性盘
1121,13:34:18,10.37,--,25,25924,买盘
1122,13:34:15,10.37,--,1,1037,买盘
1123,13:34:09,10.37,--,25,25924,买盘
1124,13:34:06,10.37,--,36,37332,买盘
1125,13:34:00,10.37,--,14,14517,买盘
1126,13:33:57,10.37,0.01,164,170068,买盘
1127,13:33:51,10.36,--,87,90132,买盘
1128,13:33:48,10.36,--,16,16576,买盘
1129,13:33:45,10.36,0.01,717,742812,买盘
1130,13:33:42,10.35,--,1,1035,买盘
1131,13:33:39,10.35,--,11,11385,买盘
1132,13:33:36,10.35,--,61,64056,买盘
1133,13:33:27,10.35,--,75,78421,卖盘
1134,13:33:21,10.35,-0.01,50,51750,卖盘
1135,13:33:18,10.36,0.01,33,34188,买盘
1136,13:33:15,10.35,--,14,14490,卖盘
1137,13:33:12,10.35,-0.01,4,4140,中性盘
1138,13:33:09,10.36,--,35,36260,买盘
1139,13:33:06,10.36,0.02,124,128464,买盘
1140,13:33:03,10.34,-0.02,11,11374,卖盘
1141,13:32:57,10.36,--,70,72520,买盘
1142,13:32:54,10.36,0.01,539,558404,买盘
1143,13:32:51,10.35,--,3,3105,买盘
1144,13:32:48,10.35,--,6,6210,买盘
1145,13:32:42,10.35,--,12,12420,买盘
1146,13:32:39,10.35,--,1,1035,买盘
1147,13:32:36,10.35,--,31,32209,买盘
1148,13:32:27,10.35,0.01,4,4140,买盘
1149,13:32:21,10.34,-0.01,45,47088,卖盘
1150,13:32:18,10.35,--,18,18630,买盘
1151,13:32:12,10.35,0.01,33,34155,买盘
1152,13:32:09,10.34,-0.01,50,51700,卖盘
1153,13:32:06,10.35,--,7,7245,买盘
1154,13:32:00,10.35,--,11,11385,买盘
1155,13:31:57,10.35,-0.01,26,26910,买盘
1156,13:31:48,10.36,0.01,129,133644,买盘
1157,13:31:42,10.35,0.01,2,2070,买盘
1158,13:31:39,10.34,-0.01,34,35156,卖盘
1159,13:31:36,10.35,0.01,537,555795,买盘
1160,13:31:33,10.34,--,70,72380,卖盘
1161,13:31:30,10.34,--,19,20173,卖盘
1162,13:31:24,10.34,--,49,50821,卖盘
1163,13:31:21,10.34,-0.01,8,8272,卖盘
1164,13:31:18,10.35,0.01,2,2070,买盘
1165,13:31:15,10.34,--,1,1034,卖盘
1166,13:31:09,10.34,-0.01,5,5170,卖盘
1167,13:31:06,10.35,--,3,3105,买盘
1168,13:30:57,10.35,0.01,8,8280,买盘
1169,13:30:54,10.34,--,5,5170,卖盘
1170,13:30:51,10.34,-0.01,15,15510,卖盘
1171,13:30:48,10.35,0.01,3,3105,买盘
1172,13:30:45,10.34,--,23,23782,卖盘
1173,13:30:42,10.34,-0.01,1,1034,卖盘
1174,13:30:39,10.35,--,1,1035,买盘
1175,13:30:36,10.35,--,10,10350,买盘
1176,13:30:33,10.35,0.01,10,10350,买盘
1177,13:30:30,10.34,-0.01,26,27380,卖盘
1178,13:30:27,10.35,0.01,7,7245,买盘
1179,13:30:24,10.34,--,7,7238,卖盘
1180,13:30:21,10.34,--,42,43614,卖盘
1181,13:30:09,10.34,-0.01,1,1034,卖盘
1182,13:29:57,10.35,--,2,2070,买盘
1183,13:29:48,10.35,--,4,4140,买盘
1184,13:29:36,10.35,--,19,19665,买盘
1185,13:29:33,10.35,0.01,10,10350,中性盘
1186,13:29:30,10.34,-0.02,22,22913,卖盘
1187,13:29:27,10.36,0.01,12,12432,买盘
1188,13:29:24,10.35,0.01,50,51750,卖盘
1189,13:29:18,10.34,--,39,40843,卖盘
1190,13:29:12,10.34,-0.01,20,20680,卖盘
1191,13:29:06,10.35,--,16,16560,买盘
1192,13:28:57,10.35,--,36,37260,买盘
1193,13:28:51,10.35,-0.01,44,45560,卖盘
1194,13:28:48,10.36,0.01,57,59052,买盘
1195,13:28:45,10.35,--,56,57960,卖盘
1196,13:28:42,10.35,-0.01,30,31050,卖盘
1197,13:28:36,10.36,0.01,8,8288,买盘
1198,13:28:33,10.35,--,246,254610,卖盘
1199,13:28:27,10.35,--,4,4140,卖盘
1200,13:28:24,10.35,-0.01,37,39019,卖盘
1201,13:28:18,10.36,0.01,13,13468,买盘
1202,13:28:12,10.35,--,42,44463,卖盘
1203,13:28:09,10.35,-0.01,5,5175,卖盘
1204,13:28:06,10.36,0.01,3,3108,买盘
1205,13:28:03,10.35,-0.01,2,2070,卖盘
1206,13:27:57,10.36,--,6,6216,买盘
1207,13:27:54,10.36,0.01,7,7252,买盘
1208,13:27:51,10.35,--,20,20700,卖盘
1209,13:27:48,10.35,--,3,3105,卖盘
1210,13:27:39,10.35,-0.01,7,7245,卖盘
1211,13:27:36,10.36,--,12,12432,买盘
1212,13:27:27,10.36,0.01,20,20720,买盘
1213,13:27:24,10.35,--,21,21993,卖盘
1214,13:27:21,10.35,--,20,20700,卖盘
1215,13:27:18,10.35,--,7,7245,卖盘
1216,13:27:15,10.35,-0.01,43,44929,卖盘
1217,13:27:12,10.36,--,5,5180,买盘
1218,13:27:06,10.36,0.01,20,20720,买盘
1219,13:27:03,10.35,--,2,2070,卖盘
1220,13:26:57,10.35,--,46,47610,卖盘
1221,13:26:51,10.35,-0.01,7,7245,卖盘
1222,13:26:48,10.36,--,33,34188,买盘
1223,13:26:45,10.36,--,3,3108,买盘
1224,13:26:42,10.36,--,21,21756,买盘
1225,13:26:36,10.36,--,70,72520,买盘
1226,13:26:27,10.36,0.01,341,353276,买盘
1227,13:26:24,10.35,--,9,9315,卖盘
1228,13:26:18,10.35,--,64,66654,卖盘
1229,13:26:15,10.35,--,60,62100,卖盘
1230,13:26:12,10.35,-0.01,37,38564,卖盘
1231,13:26:06,10.36,--,46,47656,买盘
1232,13:26:03,10.36,0.01,1,1036,买盘
1233,13:26:00,10.35,-0.01,27,27945,卖盘
1234,13:25:57,10.36,--,2,2072,买盘
1235,13:25:54,10.36,--,20,20720,买盘
1236,13:25:51,10.36,--,187,193732,买盘
1237,13:25:48,10.36,--,6,6216,买盘
1238,13:25:36,10.36,0.01,31,32116,买盘
1239,13:25:27,10.35,0.01,126,130410,买盘
1240,13:25:21,10.34,-0.01,25,26625,卖盘
1241,13:25:18,10.35,--,24,24840,买盘
1242,13:25:15,10.35,0.01,10,10350,买盘
1243,13:25:09,10.34,-0.01,39,41266,卖盘
1244,13:25:06,10.35,-0.01,79,81765,中性盘
1245,13:24:57,10.36,0.02,17,17612,买盘
1246,13:24:54,10.34,-0.01,11,11374,卖盘
1247,13:24:51,10.35,--,15,15525,买盘
1248,13:24:45,10.35,-0.01,85,87975,买盘
1249,13:24:36,10.36,--,27,27972,买盘
1250,13:24:30,10.36,--,8,8288,买盘
1251,13:24:27,10.36,0.01,9,9324,买盘
1252,13:24:24,10.35,--,48,50031,卖盘
1253,13:24:21,10.35,-0.01,17,17915,卖盘
1254,13:24:18,10.36,--,50,51800,买盘
1255,13:24:15,10.36,0.01,47,49054,买盘
1256,13:24:12,10.35,0.01,11,11385,中性盘
1257,13:24:06,10.34,-0.01,18,18612,卖盘
1258,13:23:57,10.35,--,35,36628,卖盘
1259,13:23:54,10.35,--,10,10350,卖盘
1260,13:23:51,10.35,-0.01,27,27945,卖盘
1261,13:23:45,10.36,--,23,23828,买盘
1262,13:23:42,10.36,--,1,1036,买盘
1263,13:23:36,10.36,--,16,16576,买盘
1264,13:23:33,10.36,--,100,103600,买盘
1265,13:23:27,10.36,0.01,68,70448,买盘
1266,13:23:21,10.35,--,10,10350,卖盘
1267,13:23:18,10.35,--,10,10350,卖盘
1268,13:23:15,10.35,--,38,40023,卖盘
1269,13:23:09,10.35,-0.01,12,12420,卖盘
1270,13:23:06,10.36,0.01,43,45573,买盘
1271,13:23:03,10.35,-0.01,4,4140,卖盘
1272,13:23:00,10.36,--,45,47604,买盘
1273,13:22:57,10.36,--,2,2072,买盘
1274,13:22:51,10.36,--,16,16576,买盘
1275,13:22:45,10.36,--,5,5180,买盘
1276,13:22:36,10.36,0.02,27,27972,买盘
1277,13:22:33,10.34,-0.02,2,2068,卖盘
1278,13:22:27,10.36,0.02,16,16576,买盘
1279,13:22:18,10.34,-0.02,20,20876,卖盘
1280,13:22:15,10.36,0.02,48,49728,买盘
1281,13:22:06,10.34,-0.01,81,84239,卖盘
1282,13:22:03,10.35,--,50,51750,卖盘
1283,13:22:00,10.35,-0.01,110,113850,卖盘
1284,13:21:57,10.36,--,12,12432,买盘
1285,13:21:54,10.36,--,8,8288,买盘
1286,13:21:45,10.36,0.01,38,39368,买盘
1287,13:21:42,10.35,0.01,21,21735,买盘
1288,13:21:39,10.34,-0.01,7,7238,卖盘
1289,13:21:36,10.35,-0.01,6,6210,卖盘
1290,13:21:30,10.36,0.01,43,44548,买盘
1291,13:21:27,10.35,--,6,6210,卖盘
1292,13:21:24,10.35,-0.01,5,5175,卖盘
1293,13:21:15,10.36,0.01,9,9324,买盘
1294,13:21:12,10.35,--,18,19375,卖盘
1295,13:21:06,10.35,--,42,44442,卖盘
1296,13:21:03,10.35,--,1,1035,买盘
1297,13:20:57,10.35,0.01,9,9315,买盘
1298,13:20:54,10.34,--,5,5170,卖盘
1299,13:20:51,10.34,-0.01,2,2068,卖盘
1300,13:20:48,10.35,--,31,32085,买盘
1301,13:20:45,10.35,0.01,2,2070,买盘
1302,13:20:42,10.34,-0.01,10,10340,卖盘
1303,13:20:36,10.35,--,13,13455,买盘
1304,13:20:27,10.35,0.01,30,31050,中性盘
1305,13:20:15,10.34,-0.02,98,101497,卖盘
1306,13:20:06,10.36,0.01,384,398342,买盘
1307,13:20:00,10.35,--,4,4140,买盘
1308,13:19:57,10.35,--,2,2070,买盘
1309,13:19:45,10.35,--,4,4140,买盘
1310,13:19:36,10.35,0.01,7,7245,买盘
1311,13:19:33,10.34,--,14,14476,买盘
1312,13:19:27,10.34,--,27,27918,卖盘
1313,13:19:24,10.34,-0.01,3,3102,卖盘
1314,13:19:21,10.35,--,2,2070,买盘
1315,13:19:15,10.35,0.01,59,61551,买盘
1316,13:19:09,10.34,-0.02,21,21714,卖盘
1317,13:19:06,10.36,0.02,141,146076,买盘
1318,13:19:03,10.34,0.02,40,41556,卖盘
1319,13:18:57,10.32,-0.02,686,707952,卖盘
1320,13:18:51,10.34,-0.01,20,20680,卖盘
1321,13:18:48,10.35,-0.01,38,39330,卖盘
1322,13:18:45,10.36,--,68,70448,买盘
1323,13:18:42,10.36,--,7,7252,买盘
1324,13:18:36,10.36,0.02,80,82880,买盘
1325,13:18:30,10.34,-0.01,12,12408,卖盘
1326,13:18:27,10.35,0.01,31,32085,中性盘
1327,13:18:24,10.34,-0.02,5,5170,卖盘
1328,13:18:18,10.36,0.01,353,365708,买盘
1329,13:18:15,10.35,0.01,15,15525,买盘
1330,13:18:09,10.34,-0.02,20,21165,卖盘
1331,13:18:06,10.36,0.02,15,15540,买盘
1332,13:18:00,10.34,-0.02,38,39488,卖盘
1333,13:17:57,10.36,0.03,59,61124,买盘
1334,13:17:54,10.33,--,16,16528,买盘
1335,13:17:51,10.33,-0.03,24,24792,卖盘
1336,13:17:48,10.36,--,100,103600,买盘
1337,13:17:45,10.36,--,149,154364,买盘
1338,13:17:42,10.36,0.01,25,25900,买盘
1339,13:17:39,10.35,-0.01,60,62100,卖盘
1340,13:17:36,10.36,0.04,7,7252,买盘
1341,13:17:30,10.32,-0.04,679,700728,卖盘
1342,13:17:27,10.36,0.01,34,35224,买盘
1343,13:17:18,10.35,-0.01,10,10350,卖盘
1344,13:17:15,10.36,--,21,21756,买盘
1345,13:17:12,10.36,0.01,30,31080,买盘
1346,13:17:09,10.35,-0.01,110,113850,卖盘
1347,13:17:06,10.36,0.01,60,62160,买盘
1348,13:17:03,10.35,--,43,45198,卖盘
1349,13:17:00,10.35,--,7,7245,卖盘
1350,13:16:57,10.35,--,43,45529,卖盘
1351,13:16:51,10.35,-0.01,200,207000,卖盘
1352,13:16:48,10.36,--,1,1036,买盘
1353,13:16:45,10.36,0.01,30,31080,买盘
1354,13:16:39,10.35,-0.01,55,56925,卖盘
1355,13:16:36,10.36,0.01,69,71484,买盘
1356,13:16:33,10.35,--,20,20700,卖盘
1357,13:16:30,10.35,-0.01,7,7245,卖盘
1358,13:16:27,10.36,0.01,15,15540,买盘
1359,13:16:24,10.35,--,200,207000,卖盘
1360,13:16:21,10.35,-0.01,4,4140,卖盘
1361,13:16:15,10.36,0.01,51,52836,买盘
1362,13:16:12,10.35,--,20,20700,卖盘
1363,13:16:09,10.35,--,4,4140,卖盘
1364,13:16:06,10.35,--,248,256804,卖盘
1365,13:16:03,10.35,--,5,5175,卖盘
1366,13:16:00,10.35,-0.02,36,37818,卖盘
1367,13:15:57,10.37,0.02,1077,1116849,买盘
1368,13:15:51,10.35,-0.01,7,7245,卖盘
1369,13:15:45,10.36,0.01,6,6216,买盘
1370,13:15:42,10.35,-0.01,9,9315,卖盘
1371,13:15:36,10.36,--,10,10360,买盘
1372,13:15:33,10.36,--,20,20720,买盘
1373,13:15:27,10.36,0.01,36,37296,买盘
1374,13:15:21,10.35,-0.01,12,12420,卖盘
1375,13:15:15,10.36,--,28,29008,买盘
1376,13:15:06,10.36,0.01,37,38445,买盘
1377,13:15:03,10.35,-0.01,10,10350,卖盘
1378,13:14:57,10.36,--,51,53405,买盘
1379,13:14:54,10.36,--,28,29008,买盘
1380,13:14:48,10.36,--,35,36260,卖盘
1381,13:14:45,10.36,--,96,99456,卖盘
1382,13:14:42,10.36,-0.01,12,12432,卖盘
1383,13:14:39,10.37,--,44,45628,买盘
1384,13:14:36,10.37,--,3,3110,买盘
1385,13:14:33,10.37,0.02,365,378505,买盘
1386,13:14:30,10.35,--,1,1035,卖盘
1387,13:14:27,10.35,-0.01,4,4140,卖盘
1388,13:14:24,10.36,--,9,9324,买盘
1389,13:14:15,10.36,0.01,12,12432,买盘
1390,13:14:12,10.35,--,30,31050,卖盘
1391,13:14:09,10.35,--,7,7245,卖盘
1392,13:14:06,10.35,--,26,26910,卖盘
1393,13:14:00,10.35,-0.01,18,19582,卖盘
1394,13:13:54,10.36,0.01,52,53872,买盘
1395,13:13:51,10.35,--,39,41130,卖盘
1396,13:13:48,10.35,-0.01,15,15525,卖盘
1397,13:13:45,10.36,--,7,7252,买盘
1398,13:13:39,10.36,--,10,10360,买盘
1399,13:13:36,10.36,--,24,24864,买盘
1400,13:13:24,10.36,--,13,13468,买盘
1401,13:13:21,10.36,0.01,3,3108,买盘
1402,13:13:15,10.35,-0.01,33,34155,卖盘
1403,13:13:06,10.36,0.01,24,24864,买盘
1404,13:13:03,10.35,--,71,73485,卖盘
1405,13:13:00,10.35,--,20,21517,卖盘
1406,13:12:57,10.35,-0.01,12,12420,卖盘
1407,13:12:54,10.36,--,85,88961,买盘
1408,13:12:45,10.36,0.01,11,11396,买盘
1409,13:12:42,10.35,--,5,5175,卖盘
1410,13:12:39,10.35,-0.01,11,11385,卖盘
1411,13:12:36,10.36,--,46,47656,买盘
1412,13:12:30,10.36,--,35,36260,买盘
1413,13:12:24,10.36,--,48,49728,买盘
1414,13:12:21,10.36,0.01,20,20720,买盘
1415,13:12:18,10.35,-0.01,6,6210,卖盘
1416,13:12:15,10.36,0.01,85,88060,买盘
1417,13:12:09,10.35,-0.01,10,10350,卖盘
1418,13:12:06,10.36,0.01,32,33152,买盘
1419,13:12:03,10.35,--,50,51750,卖盘
1420,13:12:00,10.35,-0.01,23,24498,卖盘
1421,13:11:54,10.36,0.01,2,2072,买盘
1422,13:11:51,10.35,--,123,128329,卖盘
1423,13:11:48,10.35,-0.01,7,7245,卖盘
1424,13:11:45,10.36,0.01,7,7252,买盘
1425,13:11:42,10.35,-0.01,3,3105,卖盘
1426,13:11:36,10.36,--,32,33152,买盘
1427,13:11:27,10.36,-0.01,112,116736,卖盘
1428,13:11:24,10.37,--,21,21777,买盘
1429,13:11:15,10.37,0.01,18,18666,买盘
1430,13:11:12,10.36,-0.01,90,93240,卖盘
1431,13:11:09,10.37,0.01,1,1037,买盘
1432,13:11:06,10.36,--,62,64232,卖盘
1433,13:11:03,10.36,-0.01,23,23931,卖盘
1434,13:10:54,10.37,0.01,37,38949,买盘
1435,13:10:48,10.36,-0.01,1,1036,卖盘
1436,13:10:45,10.37,--,2,2074,买盘
1437,13:10:39,10.37,--,3,3110,买盘
1438,13:10:36,10.37,--,11,11407,买盘
1439,13:10:24,10.37,--,29,30072,买盘
1440,13:10:15,10.37,--,105,108884,买盘
1441,13:10:06,10.37,0.01,22,22814,买盘
1442,13:10:00,10.36,-0.01,2,2072,卖盘
1443,13:09:54,10.37,0.01,32,33806,买盘
1444,13:09:51,10.36,--,15,15540,卖盘
1445,13:09:48,10.36,-0.01,37,38394,卖盘
1446,13:09:45,10.37,0.01,56,58071,买盘
1447,13:09:42,10.36,-0.01,23,23828,卖盘
1448,13:09:39,10.37,--,201,208436,买盘
1449,13:09:36,10.37,0.01,38,39406,买盘
1450,13:09:33,10.36,-0.01,18,18648,卖盘
1451,13:09:27,10.37,--,10,10370,买盘
1452,13:09:24,10.37,--,95,98514,买盘
1453,13:09:15,10.37,--,15,15554,买盘
1454,13:09:12,10.37,--,457,474261,买盘
1455,13:09:06,10.37,0.01,30,31109,买盘
1456,13:09:03,10.36,--,10,10360,卖盘
1457,13:08:57,10.36,-0.01,22,23268,卖盘
1458,13:08:54,10.37,0.01,83,86071,买盘
1459,13:08:51,10.36,--,20,20720,卖盘
1460,13:08:45,10.36,--,30,31080,卖盘
1461,13:08:42,10.36,-0.01,36,37503,卖盘
1462,13:08:39,10.37,--,60,62219,买盘
1463,13:08:36,10.37,0.01,9,9333,买盘
1464,13:08:30,10.36,--,56,58016,卖盘
1465,13:08:27,10.36,-0.01,10,10360,卖盘
1466,13:08:24,10.37,0.01,8,8296,买盘
1467,13:08:21,10.36,-0.02,20,20720,卖盘
1468,13:08:15,10.38,0.01,11,11418,买盘
1469,13:08:12,10.37,--,10,10370,卖盘
1470,13:08:09,10.37,--,8,8296,买盘
1471,13:08:06,10.37,--,17,17629,买盘
1472,13:08:03,10.37,0.01,15,15554,买盘
1473,13:08:00,10.36,-0.02,17,17612,卖盘
1474,13:07:54,10.38,0.01,61,63318,买盘
1475,13:07:51,10.37,--,21,21891,买盘
1476,13:07:48,10.37,--,2,2074,买盘
1477,13:07:45,10.37,-0.01,228,237006,中性盘
1478,13:07:42,10.38,0.02,20,20760,买盘
1479,13:07:39,10.36,-0.02,3,3108,卖盘
1480,13:07:36,10.38,0.02,36,37368,买盘
1481,13:07:30,10.36,--,1,1036,卖盘
1482,13:07:27,10.36,-0.02,12,13136,卖盘
1483,13:07:24,10.38,--,95,98610,买盘
1484,13:07:21,10.38,0.01,21,22130,买盘
1485,13:07:18,10.37,-0.01,263,273436,卖盘
1486,13:07:15,10.38,--,29,30102,买盘
1487,13:07:12,10.38,0.01,9,9342,买盘
1488,13:07:09,10.37,-0.01,20,20740,卖盘
1489,13:07:06,10.38,--,14,14532,买盘
1490,13:07:00,10.38,--,3,3114,买盘
1491,13:06:54,10.38,--,44,45744,买盘
1492,13:06:51,10.38,--,2,2076,买盘
1493,13:06:48,10.38,--,14,14532,买盘
1494,13:06:45,10.38,0.01,43,44634,买盘
1495,13:06:42,10.37,--,36,37943,卖盘
1496,13:06:39,10.37,-0.01,11,11407,卖盘
1497,13:06:36,10.38,--,23,23874,买盘
1498,13:06:33,10.38,0.01,2,2076,买盘
1499,13:06:30,10.37,-0.01,50,51849,卖盘
1500,13:06:27,10.38,--,13,13494,买盘
1501,13:06:24,10.38,0.01,11,11418,买盘
1502,13:06:21,10.37,-0.01,13,13480,卖盘
1503,13:06:15,10.38,0.01,18,18684,买盘
1504,13:06:09,10.37,-0.01,40,41480,卖盘
1505,13:06:06,10.38,0.01,19,19722,买盘
1506,13:06:03,10.37,-0.01,7,7258,卖盘
1507,13:06:00,10.38,0.01,7,7266,买盘
1508,13:05:57,10.37,-0.01,15,15554,卖盘
1509,13:05:54,10.38,0.01,31,32178,买盘
1510,13:05:51,10.37,-0.01,18,19588,卖盘
1511,13:05:45,10.38,0.01,84,87991,买盘
1512,13:05:42,10.37,-0.01,55,57034,卖盘
1513,13:05:36,10.38,0.01,53,55014,买盘
1514,13:05:33,10.37,--,170,176290,买盘
1515,13:05:30,10.37,--,24,24887,买盘
1516,13:05:27,10.37,--,55,57034,买盘
1517,13:05:24,10.37,0.01,16,16592,买盘
1518,13:05:21,10.36,--,36,37296,卖盘
1519,13:05:18,10.36,-0.01,1,1036,卖盘
1520,13:05:15,10.37,--,77,79849,买盘
1521,13:05:12,10.37,--,2,2074,买盘
1522,13:05:09,10.37,--,366,379542,买盘
1523,13:05:06,10.37,--,14,14517,买盘
1524,13:05:03,10.37,0.01,5,5185,买盘
1525,13:04:57,10.36,--,10,10360,卖盘
1526,13:04:54,10.36,-0.01,32,33152,卖盘
1527,13:04:48,10.37,--,10,10370,买盘
1528,13:04:45,10.37,--,53,55137,买盘
1529,13:04:42,10.37,--,47,49247,买盘
1530,13:04:39,10.37,0.01,1,1037,买盘
1531,13:04:36,10.36,--,36,37296,卖盘
1532,13:04:30,10.36,-0.01,14,14504,卖盘
1533,13:04:24,10.37,--,5,5185,买盘
1534,13:04:15,10.37,0.01,3,3110,买盘
1535,13:04:09,10.36,-0.01,4,4144,卖盘
1536,13:04:06,10.37,--,16,16592,买盘
1537,13:03:57,10.37,--,5,5185,买盘
1538,13:03:54,10.37,--,17,17629,买盘
1539,13:03:51,10.37,0.01,3,3110,买盘
1540,13:03:48,10.36,-0.01,34,35907,卖盘
1541,13:03:45,10.37,0.01,34,35258,买盘
1542,13:03:42,10.36,--,17,17612,卖盘
1543,13:03:39,10.36,-0.01,39,40404,卖盘
1544,13:03:36,10.37,--,29,30072,买盘
1545,13:03:33,10.37,--,1,1037,买盘
1546,13:03:30,10.37,0.01,5,5185,买盘
1547,13:03:27,10.36,-0.01,101,104636,卖盘
1548,13:03:24,10.37,0.01,13,13480,买盘
1549,13:03:21,10.36,-0.01,50,51800,卖盘
1550,13:03:18,10.37,--,2,2074,买盘
1551,13:03:15,10.37,--,13,13480,买盘
1552,13:03:06,10.37,--,14,14517,买盘
1553,13:03:03,10.37,--,38,39406,买盘
1554,13:03:00,10.37,--,5,5185,买盘
1555,13:02:54,10.37,--,158,164198,卖盘
1556,13:02:51,10.37,-0.01,21,21777,卖盘
1557,13:02:48,10.38,0.01,51,52938,买盘
1558,13:02:45,10.37,--,77,79849,卖盘
1559,13:02:42,10.37,--,26,27179,卖盘
1560,13:02:39,10.37,--,51,52886,卖盘
1561,13:02:36,10.37,-0.01,15,15554,卖盘
1562,13:02:33,10.38,--,119,123989,买盘
1563,13:02:30,10.38,0.01,25,25950,买盘
1564,13:02:27,10.37,-0.01,50,51849,卖盘
1565,13:02:24,10.38,0.01,18,18684,买盘
1566,13:02:21,10.37,--,57,59108,卖盘
1567,13:02:18,10.37,--,5,5185,卖盘
1568,13:02:15,10.37,-0.01,85,88145,卖盘
1569,13:02:06,10.38,--,67,69546,买盘
1570,13:02:03,10.38,--,74,76812,买盘
1571,13:02:00,10.38,0.01,66,68508,买盘
1572,13:01:57,10.37,-0.01,5,5185,卖盘
1573,13:01:54,10.38,0.01,29,30102,买盘
1574,13:01:51,10.37,--,43,45451,买盘
1575,13:01:45,10.37,--,95,99375,买盘
1576,13:01:42,10.37,--,2,2074,买盘
1577,13:01:39,10.37,--,76,78988,卖盘
1578,13:01:36,10.37,-0.01,79,82783,卖盘
1579,13:01:33,10.38,0.01,97,100686,买盘
1580,13:01:27,10.37,-0.01,50,51849,卖盘
1581,13:01:24,10.38,--,96,99648,买盘
1582,13:01:21,10.38,--,86,89268,买盘
1583,13:01:15,10.38,0.01,52,53976,买盘
1584,13:01:09,10.37,--,3,3110,卖盘
1585,13:01:06,10.37,-0.01,50,51849,中性盘
1586,13:01:03,10.38,0.01,175,181650,买盘
1587,13:01:00,10.37,--,20,20740,买盘
1588,13:00:57,10.37,--,105,108884,买盘
1589,13:00:54,10.37,--,32,33184,买盘
1590,13:00:51,10.37,--,21,21777,买盘
1591,13:00:45,10.37,--,86,89182,买盘
1592,13:00:42,10.37,0.01,7,7258,买盘
1593,13:00:39,10.36,-0.01,21,22553,卖盘
1594,13:00:36,10.37,--,12,12443,买盘
1595,13:00:33,10.37,0.01,254,264320,买盘
1596,13:00:27,10.36,--,618,640248,买盘
1597,13:00:24,10.36,0.01,427,442372,买盘
1598,13:00:21,10.35,-0.01,10,10350,卖盘
1599,13:00:18,10.36,0.01,2,2072,买盘
1600,13:00:15,10.35,-0.01,18,18630,卖盘
1601,13:00:09,10.36,0.01,10,10360,买盘
1602,13:00:06,10.35,--,328,339480,卖盘
1603,13:00:03,10.35,--,1789,1851615,买盘
1604,13:00:00,10.35,--,22,22770,买盘
1605,11:30:00,10.35,--,0,0,买盘
1606,11:29:57,10.35,0.01,26,26910,买盘
1607,11:29:54,10.34,-0.01,82,84788,卖盘
1608,11:29:51,10.35,--,3,3105,买盘
1609,11:29:48,10.35,--,20,20700,买盘
1610,11:29:45,10.35,0.02,231,239085,买盘
1611,11:29:42,10.33,-0.01,77,80439,卖盘
1612,11:29:39,10.34,--,3,3102,买盘
1613,11:29:33,10.34,0.01,24,24816,买盘
1614,11:29:30,10.33,-0.01,85,88621,卖盘
1615,11:29:27,10.34,--,2,2068,买盘
1616,11:29:24,10.34,--,5,5170,买盘
1617,11:29:21,10.34,--,5,5170,买盘
1618,11:29:15,10.34,0.01,20,20680,买盘
1619,11:29:12,10.33,--,5,5165,卖盘
1620,11:29:06,10.33,--,4,4132,卖盘
1621,11:29:03,10.33,--,93,96069,卖盘
1622,11:28:57,10.33,-0.01,23,23759,卖盘
1623,11:28:54,10.34,0.01,24,24816,买盘
1624,11:28:51,10.33,--,10,10330,卖盘
1625,11:28:48,10.33,--,10,10330,卖盘
1626,11:28:45,10.33,--,22,22726,买盘
1627,11:28:42,10.33,--,36,37621,买盘
1628,11:28:36,10.33,--,16,16528,买盘
1629,11:28:33,10.33,0.01,24,24792,买盘
1630,11:28:27,10.32,-0.01,56,58039,卖盘
1631,11:28:24,10.33,--,17,17561,买盘
1632,11:28:21,10.33,--,8,8264,买盘
1633,11:28:18,10.33,--,2,2066,买盘
1634,11:28:15,10.33,--,72,74376,卖盘
1635,11:28:06,10.33,-0.01,10,10330,卖盘
1636,11:28:03,10.34,--,12,12408,买盘
1637,11:28:00,10.34,--,8,8272,买盘
1638,11:27:54,10.34,0.01,21,21714,买盘
1639,11:27:51,10.33,--,4,4132,买盘
1640,11:27:48,10.33,--,17,17561,买盘
1641,11:27:45,10.33,0.01,13,13429,买盘
1642,11:27:39,10.32,--,22,22704,卖盘
1643,11:27:36,10.32,-0.02,33,34561,卖盘
1644,11:27:33,10.34,0.02,14,14476,买盘
1645,11:27:27,10.32,-0.01,43,44551,卖盘
1646,11:27:24,10.33,0.01,3,3099,中性盘
1647,11:27:18,10.32,-0.02,7,7224,卖盘
1648,11:27:15,10.34,--,9,9306,买盘
1649,11:27:03,10.34,--,28,28952,买盘
1650,11:27:00,10.34,--,20,20680,买盘
1651,11:26:54,10.34,--,55,56870,买盘
1652,11:26:51,10.34,0.02,9,9306,买盘
1653,11:26:48,10.32,-0.02,3,3096,卖盘
1654,11:26:45,10.34,--,88,90992,买盘
1655,11:26:42,10.34,0.01,163,168542,买盘
1656,11:26:33,10.33,--,68,70801,买盘
1657,11:26:30,10.33,--,372,384854,卖盘
1658,11:26:27,10.33,--,20,20660,卖盘
1659,11:26:24,10.33,--,78,80697,卖盘
1660,11:26:21,10.33,--,25,25825,卖盘
1661,11:26:18,10.33,-0.01,7,7231,卖盘
1662,11:26:15,10.34,0.01,70,72380,买盘
1663,11:26:12,10.33,-0.01,10,10330,卖盘
1664,11:26:03,10.34,--,22,22748,买盘
1665,11:26:00,10.34,0.01,30,31020,买盘
1666,11:25:54,10.33,--,54,55782,卖盘
1667,11:25:48,10.33,--,20,20660,卖盘
1668,11:25:45,10.33,-0.01,24,24792,卖盘
1669,11:25:42,10.34,0.01,3,3102,买盘
1670,11:25:39,10.33,--,10,10330,卖盘
1671,11:25:36,10.33,-0.01,10,10330,卖盘
1672,11:25:33,10.34,--,103,106574,买盘
1673,11:25:30,10.34,0.01,7,7238,买盘
1674,11:25:27,10.33,-0.02,36,37797,卖盘
1675,11:25:24,10.35,0.01,53,54855,买盘
1676,11:25:21,10.34,--,32,33088,卖盘
1677,11:25:18,10.34,0.01,100,103400,买盘
1678,11:25:15,10.33,-0.02,247,255151,卖盘
1679,11:25:12,10.35,0.01,14,14490,买盘
1680,11:25:06,10.34,--,220,227480,卖盘
1681,11:25:03,10.34,-0.01,16,16544,卖盘
1682,11:24:54,10.35,--,45,46575,买盘
1683,11:24:51,10.35,0.01,54,55890,买盘
1684,11:24:48,10.34,-0.01,30,31020,卖盘
1685,11:24:45,10.35,--,118,122130,买盘
1686,11:24:42,10.35,0.01,1,1035,买盘
1687,11:24:39,10.34,--,25,25850,卖盘
1688,11:24:36,10.34,-0.01,3,3102,卖盘
1689,11:24:33,10.35,--,15,15525,买盘
1690,11:24:30,10.35,0.01,466,482630,买盘
1691,11:24:27,10.34,-0.01,42,43789,卖盘
1692,11:24:24,10.35,--,15,15525,买盘
1693,11:24:15,10.35,--,20,20700,买盘
1694,11:24:12,10.35,0.01,5,5175,买盘
1695,11:24:06,10.34,-0.01,11,11374,卖盘
1696,11:24:03,10.35,--,92,95220,买盘
1697,11:23:57,10.35,--,150,155250,买盘
1698,11:23:54,10.35,--,64,66240,买盘
1699,11:23:51,10.35,--,170,175950,买盘
1700,11:23:48,10.35,--,29,30015,买盘
1701,11:23:45,10.35,0.01,109,112815,买盘
1702,11:23:42,10.34,--,41,42869,卖盘
1703,11:23:39,10.34,--,3,3102,买盘
1704,11:23:36,10.34,-0.01,17,17578,卖盘
1705,11:23:33,10.35,--,471,487485,买盘
1706,11:23:30,10.35,0.01,24,25730,买盘
1707,11:23:27,10.34,--,20,20680,卖盘
1708,11:23:24,10.34,0.01,296,306064,买盘
1709,11:23:21,10.33,-0.01,42,44212,卖盘
1710,11:23:18,10.34,--,224,231616,卖盘
1711,11:23:15,10.34,-0.01,78,80652,卖盘
1712,11:23:12,10.35,0.01,39,40365,买盘
1713,11:23:09,10.34,--,546,564564,买盘
1714,11:23:06,10.34,--,107,110638,买盘
1715,11:23:03,10.34,--,33,34122,买盘
1716,11:23:00,10.34,--,10,10340,买盘
1717,11:22:57,10.34,0.01,3,3102,买盘
1718,11:22:54,10.33,--,105,108465,卖盘
1719,11:22:51,10.33,-0.01,22,22726,卖盘
1720,11:22:48,10.34,--,1,1034,买盘
1721,11:22:42,10.34,0.01,13,13442,买盘
1722,11:22:39,10.33,-0.01,10,10330,卖盘
1723,11:22:33,10.34,0.01,38,39292,买盘
1724,11:22:30,10.33,-0.01,19,19833,卖盘
1725,11:22:24,10.34,0.02,122,126148,买盘
1726,11:22:21,10.32,-0.01,39,40722,卖盘
1727,11:22:18,10.33,--,601,621039,买盘
1728,11:22:12,10.33,--,9,9297,买盘
1729,11:22:06,10.33,--,11,11363,买盘
1730,11:22:03,10.33,0.01,15,15495,买盘
1731,11:22:00,10.32,-0.01,5,5160,卖盘
1732,11:21:57,10.33,--,25,25825,买盘
1733,11:21:54,10.33,0.01,21,21693,买盘
1734,11:21:48,10.32,--,1,1032,卖盘
1735,11:21:45,10.32,-0.01,8,8256,中性盘
1736,11:21:42,10.33,0.01,92,95036,买盘
1737,11:21:36,10.32,--,19,19608,买盘
1738,11:21:33,10.32,0.01,112,115584,买盘
1739,11:21:30,10.31,-0.01,230,237130,卖盘
1740,11:21:27,10.32,0.01,331,341592,买盘
1741,11:21:24,10.31,-0.01,23,23836,卖盘
1742,11:21:21,10.32,0.01,2,2064,买盘
1743,11:21:18,10.31,-0.01,41,42827,卖盘
1744,11:21:15,10.32,--,11,11352,买盘
1745,11:21:12,10.32,--,14,14448,买盘
1746,11:21:09,10.32,--,14,14448,买盘
1747,11:21:06,10.32,0.01,23,23736,买盘
1748,11:21:03,10.31,-0.01,24,24744,卖盘
1749,11:20:54,10.32,0.01,18,18576,买盘
1750,11:20:51,10.31,-0.01,70,72170,卖盘
1751,11:20:45,10.32,--,24,24768,买盘
1752,11:20:42,10.32,--,27,27864,买盘
1753,11:20:39,10.32,0.01,20,20640,买盘
1754,11:20:33,10.31,--,52,53612,卖盘
1755,11:20:30,10.31,--,1,1031,卖盘
1756,11:20:27,10.31,-0.01,16,16764,卖盘
1757,11:20:24,10.32,--,53,54696,买盘
1758,11:20:21,10.32,0.01,15,15480,买盘
1759,11:20:15,10.31,-0.01,43,44745,卖盘
1760,11:20:12,10.32,0.01,13,13416,买盘
1761,11:20:06,10.31,-0.01,26,26806,卖盘
1762,11:20:03,10.32,--,39,40248,买盘
1763,11:19:57,10.32,0.01,45,46440,买盘
1764,11:19:54,10.31,-0.01,2,2062,卖盘
1765,11:19:51,10.32,0.01,5,5160,买盘
1766,11:19:48,10.31,--,5,5155,卖盘
1767,11:19:45,10.31,-0.01,5,5155,卖盘
1768,11:19:42,10.32,--,1,1032,买盘
1769,11:19:39,10.32,0.01,40,41280,买盘
1770,11:19:36,10.31,-0.01,1,1031,卖盘
1771,11:19:33,10.32,--,14,14448,买盘
1772,11:19:24,10.32,--,91,94644,买盘
1773,11:19:21,10.32,--,5,5160,买盘
1774,11:19:15,10.32,0.01,17,17544,买盘
1775,11:19:12,10.31,--,41,43250,卖盘
1776,11:19:09,10.31,-0.01,5,5155,卖盘
1777,11:19:03,10.32,0.01,5,5160,买盘
1778,11:19:00,10.31,-0.01,8,8248,卖盘
1779,11:18:48,10.32,0.01,1,1032,买盘
1780,11:18:45,10.31,--,10,11320,卖盘
1781,11:18:36,10.31,-0.01,5,5155,卖盘
1782,11:18:33,10.32,0.01,13,13416,买盘
1783,11:18:30,10.31,--,8,8248,卖盘
1784,11:18:24,10.31,--,23,23991,卖盘
1785,11:18:21,10.31,0.01,14,14434,中性盘
1786,11:18:18,10.3,-0.01,35,36451,卖盘
1787,11:18:12,10.31,--,1,1031,卖盘
1788,11:18:09,10.31,--,1,1031,卖盘
1789,11:18:06,10.31,-0.01,53,54643,卖盘
1790,11:18:03,10.32,0.01,6,6192,买盘
1791,11:18:00,10.31,--,8,8248,买盘
1792,11:17:57,10.31,--,336,346416,买盘
1793,11:17:51,10.31,--,17,17527,买盘
1794,11:17:48,10.31,--,36,37116,买盘
1795,11:17:45,10.31,--,10,10310,买盘
1796,11:17:42,10.31,-0.01,50,51550,卖盘
1797,11:17:39,10.32,--,384,396288,买盘
1798,11:17:36,10.32,0.01,62,63984,买盘
1799,11:17:33,10.31,--,6,6186,卖盘
1800,11:17:30,10.31,-0.01,60,61860,卖盘
1801,11:17:24,10.32,0.01,42,43426,买盘
1802,11:17:15,10.31,0.01,10,10310,买盘
1803,11:17:12,10.3,--,36,37677,卖盘
1804,11:17:06,10.3,-0.01,7,7210,卖盘
1805,11:17:03,10.31,--,50,51550,买盘
1806,11:17:00,10.31,--,36,37116,买盘
1807,11:16:54,10.31,--,139,143309,卖盘
1808,11:16:51,10.31,--,10,10310,卖盘
1809,11:16:48,10.31,0.01,135,139185,卖盘
1810,11:16:36,10.3,-0.02,87,89610,卖盘
1811,11:16:33,10.32,--,6,6192,买盘
1812,11:16:30,10.32,0.02,873,900936,买盘
1813,11:16:24,10.3,-0.01,58,59740,卖盘
1814,11:16:21,10.31,0.01,57,58767,买盘
1815,11:16:18,10.3,-0.01,86,88786,卖盘
1816,11:16:15,10.31,0.01,6,6186,买盘
1817,11:16:12,10.3,-0.01,38,39613,卖盘
1818,11:16:09,10.31,0.01,5,5155,买盘
1819,11:16:03,10.3,-0.01,12,12360,卖盘
1820,11:15:54,10.31,--,13,13403,买盘
1821,11:15:51,10.31,--,1,1031,买盘
1822,11:15:48,10.31,--,130,134030,买盘
1823,11:15:42,10.31,0.01,32,32992,买盘
1824,11:15:39,10.3,-0.01,2,2060,卖盘
1825,11:15:36,10.31,--,15,15465,买盘
1826,11:15:33,10.31,0.01,5,5155,买盘
1827,11:15:30,10.3,0.01,24,24720,买盘
1828,11:15:24,10.29,--,20,20580,卖盘
1829,11:15:21,10.29,--,23,24438,卖盘
1830,11:15:12,10.29,-0.02,34,35922,卖盘
1831,11:15:09,10.31,--,24,24744,买盘
1832,11:15:06,10.31,0.01,1070,1103170,买盘
1833,11:15:03,10.3,0.01,5,5150,买盘
1834,11:14:48,10.29,-0.01,37,38073,卖盘
1835,11:14:45,10.3,--,9,9270,买盘
1836,11:14:36,10.3,--,6,6180,买盘
1837,11:14:33,10.3,--,5,5150,买盘
1838,11:14:30,10.3,--,28,28840,买盘
1839,11:14:21,10.3,0.01,2,2060,买盘
1840,11:14:15,10.29,--,22,23337,卖盘
1841,11:14:09,10.29,--,10,10290,卖盘
1842,11:14:06,10.29,-0.01,73,76125,卖盘
1843,11:14:03,10.3,0.02,5,5150,买盘
1844,11:13:54,10.28,-0.02,7,7196,卖盘
1845,11:13:51,10.3,0.01,682,702460,买盘
1846,11:13:36,10.29,--,291,299439,买盘
1847,11:13:33,10.29,--,9,9261,买盘
1848,11:13:30,10.29,--,30,30869,买盘
1849,11:13:27,10.29,-0.01,56,57623,卖盘
1850,11:13:21,10.3,0.01,35,36050,买盘
1851,11:13:18,10.29,--,1,1029,卖盘
1852,11:13:15,10.29,--,20,20580,卖盘
1853,11:13:12,10.29,--,16,16659,卖盘
1854,11:13:06,10.29,-0.02,43,44730,卖盘
1855,11:13:03,10.31,--,37,38147,买盘
1856,11:13:00,10.31,0.01,705,726855,买盘
1857,11:12:54,10.3,0.01,2,2060,买盘
1858,11:12:42,10.29,-0.01,1,1029,卖盘
1859,11:12:39,10.3,0.01,1,1030,买盘
1860,11:12:33,10.29,-0.01,6,6173,卖盘
1861,11:12:30,10.3,0.02,99,101970,买盘
1862,11:12:15,10.28,-0.02,23,24281,卖盘
1863,11:12:09,10.3,0.01,664,683961,买盘
1864,11:12:06,10.29,0.01,30,30869,买盘
1865,11:12:03,10.28,-0.01,6,6168,卖盘
1866,11:11:51,10.29,--,18,18522,买盘
1867,11:11:48,10.29,--,6,6173,买盘
1868,11:11:45,10.29,--,7,7202,买盘
1869,11:11:33,10.29,0.01,5,5145,买盘
1870,11:11:27,10.28,--,7,7196,卖盘
1871,11:11:15,10.28,-0.01,20,21351,卖盘
1872,11:11:12,10.29,--,10,10290,卖盘
1873,11:11:06,10.29,0.01,2,2058,卖盘
1874,11:11:03,10.28,-0.02,42,44090,卖盘
1875,11:10:57,10.3,--,58,59740,买盘
1876,11:10:51,10.3,--,1,1030,买盘
1877,11:10:33,10.3,--,5,5150,买盘
1878,11:10:27,10.3,0.02,542,558260,买盘
1879,11:10:21,10.28,--,2,2056,卖盘
1880,11:10:18,10.28,--,230,236439,卖盘
1881,11:10:12,10.28,--,5,5140,卖盘
1882,11:10:09,10.28,--,18,19141,卖盘
1883,11:10:06,10.28,--,40,41161,卖盘
1884,11:10:03,10.28,--,8,8224,卖盘
1885,11:10:00,10.28,-0.01,32,32896,卖盘
1886,11:09:57,10.29,0.01,1,1029,买盘
1887,11:09:54,10.28,--,5,5140,卖盘
1888,11:09:48,10.28,--,439,451292,卖盘
1889,11:09:42,10.28,--,2,2056,卖盘
1890,11:09:39,10.28,-0.01,8,8224,卖盘
1891,11:09:33,10.29,0.01,27,27782,买盘
1892,11:09:30,10.28,--,11,11308,卖盘
1893,11:09:12,10.28,--,34,34952,卖盘
1894,11:09:09,10.28,--,16,16746,卖盘
1895,11:09:06,10.28,-0.01,52,53836,卖盘
1896,11:09:03,10.29,--,46,47333,买盘
1897,11:08:57,10.29,--,7,7202,买盘
1898,11:08:54,10.29,0.01,8,8232,买盘
1899,11:08:48,10.28,--,9,9252,卖盘
1900,11:08:42,10.28,--,41,42148,卖盘
1901,11:08:39,10.28,-0.01,1,1028,卖盘
1902,11:08:36,10.29,--,10,10290,买盘
1903,11:08:33,10.29,0.01,5,5145,买盘
1904,11:08:30,10.28,--,21,21588,卖盘
1905,11:08:27,10.28,-0.01,9,9252,卖盘
1906,11:08:24,10.29,0.01,20,20580,买盘
1907,11:08:21,10.28,-0.02,70,72330,卖盘
1908,11:08:18,10.3,0.01,58,59740,买盘
1909,11:08:15,10.29,-0.01,131,134799,卖盘
1910,11:08:12,10.3,0.01,5,5150,买盘
1911,11:08:06,10.29,-0.01,39,40604,卖盘
1912,11:08:03,10.3,0.01,5,5150,买盘
1913,11:08:00,10.29,--,28,28811,卖盘
1914,11:07:57,10.29,--,44,45481,卖盘
1915,11:07:54,10.29,--,11,12327,买盘
1916,11:07:51,10.29,--,23,23666,买盘
1917,11:07:48,10.29,--,45,46304,买盘
1918,11:07:45,10.29,--,112,115247,买盘
1919,11:07:39,10.29,--,4,4116,买盘
1920,11:07:36,10.29,--,20,20580,买盘
1921,11:07:33,10.29,--,5,5145,买盘
1922,11:07:30,10.29,--,35,36015,买盘
1923,11:07:27,10.29,--,250,257249,买盘
1924,11:07:24,10.29,--,36,37044,买盘
1925,11:07:18,10.29,--,134,137886,买盘
1926,11:07:15,10.29,--,55,56594,买盘
1927,11:07:12,10.29,--,195,200654,买盘
1928,11:07:09,10.29,0.01,40,41160,买盘
1929,11:07:06,10.28,-0.01,22,22790,卖盘
1930,11:07:03,10.29,0.01,8,8232,买盘
1931,11:07:00,10.28,-0.02,134,138255,卖盘
1932,11:06:57,10.3,--,1,1030,买盘
1933,11:06:45,10.3,0.01,333,342990,买盘
1934,11:06:39,10.29,--,22,22637,买盘
1935,11:06:36,10.29,--,72,74088,买盘
1936,11:06:33,10.29,--,8,8232,买盘
1937,11:06:30,10.29,0.01,490,504209,买盘
1938,11:06:27,10.28,-0.01,22,22616,卖盘
1939,11:06:24,10.29,--,15,15434,买盘
1940,11:06:15,10.29,0.01,76,78204,买盘
1941,11:06:09,10.28,--,20,21002,卖盘
1942,11:06:06,10.28,--,7,7196,卖盘
1943,11:06:03,10.28,--,11,11308,卖盘
1944,11:06:00,10.28,-0.01,39,40328,卖盘
1945,11:05:57,10.29,--,23,23666,买盘
1946,11:05:51,10.29,0.01,3,3086,买盘
1947,11:05:42,10.28,-0.01,10,10280,卖盘
1948,11:05:39,10.29,--,104,107015,买盘
1949,11:05:33,10.29,--,5,5145,买盘
1950,11:05:30,10.29,0.01,50,51449,买盘
1951,11:05:12,10.28,--,27,27756,卖盘
1952,11:05:09,10.28,--,80,82240,卖盘
1953,11:05:06,10.28,--,25,26275,卖盘
1954,11:05:03,10.28,--,11,11308,卖盘
1955,11:05:00,10.28,-0.01,56,57670,卖盘
1956,11:04:57,10.29,0.01,5,5145,买盘
1957,11:04:51,10.28,-0.01,7,7196,卖盘
1958,11:04:45,10.29,0.01,1,1029,买盘
1959,11:04:42,10.28,--,230,236439,买盘
1960,11:04:39,10.28,--,30,30839,买盘
1961,11:04:36,10.28,--,210,215880,买盘
1962,11:04:33,10.28,--,25,25700,买盘
1963,11:04:30,10.28,--,32,32896,买盘
1964,11:04:24,10.28,0.01,6,6168,买盘
1965,11:04:21,10.27,-0.01,79,81133,卖盘
1966,11:04:18,10.28,--,9,9252,买盘
1967,11:04:15,10.28,--,17,17476,买盘
1968,11:04:12,10.28,--,1,1028,买盘
1969,11:04:09,10.28,--,100,102800,买盘
1970,11:04:03,10.28,0.01,93,95696,买盘
1971,11:03:57,10.27,-0.01,49,50908,卖盘
1972,11:03:51,10.28,--,1,1028,买盘
1973,11:03:42,10.28,--,32,32896,买盘
1974,11:03:39,10.28,--,2,2056,买盘
1975,11:03:33,10.28,0.02,11,11308,买盘
1976,11:03:30,10.26,--,10,10260,卖盘
1977,11:03:27,10.26,-0.02,6,6156,卖盘
1978,11:03:09,10.28,0.01,32,32896,买盘
1979,11:03:03,10.27,--,22,22881,卖盘
1980,11:03:00,10.27,-0.01,2,2054,卖盘
1981,11:02:57,10.28,0.01,7,7196,买盘
1982,11:02:54,10.27,-0.01,55,56875,卖盘
1983,11:02:42,10.28,--,8,8224,买盘
1984,11:02:39,10.28,0.01,36,37008,买盘
1985,11:02:36,10.27,0.01,29,30584,买盘
1986,11:02:24,10.26,-0.01,2,2052,卖盘
1987,11:02:21,10.27,--,10,10270,买盘
1988,11:02:18,10.27,0.01,1,1027,买盘
1989,11:02:15,10.26,-0.01,115,117990,卖盘
1990,11:02:09,10.27,--,10,10270,买盘
1991,11:02:06,10.27,0.01,14,14378,买盘
1992,11:02:03,10.26,--,1,1026,卖盘
1993,11:02:00,10.26,-0.01,21,22100,卖盘
1994,11:01:54,10.27,--,64,65953,卖盘
1995,11:01:51,10.27,-0.01,83,85364,卖盘
1996,11:01:48,10.28,--,59,60651,买盘
1997,11:01:45,10.28,--,10,10280,买盘
1998,11:01:36,10.28,--,6,6168,买盘
1999,11:01:30,10.28,--,100,102800,买盘
2000,11:01:27,10.28,--,8,8224,买盘
2001,11:01:15,10.28,--,2,2056,买盘
2002,11:01:06,10.28,--,174,178872,买盘
2003,11:01:03,10.28,0.01,3,3084,买盘
2004,11:01:00,10.27,--,27,27903,卖盘
2005,11:00:54,10.27,-0.01,38,39529,卖盘
2006,11:00:51,10.28,--,5,5140,买盘
2007,11:00:48,10.28,0.02,8,8224,买盘
2008,11:00:42,10.26,-0.02,166,170316,卖盘
2009,11:00:39,10.28,--,1,1028,买盘
2010,11:00:36,10.28,--,5,5140,买盘
2011,11:00:33,10.28,0.01,20,20560,买盘
2012,11:00:27,10.27,--,50,51350,卖盘
2013,11:00:24,10.27,--,5,5135,卖盘
2014,11:00:18,10.27,--,166,170594,买盘
2015,11:00:15,10.27,--,13,13351,买盘
2016,11:00:09,10.27,--,3,3081,买盘
2017,11:00:06,10.27,0.01,10,10886,买盘
2018,11:00:03,10.26,--,1,1026,卖盘
2019,10:59:57,10.26,--,21,22397,卖盘
2020,10:59:54,10.26,--,5,5130,卖盘
2021,10:59:51,10.26,-0.01,43,44969,卖盘
2022,10:59:42,10.27,0.01,6,6162,买盘
2023,10:59:36,10.26,-0.01,6,6156,买盘
2024,10:59:33,10.27,0.01,35,35945,买盘
2025,10:59:30,10.26,--,28,28728,买盘
2026,10:59:24,10.26,0.01,20,20520,买盘
2027,10:59:21,10.25,-0.01,7,7175,卖盘
2028,10:59:18,10.26,--,13,13338,买盘
2029,10:59:12,10.26,--,38,39603,买盘
2030,10:59:09,10.26,--,10,10260,买盘
2031,10:59:06,10.26,--,5,5130,买盘
2032,10:59:03,10.26,--,51,52326,卖盘
2033,10:59:00,10.26,0.01,2,2052,卖盘
2034,10:58:57,10.25,-0.02,21,22488,卖盘
2035,10:58:54,10.27,0.02,2,2054,买盘
2036,10:58:51,10.25,-0.01,36,37638,卖盘
2037,10:58:45,10.26,--,6,6156,卖盘
2038,10:58:36,10.26,-0.01,75,76950,卖盘
2039,10:58:33,10.27,--,3,3081,买盘
2040,10:58:21,10.27,0.01,30,30810,买盘
2041,10:58:09,10.26,-0.01,5,5745,卖盘
2042,10:58:06,10.27,0.02,6,6162,买盘
2043,10:57:57,10.25,-0.01,3,3075,卖盘
2044,10:57:54,10.26,-0.01,20,21115,卖盘
2045,10:57:48,10.27,0.01,36,36972,买盘
2046,10:57:45,10.26,-0.01,38,39070,卖盘
2047,10:57:42,10.27,--,1,1027,买盘
2048,10:57:36,10.27,0.01,5,5135,买盘
2049,10:57:30,10.26,0.01,8,8474,买盘
2050,10:57:27,10.25,--,2,2050,卖盘
2051,10:57:24,10.25,--,7,7175,卖盘
2052,10:57:09,10.25,-0.01,11,11890,卖盘
2053,10:57:06,10.26,0.01,5,5130,买盘
2054,10:56:51,10.25,--,18,19321,卖盘
2055,10:56:48,10.25,-0.01,39,40805,卖盘
2056,10:56:42,10.26,-0.01,20,21279,卖盘
2057,10:56:39,10.27,--,30,30810,买盘
2058,10:56:36,10.27,0.01,57,58539,买盘
2059,10:56:30,10.26,-0.01,8,8208,卖盘
2060,10:56:21,10.27,0.01,17,17459,买盘
2061,10:56:18,10.26,-0.01,1,1026,卖盘
2062,10:56:06,10.27,0.01,10,10886,买盘
2063,10:56:03,10.26,-0.01,1,1026,卖盘
2064,10:56:00,10.27,0.01,10,10270,买盘
2065,10:55:54,10.26,--,9,9234,卖盘
2066,10:55:51,10.26,--,19,20437,卖盘
2067,10:55:45,10.26,--,2,2052,卖盘
2068,10:55:42,10.26,-0.01,38,39747,卖盘
2069,10:55:36,10.27,--,5,5135,买盘
2070,10:55:27,10.27,--,50,51350,买盘
2071,10:55:21,10.27,--,4,4108,买盘
2072,10:55:18,10.27,--,17,17459,买盘
2073,10:55:12,10.27,--,1,1027,买盘
2074,10:55:06,10.27,--,5,5135,买盘
2075,10:55:00,10.27,0.02,50,51350,买盘
2076,10:54:54,10.25,-0.02,2,2050,卖盘
2077,10:54:51,10.27,0.02,3,3081,买盘
2078,10:54:48,10.25,--,23,24046,卖盘
2079,10:54:42,10.25,-0.02,35,36080,卖盘
2080,10:54:36,10.27,0.02,5,5135,买盘
2081,10:54:33,10.25,-0.02,150,153750,卖盘
2082,10:54:24,10.27,--,1,1027,买盘
2083,10:54:18,10.27,0.02,50,51350,买盘
2084,10:54:09,10.25,--,59,60608,买盘
2085,10:54:06,10.25,--,70,71750,买盘
2086,10:53:48,10.25,0.01,33,34675,买盘
2087,10:53:45,10.24,--,162,165888,卖盘
2088,10:53:42,10.24,--,30,30720,卖盘
2089,10:53:39,10.24,-0.01,37,38737,卖盘
2090,10:53:36,10.25,--,49,50225,买盘
2091,10:53:27,10.25,--,10,10250,买盘
2092,10:53:24,10.25,--,8,8200,买盘
2093,10:53:21,10.25,--,98,100450,买盘
2094,10:53:09,10.25,--,92,94300,买盘
2095,10:53:06,10.25,0.01,5,5125,买盘
2096,10:53:03,10.24,-0.01,1,1024,卖盘
2097,10:53:00,10.25,--,32,32800,买盘
2098,10:52:57,10.25,--,12,12300,买盘
2099,10:52:54,10.25,--,5,5125,买盘
2100,10:52:51,10.25,-0.01,351,360666,卖盘
2101,10:52:45,10.26,--,57,58707,卖盘
2102,10:52:42,10.26,--,98,100999,买盘
2103,10:52:39,10.26,--,30,30780,买盘
2104,10:52:36,10.26,0.01,5,5130,买盘
2105,10:52:27,10.25,-0.01,117,120335,卖盘
2106,10:52:24,10.26,0.01,3,3078,买盘
2107,10:52:21,10.25,--,207,212175,卖盘
2108,10:52:18,10.25,--,7,7175,卖盘
2109,10:52:15,10.25,0.01,17,17496,买盘
2110,10:52:12,10.24,-0.01,1,1024,卖盘
2111,10:52:09,10.25,-0.01,185,190578,卖盘
2112,10:52:06,10.26,0.01,5,5130,买盘
2113,10:51:57,10.25,--,74,75921,卖盘
2114,10:51:54,10.25,--,6,6150,卖盘
2115,10:51:51,10.25,-0.01,4,4100,卖盘
2116,10:51:48,10.26,0.02,1,1026,买盘
2117,10:51:42,10.24,--,20,21073,卖盘
2118,10:51:39,10.24,-0.01,94,96337,卖盘
2119,10:51:36,10.25,--,1,1148,买盘
2120,10:51:27,10.25,--,41,42527,卖盘
2121,10:51:24,10.25,--,17,17425,卖盘
2122,10:51:12,10.25,--,4,4100,卖盘
2123,10:51:09,10.25,-0.01,2,2050,卖盘
2124,10:51:06,10.26,0.01,7,7182,买盘
2125,10:51:03,10.25,-0.01,1,1025,卖盘
2126,10:51:00,10.26,0.01,7,7182,买盘
2127,10:50:57,10.25,--,132,135740,卖盘
2128,10:50:45,10.25,-0.01,23,24518,卖盘
2129,10:50:42,10.26,--,1,1026,买盘
2130,10:50:39,10.26,--,60,62319,买盘
2131,10:50:36,10.26,0.01,5,5130,买盘
2132,10:50:33,10.25,--,12,12300,卖盘
2133,10:50:27,10.25,--,25,25707,卖盘
2134,10:50:24,10.25,-0.01,2,2050,卖盘
2135,10:50:21,10.26,0.01,32,32832,买盘
2136,10:50:15,10.25,-0.01,7,7175,卖盘
2137,10:50:06,10.26,0.01,10,10260,买盘
2138,10:49:57,10.25,-0.01,51,52582,卖盘
2139,10:49:54,10.26,0.01,50,51300,买盘
2140,10:49:45,10.25,--,3,3075,卖盘
2141,10:49:42,10.25,--,19,19813,卖盘
2142,10:49:39,10.25,-0.01,39,40313,卖盘
2143,10:49:36,10.26,--,65,66690,买盘
2144,10:49:33,10.26,0.01,3,3078,买盘
2145,10:49:27,10.25,-0.01,25,26178,卖盘
2146,10:49:21,10.26,--,15,15390,买盘
2147,10:49:06,10.26,0.01,5,5130,买盘
2148,10:49:03,10.25,--,8,8200,卖盘
2149,10:48:57,10.25,--,74,76014,卖盘
2150,10:48:42,10.25,--,1,1025,卖盘
2151,10:48:39,10.25,-0.01,20,20510,卖盘
2152,10:48:36,10.26,0.01,32,32832,买盘
2153,10:48:33,10.25,-0.01,38,39616,卖盘
2154,10:48:27,10.26,--,144,147744,卖盘
2155,10:48:24,10.26,--,5,5130,卖盘
2156,10:48:06,10.26,0.01,6,6156,买盘
2157,10:48:03,10.25,--,6,6150,卖盘
2158,10:48:00,10.25,--,167,171195,买盘
2159,10:47:57,10.25,--,10,10250,买盘
2160,10:47:51,10.25,--,10,10250,买盘
2161,10:47:48,10.25,--,56,57400,买盘
2162,10:47:39,10.25,--,26,26650,买盘
2163,10:47:36,10.25,--,30,31016,买盘
2164,10:47:33,10.25,0.01,2,2050,买盘
2165,10:47:30,10.24,--,35,36249,卖盘
2166,10:47:27,10.24,--,2,2048,卖盘
2167,10:47:21,10.24,--,5,5120,卖盘
2168,10:47:18,10.24,-0.01,5,5120,卖盘
2169,10:47:09,10.25,--,32,32800,买盘
2170,10:47:06,10.25,0.01,5,5125,买盘
2171,10:47:03,10.24,--,8,8192,卖盘
2172,10:46:54,10.24,--,34,34816,卖盘
2173,10:46:51,10.24,-0.01,52,53248,卖盘
2174,10:46:48,10.25,0.01,3,3075,买盘
2175,10:46:36,10.24,-0.01,29,30443,卖盘
2176,10:46:33,10.25,0.01,8,8200,买盘
2177,10:46:27,10.24,-0.01,47,49080,卖盘
2178,10:46:24,10.25,--,1,1025,买盘
2179,10:46:15,10.25,--,50,51250,买盘
2180,10:46:09,10.25,--,1,1025,买盘
2181,10:46:06,10.25,--,11,11275,买盘
2182,10:46:00,10.25,--,1,1025,买盘
2183,10:45:51,10.25,--,10,10250,买盘
2184,10:45:45,10.25,-0.01,79,81979,卖盘
2185,10:45:36,10.26,0.02,34,34904,买盘
2186,10:45:33,10.24,-0.01,36,37519,卖盘
2187,10:45:30,10.25,0.01,32,33271,买盘
2188,10:45:27,10.24,-0.01,13,13312,卖盘
2189,10:45:24,10.25,-0.02,158,162503,卖盘
2190,10:45:06,10.27,0.01,38,39026,买盘
2191,10:45:03,10.26,--,8,8208,卖盘
2192,10:44:51,10.26,--,10,10260,卖盘
2193,10:44:45,10.26,--,63,65458,买盘
2194,10:44:42,10.26,--,31,31806,买盘
2195,10:44:39,10.26,--,27,27702,买盘
2196,10:44:36,10.26,0.01,5,5130,买盘
2197,10:44:33,10.25,--,20,20694,卖盘
2198,10:44:30,10.25,--,1,1025,卖盘
2199,10:44:27,10.25,-0.01,143,147056,卖盘
2200,10:44:24,10.26,-0.01,158,162692,卖盘
2201,10:44:21,10.27,0.01,4,4108,买盘
2202,10:44:18,10.26,-0.01,8,8208,卖盘
2203,10:44:15,10.27,--,100,102700,买盘
2204,10:44:12,10.27,--,18,18486,买盘
2205,10:44:09,10.27,--,112,115024,买盘
2206,10:44:06,10.27,0.01,5,5135,买盘
2207,10:44:00,10.26,--,145,149211,买盘
2208,10:43:54,10.26,-0.01,38,39254,卖盘
2209,10:43:51,10.27,0.01,400,410800,买盘
2210,10:43:48,10.26,--,1,1026,卖盘
2211,10:43:45,10.26,--,4,4104,卖盘
2212,10:43:39,10.26,--,7,7182,卖盘
2213,10:43:36,10.26,0.02,23,24357,买盘
2214,10:43:33,10.24,--,16,16701,卖盘
2215,10:43:24,10.24,-0.01,82,84326,卖盘
2216,10:43:18,10.25,--,50,51250,买盘
2217,10:43:15,10.25,--,66,67650,买盘
2218,10:43:12,10.25,-0.01,98,100716,卖盘
2219,10:43:09,10.26,--,4,4575,买盘
2220,10:43:06,10.26,0.01,243,249318,买盘
2221,10:43:03,10.25,-0.01,3,3075,卖盘
2222,10:42:54,10.26,0.01,71,73533,买盘
2223,10:42:51,10.25,--,60,61500,卖盘
2224,10:42:48,10.25,-0.01,7,7175,卖盘
2225,10:42:42,10.26,0.01,14,14364,买盘
2226,10:42:39,10.25,-0.01,9,9225,卖盘
2227,10:42:36,10.26,0.01,5,5130,买盘
2228,10:42:27,10.25,--,63,65251,买盘
2229,10:42:24,10.25,--,3,3075,买盘
2230,10:42:21,10.25,--,73,74825,买盘
2231,10:42:15,10.25,--,220,225500,买盘
2232,10:42:12,10.25,--,23,23575,买盘
2233,10:42:06,10.25,0.01,5,5125,买盘
2234,10:42:03,10.24,--,74,75776,卖盘
2235,10:41:57,10.24,-0.02,5,5120,卖盘
2236,10:41:54,10.26,0.02,25,25650,买盘
2237,10:41:51,10.24,-0.01,7,7168,卖盘
2238,10:41:48,10.25,--,198,202950,买盘
2239,10:41:39,10.25,-0.01,95,97754,卖盘
2240,10:41:36,10.26,0.01,211,216486,买盘
2241,10:41:33,10.25,--,20,20500,卖盘
2242,10:41:30,10.25,-0.01,19,20120,中性盘
2243,10:41:27,10.26,0.02,4,4104,买盘
2244,10:41:24,10.24,-0.01,264,270366,卖盘
2245,10:41:21,10.25,--,22,22550,买盘
2246,10:41:18,10.25,--,5,5125,买盘
2247,10:41:15,10.25,--,36,36900,买盘
2248,10:41:12,10.25,--,10,10250,买盘
2249,10:41:06,10.25,--,14,14350,买盘
2250,10:41:03,10.25,0.01,48,49200,买盘
2251,10:41:00,10.24,-0.01,2,2048,卖盘
2252,10:40:51,10.25,0.01,30,30750,买盘
2253,10:40:48,10.24,--,2,2048,卖盘
2254,10:40:45,10.24,-0.01,7,7168,卖盘
2255,10:40:42,10.25,--,31,31775,买盘
2256,10:40:36,10.25,0.01,163,167075,买盘
2257,10:40:30,10.24,-0.01,16,16803,卖盘
2258,10:40:24,10.25,--,9,9225,买盘
2259,10:40:21,10.25,0.01,59,60731,买盘
2260,10:40:09,10.24,-0.01,7,7168,卖盘
2261,10:40:06,10.25,0.01,5,5125,买盘
2262,10:40:03,10.24,--,8,8192,卖盘
2263,10:39:54,10.24,--,19,19456,卖盘
2264,10:39:51,10.24,-0.01,2,2048,卖盘
2265,10:39:48,10.25,--,9,9225,买盘
2266,10:39:36,10.25,0.01,28,28700,买盘
2267,10:39:33,10.24,--,7,7168,卖盘
2268,10:39:24,10.24,-0.01,58,60067,卖盘
2269,10:39:21,10.25,--,6,6150,买盘
2270,10:39:15,10.25,--,3,3075,买盘
2271,10:39:12,10.25,--,35,35875,买盘
2272,10:39:06,10.25,--,14,14350,买盘
2273,10:39:00,10.25,--,22,22550,买盘
2274,10:38:54,10.25,0.01,200,205000,买盘
2275,10:38:51,10.24,-0.01,10,10240,卖盘
2276,10:38:45,10.25,--,7,7175,买盘
2277,10:38:42,10.25,--,109,111725,买盘
2278,10:38:39,10.25,--,52,53300,买盘
2279,10:38:36,10.25,0.01,5,5125,买盘
2280,10:38:27,10.24,-0.01,26,27545,卖盘
2281,10:38:24,10.25,0.01,26,26650,买盘
2282,10:38:18,10.24,--,37,38666,卖盘
2283,10:38:15,10.24,-0.01,11,11264,卖盘
2284,10:38:12,10.25,--,9,9225,买盘
2285,10:38:09,10.25,--,6,6150,买盘
2286,10:38:06,10.25,0.01,5,5125,买盘
2287,10:38:03,10.24,--,1,1024,卖盘
2288,10:38:00,10.24,--,16,16384,卖盘
2289,10:37:57,10.24,--,2,2048,卖盘
2290,10:37:42,10.24,-0.01,19,19456,卖盘
2291,10:37:36,10.25,--,5,5125,买盘
2292,10:37:33,10.25,0.01,38,38950,买盘
2293,10:37:27,10.24,0.01,426,436602,买盘
2294,10:37:21,10.23,--,18,18485,卖盘
2295,10:37:15,10.23,--,42,43569,卖盘
2296,10:37:12,10.23,-0.01,10,10230,卖盘
2297,10:37:09,10.24,--,1,1024,买盘
2298,10:37:06,10.24,0.01,5,5120,买盘
2299,10:37:00,10.23,-0.01,1,1023,卖盘
2300,10:36:51,10.24,0.01,1,1024,买盘
2301,10:36:48,10.23,-0.01,12,12276,卖盘
2302,10:36:45,10.24,--,2,2048,买盘
2303,10:36:36,10.24,0.01,6,6144,买盘
2304,10:36:33,10.23,--,13,13299,卖盘
2305,10:36:30,10.23,--,129,131967,卖盘
2306,10:36:21,10.23,--,29,30424,卖盘
2307,10:36:18,10.23,-0.01,38,39815,卖盘
2308,10:36:15,10.24,0.01,23,23552,买盘
2309,10:36:12,10.23,--,2,2046,卖盘
2310,10:36:09,10.23,-0.01,23,23529,卖盘
2311,10:36:06,10.24,0.01,5,5120,买盘
2312,10:36:03,10.23,-0.01,1,1023,卖盘
2313,10:36:00,10.24,--,100,102400,买盘
2314,10:35:48,10.24,--,5,5120,买盘
2315,10:35:36,10.24,0.01,15,15360,买盘
2316,10:35:27,10.23,-0.01,61,62403,卖盘
2317,10:35:24,10.24,0.01,36,36864,买盘
2318,10:35:21,10.23,-0.01,19,20327,卖盘
2319,10:35:18,10.24,0.01,8,8192,买盘
2320,10:35:12,10.23,-0.01,38,39682,卖盘
2321,10:35:06,10.24,0.01,5,5120,买盘
2322,10:34:48,10.23,-0.01,1,1023,卖盘
2323,10:34:45,10.24,--,20,20480,买盘
2324,10:34:36,10.24,0.01,7,7168,买盘
2325,10:34:27,10.23,--,12,12276,卖盘
2326,10:34:24,10.23,--,7,7161,卖盘
2327,10:34:21,10.23,--,21,22107,卖盘
2328,10:34:15,10.23,--,32,32736,卖盘
2329,10:34:12,10.23,0.01,74,75702,买盘
2330,10:34:09,10.22,-0.01,37,37865,卖盘
2331,10:34:06,10.23,0.01,5,5115,买盘
2332,10:34:03,10.22,--,1,1022,卖盘
2333,10:34:00,10.22,--,2,2044,卖盘
2334,10:33:57,10.22,-0.01,7,7154,卖盘
2335,10:33:54,10.23,-0.01,39,39897,卖盘
2336,10:33:51,10.24,0.01,26,26624,买盘
2337,10:33:48,10.23,--,34,34782,卖盘
2338,10:33:45,10.23,--,9,10209,买盘
2339,10:33:42,10.23,--,10,10230,买盘
2340,10:33:36,10.23,-0.01,85,86975,卖盘
2341,10:33:33,10.24,0.01,27,27648,买盘
2342,10:33:30,10.23,--,16,16368,卖盘
2343,10:33:15,10.23,-0.01,58,60009,卖盘
2344,10:33:09,10.24,--,1,1024,买盘
2345,10:33:06,10.24,0.01,5,5120,买盘
2346,10:33:03,10.23,-0.01,17,17391,卖盘
2347,10:33:00,10.24,--,2,2048,买盘
2348,10:32:36,10.24,0.01,5,5120,买盘
2349,10:32:33,10.23,-0.01,50,51150,卖盘
2350,10:32:30,10.24,--,4,4096,买盘
2351,10:32:27,10.24,--,9,9216,买盘
2352,10:32:21,10.24,0.01,12,12288,买盘
2353,10:32:15,10.23,--,28,29370,卖盘
2354,10:32:06,10.23,-0.01,41,42914,卖盘
2355,10:32:00,10.24,0.01,6,6144,买盘
2356,10:31:48,10.23,--,6,6138,卖盘
2357,10:31:45,10.23,-0.01,2,2046,卖盘
2358,10:31:36,10.24,0.01,5,5120,买盘
2359,10:31:18,10.23,--,1,1023,卖盘
2360,10:31:15,10.23,-0.01,22,23314,卖盘
2361,10:31:12,10.24,0.01,29,29696,买盘
2362,10:31:09,10.23,--,35,36695,卖盘
2363,10:31:06,10.23,--,12,12276,卖盘
2364,10:31:03,10.23,--,2,2046,卖盘
2365,10:31:00,10.23,--,1,1023,卖盘
2366,10:30:42,10.23,-0.01,9,9207,卖盘
2367,10:30:36,10.24,--,5,5120,买盘
2368,10:30:33,10.24,0.02,12,12288,买盘
2369,10:30:27,10.22,--,513,524286,卖盘
2370,10:30:21,10.22,-0.02,5,5110,卖盘
2371,10:30:18,10.24,0.02,30,30720,买盘
2372,10:30:15,10.22,-0.01,27,28462,卖盘
2373,10:30:09,10.23,-0.01,37,37851,卖盘
2374,10:30:06,10.24,0.01,5,5120,买盘
2375,10:30:03,10.23,--,5,5115,卖盘
2376,10:30:00,10.23,--,7,7161,卖盘
2377,10:29:57,10.23,--,27,27621,卖盘
2378,10:29:51,10.23,--,52,53196,卖盘
2379,10:29:48,10.23,--,7,7161,卖盘
2380,10:29:45,10.23,--,35,35805,买盘
2381,10:29:39,10.23,0.01,10,10230,买盘
2382,10:29:36,10.22,-0.01,217,221774,卖盘
2383,10:29:27,10.23,-0.01,1,1023,卖盘
2384,10:29:24,10.24,0.01,22,22528,买盘
2385,10:29:18,10.23,--,1,1023,卖盘
2386,10:29:15,10.23,0.01,1,1023,卖盘
2387,10:29:09,10.22,-0.02,19,19448,卖盘
2388,10:29:06,10.24,0.02,6,6144,买盘
2389,10:29:03,10.22,-0.01,40,41523,卖盘
2390,10:28:54,10.23,-0.01,56,57288,卖盘
2391,10:28:48,10.24,0.01,2,2048,买盘
2392,10:28:42,10.23,--,4,4092,买盘
2393,10:28:39,10.23,--,4,4092,买盘
2394,10:28:36,10.23,--,20,20460,买盘
2395,10:28:27,10.23,0.01,20,20460,买盘
2396,10:28:24,10.22,--,10,10220,卖盘
2397,10:28:21,10.22,--,7,7154,卖盘
2398,10:28:09,10.22,-0.01,78,80421,卖盘
2399,10:28:06,10.23,0.01,44,46004,买盘
2400,10:28:00,10.22,--,2,2044,卖盘
2401,10:27:57,10.22,--,7,7154,卖盘
2402,10:27:39,10.22,-0.02,47,48034,卖盘
2403,10:27:36,10.24,0.01,6,6144,买盘
2404,10:27:33,10.23,--,1,1023,卖盘
2405,10:27:30,10.23,--,2,2046,卖盘
2406,10:27:21,10.23,--,6,6138,卖盘
2407,10:27:06,10.23,--,26,27191,卖盘
2408,10:27:03,10.23,--,3,3785,卖盘
2409,10:27:00,10.23,-0.01,37,37932,卖盘
2410,10:26:48,10.24,0.01,2,2048,买盘
2411,10:26:45,10.23,--,20,20460,卖盘
2412,10:26:39,10.23,-0.01,6,6138,卖盘
2413,10:26:36,10.24,0.01,5,5120,买盘
2414,10:26:33,10.23,0.01,1,1023,买盘
2415,10:26:30,10.22,-0.01,4,4088,卖盘
2416,10:26:27,10.23,--,10,10230,买盘
2417,10:26:24,10.23,--,10,10230,买盘
2418,10:26:21,10.23,0.01,10,10230,买盘
2419,10:26:18,10.22,-0.02,12,12264,卖盘
2420,10:26:15,10.24,0.01,15,15360,买盘
2421,10:26:09,10.23,--,5,5115,卖盘
2422,10:26:06,10.23,0.01,17,17616,买盘
2423,10:26:03,10.22,-0.02,10,10220,卖盘
2424,10:26:00,10.24,--,48,49602,买盘
2425,10:25:57,10.24,0.01,97,99328,买盘
2426,10:25:54,10.23,-0.01,97,99578,卖盘
2427,10:25:45,10.24,--,5,5120,买盘
2428,10:25:39,10.24,--,4,4096,买盘
2429,10:25:36,10.24,0.01,5,5120,买盘
2430,10:25:30,10.23,--,10,10230,卖盘
2431,10:25:21,10.23,-0.01,7,7161,卖盘
2432,10:25:06,10.24,0.01,27,27648,买盘
2433,10:25:03,10.23,--,8,8184,卖盘
2434,10:25:00,10.23,--,40,41595,卖盘
2435,10:24:57,10.23,--,20,20460,卖盘
2436,10:24:54,10.23,--,6,6138,卖盘
2437,10:24:48,10.23,--,50,51150,卖盘
2438,10:24:42,10.23,--,1,1023,卖盘
2439,10:24:39,10.23,-0.01,118,120714,卖盘
2440,10:24:36,10.24,--,7,7168,买盘
2441,10:24:33,10.24,0.01,2,2048,买盘
2442,10:24:30,10.23,--,2,2046,卖盘
2443,10:24:27,10.23,--,18,18414,卖盘
2444,10:24:24,10.23,0.01,11,11253,买盘
2445,10:24:21,10.22,-0.01,15,15330,卖盘
2446,10:24:18,10.23,--,24,24552,买盘
2447,10:24:12,10.23,0.01,45,46035,买盘
2448,10:24:09,10.22,--,24,24528,卖盘
2449,10:24:06,10.22,--,26,27348,卖盘
2450,10:24:03,10.22,--,1,1022,卖盘
2451,10:23:57,10.22,--,46,47931,卖盘
2452,10:23:54,10.22,--,21,21462,卖盘
2453,10:23:42,10.22,-0.01,44,44968,卖盘
2454,10:23:36,10.23,0.01,6,6138,买盘
2455,10:23:30,10.22,-0.01,30,30660,卖盘
2456,10:23:27,10.23,0.01,1,1023,买盘
2457,10:23:15,10.22,-0.01,2,2044,卖盘
2458,10:23:12,10.23,-0.01,4,4092,卖盘
2459,10:23:06,10.24,0.02,5,5120,买盘
2460,10:23:03,10.22,-0.01,23,23914,卖盘
2461,10:23:00,10.23,--,9,9207,买盘
2462,10:22:57,10.23,--,36,37093,卖盘
2463,10:22:51,10.23,--,1,1023,卖盘
2464,10:22:48,10.23,-0.01,5,5115,卖盘
2465,10:22:36,10.24,0.02,9,9216,买盘
2466,10:22:33,10.22,-0.01,7,7154,卖盘
2467,10:22:30,10.23,0.01,12,12276,买盘
2468,10:22:27,10.22,--,40,40880,卖盘
2469,10:22:21,10.22,-0.01,5,5110,卖盘
2470,10:22:18,10.23,--,5,5115,买盘
2471,10:22:12,10.23,0.01,15,15345,卖盘
2472,10:22:09,10.22,-0.02,20,20440,卖盘
2473,10:22:06,10.24,0.01,5,5120,买盘
2474,10:22:03,10.23,0.01,4,4092,买盘
2475,10:22:00,10.22,--,6,6132,卖盘
2476,10:21:57,10.22,--,27,28503,卖盘
2477,10:21:54,10.22,--,40,41666,卖盘
2478,10:21:48,10.22,-0.01,78,79716,卖盘
2479,10:21:45,10.23,--,66,67518,买盘
2480,10:21:42,10.23,--,1,1023,买盘
2481,10:21:36,10.23,--,15,15345,买盘
2482,10:21:27,10.23,--,1,1023,买盘
2483,10:21:21,10.23,-0.01,81,82863,卖盘
2484,10:21:18,10.24,--,11,11264,买盘
2485,10:21:12,10.24,0.01,5,5120,买盘
2486,10:21:09,10.23,-0.01,6,6138,卖盘
2487,10:21:06,10.24,0.01,5,5120,买盘
2488,10:21:03,10.23,0.01,13,13299,买盘
2489,10:21:00,10.22,--,16,16965,卖盘
2490,10:20:51,10.22,--,43,44007,卖盘
2491,10:20:48,10.22,--,7,7154,卖盘
2492,10:20:45,10.22,-0.01,12,12264,卖盘
2493,10:20:42,10.23,--,131,134033,卖盘
2494,10:20:39,10.23,-0.01,32,32736,卖盘
2495,10:20:36,10.24,--,15,15360,买盘
2496,10:20:30,10.24,--,6,6144,买盘
2497,10:20:27,10.24,--,2,2048,买盘
2498,10:20:21,10.24,0.01,4,4096,中性盘
2499,10:20:06,10.23,--,18,18414,卖盘
2500,10:20:03,10.23,-0.02,1,1023,卖盘
2501,10:20:00,10.25,--,61,63447,买盘
2502,10:19:57,10.25,0.02,1,1025,买盘
2503,10:19:54,10.23,--,15,15345,卖盘
2504,10:19:51,10.23,--,39,40674,卖盘
2505,10:19:48,10.23,--,16,16368,卖盘
2506,10:19:39,10.23,-0.02,3,3069,卖盘
2507,10:19:36,10.25,0.02,11,11275,买盘
2508,10:19:30,10.23,0.01,50,51477,买盘
2509,10:19:27,10.22,--,2,2044,卖盘
2510,10:19:24,10.22,-0.01,10,10220,卖盘
2511,10:19:18,10.23,--,12,12276,买盘
2512,10:19:15,10.23,--,20,20460,买盘
2513,10:19:12,10.23,--,233,238359,买盘
2514,10:19:09,10.23,0.01,10,10230,买盘
2515,10:19:06,10.22,-0.01,17,17374,卖盘
2516,10:19:03,10.23,0.01,2,2046,买盘
2517,10:18:57,10.22,--,16,17087,卖盘
2518,10:18:54,10.22,--,61,63302,卖盘
2519,10:18:51,10.22,-0.01,10,10220,卖盘
2520,10:18:48,10.23,--,10,10230,买盘
2521,10:18:45,10.23,0.01,69,70587,买盘
2522,10:18:42,10.22,-0.01,20,20440,卖盘
2523,10:18:36,10.23,--,5,5115,买盘
2524,10:18:33,10.23,--,12,12276,买盘
2525,10:18:30,10.23,--,10,10230,买盘
2526,10:18:21,10.23,-0.02,284,291227,卖盘
2527,10:18:12,10.25,--,40,41000,买盘
2528,10:18:06,10.25,0.02,5,5125,中性盘
2529,10:18:03,10.23,--,1,1023,卖盘
2530,10:18:00,10.23,-0.01,11,11253,卖盘
2531,10:17:54,10.24,--,22,22538,卖盘
2532,10:17:51,10.24,-0.01,36,37529,卖盘
2533,10:17:42,10.25,-0.01,20,20500,卖盘
2534,10:17:36,10.26,0.01,12,12312,买盘
2535,10:17:33,10.25,0.01,23,23575,买盘
2536,10:17:30,10.24,--,6,6144,卖盘
2537,10:17:24,10.24,-0.01,1,1024,卖盘
2538,10:17:21,10.25,--,56,57400,买盘
2539,10:17:06,10.25,0.01,5,5125,买盘
2540,10:17:00,10.24,--,7,7168,卖盘
2541,10:16:54,10.24,--,34,35430,卖盘
2542,10:16:51,10.24,--,105,107581,卖盘
2543,10:16:48,10.24,--,3,3072,卖盘
2544,10:16:45,10.24,--,55,56320,卖盘
2545,10:16:39,10.24,-0.01,580,593920,卖盘
2546,10:16:36,10.25,0.01,5,5125,买盘
2547,10:16:33,10.24,-0.01,6,6144,卖盘
2548,10:16:30,10.25,--,5,5125,买盘
2549,10:16:27,10.25,0.01,67,68675,买盘
2550,10:16:24,10.24,--,7,7168,卖盘
2551,10:16:15,10.24,--,1,1024,卖盘
2552,10:16:12,10.24,--,15,15360,卖盘
2553,10:16:06,10.24,0.02,312,319488,买盘
2554,10:16:03,10.22,--,2,2044,卖盘
2555,10:15:51,10.22,--,21,22340,卖盘
2556,10:15:48,10.22,-0.02,36,37609,卖盘
2557,10:15:36,10.24,0.01,5,5120,买盘
2558,10:15:33,10.23,-0.01,3,3069,卖盘
2559,10:15:30,10.24,--,35,35840,卖盘
2560,10:15:09,10.24,0.01,19,19456,买盘
2561,10:15:06,10.23,--,14,14322,卖盘
2562,10:15:03,10.23,-0.01,751,768273,卖盘
2563,10:14:54,10.24,--,2,2048,买盘
2564,10:14:51,10.24,0.01,38,39260,买盘
2565,10:14:45,10.23,-0.01,41,42270,卖盘
2566,10:14:39,10.24,--,10,10240,买盘
2567,10:14:36,10.24,--,5,5120,买盘
2568,10:14:24,10.24,0.01,7,7168,买盘
2569,10:14:18,10.23,-0.01,1,1023,卖盘
2570,10:14:06,10.24,0.01,5,5120,买盘
2571,10:14:03,10.23,0.01,20,20460,买盘
2572,10:13:57,10.22,--,11,11242,卖盘
2573,10:13:54,10.22,--,7,7154,卖盘
2574,10:13:48,10.22,--,20,21186,卖盘
2575,10:13:45,10.22,-0.03,37,38764,卖盘
2576,10:13:36,10.25,--,43,44075,买盘
2577,10:13:33,10.25,0.01,16,16400,买盘
2578,10:13:30,10.24,--,2,2048,卖盘
2579,10:13:27,10.24,--,6,6144,卖盘
2580,10:13:21,10.24,0.01,5,5120,中性盘
2581,10:13:09,10.23,--,32,32736,买盘
2582,10:13:06,10.23,-0.01,69,70587,卖盘
2583,10:13:03,10.24,--,1,1024,卖盘
2584,10:12:57,10.24,--,8,8192,买盘
2585,10:12:51,10.24,0.02,22,22528,买盘
2586,10:12:48,10.22,--,21,21768,卖盘
2587,10:12:45,10.22,-0.01,37,38181,卖盘
2588,10:12:42,10.23,--,17,17391,买盘
2589,10:12:39,10.23,--,40,40920,买盘
2590,10:12:36,10.23,--,7,7161,买盘
2591,10:12:33,10.23,--,10,10230,买盘
2592,10:12:30,10.23,0.01,6,6138,买盘
2593,10:12:27,10.22,-0.01,13,13286,卖盘
2594,10:12:24,10.23,0.01,20,20460,买盘
2595,10:12:21,10.22,--,80,81760,卖盘
2596,10:12:18,10.22,-0.01,90,91980,卖盘
2597,10:12:12,10.23,0.01,5,5115,买盘
2598,10:12:09,10.22,-0.01,26,26572,卖盘
2599,10:12:06,10.23,0.01,5,5115,买盘
2600,10:12:03,10.22,--,6,6132,卖盘
2601,10:12:00,10.22,--,68,69496,卖盘
2602,10:11:51,10.22,--,20,20440,卖盘
2603,10:11:48,10.22,--,23,24231,卖盘
2604,10:11:42,10.22,-0.02,43,44916,卖盘
2605,10:11:39,10.24,0.02,50,51200,买盘
2606,10:11:36,10.22,--,43,43946,卖盘
2607,10:11:24,10.22,-0.02,7,7154,卖盘
2608,10:11:21,10.24,0.02,8,8192,买盘
2609,10:11:09,10.22,-0.01,20,20440,卖盘
2610,10:11:06,10.23,0.01,13,13299,买盘
2611,10:11:03,10.22,--,1,1022,卖盘
2612,10:11:00,10.22,--,7,7154,卖盘
2613,10:10:57,10.22,--,25,25550,卖盘
2614,10:10:48,10.22,--,27,28258,买盘
2615,10:10:45,10.22,--,11,11242,买盘
2616,10:10:42,10.22,--,87,88944,买盘
2617,10:10:39,10.22,-0.01,369,378119,卖盘
2618,10:10:36,10.23,0.01,4,4112,买盘
2619,10:10:33,10.22,--,1,1022,卖盘
2620,10:10:30,10.22,--,100,102200,卖盘
2621,10:10:18,10.22,--,12,12264,卖盘
2622,10:10:09,10.22,-0.01,19,19418,卖盘
2623,10:10:06,10.23,--,8,8184,买盘
2624,10:10:03,10.23,--,14,14322,买盘
2625,10:10:00,10.23,0.01,10,10230,买盘
2626,10:09:51,10.22,--,2,2044,卖盘
2627,10:09:48,10.22,-0.01,51,52122,卖盘
2628,10:09:45,10.23,0.01,15,15345,买盘
2629,10:09:42,10.22,--,80,82679,卖盘
2630,10:09:39,10.22,-0.01,43,44722,卖盘
2631,10:09:36,10.23,0.01,55,56265,买盘
2632,10:09:33,10.22,-0.01,50,51100,卖盘
2633,10:09:27,10.23,0.01,19,19437,买盘
2634,10:09:24,10.22,-0.01,25,25550,卖盘
2635,10:09:21,10.23,--,28,28644,买盘
2636,10:09:18,10.23,--,16,16368,买盘
2637,10:09:15,10.23,--,1,1023,买盘
2638,10:09:12,10.23,--,205,209715,买盘
2639,10:09:06,10.23,0.01,8,8184,买盘
2640,10:09:00,10.22,--,30,30660,卖盘
2641,10:08:45,10.22,--,10,10220,卖盘
2642,10:08:42,10.22,--,18,19295,卖盘
2643,10:08:36,10.22,--,49,50875,卖盘
2644,10:08:30,10.22,--,10,10220,卖盘
2645,10:08:27,10.22,--,30,30660,卖盘
2646,10:08:21,10.22,--,5,5110,卖盘
2647,10:08:18,10.22,--,5,5110,卖盘
2648,10:08:15,10.22,-0.01,15,15330,卖盘
2649,10:08:06,10.23,0.01,63,64449,买盘
2650,10:08:03,10.22,--,7,7154,卖盘
2651,10:08:00,10.22,--,5,5110,卖盘
2652,10:07:51,10.22,0.01,154,157388,买盘
2653,10:07:48,10.21,-0.01,37,37777,卖盘
2654,10:07:45,10.22,--,22,22484,买盘
2655,10:07:42,10.22,0.01,30,30660,买盘
2656,10:07:39,10.21,--,320,327342,卖盘
2657,10:07:36,10.21,-0.01,100,102151,卖盘
2658,10:07:33,10.22,--,25,25795,买盘
2659,10:07:30,10.22,0.01,24,24528,买盘
2660,10:07:27,10.21,--,2,2042,卖盘
2661,10:07:24,10.21,--,14,14294,卖盘
2662,10:07:21,10.21,--,2,2042,卖盘
2663,10:07:18,10.21,--,31,32324,卖盘
2664,10:07:09,10.21,-0.01,22,22462,卖盘
2665,10:07:06,10.22,0.01,25,25550,买盘
2666,10:07:03,10.21,-0.01,15,15315,卖盘
2667,10:07:00,10.22,0.01,66,67452,买盘
2668,10:06:57,10.21,-0.01,216,221209,卖盘
2669,10:06:54,10.22,--,18,18396,卖盘
2670,10:06:51,10.22,--,50,51100,卖盘
2671,10:06:48,10.22,-0.01,18,18396,卖盘
2672,10:06:45,10.23,0.02,1,1023,买盘
2673,10:06:39,10.21,-0.01,193,197634,卖盘
2674,10:06:36,10.22,-0.01,139,142149,卖盘
2675,10:06:33,10.23,0.01,32,32736,买盘
2676,10:06:30,10.22,--,3,3066,卖盘
2677,10:06:27,10.22,--,10,10220,卖盘
2678,10:06:24,10.22,--,19,19418,卖盘
2679,10:06:21,10.22,-0.01,4,4088,卖盘
2680,10:06:18,10.23,0.01,43,43989,买盘
2681,10:06:15,10.22,--,24,24528,卖盘
2682,10:06:06,10.22,-0.01,17,17374,卖盘
2683,10:06:03,10.23,--,51,52173,买盘
2684,10:05:54,10.23,-0.01,168,171864,卖盘
2685,10:05:51,10.24,--,10,10240,买盘
2686,10:05:48,10.24,0.01,39,39936,买盘
2687,10:05:39,10.23,-0.01,22,22925,卖盘
2688,10:05:36,10.24,0.01,5,5120,买盘
2689,10:05:33,10.23,-0.01,36,37083,卖盘
2690,10:05:30,10.24,--,345,353628,卖盘
2691,10:05:24,10.24,-0.01,6,6144,卖盘
2692,10:05:21,10.25,--,7,7175,买盘
2693,10:05:12,10.25,--,20,20500,买盘
2694,10:05:06,10.25,0.01,5,5125,买盘
2695,10:05:03,10.24,--,5,5120,卖盘
2696,10:04:51,10.24,-0.01,13,13312,卖盘
2697,10:04:45,10.25,0.01,79,80975,买盘
2698,10:04:42,10.24,-0.01,20,20480,卖盘
2699,10:04:36,10.25,0.01,29,30555,买盘
2700,10:04:33,10.24,-0.01,43,44902,卖盘
2701,10:04:27,10.25,--,1,1373,卖盘
2702,10:04:24,10.25,-0.01,94,96350,卖盘
2703,10:04:21,10.26,0.01,27,27702,买盘
2704,10:04:18,10.25,--,10,10250,卖盘
2705,10:04:15,10.25,--,30,30750,卖盘
2706,10:04:09,10.25,-0.01,2,2050,卖盘
2707,10:04:06,10.26,0.01,19,19494,买盘
2708,10:04:03,10.25,-0.01,24,24600,卖盘
2709,10:03:57,10.26,0.01,10,10260,买盘
2710,10:03:42,10.25,-0.01,100,102500,卖盘
2711,10:03:36,10.26,0.01,6,6156,买盘
2712,10:03:33,10.25,--,19,19536,卖盘
2713,10:03:30,10.25,-0.01,156,160515,卖盘
2714,10:03:27,10.26,--,13,13338,买盘
2715,10:03:24,10.26,0.01,20,20520,买盘
2716,10:03:18,10.25,-0.01,17,17425,卖盘
2717,10:03:15,10.26,0.01,3,3078,买盘
2718,10:03:12,10.25,-0.01,7,7175,卖盘
2719,10:03:06,10.26,--,5,5130,买盘
2720,10:03:00,10.26,--,91,93714,卖盘
2721,10:02:57,10.26,--,13,13338,卖盘
2722,10:02:54,10.26,0.01,234,240761,买盘
2723,10:02:48,10.25,-0.01,39,39975,卖盘
2724,10:02:45,10.26,--,4,4104,买盘
2725,10:02:39,10.26,--,2,2052,买盘
2726,10:02:36,10.26,0.01,5,5130,买盘
2727,10:02:30,10.25,--,61,63201,卖盘
2728,10:02:27,10.25,--,73,74825,卖盘
2729,10:02:24,10.25,-0.01,10,10250,卖盘
2730,10:02:18,10.26,--,6,6156,买盘
2731,10:02:15,10.26,--,17,17442,买盘
2732,10:02:12,10.26,--,3,3078,买盘
2733,10:02:06,10.26,0.01,10,10260,买盘
2734,10:02:03,10.25,-0.01,1,1025,卖盘
2735,10:01:54,10.26,0.01,22,22572,买盘
2736,10:01:48,10.25,--,2,2050,卖盘
2737,10:01:45,10.25,--,2,2050,卖盘
2738,10:01:42,10.25,-0.01,5,5125,卖盘
2739,10:01:39,10.26,--,2,2052,买盘
2740,10:01:36,10.26,0.01,5,5130,买盘
2741,10:01:33,10.25,--,26,26988,卖盘
2742,10:01:30,10.25,--,2,2050,卖盘
2743,10:01:27,10.25,--,42,43388,卖盘
2744,10:01:21,10.25,--,12,12300,卖盘
2745,10:01:12,10.25,-0.01,5,5125,卖盘
2746,10:01:09,10.26,--,3,3078,买盘
2747,10:01:06,10.26,0.01,9,9234,买盘
2748,10:00:51,10.25,--,20,20500,卖盘
2749,10:00:42,10.25,--,27,27675,卖盘
2750,10:00:39,10.25,--,7,7554,买盘
2751,10:00:36,10.25,--,7,7175,买盘
2752,10:00:30,10.25,--,110,113344,卖盘
2753,10:00:24,10.25,-0.01,36,37627,卖盘
2754,10:00:12,10.26,--,1,1026,买盘
2755,10:00:06,10.26,0.01,45,46170,买盘
2756,10:00:03,10.25,--,2,2050,卖盘
2757,09:59:57,10.25,--,1,1025,卖盘
2758,09:59:54,10.25,--,2,2050,卖盘
2759,09:59:51,10.25,--,8,8200,卖盘
2760,09:59:48,10.25,--,50,51250,卖盘
2761,09:59:45,10.25,--,14,14350,卖盘
2762,09:59:39,10.25,--,3,3075,卖盘
2763,09:59:36,10.25,--,15,15375,卖盘
2764,09:59:33,10.25,--,5,5125,卖盘
2765,09:59:30,10.25,--,16,17035,卖盘
2766,09:59:24,10.25,--,45,46166,卖盘
2767,09:59:18,10.25,--,8,8200,卖盘
2768,09:59:15,10.25,-0.01,20,20500,卖盘
2769,09:59:06,10.26,--,5,5130,买盘
2770,09:59:03,10.26,0.02,1,1026,买盘
2771,09:58:57,10.24,-0.01,79,80896,卖盘
2772,09:58:54,10.25,--,14,14350,卖盘
2773,09:58:51,10.25,--,40,42004,买盘
2774,09:58:48,10.25,--,564,578120,卖盘
2775,09:58:42,10.25,-0.01,100,102500,卖盘
2776,09:58:39,10.26,--,6,6156,买盘
2777,09:58:36,10.26,0.01,5,5130,买盘
2778,09:58:33,10.25,--,38,38950,卖盘
2779,09:58:30,10.25,-0.01,16,17363,卖盘
2780,09:58:27,10.26,0.01,37,37962,买盘
2781,09:58:24,10.25,-0.01,41,42763,卖盘
2782,09:58:18,10.26,0.01,4,4104,买盘
2783,09:58:15,10.25,-0.01,19,19475,卖盘
2784,09:58:12,10.26,-0.02,170,174768,卖盘
2785,09:58:06,10.28,0.01,161,165508,买盘
2786,09:58:03,10.27,-0.01,12,12324,卖盘
2787,09:57:54,10.28,--,6,6168,买盘
2788,09:57:51,10.28,0.01,8,8224,买盘
2789,09:57:48,10.27,--,5,5135,卖盘
2790,09:57:42,10.27,--,7,7189,卖盘
2791,09:57:39,10.27,-0.01,9,9243,卖盘
2792,09:57:36,10.28,0.01,64,65792,买盘
2793,09:57:33,10.27,--,9,9243,卖盘
2794,09:57:30,10.27,-0.01,2,2054,卖盘
2795,09:57:27,10.28,0.01,31,31867,买盘
2796,09:57:24,10.27,--,22,23220,卖盘
2797,09:57:21,10.27,--,38,39077,卖盘
2798,09:57:18,10.27,-0.01,10,10270,卖盘
2799,09:57:15,10.28,0.01,22,22616,买盘
2800,09:57:12,10.27,--,26,26702,卖盘
2801,09:57:09,10.27,--,40,41080,卖盘
2802,09:57:06,10.27,--,52,53404,卖盘
2803,09:57:03,10.27,--,1,1027,卖盘
2804,09:56:57,10.27,--,11,11297,卖盘
2805,09:56:51,10.27,--,7,7189,卖盘
2806,09:56:42,10.27,-0.01,2,2054,卖盘
2807,09:56:36,10.28,0.01,71,72988,买盘
2808,09:56:33,10.27,--,4,4108,卖盘
2809,09:56:27,10.27,--,1,1027,卖盘
2810,09:56:24,10.27,-0.01,18,19461,卖盘
2811,09:56:21,10.28,0.01,10,10280,买盘
2812,09:56:18,10.27,-0.01,39,40782,卖盘
2813,09:56:15,10.28,--,11,11308,买盘
2814,09:56:09,10.28,--,2,2056,买盘
2815,09:56:06,10.28,--,5,5140,买盘
2816,09:56:03,10.28,0.01,19,19532,买盘
2817,09:56:00,10.27,--,50,51350,卖盘
2818,09:55:57,10.27,-0.01,2,2054,卖盘
2819,09:55:54,10.28,--,5,5140,买盘
2820,09:55:51,10.28,--,4,4112,买盘
2821,09:55:48,10.28,0.01,10,10280,买盘
2822,09:55:39,10.27,--,20,20540,卖盘
2823,09:55:36,10.27,--,15,15405,卖盘
2824,09:55:33,10.27,--,3,3081,卖盘
2825,09:55:27,10.27,--,1,1027,卖盘
