,time,price,change,volume,amount,type
0,15:00:03,11.76,--,2198,2585083,卖盘
1,14:57:00,11.76,-0.01,135,158760,卖盘
2,14:56:54,11.77,--,39,45903,买盘
3,14:56:51,11.77,-0.01,37,43549,卖盘
4,14:56:42,11.78,--,62,73036,买盘
5,14:56:39,11.78,--,83,97774,买盘
6,14:56:36,11.78,-0.01,18,21204,中性盘
7,14:56:30,11.79,0.02,108,127331,买盘
8,14:56:27,11.77,--,5,5885,卖盘
9,14:56:24,11.77,--,243,286011,卖盘
10,14:56:21,11.77,-0.01,59,69443,卖盘
11,14:56:18,11.78,--,15,17670,卖盘
12,14:56:15,11.78,0.01,82,96596,买盘
13,14:56:12,11.77,--,192,225984,买盘
14,14:56:09,11.77,--,39,45903,买盘
15,14:56:06,11.77,--,20,23540,买盘
16,14:56:00,11.77,0.01,100,117700,买盘
17,14:55:57,11.76,-0.01,104,122304,卖盘
18,14:55:51,11.77,0.01,74,87098,买盘
19,14:55:48,11.76,--,27,32692,卖盘
20,14:55:45,11.76,-0.02,50,58800,卖盘
21,14:55:42,11.78,--,11,12958,卖盘
22,14:55:39,11.78,--,9,10602,买盘
23,14:55:36,11.78,0.02,4,4712,买盘
24,14:55:33,11.76,-0.02,14,16464,卖盘
25,14:55:30,11.78,0.02,13,15314,买盘
26,14:55:27,11.76,-0.03,20,23520,卖盘
27,14:55:21,11.79,--,66,77814,买盘
28,14:55:18,11.79,0.01,25,29474,中性盘
29,14:55:15,11.78,--,114,134763,卖盘
30,14:55:12,11.78,--,98,115444,卖盘
31,14:55:09,11.78,--,113,133114,卖盘
32,14:55:06,11.78,--,283,333374,卖盘
33,14:55:03,11.78,--,205,241490,买盘
34,14:55:00,11.78,0.02,10,11780,买盘
35,14:54:57,11.76,-0.01,45,52920,卖盘
36,14:54:54,11.77,--,80,94160,买盘
37,14:54:51,11.77,0.01,34,40018,买盘
38,14:54:48,11.76,-0.01,5,5880,卖盘
39,14:54:45,11.77,0.01,120,141240,买盘
40,14:54:42,11.76,--,77,90552,卖盘
41,14:54:39,11.76,--,33,38808,买盘
42,14:54:36,11.76,0.01,87,102312,买盘
43,14:54:33,11.75,--,41,48175,卖盘
44,14:54:30,11.75,--,14,16450,卖盘
45,14:54:27,11.75,--,196,230300,卖盘
46,14:54:24,11.75,--,381,447675,卖盘
47,14:54:21,11.75,--,46,54050,卖盘
48,14:54:18,11.75,--,5,5875,卖盘
49,14:54:15,11.75,0.02,2432,2857835,买盘
50,14:54:12,11.73,-0.01,65,76245,卖盘
51,14:54:06,11.74,0.01,1,1174,买盘
52,14:54:03,11.73,--,50,58650,卖盘
53,14:53:57,11.73,--,96,112608,卖盘
54,14:53:54,11.73,--,53,62169,卖盘
55,14:53:51,11.73,--,82,96186,卖盘
56,14:53:48,11.73,--,11,12903,卖盘
57,14:53:42,11.73,--,2,2346,卖盘
58,14:53:39,11.73,0.01,173,202929,买盘
59,14:53:27,11.72,-0.01,119,139468,卖盘
60,14:53:24,11.73,--,20,23460,买盘
61,14:53:18,11.73,--,10,11730,买盘
62,14:53:15,11.73,--,31,36363,买盘
63,14:53:12,11.73,--,21,24633,买盘
64,14:53:09,11.73,0.01,4,4692,买盘
65,14:53:06,11.72,-0.01,3,3516,卖盘
66,14:53:03,11.73,--,6,7038,买盘
67,14:52:57,11.73,-0.01,13,15249,卖盘
68,14:52:54,11.74,0.01,87,102138,买盘
69,14:52:51,11.73,--,10,11730,卖盘
70,14:52:48,11.73,--,6,7038,卖盘
71,14:52:45,11.73,--,6,7038,卖盘
72,14:52:42,11.73,0.01,108,126684,买盘
73,14:52:33,11.72,--,12,14064,卖盘
74,14:52:30,11.72,-0.01,123,144156,卖盘
75,14:52:27,11.73,--,5,5865,买盘
76,14:52:24,11.73,-0.01,43,50439,买盘
77,14:52:21,11.74,0.02,2127,2497098,买盘
78,14:52:18,11.72,-0.01,180,210960,卖盘
79,14:52:15,11.73,-0.01,48,56304,卖盘
80,14:52:12,11.74,--,37,43438,买盘
81,14:52:09,11.74,0.01,16,18784,买盘
82,14:52:06,11.73,-0.01,144,168912,卖盘
83,14:52:03,11.74,0.01,31,36394,买盘
84,14:52:00,11.73,--,17,19941,卖盘
85,14:51:57,11.73,--,3,3519,卖盘
86,14:51:54,11.73,-0.01,111,130203,卖盘
87,14:51:51,11.74,0.01,29,34046,买盘
88,14:51:48,11.73,-0.01,887,1040451,卖盘
89,14:51:45,11.74,--,8,9392,买盘
90,14:51:33,11.74,--,51,59874,买盘
91,14:51:30,11.74,--,2,2348,买盘
92,14:51:27,11.74,--,1,1174,买盘
93,14:51:24,11.74,--,12,14088,买盘
94,14:51:21,11.74,--,66,77484,买盘
95,14:51:18,11.74,--,9,10566,买盘
96,14:51:15,11.74,--,163,191362,卖盘
97,14:51:12,11.74,-0.01,53,62222,卖盘
98,14:51:09,11.75,--,8,9400,买盘
99,14:51:06,11.75,0.01,9,10575,买盘
100,14:51:03,11.74,-0.01,11,12914,卖盘
101,14:51:00,11.75,0.01,75,88125,买盘
102,14:50:54,11.74,0.01,149,175865,买盘
103,14:50:51,11.73,-0.01,20,23460,卖盘
104,14:50:48,11.74,0.01,11,12914,买盘
105,14:50:42,11.73,-0.02,226,265098,卖盘
106,14:50:39,11.75,0.01,4,4700,买盘
107,14:50:36,11.74,--,38,44612,卖盘
108,14:50:33,11.74,0.01,76,89224,买盘
109,14:50:30,11.73,-0.01,11,12903,卖盘
110,14:50:27,11.74,--,18,21132,买盘
111,14:50:24,11.74,0.01,386,453164,买盘
112,14:50:21,11.73,--,10,11730,卖盘
113,14:50:18,11.73,--,31,36363,卖盘
114,14:50:15,11.73,-0.01,63,73899,卖盘
115,14:50:12,11.74,0.01,8,9392,买盘
116,14:50:06,11.73,--,176,206448,卖盘
117,14:50:03,11.73,0.01,2526,2962998,买盘
118,14:50:00,11.72,--,10,11720,买盘
119,14:49:57,11.72,0.01,130,152360,买盘
120,14:49:54,11.71,-0.01,96,112416,卖盘
121,14:49:45,11.72,--,201,235572,买盘
122,14:49:42,11.72,--,57,66804,买盘
123,14:49:39,11.72,--,10,11720,买盘
124,14:49:36,11.72,0.01,23,26956,买盘
125,14:49:33,11.71,--,7,8197,卖盘
126,14:49:30,11.71,-0.01,10,11710,卖盘
127,14:49:27,11.72,-0.01,45,52740,卖盘
128,14:49:24,11.73,0.02,1,1173,买盘
129,14:49:21,11.71,-0.02,96,112416,卖盘
130,14:49:18,11.73,0.01,8,9384,买盘
131,14:49:15,11.72,--,337,394964,卖盘
132,14:49:12,11.72,0.02,38,44536,买盘
133,14:49:06,11.7,--,18,21060,卖盘
134,14:49:03,11.7,-0.02,10,11700,卖盘
135,14:49:00,11.72,--,1006,1179032,卖盘
136,14:48:57,11.72,--,6,7032,卖盘
137,14:48:51,11.72,--,152,178144,卖盘
138,14:48:48,11.72,0.01,16,18752,买盘
139,14:48:45,11.71,-0.01,34,39837,卖盘
140,14:48:39,11.72,0.01,5,5860,买盘
141,14:48:36,11.71,--,6,7026,卖盘
142,14:48:33,11.71,--,25,29275,卖盘
143,14:48:30,11.71,-0.01,56,65576,卖盘
144,14:48:27,11.72,--,5,5860,卖盘
145,14:48:24,11.72,0.01,19,22268,卖盘
146,14:48:21,11.71,-0.01,96,112416,卖盘
147,14:48:18,11.72,--,2,2344,卖盘
148,14:48:15,11.72,--,60,70320,买盘
149,14:48:12,11.72,--,50,58600,买盘
150,14:48:09,11.72,--,4,4688,买盘
151,14:48:06,11.72,--,10,11720,买盘
152,14:48:03,11.72,--,20,23440,买盘
153,14:48:00,11.72,-0.01,62,72664,卖盘
154,14:47:54,11.73,0.01,2,2346,买盘
155,14:47:51,11.72,--,99,116028,卖盘
156,14:47:48,11.72,--,1501,1759172,卖盘
157,14:47:45,11.72,--,6,7032,卖盘
158,14:47:42,11.72,-0.01,6,7032,卖盘
159,14:47:39,11.73,--,24,28152,买盘
160,14:47:36,11.73,--,2,2346,买盘
161,14:47:33,11.73,0.01,15,17595,买盘
162,14:47:30,11.72,-0.01,85,99620,卖盘
163,14:47:21,11.73,--,11,12903,买盘
164,14:47:18,11.73,0.01,14,16422,中性盘
165,14:47:15,11.72,-0.01,205,240260,卖盘
166,14:47:12,11.73,--,6,7038,卖盘
167,14:47:09,11.73,--,24,28152,买盘
168,14:47:06,11.73,-0.01,7,8211,买盘
169,14:47:03,11.74,0.01,61,71614,买盘
170,14:46:57,11.73,0.01,27,31671,买盘
171,14:46:54,11.72,-0.01,3,3516,卖盘
172,14:46:51,11.73,0.01,88,103224,买盘
173,14:46:48,11.72,-0.01,36,42192,卖盘
174,14:46:45,11.73,--,5,5865,卖盘
175,14:46:42,11.73,-0.01,1,1173,卖盘
176,14:46:39,11.74,--,1,1174,买盘
177,14:46:36,11.74,--,19,22306,买盘
178,14:46:33,11.74,--,8,9392,买盘
179,14:46:30,11.74,0.02,10,11740,买盘
180,14:46:24,11.72,-0.02,13,15236,卖盘
181,14:46:21,11.74,0.01,83,97442,买盘
182,14:46:18,11.73,-0.01,39,45747,卖盘
183,14:46:15,11.74,--,64,75136,买盘
184,14:46:12,11.74,--,21,24654,买盘
185,14:46:09,11.74,--,169,198406,卖盘
186,14:46:03,11.74,--,15,17610,卖盘
187,14:46:00,11.74,--,107,125618,卖盘
188,14:45:57,11.74,--,21,24654,卖盘
189,14:45:54,11.74,--,528,619872,卖盘
190,14:45:51,11.74,--,30,35220,卖盘
191,14:45:48,11.74,--,96,112704,卖盘
192,14:45:45,11.74,--,49,57526,卖盘
193,14:45:39,11.74,0.01,90,105660,买盘
194,14:45:36,11.73,--,11,12903,卖盘
195,14:45:33,11.73,--,24,28152,卖盘
196,14:45:24,11.73,-0.01,15,17595,卖盘
197,14:45:18,11.74,--,97,113878,买盘
198,14:45:15,11.74,0.01,13,15262,中性盘
199,14:45:03,11.73,--,11,12903,卖盘
200,14:45:00,11.73,-0.03,1,1173,买盘
201,14:44:57,11.76,0.04,88,103488,买盘
202,14:44:54,11.72,-0.01,5,6563,卖盘
203,14:44:48,11.73,0.01,16,18768,中性盘
204,14:44:45,11.72,-0.01,96,112512,卖盘
205,14:44:39,11.73,--,9,10557,买盘
206,14:44:36,11.73,0.01,4,4692,中性盘
207,14:44:33,11.72,-0.04,51,59772,卖盘
208,14:44:30,11.76,0.04,11,12936,买盘
209,14:44:27,11.72,-0.02,66,77352,卖盘
210,14:44:24,11.74,--,1,1174,买盘
211,14:44:21,11.74,-0.02,5,5870,中性盘
212,14:44:18,11.76,--,4,4704,买盘
213,14:44:12,11.76,-0.01,158,185808,卖盘
214,14:44:06,11.77,--,43,50611,卖盘
215,14:44:03,11.77,--,3165,3725911,卖盘
216,14:44:00,11.77,--,41,48257,卖盘
217,14:43:54,11.77,--,2,2354,卖盘
218,14:43:51,11.77,--,176,207152,买盘
219,14:43:48,11.77,--,15,17655,买盘
220,14:43:45,11.77,-0.01,371,436667,卖盘
221,14:43:42,11.78,0.01,45,53010,买盘
222,14:43:39,11.77,--,20,23540,卖盘
223,14:43:33,11.77,--,4,4708,卖盘
224,14:43:30,11.77,--,5,5885,卖盘
225,14:43:27,11.77,0.01,311,366047,买盘
226,14:43:24,11.76,--,21,24696,卖盘
227,14:43:21,11.76,-0.01,3,3528,卖盘
228,14:43:18,11.77,0.01,26,30602,买盘
229,14:43:15,11.76,--,23,27048,买盘
230,14:43:09,11.76,--,30,35280,买盘
231,14:43:06,11.76,-0.01,300,352800,卖盘
232,14:43:03,11.77,-0.01,60,70620,卖盘
233,14:42:57,11.78,0.01,13,15314,买盘
234,14:42:54,11.77,-0.01,52,61204,中性盘
235,14:42:48,11.78,--,5,5890,买盘
236,14:42:45,11.78,0.02,106,124868,买盘
237,14:42:42,11.76,-0.02,14,16464,卖盘
238,14:42:33,11.78,0.02,5,5890,买盘
239,14:42:27,11.76,-0.02,123,144648,卖盘
240,14:42:21,11.78,0.02,101,118978,买盘
241,14:42:18,11.76,--,61,71736,卖盘
242,14:42:15,11.76,--,50,58800,卖盘
243,14:42:12,11.76,--,101,118776,卖盘
244,14:42:09,11.76,0.01,505,594820,买盘
245,14:42:03,11.75,0.01,79,92825,买盘
246,14:42:00,11.74,-0.01,330,387420,卖盘
247,14:41:57,11.75,--,49,57575,卖盘
248,14:41:54,11.75,--,82,96350,买盘
249,14:41:51,11.75,0.01,56,65800,买盘
250,14:41:48,11.74,-0.01,65,76310,卖盘
251,14:41:45,11.75,0.01,2,2350,买盘
252,14:41:42,11.74,-0.01,96,112704,卖盘
253,14:41:39,11.75,--,18,21150,买盘
254,14:41:36,11.75,0.01,56,65800,买盘
255,14:41:33,11.74,0.01,268,314632,买盘
256,14:41:30,11.73,--,32,37536,卖盘
257,14:41:27,11.73,--,35,41055,卖盘
258,14:41:24,11.73,--,70,82110,卖盘
259,14:41:18,11.73,-0.01,140,164220,卖盘
260,14:41:15,11.74,0.01,95,111530,买盘
261,14:41:12,11.73,0.01,223,261579,买盘
262,14:41:09,11.72,-0.01,60,70320,卖盘
263,14:41:06,11.73,-0.01,23,26979,买盘
264,14:41:03,11.74,--,104,122096,买盘
265,14:41:00,11.74,--,63,73962,买盘
266,14:40:54,11.74,--,1202,1411148,买盘
267,14:40:51,11.74,0.01,22,25828,买盘
268,14:40:48,11.73,-0.01,27,31671,卖盘
269,14:40:45,11.74,--,12,14088,买盘
270,14:40:42,11.74,--,166,194884,买盘
271,14:40:33,11.74,--,29,34046,买盘
272,14:40:21,11.74,--,2,2348,买盘
273,14:40:18,11.74,--,43,50482,买盘
274,14:40:12,11.74,-0.01,16,18784,中性盘
275,14:40:09,11.75,--,9,10575,买盘
276,14:40:06,11.75,0.02,18,21150,买盘
277,14:40:03,11.73,-0.03,40,46920,卖盘
278,14:40:00,11.76,0.03,162,190512,买盘
279,14:39:57,11.73,--,21,24633,卖盘
280,14:39:54,11.73,--,20,23460,卖盘
281,14:39:51,11.73,-0.02,36,42228,卖盘
282,14:39:48,11.75,--,376,442505,卖盘
283,14:39:45,11.75,--,6,7050,卖盘
284,14:39:42,11.75,0.02,297,349445,买盘
285,14:39:39,11.73,-0.02,99,116127,卖盘
286,14:39:33,11.75,--,30,35250,买盘
287,14:39:30,11.75,--,3,3525,买盘
288,14:39:27,11.75,--,227,267430,卖盘
289,14:39:24,11.75,--,10,11750,卖盘
290,14:39:21,11.75,--,136,159800,卖盘
291,14:39:18,11.75,--,30,35720,卖盘
292,14:39:15,11.75,--,30,35250,卖盘
293,14:39:12,11.75,0.02,352,413600,买盘
294,14:39:09,11.73,-0.02,53,62169,卖盘
295,14:39:06,11.75,0.02,1,1175,买盘
296,14:39:03,11.73,-0.02,2,2346,卖盘
297,14:38:57,11.75,--,507,595725,卖盘
298,14:38:54,11.75,--,100,117500,卖盘
299,14:38:48,11.75,--,60,70500,买盘
300,14:38:45,11.75,--,9,10575,买盘
301,14:38:42,11.75,--,823,967025,卖盘
302,14:38:39,11.75,-0.01,249,292575,卖盘
303,14:38:36,11.76,0.01,10,11760,买盘
304,14:38:33,11.75,--,100,117500,卖盘
305,14:38:30,11.75,--,18,21150,卖盘
306,14:38:27,11.75,--,90,105750,卖盘
307,14:38:24,11.75,--,1,1175,卖盘
308,14:38:15,11.75,-0.01,14,16450,卖盘
309,14:38:09,11.76,--,15,18345,卖盘
310,14:38:06,11.76,-0.01,532,625632,卖盘
311,14:38:03,11.77,0.01,51,60027,买盘
312,14:38:00,11.76,--,40,47040,卖盘
313,14:37:57,11.76,--,105,123950,买盘
314,14:37:54,11.76,0.01,10,11760,买盘
315,14:37:51,11.75,-0.01,1,1175,卖盘
316,14:37:48,11.76,--,56,65856,买盘
317,14:37:45,11.76,--,167,197097,卖盘
318,14:37:42,11.76,--,26,31046,卖盘
319,14:37:39,11.76,--,172,202272,卖盘
320,14:37:36,11.76,0.03,717,843192,买盘
321,14:37:27,11.73,-0.02,473,554829,卖盘
322,14:37:24,11.75,--,2,2350,卖盘
323,14:37:21,11.75,--,75,88125,卖盘
324,14:37:18,11.75,--,5,5875,卖盘
325,14:37:15,11.75,--,50,58750,卖盘
326,14:37:12,11.75,--,172,202100,卖盘
327,14:37:09,11.75,--,2,2350,卖盘
328,14:37:06,11.75,--,96,112800,卖盘
329,14:37:03,11.75,0.01,251,294925,买盘
330,14:37:00,11.74,0.01,80,93920,中性盘
331,14:36:54,11.73,--,15,17595,卖盘
332,14:36:51,11.73,--,4,4692,卖盘
333,14:36:48,11.73,--,5,5865,卖盘
334,14:36:45,11.73,--,6,7038,卖盘
335,14:36:42,11.73,--,61,71553,买盘
336,14:36:39,11.73,-0.01,199,233427,卖盘
337,14:36:36,11.74,-0.01,97,113878,卖盘
338,14:36:33,11.75,-0.01,8,9400,买盘
339,14:36:30,11.76,0.06,11,12936,中性盘
340,14:36:18,11.7,-0.06,4013,4695210,卖盘
341,14:36:12,11.76,--,220,258720,买盘
342,14:36:09,11.76,--,10,11760,买盘
343,14:36:06,11.76,--,1001,1177176,卖盘
344,14:36:03,11.76,0.04,40,47040,买盘
345,14:36:00,11.72,-0.04,539,631708,卖盘
346,14:35:57,11.76,-0.02,30,35280,买盘
347,14:35:54,11.78,--,1054,1241612,买盘
348,14:35:48,11.78,0.08,15,17670,买盘
349,14:35:42,11.7,-0.09,1000,1170000,卖盘
350,14:35:36,11.79,--,74,87246,卖盘
351,14:35:33,11.79,-0.01,37,43623,卖盘
352,14:35:30,11.8,0.01,1086,1281480,买盘
353,14:35:27,11.79,--,10,11790,卖盘
354,14:35:21,11.79,--,3,3536,卖盘
355,14:35:18,11.79,-0.01,913,1076427,中性盘
356,14:35:12,11.8,0.02,1,1180,买盘
357,14:35:09,11.78,--,1,1178,卖盘
358,14:35:03,11.78,--,114,134292,卖盘
359,14:35:00,11.78,-0.02,11,12958,卖盘
360,14:34:57,11.8,--,6,7080,买盘
361,14:34:54,11.8,0.02,6,7080,买盘
362,14:34:42,11.78,--,537,632586,买盘
363,14:34:39,11.78,--,1,1178,买盘
364,14:34:36,11.78,--,189,222642,买盘
365,14:34:33,11.78,-0.02,57,67146,卖盘
366,14:34:30,11.8,-0.02,31,36580,买盘
367,14:34:24,11.82,--,530,626460,买盘
368,14:34:18,11.82,0.01,12,14184,买盘
369,14:34:09,11.81,-0.01,1,1181,卖盘
370,14:34:06,11.82,--,19,22458,买盘
371,14:34:03,11.82,-0.01,323,381786,卖盘
372,14:34:00,11.83,0.01,20,23660,买盘
373,14:33:57,11.82,-0.01,607,717474,卖盘
374,14:33:54,11.83,0.01,64,75712,买盘
375,14:33:51,11.82,--,2,2364,卖盘
376,14:33:45,11.82,-0.01,63,74466,卖盘
377,14:33:42,11.83,--,69,81627,买盘
378,14:33:39,11.83,0.01,54,63882,买盘
379,14:33:33,11.82,--,186,219852,卖盘
380,14:33:30,11.82,-0.01,5,5910,卖盘
381,14:33:27,11.83,--,10,11830,买盘
382,14:33:24,11.83,0.01,4,4732,买盘
383,14:33:18,11.82,--,1,1182,卖盘
384,14:33:15,11.82,--,3,3546,卖盘
385,14:33:09,11.82,--,4,4728,卖盘
386,14:33:06,11.82,-0.01,34,40188,卖盘
387,14:33:03,11.83,0.01,97,114751,买盘
388,14:33:00,11.82,--,56,66192,卖盘
389,14:32:54,11.82,--,13,15366,卖盘
390,14:32:48,11.82,--,10,11820,卖盘
391,14:32:36,11.82,--,20,23640,卖盘
392,14:32:33,11.82,--,31,36642,卖盘
393,14:32:30,11.82,--,96,113472,卖盘
394,14:32:27,11.82,-0.01,5,5910,卖盘
395,14:32:21,11.83,0.01,10,11830,买盘
396,14:32:18,11.82,--,2,2364,卖盘
397,14:32:15,11.82,--,6,7092,卖盘
398,14:32:12,11.82,--,16,18912,卖盘
399,14:32:09,11.82,--,3,3546,卖盘
400,14:32:06,11.82,--,2,2364,卖盘
401,14:32:00,11.82,-0.01,104,122928,卖盘
402,14:31:57,11.83,0.01,6,7098,买盘
403,14:31:54,11.82,--,19,22458,卖盘
404,14:31:48,11.82,-0.01,3,3546,卖盘
405,14:31:42,11.83,--,121,143143,买盘
406,14:31:39,11.83,0.01,1,1183,买盘
407,14:31:36,11.82,-0.01,13,15366,卖盘
408,14:31:33,11.83,0.01,9,10647,买盘
409,14:31:30,11.82,--,96,113472,卖盘
410,14:31:27,11.82,--,3,3546,卖盘
411,14:31:24,11.82,0.02,83,98106,卖盘
412,14:31:21,11.8,-0.03,460,542800,卖盘
413,14:31:18,11.83,0.01,31,36673,买盘
414,14:31:06,11.82,--,32,38533,买盘
415,14:31:00,11.82,0.01,448,529536,买盘
416,14:30:57,11.81,--,27,31887,买盘
417,14:30:54,11.81,--,11,12991,买盘
418,14:30:51,11.81,--,5,5905,买盘
419,14:30:42,11.81,--,27,31887,买盘
420,14:30:30,11.81,--,114,134634,卖盘
421,14:30:24,11.81,--,6,7086,卖盘
422,14:30:18,11.81,-0.01,42,49602,卖盘
423,14:30:15,11.82,--,31,36642,买盘
424,14:30:12,11.82,-0.01,354,418900,卖盘
425,14:30:09,11.83,0.01,10,11830,买盘
426,14:30:06,11.82,-0.01,330,390060,卖盘
427,14:30:03,11.83,0.01,35,41405,买盘
428,14:29:57,11.82,--,309,365238,卖盘
429,14:29:54,11.82,--,41,48462,卖盘
430,14:29:51,11.82,0.01,400,473509,买盘
431,14:29:48,11.81,--,3,3543,卖盘
432,14:29:42,11.81,--,12,14172,卖盘
433,14:29:36,11.81,-0.01,31,36611,卖盘
434,14:29:33,11.82,--,32,37824,买盘
435,14:29:30,11.82,0.02,24,28368,买盘
436,14:29:27,11.8,--,65,76700,卖盘
437,14:29:21,11.8,-0.01,1,1180,卖盘
438,14:29:18,11.81,0.01,10,11810,买盘
439,14:29:15,11.8,--,5,5900,卖盘
440,14:29:09,11.8,--,1,1180,卖盘
441,14:29:03,11.8,--,3,3540,卖盘
442,14:29:00,11.8,--,1,1180,卖盘
443,14:28:54,11.8,-0.02,15,17700,卖盘
444,14:28:51,11.82,--,4,4728,买盘
445,14:28:48,11.82,0.02,155,183210,买盘
446,14:28:45,11.8,--,5,5900,卖盘
447,14:28:39,11.8,--,1,1180,卖盘
448,14:28:36,11.8,--,1,1180,卖盘
449,14:28:33,11.8,--,2,2360,卖盘
450,14:28:30,11.8,--,158,186440,卖盘
451,14:28:27,11.8,-0.02,6,7080,卖盘
452,14:28:18,11.82,0.02,24,28368,买盘
453,14:28:12,11.8,--,869,1025420,买盘
454,14:28:09,11.8,--,79,93220,买盘
455,14:28:06,11.8,-0.02,2106,2485080,卖盘
456,14:28:03,11.82,--,1,1182,买盘
457,14:28:00,11.82,--,74,87468,买盘
458,14:27:57,11.82,-0.01,121,143022,卖盘
459,14:27:54,11.83,0.01,5,5915,买盘
460,14:27:48,11.82,--,500,591000,卖盘
461,14:27:45,11.82,--,3,3546,卖盘
462,14:27:42,11.82,--,2,2364,卖盘
463,14:27:39,11.82,-0.01,644,761208,卖盘
464,14:27:33,11.83,--,10,11830,买盘
465,14:27:30,11.83,0.01,1,1183,买盘
466,14:27:27,11.82,-0.01,98,115836,卖盘
467,14:27:24,11.83,0.01,2,2366,买盘
468,14:27:21,11.82,-0.01,9,10638,卖盘
469,14:27:18,11.83,0.01,5,5915,买盘
470,14:27:15,11.82,-0.01,1,1182,卖盘
471,14:27:09,11.83,--,78,92274,买盘
472,14:27:06,11.83,0.01,1,1183,买盘
473,14:27:03,11.82,--,14,16548,卖盘
474,14:27:00,11.82,--,24,28368,卖盘
475,14:26:57,11.82,-0.01,103,121746,卖盘
476,14:26:54,11.83,--,9,10647,买盘
477,14:26:48,11.83,0.01,136,160888,买盘
478,14:26:42,11.82,--,200,236400,卖盘
479,14:26:36,11.82,-0.01,7,8274,卖盘
480,14:26:33,11.83,0.01,12,14196,买盘
481,14:26:27,11.82,--,113,133566,卖盘
482,14:26:15,11.82,-0.01,3,3546,卖盘
483,14:26:09,11.83,0.01,10,11830,买盘
484,14:26:06,11.82,--,1,1182,卖盘
485,14:26:00,11.82,-0.01,5,5910,卖盘
486,14:25:57,11.83,0.01,219,259077,买盘
487,14:25:54,11.82,--,59,69738,卖盘
488,14:25:48,11.82,--,10,11820,卖盘
489,14:25:45,11.82,-0.01,106,125292,卖盘
490,14:25:39,11.83,0.01,5,5915,买盘
491,14:25:33,11.82,-0.01,25,29550,卖盘
492,14:25:27,11.83,0.01,69,81627,买盘
493,14:25:24,11.82,--,129,152478,卖盘
494,14:25:21,11.82,-0.01,1,1182,卖盘
495,14:25:18,11.83,0.01,252,298116,买盘
496,14:25:15,11.82,--,7,8274,卖盘
497,14:25:12,11.82,-0.01,21,24822,卖盘
498,14:25:09,11.83,0.01,12,14196,买盘
499,14:25:03,11.82,-0.01,80,94560,卖盘
500,14:25:00,11.83,0.01,41,48503,买盘
501,14:24:57,11.82,-0.01,11,13002,卖盘
502,14:24:54,11.83,--,9,10647,买盘
503,14:24:51,11.83,0.01,13,15379,买盘
504,14:24:48,11.82,--,21,24822,卖盘
505,14:24:42,11.82,-0.01,45,53190,卖盘
506,14:24:36,11.83,--,11,13013,买盘
507,14:24:33,11.83,0.01,96,113568,买盘
508,14:24:24,11.82,-0.01,60,70920,卖盘
509,14:24:21,11.83,0.01,3,3549,买盘
510,14:24:18,11.82,--,73,86286,卖盘
511,14:24:15,11.82,--,3,3546,卖盘
512,14:24:12,11.82,--,4,4728,卖盘
513,14:24:09,11.82,--,150,177300,卖盘
514,14:24:03,11.82,--,200,236400,卖盘
515,14:23:57,11.82,--,15,17730,卖盘
516,14:23:54,11.82,-0.01,42,49644,卖盘
517,14:23:51,11.83,0.02,326,385658,买盘
518,14:23:48,11.81,-0.01,207,244467,卖盘
519,14:23:45,11.82,--,14,16548,买盘
520,14:23:42,11.82,0.01,12,14184,买盘
521,14:23:30,11.81,--,11,12991,卖盘
522,14:23:27,11.81,--,40,47240,卖盘
523,14:23:21,11.81,-0.01,10,11810,卖盘
524,14:23:18,11.82,0.01,4,4728,买盘
525,14:23:15,11.81,--,71,83851,卖盘
526,14:23:09,11.81,-0.01,1,1181,卖盘
527,14:23:03,11.82,--,5,5910,买盘
528,14:23:00,11.82,--,14,16548,买盘
529,14:22:57,11.82,--,4,4728,买盘
530,14:22:51,11.82,--,5,5910,买盘
531,14:22:45,11.82,--,10,11820,买盘
532,14:22:42,11.82,--,31,36642,买盘
533,14:22:39,11.82,-0.01,319,377058,卖盘
534,14:22:36,11.83,--,2,2366,买盘
535,14:22:33,11.83,0.01,25,29575,买盘
536,14:22:27,11.82,-0.01,101,119382,卖盘
537,14:22:24,11.83,--,8,9464,买盘
538,14:22:21,11.83,0.01,26,30758,买盘
539,14:22:15,11.82,-0.01,878,1037796,卖盘
540,14:22:12,11.83,0.02,170,201110,买盘
541,14:22:09,11.81,--,13,15353,卖盘
542,14:22:06,11.81,--,31,36611,卖盘
543,14:22:03,11.81,-0.01,21,24801,卖盘
544,14:22:00,11.82,--,360,425520,买盘
545,14:21:57,11.82,--,19,22458,买盘
546,14:21:54,11.82,--,13,15366,买盘
547,14:21:48,11.82,0.02,16,18912,买盘
548,14:21:42,11.8,--,46,54280,卖盘
549,14:21:39,11.8,--,20,23600,卖盘
550,14:21:36,11.8,-0.01,16,18880,卖盘
551,14:21:33,11.81,0.01,26,30706,买盘
552,14:21:30,11.8,--,228,269040,买盘
553,14:21:24,11.8,0.01,15,17700,买盘
554,14:21:21,11.79,-0.01,1,1179,卖盘
555,14:21:15,11.8,--,46,54280,买盘
556,14:21:12,11.8,0.01,5,5900,买盘
557,14:21:09,11.79,--,63,74277,卖盘
558,14:21:06,11.79,0.01,4,4716,卖盘
559,14:21:00,11.78,-0.02,6,7068,卖盘
560,14:20:57,11.8,0.01,6,7080,买盘
561,14:20:54,11.79,--,91,107288,买盘
562,14:20:51,11.79,0.01,34,40086,买盘
563,14:20:48,11.78,-0.01,1,1178,卖盘
564,14:20:45,11.79,--,9,10611,买盘
565,14:20:42,11.79,--,12,14147,买盘
566,14:20:39,11.79,--,12,14147,买盘
567,14:20:36,11.79,--,40,47160,买盘
568,14:20:27,11.79,0.01,1,1179,买盘
569,14:20:18,11.78,--,18,21204,卖盘
570,14:20:15,11.78,--,69,81282,买盘
571,14:20:12,11.78,0.01,10,11780,买盘
572,14:20:09,11.77,-0.01,20,23540,卖盘
573,14:20:06,11.78,--,109,128402,买盘
574,14:20:03,11.78,0.01,19,22382,买盘
575,14:19:54,11.77,-0.01,11,12947,卖盘
576,14:19:51,11.78,--,5,5890,买盘
577,14:19:48,11.78,--,20,23560,买盘
578,14:19:42,11.78,0.01,10,11780,买盘
579,14:19:39,11.77,--,20,23540,卖盘
580,14:19:36,11.77,-0.01,150,176550,卖盘
581,14:19:33,11.78,--,7,8246,买盘
582,14:19:30,11.78,0.01,82,96596,买盘
583,14:19:24,11.77,-0.01,14,16478,卖盘
584,14:19:21,11.78,0.01,16,18848,买盘
585,14:19:15,11.77,--,6,7062,卖盘
586,14:19:12,11.77,--,9,10593,卖盘
587,14:19:09,11.77,-0.01,10,11770,卖盘
588,14:19:06,11.78,0.01,1,1178,买盘
589,14:19:03,11.77,-0.01,1,1177,卖盘
590,14:18:57,11.78,0.01,4,4712,买盘
591,14:18:54,11.77,--,169,198913,买盘
592,14:18:51,11.77,0.01,1,1177,买盘
593,14:18:48,11.76,--,86,101136,卖盘
594,14:18:45,11.76,--,196,230496,买盘
595,14:18:42,11.76,--,1,1176,买盘
596,14:18:39,11.76,0.02,500,588000,买盘
597,14:18:36,11.74,-0.02,769,902806,卖盘
598,14:18:27,11.76,--,10,11760,买盘
599,14:18:24,11.76,-0.01,78,91728,卖盘
600,14:18:21,11.77,0.01,1,1177,买盘
601,14:18:18,11.76,-0.01,154,181104,卖盘
602,14:18:15,11.77,0.01,59,69443,卖盘
603,14:18:09,11.76,-0.02,737,866712,卖盘
604,14:18:06,11.78,--,6,7068,买盘
605,14:18:03,11.78,--,18,21204,买盘
606,14:17:57,11.78,0.01,96,113088,买盘
607,14:17:54,11.77,--,82,96514,卖盘
608,14:17:51,11.77,--,80,94160,卖盘
609,14:17:48,11.77,--,95,111815,卖盘
610,14:17:45,11.77,-0.01,98,115346,卖盘
611,14:17:42,11.78,0.01,34,40052,买盘
612,14:17:36,11.77,-0.01,10,11770,卖盘
613,14:17:33,11.78,0.01,2,2356,买盘
614,14:17:27,11.77,-0.01,28,32956,卖盘
615,14:17:24,11.78,0.02,54,63612,买盘
616,14:17:21,11.76,-0.01,100,117600,卖盘
617,14:17:18,11.77,0.01,2,2354,买盘
618,14:17:15,11.76,--,208,244608,卖盘
619,14:17:12,11.76,-0.01,24,28224,卖盘
620,14:17:06,11.77,--,23,27071,买盘
621,14:17:03,11.77,--,9,10593,买盘
622,14:17:00,11.77,0.01,10,11770,买盘
623,14:16:57,11.76,-0.01,86,101136,卖盘
624,14:16:54,11.77,--,5,5885,买盘
625,14:16:51,11.77,--,61,71797,买盘
626,14:16:39,11.77,-0.01,12,14124,卖盘
627,14:16:36,11.78,0.01,54,63612,买盘
628,14:16:33,11.77,-0.01,7,8239,卖盘
629,14:16:30,11.78,0.01,8,9424,买盘
630,14:16:27,11.77,0.01,95,111815,买盘
631,14:16:24,11.76,-0.02,227,266952,卖盘
632,14:16:21,11.78,0.01,80,94240,买盘
633,14:16:18,11.77,--,15,17655,卖盘
634,14:16:15,11.77,--,98,115346,卖盘
635,14:16:12,11.77,--,10,11770,卖盘
636,14:16:09,11.77,--,6,7062,卖盘
637,14:16:03,11.77,--,49,57673,买盘
638,14:16:00,11.77,0.01,51,60027,买盘
639,14:15:57,11.76,-0.01,42,49392,卖盘
640,14:15:54,11.77,--,6,7062,买盘
641,14:15:51,11.77,0.02,6,7062,买盘
642,14:15:45,11.75,-0.01,317,372475,卖盘
643,14:15:39,11.76,-0.01,535,629160,卖盘
644,14:15:36,11.77,-0.01,30,35310,卖盘
645,14:15:33,11.78,--,1,1178,买盘
646,14:15:30,11.78,--,55,64790,买盘
647,14:15:27,11.78,-0.01,158,186124,卖盘
648,14:15:24,11.79,0.01,34,40086,买盘
649,14:15:21,11.78,-0.01,184,216752,卖盘
650,14:15:15,11.79,0.01,82,96678,买盘
651,14:15:12,11.78,--,99,116622,卖盘
652,14:15:00,11.78,-0.01,185,217930,卖盘
653,14:14:57,11.79,--,11,12968,买盘
654,14:14:54,11.79,--,330,389070,买盘
655,14:14:51,11.79,0.02,23,27116,买盘
656,14:14:48,11.77,0.01,105,123585,买盘
657,14:14:45,11.76,-0.01,7,8232,卖盘
658,14:14:42,11.77,--,13,15301,卖盘
659,14:14:39,11.77,-0.02,20,23540,卖盘
660,14:14:36,11.79,--,229,269991,买盘
661,14:14:33,11.79,--,121,142659,买盘
662,14:14:30,11.79,--,281,331299,买盘
663,14:14:24,11.79,0.02,2,2358,买盘
664,14:14:21,11.77,--,17,20009,卖盘
665,14:14:18,11.77,--,71,83567,买盘
666,14:14:15,11.77,--,24,28248,买盘
667,14:14:12,11.77,-0.02,45,52965,卖盘
668,14:14:09,11.79,--,7,8253,卖盘
669,14:14:03,11.79,--,24,28295,卖盘
670,14:14:00,11.79,--,119,140301,买盘
671,14:13:57,11.79,0.04,131,154449,买盘
672,14:13:54,11.75,-0.03,303,356025,卖盘
673,14:13:48,11.78,0.01,308,362824,买盘
674,14:13:45,11.77,-0.02,709,834493,卖盘
675,14:13:42,11.79,-0.01,134,157986,卖盘
676,14:13:39,11.8,0.01,58,68440,买盘
677,14:13:36,11.79,-0.01,165,194535,卖盘
678,14:13:30,11.8,0.01,156,184080,买盘
679,14:13:27,11.79,--,22,25937,卖盘
680,14:13:24,11.79,--,5,5895,卖盘
681,14:13:21,11.79,--,4,4716,卖盘
682,14:13:18,11.79,-0.01,1,1179,卖盘
683,14:13:15,11.8,-0.01,528,623040,买盘
684,14:13:12,11.81,--,267,315327,买盘
685,14:13:09,11.81,0.01,121,142901,买盘
686,14:13:06,11.8,-0.01,1954,2305720,卖盘
687,14:13:03,11.81,-0.02,3,3543,中性盘
688,14:13:00,11.83,--,45,53235,买盘
689,14:12:57,11.83,0.01,71,83993,买盘
690,14:12:54,11.82,-0.01,23,27186,中性盘
691,14:12:51,11.83,--,1,1183,买盘
692,14:12:48,11.83,0.02,197,233051,买盘
693,14:12:42,11.81,--,234,276354,买盘
694,14:12:39,11.81,-0.03,1800,2125800,卖盘
695,14:12:36,11.84,--,69,81696,买盘
696,14:12:30,11.84,0.01,103,121952,买盘
697,14:12:27,11.83,-0.02,7,8281,卖盘
698,14:12:15,11.85,0.01,119,141015,买盘
699,14:12:12,11.84,--,168,198912,卖盘
700,14:12:09,11.84,-0.01,6,7104,卖盘
701,14:12:06,11.85,--,22,26070,买盘
702,14:12:00,11.85,--,57,67545,买盘
703,14:11:57,11.85,--,10,11850,买盘
704,14:11:54,11.85,-0.01,99,117315,卖盘
705,14:11:51,11.86,0.01,47,55742,买盘
706,14:11:48,11.85,--,16,18960,卖盘
707,14:11:42,11.85,--,31,36735,卖盘
708,14:11:39,11.85,--,196,232260,卖盘
709,14:11:36,11.85,--,54,63990,卖盘
710,14:11:30,11.85,-0.01,78,92430,卖盘
711,14:11:27,11.86,0.01,252,298872,买盘
712,14:11:24,11.85,--,528,625680,卖盘
713,14:11:18,11.85,--,1,1185,卖盘
714,14:11:15,11.85,--,10,11850,卖盘
715,14:11:12,11.85,0.02,186,220410,买盘
716,14:11:09,11.83,-0.02,102,120666,卖盘
717,14:11:03,11.85,0.02,82,97170,买盘
718,14:11:00,11.83,-0.01,76,90617,卖盘
719,14:10:57,11.84,0.01,9,10656,买盘
720,14:10:54,11.83,--,33,39039,卖盘
721,14:10:51,11.83,-0.01,134,158522,卖盘
722,14:10:48,11.84,0.01,3,3552,买盘
723,14:10:45,11.83,-0.01,6,7098,卖盘
724,14:10:42,11.84,--,11,13024,买盘
725,14:10:30,11.84,0.01,5,5920,买盘
726,14:10:27,11.83,--,12,14196,卖盘
727,14:10:21,11.83,-0.02,16,18928,卖盘
728,14:10:18,11.85,--,20,23700,买盘
729,14:10:15,11.85,--,69,81765,买盘
730,14:10:12,11.85,0.01,14,16590,买盘
731,14:10:09,11.84,--,50,59200,买盘
732,14:10:06,11.84,--,51,60384,卖盘
733,14:10:03,11.84,--,3,3552,卖盘
734,14:09:57,11.84,--,60,71040,卖盘
735,14:09:54,11.84,-0.01,12,14208,卖盘
736,14:09:51,11.85,0.01,54,63990,买盘
737,14:09:42,11.84,-0.01,11,13024,卖盘
738,14:09:39,11.85,--,52,61620,买盘
739,14:09:36,11.85,--,192,227520,买盘
740,14:09:33,11.85,--,1,1185,买盘
741,14:09:30,11.85,0.01,181,214485,买盘
742,14:09:24,11.84,--,12,14208,卖盘
743,14:09:15,11.84,-0.01,58,68672,卖盘
744,14:09:12,11.85,--,163,193155,卖盘
745,14:09:09,11.85,-0.01,18,21330,卖盘
746,14:09:06,11.86,0.01,110,130460,买盘
747,14:09:03,11.85,--,155,183675,买盘
748,14:09:00,11.85,-0.01,377,446745,卖盘
749,14:08:57,11.86,0.01,5,5930,买盘
750,14:08:54,11.85,--,34,40290,卖盘
751,14:08:51,11.85,--,98,116367,买盘
752,14:08:48,11.85,--,451,535383,卖盘
753,14:08:39,11.85,0.01,22,26307,买盘
754,14:08:36,11.84,-0.01,190,224960,卖盘
755,14:08:33,11.85,--,142,168270,买盘
756,14:08:30,11.85,0.01,210,248850,买盘
757,14:08:27,11.84,-0.01,83,98272,卖盘
758,14:08:24,11.85,--,172,203820,买盘
759,14:08:21,11.85,--,57,67545,买盘
760,14:08:18,11.85,--,287,341043,卖盘
761,14:08:15,11.85,--,43,50955,卖盘
762,14:08:12,11.85,--,53,62805,卖盘
763,14:08:09,11.85,-0.01,80,95037,卖盘
764,14:08:06,11.86,0.01,37,43882,买盘
765,14:08:03,11.85,-0.01,99,117315,卖盘
766,14:08:00,11.86,0.01,185,219410,买盘
767,14:07:57,11.85,--,531,629235,卖盘
768,14:07:54,11.85,--,50,59250,卖盘
769,14:07:48,11.85,0.01,5,5925,中性盘
770,14:07:42,11.84,--,153,181152,卖盘
771,14:07:39,11.84,-0.01,166,196544,卖盘
772,14:07:36,11.85,--,572,677820,卖盘
773,14:07:33,11.85,--,185,219225,卖盘
774,14:07:30,11.85,-0.01,113,133905,卖盘
775,14:07:27,11.86,--,237,281082,买盘
776,14:07:24,11.86,--,31,36766,买盘
777,14:07:21,11.86,--,77,91322,买盘
778,14:07:18,11.86,--,5,5930,买盘
779,14:07:06,11.86,0.01,27,32022,买盘
780,14:07:03,11.85,-0.01,98,116130,卖盘
781,14:06:57,11.86,--,2,2372,买盘
782,14:06:54,11.86,0.01,5,5930,买盘
783,14:06:48,11.85,-0.01,15,17775,卖盘
784,14:06:42,11.86,--,7,8302,买盘
785,14:06:39,11.86,--,4,4744,买盘
786,14:06:36,11.86,--,37,43882,买盘
787,14:06:33,11.86,0.01,181,214666,买盘
788,14:06:30,11.85,--,224,265440,卖盘
789,14:06:27,11.85,-0.01,1,1185,卖盘
790,14:06:21,11.86,0.01,24,28464,买盘
791,14:06:18,11.85,-0.01,43,50955,卖盘
792,14:06:15,11.86,0.01,12,14232,买盘
793,14:06:12,11.85,-0.01,39,46215,卖盘
794,14:06:09,11.86,--,71,84206,买盘
795,14:06:06,11.86,--,4,4744,买盘
796,14:06:03,11.86,0.01,42,49812,买盘
797,14:06:00,11.85,-0.01,107,126795,卖盘
798,14:05:57,11.86,--,1,1186,买盘
799,14:05:54,11.86,--,1,1186,买盘
800,14:05:51,11.86,0.01,43,50998,买盘
801,14:05:48,11.85,-0.01,112,132720,卖盘
802,14:05:45,11.86,--,4,4744,买盘
803,14:05:36,11.86,0.01,59,69974,买盘
804,14:05:33,11.85,--,10,11850,卖盘
805,14:05:30,11.85,-0.01,104,123240,卖盘
806,14:05:27,11.86,--,1,1186,买盘
807,14:05:12,11.86,0.01,1,1186,买盘
808,14:05:09,11.85,-0.01,42,49770,卖盘
809,14:05:06,11.86,--,3,3558,买盘
810,14:05:03,11.86,0.01,37,43882,买盘
811,14:05:00,11.85,--,129,152865,卖盘
812,14:04:57,11.85,-0.01,7,8295,卖盘
813,14:04:54,11.86,--,31,36766,买盘
814,14:04:48,11.86,--,10,11860,买盘
815,14:04:42,11.86,--,21,24906,买盘
816,14:04:39,11.86,0.01,5,5930,买盘
817,14:04:36,11.85,-0.01,10,11850,卖盘
818,14:04:33,11.86,0.01,46,54556,买盘
819,14:04:30,11.85,-0.01,98,116130,卖盘
820,14:04:27,11.86,0.01,1,1186,买盘
821,14:04:24,11.85,-0.01,20,23700,卖盘
822,14:04:21,11.86,--,1,1186,买盘
823,14:04:18,11.86,0.01,3,3558,买盘
824,14:04:15,11.85,-0.01,1,1185,卖盘
825,14:04:03,11.86,0.01,28,33208,买盘
826,14:04:00,11.85,--,107,126795,卖盘
827,14:03:57,11.85,--,1,1185,卖盘
828,14:03:51,11.85,--,7,8295,卖盘
829,14:03:48,11.85,--,307,363795,卖盘
830,14:03:45,11.85,--,2,2370,卖盘
831,14:03:42,11.85,--,27,31995,卖盘
832,14:03:39,11.85,-0.01,33,39105,卖盘
833,14:03:36,11.86,0.01,11,13046,买盘
834,14:03:33,11.85,--,30,35550,卖盘
835,14:03:30,11.85,--,8,9480,卖盘
836,14:03:27,11.85,--,100,118500,卖盘
837,14:03:24,11.85,-0.01,1,1185,卖盘
838,14:03:18,11.86,0.01,16,18976,买盘
839,14:03:12,11.85,--,4,4740,卖盘
840,14:03:06,11.85,--,63,74655,买盘
841,14:03:03,11.85,--,7,8295,买盘
842,14:03:00,11.85,0.01,35,41475,买盘
843,14:02:57,11.84,--,628,743552,卖盘
844,14:02:54,11.84,-0.01,152,179968,卖盘
845,14:02:51,11.85,-0.01,505,598425,中性盘
846,14:02:48,11.86,--,20,23720,买盘
847,14:02:45,11.86,0.02,22,26092,买盘
848,14:02:42,11.84,-0.01,7,8288,卖盘
849,14:02:39,11.85,--,2,2370,买盘
850,14:02:36,11.85,0.01,37,43845,买盘
851,14:02:27,11.84,--,98,116032,卖盘
852,14:02:21,11.84,--,23,27232,卖盘
853,14:02:15,11.84,--,17,20128,卖盘
854,14:02:12,11.84,0.01,54,63936,买盘
855,14:02:09,11.83,-0.01,3,3549,卖盘
856,14:02:03,11.84,--,2,2368,买盘
857,14:01:57,11.84,-0.01,42,49728,卖盘
858,14:01:54,11.85,--,6,7110,买盘
859,14:01:48,11.85,--,19,22515,买盘
860,14:01:42,11.85,--,31,36735,买盘
861,14:01:39,11.85,-0.01,104,123240,卖盘
862,14:01:36,11.86,0.01,16,18976,买盘
863,14:01:33,11.85,--,10,11850,卖盘
864,14:01:30,11.85,--,16,18960,卖盘
865,14:01:27,11.85,-0.01,113,133905,卖盘
866,14:01:24,11.86,0.01,36,42696,买盘
867,14:01:21,11.85,-0.01,6,7110,卖盘
868,14:01:06,11.86,0.01,1,1186,买盘
869,14:01:03,11.85,--,5,5925,卖盘
870,14:00:57,11.85,--,1,1185,卖盘
871,14:00:54,11.85,-0.01,98,116130,卖盘
872,14:00:45,11.86,--,50,59300,买盘
873,14:00:42,11.86,0.01,9,10674,买盘
874,14:00:33,11.85,--,49,58065,卖盘
875,14:00:30,11.85,--,9,10665,卖盘
876,14:00:27,11.85,0.01,3,3555,中性盘
877,14:00:24,11.84,--,163,192992,卖盘
878,14:00:18,11.84,--,104,123136,卖盘
879,14:00:15,11.84,-0.01,5,5920,卖盘
880,14:00:12,11.85,--,9,10665,买盘
881,14:00:09,11.85,--,1,1185,买盘
882,14:00:03,11.85,0.01,4,4740,买盘
883,13:59:54,11.84,-0.01,98,116032,卖盘
884,13:59:51,11.85,0.01,192,227520,买盘
885,13:59:48,11.84,0.02,10,11840,买盘
886,13:59:39,11.82,--,12,14184,卖盘
887,13:59:33,11.82,0.01,138,163116,买盘
888,13:59:30,11.81,--,6,7086,卖盘
889,13:59:27,11.81,-0.01,7,8267,卖盘
890,13:59:24,11.82,-0.03,9,10638,卖盘
891,13:59:18,11.85,0.03,1,1185,买盘
892,13:59:15,11.82,--,114,134748,卖盘
893,13:59:06,11.82,--,1,1182,卖盘
894,13:59:03,11.82,--,2,2364,卖盘
895,13:58:57,11.82,--,10,11820,卖盘
896,13:58:54,11.82,--,98,115836,卖盘
897,13:58:51,11.82,-0.03,5,5910,卖盘
898,13:58:45,11.85,0.03,4,4740,买盘
899,13:58:39,11.82,--,6,7092,卖盘
900,13:58:30,11.82,--,8,9456,卖盘
901,13:58:27,11.82,-0.03,19,22458,卖盘
902,13:58:24,11.85,--,11,13035,买盘
903,13:58:21,11.85,--,495,586575,卖盘
904,13:58:15,11.85,-0.01,7,8295,卖盘
905,13:58:06,11.86,--,205,243130,买盘
906,13:58:03,11.86,0.01,11,13046,买盘
907,13:58:00,11.85,--,1500,1777500,卖盘
908,13:57:54,11.85,-0.01,50,59250,卖盘
909,13:57:51,11.86,--,104,123344,买盘
910,13:57:45,11.86,0.01,2,2372,买盘
911,13:57:39,11.85,-0.01,59,69915,卖盘
912,13:57:36,11.86,--,2,2372,买盘
913,13:57:24,11.86,--,6,7116,买盘
914,13:57:21,11.86,--,108,128088,买盘
915,13:57:18,11.86,--,18,21348,买盘
916,13:57:15,11.86,0.01,14,16604,买盘
917,13:57:12,11.85,--,16,18960,卖盘
918,13:57:00,11.85,-0.01,20,23700,卖盘
919,13:56:54,11.86,--,115,136390,买盘
920,13:56:51,11.86,-0.01,89,105554,卖盘
921,13:56:39,11.87,0.01,5,5935,买盘
922,13:56:33,11.86,--,5,5930,卖盘
923,13:56:30,11.86,--,5,5930,卖盘
924,13:56:27,11.86,0.01,1,1186,买盘
925,13:56:21,11.85,-0.01,50,59250,卖盘
926,13:56:18,11.86,--,76,90136,卖盘
927,13:56:15,11.86,--,18,21348,卖盘
928,13:56:09,11.86,--,5,5930,卖盘
929,13:56:06,11.86,0.01,7,8302,卖盘
930,13:56:03,11.85,-0.01,462,547470,卖盘
931,13:56:00,11.86,--,15,17790,卖盘
932,13:55:54,11.86,--,44,52184,卖盘
933,13:55:48,11.86,--,136,161296,卖盘
934,13:55:45,11.86,-0.01,8,9488,卖盘
935,13:55:39,11.87,0.01,5,5935,买盘
936,13:55:36,11.86,--,7,8302,卖盘
937,13:55:33,11.86,0.01,823,976078,买盘
938,13:55:27,11.85,--,10,11850,卖盘
939,13:55:24,11.85,0.01,50,60198,买盘
940,13:55:18,11.84,-0.01,103,121952,卖盘
941,13:55:15,11.85,--,1,1185,买盘
942,13:55:03,11.85,--,10,11850,买盘
943,13:55:00,11.85,--,30,35550,买盘
944,13:54:57,11.85,--,121,143385,买盘
945,13:54:48,11.85,-0.01,77,91245,卖盘
946,13:54:45,11.86,--,1,1186,买盘
947,13:54:42,11.86,0.01,6,7116,买盘
948,13:54:39,11.85,-0.01,38,45030,卖盘
949,13:54:36,11.86,--,30,35580,买盘
950,13:54:33,11.86,0.01,12,14232,买盘
951,13:54:21,11.85,--,489,579465,买盘
952,13:54:18,11.85,0.01,125,148125,买盘
953,13:54:15,11.84,--,33,39072,卖盘
954,13:54:09,11.84,-0.01,75,88800,卖盘
955,13:54:06,11.85,0.02,105,124425,买盘
956,13:54:03,11.83,--,2,2366,卖盘
957,13:53:57,11.83,-0.02,7,8281,卖盘
958,13:53:54,11.85,0.02,6,7110,买盘
959,13:53:48,11.83,--,1,1183,卖盘
960,13:53:45,11.83,--,99,117117,卖盘
961,13:53:42,11.83,--,13,15379,卖盘
962,13:53:36,11.83,--,30,35490,卖盘
963,13:53:30,11.83,-0.01,508,600964,卖盘
964,13:53:27,11.84,0.01,20,23680,买盘
965,13:53:24,11.83,-0.01,19,22477,卖盘
966,13:53:21,11.84,0.01,5,5920,买盘
967,13:53:18,11.83,--,5,5915,卖盘
968,13:53:15,11.83,--,98,115934,卖盘
969,13:53:12,11.83,--,53,62699,买盘
970,13:53:06,11.83,--,1,1183,买盘
971,13:53:03,11.83,0.01,1,1183,买盘
972,13:53:00,11.82,-0.01,2,2364,卖盘
973,13:52:57,11.83,--,36,42588,买盘
974,13:52:54,11.83,--,8,9464,买盘
975,13:52:51,11.83,0.01,2,2366,买盘
976,13:52:45,11.82,--,98,115836,卖盘
977,13:52:42,11.82,--,5,5910,卖盘
978,13:52:36,11.82,--,100,118200,卖盘
979,13:52:24,11.82,--,48,56736,卖盘
980,13:52:21,11.82,0.01,105,124110,买盘
981,13:52:18,11.81,--,30,35430,卖盘
982,13:52:15,11.81,-0.01,98,115738,卖盘
983,13:52:12,11.82,--,120,141840,买盘
984,13:51:54,11.82,--,19,22458,买盘
985,13:51:51,11.82,--,23,27186,买盘
986,13:51:48,11.82,--,5,5910,买盘
987,13:51:45,11.82,-0.01,68,80376,卖盘
988,13:51:42,11.83,0.01,6,7098,买盘
989,13:51:36,11.82,-0.01,10,11820,卖盘
990,13:51:33,11.83,0.01,20,23660,中性盘
991,13:51:21,11.82,-0.02,1,1182,卖盘
992,13:51:18,11.84,0.03,21,24864,买盘
993,13:51:15,11.81,-0.02,100,118100,卖盘
994,13:51:12,11.83,0.01,99,117117,买盘
995,13:51:03,11.82,--,136,160752,卖盘
996,13:51:00,11.82,0.01,85,100470,买盘
997,13:50:57,11.81,-0.01,50,59050,卖盘
998,13:50:45,11.82,--,10,11820,买盘
999,13:50:42,11.82,-0.02,58,68556,卖盘
1000,13:50:39,11.84,0.03,102,120768,买盘
1001,13:50:36,11.81,-0.02,7,8267,卖盘
1002,13:50:30,11.83,--,41,48503,买盘
1003,13:50:27,11.83,--,1,1183,买盘
1004,13:50:24,11.83,0.01,16,18928,买盘
1005,13:50:18,11.82,--,5,5910,卖盘
1006,13:50:12,11.82,--,108,127656,卖盘
1007,13:50:09,11.82,--,134,158388,卖盘
1008,13:50:00,11.82,--,33,39006,卖盘
1009,13:49:57,11.82,--,2,2364,卖盘
1010,13:49:54,11.82,--,7,8274,卖盘
1011,13:49:51,11.82,--,20,23640,卖盘
1012,13:49:45,11.82,--,12,14184,中性盘
1013,13:49:42,11.82,--,113,133566,买盘
1014,13:49:39,11.82,--,229,270678,卖盘
1015,13:49:36,11.82,--,12,14184,卖盘
1016,13:49:33,11.82,--,7,8274,卖盘
1017,13:49:30,11.82,--,25,29550,卖盘
1018,13:49:27,11.82,--,150,177300,卖盘
1019,13:49:24,11.82,0.01,130,153660,买盘
1020,13:49:21,11.81,-0.01,15,17715,卖盘
1021,13:49:15,11.82,0.01,24,28840,买盘
1022,13:49:12,11.81,-0.01,91,108179,卖盘
1023,13:49:00,11.82,--,6,7092,买盘
1024,13:48:57,11.82,-0.01,24,28368,卖盘
1025,13:48:54,11.83,0.01,581,687323,买盘
1026,13:48:48,11.82,0.01,10,11820,买盘
1027,13:48:42,11.81,--,42,49602,卖盘
1028,13:48:39,11.81,-0.01,209,246829,卖盘
1029,13:48:33,11.82,--,10,11820,卖盘
1030,13:48:30,11.82,--,16,18912,卖盘
1031,13:48:27,11.82,-0.01,7,8274,卖盘
1032,13:48:24,11.83,--,33,39039,买盘
1033,13:48:15,11.83,0.01,16,18928,买盘
1034,13:48:12,11.82,--,29,34750,买盘
1035,13:48:09,11.82,-0.01,78,92905,卖盘
1036,13:48:06,11.83,0.01,122,144799,买盘
1037,13:48:03,11.82,-0.01,13,15366,卖盘
1038,13:48:00,11.83,--,60,70980,买盘
1039,13:47:54,11.83,0.01,600,709800,买盘
1040,13:47:48,11.82,-0.01,42,49644,卖盘
1041,13:47:42,11.83,0.01,11,13013,买盘
1042,13:47:39,11.82,-0.01,98,115836,卖盘
1043,13:47:36,11.83,0.01,15,17745,买盘
1044,13:47:30,11.82,--,84,99288,卖盘
1045,13:47:27,11.82,-0.01,5,5910,卖盘
1046,13:47:24,11.83,--,3,3549,买盘
1047,13:47:21,11.83,0.01,10,11830,买盘
1048,13:47:12,11.82,--,3,3546,卖盘
1049,13:47:09,11.82,-0.01,98,115836,卖盘
1050,13:47:03,11.83,--,1,1183,买盘
1051,13:47:00,11.83,0.01,22,26026,买盘
1052,13:46:54,11.82,-0.01,6,7092,卖盘
1053,13:46:45,11.83,0.01,168,198744,买盘
1054,13:46:39,11.82,0.01,98,115836,中性盘
1055,13:46:21,11.81,-0.02,13,15353,卖盘
1056,13:46:18,11.83,0.01,121,143143,买盘
1057,13:46:15,11.82,--,11,13002,买盘
1058,13:46:12,11.82,--,5,5910,买盘
1059,13:46:06,11.82,--,19,22458,卖盘
1060,13:46:03,11.82,--,2,2364,卖盘
1061,13:46:00,11.82,-0.01,8,9456,卖盘
1062,13:45:54,11.83,0.01,16,18928,买盘
1063,13:45:36,11.82,--,98,115836,卖盘
1064,13:45:24,11.82,-0.01,3,3546,卖盘
1065,13:45:21,11.83,0.01,10,11830,买盘
1066,13:45:18,11.82,-0.01,2,2364,卖盘
1067,13:45:15,11.83,--,45,53235,卖盘
1068,13:45:12,11.83,--,55,65065,买盘
1069,13:45:09,11.83,--,2,2366,买盘
1070,13:45:06,11.83,--,70,82810,卖盘
1071,13:45:00,11.83,--,44,52052,卖盘
1072,13:44:54,11.83,-0.01,40,47320,卖盘
1073,13:44:51,11.84,0.01,40,47360,买盘
1074,13:44:48,11.83,--,5,5915,卖盘
1075,13:44:39,11.83,--,1,1183,卖盘
1076,13:44:36,11.83,--,118,139594,卖盘
1077,13:44:30,11.83,--,5,5915,卖盘
1078,13:44:21,11.83,0.01,20,23660,买盘
1079,13:44:18,11.82,--,33,39006,卖盘
1080,13:44:15,11.82,0.01,30,35460,卖盘
1081,13:44:12,11.81,-0.01,10,11810,卖盘
1082,13:44:09,11.82,--,41,48462,买盘
1083,13:44:06,11.82,0.01,13,15366,买盘
1084,13:44:03,11.81,-0.01,107,126367,卖盘
1085,13:44:00,11.82,--,10,11820,买盘
1086,13:43:57,11.82,0.01,20,23640,买盘
1087,13:43:54,11.81,--,2,2362,卖盘
1088,13:43:51,11.81,--,1,1181,卖盘
1089,13:43:48,11.81,--,59,69679,卖盘
1090,13:43:45,11.81,--,5,5905,卖盘
1091,13:43:39,11.81,--,10,11810,卖盘
1092,13:43:33,11.81,--,98,115738,卖盘
1093,13:43:27,11.81,--,15,17715,卖盘
1094,13:43:24,11.81,--,5,5905,卖盘
1095,13:43:21,11.81,--,50,59050,卖盘
1096,13:43:18,11.81,-0.02,15,17715,卖盘
1097,13:43:06,11.83,0.02,16,18928,卖盘
1098,13:43:03,11.81,--,107,126367,卖盘
1099,13:43:00,11.81,-0.02,391,461771,卖盘
1100,13:42:57,11.83,--,102,120666,卖盘
1101,13:42:54,11.83,-0.01,160,189280,卖盘
1102,13:42:51,11.84,0.01,8,9472,买盘
1103,13:42:48,11.83,--,2,2366,卖盘
1104,13:42:45,11.83,0.02,35,41405,买盘
1105,13:42:42,11.81,--,2,2362,卖盘
1106,13:42:39,11.81,--,3,3543,卖盘
1107,13:42:36,11.81,-0.01,5,5905,卖盘
1108,13:42:33,11.82,0.01,99,117018,买盘
1109,13:42:30,11.81,--,1,1181,卖盘
1110,13:42:21,11.81,--,75,88575,买盘
1111,13:42:18,11.81,--,1,1181,买盘
1112,13:42:15,11.81,--,37,43697,买盘
1113,13:42:12,11.81,--,5,5905,买盘
1114,13:42:09,11.81,--,9,10629,买盘
1115,13:42:06,11.81,--,3,3543,买盘
1116,13:42:03,11.81,--,20,23620,买盘
1117,13:42:00,11.81,--,8,9448,买盘
1118,13:41:57,11.81,--,29,34249,卖盘
1119,13:41:54,11.81,--,11,12991,卖盘
1120,13:41:39,11.81,--,16,18896,卖盘
1121,13:41:36,11.81,0.03,2,2362,卖盘
1122,13:41:33,11.78,-0.03,391,460598,卖盘
1123,13:41:30,11.81,-0.03,98,115738,卖盘
1124,13:41:18,11.84,-0.02,12,14208,买盘
1125,13:41:12,11.86,0.02,255,302430,买盘
1126,13:41:09,11.84,-0.02,710,840640,卖盘
1127,13:41:03,11.86,--,102,120972,买盘
1128,13:41:00,11.86,0.02,109,129274,买盘
1129,13:40:54,11.84,--,10,11840,卖盘
1130,13:40:51,11.84,--,14,16576,卖盘
1131,13:40:45,11.84,-0.03,1,1184,卖盘
1132,13:40:42,11.87,--,108,128195,买盘
1133,13:40:39,11.87,--,4,4748,买盘
1134,13:40:36,11.87,0.03,136,161432,买盘
1135,13:40:33,11.84,-0.03,28,33152,卖盘
1136,13:40:30,11.87,0.01,70,83090,买盘
1137,13:40:27,11.86,0.02,20,23720,买盘
1138,13:40:24,11.84,-0.02,90,106560,卖盘
1139,13:40:21,11.86,0.02,62,73532,买盘
1140,13:40:18,11.84,-0.01,17,20128,卖盘
1141,13:40:15,11.85,0.02,408,483480,买盘
1142,13:40:12,11.83,--,16,18928,买盘
1143,13:40:09,11.83,-0.02,1310,1549730,卖盘
1144,13:40:03,11.85,0.02,48,56880,买盘
1145,13:40:00,11.83,-0.02,68,80444,卖盘
1146,13:39:45,11.85,--,15,17775,买盘
1147,13:39:42,11.85,0.02,52,61620,买盘
1148,13:39:39,11.83,-0.02,13,15379,卖盘
1149,13:39:33,11.85,0.02,18,21330,买盘
1150,13:39:30,11.83,-0.02,13,15379,卖盘
1151,13:39:21,11.85,0.01,6,7110,中性盘
1152,13:39:18,11.84,-0.01,2,2368,卖盘
1153,13:39:12,11.85,--,245,290325,卖盘
1154,13:39:09,11.85,-0.02,1,1185,卖盘
1155,13:39:06,11.87,0.02,15,17805,买盘
1156,13:39:03,11.85,-0.02,480,568800,卖盘
1157,13:39:00,11.87,-0.01,12,14243,卖盘
1158,13:38:57,11.88,0.01,11,13068,买盘
1159,13:38:51,11.87,--,5,5935,卖盘
1160,13:38:45,11.87,-0.01,25,29674,卖盘
1161,13:38:39,11.88,0.01,1,1188,买盘
1162,13:38:30,11.87,--,10,11870,卖盘
1163,13:38:27,11.87,--,1,1187,卖盘
1164,13:38:24,11.87,--,72,85464,卖盘
1165,13:38:21,11.87,--,64,75968,卖盘
1166,13:38:18,11.87,-0.01,16,18992,卖盘
1167,13:38:15,11.88,0.01,60,71280,买盘
1168,13:38:12,11.87,--,136,161432,卖盘
1169,13:38:09,11.87,-0.01,127,150749,卖盘
1170,13:38:06,11.88,0.01,140,166320,买盘
1171,13:38:03,11.87,-0.01,20,23740,卖盘
1172,13:38:00,11.88,0.01,5,5940,买盘
1173,13:37:57,11.87,--,10,11870,卖盘
1174,13:37:51,11.87,-0.01,79,93773,卖盘
1175,13:37:48,11.88,--,23,27324,买盘
1176,13:37:45,11.88,0.02,259,307692,买盘
1177,13:37:42,11.86,--,128,151808,卖盘
1178,13:37:39,11.86,0.04,3,3558,买盘
1179,13:37:36,11.82,-0.04,391,462162,卖盘
1180,13:37:33,11.86,0.01,42,49812,买盘
1181,13:37:27,11.85,-0.02,2,2370,卖盘
1182,13:37:24,11.87,0.01,35,41545,买盘
1183,13:37:18,11.86,-0.01,89,106075,卖盘
1184,13:37:15,11.87,0.01,49,58162,买盘
1185,13:37:12,11.86,-0.01,14,17268,卖盘
1186,13:37:09,11.87,--,2,2374,买盘
1187,13:37:06,11.87,0.01,9,10683,买盘
1188,13:37:03,11.86,-0.01,25,29650,卖盘
1189,13:37:00,11.87,0.01,5,5935,买盘
1190,13:36:48,11.86,-0.01,30,35580,卖盘
1191,13:36:45,11.87,0.01,17,20179,买盘
1192,13:36:42,11.86,--,61,72346,卖盘
1193,13:36:39,11.86,--,21,24906,卖盘
1194,13:36:36,11.86,--,8,9488,卖盘
1195,13:36:33,11.86,--,10,11860,卖盘
1196,13:36:30,11.86,--,4,4744,卖盘
1197,13:36:27,11.86,--,15,17790,卖盘
1198,13:36:24,11.86,--,2,2372,卖盘
1199,13:36:21,11.86,-0.01,2,2372,卖盘
1200,13:36:18,11.87,0.02,3,3560,买盘
1201,13:36:12,11.85,-0.03,15,17775,卖盘
1202,13:36:06,11.88,0.03,57,67716,买盘
1203,13:36:03,11.85,-0.03,30,35550,卖盘
1204,13:35:57,11.88,--,3,3564,买盘
1205,13:35:51,11.88,--,11,13068,买盘
1206,13:35:48,11.88,--,99,117612,卖盘
1207,13:35:45,11.88,--,90,106920,卖盘
1208,13:35:42,11.88,-0.01,56,66528,卖盘
1209,13:35:39,11.89,0.01,41,48749,买盘
1210,13:35:36,11.88,-0.01,105,124740,卖盘
1211,13:35:33,11.89,--,82,97498,买盘
1212,13:35:30,11.89,0.01,60,71340,买盘
1213,13:35:27,11.88,--,92,109296,卖盘
1214,13:35:24,11.88,--,20,23760,卖盘
1215,13:35:21,11.88,--,182,216216,买盘
1216,13:35:18,11.88,--,22,26136,买盘
1217,13:35:12,11.88,--,34,40392,买盘
1218,13:35:09,11.88,--,438,520367,卖盘
1219,13:35:06,11.88,-0.01,251,298188,卖盘
1220,13:35:03,11.89,0.01,49,58261,买盘
1221,13:34:57,11.88,--,20,23760,卖盘
1222,13:34:54,11.88,--,189,224532,卖盘
1223,13:34:51,11.88,0.02,297,352836,买盘
1224,13:34:48,11.86,--,191,226526,卖盘
1225,13:34:45,11.86,--,2,2372,卖盘
1226,13:34:42,11.86,0.02,18,21348,买盘
1227,13:34:39,11.84,-0.02,393,465312,卖盘
1228,13:34:33,11.86,0.02,1,1186,买盘
1229,13:34:30,11.84,--,1,1184,卖盘
1230,13:34:27,11.84,0.01,54,63936,卖盘
1231,13:34:24,11.83,-0.02,220,260260,卖盘
1232,13:34:21,11.85,--,3,3555,买盘
1233,13:34:18,11.85,0.01,57,67545,买盘
1234,13:34:15,11.84,--,176,208384,买盘
1235,13:34:12,11.84,--,35,41440,买盘
1236,13:34:09,11.84,0.01,1,1184,买盘
1237,13:34:06,11.83,--,54,63882,卖盘
1238,13:34:03,11.83,--,158,186914,卖盘
1239,13:34:00,11.83,-0.01,60,70980,卖盘
1240,13:33:57,11.84,0.01,7,8288,买盘
1241,13:33:54,11.83,--,15,17745,卖盘
1242,13:33:51,11.83,--,2,2366,卖盘
1243,13:33:48,11.83,-0.01,89,105287,卖盘
1244,13:33:45,11.84,--,20,23680,买盘
1245,13:33:42,11.84,--,193,228512,买盘
1246,13:33:39,11.84,--,202,239168,买盘
1247,13:33:36,11.84,0.01,99,117216,买盘
1248,13:33:33,11.83,--,10,11830,卖盘
1249,13:33:30,11.83,-0.01,20,23660,卖盘
1250,13:33:27,11.84,--,61,72224,买盘
1251,13:33:24,11.84,0.01,68,80512,买盘
1252,13:33:21,11.83,--,4,4732,卖盘
1253,13:33:18,11.83,-0.01,54,63882,卖盘
1254,13:33:15,11.84,--,54,63936,买盘
1255,13:33:09,11.84,0.01,154,182336,买盘
1256,13:33:06,11.83,-0.01,54,63882,卖盘
1257,13:33:03,11.84,0.01,10,11840,买盘
1258,13:33:00,11.83,-0.01,104,123032,卖盘
1259,13:32:57,11.84,0.01,3,3552,买盘
1260,13:32:54,11.83,-0.01,55,65065,卖盘
1261,13:32:51,11.84,--,55,65120,买盘
1262,13:32:45,11.84,--,97,114848,买盘
1263,13:32:42,11.84,0.01,681,806304,买盘
1264,13:32:39,11.83,-0.02,1349,1596576,卖盘
1265,13:32:36,11.85,--,54,63990,卖盘
1266,13:32:33,11.85,--,22,26070,卖盘
1267,13:32:30,11.85,0.01,57,67545,卖盘
1268,13:32:27,11.84,--,46,54464,卖盘
1269,13:32:21,11.84,-0.02,123,145632,卖盘
1270,13:32:18,11.86,--,19,22534,卖盘
1271,13:32:15,11.86,-0.01,196,232456,卖盘
1272,13:32:12,11.87,0.03,19,22553,买盘
1273,13:32:09,11.84,-0.03,12,14208,卖盘
1274,13:32:06,11.87,0.01,97,115138,买盘
1275,13:32:03,11.86,0.02,96,113856,中性盘
1276,13:32:00,11.84,-0.02,403,477152,卖盘
1277,13:31:57,11.86,--,21,24906,卖盘
1278,13:31:54,11.86,-0.01,55,65230,卖盘
1279,13:31:51,11.87,0.01,1,1187,买盘
1280,13:31:48,11.86,--,56,66416,卖盘
1281,13:31:45,11.86,-0.01,50,59300,卖盘
1282,13:31:42,11.87,--,71,84277,买盘
1283,13:31:39,11.87,--,76,90212,卖盘
1284,13:31:36,11.87,--,61,72407,卖盘
1285,13:31:33,11.87,--,84,99708,卖盘
1286,13:31:30,11.87,--,20,23740,卖盘
1287,13:31:27,11.87,--,19,22553,卖盘
1288,13:31:24,11.87,--,71,84277,卖盘
1289,13:31:21,11.87,--,11,13057,卖盘
1290,13:31:18,11.87,-0.01,58,68846,卖盘
1291,13:31:15,11.88,--,14,16632,买盘
1292,13:31:12,11.88,--,238,282744,买盘
1293,13:31:06,11.88,-0.01,441,524953,卖盘
1294,13:31:03,11.89,0.01,60,71340,买盘
1295,13:31:00,11.88,-0.01,69,81972,卖盘
1296,13:30:57,11.89,--,32,38048,买盘
1297,13:30:54,11.89,0.01,64,76096,买盘
1298,13:30:51,11.88,-0.01,101,119988,卖盘
1299,13:30:48,11.89,--,52,61828,买盘
1300,13:30:45,11.89,0.01,19,22591,买盘
1301,13:30:42,11.88,-0.01,10,11880,卖盘
1302,13:30:39,11.89,0.01,14,16646,买盘
1303,13:30:36,11.88,-0.01,3,3564,卖盘
1304,13:30:33,11.89,--,7,8323,卖盘
1305,13:30:30,11.89,-0.01,20,23780,卖盘
1306,13:30:27,11.9,0.01,47,55930,买盘
1307,13:30:24,11.89,-0.01,36,42804,卖盘
1308,13:30:18,11.9,0.01,131,155890,买盘
1309,13:30:15,11.89,--,300,356700,卖盘
1310,13:30:12,11.89,-0.01,16,19024,卖盘
1311,13:30:09,11.9,0.01,126,149940,买盘
1312,13:30:06,11.89,--,22,26158,卖盘
1313,13:30:00,11.89,--,10,11890,卖盘
1314,13:29:57,11.89,--,21,24969,卖盘
1315,13:29:51,11.89,--,69,82041,卖盘
1316,13:29:48,11.89,--,52,61828,卖盘
1317,13:29:45,11.89,--,48,57072,卖盘
1318,13:29:42,11.89,-0.01,81,96309,卖盘
1319,13:29:39,11.9,0.01,192,228480,买盘
1320,13:29:36,11.89,--,218,259202,买盘
1321,13:29:33,11.89,--,16,19024,买盘
1322,13:29:30,11.89,0.01,449,533861,买盘
1323,13:29:27,11.88,-0.01,20,23760,卖盘
1324,13:29:24,11.89,--,28,33292,卖盘
1325,13:29:21,11.89,-0.01,10,11890,中性盘
1326,13:29:15,11.9,0.01,10,11900,买盘
1327,13:29:09,11.89,--,52,61828,买盘
1328,13:29:06,11.89,-0.01,42,49938,卖盘
1329,13:29:03,11.9,-0.01,118,140420,卖盘
1330,13:29:00,11.91,--,147,175077,买盘
1331,13:28:57,11.91,0.01,262,312042,买盘
1332,13:28:54,11.9,--,185,220150,买盘
1333,13:28:51,11.9,0.01,145,172550,买盘
1334,13:28:48,11.89,--,804,955956,卖盘
1335,13:28:45,11.89,-0.01,295,350755,卖盘
1336,13:28:39,11.9,0.01,52,61880,买盘
1337,13:28:33,11.89,--,33,39237,卖盘
1338,13:28:30,11.89,-0.01,5,5945,卖盘
1339,13:28:27,11.9,0.01,89,105910,买盘
1340,13:28:24,11.89,--,45,53505,卖盘
1341,13:28:21,11.89,--,92,109388,卖盘
1342,13:28:18,11.89,-0.01,6,7134,卖盘
1343,13:28:15,11.9,--,107,127330,买盘
1344,13:28:12,11.9,--,54,64260,买盘
1345,13:28:06,11.9,--,41,48790,买盘
1346,13:28:03,11.9,0.01,177,210630,买盘
1347,13:27:57,11.89,-0.02,237,281793,卖盘
1348,13:27:54,11.91,0.01,54,64314,买盘
1349,13:27:51,11.9,-0.01,161,191590,卖盘
1350,13:27:48,11.91,0.01,28,33348,买盘
1351,13:27:45,11.9,-0.01,37,44030,卖盘
1352,13:27:42,11.91,--,63,75033,买盘
1353,13:27:39,11.91,0.01,83,98853,买盘
1354,13:27:36,11.9,--,83,98770,卖盘
1355,13:27:33,11.9,--,96,114240,卖盘
1356,13:27:30,11.9,-0.01,1,1190,卖盘
1357,13:27:27,11.91,0.01,18,21438,买盘
1358,13:27:21,11.9,-0.02,56,66640,卖盘
1359,13:27:18,11.92,--,139,165688,买盘
1360,13:27:15,11.92,0.03,84,100128,买盘
1361,13:27:12,11.89,-0.01,119,141491,卖盘
1362,13:27:09,11.9,-0.02,161,191590,卖盘
1363,13:27:06,11.92,0.02,69,82248,买盘
1364,13:27:03,11.9,--,27,32130,卖盘
1365,13:26:57,11.9,--,46,54740,卖盘
1366,13:26:54,11.9,--,2,2380,卖盘
1367,13:26:51,11.9,--,22,26180,卖盘
1368,13:26:48,11.9,-0.01,10,11900,卖盘
1369,13:26:45,11.91,0.01,4,4764,买盘
1370,13:26:39,11.9,-0.02,10,11900,卖盘
1371,13:26:36,11.92,--,671,799832,买盘
1372,13:26:33,11.92,--,87,103704,买盘
1373,13:26:30,11.92,0.01,1252,1492384,买盘
1374,13:26:27,11.91,-0.01,114,135774,卖盘
1375,13:26:24,11.92,--,71,84632,买盘
1376,13:26:21,11.92,--,86,102512,买盘
1377,13:26:18,11.92,--,148,176416,买盘
1378,13:26:15,11.92,0.01,58,69136,买盘
1379,13:26:12,11.91,-0.01,4,4764,卖盘
1380,13:26:09,11.92,--,113,134696,买盘
1381,13:26:06,11.92,--,45,53640,卖盘
1382,13:26:03,11.92,--,1,1192,卖盘
1383,13:26:00,11.92,--,134,159728,买盘
1384,13:25:57,11.92,--,2,2384,买盘
1385,13:25:54,11.92,-0.01,191,227672,卖盘
1386,13:25:51,11.93,0.01,27,32211,买盘
1387,13:25:48,11.92,--,36,42912,卖盘
1388,13:25:42,11.92,--,64,76288,卖盘
1389,13:25:39,11.92,--,134,159728,卖盘
1390,13:25:36,11.92,--,29,34568,卖盘
1391,13:25:33,11.92,--,62,73904,卖盘
1392,13:25:30,11.92,--,5,5960,卖盘
1393,13:25:27,11.92,--,95,113240,卖盘
1394,13:25:24,11.92,-0.01,54,64368,卖盘
1395,13:25:21,11.93,0.01,183,218319,买盘
1396,13:25:18,11.92,0.01,175,208600,买盘
1397,13:25:15,11.91,-0.01,27,32157,卖盘
1398,13:25:12,11.92,--,110,131120,买盘
1399,13:25:09,11.92,-0.01,39,46488,卖盘
1400,13:25:06,11.93,--,162,193266,买盘
1401,13:25:03,11.93,--,58,69194,买盘
1402,13:25:00,11.93,--,77,92576,卖盘
1403,13:24:57,11.93,--,89,106654,买盘
1404,13:24:54,11.93,0.01,500,596500,买盘
1405,13:24:51,11.92,--,149,177608,买盘
1406,13:24:48,11.92,--,48,57216,买盘
1407,13:24:45,11.92,--,201,239592,卖盘
1408,13:24:42,11.92,--,2,2384,卖盘
1409,13:24:39,11.92,0.01,57,67944,卖盘
1410,13:24:33,11.91,-0.02,44,52404,卖盘
1411,13:24:30,11.93,0.02,233,277969,买盘
1412,13:24:27,11.91,-0.02,338,403272,卖盘
1413,13:24:24,11.93,--,4,4772,卖盘
1414,13:24:21,11.93,--,35,41755,卖盘
1415,13:24:18,11.93,0.01,583,695996,买盘
1416,13:24:15,11.92,-0.01,30,35760,卖盘
1417,13:24:12,11.93,0.01,45,53685,买盘
1418,13:24:09,11.92,-0.01,139,165688,卖盘
1419,13:24:06,11.93,0.01,36,42948,买盘
1420,13:24:03,11.92,--,22,26224,卖盘
1421,13:24:00,11.92,-0.01,104,123968,卖盘
1422,13:23:57,11.93,--,10,11930,买盘
1423,13:23:48,11.93,--,577,689076,卖盘
1424,13:23:45,11.93,--,25,29825,卖盘
1425,13:23:39,11.93,--,10,11930,卖盘
1426,13:23:36,11.93,-0.01,159,189687,卖盘
1427,13:23:33,11.94,--,28,33432,买盘
1428,13:23:30,11.94,--,51,60894,买盘
1429,13:23:27,11.94,0.01,23,27462,买盘
1430,13:23:24,11.93,-0.01,257,306601,卖盘
1431,13:23:21,11.94,0.01,15,17910,买盘
1432,13:23:18,11.93,--,53,63229,卖盘
1433,13:23:15,11.93,--,16,19088,卖盘
1434,13:23:12,11.93,--,96,114528,卖盘
1435,13:23:09,11.93,--,66,78738,卖盘
1436,13:23:06,11.93,--,33,39369,卖盘
1437,13:23:03,11.93,-0.01,12,14793,卖盘
1438,13:23:00,11.94,0.01,19,22686,买盘
1439,13:22:57,11.93,--,5,5965,卖盘
1440,13:22:54,11.93,--,29,34597,卖盘
1441,13:22:51,11.93,--,35,41755,卖盘
1442,13:22:48,11.93,0.01,597,712221,买盘
1443,13:22:45,11.92,0.01,408,486336,买盘
1444,13:22:42,11.91,--,77,91707,卖盘
1445,13:22:39,11.91,--,10,11910,卖盘
1446,13:22:36,11.91,--,10,11910,卖盘
1447,13:22:33,11.91,-0.01,44,52404,卖盘
1448,13:22:30,11.92,--,55,65560,买盘
1449,13:22:24,11.92,0.01,41,48872,买盘
1450,13:22:21,11.91,-0.01,20,23820,卖盘
1451,13:22:18,11.92,0.01,196,233632,买盘
1452,13:22:15,11.91,-0.01,105,125055,卖盘
1453,13:22:12,11.92,--,5,5960,买盘
1454,13:22:09,11.92,--,57,67944,买盘
1455,13:22:06,11.92,--,7,8344,买盘
1456,13:22:03,11.92,--,148,176416,卖盘
1457,13:22:00,11.92,--,30,35760,卖盘
1458,13:21:57,11.92,--,212,252704,卖盘
1459,13:21:54,11.92,--,56,66752,卖盘
1460,13:21:51,11.92,-0.01,226,269392,卖盘
1461,13:21:48,11.93,--,51,60843,买盘
1462,13:21:42,11.93,0.01,45,53685,买盘
1463,13:21:39,11.92,-0.01,4,4768,卖盘
1464,13:21:36,11.93,0.02,300,357900,买盘
1465,13:21:33,11.91,-0.02,37,44067,卖盘
1466,13:21:30,11.93,0.02,91,108563,买盘
1467,13:21:27,11.91,-0.01,101,120291,卖盘
1468,13:21:24,11.92,-0.01,47,56024,卖盘
1469,13:21:21,11.93,0.01,23,27439,买盘
1470,13:21:18,11.92,-0.01,10,11920,中性盘
1471,13:21:12,11.93,0.01,1030,1228790,买盘
1472,13:21:09,11.92,0.01,14,16688,买盘
1473,13:21:06,11.91,-0.01,23,27393,卖盘
1474,13:21:03,11.92,--,48,57216,买盘
1475,13:20:57,11.92,--,19,22648,买盘
1476,13:20:54,11.92,--,20,23840,卖盘
1477,13:20:51,11.92,0.01,10,11920,中性盘
1478,13:20:48,11.91,-0.01,298,354918,卖盘
1479,13:20:42,11.92,0.01,114,135888,买盘
1480,13:20:39,11.91,-0.01,6,7146,卖盘
1481,13:20:36,11.92,0.01,67,79864,买盘
1482,13:20:33,11.91,--,161,191751,卖盘
1483,13:20:30,11.91,--,1076,1281516,卖盘
1484,13:20:27,11.91,--,12,14292,卖盘
1485,13:20:24,11.91,--,230,273930,卖盘
1486,13:20:21,11.91,-0.01,80,95280,卖盘
1487,13:20:18,11.92,0.01,11,13112,买盘
1488,13:20:15,11.91,-0.01,16,19056,卖盘
1489,13:20:12,11.92,0.01,271,323032,买盘
1490,13:20:09,11.91,-0.01,137,163167,卖盘
1491,13:20:06,11.92,0.01,63,75096,买盘
1492,13:20:03,11.91,--,83,98853,卖盘
1493,13:20:00,11.91,--,81,96471,卖盘
1494,13:19:57,11.91,0.01,51,60741,买盘
1495,13:19:54,11.9,-0.01,43,51170,卖盘
1496,13:19:51,11.91,0.01,180,214380,买盘
1497,13:19:48,11.9,-0.02,884,1051960,卖盘
1498,13:19:45,11.92,0.01,224,267008,买盘
1499,13:19:42,11.91,0.01,9,10719,中性盘
1500,13:19:39,11.9,-0.01,2115,2516850,卖盘
1501,13:19:36,11.91,--,5,5955,卖盘
1502,13:19:33,11.91,-0.01,47,55977,卖盘
1503,13:19:30,11.92,0.01,18,21456,买盘
1504,13:19:27,11.91,--,14,16674,卖盘
1505,13:19:24,11.91,--,62,73842,卖盘
1506,13:19:21,11.91,--,20,23820,卖盘
1507,13:19:18,11.91,--,10,11910,卖盘
1508,13:19:15,11.91,-0.01,5,5955,卖盘
1509,13:19:12,11.92,0.01,107,127770,买盘
1510,13:19:09,11.91,-0.01,121,145075,卖盘
1511,13:19:03,11.92,0.01,10,11920,买盘
1512,13:19:00,11.91,-0.02,26,30966,卖盘
1513,13:18:57,11.93,0.02,318,379374,买盘
1514,13:18:54,11.91,-0.02,221,263211,卖盘
1515,13:18:51,11.93,--,5,5965,买盘
1516,13:18:48,11.93,--,50,59650,买盘
1517,13:18:45,11.93,0.02,36,43675,买盘
1518,13:18:42,11.91,-0.02,167,198897,卖盘
1519,13:18:39,11.93,0.02,60,72271,买盘
1520,13:18:36,11.91,-0.01,36,42876,卖盘
1521,13:18:33,11.92,0.01,20,23840,买盘
1522,13:18:30,11.91,--,302,359682,卖盘
1523,13:18:27,11.91,-0.01,65,77415,卖盘
1524,13:18:24,11.92,0.01,2,2384,买盘
1525,13:18:21,11.91,-0.03,109,129819,卖盘
1526,13:18:18,11.94,0.02,1031,1231014,买盘
1527,13:18:15,11.92,-0.01,31,36952,卖盘
1528,13:18:12,11.93,0.01,14,16702,买盘
1529,13:18:09,11.92,--,192,228864,买盘
1530,13:18:06,11.92,--,54,64368,买盘
1531,13:18:03,11.92,--,86,102512,买盘
1532,13:18:00,11.92,--,25,29800,买盘
1533,13:17:57,11.92,0.01,71,84632,买盘
1534,13:17:54,11.91,-0.01,27,32157,卖盘
1535,13:17:51,11.92,--,17,20264,买盘
1536,13:17:48,11.92,--,83,98936,卖盘
1537,13:17:45,11.92,--,110,131120,卖盘
1538,13:17:42,11.92,-0.01,327,389784,卖盘
1539,13:17:39,11.93,0.01,31,36983,买盘
1540,13:17:36,11.92,--,12,14304,卖盘
1541,13:17:33,11.92,-0.01,7,8344,卖盘
1542,13:17:30,11.93,0.01,41,48913,买盘
1543,13:17:27,11.92,-0.01,44,52448,中性盘
1544,13:17:24,11.93,--,106,126458,买盘
1545,13:17:21,11.93,--,1988,2371695,买盘
1546,13:17:18,11.93,--,87,103791,买盘
1547,13:17:15,11.93,--,108,128844,卖盘
1548,13:17:12,11.93,-0.01,582,694326,卖盘
1549,13:17:09,11.94,--,143,170742,买盘
1550,13:17:06,11.94,--,214,255516,买盘
1551,13:17:03,11.94,--,16,19104,买盘
1552,13:17:00,11.94,0.01,148,176712,买盘
1553,13:16:57,11.93,-0.01,174,207582,卖盘
1554,13:16:54,11.94,--,71,84774,卖盘
1555,13:16:51,11.94,-0.01,181,216114,卖盘
1556,13:16:48,11.95,0.01,54,64529,买盘
1557,13:16:45,11.94,--,64,76416,卖盘
1558,13:16:42,11.94,-0.01,176,210144,卖盘
1559,13:16:39,11.95,0.01,462,552090,买盘
1560,13:16:36,11.94,0.01,37,44178,买盘
1561,13:16:33,11.93,--,537,640641,卖盘
1562,13:16:30,11.93,0.01,359,428287,买盘
1563,13:16:27,11.92,-0.01,29,34568,卖盘
1564,13:16:24,11.93,--,37,44141,买盘
1565,13:16:21,11.93,0.01,953,1136929,买盘
1566,13:16:18,11.92,0.01,42,50064,买盘
1567,13:16:15,11.91,--,125,148875,卖盘
1568,13:16:12,11.91,--,322,383502,买盘
1569,13:16:09,11.91,--,337,401367,买盘
1570,13:16:06,11.91,0.01,164,195324,买盘
1571,13:16:03,11.9,0.01,3041,3618790,买盘
1572,13:16:00,11.89,0.01,384,456576,买盘
1573,13:15:57,11.88,--,1338,1589686,买盘
1574,13:15:54,11.88,0.01,110,131155,买盘
1575,13:15:51,11.87,-0.01,10,11870,中性盘
1576,13:15:45,11.88,--,402,477576,买盘
1577,13:15:42,11.88,0.03,605,718740,买盘
1578,13:15:36,11.85,--,108,128098,买盘
1579,13:15:33,11.85,--,219,259515,买盘
1580,13:15:30,11.85,0.01,7088,8399280,买盘
1581,13:15:27,11.84,--,50,59200,卖盘
1582,13:15:24,11.84,-0.01,107,126688,卖盘
1583,13:15:21,11.85,--,31,36735,买盘
1584,13:15:18,11.85,0.01,20,23700,买盘
1585,13:15:15,11.84,--,10,11840,卖盘
1586,13:15:12,11.84,-0.01,39,46176,卖盘
1587,13:15:09,11.85,0.01,65,77025,买盘
1588,13:15:06,11.84,--,30,35520,卖盘
1589,13:15:03,11.84,--,20,23680,卖盘
1590,13:15:00,11.84,--,22,26048,卖盘
1591,13:14:57,11.84,--,40,47360,卖盘
1592,13:14:54,11.84,--,45,53280,买盘
1593,13:14:51,11.84,0.01,44,52096,买盘
1594,13:14:48,11.83,--,132,156156,卖盘
1595,13:14:45,11.83,-0.01,55,65065,卖盘
1596,13:14:42,11.84,--,108,127872,买盘
1597,13:14:39,11.84,--,41,48544,买盘
1598,13:14:36,11.84,--,116,137344,买盘
1599,13:14:33,11.84,0.01,2,2368,买盘
1600,13:14:24,11.83,--,14,16562,卖盘
1601,13:14:21,11.83,--,54,63882,买盘
1602,13:14:18,11.83,--,15,17745,买盘
1603,13:14:15,11.83,0.01,65,76895,买盘
1604,13:14:12,11.82,-0.02,42,49644,卖盘
1605,13:14:09,11.84,0.02,606,717504,买盘
1606,13:14:06,11.82,-0.01,179,211578,卖盘
1607,13:14:03,11.83,--,31,36673,买盘
1608,13:14:00,11.83,0.01,15,17745,卖盘
1609,13:13:57,11.82,-0.02,17,20094,卖盘
1610,13:13:54,11.84,0.02,823,974432,买盘
1611,13:13:51,11.82,-0.01,141,166662,卖盘
1612,13:13:48,11.83,--,27,31941,买盘
1613,13:13:45,11.83,-0.01,416,492128,卖盘
1614,13:13:42,11.84,0.01,90,106560,买盘
1615,13:13:39,11.83,-0.01,2,2366,中性盘
1616,13:13:36,11.84,-0.01,66,78144,买盘
1617,13:13:33,11.85,0.01,492,583257,买盘
1618,13:13:30,11.84,0.01,82,97088,买盘
1619,13:13:27,11.83,-0.01,29,34307,卖盘
1620,13:13:24,11.84,0.01,115,136160,买盘
1621,13:13:21,11.83,--,61,72163,卖盘
1622,13:13:18,11.83,-0.01,90,106470,卖盘
1623,13:13:15,11.84,0.01,320,378880,买盘
1624,13:13:12,11.83,-0.01,51,61279,卖盘
1625,13:13:09,11.84,--,128,151552,买盘
1626,13:13:06,11.84,0.01,73,86432,买盘
1627,13:13:03,11.83,--,25,29575,卖盘
1628,13:13:00,11.83,-0.01,781,923923,卖盘
1629,13:12:57,11.84,--,225,266400,买盘
1630,13:12:54,11.84,0.01,12,14208,买盘
1631,13:12:51,11.83,--,70,82810,卖盘
1632,13:12:48,11.83,-0.01,66,78078,卖盘
1633,13:12:45,11.84,--,7,8288,买盘
1634,13:12:42,11.84,0.01,513,607392,买盘
1635,13:12:39,11.83,--,65,76895,卖盘
1636,13:12:36,11.83,--,349,412867,卖盘
1637,13:12:33,11.83,-0.01,193,228319,卖盘
1638,13:12:30,11.84,0.01,60,71040,买盘
1639,13:12:27,11.83,--,87,102921,卖盘
1640,13:12:24,11.83,--,185,218855,卖盘
1641,13:12:21,11.83,--,41,48503,卖盘
1642,13:12:18,11.83,--,8,9464,卖盘
1643,13:12:15,11.83,--,234,276822,买盘
1644,13:12:12,11.83,--,79,93457,买盘
1645,13:12:09,11.83,--,174,205842,买盘
1646,13:12:06,11.83,--,320,378560,买盘
1647,13:12:03,11.83,0.01,190,224770,买盘
1648,13:12:00,11.82,-0.01,105,124110,卖盘
1649,13:11:57,11.83,--,73,86359,买盘
1650,13:11:54,11.83,--,714,844662,买盘
1651,13:11:51,11.83,--,31,36673,买盘
1652,13:11:48,11.83,--,96,113568,买盘
1653,13:11:45,11.83,--,111,131313,买盘
1654,13:11:42,11.83,--,15,17745,买盘
1655,13:11:39,11.83,0.01,490,579670,买盘
1656,13:11:36,11.82,--,45,53190,买盘
1657,13:11:33,11.82,--,111,131202,买盘
1658,13:11:30,11.82,--,46,54372,买盘
1659,13:11:27,11.82,--,99,117018,买盘
1660,13:11:24,11.82,0.01,8,9456,买盘
1661,13:11:21,11.81,-0.01,27,31887,卖盘
1662,13:11:18,11.82,0.01,325,384150,买盘
1663,13:11:15,11.81,--,50,59050,卖盘
1664,13:11:12,11.81,--,204,240924,买盘
1665,13:11:09,11.81,0.01,110,129910,买盘
1666,13:11:06,11.8,--,203,240484,买盘
1667,13:11:03,11.8,--,188,221840,买盘
1668,13:11:00,11.8,--,480,566400,买盘
1669,13:10:57,11.8,0.01,36,42480,买盘
1670,13:10:54,11.79,-0.01,79,93141,中性盘
1671,13:10:51,11.8,0.01,5000,5900000,买盘
1672,13:10:48,11.79,0.01,12,14147,买盘
1673,13:10:45,11.78,--,10,11780,卖盘
1674,13:10:42,11.78,--,82,96596,卖盘
1675,13:10:39,11.78,0.02,1550,1826371,买盘
1676,13:10:36,11.76,-0.01,10,11760,卖盘
1677,13:10:33,11.77,0.01,38,44726,买盘
1678,13:10:30,11.76,--,306,359856,卖盘
1679,13:10:27,11.76,-0.01,1026,1206576,卖盘
1680,13:10:24,11.77,--,79,92983,买盘
1681,13:10:21,11.77,--,24,28248,买盘
1682,13:10:18,11.77,--,170,200090,买盘
1683,13:10:15,11.77,0.01,2,2354,买盘
1684,13:10:12,11.76,--,13,15288,卖盘
1685,13:10:09,11.76,-0.01,2,2352,卖盘
1686,13:10:06,11.77,--,26,30602,买盘
1687,13:10:03,11.77,--,203,238931,买盘
1688,13:09:57,11.77,--,2,2354,买盘
1689,13:09:54,11.77,0.01,2,2354,买盘
1690,13:09:51,11.76,--,14,16464,卖盘
1691,13:09:48,11.76,-0.01,54,63504,卖盘
1692,13:09:45,11.77,0.01,44,51788,买盘
1693,13:09:42,11.76,0.01,48,56448,买盘
1694,13:09:39,11.75,-0.01,339,398325,卖盘
1695,13:09:36,11.76,--,376,442434,买盘
1696,13:09:33,11.76,--,6,7056,买盘
1697,13:09:30,11.76,--,69,81144,买盘
1698,13:09:27,11.76,0.01,85,99960,买盘
1699,13:09:24,11.75,--,1,1175,卖盘
1700,13:09:21,11.75,-0.01,13,15275,卖盘
1701,13:09:18,11.76,--,118,138768,买盘
1702,13:09:15,11.76,0.01,30,35280,买盘
1703,13:09:12,11.75,-0.01,20,23500,卖盘
1704,13:09:09,11.76,0.01,115,135240,买盘
1705,13:09:06,11.75,-0.01,71,83425,卖盘
1706,13:09:03,11.76,0.02,182,214032,买盘
1707,13:09:00,11.74,-0.01,5,5870,卖盘
1708,13:08:57,11.75,--,20,23500,买盘
1709,13:08:54,11.75,--,5,5875,买盘
1710,13:08:51,11.75,-0.01,16,18800,买盘
1711,13:08:45,11.76,0.01,118,138768,买盘
1712,13:08:42,11.75,--,1009,1185575,买盘
1713,13:08:39,11.75,--,76,89300,买盘
1714,13:08:33,11.75,0.01,12,14100,买盘
1715,13:08:30,11.74,--,97,113878,卖盘
1716,13:08:27,11.74,--,29,34046,卖盘
1717,13:08:21,11.74,--,10,11740,卖盘
1718,13:08:18,11.74,-0.01,81,95094,卖盘
1719,13:08:12,11.75,--,8,9400,买盘
1720,13:08:03,11.75,0.01,46,54050,买盘
1721,13:08:00,11.74,-0.01,1,1174,卖盘
1722,13:07:57,11.75,0.01,3,3525,买盘
1723,13:07:54,11.74,-0.01,17,19958,卖盘
1724,13:07:51,11.75,0.01,45,52875,买盘
1725,13:07:48,11.74,--,149,174926,买盘
1726,13:07:45,11.74,--,44,51656,卖盘
1727,13:07:42,11.74,--,24,28176,卖盘
1728,13:07:36,11.74,--,21,24654,卖盘
1729,13:07:33,11.74,--,15,17610,卖盘
1730,13:07:27,11.74,--,47,55178,卖盘
1731,13:07:21,11.74,--,4,4696,卖盘
1732,13:07:18,11.74,--,20,23480,卖盘
1733,13:07:15,11.74,--,10,11740,卖盘
1734,13:07:12,11.74,0.01,14,16436,买盘
1735,13:07:09,11.73,-0.01,27,31671,卖盘
1736,13:06:57,11.74,--,16,18784,买盘
1737,13:06:54,11.74,-0.01,20,23480,中性盘
1738,13:06:48,11.75,0.01,32,37600,买盘
1739,13:06:45,11.74,--,155,181970,买盘
1740,13:06:42,11.74,-0.01,175,205450,卖盘
1741,13:06:39,11.75,--,195,229125,买盘
1742,13:06:36,11.75,--,91,106925,买盘
1743,13:06:33,11.75,--,2,2350,买盘
1744,13:06:30,11.75,--,17,19975,买盘
1745,13:06:27,11.75,--,22,25850,买盘
1746,13:06:24,11.75,0.01,11,12925,买盘
1747,13:06:21,11.74,--,12,14088,卖盘
1748,13:06:18,11.74,--,43,50482,卖盘
1749,13:06:15,11.74,-0.01,5,5870,卖盘
1750,13:06:00,11.75,0.01,20,23500,买盘
1751,13:05:57,11.74,-0.01,163,191362,卖盘
1752,13:05:54,11.75,--,11,12925,买盘
1753,13:05:51,11.75,0.01,327,384225,买盘
1754,13:05:45,11.74,--,21,24654,买盘
1755,13:05:42,11.74,--,8,9392,买盘
1756,13:05:39,11.74,-0.01,8,9392,中性盘
1757,13:05:33,11.75,0.01,53,62275,买盘
1758,13:05:30,11.74,0.01,11,12914,买盘
1759,13:05:27,11.73,-0.01,4,4692,买盘
1760,13:05:24,11.74,--,96,113643,卖盘
1761,13:05:21,11.74,--,39,46020,买盘
1762,13:05:18,11.74,--,155,181970,买盘
1763,13:05:03,11.74,--,5,5870,买盘
1764,13:05:00,11.74,--,9,10566,买盘
1765,13:04:57,11.74,--,95,111530,买盘
1766,13:04:54,11.74,--,67,79597,卖盘
1767,13:04:48,11.74,--,105,123504,买盘
1768,13:04:45,11.74,0.01,67,78658,买盘
1769,13:04:42,11.73,-0.01,28,32844,卖盘
1770,13:04:39,11.74,0.01,86,100964,买盘
1771,13:04:33,11.73,-0.01,2,2346,卖盘
1772,13:04:30,11.74,--,6,7044,买盘
1773,13:04:27,11.74,--,42,49308,买盘
1774,13:04:24,11.74,--,8,9392,买盘
1775,13:04:21,11.74,--,16,18784,买盘
1776,13:04:18,11.74,--,52,61048,买盘
1777,13:04:15,11.74,--,23,27002,买盘
1778,13:04:12,11.74,0.01,8,9392,买盘
1779,13:04:09,11.73,-0.01,10,11730,卖盘
1780,13:04:06,11.74,--,10,11740,买盘
1781,13:04:03,11.74,--,81,95094,买盘
1782,13:04:00,11.74,--,16,18784,买盘
1783,13:03:45,11.74,--,3,3522,买盘
1784,13:03:42,11.74,0.01,50,58700,买盘
1785,13:03:33,11.73,--,31,36363,卖盘
1786,13:03:30,11.73,--,12,14076,卖盘
1787,13:03:27,11.73,--,90,105570,买盘
1788,13:03:24,11.73,--,83,97359,买盘
1789,13:03:21,11.73,0.01,1,1173,买盘
1790,13:03:18,11.72,-0.01,7,8204,卖盘
1791,13:03:09,11.73,--,4,4692,买盘
1792,13:03:06,11.73,--,30,35190,买盘
1793,13:03:00,11.73,--,2,2346,买盘
1794,13:02:57,11.73,--,10,11730,买盘
1795,13:02:54,11.73,--,63,73899,买盘
1796,13:02:51,11.73,-0.01,343,402339,卖盘
1797,13:02:48,11.74,--,30,35220,买盘
1798,13:02:45,11.74,--,160,187840,买盘
1799,13:02:39,11.74,--,1,1174,买盘
1800,13:02:36,11.74,--,5,5870,买盘
1801,13:02:33,11.74,--,2,2348,买盘
1802,13:02:30,11.74,--,18,21132,买盘
1803,13:02:21,11.74,--,15,17610,买盘
1804,13:02:18,11.74,--,98,115052,买盘
1805,13:02:12,11.74,0.01,5,5870,买盘
1806,13:02:09,11.73,-0.01,50,58650,卖盘
1807,13:02:06,11.74,--,53,62222,买盘
1808,13:01:57,11.74,--,3,3522,买盘
1809,13:01:54,11.74,0.01,2,2348,买盘
1810,13:01:51,11.73,-0.01,16,18768,卖盘
1811,13:01:45,11.74,0.01,146,171404,买盘
1812,13:01:42,11.73,--,1227,1439271,买盘
1813,13:01:39,11.73,0.01,84,98532,买盘
1814,13:01:36,11.72,-0.01,17,19924,卖盘
1815,13:01:33,11.73,--,1,1173,买盘
1816,13:01:30,11.73,0.01,68,79764,买盘
1817,13:01:27,11.72,--,538,631004,买盘
1818,13:01:24,11.72,--,66,77352,买盘
1819,13:01:21,11.72,0.01,1,1172,买盘
1820,13:01:18,11.71,--,8,9368,卖盘
1821,13:01:15,11.71,-0.01,9,10539,卖盘
1822,13:01:12,11.72,--,46,53912,买盘
1823,13:01:06,11.72,--,4,4688,买盘
1824,13:01:03,11.72,--,7,8204,买盘
1825,13:01:00,11.72,0.01,50,58600,买盘
1826,13:00:57,11.71,-0.01,1,1171,卖盘
1827,13:00:54,11.72,--,13,15236,买盘
1828,13:00:51,11.72,0.01,90,105480,买盘
1829,13:00:48,11.71,--,21,24591,卖盘
1830,13:00:45,11.71,-0.01,7,8197,卖盘
1831,13:00:42,11.72,--,17,19924,买盘
1832,13:00:39,11.72,0.01,100,117200,买盘
1833,13:00:33,11.71,-0.01,2,2342,卖盘
1834,13:00:27,11.72,0.01,1,1172,买盘
1835,13:00:21,11.71,--,3,3513,卖盘
1836,13:00:12,11.71,--,101,118271,卖盘
1837,13:00:09,11.71,-0.01,17,19907,卖盘
1838,13:00:06,11.72,0.01,500,586000,买盘
1839,13:00:03,11.71,--,1429,1673359,买盘
1840,13:00:00,11.71,--,0,0,买盘
1841,11:30:00,11.71,--,2,2342,买盘
1842,11:29:57,11.71,--,20,23420,买盘
1843,11:29:54,11.71,--,1,1171,买盘
1844,11:29:51,11.71,--,5,5855,买盘
1845,11:29:42,11.71,-0.01,23,26933,卖盘
1846,11:29:36,11.72,--,81,94932,买盘
1847,11:29:33,11.72,0.02,78,91416,买盘
1848,11:29:27,11.7,-0.01,50,58500,卖盘
1849,11:29:24,11.71,--,4,4684,买盘
1850,11:29:21,11.71,-0.01,8,9368,卖盘
1851,11:29:18,11.72,0.02,1000,1172000,买盘
1852,11:29:15,11.7,-0.01,10,11700,卖盘
1853,11:29:12,11.71,0.01,273,319683,买盘
1854,11:29:06,11.7,-0.01,5,5850,卖盘
1855,11:29:00,11.71,--,86,100706,买盘
1856,11:28:57,11.71,--,48,56208,买盘
1857,11:28:51,11.71,0.02,30,35130,买盘
1858,11:28:45,11.69,-0.01,7,8183,卖盘
1859,11:28:42,11.7,-0.01,55,64349,卖盘
1860,11:28:36,11.71,--,10,11710,买盘
1861,11:28:33,11.71,0.01,7,8197,买盘
1862,11:28:30,11.7,--,5,5850,卖盘
1863,11:28:27,11.7,--,10,11700,卖盘
1864,11:28:24,11.7,-0.01,5,5850,卖盘
1865,11:28:21,11.71,0.01,30,35130,买盘
1866,11:28:18,11.7,--,434,507779,买盘
1867,11:28:15,11.7,--,2,2340,买盘
1868,11:28:12,11.7,--,91,106470,买盘
1869,11:28:06,11.7,0.01,1,1170,买盘
1870,11:28:03,11.69,-0.01,70,81830,卖盘
1871,11:27:54,11.7,--,1,1170,买盘
1872,11:27:51,11.7,--,34,39780,买盘
1873,11:27:48,11.7,--,5,5850,买盘
1874,11:27:42,11.7,--,10,11700,买盘
1875,11:27:39,11.7,-0.01,370,432900,卖盘
1876,11:27:33,11.71,0.01,24,28104,买盘
1877,11:27:30,11.7,-0.01,8,9360,卖盘
1878,11:27:21,11.71,0.01,2,2342,买盘
1879,11:27:18,11.7,--,10,11700,卖盘
1880,11:27:15,11.7,-0.01,11,12870,卖盘
1881,11:27:12,11.71,0.01,998,1168658,买盘
1882,11:27:09,11.7,--,95,111150,卖盘
1883,11:27:03,11.7,-0.01,168,196560,卖盘
1884,11:27:00,11.71,0.01,8,9368,买盘
1885,11:26:54,11.7,--,1,1170,卖盘
1886,11:26:51,11.7,-0.01,7,8189,卖盘
1887,11:26:48,11.71,--,1,1171,买盘
1888,11:26:45,11.71,0.01,21,24591,买盘
1889,11:26:42,11.7,--,5,5850,卖盘
1890,11:26:39,11.7,-0.01,69,80730,卖盘
1891,11:26:36,11.71,0.01,3,3513,买盘
1892,11:26:33,11.7,--,29,33930,卖盘
1893,11:26:30,11.7,--,5,5850,卖盘
1894,11:26:24,11.7,0.01,108,126359,买盘
1895,11:26:21,11.69,-0.01,42,49098,卖盘
1896,11:26:18,11.7,--,6,7020,买盘
1897,11:26:12,11.7,0.01,30,35100,买盘
1898,11:26:03,11.69,-0.01,22,25718,卖盘
1899,11:26:00,11.7,--,2,2340,卖盘
1900,11:25:54,11.7,-0.01,311,363870,卖盘
1901,11:25:45,11.71,0.01,151,176821,买盘
1902,11:25:39,11.7,--,69,80730,卖盘
1903,11:25:33,11.7,--,2,2340,卖盘
1904,11:25:27,11.7,-0.01,165,193050,卖盘
1905,11:25:21,11.71,0.01,50,58550,买盘
1906,11:25:18,11.7,--,6,7020,卖盘
1907,11:25:15,11.7,--,110,128699,卖盘
1908,11:25:12,11.7,-0.01,41,47970,卖盘
1909,11:25:09,11.71,0.02,27,31617,买盘
1910,11:25:06,11.69,-0.01,200,233800,卖盘
1911,11:25:03,11.7,-0.01,5,5850,中性盘
1912,11:25:00,11.71,0.02,23,26933,买盘
1913,11:24:57,11.69,-0.02,2,2338,中性盘
1914,11:24:51,11.71,0.02,174,203754,买盘
1915,11:24:45,11.69,--,20,23380,卖盘
1916,11:24:42,11.69,-0.01,396,462924,卖盘
1917,11:24:39,11.7,--,21,24570,卖盘
1918,11:24:36,11.7,--,15,17550,卖盘
1919,11:24:33,11.7,--,5,5850,卖盘
1920,11:24:30,11.7,0.01,47,54990,买盘
1921,11:24:27,11.69,-0.01,6,7014,卖盘
1922,11:24:21,11.7,--,6,7020,买盘
1923,11:24:15,11.7,--,301,352170,卖盘
1924,11:24:12,11.7,--,1,1170,卖盘
1925,11:24:09,11.7,-0.01,5,5850,卖盘
1926,11:24:03,11.71,--,1,1171,买盘
1927,11:24:00,11.71,0.01,6,7026,买盘
1928,11:23:54,11.7,--,31,36270,卖盘
1929,11:23:51,11.7,--,249,291330,买盘
1930,11:23:48,11.7,0.01,37,43290,买盘
1931,11:23:39,11.69,--,23,26887,卖盘
1932,11:23:21,11.69,--,70,81830,卖盘
1933,11:23:18,11.69,--,9,10521,卖盘
1934,11:23:15,11.69,--,7,8183,卖盘
1935,11:23:12,11.69,0.01,231,270039,买盘
1936,11:22:57,11.68,-0.01,10,11680,卖盘
1937,11:22:54,11.69,--,5,5845,买盘
1938,11:22:48,11.69,0.01,2,2338,买盘
1939,11:22:45,11.68,-0.01,2,2336,卖盘
1940,11:22:39,11.69,-0.01,186,217434,卖盘
1941,11:22:36,11.7,--,396,463320,买盘
1942,11:22:33,11.7,0.01,140,163800,买盘
1943,11:22:30,11.69,--,2,2338,卖盘
1944,11:22:27,11.69,-0.01,5,5845,卖盘
1945,11:22:24,11.7,0.01,145,169650,买盘
1946,11:22:21,11.69,--,1,1169,卖盘
1947,11:22:18,11.69,--,12,14028,卖盘
1948,11:22:12,11.69,--,12,14028,卖盘
1949,11:22:09,11.69,--,5,5845,卖盘
1950,11:21:57,11.69,0.01,93,108717,买盘
1951,11:21:54,11.68,-0.01,16,18688,卖盘
1952,11:21:51,11.69,--,10,11690,买盘
1953,11:21:48,11.69,0.01,1,1169,买盘
1954,11:21:39,11.68,-0.02,2,2336,卖盘
1955,11:21:36,11.7,--,234,273780,卖盘
1956,11:21:33,11.7,--,3,3510,卖盘
1957,11:21:30,11.7,--,14,16379,卖盘
1958,11:21:27,11.7,--,10,11700,卖盘
1959,11:21:21,11.7,--,60,70200,卖盘
1960,11:21:18,11.7,0.01,573,670410,买盘
1961,11:21:12,11.69,--,10,11690,卖盘
1962,11:21:06,11.69,-0.01,6,7014,卖盘
1963,11:21:03,11.7,--,1,1170,买盘
1964,11:20:51,11.7,0.01,15,17550,买盘
1965,11:20:45,11.69,-0.01,8,9352,卖盘
1966,11:20:42,11.7,--,10,11700,买盘
1967,11:20:39,11.7,0.01,453,530010,买盘
1968,11:20:30,11.69,--,2,2338,卖盘
1969,11:20:24,11.69,-0.01,10,11690,卖盘
1970,11:20:15,11.7,--,4,4680,买盘
1971,11:20:12,11.7,--,18,21060,买盘
1972,11:20:09,11.7,--,13,15209,卖盘
1973,11:20:03,11.7,--,513,600210,买盘
1974,11:20:00,11.7,--,13,15209,买盘
1975,11:19:57,11.7,--,20,23400,买盘
1976,11:19:54,11.7,0.01,5,5850,买盘
1977,11:19:51,11.69,-0.01,89,104041,卖盘
1978,11:19:42,11.7,0.01,27,31589,买盘
1979,11:19:36,11.69,--,21,24549,卖盘
1980,11:19:33,11.69,-0.01,10,11690,卖盘
1981,11:19:27,11.7,--,37,43290,买盘
1982,11:19:24,11.7,0.01,420,491399,买盘
1983,11:19:21,11.69,--,89,104041,卖盘
1984,11:19:18,11.69,--,1,1169,卖盘
1985,11:19:15,11.69,--,26,30394,卖盘
1986,11:19:06,11.69,-0.01,10,11690,卖盘
1987,11:19:03,11.7,0.01,1,1170,买盘
1988,11:19:00,11.69,--,9,10521,卖盘
1989,11:18:57,11.69,--,12,14028,卖盘
1990,11:18:51,11.69,--,101,118069,卖盘
1991,11:18:48,11.69,--,19,22211,卖盘
1992,11:18:45,11.69,0.01,147,171843,买盘
1993,11:18:42,11.68,-0.01,21,24528,卖盘
1994,11:18:36,11.69,--,220,257180,买盘
1995,11:18:30,11.69,0.01,2,2338,买盘
1996,11:18:21,11.68,--,117,136656,卖盘
1997,11:18:18,11.68,--,2,2336,卖盘
1998,11:18:12,11.68,-0.01,158,184544,中性盘
1999,11:18:03,11.69,0.01,114,133266,买盘
2000,11:17:57,11.68,--,3,3504,卖盘
2001,11:17:54,11.68,--,57,66576,卖盘
2002,11:17:51,11.68,0.01,197,230096,买盘
2003,11:17:48,11.67,--,89,103863,卖盘
2004,11:17:45,11.67,--,7,8169,卖盘
2005,11:17:42,11.67,-0.01,7,8169,卖盘
2006,11:17:33,11.68,-0.01,91,106288,卖盘
2007,11:17:30,11.69,--,448,523712,买盘
2008,11:17:27,11.69,--,116,135604,买盘
2009,11:17:09,11.69,0.01,2,2338,买盘
2010,11:17:06,11.68,-0.01,465,543120,卖盘
2011,11:16:57,11.69,-0.01,111,129759,卖盘
2012,11:16:51,11.7,--,104,121679,卖盘
2013,11:16:48,11.7,--,95,111150,卖盘
2014,11:16:45,11.7,--,10,11700,卖盘
2015,11:16:42,11.7,--,85,99450,卖盘
2016,11:16:39,11.7,-0.01,4,4680,卖盘
2017,11:16:36,11.71,0.01,37,43327,买盘
2018,11:16:33,11.7,--,5,5850,卖盘
2019,11:16:30,11.7,--,5,5850,卖盘
2020,11:16:27,11.7,--,32,37440,卖盘
2021,11:16:24,11.7,--,69,80730,卖盘
2022,11:16:21,11.7,--,49,57330,买盘
2023,11:16:18,11.7,--,104,121679,买盘
2024,11:16:12,11.7,0.01,458,535860,买盘
2025,11:16:06,11.69,--,57,66633,卖盘
2026,11:16:03,11.69,-0.01,2,2338,卖盘
2027,11:16:00,11.7,--,18,21060,买盘
2028,11:15:57,11.7,--,28,32759,买盘
2029,11:15:45,11.7,--,1,1170,买盘
2030,11:15:42,11.7,--,5,5850,卖盘
2031,11:15:39,11.7,--,30,35100,卖盘
2032,11:15:36,11.7,-0.01,200,234000,卖盘
2033,11:15:33,11.71,0.01,63,73773,买盘
2034,11:15:30,11.7,--,24,28080,卖盘
2035,11:15:21,11.7,--,76,88920,卖盘
2036,11:15:15,11.7,-0.01,89,104130,卖盘
2037,11:15:12,11.71,0.01,15,17565,买盘
2038,11:15:06,11.7,-0.01,2,2340,卖盘
2039,11:15:00,11.71,--,186,217806,买盘
2040,11:14:57,11.71,0.01,102,119442,买盘
2041,11:14:54,11.7,--,79,92430,卖盘
2042,11:14:45,11.7,--,104,121679,卖盘
2043,11:14:42,11.7,-0.01,3,3510,卖盘
2044,11:14:39,11.71,0.01,16,18736,买盘
2045,11:14:33,11.7,--,47,54990,卖盘
2046,11:14:24,11.7,-0.01,3,3510,卖盘
2047,11:14:21,11.71,0.01,24,28104,买盘
2048,11:14:18,11.7,--,5,5850,卖盘
2049,11:14:15,11.7,--,89,104130,卖盘
2050,11:14:09,11.7,0.01,817,955890,买盘
2051,11:13:57,11.69,-0.01,20,23380,卖盘
2052,11:13:54,11.7,0.01,5,5850,买盘
2053,11:13:51,11.69,-0.01,7,8183,卖盘
2054,11:13:48,11.7,0.01,322,376740,买盘
2055,11:13:45,11.69,--,154,180026,卖盘
2056,11:13:42,11.69,--,18,21042,卖盘
2057,11:13:39,11.69,0.01,44,51436,买盘
2058,11:13:33,11.68,-0.01,7,8176,卖盘
2059,11:13:24,11.69,--,20,23380,买盘
2060,11:13:15,11.69,--,41,47929,卖盘
2061,11:13:09,11.69,-0.01,30,35070,卖盘
2062,11:13:03,11.7,--,18,21060,买盘
2063,11:13:00,11.7,--,469,548730,买盘
2064,11:12:48,11.7,0.01,100,117000,买盘
2065,11:12:45,11.69,--,2,2338,卖盘
2066,11:12:42,11.69,-0.01,89,104041,卖盘
2067,11:12:39,11.7,0.01,5,5850,买盘
2068,11:12:36,11.69,-0.01,7,8183,卖盘
2069,11:12:33,11.7,0.01,50,58500,买盘
2070,11:12:30,11.69,--,10,11690,卖盘
2071,11:12:21,11.69,--,98,114608,买盘
2072,11:12:03,11.69,--,199,233753,卖盘
2073,11:12:00,11.69,--,1,1169,卖盘
2074,11:11:54,11.69,--,53,61957,卖盘
2075,11:11:45,11.69,--,255,298141,买盘
2076,11:11:42,11.69,0.01,140,163660,买盘
2077,11:11:36,11.68,--,18,21024,买盘
2078,11:11:33,11.68,--,7,8176,买盘
2079,11:11:30,11.68,0.02,10,11680,买盘
2080,11:11:18,11.66,-0.02,26,30316,卖盘
2081,11:11:15,11.68,--,32,37376,买盘
2082,11:11:12,11.68,-0.01,28,32704,卖盘
2083,11:11:06,11.69,0.01,464,542416,买盘
2084,11:11:03,11.68,--,3,3504,卖盘
2085,11:11:00,11.68,-0.01,10,11680,卖盘
2086,11:10:51,11.69,0.01,5,5845,买盘
2087,11:10:48,11.68,--,279,325872,卖盘
2088,11:10:39,11.68,-0.01,89,103952,卖盘
2089,11:10:33,11.69,0.01,10,11690,买盘
2090,11:10:30,11.68,--,6,7008,卖盘
2091,11:10:27,11.68,--,212,247616,买盘
2092,11:10:21,11.68,--,20,23360,买盘
2093,11:10:15,11.68,--,4,4672,买盘
2094,11:10:09,11.68,0.01,144,168192,买盘
2095,11:10:06,11.67,--,52,60684,卖盘
2096,11:10:00,11.67,--,10,11670,卖盘
2097,11:09:48,11.67,--,115,134811,买盘
2098,11:09:39,11.67,--,13,15731,卖盘
2099,11:09:24,11.67,--,6,7002,卖盘
2100,11:09:21,11.67,--,100,116700,卖盘
2101,11:09:18,11.67,-0.01,10,11670,卖盘
2102,11:09:15,11.68,0.01,10,11680,买盘
2103,11:09:12,11.67,--,485,565995,卖盘
2104,11:09:09,11.67,--,89,103863,卖盘
2105,11:09:06,11.67,--,5,5835,卖盘
2106,11:08:57,11.67,-0.01,2,2334,卖盘
2107,11:08:51,11.68,0.01,19,22192,买盘
2108,11:08:45,11.67,-0.01,36,42012,卖盘
2109,11:08:42,11.68,--,1,1168,买盘
2110,11:08:39,11.68,--,10,11680,卖盘
2111,11:08:36,11.68,-0.01,24,28032,卖盘
2112,11:08:33,11.69,0.01,453,529557,买盘
2113,11:08:30,11.68,-0.01,90,105120,卖盘
2114,11:08:21,11.69,0.01,5,5845,买盘
2115,11:08:15,11.68,--,8,9344,卖盘
2116,11:08:12,11.68,-0.01,10,11680,卖盘
2117,11:08:09,11.69,0.01,20,23380,买盘
2118,11:08:06,11.68,-0.01,89,103952,卖盘
2119,11:08:03,11.69,0.01,1,1169,买盘
2120,11:07:54,11.68,--,200,233600,买盘
2121,11:07:51,11.68,0.01,36,42048,买盘
2122,11:07:39,11.67,--,3,3501,卖盘
2123,11:07:36,11.67,-0.02,96,112032,卖盘
2124,11:07:30,11.69,0.01,24,28056,买盘
2125,11:07:27,11.68,--,2,2336,卖盘
2126,11:07:24,11.68,0.01,44,51392,卖盘
2127,11:07:18,11.67,-0.01,488,569496,卖盘
2128,11:07:12,11.68,--,39,45552,卖盘
2129,11:07:09,11.68,--,24,28032,卖盘
2130,11:07:06,11.68,--,89,103952,卖盘
2131,11:07:03,11.68,--,4,4672,卖盘
2132,11:07:00,11.68,--,20,23360,卖盘
2133,11:06:57,11.68,--,50,58400,卖盘
2134,11:06:54,11.68,--,1,1168,卖盘
2135,11:06:48,11.68,--,10,11680,卖盘
2136,11:06:45,11.68,--,120,140160,卖盘
2137,11:06:39,11.68,0.01,150,175200,买盘
2138,11:06:36,11.67,-0.02,89,103863,卖盘
2139,11:06:30,11.69,0.02,10,11690,买盘
2140,11:06:27,11.67,-0.02,35,41451,卖盘
2141,11:06:18,11.69,0.02,11,12859,买盘
2142,11:06:09,11.67,--,12,14004,卖盘
2143,11:06:06,11.67,-0.01,120,140040,卖盘
2144,11:06:03,11.68,--,200,233600,卖盘
2145,11:06:00,11.68,--,205,239440,买盘
2146,11:05:57,11.68,--,114,133152,买盘
2147,11:05:48,11.68,--,18,21024,卖盘
2148,11:05:42,11.68,--,14,16352,卖盘
2149,11:05:39,11.68,--,31,36208,卖盘
2150,11:05:36,11.68,--,5,5840,卖盘
2151,11:05:33,11.68,--,108,126144,卖盘
2152,11:05:30,11.68,--,1,1168,卖盘
2153,11:05:24,11.68,--,8,9344,卖盘
2154,11:05:21,11.68,--,299,349232,买盘
2155,11:05:09,11.68,--,35,40880,买盘
2156,11:05:03,11.68,--,63,73584,卖盘
2157,11:05:00,11.68,--,5,5840,卖盘
2158,11:04:57,11.68,--,12,14016,卖盘
2159,11:04:54,11.68,--,8,9344,卖盘
2160,11:04:51,11.68,--,3,3504,卖盘
2161,11:04:48,11.68,--,40,46720,卖盘
2162,11:04:45,11.68,-0.01,136,158848,卖盘
2163,11:04:42,11.69,0.01,329,384601,买盘
2164,11:04:39,11.68,--,9,10512,卖盘
2165,11:04:36,11.68,--,115,134320,卖盘
2166,11:04:33,11.68,--,91,106288,卖盘
2167,11:04:30,11.68,--,15,17520,卖盘
2168,11:04:27,11.68,--,5,5840,卖盘
2169,11:04:24,11.68,-0.01,82,95776,卖盘
2170,11:04:21,11.69,0.01,371,433699,买盘
2171,11:04:18,11.68,--,10,11680,卖盘
2172,11:04:06,11.68,0.02,89,103952,买盘
2173,11:04:03,11.66,--,84,97944,卖盘
2174,11:04:00,11.66,--,5,5830,卖盘
2175,11:03:57,11.66,--,50,58300,卖盘
2176,11:03:54,11.66,--,130,151580,卖盘
2177,11:03:51,11.66,-0.01,12,13992,卖盘
2178,11:03:48,11.67,--,43,50181,买盘
2179,11:03:45,11.67,--,12,14004,买盘
2180,11:03:42,11.67,0.01,46,53682,买盘
2181,11:03:36,11.66,-0.01,1000,1166000,卖盘
2182,11:03:33,11.67,-0.02,22,25674,卖盘
2183,11:03:27,11.69,--,461,538909,买盘
2184,11:03:18,11.69,0.03,113,132097,买盘
2185,11:03:15,11.66,-0.03,4,4664,卖盘
2186,11:03:03,11.69,0.03,99,115731,买盘
2187,11:03:00,11.66,-0.03,127,148082,卖盘
2188,11:02:54,11.69,--,20,23380,买盘
2189,11:02:48,11.69,0.03,462,540078,买盘
2190,11:02:42,11.66,--,7,8162,卖盘
2191,11:02:33,11.66,-0.03,10,11660,卖盘
2192,11:02:21,11.69,--,68,79492,卖盘
2193,11:02:18,11.69,--,5,5845,卖盘
2194,11:02:15,11.69,--,24,28056,卖盘
2195,11:02:12,11.69,--,68,79492,买盘
2196,11:02:09,11.69,0.02,446,521374,买盘
2197,11:02:06,11.67,-0.01,39,45513,卖盘
2198,11:02:03,11.68,--,91,106288,卖盘
2199,11:01:57,11.68,--,16,18688,卖盘
2200,11:01:54,11.68,-0.01,7,8176,卖盘
2201,11:01:51,11.69,--,60,70140,卖盘
2202,11:01:48,11.69,--,200,233800,卖盘
2203,11:01:45,11.69,--,5,5845,卖盘
2204,11:01:39,11.69,--,29,33901,卖盘
2205,11:01:33,11.69,0.01,252,294588,买盘
2206,11:01:30,11.68,--,89,103952,卖盘
2207,11:01:24,11.68,--,13,15184,卖盘
2208,11:01:18,11.68,--,74,86432,卖盘
2209,11:01:06,11.68,-0.01,69,80592,卖盘
2210,11:01:00,11.69,-0.01,86,100534,卖盘
2211,11:00:57,11.7,--,35,40950,卖盘
2212,11:00:54,11.7,0.01,422,493739,买盘
2213,11:00:42,11.69,--,150,175350,卖盘
2214,11:00:36,11.69,--,56,65464,卖盘
2215,11:00:33,11.69,-0.01,5,5845,卖盘
2216,11:00:30,11.7,0.01,10,11700,买盘
2217,11:00:27,11.69,-0.01,165,192885,买盘
2218,11:00:21,11.7,0.02,357,417690,买盘
2219,11:00:18,11.68,--,483,564144,卖盘
2220,11:00:15,11.68,--,90,105120,卖盘
2221,11:00:12,11.68,-0.01,20,23360,卖盘
2222,11:00:06,11.69,--,6,7014,买盘
2223,10:59:57,11.69,--,59,68971,买盘
2224,10:59:54,11.69,--,604,706076,卖盘
2225,10:59:48,11.69,-0.01,3,3507,卖盘
2226,10:59:39,11.7,0.01,259,303030,买盘
2227,10:59:36,11.69,--,77,90013,买盘
2228,10:59:33,11.69,0.01,37,43253,买盘
2229,10:59:30,11.68,--,2,2336,卖盘
2230,10:59:27,11.68,--,89,103952,卖盘
2231,10:59:24,11.68,--,99,115632,卖盘
2232,10:59:21,11.68,--,200,233600,卖盘
2233,10:59:12,11.68,--,20,23360,卖盘
2234,10:59:09,11.68,-0.01,108,126144,卖盘
2235,10:59:00,11.69,0.01,701,819469,买盘
2236,10:58:57,11.68,--,100,116800,买盘
2237,10:58:51,11.68,0.01,55,64240,买盘
2238,10:58:48,11.67,--,5,5835,卖盘
2239,10:58:42,11.67,-0.01,50,58350,卖盘
2240,10:58:39,11.68,--,160,186880,买盘
2241,10:58:36,11.68,0.01,18,21024,买盘
2242,10:58:33,11.67,--,10,11670,卖盘
2243,10:58:27,11.67,--,1,1167,卖盘
2244,10:58:24,11.67,--,96,112032,卖盘
2245,10:58:21,11.67,--,81,94527,买盘
2246,10:58:18,11.67,0.01,58,67686,买盘
2247,10:58:15,11.66,-0.01,5,5830,卖盘
2248,10:58:00,11.67,--,45,52515,买盘
2249,10:57:54,11.67,-0.02,27,31509,卖盘
2250,10:57:51,11.69,--,87,102848,卖盘
2251,10:57:45,11.69,--,13,15197,卖盘
2252,10:57:42,11.69,--,356,416187,买盘
2253,10:57:39,11.69,0.02,6,7014,买盘
2254,10:57:36,11.67,-0.02,25,29175,卖盘
2255,10:57:33,11.69,--,6,7014,买盘
2256,10:57:30,11.69,--,146,170674,卖盘
2257,10:57:27,11.69,--,21,24549,卖盘
2258,10:57:24,11.69,--,146,170674,卖盘
2259,10:57:18,11.69,--,2,2338,卖盘
2260,10:57:15,11.69,--,6,7014,卖盘
2261,10:57:12,11.69,--,17,19873,卖盘
2262,10:57:09,11.69,-0.01,172,201068,卖盘
2263,10:57:06,11.7,0.01,1,1170,买盘
2264,10:57:03,11.69,0.01,93,108717,买盘
2265,10:57:00,11.68,-0.01,509,594512,卖盘
2266,10:56:51,11.69,-0.01,647,756343,卖盘
2267,10:56:45,11.7,--,332,388440,卖盘
2268,10:56:42,11.7,--,33,38610,卖盘
2269,10:56:33,11.7,--,70,81900,买盘
2270,10:56:27,11.7,--,495,579150,买盘
2271,10:56:24,11.7,--,11,12870,买盘
2272,10:56:21,11.7,--,9,10530,卖盘
2273,10:56:18,11.7,--,10,11700,卖盘
2274,10:56:15,11.7,-0.01,10,11700,中性盘
2275,10:56:12,11.71,--,366,429054,买盘
2276,10:56:06,11.71,0.01,3,3513,买盘
2277,10:56:03,11.7,-0.01,355,415350,卖盘
2278,10:56:00,11.71,--,57,66747,买盘
2279,10:55:57,11.71,0.01,527,617117,买盘
2280,10:55:54,11.7,--,30,35100,卖盘
2281,10:55:51,11.7,--,91,106470,卖盘
2282,10:55:48,11.7,0.01,77,90792,买盘
2283,10:55:45,11.69,-0.01,9,10521,卖盘
2284,10:55:42,11.7,0.01,505,590850,买盘
2285,10:55:36,11.69,-0.01,23,26887,卖盘
2286,10:55:33,11.7,--,6,7020,买盘
2287,10:55:30,11.7,0.01,37,43290,买盘
2288,10:55:24,11.69,--,28,32732,卖盘
2289,10:55:21,11.69,--,121,141449,卖盘
2290,10:55:15,11.69,-0.01,53,61957,卖盘
2291,10:55:12,11.7,0.01,50,58500,买盘
2292,10:55:09,11.69,--,461,538909,卖盘
2293,10:55:03,11.69,--,204,238476,卖盘
2294,10:55:00,11.69,--,5,5845,卖盘
2295,10:54:57,11.69,--,5,5845,卖盘
2296,10:54:54,11.69,--,22,25718,卖盘
2297,10:54:51,11.69,-0.01,93,108717,卖盘
2298,10:54:45,11.7,--,68,79560,买盘
2299,10:54:42,11.7,--,3,3510,买盘
2300,10:54:39,11.7,0.01,8,9360,买盘
2301,10:54:36,11.69,--,133,155477,卖盘
2302,10:54:33,11.69,-0.02,209,244321,卖盘
2303,10:54:30,11.71,0.01,313,366523,买盘
2304,10:54:27,11.7,--,30,35100,卖盘
2305,10:54:24,11.7,--,19,22230,卖盘
2306,10:54:21,11.7,--,223,260909,卖盘
2307,10:54:18,11.7,--,14,16379,卖盘
2308,10:54:15,11.7,--,105,122849,卖盘
2309,10:54:12,11.7,--,20,23400,卖盘
2310,10:54:09,11.7,--,167,195390,卖盘
2311,10:54:06,11.7,--,15,17550,卖盘
2312,10:54:03,11.7,-0.01,40,46800,卖盘
2313,10:54:00,11.71,--,103,120613,买盘
2314,10:53:57,11.71,0.02,396,463716,买盘
2315,10:53:54,11.69,--,34,39746,卖盘
2316,10:53:51,11.69,--,200,233800,卖盘
2317,10:53:48,11.69,--,81,94689,卖盘
2318,10:53:45,11.69,0.01,67,78323,买盘
2319,10:53:42,11.68,--,373,435664,卖盘
2320,10:53:39,11.68,-0.01,5,5840,卖盘
2321,10:53:36,11.69,--,178,208082,买盘
2322,10:53:33,11.69,0.01,49,57281,买盘
2323,10:53:30,11.68,-0.01,106,123808,卖盘
2324,10:53:24,11.69,-0.01,1224,1430856,卖盘
2325,10:53:12,11.7,--,122,142740,卖盘
2326,10:53:09,11.7,--,28,32759,卖盘
2327,10:53:03,11.7,-0.01,77,90090,卖盘
2328,10:53:00,11.71,0.01,5,5855,买盘
2329,10:52:57,11.7,--,5,5850,卖盘
2330,10:52:54,11.7,-0.01,149,174330,卖盘
2331,10:52:51,11.71,0.01,15,17565,买盘
2332,10:52:48,11.7,-0.01,80,93600,卖盘
2333,10:52:45,11.71,--,165,193215,买盘
2334,10:52:36,11.71,0.01,47,55037,买盘
2335,10:52:33,11.7,--,57,66690,卖盘
2336,10:52:30,11.7,--,236,276120,卖盘
2337,10:52:27,11.7,--,285,333450,买盘
2338,10:52:24,11.7,--,8,9360,买盘
2339,10:52:18,11.7,--,21,24570,买盘
2340,10:52:15,11.7,-0.01,333,389610,卖盘
2341,10:52:12,11.71,0.01,61,71431,买盘
2342,10:52:09,11.7,--,56,65519,卖盘
2343,10:52:06,11.7,-0.01,62,72540,卖盘
2344,10:52:03,11.71,0.01,258,302118,买盘
2345,10:52:00,11.7,-0.01,2,2340,中性盘
2346,10:51:54,11.71,0.02,2,2342,买盘
2347,10:51:48,11.69,-0.02,131,153139,卖盘
2348,10:51:45,11.71,--,239,279869,卖盘
2349,10:51:42,11.71,--,2,2342,卖盘
2350,10:51:39,11.71,--,45,52695,卖盘
2351,10:51:36,11.71,0.01,479,560909,买盘
2352,10:51:33,11.7,-0.01,3,3510,卖盘
2353,10:51:30,11.71,--,4,4684,买盘
2354,10:51:27,11.71,--,8,9368,买盘
2355,10:51:18,11.71,0.01,358,419218,买盘
2356,10:51:15,11.7,-0.01,417,488123,卖盘
2357,10:51:12,11.71,--,2,2342,买盘
2358,10:51:09,11.71,--,54,63234,买盘
2359,10:51:06,11.71,0.01,109,127639,买盘
2360,10:51:03,11.7,-0.02,11,12870,卖盘
2361,10:51:00,11.72,0.01,214,250808,买盘
2362,10:50:57,11.71,0.01,100,117100,买盘
2363,10:50:54,11.7,-0.01,79,92430,卖盘
2364,10:50:51,11.71,0.01,20,23420,买盘
2365,10:50:45,11.7,--,122,142740,卖盘
2366,10:50:42,11.7,0.01,636,745056,买盘
2367,10:50:39,11.69,0.01,2,2338,中性盘
2368,10:50:33,11.68,-0.02,9,10512,卖盘
2369,10:50:30,11.7,0.02,10,11700,买盘
2370,10:50:27,11.68,--,3,3504,卖盘
2371,10:50:21,11.68,0.01,57,66576,卖盘
2372,10:50:15,11.67,-0.02,112,130704,卖盘
2373,10:50:12,11.69,--,40,46760,买盘
2374,10:50:06,11.69,--,15,17535,买盘
2375,10:50:00,11.69,0.01,72,84168,买盘
2376,10:49:54,11.68,--,80,93440,买盘
2377,10:49:51,11.68,--,5,5840,买盘
2378,10:49:48,11.68,0.01,6,7008,买盘
2379,10:49:45,11.67,-0.01,30,35010,卖盘
2380,10:49:42,11.68,-0.02,37,43216,买盘
2381,10:49:36,11.7,0.03,1500,1755000,买盘
2382,10:49:33,11.67,-0.01,92,107364,卖盘
2383,10:49:30,11.68,--,111,129648,卖盘
2384,10:49:27,11.68,-0.01,11,12848,卖盘
2385,10:49:24,11.69,--,20,23380,买盘
2386,10:49:21,11.69,0.01,123,143787,买盘
2387,10:49:18,11.68,-0.01,10,11680,卖盘
2388,10:49:15,11.69,0.01,13,15197,买盘
2389,10:49:12,11.68,-0.01,69,80592,卖盘
2390,10:49:09,11.69,0.01,6,7014,买盘
2391,10:49:06,11.68,--,7,8176,卖盘
2392,10:49:03,11.68,-0.01,20,23360,卖盘
2393,10:49:00,11.69,0.01,96,112224,买盘
2394,10:48:57,11.68,--,3,3504,卖盘
2395,10:48:54,11.68,-0.01,758,885344,卖盘
2396,10:48:51,11.69,0.01,10,11690,买盘
2397,10:48:48,11.68,--,17,19856,卖盘
2398,10:48:45,11.68,-0.01,10,11680,卖盘
2399,10:48:42,11.69,0.01,265,309785,买盘
2400,10:48:39,11.68,-0.01,89,104652,卖盘
2401,10:48:36,11.69,--,11,12859,买盘
2402,10:48:33,11.69,0.01,1,1169,买盘
2403,10:48:30,11.68,--,30,35040,卖盘
2404,10:48:27,11.68,-0.01,32,37376,卖盘
2405,10:48:21,11.69,--,119,139111,买盘
2406,10:48:18,11.69,0.01,10,11690,买盘
2407,10:48:15,11.68,-0.01,104,121472,卖盘
2408,10:48:12,11.69,--,136,158984,买盘
2409,10:48:06,11.69,--,45,52605,买盘
2410,10:48:03,11.69,--,1,1169,买盘
2411,10:48:00,11.69,0.01,200,233800,买盘
2412,10:47:57,11.68,--,6,7008,卖盘
2413,10:47:54,11.68,-0.01,61,71248,卖盘
2414,10:47:51,11.69,--,10,11690,买盘
2415,10:47:48,11.69,--,13,15197,买盘
2416,10:47:45,11.69,0.01,1,1169,买盘
2417,10:47:42,11.68,-0.01,62,72416,卖盘
2418,10:47:39,11.69,-0.01,17,19873,卖盘
2419,10:47:36,11.7,0.01,218,255059,买盘
2420,10:47:30,11.69,0.01,52,60788,买盘
2421,10:47:27,11.68,-0.01,18,21024,卖盘
2422,10:47:24,11.69,0.01,81,94689,买盘
2423,10:47:21,11.68,--,51,59568,卖盘
2424,10:47:18,11.68,--,26,30368,卖盘
2425,10:47:15,11.68,--,563,657584,卖盘
2426,10:47:12,11.68,--,15,17520,卖盘
2427,10:47:09,11.68,--,10,11680,卖盘
2428,10:47:06,11.68,-0.01,12,14483,卖盘
2429,10:47:03,11.69,0.01,159,185871,买盘
2430,10:47:00,11.68,--,15,17520,买盘
2431,10:46:54,11.68,--,229,267472,买盘
2432,10:46:51,11.68,0.01,37,43216,买盘
2433,10:46:48,11.67,-0.01,2,2334,卖盘
2434,10:46:45,11.68,0.01,64,75219,买盘
2435,10:46:36,11.67,--,6,7235,买盘
2436,10:46:33,11.67,0.01,300,350100,买盘
2437,10:46:30,11.66,--,46,53636,买盘
2438,10:46:24,11.66,--,8,9328,买盘
2439,10:46:18,11.66,-0.01,19,23086,卖盘
2440,10:46:15,11.67,0.01,144,168514,买盘
2441,10:46:06,11.66,--,146,170236,卖盘
2442,10:46:00,11.66,--,1017,1185822,卖盘
2443,10:45:57,11.66,-0.01,31,36612,卖盘
2444,10:45:54,11.67,0.01,112,130704,买盘
2445,10:45:51,11.66,--,33,38478,卖盘
2446,10:45:48,11.66,-0.01,5,5830,卖盘
2447,10:45:45,11.67,0.01,53,61851,买盘
2448,10:45:42,11.66,-0.01,106,123596,卖盘
2449,10:45:39,11.67,0.01,45,52515,买盘
2450,10:45:36,11.66,--,182,212351,卖盘
2451,10:45:33,11.66,--,38,44634,卖盘
2452,10:45:30,11.66,-0.01,10,11660,卖盘
2453,10:45:24,11.67,0.01,79,92193,买盘
2454,10:45:21,11.66,0.02,52,60632,中性盘
2455,10:45:15,11.64,-0.01,97,112908,卖盘
2456,10:45:12,11.65,-0.01,89,103685,卖盘
2457,10:45:09,11.66,0.01,67,78122,买盘
2458,10:45:06,11.65,--,8,9320,卖盘
2459,10:45:03,11.65,-0.02,1,1165,中性盘
2460,10:45:00,11.67,0.02,331,386277,买盘
2461,10:44:57,11.65,--,4,4660,买盘
2462,10:44:54,11.65,0.01,63,73395,买盘
2463,10:44:51,11.64,-0.01,8,9312,卖盘
2464,10:44:48,11.65,--,1,1165,卖盘
2465,10:44:45,11.65,-0.02,36,41940,卖盘
2466,10:44:39,11.67,0.02,62,72354,买盘
2467,10:44:36,11.65,--,57,66638,买盘
2468,10:44:33,11.65,-0.02,258,301502,卖盘
2469,10:44:30,11.67,0.02,13,15171,买盘
2470,10:44:27,11.65,-0.01,1,1165,卖盘
2471,10:44:24,11.66,-0.01,195,227370,中性盘
2472,10:44:18,11.67,0.02,270,315090,买盘
2473,10:44:15,11.65,-0.01,616,717640,卖盘
2474,10:44:12,11.66,0.01,44,51304,买盘
2475,10:44:09,11.65,--,57,66638,买盘
2476,10:44:06,11.65,--,148,172420,买盘
2477,10:44:03,11.65,--,24,27960,买盘
2478,10:43:57,11.65,0.01,20,23300,买盘
2479,10:43:54,11.64,-0.01,1,1164,卖盘
2480,10:43:51,11.65,-0.01,19,23067,卖盘
2481,10:43:48,11.66,0.01,25,29383,买盘
2482,10:43:45,11.65,--,12,13980,买盘
2483,10:43:42,11.65,--,44,51260,买盘
2484,10:43:36,11.65,--,504,587160,买盘
2485,10:43:33,11.65,--,19,22135,买盘
2486,10:43:30,11.65,--,2,2330,买盘
2487,10:43:27,11.65,--,15,17475,买盘
2488,10:43:24,11.65,--,20,23300,买盘
2489,10:43:21,11.65,0.01,10,11650,买盘
2490,10:43:18,11.64,--,6,6984,卖盘
2491,10:43:15,11.64,--,7,8148,卖盘
2492,10:43:12,11.64,--,41,47724,卖盘
2493,10:43:03,11.64,--,61,71004,卖盘
2494,10:43:00,11.64,--,78,90792,卖盘
2495,10:42:57,11.64,--,289,336861,买盘
2496,10:42:48,11.64,--,102,118728,买盘
2497,10:42:42,11.64,--,6,6984,买盘
2498,10:42:36,11.64,0.01,2,2328,买盘
2499,10:42:33,11.63,--,28,32564,卖盘
2500,10:42:30,11.63,--,12,14653,买盘
2501,10:42:21,11.63,--,54,62802,买盘
2502,10:42:18,11.63,--,4,4652,买盘
2503,10:42:06,11.63,--,20,23260,买盘
2504,10:42:03,11.63,--,9,10467,买盘
2505,10:41:57,11.63,0.01,2,2326,买盘
2506,10:41:54,11.62,--,47,54613,买盘
2507,10:41:48,11.62,--,1,1162,买盘
2508,10:41:45,11.62,--,6,6971,买盘
2509,10:41:42,11.62,0.02,7,8133,中性盘
2510,10:41:36,11.6,-0.03,36,41760,卖盘
2511,10:41:30,11.63,0.01,174,202362,买盘
2512,10:41:21,11.62,0.02,37,42994,买盘
2513,10:41:18,11.6,--,1479,1716695,买盘
2514,10:41:15,11.6,--,50,58000,买盘
2515,10:41:12,11.6,--,27,31320,买盘
2516,10:41:09,11.6,--,252,292320,买盘
2517,10:41:03,11.6,--,43,49880,买盘
2518,10:41:00,11.6,-0.02,1355,1571904,卖盘
2519,10:40:57,11.62,-0.01,33,38346,卖盘
2520,10:40:54,11.63,0.01,72,83736,买盘
2521,10:40:51,11.62,-0.01,301,349762,卖盘
2522,10:40:48,11.63,--,51,59313,买盘
2523,10:40:45,11.63,0.01,229,266327,买盘
2524,10:40:42,11.62,-0.01,7,8133,卖盘
2525,10:40:39,11.63,--,14,16282,买盘
2526,10:40:36,11.63,0.01,36,41868,买盘
2527,10:40:33,11.62,--,111,128981,卖盘
2528,10:40:30,11.62,-0.01,13,15105,卖盘
2529,10:40:24,11.63,--,16,18608,买盘
2530,10:40:18,11.63,--,1,1163,买盘
2531,10:40:09,11.63,--,6,6978,买盘
2532,10:40:03,11.63,--,15,17445,买盘
2533,10:40:00,11.63,--,12,13956,买盘
2534,10:39:57,11.63,0.01,64,74432,买盘
2535,10:39:54,11.62,--,1,1162,卖盘
2536,10:39:45,11.62,-0.01,3,3485,卖盘
2537,10:39:39,11.63,--,7,8141,买盘
2538,10:39:36,11.63,--,1,1163,买盘
2539,10:39:33,11.63,0.01,12,13956,买盘
2540,10:39:30,11.62,-0.01,10,11620,卖盘
2541,10:39:24,11.63,--,1,1163,买盘
2542,10:39:18,11.63,--,6,6978,买盘
2543,10:39:15,11.63,0.01,1,1163,买盘
2544,10:39:12,11.62,-0.01,5,5810,卖盘
2545,10:39:03,11.63,--,5,5815,买盘
2546,10:39:00,11.63,0.01,4,4652,买盘
2547,10:38:57,11.62,-0.01,22,25564,卖盘
2548,10:38:54,11.63,0.01,12,13956,买盘
2549,10:38:48,11.62,--,5,5810,卖盘
2550,10:38:45,11.62,--,38,44156,卖盘
2551,10:38:39,11.62,--,18,20916,卖盘
2552,10:38:36,11.62,-0.01,103,119685,卖盘
2553,10:38:33,11.63,0.01,7,8141,买盘
2554,10:38:30,11.62,-0.01,8,9296,卖盘
2555,10:38:27,11.63,--,30,34890,买盘
2556,10:38:18,11.63,--,2,2326,买盘
2557,10:38:12,11.63,--,5,5815,买盘
2558,10:38:09,11.63,0.01,4,4652,买盘
2559,10:38:06,11.62,-0.01,10,11620,卖盘
2560,10:38:00,11.63,--,10,11630,买盘
2561,10:37:57,11.63,0.01,7,8141,买盘
2562,10:37:48,11.62,-0.01,22,25564,卖盘
2563,10:37:36,11.63,--,2,2326,买盘
2564,10:37:33,11.63,--,10,11630,买盘
2565,10:37:27,11.63,-0.01,10,11630,卖盘
2566,10:37:24,11.64,--,38,44232,买盘
2567,10:37:18,11.64,0.02,33,38412,买盘
2568,10:37:15,11.62,-0.02,12,13943,卖盘
2569,10:37:12,11.64,0.02,12,13968,买盘
2570,10:37:09,11.62,-0.02,103,119685,卖盘
2571,10:37:06,11.64,--,5,5820,买盘
2572,10:37:03,11.64,--,55,64020,买盘
2573,10:36:57,11.64,--,25,29100,买盘
2574,10:36:51,11.64,0.01,94,109416,买盘
2575,10:36:45,11.63,--,285,331455,卖盘
2576,10:36:42,11.63,-0.01,185,215155,卖盘
2577,10:36:39,11.64,--,68,79152,买盘
2578,10:36:36,11.64,--,106,123384,买盘
2579,10:36:33,11.64,0.01,13,15132,买盘
2580,10:36:30,11.63,-0.01,24,27912,卖盘
2581,10:36:27,11.64,--,4,4656,买盘
2582,10:36:21,11.64,0.01,9,10476,买盘
2583,10:36:18,11.63,-0.01,86,100018,卖盘
2584,10:36:15,11.64,0.01,66,76824,买盘
2585,10:36:12,11.63,-0.01,31,36053,卖盘
2586,10:36:09,11.64,--,24,27936,买盘
2587,10:36:06,11.64,--,300,349200,买盘
2588,10:36:00,11.64,--,40,46560,买盘
2589,10:35:57,11.64,--,8,9312,买盘
2590,10:35:54,11.64,--,25,29100,买盘
2591,10:35:51,11.64,--,85,98940,买盘
2592,10:35:48,11.64,--,30,34920,买盘
2593,10:35:45,11.64,--,10,11640,买盘
2594,10:35:42,11.64,0.01,48,55872,买盘
2595,10:35:39,11.63,-0.01,2,2326,卖盘
2596,10:35:30,11.64,--,88,102432,买盘
2597,10:35:27,11.64,--,168,195552,买盘
2598,10:35:24,11.64,0.01,3,3492,买盘
2599,10:35:21,11.63,--,17,19771,卖盘
2600,10:35:18,11.63,-0.01,3,3489,卖盘
2601,10:35:15,11.64,--,28,32592,买盘
2602,10:35:12,11.64,0.01,10,11640,买盘
2603,10:35:06,11.63,-0.01,37,43031,卖盘
2604,10:35:03,11.64,--,50,58200,买盘
2605,10:35:00,11.64,0.01,17,19788,买盘
2606,10:34:54,11.63,-0.01,37,43031,卖盘
2607,10:34:51,11.64,0.01,16,18624,买盘
2608,10:34:48,11.63,--,33,38379,卖盘
2609,10:34:45,11.63,-0.01,19,22097,卖盘
2610,10:34:42,11.64,0.01,15,17460,买盘
2611,10:34:39,11.63,--,1,1163,卖盘
2612,10:34:36,11.63,--,57,66291,卖盘
2613,10:34:33,11.63,--,4,4652,卖盘
2614,10:34:30,11.63,--,129,150027,卖盘
2615,10:34:27,11.63,--,3,3489,卖盘
2616,10:34:24,11.63,--,13,15119,卖盘
2617,10:34:21,11.63,0.01,231,268653,买盘
2618,10:34:15,11.62,-0.01,11,12782,卖盘
2619,10:34:12,11.63,0.01,16,18608,买盘
2620,10:34:09,11.62,-0.01,1,1162,卖盘
2621,10:34:06,11.63,--,11,12793,买盘
2622,10:34:03,11.63,--,1,1163,买盘
2623,10:34:00,11.63,--,6,6978,买盘
2624,10:33:57,11.63,--,45,52335,买盘
2625,10:33:54,11.63,--,4,4652,买盘
2626,10:33:51,11.63,--,20,23260,买盘
2627,10:33:45,11.63,0.01,100,116300,买盘
2628,10:33:36,11.62,--,2,2324,买盘
2629,10:33:30,11.62,--,7,8133,中性盘
2630,10:33:24,11.62,-0.01,31,36022,中性盘
2631,10:33:15,11.63,--,8,9304,买盘
2632,10:33:12,11.63,--,2,2326,买盘
2633,10:33:09,11.63,--,15,17445,买盘
2634,10:33:06,11.63,0.02,19,22097,买盘
2635,10:33:03,11.61,-0.02,5,5805,卖盘
2636,10:33:00,11.63,0.02,73,84899,买盘
2637,10:32:57,11.61,-0.01,1,1161,卖盘
2638,10:32:54,11.62,--,34,39508,买盘
2639,10:32:51,11.62,--,36,41832,买盘
2640,10:32:48,11.62,-0.01,12,13943,卖盘
2641,10:32:45,11.63,0.02,10,11630,买盘
2642,10:32:42,11.61,-0.01,173,200853,卖盘
2643,10:32:39,11.62,0.01,15,17430,买盘
2644,10:32:36,11.61,--,18,20898,卖盘
2645,10:32:33,11.61,-0.01,10,11610,卖盘
2646,10:32:30,11.62,0.01,5,5810,买盘
2647,10:32:27,11.61,-0.01,15,17415,卖盘
2648,10:32:24,11.62,--,1,1162,买盘
2649,10:32:21,11.62,--,22,25564,买盘
2650,10:32:18,11.62,--,9,10458,买盘
2651,10:32:09,11.62,--,6,6971,买盘
2652,10:32:06,11.62,0.01,7,8133,买盘
2653,10:32:03,11.61,0.01,13,15093,买盘
2654,10:32:00,11.6,-0.01,31,35960,卖盘
2655,10:31:57,11.61,0.01,4,4644,买盘
2656,10:31:48,11.6,-0.01,117,135720,卖盘
2657,10:31:45,11.61,0.01,17,19737,买盘
2658,10:31:42,11.6,-0.01,22,25520,卖盘
2659,10:31:39,11.61,--,50,58050,买盘
2660,10:31:36,11.61,--,30,34830,买盘
2661,10:31:27,11.61,--,1,1161,买盘
2662,10:31:24,11.61,--,8,9288,买盘
2663,10:31:21,11.61,0.01,37,42957,卖盘
2664,10:31:15,11.6,-0.03,12,13920,卖盘
2665,10:31:12,11.63,0.03,1000,1163000,买盘
2666,10:31:00,11.6,-0.02,10,11600,卖盘
2667,10:30:57,11.62,0.02,17,19754,买盘
2668,10:30:51,11.6,--,15,17400,卖盘
2669,10:30:48,11.6,-0.01,1104,1280640,卖盘
2670,10:30:39,11.61,0.02,195,227451,买盘
2671,10:30:36,11.59,--,210,243390,卖盘
2672,10:30:33,11.59,-0.01,12,13908,卖盘
2673,10:30:27,11.6,--,11,12760,买盘
2674,10:30:24,11.6,0.01,30,34800,买盘
2675,10:30:12,11.59,-0.01,36,41724,卖盘
2676,10:30:09,11.6,0.01,9,10440,买盘
2677,10:30:06,11.59,--,16,18544,卖盘
2678,10:30:03,11.59,--,105,121695,卖盘
2679,10:30:00,11.59,--,13,15067,卖盘
2680,10:29:57,11.59,--,9,10431,卖盘
2681,10:29:48,11.59,--,10,11590,卖盘
2682,10:29:45,11.59,-0.01,1,1159,卖盘
2683,10:29:42,11.6,--,5,5800,买盘
2684,10:29:39,11.6,0.01,5,5800,买盘
2685,10:29:33,11.59,--,143,165737,卖盘
2686,10:29:24,11.59,--,44,50996,卖盘
2687,10:29:12,11.59,-0.01,9,10431,卖盘
2688,10:29:09,11.6,0.01,4,4640,买盘
2689,10:29:06,11.59,-0.01,6,6954,卖盘
2690,10:29:03,11.6,--,100,116000,买盘
2691,10:28:54,11.6,--,145,168200,买盘
2692,10:28:48,11.6,0.01,16,18560,买盘
2693,10:28:42,11.59,-0.01,20,23180,卖盘
2694,10:28:39,11.6,--,50,58000,买盘
2695,10:28:36,11.6,0.01,1,1160,买盘
2696,10:28:30,11.59,-0.01,67,77653,卖盘
2697,10:28:24,11.6,--,8,9280,买盘
2698,10:28:18,11.6,0.01,148,171680,买盘
2699,10:28:06,11.59,--,10,11590,卖盘
2700,10:27:57,11.59,--,1,1159,卖盘
2701,10:27:48,11.59,--,10,11590,卖盘
2702,10:27:45,11.59,-0.01,1,1159,卖盘
2703,10:27:42,11.6,--,9,10440,买盘
2704,10:27:33,11.6,0.02,181,209960,买盘
2705,10:27:30,11.58,-0.02,1,1158,卖盘
2706,10:27:18,11.6,0.02,20,23200,买盘
2707,10:27:09,11.58,--,23,26634,卖盘
2708,10:27:06,11.58,--,11,12738,卖盘
2709,10:26:54,11.58,--,103,119274,卖盘
2710,10:26:51,11.58,-0.01,10,11580,卖盘
2711,10:26:48,11.59,--,12,13908,买盘
2712,10:26:45,11.59,--,2,2318,买盘
2713,10:26:42,11.59,--,19,22021,卖盘
2714,10:26:36,11.59,--,66,76494,卖盘
2715,10:26:33,11.59,--,15,17385,卖盘
2716,10:26:30,11.59,--,20,23180,卖盘
2717,10:26:15,11.59,--,4,4636,卖盘
2718,10:26:06,11.59,-0.01,10,11590,卖盘
2719,10:26:03,11.6,0.01,128,148480,买盘
2720,10:26:00,11.59,--,18,20862,卖盘
2721,10:25:57,11.59,--,5,5795,卖盘
2722,10:25:54,11.59,0.01,49,56791,买盘
2723,10:25:51,11.58,--,50,57900,卖盘
2724,10:25:48,11.58,-0.01,22,25476,卖盘
2725,10:25:45,11.59,--,9,10431,买盘
2726,10:25:42,11.59,--,150,173850,买盘
2727,10:25:36,11.59,0.01,1,1159,买盘
2728,10:25:33,11.58,--,28,32424,卖盘
2729,10:25:30,11.58,-0.01,53,61374,卖盘
2730,10:25:24,11.59,--,8,9272,买盘
2731,10:25:21,11.59,0.01,10,11590,买盘
2732,10:25:18,11.58,-0.01,4,4632,卖盘
2733,10:25:09,11.59,--,23,26657,卖盘
2734,10:25:06,11.59,--,15,17385,卖盘
2735,10:24:54,11.59,--,10,11590,卖盘
2736,10:24:39,11.59,--,2,2318,卖盘
2737,10:24:33,11.59,0.01,58,67222,买盘
2738,10:24:30,11.58,--,34,39372,卖盘
2739,10:24:27,11.58,--,2,2316,卖盘
2740,10:24:24,11.58,-0.01,1,1158,卖盘
2741,10:24:21,11.59,0.01,5,5795,买盘
2742,10:24:18,11.58,--,1,1158,卖盘
2743,10:24:12,11.58,-0.01,14,16212,卖盘
2744,10:24:09,11.59,-0.01,5,5795,卖盘
2745,10:24:06,11.6,0.02,83,96280,买盘
2746,10:24:03,11.58,-0.01,400,463200,卖盘
2747,10:24:00,11.59,--,1,1159,卖盘
2748,10:23:57,11.59,--,10,11590,卖盘
2749,10:23:54,11.59,-0.01,15,17385,卖盘
2750,10:23:39,11.6,0.01,24,27840,买盘
2751,10:23:27,11.59,--,8,9272,卖盘
2752,10:23:24,11.59,--,1,1159,卖盘
2753,10:23:18,11.59,--,1,1159,卖盘
2754,10:23:15,11.59,-0.01,92,106628,卖盘
2755,10:23:12,11.6,--,3,3480,买盘
2756,10:23:09,11.6,--,176,204160,买盘
2757,10:23:06,11.6,--,119,138040,买盘
2758,10:23:03,11.6,0.01,1,1160,买盘
2759,10:22:48,11.59,-0.01,22,25498,卖盘
2760,10:22:45,11.6,0.01,3,3480,买盘
2761,10:22:42,11.59,-0.01,3,3477,卖盘
2762,10:22:24,11.6,0.01,16,18560,买盘
2763,10:22:09,11.59,--,20,23180,买盘
2764,10:22:06,11.59,--,10,11590,买盘
2765,10:22:03,11.59,0.01,10,11590,买盘
2766,10:21:51,11.58,-0.01,2,2316,卖盘
2767,10:21:45,11.59,0.01,100,115900,买盘
2768,10:21:42,11.58,-0.01,3,3474,卖盘
2769,10:21:39,11.59,--,10,11590,买盘
2770,10:21:33,11.59,--,15,17385,买盘
2771,10:21:21,11.59,--,3,3477,买盘
2772,10:21:15,11.59,--,32,37088,买盘
2773,10:21:12,11.59,-0.01,59,68381,卖盘
2774,10:21:09,11.6,0.01,15,17400,买盘
2775,10:21:06,11.59,--,3,3477,卖盘
2776,10:20:57,11.59,--,24,27816,卖盘
2777,10:20:54,11.59,--,51,59109,卖盘
2778,10:20:51,11.59,--,23,26657,卖盘
2779,10:20:48,11.59,--,1,1159,卖盘
2780,10:20:30,11.59,0.01,25,28975,买盘
2781,10:20:21,11.58,--,30,34740,卖盘
2782,10:20:12,11.58,--,3,3474,卖盘
2783,10:20:09,11.58,-0.01,15,17370,卖盘
2784,10:20:06,11.59,0.01,41,47519,买盘
2785,10:20:03,11.58,--,10,11580,卖盘
2786,10:20:00,11.58,0.01,13,15054,买盘
2787,10:19:57,11.57,--,24,27768,卖盘
2788,10:19:51,11.57,-0.01,6,6942,卖盘
2789,10:19:48,11.58,0.01,16,18528,买盘
