,time,price,change,volume,amount,type
0,15:00:03,7.02,--,8410,5904514,卖盘
1,14:57:00,7.02,--,887,622681,卖盘
2,14:56:57,7.02,--,238,167076,卖盘
3,14:56:54,7.02,--,58,41410,卖盘
4,14:56:51,7.02,--,463,325026,卖盘
5,14:56:48,7.02,--,178,124955,卖盘
6,14:56:45,7.02,--,336,235872,卖盘
7,14:56:42,7.02,--,232,162864,卖盘
8,14:56:39,7.02,--,100,70200,卖盘
9,14:56:36,7.02,0.01,706,495611,买盘
10,14:56:33,7.01,-0.02,3090,2166328,卖盘
11,14:56:30,7.03,0.01,553,388759,买盘
12,14:56:27,7.02,--,123,86346,卖盘
13,14:56:24,7.02,--,1784,1252943,买盘
14,14:56:21,7.02,--,616,432432,买盘
15,14:56:18,7.02,0.01,32,22464,买盘
16,14:56:15,7.01,-0.01,122,85522,卖盘
17,14:56:12,7.02,0.01,63,44226,买盘
18,14:56:09,7.01,-0.01,397,278297,卖盘
19,14:56:06,7.02,0.01,669,469638,买盘
20,14:56:03,7.01,--,303,212403,卖盘
21,14:56:00,7.01,-0.01,280,196280,卖盘
22,14:55:57,7.02,0.01,150,105300,买盘
23,14:55:54,7.01,-0.01,224,157024,卖盘
24,14:55:51,7.02,0.01,200,140400,买盘
25,14:55:48,7.01,-0.01,53,37153,卖盘
26,14:55:45,7.02,--,11,7721,买盘
27,14:55:42,7.02,0.01,403,282906,买盘
28,14:55:39,7.01,-0.01,204,143004,卖盘
29,14:55:36,7.02,0.01,301,211302,买盘
30,14:55:33,7.01,-0.01,219,153519,卖盘
31,14:55:30,7.02,--,109,76518,买盘
32,14:55:27,7.02,--,48,33696,买盘
33,14:55:24,7.02,--,197,138294,买盘
34,14:55:21,7.02,--,200,140400,买盘
35,14:55:18,7.02,--,61,42822,买盘
36,14:55:15,7.02,--,151,106002,买盘
37,14:55:12,7.02,--,222,155844,卖盘
38,14:55:09,7.02,--,219,153738,卖盘
39,14:55:06,7.02,--,202,141804,卖盘
40,14:55:03,7.02,--,391,274482,卖盘
41,14:55:00,7.02,-0.01,136,95472,卖盘
42,14:54:57,7.03,0.01,257,180671,买盘
43,14:54:54,7.02,--,103,72306,卖盘
44,14:54:51,7.02,-0.01,225,157950,卖盘
45,14:54:48,7.03,0.01,224,157472,买盘
46,14:54:45,7.02,--,725,509539,买盘
47,14:54:42,7.02,0.01,179,125657,买盘
48,14:54:39,7.01,-0.01,390,273390,卖盘
49,14:54:36,7.02,--,283,198778,卖盘
50,14:54:33,7.02,0.01,452,317893,买盘
51,14:54:30,7.01,-0.01,429,300729,卖盘
52,14:54:27,7.02,--,276,193752,买盘
53,14:54:24,7.02,--,570,400140,买盘
54,14:54:21,7.02,--,153,107406,买盘
55,14:54:18,7.02,--,1460,1024919,买盘
56,14:54:15,7.02,0.01,75,52650,买盘
57,14:54:12,7.01,-0.01,121,84821,卖盘
58,14:54:09,7.02,--,71,49842,买盘
59,14:54:06,7.02,--,323,226963,卖盘
60,14:54:03,7.02,--,2271,1594242,卖盘
61,14:54:00,7.02,-0.01,3949,2772198,卖盘
62,14:53:57,7.03,0.01,64,44992,买盘
63,14:53:54,7.02,-0.01,335,235170,卖盘
64,14:53:51,7.03,--,365,256595,买盘
65,14:53:48,7.03,0.01,170,119510,买盘
66,14:53:45,7.02,--,602,422604,卖盘
67,14:53:42,7.02,--,2793,1960685,卖盘
68,14:53:39,7.02,-0.01,20,14040,卖盘
69,14:53:36,7.03,--,306,215118,买盘
70,14:53:33,7.03,0.01,889,624967,买盘
71,14:53:30,7.02,-0.01,171,120041,卖盘
72,14:53:27,7.03,--,4922,3460629,卖盘
73,14:53:24,7.03,--,286,201058,卖盘
74,14:53:21,7.03,--,19,13357,卖盘
75,14:53:18,7.03,--,41,28823,卖盘
76,14:53:15,7.03,--,220,154660,卖盘
77,14:53:12,7.03,--,47,33041,卖盘
78,14:53:09,7.03,--,137,96311,卖盘
79,14:53:06,7.03,--,30,21090,卖盘
80,14:53:03,7.03,-0.01,186,130758,卖盘
81,14:53:00,7.04,0.01,30,21120,买盘
82,14:52:57,7.03,--,40,28120,卖盘
83,14:52:54,7.03,-0.01,856,601768,卖盘
84,14:52:51,7.04,--,36,25344,买盘
85,14:52:48,7.04,--,86,60544,买盘
86,14:52:45,7.04,0.01,40,28160,买盘
87,14:52:42,7.03,--,71,49913,卖盘
88,14:52:39,7.03,-0.01,147,103341,卖盘
89,14:52:36,7.04,0.01,167,117568,买盘
90,14:52:33,7.03,--,10,7030,卖盘
91,14:52:30,7.03,--,117,82251,卖盘
92,14:52:27,7.03,-0.01,83,58349,卖盘
93,14:52:24,7.04,0.01,75,52800,买盘
94,14:52:21,7.03,-0.01,134,94202,卖盘
95,14:52:18,7.04,--,175,123763,买盘
96,14:52:15,7.04,--,78,54912,买盘
97,14:52:12,7.04,0.01,163,114752,买盘
98,14:52:09,7.03,-0.01,28,19684,卖盘
99,14:52:06,7.04,0.01,127,89408,买盘
100,14:52:03,7.03,--,89,62567,卖盘
101,14:52:00,7.03,-0.01,181,127243,卖盘
102,14:51:57,7.04,0.01,100,70400,买盘
103,14:51:54,7.03,--,71,49913,卖盘
104,14:51:51,7.03,--,4,2812,卖盘
105,14:51:48,7.03,-0.01,95,66785,卖盘
106,14:51:45,7.04,0.01,97,68288,买盘
107,14:51:42,7.03,--,272,191216,卖盘
108,14:51:39,7.03,--,67,47480,卖盘
109,14:51:36,7.03,-0.01,14,9842,卖盘
110,14:51:33,7.04,0.01,86,60544,买盘
111,14:51:30,7.03,--,139,97717,卖盘
112,14:51:27,7.03,-0.01,1,703,卖盘
113,14:51:24,7.04,0.01,120,84480,买盘
114,14:51:21,7.03,--,575,404225,卖盘
115,14:51:18,7.03,--,139,97717,卖盘
116,14:51:15,7.03,-0.01,61,42883,卖盘
117,14:51:12,7.04,0.01,17,11968,买盘
118,14:51:09,7.03,--,53,37259,卖盘
119,14:51:06,7.03,--,367,258001,卖盘
120,14:51:03,7.03,--,140,98420,卖盘
121,14:51:00,7.03,-0.01,71,49913,卖盘
122,14:50:57,7.04,--,30,21120,买盘
123,14:50:54,7.04,0.01,1159,815936,买盘
124,14:50:51,7.03,-0.01,180,126540,卖盘
125,14:50:48,7.04,0.01,150,105600,买盘
126,14:50:45,7.03,--,16,11248,卖盘
127,14:50:42,7.03,--,719,505457,卖盘
128,14:50:39,7.03,--,44,30932,卖盘
129,14:50:36,7.03,--,21,14763,卖盘
130,14:50:33,7.03,--,221,155363,买盘
131,14:50:30,7.03,--,1063,747289,卖盘
132,14:50:27,7.03,--,80,56240,卖盘
133,14:50:24,7.03,--,50,35150,卖盘
134,14:50:21,7.03,--,109,76627,卖盘
135,14:50:18,7.03,0.01,1925,1353275,买盘
136,14:50:15,7.02,-0.01,224,157248,卖盘
137,14:50:12,7.03,0.01,343,241129,买盘
138,14:50:09,7.02,-0.01,52,36504,卖盘
139,14:50:06,7.03,0.01,243,170829,买盘
140,14:50:03,7.02,--,170,119340,卖盘
141,14:50:00,7.02,--,467,327834,卖盘
142,14:49:57,7.02,--,368,258335,卖盘
143,14:49:54,7.02,--,1276,896236,卖盘
144,14:49:51,7.02,--,202,141804,卖盘
145,14:49:48,7.02,-0.01,1,702,卖盘
146,14:49:45,7.03,--,39,27417,买盘
147,14:49:42,7.03,--,15,10545,买盘
148,14:49:39,7.03,--,3371,2369813,卖盘
149,14:49:36,7.03,-0.01,74,52022,卖盘
150,14:49:33,7.04,--,22,15488,买盘
151,14:49:30,7.04,--,183,128832,买盘
152,14:49:27,7.04,--,3,2112,买盘
153,14:49:24,7.04,--,955,672320,卖盘
154,14:49:21,7.04,-0.01,4,2816,卖盘
155,14:49:18,7.05,0.01,277,195285,买盘
156,14:49:15,7.04,--,81,57024,卖盘
157,14:49:12,7.04,--,220,154880,卖盘
158,14:49:09,7.04,-0.01,31,21824,卖盘
159,14:49:06,7.05,--,37,26085,买盘
160,14:49:03,7.05,0.01,17,11985,买盘
161,14:49:00,7.04,-0.01,881,620224,卖盘
162,14:48:57,7.05,--,246,173430,买盘
163,14:48:54,7.05,0.01,227,160035,买盘
164,14:48:51,7.04,-0.01,40,28160,卖盘
165,14:48:45,7.05,--,150,105750,买盘
166,14:48:42,7.05,--,5,3525,买盘
167,14:48:39,7.05,--,122,86010,买盘
168,14:48:36,7.05,--,50,35250,买盘
169,14:48:33,7.05,--,146,102930,买盘
170,14:48:30,7.05,0.01,153,107865,买盘
171,14:48:27,7.04,-0.01,11,7744,卖盘
172,14:48:24,7.05,0.01,31,21855,买盘
173,14:48:21,7.04,--,88,61952,卖盘
174,14:48:18,7.04,-0.01,6,4224,卖盘
175,14:48:15,7.05,--,22,15510,买盘
176,14:48:12,7.05,0.01,1004,707820,买盘
177,14:48:09,7.04,-0.01,383,269632,卖盘
178,14:48:06,7.05,--,1090,768450,买盘
179,14:48:03,7.05,--,42,29610,买盘
180,14:48:00,7.05,--,709,499845,买盘
181,14:47:57,7.05,--,78,54990,买盘
182,14:47:54,7.05,--,64,45120,买盘
183,14:47:51,7.05,--,2,1410,买盘
184,14:47:48,7.05,-0.01,801,564923,卖盘
185,14:47:45,7.06,0.01,14,9884,买盘
186,14:47:42,7.05,--,11,7755,卖盘
187,14:47:39,7.05,-0.01,131,92355,卖盘
188,14:47:36,7.06,0.01,123,86838,买盘
189,14:47:33,7.05,--,280,197400,卖盘
190,14:47:30,7.05,--,50,35250,卖盘
191,14:47:27,7.05,--,44,31020,卖盘
192,14:47:24,7.05,--,473,333465,卖盘
193,14:47:21,7.05,--,404,285306,买盘
194,14:47:18,7.05,--,87,61335,买盘
195,14:47:15,7.05,--,144,101520,买盘
196,14:47:12,7.05,--,210,148050,买盘
197,14:47:09,7.05,--,123,86933,卖盘
198,14:47:06,7.05,--,348,245340,卖盘
199,14:47:03,7.05,--,861,607491,买盘
200,14:47:00,7.05,--,410,289050,买盘
201,14:46:57,7.05,--,17,11985,买盘
202,14:46:54,7.05,--,95,66975,买盘
203,14:46:51,7.05,--,74,52170,买盘
204,14:46:48,7.05,--,27,19035,买盘
205,14:46:45,7.05,--,312,219960,买盘
206,14:46:42,7.05,--,149,105045,买盘
207,14:46:39,7.05,0.01,62,43710,买盘
208,14:46:36,7.04,--,214,150656,卖盘
209,14:46:33,7.04,-0.01,88,61952,卖盘
210,14:46:30,7.05,--,335,236175,买盘
211,14:46:27,7.05,0.01,444,313020,买盘
212,14:46:24,7.04,--,26,18304,买盘
213,14:46:21,7.04,0.01,1044,734976,买盘
214,14:46:18,7.03,-0.01,21,14763,卖盘
215,14:46:15,7.04,--,173,121792,买盘
216,14:46:12,7.04,--,122,85888,买盘
217,14:46:09,7.04,0.01,154,108416,买盘
218,14:46:03,7.03,--,531,373293,卖盘
219,14:46:00,7.03,--,60,42180,卖盘
220,14:45:57,7.03,--,186,130758,买盘
221,14:45:54,7.03,0.01,908,638324,买盘
222,14:45:51,7.02,-0.01,975,684450,卖盘
223,14:45:48,7.03,0.01,277,194731,买盘
224,14:45:45,7.02,--,61,42822,卖盘
225,14:45:42,7.02,-0.01,103,72306,卖盘
226,14:45:39,7.03,--,297,208791,买盘
227,14:45:36,7.03,0.01,214,150442,买盘
228,14:45:33,7.02,-0.01,75,52650,卖盘
229,14:45:30,7.03,0.01,95,66785,买盘
230,14:45:27,7.02,-0.01,469,329238,卖盘
231,14:45:24,7.03,0.01,686,482258,买盘
232,14:45:21,7.02,--,212,148824,卖盘
233,14:45:18,7.02,-0.01,16,11232,卖盘
234,14:45:15,7.03,0.01,218,153254,买盘
235,14:45:12,7.02,--,200,140400,卖盘
236,14:45:09,7.02,--,265,186030,卖盘
237,14:45:06,7.02,--,257,180414,卖盘
238,14:45:03,7.02,--,100,70200,卖盘
239,14:45:00,7.02,-0.01,240,168480,卖盘
240,14:44:57,7.03,0.01,21,14763,买盘
241,14:44:54,7.02,-0.01,157,110214,卖盘
242,14:44:51,7.03,0.01,222,156066,买盘
243,14:44:48,7.02,--,864,606528,卖盘
244,14:44:45,7.02,--,45,31589,卖盘
245,14:44:42,7.02,-0.01,189,132678,卖盘
246,14:44:39,7.03,0.01,36,25308,买盘
247,14:44:36,7.02,-0.01,1197,840294,卖盘
248,14:44:33,7.03,0.01,74,52022,买盘
249,14:44:30,7.02,--,3300,2316600,卖盘
250,14:44:27,7.02,--,172,120743,卖盘
251,14:44:24,7.02,--,102,71604,卖盘
252,14:44:21,7.02,-0.01,380,266760,卖盘
253,14:44:18,7.03,0.01,54,37962,买盘
254,14:44:15,7.02,-0.01,68,47736,卖盘
255,14:44:12,7.03,--,820,576460,卖盘
256,14:44:09,7.03,0.01,72,50616,卖盘
257,14:44:06,7.02,-0.01,147,103194,卖盘
258,14:44:03,7.03,--,30,21090,卖盘
259,14:44:00,7.03,0.01,142,99826,买盘
260,14:43:57,7.02,-0.02,189,132678,卖盘
261,14:43:54,7.04,0.02,77,54208,买盘
262,14:43:51,7.02,--,41,28782,卖盘
263,14:43:48,7.02,--,210,147420,卖盘
264,14:43:45,7.02,--,44,30887,卖盘
265,14:43:42,7.02,--,394,276588,卖盘
266,14:43:39,7.02,--,52,36504,卖盘
267,14:43:36,7.02,-0.01,151,106002,卖盘
268,14:43:33,7.03,--,320,224960,买盘
269,14:43:30,7.03,--,101,71003,买盘
270,14:43:27,7.03,--,682,479446,买盘
271,14:43:24,7.03,0.01,2160,1518480,买盘
272,14:43:21,7.02,-0.01,267,187434,卖盘
273,14:43:18,7.03,0.01,449,315647,买盘
274,14:43:15,7.02,-0.01,284,199368,卖盘
275,14:43:12,7.03,--,271,190513,买盘
276,14:43:09,7.03,0.01,95,66785,买盘
277,14:43:06,7.02,--,156,109512,卖盘
278,14:43:03,7.02,-0.01,545,382590,卖盘
279,14:43:00,7.03,--,226,158878,买盘
280,14:42:57,7.03,--,281,197543,买盘
281,14:42:54,7.03,--,66,46398,买盘
282,14:42:51,7.03,--,262,184186,买盘
283,14:42:48,7.03,--,298,209494,卖盘
284,14:42:45,7.03,-0.01,41,28823,卖盘
285,14:42:42,7.04,--,269,189376,买盘
286,14:42:39,7.04,--,4068,2863872,买盘
287,14:42:36,7.04,0.01,38,26752,卖盘
288,14:42:33,7.03,--,72,50616,卖盘
289,14:42:30,7.03,--,1237,869611,卖盘
290,14:42:27,7.03,-0.01,645,453435,卖盘
291,14:42:24,7.04,0.01,309,217536,买盘
292,14:42:21,7.03,--,364,255892,卖盘
293,14:42:18,7.03,-0.01,282,198246,卖盘
294,14:42:15,7.04,--,41,28864,买盘
295,14:42:12,7.04,-0.01,2146,1510784,卖盘
296,14:42:09,7.05,--,792,558360,买盘
297,14:42:06,7.05,0.01,345,243225,买盘
298,14:42:03,7.04,--,300,211200,卖盘
299,14:42:00,7.04,--,258,181632,卖盘
300,14:41:57,7.04,-0.01,116,81664,卖盘
301,14:41:54,7.05,0.01,63,44415,买盘
302,14:41:51,7.04,-0.01,38,26752,卖盘
303,14:41:48,7.05,0.01,59,41595,买盘
304,14:41:45,7.04,--,80,56320,卖盘
305,14:41:42,7.04,-0.01,856,602624,卖盘
306,14:41:39,7.05,--,482,339972,卖盘
307,14:41:36,7.05,--,503,354615,卖盘
308,14:41:33,7.05,--,1603,1130115,卖盘
309,14:41:30,7.05,-0.01,4067,2867235,卖盘
310,14:41:27,7.06,0.01,192,135552,买盘
311,14:41:24,7.05,-0.01,209,147345,卖盘
312,14:41:21,7.06,0.01,245,172970,买盘
313,14:41:18,7.05,--,307,216435,卖盘
314,14:41:15,7.05,--,1023,721215,卖盘
315,14:41:12,7.05,--,1273,897465,卖盘
316,14:41:09,7.05,-0.01,2080,1466400,卖盘
317,14:41:06,7.06,--,823,581038,买盘
318,14:41:03,7.06,--,38,26828,买盘
319,14:41:00,7.06,--,68,48008,卖盘
320,14:40:57,7.06,0.01,110,77660,买盘
321,14:40:54,7.05,-0.01,176,124080,卖盘
322,14:40:51,7.06,-0.01,823,581038,卖盘
323,14:40:48,7.07,0.01,49,34643,买盘
324,14:40:45,7.06,0.01,80,56480,买盘
325,14:40:42,7.05,-0.02,8,5640,卖盘
326,14:40:39,7.07,0.01,287,202909,买盘
327,14:40:36,7.06,-0.01,109,76954,卖盘
328,14:40:33,7.07,0.01,21,14847,买盘
329,14:40:30,7.06,-0.01,2572,1815832,卖盘
330,14:40:27,7.07,0.01,50,35350,买盘
331,14:40:24,7.06,--,2906,2052243,卖盘
332,14:40:21,7.06,--,97,68482,卖盘
333,14:40:18,7.06,-0.01,28,19768,卖盘
334,14:40:15,7.07,--,1531,1082417,买盘
335,14:40:12,7.07,--,33,23331,买盘
336,14:40:09,7.07,0.01,31,21917,买盘
337,14:40:06,7.06,--,232,163792,卖盘
338,14:40:03,7.06,-0.01,183,129198,卖盘
339,14:40:00,7.07,0.01,71,50197,买盘
340,14:39:57,7.06,-0.01,43,30358,卖盘
341,14:39:54,7.07,--,83,58681,买盘
342,14:39:51,7.07,--,25,17675,买盘
343,14:39:48,7.07,--,69,48783,卖盘
344,14:39:45,7.07,-0.01,1,707,卖盘
345,14:39:42,7.08,--,3040,2152320,买盘
346,14:39:39,7.08,0.01,31,21948,买盘
347,14:39:36,7.07,--,3,2121,卖盘
348,14:39:33,7.07,-0.01,10,7070,卖盘
349,14:39:30,7.08,--,76,53808,买盘
350,14:39:27,7.08,0.01,9,6372,买盘
351,14:39:24,7.07,--,1,707,卖盘
352,14:39:21,7.07,--,74,52318,卖盘
353,14:39:18,7.07,--,19,13433,卖盘
354,14:39:15,7.07,--,302,213514,卖盘
355,14:39:12,7.07,--,4,2828,卖盘
356,14:39:09,7.07,--,48,33936,卖盘
357,14:39:06,7.07,--,1,707,卖盘
358,14:39:03,7.07,--,1113,787534,卖盘
359,14:39:00,7.07,-0.01,619,437633,卖盘
360,14:38:57,7.08,0.01,33,23364,买盘
361,14:38:54,7.07,--,332,234724,卖盘
362,14:38:51,7.07,--,124,87668,卖盘
363,14:38:48,7.07,--,139,98273,卖盘
364,14:38:45,7.07,-0.01,1,707,卖盘
365,14:38:42,7.08,--,1385,980580,买盘
366,14:38:39,7.08,--,16,11328,买盘
367,14:38:36,7.08,--,201,142308,买盘
368,14:38:33,7.08,0.01,22,15576,买盘
369,14:38:30,7.07,--,18,12726,卖盘
370,14:38:27,7.07,-0.01,230,162610,卖盘
371,14:38:24,7.08,0.01,38,26904,买盘
372,14:38:21,7.07,--,46,32522,卖盘
373,14:38:18,7.07,--,4,2828,卖盘
374,14:38:15,7.07,--,1119,791133,卖盘
375,14:38:12,7.07,-0.01,24,16968,卖盘
376,14:38:09,7.08,0.01,44,31152,买盘
377,14:38:06,7.07,--,21,14847,卖盘
378,14:38:03,7.07,-0.01,62,43834,卖盘
379,14:38:00,7.08,0.01,69,48852,买盘
380,14:37:57,7.07,--,32,22624,卖盘
381,14:37:54,7.07,-0.01,2,1414,卖盘
382,14:37:51,7.08,0.01,59,41772,买盘
383,14:37:48,7.07,--,10,7070,卖盘
384,14:37:45,7.07,--,20,14140,卖盘
385,14:37:42,7.07,-0.01,60,42420,卖盘
386,14:37:39,7.08,0.02,44,31152,买盘
387,14:37:36,7.06,-0.01,6,4236,卖盘
388,14:37:33,7.07,--,35,24745,买盘
389,14:37:30,7.07,--,40,28280,卖盘
390,14:37:27,7.07,--,37,26159,买盘
391,14:37:24,7.07,-0.01,44,31108,卖盘
392,14:37:18,7.08,0.01,53,37524,买盘
393,14:37:15,7.07,-0.01,1,707,卖盘
394,14:37:09,7.08,--,56,39648,买盘
395,14:37:06,7.08,0.01,30,21240,买盘
396,14:37:03,7.07,--,16,11312,卖盘
397,14:36:57,7.07,--,123,86961,卖盘
398,14:36:54,7.07,--,8,5656,卖盘
399,14:36:51,7.07,-0.01,740,523180,卖盘
400,14:36:48,7.08,0.01,12,8496,买盘
401,14:36:45,7.07,-0.01,58,41006,卖盘
402,14:36:39,7.08,0.01,31,21948,买盘
403,14:36:36,7.07,-0.01,67,47369,卖盘
404,14:36:33,7.08,0.01,32,22656,买盘
405,14:36:30,7.07,-0.01,67,47369,卖盘
406,14:36:27,7.08,0.01,39,27612,买盘
407,14:36:24,7.07,--,43,30401,卖盘
408,14:36:18,7.07,--,2,1414,卖盘
409,14:36:15,7.07,--,54,38178,卖盘
410,14:36:12,7.07,-0.01,222,156954,卖盘
411,14:36:09,7.08,0.01,12,8496,买盘
412,14:36:06,7.07,-0.01,41,28987,卖盘
413,14:36:03,7.08,--,50,35400,买盘
414,14:36:00,7.08,0.01,239,169212,买盘
415,14:35:57,7.07,--,358,253106,卖盘
416,14:35:54,7.07,-0.01,2,1414,卖盘
417,14:35:51,7.08,0.01,32,22656,买盘
418,14:35:48,7.07,--,17,12019,卖盘
419,14:35:45,7.07,--,4,2828,卖盘
420,14:35:42,7.07,--,172,121604,卖盘
421,14:35:39,7.07,--,54,38178,卖盘
422,14:35:36,7.07,--,10,7070,卖盘
423,14:35:33,7.07,--,21,14847,卖盘
424,14:35:30,7.07,-0.01,23,16261,卖盘
425,14:35:27,7.08,0.01,130,92040,买盘
426,14:35:24,7.07,--,6,4242,买盘
427,14:35:21,7.07,0.01,51,36057,买盘
428,14:35:18,7.06,-0.01,3358,2370748,卖盘
429,14:35:15,7.07,--,43,30401,卖盘
430,14:35:12,7.07,-0.01,20,14140,卖盘
431,14:35:09,7.08,0.01,133,94164,买盘
432,14:35:06,7.07,--,40,28280,卖盘
433,14:34:57,7.07,-0.01,5,3535,卖盘
434,14:34:54,7.08,0.01,63,44604,买盘
435,14:34:51,7.07,--,441,311787,卖盘
436,14:34:48,7.07,--,47,33229,卖盘
437,14:34:45,7.07,--,47,33229,卖盘
438,14:34:42,7.07,-0.01,10,7070,卖盘
439,14:34:39,7.08,0.01,28,19824,买盘
440,14:34:36,7.07,--,136,96152,卖盘
441,14:34:33,7.07,--,33,23331,卖盘
442,14:34:30,7.07,--,6,4242,卖盘
443,14:34:27,7.07,-0.01,17,12019,卖盘
444,14:34:24,7.08,--,27,19116,买盘
445,14:34:21,7.08,0.01,34,24072,买盘
446,14:34:18,7.07,--,20,14140,卖盘
447,14:34:15,7.07,--,1,707,卖盘
448,14:34:12,7.07,--,83,58681,卖盘
449,14:34:09,7.07,--,60,42420,卖盘
450,14:34:06,7.07,--,174,123018,卖盘
451,14:34:03,7.07,-0.01,27,19089,卖盘
452,14:34:00,7.08,0.01,86,60888,买盘
453,14:33:57,7.07,--,39,27573,卖盘
454,14:33:54,7.07,--,51,36057,卖盘
455,14:33:51,7.07,-0.01,307,217049,买盘
456,14:33:48,7.08,0.01,43,30444,买盘
457,14:33:45,7.07,--,68,48592,卖盘
458,14:33:42,7.07,-0.01,52,36764,卖盘
459,14:33:39,7.08,0.01,54,38232,买盘
460,14:33:36,7.07,--,203,143521,卖盘
461,14:33:33,7.07,-0.01,4,2828,卖盘
462,14:33:30,7.08,0.01,216,152928,买盘
463,14:33:27,7.07,-0.01,644,455308,卖盘
464,14:33:24,7.08,0.01,204,144432,买盘
465,14:33:21,7.07,--,263,186131,买盘
466,14:33:18,7.07,--,30,21210,买盘
467,14:33:15,7.07,0.01,146,103222,买盘
468,14:33:12,7.06,--,46,32476,卖盘
469,14:33:09,7.06,--,326,230156,卖盘
470,14:33:06,7.06,-0.01,242,170852,卖盘
471,14:33:03,7.07,--,1037,733159,买盘
472,14:33:00,7.07,0.01,33,23331,买盘
473,14:32:57,7.06,--,65,45890,卖盘
474,14:32:54,7.06,--,72,50832,卖盘
475,14:32:51,7.06,-0.01,37,26122,卖盘
476,14:32:48,7.07,--,105,74235,买盘
477,14:32:45,7.07,0.01,75,53025,买盘
478,14:32:42,7.06,--,33,23298,卖盘
479,14:32:39,7.06,--,84,59304,卖盘
480,14:32:36,7.06,-0.01,136,96016,卖盘
481,14:32:33,7.07,--,18,12726,买盘
482,14:32:30,7.07,--,59,41713,买盘
483,14:32:27,7.07,--,15,10605,买盘
484,14:32:24,7.07,0.01,35,24745,买盘
485,14:32:21,7.06,-0.01,122,86132,卖盘
486,14:32:18,7.07,--,116,82528,卖盘
487,14:32:15,7.07,-0.01,400,282800,卖盘
488,14:32:12,7.08,0.01,37,26196,买盘
489,14:32:09,7.07,--,54,38178,卖盘
490,14:32:06,7.07,--,154,108878,卖盘
491,14:32:03,7.07,--,60,42420,卖盘
492,14:32:00,7.07,-0.01,85,60095,卖盘
493,14:31:57,7.08,0.01,44,31152,买盘
494,14:31:51,7.07,--,10,7070,卖盘
495,14:31:48,7.07,-0.01,33,23331,卖盘
496,14:31:45,7.08,0.01,345,244260,买盘
497,14:31:42,7.07,--,74,52318,卖盘
498,14:31:39,7.07,--,219,154833,卖盘
499,14:31:36,7.07,--,265,187355,卖盘
500,14:31:33,7.07,--,130,91910,卖盘
501,14:31:30,7.07,--,60,42420,卖盘
502,14:31:27,7.07,-0.01,16,11312,卖盘
503,14:31:24,7.08,0.01,70,49560,买盘
504,14:31:21,7.07,-0.01,2,1414,卖盘
505,14:31:18,7.08,--,122,86376,买盘
506,14:31:15,7.08,--,20,14160,买盘
507,14:31:12,7.08,--,31,21948,买盘
508,14:31:09,7.08,--,13,9204,买盘
509,14:31:06,7.08,0.01,289,204612,买盘
510,14:31:03,7.07,-0.01,82,57974,卖盘
511,14:31:00,7.08,--,10,7080,买盘
512,14:30:54,7.08,0.01,10,7080,买盘
513,14:30:51,7.07,-0.01,172,121604,卖盘
514,14:30:48,7.08,--,6,4248,买盘
515,14:30:45,7.08,0.01,4,2832,买盘
516,14:30:42,7.07,-0.01,31,21917,卖盘
517,14:30:39,7.08,--,84,59472,买盘
518,14:30:36,7.08,0.01,95,67260,买盘
519,14:30:33,7.07,--,1120,792030,买盘
520,14:30:30,7.07,0.01,44,31108,买盘
521,14:30:27,7.06,-0.01,96,67776,卖盘
522,14:30:24,7.07,0.01,115,81305,买盘
523,14:30:21,7.06,--,15,10590,卖盘
524,14:30:18,7.06,--,163,115078,卖盘
525,14:30:15,7.06,-0.01,102,72012,卖盘
526,14:30:12,7.07,--,155,109585,买盘
527,14:30:09,7.07,--,23,16261,买盘
528,14:30:06,7.07,--,36,25452,买盘
529,14:30:03,7.07,0.01,448,316736,买盘
530,14:30:00,7.06,--,5132,3623192,卖盘
531,14:29:57,7.06,-0.01,89,62834,卖盘
532,14:29:54,7.07,--,106,74942,买盘
533,14:29:51,7.07,--,117,82719,买盘
534,14:29:48,7.07,--,355,250985,买盘
535,14:29:45,7.07,--,55,38885,买盘
536,14:29:42,7.07,--,39,27573,买盘
537,14:29:39,7.07,--,61,43643,卖盘
538,14:29:36,7.07,--,79,55853,卖盘
539,14:29:33,7.07,--,1651,1167257,卖盘
540,14:29:30,7.07,--,25,17675,卖盘
541,14:29:27,7.07,--,1,707,卖盘
542,14:29:24,7.07,-0.01,89,62923,卖盘
543,14:29:21,7.08,0.01,32,22656,买盘
544,14:29:18,7.07,-0.01,85,60095,卖盘
545,14:29:15,7.08,0.01,20,14160,买盘
546,14:29:12,7.07,-0.01,141,99687,卖盘
547,14:29:09,7.08,0.01,15,10620,买盘
548,14:29:06,7.07,-0.01,314,221998,卖盘
549,14:29:03,7.08,--,240,169920,买盘
550,14:29:00,7.08,--,226,160008,买盘
551,14:28:57,7.08,--,5,3540,买盘
552,14:28:54,7.08,--,282,199656,买盘
553,14:28:51,7.08,0.01,81,57348,买盘
554,14:28:48,7.07,--,452,319564,卖盘
555,14:28:45,7.07,--,16,11312,卖盘
556,14:28:42,7.07,-0.01,2,1414,卖盘
557,14:28:39,7.08,--,44,31152,买盘
558,14:28:36,7.08,0.01,6,4248,买盘
559,14:28:33,7.07,-0.01,290,205030,卖盘
560,14:28:30,7.08,--,71,50268,买盘
561,14:28:27,7.08,--,33,23364,买盘
562,14:28:24,7.08,--,162,114696,买盘
563,14:28:21,7.08,--,12,8496,买盘
564,14:28:18,7.08,0.01,90,63720,买盘
565,14:28:15,7.07,--,123,86961,卖盘
566,14:28:12,7.07,--,254,179578,卖盘
567,14:28:09,7.07,-0.01,122,86254,卖盘
568,14:28:06,7.08,0.01,30,21240,买盘
569,14:28:03,7.07,-0.01,573,405111,卖盘
570,14:28:00,7.08,0.01,130,92040,买盘
571,14:27:57,7.07,--,10,7070,卖盘
572,14:27:54,7.07,--,45,31815,卖盘
573,14:27:51,7.07,--,82,57974,卖盘
574,14:27:48,7.07,-0.01,2,1414,卖盘
575,14:27:45,7.08,0.01,40,28320,买盘
576,14:27:42,7.07,-0.01,54,38178,卖盘
577,14:27:39,7.08,0.01,12,8496,买盘
578,14:27:36,7.07,--,527,372779,买盘
579,14:27:33,7.07,0.01,65,45955,买盘
580,14:27:30,7.06,-0.01,106,74836,卖盘
581,14:27:27,7.07,--,241,170387,买盘
582,14:27:24,7.07,0.01,102,72114,买盘
583,14:27:21,7.06,-0.01,472,333232,卖盘
584,14:27:18,7.07,--,77,54439,买盘
585,14:27:15,7.07,0.01,40,28280,买盘
586,14:27:12,7.06,--,37,26122,卖盘
587,14:27:09,7.06,--,95,67070,卖盘
588,14:27:06,7.06,--,63,44478,卖盘
589,14:27:00,7.06,-0.01,71,50126,卖盘
590,14:26:57,7.07,--,32,22624,买盘
591,14:26:54,7.07,--,383,270781,买盘
592,14:26:51,7.07,--,15,10605,买盘
593,14:26:48,7.07,--,97,68579,买盘
594,14:26:45,7.07,0.01,82,57974,买盘
595,14:26:42,7.06,--,524,369944,卖盘
596,14:26:39,7.06,-0.01,146,103076,卖盘
597,14:26:36,7.07,0.01,5,3535,买盘
598,14:26:33,7.06,--,4,2824,卖盘
599,14:26:30,7.06,-0.01,24,16944,卖盘
600,14:26:27,7.07,--,190,134330,买盘
601,14:26:24,7.07,0.01,74,52318,买盘
602,14:26:21,7.06,--,36,25416,卖盘
603,14:26:18,7.06,--,178,125668,卖盘
604,14:26:15,7.06,-0.01,46,32476,卖盘
605,14:26:12,7.07,0.01,181,127967,买盘
606,14:26:09,7.06,--,70,49420,买盘
607,14:26:06,7.06,-0.01,62,43772,卖盘
608,14:26:03,7.07,--,2119,1498649,买盘
609,14:26:00,7.07,--,330,233310,买盘
610,14:25:57,7.07,0.01,646,456722,买盘
611,14:25:54,7.06,-0.01,1083,764598,卖盘
612,14:25:51,7.07,0.01,68,48076,买盘
613,14:25:48,7.06,-0.01,1070,755420,卖盘
614,14:25:45,7.07,--,18,12726,买盘
615,14:25:42,7.07,--,1885,1332695,买盘
616,14:25:39,7.07,0.01,224,158368,买盘
617,14:25:36,7.06,-0.01,104,73424,卖盘
618,14:25:33,7.07,--,187,132209,买盘
619,14:25:30,7.07,0.01,36,25452,买盘
620,14:25:27,7.06,--,230,162380,卖盘
621,14:25:24,7.06,--,197,139082,卖盘
622,14:25:21,7.06,-0.01,10,7060,卖盘
623,14:25:18,7.07,--,75,53025,买盘
624,14:25:15,7.07,0.01,1338,945966,买盘
625,14:25:12,7.06,--,823,581038,卖盘
626,14:25:09,7.06,--,299,211094,卖盘
627,14:25:06,7.06,-0.01,2323,1640200,卖盘
628,14:25:03,7.07,--,23,16261,卖盘
629,14:25:00,7.07,--,109,77063,买盘
630,14:24:57,7.07,--,50,35350,买盘
631,14:24:54,7.07,--,30,21210,买盘
632,14:24:51,7.07,--,1221,863247,卖盘
633,14:24:48,7.07,-0.01,1156,817292,卖盘
634,14:24:45,7.08,0.01,62,43896,买盘
635,14:24:42,7.07,-0.01,61,43127,卖盘
636,14:24:39,7.08,0.01,62,43896,买盘
637,14:24:36,7.07,--,133,94031,卖盘
638,14:24:33,7.07,-0.01,5091,3599337,卖盘
639,14:24:30,7.08,0.01,6,4248,中性盘
640,14:24:27,7.07,--,130,91938,卖盘
641,14:24:24,7.07,--,122,86254,卖盘
642,14:24:21,7.07,--,64,45248,卖盘
643,14:24:18,7.07,--,238,168266,卖盘
644,14:24:15,7.07,-0.01,186,131502,卖盘
645,14:24:12,7.08,--,40,28320,买盘
646,14:24:09,7.08,--,78,55224,买盘
647,14:24:06,7.08,0.01,48,33984,买盘
648,14:24:03,7.07,-0.01,48,33936,卖盘
649,14:23:57,7.08,--,236,167767,卖盘
650,14:23:54,7.08,--,104,73632,卖盘
651,14:23:51,7.08,-0.01,358,253464,卖盘
652,14:23:48,7.09,0.01,157,111313,买盘
653,14:23:45,7.08,-0.01,866,613128,卖盘
654,14:23:42,7.09,--,107,75863,买盘
655,14:23:39,7.09,0.01,94,66646,买盘
656,14:23:36,7.08,--,243,172044,卖盘
657,14:23:33,7.08,-0.01,208,147264,卖盘
658,14:23:30,7.09,--,114,80826,买盘
659,14:23:27,7.09,--,22,15598,买盘
660,14:23:24,7.09,0.01,107,75863,买盘
661,14:23:21,7.08,-0.01,538,380904,卖盘
662,14:23:18,7.09,0.01,70,49630,买盘
663,14:23:12,7.08,-0.01,235,166380,卖盘
664,14:23:09,7.09,--,27,19143,买盘
665,14:23:06,7.09,0.01,90,63810,买盘
666,14:23:03,7.08,--,4,2832,卖盘
667,14:23:00,7.08,--,84,59472,卖盘
668,14:22:57,7.08,-0.01,82,58056,卖盘
669,14:22:54,7.09,--,54,38286,买盘
670,14:22:51,7.09,0.01,15,10635,买盘
671,14:22:48,7.08,--,104,73632,卖盘
672,14:22:45,7.08,-0.01,160,113280,卖盘
673,14:22:42,7.09,--,12,8508,卖盘
674,14:22:39,7.09,0.01,95,67355,买盘
675,14:22:36,7.08,-0.02,40,28320,卖盘
676,14:22:33,7.1,0.02,36,25560,买盘
677,14:22:30,7.08,--,582,412056,卖盘
678,14:22:27,7.08,-0.01,168,118944,卖盘
679,14:22:24,7.09,0.01,31,21979,买盘
680,14:22:21,7.08,--,264,186912,卖盘
681,14:22:18,7.08,-0.01,3,2124,卖盘
682,14:22:12,7.09,0.01,80,56720,买盘
683,14:22:09,7.08,--,266,188328,卖盘
684,14:22:06,7.08,-0.01,22,15576,卖盘
685,14:22:03,7.09,--,95,67355,买盘
686,14:22:00,7.09,--,57,40413,买盘
687,14:21:57,7.09,--,162,114858,买盘
688,14:21:54,7.09,0.01,50,35450,买盘
689,14:21:51,7.08,--,137,96996,卖盘
690,14:21:48,7.08,--,62,43896,卖盘
691,14:21:42,7.08,-0.01,19,13452,卖盘
692,14:21:39,7.09,0.01,92,65228,买盘
693,14:21:36,7.08,--,146,103368,卖盘
694,14:21:33,7.08,--,110,77880,卖盘
695,14:21:30,7.08,-0.01,8,5664,卖盘
696,14:21:27,7.09,0.01,55,38995,买盘
697,14:21:24,7.08,--,34,24072,卖盘
698,14:21:21,7.08,--,141,99828,卖盘
699,14:21:18,7.08,--,98,69384,卖盘
700,14:21:15,7.08,--,30,21240,卖盘
701,14:21:12,7.08,-0.01,113,80004,卖盘
702,14:21:09,7.09,--,370,262330,买盘
703,14:21:06,7.09,0.01,45,31905,买盘
704,14:21:03,7.08,--,240,169920,卖盘
705,14:21:00,7.08,-0.01,387,273996,卖盘
706,14:20:54,7.09,0.01,53,37577,买盘
707,14:20:51,7.08,--,50,35400,卖盘
708,14:20:48,7.08,-0.01,2,1416,卖盘
709,14:20:45,7.09,--,8,5672,买盘
710,14:20:42,7.09,--,44,31196,买盘
711,14:20:39,7.09,-0.01,3390,2403970,卖盘
712,14:20:33,7.1,--,90,63900,卖盘
713,14:20:30,7.1,--,6,4260,卖盘
714,14:20:27,7.1,-0.01,46,32660,卖盘
715,14:20:24,7.11,0.01,21,14931,买盘
716,14:20:21,7.1,--,43,30530,卖盘
717,14:20:18,7.1,--,60,42600,卖盘
718,14:20:15,7.1,--,118,83780,卖盘
719,14:20:12,7.1,-0.01,44,31240,卖盘
720,14:20:09,7.11,--,43,30573,买盘
721,14:20:06,7.11,0.01,75,53325,买盘
722,14:20:00,7.1,-0.01,30,21300,卖盘
723,14:19:57,7.11,0.01,30,21330,买盘
724,14:19:54,7.1,--,1,710,卖盘
725,14:19:51,7.1,--,1,710,卖盘
726,14:19:48,7.1,--,36,25560,卖盘
727,14:19:45,7.1,--,58,41180,卖盘
728,14:19:42,7.1,-0.01,83,58930,卖盘
729,14:19:39,7.11,0.01,27,19197,买盘
730,14:19:36,7.1,--,35,24850,卖盘
731,14:19:33,7.1,-0.01,2,1420,卖盘
732,14:19:24,7.11,--,193,137223,买盘
733,14:19:18,7.11,0.01,5,3867,买盘
734,14:19:15,7.1,-0.01,450,319500,卖盘
735,14:19:09,7.11,0.01,64,45504,买盘
736,14:19:06,7.1,-0.01,16,11360,卖盘
737,14:19:03,7.11,--,29,20619,买盘
738,14:18:57,7.11,0.01,27,19197,买盘
739,14:18:54,7.1,-0.01,30,21300,卖盘
740,14:18:51,7.11,0.01,34,24174,买盘
741,14:18:48,7.1,--,3,2130,卖盘
742,14:18:45,7.1,-0.01,27,19170,卖盘
743,14:18:42,7.11,--,33,23463,买盘
744,14:18:39,7.11,0.01,46,32706,买盘
745,14:18:36,7.1,--,2,1420,卖盘
746,14:18:33,7.1,--,290,205900,卖盘
747,14:18:30,7.1,--,133,94430,卖盘
748,14:18:27,7.1,--,116,82360,卖盘
749,14:18:24,7.1,--,15,10650,卖盘
750,14:18:21,7.1,-0.01,21,14910,卖盘
751,14:18:18,7.11,--,305,216855,买盘
752,14:18:15,7.11,--,155,110205,买盘
753,14:18:12,7.11,0.01,1,711,买盘
754,14:18:09,7.1,--,99,70290,卖盘
755,14:18:03,7.1,--,50,35500,卖盘
756,14:18:00,7.1,--,85,60350,卖盘
757,14:17:57,7.1,--,278,197380,卖盘
758,14:17:51,7.1,-0.01,27,19170,卖盘
759,14:17:45,7.11,0.01,38,27018,买盘
760,14:17:39,7.1,--,99,70290,卖盘
761,14:17:36,7.1,-0.01,376,266960,卖盘
762,14:17:30,7.11,--,3,2133,买盘
763,14:17:24,7.11,0.01,31,22041,买盘
764,14:17:18,7.1,-0.01,22,15620,卖盘
765,14:17:12,7.11,0.01,640,455040,买盘
766,14:17:09,7.1,--,37,26270,卖盘
767,14:17:06,7.1,-0.01,1,710,卖盘
768,14:17:03,7.11,0.01,32,22752,买盘
769,14:16:57,7.1,-0.01,903,641130,卖盘
770,14:16:51,7.11,0.01,40,28440,买盘
771,14:16:48,7.1,--,2,1420,卖盘
772,14:16:42,7.1,--,1101,781710,卖盘
773,14:16:39,7.1,--,62,44020,卖盘
774,14:16:36,7.1,-0.01,207,146970,卖盘
775,14:16:33,7.11,0.01,15,10665,买盘
776,14:16:30,7.1,--,34,24140,卖盘
777,14:16:24,7.1,--,98,69580,卖盘
778,14:16:21,7.1,-0.01,96,68160,卖盘
779,14:16:18,7.11,--,82,58302,买盘
780,14:16:15,7.11,--,144,102384,买盘
781,14:16:12,7.11,--,54,38394,买盘
782,14:16:09,7.11,0.01,17,12087,买盘
783,14:16:06,7.1,--,43,30530,卖盘
784,14:16:03,7.1,-0.01,1218,864780,卖盘
785,14:16:00,7.11,0.01,209,148599,买盘
786,14:15:57,7.1,-0.01,68,48280,卖盘
787,14:15:54,7.11,0.01,23,16353,买盘
788,14:15:51,7.1,--,50,35500,卖盘
789,14:15:48,7.1,-0.01,18,12780,卖盘
790,14:15:45,7.11,--,30,21330,买盘
791,14:15:42,7.11,0.01,145,103095,买盘
792,14:15:39,7.1,-0.01,162,115020,卖盘
793,14:15:36,7.11,0.01,1,711,买盘
794,14:15:33,7.1,--,54,38340,卖盘
795,14:15:30,7.1,--,86,61060,卖盘
796,14:15:27,7.1,--,87,62167,买盘
797,14:15:24,7.1,--,196,139160,买盘
798,14:15:21,7.1,--,44,31240,买盘
799,14:15:18,7.1,-0.01,245,174262,卖盘
800,14:15:15,7.11,--,2,1422,买盘
801,14:15:12,7.11,0.01,44,31284,买盘
802,14:15:09,7.1,-0.01,2066,1466860,卖盘
803,14:15:00,7.11,0.01,32,22752,买盘
804,14:14:57,7.1,-0.01,12,8520,卖盘
805,14:14:54,7.11,--,628,446508,买盘
806,14:14:51,7.11,--,3,2133,买盘
807,14:14:48,7.11,0.01,36,25596,买盘
808,14:14:45,7.1,--,116,82360,卖盘
809,14:14:42,7.1,-0.01,62,44020,卖盘
810,14:14:39,7.11,0.01,41,29151,买盘
811,14:14:36,7.1,-0.01,1,710,卖盘
812,14:14:33,7.11,0.01,101,71811,买盘
813,14:14:30,7.1,-0.01,200,142000,卖盘
814,14:14:27,7.11,0.01,32,22752,买盘
815,14:14:24,7.1,--,153,108630,卖盘
816,14:14:18,7.1,-0.01,3,2130,卖盘
817,14:14:15,7.11,0.01,32,22752,买盘
818,14:14:12,7.1,-0.01,1,710,卖盘
819,14:14:09,7.11,0.01,12,8532,买盘
820,14:14:06,7.1,--,87,61770,卖盘
821,14:14:03,7.1,--,71,50410,卖盘
822,14:14:00,7.1,--,1,710,卖盘
823,14:13:57,7.1,--,423,300330,卖盘
824,14:13:54,7.1,--,54,38340,卖盘
825,14:13:51,7.1,--,10,7100,卖盘
826,14:13:48,7.1,--,2,1420,卖盘
827,14:13:45,7.1,--,671,476807,买盘
828,14:13:42,7.1,--,31,22010,买盘
829,14:13:39,7.1,--,12,8520,买盘
830,14:13:36,7.1,--,9,6390,买盘
831,14:13:33,7.1,-0.01,1172,832432,卖盘
832,14:13:30,7.11,0.01,42,29862,买盘
833,14:13:27,7.1,--,22,15620,卖盘
834,14:13:24,7.1,0.01,2321,1648307,买盘
835,14:13:21,7.09,--,132,93588,卖盘
836,14:13:18,7.09,-0.01,1,709,卖盘
837,14:13:15,7.1,--,1,710,买盘
838,14:13:12,7.1,0.01,56,39760,买盘
839,14:13:09,7.09,--,56,39704,卖盘
840,14:13:06,7.09,--,197,139673,卖盘
841,14:13:03,7.09,--,21,14889,卖盘
842,14:13:00,7.09,-0.01,5,3545,卖盘
843,14:12:57,7.1,0.01,33,23430,买盘
844,14:12:51,7.09,--,10,7090,卖盘
845,14:12:48,7.09,-0.01,284,201356,卖盘
846,14:12:45,7.1,0.01,10,7100,买盘
847,14:12:42,7.09,-0.01,1,709,卖盘
848,14:12:39,7.1,--,11,7810,买盘
849,14:12:36,7.1,--,44,31240,买盘
850,14:12:33,7.1,--,4,2840,买盘
851,14:12:24,7.1,--,30,21300,买盘
852,14:12:21,7.1,0.01,32,22720,买盘
853,14:12:18,7.09,-0.01,1,709,卖盘
854,14:12:15,7.1,0.01,84,59640,买盘
855,14:12:12,7.09,-0.01,122,86498,卖盘
856,14:12:09,7.1,0.01,21,14910,买盘
857,14:12:06,7.09,-0.01,116,82244,卖盘
858,14:12:03,7.1,0.01,111,78810,买盘
859,14:11:57,7.09,-0.01,1,709,卖盘
860,14:11:51,7.1,0.01,33,23430,买盘
861,14:11:48,7.09,-0.01,19,13471,卖盘
862,14:11:42,7.1,0.01,40,28400,买盘
863,14:11:39,7.09,--,74,52466,卖盘
864,14:11:36,7.09,--,1,709,卖盘
865,14:11:33,7.09,-0.01,20,14180,卖盘
866,14:11:30,7.1,0.01,190,134900,买盘
867,14:11:27,7.09,-0.01,2,1418,卖盘
868,14:11:24,7.1,0.01,11,7810,买盘
869,14:11:21,7.09,-0.01,26,18434,卖盘
870,14:11:18,7.1,0.01,33,23430,买盘
871,14:11:15,7.09,--,1,709,卖盘
872,14:11:12,7.09,--,35,24815,卖盘
873,14:11:09,7.09,--,46,32614,卖盘
874,14:11:06,7.09,-0.01,3,2127,卖盘
875,14:11:03,7.1,0.01,54,38340,买盘
876,14:10:57,7.09,--,59,41831,卖盘
877,14:10:54,7.09,--,20,14180,卖盘
878,14:10:51,7.09,-0.01,90,63810,卖盘
879,14:10:48,7.1,0.01,207,146970,买盘
880,14:10:45,7.09,--,65,46085,卖盘
881,14:10:39,7.09,-0.01,26,18434,卖盘
882,14:10:36,7.1,0.01,437,310270,买盘
883,14:10:30,7.09,-0.01,10,7090,卖盘
884,14:10:27,7.1,0.01,25,17750,买盘
885,14:10:24,7.09,--,93,65937,卖盘
886,14:10:21,7.09,--,30,21270,卖盘
887,14:10:18,7.09,--,2,1418,卖盘
888,14:10:15,7.09,--,17,12053,卖盘
889,14:10:12,7.09,0.01,277,196641,买盘
890,14:10:09,7.08,--,17,12036,卖盘
891,14:10:06,7.08,-0.01,1,708,卖盘
892,14:10:03,7.09,--,36,25524,买盘
893,14:10:00,7.09,0.01,55,38995,买盘
894,14:09:57,7.08,-0.01,25,17700,卖盘
895,14:09:54,7.09,--,1,709,买盘
896,14:09:51,7.09,--,50,35450,买盘
897,14:09:48,7.09,--,155,109895,买盘
898,14:09:45,7.09,--,5,3545,买盘
899,14:09:42,7.09,--,521,369389,买盘
900,14:09:39,7.09,0.01,46,32614,买盘
901,14:09:33,7.08,-0.01,38,26904,卖盘
902,14:09:30,7.09,--,39,27651,买盘
903,14:09:27,7.09,--,36,25524,买盘
904,14:09:24,7.09,--,6,4254,买盘
905,14:09:21,7.09,0.01,25,17725,买盘
906,14:09:18,7.08,-0.01,51,36108,卖盘
907,14:09:15,7.09,--,1,709,买盘
908,14:09:12,7.09,--,83,58847,买盘
909,14:09:09,7.09,--,11,7799,买盘
910,14:09:06,7.09,0.01,56,39704,买盘
911,14:09:03,7.08,-0.01,78,55224,卖盘
912,14:08:57,7.09,--,102,72318,买盘
913,14:08:54,7.09,--,491,348119,买盘
914,14:08:51,7.09,0.01,7,4963,买盘
915,14:08:48,7.08,--,22,15576,卖盘
916,14:08:45,7.08,-0.01,104,73632,卖盘
917,14:08:42,7.09,0.01,23,16307,买盘
918,14:08:39,7.08,--,48,33984,卖盘
919,14:08:36,7.08,--,673,476484,卖盘
920,14:08:33,7.08,--,43,30472,卖盘
921,14:08:27,7.08,--,40,28320,卖盘
922,14:08:24,7.08,-0.01,4,2832,卖盘
923,14:08:21,7.09,0.01,120,85080,买盘
924,14:08:18,7.08,-0.01,4,2832,卖盘
925,14:08:15,7.09,0.01,3028,2146852,买盘
926,14:08:12,7.08,--,40,28320,卖盘
927,14:08:09,7.08,--,171,121068,卖盘
928,14:08:06,7.08,--,22,15576,卖盘
929,14:08:03,7.08,--,22,15576,卖盘
930,14:08:00,7.08,-0.01,545,385860,卖盘
931,14:07:57,7.09,--,54,38286,买盘
932,14:07:54,7.09,0.01,84,59556,买盘
933,14:07:51,7.08,-0.01,170,120360,卖盘
934,14:07:48,7.09,0.01,51,36159,买盘
935,14:07:45,7.08,-0.01,21,14868,卖盘
936,14:07:42,7.09,0.01,33,23397,买盘
937,14:07:39,7.08,-0.01,49,34692,卖盘
938,14:07:36,7.09,0.01,8,5672,买盘
939,14:07:33,7.08,--,52,36816,卖盘
940,14:07:30,7.08,-0.01,11,7788,卖盘
941,14:07:27,7.09,0.01,31,21979,买盘
942,14:07:24,7.08,-0.01,120,84960,卖盘
943,14:07:21,7.09,0.01,13,9217,买盘
944,14:07:18,7.08,-0.01,3,2124,卖盘
945,14:07:15,7.09,--,47,33323,买盘
946,14:07:12,7.09,--,671,475958,卖盘
947,14:07:09,7.09,-0.01,2012,1426508,卖盘
948,14:07:06,7.1,-0.01,2,1420,卖盘
949,14:07:03,7.11,0.01,128,91008,买盘
950,14:07:00,7.1,--,66,46860,买盘
951,14:06:57,7.1,--,5,3550,买盘
952,14:06:54,7.1,0.01,87,61770,买盘
953,14:06:51,7.09,-0.01,11,7799,卖盘
954,14:06:48,7.1,--,653,463630,卖盘
955,14:06:45,7.1,-0.01,36,25560,卖盘
956,14:06:42,7.11,--,54,38394,买盘
957,14:06:39,7.11,0.01,12,8532,买盘
958,14:06:36,7.1,--,20,14200,卖盘
959,14:06:33,7.1,-0.01,6,4260,卖盘
960,14:06:30,7.11,0.01,91,64701,买盘
961,14:06:21,7.1,--,32,22720,卖盘
962,14:06:18,7.1,-0.01,2,1420,卖盘
963,14:06:15,7.11,0.01,52,36972,买盘
964,14:06:12,7.1,--,30,21300,卖盘
965,14:06:09,7.1,--,53,37630,卖盘
966,14:06:06,7.1,--,36,25560,卖盘
967,14:06:03,7.1,-0.01,108,76680,卖盘
968,14:05:57,7.11,--,35,24885,买盘
969,14:05:54,7.11,0.01,60,42660,买盘
970,14:05:51,7.1,--,23,16330,卖盘
971,14:05:48,7.1,-0.01,90,63900,卖盘
972,14:05:45,7.11,0.01,145,103095,买盘
973,14:05:42,7.1,-0.01,1,710,卖盘
974,14:05:39,7.11,0.01,12,8532,买盘
975,14:05:36,7.1,--,93,66030,卖盘
976,14:05:33,7.1,--,20,14200,卖盘
977,14:05:27,7.1,--,127,90170,卖盘
978,14:05:24,7.1,--,73,51830,买盘
979,14:05:18,7.1,--,9,6390,买盘
980,14:05:15,7.1,--,32,22720,买盘
981,14:05:12,7.1,0.01,13,9230,中性盘
982,14:05:09,7.09,-0.01,2014,1427926,卖盘
983,14:05:06,7.1,-0.01,92,65320,卖盘
984,14:05:03,7.11,0.01,32,22752,买盘
985,14:05:00,7.1,-0.01,22,15620,卖盘
986,14:04:57,7.11,--,5,3555,买盘
987,14:04:51,7.11,0.01,252,179172,买盘
988,14:04:48,7.1,-0.01,1,710,卖盘
989,14:04:45,7.11,0.01,5,3555,买盘
990,14:04:42,7.1,-0.01,167,118570,卖盘
991,14:04:39,7.11,0.01,12,8532,买盘
992,14:04:36,7.1,--,1,710,卖盘
993,14:04:33,7.1,-0.01,880,624800,卖盘
994,14:04:30,7.11,0.01,88,62568,买盘
995,14:04:27,7.1,--,1,710,卖盘
996,14:04:24,7.1,-0.02,1775,1260250,卖盘
997,14:04:18,7.12,--,30,21360,买盘
998,14:04:15,7.12,0.01,27,19224,买盘
999,14:04:12,7.11,0.01,20,14220,买盘
1000,14:04:09,7.1,--,50,35500,卖盘
1001,14:04:06,7.1,-0.01,4,2840,卖盘
1002,14:04:03,7.11,-0.01,3,2133,卖盘
1003,14:04:00,7.12,--,15,10680,买盘
1004,14:03:57,7.12,0.01,68,48416,买盘
1005,14:03:54,7.11,-0.01,3,2133,中性盘
1006,14:03:51,7.12,0.01,9,6408,买盘
1007,14:03:48,7.11,--,9,6399,买盘
1008,14:03:45,7.11,--,68,48348,卖盘
1009,14:03:42,7.11,--,4,2844,卖盘
1010,14:03:39,7.11,-0.01,72,51192,卖盘
1011,14:03:36,7.12,--,31,22072,买盘
1012,14:03:33,7.12,0.02,31,22072,买盘
1013,14:03:30,7.1,-0.02,40,28400,卖盘
1014,14:03:27,7.12,0.01,68,48416,买盘
1015,14:03:24,7.11,--,33,23463,买盘
1016,14:03:18,7.11,--,15,10665,买盘
1017,14:03:15,7.11,--,2,1422,卖盘
1018,14:03:12,7.11,-0.01,34,24174,卖盘
1019,14:03:09,7.12,0.01,11,7832,买盘
1020,14:03:06,7.11,-0.01,2,1422,卖盘
1021,14:03:03,7.12,0.01,31,22072,买盘
1022,14:02:57,7.11,--,56,39816,买盘
1023,14:02:54,7.11,--,51,36261,卖盘
1024,14:02:51,7.11,-0.01,53,37683,卖盘
1025,14:02:48,7.12,0.01,102,72624,买盘
1026,14:02:45,7.11,--,29,20619,卖盘
1027,14:02:42,7.11,--,113,80343,卖盘
1028,14:02:39,7.11,--,138,98118,卖盘
1029,14:02:36,7.11,--,37,26307,卖盘
1030,14:02:30,7.11,--,148,105228,卖盘
1031,14:02:27,7.11,-0.01,9,6399,卖盘
1032,14:02:24,7.12,0.01,14,9968,买盘
1033,14:02:21,7.11,-0.01,6,4266,卖盘
1034,14:02:18,7.12,0.01,183,130296,买盘
1035,14:02:15,7.11,-0.01,28,19908,卖盘
1036,14:02:12,7.12,0.01,23,16376,买盘
1037,14:02:09,7.11,--,27,19197,卖盘
1038,14:02:06,7.11,-0.01,33,23463,卖盘
1039,14:02:03,7.12,0.01,100,71200,买盘
1040,14:02:00,7.11,-0.01,1045,742995,卖盘
1041,14:01:57,7.12,--,34,24208,买盘
1042,14:01:51,7.12,--,291,207192,买盘
1043,14:01:45,7.12,--,86,61232,买盘
1044,14:01:42,7.12,0.01,10,7120,买盘
1045,14:01:39,7.11,--,143,101673,卖盘
1046,14:01:36,7.11,-0.01,17,12087,卖盘
1047,14:01:33,7.12,0.01,34,24208,买盘
1048,14:01:24,7.11,-0.01,42,29862,卖盘
1049,14:01:21,7.12,0.01,21,14952,买盘
1050,14:01:18,7.11,--,58,41238,卖盘
1051,14:01:15,7.11,--,3,2133,卖盘
1052,14:01:12,7.11,--,32,22752,卖盘
1053,14:01:09,7.11,-0.01,312,221832,卖盘
1054,14:01:06,7.12,0.01,69,49128,买盘
1055,14:01:03,7.11,--,1,711,卖盘
1056,14:01:00,7.11,--,55,39105,卖盘
1057,14:00:57,7.11,--,2,1422,卖盘
1058,14:00:54,7.11,--,44,31284,买盘
1059,14:00:51,7.11,-0.01,9,6399,卖盘
1060,14:00:48,7.12,0.01,388,276256,买盘
1061,14:00:45,7.11,--,60,42660,卖盘
1062,14:00:39,7.11,-0.01,34,24174,卖盘
1063,14:00:36,7.12,0.01,48,34176,买盘
1064,14:00:33,7.11,--,229,162819,卖盘
1065,14:00:30,7.11,--,70,49770,卖盘
1066,14:00:27,7.11,--,34,24174,卖盘
1067,14:00:24,7.11,0.01,660,469260,买盘
1068,14:00:18,7.1,--,5,3550,卖盘
1069,14:00:15,7.1,--,168,119280,卖盘
1070,14:00:12,7.1,-0.01,1015,720650,卖盘
1071,14:00:09,7.11,0.01,22,15642,买盘
1072,14:00:06,7.1,-0.01,14,9940,卖盘
1073,14:00:03,7.11,--,30,21330,买盘
1074,14:00:00,7.11,--,10,7110,买盘
1075,13:59:54,7.11,--,40,28440,买盘
1076,13:59:51,7.11,--,10,7110,买盘
1077,13:59:42,7.11,--,87,61857,买盘
1078,13:59:39,7.11,0.01,88,62568,买盘
1079,13:59:36,7.1,--,61,43310,卖盘
1080,13:59:33,7.1,-0.01,107,75970,卖盘
1081,13:59:30,7.11,0.01,113,80343,买盘
1082,13:59:27,7.1,-0.01,105,74550,卖盘
1083,13:59:24,7.11,0.01,20,14220,买盘
1084,13:59:21,7.1,-0.01,32,22720,卖盘
1085,13:59:18,7.11,--,107,76077,卖盘
1086,13:59:15,7.11,--,9,6399,卖盘
1087,13:59:12,7.11,--,321,228231,卖盘
1088,13:59:09,7.11,-0.01,105,74655,卖盘
1089,13:59:06,7.12,0.01,48,34176,买盘
1090,13:59:03,7.11,--,1,711,卖盘
1091,13:59:00,7.11,-0.01,59,41949,卖盘
1092,13:58:57,7.12,--,53,37736,买盘
1093,13:58:51,7.12,0.01,91,64792,买盘
1094,13:58:48,7.11,--,316,224676,卖盘
1095,13:58:42,7.11,-0.01,1063,755793,卖盘
1096,13:58:39,7.12,--,12,8544,买盘
1097,13:58:36,7.12,--,31,22072,买盘
1098,13:58:33,7.12,0.01,1,712,买盘
1099,13:58:30,7.11,-0.01,13,9243,卖盘
1100,13:58:27,7.12,--,2,1424,买盘
1101,13:58:24,7.12,--,109,77608,买盘
1102,13:58:21,7.12,--,16,11392,买盘
1103,13:58:18,7.12,--,21,14952,买盘
1104,13:58:15,7.12,0.01,36,25632,买盘
1105,13:58:12,7.11,-0.01,41,29151,卖盘
1106,13:58:09,7.12,0.01,55,39160,买盘
1107,13:58:06,7.11,--,1,711,卖盘
1108,13:58:03,7.11,--,452,321372,卖盘
1109,13:58:00,7.11,--,10,7110,卖盘
1110,13:57:57,7.11,--,87,61857,卖盘
1111,13:57:54,7.11,-0.01,76,54036,卖盘
1112,13:57:51,7.12,0.01,640,455680,买盘
1113,13:57:48,7.11,--,130,92430,卖盘
1114,13:57:45,7.11,-0.01,6,4266,卖盘
1115,13:57:42,7.12,--,136,96832,买盘
1116,13:57:39,7.12,--,81,57672,买盘
1117,13:57:33,7.12,--,323,229976,买盘
1118,13:57:30,7.12,--,65,46280,买盘
1119,13:57:27,7.12,0.01,50,35600,买盘
1120,13:57:21,7.11,-0.01,1,711,卖盘
1121,13:57:18,7.12,--,34,24208,买盘
1122,13:57:15,7.12,--,26,18512,买盘
1123,13:57:12,7.12,0.01,105,74760,买盘
1124,13:57:09,7.11,--,76,54036,卖盘
1125,13:57:06,7.11,-0.01,47,33417,卖盘
1126,13:57:00,7.12,--,10,7120,买盘
1127,13:56:57,7.12,0.01,32,22784,买盘
1128,13:56:54,7.11,--,85,60435,卖盘
1129,13:56:51,7.11,-0.01,21,14931,卖盘
1130,13:56:48,7.12,--,6,4272,买盘
1131,13:56:45,7.12,--,39,27768,买盘
1132,13:56:39,7.12,--,12,8544,买盘
1133,13:56:36,7.12,0.01,116,82592,买盘
1134,13:56:27,7.11,-0.01,28,19908,卖盘
1135,13:56:24,7.12,0.01,39,27768,买盘
1136,13:56:21,7.11,--,100,71100,卖盘
1137,13:56:18,7.11,-0.01,39,27729,卖盘
1138,13:56:15,7.12,--,11,7832,买盘
1139,13:56:12,7.12,0.01,42,29904,买盘
1140,13:56:09,7.11,--,103,73233,卖盘
1141,13:56:06,7.11,-0.01,1,711,卖盘
1142,13:56:03,7.12,0.01,32,22784,买盘
1143,13:56:00,7.11,--,38,27018,卖盘
1144,13:55:57,7.11,-0.01,62,44082,卖盘
1145,13:55:51,7.12,--,31,22072,买盘
1146,13:55:39,7.12,--,44,31328,买盘
1147,13:55:36,7.12,0.01,54,38448,买盘
1148,13:55:33,7.11,-0.01,2,1422,卖盘
1149,13:55:30,7.12,0.01,32,22784,买盘
1150,13:55:27,7.11,-0.01,13,9243,卖盘
1151,13:55:24,7.12,0.01,60,42720,买盘
1152,13:55:21,7.11,--,90,63990,卖盘
1153,13:55:18,7.11,--,58,41238,卖盘
1154,13:55:15,7.11,--,8,5688,卖盘
1155,13:55:12,7.11,--,40,28440,卖盘
1156,13:55:09,7.11,--,37,26307,卖盘
1157,13:55:06,7.11,-0.01,35,24885,卖盘
1158,13:55:03,7.12,--,5,3560,买盘
1159,13:55:00,7.12,--,3,2136,买盘
1160,13:54:57,7.12,--,45,32040,买盘
1161,13:54:54,7.12,0.01,52,37024,买盘
1162,13:54:48,7.11,--,10,7110,卖盘
1163,13:54:45,7.11,--,41,29151,卖盘
1164,13:54:42,7.11,--,61,43371,卖盘
1165,13:54:39,7.11,--,15,10665,卖盘
1166,13:54:36,7.11,-0.01,20,14220,卖盘
1167,13:54:33,7.12,0.01,86,61232,买盘
1168,13:54:30,7.11,--,4,2844,卖盘
1169,13:54:27,7.11,--,20,14220,卖盘
1170,13:54:24,7.11,-0.01,7,4977,卖盘
1171,13:54:21,7.12,--,34,24208,买盘
1172,13:54:18,7.12,--,3,2136,买盘
1173,13:54:15,7.12,0.01,175,124600,买盘
1174,13:54:12,7.11,--,38,27018,卖盘
1175,13:54:09,7.11,-0.01,212,150732,卖盘
1176,13:54:06,7.12,0.01,1,712,买盘
1177,13:54:03,7.11,-0.01,11,7821,卖盘
1178,13:54:00,7.12,0.01,39,27768,买盘
1179,13:53:57,7.11,--,33,23463,卖盘
1180,13:53:54,7.11,--,20,14220,卖盘
1181,13:53:51,7.11,--,18,12798,卖盘
1182,13:53:48,7.11,--,35,24885,卖盘
1183,13:53:42,7.11,-0.01,306,217566,卖盘
1184,13:53:39,7.12,0.01,42,29904,买盘
1185,13:53:36,7.11,-0.01,2,1422,卖盘
1186,13:53:33,7.12,--,91,64792,买盘
1187,13:53:27,7.12,--,235,167320,买盘
1188,13:53:18,7.12,--,116,82592,买盘
1189,13:53:15,7.12,0.01,182,129584,买盘
1190,13:53:12,7.11,--,65,46215,卖盘
1191,13:53:09,7.11,-0.01,52,36972,卖盘
1192,13:53:06,7.12,0.01,134,95408,买盘
1193,13:53:03,7.11,-0.01,11,7821,卖盘
1194,13:53:00,7.12,--,8,5696,买盘
1195,13:52:54,7.12,--,46,32752,买盘
1196,13:52:51,7.12,--,48,34176,买盘
1197,13:52:45,7.12,--,41,29192,买盘
1198,13:52:39,7.12,--,12,8544,买盘
1199,13:52:33,7.12,--,42,29904,买盘
1200,13:52:30,7.12,--,60,42720,买盘
1201,13:52:24,7.12,0.01,87,61944,买盘
1202,13:52:21,7.11,-0.01,106,75366,卖盘
1203,13:52:18,7.12,0.01,11,7832,买盘
1204,13:52:15,7.11,-0.01,26,18486,卖盘
1205,13:52:12,7.12,--,3,2136,买盘
1206,13:52:09,7.12,0.01,47,33464,买盘
1207,13:52:06,7.11,--,20,14220,卖盘
1208,13:52:03,7.11,--,63,44793,卖盘
1209,13:51:57,7.11,-0.01,17,12087,卖盘
1210,13:51:54,7.12,0.01,154,109648,买盘
1211,13:51:51,7.11,--,162,115182,卖盘
1212,13:51:48,7.11,-0.01,52,36972,卖盘
1213,13:51:45,7.12,0.01,19,13528,买盘
1214,13:51:42,7.11,--,15,10665,卖盘
1215,13:51:39,7.11,-0.01,14,9954,卖盘
1216,13:51:36,7.12,--,27,19224,买盘
1217,13:51:33,7.12,--,90,64080,买盘
1218,13:51:30,7.12,--,62,44144,买盘
1219,13:51:27,7.12,--,154,109648,买盘
1220,13:51:24,7.12,--,10,7120,买盘
1221,13:51:18,7.12,--,50,35600,买盘
1222,13:51:15,7.12,0.01,76,54112,买盘
1223,13:51:12,7.11,-0.01,5,3555,卖盘
1224,13:51:09,7.12,--,12,8544,买盘
1225,13:51:06,7.12,--,6,4272,买盘
1226,13:51:03,7.12,0.01,33,23496,买盘
1227,13:51:00,7.11,-0.01,2,1422,卖盘
1228,13:50:57,7.12,--,100,71200,买盘
1229,13:50:54,7.12,--,31,22072,买盘
1230,13:50:51,7.12,0.01,1,712,买盘
1231,13:50:48,7.11,-0.01,5,3555,卖盘
1232,13:50:45,7.12,--,1,712,买盘
1233,13:50:42,7.12,--,32,22784,买盘
1234,13:50:39,7.12,0.01,56,39872,买盘
1235,13:50:33,7.11,-0.01,82,58302,卖盘
1236,13:50:30,7.12,0.01,81,57672,买盘
1237,13:50:27,7.11,--,91,64701,卖盘
1238,13:50:21,7.11,--,130,92430,卖盘
1239,13:50:18,7.11,--,1,711,卖盘
1240,13:50:15,7.11,--,1,711,卖盘
1241,13:50:12,7.11,--,81,57591,卖盘
1242,13:50:09,7.11,--,45,31995,卖盘
1243,13:50:06,7.11,--,61,43371,卖盘
1244,13:50:03,7.11,--,86,61146,卖盘
1245,13:50:00,7.11,-0.01,7,4977,卖盘
1246,13:49:57,7.12,0.01,87,61944,买盘
1247,13:49:51,7.11,--,2,1422,卖盘
1248,13:49:48,7.11,--,66,46926,卖盘
1249,13:49:45,7.11,--,15,10665,卖盘
1250,13:49:42,7.11,-0.01,10,7110,卖盘
1251,13:49:39,7.12,0.01,34,24208,买盘
1252,13:49:36,7.11,--,38,27018,卖盘
1253,13:49:33,7.11,--,70,49770,卖盘
1254,13:49:27,7.11,--,371,263781,买盘
1255,13:49:24,7.11,--,86,61146,买盘
1256,13:49:21,7.11,--,30,21330,买盘
1257,13:49:18,7.11,--,90,63990,买盘
1258,13:49:15,7.11,0.01,130,92430,买盘
1259,13:49:12,7.1,-0.01,3,2130,卖盘
1260,13:49:09,7.11,0.01,34,24174,买盘
1261,13:49:06,7.1,--,40,28400,卖盘
1262,13:49:03,7.1,--,516,366360,卖盘
1263,13:49:00,7.1,--,8,5680,卖盘
1264,13:48:51,7.1,-0.01,231,164010,卖盘
1265,13:48:48,7.11,--,7,4977,买盘
1266,13:48:45,7.11,--,533,378963,买盘
1267,13:48:42,7.11,--,80,56880,买盘
1268,13:48:39,7.11,--,52,36972,买盘
1269,13:48:36,7.11,0.01,38,27018,买盘
1270,13:48:33,7.1,-0.01,7,4970,卖盘
1271,13:48:30,7.11,0.01,34,24174,买盘
1272,13:48:27,7.1,--,5,3550,卖盘
1273,13:48:24,7.1,--,88,62480,卖盘
1274,13:48:21,7.1,-0.01,1,710,卖盘
1275,13:48:18,7.11,--,33,23463,买盘
1276,13:48:12,7.11,0.01,509,361899,买盘
1277,13:48:09,7.1,-0.01,193,137030,卖盘
1278,13:48:06,7.11,--,106,75366,买盘
1279,13:48:03,7.11,--,100,71100,买盘
1280,13:48:00,7.11,--,23,16353,买盘
1281,13:47:57,7.11,--,137,97407,买盘
1282,13:47:54,7.11,--,510,362610,买盘
1283,13:47:45,7.11,--,129,91719,买盘
1284,13:47:42,7.11,0.01,209,148599,买盘
1285,13:47:39,7.1,--,14,9940,卖盘
1286,13:47:36,7.1,-0.01,21,14910,卖盘
1287,13:47:33,7.11,0.01,286,203346,买盘
1288,13:47:30,7.1,-0.01,15,10650,卖盘
1289,13:47:27,7.11,0.01,500,355500,买盘
1290,13:47:24,7.1,--,50,35500,卖盘
1291,13:47:21,7.1,-0.01,194,137740,卖盘
1292,13:47:18,7.11,0.01,2332,1658052,买盘
1293,13:47:15,7.1,-0.01,91,64610,卖盘
1294,13:47:12,7.11,--,116,82476,买盘
1295,13:47:09,7.11,--,12,8532,买盘
1296,13:47:06,7.11,0.01,9,6399,买盘
1297,13:47:03,7.1,--,20,14200,卖盘
1298,13:47:00,7.1,-0.01,66,46860,卖盘
1299,13:46:57,7.11,--,183,130113,买盘
1300,13:46:54,7.11,--,500,355500,买盘
1301,13:46:51,7.11,--,33,23463,买盘
1302,13:46:42,7.11,--,200,142200,买盘
1303,13:46:39,7.11,--,47,33417,买盘
1304,13:46:36,7.11,0.01,8,5688,买盘
1305,13:46:33,7.1,--,6,4260,卖盘
1306,13:46:30,7.1,--,14,9940,卖盘
1307,13:46:27,7.1,-0.01,49,34790,卖盘
1308,13:46:24,7.11,0.01,11,7821,买盘
1309,13:46:21,7.1,-0.01,60,42600,卖盘
1310,13:46:18,7.11,0.01,53,37683,买盘
1311,13:46:15,7.1,--,8,5680,卖盘
1312,13:46:12,7.1,--,33,23430,卖盘
1313,13:46:09,7.1,--,24,17040,卖盘
1314,13:46:06,7.1,-0.01,43,30814,卖盘
1315,13:46:03,7.11,--,1,711,买盘
1316,13:46:00,7.11,--,76,54036,买盘
1317,13:45:57,7.11,--,9,6399,买盘
1318,13:45:54,7.11,--,31,22041,买盘
1319,13:45:51,7.11,0.01,52,36972,买盘
1320,13:45:48,7.1,-0.01,1,710,卖盘
1321,13:45:45,7.11,--,30,21330,买盘
1322,13:45:42,7.11,--,110,78210,买盘
1323,13:45:39,7.11,--,212,150732,买盘
1324,13:45:36,7.11,--,68,48348,买盘
1325,13:45:33,7.11,0.01,32,22752,买盘
1326,13:45:30,7.1,--,1,710,卖盘
1327,13:45:27,7.1,--,1,710,卖盘
1328,13:45:24,7.1,-0.01,5,3550,卖盘
1329,13:45:21,7.11,--,65,46215,买盘
1330,13:45:18,7.11,--,527,374697,买盘
1331,13:45:12,7.11,0.01,35,24885,买盘
1332,13:45:09,7.1,--,113,80230,卖盘
1333,13:45:06,7.1,--,19,13490,卖盘
1334,13:45:03,7.1,-0.01,51,36210,卖盘
1335,13:45:00,7.11,--,34,24174,买盘
1336,13:44:57,7.11,0.01,127,90297,买盘
1337,13:44:54,7.1,-0.01,20,14200,卖盘
1338,13:44:48,7.11,0.01,43,30573,买盘
1339,13:44:45,7.1,-0.01,2,1420,卖盘
1340,13:44:42,7.11,--,485,344835,买盘
1341,13:44:39,7.11,0.01,262,186282,买盘
1342,13:44:33,7.1,--,49,34790,卖盘
1343,13:44:30,7.1,-0.01,160,113600,卖盘
1344,13:44:27,7.11,0.01,36,25596,买盘
1345,13:44:21,7.1,-0.01,39,27690,卖盘
1346,13:44:15,7.11,0.01,85,60435,买盘
1347,13:44:12,7.1,-0.01,1,710,卖盘
1348,13:44:09,7.11,--,11,7821,买盘
1349,13:44:06,7.11,0.01,32,22752,买盘
1350,13:44:03,7.1,--,200,142000,卖盘
1351,13:43:57,7.1,-0.01,5,3550,卖盘
1352,13:43:54,7.11,--,137,97407,买盘
1353,13:43:51,7.11,0.01,210,149310,买盘
1354,13:43:48,7.1,--,63,44730,卖盘
1355,13:43:45,7.1,-0.01,6,4260,卖盘
1356,13:43:42,7.11,--,54,38394,买盘
1357,13:43:39,7.11,0.01,212,150732,买盘
1358,13:43:33,7.1,--,58,41180,卖盘
1359,13:43:30,7.1,-0.01,4,2840,卖盘
1360,13:43:27,7.11,0.01,102,72522,买盘
1361,13:43:24,7.1,--,10,7100,卖盘
1362,13:43:21,7.1,-0.01,59,41890,卖盘
1363,13:43:18,7.11,0.01,19,13509,买盘
1364,13:43:15,7.1,--,65,46150,卖盘
1365,13:43:12,7.1,--,4,2840,卖盘
1366,13:43:09,7.1,--,57,40754,卖盘
1367,13:43:06,7.1,-0.01,5,3550,卖盘
1368,13:43:03,7.11,0.01,800,568800,买盘
1369,13:43:00,7.1,--,48,34080,卖盘
1370,13:42:51,7.1,-0.01,284,201640,卖盘
1371,13:42:48,7.11,0.01,324,230364,买盘
1372,13:42:45,7.1,--,4,2840,卖盘
1373,13:42:42,7.1,--,335,237850,卖盘
1374,13:42:39,7.1,--,234,166140,卖盘
1375,13:42:36,7.1,-0.01,44,31240,卖盘
1376,13:42:27,7.11,--,52,36972,买盘
1377,13:42:21,7.11,0.01,8,5688,买盘
1378,13:42:18,7.1,--,90,63900,卖盘
1379,13:42:15,7.1,-0.01,36,25560,卖盘
1380,13:42:12,7.11,--,56,39816,买盘
1381,13:42:09,7.11,0.01,25,17775,买盘
1382,13:42:06,7.1,-0.01,202,143420,卖盘
1383,13:42:03,7.11,0.01,30,21330,买盘
1384,13:42:00,7.1,-0.01,59,41890,卖盘
1385,13:41:57,7.11,--,7,4977,买盘
1386,13:41:51,7.11,0.01,88,62568,买盘
1387,13:41:48,7.1,--,15,10650,卖盘
1388,13:41:45,7.1,-0.01,42,29820,卖盘
1389,13:41:42,7.11,--,32,22752,买盘
1390,13:41:39,7.11,0.01,12,8532,买盘
1391,13:41:36,7.1,0.01,109,77390,买盘
1392,13:41:33,7.09,-0.01,10,7090,卖盘
1393,13:41:30,7.1,--,65,46150,买盘
1394,13:41:24,7.1,0.01,74,52540,买盘
1395,13:41:21,7.09,-0.01,7,4963,卖盘
1396,13:41:18,7.1,0.01,33,23430,买盘
1397,13:41:15,7.09,-0.01,6,4254,卖盘
1398,13:41:12,7.1,--,75,53250,买盘
1399,13:41:09,7.1,0.01,49,34790,买盘
1400,13:41:06,7.09,--,1,709,卖盘
1401,13:41:00,7.09,-0.01,1,709,卖盘
1402,13:40:57,7.1,0.01,39,27690,买盘
1403,13:40:54,7.09,-0.01,7,4963,卖盘
1404,13:40:51,7.1,--,4,2840,买盘
1405,13:40:48,7.1,-0.01,28,19880,中性盘
1406,13:40:45,7.11,0.01,55,39105,买盘
1407,13:40:42,7.1,--,156,110760,卖盘
1408,13:40:39,7.1,--,21,14910,卖盘
1409,13:40:36,7.1,--,244,173240,卖盘
1410,13:40:30,7.1,-0.01,34,24140,卖盘
1411,13:40:24,7.11,0.01,53,37683,买盘
1412,13:40:21,7.1,--,8,5680,买盘
1413,13:40:18,7.1,--,579,411090,卖盘
1414,13:40:15,7.1,-0.01,47,33370,卖盘
1415,13:40:12,7.11,--,73,51903,买盘
1416,13:40:09,7.11,0.01,76,54036,买盘
1417,13:40:03,7.1,--,50,35500,卖盘
1418,13:40:00,7.1,--,1,710,卖盘
1419,13:39:57,7.1,--,24,17040,卖盘
1420,13:39:54,7.1,--,318,225780,买盘
1421,13:39:51,7.1,0.01,173,122830,买盘
1422,13:39:48,7.09,--,20,14180,卖盘
1423,13:39:45,7.09,--,5,3545,卖盘
1424,13:39:42,7.09,-0.01,40,28360,卖盘
1425,13:39:39,7.1,0.01,186,132060,买盘
1426,13:39:36,7.09,-0.01,3,2127,卖盘
1427,13:39:33,7.1,--,224,159565,买盘
1428,13:39:30,7.1,--,54,38340,买盘
1429,13:39:27,7.1,--,27,19170,买盘
1430,13:39:24,7.1,0.01,12,8520,买盘
1431,13:39:21,7.09,-0.01,15,10635,卖盘
1432,13:39:18,7.1,0.01,51,36210,买盘
1433,13:39:15,7.09,-0.01,88,62392,卖盘
1434,13:39:09,7.1,--,72,51120,买盘
1435,13:39:06,7.1,0.01,32,22720,买盘
1436,13:39:03,7.09,-0.01,26,18434,卖盘
1437,13:39:00,7.1,--,67,47570,买盘
1438,13:38:57,7.1,0.01,80,56800,买盘
1439,13:38:54,7.09,-0.01,33,23397,卖盘
1440,13:38:51,7.1,--,12,8520,买盘
1441,13:38:48,7.1,--,16,11360,买盘
1442,13:38:45,7.1,--,31,22010,买盘
1443,13:38:42,7.1,--,10,7100,买盘
1444,13:38:39,7.1,0.01,13,9230,买盘
1445,13:38:36,7.09,-0.01,1,709,卖盘
1446,13:38:33,7.1,--,228,161880,买盘
1447,13:38:30,7.1,0.01,71,50410,买盘
1448,13:38:27,7.09,--,191,135419,卖盘
1449,13:38:24,7.09,-0.01,109,77281,卖盘
1450,13:38:18,7.1,--,60,42600,买盘
1451,13:38:15,7.1,0.01,25,17750,买盘
1452,13:38:12,7.09,--,36,25524,卖盘
1453,13:38:09,7.09,-0.01,327,231843,卖盘
1454,13:38:06,7.1,--,106,75260,买盘
1455,13:38:03,7.1,--,7,4970,买盘
1456,13:38:00,7.1,0.01,411,291810,买盘
1457,13:37:57,7.09,-0.01,31,21979,卖盘
1458,13:37:54,7.1,--,87,61770,买盘
1459,13:37:51,7.1,--,104,73840,买盘
1460,13:37:48,7.1,--,24,17040,买盘
1461,13:37:42,7.1,-0.01,28,19880,卖盘
1462,13:37:39,7.11,--,45,31995,买盘
1463,13:37:33,7.11,--,320,227520,买盘
1464,13:37:30,7.11,--,61,43371,买盘
1465,13:37:27,7.11,0.01,40,28440,买盘
1466,13:37:21,7.1,--,17,12070,卖盘
1467,13:37:18,7.1,--,36,25560,买盘
1468,13:37:15,7.1,--,301,213710,买盘
1469,13:37:09,7.1,--,13,9230,买盘
1470,13:37:06,7.1,--,40,28400,买盘
1471,13:37:03,7.1,--,80,56800,买盘
1472,13:37:00,7.1,0.01,15,10650,买盘
1473,13:36:57,7.09,-0.01,12,8508,卖盘
1474,13:36:54,7.1,0.01,29,20590,买盘
1475,13:36:51,7.09,-0.01,6,4254,卖盘
1476,13:36:48,7.1,-0.01,76,53960,卖盘
1477,13:36:45,7.11,0.01,37,26307,买盘
1478,13:36:42,7.1,--,2,1420,卖盘
1479,13:36:39,7.1,--,13,9230,卖盘
1480,13:36:36,7.1,--,110,78100,卖盘
1481,13:36:33,7.1,-0.01,273,193830,卖盘
1482,13:36:30,7.11,0.01,7,4977,买盘
1483,13:36:27,7.1,--,6,4260,卖盘
1484,13:36:24,7.1,-0.01,19,13490,卖盘
1485,13:36:21,7.11,0.02,48,34128,买盘
1486,13:36:18,7.09,-0.01,1,709,卖盘
1487,13:36:15,7.1,-0.01,1,710,买盘
1488,13:36:12,7.11,--,28,19908,买盘
1489,13:36:09,7.11,0.01,198,140778,买盘
1490,13:36:06,7.1,-0.01,45,31950,卖盘
1491,13:36:03,7.11,0.01,54,38394,买盘
1492,13:36:00,7.1,--,144,102240,卖盘
1493,13:35:54,7.1,--,105,74550,买盘
1494,13:35:51,7.1,--,66,46860,买盘
1495,13:35:48,7.1,--,33,23430,买盘
1496,13:35:45,7.1,--,103,73130,买盘
1497,13:35:42,7.1,--,7,4970,买盘
1498,13:35:39,7.1,0.01,54,38340,买盘
1499,13:35:36,7.09,--,1,709,卖盘
1500,13:35:33,7.09,--,1,709,卖盘
1501,13:35:27,7.09,-0.01,33,23397,卖盘
1502,13:35:21,7.1,--,486,345060,卖盘
1503,13:35:18,7.1,-0.01,5,3550,卖盘
1504,13:35:15,7.11,0.01,51,36261,买盘
1505,13:35:12,7.1,-0.01,55,39050,卖盘
1506,13:35:09,7.11,0.01,37,26307,买盘
1507,13:35:06,7.1,--,32,22720,卖盘
1508,13:35:03,7.1,-0.01,5,3550,卖盘
1509,13:35:00,7.11,0.01,54,38394,买盘
1510,13:34:57,7.1,--,1,710,卖盘
1511,13:34:54,7.1,-0.01,34,24140,卖盘
1512,13:34:51,7.11,--,645,458595,买盘
1513,13:34:48,7.11,0.01,7,4977,买盘
1514,13:34:45,7.1,-0.01,6,4260,卖盘
1515,13:34:42,7.11,0.01,43,30573,买盘
1516,13:34:39,7.1,-0.01,17,12070,卖盘
1517,13:34:36,7.11,0.01,6,4266,买盘
1518,13:34:33,7.1,-0.01,28,19880,卖盘
1519,13:34:30,7.11,0.01,58,41238,买盘
1520,13:34:24,7.1,--,194,137740,卖盘
1521,13:34:21,7.1,-0.01,45,31950,卖盘
1522,13:34:18,7.11,0.01,56,39816,买盘
1523,13:34:12,7.1,--,125,88750,卖盘
1524,13:34:09,7.1,--,104,73840,卖盘
1525,13:34:06,7.1,-0.01,72,51120,卖盘
1526,13:34:03,7.11,--,11,7821,买盘
1527,13:34:00,7.11,0.01,43,30573,买盘
1528,13:33:57,7.1,0.01,60,42600,买盘
1529,13:33:54,7.09,-0.01,1025,726725,卖盘
1530,13:33:51,7.1,--,1,710,买盘
1531,13:33:48,7.1,--,35,24850,买盘
1532,13:33:45,7.1,0.01,85,60350,买盘
1533,13:33:42,7.09,-0.01,9,6381,卖盘
1534,13:33:39,7.1,0.01,22,15620,买盘
1535,13:33:36,7.09,-0.01,30,21270,卖盘
1536,13:33:33,7.1,0.01,84,59640,买盘
1537,13:33:27,7.09,-0.01,21,14889,卖盘
1538,13:33:24,7.1,0.01,57,40470,买盘
1539,13:33:21,7.09,--,26,18434,卖盘
1540,13:33:18,7.09,--,4,2836,卖盘
1541,13:33:15,7.09,-0.01,26,18434,卖盘
1542,13:33:12,7.1,--,83,58930,买盘
1543,13:33:09,7.1,0.01,15,10650,买盘
1544,13:33:00,7.09,-0.01,94,66646,卖盘
1545,13:32:57,7.1,--,40,28400,买盘
1546,13:32:54,7.1,0.01,34,24140,买盘
1547,13:32:51,7.09,-0.01,39,28040,卖盘
1548,13:32:48,7.1,0.01,6,4260,买盘
1549,13:32:42,7.09,-0.01,308,218372,卖盘
1550,13:32:39,7.1,--,46,32660,买盘
1551,13:32:36,7.1,0.01,231,164010,买盘
1552,13:32:33,7.09,-0.01,5,3545,卖盘
1553,13:32:30,7.1,--,48,34080,买盘
1554,13:32:21,7.1,0.01,10,7100,买盘
1555,13:32:18,7.09,-0.01,41,29069,卖盘
1556,13:32:15,7.1,0.01,3,2130,买盘
1557,13:32:12,7.09,--,1,709,卖盘
1558,13:32:09,7.09,-0.01,96,68064,卖盘
1559,13:32:06,7.1,0.01,84,59640,买盘
1560,13:32:03,7.09,-0.01,1,709,卖盘
1561,13:32:00,7.1,--,35,24850,买盘
1562,13:31:57,7.1,--,88,62480,买盘
1563,13:31:51,7.1,0.01,308,218680,买盘
1564,13:31:48,7.09,-0.01,2,1772,卖盘
1565,13:31:45,7.1,--,37,26270,买盘
1566,13:31:42,7.1,0.01,64,45440,买盘
1567,13:31:39,7.09,--,62,43958,卖盘
1568,13:31:36,7.09,--,1,709,卖盘
1569,13:31:33,7.09,-0.01,47,33323,卖盘
1570,13:31:30,7.1,0.01,21,14910,买盘
1571,13:31:27,7.09,-0.01,41,29069,卖盘
1572,13:31:24,7.1,0.01,33,23430,买盘
1573,13:31:21,7.09,-0.01,1,709,卖盘
1574,13:31:18,7.1,--,73,51830,买盘
1575,13:31:12,7.1,--,42,29820,买盘
1576,13:31:09,7.1,0.01,13,9230,买盘
1577,13:31:06,7.09,-0.01,1,709,卖盘
1578,13:31:03,7.1,0.01,1,710,买盘
1579,13:31:00,7.09,--,60,42540,卖盘
1580,13:30:57,7.09,-0.01,26,18434,卖盘
1581,13:30:54,7.1,--,104,73840,买盘
1582,13:30:51,7.1,--,34,24140,买盘
1583,13:30:48,7.1,--,8,5680,买盘
1584,13:30:45,7.1,--,21,14910,买盘
1585,13:30:42,7.1,--,47,33370,买盘
1586,13:30:39,7.1,--,162,115020,卖盘
1587,13:30:36,7.1,--,22,15620,卖盘
1588,13:30:30,7.1,--,14,9940,买盘
1589,13:30:27,7.1,0.01,116,82360,买盘
1590,13:30:24,7.09,--,9,6381,卖盘
1591,13:30:21,7.09,--,287,203483,卖盘
1592,13:30:18,7.09,-0.01,112,79408,卖盘
1593,13:30:15,7.1,0.01,13,9230,买盘
1594,13:30:12,7.09,-0.01,203,143927,卖盘
1595,13:30:09,7.1,-0.01,38,26980,买盘
1596,13:30:06,7.11,0.01,108,76788,买盘
1597,13:30:03,7.1,--,158,112790,卖盘
1598,13:30:00,7.1,--,850,603500,卖盘
1599,13:29:54,7.1,-0.01,87,61770,卖盘
1600,13:29:51,7.11,--,140,99540,买盘
1601,13:29:48,7.11,0.01,88,62568,买盘
1602,13:29:45,7.1,--,183,129930,卖盘
1603,13:29:42,7.1,--,2,1420,卖盘
1604,13:29:39,7.1,--,120,85200,卖盘
1605,13:29:33,7.1,--,66,46860,卖盘
1606,13:29:27,7.1,--,57,40470,卖盘
1607,13:29:24,7.1,-0.01,52,36920,卖盘
1608,13:29:21,7.11,0.01,37,26307,买盘
1609,13:29:18,7.1,--,5,3550,卖盘
1610,13:29:15,7.1,-0.01,19,13490,卖盘
1611,13:29:12,7.11,--,122,86742,买盘
1612,13:29:09,7.11,0.01,37,26307,买盘
1613,13:29:06,7.1,--,75,53250,卖盘
1614,13:29:03,7.1,--,33,23430,卖盘
1615,13:29:00,7.1,--,59,41890,卖盘
1616,13:28:57,7.1,-0.01,313,222230,卖盘
1617,13:28:54,7.11,--,56,39816,买盘
1618,13:28:51,7.11,--,869,617859,买盘
1619,13:28:48,7.11,--,228,162108,买盘
1620,13:28:45,7.11,--,6,4266,买盘
1621,13:28:42,7.11,--,65,46215,买盘
1622,13:28:39,7.11,--,11,7821,买盘
1623,13:28:36,7.11,0.01,45,31995,买盘
1624,13:28:33,7.1,--,20,14200,卖盘
1625,13:28:30,7.1,-0.01,116,82360,卖盘
1626,13:28:27,7.11,0.01,60,42660,买盘
1627,13:28:24,7.1,--,10,7100,卖盘
1628,13:28:21,7.1,--,6,4260,卖盘
1629,13:28:18,7.1,-0.01,24,17040,卖盘
1630,13:28:15,7.11,0.01,34,24174,买盘
1631,13:28:12,7.1,--,2,1420,卖盘
1632,13:28:09,7.1,--,29,20590,卖盘
1633,13:28:06,7.1,-0.01,40,28400,卖盘
1634,13:28:03,7.11,0.01,56,39816,买盘
1635,13:28:00,7.1,--,33,23430,卖盘
1636,13:27:54,7.1,-0.01,80,56800,卖盘
1637,13:27:51,7.11,--,34,24174,买盘
1638,13:27:48,7.11,0.01,74,52614,买盘
1639,13:27:45,7.1,--,150,106500,卖盘
1640,13:27:42,7.1,--,53,37630,卖盘
1641,13:27:39,7.1,-0.01,45,31950,卖盘
1642,13:27:36,7.11,--,5,3555,买盘
1643,13:27:33,7.11,--,79,56169,买盘
1644,13:27:30,7.11,--,32,22752,买盘
1645,13:27:27,7.11,--,127,90297,买盘
1646,13:27:24,7.11,0.01,29,20619,买盘
1647,13:27:21,7.1,--,60,42600,卖盘
1648,13:27:18,7.1,--,1,710,卖盘
1649,13:27:12,7.1,-0.01,40,28400,卖盘
1650,13:27:09,7.11,0.01,50,35550,买盘
1651,13:27:06,7.1,--,104,73840,卖盘
1652,13:27:03,7.1,--,35,24850,卖盘
1653,13:27:00,7.1,-0.01,54,38340,卖盘
1654,13:26:57,7.11,--,65,46215,买盘
1655,13:26:54,7.11,0.01,92,65412,买盘
1656,13:26:51,7.1,--,18,12780,卖盘
1657,13:26:48,7.1,-0.01,149,105790,卖盘
1658,13:26:45,7.11,0.01,54,38394,买盘
1659,13:26:42,7.1,--,70,49700,卖盘
1660,13:26:39,7.1,--,23,16330,卖盘
1661,13:26:36,7.1,-0.01,35,24850,卖盘
1662,13:26:33,7.11,0.01,5,3555,买盘
1663,13:26:30,7.1,--,1,710,卖盘
1664,13:26:27,7.1,-0.01,19,13490,卖盘
1665,13:26:24,7.11,0.01,54,38394,买盘
1666,13:26:18,7.1,-0.01,804,570840,卖盘
1667,13:26:15,7.11,0.01,101,71811,买盘
1668,13:26:12,7.1,-0.01,3,2130,卖盘
1669,13:26:09,7.11,0.01,12,8532,买盘
1670,13:26:06,7.1,--,1,710,卖盘
1671,13:26:03,7.1,-0.01,712,505520,卖盘
1672,13:25:54,7.11,--,15,10665,买盘
1673,13:25:51,7.11,0.01,31,22041,买盘
1674,13:25:48,7.1,-0.01,7,4970,卖盘
1675,13:25:45,7.11,--,104,73944,买盘
1676,13:25:42,7.11,--,37,26307,买盘
1677,13:25:39,7.11,--,12,8532,买盘
1678,13:25:30,7.11,0.01,52,36972,买盘
1679,13:25:27,7.1,--,11,7810,卖盘
1680,13:25:24,7.1,--,1,710,卖盘
1681,13:25:21,7.1,-0.01,30,21300,卖盘
1682,13:25:18,7.11,0.01,45,31995,买盘
1683,13:25:15,7.1,--,58,41180,卖盘
1684,13:25:12,7.1,--,51,36210,卖盘
1685,13:25:09,7.1,-0.01,95,67450,卖盘
1686,13:25:06,7.11,0.01,46,32706,买盘
1687,13:25:03,7.1,--,1,710,卖盘
1688,13:25:00,7.1,-0.01,92,65320,卖盘
1689,13:24:57,7.11,0.01,166,118026,买盘
1690,13:24:54,7.1,-0.01,9,6390,卖盘
1691,13:24:51,7.11,0.01,3,2133,买盘
1692,13:24:48,7.1,-0.01,300,213000,卖盘
1693,13:24:45,7.11,--,36,25596,买盘
1694,13:24:42,7.11,0.01,74,52614,买盘
1695,13:24:39,7.1,--,46,32660,卖盘
1696,13:24:36,7.1,-0.01,566,401860,卖盘
1697,13:24:30,7.11,--,7,4977,买盘
1698,13:24:27,7.11,0.01,18,12798,买盘
1699,13:24:24,7.1,--,39,27690,卖盘
1700,13:24:21,7.1,--,5,3550,卖盘
1701,13:24:15,7.1,-0.01,2,1420,卖盘
1702,13:24:12,7.11,--,38,27018,买盘
1703,13:24:09,7.11,--,22,15642,买盘
1704,13:24:06,7.11,--,51,36261,买盘
1705,13:24:03,7.11,0.01,136,96696,买盘
1706,13:24:00,7.1,-0.01,8,5680,卖盘
1707,13:23:57,7.11,--,3,2133,买盘
1708,13:23:51,7.11,0.01,36,25596,买盘
1709,13:23:48,7.1,--,20,14200,卖盘
1710,13:23:42,7.1,-0.01,84,59640,卖盘
1711,13:23:39,7.11,0.01,245,174195,买盘
1712,13:23:36,7.1,--,37,26270,卖盘
1713,13:23:33,7.1,--,3,2130,卖盘
1714,13:23:30,7.1,--,56,39760,卖盘
1715,13:23:27,7.1,--,2,1420,卖盘
1716,13:23:24,7.1,0.01,103,73229,买盘
1717,13:23:18,7.09,-0.01,40,28360,卖盘
1718,13:23:15,7.1,0.01,17,12070,买盘
1719,13:23:12,7.09,-0.01,3,2127,卖盘
1720,13:23:09,7.1,--,11,7810,买盘
1721,13:23:06,7.1,0.01,45,31950,买盘
1722,13:23:03,7.09,-0.01,7,4963,卖盘
1723,13:22:57,7.1,0.01,167,118570,买盘
1724,13:22:54,7.09,--,19,13471,卖盘
1725,13:22:51,7.09,--,1,709,卖盘
1726,13:22:48,7.09,-0.01,2,1418,卖盘
1727,13:22:45,7.1,--,36,25560,买盘
1728,13:22:42,7.1,0.01,2,1420,买盘
1729,13:22:39,7.09,--,75,53175,卖盘
1730,13:22:36,7.09,-0.01,172,121948,卖盘
1731,13:22:33,7.1,0.01,37,26270,买盘
1732,13:22:30,7.09,--,10,7090,卖盘
1733,13:22:27,7.09,--,1,709,卖盘
1734,13:22:24,7.09,-0.01,1,709,卖盘
1735,13:22:21,7.1,--,52,36920,买盘
1736,13:22:18,7.1,0.01,4,2840,买盘
1737,13:22:15,7.09,--,6,4254,卖盘
1738,13:22:12,7.09,-0.01,36,25524,卖盘
1739,13:22:09,7.1,--,12,8520,买盘
1740,13:22:06,7.1,0.01,18,12780,买盘
1741,13:22:03,7.09,-0.01,982,696238,卖盘
1742,13:22:00,7.1,--,38,26980,买盘
1743,13:21:57,7.1,0.01,566,401860,买盘
1744,13:21:54,7.09,--,17,12364,卖盘
1745,13:21:51,7.09,--,10,7090,卖盘
1746,13:21:48,7.09,--,137,97133,卖盘
1747,13:21:45,7.09,--,2,1418,卖盘
1748,13:21:42,7.09,-0.01,5,3545,卖盘
1749,13:21:39,7.1,0.01,99,70290,买盘
1750,13:21:36,7.09,-0.01,110,78004,卖盘
1751,13:21:33,7.1,--,24,17040,买盘
1752,13:21:27,7.1,0.01,36,25560,买盘
1753,13:21:24,7.09,--,1,709,卖盘
1754,13:21:21,7.09,--,7,4963,卖盘
1755,13:21:18,7.09,-0.01,1,709,卖盘
1756,13:21:15,7.1,0.01,33,23430,买盘
1757,13:21:12,7.09,-0.01,57,40462,卖盘
1758,13:21:09,7.1,0.01,309,219390,买盘
1759,13:21:06,7.09,--,42,29778,卖盘
1760,13:21:03,7.09,-0.01,130,92170,卖盘
1761,13:21:00,7.1,0.01,54,38340,买盘
1762,13:20:57,7.09,--,5,3545,卖盘
1763,13:20:54,7.09,--,129,91461,卖盘
1764,13:20:51,7.09,--,6,4636,卖盘
1765,13:20:48,7.09,-0.01,20,14180,卖盘
1766,13:20:45,7.1,--,11,7810,买盘
1767,13:20:42,7.1,0.01,90,63900,买盘
1768,13:20:39,7.09,--,69,48921,卖盘
1769,13:20:36,7.09,-0.01,71,50339,卖盘
1770,13:20:33,7.1,--,213,151230,买盘
1771,13:20:27,7.1,0.01,668,474280,买盘
1772,13:20:24,7.09,-0.01,1,709,卖盘
1773,13:20:21,7.1,0.01,36,25560,买盘
1774,13:20:15,7.09,--,10,7090,卖盘
1775,13:20:12,7.09,-0.01,1,709,卖盘
1776,13:20:09,7.1,--,59,42344,买盘
1777,13:20:03,7.1,0.01,73,51830,买盘
1778,13:20:00,7.09,--,49,34741,卖盘
1779,13:19:54,7.09,--,10,7090,卖盘
1780,13:19:51,7.09,--,16,11344,卖盘
1781,13:19:48,7.09,-0.01,120,85703,卖盘
1782,13:19:45,7.1,0.01,99,70290,买盘
1783,13:19:39,7.09,-0.01,25,17725,卖盘
1784,13:19:36,7.1,--,51,36210,买盘
1785,13:19:33,7.1,0.01,57,40470,买盘
1786,13:19:30,7.09,--,149,105641,卖盘
1787,13:19:27,7.09,-0.01,43,30487,卖盘
1788,13:19:24,7.1,--,102,72420,买盘
1789,13:19:15,7.1,0.01,62,44020,买盘
1790,13:19:12,7.09,-0.01,1,709,卖盘
1791,13:19:09,7.1,--,131,93010,买盘
1792,13:19:03,7.1,0.01,88,62671,买盘
1793,13:19:00,7.09,-0.01,35,24815,卖盘
1794,13:18:54,7.1,0.01,247,175370,买盘
1795,13:18:48,7.09,--,13,9217,卖盘
1796,13:18:45,7.09,-0.01,10,7090,卖盘
1797,13:18:42,7.1,0.01,42,29820,买盘
1798,13:18:39,7.09,--,44,31196,卖盘
1799,13:18:36,7.09,-0.01,3,2127,卖盘
1800,13:18:33,7.1,--,54,38340,买盘
1801,13:18:30,7.1,0.01,44,31240,买盘
1802,13:18:27,7.09,--,1,709,卖盘
1803,13:18:24,7.09,--,30,21270,卖盘
1804,13:18:21,7.09,--,60,42710,卖盘
1805,13:18:18,7.09,--,1,709,卖盘
1806,13:18:12,7.09,-0.01,113,80117,卖盘
1807,13:18:09,7.1,0.01,44,31240,买盘
1808,13:18:06,7.09,--,31,21979,卖盘
1809,13:18:03,7.09,-0.01,49,34741,卖盘
1810,13:17:57,7.1,0.02,68,48280,买盘
1811,13:17:54,7.08,-0.01,598,423384,卖盘
1812,13:17:51,7.09,--,335,237515,买盘
1813,13:17:48,7.09,--,42,29778,买盘
1814,13:17:45,7.09,--,49,34741,买盘
1815,13:17:42,7.09,--,9,6381,买盘
1816,13:17:39,7.09,--,14,9926,买盘
1817,13:17:36,7.09,0.01,34,24106,买盘
1818,13:17:33,7.08,-0.01,290,205320,卖盘
1819,13:17:30,7.09,0.01,64,45376,买盘
1820,13:17:27,7.08,-0.01,28,19824,卖盘
1821,13:17:24,7.09,0.01,57,40413,买盘
1822,13:17:21,7.08,--,51,36108,卖盘
1823,13:17:18,7.08,-0.01,3,2124,卖盘
1824,13:17:15,7.09,0.01,33,23397,买盘
1825,13:17:12,7.08,--,1,708,卖盘
1826,13:17:09,7.08,-0.01,38,26904,卖盘
1827,13:17:06,7.09,--,370,262330,买盘
1828,13:17:03,7.09,--,31,21979,买盘
1829,13:17:00,7.09,--,8,5672,买盘
1830,13:16:57,7.09,--,5,3545,买盘
1831,13:16:51,7.09,0.01,51,36159,买盘
1832,13:16:48,7.08,--,375,265500,卖盘
1833,13:16:45,7.08,-0.01,14,9912,卖盘
1834,13:16:42,7.09,--,46,32614,买盘
1835,13:16:39,7.09,0.01,50,35450,买盘
1836,13:16:33,7.08,-0.01,7,4956,卖盘
1837,13:16:30,7.09,--,166,117694,买盘
1838,13:16:27,7.09,--,1,709,买盘
1839,13:16:24,7.09,--,50,35450,买盘
1840,13:16:21,7.09,--,11,7799,买盘
1841,13:16:18,7.09,--,35,24815,买盘
1842,13:16:12,7.09,--,7,4963,买盘
1843,13:16:09,7.09,--,66,46794,买盘
1844,13:16:06,7.09,--,15,10635,买盘
1845,13:16:03,7.09,--,6,4254,买盘
1846,13:15:57,7.09,--,50,35450,买盘
1847,13:15:48,7.09,--,6,4254,买盘
1848,13:15:45,7.09,--,52,36868,买盘
1849,13:15:39,7.09,--,62,43958,买盘
1850,13:15:36,7.09,0.01,81,57429,买盘
1851,13:15:33,7.08,-0.01,52,36816,卖盘
1852,13:15:30,7.09,--,4,2836,买盘
1853,13:15:27,7.09,--,64,45376,买盘
1854,13:15:24,7.09,--,39,27651,买盘
1855,13:15:21,7.09,--,45,31905,买盘
1856,13:15:18,7.09,0.01,11,7799,买盘
1857,13:15:15,7.08,--,51,36108,卖盘
1858,13:15:12,7.08,--,37,26196,卖盘
1859,13:15:09,7.08,--,227,160716,卖盘
1860,13:15:06,7.08,-0.01,6,4248,卖盘
1861,13:15:00,7.09,--,134,95006,买盘
1862,13:14:57,7.09,--,37,26233,买盘
1863,13:14:54,7.09,--,853,604777,买盘
1864,13:14:51,7.09,0.01,31,21979,买盘
1865,13:14:48,7.08,-0.01,2,1416,卖盘
1866,13:14:45,7.09,--,6,4254,买盘
1867,13:14:42,7.09,--,7,4963,买盘
1868,13:14:39,7.09,0.01,44,31196,买盘
1869,13:14:36,7.08,--,1,708,卖盘
1870,13:14:33,7.08,-0.01,91,64428,卖盘
1871,13:14:30,7.09,-0.01,32,22688,卖盘
1872,13:14:27,7.1,0.01,85,60350,买盘
1873,13:14:21,7.09,--,28,19852,卖盘
1874,13:14:18,7.09,--,45,31905,卖盘
1875,13:14:15,7.09,--,2190,1552710,卖盘
1876,13:14:12,7.09,-0.01,2,1418,卖盘
1877,13:14:09,7.1,--,12,8520,买盘
1878,13:14:06,7.1,0.01,89,63190,买盘
1879,13:14:03,7.09,--,5,3545,卖盘
1880,13:14:00,7.09,-0.01,1,709,卖盘
1881,13:13:57,7.1,0.01,5,3550,买盘
1882,13:13:54,7.09,--,600,425400,卖盘
1883,13:13:51,7.09,--,5,3545,卖盘
1884,13:13:48,7.09,--,128,90752,卖盘
1885,13:13:45,7.09,-0.01,46,32614,卖盘
1886,13:13:42,7.1,0.01,307,217970,买盘
1887,13:13:39,7.09,--,36,25524,卖盘
1888,13:13:36,7.09,-0.01,24,17016,卖盘
1889,13:13:33,7.1,--,53,37630,买盘
1890,13:13:30,7.1,0.01,15,10650,买盘
1891,13:13:27,7.09,-0.01,2,1418,卖盘
1892,13:13:24,7.1,--,62,44020,买盘
1893,13:13:21,7.1,0.01,32,22720,买盘
1894,13:13:18,7.09,-0.01,40,28360,卖盘
1895,13:13:15,7.1,0.01,228,161880,买盘
1896,13:13:12,7.09,-0.01,34,24106,卖盘
1897,13:13:09,7.1,0.01,11,7810,买盘
1898,13:13:06,7.09,-0.01,22,15598,卖盘
1899,13:13:03,7.1,--,10,7100,买盘
1900,13:13:00,7.1,--,30,21300,买盘
1901,13:12:57,7.1,--,7,4970,买盘
1902,13:12:54,7.1,0.01,70,49700,买盘
1903,13:12:51,7.09,0.01,38,26942,买盘
1904,13:12:48,7.08,-0.02,33,23364,卖盘
1905,13:12:45,7.1,0.02,21,14910,买盘
1906,13:12:42,7.08,-0.01,116,82128,卖盘
1907,13:12:39,7.09,0.01,57,40413,卖盘
1908,13:12:33,7.08,-0.01,38,26904,卖盘
1909,13:12:30,7.09,--,161,114149,买盘
1910,13:12:27,7.09,--,63,44667,买盘
1911,13:12:24,7.09,--,21,14889,买盘
1912,13:12:21,7.09,-0.01,477,338193,卖盘
1913,13:12:18,7.1,--,17,12070,买盘
1914,13:12:15,7.1,0.01,37,26270,买盘
1915,13:12:12,7.09,-0.01,31,21979,卖盘
1916,13:12:09,7.1,--,12,8520,买盘
1917,13:12:06,7.1,--,29,20590,买盘
1918,13:12:00,7.1,0.01,23,16330,买盘
1919,13:11:57,7.09,--,67,47503,买盘
1920,13:11:54,7.09,--,42,29778,买盘
1921,13:11:51,7.09,--,1,709,买盘
1922,13:11:48,7.09,--,17,12053,买盘
1923,13:11:42,7.09,--,40,28360,买盘
1924,13:11:39,7.09,0.01,26,18434,买盘
1925,13:11:36,7.08,--,26,18408,卖盘
1926,13:11:33,7.08,-0.01,75,53100,卖盘
1927,13:11:27,7.09,--,16,11344,卖盘
1928,13:11:24,7.09,-0.01,15,10635,中性盘
1929,13:11:21,7.1,0.02,96,68160,买盘
1930,13:11:18,7.08,--,1,708,卖盘
1931,13:11:15,7.08,-0.01,80,56640,卖盘
1932,13:11:12,7.09,--,4,2836,卖盘
1933,13:11:09,7.09,--,548,388532,卖盘
1934,13:11:06,7.09,0.01,104,73736,买盘
1935,13:11:00,7.08,-0.01,37,26196,卖盘
1936,13:10:57,7.09,--,108,76572,买盘
1937,13:10:54,7.09,--,8,5672,买盘
1938,13:10:51,7.09,--,5,3545,买盘
1939,13:10:48,7.09,0.01,36,25524,买盘
1940,13:10:45,7.08,--,5,3540,卖盘
1941,13:10:39,7.08,-0.01,42,29736,卖盘
1942,13:10:36,7.09,0.01,41,29069,买盘
1943,13:10:33,7.08,-0.01,1,708,卖盘
1944,13:10:30,7.09,--,11,7799,卖盘
1945,13:10:27,7.09,0.01,131,92879,买盘
1946,13:10:24,7.08,--,10,7080,卖盘
1947,13:10:21,7.08,-0.01,23,16284,卖盘
1948,13:10:18,7.09,0.01,69,48921,买盘
1949,13:10:15,7.08,--,13,9204,卖盘
1950,13:10:12,7.08,-0.01,40,28320,卖盘
1951,13:10:09,7.09,--,17,12053,买盘
1952,13:10:06,7.09,-0.01,127,90043,卖盘
1953,13:10:00,7.1,0.01,43,30530,买盘
1954,13:09:57,7.09,0.01,141,99969,买盘
1955,13:09:48,7.08,-0.01,3,2124,卖盘
1956,13:09:45,7.09,0.01,3,2127,买盘
1957,13:09:42,7.08,--,12,8496,卖盘
1958,13:09:39,7.08,--,102,72216,卖盘
1959,13:09:36,7.08,-0.01,21,14868,卖盘
1960,13:09:33,7.09,--,20,14180,买盘
1961,13:09:27,7.09,--,201,142509,买盘
1962,13:09:21,7.09,0.01,8,5672,买盘
1963,13:09:18,7.08,-0.01,77,54516,卖盘
1964,13:09:15,7.09,--,95,67355,买盘
1965,13:09:12,7.09,--,6,4254,买盘
1966,13:09:09,7.09,0.01,101,71609,买盘
1967,13:09:06,7.08,-0.01,201,142308,卖盘
1968,13:09:03,7.09,--,13,9217,买盘
1969,13:08:54,7.09,0.01,216,153144,买盘
1970,13:08:51,7.08,--,689,487812,卖盘
1971,13:08:48,7.08,--,155,110164,买盘
1972,13:08:42,7.08,--,40,28320,买盘
1973,13:08:39,7.08,--,20,14160,买盘
1974,13:08:36,7.08,--,238,168504,买盘
1975,13:08:33,7.08,--,76,53808,买盘
1976,13:08:27,7.08,--,15,10620,买盘
1977,13:08:24,7.08,--,757,536239,卖盘
1978,13:08:18,7.08,-0.01,19,13452,卖盘
1979,13:08:15,7.09,0.01,2297,1628573,买盘
1980,13:08:12,7.08,--,1,708,卖盘
1981,13:08:09,7.08,-0.01,13,9204,卖盘
1982,13:08:06,7.09,--,121,85789,买盘
1983,13:08:03,7.09,0.01,38,26942,买盘
1984,13:08:00,7.08,--,10,7080,卖盘
1985,13:07:54,7.08,--,63,45028,卖盘
1986,13:07:51,7.08,--,10,7080,卖盘
1987,13:07:48,7.08,--,20,14160,卖盘
1988,13:07:45,7.08,--,1,708,卖盘
1989,13:07:39,7.08,--,13,9204,卖盘
1990,13:07:36,7.08,-0.01,2,1416,卖盘
1991,13:07:27,7.09,0.01,65,46085,买盘
1992,13:07:24,7.08,-0.01,1,708,卖盘
1993,13:07:21,7.09,--,58,41122,买盘
1994,13:07:15,7.09,0.01,54,38286,买盘
1995,13:07:12,7.08,--,2,1416,卖盘
1996,13:07:09,7.08,--,21,14868,卖盘
1997,13:07:03,7.08,--,30,21240,卖盘
1998,13:07:00,7.08,-0.01,40,28320,卖盘
1999,13:06:57,7.09,0.01,4,2836,买盘
2000,13:06:51,7.08,--,100,70800,卖盘
2001,13:06:48,7.08,-0.01,44,31152,卖盘
2002,13:06:45,7.09,--,56,39704,买盘
2003,13:06:39,7.09,--,12,8508,买盘
2004,13:06:33,7.09,-0.01,994,704746,卖盘
2005,13:06:27,7.1,0.01,9,6390,买盘
2006,13:06:24,7.09,--,100,70900,卖盘
2007,13:06:21,7.09,--,1,709,卖盘
2008,13:06:18,7.09,--,51,36159,卖盘
2009,13:06:15,7.09,--,10,7090,卖盘
2010,13:06:12,7.09,--,77,54593,卖盘
2011,13:06:09,7.09,-0.01,32,22688,卖盘
2012,13:06:06,7.1,0.01,30,21300,买盘
2013,13:05:57,7.09,--,5,3545,卖盘
2014,13:05:54,7.09,--,14,9926,卖盘
2015,13:05:45,7.09,--,2,1418,卖盘
2016,13:05:42,7.09,-0.01,1,709,卖盘
2017,13:05:39,7.1,0.01,20,14200,买盘
2018,13:05:36,7.09,-0.01,10,7090,卖盘
2019,13:05:33,7.1,--,12,8520,买盘
2020,13:05:30,7.1,0.01,21,14910,买盘
2021,13:05:27,7.09,--,54,38286,卖盘
2022,13:05:24,7.09,--,2,1418,卖盘
2023,13:05:18,7.09,--,1,709,卖盘
2024,13:05:15,7.09,-0.01,2,1418,卖盘
2025,13:05:12,7.1,--,55,39050,买盘
2026,13:05:09,7.1,0.02,19,13490,买盘
2027,13:05:06,7.08,--,1,708,卖盘
2028,13:05:03,7.08,--,21,14868,卖盘
2029,13:05:00,7.08,--,18,12744,卖盘
2030,13:04:48,7.08,-0.02,596,421968,卖盘
2031,13:04:45,7.1,--,29,20590,买盘
2032,13:04:42,7.1,--,9,6390,买盘
2033,13:04:39,7.1,0.02,88,62480,买盘
2034,13:04:33,7.08,--,218,154344,卖盘
2035,13:04:27,7.08,-0.02,16,11328,卖盘
2036,13:04:24,7.1,0.02,33,23430,买盘
2037,13:04:15,7.08,--,81,57348,卖盘
2038,13:04:12,7.08,-0.01,77,54516,卖盘
2039,13:04:09,7.09,0.01,39,27651,买盘
2040,13:04:06,7.08,--,15,10620,卖盘
2041,13:04:03,7.08,-0.01,37,26196,卖盘
2042,13:04:00,7.09,--,58,41122,卖盘
2043,13:03:57,7.09,--,1,709,卖盘
2044,13:03:54,7.09,-0.01,10,7090,卖盘
2045,13:03:51,7.1,0.01,35,24850,买盘
2046,13:03:48,7.09,0.01,6,4254,买盘
2047,13:03:45,7.08,-0.01,23,16284,卖盘
2048,13:03:39,7.09,--,51,36159,买盘
2049,13:03:36,7.09,--,10,7090,买盘
2050,13:03:33,7.09,--,35,24815,买盘
2051,13:03:27,7.09,--,56,39704,卖盘
2052,13:03:24,7.09,--,5,3545,卖盘
2053,13:03:21,7.09,-0.01,4,2836,卖盘
2054,13:03:15,7.1,0.01,32,22720,买盘
2055,13:03:12,7.09,-0.01,2,1418,中性盘
2056,13:03:09,7.1,0.01,76,53960,买盘
2057,13:03:06,7.09,0.01,50,35450,中性盘
2058,13:02:57,7.08,-0.02,10,7080,卖盘
2059,13:02:54,7.1,0.01,34,24140,买盘
2060,13:02:48,7.09,-0.01,7,4963,卖盘
2061,13:02:45,7.1,0.01,32,22720,买盘
2062,13:02:42,7.09,-0.01,50,35450,中性盘
2063,13:02:39,7.1,0.02,32,22720,买盘
2064,13:02:36,7.08,-0.02,2,1416,卖盘
2065,13:02:33,7.1,0.02,32,22720,买盘
2066,13:02:27,7.08,--,152,107616,买盘
2067,13:02:24,7.08,--,106,75048,买盘
2068,13:02:21,7.08,0.01,235,166380,买盘
2069,13:02:18,7.07,-0.01,1,707,卖盘
2070,13:02:15,7.08,--,13,9204,买盘
2071,13:02:12,7.08,--,107,75756,买盘
2072,13:02:09,7.08,-0.02,1348,954384,卖盘
2073,13:02:06,7.1,0.02,54,38340,买盘
2074,13:02:03,7.08,-0.02,5,3540,卖盘
2075,13:02:00,7.1,--,71,50410,买盘
2076,13:01:57,7.1,0.01,350,248500,买盘
2077,13:01:54,7.09,--,14,9926,卖盘
2078,13:01:51,7.09,--,12,8508,卖盘
2079,13:01:48,7.09,-0.01,37,26233,卖盘
2080,13:01:45,7.1,--,21,14910,买盘
2081,13:01:42,7.1,--,261,185310,买盘
2082,13:01:39,7.1,0.01,11,7810,买盘
2083,13:01:36,7.09,0.01,35,24815,买盘
2084,13:01:33,7.08,-0.01,101,71508,卖盘
2085,13:01:30,7.09,--,10,7090,买盘
2086,13:01:24,7.09,0.01,38,26942,买盘
2087,13:01:21,7.08,-0.01,568,402144,卖盘
2088,13:01:18,7.09,--,25,17725,买盘
2089,13:01:15,7.09,0.01,39,27651,买盘
2090,13:01:12,7.08,-0.01,10,7080,卖盘
2091,13:01:09,7.09,0.01,82,58138,买盘
2092,13:01:06,7.08,-0.01,1,708,卖盘
2093,13:01:03,7.09,0.01,34,24106,买盘
2094,13:00:54,7.08,-0.01,8,5664,卖盘
2095,13:00:51,7.09,0.01,182,129038,买盘
2096,13:00:48,7.08,--,15,10620,卖盘
2097,13:00:45,7.08,--,1,708,卖盘
2098,13:00:42,7.08,-0.01,76,53808,卖盘
2099,13:00:39,7.09,0.01,12,8508,买盘
2100,13:00:36,7.08,-0.01,3,2124,卖盘
2101,13:00:33,7.09,--,217,153853,买盘
2102,13:00:30,7.09,0.01,44,31196,买盘
2103,13:00:27,7.08,--,1,708,卖盘
2104,13:00:24,7.08,--,6,4248,卖盘
2105,13:00:21,7.08,-0.01,9,6372,卖盘
2106,13:00:18,7.09,--,32,22688,买盘
2107,13:00:15,7.09,--,86,61257,卖盘
2108,13:00:12,7.09,-0.01,2,1418,卖盘
2109,13:00:09,7.1,--,289,205190,卖盘
2110,13:00:06,7.1,--,166,117860,卖盘
2111,13:00:03,7.1,--,3029,2151016,买盘
2112,13:00:00,7.1,--,0,0,买盘
2113,11:30:00,7.1,0.01,1,710,买盘
2114,11:29:57,7.09,-0.01,72,51048,卖盘
2115,11:29:54,7.1,--,142,100820,买盘
2116,11:29:45,7.1,0.01,39,27690,买盘
2117,11:29:42,7.09,--,1,709,卖盘
2118,11:29:39,7.09,-0.01,1,709,卖盘
2119,11:29:36,7.1,0.01,34,24140,买盘
2120,11:29:33,7.09,--,1,709,卖盘
2121,11:29:30,7.09,-0.01,107,75863,中性盘
2122,11:29:27,7.1,0.01,172,122120,买盘
2123,11:29:24,7.09,--,73,51757,买盘
2124,11:29:21,7.09,0.01,207,146763,买盘
2125,11:29:18,7.08,--,28,19824,卖盘
2126,11:29:12,7.08,--,62,43896,卖盘
2127,11:29:09,7.08,--,15,10620,卖盘
2128,11:29:03,7.08,-0.01,145,102660,卖盘
2129,11:29:00,7.09,--,102,72318,买盘
2130,11:28:57,7.09,0.01,1,709,买盘
2131,11:28:54,7.08,-0.01,34,24072,卖盘
2132,11:28:51,7.09,0.01,51,36159,买盘
2133,11:28:48,7.08,-0.01,241,170628,卖盘
2134,11:28:45,7.09,--,90,63810,买盘
2135,11:28:42,7.09,--,12,8508,买盘
2136,11:28:39,7.09,0.01,92,65228,买盘
2137,11:28:36,7.08,-0.01,31,21948,卖盘
2138,11:28:33,7.09,0.01,34,24106,买盘
2139,11:28:30,7.08,-0.01,9,6372,卖盘
2140,11:28:27,7.09,--,89,63101,买盘
2141,11:28:24,7.09,--,7,4963,买盘
2142,11:28:18,7.09,0.01,45,31905,买盘
2143,11:28:15,7.08,--,177,125316,卖盘
2144,11:28:12,7.08,--,54,38232,卖盘
2145,11:28:09,7.08,-0.01,256,181248,卖盘
2146,11:28:06,7.09,0.01,86,60974,买盘
2147,11:28:03,7.08,--,16,11328,卖盘
2148,11:28:00,7.08,--,209,147972,卖盘
2149,11:27:57,7.08,-0.01,65,46020,卖盘
2150,11:27:54,7.09,--,340,241060,买盘
2151,11:27:51,7.09,0.01,2,1418,买盘
2152,11:27:48,7.08,--,191,135228,卖盘
2153,11:27:45,7.08,--,36,25488,卖盘
2154,11:27:42,7.08,-0.01,51,36108,卖盘
2155,11:27:39,7.09,0.01,6,4254,买盘
2156,11:27:36,7.08,-0.01,36,25488,卖盘
2157,11:27:33,7.09,--,91,64519,买盘
2158,11:27:27,7.09,--,36,25524,买盘
2159,11:27:24,7.09,0.01,371,263039,买盘
2160,11:27:21,7.08,--,61,43188,买盘
2161,11:27:18,7.08,0.01,143,101244,买盘
2162,11:27:12,7.07,-0.01,133,94031,卖盘
2163,11:27:09,7.08,--,31,21948,买盘
2164,11:27:06,7.08,--,149,105492,买盘
2165,11:27:03,7.08,--,52,36816,买盘
2166,11:26:57,7.08,--,19,13452,买盘
2167,11:26:54,7.08,--,58,41064,买盘
2168,11:26:51,7.08,--,108,76464,买盘
2169,11:26:48,7.08,--,156,110448,买盘
2170,11:26:45,7.08,--,19,13452,买盘
2171,11:26:42,7.08,0.01,53,37524,买盘
2172,11:26:39,7.07,-0.01,28,19796,卖盘
2173,11:26:36,7.08,--,33,23364,买盘
2174,11:26:33,7.08,0.01,2,1416,买盘
2175,11:26:30,7.07,-0.01,147,103929,卖盘
2176,11:26:27,7.08,--,108,76464,买盘
2177,11:26:24,7.08,--,97,68676,买盘
2178,11:26:21,7.08,--,290,205320,买盘
2179,11:26:15,7.08,--,155,109740,买盘
2180,11:26:12,7.08,0.01,100,70800,买盘
2181,11:26:09,7.07,-0.01,21,14847,卖盘
2182,11:26:06,7.08,--,35,24780,买盘
2183,11:26:03,7.08,0.01,67,47436,买盘
2184,11:26:00,7.07,--,7,4949,卖盘
2185,11:25:57,7.07,-0.01,18,12726,卖盘
2186,11:25:54,7.08,0.01,35,24780,买盘
2187,11:25:51,7.07,--,300,212100,卖盘
2188,11:25:48,7.07,--,10,7070,卖盘
2189,11:25:45,7.07,0.01,52,36976,买盘
2190,11:25:42,7.06,-0.01,120,84720,卖盘
2191,11:25:39,7.07,--,133,94031,买盘
2192,11:25:36,7.07,--,60,42420,买盘
2193,11:25:33,7.07,--,346,244622,买盘
2194,11:25:30,7.07,--,92,65044,买盘
2195,11:25:27,7.07,--,616,435512,买盘
2196,11:25:24,7.07,--,2008,1419656,买盘
2197,11:25:21,7.07,--,459,324513,买盘
2198,11:25:18,7.07,--,415,293405,买盘
2199,11:25:15,7.07,--,89,62923,买盘
2200,11:25:12,7.07,--,35,24745,买盘
2201,11:25:09,7.07,--,230,162610,买盘
2202,11:25:03,7.07,--,263,185941,买盘
2203,11:25:00,7.07,--,19,13433,买盘
2204,11:24:57,7.07,0.01,115,81305,买盘
2205,11:24:54,7.06,-0.01,157,110842,卖盘
2206,11:24:51,7.07,--,2158,1525706,买盘
2207,11:24:48,7.07,--,7,4949,买盘
2208,11:24:45,7.07,--,38,26866,买盘
2209,11:24:42,7.07,--,132,93324,买盘
2210,11:24:39,7.07,--,131,92617,买盘
2211,11:24:36,7.07,--,56,39592,买盘
2212,11:24:33,7.07,0.01,187,132209,买盘
2213,11:24:30,7.06,-0.01,118,83308,卖盘
2214,11:24:27,7.07,--,151,106757,买盘
2215,11:24:24,7.07,--,70,49490,买盘
2216,11:24:21,7.07,--,216,152712,买盘
2217,11:24:18,7.07,--,55,38885,买盘
2218,11:24:15,7.07,--,40,28280,买盘
2219,11:24:12,7.07,--,168,118776,买盘
2220,11:24:09,7.07,--,113,79891,买盘
2221,11:24:06,7.07,--,212,149884,买盘
2222,11:24:03,7.07,--,130,91910,买盘
2223,11:24:00,7.07,--,282,199374,买盘
2224,11:23:57,7.07,0.01,15,10605,买盘
2225,11:23:54,7.06,-0.01,27,19062,卖盘
2226,11:23:51,7.07,--,32,22624,买盘
2227,11:23:48,7.07,--,169,119483,买盘
2228,11:23:45,7.07,--,202,142814,买盘
2229,11:23:42,7.07,--,210,148470,买盘
2230,11:23:39,7.07,--,135,95445,买盘
2231,11:23:36,7.07,0.01,38,26866,买盘
2232,11:23:33,7.06,--,31,21886,卖盘
2233,11:23:30,7.06,-0.01,89,62834,卖盘
2234,11:23:27,7.07,0.01,360,254520,买盘
2235,11:23:24,7.06,--,5,3530,卖盘
2236,11:23:21,7.06,--,36,25416,卖盘
2237,11:23:18,7.06,--,478,337468,卖盘
2238,11:23:15,7.06,-0.01,14,9884,卖盘
2239,11:23:12,7.07,0.01,580,410060,买盘
2240,11:23:09,7.06,-0.01,64,45184,卖盘
2241,11:23:06,7.07,--,270,190890,买盘
2242,11:23:03,7.07,--,40,28280,买盘
2243,11:23:00,7.07,--,10,7070,买盘
2244,11:22:57,7.07,0.01,495,349965,买盘
2245,11:22:54,7.06,-0.01,244,172264,卖盘
2246,11:22:51,7.07,0.01,51,36057,买盘
2247,11:22:48,7.06,-0.01,246,173676,卖盘
2248,11:22:45,7.07,0.01,195,137865,买盘
2249,11:22:42,7.06,-0.01,1,706,卖盘
2250,11:22:39,7.07,0.01,106,74942,买盘
2251,11:22:36,7.06,--,266,187796,卖盘
2252,11:22:33,7.06,-0.01,1255,886594,卖盘
2253,11:22:30,7.07,--,82,57974,买盘
2254,11:22:27,7.07,--,39,27573,买盘
2255,11:22:24,7.07,--,292,206444,买盘
2256,11:22:21,7.07,0.01,88,62216,买盘
2257,11:22:18,7.06,-0.01,238,168028,卖盘
2258,11:22:15,7.07,0.01,339,239673,买盘
2259,11:22:12,7.06,--,120,84720,卖盘
2260,11:22:09,7.06,-0.01,24,16944,卖盘
2261,11:22:06,7.07,--,45,31815,买盘
2262,11:22:00,7.07,--,147,103929,买盘
2263,11:21:57,7.07,--,129,91203,买盘
2264,11:21:54,7.07,--,125,88375,买盘
2265,11:21:51,7.07,--,35,24745,买盘
2266,11:21:48,7.07,--,49,34643,买盘
2267,11:21:45,7.07,0.01,95,67165,买盘
2268,11:21:42,7.06,-0.01,297,209682,卖盘
2269,11:21:39,7.07,--,456,322392,买盘
2270,11:21:36,7.07,--,86,60802,买盘
2271,11:21:33,7.07,--,59,41713,买盘
2272,11:21:30,7.07,--,273,193011,买盘
2273,11:21:27,7.07,--,96,67872,买盘
2274,11:21:24,7.07,--,303,214221,买盘
2275,11:21:21,7.07,--,68,48076,买盘
2276,11:21:18,7.07,--,10,7070,买盘
2277,11:21:15,7.07,--,258,182406,买盘
2278,11:21:12,7.07,0.01,410,289870,买盘
2279,11:21:09,7.06,-0.01,57,40242,卖盘
2280,11:21:06,7.07,--,143,101101,买盘
2281,11:21:03,7.07,--,94,66458,买盘
2282,11:21:00,7.07,--,870,615090,买盘
2283,11:20:57,7.07,--,61,43127,买盘
2284,11:20:54,7.07,0.01,98,69286,买盘
2285,11:20:51,7.06,-0.01,3,2118,卖盘
2286,11:20:48,7.07,0.01,88,62216,买盘
2287,11:20:45,7.06,-0.01,1000,706000,卖盘
2288,11:20:42,7.07,--,53,37471,买盘
2289,11:20:39,7.07,0.01,4,2828,买盘
2290,11:20:36,7.06,-0.01,30,21180,卖盘
2291,11:20:33,7.07,0.01,180,127260,买盘
2292,11:20:30,7.06,--,251,177206,卖盘
2293,11:20:27,7.06,-0.01,21,14826,卖盘
2294,11:20:24,7.07,--,150,106050,买盘
2295,11:20:21,7.07,--,176,124432,买盘
2296,11:20:18,7.07,--,96,67872,买盘
2297,11:20:15,7.07,--,103,72821,买盘
2298,11:20:12,7.07,--,653,461671,买盘
2299,11:20:09,7.07,0.01,263,185941,买盘
2300,11:20:06,7.06,--,115,81190,卖盘
2301,11:20:03,7.06,-0.01,398,280988,卖盘
2302,11:20:00,7.07,0.01,136,96152,买盘
2303,11:19:57,7.06,--,110,77660,卖盘
2304,11:19:54,7.06,--,15,10590,卖盘
2305,11:19:51,7.06,--,804,567624,卖盘
2306,11:19:48,7.06,--,101,71306,卖盘
2307,11:19:45,7.06,--,245,172970,卖盘
2308,11:19:42,7.06,-0.01,459,324054,卖盘
2309,11:19:39,7.07,--,39,27573,买盘
2310,11:19:36,7.07,0.01,35,24745,买盘
2311,11:19:33,7.06,--,599,422894,卖盘
2312,11:19:30,7.06,--,80,56480,卖盘
2313,11:19:27,7.06,--,260,183560,卖盘
2314,11:19:24,7.06,--,597,421482,卖盘
2315,11:19:21,7.06,-0.01,246,173676,卖盘
2316,11:19:18,7.07,0.01,174,123018,买盘
2317,11:19:15,7.06,--,516,364296,卖盘
2318,11:19:12,7.06,-0.01,82,57892,卖盘
2319,11:19:09,7.07,0.01,131,92617,买盘
2320,11:19:06,7.06,--,210,148260,卖盘
2321,11:19:03,7.06,--,2601,1836306,卖盘
2322,11:19:00,7.06,--,81,57186,卖盘
2323,11:18:57,7.06,--,494,348764,买盘
2324,11:18:54,7.06,0.01,762,537972,买盘
2325,11:18:51,7.05,-0.01,610,430050,卖盘
2326,11:18:48,7.06,0.01,1176,830256,买盘
2327,11:18:45,7.05,-0.01,779,549195,卖盘
2328,11:18:42,7.06,--,1105,780130,买盘
2329,11:18:39,7.06,--,187,132022,买盘
2330,11:18:36,7.06,0.01,531,374886,买盘
2331,11:18:33,7.05,-0.01,572,403260,卖盘
2332,11:18:30,7.06,--,754,532324,买盘
2333,11:18:27,7.06,--,56,39536,买盘
2334,11:18:24,7.06,--,172,121432,买盘
2335,11:18:21,7.06,--,1114,786484,买盘
2336,11:18:18,7.06,--,1193,842258,卖盘
2337,11:18:15,7.06,-0.01,320,225920,卖盘
2338,11:18:12,7.07,0.01,54,38178,买盘
2339,11:18:09,7.06,-0.01,689,486434,卖盘
2340,11:18:06,7.07,--,169,119483,买盘
2341,11:18:03,7.07,0.01,247,174629,买盘
2342,11:18:00,7.06,-0.01,314,221684,卖盘
2343,11:17:57,7.07,--,1762,1245734,买盘
2344,11:17:54,7.07,0.01,74,52318,买盘
2345,11:17:51,7.06,-0.01,143,100958,卖盘
2346,11:17:48,7.07,--,112,79184,买盘
2347,11:17:45,7.07,--,285,201495,买盘
2348,11:17:42,7.07,--,147,103929,买盘
2349,11:17:39,7.07,-0.01,2803,1981721,卖盘
2350,11:17:36,7.08,--,13,9204,买盘
2351,11:17:33,7.08,--,129,91332,买盘
2352,11:17:30,7.08,0.01,360,254880,买盘
2353,11:17:24,7.07,-0.01,118,83426,卖盘
2354,11:17:21,7.08,0.01,172,121776,买盘
2355,11:17:18,7.07,--,74,52318,卖盘
2356,11:17:15,7.07,--,101,71407,卖盘
2357,11:17:12,7.07,--,182,128674,卖盘
2358,11:17:09,7.07,-0.01,14,9898,卖盘
2359,11:17:06,7.08,--,176,124608,买盘
2360,11:17:03,7.08,--,1155,817740,买盘
2361,11:17:00,7.08,0.01,159,112572,买盘
2362,11:16:57,7.07,--,822,581154,卖盘
2363,11:16:54,7.07,--,503,355621,卖盘
2364,11:16:51,7.07,-0.01,164,115948,卖盘
2365,11:16:48,7.08,0.01,143,101244,买盘
2366,11:16:45,7.07,-0.01,145,102515,卖盘
2367,11:16:42,7.08,0.01,111,78588,买盘
2368,11:16:39,7.07,--,87,61509,卖盘
2369,11:16:36,7.07,--,149,105343,卖盘
2370,11:16:33,7.07,--,28,19796,卖盘
2371,11:16:30,7.07,-0.01,72,50904,卖盘
2372,11:16:27,7.08,--,94,66552,买盘
2373,11:16:24,7.08,0.01,66,46728,买盘
2374,11:16:21,7.07,--,120,84840,卖盘
2375,11:16:18,7.07,-0.01,120,84840,卖盘
2376,11:16:15,7.08,--,20,14160,买盘
2377,11:16:12,7.08,--,138,97704,卖盘
2378,11:16:09,7.08,--,673,476484,卖盘
2379,11:16:06,7.08,-0.01,842,596136,卖盘
2380,11:16:03,7.09,0.01,371,263039,买盘
2381,11:16:00,7.08,--,292,206736,卖盘
2382,11:15:57,7.08,-0.01,390,276120,卖盘
2383,11:15:54,7.09,0.01,310,219790,买盘
2384,11:15:51,7.08,--,49,34692,卖盘
2385,11:15:48,7.08,--,1216,860928,卖盘
2386,11:15:45,7.08,--,153,108324,卖盘
2387,11:15:42,7.08,-0.01,82,58056,卖盘
2388,11:15:39,7.09,0.01,895,634555,买盘
2389,11:15:33,7.08,-0.01,758,536664,卖盘
2390,11:15:30,7.09,--,100,70900,买盘
2391,11:15:27,7.09,0.01,155,109895,买盘
2392,11:15:24,7.08,-0.01,100,70800,卖盘
2393,11:15:21,7.09,0.01,47,33323,买盘
2394,11:15:18,7.08,-0.01,45,31860,卖盘
2395,11:15:15,7.09,--,24,17016,买盘
2396,11:15:12,7.09,--,40,28360,买盘
2397,11:15:09,7.09,--,1955,1386095,卖盘
2398,11:15:06,7.09,--,740,524660,卖盘
2399,11:15:03,7.09,-0.01,143,101387,卖盘
2400,11:15:00,7.1,0.01,80,56800,买盘
2401,11:14:57,7.09,--,36,25524,卖盘
2402,11:14:54,7.09,--,436,309124,卖盘
2403,11:14:51,7.09,-0.01,39,27651,卖盘
2404,11:14:48,7.1,0.01,267,189570,买盘
2405,11:14:45,7.09,--,463,328267,卖盘
2406,11:14:42,7.09,--,3,2127,卖盘
2407,11:14:39,7.09,-0.01,34,24106,卖盘
2408,11:14:36,7.1,--,14,9940,买盘
2409,11:14:33,7.1,--,1303,925804,卖盘
2410,11:14:30,7.1,--,471,334410,卖盘
2411,11:14:27,7.1,-0.01,1158,822180,卖盘
2412,11:14:24,7.11,0.01,17,12087,买盘
2413,11:14:21,7.1,--,201,142710,卖盘
2414,11:14:18,7.1,-0.01,150,106500,卖盘
2415,11:14:15,7.11,0.01,291,206901,买盘
2416,11:14:12,7.1,--,400,284000,卖盘
2417,11:14:09,7.1,--,189,134190,卖盘
2418,11:14:06,7.1,-0.01,1726,1225460,卖盘
2419,11:14:03,7.11,0.01,111,78921,买盘
2420,11:14:00,7.1,--,27,19170,卖盘
2421,11:13:57,7.1,--,81,57510,卖盘
2422,11:13:54,7.1,--,408,289680,卖盘
2423,11:13:51,7.1,--,130,92300,卖盘
2424,11:13:48,7.1,--,266,188860,卖盘
2425,11:13:45,7.1,-0.01,230,163300,卖盘
2426,11:13:42,7.11,0.01,498,354078,买盘
2427,11:13:39,7.1,--,53,37630,卖盘
2428,11:13:36,7.1,--,322,228620,卖盘
2429,11:13:33,7.1,--,32,22720,卖盘
2430,11:13:30,7.1,--,51,36210,卖盘
2431,11:13:27,7.1,--,1,710,卖盘
2432,11:13:24,7.1,--,11,7810,卖盘
2433,11:13:21,7.1,-0.01,193,137030,卖盘
2434,11:13:18,7.11,0.01,273,194103,买盘
2435,11:13:15,7.1,--,63,44730,卖盘
2436,11:13:12,7.1,--,82,58220,卖盘
2437,11:13:09,7.1,-0.01,53,37630,卖盘
2438,11:13:06,7.11,0.01,92,65412,买盘
2439,11:13:03,7.1,-0.01,6,4260,卖盘
2440,11:13:00,7.11,0.01,491,349101,买盘
2441,11:12:57,7.1,--,2195,1558450,卖盘
2442,11:12:54,7.1,--,100,71000,卖盘
2443,11:12:51,7.1,--,373,264830,卖盘
2444,11:12:48,7.1,-0.01,430,305300,卖盘
2445,11:12:45,7.11,--,138,98118,买盘
2446,11:12:42,7.11,0.01,569,404559,买盘
2447,11:12:39,7.1,--,1,710,卖盘
2448,11:12:36,7.1,-0.01,160,113600,卖盘
2449,11:12:33,7.11,0.01,174,123714,买盘
2450,11:12:30,7.1,-0.01,500,355000,卖盘
2451,11:12:27,7.11,--,34,24174,买盘
2452,11:12:24,7.11,0.01,159,113049,买盘
2453,11:12:21,7.1,-0.02,1,710,卖盘
2454,11:12:18,7.12,0.02,2,1424,买盘
2455,11:12:15,7.1,-0.01,4001,2840710,卖盘
2456,11:12:12,7.11,--,43,30573,卖盘
2457,11:12:09,7.11,--,2,1422,卖盘
2458,11:12:06,7.11,--,38,27018,卖盘
2459,11:12:03,7.11,--,115,81765,卖盘
2460,11:12:00,7.11,--,36,25596,卖盘
2461,11:11:57,7.11,--,4365,3103515,卖盘
2462,11:11:54,7.11,-0.01,41,29151,卖盘
2463,11:11:51,7.12,0.01,42,29904,买盘
2464,11:11:48,7.11,--,870,618570,卖盘
2465,11:11:45,7.11,--,1,711,卖盘
2466,11:11:42,7.11,-0.01,69,49059,卖盘
2467,11:11:39,7.12,0.01,40,28480,买盘
2468,11:11:36,7.11,--,1,711,卖盘
2469,11:11:33,7.11,-0.01,64,45504,卖盘
2470,11:11:30,7.12,--,33,23496,买盘
2471,11:11:27,7.12,0.01,14,9968,买盘
2472,11:11:24,7.11,--,11,7821,卖盘
2473,11:11:21,7.11,-0.01,101,71811,卖盘
2474,11:11:18,7.12,0.01,112,79744,买盘
2475,11:11:15,7.11,--,1,711,卖盘
2476,11:11:12,7.11,--,71,50481,卖盘
2477,11:11:09,7.11,-0.01,1,711,卖盘
2478,11:11:06,7.12,--,76,54112,买盘
2479,11:11:03,7.12,0.01,1445,1028840,买盘
2480,11:10:57,7.11,-0.01,7,4977,卖盘
2481,11:10:54,7.12,0.01,35,24920,买盘
2482,11:10:51,7.11,-0.01,43,30573,卖盘
2483,11:10:48,7.12,--,261,185832,买盘
2484,11:10:45,7.12,0.01,261,185832,买盘
2485,11:10:42,7.11,--,31,22041,卖盘
2486,11:10:39,7.11,--,344,244584,卖盘
2487,11:10:36,7.11,-0.01,6,4266,卖盘
2488,11:10:33,7.12,0.01,103,73336,买盘
2489,11:10:30,7.11,--,14,9954,卖盘
2490,11:10:27,7.11,-0.01,1,711,卖盘
2491,11:10:24,7.12,--,18,12816,买盘
2492,11:10:21,7.12,0.01,49,34888,买盘
2493,11:10:18,7.11,--,1,711,卖盘
2494,11:10:15,7.11,--,15,10665,卖盘
2495,11:10:12,7.11,--,62,44082,卖盘
2496,11:10:09,7.11,-0.01,1,711,卖盘
2497,11:10:06,7.12,--,1,712,买盘
2498,11:10:03,7.12,--,98,69776,买盘
2499,11:10:00,7.12,0.01,85,60520,买盘
2500,11:09:57,7.11,-0.01,36,25596,卖盘
2501,11:09:48,7.12,0.01,92,65504,买盘
2502,11:09:45,7.11,--,90,63990,卖盘
2503,11:09:42,7.11,--,2,1422,卖盘
2504,11:09:39,7.11,-0.01,38,27018,卖盘
2505,11:09:36,7.12,--,62,44144,买盘
2506,11:09:33,7.12,0.01,873,621576,买盘
2507,11:09:30,7.11,-0.01,2,1422,卖盘
2508,11:09:27,7.12,--,56,39872,买盘
2509,11:09:24,7.12,0.01,190,135280,买盘
2510,11:09:21,7.11,-0.01,100,71100,卖盘
2511,11:09:18,7.12,--,10,7120,买盘
2512,11:09:15,7.12,0.01,36,25632,买盘
2513,11:09:12,7.11,--,12,8532,卖盘
2514,11:09:09,7.11,--,6,4266,卖盘
2515,11:09:06,7.11,-0.01,35,24885,卖盘
2516,11:09:03,7.12,0.01,48,34176,买盘
2517,11:09:00,7.11,--,47,33417,卖盘
2518,11:08:57,7.11,-0.01,2,1422,卖盘
2519,11:08:54,7.12,--,107,76184,买盘
2520,11:08:48,7.12,0.01,10,7120,买盘
2521,11:08:45,7.11,-0.01,30,21330,卖盘
2522,11:08:42,7.12,0.01,58,41296,买盘
2523,11:08:39,7.11,-0.01,1,711,卖盘
2524,11:08:33,7.12,0.01,164,116768,买盘
2525,11:08:30,7.11,--,43,30573,卖盘
2526,11:08:27,7.11,-0.01,1,711,卖盘
2527,11:08:24,7.12,0.01,10,7120,买盘
2528,11:08:21,7.11,-0.01,37,26307,卖盘
2529,11:08:18,7.12,0.01,45,32040,买盘
2530,11:08:15,7.11,-0.01,1,711,卖盘
2531,11:08:12,7.12,--,3,2136,买盘
2532,11:08:09,7.12,--,33,23496,买盘
2533,11:08:06,7.12,--,10,7120,买盘
2534,11:08:03,7.12,--,184,131008,买盘
2535,11:08:00,7.12,0.01,162,115344,买盘
2536,11:07:57,7.11,-0.01,2,1422,卖盘
2537,11:07:54,7.12,0.01,214,152368,买盘
2538,11:07:51,7.11,-0.01,57,40527,卖盘
2539,11:07:48,7.12,0.01,35,24920,买盘
2540,11:07:45,7.11,--,31,22041,卖盘
2541,11:07:42,7.11,-0.01,1,711,卖盘
2542,11:07:39,7.12,0.01,300,213600,买盘
2543,11:07:36,7.11,-0.01,40,28440,卖盘
2544,11:07:33,7.12,0.01,119,84728,买盘
2545,11:07:30,7.11,--,80,56880,卖盘
2546,11:07:27,7.11,-0.01,13,9243,卖盘
2547,11:07:24,7.12,--,33,23496,买盘
2548,11:07:21,7.12,0.01,575,409400,买盘
2549,11:07:15,7.11,--,49,34839,卖盘
2550,11:07:12,7.11,--,17,12087,卖盘
2551,11:07:09,7.11,-0.01,6,4266,卖盘
2552,11:07:03,7.12,--,100,71200,买盘
2553,11:07:00,7.12,--,4,2848,买盘
2554,11:06:57,7.12,--,235,167320,买盘
2555,11:06:54,7.12,--,43,30616,买盘
2556,11:06:51,7.12,0.01,36,25632,买盘
2557,11:06:48,7.11,-0.01,71,50481,卖盘
2558,11:06:45,7.12,0.01,163,116056,买盘
2559,11:06:42,7.11,--,38,27018,卖盘
2560,11:06:39,7.11,--,12,8532,卖盘
2561,11:06:36,7.11,-0.01,3,2133,卖盘
2562,11:06:33,7.12,0.01,569,405128,买盘
2563,11:06:30,7.11,-0.01,216,153576,卖盘
2564,11:06:27,7.12,--,1,712,卖盘
2565,11:06:24,7.12,--,320,227840,卖盘
2566,11:06:18,7.12,--,118,84016,买盘
2567,11:06:15,7.12,0.01,7,4984,买盘
2568,11:06:09,7.11,-0.01,5,3555,卖盘
2569,11:06:06,7.12,--,59,42008,买盘
2570,11:06:03,7.12,0.01,92,65504,买盘
2571,11:06:00,7.11,-0.01,15,10665,卖盘
2572,11:05:57,7.12,--,115,81880,卖盘
2573,11:05:54,7.12,--,41,29192,买盘
2574,11:05:48,7.12,--,143,101816,买盘
2575,11:05:45,7.12,0.01,36,25632,买盘
2576,11:05:42,7.11,--,33,23463,卖盘
2577,11:05:39,7.11,--,8,5688,卖盘
2578,11:05:36,7.11,-0.01,6,4266,卖盘
2579,11:05:33,7.12,-0.01,187,133144,卖盘
2580,11:05:30,7.13,0.01,63,44919,买盘
2581,11:05:27,7.12,--,1,712,卖盘
2582,11:05:24,7.12,0.01,52,37024,中性盘
2583,11:05:15,7.11,-0.02,1,711,卖盘
2584,11:05:12,7.13,0.02,71,50623,买盘
2585,11:05:06,7.11,-0.01,69,49059,卖盘
2586,11:05:03,7.12,--,38,27056,买盘
2587,11:05:00,7.12,0.01,64,45568,买盘
2588,11:04:57,7.11,-0.01,16,11376,卖盘
2589,11:04:54,7.12,--,43,30616,买盘
2590,11:04:51,7.12,0.01,115,81880,买盘
2591,11:04:48,7.11,--,23,16353,卖盘
2592,11:04:45,7.11,--,2,1422,卖盘
2593,11:04:39,7.11,--,35,24885,卖盘
2594,11:04:36,7.11,-0.01,41,29151,卖盘
2595,11:04:33,7.12,--,42,29932,买盘
2596,11:04:30,7.12,-0.01,12,8544,卖盘
2597,11:04:27,7.13,0.01,181,129053,买盘
2598,11:04:24,7.12,--,41,29192,卖盘
2599,11:04:21,7.12,-0.01,1,712,卖盘
2600,11:04:18,7.13,0.01,29,20677,买盘
2601,11:04:15,7.12,--,82,58384,买盘
2602,11:04:12,7.12,--,6,4272,买盘
2603,11:04:06,7.12,--,53,37736,买盘
2604,11:04:03,7.12,--,67,47704,买盘
2605,11:04:00,7.12,--,6,4272,买盘
2606,11:03:54,7.12,--,119,84728,卖盘
2607,11:03:51,7.12,--,8,5696,卖盘
2608,11:03:48,7.12,--,17,12104,卖盘
2609,11:03:45,7.12,--,48,34176,卖盘
2610,11:03:42,7.12,0.01,288,205056,买盘
2611,11:03:39,7.11,-0.01,21,14931,卖盘
2612,11:03:36,7.12,--,54,38448,卖盘
2613,11:03:33,7.12,--,45,32040,买盘
2614,11:03:30,7.12,--,45,32040,买盘
2615,11:03:27,7.12,--,42,29904,买盘
2616,11:03:24,7.12,--,4,2848,买盘
2617,11:03:21,7.12,0.01,74,52688,买盘
2618,11:03:18,7.11,--,9,6399,卖盘
2619,11:03:15,7.11,-0.01,2,1422,卖盘
2620,11:03:12,7.12,0.01,35,24920,买盘
2621,11:03:09,7.11,-0.01,10,7110,卖盘
2622,11:03:06,7.12,--,47,33464,卖盘
2623,11:03:03,7.12,--,23,16376,买盘
2624,11:03:00,7.12,--,64,45568,买盘
2625,11:02:57,7.12,0.01,5,3560,买盘
2626,11:02:54,7.11,-0.01,11,7821,卖盘
2627,11:02:51,7.12,--,190,135280,卖盘
2628,11:02:48,7.12,--,66,46992,卖盘
2629,11:02:45,7.12,--,10,7120,卖盘
2630,11:02:42,7.12,0.01,5,3560,买盘
2631,11:02:39,7.11,-0.01,53,37683,卖盘
2632,11:02:36,7.12,--,70,49840,卖盘
2633,11:02:33,7.12,--,7,4984,卖盘
2634,11:02:30,7.12,--,278,197936,卖盘
2635,11:02:27,7.12,-0.01,36,25632,卖盘
2636,11:02:24,7.13,0.01,62,44206,买盘
2637,11:02:21,7.12,--,1,712,卖盘
2638,11:02:18,7.12,--,1,712,卖盘
2639,11:02:15,7.12,--,272,193664,卖盘
2640,11:02:12,7.12,--,6,4272,卖盘
2641,11:02:09,7.12,-0.01,71,50552,卖盘
2642,11:02:06,7.13,0.01,42,29946,买盘
2643,11:02:00,7.12,--,81,57672,卖盘
2644,11:01:57,7.12,-0.01,2,1424,卖盘
2645,11:01:54,7.13,--,35,24955,买盘
2646,11:01:51,7.13,0.01,13,9269,买盘
2647,11:01:48,7.12,--,11,7832,卖盘
2648,11:01:45,7.12,-0.01,2,1424,卖盘
2649,11:01:42,7.13,0.01,34,24242,买盘
2650,11:01:39,7.12,-0.01,11,7832,卖盘
2651,11:01:36,7.13,0.01,8,5704,买盘
2652,11:01:33,7.12,-0.01,142,101104,卖盘
2653,11:01:30,7.13,0.01,33,23529,买盘
2654,11:01:27,7.12,-0.01,7,4984,卖盘
2655,11:01:21,7.13,--,96,68448,买盘
2656,11:01:18,7.13,0.01,172,122636,买盘
2657,11:01:12,7.12,-0.01,44,31328,卖盘
2658,11:01:09,7.13,0.01,125,89125,买盘
2659,11:01:06,7.12,0.01,8,5696,卖盘
2660,11:01:03,7.11,-0.01,983,698913,卖盘
2661,11:01:00,7.12,-0.01,95,67640,卖盘
2662,11:00:57,7.13,0.01,131,93403,买盘
2663,11:00:51,7.12,-0.01,67,47704,卖盘
2664,11:00:48,7.13,--,6,4278,买盘
2665,11:00:45,7.13,0.01,35,24955,买盘
2666,11:00:42,7.12,-0.01,1,712,卖盘
2667,11:00:39,7.13,0.01,100,71300,买盘
2668,11:00:36,7.12,--,35,24920,卖盘
2669,11:00:33,7.12,--,5,3560,卖盘
2670,11:00:30,7.12,-0.01,25,17800,卖盘
2671,11:00:27,7.13,0.01,23,16399,买盘
2672,11:00:24,7.12,--,82,58384,卖盘
2673,11:00:21,7.12,-0.01,172,122464,卖盘
2674,11:00:18,7.13,0.01,111,79143,买盘
2675,11:00:15,7.12,-0.01,6,4272,卖盘
2676,11:00:12,7.13,0.01,33,23529,买盘
2677,11:00:09,7.12,--,132,94411,买盘
2678,11:00:06,7.12,--,20,14240,买盘
2679,11:00:03,7.12,--,79,56248,买盘
2680,11:00:00,7.12,--,34,24492,卖盘
2681,10:59:57,7.12,--,36,25632,卖盘
2682,10:59:54,7.12,--,682,486011,买盘
2683,10:59:51,7.12,--,345,245640,买盘
2684,10:59:48,7.12,0.01,1,712,买盘
2685,10:59:45,7.11,--,20,14220,卖盘
2686,10:59:42,7.11,-0.01,20,14220,卖盘
2687,10:59:39,7.12,0.01,34,24208,买盘
2688,10:59:33,7.11,-0.01,70,49770,卖盘
2689,10:59:30,7.12,0.01,97,69064,买盘
2690,10:59:27,7.11,-0.01,6,4266,卖盘
2691,10:59:24,7.12,--,2,1424,买盘
2692,10:59:21,7.12,--,62,44144,买盘
2693,10:59:18,7.12,--,334,237808,买盘
2694,10:59:12,7.12,--,12,8544,买盘
2695,10:59:09,7.12,-0.01,604,430048,卖盘
2696,10:59:06,7.13,0.01,31,22103,买盘
2697,10:59:03,7.12,--,2,1424,卖盘
2698,10:59:00,7.12,--,32,22784,卖盘
2699,10:58:57,7.12,--,77,54824,卖盘
2700,10:58:54,7.12,--,236,168032,卖盘
2701,10:58:51,7.12,-0.01,122,86864,卖盘
2702,10:58:48,7.13,0.01,6,4278,买盘
2703,10:58:45,7.12,--,45,32040,卖盘
2704,10:58:42,7.12,-0.01,3,2136,卖盘
2705,10:58:39,7.13,0.01,171,121923,买盘
2706,10:58:36,7.12,--,68,48416,卖盘
2707,10:58:33,7.12,--,346,246352,卖盘
2708,10:58:30,7.12,0.01,171,121752,买盘
2709,10:58:27,7.11,-0.01,45,31995,卖盘
2710,10:58:24,7.12,0.01,44,31328,买盘
2711,10:58:21,7.11,-0.02,399,283689,卖盘
2712,10:58:18,7.13,0.01,62,44206,买盘
2713,10:58:15,7.12,--,240,170880,卖盘
2714,10:58:12,7.12,0.01,915,651480,买盘
2715,10:58:09,7.11,--,5,3555,卖盘
2716,10:58:06,7.11,-0.01,56,39816,卖盘
2717,10:58:03,7.12,--,111,79032,买盘
2718,10:58:00,7.12,0.01,35,24920,买盘
2719,10:57:57,7.11,-0.01,151,107361,卖盘
2720,10:57:54,7.12,0.01,106,75472,买盘
2721,10:57:51,7.11,-0.01,89,63279,卖盘
2722,10:57:45,7.12,0.01,1,712,中性盘
2723,10:57:42,7.11,-0.01,26,18486,卖盘
2724,10:57:39,7.12,0.01,96,68352,中性盘
2725,10:57:36,7.11,-0.01,29,20619,卖盘
2726,10:57:33,7.12,0.01,32,22784,中性盘
2727,10:57:30,7.11,--,52,36972,卖盘
2728,10:57:27,7.11,-0.02,63,44793,卖盘
2729,10:57:24,7.13,--,32,22816,买盘
2730,10:57:21,7.13,0.01,10,7130,买盘
2731,10:57:18,7.12,0.01,103,73336,买盘
2732,10:57:15,7.11,--,58,41238,卖盘
2733,10:57:09,7.11,--,7,4977,卖盘
2734,10:57:06,7.11,-0.01,35,24885,卖盘
2735,10:57:03,7.12,--,98,69776,买盘
2736,10:57:00,7.12,--,30,21360,买盘
2737,10:56:57,7.12,--,9,6408,买盘
2738,10:56:54,7.12,--,264,187968,卖盘
2739,10:56:48,7.12,--,40,28480,卖盘
2740,10:56:45,7.12,-0.01,102,72624,卖盘
2741,10:56:42,7.13,0.01,72,51336,买盘
2742,10:56:39,7.12,--,34,24208,买盘
2743,10:56:36,7.12,--,96,68352,卖盘
2744,10:56:33,7.12,--,34,24208,卖盘
2745,10:56:30,7.12,-0.01,10,7120,卖盘
2746,10:56:27,7.13,0.01,21,14973,买盘
2747,10:56:24,7.12,-0.01,3,2136,卖盘
2748,10:56:21,7.13,0.01,142,101246,买盘
2749,10:56:18,7.12,-0.01,11,7832,中性盘
2750,10:56:15,7.13,0.02,87,62031,买盘
2751,10:56:12,7.11,-0.02,293,208323,卖盘
2752,10:56:09,7.13,0.01,34,24242,买盘
2753,10:56:06,7.12,--,5,3560,卖盘
2754,10:56:03,7.12,--,1,712,卖盘
2755,10:56:00,7.12,--,68,48416,卖盘
2756,10:55:57,7.12,-0.01,17,12104,卖盘
2757,10:55:54,7.13,--,37,26381,买盘
2758,10:55:48,7.13,0.01,208,148304,买盘
2759,10:55:45,7.12,--,1,712,卖盘
2760,10:55:39,7.12,-0.01,97,69064,卖盘
2761,10:55:36,7.13,0.01,92,65596,买盘
2762,10:55:33,7.12,--,11,7832,卖盘
2763,10:55:27,7.12,--,52,37024,卖盘
2764,10:55:24,7.12,--,129,91848,卖盘
2765,10:55:21,7.12,--,1,712,卖盘
2766,10:55:18,7.12,--,1,712,卖盘
2767,10:55:15,7.12,-0.01,34,24208,卖盘
2768,10:55:12,7.13,0.01,63,44919,买盘
2769,10:55:09,7.12,--,49,34888,买盘
2770,10:55:03,7.12,--,85,60520,中性盘
2771,10:54:57,7.12,-0.01,244,173728,卖盘
2772,10:54:54,7.13,0.01,34,24242,买盘
2773,10:54:51,7.12,--,183,130296,买盘
2774,10:54:45,7.12,--,30,21360,买盘
2775,10:54:42,7.12,--,40,28480,买盘
2776,10:54:39,7.12,--,316,224992,买盘
2777,10:54:36,7.12,0.01,14,9968,买盘
2778,10:54:33,7.11,--,80,56880,卖盘
2779,10:54:30,7.11,-0.01,62,44082,卖盘
2780,10:54:24,7.12,--,6,4272,买盘
2781,10:54:21,7.12,-0.01,88,62656,卖盘
2782,10:54:18,7.13,0.01,53,37789,买盘
2783,10:54:15,7.12,--,168,119616,卖盘
2784,10:54:12,7.12,-0.01,10,7120,卖盘
2785,10:54:09,7.13,0.01,220,156860,买盘
2786,10:54:06,7.12,-0.01,51,36312,卖盘
2787,10:54:03,7.13,0.01,8,5704,买盘
2788,10:53:57,7.12,0.01,115,81880,中性盘
2789,10:53:54,7.11,-0.01,425,302175,卖盘
2790,10:53:51,7.12,0.01,10,7120,买盘
2791,10:53:48,7.11,-0.02,4,2844,卖盘
2792,10:53:45,7.13,--,34,24242,买盘
2793,10:53:42,7.13,0.02,51,36363,买盘
2794,10:53:39,7.11,--,53,37683,卖盘
2795,10:53:36,7.11,-0.01,59,41949,卖盘
2796,10:53:33,7.12,--,49,34888,买盘
2797,10:53:30,7.12,--,17,12104,买盘
2798,10:53:27,7.12,-0.01,2,1424,卖盘
2799,10:53:24,7.13,0.01,40,28520,买盘
2800,10:53:21,7.12,-0.01,1,712,卖盘
2801,10:53:18,7.13,0.01,81,57753,买盘
2802,10:53:15,7.12,-0.01,9,6408,卖盘
2803,10:53:12,7.13,--,914,651682,买盘
2804,10:53:09,7.13,0.01,338,240994,买盘
2805,10:53:06,7.12,-0.01,30,21360,卖盘
2806,10:53:03,7.13,0.01,30,21390,买盘
2807,10:53:00,7.12,-0.01,14,9968,卖盘
2808,10:52:57,7.13,0.01,16,11408,买盘
2809,10:52:54,7.12,-0.01,6,4272,卖盘
2810,10:52:51,7.13,0.01,39,27807,买盘
2811,10:52:48,7.12,--,31,22072,卖盘
2812,10:52:45,7.12,--,1,712,卖盘
2813,10:52:42,7.12,-0.01,132,93984,卖盘
2814,10:52:39,7.13,0.01,44,31372,买盘
2815,10:52:36,7.12,--,4,2848,卖盘
2816,10:52:33,7.12,--,161,114632,卖盘
2817,10:52:30,7.12,--,146,103952,卖盘
2818,10:52:27,7.12,--,32,22784,卖盘
2819,10:52:24,7.12,--,3,2136,卖盘
2820,10:52:21,7.12,-0.01,384,273408,卖盘
2821,10:52:18,7.13,0.01,46,32798,买盘
2822,10:52:15,7.12,--,24,17088,卖盘
2823,10:52:12,7.12,-0.01,71,50552,卖盘
2824,10:52:09,7.13,0.01,83,59179,买盘
2825,10:52:06,7.12,-0.01,43,30616,卖盘
2826,10:52:03,7.13,--,8,5704,买盘
2827,10:51:57,7.13,0.01,335,238855,买盘
2828,10:51:54,7.12,--,18,12816,卖盘
2829,10:51:51,7.12,-0.01,181,128872,卖盘
2830,10:51:48,7.13,--,239,170407,买盘
2831,10:51:45,7.13,0.01,233,166129,买盘
2832,10:51:42,7.12,--,1,712,卖盘
2833,10:51:39,7.12,--,239,170168,卖盘
2834,10:51:36,7.12,-0.01,8,5696,卖盘
2835,10:51:33,7.13,0.01,175,124775,买盘
2836,10:51:30,7.12,--,111,79032,卖盘
2837,10:51:27,7.12,--,23,16376,卖盘
2838,10:51:24,7.12,-0.01,19,13528,卖盘
2839,10:51:21,7.13,0.01,134,95542,买盘
2840,10:51:18,7.12,--,9,6408,卖盘
2841,10:51:15,7.12,-0.01,37,26344,卖盘
2842,10:51:12,7.13,--,75,53475,买盘
2843,10:51:09,7.13,0.01,46,32798,买盘
2844,10:51:06,7.12,-0.01,93,66216,卖盘
2845,10:51:00,7.13,--,67,47771,买盘
2846,10:50:57,7.13,0.01,11,7843,买盘
2847,10:50:54,7.12,--,30,21360,卖盘
2848,10:50:51,7.12,-0.01,108,76896,卖盘
2849,10:50:48,7.13,--,39,27807,买盘
2850,10:50:45,7.13,0.01,56,39928,买盘
2851,10:50:42,7.12,-0.01,6,4272,卖盘
2852,10:50:39,7.13,0.01,39,27807,买盘
2853,10:50:36,7.12,-0.01,25,17800,卖盘
2854,10:50:33,7.13,--,242,172546,买盘
2855,10:50:27,7.13,0.01,33,23529,买盘
2856,10:50:21,7.12,-0.01,3,2136,卖盘
2857,10:50:15,7.13,0.01,36,25668,买盘
2858,10:50:12,7.12,--,42,29904,卖盘
2859,10:50:09,7.12,-0.01,1,712,卖盘
2860,10:50:06,7.13,--,34,24242,买盘
2861,10:50:03,7.13,--,70,49910,买盘
2862,10:50:00,7.13,--,10,7130,买盘
2863,10:49:54,7.13,--,60,42780,买盘
2864,10:49:48,7.13,--,104,74152,买盘
2865,10:49:45,7.13,--,10,7130,买盘
2866,10:49:42,7.13,0.01,83,59179,买盘
