,time,price,change,volume,amount,type
0,15:00:03,6.79,--,1815,1232385,卖盘
1,14:57:00,6.79,-0.01,5,3395,卖盘
2,14:56:57,6.8,0.01,1200,816000,买盘
3,14:56:54,6.79,--,22,14938,卖盘
4,14:56:51,6.79,-0.01,65,44331,卖盘
5,14:56:48,6.8,--,1,680,买盘
6,14:56:45,6.8,--,2,1360,买盘
7,14:56:42,6.8,--,1,680,买盘
8,14:56:36,6.8,--,1,680,买盘
9,14:56:33,6.8,--,55,37400,买盘
10,14:56:30,6.8,--,374,254415,买盘
11,14:56:27,6.8,--,8,5440,买盘
12,14:56:24,6.8,--,376,255680,买盘
13,14:56:21,6.8,--,38,25840,买盘
14,14:56:18,6.8,--,22,14960,买盘
15,14:56:15,6.8,--,6,4080,买盘
16,14:56:12,6.8,--,24,16320,买盘
17,14:56:09,6.8,--,25,17000,买盘
18,14:56:06,6.8,--,265,180200,买盘
19,14:56:03,6.8,--,299,203320,买盘
20,14:56:00,6.8,0.01,51,34680,买盘
21,14:55:57,6.79,--,67,45493,卖盘
22,14:55:54,6.79,--,4,2716,卖盘
23,14:55:48,6.79,--,1040,706160,卖盘
24,14:55:45,6.79,-0.01,35,23765,卖盘
25,14:55:42,6.8,0.01,1,680,买盘
26,14:55:39,6.79,-0.01,3,2037,卖盘
27,14:55:36,6.8,--,44,29920,买盘
28,14:55:27,6.8,0.01,2,1360,买盘
29,14:55:24,6.79,--,63,42777,卖盘
30,14:55:21,6.79,-0.01,6,4074,卖盘
31,14:55:15,6.8,--,32,21760,买盘
32,14:55:12,6.8,--,1020,693600,买盘
33,14:55:09,6.8,--,4,2720,买盘
34,14:55:06,6.8,--,6,4080,买盘
35,14:55:00,6.8,0.01,11,7480,买盘
36,14:54:57,6.79,--,20,14225,卖盘
37,14:54:54,6.79,--,14,9506,卖盘
38,14:54:45,6.79,--,60,40740,卖盘
39,14:54:42,6.79,-0.01,31,21049,卖盘
40,14:54:39,6.8,0.01,117,79560,买盘
41,14:54:36,6.79,--,28,19012,卖盘
42,14:54:33,6.79,--,190,129010,卖盘
43,14:54:30,6.79,--,1610,1093190,卖盘
44,14:54:27,6.79,--,11,7469,卖盘
45,14:54:24,6.79,--,3,2037,卖盘
46,14:54:21,6.79,--,31,21049,卖盘
47,14:54:18,6.79,--,6,4074,卖盘
48,14:54:12,6.79,--,33,22407,卖盘
49,14:54:06,6.79,--,5,3395,卖盘
50,14:54:03,6.79,--,100,67900,卖盘
51,14:54:00,6.79,--,2,1358,卖盘
52,14:53:57,6.79,--,74,50246,卖盘
53,14:53:54,6.79,0.01,907,616396,买盘
54,14:53:51,6.78,-0.01,43,29154,卖盘
55,14:53:45,6.79,0.01,5,3395,买盘
56,14:53:42,6.78,-0.01,19,12882,卖盘
57,14:53:39,6.79,--,1,679,买盘
58,14:53:36,6.79,0.01,1,679,买盘
59,14:53:33,6.78,--,10,6780,卖盘
60,14:53:27,6.78,-0.01,32,21696,卖盘
61,14:53:24,6.79,--,1,679,买盘
62,14:53:21,6.79,--,17,11543,买盘
63,14:53:18,6.79,--,80,54320,买盘
64,14:53:15,6.79,--,33,22407,买盘
65,14:53:12,6.79,--,197,133763,买盘
66,14:53:03,6.79,--,10,6790,买盘
67,14:53:00,6.79,0.01,276,187404,买盘
68,14:52:57,6.78,-0.01,31,21018,卖盘
69,14:52:54,6.79,--,60,40740,买盘
70,14:52:51,6.79,--,52,35308,买盘
71,14:52:48,6.79,0.01,500,339500,买盘
72,14:52:45,6.78,-0.01,141,95598,卖盘
73,14:52:42,6.79,--,51,34629,买盘
74,14:52:39,6.79,--,60,40740,买盘
75,14:52:36,6.79,--,32,21728,买盘
76,14:52:27,6.79,--,1,679,买盘
77,14:52:24,6.79,--,35,23765,买盘
78,14:52:21,6.79,--,53,35987,买盘
79,14:52:18,6.79,--,1,679,买盘
80,14:52:15,6.79,--,6,4074,买盘
81,14:52:12,6.79,--,7,4753,买盘
82,14:52:09,6.79,--,5,3395,买盘
83,14:52:06,6.79,--,37,25123,卖盘
84,14:52:03,6.79,-0.01,1000,679000,卖盘
85,14:52:00,6.8,0.01,48,32640,买盘
86,14:51:57,6.79,--,25,16975,卖盘
87,14:51:54,6.79,--,2,1358,卖盘
88,14:51:51,6.79,-0.01,308,209132,卖盘
89,14:51:48,6.8,0.01,1030,700400,买盘
90,14:51:39,6.79,--,38,25802,卖盘
91,14:51:36,6.79,--,6,4074,卖盘
92,14:51:33,6.79,-0.01,80,54320,卖盘
93,14:51:30,6.8,0.01,2,1360,买盘
94,14:51:27,6.79,--,95,64505,卖盘
95,14:51:24,6.79,--,59,40061,卖盘
96,14:51:21,6.79,--,323,219317,卖盘
97,14:51:15,6.79,--,40,27160,卖盘
98,14:51:12,6.79,-0.01,311,211169,卖盘
99,14:51:09,6.8,0.01,9,6120,买盘
100,14:51:03,6.79,--,12,8148,卖盘
101,14:51:00,6.79,-0.01,79,53641,卖盘
102,14:50:57,6.8,0.01,1520,1033600,买盘
103,14:50:54,6.79,--,13,8827,卖盘
104,14:50:48,6.79,--,12,8148,卖盘
105,14:50:45,6.79,--,203,137837,卖盘
106,14:50:42,6.79,--,14,9506,卖盘
107,14:50:33,6.79,--,28,19012,卖盘
108,14:50:21,6.79,--,388,263452,买盘
109,14:50:18,6.79,0.01,1,679,买盘
110,14:50:15,6.78,-0.01,20,13560,卖盘
111,14:50:12,6.79,--,50,33950,买盘
112,14:50:06,6.79,--,30,20370,买盘
113,14:50:03,6.79,0.01,9,6111,买盘
114,14:49:57,6.78,-0.01,55,37290,卖盘
115,14:49:48,6.79,0.01,2,1358,买盘
116,14:49:45,6.78,-0.01,124,84072,卖盘
117,14:49:42,6.79,--,31,21049,买盘
118,14:49:39,6.79,-0.01,7,4753,中性盘
119,14:49:36,6.8,0.01,207,140760,买盘
120,14:49:33,6.79,-0.01,111,75369,卖盘
121,14:49:30,6.8,0.01,40,27200,买盘
122,14:49:27,6.79,--,16,10864,卖盘
123,14:49:24,6.79,--,50,33950,卖盘
124,14:49:21,6.79,-0.01,100,67900,卖盘
125,14:49:15,6.8,0.01,85,57800,买盘
126,14:49:12,6.79,--,63,42777,卖盘
127,14:49:09,6.79,--,223,151417,卖盘
128,14:49:06,6.79,--,2,1358,卖盘
129,14:49:00,6.79,--,451,306229,买盘
130,14:48:57,6.79,--,61,41419,买盘
131,14:48:51,6.79,-0.01,174,118146,卖盘
132,14:48:48,6.8,0.01,3,2040,买盘
133,14:48:42,6.79,-0.01,15,10185,卖盘
134,14:48:33,6.8,--,10,6800,买盘
135,14:48:27,6.8,0.01,20,13600,买盘
136,14:48:24,6.79,--,1,679,卖盘
137,14:48:21,6.79,--,50,33950,卖盘
138,14:48:18,6.79,--,25,16975,卖盘
139,14:48:15,6.79,-0.01,72,48888,卖盘
140,14:48:12,6.8,--,32,21760,买盘
141,14:48:06,6.8,0.01,1,680,买盘
142,14:48:03,6.79,--,1568,1064672,卖盘
143,14:48:00,6.79,--,46,31234,卖盘
144,14:47:57,6.79,--,30,20370,卖盘
145,14:47:54,6.79,--,14,9506,卖盘
146,14:47:48,6.79,--,199,135121,卖盘
147,14:47:45,6.79,--,60,40740,卖盘
148,14:47:42,6.79,--,13,8827,卖盘
149,14:47:36,6.79,--,41,27839,卖盘
150,14:47:33,6.79,-0.01,33,22407,卖盘
151,14:47:30,6.8,0.01,41,27880,买盘
152,14:47:27,6.79,--,5,3395,卖盘
153,14:47:24,6.79,--,4,2716,卖盘
154,14:47:21,6.79,--,1090,740110,买盘
155,14:47:15,6.79,0.01,125,84875,买盘
156,14:47:09,6.78,--,6,4068,卖盘
157,14:47:06,6.78,-0.01,1,678,卖盘
158,14:47:03,6.79,0.01,10,6790,买盘
159,14:47:00,6.78,--,26,17628,卖盘
160,14:46:57,6.78,--,20,13560,卖盘
161,14:46:54,6.78,-0.01,28,18984,卖盘
162,14:46:51,6.79,--,6,4074,买盘
163,14:46:48,6.79,0.01,1,679,买盘
164,14:46:45,6.78,-0.01,1,678,卖盘
165,14:46:42,6.79,0.01,2,1358,买盘
166,14:46:39,6.78,-0.01,54,36612,卖盘
167,14:46:36,6.79,0.01,1,679,买盘
168,14:46:30,6.78,--,128,87245,买盘
169,14:46:27,6.78,0.01,60,40680,买盘
170,14:46:24,6.77,-0.01,5,3385,卖盘
171,14:46:21,6.78,--,1,678,买盘
172,14:46:15,6.78,--,26,17628,买盘
173,14:46:12,6.78,0.01,17,11526,买盘
174,14:46:09,6.77,-0.01,8,5416,卖盘
175,14:46:06,6.78,--,33,22374,卖盘
176,14:45:57,6.78,--,45,30510,卖盘
177,14:45:54,6.78,0.01,2,1356,卖盘
178,14:45:45,6.77,-0.02,1030,697310,卖盘
179,14:45:39,6.79,0.01,42,28518,买盘
180,14:45:36,6.78,--,1,678,卖盘
181,14:45:33,6.78,--,10,6780,卖盘
182,14:45:30,6.78,--,1,678,卖盘
183,14:45:27,6.78,-0.01,41,27798,卖盘
184,14:45:24,6.79,0.01,1530,1038870,买盘
185,14:45:21,6.78,-0.01,3,2034,卖盘
186,14:45:15,6.79,--,45,30555,买盘
187,14:45:09,6.79,--,8,5432,买盘
188,14:45:06,6.79,--,53,35987,买盘
189,14:45:03,6.79,0.01,194,131726,买盘
190,14:45:00,6.78,--,7,4746,卖盘
191,14:44:57,6.78,--,19,12882,卖盘
192,14:44:51,6.78,-0.01,1005,681390,卖盘
193,14:44:45,6.79,0.01,52,35308,买盘
194,14:44:42,6.78,-0.01,6,4068,卖盘
195,14:44:36,6.79,0.01,20,13580,买盘
196,14:44:33,6.78,--,200,135600,卖盘
197,14:44:30,6.78,--,121,82038,卖盘
198,14:44:27,6.78,--,26,17628,卖盘
199,14:44:24,6.78,-0.01,50,33900,卖盘
200,14:44:21,6.79,0.01,20,13580,买盘
201,14:44:18,6.78,-0.01,6,4068,卖盘
202,14:44:12,6.79,--,18,12222,买盘
203,14:44:09,6.79,0.01,8,5432,买盘
204,14:44:06,6.78,-0.01,2,1356,卖盘
205,14:44:00,6.79,0.01,25,16975,买盘
206,14:43:57,6.78,-0.01,26,17628,卖盘
207,14:43:54,6.79,--,32,21728,买盘
208,14:43:51,6.79,0.01,1000,679000,买盘
209,14:43:45,6.78,-0.01,46,31188,卖盘
210,14:43:42,6.79,0.01,1,679,买盘
211,14:43:39,6.78,--,46,31188,卖盘
212,14:43:36,6.78,--,7,4746,卖盘
213,14:43:30,6.78,--,1,678,卖盘
214,14:43:27,6.78,--,16,10848,卖盘
215,14:43:15,6.78,--,56,37968,卖盘
216,14:43:12,6.78,--,15,10170,卖盘
217,14:43:06,6.78,--,21,14238,卖盘
218,14:43:03,6.78,--,30,20340,卖盘
219,14:43:00,6.78,0.01,239,162136,买盘
220,14:42:57,6.77,-0.01,25,16925,卖盘
221,14:42:48,6.78,--,85,57630,买盘
222,14:42:39,6.78,--,115,77970,买盘
223,14:42:33,6.78,--,56,37968,买盘
224,14:42:30,6.78,0.01,1,678,买盘
225,14:42:27,6.77,--,3,2030,卖盘
226,14:42:24,6.77,-0.01,4,2708,卖盘
227,14:42:21,6.78,0.01,101,68478,买盘
228,14:42:15,6.77,--,1183,800891,卖盘
229,14:42:12,6.77,--,29,19633,卖盘
230,14:42:09,6.77,--,310,209870,卖盘
231,14:42:06,6.77,-0.01,11,7446,卖盘
232,14:42:00,6.78,0.01,6,4068,买盘
233,14:41:57,6.77,--,20,13540,卖盘
234,14:41:54,6.77,-0.01,10,6770,卖盘
235,14:41:51,6.78,--,96,65088,买盘
236,14:41:48,6.78,0.01,63,42714,买盘
237,14:41:45,6.77,-0.01,133,90041,卖盘
238,14:41:36,6.78,--,7,4746,买盘
239,14:41:30,6.78,0.01,16,10848,买盘
240,14:41:27,6.77,--,41,27757,卖盘
241,14:41:24,6.77,--,10,6770,卖盘
242,14:41:21,6.77,--,50,33850,卖盘
243,14:41:18,6.77,-0.01,51,34527,卖盘
244,14:41:15,6.78,0.01,1013,686814,买盘
245,14:41:12,6.77,--,37,25049,卖盘
246,14:41:09,6.77,--,20,13540,卖盘
247,14:41:06,6.77,--,1,677,卖盘
248,14:41:03,6.77,-0.01,5,3385,卖盘
249,14:40:57,6.78,--,30,20340,买盘
250,14:40:54,6.78,--,14,9492,买盘
251,14:40:51,6.78,0.01,4,2712,买盘
252,14:40:48,6.77,-0.01,65,44005,卖盘
253,14:40:45,6.78,--,40,27120,买盘
254,14:40:42,6.78,0.01,132,89496,买盘
255,14:40:36,6.77,-0.01,430,291110,卖盘
256,14:40:33,6.78,0.02,268,181704,买盘
257,14:40:30,6.76,-0.01,125,84500,卖盘
258,14:40:27,6.77,0.01,10,6770,买盘
259,14:40:24,6.76,-0.01,9,6084,卖盘
260,14:40:21,6.77,--,36,24372,买盘
261,14:40:18,6.77,--,79,53483,买盘
262,14:40:15,6.77,0.01,154,104258,买盘
263,14:40:12,6.76,-0.01,102,68952,卖盘
264,14:40:06,6.77,--,34,23018,买盘
265,14:40:03,6.77,--,50,33850,买盘
266,14:40:00,6.77,0.01,5,3385,买盘
267,14:39:57,6.76,-0.01,27,18252,卖盘
268,14:39:51,6.77,--,16,10832,买盘
269,14:39:48,6.77,--,1510,1022269,买盘
270,14:39:45,6.77,--,77,52129,卖盘
271,14:39:42,6.77,--,24,16247,卖盘
272,14:39:39,6.77,-0.01,5,3385,买盘
273,14:39:36,6.78,--,3,2034,买盘
274,14:39:33,6.78,0.01,100,67800,买盘
275,14:39:30,6.77,-0.01,31,20987,中性盘
276,14:39:27,6.78,0.01,25,16950,买盘
277,14:39:24,6.77,--,24,16247,卖盘
278,14:39:18,6.77,-0.01,500,338500,卖盘
279,14:39:12,6.78,0.01,31,21018,买盘
280,14:39:09,6.77,-0.01,60,40620,卖盘
281,14:39:06,6.78,--,32,21696,买盘
282,14:39:03,6.78,0.01,10,6780,买盘
283,14:39:00,6.77,0.01,1133,767041,买盘
284,14:38:57,6.76,--,36,24336,卖盘
285,14:38:54,6.76,--,60,40560,卖盘
286,14:38:42,6.76,-0.01,10,6760,卖盘
287,14:38:39,6.77,--,4,2708,买盘
288,14:38:33,6.77,--,114,77178,买盘
289,14:38:24,6.77,--,25,16925,买盘
290,14:38:18,6.77,--,26,17602,买盘
291,14:38:15,6.77,--,982,664814,卖盘
292,14:38:12,6.77,--,35,23695,买盘
293,14:38:09,6.77,0.02,8,5416,买盘
294,14:38:06,6.75,--,1,675,卖盘
295,14:38:03,6.75,-0.02,1,675,卖盘
296,14:38:00,6.77,0.02,6,4061,买盘
297,14:37:57,6.75,-0.02,20,13500,卖盘
298,14:37:54,6.77,-0.01,40,27080,卖盘
299,14:37:51,6.78,--,5,3390,买盘
300,14:37:48,6.78,--,5002,3391356,买盘
301,14:37:42,6.78,--,554,376195,卖盘
302,14:37:33,6.78,--,57,38646,卖盘
303,14:37:30,6.78,-0.01,254,172212,卖盘
304,14:37:27,6.79,0.01,45,30555,买盘
305,14:37:24,6.78,--,28,18984,卖盘
306,14:37:18,6.78,--,5,3390,卖盘
307,14:37:15,6.78,0.02,404,274006,买盘
308,14:37:12,6.76,-0.02,2703,1827228,卖盘
309,14:37:06,6.78,0.01,174,117972,买盘
310,14:37:03,6.77,--,1,677,卖盘
311,14:36:57,6.77,-0.01,20,13540,卖盘
312,14:36:45,6.78,--,75,50850,买盘
313,14:36:42,6.78,--,36,24991,卖盘
314,14:36:39,6.78,--,575,389850,卖盘
315,14:36:36,6.78,-0.01,56,37968,卖盘
316,14:36:33,6.79,0.01,20,13580,买盘
317,14:36:30,6.78,--,107,72546,卖盘
318,14:36:27,6.78,--,128,86878,卖盘
319,14:36:24,6.78,--,41,27798,卖盘
320,14:36:21,6.78,--,10,6780,卖盘
321,14:36:18,6.78,--,12,8136,卖盘
322,14:36:12,6.78,--,41,27798,卖盘
323,14:36:09,6.78,0.01,66,44748,买盘
324,14:36:06,6.77,--,112,75824,卖盘
325,14:36:03,6.77,--,1,677,卖盘
326,14:35:57,6.77,--,20,13540,卖盘
327,14:35:54,6.77,--,13,8801,卖盘
328,14:35:51,6.77,-0.01,129,87333,卖盘
329,14:35:48,6.78,0.01,30,20340,买盘
330,14:35:45,6.77,-0.01,10,6770,卖盘
331,14:35:39,6.78,--,10,6780,买盘
332,14:35:27,6.78,--,13,8814,卖盘
333,14:35:24,6.78,--,140,94920,卖盘
334,14:35:21,6.78,--,478,324084,卖盘
335,14:35:15,6.78,--,3,2034,卖盘
336,14:35:09,6.78,-0.01,2,1356,卖盘
337,14:35:06,6.79,0.01,1500,1018500,买盘
338,14:35:03,6.78,--,1,678,卖盘
339,14:34:57,6.78,--,20,13560,卖盘
340,14:34:51,6.78,--,20,13560,卖盘
341,14:34:48,6.78,-0.01,130,88140,卖盘
342,14:34:45,6.79,0.01,67,45493,买盘
343,14:34:42,6.78,-0.01,11,7458,卖盘
344,14:34:36,6.79,0.01,12,8148,买盘
345,14:34:33,6.78,--,146,98988,卖盘
346,14:34:30,6.78,-0.01,1,678,卖盘
347,14:34:27,6.79,0.01,1,679,买盘
348,14:34:03,6.78,--,18,12204,卖盘
349,14:34:00,6.78,--,4,2712,卖盘
350,14:33:57,6.78,-0.01,1027,696306,卖盘
351,14:33:54,6.79,0.01,98,66542,买盘
352,14:33:51,6.78,-0.01,132,89496,卖盘
353,14:33:36,6.79,0.01,1,679,买盘
354,14:33:24,6.78,--,11,7458,卖盘
355,14:33:00,6.78,0.01,206,139668,买盘
356,14:32:57,6.77,--,120,81240,卖盘
357,14:32:54,6.77,-0.01,67,45359,卖盘
358,14:32:45,6.78,--,2,1356,买盘
359,14:32:42,6.78,--,13,8814,买盘
360,14:32:39,6.78,-0.01,24,16272,卖盘
361,14:32:36,6.79,--,47,31913,买盘
362,14:32:33,6.79,0.02,13,8827,买盘
363,14:32:18,6.77,-0.02,20,13540,卖盘
364,14:32:15,6.79,--,2,1358,买盘
365,14:32:12,6.79,0.02,1,679,买盘
366,14:32:09,6.77,-0.02,1,677,卖盘
367,14:32:03,6.79,--,9,6111,卖盘
368,14:32:00,6.79,--,20,13580,买盘
369,14:31:57,6.79,--,650,441350,卖盘
370,14:31:54,6.79,--,896,608384,买盘
371,14:31:51,6.79,0.02,10,6790,买盘
372,14:31:45,6.77,-0.02,1,677,卖盘
373,14:31:42,6.79,0.02,10,6790,买盘
374,14:31:39,6.77,-0.02,1007,681739,卖盘
375,14:31:30,6.79,0.01,4,2716,买盘
376,14:31:21,6.78,--,24,16272,卖盘
377,14:31:12,6.78,--,66,44748,卖盘
378,14:31:09,6.78,--,3,2034,卖盘
379,14:31:06,6.78,--,4,2712,卖盘
380,14:31:03,6.78,--,1,678,卖盘
381,14:30:57,6.78,--,20,13560,卖盘
382,14:30:54,6.78,-0.01,244,165432,卖盘
383,14:30:51,6.79,0.01,1,679,买盘
384,14:30:45,6.78,-0.01,230,155940,卖盘
385,14:30:42,6.79,--,1,679,买盘
386,14:30:39,6.79,--,1500,1018500,买盘
387,14:30:33,6.79,0.01,9,6111,买盘
388,14:30:27,6.78,-0.01,15,10170,卖盘
389,14:30:21,6.79,--,19,12901,买盘
390,14:30:15,6.79,0.01,1,679,买盘
391,14:30:06,6.78,0.01,1,678,中性盘
392,14:30:03,6.77,-0.01,100,67700,卖盘
393,14:30:00,6.78,--,1372,930216,卖盘
394,14:29:57,6.78,--,71,48138,卖盘
395,14:29:51,6.78,--,79,53562,买盘
396,14:29:48,6.78,--,28,18984,买盘
397,14:29:36,6.78,--,40,27120,卖盘
398,14:29:30,6.78,-0.01,6,4068,卖盘
399,14:29:27,6.79,0.01,20,13580,买盘
400,14:29:24,6.78,-0.01,444,301032,卖盘
401,14:29:18,6.79,--,35,23765,买盘
402,14:29:15,6.79,0.01,68,46172,买盘
403,14:29:12,6.78,--,20,13560,卖盘
404,14:29:09,6.78,-0.01,3,2034,卖盘
405,14:29:06,6.79,0.01,501,340179,买盘
406,14:28:57,6.78,--,77,52206,卖盘
407,14:28:54,6.78,--,19,12882,卖盘
408,14:28:45,6.78,0.02,548,371544,买盘
409,14:28:42,6.76,-0.02,40,27040,卖盘
410,14:28:39,6.78,--,1,678,买盘
411,14:28:27,6.78,0.01,1845,1250910,买盘
412,14:28:24,6.77,--,10,6770,卖盘
413,14:28:18,6.77,--,329,222733,卖盘
414,14:28:06,6.77,-0.01,32,21664,卖盘
415,14:28:03,6.78,0.01,4,2712,买盘
416,14:28:00,6.77,0.01,471,318867,买盘
417,14:27:57,6.76,-0.01,20,13520,卖盘
418,14:27:54,6.77,--,12,8123,买盘
419,14:27:51,6.77,--,3,2030,买盘
420,14:27:48,6.77,--,17,11509,买盘
421,14:27:42,6.77,--,183,123890,买盘
422,14:27:36,6.77,0.01,5,3385,买盘
423,14:27:33,6.76,--,220,148720,卖盘
424,14:27:30,6.76,-0.01,15,10140,卖盘
425,14:27:27,6.77,0.01,351,237626,买盘
426,14:27:24,6.76,--,4,2704,卖盘
427,14:27:21,6.76,--,511,345436,卖盘
428,14:27:18,6.76,-0.01,5,3380,卖盘
429,14:27:09,6.77,--,496,335792,买盘
430,14:27:06,6.77,--,10,6770,买盘
431,14:27:03,6.77,--,3,2030,买盘
432,14:27:00,6.77,0.01,1814,1228078,买盘
433,14:26:57,6.76,-0.01,20,13520,卖盘
434,14:26:54,6.77,--,35,23695,卖盘
435,14:26:51,6.77,0.02,18,12186,卖盘
436,14:26:48,6.75,-0.02,4422,2984850,卖盘
437,14:26:39,6.77,--,83,56191,卖盘
438,14:26:33,6.77,--,100,67700,卖盘
439,14:26:27,6.77,--,15,10155,卖盘
440,14:26:21,6.77,--,30,20310,买盘
441,14:26:15,6.77,-0.01,1,677,买盘
442,14:26:12,6.78,0.02,35,23730,买盘
443,14:26:06,6.76,-0.02,54,36504,卖盘
444,14:26:00,6.78,0.01,30,20340,买盘
445,14:25:57,6.77,0.01,30,20310,卖盘
446,14:25:51,6.76,--,15,10140,卖盘
447,14:25:48,6.76,-0.02,20,13520,卖盘
448,14:25:45,6.78,0.02,5001,3390678,买盘
449,14:25:39,6.76,--,399,269724,卖盘
450,14:25:33,6.76,--,76,51376,卖盘
451,14:25:30,6.76,--,244,164944,卖盘
452,14:25:24,6.76,-0.03,5000,3380000,卖盘
453,14:25:09,6.79,--,6,4074,买盘
454,14:25:06,6.79,0.01,3,2037,买盘
455,14:25:00,6.78,--,11,7458,卖盘
456,14:24:57,6.78,-0.01,120,81360,卖盘
457,14:24:54,6.79,--,1,679,买盘
458,14:24:45,6.79,--,19,12901,卖盘
459,14:24:33,6.79,--,5004,3397716,卖盘
460,14:24:30,6.79,--,13,8827,卖盘
461,14:24:15,6.79,-0.01,34,23086,卖盘
462,14:24:12,6.8,--,1,680,买盘
463,14:24:09,6.8,--,33,22440,买盘
464,14:24:06,6.8,--,2,1360,买盘
465,14:23:57,6.8,--,35,23800,买盘
466,14:23:51,6.8,0.01,30,20400,买盘
467,14:23:48,6.79,--,20,13580,卖盘
468,14:23:36,6.79,--,26,17654,卖盘
469,14:23:33,6.79,--,30,20370,卖盘
470,14:23:30,6.79,-0.01,1,679,卖盘
471,14:23:27,6.8,--,25,17000,买盘
472,14:23:18,6.8,--,2,1360,买盘
473,14:23:12,6.8,0.01,33,22440,买盘
474,14:23:09,6.79,--,51,34629,卖盘
475,14:23:06,6.79,-0.01,1,679,卖盘
476,14:22:54,6.8,0.01,33,22440,买盘
477,14:22:51,6.79,-0.01,21,14259,卖盘
478,14:22:42,6.8,--,36,24480,买盘
479,14:22:39,6.8,0.01,1,680,买盘
480,14:22:36,6.79,-0.01,50,33950,卖盘
481,14:22:33,6.8,0.01,17,11560,买盘
482,14:22:30,6.79,-0.01,21,14259,卖盘
483,14:22:27,6.8,--,33,22440,买盘
484,14:22:24,6.8,--,1,680,买盘
485,14:22:21,6.8,0.01,13,8840,买盘
486,14:22:18,6.79,--,10,6790,卖盘
487,14:22:12,6.79,--,37,25123,卖盘
488,14:22:09,6.79,--,10,6790,卖盘
489,14:22:06,6.79,--,3,2037,卖盘
490,14:22:03,6.79,--,11,7469,卖盘
491,14:22:00,6.79,-0.01,20,13580,卖盘
492,14:21:54,6.8,--,40,27200,买盘
493,14:21:51,6.8,--,5,3400,买盘
494,14:21:42,6.8,--,33,22440,买盘
495,14:21:39,6.8,0.01,32,21760,买盘
496,14:21:36,6.79,--,75,50925,卖盘
497,14:21:33,6.79,-0.01,14,9506,卖盘
498,14:21:30,6.8,0.01,1501,1020680,买盘
499,14:21:27,6.79,-0.01,82,55678,卖盘
500,14:21:24,6.8,0.01,3,2040,买盘
501,14:21:21,6.79,--,37,25123,卖盘
502,14:21:18,6.79,--,190,129010,卖盘
503,14:21:06,6.79,--,5,3395,卖盘
504,14:21:00,6.79,--,257,174503,卖盘
505,14:20:57,6.79,--,93,63147,卖盘
506,14:20:54,6.79,--,60,40740,卖盘
507,14:20:48,6.79,--,34,23086,卖盘
508,14:20:42,6.79,--,2,1358,卖盘
509,14:20:39,6.79,-0.01,4,2716,卖盘
510,14:20:33,6.8,--,45,30600,买盘
511,14:20:30,6.8,--,248,168640,买盘
512,14:20:24,6.8,0.01,4,2720,买盘
513,14:20:21,6.79,--,40,27160,卖盘
514,14:20:18,6.79,--,20,13580,卖盘
515,14:20:15,6.79,-0.01,3,2037,卖盘
516,14:20:12,6.8,--,44,29920,买盘
517,14:20:09,6.8,0.01,1,680,买盘
518,14:20:06,6.79,--,15,10185,卖盘
519,14:20:03,6.79,-0.01,1618,1098622,卖盘
520,14:20:00,6.8,--,113,76840,买盘
521,14:19:57,6.8,--,137,93160,买盘
522,14:19:54,6.8,0.01,1,680,买盘
523,14:19:51,6.79,--,79,53641,卖盘
524,14:19:48,6.79,-0.01,1,679,卖盘
525,14:19:36,6.8,--,7,4760,买盘
526,14:19:33,6.8,0.01,76,51680,买盘
527,14:19:30,6.79,--,19,12901,卖盘
528,14:19:24,6.79,-0.01,55,37345,卖盘
529,14:19:21,6.8,0.01,31,21080,买盘
530,14:19:18,6.79,--,26,17654,卖盘
531,14:19:15,6.79,--,207,140553,卖盘
532,14:19:09,6.79,--,1,679,卖盘
533,14:19:06,6.79,--,5,3395,卖盘
534,14:19:03,6.79,--,1,679,卖盘
535,14:18:57,6.79,--,101,68579,卖盘
536,14:18:54,6.79,-0.01,94,63826,卖盘
537,14:18:45,6.8,0.01,11,7480,买盘
538,14:18:42,6.79,--,35,23765,卖盘
539,14:18:39,6.79,--,72,48888,卖盘
540,14:18:36,6.79,--,30,20370,卖盘
541,14:18:33,6.79,0.01,534,362586,买盘
542,14:18:30,6.78,-0.01,206,139668,卖盘
543,14:18:27,6.79,0.01,1,679,买盘
544,14:18:18,6.78,-0.01,11,7458,卖盘
545,14:18:15,6.79,0.01,2,1358,买盘
546,14:18:12,6.78,--,103,69834,卖盘
547,14:18:03,6.78,--,26,17628,卖盘
548,14:18:00,6.78,--,7,4746,卖盘
549,14:17:57,6.78,-0.01,2,1356,卖盘
550,14:17:48,6.79,--,3,2037,买盘
551,14:17:39,6.79,-0.01,21,14259,中性盘
552,14:17:30,6.8,--,14,9520,买盘
553,14:17:27,6.8,--,34,23120,买盘
554,14:17:24,6.8,0.01,1003,682040,买盘
555,14:17:15,6.79,0.01,1,679,中性盘
556,14:17:03,6.78,-0.01,169,114582,卖盘
557,14:16:54,6.79,--,256,173824,买盘
558,14:16:51,6.79,--,1958,1329482,卖盘
559,14:16:48,6.79,--,11,7469,卖盘
560,14:16:39,6.79,--,20,13580,卖盘
561,14:16:36,6.79,--,30,20370,卖盘
562,14:16:33,6.79,--,20,13580,卖盘
563,14:16:30,6.79,--,54,36666,卖盘
564,14:16:27,6.79,--,210,142590,卖盘
565,14:16:21,6.79,--,17,11543,卖盘
566,14:16:18,6.79,--,155,105245,卖盘
567,14:16:15,6.79,--,103,69937,卖盘
568,14:16:12,6.79,--,11,7469,卖盘
569,14:16:09,6.79,--,1,679,卖盘
570,14:16:06,6.79,-0.01,3,2037,卖盘
571,14:16:03,6.8,0.01,16,10880,买盘
572,14:16:00,6.79,--,405,274995,卖盘
573,14:15:57,6.79,0.01,331,224776,买盘
574,14:15:54,6.78,-0.01,20,13560,卖盘
575,14:15:48,6.79,--,4,2716,买盘
576,14:15:42,6.79,0.01,1,679,买盘
577,14:15:39,6.78,--,8,5424,卖盘
578,14:15:36,6.78,-0.01,1,678,卖盘
579,14:15:33,6.79,0.01,2,1358,买盘
580,14:15:30,6.78,-0.01,1,678,卖盘
581,14:15:21,6.79,0.01,1,679,买盘
582,14:15:18,6.78,-0.01,8,5424,卖盘
583,14:15:15,6.79,--,10,6790,买盘
584,14:15:09,6.79,-0.01,163,111328,卖盘
585,14:15:00,6.8,0.01,72,48960,买盘
586,14:14:51,6.79,--,6,4074,卖盘
587,14:14:45,6.79,-0.01,502,340858,卖盘
588,14:14:42,6.8,--,34,23120,买盘
589,14:14:39,6.8,--,35,23800,买盘
590,14:14:36,6.8,0.01,30,20400,买盘
591,14:14:24,6.79,-0.01,7,4753,卖盘
592,14:14:21,6.8,--,1500,1020000,买盘
593,14:14:18,6.8,0.01,50,34000,买盘
594,14:14:12,6.79,--,1,679,卖盘
595,14:14:09,6.79,-0.01,1,679,卖盘
596,14:14:03,6.8,0.01,3,2040,买盘
597,14:13:54,6.79,-0.01,90,61110,卖盘
598,14:13:51,6.8,0.01,1,680,买盘
599,14:13:45,6.79,-0.01,22,14938,卖盘
600,14:13:33,6.8,--,35,23800,买盘
601,14:13:30,6.8,0.01,17,11560,买盘
602,14:13:27,6.79,--,179,121541,卖盘
603,14:13:24,6.79,-0.01,13,8827,卖盘
604,14:13:21,6.8,0.01,91,61880,买盘
605,14:13:09,6.79,--,1,679,卖盘
606,14:13:06,6.79,--,31,21049,卖盘
607,14:12:51,6.79,--,21,14259,卖盘
608,14:12:48,6.79,--,50,33950,卖盘
609,14:12:36,6.79,-0.01,10,6790,卖盘
610,14:12:33,6.8,0.01,22,14960,买盘
611,14:12:30,6.79,--,1,679,卖盘
612,14:12:24,6.79,-0.01,10,6790,卖盘
613,14:12:21,6.8,0.01,32,21760,买盘
614,14:12:18,6.79,-0.01,10,6790,卖盘
615,14:12:12,6.8,--,1,680,买盘
616,14:12:09,6.8,--,112,76160,买盘
617,14:12:06,6.8,--,3,2040,买盘
618,14:12:00,6.8,0.01,18,12240,买盘
619,14:11:48,6.79,-0.01,29,19691,卖盘
620,14:11:33,6.8,0.01,20,13600,买盘
621,14:11:30,6.79,-0.01,10,6790,卖盘
622,14:11:15,6.8,--,38,25840,买盘
623,14:11:12,6.8,--,30,20400,买盘
624,14:11:03,6.8,--,2,1360,买盘
625,14:11:00,6.8,0.01,1500,1020000,买盘
626,14:10:57,6.79,--,74,50246,卖盘
627,14:10:54,6.79,--,3,2037,卖盘
628,14:10:42,6.79,--,14,9506,卖盘
629,14:10:33,6.79,--,30,20370,卖盘
630,14:10:18,6.79,--,34,23086,卖盘
631,14:10:06,6.79,--,1,679,卖盘
632,14:10:00,6.79,--,5,3395,卖盘
633,14:09:57,6.79,--,25,16975,卖盘
634,14:09:51,6.79,--,2,1358,卖盘
635,14:09:42,6.79,--,32,21755,卖盘
636,14:09:27,6.79,--,1,679,卖盘
637,14:09:21,6.79,--,31,21049,卖盘
638,14:09:09,6.79,-0.01,30,20370,卖盘
639,14:09:06,6.8,--,1514,1029520,买盘
640,14:08:51,6.8,0.01,32,21760,买盘
641,14:08:48,6.79,--,180,122220,卖盘
642,14:08:45,6.79,--,30,20370,卖盘
643,14:08:42,6.79,--,76,51604,卖盘
644,14:08:30,6.79,--,9,6111,卖盘
645,14:08:27,6.79,--,1,679,卖盘
646,14:08:24,6.79,--,32,21728,卖盘
647,14:08:21,6.79,--,433,294007,卖盘
648,14:08:18,6.79,--,109,74011,买盘
649,14:08:12,6.79,--,11,7469,买盘
650,14:08:09,6.79,--,32,21728,买盘
651,14:08:06,6.79,--,190,129010,卖盘
652,14:07:57,6.79,--,1,679,卖盘
653,14:07:51,6.79,--,100,67900,卖盘
654,14:07:48,6.79,--,5,3395,卖盘
655,14:07:45,6.79,--,410,278390,卖盘
656,14:07:42,6.79,--,8,5432,卖盘
657,14:07:33,6.79,--,30,20370,卖盘
658,14:07:27,6.79,--,17,11543,卖盘
659,14:07:24,6.79,--,1525,1035475,卖盘
660,14:07:15,6.79,--,1,679,卖盘
661,14:07:12,6.79,-0.01,3,2037,卖盘
662,14:07:06,6.8,0.01,14,9520,买盘
663,14:07:03,6.79,--,11,7469,卖盘
664,14:07:00,6.79,-0.01,710,482090,卖盘
665,14:06:54,6.8,0.01,1,680,买盘
666,14:06:51,6.79,--,10,6790,卖盘
667,14:06:45,6.79,-0.01,50,33950,卖盘
668,14:06:36,6.8,--,76,51680,买盘
669,14:06:33,6.8,0.01,17,11560,买盘
670,14:06:30,6.79,--,7,4753,卖盘
671,14:06:15,6.79,-0.01,90,61110,卖盘
672,14:06:12,6.8,0.01,30,20400,买盘
673,14:06:09,6.79,--,1,679,卖盘
674,14:06:03,6.79,-0.01,28,19012,卖盘
675,14:05:54,6.8,0.01,34,23120,买盘
676,14:05:51,6.79,--,10,6790,卖盘
677,14:05:45,6.79,--,1,679,卖盘
678,14:05:42,6.79,-0.01,26,17654,卖盘
679,14:05:39,6.8,0.01,1508,1025440,买盘
680,14:05:36,6.79,--,80,54320,卖盘
681,14:05:27,6.79,--,120,81480,卖盘
682,14:05:21,6.79,--,104,70616,卖盘
683,14:05:15,6.79,--,79,53641,卖盘
684,14:05:12,6.79,--,23,15617,卖盘
685,14:05:06,6.79,--,1,679,卖盘
686,14:04:57,6.79,--,30,20370,卖盘
687,14:04:54,6.79,--,1,679,卖盘
688,14:04:51,6.79,--,10,6790,卖盘
689,14:04:48,6.79,--,45,30555,卖盘
690,14:04:45,6.79,--,48,32592,卖盘
691,14:04:42,6.79,-0.01,50,33950,卖盘
692,14:04:36,6.8,0.01,17,11560,买盘
693,14:04:30,6.79,--,138,93702,卖盘
694,14:04:27,6.79,--,27,18333,卖盘
695,14:04:21,6.79,--,102,69258,卖盘
696,14:04:15,6.79,-0.01,30,20370,卖盘
697,14:04:06,6.8,--,2,1360,买盘
698,14:03:54,6.8,0.01,20,13600,买盘
699,14:03:45,6.79,-0.01,16,10864,卖盘
700,14:03:42,6.8,0.01,1500,1020000,买盘
701,14:03:36,6.79,--,1,679,卖盘
702,14:03:33,6.79,--,40,27160,卖盘
703,14:03:27,6.79,--,35,23765,卖盘
704,14:03:24,6.79,-0.01,53,35987,卖盘
705,14:03:21,6.8,0.01,22,14960,买盘
706,14:03:18,6.79,--,16,10864,卖盘
707,14:03:15,6.79,-0.01,121,82159,卖盘
708,14:03:12,6.8,0.01,12,8160,买盘
709,14:03:09,6.79,--,1,679,卖盘
710,14:03:00,6.79,--,113,76727,卖盘
711,14:02:57,6.79,--,1,679,卖盘
712,14:02:51,6.79,-0.01,130,88270,卖盘
713,14:02:48,6.8,0.01,23,15640,买盘
714,14:02:45,6.79,--,9,6111,卖盘
715,14:02:42,6.79,--,520,353080,卖盘
716,14:02:39,6.79,-0.01,386,262094,卖盘
717,14:02:36,6.8,--,328,223040,买盘
718,14:02:33,6.8,--,19,12920,买盘
719,14:02:24,6.8,0.01,83,56440,买盘
720,14:02:15,6.79,--,7,4753,卖盘
721,14:02:06,6.79,--,18,12222,卖盘
722,14:01:57,6.79,-0.01,10,6790,卖盘
723,14:01:48,6.8,--,31,21080,买盘
724,14:01:45,6.8,0.01,1,680,买盘
725,14:01:42,6.79,--,6,4074,卖盘
726,14:01:39,6.79,--,529,359191,卖盘
727,14:01:30,6.79,--,109,74011,卖盘
728,14:01:27,6.79,--,21,14259,卖盘
729,14:01:24,6.79,-0.01,1,679,卖盘
730,14:01:21,6.8,--,2,1360,买盘
731,14:01:18,6.8,--,9,6120,买盘
732,14:01:09,6.8,--,10,6800,买盘
733,14:01:06,6.8,--,7,4760,买盘
734,14:01:03,6.8,--,220,149600,卖盘
735,14:01:00,6.8,--,131,89080,卖盘
736,14:00:57,6.8,--,50,34000,卖盘
737,14:00:54,6.8,--,53,36040,卖盘
738,14:00:51,6.8,-0.01,7,4760,卖盘
739,14:00:48,6.81,0.01,548,373188,买盘
740,14:00:45,6.8,--,31,21080,卖盘
741,14:00:39,6.8,--,2,1360,卖盘
742,14:00:36,6.8,--,5,3400,卖盘
743,14:00:33,6.8,--,40,27200,卖盘
744,14:00:12,6.8,--,46,31280,卖盘
745,14:00:09,6.8,--,27,18360,卖盘
746,14:00:06,6.8,--,1,680,卖盘
747,14:00:03,6.8,--,100,68000,卖盘
748,14:00:00,6.8,--,10,6800,卖盘
749,13:59:57,6.8,--,2,1360,卖盘
750,13:59:54,6.8,-0.01,1,680,卖盘
751,13:59:42,6.81,0.01,62,42222,买盘
752,13:59:39,6.8,--,53,36040,卖盘
753,13:59:33,6.8,--,100,68000,卖盘
754,13:59:30,6.8,--,13,8840,卖盘
755,13:59:24,6.8,--,16,10880,卖盘
756,13:59:15,6.8,--,1,680,卖盘
757,13:59:12,6.8,--,2,1360,卖盘
758,13:59:09,6.8,-0.01,1,680,卖盘
759,13:59:03,6.81,0.01,2,1362,买盘
760,13:59:00,6.8,--,14,9520,卖盘
761,13:58:57,6.8,--,1226,833680,卖盘
762,13:58:54,6.8,-0.01,5,3400,卖盘
763,13:58:45,6.81,0.01,26,17706,买盘
764,13:58:42,6.8,--,1,680,卖盘
765,13:58:36,6.8,-0.01,1,680,卖盘
766,13:58:30,6.81,0.01,10,6810,买盘
767,13:58:24,6.8,--,60,40800,卖盘
768,13:58:21,6.8,--,16,10880,卖盘
769,13:58:18,6.8,--,700,476000,卖盘
770,13:58:15,6.8,-0.01,1,680,卖盘
771,13:58:12,6.81,0.01,3,2042,买盘
772,13:58:09,6.8,--,50,34000,卖盘
773,13:58:06,6.8,--,25,17000,卖盘
774,13:58:00,6.8,--,13,8840,卖盘
775,13:57:57,6.8,-0.01,833,566440,卖盘
776,13:57:48,6.81,0.01,8,5448,买盘
777,13:57:45,6.8,-0.01,2,1360,卖盘
778,13:57:42,6.81,--,1,681,买盘
779,13:57:39,6.81,0.01,3,2042,买盘
780,13:57:27,6.8,-0.01,64,43520,卖盘
781,13:57:24,6.81,--,40,27240,买盘
782,13:57:21,6.81,0.01,35,23835,买盘
783,13:57:18,6.8,--,300,204000,卖盘
784,13:57:09,6.8,--,8,5440,卖盘
785,13:57:06,6.8,--,101,68680,卖盘
786,13:57:00,6.8,-0.01,13,8840,卖盘
787,13:56:57,6.81,0.01,10,6810,买盘
788,13:56:54,6.8,-0.01,1,680,卖盘
789,13:56:51,6.81,--,1,681,买盘
790,13:56:45,6.81,--,2,1362,买盘
791,13:56:42,6.81,--,1,681,买盘
792,13:56:30,6.81,0.01,1,681,买盘
793,13:56:24,6.8,--,21,14280,卖盘
794,13:56:21,6.8,-0.01,1,680,卖盘
795,13:56:18,6.81,0.01,30,20430,买盘
796,13:56:15,6.8,--,1,680,卖盘
797,13:56:09,6.8,--,1,680,卖盘
798,13:56:06,6.8,--,14,9520,卖盘
799,13:55:57,6.8,--,6,4080,卖盘
800,13:55:45,6.8,--,212,144160,卖盘
801,13:55:36,6.8,--,15,10200,卖盘
802,13:55:33,6.8,--,213,144840,卖盘
803,13:55:24,6.8,--,5,3400,卖盘
804,13:55:18,6.8,--,29,19720,卖盘
805,13:55:15,6.8,--,50,34000,卖盘
806,13:55:12,6.8,--,39,26520,卖盘
807,13:54:57,6.8,--,2,1360,卖盘
808,13:54:54,6.8,-0.01,1,680,卖盘
809,13:54:48,6.81,--,2,1362,买盘
810,13:54:39,6.81,--,24,16343,买盘
811,13:54:33,6.81,--,1,681,买盘
812,13:54:30,6.81,--,3,2042,买盘
813,13:54:18,6.81,--,4,2724,买盘
814,13:54:12,6.81,--,123,83763,买盘
815,13:54:06,6.81,0.01,1,681,买盘
816,13:54:03,6.8,--,2,1360,卖盘
817,13:53:57,6.8,--,35,23800,卖盘
818,13:53:54,6.8,--,47,31960,卖盘
819,13:53:48,6.8,-0.01,70,47600,卖盘
820,13:53:45,6.81,0.01,30,20430,买盘
821,13:53:39,6.8,--,1,680,卖盘
822,13:53:24,6.8,--,5,3400,卖盘
823,13:53:15,6.8,-0.01,63,42840,卖盘
824,13:53:09,6.81,0.01,60,40860,买盘
825,13:53:06,6.8,-0.01,36,24480,卖盘
826,13:53:03,6.81,0.01,66,44946,买盘
827,13:53:00,6.8,--,4,2720,卖盘
828,13:52:57,6.8,--,107,72760,卖盘
829,13:52:54,6.8,-0.01,5,3400,卖盘
830,13:52:51,6.81,0.01,501,341181,买盘
831,13:52:45,6.8,--,6,4080,卖盘
832,13:52:42,6.8,-0.01,445,302600,卖盘
833,13:52:39,6.81,0.01,7,4767,买盘
834,13:52:33,6.8,-0.01,29,19720,卖盘
835,13:52:30,6.81,0.01,500,340500,买盘
836,13:52:27,6.8,--,21,14280,卖盘
837,13:52:18,6.8,-0.01,13,8840,卖盘
838,13:52:15,6.81,--,6,4085,买盘
839,13:52:12,6.81,--,279,189999,买盘
840,13:52:09,6.81,--,35,23835,买盘
841,13:52:06,6.81,0.01,5,3405,买盘
842,13:52:00,6.8,--,12,8160,卖盘
843,13:51:57,6.8,--,500,340000,卖盘
844,13:51:54,6.8,--,1,680,卖盘
845,13:51:42,6.8,-0.01,5,3400,卖盘
846,13:51:39,6.81,--,14,9534,买盘
847,13:51:30,6.81,--,11,7491,买盘
848,13:51:27,6.81,--,50,34050,买盘
849,13:51:24,6.81,0.01,5,3405,买盘
850,13:51:21,6.8,-0.01,10,6800,卖盘
851,13:51:18,6.81,0.01,29,19749,买盘
852,13:51:15,6.8,-0.01,1,680,卖盘
853,13:51:06,6.81,0.01,1,681,买盘
854,13:50:57,6.8,-0.01,13,8840,卖盘
855,13:50:51,6.81,--,23,15663,买盘
856,13:50:48,6.81,--,44,29964,买盘
857,13:50:42,6.81,0.01,2,1362,买盘
858,13:50:39,6.8,-0.01,29,19720,卖盘
859,13:50:36,6.81,--,9,6129,买盘
860,13:50:30,6.81,--,33,22473,买盘
861,13:50:12,6.81,--,5,3405,买盘
862,13:50:09,6.81,0.01,34,23154,买盘
863,13:50:06,6.8,-0.01,100,68000,卖盘
864,13:49:54,6.81,0.01,21,14301,买盘
865,13:49:51,6.8,--,12,8160,卖盘
866,13:49:45,6.8,--,33,22440,卖盘
867,13:49:42,6.8,--,9,6120,卖盘
868,13:49:39,6.8,--,380,258400,卖盘
869,13:49:27,6.8,--,1,680,卖盘
870,13:49:15,6.8,--,44,29920,卖盘
871,13:49:09,6.8,--,31,21080,卖盘
872,13:49:06,6.8,--,1,680,卖盘
873,13:49:03,6.8,--,20,13600,卖盘
874,13:48:54,6.8,--,12,8160,卖盘
875,13:48:51,6.8,--,5,3400,卖盘
876,13:48:45,6.8,-0.01,10,6800,卖盘
877,13:48:39,6.81,0.01,29,19749,买盘
878,13:48:36,6.8,-0.01,18,12240,卖盘
879,13:48:30,6.81,0.01,8,5448,买盘
880,13:48:27,6.8,--,122,82960,卖盘
881,13:48:18,6.8,-0.01,5,3400,卖盘
882,13:48:15,6.81,--,26,17706,买盘
883,13:48:12,6.81,--,109,74229,买盘
884,13:48:03,6.81,--,16,10896,买盘
885,13:48:00,6.81,--,8,5448,买盘
886,13:47:57,6.81,--,4,2724,买盘
887,13:47:45,6.81,--,200,136200,买盘
888,13:47:42,6.81,--,2,1362,买盘
889,13:47:39,6.81,--,3,2042,买盘
890,13:47:36,6.81,0.01,3,2042,买盘
891,13:47:33,6.8,-0.01,1,680,卖盘
892,13:47:21,6.81,--,29,19749,买盘
893,13:47:18,6.81,--,4,2724,买盘
894,13:47:09,6.81,--,8,5448,买盘
895,13:47:06,6.81,--,14,9534,买盘
896,13:47:03,6.81,0.01,26,17706,买盘
897,13:46:57,6.8,--,50,34000,卖盘
898,13:46:54,6.8,--,1,680,卖盘
899,13:46:48,6.8,--,10,6800,卖盘
900,13:46:39,6.8,--,5,3400,卖盘
901,13:46:36,6.8,-0.01,113,76840,卖盘
902,13:46:33,6.81,--,20,13620,买盘
903,13:46:30,6.81,0.01,3,2042,买盘
904,13:46:27,6.8,-0.01,1,680,卖盘
905,13:46:24,6.81,0.01,6,4085,买盘
906,13:46:21,6.8,-0.01,200,136000,卖盘
907,13:46:18,6.81,0.01,5,3405,买盘
908,13:46:15,6.8,-0.01,6,4080,卖盘
909,13:46:09,6.81,0.01,50,34050,买盘
910,13:46:06,6.8,--,2,1360,卖盘
911,13:46:03,6.8,-0.01,31,21080,卖盘
912,13:45:57,6.81,--,29,19749,买盘
913,13:45:54,6.81,--,8,5448,买盘
914,13:45:48,6.81,0.01,12,8171,买盘
915,13:45:42,6.8,-0.01,4,2720,卖盘
916,13:45:39,6.81,--,12,8171,买盘
917,13:45:36,6.81,0.01,18,12258,买盘
918,13:45:30,6.8,--,17,11560,卖盘
919,13:45:24,6.8,-0.01,1,680,卖盘
920,13:45:21,6.81,--,1,681,买盘
921,13:45:12,6.81,0.01,5,3405,买盘
922,13:45:06,6.8,--,5,3400,卖盘
923,13:45:03,6.8,--,230,156400,卖盘
924,13:44:51,6.8,--,200,136000,卖盘
925,13:44:48,6.8,-0.01,8,5440,卖盘
926,13:44:45,6.81,0.01,500,340500,买盘
927,13:44:42,6.8,-0.01,3,2040,卖盘
928,13:44:39,6.81,--,12,8171,买盘
929,13:44:36,6.81,--,1,681,买盘
930,13:44:27,6.81,--,1,681,买盘
931,13:44:15,6.81,--,1,681,买盘
932,13:44:09,6.81,--,10,6810,买盘
933,13:44:06,6.81,--,76,51756,买盘
934,13:44:00,6.81,0.01,13,8853,买盘
935,13:43:54,6.8,-0.01,5,3400,卖盘
936,13:43:42,6.81,--,30,20430,买盘
937,13:43:39,6.81,--,34,23154,买盘
938,13:43:36,6.81,0.01,29,19749,买盘
939,13:43:33,6.8,--,5,3400,卖盘
940,13:43:21,6.8,-0.01,1,680,卖盘
941,13:43:18,6.81,0.01,8,5448,买盘
942,13:43:12,6.8,--,1,680,卖盘
943,13:43:06,6.8,-0.01,1,680,卖盘
944,13:42:57,6.81,--,5,3405,买盘
945,13:42:36,6.81,--,6,4085,买盘
946,13:42:33,6.81,0.01,18,12258,买盘
947,13:42:30,6.8,--,10,6800,卖盘
948,13:42:27,6.8,--,98,66640,卖盘
949,13:42:21,6.8,-0.01,220,149600,卖盘
950,13:42:12,6.81,0.01,1,681,买盘
951,13:42:06,6.8,-0.01,7,4760,卖盘
952,13:42:00,6.81,--,4,2724,买盘
953,13:41:57,6.81,--,28,19068,买盘
954,13:41:54,6.81,0.01,26,17706,买盘
955,13:41:51,6.8,--,1197,813960,买盘
956,13:41:45,6.8,0.01,28,19040,买盘
957,13:41:42,6.79,-0.01,3,2037,卖盘
958,13:41:24,6.8,0.01,28,19040,买盘
959,13:41:21,6.79,--,5,3395,卖盘
960,13:41:09,6.79,-0.01,30,20370,卖盘
961,13:41:06,6.8,0.01,6,4080,买盘
962,13:41:03,6.79,--,1,679,卖盘
963,13:40:48,6.79,-0.01,8,5432,卖盘
964,13:40:45,6.8,--,5,3400,买盘
965,13:40:42,6.8,--,1,680,买盘
966,13:40:39,6.8,0.01,2,1360,买盘
967,13:40:27,6.79,--,1,679,卖盘
968,13:40:21,6.79,-0.01,1,679,卖盘
969,13:40:18,6.8,--,10,6800,买盘
970,13:40:15,6.8,0.01,28,19040,买盘
971,13:40:12,6.79,--,2,1358,卖盘
972,13:40:06,6.79,--,2,1358,卖盘
973,13:40:00,6.79,-0.01,112,76048,卖盘
974,13:39:45,6.8,--,5,3400,买盘
975,13:39:39,6.8,--,9,6120,买盘
976,13:39:36,6.8,--,1,680,买盘
977,13:39:33,6.8,--,4,2720,买盘
978,13:39:30,6.8,--,1,680,买盘
979,13:39:27,6.8,--,6,4080,买盘
980,13:39:24,6.8,--,5,3400,买盘
981,13:39:18,6.8,--,3,2040,买盘
982,13:39:09,6.8,0.01,2,1360,买盘
983,13:39:06,6.79,-0.01,105,71295,卖盘
984,13:39:03,6.8,--,20,13600,买盘
985,13:38:57,6.8,--,1,680,买盘
986,13:38:54,6.8,--,7,4760,买盘
987,13:38:51,6.8,--,11,7480,买盘
988,13:38:48,6.8,--,25,17000,买盘
989,13:38:45,6.8,--,3,2040,买盘
990,13:38:42,6.8,--,2,1360,买盘
991,13:38:39,6.8,--,11,7480,买盘
992,13:38:33,6.8,--,2,1360,买盘
993,13:38:30,6.8,--,2,1360,买盘
994,13:38:27,6.8,--,34,23120,买盘
995,13:38:18,6.8,--,3,2040,买盘
996,13:38:15,6.8,--,15,10200,买盘
997,13:38:09,6.8,--,20,13600,买盘
998,13:38:06,6.8,--,88,59840,买盘
999,13:38:03,6.8,0.01,38,25840,买盘
1000,13:38:00,6.79,-0.01,74,50246,卖盘
1001,13:37:54,6.8,0.01,2,1360,买盘
1002,13:37:51,6.79,--,20,13580,卖盘
1003,13:37:48,6.79,-0.01,43,29197,卖盘
1004,13:37:39,6.8,0.01,4,2720,买盘
1005,13:37:33,6.79,--,5,3395,卖盘
1006,13:37:30,6.79,-0.01,20,13580,卖盘
1007,13:37:27,6.8,--,2,1360,买盘
1008,13:37:24,6.8,-0.01,3,2040,买盘
1009,13:37:21,6.81,0.01,20,13620,买盘
1010,13:37:18,6.8,--,10,7452,卖盘
1011,13:37:15,6.8,--,6,4080,卖盘
1012,13:37:12,6.8,--,266,180880,卖盘
1013,13:37:09,6.8,--,20,13600,卖盘
1014,13:37:03,6.8,-0.01,33,22440,卖盘
1015,13:37:00,6.81,0.01,1,681,买盘
1016,13:36:54,6.8,--,4,2720,卖盘
1017,13:36:51,6.8,-0.01,41,27880,卖盘
1018,13:36:45,6.81,0.01,9,6129,买盘
1019,13:36:42,6.8,-0.01,51,34680,卖盘
1020,13:36:33,6.81,0.01,1,681,买盘
1021,13:36:30,6.8,-0.01,150,102000,卖盘
1022,13:36:24,6.81,0.01,55,37455,买盘
1023,13:36:21,6.8,--,100,68000,卖盘
1024,13:36:15,6.8,--,4,2720,卖盘
1025,13:36:12,6.8,-0.01,78,53040,卖盘
1026,13:36:09,6.81,0.01,2,1362,买盘
1027,13:36:06,6.8,--,1,680,卖盘
1028,13:36:00,6.8,--,14,9520,卖盘
1029,13:35:57,6.8,-0.01,100,68000,卖盘
1030,13:35:51,6.81,0.01,1,681,买盘
1031,13:35:48,6.8,-0.01,3,2040,卖盘
1032,13:35:45,6.81,--,61,41541,买盘
1033,13:35:42,6.81,0.01,1,681,买盘
1034,13:35:39,6.8,-0.01,3,2040,卖盘
1035,13:35:33,6.81,0.01,2,1362,买盘
1036,13:35:24,6.8,-0.01,5,3400,卖盘
1037,13:35:21,6.81,--,7,4767,买盘
1038,13:35:18,6.81,--,157,106917,买盘
1039,13:35:09,6.81,0.01,2,1362,买盘
1040,13:35:06,6.8,--,7,4760,卖盘
1041,13:35:03,6.8,-0.01,304,206720,卖盘
1042,13:35:00,6.81,--,2,1362,买盘
1043,13:34:57,6.81,--,39,26559,买盘
1044,13:34:48,6.81,0.01,234,159354,买盘
1045,13:34:42,6.8,--,56,38107,买盘
1046,13:34:36,6.8,--,1,680,买盘
1047,13:34:33,6.8,-0.01,8,6092,卖盘
1048,13:34:30,6.81,0.01,1,681,买盘
1049,13:34:24,6.8,-0.01,3,2067,卖盘
1050,13:34:21,6.81,0.02,5,3405,买盘
1051,13:34:18,6.79,--,15,10185,卖盘
1052,13:34:15,6.79,-0.01,5,3395,卖盘
1053,13:34:12,6.8,--,24,16320,卖盘
1054,13:34:09,6.8,--,13,8840,买盘
1055,13:34:06,6.8,--,1,680,买盘
1056,13:34:00,6.8,-0.01,16,10880,中性盘
1057,13:33:54,6.81,0.01,28,19068,买盘
1058,13:33:51,6.8,--,10,6800,买盘
1059,13:33:48,6.8,--,11,7480,买盘
1060,13:33:42,6.8,--,17,11560,买盘
1061,13:33:39,6.8,--,61,41962,卖盘
1062,13:33:36,6.8,-0.01,92,62696,卖盘
1063,13:33:27,6.81,0.01,3,2042,买盘
1064,13:33:21,6.8,--,139,94520,卖盘
1065,13:33:18,6.8,-0.01,10,6800,卖盘
1066,13:33:15,6.81,--,225,153225,买盘
1067,13:33:12,6.81,0.01,1,681,买盘
1068,13:33:06,6.8,-0.01,79,53720,卖盘
1069,13:33:03,6.81,--,91,61971,买盘
1070,13:33:00,6.81,0.01,22,14982,买盘
1071,13:32:57,6.8,--,44,29920,卖盘
1072,13:32:54,6.8,-0.01,4,2720,卖盘
1073,13:32:51,6.81,0.01,292,198852,买盘
1074,13:32:48,6.8,-0.01,44,29920,卖盘
1075,13:32:45,6.81,--,91,61971,买盘
1076,13:32:42,6.81,--,6,4085,买盘
1077,13:32:33,6.81,0.01,75,51075,买盘
1078,13:32:30,6.8,-0.01,200,136000,卖盘
1079,13:32:24,6.81,0.01,2,1362,买盘
1080,13:32:21,6.8,-0.01,6,4080,卖盘
1081,13:32:18,6.81,--,458,311898,买盘
1082,13:32:15,6.81,--,5,3405,买盘
1083,13:32:12,6.81,--,77,52437,买盘
1084,13:32:09,6.81,0.01,2,1362,买盘
1085,13:32:03,6.8,-0.01,2,1360,卖盘
1086,13:32:00,6.81,--,1,681,买盘
1087,13:31:57,6.81,0.01,23,15663,买盘
1088,13:31:51,6.8,-0.01,13,8901,卖盘
1089,13:31:48,6.81,0.01,691,470571,买盘
1090,13:31:42,6.8,--,33,22440,卖盘
1091,13:31:33,6.8,--,14,9520,买盘
1092,13:31:30,6.8,--,31,21080,买盘
1093,13:31:27,6.8,--,141,95880,买盘
1094,13:31:21,6.8,--,1,680,买盘
1095,13:31:18,6.8,--,77,52360,买盘
1096,13:31:15,6.8,--,2,1360,买盘
1097,13:31:09,6.8,0.01,17,11560,买盘
1098,13:31:06,6.79,-0.01,3,2037,卖盘
1099,13:31:03,6.8,--,2,1360,买盘
1100,13:31:00,6.8,--,21,14280,买盘
1101,13:30:54,6.8,0.01,8,5440,买盘
1102,13:30:51,6.79,-0.01,24,16296,卖盘
1103,13:30:48,6.8,--,114,77520,买盘
1104,13:30:42,6.8,--,2,1360,买盘
1105,13:30:39,6.8,--,22,14960,买盘
1106,13:30:30,6.8,--,30,20400,买盘
1107,13:30:27,6.8,--,42,28560,买盘
1108,13:30:21,6.8,--,4,2720,买盘
1109,13:30:18,6.8,0.01,138,93840,买盘
1110,13:30:15,6.79,-0.01,8,5432,卖盘
1111,13:30:09,6.8,--,2,1360,买盘
1112,13:30:06,6.8,--,3,2040,买盘
1113,13:29:57,6.8,--,2,1360,买盘
1114,13:29:48,6.8,0.01,132,89760,买盘
1115,13:29:36,6.79,-0.01,20,13580,卖盘
1116,13:29:24,6.8,--,3,2040,买盘
1117,13:29:21,6.8,--,31,21080,买盘
1118,13:29:18,6.8,0.01,153,104040,买盘
1119,13:29:15,6.79,-0.01,40,27160,卖盘
1120,13:29:12,6.8,--,10,6800,买盘
1121,13:29:09,6.8,0.01,26,17680,买盘
1122,13:29:06,6.79,-0.01,6,4074,卖盘
1123,13:29:00,6.8,--,20,13600,买盘
1124,13:28:54,6.8,0.01,52,35360,买盘
1125,13:28:51,6.79,-0.01,15,10185,卖盘
1126,13:28:48,6.8,--,255,173400,买盘
1127,13:28:45,6.8,--,5,3400,买盘
1128,13:28:42,6.8,--,45,30600,买盘
1129,13:28:30,6.8,--,1,680,买盘
1130,13:28:21,6.8,--,7,4760,买盘
1131,13:28:18,6.8,0.01,381,259080,买盘
1132,13:28:12,6.79,-0.01,5,3395,卖盘
1133,13:28:06,6.8,0.01,29,19720,买盘
1134,13:28:03,6.79,-0.01,100,67900,卖盘
1135,13:27:57,6.8,0.01,8,5440,买盘
1136,13:27:54,6.79,-0.01,6,4074,卖盘
1137,13:27:51,6.8,--,541,367880,买盘
1138,13:27:45,6.8,--,20,13600,买盘
1139,13:27:39,6.8,0.01,5,3400,买盘
1140,13:27:33,6.79,--,1,679,卖盘
1141,13:27:30,6.79,--,53,35987,卖盘
1142,13:27:21,6.79,-0.01,9,6111,卖盘
1143,13:27:18,6.8,0.01,773,525640,买盘
1144,13:27:15,6.79,--,2,1358,卖盘
1145,13:27:09,6.79,--,18,12222,卖盘
1146,13:26:48,6.79,-0.01,15,10185,卖盘
1147,13:26:45,6.8,0.01,1154,784720,买盘
1148,13:26:42,6.79,--,17,11543,卖盘
1149,13:26:33,6.79,-0.01,12,8148,卖盘
1150,13:26:30,6.8,0.01,5,3400,买盘
1151,13:26:18,6.79,-0.01,11,7469,卖盘
1152,13:26:15,6.8,0.02,985,669800,买盘
1153,13:26:12,6.78,-0.01,128,87190,卖盘
1154,13:26:09,6.79,0.01,242,164318,买盘
1155,13:26:06,6.78,--,1,678,卖盘
1156,13:25:57,6.78,--,3,2034,卖盘
1157,13:25:54,6.78,-0.01,1,678,卖盘
1158,13:25:51,6.79,--,51,34629,买盘
1159,13:25:48,6.79,--,55,37345,买盘
1160,13:25:45,6.79,--,8,5432,买盘
1161,13:25:42,6.79,--,67,45493,买盘
1162,13:25:36,6.79,--,1,679,买盘
1163,13:25:15,6.79,0.01,2,1358,买盘
1164,13:25:09,6.78,--,6,4068,卖盘
1165,13:24:57,6.78,--,1,678,卖盘
1166,13:24:45,6.78,--,7,4746,卖盘
1167,13:24:39,6.78,-0.01,1,678,卖盘
1168,13:24:36,6.79,--,45,30555,买盘
1169,13:24:33,6.79,0.01,5,3395,买盘
1170,13:24:27,6.78,--,9,6102,卖盘
1171,13:24:24,6.78,-0.01,6,4068,卖盘
1172,13:24:21,6.79,-0.01,79,53641,卖盘
1173,13:24:18,6.8,--,38,25840,买盘
1174,13:24:15,6.8,--,108,73440,买盘
1175,13:24:12,6.8,0.01,2,1360,买盘
1176,13:24:09,6.79,--,2,1358,卖盘
1177,13:24:06,6.79,--,10,6790,卖盘
1178,13:24:03,6.79,--,15,10185,卖盘
1179,13:23:57,6.79,--,1,679,卖盘
1180,13:23:54,6.79,-0.01,20,13580,卖盘
1181,13:23:45,6.8,0.01,11,7480,买盘
1182,13:23:42,6.79,-0.01,4,2716,卖盘
1183,13:23:21,6.8,--,1,680,买盘
1184,13:23:12,6.8,--,1,680,买盘
1185,13:23:09,6.8,0.01,2,1360,买盘
1186,13:23:06,6.79,--,1,679,卖盘
1187,13:23:03,6.79,--,63,42777,卖盘
1188,13:23:00,6.79,--,9,6111,卖盘
1189,13:22:48,6.79,--,1,679,卖盘
1190,13:22:45,6.79,-0.01,7,4753,卖盘
1191,13:22:39,6.8,--,10,6800,买盘
1192,13:22:33,6.8,0.01,46,31280,买盘
1193,13:22:18,6.79,-0.01,1,679,卖盘
1194,13:22:15,6.8,0.01,18,12240,买盘
1195,13:22:12,6.79,--,1,679,卖盘
1196,13:22:06,6.79,-0.01,1,679,中性盘
1197,13:22:03,6.8,0.01,23,15640,买盘
1198,13:22:00,6.79,--,6,4074,买盘
1199,13:21:54,6.79,--,47,31913,买盘
1200,13:21:51,6.79,--,13,8827,买盘
1201,13:21:48,6.79,--,189,128331,卖盘
1202,13:21:45,6.79,--,6,4074,卖盘
1203,13:21:42,6.79,-0.01,2,1358,卖盘
1204,13:21:39,6.8,0.01,15,10200,买盘
1205,13:21:36,6.79,--,90,61110,卖盘
1206,13:21:33,6.79,--,1,679,卖盘
1207,13:21:30,6.79,--,30,20370,卖盘
1208,13:21:24,6.79,--,10,6790,卖盘
1209,13:21:18,6.79,-0.01,13,8827,卖盘
1210,13:21:06,6.8,0.01,45,30600,买盘
1211,13:21:03,6.79,--,7,4753,卖盘
1212,13:21:00,6.79,--,51,34629,买盘
1213,13:20:57,6.79,--,795,539805,买盘
1214,13:20:48,6.79,0.01,50,33950,中性盘
1215,13:20:39,6.78,--,1,678,卖盘
1216,13:20:36,6.78,--,13,8814,卖盘
1217,13:20:33,6.78,-0.01,5,3390,卖盘
1218,13:20:30,6.79,0.01,485,329315,买盘
1219,13:20:27,6.78,-0.01,15,10170,卖盘
1220,13:20:24,6.79,0.01,8,5432,买盘
1221,13:20:21,6.78,--,13,8814,卖盘
1222,13:20:09,6.78,-0.01,3,2034,卖盘
1223,13:20:06,6.79,--,27,18333,买盘
1224,13:19:57,6.79,0.01,7,4753,买盘
1225,13:19:45,6.78,-0.01,1,678,卖盘
1226,13:19:42,6.79,--,82,55678,买盘
1227,13:19:39,6.79,0.01,2,1358,买盘
1228,13:19:30,6.78,-0.01,3,2034,卖盘
1229,13:19:24,6.79,0.01,12,8148,买盘
1230,13:19:21,6.78,-0.01,2,1356,卖盘
1231,13:19:18,6.79,--,145,98455,买盘
1232,13:19:15,6.79,0.01,18,12222,买盘
1233,13:19:06,6.78,--,23,15594,卖盘
1234,13:18:57,6.78,-0.01,1,678,卖盘
1235,13:18:54,6.79,0.01,17,11543,买盘
1236,13:18:48,6.78,--,1,678,卖盘
1237,13:18:45,6.78,--,15,10170,卖盘
1238,13:18:36,6.78,-0.01,11,7458,卖盘
1239,13:18:33,6.79,0.01,1141,774739,买盘
1240,13:18:30,6.78,--,1,678,卖盘
1241,13:18:21,6.78,-0.01,1,678,卖盘
1242,13:18:18,6.79,--,29,19691,买盘
1243,13:18:15,6.79,0.01,27,18333,买盘
1244,13:18:12,6.78,--,3,2034,卖盘
1245,13:18:09,6.78,-0.01,10,6780,卖盘
1246,13:18:00,6.79,0.01,33,22407,买盘
1247,13:17:57,6.78,--,36,24408,卖盘
1248,13:17:54,6.78,--,9,6102,卖盘
1249,13:17:48,6.78,-0.01,1,678,卖盘
1250,13:17:45,6.79,--,97,65863,卖盘
1251,13:17:42,6.79,--,45,30555,卖盘
1252,13:17:39,6.79,--,1,679,卖盘
1253,13:17:36,6.79,--,11,7469,卖盘
1254,13:17:33,6.79,--,54,36666,卖盘
1255,13:17:15,6.79,--,32,21728,卖盘
1256,13:17:12,6.79,--,15,10185,卖盘
1257,13:17:09,6.79,--,75,50925,卖盘
1258,13:17:06,6.79,-0.01,7,4753,卖盘
1259,13:17:03,6.8,0.01,50,34000,买盘
1260,13:17:00,6.79,--,13,8827,卖盘
1261,13:16:57,6.79,--,2,1358,卖盘
1262,13:16:54,6.79,--,220,149380,卖盘
1263,13:16:48,6.79,-0.01,10,6790,卖盘
1264,13:16:42,6.8,0.01,1,680,买盘
1265,13:16:36,6.79,--,16,10864,卖盘
1266,13:16:33,6.79,--,1,679,卖盘
1267,13:16:30,6.79,--,70,47530,卖盘
1268,13:16:27,6.79,--,6,4074,卖盘
1269,13:16:06,6.79,-0.01,12,8148,卖盘
1270,13:16:03,6.8,0.01,29,19720,买盘
1271,13:16:00,6.79,--,1,679,卖盘
1272,13:15:45,6.79,--,67,45493,卖盘
1273,13:15:39,6.79,--,14,9506,卖盘
1274,13:15:30,6.79,-0.01,50,33950,卖盘
1275,13:15:24,6.8,--,135,91800,买盘
1276,13:15:12,6.8,--,101,68680,买盘
1277,13:14:54,6.8,0.01,1,680,买盘
1278,13:14:48,6.79,-0.01,10,6790,卖盘
1279,13:14:33,6.8,--,39,26520,买盘
1280,13:14:30,6.8,0.01,1,680,买盘
1281,13:14:18,6.79,-0.01,1,950,卖盘
1282,13:14:15,6.8,0.01,1,680,买盘
1283,13:14:06,6.79,--,140,95060,卖盘
1284,13:13:51,6.79,--,11,7469,卖盘
1285,13:13:48,6.79,-0.01,31,21049,卖盘
1286,13:13:42,6.8,0.01,1,680,买盘
1287,13:13:33,6.79,-0.01,72,48888,卖盘
1288,13:13:30,6.8,0.01,1,680,买盘
1289,13:13:27,6.79,-0.01,4,2716,卖盘
1290,13:13:21,6.8,0.01,1,680,买盘
1291,13:13:18,6.79,--,50,33950,卖盘
1292,13:13:06,6.79,--,7,4753,卖盘
1293,13:13:00,6.79,--,40,27160,卖盘
1294,13:12:54,6.79,-0.01,1,679,卖盘
1295,13:12:51,6.8,--,1,680,买盘
1296,13:12:36,6.8,--,49,33320,买盘
1297,13:12:33,6.8,--,25,17000,买盘
1298,13:12:30,6.8,--,333,226440,买盘
1299,13:12:27,6.8,0.01,1,680,买盘
1300,13:12:24,6.79,-0.01,10,6790,卖盘
1301,13:12:12,6.8,0.01,3,2040,买盘
1302,13:12:09,6.79,-0.01,3,2037,卖盘
1303,13:11:51,6.8,--,2,1360,买盘
1304,13:11:48,6.8,--,65,44200,买盘
1305,13:11:45,6.8,0.01,30,20400,买盘
1306,13:11:42,6.79,--,100,67900,卖盘
1307,13:11:39,6.79,--,100,67900,卖盘
1308,13:11:27,6.79,-0.01,11,7469,卖盘
1309,13:11:21,6.8,--,2,1360,买盘
1310,13:11:15,6.8,0.01,10,6800,买盘
1311,13:11:12,6.79,--,20,13580,卖盘
1312,13:11:09,6.79,--,5,3395,卖盘
1313,13:11:03,6.79,--,1,679,卖盘
1314,13:10:57,6.79,--,36,24444,卖盘
1315,13:10:42,6.79,-0.01,1,679,卖盘
1316,13:10:39,6.8,0.01,20,13600,买盘
1317,13:10:24,6.79,-0.01,1,679,卖盘
1318,13:10:21,6.8,--,11,7480,买盘
1319,13:10:18,6.8,0.01,2,1360,买盘
1320,13:10:15,6.79,-0.01,2,1358,卖盘
1321,13:10:12,6.8,--,1,680,买盘
1322,13:10:06,6.8,0.01,1,680,买盘
1323,13:10:03,6.79,--,1,679,卖盘
1324,13:09:57,6.79,-0.01,1,679,卖盘
1325,13:09:54,6.8,0.01,1,680,买盘
1326,13:09:51,6.79,--,1,679,卖盘
1327,13:09:48,6.79,--,50,33950,卖盘
1328,13:09:36,6.79,--,1,679,卖盘
1329,13:09:33,6.79,--,20,13580,卖盘
1330,13:09:30,6.79,-0.01,1,679,卖盘
1331,13:09:21,6.8,0.01,90,61200,买盘
1332,13:09:18,6.79,-0.01,1,679,卖盘
1333,13:09:15,6.8,--,49,33320,买盘
1334,13:09:12,6.8,0.01,1,680,买盘
1335,13:09:09,6.79,--,60,40740,卖盘
1336,13:09:06,6.79,--,7,4753,卖盘
1337,13:09:03,6.79,--,21,14259,卖盘
1338,13:09:00,6.79,--,50,33950,卖盘
1339,13:08:57,6.79,--,1,679,卖盘
1340,13:08:54,6.79,--,2,1358,卖盘
1341,13:08:51,6.79,--,265,179935,卖盘
1342,13:08:48,6.79,--,50,33950,卖盘
1343,13:08:39,6.79,--,7,4753,卖盘
1344,13:08:18,6.79,--,1,679,卖盘
1345,13:08:12,6.79,-0.01,1,679,卖盘
1346,13:08:09,6.8,--,1,680,买盘
1347,13:08:06,6.8,0.01,2,1360,买盘
1348,13:08:03,6.79,--,101,68579,卖盘
1349,13:08:00,6.79,--,30,20370,卖盘
1350,13:07:57,6.79,--,101,68579,卖盘
1351,13:07:45,6.79,-0.01,11,7469,卖盘
1352,13:07:42,6.8,0.01,1,680,买盘
1353,13:07:39,6.79,-0.01,1,679,卖盘
1354,13:07:36,6.8,0.01,2,1360,买盘
1355,13:07:30,6.79,--,20,13580,卖盘
1356,13:07:27,6.79,--,14,9506,卖盘
1357,13:07:24,6.79,--,1,679,卖盘
1358,13:07:18,6.79,--,11,7469,卖盘
1359,13:07:15,6.79,-0.01,1,679,卖盘
1360,13:07:06,6.8,0.01,1,680,买盘
1361,13:07:03,6.79,--,1,679,卖盘
1362,13:06:57,6.79,-0.01,91,61789,卖盘
1363,13:06:45,6.8,0.01,16,10880,买盘
1364,13:06:36,6.79,--,2,1358,卖盘
1365,13:06:30,6.79,-0.01,1,679,卖盘
1366,13:06:27,6.8,--,1,680,买盘
1367,13:06:24,6.8,0.01,1,680,买盘
1368,13:06:21,6.79,--,6,4074,卖盘
1369,13:06:18,6.79,--,11,7469,卖盘
1370,13:06:15,6.79,-0.01,1,679,卖盘
1371,13:06:06,6.8,0.01,16,10880,买盘
1372,13:06:03,6.79,-0.01,22,14938,卖盘
1373,13:05:54,6.8,0.01,35,23800,买盘
1374,13:05:51,6.79,--,1,679,卖盘
1375,13:05:48,6.79,--,19,12901,卖盘
1376,13:05:36,6.79,--,21,14259,卖盘
1377,13:05:27,6.79,--,1,679,卖盘
1378,13:05:24,6.79,--,16,10864,卖盘
1379,13:05:21,6.79,--,20,13580,卖盘
1380,13:05:18,6.79,-0.01,9,6111,卖盘
1381,13:05:15,6.8,--,1,680,买盘
1382,13:05:12,6.8,0.01,1,680,买盘
1383,13:05:06,6.79,--,2,1358,卖盘
1384,13:05:03,6.79,-0.01,1,679,卖盘
1385,13:05:00,6.8,0.01,4,2720,买盘
1386,13:04:57,6.79,--,8,5432,卖盘
1387,13:04:51,6.79,-0.01,1,679,卖盘
1388,13:04:48,6.8,0.01,6,4080,买盘
1389,13:04:36,6.79,--,2,1358,卖盘
1390,13:04:27,6.79,--,1,679,卖盘
1391,13:04:24,6.79,-0.01,1,679,卖盘
1392,13:04:21,6.8,0.01,5,3400,买盘
1393,13:04:06,6.79,--,1,679,卖盘
1394,13:04:00,6.79,--,2,1358,卖盘
1395,13:03:54,6.79,--,200,135800,卖盘
1396,13:03:51,6.79,--,463,314377,卖盘
1397,13:03:48,6.79,--,21,14259,卖盘
1398,13:03:36,6.79,--,8,5432,卖盘
1399,13:03:27,6.79,-0.01,1,679,卖盘
1400,13:03:12,6.8,0.01,2,1360,买盘
1401,13:03:09,6.79,--,2,1358,卖盘
1402,13:03:06,6.79,-0.01,2,1358,卖盘
1403,13:03:00,6.8,0.01,1,680,买盘
1404,13:02:57,6.79,-0.01,497,337463,卖盘
1405,13:02:51,6.8,0.01,50,34000,买盘
1406,13:02:48,6.79,-0.01,1,679,卖盘
1407,13:02:45,6.8,--,19,12920,买盘
1408,13:02:42,6.8,0.01,8,5440,买盘
1409,13:02:39,6.79,-0.01,118,80122,卖盘
1410,13:02:36,6.8,--,21,14280,买盘
1411,13:02:33,6.8,--,25,17000,买盘
1412,13:02:30,6.8,--,1,680,买盘
1413,13:02:27,6.8,0.01,15,10200,买盘
1414,13:02:24,6.79,--,5,3395,卖盘
1415,13:02:18,6.79,-0.01,203,137837,卖盘
1416,13:02:09,6.8,0.01,37,25160,买盘
1417,13:02:06,6.79,--,1,679,卖盘
1418,13:02:00,6.79,--,1,679,卖盘
1419,13:01:57,6.79,--,3,2037,卖盘
1420,13:01:51,6.79,--,13,8827,卖盘
1421,13:01:39,6.79,--,67,45493,卖盘
1422,13:01:36,6.79,--,22,14938,卖盘
1423,13:01:33,6.79,-0.01,10,6790,卖盘
1424,13:01:24,6.8,0.01,8,5440,买盘
1425,13:01:21,6.79,--,1,679,卖盘
1426,13:01:18,6.79,--,1,679,卖盘
1427,13:01:15,6.79,-0.01,1,679,卖盘
1428,13:01:12,6.8,--,1,680,买盘
1429,13:01:06,6.8,--,1,680,买盘
1430,13:01:00,6.8,0.01,203,138040,买盘
1431,13:00:57,6.79,--,1,679,卖盘
1432,13:00:42,6.79,--,2,1358,卖盘
1433,13:00:39,6.79,--,6,4074,卖盘
1434,13:00:36,6.79,-0.01,1,679,卖盘
1435,13:00:33,6.8,0.01,20,13600,买盘
1436,13:00:24,6.79,--,1,679,卖盘
1437,13:00:21,6.79,-0.01,1,679,卖盘
1438,13:00:18,6.8,0.01,1,680,买盘
1439,13:00:15,6.79,--,1,679,卖盘
1440,13:00:12,6.79,-0.01,98,66542,卖盘
1441,13:00:06,6.8,0.01,57,38760,买盘
1442,13:00:03,6.79,-0.01,427,290476,卖盘
1443,13:00:00,6.8,0.01,2,1360,买盘
1444,11:30:00,6.79,--,102,69258,卖盘
1445,11:29:57,6.79,--,1,679,卖盘
1446,11:29:48,6.79,-0.01,5,3395,卖盘
1447,11:29:45,6.8,--,23,15640,买盘
1448,11:29:39,6.8,0.01,102,69360,买盘
1449,11:29:36,6.79,-0.01,1,679,卖盘
1450,11:29:33,6.8,--,11,7480,买盘
1451,11:29:30,6.8,--,30,20400,买盘
1452,11:29:24,6.8,--,6,4080,买盘
1453,11:29:21,6.8,0.01,1,680,买盘
1454,11:29:18,6.79,--,1,679,卖盘
1455,11:29:15,6.79,--,1,679,卖盘
1456,11:29:12,6.79,-0.01,2,1358,卖盘
1457,11:29:09,6.8,--,11,7480,买盘
1458,11:29:06,6.8,--,1,680,买盘
1459,11:29:03,6.8,--,521,354280,买盘
1460,11:29:00,6.8,--,1,680,买盘
1461,11:28:57,6.8,--,31,21080,买盘
1462,11:28:42,6.8,0.01,10,6800,买盘
1463,11:28:39,6.79,--,1,679,卖盘
1464,11:28:36,6.79,--,1,679,卖盘
1465,11:28:33,6.79,-0.01,9,6111,卖盘
1466,11:28:30,6.8,--,9,6120,买盘
1467,11:28:27,6.8,0.01,2,1360,买盘
1468,11:28:21,6.79,--,8,5432,卖盘
1469,11:28:18,6.79,--,4,2716,卖盘
1470,11:28:15,6.79,--,1,679,卖盘
1471,11:28:12,6.79,--,1,679,卖盘
1472,11:28:09,6.79,-0.01,1,679,卖盘
1473,11:28:00,6.8,0.01,5,3400,买盘
1474,11:27:57,6.79,--,1,679,卖盘
1475,11:27:51,6.79,--,8,5432,卖盘
1476,11:27:48,6.79,--,1,679,卖盘
1477,11:27:45,6.79,--,10,6790,卖盘
1478,11:27:42,6.79,--,2,1358,卖盘
1479,11:27:36,6.79,--,11,7469,卖盘
1480,11:27:27,6.79,--,1,679,卖盘
1481,11:27:24,6.79,-0.01,13,8827,卖盘
1482,11:27:18,6.8,0.01,5,3400,买盘
1483,11:27:15,6.79,--,9,6111,卖盘
1484,11:27:12,6.79,--,1,679,卖盘
1485,11:27:06,6.79,--,1,679,卖盘
1486,11:27:03,6.79,--,2,1358,卖盘
1487,11:26:57,6.79,--,1,679,卖盘
1488,11:26:51,6.79,--,11,7469,卖盘
1489,11:26:45,6.79,--,1,679,卖盘
1490,11:26:39,6.79,--,2,1358,卖盘
1491,11:26:36,6.79,-0.01,1,679,卖盘
1492,11:26:33,6.8,--,7,4760,买盘
1493,11:26:30,6.8,0.01,102,69360,买盘
1494,11:26:27,6.79,--,92,62468,卖盘
1495,11:26:24,6.79,-0.01,1,679,卖盘
1496,11:26:21,6.8,0.01,2,1360,买盘
1497,11:26:18,6.79,--,2,1358,卖盘
1498,11:26:15,6.79,--,5,3395,卖盘
1499,11:26:12,6.79,-0.01,21,14259,卖盘
1500,11:26:09,6.8,0.01,2,1360,买盘
1501,11:26:06,6.79,--,1,679,卖盘
1502,11:25:57,6.79,--,587,398573,卖盘
1503,11:25:45,6.79,--,1,679,卖盘
1504,11:25:42,6.79,--,1,679,卖盘
1505,11:25:39,6.79,--,40,27160,卖盘
1506,11:25:24,6.79,-0.01,1,679,卖盘
1507,11:25:21,6.8,0.01,4,2720,买盘
1508,11:25:18,6.79,-0.01,2,1358,卖盘
1509,11:25:15,6.8,0.01,2,1360,买盘
1510,11:25:12,6.79,--,11,7469,卖盘
1511,11:25:09,6.79,--,1,679,卖盘
1512,11:25:06,6.79,-0.01,1,679,卖盘
1513,11:25:03,6.8,0.01,26,17680,买盘
1514,11:25:00,6.79,--,11,7469,卖盘
1515,11:24:57,6.79,--,2,1358,卖盘
1516,11:24:54,6.79,--,36,24444,卖盘
1517,11:24:45,6.79,--,1,679,卖盘
1518,11:24:39,6.79,--,2,1358,卖盘
1519,11:24:24,6.79,--,2,1358,卖盘
1520,11:24:21,6.79,--,50,33950,卖盘
1521,11:24:18,6.79,-0.01,2,1358,卖盘
1522,11:24:12,6.8,--,18,12240,买盘
1523,11:24:09,6.8,0.01,2,1360,买盘
1524,11:24:06,6.79,--,1,679,卖盘
1525,11:24:03,6.79,--,1,679,卖盘
1526,11:24:00,6.79,--,10,6790,卖盘
1527,11:23:57,6.79,--,1,679,卖盘
1528,11:23:54,6.79,--,54,36666,卖盘
1529,11:23:51,6.79,--,30,20370,卖盘
1530,11:23:48,6.79,--,60,40740,卖盘
1531,11:23:45,6.79,--,1,679,卖盘
1532,11:23:39,6.79,--,124,84196,卖盘
1533,11:23:30,6.79,--,50,33950,卖盘
1534,11:23:18,6.79,--,34,23086,卖盘
1535,11:23:12,6.79,-0.01,19,12901,卖盘
1536,11:23:06,6.8,--,2,1360,买盘
1537,11:23:03,6.8,0.01,1,680,买盘
1538,11:23:00,6.79,-0.01,23,15617,卖盘
1539,11:22:57,6.8,0.01,6,4080,买盘
1540,11:22:54,6.79,-0.01,5,3395,卖盘
1541,11:22:48,6.8,0.01,9,6120,买盘
1542,11:22:42,6.79,--,2,1358,卖盘
1543,11:22:39,6.79,-0.01,2,1358,卖盘
1544,11:22:33,6.8,0.01,20,13600,买盘
1545,11:22:24,6.79,--,150,101850,卖盘
1546,11:22:21,6.79,--,6,4074,卖盘
1547,11:22:18,6.79,-0.01,1,679,卖盘
1548,11:22:15,6.8,0.01,15,10200,买盘
1549,11:22:12,6.79,--,1,679,卖盘
1550,11:22:06,6.79,--,50,33950,卖盘
1551,11:22:03,6.79,-0.01,60,40740,卖盘
1552,11:22:00,6.8,0.01,4,2720,买盘
1553,11:21:57,6.79,--,500,339500,卖盘
1554,11:21:51,6.79,--,11,7469,卖盘
1555,11:21:45,6.79,--,1,679,卖盘
1556,11:21:39,6.79,--,22,14938,卖盘
1557,11:21:33,6.79,-0.01,10,6790,卖盘
1558,11:21:30,6.8,0.01,1,680,买盘
1559,11:21:21,6.79,--,2,1358,卖盘
1560,11:21:12,6.79,--,1,679,卖盘
1561,11:21:09,6.79,--,23,15617,卖盘
1562,11:21:06,6.79,-0.01,8,5432,卖盘
1563,11:21:03,6.8,--,402,273360,买盘
1564,11:20:57,6.8,0.01,2,1360,买盘
1565,11:20:54,6.79,-0.01,1,679,卖盘
1566,11:20:48,6.8,0.01,13,8840,买盘
1567,11:20:45,6.79,-0.01,406,275674,卖盘
1568,11:20:42,6.8,0.01,3,2040,买盘
1569,11:20:39,6.79,-0.01,1,679,卖盘
1570,11:20:36,6.8,--,1,680,买盘
1571,11:20:27,6.8,0.01,10,6800,买盘
1572,11:20:18,6.79,--,2,1358,卖盘
1573,11:20:12,6.79,--,4,2716,卖盘
1574,11:20:09,6.79,-0.01,20,13580,卖盘
1575,11:20:06,6.8,0.01,21,14280,买盘
1576,11:20:03,6.79,-0.01,1,679,卖盘
1577,11:20:00,6.8,0.01,150,102000,买盘
1578,11:19:57,6.79,--,2,1358,卖盘
1579,11:19:54,6.79,-0.01,20,13580,卖盘
1580,11:19:51,6.8,0.01,5,3400,买盘
1581,11:19:48,6.79,-0.01,1,679,卖盘
1582,11:19:45,6.8,0.01,11,7480,买盘
1583,11:19:42,6.79,--,49,33271,卖盘
1584,11:19:39,6.79,--,1,679,卖盘
1585,11:19:33,6.79,--,30,20370,卖盘
1586,11:19:21,6.79,-0.01,4,2716,卖盘
1587,11:19:18,6.8,0.01,150,102000,买盘
1588,11:19:15,6.79,--,22,14938,卖盘
1589,11:19:12,6.79,-0.01,1,679,卖盘
1590,11:19:06,6.8,0.01,3,2040,买盘
1591,11:18:57,6.79,-0.01,2,1358,卖盘
1592,11:18:51,6.8,--,12,8160,买盘
1593,11:18:45,6.8,0.01,2,1360,买盘
1594,11:18:39,6.79,-0.01,3,2037,卖盘
1595,11:18:30,6.8,0.01,2,1360,买盘
1596,11:18:21,6.79,--,99,67221,卖盘
1597,11:18:18,6.79,-0.01,1,679,卖盘
1598,11:18:15,6.8,0.01,1,680,买盘
1599,11:18:12,6.79,-0.01,2,1358,卖盘
1600,11:18:09,6.8,0.01,5,3400,买盘
1601,11:17:57,6.79,-0.01,2,1358,卖盘
1602,11:17:54,6.8,--,14,9520,买盘
1603,11:17:48,6.8,--,4,2720,买盘
1604,11:17:42,6.8,--,1,680,买盘
1605,11:17:39,6.8,0.01,2,1360,买盘
1606,11:17:36,6.79,--,2,1358,卖盘
1607,11:17:18,6.79,-0.01,2,1358,卖盘
1608,11:17:15,6.8,0.01,19,12920,买盘
1609,11:17:12,6.79,-0.01,57,38703,卖盘
1610,11:17:06,6.8,0.01,10,6800,买盘
1611,11:17:03,6.79,-0.01,4,2716,卖盘
1612,11:17:00,6.8,--,175,119000,卖盘
1613,11:16:57,6.8,--,1052,715360,卖盘
1614,11:16:54,6.8,--,100,68000,卖盘
1615,11:16:39,6.8,--,1,680,卖盘
1616,11:16:36,6.8,-0.01,2,1360,卖盘
1617,11:16:33,6.81,--,6,4085,买盘
1618,11:16:30,6.81,0.01,201,136881,买盘
1619,11:16:27,6.8,-0.01,16,10880,卖盘
1620,11:16:24,6.81,--,6,4085,买盘
1621,11:16:21,6.81,0.01,14,9534,买盘
1622,11:16:15,6.8,--,157,106760,卖盘
1623,11:16:12,6.8,--,1,680,卖盘
1624,11:16:09,6.8,--,103,70040,卖盘
1625,11:16:06,6.8,--,24,16320,卖盘
1626,11:15:57,6.8,--,2,1360,卖盘
1627,11:15:51,6.8,-0.01,10,6800,卖盘
1628,11:15:42,6.81,0.01,7,4767,买盘
1629,11:15:36,6.8,-0.01,2,1360,卖盘
1630,11:15:30,6.81,--,502,341862,买盘
1631,11:15:27,6.81,--,2,1362,买盘
1632,11:15:24,6.81,0.01,4,2724,买盘
1633,11:15:15,6.8,--,2,1360,卖盘
1634,11:15:12,6.8,-0.01,2,1360,卖盘
1635,11:15:09,6.81,--,10,6810,买盘
1636,11:15:06,6.81,--,1,681,买盘
1637,11:15:03,6.81,0.01,485,330285,买盘
1638,11:14:57,6.8,-0.01,2,1360,卖盘
1639,11:14:54,6.81,--,1,681,买盘
1640,11:14:45,6.81,--,24,16343,买盘
1641,11:14:36,6.81,--,143,97383,买盘
1642,11:14:33,6.81,--,119,81039,买盘
1643,11:14:18,6.81,--,3,2042,买盘
1644,11:14:15,6.81,0.01,1,681,买盘
1645,11:14:12,6.8,-0.01,1,680,卖盘
1646,11:14:09,6.81,0.01,10,6810,买盘
1647,11:14:06,6.8,--,6,4080,卖盘
1648,11:14:03,6.8,--,172,116960,卖盘
1649,11:13:54,6.8,-0.01,22,14960,卖盘
1650,11:13:51,6.81,0.01,2,1362,买盘
1651,11:13:45,6.8,-0.01,18,12240,卖盘
1652,11:13:42,6.81,0.01,308,209748,买盘
1653,11:13:36,6.8,-0.01,10,6800,卖盘
1654,11:13:30,6.81,--,433,294873,买盘
1655,11:13:18,6.81,0.01,30,20430,买盘
1656,11:13:15,6.8,--,2,1360,卖盘
1657,11:13:12,6.8,-0.01,1,680,卖盘
1658,11:13:09,6.81,--,2,1362,买盘
1659,11:13:03,6.81,0.01,562,382722,买盘
1660,11:12:57,6.8,--,9,6120,卖盘
1661,11:12:54,6.8,--,6,4080,卖盘
1662,11:12:45,6.8,-0.01,1,680,卖盘
1663,11:12:42,6.81,0.01,2,1362,买盘
1664,11:12:39,6.8,-0.01,2,1360,卖盘
1665,11:12:33,6.81,0.01,152,103512,买盘
1666,11:12:27,6.8,-0.01,5,3400,卖盘
1667,11:12:21,6.81,--,1,681,买盘
1668,11:12:18,6.81,0.01,9,6129,买盘
1669,11:12:15,6.8,--,46,31280,卖盘
1670,11:12:12,6.8,--,1,680,卖盘
1671,11:12:09,6.8,-0.01,20,13600,卖盘
1672,11:12:06,6.81,--,11,7491,买盘
1673,11:12:03,6.81,--,644,438564,买盘
1674,11:11:57,6.81,--,10,6810,买盘
1675,11:11:51,6.81,--,2,1362,买盘
1676,11:11:42,6.81,--,4,2724,买盘
1677,11:11:33,6.81,0.01,394,268314,买盘
1678,11:11:30,6.8,-0.01,11,7480,卖盘
1679,11:11:21,6.81,0.01,19,12939,买盘
1680,11:11:12,6.8,--,1,680,卖盘
1681,11:11:09,6.8,-0.01,1,680,卖盘
1682,11:11:03,6.81,0.01,221,150501,买盘
1683,11:11:00,6.8,--,96,65280,买盘
1684,11:10:57,6.8,--,220,149600,买盘
1685,11:10:51,6.8,--,3,2040,买盘
1686,11:10:45,6.8,--,13,8840,买盘
1687,11:10:30,6.8,--,102,69360,买盘
1688,11:10:27,6.8,--,38,25840,买盘
1689,11:10:24,6.8,0.01,65,44200,买盘
1690,11:10:21,6.79,--,243,164997,卖盘
1691,11:10:18,6.79,-0.01,2,1358,卖盘
1692,11:10:15,6.8,--,1,680,买盘
1693,11:10:12,6.8,0.01,22,14960,买盘
1694,11:10:09,6.79,-0.01,1,679,卖盘
1695,11:10:06,6.8,0.01,15,10200,买盘
1696,11:10:03,6.79,-0.01,1,679,卖盘
1697,11:10:00,6.8,--,52,35360,买盘
1698,11:09:54,6.8,--,1,680,买盘
1699,11:09:51,6.8,--,79,53720,买盘
1700,11:09:48,6.8,--,2,1360,买盘
1701,11:09:42,6.8,--,6,4080,买盘
1702,11:09:39,6.8,-0.01,2,1360,中性盘
1703,11:09:33,6.81,0.02,8,5448,买盘
1704,11:09:30,6.79,--,23,15617,卖盘
1705,11:09:21,6.79,-0.02,1,679,卖盘
1706,11:09:15,6.81,0.01,60,40860,买盘
1707,11:09:12,6.8,0.01,29,19720,买盘
1708,11:09:09,6.79,-0.01,1,679,卖盘
1709,11:09:03,6.8,0.01,38,25840,买盘
1710,11:09:00,6.79,-0.01,20,13580,卖盘
1711,11:08:57,6.8,0.01,48,32640,买盘
1712,11:08:51,6.79,-0.01,15,10185,卖盘
1713,11:08:45,6.8,--,45,30600,买盘
1714,11:08:42,6.8,0.01,81,55080,买盘
1715,11:08:39,6.79,-0.01,67,45493,卖盘
1716,11:08:36,6.8,0.01,1000,680000,买盘
1717,11:08:33,6.79,-0.01,1,679,卖盘
1718,11:08:30,6.8,0.01,597,405960,买盘
1719,11:08:18,6.79,-0.01,2,1358,卖盘
1720,11:08:15,6.8,0.01,8,5440,买盘
1721,11:08:12,6.79,--,1,679,卖盘
1722,11:08:06,6.79,--,1,679,卖盘
1723,11:08:03,6.79,-0.01,14,9506,卖盘
1724,11:08:00,6.8,--,857,582760,买盘
1725,11:07:54,6.8,--,200,136000,买盘
1726,11:07:51,6.8,--,2,1360,买盘
1727,11:07:48,6.8,0.01,10,6800,买盘
1728,11:07:45,6.79,-0.01,37,25123,卖盘
1729,11:07:33,6.8,--,1248,848640,买盘
1730,11:07:30,6.8,--,3,2040,买盘
1731,11:07:15,6.8,0.01,1,680,买盘
1732,11:07:12,6.79,--,1,679,卖盘
1733,11:07:09,6.79,--,1,679,卖盘
1734,11:07:06,6.79,--,49,33271,卖盘
1735,11:07:03,6.79,-0.01,1,679,卖盘
1736,11:07:00,6.8,--,90,61200,买盘
1737,11:06:51,6.8,0.01,2,1360,买盘
1738,11:06:48,6.79,--,1,679,卖盘
1739,11:06:45,6.79,--,64,43456,卖盘
1740,11:06:36,6.79,--,5,3395,卖盘
1741,11:06:27,6.79,-0.01,1,679,卖盘
1742,11:06:21,6.8,--,2,1360,买盘
1743,11:06:12,6.8,0.01,2,1360,买盘
1744,11:06:09,6.79,-0.01,1,679,卖盘
1745,11:06:03,6.8,0.01,10,6800,买盘
1746,11:06:00,6.79,--,100,67900,卖盘
1747,11:05:45,6.79,--,270,183330,卖盘
1748,11:05:39,6.79,--,1,679,卖盘
1749,11:05:18,6.79,--,1,679,卖盘
1750,11:05:15,6.79,-0.01,16,10864,卖盘
1751,11:05:12,6.8,0.01,3,2040,买盘
1752,11:05:06,6.79,-0.01,8,5432,卖盘
1753,11:05:03,6.8,0.01,186,126480,买盘
1754,11:04:57,6.79,-0.01,1,679,卖盘
1755,11:04:54,6.8,0.01,1,680,买盘
1756,11:04:51,6.79,-0.01,14,9506,卖盘
1757,11:04:45,6.8,0.01,1,680,买盘
1758,11:04:42,6.79,--,1,679,卖盘
1759,11:04:39,6.79,--,54,36666,买盘
1760,11:04:33,6.79,--,4,2716,买盘
1761,11:04:30,6.79,--,25,16975,卖盘
1762,11:04:24,6.79,-0.01,503,341537,卖盘
1763,11:04:21,6.8,0.01,4,2720,买盘
1764,11:04:18,6.79,-0.01,1,679,卖盘
1765,11:04:15,6.8,0.01,1,680,买盘
1766,11:04:12,6.79,-0.01,1,679,卖盘
1767,11:04:06,6.8,0.01,24,16320,买盘
1768,11:04:03,6.79,--,4,2716,卖盘
1769,11:03:48,6.79,--,21,14259,卖盘
1770,11:03:39,6.79,-0.01,43,29197,卖盘
1771,11:03:33,6.8,--,90,61200,买盘
1772,11:03:30,6.8,--,3,2040,买盘
1773,11:03:27,6.8,0.01,4,2720,买盘
1774,11:03:21,6.79,-0.01,1,679,卖盘
1775,11:03:18,6.8,--,1,680,买盘
1776,11:03:15,6.8,0.01,91,61880,买盘
1777,11:03:12,6.79,--,3,2037,卖盘
1778,11:03:09,6.79,--,1,679,卖盘
1779,11:03:06,6.79,--,17,11543,卖盘
1780,11:03:03,6.79,-0.01,111,75369,卖盘
1781,11:02:57,6.8,0.01,4,2720,买盘
1782,11:02:54,6.79,--,11,7469,卖盘
1783,11:02:48,6.79,-0.01,63,42777,卖盘
1784,11:02:45,6.8,--,1,680,买盘
1785,11:02:36,6.8,0.01,1,680,买盘
1786,11:02:33,6.79,-0.01,74,50246,卖盘
1787,11:02:30,6.8,--,2,1360,买盘
1788,11:02:27,6.8,--,23,15640,买盘
1789,11:02:18,6.8,0.01,6,4080,买盘
1790,11:02:12,6.79,--,1,679,卖盘
1791,11:02:09,6.79,-0.01,17,11543,卖盘
1792,11:02:00,6.8,--,6,4080,买盘
1793,11:01:57,6.8,--,24,16320,买盘
1794,11:01:54,6.8,--,39,26520,买盘
1795,11:01:51,6.8,--,26,17680,买盘
1796,11:01:48,6.8,0.01,1,680,买盘
1797,11:01:36,6.79,--,7,4753,卖盘
1798,11:01:30,6.79,--,68,46172,卖盘
1799,11:01:27,6.79,0.01,326,221354,买盘
1800,11:01:24,6.78,--,20,13560,卖盘
1801,11:01:18,6.78,--,1,678,卖盘
1802,11:01:12,6.78,-0.01,1,678,卖盘
1803,11:01:06,6.79,0.01,17,11543,买盘
1804,11:00:57,6.78,-0.01,2,1356,卖盘
1805,11:00:51,6.79,--,10,6790,买盘
1806,11:00:48,6.79,--,2,1358,买盘
1807,11:00:45,6.79,--,1,679,买盘
1808,11:00:42,6.79,--,50,33950,买盘
1809,11:00:39,6.79,0.01,142,96418,买盘
1810,11:00:36,6.78,--,2,1356,卖盘
1811,11:00:18,6.78,--,2,1356,卖盘
1812,11:00:15,6.78,--,592,401376,卖盘
1813,11:00:12,6.78,--,2,1356,卖盘
1814,11:00:09,6.78,-0.01,2,1356,卖盘
1815,11:00:06,6.79,0.01,9,6111,买盘
1816,11:00:03,6.78,-0.01,33,22374,卖盘
1817,11:00:00,6.79,--,183,124257,买盘
1818,10:59:57,6.79,--,8,5432,买盘
1819,10:59:54,6.79,--,95,64505,买盘
1820,10:59:51,6.79,--,1,679,买盘
1821,10:59:48,6.79,0.01,10,6790,买盘
1822,10:59:42,6.78,--,601,407478,卖盘
1823,10:59:36,6.78,-0.01,1,678,卖盘
1824,10:59:33,6.79,0.01,1,679,买盘
1825,10:59:30,6.78,--,34,23052,卖盘
1826,10:59:27,6.78,--,5,3390,卖盘
1827,10:59:18,6.78,--,2,1356,卖盘
1828,10:59:12,6.78,--,1,678,卖盘
1829,10:59:06,6.78,--,7,4746,卖盘
1830,10:58:48,6.78,-0.01,52,35256,卖盘
1831,10:58:42,6.79,--,127,86233,买盘
1832,10:58:39,6.79,0.02,19,12901,买盘
1833,10:58:33,6.77,-0.02,1,677,卖盘
1834,10:58:27,6.79,--,301,204379,买盘
1835,10:58:21,6.79,--,1,679,买盘
1836,10:58:15,6.79,--,1,679,买盘
1837,10:58:12,6.79,0.01,57,38703,买盘
1838,10:58:09,6.78,0.01,32,21696,买盘
1839,10:58:06,6.77,-0.01,1,677,卖盘
1840,10:58:00,6.78,--,24,16272,买盘
1841,10:57:54,6.78,0.01,1,678,买盘
1842,10:57:51,6.77,--,2,1354,卖盘
1843,10:57:42,6.77,--,85,57545,卖盘
1844,10:57:36,6.77,--,2,1354,卖盘
1845,10:57:33,6.77,--,10,6770,卖盘
1846,10:57:21,6.77,--,399,270123,卖盘
1847,10:57:18,6.77,--,1,677,卖盘
1848,10:57:12,6.77,--,47,31818,卖盘
1849,10:57:06,6.77,--,5,3385,卖盘
1850,10:57:03,6.77,-0.01,5,3385,卖盘
1851,10:57:00,6.78,0.01,59,40002,买盘
1852,10:56:57,6.77,-0.01,6,4061,卖盘
1853,10:56:39,6.78,--,23,15594,买盘
1854,10:56:21,6.78,0.01,33,22374,买盘
1855,10:56:18,6.77,-0.01,8,5416,卖盘
1856,10:56:15,6.78,0.01,1,678,买盘
1857,10:56:12,6.77,--,1,677,卖盘
1858,10:56:09,6.77,--,52,35204,卖盘
1859,10:56:06,6.77,-0.01,1,677,卖盘
1860,10:56:00,6.78,0.01,59,40002,买盘
1861,10:55:57,6.77,-0.01,1,677,卖盘
1862,10:55:48,6.78,--,4,2712,买盘
1863,10:55:45,6.78,--,2,1356,买盘
1864,10:55:42,6.78,0.01,99,67122,买盘
1865,10:55:39,6.77,-0.01,13,8801,卖盘
1866,10:55:36,6.78,--,78,52884,卖盘
1867,10:55:30,6.78,--,1,678,卖盘
1868,10:55:21,6.78,--,401,271878,卖盘
1869,10:55:15,6.78,--,12,8136,卖盘
1870,10:55:12,6.78,--,8,5424,卖盘
1871,10:55:09,6.78,--,60,40680,卖盘
1872,10:55:06,6.78,-0.01,225,152550,卖盘
1873,10:55:03,6.79,--,654,444066,买盘
1874,10:54:57,6.79,0.01,16,10864,买盘
1875,10:54:45,6.78,--,48,32544,买盘
1876,10:54:42,6.78,0.01,17,11526,买盘
1877,10:54:39,6.77,-0.01,1,677,卖盘
1878,10:54:36,6.78,--,4,2712,买盘
1879,10:54:33,6.78,0.01,68,46104,买盘
1880,10:54:30,6.77,-0.01,1,677,卖盘
1881,10:54:27,6.78,--,5,3390,买盘
1882,10:54:24,6.78,--,6,4068,买盘
1883,10:54:21,6.78,--,37,25086,买盘
1884,10:54:18,6.78,0.01,60,40680,买盘
1885,10:54:12,6.77,--,1,677,卖盘
1886,10:54:09,6.77,--,2,1354,卖盘
1887,10:54:03,6.77,-0.01,1,677,卖盘
1888,10:54:00,6.78,0.01,44,29832,买盘
1889,10:53:54,6.77,-0.01,51,34527,卖盘
1890,10:53:42,6.78,--,49,33222,买盘
1891,10:53:39,6.78,--,11,7458,买盘
1892,10:53:33,6.78,0.01,4,2712,买盘
1893,10:53:27,6.77,-0.01,10,6770,卖盘
1894,10:53:24,6.78,--,6,4068,买盘
1895,10:53:21,6.78,0.01,68,46104,买盘
1896,10:53:12,6.77,-0.01,2,1354,卖盘
1897,10:53:09,6.78,--,112,75936,买盘
1898,10:53:00,6.78,--,132,89496,买盘
1899,10:52:48,6.78,--,11,7458,买盘
1900,10:52:45,6.78,--,1,678,买盘
1901,10:52:42,6.78,0.01,160,108480,买盘
1902,10:52:39,6.77,-0.01,1,677,卖盘
1903,10:52:36,6.78,--,4,2712,买盘
1904,10:52:33,6.78,0.01,11,7458,买盘
1905,10:52:30,6.77,--,16,10832,卖盘
1906,10:52:27,6.77,-0.01,10,6770,卖盘
1907,10:52:24,6.78,--,7,4746,买盘
1908,10:52:21,6.78,--,108,73224,买盘
1909,10:52:15,6.78,0.01,20,13560,买盘
1910,10:52:12,6.77,-0.01,2,1354,卖盘
1911,10:52:09,6.78,--,20,13560,买盘
1912,10:52:00,6.78,0.01,172,116616,买盘
1913,10:51:57,6.77,-0.01,8,5416,卖盘
1914,10:51:54,6.78,--,11,7458,买盘
1915,10:51:51,6.78,0.01,19,12882,买盘
1916,10:51:48,6.77,-0.01,20,13540,卖盘
1917,10:51:42,6.78,0.01,585,396630,买盘
1918,10:51:39,6.77,--,1,677,卖盘
1919,10:51:30,6.77,--,1,677,卖盘
1920,10:51:27,6.77,--,1,677,卖盘
1921,10:51:24,6.77,-0.01,4,2708,卖盘
1922,10:51:21,6.78,--,28,18984,买盘
1923,10:51:18,6.78,0.01,27,18306,买盘
1924,10:51:12,6.77,-0.01,1,677,卖盘
1925,10:51:09,6.78,0.01,152,103056,买盘
1926,10:51:06,6.77,-0.01,21,14217,卖盘
1927,10:51:03,6.78,--,161,109158,买盘
1928,10:51:00,6.78,--,154,104412,买盘
1929,10:50:42,6.78,0.01,269,182382,买盘
1930,10:50:36,6.77,0.01,306,207162,买盘
1931,10:50:33,6.76,-0.01,58,39208,卖盘
1932,10:50:30,6.77,--,62,41974,买盘
1933,10:50:27,6.77,0.01,8,5416,买盘
1934,10:50:24,6.76,-0.01,44,29744,卖盘
1935,10:50:21,6.77,--,217,146909,买盘
1936,10:50:15,6.77,0.01,19,12863,买盘
1937,10:50:12,6.76,--,139,93964,卖盘
1938,10:50:09,6.76,--,1,676,卖盘
1939,10:50:06,6.76,--,23,15548,卖盘
1940,10:50:03,6.76,-0.01,25,16900,卖盘
1941,10:50:00,6.77,0.01,288,194976,买盘
1942,10:49:57,6.76,--,50,33800,卖盘
1943,10:49:48,6.76,-0.01,32,21632,卖盘
1944,10:49:45,6.77,--,1,677,买盘
1945,10:49:42,6.77,0.01,487,329699,买盘
1946,10:49:39,6.76,-0.01,422,285272,卖盘
1947,10:49:36,6.77,0.01,20,13540,买盘
1948,10:49:33,6.76,--,2,1352,卖盘
1949,10:49:30,6.76,--,92,62192,卖盘
1950,10:49:21,6.76,--,54,36504,买盘
1951,10:49:15,6.76,--,321,216996,买盘
1952,10:49:12,6.76,0.01,121,81796,买盘
1953,10:49:09,6.75,-0.01,38,25650,卖盘
1954,10:49:06,6.76,--,47,31772,买盘
1955,10:49:03,6.76,--,86,58136,买盘
1956,10:49:00,6.76,--,345,233220,买盘
1957,10:48:57,6.76,--,20,13520,买盘
1958,10:48:51,6.76,-0.01,2058,1391208,卖盘
1959,10:48:48,6.77,--,19,12863,买盘
1960,10:48:42,6.77,0.01,602,407554,买盘
1961,10:48:39,6.76,-0.01,61,41236,卖盘
1962,10:48:36,6.77,--,83,56191,买盘
1963,10:48:33,6.77,0.01,20,13540,买盘
1964,10:48:30,6.76,-0.01,59,39884,卖盘
1965,10:48:21,6.77,-0.01,258,174666,卖盘
1966,10:48:15,6.78,--,1,678,买盘
1967,10:48:12,6.78,0.02,34,23052,买盘
1968,10:48:09,6.76,-0.01,1129,763204,卖盘
1969,10:48:06,6.77,--,28,18956,卖盘
1970,10:48:00,6.77,--,13,8801,买盘
1971,10:47:54,6.77,--,5,3385,买盘
1972,10:47:51,6.77,--,266,180082,买盘
1973,10:47:48,6.77,0.01,2,1354,买盘
1974,10:47:45,6.76,-0.01,99,66924,卖盘
1975,10:47:42,6.77,0.01,72,48744,买盘
1976,10:47:39,6.76,--,62,41912,卖盘
1977,10:47:36,6.76,--,31,20956,卖盘
1978,10:47:33,6.76,-0.01,20,13520,卖盘
1979,10:47:27,6.77,0.01,1,677,买盘
1980,10:47:21,6.76,-0.01,83,56108,卖盘
1981,10:47:15,6.77,--,19,12863,买盘
1982,10:47:12,6.77,0.01,2,1354,买盘
1983,10:47:09,6.76,-0.01,25,16900,卖盘
1984,10:47:06,6.77,0.01,2,1354,买盘
1985,10:47:03,6.76,--,1,676,卖盘
1986,10:47:00,6.76,--,173,116948,卖盘
1987,10:46:57,6.76,-0.01,80,54080,卖盘
1988,10:46:54,6.77,--,11,7446,买盘
1989,10:46:51,6.77,--,16,10832,买盘
1990,10:46:45,6.77,-0.01,425,287725,卖盘
1991,10:46:42,6.78,0.01,304,206112,买盘
1992,10:46:39,6.77,-0.01,4,2708,卖盘
1993,10:46:36,6.78,0.01,5,3390,买盘
1994,10:46:33,6.77,0.01,4,2708,卖盘
1995,10:46:30,6.76,-0.02,1,676,卖盘
1996,10:46:27,6.78,--,1,678,买盘
1997,10:46:24,6.78,0.02,5,3390,买盘
1998,10:46:21,6.76,--,15,10140,卖盘
1999,10:46:18,6.76,--,21,14196,卖盘
2000,10:46:12,6.76,--,87,58812,卖盘
2001,10:46:09,6.76,-0.01,86,58136,卖盘
2002,10:46:00,6.77,--,2,1354,买盘
2003,10:45:54,6.77,0.01,8,5416,买盘
2004,10:45:51,6.76,--,37,25012,卖盘
2005,10:45:48,6.76,-0.01,1001,676676,卖盘
2006,10:45:45,6.77,--,144,97488,买盘
2007,10:45:42,6.77,--,59,39943,买盘
2008,10:45:39,6.77,0.01,23,15570,买盘
2009,10:45:36,6.76,-0.01,14,9464,卖盘
2010,10:45:33,6.77,--,5,3385,买盘
2011,10:45:30,6.77,--,14,9478,买盘
2012,10:45:27,6.77,0.01,30,20310,买盘
2013,10:45:24,6.76,--,2,1352,卖盘
2014,10:45:21,6.76,-0.01,129,87204,卖盘
2015,10:45:15,6.77,-0.01,7,4739,买盘
2016,10:45:12,6.78,--,171,115938,卖盘
2017,10:45:09,6.78,0.02,848,574944,买盘
2018,10:45:03,6.76,-0.02,200,135200,卖盘
2019,10:45:00,6.78,--,59,40002,买盘
2020,10:44:57,6.78,0.01,10,6780,买盘
2021,10:44:54,6.77,--,79,53483,买盘
2022,10:44:51,6.77,--,756,511811,卖盘
2023,10:44:45,6.77,-0.01,201,136077,卖盘
2024,10:44:42,6.78,0.01,162,109836,买盘
2025,10:44:39,6.77,-0.01,2,1354,卖盘
2026,10:44:36,6.78,0.01,67,45426,买盘
2027,10:44:33,6.77,--,1,677,卖盘
2028,10:44:30,6.77,0.01,69,46713,卖盘
2029,10:44:27,6.76,-0.02,837,565812,卖盘
2030,10:44:24,6.78,0.01,75,50850,买盘
2031,10:44:21,6.77,-0.01,1,677,中性盘
2032,10:44:12,6.78,0.01,35,23730,买盘
2033,10:44:09,6.77,0.01,16,10832,买盘
2034,10:44:03,6.76,--,63,42588,卖盘
2035,10:44:00,6.76,-0.01,57,38532,卖盘
2036,10:43:57,6.77,--,4,2708,买盘
2037,10:43:54,6.77,0.01,16,10832,买盘
2038,10:43:51,6.76,-0.01,1,676,卖盘
2039,10:43:48,6.77,0.01,10,6770,买盘
2040,10:43:45,6.76,-0.01,51,34476,卖盘
2041,10:43:42,6.77,0.01,6,4061,买盘
2042,10:43:39,6.76,-0.01,20,13520,卖盘
2043,10:43:36,6.77,--,22,14893,卖盘
2044,10:43:33,6.77,--,1,677,卖盘
2045,10:43:30,6.77,--,26,17602,卖盘
2046,10:43:24,6.77,--,1,677,卖盘
2047,10:43:21,6.77,0.01,2,1354,买盘
2048,10:43:18,6.76,-0.02,80,54080,卖盘
2049,10:43:15,6.78,--,1,678,买盘
2050,10:43:12,6.78,--,26,17628,买盘
2051,10:43:09,6.78,0.01,2,1356,买盘
2052,10:43:00,6.77,--,142,96134,买盘
2053,10:42:57,6.77,--,10,6770,买盘
2054,10:42:54,6.77,--,52,35204,卖盘
2055,10:42:51,6.77,--,2,1354,卖盘
2056,10:42:48,6.77,--,19,12863,卖盘
2057,10:42:45,6.77,--,28,18956,卖盘
2058,10:42:42,6.77,--,10,6770,卖盘
2059,10:42:39,6.77,--,9,6093,卖盘
2060,10:42:36,6.77,-0.01,1,677,卖盘
2061,10:42:33,6.78,0.01,81,54918,买盘
2062,10:42:30,6.77,--,18,12186,卖盘
2063,10:42:24,6.77,--,5,3385,卖盘
2064,10:42:21,6.77,--,1,677,卖盘
2065,10:42:18,6.77,--,2,1354,卖盘
2066,10:42:15,6.77,-0.01,9,6093,卖盘
2067,10:42:12,6.78,--,42,28476,买盘
2068,10:42:06,6.78,--,501,339678,买盘
2069,10:41:54,6.78,--,1,678,买盘
2070,10:41:51,6.78,0.01,150,101700,买盘
2071,10:41:48,6.77,--,7,4739,卖盘
2072,10:41:45,6.77,-0.01,21,14217,卖盘
2073,10:41:42,6.78,0.01,3,2034,买盘
2074,10:41:36,6.77,--,1,677,卖盘
2075,10:41:30,6.77,--,37,25049,卖盘
2076,10:41:27,6.77,--,1,677,卖盘
2077,10:41:24,6.77,--,1,677,卖盘
2078,10:41:18,6.77,--,1,677,卖盘
2079,10:41:12,6.77,--,1,677,卖盘
2080,10:41:03,6.77,--,100,67700,卖盘
2081,10:41:00,6.77,--,80,54160,卖盘
2082,10:40:57,6.77,-0.01,11,7446,卖盘
2083,10:40:54,6.78,0.01,6,4068,买盘
2084,10:40:48,6.77,--,10,6770,卖盘
2085,10:40:45,6.77,--,40,27080,卖盘
2086,10:40:39,6.77,-0.01,331,224087,卖盘
2087,10:40:36,6.78,--,51,34578,买盘
2088,10:40:33,6.78,0.01,6,4068,买盘
2089,10:40:30,6.77,--,20,13540,卖盘
2090,10:40:27,6.77,--,352,238303,卖盘
2091,10:40:24,6.77,--,1,677,卖盘
2092,10:40:21,6.77,--,5,3385,卖盘
2093,10:40:18,6.77,--,70,47390,卖盘
2094,10:40:12,6.77,-0.01,4,2708,卖盘
2095,10:40:03,6.78,--,2,1356,买盘
2096,10:39:51,6.78,0.01,40,27120,买盘
2097,10:39:48,6.77,-0.01,11,7446,卖盘
2098,10:39:45,6.78,--,36,24408,买盘
2099,10:39:42,6.78,0.01,85,57630,买盘
2100,10:39:39,6.77,--,22,14893,卖盘
2101,10:39:36,6.77,--,2,1354,卖盘
2102,10:39:27,6.77,--,6,4061,卖盘
2103,10:39:24,6.77,-0.01,55,37235,卖盘
2104,10:39:21,6.78,0.01,17,11526,买盘
2105,10:39:18,6.77,-0.01,352,238303,卖盘
2106,10:39:15,6.78,--,137,92886,买盘
2107,10:39:12,6.78,--,151,102378,买盘
2108,10:39:09,6.78,--,78,52884,买盘
2109,10:39:03,6.78,0.01,310,210180,买盘
2110,10:38:57,6.77,--,64,43328,卖盘
2111,10:38:48,6.77,--,26,17602,卖盘
2112,10:38:45,6.77,--,5,3385,卖盘
2113,10:38:42,6.77,--,103,69731,卖盘
2114,10:38:39,6.77,0.01,166,112382,买盘
2115,10:38:24,6.76,-0.01,11,7436,卖盘
2116,10:38:21,6.77,--,21,14217,买盘
2117,10:38:18,6.77,0.01,68,46036,买盘
2118,10:38:12,6.76,-0.01,107,72332,卖盘
2119,10:38:06,6.77,0.01,1,677,买盘
2120,10:38:03,6.76,-0.01,1,676,卖盘
2121,10:38:00,6.77,0.01,10,6770,买盘
2122,10:37:57,6.76,0.01,13,8788,中性盘
2123,10:37:54,6.75,-0.01,100,67500,卖盘
2124,10:37:51,6.76,0.01,506,342563,买盘
2125,10:37:48,6.75,-0.01,160,108000,卖盘
2126,10:37:45,6.76,0.01,43,29068,买盘
2127,10:37:42,6.75,-0.01,205,138375,卖盘
2128,10:37:39,6.76,--,117,79092,买盘
2129,10:37:36,6.76,0.01,55,37180,买盘
2130,10:37:33,6.75,-0.01,1,675,卖盘
2131,10:37:30,6.76,0.01,55,37180,买盘
2132,10:37:24,6.75,-0.01,13,8775,卖盘
2133,10:37:15,6.76,0.01,23,15548,买盘
2134,10:37:12,6.75,-0.01,1,675,卖盘
2135,10:37:09,6.76,--,4,2704,买盘
2136,10:37:06,6.76,0.01,53,35828,买盘
2137,10:37:03,6.75,--,1,675,卖盘
2138,10:37:00,6.75,-0.01,52,35100,卖盘
2139,10:36:57,6.76,--,359,242684,买盘
2140,10:36:54,6.76,0.01,20,13520,买盘
2141,10:36:51,6.75,-0.01,10,6750,卖盘
2142,10:36:48,6.76,--,819,553644,买盘
2143,10:36:45,6.76,--,32,21632,买盘
2144,10:36:42,6.76,0.01,14,9464,买盘
2145,10:36:39,6.75,--,134,90450,卖盘
2146,10:36:36,6.75,--,557,375975,卖盘
2147,10:36:33,6.75,--,208,140400,卖盘
2148,10:36:30,6.75,--,2,1350,卖盘
2149,10:36:27,6.75,--,124,83700,卖盘
2150,10:36:21,6.75,--,38,25650,卖盘
2151,10:36:18,6.75,--,11,7425,卖盘
2152,10:36:12,6.75,--,32,21600,卖盘
2153,10:36:09,6.75,--,7,4725,卖盘
2154,10:36:06,6.75,--,21,14175,卖盘
2155,10:36:00,6.75,--,48,32400,卖盘
2156,10:35:57,6.75,--,78,52650,卖盘
2157,10:35:54,6.75,-0.01,25,16875,卖盘
2158,10:35:48,6.76,--,2,1352,买盘
2159,10:35:45,6.76,0.01,424,286624,买盘
2160,10:35:42,6.75,-0.01,20,13500,卖盘
2161,10:35:39,6.76,--,450,304200,买盘
2162,10:35:30,6.76,0.01,35,23660,买盘
2163,10:35:27,6.75,-0.01,12,8100,卖盘
2164,10:35:18,6.76,--,200,135200,买盘
2165,10:35:12,6.76,0.01,16,10816,买盘
2166,10:35:09,6.75,-0.01,63,42525,卖盘
2167,10:35:06,6.76,--,27,18252,买盘
2168,10:35:03,6.76,--,132,89232,买盘
2169,10:35:00,6.76,--,2,1352,买盘
2170,10:34:54,6.76,--,50,33800,买盘
2171,10:34:51,6.76,--,50,33800,买盘
2172,10:34:48,6.76,--,38,25688,买盘
2173,10:34:45,6.76,--,1,676,买盘
2174,10:34:42,6.76,-0.01,5846,3952065,卖盘
2175,10:34:39,6.77,--,10,6770,卖盘
2176,10:34:36,6.77,--,114,77178,卖盘
2177,10:34:33,6.77,--,18,12186,卖盘
2178,10:34:27,6.77,--,893,604561,卖盘
2179,10:34:21,6.77,-0.01,24,16247,卖盘
2180,10:34:15,6.78,--,1,678,卖盘
2181,10:34:06,6.78,--,3,2034,卖盘
2182,10:34:03,6.78,--,1,678,卖盘
2183,10:34:00,6.78,--,213,144414,买盘
2184,10:33:57,6.78,--,30,20340,买盘
2185,10:33:54,6.78,--,16,10848,买盘
2186,10:33:48,6.78,--,73,49494,买盘
2187,10:33:45,6.78,--,50,33900,买盘
2188,10:33:42,6.78,--,15,10170,买盘
2189,10:33:39,6.78,--,4,2712,买盘
2190,10:33:36,6.78,0.01,40,27120,买盘
2191,10:33:33,6.77,--,100,67700,卖盘
2192,10:33:30,6.77,--,6,4061,卖盘
2193,10:33:27,6.77,--,5,3385,卖盘
2194,10:33:18,6.77,-0.01,27,18279,卖盘
2195,10:33:12,6.78,--,2,1356,买盘
2196,10:33:06,6.78,--,44,29832,买盘
2197,10:33:00,6.78,--,16,10848,买盘
2198,10:32:57,6.78,--,29,19662,买盘
2199,10:32:54,6.78,0.01,50,33900,买盘
2200,10:32:48,6.77,--,9,6093,卖盘
2201,10:32:45,6.77,-0.01,2,1354,卖盘
2202,10:32:42,6.78,0.01,1,678,买盘
2203,10:32:36,6.77,-0.01,38,25726,卖盘
2204,10:32:33,6.78,0.01,26,17628,买盘
2205,10:32:27,6.77,-0.01,84,56868,卖盘
2206,10:32:24,6.78,--,17,11526,买盘
2207,10:32:21,6.78,0.01,60,40680,买盘
2208,10:32:18,6.77,-0.01,9,6093,卖盘
2209,10:32:12,6.78,--,332,225096,买盘
2210,10:32:09,6.78,0.01,15,10170,买盘
2211,10:32:06,6.77,-0.01,39,26403,卖盘
2212,10:32:03,6.78,--,20,13560,买盘
2213,10:32:00,6.78,--,23,15594,买盘
2214,10:31:57,6.78,--,63,42714,买盘
2215,10:31:51,6.78,--,24,16272,买盘
2216,10:31:48,6.78,--,5,3390,买盘
2217,10:31:45,6.78,--,238,161364,买盘
2218,10:31:42,6.78,--,10,6780,买盘
2219,10:31:39,6.78,--,2,1356,买盘
2220,10:31:36,6.78,--,30,20340,买盘
2221,10:31:33,6.78,--,20,13560,买盘
2222,10:31:30,6.78,--,1,678,买盘
2223,10:31:27,6.78,--,59,40002,买盘
2224,10:31:24,6.78,--,286,193908,买盘
2225,10:31:21,6.78,--,52,35256,买盘
2226,10:31:15,6.78,--,150,101700,买盘
2227,10:31:12,6.78,--,10,6780,买盘
2228,10:31:09,6.78,--,19,12882,买盘
2229,10:31:06,6.78,0.01,8,5424,买盘
2230,10:31:03,6.77,-0.01,40,27080,卖盘
2231,10:30:57,6.78,--,10,6780,买盘
2232,10:30:54,6.78,0.01,20,13560,买盘
2233,10:30:48,6.77,-0.01,35,23695,卖盘
2234,10:30:39,6.78,--,14,9492,买盘
2235,10:30:36,6.78,--,589,399342,买盘
2236,10:30:33,6.78,0.01,20,13560,买盘
2237,10:30:30,6.77,-0.01,38,25726,卖盘
2238,10:30:27,6.78,--,80,54240,买盘
2239,10:30:09,6.78,0.01,8,5424,买盘
2240,10:30:06,6.77,-0.01,33,22341,卖盘
2241,10:30:03,6.78,0.01,111,75258,买盘
2242,10:30:00,6.77,-0.01,19,12863,卖盘
2243,10:29:57,6.78,--,22,14916,买盘
2244,10:29:51,6.78,0.01,17,11526,买盘
2245,10:29:48,6.77,--,20,13540,卖盘
2246,10:29:45,6.77,--,34,23018,卖盘
2247,10:29:39,6.77,--,21,14217,卖盘
2248,10:29:36,6.77,-0.01,25,16925,卖盘
2249,10:29:33,6.78,--,51,34578,买盘
2250,10:29:30,6.78,0.01,10,6780,买盘
2251,10:29:27,6.77,--,25,17297,卖盘
2252,10:29:24,6.77,--,23,15570,卖盘
2253,10:29:21,6.77,--,30,20310,卖盘
2254,10:29:18,6.77,--,30,20310,卖盘
2255,10:29:15,6.77,--,8,5416,卖盘
2256,10:29:12,6.77,--,50,33850,卖盘
2257,10:29:09,6.77,-0.01,13,8801,卖盘
2258,10:29:06,6.78,--,62,42036,买盘
2259,10:29:03,6.78,--,20,13560,买盘
2260,10:29:00,6.78,0.01,9,6102,买盘
2261,10:28:57,6.77,-0.01,6,4061,卖盘
2262,10:28:54,6.78,0.01,20,13560,买盘
2263,10:28:45,6.77,-0.01,23,15570,卖盘
2264,10:28:42,6.78,0.01,110,74580,买盘
2265,10:28:39,6.77,--,19,12863,卖盘
2266,10:28:36,6.77,-0.01,9,6093,卖盘
2267,10:28:33,6.78,--,20,13560,买盘
2268,10:28:30,6.78,--,3,2034,买盘
2269,10:28:24,6.78,--,19,12882,买盘
2270,10:28:21,6.78,--,60,40680,买盘
2271,10:28:18,6.78,0.01,25,16950,买盘
2272,10:28:15,6.77,--,634,429218,买盘
2273,10:28:12,6.77,--,30,20310,买盘
2274,10:28:09,6.77,--,120,81240,买盘
2275,10:28:06,6.77,0.01,10,6770,买盘
2276,10:28:03,6.76,--,143,96668,卖盘
2277,10:28:00,6.76,--,5,3380,卖盘
2278,10:27:57,6.76,--,50,33800,卖盘
2279,10:27:54,6.76,-0.01,5,3380,卖盘
2280,10:27:51,6.77,--,34,23018,买盘
2281,10:27:48,6.77,--,55,37235,买盘
2282,10:27:45,6.77,--,87,58898,买盘
2283,10:27:42,6.77,--,2,1354,买盘
2284,10:27:36,6.77,--,80,54160,买盘
2285,10:27:33,6.77,0.01,40,27080,买盘
2286,10:27:27,6.76,-0.01,99,67295,卖盘
2287,10:27:24,6.77,0.01,153,103581,买盘
2288,10:27:21,6.76,-0.01,339,229164,卖盘
2289,10:27:18,6.77,0.01,10,6770,买盘
2290,10:27:15,6.76,--,50,33800,卖盘
2291,10:27:12,6.76,--,43,29068,卖盘
2292,10:27:09,6.76,-0.01,24,16224,卖盘
2293,10:27:06,6.77,--,211,142847,买盘
2294,10:27:03,6.77,--,25,16925,买盘
2295,10:27:00,6.77,--,15,10155,买盘
2296,10:26:57,6.77,--,60,40620,买盘
2297,10:26:54,6.77,-0.01,54,36558,卖盘
2298,10:26:48,6.78,0.01,56,37968,买盘
2299,10:26:45,6.77,-0.01,1,677,中性盘
2300,10:26:42,6.78,0.01,80,54240,买盘
2301,10:26:39,6.77,0.01,44,29787,卖盘
2302,10:26:33,6.76,-0.01,195,131887,卖盘
2303,10:26:30,6.77,--,76,52061,卖盘
2304,10:26:27,6.77,--,179,121250,买盘
2305,10:26:24,6.77,--,57,38589,买盘
2306,10:26:18,6.77,--,120,81240,买盘
2307,10:26:15,6.77,--,57,38589,买盘
2308,10:26:12,6.77,--,20,13540,买盘
2309,10:26:09,6.77,--,24,16247,买盘
2310,10:26:06,6.77,--,135,91395,买盘
2311,10:26:03,6.77,--,21,14217,买盘
2312,10:26:00,6.77,0.01,114,77178,买盘
2313,10:25:57,6.76,--,7,4732,卖盘
2314,10:25:54,6.76,-0.01,48,32448,卖盘
2315,10:25:51,6.77,0.01,503,340531,买盘
2316,10:25:48,6.76,--,40,27040,卖盘
2317,10:25:45,6.76,-0.01,22,14872,卖盘
2318,10:25:42,6.77,--,10,6770,买盘
2319,10:25:33,6.77,--,310,209870,买盘
2320,10:25:30,6.77,0.01,114,77178,买盘
2321,10:25:27,6.76,--,21,14196,卖盘
2322,10:25:24,6.76,-0.01,211,142636,卖盘
2323,10:25:21,6.77,0.01,201,136077,买盘
2324,10:25:18,6.76,-0.01,27,18252,卖盘
2325,10:25:15,6.77,--,1,677,买盘
2326,10:25:12,6.77,0.01,103,69731,买盘
2327,10:25:09,6.76,-0.01,133,89908,卖盘
2328,10:25:06,6.77,0.01,82,55514,买盘
2329,10:25:03,6.76,-0.01,468,316368,卖盘
2330,10:25:00,6.77,0.01,21,14217,买盘
2331,10:24:57,6.76,-0.01,227,153452,卖盘
2332,10:24:54,6.77,0.01,1778,1203706,买盘
2333,10:24:48,6.76,-0.01,146,98696,卖盘
2334,10:24:45,6.77,0.01,1,677,买盘
2335,10:24:42,6.76,-0.01,2,1352,卖盘
2336,10:24:39,6.77,0.01,3,2030,买盘
2337,10:24:36,6.76,-0.01,16,10816,卖盘
2338,10:24:33,6.77,--,18,12186,买盘
2339,10:24:30,6.77,0.01,326,220702,买盘
2340,10:24:27,6.76,-0.01,51,34847,卖盘
2341,10:24:21,6.77,--,41,27757,买盘
2342,10:24:15,6.77,0.01,210,142170,买盘
2343,10:24:12,6.76,--,48,32448,卖盘
2344,10:24:09,6.76,-0.01,536,362336,卖盘
2345,10:24:06,6.77,0.01,2,1354,买盘
2346,10:24:03,6.76,-0.01,191,129116,卖盘
2347,10:24:00,6.77,--,28,18956,买盘
2348,10:23:57,6.77,--,147,99519,买盘
2349,10:23:54,6.77,--,4,2708,买盘
2350,10:23:48,6.77,--,100,67700,买盘
2351,10:23:45,6.77,--,209,141493,买盘
2352,10:23:42,6.77,--,91,61606,买盘
2353,10:23:39,6.77,--,137,92749,买盘
2354,10:23:36,6.77,0.01,95,64314,买盘
2355,10:23:33,6.76,-0.01,132,89232,卖盘
2356,10:23:30,6.77,--,33,22341,买盘
2357,10:23:27,6.77,--,82,55514,买盘
2358,10:23:24,6.77,--,430,291719,卖盘
2359,10:23:18,6.77,--,10,6770,卖盘
2360,10:23:15,6.77,-0.01,125,84625,卖盘
2361,10:23:12,6.78,0.01,237,160686,买盘
2362,10:23:09,6.77,--,306,207162,卖盘
2363,10:23:06,6.77,--,9,6093,卖盘
2364,10:23:03,6.77,--,75,50775,卖盘
2365,10:23:00,6.77,-0.01,266,180082,卖盘
2366,10:22:57,6.78,0.01,3036,2058408,买盘
2367,10:22:54,6.77,-0.01,51,34527,卖盘
2368,10:22:51,6.78,--,48,32544,买盘
2369,10:22:48,6.78,0.01,136,92208,买盘
2370,10:22:45,6.77,-0.01,49,33173,卖盘
2371,10:22:42,6.78,0.01,13,8814,买盘
2372,10:22:39,6.77,-0.01,68,46036,卖盘
2373,10:22:36,6.78,--,1573,1066494,买盘
2374,10:22:33,6.78,--,17,11526,买盘
2375,10:22:30,6.78,--,2,1356,买盘
2376,10:22:27,6.78,0.01,20,13560,买盘
2377,10:22:24,6.77,-0.01,204,138108,卖盘
2378,10:22:21,6.78,0.01,83,56274,买盘
2379,10:22:18,6.77,--,1143,773811,卖盘
2380,10:22:15,6.77,-0.01,23,15570,卖盘
2381,10:22:12,6.78,0.01,21,14238,买盘
2382,10:22:09,6.77,--,5,3385,卖盘
2383,10:22:06,6.77,--,172,116443,卖盘
2384,10:22:03,6.77,-0.01,81,54837,卖盘
2385,10:22:00,6.78,--,26,17628,买盘
2386,10:21:57,6.78,0.01,112,75936,买盘
2387,10:21:54,6.77,-0.01,15,10155,卖盘
2388,10:21:51,6.78,--,10,6780,买盘
2389,10:21:45,6.78,0.01,53,35934,买盘
2390,10:21:42,6.77,-0.01,800,541600,卖盘
2391,10:21:36,6.78,--,25,16950,买盘
2392,10:21:33,6.78,0.01,7,4746,买盘
2393,10:21:30,6.77,-0.01,48,32495,卖盘
2394,10:21:27,6.78,--,84,57324,买盘
2395,10:21:24,6.78,--,100,67800,买盘
2396,10:21:18,6.78,0.01,1,678,买盘
2397,10:21:15,6.77,-0.01,30,20310,卖盘
2398,10:21:12,6.78,--,272,184416,买盘
2399,10:21:09,6.78,0.01,71,48138,买盘
2400,10:21:03,6.77,--,91,61606,卖盘
2401,10:21:00,6.77,-0.01,223,150971,卖盘
2402,10:20:57,6.78,--,1,678,买盘
2403,10:20:54,6.78,0.01,71,48138,买盘
2404,10:20:48,6.77,--,20,13540,卖盘
2405,10:20:45,6.77,-0.01,11,7446,卖盘
2406,10:20:42,6.78,--,83,56274,买盘
2407,10:20:39,6.78,0.01,20,13560,买盘
2408,10:20:36,6.77,-0.01,70,47390,卖盘
2409,10:20:33,6.78,--,22,14916,买盘
2410,10:20:30,6.78,0.01,180,122040,买盘
2411,10:20:27,6.77,--,2,1354,卖盘
2412,10:20:24,6.77,--,33,22341,卖盘
2413,10:20:21,6.77,-0.01,172,116443,卖盘
2414,10:20:18,6.78,--,100,67800,买盘
2415,10:20:15,6.78,0.01,5,3390,买盘
2416,10:20:12,6.77,-0.01,1,677,卖盘
2417,10:20:09,6.78,0.01,21,14238,买盘
2418,10:20:06,6.77,--,15,10155,卖盘
2419,10:20:03,6.77,-0.01,10,6770,卖盘
2420,10:20:00,6.78,--,5,3390,买盘
2421,10:19:54,6.78,--,161,109158,买盘
2422,10:19:51,6.78,-0.01,625,423750,卖盘
2423,10:19:48,6.79,--,32,21728,买盘
2424,10:19:45,6.79,0.01,1152,782208,买盘
2425,10:19:42,6.78,-0.01,6,4068,卖盘
2426,10:19:39,6.79,--,349,236971,买盘
2427,10:19:36,6.79,--,1,679,买盘
2428,10:19:33,6.79,0.01,50,33950,买盘
2429,10:19:27,6.78,--,96,65088,卖盘
2430,10:19:24,6.78,--,20,13560,卖盘
2431,10:19:21,6.78,-0.01,184,124752,卖盘
2432,10:19:18,6.79,--,179,121541,买盘
2433,10:19:15,6.79,0.01,37,25123,买盘
2434,10:19:12,6.78,--,35,23730,卖盘
2435,10:19:09,6.78,--,12,8136,卖盘
2436,10:19:06,6.78,-0.01,13,8814,卖盘
2437,10:19:03,6.79,--,20,13580,买盘
2438,10:19:00,6.79,0.01,32,21728,买盘
2439,10:18:54,6.78,--,78,52884,卖盘
2440,10:18:51,6.78,--,173,117294,卖盘
2441,10:18:48,6.78,--,147,99666,卖盘
2442,10:18:45,6.78,-0.01,24,16272,卖盘
2443,10:18:42,6.79,--,70,47530,买盘
2444,10:18:39,6.79,--,29,19691,买盘
2445,10:18:36,6.79,0.01,205,139195,买盘
2446,10:18:33,6.78,-0.01,31,21018,卖盘
2447,10:18:30,6.79,0.01,20,13580,买盘
2448,10:18:27,6.78,--,25,17322,卖盘
2449,10:18:24,6.78,--,28,18984,卖盘
2450,10:18:18,6.78,--,16,10848,卖盘
2451,10:18:15,6.78,-0.01,86,58308,卖盘
2452,10:18:12,6.79,--,276,187404,买盘
2453,10:18:09,6.79,0.01,54,36666,买盘
2454,10:18:06,6.78,--,11,7458,卖盘
2455,10:18:03,6.78,-0.01,21,14238,卖盘
2456,10:18:00,6.79,0.01,3,2037,买盘
2457,10:17:57,6.78,--,174,117972,卖盘
2458,10:17:51,6.78,-0.01,16,10848,卖盘
2459,10:17:48,6.79,--,6,4074,买盘
2460,10:17:45,6.79,0.01,4,2716,买盘
2461,10:17:39,6.78,-0.01,12,8136,卖盘
2462,10:17:36,6.79,--,100,67900,买盘
2463,10:17:33,6.79,--,410,278390,买盘
2464,10:17:30,6.79,0.01,14,9506,买盘
2465,10:17:27,6.78,--,5,3390,卖盘
2466,10:17:24,6.78,-0.01,188,127464,卖盘
2467,10:17:21,6.79,--,52,35308,买盘
2468,10:17:18,6.79,--,11,7469,买盘
2469,10:17:15,6.79,--,31,21049,买盘
2470,10:17:12,6.79,--,11,7469,买盘
2471,10:17:09,6.79,--,10,6790,买盘
2472,10:17:06,6.79,0.01,10,6790,买盘
2473,10:17:03,6.78,-0.01,36,24408,卖盘
2474,10:17:00,6.79,--,32,21728,买盘
2475,10:16:57,6.79,--,94,63826,买盘
2476,10:16:54,6.79,--,61,41419,买盘
2477,10:16:48,6.79,--,18,12222,买盘
2478,10:16:45,6.79,0.01,23,15617,买盘
2479,10:16:42,6.78,--,6,4068,卖盘
2480,10:16:39,6.78,-0.01,22,14916,卖盘
2481,10:16:36,6.79,0.01,50,33950,买盘
2482,10:16:33,6.78,-0.01,176,119328,卖盘
2483,10:16:30,6.79,0.01,34,23086,买盘
2484,10:16:27,6.78,-0.01,105,71190,卖盘
2485,10:16:24,6.79,--,47,31913,买盘
2486,10:16:21,6.79,--,23,15617,买盘
2487,10:16:18,6.79,--,10,6790,买盘
2488,10:16:15,6.79,0.01,31,21049,买盘
2489,10:16:09,6.78,-0.01,20,13560,卖盘
2490,10:16:06,6.79,--,238,161602,买盘
2491,10:16:03,6.79,--,62,42098,买盘
2492,10:16:00,6.79,0.01,109,74011,买盘
2493,10:15:54,6.78,-0.01,50,33900,卖盘
2494,10:15:51,6.79,--,7,4753,买盘
2495,10:15:45,6.79,0.01,33,22407,买盘
2496,10:15:42,6.78,-0.01,110,74580,卖盘
2497,10:15:39,6.79,--,246,167034,买盘
2498,10:15:36,6.79,--,363,246477,买盘
2499,10:15:33,6.79,--,73,49567,买盘
2500,10:15:30,6.79,--,4,2716,买盘
2501,10:15:27,6.79,0.01,39,26854,买盘
2502,10:15:21,6.78,-0.01,5,3390,卖盘
2503,10:15:18,6.79,0.01,235,159565,买盘
2504,10:15:15,6.78,--,27,18306,卖盘
2505,10:15:12,6.78,--,2,1356,卖盘
2506,10:15:09,6.78,--,16,10848,卖盘
2507,10:15:06,6.78,-0.01,100,67800,卖盘
2508,10:15:03,6.79,0.01,35,23765,买盘
2509,10:15:00,6.78,-0.01,21,14238,卖盘
2510,10:14:57,6.79,0.01,12,8148,买盘
2511,10:14:54,6.78,--,25,16950,卖盘
2512,10:14:51,6.78,--,6,4068,卖盘
2513,10:14:48,6.78,-0.01,202,136956,卖盘
2514,10:14:45,6.79,0.01,14,9506,买盘
2515,10:14:42,6.78,--,15,10170,卖盘
2516,10:14:36,6.78,--,85,57630,卖盘
2517,10:14:33,6.78,-0.01,29,19662,卖盘
2518,10:14:30,6.79,--,12,8148,买盘
2519,10:14:27,6.79,--,42,28518,买盘
2520,10:14:21,6.79,--,106,71974,买盘
2521,10:14:18,6.79,--,59,40061,买盘
2522,10:14:15,6.79,0.01,49,33271,买盘
2523,10:14:12,6.78,--,3,2034,卖盘
2524,10:14:06,6.78,-0.01,5,3390,卖盘
2525,10:14:03,6.79,--,60,40740,买盘
2526,10:14:00,6.79,--,4,2716,买盘
2527,10:13:54,6.79,0.01,5,3395,买盘
2528,10:13:51,6.78,-0.01,6,4068,卖盘
2529,10:13:48,6.79,--,18,12222,买盘
2530,10:13:45,6.79,0.01,3,2037,买盘
2531,10:13:42,6.78,-0.01,186,126108,卖盘
2532,10:13:36,6.79,--,69,46851,买盘
2533,10:13:33,6.79,--,4,2716,买盘
2534,10:13:30,6.79,0.01,2,1358,买盘
2535,10:13:27,6.78,-0.01,15,10170,卖盘
2536,10:13:24,6.79,0.01,26,17654,买盘
2537,10:13:21,6.78,--,20,13560,卖盘
2538,10:13:18,6.78,-0.01,5,3390,卖盘
2539,10:13:15,6.79,--,19,12901,买盘
2540,10:13:12,6.79,--,215,145985,买盘
2541,10:13:06,6.79,--,46,31234,买盘
2542,10:13:03,6.79,--,18,12222,买盘
2543,10:13:00,6.79,0.01,7,4753,买盘
2544,10:12:54,6.78,--,22,14916,卖盘
2545,10:12:48,6.78,--,42,28476,卖盘
2546,10:12:45,6.78,-0.01,61,41358,卖盘
2547,10:12:39,6.79,0.01,1,679,买盘
2548,10:12:36,6.78,--,5,3390,卖盘
2549,10:12:33,6.78,--,51,34578,卖盘
2550,10:12:30,6.78,--,201,136278,卖盘
2551,10:12:27,6.78,-0.01,27,18678,卖盘
2552,10:12:24,6.79,0.01,65,44135,买盘
2553,10:12:18,6.78,-0.01,46,31188,卖盘
2554,10:12:15,6.79,0.01,6,4074,买盘
2555,10:12:12,6.78,--,54,36612,卖盘
2556,10:12:09,6.78,-0.01,15,10170,卖盘
2557,10:12:03,6.79,--,11,7469,买盘
2558,10:12:00,6.79,0.01,49,33271,买盘
2559,10:11:57,6.78,--,33,22374,卖盘
2560,10:11:51,6.78,-0.01,114,77292,卖盘
2561,10:11:48,6.79,--,1,679,买盘
2562,10:11:45,6.79,0.01,5,3395,买盘
2563,10:11:42,6.78,--,21,14238,卖盘
2564,10:11:33,6.78,-0.01,35,23730,卖盘
2565,10:11:30,6.79,0.01,223,151417,买盘
2566,10:11:27,6.78,--,5,3390,卖盘
2567,10:11:24,6.78,-0.01,289,195942,卖盘
2568,10:11:21,6.79,--,100,67900,买盘
2569,10:11:12,6.79,0.01,40,27160,买盘
2570,10:11:06,6.78,-0.01,15,10170,卖盘
2571,10:11:03,6.79,--,15,10185,买盘
2572,10:11:00,6.79,--,100,67900,买盘
2573,10:10:57,6.79,--,1,679,买盘
2574,10:10:54,6.79,--,18,12222,买盘
2575,10:10:51,6.79,--,125,84875,买盘
2576,10:10:48,6.79,0.01,1,679,买盘
2577,10:10:42,6.78,--,12,8136,卖盘
2578,10:10:39,6.78,--,15,10170,卖盘
2579,10:10:36,6.78,-0.01,41,27798,卖盘
2580,10:10:33,6.79,0.01,153,103887,买盘
2581,10:10:30,6.78,--,60,40680,卖盘
2582,10:10:24,6.78,--,6,4068,卖盘
2583,10:10:21,6.78,-0.01,120,81360,卖盘
2584,10:10:18,6.79,--,1,679,买盘
2585,10:10:15,6.79,0.01,10,6790,买盘
2586,10:10:12,6.78,-0.01,83,56274,卖盘
2587,10:10:09,6.79,0.01,4,2716,买盘
2588,10:10:06,6.78,-0.01,14,9492,卖盘
2589,10:10:03,6.79,--,9,6111,买盘
2590,10:10:00,6.79,--,39,26481,买盘
2591,10:09:57,6.79,--,2,1358,买盘
2592,10:09:54,6.79,--,10,6790,买盘
2593,10:09:48,6.79,--,7,4753,买盘
2594,10:09:45,6.79,--,31,21049,买盘
2595,10:09:42,6.79,--,4,2716,买盘
2596,10:09:39,6.79,0.01,3,2037,买盘
2597,10:09:36,6.78,-0.01,1,678,卖盘
2598,10:09:33,6.79,--,10,6790,买盘
2599,10:09:30,6.79,0.01,13,8827,买盘
2600,10:09:27,6.78,-0.01,53,36306,卖盘
2601,10:09:24,6.79,--,1,679,买盘
2602,10:09:18,6.79,--,17,11543,买盘
2603,10:09:15,6.79,--,40,27160,买盘
2604,10:09:12,6.79,--,75,50925,买盘
2605,10:09:09,6.79,0.01,45,30555,买盘
2606,10:09:06,6.78,-0.01,5,3390,卖盘
2607,10:09:03,6.79,0.01,62,42098,买盘
2608,10:09:00,6.78,-0.01,1,678,卖盘
2609,10:08:54,6.79,0.01,20,13580,买盘
2610,10:08:51,6.78,--,30,20340,卖盘
2611,10:08:48,6.78,--,9,6102,卖盘
2612,10:08:45,6.78,-0.01,302,204756,卖盘
2613,10:08:42,6.79,--,168,114072,买盘
2614,10:08:39,6.79,--,4,2716,买盘
2615,10:08:36,6.79,0.01,1,679,买盘
2616,10:08:33,6.78,-0.01,102,69156,卖盘
2617,10:08:30,6.79,--,29,19691,买盘
2618,10:08:27,6.79,0.01,20,13580,买盘
2619,10:08:24,6.78,--,79,53562,卖盘
2620,10:08:18,6.78,--,10,6780,卖盘
2621,10:08:15,6.78,--,137,92886,卖盘
2622,10:08:12,6.78,-0.01,188,127464,卖盘
2623,10:08:09,6.79,0.01,8,5432,买盘
2624,10:08:06,6.78,-0.01,252,170856,卖盘
2625,10:08:00,6.79,0.01,2,1358,买盘
2626,10:07:57,6.78,--,15,10170,卖盘
2627,10:07:54,6.78,--,120,81360,卖盘
2628,10:07:45,6.78,-0.01,6,4068,卖盘
2629,10:07:42,6.79,--,528,358512,买盘
2630,10:07:39,6.79,--,35,23765,买盘
2631,10:07:36,6.79,--,24,16296,买盘
2632,10:07:33,6.79,--,54,36666,买盘
2633,10:07:30,6.79,--,17,11543,买盘
2634,10:07:27,6.79,0.01,26,17654,买盘
2635,10:07:24,6.78,--,19,12882,卖盘
2636,10:07:18,6.78,--,298,202044,卖盘
2637,10:07:15,6.78,-0.01,423,286794,卖盘
2638,10:07:12,6.79,--,73,49567,买盘
2639,10:07:09,6.79,0.01,1,679,买盘
2640,10:07:06,6.78,--,132,89496,卖盘
2641,10:07:03,6.78,--,55,37290,卖盘
2642,10:07:00,6.78,-0.01,15,10170,卖盘
2643,10:06:54,6.79,--,60,40740,买盘
2644,10:06:51,6.79,--,42,28518,买盘
2645,10:06:48,6.79,--,6,4074,买盘
2646,10:06:45,6.79,0.01,117,79443,买盘
2647,10:06:42,6.78,--,44,29832,卖盘
2648,10:06:36,6.78,-0.01,16,10848,卖盘
2649,10:06:33,6.79,--,74,50246,买盘
2650,10:06:27,6.79,0.01,52,35681,买盘
2651,10:06:21,6.78,-0.01,13,8814,卖盘
2652,10:06:18,6.79,--,11,7469,买盘
2653,10:06:12,6.79,--,76,51604,买盘
2654,10:06:09,6.79,--,36,24444,买盘
2655,10:06:03,6.79,--,2,1358,买盘
2656,10:06:00,6.79,0.01,3,2037,买盘
2657,10:05:54,6.78,--,21,14238,卖盘
2658,10:05:51,6.78,--,16,10848,卖盘
2659,10:05:48,6.78,-0.01,110,74580,卖盘
2660,10:05:45,6.79,--,1,679,买盘
2661,10:05:42,6.79,--,33,22407,买盘
2662,10:05:36,6.79,0.01,15,10185,买盘
2663,10:05:33,6.78,-0.01,115,77970,卖盘
2664,10:05:30,6.79,--,5,3395,买盘
2665,10:05:27,6.79,--,50,33950,买盘
2666,10:05:24,6.79,0.01,18,12222,买盘
2667,10:05:21,6.78,-0.01,28,18984,卖盘
2668,10:05:18,6.79,0.01,1,679,买盘
2669,10:05:15,6.78,--,66,44748,卖盘
2670,10:05:12,6.78,--,53,35934,卖盘
2671,10:05:09,6.78,--,48,32544,卖盘
2672,10:05:06,6.78,--,75,50850,卖盘
2673,10:05:03,6.78,--,29,19662,卖盘
2674,10:05:00,6.78,--,67,45426,卖盘
2675,10:04:57,6.78,--,174,117972,卖盘
2676,10:04:54,6.78,-0.01,45,30510,卖盘
2677,10:04:51,6.79,0.01,13,8827,买盘
2678,10:04:48,6.78,--,26,17628,卖盘
2679,10:04:45,6.78,--,11,7458,卖盘
2680,10:04:42,6.78,-0.01,598,405444,卖盘
2681,10:04:39,6.79,--,53,35987,买盘
2682,10:04:36,6.79,0.01,128,86912,买盘
2683,10:04:33,6.78,-0.01,20,13560,卖盘
2684,10:04:30,6.79,--,91,61789,买盘
2685,10:04:27,6.79,--,73,49567,买盘
2686,10:04:24,6.79,0.01,223,151417,买盘
2687,10:04:21,6.78,-0.01,16,10848,卖盘
2688,10:04:18,6.79,--,1,679,买盘
2689,10:04:15,6.79,0.01,4,2716,买盘
2690,10:04:12,6.78,-0.01,92,62376,卖盘
2691,10:04:09,6.79,0.01,46,31234,买盘
2692,10:04:06,6.78,--,8,5424,卖盘
2693,10:04:03,6.78,-0.01,645,437310,卖盘
2694,10:04:00,6.79,--,17,11543,买盘
2695,10:03:57,6.79,--,198,134442,买盘
2696,10:03:54,6.79,--,212,143948,买盘
2697,10:03:51,6.79,0.01,4,2716,买盘
2698,10:03:48,6.78,-0.01,12,8136,卖盘
2699,10:03:45,6.79,--,71,48209,买盘
2700,10:03:42,6.79,0.01,30,20370,买盘
2701,10:03:39,6.78,-0.01,9,6102,卖盘
2702,10:03:36,6.79,--,26,17654,买盘
2703,10:03:33,6.79,0.01,40,27160,买盘
2704,10:03:30,6.78,--,61,41358,买盘
2705,10:03:27,6.78,-0.01,818,554604,卖盘
2706,10:03:24,6.79,--,5,3395,买盘
2707,10:03:21,6.79,--,12,8148,买盘
2708,10:03:18,6.79,0.01,213,144627,买盘
2709,10:03:12,6.78,--,56,37968,卖盘
2710,10:03:09,6.78,-0.01,70,47460,卖盘
2711,10:03:06,6.79,0.01,110,74690,买盘
2712,10:03:03,6.78,-0.01,100,67800,卖盘
2713,10:03:00,6.79,--,38,25802,买盘
2714,10:02:57,6.79,--,2,1358,买盘
2715,10:02:54,6.79,0.01,10,6790,买盘
2716,10:02:51,6.78,--,5,3390,卖盘
2717,10:02:42,6.78,--,9,6102,卖盘
2718,10:02:39,6.78,--,58,39324,卖盘
2719,10:02:33,6.78,-0.01,69,46782,卖盘
2720,10:02:30,6.79,--,69,46851,买盘
2721,10:02:27,6.79,0.02,1,679,买盘
2722,10:02:24,6.77,-0.01,77,52129,卖盘
2723,10:02:21,6.78,--,185,125430,买盘
2724,10:02:18,6.78,--,54,36612,买盘
2725,10:02:15,6.78,--,29,19662,买盘
2726,10:02:12,6.78,--,30,20340,买盘
2727,10:02:09,6.78,--,1,678,买盘
2728,10:02:06,6.78,--,25,16950,买盘
2729,10:02:03,6.78,--,50,33900,买盘
2730,10:02:00,6.78,-0.01,224,151872,卖盘
2731,10:01:57,6.79,0.01,64,43456,买盘
2732,10:01:54,6.78,0.01,29,19662,买盘
2733,10:01:51,6.77,-0.01,42,28434,卖盘
2734,10:01:48,6.78,0.01,268,181704,买盘
2735,10:01:45,6.77,-0.01,74,50098,卖盘
2736,10:01:42,6.78,0.01,120,81360,买盘
2737,10:01:39,6.77,-0.01,32,21664,卖盘
2738,10:01:36,6.78,--,1,678,买盘
2739,10:01:33,6.78,--,2,1356,买盘
2740,10:01:30,6.78,--,68,46104,买盘
2741,10:01:27,6.78,0.01,55,37290,买盘
2742,10:01:24,6.77,-0.01,8,5416,卖盘
2743,10:01:21,6.78,--,571,387138,买盘
2744,10:01:18,6.78,0.01,5,3390,买盘
2745,10:01:15,6.77,-0.01,15,10155,卖盘
2746,10:01:12,6.78,0.01,23,15594,买盘
2747,10:01:09,6.77,--,133,90041,卖盘
2748,10:01:06,6.77,-0.01,37,25049,卖盘
2749,10:01:03,6.78,0.01,24,16272,买盘
2750,10:01:00,6.77,--,18,12186,卖盘
2751,10:00:57,6.77,-0.01,67,45359,卖盘
2752,10:00:54,6.78,--,121,82038,买盘
2753,10:00:48,6.78,0.01,37,25086,买盘
2754,10:00:45,6.77,--,166,112382,卖盘
2755,10:00:42,6.77,-0.01,4,2708,卖盘
2756,10:00:39,6.78,0.01,105,71190,买盘
2757,10:00:36,6.77,--,4,2708,卖盘
2758,10:00:33,6.77,--,113,76501,卖盘
2759,10:00:30,6.77,-0.01,60,40620,卖盘
2760,10:00:27,6.78,0.01,205,139362,买盘
2761,10:00:24,6.77,-0.01,170,115090,卖盘
2762,10:00:21,6.78,--,124,84072,买盘
2763,10:00:18,6.78,0.01,55,37290,买盘
2764,10:00:15,6.77,--,29,19633,卖盘
2765,10:00:12,6.77,--,8,5416,卖盘
2766,10:00:09,6.77,--,223,150971,卖盘
2767,10:00:06,6.77,--,69,46713,卖盘
2768,10:00:03,6.77,--,117,79209,卖盘
2769,10:00:00,6.77,-0.01,226,153002,卖盘
2770,09:59:57,6.78,0.01,43,29154,买盘
2771,09:59:54,6.77,-0.01,13,8801,卖盘
2772,09:59:51,6.78,0.01,191,129498,买盘
2773,09:59:48,6.77,-0.01,54,36558,卖盘
2774,09:59:45,6.78,0.01,4,2712,买盘
2775,09:59:42,6.77,-0.01,3,2030,卖盘
2776,09:59:39,6.78,0.01,220,149160,买盘
2777,09:59:36,6.77,--,72,48744,卖盘
2778,09:59:33,6.77,-0.01,140,94780,卖盘
2779,09:59:30,6.78,--,3,2034,买盘
2780,09:59:27,6.78,-0.01,35,23730,中性盘
2781,09:59:24,6.79,0.01,447,303513,买盘
2782,09:59:21,6.78,0.01,25,16950,买盘
2783,09:59:18,6.77,-0.02,89,60902,卖盘
2784,09:59:15,6.79,0.01,40,27187,买盘
2785,09:59:12,6.78,-0.01,312,212186,卖盘
2786,09:59:09,6.79,--,99,67221,买盘
2787,09:59:06,6.79,--,20,13580,买盘
2788,09:59:03,6.79,--,27,18333,买盘
2789,09:59:00,6.79,0.01,201,136479,买盘
2790,09:58:57,6.78,--,100,67800,卖盘
2791,09:58:54,6.78,--,17,11526,卖盘
2792,09:58:51,6.78,--,193,130854,卖盘
2793,09:58:45,6.78,-0.01,14,9492,卖盘
2794,09:58:42,6.79,--,1051,713629,买盘
2795,09:58:39,6.79,--,10,6790,买盘
2796,09:58:36,6.79,--,104,70616,买盘
2797,09:58:30,6.79,--,8,5432,买盘
2798,09:58:27,6.79,0.01,16,10864,买盘
2799,09:58:24,6.78,--,5,3390,卖盘
2800,09:58:21,6.78,--,443,300354,卖盘
2801,09:58:18,6.78,--,52,35256,卖盘
2802,09:58:15,6.78,-0.01,35,23730,卖盘
2803,09:58:12,6.79,--,118,80122,买盘
2804,09:58:09,6.79,--,17,11543,买盘
2805,09:58:06,6.79,--,293,198947,买盘
2806,09:58:03,6.79,0.01,107,72653,买盘
2807,09:58:00,6.78,--,67,45426,卖盘
2808,09:57:57,6.78,--,97,65766,卖盘
2809,09:57:54,6.78,-0.01,245,166110,卖盘
2810,09:57:51,6.79,0.01,14,9506,买盘
2811,09:57:48,6.78,--,265,179670,卖盘
2812,09:57:45,6.78,--,10,6780,卖盘
2813,09:57:42,6.78,-0.01,133,90174,卖盘
2814,09:57:39,6.79,--,12,8148,买盘
2815,09:57:36,6.79,0.01,123,83517,买盘
2816,09:57:33,6.78,-0.01,15,10170,卖盘
2817,09:57:30,6.79,--,23,15617,买盘
2818,09:57:27,6.79,0.01,56,38397,买盘
2819,09:57:24,6.78,-0.01,113,76614,卖盘
2820,09:57:21,6.79,--,11,7469,买盘
2821,09:57:18,6.79,0.01,6,4074,买盘
2822,09:57:15,6.78,-0.01,65,44070,卖盘
2823,09:57:12,6.79,0.01,3,2037,买盘
2824,09:57:09,6.78,--,148,100344,卖盘
2825,09:57:06,6.78,-0.01,16,10848,卖盘
2826,09:57:03,6.79,0.01,154,104566,买盘
2827,09:57:00,6.78,--,242,164076,卖盘
2828,09:56:57,6.78,-0.01,11,7458,卖盘
2829,09:56:54,6.79,0.01,77,52283,买盘
2830,09:56:51,6.78,--,52,35256,卖盘
2831,09:56:48,6.78,--,14,9492,卖盘
2832,09:56:45,6.78,--,36,24408,卖盘
2833,09:56:39,6.78,--,16,10848,卖盘
2834,09:56:36,6.78,-0.01,93,63054,卖盘
2835,09:56:30,6.79,--,4,2716,买盘
2836,09:56:27,6.79,--,63,42777,买盘
2837,09:56:24,6.79,--,72,48888,买盘
2838,09:56:21,6.79,--,102,69258,买盘
2839,09:56:18,6.79,0.01,1,679,买盘
2840,09:56:15,6.78,-0.01,7,4746,卖盘
2841,09:56:12,6.79,0.01,676,459004,买盘
2842,09:56:09,6.78,-0.01,2,1356,卖盘
2843,09:56:06,6.79,--,129,87591,买盘
2844,09:56:03,6.79,--,77,52283,买盘
2845,09:56:00,6.79,--,6,4074,买盘
2846,09:55:57,6.79,--,20,13580,买盘
2847,09:55:54,6.79,--,745,505855,买盘
2848,09:55:51,6.79,--,31,21049,买盘
2849,09:55:48,6.79,0.01,156,105924,买盘
2850,09:55:45,6.78,-0.01,158,107124,卖盘
2851,09:55:39,6.79,--,17,11543,买盘
2852,09:55:36,6.79,0.01,34,23086,买盘
2853,09:55:33,6.78,-0.01,19,12882,卖盘
2854,09:55:30,6.79,--,515,349685,买盘
2855,09:55:24,6.79,--,68,46172,买盘
2856,09:55:21,6.79,0.01,6,4074,买盘
2857,09:55:18,6.78,-0.01,30,20340,卖盘
2858,09:55:15,6.79,0.01,4,2716,买盘
2859,09:55:12,6.78,-0.01,4,2712,卖盘
2860,09:55:03,6.79,0.01,204,138516,买盘
2861,09:55:00,6.78,--,135,91530,卖盘
2862,09:54:57,6.78,--,300,203400,卖盘
2863,09:54:54,6.78,--,58,39324,卖盘
2864,09:54:51,6.78,--,43,29154,卖盘
2865,09:54:48,6.78,-0.01,193,130854,卖盘
2866,09:54:45,6.79,0.01,1,679,买盘
2867,09:54:42,6.78,--,10,6780,卖盘
2868,09:54:39,6.78,--,114,77292,卖盘
2869,09:54:36,6.78,--,16,10848,卖盘
2870,09:54:33,6.78,-0.01,84,56952,卖盘
2871,09:54:30,6.79,0.01,60,40740,买盘
2872,09:54:27,6.78,-0.01,117,79698,卖盘
2873,09:54:24,6.79,0.01,35,23765,买盘
2874,09:54:18,6.78,--,100,67800,卖盘
2875,09:54:15,6.78,--,119,80682,卖盘
2876,09:54:12,6.78,--,13,8814,卖盘
2877,09:54:09,6.78,--,175,118650,卖盘
2878,09:54:06,6.78,-0.01,223,151194,卖盘
2879,09:54:03,6.79,0.01,101,68579,买盘
2880,09:54:00,6.78,--,146,98988,卖盘
2881,09:53:57,6.78,-0.01,164,111192,卖盘
2882,09:53:54,6.79,0.01,18,12222,买盘
2883,09:53:51,6.78,--,14,9492,卖盘
2884,09:53:48,6.78,--,3,2034,卖盘
2885,09:53:42,6.78,--,50,33900,卖盘
2886,09:53:39,6.78,--,57,39283,买盘
2887,09:53:36,6.78,--,363,246114,买盘
2888,09:53:33,6.78,--,79,53562,买盘
2889,09:53:30,6.78,--,407,275946,买盘
2890,09:53:27,6.78,--,62,42036,买盘
2891,09:53:24,6.78,-0.01,999,677362,卖盘
2892,09:53:21,6.79,--,5,3395,买盘
2893,09:53:18,6.79,0.01,140,95060,买盘
2894,09:53:15,6.78,--,5,3390,卖盘
2895,09:53:12,6.78,--,123,83394,卖盘
2896,09:53:09,6.78,-0.01,256,173568,卖盘
2897,09:53:06,6.79,0.01,66,44814,买盘
2898,09:53:03,6.78,-0.01,138,93564,卖盘
2899,09:53:00,6.79,0.01,15,10185,买盘
2900,09:52:57,6.78,-0.01,3169,2148582,卖盘
2901,09:52:54,6.79,0.01,64,43456,买盘
2902,09:52:51,6.78,-0.01,106,71868,卖盘
2903,09:52:48,6.79,--,21,14259,买盘
2904,09:52:45,6.79,0.01,157,106603,买盘
2905,09:52:42,6.78,--,221,149838,卖盘
2906,09:52:39,6.78,-0.01,25,16950,卖盘
2907,09:52:36,6.79,0.01,13,8827,买盘
2908,09:52:33,6.78,-0.01,120,81360,卖盘
2909,09:52:30,6.79,0.01,64,43456,买盘
2910,09:52:27,6.78,--,86,58308,卖盘
2911,09:52:24,6.78,-0.01,40,27120,卖盘
2912,09:52:21,6.79,--,222,150738,买盘
2913,09:52:18,6.79,0.01,11,7469,买盘
2914,09:52:15,6.78,-0.01,40,27120,卖盘
2915,09:52:12,6.79,--,13,8827,买盘
2916,09:52:09,6.79,0.01,3,2037,买盘
2917,09:52:06,6.78,-0.01,29,19662,卖盘
2918,09:52:03,6.79,0.01,120,81480,买盘
2919,09:52:00,6.78,--,23,15594,卖盘
2920,09:51:57,6.78,--,40,27120,卖盘
2921,09:51:54,6.78,--,173,117931,买盘
2922,09:51:51,6.78,--,15,10170,买盘
2923,09:51:48,6.78,--,30,20340,买盘
2924,09:51:45,6.78,-0.01,517,350566,卖盘
2925,09:51:42,6.79,--,266,180614,买盘
2926,09:51:39,6.79,0.01,2,1358,买盘
2927,09:51:36,6.78,-0.01,93,63054,卖盘
2928,09:51:33,6.79,--,51,34629,买盘
2929,09:51:30,6.79,--,49,33576,卖盘
2930,09:51:27,6.79,--,20,13953,卖盘
2931,09:51:24,6.79,--,40,27160,卖盘
2932,09:51:21,6.79,-0.01,10,6790,卖盘
2933,09:51:18,6.8,0.01,2,1360,买盘
2934,09:51:15,6.79,-0.01,3765,2556435,卖盘
2935,09:51:12,6.8,-0.01,68,46240,卖盘
2936,09:51:09,6.81,0.01,41,27921,买盘
2937,09:51:06,6.8,--,1491,1013880,卖盘
2938,09:51:03,6.8,-0.01,193,131240,卖盘
2939,09:50:57,6.81,-0.01,2,1362,中性盘
