,time,price,change,volume,amount,type
0,15:00:03,11.16,-0.01,2010,2243851,卖盘
1,14:57:00,11.17,--,44,49148,买盘
2,14:56:57,11.17,0.01,12,13404,买盘
3,14:56:54,11.16,-0.01,10,11160,卖盘
4,14:56:51,11.17,0.01,10,11170,中性盘
5,14:56:48,11.16,0.01,32,35712,中性盘
6,14:56:45,11.15,-0.02,1142,1273330,卖盘
7,14:56:42,11.17,0.02,200,223400,买盘
8,14:56:36,11.15,-0.02,43,47945,卖盘
9,14:56:33,11.17,0.02,18,20106,买盘
10,14:56:30,11.15,-0.01,84,93660,卖盘
11,14:56:27,11.16,0.01,8,8928,卖盘
12,14:56:24,11.15,-0.01,549,612135,卖盘
13,14:56:21,11.16,--,92,102672,卖盘
14,14:56:15,11.16,-0.01,112,124992,卖盘
15,14:56:12,11.17,0.01,72,80424,买盘
16,14:56:09,11.16,-0.01,505,563580,卖盘
17,14:56:06,11.17,--,38,42446,买盘
18,14:56:03,11.17,--,51,56967,买盘
19,14:55:54,11.17,-0.01,64,71488,卖盘
20,14:55:51,11.18,0.01,58,64844,买盘
21,14:55:48,11.17,-0.01,8,8936,卖盘
22,14:55:45,11.18,0.01,656,733408,买盘
23,14:55:42,11.17,-0.01,91,101647,卖盘
24,14:55:39,11.18,--,3,3354,买盘
25,14:55:36,11.18,0.02,66,73788,买盘
26,14:55:33,11.16,-0.01,528,589248,卖盘
27,14:55:30,11.17,--,6,6702,卖盘
28,14:55:27,11.17,-0.01,16,17872,卖盘
29,14:55:24,11.18,0.01,26,29068,买盘
30,14:55:21,11.17,--,22,24574,卖盘
31,14:55:18,11.17,--,58,64786,买盘
32,14:55:15,11.17,--,255,284835,买盘
33,14:55:12,11.17,--,53,59201,买盘
34,14:55:09,11.17,--,72,80424,买盘
35,14:55:06,11.17,--,65,72605,卖盘
36,14:55:03,11.17,--,1,1117,卖盘
37,14:55:00,11.17,--,39,43563,卖盘
38,14:54:57,11.17,0.01,10,11170,卖盘
39,14:54:54,11.16,-0.02,210,234360,卖盘
40,14:54:51,11.18,0.01,49,54782,买盘
41,14:54:48,11.17,--,85,95034,买盘
42,14:54:45,11.17,--,47,52499,卖盘
43,14:54:42,11.17,-0.01,134,149678,卖盘
44,14:54:39,11.18,0.01,913,1020734,买盘
45,14:54:36,11.17,-0.01,136,151912,卖盘
46,14:54:33,11.18,--,30,33540,买盘
47,14:54:30,11.18,--,6,6708,买盘
48,14:54:27,11.18,--,52,58136,买盘
49,14:54:24,11.18,--,126,140868,买盘
50,14:54:18,11.18,0.01,32,35776,买盘
51,14:54:15,11.17,-0.01,60,67020,卖盘
52,14:54:12,11.18,--,26,29068,买盘
53,14:54:09,11.18,--,30,33540,买盘
54,14:54:06,11.18,--,12,13416,买盘
55,14:54:03,11.18,--,120,134160,买盘
56,14:54:00,11.18,--,231,258258,买盘
57,14:53:57,11.18,--,48,53664,买盘
58,14:53:54,11.18,0.01,5,5590,买盘
59,14:53:51,11.17,--,34,37978,卖盘
60,14:53:48,11.17,--,47,52499,卖盘
61,14:53:45,11.17,--,100,111700,卖盘
62,14:53:42,11.17,--,50,55850,卖盘
63,14:53:36,11.17,--,317,354524,卖盘
64,14:53:33,11.17,-0.01,20,22340,卖盘
65,14:53:30,11.18,0.01,48,53664,买盘
66,14:53:27,11.17,--,550,615020,买盘
67,14:53:24,11.17,--,61,68137,买盘
68,14:53:21,11.17,--,50,55850,买盘
69,14:53:18,11.17,--,153,170901,买盘
70,14:53:15,11.17,0.01,84,93828,买盘
71,14:53:12,11.16,--,86,95976,卖盘
72,14:53:09,11.16,--,59,65844,卖盘
73,14:53:06,11.16,-0.01,72,81088,卖盘
74,14:53:03,11.17,--,10,11170,买盘
75,14:53:00,11.17,--,158,176486,买盘
76,14:52:57,11.17,--,54,60318,买盘
77,14:52:54,11.17,--,10,11170,买盘
78,14:52:51,11.17,--,127,141859,买盘
79,14:52:48,11.17,0.01,68,75956,买盘
80,14:52:45,11.16,--,90,100440,卖盘
81,14:52:42,11.16,--,110,122760,卖盘
82,14:52:39,11.16,-0.01,164,183024,卖盘
83,14:52:36,11.17,--,74,83395,买盘
84,14:52:33,11.17,--,26,29042,买盘
85,14:52:30,11.17,0.01,47,52499,买盘
86,14:52:27,11.16,-0.01,43,47988,卖盘
87,14:52:24,11.17,--,15,16755,买盘
88,14:52:21,11.17,--,51,56967,买盘
89,14:52:18,11.17,--,87,97179,买盘
90,14:52:12,11.17,--,308,344036,买盘
91,14:52:09,11.17,--,114,127338,买盘
92,14:52:06,11.17,--,38,43183,买盘
93,14:52:03,11.17,0.01,8,8936,买盘
94,14:52:00,11.16,-0.01,21,23436,卖盘
95,14:51:57,11.17,0.01,60,67020,买盘
96,14:51:54,11.16,--,73,81468,卖盘
97,14:51:51,11.16,--,20,22320,卖盘
98,14:51:48,11.16,--,40,44640,卖盘
99,14:51:45,11.16,-0.01,30,33480,卖盘
100,14:51:42,11.17,0.01,46,51382,买盘
101,14:51:39,11.16,--,16,17856,卖盘
102,14:51:36,11.16,--,35,39796,卖盘
103,14:51:33,11.16,-0.01,12,13392,卖盘
104,14:51:30,11.17,--,50,55850,买盘
105,14:51:24,11.17,0.01,5,5585,买盘
106,14:51:21,11.16,-0.01,9,10044,卖盘
107,14:51:18,11.17,0.01,63,70371,买盘
108,14:51:15,11.16,--,107,119412,卖盘
109,14:51:09,11.16,-0.01,7,7812,卖盘
110,14:51:06,11.17,--,41,46534,买盘
111,14:51:03,11.17,0.01,42,46914,买盘
112,14:51:00,11.16,--,13,14508,卖盘
113,14:50:57,11.16,--,7,7812,卖盘
114,14:50:54,11.16,--,122,136218,买盘
115,14:50:51,11.16,0.01,71,79236,买盘
116,14:50:48,11.15,--,269,300737,卖盘
117,14:50:45,11.15,--,30,33450,卖盘
118,14:50:42,11.15,-0.01,1,1115,卖盘
119,14:50:39,11.16,--,19,21204,买盘
120,14:50:36,11.16,--,53,59884,买盘
121,14:50:33,11.16,--,49,54684,买盘
122,14:50:30,11.16,--,29,32364,买盘
123,14:50:24,11.16,0.01,44,49104,买盘
124,14:50:21,11.15,-0.01,34,37910,卖盘
125,14:50:18,11.16,--,127,141732,买盘
126,14:50:15,11.16,-0.01,21,23436,买盘
127,14:50:12,11.17,0.02,55,61435,买盘
128,14:50:09,11.15,--,13,14495,卖盘
129,14:50:06,11.15,-0.02,52,58715,卖盘
130,14:50:03,11.17,0.02,958,1070086,买盘
131,14:50:00,11.15,--,90,100350,卖盘
132,14:49:57,11.15,--,17,18955,买盘
133,14:49:54,11.15,-0.01,2102,2343730,卖盘
134,14:49:48,11.16,0.01,7,7812,买盘
135,14:49:45,11.15,--,128,143455,买盘
136,14:49:42,11.15,--,47,52784,卖盘
137,14:49:36,11.15,--,21,24150,卖盘
138,14:49:33,11.15,--,82,91430,卖盘
139,14:49:30,11.15,--,211,235265,买盘
140,14:49:27,11.15,--,3,3345,买盘
141,14:49:24,11.15,--,129,143835,买盘
142,14:49:21,11.15,0.01,41,45715,买盘
143,14:49:18,11.14,--,122,136643,买盘
144,14:49:15,11.14,-0.01,168,187530,卖盘
145,14:49:12,11.15,0.01,126,140490,卖盘
146,14:49:09,11.14,--,16,17824,卖盘
147,14:49:06,11.14,-0.02,33,37497,卖盘
148,14:49:03,11.16,0.02,355,396180,买盘
149,14:49:00,11.14,0.01,269,299666,买盘
150,14:48:57,11.13,-0.02,3411,3796465,卖盘
151,14:48:51,11.15,--,141,157950,买盘
152,14:48:48,11.15,--,22,24530,买盘
153,14:48:45,11.15,--,1132,1262180,买盘
154,14:48:42,11.15,--,1018,1135070,买盘
155,14:48:39,11.15,--,89,99235,买盘
156,14:48:36,11.15,--,41,46450,买盘
157,14:48:33,11.15,--,35,39025,买盘
158,14:48:30,11.15,--,84,93660,买盘
159,14:48:27,11.15,--,70,78050,买盘
160,14:48:24,11.15,--,276,307740,买盘
161,14:48:21,11.15,--,255,284325,买盘
162,14:48:18,11.15,--,274,305510,买盘
163,14:48:15,11.15,-0.01,177,197867,卖盘
164,14:48:12,11.16,0.01,98,109970,买盘
165,14:48:09,11.15,--,56,62440,买盘
166,14:48:06,11.15,--,276,308475,买盘
167,14:48:03,11.15,-0.02,1662,1854022,卖盘
168,14:48:00,11.17,0.01,61,68941,买盘
169,14:47:57,11.16,0.01,108,120528,买盘
170,14:47:54,11.15,-0.01,225,250875,卖盘
171,14:47:51,11.16,--,77,85932,买盘
172,14:47:45,11.16,0.01,328,366048,买盘
173,14:47:42,11.15,-0.01,104,115960,卖盘
174,14:47:39,11.16,0.01,140,156240,买盘
175,14:47:36,11.15,--,250,279485,卖盘
176,14:47:33,11.15,-0.01,7,7805,卖盘
177,14:47:30,11.16,--,31,34596,买盘
178,14:47:27,11.16,--,17,18972,买盘
179,14:47:24,11.16,0.01,10,11160,买盘
180,14:47:21,11.15,-0.01,12,13380,卖盘
181,14:47:18,11.16,0.01,65,72540,买盘
182,14:47:15,11.15,-0.02,1232,1374059,卖盘
183,14:47:12,11.17,--,8,8936,卖盘
184,14:47:09,11.17,0.01,18,20106,中性盘
185,14:47:06,11.16,-0.01,33,37564,卖盘
186,14:47:03,11.17,0.01,45,50265,买盘
187,14:47:00,11.16,-0.01,930,1038125,卖盘
188,14:46:57,11.17,0.01,147,164199,买盘
189,14:46:54,11.16,0.01,36,41024,买盘
190,14:46:45,11.15,--,818,913006,买盘
191,14:46:42,11.15,--,6,6690,买盘
192,14:46:39,11.15,--,13,14495,买盘
193,14:46:36,11.15,--,52,58715,买盘
194,14:46:33,11.15,--,22,24530,买盘
195,14:46:30,11.15,-0.01,2106,2348435,卖盘
196,14:46:27,11.16,--,15,16740,买盘
197,14:46:24,11.16,--,10,11160,买盘
198,14:46:21,11.16,--,215,239940,买盘
199,14:46:18,11.16,--,4,4464,买盘
200,14:46:15,11.16,0.01,17,18972,买盘
201,14:46:12,11.15,--,16,17840,卖盘
202,14:46:09,11.15,--,7,7805,卖盘
203,14:46:06,11.15,--,284,317395,卖盘
204,14:46:03,11.15,--,201,224115,卖盘
205,14:46:00,11.15,--,50,55750,卖盘
206,14:45:57,11.15,--,69,77068,买盘
207,14:45:54,11.15,--,201,224115,买盘
208,14:45:51,11.15,--,92,102580,买盘
209,14:45:48,11.15,--,308,343420,买盘
210,14:45:45,11.15,--,95,105925,买盘
211,14:45:42,11.15,--,423,471645,买盘
212,14:45:39,11.15,0.01,61,68015,买盘
213,14:45:36,11.14,--,192,214623,卖盘
214,14:45:33,11.14,-0.01,25,27850,卖盘
215,14:45:30,11.15,--,8,8920,买盘
216,14:45:27,11.15,--,327,364605,买盘
217,14:45:24,11.15,--,24,26760,买盘
218,14:45:21,11.15,--,107,119305,买盘
219,14:45:18,11.15,--,20,22300,买盘
220,14:45:15,11.15,0.01,131,146065,买盘
221,14:45:12,11.14,--,182,202748,卖盘
222,14:45:09,11.14,--,52,57928,卖盘
223,14:45:06,11.14,-0.01,98,109907,卖盘
224,14:45:03,11.15,--,86,95890,买盘
225,14:45:00,11.15,--,139,154985,买盘
226,14:44:57,11.15,--,167,186205,买盘
227,14:44:54,11.15,--,141,157215,买盘
228,14:44:51,11.15,--,59,65785,买盘
229,14:44:48,11.15,--,127,141605,买盘
230,14:44:45,11.15,--,178,198470,买盘
231,14:44:42,11.15,--,147,163905,买盘
232,14:44:39,11.15,--,54,60210,买盘
233,14:44:36,11.15,--,112,125615,买盘
234,14:44:33,11.15,--,117,130455,买盘
235,14:44:30,11.15,--,91,101465,买盘
236,14:44:27,11.15,0.01,72,80280,卖盘
237,14:44:24,11.14,-0.01,102,113628,卖盘
238,14:44:21,11.15,--,186,207390,买盘
239,14:44:18,11.15,--,141,157215,买盘
240,14:44:15,11.15,--,138,153870,买盘
241,14:44:12,11.15,--,8,8920,买盘
242,14:44:09,11.15,0.01,103,114845,买盘
243,14:44:06,11.14,--,107,119933,卖盘
244,14:44:03,11.14,--,43,47902,卖盘
245,14:44:00,11.14,-0.01,30,33420,卖盘
246,14:43:57,11.15,0.01,13,14495,买盘
247,14:43:54,11.14,--,7,7798,中性盘
248,14:43:51,11.14,--,71,79094,买盘
249,14:43:48,11.14,-0.01,168,187864,卖盘
250,14:43:45,11.15,0.02,434,484311,买盘
251,14:43:42,11.13,-0.01,219,243747,卖盘
252,14:43:39,11.14,--,334,372076,买盘
253,14:43:36,11.14,--,272,303743,买盘
254,14:43:33,11.14,--,836,931304,卖盘
255,14:43:30,11.14,-0.01,1128,1256592,卖盘
256,14:43:27,11.15,--,617,689025,卖盘
257,14:43:24,11.15,--,279,311085,卖盘
258,14:43:21,11.15,--,124,139062,卖盘
259,14:43:18,11.15,-0.01,227,253105,卖盘
260,14:43:15,11.16,0.01,128,142848,买盘
261,14:43:12,11.15,-0.01,106,118190,卖盘
262,14:43:09,11.16,0.01,3,3348,买盘
263,14:43:06,11.15,--,59,66520,卖盘
264,14:43:03,11.15,--,61,68015,卖盘
265,14:43:00,11.15,-0.01,41,45715,卖盘
266,14:42:57,11.16,0.01,20,22320,买盘
267,14:42:54,11.15,--,150,167250,卖盘
268,14:42:51,11.15,--,432,481680,卖盘
269,14:42:48,11.15,-0.01,55,61325,卖盘
270,14:42:45,11.16,0.01,113,126108,买盘
271,14:42:42,11.15,--,134,149410,卖盘
272,14:42:39,11.15,--,436,486140,卖盘
273,14:42:36,11.15,-0.01,261,291750,卖盘
274,14:42:33,11.16,--,97,109234,卖盘
275,14:42:30,11.16,--,579,646297,买盘
276,14:42:27,11.16,0.01,281,313596,买盘
277,14:42:24,11.15,-0.01,127,141605,卖盘
278,14:42:21,11.16,--,122,136152,买盘
279,14:42:18,11.16,-0.01,1745,1947799,卖盘
280,14:42:15,11.17,--,184,205528,买盘
281,14:42:12,11.17,--,23,25691,买盘
282,14:42:09,11.17,0.01,22,24574,买盘
283,14:42:06,11.16,-0.01,37,42028,卖盘
284,14:42:03,11.17,-0.01,1572,1755924,卖盘
285,14:42:00,11.18,--,120,134160,买盘
286,14:41:57,11.18,0.01,4,4472,买盘
287,14:41:54,11.17,-0.01,22,24574,卖盘
288,14:41:51,11.18,--,39,43602,买盘
289,14:41:48,11.18,--,20,22360,买盘
290,14:41:45,11.18,--,210,234958,卖盘
291,14:41:42,11.18,--,25,27950,卖盘
292,14:41:39,11.18,-0.01,19,21242,卖盘
293,14:41:36,11.19,0.01,34,38784,买盘
294,14:41:30,11.18,-0.01,8,8944,卖盘
295,14:41:27,11.19,--,5,5595,买盘
296,14:41:24,11.19,--,2055,2299746,买盘
297,14:41:21,11.19,--,11,12309,买盘
298,14:41:18,11.19,0.01,14,15666,买盘
299,14:41:15,11.18,-0.01,429,479845,卖盘
300,14:41:12,11.19,-0.01,34,38046,卖盘
301,14:41:09,11.2,0.01,28,31359,买盘
302,14:41:06,11.19,-0.01,108,121590,卖盘
303,14:41:03,11.2,0.01,11,12320,买盘
304,14:40:54,11.19,--,60,67140,卖盘
305,14:40:51,11.19,--,14,15666,卖盘
306,14:40:48,11.19,-0.01,9,10071,卖盘
307,14:40:45,11.2,0.01,177,198240,买盘
308,14:40:42,11.19,-0.01,6,6714,卖盘
309,14:40:39,11.2,0.01,53,59359,买盘
310,14:40:36,11.19,--,81,91377,卖盘
311,14:40:30,11.19,-0.01,190,212610,卖盘
312,14:40:27,11.2,--,1,1120,买盘
313,14:40:24,11.2,0.01,225,251999,买盘
314,14:40:21,11.19,--,50,55950,卖盘
315,14:40:18,11.19,-0.01,7,7833,卖盘
316,14:40:15,11.2,--,127,142240,买盘
317,14:40:09,11.2,0.01,1,1120,买盘
318,14:40:06,11.19,-0.01,28,32070,卖盘
319,14:40:03,11.2,--,10,11200,买盘
320,14:40:00,11.2,0.01,3,3360,买盘
321,14:39:54,11.19,--,30,33570,卖盘
322,14:39:51,11.19,--,50,55950,卖盘
323,14:39:48,11.19,--,1,1119,卖盘
324,14:39:45,11.19,--,110,123090,卖盘
325,14:39:42,11.19,--,32,35808,卖盘
326,14:39:39,11.19,--,1,1119,卖盘
327,14:39:36,11.19,-0.01,21,24237,卖盘
328,14:39:33,11.2,0.01,30,33600,买盘
329,14:39:30,11.19,--,7,7833,卖盘
330,14:39:27,11.19,--,15,16785,卖盘
331,14:39:24,11.19,--,143,160017,卖盘
332,14:39:18,11.19,--,187,209253,卖盘
333,14:39:15,11.19,--,10,11190,卖盘
334,14:39:12,11.19,-0.01,52,58188,卖盘
335,14:39:09,11.2,0.01,115,128799,买盘
336,14:39:06,11.19,-0.01,41,46617,卖盘
337,14:39:03,11.2,--,1,1120,买盘
338,14:39:00,11.2,--,119,133280,买盘
339,14:38:57,11.2,0.01,39,43680,买盘
340,14:38:54,11.19,-0.01,7,7833,卖盘
341,14:38:51,11.2,0.01,40,44800,买盘
342,14:38:45,11.19,-0.01,110,123090,卖盘
343,14:38:42,11.2,-0.03,3892,4359644,卖盘
344,14:38:39,11.23,0.01,3,3369,买盘
345,14:38:36,11.22,--,21,24302,卖盘
346,14:38:30,11.22,-0.01,7,7854,卖盘
347,14:38:24,11.23,0.01,28,31444,买盘
348,14:38:18,11.22,--,8,8976,卖盘
349,14:38:12,11.22,-0.01,30,33660,卖盘
350,14:38:09,11.23,0.01,3,3369,买盘
351,14:38:06,11.22,-0.01,28,32156,卖盘
352,14:38:03,11.23,0.01,2,2246,买盘
353,14:37:54,11.22,-0.01,7,7854,卖盘
354,14:37:51,11.23,0.01,41,46043,买盘
355,14:37:48,11.22,--,120,134640,卖盘
356,14:37:42,11.22,--,17,19074,卖盘
357,14:37:36,11.22,-0.01,229,257678,卖盘
358,14:37:33,11.23,0.01,20,22460,买盘
359,14:37:30,11.22,-0.01,7,7854,卖盘
360,14:37:27,11.23,--,50,56150,买盘
361,14:37:24,11.23,0.01,3,3369,买盘
362,14:37:18,11.22,-0.01,12,13464,卖盘
363,14:37:15,11.23,--,117,131391,买盘
364,14:37:12,11.23,--,27,30321,买盘
365,14:37:09,11.23,--,165,185295,买盘
366,14:37:06,11.23,--,151,170314,买盘
367,14:37:00,11.23,--,50,56150,买盘
368,14:36:57,11.23,0.01,2,2246,买盘
369,14:36:54,11.22,-0.01,6,6732,卖盘
370,14:36:51,11.23,0.01,11,12353,买盘
371,14:36:48,11.22,--,68,76296,卖盘
372,14:36:42,11.22,-0.01,8,8976,卖盘
373,14:36:39,11.23,0.01,2,2246,买盘
374,14:36:36,11.22,--,87,98354,卖盘
375,14:36:33,11.22,-0.01,25,28050,卖盘
376,14:36:30,11.23,--,41,46043,买盘
377,14:36:27,11.23,--,1,1123,买盘
378,14:36:21,11.23,0.01,2,2246,买盘
379,14:36:18,11.22,-0.01,7,7854,卖盘
380,14:36:15,11.23,--,36,40428,买盘
381,14:36:12,11.23,--,2,2246,买盘
382,14:36:09,11.23,0.01,21,23583,买盘
383,14:36:06,11.22,--,38,43376,卖盘
384,14:36:03,11.22,-0.01,34,38148,卖盘
385,14:36:00,11.23,0.01,4,4492,买盘
386,14:35:54,11.22,-0.01,7,7854,卖盘
387,14:35:48,11.23,0.01,13,14599,买盘
388,14:35:42,11.22,-0.01,9,10098,卖盘
389,14:35:39,11.23,0.01,54,60642,买盘
390,14:35:36,11.22,-0.01,21,24302,卖盘
391,14:35:33,11.23,0.01,2,2246,买盘
392,14:35:30,11.22,-0.01,7,7854,卖盘
393,14:35:27,11.23,--,31,34813,买盘
394,14:35:24,11.23,0.01,20,22460,买盘
395,14:35:21,11.22,-0.01,47,52734,卖盘
396,14:35:18,11.23,--,10,11230,买盘
397,14:35:15,11.23,0.01,49,55027,买盘
398,14:35:12,11.22,--,2,2244,卖盘
399,14:35:09,11.22,--,1,1122,卖盘
400,14:35:06,11.22,--,22,25424,卖盘
401,14:35:03,11.22,--,31,34782,卖盘
402,14:34:57,11.22,--,33,37227,买盘
403,14:34:54,11.22,0.01,125,140250,买盘
404,14:34:51,11.21,-0.01,27,30267,卖盘
405,14:34:45,11.22,--,2,2244,买盘
406,14:34:42,11.22,0.01,30,33660,买盘
407,14:34:39,11.21,-0.01,116,130036,卖盘
408,14:34:36,11.22,--,92,103964,买盘
409,14:34:33,11.22,--,10,11220,买盘
410,14:34:30,11.22,0.01,33,37026,买盘
411,14:34:27,11.21,-0.01,32,35872,卖盘
412,14:34:24,11.22,--,23,25806,买盘
413,14:34:21,11.22,--,62,69564,买盘
414,14:34:18,11.22,0.01,50,56100,买盘
415,14:34:15,11.21,-0.01,61,68381,卖盘
416,14:34:12,11.22,--,7,7854,买盘
417,14:34:09,11.22,0.01,10,11220,买盘
418,14:34:06,11.21,-0.01,21,24280,卖盘
419,14:34:03,11.22,--,31,34782,买盘
420,14:33:51,11.22,--,161,180642,买盘
421,14:33:48,11.22,--,5,5610,买盘
422,14:33:45,11.22,--,47,52734,买盘
423,14:33:39,11.22,0.01,42,47124,买盘
424,14:33:36,11.21,-0.01,25,28764,卖盘
425,14:33:33,11.22,--,13,14586,买盘
426,14:33:30,11.22,0.01,2,2244,买盘
427,14:33:27,11.21,-0.01,47,52687,卖盘
428,14:33:24,11.22,0.01,1,1122,买盘
429,14:33:18,11.21,0.01,401,449991,买盘
430,14:33:15,11.2,-0.01,133,148960,卖盘
431,14:33:12,11.21,--,14,15694,买盘
432,14:33:09,11.21,0.01,37,41477,买盘
433,14:33:06,11.2,--,71,80259,卖盘
434,14:33:03,11.2,--,24,26880,卖盘
435,14:32:57,11.2,--,10,11200,卖盘
436,14:32:54,11.2,--,13,14559,卖盘
437,14:32:51,11.2,-0.01,559,626080,卖盘
438,14:32:48,11.21,--,1,1121,买盘
439,14:32:45,11.21,--,5,5605,买盘
440,14:32:42,11.21,0.01,12,13452,买盘
441,14:32:39,11.2,-0.01,18,20160,卖盘
442,14:32:36,11.21,--,22,25401,买盘
443,14:32:33,11.21,--,13,14573,买盘
444,14:32:30,11.21,0.01,1,1121,买盘
445,14:32:27,11.2,--,217,243039,卖盘
446,14:32:24,11.2,0.01,72,81401,买盘
447,14:32:21,11.19,-0.01,103,115257,卖盘
448,14:32:18,11.2,--,232,259839,买盘
449,14:32:15,11.2,--,62,69440,买盘
450,14:32:12,11.2,--,18,20160,买盘
451,14:32:09,11.2,0.01,298,333760,买盘
452,14:32:06,11.19,--,31,35427,卖盘
453,14:32:03,11.19,-0.01,9,10071,卖盘
454,14:32:00,11.2,--,191,213920,买盘
455,14:31:57,11.2,--,17,19040,买盘
456,14:31:54,11.2,0.01,42,47040,买盘
457,14:31:51,11.19,-0.01,37,41403,卖盘
458,14:31:48,11.2,--,15,16800,买盘
459,14:31:45,11.2,--,17,19040,买盘
460,14:31:42,11.2,0.01,52,58239,买盘
461,14:31:39,11.19,-0.01,11,12309,卖盘
462,14:31:36,11.2,--,121,136259,买盘
463,14:31:33,11.2,--,4,4480,买盘
464,14:31:30,11.2,0.01,10,11200,买盘
465,14:31:27,11.19,-0.01,29,32451,卖盘
466,14:31:24,11.2,--,2,2240,买盘
467,14:31:21,11.2,--,1,1120,买盘
468,14:31:18,11.2,-0.01,213,239052,卖盘
469,14:31:15,11.21,0.01,48,53808,买盘
470,14:31:09,11.2,-0.01,25,28000,卖盘
471,14:31:06,11.21,0.01,22,25401,买盘
472,14:31:03,11.2,--,7,7839,卖盘
473,14:31:00,11.2,--,8,8960,卖盘
474,14:30:57,11.2,0.01,96,108528,买盘
475,14:30:54,11.19,--,1,1119,卖盘
476,14:30:51,11.19,-0.01,32,35808,卖盘
477,14:30:48,11.2,--,61,68320,买盘
478,14:30:45,11.2,--,6,6720,买盘
479,14:30:42,11.2,--,6,6720,买盘
480,14:30:39,11.2,--,16,17920,买盘
481,14:30:36,11.2,--,37,42179,买盘
482,14:30:33,11.2,--,53,59359,买盘
483,14:30:30,11.2,--,93,104160,买盘
484,14:30:27,11.2,--,18,20160,买盘
485,14:30:24,11.2,0.01,3,3360,买盘
486,14:30:21,11.19,-0.01,21,23499,卖盘
487,14:30:18,11.2,--,8,8960,买盘
488,14:30:15,11.2,--,51,57120,买盘
489,14:30:12,11.2,--,2,2240,买盘
490,14:30:06,11.2,--,29,33219,买盘
491,14:30:03,11.2,--,11,12320,买盘
492,14:30:00,11.2,--,9,10080,买盘
493,14:29:57,11.2,--,3,3360,买盘
494,14:29:54,11.2,--,31,34720,买盘
495,14:29:51,11.2,-0.01,39,44060,卖盘
496,14:29:48,11.21,--,5,5605,买盘
497,14:29:45,11.21,--,1,1121,买盘
498,14:29:42,11.21,0.01,4,4484,买盘
499,14:29:39,11.2,--,88,98560,卖盘
500,14:29:36,11.2,-0.01,29,33219,卖盘
501,14:29:33,11.21,0.01,100,112100,买盘
502,14:29:30,11.2,--,17,19040,买盘
503,14:29:27,11.2,--,50,56000,卖盘
504,14:29:24,11.2,-0.01,10,11200,卖盘
505,14:29:21,11.21,--,13,14573,买盘
506,14:29:15,11.21,--,48,53808,买盘
507,14:29:12,11.21,--,5,5605,买盘
508,14:29:09,11.21,0.01,26,29146,买盘
509,14:29:06,11.2,0.01,22,25379,买盘
510,14:29:03,11.19,-0.02,14,15666,卖盘
511,14:29:00,11.21,0.02,2,2242,买盘
512,14:28:57,11.19,-0.02,61,68259,卖盘
513,14:28:54,11.21,0.02,2,2242,买盘
514,14:28:51,11.19,-0.01,7,7833,卖盘
515,14:28:48,11.2,--,30,33600,卖盘
516,14:28:42,11.2,--,73,81760,卖盘
517,14:28:39,11.2,--,22,24998,买盘
518,14:28:36,11.2,--,237,265820,卖盘
519,14:28:33,11.2,--,31,34720,卖盘
520,14:28:24,11.2,-0.01,13,14559,卖盘
521,14:28:21,11.21,--,2,2242,买盘
522,14:28:15,11.21,--,106,118826,买盘
523,14:28:12,11.21,0.01,5,5605,买盘
524,14:28:06,11.2,--,44,50019,卖盘
525,14:28:03,11.2,-0.01,6,6720,卖盘
526,14:28:00,11.21,--,30,33630,买盘
527,14:27:57,11.21,--,5,5605,买盘
528,14:27:54,11.21,0.01,1,1121,买盘
529,14:27:51,11.2,-0.01,1,1120,卖盘
530,14:27:42,11.21,0.02,8,8968,买盘
531,14:27:36,11.19,-0.01,527,590451,卖盘
532,14:27:33,11.2,--,14,15679,卖盘
533,14:27:27,11.2,-0.01,10,11200,卖盘
534,14:27:24,11.21,--,1,1121,买盘
535,14:27:21,11.21,-0.01,39,44100,卖盘
536,14:27:18,11.22,--,1,1122,买盘
537,14:27:15,11.22,--,48,53856,买盘
538,14:27:12,11.22,--,5,5610,买盘
539,14:27:09,11.22,--,3,3366,买盘
540,14:27:06,11.22,--,22,25424,买盘
541,14:27:03,11.22,--,3,3366,买盘
542,14:27:00,11.22,0.01,33,37026,买盘
543,14:26:57,11.21,--,57,63897,买盘
544,14:26:54,11.21,--,11,12331,买盘
545,14:26:51,11.21,0.01,10,11210,卖盘
546,14:26:36,11.2,--,21,24259,卖盘
547,14:26:33,11.2,-0.01,177,198374,卖盘
548,14:26:30,11.21,--,19,21299,买盘
549,14:26:27,11.21,--,11,12331,买盘
550,14:26:24,11.21,--,25,28025,买盘
551,14:26:21,11.21,--,201,225321,买盘
552,14:26:15,11.21,--,82,91922,买盘
553,14:26:12,11.21,--,16,17936,买盘
554,14:26:09,11.21,0.01,2,2242,买盘
555,14:26:06,11.2,-0.01,21,24259,卖盘
556,14:26:03,11.21,--,14,15694,买盘
557,14:26:00,11.21,--,12,13452,买盘
558,14:25:57,11.21,--,57,63897,买盘
559,14:25:54,11.21,--,142,159182,买盘
560,14:25:51,11.21,--,200,224200,买盘
561,14:25:48,11.21,--,6,6726,买盘
562,14:25:42,11.21,0.01,14,15694,买盘
563,14:25:36,11.2,--,29,33219,卖盘
564,14:25:33,11.2,0.01,286,320387,买盘
565,14:25:30,11.19,-0.01,5,5595,卖盘
566,14:25:27,11.2,--,11,12320,买盘
567,14:25:24,11.2,--,1,1120,买盘
568,14:25:21,11.2,--,72,80640,买盘
569,14:25:18,11.2,--,7,7839,买盘
570,14:25:15,11.2,--,39,43680,买盘
571,14:25:12,11.2,--,10,11200,买盘
572,14:25:09,11.2,0.01,11,12320,买盘
573,14:25:06,11.19,-0.01,21,24237,卖盘
574,14:25:03,11.2,--,210,235199,买盘
575,14:25:00,11.2,0.01,59,66080,买盘
576,14:24:54,11.19,--,1,1119,卖盘
577,14:24:51,11.19,--,7,7833,卖盘
578,14:24:48,11.19,--,68,76092,卖盘
579,14:24:45,11.19,--,20,22380,卖盘
580,14:24:42,11.19,--,126,141799,买盘
581,14:24:39,11.19,0.01,10,11190,买盘
582,14:24:36,11.18,-0.01,243,272411,卖盘
583,14:24:33,11.19,--,41,45879,买盘
584,14:24:30,11.19,--,30,33570,买盘
585,14:24:27,11.19,--,40,44760,买盘
586,14:24:24,11.19,--,134,149946,买盘
587,14:24:21,11.19,--,1,1119,买盘
588,14:24:18,11.19,--,2,2238,买盘
589,14:24:15,11.19,--,43,48117,买盘
590,14:24:12,11.19,--,11,12309,买盘
591,14:24:09,11.19,0.01,25,27975,买盘
592,14:24:06,11.18,-0.01,31,35395,卖盘
593,14:24:03,11.19,--,7,7833,买盘
594,14:23:57,11.19,--,48,53712,买盘
595,14:23:54,11.19,--,31,34689,买盘
596,14:23:51,11.19,--,24,26856,买盘
597,14:23:48,11.19,--,20,22380,买盘
598,14:23:45,11.19,--,1,1119,买盘
599,14:23:42,11.19,--,32,35808,买盘
600,14:23:39,11.19,--,52,58188,买盘
601,14:23:36,11.19,--,22,25356,买盘
602,14:23:30,11.19,--,3,3357,买盘
603,14:23:27,11.19,0.01,34,38046,买盘
604,14:23:24,11.18,-0.01,60,67080,卖盘
605,14:23:18,11.19,--,17,19023,买盘
606,14:23:15,11.19,--,42,46998,买盘
607,14:23:12,11.19,--,10,11190,买盘
608,14:23:09,11.19,--,50,55950,买盘
609,14:23:06,11.19,--,35,39903,买盘
610,14:23:03,11.19,--,30,33570,买盘
611,14:23:00,11.19,--,12,13428,买盘
612,14:22:57,11.19,--,5,5595,买盘
613,14:22:51,11.19,0.01,12,13428,买盘
614,14:22:48,11.18,-0.01,100,111800,卖盘
615,14:22:45,11.19,--,1,1119,买盘
616,14:22:42,11.19,--,151,168969,买盘
617,14:22:39,11.19,--,24,26856,买盘
618,14:22:36,11.19,0.01,30,34308,买盘
619,14:22:33,11.18,--,3,3354,卖盘
620,14:22:30,11.18,-0.01,10,11180,卖盘
621,14:22:27,11.19,--,125,139875,买盘
622,14:22:21,11.19,--,18,20142,买盘
623,14:22:15,11.19,--,40,44760,买盘
624,14:22:12,11.19,0.01,12,13428,买盘
625,14:22:06,11.18,--,170,190551,买盘
626,14:22:03,11.18,--,100,111800,买盘
627,14:21:57,11.18,--,12,13416,买盘
628,14:21:54,11.18,--,40,44720,买盘
629,14:21:51,11.18,--,40,44720,买盘
630,14:21:48,11.18,--,39,43602,买盘
631,14:21:45,11.18,--,52,58136,买盘
632,14:21:42,11.18,--,52,58136,买盘
633,14:21:39,11.18,--,55,61803,卖盘
634,14:21:36,11.18,--,61,69002,买盘
635,14:21:33,11.18,--,17,19006,买盘
636,14:21:30,11.18,--,6,6708,买盘
637,14:21:27,11.18,--,28,31304,买盘
638,14:21:24,11.18,--,21,23478,卖盘
639,14:21:21,11.18,0.01,72,80496,卖盘
640,14:21:18,11.17,-0.01,1402,1566034,卖盘
641,14:21:15,11.18,--,641,716638,卖盘
642,14:21:12,11.18,-0.01,303,338754,卖盘
643,14:21:09,11.19,0.01,88,98472,买盘
644,14:21:06,11.18,-0.01,89,100239,卖盘
645,14:21:03,11.19,--,206,230514,买盘
646,14:21:00,11.19,--,5,5595,买盘
647,14:20:57,11.19,--,3,3357,买盘
648,14:20:54,11.19,--,17,19023,买盘
649,14:20:51,11.19,--,137,153303,买盘
650,14:20:48,11.19,--,5,5595,买盘
651,14:20:45,11.19,--,23,25737,买盘
652,14:20:42,11.19,--,5,5595,买盘
653,14:20:39,11.19,0.01,38,42522,买盘
654,14:20:36,11.18,-0.01,111,124835,卖盘
655,14:20:33,11.19,0.01,3,3357,买盘
656,14:20:30,11.18,--,79,88322,卖盘
657,14:20:27,11.18,-0.01,1,1118,卖盘
658,14:20:24,11.19,--,141,157779,买盘
659,14:20:21,11.19,--,35,39165,买盘
660,14:20:18,11.19,--,9,10071,买盘
661,14:20:15,11.19,0.01,130,145470,买盘
662,14:20:12,11.18,-0.01,38,42484,卖盘
663,14:20:09,11.19,0.01,13,14547,买盘
664,14:20:06,11.18,--,535,598800,买盘
665,14:20:03,11.18,--,70,78260,买盘
666,14:20:00,11.18,--,6,6708,买盘
667,14:19:57,11.18,--,18,20124,买盘
668,14:19:54,11.18,0.01,19,21242,买盘
669,14:19:51,11.17,-0.02,210,234704,卖盘
670,14:19:48,11.19,0.01,1,1119,买盘
671,14:19:45,11.18,-0.01,16,17888,卖盘
672,14:19:42,11.19,--,652,729588,买盘
673,14:19:39,11.19,0.01,28,31332,买盘
674,14:19:36,11.18,-0.01,23,26451,卖盘
675,14:19:33,11.19,--,79,88401,买盘
676,14:19:30,11.19,--,23,25737,买盘
677,14:19:27,11.19,0.01,86,96234,买盘
678,14:19:24,11.18,-0.01,27,30186,卖盘
679,14:19:21,11.19,0.01,17,19023,买盘
680,14:19:18,11.18,-0.01,10,11180,卖盘
681,14:19:15,11.19,--,60,67140,买盘
682,14:19:12,11.19,--,7,7833,买盘
683,14:19:06,11.19,--,61,68997,买盘
684,14:19:03,11.19,--,7,7833,买盘
685,14:19:00,11.19,--,11,12309,买盘
686,14:18:57,11.19,0.01,3,3357,买盘
687,14:18:54,11.18,--,114,127452,卖盘
688,14:18:51,11.18,-0.01,28,31304,卖盘
689,14:18:48,11.19,--,82,91758,买盘
690,14:18:45,11.19,0.01,44,49236,买盘
691,14:18:39,11.18,--,50,56526,买盘
692,14:18:36,11.18,0.01,48,54401,买盘
693,14:18:33,11.17,-0.01,19,21223,卖盘
694,14:18:30,11.18,--,48,54223,卖盘
695,14:18:27,11.18,-0.01,20,22360,卖盘
696,14:18:24,11.19,0.01,156,175123,买盘
697,14:18:21,11.18,--,53,59254,买盘
698,14:18:18,11.18,--,10,11180,买盘
699,14:18:15,11.18,0.01,41,45838,买盘
700,14:18:12,11.17,-0.01,217,242389,卖盘
701,14:18:09,11.18,0.01,23,25714,买盘
702,14:18:06,11.17,-0.01,23,26428,卖盘
703,14:18:03,11.18,--,20,22360,买盘
704,14:18:00,11.18,-0.01,162,181876,卖盘
705,14:17:57,11.19,--,327,365913,买盘
706,14:17:54,11.19,0.01,12,13428,买盘
707,14:17:51,11.18,--,211,235898,卖盘
708,14:17:48,11.18,-0.01,114,127452,卖盘
709,14:17:45,11.19,--,8,8952,买盘
710,14:17:42,11.19,0.01,258,288702,买盘
711,14:17:39,11.18,--,265,296270,卖盘
712,14:17:36,11.18,--,28,32041,卖盘
713,14:17:33,11.18,-0.01,51,57018,卖盘
714,14:17:30,11.19,0.01,6,6714,买盘
715,14:17:27,11.18,--,3,3354,卖盘
716,14:17:24,11.18,-0.01,30,33540,卖盘
717,14:17:21,11.19,--,18,20142,买盘
718,14:17:15,11.19,--,148,165612,买盘
719,14:17:12,11.19,--,52,58188,买盘
720,14:17:09,11.19,0.01,1,1119,买盘
721,14:17:06,11.18,-0.01,37,42103,卖盘
722,14:17:03,11.19,-0.01,337,377483,卖盘
723,14:17:00,11.2,--,38,42560,买盘
724,14:16:57,11.2,0.01,55,61599,买盘
725,14:16:54,11.19,--,307,343533,卖盘
726,14:16:51,11.19,--,58,64902,卖盘
727,14:16:48,11.19,--,199,222681,卖盘
728,14:16:45,11.19,--,116,129804,卖盘
729,14:16:42,11.19,-0.01,33,36927,卖盘
730,14:16:36,11.2,--,71,80259,买盘
731,14:16:33,11.2,--,974,1091182,卖盘
732,14:16:30,11.2,--,30,33600,卖盘
733,14:16:27,11.2,-0.01,71,79520,卖盘
734,14:16:24,11.21,0.01,439,492119,买盘
735,14:16:21,11.2,--,41,45920,卖盘
736,14:16:18,11.2,-0.01,49,54880,卖盘
737,14:16:15,11.21,0.01,50,56050,买盘
738,14:16:12,11.2,-0.01,1608,1800960,卖盘
739,14:16:09,11.21,--,26,29146,买盘
740,14:16:06,11.21,--,23,26522,买盘
741,14:16:03,11.21,--,12,13452,买盘
742,14:15:57,11.21,--,25,28025,买盘
743,14:15:54,11.21,0.01,5,5605,买盘
744,14:15:51,11.2,--,127,142240,卖盘
745,14:15:45,11.2,-0.01,18,20160,卖盘
746,14:15:36,11.21,--,22,25401,买盘
747,14:15:33,11.21,--,62,69502,买盘
748,14:15:30,11.21,0.01,7,7847,买盘
749,14:15:24,11.2,--,51,57120,卖盘
750,14:15:21,11.2,-0.01,442,495039,卖盘
751,14:15:18,11.21,--,17,19057,买盘
752,14:15:15,11.21,--,43,48203,买盘
753,14:15:12,11.21,--,2,2242,买盘
754,14:15:09,11.21,0.01,3,3363,买盘
755,14:15:06,11.2,-0.01,26,29859,卖盘
756,14:15:03,11.21,0.01,15,16815,买盘
757,14:14:57,11.2,-0.01,5,5600,卖盘
758,14:14:54,11.21,0.01,10,11210,买盘
759,14:14:51,11.2,-0.01,16,17920,卖盘
760,14:14:48,11.21,0.01,2,2242,买盘
761,14:14:45,11.2,-0.01,440,492799,卖盘
762,14:14:42,11.21,--,380,425980,买盘
763,14:14:39,11.21,0.01,5,5605,买盘
764,14:14:36,11.2,--,22,25379,卖盘
765,14:14:33,11.2,--,1,1120,卖盘
766,14:14:30,11.2,-0.01,30,33600,卖盘
767,14:14:27,11.21,0.01,13,14573,买盘
768,14:14:24,11.2,-0.01,50,56000,卖盘
769,14:14:21,11.21,--,7,7847,买盘
770,14:14:18,11.21,--,8,8968,买盘
771,14:14:15,11.21,--,238,266798,买盘
772,14:14:12,11.21,--,25,28025,买盘
773,14:14:09,11.21,--,16,17936,买盘
774,14:14:06,11.21,0.01,724,812343,买盘
775,14:14:03,11.2,-0.01,37,41440,卖盘
776,14:14:00,11.21,--,445,498845,买盘
777,14:13:57,11.21,0.01,1,1121,买盘
778,14:13:54,11.2,--,10,11200,卖盘
779,14:13:51,11.2,-0.01,2,2240,卖盘
780,14:13:48,11.21,--,32,35872,买盘
781,14:13:42,11.21,--,130,145730,买盘
782,14:13:39,11.21,0.01,300,336300,买盘
783,14:13:36,11.2,--,27,30979,卖盘
784,14:13:33,11.2,-0.01,1112,1245977,卖盘
785,14:13:30,11.21,0.01,3,3363,买盘
786,14:13:27,11.2,-0.01,358,400960,卖盘
787,14:13:21,11.21,--,1,1121,买盘
788,14:13:18,11.21,0.01,33,36993,买盘
789,14:13:15,11.2,-0.01,125,140000,卖盘
790,14:13:09,11.21,0.01,20,22420,买盘
791,14:13:06,11.2,-0.01,25,28739,卖盘
792,14:13:03,11.21,0.01,1,1121,买盘
793,14:13:00,11.2,-0.01,24,26880,卖盘
794,14:12:57,11.21,--,29,32509,买盘
795,14:12:51,11.21,--,5,5605,买盘
796,14:12:45,11.21,--,1,1121,买盘
797,14:12:42,11.21,--,25,28025,买盘
798,14:12:39,11.21,0.01,6,6726,买盘
799,14:12:36,11.2,-0.01,26,29859,卖盘
800,14:12:33,11.21,--,88,98648,买盘
801,14:12:30,11.21,--,58,65018,买盘
802,14:12:27,11.21,--,2,2242,买盘
803,14:12:24,11.21,0.01,13,14573,买盘
804,14:12:21,11.2,-0.01,6,6720,卖盘
805,14:12:18,11.21,--,3,3363,买盘
806,14:12:15,11.21,0.01,46,51566,买盘
807,14:12:06,11.2,-0.01,46,52259,卖盘
808,14:12:03,11.21,0.01,1,1121,中性盘
809,14:11:57,11.2,--,50,56000,卖盘
810,14:11:54,11.2,-0.01,5,5600,卖盘
811,14:11:51,11.21,--,24,27329,买盘
812,14:11:48,11.21,--,5,5605,买盘
813,14:11:45,11.21,--,511,572831,买盘
814,14:11:42,11.21,--,1,1121,买盘
815,14:11:39,11.21,--,182,204022,买盘
816,14:11:36,11.21,--,50,56789,买盘
817,14:11:33,11.21,--,7,7847,买盘
818,14:11:30,11.21,--,21,23541,买盘
819,14:11:27,11.21,--,6,6726,买盘
820,14:11:24,11.21,--,32,35872,买盘
821,14:11:18,11.21,--,41,45961,买盘
822,14:11:15,11.21,--,40,44840,买盘
823,14:11:12,11.21,--,5,5605,买盘
824,14:11:09,11.21,-0.01,1769,1983945,卖盘
825,14:11:06,11.22,-0.01,23,26546,卖盘
826,14:11:03,11.23,--,2,2246,买盘
827,14:11:00,11.23,--,6,6738,买盘
828,14:10:57,11.23,--,1,1123,买盘
829,14:10:54,11.23,--,25,28075,买盘
830,14:10:51,11.23,--,5,5615,买盘
831,14:10:48,11.23,--,2,2246,买盘
832,14:10:42,11.23,--,8,8984,买盘
833,14:10:39,11.23,--,3,3369,买盘
834,14:10:36,11.23,--,27,31062,买盘
835,14:10:33,11.23,0.01,3,3369,买盘
836,14:10:30,11.22,-0.01,6,6732,卖盘
837,14:10:21,11.23,--,45,50535,买盘
838,14:10:18,11.23,--,231,259413,买盘
839,14:10:15,11.23,0.01,40,44920,买盘
840,14:10:09,11.22,-0.01,1,1122,卖盘
841,14:10:06,11.23,--,36,41169,买盘
842,14:10:03,11.23,--,1,1123,买盘
843,14:10:00,11.23,--,12,13476,买盘
844,14:09:57,11.23,--,26,29198,买盘
845,14:09:51,11.23,--,6,6738,买盘
846,14:09:45,11.23,--,16,17968,买盘
847,14:09:42,11.23,--,31,34813,买盘
848,14:09:39,11.23,--,12,13476,买盘
849,14:09:36,11.23,--,30,34431,买盘
850,14:09:30,11.23,--,51,57273,买盘
851,14:09:27,11.23,--,39,43797,买盘
852,14:09:24,11.23,--,79,88717,买盘
853,14:09:21,11.23,--,2,2246,买盘
854,14:09:18,11.23,--,12,13476,买盘
855,14:09:15,11.23,--,39,43797,买盘
856,14:09:09,11.23,--,142,159466,买盘
857,14:09:06,11.23,--,32,36677,买盘
858,14:09:03,11.23,--,1,1123,买盘
859,14:08:57,11.23,--,1,1123,买盘
860,14:08:54,11.23,--,9,10107,买盘
861,14:08:51,11.23,--,3,3369,买盘
862,14:08:45,11.23,--,2,2246,买盘
863,14:08:42,11.23,--,13,14599,买盘
864,14:08:39,11.23,0.01,9,10107,买盘
865,14:08:36,11.22,--,41,46742,卖盘
866,14:08:33,11.22,-0.01,91,102102,卖盘
867,14:08:27,11.23,--,1,1123,买盘
868,14:08:24,11.23,--,26,29198,买盘
869,14:08:18,11.23,--,25,28075,买盘
870,14:08:15,11.23,0.01,172,193156,买盘
871,14:08:12,11.22,--,112,125664,卖盘
872,14:08:06,11.22,-0.01,46,52352,卖盘
873,14:08:03,11.23,--,1,1123,买盘
874,14:08:00,11.23,--,35,39305,买盘
875,14:07:57,11.23,--,5,5615,买盘
876,14:07:54,11.23,--,28,31444,买盘
877,14:07:51,11.23,--,6,6738,买盘
878,14:07:48,11.23,--,15,16845,买盘
879,14:07:45,11.23,--,15,16845,买盘
880,14:07:42,11.23,--,232,260536,买盘
881,14:07:39,11.23,0.01,12,13476,买盘
882,14:07:36,11.22,-0.01,21,24302,卖盘
883,14:07:30,11.23,--,1,1123,买盘
884,14:07:27,11.23,--,5,5615,买盘
885,14:07:24,11.23,--,70,78610,买盘
886,14:07:18,11.23,--,20,22460,买盘
887,14:07:15,11.23,0.01,62,70524,买盘
888,14:07:12,11.22,-0.01,11,12342,卖盘
889,14:07:09,11.23,0.01,2,2246,买盘
890,14:07:06,11.22,-0.01,31,35522,卖盘
891,14:07:03,11.23,--,7,7861,买盘
892,14:07:00,11.23,--,3,3369,买盘
893,14:06:57,11.23,--,6,6738,买盘
894,14:06:54,11.23,--,10,11230,买盘
895,14:06:51,11.23,--,1,1123,买盘
896,14:06:45,11.23,0.01,12,13476,买盘
897,14:06:36,11.22,-0.01,21,24302,卖盘
898,14:06:33,11.23,--,26,29198,买盘
899,14:06:30,11.23,--,19,21337,买盘
900,14:06:24,11.23,--,5,5615,买盘
901,14:06:21,11.23,0.01,7,7861,买盘
902,14:06:18,11.22,-0.01,30,33660,卖盘
903,14:06:15,11.23,0.01,140,157220,买盘
904,14:06:09,11.22,--,921,1033810,买盘
905,14:06:06,11.22,0.01,64,72548,买盘
906,14:06:03,11.21,-0.01,50,56050,卖盘
907,14:06:00,11.22,--,7,7854,买盘
908,14:05:57,11.22,--,12,13464,买盘
909,14:05:54,11.22,--,1,1122,买盘
910,14:05:48,11.22,0.01,6,6732,买盘
911,14:05:45,11.21,-0.01,1,1121,卖盘
912,14:05:42,11.22,--,11,12342,买盘
913,14:05:39,11.22,--,14,15708,买盘
914,14:05:36,11.22,--,22,25424,买盘
915,14:05:33,11.22,--,17,19074,买盘
916,14:05:30,11.22,0.01,14,15708,买盘
917,14:05:27,11.21,-0.01,3,3363,卖盘
918,14:05:24,11.22,--,5,5610,买盘
919,14:05:21,11.22,--,25,28050,买盘
920,14:05:18,11.22,--,5,5610,买盘
921,14:05:15,11.22,0.01,85,95370,买盘
922,14:05:12,11.21,-0.01,33,36993,卖盘
923,14:05:09,11.22,0.01,68,76296,买盘
924,14:05:06,11.21,-0.01,27,31006,卖盘
925,14:05:03,11.22,--,28,31416,买盘
926,14:04:57,11.22,0.01,5,5610,买盘
927,14:04:54,11.21,-0.01,100,112100,卖盘
928,14:04:48,11.22,0.01,200,224400,买盘
929,14:04:45,11.21,-0.01,100,112100,卖盘
930,14:04:42,11.22,--,2,2244,买盘
931,14:04:39,11.22,0.01,13,14586,买盘
932,14:04:36,11.21,-0.01,21,24280,卖盘
933,14:04:30,11.22,--,2,2244,买盘
934,14:04:27,11.22,0.01,2,2244,买盘
935,14:04:24,11.21,-0.01,16,17936,卖盘
936,14:04:15,11.22,--,44,49368,买盘
937,14:04:12,11.22,0.01,16,17952,买盘
938,14:04:09,11.21,--,7,7847,卖盘
939,14:04:06,11.21,-0.01,41,46700,卖盘
940,14:04:03,11.22,--,6,6732,买盘
941,14:03:54,11.22,0.01,20,22440,买盘
942,14:03:51,11.21,-0.01,10,11210,卖盘
943,14:03:48,11.22,0.01,29,32538,买盘
944,14:03:45,11.21,-0.01,115,128915,卖盘
945,14:03:39,11.22,0.01,6,6732,买盘
946,14:03:36,11.21,-0.01,26,29885,卖盘
947,14:03:33,11.22,0.01,15,16830,买盘
948,14:03:27,11.21,-0.01,115,128915,卖盘
949,14:03:24,11.22,0.01,15,16830,买盘
950,14:03:21,11.21,-0.01,19,21299,卖盘
951,14:03:18,11.22,--,3,3366,买盘
952,14:03:15,11.22,--,156,175032,买盘
953,14:03:12,11.22,--,23,25806,买盘
954,14:03:09,11.22,--,82,92004,买盘
955,14:03:06,11.22,--,284,319388,买盘
956,14:03:03,11.22,--,2,2244,买盘
957,14:03:00,11.22,--,5,5610,买盘
958,14:02:54,11.22,0.01,1,1122,买盘
959,14:02:51,11.21,--,187,209627,卖盘
960,14:02:48,11.21,--,3,3363,卖盘
961,14:02:45,11.21,--,116,130036,卖盘
962,14:02:42,11.21,-0.01,7,7847,卖盘
963,14:02:39,11.22,0.01,31,34782,买盘
964,14:02:36,11.21,-0.01,26,29885,卖盘
965,14:02:30,11.22,0.01,1,1122,买盘
966,14:02:27,11.21,-0.01,36,40356,卖盘
967,14:02:24,11.22,0.01,20,22440,买盘
968,14:02:21,11.21,-0.01,204,228684,卖盘
969,14:02:18,11.22,--,3,3366,买盘
970,14:02:15,11.22,--,165,185130,买盘
971,14:02:12,11.22,--,35,39270,买盘
972,14:02:09,11.22,--,24,26928,买盘
973,14:02:06,11.22,--,29,33278,买盘
974,14:02:03,11.22,0.01,9,10098,买盘
975,14:02:00,11.21,--,65,72865,卖盘
976,14:01:54,11.21,--,10,11210,卖盘
977,14:01:51,11.21,-0.01,10,11210,卖盘
978,14:01:48,11.22,--,16,17952,买盘
979,14:01:45,11.22,--,117,131274,买盘
980,14:01:42,11.22,--,35,39270,买盘
981,14:01:39,11.22,0.01,35,39270,买盘
982,14:01:36,11.21,-0.01,141,158800,卖盘
983,14:01:30,11.22,--,3,3366,买盘
984,14:01:27,11.22,--,22,24684,买盘
985,14:01:24,11.22,--,2,2244,买盘
986,14:01:21,11.22,0.01,1,1122,买盘
987,14:01:18,11.21,-0.01,1,1121,卖盘
988,14:01:15,11.22,0.01,154,172788,买盘
989,14:01:09,11.21,--,11,12331,卖盘
990,14:01:06,11.21,-0.01,41,46700,卖盘
991,14:01:03,11.22,0.01,15,16830,买盘
992,14:01:00,11.21,-0.01,56,62776,卖盘
993,14:00:54,11.22,--,170,190740,买盘
994,14:00:51,11.22,0.01,2,2244,买盘
995,14:00:45,11.21,-0.01,116,130036,卖盘
996,14:00:42,11.22,--,1,1122,买盘
997,14:00:39,11.22,0.01,18,20196,买盘
998,14:00:36,11.21,-0.01,21,24280,卖盘
999,14:00:33,11.22,0.02,74,83566,买盘
1000,14:00:30,11.2,-0.01,60,67200,卖盘
1001,14:00:27,11.21,--,26,29370,买盘
1002,14:00:24,11.21,--,124,139004,买盘
1003,14:00:21,11.21,--,186,208506,买盘
1004,14:00:18,11.21,--,36,40356,买盘
1005,14:00:15,11.21,--,60,67260,买盘
1006,14:00:12,11.21,--,59,66139,买盘
1007,14:00:09,11.21,--,20,22420,买盘
1008,14:00:06,11.21,--,54,61273,买盘
1009,14:00:03,11.21,--,10,11210,买盘
1010,14:00:00,11.21,0.01,10,11210,买盘
1011,13:59:57,11.2,-0.01,101,113120,卖盘
1012,13:59:54,11.21,0.01,62,69502,买盘
1013,13:59:51,11.2,-0.01,29,32479,卖盘
1014,13:59:48,11.21,--,22,24662,买盘
1015,13:59:45,11.21,--,64,71744,买盘
1016,13:59:39,11.21,--,14,15694,买盘
1017,13:59:36,11.21,0.01,24,27643,买盘
1018,13:59:33,11.2,-0.01,43,48160,卖盘
1019,13:59:30,11.21,--,32,36387,卖盘
1020,13:59:27,11.21,--,90,101495,买盘
1021,13:59:24,11.21,--,16,17936,买盘
1022,13:59:21,11.21,--,15,16815,买盘
1023,13:59:15,11.21,--,49,54929,买盘
1024,13:59:09,11.21,0.01,518,580678,买盘
1025,13:59:06,11.2,-0.01,27,30979,卖盘
1026,13:59:03,11.21,--,12,13452,买盘
1027,13:59:00,11.21,--,39,43719,买盘
1028,13:58:57,11.21,--,6,6726,买盘
1029,13:58:54,11.21,--,9,10089,买盘
1030,13:58:51,11.21,--,2,2242,买盘
1031,13:58:48,11.21,--,30,33652,买盘
1032,13:58:45,11.21,0.01,71,79591,买盘
1033,13:58:42,11.2,-0.02,4038,4522560,卖盘
1034,13:58:39,11.22,--,14,15708,买盘
1035,13:58:36,11.22,--,120,135380,买盘
1036,13:58:33,11.22,0.01,13,14586,买盘
1037,13:58:30,11.21,-0.01,17,19057,卖盘
1038,13:58:27,11.22,--,47,52734,买盘
1039,13:58:21,11.22,0.01,17,19074,买盘
1040,13:58:18,11.21,-0.01,134,150214,卖盘
1041,13:58:15,11.22,0.01,39,43758,买盘
1042,13:58:12,11.21,-0.01,115,128915,卖盘
1043,13:58:09,11.22,0.01,20,22440,买盘
1044,13:58:06,11.21,-0.01,23,26522,卖盘
1045,13:58:00,11.22,--,4,4488,买盘
1046,13:57:57,11.22,--,1,1122,买盘
1047,13:57:54,11.22,--,14,15708,买盘
1048,13:57:51,11.22,0.01,3,3366,买盘
1049,13:57:48,11.21,--,140,156940,卖盘
1050,13:57:45,11.21,-0.01,7,7847,卖盘
1051,13:57:42,11.22,0.01,128,143616,买盘
1052,13:57:39,11.21,--,51,57171,卖盘
1053,13:57:36,11.21,--,21,24280,卖盘
1054,13:57:27,11.21,--,8,9707,买盘
1055,13:57:24,11.21,--,217,244165,买盘
1056,13:57:21,11.21,--,15,16815,买盘
1057,13:57:18,11.21,--,6,6726,买盘
1058,13:57:15,11.21,--,50,56050,买盘
1059,13:57:12,11.21,--,36,40356,买盘
1060,13:57:06,11.21,--,27,30267,卖盘
1061,13:57:03,11.21,--,48,54503,买盘
1062,13:57:00,11.21,--,24,26904,买盘
1063,13:56:57,11.21,--,40,45265,卖盘
1064,13:56:54,11.21,-0.01,24,26904,卖盘
1065,13:56:51,11.22,--,1,1122,买盘
1066,13:56:48,11.22,0.01,11,12342,买盘
1067,13:56:45,11.21,--,80,89680,卖盘
1068,13:56:36,11.21,-0.01,50,56789,卖盘
1069,13:56:30,11.22,0.01,20,22440,买盘
1070,13:56:27,11.21,-0.01,72,80712,卖盘
1071,13:56:24,11.22,0.01,1466,1644852,买盘
1072,13:56:21,11.21,-0.01,10,11210,卖盘
1073,13:56:18,11.22,--,11,12342,买盘
1074,13:56:15,11.22,0.01,61,68442,买盘
1075,13:56:12,11.21,--,116,130036,卖盘
1076,13:56:09,11.21,-0.01,33,36993,卖盘
1077,13:56:06,11.22,--,84,94988,买盘
1078,13:56:00,11.22,--,53,59466,买盘
1079,13:55:57,11.22,--,1,1122,买盘
1080,13:55:54,11.22,--,2,2244,买盘
1081,13:55:51,11.22,--,251,282721,买盘
1082,13:55:48,11.22,--,28,31416,买盘
1083,13:55:45,11.22,--,179,200838,买盘
1084,13:55:42,11.22,0.01,117,131274,买盘
1085,13:55:39,11.21,-0.01,54,60534,卖盘
1086,13:55:36,11.22,--,42,47864,买盘
1087,13:55:33,11.22,--,24,26928,买盘
1088,13:55:27,11.22,--,30,33660,买盘
1089,13:55:24,11.22,--,51,57222,买盘
1090,13:55:21,11.22,--,51,57222,买盘
1091,13:55:15,11.22,--,40,44880,买盘
1092,13:55:12,11.22,--,3,3366,买盘
1093,13:55:09,11.22,--,17,19074,买盘
1094,13:55:06,11.22,--,30,34400,买盘
1095,13:55:03,11.22,--,20,22440,买盘
1096,13:55:00,11.22,0.01,4,4488,买盘
1097,13:54:57,11.21,-0.01,182,204447,卖盘
1098,13:54:51,11.22,--,7,7854,卖盘
1099,13:54:48,11.22,--,1202,1348644,卖盘
1100,13:54:45,11.22,-0.01,72,80784,卖盘
1101,13:54:36,11.23,0.01,38,43415,买盘
1102,13:54:30,11.22,--,1,1122,卖盘
1103,13:54:27,11.22,-0.01,5,5610,卖盘
1104,13:54:24,11.23,0.01,108,121284,买盘
1105,13:54:18,11.22,--,6,6732,卖盘
1106,13:54:15,11.22,--,70,78540,卖盘
1107,13:54:12,11.22,-0.01,127,142494,卖盘
1108,13:54:09,11.23,0.01,3,3369,买盘
1109,13:54:06,11.22,-0.01,22,25424,卖盘
1110,13:54:03,11.23,0.01,4,4492,买盘
1111,13:54:00,11.22,--,41,46002,卖盘
1112,13:53:57,11.22,-0.01,15,16830,卖盘
1113,13:53:54,11.23,0.01,55,61765,买盘
1114,13:53:51,11.22,--,5,5610,卖盘
1115,13:53:42,11.22,--,1,1122,卖盘
1116,13:53:36,11.22,-0.01,21,24302,卖盘
1117,13:53:33,11.23,--,79,88717,买盘
1118,13:53:30,11.23,--,10,11230,买盘
1119,13:53:21,11.23,--,19,21337,买盘
1120,13:53:18,11.23,--,22,24706,买盘
1121,13:53:15,11.23,--,43,48289,买盘
1122,13:53:12,11.23,--,12,13476,买盘
1123,13:53:09,11.23,--,62,69626,买盘
1124,13:53:06,11.23,--,123,138870,买盘
1125,13:53:03,11.23,--,13,14599,买盘
1126,13:53:00,11.23,0.01,13,14599,买盘
1127,13:52:57,11.22,-0.01,30,33660,卖盘
1128,13:52:54,11.23,--,45,50961,卖盘
1129,13:52:48,11.23,--,100,112300,卖盘
1130,13:52:45,11.23,-0.01,11,12353,卖盘
1131,13:52:42,11.24,0.01,15,16860,买盘
1132,13:52:39,11.23,--,1300,1459900,卖盘
1133,13:52:36,11.23,--,23,26570,卖盘
1134,13:52:30,11.23,-0.01,66,74118,卖盘
1135,13:52:27,11.24,--,2,2248,买盘
1136,13:52:21,11.24,--,8,8992,买盘
1137,13:52:18,11.24,--,4,4496,买盘
1138,13:52:15,11.24,--,50,56200,买盘
1139,13:52:12,11.24,0.01,3,3372,买盘
1140,13:52:06,11.23,-0.01,31,35554,卖盘
1141,13:52:03,11.24,--,12,13488,买盘
1142,13:51:57,11.24,--,10,11240,买盘
1143,13:51:48,11.24,--,22,24728,买盘
1144,13:51:45,11.24,-0.01,63,70856,卖盘
1145,13:51:39,11.25,--,4,4500,买盘
1146,13:51:36,11.25,--,219,247117,买盘
1147,13:51:30,11.25,--,111,124875,买盘
1148,13:51:27,11.25,--,5,5625,买盘
1149,13:51:24,11.25,--,52,58500,买盘
1150,13:51:21,11.25,--,43,48375,买盘
1151,13:51:18,11.25,--,2,2250,买盘
1152,13:51:15,11.25,0.01,151,169875,买盘
1153,13:51:12,11.24,--,50,56200,卖盘
1154,13:51:06,11.24,--,21,24345,卖盘
1155,13:51:00,11.24,--,1,1124,卖盘
1156,13:50:51,11.24,-0.01,6,6744,卖盘
1157,13:50:45,11.25,--,2,2250,买盘
1158,13:50:42,11.25,--,1,1125,买盘
1159,13:50:36,11.25,--,22,25492,买盘
1160,13:50:33,11.25,--,5,5625,买盘
1161,13:50:30,11.25,--,3,3375,买盘
1162,13:50:27,11.25,--,1,1125,买盘
1163,13:50:24,11.25,--,2,2250,买盘
1164,13:50:21,11.25,--,1,1125,买盘
1165,13:50:15,11.25,--,39,43875,买盘
1166,13:50:09,11.25,0.01,100,112500,买盘
1167,13:50:06,11.24,-0.01,21,24345,卖盘
1168,13:50:00,11.25,--,50,56250,买盘
1169,13:49:54,11.25,--,14,15750,买盘
1170,13:49:48,11.25,--,21,23625,买盘
1171,13:49:45,11.25,--,1,1125,买盘
1172,13:49:42,11.25,0.01,9,10125,买盘
1173,13:49:36,11.24,-0.01,21,24345,卖盘
1174,13:49:33,11.25,0.01,5,5625,买盘
1175,13:49:30,11.24,--,2,2248,卖盘
1176,13:49:27,11.24,--,53,59572,卖盘
1177,13:49:18,11.24,-0.01,20,22480,卖盘
1178,13:49:15,11.25,0.01,40,45000,买盘
1179,13:49:12,11.24,--,47,53569,买盘
1180,13:49:09,11.24,--,1,1124,买盘
1181,13:49:06,11.24,--,4,4496,卖盘
1182,13:49:03,11.24,--,28,31472,买盘
1183,13:49:00,11.24,--,7,7868,买盘
1184,13:48:54,11.24,-0.01,7,7868,中性盘
1185,13:48:51,11.25,0.01,50,56250,买盘
1186,13:48:48,11.24,--,18,20232,买盘
1187,13:48:45,11.24,-0.01,3,3372,中性盘
1188,13:48:42,11.25,0.01,50,56250,买盘
1189,13:48:39,11.24,--,3,3372,买盘
1190,13:48:36,11.24,--,9,11071,卖盘
1191,13:48:30,11.24,--,5,5788,买盘
1192,13:48:27,11.24,--,49,56031,卖盘
1193,13:48:24,11.24,--,36,40464,卖盘
1194,13:48:21,11.24,--,95,106948,买盘
1195,13:48:15,11.24,0.01,44,49456,买盘
1196,13:48:12,11.23,-0.01,5,5615,卖盘
1197,13:48:09,11.24,0.01,540,606960,买盘
1198,13:48:06,11.23,--,33,37800,卖盘
1199,13:48:03,11.23,-0.01,1,1123,卖盘
1200,13:48:00,11.24,--,10,11240,买盘
1201,13:47:51,11.24,--,9,10116,买盘
1202,13:47:45,11.24,--,13,14612,买盘
1203,13:47:42,11.24,--,1,1124,买盘
1204,13:47:36,11.24,--,24,27717,买盘
1205,13:47:33,11.24,0.01,1,1124,买盘
1206,13:47:27,11.23,--,30,33690,卖盘
1207,13:47:24,11.23,-0.01,50,56150,卖盘
1208,13:47:21,11.24,--,2,2248,买盘
1209,13:47:18,11.24,--,10,11240,买盘
1210,13:47:15,11.24,--,40,44960,买盘
1211,13:47:12,11.24,0.01,15,16860,买盘
1212,13:47:06,11.23,-0.01,23,26570,卖盘
1213,13:46:57,11.24,--,1,1124,买盘
1214,13:46:54,11.24,--,11,12364,买盘
1215,13:46:48,11.24,0.01,5,5620,买盘
1216,13:46:45,11.23,-0.01,40,44920,卖盘
1217,13:46:42,11.24,--,4,4496,买盘
1218,13:46:39,11.24,0.01,1,1124,买盘
1219,13:46:36,11.23,-0.01,22,25447,卖盘
1220,13:46:30,11.24,--,14,16747,卖盘
1221,13:46:24,11.24,--,199,223788,买盘
1222,13:46:21,11.24,--,20,22480,买盘
1223,13:46:15,11.24,0.01,39,43836,买盘
1224,13:46:12,11.23,-0.01,50,56150,卖盘
1225,13:46:09,11.24,0.01,3,3372,买盘
1226,13:46:06,11.23,-0.01,221,248924,卖盘
1227,13:46:03,11.24,--,1,1124,买盘
1228,13:46:00,11.24,--,50,56200,买盘
1229,13:45:57,11.24,--,500,562000,买盘
1230,13:45:54,11.24,--,5,5620,买盘
1231,13:45:51,11.24,--,1,1124,买盘
1232,13:45:48,11.24,--,14,15736,买盘
1233,13:45:42,11.24,0.01,1,1124,买盘
1234,13:45:39,11.23,-0.01,8,8984,卖盘
1235,13:45:36,11.24,--,23,26593,买盘
1236,13:45:33,11.24,--,10,11240,买盘
1237,13:45:27,11.24,0.01,1,1124,买盘
1238,13:45:24,11.23,--,10,11230,卖盘
1239,13:45:15,11.23,-0.01,52,58396,卖盘
1240,13:45:09,11.24,0.01,10,11240,买盘
1241,13:45:06,11.23,-0.01,75,84966,卖盘
1242,13:44:57,11.24,--,22,24728,买盘
1243,13:44:54,11.24,--,12,13488,买盘
1244,13:44:51,11.24,--,11,12364,买盘
1245,13:44:48,11.24,--,50,56200,买盘
1246,13:44:45,11.24,--,100,112400,买盘
1247,13:44:42,11.24,--,1,1124,买盘
1248,13:44:39,11.24,0.01,200,224800,买盘
1249,13:44:36,11.23,--,21,24324,卖盘
1250,13:44:33,11.23,-0.01,4,4492,卖盘
1251,13:44:30,11.24,--,40,44960,买盘
1252,13:44:21,11.24,--,1,1124,买盘
1253,13:44:18,11.24,--,5,5620,买盘
1254,13:44:15,11.24,--,51,57324,买盘
1255,13:44:12,11.24,-0.01,352,396142,卖盘
1256,13:44:09,11.25,--,2,2250,卖盘
1257,13:44:06,11.25,-0.01,21,24367,卖盘
1258,13:44:00,11.26,--,64,72064,买盘
1259,13:43:57,11.26,--,3,3378,买盘
1260,13:43:54,11.26,0.01,1,1126,买盘
1261,13:43:48,11.25,-0.01,1,1125,卖盘
1262,13:43:45,11.26,0.01,1,1126,买盘
1263,13:43:39,11.25,-0.01,15,16875,卖盘
1264,13:43:36,11.26,0.01,67,76185,买盘
1265,13:43:30,11.25,--,23,26347,买盘
1266,13:43:24,11.25,--,2,2250,买盘
1267,13:43:21,11.25,--,8,9000,买盘
1268,13:43:15,11.25,0.01,1041,1171125,买盘
1269,13:43:09,11.24,-0.01,11,12364,卖盘
1270,13:43:06,11.25,--,27,31117,买盘
1271,13:43:03,11.25,--,2,2250,买盘
1272,13:42:54,11.25,--,11,12375,买盘
1273,13:42:51,11.25,0.01,2,2250,买盘
1274,13:42:45,11.24,-0.01,200,224800,卖盘
1275,13:42:42,11.25,0.01,50,56250,买盘
1276,13:42:39,11.24,--,120,134880,卖盘
1277,13:42:36,11.24,--,47,53569,卖盘
1278,13:42:33,11.24,-0.01,4,4496,卖盘
1279,13:42:30,11.25,--,1,1125,买盘
1280,13:42:27,11.25,--,5,5625,买盘
1281,13:42:21,11.25,--,1,1125,买盘
1282,13:42:18,11.25,--,6,6750,买盘
1283,13:42:15,11.25,--,39,43875,买盘
1284,13:42:12,11.25,--,2,2250,买盘
1285,13:42:09,11.25,--,3,3375,买盘
1286,13:42:06,11.25,0.01,24,27742,买盘
1287,13:42:03,11.24,-0.01,20,22480,卖盘
1288,13:42:00,11.25,--,4,4500,买盘
1289,13:41:57,11.25,--,1,1125,买盘
1290,13:41:48,11.25,--,100,112500,买盘
1291,13:41:45,11.25,--,1,1125,买盘
1292,13:41:42,11.25,0.01,10,11250,买盘
1293,13:41:36,11.24,-0.01,25,28841,卖盘
1294,13:41:27,11.25,--,7,7875,买盘
1295,13:41:24,11.25,--,18,20250,买盘
1296,13:41:21,11.25,0.01,20,22500,买盘
1297,13:41:18,11.24,-0.01,12,14016,卖盘
1298,13:41:15,11.25,--,83,93375,买盘
1299,13:41:12,11.25,--,22,24750,买盘
1300,13:41:09,11.25,0.01,14,15750,买盘
1301,13:41:06,11.24,--,21,24345,卖盘
1302,13:41:03,11.24,-0.01,24,26976,卖盘
1303,13:41:00,11.25,--,1,1125,买盘
1304,13:40:54,11.25,--,3,3375,买盘
1305,13:40:51,11.25,--,56,63000,买盘
1306,13:40:42,11.25,--,9,10125,买盘
1307,13:40:39,11.25,--,2,2250,买盘
1308,13:40:36,11.25,--,35,40117,买盘
1309,13:40:33,11.25,--,20,22500,买盘
1310,13:40:30,11.25,--,10,11250,买盘
1311,13:40:27,11.25,0.01,2,2250,买盘
1312,13:40:21,11.24,-0.01,231,259644,卖盘
1313,13:40:18,11.25,--,13,14625,买盘
1314,13:40:15,11.25,--,41,46125,买盘
1315,13:40:12,11.25,--,14,15750,买盘
1316,13:40:06,11.25,--,34,38992,买盘
1317,13:40:00,11.25,--,6,6750,买盘
1318,13:39:57,11.25,--,6,6750,买盘
1319,13:39:51,11.25,--,10,11250,买盘
1320,13:39:45,11.25,--,2,2250,买盘
1321,13:39:42,11.25,--,10,11250,买盘
1322,13:39:36,11.25,0.01,22,25492,买盘
1323,13:39:30,11.24,--,170,191158,买盘
1324,13:39:27,11.24,--,21,23604,买盘
1325,13:39:24,11.24,--,102,114648,买盘
1326,13:39:21,11.24,--,104,116896,买盘
1327,13:39:18,11.24,-0.01,518,582996,卖盘
1328,13:39:15,11.25,--,39,43875,买盘
1329,13:39:12,11.25,--,7,7875,买盘
1330,13:39:09,11.25,0.01,12,13500,买盘
1331,13:39:06,11.24,--,21,24345,卖盘
1332,13:39:03,11.24,--,79,88796,卖盘
1333,13:39:00,11.24,-0.01,2,2248,卖盘
1334,13:38:51,11.25,--,1,1125,买盘
1335,13:38:48,11.25,--,4,4500,买盘
1336,13:38:45,11.25,0.01,25,28125,买盘
1337,13:38:42,11.24,--,41,46084,卖盘
1338,13:38:36,11.24,0.01,25,28841,卖盘
1339,13:38:33,11.23,-0.01,253,284119,卖盘
1340,13:38:30,11.24,-0.01,6,6744,卖盘
1341,13:38:27,11.25,--,1002,1127250,买盘
1342,13:38:24,11.25,--,4,4500,买盘
1343,13:38:21,11.25,--,1,1125,买盘
1344,13:38:18,11.25,--,11,12375,买盘
1345,13:38:15,11.25,0.01,40,45000,买盘
1346,13:38:12,11.24,--,298,334952,卖盘
1347,13:38:09,11.24,--,40,44960,卖盘
1348,13:38:06,11.24,-0.01,42,47949,卖盘
1349,13:38:03,11.25,--,314,353250,买盘
1350,13:38:00,11.25,--,8,9000,买盘
1351,13:37:57,11.25,--,7,7875,买盘
1352,13:37:54,11.25,0.01,2,2250,买盘
1353,13:37:48,11.24,-0.01,1,1124,卖盘
1354,13:37:45,11.25,--,25,28125,买盘
1355,13:37:39,11.25,--,10,11250,买盘
1356,13:37:36,11.25,0.01,35,40117,买盘
1357,13:37:33,11.24,-0.01,11,12364,卖盘
1358,13:37:30,11.25,--,7,7875,买盘
1359,13:37:24,11.25,--,3,3375,买盘
1360,13:37:21,11.25,--,2,2250,买盘
1361,13:37:15,11.25,0.01,39,43875,买盘
1362,13:37:06,11.24,-0.01,23,26593,卖盘
1363,13:37:03,11.25,--,3,3375,买盘
1364,13:37:00,11.25,--,1,1125,买盘
1365,13:36:57,11.25,--,1,1125,买盘
1366,13:36:51,11.25,--,45,50625,买盘
1367,13:36:42,11.25,--,1,1125,买盘
1368,13:36:39,11.25,--,2,2250,买盘
1369,13:36:36,11.25,--,24,27742,买盘
1370,13:36:33,11.25,--,50,56250,买盘
1371,13:36:27,11.25,0.01,1,1125,买盘
1372,13:36:18,11.24,-0.01,21,23604,卖盘
1373,13:36:15,11.25,0.01,51,57375,买盘
1374,13:36:09,11.24,-0.01,103,115772,卖盘
1375,13:36:06,11.25,--,28,32242,买盘
1376,13:36:03,11.25,--,4,4500,买盘
1377,13:35:57,11.25,0.01,1,1125,买盘
1378,13:35:54,11.24,-0.01,9,10116,卖盘
1379,13:35:51,11.25,--,7,7875,买盘
1380,13:35:45,11.25,0.01,2,2250,买盘
1381,13:35:42,11.24,--,10,11779,买盘
1382,13:35:39,11.24,--,1301,1462324,买盘
1383,13:35:36,11.24,--,91,103025,买盘
1384,13:35:33,11.24,--,99,111276,买盘
1385,13:35:27,11.24,--,15,16860,买盘
1386,13:35:21,11.24,--,467,525627,卖盘
1387,13:35:18,11.24,-0.01,2,2248,卖盘
1388,13:35:15,11.25,0.01,39,43875,买盘
1389,13:35:12,11.24,--,190,213964,买盘
1390,13:35:09,11.24,0.01,5,5620,买盘
1391,13:35:06,11.23,-0.01,21,24324,卖盘
1392,13:35:03,11.24,--,21,23604,买盘
1393,13:35:00,11.24,--,11,12364,买盘
1394,13:34:54,11.24,--,21,23604,买盘
1395,13:34:51,11.24,--,32,35968,买盘
1396,13:34:48,11.24,--,15,16860,买盘
1397,13:34:45,11.24,--,302,339448,买盘
1398,13:34:36,11.24,--,23,26593,买盘
1399,13:34:33,11.24,--,30,33720,买盘
1400,13:34:27,11.24,--,4,4496,买盘
1401,13:34:24,11.24,-0.01,1018,1145153,卖盘
1402,13:34:21,11.25,0.01,2,2250,买盘
1403,13:34:15,11.24,-0.01,52,58448,卖盘
1404,13:34:12,11.25,--,10,11250,买盘
1405,13:34:09,11.25,--,21,23625,买盘
1406,13:34:06,11.25,--,53,60367,买盘
1407,13:34:00,11.25,--,5,5625,买盘
1408,13:33:57,11.25,--,1,1125,买盘
1409,13:33:54,11.25,--,10,11385,买盘
1410,13:33:48,11.25,--,30,33750,买盘
1411,13:33:45,11.25,--,5,5625,买盘
1412,13:33:42,11.25,0.01,10,11250,买盘
1413,13:33:36,11.24,-0.01,31,35585,卖盘
1414,13:33:33,11.25,--,1,1125,买盘
1415,13:33:30,11.25,--,1,1125,买盘
1416,13:33:27,11.25,0.01,30,33750,买盘
1417,13:33:21,11.24,-0.01,18,20861,卖盘
1418,13:33:18,11.25,0.01,2,2250,买盘
1419,13:33:15,11.24,--,48,53952,卖盘
1420,13:33:12,11.24,--,9,10116,卖盘
1421,13:33:09,11.24,--,43,48534,买盘
1422,13:33:06,11.24,--,42,47949,买盘
1423,13:33:00,11.24,--,6,6744,买盘
1424,13:32:57,11.24,--,3,3372,买盘
1425,13:32:54,11.24,--,2,2248,买盘
1426,13:32:51,11.24,--,200,224800,买盘
1427,13:32:45,11.24,0.01,2,2248,买盘
1428,13:32:36,11.23,--,26,29939,卖盘
1429,13:32:24,11.23,--,121,135883,买盘
1430,13:32:21,11.23,--,20,22460,买盘
1431,13:32:18,11.23,--,60,67380,买盘
1432,13:32:15,11.23,--,231,259413,买盘
1433,13:32:12,11.23,--,38,42674,买盘
1434,13:32:09,11.23,--,33,37059,买盘
1435,13:32:06,11.23,--,70,79351,买盘
1436,13:32:03,11.23,--,645,724335,买盘
1437,13:32:00,11.23,0.01,11,12353,买盘
1438,13:31:54,11.22,-0.01,375,420750,卖盘
1439,13:31:51,11.23,0.01,47,52781,买盘
1440,13:31:48,11.22,-0.01,601,674322,卖盘
1441,13:31:45,11.23,--,262,294226,买盘
1442,13:31:42,11.23,--,62,69626,买盘
1443,13:31:36,11.23,0.01,38,43415,买盘
1444,13:31:33,11.22,-0.01,1,1122,卖盘
1445,13:31:30,11.23,--,54,60642,买盘
1446,13:31:24,11.23,--,50,56150,买盘
1447,13:31:21,11.23,--,22,24706,买盘
1448,13:31:18,11.23,--,79,88717,买盘
1449,13:31:15,11.23,--,394,442462,买盘
1450,13:31:12,11.23,--,70,78610,买盘
1451,13:31:09,11.23,--,11,12353,买盘
1452,13:31:06,11.23,--,121,136624,买盘
1453,13:31:03,11.23,--,13,14599,买盘
1454,13:30:57,11.23,-0.02,2280,2561417,卖盘
1455,13:30:54,11.25,--,12,13500,买盘
1456,13:30:48,11.25,--,1250,1406250,买盘
1457,13:30:45,11.25,0.01,8,9000,买盘
1458,13:30:42,11.24,-0.01,12,13488,卖盘
1459,13:30:39,11.25,--,15,16875,买盘
1460,13:30:36,11.25,--,297,334867,买盘
1461,13:30:33,11.25,0.01,10,11250,买盘
1462,13:30:27,11.24,--,14,15736,卖盘
1463,13:30:24,11.24,-0.01,5,5620,卖盘
1464,13:30:21,11.25,--,6,6750,买盘
1465,13:30:18,11.25,0.01,18,20250,买盘
1466,13:30:15,11.24,-0.01,53,59572,卖盘
1467,13:30:12,11.25,--,75,84375,买盘
1468,13:30:06,11.25,--,33,37867,买盘
1469,13:30:03,11.25,0.01,21,23625,买盘
1470,13:29:57,11.24,-0.01,20,22480,卖盘
1471,13:29:54,11.25,--,12,13500,买盘
1472,13:29:48,11.25,0.01,100,112500,买盘
1473,13:29:45,11.24,-0.01,9,10116,卖盘
1474,13:29:39,11.25,0.01,23,25875,买盘
1475,13:29:36,11.24,-0.01,51,58065,卖盘
1476,13:29:33,11.25,--,15,16875,买盘
1477,13:29:21,11.25,--,84,94500,买盘
1478,13:29:18,11.25,--,143,160875,买盘
1479,13:29:15,11.25,--,44,49500,买盘
1480,13:29:09,11.25,0.01,22,24750,买盘
1481,13:29:06,11.24,-0.01,21,24345,卖盘
1482,13:28:54,11.25,--,9,10125,买盘
1483,13:28:48,11.25,--,567,637875,买盘
1484,13:28:45,11.25,--,134,150750,买盘
1485,13:28:36,11.25,0.01,22,25492,买盘
1486,13:28:30,11.24,-0.01,1010,1135240,卖盘
1487,13:28:27,11.25,--,1,1125,买盘
1488,13:28:24,11.25,--,2,2250,买盘
1489,13:28:21,11.25,--,4,4500,买盘
1490,13:28:15,11.25,--,50,56250,买盘
1491,13:28:12,11.25,--,131,147375,买盘
1492,13:28:06,11.25,--,27,31117,买盘
1493,13:28:03,11.25,--,1,1125,买盘
1494,13:28:00,11.25,0.01,5,5625,买盘
1495,13:27:54,11.24,-0.01,6,6744,卖盘
1496,13:27:51,11.25,--,1,1125,买盘
1497,13:27:42,11.25,0.01,44,49500,买盘
1498,13:27:36,11.24,-0.01,21,24345,卖盘
1499,13:27:30,11.25,--,13,14625,买盘
1500,13:27:27,11.25,0.01,52,58500,买盘
1501,13:27:24,11.24,-0.01,13,14612,卖盘
1502,13:27:18,11.25,--,19,21375,买盘
1503,13:27:15,11.25,--,40,45000,买盘
1504,13:27:12,11.25,--,10,11250,买盘
1505,13:27:09,11.25,0.01,41,46530,买盘
1506,13:27:06,11.24,--,21,24345,卖盘
1507,13:27:03,11.24,--,21,23604,卖盘
1508,13:26:57,11.24,-0.01,1,1124,卖盘
1509,13:26:54,11.25,--,3,3375,买盘
1510,13:26:51,11.25,--,24,27000,买盘
1511,13:26:48,11.25,0.01,1,1125,买盘
1512,13:26:39,11.24,-0.01,10,11240,卖盘
1513,13:26:36,11.25,--,30,34492,买盘
1514,13:26:33,11.25,--,2,2250,买盘
1515,13:26:30,11.25,--,1,1125,买盘
1516,13:26:27,11.25,0.01,10,11250,买盘
1517,13:26:24,11.24,--,8,8992,卖盘
1518,13:26:15,11.24,--,30,34057,买盘
1519,13:26:12,11.24,--,85,96326,卖盘
1520,13:26:06,11.24,--,21,24345,卖盘
1521,13:26:03,11.24,--,10,11240,卖盘
1522,13:26:00,11.24,--,7,7868,卖盘
1523,13:25:57,11.24,--,14,15736,卖盘
1524,13:25:54,11.24,-0.01,3,3372,卖盘
1525,13:25:51,11.25,0.01,83,93375,买盘
1526,13:25:48,11.24,-0.01,4,4496,卖盘
1527,13:25:45,11.25,--,60,67500,买盘
1528,13:25:42,11.25,--,1,1125,买盘
1529,13:25:39,11.25,0.01,5,5625,买盘
1530,13:25:36,11.24,-0.01,22,25469,卖盘
1531,13:25:33,11.25,0.01,30,33750,买盘
1532,13:25:30,11.24,-0.01,800,899200,卖盘
1533,13:25:27,11.25,--,11,12375,买盘
1534,13:25:18,11.25,0.01,1,1125,买盘
1535,13:25:15,11.24,--,140,157360,卖盘
1536,13:25:12,11.24,--,9,10116,卖盘
1537,13:25:09,11.24,--,20,22480,卖盘
1538,13:25:06,11.24,-0.01,103,116513,卖盘
1539,13:25:03,11.25,--,17,19125,买盘
1540,13:24:57,11.25,0.01,1,1125,买盘
1541,13:24:54,11.24,-0.01,115,129260,卖盘
1542,13:24:51,11.25,--,54,60750,买盘
1543,13:24:48,11.25,--,2,2250,买盘
1544,13:24:45,11.25,--,4,4500,买盘
1545,13:24:42,11.25,--,5,5625,买盘
1546,13:24:39,11.25,0.01,27,30375,买盘
1547,13:24:36,11.24,-0.01,21,24345,卖盘
1548,13:24:30,11.25,--,2,2250,买盘
1549,13:24:27,11.25,--,20,22500,买盘
1550,13:24:21,11.25,--,10,11250,买盘
1551,13:24:18,11.25,--,20,22500,买盘
1552,13:24:15,11.25,0.01,44,49500,买盘
1553,13:24:12,11.24,-0.01,236,265264,卖盘
1554,13:24:09,11.25,--,129,145125,买盘
1555,13:24:06,11.25,--,76,86242,买盘
1556,13:24:03,11.25,-0.02,680,765090,卖盘
1557,13:23:54,11.27,--,2,2254,买盘
1558,13:23:51,11.27,--,1,1127,买盘
1559,13:23:48,11.27,--,23,25921,买盘
1560,13:23:39,11.27,--,1,1127,买盘
1561,13:23:36,11.27,--,25,28918,买盘
1562,13:23:27,11.27,0.01,4,4508,买盘
1563,13:23:21,11.26,-0.01,4,4504,卖盘
1564,13:23:15,11.27,--,102,114954,买盘
1565,13:23:06,11.27,--,22,25537,买盘
1566,13:23:03,11.27,--,10,11270,买盘
1567,13:23:00,11.27,0.01,30,33810,买盘
1568,13:22:57,11.26,-0.01,2,2252,卖盘
1569,13:22:54,11.27,--,10,11270,买盘
1570,13:22:51,11.27,--,1,1127,买盘
1571,13:22:48,11.27,--,51,57477,买盘
1572,13:22:42,11.27,0.01,15,16905,买盘
1573,13:22:36,11.26,-0.01,25,28893,卖盘
1574,13:22:30,11.27,--,5,5635,买盘
1575,13:22:21,11.27,--,1,1127,买盘
1576,13:22:15,11.27,--,39,43953,买盘
1577,13:22:12,11.27,0.01,1,1127,买盘
1578,13:22:09,11.26,--,4,4504,卖盘
1579,13:22:06,11.26,-0.01,27,31145,卖盘
1580,13:22:03,11.27,--,2,2254,买盘
1581,13:22:00,11.27,--,3,3381,买盘
1582,13:21:57,11.27,--,29,32683,买盘
1583,13:21:54,11.27,--,1,1127,买盘
1584,13:21:48,11.27,0.01,1,1127,买盘
1585,13:21:45,11.26,-0.01,7,7882,卖盘
1586,13:21:42,11.27,--,100,112700,买盘
1587,13:21:39,11.27,--,10,11270,买盘
1588,13:21:36,11.27,--,31,35680,买盘
1589,13:21:30,11.27,--,13,14651,买盘
1590,13:21:27,11.27,--,2,2254,买盘
1591,13:21:18,11.27,--,1,1127,买盘
1592,13:21:15,11.27,0.01,51,57477,买盘
1593,13:21:12,11.26,-0.01,19,21394,卖盘
1594,13:21:09,11.27,--,1,1127,买盘
1595,13:21:06,11.27,--,23,26664,买盘
1596,13:21:03,11.27,0.01,3,3381,买盘
1597,13:21:00,11.26,-0.01,1600,1801600,卖盘
1598,13:20:54,11.27,0.01,29,32683,买盘
1599,13:20:51,11.26,--,2,2252,卖盘
1600,13:20:45,11.26,--,10,11260,卖盘
1601,13:20:39,11.26,--,130,146380,卖盘
1602,13:20:36,11.26,-0.01,32,36775,卖盘
1603,13:20:33,11.27,--,115,129605,买盘
1604,13:20:30,11.27,--,100,112700,买盘
1605,13:20:27,11.27,--,2,2254,买盘
1606,13:20:21,11.27,0.01,3,3381,买盘
1607,13:20:18,11.26,-0.01,0,630,卖盘
1608,13:20:15,11.27,--,40,45080,买盘
1609,13:20:12,11.27,0.01,4,4508,买盘
1610,13:20:09,11.26,--,3,3378,卖盘
1611,13:20:06,11.26,-0.01,22,25515,卖盘
1612,13:20:00,11.27,--,22,24794,买盘
1613,13:19:57,11.27,--,13,14651,买盘
1614,13:19:48,11.27,--,13,14651,买盘
1615,13:19:45,11.27,0.01,77,86779,买盘
1616,13:19:36,11.26,-0.01,23,26641,卖盘
1617,13:19:33,11.27,--,25,28175,买盘
1618,13:19:27,11.27,0.01,1,1127,买盘
1619,13:19:21,11.26,-0.01,8,9008,卖盘
1620,13:19:18,11.27,--,12,13524,买盘
1621,13:19:15,11.27,--,41,46207,买盘
1622,13:19:12,11.27,--,2,2254,买盘
1623,13:19:09,11.27,--,17,19159,买盘
1624,13:19:06,11.27,--,33,37934,买盘
1625,13:19:00,11.27,--,13,14651,买盘
1626,13:18:57,11.27,0.01,110,123970,买盘
1627,13:18:54,11.26,--,10,11260,卖盘
1628,13:18:45,11.26,--,36,40536,卖盘
1629,13:18:42,11.26,-0.01,30,33780,卖盘
1630,13:18:39,11.27,0.01,1,1127,买盘
1631,13:18:36,11.26,-0.01,101,114469,卖盘
1632,13:18:33,11.27,--,10,11270,买盘
1633,13:18:30,11.27,--,86,96922,买盘
1634,13:18:27,11.27,--,50,56350,买盘
1635,13:18:21,11.27,--,2,2254,买盘
1636,13:18:18,11.27,--,5,5635,买盘
1637,13:18:15,11.27,0.01,51,57477,买盘
1638,13:18:12,11.26,--,3,3378,卖盘
1639,13:18:09,11.26,0.01,207,233194,买盘
1640,13:18:06,11.25,0.01,27,31117,买盘
1641,13:18:03,11.24,-0.01,2,2248,卖盘
1642,13:17:57,11.25,--,11,12375,买盘
1643,13:17:54,11.25,-0.01,13,14625,买盘
1644,13:17:51,11.26,--,22,24772,买盘
1645,13:17:45,11.26,0.02,299,337417,买盘
1646,13:17:42,11.24,-0.02,402,452230,卖盘
1647,13:17:39,11.26,0.01,1,1126,买盘
1648,13:17:36,11.25,-0.01,21,24367,卖盘
1649,13:17:30,11.26,--,50,56300,买盘
1650,13:17:27,11.26,--,3,3378,买盘
1651,13:17:24,11.26,--,2,2252,买盘
1652,13:17:21,11.26,--,3,3378,买盘
1653,13:17:18,11.26,--,5,5630,买盘
1654,13:17:15,11.26,--,41,46166,买盘
1655,13:17:12,11.26,--,2,2252,买盘
1656,13:17:06,11.26,--,170,192185,卖盘
1657,13:17:03,11.26,--,1,1126,卖盘
1658,13:17:00,11.26,-0.01,2,2252,卖盘
1659,13:16:57,11.27,--,55,61985,买盘
1660,13:16:51,11.27,--,1,1127,买盘
1661,13:16:48,11.27,--,5,5635,买盘
1662,13:16:45,11.27,--,200,225400,买盘
1663,13:16:42,11.27,0.01,5,5635,买盘
1664,13:16:39,11.26,-0.01,5,5630,卖盘
1665,13:16:36,11.27,--,23,26664,买盘
1666,13:16:33,11.27,--,1,1127,买盘
1667,13:16:30,11.27,--,2,2254,买盘
1668,13:16:27,11.27,--,2,2254,买盘
1669,13:16:24,11.27,--,1,1127,买盘
1670,13:16:21,11.27,--,400,450800,买盘
1671,13:16:18,11.27,0.01,31,34937,买盘
1672,13:16:15,11.26,-0.01,49,55174,卖盘
1673,13:16:12,11.27,--,15,16905,买盘
1674,13:16:06,11.27,0.01,115,130348,买盘
1675,13:16:03,11.26,0.01,173,194798,买盘
1676,13:16:00,11.25,0.01,253,284625,买盘
1677,13:15:57,11.24,--,133,149694,买盘
1678,13:15:54,11.24,--,25,28100,买盘
1679,13:15:51,11.24,--,2,2248,买盘
1680,13:15:48,11.24,--,190,213560,买盘
1681,13:15:45,11.24,--,100,112400,买盘
1682,13:15:42,11.24,--,5,5620,买盘
1683,13:15:39,11.24,--,45,50580,买盘
1684,13:15:36,11.24,--,47,53569,买盘
1685,13:15:33,11.24,0.01,4,4496,买盘
1686,13:15:30,11.23,-0.01,36,40428,卖盘
1687,13:15:27,11.24,--,7,7868,买盘
1688,13:15:24,11.24,--,50,56200,买盘
1689,13:15:21,11.24,--,21,23604,买盘
1690,13:15:18,11.24,--,9,10116,买盘
1691,13:15:15,11.24,--,40,44960,买盘
1692,13:15:12,11.24,--,7,7868,买盘
1693,13:15:06,11.24,--,24,27717,买盘
1694,13:15:03,11.24,--,20,22480,买盘
1695,13:15:00,11.24,--,36,40464,买盘
1696,13:14:54,11.24,--,1,1124,买盘
1697,13:14:51,11.24,--,7,7868,买盘
1698,13:14:42,11.24,--,15,16860,买盘
1699,13:14:39,11.24,--,15,16860,买盘
1700,13:14:36,11.24,--,118,133373,买盘
1701,13:14:33,11.24,--,17,19108,买盘
1702,13:14:27,11.24,--,57,64068,买盘
1703,13:14:24,11.24,--,30,33720,买盘
1704,13:14:21,11.24,0.01,20,22480,买盘
1705,13:14:18,11.23,-0.01,37,41551,卖盘
1706,13:14:15,11.24,--,62,69688,买盘
1707,13:14:12,11.24,--,108,121392,买盘
1708,13:14:09,11.24,0.01,43,48332,买盘
1709,13:14:06,11.23,-0.01,23,26570,卖盘
1710,13:14:03,11.24,--,13,14612,买盘
1711,13:14:00,11.24,--,20,22480,买盘
1712,13:13:57,11.24,--,51,57324,买盘
1713,13:13:54,11.24,--,29,32596,买盘
1714,13:13:51,11.24,--,253,284372,买盘
1715,13:13:48,11.24,--,102,114648,买盘
1716,13:13:45,11.24,--,2,2248,买盘
1717,13:13:42,11.24,0.01,30,33720,买盘
1718,13:13:36,11.23,-0.01,21,24324,卖盘
1719,13:13:33,11.24,--,30,33720,买盘
1720,13:13:30,11.24,--,35,39340,买盘
1721,13:13:27,11.24,--,62,69688,买盘
1722,13:13:24,11.24,--,18,20232,买盘
1723,13:13:21,11.24,0.01,6,6744,买盘
1724,13:13:18,11.23,-0.01,19,21337,卖盘
1725,13:13:15,11.24,--,42,47208,买盘
1726,13:13:12,11.24,--,40,44960,买盘
1727,13:13:09,11.24,--,21,23604,买盘
1728,13:13:06,11.24,--,69,78297,买盘
1729,13:13:03,11.24,--,2,2248,买盘
1730,13:13:00,11.24,--,1,1124,买盘
1731,13:12:57,11.24,0.01,10,11240,买盘
1732,13:12:54,11.23,-0.01,4,4492,卖盘
1733,13:12:51,11.24,--,33,37092,买盘
1734,13:12:48,11.24,0.01,13,14612,买盘
1735,13:12:45,11.23,-0.01,11,12353,卖盘
1736,13:12:42,11.24,--,20,22480,买盘
1737,13:12:39,11.24,--,12,13488,买盘
1738,13:12:36,11.24,--,22,25469,买盘
1739,13:12:33,11.24,--,30,33720,买盘
1740,13:12:30,11.24,--,72,80928,买盘
1741,13:12:27,11.24,--,5,5620,买盘
1742,13:12:18,11.24,--,2,2248,买盘
1743,13:12:15,11.24,--,52,58448,买盘
1744,13:12:09,11.24,--,117,131508,买盘
1745,13:12:06,11.24,--,68,77173,买盘
1746,13:12:03,11.24,0.01,10,11240,买盘
1747,13:11:57,11.23,-0.01,16,17968,卖盘
1748,13:11:54,11.24,--,23,25852,买盘
1749,13:11:51,11.24,0.01,2,2248,买盘
1750,13:11:45,11.23,-0.01,116,130268,卖盘
1751,13:11:42,11.24,0.01,3,3372,买盘
1752,13:11:39,11.23,--,4,4492,卖盘
1753,13:11:36,11.23,-0.01,21,24324,卖盘
1754,13:11:33,11.24,--,16,17984,买盘
1755,13:11:30,11.24,0.01,1,1124,买盘
1756,13:11:27,11.23,-0.01,19,21337,卖盘
1757,13:11:24,11.24,--,7,7868,买盘
1758,13:11:21,11.24,--,68,76432,买盘
1759,13:11:15,11.24,--,41,46084,买盘
1760,13:11:12,11.24,0.01,33,37092,买盘
1761,13:11:06,11.23,-0.01,23,26570,卖盘
1762,13:11:00,11.24,--,3,3372,买盘
1763,13:10:57,11.24,--,2,2248,买盘
1764,13:10:54,11.24,--,1,1124,买盘
1765,13:10:51,11.24,--,60,67440,买盘
1766,13:10:48,11.24,0.01,49,55076,买盘
1767,13:10:45,11.23,--,12,13476,卖盘
1768,13:10:42,11.23,-0.01,6,6738,卖盘
1769,13:10:39,11.24,--,9,10116,买盘
1770,13:10:36,11.24,0.01,31,35585,买盘
1771,13:10:33,11.23,--,22,24706,卖盘
1772,13:10:24,11.23,--,5,5615,卖盘
1773,13:10:21,11.23,-0.01,62,69626,卖盘
1774,13:10:15,11.24,--,40,44960,买盘
1775,13:10:12,11.24,-0.01,2,2248,中性盘
1776,13:10:09,11.25,0.01,20,22500,买盘
1777,13:10:06,11.24,--,4,4878,卖盘
1778,13:10:03,11.24,--,0,741,买盘
1779,13:10:00,11.24,0.01,1,1124,买盘
1780,13:09:57,11.23,-0.01,110,123530,卖盘
1781,13:09:54,11.24,--,1,1124,买盘
1782,13:09:45,11.24,-0.01,9,10498,卖盘
1783,13:09:42,11.25,0.01,7,7875,买盘
1784,13:09:39,11.24,--,13,14612,卖盘
1785,13:09:36,11.24,-0.01,21,24345,卖盘
1786,13:09:30,11.25,--,1,1125,买盘
1787,13:09:21,11.25,--,23,25875,买盘
1788,13:09:18,11.25,0.02,25,28125,买盘
1789,13:09:15,11.23,-0.02,93,104753,卖盘
1790,13:09:12,11.25,--,24,27000,买盘
1791,13:09:09,11.25,--,2,2250,买盘
1792,13:09:06,11.25,0.01,22,25492,买盘
1793,13:09:03,11.24,-0.01,4,4496,卖盘
1794,13:09:00,11.25,--,6,6750,买盘
1795,13:08:57,11.25,0.01,2,2250,买盘
1796,13:08:54,11.24,--,50,56267,买盘
1797,13:08:51,11.24,--,88,98912,买盘
1798,13:08:48,11.24,--,65,73060,买盘
1799,13:08:45,11.24,-0.01,13,15668,卖盘
1800,13:08:42,11.25,0.01,27,30375,买盘
1801,13:08:36,11.24,--,23,26593,卖盘
1802,13:08:33,11.24,--,22,24728,卖盘
1803,13:08:27,11.24,-0.01,15,16860,卖盘
1804,13:08:24,11.25,0.01,20,22500,买盘
1805,13:08:15,11.24,--,82,92617,买盘
1806,13:08:12,11.24,-0.01,51,57998,卖盘
1807,13:08:09,11.25,--,34,38632,卖盘
1808,13:08:06,11.25,0.01,21,24367,卖盘
1809,13:08:03,11.24,-0.02,1201,1349924,卖盘
1810,13:08:00,11.26,--,11,12386,买盘
1811,13:07:57,11.26,0.01,47,52922,买盘
1812,13:07:54,11.25,--,17,19125,卖盘
1813,13:07:51,11.25,-0.01,139,156375,卖盘
1814,13:07:48,11.26,--,6,6756,买盘
1815,13:07:45,11.26,--,32,36032,买盘
1816,13:07:39,11.26,0.01,1,1126,买盘
1817,13:07:36,11.25,-0.01,40,45742,卖盘
1818,13:07:30,11.26,--,1,1126,买盘
1819,13:07:27,11.26,--,45,50670,买盘
1820,13:07:21,11.26,--,18,20268,买盘
1821,13:07:15,11.26,--,42,47292,买盘
1822,13:07:12,11.26,0.01,11,12386,买盘
1823,13:07:09,11.25,-0.01,1,1125,卖盘
1824,13:07:06,11.26,--,23,26641,买盘
1825,13:06:51,11.26,--,6,6756,买盘
1826,13:06:45,11.26,--,115,129490,买盘
1827,13:06:42,11.26,--,8,9008,买盘
1828,13:06:36,11.26,--,22,25515,买盘
1829,13:06:33,11.26,--,2,2252,买盘
1830,13:06:30,11.26,--,11,12386,买盘
1831,13:06:27,11.26,--,7,7882,买盘
1832,13:06:24,11.26,--,2,2252,买盘
1833,13:06:21,11.26,0.01,3,3378,买盘
1834,13:06:18,11.25,-0.01,91,102375,卖盘
1835,13:06:15,11.26,--,40,45040,买盘
1836,13:06:12,11.26,--,24,27024,买盘
1837,13:06:09,11.26,0.01,11,12386,买盘
1838,13:06:06,11.25,--,21,24367,卖盘
1839,13:06:00,11.25,-0.01,4,4500,卖盘
1840,13:05:54,11.26,--,30,33780,买盘
1841,13:05:51,11.26,--,116,130616,买盘
1842,13:05:48,11.26,0.01,31,34906,买盘
1843,13:05:45,11.25,-0.01,110,123750,卖盘
1844,13:05:42,11.26,--,6,6756,买盘
1845,13:05:36,11.26,--,47,53665,买盘
1846,13:05:33,11.26,--,11,12386,买盘
1847,13:05:30,11.26,--,2,2252,买盘
1848,13:05:27,11.26,--,4,4504,买盘
1849,13:05:18,11.26,--,22,24772,买盘
1850,13:05:15,11.26,0.01,47,52922,买盘
1851,13:05:12,11.25,-0.01,11,12375,卖盘
1852,13:05:09,11.26,0.01,17,19142,买盘
1853,13:05:06,11.25,-0.01,21,24367,卖盘
1854,13:04:54,11.26,--,22,24772,买盘
1855,13:04:51,11.26,--,50,56300,买盘
1856,13:04:45,11.26,--,142,159892,买盘
1857,13:04:39,11.26,--,79,88954,买盘
1858,13:04:36,11.26,0.01,25,28893,买盘
1859,13:04:33,11.25,-0.01,29,32625,卖盘
1860,13:04:30,11.26,--,1,1126,买盘
1861,13:04:27,11.26,0.01,50,56300,买盘
1862,13:04:24,11.25,-0.01,103,115875,卖盘
1863,13:04:21,11.26,0.01,1,1126,买盘
1864,13:04:18,11.25,-0.01,27,30375,卖盘
1865,13:04:15,11.26,0.01,70,78820,买盘
1866,13:04:12,11.25,--,371,417375,卖盘
1867,13:04:09,11.25,--,7,7875,卖盘
1868,13:04:06,11.25,-0.01,21,24367,卖盘
1869,13:04:03,11.26,--,11,12386,买盘
1870,13:04:00,11.26,--,1,1126,买盘
1871,13:03:57,11.26,--,10,11260,买盘
1872,13:03:51,11.26,0.01,21,23646,买盘
1873,13:03:48,11.25,--,12,13500,卖盘
1874,13:03:45,11.25,-0.02,1,1125,卖盘
1875,13:03:42,11.27,--,288,324576,买盘
1876,13:03:39,11.27,0.01,9,10143,买盘
1877,13:03:36,11.26,--,22,25515,卖盘
1878,13:03:30,11.26,--,242,272492,卖盘
1879,13:03:27,11.26,--,23,25898,卖盘
1880,13:03:21,11.26,--,1,1126,卖盘
1881,13:03:18,11.26,-0.01,110,123860,卖盘
1882,13:03:15,11.27,--,89,100303,买盘
1883,13:03:09,11.27,0.01,2,2254,买盘
1884,13:03:06,11.26,-0.01,23,26641,卖盘
1885,13:02:57,11.27,0.01,1,1127,买盘
1886,13:02:51,11.26,-0.01,690,776940,卖盘
1887,13:02:48,11.27,--,2,2254,买盘
1888,13:02:45,11.27,--,49,55223,买盘
1889,13:02:42,11.27,0.01,3,3561,买盘
1890,13:02:36,11.26,-0.01,28,32271,卖盘
1891,13:02:30,11.27,0.01,2,2254,买盘
1892,13:02:24,11.26,--,21,23646,卖盘
1893,13:02:21,11.26,-0.01,4,4504,卖盘
1894,13:02:15,11.27,--,39,43953,买盘
1895,13:02:12,11.27,--,5,5635,买盘
1896,13:02:09,11.27,0.01,1,1127,买盘
1897,13:02:06,11.26,-0.01,34,39027,卖盘
1898,13:02:03,11.27,0.01,2,2254,买盘
1899,13:02:00,11.26,-0.01,3,3378,卖盘
1900,13:01:51,11.27,--,6,6762,买盘
1901,13:01:48,11.27,0.01,10,11270,买盘
1902,13:01:45,11.26,-0.01,15,16890,卖盘
1903,13:01:36,11.27,--,77,87139,买盘
1904,13:01:33,11.27,--,33,37191,买盘
1905,13:01:30,11.27,--,110,123970,买盘
1906,13:01:27,11.27,--,111,125097,买盘
1907,13:01:24,11.27,-0.01,226,255085,卖盘
1908,13:01:15,11.28,--,42,47376,买盘
1909,13:01:06,11.28,--,22,25560,买盘
1910,13:01:03,11.28,-0.01,174,197118,卖盘
1911,13:00:57,11.29,-0.01,1,1129,中性盘
1912,13:00:54,11.3,0.02,2,2260,买盘
1913,13:00:45,11.28,--,30,33840,卖盘
1914,13:00:42,11.28,--,14,15792,卖盘
1915,13:00:36,11.28,--,21,24432,卖盘
1916,13:00:27,11.28,--,1,1128,卖盘
1917,13:00:24,11.28,-0.01,38,42864,卖盘
1918,13:00:15,11.29,--,8,9551,卖盘
1919,13:00:12,11.29,-0.01,14,15805,卖盘
1920,13:00:09,11.3,0.01,29,32770,买盘
1921,13:00:06,11.29,-0.01,189,213380,卖盘
1922,13:00:03,11.3,--,1011,1142430,买盘
1923,13:00:00,11.3,--,0,0,买盘
1924,11:30:00,11.3,--,13,14690,买盘
1925,11:29:57,11.3,--,3,3390,买盘
1926,11:29:54,11.3,--,1,1130,买盘
1927,11:29:48,11.3,0.01,2,2260,买盘
1928,11:29:39,11.29,--,16,18064,买盘
1929,11:29:36,11.29,--,1,1129,买盘
1930,11:29:33,11.29,--,40,45160,买盘
1931,11:29:24,11.29,--,845,954004,卖盘
1932,11:29:18,11.29,-0.01,9,10161,卖盘
1933,11:29:15,11.3,--,40,45200,买盘
1934,11:29:06,11.3,--,2,2260,买盘
1935,11:29:03,11.3,0.01,2,2260,买盘
1936,11:28:57,11.29,-0.01,100,112899,卖盘
1937,11:28:51,11.3,--,1,1130,买盘
1938,11:28:30,11.3,--,11,12430,买盘
1939,11:28:27,11.3,0.01,20,22600,买盘
1940,11:28:24,11.29,-0.01,1,1129,卖盘
1941,11:28:21,11.3,--,2,2260,买盘
1942,11:28:15,11.3,--,45,50850,买盘
1943,11:28:12,11.3,0.01,4,4520,买盘
1944,11:28:06,11.29,-0.01,18,20322,卖盘
1945,11:28:00,11.3,--,10,11300,买盘
1946,11:27:57,11.3,-0.01,9,10350,卖盘
1947,11:27:54,11.31,--,4,4524,买盘
1948,11:27:51,11.31,--,1,1131,买盘
1949,11:27:45,11.31,0.01,1,1131,买盘
1950,11:27:36,11.3,-0.01,0,1096,卖盘
1951,11:27:33,11.31,--,2,2262,买盘
1952,11:27:27,11.31,0.01,1,1131,买盘
1953,11:27:18,11.3,--,40,46183,买盘
1954,11:27:15,11.3,0.01,44,49720,买盘
1955,11:27:12,11.29,-0.01,23,25966,卖盘
1956,11:27:09,11.3,--,60,67800,买盘
1957,11:27:06,11.3,--,8,9040,买盘
1958,11:27:03,11.3,--,7,7910,买盘
1959,11:26:54,11.3,--,20,22600,买盘
1960,11:26:39,11.3,--,1,1130,买盘
1961,11:26:36,11.3,--,20,22600,买盘
1962,11:26:33,11.3,--,1,1130,买盘
1963,11:26:30,11.3,-0.02,1498,1692886,卖盘
1964,11:26:24,11.32,--,1,1132,买盘
1965,11:26:21,11.32,--,4,4528,买盘
1966,11:26:18,11.32,--,2,2264,买盘
1967,11:26:15,11.32,0.01,39,44148,买盘
1968,11:26:12,11.31,-0.01,4,4524,卖盘
1969,11:26:09,11.32,--,4,4528,买盘
1970,11:26:06,11.32,--,1,1132,买盘
1971,11:26:03,11.32,0.01,1,1132,买盘
1972,11:26:00,11.31,--,341,385671,卖盘
1973,11:25:57,11.31,-0.01,10,11310,卖盘
1974,11:25:54,11.32,--,55,62260,买盘
1975,11:25:51,11.32,--,10,11320,买盘
1976,11:25:45,11.32,--,3,3396,买盘
1977,11:25:36,11.32,0.01,4,4528,买盘
1978,11:25:33,11.31,-0.01,20,22620,卖盘
1979,11:25:30,11.32,--,1,1132,买盘
1980,11:25:27,11.32,--,1,1132,买盘
1981,11:25:24,11.32,--,5,5660,买盘
1982,11:25:21,11.32,0.02,2,2445,买盘
1983,11:25:15,11.3,-0.02,65,73450,卖盘
1984,11:25:12,11.32,0.01,22,24904,买盘
1985,11:25:06,11.31,--,10,11310,中性盘
1986,11:25:03,11.31,0.01,1,1131,买盘
1987,11:25:00,11.3,0.01,19,21470,卖盘
1988,11:24:54,11.29,--,78,88863,买盘
1989,11:24:51,11.29,-0.01,121,136936,卖盘
1990,11:24:48,11.3,--,47,53912,买盘
1991,11:24:45,11.3,--,110,124300,买盘
1992,11:24:42,11.3,-0.01,534,603747,卖盘
1993,11:24:33,11.31,-0.01,10,11310,卖盘
1994,11:24:30,11.32,0.01,4,4528,买盘
1995,11:24:27,11.31,--,11,12441,卖盘
1996,11:24:24,11.31,--,19,21489,卖盘
1997,11:24:18,11.31,--,80,90480,卖盘
1998,11:24:15,11.31,--,5,6729,买盘
1999,11:24:12,11.31,0.01,1,1131,买盘
2000,11:24:03,11.3,-0.01,14,15876,卖盘
2001,11:24:00,11.31,-0.01,8,9048,卖盘
2002,11:23:54,11.32,--,2,2264,买盘
2003,11:23:48,11.32,--,1,1132,买盘
2004,11:23:36,11.32,--,6,6792,买盘
2005,11:23:33,11.32,--,50,56600,买盘
2006,11:23:30,11.32,0.01,106,119992,买盘
2007,11:23:15,11.31,--,26,30480,买盘
2008,11:23:12,11.31,--,2,2262,买盘
2009,11:23:09,11.31,0.01,400,452400,买盘
2010,11:23:03,11.3,-0.01,20,22600,卖盘
2011,11:23:00,11.31,--,1,1131,买盘
2012,11:22:51,11.31,0.01,1,1131,买盘
2013,11:22:42,11.3,-0.01,7,7910,卖盘
2014,11:22:39,11.31,--,2,2262,买盘
2015,11:22:36,11.31,--,90,101790,买盘
2016,11:22:30,11.31,--,2,2262,买盘
2017,11:22:15,11.31,0.01,39,44109,买盘
2018,11:22:12,11.3,-0.01,30,33900,卖盘
2019,11:22:00,11.31,0.01,3,3393,买盘
2020,11:21:57,11.3,--,32,36160,卖盘
2021,11:21:51,11.3,--,0,858,卖盘
2022,11:21:45,11.3,0.01,18,20340,买盘
2023,11:21:42,11.29,--,49,55320,买盘
2024,11:21:39,11.29,--,3,3386,买盘
2025,11:21:33,11.29,-0.02,149,168221,卖盘
2026,11:21:30,11.31,0.01,300,339300,买盘
2027,11:21:24,11.3,--,110,124300,买盘
2028,11:21:21,11.3,--,1,1130,买盘
2029,11:21:18,11.3,--,23,25990,买盘
2030,11:21:15,11.3,0.01,10,11300,买盘
2031,11:21:06,11.29,0.01,40,45160,买盘
2032,11:21:03,11.28,-0.01,5,5640,卖盘
2033,11:20:57,11.29,--,170,191930,卖盘
2034,11:20:54,11.29,-0.01,17,19193,卖盘
2035,11:20:51,11.3,--,2,2260,买盘
2036,11:20:48,11.3,0.01,19,21470,买盘
2037,11:20:42,11.29,-0.01,1,1129,卖盘
2038,11:20:21,11.3,0.01,10,11300,买盘
2039,11:20:18,11.29,--,10,11290,卖盘
2040,11:20:09,11.29,--,250,282250,卖盘
2041,11:20:06,11.29,--,6,6773,卖盘
2042,11:19:54,11.29,--,59,66611,买盘
2043,11:19:51,11.29,--,2,2258,买盘
2044,11:19:39,11.29,-0.01,19,21451,卖盘
2045,11:19:36,11.3,--,33,37290,买盘
2046,11:19:30,11.3,--,1,1130,买盘
2047,11:19:27,11.3,--,27,30510,买盘
2048,11:19:21,11.3,--,20,22600,买盘
2049,11:19:18,11.3,--,100,113000,买盘
2050,11:19:12,11.3,--,1,1130,买盘
2051,11:19:09,11.3,--,55,62150,买盘
2052,11:19:06,11.3,--,110,124300,买盘
2053,11:19:03,11.3,--,110,124300,买盘
2054,11:19:00,11.3,--,2,2260,买盘
2055,11:18:57,11.3,--,36,40680,买盘
2056,11:18:51,11.3,--,301,340130,买盘
2057,11:18:45,11.3,--,667,754173,买盘
2058,11:18:42,11.3,0.01,10,11300,买盘
2059,11:18:33,11.29,-0.01,17,19193,卖盘
2060,11:18:30,11.3,0.01,77,87010,买盘
2061,11:18:24,11.29,--,5,5645,卖盘
2062,11:18:18,11.29,--,4,4516,卖盘
2063,11:18:12,11.29,-0.01,3,3386,卖盘
2064,11:18:09,11.3,0.01,50,56500,买盘
2065,11:18:06,11.29,--,10,11956,买盘
2066,11:18:03,11.29,--,2,2258,买盘
2067,11:18:00,11.29,--,22,24837,买盘
2068,11:17:57,11.29,--,1,1129,买盘
2069,11:17:51,11.29,--,50,56449,买盘
2070,11:17:48,11.29,0.01,5,5645,买盘
2071,11:17:45,11.28,-0.01,19,21432,卖盘
2072,11:17:42,11.29,--,15,16935,买盘
2073,11:17:39,11.29,--,4,4516,买盘
2074,11:17:33,11.29,--,68,76772,买盘
2075,11:17:27,11.29,0.01,7,7902,买盘
2076,11:17:24,11.28,-0.01,28,31584,卖盘
2077,11:17:21,11.29,--,1,1129,买盘
2078,11:17:15,11.29,0.01,20,22580,买盘
2079,11:17:12,11.28,-0.01,17,19176,卖盘
2080,11:17:09,11.29,--,52,58707,买盘
2081,11:17:06,11.29,--,27,30482,买盘
2082,11:17:00,11.29,0.01,6,6773,买盘
2083,11:16:57,11.28,--,0,45,卖盘
2084,11:16:54,11.28,-0.01,29,32711,卖盘
2085,11:16:51,11.29,--,12,13547,买盘
2086,11:16:48,11.29,--,132,149028,买盘
2087,11:16:42,11.29,--,3,3386,买盘
2088,11:16:39,11.29,--,1,1129,买盘
2089,11:16:36,11.29,0.01,16,18064,买盘
2090,11:16:33,11.28,-0.01,31,35069,卖盘
2091,11:16:27,11.29,--,1,1129,买盘
2092,11:16:24,11.29,--,10,11290,买盘
2093,11:16:18,11.29,--,39,44031,买盘
2094,11:16:15,11.29,-0.01,187,211585,卖盘
2095,11:16:12,11.3,--,2,2260,买盘
2096,11:16:06,11.3,--,15,16950,买盘
2097,11:16:03,11.3,0.01,5,5650,买盘
2098,11:15:57,11.29,-0.01,137,154673,卖盘
2099,11:15:54,11.3,--,49,55370,买盘
2100,11:15:51,11.3,--,9,10170,买盘
2101,11:15:48,11.3,--,44,49720,买盘
2102,11:15:45,11.3,--,154,174020,买盘
2103,11:15:42,11.3,--,53,59890,买盘
2104,11:15:33,11.3,0.01,398,449740,买盘
2105,11:15:27,11.29,--,11,12418,卖盘
2106,11:15:24,11.29,--,258,291948,买盘
2107,11:15:18,11.29,--,5,5645,买盘
2108,11:15:15,11.29,--,30,33870,买盘
2109,11:15:03,11.29,0.01,8,9032,买盘
2110,11:15:00,11.28,--,22,24816,买盘
2111,11:14:57,11.28,-0.01,108,121824,卖盘
2112,11:14:54,11.29,--,134,151286,买盘
2113,11:14:51,11.29,0.01,194,219025,买盘
2114,11:14:45,11.28,--,40,45120,买盘
2115,11:14:36,11.28,-0.01,84,94752,卖盘
2116,11:14:33,11.29,0.01,88,99351,买盘
2117,11:14:30,11.28,--,20,22560,卖盘
2118,11:14:27,11.28,--,47,53016,买盘
2119,11:14:24,11.28,--,2,2256,买盘
2120,11:14:21,11.28,--,9,10152,买盘
2121,11:14:18,11.28,0.01,8,9024,买盘
2122,11:14:12,11.27,-0.01,58,65366,卖盘
2123,11:14:09,11.28,--,10,11280,买盘
2124,11:14:06,11.28,--,40,45120,买盘
2125,11:14:00,11.28,0.01,1,1128,买盘
2126,11:13:57,11.27,--,92,103684,卖盘
2127,11:13:42,11.27,-0.01,10,11270,卖盘
2128,11:13:39,11.28,--,1,1128,买盘
2129,11:13:36,11.28,0.01,165,186120,买盘
2130,11:13:33,11.27,--,76,85652,买盘
2131,11:13:30,11.27,--,6,6762,买盘
2132,11:13:27,11.27,0.01,2,2254,买盘
2133,11:13:15,11.26,-0.01,6,6756,卖盘
2134,11:13:03,11.27,--,9,10143,买盘
2135,11:13:00,11.27,0.01,26,29302,买盘
2136,11:12:57,11.26,--,57,64182,卖盘
2137,11:12:54,11.26,--,3,3378,卖盘
2138,11:12:48,11.26,--,18,20268,卖盘
2139,11:12:45,11.26,--,1,1126,卖盘
2140,11:12:42,11.26,--,22,24772,买盘
2141,11:12:36,11.26,-0.01,53,59678,卖盘
2142,11:12:33,11.27,0.01,6,6762,买盘
2143,11:12:24,11.26,-0.01,48,54048,卖盘
2144,11:12:15,11.27,--,1,1127,买盘
2145,11:12:12,11.27,0.01,4,4508,买盘
2146,11:12:09,11.26,--,12,13512,买盘
2147,11:12:06,11.26,--,11,12386,买盘
2148,11:12:00,11.26,0.01,19,21394,买盘
2149,11:11:57,11.25,-0.01,37,41625,卖盘
2150,11:11:54,11.26,0.01,3,3378,买盘
2151,11:11:51,11.25,-0.01,101,113625,卖盘
2152,11:11:48,11.26,--,14,15764,买盘
2153,11:11:39,11.26,0.01,25,28150,买盘
2154,11:11:36,11.25,-0.01,21,23625,卖盘
2155,11:11:30,11.26,--,132,148632,买盘
2156,11:11:27,11.26,--,59,66434,卖盘
2157,11:11:18,11.26,--,5,5630,买盘
2158,11:11:15,11.26,0.01,75,84450,买盘
2159,11:11:12,11.25,-0.01,10,11250,卖盘
2160,11:11:09,11.26,--,14,15764,买盘
2161,11:11:03,11.26,0.01,10,11260,买盘
2162,11:10:57,11.25,--,48,54000,卖盘
2163,11:10:54,11.25,-0.01,20,22500,卖盘
2164,11:10:51,11.26,--,9,10134,买盘
2165,11:10:45,11.26,--,282,317532,买盘
2166,11:10:42,11.26,--,9,10134,买盘
2167,11:10:39,11.26,--,12,13512,买盘
2168,11:10:36,11.26,--,26,29276,买盘
2169,11:10:33,11.26,0.01,22,24772,买盘
2170,11:10:27,11.25,-0.01,15,16875,卖盘
2171,11:10:15,11.26,--,21,23646,买盘
2172,11:10:12,11.26,--,87,97962,买盘
2173,11:10:06,11.26,--,15,16890,买盘
2174,11:10:00,11.26,--,10,11260,买盘
2175,11:09:57,11.26,--,55,61930,买盘
2176,11:09:54,11.26,--,130,146380,买盘
2177,11:09:48,11.26,--,41,46166,买盘
2178,11:09:45,11.26,--,10,11260,买盘
2179,11:09:39,11.26,0.01,11,12386,买盘
2180,11:09:36,11.25,--,10,11250,卖盘
2181,11:09:30,11.25,-0.01,50,56250,卖盘
2182,11:09:27,11.26,0.01,31,34906,买盘
2183,11:09:24,11.25,-0.01,10,11250,卖盘
2184,11:09:18,11.26,0.01,13,14638,买盘
2185,11:09:15,11.25,--,10,11250,卖盘
2186,11:09:12,11.25,-0.01,17,19125,卖盘
2187,11:09:09,11.26,--,22,24772,买盘
2188,11:09:06,11.26,--,7,7882,买盘
2189,11:09:03,11.26,0.01,11,12386,买盘
2190,11:09:00,11.25,--,50,56250,卖盘
2191,11:08:57,11.25,--,37,41625,卖盘
2192,11:08:54,11.25,-0.01,28,31500,卖盘
2193,11:08:51,11.26,0.01,3,3378,买盘
2194,11:08:42,11.25,-0.01,14,15750,卖盘
2195,11:08:39,11.26,--,126,141876,买盘
2196,11:08:36,11.26,--,32,36032,买盘
2197,11:08:33,11.26,--,262,295012,买盘
2198,11:08:30,11.26,--,12,13512,买盘
2199,11:08:21,11.26,--,4,4504,买盘
2200,11:08:15,11.26,-0.01,97,109222,卖盘
2201,11:08:12,11.27,0.01,91,102557,买盘
2202,11:08:09,11.26,--,25,28150,买盘
2203,11:08:06,11.26,-0.01,311,350186,卖盘
2204,11:08:03,11.27,--,95,107065,买盘
2205,11:08:00,11.27,--,22,24794,买盘
2206,11:07:57,11.27,--,69,77763,买盘
2207,11:07:51,11.27,--,18,20286,买盘
2208,11:07:48,11.27,--,20,22540,买盘
2209,11:07:45,11.27,--,6,6762,买盘
2210,11:07:42,11.27,--,2,2254,买盘
2211,11:07:39,11.27,--,10,11270,买盘
2212,11:07:36,11.27,--,20,22540,买盘
2213,11:07:30,11.27,0.01,1,1127,买盘
2214,11:07:27,11.26,-0.01,30,33780,卖盘
2215,11:07:24,11.27,0.01,11,12397,买盘
2216,11:07:09,11.26,--,68,76568,卖盘
2217,11:07:00,11.26,--,105,118230,卖盘
2218,11:06:57,11.26,--,47,52922,卖盘
2219,11:06:51,11.26,-0.01,2,2252,卖盘
2220,11:06:48,11.27,0.01,22,24794,买盘
2221,11:06:45,11.26,--,132,148632,买盘
2222,11:06:42,11.26,--,4,4504,买盘
2223,11:06:39,11.26,--,5,5630,买盘
2224,11:06:36,11.26,--,32,36032,买盘
2225,11:06:33,11.26,--,6,6756,买盘
2226,11:06:30,11.26,--,20,22520,买盘
2227,11:06:27,11.26,--,50,56300,买盘
2228,11:06:24,11.26,--,8,9008,买盘
2229,11:06:15,11.26,--,2,2252,买盘
2230,11:06:12,11.26,0.01,68,76568,买盘
2231,11:06:09,11.25,--,18,20250,卖盘
2232,11:06:06,11.25,-0.01,9,10125,卖盘
2233,11:06:03,11.26,--,29,32654,买盘
2234,11:06:00,11.26,0.01,10,11260,买盘
2235,11:05:57,11.25,-0.01,39,43875,卖盘
2236,11:05:54,11.26,--,133,149758,买盘
2237,11:05:51,11.26,--,148,166648,买盘
2238,11:05:48,11.26,--,9,10134,买盘
2239,11:05:45,11.26,--,5,5630,买盘
2240,11:05:39,11.26,--,1,1126,买盘
2241,11:05:36,11.26,--,28,31528,买盘
2242,11:05:33,11.26,0.01,5,5630,买盘
2243,11:05:30,11.25,--,56,63000,卖盘
2244,11:05:24,11.25,--,1,1125,卖盘
2245,11:05:21,11.25,--,50,56250,卖盘
2246,11:05:18,11.25,--,26,29250,卖盘
2247,11:05:12,11.25,-0.01,37,41625,卖盘
2248,11:05:06,11.26,0.01,336,378336,买盘
2249,11:05:03,11.25,0.01,50,56250,买盘
2250,11:05:00,11.24,--,86,96664,卖盘
2251,11:04:57,11.24,-0.01,50,56200,卖盘
2252,11:04:54,11.25,--,21,23625,买盘
2253,11:04:51,11.25,--,20,22500,买盘
2254,11:04:48,11.25,--,2,2250,买盘
2255,11:04:42,11.25,--,13,14625,买盘
2256,11:04:39,11.25,0.01,10,11250,买盘
2257,11:04:36,11.24,-0.01,6,6744,卖盘
2258,11:04:33,11.25,--,10,11250,买盘
2259,11:04:30,11.25,0.01,2,2250,买盘
2260,11:04:27,11.24,-0.01,40,45859,卖盘
2261,11:04:24,11.25,--,30,33750,买盘
2262,11:04:21,11.25,--,35,39375,买盘
2263,11:04:15,11.25,--,22,24750,买盘
2264,11:04:09,11.25,--,62,69750,买盘
2265,11:04:03,11.25,--,15,16875,买盘
2266,11:04:00,11.25,--,2,2250,买盘
2267,11:03:54,11.25,--,20,22500,买盘
2268,11:03:51,11.25,0.01,7,7875,买盘
2269,11:03:45,11.24,--,96,107904,卖盘
2270,11:03:42,11.24,--,10,11240,卖盘
2271,11:03:36,11.24,--,262,294488,买盘
2272,11:03:33,11.24,--,128,143872,买盘
2273,11:03:30,11.24,--,72,80928,买盘
2274,11:03:27,11.24,--,26,29224,买盘
2275,11:03:24,11.24,--,15,16860,买盘
2276,11:03:21,11.24,--,20,22480,买盘
2277,11:03:18,11.24,--,17,19108,买盘
2278,11:03:15,11.24,--,37,41588,买盘
2279,11:03:12,11.24,0.01,30,33720,买盘
2280,11:03:09,11.23,-0.01,16,17968,卖盘
2281,11:03:06,11.24,--,93,104532,买盘
2282,11:03:03,11.24,0.01,30,33720,买盘
2283,11:03:00,11.23,-0.01,2,2246,卖盘
2284,11:02:57,11.24,--,627,704748,买盘
2285,11:02:51,11.24,--,35,39340,买盘
2286,11:02:48,11.24,--,10,11240,买盘
2287,11:02:45,11.24,--,14,15736,买盘
2288,11:02:42,11.24,--,64,71936,买盘
2289,11:02:36,11.24,0.01,62,69688,买盘
2290,11:02:33,11.23,--,7,7861,卖盘
2291,11:02:30,11.23,--,162,182229,买盘
2292,11:02:27,11.23,0.01,186,208878,买盘
2293,11:02:24,11.22,-0.01,27,30294,卖盘
2294,11:02:21,11.23,--,25,28075,买盘
2295,11:02:18,11.23,--,77,86471,买盘
2296,11:02:15,11.23,--,17,19091,买盘
2297,11:02:12,11.23,--,149,167327,买盘
2298,11:02:09,11.23,--,53,59519,买盘
2299,11:02:06,11.23,--,5,5615,买盘
2300,11:02:03,11.23,0.01,66,74118,买盘
2301,11:02:00,11.22,-0.01,131,146982,卖盘
2302,11:01:57,11.23,0.01,201,225723,买盘
2303,11:01:51,11.22,-0.01,88,98736,卖盘
2304,11:01:48,11.23,--,10,11230,卖盘
2305,11:01:45,11.23,--,64,71872,卖盘
2306,11:01:39,11.23,--,62,69626,卖盘
2307,11:01:36,11.23,--,129,145428,买盘
2308,11:01:33,11.23,--,1016,1140968,买盘
2309,11:01:30,11.23,0.03,118,132514,买盘
2310,11:01:27,11.2,-0.03,1094,1225280,卖盘
2311,11:01:24,11.23,--,5,5615,卖盘
2312,11:01:21,11.23,--,14,15722,卖盘
2313,11:01:18,11.23,0.02,43,48289,中性盘
2314,11:01:15,11.21,-0.02,971,1088491,卖盘
2315,11:01:12,11.23,-0.01,97,108931,卖盘
2316,11:01:09,11.24,0.01,28,31472,买盘
2317,11:01:06,11.23,--,6,6738,卖盘
2318,11:01:00,11.23,--,41,46043,卖盘
2319,11:00:57,11.23,-0.01,104,116792,卖盘
2320,11:00:51,11.24,0.01,10,11240,买盘
2321,11:00:48,11.23,--,80,89840,卖盘
2322,11:00:45,11.23,--,33,37059,卖盘
2323,11:00:42,11.23,--,36,40428,卖盘
2324,11:00:39,11.23,-0.01,36,40428,卖盘
2325,11:00:36,11.24,--,1,1124,买盘
2326,11:00:33,11.24,-0.01,41,46084,买盘
2327,11:00:27,11.25,0.01,20,22500,买盘
2328,11:00:24,11.24,-0.01,94,105656,卖盘
2329,11:00:21,11.25,--,1,1125,买盘
2330,11:00:18,11.25,--,204,229500,买盘
2331,11:00:15,11.25,--,112,126000,买盘
2332,11:00:12,11.25,--,35,39375,买盘
2333,11:00:06,11.25,0.01,20,22500,买盘
2334,11:00:03,11.24,-0.01,115,129260,卖盘
2335,11:00:00,11.25,0.01,358,402750,买盘
2336,10:59:54,11.24,-0.01,35,39340,卖盘
2337,10:59:51,11.25,--,6,6750,买盘
2338,10:59:48,11.25,--,5,5625,买盘
2339,10:59:45,11.25,--,5,5625,买盘
2340,10:59:42,11.25,--,200,225000,买盘
2341,10:59:39,11.25,--,11,12375,买盘
2342,10:59:36,11.25,-0.01,912,1026000,卖盘
2343,10:59:33,11.26,0.01,25,28150,买盘
2344,10:59:30,11.25,-0.01,15,16875,卖盘
2345,10:59:27,11.26,0.01,55,61930,买盘
2346,10:59:24,11.25,--,37,41625,卖盘
2347,10:59:21,11.25,--,54,60750,卖盘
2348,10:59:18,11.25,--,131,147375,卖盘
2349,10:59:15,11.25,-0.01,31,34875,卖盘
2350,10:59:12,11.26,--,570,641820,买盘
2351,10:59:09,11.26,0.01,196,220696,买盘
2352,10:59:03,11.25,--,90,101250,卖盘
2353,10:59:00,11.25,-0.01,3,3375,卖盘
2354,10:58:57,11.26,0.01,77,86702,买盘
2355,10:58:54,11.25,-0.01,8,9000,卖盘
2356,10:58:51,11.26,0.01,134,150884,买盘
2357,10:58:45,11.25,--,210,236250,卖盘
2358,10:58:42,11.25,-0.01,32,36000,卖盘
2359,10:58:39,11.26,0.01,111,124986,买盘
2360,10:58:36,11.25,-0.01,50,56250,卖盘
2361,10:58:33,11.26,--,151,170026,买盘
2362,10:58:30,11.26,--,24,27024,买盘
2363,10:58:27,11.26,--,96,108096,买盘
2364,10:58:24,11.26,--,57,64182,买盘
2365,10:58:21,11.26,--,577,649702,买盘
2366,10:58:18,11.26,0.01,30,33780,买盘
2367,10:58:15,11.25,-0.04,298,335250,卖盘
2368,10:58:12,11.29,0.03,35,39515,买盘
2369,10:58:09,11.26,-0.02,9,10134,卖盘
2370,10:58:03,11.28,0.02,3,3384,买盘
2371,10:57:57,11.26,--,51,57426,买盘
2372,10:57:54,11.26,--,108,121608,买盘
2373,10:57:51,11.26,--,121,136246,买盘
2374,10:57:48,11.26,--,96,108096,买盘
2375,10:57:45,11.26,-0.03,1567,1764442,卖盘
2376,10:57:33,11.29,--,5,5645,买盘
2377,10:57:27,11.29,--,2,2258,买盘
2378,10:57:24,11.29,--,40,45160,买盘
2379,10:57:18,11.29,--,565,637885,买盘
2380,10:57:12,11.29,0.01,3,3386,买盘
2381,10:57:09,11.28,-0.01,12,13536,卖盘
2382,10:57:06,11.29,--,10,11290,买盘
2383,10:57:03,11.29,--,38,42902,买盘
2384,10:56:54,11.29,0.01,10,11290,买盘
2385,10:56:48,11.28,-0.01,52,58656,卖盘
2386,10:56:45,11.29,0.01,170,191930,买盘
2387,10:56:42,11.28,--,10,11280,卖盘
2388,10:56:36,11.28,-0.01,40,45120,卖盘
2389,10:56:33,11.29,--,16,18064,买盘
2390,10:56:30,11.29,--,2,2258,买盘
2391,10:56:24,11.29,0.01,10,11290,买盘
2392,10:56:21,11.28,--,291,328248,卖盘
2393,10:56:18,11.28,-0.01,15,16920,卖盘
2394,10:56:15,11.29,0.01,30,33870,买盘
2395,10:56:12,11.28,-0.01,111,125208,卖盘
2396,10:56:09,11.29,0.01,1,1129,买盘
2397,10:55:51,11.28,-0.01,13,14664,卖盘
2398,10:55:45,11.29,0.01,19,21451,买盘
2399,10:55:36,11.28,0.01,18,20304,买盘
2400,10:55:30,11.27,-0.01,98,110446,卖盘
2401,10:55:27,11.28,0.01,455,513240,买盘
2402,10:55:21,11.27,--,7,7889,卖盘
2403,10:55:18,11.27,--,10,11270,卖盘
2404,10:55:15,11.27,-0.01,77,86779,卖盘
2405,10:55:12,11.28,--,7,7896,买盘
2406,10:55:09,11.28,0.01,10,11280,买盘
2407,10:55:06,11.27,--,60,67620,卖盘
2408,10:54:54,11.27,--,241,271607,买盘
2409,10:54:51,11.27,0.01,41,46207,买盘
2410,10:54:48,11.26,-0.01,10,11260,卖盘
2411,10:54:45,11.27,0.01,113,127351,买盘
2412,10:54:42,11.26,--,72,81072,卖盘
2413,10:54:39,11.26,-0.02,12,13512,卖盘
2414,10:54:36,11.28,0.02,83,93624,买盘
2415,10:54:33,11.26,-0.01,194,218444,卖盘
2416,10:54:30,11.27,--,9,10143,买盘
2417,10:54:27,11.27,0.01,52,58604,买盘
2418,10:54:21,11.26,-0.01,123,138498,卖盘
2419,10:54:12,11.27,--,70,78890,买盘
2420,10:54:09,11.27,--,107,120589,买盘
2421,10:54:06,11.27,--,23,25921,买盘
2422,10:54:03,11.27,0.01,75,84525,买盘
2423,10:54:00,11.26,-0.01,173,194798,卖盘
2424,10:53:54,11.27,--,160,180320,买盘
2425,10:53:51,11.27,0.01,191,215257,买盘
2426,10:53:48,11.26,-0.01,33,37158,卖盘
2427,10:53:45,11.27,--,10,11270,买盘
2428,10:53:42,11.27,--,13,14651,买盘
2429,10:53:39,11.27,0.01,10,11270,买盘
2430,10:53:36,11.26,-0.01,19,21394,卖盘
2431,10:53:30,11.27,0.01,1,1127,买盘
2432,10:53:27,11.26,-0.01,3,3378,卖盘
2433,10:53:24,11.27,--,30,33810,买盘
2434,10:53:18,11.27,0.01,158,178066,买盘
2435,10:53:15,11.26,--,518,583268,卖盘
2436,10:53:12,11.26,-0.01,46,51796,卖盘
2437,10:53:06,11.27,0.01,30,33810,中性盘
2438,10:53:03,11.26,-0.01,90,101340,卖盘
2439,10:53:00,11.27,--,4,4508,卖盘
2440,10:52:57,11.27,--,54,60858,卖盘
2441,10:52:54,11.27,--,3,3381,卖盘
2442,10:52:51,11.27,--,152,171304,卖盘
2443,10:52:45,11.27,-0.01,144,162288,卖盘
2444,10:52:42,11.28,--,63,71064,买盘
2445,10:52:39,11.28,0.01,6,6768,买盘
2446,10:52:33,11.27,-0.02,26,29302,卖盘
2447,10:52:30,11.29,0.01,591,667239,买盘
2448,10:52:27,11.28,--,324,365472,卖盘
2449,10:52:24,11.28,--,41,46248,卖盘
2450,10:52:21,11.28,--,22,24816,卖盘
2451,10:52:18,11.28,--,110,124080,卖盘
2452,10:52:15,11.28,-0.01,7,7896,卖盘
2453,10:52:12,11.29,--,11,12418,买盘
2454,10:52:09,11.29,--,6,6773,买盘
2455,10:52:03,11.29,-0.01,51,57578,卖盘
2456,10:52:00,11.3,0.01,10,11300,买盘
2457,10:51:57,11.29,--,398,449341,卖盘
2458,10:51:54,11.29,-0.01,150,169350,卖盘
2459,10:51:51,11.3,--,39,44070,买盘
2460,10:51:48,11.3,--,10,11300,买盘
2461,10:51:45,11.3,--,10,11300,买盘
2462,10:51:42,11.3,--,2374,2683298,卖盘
2463,10:51:39,11.3,-0.01,53,59890,卖盘
2464,10:51:36,11.31,0.01,35,39585,买盘
2465,10:51:33,11.3,-0.01,1001,1131130,卖盘
2466,10:51:30,11.31,--,1,1131,买盘
2467,10:51:27,11.31,0.01,2,2262,中性盘
2468,10:51:21,11.3,-0.02,504,569520,卖盘
2469,10:51:18,11.32,--,36,40752,买盘
2470,10:51:15,11.32,0.01,5,5660,买盘
2471,10:51:12,11.31,0.01,525,594227,买盘
2472,10:51:09,11.3,-0.01,59,66670,卖盘
2473,10:51:06,11.31,--,516,583596,买盘
2474,10:51:00,11.31,0.01,1,1131,买盘
2475,10:50:57,11.3,--,52,58760,卖盘
2476,10:50:54,11.3,-0.01,500,565000,卖盘
2477,10:50:48,11.31,--,51,57681,买盘
2478,10:50:45,11.31,--,20,22620,买盘
2479,10:50:42,11.31,--,25,28275,买盘
2480,10:50:36,11.31,--,5,5655,买盘
2481,10:50:33,11.31,--,21,23751,买盘
2482,10:50:30,11.31,--,1,1131,买盘
2483,10:50:27,11.31,--,20,22620,买盘
2484,10:50:18,11.31,0.01,80,90480,买盘
2485,10:50:15,11.3,-0.01,54,61020,卖盘
2486,10:50:12,11.31,--,12,13572,买盘
2487,10:50:09,11.31,--,14,16512,卖盘
2488,10:50:06,11.31,--,40,45692,卖盘
2489,10:49:54,11.31,--,188,212628,买盘
2490,10:49:48,11.31,--,4,4524,买盘
2491,10:49:45,11.31,--,26,29406,买盘
2492,10:49:42,11.31,--,3,3393,卖盘
2493,10:49:39,11.31,--,32,36192,买盘
2494,10:49:30,11.31,0.01,142,160602,中性盘
2495,10:49:24,11.3,-0.01,506,571780,卖盘
2496,10:49:21,11.31,--,155,175305,买盘
2497,10:49:18,11.31,0.01,20,22620,买盘
2498,10:49:15,11.3,-0.01,3,3390,卖盘
2499,10:49:09,11.31,0.01,94,106314,买盘
2500,10:49:06,11.3,-0.01,505,570650,卖盘
2501,10:49:03,11.31,--,25,28275,买盘
2502,10:49:00,11.31,--,11,12441,买盘
2503,10:48:57,11.31,--,5,5655,买盘
2504,10:48:54,11.31,0.01,50,56550,买盘
2505,10:48:51,11.3,-0.01,30,33900,卖盘
2506,10:48:48,11.31,--,109,123279,买盘
2507,10:48:45,11.31,--,164,185484,卖盘
2508,10:48:39,11.31,--,11,12441,卖盘
2509,10:48:33,11.31,--,45,50895,买盘
2510,10:48:30,11.31,--,126,142506,买盘
2511,10:48:27,11.31,--,149,168519,买盘
2512,10:48:24,11.31,--,158,178698,卖盘
2513,10:48:18,11.31,--,38,42978,卖盘
2514,10:48:15,11.31,--,500,565500,卖盘
2515,10:48:12,11.31,--,20,22620,卖盘
2516,10:48:09,11.31,-0.01,23,26013,卖盘
2517,10:48:03,11.32,--,132,149424,买盘
2518,10:48:00,11.32,0.01,100,113200,买盘
2519,10:47:57,11.31,--,20,22620,卖盘
2520,10:47:54,11.31,-0.01,74,83694,卖盘
2521,10:47:51,11.32,0.01,6,6792,买盘
2522,10:47:42,11.31,--,143,161733,卖盘
2523,10:47:39,11.31,--,100,113100,卖盘
2524,10:47:36,11.31,--,4,4524,卖盘
2525,10:47:33,11.31,-0.01,174,196794,卖盘
2526,10:47:30,11.32,--,408,461856,买盘
2527,10:47:24,11.32,--,5,5660,买盘
2528,10:47:21,11.32,--,92,104144,卖盘
2529,10:47:18,11.32,-0.01,6,6792,卖盘
2530,10:47:12,11.33,--,6,6798,买盘
2531,10:47:09,11.33,0.02,12,13596,买盘
2532,10:47:06,11.31,--,41,46371,卖盘
2533,10:47:00,11.31,-0.02,500,565500,卖盘
2534,10:46:54,11.33,0.01,12,13596,买盘
2535,10:46:51,11.32,-0.01,3,3396,卖盘
2536,10:46:48,11.33,0.01,30,33990,买盘
2537,10:46:42,11.32,-0.01,2,2264,卖盘
2538,10:46:39,11.33,--,124,140492,买盘
2539,10:46:36,11.33,0.01,6,6798,买盘
2540,10:46:30,11.32,--,43,48676,卖盘
2541,10:46:24,11.32,--,302,341864,卖盘
2542,10:46:12,11.32,-0.01,109,123388,卖盘
2543,10:46:06,11.33,-0.01,2,2266,卖盘
2544,10:46:00,11.34,--,1,1134,买盘
2545,10:45:45,11.34,0.02,17,19278,买盘
2546,10:45:42,11.32,-0.01,31,35092,卖盘
2547,10:45:36,11.33,--,26,29458,卖盘
2548,10:45:30,11.33,-0.01,161,182413,卖盘
2549,10:45:24,11.34,0.01,20,22680,买盘
2550,10:45:18,11.33,-0.01,31,35123,卖盘
2551,10:45:15,11.34,--,23,26082,买盘
2552,10:45:12,11.34,0.01,12,13608,买盘
2553,10:45:06,11.33,-0.01,1,1133,卖盘
2554,10:45:00,11.34,0.02,12,13608,买盘
2555,10:44:54,11.32,--,51,57732,卖盘
2556,10:44:51,11.32,--,52,58864,卖盘
2557,10:44:48,11.32,-0.01,755,854660,卖盘
2558,10:44:39,11.33,--,9,10197,买盘
2559,10:44:36,11.33,-0.01,11,12463,卖盘
2560,10:44:30,11.34,0.01,501,568134,买盘
2561,10:44:24,11.33,--,11,12463,卖盘
2562,10:44:21,11.33,--,20,22660,卖盘
2563,10:44:18,11.33,-0.01,70,79310,卖盘
2564,10:44:15,11.34,--,5,5670,买盘
2565,10:44:09,11.34,0.01,15,17010,买盘
2566,10:43:54,11.33,--,22,24926,卖盘
2567,10:43:51,11.33,-0.01,7,7931,卖盘
2568,10:43:42,11.34,0.01,8,9072,买盘
2569,10:43:30,11.33,--,58,65714,卖盘
2570,10:43:27,11.33,--,25,28325,卖盘
2571,10:43:24,11.33,--,530,600490,卖盘
2572,10:43:21,11.33,--,10,11330,卖盘
2573,10:43:18,11.33,--,20,22660,卖盘
2574,10:43:15,11.33,--,30,33990,卖盘
2575,10:43:09,11.33,--,47,53251,卖盘
2576,10:43:06,11.33,--,145,165293,买盘
2577,10:43:03,11.33,0.01,47,53251,买盘
2578,10:42:51,11.32,-0.01,55,62260,卖盘
2579,10:42:48,11.33,0.01,105,118965,买盘
2580,10:42:45,11.32,-0.01,33,37356,卖盘
2581,10:42:42,11.33,0.01,60,67980,买盘
2582,10:42:39,11.32,-0.01,503,569396,卖盘
2583,10:42:36,11.33,0.01,9,10197,买盘
2584,10:42:27,11.32,-0.01,41,46412,卖盘
2585,10:42:24,11.33,--,10,11330,买盘
2586,10:42:21,11.33,--,38,43054,买盘
2587,10:42:15,11.33,--,10,11330,买盘
2588,10:42:12,11.33,-0.01,390,441870,卖盘
2589,10:42:09,11.34,0.01,55,62370,买盘
2590,10:42:03,11.33,--,70,79310,卖盘
2591,10:42:00,11.33,--,353,399949,卖盘
2592,10:41:57,11.33,-0.01,7,7931,卖盘
2593,10:41:45,11.34,--,12,13608,买盘
2594,10:41:42,11.34,--,40,45360,买盘
2595,10:41:39,11.34,-0.01,502,569687,卖盘
2596,10:41:36,11.35,--,160,181600,买盘
2597,10:41:33,11.35,--,66,74910,买盘
2598,10:41:21,11.35,--,30,34050,买盘
2599,10:41:18,11.35,0.01,20,22700,买盘
2600,10:41:09,11.34,-0.01,10,11340,卖盘
2601,10:41:03,11.35,--,3,3405,买盘
2602,10:41:00,11.35,--,38,43130,买盘
2603,10:40:57,11.35,--,18,20430,买盘
2604,10:40:48,11.35,--,17,19295,卖盘
2605,10:40:45,11.35,--,6,6810,买盘
2606,10:40:39,11.35,0.01,12,13620,买盘
2607,10:40:36,11.34,-0.01,42,47628,卖盘
2608,10:40:33,11.35,0.01,129,147130,买盘
2609,10:40:30,11.34,--,33,37422,买盘
2610,10:40:27,11.34,--,163,185261,卖盘
2611,10:40:24,11.34,--,134,151956,卖盘
2612,10:40:18,11.34,--,31,35154,卖盘
2613,10:40:15,11.34,--,28,31752,卖盘
2614,10:40:12,11.34,-0.01,165,187110,卖盘
2615,10:40:09,11.35,0.01,50,56750,买盘
2616,10:40:06,11.34,-0.01,100,113400,卖盘
2617,10:40:00,11.35,0.01,90,102150,买盘
2618,10:39:54,11.34,-0.01,5,5670,卖盘
2619,10:39:42,11.35,0.01,63,71505,买盘
2620,10:39:39,11.34,--,310,351540,卖盘
2621,10:39:33,11.34,-0.01,3,3402,卖盘
2622,10:39:30,11.35,0.01,10,11350,买盘
2623,10:39:21,11.34,--,9,10206,卖盘
2624,10:39:09,11.34,--,241,274008,买盘
2625,10:38:54,11.34,--,100,113400,买盘
2626,10:38:48,11.34,0.01,11,12474,买盘
2627,10:38:45,11.33,-0.01,7,7931,卖盘
2628,10:38:42,11.34,0.01,13,14742,买盘
2629,10:38:33,11.33,--,43,48719,买盘
2630,10:38:30,11.33,--,6,6798,买盘
2631,10:38:27,11.33,--,46,52118,买盘
2632,10:38:24,11.33,--,15,16995,买盘
2633,10:38:21,11.33,--,10,11330,买盘
2634,10:38:18,11.33,--,15,16995,买盘
2635,10:38:12,11.33,--,7,7931,买盘
2636,10:38:09,11.33,--,72,81576,买盘
2637,10:38:06,11.33,--,1,1133,买盘
2638,10:38:00,11.33,0.01,17,19261,买盘
2639,10:37:57,11.32,-0.01,5,5660,卖盘
2640,10:37:51,11.33,--,5,5665,买盘
2641,10:37:48,11.33,--,16,18128,买盘
2642,10:37:42,11.33,0.01,1008,1142064,买盘
2643,10:37:39,11.32,-0.01,4,4528,卖盘
2644,10:37:33,11.33,--,2,2266,买盘
2645,10:37:30,11.33,--,3,3399,买盘
2646,10:37:27,11.33,--,22,24926,买盘
2647,10:37:21,11.33,--,3,3399,买盘
2648,10:37:18,11.33,--,24,27192,买盘
2649,10:37:15,11.33,--,23,26059,买盘
2650,10:37:12,11.33,--,113,128029,买盘
2651,10:37:09,11.33,--,104,117832,买盘
2652,10:37:06,11.33,--,200,226600,买盘
2653,10:37:03,11.33,--,15,16995,买盘
2654,10:37:00,11.33,--,5,5665,买盘
2655,10:36:57,11.33,0.01,35,39655,买盘
2656,10:36:54,11.32,-0.01,2,2264,卖盘
2657,10:36:51,11.33,--,10,11330,买盘
2658,10:36:45,11.33,--,100,113300,买盘
2659,10:36:42,11.33,--,5,5665,买盘
2660,10:36:39,11.33,--,29,32857,买盘
2661,10:36:36,11.33,0.01,12,13596,买盘
2662,10:36:33,11.32,--,26,29432,卖盘
2663,10:36:30,11.32,-0.01,27,30564,卖盘
2664,10:36:24,11.33,--,2,2266,买盘
2665,10:36:18,11.33,--,3,3399,买盘
2666,10:36:15,11.33,0.01,10,11330,买盘
2667,10:36:12,11.32,-0.01,142,160744,卖盘
2668,10:36:03,11.33,0.01,54,61182,买盘
2669,10:36:00,11.32,-0.01,48,54336,卖盘
2670,10:35:57,11.33,--,238,269654,买盘
2671,10:35:54,11.33,0.01,15,16995,买盘
2672,10:35:51,11.32,--,28,31696,卖盘
2673,10:35:48,11.32,-0.01,62,70184,卖盘
2674,10:35:42,11.33,--,122,138226,买盘
2675,10:35:33,11.33,0.01,15,16995,买盘
2676,10:35:30,11.32,-0.01,40,45280,卖盘
2677,10:35:24,11.33,0.01,58,65714,买盘
2678,10:35:21,11.32,-0.01,23,26036,卖盘
2679,10:35:18,11.33,--,8,9064,买盘
2680,10:35:15,11.33,--,79,89507,买盘
2681,10:35:09,11.33,--,6,6798,买盘
2682,10:35:06,11.33,--,35,39655,买盘
2683,10:35:03,11.33,--,131,149533,卖盘
2684,10:35:00,11.33,--,300,339900,卖盘
2685,10:34:57,11.33,--,15,16995,卖盘
2686,10:34:48,11.33,-0.01,9,10197,卖盘
2687,10:34:45,11.34,0.01,17,19278,买盘
2688,10:34:33,11.33,-0.01,28,31724,卖盘
2689,10:34:30,11.34,0.01,5,5670,买盘
2690,10:34:27,11.33,--,36,40788,卖盘
2691,10:34:21,11.33,-0.01,300,339900,卖盘
2692,10:34:12,11.34,0.01,20,22680,买盘
2693,10:34:09,11.33,--,30,33990,卖盘
2694,10:34:06,11.33,-0.01,20,22660,卖盘
2695,10:34:03,11.34,--,8,9072,买盘
2696,10:33:57,11.34,--,25,28350,买盘
2697,10:33:45,11.34,0.01,201,227934,买盘
2698,10:33:42,11.33,--,7,7931,卖盘
2699,10:33:36,11.33,-0.01,12,13596,卖盘
2700,10:33:27,11.34,--,1,1134,买盘
2701,10:33:24,11.34,--,11,12474,买盘
2702,10:33:21,11.34,--,105,119070,买盘
2703,10:33:09,11.34,0.01,14,15876,买盘
2704,10:33:06,11.33,-0.01,27,30591,卖盘
2705,10:33:03,11.34,--,7,7938,买盘
2706,10:33:00,11.34,--,4,4536,买盘
2707,10:32:51,11.34,0.01,20,22680,买盘
2708,10:32:48,11.33,--,21,23815,卖盘
2709,10:32:45,11.33,--,25,28325,卖盘
2710,10:32:42,11.33,-0.01,18,20394,卖盘
2711,10:32:36,11.34,--,233,264222,买盘
2712,10:32:30,11.34,0.01,3,3402,买盘
2713,10:32:27,11.33,-0.01,10,11330,卖盘
2714,10:32:21,11.34,0.01,1,1134,买盘
2715,10:32:15,11.33,-0.01,11,12463,卖盘
2716,10:32:09,11.34,0.01,7,7938,买盘
2717,10:32:06,11.33,-0.01,50,56650,卖盘
2718,10:32:03,11.34,--,41,46494,买盘
2719,10:31:57,11.34,--,9,10206,买盘
2720,10:31:54,11.34,--,55,62370,买盘
2721,10:31:45,11.34,0.01,32,36288,买盘
2722,10:31:36,11.33,--,5,5665,卖盘
2723,10:31:33,11.33,-0.01,3,3399,卖盘
2724,10:31:30,11.34,0.01,16,18144,买盘
2725,10:31:15,11.33,0.01,69,78177,买盘
2726,10:31:12,11.32,-0.01,40,45280,卖盘
2727,10:31:09,11.33,--,20,22660,买盘
2728,10:31:06,11.33,--,5,5665,买盘
2729,10:31:03,11.33,0.01,1,1133,买盘
2730,10:31:00,11.32,-0.01,2,2264,卖盘
2731,10:30:57,11.33,0.01,10,11330,买盘
2732,10:30:54,11.32,-0.01,30,33960,卖盘
2733,10:30:48,11.33,--,27,30591,买盘
2734,10:30:45,11.33,--,1,1133,买盘
2735,10:30:42,11.33,0.01,30,33990,买盘
2736,10:30:36,11.32,-0.01,40,45280,卖盘
2737,10:30:33,11.33,--,16,18128,买盘
2738,10:30:30,11.33,--,18,20394,买盘
2739,10:30:24,11.33,--,49,55517,买盘
2740,10:30:18,11.33,--,140,158620,买盘
2741,10:30:15,11.33,0.01,118,133694,买盘
2742,10:30:09,11.32,--,19,21508,卖盘
2743,10:30:06,11.32,--,9,10188,卖盘
2744,10:30:03,11.32,--,13,14716,卖盘
2745,10:29:57,11.32,--,52,58864,卖盘
2746,10:29:51,11.32,-0.01,147,166404,卖盘
2747,10:29:48,11.33,--,20,22660,买盘
2748,10:29:45,11.33,--,1,1133,买盘
2749,10:29:42,11.33,0.01,110,124630,买盘
2750,10:29:39,11.32,-0.01,3,3396,卖盘
2751,10:29:36,11.33,0.01,65,73645,买盘
2752,10:29:33,11.32,-0.01,60,67920,卖盘
2753,10:29:30,11.33,--,482,546978,卖盘
2754,10:29:27,11.33,-0.01,26,29458,卖盘
2755,10:29:18,11.34,0.01,16,18144,买盘
2756,10:29:15,11.33,--,2,2266,卖盘
2757,10:29:12,11.33,-0.01,300,339900,卖盘
2758,10:29:06,11.34,--,7,7938,买盘
2759,10:28:54,11.34,--,45,51302,卖盘
2760,10:28:39,11.34,0.01,243,276423,买盘
2761,10:28:36,11.33,--,8,9064,卖盘
2762,10:28:33,11.33,--,3,3399,卖盘
2763,10:28:21,11.33,--,20,22660,卖盘
2764,10:28:12,11.33,-0.01,40,45320,卖盘
2765,10:28:06,11.34,0.01,8,9072,买盘
2766,10:28:03,11.33,--,14,15862,卖盘
2767,10:28:00,11.33,--,30,33990,卖盘
2768,10:27:57,11.33,-0.01,310,351230,卖盘
2769,10:27:54,11.34,0.01,100,113400,买盘
2770,10:27:48,11.33,-0.01,50,56650,卖盘
2771,10:27:42,11.34,--,618,700812,买盘
2772,10:27:36,11.34,0.01,2,2268,买盘
2773,10:27:33,11.33,--,10,11330,卖盘
2774,10:27:27,11.33,-0.01,10,11330,卖盘
2775,10:27:18,11.34,0.01,36,40824,买盘
2776,10:27:15,11.33,--,18,20394,卖盘
2777,10:27:12,11.33,--,56,63448,卖盘
2778,10:27:09,11.33,--,78,88374,卖盘
2779,10:27:06,11.33,--,13,14729,卖盘
2780,10:27:00,11.33,--,59,67107,买盘
2781,10:26:48,11.33,--,76,86108,买盘
2782,10:26:45,11.33,--,24,28064,卖盘
2783,10:26:42,11.33,--,324,367092,卖盘
2784,10:26:39,11.33,--,50,56650,卖盘
2785,10:26:36,11.33,--,10,11330,卖盘
2786,10:26:30,11.33,-0.01,17,19261,卖盘
2787,10:26:27,11.34,0.01,12,13608,买盘
2788,10:26:21,11.33,-0.01,50,56650,卖盘
2789,10:26:18,11.34,0.01,13,14742,买盘
2790,10:26:15,11.33,--,15,16995,卖盘
2791,10:26:12,11.33,--,44,49852,卖盘
2792,10:26:09,11.33,-0.01,101,114433,卖盘
2793,10:26:06,11.34,0.01,207,234738,买盘
2794,10:25:57,11.33,--,10,11330,卖盘
2795,10:25:54,11.33,--,6,6798,卖盘
2796,10:25:48,11.33,--,80,90640,卖盘
2797,10:25:45,11.33,-0.01,31,35123,卖盘
2798,10:25:42,11.34,0.01,21,23814,买盘
2799,10:25:39,11.33,--,10,11330,卖盘
2800,10:25:36,11.33,--,26,29458,卖盘
2801,10:25:33,11.33,--,69,78177,卖盘
2802,10:25:30,11.33,-0.01,57,64581,卖盘
2803,10:25:27,11.34,--,30,34020,买盘
2804,10:25:21,11.34,--,20,22680,买盘
2805,10:25:18,11.34,0.01,5,5670,买盘
2806,10:25:15,11.33,--,41,46453,卖盘
2807,10:25:12,11.33,--,189,214137,卖盘
2808,10:25:06,11.33,-0.01,73,82709,卖盘
2809,10:25:03,11.34,0.01,50,56700,买盘
2810,10:25:00,11.33,--,7,7931,卖盘
2811,10:24:57,11.33,-0.01,47,53251,卖盘
2812,10:24:54,11.34,--,407,461810,卖盘
2813,10:24:42,11.34,--,26,29484,卖盘
2814,10:24:30,11.34,--,43,48762,卖盘
2815,10:24:27,11.34,--,48,54432,卖盘
2816,10:24:21,11.34,-0.01,234,265356,卖盘
2817,10:24:18,11.35,0.01,60,68100,买盘
2818,10:24:15,11.34,--,23,26082,卖盘
