,time,price,change,volume,amount,type
0,15:00:03,11.51,0.01,2581,2970731,卖盘
1,14:57:00,11.5,-0.01,37,42550,卖盘
2,14:56:57,11.51,0.01,2,2302,买盘
3,14:56:51,11.5,-0.01,88,102258,卖盘
4,14:56:39,11.51,--,74,85473,卖盘
5,14:56:36,11.51,--,295,339545,卖盘
6,14:56:33,11.51,--,28,32228,卖盘
7,14:56:27,11.51,-0.01,78,89778,卖盘
8,14:56:24,11.52,0.01,246,283392,买盘
9,14:56:21,11.51,-0.01,45,51795,卖盘
10,14:56:12,11.52,--,4,4608,买盘
11,14:56:09,11.52,--,16,18432,买盘
12,14:56:06,11.52,--,230,264960,卖盘
13,14:56:03,11.52,--,131,150912,卖盘
14,14:56:00,11.52,-0.01,39,44928,卖盘
15,14:55:57,11.53,--,2,2306,买盘
16,14:55:54,11.53,0.01,260,299780,买盘
17,14:55:51,11.52,--,50,57600,卖盘
18,14:55:48,11.52,-0.01,23,26496,卖盘
19,14:55:45,11.53,--,58,66874,买盘
20,14:55:42,11.53,0.02,43,49579,买盘
21,14:55:39,11.51,-0.01,13,15895,卖盘
22,14:55:36,11.52,0.01,96,110592,买盘
23,14:55:33,11.51,--,17,19567,卖盘
24,14:55:30,11.51,-0.01,4,4604,卖盘
25,14:55:27,11.52,--,38,43776,买盘
26,14:55:24,11.52,--,146,168192,卖盘
27,14:55:21,11.52,0.01,46,52992,买盘
28,14:55:18,11.51,--,3,3453,卖盘
29,14:55:15,11.51,--,60,69060,卖盘
30,14:55:12,11.51,-0.02,26,29926,卖盘
31,14:55:09,11.53,0.02,20,23060,买盘
32,14:55:03,11.51,-0.01,179,206029,卖盘
33,14:55:00,11.52,--,15,17280,买盘
34,14:54:57,11.52,0.01,11,12672,买盘
35,14:54:54,11.51,-0.01,1,1151,卖盘
36,14:54:51,11.52,0.01,22,25344,买盘
37,14:54:45,11.51,-0.01,63,72513,卖盘
38,14:54:42,11.52,0.01,12,13824,买盘
39,14:54:39,11.51,-0.02,20,23020,卖盘
40,14:54:33,11.53,0.02,60,69180,买盘
41,14:54:30,11.51,--,198,227898,卖盘
42,14:54:27,11.51,--,45,51795,卖盘
43,14:54:15,11.51,-0.02,38,43738,卖盘
44,14:54:09,11.53,0.01,21,24213,买盘
45,14:54:06,11.52,--,153,176256,买盘
46,14:54:03,11.52,0.01,21,24192,买盘
47,14:54:00,11.51,-0.01,10,11510,卖盘
48,14:53:57,11.52,-0.01,50,57600,买盘
49,14:53:51,11.53,0.01,28,32284,买盘
50,14:53:48,11.52,0.01,7,8064,买盘
51,14:53:45,11.51,-0.01,9,10359,卖盘
52,14:53:42,11.52,0.01,293,337731,买盘
53,14:53:36,11.51,-0.02,3,3453,卖盘
54,14:53:27,11.53,0.02,11,12683,买盘
55,14:53:18,11.51,--,13,14963,卖盘
56,14:53:15,11.51,-0.01,67,77312,卖盘
57,14:53:12,11.52,0.01,88,101422,买盘
58,14:53:09,11.51,--,2,2302,卖盘
59,14:53:03,11.51,-0.01,10,11510,卖盘
60,14:53:00,11.52,--,7,9169,卖盘
61,14:52:57,11.52,--,23,26496,卖盘
62,14:52:54,11.52,--,25,28800,卖盘
63,14:52:51,11.52,-0.01,167,192579,卖盘
64,14:52:48,11.53,0.01,20,23060,买盘
65,14:52:45,11.52,--,438,504576,卖盘
66,14:52:42,11.52,--,18,20736,卖盘
67,14:52:39,11.52,--,12,14031,卖盘
68,14:52:36,11.52,--,16,18432,卖盘
69,14:52:30,11.52,-0.01,3,3651,卖盘
70,14:52:27,11.53,0.01,93,107229,买盘
71,14:52:24,11.52,--,22,25344,卖盘
72,14:52:21,11.52,--,18,20736,卖盘
73,14:52:18,11.52,--,10,11520,卖盘
74,14:52:15,11.52,--,21,24192,卖盘
75,14:52:12,11.52,-0.01,60,69315,卖盘
76,14:52:09,11.53,--,20,23060,买盘
77,14:52:06,11.53,-0.01,78,90475,卖盘
78,14:52:03,11.54,0.01,3,3461,买盘
79,14:52:00,11.53,--,4,4808,卖盘
80,14:51:57,11.53,--,173,199469,卖盘
81,14:51:54,11.53,--,7,8267,卖盘
82,14:51:51,11.53,--,1,1153,卖盘
83,14:51:48,11.53,--,25,28825,卖盘
84,14:51:45,11.53,-0.01,3,3459,卖盘
85,14:51:42,11.54,0.01,70,80780,买盘
86,14:51:39,11.53,--,265,305545,卖盘
87,14:51:36,11.53,--,11,12683,卖盘
88,14:51:33,11.53,--,138,159310,卖盘
89,14:51:30,11.53,--,28,32284,卖盘
90,14:51:27,11.53,--,21,24409,卖盘
91,14:51:24,11.53,--,30,34590,卖盘
92,14:51:21,11.53,--,18,20754,卖盘
93,14:51:18,11.53,--,33,38049,卖盘
94,14:51:12,11.53,--,11,12683,卖盘
95,14:51:09,11.53,-0.01,14,16142,卖盘
96,14:50:57,11.54,-0.01,10,11540,卖盘
97,14:50:54,11.55,0.02,10,11550,买盘
98,14:50:51,11.53,--,2,2502,卖盘
99,14:50:48,11.53,--,12,13836,卖盘
100,14:50:45,11.53,-0.02,1,1153,卖盘
101,14:50:42,11.55,0.02,48,55440,买盘
102,14:50:39,11.53,-0.01,236,272108,卖盘
103,14:50:36,11.54,-0.01,65,75010,卖盘
104,14:50:33,11.55,--,253,292215,买盘
105,14:50:30,11.55,0.01,5,5775,买盘
106,14:50:27,11.54,--,1,1154,卖盘
107,14:50:24,11.54,--,7,8077,卖盘
108,14:50:21,11.54,--,8,9232,卖盘
109,14:50:18,11.54,--,13,15198,卖盘
110,14:50:15,11.54,--,112,129247,卖盘
111,14:50:12,11.54,--,2,2504,卖盘
112,14:50:09,11.54,-0.01,190,219259,卖盘
113,14:50:06,11.55,--,11,12705,买盘
114,14:50:00,11.55,--,9,10395,买盘
115,14:49:57,11.55,--,3,3661,买盘
116,14:49:54,11.55,--,46,53130,卖盘
117,14:49:51,11.55,--,30,34650,卖盘
118,14:49:48,11.55,-0.01,3,3465,卖盘
119,14:49:45,11.56,0.01,234,270504,买盘
120,14:49:42,11.55,--,19,21945,买盘
121,14:49:39,11.55,0.01,25,28875,买盘
122,14:49:36,11.54,-0.01,62,71548,卖盘
123,14:49:33,11.55,--,16,18480,买盘
124,14:49:30,11.55,-0.01,133,153788,卖盘
125,14:49:27,11.56,--,21,24276,买盘
126,14:49:24,11.56,--,1,1156,买盘
127,14:49:21,11.56,--,203,234864,买盘
128,14:49:18,11.56,0.01,25,28900,买盘
129,14:49:15,11.55,-0.01,78,90286,卖盘
130,14:49:12,11.56,--,211,243916,买盘
131,14:49:09,11.56,--,2,2312,买盘
132,14:49:06,11.56,--,89,102884,买盘
133,14:49:03,11.56,--,854,987224,买盘
134,14:49:00,11.56,--,2,2312,买盘
135,14:48:57,11.56,--,5,5780,买盘
136,14:48:54,11.56,--,76,88052,买盘
137,14:48:51,11.56,0.01,8,9444,买盘
138,14:48:45,11.55,-0.01,156,180180,卖盘
139,14:48:42,11.56,0.01,22,25432,买盘
140,14:48:39,11.55,0.03,237,274127,买盘
141,14:48:36,11.52,-0.01,34,39168,卖盘
142,14:48:33,11.53,-0.02,26,29978,卖盘
143,14:48:30,11.55,0.03,14,16170,买盘
144,14:48:27,11.52,--,4,4608,卖盘
145,14:48:24,11.52,--,863,994176,卖盘
146,14:48:21,11.52,-0.03,128,147456,卖盘
147,14:48:18,11.55,--,88,101640,买盘
148,14:48:15,11.55,-0.01,109,125895,卖盘
149,14:48:09,11.56,0.01,2,2312,买盘
150,14:48:06,11.55,--,803,927465,买盘
151,14:48:03,11.55,--,10,11550,买盘
152,14:48:00,11.55,--,55,63525,买盘
153,14:47:57,11.55,--,146,168630,卖盘
154,14:47:51,11.55,--,815,941325,卖盘
155,14:47:48,11.55,-0.01,23,26565,卖盘
156,14:47:45,11.56,0.01,69,79764,买盘
157,14:47:42,11.55,-0.01,34,39270,卖盘
158,14:47:36,11.56,--,38,43928,买盘
159,14:47:33,11.56,0.01,933,1078548,买盘
160,14:47:24,11.55,-0.01,73,85123,买盘
161,14:47:18,11.56,0.03,800,924800,买盘
162,14:47:15,11.53,-0.03,200,230738,卖盘
163,14:47:12,11.56,0.01,249,287844,买盘
164,14:47:06,11.55,--,32,36960,卖盘
165,14:47:03,11.55,0.02,369,426402,买盘
166,14:47:00,11.53,-0.01,168,193704,卖盘
167,14:46:54,11.54,--,16,18464,买盘
168,14:46:51,11.54,-0.02,149,172892,卖盘
169,14:46:48,11.56,0.02,878,1014968,买盘
170,14:46:45,11.54,-0.02,8,9232,卖盘
171,14:46:42,11.56,--,266,307496,买盘
172,14:46:39,11.56,0.01,16,18496,买盘
173,14:46:36,11.55,-0.01,127,146685,卖盘
174,14:46:33,11.56,--,68,78608,买盘
175,14:46:30,11.56,0.01,802,927112,买盘
176,14:46:27,11.55,--,10,11550,买盘
177,14:46:21,11.55,--,10,11550,买盘
178,14:46:18,11.55,--,26,30988,卖盘
179,14:46:15,11.55,--,824,951916,卖盘
180,14:46:12,11.55,-0.01,600,693000,卖盘
181,14:46:06,11.56,0.01,56,64736,买盘
182,14:46:03,11.55,--,34,39270,卖盘
183,14:46:00,11.55,--,301,347655,买盘
184,14:45:57,11.55,--,90,103950,买盘
185,14:45:54,11.55,0.01,16,18480,买盘
186,14:45:51,11.54,--,311,358894,卖盘
187,14:45:45,11.54,-0.01,842,971667,卖盘
188,14:45:42,11.55,--,287,331485,买盘
189,14:45:36,11.55,--,28,32340,买盘
190,14:45:33,11.55,--,140,161700,买盘
191,14:45:30,11.55,0.01,19,21945,买盘
192,14:45:27,11.54,0.01,63,72909,买盘
193,14:45:24,11.53,--,7,8071,买盘
194,14:45:21,11.53,-0.02,2,2306,卖盘
195,14:45:18,11.55,--,100,115500,买盘
196,14:45:15,11.55,0.02,814,940170,买盘
197,14:45:12,11.53,--,119,137207,买盘
198,14:45:09,11.53,-0.01,161,185633,卖盘
199,14:45:06,11.54,--,88,102567,卖盘
200,14:45:03,11.54,--,343,395821,卖盘
201,14:44:57,11.54,-0.01,13,15001,卖盘
202,14:44:54,11.55,0.01,31,35805,买盘
203,14:44:51,11.54,-0.01,102,117707,卖盘
204,14:44:48,11.55,--,1,1155,买盘
205,14:44:42,11.55,--,73,84315,买盘
206,14:44:39,11.55,0.01,138,159390,买盘
207,14:44:36,11.54,--,13,15001,卖盘
208,14:44:33,11.54,--,40,46160,卖盘
209,14:44:30,11.54,-0.01,10,11540,卖盘
210,14:44:27,11.55,0.01,11,12705,买盘
211,14:44:24,11.54,0.01,329,379804,买盘
212,14:44:21,11.53,--,320,368960,卖盘
213,14:44:18,11.53,--,14,16142,卖盘
214,14:44:15,11.53,--,12,13836,卖盘
215,14:44:12,11.53,--,33,38049,卖盘
216,14:44:09,11.53,--,801,923553,买盘
217,14:44:06,11.53,--,75,86475,买盘
218,14:44:00,11.53,0.01,28,32284,买盘
219,14:43:57,11.52,-0.01,15,17475,卖盘
220,14:43:54,11.53,--,94,108382,卖盘
221,14:43:51,11.53,--,324,373572,买盘
222,14:43:48,11.53,--,139,160267,买盘
223,14:43:45,11.53,--,182,209846,买盘
224,14:43:42,11.53,0.01,947,1091891,买盘
225,14:43:39,11.52,--,125,144000,卖盘
226,14:43:36,11.52,-0.01,8,9216,卖盘
227,14:43:33,11.53,--,10,11530,买盘
228,14:43:30,11.53,0.01,31,35743,买盘
229,14:43:27,11.52,--,4,4815,卖盘
230,14:43:24,11.52,--,65,74880,买盘
231,14:43:21,11.52,0.01,19,21888,买盘
232,14:43:18,11.51,--,42,48342,卖盘
233,14:43:15,11.51,-0.01,5,5755,卖盘
234,14:43:12,11.52,-0.02,7,8064,中性盘
235,14:43:09,11.54,0.02,1075,1240550,买盘
236,14:43:06,11.52,--,31,35712,买盘
237,14:43:03,11.52,--,109,126512,卖盘
238,14:43:00,11.52,--,15,17280,卖盘
239,14:42:57,11.52,--,13,14976,卖盘
240,14:42:54,11.52,--,4,4815,卖盘
241,14:42:51,11.52,-0.01,21,24192,中性盘
242,14:42:48,11.53,0.01,801,923553,买盘
243,14:42:42,11.52,0.01,7,8064,买盘
244,14:42:39,11.51,--,115,132365,卖盘
245,14:42:33,11.51,--,184,212267,买盘
246,14:42:27,11.51,0.01,41,47191,买盘
247,14:42:24,11.5,--,21,24150,卖盘
248,14:42:21,11.5,-0.01,26,29900,卖盘
249,14:42:18,11.51,--,4,4604,买盘
250,14:42:15,11.51,0.01,6,6906,买盘
251,14:42:12,11.5,-0.01,28,32200,卖盘
252,14:42:09,11.51,--,10,11510,买盘
253,14:42:06,11.51,--,12,14019,买盘
254,14:41:57,11.51,--,32,36832,买盘
255,14:41:54,11.51,--,2,2302,买盘
256,14:41:51,11.51,--,8,9208,买盘
257,14:41:48,11.51,--,19,21869,买盘
258,14:41:45,11.51,--,44,50644,买盘
259,14:41:42,11.51,--,49,56399,买盘
260,14:41:39,11.51,--,22,25322,买盘
261,14:41:36,11.51,--,50,57550,买盘
262,14:41:33,11.51,0.01,20,23020,买盘
263,14:41:30,11.5,--,56,64595,卖盘
264,14:41:24,11.5,-0.01,11,12650,卖盘
265,14:41:21,11.51,0.01,5,5755,中性盘
266,14:41:18,11.5,-0.02,10,11500,卖盘
267,14:41:15,11.52,0.02,295,339840,买盘
268,14:41:12,11.5,--,16,18400,卖盘
269,14:41:09,11.5,-0.01,56,64400,卖盘
270,14:41:06,11.51,0.01,12,13812,买盘
271,14:41:00,11.5,--,7,8050,卖盘
272,14:40:57,11.5,-0.01,25,28750,卖盘
273,14:40:51,11.51,0.01,84,96684,买盘
274,14:40:48,11.5,--,42,48300,卖盘
275,14:40:45,11.5,--,83,95450,卖盘
276,14:40:42,11.5,--,186,213900,卖盘
277,14:40:39,11.5,--,10,11500,卖盘
278,14:40:33,11.5,--,17,19757,卖盘
279,14:40:30,11.5,-0.01,10,11500,卖盘
280,14:40:24,11.51,--,108,124308,买盘
281,14:40:18,11.51,0.01,44,50644,买盘
282,14:40:15,11.5,-0.01,51,58650,卖盘
283,14:40:06,11.51,--,61,70211,买盘
284,14:40:03,11.51,--,82,94382,买盘
285,14:40:00,11.51,0.01,11,12661,买盘
286,14:39:54,11.5,--,13,14950,卖盘
287,14:39:48,11.5,-0.01,164,188600,卖盘
288,14:39:45,11.51,--,90,103590,买盘
289,14:39:42,11.51,--,70,80570,买盘
290,14:39:39,11.51,0.01,15,17265,买盘
291,14:39:36,11.5,-0.01,2,2300,卖盘
292,14:39:33,11.51,--,4,4811,买盘
293,14:39:30,11.51,--,122,141365,卖盘
294,14:39:27,11.51,--,268,308468,卖盘
295,14:39:24,11.51,-0.01,24,27831,卖盘
296,14:39:21,11.52,0.01,302,347904,买盘
297,14:39:18,11.51,--,97,111647,卖盘
298,14:39:06,11.51,--,317,364867,买盘
299,14:39:03,11.51,0.01,5,5755,买盘
300,14:39:00,11.5,--,13,15145,卖盘
301,14:38:51,11.5,--,1,1150,卖盘
302,14:38:48,11.5,-0.03,5,5750,卖盘
303,14:38:42,11.53,0.02,812,936236,买盘
304,14:38:39,11.51,--,14,16114,买盘
305,14:38:36,11.51,--,223,256673,卖盘
306,14:38:33,11.51,0.02,7,8057,中性盘
307,14:38:30,11.49,-0.03,227,260823,卖盘
308,14:38:27,11.52,--,424,489392,买盘
309,14:38:24,11.52,0.01,7,8271,买盘
310,14:38:21,11.51,--,22,25322,卖盘
311,14:38:18,11.51,--,75,86325,卖盘
312,14:38:15,11.51,0.01,509,585859,买盘
313,14:38:12,11.5,--,9,10350,买盘
314,14:38:09,11.5,--,14,16100,买盘
315,14:38:06,11.5,0.01,208,239200,买盘
316,14:38:03,11.49,-0.01,101,116049,卖盘
317,14:38:00,11.5,--,8,9200,买盘
318,14:37:54,11.5,0.01,5,5750,买盘
319,14:37:51,11.49,-0.01,1,1149,卖盘
320,14:37:48,11.5,0.01,29,33350,买盘
321,14:37:45,11.49,-0.01,68,78132,卖盘
322,14:37:39,11.5,0.01,811,932857,买盘
323,14:37:33,11.49,-0.01,10,11490,卖盘
324,14:37:24,11.5,0.01,89,102350,买盘
325,14:37:21,11.49,--,304,349296,买盘
326,14:37:18,11.49,0.01,18,20682,买盘
327,14:37:12,11.48,--,33,37884,卖盘
328,14:37:09,11.48,0.01,4,4787,卖盘
329,14:37:06,11.47,-0.02,26,29822,卖盘
330,14:37:03,11.49,0.01,814,935286,买盘
331,14:37:00,11.48,--,41,47068,买盘
332,14:36:57,11.48,0.01,6,6888,买盘
333,14:36:54,11.47,-0.01,1,1147,卖盘
334,14:36:51,11.48,--,271,311108,买盘
335,14:36:48,11.48,--,2,2296,买盘
336,14:36:45,11.48,0.01,197,226156,买盘
337,14:36:42,11.47,-0.01,56,64232,卖盘
338,14:36:39,11.48,0.01,146,167608,买盘
339,14:36:33,11.47,0.01,1,1147,卖盘
340,14:36:30,11.46,--,13,14898,卖盘
341,14:36:27,11.46,-0.02,65,74490,卖盘
342,14:36:24,11.48,0.02,800,918400,买盘
343,14:36:21,11.46,-0.01,30,34380,卖盘
344,14:36:18,11.47,--,10,11470,买盘
345,14:36:15,11.47,--,169,194049,买盘
346,14:36:03,11.47,--,1,1147,买盘
347,14:36:00,11.47,--,56,64232,买盘
348,14:35:54,11.47,--,51,58497,买盘
349,14:35:51,11.47,--,34,38998,买盘
350,14:35:48,11.47,0.01,33,37851,买盘
351,14:35:39,11.46,-0.01,2,2292,卖盘
352,14:35:36,11.47,0.01,104,119288,买盘
353,14:35:33,11.46,-0.01,283,324318,卖盘
354,14:35:30,11.47,--,543,622821,买盘
355,14:35:27,11.47,0.01,13,14911,买盘
356,14:35:15,11.46,0.01,8,9374,买盘
357,14:35:12,11.45,--,19,21755,卖盘
358,14:35:09,11.45,--,5,5931,卖盘
359,14:35:06,11.45,--,42,48090,卖盘
360,14:34:57,11.45,-0.02,71,81295,卖盘
361,14:34:54,11.47,0.01,800,917600,买盘
362,14:34:48,11.46,--,24,27504,买盘
363,14:34:45,11.46,0.01,30,34380,买盘
364,14:34:42,11.45,-0.01,12,13740,卖盘
365,14:34:39,11.46,0.01,186,213156,买盘
366,14:34:36,11.45,-0.01,13,14884,卖盘
367,14:34:30,11.46,--,39,44694,买盘
368,14:34:21,11.46,0.02,3,3438,买盘
369,14:34:15,11.44,--,13,14872,卖盘
370,14:34:12,11.44,-0.02,5,5914,卖盘
371,14:34:09,11.46,0.01,800,916800,买盘
372,14:34:06,11.45,--,18,20610,买盘
373,14:34:03,11.45,--,17,19465,买盘
374,14:34:00,11.45,--,83,95035,买盘
375,14:33:57,11.45,0.01,1,1145,买盘
376,14:33:51,11.44,-0.01,19,21736,卖盘
377,14:33:48,11.45,0.01,20,22900,买盘
378,14:33:45,11.44,-0.01,99,113461,卖盘
379,14:33:42,11.45,0.01,64,73280,买盘
380,14:33:39,11.44,-0.01,100,114400,卖盘
381,14:33:36,11.45,0.01,45,51525,买盘
382,14:33:33,11.44,-0.01,13,14872,卖盘
383,14:33:30,11.45,--,8,9160,买盘
384,14:33:27,11.45,0.01,165,188925,买盘
385,14:33:24,11.44,--,12,13728,卖盘
386,14:33:21,11.44,--,1,1144,卖盘
387,14:33:18,11.44,--,5,5720,卖盘
388,14:33:15,11.44,0.01,13,14872,中性盘
389,14:33:12,11.43,-0.01,6,6858,卖盘
390,14:33:09,11.44,0.01,22,25168,买盘
391,14:33:06,11.43,--,87,99441,卖盘
392,14:33:00,11.43,-0.01,6,6858,卖盘
393,14:32:57,11.44,0.01,46,52624,买盘
394,14:32:48,11.43,--,4,4777,卖盘
395,14:32:45,11.43,-0.01,12,13716,卖盘
396,14:32:42,11.44,0.01,20,22880,买盘
397,14:32:39,11.43,--,65,74295,卖盘
398,14:32:36,11.43,-0.01,1,1143,卖盘
399,14:32:33,11.44,--,79,90376,买盘
400,14:32:30,11.44,0.01,1,1144,买盘
401,14:32:27,11.43,-0.01,23,26289,卖盘
402,14:32:21,11.44,0.01,8,9152,买盘
403,14:32:15,11.43,--,216,246888,卖盘
404,14:32:12,11.43,-0.01,1,1143,卖盘
405,14:32:09,11.44,0.01,36,41184,买盘
406,14:32:06,11.43,--,16,18482,卖盘
407,14:32:00,11.43,-0.01,21,24003,卖盘
408,14:31:57,11.44,0.01,1,1144,买盘
409,14:31:51,11.43,-0.01,1,1143,卖盘
410,14:31:48,11.44,0.01,3,3432,买盘
411,14:31:42,11.43,--,21,24003,卖盘
412,14:31:39,11.43,-0.01,46,52578,卖盘
413,14:31:36,11.44,--,2,2288,买盘
414,14:31:33,11.44,0.01,20,23085,买盘
415,14:31:30,11.43,--,211,241173,卖盘
416,14:31:27,11.43,-0.01,29,33147,卖盘
417,14:31:24,11.44,0.01,31,35464,买盘
418,14:31:21,11.43,-0.01,13,14859,卖盘
419,14:31:15,11.44,0.01,1,1144,买盘
420,14:31:12,11.43,-0.01,39,44577,卖盘
421,14:31:09,11.44,--,103,117832,买盘
422,14:31:06,11.44,0.01,208,237952,买盘
423,14:31:03,11.43,--,5,5920,卖盘
424,14:31:00,11.43,-0.01,42,48006,卖盘
425,14:30:57,11.44,0.01,120,137280,买盘
426,14:30:54,11.43,-0.01,18,20574,卖盘
427,14:30:51,11.44,0.01,201,229944,买盘
428,14:30:48,11.43,--,60,68580,卖盘
429,14:30:45,11.43,-0.01,12,13716,卖盘
430,14:30:42,11.44,--,1,1144,买盘
431,14:30:39,11.44,--,16,18304,买盘
432,14:30:36,11.44,--,2,2288,买盘
433,14:30:33,11.44,--,4,4576,买盘
434,14:30:30,11.44,0.01,1,1144,买盘
435,14:30:27,11.43,--,112,128016,卖盘
436,14:30:24,11.43,-0.01,8,9144,卖盘
437,14:30:21,11.44,--,60,68640,买盘
438,14:30:18,11.44,--,83,95146,买盘
439,14:30:15,11.44,0.01,417,477048,买盘
440,14:30:12,11.43,-0.01,1,1143,卖盘
441,14:30:09,11.44,--,214,244816,买盘
442,14:30:06,11.44,0.01,171,195624,买盘
443,14:29:57,11.43,-0.01,14,16002,卖盘
444,14:29:54,11.44,0.01,7,8008,买盘
445,14:29:51,11.43,-0.01,1,1143,卖盘
446,14:29:48,11.44,0.01,1,1144,买盘
447,14:29:45,11.43,-0.01,13,14859,卖盘
448,14:29:39,11.44,--,5,5925,买盘
449,14:29:36,11.44,0.01,51,58344,买盘
450,14:29:33,11.43,--,17,19431,卖盘
451,14:29:30,11.43,-0.01,6,7063,卖盘
452,14:29:27,11.44,0.01,1,1144,买盘
453,14:29:21,11.43,--,13,14859,卖盘
454,14:29:18,11.43,--,3,3429,卖盘
455,14:29:15,11.43,-0.01,21,24003,卖盘
456,14:29:03,11.44,0.01,1,1144,买盘
457,14:28:57,11.43,-0.01,33,37719,卖盘
458,14:28:54,11.44,--,3,3432,买盘
459,14:28:45,11.44,0.01,5,5720,买盘
460,14:28:42,11.43,--,35,40005,卖盘
461,14:28:39,11.43,-0.01,217,248031,卖盘
462,14:28:36,11.44,--,9,10296,买盘
463,14:28:33,11.44,0.01,104,118976,买盘
464,14:28:30,11.43,-0.01,44,50486,卖盘
465,14:28:18,11.44,--,15,17160,买盘
466,14:28:15,11.44,--,10,11440,买盘
467,14:28:09,11.44,--,10,11440,买盘
468,14:28:06,11.44,0.01,1,1144,买盘
469,14:27:57,11.43,--,5,5920,卖盘
470,14:27:54,11.43,-0.01,95,108585,卖盘
471,14:27:48,11.44,--,50,57200,买盘
472,14:27:45,11.44,--,1,1144,买盘
473,14:27:42,11.44,--,23,26312,买盘
474,14:27:39,11.44,--,7,8008,买盘
475,14:27:36,11.44,--,28,32032,买盘
476,14:27:33,11.44,--,22,25168,买盘
477,14:27:30,11.44,--,166,189904,买盘
478,14:27:24,11.44,0.01,100,114400,买盘
479,14:27:21,11.43,--,1,1143,卖盘
480,14:27:18,11.43,-0.01,54,61927,卖盘
481,14:27:12,11.44,--,1,1144,买盘
482,14:27:06,11.44,--,17,19448,买盘
483,14:27:03,11.44,0.01,17,19448,买盘
484,14:27:00,11.43,-0.01,4,4777,卖盘
485,14:26:51,11.44,0.01,2,2288,买盘
486,14:26:42,11.43,--,23,26289,卖盘
487,14:26:39,11.43,--,36,41148,卖盘
488,14:26:33,11.43,--,18,20574,卖盘
489,14:26:30,11.43,--,126,144018,卖盘
490,14:26:27,11.43,--,5,5715,卖盘
491,14:26:24,11.43,--,18,20574,卖盘
492,14:26:21,11.43,-0.01,9,10287,卖盘
493,14:26:18,11.44,0.01,13,14872,买盘
494,14:26:12,11.43,-0.01,44,50292,卖盘
495,14:26:09,11.44,0.01,308,352546,买盘
496,14:26:06,11.43,--,14,16002,卖盘
497,14:26:03,11.43,-0.01,1,1143,卖盘
498,14:26:00,11.44,--,10,11440,买盘
499,14:25:57,11.44,0.01,1,1144,买盘
500,14:25:54,11.43,--,15,17145,卖盘
501,14:25:51,11.43,--,40,45720,卖盘
502,14:25:48,11.43,-0.01,89,101727,卖盘
503,14:25:45,11.44,0.01,1,1144,买盘
504,14:25:42,11.43,-0.01,15,17145,卖盘
505,14:25:33,11.44,--,2,2288,买盘
506,14:25:30,11.44,0.01,54,61981,买盘
507,14:25:27,11.43,-0.01,74,84582,卖盘
508,14:25:24,11.44,--,266,304304,买盘
509,14:25:21,11.44,--,190,217360,买盘
510,14:25:18,11.44,0.01,18,20592,买盘
511,14:25:15,11.43,-0.01,14,16207,卖盘
512,14:25:12,11.44,0.01,1,1144,买盘
513,14:25:09,11.43,--,43,49149,卖盘
514,14:25:06,11.43,-0.01,13,14859,卖盘
515,14:25:03,11.44,--,10,11440,买盘
516,14:25:00,11.44,0.01,3,3432,买盘
517,14:24:54,11.43,-0.01,45,51435,卖盘
518,14:24:51,11.44,0.01,1,1144,买盘
519,14:24:48,11.43,--,95,108779,卖盘
520,14:24:42,11.43,--,65,74295,卖盘
521,14:24:39,11.43,--,27,30861,卖盘
522,14:24:36,11.43,--,9,10287,卖盘
523,14:24:33,11.43,-0.01,13,14859,卖盘
524,14:24:30,11.44,--,60,68640,买盘
525,14:24:27,11.44,0.01,14,16016,买盘
526,14:24:21,11.43,-0.01,56,64008,卖盘
527,14:24:18,11.44,0.01,1,1144,买盘
528,14:24:15,11.43,--,190,217170,卖盘
529,14:24:09,11.43,-0.01,1,1143,卖盘
530,14:24:06,11.44,--,18,20797,买盘
531,14:24:00,11.44,--,10,11440,买盘
532,14:23:57,11.44,--,2,2288,买盘
533,14:23:48,11.44,0.01,27,30888,买盘
534,14:23:45,11.43,-0.01,60,68580,卖盘
535,14:23:42,11.44,--,17,19448,买盘
536,14:23:33,11.44,0.01,1,1144,买盘
537,14:23:30,11.43,--,61,69723,卖盘
538,14:23:27,11.43,-0.01,1,1143,卖盘
539,14:23:24,11.44,--,31,35669,买盘
540,14:23:21,11.44,--,42,48048,买盘
541,14:23:12,11.44,0.01,1,1144,买盘
542,14:23:06,11.43,-0.01,3,3429,卖盘
543,14:23:00,11.44,--,27,30888,买盘
544,14:22:54,11.44,0.01,9,10296,买盘
545,14:22:51,11.43,-0.01,6,6858,卖盘
546,14:22:48,11.44,0.01,1,1144,买盘
547,14:22:45,11.43,--,100,114300,卖盘
548,14:22:42,11.43,-0.01,48,54864,卖盘
549,14:22:39,11.44,--,5,5720,买盘
550,14:22:36,11.44,-0.01,397,455037,卖盘
551,14:22:33,11.45,0.01,27,30914,买盘
552,14:22:30,11.44,-0.01,1,1144,卖盘
553,14:22:27,11.45,0.01,2,2290,买盘
554,14:22:24,11.44,--,39,44821,卖盘
555,14:22:21,11.44,-0.01,13,14872,卖盘
556,14:22:15,11.45,0.01,1,1145,买盘
557,14:22:09,11.44,--,16,18304,卖盘
558,14:22:06,11.44,-0.01,110,125840,卖盘
559,14:22:03,11.45,--,17,19465,买盘
560,14:22:00,11.45,--,52,59539,买盘
561,14:21:57,11.45,0.01,86,98470,买盘
562,14:21:54,11.44,-0.01,14,16221,卖盘
563,14:21:51,11.45,--,26,29769,买盘
564,14:21:45,11.45,--,49,56105,买盘
565,14:21:42,11.45,--,1,1145,买盘
566,14:21:39,11.45,--,1,1145,买盘
567,14:21:36,11.45,--,20,22900,买盘
568,14:21:33,11.45,--,101,115645,买盘
569,14:21:30,11.45,--,1,1145,买盘
570,14:21:24,11.45,--,41,46945,买盘
571,14:21:21,11.45,--,6,7076,买盘
572,14:21:12,11.45,--,93,106485,买盘
573,14:21:09,11.45,0.01,167,191215,买盘
574,14:21:00,11.44,-0.01,6,6864,卖盘
575,14:20:57,11.45,--,19,21949,买盘
576,14:20:54,11.45,--,9,10305,买盘
577,14:20:51,11.45,--,5,5725,买盘
578,14:20:48,11.45,--,7,8014,买盘
579,14:20:45,11.45,--,1,1145,买盘
580,14:20:42,11.45,--,238,272510,买盘
581,14:20:39,11.45,--,2,2290,买盘
582,14:20:36,11.45,--,4,4580,买盘
583,14:20:33,11.45,--,9,10305,买盘
584,14:20:24,11.45,0.01,49,56105,买盘
585,14:20:21,11.44,-0.01,14,16221,卖盘
586,14:20:15,11.45,--,1,1145,买盘
587,14:20:12,11.45,--,1,1145,买盘
588,14:20:06,11.45,--,16,18320,买盘
589,14:20:03,11.45,--,3,3435,买盘
590,14:20:00,11.45,--,206,235869,买盘
591,14:19:57,11.45,--,1,1145,买盘
592,14:19:54,11.45,--,9,10305,买盘
593,14:19:51,11.45,0.01,1,1145,买盘
594,14:19:45,11.44,-0.01,4,4781,卖盘
595,14:19:42,11.45,--,1,1145,买盘
596,14:19:36,11.45,--,33,37785,买盘
597,14:19:33,11.45,--,201,230145,买盘
598,14:19:30,11.45,0.01,16,18320,买盘
599,14:19:27,11.44,-0.01,60,68640,卖盘
600,14:19:21,11.45,0.01,1,1145,买盘
601,14:19:18,11.44,--,47,53962,卖盘
602,14:19:15,11.44,0.01,16,18304,买盘
603,14:19:12,11.43,--,16,18288,卖盘
604,14:19:09,11.43,--,35,40005,卖盘
605,14:19:06,11.43,-0.01,70,80010,卖盘
606,14:19:03,11.44,0.01,5,5720,买盘
607,14:19:00,11.43,-0.01,56,64008,卖盘
608,14:18:57,11.44,--,20,22880,买盘
609,14:18:54,11.44,0.01,18,20592,买盘
610,14:18:51,11.43,-0.01,171,195658,卖盘
611,14:18:48,11.44,0.01,36,41184,买盘
612,14:18:45,11.43,-0.01,32,36576,卖盘
613,14:18:36,11.44,0.01,3,3432,买盘
614,14:18:33,11.43,--,1,1143,卖盘
615,14:18:30,11.43,-0.01,7,8001,卖盘
616,14:18:27,11.44,--,17,19448,买盘
617,14:18:24,11.44,--,16,18304,买盘
618,14:18:21,11.44,--,34,38896,买盘
619,14:18:12,11.44,--,13,14872,买盘
620,14:18:03,11.44,0.01,28,32032,买盘
621,14:18:00,11.43,-0.01,10,11430,卖盘
622,14:17:54,11.44,--,17,19448,买盘
623,14:17:51,11.44,--,1,1144,买盘
624,14:17:39,11.44,0.01,203,232232,买盘
625,14:17:33,11.43,-0.01,1,1143,卖盘
626,14:17:30,11.44,--,85,97240,买盘
627,14:17:24,11.44,--,1,1144,买盘
628,14:17:21,11.44,--,11,12584,买盘
629,14:17:18,11.44,0.01,2,2288,买盘
630,14:17:12,11.43,--,3,3429,卖盘
631,14:17:09,11.43,-0.01,8,9144,卖盘
632,14:17:06,11.44,0.01,1,1144,买盘
633,14:17:03,11.43,--,12,13716,卖盘
634,14:17:00,11.43,-0.01,6,6858,卖盘
635,14:16:57,11.44,--,22,25168,买盘
636,14:16:54,11.44,--,1,1144,买盘
637,14:16:48,11.44,--,11,12584,买盘
638,14:16:45,11.44,0.01,1,1144,买盘
639,14:16:42,11.43,-0.01,34,38862,卖盘
640,14:16:39,11.44,0.01,3,3432,买盘
641,14:16:36,11.43,-0.01,30,34290,卖盘
642,14:16:33,11.44,--,2,2288,买盘
643,14:16:30,11.44,0.01,167,191048,买盘
644,14:16:24,11.43,-0.01,5,5715,卖盘
645,14:16:21,11.44,--,1,1144,买盘
646,14:16:18,11.44,0.01,41,46904,买盘
647,14:16:15,11.43,-0.01,15,17145,卖盘
648,14:16:12,11.44,--,38,43472,买盘
649,14:16:03,11.44,0.02,7,8008,买盘
650,14:16:00,11.42,-0.02,52,59384,卖盘
651,14:15:57,11.44,--,29,33176,买盘
652,14:15:54,11.44,--,39,44616,买盘
653,14:15:51,11.44,0.02,8,9152,买盘
654,14:15:48,11.42,-0.01,241,275222,卖盘
655,14:15:45,11.43,-0.01,71,81153,卖盘
656,14:15:42,11.44,--,14,16016,买盘
657,14:15:39,11.44,0.01,1,1144,买盘
658,14:15:36,11.43,--,1,1143,卖盘
659,14:15:33,11.43,-0.01,102,116586,卖盘
660,14:15:27,11.44,0.01,1,1144,买盘
661,14:15:24,11.43,--,47,53721,卖盘
662,14:15:21,11.43,-0.01,199,227457,卖盘
663,14:15:18,11.44,--,11,12584,买盘
664,14:15:15,11.44,--,2,2288,买盘
665,14:15:06,11.44,0.01,1,1144,买盘
666,14:15:00,11.43,--,6,6858,卖盘
667,14:14:57,11.43,-0.01,5,5715,卖盘
668,14:14:54,11.44,0.02,1,1144,买盘
669,14:14:48,11.42,-0.01,13,14846,卖盘
670,14:14:45,11.43,--,2,2286,买盘
671,14:14:42,11.43,--,62,70866,买盘
672,14:14:39,11.43,--,3,3429,买盘
673,14:14:36,11.43,-0.01,2,2286,中性盘
674,14:14:30,11.44,--,2,2288,买盘
675,14:14:21,11.44,0.02,1,1144,买盘
676,14:14:18,11.42,--,32,36544,卖盘
677,14:14:15,11.42,-0.01,2,2284,卖盘
678,14:14:12,11.43,-0.01,20,22860,中性盘
679,14:14:09,11.44,0.01,200,228800,买盘
680,14:14:03,11.43,-0.01,44,50292,卖盘
681,14:14:00,11.44,0.01,1,1144,买盘
682,14:13:57,11.43,-0.01,30,34290,卖盘
683,14:13:48,11.44,--,1,1144,买盘
684,14:13:45,11.44,0.01,1,1144,买盘
685,14:13:42,11.43,-0.01,5,5715,卖盘
686,14:13:39,11.44,--,12,13728,买盘
687,14:13:36,11.44,--,2,2288,买盘
688,14:13:27,11.44,--,4,4576,买盘
689,14:13:24,11.44,0.01,1,1144,买盘
690,14:13:21,11.43,-0.01,2,2286,卖盘
691,14:13:15,11.44,0.01,1,1144,买盘
692,14:13:12,11.43,-0.01,33,37719,卖盘
693,14:13:06,11.44,--,26,29744,买盘
694,14:13:03,11.44,-0.01,34,38896,中性盘
695,14:13:00,11.45,0.01,174,199230,买盘
696,14:12:57,11.44,--,2,2288,买盘
697,14:12:54,11.44,0.01,31,35464,中性盘
698,14:12:51,11.43,-0.02,20,22860,卖盘
699,14:12:45,11.45,--,8,9160,买盘
700,14:12:42,11.45,--,31,35495,买盘
701,14:12:33,11.45,--,9,10305,买盘
702,14:12:30,11.45,0.02,1,1145,买盘
703,14:12:27,11.43,-0.02,5,5715,卖盘
704,14:12:21,11.45,--,1,1145,买盘
705,14:12:18,11.45,0.02,1,1145,买盘
706,14:12:15,11.43,-0.02,45,51435,卖盘
707,14:12:09,11.45,0.02,1,1145,买盘
708,14:12:06,11.43,-0.02,7,8001,卖盘
709,14:12:03,11.45,--,10,11450,买盘
710,14:12:00,11.45,0.02,2,2290,买盘
711,14:11:57,11.43,-0.02,29,33147,卖盘
712,14:11:51,11.45,0.01,167,191215,买盘
713,14:11:48,11.44,0.01,3,3432,买盘
714,14:11:45,11.43,--,1,1143,卖盘
715,14:11:42,11.43,-0.01,133,152019,卖盘
716,14:11:39,11.44,0.01,16,18304,买盘
717,14:11:36,11.43,-0.01,255,291465,卖盘
718,14:11:33,11.44,0.01,10,11440,买盘
719,14:11:30,11.43,-0.01,15,17145,卖盘
720,14:11:27,11.44,--,26,29744,买盘
721,14:11:24,11.44,--,1,1144,买盘
722,14:11:21,11.44,0.01,14,16016,买盘
723,14:11:18,11.43,--,68,77952,买盘
724,14:11:15,11.43,--,1,1143,买盘
725,14:11:12,11.43,--,32,36576,买盘
726,14:11:06,11.43,--,1,1143,买盘
727,14:11:03,11.43,--,10,11430,买盘
728,14:11:00,11.43,0.01,7,8001,买盘
729,14:10:57,11.42,-0.01,10,11420,卖盘
730,14:10:54,11.43,0.01,226,258318,买盘
731,14:10:51,11.42,-0.01,12,13704,卖盘
732,14:10:48,11.43,--,154,176022,买盘
733,14:10:42,11.43,--,18,20574,买盘
734,14:10:39,11.43,--,190,217170,买盘
735,14:10:36,11.43,--,2,2286,买盘
736,14:10:33,11.43,--,121,138303,买盘
737,14:10:30,11.43,--,2,2286,买盘
738,14:10:27,11.43,--,11,12573,买盘
739,14:10:21,11.43,--,1,1143,买盘
740,14:10:18,11.43,0.01,2,2286,买盘
741,14:10:15,11.42,-0.01,50,57100,卖盘
742,14:10:12,11.43,0.01,27,30861,买盘
743,14:10:09,11.42,--,60,68520,卖盘
744,14:10:06,11.42,--,14,15988,卖盘
745,14:10:03,11.42,--,13,14846,卖盘
746,14:10:00,11.42,-0.01,1,1142,卖盘
747,14:09:57,11.43,0.01,2,2286,买盘
748,14:09:51,11.42,--,37,42254,卖盘
749,14:09:48,11.42,-0.01,3,3426,卖盘
750,14:09:45,11.43,--,4,4572,买盘
751,14:09:39,11.43,--,8,9144,买盘
752,14:09:36,11.43,0.01,10,11430,买盘
753,14:09:33,11.42,--,12,13704,卖盘
754,14:09:27,11.42,-0.01,48,54816,卖盘
755,14:09:24,11.43,--,432,494690,卖盘
756,14:09:18,11.43,-0.01,2,2286,卖盘
757,14:09:12,11.44,0.01,3,3432,买盘
758,14:09:06,11.43,--,43,49149,卖盘
759,14:09:03,11.43,-0.01,17,19431,卖盘
760,14:09:00,11.44,--,16,18304,买盘
761,14:08:57,11.44,0.01,2,2288,买盘
762,14:08:54,11.43,--,105,120015,卖盘
763,14:08:51,11.43,-0.01,13,14859,卖盘
764,14:08:48,11.44,0.01,12,13728,买盘
765,14:08:42,11.43,-0.01,2,2286,卖盘
766,14:08:39,11.44,0.01,5,5720,买盘
767,14:08:36,11.43,-0.01,18,20574,卖盘
768,14:08:33,11.44,--,157,179608,买盘
769,14:08:30,11.44,--,36,41184,买盘
770,14:08:27,11.44,--,363,415272,买盘
771,14:08:24,11.44,--,22,25168,买盘
772,14:08:21,11.44,--,19,21736,买盘
773,14:08:18,11.44,--,20,22880,买盘
774,14:08:15,11.44,0.01,11,12584,买盘
775,14:08:12,11.43,-0.01,20,22860,卖盘
776,14:08:09,11.44,--,1,1144,买盘
777,14:08:06,11.44,--,2,2288,买盘
778,14:08:03,11.44,--,50,57200,买盘
779,14:08:00,11.44,0.01,51,58344,买盘
780,14:07:57,11.43,-0.01,62,70866,卖盘
781,14:07:54,11.44,0.01,4,4576,买盘
782,14:07:48,11.43,-0.01,20,22860,卖盘
783,14:07:45,11.44,0.01,1,1144,买盘
784,14:07:42,11.43,-0.01,109,124587,卖盘
785,14:07:33,11.44,0.01,3,3432,买盘
786,14:07:30,11.43,-0.01,75,85725,卖盘
787,14:07:24,11.44,0.01,64,73216,买盘
788,14:07:21,11.43,--,101,115443,卖盘
789,14:07:18,11.43,-0.01,1,1143,卖盘
790,14:07:15,11.44,--,3,3432,买盘
791,14:07:12,11.44,--,17,19448,买盘
792,14:07:09,11.44,--,1,1144,买盘
793,14:07:06,11.44,0.01,1,1144,买盘
794,14:07:03,11.43,-0.01,20,22860,卖盘
795,14:07:00,11.44,--,7,8008,买盘
796,14:06:57,11.44,--,1,1144,买盘
797,14:06:51,11.44,0.01,1,1144,买盘
798,14:06:48,11.43,--,19,21717,卖盘
799,14:06:45,11.43,--,7,8001,卖盘
800,14:06:42,11.43,-0.01,7,8001,卖盘
801,14:06:39,11.44,--,73,83512,买盘
802,14:06:36,11.44,--,1,1144,买盘
803,14:06:30,11.44,--,156,178464,买盘
804,14:06:27,11.44,--,2,2288,买盘
805,14:06:24,11.44,0.01,34,38896,买盘
806,14:06:21,11.43,--,1,1143,卖盘
807,14:06:18,11.43,-0.01,1,1143,卖盘
808,14:06:15,11.44,0.01,13,14872,买盘
809,14:06:09,11.43,-0.01,22,25146,卖盘
810,14:06:06,11.44,--,11,12584,买盘
811,14:06:03,11.44,0.01,3,3432,买盘
812,14:06:00,11.43,-0.01,16,18288,卖盘
813,14:05:57,11.44,--,38,43472,买盘
814,14:05:54,11.44,--,4,4576,买盘
815,14:05:51,11.44,--,5,5720,卖盘
816,14:05:48,11.44,--,4,4576,卖盘
817,14:05:45,11.44,--,60,68640,买盘
818,14:05:42,11.44,--,11,12584,买盘
819,14:05:39,11.44,--,9,10296,买盘
820,14:05:36,11.44,--,50,57200,买盘
821,14:05:33,11.44,--,1,1144,买盘
822,14:05:30,11.44,0.01,3,3432,买盘
823,14:05:27,11.43,-0.01,167,190881,卖盘
824,14:05:24,11.44,--,10,11440,买盘
825,14:05:21,11.44,--,2,2288,买盘
826,14:05:18,11.44,--,2,2288,买盘
827,14:05:12,11.44,--,2,2288,买盘
828,14:05:09,11.44,--,1,1144,买盘
829,14:05:06,11.44,--,71,81224,买盘
830,14:05:00,11.44,--,7,8008,买盘
831,14:04:57,11.44,--,16,18304,买盘
832,14:04:51,11.44,--,11,12584,买盘
833,14:04:48,11.44,--,17,19448,买盘
834,14:04:45,11.44,0.01,2,2288,买盘
835,14:04:36,11.43,-0.01,16,18288,卖盘
836,14:04:33,11.44,--,1,1144,买盘
837,14:04:24,11.44,--,1,1144,买盘
838,14:04:18,11.44,--,160,183040,买盘
839,14:04:12,11.44,0.01,14,16016,买盘
840,14:04:09,11.43,-0.01,1,1143,卖盘
841,14:04:06,11.44,--,17,19448,买盘
842,14:04:03,11.44,--,1,1144,买盘
843,14:03:57,11.44,--,96,109824,买盘
844,14:03:51,11.44,0.01,1,1144,买盘
845,14:03:48,11.43,--,1,1143,卖盘
846,14:03:45,11.43,-0.01,55,62865,卖盘
847,14:03:42,11.44,--,1,1144,买盘
848,14:03:39,11.44,0.01,4,4576,买盘
849,14:03:36,11.43,-0.01,1,1143,卖盘
850,14:03:33,11.44,--,16,18304,买盘
851,14:03:30,11.44,--,1,1144,买盘
852,14:03:21,11.44,--,23,26312,买盘
853,14:03:18,11.44,--,148,169312,买盘
854,14:03:15,11.44,--,30,34320,买盘
855,14:03:06,11.44,0.01,42,48048,买盘
856,14:03:03,11.43,-0.01,1,1143,卖盘
857,14:03:00,11.44,0.01,18,20592,买盘
858,14:02:57,11.43,-0.01,17,19431,卖盘
859,14:02:54,11.44,0.01,5,5720,买盘
860,14:02:48,11.43,-0.01,38,43434,卖盘
861,14:02:45,11.44,0.01,1,1144,买盘
862,14:02:39,11.43,-0.01,12,13716,卖盘
863,14:02:36,11.44,--,2,2288,买盘
864,14:02:27,11.44,--,54,61776,买盘
865,14:02:24,11.44,--,1,1144,买盘
866,14:02:21,11.44,--,49,56056,买盘
867,14:02:18,11.44,--,5,5720,买盘
868,14:02:15,11.44,--,155,177320,买盘
869,14:02:12,11.44,--,1,1144,买盘
870,14:02:09,11.44,0.01,3,3432,买盘
871,14:02:06,11.43,--,4,4572,卖盘
872,14:02:03,11.43,--,3,3429,卖盘
873,14:02:00,11.43,--,1,1143,卖盘
874,14:01:57,11.43,-0.01,80,91440,卖盘
875,14:01:51,11.44,--,19,21736,买盘
876,14:01:48,11.44,--,11,12584,买盘
877,14:01:45,11.44,--,200,228800,买盘
878,14:01:39,11.44,0.01,1,1144,买盘
879,14:01:33,11.43,-0.01,10,11430,卖盘
880,14:01:27,11.44,--,1,1144,买盘
881,14:01:21,11.44,--,4,4576,买盘
882,14:01:18,11.44,--,12,13728,买盘
883,14:01:15,11.44,--,32,36608,买盘
884,14:01:06,11.44,--,2,2288,买盘
885,14:01:00,11.44,--,1,1144,买盘
886,14:00:57,11.44,--,2,2288,买盘
887,14:00:54,11.44,--,3,3432,买盘
888,14:00:48,11.44,--,173,197912,卖盘
889,14:00:45,11.44,-0.01,212,242528,卖盘
890,14:00:42,11.45,--,60,68700,买盘
891,14:00:39,11.45,0.01,5,5725,买盘
892,14:00:36,11.44,-0.01,15,17160,卖盘
893,14:00:33,11.45,--,2,2290,买盘
894,14:00:30,11.45,--,15,17175,买盘
895,14:00:27,11.45,--,6,6870,买盘
896,14:00:21,11.45,0.01,11,12595,买盘
897,14:00:18,11.44,-0.01,33,37752,卖盘
898,14:00:12,11.45,--,1,1145,买盘
899,14:00:06,11.45,--,10,11450,买盘
900,14:00:00,11.45,0.01,6,6870,买盘
901,13:59:57,11.44,--,3,3432,卖盘
902,13:59:54,11.44,--,1,1144,卖盘
903,13:59:51,11.44,--,36,41184,卖盘
904,13:59:42,11.44,--,10,11440,卖盘
905,13:59:39,11.44,-0.01,88,100672,卖盘
906,13:59:30,11.45,--,10,11450,买盘
907,13:59:27,11.45,0.01,6,6870,买盘
908,13:59:24,11.44,--,15,17160,卖盘
909,13:59:21,11.44,--,5,5720,卖盘
910,13:59:18,11.44,-0.01,10,11440,卖盘
911,13:59:15,11.45,0.01,187,214115,买盘
912,13:59:09,11.44,-0.01,22,25168,卖盘
913,13:59:06,11.45,0.01,11,12595,买盘
914,13:59:03,11.44,--,32,36608,卖盘
915,13:58:57,11.44,--,32,36608,买盘
916,13:58:54,11.44,0.01,19,21736,买盘
917,13:58:51,11.43,-0.01,0,228,卖盘
918,13:58:48,11.44,--,35,40040,买盘
919,13:58:45,11.44,--,1,1144,买盘
920,13:58:42,11.44,--,13,14872,买盘
921,13:58:39,11.44,0.01,7,8008,买盘
922,13:58:36,11.43,-0.01,29,33147,卖盘
923,13:58:30,11.44,--,17,19448,买盘
924,13:58:27,11.44,--,19,21736,买盘
925,13:58:21,11.44,--,7,8008,买盘
926,13:58:12,11.44,--,3,3432,买盘
927,13:58:09,11.44,--,101,115544,买盘
928,13:58:06,11.44,--,1,1144,买盘
929,13:58:00,11.44,0.01,173,197912,买盘
930,13:57:57,11.43,-0.01,42,48006,卖盘
931,13:57:48,11.44,--,2,2288,买盘
932,13:57:42,11.44,--,7,8008,买盘
933,13:57:36,11.44,--,11,12584,买盘
934,13:57:27,11.44,--,1,1144,买盘
935,13:57:24,11.44,--,2,2288,买盘
936,13:57:21,11.44,--,4,4576,买盘
937,13:57:15,11.44,--,1,1144,买盘
938,13:57:03,11.44,--,19,21736,买盘
939,13:57:00,11.44,--,1,1144,买盘
940,13:56:57,11.44,--,37,42328,买盘
941,13:56:54,11.44,--,1,1144,买盘
942,13:56:51,11.44,--,169,193336,买盘
943,13:56:45,11.44,--,2,2288,买盘
944,13:56:42,11.44,--,1,1144,买盘
945,13:56:39,11.44,0.01,9,10296,买盘
946,13:56:36,11.43,-0.01,30,34290,卖盘
947,13:56:33,11.44,--,2,2288,买盘
948,13:56:30,11.44,0.01,1,1144,买盘
949,13:56:27,11.43,-0.01,41,46863,卖盘
950,13:56:21,11.44,0.01,1,1144,买盘
951,13:56:18,11.43,-0.01,135,154305,卖盘
952,13:56:09,11.44,0.01,1,1144,买盘
953,13:56:06,11.43,--,12,13716,卖盘
954,13:56:03,11.43,-0.01,1,1143,卖盘
955,13:56:00,11.44,--,31,35464,买盘
956,13:55:57,11.44,--,1,1144,买盘
957,13:55:54,11.44,--,1,1144,买盘
958,13:55:45,11.44,--,32,36608,买盘
959,13:55:39,11.44,0.01,169,193336,买盘
960,13:55:36,11.43,-0.01,60,68580,卖盘
961,13:55:33,11.44,0.01,113,129272,买盘
962,13:55:30,11.43,--,317,362331,买盘
963,13:55:27,11.43,--,60,68580,买盘
964,13:55:24,11.43,--,12,13716,买盘
965,13:55:21,11.43,--,9,10287,买盘
966,13:55:18,11.43,--,10,11430,买盘
967,13:55:15,11.43,--,101,115443,买盘
968,13:55:12,11.43,--,11,12573,买盘
969,13:55:09,11.43,--,30,34290,买盘
970,13:55:03,11.43,--,155,177165,买盘
971,13:55:00,11.43,0.01,4,4572,买盘
972,13:54:57,11.42,-0.01,6,6852,卖盘
973,13:54:54,11.43,--,16,18288,买盘
974,13:54:51,11.43,--,21,24003,买盘
975,13:54:48,11.43,--,55,62865,买盘
976,13:54:45,11.43,--,41,46863,买盘
977,13:54:42,11.43,--,14,16002,买盘
978,13:54:39,11.43,--,13,14859,买盘
979,13:54:36,11.43,--,20,22860,买盘
980,13:54:33,11.43,--,33,37719,买盘
981,13:54:30,11.43,--,13,14859,买盘
982,13:54:27,11.43,--,5,5715,买盘
983,13:54:24,11.43,--,17,19431,买盘
984,13:54:18,11.43,0.01,34,38862,买盘
985,13:54:15,11.42,--,30,34260,买盘
986,13:54:12,11.42,--,56,63952,卖盘
987,13:54:09,11.42,0.01,32,36544,中性盘
988,13:54:06,11.41,-0.01,745,850045,卖盘
989,13:54:03,11.42,--,20,22840,卖盘
990,13:54:00,11.42,-0.01,10,11420,买盘
991,13:53:57,11.43,--,87,99441,买盘
992,13:53:54,11.43,--,1,1143,买盘
993,13:53:51,11.43,--,8,9144,买盘
994,13:53:48,11.43,--,49,56007,买盘
995,13:53:45,11.43,0.01,116,132588,买盘
996,13:53:42,11.42,-0.01,30,34260,卖盘
997,13:53:39,11.43,0.01,1,1143,买盘
998,13:53:36,11.42,--,51,58242,买盘
999,13:53:33,11.42,-0.01,625,713750,卖盘
1000,13:53:30,11.43,0.01,204,233172,买盘
1001,13:53:27,11.42,--,35,39970,卖盘
1002,13:53:24,11.42,-0.01,136,155312,卖盘
1003,13:53:21,11.43,--,20,22860,买盘
1004,13:53:18,11.43,0.01,21,24003,买盘
1005,13:53:15,11.42,--,160,182720,卖盘
1006,13:53:12,11.42,-0.01,6,6852,卖盘
1007,13:53:06,11.43,--,151,172593,买盘
1008,13:53:03,11.43,--,5,5715,买盘
1009,13:53:00,11.43,0.01,1,1143,买盘
1010,13:52:57,11.42,--,7,7994,卖盘
1011,13:52:51,11.42,--,319,364298,卖盘
1012,13:52:48,11.42,-0.01,120,137040,卖盘
1013,13:52:45,11.43,--,39,44577,买盘
1014,13:52:39,11.43,--,172,196596,买盘
1015,13:52:36,11.43,--,29,33147,买盘
1016,13:52:33,11.43,0.01,31,35433,买盘
1017,13:52:30,11.42,-0.01,15,17130,卖盘
1018,13:52:24,11.43,--,1,1143,买盘
1019,13:52:21,11.43,--,13,14859,买盘
1020,13:52:18,11.43,--,1,1143,买盘
1021,13:52:15,11.43,--,1,1143,买盘
1022,13:52:06,11.43,--,14,16002,买盘
1023,13:52:03,11.43,--,1,1143,买盘
1024,13:51:57,11.43,--,5,5715,买盘
1025,13:51:54,11.43,--,1,1143,买盘
1026,13:51:51,11.43,--,15,17145,买盘
1027,13:51:45,11.43,--,15,17145,买盘
1028,13:51:42,11.43,--,1,1143,买盘
1029,13:51:39,11.43,--,54,61722,买盘
1030,13:51:33,11.43,--,2,2286,买盘
1031,13:51:30,11.43,--,1,1143,买盘
1032,13:51:21,11.43,-0.01,60,68865,卖盘
1033,13:51:18,11.44,--,2,2288,买盘
1034,13:51:15,11.44,--,100,114400,买盘
1035,13:51:12,11.44,--,1,1144,买盘
1036,13:51:06,11.44,--,2,2288,买盘
1037,13:51:00,11.44,0.01,26,29744,买盘
1038,13:50:57,11.43,-0.01,6,6858,卖盘
1039,13:50:54,11.44,--,8,9152,买盘
1040,13:50:48,11.44,--,58,66352,买盘
1041,13:50:45,11.44,0.01,16,18304,买盘
1042,13:50:42,11.43,-0.01,45,51435,卖盘
1043,13:50:39,11.44,0.01,11,12584,买盘
1044,13:50:36,11.43,--,2,3143,买盘
1045,13:50:33,11.43,--,47,54006,卖盘
1046,13:50:30,11.43,--,43,49149,卖盘
1047,13:50:27,11.43,-0.01,35,40005,卖盘
1048,13:50:24,11.44,--,1,1144,买盘
1049,13:50:18,11.44,--,274,314314,买盘
1050,13:50:12,11.44,--,1,1144,买盘
1051,13:50:09,11.44,--,1,1144,买盘
1052,13:50:06,11.44,0.01,7,8008,卖盘
1053,13:50:03,11.43,-0.01,41,46863,卖盘
1054,13:50:00,11.44,--,2,2288,卖盘
1055,13:49:57,11.44,--,22,25168,买盘
1056,13:49:54,11.44,0.01,3,3432,买盘
1057,13:49:51,11.43,-0.01,19,21717,卖盘
1058,13:49:48,11.44,--,9,10296,卖盘
1059,13:49:45,11.44,--,106,121264,买盘
1060,13:49:42,11.44,--,3,3432,买盘
1061,13:49:39,11.44,--,16,18304,买盘
1062,13:49:33,11.44,--,2,2288,买盘
1063,13:49:27,11.44,--,1,1144,买盘
1064,13:49:21,11.44,0.01,2,2288,买盘
1065,13:49:18,11.43,-0.01,3,3429,卖盘
1066,13:49:15,11.44,--,1,1144,买盘
1067,13:49:12,11.44,--,1,1144,买盘
1068,13:49:06,11.44,--,109,124696,买盘
1069,13:49:00,11.44,0.01,29,33176,买盘
1070,13:48:57,11.43,-0.01,506,578358,卖盘
1071,13:48:54,11.44,--,2,2288,买盘
1072,13:48:48,11.44,--,1,1144,买盘
1073,13:48:45,11.44,--,1,1144,买盘
1074,13:48:42,11.44,--,5,5720,买盘
1075,13:48:39,11.44,0.01,2,2288,买盘
1076,13:48:36,11.43,-0.01,2,2286,卖盘
1077,13:48:33,11.44,--,1,1144,买盘
1078,13:48:30,11.44,--,156,178464,买盘
1079,13:48:27,11.44,--,1,1144,买盘
1080,13:48:21,11.44,--,1,1144,买盘
1081,13:48:18,11.44,--,18,20592,卖盘
1082,13:48:15,11.44,-0.01,16,18304,卖盘
1083,13:48:12,11.45,--,1,1145,买盘
1084,13:48:06,11.45,--,2,2290,买盘
1085,13:48:00,11.45,--,1,1145,买盘
1086,13:47:51,11.45,0.01,5,5725,买盘
1087,13:47:48,11.44,--,10,11440,卖盘
1088,13:47:42,11.44,--,304,347776,买盘
1089,13:47:39,11.44,--,16,18304,买盘
1090,13:47:36,11.44,--,1,1144,买盘
1091,13:47:30,11.44,0.01,1,1144,中性盘
1092,13:47:27,11.43,-0.02,34,38862,卖盘
1093,13:47:24,11.45,0.01,191,218695,买盘
1094,13:47:21,11.44,--,50,57200,买盘
1095,13:47:18,11.44,--,16,18304,买盘
1096,13:47:15,11.44,0.01,35,40040,买盘
1097,13:47:12,11.43,-0.01,1,1143,卖盘
1098,13:47:09,11.44,--,1,1144,买盘
1099,13:47:06,11.44,--,1,1144,买盘
1100,13:47:00,11.44,0.01,4,4576,买盘
1101,13:46:57,11.43,-0.01,7,8001,卖盘
1102,13:46:54,11.44,--,6,6864,买盘
1103,13:46:48,11.44,--,1,1144,买盘
1104,13:46:45,11.44,0.01,6,6864,买盘
1105,13:46:42,11.43,-0.01,13,14859,卖盘
1106,13:46:39,11.44,--,5,5720,买盘
1107,13:46:36,11.44,--,3,3432,买盘
1108,13:46:33,11.44,-0.01,48,54912,卖盘
1109,13:46:24,11.45,--,1,1145,买盘
1110,13:46:21,11.45,0.02,1,1145,买盘
1111,13:46:18,11.43,-0.02,9,10287,卖盘
1112,13:46:15,11.45,0.01,157,179765,买盘
1113,13:46:09,11.44,0.01,97,110968,买盘
1114,13:46:06,11.43,-0.01,2,2286,卖盘
1115,13:46:03,11.44,--,8,9152,买盘
1116,13:46:00,11.44,0.01,1,1144,买盘
1117,13:45:57,11.43,--,47,53721,卖盘
1118,13:45:54,11.43,-0.02,2,2286,卖盘
1119,13:45:51,11.45,--,1,1145,买盘
1120,13:45:48,11.45,0.02,1,1145,买盘
1121,13:45:45,11.43,-0.02,32,36576,卖盘
1122,13:45:42,11.45,0.01,42,48090,买盘
1123,13:45:39,11.44,-0.01,4,4576,买盘
1124,13:45:36,11.45,--,6,6870,买盘
1125,13:45:30,11.45,--,1,1145,买盘
1126,13:45:27,11.45,0.02,1,1145,买盘
1127,13:45:21,11.43,-0.02,13,14859,卖盘
1128,13:45:18,11.45,0.01,143,163735,买盘
1129,13:45:15,11.44,--,2,2288,买盘
1130,13:45:09,11.44,0.01,1,1144,买盘
1131,13:45:06,11.43,--,2,2286,卖盘
1132,13:45:03,11.43,--,31,35433,卖盘
1133,13:45:00,11.43,0.01,197,225171,买盘
1134,13:44:57,11.42,-0.01,50,57100,卖盘
1135,13:44:54,11.43,0.01,2,2286,买盘
1136,13:44:48,11.42,-0.01,56,63952,卖盘
1137,13:44:42,11.43,--,3,3429,买盘
1138,13:44:39,11.43,--,5,5715,买盘
1139,13:44:36,11.43,--,1,1143,买盘
1140,13:44:33,11.43,--,1,1143,买盘
1141,13:44:30,11.43,--,2,2286,买盘
1142,13:44:24,11.43,0.01,2,2286,买盘
1143,13:44:21,11.42,-0.01,33,37686,卖盘
1144,13:44:18,11.43,--,1,1143,买盘
1145,13:44:15,11.43,--,189,216027,买盘
1146,13:44:09,11.43,--,1,1143,买盘
1147,13:44:06,11.43,0.01,1,1143,买盘
1148,13:44:03,11.42,-0.01,2,2284,卖盘
1149,13:44:00,11.43,--,155,177165,买盘
1150,13:43:57,11.43,0.01,30,34290,买盘
1151,13:43:54,11.42,-0.01,25,28550,卖盘
1152,13:43:51,11.43,0.01,1,1143,买盘
1153,13:43:48,11.42,--,8,9136,卖盘
1154,13:43:45,11.42,-0.01,22,25124,卖盘
1155,13:43:39,11.43,0.01,1,1143,买盘
1156,13:43:36,11.42,-0.01,22,25124,卖盘
1157,13:43:33,11.43,0.01,1,1143,买盘
1158,13:43:30,11.42,-0.01,28,31976,卖盘
1159,13:43:27,11.43,--,236,269748,买盘
1160,13:43:24,11.43,--,2,2286,买盘
1161,13:43:21,11.43,--,5,5715,买盘
1162,13:43:18,11.43,--,10,11430,买盘
1163,13:43:15,11.43,--,1,1143,买盘
1164,13:43:09,11.43,0.01,158,180594,买盘
1165,13:43:06,11.42,--,233,266086,卖盘
1166,13:43:03,11.42,--,6,6852,卖盘
1167,13:43:00,11.42,--,2,2284,卖盘
1168,13:42:57,11.42,--,20,22840,卖盘
1169,13:42:54,11.42,--,32,36544,卖盘
1170,13:42:51,11.42,-0.01,62,70804,卖盘
1171,13:42:42,11.43,--,1,1143,买盘
1172,13:42:39,11.43,0.01,4,4572,买盘
1173,13:42:36,11.42,0.01,13,14846,中性盘
1174,13:42:33,11.41,-0.01,8,9128,卖盘
1175,13:42:30,11.42,--,28,33083,买盘
1176,13:42:27,11.42,--,23,26266,买盘
1177,13:42:24,11.42,--,105,119910,买盘
1178,13:42:21,11.42,--,7,7994,买盘
1179,13:42:18,11.42,--,25,28550,买盘
1180,13:42:15,11.42,0.01,32,36544,买盘
1181,13:42:09,11.41,-0.01,28,31948,卖盘
1182,13:42:06,11.42,--,156,178152,买盘
1183,13:42:03,11.42,--,3,3426,买盘
1184,13:42:00,11.42,0.01,5,5710,买盘
1185,13:41:57,11.41,-0.01,47,53627,卖盘
1186,13:41:54,11.42,--,3,3426,买盘
1187,13:41:48,11.42,--,25,28550,买盘
1188,13:41:45,11.42,--,3,3426,买盘
1189,13:41:36,11.42,--,259,295778,买盘
1190,13:41:33,11.42,0.01,53,60526,买盘
1191,13:41:30,11.41,-0.01,20,22820,卖盘
1192,13:41:27,11.42,0.01,27,30834,买盘
1193,13:41:24,11.41,-0.01,72,82152,卖盘
1194,13:41:21,11.42,--,44,50248,买盘
1195,13:41:15,11.42,0.01,46,52532,买盘
1196,13:41:12,11.41,-0.01,64,73024,卖盘
1197,13:41:06,11.42,--,99,113058,买盘
1198,13:41:03,11.42,--,1,1142,买盘
1199,13:41:00,11.42,0.01,112,127904,买盘
1200,13:40:57,11.41,-0.01,6,6846,卖盘
1201,13:40:54,11.42,0.01,93,106206,买盘
1202,13:40:51,11.41,-0.01,2,2282,卖盘
1203,13:40:48,11.42,--,515,588130,买盘
1204,13:40:45,11.42,--,3,3426,买盘
1205,13:40:42,11.42,--,33,37686,买盘
1206,13:40:39,11.42,--,7,7994,买盘
1207,13:40:33,11.42,--,5,5710,买盘
1208,13:40:30,11.42,0.01,12,13704,买盘
1209,13:40:24,11.41,-0.01,20,22820,卖盘
1210,13:40:21,11.42,--,1,1142,买盘
1211,13:40:18,11.42,--,21,23982,买盘
1212,13:40:15,11.42,--,1,1142,买盘
1213,13:40:06,11.42,--,56,63952,买盘
1214,13:40:03,11.42,--,1,1142,买盘
1215,13:40:00,11.42,--,4,4568,买盘
1216,13:39:57,11.42,--,78,89076,买盘
1217,13:39:54,11.42,--,1,1142,买盘
1218,13:39:51,11.42,--,5,5710,买盘
1219,13:39:48,11.42,--,47,53674,买盘
1220,13:39:45,11.42,--,7,7994,买盘
1221,13:39:42,11.42,--,10,11420,买盘
1222,13:39:39,11.42,--,200,228400,买盘
1223,13:39:36,11.42,--,158,180436,买盘
1224,13:39:33,11.42,-0.01,670,765174,卖盘
1225,13:39:30,11.43,0.01,10,11430,买盘
1226,13:39:27,11.42,-0.01,115,131330,卖盘
1227,13:39:24,11.43,0.01,102,117694,买盘
1228,13:39:21,11.42,-0.01,11,12562,卖盘
1229,13:39:18,11.43,--,10,11430,买盘
1230,13:39:15,11.43,--,10,11430,买盘
1231,13:39:12,11.43,--,1,1143,买盘
1232,13:39:06,11.43,0.01,22,25146,买盘
1233,13:39:03,11.42,-0.01,15,17130,卖盘
1234,13:39:00,11.43,0.01,1,1143,买盘
1235,13:38:54,11.42,--,3,3426,卖盘
1236,13:38:51,11.42,--,12,13704,卖盘
1237,13:38:48,11.42,-0.01,79,90218,卖盘
1238,13:38:39,11.43,--,42,48006,买盘
1239,13:38:36,11.43,0.01,3,3429,买盘
1240,13:38:33,11.42,-0.01,1,1142,卖盘
1241,13:38:30,11.43,--,28,32004,买盘
1242,13:38:27,11.43,--,1,1143,买盘
1243,13:38:21,11.43,--,4,4572,买盘
1244,13:38:18,11.43,0.01,59,67437,买盘
1245,13:38:15,11.42,-0.01,58,66236,卖盘
1246,13:38:06,11.43,0.01,3,3429,买盘
1247,13:38:03,11.42,-0.01,20,22840,卖盘
1248,13:37:57,11.43,--,1,1143,买盘
1249,13:37:54,11.43,0.01,2,2286,买盘
1250,13:37:51,11.42,-0.01,13,14846,卖盘
1251,13:37:48,11.43,0.01,280,320040,买盘
1252,13:37:45,11.42,--,17,19414,买盘
1253,13:37:42,11.42,--,25,28550,买盘
1254,13:37:33,11.42,--,2,2284,买盘
1255,13:37:30,11.42,--,23,26266,买盘
1256,13:37:27,11.42,--,100,114200,买盘
1257,13:37:24,11.42,--,80,91360,买盘
1258,13:37:21,11.42,0.01,1,1142,买盘
1259,13:37:18,11.41,-0.01,10,11410,卖盘
1260,13:37:15,11.42,0.01,11,12562,买盘
1261,13:37:12,11.41,-0.01,1,1141,卖盘
1262,13:37:09,11.42,--,3,3426,买盘
1263,13:37:06,11.42,0.01,11,12562,买盘
1264,13:37:03,11.41,-0.01,6,6846,卖盘
1265,13:37:00,11.42,--,125,142750,买盘
1266,13:36:57,11.42,0.01,71,81082,买盘
1267,13:36:54,11.41,-0.01,120,136920,卖盘
1268,13:36:48,11.42,--,72,82224,买盘
1269,13:36:45,11.42,--,1,1142,买盘
1270,13:36:42,11.42,--,25,28550,买盘
1271,13:36:39,11.42,--,171,195282,卖盘
1272,13:36:24,11.42,--,24,27408,卖盘
1273,13:36:21,11.42,--,58,66236,买盘
1274,13:36:18,11.42,--,63,71946,买盘
1275,13:36:15,11.42,--,68,77656,买盘
1276,13:36:12,11.42,--,36,41112,买盘
1277,13:36:09,11.42,--,202,230684,买盘
1278,13:36:03,11.42,--,1,1142,买盘
1279,13:36:00,11.42,0.01,13,14846,买盘
1280,13:35:57,11.41,-0.01,15,17115,卖盘
1281,13:35:54,11.42,--,17,19414,买盘
1282,13:35:51,11.42,--,1,1142,买盘
1283,13:35:45,11.42,--,6,6852,买盘
1284,13:35:42,11.42,--,5,5710,买盘
1285,13:35:30,11.42,--,1,1142,买盘
1286,13:35:27,11.42,--,3,3426,买盘
1287,13:35:21,11.42,--,1,1142,买盘
1288,13:35:18,11.42,--,10,11420,买盘
1289,13:35:15,11.42,0.01,34,38828,买盘
1290,13:35:12,11.41,-0.01,23,26243,卖盘
1291,13:35:09,11.42,-0.01,308,352021,卖盘
1292,13:35:06,11.43,--,2,2286,买盘
1293,13:35:03,11.43,0.01,1,1143,买盘
1294,13:35:00,11.42,-0.01,113,129046,卖盘
1295,13:34:57,11.43,--,1,1143,买盘
1296,13:34:45,11.43,0.01,29,33147,买盘
1297,13:34:42,11.42,-0.01,20,22840,卖盘
1298,13:34:39,11.43,0.01,2,2286,买盘
1299,13:34:36,11.42,--,151,172442,卖盘
1300,13:34:33,11.42,--,11,12562,卖盘
1301,13:34:30,11.42,-0.01,78,89076,卖盘
1302,13:34:24,11.43,--,1,1143,买盘
1303,13:34:15,11.43,--,15,17145,买盘
1304,13:34:12,11.43,--,1,1143,买盘
1305,13:34:06,11.43,--,1,1143,买盘
1306,13:34:03,11.43,0.01,1,1143,买盘
1307,13:34:00,11.42,--,58,66236,卖盘
1308,13:33:57,11.42,-0.01,46,52532,卖盘
1309,13:33:54,11.43,0.01,1,1143,买盘
1310,13:33:51,11.42,--,148,169016,卖盘
1311,13:33:48,11.42,-0.01,18,20556,卖盘
1312,13:33:45,11.43,--,2,2286,买盘
1313,13:33:39,11.43,0.01,1,1143,买盘
1314,13:33:36,11.42,-0.01,1,1142,卖盘
1315,13:33:33,11.43,0.01,1,1143,买盘
1316,13:33:30,11.42,--,114,130188,卖盘
1317,13:33:21,11.42,-0.01,121,138182,卖盘
1318,13:33:18,11.43,0.01,1,1143,买盘
1319,13:33:15,11.42,--,30,34260,卖盘
1320,13:33:12,11.42,-0.01,10,11420,卖盘
1321,13:33:06,11.43,0.01,105,120015,买盘
1322,13:33:03,11.42,--,1,1142,卖盘
1323,13:33:00,11.42,-0.01,16,18272,卖盘
1324,13:32:57,11.43,--,31,35433,买盘
1325,13:32:54,11.43,0.01,10,11430,买盘
1326,13:32:51,11.42,--,79,90218,卖盘
1327,13:32:48,11.42,-0.01,94,107348,卖盘
1328,13:32:45,11.43,--,51,58293,买盘
1329,13:32:39,11.43,--,2,2286,买盘
1330,13:32:36,11.43,0.01,23,26289,买盘
1331,13:32:33,11.42,-0.01,14,15988,卖盘
1332,13:32:30,11.43,0.01,11,12573,买盘
1333,13:32:27,11.42,-0.01,22,25124,卖盘
1334,13:32:24,11.43,--,11,12573,买盘
1335,13:32:21,11.43,--,38,43434,买盘
1336,13:32:12,11.43,--,71,81153,卖盘
1337,13:32:09,11.43,--,10,11430,卖盘
1338,13:32:06,11.43,-0.01,18,20574,卖盘
1339,13:32:03,11.44,--,123,140712,买盘
1340,13:32:00,11.44,0.01,1,1144,买盘
1341,13:31:54,11.43,-0.01,1,1143,卖盘
1342,13:31:51,11.44,--,8,9152,买盘
1343,13:31:48,11.44,--,6,6864,买盘
1344,13:31:42,11.44,--,14,16016,买盘
1345,13:31:30,11.44,--,205,234520,买盘
1346,13:31:27,11.44,0.01,7,8008,买盘
1347,13:31:21,11.43,-0.01,25,28575,卖盘
1348,13:31:18,11.44,0.01,3,3432,买盘
1349,13:31:09,11.43,--,51,58293,卖盘
1350,13:31:06,11.43,--,47,53721,卖盘
1351,13:31:03,11.43,-0.01,51,58293,卖盘
1352,13:30:57,11.44,0.01,1,1144,买盘
1353,13:30:54,11.43,--,210,240030,卖盘
1354,13:30:51,11.43,-0.01,11,12573,卖盘
1355,13:30:45,11.44,0.01,120,137280,买盘
1356,13:30:42,11.43,--,34,38862,卖盘
1357,13:30:39,11.43,0.01,263,300609,买盘
1358,13:30:36,11.42,-0.01,1,1142,卖盘
1359,13:30:33,11.43,0.01,33,37719,买盘
1360,13:30:27,11.42,-0.01,28,31976,卖盘
1361,13:30:24,11.43,--,1,1143,买盘
1362,13:30:21,11.43,--,10,11430,买盘
1363,13:30:18,11.43,--,31,35433,买盘
1364,13:30:12,11.43,--,5,5715,买盘
1365,13:30:09,11.43,--,1,1143,买盘
1366,13:30:06,11.43,0.01,4,4572,买盘
1367,13:30:03,11.42,--,387,442810,卖盘
1368,13:30:00,11.42,-0.01,44,50248,卖盘
1369,13:29:54,11.43,--,600,685800,买盘
1370,13:29:48,11.43,--,24,27432,买盘
1371,13:29:45,11.43,--,34,38862,买盘
1372,13:29:42,11.43,--,40,45720,买盘
1373,13:29:39,11.43,--,14,16002,买盘
1374,13:29:36,11.43,--,69,78867,买盘
1375,13:29:30,11.43,--,4,4572,买盘
1376,13:29:27,11.43,0.01,1,1143,买盘
1377,13:29:21,11.42,--,50,57100,卖盘
1378,13:29:15,11.42,--,12,13704,卖盘
1379,13:29:12,11.42,--,36,41112,卖盘
1380,13:29:09,11.42,--,6,6852,卖盘
1381,13:29:06,11.42,-0.01,5,5710,卖盘
1382,13:29:00,11.43,--,57,65151,买盘
1383,13:28:54,11.43,--,2,2286,买盘
1384,13:28:51,11.43,--,21,24003,买盘
1385,13:28:48,11.43,--,65,74295,买盘
1386,13:28:45,11.43,--,5,5715,买盘
1387,13:28:42,11.43,--,1,1143,买盘
1388,13:28:39,11.43,0.01,2,2286,买盘
1389,13:28:36,11.42,-0.01,1,1142,卖盘
1390,13:28:30,11.43,0.01,16,18288,买盘
1391,13:28:27,11.42,--,2,2284,卖盘
1392,13:28:24,11.42,-0.02,140,159880,卖盘
1393,13:28:21,11.44,--,2,2288,买盘
1394,13:28:12,11.44,--,2,2288,买盘
1395,13:28:09,11.44,0.02,40,45760,买盘
1396,13:28:06,11.42,--,20,22840,卖盘
1397,13:28:03,11.42,--,32,36544,卖盘
1398,13:28:00,11.42,-0.01,6,6852,卖盘
1399,13:27:57,11.43,--,20,22860,买盘
1400,13:27:48,11.43,0.01,23,26289,买盘
1401,13:27:42,11.42,-0.01,12,13704,卖盘
1402,13:27:39,11.43,-0.01,10,11430,卖盘
1403,13:27:36,11.44,0.01,1,1144,买盘
1404,13:27:33,11.43,--,45,51435,买盘
1405,13:27:27,11.43,--,1,1143,买盘
1406,13:27:24,11.43,-0.01,23,26289,卖盘
1407,13:27:15,11.44,0.01,16,18304,买盘
1408,13:27:12,11.43,-0.01,79,90297,卖盘
1409,13:27:09,11.44,--,49,56056,买盘
1410,13:27:03,11.44,--,1,1144,买盘
1411,13:26:57,11.44,0.01,19,21736,买盘
1412,13:26:54,11.43,-0.01,208,237744,卖盘
1413,13:26:48,11.44,--,53,60632,买盘
1414,13:26:45,11.44,--,16,18304,买盘
1415,13:26:42,11.44,0.01,252,288288,买盘
1416,13:26:39,11.43,--,9,10287,买盘
1417,13:26:36,11.43,--,21,24003,买盘
1418,13:26:33,11.43,--,100,114300,买盘
1419,13:26:30,11.43,--,15,17145,买盘
1420,13:26:21,11.43,0.01,11,12573,买盘
1421,13:26:18,11.42,--,16,18272,卖盘
1422,13:26:15,11.42,-0.01,1,1142,卖盘
1423,13:26:12,11.43,0.01,1,1143,买盘
1424,13:26:06,11.42,--,8,9136,卖盘
1425,13:26:03,11.42,--,15,17130,卖盘
1426,13:25:57,11.42,--,31,35402,卖盘
1427,13:25:48,11.42,-0.01,56,63952,中性盘
1428,13:25:36,11.43,0.01,73,83439,买盘
1429,13:25:33,11.42,--,78,89076,买盘
1430,13:25:27,11.42,--,20,22840,买盘
1431,13:25:21,11.42,--,49,55958,买盘
1432,13:25:18,11.42,--,93,106206,买盘
1433,13:25:15,11.42,--,2,2284,买盘
1434,13:25:12,11.42,--,16,18272,买盘
1435,13:25:09,11.42,--,7,7994,买盘
1436,13:25:06,11.42,--,93,106206,买盘
1437,13:25:03,11.42,--,35,39970,买盘
1438,13:24:57,11.42,--,105,119910,买盘
1439,13:24:54,11.42,--,230,262660,买盘
1440,13:24:51,11.42,0.01,15,17130,买盘
1441,13:24:48,11.41,-0.01,3,3423,卖盘
1442,13:24:45,11.42,0.01,1,1142,买盘
1443,13:24:39,11.41,-0.01,16,18256,卖盘
1444,13:24:36,11.42,--,134,153028,卖盘
1445,13:24:30,11.42,--,11,12562,卖盘
1446,13:24:24,11.42,--,7,7994,买盘
1447,13:24:21,11.42,0.01,35,39970,买盘
1448,13:24:18,11.41,-0.01,44,50204,卖盘
1449,13:24:15,11.42,--,41,46822,买盘
1450,13:24:12,11.42,--,13,14846,买盘
1451,13:24:09,11.42,--,180,205560,买盘
1452,13:24:03,11.42,--,4,4568,买盘
1453,13:24:00,11.42,0.01,15,17130,买盘
1454,13:23:57,11.41,-0.01,39,44499,卖盘
1455,13:23:54,11.42,--,9,10278,买盘
1456,13:23:51,11.42,0.01,361,412262,买盘
1457,13:23:48,11.41,-0.01,113,128933,卖盘
1458,13:23:45,11.42,--,312,356304,买盘
1459,13:23:42,11.42,--,10,11420,买盘
1460,13:23:39,11.42,0.01,8,9136,买盘
1461,13:23:36,11.41,--,1,1141,卖盘
1462,13:23:33,11.41,--,326,371966,卖盘
1463,13:23:30,11.41,-0.01,40,45640,卖盘
1464,13:23:27,11.42,0.01,11,12562,买盘
1465,13:23:24,11.41,-0.02,2,2282,卖盘
1466,13:23:21,11.43,--,27,30861,买盘
1467,13:23:15,11.43,0.02,55,62865,买盘
1468,13:23:12,11.41,-0.02,1693,1931713,卖盘
1469,13:23:09,11.43,--,50,57150,卖盘
1470,13:23:06,11.43,--,10,11430,卖盘
1471,13:23:03,11.43,-0.01,17,19431,卖盘
1472,13:23:00,11.44,--,35,40040,买盘
1473,13:22:54,11.44,0.01,9,10296,买盘
1474,13:22:48,11.43,-0.01,63,72009,卖盘
1475,13:22:45,11.44,0.01,1,1144,买盘
1476,13:22:42,11.43,--,1,1143,卖盘
1477,13:22:39,11.43,--,27,30861,卖盘
1478,13:22:33,11.43,--,200,228600,卖盘
1479,13:22:24,11.43,-0.01,242,276606,卖盘
1480,13:22:21,11.44,--,29,33176,买盘
1481,13:22:15,11.44,0.01,1,1144,买盘
1482,13:22:12,11.43,-0.01,11,12573,卖盘
1483,13:22:06,11.44,0.01,43,49192,买盘
1484,13:22:03,11.43,--,100,114300,卖盘
1485,13:22:00,11.43,-0.01,48,54864,卖盘
1486,13:21:57,11.44,--,5,5720,买盘
1487,13:21:54,11.44,--,90,103246,卖盘
1488,13:21:51,11.44,--,352,402688,卖盘
1489,13:21:48,11.44,-0.01,539,616616,卖盘
1490,13:21:45,11.45,0.01,3,3435,买盘
1491,13:21:36,11.44,-0.01,202,231088,卖盘
1492,13:21:33,11.45,0.01,10,11450,买盘
1493,13:21:30,11.44,-0.01,31,35464,卖盘
1494,13:21:27,11.45,0.01,20,22900,买盘
1495,13:21:24,11.44,-0.01,2,2288,卖盘
1496,13:21:21,11.45,--,10,11450,买盘
1497,13:21:18,11.45,--,2,2290,买盘
1498,13:21:15,11.45,--,1,1145,买盘
1499,13:21:12,11.45,--,5,5725,买盘
1500,13:21:06,11.45,--,1,1145,买盘
1501,13:21:03,11.45,--,14,16029,买盘
1502,13:20:54,11.45,--,48,54960,买盘
1503,13:20:45,11.45,0.01,532,609140,买盘
1504,13:20:30,11.44,--,32,36608,卖盘
1505,13:20:27,11.44,--,12,13728,卖盘
1506,13:20:24,11.44,-0.01,17,19448,卖盘
1507,13:20:21,11.45,0.01,1,1145,买盘
1508,13:20:18,11.44,-0.01,34,38896,卖盘
1509,13:20:15,11.45,0.01,6,6870,买盘
1510,13:20:12,11.44,-0.01,21,24024,卖盘
1511,13:20:09,11.45,--,10,11450,买盘
1512,13:20:03,11.45,--,10,11450,买盘
1513,13:20:00,11.45,0.01,16,18320,买盘
1514,13:19:45,11.44,--,5,5720,卖盘
1515,13:19:24,11.44,--,2,2288,卖盘
1516,13:19:15,11.44,-0.01,1,1144,卖盘
1517,13:19:12,11.45,--,552,632040,卖盘
1518,13:19:00,11.45,--,9,10305,卖盘
1519,13:18:57,11.45,--,50,57250,卖盘
1520,13:18:51,11.45,--,28,32059,卖盘
1521,13:18:39,11.45,--,2,2290,卖盘
1522,13:18:36,11.45,--,1,1145,卖盘
1523,13:18:33,11.45,--,50,57250,卖盘
1524,13:18:24,11.45,-0.01,14,16029,卖盘
1525,13:18:21,11.46,0.01,1,1146,买盘
1526,13:18:15,11.45,-0.01,81,92745,卖盘
1527,13:18:12,11.46,--,1,1146,买盘
1528,13:18:09,11.46,--,205,234930,买盘
1529,13:18:06,11.46,--,1,1146,买盘
1530,13:17:57,11.46,0.01,47,53862,买盘
1531,13:17:51,11.45,-0.01,7,8014,卖盘
1532,13:17:48,11.46,0.01,1,1146,买盘
1533,13:17:45,11.45,-0.01,1,1145,卖盘
1534,13:17:42,11.46,--,416,476736,买盘
1535,13:17:30,11.46,--,1,1146,买盘
1536,13:17:27,11.46,0.01,645,739170,买盘
1537,13:17:24,11.45,--,2,2290,卖盘
1538,13:17:18,11.45,-0.01,33,37785,卖盘
1539,13:17:15,11.46,0.01,1,1146,买盘
1540,13:17:12,11.45,-0.01,21,24045,卖盘
1541,13:17:06,11.46,--,1,1146,买盘
1542,13:17:00,11.46,0.01,17,19482,买盘
1543,13:16:48,11.45,--,33,37785,卖盘
1544,13:16:45,11.45,-0.01,3,3435,卖盘
1545,13:16:42,11.46,--,5,5730,买盘
1546,13:16:36,11.46,0.01,44,50424,买盘
1547,13:16:30,11.45,--,100,114500,卖盘
1548,13:16:27,11.45,--,66,75570,买盘
1549,13:16:24,11.45,0.01,160,183200,买盘
1550,13:16:18,11.44,-0.01,1,1144,卖盘
1551,13:16:15,11.45,0.01,1,1145,买盘
1552,13:16:12,11.44,-0.01,39,44616,卖盘
1553,13:16:06,11.45,--,1,1145,买盘
1554,13:16:03,11.45,--,4,4580,买盘
1555,13:16:00,11.45,-0.02,58,66410,卖盘
1556,13:15:57,11.47,0.02,60,68820,买盘
1557,13:15:54,11.45,-0.01,13,14884,卖盘
1558,13:15:51,11.46,--,1,1146,买盘
1559,13:15:48,11.46,0.01,183,209718,买盘
1560,13:15:45,11.45,--,2,2290,买盘
1561,13:15:42,11.45,0.01,15,17175,买盘
1562,13:15:39,11.44,-0.01,312,356928,卖盘
1563,13:15:36,11.45,--,16,18320,买盘
1564,13:15:30,11.45,--,42,48090,买盘
1565,13:15:27,11.45,0.01,12,13740,买盘
1566,13:15:24,11.44,-0.01,14,16016,卖盘
1567,13:15:15,11.45,0.01,61,69845,买盘
1568,13:15:12,11.44,-0.01,31,35464,卖盘
1569,13:15:09,11.45,-0.02,84,96180,卖盘
1570,13:15:06,11.47,0.02,19,21793,买盘
1571,13:15:03,11.45,-0.02,32,36640,卖盘
1572,13:15:00,11.47,0.01,22,25234,买盘
1573,13:14:57,11.46,--,30,34380,买盘
1574,13:14:54,11.46,0.02,34,38964,买盘
1575,13:14:51,11.44,--,74,84656,卖盘
1576,13:14:45,11.44,-0.01,112,128128,卖盘
1577,13:14:39,11.45,--,139,159155,买盘
1578,13:14:36,11.45,--,36,41220,买盘
1579,13:14:30,11.45,--,156,178620,买盘
1580,13:14:27,11.45,0.01,31,35495,买盘
1581,13:14:24,11.44,-0.01,62,70928,卖盘
1582,13:14:21,11.45,--,104,119079,买盘
1583,13:14:15,11.45,--,1,1145,买盘
1584,13:14:09,11.45,0.01,59,67555,买盘
1585,13:14:06,11.44,-0.01,26,29744,卖盘
1586,13:14:03,11.45,--,5,5725,买盘
1587,13:14:00,11.45,0.01,2,2290,买盘
1588,13:13:57,11.44,--,50,57200,卖盘
1589,13:13:51,11.44,-0.01,9,10296,卖盘
1590,13:13:45,11.45,--,7,8014,买盘
1591,13:13:42,11.45,0.01,10,11450,买盘
1592,13:13:39,11.44,--,1,1144,卖盘
1593,13:13:36,11.44,-0.01,67,76648,卖盘
1594,13:13:30,11.45,--,1,1145,买盘
1595,13:13:24,11.45,--,16,18320,买盘
1596,13:13:21,11.45,--,30,34350,买盘
1597,13:13:18,11.45,--,10,11450,买盘
1598,13:13:15,11.45,-0.01,12,13740,卖盘
1599,13:13:09,11.46,0.01,31,35526,买盘
1600,13:13:06,11.45,0.01,329,376705,买盘
1601,13:13:00,11.44,-0.01,53,60632,卖盘
1602,13:12:57,11.45,0.01,33,37785,买盘
1603,13:12:54,11.44,-0.01,10,11440,卖盘
1604,13:12:45,11.45,--,32,36640,买盘
1605,13:12:36,11.45,0.01,70,80150,买盘
1606,13:12:33,11.44,--,5,5720,卖盘
1607,13:12:30,11.44,--,200,228800,卖盘
1608,13:12:24,11.44,-0.01,2,2288,卖盘
1609,13:12:21,11.45,0.01,28,32059,买盘
1610,13:12:18,11.44,-0.01,9,10296,卖盘
1611,13:12:15,11.45,--,37,42365,买盘
1612,13:12:12,11.45,--,21,24045,买盘
1613,13:12:09,11.45,0.01,1,1145,买盘
1614,13:12:00,11.44,-0.01,12,13728,卖盘
1615,13:11:57,11.45,--,18,20610,买盘
1616,13:11:54,11.45,0.01,5,5725,买盘
1617,13:11:48,11.44,-0.01,5,5720,卖盘
1618,13:11:45,11.45,--,2,2290,买盘
1619,13:11:42,11.45,--,15,17175,买盘
1620,13:11:39,11.45,0.01,10,11450,买盘
1621,13:11:36,11.44,-0.01,2,2288,卖盘
1622,13:11:30,11.45,--,9,10305,买盘
1623,13:11:27,11.45,--,112,128239,买盘
1624,13:11:24,11.45,0.01,161,184345,卖盘
1625,13:11:21,11.44,--,41,46904,卖盘
1626,13:11:18,11.44,-0.02,2,2288,卖盘
1627,13:11:09,11.46,0.02,1,1146,买盘
1628,13:11:06,11.44,-0.02,1,1144,卖盘
1629,13:11:03,11.46,0.02,100,114600,买盘
1630,13:11:00,11.44,-0.01,34,38896,卖盘
1631,13:10:57,11.45,--,4,4580,卖盘
1632,13:10:54,11.45,--,4,5438,买盘
1633,13:10:51,11.45,-0.01,13,15171,卖盘
1634,13:10:45,11.46,0.01,1,2005,买盘
1635,13:10:39,11.45,-0.01,99,113641,卖盘
1636,13:10:36,11.46,0.01,91,104286,买盘
1637,13:10:30,11.45,--,8,9160,卖盘
1638,13:10:27,11.45,--,5,5725,卖盘
1639,13:10:24,11.45,--,56,64119,卖盘
1640,13:10:21,11.45,-0.01,200,229000,卖盘
1641,13:10:18,11.46,--,50,57300,买盘
1642,13:10:15,11.46,--,50,57300,买盘
1643,13:10:12,11.46,--,50,57300,买盘
1644,13:10:09,11.46,0.01,189,217453,买盘
1645,13:10:06,11.45,-0.01,76,87020,卖盘
1646,13:10:03,11.46,0.01,31,35526,买盘
1647,13:10:00,11.45,--,61,69845,买盘
1648,13:09:54,11.45,0.01,2,2290,买盘
1649,13:09:51,11.44,-0.01,1,1144,卖盘
1650,13:09:48,11.45,--,25,28625,买盘
1651,13:09:45,11.45,--,2,2290,买盘
1652,13:09:39,11.45,--,17,19751,卖盘
1653,13:09:36,11.45,0.01,142,163448,买盘
1654,13:09:33,11.44,--,10,11440,卖盘
1655,13:09:24,11.44,-0.01,3,3432,卖盘
1656,13:09:21,11.45,0.01,7,8014,买盘
1657,13:09:18,11.44,-0.01,86,98384,卖盘
1658,13:09:15,11.45,--,1,1145,买盘
1659,13:09:12,11.45,--,10,11450,买盘
1660,13:09:09,11.45,--,2,2290,买盘
1661,13:09:06,11.45,--,2,2290,买盘
1662,13:09:03,11.45,-0.01,147,168601,卖盘
1663,13:08:57,11.46,--,13,14898,买盘
1664,13:08:54,11.46,0.01,100,114600,买盘
1665,13:08:42,11.45,--,99,113355,卖盘
1666,13:08:39,11.45,--,534,611430,卖盘
1667,13:08:36,11.45,--,1,1145,卖盘
1668,13:08:33,11.45,-0.01,1,1145,卖盘
1669,13:08:30,11.46,0.01,9,10314,买盘
1670,13:08:24,11.45,--,3,3435,卖盘
1671,13:08:21,11.45,-0.01,12,13740,卖盘
1672,13:08:09,11.46,--,1,1146,买盘
1673,13:08:03,11.46,--,63,72198,买盘
1674,13:08:00,11.46,--,1,1146,买盘
1675,13:07:57,11.46,--,60,68760,买盘
1676,13:07:54,11.46,0.01,27,30942,买盘
1677,13:07:51,11.45,-0.01,236,270220,卖盘
1678,13:07:45,11.46,--,11,12606,买盘
1679,13:07:39,11.46,--,11,12606,买盘
1680,13:07:33,11.46,0.01,20,22920,买盘
1681,13:07:24,11.45,-0.01,9,10305,卖盘
1682,13:07:18,11.46,--,40,45840,买盘
1683,13:07:15,11.46,--,1,1146,买盘
1684,13:07:09,11.46,0.01,1,1146,买盘
1685,13:07:03,11.45,-0.01,1,1145,卖盘
1686,13:06:54,11.46,--,5,5730,买盘
1687,13:06:51,11.46,0.01,13,14898,买盘
1688,13:06:48,11.45,-0.01,70,80150,卖盘
1689,13:06:45,11.46,0.01,12,13752,买盘
1690,13:06:39,11.45,-0.01,10,11450,卖盘
1691,13:06:36,11.46,--,10,11460,买盘
1692,13:06:33,11.46,--,1,1146,买盘
1693,13:06:30,11.46,0.01,2,2292,买盘
1694,13:06:27,11.45,--,12,13740,卖盘
1695,13:06:24,11.45,-0.01,15,17175,卖盘
1696,13:06:18,11.46,--,42,48132,买盘
1697,13:06:15,11.46,--,21,24066,买盘
1698,13:06:12,11.46,--,10,11460,买盘
1699,13:06:09,11.46,--,11,12606,买盘
1700,13:06:06,11.46,--,11,12606,买盘
1701,13:06:03,11.46,--,501,574146,买盘
1702,13:05:48,11.46,--,5,5730,买盘
1703,13:05:45,11.46,--,2,2292,买盘
1704,13:05:42,11.46,0.01,40,45840,买盘
1705,13:05:39,11.45,-0.01,10,11450,卖盘
1706,13:05:36,11.46,0.01,12,13752,买盘
1707,13:05:33,11.45,-0.01,100,114500,卖盘
1708,13:05:21,11.46,--,2,2292,买盘
1709,13:05:18,11.46,--,4,4584,买盘
1710,13:05:15,11.46,--,41,46986,买盘
1711,13:05:12,11.46,-0.01,454,521315,卖盘
1712,13:05:09,11.47,0.01,1,1147,买盘
1713,13:05:06,11.46,-0.01,300,343800,卖盘
1714,13:05:03,11.47,--,2,2294,买盘
1715,13:05:00,11.47,0.01,17,19499,买盘
1716,13:04:54,11.46,--,171,195966,卖盘
1717,13:04:51,11.46,-0.01,5,5730,卖盘
1718,13:04:45,11.47,0.01,1,1147,买盘
1719,13:04:39,11.46,--,43,49278,卖盘
1720,13:04:36,11.46,--,2,2292,卖盘
1721,13:04:33,11.46,--,116,132936,卖盘
1722,13:04:30,11.46,--,2,2292,卖盘
1723,13:04:27,11.46,-0.01,59,67614,卖盘
1724,13:04:24,11.47,--,1,1147,买盘
1725,13:04:15,11.47,--,1,1147,买盘
1726,13:04:09,11.47,--,1,1147,买盘
1727,13:04:06,11.47,--,9,10323,买盘
1728,13:04:03,11.47,0.01,1,1147,买盘
1729,13:04:00,11.46,--,4,4584,卖盘
1730,13:03:48,11.46,-0.01,43,49278,卖盘
1731,13:03:45,11.47,--,302,346394,买盘
1732,13:03:39,11.47,0.01,20,22940,买盘
1733,13:03:36,11.46,--,1,1146,卖盘
1734,13:03:30,11.46,-0.01,3,3438,卖盘
1735,13:03:27,11.47,--,229,262663,卖盘
1736,13:03:24,11.47,--,4,4588,卖盘
1737,13:03:18,11.47,--,13,14911,卖盘
1738,13:03:15,11.47,--,50,57350,卖盘
1739,13:03:12,11.47,-0.01,4,4588,卖盘
1740,13:03:09,11.48,--,1,1148,买盘
1741,13:03:03,11.48,--,33,37884,买盘
1742,13:03:00,11.48,0.01,19,21812,买盘
1743,13:02:57,11.47,-0.01,6,6882,卖盘
1744,13:02:48,11.48,--,1,1148,买盘
1745,13:02:42,11.48,--,2,2296,买盘
1746,13:02:39,11.48,0.01,10,11480,买盘
1747,13:02:24,11.47,--,348,399156,卖盘
1748,13:02:21,11.47,-0.01,8,9176,卖盘
1749,13:02:18,11.48,0.01,1,1148,买盘
1750,13:02:12,11.47,-0.01,18,20646,卖盘
1751,13:02:09,11.48,0.01,1,1148,买盘
1752,13:02:03,11.47,--,33,37851,卖盘
1753,13:01:57,11.47,--,10,11470,卖盘
1754,13:01:54,11.47,--,12,13764,卖盘
1755,13:01:48,11.47,--,10,11470,卖盘
1756,13:01:39,11.47,-0.01,33,37851,卖盘
1757,13:01:36,11.48,0.01,1,1148,买盘
1758,13:01:27,11.47,-0.01,20,22940,卖盘
1759,13:01:24,11.48,0.01,22,25256,买盘
1760,13:01:21,11.47,--,12,13764,卖盘
1761,13:01:18,11.47,-0.01,30,34410,卖盘
1762,13:01:09,11.48,0.01,1,1148,买盘
1763,13:01:06,11.47,-0.01,35,40145,卖盘
1764,13:00:57,11.48,0.01,20,22960,买盘
1765,13:00:51,11.47,--,23,26381,卖盘
1766,13:00:39,11.47,--,31,35557,卖盘
1767,13:00:33,11.47,0.01,1,1261,买盘
1768,13:00:30,11.46,--,2,2292,卖盘
1769,13:00:27,11.46,-0.01,57,65322,卖盘
1770,13:00:24,11.47,--,102,116994,买盘
1771,13:00:18,11.47,--,2,2294,买盘
1772,13:00:15,11.47,--,2,2294,买盘
1773,13:00:09,11.47,-0.01,1108,1271908,卖盘
1774,13:00:06,11.48,--,50,57400,买盘
1775,13:00:03,11.48,--,768,881778,买盘
1776,13:00:00,11.48,--,105,120540,买盘
1777,11:30:00,11.48,0.01,58,66584,买盘
1778,11:29:57,11.47,--,10,11470,卖盘
1779,11:29:48,11.47,--,10,11470,卖盘
1780,11:29:30,11.47,--,1,1147,卖盘
1781,11:29:27,11.47,-0.01,1,1147,卖盘
1782,11:29:24,11.48,0.01,48,55104,买盘
1783,11:29:15,11.47,-0.01,1,1147,卖盘
1784,11:29:00,11.48,--,1,1148,买盘
1785,11:28:57,11.48,--,1,1148,买盘
1786,11:28:48,11.48,0.01,11,12628,买盘
1787,11:28:42,11.47,--,102,116994,卖盘
1788,11:28:36,11.47,-0.01,1,1147,卖盘
1789,11:28:21,11.48,--,17,19516,买盘
1790,11:28:09,11.48,0.01,1,1148,买盘
1791,11:28:06,11.47,-0.01,1,1147,卖盘
1792,11:28:03,11.48,0.01,6,6888,买盘
1793,11:28:00,11.47,-0.01,35,40145,卖盘
1794,11:27:57,11.48,--,290,332920,卖盘
1795,11:27:54,11.48,--,1,1148,卖盘
1796,11:27:33,11.48,-0.01,9,10332,卖盘
1797,11:27:21,11.49,--,10,11490,买盘
1798,11:27:15,11.49,--,70,80430,买盘
1799,11:27:09,11.49,0.01,9,10341,买盘
1800,11:27:00,11.48,--,6,6888,卖盘
1801,11:26:57,11.48,--,3,3444,卖盘
1802,11:26:54,11.48,--,3,3444,卖盘
1803,11:26:45,11.48,--,1,1148,卖盘
1804,11:26:42,11.48,--,113,129724,卖盘
1805,11:26:30,11.48,-0.01,1,1148,中性盘
1806,11:26:18,11.49,0.02,10,11490,买盘
1807,11:26:15,11.47,--,11,12617,卖盘
1808,11:26:06,11.47,-0.01,2,2294,卖盘
1809,11:26:03,11.48,0.01,1,1148,买盘
1810,11:26:00,11.47,-0.02,56,64232,卖盘
1811,11:25:57,11.49,0.01,2,2298,买盘
1812,11:25:30,11.48,--,26,29848,卖盘
1813,11:25:24,11.48,--,3,3444,卖盘
1814,11:25:21,11.48,-0.01,46,52808,卖盘
1815,11:25:18,11.49,0.01,10,11490,买盘
1816,11:25:06,11.48,--,1,1148,卖盘
1817,11:25:00,11.48,--,62,71176,买盘
1818,11:24:48,11.48,--,7,8036,卖盘
1819,11:24:45,11.48,--,35,40180,卖盘
1820,11:24:42,11.48,--,13,14924,卖盘
1821,11:24:27,11.48,-0.01,7,8036,卖盘
1822,11:24:24,11.49,--,127,145923,买盘
1823,11:24:15,11.49,0.02,10,11490,买盘
1824,11:24:06,11.47,0.01,1,1147,中性盘
1825,11:24:00,11.46,-0.02,276,316296,卖盘
1826,11:23:57,11.48,0.01,1,1148,买盘
1827,11:23:36,11.47,--,1,1147,卖盘
1828,11:23:24,11.47,0.01,28,32116,买盘
1829,11:23:21,11.46,-0.01,50,57300,卖盘
1830,11:23:18,11.47,0.01,1,1147,买盘
1831,11:23:15,11.46,-0.01,50,57300,卖盘
1832,11:23:09,11.47,--,10,11470,买盘
1833,11:23:03,11.47,--,1,1147,买盘
1834,11:23:00,11.47,--,7,8029,买盘
1835,11:22:54,11.47,--,2,2294,买盘
1836,11:22:48,11.47,-0.02,34,38998,卖盘
1837,11:22:42,11.49,0.02,1,1149,买盘
1838,11:22:36,11.47,--,5,5735,卖盘
1839,11:22:24,11.47,0.01,82,94054,买盘
1840,11:22:21,11.46,-0.01,339,388494,卖盘
1841,11:22:18,11.47,-0.01,857,982979,卖盘
1842,11:22:12,11.48,-0.01,42,48216,卖盘
1843,11:22:03,11.49,--,53,60897,买盘
1844,11:21:54,11.49,0.01,18,20682,买盘
1845,11:21:51,11.48,-0.01,1,1148,卖盘
1846,11:21:45,11.49,0.01,35,40215,买盘
1847,11:21:42,11.48,--,17,19516,卖盘
1848,11:21:36,11.48,-0.01,32,36736,卖盘
1849,11:21:24,11.49,0.01,100,114900,买盘
1850,11:21:21,11.48,--,53,60844,卖盘
1851,11:21:12,11.48,-0.02,104,119392,卖盘
1852,11:21:09,11.5,0.01,10,11500,买盘
1853,11:21:03,11.49,-0.01,1,1149,中性盘
1854,11:21:00,11.5,0.01,5,5750,买盘
1855,11:20:57,11.49,--,18,20682,卖盘
1856,11:20:51,11.49,--,20,22980,卖盘
1857,11:20:42,11.49,-0.01,28,32172,卖盘
1858,11:20:33,11.5,--,29,33350,买盘
1859,11:20:24,11.5,0.01,100,115000,买盘
1860,11:20:21,11.49,--,35,40215,卖盘
1861,11:20:12,11.49,-0.01,20,22980,卖盘
1862,11:20:06,11.5,--,1,1150,买盘
1863,11:20:03,11.5,--,10,11500,买盘
1864,11:19:57,11.5,0.01,28,32200,买盘
1865,11:19:36,11.49,-0.01,9,10341,卖盘
1866,11:19:33,11.5,0.02,1,1150,买盘
1867,11:19:27,11.48,-0.01,62,71176,卖盘
1868,11:19:24,11.49,--,57,65493,买盘
1869,11:19:18,11.49,0.01,1,1149,买盘
1870,11:19:06,11.48,-0.01,12,13776,卖盘
1871,11:19:03,11.49,--,116,133284,买盘
1872,11:19:00,11.49,--,10,11490,买盘
1873,11:18:36,11.49,0.01,38,43662,买盘
1874,11:18:30,11.48,-0.01,32,36736,卖盘
1875,11:18:24,11.49,0.01,100,114900,买盘
1876,11:18:15,11.48,--,20,22960,卖盘
1877,11:18:09,11.48,-0.01,70,80360,卖盘
1878,11:18:06,11.49,--,5,5745,买盘
1879,11:18:03,11.49,--,22,25278,买盘
1880,11:18:00,11.49,--,253,290697,买盘
1881,11:17:57,11.49,--,10,11490,买盘
1882,11:17:54,11.49,--,60,68940,买盘
1883,11:17:51,11.49,--,1,1149,买盘
1884,11:17:45,11.49,--,2,2298,买盘
1885,11:17:30,11.49,--,51,58599,买盘
1886,11:17:27,11.49,--,50,57450,买盘
1887,11:17:24,11.49,0.01,101,116049,买盘
1888,11:17:18,11.48,-0.01,66,75768,卖盘
1889,11:17:06,11.49,0.01,1,1149,买盘
1890,11:17:03,11.48,-0.01,1,1148,卖盘
1891,11:17:00,11.49,--,10,11490,买盘
1892,11:16:54,11.49,--,10,11490,买盘
1893,11:16:24,11.49,0.01,100,114900,买盘
1894,11:16:09,11.48,--,3,3444,买盘
1895,11:16:06,11.48,0.01,10,11480,买盘
1896,11:15:57,11.47,-0.01,7,8029,卖盘
1897,11:15:54,11.48,--,10,11480,买盘
1898,11:15:51,11.48,--,95,109060,卖盘
1899,11:15:45,11.48,--,48,55104,卖盘
1900,11:15:42,11.48,--,57,65436,卖盘
1901,11:15:39,11.48,--,23,26404,卖盘
1902,11:15:33,11.48,-0.01,30,34440,卖盘
1903,11:15:24,11.49,0.01,100,114900,买盘
1904,11:15:21,11.48,--,33,37884,卖盘
1905,11:15:06,11.48,0.01,1,1148,中性盘
1906,11:15:03,11.47,-0.01,58,66526,卖盘
1907,11:14:57,11.48,--,57,65436,买盘
1908,11:14:54,11.48,0.01,10,11480,买盘
1909,11:14:51,11.47,-0.01,3,3441,卖盘
1910,11:14:48,11.48,--,3,3444,买盘
1911,11:14:45,11.48,--,1,1148,买盘
1912,11:14:36,11.48,--,65,74620,买盘
1913,11:14:24,11.48,0.01,100,114800,买盘
1914,11:14:21,11.47,--,2,2294,卖盘
1915,11:14:15,11.47,--,43,49321,卖盘
1916,11:14:09,11.47,--,7,8029,卖盘
1917,11:14:06,11.47,--,1,1147,卖盘
1918,11:14:03,11.47,--,24,27528,买盘
1919,11:14:00,11.47,--,5,5735,买盘
1920,11:13:54,11.47,-0.01,235,269545,卖盘
1921,11:13:51,11.48,--,22,25256,买盘
1922,11:13:48,11.48,--,10,11480,买盘
1923,11:13:42,11.48,0.01,7,8036,买盘
1924,11:13:36,11.47,--,1,1147,卖盘
1925,11:13:27,11.47,--,10,11470,卖盘
1926,11:13:24,11.47,--,59,67673,买盘
1927,11:13:21,11.47,--,20,22940,买盘
1928,11:13:18,11.47,--,40,45880,买盘
1929,11:13:15,11.47,0.01,11,12617,买盘
1930,11:13:12,11.46,-0.01,30,34380,卖盘
1931,11:13:09,11.47,0.01,1,1147,买盘
1932,11:13:06,11.46,--,1,1146,卖盘
1933,11:13:00,11.46,--,84,96264,买盘
1934,11:12:57,11.46,--,48,55008,买盘
1935,11:12:54,11.46,-0.02,174,199404,卖盘
1936,11:12:48,11.48,0.02,69,79212,买盘
1937,11:12:45,11.46,0.01,2,2292,买盘
1938,11:12:42,11.45,-0.02,1500,1717500,卖盘
1939,11:12:39,11.47,--,9,10323,买盘
1940,11:12:36,11.47,--,10,11470,买盘
1941,11:12:33,11.47,--,5,5735,买盘
1942,11:12:30,11.47,0.01,22,25234,买盘
1943,11:12:21,11.46,--,100,114600,卖盘
1944,11:12:12,11.46,-0.01,34,38964,卖盘
1945,11:12:09,11.47,-0.01,22,25234,买盘
1946,11:12:06,11.48,--,1,1148,买盘
1947,11:12:00,11.48,0.02,1,1148,买盘
1948,11:11:54,11.46,--,247,283921,买盘
1949,11:11:45,11.46,--,17,19482,买盘
1950,11:11:42,11.46,0.01,26,29796,买盘
1951,11:11:39,11.45,-0.01,110,125949,卖盘
1952,11:11:36,11.46,--,8,9168,买盘
1953,11:11:33,11.46,--,4,4584,买盘
1954,11:11:30,11.46,--,3,3438,买盘
1955,11:11:24,11.46,--,101,115746,买盘
1956,11:11:21,11.46,--,25,28650,买盘
1957,11:11:18,11.46,-0.02,488,559534,卖盘
1958,11:11:12,11.48,0.01,1,1148,买盘
1959,11:11:06,11.47,--,1,1147,中性盘
1960,11:10:48,11.47,--,14,16058,买盘
1961,11:10:45,11.47,-0.01,16,18352,卖盘
1962,11:10:39,11.48,0.01,10,11480,买盘
1963,11:10:30,11.47,0.01,10,11470,卖盘
1964,11:10:18,11.46,-0.01,1683,1928718,卖盘
1965,11:10:15,11.47,-0.01,10,11470,卖盘
1966,11:10:12,11.48,--,4,4592,买盘
1967,11:10:09,11.48,--,10,11480,买盘
1968,11:10:06,11.48,0.01,7,8036,买盘
1969,11:10:03,11.47,-0.01,60,68820,卖盘
1970,11:10:00,11.48,--,20,22960,买盘
1971,11:09:57,11.48,0.01,20,22960,买盘
1972,11:09:54,11.47,-0.01,1,1147,卖盘
1973,11:09:42,11.48,--,10,11480,买盘
1974,11:09:39,11.48,0.01,2,2296,买盘
1975,11:09:33,11.47,--,5,5735,卖盘
1976,11:09:30,11.47,-0.01,100,114700,卖盘
1977,11:09:24,11.48,--,3,3444,买盘
1978,11:09:21,11.48,--,1,1148,买盘
1979,11:09:18,11.48,0.01,58,66584,买盘
1980,11:09:12,11.47,--,80,91760,卖盘
1981,11:09:09,11.47,--,28,32116,卖盘
1982,11:09:03,11.47,--,1,1147,卖盘
1983,11:09:00,11.47,--,1,1147,卖盘
1984,11:08:51,11.47,-0.01,86,98642,卖盘
1985,11:08:48,11.48,0.01,5,5740,买盘
1986,11:08:42,11.47,--,28,32116,卖盘
1987,11:08:39,11.47,--,17,19499,卖盘
1988,11:08:36,11.47,--,2,2294,卖盘
1989,11:08:27,11.47,-0.01,110,126170,卖盘
1990,11:08:24,11.48,--,2,2296,买盘
1991,11:08:12,11.48,0.01,2,2296,买盘
1992,11:08:09,11.47,--,45,51615,卖盘
1993,11:08:06,11.47,--,1,1147,卖盘
1994,11:08:03,11.47,--,1,1147,卖盘
1995,11:07:57,11.47,--,50,57350,卖盘
1996,11:07:54,11.47,-0.01,25,28675,中性盘
1997,11:07:51,11.48,0.02,11,12628,买盘
1998,11:07:48,11.46,--,25,28650,卖盘
1999,11:07:45,11.46,-0.02,321,367866,卖盘
2000,11:07:39,11.48,0.02,58,66584,买盘
2001,11:07:36,11.46,-0.02,25,28650,卖盘
2002,11:07:33,11.48,0.02,10,11480,买盘
2003,11:07:30,11.46,--,61,69906,卖盘
2004,11:07:24,11.46,-0.01,100,114600,卖盘
2005,11:07:21,11.47,0.01,25,28675,中性盘
2006,11:07:06,11.46,--,1,1146,卖盘
2007,11:07:03,11.46,0.01,127,146401,买盘
2008,11:07:00,11.45,--,41,46945,卖盘
2009,11:06:54,11.45,-0.01,1,1145,卖盘
2010,11:06:51,11.46,0.01,110,126060,买盘
2011,11:06:48,11.45,-0.01,165,188925,卖盘
2012,11:06:45,11.46,--,24,27504,买盘
2013,11:06:42,11.46,--,21,24066,买盘
2014,11:06:30,11.46,--,63,72198,买盘
2015,11:06:27,11.46,--,5,5730,买盘
2016,11:06:24,11.46,--,21,24066,买盘
2017,11:06:21,11.46,--,39,44694,买盘
2018,11:06:18,11.46,-0.02,512,587038,卖盘
2019,11:06:09,11.48,--,14,16072,买盘
2020,11:05:54,11.48,--,30,34440,买盘
2021,11:05:51,11.48,0.01,9,10332,买盘
2022,11:05:48,11.47,--,50,57350,买盘
2023,11:05:45,11.47,--,4,4588,买盘
2024,11:05:42,11.47,--,11,12617,买盘
2025,11:05:39,11.47,-0.01,21,24087,卖盘
2026,11:05:36,11.48,--,43,49364,买盘
2027,11:05:27,11.48,0.01,20,22960,买盘
2028,11:05:24,11.47,--,60,68820,卖盘
2029,11:05:18,11.47,-0.01,67,76849,卖盘
2030,11:05:15,11.48,--,9,10332,买盘
2031,11:05:12,11.48,--,11,12628,买盘
2032,11:05:06,11.48,--,1,1148,买盘
2033,11:04:54,11.48,0.01,11,12628,买盘
2034,11:04:51,11.47,-0.01,33,37851,卖盘
2035,11:04:48,11.48,--,9,10332,买盘
2036,11:04:42,11.48,0.01,11,12628,买盘
2037,11:04:39,11.47,--,342,392274,买盘
2038,11:04:30,11.47,--,9,10323,买盘
2039,11:04:27,11.47,0.01,105,120435,买盘
2040,11:04:24,11.46,--,170,194820,卖盘
2041,11:04:21,11.46,--,60,68760,卖盘
2042,11:04:18,11.46,-0.01,58,66468,卖盘
2043,11:04:15,11.47,0.01,2,2294,买盘
2044,11:04:09,11.46,-0.01,12,13752,卖盘
2045,11:04:06,11.47,0.01,12,13764,买盘
2046,11:04:00,11.46,-0.01,9,10314,卖盘
2047,11:03:54,11.47,0.01,9,10323,买盘
2048,11:03:48,11.46,-0.01,150,171900,卖盘
2049,11:03:45,11.47,--,43,49321,买盘
2050,11:03:42,11.47,0.01,9,10323,买盘
2051,11:03:36,11.46,-0.01,23,26358,卖盘
2052,11:03:33,11.47,0.01,20,22940,买盘
2053,11:03:30,11.46,-0.01,7,8022,卖盘
2054,11:03:27,11.47,--,10,11470,买盘
2055,11:03:24,11.47,0.01,44,50468,买盘
2056,11:03:21,11.46,--,64,73344,卖盘
2057,11:03:18,11.46,--,15,17190,卖盘
2058,11:03:15,11.46,--,98,112308,卖盘
2059,11:03:12,11.46,--,272,311712,卖盘
2060,11:03:09,11.46,-0.01,30,34380,卖盘
2061,11:03:03,11.47,0.01,12,13764,买盘
2062,11:03:00,11.46,-0.01,12,13752,卖盘
2063,11:02:57,11.47,0.01,12,13764,买盘
2064,11:02:54,11.46,-0.01,90,103140,卖盘
2065,11:02:51,11.47,0.01,9,10323,买盘
2066,11:02:48,11.46,-0.01,58,66468,卖盘
2067,11:02:45,11.47,--,4,4588,买盘
2068,11:02:36,11.47,--,10,11470,买盘
2069,11:02:33,11.47,0.01,10,11470,买盘
2070,11:02:27,11.46,-0.01,48,55008,卖盘
2071,11:02:24,11.47,--,5,5735,买盘
2072,11:02:18,11.47,--,182,208754,买盘
2073,11:02:15,11.47,--,10,11470,买盘
2074,11:02:09,11.47,--,11,12617,卖盘
2075,11:02:06,11.47,0.01,1,1147,中性盘
2076,11:02:03,11.46,-0.01,38,43548,卖盘
2077,11:02:00,11.47,--,31,35557,卖盘
2078,11:01:57,11.47,--,16,18352,卖盘
2079,11:01:54,11.47,--,200,229400,卖盘
2080,11:01:48,11.47,-0.01,206,236282,卖盘
2081,11:01:45,11.48,--,3,3444,买盘
2082,11:01:42,11.48,0.01,1,1148,买盘
2083,11:01:36,11.47,-0.01,71,81437,卖盘
2084,11:01:33,11.48,0.01,30,34440,买盘
2085,11:01:21,11.47,--,14,16058,卖盘
2086,11:01:12,11.47,--,185,212195,卖盘
2087,11:01:06,11.47,--,1,1147,卖盘
2088,11:01:03,11.47,--,6,6882,卖盘
2089,11:00:57,11.47,--,11,12617,卖盘
2090,11:00:54,11.47,-0.01,5,5735,卖盘
2091,11:00:48,11.48,0.01,4,4592,买盘
2092,11:00:36,11.47,-0.01,3,3441,卖盘
2093,11:00:30,11.48,--,4,4592,卖盘
2094,11:00:24,11.48,-0.01,42,48216,卖盘
2095,11:00:21,11.49,0.01,9,10341,买盘
2096,11:00:06,11.48,--,1,1148,卖盘
2097,11:00:00,11.48,-0.01,12,13776,卖盘
2098,10:59:57,11.49,--,10,11490,买盘
2099,10:59:39,11.49,0.01,100,114900,买盘
2100,10:59:36,11.48,-0.01,59,67732,卖盘
2101,10:59:21,11.49,0.02,24,27576,买盘
2102,10:59:12,11.47,-0.02,627,719169,卖盘
2103,10:59:06,11.49,--,2,2298,买盘
2104,10:59:00,11.49,0.01,20,22980,买盘
2105,10:58:57,11.48,-0.01,36,41328,卖盘
2106,10:58:51,11.49,0.01,21,24129,买盘
2107,10:58:42,11.48,--,57,65436,卖盘
2108,10:58:39,11.48,--,5,5740,卖盘
2109,10:58:36,11.48,--,1,1148,卖盘
2110,10:58:33,11.48,--,35,40180,卖盘
2111,10:58:30,11.48,--,28,32144,卖盘
2112,10:58:24,11.48,--,95,109060,买盘
2113,10:58:15,11.48,--,26,29848,卖盘
2114,10:58:06,11.48,--,1,1148,卖盘
2115,10:58:03,11.48,0.01,4,4592,买盘
2116,10:58:00,11.47,--,10,11470,卖盘
2117,10:57:57,11.47,--,106,121582,卖盘
2118,10:57:54,11.47,-0.01,360,412920,卖盘
2119,10:57:51,11.48,--,6,6888,买盘
2120,10:57:48,11.48,--,50,57400,买盘
2121,10:57:45,11.48,--,20,22960,买盘
2122,10:57:42,11.48,--,28,32144,买盘
2123,10:57:36,11.48,--,14,16072,买盘
2124,10:57:33,11.48,--,19,21812,买盘
2125,10:57:30,11.48,--,30,34440,买盘
2126,10:57:27,11.48,--,56,64288,卖盘
2127,10:57:21,11.48,--,1,1148,卖盘
2128,10:57:18,11.48,--,20,22960,卖盘
2129,10:57:06,11.48,-0.01,24,27552,卖盘
2130,10:57:03,11.49,0.01,9,10341,买盘
2131,10:57:00,11.48,--,1,1148,卖盘
2132,10:56:57,11.48,--,23,26404,卖盘
2133,10:56:51,11.48,--,9,10332,卖盘
2134,10:56:48,11.48,--,66,75768,卖盘
2135,10:56:45,11.48,-0.01,7,8036,卖盘
2136,10:56:39,11.49,--,11,12639,买盘
2137,10:56:30,11.49,--,20,22980,买盘
2138,10:56:27,11.49,--,2,2298,买盘
2139,10:56:15,11.49,--,20,22980,买盘
2140,10:56:09,11.49,0.01,1,1149,买盘
2141,10:56:06,11.48,--,5,5740,买盘
2142,10:56:03,11.48,--,33,37884,买盘
2143,10:56:00,11.48,-0.01,62,71176,卖盘
2144,10:55:54,11.49,0.02,9,10341,中性盘
2145,10:55:42,11.47,--,57,65379,卖盘
2146,10:55:39,11.47,-0.02,13,14911,卖盘
2147,10:55:36,11.49,0.01,3,3447,买盘
2148,10:55:33,11.48,--,139,159572,买盘
2149,10:55:30,11.48,--,20,22960,买盘
2150,10:55:24,11.48,-0.01,129,148092,卖盘
2151,10:55:21,11.49,--,32,36768,买盘
2152,10:55:18,11.49,-0.01,17,19533,卖盘
2153,10:55:15,11.5,--,19,21850,买盘
2154,10:55:09,11.5,0.01,15,17250,买盘
2155,10:55:06,11.49,--,4,4596,卖盘
2156,10:55:03,11.49,0.01,11,12639,中性盘
2157,10:55:00,11.48,-0.02,23,26404,卖盘
2158,10:54:57,11.5,--,12,13800,买盘
2159,10:54:54,11.5,--,11,12650,买盘
2160,10:54:51,11.5,--,56,64400,买盘
2161,10:54:42,11.5,--,11,12650,买盘
2162,10:54:36,11.5,0.01,11,12650,买盘
2163,10:54:30,11.49,--,19,21831,卖盘
2164,10:54:27,11.49,0.02,2,2298,买盘
2165,10:54:24,11.47,-0.02,258,295926,卖盘
2166,10:54:21,11.49,--,7,8043,买盘
2167,10:54:12,11.49,--,12,13788,买盘
2168,10:54:09,11.49,-0.01,22,25278,卖盘
2169,10:54:03,11.5,0.01,39,44850,买盘
2170,10:54:00,11.49,0.01,22,25278,买盘
2171,10:53:57,11.48,--,50,57400,卖盘
2172,10:53:48,11.48,0.01,4,4592,买盘
2173,10:53:45,11.47,-0.02,30,34410,卖盘
2174,10:53:39,11.49,0.02,22,25278,买盘
2175,10:53:36,11.47,--,57,65379,卖盘
2176,10:53:33,11.47,-0.01,173,198431,卖盘
2177,10:53:30,11.48,-0.01,11,12628,卖盘
2178,10:53:27,11.49,--,19,22692,买盘
2179,10:53:24,11.49,--,28,32172,买盘
2180,10:53:21,11.49,--,41,47109,买盘
2181,10:53:15,11.49,0.01,13,14937,买盘
2182,10:53:12,11.48,-0.01,35,40180,卖盘
2183,10:53:09,11.49,--,52,59748,买盘
2184,10:53:00,11.49,--,411,472239,买盘
2185,10:52:54,11.49,--,23,26427,买盘
2186,10:52:45,11.49,--,181,207969,买盘
2187,10:52:42,11.49,--,5,5745,买盘
2188,10:52:39,11.49,0.01,69,79281,买盘
2189,10:52:33,11.48,0.01,59,67732,买盘
2190,10:52:30,11.47,-0.01,257,294779,卖盘
2191,10:52:21,11.48,0.01,11,12628,买盘
2192,10:52:15,11.47,--,18,20646,卖盘
2193,10:52:12,11.47,-0.01,78,89466,卖盘
2194,10:52:06,11.48,0.01,13,14924,中性盘
2195,10:52:03,11.47,-0.02,365,418655,卖盘
2196,10:52:00,11.49,0.01,123,141327,买盘
2197,10:51:57,11.48,--,18,20664,卖盘
2198,10:51:54,11.48,--,397,455756,买盘
2199,10:51:48,11.48,--,13,14924,卖盘
2200,10:51:42,11.48,--,100,114800,卖盘
2201,10:51:39,11.48,--,6,6888,卖盘
2202,10:51:36,11.48,--,88,101024,卖盘
2203,10:51:30,11.48,--,15,17220,卖盘
2204,10:51:21,11.48,--,75,86100,卖盘
2205,10:51:18,11.48,--,44,50512,卖盘
2206,10:51:09,11.48,--,52,59696,卖盘
2207,10:51:06,11.48,--,1,1148,卖盘
2208,10:51:00,11.48,-0.02,33,37884,卖盘
2209,10:50:57,11.5,0.02,5,5750,买盘
2210,10:50:48,11.48,-0.02,1200,1377600,卖盘
2211,10:50:45,11.5,--,275,316250,卖盘
2212,10:50:42,11.5,--,66,75900,卖盘
2213,10:50:39,11.5,--,43,49450,卖盘
2214,10:50:36,11.5,0.01,307,353050,买盘
2215,10:50:30,11.49,--,13,14937,卖盘
2216,10:50:27,11.49,-0.01,632,726168,卖盘
2217,10:50:24,11.5,--,508,584200,买盘
2218,10:50:18,11.5,-0.01,124,142600,卖盘
2219,10:50:15,11.51,0.01,25,28775,买盘
2220,10:50:09,11.5,--,55,63250,卖盘
2221,10:50:06,11.5,-0.01,566,650900,卖盘
2222,10:50:03,11.51,--,101,116251,买盘
2223,10:49:45,11.51,0.01,54,62154,买盘
2224,10:49:42,11.5,-0.01,10,11500,卖盘
2225,10:49:39,11.51,--,80,92080,买盘
2226,10:49:33,11.51,--,3,3453,买盘
2227,10:49:24,11.51,--,2,2302,买盘
2228,10:49:15,11.51,--,6,6906,卖盘
2229,10:49:09,11.51,0.01,25,28775,买盘
2230,10:49:06,11.5,-0.01,10,11500,卖盘
2231,10:49:00,11.51,--,6,6906,买盘
2232,10:48:54,11.51,--,10,11510,买盘
2233,10:48:48,11.51,--,4,4604,买盘
2234,10:48:45,11.51,0.01,2,2302,买盘
2235,10:48:42,11.5,-0.02,89,102350,卖盘
2236,10:48:39,11.52,0.01,1,1152,买盘
2237,10:48:36,11.51,--,1,1151,卖盘
2238,10:48:24,11.51,--,15,17265,买盘
2239,10:48:21,11.51,--,17,19567,卖盘
2240,10:48:15,11.51,0.01,8,9208,买盘
2241,10:48:12,11.5,-0.01,36,41400,卖盘
2242,10:48:09,11.51,--,2,2302,买盘
2243,10:48:06,11.51,--,3,3453,买盘
2244,10:48:03,11.51,--,9,10359,卖盘
2245,10:48:00,11.51,--,81,93231,卖盘
2246,10:47:57,11.51,--,34,39134,卖盘
2247,10:47:51,11.51,-0.01,30,34530,卖盘
2248,10:47:45,11.52,--,61,70272,卖盘
2249,10:47:42,11.52,-0.01,1,1152,卖盘
2250,10:47:39,11.53,0.02,1,1153,买盘
2251,10:47:36,11.51,-0.02,44,50644,卖盘
2252,10:47:33,11.53,0.02,7,8071,买盘
2253,10:47:30,11.51,-0.02,62,71362,卖盘
2254,10:47:21,11.53,0.02,84,96852,买盘
2255,10:47:15,11.51,--,56,64456,卖盘
2256,10:47:12,11.51,--,194,223294,买盘
2257,10:47:06,11.51,0.01,8,9208,买盘
2258,10:47:03,11.5,--,12,13800,卖盘
2259,10:46:51,11.5,--,399,458850,卖盘
2260,10:46:45,11.5,--,4,4600,卖盘
2261,10:46:42,11.5,--,63,73163,买盘
2262,10:46:39,11.5,--,22,25300,买盘
2263,10:46:36,11.5,--,16,18400,买盘
2264,10:46:27,11.5,--,103,118450,买盘
2265,10:46:24,11.5,--,2,2300,买盘
2266,10:46:18,11.5,--,39,44850,买盘
2267,10:46:15,11.5,--,2,2300,买盘
2268,10:46:12,11.5,--,13,14950,买盘
2269,10:46:09,11.5,0.01,4,4600,买盘
2270,10:46:06,11.49,-0.01,11,12639,卖盘
2271,10:46:03,11.5,--,2,2300,买盘
2272,10:46:00,11.5,--,2,2300,买盘
2273,10:45:57,11.5,--,9,10350,买盘
2274,10:45:54,11.5,--,2,2300,买盘
2275,10:45:48,11.5,--,56,64400,买盘
2276,10:45:45,11.5,--,5,5750,买盘
2277,10:45:39,11.5,-0.01,136,156837,卖盘
2278,10:45:33,11.51,0.01,7,8057,买盘
2279,10:45:30,11.5,--,100,115000,卖盘
2280,10:45:27,11.5,-0.01,500,575000,卖盘
2281,10:45:24,11.51,--,4,4604,买盘
2282,10:45:18,11.51,--,1,1151,买盘
2283,10:45:15,11.51,--,1,1151,买盘
2284,10:45:09,11.51,--,2,2302,买盘
2285,10:45:06,11.51,0.01,12,13812,买盘
2286,10:45:03,11.5,-0.01,100,115000,卖盘
2287,10:45:00,11.51,--,2,2302,买盘
2288,10:44:54,11.51,-0.02,498,573198,卖盘
2289,10:44:51,11.53,0.01,5,5765,买盘
2290,10:44:48,11.52,--,41,47232,买盘
2291,10:44:39,11.52,0.01,4,4608,买盘
2292,10:44:36,11.51,--,12,13812,卖盘
2293,10:44:24,11.51,-0.01,25,28775,卖盘
2294,10:44:15,11.52,0.01,1,1152,买盘
2295,10:44:12,11.51,-0.01,6,6906,卖盘
2296,10:44:09,11.52,0.01,2,2304,买盘
2297,10:44:06,11.51,--,59,67909,卖盘
2298,10:44:03,11.51,-0.01,50,57550,卖盘
2299,10:43:57,11.52,--,2,2304,买盘
2300,10:43:54,11.52,0.01,6,6912,买盘
2301,10:43:51,11.51,-0.01,7,8057,中性盘
2302,10:43:48,11.52,0.01,936,1078272,买盘
2303,10:43:45,11.51,--,4,4604,卖盘
2304,10:43:42,11.51,-0.01,1,1151,卖盘
2305,10:43:39,11.52,0.01,5,5760,买盘
2306,10:43:36,11.51,--,64,73664,买盘
2307,10:43:30,11.51,--,9,10359,买盘
2308,10:43:27,11.51,--,11,12661,买盘
2309,10:43:18,11.51,--,36,41436,买盘
2310,10:43:15,11.51,--,62,71362,卖盘
2311,10:43:12,11.51,--,4,4604,买盘
2312,10:43:09,11.51,--,16,18416,卖盘
2313,10:43:03,11.51,-0.01,2,2302,中性盘
2314,10:43:00,11.52,0.02,87,100224,买盘
2315,10:42:42,11.5,-0.01,53,60950,卖盘
2316,10:42:21,11.51,--,92,106605,买盘
2317,10:42:18,11.51,--,10,11510,买盘
2318,10:42:15,11.51,0.01,1,1151,买盘
2319,10:42:12,11.5,-0.01,36,41400,卖盘
2320,10:42:09,11.51,0.01,19,21869,买盘
2321,10:42:06,11.5,--,1,1150,卖盘
2322,10:42:03,11.5,--,31,35650,卖盘
2323,10:42:00,11.5,--,56,64400,卖盘
2324,10:41:57,11.5,-0.01,25,28750,卖盘
2325,10:41:54,11.51,--,98,112798,买盘
2326,10:41:45,11.51,--,28,32228,买盘
2327,10:41:42,11.51,0.01,10,11510,买盘
2328,10:41:39,11.5,-0.01,10,11500,卖盘
2329,10:41:36,11.51,0.01,10,11510,买盘
2330,10:41:33,11.5,--,21,24150,卖盘
2331,10:41:30,11.5,--,76,87400,卖盘
2332,10:41:24,11.5,--,71,81650,卖盘
2333,10:41:18,11.5,-0.01,6,6900,卖盘
2334,10:41:12,11.51,0.01,33,37983,买盘
2335,10:41:09,11.5,--,19,21850,卖盘
2336,10:41:06,11.5,--,1,1150,卖盘
2337,10:41:03,11.5,--,10,11500,卖盘
2338,10:40:57,11.5,--,36,41400,卖盘
2339,10:40:54,11.5,--,10,11500,卖盘
2340,10:40:51,11.5,--,336,386400,卖盘
2341,10:40:48,11.5,--,32,36800,卖盘
2342,10:40:45,11.5,--,70,80500,卖盘
2343,10:40:42,11.5,--,612,703800,卖盘
2344,10:40:39,11.5,-0.01,34,39100,卖盘
2345,10:40:36,11.51,0.01,3,3453,买盘
2346,10:40:30,11.5,--,110,126500,卖盘
2347,10:40:24,11.5,--,73,83950,卖盘
2348,10:40:21,11.5,--,25,28750,卖盘
2349,10:40:18,11.5,--,50,57500,卖盘
2350,10:40:09,11.5,--,81,93150,卖盘
2351,10:40:06,11.5,--,77,88550,卖盘
2352,10:40:00,11.5,-0.01,1000,1150000,卖盘
2353,10:39:54,11.51,0.01,3,3453,买盘
2354,10:39:51,11.5,--,23,26450,卖盘
2355,10:39:48,11.5,--,100,115000,卖盘
2356,10:39:45,11.5,-0.01,30,34500,卖盘
2357,10:39:42,11.51,0.01,2,2302,买盘
2358,10:39:30,11.5,-0.01,19,21850,卖盘
2359,10:39:21,11.51,--,193,222350,卖盘
2360,10:39:18,11.51,--,2,2302,卖盘
2361,10:39:12,11.51,--,42,48342,卖盘
2362,10:39:09,11.51,--,100,115100,卖盘
2363,10:39:06,11.51,--,6,6906,卖盘
2364,10:39:00,11.51,--,5,5755,卖盘
2365,10:38:54,11.51,--,8,9208,卖盘
2366,10:38:51,11.51,-0.01,3,3453,卖盘
2367,10:38:48,11.52,0.01,1,1152,买盘
2368,10:38:42,11.51,--,55,63305,卖盘
2369,10:38:39,11.51,--,60,69060,卖盘
2370,10:38:36,11.51,--,11,12661,卖盘
2371,10:38:33,11.51,-0.01,3,3453,卖盘
2372,10:38:30,11.52,0.01,37,42624,买盘
2373,10:38:24,11.51,--,26,29926,卖盘
2374,10:38:18,11.51,--,12,13812,卖盘
2375,10:38:15,11.51,-0.01,20,23020,卖盘
2376,10:38:12,11.52,--,32,36864,买盘
2377,10:38:06,11.52,0.01,24,27648,买盘
2378,10:38:03,11.51,-0.01,94,108194,卖盘
2379,10:37:57,11.52,0.01,97,111744,买盘
2380,10:37:54,11.51,--,10,11510,卖盘
2381,10:37:51,11.51,-0.01,8,9208,卖盘
2382,10:37:45,11.52,--,3,3456,买盘
2383,10:37:39,11.52,--,3,3456,买盘
2384,10:37:06,11.52,0.01,1,1152,买盘
2385,10:37:03,11.51,-0.01,100,115100,卖盘
2386,10:36:57,11.52,--,10,11520,买盘
2387,10:36:36,11.52,0.01,2,2304,买盘
2388,10:36:30,11.51,--,57,65607,卖盘
2389,10:36:27,11.51,--,6,6906,卖盘
2390,10:36:21,11.51,--,35,40285,卖盘
2391,10:36:18,11.51,--,69,79419,卖盘
2392,10:36:09,11.51,-0.01,171,196821,卖盘
2393,10:36:06,11.52,0.01,23,26496,买盘
2394,10:36:00,11.51,-0.01,2,2302,卖盘
2395,10:35:57,11.52,0.01,63,72576,买盘
2396,10:35:54,11.51,--,5,5755,卖盘
2397,10:35:48,11.51,-0.01,85,97835,卖盘
2398,10:35:45,11.52,--,17,19584,买盘
2399,10:35:33,11.52,--,54,62208,买盘
2400,10:35:27,11.52,--,2,2304,买盘
2401,10:35:21,11.52,--,5,5760,买盘
2402,10:35:18,11.52,0.01,37,42624,买盘
2403,10:35:09,11.51,--,500,575500,卖盘
2404,10:35:06,11.51,--,1,1151,卖盘
2405,10:34:57,11.51,-0.01,52,59852,卖盘
2406,10:34:51,11.52,--,9,10368,卖盘
2407,10:34:48,11.52,--,10,11520,卖盘
2408,10:34:42,11.52,0.01,22,25344,买盘
2409,10:34:39,11.51,-0.01,118,135818,卖盘
2410,10:34:33,11.52,0.01,140,161280,买盘
2411,10:34:24,11.51,-0.01,23,26473,卖盘
2412,10:34:18,11.52,--,10,11520,买盘
2413,10:34:15,11.52,--,1,1152,买盘
2414,10:34:12,11.52,--,20,23040,买盘
2415,10:34:09,11.52,--,108,124416,买盘
2416,10:34:06,11.52,0.01,20,23040,买盘
2417,10:34:03,11.51,-0.01,100,115100,卖盘
2418,10:34:00,11.52,-0.01,167,192384,卖盘
2419,10:33:57,11.53,0.01,20,23060,买盘
2420,10:33:54,11.52,-0.01,63,72576,卖盘
2421,10:33:51,11.53,0.01,1,1153,买盘
2422,10:33:48,11.52,--,100,115200,卖盘
2423,10:33:45,11.52,--,100,115200,卖盘
2424,10:33:39,11.52,--,100,115200,卖盘
2425,10:33:36,11.52,--,31,35712,卖盘
2426,10:33:33,11.52,--,11,12672,卖盘
2427,10:33:30,11.52,--,43,49536,卖盘
2428,10:33:24,11.52,--,37,42624,卖盘
2429,10:33:18,11.52,--,32,36864,卖盘
2430,10:33:15,11.52,--,25,28800,卖盘
2431,10:33:09,11.52,-0.01,27,31104,卖盘
2432,10:33:06,11.53,0.01,21,24213,买盘
2433,10:33:03,11.52,--,39,44928,卖盘
2434,10:33:00,11.52,--,130,149760,卖盘
2435,10:32:54,11.52,--,72,82944,卖盘
2436,10:32:51,11.52,--,35,40320,卖盘
2437,10:32:48,11.52,-0.01,100,115200,卖盘
2438,10:32:45,11.53,0.01,120,138360,买盘
2439,10:32:39,11.52,-0.01,108,124416,卖盘
2440,10:32:36,11.53,0.01,130,149890,买盘
2441,10:32:27,11.52,--,40,46080,买盘
2442,10:32:24,11.52,0.01,10,11520,买盘
2443,10:32:21,11.51,-0.01,120,139063,卖盘
2444,10:32:18,11.52,--,19,21888,买盘
2445,10:32:15,11.52,--,10,11520,买盘
2446,10:32:09,11.52,--,28,32256,买盘
2447,10:32:06,11.52,0.01,22,25344,买盘
2448,10:32:03,11.51,--,101,116251,卖盘
2449,10:32:00,11.51,-0.02,100,115100,卖盘
2450,10:31:57,11.53,0.01,38,43814,买盘
2451,10:31:54,11.52,--,103,118656,买盘
2452,10:31:48,11.52,--,26,29952,卖盘
2453,10:31:45,11.52,--,12,13824,卖盘
2454,10:31:39,11.52,--,22,25344,卖盘
2455,10:31:33,11.52,--,36,41472,卖盘
2456,10:31:30,11.52,--,37,42624,卖盘
2457,10:31:24,11.52,--,11,12672,卖盘
2458,10:31:18,11.52,--,12,13824,卖盘
2459,10:31:15,11.52,--,21,24192,卖盘
2460,10:31:09,11.52,--,32,36864,卖盘
2461,10:31:06,11.52,--,62,71424,卖盘
2462,10:31:03,11.52,--,269,309888,买盘
2463,10:31:00,11.52,--,12,13824,买盘
2464,10:30:54,11.52,--,41,47232,卖盘
2465,10:30:48,11.52,-0.01,77,88704,卖盘
2466,10:30:45,11.53,0.01,69,79557,买盘
2467,10:30:42,11.52,--,58,66816,卖盘
2468,10:30:39,11.52,-0.01,79,91008,卖盘
2469,10:30:36,11.53,--,17,19601,买盘
2470,10:30:30,11.53,0.01,1,1153,买盘
2471,10:30:24,11.52,-0.01,8,9216,卖盘
2472,10:30:21,11.53,0.01,1,1153,买盘
2473,10:30:15,11.52,--,180,207360,卖盘
2474,10:30:12,11.52,--,128,147456,买盘
2475,10:30:09,11.52,--,30,34560,买盘
2476,10:30:06,11.52,--,24,27648,买盘
2477,10:30:03,11.52,0.01,7,8064,买盘
2478,10:30:00,11.51,-0.01,18,20718,卖盘
2479,10:29:54,11.52,--,21,24192,买盘
2480,10:29:51,11.52,--,8,9216,买盘
2481,10:29:48,11.52,0.01,23,26496,买盘
2482,10:29:45,11.51,--,27,31077,卖盘
2483,10:29:42,11.51,-0.01,124,142724,卖盘
2484,10:29:39,11.52,0.01,8,9216,买盘
2485,10:29:36,11.51,-0.01,100,115100,卖盘
2486,10:29:33,11.52,--,25,28800,买盘
2487,10:29:30,11.52,--,45,51840,买盘
2488,10:29:27,11.52,--,84,96768,卖盘
2489,10:29:24,11.52,-0.01,1,1152,卖盘
2490,10:29:21,11.53,0.01,22,25366,买盘
2491,10:29:18,11.52,--,14,16128,卖盘
2492,10:29:12,11.52,--,10,11520,卖盘
2493,10:29:06,11.52,--,2,2304,卖盘
2494,10:29:03,11.52,-0.01,24,27648,卖盘
2495,10:29:00,11.53,0.01,11,12683,买盘
2496,10:28:57,11.52,-0.01,4,4608,卖盘
2497,10:28:54,11.53,0.01,1,1153,买盘
2498,10:28:51,11.52,--,5,5760,卖盘
2499,10:28:48,11.52,--,17,19584,卖盘
2500,10:28:42,11.52,-0.01,24,27648,卖盘
2501,10:28:39,11.53,0.01,10,11530,买盘
2502,10:28:36,11.52,-0.01,25,28800,卖盘
2503,10:28:30,11.53,--,118,136930,卖盘
2504,10:28:27,11.53,--,16,18448,卖盘
2505,10:28:24,11.53,--,28,32284,卖盘
2506,10:28:18,11.53,--,22,25366,卖盘
2507,10:28:12,11.53,--,22,25366,卖盘
2508,10:28:06,11.53,--,5,5765,卖盘
2509,10:28:03,11.53,--,21,24213,卖盘
2510,10:28:00,11.53,--,4,4612,卖盘
2511,10:27:57,11.53,-0.01,27,31131,卖盘
2512,10:27:54,11.54,0.01,8,9232,买盘
2513,10:27:51,11.53,--,38,43814,卖盘
2514,10:27:48,11.53,--,23,26519,卖盘
2515,10:27:42,11.53,--,21,24213,卖盘
2516,10:27:36,11.53,--,150,172950,卖盘
2517,10:27:33,11.53,--,91,104923,卖盘
2518,10:27:27,11.53,-0.01,136,156808,卖盘
2519,10:27:21,11.54,0.01,105,121169,买盘
2520,10:27:18,11.53,--,1,1153,卖盘
2521,10:27:15,11.53,--,57,65721,卖盘
2522,10:27:12,11.53,--,157,181297,买盘
2523,10:27:09,11.53,0.01,423,487719,买盘
2524,10:27:06,11.52,--,41,47232,卖盘
2525,10:27:03,11.52,-0.01,101,116352,卖盘
2526,10:27:00,11.53,0.01,900,1037700,买盘
2527,10:26:57,11.52,-0.01,100,115200,卖盘
2528,10:26:54,11.53,0.01,3,3459,买盘
2529,10:26:51,11.52,-0.01,101,116352,卖盘
2530,10:26:45,11.53,0.01,2,2306,买盘
2531,10:26:39,11.52,0.01,27,31104,买盘
2532,10:26:36,11.51,--,100,115100,卖盘
2533,10:26:27,11.51,-0.02,100,115100,卖盘
2534,10:26:24,11.53,--,9,10377,买盘
2535,10:26:21,11.53,0.01,168,193704,买盘
2536,10:26:15,11.52,--,58,66816,卖盘
2537,10:26:12,11.52,--,46,52992,卖盘
2538,10:26:06,11.52,--,31,35712,卖盘
2539,10:26:03,11.52,--,22,25344,卖盘
2540,10:26:00,11.52,-0.01,19,21888,卖盘
2541,10:25:57,11.53,0.01,83,95699,买盘
2542,10:25:51,11.52,-0.01,26,29952,卖盘
2543,10:25:48,11.53,0.01,16,18448,买盘
2544,10:25:45,11.52,--,146,168192,卖盘
2545,10:25:42,11.52,-0.01,51,58752,中性盘
2546,10:25:33,11.53,0.01,221,254813,买盘
2547,10:25:30,11.52,0.01,50,57600,卖盘
2548,10:25:27,11.51,--,124,142724,卖盘
2549,10:25:24,11.51,-0.01,551,634201,卖盘
2550,10:25:21,11.52,--,12,13824,买盘
2551,10:25:15,11.52,-0.01,48,55296,买盘
2552,10:25:12,11.53,0.02,119,137207,买盘
2553,10:25:06,11.51,-0.02,102,117402,卖盘
2554,10:25:03,11.53,0.02,48,55344,买盘
2555,10:25:00,11.51,-0.01,63,72513,卖盘
2556,10:24:57,11.52,-0.01,1,1152,卖盘
2557,10:24:54,11.53,0.02,16,18448,买盘
2558,10:24:51,11.51,-0.02,100,115100,卖盘
2559,10:24:48,11.53,0.01,42,48426,买盘
2560,10:24:45,11.52,0.01,2,2304,中性盘
2561,10:24:42,11.51,-0.01,52,59852,卖盘
2562,10:24:39,11.52,-0.01,19,21888,卖盘
2563,10:24:36,11.53,--,99,114147,买盘
2564,10:24:30,11.53,--,214,246742,买盘
2565,10:24:27,11.53,0.01,2,2306,买盘
2566,10:24:24,11.52,-0.01,32,36864,卖盘
2567,10:24:21,11.53,0.01,47,54191,买盘
2568,10:24:18,11.52,--,43,49536,卖盘
2569,10:24:15,11.52,-0.01,110,126720,卖盘
2570,10:24:12,11.53,0.01,11,12683,买盘
2571,10:24:09,11.52,--,19,21888,卖盘
2572,10:24:06,11.52,--,5,5760,卖盘
2573,10:24:03,11.52,--,2,2304,卖盘
2574,10:24:00,11.52,-0.01,29,33408,卖盘
2575,10:23:54,11.53,0.01,16,18448,买盘
2576,10:23:51,11.52,-0.01,1,1152,卖盘
2577,10:23:42,11.53,0.02,26,29978,买盘
2578,10:23:39,11.51,--,100,115100,卖盘
2579,10:23:33,11.51,-0.01,100,115100,卖盘
2580,10:23:30,11.52,-0.01,132,152064,中性盘
2581,10:23:27,11.53,0.01,202,232906,买盘
2582,10:23:24,11.52,--,101,116352,买盘
2583,10:23:21,11.52,--,53,62184,卖盘
2584,10:23:18,11.52,--,22,25344,卖盘
2585,10:23:15,11.52,-0.01,16,18432,卖盘
2586,10:23:09,11.53,0.01,27,31131,买盘
2587,10:23:06,11.52,-0.01,22,25344,卖盘
2588,10:23:03,11.53,0.01,44,50732,买盘
2589,10:23:00,11.52,-0.01,77,88704,卖盘
2590,10:22:54,11.53,0.01,70,80710,中性盘
2591,10:22:48,11.52,--,89,102528,卖盘
2592,10:22:45,11.52,-0.01,100,115200,卖盘
2593,10:22:42,11.53,--,10,11530,买盘
2594,10:22:39,11.53,-0.01,103,118759,中性盘
2595,10:22:36,11.54,--,21,24234,买盘
2596,10:22:30,11.54,0.01,33,38082,买盘
2597,10:22:27,11.53,-0.01,57,65721,卖盘
2598,10:22:24,11.54,0.01,16,18464,买盘
2599,10:22:18,11.53,--,28,32284,卖盘
2600,10:22:15,11.53,-0.01,17,19601,卖盘
2601,10:22:12,11.54,--,20,23080,买盘
2602,10:22:09,11.54,--,16,18464,买盘
2603,10:22:06,11.54,0.01,2,2308,中性盘
2604,10:22:03,11.53,-0.01,48,55344,卖盘
2605,10:22:00,11.54,0.01,165,190410,买盘
2606,10:21:57,11.53,-0.01,1,1153,卖盘
2607,10:21:54,11.54,--,2,2308,买盘
2608,10:21:51,11.54,0.01,18,20772,买盘
2609,10:21:45,11.53,-0.01,200,230600,卖盘
2610,10:21:39,11.54,0.01,32,36928,买盘
2611,10:21:36,11.53,-0.01,22,25366,卖盘
2612,10:21:30,11.54,0.01,21,24234,买盘
2613,10:21:27,11.53,0.01,1,1153,中性盘
2614,10:21:21,11.52,-0.02,250,288000,卖盘
2615,10:21:09,11.54,--,20,23080,买盘
2616,10:21:06,11.54,0.01,8,9232,买盘
2617,10:20:57,11.53,--,34,39202,卖盘
2618,10:20:48,11.53,--,1,1153,卖盘
2619,10:20:45,11.53,-0.01,7,8071,卖盘
2620,10:20:39,11.54,--,21,24234,买盘
2621,10:20:30,11.54,0.01,21,24234,买盘
2622,10:20:27,11.53,-0.01,1,1153,卖盘
2623,10:20:21,11.54,-0.01,28,32311,卖盘
2624,10:20:15,11.55,0.01,259,299145,买盘
2625,10:20:09,11.54,--,2,2308,买盘
2626,10:20:06,11.54,--,1,1154,买盘
2627,10:19:54,11.54,-0.01,21,24234,卖盘
2628,10:19:51,11.55,--,50,57750,买盘
2629,10:19:45,11.55,0.01,22,25410,买盘
2630,10:19:42,11.54,--,71,81934,卖盘
2631,10:19:39,11.54,-0.01,1,1154,卖盘
2632,10:19:30,11.55,0.01,65,75075,买盘
2633,10:19:27,11.54,--,1,1154,卖盘
2634,10:19:24,11.54,--,10,11540,卖盘
2635,10:19:12,11.54,--,529,610466,买盘
2636,10:19:09,11.54,0.01,20,23080,买盘
2637,10:19:03,11.53,--,34,39202,卖盘
2638,10:18:57,11.53,--,3,3459,卖盘
2639,10:18:54,11.53,--,59,68027,卖盘
2640,10:18:48,11.53,0.01,118,136054,买盘
2641,10:18:45,11.52,-0.01,41,47232,卖盘
2642,10:18:42,11.53,--,12,13836,买盘
2643,10:18:39,11.53,--,10,11530,买盘
2644,10:18:36,11.53,--,9,10377,卖盘
2645,10:18:33,11.53,0.01,3,3459,买盘
2646,10:18:30,11.52,-0.01,24,27648,卖盘
2647,10:18:27,11.53,--,25,28825,买盘
2648,10:18:24,11.53,0.01,20,23060,买盘
2649,10:18:21,11.52,-0.01,32,36864,卖盘
2650,10:18:18,11.53,--,35,40355,买盘
2651,10:18:15,11.53,--,3,3459,买盘
2652,10:18:12,11.53,--,2,2306,买盘
2653,10:18:09,11.53,0.01,20,23060,买盘
2654,10:18:06,11.52,-0.01,79,91008,卖盘
2655,10:18:03,11.53,--,2,2306,买盘
2656,10:17:57,11.53,--,1,1153,买盘
2657,10:17:51,11.53,0.01,1,1153,买盘
2658,10:17:48,11.52,-0.01,58,66816,卖盘
2659,10:17:45,11.53,--,6,6918,买盘
2660,10:17:42,11.53,--,2,2306,买盘
2661,10:17:39,11.53,--,5,5765,买盘
2662,10:17:36,11.53,--,1,1153,买盘
2663,10:17:33,11.53,--,63,72639,买盘
2664,10:17:27,11.53,0.01,22,25366,买盘
2665,10:17:24,11.52,-0.01,3,3456,卖盘
2666,10:17:21,11.53,0.01,1,1153,买盘
2667,10:17:15,11.52,-0.01,36,41472,卖盘
2668,10:17:12,11.53,--,3,3459,买盘
2669,10:17:09,11.53,--,53,61109,买盘
2670,10:17:06,11.53,--,30,34590,买盘
2671,10:17:03,11.53,--,3,3459,买盘
2672,10:16:51,11.53,0.01,96,110688,中性盘
2673,10:16:42,11.52,-0.02,10,11520,卖盘
2674,10:16:39,11.54,0.01,29,33466,买盘
2675,10:16:36,11.53,0.01,36,41508,中性盘
2676,10:16:30,11.52,-0.01,4,4608,卖盘
2677,10:16:27,11.53,0.01,6,6918,中性盘
2678,10:16:21,11.52,-0.02,581,669312,卖盘
2679,10:16:18,11.54,--,84,96936,买盘
2680,10:16:15,11.54,--,5,5770,买盘
2681,10:16:09,11.54,--,20,23080,买盘
2682,10:16:03,11.54,0.01,10,11540,买盘
2683,10:16:00,11.53,-0.01,10,11530,卖盘
2684,10:15:54,11.54,0.01,22,25387,买盘
2685,10:15:48,11.53,-0.01,9,10377,卖盘
2686,10:15:42,11.54,0.01,66,76164,买盘
2687,10:15:36,11.53,--,24,27672,卖盘
2688,10:15:33,11.53,--,92,106076,卖盘
2689,10:15:24,11.53,--,10,11530,卖盘
2690,10:15:18,11.53,--,8,9224,卖盘
2691,10:15:15,11.53,-0.02,94,108382,卖盘
2692,10:14:48,11.55,--,42,48510,买盘
2693,10:14:45,11.55,0.02,9,10395,买盘
2694,10:14:42,11.53,-0.02,9,10377,卖盘
2695,10:14:36,11.55,-0.01,17,19635,买盘
2696,10:14:33,11.56,0.01,207,239292,买盘
2697,10:14:30,11.55,0.03,38,43890,买盘
2698,10:14:27,11.52,-0.03,1000,1152000,卖盘
2699,10:14:24,11.55,--,28,32340,卖盘
2700,10:14:18,11.55,-0.01,5,5775,卖盘
2701,10:14:15,11.56,0.01,97,112132,买盘
2702,10:14:12,11.55,--,30,34650,卖盘
2703,10:13:57,11.55,-0.01,30,34650,卖盘
2704,10:13:54,11.56,--,50,57800,买盘
2705,10:13:48,11.56,--,1,1156,买盘
2706,10:13:42,11.56,0.01,9,10404,买盘
2707,10:13:39,11.55,-0.01,8,9240,卖盘
2708,10:13:36,11.56,0.02,30,34680,买盘
2709,10:13:30,11.54,--,60,69240,卖盘
2710,10:13:21,11.54,-0.01,83,95782,卖盘
2711,10:13:18,11.55,-0.01,24,27720,卖盘
2712,10:13:15,11.56,0.01,50,57800,买盘
2713,10:13:09,11.55,--,32,36960,卖盘
2714,10:13:06,11.55,-0.01,28,32340,卖盘
2715,10:13:00,11.56,0.01,40,46240,买盘
2716,10:12:57,11.55,--,1,1155,卖盘
2717,10:12:48,11.55,--,11,12705,卖盘
2718,10:12:45,11.55,-0.01,152,175560,卖盘
2719,10:12:42,11.56,0.01,140,161840,买盘
2720,10:12:36,11.55,-0.01,44,50820,卖盘
2721,10:12:33,11.56,--,22,25432,买盘
2722,10:12:27,11.56,0.01,9,10404,买盘
2723,10:12:24,11.55,-0.01,233,269115,卖盘
2724,10:12:21,11.56,--,3,3468,买盘
2725,10:12:18,11.56,--,15,17340,买盘
2726,10:12:15,11.56,--,9,10404,买盘
2727,10:12:12,11.56,--,1,1156,买盘
2728,10:12:06,11.56,0.01,3,3468,买盘
2729,10:12:03,11.55,-0.01,11,12705,卖盘
2730,10:11:57,11.56,0.01,2,2312,买盘
2731,10:11:54,11.55,-0.01,36,41580,卖盘
2732,10:11:48,11.56,--,1,1156,买盘
2733,10:11:45,11.56,--,20,23120,卖盘
2734,10:11:42,11.56,--,148,171088,卖盘
2735,10:11:30,11.56,0.01,29,33524,中性盘
2736,10:11:21,11.55,--,0,23,卖盘
2737,10:11:18,11.55,--,72,83160,卖盘
2738,10:11:15,11.55,-0.01,107,123585,卖盘
2739,10:11:09,11.56,--,2,2312,买盘
2740,10:11:06,11.56,-0.01,19,21964,卖盘
2741,10:11:03,11.57,0.01,2,2314,买盘
2742,10:10:57,11.56,--,84,97104,买盘
2743,10:10:54,11.56,0.01,53,61268,买盘
2744,10:10:48,11.55,-0.01,33,38115,卖盘
2745,10:10:42,11.56,--,2,2312,买盘
2746,10:10:39,11.56,--,109,126004,卖盘
2747,10:10:36,11.56,--,50,57800,卖盘
2748,10:10:33,11.56,--,26,30056,卖盘
2749,10:10:30,11.56,-0.01,110,127160,卖盘
2750,10:10:27,11.57,0.01,51,59007,买盘
2751,10:10:24,11.56,-0.01,12,13872,卖盘
2752,10:10:21,11.57,--,21,24297,买盘
2753,10:10:18,11.57,--,4,4628,买盘
2754,10:10:15,11.57,--,10,11570,买盘
2755,10:10:12,11.57,--,2,2314,买盘
2756,10:10:06,11.57,0.01,12,13884,买盘
2757,10:10:00,11.56,--,3,3468,卖盘
2758,10:09:57,11.56,-0.01,7,8092,卖盘
2759,10:09:51,11.57,0.01,3,3471,买盘
2760,10:09:48,11.56,--,48,55488,卖盘
2761,10:09:42,11.56,--,14,16184,卖盘
2762,10:09:39,11.56,--,66,76296,卖盘
2763,10:09:36,11.56,-0.01,16,18496,卖盘
2764,10:09:30,11.57,--,62,71734,买盘
2765,10:09:27,11.57,--,2,2314,买盘
2766,10:09:15,11.57,0.01,125,144625,买盘
2767,10:09:12,11.56,--,12,13872,卖盘
2768,10:09:06,11.56,--,218,252008,卖盘
2769,10:08:57,11.56,--,9,10404,卖盘
2770,10:08:54,11.56,--,21,24276,卖盘
2771,10:08:48,11.56,--,434,501704,卖盘
2772,10:08:45,11.56,--,20,23120,卖盘
2773,10:08:39,11.56,-0.01,100,115600,卖盘
2774,10:08:24,11.57,--,105,121485,买盘
2775,10:08:21,11.57,--,14,16198,买盘
2776,10:08:12,11.57,0.01,5,5785,买盘
2777,10:08:06,11.56,--,40,46240,卖盘
2778,10:08:03,11.56,--,20,23120,卖盘
2779,10:07:57,11.56,--,77,89012,卖盘
2780,10:07:51,11.56,-0.01,3,3468,卖盘
2781,10:07:48,11.57,--,112,129584,卖盘
2782,10:07:45,11.57,--,57,65949,卖盘
2783,10:07:42,11.57,--,74,85618,卖盘
2784,10:07:39,11.57,--,184,212888,卖盘
2785,10:07:36,11.57,-0.01,57,65949,卖盘
2786,10:07:33,11.58,0.01,26,30108,买盘
2787,10:07:30,11.57,--,23,26611,卖盘
2788,10:07:27,11.57,--,44,50908,卖盘
2789,10:07:24,11.57,--,87,100659,卖盘
2790,10:07:18,11.57,-0.01,40,46280,卖盘
2791,10:07:15,11.58,--,5,5790,买盘
2792,10:07:09,11.58,--,36,41688,买盘
2793,10:07:03,11.58,--,2,2316,买盘
2794,10:07:00,11.58,--,299,346242,卖盘
2795,10:06:57,11.58,--,4,4632,买盘
2796,10:06:54,11.58,--,42,48636,买盘
2797,10:06:51,11.58,--,23,26634,买盘
2798,10:06:48,11.58,--,36,41688,买盘
2799,10:06:45,11.58,--,105,121590,买盘
2800,10:06:36,11.58,--,2,2316,买盘
2801,10:06:33,11.58,--,8,9264,买盘
2802,10:06:30,11.58,0.01,228,264024,买盘
2803,10:06:27,11.57,-0.01,111,128427,卖盘
2804,10:06:24,11.58,--,50,57900,买盘
2805,10:06:21,11.58,--,10,11580,买盘
2806,10:06:18,11.58,--,45,52110,买盘
2807,10:06:15,11.58,--,97,112326,买盘
2808,10:06:12,11.58,--,434,502572,买盘
2809,10:06:06,11.58,--,2,2316,买盘
2810,10:06:03,11.58,--,22,25476,买盘
2811,10:06:00,11.58,--,20,23160,买盘
2812,10:05:54,11.58,0.01,22,25476,买盘
2813,10:05:51,11.57,-0.01,84,97188,卖盘
2814,10:05:48,11.58,--,46,53268,买盘
2815,10:05:45,11.58,--,16,18528,买盘
2816,10:05:42,11.58,--,12,13896,买盘
2817,10:05:36,11.58,--,75,86850,买盘
2818,10:05:33,11.58,--,1,1158,买盘
2819,10:05:30,11.58,0.01,660,764280,买盘
