,time,price,change,volume,amount,type
0,15:00:03,11.81,--,7613,8990953,买盘
1,14:57:00,11.81,--,38,44878,买盘
2,14:56:57,11.81,--,99,116919,买盘
3,14:56:54,11.81,--,100,118100,买盘
4,14:56:51,11.81,0.01,60,70860,买盘
5,14:56:48,11.8,-0.01,638,752840,卖盘
6,14:56:45,11.81,--,30,35430,买盘
7,14:56:42,11.81,--,54,63774,买盘
8,14:56:39,11.81,-0.01,276,325956,卖盘
9,14:56:36,11.82,0.02,1131,1336842,买盘
10,14:56:33,11.8,-0.01,29,34220,卖盘
11,14:56:30,11.81,0.01,303,357843,买盘
12,14:56:27,11.8,-0.01,346,408280,卖盘
13,14:56:24,11.81,--,33,38973,买盘
14,14:56:21,11.81,0.01,146,172426,买盘
15,14:56:18,11.8,-0.01,233,274940,卖盘
16,14:56:15,11.81,--,88,103928,买盘
17,14:56:12,11.81,--,107,126367,买盘
18,14:56:09,11.81,-0.01,352,415712,卖盘
19,14:56:06,11.82,--,263,310866,买盘
20,14:56:03,11.82,0.01,134,158388,买盘
21,14:56:00,11.81,-0.01,197,232657,卖盘
22,14:55:57,11.82,0.01,99,117018,买盘
23,14:55:54,11.81,--,217,256277,卖盘
24,14:55:51,11.81,-0.01,288,340128,卖盘
25,14:55:48,11.82,0.01,61,72102,买盘
26,14:55:45,11.81,-0.01,71,83851,卖盘
27,14:55:42,11.82,0.01,354,418428,买盘
28,14:55:39,11.81,--,188,222028,买盘
29,14:55:36,11.81,-0.01,1378,1627418,中性盘
30,14:55:33,11.82,0.01,1137,1343934,买盘
31,14:55:30,11.81,--,13,15353,卖盘
32,14:55:27,11.81,--,44,51964,卖盘
33,14:55:24,11.81,--,1126,1329806,买盘
34,14:55:21,11.81,0.01,217,256277,买盘
35,14:55:18,11.8,--,133,156940,卖盘
36,14:55:15,11.8,--,15,18124,卖盘
37,14:55:12,11.8,-0.01,172,202960,卖盘
38,14:55:09,11.81,0.02,5661,6686585,买盘
39,14:55:06,11.79,-0.01,48,56591,卖盘
40,14:55:03,11.8,0.01,803,947540,买盘
41,14:55:00,11.79,--,800,943199,卖盘
42,14:54:57,11.79,-0.01,26,30653,卖盘
43,14:54:54,11.8,--,226,266680,买盘
44,14:54:51,11.8,--,28,33040,买盘
45,14:54:48,11.8,--,10,11800,买盘
46,14:54:45,11.8,0.01,5,5900,买盘
47,14:54:42,11.79,-0.01,243,286497,卖盘
48,14:54:39,11.8,--,33,38940,买盘
49,14:54:36,11.8,--,143,168740,买盘
50,14:54:33,11.8,--,42,49560,买盘
51,14:54:30,11.8,--,16,18880,买盘
52,14:54:27,11.8,0.01,64,75520,买盘
53,14:54:24,11.79,-0.01,101,119078,卖盘
54,14:54:21,11.8,--,79,93220,买盘
55,14:54:18,11.8,0.01,16,18880,买盘
56,14:54:15,11.79,--,33,38907,卖盘
57,14:54:12,11.79,--,32,37728,卖盘
58,14:54:09,11.79,--,406,478673,卖盘
59,14:54:06,11.79,--,110,129689,卖盘
60,14:54:03,11.79,-0.01,28,33012,卖盘
61,14:54:00,11.8,0.02,70,82600,买盘
62,14:53:57,11.78,-0.01,215,253270,卖盘
63,14:53:54,11.79,--,578,681462,买盘
64,14:53:51,11.79,--,10,11790,买盘
65,14:53:48,11.79,--,338,398502,买盘
66,14:53:45,11.79,--,157,185103,买盘
67,14:53:42,11.79,--,990,1167210,买盘
68,14:53:39,11.79,0.01,403,475136,买盘
69,14:53:36,11.78,-0.01,2,2356,卖盘
70,14:53:33,11.79,--,28,33012,买盘
71,14:53:30,11.79,--,164,193356,买盘
72,14:53:27,11.79,0.01,467,550593,买盘
73,14:53:24,11.78,-0.01,116,136648,卖盘
74,14:53:21,11.79,--,61,71919,买盘
75,14:53:18,11.79,--,448,528192,买盘
76,14:53:15,11.79,--,474,558846,买盘
77,14:53:12,11.79,0.01,160,188640,买盘
78,14:53:09,11.78,--,1,1178,卖盘
79,14:53:06,11.78,--,12,14136,卖盘
80,14:53:03,11.78,--,11,12958,卖盘
81,14:53:00,11.78,--,555,653790,买盘
82,14:52:57,11.78,--,34,40052,买盘
83,14:52:54,11.78,--,205,241490,买盘
84,14:52:51,11.78,--,138,162564,买盘
85,14:52:48,11.78,--,58,68324,买盘
86,14:52:45,11.78,--,324,381672,卖盘
87,14:52:42,11.78,--,7,8246,卖盘
88,14:52:39,11.78,0.01,30,35340,卖盘
89,14:52:36,11.77,-0.01,134,157718,卖盘
90,14:52:33,11.78,0.01,1084,1276952,买盘
91,14:52:30,11.77,--,237,278949,卖盘
92,14:52:27,11.77,-0.01,120,141240,卖盘
93,14:52:24,11.78,0.01,42,49476,买盘
94,14:52:21,11.77,-0.01,41,48257,卖盘
95,14:52:18,11.78,--,25,29450,买盘
96,14:52:15,11.78,--,113,133114,买盘
97,14:52:12,11.78,--,186,219108,买盘
98,14:52:09,11.78,0.01,60,70680,买盘
99,14:52:06,11.77,--,37,43549,卖盘
100,14:52:03,11.77,-0.01,689,810953,卖盘
101,14:52:00,11.78,0.01,368,433504,买盘
102,14:51:57,11.77,-0.01,44,51788,卖盘
103,14:51:54,11.78,0.01,118,139004,买盘
104,14:51:51,11.77,--,10,11770,卖盘
105,14:51:48,11.77,-0.01,12,14124,卖盘
106,14:51:45,11.78,0.01,611,719758,买盘
107,14:51:42,11.77,--,162,190674,卖盘
108,14:51:39,11.77,--,510,600270,卖盘
109,14:51:36,11.77,--,10,11770,卖盘
110,14:51:33,11.77,-0.01,49,57673,卖盘
111,14:51:30,11.78,--,96,113088,买盘
112,14:51:27,11.78,--,59,70456,买盘
113,14:51:21,11.78,0.01,51,60078,买盘
114,14:51:18,11.77,--,5,5885,卖盘
115,14:51:15,11.77,-0.01,22,25894,卖盘
116,14:51:12,11.78,--,98,115444,买盘
117,14:51:09,11.78,0.01,28,32984,买盘
118,14:51:03,11.77,-0.01,7,8239,卖盘
119,14:51:00,11.78,--,30,35340,买盘
120,14:50:57,11.78,--,32,37696,买盘
121,14:50:54,11.78,-0.01,91,107198,卖盘
122,14:50:51,11.79,0.01,29,34191,买盘
123,14:50:48,11.78,-0.01,16,18848,卖盘
124,14:50:45,11.79,--,4,4716,买盘
125,14:50:42,11.79,0.01,94,110825,买盘
126,14:50:39,11.78,--,80,94240,买盘
127,14:50:36,11.78,--,9,10602,买盘
128,14:50:33,11.78,--,52,61256,买盘
129,14:50:30,11.78,--,28,32984,卖盘
130,14:50:27,11.78,--,228,268584,卖盘
131,14:50:24,11.78,-0.01,19,22382,卖盘
132,14:50:21,11.79,0.01,78,91962,买盘
133,14:50:18,11.78,--,508,598424,卖盘
134,14:50:15,11.78,0.01,65,77041,买盘
135,14:50:12,11.77,-0.02,109,128999,卖盘
136,14:50:09,11.79,0.01,364,429627,买盘
137,14:50:06,11.78,0.01,72,84816,买盘
138,14:50:03,11.77,--,763,898051,卖盘
139,14:50:00,11.77,-0.01,9,10593,卖盘
140,14:49:57,11.78,--,130,153140,买盘
141,14:49:54,11.78,--,3,3534,买盘
142,14:49:51,11.78,0.01,13,15314,买盘
143,14:49:48,11.77,-0.01,257,302489,卖盘
144,14:49:45,11.78,--,83,97774,买盘
145,14:49:42,11.78,--,74,87172,买盘
146,14:49:39,11.78,--,439,517142,买盘
147,14:49:36,11.78,0.01,36,42408,买盘
148,14:49:33,11.77,-0.01,46,54142,卖盘
149,14:49:30,11.78,0.01,203,239134,买盘
150,14:49:27,11.77,--,275,323675,卖盘
151,14:49:24,11.77,-0.01,24,28248,卖盘
152,14:49:21,11.78,--,195,229710,买盘
153,14:49:18,11.78,0.01,251,295678,买盘
154,14:49:15,11.77,-0.01,35,41195,卖盘
155,14:49:12,11.78,0.01,41,48298,买盘
156,14:49:09,11.77,-0.01,28,32956,卖盘
157,14:49:06,11.78,0.01,34,40052,买盘
158,14:49:03,11.77,-0.01,11,12947,卖盘
159,14:49:00,11.78,--,170,200260,买盘
160,14:48:57,11.78,--,196,230888,买盘
161,14:48:54,11.78,--,354,417012,买盘
162,14:48:48,11.78,--,773,911300,卖盘
163,14:48:45,11.78,-0.01,32,37696,卖盘
164,14:48:42,11.79,0.01,78,91962,买盘
165,14:48:39,11.78,--,66,77748,卖盘
166,14:48:36,11.78,--,10,11780,卖盘
167,14:48:33,11.78,--,95,111910,卖盘
168,14:48:30,11.78,--,43,50654,卖盘
169,14:48:27,11.78,--,41,48298,卖盘
170,14:48:24,11.78,-0.01,16,18848,卖盘
171,14:48:21,11.79,0.01,103,121908,买盘
172,14:48:18,11.78,--,88,103664,买盘
173,14:48:15,11.78,--,20,23560,买盘
174,14:48:12,11.78,--,49,57722,买盘
175,14:48:09,11.78,-0.01,625,736956,卖盘
176,14:48:06,11.79,0.01,156,183924,买盘
177,14:48:03,11.78,--,99,116622,卖盘
178,14:48:00,11.78,--,204,240312,卖盘
179,14:47:57,11.78,--,13,15314,卖盘
180,14:47:54,11.78,-0.01,110,129580,卖盘
181,14:47:51,11.79,--,38,44802,买盘
182,14:47:48,11.79,0.01,29,34191,买盘
183,14:47:45,11.78,-0.01,67,78926,卖盘
184,14:47:42,11.79,0.01,162,190998,买盘
185,14:47:39,11.78,--,20,23560,卖盘
186,14:47:33,11.78,-0.01,56,65968,卖盘
187,14:47:30,11.79,--,219,258200,买盘
188,14:47:27,11.79,--,109,128510,买盘
189,14:47:24,11.79,0.01,96,114186,买盘
190,14:47:21,11.78,--,72,84816,卖盘
191,14:47:18,11.78,-0.01,13,15314,卖盘
192,14:47:15,11.79,0.01,11,12968,买盘
193,14:47:12,11.78,-0.01,153,180234,卖盘
194,14:47:09,11.79,0.01,46,54233,买盘
195,14:47:06,11.78,--,112,131936,卖盘
196,14:47:03,11.78,--,373,439394,卖盘
197,14:47:00,11.78,-0.01,226,266228,卖盘
198,14:46:57,11.79,0.01,42,49518,买盘
199,14:46:54,11.78,--,101,119625,买盘
200,14:46:51,11.78,0.01,364,428792,买盘
201,14:46:48,11.77,--,152,178904,卖盘
202,14:46:45,11.77,-0.01,18,21186,卖盘
203,14:46:42,11.78,--,31,36518,买盘
204,14:46:39,11.78,0.01,189,222642,买盘
205,14:46:36,11.77,--,178,209506,卖盘
206,14:46:33,11.77,--,25,29425,卖盘
207,14:46:30,11.77,-0.01,12,14124,卖盘
208,14:46:27,11.78,--,69,81282,买盘
209,14:46:24,11.78,--,114,134292,买盘
210,14:46:21,11.78,-0.01,173,203794,卖盘
211,14:46:18,11.79,0.01,19,22401,买盘
212,14:46:15,11.78,-0.01,429,505362,卖盘
213,14:46:12,11.79,--,230,271170,买盘
214,14:46:06,11.79,0.01,123,145017,买盘
215,14:46:03,11.78,-0.01,151,177878,卖盘
216,14:46:00,11.79,--,71,83709,卖盘
217,14:45:57,11.79,-0.01,607,715653,卖盘
218,14:45:54,11.8,0.01,214,252520,买盘
219,14:45:51,11.79,-0.01,133,156807,卖盘
220,14:45:48,11.8,--,23,27140,买盘
221,14:45:45,11.8,0.01,1064,1255520,买盘
222,14:45:42,11.79,--,140,165060,买盘
223,14:45:39,11.79,0.01,177,208682,买盘
224,14:45:36,11.78,--,646,760988,卖盘
225,14:45:33,11.78,--,189,222642,卖盘
226,14:45:30,11.78,-0.02,167,196726,卖盘
227,14:45:27,11.8,--,313,369340,买盘
228,14:45:24,11.8,--,132,156409,买盘
229,14:45:21,11.8,0.01,56,66080,买盘
230,14:45:18,11.79,--,369,435050,卖盘
231,14:45:15,11.79,--,1489,1755530,买盘
232,14:45:12,11.79,--,733,864206,买盘
233,14:45:09,11.79,0.01,1564,1843955,买盘
234,14:45:06,11.78,--,47,55366,卖盘
235,14:45:03,11.78,--,20,23560,卖盘
236,14:45:00,11.78,--,1807,2128646,买盘
237,14:44:57,11.78,0.01,755,889390,买盘
238,14:44:54,11.77,-0.01,2124,2499948,卖盘
239,14:44:51,11.78,--,100,117800,买盘
240,14:44:48,11.78,0.01,40,47120,买盘
241,14:44:45,11.77,--,751,884233,买盘
242,14:44:42,11.77,--,1269,1493613,买盘
243,14:44:39,11.77,--,331,389587,买盘
244,14:44:36,11.77,--,502,590854,买盘
245,14:44:33,11.77,0.01,816,960432,买盘
246,14:44:30,11.76,-0.01,47,55272,卖盘
247,14:44:27,11.77,--,61,71797,买盘
248,14:44:24,11.77,--,20,24187,买盘
249,14:44:21,11.77,0.01,86,101222,买盘
250,14:44:18,11.76,0.01,65,76440,买盘
251,14:44:15,11.75,-0.01,40,47000,卖盘
252,14:44:12,11.76,-0.01,310,364560,卖盘
253,14:44:09,11.77,0.01,122,143594,买盘
254,14:44:06,11.76,--,24,28224,卖盘
255,14:44:03,11.76,-0.01,59,69384,卖盘
256,14:44:00,11.77,0.01,15,17655,买盘
257,14:43:57,11.76,-0.01,118,138768,卖盘
258,14:43:54,11.77,0.01,29,34133,买盘
259,14:43:51,11.76,-0.01,45,52920,卖盘
260,14:43:48,11.77,0.02,482,567314,买盘
261,14:43:45,11.75,-0.01,37,43475,卖盘
262,14:43:42,11.76,--,73,85848,卖盘
263,14:43:39,11.76,--,23,27048,买盘
264,14:43:36,11.76,0.01,10,11760,买盘
265,14:43:33,11.75,-0.01,83,97525,卖盘
266,14:43:30,11.76,--,157,184632,买盘
267,14:43:27,11.76,--,95,111720,买盘
268,14:43:24,11.76,--,201,237022,买盘
269,14:43:21,11.76,0.01,150,176400,买盘
270,14:43:18,11.75,-0.01,76,89300,卖盘
271,14:43:15,11.76,--,298,350448,买盘
272,14:43:12,11.76,--,77,90552,买盘
273,14:43:09,11.76,--,185,217560,买盘
274,14:43:06,11.76,0.01,23,27048,买盘
275,14:43:03,11.75,-0.01,257,301975,卖盘
276,14:43:00,11.76,0.01,34,39984,买盘
277,14:42:57,11.75,--,57,66975,卖盘
278,14:42:54,11.75,-0.01,151,177425,卖盘
279,14:42:51,11.76,--,337,396312,买盘
280,14:42:48,11.76,0.01,82,96432,买盘
281,14:42:45,11.75,--,79,92825,卖盘
282,14:42:42,11.75,-0.01,167,196225,卖盘
283,14:42:39,11.76,0.01,155,182832,买盘
284,14:42:36,11.75,--,72,85222,卖盘
285,14:42:33,11.75,--,27,32535,卖盘
286,14:42:30,11.75,--,229,269075,卖盘
287,14:42:27,11.75,--,49,57575,卖盘
288,14:42:24,11.75,-0.01,44,52346,卖盘
289,14:42:21,11.76,0.01,96,112896,买盘
290,14:42:18,11.75,-0.01,24,28200,卖盘
291,14:42:15,11.76,0.01,58,68208,买盘
292,14:42:12,11.75,0.01,657,772245,买盘
293,14:42:06,11.74,--,22,25828,卖盘
294,14:42:03,11.74,--,37,43438,卖盘
295,14:42:00,11.74,--,4,4696,卖盘
296,14:41:57,11.74,--,36,42264,卖盘
297,14:41:54,11.74,0.01,75,88050,买盘
298,14:41:51,11.73,--,53,62169,卖盘
299,14:41:48,11.73,-0.01,14,16422,卖盘
300,14:41:45,11.74,0.01,67,78658,买盘
301,14:41:42,11.73,-0.01,61,71553,卖盘
302,14:41:39,11.74,0.01,11,12914,买盘
303,14:41:36,11.73,--,18,21923,卖盘
304,14:41:33,11.73,--,33,38709,卖盘
305,14:41:30,11.73,-0.02,49,58004,卖盘
306,14:41:27,11.75,0.01,18,21796,买盘
307,14:41:24,11.74,-0.01,13,15262,卖盘
308,14:41:21,11.75,--,30,35250,买盘
309,14:41:18,11.75,0.01,87,102225,买盘
310,14:41:15,11.74,0.01,20,23480,卖盘
311,14:41:12,11.73,-0.01,14,16422,卖盘
312,14:41:09,11.74,-0.01,94,110356,卖盘
313,14:41:06,11.75,--,26,30550,买盘
314,14:41:03,11.75,--,31,36425,买盘
315,14:41:00,11.75,0.01,18,21150,买盘
316,14:40:57,11.74,-0.01,81,95094,卖盘
317,14:40:54,11.75,--,36,42676,卖盘
318,14:40:51,11.75,--,47,55225,卖盘
319,14:40:48,11.75,--,27,31725,卖盘
320,14:40:45,11.75,--,20,23500,卖盘
321,14:40:42,11.75,-0.01,30,36049,买盘
322,14:40:39,11.76,0.01,78,91728,买盘
323,14:40:36,11.75,-0.01,111,130425,卖盘
324,14:40:33,11.76,0.01,10,11760,买盘
325,14:40:30,11.75,-0.01,419,492325,卖盘
326,14:40:27,11.76,--,34,39984,买盘
327,14:40:24,11.76,--,80,94080,买盘
328,14:40:21,11.76,--,120,141766,买盘
329,14:40:18,11.76,--,63,74088,买盘
330,14:40:15,11.76,-0.01,50,58800,买盘
331,14:40:12,11.77,0.02,29,34133,买盘
332,14:40:09,11.75,-0.01,392,460600,卖盘
333,14:40:06,11.76,--,75,88200,卖盘
334,14:40:03,11.76,--,104,122304,买盘
335,14:40:00,11.76,--,90,105840,买盘
336,14:39:57,11.76,--,182,214032,买盘
337,14:39:54,11.76,0.01,34,39984,买盘
338,14:39:51,11.75,-0.01,50,58750,卖盘
339,14:39:48,11.76,-0.01,242,284592,中性盘
340,14:39:45,11.77,--,77,90629,买盘
341,14:39:42,11.77,0.01,66,78494,买盘
342,14:39:39,11.76,--,79,92904,买盘
343,14:39:36,11.76,-0.01,409,480984,买盘
344,14:39:33,11.77,0.02,615,723855,买盘
345,14:39:30,11.75,--,47,55225,卖盘
346,14:39:27,11.75,-0.01,33,38775,卖盘
347,14:39:24,11.76,--,44,51744,买盘
348,14:39:21,11.76,--,33,39454,买盘
349,14:39:18,11.76,0.01,131,154056,买盘
350,14:39:15,11.75,-0.01,180,211500,卖盘
351,14:39:12,11.76,--,365,429240,买盘
352,14:39:09,11.76,0.01,358,421008,买盘
353,14:39:06,11.75,--,494,580450,卖盘
354,14:39:03,11.75,-0.01,257,301975,卖盘
355,14:39:00,11.76,--,283,333172,卖盘
356,14:38:57,11.76,-0.01,29,34104,卖盘
357,14:38:54,11.77,--,4,4708,买盘
358,14:38:51,11.77,0.01,120,142052,买盘
359,14:38:48,11.76,--,79,92904,买盘
360,14:38:45,11.76,--,154,181104,卖盘
361,14:38:42,11.76,0.01,1860,2187360,买盘
362,14:38:39,11.75,-0.01,802,942350,卖盘
363,14:38:36,11.76,0.01,159,186984,买盘
364,14:38:33,11.75,0.01,2067,2428725,买盘
365,14:38:30,11.74,--,201,235974,卖盘
366,14:38:27,11.74,-0.01,316,370984,中性盘
367,14:38:24,11.75,0.02,1603,1883525,买盘
368,14:38:21,11.73,--,577,677466,买盘
369,14:38:18,11.73,-0.01,282,330786,中性盘
370,14:38:15,11.74,--,235,275890,买盘
371,14:38:12,11.74,--,411,482514,买盘
372,14:38:09,11.74,0.01,560,657440,买盘
373,14:38:06,11.73,0.01,4006,4699038,买盘
374,14:38:03,11.72,--,166,194552,买盘
375,14:38:00,11.72,--,301,352772,买盘
376,14:37:57,11.72,--,26,30472,买盘
377,14:37:54,11.72,0.01,243,284796,买盘
378,14:37:51,11.71,--,22,25762,卖盘
379,14:37:48,11.71,-0.01,200,234200,卖盘
380,14:37:45,11.72,--,29,34796,买盘
381,14:37:42,11.72,--,105,123060,买盘
382,14:37:39,11.72,0.01,7,8204,买盘
383,14:37:36,11.71,-0.01,42,49182,卖盘
384,14:37:33,11.72,--,67,78524,买盘
385,14:37:30,11.72,0.01,56,65632,买盘
386,14:37:27,11.71,--,1,1171,卖盘
387,14:37:24,11.71,--,15,17565,卖盘
388,14:37:21,11.71,--,133,156387,卖盘
389,14:37:18,11.71,-0.01,12,14052,卖盘
390,14:37:15,11.72,--,12,14064,买盘
391,14:37:12,11.72,--,12,14064,买盘
392,14:37:09,11.72,--,33,38676,买盘
393,14:37:06,11.72,0.01,9,10548,买盘
394,14:37:03,11.71,--,19,22249,卖盘
395,14:37:00,11.71,--,29,33959,卖盘
396,14:36:57,11.71,-0.01,15,17565,卖盘
397,14:36:54,11.72,0.01,128,150016,买盘
398,14:36:51,11.71,-0.01,44,51524,卖盘
399,14:36:48,11.72,0.01,20,23440,买盘
400,14:36:45,11.71,--,39,46465,卖盘
401,14:36:42,11.71,--,13,15223,卖盘
402,14:36:39,11.71,--,14,16394,卖盘
403,14:36:36,11.71,-0.01,24,28104,卖盘
404,14:36:33,11.72,--,13,15236,买盘
405,14:36:30,11.72,0.01,9,10548,买盘
406,14:36:27,11.71,--,32,37472,卖盘
407,14:36:24,11.71,--,16,18736,卖盘
408,14:36:21,11.71,-0.01,5,6499,卖盘
409,14:36:18,11.72,0.01,11,12892,买盘
410,14:36:15,11.71,--,5,5855,卖盘
411,14:36:12,11.71,-0.01,25,29275,卖盘
412,14:36:09,11.72,0.01,15,17580,买盘
413,14:36:06,11.71,--,159,186189,买盘
414,14:36:03,11.71,--,34,39814,卖盘
415,14:36:00,11.71,--,1,1171,卖盘
416,14:35:57,11.71,--,26,31090,买盘
417,14:35:54,11.71,--,2,2342,买盘
418,14:35:51,11.71,--,51,60247,卖盘
419,14:35:48,11.71,-0.01,34,40621,卖盘
420,14:35:45,11.72,0.01,12,14064,买盘
421,14:35:42,11.71,--,24,28104,卖盘
422,14:35:39,11.71,--,23,26933,卖盘
423,14:35:36,11.71,--,3,3513,卖盘
424,14:35:33,11.71,--,288,338255,买盘
425,14:35:30,11.71,0.01,21,24591,买盘
426,14:35:27,11.7,-0.01,51,59670,卖盘
427,14:35:24,11.71,0.01,210,245910,买盘
428,14:35:21,11.7,--,5,6493,卖盘
429,14:35:18,11.7,-0.01,66,77220,卖盘
430,14:35:15,11.71,--,21,24591,买盘
431,14:35:09,11.71,--,27,31617,买盘
432,14:35:06,11.71,0.01,2,2342,买盘
433,14:35:03,11.7,--,83,97110,卖盘
434,14:35:00,11.7,--,23,26910,卖盘
435,14:34:57,11.7,-0.01,114,133380,卖盘
436,14:34:54,11.71,--,13,15223,买盘
437,14:34:51,11.71,0.01,19,23056,买盘
438,14:34:45,11.7,-0.01,42,49140,卖盘
439,14:34:42,11.71,--,1,1171,买盘
440,14:34:39,11.71,--,11,12881,买盘
441,14:34:36,11.71,0.01,12,14052,买盘
442,14:34:33,11.7,-0.01,14,16379,卖盘
443,14:34:30,11.71,0.01,12,14052,买盘
444,14:34:27,11.7,--,64,74880,卖盘
445,14:34:24,11.7,-0.01,97,113490,卖盘
446,14:34:21,11.71,0.01,22,26406,买盘
447,14:34:18,11.7,0.01,56,65519,买盘
448,14:34:15,11.69,-0.01,52,60788,卖盘
449,14:34:12,11.7,--,16,18720,买盘
450,14:34:09,11.7,-0.01,3,3510,卖盘
451,14:34:06,11.71,--,48,56208,买盘
452,14:34:03,11.71,0.02,132,155216,买盘
453,14:34:00,11.69,-0.01,14,16366,卖盘
454,14:33:57,11.7,--,20,23400,买盘
455,14:33:54,11.7,--,20,24207,买盘
456,14:33:51,11.7,--,24,28080,买盘
457,14:33:48,11.7,0.01,5,5850,买盘
458,14:33:45,11.69,-0.01,1,1169,卖盘
459,14:33:42,11.7,0.01,1,1170,买盘
460,14:33:39,11.69,-0.02,23,27413,卖盘
461,14:33:36,11.71,0.01,6,7026,买盘
462,14:33:33,11.7,-0.01,55,64349,卖盘
463,14:33:30,11.71,0.01,44,51524,买盘
464,14:33:27,11.7,--,82,95940,卖盘
465,14:33:24,11.7,--,5,5850,卖盘
466,14:33:21,11.7,--,5,6493,卖盘
467,14:33:18,11.7,--,4,4680,卖盘
468,14:33:15,11.7,-0.01,80,93600,买盘
469,14:33:12,11.71,0.02,61,71431,买盘
470,14:33:09,11.69,--,42,49098,买盘
471,14:33:06,11.69,--,30,35070,买盘
472,14:33:03,11.69,-0.01,148,173374,卖盘
473,14:33:00,11.7,--,9,10530,卖盘
474,14:32:57,11.7,--,8,10167,买盘
475,14:32:54,11.7,--,30,35100,卖盘
476,14:32:48,11.7,--,1,1170,卖盘
477,14:32:45,11.7,-0.01,12,14040,卖盘
478,14:32:42,11.71,0.01,1,1171,买盘
479,14:32:39,11.7,0.01,43,51257,买盘
480,14:32:36,11.69,-0.01,270,316156,卖盘
481,14:32:33,11.7,--,238,278460,买盘
482,14:32:30,11.7,0.01,12,14040,买盘
483,14:32:27,11.69,-0.01,1,1169,卖盘
484,14:32:24,11.7,0.01,33,38610,买盘
485,14:32:21,11.69,-0.01,38,45064,卖盘
486,14:32:18,11.7,0.01,5,5850,买盘
487,14:32:12,11.69,-0.01,35,40915,卖盘
488,14:32:09,11.7,--,39,45630,买盘
489,14:32:06,11.7,--,12,14040,买盘
490,14:32:03,11.7,0.02,31,36270,买盘
491,14:32:00,11.68,--,15,17520,卖盘
492,14:31:57,11.68,-0.03,18,21818,卖盘
493,14:31:54,11.71,0.01,14,16394,买盘
494,14:31:51,11.7,0.01,83,97180,买盘
495,14:31:48,11.69,--,14,16366,卖盘
496,14:31:45,11.69,--,9,10521,卖盘
497,14:31:42,11.69,--,20,24478,买盘
498,14:31:39,11.69,0.01,8,9352,买盘
499,14:31:36,11.68,-0.02,27,31606,卖盘
500,14:31:33,11.7,0.01,42,49140,买盘
501,14:31:30,11.69,-0.01,87,101703,卖盘
502,14:31:27,11.7,--,309,361530,买盘
503,14:31:24,11.7,0.01,11,12870,买盘
504,14:31:21,11.69,--,5,6487,卖盘
505,14:31:15,11.69,-0.01,14,16366,卖盘
506,14:31:12,11.7,--,25,29250,买盘
507,14:31:09,11.7,0.01,4,4680,买盘
508,14:31:06,11.69,-0.01,16,18704,卖盘
509,14:31:03,11.7,0.01,65,76050,买盘
510,14:31:00,11.69,--,12,14028,卖盘
511,14:30:57,11.69,-0.01,18,21848,卖盘
512,14:30:54,11.7,--,17,19890,买盘
513,14:30:51,11.7,--,120,140400,买盘
514,14:30:48,11.7,0.01,11,12870,买盘
515,14:30:45,11.69,--,182,212758,卖盘
516,14:30:42,11.69,--,31,36239,卖盘
517,14:30:39,11.69,--,8,9352,卖盘
518,14:30:36,11.69,--,24,28056,卖盘
519,14:30:33,11.69,--,64,75073,卖盘
520,14:30:30,11.69,-0.01,25,29225,卖盘
521,14:30:27,11.7,0.01,21,24570,买盘
522,14:30:24,11.69,-0.01,8,9352,卖盘
523,14:30:21,11.7,0.01,54,63823,买盘
524,14:30:15,11.69,-0.01,186,217434,卖盘
525,14:30:12,11.7,--,12,14040,买盘
526,14:30:09,11.7,--,18,21060,买盘
527,14:30:06,11.7,--,5,5850,买盘
528,14:30:03,11.7,0.01,76,88920,买盘
529,14:30:00,11.69,-0.01,32,38214,卖盘
530,14:29:54,11.7,--,1,1170,买盘
531,14:29:51,11.7,0.01,2,2340,买盘
532,14:29:48,11.69,--,13,15197,卖盘
533,14:29:45,11.69,-0.01,1,1169,卖盘
534,14:29:42,11.7,--,16,18720,买盘
535,14:29:39,11.7,0.01,50,58500,买盘
536,14:29:36,11.69,-0.01,28,32732,卖盘
537,14:29:33,11.7,--,203,237510,买盘
538,14:29:30,11.7,--,7,8189,买盘
539,14:29:27,11.7,--,48,56160,买盘
540,14:29:24,11.7,0.01,26,30419,买盘
541,14:29:18,11.69,--,97,114035,卖盘
542,14:29:15,11.69,-0.01,13,15197,卖盘
543,14:29:12,11.7,--,7,8189,买盘
544,14:29:09,11.7,0.01,4,4680,买盘
545,14:29:06,11.69,--,9,10521,卖盘
546,14:29:03,11.69,--,29,33901,卖盘
547,14:29:00,11.69,-0.01,18,21848,卖盘
548,14:28:54,11.7,--,14,16379,买盘
549,14:28:51,11.7,0.01,8,9360,买盘
550,14:28:48,11.69,--,43,50267,买盘
551,14:28:42,11.69,--,16,18704,买盘
552,14:28:39,11.69,--,27,31563,买盘
553,14:28:36,11.69,0.01,14,16366,中性盘
554,14:28:30,11.68,--,25,29200,卖盘
555,14:28:27,11.68,-0.02,9,10512,卖盘
556,14:28:24,11.7,0.02,14,16379,买盘
557,14:28:21,11.68,-0.01,14,16352,卖盘
558,14:28:18,11.69,--,28,33374,卖盘
559,14:28:12,11.69,--,309,361770,买盘
560,14:28:09,11.69,--,115,134435,买盘
561,14:28:06,11.69,--,27,31563,买盘
562,14:28:03,11.69,0.01,17,19873,买盘
563,14:28:00,11.68,-0.01,18,21818,卖盘
564,14:27:57,11.69,--,58,67802,买盘
565,14:27:54,11.69,0.01,1,1169,买盘
566,14:27:51,11.68,-0.01,25,29200,卖盘
567,14:27:48,11.69,0.01,32,37408,买盘
568,14:27:45,11.68,-0.01,450,525600,卖盘
569,14:27:42,11.69,--,2,2338,买盘
570,14:27:39,11.69,--,5,5845,买盘
571,14:27:36,11.69,--,20,23380,买盘
572,14:27:33,11.69,0.01,11,12859,买盘
573,14:27:30,11.68,-0.01,19,22192,卖盘
574,14:27:27,11.69,0.01,9,10521,买盘
575,14:27:24,11.68,-0.01,14,16352,卖盘
576,14:27:21,11.69,0.01,13,15197,买盘
577,14:27:18,11.68,-0.01,10,12322,卖盘
578,14:27:15,11.69,0.01,34,39746,买盘
579,14:27:12,11.68,-0.01,14,16352,卖盘
580,14:27:09,11.69,0.01,3,3507,买盘
581,14:27:06,11.68,-0.01,10,11680,卖盘
582,14:27:03,11.69,--,102,120044,买盘
583,14:27:00,11.69,--,6,7014,买盘
584,14:26:54,11.69,0.01,122,142618,买盘
585,14:26:51,11.68,-0.01,15,17520,卖盘
586,14:26:48,11.69,0.01,6,7014,买盘
587,14:26:42,11.68,--,10,11680,卖盘
588,14:26:39,11.68,-0.01,28,32704,卖盘
589,14:26:30,11.69,--,20,23380,买盘
590,14:26:27,11.69,--,6,7014,买盘
591,14:26:21,11.69,--,18,21042,买盘
592,14:26:18,11.69,--,40,47402,买盘
593,14:26:15,11.69,0.01,98,114562,买盘
594,14:26:12,11.68,-0.01,37,43216,卖盘
595,14:26:09,11.69,0.01,23,26887,买盘
596,14:26:06,11.68,-0.01,5,5840,卖盘
597,14:26:03,11.69,--,13,15197,卖盘
598,14:26:00,11.69,0.01,20,23380,买盘
599,14:25:57,11.68,-0.01,13,15184,卖盘
600,14:25:54,11.69,0.01,18,21042,买盘
601,14:25:45,11.68,-0.01,221,258128,卖盘
602,14:25:42,11.69,--,1,1169,买盘
603,14:25:39,11.69,0.01,22,25718,中性盘
604,14:25:33,11.68,-0.01,84,98112,卖盘
605,14:25:30,11.69,0.01,20,24502,买盘
606,14:25:24,11.68,-0.01,54,63072,卖盘
607,14:25:21,11.69,0.01,18,21042,买盘
608,14:25:18,11.68,-0.01,16,19330,卖盘
609,14:25:15,11.69,0.01,119,139111,买盘
610,14:25:12,11.68,-0.01,14,16352,卖盘
611,14:25:09,11.69,--,44,52242,买盘
612,14:25:03,11.69,0.01,15,17535,买盘
613,14:25:00,11.68,--,15,17520,卖盘
614,14:24:57,11.68,--,3,3504,卖盘
615,14:24:54,11.68,--,10,11680,卖盘
616,14:24:51,11.68,-0.01,22,25696,卖盘
617,14:24:48,11.69,0.01,8,9352,买盘
618,14:24:45,11.68,-0.02,668,780270,卖盘
619,14:24:42,11.7,0.01,8,9360,买盘
620,14:24:39,11.69,--,15,17535,卖盘
621,14:24:36,11.69,--,43,50267,卖盘
622,14:24:33,11.69,--,28,32732,卖盘
623,14:24:30,11.69,--,8,9352,卖盘
624,14:24:27,11.69,-0.01,19,22211,卖盘
625,14:24:24,11.7,-0.01,22,26640,卖盘
626,14:24:21,11.71,0.01,29,33959,买盘
627,14:24:18,11.7,--,31,36913,卖盘
628,14:24:12,11.7,-0.01,18,21855,卖盘
629,14:24:09,11.71,0.01,82,96022,买盘
630,14:24:06,11.7,-0.01,12,14040,卖盘
631,14:24:03,11.71,0.01,15,17565,买盘
632,14:24:00,11.7,--,10,11700,卖盘
633,14:23:57,11.7,--,11,12870,卖盘
634,14:23:54,11.7,0.01,35,40950,中性盘
635,14:23:48,11.69,--,26,30394,卖盘
636,14:23:45,11.69,-0.02,15,17535,卖盘
637,14:23:42,11.71,0.01,51,59721,买盘
638,14:23:39,11.7,--,31,36270,卖盘
639,14:23:36,11.7,--,25,29250,卖盘
640,14:23:33,11.7,--,271,318193,买盘
641,14:23:30,11.7,--,11,12870,买盘
642,14:23:27,11.7,--,30,35146,卖盘
643,14:23:24,11.7,--,99,115830,卖盘
644,14:23:21,11.7,--,20,23400,卖盘
645,14:23:18,11.7,-0.01,6,7663,卖盘
646,14:23:15,11.71,--,32,37472,买盘
647,14:23:12,11.71,0.01,49,58186,买盘
648,14:23:09,11.7,-0.01,9,10530,卖盘
649,14:23:03,11.71,0.01,16,18736,买盘
650,14:23:00,11.7,--,42,49140,卖盘
651,14:22:57,11.7,--,11,12870,卖盘
652,14:22:54,11.7,--,55,64349,卖盘
653,14:22:48,11.7,--,13,15209,卖盘
654,14:22:45,11.7,--,10,11700,卖盘
655,14:22:42,11.7,--,11,12870,卖盘
656,14:22:39,11.7,-0.01,15,17550,卖盘
657,14:22:33,11.71,0.01,2,2342,买盘
658,14:22:27,11.7,-0.01,37,43290,卖盘
659,14:22:24,11.71,0.01,5,5855,买盘
660,14:22:21,11.7,--,27,31589,卖盘
661,14:22:18,11.7,--,21,25213,卖盘
662,14:22:15,11.7,--,129,150930,卖盘
663,14:22:12,11.7,-0.01,43,51117,卖盘
664,14:22:09,11.71,0.01,52,60892,买盘
665,14:22:06,11.7,-0.01,16,18720,卖盘
666,14:22:03,11.71,0.01,15,17565,买盘
667,14:21:57,11.7,-0.01,10,11700,卖盘
668,14:21:54,11.71,0.01,41,48011,买盘
669,14:21:51,11.7,--,9,10530,卖盘
670,14:21:48,11.7,--,10,11700,卖盘
671,14:21:45,11.7,--,10,11700,卖盘
672,14:21:42,11.7,--,13,15209,卖盘
673,14:21:39,11.7,--,9,10530,卖盘
674,14:21:33,11.7,--,115,134550,卖盘
675,14:21:30,11.7,--,10,11700,卖盘
676,14:21:27,11.7,--,7,8189,卖盘
677,14:21:24,11.7,--,39,45630,卖盘
678,14:21:21,11.7,--,21,24570,卖盘
679,14:21:18,11.7,--,13,15853,卖盘
680,14:21:15,11.7,-0.01,26,31227,卖盘
681,14:21:12,11.71,--,52,60892,买盘
682,14:21:09,11.71,--,20,23420,买盘
683,14:21:06,11.71,--,7,8197,买盘
684,14:21:03,11.71,--,102,119442,买盘
685,14:21:00,11.71,0.01,38,44498,买盘
686,14:20:57,11.7,-0.01,25,29250,卖盘
687,14:20:54,11.71,0.01,1,1171,买盘
688,14:20:51,11.7,--,35,40950,卖盘
689,14:20:48,11.7,--,14,16379,卖盘
690,14:20:45,11.7,--,1,1170,卖盘
691,14:20:42,11.7,--,298,348660,卖盘
692,14:20:39,11.7,--,27,31589,卖盘
693,14:20:36,11.7,--,40,46800,卖盘
694,14:20:33,11.7,--,54,63179,卖盘
695,14:20:27,11.7,-0.01,13,15209,卖盘
696,14:20:24,11.71,--,5,5855,买盘
697,14:20:21,11.71,0.01,48,57015,买盘
698,14:20:18,11.7,-0.01,5,6493,卖盘
699,14:20:15,11.71,--,21,24591,买盘
700,14:20:12,11.71,--,13,15223,买盘
701,14:20:09,11.71,--,27,31617,买盘
702,14:20:06,11.71,-0.01,44,51781,卖盘
703,14:20:03,11.72,--,51,59772,买盘
704,14:19:57,11.72,0.01,7,8204,买盘
705,14:19:54,11.71,--,84,98364,卖盘
706,14:19:51,11.71,--,18,21078,卖盘
707,14:19:48,11.71,--,38,44498,卖盘
708,14:19:45,11.71,--,10,11710,卖盘
709,14:19:42,11.71,-0.01,19,22249,卖盘
710,14:19:39,11.72,0.01,8,9376,买盘
711,14:19:36,11.71,--,37,43327,卖盘
712,14:19:30,11.71,--,16,18736,卖盘
713,14:19:27,11.71,--,91,106561,卖盘
714,14:19:24,11.71,-0.01,30,35130,卖盘
715,14:19:21,11.72,0.01,20,24236,买盘
716,14:19:18,11.71,-0.01,19,22893,卖盘
717,14:19:15,11.72,--,6,7032,买盘
718,14:19:12,11.72,0.01,14,16408,买盘
719,14:19:09,11.71,-0.01,38,44498,卖盘
720,14:19:06,11.72,--,1,1172,买盘
721,14:19:03,11.72,0.01,15,17580,买盘
722,14:19:00,11.71,--,25,29275,卖盘
723,14:18:57,11.71,--,13,15223,卖盘
724,14:18:54,11.71,-0.01,63,73773,卖盘
725,14:18:51,11.72,0.01,24,28128,买盘
726,14:18:45,11.71,-0.01,15,17565,卖盘
727,14:18:42,11.72,--,8,9376,买盘
728,14:18:36,11.72,--,25,29300,买盘
729,14:18:33,11.72,0.01,1,1172,买盘
730,14:18:24,11.71,-0.01,32,38279,卖盘
731,14:18:21,11.72,--,10,12364,买盘
732,14:18:15,11.72,--,40,46880,买盘
733,14:18:12,11.72,--,31,36332,买盘
734,14:18:09,11.72,0.01,140,164080,买盘
735,14:18:06,11.71,-0.01,18,21078,卖盘
736,14:18:03,11.72,--,29,33988,买盘
737,14:18:00,11.72,--,377,441844,卖盘
738,14:17:51,11.72,--,162,189864,买盘
739,14:17:48,11.72,--,193,226535,卖盘
740,14:17:42,11.72,--,14,16408,卖盘
741,14:17:39,11.72,--,10,11720,卖盘
742,14:17:36,11.72,--,6,7032,卖盘
743,14:17:33,11.72,--,17,19924,卖盘
744,14:17:30,11.72,--,23,26956,卖盘
745,14:17:27,11.72,--,46,53912,卖盘
746,14:17:24,11.72,-0.01,102,120352,卖盘
747,14:17:21,11.73,0.01,51,59823,买盘
748,14:17:18,11.72,--,13,15236,卖盘
749,14:17:15,11.72,-0.01,750,879644,卖盘
750,14:17:12,11.73,--,6,7038,买盘
751,14:17:09,11.73,--,26,30498,买盘
752,14:17:06,11.73,--,39,45747,买盘
753,14:17:03,11.73,0.01,20,23460,买盘
754,14:17:00,11.72,-0.01,8,9376,卖盘
755,14:16:57,11.73,--,28,32844,买盘
756,14:16:48,11.73,0.01,1,1173,买盘
757,14:16:45,11.72,--,28,32816,卖盘
758,14:16:36,11.72,-0.01,149,174628,卖盘
759,14:16:33,11.73,0.01,9,10557,买盘
760,14:16:24,11.72,-0.01,33,39484,卖盘
761,14:16:21,11.73,--,6,7038,买盘
762,14:16:18,11.73,0.01,12,14721,买盘
763,14:16:15,11.72,-0.01,131,153532,卖盘
764,14:16:12,11.73,--,27,31671,买盘
765,14:16:09,11.73,0.01,16,18768,买盘
766,14:16:06,11.72,-0.01,41,48052,卖盘
767,14:16:03,11.73,--,37,43401,买盘
768,14:16:00,11.73,0.01,9,10557,买盘
769,14:15:57,11.72,--,120,140640,卖盘
770,14:15:51,11.72,-0.01,347,406684,卖盘
771,14:15:48,11.73,0.01,15,17595,买盘
772,14:15:45,11.72,--,52,60944,卖盘
773,14:15:42,11.72,--,27,31644,卖盘
774,14:15:39,11.72,--,13,15236,卖盘
775,14:15:33,11.72,-0.01,3,3516,卖盘
776,14:15:30,11.73,0.01,113,132549,买盘
777,14:15:27,11.72,-0.01,18,21892,卖盘
778,14:15:21,11.73,--,100,117300,买盘
779,14:15:18,11.73,0.01,26,30498,买盘
780,14:15:15,11.72,-0.01,5,6504,卖盘
781,14:15:09,11.73,0.01,25,29325,买盘
782,14:15:06,11.72,-0.01,108,126576,卖盘
783,14:15:03,11.73,0.01,20,23460,买盘
784,14:15:00,11.72,--,50,58600,卖盘
785,14:14:57,11.72,--,15,17580,卖盘
786,14:14:54,11.72,--,10,11720,卖盘
787,14:14:51,11.72,--,237,277764,卖盘
788,14:14:48,11.72,--,15,17580,卖盘
789,14:14:45,11.72,--,39,45708,卖盘
790,14:14:42,11.72,--,213,249636,买盘
791,14:14:39,11.72,--,50,58600,买盘
792,14:14:36,11.72,0.01,39,45708,买盘
793,14:14:33,11.71,-0.01,118,138178,卖盘
794,14:14:30,11.72,0.01,1262,1479872,买盘
795,14:14:27,11.71,--,6,7026,卖盘
796,14:14:24,11.71,--,12,14052,卖盘
797,14:14:21,11.71,-0.01,60,70260,卖盘
798,14:14:18,11.72,--,18,21740,买盘
799,14:14:12,11.72,--,36,42192,买盘
800,14:14:09,11.72,--,6,7032,买盘
801,14:14:06,11.72,--,24,28128,买盘
802,14:14:03,11.72,0.01,116,135952,买盘
803,14:14:00,11.71,-0.01,13,15223,卖盘
804,14:13:54,11.72,--,7,8204,买盘
805,14:13:51,11.72,0.01,160,187520,买盘
806,14:13:48,11.71,--,38,44498,卖盘
807,14:13:45,11.71,-0.01,10,11710,卖盘
808,14:13:42,11.72,0.01,17,19924,买盘
809,14:13:39,11.71,-0.01,543,635853,卖盘
810,14:13:36,11.72,--,3,3516,买盘
811,14:13:33,11.72,0.01,4,4688,买盘
812,14:13:30,11.71,--,18,21885,卖盘
813,14:13:27,11.71,-0.01,13,15223,卖盘
814,14:13:21,11.72,0.01,1,1172,买盘
815,14:13:15,11.71,--,29,33959,卖盘
816,14:13:12,11.71,-0.01,31,36301,卖盘
817,14:13:09,11.72,--,24,28128,买盘
818,14:13:06,11.72,--,24,28128,买盘
819,14:13:03,11.72,0.01,34,39848,买盘
820,14:12:57,11.71,-0.01,17,19907,卖盘
821,14:12:54,11.72,--,30,35160,买盘
822,14:12:48,11.72,0.01,9,10548,买盘
823,14:12:45,11.71,--,11,12881,卖盘
824,14:12:42,11.71,--,29,33959,卖盘
825,14:12:39,11.71,--,20,23420,卖盘
826,14:12:36,11.71,--,10,11710,卖盘
827,14:12:33,11.71,-0.01,41,48818,卖盘
828,14:12:30,11.72,--,38,44536,买盘
829,14:12:24,11.72,--,56,65632,买盘
830,14:12:21,11.72,--,22,25784,买盘
831,14:12:18,11.72,--,1,1172,买盘
832,14:12:15,11.72,0.01,79,92588,买盘
833,14:12:09,11.71,-0.01,150,175650,卖盘
834,14:12:06,11.72,--,25,29300,买盘
835,14:12:03,11.72,--,20,23440,买盘
836,14:12:00,11.72,--,32,37504,买盘
837,14:11:54,11.72,--,175,205100,买盘
838,14:11:48,11.72,0.01,14,16408,买盘
839,14:11:45,11.71,-0.01,6,7026,卖盘
840,14:11:42,11.72,--,22,25784,买盘
841,14:11:39,11.72,0.01,57,66804,买盘
842,14:11:36,11.71,--,48,56208,卖盘
843,14:11:33,11.71,-0.01,24,28911,卖盘
844,14:11:30,11.72,0.01,39,45708,买盘
845,14:11:27,11.71,-0.01,13,15223,卖盘
846,14:11:24,11.72,0.01,109,127748,买盘
847,14:11:21,11.71,--,53,62063,卖盘
848,14:11:18,11.71,0.01,18,21078,卖盘
849,14:11:15,11.7,-0.02,57,66690,卖盘
850,14:11:12,11.72,--,100,117200,买盘
851,14:11:09,11.72,0.01,204,239088,买盘
852,14:11:06,11.71,0.01,13,15223,买盘
853,14:11:03,11.7,-0.02,33,38610,卖盘
854,14:11:00,11.72,--,20,23440,买盘
855,14:10:54,11.72,0.01,16,18752,买盘
856,14:10:48,11.71,0.01,105,123036,买盘
857,14:10:45,11.7,--,14,16379,卖盘
858,14:10:42,11.7,-0.01,6,7020,卖盘
859,14:10:39,11.71,--,20,23420,买盘
860,14:10:36,11.71,--,92,108528,买盘
861,14:10:33,11.71,--,6,7026,买盘
862,14:10:30,11.71,--,15,17565,买盘
863,14:10:27,11.71,0.01,11,12881,买盘
864,14:10:24,11.7,-0.01,50,58500,卖盘
865,14:10:18,11.71,--,7,8197,买盘
866,14:10:15,11.71,--,5,5855,买盘
867,14:10:12,11.71,--,61,71431,买盘
868,14:10:09,11.71,0.01,3,3513,买盘
869,14:10:06,11.7,-0.01,17,19890,卖盘
870,14:10:03,11.71,0.01,38,44498,买盘
871,14:10:00,11.7,-0.01,44,51480,卖盘
872,14:09:57,11.71,0.01,14,16394,买盘
873,14:09:54,11.7,--,5,5850,买盘
874,14:09:51,11.7,--,15,17550,买盘
875,14:09:48,11.7,--,100,117000,买盘
876,14:09:42,11.7,--,3,3510,买盘
877,14:09:39,11.7,--,71,84158,卖盘
878,14:09:36,11.7,-0.01,52,61647,卖盘
879,14:09:33,11.71,0.01,36,42156,买盘
880,14:09:27,11.7,--,13,15209,卖盘
881,14:09:24,11.7,-0.01,5,5850,卖盘
882,14:09:21,11.71,0.01,10,11710,买盘
883,14:09:18,11.7,-0.01,12,14040,卖盘
884,14:09:15,11.71,0.01,13,15223,买盘
885,14:09:12,11.7,-0.01,55,64349,卖盘
886,14:09:09,11.71,0.01,35,40985,买盘
887,14:09:06,11.7,--,18,21060,卖盘
888,14:09:03,11.7,-0.01,389,455130,卖盘
889,14:08:57,11.71,0.01,46,53866,买盘
890,14:08:54,11.7,-0.01,13,15209,卖盘
891,14:08:51,11.71,--,13,15223,买盘
892,14:08:48,11.71,--,69,80799,买盘
893,14:08:45,11.71,0.01,311,364181,买盘
894,14:08:42,11.7,--,235,274950,卖盘
895,14:08:39,11.7,--,318,372867,卖盘
896,14:08:33,11.7,-0.01,13,15209,卖盘
897,14:08:30,11.71,0.01,15,17565,买盘
898,14:08:24,11.7,--,36,42120,卖盘
899,14:08:21,11.7,--,13,15209,卖盘
900,14:08:18,11.7,-0.01,3,3510,卖盘
901,14:08:15,11.71,--,68,79628,买盘
902,14:08:12,11.71,--,16,18736,买盘
903,14:08:09,11.71,--,7,8197,买盘
904,14:08:06,11.71,--,35,40985,买盘
905,14:08:03,11.71,--,44,51524,买盘
906,14:08:00,11.71,--,35,40985,买盘
907,14:07:57,11.71,--,33,38643,买盘
908,14:07:54,11.71,0.01,7,8197,买盘
909,14:07:51,11.7,-0.01,19,22230,卖盘
910,14:07:48,11.71,0.01,22,25762,买盘
911,14:07:45,11.7,--,32,37440,卖盘
912,14:07:42,11.7,--,29,34737,卖盘
913,14:07:39,11.7,0.01,15,17550,买盘
914,14:07:36,11.69,-0.01,38,44422,卖盘
915,14:07:33,11.7,--,5,5850,卖盘
916,14:07:27,11.7,--,22,25740,卖盘
917,14:07:24,11.7,--,15,17550,卖盘
918,14:07:21,11.7,--,43,50310,买盘
919,14:07:18,11.7,0.01,26,30419,买盘
920,14:07:15,11.69,-0.01,26,30394,卖盘
921,14:07:12,11.7,--,10,11700,买盘
922,14:07:09,11.7,0.01,33,38610,买盘
923,14:07:06,11.69,-0.01,13,15197,卖盘
924,14:07:03,11.7,0.01,31,36270,中性盘
925,14:07:00,11.69,-0.02,117,136773,卖盘
926,14:06:57,11.71,--,31,36301,买盘
927,14:06:54,11.71,0.02,40,46840,买盘
928,14:06:48,11.69,-0.01,36,42084,卖盘
929,14:06:45,11.7,--,120,140400,卖盘
930,14:06:42,11.7,--,59,69825,卖盘
931,14:06:39,11.7,0.01,92,107640,买盘
932,14:06:33,11.69,--,215,251335,卖盘
933,14:06:30,11.69,--,12,14028,卖盘
934,14:06:21,11.69,--,12,14028,卖盘
935,14:06:18,11.69,-0.01,30,35070,卖盘
936,14:06:12,11.7,--,5,5850,买盘
937,14:06:09,11.7,0.01,27,31589,买盘
938,14:06:06,11.69,--,50,58450,卖盘
939,14:06:03,11.69,--,55,64295,卖盘
940,14:06:00,11.69,--,26,30394,卖盘
941,14:05:57,11.69,-0.01,17,19873,卖盘
942,14:05:54,11.7,0.01,13,15209,买盘
943,14:05:48,11.69,--,11,12859,卖盘
944,14:05:45,11.69,--,18,21848,卖盘
945,14:05:36,11.69,-0.01,14,16366,卖盘
946,14:05:33,11.7,--,42,49140,买盘
947,14:05:30,11.7,0.01,7,8189,买盘
948,14:05:27,11.69,--,110,128590,卖盘
949,14:05:24,11.69,-0.02,22,25718,卖盘
950,14:05:21,11.71,0.01,6,7026,买盘
951,14:05:18,11.7,0.01,35,40950,买盘
952,14:05:15,11.69,--,14,16366,卖盘
953,14:05:12,11.69,-0.01,26,30394,卖盘
954,14:05:09,11.7,--,4,4680,买盘
955,14:05:06,11.7,0.01,103,120509,买盘
956,14:05:03,11.69,-0.01,39,45591,卖盘
957,14:04:57,11.7,--,6,7020,买盘
958,14:04:54,11.7,0.01,14,16379,买盘
959,14:04:51,11.69,--,20,23380,卖盘
960,14:04:45,11.69,--,28,33538,卖盘
961,14:04:42,11.69,--,17,19873,卖盘
962,14:04:33,11.69,--,38,44422,卖盘
963,14:04:30,11.69,-0.01,23,26887,卖盘
964,14:04:27,11.7,--,1,1170,买盘
965,14:04:24,11.7,--,77,90090,买盘
966,14:04:21,11.7,--,21,24570,买盘
967,14:04:15,11.7,--,1,1170,买盘
968,14:04:09,11.7,0.01,106,124019,买盘
969,14:04:06,11.69,--,1,1169,卖盘
970,14:04:03,11.69,--,29,33901,卖盘
971,14:04:00,11.69,-0.01,71,82999,卖盘
972,14:03:57,11.7,-0.01,15,17550,卖盘
973,14:03:54,11.71,--,7,8197,买盘
974,14:03:51,11.71,--,14,16394,买盘
975,14:03:48,11.71,0.01,6,7026,买盘
976,14:03:45,11.7,--,11,12870,卖盘
977,14:03:36,11.7,--,91,106470,买盘
978,14:03:33,11.7,-0.01,3,3510,买盘
979,14:03:27,11.71,0.02,2,2342,买盘
980,14:03:24,11.69,--,12,14028,卖盘
981,14:03:21,11.69,-0.02,19,22211,卖盘
982,14:03:18,11.71,0.01,3,3513,买盘
983,14:03:15,11.7,0.01,1,1170,中性盘
984,14:03:12,11.69,-0.02,12,14028,卖盘
985,14:03:09,11.71,0.02,17,19907,买盘
986,14:03:03,11.69,-0.01,12,14028,卖盘
987,14:02:57,11.7,-0.01,100,117000,卖盘
988,14:02:54,11.71,0.01,27,31617,买盘
989,14:02:51,11.7,-0.01,18,21060,卖盘
990,14:02:48,11.71,0.01,288,337248,买盘
991,14:02:45,11.7,--,16,18720,卖盘
992,14:02:42,11.7,--,55,64349,卖盘
993,14:02:39,11.7,--,18,21060,卖盘
994,14:02:36,11.7,--,201,235170,卖盘
995,14:02:30,11.7,--,24,28080,卖盘
996,14:02:27,11.7,-0.01,32,37440,卖盘
997,14:02:21,11.71,0.01,4,4684,买盘
998,14:02:18,11.7,-0.01,16,18720,卖盘
999,14:02:15,11.71,--,13,15223,买盘
1000,14:02:12,11.71,0.01,16,18736,买盘
1001,14:02:09,11.7,-0.01,87,101790,卖盘
1002,14:02:06,11.71,--,6,7026,买盘
1003,14:02:03,11.71,0.01,33,38643,买盘
1004,14:02:00,11.7,-0.01,84,98280,卖盘
1005,14:01:57,11.71,--,18,21078,买盘
1006,14:01:51,11.71,--,5,5855,买盘
1007,14:01:48,11.71,0.01,54,63234,买盘
1008,14:01:45,11.7,-0.01,43,50310,卖盘
1009,14:01:42,11.71,--,15,17565,买盘
1010,14:01:36,11.71,0.01,1,1171,买盘
1011,14:01:33,11.7,--,59,69030,卖盘
1012,14:01:27,11.7,-0.01,1,1170,卖盘
1013,14:01:24,11.71,0.01,95,111245,买盘
1014,14:01:21,11.7,-0.01,59,69030,卖盘
1015,14:01:18,11.71,--,15,17565,买盘
1016,14:01:12,11.71,0.01,24,28104,买盘
1017,14:01:09,11.7,--,29,33930,卖盘
1018,14:01:06,11.7,--,74,86580,卖盘
1019,14:01:03,11.7,--,13,15209,卖盘
1020,14:01:00,11.7,-0.01,11,12870,卖盘
1021,14:00:57,11.71,--,3,3513,买盘
1022,14:00:51,11.71,--,19,22249,买盘
1023,14:00:48,11.71,--,1,1171,买盘
1024,14:00:45,11.71,0.01,96,112416,买盘
1025,14:00:42,11.7,--,15,17550,卖盘
1026,14:00:39,11.7,--,12,14040,卖盘
1027,14:00:36,11.7,-0.01,56,65519,卖盘
1028,14:00:30,11.71,--,15,17565,买盘
1029,14:00:27,11.71,--,53,62063,买盘
1030,14:00:24,11.71,--,2,2342,买盘
1031,14:00:21,11.71,--,225,263475,买盘
1032,14:00:18,11.71,0.01,59,69089,买盘
1033,14:00:15,11.7,--,13,15209,卖盘
1034,14:00:06,11.7,--,31,36270,卖盘
1035,14:00:03,11.7,--,17,19890,卖盘
1036,14:00:00,11.7,-0.01,15,17550,卖盘
1037,13:59:57,11.71,0.01,225,263475,买盘
1038,13:59:54,11.7,-0.01,21,24570,卖盘
1039,13:59:51,11.71,--,84,98364,买盘
1040,13:59:48,11.71,--,44,51524,买盘
1041,13:59:45,11.71,--,32,37472,买盘
1042,13:59:42,11.71,--,14,16394,买盘
1043,13:59:36,11.71,0.01,25,29275,买盘
1044,13:59:33,11.7,-0.01,47,54990,卖盘
1045,13:59:30,11.71,0.01,47,55037,买盘
1046,13:59:27,11.7,-0.01,4,4680,卖盘
1047,13:59:24,11.71,0.01,41,48011,买盘
1048,13:59:21,11.7,--,16,18720,卖盘
1049,13:59:18,11.7,-0.01,101,118170,卖盘
1050,13:59:15,11.71,0.01,3,3513,买盘
1051,13:59:12,11.7,-0.01,12,14040,卖盘
1052,13:59:09,11.71,0.01,1,1171,买盘
1053,13:59:06,11.7,--,14,16379,卖盘
1054,13:59:03,11.7,--,5,5850,卖盘
1055,13:59:00,11.7,--,17,19890,卖盘
1056,13:58:54,11.7,--,13,15209,卖盘
1057,13:58:51,11.7,--,15,17550,卖盘
1058,13:58:48,11.7,-0.01,67,78390,中性盘
1059,13:58:45,11.71,--,39,45669,买盘
1060,13:58:42,11.71,0.02,121,141691,买盘
1061,13:58:39,11.69,-0.01,22,25718,卖盘
1062,13:58:36,11.7,--,54,63179,买盘
1063,13:58:33,11.7,--,12,14040,买盘
1064,13:58:30,11.7,--,23,26910,买盘
1065,13:58:27,11.7,--,57,66690,买盘
1066,13:58:24,11.7,--,70,81900,买盘
1067,13:58:21,11.7,--,7,8189,买盘
1068,13:58:18,11.7,0.01,2,2340,买盘
1069,13:58:15,11.69,-0.01,13,15197,卖盘
1070,13:58:09,11.7,0.01,1,1170,买盘
1071,13:58:06,11.69,-0.01,31,36239,卖盘
1072,13:58:03,11.7,0.01,39,45630,买盘
1073,13:58:00,11.69,--,22,25718,卖盘
1074,13:57:57,11.69,--,43,50267,卖盘
1075,13:57:54,11.69,-0.01,13,15197,卖盘
1076,13:57:48,11.7,0.01,7,8189,买盘
1077,13:57:45,11.69,-0.01,15,17535,卖盘
1078,13:57:42,11.7,--,124,145080,卖盘
1079,13:57:36,11.7,-0.01,125,146250,卖盘
1080,13:57:33,11.71,--,12,14052,买盘
1081,13:57:30,11.71,--,17,19907,买盘
1082,13:57:24,11.71,--,1,1171,买盘
1083,13:57:21,11.71,0.01,379,443809,买盘
1084,13:57:18,11.7,--,38,44460,卖盘
1085,13:57:15,11.7,-0.01,11,12870,卖盘
1086,13:57:12,11.71,0.01,38,44498,买盘
1087,13:57:09,11.7,--,55,64349,卖盘
1088,13:57:06,11.7,-0.01,13,15209,卖盘
1089,13:57:03,11.71,--,3,3513,买盘
1090,13:57:00,11.71,0.01,27,31617,买盘
1091,13:56:57,11.7,--,4,4680,卖盘
1092,13:56:54,11.7,--,145,169650,买盘
1093,13:56:51,11.7,0.01,30,35100,买盘
1094,13:56:48,11.69,-0.02,13,15197,卖盘
1095,13:56:45,11.71,--,25,29275,买盘
1096,13:56:42,11.71,0.02,12,14052,买盘
1097,13:56:39,11.69,--,5,5845,卖盘
1098,13:56:36,11.69,-0.01,15,17979,卖盘
1099,13:56:33,11.7,--,36,42120,卖盘
1100,13:56:30,11.7,--,28,32759,卖盘
1101,13:56:27,11.7,-0.01,40,46800,卖盘
1102,13:56:24,11.71,0.01,1,1171,买盘
1103,13:56:21,11.7,--,26,30419,卖盘
1104,13:56:18,11.7,--,172,201240,卖盘
1105,13:56:15,11.7,--,11,12870,卖盘
1106,13:56:06,11.7,--,13,15209,卖盘
1107,13:56:03,11.7,--,17,19890,卖盘
1108,13:56:00,11.7,--,21,24570,卖盘
1109,13:55:57,11.7,--,78,91260,卖盘
1110,13:55:54,11.7,-0.01,43,50310,卖盘
1111,13:55:48,11.71,--,102,119442,买盘
1112,13:55:45,11.71,0.01,7,8197,买盘
1113,13:55:42,11.7,-0.01,27,31589,卖盘
1114,13:55:39,11.71,--,1,1171,买盘
1115,13:55:36,11.71,0.01,16,18736,买盘
1116,13:55:33,11.7,--,30,35100,卖盘
1117,13:55:30,11.7,-0.01,19,22230,卖盘
1118,13:55:21,11.71,--,19,22249,买盘
1119,13:55:18,11.71,0.01,1,1171,买盘
1120,13:55:09,11.7,-0.01,11,12870,卖盘
1121,13:55:06,11.71,0.01,202,236542,买盘
1122,13:55:00,11.7,-0.01,3,3510,卖盘
1123,13:54:57,11.71,--,28,32788,买盘
1124,13:54:48,11.71,0.01,2,2342,买盘
1125,13:54:45,11.7,-0.01,26,30419,卖盘
1126,13:54:39,11.71,0.01,49,57379,买盘
1127,13:54:36,11.7,-0.01,12,14040,卖盘
1128,13:54:33,11.71,--,5,5855,买盘
1129,13:54:30,11.71,0.01,6,7026,买盘
1130,13:54:24,11.7,--,22,25740,卖盘
1131,13:54:18,11.7,-0.01,1,1170,卖盘
1132,13:54:12,11.71,--,25,29275,买盘
1133,13:54:09,11.71,0.01,3,3513,买盘
1134,13:54:06,11.7,-0.01,29,33930,卖盘
1135,13:54:03,11.71,--,17,19907,买盘
1136,13:54:00,11.71,0.01,48,56208,买盘
1137,13:53:57,11.7,--,20,23400,卖盘
1138,13:53:54,11.7,--,20,23400,卖盘
1139,13:53:51,11.7,-0.01,48,56160,卖盘
1140,13:53:48,11.71,0.01,72,84312,买盘
1141,13:53:45,11.7,-0.01,41,47970,卖盘
1142,13:53:39,11.71,0.01,25,29275,买盘
1143,13:53:33,11.7,-0.01,280,327600,卖盘
1144,13:53:30,11.71,--,84,98364,买盘
1145,13:53:27,11.71,0.01,8,9368,买盘
1146,13:53:18,11.7,-0.01,41,47970,卖盘
1147,13:53:15,11.71,--,2,2342,买盘
1148,13:53:12,11.71,--,41,48011,买盘
1149,13:53:09,11.71,0.01,33,38643,买盘
1150,13:53:06,11.7,-0.01,163,190710,卖盘
1151,13:53:03,11.71,--,35,40985,买盘
1152,13:53:00,11.71,--,35,40985,买盘
1153,13:52:57,11.71,0.01,28,32788,买盘
1154,13:52:54,11.7,-0.01,50,58500,卖盘
1155,13:52:51,11.71,0.01,1,1171,买盘
1156,13:52:48,11.7,--,155,181350,卖盘
1157,13:52:45,11.7,--,24,28080,卖盘
1158,13:52:42,11.7,-0.01,20,23400,卖盘
1159,13:52:39,11.71,0.01,421,492991,买盘
1160,13:52:36,11.7,--,111,129869,卖盘
1161,13:52:33,11.7,--,151,176670,卖盘
1162,13:52:30,11.7,--,6,7020,卖盘
1163,13:52:24,11.7,-0.01,11,12870,卖盘
1164,13:52:21,11.71,--,7,8197,买盘
1165,13:52:18,11.71,0.01,17,19907,买盘
1166,13:52:15,11.7,--,53,62009,卖盘
1167,13:52:12,11.7,-0.01,18,21060,卖盘
1168,13:52:09,11.71,0.01,31,36301,买盘
1169,13:52:06,11.7,--,13,15209,卖盘
1170,13:52:00,11.7,-0.01,49,57330,卖盘
1171,13:51:54,11.71,--,1,1171,买盘
1172,13:51:51,11.71,--,18,21078,买盘
1173,13:51:48,11.71,--,228,266988,买盘
1174,13:51:42,11.71,0.01,21,24591,买盘
1175,13:51:39,11.7,-0.01,13,15209,卖盘
1176,13:51:36,11.71,--,91,106561,买盘
1177,13:51:30,11.71,0.01,15,17565,买盘
1178,13:51:27,11.7,-0.01,53,62009,卖盘
1179,13:51:24,11.71,0.01,8,9368,买盘
1180,13:51:18,11.7,-0.01,17,19890,卖盘
1181,13:51:15,11.71,--,20,23420,买盘
1182,13:51:09,11.71,0.01,7,8197,买盘
1183,13:51:06,11.7,-0.01,26,30419,卖盘
1184,13:51:03,11.71,--,2,2342,买盘
1185,13:51:00,11.71,--,1,1171,买盘
1186,13:50:57,11.71,--,448,524608,卖盘
1187,13:50:54,11.71,--,142,166282,卖盘
1188,13:50:51,11.71,-0.01,58,67918,卖盘
1189,13:50:48,11.72,0.01,66,77352,买盘
1190,13:50:45,11.71,--,12,14052,卖盘
1191,13:50:42,11.71,-0.01,1,1171,卖盘
1192,13:50:39,11.72,--,10,11720,买盘
1193,13:50:36,11.72,0.01,43,50396,买盘
1194,13:50:33,11.71,-0.01,12,14052,卖盘
1195,13:50:27,11.72,0.01,48,56256,买盘
1196,13:50:24,11.71,--,10,11710,卖盘
1197,13:50:21,11.71,-0.01,13,15223,卖盘
1198,13:50:18,11.72,--,18,21096,买盘
1199,13:50:12,11.72,0.01,23,26956,买盘
1200,13:50:09,11.71,-0.01,1,1171,卖盘
1201,13:50:06,11.72,--,65,76180,买盘
1202,13:50:03,11.72,0.01,18,21096,买盘
1203,13:50:00,11.71,-0.01,50,58550,卖盘
1204,13:49:57,11.72,--,29,33988,买盘
1205,13:49:54,11.72,0.01,113,132436,买盘
1206,13:49:48,11.71,-0.01,37,43327,卖盘
1207,13:49:45,11.72,0.01,1,1172,买盘
1208,13:49:42,11.71,--,50,58550,卖盘
1209,13:49:39,11.71,--,16,18736,卖盘
1210,13:49:36,11.71,-0.01,21,24591,卖盘
1211,13:49:33,11.72,0.01,13,15236,买盘
1212,13:49:27,11.71,-0.01,12,14052,卖盘
1213,13:49:21,11.72,0.01,17,19924,买盘
1214,13:49:18,11.71,--,76,88996,卖盘
1215,13:49:15,11.71,-0.01,12,14052,卖盘
1216,13:49:09,11.72,0.01,1,1172,买盘
1217,13:49:06,11.71,-0.01,24,28104,卖盘
1218,13:49:03,11.72,0.01,60,70320,买盘
1219,13:49:00,11.71,--,50,58550,卖盘
1220,13:48:57,11.71,--,14,16394,卖盘
1221,13:48:54,11.71,-0.01,29,33959,卖盘
1222,13:48:48,11.72,0.01,2,2344,买盘
1223,13:48:45,11.71,--,8,9368,卖盘
1224,13:48:42,11.71,-0.01,59,69089,卖盘
1225,13:48:39,11.72,--,171,200412,买盘
1226,13:48:36,11.72,--,6,7032,买盘
1227,13:48:30,11.72,--,37,43364,买盘
1228,13:48:24,11.72,0.01,10,11720,买盘
1229,13:48:21,11.71,-0.01,12,14052,卖盘
1230,13:48:18,11.72,0.01,60,70320,买盘
1231,13:48:15,11.71,--,32,37472,卖盘
1232,13:48:12,11.71,--,26,30446,卖盘
1233,13:48:09,11.71,--,22,25762,卖盘
1234,13:48:06,11.71,-0.01,13,15223,卖盘
1235,13:48:03,11.72,--,53,62116,买盘
1236,13:48:00,11.72,0.01,20,23440,买盘
1237,13:47:57,11.71,-0.01,57,66747,卖盘
1238,13:47:54,11.72,--,58,67976,买盘
1239,13:47:48,11.72,0.01,30,35160,买盘
1240,13:47:45,11.71,-0.01,65,76115,卖盘
1241,13:47:42,11.72,--,147,172284,买盘
1242,13:47:39,11.72,0.01,48,56256,买盘
1243,13:47:36,11.71,-0.01,19,22249,卖盘
1244,13:47:33,11.72,--,47,55084,买盘
1245,13:47:30,11.72,0.01,55,64460,买盘
1246,13:47:27,11.71,--,12,14052,卖盘
1247,13:47:24,11.71,-0.01,71,83141,卖盘
1248,13:47:21,11.72,0.01,26,30472,买盘
1249,13:47:18,11.71,--,18,21078,卖盘
1250,13:47:15,11.71,--,13,15223,卖盘
1251,13:47:09,11.71,--,7,8197,卖盘
1252,13:47:06,11.71,--,14,16394,卖盘
1253,13:47:03,11.71,-0.01,13,15223,卖盘
1254,13:47:00,11.72,0.01,16,18752,买盘
1255,13:46:57,11.71,--,420,491820,卖盘
1256,13:46:54,11.71,-0.01,53,62063,卖盘
1257,13:46:48,11.72,--,5,5860,买盘
1258,13:46:45,11.72,0.01,1,1172,买盘
1259,13:46:42,11.71,--,12,14052,卖盘
1260,13:46:39,11.71,-0.01,5,5855,卖盘
1261,13:46:36,11.72,--,38,44536,买盘
1262,13:46:33,11.72,--,20,23440,买盘
1263,13:46:30,11.72,--,49,57428,买盘
1264,13:46:21,11.72,--,19,22268,买盘
1265,13:46:18,11.72,0.01,1,1172,买盘
1266,13:46:15,11.71,--,16,18736,卖盘
1267,13:46:12,11.71,--,10,11710,卖盘
1268,13:46:09,11.71,--,11,12881,卖盘
1269,13:46:06,11.71,-0.01,18,21078,卖盘
1270,13:46:03,11.72,--,6,7032,买盘
1271,13:46:00,11.72,0.01,3,3516,买盘
1272,13:45:57,11.71,-0.01,127,148717,卖盘
1273,13:45:54,11.72,--,6,7032,买盘
1274,13:45:48,11.72,--,76,89072,买盘
1275,13:45:45,11.72,--,215,251980,买盘
1276,13:45:39,11.72,0.01,305,357460,买盘
1277,13:45:36,11.71,-0.01,15,17565,卖盘
1278,13:45:33,11.72,0.01,29,33988,买盘
1279,13:45:30,11.71,-0.01,2,2342,卖盘
1280,13:45:27,11.72,0.01,12,14064,买盘
1281,13:45:24,11.71,--,12,14052,卖盘
1282,13:45:18,11.71,--,28,32788,卖盘
1283,13:45:15,11.71,--,12,14052,卖盘
1284,13:45:12,11.71,--,389,455519,卖盘
1285,13:45:09,11.71,--,13,15223,卖盘
1286,13:45:06,11.71,-0.01,24,28104,卖盘
1287,13:45:03,11.72,0.01,28,32816,买盘
1288,13:45:00,11.71,-0.01,5,5855,卖盘
1289,13:44:57,11.72,--,66,77352,买盘
1290,13:44:54,11.72,0.01,170,199240,买盘
1291,13:44:51,11.71,--,14,16394,卖盘
1292,13:44:45,11.71,--,199,233029,卖盘
1293,13:44:42,11.71,-0.01,12,14052,卖盘
1294,13:44:39,11.72,0.01,49,57428,买盘
1295,13:44:33,11.71,--,4,4684,卖盘
1296,13:44:30,11.71,-0.01,32,37472,卖盘
1297,13:44:27,11.72,--,37,43364,买盘
1298,13:44:24,11.72,0.01,21,24612,买盘
1299,13:44:21,11.71,--,10,11710,卖盘
1300,13:44:18,11.71,-0.01,24,28104,卖盘
1301,13:44:15,11.72,0.01,29,33988,买盘
1302,13:44:09,11.71,--,70,81970,卖盘
1303,13:44:06,11.71,--,13,15223,卖盘
1304,13:44:03,11.71,--,5,5855,卖盘
1305,13:44:00,11.71,--,60,70260,卖盘
1306,13:43:57,11.71,-0.01,52,60892,卖盘
1307,13:43:54,11.72,--,55,64460,买盘
1308,13:43:51,11.72,--,53,62116,买盘
1309,13:43:48,11.72,0.01,1,1172,买盘
1310,13:43:45,11.71,-0.01,12,14052,卖盘
1311,13:43:42,11.72,0.01,93,108996,买盘
1312,13:43:36,11.71,--,13,15223,卖盘
1313,13:43:33,11.71,-0.01,3,3513,卖盘
1314,13:43:30,11.72,--,6,7032,买盘
1315,13:43:27,11.72,0.01,15,17580,买盘
1316,13:43:24,11.71,-0.01,20,23420,卖盘
1317,13:43:21,11.72,0.01,45,52740,买盘
1318,13:43:18,11.71,-0.01,15,17565,卖盘
1319,13:43:15,11.72,0.01,11,12892,买盘
1320,13:43:12,11.71,--,53,62063,卖盘
1321,13:43:09,11.71,--,10,11710,卖盘
1322,13:43:06,11.71,--,31,36301,卖盘
1323,13:43:03,11.71,--,26,30446,卖盘
1324,13:43:00,11.71,--,6,7026,卖盘
1325,13:42:57,11.71,--,86,100706,买盘
1326,13:42:54,11.71,0.01,61,71431,买盘
1327,13:42:51,11.7,-0.01,13,15209,卖盘
1328,13:42:48,11.71,--,38,44498,买盘
1329,13:42:45,11.71,--,68,79628,买盘
1330,13:42:42,11.71,--,24,28104,买盘
1331,13:42:39,11.71,--,27,31617,买盘
1332,13:42:33,11.71,--,319,373549,卖盘
1333,13:42:30,11.71,--,5,5855,卖盘
1334,13:42:27,11.71,-0.01,41,48011,卖盘
1335,13:42:24,11.72,--,12,14064,买盘
1336,13:42:18,11.72,0.01,13,15236,买盘
1337,13:42:15,11.71,--,5,5855,卖盘
1338,13:42:12,11.71,--,18,21078,卖盘
1339,13:42:09,11.71,--,206,241226,卖盘
1340,13:42:06,11.71,--,27,31617,卖盘
1341,13:42:03,11.71,-0.01,5,5855,卖盘
1342,13:42:00,11.72,0.01,46,53912,买盘
1343,13:41:57,11.71,--,36,42156,卖盘
1344,13:41:54,11.71,-0.01,19,22249,卖盘
1345,13:41:51,11.72,0.01,42,49224,买盘
1346,13:41:48,11.71,--,3,3513,卖盘
1347,13:41:45,11.71,--,37,43327,卖盘
1348,13:41:42,11.71,--,185,216635,卖盘
1349,13:41:39,11.71,--,23,26933,卖盘
1350,13:41:36,11.71,--,2,2342,卖盘
1351,13:41:33,11.71,--,28,32788,卖盘
1352,13:41:30,11.71,-0.01,11,12881,卖盘
1353,13:41:24,11.72,0.02,322,377384,买盘
1354,13:41:21,11.7,-0.01,30,35100,卖盘
1355,13:41:18,11.71,0.01,27,32155,买盘
1356,13:41:15,11.7,-0.01,100,117000,卖盘
1357,13:41:12,11.71,--,234,274014,买盘
1358,13:41:06,11.71,--,61,71431,买盘
1359,13:41:03,11.71,0.01,1,1171,买盘
1360,13:41:00,11.7,-0.01,13,15209,卖盘
1361,13:40:57,11.71,--,39,45669,买盘
1362,13:40:54,11.71,--,16,18736,买盘
1363,13:40:51,11.71,-0.01,12,14052,买盘
1364,13:40:48,11.72,0.02,25,29300,买盘
1365,13:40:39,11.7,--,15,17550,卖盘
1366,13:40:36,11.7,-0.01,33,38610,卖盘
1367,13:40:30,11.71,-0.01,7,8197,买盘
1368,13:40:27,11.72,--,31,36332,买盘
1369,13:40:24,11.72,--,19,22268,买盘
1370,13:40:21,11.72,0.01,585,685620,买盘
1371,13:40:18,11.71,--,16,18736,卖盘
1372,13:40:15,11.71,--,51,59721,卖盘
1373,13:40:12,11.71,--,23,26933,卖盘
1374,13:40:09,11.71,--,26,30446,卖盘
1375,13:40:06,11.71,-0.01,35,40985,卖盘
1376,13:40:03,11.72,0.01,49,57428,买盘
1377,13:39:57,11.71,--,35,40985,卖盘
1378,13:39:54,11.71,-0.01,13,15223,卖盘
1379,13:39:51,11.72,0.01,21,24612,买盘
1380,13:39:48,11.71,--,100,117100,卖盘
1381,13:39:45,11.71,-0.01,18,21078,卖盘
1382,13:39:42,11.72,0.01,4,4688,买盘
1383,13:39:39,11.71,--,132,154572,卖盘
1384,13:39:33,11.71,--,28,32788,卖盘
1385,13:39:30,11.71,--,1,1171,卖盘
1386,13:39:27,11.71,-0.01,35,40985,卖盘
1387,13:39:24,11.72,0.01,16,18752,买盘
1388,13:39:21,11.71,--,42,49182,卖盘
1389,13:39:18,11.71,-0.01,95,111245,卖盘
1390,13:39:15,11.72,--,1,1172,买盘
1391,13:39:12,11.72,--,24,28128,买盘
1392,13:39:09,11.72,0.01,8,9376,买盘
1393,13:39:06,11.71,-0.01,13,15223,卖盘
1394,13:39:03,11.72,0.01,73,85556,买盘
1395,13:39:00,11.71,--,591,692061,卖盘
1396,13:38:57,11.71,-0.01,19,22249,卖盘
1397,13:38:54,11.72,--,13,15236,买盘
1398,13:38:51,11.72,0.01,8,9376,买盘
1399,13:38:48,11.71,-0.01,20,23420,卖盘
1400,13:38:45,11.72,0.01,21,24612,买盘
1401,13:38:39,11.71,--,17,19907,卖盘
1402,13:38:36,11.71,--,157,183847,卖盘
1403,13:38:33,11.71,--,657,769347,卖盘
1404,13:38:30,11.71,--,25,29275,卖盘
1405,13:38:27,11.71,--,20,23420,卖盘
1406,13:38:24,11.71,--,13,15223,卖盘
1407,13:38:21,11.71,-0.01,24,28104,卖盘
1408,13:38:18,11.72,--,33,38676,买盘
1409,13:38:15,11.72,--,219,256668,买盘
1410,13:38:09,11.72,0.01,15,17580,买盘
1411,13:38:06,11.71,--,13,15223,卖盘
1412,13:38:03,11.71,-0.01,39,45669,卖盘
1413,13:38:00,11.72,0.01,1,1172,买盘
1414,13:37:57,11.71,--,11,12881,卖盘
1415,13:37:54,11.71,-0.01,29,33959,卖盘
1416,13:37:51,11.72,--,200,234400,买盘
1417,13:37:48,11.72,--,204,239088,卖盘
1418,13:37:45,11.72,--,44,51568,卖盘
1419,13:37:42,11.72,--,22,25784,卖盘
1420,13:37:39,11.72,--,135,158220,卖盘
1421,13:37:36,11.72,--,21,24612,卖盘
1422,13:37:33,11.72,--,119,139468,卖盘
1423,13:37:30,11.72,--,265,310580,卖盘
1424,13:37:27,11.72,--,236,276592,卖盘
1425,13:37:24,11.72,-0.01,1,1172,卖盘
1426,13:37:21,11.73,0.01,44,51612,买盘
1427,13:37:18,11.72,-0.01,161,188692,卖盘
1428,13:37:15,11.73,0.01,20,23460,买盘
1429,13:37:09,11.72,--,37,43364,卖盘
1430,13:37:06,11.72,--,15,17580,卖盘
1431,13:37:03,11.72,0.01,217,254324,买盘
1432,13:37:00,11.71,--,283,331393,卖盘
1433,13:36:57,11.71,-0.01,29,33959,卖盘
1434,13:36:54,11.72,--,1,1172,买盘
1435,13:36:51,11.72,0.01,311,364492,买盘
1436,13:36:48,11.71,-0.01,47,55037,卖盘
1437,13:36:45,11.72,--,246,288312,买盘
1438,13:36:42,11.72,--,15,17580,买盘
1439,13:36:39,11.72,0.01,19,22268,买盘
1440,13:36:36,11.71,--,17,19907,卖盘
1441,13:36:33,11.71,--,110,128810,卖盘
1442,13:36:30,11.71,--,46,53866,卖盘
1443,13:36:27,11.71,--,91,106561,卖盘
1444,13:36:24,11.71,-0.01,416,487136,卖盘
1445,13:36:21,11.72,--,22,25784,买盘
1446,13:36:18,11.72,--,18,21096,买盘
1447,13:36:15,11.72,--,58,67976,买盘
1448,13:36:09,11.72,0.01,46,53912,买盘
1449,13:36:06,11.71,0.01,666,779886,买盘
1450,13:36:03,11.7,--,113,132210,卖盘
1451,13:36:00,11.7,--,154,180180,卖盘
1452,13:35:57,11.7,--,6,7020,卖盘
1453,13:35:54,11.7,--,15,17550,卖盘
1454,13:35:51,11.7,--,67,78390,卖盘
1455,13:35:48,11.7,-0.01,9,10530,卖盘
1456,13:35:45,11.71,0.01,120,140520,买盘
1457,13:35:42,11.7,--,11,12870,卖盘
1458,13:35:39,11.7,-0.01,7,8189,卖盘
1459,13:35:33,11.71,--,17,19907,买盘
1460,13:35:30,11.71,0.01,35,40985,买盘
1461,13:35:27,11.7,--,3,3510,卖盘
1462,13:35:24,11.7,--,10,11700,卖盘
1463,13:35:21,11.7,--,40,46800,卖盘
1464,13:35:18,11.7,-0.01,23,26910,卖盘
1465,13:35:15,11.71,0.01,33,38643,买盘
1466,13:35:12,11.7,-0.01,70,81900,卖盘
1467,13:35:09,11.71,0.01,57,66747,买盘
1468,13:35:06,11.7,--,22,25740,卖盘
1469,13:35:03,11.7,--,100,117000,卖盘
1470,13:34:57,11.7,-0.02,240,280800,卖盘
1471,13:34:54,11.72,0.01,15,17580,买盘
1472,13:34:51,11.71,--,5,5855,卖盘
1473,13:34:48,11.71,--,101,118271,卖盘
1474,13:34:45,11.71,--,17,19907,卖盘
1475,13:34:39,11.71,--,31,36301,卖盘
1476,13:34:36,11.71,-0.02,26,30446,卖盘
1477,13:34:33,11.73,0.01,85,99705,买盘
1478,13:34:30,11.72,--,33,38676,卖盘
1479,13:34:27,11.72,0.01,144,168768,买盘
1480,13:34:24,11.71,-0.01,202,236542,卖盘
1481,13:34:21,11.72,-0.01,61,71492,卖盘
1482,13:34:18,11.73,0.01,87,102051,买盘
1483,13:34:15,11.72,--,103,120716,卖盘
1484,13:34:12,11.72,-0.01,32,37504,卖盘
1485,13:34:09,11.73,--,376,441048,买盘
1486,13:34:06,11.73,--,413,484449,买盘
1487,13:34:03,11.73,--,138,161874,买盘
1488,13:34:00,11.73,0.01,160,187680,买盘
1489,13:33:57,11.72,-0.01,5,5860,卖盘
1490,13:33:54,11.73,--,296,347208,卖盘
1491,13:33:51,11.73,--,76,89148,卖盘
1492,13:33:48,11.73,--,46,53958,卖盘
1493,13:33:45,11.73,--,135,158355,卖盘
1494,13:33:42,11.73,--,188,220524,买盘
1495,13:33:39,11.73,--,165,193545,买盘
1496,13:33:36,11.73,--,507,594711,买盘
1497,13:33:33,11.73,0.01,6,7038,买盘
1498,13:33:30,11.72,--,29,33988,卖盘
1499,13:33:27,11.72,-0.01,4,4688,卖盘
1500,13:33:24,11.73,0.01,265,310845,买盘
1501,13:33:21,11.72,--,108,126576,买盘
1502,13:33:18,11.72,--,677,793444,买盘
1503,13:33:15,11.72,--,18,21096,买盘
1504,13:33:09,11.72,0.02,271,317612,买盘
1505,13:33:06,11.7,-0.01,25,29250,卖盘
1506,13:33:03,11.71,--,83,97193,买盘
1507,13:33:00,11.71,--,17,19907,买盘
1508,13:32:57,11.71,--,70,81970,买盘
1509,13:32:54,11.71,--,25,29275,卖盘
1510,13:32:48,11.71,--,100,117100,卖盘
1511,13:32:45,11.71,-0.01,43,50353,买盘
1512,13:32:42,11.72,0.01,35,41020,买盘
1513,13:32:39,11.71,-0.01,1,1171,中性盘
1514,13:32:36,11.72,0.02,797,934084,买盘
1515,13:32:33,11.7,-0.01,11,12870,卖盘
1516,13:32:30,11.71,--,167,195557,买盘
1517,13:32:27,11.71,-0.01,427,500017,卖盘
1518,13:32:24,11.72,--,53,62116,买盘
1519,13:32:21,11.72,0.01,204,239088,买盘
1520,13:32:18,11.71,--,48,56208,卖盘
1521,13:32:15,11.71,--,33,38643,卖盘
1522,13:32:12,11.71,--,77,90167,卖盘
1523,13:32:09,11.71,--,37,43327,卖盘
1524,13:32:06,11.71,-0.01,66,77286,卖盘
1525,13:32:03,11.72,0.01,10,11720,买盘
1526,13:32:00,11.71,--,1831,2144101,卖盘
1527,13:31:57,11.71,--,46,53866,买盘
1528,13:31:54,11.71,--,25,29275,买盘
1529,13:31:51,11.71,--,144,168624,买盘
1530,13:31:48,11.71,--,9,10539,买盘
1531,13:31:45,11.71,--,36,42156,买盘
1532,13:31:42,11.71,--,21,24591,买盘
1533,13:31:39,11.71,--,50,58550,买盘
1534,13:31:36,11.71,--,1,1171,买盘
1535,13:31:33,11.71,--,49,57379,买盘
1536,13:31:30,11.71,0.01,24,28104,买盘
1537,13:31:27,11.7,--,40,46800,卖盘
1538,13:31:24,11.7,--,101,118357,买盘
1539,13:31:21,11.7,--,36,42120,买盘
1540,13:31:18,11.7,0.01,79,92430,买盘
1541,13:31:15,11.69,-0.01,16,18704,卖盘
1542,13:31:12,11.7,--,139,162630,买盘
1543,13:31:09,11.7,0.01,23,26910,买盘
1544,13:31:06,11.69,-0.01,366,427854,卖盘
1545,13:31:03,11.7,--,34,39780,买盘
1546,13:31:00,11.7,-0.01,939,1098630,卖盘
1547,13:30:57,11.71,0.01,233,272843,买盘
1548,13:30:54,11.7,--,124,145080,买盘
1549,13:30:51,11.7,-0.01,273,319410,卖盘
1550,13:30:48,11.71,0.01,301,352471,买盘
1551,13:30:45,11.7,--,34,39780,卖盘
1552,13:30:42,11.7,--,10,11700,卖盘
1553,13:30:39,11.7,-0.01,110,128699,卖盘
1554,13:30:36,11.71,0.01,93,108903,买盘
1555,13:30:33,11.7,-0.01,135,157950,卖盘
1556,13:30:30,11.71,-0.01,95,111245,卖盘
1557,13:30:27,11.72,--,30,35160,买盘
1558,13:30:24,11.72,--,65,76180,卖盘
1559,13:30:21,11.72,-0.01,142,166424,卖盘
1560,13:30:18,11.73,-0.01,498,584154,卖盘
1561,13:30:15,11.74,--,313,367462,买盘
1562,13:30:12,11.74,--,68,79832,买盘
1563,13:30:09,11.74,--,496,582304,买盘
1564,13:30:06,11.74,--,750,880500,买盘
1565,13:30:03,11.74,--,27,31698,买盘
1566,13:30:00,11.74,0.01,204,239496,买盘
1567,13:29:57,11.73,0.01,212,248676,买盘
1568,13:29:54,11.72,--,68,79696,卖盘
1569,13:29:51,11.72,--,1165,1365380,买盘
1570,13:29:48,11.72,0.02,274,321596,买盘
1571,13:29:45,11.7,--,32,37440,卖盘
1572,13:29:42,11.7,--,674,788580,买盘
1573,13:29:39,11.7,--,1486,1738620,买盘
1574,13:29:36,11.7,--,555,649350,买盘
1575,13:29:33,11.7,0.01,886,1036619,买盘
1576,13:29:30,11.69,--,524,612871,买盘
1577,13:29:27,11.69,--,1383,1616727,买盘
1578,13:29:24,11.69,--,183,213927,买盘
1579,13:29:21,11.69,0.01,44,51436,买盘
1580,13:29:18,11.68,-0.01,216,252288,中性盘
1581,13:29:15,11.69,0.02,2583,3019527,买盘
1582,13:29:12,11.67,-0.01,4,4668,卖盘
1583,13:29:09,11.68,0.01,1606,1875808,买盘
1584,13:29:06,11.67,-0.01,38,44346,卖盘
1585,13:29:03,11.68,0.01,225,262800,买盘
1586,13:29:00,11.67,--,13,15171,卖盘
1587,13:28:57,11.67,--,411,479637,买盘
1588,13:28:54,11.67,--,20,23340,买盘
1589,13:28:51,11.67,--,16,18672,买盘
1590,13:28:48,11.67,--,8,9336,买盘
1591,13:28:45,11.67,--,43,50181,卖盘
1592,13:28:42,11.67,--,13,15171,卖盘
1593,13:28:33,11.67,--,46,53682,卖盘
1594,13:28:30,11.67,--,64,74688,卖盘
1595,13:28:27,11.67,--,878,1024626,买盘
1596,13:28:24,11.67,0.01,15,17505,买盘
1597,13:28:21,11.66,-0.01,14,16324,卖盘
1598,13:28:18,11.67,0.01,2,2334,买盘
1599,13:28:09,11.66,--,32,37312,卖盘
1600,13:28:06,11.66,-0.01,49,57134,卖盘
1601,13:28:03,11.67,0.01,4,4668,买盘
1602,13:27:57,11.66,--,24,27984,卖盘
1603,13:27:54,11.66,-0.01,19,22154,卖盘
1604,13:27:51,11.67,--,136,158712,买盘
1605,13:27:45,11.67,--,15,17505,买盘
1606,13:27:42,11.67,--,25,29175,买盘
1607,13:27:39,11.67,--,15,17505,买盘
1608,13:27:36,11.67,--,10,11670,买盘
1609,13:27:33,11.67,0.01,15,17505,买盘
1610,13:27:30,11.66,-0.01,15,17490,卖盘
1611,13:27:27,11.67,0.01,5,5835,买盘
1612,13:27:21,11.66,-0.01,26,30316,卖盘
1613,13:27:18,11.67,--,5,5835,买盘
1614,13:27:15,11.67,0.01,3,3501,买盘
1615,13:27:12,11.66,-0.01,22,25652,卖盘
1616,13:27:09,11.67,--,50,58350,买盘
1617,13:27:06,11.67,--,67,78189,买盘
1618,13:27:03,11.67,--,28,32676,买盘
1619,13:27:00,11.67,0.01,27,31509,买盘
1620,13:26:57,11.66,-0.01,10,11660,卖盘
1621,13:26:54,11.67,--,195,227565,买盘
1622,13:26:51,11.67,0.01,16,18672,买盘
1623,13:26:48,11.66,--,9,10494,卖盘
1624,13:26:45,11.66,-0.01,22,25652,卖盘
1625,13:26:42,11.67,0.01,54,63018,买盘
1626,13:26:39,11.66,-0.01,1,1166,卖盘
1627,13:26:36,11.67,0.01,27,31509,买盘
1628,13:26:33,11.66,--,51,59466,卖盘
1629,13:26:30,11.66,--,21,24486,卖盘
1630,13:26:24,11.66,--,412,480392,买盘
1631,13:26:21,11.66,--,23,26818,买盘
1632,13:26:18,11.66,--,24,27984,买盘
1633,13:26:15,11.66,--,101,117766,买盘
1634,13:26:12,11.66,--,99,115434,买盘
1635,13:26:09,11.66,0.01,447,521202,买盘
1636,13:26:06,11.65,-0.01,150,174750,卖盘
1637,13:26:03,11.66,--,148,172568,买盘
1638,13:26:00,11.66,--,63,73458,买盘
1639,13:25:57,11.66,--,48,55968,买盘
1640,13:25:51,11.66,0.01,35,40810,买盘
1641,13:25:48,11.65,--,12,13980,卖盘
1642,13:25:45,11.65,-0.01,4,4660,卖盘
1643,13:25:42,11.66,--,60,69960,买盘
1644,13:25:39,11.66,0.01,116,135256,买盘
1645,13:25:33,11.65,--,7,8155,卖盘
1646,13:25:30,11.65,-0.01,2,2330,卖盘
1647,13:25:27,11.66,0.01,50,58300,买盘
1648,13:25:24,11.65,--,1,1165,卖盘
1649,13:25:21,11.65,-0.01,28,32620,卖盘
1650,13:25:18,11.66,--,146,170236,买盘
1651,13:25:12,11.66,0.01,153,178398,买盘
1652,13:25:09,11.65,--,2,2330,卖盘
1653,13:25:06,11.65,--,13,15145,卖盘
1654,13:25:03,11.65,--,11,12815,卖盘
1655,13:25:00,11.65,-0.01,19,22135,卖盘
1656,13:24:57,11.66,0.01,13,15158,买盘
1657,13:24:54,11.65,-0.01,25,29125,卖盘
1658,13:24:51,11.66,--,11,12826,买盘
1659,13:24:48,11.66,0.01,9,10494,买盘
1660,13:24:45,11.65,--,8,9320,卖盘
1661,13:24:42,11.65,--,3,3495,卖盘
1662,13:24:39,11.65,-0.01,1,1165,卖盘
1663,13:24:30,11.66,0.01,1,1166,买盘
1664,13:24:27,11.65,-0.01,11,12815,卖盘
1665,13:24:24,11.66,--,3,3498,买盘
1666,13:24:21,11.66,--,9,10494,买盘
1667,13:24:18,11.66,--,1,1166,买盘
1668,13:24:15,11.66,--,51,59466,买盘
1669,13:24:06,11.66,0.01,150,174900,买盘
1670,13:24:03,11.65,-0.01,56,65240,卖盘
1671,13:24:00,11.66,--,11,12826,买盘
1672,13:23:57,11.66,--,11,12826,买盘
1673,13:23:51,11.66,--,21,24486,买盘
1674,13:23:45,11.66,0.01,1,1166,买盘
1675,13:23:39,11.65,-0.01,2,2330,卖盘
1676,13:23:36,11.66,--,8,9328,买盘
1677,13:23:33,11.66,0.01,7,8162,买盘
1678,13:23:30,11.65,--,10,11650,卖盘
1679,13:23:27,11.65,-0.01,11,12815,卖盘
1680,13:23:24,11.66,--,4,4664,买盘
1681,13:23:21,11.66,--,40,46640,买盘
1682,13:23:18,11.66,0.01,104,121264,买盘
1683,13:23:15,11.65,--,7,8155,买盘
1684,13:23:12,11.65,0.01,1,1165,买盘
1685,13:23:06,11.64,-0.01,19,22116,卖盘
1686,13:23:03,11.65,--,63,73395,买盘
1687,13:23:00,11.65,--,8,9320,买盘
1688,13:22:57,11.65,--,9,10485,买盘
1689,13:22:54,11.65,--,11,12815,买盘
1690,13:22:51,11.65,--,1,1165,买盘
1691,13:22:48,11.65,--,1,1165,买盘
1692,13:22:45,11.65,0.01,18,20970,买盘
1693,13:22:39,11.64,-0.01,1,1164,卖盘
1694,13:22:36,11.65,--,180,209700,买盘
1695,13:22:33,11.65,0.01,15,17475,买盘
1696,13:22:30,11.64,-0.01,25,29100,卖盘
1697,13:22:27,11.65,0.01,22,25630,买盘
1698,13:22:24,11.64,--,18,20952,卖盘
1699,13:22:21,11.64,--,12,13968,卖盘
1700,13:22:18,11.64,--,17,19788,卖盘
1701,13:22:15,11.64,-0.01,50,58200,卖盘
1702,13:22:12,11.65,--,1,1165,买盘
1703,13:22:09,11.65,0.01,10,11650,买盘
1704,13:22:06,11.64,--,34,39576,卖盘
1705,13:22:03,11.64,-0.01,14,16296,卖盘
1706,13:22:00,11.65,--,52,60580,买盘
1707,13:21:57,11.65,--,13,15145,买盘
1708,13:21:54,11.65,0.01,2,2330,买盘
1709,13:21:48,11.64,--,24,27936,卖盘
1710,13:21:45,11.64,--,1,1164,卖盘
1711,13:21:42,11.64,--,26,30264,卖盘
1712,13:21:39,11.64,--,10,11640,卖盘
1713,13:21:36,11.64,-0.01,50,58200,卖盘
1714,13:21:33,11.65,--,164,191060,买盘
1715,13:21:30,11.65,--,2,2330,买盘
1716,13:21:27,11.65,--,4,4660,买盘
1717,13:21:21,11.65,--,9,10485,买盘
1718,13:21:18,11.65,--,10,11650,买盘
1719,13:21:15,11.65,0.01,7,8155,买盘
1720,13:21:12,11.64,-0.01,4,4656,卖盘
1721,13:21:09,11.65,--,7,8155,买盘
1722,13:21:06,11.65,--,22,25630,买盘
1723,13:21:00,11.65,--,8,9320,买盘
1724,13:20:57,11.65,--,9,10485,买盘
1725,13:20:54,11.65,--,65,75725,买盘
1726,13:20:51,11.65,--,1,1165,买盘
1727,13:20:45,11.65,--,8,9320,买盘
1728,13:20:39,11.65,--,17,19805,买盘
1729,13:20:36,11.65,0.01,9,10485,买盘
1730,13:20:33,11.64,-0.01,7,8148,卖盘
1731,13:20:30,11.65,--,1,1165,买盘
1732,13:20:27,11.65,--,10,11650,买盘
1733,13:20:24,11.65,--,18,20970,买盘
1734,13:20:18,11.65,0.01,98,114170,买盘
1735,13:20:12,11.64,--,180,209520,卖盘
1736,13:20:06,11.64,-0.01,50,58200,卖盘
1737,13:20:03,11.65,--,32,37280,买盘
1738,13:19:57,11.65,--,18,20970,买盘
1739,13:19:54,11.65,--,17,19805,买盘
1740,13:19:51,11.65,0.01,12,13980,买盘
1741,13:19:48,11.64,-0.01,328,381792,卖盘
1742,13:19:42,11.65,--,17,19805,买盘
1743,13:19:33,11.65,--,5,5825,买盘
1744,13:19:30,11.65,0.01,15,17475,买盘
1745,13:19:27,11.64,--,21,24444,买盘
1746,13:19:18,11.64,0.01,2,2328,买盘
1747,13:19:15,11.63,-0.01,31,36053,卖盘
1748,13:19:12,11.64,--,9,10476,买盘
1749,13:19:06,11.64,0.01,25,29100,中性盘
1750,13:18:57,11.63,-0.02,5,5815,卖盘
1751,13:18:54,11.65,--,7,8155,买盘
1752,13:18:51,11.65,0.01,12,13980,买盘
1753,13:18:48,11.64,0.01,25,29100,买盘
1754,13:18:45,11.63,-0.02,141,163983,卖盘
1755,13:18:30,11.65,0.02,400,466000,买盘
1756,13:18:24,11.63,-0.01,25,29075,卖盘
1757,13:18:21,11.64,--,4,4656,买盘
1758,13:18:18,11.64,--,11,12804,买盘
1759,13:18:15,11.64,0.01,11,12804,买盘
1760,13:18:09,11.63,--,3,3489,卖盘
1761,13:18:06,11.63,-0.01,14,16282,卖盘
1762,13:18:00,11.64,--,50,58200,买盘
1763,13:17:57,11.64,--,1,1164,买盘
1764,13:17:51,11.64,--,7,8148,买盘
1765,13:17:48,11.64,--,21,24444,买盘
1766,13:17:45,11.64,--,2,2328,买盘
1767,13:17:39,11.64,0.01,1,1164,买盘
1768,13:17:36,11.63,--,21,24423,卖盘
1769,13:17:33,11.63,-0.01,17,19771,卖盘
1770,13:17:30,11.64,--,1,1164,买盘
1771,13:17:24,11.64,--,1,1164,买盘
1772,13:17:21,11.64,--,11,12804,买盘
1773,13:17:18,11.64,--,2,2328,买盘
1774,13:17:15,11.64,--,10,11640,买盘
1775,13:17:12,11.64,0.01,4,4656,买盘
1776,13:17:09,11.63,--,3,3489,卖盘
1777,13:17:06,11.63,--,14,16282,卖盘
1778,13:17:03,11.63,-0.02,30,34890,卖盘
1779,13:17:00,11.65,--,1,1165,买盘
1780,13:16:54,11.65,--,17,19805,买盘
1781,13:16:51,11.65,0.01,23,26795,买盘
1782,13:16:48,11.64,0.01,17,19788,买盘
1783,13:16:45,11.63,-0.01,16,18608,卖盘
1784,13:16:42,11.64,--,2,2328,买盘
1785,13:16:33,11.64,-0.01,9,10476,卖盘
1786,13:16:30,11.65,--,4,4660,买盘
1787,13:16:27,11.65,0.01,9,10485,买盘
1788,13:16:24,11.64,--,93,108252,买盘
1789,13:16:21,11.64,--,7,8148,买盘
1790,13:16:18,11.64,--,2,2328,买盘
1791,13:16:15,11.64,0.01,1,1164,买盘
1792,13:16:09,11.63,--,32,37216,卖盘
1793,13:16:06,11.63,--,144,167472,卖盘
1794,13:16:00,11.63,-0.01,43,50009,卖盘
1795,13:15:57,11.64,--,60,69840,买盘
1796,13:15:54,11.64,--,1,1164,买盘
1797,13:15:51,11.64,--,11,12804,买盘
1798,13:15:45,11.64,--,14,16296,买盘
1799,13:15:42,11.64,--,3,3492,买盘
1800,13:15:36,11.64,-0.01,6,6984,卖盘
1801,13:15:30,11.65,0.01,67,78055,买盘
1802,13:15:27,11.64,-0.01,37,43068,卖盘
1803,13:15:21,11.65,0.01,1,1165,买盘
1804,13:15:18,11.64,-0.01,22,25608,卖盘
1805,13:15:15,11.65,--,1,1165,买盘
1806,13:15:12,11.65,0.01,87,101355,买盘
1807,13:15:09,11.64,--,77,89628,卖盘
1808,13:15:06,11.64,--,13,15132,卖盘
1809,13:15:03,11.64,-0.01,12,13968,卖盘
1810,13:15:00,11.65,--,1,1165,买盘
1811,13:14:57,11.65,--,1,1165,买盘
1812,13:14:54,11.65,0.01,9,10485,买盘
1813,13:14:51,11.64,-0.01,4,4656,卖盘
1814,13:14:48,11.65,--,24,27960,买盘
1815,13:14:45,11.65,--,12,13980,买盘
1816,13:14:42,11.65,0.01,1,1165,买盘
1817,13:14:36,11.64,0.01,1,1164,买盘
1818,13:14:33,11.63,-0.01,18,20934,卖盘
1819,13:14:30,11.64,--,3,3492,买盘
1820,13:14:27,11.64,--,15,17460,买盘
1821,13:14:21,11.64,-0.01,30,34920,卖盘
1822,13:14:18,11.65,--,11,12815,买盘
1823,13:14:15,11.65,0.01,1,1165,买盘
1824,13:14:06,11.64,--,26,30264,卖盘
1825,13:14:03,11.64,-0.01,8,9312,卖盘
1826,13:14:00,11.65,--,50,58250,买盘
1827,13:13:57,11.65,--,7,8155,买盘
1828,13:13:54,11.65,0.01,1,1165,买盘
1829,13:13:48,11.64,--,3,3492,卖盘
1830,13:13:45,11.64,-0.01,21,24444,卖盘
1831,13:13:42,11.65,--,14,16310,买盘
1832,13:13:36,11.65,--,11,12815,买盘
1833,13:13:30,11.65,0.01,2,2330,买盘
1834,13:13:27,11.64,-0.01,33,38412,卖盘
1835,13:13:24,11.65,--,20,23300,买盘
1836,13:13:21,11.65,--,1,1165,买盘
1837,13:13:18,11.65,0.01,2,2330,买盘
1838,13:13:15,11.64,-0.01,32,37248,卖盘
1839,13:13:12,11.65,--,30,34950,买盘
1840,13:13:09,11.65,0.01,6,6990,买盘
1841,13:13:06,11.64,-0.01,22,25608,卖盘
1842,13:13:00,11.65,--,2,2330,买盘
1843,13:12:51,11.65,--,1,1165,买盘
1844,13:12:48,11.65,0.01,1,1165,买盘
1845,13:12:45,11.64,--,18,20952,卖盘
1846,13:12:42,11.64,0.01,15,17460,买盘
1847,13:12:39,11.63,-0.01,1,1163,卖盘
1848,13:12:36,11.64,0.01,1,1164,买盘
1849,13:12:33,11.63,-0.02,29,33727,卖盘
1850,13:12:30,11.65,0.02,1,1165,买盘
1851,13:12:24,11.63,--,22,25586,买盘
1852,13:12:18,11.63,--,17,19771,买盘
1853,13:12:15,11.63,--,10,11630,买盘
1854,13:12:12,11.63,--,9,10467,买盘
1855,13:12:09,11.63,-0.01,607,705941,卖盘
1856,13:12:06,11.64,-0.01,21,24444,卖盘
1857,13:12:03,11.65,0.01,13,15145,买盘
1858,13:12:00,11.64,-0.01,33,38412,卖盘
1859,13:11:54,11.65,--,10,11650,买盘
1860,13:11:51,11.65,-0.01,2,2330,卖盘
1861,13:11:48,11.66,0.01,9,10494,买盘
1862,13:11:45,11.65,-0.01,3,3495,卖盘
1863,13:11:42,11.66,0.01,20,23320,买盘
1864,13:11:39,11.65,--,28,32620,卖盘
1865,13:11:36,11.65,--,3,3495,卖盘
1866,13:11:33,11.65,-0.01,23,26795,中性盘
1867,13:11:27,11.66,--,2,2332,买盘
1868,13:11:24,11.66,--,7,8162,买盘
1869,13:11:21,11.66,--,1,1166,买盘
1870,13:11:18,11.66,--,10,11660,买盘
1871,13:11:15,11.66,0.02,12,13992,买盘
1872,13:11:12,11.64,-0.02,64,74496,卖盘
1873,13:11:09,11.66,--,15,17490,买盘
1874,13:11:06,11.66,0.01,64,74624,买盘
1875,13:11:03,11.65,-0.01,4,4660,卖盘
1876,13:10:57,11.66,--,1,1166,买盘
1877,13:10:54,11.66,--,17,19822,买盘
1878,13:10:48,11.66,0.02,11,12826,买盘
1879,13:10:45,11.64,-0.02,31,36084,卖盘
1880,13:10:42,11.66,--,31,36146,买盘
1881,13:10:39,11.66,0.01,14,16324,买盘
1882,13:10:36,11.65,-0.01,51,59415,卖盘
1883,13:10:33,11.66,0.01,2,2332,买盘
1884,13:10:30,11.65,0.01,81,94365,买盘
1885,13:10:27,11.64,-0.01,1,1164,卖盘
1886,13:10:24,11.65,--,32,37280,买盘
1887,13:10:21,11.65,--,116,135140,买盘
1888,13:10:18,11.65,--,26,30290,买盘
1889,13:10:15,11.65,0.01,11,12815,买盘
1890,13:10:12,11.64,-0.01,76,88464,卖盘
1891,13:10:09,11.65,0.01,10,11650,买盘
1892,13:10:06,11.64,--,62,72168,卖盘
1893,13:10:03,11.64,-0.01,237,275868,卖盘
1894,13:09:57,11.65,--,15,17475,买盘
1895,13:09:54,11.65,0.01,32,37280,买盘
1896,13:09:51,11.64,--,58,67512,买盘
1897,13:09:48,11.64,-0.01,70,81480,卖盘
1898,13:09:45,11.65,--,11,12815,买盘
1899,13:09:42,11.65,--,27,31455,买盘
1900,13:09:39,11.65,0.01,38,44270,买盘
1901,13:09:36,11.64,-0.01,10,11640,卖盘
1902,13:09:30,11.65,--,1,1165,买盘
1903,13:09:27,11.65,--,9,10485,买盘
1904,13:09:24,11.65,0.01,7,8155,买盘
1905,13:09:21,11.64,-0.01,3,3492,卖盘
1906,13:09:18,11.65,--,7,8155,买盘
1907,13:09:15,11.65,--,20,23300,买盘
1908,13:09:12,11.65,--,13,15145,买盘
1909,13:09:09,11.65,--,7,8155,买盘
1910,13:09:06,11.65,--,16,18640,买盘
1911,13:09:03,11.65,--,8,9320,买盘
1912,13:09:00,11.65,--,34,39610,买盘
1913,13:08:57,11.65,--,10,11650,买盘
1914,13:08:54,11.65,0.01,8,9320,买盘
1915,13:08:42,11.64,-0.01,30,34920,卖盘
1916,13:08:39,11.65,0.01,19,22135,买盘
1917,13:08:33,11.64,-0.01,1,1164,卖盘
1918,13:08:30,11.65,--,17,19805,买盘
1919,13:08:27,11.65,0.01,9,10485,买盘
1920,13:08:21,11.64,--,229,266556,买盘
1921,13:08:18,11.64,--,22,25608,买盘
1922,13:08:15,11.64,--,13,15132,买盘
1923,13:08:12,11.64,0.01,24,27936,买盘
1924,13:08:06,11.63,-0.01,13,15119,卖盘
1925,13:08:03,11.64,--,3,3492,买盘
1926,13:08:00,11.64,--,24,27936,买盘
1927,13:07:57,11.64,--,1,1164,买盘
1928,13:07:54,11.64,0.01,8,9312,买盘
1929,13:07:51,11.63,-0.01,3,3489,卖盘
1930,13:07:48,11.64,0.01,8,9312,买盘
1931,13:07:45,11.63,-0.01,6,6978,卖盘
1932,13:07:42,11.64,--,5,5820,买盘
1933,13:07:39,11.64,--,10,11640,买盘
1934,13:07:36,11.64,--,13,15132,买盘
1935,13:07:30,11.64,--,9,10476,买盘
1936,13:07:27,11.64,--,24,27936,买盘
1937,13:07:21,11.64,--,4,4656,买盘
1938,13:07:18,11.64,--,2,2328,买盘
1939,13:07:06,11.64,0.01,25,29100,买盘
1940,13:07:00,11.63,-0.01,31,36053,卖盘
1941,13:06:48,11.64,--,11,12804,卖盘
1942,13:06:45,11.64,-0.01,3,3492,卖盘
1943,13:06:42,11.65,--,3,3495,买盘
1944,13:06:39,11.65,--,7,8155,买盘
1945,13:06:36,11.65,0.01,12,13980,买盘
1946,13:06:30,11.64,0.01,58,67512,买盘
1947,13:06:27,11.63,-0.01,1,1163,卖盘
1948,13:06:24,11.64,-0.01,14,16296,买盘
1949,13:06:15,11.65,0.02,10,11650,买盘
1950,13:06:12,11.63,-0.02,46,53498,卖盘
1951,13:06:06,11.65,0.01,33,38445,买盘
1952,13:06:03,11.64,--,6,6984,卖盘
1953,13:06:00,11.64,-0.01,1,1164,卖盘
1954,13:05:57,11.65,--,5,5825,买盘
1955,13:05:54,11.65,--,6,6990,买盘
1956,13:05:48,11.65,0.01,5,5825,买盘
1957,13:05:42,11.64,--,12,13968,买盘
1958,13:05:39,11.64,--,30,34920,买盘
1959,13:05:36,11.64,--,11,12804,买盘
1960,13:05:33,11.64,-0.01,4,4656,买盘
1961,13:05:30,11.65,--,13,15145,买盘
1962,13:05:27,11.65,0.01,62,72230,买盘
1963,13:05:24,11.64,-0.01,47,54708,卖盘
1964,13:05:21,11.65,--,16,18640,买盘
1965,13:05:18,11.65,--,120,139800,买盘
1966,13:05:15,11.65,--,4,4660,买盘
1967,13:05:12,11.65,--,43,50095,买盘
1968,13:05:09,11.65,0.01,96,111840,买盘
1969,13:05:06,11.64,-0.01,24,27936,卖盘
1970,13:05:03,11.65,0.01,8,9320,买盘
1971,13:05:00,11.64,--,3,3492,卖盘
1972,13:04:57,11.64,-0.01,3,3492,卖盘
1973,13:04:54,11.65,--,2,2330,买盘
1974,13:04:51,11.65,--,12,13980,买盘
1975,13:04:48,11.65,--,60,69900,买盘
1976,13:04:45,11.65,--,4,4660,买盘
1977,13:04:42,11.65,0.01,196,228340,买盘
1978,13:04:39,11.64,--,42,48888,卖盘
1979,13:04:33,11.64,--,17,19788,卖盘
1980,13:04:30,11.64,--,26,30264,卖盘
1981,13:04:27,11.64,-0.01,101,117564,卖盘
1982,13:04:24,11.65,0.01,4,4660,买盘
1983,13:04:18,11.64,-0.01,9,10476,卖盘
1984,13:04:15,11.65,0.01,9,10485,买盘
1985,13:04:12,11.64,--,11,12804,卖盘
1986,13:04:09,11.64,--,101,117564,卖盘
1987,13:04:06,11.64,--,23,26772,卖盘
1988,13:04:03,11.64,--,52,60528,卖盘
1989,13:04:00,11.64,-0.01,16,18624,卖盘
1990,13:03:48,11.65,0.01,17,19805,买盘
1991,13:03:45,11.64,-0.01,54,62856,卖盘
1992,13:03:39,11.65,0.01,205,238825,买盘
1993,13:03:33,11.64,--,34,39576,卖盘
1994,13:03:30,11.64,-0.01,16,18624,卖盘
1995,13:03:27,11.65,--,1,1165,买盘
1996,13:03:21,11.65,--,32,37280,买盘
1997,13:03:18,11.65,0.01,55,64075,买盘
1998,13:03:12,11.64,--,300,349200,卖盘
1999,13:03:09,11.64,--,228,265392,卖盘
2000,13:03:06,11.64,-0.01,23,26772,卖盘
2001,13:03:03,11.65,-0.01,296,345690,卖盘
2002,13:02:57,11.66,--,1,1166,买盘
2003,13:02:51,11.66,0.01,46,53636,买盘
2004,13:02:48,11.65,--,18,20970,卖盘
2005,13:02:45,11.65,--,21,24465,卖盘
2006,13:02:42,11.65,--,3,3495,卖盘
2007,13:02:39,11.65,-0.01,116,135140,卖盘
2008,13:02:33,11.66,0.01,7,8162,买盘
2009,13:02:30,11.65,-0.01,23,26795,卖盘
2010,13:02:27,11.66,--,9,10494,买盘
2011,13:02:18,11.66,--,1,1166,买盘
2012,13:02:12,11.66,--,20,23320,买盘
2013,13:02:09,11.66,--,27,31482,卖盘
2014,13:02:06,11.66,-0.01,39,45474,卖盘
2015,13:02:03,11.67,0.01,4,4668,买盘
2016,13:02:00,11.66,-0.01,1,1166,卖盘
2017,13:01:57,11.67,0.01,9,10503,买盘
2018,13:01:45,11.66,-0.01,17,19822,卖盘
2019,13:01:42,11.67,0.01,9,10503,买盘
2020,13:01:39,11.66,--,34,39644,卖盘
2021,13:01:36,11.66,-0.02,36,41976,卖盘
2022,13:01:33,11.68,0.02,20,23360,买盘
2023,13:01:30,11.66,-0.01,51,59466,卖盘
2024,13:01:27,11.67,--,21,24507,买盘
2025,13:01:24,11.67,--,82,95694,买盘
2026,13:01:21,11.67,--,86,100362,买盘
2027,13:01:18,11.67,--,13,15171,买盘
2028,13:01:12,11.67,--,5,5835,买盘
2029,13:01:09,11.67,--,9,10503,买盘
2030,13:01:06,11.67,0.01,83,96861,买盘
2031,13:01:03,11.66,--,9,10494,卖盘
2032,13:01:00,11.66,--,11,12826,卖盘
2033,13:00:57,11.66,-0.01,1,1166,卖盘
2034,13:00:51,11.67,--,1,1167,买盘
2035,13:00:48,11.67,--,10,11670,买盘
2036,13:00:42,11.67,--,16,18672,买盘
2037,13:00:39,11.67,--,5,5835,买盘
2038,13:00:36,11.67,--,25,29175,买盘
2039,13:00:33,11.67,-0.01,149,174734,卖盘
2040,13:00:30,11.68,--,21,24528,买盘
2041,13:00:27,11.68,--,18,21024,买盘
2042,13:00:24,11.68,--,10,11680,买盘
2043,13:00:21,11.68,0.01,11,12848,买盘
2044,13:00:15,11.67,--,2,2334,卖盘
2045,13:00:09,11.67,--,54,63018,卖盘
2046,13:00:06,11.67,--,78,91026,卖盘
2047,13:00:03,11.67,0.01,2299,2683248,买盘
2048,13:00:00,11.66,--,0,0,买盘
2049,11:30:00,11.66,--,0,0,买盘
2050,11:29:57,11.66,0.01,15,17490,买盘
2051,11:29:51,11.65,-0.01,53,61745,卖盘
2052,11:29:45,11.66,0.01,9,10494,买盘
2053,11:29:42,11.65,-0.01,33,38445,卖盘
2054,11:29:39,11.66,--,17,19822,买盘
2055,11:29:30,11.66,--,3,3498,买盘
2056,11:29:27,11.66,0.01,63,73458,买盘
2057,11:29:21,11.65,-0.01,66,76890,卖盘
2058,11:29:18,11.66,--,18,20988,买盘
2059,11:29:15,11.66,0.01,14,16324,买盘
2060,11:29:09,11.65,-0.01,8,9320,卖盘
2061,11:29:06,11.66,--,6,6996,买盘
2062,11:28:57,11.66,--,186,216876,买盘
2063,11:28:51,11.66,0.01,112,130592,买盘
2064,11:28:45,11.65,-0.01,1,1165,卖盘
2065,11:28:39,11.66,0.01,41,47806,买盘
2066,11:28:36,11.65,-0.01,3,3495,卖盘
2067,11:28:33,11.66,--,33,38478,买盘
2068,11:28:30,11.66,--,3,3498,买盘
2069,11:28:24,11.66,0.01,7,8162,买盘
2070,11:28:21,11.65,-0.01,86,100190,卖盘
2071,11:28:18,11.66,--,1,1166,买盘
2072,11:28:12,11.66,0.01,1,1166,买盘
2073,11:28:09,11.65,--,48,55920,卖盘
2074,11:28:00,11.65,--,89,103685,卖盘
2075,11:27:57,11.65,-0.01,20,23300,卖盘
2076,11:27:54,11.66,0.01,9,10494,买盘
2077,11:27:51,11.65,--,104,121160,卖盘
2078,11:27:45,11.65,-0.01,10,11650,卖盘
2079,11:27:42,11.66,--,1,1166,买盘
2080,11:27:39,11.66,--,46,53636,买盘
2081,11:27:33,11.66,--,1,1166,买盘
2082,11:27:30,11.66,0.01,4,4664,买盘
2083,11:27:27,11.65,--,3,3495,卖盘
2084,11:27:24,11.65,-0.01,36,41940,卖盘
2085,11:27:21,11.66,-0.01,32,37312,卖盘
2086,11:27:18,11.67,0.01,153,178551,买盘
2087,11:27:15,11.66,--,191,222706,卖盘
2088,11:27:12,11.66,-0.01,49,57134,卖盘
2089,11:27:09,11.67,0.01,101,117867,买盘
2090,11:27:06,11.66,-0.01,108,125928,卖盘
2091,11:27:03,11.67,--,12,14004,买盘
2092,11:27:00,11.67,--,57,66519,买盘
2093,11:26:57,11.67,--,27,31509,买盘
2094,11:26:54,11.67,0.01,38,44346,买盘
2095,11:26:51,11.66,-0.01,148,172568,卖盘
2096,11:26:48,11.67,--,5,5835,买盘
2097,11:26:45,11.67,0.01,52,60684,买盘
2098,11:26:36,11.66,-0.01,251,292666,卖盘
2099,11:26:33,11.67,--,15,17505,买盘
2100,11:26:30,11.67,--,29,33843,买盘
2101,11:26:27,11.67,--,18,21006,买盘
2102,11:26:24,11.67,0.01,184,214728,买盘
2103,11:26:18,11.66,-0.01,143,166738,卖盘
2104,11:26:15,11.67,--,83,96861,买盘
2105,11:26:12,11.67,0.02,20,23340,买盘
2106,11:26:06,11.65,-0.01,1505,1753325,卖盘
2107,11:26:03,11.66,--,20,23320,买盘
2108,11:26:00,11.66,--,141,164406,买盘
2109,11:25:57,11.66,--,26,30316,买盘
2110,11:25:54,11.66,--,11,12826,买盘
2111,11:25:51,11.66,0.01,1,1166,买盘
2112,11:25:48,11.65,-0.01,69,80385,卖盘
2113,11:25:45,11.66,0.01,50,58300,买盘
2114,11:25:42,11.65,--,1007,1173469,买盘
2115,11:25:39,11.65,--,1,1165,买盘
2116,11:25:36,11.65,--,14,16310,买盘
2117,11:25:33,11.65,--,508,591820,买盘
2118,11:25:30,11.65,--,1,1165,买盘
2119,11:25:27,11.65,--,12,13980,买盘
2120,11:25:24,11.65,0.01,8,9320,买盘
2121,11:25:21,11.64,--,14,16296,卖盘
2122,11:25:18,11.64,--,2363,2750532,卖盘
2123,11:25:15,11.64,-0.01,3,3492,卖盘
2124,11:25:12,11.65,--,5,5825,买盘
2125,11:25:09,11.65,--,46,53590,买盘
2126,11:25:06,11.65,0.01,10,11650,买盘
2127,11:25:03,11.64,-0.01,50,58200,卖盘
2128,11:25:00,11.65,--,16,18640,买盘
2129,11:24:57,11.65,0.01,99,115335,买盘
2130,11:24:54,11.64,--,70,81480,卖盘
2131,11:24:48,11.64,--,8,9312,卖盘
2132,11:24:45,11.64,--,1,1164,中性盘
2133,11:24:42,11.64,--,8,9312,买盘
2134,11:24:39,11.64,--,71,82644,买盘
2135,11:24:36,11.64,--,9,10476,买盘
2136,11:24:33,11.64,--,4,4656,买盘
2137,11:24:27,11.64,--,32,37248,买盘
2138,11:24:24,11.64,--,5,5820,买盘
2139,11:24:21,11.64,--,2,2328,买盘
2140,11:24:18,11.64,--,106,123384,买盘
2141,11:24:15,11.64,--,8,9312,买盘
2142,11:24:12,11.64,--,58,67512,买盘
2143,11:24:09,11.64,0.01,59,68676,买盘
2144,11:24:06,11.63,-0.01,4,4652,卖盘
2145,11:24:03,11.64,--,5,5820,买盘
2146,11:24:00,11.64,--,44,51216,买盘
2147,11:23:57,11.64,--,23,26772,买盘
2148,11:23:54,11.64,--,3,3492,买盘
2149,11:23:51,11.64,--,31,36084,买盘
2150,11:23:48,11.64,0.01,367,427188,买盘
2151,11:23:45,11.63,-0.01,101,117463,卖盘
2152,11:23:42,11.64,--,1,1164,买盘
2153,11:23:39,11.64,0.01,476,554064,买盘
2154,11:23:36,11.63,-0.01,366,425658,卖盘
2155,11:23:33,11.64,-0.01,240,279360,卖盘
2156,11:23:30,11.65,--,19,22135,买盘
2157,11:23:27,11.65,--,1,1165,买盘
2158,11:23:21,11.65,--,28,32620,买盘
2159,11:23:18,11.65,--,2,2330,买盘
2160,11:23:15,11.65,0.01,9,10485,买盘
2161,11:23:12,11.64,-0.01,402,467928,卖盘
2162,11:23:09,11.65,--,6,6990,买盘
2163,11:23:06,11.65,0.01,22,25630,买盘
2164,11:23:00,11.64,-0.01,13,15132,卖盘
2165,11:22:57,11.65,--,20,23300,买盘
2166,11:22:54,11.65,--,1,1165,买盘
2167,11:22:51,11.65,--,12,13980,买盘
2168,11:22:45,11.65,--,9,10485,买盘
2169,11:22:42,11.65,--,1,1165,买盘
2170,11:22:39,11.65,--,31,36115,买盘
2171,11:22:33,11.65,--,1,1165,买盘
2172,11:22:30,11.65,0.01,1,1165,买盘
2173,11:22:27,11.64,0.01,19,22116,买盘
2174,11:22:24,11.63,-0.01,22,25586,卖盘
2175,11:22:21,11.64,--,151,175764,买盘
2176,11:22:18,11.64,--,1,1164,买盘
2177,11:22:15,11.64,--,10,11640,买盘
2178,11:22:12,11.64,--,8,9312,买盘
2179,11:22:06,11.64,--,33,38412,买盘
2180,11:22:03,11.64,--,50,58200,买盘
2181,11:22:00,11.64,--,10,11640,买盘
2182,11:21:57,11.64,--,30,34920,买盘
2183,11:21:54,11.64,--,7,8148,买盘
2184,11:21:51,11.64,0.01,22,25608,买盘
2185,11:21:48,11.63,--,3,3489,卖盘
2186,11:21:45,11.63,--,3,3489,卖盘
2187,11:21:36,11.63,-0.01,2,3116,卖盘
2188,11:21:33,11.64,--,160,186240,买盘
2189,11:21:30,11.64,--,31,36084,买盘
2190,11:21:27,11.64,--,16,18624,买盘
2191,11:21:24,11.64,--,109,126876,买盘
2192,11:21:21,11.64,--,9,10476,买盘
2193,11:21:18,11.64,--,20,23280,买盘
2194,11:21:15,11.64,--,95,110580,买盘
2195,11:21:09,11.64,--,5,5820,买盘
2196,11:21:06,11.64,--,5,5820,买盘
2197,11:20:57,11.64,--,44,51216,买盘
2198,11:20:54,11.64,--,39,45396,买盘
2199,11:20:51,11.64,--,23,26772,买盘
2200,11:20:48,11.64,0.01,123,143172,买盘
2201,11:20:42,11.63,--,263,305869,卖盘
2202,11:20:39,11.63,-0.01,8,9304,卖盘
2203,11:20:36,11.64,--,18,20952,买盘
2204,11:20:33,11.64,--,20,23280,买盘
2205,11:20:30,11.64,--,1,1164,买盘
2206,11:20:27,11.64,--,1,1164,买盘
2207,11:20:24,11.64,--,11,12804,买盘
2208,11:20:21,11.64,--,99,115236,买盘
2209,11:20:18,11.64,--,3,3492,买盘
2210,11:20:15,11.64,--,2,2328,买盘
2211,11:20:12,11.64,--,1,1164,买盘
2212,11:20:06,11.64,--,20,23280,买盘
2213,11:20:03,11.64,--,35,40740,买盘
2214,11:19:57,11.64,--,14,16296,买盘
2215,11:19:54,11.64,--,15,17460,买盘
2216,11:19:48,11.64,--,52,60528,买盘
2217,11:19:45,11.64,--,29,33756,买盘
2218,11:19:42,11.64,--,1,1164,买盘
2219,11:19:36,11.64,0.01,19,22116,买盘
2220,11:19:33,11.63,--,43,50009,卖盘
2221,11:19:30,11.63,--,40,46520,卖盘
2222,11:19:27,11.63,-0.01,100,116300,卖盘
2223,11:19:24,11.64,--,6,6984,买盘
2224,11:19:21,11.64,--,20,23280,买盘
2225,11:19:18,11.64,--,11,12804,买盘
2226,11:19:15,11.64,--,19,22116,买盘
2227,11:19:12,11.64,--,1,1164,买盘
2228,11:19:06,11.64,0.01,7,8148,买盘
2229,11:19:00,11.63,-0.01,29,33727,卖盘
2230,11:18:57,11.64,-0.01,29,33756,买盘
2231,11:18:51,11.65,0.01,18,20970,买盘
2232,11:18:48,11.64,-0.01,11,12804,买盘
2233,11:18:45,11.65,0.01,73,85045,买盘
2234,11:18:42,11.64,--,316,367824,卖盘
2235,11:18:39,11.64,--,25,29100,卖盘
2236,11:18:36,11.64,--,25,29100,卖盘
2237,11:18:33,11.64,--,130,151320,卖盘
2238,11:18:30,11.64,-0.01,15,17460,卖盘
2239,11:18:27,11.65,0.01,87,101355,买盘
2240,11:18:24,11.64,--,4,4656,卖盘
2241,11:18:21,11.64,-0.01,21,24444,卖盘
2242,11:18:18,11.65,0.01,1,1165,买盘
2243,11:18:15,11.64,-0.01,2,2328,卖盘
2244,11:18:12,11.65,--,1,1165,买盘
2245,11:18:09,11.65,0.01,2,2330,买盘
2246,11:18:06,11.64,--,13,15132,卖盘
2247,11:18:03,11.64,-0.01,180,209520,卖盘
2248,11:18:00,11.65,0.01,10,11650,买盘
2249,11:17:57,11.64,--,18,20952,卖盘
2250,11:17:54,11.64,-0.01,48,55872,卖盘
2251,11:17:51,11.65,--,5,5825,买盘
2252,11:17:45,11.65,--,62,72230,买盘
2253,11:17:42,11.65,--,14,16310,买盘
2254,11:17:39,11.65,--,20,23300,买盘
2255,11:17:36,11.65,0.01,59,68735,买盘
2256,11:17:33,11.64,--,20,23280,卖盘
2257,11:17:27,11.64,-0.01,9,10476,卖盘
2258,11:17:24,11.65,0.01,1,1165,买盘
2259,11:17:18,11.64,--,32,37248,卖盘
2260,11:17:15,11.64,--,38,44232,卖盘
2261,11:17:12,11.64,-0.01,11,12804,卖盘
2262,11:17:09,11.65,--,9,10485,买盘
2263,11:17:06,11.65,0.01,56,65240,买盘
2264,11:17:03,11.64,-0.01,15,17460,卖盘
2265,11:17:00,11.65,--,16,18640,买盘
2266,11:16:57,11.65,0.01,20,23300,买盘
2267,11:16:48,11.64,--,101,117564,买盘
2268,11:16:45,11.64,--,208,242112,买盘
2269,11:16:42,11.64,--,12,13968,买盘
2270,11:16:39,11.64,--,59,68676,买盘
2271,11:16:36,11.64,--,8,9312,买盘
2272,11:16:33,11.64,--,18,20952,买盘
2273,11:16:24,11.64,--,184,214176,买盘
2274,11:16:21,11.64,--,10,11640,买盘
2275,11:16:18,11.64,--,2,2328,买盘
2276,11:16:15,11.64,--,16,18624,买盘
2277,11:16:09,11.64,0.01,94,109416,买盘
2278,11:16:06,11.63,-0.01,1,1163,卖盘
2279,11:16:03,11.64,--,9,10476,买盘
2280,11:15:57,11.64,--,16,18624,买盘
2281,11:15:51,11.64,--,47,54708,买盘
2282,11:15:48,11.64,--,11,12804,买盘
2283,11:15:45,11.64,--,9,10476,买盘
2284,11:15:39,11.64,--,35,40740,买盘
2285,11:15:36,11.64,--,107,124548,买盘
2286,11:15:30,11.64,--,45,52380,买盘
2287,11:15:24,11.64,--,100,116400,买盘
2288,11:15:21,11.64,--,9,10476,买盘
2289,11:15:18,11.64,--,35,40740,买盘
2290,11:15:15,11.64,--,10,11640,买盘
2291,11:15:12,11.64,--,1,1164,买盘
2292,11:15:09,11.64,0.01,8,9312,买盘
2293,11:15:06,11.63,-0.01,11,12793,卖盘
2294,11:15:03,11.64,--,26,30264,买盘
2295,11:14:57,11.64,--,16,18624,买盘
2296,11:14:54,11.64,--,196,228144,卖盘
2297,11:14:51,11.64,--,32,37248,卖盘
2298,11:14:48,11.64,--,15,17460,卖盘
2299,11:14:45,11.64,-0.01,57,66348,卖盘
2300,11:14:42,11.65,0.01,96,111840,买盘
2301,11:14:39,11.64,--,46,53544,卖盘
2302,11:14:33,11.64,--,16,18624,卖盘
2303,11:14:30,11.64,-0.01,10,11640,卖盘
2304,11:14:27,11.65,0.01,10,11650,买盘
2305,11:14:24,11.64,--,40,46560,卖盘
2306,11:14:21,11.64,-0.01,1059,1232676,卖盘
2307,11:14:18,11.65,--,2,2330,买盘
2308,11:14:15,11.65,0.01,2,2330,买盘
2309,11:14:12,11.64,-0.01,14,16296,卖盘
2310,11:14:09,11.65,--,2,2330,买盘
2311,11:14:03,11.65,0.01,50,58250,买盘
2312,11:14:00,11.64,--,12,13968,卖盘
2313,11:13:57,11.64,-0.01,14,16296,卖盘
2314,11:13:54,11.65,0.01,10,11650,买盘
2315,11:13:51,11.64,--,16,18624,卖盘
2316,11:13:48,11.64,--,767,892788,买盘
2317,11:13:45,11.64,--,14,16296,买盘
2318,11:13:42,11.64,--,27,31428,买盘
2319,11:13:39,11.64,--,30,34920,买盘
2320,11:13:36,11.64,--,143,166452,买盘
2321,11:13:33,11.64,0.01,500,582000,买盘
2322,11:13:30,11.63,-0.01,27,31401,卖盘
2323,11:13:27,11.64,0.02,478,556613,买盘
2324,11:13:24,11.62,-0.01,11,12782,卖盘
2325,11:13:21,11.63,--,1,1163,买盘
2326,11:13:18,11.63,--,15,17445,买盘
2327,11:13:15,11.63,--,16,18608,买盘
2328,11:13:09,11.63,0.01,60,69780,买盘
2329,11:13:03,11.62,-0.01,8,9296,卖盘
2330,11:13:00,11.63,--,4,4652,买盘
2331,11:12:57,11.63,-0.01,440,512662,卖盘
2332,11:12:54,11.64,--,111,129204,买盘
2333,11:12:51,11.64,--,1,1164,买盘
2334,11:12:48,11.64,0.01,172,200208,买盘
2335,11:12:45,11.63,-0.01,13,15119,卖盘
2336,11:12:42,11.64,0.01,16,18624,买盘
2337,11:12:36,11.63,0.01,1867,2171541,买盘
2338,11:12:33,11.62,--,53,61585,买盘
2339,11:12:30,11.62,--,9,10458,买盘
2340,11:12:24,11.62,--,10,11620,买盘
2341,11:12:21,11.62,--,201,233561,买盘
2342,11:12:18,11.62,0.01,2,2324,买盘
2343,11:12:12,11.61,-0.01,5,5805,卖盘
2344,11:12:09,11.62,0.01,1,1162,买盘
2345,11:12:06,11.61,--,968,1123848,买盘
2346,11:12:00,11.61,0.01,10,11610,买盘
2347,11:11:57,11.6,-0.01,15,17400,卖盘
2348,11:11:54,11.61,--,2,2322,买盘
2349,11:11:51,11.61,--,5,5805,买盘
2350,11:11:48,11.61,--,18,20898,买盘
2351,11:11:42,11.61,--,7,8127,买盘
2352,11:11:39,11.61,--,16,18576,买盘
2353,11:11:36,11.61,--,24,27864,买盘
2354,11:11:24,11.61,--,1,1161,买盘
2355,11:11:21,11.61,--,1,1161,买盘
2356,11:11:18,11.61,--,4,4644,买盘
2357,11:11:15,11.61,--,1,1161,买盘
2358,11:11:12,11.61,--,1,1161,买盘
2359,11:11:06,11.61,--,15,17415,买盘
2360,11:11:03,11.61,--,1,1161,买盘
2361,11:11:00,11.61,0.01,13,15093,买盘
2362,11:10:57,11.6,-0.01,13,15080,卖盘
2363,11:10:51,11.61,--,1,1161,买盘
2364,11:10:48,11.61,0.01,16,18576,买盘
2365,11:10:45,11.6,-0.01,1,1160,卖盘
2366,11:10:42,11.61,--,2,2322,买盘
2367,11:10:39,11.61,--,7,8127,买盘
2368,11:10:36,11.61,--,12,13932,买盘
2369,11:10:33,11.61,--,12,13932,买盘
2370,11:10:30,11.61,0.01,1,1161,买盘
2371,11:10:27,11.6,0.01,93,107880,买盘
2372,11:10:24,11.59,-0.01,18,20862,卖盘
2373,11:10:21,11.6,--,101,117160,买盘
2374,11:10:18,11.6,--,1,1160,买盘
2375,11:10:09,11.6,--,33,38280,买盘
2376,11:10:06,11.6,--,3,3480,买盘
2377,11:10:03,11.6,0.01,20,23200,买盘
2378,11:09:57,11.59,-0.01,13,15067,卖盘
2379,11:09:54,11.6,--,6,6960,买盘
2380,11:09:51,11.6,--,9,10440,买盘
2381,11:09:48,11.6,--,35,40600,买盘
2382,11:09:45,11.6,-0.01,127,147320,卖盘
2383,11:09:39,11.61,--,18,20898,买盘
2384,11:09:36,11.61,--,19,22059,买盘
2385,11:09:33,11.61,--,1,1161,买盘
2386,11:09:27,11.61,0.01,10,11610,买盘
2387,11:09:24,11.6,--,2,2320,卖盘
2388,11:09:21,11.6,--,3,3480,卖盘
2389,11:09:18,11.6,-0.01,1,1160,卖盘
2390,11:09:15,11.61,0.01,15,17415,买盘
2391,11:09:12,11.6,-0.01,693,803880,卖盘
2392,11:09:03,11.61,--,3,3483,买盘
2393,11:09:00,11.61,--,39,45279,买盘
2394,11:08:57,11.61,--,20,23220,买盘
2395,11:08:45,11.61,--,9,10449,买盘
2396,11:08:39,11.61,--,101,117261,买盘
2397,11:08:36,11.61,--,6,6966,买盘
2398,11:08:33,11.61,0.01,13,15093,买盘
2399,11:08:27,11.6,--,53,61480,卖盘
2400,11:08:24,11.6,-0.01,10,11600,卖盘
2401,11:08:18,11.61,--,1,1161,买盘
2402,11:08:15,11.61,0.01,17,19737,买盘
2403,11:08:12,11.6,--,15,17400,卖盘
2404,11:08:09,11.6,-0.01,23,26680,卖盘
2405,11:08:06,11.61,--,38,44118,买盘
2406,11:08:00,11.61,--,2,2322,买盘
2407,11:07:57,11.61,--,14,16254,买盘
2408,11:07:54,11.61,--,15,17415,买盘
2409,11:07:51,11.61,0.01,23,26703,买盘
2410,11:07:48,11.6,-0.01,1,1160,卖盘
2411,11:07:45,11.61,--,1,1161,买盘
2412,11:07:39,11.61,--,1,1161,买盘
2413,11:07:36,11.61,--,7,8127,买盘
2414,11:07:33,11.61,0.01,14,16254,买盘
2415,11:07:30,11.6,-0.01,11,12760,卖盘
2416,11:07:27,11.61,--,1,1161,买盘
2417,11:07:21,11.61,--,20,23220,买盘
2418,11:07:18,11.61,--,2,2322,买盘
2419,11:07:12,11.61,--,1,1161,买盘
2420,11:07:09,11.61,--,1,1161,买盘
2421,11:07:06,11.61,0.01,3,3483,买盘
2422,11:07:03,11.6,--,10,11600,卖盘
2423,11:07:00,11.6,-0.01,3,3480,卖盘
2424,11:06:57,11.61,--,19,22059,买盘
2425,11:06:54,11.61,--,22,25542,买盘
2426,11:06:51,11.61,--,33,38313,买盘
2427,11:06:48,11.61,0.01,1,1161,买盘
2428,11:06:42,11.6,-0.01,30,34800,卖盘
2429,11:06:39,11.61,--,4,4644,买盘
2430,11:06:33,11.61,0.01,6,6966,买盘
2431,11:06:30,11.6,-0.01,53,61480,卖盘
2432,11:06:27,11.61,--,1,1161,买盘
2433,11:06:24,11.61,--,9,10449,买盘
2434,11:06:15,11.61,--,1,1161,买盘
2435,11:06:09,11.61,--,1,1161,买盘
2436,11:06:06,11.61,0.01,2,2322,买盘
2437,11:06:03,11.6,--,10,11600,卖盘
2438,11:06:00,11.6,--,9,10440,卖盘
2439,11:05:57,11.6,-0.01,16,18560,卖盘
2440,11:05:54,11.61,0.01,10,11610,买盘
2441,11:05:45,11.6,-0.01,1,1160,卖盘
2442,11:05:42,11.61,--,1,1161,买盘
2443,11:05:39,11.61,0.01,1,1161,买盘
2444,11:05:36,11.6,-0.01,50,58000,卖盘
2445,11:05:33,11.61,--,91,105651,买盘
2446,11:05:30,11.61,0.01,30,34830,买盘
2447,11:05:27,11.6,--,2,2320,卖盘
2448,11:05:24,11.6,-0.01,2,2320,卖盘
2449,11:05:21,11.61,--,1,1161,买盘
2450,11:05:18,11.61,--,14,16254,买盘
2451,11:05:12,11.61,--,19,22059,买盘
2452,11:05:06,11.61,--,2,2322,买盘
2453,11:05:00,11.61,0.01,14,16254,买盘
2454,11:04:57,11.6,-0.01,18,20880,卖盘
2455,11:04:51,11.61,--,1,1161,买盘
2456,11:04:48,11.61,0.01,1,1161,买盘
2457,11:04:45,11.6,-0.01,3,3480,卖盘
2458,11:04:36,11.61,--,9,10449,买盘
2459,11:04:30,11.61,0.01,7,8127,买盘
2460,11:04:27,11.6,--,35,40600,卖盘
2461,11:04:24,11.6,-0.01,2,2320,卖盘
2462,11:04:18,11.61,--,2,2322,买盘
2463,11:04:09,11.61,0.01,8,9288,买盘
2464,11:04:06,11.6,-0.01,14,16240,卖盘
2465,11:04:03,11.61,--,33,38313,买盘
2466,11:03:57,11.61,--,24,27864,买盘
2467,11:03:54,11.61,--,23,26703,买盘
2468,11:03:51,11.61,0.01,1,1161,买盘
2469,11:03:39,11.6,-0.01,1,1160,卖盘
2470,11:03:36,11.61,0.01,10,11610,买盘
2471,11:03:33,11.6,-0.01,3,3480,卖盘
2472,11:03:27,11.61,0.01,20,23220,买盘
2473,11:03:18,11.6,-0.01,16,18560,卖盘
2474,11:03:09,11.61,--,9,10449,买盘
2475,11:03:06,11.61,--,13,15093,买盘
2476,11:02:57,11.61,--,23,26703,买盘
2477,11:02:54,11.61,--,120,139320,买盘
2478,11:02:48,11.61,--,9,10449,买盘
2479,11:02:45,11.61,--,8,9288,买盘
2480,11:02:42,11.61,--,145,168345,买盘
2481,11:02:39,11.61,0.01,204,236844,买盘
2482,11:02:30,11.6,--,23,26680,卖盘
2483,11:02:27,11.6,-0.01,56,64960,卖盘
2484,11:02:24,11.61,--,13,15093,买盘
2485,11:02:21,11.61,--,10,11610,买盘
2486,11:02:18,11.61,--,2,2322,买盘
2487,11:02:15,11.61,--,9,10449,买盘
2488,11:02:12,11.61,--,16,18576,买盘
2489,11:02:09,11.61,--,43,49923,买盘
2490,11:02:06,11.61,0.01,2,2322,买盘
2491,11:02:03,11.6,--,40,46400,卖盘
2492,11:01:57,11.6,--,13,15080,卖盘
2493,11:01:45,11.6,--,10,11600,卖盘
2494,11:01:39,11.6,-0.01,9,10440,卖盘
2495,11:01:36,11.61,--,15,17415,买盘
2496,11:01:27,11.61,--,34,39474,买盘
2497,11:01:24,11.61,--,268,311148,卖盘
2498,11:01:21,11.61,--,3,3483,卖盘
2499,11:01:18,11.61,-0.01,11,12771,卖盘
2500,11:01:15,11.62,--,9,10458,买盘
2501,11:01:12,11.62,0.01,15,17430,买盘
2502,11:01:09,11.61,-0.01,51,59211,卖盘
2503,11:01:06,11.62,--,44,51128,买盘
2504,11:01:00,11.62,0.01,3,3485,买盘
2505,11:00:57,11.61,-0.01,22,25542,卖盘
2506,11:00:51,11.62,--,50,58099,买盘
2507,11:00:48,11.62,--,1,1162,买盘
2508,11:00:45,11.62,--,1,1162,买盘
2509,11:00:42,11.62,--,26,30211,买盘
2510,11:00:39,11.62,--,1,1162,买盘
2511,11:00:30,11.62,--,5,5810,买盘
2512,11:00:27,11.62,0.01,111,128981,买盘
2513,11:00:24,11.61,-0.01,20,23220,卖盘
2514,11:00:21,11.62,--,10,11620,买盘
2515,11:00:18,11.62,--,20,23240,买盘
2516,11:00:12,11.62,--,10,11620,买盘
2517,11:00:09,11.62,--,21,24402,买盘
2518,11:00:03,11.62,--,54,62747,买盘
2519,11:00:00,11.62,0.01,1,1162,买盘
2520,10:59:57,11.61,-0.01,13,15093,卖盘
2521,10:59:54,11.62,0.01,69,80178,买盘
2522,10:59:51,11.61,--,73,84753,卖盘
2523,10:59:48,11.61,-0.01,8,9288,卖盘
2524,10:59:42,11.62,0.01,11,12782,买盘
2525,10:59:27,11.61,--,2,2322,卖盘
2526,10:59:24,11.61,-0.01,27,31347,卖盘
2527,10:59:21,11.62,--,15,17430,买盘
2528,10:59:18,11.62,--,54,62747,买盘
2529,10:59:15,11.62,--,27,31373,买盘
2530,10:59:12,11.62,0.01,1,1162,买盘
2531,10:59:09,11.61,-0.01,3,3483,卖盘
2532,10:59:06,11.62,--,3,3485,买盘
2533,10:59:03,11.62,--,25,29049,买盘
2534,10:59:00,11.62,0.01,3,3485,买盘
2535,10:58:57,11.61,-0.01,14,16254,卖盘
2536,10:58:54,11.62,--,37,42994,买盘
2537,10:58:51,11.62,--,145,168490,买盘
2538,10:58:48,11.62,--,1,1162,买盘
2539,10:58:39,11.62,--,24,27887,买盘
2540,10:58:36,11.62,--,80,92960,买盘
2541,10:58:30,11.62,--,9,10458,买盘
2542,10:58:27,11.62,--,258,299796,买盘
2543,10:58:24,11.62,--,90,104580,买盘
2544,10:58:21,11.62,-0.01,220,256581,卖盘
2545,10:58:18,11.63,0.01,19,22097,买盘
2546,10:58:15,11.62,--,237,275614,买盘
2547,10:58:12,11.62,-0.01,263,306547,卖盘
2548,10:58:09,11.63,0.01,1,1163,买盘
2549,10:58:06,11.62,-0.01,6,6971,卖盘
2550,10:58:03,11.63,0.01,2,2326,买盘
2551,10:58:00,11.62,--,23,26726,卖盘
2552,10:57:57,11.62,--,63,73206,卖盘
2553,10:57:48,11.62,--,139,161738,买盘
2554,10:57:45,11.62,--,6,6971,买盘
2555,10:57:42,11.62,--,50,58099,买盘
2556,10:57:39,11.62,--,12,13943,买盘
2557,10:57:36,11.62,--,302,350924,买盘
2558,10:57:33,11.62,--,211,245181,买盘
2559,10:57:30,11.62,--,75,87150,买盘
2560,10:57:27,11.62,--,13,15105,买盘
2561,10:57:24,11.62,--,1,1162,买盘
2562,10:57:21,11.62,--,14,16267,买盘
2563,10:57:18,11.62,--,17,19754,买盘
2564,10:57:12,11.62,--,1,1162,买盘
2565,10:57:09,11.62,--,1067,1239854,买盘
2566,10:57:06,11.62,--,9,10458,买盘
2567,10:57:03,11.62,--,7,8133,买盘
2568,10:57:00,11.62,0.01,1,1162,买盘
2569,10:56:57,11.61,-0.01,13,15093,卖盘
2570,10:56:48,11.62,0.01,9,10458,买盘
2571,10:56:45,11.61,-0.01,1,1161,卖盘
2572,10:56:39,11.62,--,16,18592,买盘
2573,10:56:36,11.62,--,10,11620,买盘
2574,10:56:33,11.62,--,37,42994,买盘
2575,10:56:30,11.62,--,3,3485,买盘
2576,10:56:24,11.62,--,37,42994,买盘
2577,10:56:21,11.62,--,1,1162,买盘
2578,10:56:18,11.62,--,8,9296,买盘
2579,10:56:15,11.62,--,14,16267,买盘
2580,10:56:12,11.62,--,20,23240,买盘
2581,10:56:09,11.62,--,9,10458,买盘
2582,10:56:06,11.62,--,66,76692,买盘
2583,10:56:03,11.62,--,2,2324,买盘
2584,10:56:00,11.62,0.01,53,61585,买盘
2585,10:55:57,11.61,-0.01,56,65016,卖盘
2586,10:55:54,11.62,--,37,42994,买盘
2587,10:55:45,11.62,--,1,1162,买盘
2588,10:55:42,11.62,0.01,67,77854,买盘
2589,10:55:39,11.61,--,22,25542,卖盘
2590,10:55:24,11.61,-0.01,23,26703,卖盘
2591,10:55:21,11.62,--,2,2324,买盘
2592,10:55:18,11.62,--,10,11620,买盘
2593,10:55:15,11.62,--,69,80178,买盘
2594,10:55:12,11.62,0.01,14,16267,买盘
2595,10:55:09,11.61,-0.01,1,1161,卖盘
2596,10:55:06,11.62,0.01,2,2324,买盘
2597,10:55:00,11.61,--,5,5805,卖盘
2598,10:54:57,11.61,-0.01,13,15093,卖盘
2599,10:54:54,11.62,--,21,24402,买盘
2600,10:54:48,11.62,--,43,49966,买盘
2601,10:54:45,11.62,0.01,9,10458,买盘
2602,10:54:42,11.61,--,11,12771,卖盘
2603,10:54:39,11.61,--,3,3483,卖盘
2604,10:54:27,11.61,-0.01,3,3483,卖盘
2605,10:54:24,11.62,0.01,4,4648,买盘
2606,10:54:18,11.61,-0.01,95,110295,卖盘
2607,10:54:15,11.62,--,22,25564,买盘
2608,10:54:12,11.62,--,1,1162,买盘
2609,10:54:06,11.62,--,4,4648,买盘
2610,10:54:00,11.62,--,9,10458,买盘
2611,10:53:57,11.62,0.01,36,41832,买盘
2612,10:53:51,11.61,-0.01,34,39474,卖盘
2613,10:53:48,11.62,--,1,1162,买盘
2614,10:53:39,11.62,--,1,1162,买盘
2615,10:53:30,11.62,0.01,19,22078,买盘
2616,10:53:27,11.61,-0.01,24,27864,卖盘
2617,10:53:21,11.62,--,32,37184,买盘
2618,10:53:18,11.62,--,10,11620,买盘
2619,10:53:15,11.62,--,11,12782,买盘
2620,10:53:12,11.62,--,30,34860,买盘
2621,10:53:09,11.62,0.02,2932,3406984,买盘
2622,10:53:03,11.6,--,2,2320,买盘
2623,10:53:00,11.6,0.01,1,1160,买盘
2624,10:52:57,11.59,-0.01,13,15067,卖盘
2625,10:52:54,11.6,--,9,10440,买盘
2626,10:52:51,11.6,--,34,39440,买盘
2627,10:52:48,11.6,--,91,105560,买盘
2628,10:52:45,11.6,0.01,6,6960,买盘
2629,10:52:42,11.59,-0.01,3,3477,卖盘
2630,10:52:39,11.6,--,1,1160,买盘
2631,10:52:36,11.6,--,51,59160,买盘
2632,10:52:27,11.6,--,2,2320,买盘
2633,10:52:24,11.6,--,10,11600,买盘
2634,10:52:21,11.6,--,10,11600,买盘
2635,10:52:18,11.6,--,5,5800,买盘
2636,10:52:15,11.6,--,10,11600,买盘
2637,10:52:12,11.6,--,14,16240,买盘
2638,10:52:09,11.6,--,1,1160,买盘
2639,10:52:03,11.6,0.01,2,2320,买盘
2640,10:52:00,11.59,--,22,25498,卖盘
2641,10:51:57,11.59,-0.01,13,15067,卖盘
2642,10:51:54,11.6,--,9,10440,买盘
2643,10:51:51,11.6,0.01,8,9280,买盘
2644,10:51:48,11.59,-0.01,79,91561,卖盘
2645,10:51:45,11.6,0.01,4,4640,买盘
2646,10:51:39,11.59,-0.01,65,75335,卖盘
2647,10:51:33,11.6,--,221,256360,买盘
2648,10:51:30,11.6,--,562,651920,买盘
2649,10:51:27,11.6,0.01,16,18560,买盘
2650,10:51:24,11.59,-0.01,21,24339,卖盘
2651,10:51:21,11.6,--,6,6960,买盘
2652,10:51:18,11.6,--,16,18560,买盘
2653,10:51:15,11.6,--,24,27840,买盘
2654,10:51:12,11.6,--,9,10440,买盘
2655,10:51:09,11.6,--,13,15080,买盘
2656,10:51:06,11.6,-0.01,64,74240,卖盘
2657,10:51:03,11.61,0.01,17,19737,买盘
2658,10:51:00,11.6,--,16,18560,卖盘
2659,10:50:57,11.6,--,14,16240,卖盘
2660,10:50:51,11.6,0.01,495,574200,买盘
2661,10:50:45,11.59,-0.01,10,11590,卖盘
2662,10:50:42,11.6,0.01,5,5800,买盘
2663,10:50:36,11.59,-0.01,7,8113,卖盘
2664,10:50:33,11.6,--,9,10440,买盘
2665,10:50:30,11.6,--,15,17400,买盘
2666,10:50:27,11.6,0.01,8,9280,买盘
2667,10:50:24,11.59,-0.01,2,2318,卖盘
2668,10:50:21,11.6,0.01,22,25520,买盘
2669,10:50:18,11.59,-0.01,4,4636,卖盘
2670,10:50:12,11.6,--,5,5800,买盘
2671,10:50:09,11.6,--,34,39440,买盘
2672,10:50:06,11.6,--,9,10440,买盘
2673,10:50:00,11.6,--,2,2320,买盘
2674,10:49:57,11.6,0.01,30,34800,买盘
2675,10:49:54,11.59,-0.01,4,4636,卖盘
2676,10:49:33,11.6,--,9,10440,买盘
2677,10:49:30,11.6,--,22,25520,买盘
2678,10:49:24,11.6,--,1,1160,买盘
2679,10:49:21,11.6,--,16,18560,买盘
2680,10:49:12,11.6,--,28,32480,买盘
2681,10:49:09,11.6,--,16,18560,买盘
2682,10:49:06,11.6,--,711,824760,卖盘
2683,10:49:03,11.6,-0.01,39,45240,卖盘
2684,10:49:00,11.61,0.01,7,8127,买盘
2685,10:48:57,11.6,--,61,70760,卖盘
2686,10:48:54,11.6,-0.01,3,3480,卖盘
2687,10:48:42,11.61,--,26,30186,买盘
2688,10:48:39,11.61,0.01,210,243810,买盘
2689,10:48:18,11.6,-0.01,102,118320,卖盘
2690,10:48:15,11.61,--,10,11610,买盘
2691,10:48:09,11.61,--,6,6966,买盘
2692,10:48:06,11.61,--,16,18576,买盘
2693,10:48:03,11.61,--,20,23220,买盘
2694,10:47:57,11.61,--,29,33669,买盘
2695,10:47:54,11.61,--,1,1161,买盘
2696,10:47:51,11.61,--,26,30186,买盘
2697,10:47:48,11.61,0.01,10,11610,买盘
2698,10:47:45,11.6,--,201,233160,卖盘
2699,10:47:42,11.6,-0.01,11,12760,卖盘
2700,10:47:39,11.61,--,68,78948,买盘
2701,10:47:33,11.61,--,16,18576,买盘
2702,10:47:21,11.61,--,70,81270,买盘
2703,10:47:18,11.61,--,5,5805,买盘
2704,10:47:15,11.61,--,9,10449,买盘
2705,10:47:12,11.61,--,1,1161,买盘
2706,10:47:09,11.61,--,23,26703,买盘
2707,10:47:06,11.61,--,147,170667,买盘
2708,10:47:03,11.61,--,14,16254,买盘
2709,10:47:00,11.61,0.01,31,35991,买盘
2710,10:46:57,11.6,-0.01,14,16240,卖盘
2711,10:46:51,11.61,0.01,11,12771,买盘
2712,10:46:48,11.6,-0.01,4,4640,卖盘
2713,10:46:42,11.61,--,5,5805,买盘
2714,10:46:39,11.61,--,8,9288,买盘
2715,10:46:36,11.61,0.01,37,42957,买盘
2716,10:46:27,11.6,--,2,2320,卖盘
2717,10:46:24,11.6,-0.01,1,1160,卖盘
2718,10:46:21,11.61,--,18,20898,买盘
2719,10:46:18,11.61,--,2,2322,买盘
2720,10:46:09,11.61,--,2,2322,买盘
2721,10:46:06,11.61,--,10,11610,买盘
2722,10:46:03,11.61,0.01,25,29025,买盘
2723,10:46:00,11.6,--,5,5800,卖盘
2724,10:45:57,11.6,-0.01,70,81200,卖盘
2725,10:45:54,11.61,0.01,10,11610,买盘
2726,10:45:51,11.6,--,10,11600,卖盘
2727,10:45:48,11.6,-0.01,49,56840,卖盘
2728,10:45:42,11.61,--,10,11610,买盘
2729,10:45:39,11.61,0.01,313,363393,买盘
2730,10:45:36,11.6,--,1,1160,卖盘
2731,10:45:27,11.6,-0.01,25,29000,卖盘
2732,10:45:24,11.61,--,27,31347,买盘
2733,10:45:21,11.61,--,184,213624,买盘
2734,10:45:18,11.61,--,30,34830,买盘
2735,10:45:12,11.61,--,21,24381,买盘
2736,10:45:09,11.61,0.01,7,8127,买盘
2737,10:45:06,11.6,-0.01,22,25520,卖盘
2738,10:45:03,11.61,--,13,15093,买盘
2739,10:44:57,11.61,--,91,105651,买盘
2740,10:44:54,11.61,0.01,58,67338,买盘
2741,10:44:48,11.6,--,19,22040,卖盘
2742,10:44:39,11.6,-0.01,7,8120,卖盘
2743,10:44:36,11.61,0.01,1,1161,买盘
2744,10:44:30,11.6,-0.01,61,70760,卖盘
2745,10:44:27,11.61,--,20,23220,买盘
2746,10:44:24,11.61,0.01,13,15093,买盘
2747,10:44:21,11.6,-0.01,10,11600,卖盘
2748,10:44:18,11.61,--,2,2322,买盘
2749,10:44:15,11.61,0.01,1,1161,买盘
2750,10:44:12,11.6,-0.01,89,103240,卖盘
2751,10:44:09,11.61,--,6,6966,买盘
2752,10:44:06,11.61,--,39,45279,买盘
2753,10:44:03,11.61,--,60,69660,买盘
2754,10:44:00,11.61,0.01,96,111456,买盘
2755,10:43:57,11.6,-0.01,24,27840,卖盘
2756,10:43:54,11.61,0.01,4,4644,买盘
2757,10:43:51,11.6,-0.01,1,1160,卖盘
2758,10:43:48,11.61,0.01,11,12771,买盘
2759,10:43:45,11.6,--,2,2320,卖盘
2760,10:43:42,11.6,-0.01,6,6960,卖盘
2761,10:43:39,11.61,0.01,8,9288,买盘
2762,10:43:36,11.6,--,576,668160,买盘
2763,10:43:30,11.6,0.01,52,60320,买盘
2764,10:43:24,11.59,--,20,23180,卖盘
2765,10:43:21,11.59,--,233,270696,买盘
2766,10:43:18,11.59,--,69,79971,买盘
2767,10:43:15,11.59,0.01,61,70699,买盘
2768,10:43:12,11.58,--,204,236232,卖盘
2769,10:43:09,11.58,-0.01,3,3474,卖盘
2770,10:43:06,11.59,--,16,18544,买盘
2771,10:43:03,11.59,--,2,2318,买盘
2772,10:43:00,11.59,0.01,27,31293,买盘
2773,10:42:57,11.58,-0.01,13,15054,卖盘
2774,10:42:51,11.59,--,71,82289,买盘
2775,10:42:48,11.59,0.01,10,11590,买盘
2776,10:42:45,11.58,--,1,1158,卖盘
2777,10:42:39,11.58,-0.01,7,8106,卖盘
2778,10:42:36,11.59,--,5,5795,买盘
2779,10:42:33,11.59,--,41,47519,买盘
2780,10:42:21,11.59,--,3,3477,买盘
2781,10:42:15,11.59,--,1,1159,买盘
2782,10:42:12,11.59,0.01,10,11590,买盘
2783,10:42:09,11.58,--,20,23160,卖盘
2784,10:42:06,11.58,--,20,23160,卖盘
2785,10:42:03,11.58,-0.01,58,67164,卖盘
2786,10:42:00,11.59,--,19,22021,买盘
2787,10:41:57,11.59,--,26,30134,买盘
2788,10:41:54,11.59,0.01,32,37088,买盘
2789,10:41:48,11.58,-0.01,1,1158,卖盘
2790,10:41:42,11.59,--,10,11590,买盘
2791,10:41:39,11.59,--,9,10431,买盘
2792,10:41:36,11.59,0.01,50,57950,买盘
2793,10:41:24,11.58,--,1,1158,卖盘
2794,10:41:21,11.58,-0.01,23,26634,卖盘
2795,10:41:18,11.59,--,2,2318,买盘
2796,10:41:15,11.59,0.01,9,10431,买盘
2797,10:41:12,11.58,-0.01,4,4632,卖盘
2798,10:41:09,11.59,--,1,1159,买盘
2799,10:41:03,11.59,--,9,10431,买盘
2800,10:41:00,11.59,0.01,12,13908,买盘
2801,10:40:57,11.58,-0.01,14,16212,卖盘
2802,10:40:54,11.59,--,26,30134,买盘
2803,10:40:51,11.59,0.01,1,1159,买盘
2804,10:40:45,11.58,--,12,13896,卖盘
2805,10:40:42,11.58,-0.01,50,57900,卖盘
2806,10:40:39,11.59,0.01,1,1159,买盘
2807,10:40:36,11.58,--,205,237390,卖盘
2808,10:40:33,11.58,-0.01,4,4632,卖盘
2809,10:40:18,11.59,--,18,20862,买盘
2810,10:40:15,11.59,--,9,10431,买盘
2811,10:40:12,11.59,--,2,2318,买盘
2812,10:40:09,11.59,--,1,1159,买盘
2813,10:40:06,11.59,--,4,4636,买盘
2814,10:40:03,11.59,--,1,1159,买盘
