,time,price,change,volume,amount,type
0,15:00:03,7.45,--,7749,5773005,买盘
1,14:57:00,7.45,0.01,221,164645,买盘
2,14:56:57,7.44,-0.01,417,310248,卖盘
3,14:56:54,7.45,--,402,299490,买盘
4,14:56:51,7.45,0.01,223,166135,买盘
5,14:56:48,7.44,-0.01,167,124248,卖盘
6,14:56:45,7.45,0.01,153,113985,买盘
7,14:56:42,7.44,--,107,79608,卖盘
8,14:56:39,7.44,-0.01,177,131688,卖盘
9,14:56:36,7.45,--,45,33525,买盘
10,14:56:33,7.45,0.01,49,36505,买盘
11,14:56:30,7.44,-0.01,35,26040,卖盘
12,14:56:27,7.45,0.01,68,50660,买盘
13,14:56:24,7.44,--,2,1488,卖盘
14,14:56:21,7.44,-0.01,216,160704,卖盘
15,14:56:18,7.45,0.01,434,323330,买盘
16,14:56:15,7.44,-0.01,196,145824,卖盘
17,14:56:12,7.45,0.01,317,236165,买盘
18,14:56:09,7.44,-0.01,83,61752,卖盘
19,14:56:06,7.45,--,786,585570,买盘
20,14:56:03,7.45,--,58,43210,买盘
21,14:56:00,7.45,--,176,131120,买盘
22,14:55:57,7.45,0.01,280,208600,买盘
23,14:55:54,7.44,-0.01,89,66216,卖盘
24,14:55:51,7.45,0.01,912,679440,买盘
25,14:55:48,7.44,-0.01,1393,1036392,卖盘
26,14:55:45,7.45,--,1496,1114520,买盘
27,14:55:42,7.45,0.01,136,101320,买盘
28,14:55:39,7.44,--,154,114576,卖盘
29,14:55:36,7.44,--,1090,810960,卖盘
30,14:55:33,7.44,-0.01,129,95976,卖盘
31,14:55:30,7.45,--,316,235420,买盘
32,14:55:27,7.45,0.01,1030,767350,买盘
33,14:55:24,7.44,-0.01,51,37944,卖盘
34,14:55:21,7.45,--,1000,745000,买盘
35,14:55:18,7.45,--,350,260750,买盘
36,14:55:15,7.45,--,53,39485,买盘
37,14:55:12,7.45,--,216,160920,买盘
38,14:55:09,7.45,--,56,41720,买盘
39,14:55:06,7.45,--,35,26075,买盘
40,14:55:03,7.45,0.01,346,257770,买盘
41,14:55:00,7.44,-0.01,146,108624,卖盘
42,14:54:57,7.45,--,85,63325,买盘
43,14:54:54,7.45,--,26,19370,买盘
44,14:54:51,7.45,--,110,81950,买盘
45,14:54:48,7.45,--,70,52150,买盘
46,14:54:45,7.45,--,165,122925,买盘
47,14:54:42,7.45,0.01,68,50660,买盘
48,14:54:39,7.44,--,189,140616,卖盘
49,14:54:36,7.44,-0.01,154,114576,卖盘
50,14:54:33,7.45,--,24,17880,买盘
51,14:54:30,7.45,0.01,93,69285,买盘
52,14:54:27,7.44,-0.01,745,554280,卖盘
53,14:54:24,7.45,--,270,201150,买盘
54,14:54:21,7.45,0.01,1303,970735,买盘
55,14:54:18,7.44,-0.01,136,101184,卖盘
56,14:54:15,7.45,0.01,28,20860,买盘
57,14:54:12,7.44,-0.01,225,167846,卖盘
58,14:54:09,7.45,--,128,95360,买盘
59,14:54:06,7.45,--,140,104300,买盘
60,14:54:03,7.45,--,99,73755,买盘
61,14:54:00,7.45,0.01,30,22350,买盘
62,14:53:57,7.44,-0.01,186,138384,卖盘
63,14:53:54,7.45,0.01,41,30545,买盘
64,14:53:51,7.44,--,108,80352,卖盘
65,14:53:48,7.44,--,358,266352,卖盘
66,14:53:45,7.44,-0.01,83,61752,卖盘
67,14:53:42,7.45,--,45,33525,买盘
68,14:53:39,7.45,--,336,250320,买盘
69,14:53:36,7.45,--,29,21605,买盘
70,14:53:33,7.45,0.01,591,440295,买盘
71,14:53:30,7.44,--,7,5208,卖盘
72,14:53:27,7.44,-0.01,113,84072,卖盘
73,14:53:24,7.45,0.01,12,8940,买盘
74,14:53:21,7.44,--,40,29760,卖盘
75,14:53:18,7.44,--,101,75553,买盘
76,14:53:15,7.44,--,1425,1060200,买盘
77,14:53:12,7.44,--,110,81840,买盘
78,14:53:09,7.44,--,2417,1798248,买盘
79,14:53:06,7.44,--,80,59520,买盘
80,14:53:03,7.44,--,125,93000,买盘
81,14:53:00,7.44,--,862,641328,买盘
82,14:52:57,7.44,--,90,66960,买盘
83,14:52:54,7.44,--,760,565440,买盘
84,14:52:51,7.44,--,190,141360,买盘
85,14:52:48,7.44,--,52,38688,买盘
86,14:52:45,7.44,--,14,10416,买盘
87,14:52:42,7.44,--,829,616776,买盘
88,14:52:39,7.44,--,127,94488,买盘
89,14:52:36,7.44,0.01,48,35712,买盘
90,14:52:33,7.43,--,20,14860,卖盘
91,14:52:30,7.43,--,2631,1954833,卖盘
92,14:52:27,7.43,--,54,40122,卖盘
93,14:52:24,7.43,-0.01,70,52010,卖盘
94,14:52:21,7.44,--,115,85560,买盘
95,14:52:18,7.44,--,27,20088,买盘
96,14:52:15,7.44,--,246,183024,买盘
97,14:52:12,7.44,--,47,34968,买盘
98,14:52:09,7.44,0.01,58,43152,买盘
99,14:52:06,7.43,--,10,7430,卖盘
100,14:52:03,7.43,-0.01,367,272681,卖盘
101,14:52:00,7.44,--,201,149544,买盘
102,14:51:57,7.44,0.01,1,744,买盘
103,14:51:54,7.43,-0.01,122,90646,卖盘
104,14:51:51,7.44,0.01,34,25296,买盘
105,14:51:48,7.43,-0.01,148,109964,卖盘
106,14:51:45,7.44,0.01,249,185256,买盘
107,14:51:42,7.43,-0.01,67,49781,卖盘
108,14:51:39,7.44,0.01,16,11904,买盘
109,14:51:36,7.43,--,188,139684,卖盘
110,14:51:33,7.43,-0.01,67,49781,卖盘
111,14:51:30,7.44,--,13,9672,买盘
112,14:51:24,7.44,0.01,289,215016,买盘
113,14:51:21,7.43,--,20,14860,卖盘
114,14:51:18,7.43,-0.01,76,56468,卖盘
115,14:51:15,7.44,--,47,34968,买盘
116,14:51:12,7.44,--,211,156984,买盘
117,14:51:09,7.44,--,41,30504,买盘
118,14:51:06,7.44,--,8,5952,买盘
119,14:51:03,7.44,--,193,143592,买盘
120,14:51:00,7.44,--,58,43152,买盘
121,14:50:57,7.44,--,105,78120,买盘
122,14:50:54,7.44,--,62,46128,买盘
123,14:50:51,7.44,--,85,63240,买盘
124,14:50:48,7.44,0.01,93,69192,买盘
125,14:50:45,7.43,-0.01,21,15603,卖盘
126,14:50:42,7.44,--,519,386136,买盘
127,14:50:39,7.44,0.01,49,36456,买盘
128,14:50:36,7.43,-0.01,362,268966,卖盘
129,14:50:33,7.44,--,157,116808,买盘
130,14:50:30,7.44,--,29,21576,买盘
131,14:50:27,7.44,--,165,122760,买盘
132,14:50:24,7.44,0.01,237,176328,买盘
133,14:50:21,7.43,-0.01,63,46809,卖盘
134,14:50:18,7.44,0.01,64,47616,买盘
135,14:50:15,7.43,--,4,2972,卖盘
136,14:50:12,7.43,-0.01,120,89160,卖盘
137,14:50:09,7.44,--,92,68448,买盘
138,14:50:06,7.44,--,5,3720,买盘
139,14:50:03,7.44,--,104,77376,买盘
140,14:50:00,7.44,--,82,61008,买盘
141,14:49:57,7.44,0.01,133,98952,买盘
142,14:49:54,7.43,-0.01,137,101791,卖盘
143,14:49:51,7.44,0.01,144,107136,买盘
144,14:49:48,7.43,-0.01,175,130025,卖盘
145,14:49:45,7.44,0.01,389,289416,买盘
146,14:49:42,7.43,-0.01,61,45323,卖盘
147,14:49:39,7.44,--,157,116808,买盘
148,14:49:36,7.44,0.01,35,26040,买盘
149,14:49:33,7.43,-0.01,541,401963,卖盘
150,14:49:30,7.44,--,14,10416,买盘
151,14:49:27,7.44,--,69,51336,买盘
152,14:49:24,7.44,--,21,15624,买盘
153,14:49:21,7.44,--,23,17112,买盘
154,14:49:18,7.44,--,18,13392,买盘
155,14:49:15,7.44,0.01,29,21576,买盘
156,14:49:12,7.43,--,413,306859,卖盘
157,14:49:09,7.43,--,70,52010,卖盘
158,14:49:06,7.43,-0.01,50,37150,卖盘
159,14:49:03,7.44,--,82,61008,买盘
160,14:49:00,7.44,--,85,63240,买盘
161,14:48:57,7.44,0.01,158,117552,买盘
162,14:48:54,7.43,-0.01,1269,942867,卖盘
163,14:48:51,7.44,--,78,58032,买盘
164,14:48:48,7.44,0.01,77,57288,买盘
165,14:48:45,7.43,-0.01,57,42351,卖盘
166,14:48:42,7.44,--,135,100440,买盘
167,14:48:39,7.44,--,159,118296,买盘
168,14:48:36,7.44,--,17,12648,买盘
169,14:48:33,7.44,0.01,78,58032,买盘
170,14:48:30,7.43,-0.01,30,22290,卖盘
171,14:48:27,7.44,--,2,1488,买盘
172,14:48:24,7.44,--,156,116064,买盘
173,14:48:21,7.44,--,82,61008,买盘
174,14:48:18,7.44,--,472,351168,买盘
175,14:48:15,7.44,--,124,92256,买盘
176,14:48:12,7.44,--,78,58032,买盘
177,14:48:09,7.44,0.01,53,39432,买盘
178,14:48:06,7.43,--,54,40122,卖盘
179,14:48:03,7.43,--,20,14860,卖盘
180,14:48:00,7.43,-0.01,392,291256,卖盘
181,14:47:57,7.44,0.01,37,27528,买盘
182,14:47:54,7.43,--,102,75786,卖盘
183,14:47:51,7.43,-0.01,104,77272,卖盘
184,14:47:48,7.44,--,197,146568,买盘
185,14:47:42,7.44,0.01,28,20832,买盘
186,14:47:39,7.43,0.01,1922,1428699,买盘
187,14:47:36,7.42,-0.01,40,29680,卖盘
188,14:47:33,7.43,--,41,30463,买盘
189,14:47:30,7.43,--,621,461403,买盘
190,14:47:27,7.43,0.01,121,89903,买盘
191,14:47:24,7.42,-0.01,122,90524,卖盘
192,14:47:21,7.43,0.01,63,46809,买盘
193,14:47:18,7.42,-0.01,90,66780,卖盘
194,14:47:15,7.43,--,86,63898,买盘
195,14:47:12,7.43,0.01,151,112193,买盘
196,14:47:09,7.42,--,79,58618,卖盘
197,14:47:06,7.42,--,7,5194,卖盘
198,14:47:03,7.42,-0.01,453,336126,卖盘
199,14:46:57,7.43,0.01,460,341780,买盘
200,14:46:54,7.42,-0.01,349,258958,卖盘
201,14:46:51,7.43,--,40,29720,买盘
202,14:46:48,7.43,--,16,11888,买盘
203,14:46:45,7.43,--,45,33435,买盘
204,14:46:39,7.43,--,301,223643,买盘
205,14:46:36,7.43,0.01,10,7430,买盘
206,14:46:33,7.42,--,145,107590,卖盘
207,14:46:30,7.42,-0.01,31,23002,卖盘
208,14:46:27,7.43,--,140,104020,买盘
209,14:46:24,7.43,0.01,13,9659,买盘
210,14:46:18,7.42,--,67,49714,卖盘
211,14:46:15,7.42,--,189,140238,卖盘
212,14:46:12,7.42,-0.01,15,11130,卖盘
213,14:46:09,7.43,0.01,2,1486,买盘
214,14:46:06,7.42,--,3,2226,卖盘
215,14:46:03,7.42,-0.01,129,95718,卖盘
216,14:46:00,7.43,--,360,267480,买盘
217,14:45:57,7.43,0.01,120,89160,买盘
218,14:45:54,7.42,-0.01,1,742,卖盘
219,14:45:51,7.43,-0.01,891,662102,卖盘
220,14:45:48,7.44,0.01,40,29760,买盘
221,14:45:45,7.43,-0.01,32,23776,卖盘
222,14:45:42,7.44,--,26,19344,买盘
223,14:45:39,7.44,0.01,692,514848,买盘
224,14:45:36,7.43,--,59,43837,卖盘
225,14:45:33,7.43,-0.01,43,31949,卖盘
226,14:45:30,7.44,0.01,38,28272,买盘
227,14:45:27,7.43,--,3,2229,卖盘
228,14:45:21,7.43,-0.01,276,205068,卖盘
229,14:45:18,7.44,0.01,89,66870,买盘
230,14:45:15,7.43,-0.01,1484,1102701,卖盘
231,14:45:12,7.44,--,44,32736,买盘
232,14:45:09,7.44,0.01,2,1488,买盘
233,14:45:06,7.43,--,20,14860,卖盘
234,14:45:03,7.43,--,6,4458,卖盘
235,14:45:00,7.43,--,119,89070,买盘
236,14:44:57,7.43,0.01,14,10402,买盘
237,14:44:54,7.42,--,25,18550,卖盘
238,14:44:51,7.42,-0.01,246,182532,卖盘
239,14:44:48,7.43,--,581,431772,卖盘
240,14:44:45,7.43,-0.01,814,604802,卖盘
241,14:44:42,7.44,--,10,7440,买盘
242,14:44:39,7.44,0.01,61,45384,买盘
243,14:44:36,7.43,-0.01,10,7430,卖盘
244,14:44:33,7.44,--,22,16368,买盘
245,14:44:30,7.44,--,151,112344,买盘
246,14:44:27,7.44,0.01,57,42408,买盘
247,14:44:24,7.43,--,513,381159,卖盘
248,14:44:21,7.43,-0.01,5,3715,卖盘
249,14:44:18,7.44,0.01,29,21977,买盘
250,14:44:15,7.43,--,5,3715,卖盘
251,14:44:12,7.43,-0.01,387,287541,卖盘
252,14:44:09,7.44,0.01,91,67704,买盘
253,14:44:06,7.43,-0.01,81,60183,卖盘
254,14:44:03,7.44,0.01,45,33480,买盘
255,14:44:00,7.43,-0.01,761,565423,卖盘
256,14:43:57,7.44,0.01,54,40176,买盘
257,14:43:54,7.43,-0.01,654,485922,卖盘
258,14:43:51,7.44,0.01,85,63240,买盘
259,14:43:48,7.43,-0.01,809,601087,卖盘
260,14:43:45,7.44,0.01,150,111600,买盘
261,14:43:42,7.43,-0.01,47,34921,卖盘
262,14:43:39,7.44,0.01,5,3720,买盘
263,14:43:36,7.43,-0.01,15,11145,卖盘
264,14:43:33,7.44,0.01,7,5208,买盘
265,14:43:30,7.43,-0.01,119,88417,卖盘
266,14:43:27,7.44,--,18,13392,买盘
267,14:43:24,7.44,0.01,30,22320,买盘
268,14:43:21,7.43,-0.01,1,743,卖盘
269,14:43:18,7.44,0.01,8,5952,买盘
270,14:43:15,7.43,-0.01,772,573596,卖盘
271,14:43:12,7.44,0.01,22,16368,买盘
272,14:43:06,7.43,-0.01,30,22290,卖盘
273,14:43:03,7.44,--,49,36456,买盘
274,14:43:00,7.44,--,12,8928,买盘
275,14:42:57,7.44,0.01,917,682248,买盘
276,14:42:54,7.43,--,5,3715,卖盘
277,14:42:51,7.43,0.01,101,75295,买盘
278,14:42:48,7.42,-0.01,30,22260,卖盘
279,14:42:45,7.43,0.01,30,22290,买盘
280,14:42:42,7.42,-0.01,16,11872,卖盘
281,14:42:39,7.43,0.01,2540,1887220,买盘
282,14:42:33,7.42,-0.01,10,7420,卖盘
283,14:42:30,7.43,--,25,18575,买盘
284,14:42:27,7.43,--,109,80987,买盘
285,14:42:21,7.43,--,42,31206,买盘
286,14:42:18,7.43,--,123,91834,买盘
287,14:42:15,7.43,--,6,4458,买盘
288,14:42:12,7.43,0.01,38,28234,买盘
289,14:42:06,7.42,-0.01,630,467460,卖盘
290,14:42:03,7.43,--,60,44580,买盘
291,14:42:00,7.43,--,17,12631,买盘
292,14:41:57,7.43,0.01,8,5944,买盘
293,14:41:54,7.42,-0.01,12,8904,卖盘
294,14:41:51,7.43,0.01,35,26005,买盘
295,14:41:48,7.42,--,24,17808,卖盘
296,14:41:45,7.42,-0.01,50,37100,卖盘
297,14:41:42,7.43,0.01,264,196152,买盘
298,14:41:39,7.42,--,36,26712,卖盘
299,14:41:36,7.42,-0.01,188,139496,卖盘
300,14:41:33,7.43,0.01,20,14860,买盘
301,14:41:30,7.42,-0.01,7,5194,卖盘
302,14:41:27,7.43,0.01,10,7430,买盘
303,14:41:24,7.42,--,42,31164,卖盘
304,14:41:21,7.42,--,5,3710,卖盘
305,14:41:18,7.42,--,79,58618,卖盘
306,14:41:15,7.42,--,27,20034,卖盘
307,14:41:12,7.42,-0.01,11,8162,卖盘
308,14:41:09,7.43,--,26,19318,买盘
309,14:41:06,7.43,--,32,23776,买盘
310,14:41:03,7.43,--,57,42351,买盘
311,14:41:00,7.43,--,44,32692,买盘
312,14:40:57,7.43,0.01,49,36407,买盘
313,14:40:54,7.42,--,3201,2375142,卖盘
314,14:40:51,7.42,-0.01,25,18550,卖盘
315,14:40:48,7.43,--,11,8173,买盘
316,14:40:45,7.43,0.01,26,19318,买盘
317,14:40:42,7.42,--,104,77168,卖盘
318,14:40:39,7.42,-0.01,65,48230,卖盘
319,14:40:36,7.43,0.01,7,5201,买盘
320,14:40:33,7.42,--,1,742,卖盘
321,14:40:30,7.42,-0.01,240,178080,卖盘
322,14:40:27,7.43,--,85,63155,买盘
323,14:40:24,7.43,--,11,8173,买盘
324,14:40:18,7.43,0.01,30,22290,买盘
325,14:40:12,7.42,--,37,27454,卖盘
326,14:40:09,7.42,-0.01,133,98686,卖盘
327,14:40:06,7.43,--,151,112193,买盘
328,14:40:03,7.43,--,23,17089,买盘
329,14:40:00,7.43,--,77,57211,买盘
330,14:39:57,7.43,0.01,5335,3963905,买盘
331,14:39:54,7.42,-0.01,2960,2196320,卖盘
332,14:39:51,7.43,0.01,10,7430,买盘
333,14:39:48,7.42,-0.01,9,6678,卖盘
334,14:39:45,7.43,--,35,26005,买盘
335,14:39:42,7.43,--,2,1486,买盘
336,14:39:39,7.43,--,53,39379,买盘
337,14:39:36,7.43,0.01,42,31206,买盘
338,14:39:33,7.42,-0.01,95,70490,卖盘
339,14:39:30,7.43,--,106,78758,买盘
340,14:39:27,7.43,--,357,265251,买盘
341,14:39:21,7.43,--,113,83959,买盘
342,14:39:18,7.43,--,2,1486,买盘
343,14:39:15,7.43,--,54,40122,买盘
344,14:39:12,7.43,0.01,164,121852,买盘
345,14:39:09,7.42,-0.01,7,5194,卖盘
346,14:39:06,7.43,--,23,17089,买盘
347,14:39:03,7.43,--,353,262279,买盘
348,14:39:00,7.43,--,279,207297,买盘
349,14:38:57,7.43,0.01,21,15603,买盘
350,14:38:54,7.42,-0.01,11,8162,卖盘
351,14:38:51,7.43,--,7,5201,买盘
352,14:38:48,7.43,--,131,97333,买盘
353,14:38:45,7.43,--,35,26005,买盘
354,14:38:42,7.43,--,38,28234,买盘
355,14:38:39,7.43,--,66,49038,买盘
356,14:38:36,7.43,0.01,3,2229,买盘
357,14:38:33,7.42,-0.01,472,350224,卖盘
358,14:38:30,7.43,--,32,23776,买盘
359,14:38:27,7.43,0.01,1156,858908,买盘
360,14:38:24,7.42,--,100,74200,卖盘
361,14:38:21,7.42,-0.01,165,122430,卖盘
362,14:38:18,7.43,--,57,42351,买盘
363,14:38:15,7.43,--,335,248905,买盘
364,14:38:12,7.43,0.01,289,214727,买盘
365,14:38:09,7.42,-0.01,45,33390,卖盘
366,14:38:06,7.43,0.01,51,37893,买盘
367,14:38:03,7.42,--,10,7420,卖盘
368,14:38:00,7.42,--,488,362096,卖盘
369,14:37:57,7.42,--,24,17808,卖盘
370,14:37:54,7.42,--,61,45262,卖盘
371,14:37:48,7.42,--,1950,1447278,买盘
372,14:37:45,7.42,0.01,23,17066,买盘
373,14:37:42,7.41,-0.01,35,25935,卖盘
374,14:37:39,7.42,--,1,742,买盘
375,14:37:36,7.42,0.01,76,56392,买盘
376,14:37:33,7.41,--,350,259350,卖盘
377,14:37:30,7.41,--,10,7410,卖盘
378,14:37:27,7.41,--,60,44460,卖盘
379,14:37:24,7.41,-0.01,5,3705,卖盘
380,14:37:21,7.42,--,3,2226,买盘
381,14:37:18,7.42,--,318,235956,买盘
382,14:37:15,7.42,--,5,3710,买盘
383,14:37:12,7.42,0.02,141,104622,买盘
384,14:37:09,7.4,-0.02,636,470640,卖盘
385,14:37:06,7.42,0.01,368,273056,买盘
386,14:37:03,7.41,--,18,13338,卖盘
387,14:37:00,7.41,-0.01,1183,876603,卖盘
388,14:36:57,7.42,--,1,742,买盘
389,14:36:54,7.42,0.01,136,100912,买盘
390,14:36:51,7.41,--,41,30381,买盘
391,14:36:48,7.41,-0.01,65,48165,卖盘
392,14:36:45,7.42,0.01,30,22260,买盘
393,14:36:42,7.41,-0.01,483,357903,卖盘
394,14:36:39,7.42,--,28,20776,买盘
395,14:36:36,7.42,0.01,59,43778,买盘
396,14:36:33,7.41,-0.01,105,77805,卖盘
397,14:36:30,7.42,--,357,264894,买盘
398,14:36:24,7.42,--,27,20034,买盘
399,14:36:18,7.42,--,2,1484,买盘
400,14:36:15,7.42,--,2,1484,买盘
401,14:36:12,7.42,--,51,37842,买盘
402,14:36:09,7.42,--,1329,986118,买盘
403,14:36:06,7.42,0.01,7,5194,买盘
404,14:36:03,7.41,-0.01,262,194142,卖盘
405,14:36:00,7.42,--,21,15582,买盘
406,14:35:57,7.42,0.01,1,742,买盘
407,14:35:54,7.41,-0.01,30,22230,卖盘
408,14:35:51,7.42,--,28,20776,买盘
409,14:35:45,7.42,--,206,152852,买盘
410,14:35:42,7.42,--,27,20034,买盘
411,14:35:39,7.42,0.01,239,177338,买盘
412,14:35:33,7.41,--,24,17784,卖盘
413,14:35:27,7.41,-0.01,5,3705,卖盘
414,14:35:24,7.42,--,41,30422,买盘
415,14:35:21,7.42,0.01,34,25228,买盘
416,14:35:18,7.41,-0.01,20,14820,卖盘
417,14:35:15,7.42,--,7,5194,买盘
418,14:35:12,7.42,--,27,20034,买盘
419,14:35:09,7.42,0.01,103,76426,买盘
420,14:35:06,7.41,-0.01,651,482391,卖盘
421,14:35:03,7.42,0.02,39,28938,买盘
422,14:35:00,7.4,-0.01,565,418100,卖盘
423,14:34:57,7.41,--,766,567606,买盘
424,14:34:54,7.41,--,93,68913,买盘
425,14:34:51,7.41,--,1326,982566,买盘
426,14:34:48,7.41,--,24,17784,买盘
427,14:34:45,7.41,0.01,81,60021,买盘
428,14:34:42,7.4,-0.01,25,18500,卖盘
429,14:34:39,7.41,0.01,2194,1625754,买盘
430,14:34:36,7.4,-0.01,94,69560,卖盘
431,14:34:33,7.41,--,16,11856,买盘
432,14:34:30,7.41,--,73,54093,买盘
433,14:34:27,7.41,--,27,20007,买盘
434,14:34:21,7.41,--,39,28899,买盘
435,14:34:18,7.41,0.01,97,71877,买盘
436,14:34:15,7.4,--,52,38480,卖盘
437,14:34:12,7.4,--,11,8140,卖盘
438,14:34:09,7.4,--,7,5180,卖盘
439,14:34:06,7.4,-0.01,88,65120,卖盘
440,14:34:03,7.41,--,8,5928,买盘
441,14:33:57,7.41,--,24,17784,买盘
442,14:33:54,7.41,0.01,3,2223,买盘
443,14:33:48,7.4,-0.01,10,7400,卖盘
444,14:33:45,7.41,0.01,188,139308,买盘
445,14:33:42,7.4,-0.01,15,11100,卖盘
446,14:33:39,7.41,--,72,53352,买盘
447,14:33:36,7.41,--,20,14820,买盘
448,14:33:33,7.41,--,131,97071,买盘
449,14:33:27,7.41,--,56,41496,买盘
450,14:33:24,7.41,--,8,5928,买盘
451,14:33:21,7.41,--,51,37791,买盘
452,14:33:18,7.41,--,15,11115,买盘
453,14:33:15,7.41,--,30,22230,买盘
454,14:33:12,7.41,0.01,50,37050,买盘
455,14:33:09,7.4,--,12,8880,卖盘
456,14:33:06,7.4,-0.01,3,2220,卖盘
457,14:33:03,7.41,0.01,45,33345,买盘
458,14:33:00,7.4,--,76,56240,卖盘
459,14:32:57,7.4,--,96,71040,卖盘
460,14:32:54,7.4,-0.01,1112,822880,卖盘
461,14:32:51,7.41,0.01,141,104481,买盘
462,14:32:48,7.4,--,4,2960,卖盘
463,14:32:45,7.4,--,22,16280,卖盘
464,14:32:42,7.4,--,1,740,卖盘
465,14:32:39,7.4,--,3,2220,卖盘
466,14:32:36,7.4,-0.01,16,11840,卖盘
467,14:32:33,7.41,--,6,4446,买盘
468,14:32:30,7.41,--,12,8892,买盘
469,14:32:27,7.41,0.01,108,80028,买盘
470,14:32:24,7.4,--,28,20720,卖盘
471,14:32:21,7.4,--,52,38480,卖盘
472,14:32:18,7.4,--,293,216820,卖盘
473,14:32:15,7.4,-0.01,206,152440,卖盘
474,14:32:12,7.41,0.01,66,48906,买盘
475,14:32:09,7.4,--,5,3700,卖盘
476,14:32:06,7.4,-0.01,3,2220,卖盘
477,14:32:03,7.41,--,6,4446,买盘
478,14:32:00,7.41,--,163,120783,买盘
479,14:31:57,7.41,--,160,118560,买盘
480,14:31:54,7.41,0.01,14,10374,买盘
481,14:31:48,7.4,-0.01,132,97680,卖盘
482,14:31:45,7.41,0.01,66,48906,买盘
483,14:31:42,7.4,-0.01,33,24420,卖盘
484,14:31:39,7.41,0.01,216,160056,买盘
485,14:31:33,7.4,-0.01,17,12580,卖盘
486,14:31:30,7.41,0.01,1,741,买盘
487,14:31:27,7.4,-0.01,4,2960,卖盘
488,14:31:24,7.41,0.01,29,21489,买盘
489,14:31:21,7.4,--,4,2960,卖盘
490,14:31:18,7.4,-0.01,62,45880,中性盘
491,14:31:15,7.41,0.01,213,157833,买盘
492,14:31:12,7.4,--,114,84360,卖盘
493,14:31:09,7.4,--,52,38480,卖盘
494,14:31:06,7.4,--,43,31820,卖盘
495,14:31:03,7.4,--,37,27380,卖盘
496,14:31:00,7.4,-0.01,673,498020,卖盘
497,14:30:57,7.41,0.02,428,317148,买盘
498,14:30:51,7.39,-0.01,404,298556,卖盘
499,14:30:48,7.4,0.01,4,2960,买盘
500,14:30:45,7.39,-0.01,46,33994,卖盘
501,14:30:42,7.4,--,359,265660,买盘
502,14:30:39,7.4,--,1,740,买盘
503,14:30:36,7.4,0.01,15,11100,买盘
504,14:30:33,7.39,--,142,104938,卖盘
505,14:30:30,7.39,-0.01,302,223178,卖盘
506,14:30:27,7.4,--,452,334480,买盘
507,14:30:24,7.4,0.01,24,17760,买盘
508,14:30:21,7.39,-0.01,106,78334,卖盘
509,14:30:18,7.4,--,276,204240,买盘
510,14:30:15,7.4,0.01,229,169460,买盘
511,14:30:12,7.39,-0.01,113,83507,卖盘
512,14:30:09,7.4,0.01,93,68820,买盘
513,14:30:06,7.39,-0.01,26,19214,卖盘
514,14:30:03,7.4,0.01,314,232360,买盘
515,14:30:00,7.39,-0.01,317,234263,卖盘
516,14:29:57,7.4,0.01,9,6660,买盘
517,14:29:54,7.39,--,181,133759,卖盘
518,14:29:51,7.39,-0.01,66,48774,卖盘
519,14:29:48,7.4,0.01,181,133940,买盘
520,14:29:42,7.39,-0.01,13,9607,卖盘
521,14:29:39,7.4,--,79,58460,买盘
522,14:29:36,7.4,--,8,5920,买盘
523,14:29:33,7.4,0.01,258,190920,买盘
524,14:29:30,7.39,--,13,9607,卖盘
525,14:29:27,7.39,-0.01,40,29560,卖盘
526,14:29:24,7.4,0.01,108,79920,买盘
527,14:29:21,7.39,--,85,62815,卖盘
528,14:29:18,7.39,--,8,5912,卖盘
529,14:29:15,7.39,--,663,489957,卖盘
530,14:29:12,7.39,--,264,195096,卖盘
531,14:29:09,7.39,--,40,29560,卖盘
532,14:29:06,7.39,-0.01,94,69466,卖盘
533,14:29:03,7.4,--,978,723720,买盘
534,14:29:00,7.4,--,19,14060,买盘
535,14:28:57,7.4,--,89,65860,买盘
536,14:28:54,7.4,0.01,306,226440,买盘
537,14:28:48,7.39,--,803,593417,买盘
538,14:28:45,7.39,--,144,106416,买盘
539,14:28:42,7.39,--,85,62815,买盘
540,14:28:39,7.39,--,326,240914,卖盘
541,14:28:36,7.39,--,30,22170,卖盘
542,14:28:33,7.39,--,270,199530,卖盘
543,14:28:30,7.39,-0.01,10,7390,卖盘
544,14:28:27,7.4,--,3,2220,买盘
545,14:28:24,7.4,0.01,1132,837680,买盘
546,14:28:21,7.39,-0.01,92,67988,买盘
547,14:28:18,7.4,0.01,568,420320,买盘
548,14:28:15,7.39,--,97,71683,卖盘
549,14:28:12,7.39,-0.01,12,8868,中性盘
550,14:28:09,7.4,0.01,125,92500,买盘
551,14:28:06,7.39,--,119,87941,卖盘
552,14:28:03,7.39,-0.01,129,95331,卖盘
553,14:28:00,7.4,--,744,550560,买盘
554,14:27:57,7.4,0.01,232,171680,买盘
555,14:27:54,7.39,--,326,240914,卖盘
556,14:27:51,7.39,-0.01,434,320726,卖盘
557,14:27:48,7.4,0.01,12,8880,买盘
558,14:27:42,7.39,--,29,21431,卖盘
559,14:27:39,7.39,--,10,7390,卖盘
560,14:27:36,7.39,--,131,96809,卖盘
561,14:27:33,7.39,--,87,64293,卖盘
562,14:27:30,7.39,-0.01,476,351764,卖盘
563,14:27:27,7.4,--,2,1480,买盘
564,14:27:24,7.4,0.01,73,54020,买盘
565,14:27:21,7.39,-0.01,111,82029,卖盘
566,14:27:18,7.4,0.01,1,740,买盘
567,14:27:15,7.39,--,45,33255,卖盘
568,14:27:12,7.39,--,126,93114,卖盘
569,14:27:09,7.39,-0.01,125,92375,卖盘
570,14:27:06,7.4,0.01,47,34780,买盘
571,14:27:03,7.39,-0.01,8,5912,卖盘
572,14:27:00,7.4,--,148,109520,买盘
573,14:26:57,7.4,--,30,22200,买盘
574,14:26:54,7.4,--,484,358160,买盘
575,14:26:51,7.4,--,31,22940,买盘
576,14:26:48,7.4,0.01,133,98420,买盘
577,14:26:45,7.39,-0.01,2830,2091370,卖盘
578,14:26:42,7.4,0.01,709,524660,买盘
579,14:26:39,7.39,--,123,90897,卖盘
580,14:26:36,7.39,--,607,448573,卖盘
581,14:26:33,7.39,-0.01,243,179577,卖盘
582,14:26:30,7.4,--,221,163540,买盘
583,14:26:27,7.4,--,62,45880,买盘
584,14:26:21,7.4,0.01,191,141340,买盘
585,14:26:18,7.39,-0.01,121,89419,卖盘
586,14:26:15,7.4,--,334,247160,买盘
587,14:26:12,7.4,0.01,84,62160,买盘
588,14:26:09,7.39,--,473,349547,卖盘
589,14:26:06,7.39,--,113,83507,卖盘
590,14:26:03,7.39,-0.01,112,82768,卖盘
591,14:26:00,7.4,--,936,692640,买盘
592,14:25:57,7.4,--,11,8140,买盘
593,14:25:54,7.4,0.01,138,102120,买盘
594,14:25:51,7.39,--,60,44340,卖盘
595,14:25:48,7.39,-0.01,95,70205,卖盘
596,14:25:45,7.4,--,295,218300,买盘
597,14:25:42,7.4,--,73,54020,买盘
598,14:25:39,7.4,0.01,50,37000,买盘
599,14:25:36,7.39,--,16,11824,卖盘
600,14:25:33,7.39,--,16,11824,卖盘
601,14:25:30,7.39,--,63,46557,卖盘
602,14:25:27,7.39,--,61,45079,卖盘
603,14:25:24,7.39,--,596,440444,卖盘
604,14:25:21,7.39,-0.01,26,19214,卖盘
605,14:25:18,7.4,0.01,213,157620,买盘
606,14:25:15,7.39,-0.01,145,107155,卖盘
607,14:25:12,7.4,0.01,47,34780,买盘
608,14:25:09,7.39,-0.02,123,90897,卖盘
609,14:25:06,7.41,0.02,1069,792129,买盘
610,14:25:03,7.39,-0.01,318,235002,卖盘
611,14:25:00,7.4,--,100,74000,买盘
612,14:24:57,7.4,0.01,3,2220,买盘
613,14:24:54,7.39,-0.01,14,10346,卖盘
614,14:24:51,7.4,--,140,103600,买盘
615,14:24:45,7.4,0.01,554,409960,买盘
616,14:24:42,7.39,-0.01,66,48774,卖盘
617,14:24:39,7.4,--,11,8140,买盘
618,14:24:36,7.4,0.01,200,148000,买盘
619,14:24:33,7.39,-0.01,26,19214,卖盘
620,14:24:30,7.4,0.01,26,19240,买盘
621,14:24:27,7.39,-0.01,168,124152,卖盘
622,14:24:24,7.4,--,99,73260,买盘
623,14:24:21,7.4,--,6,4440,买盘
624,14:24:18,7.4,--,58,42920,买盘
625,14:24:15,7.4,--,326,241240,买盘
626,14:24:12,7.4,--,1014,750900,卖盘
627,14:24:09,7.4,--,52,38480,卖盘
628,14:24:06,7.4,--,1320,976800,卖盘
629,14:24:03,7.4,-0.01,170,125800,卖盘
630,14:24:00,7.41,--,2966,2197806,买盘
631,14:23:57,7.41,0.01,12,8892,买盘
632,14:23:54,7.4,--,100,74000,卖盘
633,14:23:51,7.4,--,31,22940,卖盘
634,14:23:48,7.4,-0.01,193,142820,卖盘
635,14:23:45,7.41,0.01,14,10374,买盘
636,14:23:42,7.4,--,10,7400,卖盘
637,14:23:39,7.4,-0.01,244,180560,卖盘
638,14:23:36,7.41,0.01,845,626145,买盘
639,14:23:33,7.4,-0.01,103,76220,卖盘
640,14:23:30,7.41,0.01,83,61503,买盘
641,14:23:27,7.4,--,478,353720,卖盘
642,14:23:24,7.4,--,1491,1103340,卖盘
643,14:23:21,7.4,--,188,139120,卖盘
644,14:23:18,7.4,-0.01,84,62160,卖盘
645,14:23:15,7.41,0.01,318,235638,买盘
646,14:23:12,7.4,--,31,22940,卖盘
647,14:23:09,7.4,--,395,292300,卖盘
648,14:23:06,7.4,--,637,471380,卖盘
649,14:23:03,7.4,-0.01,260,192400,卖盘
650,14:23:00,7.41,--,106,78546,买盘
651,14:22:57,7.41,0.01,557,412737,买盘
652,14:22:54,7.4,--,85,62900,卖盘
653,14:22:51,7.4,--,4,2960,卖盘
654,14:22:48,7.4,--,309,228660,卖盘
655,14:22:45,7.4,--,25,18500,卖盘
656,14:22:42,7.4,--,6,4440,卖盘
657,14:22:39,7.4,--,46,34040,卖盘
658,14:22:36,7.4,-0.01,365,270100,卖盘
659,14:22:33,7.41,0.01,26,19266,买盘
660,14:22:30,7.4,-0.01,271,200540,卖盘
661,14:22:27,7.41,--,1331,986271,买盘
662,14:22:24,7.41,0.01,10,7410,买盘
663,14:22:21,7.4,-0.01,38,28120,卖盘
664,14:22:18,7.41,0.01,81,60021,买盘
665,14:22:15,7.4,-0.01,20,14800,卖盘
666,14:22:12,7.41,0.01,673,498693,买盘
667,14:22:09,7.4,--,184,136160,卖盘
668,14:22:06,7.4,--,420,310800,卖盘
669,14:22:03,7.4,--,237,175380,卖盘
670,14:22:00,7.4,-0.01,50,37000,卖盘
671,14:21:57,7.41,--,52,38532,买盘
672,14:21:54,7.41,--,88,65208,买盘
673,14:21:51,7.41,--,1103,817323,买盘
674,14:21:48,7.41,--,102,75582,买盘
675,14:21:45,7.41,0.01,83,61503,买盘
676,14:21:42,7.4,-0.01,69,51060,卖盘
677,14:21:39,7.41,--,316,234156,买盘
678,14:21:36,7.41,0.01,114,84474,买盘
679,14:21:33,7.4,-0.01,282,208680,卖盘
680,14:21:30,7.41,0.01,57,42237,买盘
681,14:21:27,7.4,-0.01,456,337440,卖盘
682,14:21:24,7.41,-0.01,38,28158,卖盘
683,14:21:21,7.42,--,139,103138,买盘
684,14:21:18,7.42,0.01,2,1484,买盘
685,14:21:15,7.41,--,151,111891,卖盘
686,14:21:12,7.41,-0.01,58,42978,卖盘
687,14:21:09,7.42,0.01,36,26712,买盘
688,14:21:06,7.41,--,55,40755,卖盘
689,14:21:03,7.41,--,263,194883,买盘
690,14:21:00,7.41,--,10,7410,买盘
691,14:20:57,7.41,--,9,6669,买盘
692,14:20:54,7.41,--,81,60021,买盘
693,14:20:51,7.41,--,2,1482,买盘
694,14:20:48,7.41,0.01,22,16302,买盘
695,14:20:45,7.4,-0.01,50,37000,卖盘
696,14:20:42,7.41,--,240,177840,买盘
697,14:20:39,7.41,--,67,49647,买盘
698,14:20:36,7.41,-0.01,744,551481,卖盘
699,14:20:33,7.42,0.01,51,37842,买盘
700,14:20:30,7.41,--,14,10374,卖盘
701,14:20:27,7.41,--,1874,1388634,卖盘
702,14:20:24,7.41,-0.01,23,17043,卖盘
703,14:20:21,7.42,0.01,38,28878,买盘
704,14:20:18,7.41,--,307,227487,卖盘
705,14:20:15,7.41,-0.01,104,77064,卖盘
706,14:20:12,7.42,0.01,15,11130,买盘
707,14:20:09,7.41,--,27,20007,卖盘
708,14:20:06,7.41,--,3,2223,卖盘
709,14:20:03,7.41,-0.01,21,15561,卖盘
710,14:20:00,7.42,--,198,146916,买盘
711,14:19:57,7.42,0.01,22,16324,买盘
712,14:19:51,7.41,-0.01,39,28899,卖盘
713,14:19:48,7.42,--,56,41552,买盘
714,14:19:45,7.42,0.01,727,540057,买盘
715,14:19:42,7.41,--,50,37050,买盘
716,14:19:39,7.41,--,764,566124,买盘
717,14:19:36,7.41,--,70,51870,买盘
718,14:19:33,7.41,--,695,515113,卖盘
719,14:19:30,7.41,--,2,1482,卖盘
720,14:19:27,7.41,-0.01,6,4446,卖盘
721,14:19:24,7.42,0.01,44,32648,买盘
722,14:19:18,7.41,--,71,52788,卖盘
723,14:19:12,7.41,-0.01,15,11115,卖盘
724,14:19:09,7.42,0.01,152,113229,买盘
725,14:19:06,7.41,--,131,97071,买盘
726,14:19:03,7.41,-0.01,440,326336,卖盘
727,14:19:00,7.42,--,22,16324,买盘
728,14:18:57,7.42,0.01,739,548338,买盘
729,14:18:54,7.41,--,21,15561,卖盘
730,14:18:51,7.41,-0.01,0,444,卖盘
731,14:18:48,7.42,0.02,1,742,买盘
732,14:18:45,7.4,-0.01,7,5180,卖盘
733,14:18:42,7.41,--,142,105222,卖盘
734,14:18:39,7.41,-0.01,21,15561,卖盘
735,14:18:36,7.42,--,121,89782,买盘
736,14:18:33,7.42,--,91,67522,买盘
737,14:18:30,7.42,0.01,8,5936,买盘
738,14:18:27,7.41,--,163,120783,卖盘
739,14:18:24,7.41,-0.01,75,55575,中性盘
740,14:18:18,7.42,0.01,673,499366,买盘
741,14:18:15,7.41,--,505,374205,买盘
742,14:18:12,7.41,--,25,18525,买盘
743,14:18:09,7.41,--,412,305292,卖盘
744,14:18:06,7.41,--,39,28899,卖盘
745,14:18:03,7.41,--,4,2964,卖盘
746,14:18:00,7.41,-0.01,47,34827,卖盘
747,14:17:57,7.42,0.01,119,88298,买盘
748,14:17:54,7.41,-0.01,5,3705,卖盘
749,14:17:51,7.42,0.01,200,148400,买盘
750,14:17:48,7.41,--,98,72618,卖盘
751,14:17:45,7.41,--,7,5187,卖盘
752,14:17:42,7.41,--,29,21489,卖盘
753,14:17:39,7.41,--,5,3705,卖盘
754,14:17:36,7.41,--,94,69654,卖盘
755,14:17:33,7.41,-0.01,30,22230,卖盘
756,14:17:30,7.42,--,52,38584,买盘
757,14:17:27,7.42,0.01,14,10388,买盘
758,14:17:24,7.41,--,27,20007,买盘
759,14:17:21,7.41,--,4,2964,买盘
760,14:17:18,7.41,--,44,32604,买盘
761,14:17:15,7.41,--,65,48165,买盘
762,14:17:12,7.41,--,55,40755,买盘
763,14:17:09,7.41,-0.01,21,15561,卖盘
764,14:17:06,7.42,--,46,34132,买盘
765,14:17:03,7.42,0.02,33,24486,买盘
766,14:17:00,7.4,-0.02,2700,1998000,卖盘
767,14:16:57,7.42,--,72,53424,买盘
768,14:16:54,7.42,0.01,145,107590,买盘
769,14:16:48,7.41,--,20,14820,卖盘
770,14:16:45,7.41,-0.01,83,61503,卖盘
771,14:16:42,7.42,0.01,10,7420,买盘
772,14:16:39,7.41,--,211,156351,卖盘
773,14:16:36,7.41,--,53,39273,卖盘
774,14:16:33,7.41,--,489,362549,买盘
775,14:16:30,7.41,--,149,110557,卖盘
776,14:16:27,7.41,--,137,101517,卖盘
777,14:16:24,7.41,--,20,14820,卖盘
778,14:16:21,7.41,-0.01,111,82251,卖盘
779,14:16:18,7.42,--,47,34874,买盘
780,14:16:15,7.42,0.01,1664,1234688,买盘
781,14:16:12,7.41,-0.01,1,741,卖盘
782,14:16:09,7.42,0.01,27,20034,买盘
783,14:16:06,7.41,--,5,3705,卖盘
784,14:16:03,7.41,-0.01,9,6669,卖盘
785,14:16:00,7.42,0.01,64,47488,买盘
786,14:15:57,7.41,--,294,217854,卖盘
787,14:15:54,7.41,-0.01,12,8892,卖盘
788,14:15:51,7.42,0.01,30,22260,买盘
789,14:15:48,7.41,-0.01,125,92625,卖盘
790,14:15:45,7.42,--,31,23002,买盘
791,14:15:42,7.42,--,120,89284,卖盘
792,14:15:39,7.42,--,89,66038,卖盘
793,14:15:36,7.42,--,1007,747194,卖盘
794,14:15:33,7.42,--,516,383369,卖盘
795,14:15:30,7.42,--,26,19292,卖盘
796,14:15:27,7.42,--,4,2968,卖盘
797,14:15:24,7.42,-0.01,10,7420,卖盘
798,14:15:21,7.43,0.01,319,237017,买盘
799,14:15:18,7.42,0.01,54,40068,买盘
800,14:15:15,7.41,-0.01,38,28750,卖盘
801,14:15:12,7.42,--,15,11130,买盘
802,14:15:09,7.42,--,20,14840,买盘
803,14:15:06,7.42,0.01,73,54166,买盘
804,14:15:03,7.41,-0.02,39,28899,卖盘
805,14:15:00,7.43,--,167,124081,买盘
806,14:14:57,7.43,0.02,1625,1207375,买盘
807,14:14:54,7.41,-0.02,1782,1320951,卖盘
808,14:14:51,7.43,0.01,10,7430,买盘
809,14:14:48,7.42,-0.01,155,115714,卖盘
810,14:14:45,7.43,--,1,743,买盘
811,14:14:42,7.43,0.01,125,92875,买盘
812,14:14:39,7.42,--,169,125398,卖盘
813,14:14:36,7.42,--,27,20034,卖盘
814,14:14:33,7.42,--,203,150626,卖盘
815,14:14:30,7.42,--,137,101654,卖盘
816,14:14:24,7.42,-0.01,27,20034,卖盘
817,14:14:21,7.43,0.01,25,18575,买盘
818,14:14:18,7.42,--,90,66780,卖盘
819,14:14:15,7.42,--,20,14840,卖盘
820,14:14:09,7.42,--,111,82362,卖盘
821,14:14:06,7.42,--,2,1484,卖盘
822,14:14:03,7.42,-0.01,60,44520,卖盘
823,14:14:00,7.43,--,179,132997,买盘
824,14:13:57,7.43,--,2,1486,买盘
825,14:13:54,7.43,--,16,11888,买盘
826,14:13:51,7.43,--,589,437627,卖盘
827,14:13:48,7.43,-0.01,10,7430,卖盘
828,14:13:45,7.44,0.01,74,55056,买盘
829,14:13:42,7.43,--,68,50524,卖盘
830,14:13:39,7.43,0.01,348,259002,买盘
831,14:13:36,7.42,-0.01,49,36358,卖盘
832,14:13:33,7.43,0.01,33,24519,买盘
833,14:13:30,7.42,-0.01,539,399938,卖盘
834,14:13:24,7.43,--,5,3715,买盘
835,14:13:21,7.43,--,100,74300,买盘
836,14:13:18,7.43,0.01,2,1486,中性盘
837,14:13:15,7.42,-0.01,64,47488,卖盘
838,14:13:12,7.43,--,23,17089,卖盘
839,14:13:09,7.43,--,36,26748,卖盘
840,14:13:06,7.43,--,66,49038,卖盘
841,14:13:03,7.43,-0.01,88,65384,买盘
842,14:13:00,7.44,0.01,83,61752,买盘
843,14:12:57,7.43,-0.01,36,26748,卖盘
844,14:12:54,7.44,--,18,13392,买盘
845,14:12:51,7.44,0.02,53,39432,买盘
846,14:12:48,7.42,-0.02,126,93492,卖盘
847,14:12:45,7.44,0.01,54,40176,买盘
848,14:12:42,7.43,-0.01,3,2229,中性盘
849,14:12:39,7.44,0.02,369,274536,买盘
850,14:12:36,7.42,--,65,48230,卖盘
851,14:12:33,7.42,-0.01,50,37100,卖盘
852,14:12:30,7.43,--,3,2229,卖盘
853,14:12:27,7.43,0.01,20,15454,买盘
854,14:12:24,7.42,-0.01,3,2226,卖盘
855,14:12:21,7.43,--,22,16346,买盘
856,14:12:18,7.43,--,713,529759,买盘
857,14:12:15,7.43,--,252,187236,买盘
858,14:12:12,7.43,--,27,20061,买盘
859,14:12:09,7.43,0.01,999,742257,买盘
860,14:12:06,7.42,--,1,742,卖盘
861,14:12:03,7.42,-0.01,81,60102,卖盘
862,14:12:00,7.43,--,1417,1052831,买盘
863,14:11:57,7.43,--,48,35664,买盘
864,14:11:54,7.43,-0.01,18,13374,中性盘
865,14:11:48,7.44,0.01,359,267096,买盘
866,14:11:45,7.43,--,605,449515,卖盘
867,14:11:42,7.43,-0.01,399,296457,卖盘
868,14:11:39,7.44,--,512,380928,买盘
869,14:11:36,7.44,0.01,21,15624,买盘
870,14:11:33,7.43,-0.01,25,18575,卖盘
871,14:11:30,7.44,--,3,2232,买盘
872,14:11:27,7.44,--,14,10416,买盘
873,14:11:24,7.44,--,46,34224,买盘
874,14:11:18,7.44,--,18,13392,买盘
875,14:11:15,7.44,0.01,2,1488,买盘
876,14:11:12,7.43,-0.01,3,2229,卖盘
877,14:11:09,7.44,--,25,18600,买盘
878,14:11:06,7.44,--,31,23064,买盘
879,14:11:03,7.44,0.01,31,23064,买盘
880,14:11:00,7.43,-0.01,223,165689,卖盘
881,14:10:57,7.44,--,138,102672,买盘
882,14:10:54,7.44,--,59,43896,买盘
883,14:10:51,7.44,--,117,87048,买盘
884,14:10:48,7.44,--,353,262632,买盘
885,14:10:45,7.44,0.01,16,11904,买盘
886,14:10:42,7.43,-0.01,14,10402,卖盘
887,14:10:39,7.44,--,14,10416,买盘
888,14:10:36,7.44,--,7,5208,买盘
889,14:10:33,7.44,0.01,105,78120,买盘
890,14:10:30,7.43,-0.01,30,22290,卖盘
891,14:10:27,7.44,0.01,71,52824,买盘
892,14:10:24,7.43,--,1,743,卖盘
893,14:10:21,7.43,-0.01,114,84702,卖盘
894,14:10:18,7.44,0.01,143,106392,买盘
895,14:10:15,7.43,-0.01,5,3715,卖盘
896,14:10:12,7.44,--,27,20088,买盘
897,14:10:09,7.44,0.01,23,17112,买盘
898,14:10:06,7.43,--,1,743,卖盘
899,14:10:03,7.43,-0.01,3,2229,卖盘
900,14:10:00,7.44,--,55,40920,买盘
901,14:09:57,7.44,--,8,5952,买盘
902,14:09:54,7.44,--,29,21576,买盘
903,14:09:51,7.44,--,125,93000,买盘
904,14:09:48,7.44,--,23,17112,买盘
905,14:09:45,7.44,--,5,3720,买盘
906,14:09:42,7.44,--,75,55800,买盘
907,14:09:39,7.44,--,58,43152,买盘
908,14:09:36,7.44,--,179,133176,买盘
909,14:09:33,7.44,--,147,109368,买盘
910,14:09:30,7.44,--,67,49848,买盘
911,14:09:27,7.44,--,19,14136,买盘
912,14:09:24,7.44,--,5,3720,买盘
913,14:09:21,7.44,--,266,197904,买盘
914,14:09:18,7.44,0.01,10,7440,买盘
915,14:09:15,7.43,-0.01,27,20061,卖盘
916,14:09:12,7.44,--,173,128712,买盘
917,14:09:09,7.44,0.01,11,8184,买盘
918,14:09:06,7.43,-0.01,58,43094,卖盘
919,14:09:03,7.44,--,37,27528,买盘
920,14:09:00,7.44,--,24,17856,买盘
921,14:08:57,7.44,--,2,1488,买盘
922,14:08:54,7.44,0.01,136,101184,买盘
923,14:08:51,7.43,-0.01,45,33435,卖盘
924,14:08:48,7.44,--,297,220968,买盘
925,14:08:45,7.44,--,96,71424,买盘
926,14:08:42,7.44,--,115,85560,买盘
927,14:08:39,7.44,--,2,1488,买盘
928,14:08:36,7.44,0.01,20,14880,买盘
929,14:08:33,7.43,--,21,15603,卖盘
930,14:08:30,7.43,--,85,63155,卖盘
931,14:08:27,7.43,-0.01,201,149343,卖盘
932,14:08:24,7.44,--,17,12648,买盘
933,14:08:21,7.44,0.01,15,11160,买盘
934,14:08:18,7.43,--,43,31949,卖盘
935,14:08:15,7.43,--,2,1486,卖盘
936,14:08:12,7.43,-0.01,3,2229,卖盘
937,14:08:09,7.44,0.01,68,50592,买盘
938,14:08:06,7.43,-0.01,49,36407,卖盘
939,14:08:03,7.44,--,13,9672,买盘
940,14:08:00,7.44,--,25,18600,买盘
941,14:07:57,7.44,--,138,102672,买盘
942,14:07:54,7.44,0.01,56,41664,买盘
943,14:07:51,7.43,--,631,468833,卖盘
944,14:07:48,7.43,--,40,29720,卖盘
945,14:07:45,7.43,-0.01,23,17089,卖盘
946,14:07:42,7.44,--,65,48360,买盘
947,14:07:39,7.44,0.01,1,744,买盘
948,14:07:36,7.43,--,239,177577,卖盘
949,14:07:33,7.43,-0.01,50,37150,卖盘
950,14:07:30,7.44,--,41,30504,买盘
951,14:07:27,7.44,0.01,143,106392,买盘
952,14:07:24,7.43,-0.01,10,7430,卖盘
953,14:07:21,7.44,0.01,20,14880,买盘
954,14:07:18,7.43,--,69,51267,卖盘
955,14:07:15,7.43,-0.01,2,1486,卖盘
956,14:07:12,7.44,0.01,27,20088,买盘
957,14:07:06,7.43,-0.01,39,28977,卖盘
958,14:07:03,7.44,0.01,33,24552,买盘
959,14:06:57,7.43,-0.01,75,55725,卖盘
960,14:06:54,7.44,--,14,10416,买盘
961,14:06:51,7.44,0.01,77,57288,买盘
962,14:06:48,7.43,--,13,9659,卖盘
963,14:06:45,7.43,--,12,8916,卖盘
964,14:06:42,7.43,--,112,83216,卖盘
965,14:06:39,7.43,-0.01,28,20804,卖盘
966,14:06:36,7.44,0.01,15,11160,买盘
967,14:06:33,7.43,-0.01,10,7430,卖盘
968,14:06:30,7.44,0.01,15,11160,买盘
969,14:06:27,7.43,--,30,22290,卖盘
970,14:06:24,7.43,--,2,1486,卖盘
971,14:06:21,7.43,-0.01,56,41608,卖盘
972,14:06:18,7.44,0.01,16,11904,买盘
973,14:06:15,7.43,--,21,15603,卖盘
974,14:06:12,7.43,-0.01,30,22290,卖盘
975,14:06:09,7.44,0.01,66,49104,买盘
976,14:06:06,7.43,--,69,51267,卖盘
977,14:06:03,7.43,--,9,6687,卖盘
978,14:06:00,7.43,-0.01,53,39379,卖盘
979,14:05:57,7.44,0.01,118,87792,买盘
980,14:05:54,7.43,--,30,22290,卖盘
981,14:05:51,7.43,-0.01,25,18575,卖盘
982,14:05:48,7.44,--,103,76632,买盘
983,14:05:45,7.44,0.01,1,744,买盘
984,14:05:42,7.43,--,28,20804,卖盘
985,14:05:39,7.43,--,54,40122,卖盘
986,14:05:36,7.43,-0.01,62,46066,卖盘
987,14:05:33,7.44,0.01,21,15624,买盘
988,14:05:30,7.43,--,10,7430,买盘
989,14:05:27,7.43,--,133,98819,买盘
990,14:05:24,7.43,--,61,45323,买盘
991,14:05:21,7.43,--,57,42351,卖盘
992,14:05:18,7.43,-0.01,256,190208,卖盘
993,14:05:15,7.44,0.01,15,11160,买盘
994,14:05:12,7.43,-0.01,501,372243,卖盘
995,14:05:06,7.44,0.01,13,9672,买盘
996,14:05:03,7.43,-0.01,401,297943,卖盘
997,14:05:00,7.44,--,1298,965712,买盘
998,14:04:57,7.44,--,458,340752,买盘
999,14:04:54,7.44,0.01,11,8184,买盘
1000,14:04:51,7.43,-0.01,92,68356,卖盘
1001,14:04:48,7.44,--,64,47616,买盘
1002,14:04:45,7.44,--,25,18600,买盘
1003,14:04:42,7.44,--,43,31992,买盘
1004,14:04:39,7.44,0.01,67,49848,买盘
1005,14:04:33,7.43,-0.01,3,2229,卖盘
1006,14:04:30,7.44,0.01,41,30504,买盘
1007,14:04:27,7.43,--,10,7430,卖盘
1008,14:04:24,7.43,-0.01,56,41608,卖盘
1009,14:04:18,7.44,--,229,170376,买盘
1010,14:04:12,7.44,0.01,40,29760,买盘
1011,14:04:09,7.43,--,50,37150,卖盘
1012,14:04:06,7.43,--,47,34921,卖盘
1013,14:04:03,7.43,-0.01,33,24519,卖盘
1014,14:04:00,7.44,0.01,18,13392,买盘
1015,14:03:57,7.43,-0.01,45,33435,卖盘
1016,14:03:54,7.44,--,29,21576,买盘
1017,14:03:51,7.44,--,5,3720,买盘
1018,14:03:48,7.44,--,114,84816,买盘
1019,14:03:45,7.44,--,52,38688,买盘
1020,14:03:42,7.44,--,1,744,买盘
1021,14:03:39,7.44,0.01,151,112344,买盘
1022,14:03:36,7.43,-0.01,2,1486,卖盘
1023,14:03:33,7.44,0.01,15,11160,买盘
1024,14:03:30,7.43,--,4,2972,卖盘
1025,14:03:24,7.43,-0.01,25,18575,卖盘
1026,14:03:21,7.44,--,238,177072,买盘
1027,14:03:18,7.44,--,136,101184,买盘
1028,14:03:15,7.44,--,26,19344,买盘
1029,14:03:12,7.44,--,33,24552,买盘
1030,14:03:09,7.44,0.01,166,123504,买盘
1031,14:03:06,7.43,-0.01,123,91389,卖盘
1032,14:03:03,7.44,--,113,84072,买盘
1033,14:03:00,7.44,--,53,39432,买盘
1034,14:02:57,7.44,0.01,65,48360,买盘
1035,14:02:54,7.43,--,25,18575,买盘
1036,14:02:51,7.43,--,9,6687,买盘
1037,14:02:48,7.43,--,317,235531,买盘
1038,14:02:45,7.43,--,156,115908,买盘
1039,14:02:42,7.43,--,1022,759346,买盘
1040,14:02:39,7.43,--,16,11888,买盘
1041,14:02:36,7.43,--,3,2229,买盘
1042,14:02:33,7.43,--,146,108478,买盘
1043,14:02:30,7.43,--,23,17089,买盘
1044,14:02:27,7.43,--,38,28234,买盘
1045,14:02:24,7.43,--,604,448772,买盘
1046,14:02:21,7.43,--,20,14860,买盘
1047,14:02:18,7.43,--,201,149343,买盘
1048,14:02:15,7.43,--,11,8173,买盘
1049,14:02:12,7.43,0.01,28,20804,买盘
1050,14:02:09,7.42,-0.01,17,12614,卖盘
1051,14:02:06,7.43,0.01,25,18575,买盘
1052,14:02:03,7.42,-0.01,144,106848,卖盘
1053,14:02:00,7.43,--,11,8173,买盘
1054,14:01:57,7.43,--,43,31949,买盘
1055,14:01:54,7.43,--,47,34921,买盘
1056,14:01:51,7.43,--,4,2972,买盘
1057,14:01:48,7.43,--,1,743,买盘
1058,14:01:45,7.43,0.01,84,62412,买盘
1059,14:01:42,7.42,-0.01,31,23002,卖盘
1060,14:01:39,7.43,0.01,95,70585,买盘
1061,14:01:36,7.42,-0.01,100,74200,卖盘
1062,14:01:33,7.43,--,136,101048,买盘
1063,14:01:30,7.43,--,7,5201,买盘
1064,14:01:27,7.43,0.01,174,129282,买盘
1065,14:01:24,7.42,-0.01,2,1484,卖盘
1066,14:01:21,7.43,--,23,17089,买盘
1067,14:01:18,7.43,0.01,457,339551,买盘
1068,14:01:15,7.42,--,57,42294,卖盘
1069,14:01:12,7.42,-0.01,1,742,卖盘
1070,14:01:09,7.43,--,21,15603,买盘
1071,14:01:06,7.43,--,45,33435,买盘
1072,14:01:03,7.43,0.01,237,176091,买盘
1073,14:01:00,7.42,-0.01,3,2226,卖盘
1074,14:00:57,7.43,--,60,44580,买盘
1075,14:00:54,7.43,--,32,23776,买盘
1076,14:00:51,7.43,--,43,31949,买盘
1077,14:00:48,7.43,0.01,36,26748,买盘
1078,14:00:45,7.42,--,49,36358,卖盘
1079,14:00:42,7.42,-0.01,6,4452,卖盘
1080,14:00:39,7.43,0.01,120,89160,买盘
1081,14:00:36,7.42,-0.01,50,37100,卖盘
1082,14:00:33,7.43,0.01,19,14117,买盘
1083,14:00:30,7.42,--,20,14840,卖盘
1084,14:00:27,7.42,-0.01,253,187726,卖盘
1085,14:00:24,7.43,--,23,17089,买盘
1086,14:00:21,7.43,--,663,492609,买盘
1087,14:00:18,7.43,--,111,82473,买盘
1088,14:00:15,7.43,--,182,135226,买盘
1089,14:00:12,7.43,--,68,50524,买盘
1090,14:00:09,7.43,--,60,44580,买盘
1091,14:00:06,7.43,0.01,78,57954,买盘
1092,14:00:03,7.42,-0.01,130,96460,卖盘
1093,13:59:57,7.43,0.01,43,31949,买盘
1094,13:59:54,7.42,--,26,19292,卖盘
1095,13:59:51,7.42,-0.01,38,28196,卖盘
1096,13:59:48,7.43,--,101,75043,买盘
1097,13:59:45,7.43,0.01,74,54982,买盘
1098,13:59:42,7.42,-0.01,67,49714,卖盘
1099,13:59:39,7.43,--,32,23776,买盘
1100,13:59:36,7.43,--,46,34178,买盘
1101,13:59:33,7.43,--,102,75786,买盘
1102,13:59:30,7.43,0.01,117,86931,买盘
1103,13:59:27,7.42,--,96,71232,卖盘
1104,13:59:24,7.42,-0.01,142,105364,卖盘
1105,13:59:21,7.43,--,137,101791,买盘
1106,13:59:18,7.43,0.01,81,60183,买盘
1107,13:59:15,7.42,-0.01,30,22260,卖盘
1108,13:59:12,7.43,0.01,3,2229,买盘
1109,13:59:09,7.42,-0.01,14,10388,卖盘
1110,13:59:06,7.43,0.01,27,20061,买盘
1111,13:59:03,7.42,--,10,7420,卖盘
1112,13:59:00,7.42,-0.01,15,11130,卖盘
1113,13:58:57,7.43,0.01,226,167918,买盘
1114,13:58:51,7.42,-0.01,11,8162,卖盘
1115,13:58:48,7.43,0.01,190,141170,买盘
1116,13:58:45,7.42,--,124,92008,卖盘
1117,13:58:42,7.42,--,153,113526,卖盘
1118,13:58:39,7.42,-0.01,65,48230,卖盘
1119,13:58:36,7.43,0.01,450,334350,买盘
1120,13:58:33,7.42,--,54,40068,卖盘
1121,13:58:30,7.42,-0.01,92,68264,卖盘
1122,13:58:27,7.43,--,96,71328,买盘
1123,13:58:24,7.43,--,355,263765,买盘
1124,13:58:21,7.43,--,43,31949,买盘
1125,13:58:18,7.43,0.01,12,8916,买盘
1126,13:58:15,7.42,--,182,135044,卖盘
1127,13:58:12,7.42,--,52,38584,卖盘
1128,13:58:09,7.42,--,42,31164,卖盘
1129,13:58:06,7.42,--,205,152110,卖盘
1130,13:58:03,7.42,--,66,48972,卖盘
1131,13:58:00,7.42,--,547,405874,卖盘
1132,13:57:57,7.42,--,449,333158,卖盘
1133,13:57:54,7.42,--,20,14840,卖盘
1134,13:57:51,7.42,-0.01,164,121688,卖盘
1135,13:57:48,7.43,--,72,53496,买盘
1136,13:57:45,7.43,--,43,31949,买盘
1137,13:57:42,7.43,--,110,81730,买盘
1138,13:57:39,7.43,0.01,132,98076,买盘
1139,13:57:36,7.42,--,128,94976,卖盘
1140,13:57:33,7.42,-0.01,250,185500,卖盘
1141,13:57:30,7.43,--,102,75786,买盘
1142,13:57:27,7.43,--,62,46066,买盘
1143,13:57:24,7.43,--,59,43837,买盘
1144,13:57:21,7.43,--,2,1486,买盘
1145,13:57:18,7.43,0.01,17,12631,买盘
1146,13:57:15,7.42,-0.01,10,7420,卖盘
1147,13:57:12,7.43,--,16,11888,买盘
1148,13:57:09,7.43,--,65,48295,买盘
1149,13:57:06,7.43,--,466,346238,买盘
1150,13:57:03,7.43,--,365,271195,买盘
1151,13:57:00,7.43,--,57,42351,买盘
1152,13:56:57,7.43,--,265,196895,卖盘
1153,13:56:54,7.43,--,81,60183,卖盘
1154,13:56:51,7.43,-0.01,293,217699,卖盘
1155,13:56:48,7.44,--,1192,886848,买盘
1156,13:56:45,7.44,0.01,256,190464,买盘
1157,13:56:42,7.43,-0.01,155,115165,卖盘
1158,13:56:39,7.44,--,2,1488,买盘
1159,13:56:36,7.44,--,13,9672,买盘
1160,13:56:33,7.44,--,550,409200,买盘
1161,13:56:30,7.44,0.01,46,34224,买盘
1162,13:56:27,7.43,--,283,210269,卖盘
1163,13:56:24,7.43,--,154,114422,卖盘
1164,13:56:21,7.43,--,49,36407,卖盘
1165,13:56:18,7.43,--,169,125567,卖盘
1166,13:56:15,7.43,-0.01,49,36407,卖盘
1167,13:56:12,7.44,0.01,15,11160,买盘
1168,13:56:09,7.43,--,176,130768,卖盘
1169,13:56:06,7.43,--,31,23033,卖盘
1170,13:56:03,7.43,-0.01,282,209526,卖盘
1171,13:55:57,7.44,0.01,72,53568,买盘
1172,13:55:54,7.43,-0.01,43,31949,卖盘
1173,13:55:51,7.44,0.01,17,12648,买盘
1174,13:55:48,7.43,--,3,2229,卖盘
1175,13:55:45,7.43,--,54,40122,卖盘
1176,13:55:42,7.43,--,89,66127,卖盘
1177,13:55:39,7.43,-0.01,136,101048,卖盘
1178,13:55:33,7.44,0.01,6,4464,买盘
1179,13:55:30,7.43,--,227,168661,卖盘
1180,13:55:27,7.43,-0.01,29,21547,卖盘
1181,13:55:24,7.44,--,32,23808,买盘
1182,13:55:21,7.44,0.01,356,264864,买盘
1183,13:55:18,7.43,--,60,44580,卖盘
1184,13:55:15,7.43,--,4,2972,卖盘
1185,13:55:12,7.43,-0.01,83,61669,卖盘
1186,13:55:09,7.44,--,972,723168,买盘
1187,13:55:06,7.44,0.01,146,108624,买盘
1188,13:55:03,7.43,--,19,14117,卖盘
1189,13:55:00,7.43,-0.01,20,14860,卖盘
1190,13:54:57,7.44,--,122,90768,买盘
1191,13:54:54,7.44,--,165,122760,买盘
1192,13:54:51,7.44,0.01,345,256680,买盘
1193,13:54:48,7.43,-0.01,42,31206,卖盘
1194,13:54:45,7.44,0.01,18,13392,买盘
1195,13:54:42,7.43,-0.01,422,313546,卖盘
1196,13:54:39,7.44,0.01,59,43896,买盘
1197,13:54:36,7.43,-0.01,851,632293,卖盘
1198,13:54:33,7.44,0.01,90,66960,买盘
1199,13:54:30,7.43,--,212,157516,卖盘
1200,13:54:27,7.43,--,126,93618,卖盘
1201,13:54:24,7.43,--,74,54982,卖盘
1202,13:54:21,7.43,--,119,88417,卖盘
1203,13:54:18,7.43,--,75,55725,卖盘
1204,13:54:15,7.43,--,74,54982,卖盘
1205,13:54:12,7.43,-0.01,50,37150,卖盘
1206,13:54:09,7.44,0.01,125,93000,买盘
1207,13:54:06,7.43,--,67,49781,卖盘
1208,13:54:03,7.43,-0.01,177,131511,卖盘
1209,13:54:00,7.44,--,68,50592,买盘
1210,13:53:57,7.44,0.01,4,2976,买盘
1211,13:53:54,7.43,-0.01,270,200610,卖盘
1212,13:53:51,7.44,--,87,64728,买盘
1213,13:53:48,7.44,--,53,39432,买盘
1214,13:53:45,7.44,0.01,101,75144,买盘
1215,13:53:42,7.43,--,116,86188,卖盘
1216,13:53:39,7.43,-0.01,123,91389,卖盘
1217,13:53:36,7.44,0.01,24,17856,买盘
1218,13:53:33,7.43,--,105,78015,卖盘
1219,13:53:30,7.43,-0.01,5,3715,卖盘
1220,13:53:27,7.44,--,68,50592,买盘
1221,13:53:24,7.44,0.01,39,29016,买盘
1222,13:53:21,7.43,--,144,106992,卖盘
1223,13:53:18,7.43,--,78,57954,卖盘
1224,13:53:15,7.43,--,21,15603,卖盘
1225,13:53:12,7.43,--,24,17832,卖盘
1226,13:53:09,7.43,-0.01,84,62412,卖盘
1227,13:53:06,7.44,0.01,24,17856,买盘
1228,13:53:03,7.43,--,49,36407,卖盘
1229,13:53:00,7.43,-0.01,151,112193,卖盘
1230,13:52:57,7.44,--,117,87048,买盘
1231,13:52:54,7.44,0.01,60,44640,买盘
1232,13:52:51,7.43,--,92,68356,卖盘
1233,13:52:48,7.43,-0.01,50,37150,卖盘
1234,13:52:45,7.44,--,21,15624,买盘
1235,13:52:42,7.44,0.01,111,82584,买盘
1236,13:52:39,7.43,--,64,47552,卖盘
1237,13:52:36,7.43,-0.01,46,34178,卖盘
1238,13:52:33,7.44,0.01,100,74400,买盘
1239,13:52:30,7.43,--,150,111450,卖盘
1240,13:52:27,7.43,-0.01,41,30463,卖盘
1241,13:52:24,7.44,0.01,19,14136,买盘
1242,13:52:21,7.43,-0.01,93,69099,卖盘
1243,13:52:18,7.44,0.01,68,50592,买盘
1244,13:52:15,7.43,--,6,4458,卖盘
1245,13:52:12,7.43,-0.01,62,46066,卖盘
1246,13:52:09,7.44,--,212,157728,买盘
1247,13:52:06,7.44,0.01,3,2232,买盘
1248,13:52:03,7.43,-0.01,351,260793,卖盘
1249,13:52:00,7.44,0.01,111,82584,买盘
1250,13:51:57,7.43,-0.01,230,170890,卖盘
1251,13:51:54,7.44,--,272,202368,买盘
1252,13:51:51,7.44,0.01,32,23808,买盘
1253,13:51:48,7.43,--,3,2229,卖盘
1254,13:51:45,7.43,--,12,8916,卖盘
1255,13:51:42,7.43,--,1,743,卖盘
1256,13:51:39,7.43,--,14,10402,卖盘
1257,13:51:36,7.43,--,110,81730,卖盘
1258,13:51:33,7.43,-0.01,19,14117,卖盘
1259,13:51:30,7.44,--,222,165168,买盘
1260,13:51:27,7.44,--,121,90024,买盘
1261,13:51:24,7.44,0.01,487,362328,买盘
1262,13:51:21,7.43,-0.01,78,57954,卖盘
1263,13:51:18,7.44,0.01,104,77376,买盘
1264,13:51:15,7.43,-0.01,132,98076,卖盘
1265,13:51:12,7.44,--,112,83328,买盘
1266,13:51:09,7.44,--,6,4464,买盘
1267,13:51:06,7.44,0.01,298,221712,买盘
1268,13:51:03,7.43,--,11,8173,卖盘
1269,13:51:00,7.43,-0.01,84,62412,卖盘
1270,13:50:57,7.44,0.01,4,2976,买盘
1271,13:50:54,7.43,-0.01,482,358126,卖盘
1272,13:50:51,7.44,--,103,76632,买盘
1273,13:50:48,7.44,--,116,86304,买盘
1274,13:50:45,7.44,0.01,2,1488,买盘
1275,13:50:42,7.43,-0.01,10,7430,卖盘
1276,13:50:39,7.44,--,584,434496,卖盘
1277,13:50:36,7.44,--,964,717216,卖盘
1278,13:50:33,7.44,--,10,7440,卖盘
1279,13:50:30,7.44,--,350,260400,卖盘
1280,13:50:27,7.44,--,125,93000,卖盘
1281,13:50:24,7.44,--,76,56544,卖盘
1282,13:50:21,7.44,--,79,58776,卖盘
1283,13:50:18,7.44,--,33,24552,卖盘
1284,13:50:15,7.44,-0.01,2,1488,卖盘
1285,13:50:12,7.45,0.01,2,1490,买盘
1286,13:50:09,7.44,-0.01,106,78864,卖盘
1287,13:50:06,7.45,0.01,15,11175,买盘
1288,13:50:03,7.44,-0.01,107,79608,卖盘
1289,13:50:00,7.45,--,2,1490,买盘
1290,13:49:57,7.45,--,47,35015,买盘
1291,13:49:54,7.45,0.01,101,75245,买盘
1292,13:49:51,7.44,-0.01,124,92256,卖盘
1293,13:49:48,7.45,--,33,24585,买盘
1294,13:49:45,7.45,0.01,31,23095,买盘
1295,13:49:42,7.44,-0.01,2,1488,卖盘
1296,13:49:39,7.45,--,32,23840,买盘
1297,13:49:36,7.45,--,43,32035,买盘
1298,13:49:33,7.45,--,70,52150,买盘
1299,13:49:30,7.45,--,10,7450,买盘
1300,13:49:27,7.45,--,5,3725,买盘
1301,13:49:24,7.45,--,80,59600,买盘
1302,13:49:21,7.45,0.01,1,745,买盘
1303,13:49:18,7.44,-0.01,21,15624,卖盘
1304,13:49:15,7.45,0.01,66,49170,买盘
1305,13:49:12,7.44,-0.01,34,25296,卖盘
1306,13:49:09,7.45,--,40,29800,买盘
1307,13:49:06,7.45,--,51,37995,买盘
1308,13:49:03,7.45,--,81,60345,买盘
1309,13:49:00,7.45,--,576,429120,买盘
1310,13:48:57,7.45,--,87,64815,买盘
1311,13:48:54,7.45,--,84,62580,买盘
1312,13:48:51,7.45,0.01,2,1490,买盘
1313,13:48:45,7.44,--,228,169632,卖盘
1314,13:48:42,7.44,--,4,2976,卖盘
1315,13:48:39,7.44,-0.01,512,380928,卖盘
1316,13:48:36,7.45,0.01,7,5215,买盘
1317,13:48:33,7.44,--,45,33480,卖盘
1318,13:48:30,7.44,--,565,420360,卖盘
1319,13:48:27,7.44,-0.01,286,212784,卖盘
1320,13:48:24,7.45,0.01,28,20860,买盘
1321,13:48:21,7.44,--,42,31248,卖盘
1322,13:48:18,7.44,--,372,276768,卖盘
1323,13:48:15,7.44,--,92,68448,卖盘
1324,13:48:12,7.44,--,25,18600,卖盘
1325,13:48:09,7.44,--,40,29760,卖盘
1326,13:48:06,7.44,--,30,22320,卖盘
1327,13:48:03,7.44,-0.01,53,39432,卖盘
1328,13:47:57,7.45,--,27,20115,买盘
1329,13:47:54,7.45,0.01,3,2235,买盘
1330,13:47:51,7.44,--,10,7440,卖盘
1331,13:47:45,7.44,--,71,52824,卖盘
1332,13:47:42,7.44,--,32,23808,卖盘
1333,13:47:39,7.44,-0.01,233,173352,卖盘
1334,13:47:36,7.45,0.01,112,83440,买盘
1335,13:47:33,7.44,-0.01,181,134664,卖盘
1336,13:47:30,7.45,--,103,76735,买盘
1337,13:47:24,7.45,--,33,24585,买盘
1338,13:47:21,7.45,--,78,58110,买盘
1339,13:47:18,7.45,0.01,1,745,买盘
1340,13:47:15,7.44,--,56,41664,卖盘
1341,13:47:12,7.44,-0.01,448,333312,卖盘
1342,13:47:09,7.45,0.01,6,4470,买盘
1343,13:47:06,7.44,--,3,2232,卖盘
1344,13:47:03,7.44,--,11,8184,卖盘
1345,13:47:00,7.44,-0.01,3,2232,卖盘
1346,13:46:57,7.45,--,15,11175,买盘
1347,13:46:48,7.45,--,61,45445,买盘
1348,13:46:45,7.45,0.01,105,78225,买盘
1349,13:46:42,7.44,--,5,3720,卖盘
1350,13:46:39,7.44,--,3,2232,卖盘
1351,13:46:36,7.44,-0.01,66,49104,卖盘
1352,13:46:33,7.45,0.01,266,198170,买盘
1353,13:46:30,7.44,--,8,5952,卖盘
1354,13:46:27,7.44,--,117,87048,卖盘
1355,13:46:24,7.44,--,146,108624,卖盘
1356,13:46:21,7.44,--,260,193440,卖盘
1357,13:46:18,7.44,--,82,61008,卖盘
1358,13:46:15,7.44,--,2,1488,卖盘
1359,13:46:12,7.44,--,61,45384,卖盘
1360,13:46:09,7.44,--,7,5208,卖盘
1361,13:46:06,7.44,-0.01,158,117552,卖盘
1362,13:46:00,7.45,--,2,1490,买盘
1363,13:45:57,7.45,0.01,127,94615,买盘
1364,13:45:54,7.44,--,16,11904,卖盘
1365,13:45:48,7.44,--,10,7440,卖盘
1366,13:45:45,7.44,-0.01,17,12648,卖盘
1367,13:45:42,7.45,0.01,100,74500,买盘
1368,13:45:39,7.44,-0.01,84,62496,卖盘
1369,13:45:36,7.45,0.01,1600,1192000,买盘
1370,13:45:33,7.44,-0.01,736,547584,卖盘
1371,13:45:30,7.45,--,4,2980,买盘
1372,13:45:27,7.45,--,24,17880,买盘
1373,13:45:24,7.45,0.01,15,11175,买盘
1374,13:45:21,7.44,-0.01,23,17112,卖盘
1375,13:45:18,7.45,0.01,194,144530,买盘
1376,13:45:15,7.44,-0.01,9,6696,卖盘
1377,13:45:12,7.45,--,54,40230,买盘
1378,13:45:06,7.45,--,26,19370,买盘
1379,13:45:03,7.45,0.01,11,8195,买盘
1380,13:45:00,7.44,-0.01,4,2976,卖盘
1381,13:44:57,7.45,--,25,18625,买盘
1382,13:44:54,7.45,--,92,68540,买盘
1383,13:44:51,7.45,0.01,2,1490,买盘
1384,13:44:48,7.44,-0.01,2,1488,卖盘
1385,13:44:45,7.45,0.01,3,2235,买盘
1386,13:44:42,7.44,--,16,11904,卖盘
1387,13:44:39,7.44,-0.01,6,4464,卖盘
1388,13:44:33,7.45,--,15,11175,买盘
1389,13:44:27,7.45,--,88,65560,买盘
1390,13:44:24,7.45,0.01,21,15645,买盘
1391,13:44:21,7.44,--,156,116064,卖盘
1392,13:44:18,7.44,-0.01,44,32736,卖盘
1393,13:44:15,7.45,--,623,464135,买盘
1394,13:44:12,7.45,--,117,87165,买盘
1395,13:44:09,7.45,0.01,190,141550,买盘
1396,13:44:06,7.44,--,12,8928,卖盘
1397,13:44:03,7.44,--,10,7440,卖盘
1398,13:44:00,7.44,-0.01,85,63946,卖盘
1399,13:43:57,7.45,--,86,64070,买盘
1400,13:43:54,7.45,--,35,26075,买盘
1401,13:43:51,7.45,--,24,17880,买盘
1402,13:43:48,7.45,0.01,7,5215,买盘
1403,13:43:45,7.44,-0.01,7,5208,卖盘
1404,13:43:42,7.45,0.01,3,2235,买盘
1405,13:43:39,7.44,-0.01,98,72912,卖盘
1406,13:43:36,7.45,--,15,11175,买盘
1407,13:43:33,7.45,--,152,113240,买盘
1408,13:43:30,7.45,--,8,5960,买盘
1409,13:43:27,7.45,0.01,35,26075,买盘
1410,13:43:24,7.44,--,1,744,卖盘
1411,13:43:21,7.44,-0.01,29,21576,卖盘
1412,13:43:18,7.45,0.01,15,11175,买盘
1413,13:43:15,7.44,-0.01,126,93744,卖盘
1414,13:43:12,7.45,--,53,39485,买盘
1415,13:43:09,7.45,--,32,23840,买盘
1416,13:43:06,7.45,0.01,168,125160,买盘
1417,13:43:03,7.44,-0.01,445,331080,卖盘
1418,13:43:00,7.45,--,409,304705,买盘
1419,13:42:57,7.45,--,24,17880,买盘
1420,13:42:54,7.45,0.01,45,33525,买盘
1421,13:42:51,7.44,-0.01,91,67704,卖盘
1422,13:42:48,7.45,0.01,5,3725,买盘
1423,13:42:45,7.44,--,74,55056,卖盘
1424,13:42:42,7.44,--,22,16368,卖盘
1425,13:42:39,7.44,-0.01,4,2976,卖盘
1426,13:42:36,7.45,--,40,29800,买盘
1427,13:42:33,7.45,--,280,208600,买盘
1428,13:42:30,7.45,--,2,1490,买盘
1429,13:42:27,7.45,--,662,493190,买盘
1430,13:42:24,7.45,--,2,1490,买盘
1431,13:42:21,7.45,--,39,29055,买盘
1432,13:42:18,7.45,--,46,34270,买盘
1433,13:42:15,7.45,--,2,1490,买盘
1434,13:42:12,7.45,0.01,139,103555,买盘
1435,13:42:09,7.44,-0.01,697,518568,卖盘
1436,13:42:06,7.45,--,41,30545,买盘
1437,13:42:03,7.45,--,38,28310,买盘
1438,13:42:00,7.45,--,149,111005,买盘
1439,13:41:57,7.45,0.01,42,31290,买盘
1440,13:41:54,7.44,-0.01,14,10416,卖盘
1441,13:41:48,7.45,--,124,92380,买盘
1442,13:41:45,7.45,--,8,5960,买盘
1443,13:41:42,7.45,0.01,72,53640,买盘
1444,13:41:39,7.44,-0.01,117,87048,卖盘
1445,13:41:36,7.45,--,29,21605,买盘
1446,13:41:33,7.45,--,41,30545,买盘
1447,13:41:30,7.45,--,44,32780,买盘
1448,13:41:27,7.45,--,69,51405,买盘
1449,13:41:24,7.45,0.01,17,12665,买盘
1450,13:41:21,7.44,-0.01,2,1488,卖盘
1451,13:41:18,7.45,--,30,22350,买盘
1452,13:41:15,7.45,--,27,20115,买盘
1453,13:41:12,7.45,--,91,67795,买盘
1454,13:41:09,7.45,0.01,54,40230,买盘
1455,13:41:06,7.44,-0.01,22,16368,卖盘
1456,13:41:03,7.45,0.01,68,50660,买盘
1457,13:41:00,7.44,-0.01,3,2232,卖盘
1458,13:40:57,7.45,--,68,50660,买盘
1459,13:40:54,7.45,--,219,163155,买盘
1460,13:40:51,7.45,0.01,2,1490,买盘
1461,13:40:48,7.44,--,6,4464,卖盘
1462,13:40:45,7.44,-0.01,3,2232,卖盘
1463,13:40:42,7.45,--,51,37995,买盘
1464,13:40:39,7.45,0.01,54,40230,买盘
1465,13:40:36,7.44,--,258,191952,卖盘
1466,13:40:33,7.44,-0.01,156,116064,卖盘
1467,13:40:30,7.45,--,14,10430,买盘
1468,13:40:27,7.45,0.01,52,38740,买盘
1469,13:40:24,7.44,--,6,4464,卖盘
1470,13:40:21,7.44,-0.01,47,34968,卖盘
1471,13:40:18,7.45,--,39,29055,买盘
1472,13:40:15,7.45,0.01,51,37995,买盘
1473,13:40:12,7.44,-0.01,156,116064,卖盘
1474,13:40:09,7.45,--,86,64070,买盘
1475,13:40:06,7.45,0.01,95,70775,买盘
1476,13:40:03,7.44,-0.01,100,74400,卖盘
1477,13:40:00,7.45,--,224,166880,买盘
1478,13:39:57,7.45,--,19,14155,买盘
1479,13:39:54,7.45,0.01,13,9685,买盘
1480,13:39:51,7.44,-0.01,50,37200,卖盘
1481,13:39:48,7.45,0.01,218,162410,买盘
1482,13:39:45,7.44,--,20,14880,卖盘
1483,13:39:42,7.44,--,6,4464,卖盘
1484,13:39:39,7.44,-0.01,6,4464,卖盘
1485,13:39:36,7.45,0.01,209,155705,买盘
1486,13:39:33,7.44,-0.01,40,29760,卖盘
1487,13:39:30,7.45,0.01,3,2235,买盘
1488,13:39:27,7.44,-0.01,10,7440,卖盘
1489,13:39:24,7.45,0.01,129,96105,买盘
1490,13:39:21,7.44,-0.01,14,10416,卖盘
1491,13:39:18,7.45,--,22,16390,买盘
1492,13:39:15,7.45,0.01,20,14900,买盘
1493,13:39:12,7.44,-0.01,4,3653,卖盘
1494,13:39:09,7.45,--,353,262985,买盘
1495,13:39:06,7.45,--,41,30545,买盘
1496,13:39:03,7.45,0.01,188,140060,买盘
1497,13:39:00,7.44,-0.01,10,7440,卖盘
1498,13:38:57,7.45,0.01,132,98623,买盘
1499,13:38:54,7.44,-0.01,366,273040,卖盘
1500,13:38:51,7.45,0.01,14,10430,买盘
1501,13:38:48,7.44,--,48,35712,卖盘
1502,13:38:45,7.44,--,35,26040,卖盘
1503,13:38:42,7.44,--,134,99696,卖盘
1504,13:38:39,7.44,--,19,14136,卖盘
1505,13:38:36,7.44,-0.01,191,142468,卖盘
1506,13:38:33,7.45,--,256,190720,买盘
1507,13:38:30,7.45,--,26,19370,买盘
1508,13:38:27,7.45,0.01,96,71520,买盘
1509,13:38:24,7.44,-0.01,312,232128,卖盘
1510,13:38:21,7.45,--,22,16390,买盘
1511,13:38:18,7.45,0.01,58,43210,买盘
1512,13:38:15,7.44,--,235,175308,卖盘
1513,13:38:12,7.44,-0.01,16,11904,卖盘
1514,13:38:09,7.45,0.01,21,15645,买盘
1515,13:38:06,7.44,--,57,42408,卖盘
1516,13:38:03,7.44,-0.01,854,635376,卖盘
1517,13:38:00,7.45,0.01,42,31290,买盘
1518,13:37:57,7.44,-0.01,169,125736,卖盘
1519,13:37:54,7.45,0.01,101,75632,买盘
1520,13:37:51,7.44,-0.01,128,95380,卖盘
1521,13:37:48,7.45,--,38,28310,买盘
1522,13:37:45,7.45,--,16,11920,买盘
1523,13:37:42,7.45,0.01,1,745,买盘
1524,13:37:39,7.44,-0.01,8,5952,卖盘
1525,13:37:36,7.45,--,117,87165,买盘
1526,13:37:33,7.45,--,1,745,买盘
1527,13:37:30,7.45,--,74,55130,买盘
1528,13:37:27,7.45,--,131,97595,买盘
1529,13:37:24,7.45,--,29,21605,买盘
1530,13:37:21,7.45,0.01,31,23095,买盘
1531,13:37:18,7.44,-0.01,337,250728,卖盘
1532,13:37:15,7.45,--,313,233185,买盘
1533,13:37:12,7.45,--,20,14900,买盘
1534,13:37:09,7.45,0.01,29,21605,买盘
1535,13:37:06,7.44,--,51,37944,卖盘
1536,13:37:03,7.44,-0.01,26,19344,卖盘
1537,13:37:00,7.45,--,56,41720,买盘
1538,13:36:57,7.45,--,2,1490,买盘
1539,13:36:51,7.45,--,266,198170,买盘
1540,13:36:48,7.45,--,264,196791,买盘
1541,13:36:42,7.45,--,300,223500,卖盘
1542,13:36:39,7.45,0.01,122,90890,买盘
1543,13:36:33,7.44,-0.01,68,50592,卖盘
1544,13:36:30,7.45,-0.01,134,99830,中性盘
1545,13:36:27,7.46,0.01,311,232677,买盘
1546,13:36:24,7.45,0.01,7,5215,买盘
1547,13:36:21,7.44,-0.01,3,2232,卖盘
1548,13:36:18,7.45,0.01,44,32780,买盘
1549,13:36:15,7.44,-0.02,116,86378,卖盘
1550,13:36:12,7.46,0.01,24,17904,买盘
1551,13:36:09,7.45,-0.01,156,116220,卖盘
1552,13:36:06,7.46,0.01,100,75271,买盘
1553,13:36:03,7.45,-0.01,10,7450,卖盘
1554,13:36:00,7.46,--,29,21634,买盘
1555,13:35:57,7.46,--,166,123836,买盘
1556,13:35:54,7.46,0.01,60,44760,买盘
1557,13:35:51,7.45,--,25,18625,买盘
1558,13:35:48,7.45,--,3,2235,买盘
1559,13:35:45,7.45,--,31,23095,买盘
1560,13:35:42,7.45,--,131,98042,卖盘
1561,13:35:39,7.45,-0.01,614,457430,卖盘
1562,13:35:36,7.46,--,89,66394,买盘
1563,13:35:33,7.46,--,136,101456,买盘
1564,13:35:30,7.46,--,14,10444,买盘
1565,13:35:24,7.46,0.01,120,89520,买盘
1566,13:35:21,7.45,0.01,1670,1244448,买盘
1567,13:35:18,7.44,-0.01,10,7440,卖盘
1568,13:35:15,7.45,--,126,93870,买盘
1569,13:35:12,7.45,--,16,11920,买盘
1570,13:35:09,7.45,--,104,77480,买盘
1571,13:35:06,7.45,--,28,20860,买盘
1572,13:35:03,7.45,--,315,234675,买盘
1573,13:35:00,7.45,--,339,252555,买盘
1574,13:34:57,7.45,--,93,69285,买盘
1575,13:34:54,7.45,0.01,23,17135,买盘
1576,13:34:51,7.44,-0.01,264,196416,卖盘
1577,13:34:45,7.45,--,309,230205,买盘
1578,13:34:42,7.45,--,112,83440,买盘
1579,13:34:39,7.45,0.01,80,59600,买盘
1580,13:34:36,7.44,--,63,46872,卖盘
1581,13:34:33,7.44,--,9,6696,卖盘
1582,13:34:30,7.44,-0.01,23,17112,卖盘
1583,13:34:27,7.45,--,1015,756175,买盘
1584,13:34:21,7.45,0.01,47,35015,买盘
1585,13:34:18,7.44,-0.01,26,19344,卖盘
1586,13:34:15,7.45,--,90,67050,买盘
1587,13:34:12,7.45,--,103,76735,买盘
1588,13:34:09,7.45,0.01,42,31290,买盘
1589,13:34:06,7.44,-0.01,3,2232,卖盘
1590,13:34:03,7.45,0.01,99,73755,买盘
1591,13:34:00,7.44,-0.01,67,49848,卖盘
1592,13:33:57,7.45,--,47,35015,买盘
1593,13:33:54,7.45,0.01,24,17880,买盘
1594,13:33:51,7.44,-0.01,193,143592,卖盘
1595,13:33:48,7.45,--,8,5960,买盘
1596,13:33:45,7.45,--,24,17880,买盘
1597,13:33:42,7.45,0.01,81,60345,买盘
1598,13:33:39,7.44,-0.01,60,44640,卖盘
1599,13:33:36,7.45,--,32,23840,买盘
1600,13:33:33,7.45,--,5,3725,买盘
1601,13:33:30,7.45,--,15,11175,买盘
1602,13:33:27,7.45,--,10,7450,买盘
1603,13:33:24,7.45,0.01,3,2235,买盘
1604,13:33:21,7.44,-0.01,124,92256,卖盘
1605,13:33:18,7.45,-0.01,2218,1652410,卖盘
1606,13:33:15,7.46,0.01,143,106678,买盘
1607,13:33:12,7.45,-0.01,89,66305,卖盘
1608,13:33:09,7.46,0.01,167,124582,买盘
1609,13:33:06,7.45,0.01,129,96105,买盘
1610,13:33:03,7.44,-0.01,22,16368,卖盘
1611,13:33:00,7.45,0.01,48,35760,买盘
1612,13:32:57,7.44,-0.01,82,61603,卖盘
1613,13:32:54,7.45,--,104,77480,买盘
1614,13:32:51,7.45,0.01,4,2980,买盘
1615,13:32:48,7.44,-0.01,1,744,卖盘
1616,13:32:45,7.45,-0.01,25,18625,中性盘
1617,13:32:42,7.46,0.02,160,119360,买盘
1618,13:32:39,7.44,-0.01,534,397296,卖盘
1619,13:32:36,7.45,--,13,9685,卖盘
1620,13:32:33,7.45,--,11,8195,卖盘
1621,13:32:27,7.45,--,137,102065,卖盘
1622,13:32:24,7.45,--,526,391870,卖盘
1623,13:32:21,7.45,-0.01,64,47680,卖盘
1624,13:32:18,7.46,--,287,214102,买盘
1625,13:32:15,7.46,0.01,117,87282,买盘
1626,13:32:12,7.45,--,321,239145,卖盘
1627,13:32:09,7.45,--,51,37995,卖盘
1628,13:32:06,7.45,-0.01,1025,763625,卖盘
1629,13:32:03,7.46,--,164,122344,买盘
1630,13:32:00,7.46,--,45,33570,买盘
1631,13:31:57,7.46,--,113,84298,买盘
1632,13:31:54,7.46,--,60,44760,买盘
1633,13:31:51,7.46,0.01,115,85790,买盘
1634,13:31:48,7.45,-0.01,315,234675,卖盘
1635,13:31:45,7.46,0.01,48,35808,买盘
1636,13:31:42,7.45,--,33,24585,卖盘
1637,13:31:39,7.45,--,17,12665,卖盘
1638,13:31:36,7.45,--,127,94615,卖盘
1639,13:31:33,7.45,-0.01,79,58855,卖盘
1640,13:31:30,7.46,0.01,60,44760,买盘
1641,13:31:27,7.45,--,10,7450,卖盘
1642,13:31:24,7.45,--,12,8940,卖盘
1643,13:31:21,7.45,-0.01,23,17135,卖盘
1644,13:31:18,7.46,0.01,78,58188,买盘
1645,13:31:15,7.45,-0.01,27,20115,卖盘
1646,13:31:12,7.46,--,81,60426,买盘
1647,13:31:09,7.46,--,379,282734,买盘
1648,13:31:06,7.46,0.01,192,143232,买盘
1649,13:31:03,7.45,--,55,40975,卖盘
1650,13:31:00,7.45,-0.01,448,333760,卖盘
1651,13:30:57,7.46,0.01,103,76838,买盘
1652,13:30:54,7.45,-0.01,413,307685,卖盘
1653,13:30:51,7.46,--,90,67140,买盘
1654,13:30:48,7.46,--,2,1492,买盘
1655,13:30:45,7.46,0.01,1016,757936,买盘
1656,13:30:42,7.45,--,10,7450,卖盘
1657,13:30:39,7.45,-0.01,190,141550,卖盘
1658,13:30:36,7.46,0.01,404,301384,买盘
1659,13:30:33,7.45,--,8,5960,卖盘
1660,13:30:30,7.45,--,10,7450,卖盘
1661,13:30:27,7.45,--,15,11175,卖盘
1662,13:30:24,7.45,-0.01,80,59600,卖盘
1663,13:30:21,7.46,--,237,176802,买盘
1664,13:30:18,7.46,0.01,2,1492,买盘
1665,13:30:15,7.45,-0.01,223,166135,卖盘
1666,13:30:12,7.46,--,184,137264,买盘
1667,13:30:09,7.46,0.01,61,45506,买盘
1668,13:30:06,7.45,--,1004,747980,卖盘
1669,13:30:03,7.45,-0.01,16,11920,卖盘
1670,13:30:00,7.46,--,57,42522,买盘
1671,13:29:57,7.46,0.01,36,26856,买盘
1672,13:29:54,7.45,-0.01,31,23095,卖盘
1673,13:29:51,7.46,--,73,54458,买盘
1674,13:29:48,7.46,0.01,8,5968,买盘
1675,13:29:45,7.45,--,50,37250,卖盘
1676,13:29:42,7.45,-0.01,245,182525,卖盘
1677,13:29:39,7.46,--,70,52220,买盘
1678,13:29:36,7.46,0.01,27,20142,买盘
1679,13:29:33,7.45,-0.01,1,745,卖盘
1680,13:29:30,7.46,0.01,44,32824,买盘
1681,13:29:27,7.45,-0.01,42,31290,卖盘
1682,13:29:24,7.46,0.01,41,30586,买盘
1683,13:29:21,7.45,-0.01,2,1490,卖盘
1684,13:29:18,7.46,0.01,24,17904,买盘
1685,13:29:15,7.45,--,28,20860,卖盘
1686,13:29:12,7.45,--,151,112495,卖盘
1687,13:29:09,7.45,--,62,46190,卖盘
1688,13:29:06,7.45,-0.01,4,2980,卖盘
1689,13:29:03,7.46,0.01,137,102202,买盘
1690,13:29:00,7.45,-0.01,31,23095,卖盘
1691,13:28:57,7.46,--,52,38792,买盘
1692,13:28:54,7.46,--,59,44014,买盘
1693,13:28:51,7.46,--,4,2984,买盘
1694,13:28:48,7.46,--,20,14920,买盘
1695,13:28:45,7.46,--,93,69378,买盘
1696,13:28:42,7.46,--,27,20142,买盘
1697,13:28:39,7.46,--,65,48490,买盘
1698,13:28:36,7.46,0.01,15,11190,买盘
1699,13:28:33,7.45,--,59,43955,卖盘
1700,13:28:30,7.45,-0.01,30,22350,卖盘
1701,13:28:27,7.46,--,9,6714,买盘
1702,13:28:24,7.46,0.01,67,49982,买盘
1703,13:28:21,7.45,-0.01,178,132610,卖盘
1704,13:28:18,7.46,0.01,140,104440,买盘
1705,13:28:15,7.45,-0.01,260,193700,卖盘
1706,13:28:12,7.46,0.01,35,26110,买盘
1707,13:28:09,7.45,-0.01,15,11175,卖盘
1708,13:28:06,7.46,--,4,2984,买盘
1709,13:28:00,7.46,-0.01,644,480424,卖盘
1710,13:27:57,7.47,--,24,17928,买盘
1711,13:27:54,7.47,0.01,23,17181,买盘
1712,13:27:51,7.46,--,19,14174,买盘
1713,13:27:48,7.46,--,55,41030,买盘
1714,13:27:45,7.46,--,102,76092,买盘
1715,13:27:42,7.46,0.01,52,38792,买盘
1716,13:27:39,7.45,-0.01,877,653365,卖盘
1717,13:27:36,7.46,--,20,14920,卖盘
1718,13:27:33,7.46,-0.01,45,33570,卖盘
1719,13:27:30,7.47,--,34,25398,买盘
1720,13:27:27,7.47,0.01,16,11952,买盘
1721,13:27:24,7.46,--,13,9698,卖盘
1722,13:27:21,7.46,--,3,2238,卖盘
1723,13:27:18,7.46,--,144,107424,买盘
1724,13:27:15,7.46,--,60,44760,买盘
1725,13:27:12,7.46,--,2,1492,买盘
1726,13:27:09,7.46,--,4,2984,卖盘
1727,13:27:06,7.46,--,25,18650,卖盘
1728,13:27:03,7.46,--,31,23126,卖盘
1729,13:27:00,7.46,--,200,149200,卖盘
1730,13:26:57,7.46,--,34,25364,卖盘
1731,13:26:54,7.46,-0.01,43,32078,卖盘
1732,13:26:51,7.47,0.01,14,10458,买盘
1733,13:26:48,7.46,--,47,35062,卖盘
1734,13:26:45,7.46,--,125,93250,买盘
1735,13:26:42,7.46,--,132,98472,买盘
1736,13:26:39,7.46,--,73,54458,买盘
1737,13:26:36,7.46,--,51,38046,买盘
1738,13:26:33,7.46,--,69,51474,卖盘
1739,13:26:30,7.46,--,228,170088,卖盘
1740,13:26:27,7.46,--,119,88774,卖盘
1741,13:26:24,7.46,--,34,25364,卖盘
1742,13:26:21,7.46,-0.01,32,23872,卖盘
1743,13:26:18,7.47,0.01,20,14940,买盘
1744,13:26:15,7.46,--,167,124582,卖盘
1745,13:26:12,7.46,-0.01,70,52220,卖盘
1746,13:26:09,7.47,0.01,16,11952,买盘
1747,13:26:06,7.46,-0.01,2,1492,卖盘
1748,13:26:03,7.47,0.01,134,100098,买盘
1749,13:26:00,7.46,-0.01,216,161136,卖盘
1750,13:25:57,7.47,0.01,372,277884,买盘
1751,13:25:54,7.46,0.01,33,24618,买盘
1752,13:25:51,7.45,--,1,745,卖盘
1753,13:25:48,7.45,-0.01,773,575885,卖盘
1754,13:25:45,7.46,--,53,39538,买盘
1755,13:25:42,7.46,--,3,2238,卖盘
1756,13:25:39,7.46,-0.01,3,2238,中性盘
1757,13:25:36,7.47,0.01,84,62748,买盘
1758,13:25:33,7.46,--,70,52220,卖盘
1759,13:25:30,7.46,-0.01,46,34316,卖盘
1760,13:25:27,7.47,0.01,2,1494,买盘
1761,13:25:24,7.46,--,126,93996,卖盘
1762,13:25:21,7.46,-0.01,2,1492,卖盘
1763,13:25:18,7.47,0.01,40,29880,买盘
1764,13:25:15,7.46,-0.01,55,41030,卖盘
1765,13:25:12,7.47,0.01,406,303282,买盘
1766,13:25:09,7.46,--,104,77584,卖盘
1767,13:25:06,7.46,-0.01,21,15666,卖盘
1768,13:25:03,7.47,0.01,225,168075,买盘
1769,13:25:00,7.46,--,85,63410,卖盘
1770,13:24:57,7.46,-0.01,30,22380,卖盘
1771,13:24:54,7.47,--,28,20916,买盘
1772,13:24:51,7.47,0.01,67,50049,买盘
1773,13:24:48,7.46,--,68,50728,卖盘
1774,13:24:42,7.46,--,63,46998,卖盘
1775,13:24:39,7.46,--,15,11190,卖盘
1776,13:24:36,7.46,--,4,2984,卖盘
1777,13:24:33,7.46,--,51,38046,卖盘
1778,13:24:30,7.46,-0.01,342,255132,卖盘
1779,13:24:27,7.47,0.01,236,176292,买盘
1780,13:24:24,7.46,--,10,7460,卖盘
1781,13:24:21,7.46,-0.01,15,11190,卖盘
1782,13:24:18,7.47,0.01,7,5229,买盘
1783,13:24:15,7.46,-0.01,2,1492,卖盘
1784,13:24:12,7.47,--,124,92628,买盘
1785,13:24:06,7.47,0.01,109,81423,买盘
1786,13:24:03,7.46,-0.01,142,105932,卖盘
1787,13:24:00,7.47,0.01,54,40338,买盘
1788,13:23:57,7.46,-0.01,506,377476,卖盘
1789,13:23:54,7.47,--,59,44073,买盘
1790,13:23:51,7.47,0.01,2,1494,买盘
1791,13:23:48,7.46,-0.01,21,15666,卖盘
1792,13:23:45,7.47,0.01,48,35856,买盘
1793,13:23:42,7.46,-0.01,142,105932,卖盘
1794,13:23:39,7.47,0.01,104,77688,买盘
1795,13:23:36,7.46,-0.01,42,31332,卖盘
1796,13:23:33,7.47,--,53,39591,买盘
1797,13:23:30,7.47,0.01,118,88146,买盘
1798,13:23:27,7.46,--,650,484900,卖盘
1799,13:23:24,7.46,--,50,37300,卖盘
1800,13:23:21,7.46,--,38,28348,卖盘
1801,13:23:18,7.46,--,28,20888,卖盘
1802,13:23:15,7.46,-0.01,2,1492,卖盘
1803,13:23:12,7.47,--,72,53784,买盘
1804,13:23:09,7.47,--,27,20169,买盘
1805,13:23:06,7.47,0.01,114,85158,买盘
1806,13:23:03,7.46,-0.01,234,174564,卖盘
1807,13:23:00,7.47,--,96,71712,买盘
1808,13:22:57,7.47,0.01,170,126990,买盘
1809,13:22:51,7.46,--,32,23872,卖盘
1810,13:22:48,7.46,-0.01,21,15666,卖盘
1811,13:22:45,7.47,--,62,46314,买盘
1812,13:22:42,7.47,0.01,234,174798,买盘
1813,13:22:39,7.46,--,7,5222,卖盘
1814,13:22:36,7.46,--,49,36554,卖盘
1815,13:22:33,7.46,--,113,84298,卖盘
1816,13:22:30,7.46,-0.01,228,170088,卖盘
1817,13:22:27,7.47,--,26,19422,买盘
1818,13:22:24,7.47,0.01,50,37350,买盘
1819,13:22:21,7.46,-0.01,10,7460,卖盘
1820,13:22:18,7.47,0.01,125,93375,买盘
1821,13:22:15,7.46,--,35,26110,卖盘
1822,13:22:12,7.46,--,553,412538,卖盘
1823,13:22:09,7.46,--,35,26110,卖盘
1824,13:22:06,7.46,-0.01,52,38792,卖盘
1825,13:22:03,7.47,0.01,19,14193,买盘
1826,13:22:00,7.46,--,222,165612,卖盘
1827,13:21:57,7.46,-0.01,17,12682,卖盘
1828,13:21:51,7.47,--,20,14940,买盘
1829,13:21:48,7.47,0.01,41,30627,买盘
1830,13:21:45,7.46,-0.01,31,23126,卖盘
1831,13:21:42,7.47,--,54,40338,买盘
1832,13:21:39,7.47,--,43,32121,买盘
1833,13:21:36,7.47,0.01,422,315234,买盘
1834,13:21:33,7.46,--,31,23126,卖盘
1835,13:21:30,7.46,--,792,590832,卖盘
1836,13:21:27,7.46,--,103,76838,卖盘
1837,13:21:24,7.46,-0.01,5,3730,卖盘
1838,13:21:21,7.47,--,154,115038,买盘
1839,13:21:18,7.47,--,126,94122,买盘
1840,13:21:15,7.47,0.01,46,34362,买盘
1841,13:21:12,7.46,-0.01,48,35808,卖盘
1842,13:21:09,7.47,0.01,73,54531,买盘
1843,13:21:06,7.46,--,58,43268,卖盘
1844,13:21:03,7.46,-0.01,52,38792,卖盘
1845,13:21:00,7.47,--,89,66483,买盘
1846,13:20:57,7.47,0.01,73,54531,买盘
1847,13:20:54,7.46,--,118,88028,卖盘
1848,13:20:51,7.46,--,12,8952,卖盘
1849,13:20:48,7.46,-0.01,1,746,卖盘
1850,13:20:45,7.47,0.01,75,56025,买盘
1851,13:20:42,7.46,-0.01,93,69378,卖盘
1852,13:20:39,7.47,0.01,79,59013,买盘
1853,13:20:36,7.46,-0.01,22,16412,卖盘
1854,13:20:33,7.47,--,88,65736,买盘
1855,13:20:30,7.47,0.01,75,56025,买盘
1856,13:20:27,7.46,-0.01,250,186500,卖盘
1857,13:20:24,7.47,--,29,21663,买盘
1858,13:20:21,7.47,0.01,14,10458,买盘
1859,13:20:18,7.46,-0.01,6,4476,卖盘
1860,13:20:15,7.47,0.01,136,101592,买盘
1861,13:20:12,7.46,--,57,42522,卖盘
1862,13:20:09,7.46,-0.01,5,3730,卖盘
1863,13:20:06,7.47,0.01,11,8217,买盘
1864,13:20:03,7.46,--,531,396126,卖盘
1865,13:20:00,7.46,-0.01,68,50728,卖盘
1866,13:19:57,7.47,--,53,39591,买盘
1867,13:19:54,7.47,--,10,7470,买盘
1868,13:19:51,7.47,--,21,15687,买盘
1869,13:19:48,7.47,0.01,114,85158,买盘
1870,13:19:45,7.46,-0.01,15,11190,卖盘
1871,13:19:42,7.47,--,37,27639,买盘
1872,13:19:39,7.47,--,18,13446,买盘
1873,13:19:36,7.47,--,257,191979,买盘
1874,13:19:33,7.47,--,38,28386,买盘
1875,13:19:30,7.47,0.01,82,61254,买盘
1876,13:19:27,7.46,-0.01,17,12682,卖盘
1877,13:19:24,7.47,0.01,2,1494,买盘
1878,13:19:21,7.46,--,89,66394,卖盘
1879,13:19:18,7.46,-0.01,72,53712,卖盘
1880,13:19:15,7.47,0.01,62,46314,买盘
1881,13:19:12,7.46,--,45,33570,卖盘
1882,13:19:09,7.46,--,51,38046,卖盘
1883,13:19:06,7.46,--,243,181278,卖盘
1884,13:19:03,7.46,--,5,3730,卖盘
1885,13:19:00,7.46,-0.01,3,2238,卖盘
1886,13:18:57,7.47,--,15,11205,买盘
1887,13:18:54,7.47,0.01,34,25398,买盘
1888,13:18:51,7.46,-0.01,50,37300,卖盘
1889,13:18:45,7.47,--,25,18675,买盘
1890,13:18:42,7.47,0.01,126,94122,买盘
1891,13:18:39,7.46,-0.01,58,43268,卖盘
1892,13:18:36,7.47,--,47,35109,买盘
1893,13:18:33,7.47,--,118,88146,买盘
1894,13:18:30,7.47,--,8,5976,买盘
1895,13:18:27,7.47,0.01,101,75447,买盘
1896,13:18:24,7.46,--,45,33570,卖盘
1897,13:18:21,7.46,-0.01,169,126074,卖盘
1898,13:18:18,7.47,0.01,20,14940,买盘
1899,13:18:15,7.46,-0.01,22,16412,卖盘
1900,13:18:12,7.47,0.01,43,32121,买盘
1901,13:18:09,7.46,-0.01,1,746,卖盘
1902,13:18:06,7.47,--,4,2988,买盘
1903,13:18:03,7.47,--,36,26892,买盘
1904,13:18:00,7.47,--,83,62001,买盘
1905,13:17:57,7.47,--,2,1494,买盘
1906,13:17:54,7.47,0.01,23,17181,买盘
1907,13:17:51,7.46,--,66,49236,卖盘
1908,13:17:48,7.46,--,13,9698,卖盘
1909,13:17:45,7.46,--,4,2984,卖盘
1910,13:17:42,7.46,-0.01,47,35062,卖盘
1911,13:17:39,7.47,--,10,7470,买盘
1912,13:17:36,7.47,--,26,19422,买盘
1913,13:17:33,7.47,--,99,73953,买盘
1914,13:17:30,7.47,0.01,186,138942,买盘
1915,13:17:27,7.46,--,125,93250,卖盘
1916,13:17:24,7.46,-0.01,1117,833282,卖盘
1917,13:17:21,7.47,0.01,14,10458,买盘
1918,13:17:18,7.46,-0.01,237,176802,卖盘
1919,13:17:15,7.47,--,34,25398,买盘
1920,13:17:12,7.47,--,2,1494,买盘
1921,13:17:09,7.47,--,81,60507,买盘
1922,13:17:06,7.47,0.01,26,19422,买盘
1923,13:17:03,7.46,-0.01,11,8206,卖盘
1924,13:17:00,7.47,0.01,2,1494,买盘
1925,13:16:57,7.46,--,66,49236,卖盘
1926,13:16:54,7.46,-0.01,20,14920,卖盘
1927,13:16:48,7.47,0.01,13,9711,买盘
1928,13:16:45,7.46,-0.01,108,80568,卖盘
1929,13:16:42,7.47,0.01,18,13446,买盘
1930,13:16:39,7.46,-0.01,435,324510,卖盘
1931,13:16:36,7.47,--,12,8964,买盘
1932,13:16:33,7.47,--,75,56025,买盘
1933,13:16:27,7.47,0.01,5,3735,买盘
1934,13:16:24,7.46,-0.01,14,10444,卖盘
1935,13:16:21,7.47,0.01,51,38097,买盘
1936,13:16:15,7.46,--,16,11936,卖盘
1937,13:16:12,7.46,--,64,47744,卖盘
1938,13:16:09,7.46,--,75,55950,卖盘
1939,13:16:03,7.46,-0.01,121,90266,卖盘
1940,13:16:00,7.47,0.01,16,11952,买盘
1941,13:15:57,7.46,-0.01,95,70870,卖盘
1942,13:15:54,7.47,--,221,165087,买盘
1943,13:15:51,7.47,--,3,2241,买盘
1944,13:15:48,7.47,--,39,29133,买盘
1945,13:15:45,7.47,0.01,88,65736,买盘
1946,13:15:42,7.46,-0.01,886,660956,卖盘
1947,13:15:39,7.47,0.01,32,23904,买盘
1948,13:15:36,7.46,--,36,26856,卖盘
1949,13:15:33,7.46,-0.01,68,50728,卖盘
1950,13:15:30,7.47,--,12,8964,买盘
1951,13:15:27,7.47,0.01,19,14193,买盘
1952,13:15:24,7.46,-0.01,6,4476,卖盘
1953,13:15:21,7.47,--,4,2988,买盘
1954,13:15:18,7.47,--,31,23157,买盘
1955,13:15:15,7.47,--,56,41832,买盘
1956,13:15:12,7.47,--,1,747,买盘
1957,13:15:09,7.47,0.01,27,20169,买盘
1958,13:15:06,7.46,-0.01,11,8206,卖盘
1959,13:15:03,7.47,0.01,30,22410,买盘
1960,13:15:00,7.46,-0.01,31,23126,卖盘
1961,13:14:57,7.47,--,120,89640,买盘
1962,13:14:54,7.47,--,16,11952,买盘
1963,13:14:48,7.47,--,240,179280,买盘
1964,13:14:45,7.47,--,102,76194,买盘
1965,13:14:42,7.47,0.01,1092,815724,买盘
1966,13:14:39,7.46,--,13,9698,卖盘
1967,13:14:36,7.46,-0.01,42,31332,卖盘
1968,13:14:33,7.47,0.01,70,52290,买盘
1969,13:14:30,7.46,--,111,82806,卖盘
1970,13:14:27,7.46,-0.01,24,17904,卖盘
1971,13:14:24,7.47,--,26,19422,买盘
1972,13:14:21,7.47,0.01,15,11205,买盘
1973,13:14:18,7.46,-0.01,48,35808,卖盘
1974,13:14:15,7.47,0.01,283,211401,买盘
1975,13:14:12,7.46,--,316,235736,卖盘
1976,13:14:09,7.46,-0.01,65,48490,卖盘
1977,13:14:06,7.47,0.01,9,6723,买盘
1978,13:14:03,7.46,-0.01,55,41030,卖盘
1979,13:14:00,7.47,--,3,2241,买盘
1980,13:13:57,7.47,--,114,85158,买盘
1981,13:13:54,7.47,--,84,62748,买盘
1982,13:13:48,7.47,--,301,224847,买盘
1983,13:13:45,7.47,0.01,10,7470,买盘
1984,13:13:42,7.46,-0.01,1,746,卖盘
1985,13:13:39,7.47,--,124,92628,买盘
1986,13:13:36,7.47,--,26,19422,买盘
1987,13:13:33,7.47,0.01,15,11205,买盘
1988,13:13:27,7.46,--,64,47744,卖盘
1989,13:13:24,7.46,--,21,15666,卖盘
1990,13:13:21,7.46,-0.01,19,14174,卖盘
1991,13:13:18,7.47,--,128,95616,买盘
1992,13:13:15,7.47,0.01,23,17181,买盘
1993,13:13:12,7.46,--,2,1492,卖盘
1994,13:13:09,7.46,-0.01,953,710938,卖盘
1995,13:13:06,7.47,--,59,44073,买盘
1996,13:13:03,7.47,--,84,62748,买盘
1997,13:13:00,7.47,0.01,12,8964,买盘
1998,13:12:57,7.46,-0.01,11,8206,卖盘
1999,13:12:54,7.47,0.01,8,5976,买盘
2000,13:12:51,7.46,-0.01,51,38046,卖盘
2001,13:12:48,7.47,0.01,76,56772,买盘
2002,13:12:42,7.46,-0.01,278,207388,卖盘
2003,13:12:39,7.47,0.01,43,32121,买盘
2004,13:12:36,7.46,-0.01,101,75346,卖盘
2005,13:12:33,7.47,--,55,41085,买盘
2006,13:12:30,7.47,--,138,103086,买盘
2007,13:12:27,7.47,0.01,58,43326,买盘
2008,13:12:24,7.46,-0.01,30,22380,卖盘
2009,13:12:21,7.47,--,148,110556,买盘
2010,13:12:18,7.47,--,50,37350,买盘
2011,13:12:15,7.47,0.01,107,79929,买盘
2012,13:12:12,7.46,-0.01,15,11190,卖盘
2013,13:12:09,7.47,--,236,176292,买盘
2014,13:12:06,7.47,0.01,18,13446,买盘
2015,13:12:03,7.46,--,38,28348,卖盘
2016,13:12:00,7.46,-0.01,225,167850,卖盘
2017,13:11:57,7.47,--,21,15687,买盘
2018,13:11:54,7.47,--,218,162846,买盘
2019,13:11:48,7.47,--,340,253980,买盘
2020,13:11:45,7.47,--,15,11205,买盘
2021,13:11:42,7.47,--,70,52290,买盘
2022,13:11:39,7.47,0.01,23,17181,买盘
2023,13:11:36,7.46,-0.01,7,5222,卖盘
2024,13:11:33,7.47,0.01,52,38844,买盘
2025,13:11:30,7.46,-0.01,55,41030,卖盘
2026,13:11:27,7.47,--,11,8217,买盘
2027,13:11:24,7.47,--,23,17181,买盘
2028,13:11:21,7.47,--,120,89640,买盘
2029,13:11:18,7.47,0.01,1122,838134,买盘
2030,13:11:15,7.46,--,34,25364,卖盘
2031,13:11:12,7.46,-0.01,52,38792,卖盘
2032,13:11:09,7.47,--,122,91134,买盘
2033,13:11:06,7.47,--,226,168822,买盘
2034,13:11:03,7.47,--,25,18675,买盘
2035,13:11:00,7.47,0.01,21,15687,买盘
2036,13:10:57,7.46,-0.01,20,14920,卖盘
2037,13:10:54,7.47,0.01,923,689481,买盘
2038,13:10:51,7.46,-0.01,23,17158,卖盘
2039,13:10:48,7.47,--,217,162382,买盘
2040,13:10:45,7.47,0.01,87,64989,买盘
2041,13:10:42,7.46,--,13,9698,卖盘
2042,13:10:39,7.46,--,32,23872,卖盘
2043,13:10:36,7.46,-0.01,1,746,卖盘
2044,13:10:33,7.47,--,38,28386,买盘
2045,13:10:30,7.47,--,43,32121,买盘
2046,13:10:27,7.47,0.01,52,38844,买盘
2047,13:10:24,7.46,--,2,1492,卖盘
2048,13:10:21,7.46,-0.01,8,5968,卖盘
2049,13:10:18,7.47,--,232,173304,买盘
2050,13:10:15,7.47,0.01,17,12699,买盘
2051,13:10:12,7.46,-0.01,254,189484,卖盘
2052,13:10:09,7.47,--,36,26892,买盘
2053,13:10:06,7.47,--,52,38844,买盘
2054,13:10:03,7.47,--,29,21663,买盘
2055,13:10:00,7.47,--,244,182268,买盘
2056,13:09:57,7.47,--,195,145665,买盘
2057,13:09:54,7.47,--,32,23904,买盘
2058,13:09:51,7.47,--,53,39591,买盘
2059,13:09:48,7.47,0.01,21,15687,买盘
2060,13:09:45,7.46,--,35,26110,卖盘
2061,13:09:39,7.46,-0.01,18,13428,卖盘
2062,13:09:36,7.47,--,2,1494,买盘
2063,13:09:33,7.47,0.01,452,337644,买盘
2064,13:09:30,7.46,--,4,2984,卖盘
2065,13:09:24,7.46,-0.01,172,128312,卖盘
2066,13:09:21,7.47,0.01,15,11205,买盘
2067,13:09:18,7.46,-0.01,6,4476,卖盘
2068,13:09:15,7.47,0.01,2,1494,买盘
2069,13:09:12,7.46,--,46,34316,卖盘
2070,13:09:09,7.46,--,74,55204,卖盘
2071,13:09:06,7.46,--,3,2238,卖盘
2072,13:09:03,7.46,-0.01,67,49982,卖盘
2073,13:09:00,7.47,0.01,22,16434,买盘
2074,13:08:57,7.46,-0.01,9,6714,卖盘
2075,13:08:54,7.47,--,105,78435,买盘
2076,13:08:51,7.47,--,277,206919,买盘
2077,13:08:48,7.47,--,140,104580,买盘
2078,13:08:45,7.47,--,3,2241,买盘
2079,13:08:42,7.47,0.01,25,18675,买盘
2080,13:08:39,7.46,--,58,43268,卖盘
2081,13:08:36,7.46,-0.01,816,608736,卖盘
2082,13:08:33,7.47,--,227,169569,买盘
2083,13:08:30,7.47,--,388,289836,买盘
2084,13:08:27,7.47,0.01,81,60507,买盘
2085,13:08:24,7.46,--,244,182024,卖盘
2086,13:08:18,7.46,-0.01,356,265576,卖盘
2087,13:08:15,7.47,0.01,18,13446,买盘
2088,13:08:12,7.46,-0.01,21,15666,卖盘
2089,13:08:09,7.47,0.01,24,17928,买盘
2090,13:08:06,7.46,--,27,20142,卖盘
2091,13:08:03,7.46,-0.01,38,28348,卖盘
2092,13:08:00,7.47,--,2,1494,买盘
2093,13:07:57,7.47,--,22,16434,买盘
2094,13:07:54,7.47,--,18,13446,买盘
2095,13:07:48,7.47,0.01,30,22410,买盘
2096,13:07:45,7.46,--,5,3730,卖盘
2097,13:07:42,7.46,--,36,26856,卖盘
2098,13:07:39,7.46,-0.01,58,43268,卖盘
2099,13:07:36,7.47,--,8,5976,买盘
2100,13:07:33,7.47,--,154,115038,买盘
2101,13:07:30,7.47,0.01,38,28386,买盘
2102,13:07:27,7.46,--,12,8952,卖盘
2103,13:07:24,7.46,--,12,8952,卖盘
2104,13:07:21,7.46,-0.01,88,65648,卖盘
2105,13:07:18,7.47,0.01,1,747,买盘
2106,13:07:15,7.46,--,99,73854,卖盘
2107,13:07:12,7.46,--,14,10444,卖盘
2108,13:07:09,7.46,-0.01,21,15666,卖盘
2109,13:07:06,7.47,0.01,51,38097,买盘
2110,13:07:03,7.46,-0.01,125,93250,卖盘
2111,13:07:00,7.47,--,33,24651,买盘
2112,13:06:57,7.47,0.01,55,41085,买盘
2113,13:06:54,7.46,--,4,2984,卖盘
2114,13:06:51,7.46,-0.01,12,8952,卖盘
2115,13:06:48,7.47,--,3,2241,买盘
2116,13:06:45,7.47,--,78,58266,买盘
2117,13:06:42,7.47,0.01,4,2988,买盘
2118,13:06:39,7.46,-0.01,10,7460,卖盘
2119,13:06:36,7.47,0.01,27,20169,买盘
2120,13:06:33,7.46,--,27,20142,卖盘
2121,13:06:30,7.46,--,9,6714,卖盘
2122,13:06:27,7.46,-0.01,36,26856,卖盘
2123,13:06:24,7.47,0.01,96,71712,买盘
2124,13:06:21,7.46,-0.01,34,25364,卖盘
2125,13:06:18,7.47,0.01,17,12699,买盘
2126,13:06:15,7.46,-0.01,164,122344,卖盘
2127,13:06:12,7.47,0.01,163,121761,买盘
2128,13:06:09,7.46,--,79,58934,卖盘
2129,13:06:06,7.46,-0.01,49,36554,卖盘
2130,13:06:03,7.47,--,29,21663,买盘
2131,13:05:54,7.47,--,10,7470,买盘
2132,13:05:51,7.47,0.01,1419,1059993,买盘
2133,13:05:48,7.46,--,16,11936,卖盘
2134,13:05:45,7.46,--,37,27602,卖盘
2135,13:05:42,7.46,-0.01,232,173072,卖盘
2136,13:05:39,7.47,0.01,339,253233,买盘
2137,13:05:36,7.46,-0.01,21,15666,卖盘
2138,13:05:33,7.47,0.01,101,75447,买盘
2139,13:05:30,7.46,-0.01,34,25364,卖盘
2140,13:05:27,7.47,--,53,39591,买盘
2141,13:05:24,7.47,0.01,75,56025,买盘
2142,13:05:21,7.46,-0.01,13,9698,卖盘
2143,13:05:18,7.47,--,28,20916,买盘
2144,13:05:15,7.47,0.01,43,32121,买盘
2145,13:05:12,7.46,--,3,2238,卖盘
2146,13:05:09,7.46,-0.01,33,24618,卖盘
2147,13:05:06,7.47,--,222,165834,买盘
2148,13:05:00,7.47,0.01,2,1494,买盘
2149,13:04:57,7.46,-0.01,26,19396,卖盘
2150,13:04:54,7.47,--,108,80676,买盘
2151,13:04:51,7.47,0.01,13,9711,买盘
2152,13:04:48,7.46,-0.01,118,88028,卖盘
2153,13:04:45,7.47,0.01,84,62748,买盘
2154,13:04:42,7.46,--,31,23126,卖盘
2155,13:04:36,7.46,--,18,13428,卖盘
2156,13:04:33,7.46,--,20,14920,卖盘
2157,13:04:30,7.46,-0.01,50,37300,卖盘
2158,13:04:27,7.47,0.01,89,66483,买盘
2159,13:04:24,7.46,--,14,10444,卖盘
2160,13:04:21,7.46,--,404,301384,卖盘
2161,13:04:18,7.46,--,169,126074,卖盘
2162,13:04:15,7.46,-0.01,38,28348,卖盘
2163,13:04:12,7.47,--,242,180774,买盘
2164,13:04:09,7.47,--,65,48555,买盘
2165,13:04:06,7.47,0.01,104,77688,买盘
2166,13:04:03,7.46,-0.01,31,23126,卖盘
2167,13:04:00,7.47,--,254,189738,买盘
2168,13:03:57,7.47,--,8,5976,买盘
2169,13:03:54,7.47,--,6,4482,买盘
2170,13:03:51,7.47,--,304,227088,买盘
2171,13:03:48,7.47,--,46,34362,买盘
2172,13:03:45,7.47,--,49,36603,买盘
2173,13:03:39,7.47,--,16,11952,买盘
2174,13:03:36,7.47,--,8,5976,买盘
2175,13:03:33,7.47,-0.01,110,82170,中性盘
2176,13:03:30,7.48,0.01,31,23188,买盘
2177,13:03:27,7.47,-0.01,2,1494,中性盘
2178,13:03:24,7.48,0.01,268,200464,买盘
2179,13:03:21,7.47,-0.01,502,374994,卖盘
2180,13:03:18,7.48,--,91,68068,买盘
2181,13:03:15,7.48,0.01,749,560252,买盘
2182,13:03:12,7.47,--,190,141930,卖盘
2183,13:03:09,7.47,-0.01,237,177039,卖盘
2184,13:03:06,7.48,--,339,253572,买盘
2185,13:03:03,7.48,--,37,27676,买盘
2186,13:02:57,7.48,0.01,19,14212,买盘
2187,13:02:54,7.47,-0.01,32,23904,卖盘
2188,13:02:51,7.48,0.01,14,10472,买盘
2189,13:02:48,7.47,-0.01,100,74700,卖盘
2190,13:02:45,7.48,--,157,117436,买盘
2191,13:02:42,7.48,--,17,12716,买盘
2192,13:02:39,7.48,--,107,80036,买盘
2193,13:02:36,7.48,--,1,748,买盘
2194,13:02:33,7.48,--,14,10472,买盘
2195,13:02:30,7.48,--,190,142120,买盘
2196,13:02:27,7.48,--,133,99484,买盘
2197,13:02:24,7.48,--,43,32164,买盘
2198,13:02:21,7.48,--,53,39644,买盘
2199,13:02:18,7.48,0.01,14,10472,买盘
2200,13:02:15,7.47,-0.01,112,83664,卖盘
2201,13:02:12,7.48,--,16,11968,买盘
2202,13:02:09,7.48,--,128,95744,买盘
2203,13:02:06,7.48,0.01,65,48620,买盘
2204,13:02:03,7.47,--,82,61254,卖盘
2205,13:02:00,7.47,-0.01,203,151641,卖盘
2206,13:01:57,7.48,--,144,107712,买盘
2207,13:01:54,7.48,--,100,74800,买盘
2208,13:01:51,7.48,0.01,29,21692,买盘
2209,13:01:48,7.47,-0.01,45,33615,卖盘
2210,13:01:45,7.48,0.01,20,14960,买盘
2211,13:01:39,7.47,-0.01,20,14940,卖盘
2212,13:01:36,7.48,--,4,2992,买盘
2213,13:01:33,7.48,0.01,90,67320,买盘
2214,13:01:30,7.47,-0.01,20,14940,卖盘
2215,13:01:27,7.48,--,132,98736,买盘
2216,13:01:24,7.48,--,28,20944,买盘
2217,13:01:21,7.48,--,29,21692,买盘
2218,13:01:18,7.48,--,20,14960,买盘
2219,13:01:15,7.48,--,118,88264,买盘
2220,13:01:12,7.48,0.01,73,54604,买盘
2221,13:01:09,7.47,-0.01,50,37350,卖盘
2222,13:01:06,7.48,0.01,60,44880,买盘
2223,13:01:03,7.47,--,94,70218,卖盘
2224,13:00:57,7.47,-0.01,154,115038,卖盘
2225,13:00:54,7.48,--,31,23188,买盘
2226,13:00:51,7.48,0.01,46,34408,买盘
2227,13:00:48,7.47,-0.01,163,121761,卖盘
2228,13:00:45,7.48,--,12,8976,买盘
2229,13:00:42,7.48,--,40,29920,买盘
2230,13:00:39,7.48,--,2,1496,买盘
2231,13:00:36,7.48,--,14,10472,买盘
2232,13:00:33,7.48,--,129,96492,买盘
2233,13:00:30,7.48,--,77,57596,买盘
2234,13:00:27,7.48,--,30,22440,买盘
2235,13:00:24,7.48,--,67,50116,买盘
2236,13:00:21,7.48,--,29,21692,买盘
2237,13:00:18,7.48,0.01,4,2992,买盘
2238,13:00:15,7.47,--,55,41085,卖盘
2239,13:00:12,7.47,--,28,20916,卖盘
2240,13:00:09,7.47,0.01,446,333162,买盘
2241,13:00:06,7.46,--,665,496090,卖盘
2242,13:00:03,7.46,-0.01,17044,12715420,卖盘
2243,13:00:00,7.47,--,0,0,买盘
2244,11:30:00,7.47,0.01,15,11205,买盘
2245,11:29:57,7.46,-0.01,28,20888,卖盘
2246,11:29:54,7.47,--,73,54531,买盘
2247,11:29:51,7.47,--,122,91134,买盘
2248,11:29:48,7.47,--,55,41085,买盘
2249,11:29:45,7.47,0.01,205,153135,买盘
2250,11:29:42,7.46,--,27,20142,卖盘
2251,11:29:39,7.46,-0.01,52,38792,卖盘
2252,11:29:36,7.47,--,71,53037,买盘
2253,11:29:33,7.47,--,62,46314,买盘
2254,11:29:30,7.47,0.01,806,602082,买盘
2255,11:29:27,7.46,-0.01,286,213356,卖盘
2256,11:29:24,7.47,--,39,29133,买盘
2257,11:29:21,7.47,0.01,752,561744,买盘
2258,11:29:18,7.46,--,62,46252,卖盘
2259,11:29:15,7.46,--,164,122344,卖盘
2260,11:29:12,7.46,--,77,57442,卖盘
2261,11:29:09,7.46,--,50,37300,卖盘
2262,11:29:06,7.46,-0.01,36,26856,卖盘
2263,11:29:03,7.47,--,42,31374,买盘
2264,11:29:00,7.47,--,84,62748,买盘
2265,11:28:57,7.47,--,2,1494,买盘
2266,11:28:54,7.47,0.01,45,33615,买盘
2267,11:28:51,7.46,--,30,22380,卖盘
2268,11:28:48,7.46,-0.01,36,26856,卖盘
2269,11:28:42,7.47,0.01,28,20916,买盘
2270,11:28:39,7.46,--,17,12682,买盘
2271,11:28:36,7.46,--,19,14174,买盘
2272,11:28:33,7.46,-0.01,116,87132,卖盘
2273,11:28:30,7.47,--,65,48555,买盘
2274,11:28:27,7.47,0.01,25,18675,买盘
2275,11:28:24,7.46,-0.01,2,1492,卖盘
2276,11:28:21,7.47,--,14,10458,买盘
2277,11:28:18,7.47,--,56,41832,买盘
2278,11:28:15,7.47,--,4,2988,买盘
2279,11:28:12,7.47,0.01,482,360054,买盘
2280,11:28:09,7.46,-0.01,453,337938,卖盘
2281,11:28:06,7.47,0.01,299,223353,买盘
2282,11:28:03,7.46,-0.01,82,61172,卖盘
2283,11:27:57,7.47,0.01,51,38097,买盘
2284,11:27:54,7.46,-0.01,31,23126,卖盘
2285,11:27:51,7.47,--,10,7470,买盘
2286,11:27:48,7.47,--,529,395163,买盘
2287,11:27:45,7.47,--,23,17181,买盘
2288,11:27:42,7.47,0.01,63,47061,买盘
2289,11:27:39,7.46,-0.01,45,33570,卖盘
2290,11:27:36,7.47,--,44,32868,买盘
2291,11:27:33,7.47,--,2,1494,买盘
2292,11:27:30,7.47,0.01,1717,1282599,买盘
2293,11:27:27,7.46,-0.01,463,345398,卖盘
2294,11:27:24,7.47,0.01,101,75447,买盘
2295,11:27:21,7.46,--,53,39538,卖盘
2296,11:27:18,7.46,-0.01,574,428204,卖盘
2297,11:27:15,7.47,--,42,31374,买盘
2298,11:27:12,7.47,0.01,5,3735,买盘
2299,11:27:09,7.46,--,206,153676,卖盘
2300,11:27:06,7.46,-0.01,896,668416,卖盘
2301,11:27:03,7.47,0.01,91,67977,买盘
2302,11:27:00,7.46,--,38,28348,卖盘
2303,11:26:57,7.46,-0.01,148,110408,卖盘
2304,11:26:54,7.47,--,77,57519,买盘
2305,11:26:48,7.47,0.01,509,380223,买盘
2306,11:26:45,7.46,--,61,45506,卖盘
2307,11:26:42,7.46,--,74,55204,卖盘
2308,11:26:39,7.46,-0.01,150,111900,卖盘
2309,11:26:36,7.47,0.01,5,3735,买盘
2310,11:26:33,7.46,-0.01,161,120106,卖盘
2311,11:26:30,7.47,0.01,240,179280,买盘
2312,11:26:27,7.46,--,238,177548,卖盘
2313,11:26:24,7.46,--,7,5222,卖盘
2314,11:26:21,7.46,-0.01,219,163374,卖盘
2315,11:26:18,7.47,0.01,7,5229,买盘
2316,11:26:15,7.46,-0.01,129,96234,卖盘
2317,11:26:12,7.47,--,39,29133,买盘
2318,11:26:09,7.47,--,80,59760,买盘
2319,11:26:06,7.47,0.01,122,91134,买盘
2320,11:26:03,7.46,-0.01,157,117122,卖盘
2321,11:25:57,7.47,0.01,321,239787,买盘
2322,11:25:54,7.46,-0.01,53,39538,卖盘
2323,11:25:51,7.47,--,560,418320,买盘
2324,11:25:48,7.47,--,32,23904,买盘
2325,11:25:45,7.47,--,371,277137,买盘
2326,11:25:42,7.47,--,60,44820,买盘
2327,11:25:39,7.47,--,189,141183,买盘
2328,11:25:36,7.47,--,30,22410,买盘
2329,11:25:33,7.47,--,31,23157,买盘
2330,11:25:30,7.47,--,72,53784,买盘
2331,11:25:27,7.47,--,28,20916,买盘
2332,11:25:24,7.47,--,106,79182,买盘
2333,11:25:21,7.47,--,342,255474,买盘
2334,11:25:18,7.47,--,36,26892,买盘
2335,11:25:15,7.47,0.01,42,31374,买盘
2336,11:25:12,7.46,-0.01,62,46252,卖盘
2337,11:25:09,7.47,--,28,20916,买盘
2338,11:25:06,7.47,--,178,132966,买盘
2339,11:25:03,7.47,--,328,245016,买盘
2340,11:25:00,7.47,--,1352,1009944,买盘
2341,11:24:57,7.47,--,44,32868,买盘
2342,11:24:54,7.47,--,161,120267,买盘
2343,11:24:51,7.47,--,912,681264,买盘
2344,11:24:48,7.47,--,36,26892,买盘
2345,11:24:45,7.47,--,155,115785,买盘
2346,11:24:42,7.47,--,53,39591,买盘
2347,11:24:39,7.47,0.01,264,197208,买盘
2348,11:24:36,7.46,-0.01,967,721382,卖盘
2349,11:24:33,7.47,--,135,100845,买盘
2350,11:24:30,7.47,--,55,41085,买盘
2351,11:24:27,7.47,--,392,292824,买盘
2352,11:24:24,7.47,--,9,6723,买盘
2353,11:24:21,7.47,0.01,269,200943,买盘
2354,11:24:18,7.46,-0.01,52,38792,卖盘
2355,11:24:15,7.47,0.01,35,26145,买盘
2356,11:24:12,7.46,--,45,33570,卖盘
2357,11:24:09,7.46,-0.01,353,263338,卖盘
2358,11:24:06,7.47,--,621,463887,买盘
2359,11:24:03,7.47,--,190,141930,买盘
2360,11:24:00,7.47,--,53,39591,买盘
2361,11:23:57,7.47,--,124,92628,买盘
2362,11:23:54,7.47,--,193,144320,买盘
2363,11:23:51,7.47,0.01,269,200943,买盘
2364,11:23:48,7.46,-0.01,40,29840,卖盘
2365,11:23:45,7.47,0.01,936,699192,买盘
2366,11:23:42,7.46,-0.01,10,7460,买盘
2367,11:23:39,7.47,--,217,162099,买盘
2368,11:23:36,7.47,--,14,10458,买盘
2369,11:23:33,7.47,--,353,263989,买盘
2370,11:23:30,7.47,--,71,53037,买盘
2371,11:23:27,7.47,0.01,233,174051,买盘
2372,11:23:24,7.46,-0.01,36,26856,卖盘
2373,11:23:21,7.47,0.01,86,64242,买盘
2374,11:23:18,7.46,--,331,247373,买盘
2375,11:23:15,7.46,0.01,250,186500,买盘
2376,11:23:12,7.45,-0.01,8,5960,卖盘
2377,11:23:09,7.46,--,871,649766,买盘
2378,11:23:06,7.46,0.01,98,73108,买盘
2379,11:23:03,7.45,-0.01,122,90890,卖盘
2380,11:23:00,7.46,--,83,61918,买盘
2381,11:22:57,7.46,--,608,453568,买盘
2382,11:22:54,7.46,--,47,35062,买盘
2383,11:22:51,7.46,--,155,115630,买盘
2384,11:22:48,7.46,--,55,41030,买盘
2385,11:22:45,7.46,--,283,211118,买盘
2386,11:22:42,7.46,--,205,152930,买盘
2387,11:22:39,7.46,--,400,298400,买盘
2388,11:22:36,7.46,--,505,376730,买盘
2389,11:22:33,7.46,--,1435,1070510,买盘
2390,11:22:30,7.46,--,147,109662,买盘
2391,11:22:27,7.46,--,409,305114,买盘
2392,11:22:24,7.46,--,1400,1044400,买盘
2393,11:22:21,7.46,--,213,158898,买盘
2394,11:22:18,7.46,--,28,20888,买盘
2395,11:22:15,7.46,0.01,276,205896,买盘
2396,11:22:12,7.45,-0.01,188,140060,卖盘
2397,11:22:09,7.46,--,111,82806,买盘
2398,11:22:06,7.46,--,98,73108,买盘
2399,11:22:03,7.46,0.01,222,165612,买盘
2400,11:22:00,7.45,--,41,30545,卖盘
2401,11:21:57,7.45,-0.01,57,42465,卖盘
2402,11:21:54,7.46,--,600,447600,买盘
2403,11:21:51,7.46,0.01,33,24618,买盘
2404,11:21:48,7.45,-0.01,12,8940,卖盘
2405,11:21:45,7.46,--,179,133534,买盘
2406,11:21:42,7.46,--,17,12682,买盘
2407,11:21:39,7.46,--,77,57442,买盘
2408,11:21:36,7.46,--,93,69378,买盘
2409,11:21:33,7.46,--,299,223054,买盘
2410,11:21:30,7.46,0.01,27,20142,买盘
2411,11:21:27,7.45,-0.01,184,137080,卖盘
2412,11:21:24,7.46,--,87,64902,买盘
2413,11:21:21,7.46,--,67,49982,买盘
2414,11:21:15,7.46,0.01,4,2984,买盘
2415,11:21:12,7.45,-0.01,177,131865,卖盘
2416,11:21:09,7.46,--,391,291686,买盘
2417,11:21:06,7.46,0.01,526,392396,买盘
2418,11:21:03,7.45,-0.01,73,54385,卖盘
2419,11:21:00,7.46,0.01,16,11936,买盘
2420,11:20:57,7.45,--,30,22350,卖盘
2421,11:20:54,7.45,-0.01,24,17880,卖盘
2422,11:20:51,7.46,--,195,145470,买盘
2423,11:20:48,7.46,0.01,50,37300,买盘
2424,11:20:45,7.45,--,42,31290,卖盘
2425,11:20:42,7.45,-0.01,98,73010,卖盘
2426,11:20:39,7.46,0.01,90,67140,买盘
2427,11:20:36,7.45,-0.01,361,268945,卖盘
2428,11:20:33,7.46,0.01,189,140994,买盘
2429,11:20:30,7.45,-0.01,99,73755,卖盘
2430,11:20:27,7.46,--,52,38792,买盘
2431,11:20:21,7.46,--,43,32078,买盘
2432,11:20:18,7.46,--,4,2984,买盘
2433,11:20:15,7.46,0.01,208,155168,买盘
2434,11:20:12,7.45,--,41,30545,卖盘
2435,11:20:09,7.45,-0.01,34,25330,卖盘
2436,11:20:06,7.46,0.01,44,32824,买盘
2437,11:20:03,7.45,--,118,87910,卖盘
2438,11:20:00,7.45,-0.01,85,63325,卖盘
2439,11:19:57,7.46,--,379,282734,买盘
2440,11:19:54,7.46,0.01,170,126820,买盘
2441,11:19:51,7.45,--,1,745,卖盘
2442,11:19:48,7.45,-0.01,228,169860,卖盘
2443,11:19:45,7.46,--,40,29840,买盘
2444,11:19:42,7.46,0.01,50,37300,买盘
2445,11:19:39,7.45,-0.01,185,137825,卖盘
2446,11:19:36,7.46,--,30,22380,买盘
2447,11:19:30,7.46,--,95,70870,买盘
2448,11:19:27,7.46,--,21,15666,买盘
2449,11:19:24,7.46,--,4,2984,买盘
2450,11:19:21,7.46,--,195,145470,买盘
2451,11:19:18,7.46,--,31,23126,买盘
2452,11:19:15,7.46,--,16,11936,买盘
2453,11:19:12,7.46,--,58,43268,买盘
2454,11:19:09,7.46,--,18,13428,买盘
2455,11:19:06,7.46,--,55,41030,买盘
2456,11:19:03,7.46,--,194,144724,买盘
2457,11:19:00,7.46,--,112,83552,买盘
2458,11:18:54,7.46,--,165,123090,买盘
2459,11:18:51,7.46,--,182,135772,买盘
2460,11:18:48,7.46,--,132,98472,买盘
2461,11:18:45,7.46,0.01,180,134280,买盘
2462,11:18:42,7.45,-0.01,2,1490,卖盘
2463,11:18:39,7.46,--,48,35808,买盘
2464,11:18:36,7.46,--,61,45506,买盘
2465,11:18:33,7.46,--,85,63410,买盘
2466,11:18:30,7.46,0.01,7,5222,买盘
2467,11:18:27,7.45,-0.01,350,260750,卖盘
2468,11:18:24,7.46,0.01,16,11936,买盘
2469,11:18:21,7.45,-0.01,4,2980,卖盘
2470,11:18:18,7.46,--,2,1492,买盘
2471,11:18:15,7.46,0.01,62,46252,买盘
2472,11:18:12,7.45,-0.01,15,11175,卖盘
2473,11:18:09,7.46,--,582,434172,买盘
2474,11:18:06,7.46,--,33,24618,买盘
2475,11:18:03,7.46,--,23,17158,买盘
2476,11:18:00,7.46,0.01,89,66394,买盘
2477,11:17:57,7.45,-0.01,50,37250,卖盘
2478,11:17:54,7.46,0.01,140,104440,买盘
2479,11:17:51,7.45,-0.01,185,137825,卖盘
2480,11:17:48,7.46,0.01,28,20888,买盘
2481,11:17:45,7.45,-0.01,77,57365,卖盘
2482,11:17:42,7.46,0.01,73,54458,买盘
2483,11:17:39,7.45,--,158,117710,卖盘
2484,11:17:36,7.45,--,70,52150,卖盘
2485,11:17:33,7.45,--,177,131865,卖盘
2486,11:17:30,7.45,-0.01,18,13410,卖盘
2487,11:17:27,7.46,0.01,8,5968,买盘
2488,11:17:24,7.45,--,3,2235,卖盘
2489,11:17:21,7.45,-0.01,34,25330,卖盘
2490,11:17:18,7.46,--,15,11190,买盘
2491,11:17:15,7.46,0.01,163,121598,买盘
2492,11:17:12,7.45,-0.01,129,96105,卖盘
2493,11:17:09,7.46,--,2,1492,买盘
2494,11:17:06,7.46,--,68,50728,买盘
2495,11:17:03,7.46,0.01,85,63410,买盘
2496,11:17:00,7.45,--,92,68540,卖盘
2497,11:16:57,7.45,--,162,120690,卖盘
2498,11:16:54,7.45,--,190,141550,卖盘
2499,11:16:51,7.45,--,12,8940,卖盘
2500,11:16:48,7.45,--,15,11175,卖盘
2501,11:16:45,7.45,--,56,41720,卖盘
2502,11:16:39,7.45,-0.01,158,117710,卖盘
2503,11:16:36,7.46,--,42,31332,买盘
2504,11:16:33,7.46,--,421,314066,买盘
2505,11:16:27,7.46,0.01,3,2238,买盘
2506,11:16:24,7.45,-0.01,15,11175,卖盘
2507,11:16:21,7.46,0.02,270,201420,买盘
2508,11:16:18,7.44,-0.01,1,744,卖盘
2509,11:16:15,7.45,0.01,9,6705,买盘
2510,11:16:12,7.44,-0.02,17,12648,卖盘
2511,11:16:09,7.46,--,44,32824,买盘
2512,11:16:06,7.46,0.02,31,23126,买盘
2513,11:16:03,7.44,-0.02,163,121272,卖盘
2514,11:16:00,7.46,0.01,50,37300,买盘
2515,11:15:57,7.45,-0.01,9,6705,中性盘
2516,11:15:54,7.46,--,708,528168,买盘
2517,11:15:51,7.46,--,103,76838,买盘
2518,11:15:45,7.46,--,156,116376,买盘
2519,11:15:42,7.46,0.01,44,32824,买盘
2520,11:15:39,7.45,--,1445,1076525,卖盘
2521,11:15:36,7.45,-0.01,46,34270,卖盘
2522,11:15:33,7.46,--,84,62664,买盘
2523,11:15:30,7.46,--,15,11190,买盘
2524,11:15:27,7.46,0.01,177,132042,买盘
2525,11:15:24,7.45,-0.01,102,75990,卖盘
2526,11:15:21,7.46,0.01,110,82060,买盘
2527,11:15:18,7.45,--,30,22350,卖盘
2528,11:15:15,7.45,--,10,7450,卖盘
2529,11:15:12,7.45,-0.01,101,75245,卖盘
2530,11:15:09,7.46,--,300,223800,买盘
2531,11:15:06,7.46,0.01,14,10444,买盘
2532,11:15:03,7.45,-0.01,23,17135,卖盘
2533,11:15:00,7.46,--,55,41030,买盘
2534,11:14:57,7.46,--,2,1492,买盘
2535,11:14:54,7.46,--,166,123836,买盘
2536,11:14:51,7.46,0.01,275,205150,买盘
2537,11:14:48,7.45,--,418,311410,卖盘
2538,11:14:45,7.45,-0.01,19,14155,卖盘
2539,11:14:42,7.46,0.01,1,746,买盘
2540,11:14:39,7.45,--,4,2980,卖盘
2541,11:14:36,7.45,-0.01,3,2235,卖盘
2542,11:14:33,7.46,0.01,146,108916,买盘
2543,11:14:30,7.45,-0.01,5,3725,卖盘
2544,11:14:27,7.46,--,83,61918,买盘
2545,11:14:24,7.46,0.01,135,100710,买盘
2546,11:14:21,7.45,--,152,113240,卖盘
2547,11:14:18,7.45,-0.01,1,745,卖盘
2548,11:14:15,7.46,0.01,140,104440,买盘
2549,11:14:12,7.45,--,121,90145,卖盘
2550,11:14:09,7.45,--,10,7450,卖盘
2551,11:14:06,7.45,0.01,233,173585,买盘
2552,11:14:03,7.44,-0.01,164,122016,卖盘
2553,11:14:00,7.45,--,28,20860,买盘
2554,11:13:57,7.45,--,178,132610,买盘
2555,11:13:54,7.45,--,113,84185,买盘
2556,11:13:51,7.45,0.01,83,61835,买盘
2557,11:13:48,7.44,-0.01,22,16368,卖盘
2558,11:13:45,7.45,--,49,36505,买盘
2559,11:13:42,7.45,-0.01,5,3725,买盘
2560,11:13:39,7.46,--,257,191722,买盘
2561,11:13:36,7.46,0.01,36,26856,买盘
2562,11:13:33,7.45,--,36,26820,卖盘
2563,11:13:30,7.45,--,30,22350,卖盘
2564,11:13:27,7.45,--,9,6705,卖盘
2565,11:13:24,7.45,--,6,4470,卖盘
2566,11:13:21,7.45,0.01,2,1490,买盘
2567,11:13:18,7.44,-0.01,5,3720,卖盘
2568,11:13:15,7.45,--,21,15645,卖盘
2569,11:13:12,7.45,--,43,32035,卖盘
2570,11:13:09,7.45,--,253,188485,卖盘
2571,11:13:06,7.45,--,40,29800,卖盘
2572,11:13:03,7.45,--,167,124415,卖盘
2573,11:13:00,7.45,-0.01,43,32035,中性盘
2574,11:12:57,7.46,0.01,223,166358,买盘
2575,11:12:54,7.45,--,289,215305,卖盘
2576,11:12:51,7.45,-0.01,53,39485,卖盘
2577,11:12:48,7.46,--,20,14920,买盘
2578,11:12:45,7.46,0.02,139,103694,买盘
2579,11:12:42,7.44,-0.01,1,744,卖盘
2580,11:12:39,7.45,--,282,210090,买盘
2581,11:12:36,7.45,--,2,1490,买盘
2582,11:12:33,7.45,--,3,2235,买盘
2583,11:12:30,7.45,--,317,236165,卖盘
2584,11:12:27,7.45,-0.01,211,157195,卖盘
2585,11:12:24,7.46,0.01,374,279004,买盘
2586,11:12:21,7.45,--,4,2980,卖盘
2587,11:12:18,7.45,-0.01,10,7450,卖盘
2588,11:12:15,7.46,0.01,86,64156,买盘
2589,11:12:12,7.45,-0.01,114,84930,卖盘
2590,11:12:09,7.46,--,166,123836,买盘
2591,11:12:06,7.46,--,246,183516,买盘
2592,11:12:03,7.46,--,24,17904,买盘
2593,11:12:00,7.46,0.01,30,22380,买盘
2594,11:11:57,7.45,--,372,277140,卖盘
2595,11:11:54,7.45,--,266,198170,卖盘
2596,11:11:51,7.45,--,248,184760,卖盘
2597,11:11:48,7.45,--,5,3725,卖盘
2598,11:11:45,7.45,-0.01,75,55875,卖盘
2599,11:11:42,7.46,0.02,1218,908628,买盘
2600,11:11:39,7.44,--,15,11160,卖盘
2601,11:11:33,7.44,--,190,141360,卖盘
2602,11:11:30,7.44,-0.01,64,47616,卖盘
2603,11:11:27,7.45,--,103,76735,买盘
2604,11:11:24,7.45,--,30,22350,买盘
2605,11:11:21,7.45,--,1082,806090,卖盘
2606,11:11:18,7.45,--,51,37995,卖盘
2607,11:11:15,7.45,--,157,116965,卖盘
2608,11:11:12,7.45,--,30,22350,卖盘
2609,11:11:09,7.45,-0.01,12,8940,卖盘
2610,11:11:06,7.46,0.01,13,9698,买盘
2611,11:11:03,7.45,--,517,385165,卖盘
2612,11:11:00,7.45,-0.01,41,30545,卖盘
2613,11:10:57,7.46,--,97,72362,买盘
2614,11:10:54,7.46,0.01,143,106678,买盘
2615,11:10:51,7.45,--,5,3725,买盘
2616,11:10:48,7.45,--,151,112495,买盘
2617,11:10:45,7.45,--,74,55130,买盘
2618,11:10:42,7.45,--,42,31290,买盘
2619,11:10:39,7.45,-0.01,2767,2061862,卖盘
2620,11:10:36,7.46,--,15,11190,买盘
2621,11:10:33,7.46,0.01,153,114138,买盘
2622,11:10:30,7.45,--,276,205620,卖盘
2623,11:10:27,7.45,--,1024,762880,卖盘
2624,11:10:24,7.45,-0.01,10,7450,卖盘
2625,11:10:21,7.46,0.01,219,163374,买盘
2626,11:10:18,7.45,-0.01,45,33525,卖盘
2627,11:10:15,7.46,--,16,11936,买盘
2628,11:10:12,7.46,0.01,20,14920,买盘
2629,11:10:06,7.45,--,24,17880,卖盘
2630,11:10:03,7.45,-0.01,149,111005,卖盘
2631,11:10:00,7.46,--,27,20142,买盘
2632,11:09:57,7.46,--,411,306606,买盘
2633,11:09:54,7.46,--,49,36554,买盘
2634,11:09:51,7.46,--,199,148454,买盘
2635,11:09:48,7.46,--,69,51474,买盘
2636,11:09:45,7.46,--,175,130550,买盘
2637,11:09:42,7.46,0.01,86,64156,买盘
2638,11:09:39,7.45,-0.01,38,28310,卖盘
2639,11:09:36,7.46,--,86,64156,买盘
2640,11:09:33,7.46,--,62,46252,卖盘
2641,11:09:30,7.46,0.01,33,24618,中性盘
2642,11:09:27,7.45,-0.02,349,260005,卖盘
2643,11:09:24,7.47,--,55,41085,买盘
2644,11:09:21,7.47,--,1931,1442457,买盘
2645,11:09:18,7.47,--,290,216630,买盘
2646,11:09:15,7.47,--,143,106821,买盘
2647,11:09:12,7.47,--,8,5976,买盘
2648,11:09:09,7.47,--,300,224100,买盘
2649,11:09:06,7.47,--,40,29880,买盘
2650,11:09:03,7.47,0.01,40,29880,买盘
2651,11:09:00,7.46,-0.01,57,42522,卖盘
2652,11:08:57,7.47,0.01,181,135207,买盘
2653,11:08:54,7.46,--,400,298698,买盘
2654,11:08:51,7.46,--,261,194706,买盘
2655,11:08:48,7.46,--,209,155914,买盘
2656,11:08:45,7.46,0.01,120,89520,买盘
2657,11:08:42,7.45,--,601,447745,卖盘
2658,11:08:39,7.45,-0.01,103,76735,卖盘
2659,11:08:36,7.46,--,117,87282,买盘
2660,11:08:33,7.46,0.01,177,132042,买盘
2661,11:08:30,7.45,-0.01,242,180290,卖盘
2662,11:08:27,7.46,--,135,100710,买盘
2663,11:08:24,7.46,--,16,11936,买盘
2664,11:08:21,7.46,--,37,27602,买盘
2665,11:08:18,7.46,--,512,381952,买盘
2666,11:08:15,7.46,--,167,124582,买盘
2667,11:08:12,7.46,--,18,13428,买盘
2668,11:08:09,7.46,0.01,3,2238,买盘
2669,11:08:06,7.45,-0.01,43,32035,卖盘
2670,11:08:03,7.46,--,217,161882,买盘
2671,11:08:00,7.46,--,85,63410,买盘
2672,11:07:57,7.46,--,166,123836,买盘
2673,11:07:54,7.46,--,418,311828,买盘
2674,11:07:51,7.46,--,151,112646,买盘
2675,11:07:48,7.46,--,254,189484,买盘
2676,11:07:45,7.46,0.01,460,343160,买盘
2677,11:07:42,7.45,--,61,45445,卖盘
2678,11:07:39,7.45,-0.01,238,177310,卖盘
2679,11:07:36,7.46,--,99,73854,买盘
2680,11:07:33,7.46,0.01,51,38046,买盘
2681,11:07:30,7.45,-0.01,17,12665,卖盘
2682,11:07:27,7.46,--,47,35062,买盘
2683,11:07:24,7.46,--,30,22380,买盘
2684,11:07:21,7.46,--,165,123090,买盘
2685,11:07:18,7.46,--,33,24618,买盘
2686,11:07:15,7.46,0.01,170,126820,买盘
2687,11:07:12,7.45,-0.01,87,64815,卖盘
2688,11:07:09,7.46,--,76,56696,买盘
2689,11:07:06,7.46,0.01,85,63410,买盘
2690,11:07:03,7.45,-0.01,2318,1726910,卖盘
2691,11:07:00,7.46,--,36,26856,买盘
2692,11:06:57,7.46,--,76,56696,买盘
2693,11:06:54,7.46,--,20,14920,买盘
2694,11:06:51,7.46,--,222,165612,买盘
2695,11:06:48,7.46,0.01,146,108916,买盘
2696,11:06:45,7.45,-0.01,242,180290,卖盘
2697,11:06:42,7.46,--,134,99964,买盘
2698,11:06:36,7.46,--,40,29840,买盘
2699,11:06:33,7.46,--,110,82060,买盘
2700,11:06:30,7.46,--,76,56696,买盘
2701,11:06:27,7.46,0.01,149,111154,买盘
2702,11:06:24,7.45,-0.01,49,36505,卖盘
2703,11:06:21,7.46,--,93,69378,买盘
2704,11:06:18,7.46,0.01,105,78330,买盘
2705,11:06:15,7.45,-0.01,81,60345,卖盘
2706,11:06:12,7.46,--,361,269306,买盘
2707,11:06:09,7.46,--,155,115630,买盘
2708,11:06:06,7.46,--,68,50728,买盘
2709,11:06:03,7.46,--,19,14174,买盘
2710,11:06:00,7.46,0.01,40,29840,买盘
2711,11:05:57,7.45,-0.01,92,68540,卖盘
2712,11:05:54,7.46,0.01,5,3730,买盘
2713,11:05:51,7.45,-0.01,310,230950,卖盘
2714,11:05:48,7.46,0.01,127,94742,买盘
2715,11:05:45,7.45,-0.01,81,60345,卖盘
2716,11:05:42,7.46,0.01,73,54458,买盘
2717,11:05:39,7.45,-0.01,535,398575,卖盘
2718,11:05:36,7.46,--,128,95488,买盘
2719,11:05:33,7.46,0.01,215,160390,买盘
2720,11:05:30,7.45,-0.01,52,38740,卖盘
2721,11:05:27,7.46,0.01,1132,844472,买盘
2722,11:05:24,7.45,0.01,3,2235,买盘
2723,11:05:21,7.44,-0.01,77,57288,卖盘
2724,11:05:18,7.45,--,30,22350,买盘
2725,11:05:15,7.45,--,182,135590,买盘
2726,11:05:12,7.45,--,170,126650,买盘
2727,11:05:09,7.45,--,118,87910,买盘
2728,11:05:06,7.45,--,17,12665,买盘
2729,11:05:03,7.45,--,26,19370,买盘
2730,11:05:00,7.45,--,105,78225,买盘
2731,11:04:57,7.45,--,249,185505,卖盘
2732,11:04:54,7.45,--,2416,1799920,卖盘
2733,11:04:51,7.45,--,24,17880,卖盘
2734,11:04:48,7.45,--,163,121435,卖盘
2735,11:04:45,7.45,--,92,68540,买盘
2736,11:04:42,7.45,--,82,61090,买盘
2737,11:04:39,7.45,--,665,495425,卖盘
2738,11:04:36,7.45,-0.01,23,17135,卖盘
2739,11:04:33,7.46,--,54,40284,买盘
2740,11:04:30,7.46,0.01,28,20888,买盘
2741,11:04:27,7.45,--,89,66305,卖盘
2742,11:04:24,7.45,-0.01,81,60345,卖盘
2743,11:04:21,7.46,--,177,132042,买盘
2744,11:04:18,7.46,0.01,48,35808,买盘
2745,11:04:15,7.45,--,35,26075,卖盘
2746,11:04:12,7.45,-0.01,105,78225,卖盘
2747,11:04:09,7.46,0.01,51,38046,买盘
2748,11:04:06,7.45,--,46,34270,卖盘
2749,11:04:03,7.45,--,244,181780,买盘
2750,11:04:00,7.45,--,95,70775,买盘
2751,11:03:57,7.45,--,468,348660,买盘
2752,11:03:54,7.45,--,59,43955,买盘
2753,11:03:51,7.45,--,50,37250,买盘
2754,11:03:48,7.45,--,42,31290,买盘
2755,11:03:45,7.45,--,146,108770,买盘
2756,11:03:42,7.45,-0.01,20,14900,买盘
2757,11:03:39,7.46,0.02,344,256624,买盘
2758,11:03:36,7.44,--,30,22320,卖盘
2759,11:03:33,7.44,-0.01,1732,1288608,卖盘
2760,11:03:30,7.45,--,561,417945,买盘
2761,11:03:27,7.45,--,187,139315,买盘
2762,11:03:24,7.45,--,56,41720,买盘
2763,11:03:21,7.45,--,169,125905,买盘
2764,11:03:18,7.45,--,49,36505,买盘
2765,11:03:15,7.45,0.01,37,27565,买盘
2766,11:03:12,7.44,-0.01,41,30504,卖盘
2767,11:03:09,7.45,--,555,413475,买盘
2768,11:03:06,7.45,--,51,37995,买盘
2769,11:03:03,7.45,--,45,33525,买盘
2770,11:03:00,7.45,0.01,27,20115,买盘
2771,11:02:57,7.44,-0.01,57,42408,卖盘
2772,11:02:54,7.45,--,11,8195,买盘
2773,11:02:51,7.45,--,579,431355,买盘
2774,11:02:48,7.45,--,45,33525,买盘
2775,11:02:42,7.45,0.01,59,43955,买盘
2776,11:02:39,7.44,-0.01,44,32736,卖盘
2777,11:02:36,7.45,--,90,67050,买盘
2778,11:02:33,7.45,--,269,200405,买盘
2779,11:02:30,7.45,0.01,172,128140,买盘
2780,11:02:27,7.44,--,203,151032,卖盘
2781,11:02:24,7.44,-0.01,54,40176,卖盘
2782,11:02:21,7.45,--,312,232440,买盘
2783,11:02:15,7.45,0.01,219,163155,买盘
2784,11:02:12,7.44,-0.01,476,354144,卖盘
2785,11:02:09,7.45,--,738,549810,买盘
2786,11:02:06,7.45,--,2,1490,买盘
2787,11:02:03,7.45,--,20,14900,买盘
2788,11:02:00,7.45,--,27,20115,买盘
2789,11:01:57,7.45,--,160,119200,买盘
2790,11:01:54,7.45,0.01,31,23095,买盘
2791,11:01:51,7.44,-0.01,44,32736,卖盘
2792,11:01:48,7.45,--,18,13410,买盘
2793,11:01:45,7.45,--,1230,916350,买盘
2794,11:01:42,7.45,0.01,37,27565,买盘
2795,11:01:39,7.44,-0.01,243,180792,卖盘
2796,11:01:36,7.45,--,36,26820,买盘
2797,11:01:33,7.45,0.01,66,49170,买盘
2798,11:01:30,7.44,--,12,8928,卖盘
2799,11:01:27,7.44,-0.01,60,44640,卖盘
2800,11:01:24,7.45,--,120,89400,买盘
2801,11:01:21,7.45,0.01,366,272670,买盘
2802,11:01:18,7.44,--,37,27528,卖盘
2803,11:01:15,7.44,-0.01,114,84816,卖盘
2804,11:01:12,7.45,--,302,224990,买盘
2805,11:01:09,7.45,--,2,1490,买盘
2806,11:01:06,7.45,--,102,75990,买盘
2807,11:01:03,7.45,0.01,196,146020,买盘
2808,11:01:00,7.44,-0.01,510,379440,卖盘
2809,11:00:57,7.45,0.01,110,81950,买盘
2810,11:00:54,7.44,-0.01,202,150288,卖盘
2811,11:00:51,7.45,--,89,66305,买盘
2812,11:00:48,7.45,--,3,2235,买盘
2813,11:00:45,7.45,--,180,134100,买盘
2814,11:00:42,7.45,0.01,21,15645,买盘
2815,11:00:39,7.44,-0.01,54,40176,卖盘
2816,11:00:36,7.45,--,53,39485,买盘
2817,11:00:33,7.45,--,348,259260,买盘
2818,11:00:30,7.45,--,197,146765,卖盘
2819,11:00:27,7.45,--,111,82695,买盘
2820,11:00:24,7.45,0.01,276,205620,买盘
2821,11:00:21,7.44,-0.01,4,2976,卖盘
2822,11:00:18,7.45,0.01,21,15645,买盘
2823,11:00:15,7.44,-0.01,158,117552,卖盘
2824,11:00:12,7.45,--,13,9685,买盘
2825,11:00:09,7.45,--,167,124415,买盘
2826,11:00:06,7.45,--,26,19370,买盘
2827,11:00:03,7.45,--,251,186995,买盘
2828,11:00:00,7.45,--,147,109515,买盘
2829,10:59:57,7.45,--,171,127395,买盘
2830,10:59:54,7.45,--,22,16390,买盘
2831,10:59:51,7.45,--,192,143040,买盘
2832,10:59:48,7.45,--,16,11920,买盘
2833,10:59:45,7.45,--,63,46935,买盘
2834,10:59:42,7.45,--,68,50660,买盘
2835,10:59:39,7.45,0.01,75,55875,买盘
2836,10:59:36,7.44,-0.01,26,19344,卖盘
2837,10:59:33,7.45,--,120,89400,买盘
2838,10:59:30,7.45,0.01,98,73010,买盘
2839,10:59:27,7.44,--,4,2976,卖盘
2840,10:59:24,7.44,--,45,33480,卖盘
2841,10:59:21,7.44,-0.02,520,386880,卖盘
2842,10:59:18,7.46,0.01,4,2984,买盘
2843,10:59:15,7.45,0.01,45,33525,买盘
2844,10:59:12,7.44,--,1,744,卖盘
2845,10:59:09,7.44,-0.02,14,10416,卖盘
