,time,price,change,volume,amount,type
0,15:00:03,8.74,--,12837,11220237,买盘
1,14:57:00,8.74,--,41,35834,买盘
2,14:56:57,8.74,--,46,40204,买盘
3,14:56:54,8.74,0.01,150,131100,买盘
4,14:56:51,8.73,--,148,129902,卖盘
5,14:56:48,8.73,--,147,128331,卖盘
6,14:56:45,8.73,--,73,63729,卖盘
7,14:56:42,8.73,-0.01,10,8730,卖盘
8,14:56:39,8.74,--,35,30590,买盘
9,14:56:36,8.74,0.01,18,15732,买盘
10,14:56:33,8.73,--,690,602370,买盘
11,14:56:30,8.73,0.01,298,260154,买盘
12,14:56:27,8.72,-0.01,205,178760,卖盘
13,14:56:24,8.73,0.01,231,201663,买盘
14,14:56:21,8.72,--,405,353160,卖盘
15,14:56:18,8.72,-0.01,170,148240,卖盘
16,14:56:15,8.73,0.01,195,170235,买盘
17,14:56:12,8.72,-0.01,120,104640,卖盘
18,14:56:09,8.73,0.01,182,158886,买盘
19,14:56:06,8.72,-0.01,144,125568,卖盘
20,14:56:03,8.73,--,60,52380,买盘
21,14:56:00,8.73,0.01,2853,2490669,买盘
22,14:55:57,8.72,-0.01,183,159576,卖盘
23,14:55:54,8.73,--,4,3492,买盘
24,14:55:51,8.73,--,494,431262,买盘
25,14:55:48,8.73,--,146,127458,买盘
26,14:55:45,8.73,--,25,21825,买盘
27,14:55:42,8.73,--,2,1746,买盘
28,14:55:39,8.73,--,13,11349,买盘
29,14:55:36,8.73,0.01,2,1746,买盘
30,14:55:33,8.72,--,98,85456,卖盘
31,14:55:30,8.72,--,176,153820,买盘
32,14:55:27,8.72,--,169,147368,买盘
33,14:55:24,8.72,--,16,13952,买盘
34,14:55:21,8.72,--,201,175272,买盘
35,14:55:18,8.72,--,17,14824,买盘
36,14:55:15,8.72,--,1160,1012043,卖盘
37,14:55:12,8.72,--,69,60168,卖盘
38,14:55:09,8.72,--,189,164808,卖盘
39,14:55:06,8.72,--,66,57552,卖盘
40,14:55:03,8.72,--,23,20056,卖盘
41,14:55:00,8.72,--,332,289504,卖盘
42,14:54:57,8.72,0.01,2015,1757428,买盘
43,14:54:54,8.71,--,67,58357,卖盘
44,14:54:51,8.71,-0.01,97,84487,卖盘
45,14:54:48,8.72,0.01,356,310432,买盘
46,14:54:45,8.71,--,28,24388,卖盘
47,14:54:42,8.71,-0.01,67,58357,买盘
48,14:54:39,8.72,0.01,863,752536,买盘
49,14:54:36,8.71,--,591,514761,买盘
50,14:54:33,8.71,--,217,189007,卖盘
51,14:54:30,8.71,--,522,454662,卖盘
52,14:54:27,8.71,--,150,130650,卖盘
53,14:54:24,8.71,-0.01,523,455533,卖盘
54,14:54:21,8.72,--,53,46216,买盘
55,14:54:18,8.72,0.01,138,120336,买盘
56,14:54:15,8.71,--,405,353277,卖盘
57,14:54:12,8.71,-0.01,81,70551,卖盘
58,14:54:09,8.72,--,144,125568,买盘
59,14:54:06,8.72,0.01,257,224104,买盘
60,14:54:03,8.71,--,49,42679,卖盘
61,14:54:00,8.71,-0.01,1114,970294,卖盘
62,14:53:57,8.72,0.01,82,71504,买盘
63,14:53:54,8.71,-0.01,6,5226,卖盘
64,14:53:51,8.72,0.01,22,19184,买盘
65,14:53:48,8.71,-0.01,97,84487,卖盘
66,14:53:45,8.72,--,109,95048,买盘
67,14:53:42,8.72,--,102,88944,买盘
68,14:53:39,8.72,--,1678,1463216,买盘
69,14:53:36,8.72,--,35,30520,买盘
70,14:53:33,8.72,--,97,84584,买盘
71,14:53:30,8.72,0.01,151,131672,买盘
72,14:53:27,8.71,--,170,148070,卖盘
73,14:53:24,8.71,--,67,58357,卖盘
74,14:53:21,8.71,--,192,167232,卖盘
75,14:53:18,8.71,-0.01,54,47034,卖盘
76,14:53:15,8.72,0.01,317,276424,买盘
77,14:53:12,8.71,--,26,22646,卖盘
78,14:53:09,8.71,--,216,188136,卖盘
79,14:53:06,8.71,--,24,20904,卖盘
80,14:53:03,8.71,--,22,19162,卖盘
81,14:53:00,8.71,--,470,409718,买盘
82,14:52:57,8.71,--,95,82745,买盘
83,14:52:54,8.71,--,17,14807,买盘
84,14:52:51,8.71,--,2,1742,买盘
85,14:52:48,8.71,--,121,105391,买盘
86,14:52:45,8.71,-0.01,682,594022,卖盘
87,14:52:42,8.72,0.01,123,107256,买盘
88,14:52:39,8.71,0.01,10,8710,买盘
89,14:52:36,8.7,-0.02,378,328860,卖盘
90,14:52:33,8.72,0.01,636,554897,买盘
91,14:52:30,8.71,--,432,376272,买盘
92,14:52:27,8.71,--,321,279591,买盘
93,14:52:24,8.71,--,216,188136,买盘
94,14:52:21,8.71,--,104,90584,买盘
95,14:52:18,8.71,0.01,5,4355,买盘
96,14:52:15,8.7,-0.01,451,392369,卖盘
97,14:52:12,8.71,--,102,88842,买盘
98,14:52:09,8.71,--,316,275236,买盘
99,14:52:06,8.71,--,100,87100,买盘
100,14:52:03,8.71,0.01,240,209040,买盘
101,14:52:00,8.7,-0.01,90,78300,卖盘
102,14:51:57,8.71,0.01,45,39195,买盘
103,14:51:54,8.7,-0.01,208,181525,卖盘
104,14:51:51,8.71,--,106,92630,卖盘
105,14:51:48,8.71,0.01,464,404144,买盘
106,14:51:45,8.7,-0.01,132,114839,卖盘
107,14:51:42,8.71,--,509,443339,买盘
108,14:51:39,8.71,--,62,54002,买盘
109,14:51:33,8.71,--,243,211653,买盘
110,14:51:30,8.71,--,36,31356,买盘
111,14:51:27,8.71,--,74,64454,买盘
112,14:51:24,8.71,--,167,145457,买盘
113,14:51:21,8.71,--,242,210782,买盘
114,14:51:18,8.71,0.01,26,22646,买盘
115,14:51:15,8.7,--,780,678600,卖盘
116,14:51:12,8.7,--,238,207347,卖盘
117,14:51:09,8.7,--,30,26099,卖盘
118,14:51:06,8.7,--,111,96569,卖盘
119,14:51:03,8.7,--,283,246209,卖盘
120,14:51:00,8.7,-0.01,82,71340,卖盘
121,14:50:57,8.71,0.01,122,106262,买盘
122,14:50:54,8.7,-0.01,337,293190,卖盘
123,14:50:51,8.71,--,521,453791,买盘
124,14:50:48,8.71,--,46,40066,买盘
125,14:50:45,8.71,0.01,76,66196,买盘
126,14:50:42,8.7,--,599,521129,卖盘
127,14:50:39,8.7,-0.01,23,20010,卖盘
128,14:50:36,8.71,0.01,112,97552,买盘
129,14:50:33,8.7,-0.01,326,283620,卖盘
130,14:50:30,8.71,-0.01,1143,996241,卖盘
131,14:50:27,8.72,--,25,21800,买盘
132,14:50:24,8.72,--,1,872,买盘
133,14:50:21,8.72,--,10,8720,买盘
134,14:50:18,8.72,--,87,75864,买盘
135,14:50:15,8.72,--,11,9592,买盘
136,14:50:12,8.72,0.01,26,22672,买盘
137,14:50:09,8.71,-0.01,68,59228,卖盘
138,14:50:06,8.72,--,149,129928,买盘
139,14:50:03,8.72,0.01,296,258112,买盘
140,14:50:00,8.71,-0.01,64,55744,卖盘
141,14:49:57,8.72,0.01,11,9592,买盘
142,14:49:54,8.71,--,19,16549,卖盘
143,14:49:51,8.71,-0.01,281,244751,卖盘
144,14:49:48,8.72,--,169,147368,买盘
145,14:49:45,8.72,--,101,88072,买盘
146,14:49:42,8.72,--,416,362752,买盘
147,14:49:39,8.72,--,25,21800,买盘
148,14:49:36,8.72,--,54,47088,买盘
149,14:49:33,8.72,--,78,68016,买盘
150,14:49:30,8.72,--,120,104640,卖盘
151,14:49:27,8.72,-0.01,14,12208,卖盘
152,14:49:24,8.73,0.02,143,124839,买盘
153,14:49:21,8.71,-0.01,2528,2201888,卖盘
154,14:49:18,8.72,--,121,105512,卖盘
155,14:49:15,8.72,--,164,143008,卖盘
156,14:49:12,8.72,-0.01,126,109872,卖盘
157,14:49:09,8.73,--,154,134442,买盘
158,14:49:06,8.73,--,66,57618,买盘
159,14:49:03,8.73,--,126,109998,买盘
160,14:49:00,8.73,--,45,39285,买盘
161,14:48:57,8.73,0.01,114,99522,买盘
162,14:48:54,8.72,-0.01,11,9592,卖盘
163,14:48:51,8.73,--,69,60237,买盘
164,14:48:48,8.73,0.01,6,5238,买盘
165,14:48:45,8.72,-0.01,22,19184,卖盘
166,14:48:42,8.73,--,2011,1755603,买盘
167,14:48:36,8.73,0.01,152,132696,买盘
168,14:48:33,8.72,--,126,110055,买盘
169,14:48:30,8.72,--,4,3488,买盘
170,14:48:27,8.72,--,112,97664,买盘
171,14:48:24,8.72,--,232,202304,买盘
172,14:48:21,8.72,0.01,371,323512,买盘
173,14:48:18,8.71,-0.01,170,148070,卖盘
174,14:48:15,8.72,--,121,105512,买盘
175,14:48:09,8.72,--,16,13952,买盘
176,14:48:06,8.72,--,534,465648,买盘
177,14:48:03,8.72,0.01,311,271192,买盘
178,14:48:00,8.71,-0.01,121,105391,卖盘
179,14:47:57,8.72,0.01,143,124696,买盘
180,14:47:54,8.71,--,176,153296,卖盘
181,14:47:51,8.71,-0.01,79,68809,卖盘
182,14:47:48,8.72,--,597,520584,买盘
183,14:47:45,8.72,0.01,766,667952,买盘
184,14:47:42,8.71,--,233,202943,卖盘
185,14:47:39,8.71,-0.01,8,6968,卖盘
186,14:47:36,8.72,--,7,6104,买盘
187,14:47:30,8.72,--,12,10464,买盘
188,14:47:27,8.72,0.01,100,87200,买盘
189,14:47:24,8.71,-0.01,38,33098,卖盘
190,14:47:21,8.72,--,66,57552,买盘
191,14:47:18,8.72,--,183,159576,买盘
192,14:47:15,8.72,--,24,20928,买盘
193,14:47:12,8.72,--,38,33136,买盘
194,14:47:09,8.72,0.01,127,110744,买盘
195,14:47:06,8.71,-0.01,633,551343,卖盘
196,14:47:03,8.72,--,110,95920,买盘
197,14:47:00,8.72,--,109,95048,买盘
198,14:46:57,8.72,--,72,62784,买盘
199,14:46:51,8.72,--,505,440360,买盘
200,14:46:48,8.72,--,80,69760,买盘
201,14:46:45,8.72,0.01,14,12208,买盘
202,14:46:42,8.71,-0.01,4,3484,卖盘
203,14:46:39,8.72,0.01,430,374960,买盘
204,14:46:36,8.71,-0.01,32,27872,卖盘
205,14:46:33,8.72,--,106,92432,买盘
206,14:46:30,8.72,--,209,182248,买盘
207,14:46:27,8.72,--,24,20928,买盘
208,14:46:21,8.72,0.01,126,109872,买盘
209,14:46:18,8.71,--,12,10452,卖盘
210,14:46:15,8.71,-0.01,161,140231,卖盘
211,14:46:12,8.72,0.01,8,6976,买盘
212,14:46:09,8.71,--,26,22646,卖盘
213,14:46:06,8.71,-0.01,13,11323,卖盘
214,14:46:03,8.72,0.01,212,184864,买盘
215,14:46:00,8.71,--,16,13936,卖盘
216,14:45:57,8.71,--,6,5226,卖盘
217,14:45:54,8.71,-0.01,27,23517,卖盘
218,14:45:51,8.72,--,75,65400,买盘
219,14:45:48,8.72,--,9,7848,买盘
220,14:45:45,8.72,--,25,21800,买盘
221,14:45:42,8.72,0.01,11,9592,买盘
222,14:45:39,8.71,--,1,871,卖盘
223,14:45:36,8.71,--,2,1742,卖盘
224,14:45:33,8.71,0.01,3,2613,中性盘
225,14:45:30,8.7,-0.02,141,122669,卖盘
226,14:45:27,8.72,0.01,115,100280,买盘
227,14:45:24,8.71,--,20,17420,买盘
228,14:45:21,8.71,--,457,398047,买盘
229,14:45:18,8.71,--,98,85358,买盘
230,14:45:15,8.71,--,199,173329,买盘
231,14:45:12,8.71,--,37,32227,买盘
232,14:45:09,8.71,--,30,26130,买盘
233,14:45:06,8.71,--,101,87971,买盘
234,14:45:03,8.71,--,53,46163,卖盘
235,14:45:00,8.71,-0.01,67,58357,卖盘
236,14:44:57,8.72,0.01,16,13952,买盘
237,14:44:54,8.71,0.01,3074,2677454,买盘
238,14:44:51,8.7,-0.01,25,21750,卖盘
239,14:44:48,8.71,0.01,63,54873,买盘
240,14:44:45,8.7,--,66,57419,卖盘
241,14:44:42,8.7,-0.01,10,8700,卖盘
242,14:44:39,8.71,--,22,19162,买盘
243,14:44:36,8.71,0.01,23,20033,买盘
244,14:44:33,8.7,-0.01,2,1739,卖盘
245,14:44:27,8.71,0.01,140,121940,买盘
246,14:44:24,8.7,--,29,25229,卖盘
247,14:44:21,8.7,-0.01,10,8700,卖盘
248,14:44:15,8.71,0.01,75,65325,买盘
249,14:44:12,8.7,-0.01,103,89609,卖盘
250,14:44:09,8.71,0.01,72,62712,买盘
251,14:44:06,8.7,-0.01,257,223589,卖盘
252,14:44:03,8.71,0.01,41,35711,买盘
253,14:44:00,8.7,-0.01,137,119189,卖盘
254,14:43:57,8.71,--,80,69680,买盘
255,14:43:54,8.71,--,558,486018,买盘
256,14:43:51,8.71,0.01,228,198588,买盘
257,14:43:48,8.7,--,9,7829,卖盘
258,14:43:45,8.7,--,37,32189,卖盘
259,14:43:42,8.7,--,9,7829,卖盘
260,14:43:39,8.7,--,341,296670,卖盘
261,14:43:36,8.7,--,75,65249,卖盘
262,14:43:33,8.7,-0.01,53,46109,卖盘
263,14:43:30,8.71,--,27,23517,买盘
264,14:43:27,8.71,--,8,6968,买盘
265,14:43:24,8.71,0.01,78,67938,买盘
266,14:43:21,8.7,-0.01,302,262740,卖盘
267,14:43:18,8.71,0.01,18,15678,买盘
268,14:43:15,8.7,-0.01,18,15659,卖盘
269,14:43:12,8.71,0.01,7,6097,买盘
270,14:43:09,8.7,-0.01,106,92219,卖盘
271,14:43:06,8.71,--,337,293527,买盘
272,14:43:03,8.71,0.01,30,26130,买盘
273,14:43:00,8.7,-0.01,42,36540,卖盘
274,14:42:57,8.71,0.01,31,27001,买盘
275,14:42:54,8.7,-0.01,5,4350,卖盘
276,14:42:51,8.71,--,487,424177,买盘
277,14:42:48,8.71,0.01,616,536536,买盘
278,14:42:45,8.7,--,12,10440,卖盘
279,14:42:42,8.7,-0.01,34,29579,卖盘
280,14:42:39,8.71,--,20,17420,买盘
281,14:42:36,8.71,0.01,266,231686,买盘
282,14:42:33,8.7,--,159,138330,卖盘
283,14:42:30,8.7,--,449,390629,卖盘
284,14:42:27,8.7,-0.01,3,2610,卖盘
285,14:42:24,8.71,--,49,42679,买盘
286,14:42:21,8.71,0.01,1,871,买盘
287,14:42:18,8.7,--,637,554190,卖盘
288,14:42:15,8.7,--,14,12179,卖盘
289,14:42:12,8.7,--,164,142680,卖盘
290,14:42:09,8.7,--,2255,1961849,卖盘
291,14:42:06,8.7,-0.01,1136,988319,卖盘
292,14:42:03,8.71,0.01,97,84487,买盘
293,14:42:00,8.7,-0.01,17,14789,卖盘
294,14:41:57,8.71,0.01,271,236041,买盘
295,14:41:54,8.7,-0.01,160,139200,卖盘
296,14:41:51,8.71,--,18,15678,买盘
297,14:41:48,8.71,--,21,18291,买盘
298,14:41:45,8.71,--,774,674154,买盘
299,14:41:42,8.71,0.01,1,871,买盘
300,14:41:39,8.7,-0.01,52,45239,卖盘
301,14:41:36,8.71,--,384,334464,卖盘
302,14:41:33,8.71,-0.01,42,36582,卖盘
303,14:41:30,8.72,--,194,169168,买盘
304,14:41:27,8.72,--,2,1744,买盘
305,14:41:24,8.72,0.01,224,195328,买盘
306,14:41:21,8.71,--,443,385853,买盘
307,14:41:18,8.71,--,87,75777,买盘
308,14:41:15,8.71,--,40,34840,买盘
309,14:41:12,8.71,--,112,97552,卖盘
310,14:41:09,8.71,-0.01,35,30485,买盘
311,14:41:06,8.72,0.01,353,307816,买盘
312,14:41:03,8.71,--,10,8710,买盘
313,14:41:00,8.71,--,35,30485,买盘
314,14:40:57,8.71,--,14,12194,买盘
315,14:40:54,8.71,--,83,72293,卖盘
316,14:40:51,8.71,-0.01,261,227331,卖盘
317,14:40:48,8.72,0.02,151,131672,买盘
318,14:40:45,8.7,-0.01,166,144420,卖盘
319,14:40:42,8.71,-0.01,2,1742,卖盘
320,14:40:39,8.72,--,2,1744,买盘
321,14:40:36,8.72,--,15,13080,买盘
322,14:40:33,8.72,0.02,14,12208,买盘
323,14:40:30,8.7,-0.02,235,204449,卖盘
324,14:40:27,8.72,--,329,286888,买盘
325,14:40:24,8.72,0.01,2,1744,买盘
326,14:40:18,8.71,-0.01,148,128908,中性盘
327,14:40:15,8.72,0.01,365,318280,买盘
328,14:40:12,8.71,--,1,871,卖盘
329,14:40:09,8.71,0.01,265,230815,买盘
330,14:40:06,8.7,--,235,205180,卖盘
331,14:40:03,8.7,--,84,73080,卖盘
332,14:40:00,8.7,--,384,334080,卖盘
333,14:39:57,8.7,--,170,147900,卖盘
334,14:39:54,8.7,-0.01,1017,884789,卖盘
335,14:39:51,8.71,--,93,81003,买盘
336,14:39:48,8.71,--,138,120198,买盘
337,14:39:45,8.71,0.01,148,128908,买盘
338,14:39:42,8.7,-0.01,16,13919,卖盘
339,14:39:39,8.71,0.01,2,1742,买盘
340,14:39:36,8.7,--,110,95699,卖盘
341,14:39:33,8.7,-0.01,9,7829,卖盘
342,14:39:30,8.71,--,241,209911,买盘
343,14:39:27,8.71,0.01,1,871,买盘
344,14:39:24,8.7,--,339,294930,卖盘
345,14:39:18,8.7,-0.01,1,869,卖盘
346,14:39:15,8.71,0.01,25,21775,买盘
347,14:39:12,8.7,-0.01,73,63509,卖盘
348,14:39:09,8.71,0.01,48,41808,买盘
349,14:39:06,8.7,--,171,148770,卖盘
350,14:39:03,8.7,-0.01,621,540270,卖盘
351,14:39:00,8.71,0.01,56,48776,买盘
352,14:38:54,8.7,--,7,6089,卖盘
353,14:38:51,8.7,--,56,48719,卖盘
354,14:38:48,8.7,--,72,62639,卖盘
355,14:38:45,8.7,--,5,4350,卖盘
356,14:38:42,8.7,-0.01,222,193139,卖盘
357,14:38:39,8.71,--,4,3484,买盘
358,14:38:36,8.71,0.01,1,871,买盘
359,14:38:33,8.7,--,34,29579,卖盘
360,14:38:30,8.7,--,1,869,卖盘
361,14:38:27,8.7,--,301,261869,买盘
362,14:38:24,8.7,--,38,33060,买盘
363,14:38:21,8.7,--,27,23489,买盘
364,14:38:18,8.7,0.01,82,71340,买盘
365,14:38:15,8.69,-0.01,149,129480,卖盘
366,14:38:12,8.7,--,109,94829,买盘
367,14:38:09,8.7,--,151,131370,卖盘
368,14:38:06,8.7,--,123,107009,卖盘
369,14:38:03,8.7,--,139,120929,卖盘
370,14:38:00,8.7,--,155,134850,买盘
371,14:37:57,8.7,--,52,45239,买盘
372,14:37:54,8.7,--,147,127889,买盘
373,14:37:51,8.7,--,14,12179,买盘
374,14:37:48,8.7,--,37,32189,买盘
375,14:37:45,8.7,-0.01,44,38280,中性盘
376,14:37:39,8.71,0.01,83,72293,买盘
377,14:37:36,8.7,--,47,40890,卖盘
378,14:37:33,8.7,--,519,451529,卖盘
379,14:37:30,8.7,--,675,587250,卖盘
380,14:37:27,8.7,--,84,73080,卖盘
381,14:37:24,8.7,--,920,800399,卖盘
382,14:37:21,8.7,-0.01,125,108749,卖盘
383,14:37:18,8.71,0.01,430,374530,买盘
384,14:37:15,8.7,--,73,63509,卖盘
385,14:37:12,8.7,-0.01,61,53069,卖盘
386,14:37:09,8.71,0.01,4,3484,买盘
387,14:37:06,8.7,-0.01,3,2610,卖盘
388,14:37:03,8.71,0.01,347,302237,买盘
389,14:37:00,8.7,--,92,80040,卖盘
390,14:36:57,8.7,-0.01,112,97439,卖盘
391,14:36:54,8.71,--,21,18291,买盘
392,14:36:51,8.71,--,127,110617,买盘
393,14:36:48,8.71,0.01,2,1742,买盘
394,14:36:45,8.7,--,19,16530,卖盘
395,14:36:42,8.7,-0.01,116,100919,卖盘
396,14:36:39,8.71,--,16,13936,买盘
397,14:36:36,8.71,--,96,83616,买盘
398,14:36:33,8.71,--,22,19162,买盘
399,14:36:30,8.71,--,31,27001,买盘
400,14:36:27,8.71,--,93,81003,买盘
401,14:36:24,8.71,0.01,81,70551,买盘
402,14:36:21,8.7,-0.01,25,21750,卖盘
403,14:36:18,8.71,--,21,18291,买盘
404,14:36:15,8.71,0.01,81,70551,买盘
405,14:36:12,8.7,--,10,8700,卖盘
406,14:36:09,8.7,-0.01,47,40890,卖盘
407,14:36:06,8.71,0.01,113,98423,买盘
408,14:36:03,8.7,--,49,42630,卖盘
409,14:36:00,8.7,--,821,714269,卖盘
410,14:35:57,8.7,--,607,528090,卖盘
411,14:35:54,8.7,-0.01,83,72210,卖盘
412,14:35:51,8.71,--,35,30485,买盘
413,14:35:48,8.71,--,39,33969,买盘
414,14:35:45,8.71,0.01,29,25259,买盘
415,14:35:42,8.7,-0.01,18,15659,卖盘
416,14:35:39,8.71,0.01,5,4355,买盘
417,14:35:36,8.7,-0.01,1,869,卖盘
418,14:35:30,8.71,--,124,108004,买盘
419,14:35:27,8.71,0.01,30,26130,买盘
420,14:35:24,8.7,--,58,50459,卖盘
421,14:35:21,8.7,--,4,3479,卖盘
422,14:35:18,8.7,--,92,80040,卖盘
423,14:35:15,8.7,-0.01,62,53939,卖盘
424,14:35:12,8.71,0.01,18,15678,买盘
425,14:35:09,8.7,-0.01,12,10440,卖盘
426,14:35:06,8.71,0.01,27,23517,买盘
427,14:35:03,8.7,--,13,11309,卖盘
428,14:35:00,8.7,-0.01,8,6959,卖盘
429,14:34:57,8.71,--,32,27872,买盘
430,14:34:54,8.71,0.01,92,80132,买盘
431,14:34:51,8.7,--,30,26099,卖盘
432,14:34:48,8.7,-0.01,15,13049,卖盘
433,14:34:45,8.71,0.01,10,8710,买盘
434,14:34:42,8.7,--,53,46109,卖盘
435,14:34:39,8.7,--,132,114839,卖盘
436,14:34:36,8.7,--,212,184439,卖盘
437,14:34:33,8.7,--,3,2610,卖盘
438,14:34:30,8.7,--,3,2610,卖盘
439,14:34:27,8.7,-0.01,174,151380,卖盘
440,14:34:24,8.71,0.02,120,105216,买盘
441,14:34:21,8.69,-0.01,1115,968935,卖盘
442,14:34:18,8.7,0.01,182,158340,买盘
443,14:34:15,8.69,-0.01,78,67782,卖盘
444,14:34:12,8.7,--,67,58289,买盘
445,14:34:09,8.7,0.01,58,50459,买盘
446,14:34:06,8.69,-0.01,57,49533,卖盘
447,14:34:03,8.7,0.01,231,200969,买盘
448,14:34:00,8.69,-0.01,41,35629,卖盘
449,14:33:57,8.7,--,134,116579,买盘
450,14:33:54,8.7,0.01,115,100049,买盘
451,14:33:51,8.69,--,111,96459,卖盘
452,14:33:48,8.69,--,50,43450,卖盘
453,14:33:45,8.69,--,108,93852,卖盘
454,14:33:42,8.69,-0.01,93,80817,卖盘
455,14:33:39,8.7,0.01,1,869,买盘
456,14:33:33,8.69,-0.01,16,13904,买盘
457,14:33:30,8.7,0.02,3,2610,买盘
458,14:33:27,8.68,--,14,12152,卖盘
459,14:33:24,8.68,-0.02,1029,893172,卖盘
460,14:33:21,8.7,0.01,14,12179,买盘
461,14:33:18,8.69,-0.01,41,35629,卖盘
462,14:33:15,8.7,0.01,204,177480,买盘
463,14:33:12,8.69,-0.01,47,40843,卖盘
464,14:33:09,8.7,--,288,250559,买盘
465,14:33:06,8.7,0.01,58,50459,买盘
466,14:33:03,8.69,-0.01,9,7821,卖盘
467,14:33:00,8.7,0.01,99,86130,买盘
468,14:32:57,8.69,-0.01,73,63437,卖盘
469,14:32:54,8.7,0.01,102,88740,买盘
470,14:32:51,8.69,--,246,213774,卖盘
471,14:32:48,8.69,--,223,193787,买盘
472,14:32:45,8.69,0.01,23,19987,卖盘
473,14:32:42,8.68,-0.01,144,124992,卖盘
474,14:32:39,8.69,--,100,86900,买盘
475,14:32:36,8.69,--,128,111232,买盘
476,14:32:33,8.69,--,46,39974,买盘
477,14:32:30,8.69,0.01,615,534435,买盘
478,14:32:27,8.68,-0.01,140,121520,卖盘
479,14:32:24,8.69,--,26,22594,买盘
480,14:32:21,8.69,0.01,47,40843,买盘
481,14:32:18,8.68,-0.01,466,404488,卖盘
482,14:32:15,8.69,0.01,7,6083,买盘
483,14:32:12,8.68,--,137,118916,卖盘
484,14:32:09,8.68,-0.01,12,10416,卖盘
485,14:32:06,8.69,--,76,66044,买盘
486,14:32:03,8.69,0.01,69,59961,买盘
487,14:32:00,8.68,-0.01,74,64232,卖盘
488,14:31:57,8.69,-0.01,273,237237,卖盘
489,14:31:54,8.7,0.01,188,163560,买盘
490,14:31:51,8.69,--,136,118184,卖盘
491,14:31:48,8.69,-0.01,775,673475,卖盘
492,14:31:45,8.7,0.01,3,2610,买盘
493,14:31:42,8.69,--,121,105149,卖盘
494,14:31:36,8.69,-0.01,14,12166,卖盘
495,14:31:33,8.7,--,16,13919,买盘
496,14:31:30,8.7,0.01,105,91349,买盘
497,14:31:27,8.69,--,316,274604,卖盘
498,14:31:24,8.69,--,4,3476,卖盘
499,14:31:21,8.69,-0.01,88,76472,卖盘
500,14:31:18,8.7,--,6,5220,买盘
501,14:31:15,8.7,0.01,27,23489,买盘
502,14:31:12,8.69,-0.01,145,126005,卖盘
503,14:31:09,8.7,--,2,1739,买盘
504,14:31:06,8.7,--,37,32189,买盘
505,14:31:03,8.7,0.01,145,126149,买盘
506,14:31:00,8.69,-0.01,3,2607,卖盘
507,14:30:57,8.7,--,92,80040,买盘
508,14:30:54,8.7,0.01,31,26969,买盘
509,14:30:51,8.69,-0.01,88,76472,卖盘
510,14:30:48,8.7,--,840,730799,买盘
511,14:30:45,8.7,--,107,93089,买盘
512,14:30:42,8.7,--,102,88740,买盘
513,14:30:39,8.7,--,63,54809,买盘
514,14:30:36,8.7,--,325,282750,卖盘
515,14:30:33,8.7,--,168,146160,卖盘
516,14:30:30,8.7,--,136,118319,卖盘
517,14:30:27,8.7,-0.01,152,132240,卖盘
518,14:30:24,8.71,--,79,68809,买盘
519,14:30:21,8.71,0.01,113,98423,买盘
520,14:30:18,8.7,--,136,118319,卖盘
521,14:30:15,8.7,--,146,127019,卖盘
522,14:30:12,8.7,--,64,55679,卖盘
523,14:30:06,8.7,--,45,39150,卖盘
524,14:30:03,8.7,-0.01,134,116579,卖盘
525,14:30:00,8.71,0.01,10,8710,买盘
526,14:29:57,8.7,-0.01,325,282750,卖盘
527,14:29:54,8.71,--,104,90584,买盘
528,14:29:51,8.71,0.01,48,41808,买盘
529,14:29:48,8.7,--,50,43500,卖盘
530,14:29:45,8.7,--,494,429779,卖盘
531,14:29:42,8.7,--,53,46109,卖盘
532,14:29:39,8.7,-0.01,59,51329,卖盘
533,14:29:36,8.71,0.01,3414,2973594,买盘
534,14:29:33,8.7,--,419,364529,卖盘
535,14:29:30,8.7,-0.01,57,49589,卖盘
536,14:29:27,8.71,--,115,100165,买盘
537,14:29:24,8.71,0.01,6,5226,买盘
538,14:29:21,8.7,-0.01,165,143550,卖盘
539,14:29:18,8.71,--,342,297882,卖盘
540,14:29:15,8.71,--,46,40066,卖盘
541,14:29:12,8.71,-0.01,39,33969,中性盘
542,14:29:09,8.72,0.01,105,91560,买盘
543,14:29:06,8.71,0.01,10,8710,买盘
544,14:29:03,8.7,--,39,33930,卖盘
545,14:29:00,8.7,-0.01,246,214019,卖盘
546,14:28:57,8.71,--,64,55744,买盘
547,14:28:54,8.71,-0.01,11,9581,买盘
548,14:28:51,8.72,0.01,9,7848,买盘
549,14:28:48,8.71,--,8,6968,中性盘
550,14:28:45,8.71,--,162,141102,卖盘
551,14:28:42,8.71,--,47,40937,卖盘
552,14:28:39,8.71,--,9,7839,卖盘
553,14:28:33,8.71,--,31,27001,卖盘
554,14:28:30,8.71,--,18,15678,卖盘
555,14:28:27,8.71,--,7,6097,卖盘
556,14:28:24,8.71,--,234,203814,买盘
557,14:28:21,8.71,--,34,29614,买盘
558,14:28:18,8.71,0.01,32,27872,买盘
559,14:28:15,8.7,--,43,37410,卖盘
560,14:28:12,8.7,-0.01,149,129629,卖盘
561,14:28:09,8.71,0.01,74,64454,买盘
562,14:28:06,8.7,--,38,33060,卖盘
563,14:28:03,8.7,--,1,869,卖盘
564,14:27:57,8.7,-0.01,128,111359,卖盘
565,14:27:54,8.71,--,10,8710,买盘
566,14:27:51,8.71,0.01,22,19162,买盘
567,14:27:48,8.7,--,58,50459,卖盘
568,14:27:45,8.7,--,53,46109,卖盘
569,14:27:42,8.7,-0.01,34,29579,卖盘
570,14:27:36,8.71,--,126,109746,买盘
571,14:27:33,8.71,0.01,18,15678,买盘
572,14:27:30,8.7,-0.01,15,13049,卖盘
573,14:27:27,8.71,0.01,6,5226,买盘
574,14:27:24,8.7,--,6,5220,卖盘
575,14:27:21,8.7,-0.01,2,1739,卖盘
576,14:27:18,8.71,0.01,39,33969,买盘
577,14:27:15,8.7,-0.01,1,869,卖盘
578,14:27:12,8.71,--,828,721188,卖盘
579,14:27:09,8.71,--,172,149812,卖盘
580,14:27:06,8.71,--,22,19162,卖盘
581,14:27:03,8.71,-0.01,1,871,卖盘
582,14:27:00,8.72,0.01,62,54064,买盘
583,14:26:57,8.71,--,29,25259,卖盘
584,14:26:54,8.71,--,16,13936,卖盘
585,14:26:51,8.71,0.01,205,178555,买盘
586,14:26:48,8.7,--,332,288840,卖盘
587,14:26:45,8.7,--,10,8700,卖盘
588,14:26:42,8.7,-0.01,33,28709,卖盘
589,14:26:39,8.71,--,2,1742,买盘
590,14:26:36,8.71,0.01,95,82745,买盘
591,14:26:33,8.7,--,41,35670,卖盘
592,14:26:30,8.7,--,38,33060,卖盘
593,14:26:24,8.7,--,8,6959,卖盘
594,14:26:21,8.7,-0.01,89,77430,卖盘
595,14:26:18,8.71,--,45,39195,卖盘
596,14:26:15,8.71,--,52,45292,卖盘
597,14:26:12,8.71,0.01,97,84487,买盘
598,14:26:09,8.7,--,45,39150,卖盘
599,14:26:06,8.7,--,4,3479,卖盘
600,14:26:03,8.7,-0.01,18,15659,卖盘
601,14:26:00,8.71,--,106,92326,卖盘
602,14:25:57,8.71,--,117,101907,卖盘
603,14:25:54,8.71,0.01,12,10452,中性盘
604,14:25:51,8.7,-0.01,121,105269,卖盘
605,14:25:48,8.71,--,155,135005,卖盘
606,14:25:45,8.71,0.01,34,29614,买盘
607,14:25:42,8.7,-0.01,798,694260,卖盘
608,14:25:36,8.71,--,43,37453,中性盘
609,14:25:33,8.71,-0.01,94,81874,卖盘
610,14:25:30,8.72,0.01,42,36624,买盘
611,14:25:27,8.71,-0.01,58,50518,中性盘
612,14:25:24,8.72,0.01,132,115104,买盘
613,14:25:21,8.71,--,215,187265,卖盘
614,14:25:18,8.71,--,60,52260,卖盘
615,14:25:15,8.71,-0.01,3,2613,卖盘
616,14:25:12,8.72,--,62,54064,买盘
617,14:25:09,8.72,0.01,67,58424,买盘
618,14:25:06,8.71,--,2,1742,卖盘
619,14:25:03,8.71,--,202,175942,卖盘
620,14:24:57,8.71,--,14,12194,卖盘
621,14:24:54,8.71,0.01,350,304850,买盘
622,14:24:51,8.7,--,20,17400,卖盘
623,14:24:48,8.7,-0.01,69,60029,卖盘
624,14:24:45,8.71,0.01,262,228202,买盘
625,14:24:42,8.7,--,227,197489,卖盘
626,14:24:39,8.7,--,32,27839,卖盘
627,14:24:36,8.7,--,59,51329,卖盘
628,14:24:33,8.7,-0.01,66,57419,卖盘
629,14:24:30,8.71,--,12,10452,买盘
630,14:24:27,8.71,0.01,123,107133,买盘
631,14:24:24,8.7,-0.01,91,79170,卖盘
632,14:24:21,8.71,--,12,10452,买盘
633,14:24:15,8.71,0.01,84,73164,买盘
634,14:24:12,8.7,--,122,106139,卖盘
635,14:24:09,8.7,--,40,34800,卖盘
636,14:24:06,8.7,-0.01,24,20880,卖盘
637,14:24:03,8.71,--,663,577473,卖盘
638,14:24:00,8.71,-0.01,3,2613,卖盘
639,14:23:57,8.72,0.01,38,33136,买盘
640,14:23:54,8.71,--,1,871,卖盘
641,14:23:48,8.71,--,179,155909,买盘
642,14:23:45,8.71,--,64,55744,买盘
643,14:23:39,8.71,0.01,36,31356,买盘
644,14:23:36,8.7,--,8,6959,卖盘
645,14:23:33,8.7,-0.02,42,36540,卖盘
646,14:23:30,8.72,0.01,164,143008,买盘
647,14:23:27,8.71,--,234,203814,买盘
648,14:23:24,8.71,--,20,17420,买盘
649,14:23:21,8.71,--,72,62712,买盘
650,14:23:18,8.71,-0.01,352,306592,卖盘
651,14:23:15,8.72,0.01,71,61912,买盘
652,14:23:12,8.71,--,22,19162,卖盘
653,14:23:09,8.71,-0.01,128,111488,卖盘
654,14:23:06,8.72,--,782,681904,买盘
655,14:23:03,8.72,--,110,95920,买盘
656,14:23:00,8.72,0.01,23,20056,买盘
657,14:22:57,8.71,--,181,157651,卖盘
658,14:22:54,8.71,-0.01,29,25259,卖盘
659,14:22:51,8.72,0.01,5,4360,买盘
660,14:22:48,8.71,-0.01,11,9581,卖盘
661,14:22:45,8.72,--,13,11336,买盘
662,14:22:42,8.72,--,418,364496,买盘
663,14:22:39,8.72,--,203,177016,买盘
664,14:22:36,8.72,--,110,95920,买盘
665,14:22:33,8.72,0.01,69,60168,买盘
666,14:22:30,8.71,--,14,12194,卖盘
667,14:22:27,8.71,--,136,118456,卖盘
668,14:22:24,8.71,--,1,871,卖盘
669,14:22:21,8.71,-0.01,100,87100,卖盘
670,14:22:18,8.72,0.01,54,47088,买盘
671,14:22:15,8.71,--,171,148941,卖盘
672,14:22:12,8.71,-0.01,34,29614,卖盘
673,14:22:09,8.72,0.01,27,23544,买盘
674,14:22:06,8.71,--,8,6968,卖盘
675,14:22:03,8.71,--,159,138489,卖盘
676,14:22:00,8.71,-0.01,17,14807,卖盘
677,14:21:57,8.72,0.01,46,40112,买盘
678,14:21:54,8.71,--,82,71422,卖盘
679,14:21:51,8.71,--,34,29614,卖盘
680,14:21:45,8.71,--,1,871,卖盘
681,14:21:42,8.71,--,6,5226,卖盘
682,14:21:39,8.71,-0.01,51,44421,卖盘
683,14:21:36,8.72,--,41,35752,买盘
684,14:21:33,8.72,-0.01,407,355244,卖盘
685,14:21:30,8.73,0.01,61,53253,买盘
686,14:21:27,8.72,--,71,61912,卖盘
687,14:21:24,8.72,--,874,762659,买盘
688,14:21:21,8.72,--,51,44472,买盘
689,14:21:18,8.72,0.01,49,42728,买盘
690,14:21:15,8.71,--,53,46163,买盘
691,14:21:12,8.71,-0.01,74,64454,卖盘
692,14:21:09,8.72,0.01,185,161320,买盘
693,14:21:06,8.71,-0.01,93,81003,卖盘
694,14:21:03,8.72,--,342,298224,买盘
695,14:21:00,8.72,--,37,32264,买盘
696,14:20:57,8.72,0.01,12,10464,买盘
697,14:20:54,8.71,--,173,150683,卖盘
698,14:20:51,8.71,-0.01,46,40066,卖盘
699,14:20:48,8.72,--,172,149984,买盘
700,14:20:45,8.72,0.02,79,68888,买盘
701,14:20:42,8.7,-0.01,1218,1059660,卖盘
702,14:20:39,8.71,--,5,4355,卖盘
703,14:20:36,8.71,--,121,105391,买盘
704,14:20:33,8.71,--,78,67938,买盘
705,14:20:30,8.71,--,5,4355,买盘
706,14:20:27,8.71,--,373,324883,买盘
707,14:20:24,8.71,0.01,36,31356,买盘
708,14:20:21,8.7,-0.01,27,23489,卖盘
709,14:20:18,8.71,0.01,178,155038,买盘
710,14:20:15,8.7,-0.01,30,26099,卖盘
711,14:20:12,8.71,0.01,95,82745,买盘
712,14:20:09,8.7,-0.01,143,124409,卖盘
713,14:20:06,8.71,--,94,81874,买盘
714,14:20:03,8.71,--,10,8710,买盘
715,14:20:00,8.71,--,51,44421,买盘
716,14:19:57,8.71,--,38,33098,卖盘
717,14:19:54,8.71,--,80,69680,卖盘
718,14:19:51,8.71,--,26,22646,卖盘
719,14:19:48,8.71,--,183,159393,卖盘
720,14:19:45,8.71,0.01,513,446823,买盘
721,14:19:42,8.7,-0.01,117,101789,卖盘
722,14:19:39,8.71,--,67,58357,买盘
723,14:19:36,8.71,-0.01,60,52260,卖盘
724,14:19:33,8.72,0.01,120,104640,买盘
725,14:19:30,8.71,-0.01,41,35711,卖盘
726,14:19:24,8.72,0.01,60,52320,买盘
727,14:19:21,8.71,--,52,45292,买盘
728,14:19:18,8.71,0.01,483,420693,买盘
729,14:19:15,8.7,-0.01,40,34800,卖盘
730,14:19:12,8.71,--,191,166361,买盘
731,14:19:09,8.71,-0.01,97,84487,卖盘
732,14:19:06,8.72,--,15,13080,买盘
733,14:19:03,8.72,0.01,21,18312,买盘
734,14:19:00,8.71,-0.01,656,571376,卖盘
735,14:18:57,8.72,--,2,1744,买盘
736,14:18:54,8.72,-0.01,325,283740,卖盘
737,14:18:51,8.73,0.01,20,17460,买盘
738,14:18:48,8.72,--,1,872,卖盘
739,14:18:45,8.72,--,210,183120,卖盘
740,14:18:42,8.72,--,7,6104,卖盘
741,14:18:39,8.72,--,10,8720,卖盘
742,14:18:36,8.72,--,54,47088,卖盘
743,14:18:33,8.72,-0.01,98,85456,卖盘
744,14:18:30,8.73,--,22,19206,买盘
745,14:18:27,8.73,0.01,10,8730,买盘
746,14:18:24,8.72,-0.01,1651,1439672,卖盘
747,14:18:21,8.73,--,69,60237,卖盘
748,14:18:18,8.73,0.01,2579,2251999,买盘
749,14:18:15,8.72,-0.01,57,49704,卖盘
750,14:18:12,8.73,--,234,204282,买盘
751,14:18:09,8.73,0.01,26,22698,买盘
752,14:18:06,8.72,--,15,13080,卖盘
753,14:18:03,8.72,-0.01,60,52320,卖盘
754,14:18:00,8.73,--,399,348327,买盘
755,14:17:57,8.73,0.01,21,18333,买盘
756,14:17:54,8.72,-0.01,8,6976,卖盘
757,14:17:51,8.73,--,16,13968,买盘
758,14:17:48,8.73,0.01,5,4365,买盘
759,14:17:45,8.72,--,1,872,卖盘
760,14:17:42,8.72,--,112,97664,卖盘
761,14:17:39,8.72,--,37,32264,买盘
762,14:17:36,8.72,0.01,20,17440,买盘
763,14:17:33,8.71,-0.02,34,29614,卖盘
764,14:17:30,8.73,0.01,334,291582,买盘
765,14:17:27,8.72,--,332,289844,卖盘
766,14:17:24,8.72,-0.01,10,8720,卖盘
767,14:17:21,8.73,--,11,9603,买盘
768,14:17:18,8.73,0.01,57,49761,买盘
769,14:17:15,8.72,-0.01,1,872,卖盘
770,14:17:12,8.73,--,41,35793,买盘
771,14:17:09,8.73,0.01,69,60237,买盘
772,14:17:06,8.72,--,257,224104,卖盘
773,14:17:03,8.72,--,105,91560,卖盘
774,14:17:00,8.72,--,1,872,卖盘
775,14:16:57,8.72,0.01,391,341483,买盘
776,14:16:54,8.71,-0.01,43,37453,卖盘
777,14:16:51,8.72,--,152,132544,买盘
778,14:16:48,8.72,--,10,8720,买盘
779,14:16:45,8.72,--,427,372344,买盘
780,14:16:39,8.72,--,36,31392,买盘
781,14:16:36,8.72,--,151,131672,买盘
782,14:16:33,8.72,--,48,41856,买盘
783,14:16:27,8.72,--,220,191848,卖盘
784,14:16:24,8.72,--,317,276424,卖盘
785,14:16:21,8.72,--,21,18312,卖盘
786,14:16:18,8.72,0.01,2858,2493039,买盘
787,14:16:15,8.71,0.01,35,30485,买盘
788,14:16:12,8.7,--,44,38280,卖盘
789,14:16:09,8.7,--,1011,879578,卖盘
790,14:16:06,8.7,--,33,28709,卖盘
791,14:16:03,8.7,--,66,57419,卖盘
792,14:16:00,8.7,--,83,72210,卖盘
793,14:15:57,8.7,-0.01,1,869,卖盘
794,14:15:54,8.71,--,97,84487,买盘
795,14:15:51,8.71,0.01,12,10452,买盘
796,14:15:48,8.7,--,156,135720,卖盘
797,14:15:45,8.7,--,69,60029,卖盘
798,14:15:42,8.7,--,66,57419,卖盘
799,14:15:39,8.7,--,200,174000,卖盘
800,14:15:36,8.7,--,36,31319,卖盘
801,14:15:33,8.7,--,111,96569,卖盘
802,14:15:30,8.7,--,20,17400,卖盘
803,14:15:21,8.7,--,58,50459,卖盘
804,14:15:18,8.7,--,100,87000,卖盘
805,14:15:15,8.7,--,20,17400,卖盘
806,14:15:12,8.7,--,47,40890,卖盘
807,14:15:09,8.7,--,69,60029,卖盘
808,14:15:06,8.7,--,1,869,卖盘
809,14:15:03,8.7,--,8,6959,卖盘
810,14:15:00,8.7,--,64,55679,卖盘
811,14:14:54,8.7,--,45,39150,卖盘
812,14:14:51,8.7,--,9,7829,卖盘
813,14:14:48,8.7,--,6,5220,卖盘
814,14:14:45,8.7,--,59,51329,卖盘
815,14:14:42,8.7,--,6,5220,卖盘
816,14:14:39,8.7,--,10,9561,卖盘
817,14:14:36,8.7,--,68,59159,买盘
818,14:14:33,8.7,--,88,76560,卖盘
819,14:14:30,8.7,--,366,318420,买盘
820,14:14:27,8.7,--,158,137460,买盘
821,14:14:24,8.7,--,8,6959,买盘
822,14:14:21,8.7,0.01,35,30449,买盘
823,14:14:18,8.69,--,27,23463,卖盘
824,14:14:15,8.69,--,124,107756,卖盘
825,14:14:12,8.69,--,1,869,卖盘
826,14:14:09,8.69,--,129,112101,卖盘
827,14:14:06,8.69,--,2,1738,卖盘
828,14:14:03,8.69,-0.01,6,5214,卖盘
829,14:14:00,8.7,0.01,4,3479,中性盘
830,14:13:57,8.69,-0.01,207,179883,卖盘
831,14:13:54,8.7,0.01,102,88740,买盘
832,14:13:51,8.69,--,46,39974,卖盘
833,14:13:48,8.69,-0.01,9,7821,卖盘
834,14:13:45,8.7,0.01,48,41760,中性盘
835,14:13:42,8.69,-0.01,87,75603,卖盘
836,14:13:39,8.7,0.01,321,279792,买盘
837,14:13:36,8.69,-0.01,8,6952,卖盘
838,14:13:33,8.7,0.01,39,33930,买盘
839,14:13:30,8.69,--,68,59092,卖盘
840,14:13:27,8.69,-0.01,105,91245,卖盘
841,14:13:24,8.7,--,31,26969,买盘
842,14:13:21,8.7,0.01,11,9570,买盘
843,14:13:18,8.69,-0.01,1,869,卖盘
844,14:13:12,8.7,0.01,162,140940,买盘
845,14:13:09,8.69,-0.01,12,10428,卖盘
846,14:13:06,8.7,0.01,1041,905669,买盘
847,14:13:03,8.69,-0.01,32,27808,卖盘
848,14:13:00,8.7,--,9,7829,买盘
849,14:12:54,8.7,--,95,82650,买盘
850,14:12:51,8.7,--,544,473279,买盘
851,14:12:48,8.7,0.01,34,29579,买盘
852,14:12:45,8.69,-0.01,34,29546,卖盘
853,14:12:42,8.7,0.01,70,60899,买盘
854,14:12:39,8.69,-0.01,1032,896808,卖盘
855,14:12:36,8.7,0.01,15,13049,买盘
856,14:12:30,8.69,--,3,2607,卖盘
857,14:12:27,8.69,-0.01,233,202477,卖盘
858,14:12:24,8.7,0.01,10,8700,买盘
859,14:12:21,8.69,-0.01,9,7821,卖盘
860,14:12:18,8.7,0.01,42,36540,买盘
861,14:12:12,8.69,--,73,63437,卖盘
862,14:12:09,8.69,-0.01,26,22594,卖盘
863,14:12:06,8.7,--,168,146160,买盘
864,14:12:03,8.7,0.01,20,17400,买盘
865,14:12:00,8.69,-0.01,71,61699,卖盘
866,14:11:57,8.7,-0.01,287,249689,卖盘
867,14:11:54,8.71,--,162,141102,买盘
868,14:11:51,8.71,0.01,178,155038,买盘
869,14:11:48,8.7,--,341,296670,卖盘
870,14:11:45,8.7,--,7,6089,卖盘
871,14:11:42,8.7,-0.01,2,1739,卖盘
872,14:11:39,8.71,--,70,60970,买盘
873,14:11:36,8.71,--,20,17420,买盘
874,14:11:33,8.71,--,38,33098,买盘
875,14:11:30,8.71,0.01,44,38324,买盘
876,14:11:27,8.7,-0.01,88,76560,卖盘
877,14:11:24,8.71,0.01,70,60970,买盘
878,14:11:21,8.7,-0.01,17,14789,卖盘
879,14:11:18,8.71,--,44,38324,买盘
880,14:11:12,8.71,--,39,33969,买盘
881,14:11:09,8.71,0.01,35,30485,买盘
882,14:11:06,8.7,--,20,17400,卖盘
883,14:11:03,8.7,--,44,38280,卖盘
884,14:11:00,8.7,--,3,2610,卖盘
885,14:10:57,8.7,-0.01,65,56549,卖盘
886,14:10:54,8.71,0.01,40,34840,买盘
887,14:10:51,8.7,--,236,205319,卖盘
888,14:10:48,8.7,--,140,121799,卖盘
889,14:10:45,8.7,--,1,869,卖盘
890,14:10:42,8.7,0.01,109,94829,买盘
891,14:10:39,8.69,--,3,2607,卖盘
892,14:10:36,8.69,--,167,145123,卖盘
893,14:10:33,8.69,-0.01,30,26912,卖盘
894,14:10:30,8.7,0.01,159,138330,买盘
895,14:10:27,8.69,-0.01,386,335434,卖盘
896,14:10:24,8.7,--,41,35670,买盘
897,14:10:21,8.7,--,20,17400,买盘
898,14:10:18,8.7,--,184,160080,买盘
899,14:10:15,8.7,0.01,14,12179,买盘
900,14:10:12,8.69,-0.01,484,420596,卖盘
901,14:10:09,8.7,--,31,26969,买盘
902,14:10:06,8.7,0.01,332,288840,买盘
903,14:10:03,8.69,--,2,1738,卖盘
904,14:10:00,8.69,--,33,28677,卖盘
905,14:09:57,8.69,--,1,869,卖盘
906,14:09:54,8.69,-0.01,180,156420,卖盘
907,14:09:51,8.7,0.01,77,66990,买盘
908,14:09:48,8.69,-0.01,35,30415,卖盘
909,14:09:45,8.7,--,54,46979,买盘
910,14:09:42,8.7,--,267,232289,买盘
911,14:09:39,8.7,--,43,37410,买盘
912,14:09:36,8.7,0.01,16,13919,买盘
913,14:09:33,8.69,-0.01,65,56485,卖盘
914,14:09:30,8.7,0.01,42,36540,买盘
915,14:09:27,8.69,--,71,61699,卖盘
916,14:09:24,8.69,--,65,56485,卖盘
917,14:09:18,8.69,-0.01,92,79948,卖盘
918,14:09:15,8.7,0.01,6,5220,买盘
919,14:09:12,8.69,-0.01,1,869,卖盘
920,14:09:09,8.7,0.01,19,16530,买盘
921,14:09:06,8.69,--,32,27808,卖盘
922,14:09:03,8.69,-0.01,28,24332,中性盘
923,14:09:00,8.7,0.01,151,131370,买盘
924,14:08:57,8.69,--,7,6083,买盘
925,14:08:54,8.69,--,12,10428,买盘
926,14:08:51,8.69,0.01,33,28677,买盘
927,14:08:48,8.68,-0.01,10,8680,卖盘
928,14:08:45,8.69,0.01,39,33891,买盘
929,14:08:42,8.68,-0.01,11,9548,卖盘
930,14:08:39,8.69,--,5,4345,买盘
931,14:08:36,8.69,0.01,7,6083,买盘
932,14:08:33,8.68,--,35,30380,卖盘
933,14:08:30,8.68,-0.01,18,15624,卖盘
934,14:08:27,8.69,--,95,82555,买盘
935,14:08:24,8.69,--,10,8690,买盘
936,14:08:21,8.69,--,5,4345,买盘
937,14:08:18,8.69,--,29,25201,买盘
938,14:08:15,8.69,--,790,686510,卖盘
939,14:08:12,8.69,-0.01,53,46057,卖盘
940,14:08:09,8.7,0.01,30,26099,买盘
941,14:08:06,8.69,0.01,14,12166,买盘
942,14:08:03,8.68,-0.01,96,83328,卖盘
943,14:08:00,8.69,0.01,1380,1199220,买盘
944,14:07:57,8.68,-0.01,60,52080,卖盘
945,14:07:54,8.69,0.01,141,122529,买盘
946,14:07:51,8.68,--,209,181412,卖盘
947,14:07:48,8.68,--,12,10416,卖盘
948,14:07:45,8.68,-0.01,25,21700,卖盘
949,14:07:42,8.69,0.01,51,44319,买盘
950,14:07:39,8.68,-0.01,4,3472,卖盘
951,14:07:36,8.69,0.01,64,55616,买盘
952,14:07:33,8.68,-0.01,1025,889700,卖盘
953,14:07:30,8.69,--,83,72127,买盘
954,14:07:27,8.69,--,22,19118,买盘
955,14:07:24,8.69,--,94,81686,买盘
956,14:07:18,8.69,--,31,26939,买盘
957,14:07:12,8.69,0.01,60,52140,买盘
958,14:07:09,8.68,-0.01,5,4340,中性盘
959,14:07:06,8.69,0.01,57,49533,买盘
960,14:07:03,8.68,--,117,101556,买盘
961,14:07:00,8.68,0.01,87,75516,买盘
962,14:06:57,8.67,-0.01,33,28611,卖盘
963,14:06:54,8.68,0.01,129,111972,买盘
964,14:06:51,8.67,-0.01,14,12138,卖盘
965,14:06:48,8.68,--,527,457436,买盘
966,14:06:45,8.68,0.01,21,18228,买盘
967,14:06:42,8.67,-0.01,21,18207,卖盘
968,14:06:39,8.68,--,19,16492,买盘
969,14:06:36,8.68,--,150,130200,卖盘
970,14:06:33,8.68,--,58,50344,卖盘
971,14:06:30,8.68,--,187,162316,卖盘
972,14:06:27,8.68,-0.01,14,12152,卖盘
973,14:06:24,8.69,0.02,42,36498,买盘
974,14:06:21,8.67,-0.02,4000,3468000,卖盘
975,14:06:18,8.69,0.01,6,5214,买盘
976,14:06:12,8.68,--,40,34720,卖盘
977,14:06:09,8.68,-0.01,22,19096,卖盘
978,14:06:06,8.69,0.01,19,16511,买盘
979,14:06:03,8.68,--,137,118916,卖盘
980,14:05:57,8.68,--,23,19964,卖盘
981,14:05:54,8.68,--,4,3472,卖盘
982,14:05:51,8.68,--,199,173426,买盘
983,14:05:48,8.68,--,57,49476,买盘
984,14:05:45,8.68,0.01,20,17360,买盘
985,14:05:42,8.67,-0.01,2,1734,卖盘
986,14:05:39,8.68,--,160,138880,买盘
987,14:05:36,8.68,--,10,8680,买盘
988,14:05:33,8.68,--,57,49476,买盘
989,14:05:30,8.68,--,1639,1422825,卖盘
990,14:05:27,8.68,--,225,195300,卖盘
991,14:05:24,8.68,--,20,17360,卖盘
992,14:05:21,8.68,--,63,54684,卖盘
993,14:05:15,8.68,--,6,5208,卖盘
994,14:05:12,8.68,--,65,56420,卖盘
995,14:05:09,8.68,--,14,12152,卖盘
996,14:05:06,8.68,-0.01,2114,1834952,卖盘
997,14:05:03,8.69,0.01,211,183359,买盘
998,14:05:00,8.68,-0.01,4,3472,卖盘
999,14:04:57,8.69,--,13,11297,买盘
1000,14:04:54,8.69,--,21,18249,买盘
1001,14:04:51,8.69,--,6,5214,买盘
1002,14:04:48,8.69,--,140,121660,买盘
1003,14:04:45,8.69,--,23,19987,买盘
1004,14:04:42,8.69,--,977,849013,卖盘
1005,14:04:39,8.69,-0.01,129,112101,卖盘
1006,14:04:36,8.7,0.01,24,20880,买盘
1007,14:04:33,8.69,--,86,74734,卖盘
1008,14:04:30,8.69,-0.01,6,5214,卖盘
1009,14:04:24,8.7,0.01,5,4350,买盘
1010,14:04:21,8.69,--,75,65174,卖盘
1011,14:04:15,8.69,--,112,97328,卖盘
1012,14:04:12,8.69,--,223,193787,买盘
1013,14:04:09,8.69,0.01,99,86031,买盘
1014,14:04:06,8.68,-0.01,222,192696,卖盘
1015,14:04:03,8.69,--,5,4345,买盘
1016,14:04:00,8.69,0.01,25,21725,买盘
1017,14:03:57,8.68,--,3,2604,卖盘
1018,14:03:54,8.68,-0.01,11,9548,卖盘
1019,14:03:51,8.69,--,85,73865,买盘
1020,14:03:48,8.69,0.01,56,48664,买盘
1021,14:03:45,8.68,--,131,113708,卖盘
1022,14:03:42,8.68,--,44,38192,卖盘
1023,14:03:39,8.68,--,162,140616,卖盘
1024,14:03:33,8.68,-0.01,36,31248,卖盘
1025,14:03:30,8.69,--,33,28677,买盘
1026,14:03:27,8.69,--,17,14773,买盘
1027,14:03:24,8.69,0.01,131,113839,买盘
1028,14:03:21,8.68,-0.01,24,20832,卖盘
1029,14:03:18,8.69,0.01,273,237237,买盘
1030,14:03:15,8.68,--,1,868,卖盘
1031,14:03:12,8.68,--,23,19964,卖盘
1032,14:03:09,8.68,--,10,8680,卖盘
1033,14:03:06,8.68,-0.01,11,9548,卖盘
1034,14:03:03,8.69,--,56,48664,买盘
1035,14:03:00,8.69,0.01,58,50402,买盘
1036,14:02:57,8.68,-0.01,377,327236,卖盘
1037,14:02:54,8.69,0.01,4,3476,买盘
1038,14:02:51,8.68,-0.01,81,70308,卖盘
1039,14:02:48,8.69,0.01,116,100804,买盘
1040,14:02:45,8.68,-0.01,9,7812,卖盘
1041,14:02:42,8.69,--,58,50402,买盘
1042,14:02:39,8.69,0.01,21,18249,买盘
1043,14:02:36,8.68,-0.01,20,17360,卖盘
1044,14:02:33,8.69,0.01,11,9559,买盘
1045,14:02:27,8.68,--,67,58156,卖盘
1046,14:02:24,8.68,-0.01,5,4340,卖盘
1047,14:02:21,8.69,0.01,32,27808,买盘
1048,14:02:18,8.68,--,54,46872,卖盘
1049,14:02:15,8.68,--,96,83501,卖盘
1050,14:02:12,8.68,--,47,40796,卖盘
1051,14:02:09,8.68,--,34,29512,卖盘
1052,14:02:06,8.68,--,16,13888,卖盘
1053,14:02:03,8.68,--,1,868,卖盘
1054,14:02:00,8.68,--,40,34720,卖盘
1055,14:01:57,8.68,--,155,135060,卖盘
1056,14:01:54,8.68,--,47,40796,卖盘
1057,14:01:51,8.68,--,71,61628,卖盘
1058,14:01:48,8.68,--,56,48608,卖盘
1059,14:01:45,8.68,--,1,868,卖盘
1060,14:01:42,8.68,-0.01,1,868,卖盘
1061,14:01:39,8.69,0.01,78,67782,买盘
1062,14:01:33,8.68,-0.01,413,358484,卖盘
1063,14:01:27,8.69,0.01,59,51271,买盘
1064,14:01:24,8.68,-0.01,81,70308,卖盘
1065,14:01:21,8.69,0.01,71,61699,买盘
1066,14:01:18,8.68,--,39,33852,卖盘
1067,14:01:15,8.68,-0.01,123,106764,卖盘
1068,14:01:12,8.69,0.01,340,295460,买盘
1069,14:01:09,8.68,--,10,8680,卖盘
1070,14:01:06,8.68,--,11,9548,卖盘
1071,14:01:03,8.68,--,12,10416,卖盘
1072,14:01:00,8.68,--,3,2604,卖盘
1073,14:00:57,8.68,--,95,82460,卖盘
1074,14:00:54,8.68,--,83,72044,卖盘
1075,14:00:51,8.68,--,1,868,卖盘
1076,14:00:48,8.68,--,22,19096,卖盘
1077,14:00:45,8.68,-0.01,1,868,卖盘
1078,14:00:42,8.69,--,11,9559,买盘
1079,14:00:39,8.69,--,5,4345,买盘
1080,14:00:36,8.69,--,9,7821,买盘
1081,14:00:33,8.69,--,2,1738,买盘
1082,14:00:30,8.69,0.01,18,15642,买盘
1083,14:00:27,8.68,--,37,32116,卖盘
1084,14:00:24,8.68,--,1,868,卖盘
1085,14:00:15,8.68,--,11,9548,卖盘
1086,14:00:12,8.68,-0.01,61,52948,卖盘
1087,14:00:09,8.69,--,59,51271,卖盘
1088,14:00:06,8.69,--,54,46926,卖盘
1089,14:00:03,8.69,--,12,10428,卖盘
1090,14:00:00,8.69,--,352,305888,买盘
1091,13:59:57,8.69,0.02,20,17380,买盘
1092,13:59:54,8.67,-0.02,803,696201,卖盘
1093,13:59:51,8.69,--,14,12166,买盘
1094,13:59:48,8.69,0.01,28,24332,买盘
1095,13:59:45,8.68,--,41,35588,卖盘
1096,13:59:42,8.68,--,10,8680,卖盘
1097,13:59:39,8.68,--,1,868,卖盘
1098,13:59:36,8.68,0.01,142,123776,买盘
1099,13:59:33,8.67,-0.01,76,65892,卖盘
1100,13:59:30,8.68,--,70,60760,买盘
1101,13:59:27,8.68,--,89,77252,买盘
1102,13:59:24,8.68,--,552,479136,买盘
1103,13:59:21,8.68,0.01,149,129332,买盘
1104,13:59:18,8.67,--,45,39015,卖盘
1105,13:59:15,8.67,--,64,55488,卖盘
1106,13:59:12,8.67,--,105,91035,卖盘
1107,13:59:09,8.67,-0.01,29,25143,卖盘
1108,13:59:06,8.68,0.01,29,25172,买盘
1109,13:59:03,8.67,-0.01,58,50286,卖盘
1110,13:58:57,8.68,0.01,107,92876,买盘
1111,13:58:54,8.67,-0.01,215,186405,卖盘
1112,13:58:51,8.68,0.01,20,17360,买盘
1113,13:58:48,8.67,--,50,43350,卖盘
1114,13:58:45,8.67,-0.01,14,12138,卖盘
1115,13:58:42,8.68,--,43,37324,买盘
1116,13:58:39,8.68,0.01,1,868,买盘
1117,13:58:36,8.67,--,11,9537,卖盘
1118,13:58:33,8.67,--,2,1734,卖盘
1119,13:58:30,8.67,--,35,30345,卖盘
1120,13:58:27,8.67,--,101,87567,卖盘
1121,13:58:24,8.67,-0.01,51,44217,卖盘
1122,13:58:21,8.68,--,51,44268,买盘
1123,13:58:18,8.68,0.01,21,18228,买盘
1124,13:58:15,8.67,-0.01,312,270504,卖盘
1125,13:58:12,8.68,0.01,120,104160,买盘
1126,13:58:09,8.67,--,25,21675,卖盘
1127,13:58:06,8.67,--,5,4335,卖盘
1128,13:58:03,8.67,--,97,84099,卖盘
1129,13:58:00,8.67,--,609,528003,卖盘
1130,13:57:57,8.67,-0.01,31,26877,卖盘
1131,13:57:54,8.68,--,21,18228,买盘
1132,13:57:51,8.68,--,1,868,买盘
1133,13:57:48,8.68,0.01,373,323764,买盘
1134,13:57:45,8.67,--,1,867,卖盘
1135,13:57:42,8.67,-0.01,44,38148,卖盘
1136,13:57:36,8.68,--,93,80724,买盘
1137,13:57:33,8.68,--,150,130200,买盘
1138,13:57:30,8.68,0.01,126,109368,买盘
1139,13:57:27,8.67,--,737,638979,卖盘
1140,13:57:24,8.67,-0.01,189,163863,卖盘
1141,13:57:21,8.68,0.01,51,44268,买盘
1142,13:57:18,8.67,--,97,84099,卖盘
1143,13:57:15,8.67,--,368,319056,卖盘
1144,13:57:12,8.67,-0.01,27,23409,卖盘
1145,13:57:09,8.68,--,82,71176,买盘
1146,13:57:06,8.68,0.01,85,73780,买盘
1147,13:57:03,8.67,--,28,24276,卖盘
1148,13:57:00,8.67,-0.01,52,45084,卖盘
1149,13:56:57,8.68,--,270,234360,买盘
1150,13:56:54,8.68,0.01,36,31248,买盘
1151,13:56:45,8.67,--,866,750822,卖盘
1152,13:56:42,8.67,-0.01,31,26877,卖盘
1153,13:56:39,8.68,0.01,123,106764,买盘
1154,13:56:36,8.67,--,74,64158,卖盘
1155,13:56:33,8.67,-0.01,31,26877,卖盘
1156,13:56:30,8.68,0.01,14,12152,买盘
1157,13:56:27,8.67,--,11,9537,卖盘
1158,13:56:24,8.67,--,10,8670,卖盘
1159,13:56:21,8.67,--,20,17340,卖盘
1160,13:56:18,8.67,--,220,190740,卖盘
1161,13:56:15,8.67,-0.01,765,663255,卖盘
1162,13:56:12,8.68,0.01,11,9548,买盘
1163,13:56:09,8.67,--,1,867,卖盘
1164,13:56:06,8.67,--,139,120513,卖盘
1165,13:56:03,8.67,--,4,3468,卖盘
1166,13:56:00,8.67,-0.01,11,9537,卖盘
1167,13:55:57,8.68,0.01,12,10416,买盘
1168,13:55:54,8.67,-0.01,58,50286,卖盘
1169,13:55:51,8.68,--,2,1736,买盘
1170,13:55:48,8.68,0.01,6,5208,买盘
1171,13:55:45,8.67,-0.01,293,254031,卖盘
1172,13:55:42,8.68,--,833,723044,买盘
1173,13:55:39,8.68,--,10,8680,买盘
1174,13:55:36,8.68,--,73,63364,买盘
1175,13:55:33,8.68,--,10,8680,买盘
1176,13:55:30,8.68,0.01,111,96348,买盘
1177,13:55:27,8.67,-0.01,1711,1483783,卖盘
1178,13:55:24,8.68,--,1,868,卖盘
1179,13:55:21,8.68,--,17,14756,卖盘
1180,13:55:18,8.68,--,57,49476,卖盘
1181,13:55:15,8.68,-0.01,1360,1181000,卖盘
1182,13:55:12,8.69,0.01,3,2607,买盘
1183,13:55:09,8.68,--,10,8680,卖盘
1184,13:55:06,8.68,--,154,133672,卖盘
1185,13:55:03,8.68,--,66,57288,卖盘
1186,13:55:00,8.68,--,22,19096,卖盘
1187,13:54:57,8.68,--,75,65100,卖盘
1188,13:54:54,8.68,-0.01,6,5208,卖盘
1189,13:54:51,8.69,0.01,6,5214,买盘
1190,13:54:48,8.68,--,50,43400,卖盘
1191,13:54:45,8.68,-0.01,109,94612,卖盘
1192,13:54:42,8.69,--,110,95590,买盘
1193,13:54:39,8.69,0.01,4,3476,买盘
1194,13:54:36,8.68,--,6,5208,卖盘
1195,13:54:33,8.68,--,220,190960,卖盘
1196,13:54:30,8.68,--,14,12152,卖盘
1197,13:54:27,8.68,--,61,52948,卖盘
1198,13:54:21,8.68,--,9,7812,卖盘
1199,13:54:15,8.68,-0.01,5,4340,卖盘
1200,13:54:12,8.69,0.01,14,12166,买盘
1201,13:54:09,8.68,--,48,41664,卖盘
1202,13:54:06,8.68,-0.01,76,65968,卖盘
1203,13:54:03,8.69,--,144,125136,买盘
1204,13:54:00,8.69,--,78,67782,买盘
1205,13:53:57,8.69,0.01,1,869,买盘
1206,13:53:54,8.68,--,12,10416,卖盘
1207,13:53:51,8.68,-0.01,31,26908,卖盘
1208,13:53:48,8.69,--,2,1738,买盘
1209,13:53:45,8.69,0.01,10,8690,买盘
1210,13:53:39,8.68,-0.01,33,28644,卖盘
1211,13:53:36,8.69,--,65,56485,买盘
1212,13:53:30,8.69,--,16,13904,买盘
1213,13:53:27,8.69,0.01,2,1738,买盘
1214,13:53:24,8.68,-0.01,557,483823,卖盘
1215,13:53:18,8.69,--,427,371063,卖盘
1216,13:53:15,8.69,-0.01,25,21725,卖盘
1217,13:53:12,8.7,0.01,160,139200,买盘
1218,13:53:09,8.69,-0.01,172,149468,卖盘
1219,13:53:06,8.7,0.01,2,1739,买盘
1220,13:53:03,8.69,--,47,40843,卖盘
1221,13:53:00,8.69,-0.01,28,24332,卖盘
1222,13:52:57,8.7,--,315,274050,买盘
1223,13:52:54,8.7,0.01,10,8700,买盘
1224,13:52:48,8.69,--,56,48664,卖盘
1225,13:52:45,8.69,--,57,49533,卖盘
1226,13:52:39,8.69,--,75,65174,卖盘
1227,13:52:36,8.69,--,73,63437,卖盘
1228,13:52:33,8.69,--,201,174669,卖盘
1229,13:52:30,8.69,--,90,78210,卖盘
1230,13:52:27,8.69,--,16,13904,卖盘
1231,13:52:24,8.69,-0.01,6,5214,卖盘
1232,13:52:21,8.7,0.01,20,17400,买盘
1233,13:52:15,8.69,-0.01,50,43450,卖盘
1234,13:52:12,8.7,0.01,47,40890,买盘
1235,13:52:09,8.69,-0.01,7,6083,卖盘
1236,13:52:06,8.7,--,88,76560,买盘
1237,13:52:03,8.7,--,3,2610,买盘
1238,13:52:00,8.7,0.01,1,869,买盘
1239,13:51:57,8.69,--,128,111232,卖盘
1240,13:51:54,8.69,-0.01,24,20856,卖盘
1241,13:51:51,8.7,--,8,6959,买盘
1242,13:51:48,8.7,--,88,76560,买盘
1243,13:51:45,8.7,0.01,94,81780,买盘
1244,13:51:42,8.69,--,2,1738,卖盘
1245,13:51:39,8.69,-0.01,19,16511,卖盘
1246,13:51:36,8.7,--,16,13919,买盘
1247,13:51:33,8.7,0.01,28,24359,买盘
1248,13:51:30,8.69,--,30,26070,卖盘
1249,13:51:27,8.69,--,7,6083,卖盘
1250,13:51:24,8.69,--,1,869,卖盘
1251,13:51:21,8.69,--,40,34760,卖盘
1252,13:51:18,8.69,-0.01,42,36498,卖盘
1253,13:51:15,8.7,--,47,40890,买盘
1254,13:51:12,8.7,--,63,54809,买盘
1255,13:51:09,8.7,--,10,8700,买盘
1256,13:51:03,8.7,0.01,52,45239,买盘
1257,13:51:00,8.69,-0.01,8,6952,卖盘
1258,13:50:57,8.7,0.01,15,13049,买盘
1259,13:50:54,8.69,-0.01,68,59092,卖盘
1260,13:50:51,8.7,0.01,145,126149,买盘
1261,13:50:48,8.69,--,14,12166,卖盘
1262,13:50:45,8.69,-0.01,118,102542,卖盘
1263,13:50:42,8.7,--,60,52199,买盘
1264,13:50:39,8.7,0.01,23,20010,买盘
1265,13:50:36,8.69,-0.01,97,84293,卖盘
1266,13:50:33,8.7,0.01,109,94829,买盘
1267,13:50:30,8.69,--,28,24332,卖盘
1268,13:50:27,8.69,-0.01,51,44319,卖盘
1269,13:50:21,8.7,0.01,91,79170,买盘
1270,13:50:18,8.69,--,4,3476,卖盘
1271,13:50:15,8.69,--,23,19987,卖盘
1272,13:50:09,8.69,--,128,111232,卖盘
1273,13:50:06,8.69,--,37,32152,卖盘
1274,13:50:03,8.69,--,64,55616,卖盘
1275,13:50:00,8.69,-0.01,167,145123,卖盘
1276,13:49:57,8.7,0.01,7,6089,买盘
1277,13:49:54,8.69,--,58,50402,卖盘
1278,13:49:51,8.69,--,64,55616,卖盘
1279,13:49:48,8.69,-0.01,104,90376,卖盘
1280,13:49:45,8.7,0.01,7,6089,买盘
1281,13:49:42,8.69,--,1,869,卖盘
1282,13:49:39,8.69,-0.01,4,3476,卖盘
1283,13:49:36,8.7,0.01,101,87870,买盘
1284,13:49:33,8.69,--,71,61699,卖盘
1285,13:49:30,8.69,--,167,145644,卖盘
1286,13:49:27,8.69,--,161,139909,卖盘
1287,13:49:24,8.69,--,83,72127,卖盘
1288,13:49:21,8.69,-0.01,24,20856,卖盘
1289,13:49:18,8.7,0.01,5,4350,买盘
1290,13:49:15,8.69,--,65,56485,卖盘
1291,13:49:09,8.69,--,58,50402,卖盘
1292,13:49:06,8.69,--,2,1738,卖盘
1293,13:49:03,8.69,-0.01,13,11297,卖盘
1294,13:49:00,8.7,--,18,15659,买盘
1295,13:48:54,8.7,0.01,5,4350,买盘
1296,13:48:51,8.69,-0.01,76,66044,卖盘
1297,13:48:48,8.7,0.01,7,6089,买盘
1298,13:48:45,8.69,--,1,869,卖盘
1299,13:48:42,8.69,-0.01,190,165110,卖盘
1300,13:48:39,8.7,0.01,210,182699,买盘
1301,13:48:36,8.69,-0.01,33,28677,卖盘
1302,13:48:33,8.7,0.01,62,53939,买盘
1303,13:48:30,8.69,--,73,63437,卖盘
1304,13:48:27,8.69,--,139,120791,卖盘
1305,13:48:24,8.69,-0.01,5,4345,卖盘
1306,13:48:21,8.7,0.01,18,15659,买盘
1307,13:48:18,8.69,--,21,18249,卖盘
1308,13:48:15,8.69,-0.01,41,35629,卖盘
1309,13:48:12,8.7,--,17,14789,买盘
1310,13:48:09,8.7,--,501,435869,卖盘
1311,13:48:06,8.7,-0.01,36,31319,卖盘
1312,13:48:03,8.71,0.01,135,117585,买盘
1313,13:48:00,8.7,--,500,434999,卖盘
1314,13:47:54,8.7,--,185,160950,卖盘
1315,13:47:51,8.7,-0.01,8,6959,卖盘
1316,13:47:48,8.71,--,219,190749,买盘
1317,13:47:45,8.71,0.01,11,9581,买盘
1318,13:47:42,8.7,-0.01,35,30449,卖盘
1319,13:47:39,8.71,0.01,39,33969,买盘
1320,13:47:36,8.7,-0.01,43,37410,卖盘
1321,13:47:33,8.71,0.01,50,43550,买盘
1322,13:47:30,8.7,--,33,28709,卖盘
1323,13:47:27,8.7,-0.01,18,15659,卖盘
1324,13:47:24,8.71,0.01,148,128908,买盘
1325,13:47:21,8.7,-0.01,235,204449,卖盘
1326,13:47:18,8.71,--,30,26130,买盘
1327,13:47:15,8.71,0.01,119,103649,买盘
1328,13:47:12,8.7,--,42,36540,卖盘
1329,13:47:09,8.7,-0.01,60,52199,卖盘
1330,13:47:06,8.71,--,66,57486,买盘
1331,13:47:03,8.71,0.01,5,4355,买盘
1332,13:47:00,8.7,-0.01,143,124409,卖盘
1333,13:46:57,8.71,--,451,392821,买盘
1334,13:46:54,8.71,--,181,157651,买盘
1335,13:46:51,8.71,0.01,1,871,买盘
1336,13:46:48,8.7,-0.01,11,9570,卖盘
1337,13:46:45,8.71,--,7,6097,买盘
1338,13:46:42,8.71,--,2,1742,买盘
1339,13:46:39,8.71,--,600,522600,卖盘
1340,13:46:36,8.71,--,63,54873,卖盘
1341,13:46:33,8.71,-0.01,118,102778,卖盘
1342,13:46:30,8.72,0.01,66,57552,买盘
1343,13:46:27,8.71,-0.01,10,8710,卖盘
1344,13:46:24,8.72,--,80,69760,买盘
1345,13:46:21,8.72,0.01,3,2616,买盘
1346,13:46:18,8.71,-0.01,62,54002,卖盘
1347,13:46:15,8.72,--,6,5232,买盘
1348,13:46:12,8.72,0.01,12,10464,买盘
1349,13:46:09,8.71,--,6,5226,卖盘
1350,13:46:06,8.71,-0.01,6,5226,卖盘
1351,13:46:03,8.72,0.01,5,4360,买盘
1352,13:46:00,8.71,-0.01,8,6968,卖盘
1353,13:45:54,8.72,--,61,53192,买盘
1354,13:45:48,8.72,0.01,18,15696,买盘
1355,13:45:45,8.71,--,125,108875,卖盘
1356,13:45:42,8.71,--,1,871,卖盘
1357,13:45:39,8.71,--,4,3484,买盘
1358,13:45:36,8.71,--,25,21775,买盘
1359,13:45:33,8.71,--,621,540891,买盘
1360,13:45:30,8.71,0.01,4,3484,买盘
1361,13:45:27,8.7,--,1,869,卖盘
1362,13:45:24,8.7,-0.01,21,18270,卖盘
1363,13:45:21,8.71,--,34,29614,买盘
1364,13:45:18,8.71,--,47,40937,买盘
1365,13:45:15,8.71,0.01,29,25259,买盘
1366,13:45:12,8.7,-0.01,22,19140,卖盘
1367,13:45:09,8.71,--,58,50518,买盘
1368,13:45:06,8.71,0.01,23,20033,买盘
1369,13:45:03,8.7,-0.01,13,11309,卖盘
1370,13:45:00,8.71,0.01,41,35711,买盘
1371,13:44:57,8.7,-0.01,61,53069,卖盘
1372,13:44:54,8.71,--,21,18291,买盘
1373,13:44:51,8.71,--,17,14807,买盘
1374,13:44:48,8.71,--,56,48776,买盘
1375,13:44:45,8.71,--,60,52260,买盘
1376,13:44:42,8.71,--,18,15678,买盘
1377,13:44:39,8.71,--,76,66196,买盘
1378,13:44:36,8.71,-0.01,190,166178,卖盘
1379,13:44:33,8.72,--,947,825784,买盘
1380,13:44:30,8.72,0.01,175,152600,买盘
1381,13:44:27,8.71,--,63,54873,卖盘
1382,13:44:24,8.71,-0.01,58,50518,卖盘
1383,13:44:21,8.72,--,45,39240,买盘
1384,13:44:15,8.72,--,46,40112,买盘
1385,13:44:12,8.72,--,131,114232,买盘
1386,13:44:09,8.72,0.01,4,3488,买盘
1387,13:44:06,8.71,--,12,10452,卖盘
1388,13:44:03,8.71,-0.01,25,21775,卖盘
1389,13:44:00,8.72,--,38,33136,买盘
1390,13:43:57,8.72,--,1,872,买盘
1391,13:43:54,8.72,--,21,18312,买盘
1392,13:43:51,8.72,--,17,14824,买盘
1393,13:43:48,8.72,-0.01,2,1744,买盘
1394,13:43:45,8.73,0.02,210,183330,买盘
1395,13:43:42,8.71,-0.02,2,1742,卖盘
1396,13:43:39,8.73,0.01,30,26190,买盘
1397,13:43:36,8.72,-0.01,23,20056,卖盘
1398,13:43:33,8.73,0.01,12,10476,买盘
1399,13:43:30,8.72,--,457,398504,卖盘
1400,13:43:27,8.72,--,45,39240,卖盘
1401,13:43:24,8.72,--,33,28776,卖盘
1402,13:43:18,8.72,-0.01,17,14824,卖盘
1403,13:43:15,8.73,0.01,24,20952,买盘
1404,13:43:12,8.72,--,10,8720,卖盘
1405,13:43:09,8.72,--,110,95920,卖盘
1406,13:43:06,8.72,--,118,102896,卖盘
1407,13:43:03,8.72,0.01,116,101152,买盘
1408,13:43:00,8.71,--,50,43550,卖盘
1409,13:42:57,8.71,--,202,175942,卖盘
1410,13:42:51,8.71,-0.01,71,61841,卖盘
1411,13:42:48,8.72,--,121,105512,买盘
1412,13:42:45,8.72,--,56,48832,买盘
1413,13:42:42,8.72,0.01,42,36624,买盘
1414,13:42:36,8.71,-0.01,26,22646,卖盘
1415,13:42:33,8.72,0.01,36,31392,买盘
1416,13:42:30,8.71,-0.01,219,190749,卖盘
1417,13:42:27,8.72,--,14,12208,买盘
1418,13:42:24,8.72,--,72,62784,买盘
1419,13:42:21,8.72,--,25,21800,买盘
1420,13:42:18,8.72,0.01,116,101152,买盘
1421,13:42:15,8.71,-0.02,819,713349,卖盘
1422,13:42:12,8.73,0.01,236,206211,买盘
1423,13:42:09,8.72,-0.01,10,8720,卖盘
1424,13:42:06,8.73,0.01,61,53253,买盘
1425,13:42:03,8.72,0.01,278,242416,买盘
1426,13:41:57,8.71,-0.02,22,19162,卖盘
1427,13:41:54,8.73,0.01,52,45396,买盘
1428,13:41:51,8.72,-0.01,10,8720,卖盘
1429,13:41:48,8.73,0.02,16,13968,买盘
1430,13:41:45,8.71,-0.01,1211,1054781,卖盘
1431,13:41:42,8.72,--,131,114232,卖盘
1432,13:41:39,8.72,--,17,14824,卖盘
1433,13:41:36,8.72,-0.01,232,202304,卖盘
1434,13:41:33,8.73,-0.01,1181,1031013,卖盘
1435,13:41:30,8.74,--,75,65550,卖盘
1436,13:41:27,8.74,--,232,202768,卖盘
1437,13:41:21,8.74,0.01,150,131100,买盘
1438,13:41:18,8.73,-0.01,7,6111,卖盘
1439,13:41:15,8.74,--,128,111872,卖盘
1440,13:41:12,8.74,--,17,14858,卖盘
1441,13:41:09,8.74,--,32,27968,卖盘
1442,13:41:06,8.74,--,67,58558,卖盘
1443,13:41:03,8.74,--,361,315514,买盘
1444,13:41:00,8.74,--,139,121486,买盘
1445,13:40:57,8.74,--,129,112746,买盘
1446,13:40:54,8.74,--,143,124982,买盘
1447,13:40:51,8.74,--,111,97014,买盘
1448,13:40:48,8.74,--,2,1748,买盘
1449,13:40:45,8.74,0.01,156,136344,买盘
1450,13:40:42,8.73,--,20,17460,卖盘
1451,13:40:36,8.73,0.01,211,184203,买盘
1452,13:40:33,8.72,-0.01,42,36624,卖盘
1453,13:40:30,8.73,0.01,45,39285,买盘
1454,13:40:27,8.72,--,18,15696,卖盘
1455,13:40:24,8.72,--,9,7848,卖盘
1456,13:40:21,8.72,-0.01,1,872,卖盘
1457,13:40:18,8.73,0.01,133,116109,买盘
1458,13:40:15,8.72,0.02,120,104640,买盘
1459,13:40:12,8.7,-0.02,1068,929159,卖盘
1460,13:40:09,8.72,-0.01,85,74120,卖盘
1461,13:40:06,8.73,0.01,26,22698,买盘
1462,13:40:03,8.72,0.01,209,182248,卖盘
1463,13:40:00,8.71,-0.01,525,457275,卖盘
1464,13:39:57,8.72,0.01,61,53192,买盘
1465,13:39:54,8.71,-0.01,45,39195,卖盘
1466,13:39:51,8.72,--,575,501400,买盘
1467,13:39:48,8.72,--,120,104640,买盘
1468,13:39:45,8.72,--,357,311304,买盘
1469,13:39:42,8.72,-0.01,563,490936,卖盘
1470,13:39:39,8.73,--,105,91665,买盘
1471,13:39:36,8.73,0.01,555,484515,买盘
1472,13:39:33,8.72,-0.01,105,91560,卖盘
1473,13:39:30,8.73,0.02,94,82062,买盘
1474,13:39:27,8.71,--,860,749060,卖盘
1475,13:39:24,8.71,-0.04,2,1742,卖盘
1476,13:39:18,8.75,0.04,3825,3346875,买盘
1477,13:39:15,8.71,--,97,84487,买盘
1478,13:39:12,8.71,0.01,168,146328,买盘
1479,13:39:09,8.7,--,194,168780,卖盘
1480,13:39:06,8.7,--,141,122669,卖盘
1481,13:39:03,8.7,--,39,33930,卖盘
1482,13:39:00,8.7,--,4,3479,卖盘
1483,13:38:57,8.7,--,627,545490,买盘
1484,13:38:54,8.7,--,155,134850,买盘
1485,13:38:51,8.7,--,373,324510,买盘
1486,13:38:48,8.7,--,109,94829,买盘
1487,13:38:45,8.7,--,37,32189,买盘
1488,13:38:42,8.7,--,3,2610,买盘
1489,13:38:39,8.7,--,100,87000,买盘
1490,13:38:36,8.7,--,14,12179,买盘
1491,13:38:33,8.7,--,32,27839,买盘
1492,13:38:30,8.7,0.01,5,4350,买盘
1493,13:38:27,8.69,-0.01,18,15642,卖盘
1494,13:38:24,8.7,--,76,66120,买盘
1495,13:38:21,8.7,0.01,53,46109,买盘
1496,13:38:18,8.69,-0.01,10,8690,卖盘
1497,13:38:15,8.7,--,55,47849,买盘
1498,13:38:12,8.7,0.01,13,11309,买盘
1499,13:38:09,8.69,--,30,26070,卖盘
1500,13:38:06,8.69,--,7,6083,卖盘
1501,13:38:03,8.69,--,7,6083,卖盘
1502,13:38:00,8.69,--,1614,1402566,买盘
1503,13:37:57,8.69,--,17,14773,买盘
1504,13:37:54,8.69,--,21,18249,买盘
1505,13:37:51,8.69,--,514,446666,买盘
1506,13:37:48,8.69,0.01,5,4345,买盘
1507,13:37:45,8.68,--,458,397544,卖盘
1508,13:37:39,8.68,--,52,45136,卖盘
1509,13:37:36,8.68,--,269,233492,卖盘
1510,13:37:33,8.68,--,93,80724,卖盘
1511,13:37:30,8.68,--,50,43400,卖盘
1512,13:37:27,8.68,-0.01,24,20832,卖盘
1513,13:37:24,8.69,--,9,7821,买盘
1514,13:37:21,8.69,--,82,71258,买盘
1515,13:37:18,8.69,0.01,82,71258,买盘
1516,13:37:15,8.68,--,218,189224,卖盘
1517,13:37:12,8.68,--,164,142352,卖盘
1518,13:37:09,8.68,--,10,8680,卖盘
1519,13:37:06,8.68,--,21,18228,卖盘
1520,13:37:03,8.68,--,239,207452,卖盘
1521,13:37:00,8.68,--,23,19964,卖盘
1522,13:36:57,8.68,--,21,18228,卖盘
1523,13:36:54,8.68,-0.01,15,13020,卖盘
1524,13:36:48,8.69,--,29,25201,买盘
1525,13:36:45,8.69,0.01,71,61699,买盘
1526,13:36:42,8.68,-0.01,507,440076,卖盘
1527,13:36:39,8.69,0.01,438,380622,买盘
1528,13:36:33,8.68,-0.01,4,3472,卖盘
1529,13:36:30,8.69,--,96,83424,买盘
1530,13:36:27,8.69,--,103,89507,买盘
1531,13:36:24,8.69,0.01,256,222464,买盘
1532,13:36:21,8.68,-0.01,70,60760,卖盘
1533,13:36:18,8.69,--,32,27808,买盘
1534,13:36:15,8.69,--,145,126005,卖盘
1535,13:36:12,8.69,--,19,16511,卖盘
1536,13:36:09,8.69,-0.01,20,17380,卖盘
1537,13:36:06,8.7,0.01,2039,1773929,买盘
1538,13:36:03,8.69,0.01,14,12861,买盘
1539,13:36:00,8.68,--,236,204848,卖盘
1540,13:35:54,8.68,--,7,6076,卖盘
1541,13:35:48,8.68,--,19,16492,卖盘
1542,13:35:45,8.68,--,92,79856,买盘
1543,13:35:42,8.68,--,27,23436,买盘
1544,13:35:39,8.68,--,620,538160,卖盘
1545,13:35:36,8.68,--,147,127596,卖盘
1546,13:35:33,8.68,0.01,788,683984,买盘
1547,13:35:30,8.67,-0.01,10,8670,卖盘
1548,13:35:27,8.68,--,462,401016,买盘
1549,13:35:24,8.68,--,11,9548,买盘
1550,13:35:21,8.68,--,6,5208,买盘
1551,13:35:18,8.68,--,26,22568,买盘
1552,13:35:15,8.68,--,41,35588,买盘
1553,13:35:12,8.68,0.01,70,60760,买盘
1554,13:35:09,8.67,-0.01,145,125715,卖盘
1555,13:35:06,8.68,--,38,32984,买盘
1556,13:35:03,8.68,0.01,34,29512,买盘
1557,13:35:00,8.67,--,78,67626,卖盘
1558,13:34:57,8.67,-0.01,111,96237,卖盘
1559,13:34:54,8.68,--,106,92008,买盘
1560,13:34:51,8.68,--,16,13888,买盘
1561,13:34:48,8.68,--,216,187488,买盘
1562,13:34:45,8.68,0.01,78,67704,买盘
1563,13:34:42,8.67,--,11,9537,卖盘
1564,13:34:39,8.67,-0.01,282,244494,卖盘
1565,13:34:36,8.68,--,81,70308,买盘
1566,13:34:33,8.68,0.01,15,13020,买盘
1567,13:34:30,8.67,--,60,52020,卖盘
1568,13:34:27,8.67,--,11,9537,卖盘
1569,13:34:24,8.67,-0.01,4,3468,卖盘
1570,13:34:21,8.68,0.01,29,25172,买盘
1571,13:34:18,8.67,-0.01,12,10404,卖盘
1572,13:34:12,8.68,0.01,155,134540,买盘
1573,13:34:09,8.67,--,11,9537,卖盘
1574,13:34:06,8.67,--,5,4335,卖盘
1575,13:34:03,8.67,--,5,4335,卖盘
1576,13:34:00,8.67,0.01,48,41616,买盘
1577,13:33:57,8.66,-0.01,122,105652,卖盘
1578,13:33:54,8.67,--,448,388416,买盘
1579,13:33:51,8.67,0.01,87,75429,买盘
1580,13:33:48,8.66,-0.01,21,18186,卖盘
1581,13:33:45,8.67,0.01,153,132651,买盘
1582,13:33:42,8.66,--,78,68171,卖盘
1583,13:33:39,8.66,--,28,24248,卖盘
1584,13:33:36,8.66,-0.01,23,19918,卖盘
1585,13:33:33,8.67,0.01,31,26877,买盘
1586,13:33:30,8.66,--,21,18186,卖盘
1587,13:33:27,8.66,--,42,36372,卖盘
1588,13:33:21,8.66,-0.01,23,19918,卖盘
1589,13:33:18,8.67,0.01,60,52020,买盘
1590,13:33:15,8.66,--,97,84002,卖盘
1591,13:33:12,8.66,-0.01,11,9526,卖盘
1592,13:33:09,8.67,0.01,131,113577,买盘
1593,13:33:06,8.66,--,508,439928,卖盘
1594,13:33:03,8.66,--,569,492754,卖盘
1595,13:33:00,8.66,-0.01,57,49362,卖盘
1596,13:32:57,8.67,--,74,64158,买盘
1597,13:32:54,8.67,0.01,26,22542,买盘
1598,13:32:51,8.66,-0.01,34,29444,卖盘
1599,13:32:48,8.67,0.01,350,303450,买盘
1600,13:32:45,8.66,-0.01,15,12990,卖盘
1601,13:32:42,8.67,--,188,162996,买盘
1602,13:32:39,8.67,0.01,100,86700,买盘
1603,13:32:36,8.66,--,27,23382,卖盘
1604,13:32:33,8.66,-0.01,119,103054,卖盘
1605,13:32:30,8.67,0.01,19,16473,买盘
1606,13:32:27,8.66,--,327,283182,卖盘
1607,13:32:24,8.66,--,15,12990,卖盘
1608,13:32:21,8.66,--,51,44166,卖盘
1609,13:32:18,8.66,--,640,554240,卖盘
1610,13:32:15,8.66,-0.01,987,854742,卖盘
1611,13:32:12,8.67,--,11,9537,买盘
1612,13:32:09,8.67,0.01,1088,943296,买盘
1613,13:32:06,8.66,--,228,197448,卖盘
1614,13:32:03,8.66,-0.01,23,19918,卖盘
1615,13:31:57,8.67,0.01,29,25143,买盘
1616,13:31:54,8.66,-0.01,147,127302,卖盘
1617,13:31:51,8.67,0.01,430,372810,买盘
1618,13:31:48,8.66,-0.01,313,271058,卖盘
1619,13:31:45,8.67,--,58,50286,买盘
1620,13:31:42,8.67,--,90,78030,买盘
1621,13:31:39,8.67,--,10,8670,买盘
1622,13:31:36,8.67,0.01,66,57222,买盘
1623,13:31:33,8.66,-0.01,274,237284,卖盘
1624,13:31:30,8.67,--,484,419628,买盘
1625,13:31:27,8.67,--,66,57222,买盘
1626,13:31:24,8.67,0.01,20,17340,买盘
1627,13:31:21,8.66,-0.01,1,866,卖盘
1628,13:31:18,8.67,--,359,311253,买盘
1629,13:31:15,8.67,--,251,217617,买盘
1630,13:31:09,8.67,0.01,47,40749,买盘
1631,13:31:06,8.66,-0.01,230,199180,卖盘
1632,13:31:03,8.67,0.01,44,38148,买盘
1633,13:31:00,8.66,--,648,561168,卖盘
1634,13:30:57,8.66,--,137,118642,卖盘
1635,13:30:54,8.66,--,752,651232,卖盘
1636,13:30:51,8.66,-0.01,182,157612,卖盘
1637,13:30:48,8.67,--,20,17340,买盘
1638,13:30:45,8.67,0.01,21,18207,买盘
1639,13:30:42,8.66,-0.01,190,164540,卖盘
1640,13:30:39,8.67,--,15,13005,买盘
1641,13:30:36,8.67,0.01,16,13872,买盘
1642,13:30:33,8.66,-0.01,2,1732,卖盘
1643,13:30:30,8.67,--,200,173400,买盘
1644,13:30:27,8.67,0.01,164,142188,买盘
1645,13:30:24,8.66,--,46,39836,卖盘
1646,13:30:21,8.66,--,3,2598,卖盘
1647,13:30:18,8.66,-0.01,546,472836,卖盘
1648,13:30:15,8.67,0.01,198,171666,买盘
1649,13:30:12,8.66,-0.01,15,12990,卖盘
1650,13:30:09,8.67,--,28,24276,买盘
1651,13:30:06,8.67,0.01,94,81498,买盘
1652,13:30:03,8.66,-0.01,5,4330,卖盘
1653,13:30:00,8.67,--,12,10404,买盘
1654,13:29:57,8.67,-0.01,2907,2520369,卖盘
1655,13:29:54,8.68,--,20,17360,买盘
1656,13:29:51,8.68,--,47,40796,买盘
1657,13:29:48,8.68,--,11,9548,买盘
1658,13:29:45,8.68,0.01,12,10416,买盘
1659,13:29:42,8.67,--,127,110109,卖盘
1660,13:29:39,8.67,-0.01,6,5202,卖盘
1661,13:29:36,8.68,--,57,49476,买盘
1662,13:29:33,8.68,0.01,8,6944,买盘
1663,13:29:30,8.67,--,199,172533,卖盘
1664,13:29:27,8.67,--,200,173400,卖盘
1665,13:29:24,8.67,-0.01,76,65892,卖盘
1666,13:29:21,8.68,--,2,1736,买盘
1667,13:29:18,8.68,--,18,15624,买盘
1668,13:29:15,8.68,--,57,49476,卖盘
1669,13:29:12,8.68,--,200,173600,卖盘
1670,13:29:09,8.68,--,266,230888,卖盘
1671,13:29:06,8.68,--,145,125860,卖盘
1672,13:29:03,8.68,--,29,25172,卖盘
1673,13:29:00,8.68,-0.01,232,201376,卖盘
1674,13:28:57,8.69,0.01,235,204215,买盘
1675,13:28:54,8.68,--,132,114576,卖盘
1676,13:28:51,8.68,--,420,364560,卖盘
1677,13:28:48,8.68,--,214,185752,卖盘
1678,13:28:45,8.68,--,162,140616,卖盘
1679,13:28:42,8.68,--,158,137144,卖盘
1680,13:28:39,8.68,--,1,868,卖盘
1681,13:28:36,8.68,-0.01,1,868,卖盘
1682,13:28:33,8.69,0.01,507,440583,买盘
1683,13:28:30,8.68,--,17,14756,卖盘
1684,13:28:27,8.68,-0.01,6,5208,卖盘
1685,13:28:24,8.69,0.01,4,3476,买盘
1686,13:28:21,8.68,--,33,28644,卖盘
1687,13:28:18,8.68,--,15,13020,卖盘
1688,13:28:15,8.68,--,5,4340,卖盘
1689,13:28:12,8.68,0.01,592,513856,买盘
1690,13:28:09,8.67,--,8,6936,卖盘
1691,13:28:06,8.67,--,19,16473,卖盘
1692,13:28:03,8.67,-0.01,36,31212,卖盘
1693,13:27:57,8.68,0.01,108,93744,买盘
1694,13:27:54,8.67,-0.01,92,79764,卖盘
1695,13:27:51,8.68,--,13,11284,买盘
1696,13:27:45,8.68,0.01,1,868,买盘
1697,13:27:42,8.67,--,27,23409,卖盘
1698,13:27:39,8.67,--,102,88434,卖盘
1699,13:27:36,8.67,-0.01,33,28611,卖盘
1700,13:27:33,8.68,--,84,72912,买盘
1701,13:27:30,8.68,0.01,35,30380,买盘
1702,13:27:27,8.67,-0.01,51,44217,卖盘
1703,13:27:24,8.68,0.01,34,29512,买盘
1704,13:27:21,8.67,-0.01,23,19941,卖盘
1705,13:27:18,8.68,--,17,14756,买盘
1706,13:27:15,8.68,--,200,173600,买盘
1707,13:27:12,8.68,0.01,12,10416,买盘
1708,13:27:06,8.67,--,25,21675,卖盘
1709,13:27:03,8.67,--,24,20808,卖盘
1710,13:27:00,8.67,--,16,13872,卖盘
1711,13:26:57,8.67,--,559,484653,卖盘
1712,13:26:54,8.67,-0.01,418,362406,卖盘
1713,13:26:48,8.68,0.01,93,80724,买盘
1714,13:26:45,8.67,-0.01,2,1734,卖盘
1715,13:26:42,8.68,0.01,34,29512,买盘
1716,13:26:39,8.67,--,65,56355,卖盘
1717,13:26:36,8.67,--,597,517599,卖盘
1718,13:26:33,8.67,-0.01,34,29478,卖盘
1719,13:26:30,8.68,0.01,17,14756,买盘
1720,13:26:27,8.67,--,31,26877,卖盘
1721,13:26:24,8.67,--,11,9537,卖盘
1722,13:26:21,8.67,--,136,117912,卖盘
1723,13:26:18,8.67,-0.01,33,28611,卖盘
1724,13:26:15,8.68,--,153,132804,买盘
1725,13:26:12,8.68,--,14,12152,买盘
1726,13:26:09,8.68,0.01,25,21700,买盘
1727,13:26:06,8.67,--,2,1734,卖盘
1728,13:26:03,8.67,--,100,86700,卖盘
1729,13:25:57,8.67,-0.01,105,91035,卖盘
1730,13:25:54,8.68,--,144,124992,买盘
1731,13:25:51,8.68,-0.01,77,66836,卖盘
1732,13:25:45,8.69,0.01,6,5214,买盘
1733,13:25:42,8.68,--,152,131936,卖盘
1734,13:25:39,8.68,-0.01,27,23436,卖盘
1735,13:25:36,8.69,0.01,1,869,买盘
1736,13:25:33,8.68,--,3,2604,卖盘
1737,13:25:30,8.68,--,36,31248,卖盘
1738,13:25:27,8.68,--,16,13888,卖盘
1739,13:25:24,8.68,-0.01,10,8680,卖盘
1740,13:25:21,8.69,--,320,278080,买盘
1741,13:25:18,8.69,--,592,514604,卖盘
1742,13:25:15,8.69,--,50,43450,卖盘
1743,13:25:12,8.69,--,0,712,卖盘
1744,13:25:09,8.69,--,14,12166,卖盘
1745,13:25:06,8.69,--,6,5214,卖盘
1746,13:25:03,8.69,0.01,550,477950,买盘
1747,13:25:00,8.68,--,101,87668,卖盘
1748,13:24:57,8.68,--,18,15624,卖盘
1749,13:24:54,8.68,--,155,134713,买盘
1750,13:24:51,8.68,--,16,13888,买盘
1751,13:24:48,8.68,--,36,31248,买盘
1752,13:24:45,8.68,--,169,146692,卖盘
1753,13:24:42,8.68,--,4,3472,卖盘
1754,13:24:39,8.68,--,92,79856,卖盘
1755,13:24:36,8.68,--,2,1736,卖盘
1756,13:24:33,8.68,--,3,2604,卖盘
1757,13:24:27,8.68,--,2,1736,卖盘
1758,13:24:24,8.68,-0.01,1,868,卖盘
1759,13:24:21,8.69,0.01,414,359766,买盘
1760,13:24:18,8.68,--,1,868,卖盘
1761,13:24:15,8.68,--,69,59892,卖盘
1762,13:24:12,8.68,--,24,20832,卖盘
1763,13:24:06,8.68,--,701,608468,卖盘
1764,13:24:03,8.68,--,3,2604,卖盘
1765,13:24:00,8.68,--,1004,871472,卖盘
1766,13:23:57,8.68,--,24,20832,卖盘
1767,13:23:54,8.68,-0.01,294,255192,卖盘
1768,13:23:51,8.69,0.01,22,19118,买盘
1769,13:23:48,8.68,-0.01,401,348068,卖盘
1770,13:23:45,8.69,0.01,46,39974,买盘
1771,13:23:42,8.68,--,154,133672,卖盘
1772,13:23:39,8.68,--,18,15624,卖盘
1773,13:23:36,8.68,--,1,868,卖盘
1774,13:23:33,8.68,--,103,89404,卖盘
1775,13:23:30,8.68,--,142,123256,卖盘
1776,13:23:27,8.68,--,35,30380,买盘
1777,13:23:24,8.68,0.01,34,29512,买盘
1778,13:23:21,8.67,--,70,60690,卖盘
1779,13:23:18,8.67,--,24,20808,卖盘
1780,13:23:15,8.67,-0.01,173,149991,卖盘
1781,13:23:12,8.68,0.01,78,67704,买盘
1782,13:23:09,8.67,--,40,34680,卖盘
1783,13:23:06,8.67,--,102,88434,卖盘
1784,13:23:03,8.67,--,411,356337,卖盘
1785,13:23:00,8.67,--,91,78897,卖盘
1786,13:22:57,8.67,--,96,83232,卖盘
1787,13:22:54,8.67,-0.01,172,149124,卖盘
1788,13:22:48,8.68,--,33,28644,买盘
1789,13:22:45,8.68,0.01,580,503440,买盘
1790,13:22:42,8.67,--,11,9537,卖盘
1791,13:22:39,8.67,-0.01,12,10404,卖盘
1792,13:22:36,8.68,-0.01,41,35588,中性盘
1793,13:22:33,8.69,0.01,1385,1203565,买盘
1794,13:22:30,8.68,--,7,6076,卖盘
1795,13:22:27,8.68,--,93,80724,卖盘
1796,13:22:24,8.68,--,234,203112,卖盘
1797,13:22:21,8.68,--,56,48608,卖盘
1798,13:22:18,8.68,--,20,17360,卖盘
1799,13:22:15,8.68,--,81,70308,卖盘
1800,13:22:12,8.68,--,1002,869736,卖盘
1801,13:22:06,8.68,--,409,355012,卖盘
1802,13:22:03,8.68,--,3,2604,卖盘
1803,13:22:00,8.68,--,8,6944,卖盘
1804,13:21:57,8.68,-0.01,10,8680,卖盘
1805,13:21:54,8.69,0.01,15,13035,买盘
1806,13:21:51,8.68,-0.01,82,71176,卖盘
1807,13:21:48,8.69,--,35,30415,买盘
1808,13:21:42,8.69,--,121,105149,买盘
1809,13:21:39,8.69,--,13,11297,买盘
1810,13:21:33,8.69,--,15,13035,买盘
1811,13:21:30,8.69,0.01,69,59961,买盘
1812,13:21:27,8.68,-0.01,76,65968,卖盘
1813,13:21:24,8.69,--,9,7821,买盘
1814,13:21:21,8.69,--,18,15642,买盘
1815,13:21:18,8.69,--,17,14773,买盘
1816,13:21:09,8.69,--,555,482295,卖盘
1817,13:21:06,8.69,--,256,222464,卖盘
1818,13:21:03,8.69,--,13,11297,卖盘
1819,13:21:00,8.69,--,208,180752,卖盘
1820,13:20:57,8.69,--,6,5214,卖盘
1821,13:20:54,8.69,--,62,53878,卖盘
1822,13:20:51,8.69,--,48,41712,卖盘
1823,13:20:45,8.69,--,12,10428,卖盘
1824,13:20:42,8.69,-0.01,9,7821,卖盘
1825,13:20:39,8.7,0.01,17,14789,买盘
1826,13:20:36,8.69,--,100,86900,卖盘
1827,13:20:33,8.69,--,4,3476,卖盘
1828,13:20:30,8.69,--,46,39974,卖盘
1829,13:20:27,8.69,--,1,869,卖盘
1830,13:20:24,8.69,--,44,38236,卖盘
1831,13:20:21,8.69,--,41,35629,卖盘
1832,13:20:18,8.69,--,3,2607,卖盘
1833,13:20:15,8.69,--,197,171193,卖盘
1834,13:20:12,8.69,--,6,5214,卖盘
1835,13:20:09,8.69,--,283,245927,买盘
1836,13:20:06,8.69,--,36,31284,买盘
1837,13:20:03,8.69,--,113,98197,买盘
1838,13:20:00,8.69,--,62,53878,卖盘
1839,13:19:57,8.69,--,200,173800,卖盘
1840,13:19:54,8.69,--,48,41712,卖盘
1841,13:19:51,8.69,-0.01,33,28677,卖盘
1842,13:19:48,8.7,--,123,107009,买盘
1843,13:19:42,8.7,0.01,13,11309,买盘
1844,13:19:39,8.69,--,5,4345,卖盘
1845,13:19:36,8.69,--,171,148599,买盘
1846,13:19:33,8.69,0.01,212,184228,买盘
1847,13:19:30,8.68,-0.01,305,264740,卖盘
1848,13:19:27,8.69,--,13,11297,买盘
1849,13:19:24,8.69,--,117,101673,买盘
1850,13:19:21,8.69,--,70,60830,买盘
1851,13:19:18,8.69,--,545,473605,卖盘
1852,13:19:15,8.69,-0.01,130,112970,卖盘
1853,13:19:12,8.7,0.01,6,5220,买盘
1854,13:19:09,8.69,--,69,59961,卖盘
1855,13:19:06,8.69,-0.01,63,54747,卖盘
1856,13:19:03,8.7,0.01,286,248819,买盘
1857,13:19:00,8.69,-0.01,8,6952,卖盘
1858,13:18:57,8.7,0.01,4,3479,买盘
1859,13:18:54,8.69,-0.01,4,3476,卖盘
1860,13:18:51,8.7,0.01,106,92219,买盘
1861,13:18:48,8.69,-0.01,32,27808,卖盘
1862,13:18:45,8.7,0.01,22,19140,买盘
1863,13:18:42,8.69,--,22,19118,卖盘
1864,13:18:39,8.69,-0.01,3,2607,卖盘
1865,13:18:36,8.7,--,150,130499,买盘
1866,13:18:33,8.7,0.01,99,86130,买盘
1867,13:18:30,8.69,-0.01,14,12166,卖盘
1868,13:18:27,8.7,0.02,26,22619,买盘
1869,13:18:24,8.68,--,256,222208,卖盘
1870,13:18:21,8.68,--,6,5208,卖盘
1871,13:18:12,8.68,--,74,64232,卖盘
1872,13:18:03,8.68,-0.01,1035,898380,卖盘
1873,13:18:00,8.69,0.01,635,551815,买盘
1874,13:17:57,8.68,--,130,112840,卖盘
1875,13:17:54,8.68,--,91,78988,卖盘
1876,13:17:51,8.68,--,287,249116,卖盘
1877,13:17:48,8.68,0.01,903,783804,买盘
1878,13:17:45,8.67,-0.01,97,84099,卖盘
1879,13:17:42,8.68,--,123,106764,买盘
1880,13:17:39,8.68,0.01,10,8680,买盘
1881,13:17:36,8.67,-0.01,40,34680,卖盘
1882,13:17:33,8.68,--,103,89404,买盘
1883,13:17:30,8.68,--,15,13020,买盘
1884,13:17:27,8.68,--,110,95480,买盘
1885,13:17:24,8.68,0.01,115,99820,买盘
1886,13:17:21,8.67,--,63,54621,卖盘
1887,13:17:18,8.67,--,350,303450,卖盘
1888,13:17:15,8.67,--,747,647649,买盘
1889,13:17:12,8.67,0.01,81,70227,买盘
1890,13:17:09,8.66,--,127,109982,卖盘
1891,13:17:06,8.66,--,12,10392,卖盘
1892,13:17:03,8.66,--,277,239882,卖盘
1893,13:17:00,8.66,--,236,204376,卖盘
1894,13:16:57,8.66,--,480,416511,卖盘
1895,13:16:54,8.66,--,493,426938,卖盘
1896,13:16:51,8.66,--,3899,3376534,卖盘
1897,13:16:48,8.66,--,26,22516,卖盘
1898,13:16:45,8.66,--,153,132498,卖盘
1899,13:16:42,8.66,--,160,138560,卖盘
1900,13:16:39,8.66,--,6,5196,卖盘
1901,13:16:36,8.66,--,278,240748,卖盘
1902,13:16:33,8.66,--,46,39836,卖盘
1903,13:16:30,8.66,-0.01,402,348132,卖盘
1904,13:16:27,8.67,0.01,1620,1404540,买盘
1905,13:16:24,8.66,-0.01,16,13856,卖盘
1906,13:16:21,8.67,--,13,11271,买盘
1907,13:16:18,8.67,--,91,78897,买盘
1908,13:16:15,8.67,-0.01,901,781167,卖盘
1909,13:16:12,8.68,0.01,127,110236,买盘
1910,13:16:09,8.67,-0.01,111,96237,卖盘
1911,13:16:06,8.68,0.01,97,84196,买盘
1912,13:16:03,8.67,--,244,211548,卖盘
1913,13:16:00,8.67,--,307,266169,卖盘
1914,13:15:57,8.67,-0.01,47,40749,卖盘
1915,13:15:54,8.68,0.01,134,116312,买盘
1916,13:15:51,8.67,--,3,2601,卖盘
1917,13:15:48,8.67,--,106,91902,卖盘
1918,13:15:45,8.67,--,30,26010,卖盘
1919,13:15:42,8.67,--,3,2601,卖盘
1920,13:15:39,8.67,--,61,52887,卖盘
1921,13:15:36,8.67,-0.01,32,27744,卖盘
1922,13:15:33,8.68,--,190,164920,买盘
1923,13:15:30,8.68,0.01,259,224812,买盘
1924,13:15:27,8.67,--,13,11271,卖盘
1925,13:15:24,8.67,--,537,465579,卖盘
1926,13:15:21,8.67,--,47,40749,卖盘
1927,13:15:18,8.67,-0.01,43,37281,卖盘
1928,13:15:15,8.68,--,70,60760,买盘
1929,13:15:12,8.68,--,106,92008,买盘
1930,13:15:09,8.68,--,18,15624,买盘
1931,13:15:06,8.68,0.01,171,148428,买盘
1932,13:15:03,8.67,-0.01,108,93636,卖盘
1933,13:15:00,8.68,--,32,27776,买盘
1934,13:14:57,8.68,0.01,10,8680,买盘
1935,13:14:54,8.67,-0.01,1,867,卖盘
1936,13:14:51,8.68,--,54,46872,买盘
1937,13:14:48,8.68,--,24,20832,买盘
1938,13:14:45,8.68,--,48,41664,卖盘
1939,13:14:42,8.68,0.01,395,342860,买盘
1940,13:14:39,8.67,--,37,32079,卖盘
1941,13:14:36,8.67,-0.01,396,343332,卖盘
1942,13:14:33,8.68,0.01,49,42532,买盘
1943,13:14:30,8.67,--,50,43350,卖盘
1944,13:14:27,8.67,-0.01,71,61557,卖盘
1945,13:14:24,8.68,0.01,14,12152,买盘
1946,13:14:21,8.67,-0.01,83,71961,卖盘
1947,13:14:18,8.68,--,279,242172,买盘
1948,13:14:15,8.68,--,319,276892,买盘
1949,13:14:12,8.68,--,129,111972,买盘
1950,13:14:09,8.68,0.01,269,233492,买盘
1951,13:14:06,8.67,--,2,1734,卖盘
1952,13:14:03,8.67,--,46,39882,卖盘
1953,13:14:00,8.67,--,80,69360,卖盘
1954,13:13:57,8.67,-0.01,36,31212,卖盘
1955,13:13:54,8.68,0.01,11,9548,买盘
1956,13:13:51,8.67,-0.01,22,19074,卖盘
1957,13:13:48,8.68,0.01,28,24304,买盘
1958,13:13:45,8.67,-0.01,84,72828,卖盘
1959,13:13:42,8.68,--,52,45136,买盘
1960,13:13:39,8.68,--,144,124992,买盘
1961,13:13:36,8.68,--,20,17360,买盘
1962,13:13:33,8.68,0.01,644,558992,买盘
1963,13:13:30,8.67,-0.01,68,58956,卖盘
1964,13:13:27,8.68,--,3,2604,买盘
1965,13:13:24,8.68,0.01,14,12152,买盘
1966,13:13:21,8.67,-0.01,13,11271,卖盘
1967,13:13:18,8.68,0.01,31,26908,买盘
1968,13:13:15,8.67,-0.01,175,151725,卖盘
1969,13:13:12,8.68,0.01,369,320292,买盘
1970,13:13:09,8.67,--,88,76296,卖盘
1971,13:13:06,8.67,--,95,82365,卖盘
1972,13:13:03,8.67,--,202,175134,卖盘
1973,13:13:00,8.67,--,231,200277,卖盘
1974,13:12:57,8.67,-0.01,8,6936,卖盘
1975,13:12:54,8.68,--,321,278628,买盘
1976,13:12:51,8.68,0.01,41,35588,买盘
1977,13:12:48,8.67,--,38,32946,买盘
1978,13:12:45,8.67,--,533,462111,买盘
1979,13:12:42,8.67,-0.01,2157,1870119,卖盘
1980,13:12:39,8.68,0.01,7,6076,买盘
1981,13:12:36,8.67,-0.01,390,338130,卖盘
1982,13:12:33,8.68,0.01,106,92008,买盘
1983,13:12:30,8.67,--,52,45084,卖盘
1984,13:12:27,8.67,-0.01,140,121380,卖盘
1985,13:12:24,8.68,0.01,6,5208,买盘
1986,13:12:21,8.67,-0.01,326,282642,卖盘
1987,13:12:18,8.68,--,36,31248,买盘
1988,13:12:15,8.68,--,50,43400,买盘
1989,13:12:12,8.68,--,287,249116,卖盘
1990,13:12:09,8.68,--,832,722176,卖盘
1991,13:12:06,8.68,--,605,525140,卖盘
1992,13:12:03,8.68,--,261,226548,卖盘
1993,13:12:00,8.68,--,228,197904,卖盘
1994,13:11:57,8.68,--,254,220472,卖盘
1995,13:11:54,8.68,--,116,100688,卖盘
1996,13:11:51,8.68,--,12,10416,卖盘
1997,13:11:48,8.68,--,187,162316,卖盘
1998,13:11:45,8.68,-0.01,78,67704,卖盘
1999,13:11:42,8.69,0.01,349,303281,买盘
2000,13:11:39,8.68,-0.01,188,163184,卖盘
2001,13:11:36,8.69,--,70,60830,买盘
2002,13:11:33,8.69,0.01,242,210298,买盘
2003,13:11:30,8.68,-0.01,136,118048,卖盘
2004,13:11:27,8.69,--,307,266783,买盘
2005,13:11:21,8.69,--,8,6952,买盘
2006,13:11:18,8.69,--,11,9559,买盘
2007,13:11:15,8.69,--,10,8690,买盘
2008,13:11:12,8.69,-0.01,93,80817,卖盘
2009,13:11:09,8.7,0.01,1050,913499,买盘
2010,13:11:06,8.69,--,765,664785,卖盘
2011,13:11:03,8.69,-0.01,180,156420,卖盘
2012,13:11:00,8.7,--,128,111359,买盘
2013,13:10:57,8.7,--,3,2610,买盘
2014,13:10:54,8.7,0.01,64,55679,买盘
2015,13:10:51,8.69,--,12,10428,卖盘
2016,13:10:48,8.69,-0.01,45,39105,卖盘
2017,13:10:45,8.7,--,7,6089,买盘
2018,13:10:42,8.7,--,1003,872609,买盘
2019,13:10:39,8.7,0.01,28,24359,买盘
2020,13:10:36,8.69,-0.01,54,46926,卖盘
2021,13:10:33,8.7,--,107,93089,买盘
2022,13:10:30,8.7,--,10,8700,买盘
2023,13:10:27,8.7,--,118,102659,买盘
2024,13:10:24,8.7,--,148,128759,买盘
2025,13:10:21,8.7,--,39,33930,买盘
2026,13:10:18,8.7,--,207,180089,买盘
2027,13:10:15,8.7,--,10,8700,买盘
2028,13:10:12,8.7,--,56,48719,买盘
2029,13:10:09,8.7,0.01,11,9570,买盘
2030,13:10:06,8.69,-0.01,1024,890255,卖盘
2031,13:10:03,8.7,--,367,319290,卖盘
2032,13:10:00,8.7,-0.01,69,60029,卖盘
2033,13:09:57,8.71,0.01,185,161135,买盘
2034,13:09:54,8.7,--,157,136590,卖盘
2035,13:09:51,8.7,--,152,132240,卖盘
2036,13:09:48,8.7,--,19,16530,卖盘
2037,13:09:45,8.7,-0.01,1005,874349,卖盘
2038,13:09:39,8.71,0.01,24,20904,买盘
2039,13:09:36,8.7,--,29,25229,卖盘
2040,13:09:33,8.7,--,10,8700,卖盘
2041,13:09:30,8.7,-0.01,19,16530,卖盘
2042,13:09:27,8.71,0.01,4,3484,买盘
2043,13:09:24,8.7,--,7,6089,卖盘
2044,13:09:21,8.7,--,49,42630,卖盘
2045,13:09:15,8.7,-0.01,309,268830,卖盘
2046,13:09:12,8.71,--,20,17420,买盘
2047,13:09:09,8.71,0.01,121,105391,买盘
2048,13:09:06,8.7,--,9,7829,卖盘
2049,13:09:03,8.7,--,14,12179,卖盘
2050,13:09:00,8.7,--,233,202709,卖盘
2051,13:08:57,8.7,--,76,66120,卖盘
2052,13:08:54,8.7,-0.01,152,132240,卖盘
2053,13:08:51,8.71,0.01,24,20904,买盘
2054,13:08:48,8.7,-0.01,80,69600,卖盘
2055,13:08:42,8.71,0.01,5,4355,买盘
2056,13:08:39,8.7,--,3,2610,卖盘
2057,13:08:36,8.7,--,36,31319,卖盘
2058,13:08:33,8.7,-0.01,6,5220,卖盘
2059,13:08:30,8.71,0.01,1,871,买盘
2060,13:08:27,8.7,--,77,66990,卖盘
2061,13:08:24,8.7,-0.01,23,20010,卖盘
2062,13:08:18,8.71,0.01,5,4355,买盘
2063,13:08:15,8.7,--,78,67860,卖盘
2064,13:08:12,8.7,--,300,260999,卖盘
2065,13:08:09,8.7,--,32,27839,卖盘
2066,13:08:06,8.7,--,21,18270,卖盘
2067,13:08:03,8.7,--,45,39150,卖盘
2068,13:08:00,8.7,--,4,3479,卖盘
2069,13:07:57,8.7,--,2,1739,卖盘
2070,13:07:54,8.7,--,3,2610,卖盘
2071,13:07:48,8.7,-0.01,4,3479,卖盘
2072,13:07:45,8.71,0.01,5,4355,买盘
2073,13:07:42,8.7,--,11,9570,卖盘
2074,13:07:39,8.7,-0.01,87,75690,卖盘
2075,13:07:36,8.71,--,16,13936,买盘
2076,13:07:33,8.71,--,31,27001,买盘
2077,13:07:30,8.71,--,89,77519,卖盘
2078,13:07:27,8.71,--,1356,1181076,卖盘
2079,13:07:24,8.71,-0.01,97,84487,卖盘
2080,13:07:21,8.72,--,9,7848,买盘
2081,13:07:18,8.72,--,77,67144,买盘
2082,13:07:15,8.72,0.01,179,156088,买盘
2083,13:07:12,8.71,--,323,281333,卖盘
2084,13:07:09,8.71,--,397,345787,卖盘
2085,13:07:06,8.71,-0.01,4,3484,卖盘
2086,13:06:57,8.72,--,16,13952,买盘
2087,13:06:54,8.72,0.01,21,18312,买盘
2088,13:06:51,8.71,-0.02,426,371046,卖盘
2089,13:06:48,8.73,0.01,17,14841,买盘
2090,13:06:45,8.72,--,1,872,卖盘
2091,13:06:42,8.72,-0.01,147,128184,卖盘
2092,13:06:39,8.73,--,30,26190,买盘
2093,13:06:36,8.73,0.01,27,23571,买盘
2094,13:06:33,8.72,-0.01,76,66272,卖盘
2095,13:06:30,8.73,0.01,5,4365,买盘
2096,13:06:24,8.72,-0.01,138,120336,卖盘
2097,13:06:21,8.73,--,24,20952,买盘
2098,13:06:18,8.73,--,35,30555,买盘
2099,13:06:12,8.73,--,2,1746,买盘
2100,13:06:06,8.73,0.01,4,3492,买盘
2101,13:06:03,8.72,--,111,96792,卖盘
2102,13:06:00,8.72,-0.01,29,25288,卖盘
2103,13:05:57,8.73,0.01,20,17460,买盘
2104,13:05:48,8.72,-0.01,1,872,卖盘
2105,13:05:45,8.73,--,24,20952,买盘
2106,13:05:42,8.73,0.01,99,86427,买盘
2107,13:05:39,8.72,--,56,48832,买盘
2108,13:05:30,8.72,--,86,74992,卖盘
2109,13:05:27,8.72,-0.01,20,17440,买盘
2110,13:05:21,8.73,0.01,300,261900,买盘
2111,13:05:18,8.72,0.01,122,106384,买盘
2112,13:05:15,8.71,--,40,34840,卖盘
2113,13:05:12,8.71,--,29,25259,卖盘
2114,13:05:09,8.71,--,104,90584,卖盘
2115,13:05:03,8.71,--,11,9581,卖盘
2116,13:04:57,8.71,-0.01,95,82745,卖盘
2117,13:04:51,8.72,-0.01,581,506632,卖盘
2118,13:04:48,8.73,--,111,96903,买盘
2119,13:04:45,8.73,0.01,7,6111,买盘
2120,13:04:42,8.72,--,21,18312,卖盘
2121,13:04:39,8.72,--,26,22672,卖盘
2122,13:04:36,8.72,-0.01,1,872,卖盘
2123,13:04:33,8.73,--,8,6984,买盘
2124,13:04:30,8.73,--,2,1746,买盘
2125,13:04:24,8.73,--,124,108252,买盘
2126,13:04:21,8.73,--,40,34920,买盘
2127,13:04:18,8.73,--,20,17460,买盘
2128,13:04:15,8.73,--,7,6111,买盘
2129,13:04:12,8.73,--,1,873,买盘
2130,13:04:09,8.73,0.01,11,9603,买盘
2131,13:04:03,8.72,-0.01,1,872,卖盘
2132,13:04:00,8.73,0.01,40,34920,买盘
2133,13:03:54,8.72,--,1,872,卖盘
2134,13:03:51,8.72,-0.01,1,872,卖盘
2135,13:03:48,8.73,--,28,24444,买盘
2136,13:03:45,8.73,0.01,5,4365,买盘
2137,13:03:42,8.72,--,85,74120,卖盘
2138,13:03:39,8.72,0.01,1306,1138832,买盘
2139,13:03:36,8.71,--,100,87100,卖盘
2140,13:03:33,8.71,-0.01,54,47034,卖盘
2141,13:03:30,8.72,--,28,24416,买盘
2142,13:03:27,8.72,--,5,4360,买盘
2143,13:03:24,8.72,--,212,184864,买盘
2144,13:03:21,8.72,--,10,8720,买盘
2145,13:03:18,8.72,--,30,26160,买盘
2146,13:03:15,8.72,--,21,18312,买盘
2147,13:03:06,8.72,0.01,10,8720,买盘
2148,13:03:03,8.71,-0.01,102,88842,卖盘
2149,13:03:00,8.72,0.01,31,27032,买盘
2150,13:02:57,8.71,--,70,60970,卖盘
2151,13:02:54,8.71,-0.01,1,871,卖盘
2152,13:02:51,8.72,0.01,21,18312,买盘
2153,13:02:48,8.71,--,6,5226,卖盘
2154,13:02:45,8.71,--,21,18291,卖盘
2155,13:02:42,8.71,--,27,23517,卖盘
2156,13:02:39,8.71,--,76,66196,卖盘
2157,13:02:36,8.71,-0.01,33,28743,卖盘
2158,13:02:33,8.72,--,129,112488,买盘
2159,13:02:30,8.72,--,72,62784,买盘
2160,13:02:27,8.72,0.01,86,74992,买盘
2161,13:02:24,8.71,-0.01,72,62712,卖盘
2162,13:02:21,8.72,0.01,1,872,买盘
2163,13:02:18,8.71,-0.01,225,195975,卖盘
2164,13:02:15,8.72,0.01,10,8720,买盘
2165,13:02:12,8.71,-0.01,68,59228,卖盘
2166,13:02:09,8.72,0.01,55,47960,买盘
2167,13:02:06,8.71,-0.01,9,7839,卖盘
2168,13:02:03,8.72,--,10,8720,买盘
2169,13:02:00,8.72,--,20,17440,买盘
2170,13:01:57,8.72,0.01,1,872,买盘
2171,13:01:54,8.71,--,68,59228,卖盘
2172,13:01:51,8.71,-0.01,2,1742,卖盘
2173,13:01:48,8.72,--,17,14824,买盘
2174,13:01:45,8.72,--,10,8720,买盘
2175,13:01:42,8.72,0.01,34,29648,买盘
2176,13:01:36,8.71,-0.01,3,2613,卖盘
2177,13:01:33,8.72,--,70,61040,买盘
2178,13:01:30,8.72,--,5,4360,买盘
2179,13:01:27,8.72,0.01,593,517096,买盘
2180,13:01:24,8.71,--,19,16549,卖盘
2181,13:01:21,8.71,-0.01,310,270010,卖盘
2182,13:01:18,8.72,--,223,194456,买盘
2183,13:01:15,8.72,0.01,211,183992,买盘
2184,13:01:12,8.71,-0.01,66,57486,卖盘
2185,13:01:09,8.72,--,27,23544,买盘
2186,13:01:03,8.72,0.01,280,244160,买盘
2187,13:01:00,8.71,--,1,871,卖盘
2188,13:00:54,8.71,--,82,71422,卖盘
2189,13:00:51,8.71,-0.01,1,871,卖盘
2190,13:00:48,8.72,0.01,2,1744,买盘
2191,13:00:45,8.71,--,34,29614,卖盘
2192,13:00:42,8.71,0.01,53,46163,买盘
2193,13:00:33,8.7,-0.01,66,57419,卖盘
2194,13:00:30,8.71,--,108,94068,买盘
2195,13:00:27,8.71,0.01,55,47905,买盘
2196,13:00:24,8.7,--,9,7829,卖盘
2197,13:00:21,8.7,-0.01,50,43500,卖盘
2198,13:00:18,8.71,--,6,5226,买盘
2199,13:00:15,8.71,--,102,88842,买盘
2200,13:00:12,8.71,--,1482,1290822,买盘
2201,13:00:09,8.71,--,201,175071,买盘
2202,13:00:06,8.71,--,753,655863,买盘
2203,13:00:03,8.71,0.01,5868,5111202,买盘
2204,13:00:00,8.7,--,0,0,卖盘
2205,11:30:00,8.7,-0.01,5,4350,卖盘
2206,11:29:57,8.71,--,13,11323,买盘
2207,11:29:54,8.71,0.01,151,131521,买盘
2208,11:29:51,8.7,-0.01,105,91349,卖盘
2209,11:29:48,8.71,--,101,87971,买盘
2210,11:29:45,8.71,--,121,105391,买盘
2211,11:29:42,8.71,--,95,82745,买盘
2212,11:29:39,8.71,--,360,313560,买盘
2213,11:29:36,8.71,0.01,33,28743,买盘
2214,11:29:33,8.7,--,295,256649,卖盘
2215,11:29:30,8.7,-0.01,40,34800,卖盘
2216,11:29:27,8.71,--,62,54002,买盘
2217,11:29:24,8.71,--,24,20904,买盘
2218,11:29:21,8.71,--,59,51389,买盘
2219,11:29:18,8.71,0.01,1,871,买盘
2220,11:29:15,8.7,-0.01,173,150510,卖盘
2221,11:29:12,8.71,--,49,42679,买盘
2222,11:29:09,8.71,--,140,121940,买盘
2223,11:29:06,8.71,0.01,116,101036,买盘
2224,11:29:03,8.7,-0.01,27,23489,卖盘
2225,11:29:00,8.71,0.01,130,113230,买盘
2226,11:28:57,8.7,--,404,351480,卖盘
2227,11:28:54,8.7,--,1221,1062270,卖盘
2228,11:28:51,8.7,--,475,413249,卖盘
2229,11:28:48,8.7,--,74,64379,卖盘
2230,11:28:45,8.7,--,15,13049,卖盘
2231,11:28:42,8.7,-0.01,41,35670,卖盘
2232,11:28:39,8.71,--,6,5226,买盘
2233,11:28:36,8.71,--,991,863161,买盘
2234,11:28:33,8.71,0.01,5,4355,买盘
2235,11:28:30,8.7,--,7,6089,卖盘
2236,11:28:27,8.7,-0.01,121,105269,卖盘
2237,11:28:24,8.71,0.01,58,50518,买盘
2238,11:28:21,8.7,-0.01,51,44370,卖盘
2239,11:28:18,8.71,--,87,75777,买盘
2240,11:28:15,8.71,--,61,53131,买盘
2241,11:28:12,8.71,0.01,19,16549,买盘
2242,11:28:09,8.7,--,767,667290,卖盘
2243,11:28:06,8.7,-0.02,42,36540,卖盘
2244,11:28:03,8.72,0.02,94,81968,买盘
2245,11:28:00,8.7,-0.01,5306,4616220,卖盘
2246,11:27:57,8.71,--,97,84487,卖盘
2247,11:27:54,8.71,-0.01,21,18291,卖盘
2248,11:27:51,8.72,--,39,34008,买盘
2249,11:27:48,8.72,--,34,29648,买盘
2250,11:27:45,8.72,--,30,26160,买盘
2251,11:27:42,8.72,--,14,12208,买盘
2252,11:27:39,8.72,--,413,360136,卖盘
2253,11:27:36,8.72,--,8,6976,卖盘
2254,11:27:33,8.72,-0.01,27,23544,卖盘
2255,11:27:30,8.73,0.01,118,103014,买盘
2256,11:27:27,8.72,-0.01,19,16568,卖盘
2257,11:27:24,8.73,0.01,301,262773,买盘
2258,11:27:21,8.72,--,56,48832,卖盘
2259,11:27:12,8.72,--,5,4360,卖盘
2260,11:27:09,8.72,--,37,32264,卖盘
2261,11:27:06,8.72,--,4,3488,卖盘
2262,11:27:03,8.72,--,1325,1155400,卖盘
2263,11:27:00,8.72,--,10,8720,卖盘
2264,11:26:54,8.72,--,1,872,卖盘
2265,11:26:51,8.72,--,25,21800,卖盘
2266,11:26:48,8.72,-0.01,51,44472,卖盘
2267,11:26:45,8.73,0.01,5,4365,买盘
2268,11:26:42,8.72,-0.01,166,144752,卖盘
2269,11:26:39,8.73,0.01,5,4365,买盘
2270,11:26:33,8.72,--,21,18312,卖盘
2271,11:26:27,8.72,--,1,872,卖盘
2272,11:26:24,8.72,--,89,77608,卖盘
2273,11:26:21,8.72,--,7,6104,卖盘
2274,11:26:18,8.72,--,50,43600,卖盘
2275,11:26:15,8.72,--,106,92432,卖盘
2276,11:26:12,8.72,-0.01,155,135160,卖盘
2277,11:26:09,8.73,0.01,10,8730,买盘
2278,11:26:06,8.72,-0.01,28,24416,卖盘
2279,11:26:03,8.73,0.01,152,132696,买盘
2280,11:26:00,8.72,--,60,52320,卖盘
2281,11:25:57,8.72,-0.01,44,38368,卖盘
2282,11:25:54,8.73,0.01,110,96030,买盘
2283,11:25:51,8.72,--,18,15696,卖盘
2284,11:25:48,8.72,--,288,251136,卖盘
2285,11:25:45,8.72,-0.01,40,34880,卖盘
2286,11:25:42,8.73,0.01,15,13095,买盘
2287,11:25:39,8.72,--,289,252008,卖盘
2288,11:25:36,8.72,-0.01,100,87200,卖盘
2289,11:25:33,8.73,0.01,3,2619,买盘
2290,11:25:30,8.72,--,99,86328,卖盘
2291,11:25:27,8.72,-0.01,1,872,卖盘
2292,11:25:24,8.73,0.01,1,873,买盘
2293,11:25:21,8.72,--,44,38368,卖盘
2294,11:25:18,8.72,--,8,6976,卖盘
2295,11:25:15,8.72,--,422,367984,卖盘
2296,11:25:12,8.72,-0.01,245,213640,卖盘
2297,11:25:09,8.73,--,689,601497,买盘
2298,11:25:06,8.73,--,21,18333,买盘
2299,11:24:51,8.73,--,59,51507,买盘
2300,11:24:48,8.73,--,191,166743,买盘
2301,11:24:45,8.73,--,18,15714,买盘
2302,11:24:42,8.73,0.01,56,48888,买盘
2303,11:24:39,8.72,-0.01,81,70632,卖盘
2304,11:24:36,8.73,--,109,95157,买盘
2305,11:24:33,8.73,0.01,4,3492,买盘
2306,11:24:30,8.72,--,271,236312,卖盘
2307,11:24:27,8.72,--,21,18312,卖盘
2308,11:24:24,8.72,-0.01,259,225848,卖盘
2309,11:24:21,8.73,--,47,41031,卖盘
2310,11:24:18,8.73,--,2196,1917108,卖盘
2311,11:24:15,8.73,--,244,213012,卖盘
2312,11:24:09,8.73,--,32,27936,卖盘
2313,11:24:06,8.73,-0.01,164,143172,卖盘
2314,11:24:00,8.74,--,382,333868,卖盘
2315,11:23:57,8.74,--,694,606556,卖盘
2316,11:23:54,8.74,-0.01,158,138092,卖盘
2317,11:23:51,8.75,0.01,107,93625,买盘
2318,11:23:48,8.74,--,403,352222,卖盘
2319,11:23:45,8.74,-0.01,3,2622,卖盘
2320,11:23:42,8.75,0.01,163,142625,买盘
2321,11:23:39,8.74,-0.01,1132,989368,卖盘
2322,11:23:36,8.75,--,90,78750,卖盘
2323,11:23:33,8.75,--,10,8750,卖盘
2324,11:23:30,8.75,-0.01,130,113750,卖盘
2325,11:23:27,8.76,--,7,6132,买盘
2326,11:23:24,8.76,0.01,274,240024,买盘
2327,11:23:21,8.75,--,547,478625,卖盘
2328,11:23:18,8.75,--,45,39375,卖盘
2329,11:23:15,8.75,--,2,1750,卖盘
2330,11:23:12,8.75,--,11,9625,卖盘
2331,11:23:09,8.75,--,15,13125,卖盘
2332,11:23:06,8.75,-0.01,10,8750,卖盘
2333,11:23:03,8.76,--,9,7884,买盘
2334,11:23:00,8.76,--,16,14016,买盘
2335,11:22:57,8.76,--,51,44676,买盘
2336,11:22:54,8.76,--,457,400332,买盘
2337,11:22:51,8.76,--,7,6132,买盘
2338,11:22:48,8.76,0.01,29,25404,买盘
2339,11:22:45,8.75,-0.01,31,27125,卖盘
2340,11:22:42,8.76,--,30,26280,买盘
2341,11:22:39,8.76,0.01,5,4380,买盘
2342,11:22:33,8.75,-0.01,13,11375,卖盘
2343,11:22:30,8.76,0.01,7,6132,买盘
2344,11:22:27,8.75,-0.01,19,16625,卖盘
2345,11:22:24,8.76,--,36,31536,卖盘
2346,11:22:21,8.76,--,56,49056,卖盘
2347,11:22:18,8.76,--,114,99864,卖盘
2348,11:22:15,8.76,--,823,720948,卖盘
2349,11:22:06,8.76,--,1,876,卖盘
2350,11:22:03,8.76,--,49,42924,买盘
2351,11:21:57,8.76,0.01,118,103368,买盘
2352,11:21:54,8.75,-0.01,31,27125,卖盘
2353,11:21:51,8.76,--,225,197100,买盘
2354,11:21:48,8.76,--,11,9636,买盘
2355,11:21:45,8.76,0.01,95,83220,买盘
2356,11:21:42,8.75,--,505,441875,卖盘
2357,11:21:33,8.75,--,1,875,卖盘
2358,11:21:30,8.75,-0.01,10,8750,卖盘
2359,11:21:27,8.76,--,38,33288,买盘
2360,11:21:21,8.76,--,338,296088,买盘
2361,11:21:18,8.76,0.01,560,490560,买盘
2362,11:21:15,8.75,--,83,72625,卖盘
2363,11:21:12,8.75,-0.01,27,23625,卖盘
2364,11:21:09,8.76,0.01,69,60444,买盘
2365,11:21:06,8.75,-0.01,112,98000,卖盘
2366,11:21:03,8.76,0.01,403,353028,买盘
2367,11:21:00,8.75,--,112,98000,卖盘
2368,11:20:57,8.75,--,3,2625,买盘
2369,11:20:54,8.75,--,320,280000,买盘
2370,11:20:51,8.75,--,81,70875,买盘
2371,11:20:48,8.75,--,226,197750,买盘
2372,11:20:45,8.75,0.01,45,39375,买盘
2373,11:20:42,8.74,--,1,874,卖盘
2374,11:20:39,8.74,-0.01,10,8740,卖盘
2375,11:20:36,8.75,--,560,490000,买盘
2376,11:20:33,8.75,--,31,27125,买盘
2377,11:20:30,8.75,--,10,8750,买盘
2378,11:20:27,8.75,--,70,61250,买盘
2379,11:20:24,8.75,--,102,89250,卖盘
2380,11:20:18,8.75,--,209,182875,买盘
2381,11:20:15,8.75,--,188,164500,买盘
2382,11:20:12,8.75,--,508,444500,买盘
2383,11:20:09,8.75,0.01,11,9625,买盘
2384,11:20:06,8.74,-0.01,5,4370,卖盘
2385,11:20:00,8.75,-0.01,123,107625,卖盘
2386,11:19:57,8.76,0.01,43,37668,买盘
2387,11:19:54,8.75,--,93,81375,买盘
2388,11:19:51,8.75,--,22,19250,买盘
2389,11:19:48,8.75,--,24,21000,买盘
2390,11:19:45,8.75,--,102,89250,卖盘
2391,11:19:42,8.75,--,59,51625,卖盘
2392,11:19:39,8.75,--,168,147000,卖盘
2393,11:19:33,8.75,--,53,46375,买盘
2394,11:19:30,8.75,--,64,56000,买盘
2395,11:19:27,8.75,--,334,292250,买盘
2396,11:19:24,8.75,--,594,519750,买盘
2397,11:19:15,8.75,--,48,42000,买盘
2398,11:19:12,8.75,0.01,8,7000,买盘
2399,11:19:09,8.74,-0.01,41,35834,卖盘
2400,11:19:06,8.75,0.01,3,2625,买盘
2401,11:19:03,8.74,--,50,43700,卖盘
2402,11:18:57,8.74,--,54,47196,卖盘
2403,11:18:54,8.74,-0.01,1,874,卖盘
2404,11:18:48,8.75,--,134,117250,买盘
2405,11:18:45,8.75,0.01,169,147875,买盘
2406,11:18:42,8.74,-0.01,312,272688,卖盘
2407,11:18:39,8.75,--,118,103250,买盘
2408,11:18:33,8.75,0.01,149,130375,买盘
2409,11:18:30,8.74,-0.01,26,22724,卖盘
2410,11:18:27,8.75,--,24,21000,买盘
2411,11:18:24,8.75,--,2,1750,买盘
2412,11:18:21,8.75,--,55,48125,买盘
2413,11:18:15,8.75,--,86,75250,买盘
2414,11:18:12,8.75,0.01,1,875,买盘
2415,11:18:09,8.74,-0.01,122,106628,卖盘
2416,11:17:57,8.75,--,70,61250,卖盘
2417,11:17:54,8.75,--,50,43750,卖盘
2418,11:17:48,8.75,--,32,28000,卖盘
2419,11:17:45,8.75,--,306,267750,卖盘
2420,11:17:42,8.75,0.01,1091,955290,买盘
2421,11:17:39,8.74,-0.01,70,61180,卖盘
2422,11:17:36,8.75,0.01,150,131250,买盘
2423,11:17:33,8.74,--,358,312892,卖盘
2424,11:17:30,8.74,--,49,42826,卖盘
2425,11:17:27,8.74,--,31,27094,卖盘
2426,11:17:24,8.74,-0.01,16,13984,卖盘
2427,11:17:21,8.75,--,70,61250,买盘
2428,11:17:18,8.75,--,35,30625,买盘
2429,11:17:15,8.75,--,108,94500,买盘
2430,11:17:12,8.75,--,6,5250,买盘
2431,11:17:09,8.75,--,12,10500,买盘
2432,11:17:06,8.75,--,225,196875,买盘
2433,11:17:00,8.75,--,170,148750,买盘
2434,11:16:57,8.75,--,52,45500,买盘
2435,11:16:54,8.75,0.01,4,3500,买盘
2436,11:16:48,8.74,-0.01,1,874,卖盘
2437,11:16:45,8.75,0.01,3,2625,买盘
2438,11:16:42,8.74,-0.01,6,5244,卖盘
2439,11:16:39,8.75,0.01,40,35000,买盘
2440,11:16:36,8.74,--,1,874,卖盘
2441,11:16:33,8.74,-0.01,37,32338,卖盘
2442,11:16:30,8.75,0.01,263,230125,买盘
2443,11:16:27,8.74,--,24,20976,买盘
2444,11:16:24,8.74,--,41,35834,买盘
2445,11:16:21,8.74,0.01,105,91770,买盘
2446,11:16:18,8.73,-0.01,74,64602,卖盘
2447,11:16:15,8.74,--,20,17480,买盘
2448,11:16:12,8.74,--,38,33212,买盘
2449,11:16:09,8.74,0.01,68,59432,买盘
2450,11:16:06,8.73,--,13,11349,卖盘
2451,11:16:03,8.73,--,73,63729,卖盘
2452,11:16:00,8.73,--,89,77697,卖盘
2453,11:15:57,8.73,-0.01,38,33174,卖盘
2454,11:15:54,8.74,0.01,54,47196,买盘
2455,11:15:51,8.73,-0.01,28,24444,卖盘
2456,11:15:48,8.74,--,90,78660,买盘
2457,11:15:45,8.74,--,21,18354,买盘
2458,11:15:42,8.74,--,203,177422,买盘
2459,11:15:39,8.74,0.01,50,43700,买盘
2460,11:15:36,8.73,--,61,53253,买盘
2461,11:15:33,8.73,-0.01,169,147537,卖盘
2462,11:15:30,8.74,0.01,148,129352,买盘
2463,11:15:27,8.73,--,13,11349,卖盘
2464,11:15:24,8.73,-0.01,100,87300,中性盘
2465,11:15:21,8.74,0.01,765,668610,买盘
2466,11:15:18,8.73,-0.01,368,321264,卖盘
2467,11:15:15,8.74,--,10,8740,买盘
2468,11:15:12,8.74,0.01,354,309396,买盘
2469,11:15:09,8.73,--,9,7857,卖盘
2470,11:15:06,8.73,--,3,2619,卖盘
2471,11:15:03,8.73,-0.01,94,82062,卖盘
2472,11:15:00,8.74,0.01,129,112746,买盘
2473,11:14:57,8.73,-0.01,226,197298,卖盘
2474,11:14:48,8.74,0.01,236,206264,买盘
2475,11:14:45,8.73,--,103,89919,买盘
2476,11:14:42,8.73,--,2,1746,买盘
2477,11:14:39,8.73,0.01,27,23571,买盘
2478,11:14:36,8.72,-0.01,21,18312,卖盘
2479,11:14:33,8.73,0.01,72,62856,买盘
2480,11:14:30,8.72,-0.01,3,2616,卖盘
2481,11:14:27,8.73,0.01,84,73332,买盘
2482,11:14:24,8.72,-0.01,92,80224,卖盘
2483,11:14:21,8.73,--,6,5238,买盘
2484,11:14:18,8.73,0.01,295,257535,买盘
2485,11:14:15,8.72,-0.01,48,41856,卖盘
2486,11:14:12,8.73,0.01,77,67221,买盘
2487,11:14:09,8.72,--,10,8720,卖盘
2488,11:14:06,8.72,-0.01,35,30520,卖盘
2489,11:14:03,8.73,--,39,34047,买盘
2490,11:14:00,8.73,0.01,17,14841,买盘
2491,11:13:57,8.72,0.01,300,261600,中性盘
2492,11:13:54,8.71,-0.01,409,356709,卖盘
2493,11:13:51,8.72,--,275,239800,买盘
2494,11:13:48,8.72,0.01,1,872,买盘
2495,11:13:45,8.71,-0.01,54,47034,卖盘
2496,11:13:42,8.72,--,123,107256,买盘
2497,11:13:39,8.72,0.01,31,27032,买盘
2498,11:13:36,8.71,-0.01,1,871,卖盘
2499,11:13:33,8.72,0.01,20,17440,买盘
2500,11:13:30,8.71,-0.01,728,634088,卖盘
2501,11:13:27,8.72,--,14,12208,买盘
2502,11:13:24,8.72,--,121,105512,买盘
2503,11:13:18,8.72,0.01,25,21800,买盘
2504,11:13:15,8.71,-0.01,20,17420,卖盘
2505,11:13:12,8.72,--,7,6104,买盘
2506,11:13:09,8.72,0.01,7,6104,买盘
2507,11:13:06,8.71,--,522,454662,卖盘
2508,11:13:03,8.71,-0.01,198,172458,卖盘
2509,11:13:00,8.72,--,102,88944,买盘
2510,11:12:57,8.72,--,6,5232,买盘
2511,11:12:54,8.72,--,50,43600,买盘
2512,11:12:51,8.72,--,317,276424,买盘
2513,11:12:48,8.72,--,449,391528,卖盘
2514,11:12:45,8.72,-0.01,103,89816,卖盘
2515,11:12:42,8.73,0.01,28,24444,买盘
2516,11:12:39,8.72,--,22,19184,卖盘
2517,11:12:36,8.72,--,61,53192,卖盘
2518,11:12:33,8.72,--,86,74992,买盘
2519,11:12:30,8.72,--,64,55808,买盘
2520,11:12:27,8.72,--,1044,910368,卖盘
2521,11:12:24,8.72,--,3,2616,卖盘
2522,11:12:21,8.72,0.01,432,377401,买盘
2523,11:12:18,8.71,-0.01,123,107133,卖盘
2524,11:12:15,8.72,--,449,391528,买盘
2525,11:12:12,8.72,--,24,20928,买盘
2526,11:12:09,8.72,0.01,115,100280,买盘
2527,11:12:06,8.71,-0.01,55,47905,卖盘
2528,11:12:03,8.72,0.01,110,95920,买盘
2529,11:12:00,8.71,--,100,87100,卖盘
2530,11:11:54,8.71,--,957,833547,买盘
2531,11:11:51,8.71,--,55,47905,买盘
2532,11:11:48,8.71,--,35,30485,买盘
2533,11:11:45,8.71,--,162,141102,买盘
2534,11:11:42,8.71,--,281,244751,买盘
2535,11:11:39,8.71,--,51,44421,买盘
2536,11:11:36,8.71,-0.01,117,101907,卖盘
2537,11:11:33,8.72,0.01,189,164808,买盘
2538,11:11:30,8.71,--,23,20033,卖盘
2539,11:11:27,8.71,--,28,24388,卖盘
2540,11:11:24,8.71,--,29,25259,卖盘
2541,11:11:21,8.71,--,846,736866,卖盘
2542,11:11:18,8.71,--,90,78390,卖盘
2543,11:11:15,8.71,--,19,16549,卖盘
2544,11:11:12,8.71,--,20,17420,卖盘
2545,11:11:06,8.71,-0.01,20,17420,卖盘
2546,11:11:03,8.72,0.02,128,111616,买盘
2547,11:11:00,8.7,-0.01,1065,926549,卖盘
2548,11:10:57,8.71,--,44,38324,卖盘
2549,11:10:54,8.71,--,61,53131,卖盘
2550,11:10:51,8.71,-0.01,25,21775,中性盘
2551,11:10:48,8.72,0.01,40,34880,买盘
2552,11:10:45,8.71,--,163,141973,卖盘
2553,11:10:42,8.71,0.01,2,1742,中性盘
2554,11:10:39,8.7,-0.01,1146,997019,卖盘
2555,11:10:36,8.71,--,62,54002,卖盘
2556,11:10:33,8.71,--,21,18291,卖盘
2557,11:10:30,8.71,--,70,60970,买盘
2558,11:10:27,8.71,--,564,491244,买盘
2559,11:10:24,8.71,0.01,50,43550,买盘
2560,11:10:21,8.7,-0.01,29,25229,卖盘
2561,11:10:18,8.71,0.01,582,506922,买盘
2562,11:10:15,8.7,--,449,390629,卖盘
2563,11:10:12,8.7,-0.01,467,406289,卖盘
2564,11:10:09,8.71,0.01,74,64454,买盘
2565,11:10:06,8.7,-0.01,20,17400,卖盘
2566,11:10:03,8.71,--,476,414596,买盘
2567,11:10:00,8.71,--,95,82745,买盘
2568,11:09:57,8.71,--,41,35711,买盘
2569,11:09:54,8.71,--,741,645411,买盘
2570,11:09:51,8.71,--,173,150683,买盘
2571,11:09:48,8.71,0.01,238,207298,买盘
2572,11:09:45,8.7,-0.01,203,176610,卖盘
2573,11:09:42,8.71,0.01,1764,1536444,买盘
2574,11:09:39,8.7,--,70,60899,卖盘
2575,11:09:36,8.7,--,323,281010,卖盘
2576,11:09:33,8.7,-0.01,499,434129,卖盘
2577,11:09:30,8.71,0.01,211,183781,中性盘
2578,11:09:27,8.7,--,143,124409,卖盘
2579,11:09:24,8.7,-0.01,620,539400,卖盘
2580,11:09:21,8.71,--,88,76648,买盘
2581,11:09:18,8.71,0.01,244,212524,买盘
2582,11:09:15,8.7,-0.01,175,152250,卖盘
2583,11:09:12,8.71,--,111,96681,买盘
2584,11:09:09,8.71,0.01,482,419822,买盘
2585,11:09:06,8.7,-0.01,41,35670,卖盘
2586,11:09:03,8.71,0.01,151,131521,买盘
2587,11:09:00,8.7,--,120,104399,卖盘
2588,11:08:57,8.7,-0.01,139,120929,卖盘
2589,11:08:54,8.71,0.01,268,233428,买盘
2590,11:08:51,8.7,--,256,222719,卖盘
2591,11:08:48,8.7,--,442,384539,卖盘
2592,11:08:45,8.7,-0.01,12,10440,卖盘
2593,11:08:42,8.71,0.01,93,81003,买盘
2594,11:08:39,8.7,-0.01,41,35670,卖盘
2595,11:08:36,8.71,--,390,339690,买盘
2596,11:08:33,8.71,--,62,54002,买盘
2597,11:08:30,8.71,--,185,161135,卖盘
2598,11:08:27,8.71,-0.01,533,464243,卖盘
2599,11:08:24,8.72,--,97,84584,买盘
2600,11:08:21,8.72,0.01,68,59296,买盘
2601,11:08:18,8.71,-0.01,132,114972,卖盘
2602,11:08:15,8.72,0.01,2821,2459912,买盘
2603,11:08:12,8.71,--,10,8710,卖盘
2604,11:08:09,8.71,--,43,37453,卖盘
2605,11:08:06,8.71,--,27,23517,卖盘
2606,11:08:03,8.71,-0.01,2887,2514577,卖盘
2607,11:08:00,8.72,-0.01,110,95920,中性盘
2608,11:07:57,8.73,0.01,631,550863,买盘
2609,11:07:54,8.72,--,9,7848,买盘
2610,11:07:51,8.72,0.01,1372,1196384,买盘
2611,11:07:48,8.71,-0.01,28,24388,卖盘
2612,11:07:42,8.72,0.01,1716,1496352,卖盘
2613,11:07:39,8.71,-0.01,658,573118,卖盘
2614,11:07:36,8.72,--,213,185736,卖盘
2615,11:07:33,8.72,--,227,197944,卖盘
2616,11:07:30,8.72,-0.01,4,3488,卖盘
2617,11:07:21,8.73,--,229,199917,买盘
2618,11:07:18,8.73,0.01,38,33174,买盘
2619,11:07:15,8.72,--,110,95920,卖盘
2620,11:07:09,8.72,--,102,88944,卖盘
2621,11:07:06,8.72,-0.01,12,10464,卖盘
2622,11:07:03,8.73,0.01,63,54999,买盘
2623,11:07:00,8.72,--,78,68016,卖盘
2624,11:06:57,8.72,-0.01,77,67144,卖盘
2625,11:06:54,8.73,0.01,123,107379,买盘
2626,11:06:51,8.72,--,3,2616,卖盘
2627,11:06:48,8.72,-0.01,1,872,卖盘
2628,11:06:45,8.73,0.01,203,177219,买盘
2629,11:06:42,8.72,--,214,186608,买盘
2630,11:06:39,8.72,0.01,256,223232,买盘
2631,11:06:36,8.71,--,18,15678,卖盘
2632,11:06:33,8.71,-0.01,209,182039,卖盘
2633,11:06:30,8.72,--,1886,1644592,买盘
2634,11:06:27,8.72,--,23,20056,买盘
2635,11:06:24,8.72,--,126,109872,买盘
2636,11:06:21,8.72,--,2826,2464272,买盘
2637,11:06:18,8.72,--,705,614760,买盘
2638,11:06:15,8.72,0.01,125,109000,买盘
2639,11:06:12,8.71,--,23,20033,卖盘
2640,11:06:09,8.71,--,145,126295,卖盘
2641,11:06:06,8.71,--,310,270010,卖盘
2642,11:06:03,8.71,--,49,42679,卖盘
2643,11:06:00,8.71,--,227,197717,卖盘
2644,11:05:57,8.71,-0.01,764,665444,卖盘
2645,11:05:54,8.72,0.01,171,149112,买盘
2646,11:05:51,8.71,--,631,549601,卖盘
2647,11:05:48,8.71,-0.01,202,175942,卖盘
2648,11:05:45,8.72,0.01,530,462160,买盘
2649,11:05:42,8.71,--,25,21775,卖盘
2650,11:05:39,8.71,-0.01,290,252590,卖盘
2651,11:05:36,8.72,0.01,88,76736,买盘
2652,11:05:33,8.71,--,323,281333,卖盘
2653,11:05:30,8.71,--,14,12194,卖盘
2654,11:05:27,8.71,--,4,3484,卖盘
2655,11:05:24,8.71,--,51,44421,卖盘
2656,11:05:21,8.71,-0.01,363,316173,卖盘
2657,11:05:18,8.72,--,30,26160,买盘
2658,11:05:15,8.72,--,335,292120,买盘
2659,11:05:12,8.72,--,3309,2885448,卖盘
2660,11:05:09,8.72,--,155,135160,卖盘
2661,11:05:06,8.72,-0.01,14,12208,卖盘
2662,11:05:03,8.73,--,916,799668,买盘
2663,11:05:00,8.73,-0.01,152,132696,卖盘
2664,11:04:57,8.74,--,30,26220,买盘
2665,11:04:54,8.74,--,972,849528,买盘
2666,11:04:51,8.74,--,44,38456,买盘
2667,11:04:48,8.74,--,275,240350,买盘
2668,11:04:45,8.74,--,1375,1201750,买盘
2669,11:04:42,8.74,0.01,24,20976,买盘
2670,11:04:39,8.73,--,191,166743,卖盘
2671,11:04:36,8.73,--,6,5238,卖盘
2672,11:04:33,8.73,-0.01,1282,1119186,卖盘
2673,11:04:30,8.74,0.01,47,41078,买盘
2674,11:04:27,8.73,-0.01,11,9603,卖盘
2675,11:04:21,8.74,--,31,27094,买盘
2676,11:04:18,8.74,--,14,12236,买盘
2677,11:04:15,8.74,0.01,130,113620,买盘
2678,11:04:12,8.73,--,163,142299,卖盘
2679,11:04:09,8.73,-0.01,99,86427,卖盘
2680,11:04:06,8.74,--,105,91770,买盘
2681,11:04:00,8.74,0.01,94,82156,买盘
2682,11:03:57,8.73,-0.01,38,33174,卖盘
2683,11:03:54,8.74,0.01,1,874,买盘
2684,11:03:51,8.73,--,324,282852,卖盘
2685,11:03:48,8.73,--,3,2619,卖盘
2686,11:03:45,8.73,--,74,64602,卖盘
2687,11:03:42,8.73,-0.01,201,175473,卖盘
2688,11:03:39,8.74,0.01,41,35834,买盘
2689,11:03:36,8.73,-0.01,157,137061,卖盘
2690,11:03:33,8.74,--,659,575966,买盘
2691,11:03:30,8.74,0.02,34,29716,买盘
2692,11:03:27,8.72,-0.02,906,790032,卖盘
2693,11:03:24,8.74,--,118,103132,买盘
2694,11:03:21,8.74,0.01,84,73416,买盘
2695,11:03:18,8.73,-0.01,1258,1098234,卖盘
2696,11:03:15,8.74,0.01,74,64676,买盘
2697,11:03:12,8.73,-0.01,71,61983,卖盘
2698,11:03:09,8.74,0.01,1223,1068902,买盘
2699,11:03:06,8.73,-0.01,245,213885,卖盘
2700,11:03:03,8.74,--,10,8740,买盘
2701,11:03:00,8.74,0.01,187,163438,买盘
2702,11:02:57,8.73,--,1503,1312119,卖盘
2703,11:02:51,8.73,--,68,59364,卖盘
2704,11:02:48,8.73,--,23,20079,卖盘
2705,11:02:45,8.73,--,72,62856,卖盘
2706,11:02:42,8.73,--,23,20079,卖盘
2707,11:02:39,8.73,-0.01,33,28809,卖盘
2708,11:02:36,8.74,0.01,45,39330,买盘
2709,11:02:33,8.73,--,35,30555,卖盘
2710,11:02:30,8.73,-0.01,11,9603,卖盘
2711,11:02:27,8.74,0.02,107,93518,买盘
2712,11:02:24,8.72,-0.01,251,218872,卖盘
2713,11:02:21,8.73,--,72,62856,买盘
2714,11:02:18,8.73,--,89,77697,买盘
2715,11:02:15,8.73,--,199,173727,买盘
2716,11:02:12,8.73,--,87,75951,买盘
2717,11:02:09,8.73,--,89,77697,买盘
2718,11:02:06,8.73,--,155,135315,买盘
2719,11:02:03,8.73,--,156,136188,卖盘
2720,11:02:00,8.73,--,93,81189,卖盘
2721,11:01:57,8.73,--,12,10476,卖盘
2722,11:01:54,8.73,--,73,63729,卖盘
2723,11:01:51,8.73,--,714,623322,卖盘
2724,11:01:48,8.73,--,100,87300,卖盘
2725,11:01:45,8.73,-0.01,13,11349,卖盘
2726,11:01:42,8.74,0.01,20,17480,买盘
2727,11:01:39,8.73,--,151,131823,卖盘
2728,11:01:36,8.73,-0.01,4,3492,卖盘
2729,11:01:30,8.74,-0.01,300,262200,卖盘
2730,11:01:27,8.75,--,225,196875,买盘
2731,11:01:24,8.75,0.02,156,136500,买盘
2732,11:01:21,8.73,-0.01,2008,1752984,卖盘
2733,11:01:18,8.74,--,56,48944,买盘
2734,11:01:15,8.74,0.01,55,48070,买盘
2735,11:01:12,8.73,--,4,3492,卖盘
2736,11:01:09,8.73,-0.02,698,609354,卖盘
2737,11:01:06,8.75,0.01,85,74375,买盘
2738,11:01:03,8.74,--,1,874,卖盘
2739,11:01:00,8.74,-0.01,899,785726,卖盘
2740,11:00:57,8.75,0.01,113,98875,买盘
2741,11:00:54,8.74,--,442,386308,卖盘
2742,11:00:51,8.74,--,657,574218,卖盘
2743,11:00:48,8.74,-0.01,106,92644,卖盘
2744,11:00:45,8.75,0.01,31,27125,买盘
2745,11:00:42,8.74,--,1,874,卖盘
2746,11:00:39,8.74,--,132,115368,卖盘
2747,11:00:36,8.74,--,63,55062,卖盘
2748,11:00:33,8.74,--,185,161690,卖盘
2749,11:00:30,8.74,--,130,113620,卖盘
2750,11:00:27,8.74,--,91,79534,卖盘
2751,11:00:24,8.74,--,15,13110,卖盘
2752,11:00:21,8.74,--,157,137218,卖盘
2753,11:00:18,8.74,--,21,18354,卖盘
2754,11:00:15,8.74,-0.01,65,56810,卖盘
2755,11:00:12,8.75,0.01,21,18375,买盘
2756,11:00:09,8.74,--,123,107502,卖盘
2757,11:00:06,8.74,--,106,92644,卖盘
2758,11:00:03,8.74,0.01,16,13984,买盘
2759,11:00:00,8.73,--,113,98649,卖盘
2760,10:59:57,8.73,--,264,230472,卖盘
2761,10:59:54,8.73,-0.01,218,190314,卖盘
2762,10:59:51,8.74,--,147,128478,买盘
2763,10:59:48,8.74,--,85,74290,买盘
2764,10:59:45,8.74,0.01,772,674728,买盘
2765,10:59:42,8.73,-0.01,295,257535,卖盘
2766,10:59:39,8.74,--,104,90896,买盘
2767,10:59:36,8.74,--,100,87400,卖盘
2768,10:59:33,8.74,--,1078,942172,卖盘
2769,10:59:30,8.74,--,62,54188,卖盘
2770,10:59:27,8.74,-0.01,40,34960,中性盘
2771,10:59:24,8.75,0.01,279,244125,买盘
2772,10:59:21,8.74,-0.01,953,832922,卖盘
2773,10:59:18,8.75,0.01,3,2625,买盘
2774,10:59:15,8.74,-0.01,85,74290,卖盘
2775,10:59:12,8.75,0.01,123,107625,买盘
2776,10:59:09,8.74,-0.01,1101,962274,卖盘
2777,10:59:06,8.75,0.01,574,502250,买盘
2778,10:59:03,8.74,--,269,235106,卖盘
2779,10:59:00,8.74,-0.01,34,29716,卖盘
2780,10:58:57,8.75,--,1071,937125,买盘
2781,10:58:54,8.75,--,10,8960,卖盘
2782,10:58:51,8.75,--,69,60375,卖盘
2783,10:58:48,8.75,--,187,164290,买盘
2784,10:58:45,8.75,--,837,732375,买盘
2785,10:58:42,8.75,--,82,71960,卖盘
2786,10:58:39,8.75,-0.01,213,186375,卖盘
2787,10:58:36,8.76,--,1,876,买盘
2788,10:58:33,8.76,--,110,96360,买盘
2789,10:58:30,8.76,--,2200,1927200,卖盘
2790,10:58:27,8.76,0.01,53,46428,买盘
2791,10:58:24,8.75,-0.01,25,21875,卖盘
2792,10:58:21,8.76,--,53,46428,卖盘
2793,10:58:18,8.76,--,188,164688,卖盘
2794,10:58:15,8.76,--,68,59568,买盘
2795,10:58:09,8.76,--,97,84972,卖盘
2796,10:58:06,8.76,--,16,14016,卖盘
2797,10:58:03,8.76,--,37,32412,卖盘
2798,10:58:00,8.76,0.01,149,130524,买盘
2799,10:57:57,8.75,--,71,62125,卖盘
2800,10:57:54,8.75,-0.02,408,357000,卖盘
2801,10:57:51,8.77,0.02,145,127165,买盘
2802,10:57:48,8.75,-0.01,1032,903000,卖盘
2803,10:57:45,8.76,--,23,20148,买盘
2804,10:57:42,8.76,0.01,88,77088,买盘
2805,10:57:39,8.75,--,292,255500,卖盘
2806,10:57:36,8.75,--,192,168000,卖盘
2807,10:57:33,8.75,-0.01,1,875,卖盘
2808,10:57:30,8.76,0.01,684,599184,买盘
2809,10:57:27,8.75,-0.01,847,741125,卖盘
2810,10:57:24,8.76,--,112,98112,买盘
2811,10:57:21,8.76,0.01,47,41172,卖盘
2812,10:57:18,8.75,-0.01,1024,896000,卖盘
2813,10:57:15,8.76,--,14,12264,卖盘
2814,10:57:12,8.76,--,1,876,卖盘
2815,10:57:09,8.76,-0.01,1360,1191360,卖盘
2816,10:57:06,8.77,--,76,67178,买盘
2817,10:57:03,8.77,0.01,20,17540,买盘
2818,10:56:57,8.76,-0.01,459,402084,卖盘
2819,10:56:54,8.77,--,24,21048,卖盘
2820,10:56:51,8.77,--,273,239421,卖盘
2821,10:56:48,8.77,--,772,677044,卖盘
2822,10:56:45,8.77,-0.01,138,121026,卖盘
2823,10:56:42,8.78,0.01,198,173844,买盘
2824,10:56:39,8.77,--,29,25433,卖盘
2825,10:56:36,8.77,--,96,84192,卖盘
2826,10:56:33,8.77,--,197,172769,卖盘
2827,10:56:30,8.77,-0.01,119,104363,卖盘
2828,10:56:27,8.78,--,78,68484,买盘
2829,10:56:24,8.78,--,17,14925,买盘
2830,10:56:21,8.78,0.01,143,125553,买盘
2831,10:56:18,8.77,--,151,132427,卖盘
2832,10:56:15,8.77,-0.01,30,26310,卖盘
2833,10:56:12,8.78,--,45,39510,买盘
2834,10:56:09,8.78,--,30,26339,买盘
2835,10:56:06,8.78,--,328,287984,买盘
2836,10:56:03,8.78,0.01,1030,904339,买盘
2837,10:56:00,8.77,--,208,182416,卖盘
2838,10:55:57,8.77,-0.01,83,72791,卖盘
2839,10:55:54,8.78,0.01,722,633916,买盘
2840,10:55:51,8.77,--,127,111379,卖盘
2841,10:55:48,8.77,--,81,71037,卖盘
2842,10:55:45,8.77,--,5,4385,卖盘
2843,10:55:42,8.77,--,41,35957,卖盘
2844,10:55:39,8.77,--,411,360447,卖盘
2845,10:55:36,8.77,--,42,36834,卖盘
2846,10:55:33,8.77,--,565,495505,买盘
2847,10:55:30,8.77,--,308,270116,买盘
2848,10:55:24,8.77,0.01,38,33326,卖盘
2849,10:55:21,8.76,-0.02,1504,1317504,卖盘
2850,10:55:18,8.78,--,88,77264,买盘
2851,10:55:15,8.78,0.02,9,7901,买盘
2852,10:55:09,8.76,-0.03,618,541368,卖盘
2853,10:55:06,8.79,0.02,802,704957,买盘
2854,10:55:03,8.77,-0.01,23,20171,卖盘
2855,10:55:00,8.78,--,859,754202,买盘
2856,10:54:57,8.78,--,134,117651,卖盘
2857,10:54:54,8.78,-0.01,5,4390,卖盘
2858,10:54:51,8.79,--,1001,879878,买盘
