,time,price,change,volume,amount,type
0,15:00:03,7.13,--,6482,4621666,买盘
1,14:57:00,7.13,--,180,128953,买盘
2,14:56:57,7.13,--,3060,2181780,买盘
3,14:56:54,7.13,--,142,101246,买盘
4,14:56:51,7.13,--,4,2852,买盘
5,14:56:48,7.13,--,302,215326,买盘
6,14:56:45,7.13,--,886,631718,买盘
7,14:56:42,7.13,0.01,365,260245,买盘
8,14:56:39,7.12,-0.01,573,407976,卖盘
9,14:56:36,7.13,0.01,114,81282,买盘
10,14:56:33,7.12,--,202,144080,卖盘
11,14:56:30,7.12,-0.01,42,29904,卖盘
12,14:56:27,7.13,--,43,30659,买盘
13,14:56:24,7.13,0.01,12,8556,买盘
14,14:56:21,7.12,--,92,65504,卖盘
15,14:56:18,7.12,-0.01,1014,721968,卖盘
16,14:56:15,7.13,0.01,45,32085,买盘
17,14:56:12,7.12,-0.01,49,34888,卖盘
18,14:56:09,7.13,0.01,168,119784,买盘
19,14:56:06,7.12,--,33,23496,卖盘
20,14:56:03,7.12,--,144,102528,卖盘
21,14:56:00,7.12,--,125,89000,卖盘
22,14:55:57,7.12,-0.01,103,73336,卖盘
23,14:55:54,7.13,--,325,231725,买盘
24,14:55:51,7.13,--,181,129053,买盘
25,14:55:48,7.13,--,60,42780,买盘
26,14:55:45,7.13,--,50,35650,买盘
27,14:55:42,7.13,--,128,91264,买盘
28,14:55:39,7.13,0.01,61,43493,买盘
29,14:55:36,7.12,-0.01,93,66216,卖盘
30,14:55:33,7.13,--,217,154721,买盘
31,14:55:30,7.13,--,18,12834,买盘
32,14:55:27,7.13,0.01,631,450245,买盘
33,14:55:24,7.12,-0.01,55,39160,卖盘
34,14:55:21,7.13,0.01,31,22103,买盘
35,14:55:18,7.12,-0.01,253,180136,卖盘
36,14:55:15,7.13,0.01,884,630292,买盘
37,14:55:12,7.12,--,83,59096,卖盘
38,14:55:09,7.12,-0.01,10,7120,卖盘
39,14:55:06,7.13,--,56,39928,买盘
40,14:55:03,7.13,0.01,86,61318,买盘
41,14:55:00,7.12,--,582,414384,卖盘
42,14:54:57,7.12,--,34,24208,卖盘
43,14:54:54,7.12,-0.01,123,87576,卖盘
44,14:54:51,7.13,--,188,134044,买盘
45,14:54:48,7.13,--,88,62744,买盘
46,14:54:45,7.13,0.01,35,24955,买盘
47,14:54:42,7.12,-0.01,108,76896,卖盘
48,14:54:39,7.13,--,66,47058,买盘
49,14:54:36,7.13,0.01,602,429226,买盘
50,14:54:33,7.12,-0.01,162,115344,卖盘
51,14:54:30,7.13,--,121,86273,买盘
52,14:54:27,7.13,0.01,125,89125,买盘
53,14:54:24,7.12,--,128,91136,卖盘
54,14:54:21,7.12,--,9,6408,卖盘
55,14:54:18,7.12,--,100,71200,卖盘
56,14:54:15,7.12,--,1716,1221792,买盘
57,14:54:12,7.12,--,168,119616,买盘
58,14:54:09,7.12,0.01,62,44144,买盘
59,14:54:06,7.11,-0.01,216,153576,卖盘
60,14:54:03,7.12,0.01,44,31328,买盘
61,14:54:00,7.11,-0.01,48,34128,卖盘
62,14:53:57,7.12,--,145,103240,买盘
63,14:53:54,7.12,0.01,142,101104,买盘
64,14:53:51,7.11,--,363,258093,卖盘
65,14:53:48,7.11,-0.01,35,24885,卖盘
66,14:53:45,7.12,--,55,39160,买盘
67,14:53:42,7.12,0.01,1016,723392,买盘
68,14:53:39,7.11,-0.01,73,51903,卖盘
69,14:53:36,7.12,--,111,79032,买盘
70,14:53:33,7.12,--,134,95408,买盘
71,14:53:30,7.12,--,322,229264,买盘
72,14:53:27,7.12,--,310,220720,买盘
73,14:53:24,7.12,--,33,23496,买盘
74,14:53:21,7.12,0.01,477,339624,买盘
75,14:53:18,7.11,-0.01,182,129402,卖盘
76,14:53:15,7.12,--,3,2136,买盘
77,14:53:12,7.12,--,59,42008,买盘
78,14:53:09,7.12,--,10,7120,买盘
79,14:53:06,7.12,--,188,133856,买盘
80,14:53:03,7.12,--,338,240656,买盘
81,14:53:00,7.12,0.01,20,14240,买盘
82,14:52:57,7.11,--,29,20619,卖盘
83,14:52:54,7.11,--,107,76077,卖盘
84,14:52:48,7.11,-0.01,541,384651,卖盘
85,14:52:45,7.12,--,503,358136,买盘
86,14:52:42,7.12,0.01,71,50552,买盘
87,14:52:39,7.11,-0.01,157,111627,卖盘
88,14:52:36,7.12,0.01,2,1424,买盘
89,14:52:33,7.11,--,1780,1265580,买盘
90,14:52:30,7.11,--,106,75366,买盘
91,14:52:27,7.11,--,136,96696,买盘
92,14:52:24,7.11,--,73,51903,买盘
93,14:52:21,7.11,--,39,27729,买盘
94,14:52:18,7.11,--,142,100962,买盘
95,14:52:15,7.11,--,103,73233,买盘
96,14:52:12,7.11,--,111,78921,买盘
97,14:52:09,7.11,--,45,31995,买盘
98,14:52:06,7.11,0.01,252,179172,买盘
99,14:52:03,7.1,-0.01,725,514750,卖盘
100,14:52:00,7.11,--,1252,890172,买盘
101,14:51:57,7.11,--,241,171351,买盘
102,14:51:54,7.11,--,66,46926,买盘
103,14:51:51,7.11,--,178,126558,买盘
104,14:51:48,7.11,--,19,13509,买盘
105,14:51:45,7.11,--,688,489168,买盘
106,14:51:42,7.11,--,155,110205,买盘
107,14:51:39,7.11,--,840,597240,买盘
108,14:51:36,7.11,--,13,9243,买盘
109,14:51:33,7.11,--,131,93141,买盘
110,14:51:30,7.11,0.01,50,35550,买盘
111,14:51:27,7.1,-0.01,198,140580,卖盘
112,14:51:24,7.11,--,125,88875,买盘
113,14:51:21,7.11,--,33,23463,买盘
114,14:51:18,7.11,--,616,437976,买盘
115,14:51:15,7.11,--,2326,1653786,卖盘
116,14:51:12,7.11,-0.01,274,194814,卖盘
117,14:51:09,7.12,--,3490,2484880,买盘
118,14:51:06,7.12,--,91,64792,买盘
119,14:51:03,7.12,--,267,190104,买盘
120,14:51:00,7.12,--,441,313992,买盘
121,14:50:57,7.12,--,358,254896,买盘
122,14:50:54,7.12,--,10,7120,买盘
123,14:50:51,7.12,--,20,14240,买盘
124,14:50:48,7.12,0.01,58,41296,买盘
125,14:50:45,7.11,-0.01,15,10665,卖盘
126,14:50:42,7.12,0.01,102,72624,买盘
127,14:50:39,7.11,-0.01,138,98118,卖盘
128,14:50:36,7.12,0.01,24,17088,买盘
129,14:50:33,7.11,-0.01,72,51192,卖盘
130,14:50:30,7.12,--,105,74760,买盘
131,14:50:27,7.12,--,174,123888,买盘
132,14:50:24,7.12,--,594,422928,买盘
133,14:50:21,7.12,--,144,102528,买盘
134,14:50:18,7.12,--,918,653616,卖盘
135,14:50:15,7.12,--,88,62656,卖盘
136,14:50:12,7.12,--,6,4272,卖盘
137,14:50:09,7.12,--,76,54112,卖盘
138,14:50:06,7.12,--,3033,2159496,卖盘
139,14:50:03,7.12,-0.01,42,29904,卖盘
140,14:50:00,7.13,--,42,29946,买盘
141,14:49:57,7.13,--,155,110515,买盘
142,14:49:54,7.13,0.01,200,142600,买盘
143,14:49:51,7.12,-0.01,48,34176,卖盘
144,14:49:48,7.13,--,47,33511,买盘
145,14:49:45,7.13,--,45,32085,买盘
146,14:49:42,7.13,0.01,220,156860,买盘
147,14:49:39,7.12,--,20,14240,卖盘
148,14:49:36,7.12,-0.01,95,67640,卖盘
149,14:49:33,7.13,--,399,284487,买盘
150,14:49:30,7.13,--,4,2852,买盘
151,14:49:27,7.13,--,272,193936,买盘
152,14:49:21,7.13,--,549,391437,买盘
153,14:49:18,7.13,--,63,44919,买盘
154,14:49:15,7.13,--,45,32085,买盘
155,14:49:12,7.13,0.01,178,126914,买盘
156,14:49:09,7.12,-0.01,186,132432,卖盘
157,14:49:06,7.13,--,62,44206,买盘
158,14:49:03,7.13,--,14,9982,买盘
159,14:49:00,7.13,--,41,29233,买盘
160,14:48:57,7.13,0.01,56,39928,买盘
161,14:48:54,7.12,--,201,143112,卖盘
162,14:48:51,7.12,--,3,2136,卖盘
163,14:48:48,7.12,-0.01,20,14240,卖盘
164,14:48:45,7.13,0.01,1065,759345,买盘
165,14:48:42,7.12,--,151,107512,卖盘
166,14:48:39,7.12,-0.01,50,35600,卖盘
167,14:48:36,7.13,--,4,2852,买盘
168,14:48:33,7.13,0.01,38,27094,买盘
169,14:48:27,7.12,-0.01,30,21360,卖盘
170,14:48:24,7.13,0.01,84,59892,买盘
171,14:48:21,7.12,-0.01,281,200072,卖盘
172,14:48:18,7.13,0.01,20,14260,买盘
173,14:48:15,7.12,--,31,22072,卖盘
174,14:48:12,7.12,--,15,10680,卖盘
175,14:48:09,7.12,-0.01,29,20648,卖盘
176,14:48:06,7.13,--,204,145452,买盘
177,14:48:03,7.13,0.01,21,14973,买盘
178,14:48:00,7.12,--,165,117480,卖盘
179,14:47:51,7.12,--,53,37736,卖盘
180,14:47:48,7.12,--,11,7832,卖盘
181,14:47:45,7.12,--,12,8544,卖盘
182,14:47:42,7.12,-0.01,115,81880,卖盘
183,14:47:39,7.13,--,230,163990,买盘
184,14:47:36,7.13,0.01,876,624588,买盘
185,14:47:33,7.12,--,218,155216,卖盘
186,14:47:30,7.12,--,54,38448,卖盘
187,14:47:27,7.12,-0.01,138,98256,卖盘
188,14:47:24,7.13,0.01,310,221030,买盘
189,14:47:21,7.12,-0.01,223,158776,卖盘
190,14:47:18,7.13,--,682,486266,买盘
191,14:47:15,7.13,0.01,38,27094,买盘
192,14:47:12,7.12,-0.01,186,132432,卖盘
193,14:47:06,7.13,--,44,31372,买盘
194,14:47:03,7.13,--,220,156860,买盘
195,14:47:00,7.13,--,138,98394,买盘
196,14:46:57,7.13,0.01,245,174685,买盘
197,14:46:54,7.12,-0.01,36,25632,卖盘
198,14:46:51,7.13,--,47,33511,买盘
199,14:46:48,7.13,--,268,191084,买盘
200,14:46:45,7.13,0.01,13,9269,买盘
201,14:46:42,7.12,--,207,147384,卖盘
202,14:46:39,7.12,-0.01,13,9256,卖盘
203,14:46:36,7.13,--,7,4991,买盘
204,14:46:33,7.13,--,582,414966,买盘
205,14:46:30,7.13,--,30,21390,买盘
206,14:46:27,7.13,--,99,70587,买盘
207,14:46:24,7.13,--,1650,1176450,买盘
208,14:46:21,7.13,--,72,51336,买盘
209,14:46:18,7.13,--,229,163277,买盘
210,14:46:15,7.13,--,65,46345,买盘
211,14:46:12,7.13,0.01,208,148304,买盘
212,14:46:09,7.12,-0.01,141,100392,卖盘
213,14:46:06,7.13,--,157,111941,买盘
214,14:46:03,7.13,--,391,278783,买盘
215,14:46:00,7.13,--,205,146165,买盘
216,14:45:57,7.13,0.01,95,67735,买盘
217,14:45:54,7.12,-0.01,136,96832,卖盘
218,14:45:51,7.13,0.01,250,178250,买盘
219,14:45:48,7.12,--,281,200072,卖盘
220,14:45:45,7.12,--,256,182272,卖盘
221,14:45:42,7.12,--,189,134568,卖盘
222,14:45:39,7.12,--,20,14240,卖盘
223,14:45:36,7.12,--,546,388752,卖盘
224,14:45:33,7.12,--,112,79744,卖盘
225,14:45:30,7.12,--,31,22072,卖盘
226,14:45:27,7.12,-0.01,39,27768,中性盘
227,14:45:24,7.13,0.01,178,126914,买盘
228,14:45:21,7.12,--,2419,1722328,买盘
229,14:45:18,7.12,0.01,435,309720,买盘
230,14:45:15,7.11,--,27,19197,卖盘
231,14:45:12,7.11,--,125,88875,卖盘
232,14:45:09,7.11,-0.01,178,126558,卖盘
233,14:45:06,7.12,0.01,85,60520,买盘
234,14:45:03,7.11,--,404,287244,卖盘
235,14:45:00,7.11,-0.01,706,501966,卖盘
236,14:44:57,7.12,0.01,638,454256,买盘
237,14:44:54,7.11,-0.01,655,465705,卖盘
238,14:44:51,7.12,--,15,10680,买盘
239,14:44:48,7.12,--,3,2136,买盘
240,14:44:45,7.12,--,380,270560,买盘
241,14:44:42,7.12,0.01,391,278392,买盘
242,14:44:39,7.11,-0.01,110,78210,卖盘
243,14:44:36,7.12,--,633,450696,买盘
244,14:44:33,7.12,--,517,368104,买盘
245,14:44:30,7.12,--,349,248488,买盘
246,14:44:27,7.12,0.01,2,1424,买盘
247,14:44:24,7.11,-0.01,120,85320,卖盘
248,14:44:21,7.12,0.01,61,43432,买盘
249,14:44:18,7.11,-0.01,41,29151,卖盘
250,14:44:15,7.12,0.01,766,545392,买盘
251,14:44:12,7.11,-0.01,255,181305,卖盘
252,14:44:09,7.12,0.01,12,8544,买盘
253,14:44:06,7.11,--,135,95985,卖盘
254,14:44:03,7.11,--,141,100251,卖盘
255,14:44:00,7.11,-0.01,355,252405,卖盘
256,14:43:57,7.12,0.01,96,68352,买盘
257,14:43:54,7.11,--,34,24174,买盘
258,14:43:51,7.11,-0.01,129,91719,卖盘
259,14:43:48,7.12,0.01,16,11392,买盘
260,14:43:45,7.11,-0.01,464,329904,卖盘
261,14:43:42,7.12,0.01,591,420792,买盘
262,14:43:39,7.11,--,43,30573,买盘
263,14:43:36,7.11,0.01,12,8532,中性盘
264,14:43:33,7.1,--,384,272640,卖盘
265,14:43:30,7.1,-0.01,990,702900,卖盘
266,14:43:27,7.11,--,25,17775,卖盘
267,14:43:24,7.11,--,68,48348,卖盘
268,14:43:21,7.11,--,142,100962,卖盘
269,14:43:18,7.11,-0.01,32,22752,中性盘
270,14:43:15,7.12,0.01,474,337488,买盘
271,14:43:12,7.11,0.01,504,358344,买盘
272,14:43:09,7.1,--,89,63190,卖盘
273,14:43:06,7.1,-0.01,61,43310,卖盘
274,14:43:03,7.11,--,98,69678,买盘
275,14:43:00,7.11,0.01,115,81765,买盘
276,14:42:57,7.1,--,289,205190,卖盘
277,14:42:54,7.1,--,142,100820,卖盘
278,14:42:51,7.1,--,45,31950,卖盘
279,14:42:48,7.1,--,15,10650,卖盘
280,14:42:45,7.1,-0.01,208,147680,卖盘
281,14:42:42,7.11,0.01,175,124425,买盘
282,14:42:39,7.1,-0.01,568,403280,卖盘
283,14:42:36,7.11,--,90,63990,买盘
284,14:42:33,7.11,--,156,110916,买盘
285,14:42:30,7.11,--,230,163530,买盘
286,14:42:27,7.11,0.01,229,162819,买盘
287,14:42:24,7.1,-0.01,23,16330,卖盘
288,14:42:21,7.11,--,339,241029,买盘
289,14:42:18,7.11,--,29,20619,买盘
290,14:42:15,7.11,--,10,7110,买盘
291,14:42:12,7.11,--,10,7110,买盘
292,14:42:09,7.11,--,169,120159,买盘
293,14:42:06,7.11,--,1951,1387161,卖盘
294,14:42:03,7.11,--,216,153576,卖盘
295,14:42:00,7.11,--,143,101673,卖盘
296,14:41:57,7.11,--,27,19197,卖盘
297,14:41:54,7.11,--,159,113049,卖盘
298,14:41:51,7.11,--,112,79632,卖盘
299,14:41:48,7.11,--,809,575291,买盘
300,14:41:45,7.11,--,41,29151,卖盘
301,14:41:42,7.11,--,218,154998,卖盘
302,14:41:39,7.11,-0.01,227,161397,卖盘
303,14:41:36,7.12,0.01,141,100392,买盘
304,14:41:33,7.11,-0.01,146,103806,卖盘
305,14:41:30,7.12,--,129,91848,买盘
306,14:41:27,7.12,0.01,92,65504,买盘
307,14:41:24,7.11,--,515,366165,卖盘
308,14:41:21,7.11,--,115,81765,卖盘
309,14:41:18,7.11,--,1620,1151820,卖盘
310,14:41:15,7.11,--,76,54036,卖盘
311,14:41:12,7.11,--,109,77499,卖盘
312,14:41:09,7.11,--,83,59013,卖盘
313,14:41:06,7.11,-0.01,331,235341,卖盘
314,14:41:00,7.12,-0.01,40,28480,买盘
315,14:40:57,7.13,0.01,481,342953,买盘
316,14:40:51,7.12,--,186,132432,买盘
317,14:40:48,7.12,0.01,11,7832,买盘
318,14:40:45,7.11,-0.01,14,9954,卖盘
319,14:40:42,7.12,--,31,22072,买盘
320,14:40:39,7.12,--,162,115344,卖盘
321,14:40:36,7.12,-0.01,15,10680,买盘
322,14:40:33,7.13,0.01,2010,1433130,买盘
323,14:40:30,7.12,--,8728,6215019,卖盘
324,14:40:27,7.12,-0.01,21,14952,卖盘
325,14:40:24,7.13,0.01,75,53475,买盘
326,14:40:21,7.12,-0.01,13,9256,卖盘
327,14:40:18,7.13,--,12,8556,买盘
328,14:40:15,7.13,--,21,14973,买盘
329,14:40:12,7.13,--,50,35650,买盘
330,14:40:09,7.13,--,2,1426,买盘
331,14:40:06,7.13,--,22,15686,买盘
332,14:40:03,7.13,--,39,27807,买盘
333,14:40:00,7.13,-0.01,102,72726,卖盘
334,14:39:57,7.14,--,16,11424,买盘
335,14:39:54,7.14,0.01,120,85680,买盘
336,14:39:51,7.13,--,757,539741,卖盘
337,14:39:48,7.13,--,81,57753,卖盘
338,14:39:45,7.13,--,75,53475,卖盘
339,14:39:42,7.13,--,35,24955,卖盘
340,14:39:39,7.13,-0.01,32,22816,卖盘
341,14:39:36,7.14,--,11,7854,买盘
342,14:39:33,7.14,0.01,23,16422,买盘
343,14:39:30,7.13,--,172,122636,卖盘
344,14:39:27,7.13,--,543,387159,卖盘
345,14:39:24,7.13,-0.01,67,47771,卖盘
346,14:39:21,7.14,0.01,31,22134,买盘
347,14:39:18,7.13,--,131,93403,卖盘
348,14:39:12,7.13,--,6,4278,卖盘
349,14:39:09,7.13,--,62,44206,卖盘
350,14:39:06,7.13,--,1034,737242,卖盘
351,14:39:03,7.13,-0.01,21,14973,卖盘
352,14:39:00,7.14,0.01,90,64260,买盘
353,14:38:57,7.13,--,15,10695,卖盘
354,14:38:54,7.13,--,174,124062,买盘
355,14:38:51,7.13,--,207,147591,卖盘
356,14:38:45,7.13,--,234,166842,买盘
357,14:38:42,7.13,0.01,103,73439,买盘
358,14:38:39,7.12,--,63,44856,卖盘
359,14:38:36,7.12,-0.01,230,163760,卖盘
360,14:38:33,7.13,-0.01,558,397854,卖盘
361,14:38:30,7.14,--,25,17850,买盘
362,14:38:27,7.14,0.01,233,166362,买盘
363,14:38:24,7.13,--,32,22816,卖盘
364,14:38:21,7.13,--,394,280922,卖盘
365,14:38:18,7.13,--,139,99107,卖盘
366,14:38:15,7.13,--,2,1426,卖盘
367,14:38:12,7.13,--,292,208196,卖盘
368,14:38:09,7.13,--,21,14973,卖盘
369,14:38:06,7.13,--,82,58466,卖盘
370,14:38:03,7.13,--,511,364343,买盘
371,14:38:00,7.13,--,102,72726,买盘
372,14:37:57,7.13,--,105,74865,买盘
373,14:37:54,7.13,--,220,156860,买盘
374,14:37:51,7.13,--,6,4278,买盘
375,14:37:48,7.13,0.01,114,81282,买盘
376,14:37:45,7.12,-0.01,317,225704,卖盘
377,14:37:42,7.13,--,12,8556,买盘
378,14:37:39,7.13,--,250,178250,卖盘
379,14:37:36,7.13,-0.01,89,63457,卖盘
380,14:37:33,7.14,0.01,29,20706,买盘
381,14:37:30,7.13,--,66,47058,卖盘
382,14:37:27,7.13,--,1032,735816,卖盘
383,14:37:24,7.13,--,84,59892,卖盘
384,14:37:21,7.13,--,269,191797,卖盘
385,14:37:18,7.13,--,848,604624,买盘
386,14:37:15,7.13,0.01,51,36363,买盘
387,14:37:12,7.12,-0.01,124,88288,卖盘
388,14:37:09,7.13,0.01,174,124062,买盘
389,14:37:06,7.12,-0.01,3,2136,卖盘
390,14:37:03,7.13,--,126,89838,买盘
391,14:37:00,7.13,--,433,308729,买盘
392,14:36:57,7.13,0.01,60,42780,买盘
393,14:36:51,7.12,-0.01,518,368816,卖盘
394,14:36:48,7.13,--,26,18538,买盘
395,14:36:42,7.13,--,6,4278,买盘
396,14:36:39,7.13,--,11,7843,买盘
397,14:36:36,7.13,-0.01,11,7843,买盘
398,14:36:33,7.14,0.01,37,26418,买盘
399,14:36:30,7.13,--,111,79143,卖盘
400,14:36:27,7.13,--,508,362204,卖盘
401,14:36:24,7.13,-0.01,138,98394,卖盘
402,14:36:21,7.14,--,85,60718,买盘
403,14:36:18,7.14,--,33,23562,买盘
404,14:36:15,7.14,--,38,27132,买盘
405,14:36:12,7.14,0.01,61,43554,买盘
406,14:36:09,7.13,-0.01,2526,1801038,卖盘
407,14:36:06,7.14,--,57,40698,买盘
408,14:36:03,7.14,--,145,103530,买盘
409,14:36:00,7.14,0.01,336,239904,买盘
410,14:35:57,7.13,--,4,2852,卖盘
411,14:35:54,7.13,--,34,24242,卖盘
412,14:35:51,7.13,--,973,693749,卖盘
413,14:35:48,7.13,-0.01,51,36363,卖盘
414,14:35:45,7.14,0.01,32,22848,买盘
415,14:35:42,7.13,-0.01,158,112654,卖盘
416,14:35:39,7.14,--,40,28560,买盘
417,14:35:36,7.14,--,21,14994,买盘
418,14:35:33,7.14,--,109,77826,买盘
419,14:35:30,7.14,--,608,434112,买盘
420,14:35:27,7.14,--,2122,1515108,卖盘
421,14:35:24,7.14,-0.01,212,151368,卖盘
422,14:35:21,7.15,--,115,82225,买盘
423,14:35:18,7.15,0.01,246,175890,买盘
424,14:35:15,7.14,--,591,421974,卖盘
425,14:35:12,7.14,--,37,26418,卖盘
426,14:35:09,7.14,-0.01,74,52836,卖盘
427,14:35:06,7.15,0.01,13,9295,买盘
428,14:35:03,7.14,-0.01,141,100674,卖盘
429,14:35:00,7.15,--,95,67925,买盘
430,14:34:54,7.15,--,6,4290,买盘
431,14:34:48,7.15,--,2,1430,买盘
432,14:34:45,7.15,0.01,5,3575,买盘
433,14:34:42,7.14,-0.01,244,174216,卖盘
434,14:34:39,7.15,--,31,22165,买盘
435,14:34:36,7.15,0.01,22,15730,买盘
436,14:34:33,7.14,--,27,19278,卖盘
437,14:34:30,7.14,--,15,10710,卖盘
438,14:34:27,7.14,--,208,148512,卖盘
439,14:34:24,7.14,-0.01,105,74970,卖盘
440,14:34:21,7.15,--,531,379665,买盘
441,14:34:18,7.15,--,42,30030,买盘
442,14:34:15,7.15,0.01,185,132275,买盘
443,14:34:12,7.14,--,52,37128,卖盘
444,14:34:09,7.14,--,159,113526,卖盘
445,14:34:06,7.14,-0.01,51,36414,卖盘
446,14:34:03,7.15,--,1,715,买盘
447,14:34:00,7.15,0.01,21,15015,买盘
448,14:33:57,7.14,--,29,20706,卖盘
449,14:33:54,7.14,--,533,380562,卖盘
450,14:33:51,7.14,--,5,3570,卖盘
451,14:33:48,7.14,-0.01,10,7140,卖盘
452,14:33:45,7.15,0.01,60,42900,买盘
453,14:33:42,7.14,-0.01,56,39984,卖盘
454,14:33:39,7.15,0.01,17,12155,买盘
455,14:33:36,7.14,-0.01,33,23562,卖盘
456,14:33:33,7.15,0.01,88,62920,买盘
457,14:33:30,7.14,-0.01,20,14280,卖盘
458,14:33:27,7.15,0.01,9,6435,买盘
459,14:33:24,7.14,-0.01,24,17136,卖盘
460,14:33:21,7.15,0.01,40,28600,买盘
461,14:33:18,7.14,-0.01,73,52122,卖盘
462,14:33:15,7.15,0.01,66,47190,买盘
463,14:33:12,7.14,--,181,129234,卖盘
464,14:33:09,7.14,-0.01,326,232764,卖盘
465,14:33:06,7.15,0.01,70,50050,买盘
466,14:33:03,7.14,--,110,78540,卖盘
467,14:33:00,7.14,--,25,17850,卖盘
468,14:32:57,7.14,-0.01,217,154938,卖盘
469,14:32:54,7.15,--,117,83655,买盘
470,14:32:51,7.15,0.01,1,715,买盘
471,14:32:48,7.14,--,45,32130,卖盘
472,14:32:45,7.14,--,70,49980,卖盘
473,14:32:42,7.14,--,9,6426,卖盘
474,14:32:39,7.14,--,356,254184,买盘
475,14:32:36,7.14,-0.01,296,211344,卖盘
476,14:32:33,7.15,0.01,73,52195,买盘
477,14:32:30,7.14,-0.01,482,344148,卖盘
478,14:32:27,7.15,--,19,13585,买盘
479,14:32:24,7.15,--,12,8580,买盘
480,14:32:21,7.15,--,255,182325,买盘
481,14:32:18,7.15,0.01,1,715,买盘
482,14:32:15,7.14,-0.01,31,22134,卖盘
483,14:32:12,7.15,--,214,153010,买盘
484,14:32:09,7.15,--,97,69355,买盘
485,14:32:06,7.15,0.01,405,289575,买盘
486,14:32:03,7.14,--,539,384846,卖盘
487,14:32:00,7.14,--,40,28560,卖盘
488,14:31:57,7.14,--,20,14280,卖盘
489,14:31:51,7.14,--,145,103530,卖盘
490,14:31:48,7.14,--,287,204918,买盘
491,14:31:45,7.14,--,606,432684,买盘
492,14:31:42,7.14,--,74,52836,买盘
493,14:31:39,7.14,--,3,2142,买盘
494,14:31:36,7.14,--,8,5712,买盘
495,14:31:33,7.14,--,406,289884,买盘
496,14:31:30,7.14,--,2,1428,买盘
497,14:31:27,7.14,--,7,4998,买盘
498,14:31:21,7.14,--,3,2142,买盘
499,14:31:18,7.14,--,41,29274,买盘
500,14:31:15,7.14,--,25,17850,买盘
501,14:31:12,7.14,--,196,139944,卖盘
502,14:31:09,7.14,--,101,72114,卖盘
503,14:31:06,7.14,--,55,39270,卖盘
504,14:31:03,7.14,-0.01,490,349860,卖盘
505,14:31:00,7.15,0.01,101,72215,买盘
506,14:30:57,7.14,--,4,2856,卖盘
507,14:30:54,7.14,-0.01,114,81396,卖盘
508,14:30:51,7.15,0.01,136,97240,买盘
509,14:30:48,7.14,-0.01,4,2856,卖盘
510,14:30:45,7.15,--,74,52910,买盘
511,14:30:42,7.15,0.01,36,25740,买盘
512,14:30:39,7.14,-0.01,41,29274,卖盘
513,14:30:36,7.15,0.01,34,24310,买盘
514,14:30:33,7.14,--,463,330582,卖盘
515,14:30:30,7.14,-0.01,54,38556,卖盘
516,14:30:27,7.15,0.01,86,61490,买盘
517,14:30:24,7.14,-0.01,513,366282,卖盘
518,14:30:21,7.15,--,52,37180,买盘
519,14:30:18,7.15,--,32,22880,买盘
520,14:30:15,7.15,--,27,19305,买盘
521,14:30:12,7.15,--,12,8580,买盘
522,14:30:09,7.15,0.01,4,2860,买盘
523,14:30:06,7.14,-0.01,61,43554,卖盘
524,14:30:00,7.15,--,468,334620,买盘
525,14:29:57,7.15,--,18,12870,买盘
526,14:29:54,7.15,0.01,19,13585,买盘
527,14:29:51,7.14,-0.01,317,226338,卖盘
528,14:29:48,7.15,0.01,21,15015,买盘
529,14:29:45,7.14,--,190,135660,卖盘
530,14:29:42,7.14,--,68,48552,卖盘
531,14:29:39,7.14,-0.01,275,196350,卖盘
532,14:29:36,7.15,--,30,21450,买盘
533,14:29:33,7.15,--,42,30030,买盘
534,14:29:30,7.15,--,431,308165,买盘
535,14:29:27,7.15,--,26,18590,买盘
536,14:29:24,7.15,--,11,7865,买盘
537,14:29:21,7.15,0.01,40,28600,买盘
538,14:29:18,7.14,-0.01,14,9996,卖盘
539,14:29:15,7.15,--,6,4290,买盘
540,14:29:12,7.15,0.01,40,28600,买盘
541,14:29:09,7.14,0.01,17,12138,买盘
542,14:29:06,7.13,--,43,30659,卖盘
543,14:29:03,7.13,-0.02,4,2852,卖盘
544,14:29:00,7.15,0.01,431,308165,买盘
545,14:28:57,7.14,0.01,137,97818,买盘
546,14:28:54,7.13,-0.01,15,10695,卖盘
547,14:28:51,7.14,--,24,17136,买盘
548,14:28:48,7.14,--,28,19992,买盘
549,14:28:45,7.14,--,40,28560,买盘
550,14:28:42,7.14,--,101,72114,买盘
551,14:28:39,7.14,--,5,3570,买盘
552,14:28:36,7.14,--,438,312732,买盘
553,14:28:33,7.14,--,78,55692,买盘
554,14:28:30,7.14,0.01,393,280602,买盘
555,14:28:27,7.13,-0.01,18,12834,卖盘
556,14:28:24,7.14,--,201,143514,买盘
557,14:28:21,7.14,--,97,69258,买盘
558,14:28:18,7.14,--,713,509082,买盘
559,14:28:15,7.14,--,261,186354,买盘
560,14:28:12,7.14,--,27,19278,买盘
561,14:28:09,7.14,0.01,4,2856,买盘
562,14:28:06,7.13,-0.01,61,43493,卖盘
563,14:28:03,7.14,--,18,12852,买盘
564,14:28:00,7.14,--,776,554064,卖盘
565,14:27:57,7.14,--,28,19992,卖盘
566,14:27:54,7.14,--,20,14280,卖盘
567,14:27:51,7.14,--,100,71400,卖盘
568,14:27:48,7.14,--,267,190638,卖盘
569,14:27:45,7.14,-0.01,583,416262,卖盘
570,14:27:42,7.15,--,252,180180,买盘
571,14:27:39,7.15,--,573,409695,买盘
572,14:27:36,7.15,--,125,89375,买盘
573,14:27:33,7.15,0.01,3,2145,买盘
574,14:27:30,7.14,-0.01,117,83538,卖盘
575,14:27:27,7.15,0.01,733,524095,买盘
576,14:27:24,7.14,-0.01,19,13566,卖盘
577,14:27:21,7.15,--,34,24310,买盘
578,14:27:18,7.15,--,54,38610,买盘
579,14:27:15,7.15,--,82,58630,买盘
580,14:27:12,7.15,--,20,14300,买盘
581,14:27:09,7.15,0.01,3,2145,买盘
582,14:27:06,7.14,-0.01,107,76398,卖盘
583,14:27:03,7.15,--,17,12155,买盘
584,14:27:00,7.15,--,48,34320,买盘
585,14:26:57,7.15,0.01,393,280995,买盘
586,14:26:54,7.14,-0.01,5,3570,卖盘
587,14:26:51,7.15,--,71,50765,买盘
588,14:26:48,7.15,0.01,57,40755,买盘
589,14:26:45,7.14,-0.01,1641,1171674,卖盘
590,14:26:42,7.15,--,97,69355,买盘
591,14:26:39,7.15,--,34,24310,买盘
592,14:26:36,7.15,--,104,74360,买盘
593,14:26:33,7.15,--,94,67210,买盘
594,14:26:30,7.15,--,19,13585,买盘
595,14:26:27,7.15,--,404,288860,买盘
596,14:26:24,7.15,--,235,168025,买盘
597,14:26:21,7.15,-0.01,387,277162,卖盘
598,14:26:18,7.16,--,2136,1529376,买盘
599,14:26:15,7.16,--,99,70884,买盘
600,14:26:12,7.16,--,122,87352,买盘
601,14:26:09,7.16,0.01,20,14320,买盘
602,14:26:06,7.15,-0.01,63,45045,卖盘
603,14:26:03,7.16,0.01,508,363728,买盘
604,14:26:00,7.15,-0.01,27,19305,卖盘
605,14:25:57,7.16,--,438,313608,买盘
606,14:25:54,7.16,--,55,39380,买盘
607,14:25:51,7.16,0.01,2107,1508612,买盘
608,14:25:48,7.15,-0.01,14,10010,卖盘
609,14:25:45,7.16,0.01,45,32220,买盘
610,14:25:42,7.15,-0.01,868,620620,卖盘
611,14:25:39,7.16,--,44,31504,买盘
612,14:25:36,7.16,0.01,61,43676,买盘
613,14:25:33,7.15,-0.01,73,52195,卖盘
614,14:25:30,7.16,--,41,29356,买盘
615,14:25:27,7.16,--,1010,723160,买盘
616,14:25:24,7.16,--,41,29356,买盘
617,14:25:21,7.16,--,83,59428,买盘
618,14:25:18,7.16,--,141,100956,买盘
619,14:25:15,7.16,0.01,682,488312,买盘
620,14:25:12,7.15,-0.01,111,79622,卖盘
621,14:25:09,7.16,0.01,110,78760,买盘
622,14:25:06,7.15,-0.01,52,37180,卖盘
623,14:25:03,7.16,--,33,23628,买盘
624,14:25:00,7.16,0.01,22,15752,买盘
625,14:24:57,7.15,-0.01,3,2145,卖盘
626,14:24:54,7.16,0.01,450,322200,买盘
627,14:24:51,7.15,--,5,3575,卖盘
628,14:24:48,7.15,--,691,494065,卖盘
629,14:24:45,7.15,--,64,45760,卖盘
630,14:24:42,7.15,--,34,24310,卖盘
631,14:24:39,7.15,-0.01,73,52195,卖盘
632,14:24:36,7.16,0.01,141,100956,买盘
633,14:24:33,7.15,-0.01,26,18590,卖盘
634,14:24:30,7.16,0.01,43,30788,买盘
635,14:24:27,7.15,--,249,178035,卖盘
636,14:24:24,7.15,-0.01,539,385385,卖盘
637,14:24:21,7.16,--,230,164680,买盘
638,14:24:18,7.16,--,129,92364,买盘
639,14:24:15,7.16,--,83,59428,买盘
640,14:24:12,7.16,0.01,10,7160,买盘
641,14:24:09,7.15,--,12,8580,卖盘
642,14:24:06,7.15,-0.01,379,270985,卖盘
643,14:24:03,7.16,--,80,57280,买盘
644,14:24:00,7.16,0.01,2,1432,买盘
645,14:23:57,7.15,-0.01,58,41470,卖盘
646,14:23:54,7.16,0.01,393,281388,买盘
647,14:23:51,7.15,-0.01,33,23595,卖盘
648,14:23:48,7.16,--,350,250600,买盘
649,14:23:45,7.16,--,187,133892,买盘
650,14:23:42,7.16,--,105,75180,买盘
651,14:23:39,7.16,--,161,115276,买盘
652,14:23:36,7.16,--,74,52984,买盘
653,14:23:33,7.16,--,423,302868,买盘
654,14:23:30,7.16,--,1883,1348228,买盘
655,14:23:27,7.16,--,83,59428,买盘
656,14:23:24,7.16,--,454,325064,买盘
657,14:23:21,7.16,0.01,219,156804,买盘
658,14:23:18,7.15,-0.01,12,8580,卖盘
659,14:23:15,7.16,--,58,41528,买盘
660,14:23:12,7.16,--,81,57996,买盘
661,14:23:09,7.16,0.01,137,98092,买盘
662,14:23:06,7.15,--,181,129415,卖盘
663,14:23:03,7.15,-0.01,393,280995,卖盘
664,14:23:00,7.16,0.01,207,148212,买盘
665,14:22:57,7.15,-0.01,49,35035,卖盘
666,14:22:54,7.16,--,121,86636,买盘
667,14:22:51,7.16,--,394,282104,买盘
668,14:22:48,7.16,--,50,35800,买盘
669,14:22:45,7.16,--,5,3580,买盘
670,14:22:42,7.16,--,106,75896,买盘
671,14:22:39,7.16,--,184,131744,买盘
672,14:22:36,7.16,--,154,110264,买盘
673,14:22:33,7.16,--,123,88068,买盘
674,14:22:30,7.16,0.01,291,208356,买盘
675,14:22:27,7.15,-0.01,45,32175,卖盘
676,14:22:24,7.16,--,455,325780,买盘
677,14:22:21,7.16,0.01,50,35800,买盘
678,14:22:18,7.15,-0.01,109,77935,卖盘
679,14:22:15,7.16,--,11,7876,买盘
680,14:22:12,7.16,0.01,164,117424,买盘
681,14:22:09,7.15,--,87,62205,卖盘
682,14:22:06,7.15,--,131,93665,卖盘
683,14:22:03,7.15,--,78,55770,卖盘
684,14:22:00,7.15,-0.01,239,170885,卖盘
685,14:21:57,7.16,--,189,135324,买盘
686,14:21:54,7.16,--,112,80192,买盘
687,14:21:51,7.16,--,113,80908,买盘
688,14:21:48,7.16,--,65,46540,买盘
689,14:21:45,7.16,--,319,228404,买盘
690,14:21:42,7.16,--,540,386640,买盘
691,14:21:39,7.16,--,230,164680,买盘
692,14:21:36,7.16,--,44,31504,买盘
693,14:21:33,7.16,--,307,219812,买盘
694,14:21:30,7.16,--,955,683780,买盘
695,14:21:27,7.16,--,809,579244,买盘
696,14:21:24,7.16,--,399,285684,买盘
697,14:21:21,7.16,--,188,134608,买盘
698,14:21:18,7.16,0.01,260,186160,买盘
699,14:21:15,7.15,-0.01,169,120835,卖盘
700,14:21:12,7.16,--,88,63008,买盘
701,14:21:09,7.16,0.01,743,531988,买盘
702,14:21:06,7.15,-0.01,139,99385,卖盘
703,14:21:03,7.16,--,2058,1473528,买盘
704,14:21:00,7.16,--,350,250600,买盘
705,14:20:57,7.16,--,224,160384,买盘
706,14:20:54,7.16,--,1503,1076148,买盘
707,14:20:51,7.16,--,136,97376,买盘
708,14:20:48,7.16,--,319,228404,买盘
709,14:20:45,7.16,--,58,41528,买盘
710,14:20:42,7.16,0.01,681,487596,买盘
711,14:20:39,7.15,-0.01,2,1430,卖盘
712,14:20:36,7.16,--,142,101672,买盘
713,14:20:33,7.16,--,47,33652,买盘
714,14:20:30,7.16,--,90,64440,买盘
715,14:20:27,7.16,--,92,65872,买盘
716,14:20:24,7.16,--,243,173988,买盘
717,14:20:21,7.16,--,197,141052,买盘
718,14:20:18,7.16,0.01,65,46540,买盘
719,14:20:15,7.15,-0.01,82,58630,卖盘
720,14:20:12,7.16,--,124,88784,买盘
721,14:20:09,7.16,0.01,126,90216,买盘
722,14:20:06,7.15,--,48,34320,卖盘
723,14:20:03,7.15,--,2785,1991847,买盘
724,14:20:00,7.15,--,1669,1193335,买盘
725,14:19:57,7.15,--,1063,760045,买盘
726,14:19:54,7.15,--,1280,915200,买盘
727,14:19:51,7.15,--,23,16445,买盘
728,14:19:48,7.15,--,6886,4923490,买盘
729,14:19:45,7.15,--,143,102245,买盘
730,14:19:42,7.15,--,19,13585,买盘
731,14:19:39,7.15,--,160,114400,买盘
732,14:19:36,7.15,0.01,224,160160,买盘
733,14:19:33,7.14,-0.01,87,62118,卖盘
734,14:19:30,7.15,--,2,1430,买盘
735,14:19:27,7.15,--,39,27885,买盘
736,14:19:24,7.15,--,152,108680,买盘
737,14:19:21,7.15,--,56,40040,买盘
738,14:19:18,7.15,--,20,14300,买盘
739,14:19:15,7.15,--,10,7150,买盘
740,14:19:12,7.15,0.01,10,7150,买盘
741,14:19:09,7.14,--,55,39270,卖盘
742,14:19:06,7.14,--,177,126378,卖盘
743,14:19:03,7.14,-0.01,12,8568,卖盘
744,14:19:00,7.15,0.01,2,1430,买盘
745,14:18:57,7.14,--,2,1428,卖盘
746,14:18:54,7.14,-0.01,359,256326,卖盘
747,14:18:51,7.15,--,2086,1491490,买盘
748,14:18:48,7.15,--,8,5720,买盘
749,14:18:45,7.15,--,266,190190,买盘
750,14:18:42,7.15,0.01,1,715,买盘
751,14:18:39,7.14,-0.01,76,54264,卖盘
752,14:18:36,7.15,0.01,61,43615,买盘
753,14:18:33,7.14,-0.01,95,67830,卖盘
754,14:18:30,7.15,0.01,111,79365,买盘
755,14:18:27,7.14,-0.01,28,19992,卖盘
756,14:18:24,7.15,--,43,30745,买盘
757,14:18:21,7.15,0.01,1,715,买盘
758,14:18:18,7.14,--,12,8568,卖盘
759,14:18:15,7.14,-0.01,642,458388,卖盘
760,14:18:12,7.15,--,73,52195,买盘
761,14:18:09,7.15,0.01,19,13585,买盘
762,14:18:06,7.14,--,293,209202,卖盘
763,14:18:03,7.14,--,57,40698,卖盘
764,14:18:00,7.14,--,43,30702,卖盘
765,14:17:57,7.14,--,120,85680,卖盘
766,14:17:54,7.14,--,1044,745416,买盘
767,14:17:51,7.14,--,1,714,买盘
768,14:17:48,7.14,--,1484,1059576,买盘
769,14:17:45,7.14,--,6,4284,买盘
770,14:17:42,7.14,--,159,113526,买盘
771,14:17:39,7.14,--,38,27132,买盘
772,14:17:36,7.14,--,40,28560,买盘
773,14:17:33,7.14,--,942,672588,买盘
774,14:17:30,7.14,0.01,12,8568,买盘
775,14:17:27,7.13,-0.01,112,79856,卖盘
776,14:17:24,7.14,--,85,60690,买盘
777,14:17:21,7.14,--,50,35700,买盘
778,14:17:18,7.14,--,2,1428,买盘
779,14:17:15,7.14,0.01,1,714,买盘
780,14:17:12,7.13,-0.01,128,91264,卖盘
781,14:17:09,7.14,--,31,22134,买盘
782,14:17:06,7.14,0.01,40,28560,买盘
783,14:17:03,7.13,-0.01,2,1426,卖盘
784,14:17:00,7.14,--,41,29274,买盘
785,14:16:57,7.14,--,68,48552,买盘
786,14:16:54,7.14,--,55,39270,买盘
787,14:16:51,7.14,0.01,21,14994,买盘
788,14:16:48,7.13,-0.01,3,2139,卖盘
789,14:16:45,7.14,--,8,5712,买盘
790,14:16:42,7.14,--,98,69972,买盘
791,14:16:39,7.14,--,43,30702,买盘
792,14:16:36,7.14,0.01,102,72828,买盘
793,14:16:33,7.13,-0.01,14,9982,卖盘
794,14:16:30,7.14,--,56,39984,买盘
795,14:16:27,7.14,-0.01,125,89250,卖盘
796,14:16:24,7.15,0.01,219,156585,买盘
797,14:16:21,7.14,-0.01,724,516936,卖盘
798,14:16:18,7.15,0.01,35,25025,买盘
799,14:16:12,7.14,-0.01,68,48552,卖盘
800,14:16:09,7.15,0.01,9,6435,买盘
801,14:16:06,7.14,--,84,59976,卖盘
802,14:16:03,7.14,--,52,37128,卖盘
803,14:16:00,7.14,--,68,48552,卖盘
804,14:15:57,7.14,-0.01,8,5712,卖盘
805,14:15:54,7.15,0.01,2,1430,买盘
806,14:15:51,7.14,--,170,121380,卖盘
807,14:15:48,7.14,0.01,906,646884,买盘
808,14:15:45,7.13,--,32,22816,卖盘
809,14:15:42,7.13,-0.01,247,176111,卖盘
810,14:15:39,7.14,--,43,30702,买盘
811,14:15:36,7.14,--,86,61404,买盘
812,14:15:33,7.14,0.01,815,581910,买盘
813,14:15:30,7.13,-0.01,45,32085,卖盘
814,14:15:27,7.14,--,135,96390,买盘
815,14:15:24,7.14,--,24,17136,买盘
816,14:15:21,7.14,-0.01,2646,1889244,卖盘
817,14:15:18,7.15,--,160,114400,买盘
818,14:15:15,7.15,--,9,6435,买盘
819,14:15:12,7.15,--,129,92235,买盘
820,14:15:09,7.15,0.01,39,27885,买盘
821,14:15:06,7.14,-0.01,326,232764,卖盘
822,14:15:03,7.15,0.01,841,601315,买盘
823,14:15:00,7.14,-0.01,220,157080,卖盘
824,14:14:57,7.15,0.01,32,22880,买盘
825,14:14:54,7.14,--,20,14280,卖盘
826,14:14:51,7.14,-0.01,137,97818,卖盘
827,14:14:48,7.15,0.01,1595,1140425,买盘
828,14:14:45,7.14,-0.01,49,34986,卖盘
829,14:14:42,7.15,0.01,3,2145,买盘
830,14:14:39,7.14,-0.01,22,15708,卖盘
831,14:14:36,7.15,0.01,75,53625,买盘
832,14:14:33,7.14,-0.01,129,92106,卖盘
833,14:14:30,7.15,--,907,648505,买盘
834,14:14:27,7.15,--,162,115830,买盘
835,14:14:24,7.15,--,44,31460,买盘
836,14:14:21,7.15,--,21,15015,买盘
837,14:14:18,7.15,--,1,715,买盘
838,14:14:15,7.15,0.01,26,18590,买盘
839,14:14:12,7.14,-0.01,21,14994,卖盘
840,14:14:09,7.15,0.01,47,33605,买盘
841,14:14:06,7.14,--,208,148512,卖盘
842,14:14:03,7.14,-0.01,34,24276,卖盘
843,14:14:00,7.15,--,10,7150,买盘
844,14:13:57,7.15,--,122,87230,买盘
845,14:13:54,7.15,0.01,23,16445,买盘
846,14:13:51,7.14,--,20,14280,卖盘
847,14:13:48,7.14,--,563,401982,卖盘
848,14:13:45,7.14,--,2303,1644342,卖盘
849,14:13:42,7.14,--,20,14280,卖盘
850,14:13:39,7.14,-0.01,2359,1684326,卖盘
851,14:13:36,7.15,0.01,3307,2364505,买盘
852,14:13:33,7.14,--,1614,1152396,买盘
853,14:13:30,7.14,--,2024,1445136,买盘
854,14:13:27,7.14,0.01,2531,1807134,买盘
855,14:13:24,7.13,-0.01,2033,1449529,卖盘
856,14:13:21,7.14,0.01,2181,1557234,买盘
857,14:13:18,7.13,-0.01,336,239568,卖盘
858,14:13:15,7.14,--,27,19278,买盘
859,14:13:12,7.14,--,87,62118,买盘
860,14:13:09,7.14,--,562,401268,买盘
861,14:13:06,7.14,--,1245,888930,买盘
862,14:13:03,7.14,0.01,488,348574,买盘
863,14:13:00,7.13,--,78,55614,买盘
864,14:12:57,7.13,--,342,243846,买盘
865,14:12:54,7.13,--,1119,797847,买盘
866,14:12:51,7.13,--,2,1426,买盘
867,14:12:48,7.13,--,64,45632,买盘
868,14:12:45,7.13,0.01,123,87699,买盘
869,14:12:42,7.12,-0.01,69,49128,卖盘
870,14:12:39,7.13,--,14,9982,买盘
871,14:12:36,7.13,--,65,46345,买盘
872,14:12:33,7.13,--,72,51336,买盘
873,14:12:30,7.13,--,23,16399,买盘
874,14:12:27,7.13,--,48,34224,买盘
875,14:12:24,7.13,--,9,6417,买盘
876,14:12:21,7.13,0.01,18,12834,买盘
877,14:12:18,7.12,--,112,79744,卖盘
878,14:12:15,7.12,-0.01,323,229976,卖盘
879,14:12:12,7.13,0.01,15,10695,买盘
880,14:12:09,7.12,--,13,9256,卖盘
881,14:12:06,7.12,--,39,27768,卖盘
882,14:12:03,7.12,-0.01,502,357424,卖盘
883,14:12:00,7.13,--,107,76291,买盘
884,14:11:57,7.13,--,61,43493,买盘
885,14:11:51,7.13,--,501,357213,买盘
886,14:11:48,7.13,0.01,51,36363,买盘
887,14:11:45,7.12,-0.02,406,289072,卖盘
888,14:11:42,7.14,0.01,98,69972,买盘
889,14:11:39,7.13,-0.01,208,148304,卖盘
890,14:11:36,7.14,--,11,7854,买盘
891,14:11:33,7.14,0.01,11,7854,买盘
892,14:11:30,7.13,-0.01,344,245272,卖盘
893,14:11:27,7.14,--,99,70686,买盘
894,14:11:24,7.14,--,7,4998,买盘
895,14:11:21,7.14,0.01,596,425544,买盘
896,14:11:18,7.13,-0.01,1096,781448,卖盘
897,14:11:15,7.14,0.01,339,242046,买盘
898,14:11:12,7.13,-0.01,230,163990,卖盘
899,14:11:09,7.14,--,227,162078,买盘
900,14:11:06,7.14,0.01,110,78540,买盘
901,14:11:03,7.13,-0.01,2,1426,卖盘
902,14:11:00,7.14,0.01,237,169218,买盘
903,14:10:57,7.13,--,54,38502,卖盘
904,14:10:54,7.13,--,4,2852,卖盘
905,14:10:51,7.13,--,217,154721,卖盘
906,14:10:48,7.13,--,236,168268,卖盘
907,14:10:45,7.13,-0.01,18,12834,卖盘
908,14:10:42,7.14,0.01,1,714,买盘
909,14:10:39,7.13,-0.01,515,367195,卖盘
910,14:10:36,7.14,--,75,53550,买盘
911,14:10:33,7.14,0.01,80,57120,买盘
912,14:10:30,7.13,--,186,132618,卖盘
913,14:10:27,7.13,--,243,173259,卖盘
914,14:10:24,7.13,--,455,324415,卖盘
915,14:10:21,7.13,--,1416,1009608,买盘
916,14:10:18,7.13,--,576,410688,买盘
917,14:10:15,7.13,--,49,34937,买盘
918,14:10:12,7.13,0.01,352,250976,买盘
919,14:10:09,7.12,--,1060,754720,卖盘
920,14:10:06,7.12,-0.01,71,50552,卖盘
921,14:10:03,7.13,--,95,67735,买盘
922,14:10:00,7.13,0.01,480,342240,买盘
923,14:09:57,7.12,--,1633,1162696,卖盘
924,14:09:54,7.12,--,17,12104,卖盘
925,14:09:51,7.12,-0.01,61,43432,卖盘
926,14:09:48,7.13,0.01,162,115506,买盘
927,14:09:45,7.12,--,525,373800,卖盘
928,14:09:42,7.12,-0.01,74,52688,卖盘
929,14:09:39,7.13,--,3,2139,买盘
930,14:09:36,7.13,0.01,19,13547,买盘
931,14:09:33,7.12,-0.01,70,49840,卖盘
932,14:09:30,7.13,0.01,43,30659,买盘
933,14:09:27,7.12,--,20,14240,卖盘
934,14:09:24,7.12,--,61,43432,卖盘
935,14:09:21,7.12,-0.01,84,59808,卖盘
936,14:09:18,7.13,--,135,96255,买盘
937,14:09:15,7.13,--,106,75578,买盘
938,14:09:12,7.13,--,132,94116,买盘
939,14:09:09,7.13,0.01,110,78430,买盘
940,14:09:06,7.12,-0.01,159,113208,卖盘
941,14:09:03,7.13,--,118,84134,买盘
942,14:09:00,7.13,--,16,11408,买盘
943,14:08:57,7.13,0.01,55,39215,买盘
944,14:08:54,7.12,-0.01,41,29192,卖盘
945,14:08:51,7.13,--,158,112654,买盘
946,14:08:48,7.13,--,49,34937,买盘
947,14:08:45,7.13,--,33,23529,买盘
948,14:08:42,7.13,--,17,12121,买盘
949,14:08:39,7.13,--,160,114080,买盘
950,14:08:36,7.13,0.01,19,13547,买盘
951,14:08:33,7.12,-0.01,147,104664,卖盘
952,14:08:30,7.13,--,28,19964,买盘
953,14:08:27,7.13,--,2,1426,买盘
954,14:08:24,7.13,--,35,24955,买盘
955,14:08:21,7.13,--,39,27807,买盘
956,14:08:18,7.13,--,23,16399,买盘
957,14:08:15,7.13,--,40,28520,买盘
958,14:08:12,7.13,--,35,24955,买盘
959,14:08:09,7.13,0.01,68,48484,买盘
960,14:08:06,7.12,-0.01,38,27056,卖盘
961,14:08:03,7.13,--,8,5704,买盘
962,14:08:00,7.13,--,4,2852,买盘
963,14:07:57,7.13,--,11,7843,买盘
964,14:07:54,7.13,--,20,14260,买盘
965,14:07:51,7.13,--,11,7843,买盘
966,14:07:48,7.13,--,357,255111,卖盘
967,14:07:45,7.13,--,75,53475,卖盘
968,14:07:42,7.13,-0.01,224,159712,卖盘
969,14:07:39,7.14,--,357,254898,买盘
970,14:07:36,7.14,--,13,9282,买盘
971,14:07:33,7.14,0.01,24,17136,买盘
972,14:07:30,7.13,--,104,74152,卖盘
973,14:07:27,7.13,--,396,282348,卖盘
974,14:07:24,7.13,-0.01,117,83421,卖盘
975,14:07:21,7.14,0.01,12,8568,买盘
976,14:07:18,7.13,--,243,173401,卖盘
977,14:07:15,7.13,--,675,481275,买盘
978,14:07:12,7.13,0.01,145,103385,买盘
979,14:07:09,7.12,-0.01,12,8544,卖盘
980,14:07:06,7.13,--,198,141174,买盘
981,14:07:03,7.13,0.01,49,34937,买盘
982,14:07:00,7.12,-0.01,60,42720,卖盘
983,14:06:57,7.13,-0.01,704,501952,卖盘
984,14:06:54,7.14,--,111,79254,买盘
985,14:06:51,7.14,--,124,88536,买盘
986,14:06:48,7.14,--,194,138516,买盘
987,14:06:45,7.14,--,8,5712,买盘
988,14:06:42,7.14,0.01,1,714,买盘
989,14:06:39,7.13,-0.01,245,174685,卖盘
990,14:06:36,7.14,0.01,445,317730,买盘
991,14:06:33,7.13,--,6,4278,卖盘
992,14:06:30,7.13,--,117,83421,卖盘
993,14:06:27,7.13,-0.01,216,154008,卖盘
994,14:06:24,7.14,--,15,10710,买盘
995,14:06:18,7.14,--,252,179928,买盘
996,14:06:15,7.14,--,28,19992,买盘
997,14:06:12,7.14,--,33,23562,买盘
998,14:06:09,7.14,0.01,234,167076,买盘
999,14:06:06,7.13,-0.01,328,233864,卖盘
1000,14:06:03,7.14,0.01,2,1428,买盘
1001,14:06:00,7.13,--,14,9982,卖盘
1002,14:05:57,7.13,--,515,367195,卖盘
1003,14:05:54,7.13,-0.01,1119,797847,卖盘
1004,14:05:51,7.14,0.01,13,9282,买盘
1005,14:05:48,7.13,--,425,303025,卖盘
1006,14:05:45,7.13,-0.01,80,57040,卖盘
1007,14:05:42,7.14,0.01,7,4998,买盘
1008,14:05:39,7.13,--,307,218891,卖盘
1009,14:05:36,7.13,--,62,44206,买盘
1010,14:05:33,7.13,--,510,363630,买盘
1011,14:05:30,7.13,--,507,361491,卖盘
1012,14:05:27,7.13,--,237,168981,卖盘
1013,14:05:24,7.13,--,278,198214,买盘
1014,14:05:21,7.13,--,402,286626,买盘
1015,14:05:18,7.13,--,1096,781448,买盘
1016,14:05:15,7.13,--,1018,725834,买盘
1017,14:05:12,7.13,0.01,3099,2209587,买盘
1018,14:05:09,7.12,--,119,84728,卖盘
1019,14:05:06,7.12,-0.01,118,84016,卖盘
1020,14:05:03,7.13,--,30,21390,买盘
1021,14:05:00,7.13,--,84,59892,买盘
1022,14:04:57,7.13,0.01,300,213900,买盘
1023,14:04:54,7.12,-0.01,120,85440,卖盘
1024,14:04:51,7.13,--,174,124062,买盘
1025,14:04:48,7.13,0.01,30,21390,买盘
1026,14:04:45,7.12,-0.01,33,23496,卖盘
1027,14:04:42,7.13,--,17,12121,买盘
1028,14:04:39,7.13,--,60,42780,买盘
1029,14:04:36,7.13,--,30,21390,买盘
1030,14:04:33,7.13,--,8,5704,买盘
1031,14:04:30,7.13,0.01,27,19251,买盘
1032,14:04:27,7.12,-0.01,12,8544,卖盘
1033,14:04:24,7.13,--,1,713,买盘
1034,14:04:21,7.13,--,6,4278,买盘
1035,14:04:18,7.13,--,71,50623,买盘
1036,14:04:15,7.13,--,233,166129,买盘
1037,14:04:12,7.13,--,52,37076,买盘
1038,14:04:09,7.13,0.01,182,129766,买盘
1039,14:04:06,7.12,-0.01,44,31328,卖盘
1040,14:04:03,7.13,--,8,5704,买盘
1041,14:04:00,7.13,--,2,1426,买盘
1042,14:03:57,7.13,0.01,9,6417,买盘
1043,14:03:54,7.12,-0.01,192,136704,卖盘
1044,14:03:51,7.13,--,142,101246,买盘
1045,14:03:48,7.13,--,62,44206,买盘
1046,14:03:45,7.13,--,21,14973,买盘
1047,14:03:39,7.13,--,154,109802,买盘
1048,14:03:36,7.13,--,1,713,买盘
1049,14:03:33,7.13,--,1,713,买盘
1050,14:03:30,7.13,--,79,56327,买盘
1051,14:03:27,7.13,0.01,1,713,买盘
1052,14:03:24,7.12,-0.01,12,8544,卖盘
1053,14:03:21,7.13,0.01,66,47058,买盘
1054,14:03:18,7.12,-0.01,24,17088,卖盘
1055,14:03:15,7.13,--,80,57040,买盘
1056,14:03:12,7.13,--,1,713,买盘
1057,14:03:09,7.13,--,3,2139,买盘
1058,14:03:06,7.13,--,256,182528,买盘
1059,14:03:03,7.13,--,60,42780,买盘
1060,14:03:00,7.13,0.01,107,76291,买盘
1061,14:02:57,7.12,-0.01,1100,783200,卖盘
1062,14:02:54,7.13,--,60,42780,买盘
1063,14:02:51,7.13,--,1,713,买盘
1064,14:02:48,7.13,--,51,36363,买盘
1065,14:02:45,7.13,--,198,141174,买盘
1066,14:02:42,7.13,--,47,33511,买盘
1067,14:02:39,7.13,--,98,69874,买盘
1068,14:02:36,7.13,--,62,44206,买盘
1069,14:02:33,7.13,--,604,430652,买盘
1070,14:02:30,7.13,--,74,52762,买盘
1071,14:02:27,7.13,--,301,214613,买盘
1072,14:02:21,7.13,--,1,713,买盘
1073,14:02:18,7.13,--,104,74152,买盘
1074,14:02:15,7.13,0.01,956,681628,买盘
1075,14:02:12,7.12,--,186,132432,卖盘
1076,14:02:09,7.12,-0.01,9,6408,卖盘
1077,14:02:06,7.13,--,249,177537,买盘
1078,14:02:03,7.13,--,124,88412,买盘
1079,14:02:00,7.13,--,9,6417,买盘
1080,14:01:57,7.13,--,36,25668,买盘
1081,14:01:54,7.13,--,20,14260,买盘
1082,14:01:48,7.13,--,373,265949,买盘
1083,14:01:45,7.13,--,92,65596,买盘
1084,14:01:42,7.13,--,62,44206,买盘
1085,14:01:39,7.13,--,31,22103,买盘
1086,14:01:36,7.13,--,11,7843,买盘
1087,14:01:33,7.13,--,301,214613,买盘
1088,14:01:30,7.13,0.01,103,73439,买盘
1089,14:01:27,7.12,-0.01,20,14240,卖盘
1090,14:01:21,7.13,--,1120,798560,买盘
1091,14:01:18,7.13,--,586,417818,买盘
1092,14:01:15,7.13,--,43,30659,买盘
1093,14:01:12,7.13,--,16,11408,买盘
1094,14:01:09,7.13,0.01,10,7130,买盘
1095,14:01:06,7.12,-0.01,56,39872,卖盘
1096,14:01:03,7.13,0.01,55,39215,买盘
1097,14:01:00,7.12,-0.01,53,37736,卖盘
1098,14:00:57,7.13,--,165,117645,买盘
1099,14:00:54,7.13,--,297,211761,买盘
1100,14:00:51,7.13,--,214,152582,买盘
1101,14:00:48,7.13,--,33,23529,买盘
1102,14:00:45,7.13,--,48,34224,买盘
1103,14:00:42,7.13,--,84,59892,买盘
1104,14:00:39,7.13,--,37,26381,买盘
1105,14:00:36,7.13,--,29,20677,买盘
1106,14:00:33,7.13,0.01,35,24955,买盘
1107,14:00:30,7.12,-0.01,8,5696,卖盘
1108,14:00:27,7.13,0.01,21,14973,买盘
1109,14:00:24,7.12,-0.01,28,19936,卖盘
1110,14:00:21,7.13,0.01,75,53475,买盘
1111,14:00:18,7.12,-0.01,207,147384,卖盘
1112,14:00:15,7.13,0.01,31,22103,买盘
1113,14:00:12,7.12,-0.01,51,36312,卖盘
1114,14:00:09,7.13,0.01,189,134757,买盘
1115,14:00:06,7.12,-0.01,62,44144,卖盘
1116,14:00:03,7.13,--,682,486266,买盘
1117,14:00:00,7.13,--,617,439921,买盘
1118,13:59:57,7.13,0.01,28,19964,买盘
1119,13:59:54,7.12,--,757,538984,卖盘
1120,13:59:51,7.12,-0.01,58,41296,卖盘
1121,13:59:48,7.13,--,62,44206,买盘
1122,13:59:45,7.13,--,77,54901,买盘
1123,13:59:42,7.13,0.01,329,234577,买盘
1124,13:59:39,7.12,-0.01,41,29192,卖盘
1125,13:59:36,7.13,0.01,31,22103,买盘
1126,13:59:33,7.12,-0.01,22,15664,卖盘
1127,13:59:30,7.13,--,3053,2176789,买盘
1128,13:59:27,7.13,--,25,17825,买盘
1129,13:59:24,7.13,--,6,4278,买盘
1130,13:59:21,7.13,--,9,6417,买盘
1131,13:59:18,7.13,--,58,41354,买盘
1132,13:59:15,7.13,--,73,52049,买盘
1133,13:59:12,7.13,--,114,81282,买盘
1134,13:59:09,7.13,0.01,132,94116,买盘
1135,13:59:06,7.12,-0.01,73,51976,卖盘
1136,13:59:03,7.13,--,65,46345,买盘
1137,13:59:00,7.13,0.01,64,45632,买盘
1138,13:58:57,7.12,--,17,12104,卖盘
1139,13:58:54,7.12,-0.01,77,54824,卖盘
1140,13:58:51,7.13,0.01,84,59892,买盘
1141,13:58:48,7.12,--,66,46992,卖盘
1142,13:58:45,7.12,-0.01,102,72624,卖盘
1143,13:58:42,7.13,--,17,12121,买盘
1144,13:58:39,7.13,0.01,33,23529,买盘
1145,13:58:36,7.12,-0.01,256,182272,卖盘
1146,13:58:33,7.13,--,16,11408,买盘
1147,13:58:30,7.13,0.01,36,25668,买盘
1148,13:58:27,7.12,-0.01,133,94696,卖盘
1149,13:58:24,7.13,0.01,66,47058,买盘
1150,13:58:21,7.12,-0.01,54,38448,卖盘
1151,13:58:18,7.13,--,11,7843,买盘
1152,13:58:15,7.13,--,207,147591,买盘
1153,13:58:12,7.13,--,50,35650,买盘
1154,13:58:09,7.13,0.01,116,82708,买盘
1155,13:58:06,7.12,-0.01,92,65504,卖盘
1156,13:58:03,7.13,--,303,216039,买盘
1157,13:58:00,7.13,--,210,149730,买盘
1158,13:57:57,7.13,--,22,15686,买盘
1159,13:57:54,7.13,--,124,88412,买盘
1160,13:57:51,7.13,--,11,7843,买盘
1161,13:57:48,7.13,0.01,870,620310,买盘
1162,13:57:45,7.12,--,2523,1796376,买盘
1163,13:57:42,7.12,--,2203,1568536,买盘
1164,13:57:36,7.12,--,2001,1424712,买盘
1165,13:57:33,7.12,--,1006,716272,买盘
1166,13:57:30,7.12,--,147,104664,买盘
1167,13:57:27,7.12,0.01,19,13528,买盘
1168,13:57:24,7.11,-0.01,1,711,卖盘
1169,13:57:21,7.12,--,1001,712712,买盘
1170,13:57:18,7.12,0.01,88,62656,买盘
1171,13:57:15,7.11,-0.01,144,102384,卖盘
1172,13:57:12,7.12,0.01,1,712,买盘
1173,13:57:09,7.11,-0.01,21,14931,卖盘
1174,13:57:06,7.12,--,585,416520,买盘
1175,13:57:03,7.12,--,15,10680,买盘
1176,13:56:57,7.12,--,2,1424,买盘
1177,13:56:54,7.12,--,7,4984,买盘
1178,13:56:51,7.12,--,29,20648,买盘
1179,13:56:48,7.12,--,85,60520,买盘
1180,13:56:45,7.12,--,40,28480,买盘
1181,13:56:42,7.12,0.01,103,73336,买盘
1182,13:56:39,7.11,-0.01,140,99540,卖盘
1183,13:56:36,7.12,0.01,82,58384,买盘
1184,13:56:33,7.11,--,18,12798,卖盘
1185,13:56:27,7.11,--,153,108783,卖盘
1186,13:56:24,7.11,--,565,402283,买盘
1187,13:56:21,7.11,--,725,515475,买盘
1188,13:56:18,7.11,--,26,18486,买盘
1189,13:56:15,7.11,--,34,24174,买盘
1190,13:56:12,7.11,--,46,32706,买盘
1191,13:56:09,7.11,--,20,14220,买盘
1192,13:56:06,7.11,0.01,144,102384,买盘
1193,13:56:03,7.1,-0.01,10,7100,卖盘
1194,13:56:00,7.11,0.01,40,28440,买盘
1195,13:55:57,7.1,--,17,12070,卖盘
1196,13:55:54,7.1,-0.01,21,14910,卖盘
1197,13:55:51,7.11,0.01,10,7110,买盘
1198,13:55:48,7.1,-0.01,2,1420,卖盘
1199,13:55:45,7.11,--,6,4266,买盘
1200,13:55:42,7.11,0.01,1,711,买盘
1201,13:55:39,7.1,-0.01,17,12070,卖盘
1202,13:55:36,7.11,--,4,2844,买盘
1203,13:55:33,7.11,--,51,36261,买盘
1204,13:55:27,7.11,--,303,215433,买盘
1205,13:55:24,7.11,--,172,122292,买盘
1206,13:55:21,7.11,0.01,313,222543,买盘
1207,13:55:18,7.1,-0.01,11,7810,卖盘
1208,13:55:15,7.11,--,26,18486,买盘
1209,13:55:12,7.11,0.01,943,670473,买盘
1210,13:55:09,7.1,-0.01,104,73840,卖盘
1211,13:55:06,7.11,--,44,31284,买盘
1212,13:55:03,7.11,0.01,35,24885,买盘
1213,13:54:57,7.1,--,146,103880,买盘
1214,13:54:54,7.1,--,7,4970,买盘
1215,13:54:51,7.1,--,16,11360,买盘
1216,13:54:48,7.1,--,11,7810,买盘
1217,13:54:45,7.1,-0.01,83,59419,卖盘
1218,13:54:42,7.11,0.01,15,10665,买盘
1219,13:54:39,7.1,-0.01,222,157620,卖盘
1220,13:54:36,7.11,0.01,1,711,买盘
1221,13:54:30,7.1,--,23,16550,买盘
1222,13:54:27,7.1,--,239,169690,买盘
1223,13:54:24,7.1,--,370,262700,买盘
1224,13:54:21,7.1,--,43,30530,买盘
1225,13:54:18,7.1,--,1,710,买盘
1226,13:54:15,7.1,--,29,20590,买盘
1227,13:54:12,7.1,--,30,21300,买盘
1228,13:54:09,7.1,--,182,129220,买盘
1229,13:54:06,7.1,0.01,65,46150,买盘
1230,13:54:03,7.09,-0.01,84,59556,卖盘
1231,13:54:00,7.1,0.01,121,85910,买盘
1232,13:53:57,7.09,-0.01,21,14889,卖盘
1233,13:53:54,7.1,--,17,12070,买盘
1234,13:53:51,7.1,--,51,36210,买盘
1235,13:53:48,7.1,--,58,41180,买盘
1236,13:53:45,7.1,--,166,117860,买盘
1237,13:53:42,7.1,--,86,61060,买盘
1238,13:53:39,7.1,--,22,15620,买盘
1239,13:53:36,7.1,0.01,1,710,买盘
1240,13:53:33,7.09,-0.01,19,13471,卖盘
1241,13:53:30,7.1,0.01,50,35500,买盘
1242,13:53:27,7.09,-0.01,215,152435,卖盘
1243,13:53:24,7.1,--,12,8520,买盘
1244,13:53:21,7.1,--,1,710,买盘
1245,13:53:18,7.1,--,15,10650,买盘
1246,13:53:15,7.1,--,23,16330,买盘
1247,13:53:12,7.1,--,52,36920,买盘
1248,13:53:09,7.1,--,4,2840,买盘
1249,13:53:06,7.1,--,29,20590,买盘
1250,13:53:03,7.1,0.01,25,17750,买盘
1251,13:53:00,7.09,--,38,26942,卖盘
1252,13:52:57,7.09,--,97,68773,卖盘
1253,13:52:54,7.09,--,40,28360,卖盘
1254,13:52:51,7.09,-0.01,5,3545,卖盘
1255,13:52:48,7.1,--,6,4260,买盘
1256,13:52:45,7.1,--,14,9940,买盘
1257,13:52:42,7.1,--,146,103660,买盘
1258,13:52:39,7.1,--,30,21300,买盘
1259,13:52:36,7.1,--,2,1420,买盘
1260,13:52:33,7.1,0.01,51,36210,买盘
1261,13:52:30,7.09,-0.01,10,7090,卖盘
1262,13:52:27,7.1,0.01,86,61060,买盘
1263,13:52:24,7.09,-0.01,4,2836,卖盘
1264,13:52:21,7.1,--,377,267670,买盘
1265,13:52:18,7.1,--,147,104370,买盘
1266,13:52:15,7.1,--,6,4260,买盘
1267,13:52:12,7.1,--,1,710,买盘
1268,13:52:09,7.1,0.01,3,2130,买盘
1269,13:52:06,7.09,--,135,95715,卖盘
1270,13:52:00,7.09,-0.01,18,12762,卖盘
1271,13:51:54,7.1,0.01,104,73840,买盘
1272,13:51:48,7.09,-0.01,25,17725,卖盘
1273,13:51:45,7.1,--,114,80940,买盘
1274,13:51:42,7.1,0.01,20,14200,买盘
1275,13:51:39,7.09,-0.01,377,267293,卖盘
1276,13:51:36,7.1,--,2211,1569810,买盘
1277,13:51:33,7.1,--,4,2840,买盘
1278,13:51:30,7.1,--,8,5680,买盘
1279,13:51:24,7.1,--,218,154780,买盘
1280,13:51:21,7.1,0.01,51,36210,买盘
1281,13:51:18,7.09,-0.01,375,265875,卖盘
1282,13:51:15,7.1,0.01,31,22010,买盘
1283,13:51:12,7.09,-0.01,20,14180,卖盘
1284,13:51:09,7.1,--,4,2840,买盘
1285,13:51:06,7.1,--,50,35500,买盘
1286,13:51:03,7.1,--,37,26270,买盘
1287,13:51:00,7.1,--,19,13490,买盘
1288,13:50:57,7.1,--,72,51120,买盘
1289,13:50:54,7.1,0.01,177,125670,买盘
1290,13:50:51,7.09,-0.01,97,68773,卖盘
1291,13:50:48,7.1,--,51,36210,买盘
1292,13:50:45,7.1,--,229,162590,买盘
1293,13:50:42,7.1,--,11,7810,买盘
1294,13:50:39,7.1,--,3,2130,买盘
1295,13:50:36,7.1,--,5,3550,买盘
1296,13:50:33,7.1,--,221,156910,买盘
1297,13:50:30,7.1,--,4,2840,买盘
1298,13:50:27,7.1,--,31,22010,买盘
1299,13:50:21,7.1,--,29,20590,买盘
1300,13:50:18,7.1,0.01,12,8520,买盘
1301,13:50:15,7.09,-0.01,29,20561,卖盘
1302,13:50:12,7.1,--,34,24140,买盘
1303,13:50:09,7.1,--,22,15620,买盘
1304,13:50:06,7.1,0.01,40,28400,买盘
1305,13:50:03,7.09,-0.01,40,28360,卖盘
1306,13:50:00,7.1,--,90,63900,买盘
1307,13:49:51,7.1,--,53,37630,买盘
1308,13:49:48,7.1,--,46,32660,买盘
1309,13:49:45,7.1,--,13,9230,买盘
1310,13:49:42,7.1,--,21,14910,买盘
1311,13:49:39,7.1,--,39,27690,买盘
1312,13:49:36,7.1,0.01,13,9230,买盘
1313,13:49:33,7.09,-0.01,40,28360,卖盘
1314,13:49:30,7.1,--,33,23430,买盘
1315,13:49:27,7.1,--,51,36210,买盘
1316,13:49:24,7.1,--,114,80940,买盘
1317,13:49:21,7.1,--,1,710,买盘
1318,13:49:18,7.1,--,31,22010,买盘
1319,13:49:15,7.1,--,160,113600,买盘
1320,13:49:12,7.1,--,3,2130,买盘
1321,13:49:09,7.1,--,138,97980,买盘
1322,13:49:06,7.1,--,110,78100,买盘
1323,13:49:03,7.1,--,2281,1619510,买盘
1324,13:49:00,7.1,--,2,1420,买盘
1325,13:48:57,7.1,--,21,14910,买盘
1326,13:48:54,7.1,--,164,116440,买盘
1327,13:48:51,7.1,0.01,141,100110,买盘
1328,13:48:48,7.09,--,88,62392,卖盘
1329,13:48:45,7.09,-0.01,40,28360,卖盘
1330,13:48:42,7.1,--,1,710,买盘
1331,13:48:36,7.1,--,114,80940,买盘
1332,13:48:33,7.1,--,1,710,买盘
1333,13:48:30,7.1,0.01,32,22720,买盘
1334,13:48:27,7.09,-0.01,312,221208,卖盘
1335,13:48:24,7.1,--,2,1420,买盘
1336,13:48:21,7.1,0.01,689,489190,买盘
1337,13:48:18,7.09,-0.01,69,48921,卖盘
1338,13:48:15,7.1,--,50,35500,买盘
1339,13:48:12,7.1,--,1,710,买盘
1340,13:48:09,7.1,--,268,190280,买盘
1341,13:48:06,7.1,0.01,42,29820,买盘
1342,13:48:00,7.09,-0.01,35,24815,卖盘
1343,13:47:57,7.1,--,75,53250,买盘
1344,13:47:54,7.1,0.01,30,21300,买盘
1345,13:47:51,7.09,--,57,40413,卖盘
1346,13:47:48,7.09,--,145,102805,卖盘
1347,13:47:45,7.09,--,30,21270,卖盘
1348,13:47:42,7.09,--,83,58847,卖盘
1349,13:47:39,7.09,-0.01,70,49630,卖盘
1350,13:47:36,7.1,--,23,16330,买盘
1351,13:47:33,7.1,0.01,75,53250,买盘
1352,13:47:30,7.09,--,117,82953,卖盘
1353,13:47:27,7.09,-0.01,21,14889,卖盘
1354,13:47:24,7.1,0.01,41,29110,买盘
1355,13:47:21,7.09,-0.01,1019,722471,卖盘
1356,13:47:18,7.1,0.01,167,118570,买盘
1357,13:47:15,7.09,--,56,39704,卖盘
1358,13:47:12,7.09,--,101,71609,卖盘
1359,13:47:09,7.09,-0.01,14,9926,卖盘
1360,13:47:06,7.1,0.01,61,43310,买盘
1361,13:47:03,7.09,-0.01,50,35450,卖盘
1362,13:47:00,7.1,--,32,22720,买盘
1363,13:46:57,7.1,0.01,34,24140,买盘
1364,13:46:54,7.09,-0.01,13,9217,卖盘
1365,13:46:51,7.1,0.01,15,10650,买盘
1366,13:46:48,7.09,-0.01,28,19852,卖盘
1367,13:46:45,7.1,--,8,5680,买盘
1368,13:46:42,7.1,0.01,3,2130,买盘
1369,13:46:39,7.09,-0.01,37,26233,卖盘
1370,13:46:36,7.1,0.01,51,36210,买盘
1371,13:46:33,7.09,-0.01,30,21270,卖盘
1372,13:46:30,7.1,--,215,152650,买盘
1373,13:46:27,7.1,--,49,34790,买盘
1374,13:46:24,7.1,--,391,277610,买盘
1375,13:46:21,7.1,--,96,68160,买盘
1376,13:46:18,7.1,--,3,2130,买盘
1377,13:46:15,7.1,0.01,166,117860,买盘
1378,13:46:12,7.09,--,1003,711127,卖盘
1379,13:46:09,7.09,-0.01,72,51048,卖盘
1380,13:46:06,7.1,0.01,194,137740,买盘
1381,13:46:03,7.09,-0.01,6,4254,卖盘
1382,13:46:00,7.1,0.01,162,115020,买盘
1383,13:45:57,7.09,--,21,14889,卖盘
1384,13:45:54,7.09,--,149,105641,卖盘
1385,13:45:51,7.09,--,10,7090,卖盘
1386,13:45:48,7.09,--,25,17725,卖盘
1387,13:45:45,7.09,--,7,4963,卖盘
1388,13:45:42,7.09,-0.01,21,14889,卖盘
1389,13:45:36,7.1,0.01,55,39050,买盘
1390,13:45:33,7.09,-0.01,283,200647,卖盘
1391,13:45:30,7.1,--,110,78100,买盘
1392,13:45:27,7.1,--,214,151940,买盘
1393,13:45:21,7.1,0.01,303,215130,买盘
1394,13:45:18,7.09,-0.01,23,16307,卖盘
1395,13:45:15,7.1,--,51,36210,买盘
1396,13:45:12,7.1,--,1,710,买盘
1397,13:45:09,7.1,--,6,4260,买盘
1398,13:45:06,7.1,0.01,307,217970,买盘
1399,13:45:03,7.09,-0.01,202,143218,卖盘
1400,13:45:00,7.1,--,576,408960,买盘
1401,13:44:57,7.1,--,31,22010,买盘
1402,13:44:54,7.1,--,19,13490,买盘
1403,13:44:51,7.1,0.01,30,21300,买盘
1404,13:44:48,7.09,-0.01,21,14889,卖盘
1405,13:44:45,7.1,--,122,86620,买盘
1406,13:44:42,7.1,--,128,90880,买盘
1407,13:44:39,7.1,0.01,4,2840,买盘
1408,13:44:36,7.09,--,30,21270,卖盘
1409,13:44:33,7.09,-0.01,124,87916,卖盘
1410,13:44:30,7.1,--,61,43310,买盘
1411,13:44:27,7.1,0.01,1,710,买盘
1412,13:44:24,7.09,-0.01,74,52466,卖盘
1413,13:44:21,7.1,0.01,46,32660,买盘
1414,13:44:18,7.09,-0.01,153,108477,卖盘
1415,13:44:15,7.1,--,96,68160,买盘
1416,13:44:12,7.1,--,8,5680,买盘
1417,13:44:09,7.1,0.01,27,19170,买盘
1418,13:44:06,7.09,--,502,355918,卖盘
1419,13:44:03,7.09,-0.01,101,71609,卖盘
1420,13:44:00,7.1,0.01,273,193830,买盘
1421,13:43:54,7.09,-0.01,160,113440,卖盘
1422,13:43:51,7.1,--,1,710,买盘
1423,13:43:48,7.1,--,21,14910,买盘
1424,13:43:45,7.1,--,6,4260,买盘
1425,13:43:42,7.1,--,101,71710,买盘
1426,13:43:39,7.1,--,3,2130,买盘
1427,13:43:36,7.1,--,65,46150,买盘
1428,13:43:33,7.1,--,31,22010,买盘
1429,13:43:30,7.1,--,85,60350,买盘
1430,13:43:27,7.1,--,1,710,买盘
1431,13:43:24,7.1,0.01,32,22720,买盘
1432,13:43:21,7.09,--,10,7090,卖盘
1433,13:43:18,7.09,-0.01,202,143218,卖盘
1434,13:43:15,7.1,0.01,1,710,买盘
1435,13:43:12,7.09,--,293,207737,卖盘
1436,13:43:09,7.09,--,86,60974,卖盘
1437,13:43:06,7.09,--,57,40413,卖盘
1438,13:43:03,7.09,-0.01,245,173705,卖盘
1439,13:43:00,7.1,--,2,1420,买盘
1440,13:42:57,7.1,0.01,2,1420,买盘
1441,13:42:51,7.09,--,527,373643,卖盘
1442,13:42:48,7.09,--,14,9926,卖盘
1443,13:42:45,7.09,-0.01,136,96424,卖盘
1444,13:42:42,7.1,0.01,1,710,买盘
1445,13:42:39,7.09,-0.01,36,25524,卖盘
1446,13:42:36,7.1,--,6,4260,买盘
1447,13:42:33,7.1,--,26,18460,买盘
1448,13:42:30,7.1,--,102,72420,买盘
1449,13:42:27,7.1,--,1,710,买盘
1450,13:42:24,7.1,--,15,10650,买盘
1451,13:42:21,7.1,--,27,19170,买盘
1452,13:42:18,7.1,0.01,433,307430,买盘
1453,13:42:15,7.09,--,17,12053,卖盘
1454,13:42:12,7.09,--,6,4254,卖盘
1455,13:42:09,7.09,-0.01,23,16307,卖盘
1456,13:42:06,7.1,--,1098,779580,买盘
1457,13:42:03,7.1,--,1,710,买盘
1458,13:42:00,7.1,0.01,6,4260,买盘
1459,13:41:57,7.09,-0.01,22,15598,卖盘
1460,13:41:54,7.1,0.01,7,4970,买盘
1461,13:41:48,7.09,-0.01,23,16307,卖盘
1462,13:41:45,7.1,--,12,8520,买盘
1463,13:41:42,7.1,0.01,78,55380,买盘
1464,13:41:39,7.09,--,17,12053,卖盘
1465,13:41:36,7.09,-0.01,24,17016,卖盘
1466,13:41:33,7.1,--,150,106500,买盘
1467,13:41:30,7.1,--,3,2130,买盘
1468,13:41:27,7.1,--,577,410159,卖盘
1469,13:41:24,7.1,--,93,66030,卖盘
1470,13:41:21,7.1,--,17,12070,卖盘
1471,13:41:18,7.1,--,110,78100,卖盘
1472,13:41:15,7.1,0.01,1376,977180,买盘
1473,13:41:12,7.09,-0.01,23,16307,卖盘
1474,13:41:09,7.1,--,51,36210,买盘
1475,13:41:06,7.1,0.01,44,31240,买盘
1476,13:41:03,7.09,-0.01,28,19852,卖盘
1477,13:41:00,7.1,--,2,1420,买盘
1478,13:40:57,7.1,0.01,22,15620,买盘
1479,13:40:54,7.09,-0.01,32,22688,卖盘
1480,13:40:51,7.1,--,114,81429,卖盘
1481,13:40:48,7.1,--,1119,794490,卖盘
1482,13:40:45,7.1,--,2017,1432070,卖盘
1483,13:40:42,7.1,--,46,32660,卖盘
1484,13:40:39,7.1,-0.01,1,710,卖盘
1485,13:40:36,7.11,0.01,268,190548,买盘
1486,13:40:33,7.1,-0.01,121,85910,卖盘
1487,13:40:30,7.11,0.01,2,1422,买盘
1488,13:40:27,7.1,-0.01,1868,1326280,卖盘
1489,13:40:24,7.11,0.01,169,120159,买盘
1490,13:40:21,7.1,-0.01,59,41890,卖盘
1491,13:40:18,7.11,--,2,1422,买盘
1492,13:40:15,7.11,--,108,76788,买盘
1493,13:40:12,7.11,--,2,1422,买盘
1494,13:40:09,7.11,--,27,19197,买盘
1495,13:40:06,7.11,--,533,378963,卖盘
1496,13:40:03,7.11,--,624,443664,买盘
1497,13:40:00,7.11,--,38,27018,买盘
1498,13:39:57,7.11,0.01,75,53325,买盘
1499,13:39:51,7.1,-0.01,292,207320,卖盘
1500,13:39:48,7.11,--,840,597240,买盘
1501,13:39:45,7.11,--,7,4977,买盘
1502,13:39:42,7.11,--,8,5688,买盘
1503,13:39:39,7.11,-0.01,205,145755,卖盘
1504,13:39:36,7.12,--,96,68352,买盘
1505,13:39:33,7.12,0.01,1,712,买盘
1506,13:39:30,7.11,-0.01,115,81765,卖盘
1507,13:39:27,7.12,0.01,1,712,买盘
1508,13:39:24,7.11,-0.01,20,14220,卖盘
1509,13:39:21,7.12,--,1,712,买盘
1510,13:39:18,7.12,0.01,24,17088,买盘
1511,13:39:15,7.11,-0.01,125,88875,卖盘
1512,13:39:12,7.12,0.01,18,12816,买盘
1513,13:39:09,7.11,--,4,2844,卖盘
1514,13:39:06,7.11,--,111,78921,卖盘
1515,13:39:03,7.11,-0.01,895,636345,卖盘
1516,13:39:00,7.12,--,4,2848,买盘
1517,13:38:57,7.12,0.01,40,28480,买盘
1518,13:38:54,7.11,-0.01,19,13509,卖盘
1519,13:38:51,7.12,--,1001,712712,买盘
1520,13:38:48,7.12,0.01,16,11392,买盘
1521,13:38:45,7.11,-0.01,209,148599,卖盘
1522,13:38:42,7.12,0.01,1,712,买盘
1523,13:38:39,7.11,-0.01,29,20619,卖盘
1524,13:38:36,7.12,0.01,41,29192,买盘
1525,13:38:33,7.11,-0.01,105,74655,卖盘
1526,13:38:27,7.12,0.01,4,2848,买盘
1527,13:38:24,7.11,--,20,14220,卖盘
1528,13:38:21,7.11,-0.01,3,2133,卖盘
1529,13:38:18,7.12,--,5,3560,买盘
1530,13:38:15,7.12,--,33,23496,买盘
1531,13:38:12,7.12,0.01,39,27768,买盘
1532,13:38:09,7.11,-0.01,154,109494,卖盘
1533,13:38:06,7.12,0.01,62,44144,买盘
1534,13:38:03,7.11,-0.01,59,41949,卖盘
1535,13:38:00,7.12,--,29,20648,买盘
1536,13:37:57,7.12,0.01,25,17800,买盘
1537,13:37:54,7.11,-0.01,536,381096,卖盘
1538,13:37:51,7.12,0.01,21,14952,买盘
1539,13:37:48,7.11,--,131,93141,卖盘
1540,13:37:42,7.11,--,51,36261,卖盘
1541,13:37:39,7.11,-0.01,59,41949,卖盘
1542,13:37:36,7.12,0.01,141,100392,买盘
1543,13:37:33,7.11,-0.01,36,25596,卖盘
1544,13:37:30,7.12,0.01,100,71200,买盘
1545,13:37:27,7.11,--,132,93852,卖盘
1546,13:37:24,7.11,-0.01,84,59724,卖盘
1547,13:37:21,7.12,0.01,48,34176,买盘
1548,13:37:18,7.11,--,113,80343,卖盘
1549,13:37:15,7.11,-0.01,111,78921,卖盘
1550,13:37:12,7.12,0.01,3,2136,买盘
1551,13:37:09,7.11,-0.01,154,109494,卖盘
1552,13:37:06,7.12,0.01,12,8544,买盘
1553,13:37:03,7.11,-0.01,59,41949,卖盘
1554,13:36:57,7.12,--,180,128160,买盘
1555,13:36:54,7.12,--,111,79032,买盘
1556,13:36:51,7.12,--,19,13528,买盘
1557,13:36:48,7.12,0.01,17,12104,买盘
1558,13:36:45,7.11,--,38,27018,卖盘
1559,13:36:42,7.11,--,21,14931,卖盘
1560,13:36:39,7.11,-0.01,10,7110,卖盘
1561,13:36:36,7.12,0.01,205,145960,买盘
1562,13:36:33,7.11,--,2857,2031327,买盘
1563,13:36:30,7.11,0.01,3,2133,买盘
1564,13:36:27,7.1,-0.01,42,29820,卖盘
1565,13:36:24,7.11,0.01,66,46926,买盘
1566,13:36:21,7.1,--,52,37260,卖盘
1567,13:36:18,7.1,--,530,376300,卖盘
1568,13:36:15,7.1,--,79,56679,买盘
1569,13:36:12,7.1,--,26,18580,卖盘
1570,13:36:09,7.1,-0.01,461,327310,卖盘
1571,13:36:06,7.11,0.01,489,347679,买盘
1572,13:36:03,7.1,-0.01,44,31240,卖盘
1573,13:36:00,7.11,0.01,6,4266,买盘
1574,13:35:57,7.1,--,292,207320,卖盘
1575,13:35:54,7.1,--,137,97270,卖盘
1576,13:35:51,7.1,-0.01,118,83780,卖盘
1577,13:35:48,7.11,0.01,42,29862,买盘
1578,13:35:45,7.1,-0.01,87,61770,卖盘
1579,13:35:42,7.11,0.01,120,85320,买盘
1580,13:35:39,7.1,-0.01,25,17750,卖盘
1581,13:35:36,7.11,0.01,32,22752,买盘
1582,13:35:33,7.1,--,167,118570,卖盘
1583,13:35:30,7.1,--,93,66030,卖盘
1584,13:35:27,7.1,--,257,182470,卖盘
1585,13:35:24,7.1,--,50,35500,卖盘
1586,13:35:21,7.1,-0.01,22,15620,卖盘
1587,13:35:18,7.11,--,179,127269,买盘
1588,13:35:15,7.11,0.01,312,221832,买盘
1589,13:35:12,7.1,-0.01,74,52540,卖盘
1590,13:35:09,7.11,0.01,2,1422,买盘
1591,13:35:06,7.1,-0.01,104,73840,卖盘
1592,13:35:03,7.11,0.01,540,384530,买盘
1593,13:35:00,7.1,--,35,24850,买盘
1594,13:34:57,7.1,--,6,4260,买盘
1595,13:34:54,7.1,--,6,4260,买盘
1596,13:34:51,7.1,--,3504,2487960,卖盘
1597,13:34:48,7.1,--,184,130640,卖盘
1598,13:34:45,7.1,--,64,45440,卖盘
1599,13:34:42,7.1,--,78,55380,卖盘
1600,13:34:39,7.1,-0.01,16,11360,卖盘
1601,13:34:36,7.11,0.01,18,12798,买盘
1602,13:34:33,7.1,-0.01,55,39050,卖盘
1603,13:34:30,7.11,--,3,2133,买盘
1604,13:34:27,7.11,0.01,12,8532,买盘
1605,13:34:24,7.1,-0.01,190,134900,卖盘
1606,13:34:21,7.11,0.01,2,1422,买盘
1607,13:34:18,7.1,-0.01,33,23430,卖盘
1608,13:34:15,7.11,--,53,37683,买盘
1609,13:34:12,7.11,--,6,4266,买盘
1610,13:34:09,7.11,--,1,711,买盘
1611,13:34:06,7.11,0.01,2,1422,买盘
1612,13:34:03,7.1,-0.01,38,26980,卖盘
1613,13:34:00,7.11,--,46,32706,买盘
1614,13:33:57,7.11,--,166,118026,卖盘
1615,13:33:54,7.11,--,501,356211,卖盘
1616,13:33:51,7.11,--,175,124425,卖盘
1617,13:33:48,7.11,--,18,12798,卖盘
1618,13:33:45,7.11,--,212,150732,卖盘
1619,13:33:42,7.11,--,59,41949,卖盘
1620,13:33:39,7.11,-0.01,30,21330,卖盘
1621,13:33:36,7.12,0.01,1,712,买盘
1622,13:33:33,7.11,--,99,70389,卖盘
1623,13:33:30,7.11,--,821,583731,买盘
1624,13:33:27,7.11,--,6,4266,买盘
1625,13:33:24,7.11,--,51,36261,买盘
1626,13:33:21,7.11,0.01,15,10665,买盘
1627,13:33:18,7.1,--,10,7100,卖盘
1628,13:33:15,7.1,-0.01,46,32660,卖盘
1629,13:33:12,7.11,--,11,7821,买盘
1630,13:33:06,7.11,0.01,5,3555,买盘
1631,13:33:03,7.1,-0.01,36,25560,卖盘
1632,13:32:57,7.11,--,199,141489,卖盘
1633,13:32:54,7.11,--,107,76077,卖盘
1634,13:32:48,7.11,--,6,4266,卖盘
1635,13:32:45,7.11,-0.01,2653,1886283,卖盘
1636,13:32:42,7.12,0.01,1,712,买盘
1637,13:32:39,7.11,-0.01,12,8532,卖盘
1638,13:32:36,7.12,--,31,22072,买盘
1639,13:32:33,7.12,--,12,8544,买盘
1640,13:32:30,7.12,--,6,4272,买盘
1641,13:32:27,7.12,--,24,17088,买盘
1642,13:32:24,7.12,--,11,7832,买盘
1643,13:32:18,7.12,--,1,712,买盘
1644,13:32:15,7.12,--,10,7120,买盘
1645,13:32:12,7.12,0.01,56,39872,买盘
1646,13:32:09,7.11,--,524,372564,卖盘
1647,13:32:06,7.11,--,22,15642,卖盘
1648,13:32:03,7.11,--,67,47637,卖盘
1649,13:32:00,7.11,--,8,5688,卖盘
1650,13:31:54,7.11,-0.01,19,13509,卖盘
1651,13:31:51,7.12,--,6,4272,买盘
1652,13:31:48,7.12,0.01,3,2136,买盘
1653,13:31:45,7.11,--,99,70389,卖盘
1654,13:31:42,7.11,--,331,235739,买盘
1655,13:31:39,7.11,--,71,50481,买盘
1656,13:31:36,7.11,--,41,29151,买盘
1657,13:31:33,7.11,0.01,47,33417,买盘
1658,13:31:30,7.1,-0.01,1532,1087720,卖盘
1659,13:31:27,7.11,0.01,2,1422,买盘
1660,13:31:24,7.1,-0.01,45,31950,卖盘
1661,13:31:21,7.11,0.01,1,711,买盘
1662,13:31:18,7.1,-0.01,20,14200,卖盘
1663,13:31:15,7.11,--,2,1422,买盘
1664,13:31:12,7.11,--,1,711,买盘
1665,13:31:09,7.11,--,136,96696,买盘
1666,13:31:06,7.11,--,4,2844,买盘
1667,13:31:03,7.11,--,47,33417,买盘
1668,13:31:00,7.11,--,10,7110,买盘
1669,13:30:57,7.11,0.01,202,143622,买盘
1670,13:30:54,7.1,--,1,710,卖盘
1671,13:30:51,7.1,-0.01,30,21300,卖盘
1672,13:30:48,7.11,--,54,38394,买盘
1673,13:30:45,7.11,0.01,22,15642,买盘
1674,13:30:42,7.1,--,9,6390,卖盘
1675,13:30:39,7.1,-0.01,209,148390,卖盘
1676,13:30:36,7.11,0.01,38,27018,买盘
1677,13:30:33,7.1,--,24,17040,卖盘
1678,13:30:30,7.1,-0.01,90,63900,卖盘
1679,13:30:27,7.11,0.01,2002,1423422,买盘
1680,13:30:24,7.1,-0.01,38,26980,卖盘
1681,13:30:21,7.11,0.01,1,711,买盘
1682,13:30:18,7.1,-0.01,2,1420,卖盘
1683,13:30:15,7.11,--,301,214011,买盘
1684,13:30:12,7.11,0.01,1,711,买盘
1685,13:30:09,7.1,--,6,4260,卖盘
1686,13:30:06,7.1,-0.01,33,23430,卖盘
1687,13:30:03,7.11,--,10,7110,买盘
1688,13:30:00,7.11,0.01,25,17775,买盘
1689,13:29:57,7.1,-0.01,26,18460,卖盘
1690,13:29:54,7.11,0.01,3,2133,买盘
1691,13:29:51,7.1,-0.01,2,1420,卖盘
1692,13:29:45,7.11,0.01,40,28440,买盘
1693,13:29:42,7.1,--,7,4970,卖盘
1694,13:29:39,7.1,--,50,35500,卖盘
1695,13:29:36,7.1,--,0,695,卖盘
1696,13:29:33,7.1,--,24,17040,卖盘
1697,13:29:30,7.1,--,0,603,卖盘
1698,13:29:27,7.1,-0.01,33,23430,卖盘
1699,13:29:21,7.11,--,2,1422,买盘
1700,13:29:18,7.11,--,4,2844,买盘
1701,13:29:15,7.11,--,81,57591,买盘
1702,13:29:12,7.11,0.01,7,4977,买盘
1703,13:29:09,7.1,--,150,106500,卖盘
1704,13:29:06,7.1,--,31,22010,卖盘
1705,13:29:03,7.1,-0.01,119,84490,卖盘
1706,13:29:00,7.11,--,5,3555,买盘
1707,13:28:57,7.11,--,300,213300,买盘
1708,13:28:54,7.11,--,11,7821,买盘
1709,13:28:51,7.11,--,2,1422,买盘
1710,13:28:48,7.11,--,321,228231,买盘
1711,13:28:42,7.11,--,1,711,买盘
1712,13:28:36,7.11,--,3,2133,买盘
1713,13:28:33,7.11,0.01,9,6399,买盘
1714,13:28:30,7.1,-0.01,33,23430,卖盘
1715,13:28:27,7.11,--,14,9954,买盘
1716,13:28:24,7.11,--,43,30573,买盘
1717,13:28:21,7.11,--,12,8532,买盘
1718,13:28:18,7.11,0.01,3,2133,买盘
1719,13:28:15,7.1,-0.01,46,32660,卖盘
1720,13:28:12,7.11,--,25,17775,买盘
1721,13:28:06,7.11,--,135,95985,买盘
1722,13:28:03,7.11,0.01,2,1422,买盘
1723,13:28:00,7.1,--,5,3550,卖盘
1724,13:27:57,7.1,--,53,37630,买盘
1725,13:27:54,7.1,--,21,14910,买盘
1726,13:27:51,7.1,0.01,1200,852000,中性盘
1727,13:27:48,7.09,-0.02,16,11344,卖盘
1728,13:27:45,7.11,0.02,115,81765,买盘
1729,13:27:42,7.09,-0.01,139,98551,卖盘
1730,13:27:39,7.1,--,46,32660,卖盘
1731,13:27:36,7.1,--,642,455820,买盘
1732,13:27:33,7.1,--,46,32660,买盘
1733,13:27:30,7.1,--,51,36210,买盘
1734,13:27:27,7.1,--,2,1420,买盘
1735,13:27:24,7.1,--,35,24850,买盘
1736,13:27:18,7.1,--,25,17750,买盘
1737,13:27:15,7.1,--,7,4970,买盘
1738,13:27:12,7.1,0.01,4,2840,买盘
1739,13:27:09,7.09,--,23,16307,卖盘
1740,13:27:06,7.09,-0.01,65,46085,卖盘
1741,13:27:03,7.1,0.01,9,6390,中性盘
1742,13:27:00,7.09,-0.01,65,46085,卖盘
1743,13:26:57,7.1,0.01,114,80940,买盘
1744,13:26:54,7.09,-0.01,106,75154,卖盘
1745,13:26:51,7.1,--,183,129937,卖盘
1746,13:26:48,7.1,--,262,186020,卖盘
1747,13:26:45,7.1,--,803,570130,卖盘
1748,13:26:42,7.1,-0.01,11,7810,卖盘
1749,13:26:39,7.11,0.01,67,47637,买盘
1750,13:26:36,7.1,--,99,70290,卖盘
1751,13:26:33,7.1,-0.01,1175,834250,卖盘
1752,13:26:30,7.11,0.01,12,8532,买盘
1753,13:26:27,7.1,--,91,64610,卖盘
1754,13:26:24,7.1,--,20,14200,卖盘
1755,13:26:21,7.1,--,5,3550,卖盘
1756,13:26:18,7.1,--,7,4970,卖盘
1757,13:26:15,7.1,--,321,227910,卖盘
1758,13:26:12,7.1,--,495,351450,卖盘
1759,13:26:09,7.1,--,453,321630,卖盘
1760,13:26:06,7.1,--,29,20590,卖盘
1761,13:26:03,7.1,-0.01,748,531080,卖盘
1762,13:26:00,7.11,--,214,152154,买盘
1763,13:25:57,7.11,0.01,39,27729,买盘
1764,13:25:54,7.1,--,523,371330,卖盘
1765,13:25:51,7.1,--,3,2130,卖盘
1766,13:25:48,7.1,--,4,2840,卖盘
1767,13:25:45,7.1,--,6,4260,卖盘
1768,13:25:42,7.1,--,50,35500,卖盘
1769,13:25:39,7.1,--,453,321630,卖盘
1770,13:25:36,7.1,--,2,1420,卖盘
1771,13:25:33,7.1,--,19,13490,卖盘
1772,13:25:30,7.1,--,182,129220,卖盘
1773,13:25:27,7.1,--,16,11360,卖盘
1774,13:25:24,7.1,-0.01,41,29110,卖盘
1775,13:25:21,7.11,0.01,5,3555,买盘
1776,13:25:18,7.1,--,8,5680,卖盘
1777,13:25:15,7.1,--,23,16330,卖盘
1778,13:25:12,7.1,-0.01,38,26980,卖盘
1779,13:25:09,7.11,0.01,48,34128,买盘
1780,13:25:06,7.1,--,147,104370,卖盘
1781,13:25:03,7.1,--,45,31950,卖盘
1782,13:25:00,7.1,--,17,12070,卖盘
1783,13:24:57,7.1,--,2,1420,卖盘
1784,13:24:54,7.1,--,60,42600,卖盘
1785,13:24:51,7.1,--,226,160460,卖盘
1786,13:24:48,7.1,--,1054,748340,卖盘
1787,13:24:45,7.1,--,43,30530,卖盘
1788,13:24:42,7.1,--,146,103660,卖盘
1789,13:24:39,7.1,-0.01,4,2840,卖盘
1790,13:24:36,7.11,0.01,6,4266,买盘
1791,13:24:33,7.1,-0.01,10,7100,卖盘
1792,13:24:30,7.11,--,115,81765,买盘
1793,13:24:27,7.11,0.01,51,36261,买盘
1794,13:24:24,7.1,--,1,710,卖盘
1795,13:24:21,7.1,--,17,12070,卖盘
1796,13:24:18,7.1,--,21,14910,卖盘
1797,13:24:15,7.1,--,8,5680,卖盘
1798,13:24:12,7.1,--,3,2130,卖盘
1799,13:24:09,7.1,--,7,4970,卖盘
1800,13:24:06,7.1,--,36,25560,卖盘
1801,13:24:03,7.1,-0.01,86,61060,卖盘
1802,13:24:00,7.11,0.01,47,33417,买盘
1803,13:23:57,7.1,--,6,4260,卖盘
1804,13:23:54,7.1,-0.01,235,166850,卖盘
1805,13:23:51,7.11,0.01,3,2133,买盘
1806,13:23:48,7.1,--,3,2130,卖盘
1807,13:23:45,7.1,--,6,4260,卖盘
1808,13:23:42,7.1,--,5,3550,卖盘
1809,13:23:39,7.1,--,37,26270,卖盘
1810,13:23:36,7.1,--,39,27690,卖盘
1811,13:23:33,7.1,-0.01,16,11360,卖盘
1812,13:23:30,7.11,--,4,2844,买盘
1813,13:23:27,7.11,0.01,7,4977,买盘
1814,13:23:24,7.1,--,4,2840,卖盘
1815,13:23:21,7.1,--,63,44730,卖盘
1816,13:23:18,7.1,-0.01,352,249920,卖盘
1817,13:23:15,7.11,0.01,199,142000,买盘
1818,13:23:12,7.1,--,18,13220,卖盘
1819,13:23:09,7.1,--,77,54670,卖盘
1820,13:23:06,7.1,--,32,22720,卖盘
1821,13:23:03,7.1,-0.01,11,7810,卖盘
1822,13:23:00,7.11,0.01,4,2844,买盘
1823,13:22:57,7.1,--,2,1420,卖盘
1824,13:22:54,7.1,--,49,34790,卖盘
1825,13:22:51,7.1,--,5,3550,卖盘
1826,13:22:48,7.1,--,4,2840,卖盘
1827,13:22:45,7.1,-0.01,64,45440,卖盘
1828,13:22:42,7.11,--,110,78210,买盘
1829,13:22:39,7.11,--,5,3555,买盘
1830,13:22:36,7.11,0.01,5,3555,买盘
1831,13:22:33,7.1,-0.01,9,6475,卖盘
1832,13:22:30,7.11,0.01,51,36261,买盘
1833,13:22:27,7.1,--,16,11360,卖盘
1834,13:22:24,7.1,--,22,15620,卖盘
1835,13:22:21,7.1,--,4,2840,卖盘
1836,13:22:18,7.1,-0.01,5,3550,卖盘
1837,13:22:15,7.11,0.01,13,9243,买盘
1838,13:22:12,7.1,-0.01,12,8520,卖盘
1839,13:22:09,7.11,--,448,318563,卖盘
1840,13:22:06,7.11,--,29,20619,卖盘
1841,13:22:03,7.11,--,5,3555,卖盘
1842,13:22:00,7.11,--,27,19197,卖盘
1843,13:21:57,7.11,--,10,7110,卖盘
1844,13:21:54,7.11,--,65,46215,卖盘
1845,13:21:51,7.11,--,120,85320,卖盘
1846,13:21:48,7.11,--,230,164205,卖盘
1847,13:21:45,7.11,--,43,30573,卖盘
1848,13:21:42,7.11,--,6,4266,卖盘
1849,13:21:39,7.11,--,60,42660,卖盘
1850,13:21:36,7.11,0.01,233,165663,买盘
1851,13:21:33,7.1,-0.01,12,8520,卖盘
1852,13:21:30,7.11,0.01,15,10665,中性盘
1853,13:21:27,7.1,--,54,38602,卖盘
1854,13:21:24,7.1,-0.01,3,2130,卖盘
1855,13:21:21,7.11,0.01,15,10665,买盘
1856,13:21:18,7.1,--,14,9940,卖盘
1857,13:21:15,7.1,-0.01,1,710,卖盘
1858,13:21:12,7.11,0.01,5,3555,中性盘
1859,13:21:09,7.1,--,8,5680,卖盘
1860,13:21:06,7.1,-0.02,558,396180,卖盘
1861,13:21:03,7.12,0.01,123,87576,买盘
1862,13:21:00,7.11,-0.01,1004,713844,卖盘
1863,13:20:57,7.12,--,125,89000,买盘
1864,13:20:54,7.12,0.01,133,94696,买盘
1865,13:20:51,7.11,-0.01,9,6399,卖盘
1866,13:20:48,7.12,0.01,20,14240,买盘
1867,13:20:45,7.11,0.01,89,63279,中性盘
1868,13:20:42,7.1,-0.01,272,193609,卖盘
1869,13:20:39,7.11,--,113,80343,卖盘
1870,13:20:36,7.11,--,2,1422,卖盘
1871,13:20:33,7.11,-0.01,49,34839,卖盘
1872,13:20:30,7.12,0.01,75,53827,买盘
1873,13:20:27,7.11,0.01,12,8532,买盘
1874,13:20:24,7.1,-0.01,102,72420,卖盘
1875,13:20:21,7.11,-0.01,291,207185,卖盘
1876,13:20:18,7.12,0.01,75,53827,买盘
1877,13:20:15,7.11,--,7,4977,卖盘
1878,13:20:12,7.11,--,7,4977,卖盘
1879,13:20:09,7.11,--,73,51903,买盘
1880,13:20:06,7.11,0.01,59,41949,买盘
1881,13:20:03,7.1,-0.01,46,32660,卖盘
1882,13:20:00,7.11,--,12,8532,买盘
1883,13:19:57,7.11,--,73,51903,买盘
1884,13:19:54,7.11,--,853,606483,卖盘
1885,13:19:51,7.11,-0.01,73,51903,卖盘
1886,13:19:48,7.12,0.01,243,173016,买盘
1887,13:19:45,7.11,--,86,61146,卖盘
1888,13:19:42,7.11,--,37,26307,卖盘
1889,13:19:39,7.11,-0.01,52,36972,卖盘
1890,13:19:36,7.12,0.01,254,180848,买盘
1891,13:19:33,7.11,--,10,7110,卖盘
1892,13:19:30,7.11,-0.01,14,9954,卖盘
1893,13:19:27,7.12,0.02,4,2848,买盘
1894,13:19:24,7.1,-0.01,69,48990,卖盘
1895,13:19:21,7.11,0.01,3,2133,中性盘
1896,13:19:18,7.1,-0.01,409,291092,卖盘
1897,13:19:12,7.11,--,153,108783,买盘
1898,13:19:09,7.11,--,18,12798,买盘
1899,13:19:06,7.11,--,113,80343,买盘
1900,13:19:03,7.11,--,67,47637,买盘
1901,13:19:00,7.11,--,22,15642,买盘
1902,13:18:57,7.11,--,83,59013,买盘
1903,13:18:54,7.11,--,73,51903,买盘
1904,13:18:51,7.11,--,64,45504,买盘
1905,13:18:48,7.11,--,1,711,买盘
1906,13:18:45,7.11,--,30,21330,买盘
1907,13:18:42,7.11,--,27,19197,买盘
1908,13:18:39,7.11,--,106,75366,买盘
1909,13:18:36,7.11,--,10,7110,买盘
1910,13:18:33,7.11,--,35,24885,买盘
1911,13:18:30,7.11,--,178,126558,买盘
1912,13:18:27,7.11,0.01,4,2844,买盘
1913,13:18:24,7.1,-0.01,52,36920,卖盘
1914,13:18:21,7.11,--,1,711,买盘
1915,13:18:18,7.11,--,77,54747,买盘
1916,13:18:12,7.11,--,9,6399,买盘
1917,13:18:09,7.11,--,29,20619,买盘
1918,13:18:06,7.11,--,70,49770,买盘
1919,13:18:03,7.11,--,793,563823,买盘
1920,13:18:00,7.11,--,2,1422,买盘
1921,13:17:57,7.11,--,75,53325,买盘
1922,13:17:54,7.11,--,79,56169,买盘
1923,13:17:51,7.11,0.01,281,199791,买盘
1924,13:17:48,7.1,-0.01,11,7810,卖盘
1925,13:17:45,7.11,0.01,221,157131,买盘
1926,13:17:42,7.1,-0.01,96,68160,卖盘
1927,13:17:39,7.11,--,2,1422,买盘
1928,13:17:36,7.11,--,154,109494,买盘
1929,13:17:33,7.11,--,79,56169,买盘
1930,13:17:30,7.11,--,91,64722,买盘
1931,13:17:27,7.11,--,2,1422,买盘
1932,13:17:24,7.11,--,70,49770,买盘
1933,13:17:21,7.11,0.01,31,22041,买盘
1934,13:17:18,7.1,-0.01,3,2130,卖盘
1935,13:17:12,7.11,--,70,49770,买盘
1936,13:17:09,7.11,--,55,39105,买盘
1937,13:17:06,7.11,0.01,144,102384,买盘
1938,13:17:03,7.1,-0.01,11,8356,卖盘
1939,13:17:00,7.11,0.01,76,54036,买盘
1940,13:16:51,7.1,-0.01,174,123540,卖盘
1941,13:16:48,7.11,--,3,2133,买盘
1942,13:16:42,7.11,0.01,5,3555,买盘
1943,13:16:39,7.1,--,71,50410,卖盘
1944,13:16:33,7.1,-0.01,114,80940,卖盘
1945,13:16:30,7.11,--,12,8532,买盘
1946,13:16:27,7.11,--,192,136512,买盘
1947,13:16:24,7.11,--,181,128691,买盘
1948,13:16:21,7.11,--,23,16353,买盘
1949,13:16:18,7.11,--,74,52614,买盘
1950,13:16:15,7.11,0.01,74,52614,买盘
1951,13:16:12,7.1,-0.01,22,15620,卖盘
1952,13:16:09,7.11,0.01,26,18486,买盘
1953,13:16:06,7.1,-0.01,99,70290,卖盘
1954,13:16:03,7.11,--,18,12798,买盘
1955,13:16:00,7.11,--,9,6399,买盘
1956,13:15:57,7.11,--,489,347679,买盘
1957,13:15:54,7.11,0.01,64,45504,买盘
1958,13:15:51,7.1,-0.01,50,35500,卖盘
1959,13:15:48,7.11,--,1,711,买盘
1960,13:15:45,7.11,--,34,24174,买盘
1961,13:15:42,7.11,--,69,49059,买盘
1962,13:15:39,7.11,0.01,115,81765,买盘
1963,13:15:36,7.1,-0.01,18,12780,卖盘
1964,13:15:33,7.11,--,94,66834,买盘
1965,13:15:30,7.11,--,75,53325,买盘
1966,13:15:27,7.11,--,2,1422,买盘
1967,13:15:24,7.11,--,10,7110,买盘
1968,13:15:21,7.11,--,90,63990,买盘
1969,13:15:18,7.11,0.01,16,11376,买盘
1970,13:15:15,7.1,-0.01,442,313876,卖盘
1971,13:15:12,7.11,--,41,29151,买盘
1972,13:15:09,7.11,--,79,56169,买盘
1973,13:15:06,7.11,0.01,81,57591,买盘
1974,13:15:03,7.1,--,100,71000,卖盘
1975,13:15:00,7.1,-0.01,106,75260,卖盘
1976,13:14:57,7.11,0.01,207,147177,买盘
1977,13:14:54,7.1,-0.01,128,90880,卖盘
1978,13:14:51,7.11,--,188,133668,买盘
1979,13:14:48,7.11,0.01,67,47637,买盘
1980,13:14:45,7.1,-0.01,207,146970,卖盘
1981,13:14:42,7.11,0.01,15,10665,买盘
1982,13:14:39,7.1,-0.01,181,128510,卖盘
1983,13:14:36,7.11,--,68,48348,买盘
1984,13:14:33,7.11,--,27,19197,买盘
1985,13:14:30,7.11,--,14,9954,买盘
1986,13:14:27,7.11,--,87,61857,买盘
1987,13:14:21,7.11,-0.01,127,90297,卖盘
1988,13:14:18,7.12,0.02,64,45568,买盘
1989,13:14:15,7.1,-0.01,152,107920,卖盘
1990,13:14:12,7.11,--,793,563823,卖盘
1991,13:14:06,7.11,-0.01,67,47637,卖盘
1992,13:14:03,7.12,--,108,76896,买盘
1993,13:14:00,7.12,0.01,10,7120,买盘
1994,13:13:57,7.11,--,20,14220,卖盘
1995,13:13:54,7.11,-0.01,114,81054,卖盘
1996,13:13:51,7.12,--,7,4984,买盘
1997,13:13:48,7.12,0.01,15,10680,买盘
1998,13:13:42,7.11,-0.01,83,59013,卖盘
1999,13:13:36,7.12,--,12,8544,买盘
2000,13:13:33,7.12,--,10,7120,买盘
2001,13:13:30,7.12,--,192,136704,买盘
2002,13:13:27,7.12,0.01,24,17088,买盘
2003,13:13:24,7.11,-0.01,114,81054,卖盘
2004,13:13:21,7.12,--,69,49128,买盘
2005,13:13:18,7.12,--,9,6408,买盘
2006,13:13:15,7.12,--,2,1424,买盘
2007,13:13:12,7.12,--,5,3560,买盘
2008,13:13:09,7.12,0.01,77,54824,买盘
2009,13:13:06,7.11,-0.01,29,20619,卖盘
2010,13:13:03,7.12,0.01,39,27768,买盘
2011,13:13:00,7.11,-0.01,30,21330,卖盘
2012,13:12:57,7.12,--,71,50552,买盘
2013,13:12:51,7.12,--,17,12104,买盘
2014,13:12:48,7.12,--,80,56960,买盘
2015,13:12:45,7.12,--,2,1424,买盘
2016,13:12:42,7.12,--,7,4984,买盘
2017,13:12:39,7.12,--,10,7120,买盘
2018,13:12:36,7.12,--,85,60520,买盘
2019,13:12:33,7.12,--,9,6408,买盘
2020,13:12:27,7.12,--,2,1424,买盘
2021,13:12:24,7.12,--,86,61232,买盘
2022,13:12:21,7.12,--,211,150232,买盘
2023,13:12:18,7.12,0.01,8,5696,买盘
2024,13:12:15,7.11,-0.01,78,55458,卖盘
2025,13:12:12,7.12,0.01,5,3560,买盘
2026,13:12:06,7.11,-0.01,28,19908,卖盘
2027,13:12:03,7.12,--,72,51264,买盘
2028,13:11:57,7.12,--,30,21360,买盘
2029,13:11:51,7.12,--,85,60520,买盘
2030,13:11:48,7.12,--,43,30616,买盘
2031,13:11:42,7.12,0.01,100,71200,买盘
2032,13:11:39,7.11,-0.01,7,4977,卖盘
2033,13:11:36,7.12,--,108,76896,买盘
2034,13:11:33,7.12,--,8,5696,买盘
2035,13:11:30,7.12,0.01,78,55536,买盘
2036,13:11:27,7.11,--,14,9954,卖盘
2037,13:11:24,7.11,--,70,49770,卖盘
2038,13:11:21,7.11,-0.01,71,50481,卖盘
2039,13:11:18,7.12,--,87,61944,买盘
2040,13:11:15,7.12,--,117,83304,买盘
2041,13:11:12,7.12,--,304,216448,买盘
2042,13:11:09,7.12,0.01,69,49128,买盘
2043,13:11:06,7.11,-0.01,49,34839,卖盘
2044,13:11:03,7.12,0.01,7,4984,买盘
2045,13:11:00,7.11,-0.01,102,72522,卖盘
2046,13:10:57,7.12,0.01,71,50552,买盘
2047,13:10:54,7.11,-0.01,350,248850,卖盘
2048,13:10:51,7.12,--,57,40584,买盘
2049,13:10:48,7.12,--,1,712,买盘
2050,13:10:45,7.12,0.01,165,117480,买盘
2051,13:10:42,7.11,-0.01,226,160686,卖盘
2052,13:10:39,7.12,--,2,1424,买盘
2053,13:10:36,7.12,0.01,85,60520,买盘
2054,13:10:33,7.11,--,121,86031,卖盘
2055,13:10:30,7.11,-0.01,70,49770,卖盘
2056,13:10:27,7.12,--,360,256320,买盘
2057,13:10:24,7.12,--,75,53400,买盘
2058,13:10:21,7.12,--,1,712,买盘
2059,13:10:18,7.12,--,19,13528,买盘
2060,13:10:15,7.12,--,1,712,买盘
2061,13:10:12,7.12,--,84,59808,买盘
2062,13:10:09,7.12,0.01,33,23496,买盘
2063,13:10:06,7.11,--,204,145044,卖盘
2064,13:10:03,7.11,--,75,53325,卖盘
2065,13:10:00,7.11,--,26,18486,卖盘
2066,13:09:54,7.11,-0.01,2,1422,卖盘
2067,13:09:51,7.12,0.01,71,50552,买盘
2068,13:09:48,7.11,-0.01,330,234630,卖盘
2069,13:09:42,7.12,--,5,3560,买盘
2070,13:09:39,7.12,--,88,62656,买盘
2071,13:09:36,7.12,--,311,221432,买盘
2072,13:09:33,7.12,0.01,8,5696,买盘
2073,13:09:30,7.11,-0.01,5,3555,卖盘
2074,13:09:27,7.12,0.01,81,57672,买盘
2075,13:09:24,7.11,-0.01,1,711,卖盘
2076,13:09:21,7.12,--,85,60520,买盘
2077,13:09:18,7.12,--,71,50552,买盘
2078,13:09:15,7.12,--,21,14952,买盘
2079,13:09:12,7.12,0.01,1,712,买盘
2080,13:09:09,7.11,--,365,259515,卖盘
2081,13:09:06,7.11,-0.01,105,74655,卖盘
2082,13:09:00,7.12,0.01,6,4272,买盘
2083,13:08:57,7.11,--,11,7821,卖盘
2084,13:08:54,7.11,-0.01,107,76077,卖盘
2085,13:08:51,7.12,--,2,1424,买盘
2086,13:08:48,7.12,0.01,3,2136,买盘
2087,13:08:45,7.11,--,64,45504,卖盘
2088,13:08:42,7.11,-0.01,6,4266,卖盘
2089,13:08:39,7.12,--,10,7120,买盘
2090,13:08:36,7.12,0.01,2,1424,买盘
2091,13:08:33,7.11,-0.01,111,78921,卖盘
2092,13:08:30,7.12,--,2,1424,买盘
2093,13:08:27,7.12,--,4,2848,买盘
2094,13:08:24,7.12,--,1,712,买盘
2095,13:08:21,7.12,--,554,394448,买盘
2096,13:08:18,7.12,--,21,14952,买盘
2097,13:08:15,7.12,--,2,1424,买盘
2098,13:08:12,7.12,0.01,72,51264,买盘
2099,13:08:06,7.11,-0.01,36,25596,卖盘
2100,13:08:03,7.12,--,56,39872,买盘
2101,13:08:00,7.12,--,84,59808,买盘
2102,13:07:57,7.12,0.01,39,27768,买盘
2103,13:07:51,7.11,-0.01,3,2133,卖盘
2104,13:07:48,7.12,0.01,73,51976,买盘
2105,13:07:45,7.11,-0.01,50,35550,卖盘
2106,13:07:42,7.12,--,1,712,买盘
2107,13:07:39,7.12,--,87,61944,买盘
2108,13:07:36,7.12,0.01,16,11392,买盘
2109,13:07:30,7.11,--,34,24174,卖盘
2110,13:07:27,7.11,--,143,101673,卖盘
2111,13:07:21,7.11,--,507,360477,卖盘
2112,13:07:18,7.11,-0.01,17,12087,卖盘
2113,13:07:15,7.12,0.01,62,44144,买盘
2114,13:07:12,7.11,--,103,73233,卖盘
2115,13:07:09,7.11,--,70,49770,卖盘
2116,13:07:06,7.11,--,134,95274,卖盘
2117,13:07:00,7.11,--,21,14931,卖盘
2118,13:06:57,7.11,-0.01,21,14931,卖盘
2119,13:06:54,7.12,--,79,56248,买盘
2120,13:06:48,7.12,--,5,3560,买盘
2121,13:06:45,7.12,--,10,7120,买盘
2122,13:06:42,7.12,0.01,65,46280,买盘
2123,13:06:39,7.11,-0.01,10,7110,卖盘
2124,13:06:36,7.12,0.01,9,6408,买盘
2125,13:06:33,7.11,-0.01,78,55458,卖盘
2126,13:06:27,7.12,-0.01,960,683520,卖盘
2127,13:06:21,7.13,--,79,56327,买盘
2128,13:06:18,7.13,--,4,2852,买盘
2129,13:06:15,7.13,--,1,713,买盘
2130,13:06:12,7.13,--,41,29233,买盘
2131,13:06:09,7.13,0.01,74,52762,买盘
2132,13:06:06,7.12,-0.01,29,20648,卖盘
2133,13:06:03,7.13,--,7,4991,买盘
2134,13:06:00,7.13,--,71,50623,买盘
2135,13:05:57,7.13,0.01,52,37076,买盘
2136,13:05:54,7.12,-0.01,450,320400,卖盘
2137,13:05:51,7.13,--,1,713,买盘
2138,13:05:48,7.13,--,267,190371,买盘
2139,13:05:42,7.13,--,45,32085,买盘
2140,13:05:39,7.13,0.01,7,4991,买盘
2141,13:05:36,7.12,-0.01,87,61944,卖盘
2142,13:05:33,7.13,--,45,32085,买盘
2143,13:05:30,7.13,--,23,16399,买盘
2144,13:05:27,7.13,--,74,52762,买盘
2145,13:05:21,7.13,--,1,713,买盘
2146,13:05:18,7.13,--,1,713,买盘
2147,13:05:15,7.13,--,72,51336,买盘
2148,13:05:12,7.13,0.01,51,36363,买盘
2149,13:05:09,7.12,--,34,24208,卖盘
2150,13:05:06,7.12,-0.01,40,28480,卖盘
2151,13:05:03,7.13,0.01,69,49197,买盘
2152,13:05:00,7.12,--,20,14240,卖盘
2153,13:04:54,7.12,--,78,55536,卖盘
2154,13:04:48,7.12,--,52,37024,卖盘
2155,13:04:45,7.12,--,6,4272,卖盘
2156,13:04:42,7.12,--,178,126736,卖盘
2157,13:04:39,7.12,-0.01,22,15664,卖盘
2158,13:04:36,7.13,--,31,22103,买盘
2159,13:04:33,7.13,--,43,30659,买盘
2160,13:04:30,7.13,--,66,47058,买盘
2161,13:04:27,7.13,0.01,2,1426,买盘
2162,13:04:24,7.12,--,57,40584,卖盘
2163,13:04:21,7.12,--,73,51976,卖盘
2164,13:04:18,7.12,-0.01,44,31328,卖盘
2165,13:04:15,7.13,0.01,7,4991,买盘
2166,13:04:12,7.12,-0.01,32,22784,卖盘
2167,13:04:09,7.13,0.01,76,54188,买盘
2168,13:04:06,7.12,-0.01,71,50552,卖盘
2169,13:04:03,7.13,--,7,4991,买盘
2170,13:03:57,7.13,--,79,56327,买盘
2171,13:03:54,7.13,--,6,4278,买盘
2172,13:03:51,7.13,--,2,1426,买盘
2173,13:03:48,7.13,--,70,49910,买盘
2174,13:03:42,7.13,0.01,201,143313,买盘
2175,13:03:39,7.12,-0.01,50,35600,卖盘
2176,13:03:36,7.13,--,70,49910,买盘
2177,13:03:33,7.13,0.01,1,713,买盘
2178,13:03:30,7.12,-0.01,2,1424,卖盘
2179,13:03:27,7.13,--,41,29233,买盘
2180,13:03:24,7.13,--,71,50623,买盘
2181,13:03:18,7.13,--,2,1426,买盘
2182,13:03:15,7.13,--,65,46345,买盘
2183,13:03:12,7.13,0.01,8,5704,买盘
2184,13:03:09,7.12,-0.01,200,142400,卖盘
2185,13:03:06,7.13,--,32,22816,买盘
2186,13:03:03,7.13,--,72,51336,买盘
2187,13:03:00,7.13,--,2,1426,买盘
2188,13:02:57,7.13,--,5,3565,买盘
2189,13:02:54,7.13,--,10,7130,买盘
2190,13:02:51,7.13,--,89,63457,买盘
2191,13:02:48,7.13,--,1,713,买盘
2192,13:02:45,7.13,--,21,14973,买盘
2193,13:02:42,7.13,0.01,20,14260,买盘
2194,13:02:39,7.12,--,5,3560,卖盘
2195,13:02:36,7.12,-0.01,76,54112,卖盘
2196,13:02:33,7.13,--,65,46345,买盘
2197,13:02:30,7.13,--,100,71300,买盘
2198,13:02:27,7.13,--,2,1426,买盘
2199,13:02:24,7.13,--,120,85560,买盘
2200,13:02:21,7.13,--,1,713,买盘
2201,13:02:15,7.13,--,24,17112,买盘
2202,13:02:12,7.13,--,91,64883,买盘
2203,13:02:09,7.13,--,78,55614,买盘
2204,13:02:06,7.13,--,29,20677,买盘
2205,13:02:03,7.13,0.01,75,53475,买盘
2206,13:02:00,7.12,-0.01,32,22784,卖盘
2207,13:01:57,7.13,--,10,7130,买盘
2208,13:01:51,7.13,--,77,54901,买盘
2209,13:01:48,7.13,--,2,1426,买盘
2210,13:01:45,7.13,0.01,9,6417,买盘
2211,13:01:42,7.12,-0.01,34,24208,中性盘
2212,13:01:39,7.13,0.01,220,156860,买盘
2213,13:01:36,7.12,--,61,43432,买盘
2214,13:01:33,7.12,--,130,92560,买盘
2215,13:01:30,7.12,--,73,51976,买盘
2216,13:01:27,7.12,--,12,8544,买盘
2217,13:01:24,7.12,-0.01,64,45568,卖盘
2218,13:01:21,7.13,0.01,54,38502,买盘
2219,13:01:18,7.12,-0.01,83,59096,卖盘
2220,13:01:15,7.13,--,54,38502,买盘
2221,13:01:12,7.13,--,1,713,买盘
2222,13:01:06,7.13,0.01,119,84847,买盘
2223,13:01:03,7.12,0.01,249,177288,买盘
2224,13:01:00,7.11,-0.01,67,47637,卖盘
2225,13:00:57,7.12,--,2,1424,买盘
2226,13:00:54,7.12,--,96,68352,买盘
2227,13:00:51,7.12,--,61,43432,买盘
2228,13:00:48,7.12,--,4,2848,买盘
2229,13:00:45,7.12,--,68,48416,买盘
2230,13:00:42,7.12,--,4,2848,买盘
2231,13:00:36,7.12,--,4,2848,买盘
2232,13:00:33,7.12,--,80,56960,买盘
2233,13:00:30,7.12,0.01,5,3560,买盘
2234,13:00:27,7.11,-0.01,73,51903,卖盘
2235,13:00:21,7.12,--,68,48416,买盘
2236,13:00:18,7.12,--,3,2136,买盘
2237,13:00:15,7.12,--,10,7120,买盘
2238,13:00:12,7.12,--,118,84016,买盘
2239,13:00:09,7.12,--,84,59808,买盘
2240,13:00:06,7.12,0.01,254,181417,买盘
2241,13:00:03,7.11,-0.02,4354,3095694,卖盘
2242,13:00:00,7.13,--,0,0,买盘
2243,11:30:00,7.13,--,68,48484,买盘
2244,11:29:51,7.13,0.02,1,713,买盘
2245,11:29:48,7.11,--,90,63990,卖盘
2246,11:29:45,7.11,-0.01,26,18486,卖盘
2247,11:29:42,7.12,0.02,1,712,买盘
2248,11:29:39,7.1,-0.02,200,142000,卖盘
2249,11:29:36,7.12,--,81,57672,买盘
2250,11:29:33,7.12,--,3,2136,买盘
2251,11:29:30,7.12,0.01,343,244216,买盘
2252,11:29:27,7.11,--,54,38394,买盘
2253,11:29:24,7.11,--,72,51192,买盘
2254,11:29:21,7.11,--,84,59724,买盘
2255,11:29:18,7.11,--,216,153576,买盘
2256,11:29:15,7.11,--,355,252405,买盘
2257,11:29:12,7.11,--,5,3555,买盘
2258,11:29:09,7.11,--,102,72522,买盘
2259,11:29:06,7.11,--,6,4266,买盘
2260,11:29:03,7.11,--,787,559557,买盘
2261,11:29:00,7.11,--,10,7110,买盘
2262,11:28:57,7.11,--,7,4977,买盘
2263,11:28:54,7.11,--,21,14931,买盘
2264,11:28:51,7.11,-0.01,5287,3759057,卖盘
2265,11:28:48,7.12,-0.01,134,95408,卖盘
2266,11:28:45,7.13,--,29,20677,买盘
2267,11:28:42,7.13,--,69,49197,买盘
2268,11:28:39,7.13,--,21,14973,买盘
2269,11:28:36,7.13,--,75,53475,买盘
2270,11:28:33,7.13,--,188,134044,买盘
2271,11:28:30,7.13,--,97,69161,买盘
2272,11:28:27,7.13,--,97,69161,买盘
2273,11:28:24,7.13,--,1,713,买盘
2274,11:28:21,7.13,--,21,14973,买盘
2275,11:28:18,7.13,--,241,171833,买盘
2276,11:28:15,7.13,--,47,33511,买盘
2277,11:28:12,7.13,--,350,249550,卖盘
2278,11:28:06,7.13,--,403,287339,买盘
2279,11:28:03,7.13,0.01,48,34224,买盘
2280,11:27:57,7.12,-0.01,101,71912,卖盘
2281,11:27:54,7.13,--,23,16399,买盘
2282,11:27:51,7.13,--,54,38502,卖盘
2283,11:27:48,7.13,--,22,15686,卖盘
2284,11:27:45,7.13,-0.01,806,574678,卖盘
2285,11:27:42,7.14,0.01,211,150654,买盘
2286,11:27:39,7.13,-0.01,5,3565,卖盘
2287,11:27:36,7.14,--,72,51408,买盘
2288,11:27:33,7.14,0.01,199,142086,买盘
2289,11:27:30,7.13,--,67,47771,买盘
2290,11:27:27,7.13,-0.01,19,13547,买盘
2291,11:27:24,7.14,0.01,136,97104,买盘
2292,11:27:21,7.13,--,102,72726,买盘
2293,11:27:18,7.13,--,616,439208,买盘
2294,11:27:15,7.13,--,82,58466,买盘
2295,11:27:12,7.13,--,6,4278,买盘
2296,11:27:09,7.13,--,75,53475,买盘
2297,11:27:06,7.13,--,5,3565,买盘
2298,11:27:03,7.13,0.01,345,245985,买盘
2299,11:27:00,7.12,-0.01,104,74048,卖盘
2300,11:26:57,7.13,0.01,307,218891,买盘
2301,11:26:54,7.12,--,4,2848,卖盘
2302,11:26:51,7.12,--,2,1424,卖盘
2303,11:26:48,7.12,--,74,52688,卖盘
2304,11:26:45,7.12,-0.01,27,19224,卖盘
2305,11:26:42,7.13,--,6,4278,买盘
2306,11:26:39,7.13,--,77,54901,买盘
2307,11:26:36,7.13,--,68,48484,买盘
2308,11:26:33,7.13,--,291,207483,买盘
2309,11:26:30,7.13,--,13,9269,买盘
2310,11:26:27,7.13,--,31,22103,买盘
2311,11:26:24,7.13,--,78,55614,买盘
2312,11:26:21,7.13,--,29,20677,买盘
2313,11:26:18,7.13,0.01,216,154008,买盘
2314,11:26:15,7.12,-0.01,46,32752,卖盘
2315,11:26:12,7.13,0.01,78,55614,买盘
2316,11:26:06,7.12,--,194,138128,卖盘
2317,11:26:03,7.12,--,329,234248,卖盘
2318,11:26:00,7.12,-0.01,1,712,卖盘
2319,11:25:54,7.13,--,31,22103,卖盘
2320,11:25:51,7.13,--,152,108376,买盘
2321,11:25:48,7.13,0.01,20,14260,买盘
2322,11:25:45,7.12,-0.01,37,26344,卖盘
2323,11:25:42,7.13,--,71,50623,买盘
2324,11:25:39,7.13,--,94,67022,买盘
2325,11:25:36,7.13,--,21,14973,买盘
2326,11:25:33,7.13,--,102,72726,买盘
2327,11:25:30,7.13,--,136,96968,买盘
2328,11:25:27,7.13,--,71,50623,买盘
2329,11:25:24,7.13,--,237,168981,买盘
2330,11:25:21,7.13,--,424,302312,买盘
2331,11:25:18,7.13,--,92,65596,买盘
2332,11:25:12,7.13,--,1,713,买盘
2333,11:25:09,7.13,--,120,85560,买盘
2334,11:25:06,7.13,--,72,51336,买盘
2335,11:25:00,7.13,0.01,2,1426,买盘
2336,11:24:57,7.12,-0.01,42,29904,卖盘
2337,11:24:54,7.13,0.01,109,77717,买盘
2338,11:24:51,7.12,--,92,65504,卖盘
2339,11:24:48,7.12,-0.01,107,76184,卖盘
2340,11:24:45,7.13,--,117,83421,买盘
2341,11:24:42,7.13,--,4,2852,买盘
2342,11:24:39,7.13,--,6,4278,买盘
2343,11:24:36,7.13,--,4,2852,买盘
2344,11:24:33,7.13,--,216,154008,买盘
2345,11:24:30,7.13,0.01,151,107663,买盘
2346,11:24:27,7.12,-0.01,1017,724104,卖盘
2347,11:24:24,7.13,--,31,22103,买盘
2348,11:24:21,7.13,--,69,49197,买盘
2349,11:24:18,7.13,--,329,234577,买盘
2350,11:24:15,7.13,--,31,22103,买盘
2351,11:24:12,7.13,--,28,19964,买盘
2352,11:24:09,7.13,-0.01,670,477710,卖盘
2353,11:24:06,7.14,--,243,173502,买盘
2354,11:24:03,7.14,0.01,101,72114,买盘
2355,11:24:00,7.13,--,422,300886,卖盘
2356,11:23:57,7.13,--,276,196788,买盘
2357,11:23:51,7.13,0.01,3,2139,买盘
2358,11:23:48,7.12,-0.01,78,55536,卖盘
2359,11:23:45,7.13,--,28,19964,买盘
2360,11:23:42,7.13,--,18,12834,买盘
2361,11:23:39,7.13,-0.01,3,2139,卖盘
2362,11:23:36,7.14,0.01,99,70686,买盘
2363,11:23:33,7.13,--,6,4278,买盘
2364,11:23:30,7.13,--,197,140461,卖盘
2365,11:23:27,7.13,-0.01,825,588225,卖盘
2366,11:23:24,7.14,--,293,209202,买盘
2367,11:23:21,7.14,--,206,147084,买盘
2368,11:23:18,7.14,0.01,106,75684,买盘
2369,11:23:15,7.13,-0.01,93,66309,卖盘
2370,11:23:12,7.14,0.01,226,161364,买盘
2371,11:23:09,7.13,-0.01,192,136896,卖盘
2372,11:23:06,7.14,0.01,88,62832,买盘
2373,11:23:03,7.13,--,155,110515,卖盘
2374,11:23:00,7.13,--,218,155434,卖盘
2375,11:22:57,7.13,--,8,5704,买盘
2376,11:22:54,7.13,-0.01,2,1426,中性盘
2377,11:22:51,7.14,0.01,179,127806,买盘
2378,11:22:48,7.13,0.01,85,60605,买盘
2379,11:22:45,7.12,-0.01,32,22784,卖盘
2380,11:22:42,7.13,--,269,191797,买盘
2381,11:22:39,7.13,-0.01,55,39215,卖盘
2382,11:22:36,7.14,--,7,4998,买盘
2383,11:22:33,7.14,0.01,297,212058,买盘
2384,11:22:30,7.13,--,136,96968,买盘
2385,11:22:27,7.13,--,167,119071,买盘
2386,11:22:24,7.13,--,28,19964,买盘
2387,11:22:21,7.13,--,1,713,买盘
2388,11:22:18,7.13,0.01,99,70587,买盘
2389,11:22:15,7.12,-0.01,40,28480,卖盘
2390,11:22:12,7.13,-0.01,47,33511,中性盘
2391,11:22:06,7.14,0.01,104,74256,买盘
2392,11:22:03,7.13,0.01,2,1426,买盘
2393,11:22:00,7.12,-0.01,46,32752,卖盘
2394,11:21:57,7.13,0.01,217,154721,买盘
2395,11:21:54,7.12,-0.01,423,301176,卖盘
2396,11:21:51,7.13,0.01,3,2139,买盘
2397,11:21:48,7.12,-0.01,108,76896,卖盘
2398,11:21:45,7.13,--,90,64170,买盘
2399,11:21:42,7.13,--,27,19251,买盘
2400,11:21:39,7.13,-0.01,244,173972,卖盘
2401,11:21:36,7.14,--,4,2856,买盘
2402,11:21:33,7.14,0.01,158,112812,买盘
2403,11:21:30,7.13,--,5,3565,买盘
2404,11:21:27,7.13,-0.01,100,71300,卖盘
2405,11:21:24,7.14,0.01,135,96390,买盘
2406,11:21:21,7.13,--,777,554001,买盘
2407,11:21:18,7.13,--,7,4991,买盘
2408,11:21:15,7.13,--,2,1426,买盘
2409,11:21:12,7.13,--,1,713,买盘
2410,11:21:09,7.13,-0.01,89,63457,卖盘
2411,11:21:06,7.14,--,5,3570,买盘
2412,11:21:03,7.14,--,188,134232,买盘
2413,11:21:00,7.14,0.01,66,47124,买盘
2414,11:20:54,7.13,--,149,106237,买盘
2415,11:20:51,7.13,--,21,14973,卖盘
2416,11:20:48,7.13,-0.01,76,54188,中性盘
2417,11:20:45,7.14,0.01,133,94962,买盘
2418,11:20:42,7.13,--,14,9982,买盘
2419,11:20:36,7.13,0.01,66,47058,中性盘
2420,11:20:33,7.12,-0.01,367,261304,卖盘
2421,11:20:30,7.13,--,750,534750,买盘
2422,11:20:27,7.13,--,2,1426,买盘
2423,11:20:24,7.13,--,178,126914,买盘
2424,11:20:21,7.13,--,141,100533,买盘
2425,11:20:18,7.13,--,108,77004,买盘
2426,11:20:15,7.13,--,63,44919,买盘
2427,11:20:12,7.13,--,5,3565,买盘
2428,11:20:09,7.13,--,10,7130,买盘
2429,11:20:06,7.13,--,17,12121,买盘
2430,11:20:03,7.13,--,64,45632,买盘
2431,11:20:00,7.13,0.01,3,2139,买盘
2432,11:19:57,7.12,-0.01,30,21360,卖盘
2433,11:19:54,7.13,--,4,2852,买盘
2434,11:19:51,7.13,0.01,243,173259,买盘
2435,11:19:48,7.12,-0.01,1,712,卖盘
2436,11:19:45,7.13,--,129,91977,买盘
2437,11:19:42,7.13,--,464,330832,买盘
2438,11:19:39,7.13,0.01,70,49910,买盘
2439,11:19:36,7.12,-0.01,153,108936,卖盘
2440,11:19:33,7.13,--,152,108376,买盘
2441,11:19:30,7.13,--,371,264523,买盘
2442,11:19:27,7.13,--,3000,2139000,买盘
2443,11:19:24,7.13,--,43,30659,买盘
2444,11:19:21,7.13,--,2,1426,买盘
2445,11:19:18,7.13,--,224,159712,买盘
2446,11:19:15,7.13,--,101,72013,买盘
2447,11:19:12,7.13,--,2,1426,买盘
2448,11:19:09,7.13,--,4,2852,买盘
2449,11:19:06,7.13,--,114,81282,买盘
2450,11:19:03,7.13,--,202,144026,买盘
2451,11:18:57,7.13,--,334,238142,买盘
2452,11:18:54,7.13,0.01,68,48484,买盘
2453,11:18:51,7.12,0.01,50,35600,卖盘
2454,11:18:48,7.11,-0.02,212,150732,卖盘
2455,11:18:45,7.13,0.01,243,173259,买盘
2456,11:18:42,7.12,--,31,22072,买盘
2457,11:18:39,7.12,--,23,16376,买盘
2458,11:18:36,7.12,--,1,712,买盘
2459,11:18:33,7.12,--,786,559632,卖盘
2460,11:18:30,7.12,-0.01,1,712,卖盘
2461,11:18:27,7.13,--,2,1426,买盘
2462,11:18:21,7.13,--,75,53475,买盘
2463,11:18:18,7.13,0.01,59,42067,买盘
2464,11:18:15,7.12,-0.01,10,7120,卖盘
2465,11:18:12,7.13,--,172,122636,买盘
2466,11:18:09,7.13,--,81,57753,买盘
2467,11:18:06,7.13,0.01,2,1426,买盘
2468,11:18:03,7.12,--,123,87576,卖盘
2469,11:18:00,7.12,--,82,58384,卖盘
2470,11:17:57,7.12,--,88,62656,卖盘
2471,11:17:54,7.12,-0.01,52,37024,中性盘
2472,11:17:51,7.13,0.02,104,74152,买盘
2473,11:17:48,7.11,-0.01,130,92430,卖盘
2474,11:17:45,7.12,--,28,19936,买盘
2475,11:17:42,7.12,--,523,372376,买盘
2476,11:17:39,7.12,--,1195,850840,买盘
2477,11:17:36,7.12,--,175,124600,买盘
2478,11:17:33,7.12,--,1,712,买盘
2479,11:17:30,7.12,--,87,61944,买盘
2480,11:17:27,7.12,-0.01,137,97544,卖盘
2481,11:17:24,7.13,0.01,101,72013,买盘
2482,11:17:21,7.12,-0.01,5,3560,卖盘
2483,11:17:18,7.13,0.01,131,93403,买盘
2484,11:17:15,7.12,--,71,50552,买盘
2485,11:17:12,7.12,--,20,14240,买盘
2486,11:17:09,7.12,--,31,22072,买盘
2487,11:17:06,7.12,--,441,313992,买盘
2488,11:17:03,7.12,--,68,48416,买盘
2489,11:16:54,7.12,--,102,72624,买盘
2490,11:16:51,7.12,--,118,84016,买盘
2491,11:16:48,7.12,--,34,24208,买盘
2492,11:16:45,7.12,--,43,30616,买盘
2493,11:16:42,7.12,--,122,86864,买盘
2494,11:16:39,7.12,--,2,1424,买盘
2495,11:16:36,7.12,--,7,4984,买盘
2496,11:16:33,7.12,-0.01,412,293344,卖盘
2497,11:16:30,7.13,--,71,50623,买盘
2498,11:16:27,7.13,--,2,1426,买盘
2499,11:16:21,7.13,--,27,19251,买盘
2500,11:16:18,7.13,--,321,228873,买盘
2501,11:16:15,7.13,0.01,2,1426,买盘
2502,11:16:12,7.12,-0.01,1087,773944,卖盘
2503,11:16:09,7.13,--,67,47771,买盘
2504,11:16:06,7.13,0.01,2,1426,买盘
2505,11:16:03,7.12,-0.01,50,35600,卖盘
2506,11:16:00,7.13,--,357,254541,买盘
2507,11:15:57,7.13,0.01,334,238142,买盘
2508,11:15:51,7.12,--,55,39160,卖盘
2509,11:15:48,7.12,-0.01,110,78320,卖盘
2510,11:15:45,7.13,0.01,176,125488,买盘
2511,11:15:42,7.12,-0.01,9,6408,卖盘
2512,11:15:39,7.13,--,1,713,买盘
2513,11:15:36,7.13,--,78,55614,买盘
2514,11:15:33,7.13,0.01,1,713,买盘
2515,11:15:30,7.12,--,1,712,卖盘
2516,11:15:27,7.12,-0.01,11,7832,卖盘
2517,11:15:24,7.13,--,217,154721,买盘
2518,11:15:21,7.13,--,39,27807,买盘
2519,11:15:18,7.13,--,7,4991,买盘
2520,11:15:15,7.13,--,83,59179,买盘
2521,11:15:12,7.13,--,72,51336,买盘
2522,11:15:06,7.13,0.01,28,19964,买盘
2523,11:15:03,7.12,-0.01,225,160200,卖盘
2524,11:15:00,7.13,--,78,55614,买盘
2525,11:14:54,7.13,--,6,4278,买盘
2526,11:14:51,7.13,0.01,210,149730,买盘
2527,11:14:48,7.12,--,63,44856,卖盘
2528,11:14:45,7.12,-0.01,27,19224,卖盘
2529,11:14:42,7.13,--,1,713,买盘
2530,11:14:39,7.13,--,66,47058,买盘
2531,11:14:36,7.13,--,84,59892,买盘
2532,11:14:33,7.13,0.01,12,8556,买盘
2533,11:14:30,7.12,-0.01,31,22072,卖盘
2534,11:14:27,7.13,--,155,110515,买盘
2535,11:14:24,7.13,--,1,713,买盘
2536,11:14:18,7.13,--,257,183241,买盘
2537,11:14:15,7.13,0.01,83,59179,买盘
2538,11:14:12,7.12,-0.01,20,14240,卖盘
2539,11:14:09,7.13,--,2,1426,买盘
2540,11:14:06,7.13,--,5,3565,买盘
2541,11:14:03,7.13,--,177,126201,买盘
2542,11:14:00,7.13,--,100,71300,买盘
2543,11:13:57,7.13,0.01,11,7843,买盘
2544,11:13:54,7.12,--,73,51976,卖盘
2545,11:13:51,7.12,--,10,7120,卖盘
2546,11:13:48,7.12,-0.01,6,4272,卖盘
2547,11:13:45,7.13,--,193,137609,买盘
2548,11:13:42,7.13,--,88,62744,买盘
2549,11:13:39,7.13,--,262,186806,买盘
2550,11:13:36,7.13,0.01,155,110515,买盘
2551,11:13:33,7.12,--,120,85440,卖盘
2552,11:13:30,7.12,--,76,54112,卖盘
2553,11:13:27,7.12,-0.01,31,22072,卖盘
2554,11:13:24,7.13,--,1,713,买盘
2555,11:13:21,7.13,--,1,713,买盘
2556,11:13:18,7.13,--,159,113367,买盘
2557,11:13:15,7.13,-0.01,1,713,中性盘
2558,11:13:12,7.14,0.01,171,122094,买盘
2559,11:13:09,7.13,0.01,71,50623,买盘
2560,11:13:06,7.12,-0.01,113,80456,卖盘
2561,11:13:03,7.13,--,43,30659,买盘
2562,11:12:57,7.13,--,64,45632,买盘
2563,11:12:54,7.13,--,13,9269,买盘
2564,11:12:51,7.13,0.01,20,14260,买盘
2565,11:12:48,7.12,-0.02,107,76184,中性盘
2566,11:12:45,7.14,0.02,72,51408,买盘
2567,11:12:42,7.12,-0.02,63,44856,卖盘
2568,11:12:39,7.14,0.01,149,106386,买盘
2569,11:12:36,7.13,--,3,2139,买盘
2570,11:12:33,7.13,0.01,65,46345,买盘
2571,11:12:30,7.12,-0.01,3,2136,中性盘
2572,11:12:24,7.13,0.01,85,60605,买盘
2573,11:12:21,7.12,--,11,7832,买盘
2574,11:12:18,7.12,--,6,4272,买盘
2575,11:12:15,7.12,--,90,64080,买盘
2576,11:12:12,7.12,--,66,46992,买盘
2577,11:12:09,7.12,--,5,3560,买盘
2578,11:12:06,7.12,--,257,182984,买盘
2579,11:12:03,7.12,--,111,79032,买盘
2580,11:12:00,7.12,0.01,122,86864,买盘
2581,11:11:54,7.11,-0.01,2,1422,卖盘
2582,11:11:51,7.12,0.01,74,52688,买盘
2583,11:11:48,7.11,-0.01,26,18486,卖盘
2584,11:11:45,7.12,--,41,29192,买盘
2585,11:11:42,7.12,--,1,712,买盘
2586,11:11:39,7.12,-0.01,2293,1632616,卖盘
2587,11:11:36,7.13,-0.01,4,2852,中性盘
2588,11:11:33,7.14,0.01,251,179214,买盘
2589,11:11:30,7.13,--,4,2852,买盘
2590,11:11:27,7.13,0.01,74,52762,买盘
2591,11:11:24,7.12,-0.01,18,12816,卖盘
2592,11:11:21,7.13,--,23,16399,买盘
2593,11:11:18,7.13,-0.01,48,34224,中性盘
2594,11:11:15,7.14,0.01,164,117096,买盘
2595,11:11:12,7.13,--,1,713,买盘
2596,11:11:09,7.13,--,109,77717,买盘
2597,11:11:06,7.13,--,78,55614,买盘
2598,11:11:00,7.13,0.01,213,151869,买盘
2599,11:10:57,7.12,-0.01,20,14240,卖盘
2600,11:10:54,7.13,0.01,61,43493,买盘
2601,11:10:48,7.12,--,4,2848,卖盘
2602,11:10:45,7.12,-0.01,27,19224,卖盘
2603,11:10:42,7.13,--,66,47058,买盘
2604,11:10:39,7.13,--,41,29233,卖盘
2605,11:10:36,7.13,-0.01,20,14260,买盘
2606,11:10:33,7.14,0.02,62,44268,买盘
2607,11:10:30,7.12,-0.01,749,533288,卖盘
2608,11:10:27,7.13,-0.01,179,127627,卖盘
2609,11:10:24,7.14,0.01,55,39270,买盘
2610,11:10:21,7.13,--,72,51336,买盘
2611,11:10:18,7.13,--,26,18538,买盘
2612,11:10:15,7.13,--,32,22816,买盘
2613,11:10:12,7.13,--,13,9269,买盘
2614,11:10:09,7.13,-0.01,277,197501,卖盘
2615,11:10:06,7.14,0.01,276,197064,买盘
2616,11:10:00,7.13,-0.01,193,137609,卖盘
2617,11:09:57,7.14,--,84,59976,买盘
2618,11:09:54,7.14,0.02,296,211344,买盘
2619,11:09:51,7.12,-0.01,50,35600,卖盘
2620,11:09:48,7.13,-0.01,116,82708,中性盘
2621,11:09:45,7.14,0.01,114,81396,买盘
2622,11:09:42,7.13,--,125,89125,卖盘
2623,11:09:39,7.13,--,78,55614,买盘
2624,11:09:36,7.13,--,67,47771,买盘
2625,11:09:33,7.13,--,134,95542,买盘
2626,11:09:30,7.13,--,5,3565,买盘
2627,11:09:27,7.13,-0.01,61,43493,中性盘
2628,11:09:24,7.14,0.01,63,44982,买盘
2629,11:09:21,7.13,--,151,107663,买盘
2630,11:09:18,7.13,--,26,18538,买盘
2631,11:09:15,7.13,--,109,77717,买盘
2632,11:09:12,7.13,--,104,74152,买盘
2633,11:09:09,7.13,--,29,20677,买盘
2634,11:09:06,7.13,--,2,1426,买盘
2635,11:09:03,7.13,--,61,43493,买盘
2636,11:09:00,7.13,--,133,94829,买盘
2637,11:08:57,7.13,--,221,157573,买盘
2638,11:08:51,7.13,0.01,82,58466,买盘
2639,11:08:48,7.12,-0.01,165,117480,卖盘
2640,11:08:45,7.13,--,110,78430,买盘
2641,11:08:42,7.13,0.01,31,22103,买盘
2642,11:08:39,7.12,-0.01,122,86864,卖盘
2643,11:08:36,7.13,--,29,20677,买盘
2644,11:08:33,7.13,--,1,713,买盘
2645,11:08:30,7.13,-0.01,73,52049,中性盘
2646,11:08:27,7.14,0.02,11,7854,买盘
2647,11:08:24,7.12,-0.01,168,119616,卖盘
2648,11:08:21,7.13,--,1,713,买盘
2649,11:08:18,7.13,--,77,54901,买盘
2650,11:08:15,7.13,--,370,263810,买盘
2651,11:08:12,7.13,--,1,713,买盘
2652,11:08:06,7.13,0.01,118,84134,买盘
2653,11:08:03,7.12,-0.01,5,3560,卖盘
2654,11:08:00,7.13,--,30,21390,买盘
2655,11:07:57,7.13,-0.01,4,2852,中性盘
2656,11:07:54,7.14,0.01,70,49980,买盘
2657,11:07:51,7.13,0.01,20,14260,买盘
2658,11:07:48,7.12,-0.01,7,4984,卖盘
2659,11:07:45,7.13,--,34,24242,买盘
2660,11:07:42,7.13,--,212,151156,买盘
2661,11:07:39,7.13,0.01,35,24955,中性盘
2662,11:07:36,7.12,-0.02,261,185832,卖盘
2663,11:07:33,7.14,0.01,376,268464,买盘
2664,11:07:30,7.13,--,142,101246,买盘
2665,11:07:27,7.13,--,3,2139,买盘
2666,11:07:24,7.13,--,1,713,买盘
2667,11:07:21,7.13,--,64,45632,买盘
2668,11:07:18,7.13,-0.01,6,4278,中性盘
2669,11:07:15,7.14,0.01,117,83538,买盘
2670,11:07:12,7.13,-0.01,1,713,买盘
2671,11:07:09,7.14,0.01,229,163506,买盘
2672,11:07:06,7.13,--,152,108376,买盘
2673,11:07:03,7.13,0.01,2,1426,买盘
2674,11:07:00,7.12,--,155,110360,卖盘
2675,11:06:57,7.12,-0.01,140,99680,卖盘
2676,11:06:54,7.13,--,209,149017,买盘
2677,11:06:51,7.13,0.01,87,62031,买盘
2678,11:06:48,7.12,-0.02,69,49128,卖盘
2679,11:06:45,7.14,0.01,128,91392,买盘
2680,11:06:42,7.13,--,59,42067,买盘
2681,11:06:39,7.13,0.01,65,46345,买盘
2682,11:06:36,7.12,-0.01,402,286224,卖盘
2683,11:06:33,7.13,--,66,47058,买盘
2684,11:06:30,7.13,--,42,29946,买盘
2685,11:06:27,7.13,--,39,27807,买盘
2686,11:06:24,7.13,--,73,52049,买盘
2687,11:06:21,7.13,--,1,713,买盘
2688,11:06:18,7.13,--,111,79143,买盘
2689,11:06:15,7.13,--,73,52049,买盘
2690,11:06:12,7.13,0.01,9,6417,买盘
2691,11:06:09,7.12,-0.01,27,19224,卖盘
2692,11:06:06,7.13,0.01,7,4991,卖盘
2693,11:06:03,7.12,-0.02,267,190104,卖盘
2694,11:06:00,7.14,0.01,101,72114,买盘
2695,11:05:57,7.13,-0.01,10,7130,买盘
2696,11:05:54,7.14,0.01,161,114954,买盘
2697,11:05:51,7.13,--,65,46345,买盘
2698,11:05:48,7.13,--,23,16399,买盘
2699,11:05:45,7.13,--,98,69874,买盘
2700,11:05:42,7.13,--,61,43493,买盘
2701,11:05:39,7.13,-0.01,130,92690,卖盘
2702,11:05:36,7.14,0.02,104,74256,买盘
2703,11:05:33,7.12,-0.02,1000,712000,卖盘
2704,11:05:30,7.14,0.01,60,42840,买盘
2705,11:05:27,7.13,-0.01,2,1426,买盘
2706,11:05:24,7.14,0.01,102,72828,买盘
2707,11:05:21,7.13,--,129,91977,买盘
2708,11:05:18,7.13,--,69,49197,买盘
2709,11:05:15,7.13,--,109,77717,买盘
2710,11:05:12,7.13,--,90,64170,买盘
2711,11:05:06,7.13,0.01,92,65596,买盘
2712,11:05:03,7.12,-0.01,41,29192,卖盘
2713,11:05:00,7.13,--,3,2139,买盘
2714,11:04:57,7.13,--,218,155434,买盘
2715,11:04:54,7.13,--,68,48484,买盘
2716,11:04:51,7.13,0.01,1,713,买盘
2717,11:04:48,7.12,--,132,93984,卖盘
2718,11:04:45,7.12,-0.01,177,126024,卖盘
2719,11:04:42,7.13,--,1,713,买盘
2720,11:04:39,7.13,--,49,34937,买盘
2721,11:04:36,7.13,--,11,7843,买盘
2722,11:04:33,7.13,--,70,49910,买盘
2723,11:04:30,7.13,0.01,2,1426,买盘
2724,11:04:27,7.12,-0.01,105,74760,卖盘
2725,11:04:24,7.13,--,252,179676,买盘
2726,11:04:21,7.13,0.01,69,49197,买盘
2727,11:04:18,7.12,--,62,44144,卖盘
2728,11:04:15,7.12,--,50,35600,卖盘
2729,11:04:12,7.12,-0.01,104,74048,卖盘
2730,11:04:09,7.13,--,16,11408,买盘
2731,11:04:06,7.13,0.01,17,12121,买盘
2732,11:04:03,7.12,-0.01,56,39872,卖盘
2733,11:04:00,7.13,--,84,59892,买盘
2734,11:03:57,7.13,0.01,1,713,买盘
2735,11:03:54,7.12,-0.01,23,16376,卖盘
2736,11:03:51,7.13,0.01,159,113367,买盘
2737,11:03:48,7.12,-0.01,73,51976,卖盘
2738,11:03:45,7.13,--,33,23529,买盘
2739,11:03:42,7.13,-0.01,1522,1085606,卖盘
2740,11:03:39,7.14,--,483,344862,买盘
2741,11:03:36,7.14,0.01,65,46410,买盘
2742,11:03:33,7.13,-0.01,101,72013,卖盘
2743,11:03:30,7.14,--,372,265608,买盘
2744,11:03:27,7.14,0.01,171,122094,买盘
2745,11:03:24,7.13,-0.01,46,32798,卖盘
2746,11:03:21,7.14,0.01,61,43554,买盘
2747,11:03:18,7.13,-0.01,345,245985,卖盘
2748,11:03:15,7.14,0.01,128,91392,买盘
2749,11:03:12,7.13,--,25,17825,卖盘
2750,11:03:09,7.13,-0.01,368,262384,卖盘
2751,11:03:06,7.14,--,2,1428,买盘
2752,11:03:03,7.14,--,73,52122,买盘
2753,11:03:00,7.14,--,154,109956,买盘
2754,11:02:57,7.14,0.01,102,72828,买盘
2755,11:02:54,7.13,--,70,49910,卖盘
2756,11:02:51,7.13,--,13,9269,卖盘
2757,11:02:48,7.13,--,608,433504,卖盘
2758,11:02:45,7.13,-0.01,275,196075,卖盘
2759,11:02:42,7.14,--,72,51408,买盘
2760,11:02:39,7.14,--,15,10710,买盘
2761,11:02:36,7.14,--,7,4998,买盘
2762,11:02:33,7.14,--,3,2142,买盘
2763,11:02:30,7.14,--,172,122808,买盘
2764,11:02:27,7.14,--,14,9996,买盘
2765,11:02:24,7.14,--,1,714,买盘
2766,11:02:21,7.14,-0.01,1,714,买盘
2767,11:02:18,7.15,0.02,99,70785,买盘
2768,11:02:15,7.13,-0.01,40,28520,卖盘
2769,11:02:12,7.14,--,274,195636,卖盘
2770,11:02:09,7.14,0.01,157,112098,买盘
2771,11:02:06,7.13,-0.01,158,112654,卖盘
2772,11:02:03,7.14,--,7,4998,买盘
2773,11:02:00,7.14,--,8,5712,卖盘
2774,11:01:57,7.14,--,115,82110,卖盘
2775,11:01:54,7.14,--,191,136374,买盘
2776,11:01:51,7.14,0.01,21,14994,买盘
2777,11:01:48,7.13,-0.02,8,5704,卖盘
2778,11:01:45,7.15,--,97,69355,买盘
2779,11:01:42,7.15,0.01,98,70070,买盘
2780,11:01:39,7.14,--,181,129234,买盘
2781,11:01:36,7.14,-0.01,188,134232,卖盘
2782,11:01:33,7.15,0.01,220,157300,买盘
2783,11:01:30,7.14,--,45,32130,卖盘
2784,11:01:27,7.14,-0.01,107,76398,卖盘
2785,11:01:24,7.15,--,96,68640,买盘
2786,11:01:21,7.15,0.01,137,97955,买盘
2787,11:01:18,7.14,-0.01,49,34986,卖盘
2788,11:01:15,7.15,--,50,35750,买盘
2789,11:01:12,7.15,0.01,188,134420,买盘
2790,11:01:06,7.14,0.01,206,147084,买盘
2791,11:01:03,7.13,-0.02,91,64883,卖盘
2792,11:01:00,7.15,0.01,252,180180,买盘
2793,11:00:57,7.14,--,53,37842,卖盘
2794,11:00:54,7.14,--,70,49980,卖盘
2795,11:00:51,7.14,-0.01,11,7854,中性盘
2796,11:00:48,7.15,0.01,73,52195,买盘
2797,11:00:45,7.14,--,487,347718,买盘
2798,11:00:42,7.14,-0.01,110,78540,卖盘
2799,11:00:39,7.15,--,124,88660,买盘
2800,11:00:36,7.15,--,112,80080,买盘
2801,11:00:33,7.15,0.01,151,107965,买盘
2802,11:00:30,7.14,--,70,49980,卖盘
2803,11:00:27,7.14,-0.01,118,84252,卖盘
2804,11:00:24,7.15,--,60,42900,买盘
2805,11:00:21,7.15,0.01,31,22165,买盘
2806,11:00:18,7.14,--,32,22848,卖盘
2807,11:00:15,7.14,-0.01,169,120666,卖盘
2808,11:00:12,7.15,0.01,15,10725,买盘
2809,11:00:09,7.14,-0.01,2344,1673616,卖盘
2810,11:00:06,7.15,--,173,123695,买盘
2811,11:00:03,7.15,--,190,135850,买盘
2812,11:00:00,7.15,--,207,148005,买盘
2813,10:59:57,7.15,0.01,191,136565,买盘
2814,10:59:54,7.14,--,536,383275,买盘
2815,10:59:51,7.14,--,156,111384,买盘
2816,10:59:48,7.14,--,133,95104,卖盘
2817,10:59:45,7.14,-0.01,182,130519,卖盘
2818,10:59:42,7.15,--,77,55055,买盘
2819,10:59:39,7.15,--,106,75790,买盘
2820,10:59:36,7.15,--,56,40040,买盘
2821,10:59:33,7.15,--,3,2145,买盘
2822,10:59:30,7.15,--,69,49335,买盘
2823,10:59:27,7.15,0.01,366,261690,买盘
2824,10:59:24,7.14,--,1,714,买盘
2825,10:59:21,7.14,--,280,199920,买盘
2826,10:59:18,7.14,--,285,203490,卖盘
2827,10:59:15,7.14,-0.01,35,24990,卖盘
2828,10:59:12,7.15,0.01,102,72930,买盘
2829,10:59:09,7.14,--,155,110670,卖盘
2830,10:59:06,7.14,-0.01,72,51408,买盘
2831,10:59:03,7.15,0.01,626,447590,买盘
2832,10:59:00,7.14,--,2,1428,买盘
2833,10:58:57,7.14,--,103,73542,买盘
2834,10:58:54,7.14,--,165,117810,买盘
2835,10:58:51,7.14,0.01,13,9282,买盘
2836,10:58:48,7.13,--,74,52762,卖盘
2837,10:58:45,7.13,-0.01,26,18538,卖盘
2838,10:58:42,7.14,--,205,146370,买盘
2839,10:58:39,7.14,-0.01,101,72114,卖盘
2840,10:58:36,7.15,0.01,72,51480,买盘
2841,10:58:33,7.14,-0.01,703,501942,卖盘
2842,10:58:30,7.15,--,1,715,买盘
2843,10:58:27,7.15,--,130,92950,买盘
2844,10:58:24,7.15,--,104,74360,买盘
2845,10:58:21,7.15,0.01,149,106535,买盘
2846,10:58:18,7.14,-0.01,5,3570,中性盘
2847,10:58:15,7.15,--,3,2145,买盘
2848,10:58:12,7.15,0.01,257,183755,买盘
2849,10:58:09,7.14,--,10,7140,买盘
2850,10:58:06,7.14,--,42,29988,买盘
2851,10:58:03,7.14,0.01,66,47124,买盘
2852,10:58:00,7.13,-0.01,53,37789,卖盘
2853,10:57:57,7.14,--,5,3570,买盘
2854,10:57:54,7.14,0.01,19,13566,中性盘
2855,10:57:51,7.13,-0.02,81,57753,卖盘
2856,10:57:48,7.15,0.01,168,120120,买盘
2857,10:57:45,7.14,--,168,119952,卖盘
2858,10:57:42,7.14,-0.01,149,106386,卖盘
2859,10:57:39,7.15,--,582,416130,买盘
2860,10:57:36,7.15,0.01,298,213070,买盘
2861,10:57:33,7.14,-0.01,55,39270,卖盘
2862,10:57:30,7.15,0.01,91,65065,买盘
2863,10:57:27,7.14,-0.01,23,16422,卖盘
2864,10:57:24,7.15,0.01,82,58630,买盘
2865,10:57:21,7.14,--,2,1428,买盘
2866,10:57:18,7.14,-0.01,104,74256,卖盘
2867,10:57:15,7.15,0.01,200,143000,买盘
2868,10:57:12,7.14,--,52,37128,卖盘
2869,10:57:09,7.14,0.01,5,3570,卖盘
2870,10:57:06,7.13,-0.01,74,52762,卖盘
