,time,price,change,volume,amount,type
0,15:00:03,8.58,--,8775,7529318,卖盘
1,14:57:00,8.58,--,125,107250,卖盘
2,14:56:57,8.58,--,38,32604,卖盘
3,14:56:54,8.58,-0.01,67,57486,卖盘
4,14:56:51,8.59,--,42,36078,买盘
5,14:56:48,8.59,--,153,131427,买盘
6,14:56:45,8.59,--,23,19757,买盘
7,14:56:42,8.59,0.01,77,66143,买盘
8,14:56:39,8.58,--,174,149292,卖盘
9,14:56:36,8.58,--,221,189618,卖盘
10,14:56:33,8.58,-0.01,44,37752,卖盘
11,14:56:30,8.59,0.01,265,227635,买盘
12,14:56:27,8.58,--,34,29172,卖盘
13,14:56:24,8.58,-0.01,100,85800,卖盘
14,14:56:21,8.59,0.01,282,242238,买盘
15,14:56:18,8.58,--,68,58344,卖盘
16,14:56:15,8.58,-0.01,248,212784,卖盘
17,14:56:12,8.59,0.01,265,227635,买盘
18,14:56:09,8.58,--,139,119262,卖盘
19,14:56:06,8.58,--,82,70356,卖盘
20,14:56:03,8.58,-0.01,842,722436,卖盘
21,14:56:00,8.59,--,208,178672,买盘
22,14:55:57,8.59,--,349,299791,买盘
23,14:55:54,8.59,--,96,82464,买盘
24,14:55:51,8.59,0.01,73,62707,买盘
25,14:55:48,8.58,-0.01,108,92664,卖盘
26,14:55:45,8.59,0.01,297,255123,买盘
27,14:55:42,8.58,-0.01,133,114114,卖盘
28,14:55:39,8.59,0.01,252,217249,买盘
29,14:55:36,8.58,--,455,390467,卖盘
30,14:55:33,8.58,-0.01,52,44616,卖盘
31,14:55:30,8.59,--,373,320407,买盘
32,14:55:27,8.59,0.01,95,81605,买盘
33,14:55:24,8.58,--,450,386100,卖盘
34,14:55:21,8.58,--,1312,1125696,卖盘
35,14:55:18,8.58,--,117,100386,卖盘
36,14:55:15,8.58,--,138,118404,卖盘
37,14:55:12,8.58,--,250,214500,卖盘
38,14:55:09,8.58,-0.01,135,115830,卖盘
39,14:55:06,8.59,--,321,275739,买盘
40,14:55:03,8.59,--,63,54117,买盘
41,14:55:00,8.59,--,88,75592,买盘
42,14:54:57,8.59,0.01,1353,1162227,买盘
43,14:54:54,8.58,--,170,145860,卖盘
44,14:54:51,8.58,-0.01,224,192192,卖盘
45,14:54:48,8.59,0.01,505,433795,买盘
46,14:54:45,8.58,-0.01,45,38610,卖盘
47,14:54:42,8.59,0.01,88,75592,买盘
48,14:54:39,8.58,--,398,341484,卖盘
49,14:54:36,8.58,--,204,175032,卖盘
50,14:54:33,8.58,--,172,147576,卖盘
51,14:54:30,8.58,--,15,12870,卖盘
52,14:54:27,8.58,--,21,18018,卖盘
53,14:54:24,8.58,--,44,37752,卖盘
54,14:54:21,8.58,--,78,66924,卖盘
55,14:54:18,8.58,-0.01,39,33462,卖盘
56,14:54:15,8.59,0.01,250,214750,买盘
57,14:54:12,8.58,-0.01,216,185328,卖盘
58,14:54:09,8.59,0.01,510,438090,买盘
59,14:54:06,8.58,--,220,189540,卖盘
60,14:54:03,8.58,--,328,281424,卖盘
61,14:54:00,8.58,-0.01,125,107250,卖盘
62,14:53:57,8.59,0.01,80,68720,买盘
63,14:53:54,8.58,--,26,22308,卖盘
64,14:53:51,8.58,-0.01,167,143286,卖盘
65,14:53:48,8.59,0.01,2,1718,买盘
66,14:53:45,8.58,-0.01,598,513084,卖盘
67,14:53:42,8.59,0.01,30,25770,买盘
68,14:53:39,8.58,-0.01,127,108966,卖盘
69,14:53:36,8.59,--,454,389986,买盘
70,14:53:33,8.59,0.01,201,172659,买盘
71,14:53:30,8.58,-0.01,53,45474,卖盘
72,14:53:27,8.59,0.01,96,82464,买盘
73,14:53:24,8.58,--,4,3432,卖盘
74,14:53:21,8.58,-0.01,218,187044,卖盘
75,14:53:18,8.59,--,326,280034,买盘
76,14:53:15,8.59,--,64,54976,买盘
77,14:53:12,8.59,--,172,147748,买盘
78,14:53:09,8.59,--,159,136581,买盘
79,14:53:06,8.59,0.01,254,218186,买盘
80,14:53:03,8.58,-0.01,153,131274,卖盘
81,14:53:00,8.59,--,89,76451,买盘
82,14:52:57,8.59,0.01,88,75592,买盘
83,14:52:54,8.58,--,412,353496,卖盘
84,14:52:51,8.58,-0.01,40,34320,卖盘
85,14:52:48,8.59,0.01,37,31783,买盘
86,14:52:45,8.58,--,88,75504,卖盘
87,14:52:42,8.58,--,164,140712,卖盘
88,14:52:39,8.58,-0.01,100,85800,卖盘
89,14:52:36,8.59,--,62,53258,买盘
90,14:52:33,8.59,0.01,53,45527,买盘
91,14:52:30,8.58,-0.01,23,19734,卖盘
92,14:52:27,8.59,--,151,129709,买盘
93,14:52:24,8.59,--,26,22334,买盘
94,14:52:21,8.59,0.01,292,250828,买盘
95,14:52:18,8.58,-0.01,124,106392,卖盘
96,14:52:15,8.59,--,25,21475,买盘
97,14:52:12,8.59,0.01,40,34360,买盘
98,14:52:09,8.58,-0.01,117,100386,卖盘
99,14:52:06,8.59,--,9,7731,买盘
100,14:52:03,8.59,--,4,3436,买盘
101,14:52:00,8.59,--,58,49822,买盘
102,14:51:57,8.59,--,1328,1140752,买盘
103,14:51:54,8.59,--,53,45527,买盘
104,14:51:51,8.59,--,44,37796,买盘
105,14:51:48,8.59,0.01,53,45527,买盘
106,14:51:45,8.58,--,417,357786,卖盘
107,14:51:42,8.58,-0.01,222,190476,卖盘
108,14:51:39,8.59,--,35,30065,买盘
109,14:51:36,8.59,--,69,59271,买盘
110,14:51:33,8.59,--,16,13744,买盘
111,14:51:30,8.59,--,100,85900,买盘
112,14:51:27,8.59,--,17,14603,买盘
113,14:51:24,8.59,--,157,134863,买盘
114,14:51:21,8.59,--,34,29206,买盘
115,14:51:18,8.59,--,66,56771,卖盘
116,14:51:15,8.59,--,36,31267,卖盘
117,14:51:12,8.59,--,214,183826,卖盘
118,14:51:09,8.59,--,744,639534,买盘
119,14:51:06,8.59,--,70,60130,买盘
120,14:51:03,8.59,--,525,450975,买盘
121,14:51:00,8.59,--,52,44668,买盘
122,14:50:57,8.59,--,1037,890783,买盘
123,14:50:54,8.59,--,8,6872,买盘
124,14:50:51,8.59,--,35,30065,买盘
125,14:50:48,8.59,--,377,323843,买盘
126,14:50:45,8.59,--,34,29206,买盘
127,14:50:42,8.59,--,659,566081,买盘
128,14:50:39,8.59,--,74,63566,买盘
129,14:50:36,8.59,--,165,141735,买盘
130,14:50:33,8.59,--,16,13744,买盘
131,14:50:30,8.59,0.01,61,52399,买盘
132,14:50:27,8.58,-0.01,122,104676,卖盘
133,14:50:24,8.59,0.01,10,8590,买盘
134,14:50:21,8.58,-0.01,181,156095,卖盘
135,14:50:18,8.59,--,344,295496,买盘
136,14:50:15,8.59,--,41,35219,买盘
137,14:50:12,8.59,--,17,14603,买盘
138,14:50:09,8.59,--,78,67002,买盘
139,14:50:06,8.59,0.01,32,27488,买盘
140,14:50:03,8.58,--,71,60918,卖盘
141,14:50:00,8.58,-0.01,257,220506,卖盘
142,14:49:57,8.59,--,205,176095,买盘
143,14:49:54,8.59,--,210,180390,买盘
144,14:49:51,8.59,0.01,104,89336,买盘
145,14:49:48,8.58,--,50,42900,卖盘
146,14:49:45,8.58,--,175,150510,买盘
147,14:49:42,8.58,--,17,14586,买盘
148,14:49:39,8.58,--,383,328614,买盘
149,14:49:36,8.58,--,112,96096,买盘
150,14:49:33,8.58,0.01,127,108966,买盘
151,14:49:30,8.57,-0.01,4,3428,卖盘
152,14:49:27,8.58,0.01,1259,1080222,买盘
153,14:49:24,8.57,-0.01,179,153403,卖盘
154,14:49:21,8.58,0.01,37,31746,买盘
155,14:49:18,8.57,-0.01,115,98555,卖盘
156,14:49:15,8.58,0.01,542,465036,买盘
157,14:49:12,8.57,-0.01,179,153403,卖盘
158,14:49:09,8.58,--,238,204204,买盘
159,14:49:06,8.58,0.01,597,512226,买盘
160,14:49:03,8.57,--,60,51420,卖盘
161,14:49:00,8.57,-0.01,28,23996,卖盘
162,14:48:57,8.58,0.01,22,18876,买盘
163,14:48:54,8.57,--,84,71988,卖盘
164,14:48:51,8.57,--,123,105411,卖盘
165,14:48:48,8.57,--,110,94270,卖盘
166,14:48:45,8.57,--,231,197967,卖盘
167,14:48:42,8.57,-0.01,179,153403,卖盘
168,14:48:39,8.58,0.01,107,91806,买盘
169,14:48:36,8.57,--,1103,945271,卖盘
170,14:48:33,8.57,-0.01,73,62561,卖盘
171,14:48:30,8.58,0.01,730,626340,买盘
172,14:48:27,8.57,--,528,452496,卖盘
173,14:48:24,8.57,-0.01,95,81415,卖盘
174,14:48:21,8.58,0.01,110,94380,买盘
175,14:48:18,8.57,--,74,63418,卖盘
176,14:48:15,8.57,--,316,270812,卖盘
177,14:48:12,8.57,0.01,186,159839,买盘
178,14:48:09,8.56,-0.01,97,83032,卖盘
179,14:48:06,8.57,--,956,819292,买盘
180,14:48:03,8.57,0.01,99,84843,买盘
181,14:48:00,8.56,-0.01,129,110424,卖盘
182,14:47:57,8.57,0.01,753,645321,买盘
183,14:47:54,8.56,--,163,139528,卖盘
184,14:47:51,8.56,-0.01,215,184040,卖盘
185,14:47:48,8.57,0.01,456,390792,买盘
186,14:47:45,8.56,--,83,71048,卖盘
187,14:47:42,8.56,-0.01,989,846584,卖盘
188,14:47:39,8.57,--,289,247673,买盘
189,14:47:36,8.57,--,121,103697,买盘
190,14:47:33,8.57,--,64,54848,买盘
191,14:47:30,8.57,--,64,54848,买盘
192,14:47:27,8.57,--,256,219392,买盘
193,14:47:24,8.57,--,14,11998,买盘
194,14:47:21,8.57,--,34,29138,买盘
195,14:47:18,8.57,--,1532,1313343,卖盘
196,14:47:15,8.57,-0.01,775,664175,卖盘
197,14:47:12,8.58,0.01,26,22308,买盘
198,14:47:09,8.57,--,442,378794,卖盘
199,14:47:06,8.57,-0.01,526,450782,卖盘
200,14:47:03,8.58,--,97,83226,买盘
201,14:47:00,8.58,0.01,20,17160,买盘
202,14:46:54,8.57,--,137,117409,卖盘
203,14:46:51,8.57,-0.01,61,52277,卖盘
204,14:46:48,8.58,0.01,225,193050,买盘
205,14:46:45,8.57,-0.01,11,9427,卖盘
206,14:46:42,8.58,0.01,194,166452,买盘
207,14:46:39,8.57,-0.01,3047,2611279,卖盘
208,14:46:36,8.58,0.01,110,94380,买盘
209,14:46:33,8.57,--,106,90842,卖盘
210,14:46:30,8.57,-0.01,608,521056,卖盘
211,14:46:27,8.58,--,20,17160,买盘
212,14:46:24,8.58,0.01,650,557700,买盘
213,14:46:21,8.57,-0.01,40,34280,卖盘
214,14:46:18,8.58,--,103,88374,买盘
215,14:46:15,8.58,--,214,183612,买盘
216,14:46:12,8.58,--,171,146718,买盘
217,14:46:09,8.58,--,69,59202,买盘
218,14:46:06,8.58,--,24,20592,买盘
219,14:46:03,8.58,--,8,6864,买盘
220,14:46:00,8.58,--,105,90090,买盘
221,14:45:57,8.58,0.01,673,577434,买盘
222,14:45:54,8.57,-0.01,66,56562,卖盘
223,14:45:51,8.58,--,268,229944,买盘
224,14:45:48,8.58,--,29,24882,买盘
225,14:45:45,8.58,--,136,116688,买盘
226,14:45:42,8.58,--,267,229086,买盘
227,14:45:39,8.58,--,75,64350,买盘
228,14:45:36,8.58,-0.01,383,328614,卖盘
229,14:45:33,8.59,0.01,31,26629,买盘
230,14:45:30,8.58,--,350,300300,卖盘
231,14:45:27,8.58,--,23,19734,卖盘
232,14:45:24,8.58,--,94,80652,卖盘
233,14:45:21,8.58,-0.01,116,99528,卖盘
234,14:45:18,8.59,--,208,178672,买盘
235,14:45:15,8.59,--,312,268008,买盘
236,14:45:12,8.59,0.01,34,29206,买盘
237,14:45:09,8.58,--,128,109824,卖盘
238,14:45:06,8.58,--,22,18876,卖盘
239,14:45:03,8.58,-0.01,103,88374,卖盘
240,14:45:00,8.59,0.01,58,49822,买盘
241,14:44:57,8.58,--,174,149292,卖盘
242,14:44:54,8.58,-0.01,88,75504,卖盘
243,14:44:51,8.59,--,45,38655,买盘
244,14:44:48,8.59,--,10,8590,买盘
245,14:44:45,8.59,0.01,74,63566,买盘
246,14:44:42,8.58,--,373,320034,卖盘
247,14:44:39,8.58,-0.01,41,35178,卖盘
248,14:44:36,8.59,0.01,90,77310,买盘
249,14:44:33,8.58,--,13,11154,卖盘
250,14:44:30,8.58,--,114,97812,卖盘
251,14:44:27,8.58,--,178,152724,卖盘
252,14:44:24,8.58,-0.01,200,171600,卖盘
253,14:44:21,8.59,0.01,105,90195,买盘
254,14:44:18,8.58,-0.01,66,56628,卖盘
255,14:44:15,8.59,--,106,91054,买盘
256,14:44:12,8.59,--,36,30924,买盘
257,14:44:09,8.59,0.01,39,33501,买盘
258,14:44:06,8.58,--,11,9438,卖盘
259,14:44:03,8.58,--,25,21450,卖盘
260,14:44:00,8.58,-0.01,36,30888,卖盘
261,14:43:57,8.59,--,1058,908822,买盘
262,14:43:54,8.59,0.01,192,164928,买盘
263,14:43:51,8.58,--,171,146718,买盘
264,14:43:48,8.58,--,592,507936,卖盘
265,14:43:45,8.58,--,83,71214,卖盘
266,14:43:42,8.58,-0.01,50,42900,卖盘
267,14:43:39,8.59,--,1379,1184561,买盘
268,14:43:36,8.59,--,241,207019,买盘
269,14:43:33,8.59,0.01,90,77310,买盘
270,14:43:30,8.58,--,202,173316,卖盘
271,14:43:27,8.58,--,24,20592,卖盘
272,14:43:24,8.58,-0.01,186,159588,卖盘
273,14:43:21,8.59,0.01,412,353908,买盘
274,14:43:18,8.58,-0.01,189,162162,卖盘
275,14:43:15,8.59,--,24,20616,买盘
276,14:43:12,8.59,--,206,176954,买盘
277,14:43:09,8.59,--,51,43809,买盘
278,14:43:06,8.59,--,24,20616,买盘
279,14:43:03,8.59,0.01,22,18898,买盘
280,14:43:00,8.58,--,120,102960,卖盘
281,14:42:57,8.58,-0.01,25,21450,卖盘
282,14:42:54,8.59,0.01,565,485335,买盘
283,14:42:51,8.58,-0.01,262,224796,卖盘
284,14:42:48,8.59,--,10,8590,买盘
285,14:42:45,8.59,0.01,129,110811,买盘
286,14:42:42,8.58,--,22,18876,卖盘
287,14:42:39,8.58,--,102,87516,卖盘
288,14:42:36,8.58,-0.01,293,251394,卖盘
289,14:42:33,8.59,--,440,377960,买盘
290,14:42:30,8.59,--,226,194134,买盘
291,14:42:27,8.59,0.01,115,98785,买盘
292,14:42:24,8.58,-0.01,392,336336,卖盘
293,14:42:21,8.59,--,43,36937,买盘
294,14:42:18,8.59,--,1,859,买盘
295,14:42:15,8.59,--,27,23193,买盘
296,14:42:12,8.59,--,86,73874,卖盘
297,14:42:09,8.59,--,782,671738,买盘
298,14:42:06,8.59,0.01,449,385691,买盘
299,14:42:03,8.58,--,20,17160,卖盘
300,14:41:57,8.58,-0.01,340,291720,卖盘
301,14:41:54,8.59,--,22,18898,买盘
302,14:41:51,8.59,--,45,38655,买盘
303,14:41:48,8.59,0.01,18,15462,买盘
304,14:41:45,8.58,-0.01,16,13728,卖盘
305,14:41:42,8.59,--,24,20616,买盘
306,14:41:39,8.59,--,62,53258,买盘
307,14:41:36,8.59,--,4,3436,买盘
308,14:41:33,8.59,--,19,16321,买盘
309,14:41:30,8.59,--,111,95349,卖盘
310,14:41:27,8.59,--,60,51540,卖盘
311,14:41:24,8.59,--,154,132286,卖盘
312,14:41:21,8.59,--,10,8590,卖盘
313,14:41:18,8.59,--,75,64425,卖盘
314,14:41:15,8.59,-0.01,76,65284,中性盘
315,14:41:12,8.6,0.01,270,232200,买盘
316,14:41:09,8.59,-0.01,198,170082,卖盘
317,14:41:06,8.6,--,25,21500,买盘
318,14:41:03,8.6,0.01,866,744760,买盘
319,14:41:00,8.59,--,93,79887,卖盘
320,14:40:57,8.59,--,4,3436,卖盘
321,14:40:54,8.59,--,142,121978,卖盘
322,14:40:51,8.59,--,88,75592,卖盘
323,14:40:48,8.59,--,75,64425,卖盘
324,14:40:42,8.59,-0.01,151,129709,卖盘
325,14:40:39,8.6,--,105,90300,买盘
326,14:40:36,8.6,0.01,411,353460,买盘
327,14:40:33,8.59,-0.01,105,90195,卖盘
328,14:40:30,8.6,--,22,18920,买盘
329,14:40:27,8.6,0.01,1,860,买盘
330,14:40:24,8.59,--,10,8590,卖盘
331,14:40:21,8.59,-0.01,45,38655,卖盘
332,14:40:18,8.6,--,4,3440,买盘
333,14:40:15,8.6,0.01,56,48160,买盘
334,14:40:12,8.59,-0.01,36,30924,卖盘
335,14:40:09,8.6,--,27,23220,买盘
336,14:40:06,8.6,--,22,18920,买盘
337,14:40:03,8.6,0.01,78,67080,买盘
338,14:40:00,8.59,-0.01,11,9449,卖盘
339,14:39:57,8.6,--,19,16340,买盘
340,14:39:54,8.6,--,75,64500,买盘
341,14:39:51,8.6,--,137,117820,买盘
342,14:39:45,8.6,--,10,8600,买盘
343,14:39:42,8.6,--,25,21500,买盘
344,14:39:39,8.6,0.01,133,114380,买盘
345,14:39:36,8.59,-0.01,200,171800,卖盘
346,14:39:33,8.6,0.01,84,72240,买盘
347,14:39:30,8.59,--,68,58412,卖盘
348,14:39:27,8.59,--,199,170941,卖盘
349,14:39:24,8.59,-0.02,36,30924,卖盘
350,14:39:21,8.61,0.01,284,244523,买盘
351,14:39:18,8.6,-0.01,203,174580,卖盘
352,14:39:15,8.61,0.01,70,60269,买盘
353,14:39:12,8.6,--,191,164260,买盘
354,14:39:09,8.6,--,140,120400,买盘
355,14:39:06,8.6,--,35,30100,买盘
356,14:39:03,8.6,--,16,13760,买盘
357,14:39:00,8.6,--,247,212420,卖盘
358,14:38:57,8.6,-0.01,287,246820,卖盘
359,14:38:54,8.61,--,52,44772,买盘
360,14:38:51,8.61,0.01,83,71463,买盘
361,14:38:48,8.6,-0.01,242,208120,卖盘
362,14:38:45,8.61,0.01,88,75768,买盘
363,14:38:42,8.6,--,69,59340,卖盘
364,14:38:39,8.6,-0.01,62,53320,卖盘
365,14:38:36,8.61,0.01,128,110208,买盘
366,14:38:33,8.6,--,261,224460,卖盘
367,14:38:30,8.6,-0.01,75,64500,卖盘
368,14:38:24,8.61,0.01,28,24108,买盘
369,14:38:21,8.6,--,11,9460,卖盘
370,14:38:18,8.6,--,82,70520,卖盘
371,14:38:15,8.6,--,5,4300,卖盘
372,14:38:12,8.6,-0.01,85,73100,卖盘
373,14:38:09,8.61,0.01,18,15497,买盘
374,14:38:06,8.6,--,210,180600,买盘
375,14:38:03,8.6,-0.01,914,786040,卖盘
376,14:38:00,8.61,--,12,10332,买盘
377,14:37:57,8.61,0.01,23,19803,买盘
378,14:37:54,8.6,-0.01,343,294980,卖盘
379,14:37:51,8.61,--,43,37023,买盘
380,14:37:48,8.61,--,64,55104,买盘
381,14:37:45,8.61,--,384,330624,买盘
382,14:37:39,8.61,--,62,53382,买盘
383,14:37:36,8.61,--,44,37884,买盘
384,14:37:33,8.61,--,275,236774,卖盘
385,14:37:30,8.61,0.01,25,21525,买盘
386,14:37:27,8.6,-0.01,89,76540,卖盘
387,14:37:24,8.61,--,395,340095,买盘
388,14:37:18,8.61,0.01,12,10332,买盘
389,14:37:15,8.6,--,71,61060,买盘
390,14:37:12,8.6,--,135,116100,买盘
391,14:37:09,8.6,--,111,95460,买盘
392,14:37:06,8.6,--,78,67080,买盘
393,14:37:03,8.6,--,142,122120,买盘
394,14:37:00,8.6,--,3757,3231020,卖盘
395,14:36:57,8.6,-0.01,3,2580,卖盘
396,14:36:54,8.61,--,1536,1322496,买盘
397,14:36:51,8.61,0.01,375,322875,买盘
398,14:36:48,8.6,--,45,38700,卖盘
399,14:36:45,8.6,--,405,348300,卖盘
400,14:36:42,8.6,-0.01,96,82560,卖盘
401,14:36:39,8.61,0.01,4,3444,买盘
402,14:36:36,8.6,--,7,6020,卖盘
403,14:36:33,8.6,-0.01,310,266600,卖盘
404,14:36:30,8.61,0.01,73,62852,买盘
405,14:36:24,8.6,--,9,7740,卖盘
406,14:36:21,8.6,--,128,110080,卖盘
407,14:36:18,8.6,-0.01,136,116960,卖盘
408,14:36:15,8.61,--,137,117956,买盘
409,14:36:12,8.61,0.01,63,54243,买盘
410,14:36:09,8.6,--,19,16340,买盘
411,14:36:06,8.6,--,90,77400,买盘
412,14:36:03,8.6,--,175,151188,卖盘
413,14:36:00,8.6,--,149,128140,卖盘
414,14:35:57,8.6,--,278,239080,卖盘
415,14:35:54,8.6,--,112,96320,卖盘
416,14:35:51,8.6,-0.01,41,35260,卖盘
417,14:35:48,8.61,--,392,337512,买盘
418,14:35:45,8.61,--,161,138621,买盘
419,14:35:42,8.61,--,363,312543,买盘
420,14:35:39,8.61,0.01,135,116234,买盘
421,14:35:36,8.6,-0.01,16,13760,卖盘
422,14:35:33,8.61,0.01,330,284130,买盘
423,14:35:30,8.6,--,339,291712,买盘
424,14:35:27,8.6,--,149,128140,买盘
425,14:35:24,8.6,--,60,51600,买盘
426,14:35:21,8.6,--,215,184900,买盘
427,14:35:18,8.6,--,115,98900,买盘
428,14:35:15,8.6,0.01,243,208980,买盘
429,14:35:12,8.59,--,48,41232,卖盘
430,14:35:09,8.59,-0.01,82,70438,卖盘
431,14:35:06,8.6,--,118,101480,买盘
432,14:35:03,8.6,--,287,246820,买盘
433,14:35:00,8.6,0.01,34,29240,买盘
434,14:34:57,8.59,-0.01,148,127132,卖盘
435,14:34:54,8.6,0.01,272,233920,买盘
436,14:34:51,8.59,0.01,22,18898,买盘
437,14:34:48,8.58,-0.01,112,96096,卖盘
438,14:34:45,8.59,--,418,359062,卖盘
439,14:34:42,8.59,--,28,24052,卖盘
440,14:34:39,8.59,--,83,71297,卖盘
441,14:34:36,8.59,-0.01,52,44668,卖盘
442,14:34:33,8.6,0.01,158,135880,买盘
443,14:34:30,8.59,0.01,129,110811,买盘
444,14:34:27,8.58,--,95,81510,卖盘
445,14:34:21,8.58,--,56,48048,卖盘
446,14:34:18,8.58,--,1174,1007729,买盘
447,14:34:15,8.58,--,170,145860,买盘
448,14:34:12,8.58,--,617,529386,买盘
449,14:34:09,8.58,--,51,43758,买盘
450,14:34:06,8.58,0.01,614,526812,买盘
451,14:34:03,8.57,--,130,111410,卖盘
452,14:34:00,8.57,-0.01,116,99412,卖盘
453,14:33:57,8.58,0.01,1090,935220,买盘
454,14:33:54,8.57,-0.01,543,465351,卖盘
455,14:33:51,8.58,0.01,175,150150,买盘
456,14:33:48,8.57,--,370,317090,卖盘
457,14:33:45,8.57,--,72,61704,卖盘
458,14:33:42,8.57,--,163,139691,卖盘
459,14:33:39,8.57,--,205,175685,卖盘
460,14:33:36,8.57,--,12,10284,卖盘
461,14:33:33,8.57,--,142,121694,卖盘
462,14:33:30,8.57,--,285,244245,卖盘
463,14:33:27,8.57,--,75,64275,卖盘
464,14:33:24,8.57,--,367,314519,买盘
465,14:33:21,8.57,--,732,627324,买盘
466,14:33:18,8.57,0.01,692,593044,买盘
467,14:33:15,8.56,--,57,48792,卖盘
468,14:33:12,8.56,--,259,221704,卖盘
469,14:33:09,8.56,--,95,81320,卖盘
470,14:33:06,8.56,-0.01,145,124120,卖盘
471,14:33:03,8.57,--,52,44564,买盘
472,14:33:00,8.57,0.01,60,51420,买盘
473,14:32:57,8.56,--,38,32528,卖盘
474,14:32:54,8.56,--,47,40232,卖盘
475,14:32:51,8.56,-0.01,20,17120,卖盘
476,14:32:48,8.57,--,237,203109,卖盘
477,14:32:45,8.57,--,1,857,卖盘
478,14:32:42,8.57,--,9695,8309129,买盘
479,14:32:39,8.57,--,44,37708,卖盘
480,14:32:36,8.57,--,2122,1818554,卖盘
481,14:32:33,8.57,--,145,124265,买盘
482,14:32:30,8.57,--,1182,1012974,买盘
483,14:32:27,8.57,--,603,516771,买盘
484,14:32:24,8.57,0.01,125,107125,买盘
485,14:32:21,8.56,-0.01,804,688224,卖盘
486,14:32:18,8.57,--,42,35994,买盘
487,14:32:15,8.57,--,71,60847,买盘
488,14:32:12,8.57,--,513,439641,卖盘
489,14:32:09,8.57,--,160,137120,卖盘
490,14:32:06,8.57,--,335,287095,卖盘
491,14:32:03,8.57,--,221,189397,卖盘
492,14:32:00,8.57,--,76,65132,卖盘
493,14:31:57,8.57,--,222,190254,买盘
494,14:31:54,8.57,-0.01,237,203109,买盘
495,14:31:51,8.58,0.01,274,235092,买盘
496,14:31:48,8.57,--,126,107982,买盘
497,14:31:45,8.57,--,1136,973552,卖盘
498,14:31:42,8.57,--,340,291380,卖盘
499,14:31:39,8.57,--,321,275097,卖盘
500,14:31:36,8.57,--,182,155974,卖盘
501,14:31:33,8.57,-0.01,85,72845,卖盘
502,14:31:30,8.58,0.01,263,225654,买盘
503,14:31:27,8.57,--,18,15426,卖盘
504,14:31:24,8.57,--,839,719023,买盘
505,14:31:21,8.57,--,427,365939,卖盘
506,14:31:18,8.57,--,149,127693,买盘
507,14:31:15,8.57,--,487,417359,卖盘
508,14:31:12,8.57,--,507,434499,卖盘
509,14:31:09,8.57,--,293,251101,卖盘
510,14:31:06,8.57,-0.01,967,828719,卖盘
511,14:31:03,8.58,0.01,558,478764,买盘
512,14:31:00,8.57,-0.01,137,117409,卖盘
513,14:30:57,8.58,--,125,107250,买盘
514,14:30:54,8.58,--,1901,1631478,卖盘
515,14:30:51,8.58,-0.01,943,809094,卖盘
516,14:30:48,8.59,0.01,251,215609,买盘
517,14:30:45,8.58,-0.01,2131,1828398,卖盘
518,14:30:42,8.59,--,223,191557,买盘
519,14:30:39,8.59,0.01,95,81605,买盘
520,14:30:36,8.58,--,106,90948,卖盘
521,14:30:33,8.58,-0.01,918,787644,卖盘
522,14:30:30,8.59,0.01,236,202724,买盘
523,14:30:27,8.58,--,138,118404,卖盘
524,14:30:24,8.58,-0.01,165,141570,卖盘
525,14:30:21,8.59,0.01,470,403730,买盘
526,14:30:18,8.58,-0.01,106,90948,卖盘
527,14:30:15,8.59,--,391,335869,买盘
528,14:30:12,8.59,0.01,67,57553,买盘
529,14:30:09,8.58,-0.01,643,551694,卖盘
530,14:30:06,8.59,-0.01,144,123696,卖盘
531,14:30:03,8.6,0.01,1170,1006200,买盘
532,14:30:00,8.59,0.01,90,77310,卖盘
533,14:29:57,8.58,--,722,619476,卖盘
534,14:29:54,8.58,--,424,363792,卖盘
535,14:29:51,8.58,-0.01,274,235786,卖盘
536,14:29:48,8.59,0.01,2121,1821939,买盘
537,14:29:45,8.58,-0.01,48,41184,卖盘
538,14:29:42,8.59,0.01,413,354767,中性盘
539,14:29:39,8.58,-0.01,271,233118,卖盘
540,14:29:36,8.59,--,1060,910540,买盘
541,14:29:33,8.59,0.01,51,43809,买盘
542,14:29:30,8.58,-0.01,1087,932646,卖盘
543,14:29:27,8.59,--,86,73874,买盘
544,14:29:24,8.59,--,739,635058,卖盘
545,14:29:21,8.59,--,524,450116,卖盘
546,14:29:18,8.59,--,572,491348,卖盘
547,14:29:15,8.59,--,2264,1944776,卖盘
548,14:29:12,8.59,--,220,188980,卖盘
549,14:29:09,8.59,--,327,280893,卖盘
550,14:29:06,8.59,--,212,182108,卖盘
551,14:29:03,8.59,-0.01,63,54117,卖盘
552,14:29:00,8.6,--,356,306160,买盘
553,14:28:57,8.6,--,888,763680,买盘
554,14:28:54,8.6,--,24,20640,买盘
555,14:28:51,8.6,0.01,432,371520,买盘
556,14:28:48,8.59,--,303,260277,卖盘
557,14:28:45,8.59,-0.01,373,320407,卖盘
558,14:28:42,8.6,0.01,1558,1340482,买盘
559,14:28:39,8.59,--,285,244815,卖盘
560,14:28:36,8.59,-0.01,301,258559,卖盘
561,14:28:33,8.6,0.01,1177,1012220,买盘
562,14:28:30,8.59,-0.01,248,213032,卖盘
563,14:28:27,8.6,--,2591,2228260,卖盘
564,14:28:24,8.6,--,1088,935680,卖盘
565,14:28:21,8.6,--,1334,1147240,卖盘
566,14:28:18,8.6,--,927,797220,卖盘
567,14:28:15,8.6,--,1019,876340,卖盘
568,14:28:12,8.6,--,637,547820,卖盘
569,14:28:09,8.6,--,1066,916760,卖盘
570,14:28:06,8.6,--,1884,1620240,卖盘
571,14:28:03,8.6,--,414,356040,卖盘
572,14:28:00,8.6,--,502,431720,卖盘
573,14:27:57,8.6,--,80,68800,卖盘
574,14:27:54,8.6,-0.01,1023,879780,卖盘
575,14:27:51,8.61,0.01,36,30995,买盘
576,14:27:48,8.6,-0.01,141,121260,卖盘
577,14:27:45,8.61,--,67,57686,买盘
578,14:27:42,8.61,--,1201,1034060,卖盘
579,14:27:39,8.61,--,2875,2475375,卖盘
580,14:27:36,8.61,--,679,584619,卖盘
581,14:27:33,8.61,-0.01,1531,1318191,卖盘
582,14:27:30,8.62,0.01,770,663739,买盘
583,14:27:27,8.61,--,549,472688,卖盘
584,14:27:24,8.61,-0.01,3348,2882628,卖盘
585,14:27:21,8.62,--,46,39652,买盘
586,14:27:18,8.62,--,41,35342,买盘
587,14:27:15,8.62,0.01,25,21549,买盘
588,14:27:12,8.61,-0.01,31,26691,卖盘
589,14:27:09,8.62,--,105,90509,买盘
590,14:27:06,8.62,--,48,41375,买盘
591,14:27:03,8.62,--,403,347549,卖盘
592,14:27:00,8.62,--,506,436706,卖盘
593,14:26:57,8.62,-0.01,891,768205,卖盘
594,14:26:54,8.63,--,536,462568,买盘
595,14:26:51,8.63,0.01,26,22438,买盘
596,14:26:48,8.62,--,210,181019,卖盘
597,14:26:45,8.62,--,561,483581,卖盘
598,14:26:42,8.62,--,342,294804,卖盘
599,14:26:39,8.62,--,146,125851,卖盘
600,14:26:36,8.62,--,57,49133,卖盘
601,14:26:33,8.62,-0.01,13,11205,卖盘
602,14:26:30,8.63,--,317,273571,买盘
603,14:26:27,8.63,0.01,30,25890,买盘
604,14:26:24,8.62,-0.01,8,6895,卖盘
605,14:26:21,8.63,0.01,402,346926,买盘
606,14:26:18,8.62,--,326,281012,卖盘
607,14:26:15,8.62,--,113,97405,卖盘
608,14:26:12,8.62,-0.01,2636,2272232,卖盘
609,14:26:09,8.63,--,392,338296,买盘
610,14:26:06,8.63,0.01,16,13808,中性盘
611,14:26:03,8.62,-0.02,144,124127,卖盘
612,14:26:00,8.64,0.01,260,224640,买盘
613,14:25:57,8.63,--,107,92341,买盘
614,14:25:54,8.63,--,50,43150,买盘
615,14:25:51,8.63,0.01,465,401295,买盘
616,14:25:48,8.62,-0.01,17,14653,卖盘
617,14:25:45,8.63,0.01,193,166559,买盘
618,14:25:42,8.62,-0.01,95,81889,卖盘
619,14:25:39,8.63,--,118,101834,买盘
620,14:25:36,8.63,--,136,117368,买盘
621,14:25:33,8.63,--,535,461705,买盘
622,14:25:30,8.63,--,150,129450,买盘
623,14:25:27,8.63,--,78,67314,买盘
624,14:25:24,8.63,0.01,459,396117,买盘
625,14:25:21,8.62,-0.01,123,106025,卖盘
626,14:25:18,8.63,--,99,85437,买盘
627,14:25:15,8.63,--,140,120820,买盘
628,14:25:12,8.63,--,159,137217,买盘
629,14:25:09,8.63,0.01,1080,932040,买盘
630,14:25:06,8.62,-0.01,200,172399,卖盘
631,14:25:03,8.63,--,273,235599,买盘
632,14:25:00,8.63,--,274,236462,卖盘
633,14:24:57,8.63,--,217,187271,卖盘
634,14:24:54,8.63,--,62,53506,卖盘
635,14:24:51,8.63,--,22,18986,卖盘
636,14:24:48,8.63,-0.01,10,8630,卖盘
637,14:24:45,8.64,--,70,60480,买盘
638,14:24:42,8.64,--,68,58752,买盘
639,14:24:39,8.64,0.01,62,53568,买盘
640,14:24:36,8.63,--,118,101834,买盘
641,14:24:30,8.63,--,181,156203,卖盘
642,14:24:27,8.63,--,408,352104,买盘
643,14:24:24,8.63,0.01,699,603237,买盘
644,14:24:21,8.62,-0.01,205,176709,卖盘
645,14:24:18,8.63,--,105,90615,买盘
646,14:24:15,8.63,--,118,101834,买盘
647,14:24:12,8.63,0.01,537,463431,买盘
648,14:24:09,8.62,-0.01,591,509441,卖盘
649,14:24:06,8.63,--,111,95793,买盘
650,14:24:03,8.63,--,540,466020,买盘
651,14:24:00,8.63,0.01,12,10356,买盘
652,14:23:57,8.62,-0.01,37,31893,卖盘
653,14:23:54,8.63,--,893,770659,买盘
654,14:23:51,8.63,--,47,40561,买盘
655,14:23:48,8.63,0.01,50,43150,买盘
656,14:23:42,8.62,-0.01,63,54305,卖盘
657,14:23:39,8.63,0.01,30,25890,买盘
658,14:23:36,8.62,-0.01,94,81027,卖盘
659,14:23:33,8.63,--,234,201942,买盘
660,14:23:30,8.63,--,132,113916,买盘
661,14:23:27,8.63,0.01,661,570443,买盘
662,14:23:24,8.62,-0.01,33,28445,卖盘
663,14:23:21,8.63,--,21,18123,买盘
664,14:23:18,8.63,--,50,43150,买盘
665,14:23:15,8.63,0.01,145,125135,买盘
666,14:23:12,8.62,-0.01,17,14653,卖盘
667,14:23:09,8.63,--,203,175189,买盘
668,14:23:06,8.63,--,103,88889,买盘
669,14:23:03,8.63,--,635,548005,卖盘
670,14:23:00,8.63,-0.01,1528,1318664,卖盘
671,14:22:54,8.64,0.01,18,15552,买盘
672,14:22:51,8.63,--,25,21575,卖盘
673,14:22:48,8.63,--,68,58684,卖盘
674,14:22:45,8.63,--,22,18986,卖盘
675,14:22:36,8.63,--,43,37109,卖盘
676,14:22:33,8.63,--,27,23301,卖盘
677,14:22:30,8.63,--,214,184682,卖盘
678,14:22:27,8.63,-0.01,26,22438,卖盘
679,14:22:24,8.64,--,46,39744,买盘
680,14:22:21,8.64,--,34,29376,买盘
681,14:22:18,8.64,--,48,41472,买盘
682,14:22:15,8.64,0.01,50,43200,买盘
683,14:22:12,8.63,--,2,1726,卖盘
684,14:22:09,8.63,--,102,88026,卖盘
685,14:22:06,8.63,--,56,48328,卖盘
686,14:22:03,8.63,-0.01,20,17260,卖盘
687,14:22:00,8.64,--,934,806976,买盘
688,14:21:57,8.64,--,50,43200,买盘
689,14:21:54,8.64,0.01,23,19872,买盘
690,14:21:51,8.63,-0.01,22,18986,卖盘
691,14:21:48,8.64,0.01,120,103680,买盘
692,14:21:45,8.63,--,116,100108,卖盘
693,14:21:42,8.63,--,7,6041,卖盘
694,14:21:39,8.63,-0.01,600,517800,卖盘
695,14:21:36,8.64,--,17,14688,买盘
696,14:21:33,8.64,--,75,64800,买盘
697,14:21:30,8.64,0.01,744,642816,买盘
698,14:21:27,8.63,-0.01,153,132039,卖盘
699,14:21:21,8.64,--,6,5184,买盘
700,14:21:18,8.64,0.01,33,28512,买盘
701,14:21:15,8.63,-0.01,88,75944,卖盘
702,14:21:12,8.64,--,2,1728,买盘
703,14:21:09,8.64,--,94,81216,买盘
704,14:21:06,8.64,0.01,440,380160,买盘
705,14:21:03,8.63,--,115,99245,卖盘
706,14:21:00,8.63,-0.01,96,82848,卖盘
707,14:20:57,8.64,0.01,39,33696,买盘
708,14:20:54,8.63,-0.01,181,156203,卖盘
709,14:20:51,8.64,0.01,26,22464,买盘
710,14:20:48,8.63,--,56,48328,卖盘
711,14:20:45,8.63,-0.01,66,56958,卖盘
712,14:20:42,8.64,0.01,40,34560,买盘
713,14:20:39,8.63,--,70,60410,卖盘
714,14:20:36,8.63,--,179,154477,卖盘
715,14:20:33,8.63,-0.01,729,629127,卖盘
716,14:20:30,8.64,0.01,134,115776,买盘
717,14:20:27,8.63,-0.01,100,86300,卖盘
718,14:20:24,8.64,0.01,12,10368,买盘
719,14:20:21,8.63,-0.01,43,37109,卖盘
720,14:20:18,8.64,0.01,354,305856,买盘
721,14:20:15,8.63,--,103,88889,卖盘
722,14:20:12,8.63,--,63,54369,卖盘
723,14:20:09,8.63,-0.01,165,142395,卖盘
724,14:20:06,8.64,--,81,69984,买盘
725,14:20:03,8.64,--,78,67392,买盘
726,14:20:00,8.64,--,205,177120,买盘
727,14:19:57,8.64,--,823,711072,买盘
728,14:19:54,8.64,--,23,19872,买盘
729,14:19:51,8.64,--,122,105408,买盘
730,14:19:48,8.64,--,31,26784,买盘
731,14:19:45,8.64,--,975,842400,卖盘
732,14:19:42,8.64,-0.01,1,864,卖盘
733,14:19:39,8.65,0.01,220,190300,买盘
734,14:19:36,8.64,-0.01,68,58752,卖盘
735,14:19:33,8.65,--,52,44980,买盘
736,14:19:30,8.65,0.01,95,82175,买盘
737,14:19:27,8.64,-0.01,111,95904,卖盘
738,14:19:24,8.65,--,25,21625,买盘
739,14:19:21,8.65,--,11,9515,买盘
740,14:19:18,8.65,--,33,28545,买盘
741,14:19:15,8.65,0.01,1,865,买盘
742,14:19:12,8.64,-0.01,1014,876096,卖盘
743,14:19:09,8.65,--,396,342540,买盘
744,14:19:06,8.65,--,6,5190,买盘
745,14:19:03,8.65,--,116,100340,买盘
746,14:19:00,8.65,0.01,87,75255,买盘
747,14:18:57,8.64,-0.01,46,39744,卖盘
748,14:18:54,8.65,--,30,25950,买盘
749,14:18:51,8.65,--,31,26815,买盘
750,14:18:48,8.65,0.01,2,1730,买盘
751,14:18:45,8.64,--,4,3456,卖盘
752,14:18:42,8.64,--,19,16416,卖盘
753,14:18:39,8.64,--,31,26784,卖盘
754,14:18:36,8.64,-0.01,225,194400,卖盘
755,14:18:33,8.65,0.01,21,18165,买盘
756,14:18:30,8.64,--,143,123552,卖盘
757,14:18:27,8.64,-0.01,62,53568,卖盘
758,14:18:24,8.65,0.01,451,390115,买盘
759,14:18:21,8.64,-0.01,14,12096,卖盘
760,14:18:18,8.65,0.01,71,61415,买盘
761,14:18:15,8.64,--,2,1728,卖盘
762,14:18:12,8.64,--,32,27648,卖盘
763,14:18:09,8.64,--,518,447612,卖盘
764,14:18:06,8.64,0.01,147,127811,买盘
765,14:18:03,8.63,--,6,5178,卖盘
766,14:18:00,8.63,--,69,59547,卖盘
767,14:17:57,8.63,-0.01,23,19849,卖盘
768,14:17:54,8.64,--,29,25056,买盘
769,14:17:51,8.64,--,171,147744,买盘
770,14:17:48,8.64,-0.01,988,853692,卖盘
771,14:17:45,8.65,--,15,12975,买盘
772,14:17:42,8.65,0.01,229,198085,买盘
773,14:17:39,8.64,-0.01,39,33696,卖盘
774,14:17:36,8.65,0.01,4,3460,买盘
775,14:17:33,8.64,-0.01,33,28512,卖盘
776,14:17:30,8.65,--,56,48440,买盘
777,14:17:27,8.65,--,82,70930,买盘
778,14:17:24,8.65,--,100,86500,买盘
779,14:17:21,8.65,--,35,30275,买盘
780,14:17:18,8.65,--,101,87365,卖盘
781,14:17:15,8.65,-0.01,16,13840,卖盘
782,14:17:09,8.66,0.01,2,1732,买盘
783,14:17:06,8.65,--,53,45845,卖盘
784,14:17:03,8.65,-0.01,61,52765,买盘
785,14:17:00,8.66,0.02,64,55424,买盘
786,14:16:57,8.64,-0.01,43,37152,卖盘
787,14:16:54,8.65,--,136,117640,买盘
788,14:16:51,8.65,--,150,129750,买盘
789,14:16:48,8.65,--,57,49305,买盘
790,14:16:45,8.65,--,20,17300,买盘
791,14:16:42,8.65,--,97,83905,买盘
792,14:16:39,8.65,0.01,106,91690,买盘
793,14:16:36,8.64,-0.01,498,430272,卖盘
794,14:16:33,8.65,--,9,7785,买盘
795,14:16:30,8.65,0.01,67,57955,买盘
796,14:16:27,8.64,-0.01,27,23328,卖盘
797,14:16:24,8.65,--,29,25085,买盘
798,14:16:21,8.65,0.01,226,195490,买盘
799,14:16:18,8.64,-0.01,12,10368,卖盘
800,14:16:15,8.65,--,18,15570,买盘
801,14:16:12,8.65,--,26,22490,买盘
802,14:16:09,8.65,0.01,12,10380,买盘
803,14:16:06,8.64,--,3,2592,卖盘
804,14:16:03,8.64,-0.01,51,44064,卖盘
805,14:16:00,8.65,0.01,185,160025,买盘
806,14:15:57,8.64,--,443,383555,买盘
807,14:15:54,8.64,0.01,109,94176,买盘
808,14:15:51,8.63,-0.01,34,29342,卖盘
809,14:15:48,8.64,--,56,48384,买盘
810,14:15:45,8.64,--,73,63072,买盘
811,14:15:42,8.64,--,181,156384,买盘
812,14:15:39,8.64,0.01,6,5184,买盘
813,14:15:36,8.63,-0.01,54,46602,卖盘
814,14:15:33,8.64,0.01,136,117504,买盘
815,14:15:30,8.63,--,216,186408,卖盘
816,14:15:27,8.63,--,9,7767,卖盘
817,14:15:24,8.63,--,46,39698,卖盘
818,14:15:21,8.63,--,57,49191,卖盘
819,14:15:18,8.63,--,10,8630,卖盘
820,14:15:15,8.63,-0.01,87,75081,卖盘
821,14:15:12,8.64,0.01,178,153792,买盘
822,14:15:09,8.63,--,351,302913,卖盘
823,14:15:06,8.63,--,74,63862,卖盘
824,14:15:03,8.63,--,20,17260,卖盘
825,14:15:00,8.63,--,86,74218,卖盘
826,14:14:57,8.63,--,22,18986,卖盘
827,14:14:54,8.63,--,29,25027,卖盘
828,14:14:51,8.63,--,255,220065,买盘
829,14:14:48,8.63,--,364,314132,买盘
830,14:14:45,8.63,-0.01,654,564402,卖盘
831,14:14:42,8.64,0.01,26,22464,买盘
832,14:14:39,8.63,--,136,117368,卖盘
833,14:14:36,8.63,--,9,7767,卖盘
834,14:14:33,8.63,--,45,38835,卖盘
835,14:14:30,8.63,-0.01,600,517800,卖盘
836,14:14:27,8.64,0.01,45,38880,买盘
837,14:14:24,8.63,--,433,373679,买盘
838,14:14:21,8.63,0.01,212,182956,买盘
839,14:14:18,8.62,-0.01,63,54305,卖盘
840,14:14:15,8.63,0.01,1068,921684,买盘
841,14:14:12,8.62,-0.02,277,238773,卖盘
842,14:14:09,8.64,0.01,455,393120,买盘
843,14:14:06,8.63,--,116,100108,买盘
844,14:14:03,8.63,--,219,188997,买盘
845,14:14:00,8.63,--,239,206257,买盘
846,14:13:57,8.63,--,365,314995,买盘
847,14:13:54,8.63,--,167,144121,买盘
848,14:13:51,8.63,--,193,166559,买盘
849,14:13:48,8.63,--,76,65588,买盘
850,14:13:45,8.63,0.01,362,312406,买盘
851,14:13:42,8.62,-0.01,101,87061,卖盘
852,14:13:39,8.63,--,146,125998,买盘
853,14:13:36,8.63,0.01,54,46602,买盘
854,14:13:33,8.62,-0.01,211,181881,卖盘
855,14:13:30,8.63,--,205,176915,买盘
856,14:13:27,8.63,0.01,32,27616,买盘
857,14:13:24,8.62,--,149,128437,卖盘
858,14:13:21,8.62,--,154,132748,卖盘
859,14:13:18,8.62,-0.01,131,112921,卖盘
860,14:13:15,8.63,0.01,316,272708,买盘
861,14:13:12,8.62,--,609,524958,卖盘
862,14:13:09,8.62,-0.01,38,32755,卖盘
863,14:13:06,8.63,0.01,595,513485,买盘
864,14:13:03,8.62,-0.01,312,268944,卖盘
865,14:13:00,8.63,0.01,1829,1578427,买盘
866,14:12:57,8.62,--,230,198259,卖盘
867,14:12:54,8.62,-0.01,338,291356,卖盘
868,14:12:51,8.63,0.01,283,244229,买盘
869,14:12:48,8.62,--,460,396519,卖盘
870,14:12:45,8.62,--,331,285322,卖盘
871,14:12:42,8.62,--,115,99129,卖盘
872,14:12:39,8.62,-0.01,65,56029,卖盘
873,14:12:36,8.63,--,33,28479,买盘
874,14:12:33,8.63,--,205,176915,买盘
875,14:12:30,8.63,--,4104,3541924,卖盘
876,14:12:27,8.63,--,342,295146,卖盘
877,14:12:24,8.63,-0.01,23,19849,卖盘
878,14:12:21,8.64,0.01,231,199584,买盘
879,14:12:18,8.63,--,1257,1084791,卖盘
880,14:12:15,8.63,--,940,811220,卖盘
881,14:12:12,8.63,-0.01,147,126861,卖盘
882,14:12:09,8.64,0.01,192,165888,买盘
883,14:12:06,8.63,-0.01,13,11219,卖盘
884,14:12:03,8.64,0.01,357,308448,买盘
885,14:12:00,8.63,--,96,82848,卖盘
886,14:11:57,8.63,-0.01,214,184682,卖盘
887,14:11:54,8.64,--,176,152064,买盘
888,14:11:51,8.64,--,24,20736,买盘
889,14:11:48,8.64,-0.01,1770,1530031,卖盘
890,14:11:45,8.65,--,1641,1419465,买盘
891,14:11:42,8.65,0.01,84,72660,卖盘
892,14:11:39,8.64,--,458,395712,卖盘
893,14:11:36,8.64,--,2,1728,卖盘
894,14:11:33,8.64,-0.01,21,18144,卖盘
895,14:11:30,8.65,--,458,396170,卖盘
896,14:11:27,8.65,--,49,42385,买盘
897,14:11:24,8.65,--,127,110028,买盘
898,14:11:21,8.65,0.01,112,96880,买盘
899,14:11:18,8.64,--,200,172800,卖盘
900,14:11:15,8.64,--,101,87264,卖盘
901,14:11:09,8.64,-0.01,11,9504,卖盘
902,14:11:06,8.65,--,120,103800,买盘
903,14:11:03,8.65,--,34,29410,买盘
904,14:11:00,8.65,--,213,184245,买盘
905,14:10:57,8.65,0.01,53,45845,买盘
906,14:10:51,8.64,--,37,31968,卖盘
907,14:10:48,8.64,-0.01,25,21600,卖盘
908,14:10:45,8.65,0.01,20,17300,买盘
909,14:10:42,8.64,--,212,183168,卖盘
910,14:10:39,8.64,-0.01,5,4320,卖盘
911,14:10:36,8.65,--,83,71795,买盘
912,14:10:33,8.65,0.01,434,375410,买盘
913,14:10:30,8.64,-0.01,100,86400,卖盘
914,14:10:27,8.65,0.01,145,125425,买盘
915,14:10:24,8.64,-0.01,205,177120,卖盘
916,14:10:21,8.65,0.01,675,583875,买盘
917,14:10:18,8.64,-0.01,37,31968,卖盘
918,14:10:15,8.65,0.01,175,151375,买盘
919,14:10:12,8.64,-0.01,31,26784,卖盘
920,14:10:09,8.65,--,147,127155,买盘
921,14:10:06,8.65,0.01,1538,1330370,买盘
922,14:10:03,8.64,-0.01,136,117504,卖盘
923,14:10:00,8.65,--,111,96015,卖盘
924,14:09:57,8.65,--,45,38925,卖盘
925,14:09:54,8.65,--,144,124560,买盘
926,14:09:51,8.65,--,196,169540,买盘
927,14:09:48,8.65,--,165,142725,买盘
928,14:09:45,8.65,--,314,271610,卖盘
929,14:09:42,8.65,0.01,39,33735,买盘
930,14:09:39,8.64,-0.01,55,47520,卖盘
931,14:09:36,8.65,-0.01,63,54495,中性盘
932,14:09:33,8.66,0.02,3,2598,买盘
933,14:09:30,8.64,-0.02,197,170208,卖盘
934,14:09:27,8.66,0.01,17,14722,买盘
935,14:09:24,8.65,--,45,38925,买盘
936,14:09:21,8.65,--,155,134075,买盘
937,14:09:18,8.65,--,129,111585,卖盘
938,14:09:15,8.65,--,96,83040,买盘
939,14:09:12,8.65,--,51,44115,卖盘
940,14:09:09,8.65,-0.01,297,256905,卖盘
941,14:09:06,8.66,0.01,102,88332,买盘
942,14:09:03,8.65,-0.01,250,216250,卖盘
943,14:09:00,8.66,--,173,149818,买盘
944,14:08:57,8.66,0.01,352,304832,买盘
945,14:08:51,8.65,--,50,43250,卖盘
946,14:08:48,8.65,--,15,12975,卖盘
947,14:08:45,8.65,--,46,39790,卖盘
948,14:08:42,8.65,--,46,39790,卖盘
949,14:08:39,8.65,--,2,1730,卖盘
950,14:08:36,8.65,--,22,19030,卖盘
951,14:08:33,8.65,-0.01,140,121100,卖盘
952,14:08:30,8.66,--,54,46764,买盘
953,14:08:27,8.66,--,44,38104,卖盘
954,14:08:24,8.66,--,4,3464,卖盘
955,14:08:21,8.66,0.01,34,29444,中性盘
956,14:08:18,8.65,-0.01,106,91690,卖盘
957,14:08:15,8.66,--,9,7794,买盘
958,14:08:09,8.66,0.01,93,80538,买盘
959,14:08:06,8.65,--,115,99475,买盘
960,14:08:03,8.65,--,209,180785,买盘
961,14:08:00,8.65,-0.02,4391,3798215,卖盘
962,14:07:57,8.67,--,46,39882,买盘
963,14:07:54,8.67,--,164,142188,买盘
964,14:07:51,8.67,--,5,4335,买盘
965,14:07:48,8.67,--,21,18207,卖盘
966,14:07:45,8.67,--,61,52887,卖盘
967,14:07:42,8.67,--,50,43350,卖盘
968,14:07:39,8.67,--,193,167331,买盘
969,14:07:36,8.67,0.01,566,490722,买盘
970,14:07:33,8.66,-0.01,13,11258,卖盘
971,14:07:30,8.67,--,158,136986,买盘
972,14:07:27,8.67,0.01,8,6936,买盘
973,14:07:21,8.66,-0.01,120,103920,卖盘
974,14:07:18,8.67,-0.01,308,267036,卖盘
975,14:07:15,8.68,0.01,4,3472,买盘
976,14:07:12,8.67,--,73,63291,买盘
977,14:07:09,8.67,--,63,54621,买盘
978,14:07:06,8.67,--,41,35547,买盘
979,14:07:03,8.67,--,209,181203,买盘
980,14:07:00,8.67,--,10,8670,买盘
981,14:06:57,8.67,--,158,136986,买盘
982,14:06:54,8.67,--,4,3468,买盘
983,14:06:51,8.67,--,18,15606,买盘
984,14:06:48,8.67,--,48,41616,买盘
985,14:06:45,8.67,--,116,100572,买盘
986,14:06:42,8.67,0.01,100,86700,买盘
987,14:06:39,8.66,--,1,866,卖盘
988,14:06:36,8.66,--,17,14722,买盘
989,14:06:33,8.66,--,89,77074,买盘
990,14:06:30,8.66,--,97,84002,买盘
991,14:06:27,8.66,-0.01,649,562034,卖盘
992,14:06:24,8.67,0.01,143,123981,买盘
993,14:06:21,8.66,--,3,2598,卖盘
994,14:06:18,8.66,-0.01,24,20784,卖盘
995,14:06:15,8.67,0.01,2,1734,买盘
996,14:06:12,8.66,-0.01,37,32042,卖盘
997,14:06:09,8.67,0.01,106,91902,买盘
998,14:06:06,8.66,-0.01,97,84002,卖盘
999,14:06:03,8.67,--,31,26877,买盘
1000,14:06:00,8.67,0.01,367,318189,买盘
1001,14:05:57,8.66,--,126,109116,卖盘
1002,14:05:54,8.66,--,166,143756,卖盘
1003,14:05:51,8.66,-0.01,19,16454,卖盘
1004,14:05:48,8.67,--,185,160395,买盘
1005,14:05:45,8.67,--,494,428298,买盘
1006,14:05:42,8.67,0.02,446,386682,买盘
1007,14:05:39,8.65,-0.02,75,64875,卖盘
1008,14:05:36,8.67,0.02,219,189873,买盘
1009,14:05:33,8.65,-0.01,105,90825,卖盘
1010,14:05:30,8.66,--,170,147220,买盘
1011,14:05:27,8.66,--,669,579354,买盘
1012,14:05:24,8.66,0.01,10,8660,买盘
1013,14:05:21,8.65,-0.01,152,131480,卖盘
1014,14:05:18,8.66,0.01,60,51960,买盘
1015,14:05:15,8.65,-0.01,20,17300,卖盘
1016,14:05:12,8.66,--,91,78806,买盘
1017,14:05:09,8.66,0.01,67,58022,买盘
1018,14:05:06,8.65,-0.01,325,281125,卖盘
1019,14:05:03,8.66,--,89,77074,买盘
1020,14:05:00,8.66,-0.01,107,92662,中性盘
1021,14:04:57,8.67,0.01,113,97971,买盘
1022,14:04:54,8.66,0.01,23,19918,买盘
1023,14:04:48,8.65,-0.01,34,29410,卖盘
1024,14:04:45,8.66,-0.01,126,109116,卖盘
1025,14:04:42,8.67,0.01,43,37281,买盘
1026,14:04:36,8.66,--,98,84868,卖盘
1027,14:04:33,8.66,--,58,50228,卖盘
1028,14:04:30,8.66,--,6,5196,卖盘
1029,14:04:27,8.66,-0.01,102,88332,卖盘
1030,14:04:24,8.67,0.01,104,90168,买盘
1031,14:04:21,8.66,-0.01,36,31176,卖盘
1032,14:04:18,8.67,0.02,130,112710,买盘
1033,14:04:15,8.65,-0.01,114,98610,卖盘
1034,14:04:12,8.66,--,61,52826,买盘
1035,14:04:09,8.66,--,755,653830,买盘
1036,14:04:06,8.66,--,63,54558,买盘
1037,14:04:03,8.66,--,54,46764,卖盘
1038,14:04:00,8.66,--,404,349864,卖盘
1039,14:03:57,8.66,0.01,32,27712,买盘
1040,14:03:54,8.65,-0.01,212,183380,卖盘
1041,14:03:51,8.66,0.01,18,15588,中性盘
1042,14:03:48,8.65,-0.01,688,595120,卖盘
1043,14:03:45,8.66,--,176,152416,卖盘
1044,14:03:42,8.66,--,130,112580,卖盘
1045,14:03:39,8.66,-0.01,28,24248,卖盘
1046,14:03:36,8.67,0.01,3200,2774400,买盘
1047,14:03:33,8.66,-0.01,4,3464,卖盘
1048,14:03:30,8.67,--,123,106641,买盘
1049,14:03:27,8.67,0.01,196,169932,买盘
1050,14:03:24,8.66,-0.01,1,866,卖盘
1051,14:03:21,8.67,0.01,72,62424,买盘
1052,14:03:18,8.66,-0.01,44,38104,卖盘
1053,14:03:15,8.67,--,20,17340,买盘
1054,14:03:12,8.67,--,245,212415,买盘
1055,14:03:09,8.67,0.01,212,183804,买盘
1056,14:03:06,8.66,--,107,92662,卖盘
1057,14:03:03,8.66,-0.01,22,19052,卖盘
1058,14:03:00,8.67,--,18,15606,买盘
1059,14:02:57,8.67,--,159,137853,买盘
1060,14:02:54,8.67,0.01,2,1734,买盘
1061,14:02:51,8.66,-0.01,284,245944,卖盘
1062,14:02:48,8.67,0.01,84,72828,买盘
1063,14:02:45,8.66,-0.01,17,14722,卖盘
1064,14:02:42,8.67,0.01,96,83232,买盘
1065,14:02:39,8.66,-0.01,111,96126,卖盘
1066,14:02:36,8.67,--,13,11271,买盘
1067,14:02:33,8.67,0.01,127,110109,买盘
1068,14:02:30,8.66,-0.01,44,38104,卖盘
1069,14:02:27,8.67,0.01,183,158661,买盘
1070,14:02:24,8.66,-0.01,20,17320,卖盘
1071,14:02:21,8.67,--,21,18207,买盘
1072,14:02:18,8.67,0.01,86,74562,买盘
1073,14:02:12,8.66,-0.01,58,50228,卖盘
1074,14:02:09,8.67,--,54,46818,买盘
1075,14:02:06,8.67,--,300,260100,买盘
1076,14:02:03,8.67,--,52,45084,买盘
1077,14:01:57,8.67,--,377,326859,买盘
1078,14:01:54,8.67,--,10,8670,买盘
1079,14:01:51,8.67,--,519,449973,卖盘
1080,14:01:48,8.67,-0.01,2025,1755675,卖盘
1081,14:01:45,8.68,--,76,65968,卖盘
1082,14:01:42,8.68,-0.01,285,247380,卖盘
1083,14:01:39,8.69,0.01,233,202477,买盘
1084,14:01:36,8.68,--,25,21700,卖盘
1085,14:01:33,8.68,-0.01,362,314216,卖盘
1086,14:01:30,8.69,--,329,285901,买盘
1087,14:01:27,8.69,0.01,65,56485,买盘
1088,14:01:24,8.68,-0.01,24,20832,卖盘
1089,14:01:21,8.69,0.01,7,6083,买盘
1090,14:01:18,8.68,--,124,107632,卖盘
1091,14:01:15,8.68,--,16,13888,卖盘
1092,14:01:12,8.68,--,65,56420,卖盘
1093,14:01:09,8.68,--,131,113708,卖盘
1094,14:00:57,8.68,-0.01,85,73780,卖盘
1095,14:00:54,8.69,0.01,155,134695,买盘
1096,14:00:45,8.68,-0.01,186,161448,卖盘
1097,14:00:42,8.69,--,47,40843,买盘
1098,14:00:39,8.69,0.01,236,205084,买盘
1099,14:00:36,8.68,-0.01,24,20832,卖盘
1100,14:00:33,8.69,--,46,39974,买盘
1101,14:00:30,8.69,--,8,6952,买盘
1102,14:00:27,8.69,--,217,188573,买盘
1103,14:00:24,8.69,0.01,83,72127,买盘
1104,14:00:21,8.68,-0.01,21,18228,卖盘
1105,14:00:18,8.69,--,109,94721,买盘
1106,14:00:15,8.69,--,20,17380,买盘
1107,14:00:12,8.69,0.01,33,28677,买盘
1108,14:00:09,8.68,-0.01,66,57288,卖盘
1109,14:00:06,8.69,0.01,24,20856,买盘
1110,14:00:00,8.68,-0.01,156,135408,卖盘
1111,13:59:57,8.69,--,338,293722,买盘
1112,13:59:54,8.69,--,384,333696,买盘
1113,13:59:51,8.69,--,135,117315,买盘
1114,13:59:48,8.69,--,74,64305,买盘
1115,13:59:45,8.69,0.01,6,5214,买盘
1116,13:59:42,8.68,--,20,17360,卖盘
1117,13:59:39,8.68,--,70,60760,卖盘
1118,13:59:36,8.68,--,16,13888,卖盘
1119,13:59:33,8.68,-0.01,21,18228,卖盘
1120,13:59:27,8.69,0.01,89,77341,买盘
1121,13:59:24,8.68,-0.01,21,18228,卖盘
1122,13:59:21,8.69,0.01,27,23463,买盘
1123,13:59:18,8.68,--,10,8680,卖盘
1124,13:59:12,8.68,--,760,660218,买盘
1125,13:59:09,8.68,0.01,36,31248,买盘
1126,13:59:06,8.67,-0.01,85,73695,卖盘
1127,13:59:03,8.68,0.01,140,121520,买盘
1128,13:59:00,8.67,-0.01,57,49419,卖盘
1129,13:58:57,8.68,--,14,12152,买盘
1130,13:58:54,8.68,--,104,90272,买盘
1131,13:58:51,8.68,--,100,86800,买盘
1132,13:58:45,8.68,0.01,273,236964,买盘
1133,13:58:42,8.67,-0.01,97,84099,卖盘
1134,13:58:39,8.68,0.01,7,6076,买盘
1135,13:58:33,8.67,-0.01,66,57222,卖盘
1136,13:58:30,8.68,0.01,863,749084,买盘
1137,13:58:24,8.67,-0.01,75,65025,卖盘
1138,13:58:21,8.68,--,96,83328,买盘
1139,13:58:18,8.68,--,17,14756,买盘
1140,13:58:15,8.68,--,70,60760,买盘
1141,13:58:12,8.68,0.01,55,47740,买盘
1142,13:58:09,8.67,-0.01,27,23409,卖盘
1143,13:58:06,8.68,0.01,262,227416,买盘
1144,13:58:03,8.67,-0.01,13,11271,卖盘
1145,13:58:00,8.68,0.01,40,34720,买盘
1146,13:57:57,8.67,--,500,433500,卖盘
1147,13:57:54,8.67,--,201,174267,卖盘
1148,13:57:51,8.67,--,315,273105,卖盘
1149,13:57:48,8.67,--,38,32946,卖盘
1150,13:57:45,8.67,0.01,62,53927,买盘
1151,13:57:42,8.66,-0.01,4,3464,卖盘
1152,13:57:39,8.67,0.01,8,6936,买盘
1153,13:57:36,8.66,-0.01,135,116910,卖盘
1154,13:57:33,8.67,--,111,96237,买盘
1155,13:57:30,8.67,--,10,8670,买盘
1156,13:57:27,8.67,--,2,1734,买盘
1157,13:57:24,8.67,0.01,3,2601,买盘
1158,13:57:21,8.66,--,279,241614,卖盘
1159,13:57:18,8.66,--,68,58888,卖盘
1160,13:57:12,8.66,--,149,129034,卖盘
1161,13:57:09,8.66,-0.01,8,6928,卖盘
1162,13:57:06,8.67,0.01,43,37281,买盘
1163,13:57:03,8.66,-0.01,10,8660,卖盘
1164,13:57:00,8.67,--,102,88434,买盘
1165,13:56:54,8.67,0.01,26,22542,买盘
1166,13:56:51,8.66,--,47,40702,卖盘
1167,13:56:48,8.66,--,66,57156,卖盘
1168,13:56:45,8.66,-0.01,19,16454,卖盘
1169,13:56:42,8.67,--,106,91902,买盘
1170,13:56:39,8.67,--,130,112710,买盘
1171,13:56:36,8.67,--,269,233223,买盘
1172,13:56:33,8.67,0.01,215,186405,买盘
1173,13:56:27,8.66,-0.01,80,69280,卖盘
1174,13:56:24,8.67,--,87,75429,买盘
1175,13:56:21,8.67,--,17,14739,买盘
1176,13:56:18,8.67,0.01,219,189873,买盘
1177,13:56:15,8.66,--,100,86600,卖盘
1178,13:56:12,8.66,-0.01,11,9526,卖盘
1179,13:56:09,8.67,--,23,19941,买盘
1180,13:56:06,8.67,0.01,20,17340,买盘
1181,13:56:00,8.66,-0.01,60,51960,卖盘
1182,13:55:57,8.67,--,571,495057,买盘
1183,13:55:54,8.67,--,8,6936,买盘
1184,13:55:51,8.67,--,35,30345,买盘
1185,13:55:48,8.67,-0.01,83,71961,中性盘
1186,13:55:45,8.68,0.01,2053,1782004,买盘
1187,13:55:42,8.67,-0.01,19,16473,卖盘
1188,13:55:39,8.68,0.01,2,1736,买盘
1189,13:55:36,8.67,--,155,134385,卖盘
1190,13:55:33,8.67,--,2,1734,卖盘
1191,13:55:30,8.67,-0.01,31,26877,卖盘
1192,13:55:27,8.68,0.01,1,868,买盘
1193,13:55:21,8.67,-0.01,610,528870,卖盘
1194,13:55:18,8.68,--,110,95480,买盘
1195,13:55:15,8.68,--,10,8680,买盘
1196,13:55:12,8.68,0.01,64,55552,买盘
1197,13:55:09,8.67,--,60,52020,卖盘
1198,13:55:06,8.67,-0.01,148,128316,卖盘
1199,13:55:03,8.68,0.01,736,638848,买盘
1200,13:55:00,8.67,--,20,17340,买盘
1201,13:54:57,8.67,-0.01,518,449106,卖盘
1202,13:54:54,8.68,--,33,28644,买盘
1203,13:54:48,8.68,--,460,399280,买盘
1204,13:54:45,8.68,0.01,29,25172,买盘
1205,13:54:42,8.67,--,50,43350,卖盘
1206,13:54:39,8.67,--,209,181203,卖盘
1207,13:54:33,8.67,-0.01,46,39882,卖盘
1208,13:54:30,8.68,--,15,13020,买盘
1209,13:54:27,8.68,--,3,2604,买盘
1210,13:54:24,8.68,--,62,54493,卖盘
1211,13:54:21,8.68,-0.01,32,27776,卖盘
1212,13:54:18,8.69,0.01,109,94721,买盘
1213,13:54:15,8.68,--,10,8680,卖盘
1214,13:54:12,8.68,--,487,422906,买盘
1215,13:54:09,8.68,--,168,145824,买盘
1216,13:54:06,8.68,0.01,406,352408,买盘
1217,13:54:03,8.67,--,166,143922,卖盘
1218,13:54:00,8.67,--,58,50286,卖盘
1219,13:53:57,8.67,--,59,51153,买盘
1220,13:53:54,8.67,--,37,32079,买盘
1221,13:53:51,8.67,-0.01,272,235824,卖盘
1222,13:53:48,8.68,--,98,85064,买盘
1223,13:53:45,8.68,--,97,84196,买盘
1224,13:53:42,8.68,0.01,33,28644,买盘
1225,13:53:39,8.67,--,144,124848,卖盘
1226,13:53:36,8.67,-0.01,158,136986,卖盘
1227,13:53:33,8.68,0.01,74,64232,买盘
1228,13:53:30,8.67,-0.01,107,92769,卖盘
1229,13:53:27,8.68,--,38,32984,买盘
1230,13:53:24,8.68,0.01,506,439208,买盘
1231,13:53:21,8.67,-0.01,30,26010,中性盘
1232,13:53:18,8.68,--,273,236964,买盘
1233,13:53:15,8.68,0.01,79,68572,买盘
1234,13:53:12,8.67,-0.01,10,8670,卖盘
1235,13:53:09,8.68,0.01,646,560728,买盘
1236,13:53:06,8.67,-0.01,154,133518,卖盘
1237,13:53:03,8.68,0.01,51,44268,买盘
1238,13:53:00,8.67,-0.01,30,26010,卖盘
1239,13:52:54,8.68,--,50,43400,买盘
1240,13:52:51,8.68,0.01,87,75516,买盘
1241,13:52:45,8.67,0.01,120,104040,买盘
1242,13:52:42,8.66,-0.01,25,21650,卖盘
1243,13:52:39,8.67,0.01,42,36414,买盘
1244,13:52:36,8.66,-0.01,168,145488,卖盘
1245,13:52:33,8.67,0.01,108,93636,买盘
1246,13:52:30,8.66,--,65,56290,卖盘
1247,13:52:27,8.66,--,50,43300,卖盘
1248,13:52:24,8.66,--,248,214768,卖盘
1249,13:52:18,8.66,-0.01,26,22516,卖盘
1250,13:52:15,8.67,--,71,61557,买盘
1251,13:52:12,8.67,0.01,210,182070,买盘
1252,13:52:09,8.66,--,6,5196,卖盘
1253,13:52:06,8.66,--,153,132498,卖盘
1254,13:52:03,8.66,0.01,3,2598,卖盘
1255,13:52:00,8.65,-0.01,106,91690,卖盘
1256,13:51:57,8.66,0.01,283,245078,买盘
1257,13:51:54,8.65,-0.01,26,22490,卖盘
1258,13:51:51,8.66,0.01,1282,1110212,买盘
1259,13:51:45,8.65,-0.01,123,106395,卖盘
1260,13:51:42,8.66,--,8,6928,买盘
1261,13:51:39,8.66,0.01,161,139426,买盘
1262,13:51:36,8.65,-0.01,178,153970,卖盘
1263,13:51:33,8.66,0.01,572,495352,买盘
1264,13:51:30,8.65,--,91,78715,卖盘
1265,13:51:27,8.65,-0.01,12,10380,卖盘
1266,13:51:24,8.66,--,80,69280,买盘
1267,13:51:21,8.66,--,32,27712,买盘
1268,13:51:18,8.66,0.01,15,12990,买盘
1269,13:51:15,8.65,-0.01,234,202410,卖盘
1270,13:51:12,8.66,--,10,8660,买盘
1271,13:51:09,8.66,--,123,106518,买盘
1272,13:51:06,8.66,0.01,112,96992,买盘
1273,13:51:03,8.65,-0.01,137,118505,卖盘
1274,13:50:57,8.66,0.01,78,67548,买盘
1275,13:50:54,8.65,-0.01,23,19895,卖盘
1276,13:50:51,8.66,0.02,6,5196,买盘
1277,13:50:48,8.64,-0.01,537,463968,卖盘
1278,13:50:45,8.65,--,89,76985,买盘
1279,13:50:42,8.65,--,37,32005,买盘
1280,13:50:39,8.65,--,92,79580,买盘
1281,13:50:36,8.65,--,126,108990,卖盘
1282,13:50:33,8.65,-0.01,153,132345,卖盘
1283,13:50:30,8.66,0.01,64,55424,买盘
1284,13:50:27,8.65,--,164,141860,卖盘
1285,13:50:24,8.65,--,76,65740,卖盘
1286,13:50:21,8.65,--,60,51900,卖盘
1287,13:50:18,8.65,0.01,300,259500,卖盘
1288,13:50:15,8.64,-0.01,121,105347,卖盘
1289,13:50:12,8.65,--,501,433425,卖盘
1290,13:50:09,8.65,--,109,95089,买盘
1291,13:50:06,8.65,0.01,280,242200,买盘
1292,13:50:03,8.64,-0.01,90,77760,卖盘
1293,13:50:00,8.65,0.01,1738,1503370,买盘
1294,13:49:57,8.64,-0.01,110,95040,卖盘
1295,13:49:54,8.65,--,8,6920,买盘
1296,13:49:51,8.65,--,222,192030,买盘
1297,13:49:48,8.65,--,203,175595,买盘
1298,13:49:45,8.65,--,171,147915,买盘
1299,13:49:42,8.65,--,77,66605,买盘
1300,13:49:39,8.65,0.01,82,70930,买盘
1301,13:49:36,8.64,--,671,579744,卖盘
1302,13:49:33,8.64,-0.01,86,74304,卖盘
1303,13:49:30,8.65,0.01,167,144455,买盘
1304,13:49:27,8.64,--,70,60480,卖盘
1305,13:49:24,8.64,-0.01,9,7776,卖盘
1306,13:49:21,8.65,--,1,865,买盘
1307,13:49:18,8.65,--,25,21625,买盘
1308,13:49:15,8.65,0.01,292,252580,买盘
1309,13:49:12,8.64,--,400,345600,卖盘
1310,13:49:09,8.64,--,170,146880,卖盘
1311,13:49:06,8.64,--,81,69984,卖盘
1312,13:49:03,8.64,-0.01,143,123552,卖盘
1313,13:49:00,8.65,0.01,128,110720,买盘
1314,13:48:57,8.64,--,91,78624,卖盘
1315,13:48:54,8.64,--,209,180576,卖盘
1316,13:48:51,8.64,-0.01,352,304128,卖盘
1317,13:48:48,8.65,--,128,110720,买盘
1318,13:48:45,8.65,--,32,27680,买盘
1319,13:48:42,8.65,--,239,206735,买盘
1320,13:48:39,8.65,--,15,12975,买盘
1321,13:48:36,8.65,--,254,219710,买盘
1322,13:48:33,8.65,--,1803,1559655,卖盘
1323,13:48:30,8.65,--,608,525920,卖盘
1324,13:48:27,8.65,-0.01,33,28545,卖盘
1325,13:48:24,8.66,--,93,80538,买盘
1326,13:48:21,8.66,0.01,90,77940,买盘
1327,13:48:18,8.65,--,46,39790,卖盘
1328,13:48:15,8.65,--,129,111585,卖盘
1329,13:48:12,8.65,-0.01,296,256040,卖盘
1330,13:48:09,8.66,--,189,163674,买盘
1331,13:48:06,8.66,--,519,449454,买盘
1332,13:48:03,8.66,--,393,340338,买盘
1333,13:48:00,8.66,--,949,821834,买盘
1334,13:47:57,8.66,--,292,252872,买盘
1335,13:47:54,8.66,0.01,58,50228,买盘
1336,13:47:51,8.65,-0.01,88,76120,卖盘
1337,13:47:48,8.66,--,45,38970,买盘
1338,13:47:45,8.66,-0.01,384,332544,卖盘
1339,13:47:42,8.67,0.01,25,21675,买盘
1340,13:47:39,8.66,-0.01,143,123838,卖盘
1341,13:47:36,8.67,0.01,200,173400,买盘
1342,13:47:33,8.66,--,113,97858,卖盘
1343,13:47:30,8.66,-0.01,25,21650,卖盘
1344,13:47:27,8.67,0.01,220,190740,买盘
1345,13:47:24,8.66,--,157,135962,卖盘
1346,13:47:21,8.66,--,32,27712,卖盘
1347,13:47:18,8.66,--,46,39836,买盘
1348,13:47:15,8.66,-0.01,19,16454,中性盘
1349,13:47:12,8.67,0.01,170,147390,买盘
1350,13:47:09,8.66,--,13,11258,买盘
1351,13:47:06,8.66,--,187,161942,卖盘
1352,13:47:03,8.66,-0.01,360,311760,卖盘
1353,13:47:00,8.67,0.01,46,39882,买盘
1354,13:46:57,8.66,-0.01,246,213036,卖盘
1355,13:46:54,8.67,0.01,14,12138,买盘
1356,13:46:51,8.66,-0.01,141,122106,卖盘
1357,13:46:48,8.67,--,1501,1301367,买盘
1358,13:46:45,8.67,0.02,4,3468,买盘
1359,13:46:39,8.65,--,750,648750,卖盘
1360,13:46:36,8.65,--,856,740440,卖盘
1361,13:46:33,8.65,-0.01,216,186840,卖盘
1362,13:46:30,8.66,0.01,249,216430,买盘
1363,13:46:27,8.65,-0.01,231,199815,卖盘
1364,13:46:24,8.66,--,1072,928352,买盘
1365,13:46:21,8.66,0.01,131,113446,买盘
1366,13:46:18,8.65,--,15,12975,卖盘
1367,13:46:15,8.65,--,104,89960,卖盘
1368,13:46:12,8.65,0.01,708,612428,买盘
1369,13:46:09,8.64,-0.01,51,44064,卖盘
1370,13:46:06,8.65,0.01,53,45845,买盘
1371,13:46:03,8.64,--,993,857952,买盘
1372,13:46:00,8.64,--,530,457920,买盘
1373,13:45:57,8.64,--,136,117504,卖盘
1374,13:45:54,8.64,--,1884,1627776,卖盘
1375,13:45:51,8.64,-0.01,168,145152,卖盘
1376,13:45:48,8.65,0.01,230,198950,买盘
1377,13:45:45,8.64,-0.01,207,178848,卖盘
1378,13:45:42,8.65,--,17,14705,买盘
1379,13:45:39,8.65,--,140,121100,买盘
1380,13:45:36,8.65,--,200,173000,买盘
1381,13:45:33,8.65,--,365,315725,买盘
1382,13:45:30,8.65,--,971,839915,买盘
1383,13:45:27,8.65,--,48,41520,买盘
1384,13:45:24,8.65,0.01,456,394440,买盘
1385,13:45:21,8.64,-0.01,297,256608,卖盘
1386,13:45:18,8.65,--,305,263825,买盘
1387,13:45:15,8.65,--,40,34600,买盘
1388,13:45:12,8.65,--,88,76120,买盘
1389,13:45:09,8.65,--,124,107260,买盘
1390,13:45:06,8.65,--,364,314860,买盘
1391,13:45:03,8.65,--,956,826940,卖盘
1392,13:45:00,8.65,--,210,181650,卖盘
1393,13:44:57,8.65,--,83,71795,卖盘
1394,13:44:54,8.65,--,524,453260,卖盘
1395,13:44:51,8.65,-0.01,1113,962745,卖盘
1396,13:44:48,8.66,--,184,159344,买盘
1397,13:44:45,8.66,0.01,37,32042,买盘
1398,13:44:42,8.65,-0.01,105,90825,卖盘
1399,13:44:39,8.66,0.01,136,117776,买盘
1400,13:44:36,8.65,--,102,88230,卖盘
1401,13:44:33,8.65,--,38,32870,卖盘
1402,13:44:30,8.65,-0.01,5,4325,卖盘
1403,13:44:27,8.66,0.01,245,212170,买盘
1404,13:44:24,8.65,--,17,14705,卖盘
1405,13:44:21,8.65,-0.01,1050,908250,卖盘
1406,13:44:18,8.66,--,66,57156,买盘
1407,13:44:15,8.66,--,215,186190,买盘
1408,13:44:12,8.66,--,95,82270,买盘
1409,13:44:09,8.66,--,73,63218,买盘
1410,13:44:06,8.66,--,158,136828,买盘
1411,13:44:03,8.66,--,16,13856,买盘
1412,13:44:00,8.66,-0.02,2536,2196176,卖盘
1413,13:43:57,8.68,--,139,120652,买盘
1414,13:43:54,8.68,--,152,131936,买盘
1415,13:43:51,8.68,0.01,312,270816,买盘
1416,13:43:48,8.67,-0.01,84,72828,卖盘
1417,13:43:45,8.68,--,143,124124,买盘
1418,13:43:42,8.68,-0.01,16,13888,中性盘
1419,13:43:39,8.69,0.02,30,26070,买盘
1420,13:43:36,8.67,-0.01,661,573087,卖盘
1421,13:43:33,8.68,--,121,105028,买盘
1422,13:43:30,8.68,--,209,181412,买盘
1423,13:43:27,8.68,--,76,65968,买盘
1424,13:43:24,8.68,--,231,200508,买盘
1425,13:43:21,8.68,0.01,119,103292,买盘
1426,13:43:18,8.67,--,61,52887,卖盘
1427,13:43:15,8.67,0.01,337,292179,买盘
1428,13:43:12,8.66,-0.01,92,79672,卖盘
1429,13:43:09,8.67,--,243,210681,买盘
1430,13:43:06,8.67,--,89,77163,买盘
1431,13:43:03,8.67,0.01,86,74562,买盘
1432,13:43:00,8.66,--,167,144622,买盘
1433,13:42:57,8.66,--,423,366318,买盘
1434,13:42:54,8.66,0.01,306,264996,买盘
1435,13:42:51,8.65,-0.01,123,106395,卖盘
1436,13:42:48,8.66,--,53,45898,买盘
1437,13:42:45,8.66,0.01,106,91796,买盘
1438,13:42:42,8.65,--,42,36330,卖盘
1439,13:42:39,8.65,--,1343,1161695,买盘
1440,13:42:36,8.65,--,426,368490,买盘
1441,13:42:33,8.65,--,56,48440,买盘
1442,13:42:30,8.65,--,218,188570,买盘
1443,13:42:27,8.65,--,269,232685,买盘
1444,13:42:24,8.65,--,135,116775,买盘
1445,13:42:21,8.65,--,44,38060,买盘
1446,13:42:18,8.65,--,178,153970,买盘
1447,13:42:15,8.65,0.01,85,73525,买盘
1448,13:42:12,8.64,-0.01,168,145152,卖盘
1449,13:42:09,8.65,--,51,44115,买盘
1450,13:42:06,8.65,0.01,50,43250,买盘
1451,13:42:03,8.64,--,148,127872,卖盘
1452,13:42:00,8.64,-0.01,264,228096,卖盘
1453,13:41:57,8.65,--,658,569170,买盘
1454,13:41:54,8.65,0.01,93,80445,买盘
1455,13:41:51,8.64,--,1296,1119744,买盘
1456,13:41:48,8.64,--,466,402624,买盘
1457,13:41:45,8.64,--,360,311040,买盘
1458,13:41:42,8.64,-0.01,549,474336,卖盘
1459,13:41:39,8.65,0.01,185,160025,买盘
1460,13:41:36,8.64,--,2034,1757376,卖盘
1461,13:41:33,8.64,--,250,216000,卖盘
1462,13:41:30,8.64,--,707,610848,买盘
1463,13:41:27,8.64,--,178,153792,买盘
1464,13:41:24,8.64,--,259,223776,买盘
1465,13:41:21,8.64,-0.01,80,69120,卖盘
1466,13:41:18,8.65,0.01,2594,2243810,买盘
1467,13:41:15,8.64,-0.01,572,494208,卖盘
1468,13:41:12,8.65,--,290,251196,买盘
1469,13:41:09,8.65,--,163,140995,买盘
1470,13:41:06,8.65,-0.01,192,166080,中性盘
1471,13:41:03,8.66,--,179,155014,买盘
1472,13:41:00,8.66,--,14,12124,买盘
1473,13:40:57,8.66,--,466,403556,卖盘
1474,13:40:54,8.66,--,240,207840,卖盘
1475,13:40:51,8.66,--,3460,2996360,卖盘
1476,13:40:48,8.66,-0.01,1010,874660,卖盘
1477,13:40:45,8.67,0.01,96,83232,买盘
1478,13:40:42,8.66,--,171,148086,卖盘
1479,13:40:39,8.66,--,44,38104,卖盘
1480,13:40:36,8.66,--,715,619190,卖盘
1481,13:40:33,8.66,-0.01,29,25114,卖盘
1482,13:40:30,8.67,--,180,156060,卖盘
1483,13:40:27,8.67,--,382,331194,买盘
1484,13:40:24,8.67,--,400,346800,卖盘
1485,13:40:21,8.67,--,202,175134,买盘
1486,13:40:18,8.67,--,32,27744,买盘
1487,13:40:15,8.67,--,3544,3072648,卖盘
1488,13:40:12,8.67,--,21,18207,卖盘
1489,13:40:09,8.67,--,275,238425,卖盘
1490,13:40:06,8.67,--,590,511530,卖盘
1491,13:40:03,8.67,--,7,6069,卖盘
1492,13:40:00,8.67,-0.01,142,123114,卖盘
1493,13:39:57,8.68,0.01,240,208320,买盘
1494,13:39:54,8.67,--,79,68493,卖盘
1495,13:39:51,8.67,-0.01,177,153459,卖盘
1496,13:39:48,8.68,0.01,42,36456,买盘
1497,13:39:45,8.67,-0.01,571,495057,卖盘
1498,13:39:42,8.68,--,159,138012,买盘
1499,13:39:39,8.68,--,19,16492,买盘
1500,13:39:36,8.68,--,3,2604,买盘
1501,13:39:33,8.68,--,39,33852,买盘
1502,13:39:30,8.68,--,143,124124,买盘
1503,13:39:27,8.68,--,32,27776,买盘
1504,13:39:24,8.68,--,17,14756,买盘
1505,13:39:21,8.68,--,158,137144,卖盘
1506,13:39:18,8.68,--,84,72912,卖盘
1507,13:39:15,8.68,-0.01,356,309008,卖盘
1508,13:39:12,8.69,--,41,35629,买盘
1509,13:39:09,8.69,--,299,259830,买盘
1510,13:39:06,8.69,--,225,195525,买盘
1511,13:39:03,8.69,--,118,102542,买盘
1512,13:39:00,8.69,0.01,11,9559,买盘
1513,13:38:57,8.68,-0.01,42,36456,卖盘
1514,13:38:54,8.69,--,65,56485,买盘
1515,13:38:51,8.69,--,29,25201,买盘
1516,13:38:48,8.69,--,734,637846,买盘
1517,13:38:45,8.69,--,3469,3014561,买盘
1518,13:38:42,8.69,0.01,91,79079,买盘
1519,13:38:39,8.68,--,466,404488,卖盘
1520,13:38:36,8.68,--,56,48608,卖盘
1521,13:38:33,8.68,--,103,89404,卖盘
1522,13:38:30,8.68,--,50,43400,卖盘
1523,13:38:27,8.68,--,200,173600,卖盘
1524,13:38:24,8.68,0.01,115,99820,买盘
1525,13:38:21,8.67,-0.01,79,68493,卖盘
1526,13:38:18,8.68,--,210,182280,卖盘
1527,13:38:15,8.68,--,465,403620,买盘
1528,13:38:12,8.68,0.01,1017,882756,买盘
1529,13:38:09,8.67,--,117,101439,卖盘
1530,13:38:06,8.67,-0.01,623,540141,卖盘
1531,13:38:03,8.68,--,125,108500,买盘
1532,13:38:00,8.68,0.01,24,20832,买盘
1533,13:37:57,8.67,--,106,91902,卖盘
1534,13:37:54,8.67,--,806,698802,卖盘
1535,13:37:51,8.67,-0.01,190,164730,卖盘
1536,13:37:48,8.68,0.01,183,158844,买盘
1537,13:37:45,8.67,--,44,38148,卖盘
1538,13:37:42,8.67,--,455,394485,卖盘
1539,13:37:39,8.67,0.01,71,61557,买盘
1540,13:37:36,8.66,-0.01,678,587148,卖盘
1541,13:37:33,8.67,--,85,73695,买盘
1542,13:37:30,8.67,0.01,335,290445,买盘
1543,13:37:27,8.66,-0.01,377,326482,卖盘
1544,13:37:24,8.67,-0.01,30,26010,买盘
1545,13:37:21,8.68,0.03,106,92008,中性盘
1546,13:37:18,8.65,-0.02,4499,3891981,卖盘
1547,13:37:15,8.67,-0.01,3069,2660823,卖盘
1548,13:37:12,8.68,--,1680,1458240,卖盘
1549,13:37:09,8.68,-0.01,2100,1822800,卖盘
1550,13:37:06,8.69,0.01,1481,1286989,买盘
1551,13:37:03,8.68,--,146,126728,卖盘
1552,13:37:00,8.68,-0.01,92,79856,卖盘
1553,13:36:57,8.69,--,106,92114,买盘
1554,13:36:54,8.69,-0.01,2502,2174238,卖盘
1555,13:36:51,8.7,--,231,200969,买盘
1556,13:36:48,8.7,-0.01,12252,10659240,卖盘
1557,13:36:45,8.71,--,52,45292,买盘
1558,13:36:42,8.71,--,3596,3132969,卖盘
1559,13:36:39,8.71,--,2137,1861327,卖盘
1560,13:36:33,8.71,--,2102,1830842,卖盘
1561,13:36:27,8.71,--,265,230815,卖盘
1562,13:36:24,8.71,-0.01,2332,2031172,卖盘
1563,13:36:21,8.72,-0.01,875,763000,卖盘
1564,13:36:18,8.73,0.01,150,130950,买盘
1565,13:36:12,8.72,-0.01,548,477856,卖盘
1566,13:36:06,8.73,--,220,192060,买盘
1567,13:36:03,8.73,0.01,319,278487,买盘
1568,13:35:57,8.72,-0.01,103,89816,卖盘
1569,13:35:54,8.73,--,4,3492,买盘
1570,13:35:51,8.73,--,93,81189,买盘
1571,13:35:48,8.73,--,44,38412,卖盘
1572,13:35:45,8.73,--,10,8730,卖盘
1573,13:35:42,8.73,--,60,52380,卖盘
1574,13:35:39,8.73,-0.01,77,67221,卖盘
1575,13:35:36,8.74,--,28,24472,买盘
1576,13:35:33,8.74,0.02,611,534014,买盘
1577,13:35:30,8.72,-0.01,1599,1394328,卖盘
1578,13:35:27,8.73,0.01,71,61983,买盘
1579,13:35:24,8.72,-0.01,41,35752,卖盘
1580,13:35:21,8.73,--,11,9603,买盘
1581,13:35:18,8.73,--,99,86427,买盘
1582,13:35:15,8.73,--,11,9603,买盘
1583,13:35:12,8.73,--,24,20952,买盘
1584,13:35:06,8.73,0.01,2,1746,买盘
1585,13:35:03,8.72,-0.01,100,87200,卖盘
1586,13:34:57,8.73,--,124,108252,买盘
1587,13:34:54,8.73,--,10,8730,买盘
1588,13:34:51,8.73,0.01,41,35793,买盘
1589,13:34:48,8.72,--,50,43600,卖盘
1590,13:34:45,8.72,--,77,67144,卖盘
1591,13:34:42,8.72,-0.01,77,67144,卖盘
1592,13:34:39,8.73,0.01,99,86427,买盘
1593,13:34:36,8.72,--,40,34880,卖盘
1594,13:34:33,8.72,--,108,94176,卖盘
1595,13:34:30,8.72,--,53,46216,卖盘
1596,13:34:27,8.72,--,115,100280,卖盘
1597,13:34:24,8.72,--,32,27904,卖盘
1598,13:34:21,8.72,--,81,70632,卖盘
1599,13:34:12,8.72,-0.01,140,122080,卖盘
1600,13:34:09,8.73,--,10,8730,买盘
1601,13:34:06,8.73,0.01,27,23571,买盘
1602,13:34:03,8.72,--,112,97664,卖盘
1603,13:34:00,8.72,--,11,9592,卖盘
1604,13:33:57,8.72,--,545,475240,卖盘
1605,13:33:54,8.72,--,45,39240,卖盘
1606,13:33:48,8.72,-0.01,1,872,卖盘
1607,13:33:45,8.73,0.01,79,68967,买盘
1608,13:33:42,8.72,--,1,872,卖盘
1609,13:33:39,8.72,--,344,299968,卖盘
1610,13:33:36,8.72,--,255,222360,卖盘
1611,13:33:33,8.72,--,240,209280,卖盘
1612,13:33:30,8.72,--,24,20928,卖盘
1613,13:33:27,8.72,-0.01,125,109000,卖盘
1614,13:33:24,8.73,0.01,60,52380,买盘
1615,13:33:21,8.72,--,62,54064,卖盘
1616,13:33:18,8.72,--,478,416816,卖盘
1617,13:33:12,8.72,-0.01,464,404608,卖盘
1618,13:33:09,8.73,--,41,35793,买盘
1619,13:33:06,8.73,--,202,176346,买盘
1620,13:33:03,8.73,--,244,213012,买盘
1621,13:33:00,8.73,0.01,468,408564,买盘
1622,13:32:51,8.72,--,150,130800,卖盘
1623,13:32:48,8.72,-0.01,10,8720,卖盘
1624,13:32:45,8.73,0.01,60,52380,买盘
1625,13:32:42,8.72,--,77,67144,卖盘
1626,13:32:39,8.72,--,106,92432,卖盘
1627,13:32:36,8.72,--,732,638304,卖盘
1628,13:32:33,8.72,--,15,13080,卖盘
1629,13:32:30,8.72,--,20,17440,卖盘
1630,13:32:27,8.72,--,248,216256,卖盘
1631,13:32:18,8.72,--,261,227592,买盘
1632,13:32:15,8.72,--,115,100280,买盘
1633,13:32:12,8.72,0.01,235,204920,买盘
1634,13:32:09,8.71,-0.01,25,21775,卖盘
1635,13:32:06,8.72,0.01,2,1744,买盘
1636,13:32:03,8.71,-0.01,30,26130,卖盘
1637,13:32:00,8.72,0.01,430,374960,买盘
1638,13:31:57,8.71,-0.01,30,26130,卖盘
1639,13:31:54,8.72,0.01,25,21800,买盘
1640,13:31:51,8.71,-0.01,55,47905,卖盘
1641,13:31:48,8.72,--,309,269448,买盘
1642,13:31:45,8.72,0.01,26,22672,买盘
1643,13:31:42,8.71,-0.01,141,122811,卖盘
1644,13:31:39,8.72,--,11,9592,买盘
1645,13:31:36,8.72,--,402,350544,买盘
1646,13:31:33,8.72,--,65,56680,买盘
1647,13:31:30,8.72,--,360,313920,买盘
1648,13:31:27,8.72,--,274,238928,买盘
1649,13:31:24,8.72,--,5,4360,买盘
1650,13:31:21,8.72,--,10,8720,买盘
1651,13:31:18,8.72,--,2,1744,买盘
1652,13:31:15,8.72,--,1356,1182432,卖盘
1653,13:31:09,8.72,-0.01,600,523200,卖盘
1654,13:31:06,8.73,0.01,36,31428,买盘
1655,13:31:03,8.72,--,206,179632,卖盘
1656,13:31:00,8.72,-0.01,44,38368,卖盘
1657,13:30:57,8.73,0.01,7,6111,买盘
1658,13:30:51,8.72,--,146,127312,卖盘
1659,13:30:48,8.72,--,2,1744,卖盘
1660,13:30:45,8.72,--,538,469136,买盘
1661,13:30:42,8.72,-0.01,142,123824,卖盘
1662,13:30:39,8.73,0.02,202,176346,买盘
1663,13:30:36,8.71,--,147,128037,卖盘
1664,13:30:33,8.71,-0.01,19,16549,卖盘
1665,13:30:30,8.72,--,525,457800,买盘
1666,13:30:27,8.72,--,30,26160,买盘
1667,13:30:24,8.72,--,24,20928,买盘
1668,13:30:21,8.72,--,6,5232,买盘
1669,13:30:18,8.72,-0.01,1,872,中性盘
1670,13:30:15,8.73,0.01,170,148410,买盘
1671,13:30:12,8.72,--,86,74992,买盘
1672,13:30:09,8.72,0.01,422,367984,买盘
1673,13:30:06,8.71,-0.01,479,417209,卖盘
1674,13:30:03,8.72,--,200,174400,卖盘
1675,13:30:00,8.72,--,110,95920,卖盘
1676,13:29:57,8.72,-0.01,351,306072,卖盘
1677,13:29:54,8.73,--,14,12222,买盘
1678,13:29:51,8.73,--,180,157140,买盘
1679,13:29:48,8.73,0.01,74,64602,买盘
1680,13:29:45,8.72,--,168,146496,卖盘
1681,13:29:42,8.72,--,320,279040,卖盘
1682,13:29:39,8.72,--,10,8720,卖盘
1683,13:29:36,8.72,--,157,136904,卖盘
1684,13:29:33,8.72,--,146,127312,卖盘
1685,13:29:30,8.72,-0.01,22,19184,卖盘
1686,13:29:27,8.73,0.01,26,22698,买盘
1687,13:29:24,8.72,-0.01,1648,1437056,卖盘
1688,13:29:21,8.73,0.01,11,9603,买盘
1689,13:29:18,8.72,--,13,11336,卖盘
1690,13:29:15,8.72,--,92,80224,卖盘
1691,13:29:12,8.72,--,30,26160,卖盘
1692,13:29:09,8.72,-0.01,291,253752,卖盘
1693,13:29:06,8.73,0.01,24,20952,买盘
1694,13:29:03,8.72,-0.01,39,34008,卖盘
1695,13:28:57,8.73,--,4,3492,买盘
1696,13:28:54,8.73,0.01,35,30555,买盘
1697,13:28:51,8.72,-0.01,411,358392,卖盘
1698,13:28:48,8.73,0.01,100,87300,买盘
1699,13:28:45,8.72,--,138,120336,卖盘
1700,13:28:42,8.72,-0.01,167,145624,卖盘
1701,13:28:39,8.73,--,407,355311,买盘
1702,13:28:36,8.73,0.01,22,19206,买盘
1703,13:28:33,8.72,--,45,39240,卖盘
1704,13:28:30,8.72,--,91,79352,卖盘
1705,13:28:27,8.72,-0.01,14,12208,卖盘
1706,13:28:24,8.73,0.01,1,873,买盘
1707,13:28:21,8.72,-0.01,26,22672,卖盘
1708,13:28:18,8.73,--,32,27936,买盘
1709,13:28:15,8.73,-0.01,277,241821,卖盘
1710,13:28:12,8.74,--,245,214130,买盘
1711,13:28:09,8.74,--,7,6118,买盘
1712,13:28:06,8.74,0.01,72,62928,买盘
1713,13:28:03,8.73,--,5,4365,卖盘
1714,13:28:00,8.73,--,218,190314,买盘
1715,13:27:57,8.73,--,65,56745,买盘
1716,13:27:54,8.73,--,678,591894,买盘
1717,13:27:51,8.73,0.01,251,219123,买盘
1718,13:27:48,8.72,-0.01,84,73248,卖盘
1719,13:27:45,8.73,0.01,55,48015,买盘
1720,13:27:42,8.72,-0.01,150,130800,卖盘
1721,13:27:39,8.73,0.01,93,81189,买盘
1722,13:27:36,8.72,--,51,44472,卖盘
1723,13:27:33,8.72,-0.01,87,75864,卖盘
1724,13:27:30,8.73,--,51,44523,买盘
1725,13:27:27,8.73,--,194,169362,买盘
1726,13:27:24,8.73,--,26,22698,买盘
1727,13:27:21,8.73,--,341,297693,卖盘
1728,13:27:18,8.73,-0.01,326,284598,卖盘
1729,13:27:15,8.74,0.01,105,91770,买盘
1730,13:27:12,8.73,--,26,22698,卖盘
1731,13:27:09,8.73,-0.01,102,89046,卖盘
1732,13:27:06,8.74,--,187,163438,买盘
1733,13:27:03,8.74,0.01,691,603934,买盘
1734,13:27:00,8.73,--,65,56745,买盘
1735,13:26:57,8.73,--,32,27936,买盘
1736,13:26:54,8.73,0.01,23,20079,买盘
1737,13:26:51,8.72,-0.01,100,87200,卖盘
1738,13:26:48,8.73,--,10,8730,买盘
1739,13:26:45,8.73,-0.01,675,589275,卖盘
1740,13:26:42,8.74,--,543,474582,买盘
1741,13:26:39,8.74,0.01,100,87400,买盘
1742,13:26:36,8.73,--,16,13968,买盘
1743,13:26:33,8.73,--,124,108252,卖盘
1744,13:26:30,8.73,-0.01,96,83808,卖盘
1745,13:26:27,8.74,0.01,22,19228,买盘
1746,13:26:24,8.73,0.01,4,3492,中性盘
1747,13:26:21,8.72,-0.02,20,17440,卖盘
1748,13:26:18,8.74,0.01,4842,4231908,买盘
1749,13:26:15,8.73,-0.01,119,103887,卖盘
1750,13:26:12,8.74,--,14,12236,买盘
1751,13:26:06,8.74,--,209,182666,买盘
1752,13:26:03,8.74,0.01,35,30590,买盘
1753,13:26:00,8.73,-0.01,4,3492,卖盘
1754,13:25:57,8.74,--,220,192280,买盘
1755,13:25:54,8.74,--,28,24472,买盘
1756,13:25:51,8.74,--,87,76038,买盘
1757,13:25:48,8.74,--,67,58558,买盘
1758,13:25:45,8.74,--,33,28842,买盘
1759,13:25:42,8.74,--,99,86526,买盘
1760,13:25:39,8.74,0.01,46,40204,买盘
1761,13:25:36,8.73,-0.01,226,197298,卖盘
1762,13:25:33,8.74,0.01,569,497306,买盘
1763,13:25:30,8.73,-0.01,33,28809,卖盘
1764,13:25:27,8.74,0.01,23,20102,买盘
1765,13:25:24,8.73,--,85,74205,卖盘
1766,13:25:21,8.73,-0.01,75,65475,卖盘
1767,13:25:18,8.74,--,11,9614,买盘
1768,13:25:15,8.74,--,10,8740,买盘
1769,13:25:12,8.74,--,36,31464,买盘
1770,13:25:09,8.74,--,1,874,买盘
1771,13:25:06,8.74,--,29,25346,买盘
1772,13:25:03,8.74,--,148,129352,买盘
1773,13:25:00,8.74,--,73,63802,买盘
1774,13:24:54,8.74,0.01,50,43700,买盘
1775,13:24:51,8.73,--,234,204282,卖盘
1776,13:24:48,8.73,-0.01,69,60237,卖盘
1777,13:24:45,8.74,--,10,8740,买盘
1778,13:24:42,8.74,--,522,456228,买盘
1779,13:24:39,8.74,--,115,100510,买盘
1780,13:24:36,8.74,0.01,99,86526,买盘
1781,13:24:33,8.73,-0.01,40,34920,卖盘
1782,13:24:30,8.74,0.01,121,105754,买盘
1783,13:24:24,8.73,-0.01,6,5238,卖盘
1784,13:24:21,8.74,--,62,54188,买盘
1785,13:24:15,8.74,--,10,8740,买盘
1786,13:24:12,8.74,--,90,78660,买盘
1787,13:24:09,8.74,0.01,14,12236,买盘
1788,13:24:06,8.73,-0.01,218,190314,卖盘
1789,13:24:03,8.74,--,443,387182,买盘
1790,13:24:00,8.74,--,41,35834,买盘
1791,13:23:57,8.74,--,639,558486,卖盘
1792,13:23:54,8.74,--,716,625784,卖盘
1793,13:23:51,8.74,-0.01,110,96140,卖盘
1794,13:23:48,8.75,0.01,20,17500,买盘
1795,13:23:45,8.74,--,5,4370,卖盘
1796,13:23:42,8.74,-0.01,89,77786,卖盘
1797,13:23:39,8.75,--,25,21875,买盘
1798,13:23:36,8.75,0.01,7,6125,买盘
1799,13:23:33,8.74,-0.01,11,9614,卖盘
1800,13:23:30,8.75,--,96,84000,买盘
1801,13:23:27,8.75,0.01,9,7875,买盘
1802,13:23:24,8.74,--,92,80408,卖盘
1803,13:23:21,8.74,-0.01,78,68172,卖盘
1804,13:23:18,8.75,0.01,10,8750,买盘
1805,13:23:15,8.74,-0.01,40,34960,卖盘
1806,13:23:09,8.75,--,25,21875,买盘
1807,13:23:06,8.75,0.01,48,42000,买盘
1808,13:23:03,8.74,-0.01,1049,916826,卖盘
1809,13:23:00,8.75,0.01,88,77000,买盘
1810,13:22:54,8.74,-0.01,369,322506,卖盘
1811,13:22:51,8.75,0.01,157,137375,买盘
1812,13:22:45,8.74,--,51,44574,卖盘
1813,13:22:42,8.74,--,13,11362,卖盘
1814,13:22:39,8.74,--,212,185288,卖盘
1815,13:22:36,8.74,--,58,50692,卖盘
1816,13:22:33,8.74,--,17,14858,卖盘
1817,13:22:27,8.74,-0.01,18,15732,卖盘
1818,13:22:24,8.75,--,5,4375,买盘
1819,13:22:21,8.75,--,15,13125,买盘
1820,13:22:18,8.75,--,57,49875,买盘
1821,13:22:15,8.75,0.01,2,1750,买盘
1822,13:22:12,8.74,-0.01,8,6992,卖盘
1823,13:22:09,8.75,--,17,14875,买盘
1824,13:22:06,8.75,0.01,115,100625,买盘
1825,13:22:03,8.74,-0.01,56,48944,卖盘
1826,13:22:00,8.75,--,199,174125,买盘
1827,13:21:54,8.75,--,1004,878500,买盘
1828,13:21:48,8.75,--,14,12250,买盘
1829,13:21:45,8.75,--,35,30625,买盘
1830,13:21:42,8.75,--,128,112000,买盘
1831,13:21:39,8.75,0.01,7,6125,买盘
1832,13:21:36,8.74,--,51,44574,卖盘
1833,13:21:33,8.74,-0.01,11,9614,卖盘
1834,13:21:30,8.75,--,3,2625,买盘
1835,13:21:27,8.75,0.01,156,136500,买盘
1836,13:21:24,8.74,-0.01,42,36708,卖盘
1837,13:21:21,8.75,--,11,9625,买盘
1838,13:21:18,8.75,--,29,25375,买盘
1839,13:21:15,8.75,--,10,8750,买盘
1840,13:21:12,8.75,--,1,875,买盘
1841,13:21:09,8.75,--,7,6125,买盘
1842,13:21:06,8.75,--,3,2625,买盘
1843,13:20:57,8.75,0.01,6,5250,买盘
1844,13:20:54,8.74,-0.01,222,194028,卖盘
1845,13:20:51,8.75,--,10,8750,买盘
1846,13:20:48,8.75,--,208,182000,买盘
1847,13:20:45,8.75,0.01,11,9625,买盘
1848,13:20:42,8.74,--,11,9614,卖盘
1849,13:20:39,8.74,--,211,184414,卖盘
1850,13:20:36,8.74,--,14,12236,卖盘
1851,13:20:33,8.74,--,2,1748,卖盘
1852,13:20:30,8.74,--,114,99636,卖盘
1853,13:20:27,8.74,-0.01,12,10488,卖盘
1854,13:20:24,8.75,0.01,215,188125,买盘
1855,13:20:21,8.74,--,29,25346,卖盘
1856,13:20:18,8.74,-0.01,271,236854,卖盘
1857,13:20:15,8.75,0.01,460,402500,买盘
1858,13:20:12,8.74,--,512,447488,买盘
1859,13:20:09,8.74,--,3,2622,买盘
1860,13:20:06,8.74,--,303,264822,买盘
1861,13:20:03,8.74,0.01,44,38456,买盘
1862,13:20:00,8.73,-0.01,47,41031,卖盘
1863,13:19:57,8.74,0.01,16,13984,买盘
1864,13:19:54,8.73,--,15,13095,卖盘
1865,13:19:51,8.73,-0.01,102,89046,卖盘
1866,13:19:48,8.74,--,10,8740,买盘
1867,13:19:45,8.74,--,71,62054,买盘
1868,13:19:42,8.74,--,62,54188,买盘
1869,13:19:39,8.74,0.01,35,30590,买盘
1870,13:19:36,8.73,-0.01,3,2619,卖盘
1871,13:19:33,8.74,0.01,551,481574,买盘
1872,13:19:30,8.73,--,42,36666,卖盘
1873,13:19:27,8.73,--,155,135315,卖盘
1874,13:19:21,8.73,-0.01,13,11349,卖盘
1875,13:19:18,8.74,0.01,306,267444,买盘
1876,13:19:15,8.73,-0.01,97,84681,卖盘
1877,13:19:12,8.74,0.01,16,13984,买盘
1878,13:19:09,8.73,--,114,99522,卖盘
1879,13:19:06,8.73,--,53,46269,卖盘
1880,13:19:03,8.73,-0.01,176,153648,卖盘
1881,13:19:00,8.74,--,32,27968,买盘
1882,13:18:54,8.74,--,95,83030,买盘
1883,13:18:51,8.74,0.01,13,11362,买盘
1884,13:18:45,8.73,--,141,123093,卖盘
1885,13:18:42,8.73,--,1,873,卖盘
1886,13:18:39,8.73,-0.01,11,9603,卖盘
1887,13:18:36,8.74,--,61,53314,买盘
1888,13:18:33,8.74,--,150,131100,买盘
1889,13:18:30,8.74,--,163,142462,买盘
1890,13:18:27,8.74,--,1,874,买盘
1891,13:18:24,8.74,0.01,6,5244,买盘
1892,13:18:21,8.73,-0.01,33,28809,卖盘
1893,13:18:18,8.74,--,202,176548,买盘
1894,13:18:15,8.74,0.01,13,11362,买盘
1895,13:18:12,8.73,-0.01,8,6984,卖盘
1896,13:18:09,8.74,--,30,26220,买盘
1897,13:18:06,8.74,--,112,97888,买盘
1898,13:18:03,8.74,--,122,106628,买盘
1899,13:18:00,8.74,--,94,82156,买盘
1900,13:17:54,8.74,--,63,55062,买盘
1901,13:17:51,8.74,--,131,114494,买盘
1902,13:17:48,8.74,--,660,576840,买盘
1903,13:17:45,8.74,--,10,8740,买盘
1904,13:17:42,8.74,--,27,23598,买盘
1905,13:17:39,8.74,0.01,279,243846,买盘
1906,13:17:33,8.73,--,54,47142,卖盘
1907,13:17:30,8.73,--,113,98649,卖盘
1908,13:17:27,8.73,--,9,7857,卖盘
1909,13:17:21,8.73,-0.01,40,34920,卖盘
1910,13:17:18,8.74,--,36,31464,买盘
1911,13:17:15,8.74,--,115,100510,买盘
1912,13:17:12,8.74,--,17,14858,买盘
1913,13:17:06,8.74,0.01,69,60306,买盘
1914,13:17:03,8.73,--,65,56745,卖盘
1915,13:17:00,8.73,-0.01,9,7857,卖盘
1916,13:16:57,8.74,0.01,90,78660,买盘
1917,13:16:54,8.73,--,23,20079,卖盘
1918,13:16:51,8.73,-0.01,36,31428,卖盘
1919,13:16:48,8.74,0.02,4,3496,买盘
1920,13:16:45,8.72,-0.01,573,499830,卖盘
1921,13:16:42,8.73,--,17,14841,买盘
1922,13:16:39,8.73,--,381,332613,买盘
1923,13:16:36,8.73,0.01,99,86427,买盘
1924,13:16:33,8.72,-0.01,3,2616,卖盘
1925,13:16:30,8.73,0.01,80,69840,买盘
1926,13:16:27,8.72,--,44,38368,卖盘
1927,13:16:24,8.72,--,29,25288,卖盘
1928,13:16:21,8.72,--,55,47960,卖盘
1929,13:16:18,8.72,--,17,14824,卖盘
1930,13:16:15,8.72,-0.01,87,75864,卖盘
1931,13:16:12,8.73,--,462,403326,买盘
1932,13:16:09,8.73,--,1396,1218708,买盘
1933,13:16:06,8.73,0.01,22,19206,买盘
1934,13:16:03,8.72,--,101,88072,卖盘
1935,13:16:00,8.72,--,99,86328,卖盘
1936,13:15:57,8.72,-0.01,143,124696,卖盘
1937,13:15:54,8.73,--,86,75078,买盘
1938,13:15:51,8.73,--,160,139680,买盘
1939,13:15:48,8.73,0.01,98,85554,买盘
1940,13:15:45,8.72,--,99,86328,卖盘
1941,13:15:42,8.72,--,51,44472,卖盘
1942,13:15:39,8.72,--,155,135160,卖盘
1943,13:15:36,8.72,--,38,33136,卖盘
1944,13:15:33,8.72,--,29,25288,卖盘
1945,13:15:30,8.72,--,79,68888,卖盘
1946,13:15:27,8.72,-0.01,1358,1184176,卖盘
1947,13:15:24,8.73,--,22,19206,买盘
1948,13:15:21,8.73,0.01,34,29682,买盘
1949,13:15:18,8.72,-0.01,2,1744,卖盘
1950,13:15:15,8.73,--,50,43650,买盘
1951,13:15:12,8.73,--,50,43650,买盘
1952,13:15:09,8.73,-0.01,305,266963,卖盘
1953,13:15:06,8.74,0.01,21,18354,买盘
1954,13:15:03,8.73,-0.01,1,873,卖盘
1955,13:15:00,8.74,0.01,83,72542,买盘
1956,13:14:57,8.73,--,205,178965,卖盘
1957,13:14:54,8.73,--,10,8730,卖盘
1958,13:14:51,8.73,-0.01,125,109125,卖盘
1959,13:14:48,8.74,0.01,1066,931684,买盘
1960,13:14:45,8.73,-0.01,167,145791,卖盘
1961,13:14:42,8.74,--,140,122360,买盘
1962,13:14:39,8.74,--,100,87400,买盘
1963,13:14:36,8.74,0.01,806,704444,买盘
1964,13:14:33,8.73,-0.01,2,1746,卖盘
1965,13:14:30,8.74,--,220,192280,买盘
1966,13:14:24,8.74,0.01,550,480700,买盘
1967,13:14:18,8.73,-0.01,121,105633,卖盘
1968,13:14:15,8.74,0.01,245,214130,买盘
1969,13:14:12,8.73,-0.01,260,226980,卖盘
1970,13:14:09,8.74,0.01,59,51566,买盘
1971,13:14:06,8.73,--,25,21825,卖盘
1972,13:14:03,8.73,--,309,269757,卖盘
1973,13:14:00,8.73,--,13,11349,卖盘
1974,13:13:57,8.73,-0.01,263,229599,卖盘
1975,13:13:54,8.74,0.01,23,20102,买盘
1976,13:13:51,8.73,--,40,34920,卖盘
1977,13:13:45,8.73,-0.01,267,233265,卖盘
1978,13:13:42,8.74,--,113,98762,买盘
1979,13:13:39,8.74,--,194,169556,买盘
1980,13:13:36,8.74,0.01,29,25346,买盘
1981,13:13:33,8.73,--,87,75951,卖盘
1982,13:13:30,8.73,--,65,56745,卖盘
1983,13:13:27,8.73,--,180,157140,卖盘
1984,13:13:24,8.73,--,162,141426,卖盘
1985,13:13:21,8.73,--,13,11349,卖盘
1986,13:13:18,8.73,--,28,24444,卖盘
1987,13:13:15,8.73,--,182,158886,卖盘
1988,13:13:12,8.73,--,13,11349,卖盘
1989,13:13:09,8.73,-0.01,522,455706,卖盘
1990,13:13:06,8.74,0.01,130,113620,买盘
1991,13:13:03,8.73,-0.01,102,89046,卖盘
1992,13:13:00,8.74,--,12,10488,买盘
1993,13:12:54,8.74,--,24,20976,买盘
1994,13:12:51,8.74,--,1188,1038312,买盘
1995,13:12:48,8.74,0.01,7,6118,买盘
1996,13:12:45,8.73,-0.01,639,557847,卖盘
1997,13:12:42,8.74,0.01,40,34960,买盘
1998,13:12:39,8.73,--,2,1746,卖盘
1999,13:12:36,8.73,--,414,361422,卖盘
2000,13:12:33,8.73,-0.01,889,776097,卖盘
2001,13:12:30,8.74,0.01,43,37582,买盘
2002,13:12:27,8.73,--,30,26190,卖盘
2003,13:12:24,8.73,--,101,88173,卖盘
2004,13:12:21,8.73,-0.01,9,7857,卖盘
2005,13:12:18,8.74,0.01,21,18354,买盘
2006,13:12:15,8.73,--,482,420786,卖盘
2007,13:12:12,8.73,-0.01,158,137934,卖盘
2008,13:12:09,8.74,--,29,25346,买盘
2009,13:12:06,8.74,0.01,30,26220,买盘
2010,13:12:03,8.73,-0.01,42,36666,卖盘
2011,13:12:00,8.74,--,54,47196,买盘
2012,13:11:57,8.74,--,50,43700,买盘
2013,13:11:54,8.74,--,25,21850,买盘
2014,13:11:51,8.74,--,1493,1304882,卖盘
2015,13:11:48,8.74,--,131,114494,卖盘
2016,13:11:45,8.74,-0.01,2671,2334454,卖盘
2017,13:11:42,8.75,--,69,60375,买盘
2018,13:11:39,8.75,--,40,35000,买盘
2019,13:11:36,8.75,0.01,20,17500,买盘
2020,13:11:33,8.74,--,128,111872,卖盘
2021,13:11:27,8.74,-0.01,294,256956,卖盘
2022,13:11:24,8.75,--,12,10500,买盘
2023,13:11:21,8.75,--,251,219625,买盘
2024,13:11:18,8.75,0.01,350,306250,买盘
2025,13:11:15,8.74,-0.01,90,78660,卖盘
2026,13:11:12,8.75,--,40,35000,买盘
2027,13:11:09,8.75,--,18,15750,买盘
2028,13:11:06,8.75,--,2122,1856750,卖盘
2029,13:11:03,8.75,--,361,315875,卖盘
2030,13:11:00,8.75,--,2036,1781500,卖盘
2031,13:10:57,8.75,--,39,34125,卖盘
2032,13:10:54,8.75,--,284,248500,卖盘
2033,13:10:51,8.75,--,100,87500,卖盘
2034,13:10:48,8.75,-0.01,109,95375,卖盘
2035,13:10:45,8.76,--,231,202356,买盘
2036,13:10:42,8.76,--,108,94608,买盘
2037,13:10:39,8.76,--,50,43800,买盘
2038,13:10:33,8.76,--,2090,1831006,卖盘
2039,13:10:30,8.76,-0.01,2041,1787916,卖盘
2040,13:10:27,8.77,0.01,1,877,买盘
2041,13:10:24,8.76,-0.01,2154,1886904,卖盘
2042,13:10:18,8.77,0.01,501,439377,买盘
2043,13:10:15,8.76,--,9,7884,卖盘
2044,13:10:12,8.76,--,213,186588,卖盘
2045,13:10:09,8.76,-0.01,471,412596,卖盘
2046,13:10:06,8.77,0.01,2,1754,买盘
2047,13:10:03,8.76,--,1,876,卖盘
2048,13:10:00,8.76,--,4,3504,卖盘
2049,13:09:57,8.76,--,26,22776,卖盘
2050,13:09:54,8.76,--,64,56064,卖盘
2051,13:09:51,8.76,--,80,70080,卖盘
2052,13:09:48,8.76,--,10,8760,卖盘
2053,13:09:45,8.76,-0.01,37,32412,卖盘
2054,13:09:42,8.77,--,12,10524,买盘
2055,13:09:39,8.77,0.01,510,447270,买盘
2056,13:09:33,8.76,--,153,134028,卖盘
2057,13:09:30,8.76,--,100,87600,卖盘
2058,13:09:27,8.76,-0.01,3,2628,卖盘
2059,13:09:24,8.77,0.01,9,7893,买盘
2060,13:09:18,8.76,--,39,34164,卖盘
2061,13:09:15,8.76,--,29,25404,卖盘
2062,13:09:12,8.76,-0.01,47,41172,卖盘
2063,13:09:09,8.77,--,361,316597,买盘
2064,13:09:06,8.77,0.01,101,88577,买盘
2065,13:09:03,8.76,-0.01,20,17520,卖盘
2066,13:09:00,8.77,--,1,877,买盘
2067,13:08:57,8.77,--,4,3508,买盘
2068,13:08:54,8.77,0.01,14,12278,买盘
2069,13:08:51,8.76,-0.01,4,3504,卖盘
2070,13:08:48,8.77,--,9,7893,买盘
2071,13:08:42,8.77,--,28,24556,买盘
2072,13:08:39,8.77,-0.01,261,229177,卖盘
2073,13:08:36,8.78,0.01,15,13169,买盘
2074,13:08:33,8.77,-0.01,18,15786,卖盘
2075,13:08:30,8.78,--,11,9658,买盘
2076,13:08:27,8.78,0.01,20,17560,买盘
2077,13:08:21,8.77,--,20,17540,卖盘
2078,13:08:18,8.77,0.01,378,332102,买盘
2079,13:08:15,8.76,--,419,367044,卖盘
2080,13:08:12,8.76,-0.01,33,28908,卖盘
2081,13:08:09,8.77,--,15,13155,买盘
2082,13:08:06,8.77,-0.01,882,773794,卖盘
2083,13:08:03,8.78,--,64,56191,买盘
2084,13:08:00,8.78,0.01,38,33364,买盘
2085,13:07:57,8.77,-0.01,27,23679,卖盘
2086,13:07:54,8.78,--,24,21072,买盘
2087,13:07:51,8.78,0.01,20,17560,买盘
2088,13:07:48,8.77,-0.01,21,18417,卖盘
2089,13:07:45,8.78,--,20,17560,买盘
2090,13:07:42,8.78,--,6,5268,买盘
2091,13:07:39,8.78,0.01,6,5268,买盘
2092,13:07:36,8.77,--,29,25433,卖盘
2093,13:07:33,8.77,--,3,2631,卖盘
2094,13:07:30,8.77,-0.01,125,109625,卖盘
2095,13:07:27,8.78,0.01,24,21072,买盘
2096,13:07:24,8.77,--,18,15786,卖盘
2097,13:07:21,8.77,--,12,10524,卖盘
2098,13:07:18,8.77,--,511,448147,卖盘
2099,13:07:15,8.77,--,7,6139,卖盘
2100,13:07:12,8.77,--,9,7893,卖盘
2101,13:07:09,8.77,--,136,119272,卖盘
2102,13:07:06,8.77,-0.01,45,39465,卖盘
2103,13:07:00,8.78,0.01,3,2634,买盘
2104,13:06:54,8.77,0.01,41,36553,买盘
2105,13:06:51,8.76,-0.01,40,35040,卖盘
2106,13:06:48,8.77,--,84,73668,买盘
2107,13:06:45,8.77,-0.01,639,560683,卖盘
2108,13:06:42,8.78,0.01,28,24584,买盘
2109,13:06:36,8.77,--,392,343784,卖盘
2110,13:06:30,8.77,-0.01,119,104363,卖盘
2111,13:06:24,8.78,0.01,20,17560,买盘
2112,13:06:21,8.77,-0.01,36,31572,卖盘
2113,13:06:18,8.78,--,4,3511,买盘
2114,13:06:15,8.78,0.01,968,849903,买盘
2115,13:06:12,8.77,--,1501,1316377,卖盘
2116,13:06:09,8.77,-0.01,9,7893,卖盘
2117,13:06:06,8.78,0.01,2,1755,买盘
2118,13:06:03,8.77,-0.01,14,12278,卖盘
2119,13:06:00,8.78,0.01,6,5268,买盘
2120,13:05:57,8.77,-0.01,24,21048,卖盘
2121,13:05:54,8.78,--,102,89556,买盘
2122,13:05:51,8.78,--,246,215987,买盘
2123,13:05:48,8.78,--,7,6146,买盘
2124,13:05:42,8.78,--,205,179990,买盘
2125,13:05:39,8.78,0.01,5,4390,买盘
2126,13:05:36,8.77,--,10,8770,卖盘
2127,13:05:33,8.77,-0.01,104,91208,卖盘
2128,13:05:30,8.78,0.01,67,58825,买盘
2129,13:05:27,8.77,--,100,87700,卖盘
2130,13:05:21,8.77,-0.01,100,87700,卖盘
2131,13:05:18,8.78,0.01,97,85166,买盘
2132,13:05:15,8.77,-0.01,10,8770,卖盘
2133,13:05:12,8.78,--,17,14925,买盘
2134,13:05:09,8.78,0.01,10,8780,买盘
2135,13:05:06,8.77,-0.01,14,12278,卖盘
2136,13:05:00,8.78,--,27,23706,买盘
2137,13:04:57,8.78,--,9,7901,买盘
2138,13:04:54,8.78,--,3,2634,买盘
2139,13:04:51,8.78,--,219,192282,买盘
2140,13:04:45,8.78,--,216,189648,买盘
2141,13:04:42,8.78,--,41,35998,买盘
2142,13:04:36,8.78,0.01,14,12292,买盘
2143,13:04:33,8.77,-0.01,15,13155,卖盘
2144,13:04:21,8.78,--,44,38632,买盘
2145,13:04:18,8.78,--,5,4390,买盘
2146,13:04:15,8.78,--,101,88678,买盘
2147,13:04:12,8.78,--,4,3511,买盘
2148,13:04:09,8.78,--,10,8780,买盘
2149,13:04:06,8.78,--,2,1755,买盘
2150,13:04:03,8.78,0.01,22,19316,买盘
2151,13:04:00,8.77,-0.01,50,43850,卖盘
2152,13:03:57,8.78,--,8,7023,买盘
2153,13:03:48,8.78,--,125,109749,卖盘
2154,13:03:45,8.78,-0.01,5,4390,卖盘
2155,13:03:42,8.79,--,5,4395,买盘
2156,13:03:39,8.79,0.02,2,1757,买盘
2157,13:03:36,8.77,-0.02,2,1754,卖盘
2158,13:03:33,8.79,0.02,223,196016,买盘
2159,13:03:30,8.77,--,9,7893,卖盘
2160,13:03:24,8.77,-0.02,593,520061,卖盘
2161,13:03:21,8.79,--,116,101963,买盘
2162,13:03:18,8.79,0.01,180,158219,买盘
2163,13:03:15,8.78,-0.01,27,23706,卖盘
2164,13:03:09,8.79,--,94,82625,买盘
2165,13:03:06,8.79,0.01,12,10547,买盘
2166,13:03:03,8.78,--,8,7023,卖盘
2167,13:03:00,8.78,--,38,33364,卖盘
2168,13:02:57,8.78,--,22,19316,卖盘
2169,13:02:54,8.78,-0.01,5,4390,卖盘
2170,13:02:51,8.79,0.01,1,878,买盘
2171,13:02:48,8.78,-0.01,83,72874,卖盘
2172,13:02:45,8.79,0.01,4,3515,买盘
2173,13:02:42,8.78,-0.01,50,43900,卖盘
2174,13:02:39,8.79,0.01,53,46586,买盘
2175,13:02:36,8.78,-0.01,2,1755,卖盘
2176,13:02:33,8.79,0.01,1,878,买盘
2177,13:02:30,8.78,--,15,13169,卖盘
2178,13:02:27,8.78,-0.01,6,5268,卖盘
2179,13:02:18,8.79,0.01,99,87020,买盘
2180,13:02:15,8.78,-0.01,210,184380,卖盘
2181,13:02:12,8.79,0.01,3,2636,买盘
2182,13:02:06,8.78,--,14,12292,卖盘
2183,13:02:03,8.78,--,1,877,卖盘
2184,13:02:00,8.78,-0.01,25,21950,卖盘
2185,13:01:57,8.79,0.01,13,11426,买盘
2186,13:01:54,8.78,--,116,101847,卖盘
2187,13:01:51,8.78,--,24,21072,卖盘
2188,13:01:48,8.78,-0.01,14,12292,卖盘
2189,13:01:42,8.79,--,271,238208,买盘
2190,13:01:39,8.79,0.01,50,43949,买盘
2191,13:01:33,8.78,-0.01,3,2634,卖盘
2192,13:01:30,8.79,--,152,133608,买盘
2193,13:01:21,8.79,0.01,20,17580,买盘
2194,13:01:18,8.78,--,62,54435,卖盘
2195,13:01:15,8.78,--,165,144870,卖盘
2196,13:01:12,8.78,--,16,14047,卖盘
2197,13:01:09,8.78,-0.01,17,14925,卖盘
2198,13:01:06,8.79,0.01,148,130091,买盘
2199,13:01:03,8.78,--,7,6146,卖盘
2200,13:01:00,8.78,--,23,20194,卖盘
2201,13:00:57,8.78,--,15,13169,卖盘
2202,13:00:54,8.78,--,96,84288,卖盘
2203,13:00:51,8.78,--,179,157162,卖盘
2204,13:00:45,8.78,-0.01,22,19316,卖盘
2205,13:00:42,8.79,0.01,6,5273,买盘
2206,13:00:39,8.78,--,19,16682,卖盘
2207,13:00:33,8.78,--,155,136090,卖盘
2208,13:00:30,8.78,-0.01,1,877,卖盘
2209,13:00:27,8.79,0.01,16,14063,买盘
2210,13:00:24,8.78,--,1,877,卖盘
2211,13:00:21,8.78,--,7,6146,卖盘
2212,13:00:18,8.78,-0.01,201,176478,卖盘
2213,13:00:15,8.79,--,106,93173,买盘
2214,13:00:12,8.79,--,95,83504,买盘
2215,13:00:09,8.79,--,93,81746,中性盘
2216,13:00:06,8.79,0.01,517,454442,卖盘
2217,13:00:03,8.78,-0.01,2525,2217547,卖盘
2218,11:30:00,8.79,0.01,3,2636,买盘
2219,11:29:57,8.78,--,138,121163,卖盘
2220,11:29:54,8.78,--,3,2634,卖盘
2221,11:29:45,8.78,--,8,7023,中性盘
2222,11:29:42,8.78,--,40,35120,买盘
2223,11:29:39,8.78,0.01,33,28973,买盘
2224,11:29:36,8.77,-0.01,80,70160,卖盘
2225,11:29:33,8.78,--,153,134334,买盘
2226,11:29:27,8.78,--,70,61459,买盘
2227,11:29:24,8.78,-0.01,239,209841,卖盘
2228,11:29:21,8.79,--,13,11426,买盘
2229,11:29:18,8.79,--,3,2636,买盘
2230,11:29:15,8.79,--,571,501908,买盘
2231,11:29:12,8.79,0.01,29,25490,买盘
2232,11:29:09,8.78,--,29,25461,卖盘
2233,11:29:06,8.78,--,18,15803,卖盘
2234,11:29:03,8.78,-0.01,15,13169,卖盘
2235,11:29:00,8.79,0.01,16,14063,买盘
2236,11:28:57,8.78,-0.01,65,57069,卖盘
2237,11:28:54,8.79,0.01,259,227660,买盘
2238,11:28:51,8.78,--,5,4390,卖盘
2239,11:28:48,8.78,-0.01,60,52679,卖盘
2240,11:28:45,8.79,--,47,41312,买盘
2241,11:28:42,8.79,0.01,99,87020,买盘
2242,11:28:39,8.78,--,15,13169,卖盘
2243,11:28:36,8.78,-0.01,667,585626,卖盘
2244,11:28:33,8.79,0.01,7,6152,买盘
2245,11:28:30,8.78,--,17,14925,卖盘
2246,11:28:27,8.78,--,16,14047,卖盘
2247,11:28:24,8.78,--,148,129943,卖盘
2248,11:28:21,8.78,--,15,13169,卖盘
2249,11:28:18,8.78,--,5,4390,卖盘
2250,11:28:15,8.78,-0.01,125,109749,卖盘
2251,11:28:12,8.79,0.01,53,46586,买盘
2252,11:28:09,8.78,-0.01,32,28095,卖盘
2253,11:28:06,8.79,0.01,50,43949,买盘
2254,11:28:03,8.78,--,58,50923,卖盘
2255,11:28:00,8.78,--,13,11414,卖盘
2256,11:27:57,8.78,-0.01,5,4390,卖盘
2257,11:27:54,8.79,--,16,14063,买盘
2258,11:27:51,8.79,--,21,18459,买盘
2259,11:27:48,8.79,0.01,10,8790,买盘
2260,11:27:45,8.78,--,35,30729,卖盘
2261,11:27:42,8.78,--,27,23706,卖盘
2262,11:27:39,8.78,-0.01,208,182624,卖盘
2263,11:27:36,8.79,--,171,150308,买盘
2264,11:27:33,8.79,--,6,5273,买盘
2265,11:27:30,8.79,0.01,195,171404,买盘
2266,11:27:27,8.78,-0.01,119,104481,卖盘
2267,11:27:21,8.79,0.01,16,14063,买盘
2268,11:27:18,8.78,--,12,10536,卖盘
2269,11:27:15,8.78,--,5,4390,卖盘
2270,11:27:12,8.78,-0.01,80,70240,卖盘
2271,11:27:09,8.79,--,13,11426,买盘
2272,11:27:06,8.79,0.01,40,35160,买盘
2273,11:27:00,8.78,-0.01,92,80776,卖盘
2274,11:26:57,8.79,--,74,65045,买盘
2275,11:26:54,8.79,--,21,18459,买盘
2276,11:26:51,8.79,--,55,48344,买盘
2277,11:26:48,8.79,--,50,43949,买盘
2278,11:26:45,8.79,--,8,7031,买盘
2279,11:26:42,8.79,--,2278,2002819,卖盘
2280,11:26:39,8.79,-0.01,50,43949,卖盘
2281,11:26:33,8.8,0.01,133,117040,买盘
2282,11:26:30,8.79,--,629,552891,卖盘
2283,11:26:27,8.79,--,195,171404,卖盘
2284,11:26:24,8.79,--,11,9668,卖盘
2285,11:26:21,8.79,--,10,8790,卖盘
2286,11:26:18,8.79,--,147,129212,卖盘
2287,11:26:15,8.79,-0.01,3,2636,卖盘
2288,11:26:12,8.8,0.01,41,36080,买盘
2289,11:26:09,8.79,--,798,701863,买盘
2290,11:26:06,8.79,0.01,123,108116,买盘
2291,11:26:03,8.78,-0.01,570,500459,卖盘
2292,11:26:00,8.79,--,136,119543,买盘
2293,11:25:57,8.79,--,521,457958,买盘
2294,11:25:54,8.79,--,300,263700,买盘
2295,11:25:51,8.79,0.01,227,199532,买盘
2296,11:25:48,8.78,-0.01,15,13169,卖盘
2297,11:25:42,8.79,0.01,10,8790,买盘
2298,11:25:39,8.78,--,46,40388,卖盘
2299,11:25:36,8.78,--,10,8780,卖盘
2300,11:25:33,8.78,-0.01,31,27217,卖盘
2301,11:25:30,8.79,--,16,14063,买盘
2302,11:25:27,8.79,0.01,4,3515,买盘
2303,11:25:21,8.78,-0.01,341,299398,卖盘
2304,11:25:18,8.79,0.01,160,140640,买盘
2305,11:25:15,8.78,-0.01,5,4390,卖盘
2306,11:25:12,8.79,--,16,14063,买盘
2307,11:25:09,8.79,--,506,444773,买盘
2308,11:25:06,8.79,0.01,18,15821,买盘
2309,11:25:00,8.78,--,1,877,卖盘
2310,11:24:57,8.78,--,98,86044,卖盘
2311,11:24:54,8.78,-0.01,84,73752,卖盘
2312,11:24:51,8.79,--,98,86141,买盘
2313,11:24:48,8.79,0.01,284,249635,买盘
2314,11:24:45,8.78,-0.01,56,49168,卖盘
2315,11:24:42,8.79,--,12,10547,买盘
2316,11:24:39,8.79,0.01,6,5273,买盘
2317,11:24:36,8.78,-0.01,540,474119,卖盘
2318,11:24:33,8.79,0.01,35,30764,买盘
2319,11:24:27,8.78,--,196,172088,卖盘
2320,11:24:24,8.78,-0.01,47,41266,卖盘
2321,11:24:21,8.79,--,56,49223,买盘
2322,11:24:18,8.79,0.01,1,878,买盘
2323,11:24:15,8.78,-0.01,15,13169,卖盘
2324,11:24:12,8.79,--,6,5273,买盘
2325,11:24:09,8.79,0.01,6,5273,买盘
2326,11:24:06,8.78,--,6,5268,卖盘
2327,11:24:03,8.78,--,1,877,卖盘
2328,11:24:00,8.78,--,14,12292,卖盘
2329,11:23:57,8.78,-0.01,59,51801,卖盘
2330,11:23:54,8.79,0.01,136,119543,买盘
2331,11:23:51,8.78,--,59,51801,卖盘
2332,11:23:48,8.78,--,18,15803,卖盘
2333,11:23:45,8.78,--,9,7901,卖盘
2334,11:23:42,8.78,--,5,4390,卖盘
2335,11:23:39,8.78,--,3,2634,卖盘
2336,11:23:36,8.78,-0.01,1,877,卖盘
2337,11:23:33,8.79,--,3,2636,买盘
2338,11:23:30,8.79,0.01,1,878,买盘
2339,11:23:27,8.78,-0.01,9,7901,卖盘
2340,11:23:24,8.79,0.01,49,43070,买盘
2341,11:23:21,8.78,--,156,136968,卖盘
2342,11:23:18,8.78,--,117,102725,卖盘
2343,11:23:15,8.78,-0.01,13,11414,卖盘
2344,11:23:12,8.79,0.01,617,542343,买盘
2345,11:23:09,8.78,--,64,56191,卖盘
2346,11:23:03,8.78,--,4,3511,卖盘
2347,11:23:00,8.78,--,109,95702,卖盘
2348,11:22:57,8.78,-0.01,46,40388,卖盘
2349,11:22:54,8.79,0.01,268,235571,买盘
2350,11:22:51,8.78,-0.01,58,50923,卖盘
2351,11:22:48,8.79,--,19,16701,买盘
2352,11:22:45,8.79,--,156,137124,买盘
2353,11:22:42,8.79,--,5,4395,买盘
2354,11:22:33,8.79,--,209,183710,买盘
2355,11:22:30,8.79,0.01,1,878,买盘
2356,11:22:27,8.78,-0.01,5,4390,卖盘
2357,11:22:24,8.79,--,88,77351,买盘
2358,11:22:21,8.79,--,223,196016,买盘
2359,11:22:15,8.79,0.01,1,878,买盘
2360,11:22:12,8.78,--,137,120285,卖盘
2361,11:22:09,8.78,--,10,8780,卖盘
2362,11:22:06,8.78,-0.01,7,6146,卖盘
2363,11:21:54,8.79,0.01,1,878,买盘
2364,11:21:51,8.78,--,25,21950,卖盘
2365,11:21:48,8.78,--,61,53557,卖盘
2366,11:21:45,8.78,-0.01,38,33364,卖盘
2367,11:21:42,8.79,--,61,53618,买盘
2368,11:21:39,8.79,0.01,53,46586,买盘
2369,11:21:36,8.78,-0.01,230,201939,卖盘
2370,11:21:33,8.79,0.01,23,20216,买盘
2371,11:21:30,8.78,--,475,417049,卖盘
2372,11:21:27,8.78,-0.01,163,143114,卖盘
2373,11:21:24,8.79,--,31,27248,买盘
2374,11:21:21,8.79,0.01,62,54497,买盘
2375,11:21:18,8.78,--,100,87800,卖盘
2376,11:21:15,8.78,--,58,50923,卖盘
2377,11:21:12,8.78,--,49,43022,卖盘
2378,11:21:09,8.78,-0.01,2,1755,卖盘
2379,11:21:06,8.79,0.01,11,9668,买盘
2380,11:21:03,8.78,--,7,6146,卖盘
2381,11:20:57,8.78,-0.01,52,45656,卖盘
2382,11:20:54,8.79,0.01,6,5273,买盘
2383,11:20:51,8.78,--,20,17560,卖盘
2384,11:20:48,8.78,--,20,17560,卖盘
2385,11:20:45,8.78,-0.01,261,229157,卖盘
2386,11:20:42,8.79,--,19,16701,买盘
2387,11:20:39,8.79,--,34,29885,买盘
2388,11:20:33,8.79,0.01,150,131850,买盘
2389,11:20:30,8.78,--,205,179990,卖盘
2390,11:20:27,8.78,--,5,4390,卖盘
2391,11:20:24,8.78,--,10,8780,卖盘
2392,11:20:21,8.78,-0.01,59,51801,卖盘
2393,11:20:18,8.79,0.01,98,86141,买盘
2394,11:20:15,8.78,--,26,22828,卖盘
2395,11:20:12,8.78,--,5,4390,卖盘
2396,11:20:09,8.78,--,100,87800,卖盘
2397,11:20:06,8.78,-0.01,24,21072,卖盘
2398,11:20:03,8.79,--,1,878,买盘
2399,11:19:57,8.79,--,286,251393,买盘
2400,11:19:54,8.79,--,53,46586,买盘
2401,11:19:51,8.79,--,940,826259,买盘
2402,11:19:45,8.79,--,41,36039,买盘
2403,11:19:42,8.79,--,4,3515,买盘
2404,11:19:39,8.79,0.01,609,535311,买盘
2405,11:19:36,8.78,-0.01,15,13169,卖盘
2406,11:19:33,8.79,0.01,605,531795,买盘
2407,11:19:30,8.78,--,1,877,卖盘
2408,11:19:27,8.78,--,50,43900,卖盘
2409,11:19:21,8.78,--,75,65850,卖盘
2410,11:19:18,8.78,-0.01,1010,886779,卖盘
2411,11:19:15,8.79,--,405,355994,买盘
2412,11:19:12,8.79,0.01,148,130091,买盘
2413,11:19:09,8.78,--,102,89556,卖盘
2414,11:19:06,8.78,-0.01,299,262522,卖盘
2415,11:19:03,8.79,0.01,55,48344,买盘
2416,11:19:00,8.78,-0.01,127,111505,卖盘
2417,11:18:57,8.79,0.01,543,477296,买盘
2418,11:18:54,8.78,-0.01,508,446023,卖盘
2419,11:18:51,8.79,--,11,9668,买盘
2420,11:18:48,8.79,0.01,552,485207,买盘
2421,11:18:45,8.78,-0.01,64,56191,卖盘
2422,11:18:42,8.79,--,79,69441,买盘
2423,11:18:39,8.79,0.01,196,172283,买盘
2424,11:18:36,8.78,-0.01,5,4390,卖盘
2425,11:18:33,8.79,0.01,1,878,买盘
2426,11:18:30,8.78,-0.01,120,105359,卖盘
2427,11:18:27,8.79,0.01,275,241724,买盘
2428,11:18:24,8.78,--,15,13169,卖盘
2429,11:18:21,8.78,-0.01,73,64093,卖盘
2430,11:18:18,8.79,0.01,6,5273,买盘
2431,11:18:15,8.78,-0.01,185,162430,卖盘
2432,11:18:12,8.79,0.01,136,119543,买盘
2433,11:18:09,8.78,-0.01,35,30729,卖盘
2434,11:18:06,8.79,--,12,10547,买盘
2435,11:18:03,8.79,0.01,101,88778,买盘
2436,11:18:00,8.78,-0.01,10,8780,卖盘
2437,11:17:57,8.79,--,228,200411,买盘
2438,11:17:54,8.79,--,103,90536,买盘
2439,11:17:51,8.79,0.01,59,51860,买盘
2440,11:17:48,8.78,-0.01,4,3511,卖盘
2441,11:17:45,8.79,--,6,5273,买盘
2442,11:17:42,8.79,0.01,33,29006,买盘
2443,11:17:39,8.78,--,298,261643,卖盘
2444,11:17:36,8.78,-0.01,1,877,卖盘
2445,11:17:33,8.79,--,10,8790,买盘
2446,11:17:30,8.79,0.01,32,28127,买盘
2447,11:17:24,8.78,--,23,20194,卖盘
2448,11:17:21,8.78,-0.01,5,4390,卖盘
2449,11:17:18,8.79,0.01,6,5273,买盘
2450,11:17:15,8.78,--,20,17560,卖盘
2451,11:17:12,8.78,--,110,96580,卖盘
2452,11:17:09,8.78,--,39,34242,卖盘
2453,11:17:06,8.78,--,33,28973,卖盘
2454,11:17:03,8.78,--,18,15803,卖盘
2455,11:17:00,8.78,--,10,8780,卖盘
2456,11:16:57,8.78,--,5,4390,卖盘
2457,11:16:54,8.78,--,2,1755,卖盘
2458,11:16:51,8.78,--,22,19316,卖盘
2459,11:16:45,8.78,--,50,43900,卖盘
2460,11:16:42,8.78,0.01,224,196672,买盘
2461,11:16:39,8.77,-0.01,26,22802,卖盘
2462,11:16:33,8.78,--,1,877,买盘
2463,11:16:30,8.78,0.01,104,91312,买盘
2464,11:16:24,8.77,-0.01,555,486735,卖盘
2465,11:16:21,8.78,--,38,33364,买盘
2466,11:16:18,8.78,0.01,10,8780,买盘
2467,11:16:15,8.77,--,58,50866,卖盘
2468,11:16:09,8.77,--,10,8770,卖盘
2469,11:16:06,8.77,--,922,808594,卖盘
2470,11:16:03,8.77,--,13,11401,卖盘
2471,11:16:00,8.77,-0.01,5,4385,卖盘
2472,11:15:57,8.78,0.01,13,11414,买盘
2473,11:15:54,8.77,--,30,26310,卖盘
2474,11:15:51,8.77,--,383,335891,卖盘
2475,11:15:45,8.77,--,40,35080,卖盘
2476,11:15:42,8.77,--,374,327998,买盘
2477,11:15:39,8.77,--,642,563034,卖盘
2478,11:15:36,8.77,-0.01,1,877,卖盘
2479,11:15:33,8.78,--,34,29851,买盘
2480,11:15:30,8.78,0.01,172,151016,买盘
2481,11:15:27,8.77,0.01,1,877,中性盘
2482,11:15:24,8.76,-0.01,222,194472,卖盘
2483,11:15:21,8.77,--,147,128919,买盘
2484,11:15:18,8.77,--,45,39465,买盘
2485,11:15:15,8.77,0.01,50,43850,买盘
2486,11:15:12,8.76,--,36,31536,卖盘
2487,11:15:09,8.76,-0.01,204,178704,卖盘
2488,11:15:06,8.77,--,48,42096,买盘
2489,11:15:03,8.77,--,121,106117,买盘
2490,11:14:57,8.77,--,34,29818,买盘
2491,11:14:54,8.77,--,48,42096,买盘
2492,11:14:51,8.77,--,476,417452,买盘
2493,11:14:48,8.77,--,1336,1171672,买盘
2494,11:14:42,8.77,--,54,47358,买盘
2495,11:14:39,8.77,0.01,20,17540,买盘
2496,11:14:36,8.76,-0.01,3,2628,卖盘
2497,11:14:33,8.77,0.01,1,877,买盘
2498,11:14:30,8.76,-0.01,6,5256,卖盘
2499,11:14:27,8.77,0.01,345,302565,买盘
2500,11:14:24,8.76,-0.01,27,23652,卖盘
2501,11:14:21,8.77,--,106,92962,买盘
2502,11:14:18,8.77,--,192,168384,买盘
2503,11:14:15,8.77,0.01,551,483227,买盘
2504,11:14:12,8.76,--,34,29784,卖盘
2505,11:14:09,8.76,-0.01,912,798912,卖盘
2506,11:14:03,8.77,0.01,4,3508,买盘
2507,11:14:00,8.76,--,34,29784,卖盘
2508,11:13:57,8.76,-0.01,200,175200,卖盘
2509,11:13:54,8.77,0.01,3,2631,买盘
2510,11:13:51,8.76,-0.01,87,76212,卖盘
2511,11:13:48,8.77,--,225,197325,买盘
2512,11:13:42,8.77,--,9,7893,买盘
2513,11:13:39,8.77,--,96,84192,买盘
2514,11:13:36,8.77,--,29,25433,买盘
2515,11:13:33,8.77,0.01,115,100855,买盘
2516,11:13:30,8.76,-0.01,5,4380,卖盘
2517,11:13:27,8.77,0.01,26,22802,买盘
2518,11:13:24,8.76,-0.01,252,220752,卖盘
2519,11:13:21,8.77,--,999,876123,买盘
2520,11:13:18,8.77,--,37,32449,买盘
2521,11:13:15,8.77,--,1203,1055031,买盘
2522,11:13:12,8.77,--,7,6139,买盘
2523,11:13:09,8.77,--,16,14032,买盘
2524,11:13:06,8.77,0.01,171,149967,买盘
2525,11:13:03,8.76,--,27,23652,卖盘
2526,11:13:00,8.76,--,32,28032,卖盘
2527,11:12:54,8.76,-0.01,14,12264,卖盘
2528,11:12:51,8.77,--,3,2631,买盘
2529,11:12:42,8.77,0.01,89,78053,买盘
2530,11:12:36,8.76,-0.01,15,13140,卖盘
2531,11:12:33,8.77,0.01,101,88577,买盘
2532,11:12:30,8.76,--,11,9636,卖盘
2533,11:12:24,8.76,--,93,82177,买盘
2534,11:12:21,8.76,--,5,4380,买盘
2535,11:12:18,8.76,--,53,46428,买盘
2536,11:12:15,8.76,0.01,22,19272,买盘
2537,11:12:12,8.75,-0.01,2,1750,卖盘
2538,11:12:09,8.76,0.01,5,4380,买盘
2539,11:12:06,8.75,-0.01,40,35000,卖盘
2540,11:12:03,8.76,--,54,47470,卖盘
2541,11:12:00,8.76,--,61,53436,卖盘
2542,11:11:57,8.76,0.01,189,166273,买盘
2543,11:11:54,8.75,-0.01,18,15750,卖盘
2544,11:11:51,8.76,0.01,46,40296,买盘
2545,11:11:48,8.75,-0.01,15,13125,卖盘
2546,11:11:45,8.76,--,211,184836,买盘
2547,11:11:42,8.76,0.01,7,6132,买盘
2548,11:11:39,8.75,--,54,47250,卖盘
2549,11:11:36,8.75,-0.01,126,110250,卖盘
2550,11:11:33,8.76,--,3,2628,买盘
2551,11:11:30,8.76,0.01,6,5256,买盘
2552,11:11:27,8.75,-0.01,35,30625,卖盘
2553,11:11:24,8.76,0.01,1539,1348164,买盘
2554,11:11:21,8.75,--,318,278250,卖盘
2555,11:11:18,8.75,--,13,11375,卖盘
2556,11:11:15,8.75,-0.01,74,64750,卖盘
2557,11:11:12,8.76,0.01,1554,1361304,买盘
2558,11:11:09,8.75,-0.01,10,8750,卖盘
2559,11:11:06,8.76,--,162,141912,买盘
2560,11:11:03,8.76,0.01,188,164688,买盘
2561,11:11:00,8.75,-0.01,21,18375,卖盘
2562,11:10:57,8.76,0.01,38,33288,买盘
2563,11:10:48,8.75,--,198,173250,卖盘
2564,11:10:45,8.75,--,6,5250,卖盘
2565,11:10:42,8.75,--,203,177625,卖盘
2566,11:10:39,8.75,--,66,57750,卖盘
2567,11:10:36,8.75,--,16,14000,卖盘
2568,11:10:33,8.75,--,79,69125,卖盘
2569,11:10:30,8.75,--,169,147875,买盘
2570,11:10:27,8.75,--,291,254625,买盘
2571,11:10:24,8.75,--,356,311500,买盘
2572,11:10:21,8.75,--,132,115500,买盘
2573,11:10:18,8.75,-0.01,207,181125,卖盘
2574,11:10:15,8.76,0.01,27,23652,买盘
2575,11:10:12,8.75,--,27,23625,卖盘
2576,11:10:09,8.75,-0.01,10,8750,卖盘
2577,11:10:06,8.76,0.01,458,401208,买盘
2578,11:10:00,8.75,--,83,72625,卖盘
2579,11:09:57,8.75,--,206,180250,卖盘
2580,11:09:54,8.75,--,87,76125,卖盘
2581,11:09:51,8.75,--,139,121625,卖盘
2582,11:09:48,8.75,-0.01,510,446250,卖盘
2583,11:09:45,8.76,--,37,32412,买盘
2584,11:09:42,8.76,--,121,105996,买盘
2585,11:09:39,8.76,--,671,587796,买盘
2586,11:09:36,8.76,--,82,71832,买盘
2587,11:09:33,8.76,--,115,100740,买盘
2588,11:09:30,8.76,0.01,50,43800,买盘
2589,11:09:27,8.75,--,1001,875875,卖盘
2590,11:09:24,8.75,-0.01,5,4375,卖盘
2591,11:09:18,8.76,0.01,42,36792,买盘
2592,11:09:15,8.75,--,611,534625,卖盘
2593,11:09:12,8.75,-0.01,104,91000,卖盘
2594,11:09:09,8.76,0.01,134,117384,买盘
2595,11:09:06,8.75,-0.01,5,4375,卖盘
2596,11:09:03,8.76,0.01,5,4380,中性盘
2597,11:09:00,8.75,-0.01,300,262500,卖盘
2598,11:08:57,8.76,--,38,33288,卖盘
2599,11:08:54,8.76,-0.01,57,49932,卖盘
2600,11:08:51,8.77,0.02,3,2631,买盘
2601,11:08:48,8.75,-0.01,2098,1835750,卖盘
2602,11:08:45,8.76,-0.01,44,38544,卖盘
2603,11:08:42,8.77,--,115,100855,买盘
2604,11:08:36,8.77,0.01,33,28941,买盘
2605,11:08:33,8.76,-0.01,4,3504,卖盘
2606,11:08:30,8.77,--,66,57882,买盘
2607,11:08:27,8.77,-0.01,2506,2197762,卖盘
2608,11:08:24,8.78,--,2643,2320554,买盘
2609,11:08:21,8.78,-0.01,36,31607,中性盘
2610,11:08:15,8.79,0.01,129,113390,买盘
2611,11:08:09,8.78,--,186,163308,买盘
2612,11:08:06,8.78,0.01,220,193160,买盘
2613,11:08:03,8.77,-0.01,3,2631,卖盘
2614,11:08:00,8.78,--,121,106237,买盘
2615,11:07:54,8.78,0.01,91,79898,买盘
2616,11:07:51,8.77,-0.01,25,21925,卖盘
2617,11:07:48,8.78,0.01,3,2634,买盘
2618,11:07:45,8.77,-0.01,16,14032,卖盘
2619,11:07:42,8.78,0.01,7,6146,买盘
2620,11:07:39,8.77,-0.01,107,93839,卖盘
2621,11:07:36,8.78,--,60,52679,买盘
2622,11:07:33,8.78,--,148,129943,卖盘
2623,11:07:30,8.78,--,145,127309,卖盘
2624,11:07:27,8.78,--,121,106237,卖盘
2625,11:07:24,8.78,--,4,3511,卖盘
2626,11:07:15,8.78,-0.01,1,877,卖盘
2627,11:07:12,8.79,0.01,28,24611,买盘
2628,11:07:09,8.78,--,5,4390,卖盘
2629,11:07:03,8.78,--,14,12292,卖盘
2630,11:07:00,8.78,--,177,155406,买盘
2631,11:06:57,8.78,0.01,23,20194,买盘
2632,11:06:54,8.77,-0.01,8,7016,卖盘
2633,11:06:51,8.78,--,122,107115,买盘
2634,11:06:48,8.78,0.01,202,177356,买盘
2635,11:06:42,8.77,--,247,216619,卖盘
2636,11:06:39,8.77,--,46,40342,卖盘
2637,11:06:36,8.77,-0.01,35,30695,卖盘
2638,11:06:33,8.78,0.01,5,4390,买盘
2639,11:06:30,8.77,--,10,8770,卖盘
2640,11:06:27,8.77,--,76,66652,卖盘
2641,11:06:18,8.77,--,97,85069,卖盘
2642,11:06:15,8.77,--,585,513045,卖盘
2643,11:06:12,8.77,--,15,13155,卖盘
2644,11:06:09,8.77,-0.01,103,90331,卖盘
2645,11:06:06,8.78,0.01,99,86922,买盘
2646,11:05:57,8.77,--,3,2631,卖盘
2647,11:05:54,8.77,--,8,7016,卖盘
2648,11:05:51,8.77,--,29,25433,卖盘
2649,11:05:48,8.77,-0.01,9,7893,卖盘
2650,11:05:45,8.78,--,38,33364,买盘
2651,11:05:42,8.78,--,14,12292,买盘
2652,11:05:39,8.78,--,181,158918,买盘
2653,11:05:36,8.78,--,24,21072,买盘
2654,11:05:33,8.78,--,9,7901,买盘
2655,11:05:30,8.78,0.01,33,28973,买盘
2656,11:05:27,8.77,-0.01,59,51743,卖盘
2657,11:05:24,8.78,--,10,8780,买盘
2658,11:05:21,8.78,0.01,55,48290,买盘
2659,11:05:18,8.77,--,56,49112,卖盘
2660,11:05:12,8.77,-0.01,16,14032,卖盘
2661,11:05:06,8.78,--,206,180868,买盘
2662,11:05:03,8.78,--,110,96580,卖盘
2663,11:05:00,8.78,--,94,82532,买盘
2664,11:04:57,8.78,0.01,2,1755,买盘
2665,11:04:54,8.77,--,404,354308,卖盘
2666,11:04:51,8.77,--,27,23679,卖盘
2667,11:04:48,8.77,-0.01,51,44727,卖盘
2668,11:04:45,8.78,0.01,8,7023,买盘
2669,11:04:42,8.77,--,104,91208,卖盘
2670,11:04:39,8.77,-0.01,10,8770,卖盘
2671,11:04:36,8.78,--,5,4390,买盘
2672,11:04:33,8.78,--,10,8780,买盘
2673,11:04:30,8.78,0.01,8,7023,买盘
2674,11:04:27,8.77,-0.01,1,877,卖盘
2675,11:04:21,8.78,--,1790,1571620,买盘
2676,11:04:18,8.78,0.01,58,50923,买盘
2677,11:04:15,8.77,-0.01,48,42096,卖盘
2678,11:04:12,8.78,--,165,144870,买盘
2679,11:04:09,8.78,--,69,60581,买盘
2680,11:04:06,8.78,--,101,88678,买盘
2681,11:04:03,8.78,--,462,405635,卖盘
2682,11:04:00,8.78,--,207,181746,买盘
2683,11:03:57,8.78,--,131,115017,卖盘
2684,11:03:54,8.78,0.01,10,8780,中性盘
2685,11:03:51,8.77,-0.01,110,96470,卖盘
2686,11:03:48,8.78,0.01,489,429341,买盘
2687,11:03:45,8.77,-0.01,12,10524,卖盘
2688,11:03:42,8.78,--,4,3511,买盘
2689,11:03:39,8.78,--,602,528556,买盘
2690,11:03:33,8.78,0.01,47,41266,买盘
2691,11:03:30,8.77,-0.01,5,4385,卖盘
2692,11:03:27,8.78,0.01,30,26339,买盘
2693,11:03:24,8.77,--,67,58759,卖盘
2694,11:03:18,8.77,-0.01,153,134181,卖盘
2695,11:03:15,8.78,0.01,91,79898,买盘
2696,11:03:06,8.77,-0.01,64,56128,卖盘
2697,11:03:03,8.78,0.01,12,10536,买盘
2698,11:02:57,8.77,--,11,9647,卖盘
2699,11:02:54,8.77,--,59,51743,卖盘
2700,11:02:48,8.77,--,123,107871,卖盘
2701,11:02:45,8.77,-0.01,49,42973,卖盘
2702,11:02:42,8.78,--,28,24584,买盘
2703,11:02:39,8.78,0.01,105,92190,买盘
2704,11:02:36,8.77,-0.01,50,43850,卖盘
2705,11:02:33,8.78,0.01,2,1755,买盘
2706,11:02:30,8.77,--,80,70160,卖盘
2707,11:02:27,8.77,--,252,221004,卖盘
2708,11:02:24,8.77,-0.01,23,20171,卖盘
2709,11:02:18,8.78,0.01,108,94824,买盘
2710,11:02:15,8.77,--,50,43850,卖盘
2711,11:02:12,8.77,--,1627,1426879,卖盘
2712,11:02:09,8.77,-0.01,164,143828,卖盘
2713,11:02:06,8.78,--,28,24584,买盘
2714,11:02:03,8.78,--,64,56191,买盘
2715,11:02:00,8.78,0.01,36,31607,买盘
2716,11:01:57,8.77,-0.01,12,10524,卖盘
2717,11:01:54,8.78,--,33,28973,买盘
2718,11:01:51,8.78,0.01,20,17560,买盘
2719,11:01:48,8.77,-0.01,63,55251,卖盘
2720,11:01:45,8.78,--,91,79898,买盘
2721,11:01:42,8.78,--,24,21072,买盘
2722,11:01:39,8.78,--,51,44778,买盘
2723,11:01:36,8.78,--,6,5268,买盘
2724,11:01:33,8.78,0.01,1,877,买盘
2725,11:01:30,8.77,-0.02,105,92085,卖盘
2726,11:01:27,8.79,0.01,135,118664,买盘
2727,11:01:21,8.78,--,231,202993,卖盘
2728,11:01:18,8.78,-0.01,3,2634,卖盘
2729,11:01:12,8.79,0.01,68,59771,买盘
2730,11:01:09,8.78,--,92,80776,卖盘
2731,11:01:06,8.78,--,13,11414,卖盘
2732,11:01:03,8.78,--,14,12292,卖盘
2733,11:01:00,8.78,--,49,43022,卖盘
2734,11:00:57,8.78,--,2,1755,卖盘
2735,11:00:54,8.78,--,46,40388,卖盘
2736,11:00:51,8.78,--,21,18438,卖盘
2737,11:00:48,8.78,0.01,31,27920,买盘
2738,11:00:45,8.77,-0.01,26,22802,卖盘
2739,11:00:42,8.78,0.01,86,75508,买盘
2740,11:00:39,8.77,--,108,94716,卖盘
2741,11:00:36,8.77,--,608,533216,卖盘
2742,11:00:33,8.77,-0.01,208,182416,卖盘
2743,11:00:30,8.78,--,300,263400,买盘
2744,11:00:27,8.78,--,50,43900,买盘
2745,11:00:24,8.78,0.01,10,8780,买盘
2746,11:00:21,8.77,-0.01,37,32449,卖盘
2747,11:00:18,8.78,0.01,87,76386,买盘
2748,11:00:15,8.77,-0.01,128,112256,卖盘
2749,11:00:12,8.78,--,12,10536,买盘
2750,11:00:09,8.78,0.01,62,54435,买盘
2751,11:00:06,8.77,-0.01,513,449901,卖盘
2752,11:00:03,8.78,--,22,19316,买盘
2753,11:00:00,8.78,--,108,94824,买盘
2754,10:59:57,8.78,0.01,35,30729,买盘
2755,10:59:54,8.77,-0.01,18,15786,卖盘
2756,10:59:51,8.78,--,115,101145,卖盘
2757,10:59:48,8.78,--,120,105359,卖盘
2758,10:59:45,8.78,--,9,7901,卖盘
2759,10:59:42,8.78,--,17,14925,卖盘
2760,10:59:39,8.78,0.01,68,60406,买盘
2761,10:59:36,8.77,--,84,73668,卖盘
2762,10:59:33,8.77,-0.01,4,3508,卖盘
2763,10:59:30,8.78,--,316,277448,买盘
2764,10:59:27,8.78,--,28,24584,买盘
2765,10:59:24,8.78,--,59,51801,买盘
2766,10:59:21,8.78,0.01,194,170332,买盘
2767,10:59:18,8.77,--,18,15786,卖盘
2768,10:59:15,8.77,-0.01,173,151721,卖盘
2769,10:59:12,8.78,0.01,526,461827,买盘
2770,10:59:06,8.77,-0.02,27,23679,卖盘
2771,10:59:03,8.79,0.01,10,8790,买盘
2772,10:59:00,8.78,0.01,525,460949,卖盘
2773,10:58:57,8.77,-0.01,4,3508,卖盘
2774,10:58:54,8.78,--,112,98336,买盘
2775,10:58:51,8.78,0.01,42,36876,卖盘
2776,10:58:48,8.77,-0.01,592,519184,卖盘
2777,10:58:42,8.78,--,112,98336,卖盘
2778,10:58:39,8.78,--,170,149260,卖盘
2779,10:58:36,8.78,-0.01,52,45656,卖盘
2780,10:58:33,8.79,0.01,2,1757,买盘
2781,10:58:30,8.78,--,123,107993,卖盘
2782,10:58:24,8.78,--,22,19316,卖盘
2783,10:58:21,8.78,--,5,4390,卖盘
2784,10:58:18,8.78,-0.01,11,9658,卖盘
2785,10:58:15,8.79,--,28,24611,买盘
2786,10:58:12,8.79,0.01,527,463232,买盘
2787,10:58:09,8.78,-0.01,2027,1779705,卖盘
2788,10:58:06,8.79,0.01,123,108116,买盘
2789,10:58:00,8.78,-0.01,8,7023,卖盘
2790,10:57:57,8.79,--,33,29006,买盘
2791,10:57:54,8.79,0.01,169,148551,买盘
2792,10:57:51,8.78,--,3,2634,卖盘
2793,10:57:48,8.78,-0.01,10,8780,卖盘
2794,10:57:45,8.79,0.01,2,1757,买盘
2795,10:57:42,8.78,--,9,7901,卖盘
2796,10:57:39,8.78,--,23,20194,卖盘
2797,10:57:36,8.78,-0.01,172,151016,卖盘
2798,10:57:33,8.79,--,3,2636,买盘
2799,10:57:30,8.79,0.01,152,133608,买盘
2800,10:57:27,8.78,--,29,25461,卖盘
2801,10:57:24,8.78,--,115,100969,卖盘
2802,10:57:21,8.78,-0.01,60,52679,卖盘
2803,10:57:18,8.79,0.01,187,164372,买盘
2804,10:57:15,8.78,-0.01,12,10536,卖盘
2805,10:57:12,8.79,--,10,8790,买盘
2806,10:57:09,8.79,0.01,101,88778,买盘
2807,10:57:06,8.78,-0.01,307,269546,卖盘
2808,10:57:00,8.79,--,11,9668,买盘
2809,10:56:57,8.79,--,13,11426,买盘
2810,10:56:54,8.79,--,159,140288,卖盘
2811,10:56:51,8.79,--,334,293586,卖盘
2812,10:56:48,8.79,--,36,31643,卖盘
2813,10:56:45,8.79,--,37,32522,卖盘
2814,10:56:42,8.79,--,505,443894,卖盘
2815,10:56:39,8.79,--,77,67683,卖盘
2816,10:56:36,8.79,--,152,133608,卖盘
2817,10:56:33,8.79,--,3,2636,卖盘
2818,10:56:27,8.79,--,71,62408,卖盘
2819,10:56:24,8.79,-0.01,50,43949,卖盘
2820,10:56:18,8.8,0.01,141,124080,买盘
2821,10:56:15,8.79,-0.01,419,368300,卖盘
2822,10:56:12,8.8,--,8,7040,买盘
2823,10:56:09,8.8,--,415,365200,买盘
