,time,price,change,volume,amount,type
0,15:00:03,7.95,--,12466,9910470,卖盘
1,14:57:00,7.95,--,582,462690,卖盘
2,14:56:57,7.95,-0.01,39,31005,卖盘
3,14:56:54,7.96,0.01,457,363772,买盘
4,14:56:51,7.95,--,1067,848265,卖盘
5,14:56:48,7.95,-0.01,488,387960,卖盘
6,14:56:45,7.96,0.01,247,196612,买盘
7,14:56:42,7.95,--,82,65190,卖盘
8,14:56:39,7.95,--,388,308460,卖盘
9,14:56:36,7.95,--,84,66780,卖盘
10,14:56:33,7.95,--,1764,1402380,卖盘
11,14:56:30,7.95,-0.01,359,285405,卖盘
12,14:56:27,7.96,0.01,256,204285,买盘
13,14:56:24,7.95,-0.01,130,103350,卖盘
14,14:56:21,7.96,0.01,307,244372,买盘
15,14:56:18,7.95,--,157,124815,卖盘
16,14:56:15,7.95,-0.01,59,46905,卖盘
17,14:56:12,7.96,--,247,196612,买盘
18,14:56:09,7.96,--,3140,2499440,买盘
19,14:56:06,7.96,--,139,110644,买盘
20,14:56:03,7.96,--,260,206960,买盘
21,14:56:00,7.96,--,94,74824,买盘
22,14:55:57,7.96,0.01,111,88356,买盘
23,14:55:54,7.95,-0.01,33,26235,卖盘
24,14:55:51,7.96,--,162,128952,买盘
25,14:55:48,7.96,--,211,168529,买盘
26,14:55:45,7.96,--,158,125768,买盘
27,14:55:42,7.96,--,150,119400,买盘
28,14:55:39,7.96,--,471,374916,买盘
29,14:55:36,7.96,--,469,373324,买盘
30,14:55:33,7.96,--,33,26268,买盘
31,14:55:30,7.96,--,1915,1524340,买盘
32,14:55:27,7.96,--,292,232432,买盘
33,14:55:24,7.96,0.01,703,559588,买盘
34,14:55:21,7.95,-0.01,381,302895,卖盘
35,14:55:18,7.96,--,494,393224,买盘
36,14:55:15,7.96,--,112,89152,买盘
37,14:55:12,7.96,--,162,128952,买盘
38,14:55:09,7.96,--,938,747388,买盘
39,14:55:06,7.96,--,355,282580,买盘
40,14:55:03,7.96,--,426,339096,买盘
41,14:55:00,7.96,--,353,280988,买盘
42,14:54:57,7.96,--,163,129748,买盘
43,14:54:54,7.96,--,100,79600,买盘
44,14:54:51,7.96,--,58,46168,买盘
45,14:54:48,7.96,--,238,189448,买盘
46,14:54:45,7.96,--,409,325564,买盘
47,14:54:42,7.96,--,178,141688,买盘
48,14:54:39,7.96,--,187,148852,买盘
49,14:54:36,7.96,--,238,189448,买盘
50,14:54:33,7.96,0.01,505,401980,买盘
51,14:54:30,7.95,--,322,255990,卖盘
52,14:54:27,7.95,--,41,32595,卖盘
53,14:54:24,7.95,-0.01,122,96990,卖盘
54,14:54:21,7.96,--,812,646352,买盘
55,14:54:18,7.96,--,58,46168,买盘
56,14:54:15,7.96,0.01,65,51740,买盘
57,14:54:12,7.95,--,41,32595,卖盘
58,14:54:09,7.95,-0.01,429,341055,卖盘
59,14:54:06,7.96,--,229,182284,买盘
60,14:54:03,7.96,0.01,333,265068,买盘
61,14:54:00,7.95,--,159,126405,卖盘
62,14:53:57,7.95,-0.01,516,410220,卖盘
63,14:53:54,7.96,--,496,394816,买盘
64,14:53:51,7.96,--,496,394816,买盘
65,14:53:48,7.96,--,161,128156,买盘
66,14:53:45,7.96,--,103,81988,买盘
67,14:53:42,7.96,--,55,43780,买盘
68,14:53:39,7.96,0.01,138,109848,买盘
69,14:53:36,7.95,-0.01,33,26235,卖盘
70,14:53:33,7.96,0.01,135,107460,买盘
71,14:53:30,7.95,-0.01,31,24645,卖盘
72,14:53:27,7.96,0.01,53,42188,买盘
73,14:53:24,7.95,-0.01,704,559680,卖盘
74,14:53:21,7.96,--,74,58904,买盘
75,14:53:18,7.96,0.01,73,58108,买盘
76,14:53:15,7.95,--,354,281430,卖盘
77,14:53:12,7.95,--,335,266325,卖盘
78,14:53:09,7.95,-0.01,48,38160,卖盘
79,14:53:06,7.96,--,844,671824,买盘
80,14:53:03,7.96,--,158,125768,买盘
81,14:53:00,7.96,--,102,81192,买盘
82,14:52:57,7.96,0.01,100,79600,买盘
83,14:52:54,7.95,-0.01,88,69960,卖盘
84,14:52:51,7.96,--,99,78804,买盘
85,14:52:48,7.96,0.01,1033,822268,买盘
86,14:52:45,7.95,--,883,701985,买盘
87,14:52:42,7.95,--,1394,1108230,卖盘
88,14:52:39,7.95,--,78,62010,卖盘
89,14:52:36,7.95,-0.01,8531,6782145,卖盘
90,14:52:33,7.96,--,174,138504,买盘
91,14:52:30,7.96,0.01,755,600980,买盘
92,14:52:27,7.95,-0.01,283,224985,卖盘
93,14:52:24,7.96,--,25,19900,买盘
94,14:52:21,7.96,--,167,132932,买盘
95,14:52:18,7.96,--,7,5572,买盘
96,14:52:15,7.96,0.01,821,653516,买盘
97,14:52:12,7.95,-0.01,54,42930,卖盘
98,14:52:09,7.96,0.01,62,49352,买盘
99,14:52:06,7.95,-0.01,26,20670,卖盘
100,14:52:03,7.96,0.01,148,117808,买盘
101,14:52:00,7.95,--,314,249630,卖盘
102,14:51:57,7.95,--,233,185235,卖盘
103,14:51:54,7.95,--,65,51675,卖盘
104,14:51:51,7.95,--,158,125610,卖盘
105,14:51:48,7.95,--,535,425325,卖盘
106,14:51:45,7.95,-0.01,55,43725,卖盘
107,14:51:42,7.96,--,561,446556,买盘
108,14:51:39,7.96,0.01,1107,881172,买盘
109,14:51:36,7.95,--,383,304485,买盘
110,14:51:33,7.95,--,117,93015,买盘
111,14:51:30,7.95,--,217,172515,买盘
112,14:51:27,7.95,0.01,92,73140,买盘
113,14:51:24,7.94,-0.01,445,353330,卖盘
114,14:51:21,7.95,--,647,514365,买盘
115,14:51:18,7.95,--,1260,1001700,买盘
116,14:51:15,7.95,--,424,337080,买盘
117,14:51:12,7.95,0.01,88,69960,买盘
118,14:51:09,7.94,-0.01,262,208028,卖盘
119,14:51:06,7.95,--,141,112095,买盘
120,14:51:03,7.95,--,46,36570,买盘
121,14:51:00,7.95,--,154,122430,买盘
122,14:50:57,7.95,--,482,383190,买盘
123,14:50:54,7.95,--,78,62010,买盘
124,14:50:51,7.95,--,19,15105,买盘
125,14:50:48,7.95,--,157,124815,买盘
126,14:50:45,7.95,--,63,50085,买盘
127,14:50:42,7.95,0.01,50,39750,买盘
128,14:50:39,7.94,-0.01,298,236612,卖盘
129,14:50:36,7.95,--,21,16695,买盘
130,14:50:33,7.95,0.01,173,137535,买盘
131,14:50:30,7.94,-0.01,1012,803528,卖盘
132,14:50:27,7.95,--,211,167745,买盘
133,14:50:24,7.95,--,133,105894,卖盘
134,14:50:21,7.95,--,478,380010,卖盘
135,14:50:18,7.95,--,201,159795,卖盘
136,14:50:15,7.95,--,93,73935,卖盘
137,14:50:12,7.95,-0.01,533,423735,卖盘
138,14:50:09,7.96,0.01,375,298500,买盘
139,14:50:06,7.95,0.01,993,789435,买盘
140,14:50:03,7.94,-0.01,912,724128,卖盘
141,14:50:00,7.95,--,143,113685,买盘
142,14:49:57,7.95,0.01,284,225780,买盘
143,14:49:54,7.94,-0.01,11,8734,卖盘
144,14:49:51,7.95,0.01,154,122716,买盘
145,14:49:48,7.94,-0.01,11,8734,卖盘
146,14:49:45,7.95,0.01,230,182850,买盘
147,14:49:42,7.94,-0.01,1203,955182,卖盘
148,14:49:39,7.95,--,564,448380,买盘
149,14:49:36,7.95,--,82,65826,买盘
150,14:49:33,7.95,--,230,182850,买盘
151,14:49:30,7.95,--,152,120840,买盘
152,14:49:27,7.95,--,1431,1137645,买盘
153,14:49:24,7.95,--,936,744120,买盘
154,14:49:21,7.95,0.01,102,81090,买盘
155,14:49:18,7.94,-0.01,110,87340,卖盘
156,14:49:15,7.95,0.01,225,178875,买盘
157,14:49:12,7.94,-0.01,668,530392,卖盘
158,14:49:09,7.95,--,276,219420,买盘
159,14:49:06,7.95,--,22,17490,买盘
160,14:49:03,7.95,0.01,134,106530,买盘
161,14:49:00,7.94,-0.01,80,63520,卖盘
162,14:48:57,7.95,0.01,130,103350,买盘
163,14:48:54,7.94,-0.01,148,118147,卖盘
164,14:48:51,7.95,0.01,475,377625,买盘
165,14:48:48,7.94,-0.01,100,79400,卖盘
166,14:48:45,7.95,--,72,57240,买盘
167,14:48:42,7.95,--,275,218625,买盘
168,14:48:39,7.95,--,406,322770,买盘
169,14:48:36,7.95,--,123,97785,买盘
170,14:48:33,7.95,0.01,2,1590,买盘
171,14:48:30,7.94,--,49,38906,卖盘
172,14:48:27,7.94,--,307,243758,卖盘
173,14:48:24,7.94,-0.01,61,48434,卖盘
174,14:48:21,7.95,0.01,48,38160,买盘
175,14:48:18,7.94,-0.01,128,101632,卖盘
176,14:48:15,7.95,--,344,273480,买盘
177,14:48:12,7.95,0.01,227,180465,买盘
178,14:48:09,7.94,-0.01,37,29378,卖盘
179,14:48:06,7.95,--,561,445995,买盘
180,14:48:03,7.95,--,69,54855,买盘
181,14:48:00,7.95,0.01,97,77115,买盘
182,14:47:57,7.94,-0.01,72,57168,卖盘
183,14:47:54,7.95,--,226,179670,买盘
184,14:47:51,7.95,--,14,11130,买盘
185,14:47:48,7.95,--,15,11925,买盘
186,14:47:45,7.95,--,87,69165,买盘
187,14:47:42,7.95,--,86,68370,买盘
188,14:47:39,7.95,--,47,37365,买盘
189,14:47:36,7.95,--,38,30210,买盘
190,14:47:33,7.95,--,699,555705,买盘
191,14:47:30,7.95,--,190,151050,买盘
192,14:47:27,7.95,--,562,446790,买盘
193,14:47:24,7.95,--,125,99375,买盘
194,14:47:18,7.95,--,112,89040,买盘
195,14:47:15,7.95,--,601,477795,买盘
196,14:47:12,7.95,-0.01,2046,1626570,卖盘
197,14:47:09,7.96,--,276,219696,买盘
198,14:47:06,7.96,--,209,166364,买盘
199,14:47:03,7.96,0.01,194,154424,买盘
200,14:47:00,7.95,-0.01,132,104940,卖盘
201,14:46:57,7.96,0.01,44,35024,买盘
202,14:46:54,7.95,--,162,128790,卖盘
203,14:46:51,7.95,--,249,197955,买盘
204,14:46:48,7.95,--,103,81885,买盘
205,14:46:45,7.95,0.01,12,9540,买盘
206,14:46:42,7.94,-0.01,257,204058,卖盘
207,14:46:39,7.95,--,536,426120,买盘
208,14:46:36,7.95,-0.01,75,59625,卖盘
209,14:46:33,7.96,0.01,65,51740,买盘
210,14:46:30,7.95,--,136,108120,卖盘
211,14:46:27,7.95,-0.01,369,293355,中性盘
212,14:46:24,7.96,0.01,195,155220,买盘
213,14:46:21,7.95,0.01,306,243270,买盘
214,14:46:18,7.94,-0.01,66,52404,卖盘
215,14:46:15,7.95,--,466,370470,买盘
216,14:46:12,7.95,--,92,73140,买盘
217,14:46:09,7.95,-0.01,93,74412,卖盘
218,14:46:06,7.96,0.01,226,179896,买盘
219,14:46:03,7.95,--,372,295740,卖盘
220,14:46:00,7.95,-0.01,316,251220,卖盘
221,14:45:57,7.96,0.01,476,378896,买盘
222,14:45:54,7.95,--,126,100170,卖盘
223,14:45:51,7.95,--,212,168540,卖盘
224,14:45:48,7.95,--,57,45315,卖盘
225,14:45:45,7.95,--,144,114480,卖盘
226,14:45:42,7.95,-0.01,30,23850,卖盘
227,14:45:39,7.96,--,412,327952,买盘
228,14:45:36,7.96,0.01,15,11940,买盘
229,14:45:33,7.95,--,432,343440,卖盘
230,14:45:30,7.95,--,244,193980,卖盘
231,14:45:27,7.95,-0.01,430,341850,卖盘
232,14:45:24,7.96,0.01,39,31044,买盘
233,14:45:21,7.95,--,162,128790,卖盘
234,14:45:18,7.95,--,986,783870,卖盘
235,14:45:15,7.95,--,118,93810,卖盘
236,14:45:12,7.95,-0.01,235,186825,卖盘
237,14:45:09,7.96,0.01,208,165568,买盘
238,14:45:06,7.95,-0.01,316,251220,卖盘
239,14:45:03,7.96,--,3,2388,买盘
240,14:45:00,7.96,--,1143,909828,买盘
241,14:44:57,7.96,0.01,111,88356,买盘
242,14:44:54,7.95,--,522,414990,卖盘
243,14:44:51,7.95,-0.01,208,165360,卖盘
244,14:44:48,7.96,0.01,42,33432,买盘
245,14:44:45,7.95,-0.01,58,46110,卖盘
246,14:44:42,7.96,--,115,91540,买盘
247,14:44:39,7.96,0.01,30,23880,买盘
248,14:44:36,7.95,-0.01,196,155820,卖盘
249,14:44:33,7.96,--,2,1592,买盘
250,14:44:30,7.96,--,378,300888,买盘
251,14:44:27,7.96,--,261,207756,买盘
252,14:44:24,7.96,0.01,76,60496,买盘
253,14:44:21,7.95,-0.01,46,36570,卖盘
254,14:44:18,7.96,0.01,75,59700,买盘
255,14:44:15,7.95,-0.01,146,116070,卖盘
256,14:44:12,7.96,--,247,196612,买盘
257,14:44:09,7.96,--,164,130544,买盘
258,14:44:06,7.96,--,29,23084,买盘
259,14:44:03,7.96,--,72,57312,买盘
260,14:44:00,7.96,--,173,137708,买盘
261,14:43:57,7.96,0.01,634,504664,买盘
262,14:43:54,7.95,-0.01,82,65190,卖盘
263,14:43:51,7.96,0.01,118,93928,买盘
264,14:43:48,7.95,--,582,462690,卖盘
265,14:43:45,7.95,--,200,159000,卖盘
266,14:43:42,7.95,-0.01,696,553335,卖盘
267,14:43:39,7.96,--,201,159996,买盘
268,14:43:36,7.96,--,187,148852,买盘
269,14:43:33,7.96,--,273,217308,买盘
270,14:43:30,7.96,--,121,96316,买盘
271,14:43:27,7.96,0.01,240,191040,买盘
272,14:43:24,7.95,--,178,141510,卖盘
273,14:43:21,7.95,-0.01,29,23055,卖盘
274,14:43:18,7.96,--,83,66068,买盘
275,14:43:15,7.96,--,44,35024,买盘
276,14:43:12,7.96,--,14,11144,买盘
277,14:43:09,7.96,-0.01,348,277008,卖盘
278,14:43:06,7.97,--,292,232724,买盘
279,14:43:03,7.97,0.01,217,172949,买盘
280,14:43:00,7.96,-0.01,251,199796,卖盘
281,14:42:57,7.97,0.01,245,195265,买盘
282,14:42:54,7.96,-0.01,1209,962364,卖盘
283,14:42:51,7.97,--,150,119550,买盘
284,14:42:48,7.97,0.01,16,12752,买盘
285,14:42:45,7.96,-0.01,30,23880,卖盘
286,14:42:42,7.97,0.01,2333,1859401,买盘
287,14:42:39,7.96,-0.01,20,15920,卖盘
288,14:42:36,7.97,--,137,109189,买盘
289,14:42:33,7.97,0.01,69,54993,买盘
290,14:42:30,7.96,-0.01,385,306460,卖盘
291,14:42:27,7.97,--,110,87670,买盘
292,14:42:24,7.97,--,58,46226,买盘
293,14:42:21,7.97,--,60,47820,买盘
294,14:42:18,7.97,--,388,309236,买盘
295,14:42:15,7.97,--,69,54993,买盘
296,14:42:12,7.97,--,21,16737,买盘
297,14:42:09,7.97,--,192,153024,买盘
298,14:42:06,7.97,--,2275,1813175,卖盘
299,14:42:03,7.97,--,641,510877,卖盘
300,14:42:00,7.97,--,167,133099,卖盘
301,14:41:57,7.97,--,122,97234,卖盘
302,14:41:54,7.97,-0.01,22,17534,卖盘
303,14:41:51,7.98,0.01,315,251370,买盘
304,14:41:48,7.97,--,320,255040,卖盘
305,14:41:45,7.97,--,375,298875,卖盘
306,14:41:42,7.97,--,115,91655,卖盘
307,14:41:39,7.97,--,106,84482,卖盘
308,14:41:36,7.97,--,267,212799,卖盘
309,14:41:33,7.97,--,374,298078,卖盘
310,14:41:30,7.97,--,687,547539,卖盘
311,14:41:27,7.97,--,412,328364,卖盘
312,14:41:24,7.97,-0.01,360,286920,卖盘
313,14:41:21,7.98,0.01,219,174762,买盘
314,14:41:18,7.97,-0.01,241,192077,卖盘
315,14:41:15,7.98,--,64,51072,买盘
316,14:41:12,7.98,0.01,107,85386,买盘
317,14:41:09,7.97,-0.01,46,36662,卖盘
318,14:41:06,7.98,--,95,75810,买盘
319,14:41:03,7.98,--,23,18354,买盘
320,14:41:00,7.98,0.01,97,77406,买盘
321,14:40:57,7.97,-0.01,491,391327,卖盘
322,14:40:54,7.98,--,168,134064,买盘
323,14:40:51,7.98,--,1451,1157898,买盘
324,14:40:48,7.98,-0.01,2819,2249562,卖盘
325,14:40:45,7.99,--,48,38352,买盘
326,14:40:42,7.99,0.01,190,151810,买盘
327,14:40:39,7.98,-0.01,138,110124,卖盘
328,14:40:36,7.99,--,1244,993956,买盘
329,14:40:33,7.99,--,50,39950,买盘
330,14:40:30,7.99,--,12,9588,买盘
331,14:40:27,7.99,--,1580,1262420,买盘
332,14:40:24,7.99,--,596,476204,买盘
333,14:40:21,7.99,0.01,181,144619,买盘
334,14:40:18,7.98,-0.01,68,54264,卖盘
335,14:40:15,7.99,--,191,152609,买盘
336,14:40:12,7.99,--,100,79900,买盘
337,14:40:09,7.99,0.01,156,124644,买盘
338,14:40:06,7.98,-0.01,151,120498,卖盘
339,14:40:03,7.99,--,1679,1341521,买盘
340,14:40:00,7.99,0.01,174,139026,买盘
341,14:39:57,7.98,--,1305,1041390,卖盘
342,14:39:54,7.98,-0.01,146,116508,卖盘
343,14:39:51,7.99,--,1529,1221671,买盘
344,14:39:48,7.99,--,207,165393,买盘
345,14:39:45,7.99,0.01,357,285243,买盘
346,14:39:42,7.98,-0.01,4322,3448956,卖盘
347,14:39:39,7.99,0.01,230,183770,买盘
348,14:39:36,7.98,-0.01,109,86982,卖盘
349,14:39:33,7.99,--,122,97478,买盘
350,14:39:30,7.99,--,394,314806,买盘
351,14:39:27,7.99,--,378,302022,买盘
352,14:39:24,7.99,--,4290,3427710,买盘
353,14:39:21,7.99,--,261,208539,买盘
354,14:39:18,7.99,--,126,100674,买盘
355,14:39:15,7.99,--,208,166192,买盘
356,14:39:12,7.99,0.01,1304,1041896,买盘
357,14:39:09,7.98,--,2604,2077992,卖盘
358,14:39:06,7.98,-0.01,1427,1138746,卖盘
359,14:39:03,7.99,--,80,63920,买盘
360,14:39:00,7.99,--,1203,961197,买盘
361,14:38:57,7.99,--,266,212534,买盘
362,14:38:54,7.99,--,309,246891,买盘
363,14:38:51,7.99,0.01,6183,4940217,买盘
364,14:38:48,7.98,-0.01,31,24738,卖盘
365,14:38:45,7.99,--,3704,2959496,买盘
366,14:38:42,7.99,--,173,138227,买盘
367,14:38:39,7.99,--,2553,2039847,买盘
368,14:38:36,7.99,--,578,461822,买盘
369,14:38:33,7.99,--,248,198152,买盘
370,14:38:30,7.99,--,3247,2594353,买盘
371,14:38:27,7.99,0.01,270,215730,买盘
372,14:38:24,7.98,--,1891,1509018,卖盘
373,14:38:21,7.98,-0.01,88,70224,卖盘
374,14:38:18,7.99,0.01,1158,925242,买盘
375,14:38:15,7.98,--,83,66234,卖盘
376,14:38:12,7.98,--,268,213864,卖盘
377,14:38:09,7.98,-0.01,230,183540,卖盘
378,14:38:06,7.99,0.01,59,47141,买盘
379,14:38:03,7.98,--,8743,6976914,买盘
380,14:38:00,7.98,--,250,199500,买盘
381,14:37:57,7.98,--,96,76608,买盘
382,14:37:54,7.98,--,1592,1270416,买盘
383,14:37:51,7.98,--,45,35910,买盘
384,14:37:48,7.98,0.01,581,463638,买盘
385,14:37:45,7.97,-0.01,344,274168,卖盘
386,14:37:42,7.98,--,415,331170,买盘
387,14:37:39,7.98,--,999,797202,买盘
388,14:37:36,7.98,--,537,428526,买盘
389,14:37:33,7.98,--,1095,873810,买盘
390,14:37:30,7.98,--,23,18354,买盘
391,14:37:27,7.98,0.01,8501,6783798,买盘
392,14:37:24,7.97,--,312,248664,卖盘
393,14:37:21,7.97,--,5177,4126069,买盘
394,14:37:18,7.97,--,479,381763,买盘
395,14:37:15,7.97,--,1149,915753,买盘
396,14:37:12,7.97,--,828,659916,买盘
397,14:37:09,7.97,--,464,369808,买盘
398,14:37:06,7.97,0.01,145,115565,买盘
399,14:37:03,7.96,--,624,496704,卖盘
400,14:37:00,7.96,-0.01,298,237208,卖盘
401,14:36:57,7.97,0.01,161,128317,买盘
402,14:36:54,7.96,-0.01,228,181488,卖盘
403,14:36:51,7.97,0.01,73,58181,买盘
404,14:36:48,7.96,--,410,326360,卖盘
405,14:36:45,7.96,--,364,289744,卖盘
406,14:36:42,7.96,--,338,269048,卖盘
407,14:36:39,7.96,--,171,136116,卖盘
408,14:36:36,7.96,--,671,534116,卖盘
409,14:36:33,7.96,--,593,472028,卖盘
410,14:36:30,7.96,--,660,525360,卖盘
411,14:36:27,7.96,--,38,30248,卖盘
412,14:36:24,7.96,--,67,53332,卖盘
413,14:36:21,7.96,--,306,243576,买盘
414,14:36:18,7.96,0.01,762,606552,买盘
415,14:36:15,7.95,-0.01,154,122430,卖盘
416,14:36:12,7.96,--,538,428248,买盘
417,14:36:09,7.96,-0.01,627,499092,卖盘
418,14:36:06,7.97,--,2326,1853822,买盘
419,14:36:03,7.97,0.01,1307,1041679,买盘
420,14:36:00,7.96,-0.01,2258,1797368,卖盘
421,14:35:57,7.97,0.01,26,20722,买盘
422,14:35:54,7.96,--,215,171140,卖盘
423,14:35:51,7.96,0.01,2979,2371602,买盘
424,14:35:48,7.95,-0.01,1893,1504935,卖盘
425,14:35:45,7.96,0.01,10029,7983084,买盘
426,14:35:42,7.95,--,364,289380,卖盘
427,14:35:39,7.95,--,565,449175,卖盘
428,14:35:36,7.95,0.01,6774,5385632,买盘
429,14:35:33,7.94,-0.01,4286,3403084,卖盘
430,14:35:30,7.95,0.01,56,44520,买盘
431,14:35:27,7.94,-0.01,60,47640,卖盘
432,14:35:24,7.95,0.01,131,104145,买盘
433,14:35:21,7.94,-0.01,115,91310,卖盘
434,14:35:18,7.95,--,10,7950,买盘
435,14:35:15,7.95,0.01,74,58830,买盘
436,14:35:12,7.94,-0.01,44,34936,卖盘
437,14:35:09,7.95,--,26,20670,买盘
438,14:35:06,7.95,0.01,224,178080,买盘
439,14:35:03,7.94,-0.01,145,115130,卖盘
440,14:35:00,7.95,--,220,174900,买盘
441,14:34:57,7.95,--,43,34185,买盘
442,14:34:54,7.95,--,19,15105,买盘
443,14:34:51,7.95,0.01,303,240885,买盘
444,14:34:48,7.94,--,1116,886104,卖盘
445,14:34:45,7.94,-0.01,86,68284,卖盘
446,14:34:42,7.95,--,87,69165,买盘
447,14:34:39,7.95,--,213,169335,买盘
448,14:34:36,7.95,--,118,93810,买盘
449,14:34:33,7.95,--,89,70755,买盘
450,14:34:30,7.95,--,243,193185,买盘
451,14:34:27,7.95,--,218,173310,买盘
452,14:34:24,7.95,0.01,183,145485,买盘
453,14:34:21,7.94,--,99,78606,买盘
454,14:34:18,7.94,--,956,759064,买盘
455,14:34:15,7.94,--,10460,8305240,卖盘
456,14:34:12,7.94,--,231,183414,卖盘
457,14:34:09,7.94,-0.01,185,146890,卖盘
458,14:34:06,7.95,--,45,35775,买盘
459,14:34:03,7.95,--,54,42930,买盘
460,14:34:00,7.95,--,7,5565,买盘
461,14:33:57,7.95,--,115,91425,买盘
462,14:33:54,7.95,--,210,166950,买盘
463,14:33:51,7.95,0.01,123,97785,买盘
464,14:33:48,7.94,--,45,35730,卖盘
465,14:33:45,7.94,-0.01,88,69872,卖盘
466,14:33:42,7.95,0.01,113,89835,买盘
467,14:33:39,7.94,0.01,99,78606,买盘
468,14:33:36,7.93,-0.01,605,479765,卖盘
469,14:33:33,7.94,--,1,794,买盘
470,14:33:30,7.94,--,30,23820,买盘
471,14:33:27,7.94,--,125,99250,买盘
472,14:33:24,7.94,--,16,12704,买盘
473,14:33:21,7.94,--,288,228672,买盘
474,14:33:18,7.94,--,422,335068,买盘
475,14:33:15,7.94,--,377,299338,买盘
476,14:33:12,7.94,--,505,400970,买盘
477,14:33:09,7.94,--,634,503396,买盘
478,14:33:06,7.94,--,159,126246,买盘
479,14:33:03,7.94,--,256,203264,卖盘
480,14:33:00,7.94,--,322,255668,卖盘
481,14:32:57,7.94,--,1039,824966,买盘
482,14:32:54,7.94,0.01,1214,963916,中性盘
483,14:32:51,7.93,--,287,227591,卖盘
484,14:32:48,7.93,-0.01,7099,5629824,卖盘
485,14:32:45,7.94,0.01,66,52404,买盘
486,14:32:42,7.93,-0.01,574,455182,卖盘
487,14:32:39,7.94,--,680,539920,买盘
488,14:32:36,7.94,0.01,301,238994,买盘
489,14:32:33,7.93,-0.01,85,67405,卖盘
490,14:32:30,7.94,--,307,243758,买盘
491,14:32:27,7.94,--,102,80988,买盘
492,14:32:24,7.94,--,32,25408,买盘
493,14:32:21,7.94,--,22,17468,买盘
494,14:32:18,7.94,--,32,25408,买盘
495,14:32:15,7.94,--,76,60344,买盘
496,14:32:12,7.94,--,22,17468,买盘
497,14:32:09,7.94,--,13,10322,买盘
498,14:32:06,7.94,0.01,8,6352,买盘
499,14:32:03,7.93,--,533,423303,买盘
500,14:32:00,7.93,--,176,139568,买盘
501,14:31:57,7.93,--,580,459940,买盘
502,14:31:54,7.93,--,801,635193,买盘
503,14:31:51,7.93,-0.01,517,409981,卖盘
504,14:31:48,7.94,0.01,145,115130,买盘
505,14:31:45,7.93,--,229,181597,卖盘
506,14:31:42,7.93,-0.01,592,469456,卖盘
507,14:31:39,7.94,0.01,276,219144,买盘
508,14:31:36,7.93,-0.01,555,440115,卖盘
509,14:31:33,7.94,--,98,77812,买盘
510,14:31:30,7.94,--,33,26202,买盘
511,14:31:27,7.94,0.01,23,18262,买盘
512,14:31:24,7.93,--,1137,901641,买盘
513,14:31:21,7.93,0.01,11,8723,买盘
514,14:31:18,7.92,-0.01,25,19800,卖盘
515,14:31:15,7.93,--,748,593164,卖盘
516,14:31:12,7.93,--,678,537654,卖盘
517,14:31:09,7.93,--,253,200629,卖盘
518,14:31:06,7.93,-0.01,194,153842,卖盘
519,14:31:03,7.94,--,2151,1707894,买盘
520,14:31:00,7.94,--,130,103220,买盘
521,14:30:57,7.94,0.01,640,508160,买盘
522,14:30:54,7.93,-0.01,102,80886,卖盘
523,14:30:51,7.94,--,727,577238,买盘
524,14:30:48,7.94,0.01,284,225496,买盘
525,14:30:45,7.93,-0.01,227,180011,卖盘
526,14:30:42,7.94,--,211,167534,买盘
527,14:30:39,7.94,--,368,292192,买盘
528,14:30:36,7.94,0.01,220,174680,买盘
529,14:30:33,7.93,-0.01,670,531310,卖盘
530,14:30:30,7.94,--,67,53198,买盘
531,14:30:27,7.94,--,772,612968,买盘
532,14:30:24,7.94,0.01,181,143714,买盘
533,14:30:21,7.93,-0.01,87,68991,卖盘
534,14:30:18,7.94,0.01,558,443052,买盘
535,14:30:15,7.93,--,364,288652,卖盘
536,14:30:09,7.93,--,1167,925431,买盘
537,14:30:06,7.93,--,1121,888953,买盘
538,14:30:03,7.93,--,2726,2162193,买盘
539,14:30:00,7.93,--,258,204594,买盘
540,14:29:57,7.93,--,1133,898469,买盘
541,14:29:54,7.93,--,173,137189,买盘
542,14:29:51,7.93,--,83,65819,买盘
543,14:29:48,7.93,--,153,121329,买盘
544,14:29:45,7.93,--,413,327509,买盘
545,14:29:42,7.93,--,128,101504,买盘
546,14:29:39,7.93,--,132,104676,买盘
547,14:29:36,7.93,--,354,280722,买盘
548,14:29:33,7.93,--,83,65819,买盘
549,14:29:30,7.93,--,111,88023,买盘
550,14:29:27,7.93,--,264,209352,买盘
551,14:29:24,7.93,--,179,141947,买盘
552,14:29:21,7.93,--,536,425048,买盘
553,14:29:18,7.93,--,299,237107,买盘
554,14:29:15,7.93,--,60,47580,买盘
555,14:29:12,7.93,--,318,252174,买盘
556,14:29:09,7.93,--,323,256139,买盘
557,14:29:06,7.93,--,54,42822,买盘
558,14:29:03,7.93,--,87,68991,买盘
559,14:29:00,7.93,--,31,24583,买盘
560,14:28:57,7.93,0.01,240,190320,买盘
561,14:28:54,7.92,-0.01,370,293040,卖盘
562,14:28:51,7.93,0.01,305,241865,买盘
563,14:28:48,7.92,--,142,112464,买盘
564,14:28:45,7.92,--,758,600336,买盘
565,14:28:42,7.92,--,80,63360,买盘
566,14:28:39,7.92,--,182,144144,买盘
567,14:28:36,7.92,--,163,129096,买盘
568,14:28:33,7.92,--,55,43560,买盘
569,14:28:30,7.92,--,25,19800,买盘
570,14:28:27,7.92,--,78,61776,买盘
571,14:28:24,7.92,0.01,213,168696,买盘
572,14:28:21,7.91,--,235,185885,卖盘
573,14:28:18,7.91,--,45,35595,卖盘
574,14:28:15,7.91,-0.01,93,73563,卖盘
575,14:28:12,7.92,0.01,145,114840,买盘
576,14:28:09,7.91,-0.01,8,6328,卖盘
577,14:28:06,7.92,--,294,232848,买盘
578,14:28:03,7.92,--,572,453024,卖盘
579,14:28:00,7.92,-0.01,76,60192,卖盘
580,14:27:57,7.93,0.01,106,84058,买盘
581,14:27:54,7.92,--,97,76824,卖盘
582,14:27:51,7.92,--,913,723096,卖盘
583,14:27:48,7.92,-0.01,37,29304,卖盘
584,14:27:45,7.93,0.01,38,30134,买盘
585,14:27:42,7.92,--,290,229680,卖盘
586,14:27:39,7.92,--,46,36432,卖盘
587,14:27:36,7.92,-0.01,244,193248,卖盘
588,14:27:33,7.93,0.01,31,24583,买盘
589,14:27:30,7.92,--,28,22176,卖盘
590,14:27:27,7.92,--,117,92664,卖盘
591,14:27:24,7.92,--,11,8712,卖盘
592,14:27:21,7.92,-0.01,156,123552,卖盘
593,14:27:18,7.93,--,151,119743,买盘
594,14:27:15,7.93,0.01,66,52338,买盘
595,14:27:12,7.92,--,30,23760,卖盘
596,14:27:09,7.92,--,11,8712,卖盘
597,14:27:06,7.92,--,4,3168,卖盘
598,14:27:03,7.92,-0.01,24,19008,卖盘
599,14:27:00,7.93,0.01,25,19825,买盘
600,14:26:57,7.92,--,278,220176,卖盘
601,14:26:54,7.92,--,30,23760,卖盘
602,14:26:51,7.92,-0.01,67,53064,卖盘
603,14:26:48,7.93,0.01,97,76921,买盘
604,14:26:45,7.92,-0.01,204,161568,卖盘
605,14:26:42,7.93,--,38,30134,买盘
606,14:26:39,7.93,0.01,230,182390,买盘
607,14:26:36,7.92,--,50,39600,卖盘
608,14:26:33,7.92,--,144,114048,卖盘
609,14:26:30,7.92,--,61,48312,卖盘
610,14:26:27,7.92,--,11,8712,卖盘
611,14:26:24,7.92,--,95,75240,卖盘
612,14:26:18,7.92,-0.01,68,53856,卖盘
613,14:26:15,7.93,0.01,279,221247,买盘
614,14:26:12,7.92,--,38,30096,卖盘
615,14:26:09,7.92,--,76,60192,卖盘
616,14:26:06,7.92,--,345,273240,卖盘
617,14:26:03,7.92,-0.01,12,9504,卖盘
618,14:26:00,7.93,--,28,22204,买盘
619,14:25:57,7.93,0.01,12,9516,买盘
620,14:25:54,7.92,--,96,76032,卖盘
621,14:25:51,7.92,-0.01,11,8712,卖盘
622,14:25:48,7.93,0.01,3,2379,买盘
623,14:25:45,7.92,--,63,49896,卖盘
624,14:25:36,7.92,--,58,45936,卖盘
625,14:25:33,7.92,--,20,15840,卖盘
626,14:25:30,7.92,--,273,216216,买盘
627,14:25:27,7.92,--,946,749232,买盘
628,14:25:24,7.92,--,1,792,买盘
629,14:25:21,7.92,-0.01,2585,2047320,卖盘
630,14:25:18,7.93,--,10,7930,买盘
631,14:25:15,7.93,--,13,10309,买盘
632,14:25:12,7.93,--,358,283894,买盘
633,14:25:09,7.93,--,14,11102,买盘
634,14:25:06,7.93,0.01,110,87230,买盘
635,14:25:03,7.92,-0.01,252,199584,卖盘
636,14:25:00,7.93,0.01,1,793,买盘
637,14:24:57,7.92,-0.01,32,25344,卖盘
638,14:24:54,7.93,0.01,41,32513,买盘
639,14:24:51,7.92,-0.01,251,198792,卖盘
640,14:24:48,7.93,--,1,793,买盘
641,14:24:42,7.93,--,19,15067,买盘
642,14:24:39,7.93,--,11,8723,买盘
643,14:24:36,7.93,0.01,310,245830,买盘
644,14:24:33,7.92,-0.01,6,4752,卖盘
645,14:24:30,7.93,0.01,11,8723,买盘
646,14:24:27,7.92,-0.01,5,3960,卖盘
647,14:24:21,7.93,0.01,50,39650,买盘
648,14:24:18,7.92,-0.01,57,45144,卖盘
649,14:24:15,7.93,--,65,51545,买盘
650,14:24:12,7.93,0.01,2,1586,买盘
651,14:24:09,7.92,-0.01,210,166320,卖盘
652,14:24:06,7.93,--,19,15067,买盘
653,14:24:03,7.93,--,1,793,买盘
654,14:24:00,7.93,--,4,3172,买盘
655,14:23:57,7.93,0.01,10,7930,买盘
656,14:23:54,7.92,-0.01,32,25344,卖盘
657,14:23:51,7.93,--,80,63440,买盘
658,14:23:48,7.93,--,7,5551,买盘
659,14:23:42,7.93,--,31,24583,买盘
660,14:23:39,7.93,--,75,59475,买盘
661,14:23:36,7.93,--,51,40443,买盘
662,14:23:33,7.93,--,3,2379,买盘
663,14:23:30,7.93,--,100,79300,买盘
664,14:23:27,7.93,--,165,130845,买盘
665,14:23:24,7.93,--,50,39650,买盘
666,14:23:21,7.93,--,2,1586,买盘
667,14:23:15,7.93,0.01,1,793,买盘
668,14:23:09,7.92,--,98,77616,卖盘
669,14:23:06,7.92,--,175,138600,卖盘
670,14:23:03,7.92,--,303,239976,卖盘
671,14:23:00,7.92,-0.01,18,14256,卖盘
672,14:22:57,7.93,--,5,3965,买盘
673,14:22:54,7.93,--,1,793,买盘
674,14:22:48,7.93,0.01,3,2379,买盘
675,14:22:45,7.92,-0.01,229,181368,卖盘
676,14:22:42,7.93,-0.01,24,19032,卖盘
677,14:22:39,7.94,0.01,8,6352,买盘
678,14:22:36,7.93,--,472,374296,买盘
679,14:22:33,7.93,--,12,9516,买盘
680,14:22:30,7.93,--,135,107055,买盘
681,14:22:27,7.93,--,6,4758,买盘
682,14:22:24,7.93,--,262,207766,买盘
683,14:22:21,7.93,--,338,268034,卖盘
684,14:22:18,7.93,--,39,30927,卖盘
685,14:22:15,7.93,-0.01,86,68198,卖盘
686,14:22:12,7.94,--,500,397000,买盘
687,14:22:09,7.94,0.01,123,97662,买盘
688,14:22:06,7.93,-0.01,27,21411,卖盘
689,14:22:03,7.94,0.01,1,794,买盘
690,14:22:00,7.93,0.01,599,475007,买盘
691,14:21:57,7.92,-0.01,83,65736,卖盘
692,14:21:54,7.93,0.01,1,793,买盘
693,14:21:51,7.92,-0.01,57,45144,卖盘
694,14:21:48,7.93,0.01,1,793,买盘
695,14:21:45,7.92,-0.01,164,129888,卖盘
696,14:21:42,7.93,0.01,55,43615,买盘
697,14:21:39,7.92,-0.01,40,31680,卖盘
698,14:21:36,7.93,--,2500,1982500,买盘
699,14:21:33,7.93,0.01,1,793,买盘
700,14:21:30,7.92,-0.01,33,26136,卖盘
701,14:21:27,7.93,0.01,328,260104,买盘
702,14:21:21,7.92,-0.01,18,14256,卖盘
703,14:21:18,7.93,0.01,768,609024,买盘
704,14:21:15,7.92,--,24,19008,卖盘
705,14:21:12,7.92,--,124,98208,卖盘
706,14:21:09,7.92,-0.01,40,31680,卖盘
707,14:21:06,7.93,0.01,71,56303,买盘
708,14:21:00,7.92,-0.01,243,192456,卖盘
709,14:20:57,7.93,--,68,53924,买盘
710,14:20:51,7.93,0.01,300,237900,买盘
711,14:20:45,7.92,-0.01,117,92664,卖盘
712,14:20:42,7.93,0.01,54,42822,买盘
713,14:20:39,7.92,-0.01,40,31680,卖盘
714,14:20:36,7.93,0.01,1,793,买盘
715,14:20:33,7.92,--,10,7920,卖盘
716,14:20:30,7.92,-0.01,24,19008,卖盘
717,14:20:27,7.93,0.01,34,26962,买盘
718,14:20:24,7.92,-0.01,11,8712,卖盘
719,14:20:21,7.93,0.01,12,9516,买盘
720,14:20:18,7.92,-0.01,40,31680,卖盘
721,14:20:15,7.93,0.01,170,134810,买盘
722,14:20:12,7.92,-0.01,9,7128,卖盘
723,14:20:09,7.93,0.01,11,8723,买盘
724,14:20:06,7.92,--,20,15840,卖盘
725,14:20:03,7.92,-0.01,33,26136,卖盘
726,14:20:00,7.93,0.01,11,8723,买盘
727,14:19:57,7.92,-0.01,70,55440,卖盘
728,14:19:54,7.93,--,21,16653,买盘
729,14:19:51,7.93,--,30,23790,买盘
730,14:19:48,7.93,0.01,3,2379,买盘
731,14:19:45,7.92,-0.01,360,285120,卖盘
732,14:19:39,7.93,0.01,48,38064,买盘
733,14:19:36,7.92,-0.01,113,89496,卖盘
734,14:19:33,7.93,--,51,40443,买盘
735,14:19:27,7.93,0.01,69,54717,买盘
736,14:19:24,7.92,-0.01,34,26928,卖盘
737,14:19:21,7.93,0.01,4,3172,买盘
738,14:19:18,7.92,--,44,34848,卖盘
739,14:19:15,7.92,-0.01,21,16632,卖盘
740,14:19:12,7.93,--,269,213317,买盘
741,14:19:09,7.93,--,35,27755,买盘
742,14:19:06,7.93,--,102,80886,买盘
743,14:19:03,7.93,--,55,43615,买盘
744,14:19:00,7.93,--,904,716872,买盘
745,14:18:57,7.93,--,1,793,买盘
746,14:18:54,7.93,0.01,35,27755,买盘
747,14:18:51,7.92,-0.01,127,100584,卖盘
748,14:18:48,7.93,0.01,924,732732,买盘
749,14:18:45,7.92,-0.01,146,115632,卖盘
750,14:18:42,7.93,--,33,26169,买盘
751,14:18:39,7.93,--,166,131638,买盘
752,14:18:36,7.93,--,146,115778,买盘
753,14:18:33,7.93,--,514,407602,买盘
754,14:18:30,7.93,--,24,19032,买盘
755,14:18:27,7.93,0.01,1,793,买盘
756,14:18:24,7.92,-0.01,2,1584,卖盘
757,14:18:21,7.93,--,2,1586,买盘
758,14:18:18,7.93,--,389,308477,买盘
759,14:18:15,7.93,0.01,99,78507,买盘
760,14:18:12,7.92,-0.01,1,792,卖盘
761,14:18:09,7.93,--,818,648674,买盘
762,14:18:03,7.93,0.01,31,24583,买盘
763,14:18:00,7.92,--,236,187133,买盘
764,14:17:57,7.92,--,1,792,买盘
765,14:17:54,7.92,--,32,25344,买盘
766,14:17:51,7.92,--,120,95040,买盘
767,14:17:48,7.92,--,40,31680,买盘
768,14:17:45,7.92,--,8,6336,买盘
769,14:17:42,7.92,--,20,15840,买盘
770,14:17:39,7.92,0.01,201,159192,买盘
771,14:17:36,7.91,-0.02,28,22148,卖盘
772,14:17:30,7.93,0.02,39,30927,买盘
773,14:17:27,7.91,-0.02,78,61698,卖盘
774,14:17:24,7.93,0.01,266,210938,买盘
775,14:17:21,7.92,--,40,31680,卖盘
776,14:17:18,7.92,-0.01,27,21384,卖盘
777,14:17:15,7.93,0.01,44,34892,买盘
778,14:17:12,7.92,--,378,299376,买盘
779,14:17:09,7.92,0.01,309,244728,买盘
780,14:17:06,7.91,-0.01,436,344876,卖盘
781,14:17:03,7.92,0.01,1,792,买盘
782,14:17:00,7.91,--,12,9492,卖盘
783,14:16:57,7.91,-0.01,85,67235,卖盘
784,14:16:54,7.92,--,16,12672,买盘
785,14:16:51,7.92,--,10,7920,买盘
786,14:16:48,7.92,--,44,34848,买盘
787,14:16:45,7.92,--,205,162360,买盘
788,14:16:42,7.92,--,870,689040,买盘
789,14:16:39,7.92,--,211,167112,买盘
790,14:16:36,7.92,--,88,69696,买盘
791,14:16:33,7.92,--,32,25344,买盘
792,14:16:27,7.92,--,25,19800,买盘
793,14:16:24,7.92,0.01,1,792,买盘
794,14:16:21,7.91,--,92,72772,卖盘
795,14:16:18,7.91,-0.01,1,791,卖盘
796,14:16:15,7.92,--,76,60192,买盘
797,14:16:12,7.92,0.01,1,792,买盘
798,14:16:09,7.91,-0.01,177,140007,卖盘
799,14:16:06,7.92,--,15,11880,买盘
800,14:16:03,7.92,--,30,23760,买盘
801,14:15:57,7.92,--,152,120384,买盘
802,14:15:54,7.92,0.01,15,11880,买盘
803,14:15:51,7.91,-0.01,112,88592,卖盘
804,14:15:48,7.92,--,54,42768,卖盘
805,14:15:45,7.92,--,37,29304,买盘
806,14:15:42,7.92,0.01,63,49896,买盘
807,14:15:39,7.91,-0.01,488,386008,卖盘
808,14:15:36,7.92,--,1,792,买盘
809,14:15:33,7.92,--,22,17424,买盘
810,14:15:30,7.92,--,33,26136,卖盘
811,14:15:27,7.92,0.01,359,284328,买盘
812,14:15:24,7.91,-0.01,31,24521,卖盘
813,14:15:21,7.92,0.01,25,19800,买盘
814,14:15:18,7.91,-0.01,523,413693,卖盘
815,14:15:15,7.92,--,389,308088,买盘
816,14:15:12,7.92,--,8,6336,买盘
817,14:15:09,7.92,--,80,63360,买盘
818,14:15:06,7.92,--,132,104544,买盘
819,14:15:03,7.92,--,1,792,买盘
820,14:15:00,7.92,--,93,73656,买盘
821,14:14:57,7.92,-0.01,294,232848,卖盘
822,14:14:54,7.93,--,101,80093,买盘
823,14:14:51,7.93,0.01,142,112606,买盘
824,14:14:48,7.92,--,122,96624,卖盘
825,14:14:45,7.92,--,236,186912,卖盘
826,14:14:42,7.92,--,43,34056,卖盘
827,14:14:39,7.92,--,125,99000,卖盘
828,14:14:36,7.92,-0.01,39,30888,卖盘
829,14:14:33,7.93,0.01,1,793,买盘
830,14:14:30,7.92,--,10,7920,卖盘
831,14:14:27,7.92,-0.01,184,145728,卖盘
832,14:14:24,7.93,--,1,793,买盘
833,14:14:21,7.93,0.01,16,12688,买盘
834,14:14:18,7.92,-0.01,29,22968,卖盘
835,14:14:15,7.93,--,87,68991,买盘
836,14:14:12,7.93,0.01,180,142740,买盘
837,14:14:09,7.92,-0.01,128,101376,卖盘
838,14:14:06,7.93,--,22,17446,买盘
839,14:14:03,7.93,--,57,45201,买盘
840,14:14:00,7.93,--,100,79300,买盘
841,14:13:51,7.93,0.01,8,6344,买盘
842,14:13:48,7.92,--,3,2376,卖盘
843,14:13:45,7.92,-0.01,49,38808,卖盘
844,14:13:42,7.93,--,91,72163,买盘
845,14:13:39,7.93,--,59,46787,买盘
846,14:13:36,7.93,0.01,37,29341,买盘
847,14:13:33,7.92,--,139,110088,卖盘
848,14:13:30,7.92,-0.01,149,118008,卖盘
849,14:13:27,7.93,0.01,15,11895,买盘
850,14:13:24,7.92,--,7,5544,卖盘
851,14:13:21,7.92,--,409,323928,卖盘
852,14:13:18,7.92,-0.01,3129,2478168,卖盘
853,14:13:15,7.93,--,65,51545,买盘
854,14:13:12,7.93,0.01,385,305305,买盘
855,14:13:09,7.92,-0.01,502,397584,卖盘
856,14:13:06,7.93,--,101,80093,买盘
857,14:13:03,7.93,0.01,19,15067,买盘
858,14:13:00,7.92,0.01,14,11088,买盘
859,14:12:57,7.91,-0.01,110,87010,卖盘
860,14:12:54,7.92,--,24,19008,卖盘
861,14:12:48,7.92,--,242,191664,买盘
862,14:12:45,7.92,0.01,31,24552,买盘
863,14:12:42,7.91,-0.01,37,29267,卖盘
864,14:12:39,7.92,--,1,792,买盘
865,14:12:36,7.92,0.01,176,139392,买盘
866,14:12:33,7.91,--,85,67235,卖盘
867,14:12:30,7.91,--,10,7910,卖盘
868,14:12:24,7.91,--,32,25312,卖盘
869,14:12:21,7.91,-0.01,1,791,卖盘
870,14:12:18,7.92,-0.01,96,76032,买盘
871,14:12:15,7.93,--,105,83265,买盘
872,14:12:12,7.93,0.02,45,35685,买盘
873,14:12:09,7.91,-0.02,106,83846,卖盘
874,14:12:06,7.93,0.01,312,247416,买盘
875,14:12:03,7.92,-0.01,10,7920,卖盘
876,14:12:00,7.93,0.01,15,11895,买盘
877,14:11:57,7.92,--,257,203544,卖盘
878,14:11:54,7.92,-0.01,5,3960,卖盘
879,14:11:48,7.93,0.01,2,1586,买盘
880,14:11:45,7.92,-0.01,16,12672,卖盘
881,14:11:42,7.93,--,1,793,买盘
882,14:11:39,7.93,--,94,74542,买盘
883,14:11:36,7.93,--,30,23790,买盘
884,14:11:33,7.93,0.01,31,24583,买盘
885,14:11:30,7.92,--,1,792,卖盘
886,14:11:27,7.92,-0.01,18,14256,卖盘
887,14:11:21,7.93,--,127,100711,买盘
888,14:11:18,7.93,--,536,425048,卖盘
889,14:11:15,7.93,-0.01,2,1586,卖盘
890,14:11:12,7.94,0.01,272,215968,买盘
891,14:11:09,7.93,-0.01,93,73749,卖盘
892,14:11:06,7.94,0.01,21,16674,买盘
893,14:11:03,7.93,-0.01,1,793,卖盘
894,14:11:00,7.94,--,1132,898808,买盘
895,14:10:57,7.94,0.01,23,18262,买盘
896,14:10:54,7.93,-0.01,17,13481,卖盘
897,14:10:51,7.94,--,31,24614,买盘
898,14:10:48,7.94,--,2,1588,买盘
899,14:10:45,7.94,--,32,25408,买盘
900,14:10:42,7.94,--,2,1588,买盘
901,14:10:39,7.94,--,8,6352,买盘
902,14:10:36,7.94,0.01,1,794,买盘
903,14:10:33,7.93,-0.01,1,793,卖盘
904,14:10:30,7.94,0.01,199,158006,买盘
905,14:10:27,7.93,-0.01,55,43615,卖盘
906,14:10:24,7.94,0.01,143,113542,买盘
907,14:10:21,7.93,--,26,20618,卖盘
908,14:10:18,7.93,--,126,99918,卖盘
909,14:10:15,7.93,--,138,109434,卖盘
910,14:10:12,7.93,--,554,439322,卖盘
911,14:10:09,7.93,--,120,95160,卖盘
912,14:10:06,7.93,--,27,21411,卖盘
913,14:10:03,7.93,--,17,13481,卖盘
914,14:10:00,7.93,--,242,191906,卖盘
915,14:09:57,7.93,-0.01,435,344955,卖盘
916,14:09:54,7.94,--,24,19056,买盘
917,14:09:51,7.94,0.01,86,68284,买盘
918,14:09:48,7.93,-0.01,4,3172,卖盘
919,14:09:45,7.94,--,16,12704,买盘
920,14:09:42,7.94,0.01,350,277900,中性盘
921,14:09:39,7.93,--,351,278343,卖盘
922,14:09:36,7.93,--,40,31720,卖盘
923,14:09:33,7.93,--,54,42822,卖盘
924,14:09:30,7.93,-0.02,30,23790,卖盘
925,14:09:27,7.95,--,329,261555,买盘
926,14:09:24,7.95,--,520,413400,买盘
927,14:09:21,7.95,0.02,202,160590,买盘
928,14:09:18,7.93,0.01,1921,1523353,买盘
929,14:09:15,7.92,-0.01,107,84744,中性盘
930,14:09:12,7.93,0.01,320,253760,买盘
931,14:09:09,7.92,-0.01,93,73656,卖盘
932,14:09:06,7.93,0.01,174,137982,买盘
933,14:09:03,7.92,-0.01,23,18216,中性盘
934,14:08:57,7.93,0.01,824,653432,卖盘
935,14:08:54,7.92,-0.01,849,672408,卖盘
936,14:08:51,7.93,--,764,605852,买盘
937,14:08:48,7.93,0.01,940,745420,买盘
938,14:08:45,7.92,--,20,15840,买盘
939,14:08:42,7.92,--,72,57024,买盘
940,14:08:39,7.92,0.01,8,6336,买盘
941,14:08:36,7.91,--,16,12656,卖盘
942,14:08:33,7.91,--,133,105203,卖盘
943,14:08:30,7.91,-0.01,160,126560,卖盘
944,14:08:27,7.92,--,2,1584,买盘
945,14:08:21,7.92,--,184,145728,买盘
946,14:08:18,7.92,0.01,138,109296,买盘
947,14:08:15,7.91,-0.01,373,295043,卖盘
948,14:08:09,7.92,-0.01,311,246312,卖盘
949,14:08:06,7.93,--,1,793,买盘
950,14:08:03,7.93,0.01,297,235521,买盘
951,14:08:00,7.92,--,9,7128,卖盘
952,14:07:54,7.92,-0.01,13,10296,卖盘
953,14:07:51,7.93,0.01,16,12688,买盘
954,14:07:48,7.92,-0.01,16,12672,卖盘
955,14:07:45,7.93,--,33,26169,买盘
956,14:07:42,7.93,--,106,84058,买盘
957,14:07:39,7.93,--,10,7930,买盘
958,14:07:36,7.93,--,24,19032,买盘
959,14:07:33,7.93,-0.01,97,76921,卖盘
960,14:07:30,7.94,0.01,266,211204,买盘
961,14:07:27,7.93,--,38,30134,卖盘
962,14:07:24,7.93,-0.01,61,48373,卖盘
963,14:07:21,7.94,0.01,191,151654,买盘
964,14:07:18,7.93,-0.01,13,10309,卖盘
965,14:07:15,7.94,--,146,115924,买盘
966,14:07:09,7.94,--,137,108778,买盘
967,14:07:06,7.94,--,19,15086,买盘
968,14:07:03,7.94,--,34,26996,买盘
969,14:07:00,7.94,--,13,10322,买盘
970,14:06:57,7.94,-0.01,328,260432,卖盘
971,14:06:54,7.95,0.01,66,52947,买盘
972,14:06:51,7.94,-0.01,200,158800,卖盘
973,14:06:48,7.95,0.01,26,20670,买盘
974,14:06:45,7.94,-0.01,17,13498,卖盘
975,14:06:42,7.95,--,92,73140,买盘
976,14:06:39,7.95,0.01,907,721065,买盘
977,14:06:36,7.94,-0.01,124,98456,卖盘
978,14:06:33,7.95,0.01,60,47700,买盘
979,14:06:30,7.94,--,168,133392,卖盘
980,14:06:27,7.94,--,26,20644,卖盘
981,14:06:24,7.94,--,139,110366,卖盘
982,14:06:21,7.94,--,74,58756,卖盘
983,14:06:18,7.94,--,27,21438,卖盘
984,14:06:15,7.94,-0.01,341,270754,卖盘
985,14:06:12,7.95,0.01,249,197955,买盘
986,14:06:09,7.94,--,68,53992,卖盘
987,14:06:06,7.94,--,235,186590,卖盘
988,14:06:03,7.94,-0.01,53,42082,卖盘
989,14:06:00,7.95,--,703,558885,买盘
990,14:05:57,7.95,0.01,174,138330,买盘
991,14:05:54,7.94,--,242,192148,买盘
992,14:05:51,7.94,-0.01,188,149272,卖盘
993,14:05:48,7.95,0.02,729,579555,买盘
994,14:05:45,7.93,--,400,317200,卖盘
995,14:05:42,7.93,-0.01,100,79300,卖盘
996,14:05:39,7.94,--,49,38906,买盘
997,14:05:36,7.94,0.01,637,505778,买盘
998,14:05:33,7.93,-0.01,145,114985,卖盘
999,14:05:30,7.94,--,524,416056,买盘
1000,14:05:27,7.94,--,58,46052,买盘
1001,14:05:24,7.94,0.01,65,51610,买盘
1002,14:05:21,7.93,--,389,308477,卖盘
1003,14:05:18,7.93,-0.01,26,20618,卖盘
1004,14:05:15,7.94,--,1394,1106836,买盘
1005,14:05:12,7.94,0.01,678,538332,买盘
1006,14:05:09,7.93,--,154,122122,买盘
1007,14:05:06,7.93,--,62,49166,买盘
1008,14:05:03,7.93,--,122,96746,买盘
1009,14:05:00,7.93,0.01,53,42029,买盘
1010,14:04:57,7.92,-0.01,121,95832,卖盘
1011,14:04:54,7.93,--,23,18239,卖盘
1012,14:04:51,7.93,--,52,41236,卖盘
1013,14:04:48,7.93,--,54,42822,卖盘
1014,14:04:45,7.93,--,531,421083,买盘
1015,14:04:42,7.93,-0.01,326,258518,买盘
1016,14:04:39,7.94,--,211,167534,买盘
1017,14:04:36,7.94,0.01,712,565328,买盘
1018,14:04:33,7.93,--,37,29341,买盘
1019,14:04:30,7.93,-0.01,29,22997,卖盘
1020,14:04:27,7.94,--,201,159594,买盘
1021,14:04:24,7.94,--,437,346978,买盘
1022,14:04:21,7.94,0.01,778,617732,买盘
1023,14:04:18,7.93,0.01,54,42822,买盘
1024,14:04:15,7.92,-0.01,264,209088,卖盘
1025,14:04:12,7.93,0.01,11,8723,买盘
1026,14:04:09,7.92,-0.01,1,792,卖盘
1027,14:04:06,7.93,--,82,65026,买盘
1028,14:04:03,7.93,--,10,7930,买盘
1029,14:04:00,7.93,-0.01,506,401258,中性盘
1030,14:03:57,7.94,0.01,288,228672,买盘
1031,14:03:54,7.93,0.01,73,57889,买盘
1032,14:03:51,7.92,-0.01,72,57024,卖盘
1033,14:03:48,7.93,-0.01,130,103090,卖盘
1034,14:03:45,7.94,--,114,90516,买盘
1035,14:03:42,7.94,0.02,358,284252,买盘
1036,14:03:39,7.92,--,112,88704,卖盘
1037,14:03:36,7.92,--,112,88704,卖盘
1038,14:03:33,7.92,0.01,492,389664,中性盘
1039,14:03:30,7.91,-0.02,2021,1598611,卖盘
1040,14:03:27,7.93,0.02,407,322751,买盘
1041,14:03:24,7.91,-0.01,6381,5047371,卖盘
1042,14:03:21,7.92,--,715,566280,买盘
1043,14:03:18,7.92,0.01,713,564696,买盘
1044,14:03:15,7.91,--,38,30058,卖盘
1045,14:03:12,7.91,0.01,1576,1246616,买盘
1046,14:03:09,7.9,--,69,54510,买盘
1047,14:03:06,7.9,--,11,8690,买盘
1048,14:03:03,7.9,--,610,481900,买盘
1049,14:03:00,7.9,--,6,4740,买盘
1050,14:02:57,7.9,-0.01,293,231470,卖盘
1051,14:02:54,7.91,0.01,5062,4004042,买盘
1052,14:02:51,7.9,-0.01,10,7900,卖盘
1053,14:02:48,7.91,--,8,6328,买盘
1054,14:02:45,7.91,--,30,23730,买盘
1055,14:02:42,7.91,--,19,15029,买盘
1056,14:02:39,7.91,--,31,24521,买盘
1057,14:02:36,7.91,--,105,83055,买盘
1058,14:02:33,7.91,--,100,79100,买盘
1059,14:02:30,7.91,--,65,51415,买盘
1060,14:02:24,7.91,--,2,1582,买盘
1061,14:02:21,7.91,--,43,34013,买盘
1062,14:02:18,7.91,0.01,1,791,买盘
1063,14:02:15,7.9,-0.01,132,104280,卖盘
1064,14:02:12,7.91,--,1,791,买盘
1065,14:02:09,7.91,0.01,104,82264,买盘
1066,14:02:06,7.9,--,59,46610,卖盘
1067,14:02:03,7.9,-0.01,3,2370,卖盘
1068,14:02:00,7.91,0.01,14,11074,买盘
1069,14:01:57,7.9,-0.01,10,7900,卖盘
1070,14:01:54,7.91,--,22,17402,买盘
1071,14:01:51,7.91,0.01,76,60116,买盘
1072,14:01:48,7.9,--,14,11060,卖盘
1073,14:01:45,7.9,--,80,63200,卖盘
1074,14:01:42,7.9,-0.01,58,45820,卖盘
1075,14:01:36,7.91,--,409,323519,买盘
1076,14:01:33,7.91,0.01,1,791,买盘
1077,14:01:30,7.9,--,42,33180,卖盘
1078,14:01:27,7.9,--,148,116920,卖盘
1079,14:01:24,7.9,--,156,123240,买盘
1080,14:01:21,7.9,--,1,790,买盘
1081,14:01:18,7.9,--,197,155630,卖盘
1082,14:01:15,7.9,--,811,640690,卖盘
1083,14:01:12,7.9,--,56,44240,卖盘
1084,14:01:09,7.9,--,50,39500,卖盘
1085,14:01:06,7.9,--,33,26070,卖盘
1086,14:00:57,7.9,-0.01,12,9480,买盘
1087,14:00:54,7.91,0.01,94,74354,买盘
1088,14:00:51,7.9,-0.02,28,22120,中性盘
1089,14:00:48,7.92,0.02,93,73656,买盘
1090,14:00:45,7.9,--,11,8690,卖盘
1091,14:00:42,7.9,-0.01,122,96380,中性盘
1092,14:00:39,7.91,0.01,2,1582,买盘
1093,14:00:36,7.9,-0.02,28,22120,中性盘
1094,14:00:33,7.92,--,202,159984,买盘
1095,14:00:30,7.92,--,745,590040,买盘
1096,14:00:27,7.92,0.02,797,631224,买盘
1097,14:00:24,7.9,--,43,33970,买盘
1098,14:00:21,7.9,0.02,13,10270,中性盘
1099,14:00:18,7.88,-0.01,93,73284,卖盘
1100,14:00:15,7.89,-0.02,108,85212,卖盘
1101,14:00:12,7.91,0.02,59,46669,买盘
1102,14:00:09,7.89,-0.02,3,2367,卖盘
1103,14:00:06,7.91,0.01,797,630427,买盘
1104,14:00:03,7.9,0.01,735,580650,买盘
1105,14:00:00,7.89,0.01,464,366096,中性盘
1106,13:59:57,7.88,-0.01,122,96136,卖盘
1107,13:59:54,7.89,-0.01,28,22092,卖盘
1108,13:59:51,7.9,0.01,56,44240,买盘
1109,13:59:48,7.89,-0.01,352,277728,卖盘
1110,13:59:45,7.9,0.01,3,2370,买盘
1111,13:59:42,7.89,-0.01,21,16569,卖盘
1112,13:59:39,7.9,--,986,778940,买盘
1113,13:59:36,7.9,0.01,94,74260,买盘
1114,13:59:33,7.89,0.01,11,8679,中性盘
1115,13:59:30,7.88,-0.02,47,37036,卖盘
1116,13:59:27,7.9,--,7,5530,买盘
1117,13:59:24,7.9,0.01,55,43450,买盘
1118,13:59:21,7.89,-0.01,11,8679,卖盘
1119,13:59:18,7.9,--,1,790,买盘
1120,13:59:15,7.9,0.02,36,28440,买盘
1121,13:59:12,7.88,-0.01,134,105592,卖盘
1122,13:59:09,7.89,--,54,42606,买盘
1123,13:59:06,7.89,-0.01,3,2367,卖盘
1124,13:59:03,7.9,0.02,43,33970,买盘
1125,13:59:00,7.88,-0.02,373,293924,卖盘
1126,13:58:57,7.9,--,125,98750,买盘
1127,13:58:51,7.9,0.01,116,91640,买盘
1128,13:58:48,7.89,-0.01,2765,2181585,卖盘
1129,13:58:45,7.9,0.01,69,54510,买盘
1130,13:58:42,7.89,-0.01,2,1578,卖盘
1131,13:58:39,7.9,0.01,76,60040,买盘
1132,13:58:36,7.89,-0.01,46,36294,卖盘
1133,13:58:33,7.9,0.01,1045,825550,买盘
1134,13:58:30,7.89,-0.01,106,83634,卖盘
1135,13:58:27,7.9,--,135,106650,买盘
1136,13:58:21,7.9,--,37,29230,买盘
1137,13:58:18,7.9,--,54,42660,买盘
1138,13:58:15,7.9,--,80,63200,买盘
1139,13:58:12,7.9,--,361,285190,卖盘
1140,13:58:09,7.9,--,1539,1215810,卖盘
1141,13:58:06,7.9,-0.01,77,60830,卖盘
1142,13:58:03,7.91,0.01,44,34804,买盘
1143,13:58:00,7.9,-0.01,72,56880,卖盘
1144,13:57:57,7.91,0.01,176,139216,买盘
1145,13:57:54,7.9,-0.01,26,20540,卖盘
1146,13:57:51,7.91,0.01,24,18984,买盘
1147,13:57:48,7.9,-0.01,403,318370,卖盘
1148,13:57:45,7.91,--,22,17402,买盘
1149,13:57:39,7.91,0.01,63,49833,买盘
1150,13:57:36,7.9,--,200,158000,卖盘
1151,13:57:33,7.9,-0.01,148,116920,卖盘
1152,13:57:30,7.91,--,12,9492,买盘
1153,13:57:27,7.91,--,27,21357,买盘
1154,13:57:24,7.91,0.01,1,791,买盘
1155,13:57:21,7.9,-0.01,97,76630,卖盘
1156,13:57:18,7.91,--,2,1582,买盘
1157,13:57:15,7.91,0.01,70,55370,买盘
1158,13:57:12,7.9,-0.01,6,4740,卖盘
1159,13:57:09,7.91,--,402,318725,卖盘
1160,13:57:06,7.91,-0.01,40,31640,卖盘
1161,13:57:03,7.92,--,143,113256,买盘
1162,13:57:00,7.92,--,34,26928,买盘
1163,13:56:57,7.92,--,40,31680,买盘
1164,13:56:54,7.92,--,5,3960,买盘
1165,13:56:51,7.92,--,41,32472,买盘
1166,13:56:48,7.92,--,18,14256,买盘
1167,13:56:45,7.92,0.01,103,81576,买盘
1168,13:56:42,7.91,-0.01,80,63280,卖盘
1169,13:56:39,7.92,--,144,114048,买盘
1170,13:56:36,7.92,0.01,148,117216,买盘
1171,13:56:33,7.91,--,38,30058,卖盘
1172,13:56:30,7.91,-0.01,435,344085,卖盘
1173,13:56:27,7.92,0.01,281,222552,买盘
1174,13:56:24,7.91,-0.01,10,7910,卖盘
1175,13:56:21,7.92,0.01,20,15840,买盘
1176,13:56:18,7.91,-0.01,14,11074,卖盘
1177,13:56:15,7.92,--,104,82368,买盘
1178,13:56:12,7.92,--,47,37224,买盘
1179,13:56:09,7.92,0.01,53,41976,买盘
1180,13:56:06,7.91,-0.01,29,22939,卖盘
1181,13:56:03,7.92,0.01,137,108504,买盘
1182,13:56:00,7.91,-0.01,161,127351,卖盘
1183,13:55:57,7.92,0.01,114,90288,买盘
1184,13:55:54,7.91,-0.01,40,31640,卖盘
1185,13:55:51,7.92,0.01,42,33264,买盘
1186,13:55:48,7.91,-0.01,15,11865,卖盘
1187,13:55:45,7.92,0.01,136,107712,买盘
1188,13:55:42,7.91,--,27,21357,卖盘
1189,13:55:39,7.91,-0.01,51,40341,卖盘
1190,13:55:36,7.92,--,6,4752,买盘
1191,13:55:33,7.92,--,41,32472,买盘
1192,13:55:27,7.92,0.01,26,20592,买盘
1193,13:55:24,7.91,--,53,41923,卖盘
1194,13:55:21,7.91,--,21,16611,卖盘
1195,13:55:18,7.91,-0.01,42,33222,卖盘
1196,13:55:15,7.92,--,82,64944,买盘
1197,13:55:12,7.92,0.01,26,20592,买盘
1198,13:55:09,7.91,-0.01,87,68817,卖盘
1199,13:55:06,7.92,--,116,91872,卖盘
1200,13:55:03,7.92,--,296,234432,买盘
1201,13:55:00,7.92,--,272,215424,买盘
1202,13:54:57,7.92,--,164,129888,买盘
1203,13:54:54,7.92,--,1,792,买盘
1204,13:54:51,7.92,0.01,28,22176,买盘
1205,13:54:48,7.91,-0.01,70,55370,卖盘
1206,13:54:45,7.92,--,20,15840,买盘
1207,13:54:42,7.92,--,9,7128,买盘
1208,13:54:39,7.92,0.01,78,61776,买盘
1209,13:54:36,7.91,-0.01,81,64071,卖盘
1210,13:54:33,7.92,0.01,47,37224,买盘
1211,13:54:30,7.91,-0.01,50,39550,卖盘
1212,13:54:27,7.92,--,35,27720,买盘
1213,13:54:24,7.92,--,7,5544,买盘
1214,13:54:21,7.92,--,23,18216,买盘
1215,13:54:18,7.92,--,62,49104,卖盘
1216,13:54:15,7.92,--,120,95040,买盘
1217,13:54:12,7.92,--,43,34056,买盘
1218,13:54:09,7.92,0.01,603,477576,买盘
1219,13:54:03,7.91,-0.01,38,30058,卖盘
1220,13:54:00,7.92,--,19,15048,买盘
1221,13:53:57,7.92,--,113,89496,买盘
1222,13:53:54,7.92,--,70,55440,卖盘
1223,13:53:51,7.92,--,87,68904,卖盘
1224,13:53:48,7.92,-0.01,27,21384,卖盘
1225,13:53:45,7.93,--,124,98332,买盘
1226,13:53:42,7.93,0.01,29,22997,买盘
1227,13:53:39,7.92,--,26,20592,卖盘
1228,13:53:36,7.92,--,104,82368,卖盘
1229,13:53:33,7.92,-0.01,64,50688,卖盘
1230,13:53:30,7.93,0.01,11,8723,买盘
1231,13:53:27,7.92,-0.01,20,15840,中性盘
1232,13:53:24,7.93,0.01,1047,830271,买盘
1233,13:53:21,7.92,--,32,25344,买盘
1234,13:53:18,7.92,0.01,49,38808,买盘
1235,13:53:15,7.91,--,64,50624,卖盘
1236,13:53:12,7.91,-0.02,30,23730,卖盘
1237,13:53:09,7.93,0.01,3710,2942030,买盘
1238,13:53:06,7.92,--,1,792,买盘
1239,13:53:03,7.92,--,77,60984,买盘
1240,13:53:00,7.92,0.01,32,25344,买盘
1241,13:52:57,7.91,-0.01,84,66444,卖盘
1242,13:52:54,7.92,--,8,6336,买盘
1243,13:52:51,7.92,0.01,33,26136,买盘
1244,13:52:48,7.91,-0.01,52,41132,卖盘
1245,13:52:45,7.92,--,257,204019,卖盘
1246,13:52:42,7.92,--,110,87120,卖盘
1247,13:52:39,7.92,--,273,216216,卖盘
1248,13:52:36,7.92,-0.01,136,107712,卖盘
1249,13:52:33,7.93,--,263,208559,买盘
1250,13:52:30,7.93,0.01,366,290555,买盘
1251,13:52:27,7.92,--,77,60984,卖盘
1252,13:52:24,7.92,-0.01,69,54648,卖盘
1253,13:52:21,7.93,0.01,34,26962,买盘
1254,13:52:18,7.92,-0.01,75,59400,卖盘
1255,13:52:15,7.93,0.01,193,153049,买盘
1256,13:52:12,7.92,--,63,49896,卖盘
1257,13:52:09,7.92,-0.01,627,496584,卖盘
1258,13:52:06,7.93,0.01,185,146705,买盘
1259,13:52:03,7.92,-0.01,27,21384,卖盘
1260,13:52:00,7.93,--,15,11895,买盘
1261,13:51:57,7.93,--,189,149877,买盘
1262,13:51:54,7.93,0.01,185,146705,买盘
1263,13:51:51,7.92,-0.01,122,96624,卖盘
1264,13:51:48,7.93,0.01,22,17446,买盘
1265,13:51:45,7.92,--,189,149688,卖盘
1266,13:51:42,7.92,--,26,20592,卖盘
1267,13:51:39,7.92,-0.01,675,534600,卖盘
1268,13:51:36,7.93,--,73,57889,买盘
1269,13:51:33,7.93,0.01,9,7137,买盘
1270,13:51:30,7.92,-0.01,602,476784,卖盘
1271,13:51:27,7.93,0.01,260,206180,买盘
1272,13:51:24,7.92,-0.01,58,45936,卖盘
1273,13:51:21,7.93,0.01,391,310063,买盘
1274,13:51:18,7.92,--,107,84744,卖盘
1275,13:51:15,7.92,-0.01,55,43560,卖盘
1276,13:51:12,7.93,0.01,144,114192,买盘
1277,13:51:09,7.92,--,10,7920,卖盘
1278,13:51:06,7.92,--,65,51480,买盘
1279,13:51:03,7.92,--,249,197208,买盘
1280,13:51:00,7.92,--,898,711216,买盘
1281,13:50:57,7.92,--,954,755568,买盘
1282,13:50:54,7.92,--,1199,949608,买盘
1283,13:50:51,7.92,0.01,11,8712,买盘
1284,13:50:48,7.91,--,132,104459,买盘
1285,13:50:45,7.91,--,252,199332,买盘
1286,13:50:42,7.91,--,347,274477,买盘
1287,13:50:39,7.91,--,101,79891,买盘
1288,13:50:36,7.91,--,2,1582,买盘
1289,13:50:33,7.91,--,70,55370,买盘
1290,13:50:30,7.91,--,105,83055,买盘
1291,13:50:27,7.91,--,68,53788,买盘
1292,13:50:24,7.91,--,102,80682,买盘
1293,13:50:21,7.91,0.01,35,27685,买盘
1294,13:50:18,7.9,-0.01,4,3160,卖盘
1295,13:50:15,7.91,--,145,114695,买盘
1296,13:50:12,7.91,--,74,58534,买盘
1297,13:50:09,7.91,--,543,429513,买盘
1298,13:50:06,7.91,--,541,427931,买盘
1299,13:50:03,7.91,0.01,9,7119,买盘
1300,13:50:00,7.9,-0.01,9,7110,卖盘
1301,13:49:57,7.91,--,448,354368,买盘
1302,13:49:54,7.91,--,295,233345,买盘
1303,13:49:51,7.91,0.01,955,755405,买盘
1304,13:49:48,7.9,--,617,487430,买盘
1305,13:49:45,7.9,0.01,245,193550,买盘
1306,13:49:42,7.89,--,198,156222,卖盘
1307,13:49:39,7.89,-0.01,6,4734,卖盘
1308,13:49:36,7.9,--,335,264650,买盘
1309,13:49:33,7.9,0.02,102,80580,买盘
1310,13:49:30,7.88,--,379,298652,卖盘
1311,13:49:27,7.88,-0.02,166,130808,卖盘
1312,13:49:24,7.9,0.01,154,121660,买盘
1313,13:49:21,7.89,0.01,5,3945,中性盘
1314,13:49:18,7.88,--,31,24428,卖盘
1315,13:49:12,7.88,-0.02,94,74072,卖盘
1316,13:49:09,7.9,0.01,6204,4901160,买盘
1317,13:49:06,7.89,--,54,42606,买盘
1318,13:49:03,7.89,--,65,51285,买盘
1319,13:48:57,7.89,0.01,3,2367,买盘
1320,13:48:51,7.88,-0.01,106,83528,卖盘
1321,13:48:48,7.89,--,10,7890,买盘
1322,13:48:45,7.89,0.01,42,33138,买盘
1323,13:48:42,7.88,-0.01,135,106380,卖盘
1324,13:48:39,7.89,0.01,3,2367,买盘
1325,13:48:36,7.88,--,29,22852,卖盘
1326,13:48:33,7.88,-0.01,3,2364,卖盘
1327,13:48:27,7.89,0.01,20,15780,买盘
1328,13:48:24,7.88,0.01,120,94560,买盘
1329,13:48:21,7.87,-0.02,2,1574,卖盘
1330,13:48:15,7.89,--,1,789,买盘
1331,13:48:12,7.89,0.01,50,39450,买盘
1332,13:48:09,7.88,-0.01,60,47280,卖盘
1333,13:48:06,7.89,--,19,14991,买盘
1334,13:48:03,7.89,0.01,48,37872,买盘
1335,13:48:00,7.88,--,2,1576,卖盘
1336,13:47:57,7.88,--,6,4728,卖盘
1337,13:47:54,7.88,-0.01,233,183604,卖盘
1338,13:47:51,7.89,--,239,188571,买盘
1339,13:47:48,7.89,--,51,40239,买盘
1340,13:47:45,7.89,0.01,9,7101,买盘
1341,13:47:42,7.88,--,414,326232,卖盘
1342,13:47:39,7.88,--,91,71708,卖盘
1343,13:47:36,7.88,-0.01,17,13396,卖盘
1344,13:47:30,7.89,0.01,21,16569,买盘
1345,13:47:27,7.88,-0.01,28,22064,卖盘
1346,13:47:24,7.89,0.01,19,14991,买盘
1347,13:47:18,7.88,--,240,189120,卖盘
1348,13:47:15,7.88,-0.01,34,26792,卖盘
1349,13:47:12,7.89,--,52,41028,买盘
1350,13:47:09,7.89,0.01,66,52074,买盘
1351,13:47:06,7.88,-0.01,1,788,卖盘
1352,13:47:03,7.89,--,58,45762,买盘
1353,13:46:57,7.89,--,11,8679,买盘
1354,13:46:54,7.89,--,15,11835,买盘
1355,13:46:51,7.89,0.01,200,157800,买盘
1356,13:46:48,7.88,-0.01,80,63040,卖盘
1357,13:46:45,7.89,0.01,10,7890,买盘
1358,13:46:42,7.88,--,3,2364,卖盘
1359,13:46:39,7.88,-0.01,3,2364,卖盘
1360,13:46:36,7.89,--,23,18147,买盘
1361,13:46:33,7.89,0.01,145,114405,买盘
1362,13:46:27,7.88,-0.01,44,34672,卖盘
1363,13:46:24,7.89,0.01,350,276150,买盘
1364,13:46:21,7.88,-0.01,16,12608,卖盘
1365,13:46:18,7.89,--,20,15780,买盘
1366,13:46:12,7.89,--,15,11835,买盘
1367,13:46:09,7.89,--,9,7101,买盘
1368,13:46:06,7.89,0.01,1,789,买盘
1369,13:46:03,7.88,-0.01,18,14184,卖盘
1370,13:46:00,7.89,--,25,19725,买盘
1371,13:45:57,7.89,0.01,4,3156,买盘
1372,13:45:51,7.88,-0.01,27,21276,卖盘
1373,13:45:48,7.89,0.01,3,2367,买盘
1374,13:45:45,7.88,--,224,176512,卖盘
1375,13:45:42,7.88,-0.01,32,25216,卖盘
1376,13:45:39,7.89,--,19,14991,买盘
1377,13:45:36,7.89,--,3,2367,买盘
1378,13:45:30,7.89,--,4,3156,买盘
1379,13:45:27,7.89,0.01,35,27615,买盘
1380,13:45:24,7.88,--,7,5516,卖盘
1381,13:45:21,7.88,--,13,10244,卖盘
1382,13:45:18,7.88,--,20,15760,卖盘
1383,13:45:15,7.88,-0.01,7,5516,卖盘
1384,13:45:09,7.89,0.01,27,21303,买盘
1385,13:45:06,7.88,--,11,8668,卖盘
1386,13:45:03,7.88,-0.01,78,61464,卖盘
1387,13:45:00,7.89,0.01,51,40239,买盘
1388,13:44:57,7.88,--,55,43340,卖盘
1389,13:44:54,7.88,--,50,39400,卖盘
1390,13:44:51,7.88,--,106,83528,卖盘
1391,13:44:48,7.88,--,13,10244,卖盘
1392,13:44:45,7.88,--,93,73284,买盘
1393,13:44:42,7.88,--,363,286044,买盘
1394,13:44:39,7.88,0.01,3,2364,买盘
1395,13:44:36,7.87,-0.01,127,99949,卖盘
1396,13:44:33,7.88,0.01,45,35460,买盘
1397,13:44:30,7.87,-0.01,2,1574,卖盘
1398,13:44:27,7.88,--,11,8668,买盘
1399,13:44:24,7.88,--,1,788,买盘
1400,13:44:21,7.88,0.01,306,241128,买盘
1401,13:44:18,7.87,-0.01,346,272302,卖盘
1402,13:44:15,7.88,--,5,3940,买盘
1403,13:44:12,7.88,0.01,68,53584,买盘
1404,13:44:09,7.87,-0.01,3,2361,卖盘
1405,13:44:03,7.88,-0.01,411,323868,卖盘
1406,13:44:00,7.89,0.01,671,529419,买盘
1407,13:43:57,7.88,--,11,8668,卖盘
1408,13:43:54,7.88,--,10,7880,卖盘
1409,13:43:51,7.88,-0.01,2,1576,卖盘
1410,13:43:48,7.89,0.02,1,789,买盘
1411,13:43:45,7.87,--,152,119624,卖盘
1412,13:43:42,7.87,-0.02,17,13379,卖盘
1413,13:43:39,7.89,0.02,12,9468,买盘
1414,13:43:36,7.87,-0.01,6,4722,卖盘
1415,13:43:33,7.88,0.01,4,3152,中性盘
1416,13:43:30,7.87,-0.01,202,158974,卖盘
1417,13:43:27,7.88,--,206,162328,买盘
1418,13:43:24,7.88,0.01,774,609912,买盘
1419,13:43:21,7.87,0.01,393,309291,买盘
1420,13:43:18,7.86,-0.01,330,259380,卖盘
1421,13:43:15,7.87,0.01,16,12592,买盘
1422,13:43:12,7.86,-0.01,40,31550,卖盘
1423,13:43:09,7.87,--,220,173140,卖盘
1424,13:43:06,7.87,-0.01,244,192028,卖盘
1425,13:43:03,7.88,--,15,11820,买盘
1426,13:43:00,7.88,0.01,1,788,买盘
1427,13:42:57,7.87,--,36,28332,卖盘
1428,13:42:54,7.87,--,394,310078,卖盘
1429,13:42:51,7.87,-0.01,60,47220,卖盘
1430,13:42:45,7.88,0.01,1,788,买盘
1431,13:42:42,7.87,--,11,8657,卖盘
1432,13:42:39,7.87,--,3,2361,卖盘
1433,13:42:36,7.87,-0.01,53,41711,卖盘
1434,13:42:33,7.88,--,33,26004,买盘
1435,13:42:30,7.88,0.01,109,85892,买盘
1436,13:42:27,7.87,--,52,41600,买盘
1437,13:42:24,7.87,--,97,76339,买盘
1438,13:42:21,7.87,0.01,150,118050,买盘
1439,13:42:18,7.86,-0.02,734,577034,卖盘
1440,13:42:15,7.88,--,13,10244,买盘
1441,13:42:12,7.88,--,253,199364,买盘
1442,13:42:09,7.88,0.01,6,4728,买盘
1443,13:42:06,7.87,-0.01,82,64534,卖盘
1444,13:42:03,7.88,--,76,59888,买盘
1445,13:42:00,7.88,0.01,420,330960,买盘
1446,13:41:57,7.87,-0.01,1,787,卖盘
1447,13:41:54,7.88,0.01,25,19700,买盘
1448,13:41:51,7.87,-0.01,3,2361,卖盘
1449,13:41:48,7.88,0.01,54,42552,买盘
1450,13:41:45,7.87,-0.01,19,14953,卖盘
1451,13:41:42,7.88,--,55,43340,买盘
1452,13:41:39,7.88,--,390,307320,买盘
1453,13:41:36,7.88,--,346,272648,买盘
1454,13:41:33,7.88,--,441,347508,买盘
1455,13:41:30,7.88,--,234,184392,买盘
1456,13:41:27,7.88,0.01,320,252160,买盘
1457,13:41:24,7.87,--,269,212379,买盘
1458,13:41:21,7.87,--,128,100736,买盘
1459,13:41:18,7.87,--,1,787,买盘
1460,13:41:15,7.87,--,21,16527,买盘
1461,13:41:12,7.87,--,517,406879,买盘
1462,13:41:09,7.87,--,82,64534,买盘
1463,13:41:06,7.87,0.01,27,21249,买盘
1464,13:41:03,7.86,--,37,29082,卖盘
1465,13:41:00,7.86,-0.01,17,13362,卖盘
1466,13:40:57,7.87,0.01,18,14166,买盘
1467,13:40:54,7.86,-0.01,9,7074,卖盘
1468,13:40:51,7.87,--,26,20462,买盘
1469,13:40:48,7.87,--,20,15740,买盘
1470,13:40:45,7.87,0.01,1,787,买盘
1471,13:40:42,7.86,--,21,16506,卖盘
1472,13:40:39,7.86,--,13,10218,卖盘
1473,13:40:36,7.86,-0.01,294,231084,卖盘
1474,13:40:33,7.87,--,10,7870,买盘
1475,13:40:30,7.87,0.01,2,1574,买盘
1476,13:40:27,7.86,--,36,28296,卖盘
1477,13:40:24,7.86,-0.01,5,3930,卖盘
1478,13:40:21,7.87,--,30,23610,买盘
1479,13:40:18,7.87,--,150,118050,买盘
1480,13:40:15,7.87,0.01,18,14166,买盘
1481,13:40:12,7.86,-0.01,63,49518,卖盘
1482,13:40:09,7.87,--,30,23610,买盘
1483,13:40:06,7.87,0.01,503,395861,买盘
1484,13:40:03,7.86,-0.01,9,7074,卖盘
1485,13:40:00,7.87,--,1,787,买盘
1486,13:39:57,7.87,0.01,2,1574,买盘
1487,13:39:54,7.86,--,41,32226,卖盘
1488,13:39:51,7.86,-0.01,17,13362,卖盘
1489,13:39:48,7.87,--,1,787,买盘
1490,13:39:45,7.87,--,13,10231,买盘
1491,13:39:42,7.87,--,33,25971,买盘
1492,13:39:39,7.87,0.01,198,155826,买盘
1493,13:39:36,7.86,-0.01,52,40872,卖盘
1494,13:39:33,7.87,--,3,2361,买盘
1495,13:39:30,7.87,0.01,4,3148,买盘
1496,13:39:27,7.86,-0.01,60,47160,卖盘
1497,13:39:24,7.87,0.01,113,88931,买盘
1498,13:39:21,7.86,-0.01,19,14934,卖盘
1499,13:39:18,7.87,0.01,94,73978,买盘
1500,13:39:15,7.86,-0.01,2,1572,卖盘
1501,13:39:12,7.87,0.01,5,3935,买盘
1502,13:39:09,7.86,--,7,5502,卖盘
1503,13:39:06,7.86,--,1,786,卖盘
1504,13:39:03,7.86,--,4,3144,卖盘
1505,13:39:00,7.86,--,19,14934,卖盘
1506,13:38:57,7.86,--,3,2358,卖盘
1507,13:38:54,7.86,--,35,27510,卖盘
1508,13:38:51,7.86,--,5,3930,卖盘
1509,13:38:48,7.86,-0.01,2,1572,卖盘
1510,13:38:45,7.87,--,16,12592,买盘
1511,13:38:42,7.87,--,5,3935,买盘
1512,13:38:39,7.87,0.01,12,9444,买盘
1513,13:38:36,7.86,-0.01,7,5502,卖盘
1514,13:38:30,7.87,--,3,2361,买盘
1515,13:38:27,7.87,--,236,185732,买盘
1516,13:38:24,7.87,--,2,1574,买盘
1517,13:38:21,7.87,0.01,177,139299,买盘
1518,13:38:18,7.86,--,260,204360,买盘
1519,13:38:15,7.86,--,290,227940,买盘
1520,13:38:12,7.86,--,226,177636,卖盘
1521,13:38:09,7.86,--,66,51876,卖盘
1522,13:38:06,7.86,--,77,60522,卖盘
1523,13:38:03,7.86,-0.01,12,9432,卖盘
1524,13:38:00,7.87,--,26,20462,买盘
1525,13:37:57,7.87,0.01,97,76339,买盘
1526,13:37:54,7.86,--,5,3930,卖盘
1527,13:37:51,7.86,--,31,24366,卖盘
1528,13:37:48,7.86,-0.01,1,786,卖盘
1529,13:37:45,7.87,0.01,1,787,买盘
1530,13:37:42,7.86,--,4,3144,卖盘
1531,13:37:39,7.86,--,43,33798,卖盘
1532,13:37:36,7.86,--,842,661812,卖盘
1533,13:37:33,7.86,--,13,10218,卖盘
1534,13:37:30,7.86,-0.01,4,3144,卖盘
1535,13:37:27,7.87,--,2,1574,买盘
1536,13:37:24,7.87,--,231,181797,买盘
1537,13:37:21,7.87,--,206,162122,买盘
1538,13:37:18,7.87,--,1,787,买盘
1539,13:37:15,7.87,0.01,16,12592,买盘
1540,13:37:12,7.86,-0.01,77,60522,卖盘
1541,13:37:09,7.87,--,380,299060,买盘
1542,13:37:06,7.87,--,584,459608,买盘
1543,13:37:03,7.87,--,108,84996,买盘
1544,13:37:00,7.87,0.01,3,2361,买盘
1545,13:36:57,7.86,-0.01,84,66024,卖盘
1546,13:36:54,7.87,--,111,87357,买盘
1547,13:36:51,7.87,--,18,14166,买盘
1548,13:36:48,7.87,--,167,131429,买盘
1549,13:36:45,7.87,0.01,6,4722,买盘
1550,13:36:42,7.86,--,18,14148,卖盘
1551,13:36:39,7.86,-0.01,119,93534,卖盘
1552,13:36:36,7.87,0.01,39,30693,买盘
1553,13:36:33,7.86,-0.01,963,756918,卖盘
1554,13:36:30,7.87,--,108,84996,买盘
1555,13:36:27,7.87,0.01,4,3148,买盘
1556,13:36:24,7.86,--,1,786,卖盘
1557,13:36:21,7.86,--,2,1572,卖盘
1558,13:36:15,7.86,-0.01,2,1572,卖盘
1559,13:36:12,7.87,0.01,4,3148,买盘
1560,13:36:09,7.86,-0.01,76,59736,卖盘
1561,13:36:06,7.87,0.01,214,168418,买盘
1562,13:36:03,7.86,-0.01,952,748272,卖盘
1563,13:36:00,7.87,--,1,787,买盘
1564,13:35:57,7.87,--,26,20462,买盘
1565,13:35:54,7.87,0.01,10,7870,买盘
1566,13:35:51,7.86,-0.01,122,95892,卖盘
1567,13:35:48,7.87,--,31,24397,买盘
1568,13:35:45,7.87,--,93,73191,买盘
1569,13:35:42,7.87,--,19,14953,买盘
1570,13:35:39,7.87,--,358,281746,买盘
1571,13:35:36,7.87,0.01,78,61386,买盘
1572,13:35:33,7.86,--,21,16506,卖盘
1573,13:35:30,7.86,-0.01,3,2358,卖盘
1574,13:35:27,7.87,--,73,57451,买盘
1575,13:35:24,7.87,0.01,1,787,买盘
1576,13:35:21,7.86,-0.01,26,20436,卖盘
1577,13:35:18,7.87,--,2,1574,买盘
1578,13:35:15,7.87,--,226,177862,买盘
1579,13:35:12,7.87,--,6,4722,买盘
1580,13:35:09,7.87,0.01,65,51155,买盘
1581,13:35:06,7.86,-0.01,2,1572,卖盘
1582,13:35:00,7.87,0.01,11,8657,买盘
1583,13:34:57,7.86,-0.01,34,26724,卖盘
1584,13:34:51,7.87,--,3,2361,买盘
1585,13:34:48,7.87,0.01,14,11018,买盘
1586,13:34:45,7.86,--,1,786,卖盘
1587,13:34:42,7.86,--,58,45588,卖盘
1588,13:34:39,7.86,--,32,25152,卖盘
1589,13:34:36,7.86,-0.01,12,9432,卖盘
1590,13:34:33,7.87,--,1,787,买盘
1591,13:34:30,7.87,--,54,42498,买盘
1592,13:34:27,7.87,--,50,39350,买盘
1593,13:34:24,7.87,0.01,54,42498,买盘
1594,13:34:21,7.86,-0.02,136,107006,卖盘
1595,13:34:18,7.88,0.01,11,8668,买盘
1596,13:34:15,7.87,--,89,70043,卖盘
1597,13:34:12,7.87,-0.01,148,116476,卖盘
1598,13:34:09,7.88,--,110,86680,买盘
1599,13:34:06,7.88,0.01,11,8668,买盘
1600,13:34:03,7.87,-0.01,218,171566,卖盘
1601,13:34:00,7.88,0.01,811,639745,买盘
1602,13:33:57,7.87,--,87,68469,卖盘
1603,13:33:54,7.87,-0.01,43,33841,卖盘
1604,13:33:51,7.88,0.01,16,12608,买盘
1605,13:33:48,7.87,-0.01,33,25971,卖盘
1606,13:33:45,7.88,--,16,12608,买盘
1607,13:33:42,7.88,0.01,1,788,买盘
1608,13:33:39,7.87,--,5,3935,卖盘
1609,13:33:36,7.87,--,3,2361,卖盘
1610,13:33:33,7.87,--,60,47220,卖盘
1611,13:33:30,7.87,-0.01,7,5509,卖盘
1612,13:33:27,7.88,0.01,15,11820,买盘
1613,13:33:24,7.87,-0.01,365,287255,卖盘
1614,13:33:21,7.88,0.01,63,49644,买盘
1615,13:33:18,7.87,-0.01,96,75552,卖盘
1616,13:33:15,7.88,--,15,11820,买盘
1617,13:33:12,7.88,0.01,2,1576,买盘
1618,13:33:09,7.87,-0.01,8,6296,卖盘
1619,13:33:06,7.88,--,642,505896,买盘
1620,13:33:03,7.88,--,46,36248,买盘
1621,13:33:00,7.88,--,135,106380,买盘
1622,13:32:57,7.88,0.01,6,4728,买盘
1623,13:32:54,7.87,-0.01,93,73191,卖盘
1624,13:32:51,7.88,--,63,49644,买盘
1625,13:32:48,7.88,0.01,63,49644,买盘
1626,13:32:45,7.87,--,94,73978,卖盘
1627,13:32:42,7.87,-0.01,2,1574,卖盘
1628,13:32:39,7.88,--,48,37824,买盘
1629,13:32:36,7.88,0.01,21,16548,买盘
1630,13:32:33,7.87,-0.01,15,11805,卖盘
1631,13:32:30,7.88,0.01,44,34672,买盘
1632,13:32:27,7.87,-0.01,250,196750,卖盘
1633,13:32:24,7.88,--,61,48068,买盘
1634,13:32:21,7.88,--,3,2364,买盘
1635,13:32:18,7.88,--,22,17336,买盘
1636,13:32:15,7.88,--,5,3940,买盘
1637,13:32:09,7.88,--,3,2364,买盘
1638,13:32:06,7.88,--,121,95348,买盘
1639,13:32:03,7.88,0.01,40,31520,买盘
1640,13:32:00,7.87,-0.01,14,11018,卖盘
1641,13:31:57,7.88,--,242,190696,买盘
1642,13:31:54,7.88,--,128,100864,买盘
1643,13:31:51,7.88,0.01,16,12608,买盘
1644,13:31:48,7.87,-0.01,22,17314,卖盘
1645,13:31:45,7.88,0.01,2,1576,买盘
1646,13:31:42,7.87,-0.01,115,90505,卖盘
1647,13:31:39,7.88,0.01,10,7880,买盘
1648,13:31:36,7.87,--,7,5509,卖盘
1649,13:31:33,7.87,--,32,25184,买盘
1650,13:31:30,7.87,0.01,638,502106,买盘
1651,13:31:27,7.86,-0.01,12,9432,卖盘
1652,13:31:24,7.87,0.01,33,25971,买盘
1653,13:31:21,7.86,-0.01,12,9432,卖盘
1654,13:31:18,7.87,--,6,4722,买盘
1655,13:31:15,7.87,0.01,41,32267,买盘
1656,13:31:12,7.86,--,57,44802,卖盘
1657,13:31:09,7.86,-0.01,33,25938,卖盘
1658,13:31:06,7.87,--,157,123559,买盘
1659,13:31:03,7.87,0.01,283,222721,买盘
1660,13:31:00,7.86,-0.01,71,55806,卖盘
1661,13:30:57,7.87,--,2,1574,买盘
1662,13:30:54,7.87,--,26,20462,买盘
1663,13:30:51,7.87,0.01,9,7083,买盘
1664,13:30:48,7.86,-0.01,228,179208,卖盘
1665,13:30:45,7.87,0.01,65,51155,买盘
1666,13:30:42,7.86,-0.01,510,400860,卖盘
1667,13:30:36,7.87,0.01,23,18101,买盘
1668,13:30:33,7.86,-0.01,4,3144,卖盘
1669,13:30:30,7.87,0.01,91,71617,买盘
1670,13:30:27,7.86,--,21,16506,卖盘
1671,13:30:24,7.86,--,14,11004,卖盘
1672,13:30:21,7.86,-0.01,101,79386,卖盘
1673,13:30:18,7.87,0.01,18,14166,买盘
1674,13:30:15,7.86,-0.01,27,21222,卖盘
1675,13:30:12,7.87,--,28,22036,买盘
1676,13:30:09,7.87,--,1,787,买盘
1677,13:30:06,7.87,0.01,15,11805,买盘
1678,13:30:03,7.86,-0.01,8,6288,卖盘
1679,13:30:00,7.87,--,1,787,买盘
1680,13:29:57,7.87,0.01,1,787,买盘
1681,13:29:54,7.86,-0.01,111,87246,卖盘
1682,13:29:51,7.87,0.01,15,11805,买盘
1683,13:29:48,7.86,--,115,90390,卖盘
1684,13:29:45,7.86,-0.01,102,80172,卖盘
1685,13:29:42,7.87,--,103,81061,买盘
1686,13:29:39,7.87,--,86,67682,买盘
1687,13:29:36,7.87,--,76,59812,买盘
1688,13:29:33,7.87,--,111,87357,买盘
1689,13:29:30,7.87,0.01,97,76339,买盘
1690,13:29:27,7.86,-0.01,3,2358,卖盘
1691,13:29:24,7.87,0.01,134,105458,买盘
1692,13:29:21,7.86,--,23,18078,卖盘
1693,13:29:18,7.86,-0.01,221,173706,卖盘
1694,13:29:15,7.87,0.01,5,3935,买盘
1695,13:29:12,7.86,--,4,3144,卖盘
1696,13:29:06,7.86,-0.01,19,14934,卖盘
1697,13:29:03,7.87,0.01,1,787,买盘
1698,13:28:57,7.86,--,12,9432,卖盘
1699,13:28:54,7.86,-0.01,108,84888,卖盘
1700,13:28:51,7.87,0.01,32,25184,买盘
1701,13:28:48,7.86,--,62,48732,卖盘
1702,13:28:45,7.86,-0.01,3,2358,卖盘
1703,13:28:42,7.87,--,60,47220,买盘
1704,13:28:39,7.87,0.01,152,119624,买盘
1705,13:28:36,7.86,-0.01,3,2358,卖盘
1706,13:28:30,7.87,0.01,29,22823,买盘
1707,13:28:27,7.86,-0.01,42,33012,卖盘
1708,13:28:24,7.87,--,65,51155,买盘
1709,13:28:21,7.87,0.01,46,36202,买盘
1710,13:28:18,7.86,--,115,90390,卖盘
1711,13:28:15,7.86,-0.01,9,7074,卖盘
1712,13:28:12,7.87,--,13,10231,买盘
1713,13:28:09,7.87,--,21,16527,买盘
1714,13:28:06,7.87,--,108,84996,买盘
1715,13:28:03,7.87,--,3,2361,买盘
1716,13:28:00,7.87,0.01,6,4722,买盘
1717,13:27:57,7.86,-0.01,11,8646,卖盘
1718,13:27:54,7.87,--,111,87357,买盘
1719,13:27:51,7.87,0.01,14,11018,买盘
1720,13:27:48,7.86,--,5,3930,卖盘
1721,13:27:45,7.86,-0.01,108,84888,卖盘
1722,13:27:42,7.87,0.01,27,21249,买盘
1723,13:27:39,7.86,-0.01,19,14934,卖盘
1724,13:27:36,7.87,--,23,18101,买盘
1725,13:27:33,7.87,--,2,1574,买盘
1726,13:27:30,7.87,--,51,40137,买盘
1727,13:27:27,7.87,0.01,21,16527,买盘
1728,13:27:24,7.86,--,7,5502,卖盘
1729,13:27:21,7.86,--,56,44016,卖盘
1730,13:27:18,7.86,--,2,1572,卖盘
1731,13:27:15,7.86,--,30,23580,卖盘
1732,13:27:12,7.86,-0.01,25,19650,卖盘
1733,13:27:09,7.87,0.01,12,9444,买盘
1734,13:27:06,7.86,--,69,54234,卖盘
1735,13:27:03,7.86,--,66,51876,买盘
1736,13:27:00,7.86,--,455,357630,卖盘
1737,13:26:57,7.86,-0.01,8,6288,卖盘
1738,13:26:54,7.87,0.01,385,302995,买盘
1739,13:26:51,7.86,-0.01,3,2358,卖盘
1740,13:26:48,7.87,--,9,7083,买盘
1741,13:26:45,7.87,0.01,302,237674,买盘
1742,13:26:42,7.86,-0.01,11,8646,卖盘
1743,13:26:39,7.87,--,27,21249,买盘
1744,13:26:36,7.87,0.01,121,95227,买盘
1745,13:26:33,7.86,-0.01,159,124974,卖盘
1746,13:26:30,7.87,--,62,48794,买盘
1747,13:26:27,7.87,--,1,787,买盘
1748,13:26:24,7.87,--,2,1574,买盘
1749,13:26:21,7.87,--,215,169205,买盘
1750,13:26:18,7.87,0.01,149,117263,买盘
1751,13:26:15,7.86,-0.01,56,44016,卖盘
1752,13:26:12,7.87,--,27,21249,买盘
1753,13:26:09,7.87,0.01,2,1574,买盘
1754,13:26:06,7.86,-0.01,201,157986,卖盘
1755,13:26:03,7.87,--,81,63747,买盘
1756,13:26:00,7.87,--,58,45646,买盘
1757,13:25:57,7.87,0.01,45,35415,买盘
1758,13:25:54,7.86,--,153,120258,卖盘
1759,13:25:51,7.86,-0.01,175,137550,卖盘
1760,13:25:48,7.87,0.01,58,45646,买盘
1761,13:25:45,7.86,-0.01,3,2358,卖盘
1762,13:25:42,7.87,0.01,29,22823,买盘
1763,13:25:39,7.86,--,50,39300,买盘
1764,13:25:36,7.86,--,41,32226,买盘
1765,13:25:33,7.86,--,113,88818,买盘
1766,13:25:30,7.86,--,108,84888,买盘
1767,13:25:27,7.86,--,109,85674,买盘
1768,13:25:24,7.86,--,11,8646,买盘
1769,13:25:21,7.86,0.01,350,275100,买盘
1770,13:25:18,7.85,-0.01,3,2355,卖盘
1771,13:25:15,7.86,--,27,21222,买盘
1772,13:25:12,7.86,--,73,57378,买盘
1773,13:25:09,7.86,--,519,407934,买盘
1774,13:25:06,7.86,0.01,19,14934,买盘
1775,13:25:03,7.85,-0.01,5,3925,卖盘
1776,13:25:00,7.86,0.01,4,3144,买盘
1777,13:24:57,7.85,-0.01,16,12560,卖盘
1778,13:24:54,7.86,0.01,10,7860,买盘
1779,13:24:51,7.85,--,332,260620,卖盘
1780,13:24:48,7.85,--,15,11775,卖盘
1781,13:24:45,7.85,--,155,121675,卖盘
1782,13:24:42,7.85,--,29,22765,卖盘
1783,13:24:39,7.85,--,3,2355,卖盘
1784,13:24:36,7.85,--,84,65940,卖盘
1785,13:24:33,7.85,--,80,62800,卖盘
1786,13:24:30,7.85,--,6,4710,卖盘
1787,13:24:27,7.85,-0.01,554,434890,卖盘
1788,13:24:24,7.86,0.01,112,88032,买盘
1789,13:24:21,7.85,--,11,8635,卖盘
1790,13:24:18,7.85,-0.01,35,27475,卖盘
1791,13:24:15,7.86,--,42,33012,买盘
1792,13:24:12,7.86,--,80,62880,买盘
1793,13:24:09,7.86,0.01,8,6288,买盘
1794,13:24:06,7.85,-0.01,2,1570,卖盘
1795,13:24:03,7.86,0.01,29,22794,买盘
1796,13:24:00,7.85,--,160,125600,卖盘
1797,13:23:57,7.85,-0.01,1986,1559010,卖盘
1798,13:23:54,7.86,--,23,18078,卖盘
1799,13:23:51,7.86,--,43,33798,卖盘
1800,13:23:48,7.86,--,222,174492,卖盘
1801,13:23:45,7.86,--,24,18864,卖盘
1802,13:23:42,7.86,--,104,81744,卖盘
1803,13:23:39,7.86,--,12,9432,卖盘
1804,13:23:36,7.86,--,24,18864,卖盘
1805,13:23:33,7.86,--,22,17292,卖盘
1806,13:23:30,7.86,-0.01,6,4716,卖盘
1807,13:23:27,7.87,--,12,9444,买盘
1808,13:23:24,7.87,0.01,117,92079,买盘
1809,13:23:21,7.86,--,46,36156,卖盘
1810,13:23:18,7.86,-0.01,54,42444,卖盘
1811,13:23:15,7.87,--,1,787,买盘
1812,13:23:12,7.87,0.01,12,9444,买盘
1813,13:23:09,7.86,-0.01,203,159558,卖盘
1814,13:23:06,7.87,0.01,2,1574,买盘
1815,13:23:00,7.86,--,7,5502,卖盘
1816,13:22:57,7.86,--,51,40086,卖盘
1817,13:22:54,7.86,-0.01,76,59736,卖盘
1818,13:22:51,7.87,--,245,192815,买盘
1819,13:22:48,7.87,0.01,97,76339,买盘
1820,13:22:45,7.86,--,17,13362,卖盘
1821,13:22:42,7.86,--,16,12576,卖盘
1822,13:22:39,7.86,-0.01,38,29868,卖盘
1823,13:22:36,7.87,0.01,9,7083,买盘
1824,13:22:33,7.86,--,166,130476,卖盘
1825,13:22:30,7.86,--,74,58164,卖盘
1826,13:22:27,7.86,-0.01,2,1572,卖盘
1827,13:22:24,7.87,0.01,50,39350,买盘
1828,13:22:21,7.86,--,39,30654,卖盘
1829,13:22:18,7.86,--,54,42444,卖盘
1830,13:22:15,7.86,-0.01,3,2358,卖盘
1831,13:22:12,7.87,--,10,7870,买盘
1832,13:22:09,7.87,0.01,433,340771,买盘
1833,13:22:06,7.86,-0.01,17,13362,卖盘
1834,13:22:03,7.87,0.01,7,5509,买盘
1835,13:22:00,7.86,--,106,83316,卖盘
1836,13:21:57,7.86,-0.01,66,51876,卖盘
1837,13:21:54,7.87,--,4,3148,买盘
1838,13:21:51,7.87,--,56,44072,买盘
1839,13:21:48,7.87,0.01,403,317161,买盘
1840,13:21:45,7.86,-0.01,1079,848094,卖盘
1841,13:21:42,7.87,0.01,12,9444,买盘
1842,13:21:39,7.86,-0.01,2,1572,卖盘
1843,13:21:36,7.87,--,13,10231,买盘
1844,13:21:33,7.87,0.01,4,3148,买盘
1845,13:21:30,7.86,-0.02,5,3930,卖盘
1846,13:21:27,7.88,0.01,426,335688,买盘
1847,13:21:24,7.87,--,210,165270,卖盘
1848,13:21:21,7.87,--,20,15740,卖盘
1849,13:21:18,7.87,--,437,343919,卖盘
1850,13:21:15,7.87,--,25,19675,卖盘
1851,13:21:12,7.87,--,29,22823,卖盘
1852,13:21:09,7.87,-0.01,189,148743,卖盘
1853,13:21:06,7.88,0.01,32,25216,买盘
1854,13:21:03,7.87,-0.01,60,47220,卖盘
1855,13:21:00,7.88,--,24,18912,买盘
1856,13:20:57,7.88,--,132,104016,买盘
1857,13:20:54,7.88,0.01,21,16548,买盘
1858,13:20:51,7.87,--,62,48794,卖盘
1859,13:20:48,7.87,-0.01,144,113328,卖盘
1860,13:20:45,7.88,0.01,11,8668,买盘
1861,13:20:42,7.87,--,8,6296,卖盘
1862,13:20:39,7.87,-0.01,66,51942,卖盘
1863,13:20:36,7.88,0.01,52,40976,买盘
1864,13:20:33,7.87,--,2,1574,卖盘
1865,13:20:30,7.87,-0.01,15,11805,卖盘
1866,13:20:27,7.88,--,104,81952,买盘
1867,13:20:24,7.88,--,7,5516,买盘
1868,13:20:21,7.88,--,28,22064,买盘
1869,13:20:18,7.88,--,919,724172,卖盘
1870,13:20:15,7.88,--,169,133172,卖盘
1871,13:20:12,7.88,--,27,21276,卖盘
1872,13:20:09,7.88,--,53,41764,卖盘
1873,13:20:06,7.88,-0.01,127,100076,卖盘
1874,13:20:03,7.89,--,10,7890,买盘
1875,13:20:00,7.89,--,2,1578,买盘
1876,13:19:54,7.89,--,11,8679,买盘
1877,13:19:51,7.89,0.01,5,3945,买盘
1878,13:19:48,7.88,-0.01,40,31520,卖盘
1879,13:19:45,7.89,--,1,789,买盘
1880,13:19:42,7.89,--,48,37872,买盘
1881,13:19:39,7.89,0.01,126,99414,买盘
1882,13:19:36,7.88,--,11,8668,卖盘
1883,13:19:33,7.88,-0.01,404,318352,卖盘
1884,13:19:30,7.89,0.01,5,3945,买盘
1885,13:19:27,7.88,-0.01,68,53584,卖盘
1886,13:19:24,7.89,0.01,92,72588,买盘
1887,13:19:21,7.88,--,21,16548,卖盘
1888,13:19:18,7.88,--,17,13396,卖盘
1889,13:19:15,7.88,--,61,48068,卖盘
1890,13:19:12,7.88,--,98,77224,卖盘
1891,13:19:09,7.88,-0.01,79,62252,卖盘
1892,13:19:06,7.89,--,31,24459,买盘
1893,13:19:03,7.89,--,197,155433,买盘
1894,13:19:00,7.89,--,81,63909,买盘
1895,13:18:57,7.89,--,16,12624,买盘
1896,13:18:54,7.89,--,197,155433,买盘
1897,13:18:51,7.89,--,316,249324,买盘
1898,13:18:48,7.89,--,13,10257,买盘
1899,13:18:45,7.89,--,7,5523,买盘
1900,13:18:42,7.89,0.01,82,64698,买盘
1901,13:18:39,7.88,-0.01,20,15760,卖盘
1902,13:18:36,7.89,--,17,13413,买盘
1903,13:18:33,7.89,0.01,38,29982,买盘
1904,13:18:30,7.88,-0.01,105,82740,卖盘
1905,13:18:27,7.89,--,16,12624,买盘
1906,13:18:24,7.89,--,115,90735,买盘
1907,13:18:21,7.89,0.01,103,81267,买盘
1908,13:18:18,7.88,-0.01,125,98500,卖盘
1909,13:18:15,7.89,0.01,31,24459,买盘
1910,13:18:12,7.88,-0.01,121,95348,卖盘
1911,13:18:09,7.89,--,213,168057,买盘
1912,13:18:06,7.89,--,18,14202,买盘
1913,13:18:03,7.89,0.01,344,271416,买盘
1914,13:18:00,7.88,-0.01,205,161540,卖盘
1915,13:17:57,7.89,--,111,87579,买盘
1916,13:17:54,7.89,0.01,1,789,买盘
1917,13:17:48,7.88,--,2,1576,卖盘
1918,13:17:45,7.88,-0.02,41,32308,卖盘
1919,13:17:42,7.9,0.02,6,4740,买盘
1920,13:17:39,7.88,-0.02,312,245856,卖盘
1921,13:17:36,7.9,0.01,523,413565,买盘
1922,13:17:33,7.89,-0.01,57,44973,卖盘
1923,13:17:30,7.9,0.01,4,3160,买盘
1924,13:17:24,7.89,--,41,32349,卖盘
1925,13:17:21,7.89,0.01,101,79689,买盘
1926,13:17:18,7.88,--,25,19700,卖盘
1927,13:17:15,7.88,--,102,80376,卖盘
1928,13:17:12,7.88,-0.01,31,24428,卖盘
1929,13:17:09,7.89,--,49,38661,买盘
1930,13:17:06,7.89,--,126,99414,买盘
1931,13:17:03,7.89,-0.01,2,1578,买盘
1932,13:17:00,7.9,0.01,61,48190,买盘
1933,13:16:57,7.89,--,5,3945,买盘
1934,13:16:54,7.89,-0.01,26,20514,卖盘
1935,13:16:51,7.9,0.01,185,146150,买盘
1936,13:16:48,7.89,--,13,10257,卖盘
1937,13:16:45,7.89,-0.01,64,50496,卖盘
1938,13:16:42,7.9,0.01,3,2370,买盘
1939,13:16:39,7.89,--,39,30771,中性盘
1940,13:16:36,7.89,-0.01,2,1578,卖盘
1941,13:16:33,7.9,0.01,17,13430,买盘
1942,13:16:30,7.89,--,77,60753,买盘
1943,13:16:27,7.89,--,66,52074,卖盘
1944,13:16:24,7.89,--,30,23670,卖盘
1945,13:16:21,7.89,--,200,157800,买盘
1946,13:16:18,7.89,0.01,260,205140,买盘
1947,13:16:15,7.88,-0.01,5,3940,卖盘
1948,13:16:12,7.89,--,130,102570,买盘
1949,13:16:09,7.89,0.01,70,55230,买盘
1950,13:16:06,7.88,-0.01,93,73284,卖盘
1951,13:16:03,7.89,--,136,107304,买盘
1952,13:16:00,7.89,--,4,3156,买盘
1953,13:15:57,7.89,--,89,70221,买盘
1954,13:15:54,7.89,--,31,24459,买盘
1955,13:15:51,7.89,--,51,40239,买盘
1956,13:15:48,7.89,--,4,3156,买盘
1957,13:15:45,7.89,--,101,79689,买盘
1958,13:15:42,7.89,-0.01,7,5523,中性盘
1959,13:15:39,7.9,--,392,309680,买盘
1960,13:15:36,7.9,0.01,36,28440,买盘
1961,13:15:33,7.89,--,44,34716,卖盘
1962,13:15:30,7.89,--,54,42606,卖盘
1963,13:15:27,7.89,-0.01,186,146754,卖盘
1964,13:15:24,7.9,--,62,48980,买盘
1965,13:15:21,7.9,--,108,85320,买盘
1966,13:15:18,7.9,--,61,48190,买盘
1967,13:15:15,7.9,--,57,45030,买盘
1968,13:15:12,7.9,--,49,38710,买盘
1969,13:15:09,7.9,0.01,129,101910,买盘
1970,13:15:06,7.89,-0.01,243,191727,卖盘
1971,13:15:03,7.9,--,3,2370,买盘
1972,13:15:00,7.9,0.01,3,2370,买盘
1973,13:14:57,7.89,-0.01,53,41817,卖盘
1974,13:14:54,7.9,--,76,60040,买盘
1975,13:14:51,7.9,--,15,11850,买盘
1976,13:14:48,7.9,0.01,502,396580,买盘
1977,13:14:45,7.89,-0.01,10,7890,卖盘
1978,13:14:42,7.9,--,44,34760,买盘
1979,13:14:39,7.9,--,8,6320,买盘
1980,13:14:36,7.9,--,51,40290,买盘
1981,13:14:33,7.9,0.01,5,3950,买盘
1982,13:14:30,7.89,--,244,192516,卖盘
1983,13:14:27,7.89,-0.01,222,175158,卖盘
1984,13:14:24,7.9,--,357,282030,买盘
1985,13:14:21,7.9,--,450,355500,买盘
1986,13:14:18,7.9,--,196,154840,买盘
1987,13:14:15,7.9,0.01,5,3950,买盘
1988,13:14:12,7.89,-0.01,7,5523,卖盘
1989,13:14:09,7.9,0.01,28,22120,买盘
1990,13:14:06,7.89,-0.01,301,237489,卖盘
1991,13:14:03,7.9,0.01,11,8690,买盘
1992,13:14:00,7.89,-0.01,10,7890,卖盘
1993,13:13:57,7.9,0.01,1,790,买盘
1994,13:13:54,7.89,-0.01,14,11046,卖盘
1995,13:13:51,7.9,--,170,134300,买盘
1996,13:13:48,7.9,0.01,187,147730,买盘
1997,13:13:45,7.89,-0.01,79,62331,卖盘
1998,13:13:42,7.9,0.01,211,166690,买盘
1999,13:13:39,7.89,-0.01,4,3156,卖盘
2000,13:13:36,7.9,0.01,2,1580,买盘
2001,13:13:33,7.89,-0.01,108,85212,卖盘
2002,13:13:30,7.9,0.02,445,351550,买盘
2003,13:13:27,7.88,-0.01,11,8668,卖盘
2004,13:13:24,7.89,--,210,165690,买盘
2005,13:13:21,7.89,--,163,128607,买盘
2006,13:13:18,7.89,--,18,14202,买盘
2007,13:13:15,7.89,0.01,2,1578,买盘
2008,13:13:12,7.88,--,97,76436,卖盘
2009,13:13:09,7.88,--,269,211972,卖盘
2010,13:13:06,7.88,--,6,4728,卖盘
2011,13:13:03,7.88,--,7,5516,卖盘
2012,13:13:00,7.88,--,36,28368,卖盘
2013,13:12:57,7.88,-0.01,44,34672,卖盘
2014,13:12:54,7.89,0.01,25,19725,买盘
2015,13:12:51,7.88,--,397,312836,买盘
2016,13:12:48,7.88,--,680,535840,买盘
2017,13:12:45,7.88,--,32,25216,买盘
2018,13:12:42,7.88,--,255,200940,买盘
2019,13:12:39,7.88,--,14,11032,买盘
2020,13:12:36,7.88,0.01,35,27580,买盘
2021,13:12:33,7.87,-0.01,19,14953,卖盘
2022,13:12:30,7.88,--,120,94560,买盘
2023,13:12:27,7.88,0.01,506,398728,买盘
2024,13:12:24,7.87,--,15,11805,卖盘
2025,13:12:21,7.87,-0.01,22,17314,卖盘
2026,13:12:18,7.88,0.01,509,401092,买盘
2027,13:12:15,7.87,-0.01,276,217212,卖盘
2028,13:12:12,7.88,--,10,7880,买盘
2029,13:12:09,7.88,--,2,1576,买盘
2030,13:12:06,7.88,--,17,13396,买盘
2031,13:12:03,7.88,0.01,15,11820,买盘
2032,13:12:00,7.87,--,3,2361,卖盘
2033,13:11:57,7.87,-0.01,11,8657,卖盘
2034,13:11:54,7.88,--,62,48856,买盘
2035,13:11:51,7.88,--,400,315200,买盘
2036,13:11:48,7.88,--,14,11032,买盘
2037,13:11:45,7.88,--,14,11032,买盘
2038,13:11:42,7.88,0.01,420,330960,买盘
2039,13:11:39,7.87,-0.01,29,22823,卖盘
2040,13:11:36,7.88,--,84,66192,买盘
2041,13:11:33,7.88,0.01,421,331748,买盘
2042,13:11:30,7.87,--,62,48794,卖盘
2043,13:11:27,7.87,-0.01,43,33841,卖盘
2044,13:11:24,7.88,--,50,39400,买盘
2045,13:11:21,7.88,0.01,2,1576,买盘
2046,13:11:18,7.87,--,95,74765,卖盘
2047,13:11:15,7.87,--,41,32267,卖盘
2048,13:11:12,7.87,--,469,369103,卖盘
2049,13:11:09,7.87,-0.01,79,62173,卖盘
2050,13:11:06,7.88,0.01,11,8668,买盘
2051,13:11:03,7.87,-0.01,1,787,卖盘
2052,13:11:00,7.88,--,21,16548,买盘
2053,13:10:57,7.88,0.01,2,1576,买盘
2054,13:10:54,7.87,-0.01,90,70830,卖盘
2055,13:10:51,7.88,--,196,154448,买盘
2056,13:10:48,7.88,0.01,9,7092,买盘
2057,13:10:45,7.87,--,29,22823,卖盘
2058,13:10:42,7.87,--,15,11805,卖盘
2059,13:10:39,7.87,-0.01,170,133790,卖盘
2060,13:10:36,7.88,--,554,436552,卖盘
2061,13:10:33,7.88,--,18,14184,卖盘
2062,13:10:30,7.88,-0.01,52,40976,卖盘
2063,13:10:27,7.89,0.01,54,42606,买盘
2064,13:10:24,7.88,--,717,564996,卖盘
2065,13:10:21,7.88,--,124,97712,卖盘
2066,13:10:18,7.88,-0.01,128,100864,卖盘
2067,13:10:15,7.89,0.01,3,2367,买盘
2068,13:10:12,7.88,--,97,76436,卖盘
2069,13:10:09,7.88,--,90,70920,卖盘
2070,13:10:06,7.88,--,26,20488,卖盘
2071,13:10:03,7.88,-0.01,137,107956,卖盘
2072,13:10:00,7.89,0.01,43,33927,买盘
2073,13:09:57,7.88,-0.01,126,99288,卖盘
2074,13:09:54,7.89,0.01,15,11835,买盘
2075,13:09:51,7.88,--,40,31520,卖盘
2076,13:09:48,7.88,-0.01,2,1576,卖盘
2077,13:09:45,7.89,0.01,11,8679,买盘
2078,13:09:42,7.88,-0.01,74,58312,卖盘
2079,13:09:39,7.89,0.01,15,11835,买盘
2080,13:09:36,7.88,-0.01,159,125292,卖盘
2081,13:09:33,7.89,0.01,26,20514,买盘
2082,13:09:30,7.88,-0.01,4,3152,卖盘
2083,13:09:27,7.89,0.01,313,246957,买盘
2084,13:09:24,7.88,-0.01,42,33096,卖盘
2085,13:09:21,7.89,--,79,62331,买盘
2086,13:09:18,7.89,--,73,57597,买盘
2087,13:09:15,7.89,-0.01,374,295086,卖盘
2088,13:09:12,7.9,0.01,233,184070,买盘
2089,13:09:09,7.89,--,121,95469,卖盘
2090,13:09:06,7.89,-0.01,11,8679,卖盘
2091,13:09:03,7.9,0.01,18,14220,买盘
2092,13:09:00,7.89,-0.01,38,29982,卖盘
2093,13:08:57,7.9,--,3,2370,买盘
2094,13:08:54,7.9,0.01,1,790,买盘
2095,13:08:51,7.89,--,101,79689,卖盘
2096,13:08:48,7.89,--,21,16569,卖盘
2097,13:08:45,7.89,-0.01,33,26037,卖盘
2098,13:08:42,7.9,0.01,352,278080,买盘
2099,13:08:39,7.89,-0.01,6,4734,卖盘
2100,13:08:36,7.9,--,27,21330,卖盘
2101,13:08:33,7.9,0.01,40,31600,买盘
2102,13:08:30,7.89,-0.02,687,542043,卖盘
2103,13:08:27,7.91,0.01,53,41923,买盘
2104,13:08:24,7.9,0.01,49,38710,买盘
2105,13:08:21,7.89,-0.01,269,212241,卖盘
2106,13:08:18,7.9,--,4,3160,买盘
2107,13:08:15,7.9,--,55,43450,买盘
2108,13:08:12,7.9,--,2070,1635300,卖盘
2109,13:08:09,7.9,-0.01,142,112180,卖盘
2110,13:08:06,7.91,0.01,10,7910,买盘
2111,13:08:03,7.9,-0.01,443,349970,卖盘
2112,13:08:00,7.91,0.01,74,58534,买盘
2113,13:07:57,7.9,-0.01,1118,883220,卖盘
2114,13:07:54,7.91,--,50,39550,买盘
2115,13:07:51,7.91,--,8,6328,买盘
2116,13:07:48,7.91,--,3,2373,买盘
2117,13:07:45,7.91,0.01,32,25312,买盘
2118,13:07:39,7.9,-0.01,12,9480,卖盘
2119,13:07:36,7.91,--,22,17402,买盘
2120,13:07:33,7.91,--,231,182721,买盘
2121,13:07:30,7.91,0.01,144,113904,买盘
2122,13:07:24,7.9,--,16,12640,卖盘
2123,13:07:21,7.9,-0.01,11,8690,卖盘
2124,13:07:18,7.91,--,91,71981,买盘
2125,13:07:15,7.91,--,1,791,买盘
2126,13:07:12,7.91,0.01,80,63280,买盘
2127,13:07:09,7.9,--,34,26860,卖盘
2128,13:07:06,7.9,--,81,63990,卖盘
2129,13:07:03,7.9,-0.01,13,10270,卖盘
2130,13:07:00,7.91,--,19,15029,买盘
2131,13:06:57,7.91,--,66,52206,买盘
2132,13:06:54,7.91,--,614,485674,卖盘
2133,13:06:51,7.91,--,63,49833,卖盘
2134,13:06:48,7.91,-0.01,73,57743,卖盘
2135,13:06:45,7.92,0.01,1,792,买盘
2136,13:06:42,7.91,--,101,79891,卖盘
2137,13:06:39,7.91,-0.01,37,29267,卖盘
2138,13:06:36,7.92,--,4,3168,买盘
2139,13:06:33,7.92,0.01,22,17424,买盘
2140,13:06:30,7.91,--,51,40341,卖盘
2141,13:06:27,7.91,-0.01,3,2373,卖盘
2142,13:06:24,7.92,0.01,1,792,买盘
2143,13:06:21,7.91,--,10,7910,卖盘
2144,13:06:18,7.91,0.01,471,372561,买盘
2145,13:06:15,7.9,--,24,18960,卖盘
2146,13:06:12,7.9,--,40,31600,卖盘
2147,13:06:09,7.9,-0.01,18,14220,卖盘
2148,13:06:06,7.91,0.01,163,128933,买盘
2149,13:06:03,7.9,-0.01,245,193550,卖盘
2150,13:06:00,7.91,--,15,11865,买盘
2151,13:05:57,7.91,--,501,396291,卖盘
2152,13:05:54,7.91,--,139,109949,卖盘
2153,13:05:51,7.91,--,116,91756,卖盘
2154,13:05:48,7.91,--,5,3955,卖盘
2155,13:05:45,7.91,--,32,25312,卖盘
2156,13:05:42,7.91,--,41,32431,卖盘
2157,13:05:39,7.91,-0.01,4,3164,卖盘
2158,13:05:36,7.92,0.01,65,51480,买盘
2159,13:05:33,7.91,--,101,79891,卖盘
2160,13:05:30,7.91,-0.01,5,3955,卖盘
2161,13:05:27,7.92,--,24,19008,买盘
2162,13:05:24,7.92,--,113,89496,买盘
2163,13:05:21,7.92,0.01,118,93456,买盘
2164,13:05:18,7.91,--,204,161364,卖盘
2165,13:05:15,7.91,--,45,35595,卖盘
2166,13:05:12,7.91,--,73,57743,卖盘
2167,13:05:09,7.91,-0.02,28,22148,卖盘
2168,13:05:06,7.93,0.02,100,79300,买盘
2169,13:05:03,7.91,-0.02,4,3164,卖盘
2170,13:05:00,7.93,0.01,3,2379,买盘
2171,13:04:57,7.92,0.01,66,52272,中性盘
2172,13:04:54,7.91,-0.01,335,264985,卖盘
2173,13:04:51,7.92,--,77,60984,买盘
2174,13:04:48,7.92,-0.01,96,76032,卖盘
2175,13:04:45,7.93,--,103,81679,买盘
2176,13:04:39,7.93,0.02,32,25376,买盘
2177,13:04:36,7.91,-0.01,163,128933,卖盘
2178,13:04:33,7.92,--,18,14256,买盘
2179,13:04:30,7.92,-0.01,67,53064,卖盘
2180,13:04:27,7.93,--,22,17446,买盘
2181,13:04:24,7.93,--,204,161772,买盘
2182,13:04:21,7.93,0.01,100,79300,买盘
2183,13:04:18,7.92,--,31,24552,买盘
2184,13:04:15,7.92,--,64,50688,买盘
2185,13:04:12,7.92,0.01,59,46728,买盘
2186,13:04:09,7.91,-0.02,18,14238,卖盘
2187,13:04:06,7.93,0.01,228,180804,买盘
2188,13:04:03,7.92,-0.01,56,44352,买盘
2189,13:04:00,7.93,--,878,696254,买盘
2190,13:03:57,7.93,0.01,196,155428,买盘
2191,13:03:54,7.92,-0.01,125,99000,卖盘
2192,13:03:51,7.93,0.01,161,127673,买盘
2193,13:03:48,7.92,--,14,11088,卖盘
2194,13:03:45,7.92,-0.01,341,270072,卖盘
2195,13:03:42,7.93,--,3,2379,买盘
2196,13:03:39,7.93,--,34,26962,买盘
2197,13:03:36,7.93,--,7,5551,买盘
2198,13:03:33,7.93,--,16,12688,买盘
2199,13:03:30,7.93,--,21,16653,买盘
2200,13:03:27,7.93,-0.01,213,168909,卖盘
2201,13:03:24,7.94,0.01,3,2382,买盘
2202,13:03:21,7.93,-0.01,293,232349,卖盘
2203,13:03:18,7.94,--,201,159594,买盘
2204,13:03:15,7.94,0.01,20,15880,买盘
2205,13:03:12,7.93,--,244,193492,卖盘
2206,13:03:09,7.93,-0.01,9,7137,卖盘
2207,13:03:06,7.94,--,3,2382,买盘
2208,13:03:03,7.94,--,32,25408,卖盘
2209,13:03:00,7.94,-0.01,220,174680,卖盘
2210,13:02:57,7.95,0.01,1,795,买盘
2211,13:02:54,7.94,-0.01,8,6352,卖盘
2212,13:02:51,7.95,0.01,18,14310,买盘
2213,13:02:48,7.94,--,34,26996,卖盘
2214,13:02:45,7.94,-0.01,213,169122,卖盘
2215,13:02:42,7.95,--,20,15900,买盘
2216,13:02:39,7.95,0.01,102,81090,买盘
2217,13:02:36,7.94,-0.01,9,7146,卖盘
2218,13:02:33,7.95,--,4,3180,买盘
2219,13:02:30,7.95,--,133,105735,买盘
2220,13:02:27,7.95,--,29,23055,买盘
2221,13:02:24,7.95,--,180,143100,买盘
2222,13:02:21,7.95,-0.01,250,198750,卖盘
2223,13:02:18,7.96,--,801,637596,买盘
2224,13:02:15,7.96,0.01,383,304868,买盘
2225,13:02:12,7.95,--,10,7950,卖盘
2226,13:02:09,7.95,-0.01,239,190005,卖盘
2227,13:02:06,7.96,--,198,157608,买盘
2228,13:02:03,7.96,--,238,189448,买盘
2229,13:02:00,7.96,0.01,350,278600,买盘
2230,13:01:57,7.95,-0.01,142,112890,卖盘
2231,13:01:54,7.96,0.01,199,158404,买盘
2232,13:01:51,7.95,--,157,124815,卖盘
2233,13:01:48,7.95,-0.01,522,414990,卖盘
2234,13:01:45,7.96,0.01,21,16716,买盘
2235,13:01:42,7.95,--,51,40545,卖盘
2236,13:01:39,7.95,--,23,18285,卖盘
2237,13:01:36,7.95,-0.01,56,44520,卖盘
2238,13:01:33,7.96,0.01,344,273824,买盘
2239,13:01:30,7.95,--,3054,2427930,买盘
2240,13:01:27,7.95,--,228,181260,买盘
2241,13:01:24,7.95,0.01,317,252015,买盘
2242,13:01:21,7.94,-0.01,67,53198,卖盘
2243,13:01:18,7.95,0.01,302,240090,买盘
2244,13:01:15,7.94,-0.01,192,152448,卖盘
2245,13:01:12,7.95,--,416,330720,买盘
2246,13:01:09,7.95,--,2,1590,买盘
2247,13:01:06,7.95,--,201,159795,买盘
2248,13:01:03,7.95,--,68,54060,买盘
2249,13:01:00,7.95,--,36,28620,买盘
2250,13:00:57,7.95,--,66,52470,买盘
2251,13:00:54,7.95,--,51,40545,买盘
2252,13:00:51,7.95,--,162,128790,买盘
2253,13:00:48,7.95,--,31,24645,买盘
2254,13:00:45,7.95,--,637,506415,买盘
2255,13:00:42,7.95,--,284,225780,买盘
2256,13:00:39,7.95,--,48,38160,买盘
2257,13:00:36,7.95,--,58,46110,买盘
2258,13:00:33,7.95,--,20,15900,买盘
2259,13:00:30,7.95,0.01,19,15105,买盘
2260,13:00:27,7.94,--,163,129422,卖盘
2261,13:00:24,7.94,-0.01,44,34936,卖盘
2262,13:00:21,7.95,--,108,85860,买盘
2263,13:00:18,7.95,--,53,42135,买盘
2264,13:00:15,7.95,0.01,3,2385,买盘
2265,13:00:12,7.94,--,226,179444,卖盘
2266,13:00:09,7.94,--,806,639964,卖盘
2267,13:00:06,7.94,0.01,1212,962328,买盘
2268,13:00:03,7.93,--,8067,6397131,卖盘
2269,13:00:00,7.93,--,0,0,卖盘
2270,11:30:00,7.93,-0.01,15,11895,卖盘
2271,11:29:57,7.94,0.01,1,794,买盘
2272,11:29:54,7.93,--,160,126880,卖盘
2273,11:29:51,7.93,--,208,164944,买盘
2274,11:29:48,7.93,--,112,88816,买盘
2275,11:29:45,7.93,--,88,69784,买盘
2276,11:29:42,7.93,--,44,34892,买盘
2277,11:29:39,7.93,--,25,19825,买盘
2278,11:29:36,7.93,-0.01,1134,899262,卖盘
2279,11:29:33,7.94,--,355,281870,买盘
2280,11:29:30,7.94,--,132,104808,买盘
2281,11:29:27,7.94,--,86,68284,买盘
2282,11:29:24,7.94,--,151,119894,买盘
2283,11:29:21,7.94,0.01,14,11116,买盘
2284,11:29:18,7.93,--,55,43615,卖盘
2285,11:29:15,7.93,-0.01,154,122122,卖盘
2286,11:29:12,7.94,--,21,16674,买盘
2287,11:29:09,7.94,0.01,9,7146,买盘
2288,11:29:06,7.93,--,154,122122,卖盘
2289,11:29:03,7.93,-0.01,45,35685,卖盘
2290,11:29:00,7.94,0.02,45,35730,买盘
2291,11:28:57,7.92,-0.01,158,125136,卖盘
2292,11:28:54,7.93,--,33,26169,买盘
2293,11:28:51,7.93,--,1081,857233,买盘
2294,11:28:48,7.93,--,114,90402,买盘
2295,11:28:45,7.93,-0.01,822,651846,卖盘
2296,11:28:42,7.94,--,44,34936,卖盘
2297,11:28:39,7.94,--,109,86546,买盘
2298,11:28:36,7.94,--,26,20644,卖盘
2299,11:28:33,7.94,--,616,489104,买盘
2300,11:28:30,7.94,-0.01,89,70666,中性盘
2301,11:28:27,7.95,0.02,9156,7279020,买盘
2302,11:28:24,7.93,--,177,140361,卖盘
2303,11:28:21,7.93,--,304,241072,卖盘
2304,11:28:18,7.93,-0.01,2214,1755702,卖盘
2305,11:28:15,7.94,0.01,157,124658,买盘
2306,11:28:12,7.93,-0.01,159,126087,卖盘
2307,11:28:09,7.94,0.01,149,118306,买盘
2308,11:28:06,7.93,--,297,235521,卖盘
2309,11:28:03,7.93,-0.01,385,305305,卖盘
2310,11:28:00,7.94,0.01,127,100838,买盘
2311,11:27:57,7.93,--,296,234728,买盘
2312,11:27:54,7.93,--,437,346541,卖盘
2313,11:27:51,7.93,--,1085,860405,卖盘
2314,11:27:48,7.93,--,282,223626,卖盘
2315,11:27:45,7.93,--,455,360815,卖盘
2316,11:27:42,7.93,--,990,785070,卖盘
2317,11:27:39,7.93,--,6383,5061719,买盘
2318,11:27:36,7.93,0.01,727,576511,买盘
2319,11:27:33,7.92,-0.01,67,53064,卖盘
2320,11:27:30,7.93,--,74,58682,买盘
2321,11:27:27,7.93,0.01,54,42822,买盘
2322,11:27:24,7.92,--,27,21384,卖盘
2323,11:27:21,7.92,--,2742,2171664,买盘
2324,11:27:18,7.92,0.01,102,80784,买盘
2325,11:27:15,7.91,--,475,375725,卖盘
2326,11:27:12,7.91,--,820,648620,卖盘
2327,11:27:09,7.91,0.01,8865,7012665,买盘
2328,11:27:06,7.9,--,148,116920,买盘
2329,11:27:03,7.9,--,21,16590,买盘
2330,11:27:00,7.9,--,148,116920,买盘
2331,11:26:57,7.9,--,154,121660,买盘
2332,11:26:54,7.9,-0.01,280,221200,买盘
2333,11:26:51,7.91,0.01,780,616980,买盘
2334,11:26:48,7.9,--,110,87555,卖盘
2335,11:26:45,7.9,--,474,374460,卖盘
2336,11:26:42,7.9,-0.01,37,29230,卖盘
2337,11:26:39,7.91,0.01,190,150290,买盘
2338,11:26:36,7.9,--,514,406060,卖盘
2339,11:26:33,7.9,--,148,116920,卖盘
2340,11:26:30,7.9,--,138,109020,卖盘
2341,11:26:27,7.9,0.01,1813,1432404,买盘
2342,11:26:24,7.89,-0.01,1230,970470,卖盘
2343,11:26:21,7.9,--,233,184070,买盘
2344,11:26:18,7.9,0.01,8,6320,买盘
2345,11:26:15,7.89,-0.01,20,15780,卖盘
2346,11:26:12,7.9,--,1058,835820,买盘
2347,11:26:09,7.9,--,45,35550,买盘
2348,11:26:06,7.9,0.01,164,129560,买盘
2349,11:26:03,7.89,--,1252,987828,卖盘
2350,11:26:00,7.89,-0.01,212,167268,卖盘
2351,11:25:57,7.9,0.01,29,22910,买盘
2352,11:25:54,7.89,--,8,6312,卖盘
2353,11:25:51,7.89,-0.01,295,232755,卖盘
2354,11:25:48,7.9,0.01,64,50560,买盘
2355,11:25:45,7.89,--,260,205140,卖盘
2356,11:25:42,7.89,-0.01,71,56019,卖盘
2357,11:25:39,7.9,0.01,38,30020,买盘
2358,11:25:36,7.89,-0.01,20,15780,卖盘
2359,11:25:33,7.9,--,637,503230,买盘
2360,11:25:30,7.9,0.01,42,33180,买盘
2361,11:25:27,7.89,-0.01,822,648558,卖盘
2362,11:25:24,7.9,--,8,6320,买盘
2363,11:25:21,7.9,--,36,28440,买盘
2364,11:25:18,7.9,0.01,538,425020,买盘
2365,11:25:15,7.89,--,228,179892,卖盘
2366,11:25:12,7.89,-0.01,286,225654,卖盘
2367,11:25:09,7.9,--,396,312840,买盘
2368,11:25:06,7.9,--,1,790,买盘
2369,11:25:03,7.9,--,2,1580,买盘
2370,11:25:00,7.9,0.01,165,130350,买盘
2371,11:24:57,7.89,-0.01,51,40239,卖盘
2372,11:24:54,7.9,--,469,370510,买盘
2373,11:24:51,7.9,0.01,207,163530,买盘
2374,11:24:48,7.89,-0.01,182,143598,卖盘
2375,11:24:45,7.9,--,748,590920,买盘
2376,11:24:42,7.9,0.01,1161,917190,买盘
2377,11:24:39,7.89,-0.01,42,33138,卖盘
2378,11:24:36,7.9,0.01,108,85320,买盘
2379,11:24:33,7.89,-0.01,12,9468,卖盘
2380,11:24:30,7.9,--,32,25280,买盘
2381,11:24:27,7.9,0.01,14,11060,买盘
2382,11:24:24,7.89,-0.01,118,93102,卖盘
2383,11:24:21,7.9,--,10,7900,买盘
2384,11:24:18,7.9,--,419,331010,买盘
2385,11:24:15,7.9,0.01,32,25280,买盘
2386,11:24:12,7.89,--,21,16569,卖盘
2387,11:24:09,7.89,--,17,13413,卖盘
2388,11:24:06,7.89,--,305,240645,卖盘
2389,11:24:03,7.89,-0.01,227,179103,卖盘
2390,11:24:00,7.9,0.01,63,49770,买盘
2391,11:23:57,7.89,--,8,6312,卖盘
2392,11:23:54,7.89,--,115,90735,卖盘
2393,11:23:51,7.89,-0.01,581,458409,卖盘
2394,11:23:48,7.9,0.02,123,97170,买盘
2395,11:23:45,7.88,-0.01,475,374300,卖盘
2396,11:23:42,7.89,--,223,175947,买盘
2397,11:23:39,7.89,--,270,213030,买盘
2398,11:23:36,7.89,0.01,15,11835,买盘
2399,11:23:33,7.88,-0.01,26,20488,卖盘
2400,11:23:30,7.89,--,85,67065,买盘
2401,11:23:27,7.89,--,95,74955,买盘
2402,11:23:24,7.89,--,106,83634,买盘
2403,11:23:21,7.89,--,3,2367,买盘
2404,11:23:18,7.89,0.01,30,23670,买盘
2405,11:23:15,7.88,--,815,642220,卖盘
2406,11:23:12,7.88,--,7,5516,卖盘
2407,11:23:09,7.88,-0.01,44,34672,卖盘
2408,11:23:06,7.89,0.01,360,284040,买盘
2409,11:23:03,7.88,-0.01,51,40188,卖盘
2410,11:23:00,7.89,--,12,9468,买盘
2411,11:22:57,7.89,--,158,124662,买盘
2412,11:22:54,7.89,--,136,107304,买盘
2413,11:22:51,7.89,--,37,29193,买盘
2414,11:22:48,7.89,--,5,3945,买盘
2415,11:22:45,7.89,0.01,276,217764,买盘
2416,11:22:42,7.88,--,80,63040,卖盘
2417,11:22:39,7.88,-0.01,302,237976,卖盘
2418,11:22:36,7.89,--,1561,1231629,买盘
2419,11:22:33,7.89,--,101,79689,买盘
2420,11:22:30,7.89,--,53,41817,买盘
2421,11:22:27,7.89,-0.01,1644,1297116,卖盘
2422,11:22:24,7.9,--,16,12640,买盘
2423,11:22:21,7.9,--,124,97960,买盘
2424,11:22:18,7.9,--,49,38710,买盘
2425,11:22:15,7.9,--,114,90060,买盘
2426,11:22:12,7.9,0.01,44,34760,买盘
2427,11:22:09,7.89,--,170,134130,卖盘
2428,11:22:06,7.89,-0.01,59,46551,卖盘
2429,11:22:03,7.9,--,18,14220,买盘
2430,11:22:00,7.9,--,203,160370,买盘
2431,11:21:57,7.9,--,247,195130,买盘
2432,11:21:54,7.9,--,111,87690,买盘
2433,11:21:51,7.9,0.01,627,495330,买盘
2434,11:21:48,7.89,-0.01,134,105726,卖盘
2435,11:21:45,7.9,--,293,231470,买盘
2436,11:21:42,7.9,--,106,83740,买盘
2437,11:21:39,7.9,--,223,176170,买盘
2438,11:21:36,7.9,--,49,38710,买盘
2439,11:21:33,7.9,--,341,269390,买盘
2440,11:21:30,7.9,--,140,110600,买盘
2441,11:21:27,7.9,-0.01,761,601664,卖盘
2442,11:21:24,7.91,0.01,198,156618,买盘
2443,11:21:21,7.9,-0.01,1555,1228450,卖盘
2444,11:21:18,7.91,--,373,295043,买盘
2445,11:21:15,7.91,0.01,24,18984,买盘
2446,11:21:12,7.9,--,69,54510,卖盘
2447,11:21:09,7.9,--,1335,1054966,买盘
2448,11:21:06,7.9,--,1576,1245040,买盘
2449,11:21:03,7.9,--,625,493750,买盘
2450,11:21:00,7.9,--,1262,996980,买盘
2451,11:20:57,7.9,--,401,316790,买盘
2452,11:20:54,7.9,--,376,297040,买盘
2453,11:20:51,7.9,--,59,46610,买盘
2454,11:20:48,7.9,0.01,301,237790,买盘
2455,11:20:45,7.89,-0.01,229,180681,卖盘
2456,11:20:42,7.9,--,166,131140,买盘
2457,11:20:39,7.9,--,112,88480,买盘
2458,11:20:36,7.9,0.01,49,38710,买盘
2459,11:20:33,7.89,-0.01,114,89946,卖盘
2460,11:20:30,7.9,--,1,790,买盘
2461,11:20:27,7.9,0.01,43,33970,买盘
2462,11:20:24,7.89,-0.01,93,73377,卖盘
2463,11:20:21,7.9,--,90,71100,买盘
2464,11:20:18,7.9,0.01,1159,915610,买盘
2465,11:20:15,7.89,0.01,389,306921,中性盘
2466,11:20:12,7.88,--,7248,5711424,卖盘
2467,11:20:09,7.88,--,2,1576,卖盘
2468,11:20:06,7.88,--,8,6304,卖盘
2469,11:20:03,7.88,--,78,61464,卖盘
2470,11:20:00,7.88,--,5031,3964428,买盘
2471,11:19:57,7.88,--,37,29156,买盘
2472,11:19:54,7.88,0.01,300,236400,买盘
2473,11:19:51,7.87,-0.01,6,4722,卖盘
2474,11:19:48,7.88,--,72,56736,买盘
2475,11:19:45,7.88,--,105,82740,买盘
2476,11:19:42,7.88,0.01,212,167056,买盘
2477,11:19:39,7.87,-0.01,57,44859,卖盘
2478,11:19:36,7.88,--,1,788,买盘
2479,11:19:33,7.88,--,127,100076,买盘
2480,11:19:30,7.88,0.01,16,12608,买盘
2481,11:19:27,7.87,-0.01,226,177862,卖盘
2482,11:19:24,7.88,0.01,110,86680,买盘
2483,11:19:21,7.87,-0.01,31,24397,卖盘
2484,11:19:18,7.88,--,12,9456,买盘
2485,11:19:15,7.88,--,12,9456,买盘
2486,11:19:12,7.88,0.01,198,156024,买盘
2487,11:19:09,7.87,-0.01,65,51155,卖盘
2488,11:19:06,7.88,--,252,198576,买盘
2489,11:19:03,7.88,--,32,25216,买盘
2490,11:19:00,7.88,0.01,1217,958996,买盘
2491,11:18:57,7.87,--,747,587889,卖盘
2492,11:18:54,7.87,-0.01,76,59812,卖盘
2493,11:18:51,7.88,0.01,138,108744,买盘
2494,11:18:48,7.87,-0.01,346,272302,卖盘
2495,11:18:45,7.88,--,125,98500,买盘
2496,11:18:42,7.88,--,68,53584,买盘
2497,11:18:39,7.88,--,31,24428,买盘
2498,11:18:36,7.88,--,65,51220,买盘
2499,11:18:33,7.88,--,230,181240,买盘
2500,11:18:30,7.88,--,106,83528,买盘
2501,11:18:27,7.88,--,606,477528,买盘
2502,11:18:24,7.88,--,68,53584,买盘
2503,11:18:21,7.88,--,10,7880,买盘
2504,11:18:18,7.88,--,57,44916,买盘
2505,11:18:15,7.88,--,100,78800,买盘
2506,11:18:12,7.88,0.01,923,727324,买盘
2507,11:18:09,7.87,--,66,51942,卖盘
2508,11:18:06,7.87,-0.01,70,55090,卖盘
2509,11:18:03,7.88,--,5,3940,买盘
2510,11:18:00,7.88,0.01,6,4728,买盘
2511,11:17:57,7.87,--,39,30693,卖盘
2512,11:17:54,7.87,-0.01,148,116476,卖盘
2513,11:17:51,7.88,--,214,168632,买盘
2514,11:17:48,7.88,--,50,39400,买盘
2515,11:17:45,7.88,0.01,267,210396,买盘
2516,11:17:42,7.87,-0.01,4,3148,卖盘
2517,11:17:39,7.88,--,14,11032,买盘
2518,11:17:36,7.88,--,105,82740,买盘
2519,11:17:33,7.88,--,37,29156,买盘
2520,11:17:30,7.88,--,337,265556,买盘
2521,11:17:27,7.88,--,6,4728,买盘
2522,11:17:24,7.88,--,317,249796,卖盘
2523,11:17:21,7.88,--,32,25216,卖盘
2524,11:17:18,7.88,--,362,285256,卖盘
2525,11:17:15,7.88,--,107,84316,卖盘
2526,11:17:12,7.88,--,46,36248,卖盘
2527,11:17:09,7.88,--,186,146568,卖盘
2528,11:17:06,7.88,0.01,823,648524,买盘
2529,11:17:03,7.87,-0.01,25,19675,卖盘
2530,11:17:00,7.88,--,93,73284,买盘
2531,11:16:57,7.88,--,44,34672,买盘
2532,11:16:54,7.88,--,133,104804,买盘
2533,11:16:51,7.88,--,149,117412,买盘
2534,11:16:48,7.88,0.01,66,52008,买盘
2535,11:16:45,7.87,--,9,7083,卖盘
2536,11:16:42,7.87,--,212,166844,卖盘
2537,11:16:39,7.87,--,20,15740,卖盘
2538,11:16:36,7.87,-0.01,587,461969,卖盘
2539,11:16:33,7.88,--,143,112684,买盘
2540,11:16:30,7.88,--,275,216700,买盘
2541,11:16:27,7.88,--,71,55948,买盘
2542,11:16:24,7.88,0.01,571,449948,买盘
2543,11:16:21,7.87,-0.01,135,106245,卖盘
2544,11:16:18,7.88,--,295,232460,买盘
2545,11:16:15,7.88,--,128,100864,买盘
2546,11:16:12,7.88,--,119,93772,买盘
2547,11:16:09,7.88,--,142,111896,买盘
2548,11:16:06,7.88,--,610,480680,买盘
2549,11:16:03,7.88,--,47,37036,买盘
2550,11:16:00,7.88,--,210,165480,买盘
2551,11:15:57,7.88,0.01,49,38612,买盘
2552,11:15:54,7.87,-0.01,120,94440,卖盘
2553,11:15:51,7.88,0.01,1522,1199336,买盘
2554,11:15:48,7.87,-0.01,264,207768,卖盘
2555,11:15:45,7.88,0.01,11,8668,买盘
2556,11:15:42,7.87,--,59,46433,卖盘
2557,11:15:39,7.87,-0.01,12,9444,卖盘
2558,11:15:36,7.88,--,23,18124,买盘
2559,11:15:33,7.88,--,508,400304,买盘
2560,11:15:30,7.88,--,28,22064,买盘
2561,11:15:27,7.88,0.01,171,134748,买盘
2562,11:15:24,7.87,-0.01,4,3148,卖盘
2563,11:15:21,7.88,--,89,70132,买盘
2564,11:15:18,7.88,--,4,3152,买盘
2565,11:15:15,7.88,0.01,12,9456,买盘
2566,11:15:12,7.87,--,20,15740,卖盘
2567,11:15:09,7.87,-0.01,50,39350,卖盘
2568,11:15:06,7.88,0.01,194,152872,买盘
2569,11:15:03,7.87,--,119,93653,买盘
2570,11:15:00,7.87,--,77,60599,买盘
2571,11:14:57,7.87,--,560,440720,买盘
2572,11:14:54,7.87,--,658,517846,买盘
2573,11:14:51,7.87,0.01,18,14166,买盘
2574,11:14:48,7.86,-0.01,222,174492,卖盘
2575,11:14:45,7.87,0.01,195,153465,买盘
2576,11:14:42,7.86,--,211,165846,卖盘
2577,11:14:39,7.86,-0.01,970,762420,卖盘
2578,11:14:36,7.87,0.01,550,432850,买盘
2579,11:14:33,7.86,-0.01,39,30654,卖盘
2580,11:14:30,7.87,0.01,138,108606,买盘
2581,11:14:27,7.86,-0.01,76,59736,卖盘
2582,11:14:24,7.87,--,71,55877,买盘
2583,11:14:21,7.87,--,127,99949,买盘
2584,11:14:18,7.87,--,1,787,买盘
2585,11:14:15,7.87,0.01,95,74765,买盘
2586,11:14:12,7.86,--,53,41658,卖盘
2587,11:14:09,7.86,--,17,13362,卖盘
2588,11:14:06,7.86,-0.01,15,11790,卖盘
2589,11:14:03,7.87,--,27,21249,买盘
2590,11:14:00,7.87,-0.01,1254,986898,卖盘
2591,11:13:57,7.88,--,71,55948,买盘
2592,11:13:54,7.88,--,23,18124,买盘
2593,11:13:51,7.88,-0.01,99,78012,中性盘
2594,11:13:48,7.89,0.01,1016,801624,买盘
2595,11:13:45,7.88,-0.01,180,141840,卖盘
2596,11:13:42,7.89,0.01,256,201984,买盘
2597,11:13:39,7.88,--,1279,1007852,卖盘
2598,11:13:36,7.88,-0.01,355,279740,卖盘
2599,11:13:33,7.89,0.01,305,240645,买盘
2600,11:13:30,7.88,--,487,383756,卖盘
2601,11:13:27,7.88,--,372,293136,卖盘
2602,11:13:24,7.88,--,195,153660,卖盘
2603,11:13:21,7.88,-0.01,422,332536,卖盘
2604,11:13:18,7.89,--,61,48129,买盘
2605,11:13:15,7.89,--,43,33927,买盘
2606,11:13:12,7.89,0.01,41,32349,买盘
2607,11:13:09,7.88,-0.01,162,127656,卖盘
2608,11:13:06,7.89,--,196,154644,买盘
2609,11:13:03,7.89,-0.01,469,370041,卖盘
2610,11:13:00,7.9,--,490,387100,买盘
2611,11:12:57,7.9,0.01,322,254380,买盘
2612,11:12:54,7.89,--,151,119139,卖盘
2613,11:12:51,7.89,--,68,53652,卖盘
2614,11:12:48,7.89,--,170,134130,卖盘
2615,11:12:45,7.89,--,180,142020,卖盘
2616,11:12:42,7.89,--,223,175947,卖盘
2617,11:12:39,7.89,--,420,331380,买盘
2618,11:12:36,7.89,--,594,468666,买盘
2619,11:12:33,7.89,--,85,67065,买盘
2620,11:12:30,7.89,--,1482,1169298,卖盘
2621,11:12:27,7.89,-0.01,90,71010,中性盘
2622,11:12:24,7.9,--,336,265440,买盘
2623,11:12:21,7.9,0.01,403,318370,买盘
2624,11:12:18,7.89,0.01,83,65487,卖盘
2625,11:12:15,7.88,--,44,34672,卖盘
2626,11:12:12,7.88,-0.01,229,180452,卖盘
2627,11:12:09,7.89,--,752,593328,买盘
2628,11:12:06,7.89,0.01,261,205929,买盘
2629,11:12:03,7.88,-0.01,108,85104,卖盘
2630,11:12:00,7.89,--,935,737715,买盘
2631,11:11:57,7.89,0.01,205,161745,买盘
2632,11:11:54,7.88,-0.01,170,133960,卖盘
2633,11:11:51,7.89,--,548,432372,买盘
2634,11:11:48,7.89,--,359,283251,买盘
2635,11:11:45,7.89,-0.01,358,282462,卖盘
2636,11:11:42,7.9,0.01,735,580650,买盘
2637,11:11:39,7.89,-0.01,341,269049,卖盘
2638,11:11:36,7.9,--,1203,950370,买盘
2639,11:11:33,7.9,--,261,206190,买盘
2640,11:11:30,7.9,--,395,312050,买盘
2641,11:11:27,7.9,--,858,677820,买盘
2642,11:11:24,7.9,--,418,330220,买盘
2643,11:11:21,7.9,--,152,120080,买盘
2644,11:11:18,7.9,-0.01,272,214880,卖盘
2645,11:11:15,7.91,--,1602,1267182,买盘
2646,11:11:12,7.91,0.01,339,268149,买盘
2647,11:11:09,7.9,--,256,202240,卖盘
2648,11:11:06,7.9,0.01,9248,7306236,买盘
2649,11:11:03,7.89,--,634,500226,买盘
2650,11:11:00,7.89,--,4176,3294864,买盘
2651,11:10:57,7.89,--,753,594117,买盘
2652,11:10:54,7.89,--,3236,2553204,买盘
2653,11:10:51,7.89,--,160,126240,买盘
2654,11:10:48,7.89,--,784,618576,买盘
2655,11:10:45,7.89,0.01,1840,1451760,买盘
2656,11:10:42,7.88,0.01,10585,8340980,买盘
2657,11:10:39,7.87,--,172,135364,卖盘
2658,11:10:36,7.87,-0.01,1893,1489791,卖盘
2659,11:10:33,7.88,--,349,275012,买盘
2660,11:10:30,7.88,--,50,39400,买盘
2661,11:10:27,7.88,0.02,455,358540,买盘
2662,11:10:24,7.86,-0.01,2514,1976004,卖盘
2663,11:10:21,7.87,--,214,168418,买盘
2664,11:10:18,7.87,0.01,2051,1614137,买盘
2665,11:10:15,7.86,-0.01,110,86460,卖盘
2666,11:10:12,7.87,0.01,8454,6653770,买盘
2667,11:10:09,7.86,0.03,2408,1892688,买盘
2668,11:10:06,7.83,-0.02,3881,3038854,卖盘
2669,11:10:03,7.85,0.02,265,208025,买盘
2670,11:10:00,7.83,-0.01,10531,8245773,卖盘
2671,11:09:57,7.84,0.01,800,627200,买盘
2672,11:09:54,7.83,-0.01,52,40716,卖盘
2673,11:09:51,7.84,0.01,25,19600,买盘
2674,11:09:48,7.83,-0.01,146,114318,卖盘
2675,11:09:45,7.84,0.01,1083,849072,买盘
2676,11:09:42,7.83,0.01,604,472932,中性盘
2677,11:09:39,7.82,--,10777,8427614,卖盘
2678,11:09:36,7.82,-0.01,15,11730,卖盘
2679,11:09:30,7.83,0.01,1,783,买盘
2680,11:09:27,7.82,--,111,86802,卖盘
2681,11:09:24,7.82,--,3968,3103445,买盘
2682,11:09:21,7.82,--,123,96186,买盘
2683,11:09:18,7.82,--,43,33626,买盘
2684,11:09:15,7.82,--,402,314364,买盘
2685,11:09:09,7.82,0.01,8,6256,买盘
2686,11:09:06,7.81,-0.01,19,14839,卖盘
2687,11:09:03,7.82,--,27,21114,买盘
2688,11:09:00,7.82,0.01,19,14858,买盘
2689,11:08:57,7.81,--,10,7810,卖盘
2690,11:08:54,7.81,-0.01,2,1562,卖盘
2691,11:08:51,7.82,--,1,782,买盘
2692,11:08:48,7.82,--,69,53958,买盘
2693,11:08:45,7.82,0.01,57,44574,买盘
2694,11:08:42,7.81,--,41,32021,卖盘
2695,11:08:39,7.81,--,95,74507,卖盘
2696,11:08:36,7.81,--,6,4686,卖盘
2697,11:08:33,7.81,--,30,23430,卖盘
2698,11:08:30,7.81,-0.01,8,6248,卖盘
2699,11:08:27,7.82,0.01,12,9384,买盘
2700,11:08:24,7.81,--,10,7810,卖盘
2701,11:08:21,7.81,-0.01,657,513117,卖盘
2702,11:08:18,7.82,0.01,33,25806,买盘
2703,11:08:15,7.81,--,9,7029,卖盘
2704,11:08:12,7.81,--,53,41393,卖盘
2705,11:08:09,7.81,--,35,27335,卖盘
2706,11:08:06,7.81,-0.01,7,5467,卖盘
2707,11:08:03,7.82,0.01,2,1564,买盘
2708,11:08:00,7.81,--,141,110121,卖盘
2709,11:07:57,7.81,--,323,252263,卖盘
2710,11:07:54,7.81,--,128,99968,卖盘
2711,11:07:51,7.81,--,21,16401,卖盘
2712,11:07:48,7.81,--,33,25773,卖盘
2713,11:07:45,7.81,-0.01,45,35145,卖盘
2714,11:07:42,7.82,0.01,1,782,买盘
2715,11:07:39,7.81,-0.01,128,99968,卖盘
2716,11:07:36,7.82,0.01,20,15640,买盘
2717,11:07:33,7.81,--,60,46860,卖盘
2718,11:07:30,7.81,-0.01,58,45298,卖盘
2719,11:07:27,7.82,0.01,51,39882,买盘
2720,11:07:24,7.81,--,29,22649,卖盘
2721,11:07:21,7.81,--,102,79662,卖盘
2722,11:07:18,7.81,--,14,10934,卖盘
2723,11:07:15,7.81,--,29,22649,卖盘
2724,11:07:12,7.81,-0.01,16,12496,卖盘
2725,11:07:09,7.82,0.01,33,25806,买盘
2726,11:07:06,7.81,--,67,52327,卖盘
2727,11:07:03,7.81,-0.01,1,781,卖盘
2728,11:07:00,7.82,0.01,1,782,买盘
2729,11:06:57,7.81,-0.01,88,68728,卖盘
2730,11:06:54,7.82,--,24,18768,买盘
2731,11:06:51,7.82,--,49,38318,买盘
2732,11:06:48,7.82,0.01,27,21114,买盘
2733,11:06:45,7.81,--,66,51546,卖盘
2734,11:06:42,7.81,-0.01,31,24211,卖盘
2735,11:06:39,7.82,0.01,46,35972,买盘
2736,11:06:36,7.81,--,28,21868,卖盘
2737,11:06:33,7.81,-0.01,83,64823,卖盘
2738,11:06:30,7.82,0.01,286,223652,买盘
2739,11:06:27,7.81,--,65,50765,卖盘
2740,11:06:24,7.81,-0.01,107,83567,卖盘
2741,11:06:21,7.82,--,95,74290,买盘
2742,11:06:15,7.82,0.01,4,3128,买盘
2743,11:06:12,7.81,--,96,74976,卖盘
2744,11:06:09,7.81,--,19,14839,卖盘
2745,11:06:06,7.81,--,102,79662,卖盘
2746,11:06:03,7.81,--,63,49203,卖盘
2747,11:06:00,7.81,-0.01,30,23430,卖盘
2748,11:05:57,7.82,--,11,8602,买盘
2749,11:05:54,7.82,--,2,1564,买盘
2750,11:05:51,7.82,--,44,34408,买盘
2751,11:05:48,7.82,--,4,3128,买盘
2752,11:05:45,7.82,0.01,42,32844,买盘
2753,11:05:42,7.81,-0.01,330,257730,卖盘
2754,11:05:39,7.82,--,8,6256,买盘
2755,11:05:36,7.82,--,118,92276,买盘
2756,11:05:33,7.82,0.01,1238,968116,买盘
2757,11:05:30,7.81,--,231,180411,卖盘
2758,11:05:27,7.81,--,256,199936,卖盘
2759,11:05:24,7.81,--,132,103092,卖盘
2760,11:05:21,7.81,--,55,42955,卖盘
2761,11:05:18,7.81,-0.01,2,1562,卖盘
2762,11:05:15,7.82,0.01,15,11730,买盘
2763,11:05:12,7.81,-0.01,59,46079,卖盘
2764,11:05:09,7.82,--,650,508300,买盘
2765,11:05:06,7.82,0.01,224,175168,买盘
2766,11:05:03,7.81,-0.01,18,14058,卖盘
2767,11:05:00,7.82,0.01,1,782,买盘
2768,11:04:57,7.81,--,78,60918,卖盘
2769,11:04:54,7.81,--,60,46860,卖盘
2770,11:04:51,7.81,-0.01,181,141361,卖盘
2771,11:04:48,7.82,--,5,3910,买盘
2772,11:04:45,7.82,0.01,438,342516,买盘
2773,11:04:42,7.81,--,99,77319,卖盘
2774,11:04:39,7.81,--,1383,1080123,卖盘
2775,11:04:36,7.81,-0.01,23,17963,卖盘
2776,11:04:33,7.82,0.01,56,43792,买盘
2777,11:04:30,7.81,-0.01,62,48422,卖盘
2778,11:04:27,7.82,--,80,62560,买盘
2779,11:04:24,7.82,0.01,300,234600,买盘
2780,11:04:21,7.81,--,3,2343,卖盘
2781,11:04:18,7.81,-0.01,92,71852,卖盘
2782,11:04:15,7.82,0.01,3,2346,买盘
2783,11:04:12,7.81,-0.01,124,96844,卖盘
2784,11:04:09,7.82,--,44,34408,买盘
2785,11:04:06,7.82,0.01,1,782,买盘
2786,11:04:03,7.81,-0.01,105,82005,卖盘
2787,11:04:00,7.82,--,60,46920,买盘
2788,11:03:57,7.82,--,22,17204,买盘
2789,11:03:54,7.82,0.01,16,12512,买盘
2790,11:03:51,7.81,--,5,3905,卖盘
2791,11:03:48,7.81,-0.01,123,96063,卖盘
2792,11:03:45,7.82,0.01,3,2346,买盘
2793,11:03:42,7.81,--,240,187440,卖盘
2794,11:03:39,7.81,-0.01,16,12496,卖盘
2795,11:03:36,7.82,--,202,157964,买盘
2796,11:03:33,7.82,--,81,63342,买盘
2797,11:03:30,7.82,0.01,23,17986,买盘
2798,11:03:27,7.81,-0.01,78,60918,卖盘
2799,11:03:24,7.82,0.01,110,86020,买盘
2800,11:03:21,7.81,-0.01,40,31240,卖盘
2801,11:03:18,7.82,--,20,15640,买盘
2802,11:03:15,7.82,0.01,35,27370,买盘
2803,11:03:12,7.81,-0.01,36,28116,卖盘
2804,11:03:09,7.82,--,3,2346,买盘
2805,11:03:03,7.82,--,18,14076,买盘
2806,11:03:00,7.82,0.01,129,100878,买盘
2807,11:02:57,7.81,-0.01,23,17963,卖盘
2808,11:02:54,7.82,0.01,54,42228,买盘
2809,11:02:51,7.81,--,31,24211,卖盘
2810,11:02:48,7.81,--,184,143704,卖盘
2811,11:02:45,7.81,--,51,39831,卖盘
2812,11:02:42,7.81,-0.01,92,71852,卖盘
2813,11:02:39,7.82,--,43,33626,买盘
2814,11:02:36,7.82,0.01,56,43792,买盘
2815,11:02:33,7.81,--,275,214775,卖盘
2816,11:02:30,7.81,--,209,163229,卖盘
2817,11:02:27,7.81,-0.01,580,452980,卖盘
2818,11:02:24,7.82,0.01,50,39100,买盘
2819,11:02:21,7.81,--,120,93720,卖盘
2820,11:02:18,7.81,--,6,4686,卖盘
2821,11:02:15,7.81,--,373,291313,卖盘
2822,11:02:12,7.81,--,54,42174,卖盘
2823,11:02:09,7.81,--,236,184316,卖盘
2824,11:02:06,7.81,--,142,110902,卖盘
2825,11:02:03,7.81,-0.01,10,7810,卖盘
2826,11:02:00,7.82,0.01,13,10166,买盘
2827,11:01:57,7.81,-0.01,284,221804,卖盘
2828,11:01:54,7.82,0.01,35,27370,买盘
2829,11:01:51,7.81,-0.01,7,5467,卖盘
2830,11:01:48,7.82,0.01,237,185334,买盘
