,time,price,change,volume,amount,type
0,15:00:03,10.75,-0.01,1479,1589925,卖盘
1,14:57:00,10.76,--,10,10760,买盘
2,14:56:57,10.76,--,210,225960,卖盘
3,14:56:54,10.76,--,21,22596,卖盘
4,14:56:51,10.76,-0.01,9,9684,卖盘
5,14:56:48,10.77,0.02,16,17232,买盘
6,14:56:45,10.75,-0.01,224,240800,卖盘
7,14:56:42,10.76,--,88,94688,买盘
8,14:56:39,10.76,--,474,510024,买盘
9,14:56:36,10.76,--,50,53800,买盘
10,14:56:33,10.76,--,27,29052,买盘
11,14:56:30,10.76,--,1,1076,买盘
12,14:56:27,10.76,--,15,16140,卖盘
13,14:56:24,10.76,0.01,7,7532,中性盘
14,14:56:21,10.75,-0.01,150,161250,卖盘
15,14:56:18,10.76,-0.01,56,60256,卖盘
16,14:56:15,10.77,0.01,126,135702,买盘
17,14:56:12,10.76,--,33,35508,卖盘
18,14:56:09,10.76,--,12,12912,买盘
19,14:56:06,10.76,-0.01,10,10760,买盘
20,14:56:03,10.77,--,270,291845,买盘
21,14:56:00,10.77,0.01,8,8616,买盘
22,14:55:57,10.76,--,30,32280,卖盘
23,14:55:54,10.76,--,106,114056,卖盘
24,14:55:51,10.76,--,5,5380,卖盘
25,14:55:48,10.76,-0.01,74,79624,卖盘
26,14:55:45,10.77,0.02,177,190650,买盘
27,14:55:42,10.75,-0.01,61,65575,卖盘
28,14:55:39,10.76,0.01,131,140956,买盘
29,14:55:36,10.75,--,37,39775,卖盘
30,14:55:33,10.75,-0.01,209,224675,卖盘
31,14:55:30,10.76,--,132,142032,买盘
32,14:55:27,10.76,--,74,79624,买盘
33,14:55:24,10.76,--,16,17216,买盘
34,14:55:21,10.76,--,165,177733,卖盘
35,14:55:18,10.76,--,3,3228,卖盘
36,14:55:15,10.76,-0.01,254,274186,卖盘
37,14:55:12,10.77,--,33,35541,买盘
38,14:55:09,10.77,0.01,1,1077,买盘
39,14:55:03,10.76,--,23,24748,卖盘
40,14:55:00,10.76,-0.01,149,160324,卖盘
41,14:54:57,10.77,0.01,217,233709,买盘
42,14:54:54,10.76,-0.01,45,48420,卖盘
43,14:54:51,10.77,--,30,32310,买盘
44,14:54:45,10.77,0.01,174,187398,买盘
45,14:54:42,10.76,-0.01,18,19368,卖盘
46,14:54:39,10.77,--,56,60312,买盘
47,14:54:36,10.77,0.01,2,2154,买盘
48,14:54:33,10.76,--,20,21520,卖盘
49,14:54:30,10.76,-0.01,198,213048,卖盘
50,14:54:27,10.77,--,255,274635,买盘
51,14:54:24,10.77,--,106,114162,买盘
52,14:54:21,10.77,--,28,30156,买盘
53,14:54:18,10.77,--,2,2154,买盘
54,14:54:15,10.77,0.01,199,214323,买盘
55,14:54:12,10.76,-0.01,14,15064,卖盘
56,14:54:09,10.77,--,156,168012,买盘
57,14:54:03,10.77,0.01,14,15078,买盘
58,14:54:00,10.76,--,151,162476,卖盘
59,14:53:57,10.76,--,159,171084,卖盘
60,14:53:51,10.76,-0.01,3,3228,卖盘
61,14:53:48,10.77,0.01,14,15078,买盘
62,14:53:45,10.76,--,3,3228,卖盘
63,14:53:42,10.76,--,38,40888,卖盘
64,14:53:39,10.76,--,45,48420,卖盘
65,14:53:36,10.76,--,25,26900,卖盘
66,14:53:30,10.76,-0.01,309,332484,卖盘
67,14:53:27,10.77,0.01,9,9693,买盘
68,14:53:24,10.76,--,43,46268,卖盘
69,14:53:21,10.76,--,20,21520,卖盘
70,14:53:18,10.76,0.01,1,1076,中性盘
71,14:53:12,10.75,-0.01,278,298850,卖盘
72,14:53:09,10.76,--,143,153868,买盘
73,14:53:06,10.76,--,31,33356,买盘
74,14:53:03,10.76,--,19,20444,买盘
75,14:53:00,10.76,--,304,327104,买盘
76,14:52:57,10.76,--,21,22596,买盘
77,14:52:54,10.76,--,13,13988,买盘
78,14:52:51,10.76,--,12,12912,买盘
79,14:52:48,10.76,--,16,17216,买盘
80,14:52:45,10.76,--,182,195832,卖盘
81,14:52:42,10.76,--,20,21520,卖盘
82,14:52:39,10.76,--,12,12912,卖盘
83,14:52:36,10.76,0.01,32,34432,卖盘
84,14:52:33,10.75,-0.01,20,21500,卖盘
85,14:52:27,10.76,--,9,9684,买盘
86,14:52:24,10.76,0.01,269,289444,买盘
87,14:52:21,10.75,-0.01,21,22575,卖盘
88,14:52:18,10.76,--,49,52724,买盘
89,14:52:12,10.76,--,64,68864,买盘
90,14:52:09,10.76,0.01,34,36584,买盘
91,14:52:06,10.75,-0.01,11,11825,卖盘
92,14:52:03,10.76,--,26,27976,买盘
93,14:52:00,10.76,--,36,38736,买盘
94,14:51:57,10.76,--,46,49496,买盘
95,14:51:54,10.76,--,13,13988,买盘
96,14:51:51,10.76,--,32,34432,买盘
97,14:51:48,10.76,--,4,4304,买盘
98,14:51:45,10.76,-0.01,675,726300,卖盘
99,14:51:42,10.77,0.01,15,16155,买盘
100,14:51:39,10.76,--,301,323876,卖盘
101,14:51:36,10.76,-0.01,36,38736,卖盘
102,14:51:33,10.77,0.01,9,9693,买盘
103,14:51:30,10.76,--,36,38736,卖盘
104,14:51:27,10.76,--,14,15064,卖盘
105,14:51:24,10.76,-0.01,102,109752,卖盘
106,14:51:15,10.77,--,17,18309,买盘
107,14:51:12,10.77,0.01,11,11847,买盘
108,14:51:09,10.76,--,24,25824,卖盘
109,14:51:06,10.76,--,189,203364,卖盘
110,14:51:00,10.76,-0.01,33,35508,卖盘
111,14:50:57,10.77,--,666,717282,卖盘
112,14:50:51,10.77,-0.01,125,134625,卖盘
113,14:50:48,10.78,0.01,40,43120,买盘
114,14:50:45,10.77,-0.01,25,26925,卖盘
115,14:50:36,10.78,0.01,9,9702,买盘
116,14:50:33,10.77,-0.01,82,88314,卖盘
117,14:50:30,10.78,--,20,21560,买盘
118,14:50:24,10.78,0.01,32,34496,买盘
119,14:50:18,10.77,-0.02,310,333870,卖盘
120,14:50:15,10.79,0.01,41,44239,买盘
121,14:50:09,10.78,--,38,40964,卖盘
122,14:50:06,10.78,--,280,301840,卖盘
123,14:50:03,10.78,-0.01,16,17248,卖盘
124,14:50:00,10.79,0.01,36,38844,买盘
125,14:49:57,10.78,--,20,21560,卖盘
126,14:49:54,10.78,--,35,37730,卖盘
127,14:49:51,10.78,--,117,126125,买盘
128,14:49:42,10.78,0.01,19,20482,买盘
129,14:49:39,10.77,--,38,40926,卖盘
130,14:49:33,10.77,--,155,166935,买盘
131,14:49:30,10.77,--,17,18309,买盘
132,14:49:27,10.77,0.01,145,156165,买盘
133,14:49:24,10.76,-0.01,64,68864,卖盘
134,14:49:21,10.77,0.01,21,22617,买盘
135,14:49:18,10.76,-0.01,16,17216,卖盘
136,14:49:15,10.77,0.01,206,221862,买盘
137,14:49:12,10.76,--,20,21520,卖盘
138,14:49:09,10.76,--,23,24748,卖盘
139,14:49:06,10.76,--,57,61332,卖盘
140,14:49:00,10.76,-0.01,20,21520,卖盘
141,14:48:57,10.77,--,20,21540,买盘
142,14:48:54,10.77,--,19,20463,买盘
143,14:48:51,10.77,--,125,134625,卖盘
144,14:48:48,10.77,--,3,3231,卖盘
145,14:48:45,10.77,-0.01,197,212169,卖盘
146,14:48:42,10.78,--,195,210210,卖盘
147,14:48:33,10.78,--,1,1078,卖盘
148,14:48:30,10.78,--,204,219912,卖盘
149,14:48:27,10.78,--,15,16169,卖盘
150,14:48:24,10.78,0.01,55,59290,买盘
151,14:48:21,10.77,--,62,66774,卖盘
152,14:48:15,10.77,-0.02,105,113085,卖盘
153,14:48:12,10.79,--,15,16184,买盘
154,14:48:09,10.79,--,10,10790,买盘
155,14:48:06,10.79,--,19,20501,买盘
156,14:48:03,10.79,--,23,24816,买盘
157,14:48:00,10.79,--,116,125379,卖盘
158,14:47:57,10.79,-0.01,30,32369,卖盘
159,14:47:54,10.8,--,860,929664,买盘
160,14:47:51,10.8,--,11,11880,买盘
161,14:47:45,10.8,--,48,51840,买盘
162,14:47:42,10.8,--,31,33480,卖盘
163,14:47:39,10.8,--,107,115560,卖盘
164,14:47:36,10.8,--,13,14040,卖盘
165,14:47:30,10.8,-0.01,36,38880,卖盘
166,14:47:27,10.81,0.01,480,518880,买盘
167,14:47:24,10.8,--,35,37800,卖盘
168,14:47:21,10.8,--,77,83160,卖盘
169,14:47:18,10.8,--,474,511920,卖盘
170,14:47:12,10.8,--,24,25920,卖盘
171,14:47:09,10.8,--,10,10800,卖盘
172,14:47:06,10.8,0.01,290,313200,买盘
173,14:47:03,10.79,--,191,206088,卖盘
174,14:47:00,10.79,-0.01,150,161850,卖盘
175,14:46:48,10.8,--,28,30240,卖盘
176,14:46:42,10.8,--,25,27000,卖盘
177,14:46:39,10.8,--,14,15120,卖盘
178,14:46:36,10.8,--,42,45360,卖盘
179,14:46:33,10.8,--,20,21600,卖盘
180,14:46:30,10.8,-0.01,8,8640,卖盘
181,14:46:27,10.81,0.01,318,343758,买盘
182,14:46:24,10.8,--,20,21600,买盘
183,14:46:21,10.8,--,1,1080,买盘
184,14:46:18,10.8,--,100,108000,卖盘
185,14:46:15,10.8,--,18,19440,卖盘
186,14:46:12,10.8,--,50,54000,卖盘
187,14:46:09,10.8,--,135,145800,卖盘
188,14:46:03,10.8,--,24,25920,卖盘
189,14:45:57,10.8,-0.01,50,54000,卖盘
190,14:45:51,10.81,0.01,12,12972,买盘
191,14:45:48,10.8,--,4,4320,卖盘
192,14:45:45,10.8,--,22,23760,卖盘
193,14:45:42,10.8,--,38,41040,卖盘
194,14:45:36,10.8,--,45,48600,卖盘
195,14:45:33,10.8,--,3,3240,卖盘
196,14:45:30,10.8,--,1,1080,卖盘
197,14:45:24,10.8,--,2,2160,卖盘
198,14:45:21,10.8,--,55,59400,卖盘
199,14:45:15,10.8,--,12,12960,卖盘
200,14:45:12,10.8,-0.01,21,22680,卖盘
201,14:45:06,10.81,0.01,7,7567,买盘
202,14:45:03,10.8,-0.01,57,61560,卖盘
203,14:44:57,10.81,--,1,1081,买盘
204,14:44:51,10.81,0.01,66,71346,买盘
205,14:44:48,10.8,-0.02,129,139320,卖盘
206,14:44:45,10.82,0.01,42,45444,买盘
207,14:44:42,10.81,--,219,236739,卖盘
208,14:44:36,10.81,-0.01,34,36754,卖盘
209,14:44:33,10.82,0.01,4,4328,买盘
210,14:44:24,10.81,--,10,10810,卖盘
211,14:44:21,10.81,--,151,163231,买盘
212,14:44:18,10.81,0.01,5,5405,买盘
213,14:44:15,10.8,--,13,14040,卖盘
214,14:44:12,10.8,-0.01,102,110160,卖盘
215,14:44:09,10.81,--,31,33511,买盘
216,14:43:54,10.81,--,29,31349,买盘
217,14:43:51,10.81,--,121,130801,买盘
218,14:43:48,10.81,0.01,40,43240,买盘
219,14:43:45,10.8,--,12,12960,卖盘
220,14:43:42,10.8,-0.01,21,22680,卖盘
221,14:43:36,10.81,0.01,14,15134,中性盘
222,14:43:30,10.8,--,9,9720,卖盘
223,14:43:27,10.8,-0.01,596,643680,卖盘
224,14:43:24,10.81,0.01,18,19458,买盘
225,14:43:21,10.8,--,10,10800,卖盘
226,14:43:18,10.8,-0.01,532,574560,卖盘
227,14:43:15,10.81,--,10,10810,买盘
228,14:43:09,10.81,0.01,20,21620,买盘
229,14:43:06,10.8,-0.01,22,23760,卖盘
230,14:43:03,10.81,-0.01,9,9729,卖盘
231,14:43:00,10.82,0.02,30,32460,买盘
232,14:42:54,10.8,-0.01,76,82080,卖盘
233,14:42:51,10.81,-0.01,29,31349,卖盘
234,14:42:48,10.82,--,208,225056,买盘
235,14:42:45,10.82,0.01,9,9738,买盘
236,14:42:42,10.81,--,4,4324,卖盘
237,14:42:39,10.81,-0.01,10,10810,卖盘
238,14:42:36,10.82,0.01,18,19476,买盘
239,14:42:33,10.81,--,12,12972,卖盘
240,14:42:30,10.81,--,13,14053,卖盘
241,14:42:27,10.81,-0.01,9,9729,卖盘
242,14:42:24,10.82,0.01,1,1082,买盘
243,14:42:21,10.81,0.01,58,62698,卖盘
244,14:42:18,10.8,-0.01,507,547560,卖盘
245,14:42:15,10.81,--,379,409699,买盘
246,14:42:12,10.81,0.01,10,10810,买盘
247,14:42:09,10.8,--,4,4320,卖盘
248,14:42:03,10.8,--,10,10800,卖盘
249,14:42:00,10.8,--,2,2160,卖盘
250,14:41:57,10.8,-0.01,121,130680,卖盘
251,14:41:45,10.81,0.01,127,137719,买盘
252,14:41:42,10.8,-0.01,19,20520,卖盘
253,14:41:36,10.81,0.01,13,14053,买盘
254,14:41:33,10.8,--,7,7560,卖盘
255,14:41:30,10.8,-0.01,1,1080,卖盘
256,14:41:27,10.81,--,8,8648,买盘
257,14:41:24,10.81,0.01,1,1081,买盘
258,14:41:21,10.8,-0.01,62,66960,卖盘
259,14:41:18,10.81,--,10,10810,买盘
260,14:41:06,10.81,0.01,1,1081,买盘
261,14:41:00,10.8,--,10,10800,卖盘
262,14:40:57,10.8,--,48,51840,卖盘
263,14:40:51,10.8,--,5,5400,卖盘
264,14:40:48,10.8,-0.01,23,24840,卖盘
265,14:40:45,10.81,0.01,627,677787,买盘
266,14:40:39,10.8,-0.01,10,10800,卖盘
267,14:40:36,10.81,0.01,15,16215,买盘
268,14:40:33,10.8,--,20,21600,卖盘
269,14:40:27,10.8,--,376,406080,卖盘
270,14:40:24,10.8,--,4,4320,卖盘
271,14:40:18,10.8,--,2,2160,卖盘
272,14:40:15,10.8,--,17,18360,买盘
273,14:40:09,10.8,--,63,68040,卖盘
274,14:40:06,10.8,--,93,100440,买盘
275,14:40:03,10.8,--,38,41040,买盘
276,14:40:00,10.8,-0.01,369,398520,卖盘
277,14:39:57,10.81,--,87,94047,买盘
278,14:39:54,10.81,0.01,10,10810,买盘
279,14:39:45,10.8,--,45,48600,卖盘
280,14:39:42,10.8,-0.01,2,2160,卖盘
281,14:39:39,10.81,--,1,1081,买盘
282,14:39:33,10.81,--,4,4324,买盘
283,14:39:30,10.81,--,10,10810,买盘
284,14:39:27,10.81,--,69,74589,买盘
285,14:39:24,10.81,--,20,21620,买盘
286,14:39:21,10.81,0.01,32,34592,买盘
287,14:39:18,10.8,-0.01,8,8640,卖盘
288,14:39:15,10.81,0.01,24,25944,买盘
289,14:39:12,10.8,--,50,54000,卖盘
290,14:39:06,10.8,-0.01,88,95040,卖盘
291,14:39:00,10.81,0.01,6,6486,中性盘
292,14:38:45,10.8,-0.02,20,21600,卖盘
293,14:38:42,10.82,0.02,2,2164,买盘
294,14:38:39,10.8,-0.02,30,32400,卖盘
295,14:38:36,10.82,--,30,32460,买盘
296,14:38:33,10.82,0.02,8,8656,买盘
297,14:38:27,10.8,-0.02,16,17280,卖盘
298,14:38:24,10.82,--,11,11902,买盘
299,14:38:21,10.82,0.02,1,1082,买盘
300,14:38:18,10.8,-0.02,10,10800,卖盘
301,14:38:15,10.82,0.01,200,216400,买盘
302,14:38:12,10.81,0.01,12,12972,买盘
303,14:38:09,10.8,-0.01,20,21600,卖盘
304,14:38:03,10.81,0.01,180,194580,买盘
305,14:38:00,10.8,--,17,18360,卖盘
306,14:37:54,10.8,--,50,54000,卖盘
307,14:37:48,10.8,--,119,128520,卖盘
308,14:37:45,10.8,--,144,155520,买盘
309,14:37:42,10.8,--,8,8640,买盘
310,14:37:39,10.8,--,10,10800,买盘
311,14:37:36,10.8,--,8,8640,买盘
312,14:37:33,10.8,--,80,86400,买盘
313,14:37:30,10.8,--,155,167400,买盘
314,14:37:27,10.8,--,10,10800,买盘
315,14:37:24,10.8,--,12,12960,买盘
316,14:37:21,10.8,--,9,9720,买盘
317,14:37:18,10.8,--,381,411480,卖盘
318,14:37:15,10.8,--,10,10800,卖盘
319,14:37:09,10.8,-0.01,2,2160,卖盘
320,14:37:06,10.81,--,31,33511,买盘
321,14:36:57,10.81,0.01,8,8648,买盘
322,14:36:54,10.8,--,48,51840,卖盘
323,14:36:51,10.8,-0.01,123,132840,卖盘
324,14:36:39,10.81,0.01,2,2162,买盘
325,14:36:36,10.8,-0.01,4,4320,卖盘
326,14:36:33,10.81,0.01,8,8648,买盘
327,14:36:30,10.8,-0.01,21,22680,卖盘
328,14:36:27,10.81,--,8,8648,买盘
329,14:36:21,10.81,0.01,9,9729,买盘
330,14:36:18,10.8,--,5,5400,卖盘
331,14:36:09,10.8,-0.01,12,12960,卖盘
332,14:36:06,10.81,0.01,6,6486,买盘
333,14:36:00,10.8,--,5,5400,卖盘
334,14:35:54,10.8,--,33,35640,卖盘
335,14:35:51,10.8,--,22,23760,卖盘
336,14:35:42,10.8,--,2,2160,卖盘
337,14:35:39,10.8,-0.02,166,179280,卖盘
338,14:35:30,10.82,0.01,66,71412,买盘
339,14:35:24,10.81,--,6,6486,买盘
340,14:35:21,10.81,--,50,54050,买盘
341,14:35:18,10.81,--,100,108100,买盘
342,14:35:15,10.81,0.01,13,14053,买盘
343,14:35:09,10.8,--,161,173880,卖盘
344,14:35:06,10.8,-0.01,4,4320,卖盘
345,14:35:03,10.81,--,6,6486,买盘
346,14:35:00,10.81,--,45,48645,买盘
347,14:34:57,10.81,0.01,17,18377,买盘
348,14:34:54,10.8,-0.01,1,1080,卖盘
349,14:34:51,10.81,--,25,27025,买盘
350,14:34:45,10.81,--,41,44321,买盘
351,14:34:42,10.81,--,11,11891,买盘
352,14:34:39,10.81,--,121,131038,卖盘
353,14:34:36,10.81,-0.02,2,2162,卖盘
354,14:34:33,10.83,0.02,10,10830,买盘
355,14:34:27,10.81,--,54,58374,卖盘
356,14:34:24,10.81,-0.02,40,43240,卖盘
357,14:34:21,10.83,0.01,134,145122,买盘
358,14:34:18,10.82,--,463,500966,买盘
359,14:34:15,10.82,0.01,9,9738,买盘
360,14:34:12,10.81,-0.01,240,259440,卖盘
361,14:34:09,10.82,0.01,8,8656,买盘
362,14:34:06,10.81,0.01,151,164074,买盘
363,14:34:03,10.8,-0.01,2,2160,卖盘
364,14:34:00,10.81,--,16,17296,买盘
365,14:33:42,10.81,--,53,57530,卖盘
366,14:33:39,10.81,--,94,101614,卖盘
367,14:33:36,10.81,-0.01,40,43240,卖盘
368,14:33:33,10.82,0.01,54,58428,买盘
369,14:33:30,10.81,--,28,30268,卖盘
370,14:33:27,10.81,--,25,27025,卖盘
371,14:33:24,10.81,--,70,76513,买盘
372,14:33:21,10.81,0.01,1,1081,买盘
373,14:33:12,10.8,-0.01,10,10800,卖盘
374,14:33:06,10.81,--,148,160225,卖盘
375,14:33:03,10.81,--,12,12972,卖盘
376,14:33:00,10.81,--,9,9729,卖盘
377,14:32:57,10.81,0.01,524,566444,买盘
378,14:32:54,10.8,--,5,5400,卖盘
379,14:32:51,10.8,--,68,73440,卖盘
380,14:32:48,10.8,0.01,390,422042,买盘
381,14:32:45,10.79,0.01,48,51791,买盘
382,14:32:42,10.78,-0.01,81,87318,卖盘
383,14:32:36,10.79,0.01,130,140270,买盘
384,14:32:33,10.78,-0.01,2,2156,卖盘
385,14:32:30,10.79,0.01,101,108978,买盘
386,14:32:27,10.78,0.01,102,109956,买盘
387,14:32:24,10.77,0.01,831,894987,买盘
388,14:32:21,10.76,-0.01,21,22596,卖盘
389,14:32:18,10.77,0.01,13,14001,买盘
390,14:32:15,10.76,0.01,412,443312,买盘
391,14:32:12,10.75,-0.01,51,54825,卖盘
392,14:32:09,10.76,0.01,10,10760,买盘
393,14:32:06,10.75,--,5,5375,卖盘
394,14:32:03,10.75,-0.01,5,5375,卖盘
395,14:32:00,10.76,--,22,23672,买盘
396,14:31:57,10.76,--,541,582116,卖盘
397,14:31:51,10.76,--,108,116208,卖盘
398,14:31:48,10.76,--,11,11836,卖盘
399,14:31:45,10.76,--,161,173236,卖盘
400,14:31:42,10.76,-0.01,1,1076,卖盘
401,14:31:39,10.77,0.01,39,42003,买盘
402,14:31:36,10.76,--,4,4304,卖盘
403,14:31:33,10.76,-0.01,28,30128,卖盘
404,14:31:27,10.77,--,26,28002,买盘
405,14:31:24,10.77,--,7,7539,买盘
406,14:31:21,10.77,0.01,2,2154,买盘
407,14:31:18,10.76,--,15,16140,卖盘
408,14:31:12,10.76,-0.01,2,2152,卖盘
409,14:31:09,10.77,0.01,3,3231,买盘
410,14:31:06,10.76,--,205,220580,卖盘
411,14:31:03,10.76,-0.01,2,2152,卖盘
412,14:31:00,10.77,--,17,18309,买盘
413,14:30:57,10.77,-0.01,220,236940,卖盘
414,14:30:54,10.78,--,49,52822,买盘
415,14:30:48,10.78,0.01,17,18326,买盘
416,14:30:45,10.77,--,5,5385,卖盘
417,14:30:42,10.77,-0.01,130,140010,卖盘
418,14:30:39,10.78,0.01,10,10780,买盘
419,14:30:36,10.77,--,10,10770,卖盘
420,14:30:33,10.77,--,2,2154,卖盘
421,14:30:30,10.77,--,119,128163,买盘
422,14:30:24,10.77,--,24,25848,买盘
423,14:30:21,10.77,--,14,15078,买盘
424,14:30:18,10.77,--,8,8616,买盘
425,14:30:15,10.77,--,182,196014,买盘
426,14:30:12,10.77,0.01,35,37695,买盘
427,14:30:09,10.76,--,97,104372,卖盘
428,14:30:06,10.76,--,50,53800,卖盘
429,14:30:03,10.76,--,34,36584,买盘
430,14:30:00,10.76,--,23,24748,买盘
431,14:29:57,10.76,--,46,49496,买盘
432,14:29:51,10.76,--,133,143108,买盘
433,14:29:48,10.76,0.01,30,32280,买盘
434,14:29:45,10.75,-0.01,5,5375,卖盘
435,14:29:42,10.76,--,46,49496,买盘
436,14:29:39,10.76,-0.01,828,890928,卖盘
437,14:29:33,10.77,--,30,32310,买盘
438,14:29:21,10.77,0.01,355,382335,买盘
439,14:29:18,10.76,--,85,91460,卖盘
440,14:29:15,10.76,--,47,50572,卖盘
441,14:29:09,10.76,-0.01,2,2152,卖盘
442,14:29:06,10.77,--,7,7539,买盘
443,14:29:03,10.77,0.01,11,11847,买盘
444,14:29:00,10.76,-0.01,65,69940,卖盘
445,14:28:57,10.77,--,84,90468,买盘
446,14:28:51,10.77,--,266,286482,卖盘
447,14:28:48,10.77,-0.01,28,30156,卖盘
448,14:28:45,10.78,0.01,202,217756,买盘
449,14:28:39,10.77,-0.01,24,25848,卖盘
450,14:28:36,10.78,0.01,9,9702,买盘
451,14:28:33,10.77,--,27,29079,卖盘
452,14:28:27,10.77,-0.01,50,53850,卖盘
453,14:28:21,10.78,--,26,28028,买盘
454,14:28:15,10.78,-0.01,42,45276,卖盘
455,14:28:12,10.79,0.01,40,43160,买盘
456,14:28:09,10.78,-0.01,21,22638,卖盘
457,14:28:06,10.79,0.01,78,84162,买盘
458,14:28:03,10.78,-0.01,18,19404,卖盘
459,14:27:57,10.79,0.01,18,19422,买盘
460,14:27:51,10.78,0.01,58,62523,买盘
461,14:27:48,10.77,-0.01,22,23694,卖盘
462,14:27:45,10.78,--,10,10780,买盘
463,14:27:39,10.78,-0.01,14,15092,卖盘
464,14:27:33,10.79,0.01,8,8632,买盘
465,14:27:30,10.78,--,55,59290,卖盘
466,14:27:24,10.78,--,20,21560,卖盘
467,14:27:21,10.78,--,18,19404,卖盘
468,14:27:18,10.78,-0.01,9,9702,卖盘
469,14:27:15,10.79,0.01,3,3236,买盘
470,14:27:12,10.78,-0.01,100,107800,卖盘
471,14:27:09,10.79,0.01,6,6473,买盘
472,14:27:03,10.78,-0.01,30,32339,卖盘
473,14:26:57,10.79,0.01,52,56107,买盘
474,14:26:54,10.78,--,1,1078,卖盘
475,14:26:51,10.78,-0.01,2,2156,卖盘
476,14:26:48,10.79,0.01,11,11868,买盘
477,14:26:45,10.78,-0.01,131,141218,卖盘
478,14:26:42,10.79,0.01,16,17264,买盘
479,14:26:39,10.78,-0.01,122,131516,卖盘
480,14:26:33,10.79,--,41,44239,卖盘
481,14:26:30,10.79,--,1,1079,卖盘
482,14:26:21,10.79,-0.01,32,34528,卖盘
483,14:26:18,10.8,0.01,1,1080,买盘
484,14:26:15,10.79,--,9,9711,卖盘
485,14:26:12,10.79,--,4,4316,卖盘
486,14:26:03,10.79,--,54,58265,卖盘
487,14:26:00,10.79,--,80,86320,卖盘
488,14:25:54,10.79,--,112,120847,买盘
489,14:25:48,10.79,0.01,18,19422,买盘
490,14:25:45,10.78,-0.01,18,19404,卖盘
491,14:25:36,10.79,--,100,107899,买盘
492,14:25:33,10.79,0.01,46,49633,买盘
493,14:25:30,10.78,0.01,1,1078,卖盘
494,14:25:24,10.77,-0.01,48,51696,卖盘
495,14:25:21,10.78,--,1,1078,买盘
496,14:25:18,10.78,0.01,178,191884,买盘
497,14:25:15,10.77,-0.01,21,22617,卖盘
498,14:25:12,10.78,0.01,49,52822,买盘
499,14:25:09,10.77,-0.01,12,12924,卖盘
500,14:25:06,10.78,0.01,9,9702,买盘
501,14:25:03,10.77,--,21,22617,卖盘
502,14:25:00,10.77,--,49,52773,卖盘
503,14:24:57,10.77,--,5,5385,卖盘
504,14:24:54,10.77,-0.01,84,90468,卖盘
505,14:24:51,10.78,--,11,11858,买盘
506,14:24:45,10.78,--,19,20482,卖盘
507,14:24:42,10.78,--,6,6468,买盘
508,14:24:39,10.78,--,21,22638,卖盘
509,14:24:36,10.78,--,26,28028,卖盘
510,14:24:33,10.78,--,110,118580,卖盘
511,14:24:27,10.78,-0.01,17,18326,卖盘
512,14:24:18,10.79,0.01,1,1079,买盘
513,14:24:15,10.78,--,7,7546,卖盘
514,14:24:09,10.78,--,52,56056,卖盘
515,14:23:57,10.78,-0.01,130,140140,卖盘
516,14:23:54,10.79,--,10,10790,买盘
517,14:23:48,10.79,--,10,10790,买盘
518,14:23:45,10.79,-0.01,306,330174,卖盘
519,14:23:42,10.8,0.01,137,147960,买盘
520,14:23:39,10.79,--,4,4316,卖盘
521,14:23:36,10.79,--,26,28053,卖盘
522,14:23:33,10.79,-0.01,9,9711,卖盘
523,14:23:30,10.8,--,48,51840,买盘
524,14:23:18,10.8,0.01,1,1080,中性盘
525,14:23:15,10.79,-0.01,117,126242,卖盘
526,14:23:06,10.8,-0.01,10,10800,中性盘
527,14:22:54,10.81,--,11,11891,买盘
528,14:22:51,10.81,0.01,46,49726,买盘
529,14:22:45,10.8,-0.01,1,1080,卖盘
530,14:22:42,10.81,0.01,260,281060,买盘
531,14:22:39,10.8,--,30,32400,卖盘
532,14:22:36,10.8,-0.01,200,216000,卖盘
533,14:22:33,10.81,0.01,10,10810,买盘
534,14:22:27,10.8,-0.01,12,12960,卖盘
535,14:22:21,10.81,--,95,102695,买盘
536,14:22:15,10.81,--,120,130238,卖盘
537,14:22:12,10.81,-0.01,173,187013,卖盘
538,14:22:09,10.82,0.01,38,41116,买盘
539,14:22:06,10.81,--,10,10810,卖盘
540,14:22:03,10.81,--,27,29187,卖盘
541,14:22:00,10.81,-0.01,2,2162,卖盘
542,14:21:57,10.82,0.01,10,10820,买盘
543,14:21:51,10.81,--,42,45402,卖盘
544,14:21:48,10.81,-0.01,205,221605,卖盘
545,14:21:45,10.82,--,10,10820,买盘
546,14:21:42,10.82,--,1,1082,买盘
547,14:21:39,10.82,--,205,221810,卖盘
548,14:21:30,10.82,--,1,1082,卖盘
549,14:21:24,10.82,-0.01,2,2164,卖盘
550,14:21:09,10.83,0.01,39,42237,买盘
551,14:21:06,10.82,--,1,1082,卖盘
552,14:21:03,10.82,--,54,58428,卖盘
553,14:21:00,10.82,--,1,1082,卖盘
554,14:20:57,10.82,--,2,2164,买盘
555,14:20:54,10.82,--,5,5410,买盘
556,14:20:51,10.82,-0.01,1,1082,中性盘
557,14:20:45,10.83,0.02,28,30453,买盘
558,14:20:42,10.81,-0.01,109,117829,卖盘
559,14:20:36,10.82,--,31,33542,买盘
560,14:20:24,10.82,--,108,116856,买盘
561,14:20:21,10.82,-0.01,30,33412,卖盘
562,14:20:18,10.83,0.01,1,1083,买盘
563,14:20:06,10.82,0.01,106,114821,买盘
564,14:20:03,10.81,-0.01,121,130801,卖盘
565,14:20:00,10.82,0.01,30,32460,买盘
566,14:19:57,10.81,-0.01,25,27025,卖盘
567,14:19:51,10.82,--,56,60592,买盘
568,14:19:48,10.82,--,1,1082,买盘
569,14:19:45,10.82,--,29,31378,买盘
570,14:19:42,10.82,--,7,7574,买盘
571,14:19:39,10.82,--,43,46526,买盘
572,14:19:36,10.82,0.01,2,2164,买盘
573,14:19:33,10.81,-0.01,6,6486,卖盘
574,14:19:24,10.82,--,25,27050,买盘
575,14:19:15,10.82,0.01,25,27050,买盘
576,14:19:09,10.81,-0.01,147,158907,卖盘
577,14:19:03,10.82,0.01,10,10820,买盘
578,14:19:00,10.81,--,8,8648,卖盘
579,14:18:51,10.81,--,10,10810,卖盘
580,14:18:48,10.81,--,50,54050,卖盘
581,14:18:42,10.81,--,6,6486,卖盘
582,14:18:39,10.81,0.01,74,80426,买盘
583,14:18:36,10.8,--,57,61560,卖盘
584,14:18:27,10.8,-0.01,10,10800,卖盘
585,14:18:24,10.81,--,8,8648,买盘
586,14:18:21,10.81,--,1,1081,买盘
587,14:18:18,10.81,0.01,201,217281,买盘
588,14:18:12,10.8,--,25,27000,卖盘
589,14:18:09,10.8,--,11,11880,卖盘
590,14:18:06,10.8,--,174,187920,卖盘
591,14:18:00,10.8,--,204,220320,卖盘
592,14:17:57,10.8,--,46,49680,卖盘
593,14:17:54,10.8,--,3,3240,卖盘
594,14:17:51,10.8,--,13,14040,卖盘
595,14:17:36,10.8,-0.01,1,1080,卖盘
596,14:17:33,10.81,0.01,5,5405,买盘
597,14:17:27,10.8,-0.01,15,16200,卖盘
598,14:17:24,10.81,--,3,3243,买盘
599,14:17:21,10.81,--,1,1081,买盘
600,14:17:12,10.81,--,16,17296,卖盘
601,14:17:06,10.81,--,115,124315,卖盘
602,14:17:03,10.81,--,17,18377,卖盘
603,14:16:51,10.81,-0.01,5,5405,卖盘
604,14:16:42,10.82,--,6,6492,买盘
605,14:16:39,10.82,--,6,6492,买盘
606,14:16:36,10.82,0.01,91,98462,买盘
607,14:16:33,10.81,-0.01,10,10810,卖盘
608,14:16:27,10.82,0.01,101,109282,买盘
609,14:16:24,10.81,--,8,9685,卖盘
610,14:16:21,10.81,--,33,35673,卖盘
611,14:16:18,10.81,--,19,20539,卖盘
612,14:16:15,10.81,--,23,24863,卖盘
613,14:16:12,10.81,--,7,7610,买盘
614,14:16:06,10.81,--,20,21620,买盘
615,14:16:03,10.81,--,28,30268,买盘
616,14:16:00,10.81,--,301,326418,卖盘
617,14:15:54,10.81,--,9,9729,卖盘
618,14:15:51,10.81,-0.01,19,20539,卖盘
619,14:15:42,10.82,0.01,8,8656,买盘
620,14:15:36,10.81,-0.01,7,7567,卖盘
621,14:15:33,10.82,--,15,17225,卖盘
622,14:15:27,10.82,--,4,4328,卖盘
623,14:15:21,10.82,--,10,10820,卖盘
624,14:15:18,10.82,--,17,18394,卖盘
625,14:15:15,10.82,--,2,2164,卖盘
626,14:15:09,10.82,0.01,6,6578,买盘
627,14:15:06,10.81,-0.01,3,3243,卖盘
628,14:15:00,10.82,--,45,48690,买盘
629,14:14:54,10.82,--,253,274741,卖盘
630,14:14:48,10.82,--,39,42198,卖盘
631,14:14:45,10.82,--,4,4328,卖盘
632,14:14:39,10.82,--,7,7574,卖盘
633,14:14:33,10.82,--,100,108200,卖盘
634,14:14:27,10.82,--,1,1082,卖盘
635,14:14:24,10.82,--,11,11902,卖盘
636,14:14:18,10.82,--,25,27050,卖盘
637,14:14:15,10.82,--,16,17312,卖盘
638,14:14:12,10.82,--,30,32460,卖盘
639,14:14:06,10.82,--,10,10820,卖盘
640,14:14:03,10.82,--,121,130922,卖盘
641,14:13:57,10.82,--,10,10820,卖盘
642,14:13:51,10.82,--,388,419902,卖盘
643,14:13:42,10.82,--,129,139578,卖盘
644,14:13:33,10.82,-0.01,3,3246,卖盘
645,14:13:30,10.83,--,19,20577,买盘
646,14:13:15,10.83,0.01,12,12996,买盘
647,14:13:12,10.82,--,1,1082,买盘
648,14:13:06,10.82,--,30,32460,买盘
649,14:13:03,10.82,--,68,73576,买盘
650,14:13:00,10.82,--,33,35706,买盘
651,14:12:57,10.82,--,50,54100,买盘
652,14:12:54,10.82,--,35,37870,买盘
653,14:12:51,10.82,0.01,27,29214,买盘
654,14:12:48,10.81,--,5,5405,卖盘
655,14:12:42,10.81,--,10,10810,卖盘
656,14:12:36,10.81,-0.01,108,116748,卖盘
657,14:12:33,10.82,--,3,3246,买盘
658,14:12:24,10.82,-0.01,8,8656,中性盘
659,14:12:21,10.83,0.02,21,22743,买盘
660,14:12:18,10.81,-0.01,9,9729,卖盘
661,14:12:15,10.82,0.01,20,21640,买盘
662,14:12:12,10.81,-0.01,5,5405,卖盘
663,14:12:09,10.82,0.01,5,5410,买盘
664,14:12:06,10.81,--,20,21620,卖盘
665,14:12:03,10.81,--,13,14053,卖盘
666,14:12:00,10.81,--,96,103776,卖盘
667,14:11:51,10.81,--,12,12972,卖盘
668,14:11:48,10.81,-0.01,33,35673,卖盘
669,14:11:33,10.82,0.01,219,236958,买盘
670,14:11:21,10.81,--,11,11891,卖盘
671,14:11:18,10.81,--,35,37835,卖盘
672,14:11:15,10.81,--,11,11891,卖盘
673,14:11:12,10.81,-0.01,32,34592,卖盘
674,14:11:09,10.82,0.01,10,10820,买盘
675,14:11:06,10.81,-0.01,200,216200,卖盘
676,14:11:03,10.82,0.01,12,12984,买盘
677,14:11:00,10.81,--,27,29187,卖盘
678,14:10:57,10.81,--,60,64860,卖盘
679,14:10:54,10.81,--,17,18377,卖盘
680,14:10:51,10.81,-0.01,249,269169,卖盘
681,14:10:48,10.82,--,8,8656,买盘
682,14:10:45,10.82,--,108,116856,买盘
683,14:10:42,10.82,0.01,3,3246,买盘
684,14:10:39,10.81,--,41,44321,卖盘
685,14:10:36,10.81,-0.01,139,150259,卖盘
686,14:10:33,10.82,0.01,8,8656,买盘
687,14:10:30,10.81,-0.01,128,138368,卖盘
688,14:10:27,10.82,--,43,46526,买盘
689,14:10:24,10.82,0.01,228,246696,买盘
690,14:10:21,10.81,--,53,57293,卖盘
691,14:10:18,10.81,-0.01,127,137287,卖盘
692,14:10:15,10.82,--,1,1082,买盘
693,14:10:12,10.82,0.01,24,25968,买盘
694,14:10:03,10.81,-0.01,78,84318,卖盘
695,14:09:45,10.82,--,182,196924,卖盘
696,14:09:42,10.82,-0.01,300,324600,卖盘
697,14:09:39,10.83,--,1,1083,买盘
698,14:09:36,10.83,0.01,3,3249,买盘
699,14:09:33,10.82,--,36,38952,卖盘
700,14:09:27,10.82,-0.01,37,40034,卖盘
701,14:09:21,10.83,--,32,34656,买盘
702,14:09:15,10.83,--,1,1083,买盘
703,14:09:09,10.83,--,11,11913,卖盘
704,14:09:06,10.83,--,100,108300,卖盘
705,14:09:03,10.83,--,6,6498,卖盘
706,14:09:00,10.83,--,18,19494,卖盘
707,14:08:57,10.83,-0.01,16,17328,卖盘
708,14:08:54,10.84,0.01,10,10840,买盘
709,14:08:51,10.83,--,174,188442,卖盘
710,14:08:30,10.83,--,9,9747,卖盘
711,14:08:27,10.83,--,10,10830,卖盘
712,14:08:24,10.83,-0.01,15,16245,卖盘
713,14:08:15,10.84,--,4,4336,买盘
714,14:08:09,10.84,--,6,6504,买盘
715,14:08:06,10.84,--,2,2168,买盘
716,14:07:51,10.84,--,36,39024,买盘
717,14:07:48,10.84,--,41,44444,卖盘
718,14:07:42,10.84,--,200,216800,卖盘
719,14:07:36,10.84,--,44,47696,卖盘
720,14:07:33,10.84,-0.01,1,1084,卖盘
721,14:07:30,10.85,--,3,3255,买盘
722,14:07:27,10.85,0.01,10,10850,买盘
723,14:07:15,10.84,-0.01,11,11924,卖盘
724,14:07:09,10.85,--,2,2170,买盘
725,14:06:57,10.85,0.01,1,1085,买盘
726,14:06:48,10.84,-0.01,10,10840,卖盘
727,14:06:42,10.85,--,8,8680,买盘
728,14:06:39,10.85,0.01,8,8680,买盘
729,14:06:30,10.84,-0.01,1,1084,卖盘
730,14:06:27,10.85,0.01,11,11935,买盘
731,14:06:24,10.84,-0.01,1,1084,卖盘
732,14:06:18,10.85,0.01,1,1085,买盘
733,14:06:03,10.84,--,1,1084,卖盘
734,14:06:00,10.84,-0.01,12,13008,卖盘
735,14:05:54,10.85,0.01,240,260400,买盘
736,14:05:51,10.84,-0.01,17,18428,卖盘
737,14:05:45,10.85,0.01,18,19530,买盘
738,14:05:42,10.84,-0.01,27,29268,卖盘
739,14:05:39,10.85,--,2,2170,买盘
740,14:05:30,10.85,--,10,10850,买盘
741,14:05:18,10.85,0.01,21,22785,买盘
742,14:04:57,10.84,-0.01,50,54200,卖盘
743,14:04:51,10.85,-0.01,7,7595,卖盘
744,14:04:42,10.86,--,18,19548,买盘
745,14:04:36,10.86,--,20,21720,买盘
746,14:04:33,10.86,0.01,30,32580,买盘
747,14:04:24,10.85,--,12,13020,买盘
748,14:04:18,10.85,0.01,23,24955,买盘
749,14:04:15,10.84,-0.02,11,11924,卖盘
750,14:04:12,10.86,--,128,139008,买盘
751,14:04:06,10.86,--,20,21720,买盘
752,14:04:00,10.86,0.02,33,35838,买盘
753,14:03:51,10.84,-0.02,100,108400,卖盘
754,14:03:48,10.86,0.02,45,48870,买盘
755,14:03:42,10.84,--,31,33604,卖盘
756,14:03:39,10.84,-0.01,20,21680,卖盘
757,14:03:36,10.85,--,8,8680,卖盘
758,14:03:30,10.85,--,182,197470,买盘
759,14:03:27,10.85,0.01,252,273420,买盘
760,14:03:21,10.84,-0.01,500,542000,卖盘
761,14:03:18,10.85,--,1,1085,买盘
762,14:03:09,10.85,-0.01,48,52080,卖盘
763,14:03:06,10.86,0.01,10,10860,买盘
764,14:03:03,10.85,-0.01,37,40145,中性盘
765,14:02:57,10.86,0.02,75,81450,买盘
766,14:02:48,10.84,--,1,1084,卖盘
767,14:02:45,10.84,-0.01,32,34688,卖盘
768,14:02:42,10.85,--,24,26040,买盘
769,14:02:36,10.85,--,52,56420,卖盘
770,14:02:33,10.85,0.01,38,41230,中性盘
771,14:02:27,10.84,-0.01,1,1084,卖盘
772,14:02:21,10.85,-0.01,2,2170,卖盘
773,14:02:18,10.86,--,12,13032,买盘
774,14:02:15,10.86,0.02,5,5430,买盘
775,14:02:09,10.84,--,37,40108,卖盘
776,14:02:06,10.84,--,9,9756,卖盘
777,14:02:03,10.84,-0.02,10,10840,卖盘
778,14:02:00,10.86,--,43,46698,买盘
779,14:01:57,10.86,0.02,63,68418,买盘
780,14:01:54,10.84,-0.01,57,61788,卖盘
781,14:01:51,10.85,--,215,233275,买盘
782,14:01:48,10.85,0.01,132,143220,买盘
783,14:01:45,10.84,-0.01,10,10840,卖盘
784,14:01:39,10.85,--,55,59675,买盘
785,14:01:36,10.85,--,11,11935,买盘
786,14:01:33,10.85,--,47,50995,买盘
787,14:01:30,10.85,0.01,25,27125,买盘
788,14:01:27,10.84,--,9,9756,卖盘
789,14:01:24,10.84,-0.01,221,239564,卖盘
790,14:01:18,10.85,0.01,230,249550,买盘
791,14:01:15,10.84,-0.01,17,18428,卖盘
792,14:01:12,10.85,--,269,291865,买盘
793,14:01:00,10.85,0.01,44,47740,买盘
794,14:00:54,10.84,--,9,9756,卖盘
795,14:00:39,10.84,-0.01,110,119240,卖盘
796,14:00:36,10.85,--,17,18445,买盘
797,14:00:33,10.85,0.01,1,1085,买盘
798,14:00:24,10.84,--,21,22764,卖盘
799,14:00:21,10.84,--,52,56368,卖盘
800,14:00:12,10.84,-0.01,3,3252,卖盘
801,14:00:06,10.85,0.01,67,72695,买盘
802,14:00:00,10.84,-0.01,10,10840,卖盘
803,13:59:57,10.85,0.01,10,10850,买盘
804,13:59:45,10.84,-0.01,10,10840,卖盘
805,13:59:42,10.85,0.01,10,10850,买盘
806,13:59:39,10.84,-0.01,10,10840,卖盘
807,13:59:36,10.85,0.01,41,44485,买盘
808,13:59:33,10.84,-0.01,10,10840,卖盘
809,13:59:30,10.85,0.01,112,121520,买盘
810,13:59:27,10.84,-0.01,45,48780,卖盘
811,13:59:24,10.85,0.01,44,47740,买盘
812,13:59:15,10.84,-0.01,7,7588,卖盘
813,13:59:12,10.85,--,101,109585,买盘
814,13:59:09,10.85,--,71,77035,买盘
815,13:59:06,10.85,--,100,108500,买盘
816,13:59:03,10.85,0.01,4,4340,买盘
817,13:58:57,10.84,-0.01,2,2168,卖盘
818,13:58:54,10.85,0.01,1,1085,买盘
819,13:58:51,10.84,--,22,23848,卖盘
820,13:58:48,10.84,-0.01,9,9756,卖盘
821,13:58:42,10.85,0.01,11,11935,买盘
822,13:58:36,10.84,-0.01,30,32520,卖盘
823,13:58:30,10.85,--,5,5425,买盘
824,13:58:15,10.85,--,2,2170,买盘
825,13:58:09,10.85,--,1,1085,买盘
826,13:58:00,10.85,--,12,13020,买盘
827,13:57:57,10.85,--,1,1085,买盘
828,13:57:45,10.85,0.01,10,10850,买盘
829,13:57:42,10.84,--,20,21680,卖盘
830,13:57:39,10.84,--,10,10840,卖盘
831,13:57:18,10.84,-0.01,20,21680,卖盘
832,13:57:15,10.85,0.01,1,1085,买盘
833,13:57:12,10.84,--,10,10840,卖盘
834,13:57:09,10.84,--,7,7588,卖盘
835,13:56:54,10.84,-0.01,93,100812,卖盘
836,13:56:51,10.85,--,146,158410,买盘
837,13:56:48,10.85,--,41,44485,买盘
838,13:56:36,10.85,--,100,108500,买盘
839,13:56:30,10.85,0.01,38,41230,买盘
840,13:56:27,10.84,--,25,27100,卖盘
841,13:56:24,10.84,-0.01,4,4336,卖盘
842,13:56:18,10.85,--,65,70525,买盘
843,13:56:15,10.85,0.01,1,1085,买盘
844,13:56:03,10.84,0.01,23,24932,买盘
845,13:56:00,10.83,--,22,23826,卖盘
846,13:55:54,10.83,-0.02,10,10830,卖盘
847,13:55:51,10.85,0.02,36,39060,买盘
848,13:55:48,10.83,--,19,20577,卖盘
849,13:55:42,10.83,--,30,32490,卖盘
850,13:55:39,10.83,-0.01,201,218571,卖盘
851,13:55:36,10.84,--,12,13008,买盘
852,13:55:33,10.84,--,5,5420,买盘
853,13:55:21,10.84,--,30,32715,卖盘
854,13:55:18,10.84,--,218,236312,卖盘
855,13:55:09,10.84,--,10,10840,卖盘
856,13:55:00,10.84,--,40,43360,卖盘
857,13:54:57,10.84,--,14,15176,卖盘
858,13:54:54,10.84,--,77,84356,买盘
859,13:54:51,10.84,0.01,10,10840,买盘
860,13:54:48,10.83,--,1,1083,卖盘
861,13:54:45,10.83,-0.01,30,32490,卖盘
862,13:54:42,10.84,--,33,35772,买盘
863,13:54:39,10.84,0.01,152,164768,买盘
864,13:54:30,10.83,-0.01,191,206853,卖盘
865,13:54:21,10.84,0.01,86,93224,买盘
866,13:54:18,10.83,--,10,10830,卖盘
867,13:54:15,10.83,--,46,49818,卖盘
868,13:54:12,10.83,-0.01,4,4332,卖盘
869,13:54:09,10.84,0.01,7,7588,买盘
870,13:54:06,10.83,-0.01,10,10830,卖盘
871,13:54:03,10.84,--,10,10840,买盘
872,13:53:57,10.84,0.01,30,32520,买盘
873,13:53:54,10.83,-0.01,55,59565,卖盘
874,13:53:51,10.84,--,35,37940,买盘
875,13:53:48,10.84,--,4,4336,买盘
876,13:53:36,10.84,0.01,44,47696,买盘
877,13:53:30,10.83,--,2,2166,卖盘
878,13:53:27,10.83,--,20,21660,卖盘
879,13:53:24,10.83,-0.01,29,31407,卖盘
880,13:53:21,10.84,--,9,9756,买盘
881,13:53:18,10.84,0.01,7,7588,买盘
882,13:53:15,10.83,-0.01,66,71478,卖盘
883,13:53:12,10.84,0.01,3,3252,买盘
884,13:53:09,10.83,--,46,49818,卖盘
885,13:53:00,10.83,-0.01,80,86640,卖盘
886,13:52:54,10.84,0.01,10,10840,买盘
887,13:52:51,10.83,-0.01,38,41154,卖盘
888,13:52:45,10.84,0.01,5,5420,买盘
889,13:52:42,10.83,-0.01,20,21660,卖盘
890,13:52:39,10.84,--,13,14092,买盘
891,13:52:36,10.84,0.01,64,69376,买盘
892,13:52:33,10.83,-0.01,12,12996,卖盘
893,13:52:24,10.84,0.01,20,21680,买盘
894,13:52:21,10.83,--,20,21660,卖盘
895,13:52:18,10.83,--,2,2166,卖盘
896,13:52:15,10.83,-0.01,3,3249,卖盘
897,13:52:12,10.84,--,8,8672,买盘
898,13:52:09,10.84,--,94,101896,买盘
899,13:52:06,10.84,--,8,8672,买盘
900,13:52:03,10.84,0.01,43,46612,买盘
901,13:52:00,10.83,-0.01,10,10830,卖盘
902,13:51:57,10.84,0.01,11,11924,买盘
903,13:51:54,10.83,-0.01,216,233928,卖盘
904,13:51:51,10.84,--,16,17344,买盘
905,13:51:48,10.84,--,20,21680,买盘
906,13:51:45,10.84,--,12,13008,买盘
907,13:51:42,10.84,--,20,21680,买盘
908,13:51:39,10.84,--,42,45528,买盘
909,13:51:36,10.84,--,385,417340,卖盘
910,13:51:33,10.84,--,22,23848,卖盘
911,13:51:30,10.84,-0.01,39,42276,卖盘
912,13:51:27,10.85,0.01,75,81375,买盘
913,13:51:24,10.84,-0.01,38,41192,卖盘
914,13:51:21,10.85,0.01,2,2170,买盘
915,13:51:18,10.84,--,31,33604,卖盘
916,13:51:12,10.84,--,21,22764,卖盘
917,13:51:09,10.84,--,71,76964,卖盘
918,13:51:00,10.84,--,12,13008,卖盘
919,13:50:57,10.84,--,20,21680,卖盘
920,13:50:54,10.84,--,50,54200,卖盘
921,13:50:42,10.84,--,32,34688,卖盘
922,13:50:33,10.84,-0.01,30,32520,卖盘
923,13:50:27,10.85,0.01,72,78120,买盘
924,13:50:24,10.84,-0.01,30,32520,卖盘
925,13:50:21,10.85,0.01,13,14105,买盘
926,13:50:15,10.84,-0.01,81,87804,卖盘
927,13:50:12,10.85,--,1,1085,买盘
928,13:50:09,10.85,0.01,11,11935,买盘
929,13:50:06,10.84,--,50,54200,卖盘
930,13:50:00,10.84,-0.01,5,5420,卖盘
931,13:49:51,10.85,--,20,21700,买盘
932,13:49:36,10.85,0.01,32,34720,买盘
933,13:49:30,10.84,-0.01,36,39024,卖盘
934,13:49:15,10.85,--,20,21700,买盘
935,13:49:12,10.85,--,49,53165,买盘
936,13:48:48,10.85,0.01,38,41230,买盘
937,13:48:42,10.84,--,99,107316,卖盘
938,13:48:24,10.84,-0.01,28,30352,卖盘
939,13:48:18,10.85,--,20,21700,买盘
940,13:48:12,10.85,--,500,542500,买盘
941,13:48:09,10.85,--,190,206150,卖盘
942,13:47:57,10.85,--,52,56420,卖盘
943,13:47:54,10.85,--,10,10850,卖盘
944,13:47:51,10.85,--,11,11935,卖盘
945,13:47:48,10.85,--,9,9765,卖盘
946,13:47:45,10.85,--,4,4340,卖盘
947,13:47:42,10.85,--,7,7595,卖盘
948,13:47:33,10.85,--,40,43400,卖盘
949,13:47:15,10.85,-0.01,111,120435,卖盘
950,13:47:12,10.86,--,41,44526,买盘
951,13:47:06,10.86,--,10,10860,买盘
952,13:46:48,10.86,0.01,129,140094,买盘
953,13:46:45,10.85,--,10,10850,卖盘
954,13:46:42,10.85,-0.01,1,1085,卖盘
955,13:46:36,10.86,0.01,21,22806,买盘
956,13:46:27,10.85,-0.01,274,297290,卖盘
957,13:46:24,10.86,0.01,52,56472,买盘
958,13:46:21,10.85,-0.01,207,224595,卖盘
959,13:46:15,10.86,--,28,30408,买盘
960,13:46:12,10.86,--,5,5430,买盘
961,13:46:09,10.86,--,70,76020,买盘
962,13:46:06,10.86,--,5,5430,买盘
963,13:46:03,10.86,--,3,3258,买盘
964,13:46:00,10.86,0.01,69,74934,买盘
965,13:45:54,10.85,-0.01,100,108500,卖盘
966,13:45:45,10.86,--,12,13032,买盘
967,13:45:42,10.86,--,18,19548,买盘
968,13:45:36,10.86,0.01,10,10860,买盘
969,13:45:33,10.85,--,5,5425,卖盘
970,13:45:27,10.85,-0.01,10,10850,卖盘
971,13:45:24,10.86,--,22,23892,买盘
972,13:45:15,10.86,--,8,8688,买盘
973,13:45:12,10.86,0.01,321,348606,买盘
974,13:45:06,10.85,-0.01,3,3255,卖盘
975,13:45:00,10.86,--,4,4344,买盘
976,13:44:54,10.86,0.01,13,14118,买盘
977,13:44:48,10.85,-0.01,7,7595,卖盘
978,13:44:45,10.86,--,59,64074,买盘
979,13:44:42,10.86,0.01,31,33666,买盘
980,13:44:36,10.85,--,10,10850,卖盘
981,13:44:33,10.85,--,92,99820,卖盘
982,13:44:18,10.85,-0.01,28,30380,卖盘
983,13:44:12,10.86,--,1,1086,买盘
984,13:44:03,10.86,--,24,26064,买盘
985,13:43:57,10.86,0.01,1,1086,买盘
986,13:43:48,10.85,-0.01,2,2170,卖盘
987,13:43:42,10.86,--,13,14118,买盘
988,13:43:39,10.86,--,28,30408,买盘
989,13:43:33,10.86,--,5,5430,买盘
990,13:43:30,10.86,0.01,21,22806,买盘
991,13:43:27,10.85,-0.01,60,65100,卖盘
992,13:43:21,10.86,--,19,20634,卖盘
993,13:43:15,10.86,--,368,399648,买盘
994,13:43:12,10.86,0.01,1,1086,买盘
995,13:43:06,10.85,-0.01,5,5425,卖盘
996,13:43:03,10.86,0.01,9,9774,买盘
997,13:42:42,10.85,-0.01,1,1085,卖盘
998,13:42:39,10.86,0.01,31,33666,买盘
999,13:42:36,10.85,--,27,29295,卖盘
1000,13:42:24,10.85,-0.01,5,5425,卖盘
1001,13:42:18,10.86,0.01,4,4344,买盘
1002,13:42:12,10.85,-0.01,1,1085,卖盘
1003,13:42:09,10.86,--,1,1086,买盘
1004,13:42:00,10.86,0.02,32,34752,买盘
1005,13:41:57,10.84,-0.02,11,11924,卖盘
1006,13:41:45,10.86,--,2,2172,买盘
1007,13:41:42,10.86,--,33,35838,买盘
1008,13:41:39,10.86,0.02,31,33666,买盘
1009,13:41:36,10.84,-0.02,2,2168,卖盘
1010,13:41:33,10.86,--,13,14118,买盘
1011,13:41:30,10.86,--,8,8688,买盘
1012,13:41:27,10.86,--,8,8688,买盘
1013,13:41:24,10.86,--,8,8688,买盘
1014,13:41:21,10.86,0.02,186,201996,买盘
1015,13:41:18,10.84,-0.01,22,23848,卖盘
1016,13:41:15,10.85,0.01,27,29295,中性盘
1017,13:41:09,10.84,-0.01,38,41192,卖盘
1018,13:41:06,10.85,--,15,16275,买盘
1019,13:41:03,10.85,0.01,8,8680,买盘
1020,13:40:57,10.84,--,21,22764,卖盘
1021,13:40:48,10.84,-0.01,3,3252,卖盘
1022,13:40:45,10.85,--,3,3255,买盘
1023,13:40:39,10.85,--,13,14105,买盘
1024,13:40:36,10.85,0.01,18,19530,买盘
1025,13:40:33,10.84,-0.01,20,21680,卖盘
1026,13:40:30,10.85,--,8,8680,买盘
1027,13:40:27,10.85,--,9,9765,买盘
1028,13:40:24,10.85,--,110,119350,买盘
1029,13:40:12,10.85,-0.01,30,32550,卖盘
1030,13:40:09,10.86,0.01,60,65160,买盘
1031,13:40:06,10.85,--,4,4340,卖盘
1032,13:40:03,10.85,-0.01,20,21700,卖盘
1033,13:40:00,10.86,--,112,121632,买盘
1034,13:39:54,10.86,0.01,10,10860,买盘
1035,13:39:48,10.85,-0.01,3,3255,卖盘
1036,13:39:45,10.86,0.01,27,29322,买盘
1037,13:39:42,10.85,-0.01,49,53165,卖盘
1038,13:39:36,10.86,--,13,14118,买盘
1039,13:39:33,10.86,0.01,25,27150,买盘
1040,13:39:24,10.85,--,9,9765,卖盘
1041,13:39:21,10.85,--,1,1085,卖盘
1042,13:39:18,10.85,-0.01,16,17360,卖盘
1043,13:39:12,10.86,--,15,16290,买盘
1044,13:39:09,10.86,0.02,1,1086,买盘
1045,13:39:00,10.84,--,109,118156,卖盘
1046,13:38:51,10.84,--,50,54200,卖盘
1047,13:38:48,10.84,-0.03,5,5420,卖盘
1048,13:38:45,10.87,0.03,216,234791,买盘
1049,13:38:42,10.84,--,2,2168,卖盘
1050,13:38:39,10.84,-0.01,90,97560,卖盘
1051,13:38:33,10.85,0.01,56,60760,买盘
1052,13:38:27,10.84,--,19,20596,卖盘
1053,13:38:24,10.84,--,15,16260,卖盘
1054,13:38:18,10.84,-0.01,13,14092,卖盘
1055,13:38:15,10.85,--,8,8680,买盘
1056,13:38:12,10.85,--,17,18445,买盘
1057,13:38:09,10.85,--,1,1085,买盘
1058,13:38:03,10.85,--,17,18445,买盘
1059,13:38:00,10.85,-0.01,157,170540,卖盘
1060,13:37:54,10.86,--,60,65160,买盘
1061,13:37:48,10.86,--,28,30408,买盘
1062,13:37:42,10.86,--,293,318198,卖盘
1063,13:37:39,10.86,--,10,10860,卖盘
1064,13:37:36,10.86,-0.01,5,5430,卖盘
1065,13:37:33,10.87,--,65,70655,买盘
1066,13:37:27,10.87,--,10,10870,买盘
1067,13:37:24,10.87,--,10,10870,买盘
1068,13:37:18,10.87,--,8,8696,买盘
1069,13:37:15,10.87,--,12,13043,买盘
1070,13:37:09,10.87,--,1,1087,买盘
1071,13:37:03,10.87,0.01,54,58697,买盘
1072,13:37:00,10.86,--,1,1086,卖盘
1073,13:36:54,10.86,--,35,38010,卖盘
1074,13:36:48,10.86,--,26,28236,卖盘
1075,13:36:45,10.86,--,5,5430,卖盘
1076,13:36:33,10.86,-0.01,10,10860,卖盘
1077,13:36:30,10.87,--,31,33697,买盘
1078,13:36:27,10.87,0.02,83,90221,买盘
1079,13:36:24,10.85,--,21,22785,卖盘
1080,13:36:21,10.85,-0.01,8,8680,卖盘
1081,13:36:09,10.86,0.01,1,1086,买盘
1082,13:36:00,10.85,0.01,40,44289,买盘
1083,13:35:54,10.84,-0.01,7,7588,卖盘
1084,13:35:51,10.85,--,164,178135,卖盘
1085,13:35:45,10.85,-0.01,34,36890,卖盘
1086,13:35:30,10.86,--,31,33666,买盘
1087,13:35:27,10.86,--,3,3258,买盘
1088,13:35:24,10.86,--,6,6516,买盘
1089,13:35:18,10.86,0.01,10,10860,中性盘
1090,13:35:12,10.85,--,14,15190,卖盘
1091,13:35:09,10.85,--,42,45570,卖盘
1092,13:35:03,10.85,--,17,18445,卖盘
1093,13:34:57,10.85,-0.01,200,217000,卖盘
1094,13:34:51,10.86,0.01,76,83426,买盘
1095,13:34:45,10.85,--,47,50995,卖盘
1096,13:34:42,10.85,--,2,2170,卖盘
1097,13:34:36,10.85,-0.01,7,7595,中性盘
1098,13:34:30,10.86,--,13,14118,买盘
1099,13:34:27,10.86,--,18,19548,买盘
1100,13:34:21,10.86,0.02,11,11946,买盘
1101,13:34:12,10.84,--,2,2168,卖盘
1102,13:34:09,10.84,-0.02,35,37940,卖盘
1103,13:34:06,10.86,--,1,1086,买盘
1104,13:34:00,10.86,0.02,8,8688,买盘
1105,13:33:57,10.84,--,28,30352,卖盘
1106,13:33:48,10.84,--,29,31436,卖盘
1107,13:33:42,10.84,--,7,7588,卖盘
1108,13:33:30,10.84,-0.01,3,3252,卖盘
1109,13:33:27,10.85,--,31,33635,买盘
1110,13:33:21,10.85,0.01,18,19530,买盘
1111,13:33:18,10.84,-0.01,17,18428,卖盘
1112,13:33:15,10.85,--,24,26040,买盘
1113,13:33:12,10.85,--,44,47935,卖盘
1114,13:33:09,10.85,-0.01,44,47740,卖盘
1115,13:33:06,10.86,0.01,14,15204,买盘
1116,13:33:03,10.85,--,20,22589,卖盘
1117,13:33:00,10.85,--,5,5425,卖盘
1118,13:32:57,10.85,--,11,11935,卖盘
1119,13:32:54,10.85,--,23,24955,卖盘
1120,13:32:51,10.85,--,20,21700,卖盘
1121,13:32:48,10.85,--,25,27125,卖盘
1122,13:32:42,10.85,--,78,84630,卖盘
1123,13:32:30,10.85,-0.01,6,6510,卖盘
1124,13:32:24,10.86,--,68,73848,买盘
1125,13:32:21,10.86,--,94,102084,卖盘
1126,13:32:18,10.86,-0.01,5,5430,卖盘
1127,13:32:09,10.87,--,1,1087,买盘
1128,13:32:06,10.87,0.01,20,21740,买盘
1129,13:32:03,10.86,--,90,97740,卖盘
1130,13:31:57,10.86,--,159,172674,卖盘
1131,13:31:51,10.86,--,10,10860,卖盘
1132,13:31:48,10.86,--,10,10860,卖盘
1133,13:31:42,10.86,-0.01,25,27150,卖盘
1134,13:31:27,10.87,--,11,11957,买盘
1135,13:31:24,10.87,--,26,28261,买盘
1136,13:31:21,10.87,--,38,41306,买盘
1137,13:31:18,10.87,--,36,39132,卖盘
1138,13:31:15,10.87,--,10,10870,卖盘
1139,13:31:12,10.87,-0.01,160,173920,卖盘
1140,13:31:09,10.88,0.01,29,31552,买盘
1141,13:31:03,10.87,--,100,108699,卖盘
1142,13:31:00,10.87,--,230,250009,卖盘
1143,13:30:51,10.87,--,2,2174,卖盘
1144,13:30:48,10.87,-0.01,6,6521,卖盘
1145,13:30:36,10.88,0.01,346,376448,买盘
1146,13:30:33,10.87,--,173,188051,卖盘
1147,13:30:30,10.87,-0.01,10,10870,卖盘
1148,13:30:27,10.88,0.01,34,36992,买盘
1149,13:30:24,10.87,-0.01,15,16304,卖盘
1150,13:30:21,10.88,--,51,55488,买盘
1151,13:30:15,10.88,--,18,19584,买盘
1152,13:30:12,10.88,--,8,8704,买盘
1153,13:30:09,10.88,0.01,8,8704,买盘
1154,13:30:06,10.87,-0.01,11,11957,卖盘
1155,13:30:03,10.88,0.01,16,17408,买盘
1156,13:30:00,10.87,--,30,32609,卖盘
1157,13:29:57,10.87,--,14,15217,卖盘
1158,13:29:54,10.87,-0.01,68,73916,卖盘
1159,13:29:48,10.88,--,144,156672,买盘
1160,13:29:45,10.88,--,17,18496,买盘
1161,13:29:42,10.88,--,18,19584,买盘
1162,13:29:39,10.88,0.01,21,22848,买盘
1163,13:29:36,10.87,-0.01,20,21740,卖盘
1164,13:29:33,10.88,0.01,136,147968,买盘
1165,13:29:30,10.87,0.01,46,50002,买盘
1166,13:29:27,10.86,--,110,119460,卖盘
1167,13:29:24,10.86,-0.01,10,10860,卖盘
1168,13:29:21,10.87,--,31,33697,买盘
1169,13:29:15,10.87,--,21,22827,卖盘
1170,13:29:12,10.87,--,131,142397,卖盘
1171,13:29:09,10.87,-0.01,3,3260,卖盘
1172,13:29:06,10.88,0.01,12,13056,买盘
1173,13:29:00,10.87,--,250,271750,卖盘
1174,13:28:57,10.87,--,15,16304,卖盘
1175,13:28:54,10.87,--,17,18479,卖盘
1176,13:28:51,10.87,-0.01,20,21740,卖盘
1177,13:28:45,10.88,--,280,304640,卖盘
1178,13:28:42,10.88,--,45,48960,卖盘
1179,13:28:39,10.88,--,22,23936,卖盘
1180,13:28:36,10.88,--,243,264384,卖盘
1181,13:28:33,10.88,--,13,14144,卖盘
1182,13:28:30,10.88,--,146,158848,卖盘
1183,13:28:27,10.88,-0.01,20,21760,卖盘
1184,13:28:24,10.89,--,215,234135,买盘
1185,13:28:18,10.89,--,70,76230,买盘
1186,13:28:12,10.89,0.01,10,10890,买盘
1187,13:28:09,10.88,-0.01,191,207808,卖盘
1188,13:28:06,10.89,0.01,10,10890,买盘
1189,13:28:03,10.88,-0.01,242,263296,卖盘
1190,13:28:00,10.89,--,76,82764,买盘
1191,13:27:57,10.89,--,63,68607,买盘
1192,13:27:54,10.89,0.01,3,3267,买盘
1193,13:27:48,10.88,-0.01,21,22848,卖盘
1194,13:27:45,10.89,--,47,51183,买盘
1195,13:27:42,10.89,0.01,7,7623,买盘
1196,13:27:39,10.88,-0.01,35,38080,卖盘
1197,13:27:36,10.89,--,169,184041,买盘
1198,13:27:33,10.89,0.01,75,81675,买盘
1199,13:27:30,10.88,--,17,18496,卖盘
1200,13:27:27,10.88,--,12,13056,卖盘
1201,13:27:24,10.88,--,73,79424,卖盘
1202,13:27:21,10.88,--,4,4352,卖盘
1203,13:27:18,10.88,--,86,93568,卖盘
1204,13:27:15,10.88,-0.01,48,52224,卖盘
1205,13:27:09,10.89,--,3,3267,买盘
1206,13:27:06,10.89,--,1,1089,买盘
1207,13:27:03,10.89,0.01,40,43560,买盘
1208,13:27:00,10.88,-0.01,20,21760,卖盘
1209,13:26:57,10.89,0.01,41,44649,买盘
1210,13:26:54,10.88,-0.01,348,378624,卖盘
1211,13:26:51,10.89,0.01,222,241758,买盘
1212,13:26:45,10.88,--,24,26112,卖盘
1213,13:26:39,10.88,--,12,13056,卖盘
1214,13:26:36,10.88,--,21,22848,卖盘
1215,13:26:33,10.88,-0.01,9,9792,卖盘
1216,13:26:30,10.89,0.01,175,190575,买盘
1217,13:26:24,10.88,0.01,110,119680,买盘
1218,13:26:21,10.87,-0.01,83,90221,卖盘
1219,13:26:18,10.88,--,81,88128,买盘
1220,13:26:15,10.88,--,124,134912,买盘
1221,13:26:12,10.88,0.01,7,7616,买盘
1222,13:26:09,10.87,-0.01,57,61958,卖盘
1223,13:26:06,10.88,--,9,9792,买盘
1224,13:26:00,10.88,0.01,17,18496,买盘
1225,13:25:57,10.87,-0.01,21,22827,卖盘
1226,13:25:54,10.88,--,34,36992,买盘
1227,13:25:48,10.88,--,203,220864,买盘
1228,13:25:45,10.88,--,122,132736,卖盘
1229,13:25:42,10.88,--,419,455872,买盘
1230,13:25:39,10.88,0.01,72,78336,买盘
1231,13:25:36,10.87,--,114,123917,卖盘
1232,13:25:33,10.87,--,42,45654,卖盘
1233,13:25:30,10.87,--,20,21740,卖盘
1234,13:25:21,10.87,--,20,21740,卖盘
1235,13:25:18,10.87,-0.01,9,9783,卖盘
1236,13:25:15,10.88,--,13,14144,买盘
1237,13:25:12,10.88,--,18,19584,买盘
1238,13:25:09,10.88,--,1,1088,买盘
1239,13:25:06,10.88,--,268,291584,卖盘
1240,13:25:03,10.88,--,36,39168,卖盘
1241,13:25:00,10.88,--,6,6528,卖盘
1242,13:24:57,10.88,--,30,32640,卖盘
1243,13:24:54,10.88,--,10,10880,卖盘
1244,13:24:51,10.88,--,75,81600,卖盘
1245,13:24:48,10.88,--,6,6528,卖盘
1246,13:24:45,10.88,--,235,255680,卖盘
1247,13:24:42,10.88,0.01,5,5440,买盘
1248,13:24:39,10.87,-0.01,146,158702,卖盘
1249,13:24:36,10.88,--,30,32640,卖盘
1250,13:24:33,10.88,--,11,11968,卖盘
1251,13:24:30,10.88,--,78,84864,买盘
1252,13:24:27,10.88,-0.01,8,8704,中性盘
1253,13:24:21,10.89,0.02,68,74052,买盘
1254,13:24:18,10.87,-0.01,41,44567,卖盘
1255,13:24:15,10.88,--,203,220864,买盘
1256,13:24:12,10.88,0.01,171,186048,买盘
1257,13:24:09,10.87,--,144,156528,卖盘
1258,13:24:06,10.87,-0.01,17,18479,卖盘
1259,13:24:03,10.88,--,119,129472,买盘
1260,13:23:57,10.88,--,8,8704,买盘
1261,13:23:54,10.88,--,13,14144,买盘
1262,13:23:51,10.88,--,142,154496,卖盘
1263,13:23:45,10.88,-0.01,46,50048,卖盘
1264,13:23:42,10.89,0.01,26,28314,买盘
1265,13:23:36,10.88,--,20,21760,卖盘
1266,13:23:33,10.88,-0.01,56,60928,卖盘
1267,13:23:30,10.89,--,18,19602,买盘
1268,13:23:27,10.89,0.01,22,23958,买盘
1269,13:23:21,10.88,-0.01,15,16320,中性盘
1270,13:23:18,10.89,0.01,53,57717,买盘
1271,13:23:12,10.88,-0.01,31,33728,中性盘
1272,13:23:06,10.89,--,59,64251,买盘
1273,13:23:03,10.89,0.01,41,44649,买盘
1274,13:23:00,10.88,--,5,5440,买盘
1275,13:22:54,10.88,-0.01,19,20672,卖盘
1276,13:22:51,10.89,--,20,21780,买盘
1277,13:22:48,10.89,--,45,49005,买盘
1278,13:22:45,10.89,--,20,21780,买盘
1279,13:22:42,10.89,--,56,60984,买盘
1280,13:22:39,10.89,0.01,20,21780,买盘
1281,13:22:36,10.88,--,64,69632,卖盘
1282,13:22:33,10.88,-0.01,11,11968,卖盘
1283,13:22:30,10.89,0.01,126,137214,买盘
1284,13:22:27,10.88,--,30,32640,卖盘
1285,13:22:24,10.88,-0.01,26,28288,卖盘
1286,13:22:21,10.89,0.01,7,7623,买盘
1287,13:22:18,10.88,--,57,62016,卖盘
1288,13:22:15,10.88,--,174,189312,卖盘
1289,13:22:12,10.88,-0.01,134,145792,卖盘
1290,13:22:09,10.89,0.01,133,144837,买盘
1291,13:22:06,10.88,--,943,1025984,买盘
1292,13:22:03,10.88,--,8,8704,买盘
1293,13:22:00,10.88,0.01,168,182784,买盘
1294,13:21:57,10.87,--,167,181529,卖盘
1295,13:21:54,10.87,--,72,78264,买盘
1296,13:21:51,10.87,0.02,309,335883,买盘
1297,13:21:42,10.85,--,17,18445,卖盘
1298,13:21:36,10.85,-0.01,559,606515,卖盘
1299,13:21:33,10.86,0.01,48,52128,买盘
1300,13:21:30,10.85,--,1447,1569995,买盘
1301,13:21:15,10.85,--,5,5425,买盘
1302,13:21:12,10.85,--,22,23870,买盘
1303,13:21:09,10.85,--,31,33635,买盘
1304,13:21:06,10.85,--,115,124775,买盘
1305,13:21:00,10.85,--,5,5425,买盘
1306,13:20:54,10.85,0.01,80,86800,买盘
1307,13:20:51,10.84,-0.01,110,119240,卖盘
1308,13:20:48,10.85,0.01,11,11935,买盘
1309,13:20:36,10.84,-0.01,3,3252,卖盘
1310,13:20:33,10.85,--,14,15190,买盘
1311,13:20:30,10.85,--,23,24955,买盘
1312,13:20:27,10.85,--,9,9765,买盘
1313,13:20:24,10.85,--,141,152985,买盘
1314,13:20:15,10.85,--,6,6510,买盘
1315,13:20:12,10.85,--,24,26040,买盘
1316,13:20:09,10.85,--,41,44485,买盘
1317,13:20:06,10.85,--,1,1085,买盘
1318,13:20:03,10.85,0.01,5,5425,买盘
1319,13:20:00,10.84,--,2,2168,卖盘
1320,13:19:54,10.84,-0.01,10,10840,卖盘
1321,13:19:51,10.85,--,5,5425,买盘
1322,13:19:48,10.85,--,27,29295,买盘
1323,13:19:39,10.85,--,1,1085,买盘
1324,13:19:33,10.85,0.01,25,27125,买盘
1325,13:19:30,10.84,--,15,16260,卖盘
1326,13:19:27,10.84,--,17,18428,卖盘
1327,13:19:21,10.84,-0.01,7,7588,中性盘
1328,13:19:15,10.85,0.02,26,28210,买盘
1329,13:19:09,10.83,-0.02,209,226347,卖盘
1330,13:19:06,10.85,--,32,34720,买盘
1331,13:19:03,10.85,0.02,117,126945,买盘
1332,13:18:57,10.83,-0.01,10,10830,卖盘
1333,13:18:54,10.84,--,120,130080,买盘
1334,13:18:51,10.84,--,11,11924,买盘
1335,13:18:45,10.84,0.01,4,4336,买盘
1336,13:18:42,10.83,-0.01,10,10830,卖盘
1337,13:18:39,10.84,0.01,5,5420,买盘
1338,13:18:33,10.83,--,90,97470,卖盘
1339,13:18:30,10.83,--,1,1083,卖盘
1340,13:18:18,10.83,--,60,64980,卖盘
1341,13:18:12,10.83,-0.01,10,10830,卖盘
1342,13:18:09,10.84,--,52,56368,买盘
1343,13:18:06,10.84,--,53,57452,买盘
1344,13:18:03,10.84,0.01,21,22764,买盘
1345,13:18:00,10.83,-0.01,35,37905,卖盘
1346,13:17:57,10.84,--,1,1084,买盘
1347,13:17:54,10.84,--,25,27100,买盘
1348,13:17:51,10.84,--,29,31436,买盘
1349,13:17:48,10.84,--,18,19512,买盘
1350,13:17:42,10.84,--,29,31436,买盘
1351,13:17:39,10.84,--,9,9756,买盘
1352,13:17:36,10.84,--,69,74796,买盘
1353,13:17:33,10.84,-0.01,241,261244,卖盘
1354,13:17:30,10.85,--,41,44485,买盘
1355,13:17:27,10.85,0.01,26,28210,买盘
1356,13:17:24,10.84,--,124,134416,卖盘
1357,13:17:21,10.84,--,47,50948,卖盘
1358,13:17:18,10.84,--,122,132248,卖盘
1359,13:17:12,10.84,-0.01,30,32520,卖盘
1360,13:17:09,10.85,--,5,5425,买盘
1361,13:17:06,10.85,--,229,248465,买盘
1362,13:17:03,10.85,--,37,40145,买盘
1363,13:16:57,10.85,--,56,60760,买盘
1364,13:16:54,10.85,0.01,168,182280,买盘
1365,13:16:51,10.84,--,110,119240,买盘
1366,13:16:45,10.84,0.01,41,44444,买盘
1367,13:16:42,10.83,-0.01,231,250173,卖盘
1368,13:16:39,10.84,--,637,690508,买盘
1369,13:16:36,10.84,--,156,169104,买盘
1370,13:16:33,10.84,--,3,3252,买盘
1371,13:16:30,10.84,0.01,393,426012,买盘
1372,13:16:24,10.83,--,9,9747,买盘
1373,13:16:21,10.83,--,27,29241,买盘
1374,13:16:18,10.83,--,9,9747,买盘
1375,13:16:15,10.83,0.02,20,21660,买盘
1376,13:16:12,10.81,-0.02,23,24863,卖盘
1377,13:16:09,10.83,0.02,75,81225,买盘
1378,13:16:06,10.81,-0.01,106,114586,卖盘
1379,13:16:03,10.82,--,31,33542,买盘
1380,13:16:00,10.82,--,282,305124,买盘
1381,13:15:57,10.82,--,99,107118,买盘
1382,13:15:54,10.82,--,919,994358,买盘
1383,13:15:51,10.82,--,43,46526,买盘
1384,13:15:48,10.82,0.01,23,24886,买盘
1385,13:15:45,10.81,-0.01,4,4324,卖盘
1386,13:15:39,10.82,0.01,28,30296,买盘
1387,13:15:36,10.81,--,136,147016,卖盘
1388,13:15:33,10.81,0.01,225,243268,买盘
1389,13:15:27,10.8,--,4,4320,买盘
1390,13:15:24,10.8,--,5,5400,买盘
1391,13:15:21,10.8,--,5,5400,买盘
1392,13:15:18,10.8,-0.01,160,172800,卖盘
1393,13:15:03,10.81,0.01,91,98371,买盘
1394,13:15:00,10.8,-0.01,4,4320,卖盘
1395,13:14:57,10.81,--,100,108100,买盘
1396,13:14:54,10.81,--,20,21620,买盘
1397,13:14:30,10.81,0.01,5,5405,买盘
1398,13:14:27,10.8,-0.01,10,10800,卖盘
1399,13:14:21,10.81,0.01,9,9729,买盘
1400,13:14:18,10.8,0.01,48,51840,中性盘
1401,13:14:12,10.79,-0.01,188,202851,卖盘
1402,13:14:03,10.8,-0.01,26,28080,卖盘
1403,13:14:00,10.81,0.02,34,36754,买盘
1404,13:13:48,10.79,-0.01,3,3236,卖盘
1405,13:13:45,10.8,--,17,18360,买盘
1406,13:13:42,10.8,0.01,2,2160,买盘
1407,13:13:39,10.79,-0.01,23,24816,卖盘
1408,13:13:36,10.8,--,41,44280,卖盘
1409,13:13:30,10.8,0.01,22,23760,中性盘
1410,13:13:27,10.79,-0.01,7,7552,卖盘
1411,13:13:24,10.8,-0.01,8,8640,中性盘
1412,13:13:21,10.81,--,6,6486,买盘
1413,13:13:18,10.81,--,25,27025,买盘
1414,13:13:15,10.81,--,78,84318,买盘
1415,13:13:12,10.81,0.02,40,43240,买盘
1416,13:13:09,10.79,-0.01,140,151060,卖盘
1417,13:13:06,10.8,0.01,98,105840,买盘
1418,13:13:03,10.79,-0.01,29,31290,卖盘
1419,13:13:00,10.8,0.01,31,33480,买盘
1420,13:12:57,10.79,-0.01,139,149981,卖盘
1421,13:12:54,10.8,--,8,8640,买盘
1422,13:12:51,10.8,0.01,37,39960,买盘
1423,13:12:42,10.79,-0.01,11,11868,卖盘
1424,13:12:33,10.8,0.01,20,21600,买盘
1425,13:12:30,10.79,--,6,6473,卖盘
1426,13:12:27,10.79,-0.01,8,8632,卖盘
1427,13:12:24,10.8,--,7,7560,买盘
1428,13:12:21,10.8,--,8,8640,买盘
1429,13:12:15,10.8,--,8,8640,买盘
1430,13:12:12,10.8,0.01,28,30240,买盘
1431,13:12:06,10.79,-0.01,39,42081,卖盘
1432,13:12:03,10.8,--,83,89640,买盘
1433,13:12:00,10.8,--,22,23760,买盘
1434,13:11:57,10.8,--,129,140356,卖盘
1435,13:11:54,10.8,--,17,18360,卖盘
1436,13:11:51,10.8,--,9,9720,卖盘
1437,13:11:45,10.8,0.01,96,103723,买盘
1438,13:11:30,10.79,--,4,4316,卖盘
1439,13:11:24,10.79,-0.01,20,21580,卖盘
1440,13:11:21,10.8,0.01,107,115560,买盘
1441,13:11:18,10.79,-0.01,15,16184,卖盘
1442,13:11:15,10.8,0.01,34,36720,买盘
1443,13:11:12,10.79,-0.01,27,29132,卖盘
1444,13:11:09,10.8,--,40,43200,买盘
1445,13:11:06,10.8,--,35,37800,买盘
1446,13:11:03,10.8,--,13,14040,买盘
1447,13:10:57,10.8,--,17,18360,买盘
1448,13:10:54,10.8,0.01,18,19440,买盘
1449,13:10:51,10.79,--,8,8632,卖盘
1450,13:10:48,10.79,-0.01,13,14026,卖盘
1451,13:10:39,10.8,--,10,10800,买盘
1452,13:10:33,10.8,--,20,21600,买盘
1453,13:10:27,10.8,0.01,7,7560,买盘
1454,13:10:21,10.79,--,10,10790,卖盘
1455,13:10:15,10.79,-0.01,110,118689,卖盘
1456,13:10:09,10.8,--,10,10800,买盘
1457,13:10:06,10.8,--,10,10800,买盘
1458,13:10:03,10.8,--,5,5400,买盘
1459,13:09:54,10.8,0.01,35,37800,买盘
1460,13:09:51,10.79,-0.01,30,32369,卖盘
1461,13:09:45,10.8,--,11,11880,买盘
1462,13:09:42,10.8,0.01,5,5400,买盘
1463,13:09:36,10.79,--,50,53949,卖盘
1464,13:09:33,10.79,-0.01,20,21580,卖盘
1465,13:09:30,10.8,--,14,15120,买盘
1466,13:09:24,10.8,0.01,4,4320,买盘
1467,13:09:21,10.79,-0.01,10,10790,卖盘
1468,13:09:15,10.8,--,7,7560,买盘
1469,13:09:09,10.8,0.01,11,11880,买盘
1470,13:09:06,10.79,-0.01,1,1079,卖盘
1471,13:09:03,10.8,--,1,1080,买盘
1472,13:09:00,10.8,--,26,28080,买盘
1473,13:08:57,10.8,--,42,45360,买盘
1474,13:08:54,10.8,--,33,35640,买盘
1475,13:08:51,10.8,--,110,118800,买盘
1476,13:08:45,10.8,--,8,8640,买盘
1477,13:08:36,10.8,0.02,1,1080,买盘
1478,13:08:33,10.78,--,26,28028,卖盘
1479,13:08:30,10.78,-0.01,5,5390,卖盘
1480,13:08:27,10.79,--,30,32369,买盘
1481,13:08:24,10.79,--,1,1079,买盘
1482,13:08:21,10.79,--,10,10790,买盘
1483,13:08:15,10.79,--,1,1079,买盘
1484,13:08:12,10.79,--,10,10790,买盘
1485,13:08:06,10.79,0.01,5,5395,买盘
1486,13:08:03,10.78,-0.01,5,5390,卖盘
1487,13:08:00,10.79,--,8,8632,买盘
1488,13:07:57,10.79,--,22,23737,买盘
1489,13:07:54,10.79,-0.01,112,121452,卖盘
1490,13:07:51,10.8,--,31,33480,买盘
1491,13:07:45,10.8,0.01,20,21600,买盘
1492,13:07:42,10.79,-0.01,24,26133,卖盘
1493,13:07:39,10.8,0.01,48,52077,买盘
1494,13:07:36,10.79,--,2,2158,买盘
1495,13:07:24,10.79,--,26,28053,买盘
1496,13:07:21,10.79,--,21,22659,卖盘
1497,13:07:15,10.79,-0.01,12,12947,卖盘
1498,13:07:12,10.8,--,46,49680,买盘
1499,13:07:06,10.8,0.02,100,108000,买盘
1500,13:07:03,10.78,-0.01,1,1078,卖盘
1501,13:07:00,10.79,0.01,76,82004,买盘
1502,13:06:57,10.78,-0.02,5,5390,卖盘
1503,13:06:54,10.8,--,112,120960,买盘
1504,13:06:51,10.8,--,13,14040,买盘
1505,13:06:48,10.8,--,202,218160,买盘
1506,13:06:36,10.8,0.01,50,54000,买盘
1507,13:06:33,10.79,--,2,2158,买盘
1508,13:06:30,10.79,--,68,73803,卖盘
1509,13:06:27,10.79,-0.01,9,10358,卖盘
1510,13:06:15,10.8,0.01,15,16200,买盘
1511,13:06:12,10.79,--,9,9711,卖盘
1512,13:06:09,10.79,-0.01,9,9711,卖盘
1513,13:05:54,10.8,--,10,10800,买盘
1514,13:05:48,10.8,--,36,38880,买盘
1515,13:05:39,10.8,0.01,41,44280,买盘
1516,13:05:36,10.79,--,10,10790,卖盘
1517,13:05:33,10.79,--,2,2158,卖盘
1518,13:05:30,10.79,--,20,21580,卖盘
1519,13:05:21,10.79,-0.01,100,107899,卖盘
1520,13:05:18,10.8,0.01,18,19440,买盘
1521,13:05:06,10.79,-0.01,7,7552,卖盘
1522,13:05:03,10.8,-0.01,1,1080,买盘
1523,13:04:57,10.81,--,39,42159,买盘
1524,13:04:54,10.81,0.02,56,60536,买盘
1525,13:04:45,10.79,-0.01,99,106820,卖盘
1526,13:04:42,10.8,--,35,37800,买盘
1527,13:04:21,10.8,--,24,25920,买盘
1528,13:04:18,10.8,--,10,10800,买盘
1529,13:04:06,10.8,--,25,27000,买盘
1530,13:04:03,10.8,--,27,29160,买盘
1531,13:04:00,10.8,-0.02,42,45360,卖盘
1532,13:03:54,10.82,0.03,63,68166,买盘
1533,13:03:51,10.79,-0.01,16,17264,卖盘
1534,13:03:48,10.8,-0.01,34,36720,卖盘
1535,13:03:45,10.81,0.02,160,172960,买盘
1536,13:03:39,10.79,-0.01,250,269750,卖盘
1537,13:03:36,10.8,--,1,1080,卖盘
1538,13:03:27,10.8,-0.01,6,6480,卖盘
1539,13:03:24,10.81,--,9,9729,买盘
1540,13:03:21,10.81,0.01,10,10810,买盘
1541,13:03:18,10.8,-0.01,8,8640,卖盘
1542,13:03:12,10.81,0.01,5,5405,买盘
1543,13:03:09,10.8,--,22,23760,卖盘
1544,13:03:06,10.8,-0.02,23,24840,卖盘
1545,13:02:57,10.82,0.02,204,220728,买盘
1546,13:02:51,10.8,-0.01,597,644760,卖盘
1547,13:02:48,10.81,--,1,1081,买盘
1548,13:02:45,10.81,--,21,22701,买盘
1549,13:02:33,10.81,--,31,33511,买盘
1550,13:02:30,10.81,--,4,4324,买盘
1551,13:02:24,10.81,--,11,11891,买盘
1552,13:02:21,10.81,--,10,10810,买盘
1553,13:02:15,10.81,--,2,2162,买盘
1554,13:02:03,10.81,0.01,3,3243,买盘
1555,13:01:57,10.8,--,15,16200,卖盘
1556,13:01:45,10.8,--,10,10800,卖盘
1557,13:01:39,10.8,-0.01,20,21600,卖盘
1558,13:01:33,10.81,--,2,2162,买盘
1559,13:01:30,10.81,--,23,24863,买盘
1560,13:01:24,10.81,--,21,22701,买盘
1561,13:01:21,10.81,0.01,57,61617,买盘
1562,13:01:18,10.8,-0.01,5,5400,卖盘
1563,13:01:15,10.81,-0.01,8,8648,买盘
1564,13:01:12,10.82,0.02,5,5410,买盘
1565,13:01:09,10.8,--,20,21600,卖盘
1566,13:01:03,10.8,--,30,32400,卖盘
1567,13:00:57,10.8,-0.01,48,51840,卖盘
1568,13:00:48,10.81,-0.01,3,3243,卖盘
1569,13:00:42,10.82,--,2,2164,买盘
1570,13:00:33,10.82,--,2,2164,买盘
1571,13:00:30,10.82,--,41,44362,买盘
1572,13:00:18,10.82,--,4,4328,买盘
1573,13:00:15,10.82,--,39,42198,买盘
1574,13:00:12,10.82,--,10,10820,买盘
1575,13:00:09,10.82,0.02,31,33542,买盘
1576,13:00:06,10.8,--,211,227880,卖盘
1577,13:00:03,10.8,-0.01,464,501120,卖盘
1578,13:00:00,10.81,--,0,0,中性盘
1579,11:30:00,10.81,--,0,0,卖盘
1580,11:29:48,10.81,--,2,2162,卖盘
1581,11:29:42,10.81,--,5,5405,卖盘
1582,11:29:36,10.81,0.01,13,14053,买盘
1583,11:29:30,10.8,-0.01,77,83160,卖盘
1584,11:29:27,10.81,--,110,118910,卖盘
1585,11:29:24,10.81,--,7,7567,卖盘
1586,11:29:21,10.81,--,10,10810,卖盘
1587,11:29:06,10.81,-0.01,22,23782,卖盘
1588,11:29:03,10.82,0.01,36,38952,买盘
1589,11:28:54,10.81,0.01,52,56212,中性盘
1590,11:28:45,10.8,--,34,36720,卖盘
1591,11:28:33,10.8,-0.02,4,4320,卖盘
1592,11:28:30,10.82,0.02,11,11902,买盘
1593,11:28:21,10.8,--,79,85320,卖盘
1594,11:28:18,10.8,--,30,32400,卖盘
1595,11:28:15,10.8,-0.02,74,79920,卖盘
1596,11:28:06,10.82,0.01,176,190432,买盘
1597,11:28:03,10.81,-0.01,5,5405,卖盘
1598,11:28:00,10.82,0.02,27,29214,买盘
1599,11:27:39,10.8,-0.02,17,18360,卖盘
1600,11:27:33,10.82,0.02,10,10820,买盘
1601,11:27:30,10.8,--,21,22680,卖盘
1602,11:27:12,10.8,--,13,14040,卖盘
1603,11:27:09,10.8,-0.02,57,61560,卖盘
1604,11:26:51,10.82,--,651,704382,买盘
1605,11:26:48,10.82,--,46,49772,买盘
1606,11:26:36,10.82,--,10,10820,买盘
1607,11:26:33,10.82,--,562,608084,买盘
1608,11:26:30,10.82,0.01,23,24886,买盘
1609,11:26:27,10.81,--,79,85399,卖盘
1610,11:26:24,10.81,--,36,38916,卖盘
1611,11:26:21,10.81,-0.01,100,108100,卖盘
1612,11:26:18,10.82,--,20,21640,买盘
1613,11:26:12,10.82,0.01,4,4328,买盘
1614,11:26:06,10.81,--,21,22701,卖盘
1615,11:26:03,10.81,--,3,3243,卖盘
1616,11:25:54,10.81,--,17,18377,卖盘
1617,11:25:51,10.81,-0.01,15,16215,卖盘
1618,11:25:48,10.82,0.01,112,121184,买盘
1619,11:25:42,10.81,--,39,42159,卖盘
1620,11:25:39,10.81,--,5,5405,卖盘
1621,11:25:36,10.81,-0.01,71,76751,卖盘
1622,11:25:33,10.82,0.01,46,49772,买盘
1623,11:25:24,10.81,-0.01,36,38916,卖盘
1624,11:25:21,10.82,0.01,91,98462,买盘
1625,11:25:18,10.81,-0.01,100,108100,卖盘
1626,11:25:15,10.82,0.01,101,109282,买盘
1627,11:25:00,10.81,--,21,22701,卖盘
1628,11:24:54,10.81,-0.01,12,12972,卖盘
1629,11:24:42,10.82,0.01,50,54100,买盘
1630,11:24:39,10.81,--,60,64860,卖盘
1631,11:24:36,10.81,-0.01,20,21620,卖盘
1632,11:24:30,10.82,0.01,10,10820,买盘
1633,11:24:24,10.81,--,2,2162,卖盘
1634,11:24:21,10.81,-0.01,17,18377,卖盘
1635,11:24:15,10.82,--,256,276992,卖盘
1636,11:24:12,10.82,--,40,43280,卖盘
1637,11:24:09,10.82,--,10,10820,卖盘
1638,11:23:57,10.82,--,10,10820,卖盘
1639,11:23:54,10.82,-0.01,20,21640,卖盘
1640,11:23:45,10.83,--,6,6498,买盘
1641,11:23:39,10.83,0.01,14,15162,买盘
1642,11:23:33,10.82,-0.01,6,6492,中性盘
1643,11:23:21,10.83,--,9,9747,买盘
1644,11:23:18,10.83,0.01,30,32490,买盘
1645,11:23:15,10.82,0.01,106,114692,买盘
1646,11:23:12,10.81,--,50,54050,卖盘
1647,11:23:06,10.81,-0.01,16,17296,卖盘
1648,11:23:00,10.82,--,3,3246,买盘
1649,11:22:57,10.82,--,6,6492,买盘
1650,11:22:42,10.82,0.01,19,20558,买盘
1651,11:22:39,10.81,-0.01,10,10810,卖盘
1652,11:22:36,10.82,0.01,1,1082,买盘
1653,11:22:33,10.81,-0.02,2,2162,卖盘
1654,11:22:24,10.83,0.01,106,114798,买盘
1655,11:22:18,10.82,--,49,53018,买盘
1656,11:22:15,10.82,-0.01,10,10820,中性盘
1657,11:22:09,10.83,0.01,91,98553,买盘
1658,11:22:00,10.82,--,28,30296,卖盘
1659,11:21:54,10.82,-0.01,7,7574,卖盘
1660,11:21:45,10.83,0.01,10,10830,买盘
1661,11:21:36,10.82,--,13,14066,卖盘
1662,11:21:27,10.82,--,10,10820,卖盘
1663,11:21:09,10.82,--,11,11902,买盘
1664,11:21:06,10.82,--,28,30296,卖盘
1665,11:21:00,10.82,-0.01,1,1082,卖盘
1666,11:20:57,10.83,--,4,4332,买盘
1667,11:20:45,10.83,0.01,20,21660,买盘
1668,11:20:42,10.82,--,6,6492,卖盘
1669,11:20:39,10.82,--,5,5410,卖盘
1670,11:20:36,10.82,-0.01,4,4328,卖盘
1671,11:20:33,10.83,0.01,58,62814,买盘
1672,11:20:30,10.82,-0.01,1,1082,卖盘
1673,11:20:27,10.83,0.01,61,66063,买盘
1674,11:20:18,10.82,-0.01,40,43280,中性盘
1675,11:20:03,10.83,--,9,9747,买盘
1676,11:20:00,10.83,0.02,23,24909,买盘
1677,11:19:51,10.81,-0.02,62,67022,卖盘
1678,11:19:48,10.83,--,20,21660,买盘
1679,11:19:45,10.83,--,100,108300,买盘
1680,11:19:36,10.83,--,29,31407,买盘
1681,11:19:33,10.83,--,1,1083,买盘
1682,11:19:27,10.83,0.02,116,125628,买盘
1683,11:19:21,10.81,-0.02,102,110262,卖盘
1684,11:19:18,10.83,0.02,17,18411,买盘
1685,11:19:15,10.81,0.01,2,2162,卖盘
1686,11:19:09,10.8,-0.03,10,10800,卖盘
1687,11:19:03,10.83,--,126,136458,买盘
1688,11:19:00,10.83,--,8,8664,买盘
1689,11:18:57,10.83,--,122,132126,买盘
1690,11:18:54,10.83,--,3,3249,买盘
1691,11:18:51,10.83,--,119,128877,买盘
1692,11:18:48,10.83,0.03,7,7581,买盘
1693,11:18:45,10.8,-0.03,20,21600,卖盘
1694,11:18:42,10.83,0.03,8,8664,买盘
1695,11:18:36,10.8,--,12,12960,卖盘
1696,11:18:33,10.8,--,1,1080,卖盘
1697,11:18:30,10.8,-0.03,1,1080,卖盘
1698,11:18:24,10.83,0.03,53,57399,买盘
1699,11:18:21,10.8,-0.02,10,10800,卖盘
1700,11:18:18,10.82,--,219,236958,买盘
1701,11:18:06,10.82,--,5,5410,买盘
1702,11:18:00,10.82,0.02,13,14066,买盘
1703,11:17:57,10.8,--,99,106920,买盘
1704,11:17:54,10.8,-0.02,73,78840,卖盘
1705,11:17:51,10.82,0.01,217,234794,买盘
1706,11:17:48,10.81,0.01,1,1081,买盘
1707,11:17:42,10.8,-0.02,50,54000,卖盘
1708,11:17:33,10.82,0.02,78,84396,买盘
1709,11:17:30,10.8,-0.02,80,86400,卖盘
1710,11:17:27,10.82,0.02,40,43280,买盘
1711,11:17:21,10.8,-0.02,9,9720,卖盘
1712,11:17:18,10.82,--,97,104954,买盘
1713,11:17:12,10.82,0.02,1,1082,买盘
1714,11:17:09,10.8,--,94,101520,卖盘
1715,11:17:06,10.8,-0.02,17,18360,卖盘
1716,11:17:03,10.82,--,6,6492,买盘
1717,11:17:00,10.82,--,89,96298,买盘
1718,11:16:54,10.82,0.02,111,120102,买盘
1719,11:16:48,10.8,--,1,1080,卖盘
1720,11:16:45,10.8,--,30,32400,卖盘
1721,11:16:42,10.8,--,105,113400,卖盘
1722,11:16:36,10.8,--,24,25920,卖盘
1723,11:16:27,10.8,--,91,98280,卖盘
1724,11:16:24,10.8,--,13,14040,卖盘
1725,11:16:18,10.8,--,38,41040,买盘
1726,11:16:15,10.8,-0.01,40,43200,中性盘
1727,11:16:12,10.81,0.02,10,10810,买盘
1728,11:16:09,10.79,--,98,105741,卖盘
1729,11:16:00,10.79,-0.02,10,10790,卖盘
1730,11:15:57,10.81,0.02,24,25944,买盘
1731,11:15:54,10.79,-0.02,36,38844,卖盘
1732,11:15:45,10.81,0.02,258,278898,买盘
1733,11:15:39,10.79,-0.01,50,53949,卖盘
1734,11:15:36,10.8,0.01,19,20520,买盘
1735,11:15:12,10.79,--,50,53949,卖盘
1736,11:15:06,10.79,-0.01,10,10790,卖盘
1737,11:15:03,10.8,0.01,10,10800,买盘
1738,11:14:57,10.79,-0.01,10,10790,卖盘
1739,11:14:54,10.8,0.02,79,85320,买盘
1740,11:14:51,10.78,-0.01,38,40964,卖盘
1741,11:14:48,10.79,-0.01,2,2158,中性盘
1742,11:14:36,10.8,0.02,40,43200,买盘
1743,11:14:30,10.78,--,7,7546,卖盘
1744,11:14:27,10.78,--,1,1078,卖盘
1745,11:14:24,10.78,-0.01,9,9702,卖盘
1746,11:14:21,10.79,--,1,1079,买盘
1747,11:14:15,10.79,--,40,43160,买盘
1748,11:14:00,10.79,--,4,4316,买盘
1749,11:13:57,10.79,0.02,39,42081,买盘
1750,11:13:54,10.77,-0.02,9,9693,卖盘
1751,11:13:51,10.79,0.01,65,70135,买盘
1752,11:13:45,10.78,0.01,14,15092,中性盘
1753,11:13:42,10.77,--,226,243402,卖盘
1754,11:13:36,10.77,-0.01,1,1077,卖盘
1755,11:13:33,10.78,0.01,20,21560,中性盘
1756,11:13:30,10.77,-0.01,10,10770,卖盘
1757,11:13:27,10.78,0.02,14,15092,中性盘
1758,11:13:15,10.76,--,151,162476,卖盘
1759,11:13:12,10.76,-0.03,10,10760,卖盘
1760,11:13:06,10.79,0.03,65,70135,买盘
1761,11:13:03,10.76,--,9,9684,卖盘
1762,11:13:00,10.76,--,103,110828,买盘
1763,11:12:57,10.76,--,66,71016,买盘
1764,11:12:54,10.76,-0.03,832,895232,卖盘
1765,11:12:51,10.79,0.01,25,26974,买盘
1766,11:12:48,10.78,--,3,3234,卖盘
1767,11:12:45,10.78,-0.01,4,4312,卖盘
1768,11:12:42,10.79,0.01,15,16184,买盘
1769,11:12:39,10.78,-0.01,15,16169,卖盘
1770,11:12:36,10.79,0.01,20,21580,买盘
1771,11:12:33,10.78,--,9,9702,卖盘
1772,11:12:27,10.78,--,65,70070,卖盘
1773,11:12:24,10.78,-0.01,2,2156,卖盘
1774,11:12:21,10.79,0.01,31,33449,买盘
1775,11:12:18,10.78,-0.02,120,129359,卖盘
1776,11:12:15,10.8,--,10,10800,买盘
1777,11:12:12,10.8,0.01,100,108000,买盘
1778,11:12:09,10.79,--,234,252485,卖盘
1779,11:12:06,10.79,-0.01,109,117610,卖盘
1780,11:12:00,10.8,--,160,172800,卖盘
1781,11:11:57,10.8,--,100,108000,卖盘
1782,11:11:51,10.8,--,24,25920,卖盘
1783,11:11:45,10.8,--,220,237600,卖盘
1784,11:11:39,10.8,-0.01,10,10800,卖盘
1785,11:11:36,10.81,0.01,50,54050,买盘
1786,11:11:33,10.8,--,106,114480,卖盘
1787,11:11:27,10.8,--,10,10800,卖盘
1788,11:11:24,10.8,--,25,27000,卖盘
1789,11:11:21,10.8,-0.01,1,1080,卖盘
1790,11:11:15,10.81,0.01,10,10810,买盘
1791,11:11:12,10.8,-0.01,5,5400,卖盘
1792,11:11:09,10.81,0.01,50,54050,买盘
1793,11:11:06,10.8,--,91,98280,卖盘
1794,11:11:03,10.8,-0.01,200,216000,卖盘
1795,11:11:00,10.81,0.01,23,24863,买盘
1796,11:10:57,10.8,-0.02,20,21600,卖盘
1797,11:10:54,10.82,0.01,27,29214,买盘
1798,11:10:51,10.81,0.01,15,16215,买盘
1799,11:10:48,10.8,--,12,12960,卖盘
1800,11:10:45,10.8,-0.01,84,90720,卖盘
1801,11:10:42,10.81,--,28,30268,买盘
1802,11:10:39,10.81,--,3,3243,买盘
1803,11:10:36,10.81,--,321,347001,买盘
1804,11:10:33,10.81,0.01,7,7567,买盘
1805,11:10:30,10.8,--,1,1080,卖盘
1806,11:10:27,10.8,-0.01,739,798120,卖盘
1807,11:10:24,10.81,--,30,32430,买盘
1808,11:10:21,10.81,--,86,92966,买盘
1809,11:10:09,10.81,--,10,10810,买盘
1810,11:10:06,10.81,--,491,530771,卖盘
1811,11:10:03,10.81,--,33,35673,卖盘
1812,11:10:00,10.81,--,100,108100,卖盘
1813,11:09:57,10.81,--,13,14053,卖盘
1814,11:09:54,10.81,--,10,10810,卖盘
1815,11:09:51,10.81,--,50,54050,卖盘
1816,11:09:42,10.81,--,100,108100,卖盘
1817,11:09:39,10.81,--,2,2162,卖盘
1818,11:09:36,10.81,--,150,162150,卖盘
1819,11:09:33,10.81,--,1,1081,卖盘
1820,11:09:30,10.81,--,5,5405,卖盘
1821,11:09:24,10.81,--,94,101614,卖盘
1822,11:09:21,10.81,-0.01,14,15134,卖盘
1823,11:09:18,10.82,0.01,60,64920,买盘
1824,11:09:06,10.81,--,10,10810,卖盘
1825,11:09:00,10.81,-0.01,1,1081,卖盘
1826,11:08:51,10.82,--,224,242368,卖盘
1827,11:08:45,10.82,--,10,10820,卖盘
1828,11:08:36,10.82,-0.01,51,55182,卖盘
1829,11:08:33,10.83,0.01,10,10830,买盘
1830,11:08:27,10.82,--,1,1082,卖盘
1831,11:08:24,10.82,--,30,32460,卖盘
1832,11:08:21,10.82,-0.01,21,22722,卖盘
1833,11:08:12,10.83,0.01,62,67146,买盘
1834,11:08:09,10.82,--,3,3246,卖盘
1835,11:08:00,10.82,-0.01,8,8656,卖盘
1836,11:07:57,10.83,0.01,30,32490,买盘
1837,11:07:45,10.82,--,32,34624,买盘
1838,11:07:42,10.82,--,10,10820,买盘
1839,11:07:39,10.82,--,10,10820,买盘
1840,11:07:33,10.82,--,85,91970,买盘
1841,11:07:30,10.82,0.01,2,2164,买盘
1842,11:07:27,10.81,--,26,28106,卖盘
1843,11:07:24,10.81,-0.01,10,10810,卖盘
1844,11:07:21,10.82,0.01,6,6492,买盘
1845,11:07:18,10.81,--,50,54050,卖盘
1846,11:07:15,10.81,--,25,27025,卖盘
1847,11:07:09,10.81,--,16,17296,卖盘
1848,11:07:06,10.81,--,7,7567,卖盘
1849,11:07:03,10.81,--,21,22701,卖盘
1850,11:07:00,10.81,--,51,55131,卖盘
1851,11:06:54,10.81,-0.01,23,24863,卖盘
1852,11:06:51,10.82,--,29,31378,买盘
1853,11:06:48,10.82,-0.01,10,10820,买盘
1854,11:06:42,10.83,0.02,1,1083,买盘
1855,11:06:39,10.81,-0.01,20,21620,卖盘
1856,11:06:36,10.82,--,16,17312,卖盘
1857,11:06:33,10.82,--,354,383028,买盘
1858,11:06:30,10.82,0.01,10,10820,买盘
1859,11:06:27,10.81,--,51,55131,卖盘
1860,11:06:24,10.81,--,5,5405,卖盘
1861,11:06:21,10.81,--,32,34592,卖盘
1862,11:06:18,10.81,--,68,73508,卖盘
1863,11:06:15,10.81,-0.01,4,4324,卖盘
1864,11:06:12,10.82,0.01,55,59510,买盘
1865,11:06:03,10.81,--,1,1081,卖盘
1866,11:06:00,10.81,--,62,67022,卖盘
1867,11:05:57,10.81,--,20,21620,卖盘
1868,11:05:54,10.81,-0.01,10,10810,卖盘
1869,11:05:48,10.82,0.01,15,16230,买盘
1870,11:05:45,10.81,-0.01,15,16215,卖盘
1871,11:05:36,10.82,--,16,17312,卖盘
1872,11:05:33,10.82,--,4,4328,卖盘
1873,11:05:30,10.82,-0.01,34,36788,卖盘
1874,11:05:27,10.83,0.01,188,203604,买盘
1875,11:05:24,10.82,--,20,21640,卖盘
1876,11:05:21,10.82,--,38,41116,卖盘
1877,11:05:18,10.82,--,11,11902,卖盘
1878,11:05:15,10.82,-0.01,38,41116,卖盘
1879,11:05:12,10.83,0.01,21,22743,买盘
1880,11:05:09,10.82,--,10,10820,卖盘
1881,11:05:06,10.82,-0.01,5,5410,卖盘
1882,11:05:03,10.83,0.01,18,19494,买盘
1883,11:05:00,10.82,-0.01,21,22722,卖盘
1884,11:04:57,10.83,--,121,131043,卖盘
1885,11:04:54,10.83,-0.01,4,4332,卖盘
1886,11:04:48,10.84,0.01,34,36856,买盘
1887,11:04:45,10.83,--,1,1083,卖盘
1888,11:04:42,10.83,--,90,97470,卖盘
1889,11:04:39,10.83,--,100,108300,卖盘
1890,11:04:36,10.83,-0.01,54,58482,卖盘
1891,11:04:33,10.84,0.01,125,135500,买盘
1892,11:04:27,10.83,--,3,3249,卖盘
1893,11:04:21,10.83,-0.01,10,10830,卖盘
1894,11:04:15,10.84,0.01,6,6504,买盘
1895,11:04:12,10.83,--,10,10830,卖盘
1896,11:04:06,10.83,--,40,43320,卖盘
1897,11:04:03,10.83,-0.01,20,21660,卖盘
1898,11:04:00,10.84,0.01,38,41192,买盘
1899,11:03:57,10.83,--,10,10830,卖盘
1900,11:03:54,10.83,--,10,10830,卖盘
1901,11:03:51,10.83,-0.01,55,59565,卖盘
1902,11:03:48,10.84,--,20,21680,买盘
1903,11:03:42,10.84,0.01,8,8672,买盘
1904,11:03:36,10.83,-0.01,12,12996,卖盘
1905,11:03:33,10.84,0.01,4,4336,买盘
1906,11:03:30,10.83,-0.03,1,1083,卖盘
1907,11:03:15,10.86,0.02,78,84708,买盘
1908,11:03:12,10.84,--,51,55284,卖盘
1909,11:03:09,10.84,0.01,139,150676,买盘
1910,11:03:06,10.83,-0.02,249,269667,卖盘
1911,11:03:03,10.85,0.01,55,59675,买盘
1912,11:03:00,10.84,-0.01,11,11924,卖盘
1913,11:02:57,10.85,0.01,20,21700,买盘
1914,11:02:54,10.84,--,43,46612,卖盘
1915,11:02:45,10.84,-0.01,8,8672,卖盘
1916,11:02:39,10.85,--,1,1085,买盘
1917,11:02:33,10.85,0.01,39,42315,买盘
1918,11:02:30,10.84,--,34,36856,卖盘
1919,11:02:27,10.84,--,1,1084,卖盘
1920,11:02:21,10.84,-0.01,7,7588,卖盘
1921,11:02:18,10.85,0.01,20,21700,买盘
1922,11:02:12,10.84,--,1,1084,卖盘
1923,11:02:06,10.84,-0.01,7,7588,卖盘
1924,11:01:57,10.85,--,45,48825,卖盘
1925,11:01:54,10.85,-0.01,7,7595,卖盘
1926,11:01:48,10.86,0.01,21,22806,买盘
1927,11:01:45,10.85,--,2,2170,买盘
1928,11:01:42,10.85,0.01,11,11935,买盘
1929,11:01:36,10.84,-0.02,13,14092,卖盘
1930,11:01:33,10.86,--,2,2172,买盘
1931,11:01:30,10.86,0.02,5,5430,买盘
1932,11:01:27,10.84,--,60,65690,卖盘
1933,11:01:21,10.84,--,44,47696,卖盘
1934,11:01:18,10.84,--,27,29268,卖盘
1935,11:01:09,10.84,--,2,2168,卖盘
1936,11:01:00,10.84,--,8,8672,卖盘
1937,11:00:57,10.84,-0.02,557,604221,卖盘
1938,11:00:45,10.86,--,8,8688,卖盘
1939,11:00:39,10.86,--,27,29322,卖盘
1940,11:00:36,10.86,--,5,5430,卖盘
1941,11:00:33,10.86,--,16,17376,卖盘
1942,11:00:27,10.86,-0.01,1,1086,卖盘
1943,11:00:24,10.87,0.01,12,13043,买盘
1944,11:00:15,10.86,-0.01,50,54300,卖盘
1945,11:00:09,10.87,0.01,2,2174,中性盘
1946,11:00:00,10.86,-0.02,23,24978,卖盘
1947,10:59:57,10.88,--,30,32640,买盘
1948,10:59:48,10.88,0.01,90,97920,买盘
1949,10:59:45,10.87,0.01,5,5435,买盘
1950,10:59:42,10.86,--,22,23892,卖盘
1951,10:59:36,10.86,--,15,16290,卖盘
1952,10:59:33,10.86,--,13,14118,买盘
1953,10:59:27,10.86,--,49,53214,买盘
1954,10:59:24,10.86,-0.02,24,26064,卖盘
1955,10:59:15,10.88,0.02,50,54400,买盘
1956,10:59:09,10.86,-0.02,5,5430,卖盘
1957,10:59:03,10.88,0.02,107,116416,买盘
1958,10:58:57,10.86,--,10,10860,卖盘
1959,10:58:54,10.86,--,10,10860,卖盘
1960,10:58:48,10.86,-0.02,18,19548,卖盘
1961,10:58:45,10.88,0.01,99,107712,买盘
1962,10:58:42,10.87,--,32,34784,卖盘
1963,10:58:39,10.87,--,17,18479,卖盘
1964,10:58:36,10.87,--,8,8696,买盘
1965,10:58:33,10.87,--,14,15217,卖盘
1966,10:58:30,10.87,--,21,22827,卖盘
1967,10:58:27,10.87,--,136,147832,卖盘
1968,10:58:21,10.87,--,51,55436,卖盘
1969,10:58:06,10.87,-0.01,159,172833,卖盘
1970,10:58:03,10.88,0.01,61,66368,买盘
1971,10:58:00,10.87,--,8,8696,卖盘
1972,10:57:57,10.87,--,5,5435,卖盘
1973,10:57:54,10.87,--,10,10870,卖盘
1974,10:57:51,10.87,--,54,58697,卖盘
1975,10:57:33,10.87,--,21,22827,卖盘
1976,10:57:27,10.87,--,2,2174,卖盘
1977,10:57:15,10.87,--,35,38045,卖盘
1978,10:57:12,10.87,--,16,17392,卖盘
1979,10:57:09,10.87,--,7,7608,卖盘
1980,10:57:03,10.87,-0.01,46,50002,卖盘
1981,10:56:57,10.88,0.01,12,13056,买盘
1982,10:56:54,10.87,-0.01,3,3260,卖盘
1983,10:56:48,10.88,0.01,6,6528,买盘
1984,10:56:39,10.87,--,5,5435,卖盘
1985,10:56:36,10.87,-0.01,19,20653,卖盘
1986,10:56:27,10.88,--,102,110976,买盘
1987,10:56:24,10.88,--,2,2176,买盘
1988,10:56:15,10.88,0.01,20,21760,买盘
1989,10:56:12,10.87,-0.01,13,14130,卖盘
1990,10:56:06,10.88,0.01,101,109888,买盘
1991,10:56:03,10.87,--,100,108699,卖盘
1992,10:56:00,10.87,-0.01,10,10870,卖盘
1993,10:55:51,10.88,--,5,5440,买盘
1994,10:55:48,10.88,--,15,16320,买盘
1995,10:55:45,10.88,--,41,44608,买盘
1996,10:55:42,10.88,--,17,18496,买盘
1997,10:55:36,10.88,--,1,1088,买盘
1998,10:55:33,10.88,--,6,6528,买盘
1999,10:55:30,10.88,--,71,77248,卖盘
2000,10:55:27,10.88,--,22,23936,卖盘
2001,10:55:24,10.88,--,20,21760,卖盘
2002,10:55:21,10.88,--,14,15232,买盘
2003,10:55:18,10.88,--,48,52224,卖盘
2004,10:55:15,10.88,--,15,16320,卖盘
2005,10:55:12,10.88,--,45,48960,卖盘
2006,10:55:09,10.88,--,30,32640,卖盘
2007,10:55:06,10.88,--,106,115328,卖盘
2008,10:55:00,10.88,--,1,1088,卖盘
2009,10:54:54,10.88,--,4,4352,买盘
2010,10:54:51,10.88,--,94,102272,卖盘
2011,10:54:48,10.88,--,30,32640,卖盘
2012,10:54:45,10.88,--,120,130560,卖盘
2013,10:54:42,10.88,--,30,32640,卖盘
2014,10:54:39,10.88,-0.01,10,10880,卖盘
2015,10:54:33,10.89,0.01,138,150282,买盘
2016,10:54:30,10.88,--,138,150144,卖盘
2017,10:54:27,10.88,--,27,29376,卖盘
2018,10:54:24,10.88,-0.01,17,18496,卖盘
2019,10:54:15,10.89,0.01,8,8712,买盘
2020,10:54:09,10.88,--,22,23936,卖盘
2021,10:54:06,10.88,--,12,13056,卖盘
2022,10:54:03,10.88,--,17,18496,卖盘
2023,10:54:00,10.88,--,19,20672,卖盘
2024,10:53:57,10.88,-0.01,2,2176,卖盘
2025,10:53:54,10.89,--,2,2178,买盘
2026,10:53:51,10.89,0.01,21,22869,买盘
2027,10:53:48,10.88,--,64,69632,买盘
2028,10:53:39,10.88,--,10,10880,卖盘
2029,10:53:36,10.88,--,89,96832,买盘
2030,10:53:30,10.88,0.01,16,17408,买盘
2031,10:53:27,10.87,--,113,122830,卖盘
2032,10:53:24,10.87,--,17,18479,卖盘
2033,10:53:18,10.87,--,5,5435,卖盘
2034,10:53:09,10.87,-0.01,368,400016,卖盘
2035,10:53:03,10.88,-0.02,50,54400,中性盘
2036,10:52:42,10.9,0.02,1051,1145590,买盘
2037,10:52:39,10.88,--,44,47872,买盘
2038,10:52:33,10.88,--,30,32640,买盘
2039,10:52:30,10.88,0.01,5,5440,买盘
2040,10:52:27,10.87,-0.01,1,1087,卖盘
2041,10:52:24,10.88,--,12,13056,买盘
2042,10:52:12,10.88,--,30,32640,买盘
2043,10:51:54,10.88,--,1,1088,买盘
2044,10:51:51,10.88,0.01,11,11968,买盘
2045,10:51:42,10.87,-0.01,44,47828,卖盘
2046,10:51:39,10.88,--,25,27200,买盘
2047,10:51:36,10.88,0.01,1,1088,买盘
2048,10:51:21,10.87,--,32,34784,卖盘
2049,10:51:18,10.87,--,31,33697,卖盘
2050,10:51:12,10.87,-0.01,23,25001,卖盘
2051,10:51:09,10.88,0.01,34,36992,买盘
2052,10:51:00,10.87,-0.01,99,107612,卖盘
2053,10:50:54,10.88,-0.01,100,108800,卖盘
2054,10:50:51,10.89,--,17,18513,买盘
2055,10:50:48,10.89,--,13,14157,买盘
2056,10:50:45,10.89,--,15,16335,买盘
2057,10:50:36,10.89,0.01,17,18513,买盘
2058,10:50:33,10.88,--,5,5440,卖盘
2059,10:50:27,10.88,-0.01,13,14144,卖盘
2060,10:50:18,10.89,--,104,113256,买盘
2061,10:50:06,10.89,0.01,16,17424,买盘
2062,10:50:03,10.88,--,86,93568,买盘
2063,10:50:00,10.88,--,215,233920,买盘
2064,10:49:57,10.88,--,8,8704,买盘
2065,10:49:54,10.88,--,13,14144,买盘
2066,10:49:51,10.88,0.01,3,3264,买盘
2067,10:49:48,10.87,--,10,10870,卖盘
2068,10:49:42,10.87,--,111,120678,买盘
2069,10:49:33,10.87,--,137,148919,卖盘
2070,10:49:24,10.87,--,10,10870,卖盘
2071,10:49:18,10.87,-0.01,200,217399,卖盘
2072,10:49:15,10.88,--,20,21760,买盘
2073,10:49:12,10.88,--,23,25024,买盘
2074,10:49:09,10.88,0.01,101,109888,买盘
2075,10:49:06,10.87,--,8,8696,卖盘
2076,10:49:03,10.87,--,50,54349,卖盘
2077,10:49:00,10.87,--,1,1087,卖盘
2078,10:48:57,10.87,-0.01,1,1087,卖盘
2079,10:48:51,10.88,0.01,6,6528,买盘
2080,10:48:42,10.87,--,72,78264,卖盘
2081,10:48:36,10.87,--,47,51088,卖盘
2082,10:48:30,10.87,--,22,23914,卖盘
2083,10:48:27,10.87,--,1,1087,卖盘
2084,10:48:24,10.87,--,7,7608,卖盘
2085,10:48:21,10.87,--,9,9783,卖盘
2086,10:48:15,10.87,--,3,3260,卖盘
2087,10:48:12,10.87,-0.01,12,13043,中性盘
2088,10:48:09,10.88,0.02,10,10880,买盘
2089,10:48:06,10.86,-0.01,477,518022,卖盘
2090,10:48:00,10.87,-0.01,50,54349,卖盘
2091,10:47:57,10.88,--,4,4352,买盘
2092,10:47:51,10.88,--,10,10880,买盘
2093,10:47:42,10.88,--,182,198016,卖盘
2094,10:47:39,10.88,-0.01,8,8704,卖盘
2095,10:47:36,10.89,0.01,1,1089,买盘
2096,10:47:33,10.88,--,36,39168,卖盘
2097,10:47:30,10.88,--,1,1088,卖盘
2098,10:47:15,10.88,--,18,19584,卖盘
2099,10:47:12,10.88,-0.01,7,7616,卖盘
2100,10:47:09,10.89,--,43,46827,买盘
2101,10:47:06,10.89,0.01,4,4356,买盘
2102,10:47:03,10.88,--,100,108800,卖盘
2103,10:47:00,10.88,--,16,17408,卖盘
2104,10:46:51,10.88,-0.01,110,119680,卖盘
2105,10:46:42,10.89,--,144,156816,买盘
2106,10:46:39,10.89,--,564,615263,卖盘
2107,10:46:36,10.89,-0.01,67,72963,卖盘
2108,10:46:33,10.9,0.01,4,4360,买盘
2109,10:46:30,10.89,--,8,8712,卖盘
2110,10:46:27,10.89,--,1,1089,卖盘
2111,10:46:24,10.89,--,57,62073,卖盘
2112,10:46:21,10.89,--,2,2178,卖盘
2113,10:46:18,10.89,--,30,32670,卖盘
2114,10:46:03,10.89,-0.01,22,23958,卖盘
2115,10:46:00,10.9,--,28,30541,买盘
2116,10:45:57,10.9,0.01,16,17440,买盘
2117,10:45:54,10.89,--,75,81675,卖盘
2118,10:45:51,10.89,--,5,5445,卖盘
2119,10:45:48,10.89,--,19,20691,卖盘
2120,10:45:42,10.89,--,46,50094,卖盘
2121,10:45:39,10.89,-0.01,30,32670,卖盘
2122,10:45:36,10.9,--,20,21800,买盘
2123,10:45:33,10.9,0.01,18,19620,买盘
2124,10:45:30,10.89,-0.01,16,17424,卖盘
2125,10:45:15,10.9,--,16,17440,卖盘
2126,10:45:12,10.9,--,217,236530,卖盘
2127,10:45:09,10.9,--,1,1090,卖盘
2128,10:45:06,10.9,--,201,219090,卖盘
2129,10:45:03,10.9,--,10,10900,卖盘
2130,10:45:00,10.9,--,10,10900,卖盘
2131,10:44:57,10.9,--,10,10900,卖盘
2132,10:44:54,10.9,--,17,18530,卖盘
2133,10:44:51,10.9,--,200,218000,卖盘
2134,10:44:42,10.9,--,21,22890,卖盘
2135,10:44:36,10.9,--,180,196200,卖盘
2136,10:44:33,10.9,-0.01,30,32700,卖盘
2137,10:44:30,10.91,0.01,21,22911,买盘
2138,10:44:27,10.9,--,54,58860,卖盘
2139,10:44:24,10.9,--,4,4360,卖盘
2140,10:44:21,10.9,--,10,10900,卖盘
2141,10:44:09,10.9,-0.01,1,1090,卖盘
2142,10:44:06,10.91,0.01,106,115646,买盘
2143,10:44:03,10.9,--,51,55590,卖盘
2144,10:44:00,10.9,--,15,16350,卖盘
2145,10:43:54,10.9,--,10,10900,卖盘
2146,10:43:48,10.9,--,20,21800,卖盘
2147,10:43:45,10.9,-0.01,10,10900,卖盘
2148,10:43:39,10.91,--,20,21820,买盘
2149,10:43:36,10.91,--,1,1091,买盘
2150,10:43:33,10.91,--,4,4364,买盘
2151,10:43:30,10.91,-0.01,162,176742,卖盘
2152,10:43:27,10.92,0.01,35,38220,买盘
2153,10:43:24,10.91,--,42,45822,卖盘
2154,10:43:21,10.91,-0.01,100,109100,卖盘
2155,10:43:18,10.92,0.01,25,27300,买盘
2156,10:43:06,10.91,-0.01,14,15274,卖盘
2157,10:43:03,10.92,0.01,49,53508,买盘
2158,10:43:00,10.91,--,103,112373,卖盘
2159,10:42:57,10.91,-0.01,240,261840,卖盘
2160,10:42:51,10.92,0.02,71,77532,买盘
2161,10:42:48,10.9,-0.01,274,298660,卖盘
2162,10:42:45,10.91,--,82,89462,买盘
2163,10:42:42,10.91,--,692,754972,卖盘
2164,10:42:39,10.91,-0.01,77,84007,卖盘
2165,10:42:33,10.92,--,214,233688,买盘
2166,10:42:30,10.92,--,67,73164,买盘
2167,10:42:27,10.92,0.01,14,15288,买盘
2168,10:42:24,10.91,--,77,84007,卖盘
2169,10:42:21,10.91,--,20,21820,卖盘
2170,10:42:18,10.91,-0.01,25,27275,买盘
2171,10:42:15,10.92,0.01,822,897624,买盘
2172,10:42:12,10.91,--,67,73097,买盘
2173,10:42:09,10.91,--,61,66551,买盘
2174,10:42:06,10.91,--,5,5455,买盘
2175,10:42:03,10.91,0.01,66,72006,买盘
2176,10:42:00,10.9,--,198,215820,卖盘
2177,10:41:57,10.9,-0.01,15,16350,卖盘
2178,10:41:54,10.91,--,61,66551,买盘
2179,10:41:51,10.91,--,8,8728,买盘
2180,10:41:48,10.91,--,62,67642,买盘
2181,10:41:45,10.91,--,61,66551,买盘
2182,10:41:42,10.91,--,87,94917,买盘
2183,10:41:39,10.91,0.01,72,78552,买盘
2184,10:41:33,10.9,-0.01,92,100280,中性盘
2185,10:41:27,10.91,0.01,191,208381,买盘
2186,10:41:24,10.9,--,82,89380,买盘
2187,10:41:21,10.9,--,838,913420,买盘
2188,10:41:18,10.9,--,63,68670,买盘
2189,10:41:15,10.9,0.01,61,66490,买盘
2190,10:41:12,10.89,--,1,1089,卖盘
2191,10:41:09,10.89,--,14,15246,买盘
2192,10:41:06,10.89,--,92,100188,买盘
2193,10:41:03,10.89,--,66,71874,买盘
2194,10:41:00,10.89,0.01,61,66429,买盘
2195,10:40:54,10.88,--,61,66368,买盘
2196,10:40:51,10.88,--,87,94656,买盘
2197,10:40:45,10.88,--,44,47872,买盘
2198,10:40:42,10.88,--,103,112064,买盘
2199,10:40:39,10.88,--,20,21760,买盘
2200,10:40:33,10.88,--,4,4352,买盘
2201,10:40:27,10.88,--,15,16320,买盘
2202,10:40:21,10.88,-0.02,15,16320,卖盘
2203,10:40:15,10.9,0.02,909,990810,买盘
2204,10:40:12,10.88,-0.02,30,32640,中性盘
2205,10:40:09,10.9,0.02,1680,1831200,买盘
2206,10:40:03,10.88,--,6,6528,买盘
2207,10:40:00,10.88,--,10,10880,买盘
2208,10:39:57,10.88,--,7,7616,买盘
2209,10:39:45,10.88,--,13,14144,买盘
2210,10:39:42,10.88,--,15,16320,买盘
2211,10:39:36,10.88,0.01,84,91392,买盘
2212,10:39:33,10.87,--,8,8696,卖盘
2213,10:39:30,10.87,--,65,70655,买盘
2214,10:39:27,10.87,--,41,44567,卖盘
2215,10:39:18,10.87,0.01,32,34784,买盘
2216,10:39:15,10.86,--,184,199824,卖盘
2217,10:39:09,10.86,--,30,32580,卖盘
2218,10:39:03,10.86,-0.01,57,61902,卖盘
2219,10:38:51,10.87,--,11,11957,买盘
2220,10:38:45,10.87,-0.01,10,10870,卖盘
2221,10:38:42,10.88,--,5,5440,买盘
2222,10:38:30,10.88,0.01,12,13056,买盘
2223,10:38:27,10.87,0.01,2,2174,中性盘
2224,10:38:24,10.86,--,28,30408,卖盘
2225,10:38:21,10.86,--,1,1086,卖盘
2226,10:38:18,10.86,--,1,1086,卖盘
2227,10:38:12,10.86,--,12,13032,卖盘
2228,10:38:09,10.86,--,2,2172,卖盘
2229,10:38:03,10.86,-0.02,40,43440,卖盘
2230,10:38:00,10.88,0.01,23,25024,买盘
2231,10:37:57,10.87,-0.01,1,1087,中性盘
2232,10:37:51,10.88,0.02,22,23936,买盘
2233,10:37:42,10.86,--,1,1086,卖盘
2234,10:37:36,10.86,0.01,10,10860,买盘
2235,10:37:33,10.85,-0.03,10,10850,卖盘
2236,10:37:27,10.88,0.03,10,10880,买盘
2237,10:37:24,10.85,--,17,18445,卖盘
2238,10:37:21,10.85,--,14,15190,卖盘
2239,10:37:18,10.85,--,5,5425,卖盘
2240,10:37:12,10.85,--,25,27125,卖盘
2241,10:37:09,10.85,--,20,21700,卖盘
2242,10:37:06,10.85,--,10,10850,卖盘
2243,10:37:03,10.85,--,2515,2728775,卖盘
2244,10:37:00,10.85,--,55,59675,卖盘
2245,10:36:54,10.85,-0.01,19,20615,卖盘
2246,10:36:51,10.86,--,8,8688,买盘
2247,10:36:42,10.86,0.01,3,3258,买盘
2248,10:36:39,10.85,-0.01,1,1085,卖盘
2249,10:36:33,10.86,0.01,4,4344,买盘
2250,10:36:27,10.85,-0.01,5,5425,卖盘
2251,10:36:24,10.86,--,5,5430,买盘
2252,10:36:18,10.86,--,20,21720,卖盘
2253,10:36:15,10.86,--,2,2172,买盘
2254,10:36:12,10.86,--,48,52128,卖盘
2255,10:36:00,10.86,-0.02,36,39096,买盘
2256,10:35:54,10.88,0.03,286,311168,买盘
2257,10:35:48,10.85,-0.01,504,547491,卖盘
2258,10:35:45,10.86,--,95,103604,卖盘
2259,10:35:30,10.86,-0.01,45,48870,卖盘
2260,10:35:21,10.87,0.01,11,11957,买盘
2261,10:35:18,10.86,--,20,22371,买盘
2262,10:35:15,10.86,--,76,82970,卖盘
2263,10:35:09,10.86,--,9,9774,卖盘
2264,10:35:06,10.86,--,70,76020,卖盘
2265,10:35:03,10.86,--,92,99912,卖盘
2266,10:34:57,10.86,--,10,10860,卖盘
2267,10:34:54,10.86,--,3,3258,卖盘
2268,10:34:45,10.86,--,9,9774,卖盘
2269,10:34:42,10.86,-0.01,500,543000,卖盘
2270,10:34:30,10.87,--,1,1087,买盘
2271,10:34:18,10.87,-0.01,116,126091,中性盘
2272,10:34:12,10.88,--,62,67456,买盘
2273,10:34:09,10.88,--,168,182784,买盘
2274,10:34:06,10.88,--,63,68544,买盘
2275,10:33:57,10.88,0.01,30,32640,买盘
2276,10:33:54,10.87,-0.01,113,122830,卖盘
2277,10:33:51,10.88,--,24,26112,买盘
2278,10:33:42,10.88,0.02,150,163200,买盘
2279,10:33:39,10.86,--,1,1086,卖盘
2280,10:33:36,10.86,-0.02,85,92961,卖盘
2281,10:33:15,10.88,0.02,22,23936,买盘
2282,10:33:12,10.86,--,31,33666,卖盘
2283,10:33:09,10.86,--,22,23892,卖盘
2284,10:33:06,10.86,--,20,21720,卖盘
2285,10:33:03,10.86,--,157,170502,卖盘
2286,10:32:57,10.86,--,454,493044,买盘
2287,10:32:54,10.86,-0.02,46,49956,卖盘
2288,10:32:51,10.88,0.02,2031,2209728,买盘
2289,10:32:48,10.86,--,6,6516,买盘
2290,10:32:45,10.86,--,28,30408,买盘
2291,10:32:42,10.86,--,31,33666,买盘
2292,10:32:36,10.86,0.01,50,54300,买盘
2293,10:32:30,10.85,-0.01,10,10850,卖盘
2294,10:32:27,10.86,--,52,56472,买盘
2295,10:32:24,10.86,--,202,219372,买盘
2296,10:32:21,10.86,0.01,1,1086,买盘
2297,10:32:18,10.85,-0.01,84,91140,卖盘
2298,10:32:15,10.86,0.01,102,110772,买盘
2299,10:32:12,10.85,--,59,64015,卖盘
2300,10:32:09,10.85,-0.01,2,2170,卖盘
2301,10:32:06,10.86,0.01,200,217200,买盘
2302,10:32:00,10.85,--,10,10850,卖盘
2303,10:31:57,10.85,-0.01,18,19530,卖盘
2304,10:31:54,10.86,0.01,22,23892,买盘
2305,10:31:51,10.85,--,50,54250,卖盘
2306,10:31:45,10.85,--,41,44485,卖盘
2307,10:31:42,10.85,--,20,21700,卖盘
2308,10:31:36,10.85,--,138,149730,卖盘
2309,10:31:33,10.85,--,6,6510,卖盘
2310,10:31:24,10.85,--,200,217000,卖盘
2311,10:31:21,10.85,--,43,46655,卖盘
2312,10:31:18,10.85,--,21,22785,卖盘
2313,10:31:12,10.85,--,71,77035,卖盘
2314,10:31:06,10.85,-0.01,8,8680,卖盘
2315,10:30:57,10.86,0.01,3,3258,买盘
2316,10:30:54,10.85,--,1,1085,卖盘
2317,10:30:48,10.85,--,5,5425,卖盘
2318,10:30:42,10.85,--,15,16275,卖盘
2319,10:30:39,10.85,-0.01,5,5425,卖盘
2320,10:30:36,10.86,--,78,84708,卖盘
2321,10:30:30,10.86,-0.01,50,54300,卖盘
2322,10:30:27,10.87,0.01,5,5435,买盘
2323,10:30:21,10.86,-0.01,147,159642,卖盘
2324,10:30:18,10.87,0.01,10,10870,买盘
2325,10:30:15,10.86,-0.01,54,58644,卖盘
2326,10:30:12,10.87,--,8,8696,买盘
2327,10:30:06,10.87,--,94,102177,买盘
2328,10:30:03,10.87,--,107,116308,买盘
2329,10:30:00,10.87,--,324,352188,卖盘
2330,10:29:45,10.87,--,5,5435,卖盘
2331,10:29:42,10.87,-0.01,5,5435,卖盘
2332,10:29:39,10.88,0.01,6,6528,买盘
2333,10:29:30,10.87,-0.01,14,15217,卖盘
2334,10:29:24,10.88,0.01,5,5440,买盘
2335,10:29:21,10.87,-0.01,130,141310,卖盘
2336,10:29:18,10.88,--,1,1088,买盘
2337,10:29:12,10.88,--,3,3264,买盘
2338,10:29:09,10.88,--,4,4352,买盘
2339,10:29:00,10.88,--,1,1088,卖盘
2340,10:28:57,10.88,-0.01,54,58752,卖盘
2341,10:28:54,10.89,0.01,18,19602,买盘
2342,10:28:48,10.88,--,5,5440,卖盘
2343,10:28:45,10.88,-0.01,33,35904,卖盘
2344,10:28:39,10.89,0.01,20,21780,买盘
2345,10:28:36,10.88,--,30,32640,卖盘
2346,10:28:30,10.88,--,113,122944,卖盘
2347,10:28:27,10.88,--,2,2176,卖盘
2348,10:28:21,10.88,--,31,33728,卖盘
2349,10:28:18,10.88,0.01,454,493952,买盘
2350,10:28:06,10.87,--,20,21740,卖盘
2351,10:27:57,10.87,-0.01,1,1087,卖盘
2352,10:27:54,10.88,--,9,9792,买盘
2353,10:27:51,10.88,--,10,10880,买盘
2354,10:27:42,10.88,0.01,29,31552,买盘
2355,10:27:39,10.87,--,3,3260,卖盘
2356,10:27:36,10.87,-0.01,4,4348,卖盘
2357,10:27:33,10.88,-0.01,10,10880,中性盘
2358,10:27:27,10.89,0.02,23,25047,买盘
2359,10:27:24,10.87,-0.01,58,63045,卖盘
2360,10:27:21,10.88,--,7,7616,买盘
2361,10:27:18,10.88,--,4,4352,卖盘
2362,10:27:15,10.88,-0.01,60,65280,卖盘
2363,10:27:12,10.89,--,29,31581,买盘
2364,10:27:06,10.89,--,16,17424,买盘
2365,10:27:03,10.89,0.01,67,72963,买盘
2366,10:26:48,10.88,-0.01,58,63104,卖盘
2367,10:26:42,10.89,--,202,219978,卖盘
2368,10:26:39,10.89,--,6,6534,卖盘
2369,10:26:36,10.89,--,15,16335,卖盘
2370,10:26:30,10.89,--,1,1089,卖盘
2371,10:26:27,10.89,--,136,148104,卖盘
2372,10:26:24,10.89,--,33,35937,卖盘
2373,10:26:21,10.89,--,4,4356,卖盘
2374,10:26:18,10.89,--,3,3267,卖盘
2375,10:26:15,10.89,--,48,52272,卖盘
2376,10:26:12,10.89,--,131,142659,卖盘
2377,10:26:09,10.89,--,152,165528,卖盘
2378,10:26:06,10.89,--,65,70785,卖盘
2379,10:26:03,10.89,--,11,11979,卖盘
2380,10:26:00,10.89,--,36,39204,卖盘
2381,10:25:57,10.89,--,16,17424,卖盘
2382,10:25:51,10.89,--,79,86031,卖盘
2383,10:25:48,10.89,--,1,1089,卖盘
2384,10:25:45,10.89,--,2,2178,卖盘
2385,10:25:39,10.89,--,8,8712,卖盘
2386,10:25:36,10.89,0.01,99,107811,买盘
2387,10:25:33,10.88,--,40,43520,卖盘
2388,10:25:30,10.88,--,6,6528,卖盘
2389,10:25:18,10.88,-0.01,2,2176,卖盘
2390,10:25:15,10.89,--,9,9801,买盘
2391,10:25:12,10.89,--,7,7623,中性盘
2392,10:25:09,10.89,--,13,14157,卖盘
2393,10:25:06,10.89,-0.01,11,11979,卖盘
2394,10:25:03,10.9,--,116,126440,买盘
2395,10:24:54,10.9,0.03,110,119900,买盘
2396,10:24:51,10.87,-0.03,2,2174,卖盘
2397,10:24:48,10.9,--,16,17440,买盘
2398,10:24:42,10.9,--,120,130800,买盘
2399,10:24:39,10.9,--,623,679070,买盘
2400,10:24:36,10.9,0.01,57,62130,买盘
2401,10:24:33,10.89,-0.01,105,114345,中性盘
2402,10:24:30,10.9,0.01,1500,1635000,买盘
2403,10:24:24,10.89,--,10,10890,买盘
2404,10:24:21,10.89,0.01,25,27225,买盘
2405,10:24:18,10.88,-0.01,136,147968,卖盘
2406,10:24:15,10.89,--,22,23958,买盘
2407,10:24:12,10.89,-0.01,340,370260,卖盘
2408,10:24:09,10.9,0.01,3,3270,买盘
2409,10:24:06,10.89,--,21,22869,卖盘
2410,10:24:03,10.89,-0.01,11,11979,卖盘
2411,10:24:00,10.9,--,13,14170,买盘
2412,10:23:54,10.9,0.01,20,21800,买盘
2413,10:23:45,10.89,0.02,41,44649,买盘
2414,10:23:42,10.87,--,10,10870,卖盘
2415,10:23:39,10.87,-0.03,40,43480,卖盘
2416,10:23:36,10.9,0.03,129,140610,买盘
2417,10:23:33,10.87,-0.02,2,2174,卖盘
2418,10:23:30,10.89,0.04,349,380061,买盘
2419,10:23:27,10.85,-0.03,27,29295,卖盘
2420,10:23:24,10.88,0.03,3,3264,买盘
2421,10:23:21,10.85,--,1,1085,卖盘
2422,10:23:15,10.85,-0.03,1,1085,卖盘
2423,10:23:12,10.88,0.03,1000,1088000,买盘
2424,10:23:06,10.85,0.01,18,19530,买盘
2425,10:23:00,10.84,-0.01,10,10840,卖盘
2426,10:22:57,10.85,0.02,14,15190,买盘
2427,10:22:45,10.83,-0.04,1,1083,卖盘
2428,10:22:42,10.87,0.04,661,718507,买盘
2429,10:22:36,10.83,-0.02,112,121296,卖盘
2430,10:22:33,10.85,--,58,62930,买盘
2431,10:22:30,10.85,--,2,2170,买盘
2432,10:22:27,10.85,0.01,140,151900,买盘
2433,10:22:21,10.84,--,120,130080,卖盘
2434,10:22:18,10.84,--,13,14092,卖盘
2435,10:22:12,10.84,--,50,54200,卖盘
2436,10:22:09,10.84,-0.01,15,16260,卖盘
2437,10:22:03,10.85,0.01,1,1085,买盘
2438,10:22:00,10.84,-0.01,21,22764,卖盘
2439,10:21:57,10.85,0.01,154,167090,买盘
2440,10:21:48,10.84,0.01,18,19512,买盘
2441,10:21:39,10.83,-0.01,6,6498,卖盘
2442,10:21:36,10.84,--,4,4336,买盘
2443,10:21:33,10.84,--,8,8672,卖盘
2444,10:21:30,10.84,--,1,1084,卖盘
2445,10:21:27,10.84,0.01,6,6504,买盘
2446,10:21:24,10.83,-0.01,1,1083,卖盘
2447,10:21:21,10.84,-0.01,24,26016,买盘
2448,10:21:18,10.85,0.01,139,150815,买盘
2449,10:21:15,10.84,0.02,524,568016,买盘
2450,10:21:12,10.82,--,14,15148,卖盘
2451,10:21:09,10.82,-0.02,600,649200,卖盘
2452,10:21:06,10.84,0.01,4,4336,中性盘
2453,10:20:57,10.83,--,10,10830,卖盘
2454,10:20:54,10.83,0.01,1003,1086249,买盘
2455,10:20:45,10.82,-0.01,301,325682,卖盘
2456,10:20:42,10.83,--,24,25992,卖盘
2457,10:20:36,10.83,-0.01,20,21660,卖盘
2458,10:20:30,10.84,--,5,5420,买盘
2459,10:20:27,10.84,--,21,22764,买盘
2460,10:20:24,10.84,--,5,5420,买盘
2461,10:20:15,10.84,--,42,45528,买盘
2462,10:20:12,10.84,--,527,571268,卖盘
2463,10:20:09,10.84,-0.01,216,234144,卖盘
2464,10:20:06,10.85,0.01,20,21700,买盘
2465,10:20:03,10.84,--,23,24932,卖盘
2466,10:19:51,10.84,-0.01,11,11924,卖盘
2467,10:19:45,10.85,--,230,249550,卖盘
2468,10:19:42,10.85,--,58,62930,卖盘
2469,10:19:39,10.85,-0.01,84,91140,卖盘
2470,10:19:36,10.86,0.01,84,91224,买盘
2471,10:19:33,10.85,--,110,119350,卖盘
2472,10:19:30,10.85,--,32,34720,卖盘
2473,10:19:21,10.85,--,17,18445,买盘
2474,10:19:18,10.85,--,41,44485,买盘
2475,10:19:15,10.85,0.01,25,27125,买盘
2476,10:19:12,10.84,--,77,83468,卖盘
2477,10:18:57,10.84,--,1,1084,卖盘
2478,10:18:51,10.84,--,34,36856,卖盘
2479,10:18:48,10.84,--,1,1084,卖盘
2480,10:18:45,10.84,--,83,89972,买盘
2481,10:18:42,10.84,--,1,1084,买盘
2482,10:18:39,10.84,0.01,24,26016,买盘
2483,10:18:36,10.83,--,9,9747,卖盘
2484,10:18:33,10.83,--,384,415872,卖盘
2485,10:18:30,10.83,-0.01,1,1083,卖盘
2486,10:18:27,10.84,--,68,73712,买盘
2487,10:18:24,10.84,0.01,8,8672,买盘
2488,10:18:21,10.83,--,41,44403,卖盘
2489,10:18:18,10.83,-0.01,3,3249,卖盘
2490,10:18:15,10.84,0.01,3,3252,买盘
2491,10:18:12,10.83,--,51,55233,卖盘
2492,10:18:09,10.83,-0.01,113,122379,卖盘
2493,10:18:06,10.84,0.01,1,1084,买盘
2494,10:18:03,10.83,-0.01,22,23826,卖盘
2495,10:18:00,10.84,0.01,11,11924,买盘
2496,10:17:57,10.83,-0.01,60,64980,卖盘
2497,10:17:54,10.84,--,20,21680,买盘
2498,10:17:48,10.84,0.01,3,3252,买盘
2499,10:17:45,10.83,--,7,7581,卖盘
2500,10:17:42,10.83,--,125,135375,卖盘
2501,10:17:36,10.83,-0.01,6,6498,卖盘
2502,10:17:33,10.84,--,5,5420,买盘
2503,10:17:30,10.84,0.01,92,99728,买盘
2504,10:17:27,10.83,-0.02,401,434283,卖盘
2505,10:17:21,10.85,--,2,2170,卖盘
2506,10:17:18,10.85,-0.01,35,37975,卖盘
2507,10:17:15,10.86,--,5,5430,卖盘
2508,10:17:12,10.86,0.02,85,92310,买盘
2509,10:17:09,10.84,-0.01,94,101896,卖盘
2510,10:17:03,10.85,-0.01,371,402535,卖盘
2511,10:16:57,10.86,0.01,2,2172,买盘
2512,10:16:54,10.85,-0.01,3,3255,卖盘
2513,10:16:51,10.86,--,40,43440,买盘
2514,10:16:48,10.86,0.01,27,29322,买盘
2515,10:16:45,10.85,-0.01,16,17360,卖盘
2516,10:16:42,10.86,--,11,11946,买盘
2517,10:16:33,10.86,0.01,21,22806,买盘
2518,10:16:30,10.85,-0.01,17,18445,卖盘
2519,10:16:24,10.86,--,10,10860,买盘
2520,10:16:21,10.86,--,42,45612,买盘
2521,10:16:18,10.86,-0.01,35,38010,卖盘
2522,10:16:09,10.87,--,13,14130,买盘
2523,10:16:06,10.87,0.01,51,55436,买盘
2524,10:16:03,10.86,--,10,10860,卖盘
2525,10:16:00,10.86,--,4,4344,卖盘
2526,10:15:54,10.86,0.01,23,24978,中性盘
2527,10:15:48,10.85,-0.01,6,6510,卖盘
2528,10:15:45,10.86,-0.01,50,54300,卖盘
2529,10:15:39,10.87,0.02,29,31522,买盘
2530,10:15:36,10.85,-0.02,112,121520,卖盘
2531,10:15:33,10.87,0.01,25,27174,买盘
2532,10:15:30,10.86,-0.01,40,43440,卖盘
2533,10:15:27,10.87,0.01,10,10870,买盘
2534,10:15:24,10.86,0.01,39,42354,中性盘
2535,10:15:18,10.85,--,2,2170,卖盘
2536,10:15:09,10.85,-0.02,57,61845,卖盘
2537,10:15:06,10.87,0.02,18,19566,买盘
2538,10:15:03,10.85,--,41,44485,卖盘
2539,10:15:00,10.85,--,36,39060,买盘
2540,10:14:57,10.85,-0.01,14,15190,卖盘
2541,10:14:51,10.86,0.02,2,2172,买盘
2542,10:14:48,10.84,-0.02,200,216800,卖盘
2543,10:14:45,10.86,0.01,5,5430,买盘
2544,10:14:39,10.85,--,1,1085,卖盘
2545,10:14:36,10.85,0.01,87,94395,买盘
2546,10:14:30,10.84,--,30,32520,卖盘
2547,10:14:27,10.84,--,2,2168,卖盘
2548,10:14:24,10.84,--,34,36856,买盘
2549,10:14:21,10.84,0.01,10,10840,买盘
2550,10:14:18,10.83,--,1,1083,卖盘
2551,10:14:15,10.83,-0.01,26,28158,卖盘
2552,10:14:09,10.84,--,55,59620,买盘
2553,10:14:06,10.84,0.01,130,140920,买盘
2554,10:14:03,10.83,-0.01,7,7581,卖盘
2555,10:14:00,10.84,--,6,6504,买盘
2556,10:13:57,10.84,--,80,86720,买盘
2557,10:13:54,10.84,-0.01,289,313276,卖盘
2558,10:13:42,10.85,--,24,26040,买盘
2559,10:13:36,10.85,--,8,8680,买盘
2560,10:13:33,10.85,0.01,13,14105,买盘
2561,10:13:30,10.84,-0.01,11,11924,卖盘
2562,10:13:27,10.85,--,114,123690,买盘
2563,10:13:21,10.85,--,24,26040,买盘
2564,10:13:12,10.85,--,140,151900,卖盘
2565,10:13:09,10.85,-0.01,7,7595,卖盘
2566,10:13:06,10.86,--,6,6516,买盘
2567,10:13:03,10.86,0.01,31,33666,买盘
2568,10:12:51,10.85,--,44,47740,卖盘
2569,10:12:48,10.85,--,107,116095,卖盘
2570,10:12:45,10.85,0.01,14,15190,卖盘
2571,10:12:33,10.84,-0.01,114,123576,卖盘
2572,10:12:30,10.85,--,15,16275,买盘
2573,10:12:27,10.85,--,104,112840,买盘
2574,10:12:24,10.85,--,30,32550,买盘
2575,10:12:21,10.85,--,10,10850,买盘
2576,10:12:18,10.85,--,3,3255,买盘
2577,10:12:15,10.85,--,11,11935,买盘
2578,10:12:12,10.85,-0.01,20,21700,买盘
2579,10:12:09,10.86,0.02,3,3258,买盘
2580,10:12:06,10.84,-0.02,200,216800,卖盘
2581,10:12:03,10.86,0.01,32,34752,买盘
2582,10:12:00,10.85,--,35,37975,卖盘
2583,10:11:51,10.85,--,102,110670,卖盘
2584,10:11:48,10.85,-0.01,14,15190,卖盘
2585,10:11:45,10.86,0.01,1,1086,买盘
2586,10:11:42,10.85,-0.01,151,163835,卖盘
2587,10:11:39,10.86,0.01,20,21720,买盘
2588,10:11:36,10.85,-0.01,13,14105,卖盘
2589,10:11:33,10.86,--,44,47784,卖盘
2590,10:11:30,10.86,-0.02,22,23892,卖盘
2591,10:11:24,10.88,--,144,156672,买盘
2592,10:11:21,10.88,--,550,598400,卖盘
2593,10:11:18,10.88,-0.01,153,166464,卖盘
2594,10:11:15,10.89,--,8,8712,买盘
2595,10:11:09,10.89,--,11,11979,买盘
2596,10:11:06,10.89,--,11,11979,买盘
2597,10:11:03,10.89,--,67,72963,买盘
2598,10:11:00,10.89,--,28,30492,买盘
2599,10:10:57,10.89,0.01,100,108900,买盘
2600,10:10:54,10.88,-0.01,5,5440,卖盘
2601,10:10:51,10.89,--,49,53361,卖盘
2602,10:10:48,10.89,--,29,31581,卖盘
2603,10:10:45,10.89,0.01,149,162261,买盘
2604,10:10:42,10.88,--,10,10880,卖盘
2605,10:10:36,10.88,-0.01,9,9792,卖盘
2606,10:10:30,10.89,0.01,22,23958,中性盘
2607,10:10:27,10.88,-0.01,78,84864,卖盘
2608,10:10:24,10.89,--,141,153549,卖盘
2609,10:10:21,10.89,-0.01,448,487872,中性盘
2610,10:10:18,10.9,--,122,132980,买盘
2611,10:10:15,10.9,0.01,26,28340,买盘
2612,10:10:12,10.89,--,77,83853,买盘
2613,10:10:09,10.89,0.01,21,22869,买盘
2614,10:10:06,10.88,-0.01,205,223040,卖盘
2615,10:10:03,10.89,--,1,1089,买盘
2616,10:10:00,10.89,--,41,44649,买盘
2617,10:09:57,10.89,--,100,108900,买盘
2618,10:09:54,10.89,--,147,160083,买盘
2619,10:09:51,10.89,--,1,1089,买盘
2620,10:09:48,10.89,0.01,24,26136,买盘
2621,10:09:45,10.88,--,14,15232,卖盘
2622,10:09:42,10.88,--,10,10880,卖盘
2623,10:09:36,10.88,--,60,65280,卖盘
2624,10:09:33,10.88,-0.01,16,17408,卖盘
2625,10:09:27,10.89,--,40,43560,买盘
2626,10:09:24,10.89,0.01,12,13068,中性盘
2627,10:09:21,10.88,-0.01,203,220864,卖盘
2628,10:09:18,10.89,0.01,51,55539,买盘
2629,10:09:15,10.88,--,299,325312,卖盘
2630,10:09:12,10.88,-0.01,1,1088,卖盘
2631,10:09:09,10.89,0.01,63,68607,买盘
2632,10:09:06,10.88,-0.01,12,13056,卖盘
2633,10:09:00,10.89,--,213,231957,买盘
2634,10:08:57,10.89,0.01,143,155727,买盘
2635,10:08:54,10.88,--,31,33728,卖盘
2636,10:08:51,10.88,--,11,11968,卖盘
2637,10:08:48,10.88,-0.01,7,7616,卖盘
2638,10:08:45,10.89,0.01,27,29403,买盘
2639,10:08:42,10.88,--,2,2176,卖盘
2640,10:08:39,10.88,--,15,16320,买盘
2641,10:08:36,10.88,0.03,300,326400,买盘
2642,10:08:30,10.85,-0.04,5,5425,卖盘
2643,10:08:18,10.89,0.04,47,51183,买盘
2644,10:08:15,10.85,--,100,108500,卖盘
2645,10:08:12,10.85,--,628,681380,卖盘
2646,10:08:09,10.85,--,1,1085,卖盘
2647,10:08:03,10.85,-0.03,7,7595,卖盘
2648,10:08:00,10.88,--,68,73984,买盘
2649,10:07:57,10.88,--,56,60928,买盘
2650,10:07:54,10.88,0.03,1000,1088000,买盘
2651,10:07:51,10.85,--,54,58590,买盘
2652,10:07:48,10.85,--,30,32550,买盘
2653,10:07:45,10.85,-0.01,339,367815,卖盘
2654,10:07:42,10.86,-0.01,14,15204,卖盘
2655,10:07:39,10.87,0.01,31,33697,买盘
2656,10:07:36,10.86,-0.01,461,500646,卖盘
2657,10:07:33,10.87,--,3,3260,买盘
2658,10:07:30,10.87,--,264,286968,买盘
2659,10:07:27,10.87,--,200,217399,卖盘
2660,10:07:24,10.87,--,1,1087,卖盘
2661,10:07:21,10.87,-0.01,11,11957,卖盘
2662,10:07:15,10.88,--,23,25024,卖盘
2663,10:07:12,10.88,--,55,59840,买盘
2664,10:07:09,10.88,--,137,149056,卖盘
2665,10:07:06,10.88,-0.01,97,105536,卖盘
2666,10:07:03,10.89,0.01,51,55539,买盘
2667,10:07:00,10.88,-0.01,89,96832,卖盘
2668,10:06:57,10.89,--,31,33759,买盘
2669,10:06:54,10.89,--,27,29403,买盘
2670,10:06:51,10.89,--,71,77319,卖盘
2671,10:06:48,10.89,--,163,177507,卖盘
2672,10:06:45,10.89,--,13,14157,卖盘
2673,10:06:42,10.89,--,286,311454,买盘
2674,10:06:39,10.89,--,5,5445,买盘
2675,10:06:36,10.89,--,70,76230,卖盘
2676,10:06:33,10.89,--,16,17424,卖盘
2677,10:06:30,10.89,-0.01,39,42471,卖盘
2678,10:06:24,10.9,0.01,186,202740,买盘
2679,10:06:21,10.89,--,39,42471,卖盘
2680,10:06:18,10.89,-0.01,155,168795,卖盘
2681,10:06:15,10.9,0.01,33,35970,卖盘
2682,10:06:09,10.89,-0.02,69,75141,卖盘
2683,10:06:06,10.91,0.03,29,31639,买盘
2684,10:06:03,10.88,--,29,31552,卖盘
2685,10:06:00,10.88,-0.04,72,78336,卖盘
2686,10:05:57,10.92,0.02,39,42588,买盘
2687,10:05:54,10.9,-0.02,35,38150,中性盘
2688,10:05:51,10.92,0.04,577,630084,买盘
2689,10:05:48,10.88,--,151,164288,卖盘
2690,10:05:42,10.88,--,1,1088,卖盘
2691,10:05:39,10.88,-0.02,42,45696,卖盘
2692,10:05:36,10.9,0.02,36,39240,买盘
2693,10:05:33,10.88,-0.01,30,32640,卖盘
2694,10:05:30,10.89,--,7,7623,买盘
2695,10:05:27,10.89,-0.01,126,137214,卖盘
2696,10:05:24,10.9,-0.01,145,158050,中性盘
2697,10:05:21,10.91,0.02,196,213836,买盘
2698,10:05:18,10.89,-0.01,604,657756,卖盘
2699,10:05:15,10.9,0.01,42,45780,买盘
2700,10:05:12,10.89,--,1,1089,卖盘
2701,10:05:09,10.89,-0.01,7,7623,卖盘
2702,10:05:06,10.9,--,393,428370,买盘
2703,10:05:03,10.9,0.01,122,132980,买盘
2704,10:05:00,10.89,-0.01,30,32670,卖盘
2705,10:04:57,10.9,--,126,137340,买盘
2706,10:04:54,10.9,0.01,114,124260,买盘
2707,10:04:51,10.89,--,48,52272,买盘
2708,10:04:48,10.89,-0.01,66,71874,卖盘
2709,10:04:42,10.9,0.01,499,543910,买盘
2710,10:04:39,10.89,--,14,15246,卖盘
2711,10:04:33,10.89,0.01,107,116523,买盘
2712,10:04:30,10.88,-0.01,23,25024,卖盘
2713,10:04:27,10.89,0.01,7,7623,买盘
2714,10:04:24,10.88,0.02,40,43520,买盘
2715,10:04:21,10.86,--,47,51042,买盘
2716,10:04:18,10.86,-0.04,32,34752,卖盘
2717,10:04:15,10.9,0.04,146,159140,买盘
2718,10:04:12,10.86,-0.04,96,104256,卖盘
2719,10:04:09,10.9,0.04,1500,1635000,买盘
2720,10:04:06,10.86,--,30,32580,买盘
2721,10:04:00,10.86,--,25,28083,卖盘
2722,10:03:57,10.86,-0.02,44,47784,卖盘
2723,10:03:54,10.88,-0.01,1,1088,中性盘
2724,10:03:51,10.89,0.03,89,96921,买盘
2725,10:03:48,10.86,--,5,5430,卖盘
2726,10:03:45,10.86,--,116,125976,卖盘
2727,10:03:42,10.86,--,7,7602,卖盘
2728,10:03:39,10.86,-0.01,458,497388,卖盘
2729,10:03:36,10.87,-0.01,14,15217,卖盘
2730,10:03:33,10.88,--,5,5440,卖盘
2731,10:03:30,10.88,--,10,10880,卖盘
2732,10:03:27,10.88,--,24,26112,卖盘
2733,10:03:21,10.88,0.01,4,4352,卖盘
2734,10:03:18,10.87,-0.01,18,19566,卖盘
2735,10:03:15,10.88,-0.01,177,192576,中性盘
2736,10:03:12,10.89,--,43,46827,买盘
2737,10:03:09,10.89,0.02,52,56628,买盘
2738,10:03:06,10.87,-0.02,22,23914,卖盘
2739,10:02:57,10.89,--,109,118701,买盘
2740,10:02:54,10.89,--,153,166617,买盘
2741,10:02:51,10.89,--,18,19602,买盘
2742,10:02:48,10.89,--,278,302742,买盘
2743,10:02:45,10.89,--,122,132858,卖盘
2744,10:02:39,10.89,0.01,181,197109,买盘
2745,10:02:36,10.88,--,14,15232,卖盘
2746,10:02:33,10.88,-0.01,15,16320,卖盘
2747,10:02:30,10.89,--,3,3267,买盘
2748,10:02:27,10.89,--,20,21780,买盘
2749,10:02:21,10.89,--,203,221067,买盘
2750,10:02:18,10.89,--,116,126324,买盘
2751,10:02:15,10.89,--,19,20691,卖盘
2752,10:02:12,10.89,-0.01,41,44649,卖盘
2753,10:02:09,10.9,0.01,57,62130,买盘
2754,10:02:06,10.89,--,14,15246,卖盘
2755,10:02:03,10.89,--,67,72963,卖盘
2756,10:02:00,10.89,--,70,76230,卖盘
2757,10:01:57,10.89,-0.01,7,7623,卖盘
2758,10:01:51,10.9,--,113,123170,买盘
2759,10:01:48,10.9,0.01,26,28340,买盘
2760,10:01:45,10.89,-0.01,174,189486,卖盘
2761,10:01:42,10.9,--,11,11990,买盘
2762,10:01:39,10.9,--,9,9810,买盘
2763,10:01:36,10.9,--,3,3270,买盘
2764,10:01:33,10.9,--,224,244160,卖盘
2765,10:01:30,10.9,--,21,22890,卖盘
2766,10:01:27,10.9,--,249,271410,卖盘
2767,10:01:24,10.9,--,12,13080,卖盘
2768,10:01:21,10.9,0.01,313,341170,买盘
2769,10:01:18,10.89,--,33,35937,买盘
2770,10:01:15,10.89,--,6,6534,买盘
2771,10:01:12,10.89,--,49,53361,卖盘
2772,10:01:09,10.89,-0.01,109,118701,卖盘
2773,10:01:06,10.9,--,88,95920,买盘
2774,10:01:03,10.9,0.01,52,56680,买盘
2775,10:01:00,10.89,-0.01,60,65340,卖盘
2776,10:00:57,10.9,0.01,4,4360,买盘
2777,10:00:54,10.89,--,22,23958,卖盘
2778,10:00:51,10.89,--,67,72963,卖盘
2779,10:00:48,10.89,--,60,65340,卖盘
2780,10:00:45,10.89,-0.01,6,6534,卖盘
2781,10:00:42,10.9,--,22,23980,买盘
2782,10:00:39,10.9,0.01,20,21800,买盘
2783,10:00:36,10.89,-0.02,23,25047,卖盘
2784,10:00:33,10.91,0.03,138,150558,买盘
2785,10:00:30,10.88,-0.01,39,42432,买盘
2786,10:00:27,10.89,-0.02,5,5445,卖盘
2787,10:00:24,10.91,0.01,332,362212,买盘
2788,10:00:21,10.9,-0.01,21,22890,卖盘
2789,10:00:15,10.91,--,253,276023,买盘
2790,10:00:12,10.91,--,127,138557,卖盘
2791,10:00:09,10.91,-0.01,28,30548,卖盘
2792,10:00:06,10.92,--,20,21840,买盘
2793,10:00:03,10.92,--,84,91826,卖盘
2794,10:00:00,10.92,-0.01,7,7644,卖盘
2795,09:59:57,10.93,--,175,191275,买盘
2796,09:59:51,10.93,-0.01,542,592406,卖盘
2797,09:59:48,10.94,0.01,43,47042,买盘
2798,09:59:45,10.93,-0.01,422,461246,卖盘
2799,09:59:42,10.94,0.01,21,22974,买盘
2800,09:59:39,10.93,--,13,14209,卖盘
2801,09:59:36,10.93,-0.01,50,54650,卖盘
2802,09:59:33,10.94,0.01,594,649836,买盘
2803,09:59:30,10.93,--,40,43720,买盘
2804,09:59:27,10.93,-0.01,3,3279,中性盘
2805,09:59:24,10.94,0.01,82,89708,买盘
2806,09:59:21,10.93,0.01,25,27325,买盘
2807,09:59:18,10.92,--,6,6552,卖盘
2808,09:59:15,10.92,-0.01,102,111384,卖盘
2809,09:59:12,10.93,0.01,706,772652,买盘
2810,09:59:09,10.92,--,301,328692,买盘
2811,09:59:06,10.92,--,126,137592,买盘
