,time,price,change,volume,amount,type
0,15:00:03,8.39,--,18556,15568484,卖盘
1,14:57:00,8.39,--,771,646869,卖盘
2,14:56:57,8.39,--,418,350702,卖盘
3,14:56:54,8.39,--,409,343151,买盘
4,14:56:51,8.39,--,458,384262,买盘
5,14:56:48,8.39,--,2677,2246003,卖盘
6,14:56:45,8.39,--,898,753422,卖盘
7,14:56:42,8.39,--,491,411949,卖盘
8,14:56:39,8.39,--,462,387618,买盘
9,14:56:36,8.39,--,730,612470,买盘
10,14:56:33,8.39,0.01,457,383423,买盘
11,14:56:30,8.38,-0.01,604,506152,卖盘
12,14:56:27,8.39,--,1128,946392,卖盘
13,14:56:24,8.39,0.01,391,328049,中性盘
14,14:56:21,8.38,-0.01,2105,1763990,卖盘
15,14:56:18,8.39,--,369,310094,买盘
16,14:56:15,8.39,--,326,273514,买盘
17,14:56:12,8.39,0.01,349,292811,买盘
18,14:56:09,8.38,--,648,543082,卖盘
19,14:56:06,8.38,-0.01,621,520398,卖盘
20,14:56:03,8.39,0.01,1513,1269407,买盘
21,14:56:00,8.38,-0.01,933,781854,卖盘
22,14:55:57,8.39,--,138,115782,买盘
23,14:55:54,8.39,--,189,158571,买盘
24,14:55:51,8.39,0.01,388,325532,买盘
25,14:55:48,8.38,-0.01,272,227936,卖盘
26,14:55:45,8.39,-0.01,607,509776,卖盘
27,14:55:42,8.4,0.01,616,517440,买盘
28,14:55:39,8.39,--,1331,1116709,卖盘
29,14:55:36,8.39,-0.01,889,745871,卖盘
30,14:55:33,8.4,--,1169,981960,买盘
31,14:55:30,8.4,--,532,447216,买盘
32,14:55:27,8.4,--,1484,1246560,买盘
33,14:55:24,8.4,--,936,786240,买盘
34,14:55:21,8.4,--,796,668640,买盘
35,14:55:18,8.4,--,210,176400,买盘
36,14:55:15,8.4,0.01,521,437640,买盘
37,14:55:12,8.39,-0.01,556,466484,卖盘
38,14:55:09,8.4,--,482,404880,买盘
39,14:55:06,8.4,--,243,204120,买盘
40,14:55:03,8.4,-0.01,2852,2396511,卖盘
41,14:55:00,8.41,0.01,818,687938,买盘
42,14:54:57,8.4,-0.01,893,750120,卖盘
43,14:54:54,8.41,--,328,275848,买盘
44,14:54:51,8.41,--,519,436479,买盘
45,14:54:48,8.41,--,573,481893,买盘
46,14:54:45,8.41,--,350,294350,买盘
47,14:54:42,8.41,-0.02,4565,3839165,卖盘
48,14:54:39,8.43,--,463,390309,买盘
49,14:54:36,8.43,--,191,161013,买盘
50,14:54:33,8.43,--,400,337200,买盘
51,14:54:30,8.43,0.01,749,631407,买盘
52,14:54:27,8.42,--,325,273650,卖盘
53,14:54:24,8.42,-0.01,113,95146,卖盘
54,14:54:21,8.43,0.01,385,324555,买盘
55,14:54:18,8.42,-0.01,266,223972,卖盘
56,14:54:15,8.43,0.02,345,290835,买盘
57,14:54:12,8.41,--,206,173246,卖盘
58,14:54:09,8.41,--,222,186702,卖盘
59,14:54:06,8.41,--,68,57188,卖盘
60,14:54:03,8.41,0.01,15,12615,卖盘
61,14:54:00,8.4,-0.01,197,165480,卖盘
62,14:53:57,8.41,0.01,171,143811,买盘
63,14:53:54,8.4,-0.01,96,80640,卖盘
64,14:53:51,8.41,0.01,3605,3031813,买盘
65,14:53:48,8.4,0.01,168,141120,买盘
66,14:53:45,8.39,--,1172,983308,卖盘
67,14:53:42,8.39,--,210,176190,卖盘
68,14:53:39,8.39,--,402,337278,卖盘
69,14:53:36,8.39,--,1334,1119226,买盘
70,14:53:33,8.39,-0.01,1690,1418094,卖盘
71,14:53:30,8.4,0.01,901,756840,买盘
72,14:53:27,8.39,-0.01,431,361609,卖盘
73,14:53:24,8.4,0.01,204,171360,买盘
74,14:53:21,8.39,--,291,244149,卖盘
75,14:53:18,8.39,--,1345,1128455,卖盘
76,14:53:15,8.39,--,148,124172,卖盘
77,14:53:12,8.39,--,739,620524,卖盘
78,14:53:09,8.39,--,87,72993,卖盘
79,14:53:06,8.39,--,485,407066,买盘
80,14:53:03,8.39,--,793,665327,买盘
81,14:53:00,8.39,0.01,216,181224,买盘
82,14:52:57,8.38,-0.01,196,164248,卖盘
83,14:52:54,8.39,--,225,188775,买盘
84,14:52:51,8.39,0.01,644,540316,买盘
85,14:52:48,8.38,-0.01,2011,1685218,卖盘
86,14:52:45,8.39,--,400,335600,买盘
87,14:52:42,8.39,--,218,182902,买盘
88,14:52:39,8.39,--,1621,1360019,卖盘
89,14:52:36,8.39,0.01,1139,955621,买盘
90,14:52:33,8.38,-0.01,446,373748,卖盘
91,14:52:30,8.39,--,329,276031,买盘
92,14:52:27,8.39,0.01,2195,1842108,买盘
93,14:52:24,8.38,-0.01,381,319278,卖盘
94,14:52:21,8.39,--,1644,1379316,卖盘
95,14:52:18,8.39,--,696,583944,卖盘
96,14:52:15,8.39,--,305,255895,卖盘
97,14:52:12,8.39,-0.01,226,189614,卖盘
98,14:52:09,8.4,--,405,340200,买盘
99,14:52:06,8.4,0.01,2243,1884120,买盘
100,14:52:03,8.39,-0.01,993,833127,卖盘
101,14:52:00,8.4,--,3314,2783760,卖盘
102,14:51:57,8.4,-0.01,126,105840,卖盘
103,14:51:54,8.41,--,319,268279,买盘
104,14:51:51,8.41,0.01,202,169882,买盘
105,14:51:48,8.4,-0.01,699,587160,卖盘
106,14:51:45,8.41,-0.01,260,218660,卖盘
107,14:51:42,8.42,0.02,626,527092,买盘
108,14:51:39,8.4,--,225,189000,卖盘
109,14:51:36,8.4,--,241,202440,卖盘
110,14:51:33,8.4,--,753,632520,卖盘
111,14:51:30,8.4,--,1292,1085280,买盘
112,14:51:27,8.4,--,304,255360,卖盘
113,14:51:24,8.4,-0.01,664,557760,卖盘
114,14:51:21,8.41,0.01,296,248936,买盘
115,14:51:18,8.4,-0.01,2321,1949640,卖盘
116,14:51:15,8.41,0.01,215,180815,中性盘
117,14:51:12,8.4,--,104,87360,卖盘
118,14:51:09,8.4,0.01,893,750120,买盘
119,14:51:06,8.39,0.01,392,328888,买盘
120,14:51:03,8.38,-0.02,794,665372,卖盘
121,14:51:00,8.4,--,300,252000,买盘
122,14:50:57,8.4,--,359,301896,卖盘
123,14:50:54,8.4,--,143,120120,卖盘
124,14:50:51,8.4,--,952,799680,买盘
125,14:50:48,8.4,0.02,2445,2053800,买盘
126,14:50:45,8.38,--,410,343580,买盘
127,14:50:42,8.38,-0.02,2046,1714548,卖盘
128,14:50:39,8.4,0.01,636,534240,买盘
129,14:50:36,8.39,--,1475,1237525,卖盘
130,14:50:33,8.39,-0.01,295,247505,卖盘
131,14:50:30,8.4,-0.02,6455,5422200,卖盘
132,14:50:27,8.42,--,492,414264,卖盘
133,14:50:24,8.42,-0.01,212,178504,卖盘
134,14:50:21,8.43,0.01,184,155112,买盘
135,14:50:18,8.42,--,62,52204,卖盘
136,14:50:15,8.42,--,167,140614,卖盘
137,14:50:12,8.42,--,278,234076,卖盘
138,14:50:09,8.42,--,282,237444,卖盘
139,14:50:06,8.42,--,292,245864,买盘
140,14:50:03,8.42,0.01,304,255968,买盘
141,14:50:00,8.41,--,302,253982,卖盘
142,14:49:57,8.41,--,78,65598,卖盘
143,14:49:54,8.41,0.01,381,320421,中性盘
144,14:49:51,8.4,-0.01,494,414960,卖盘
145,14:49:48,8.41,--,549,461709,买盘
146,14:49:45,8.41,0.01,1701,1430541,买盘
147,14:49:42,8.4,--,1387,1165080,卖盘
148,14:49:39,8.4,--,412,346852,卖盘
149,14:49:36,8.4,0.01,46,38640,中性盘
150,14:49:33,8.39,--,1520,1275783,卖盘
151,14:49:30,8.39,-0.01,110,92290,中性盘
152,14:49:27,8.4,0.02,831,698040,买盘
153,14:49:24,8.38,-0.01,1293,1083534,中性盘
154,14:49:21,8.39,0.02,2007,1683873,买盘
155,14:49:18,8.37,--,679,568323,卖盘
156,14:49:15,8.37,--,386,323081,买盘
157,14:49:12,8.37,--,459,384182,买盘
158,14:49:09,8.37,--,1190,996029,卖盘
159,14:49:06,8.37,-0.01,1880,1573559,卖盘
160,14:49:03,8.38,-0.01,1909,1599742,卖盘
161,14:49:00,8.39,--,338,283582,买盘
162,14:48:57,8.39,--,1606,1347434,卖盘
163,14:48:54,8.39,--,1299,1089861,卖盘
164,14:48:51,8.39,--,175,146825,卖盘
165,14:48:48,8.39,-0.01,2201,1846639,卖盘
166,14:48:45,8.4,-0.01,2530,2125200,卖盘
167,14:48:42,8.41,--,311,261551,买盘
168,14:48:39,8.41,--,993,835113,卖盘
169,14:48:36,8.41,--,619,520579,卖盘
170,14:48:33,8.41,-0.01,131,110171,卖盘
171,14:48:30,8.42,--,915,770430,卖盘
172,14:48:27,8.42,-0.01,1015,854630,卖盘
173,14:48:24,8.43,--,346,291678,买盘
174,14:48:21,8.43,--,774,652482,卖盘
175,14:48:18,8.43,-0.01,1266,1067238,卖盘
176,14:48:15,8.44,0.01,40,33760,中性盘
177,14:48:12,8.43,-0.02,919,774717,卖盘
178,14:48:09,8.45,--,390,329550,买盘
179,14:48:06,8.45,--,398,336310,买盘
180,14:48:03,8.45,-0.01,3002,2537526,卖盘
181,14:48:00,8.46,-0.01,4462,3774852,卖盘
182,14:47:57,8.47,-0.01,160,135520,买盘
183,14:47:54,8.48,0.01,215,182320,买盘
184,14:47:51,8.47,--,848,718256,卖盘
185,14:47:48,8.47,--,581,492107,卖盘
186,14:47:45,8.47,--,1645,1393315,卖盘
187,14:47:42,8.47,--,388,328636,卖盘
188,14:47:39,8.47,-0.01,566,479503,卖盘
189,14:47:36,8.48,--,263,223024,买盘
190,14:47:33,8.48,--,648,549504,买盘
191,14:47:30,8.48,--,185,156880,卖盘
192,14:47:27,8.48,0.01,109,92432,卖盘
193,14:47:24,8.47,-0.02,2580,2185260,卖盘
194,14:47:21,8.49,--,106,89994,买盘
195,14:47:18,8.49,0.01,263,223287,买盘
196,14:47:15,8.48,-0.01,187,158576,卖盘
197,14:47:12,8.49,--,248,210552,买盘
198,14:47:09,8.49,--,818,694482,买盘
199,14:47:06,8.49,0.01,571,484779,买盘
200,14:47:03,8.48,-0.02,324,274752,卖盘
201,14:47:00,8.5,0.01,184,156400,买盘
202,14:46:57,8.49,-0.01,472,400728,卖盘
203,14:46:54,8.5,0.01,82,69700,买盘
204,14:46:51,8.49,-0.01,206,174894,卖盘
205,14:46:48,8.5,0.01,118,100300,买盘
206,14:46:45,8.49,--,23,19527,卖盘
207,14:46:42,8.49,--,136,115464,卖盘
208,14:46:39,8.49,--,49,41601,卖盘
209,14:46:36,8.49,--,123,104511,买盘
210,14:46:33,8.49,0.01,161,136689,买盘
211,14:46:30,8.48,--,597,506256,卖盘
212,14:46:27,8.48,-0.01,2209,1873232,卖盘
213,14:46:24,8.49,0.01,146,123954,买盘
214,14:46:21,8.48,--,604,512192,卖盘
215,14:46:18,8.48,--,54,45792,卖盘
216,14:46:15,8.48,--,57,48336,卖盘
217,14:46:12,8.48,--,399,338352,卖盘
218,14:46:09,8.48,0.01,208,176384,买盘
219,14:46:06,8.47,-0.01,641,542927,卖盘
220,14:46:03,8.48,--,413,350224,卖盘
221,14:46:00,8.48,0.01,181,153488,卖盘
222,14:45:57,8.47,-0.01,469,397243,卖盘
223,14:45:54,8.48,0.01,260,220480,买盘
224,14:45:51,8.47,--,193,163471,卖盘
225,14:45:48,8.47,-0.01,655,554785,卖盘
226,14:45:45,8.48,0.01,318,269664,买盘
227,14:45:42,8.47,--,408,345576,卖盘
228,14:45:39,8.47,-0.02,1080,915429,卖盘
229,14:45:36,8.49,--,1029,874419,买盘
230,14:45:33,8.49,0.01,1092,927158,买盘
231,14:45:30,8.48,--,1046,887008,卖盘
232,14:45:27,8.48,--,1309,1110032,卖盘
233,14:45:24,8.48,-0.01,285,241680,卖盘
234,14:45:21,8.49,0.01,919,780231,买盘
235,14:45:18,8.48,--,267,226416,卖盘
236,14:45:15,8.48,-0.01,1274,1081149,卖盘
237,14:45:12,8.49,-0.01,387,328563,卖盘
238,14:45:09,8.5,--,259,220150,买盘
239,14:45:06,8.5,--,239,203150,买盘
240,14:45:03,8.5,--,205,174250,买盘
241,14:45:00,8.5,--,1280,1088000,买盘
242,14:44:57,8.5,-0.02,7511,6384528,卖盘
243,14:44:54,8.52,--,204,173808,卖盘
244,14:44:51,8.52,--,238,202776,卖盘
245,14:44:48,8.52,-0.01,309,263268,卖盘
246,14:44:45,8.53,0.01,544,464031,买盘
247,14:44:42,8.52,-0.01,57,48564,卖盘
248,14:44:39,8.53,--,83,70799,买盘
249,14:44:36,8.53,--,91,77623,买盘
250,14:44:33,8.53,--,141,120272,买盘
251,14:44:30,8.53,0.01,117,99800,买盘
252,14:44:27,8.52,-0.01,1032,879264,卖盘
253,14:44:24,8.53,--,535,456354,卖盘
254,14:44:21,8.53,-0.01,204,174012,卖盘
255,14:44:18,8.54,--,92,78567,卖盘
256,14:44:15,8.54,--,240,204959,买盘
257,14:44:12,8.54,--,95,81129,中性盘
258,14:44:09,8.54,--,2616,2234064,卖盘
259,14:44:06,8.54,-0.01,125,106749,卖盘
260,14:44:03,8.55,--,276,235980,买盘
261,14:44:00,8.55,--,97,82935,买盘
262,14:43:57,8.55,0.01,82,70110,买盘
263,14:43:54,8.54,-0.01,43,36721,卖盘
264,14:43:51,8.55,--,477,407835,卖盘
265,14:43:48,8.55,--,226,193230,买盘
266,14:43:45,8.55,--,276,235980,买盘
267,14:43:42,8.55,--,382,326610,买盘
268,14:43:39,8.55,--,221,188955,买盘
269,14:43:36,8.55,0.01,35,29925,买盘
270,14:43:33,8.54,--,145,123829,卖盘
271,14:43:30,8.54,-0.01,83,70882,卖盘
272,14:43:27,8.55,0.01,180,153900,买盘
273,14:43:24,8.54,--,206,175923,卖盘
274,14:43:21,8.54,--,156,133224,卖盘
275,14:43:18,8.54,--,84,71736,卖盘
276,14:43:15,8.54,0.01,771,658433,买盘
277,14:43:12,8.53,-0.01,7,5971,卖盘
278,14:43:09,8.54,--,200,170799,买盘
279,14:43:06,8.54,--,450,384299,买盘
280,14:43:03,8.54,--,136,116143,买盘
281,14:43:00,8.54,--,155,132370,买盘
282,14:42:57,8.54,0.01,20,17080,买盘
283,14:42:54,8.53,-0.01,71,60562,卖盘
284,14:42:51,8.54,0.01,605,516669,买盘
285,14:42:48,8.53,-0.01,626,533978,卖盘
286,14:42:45,8.54,0.01,170,145180,买盘
287,14:42:42,8.53,--,300,255899,买盘
288,14:42:39,8.53,-0.01,560,477679,卖盘
289,14:42:36,8.54,--,474,404795,买盘
290,14:42:33,8.54,--,104,88815,买盘
291,14:42:30,8.54,--,171,146033,买盘
292,14:42:27,8.54,0.01,251,214353,买盘
293,14:42:24,8.53,-0.01,112,95536,卖盘
294,14:42:21,8.54,0.01,660,563640,买盘
295,14:42:18,8.53,-0.01,389,331817,中性盘
296,14:42:15,8.54,0.01,103,87961,买盘
297,14:42:12,8.53,-0.01,753,642309,卖盘
298,14:42:09,8.54,--,127,108457,买盘
299,14:42:06,8.54,--,246,210083,买盘
300,14:42:03,8.54,--,187,159697,买盘
301,14:42:00,8.54,0.01,193,164821,买盘
302,14:41:57,8.53,--,272,232015,卖盘
303,14:41:54,8.53,--,94,80182,卖盘
304,14:41:51,8.53,--,329,280637,卖盘
305,14:41:48,8.53,0.02,49,41797,卖盘
306,14:41:45,8.51,-0.02,1129,960779,卖盘
307,14:41:42,8.53,--,498,424793,买盘
308,14:41:39,8.53,--,282,240545,买盘
309,14:41:36,8.53,--,177,150981,买盘
310,14:41:33,8.53,0.01,249,212396,买盘
311,14:41:30,8.52,--,218,185736,卖盘
312,14:41:27,8.52,0.01,269,229188,卖盘
313,14:41:24,8.51,--,67,57017,卖盘
314,14:41:21,8.51,-0.01,305,259555,卖盘
315,14:41:18,8.52,--,177,150804,卖盘
316,14:41:15,8.52,--,649,552948,卖盘
317,14:41:12,8.52,--,496,422592,买盘
318,14:41:09,8.52,0.01,132,112464,买盘
319,14:41:06,8.51,-0.01,240,204240,卖盘
320,14:41:03,8.52,--,252,214704,买盘
321,14:41:00,8.52,0.01,64,54528,买盘
322,14:40:57,8.51,--,679,577829,卖盘
323,14:40:54,8.51,--,163,138713,买盘
324,14:40:51,8.51,--,351,298701,卖盘
325,14:40:48,8.51,--,570,485070,卖盘
326,14:40:45,8.51,--,510,434010,买盘
327,14:40:42,8.51,--,257,218707,买盘
328,14:40:39,8.51,--,321,273171,买盘
329,14:40:36,8.51,--,187,159137,买盘
330,14:40:33,8.51,--,569,484219,买盘
331,14:40:30,8.51,--,1359,1156509,买盘
332,14:40:27,8.51,-0.01,206,175306,卖盘
333,14:40:24,8.52,0.01,416,355105,买盘
334,14:40:21,8.51,0.01,396,336996,买盘
335,14:40:18,8.5,-0.02,491,417350,卖盘
336,14:40:15,8.52,0.01,222,189144,买盘
337,14:40:12,8.51,--,219,186369,买盘
338,14:40:09,8.51,--,761,647611,卖盘
339,14:40:06,8.51,--,376,319976,卖盘
340,14:40:03,8.51,-0.01,783,666333,卖盘
341,14:40:00,8.52,0.01,26,22152,中性盘
342,14:39:57,8.51,--,312,265512,卖盘
343,14:39:54,8.51,--,273,232323,卖盘
344,14:39:51,8.51,--,764,650164,卖盘
345,14:39:48,8.51,-0.01,85,72335,卖盘
346,14:39:45,8.52,--,130,110760,买盘
347,14:39:42,8.52,-0.01,234,199368,卖盘
348,14:39:39,8.53,--,154,131362,买盘
349,14:39:36,8.53,0.01,310,264430,买盘
350,14:39:33,8.52,--,361,307572,卖盘
351,14:39:30,8.52,-0.01,817,696084,卖盘
352,14:39:27,8.53,--,64,54591,买盘
353,14:39:24,8.53,--,33,28148,买盘
354,14:39:21,8.53,--,141,120272,买盘
355,14:39:18,8.53,--,401,342053,卖盘
356,14:39:15,8.53,--,116,98947,卖盘
357,14:39:12,8.53,-0.01,30,25589,卖盘
358,14:39:09,8.54,0.01,116,99063,买盘
359,14:39:06,8.53,--,308,262724,卖盘
360,14:39:03,8.53,--,16,13647,卖盘
361,14:39:00,8.53,-0.01,263,224338,卖盘
362,14:38:57,8.54,0.01,213,181901,买盘
363,14:38:54,8.53,0.01,619,528007,买盘
364,14:38:51,8.52,-0.01,146,124392,卖盘
365,14:38:48,8.53,0.01,235,200454,买盘
366,14:38:45,8.52,--,120,102240,卖盘
367,14:38:42,8.52,--,589,501828,买盘
368,14:38:39,8.52,--,264,224928,卖盘
369,14:38:36,8.52,--,59,50268,卖盘
370,14:38:33,8.52,--,171,145692,卖盘
371,14:38:30,8.52,0.01,182,155064,中性盘
372,14:38:27,8.51,--,355,302105,卖盘
373,14:38:24,8.51,--,128,108928,卖盘
374,14:38:21,8.51,--,343,291893,卖盘
375,14:38:18,8.51,--,368,313168,卖盘
376,14:38:15,8.51,--,153,130203,卖盘
377,14:38:12,8.51,--,687,584637,买盘
378,14:38:09,8.51,-0.01,482,410182,卖盘
379,14:38:06,8.52,0.02,456,388512,买盘
380,14:38:03,8.5,-0.01,2218,1885300,卖盘
381,14:38:00,8.51,0.01,390,331890,买盘
382,14:37:57,8.5,--,397,337450,卖盘
383,14:37:54,8.5,-0.01,281,238850,卖盘
384,14:37:51,8.51,-0.01,791,673141,卖盘
385,14:37:48,8.52,0.01,89,75828,买盘
386,14:37:45,8.51,--,92,78292,卖盘
387,14:37:42,8.51,--,269,228919,卖盘
388,14:37:39,8.51,0.01,844,718244,买盘
389,14:37:36,8.5,-0.01,381,323850,卖盘
390,14:37:33,8.51,0.01,185,157435,买盘
391,14:37:30,8.5,--,371,315350,卖盘
392,14:37:27,8.5,--,180,153000,卖盘
393,14:37:24,8.5,--,94,79900,卖盘
394,14:37:21,8.5,--,319,271150,卖盘
395,14:37:18,8.5,0.01,852,724251,买盘
396,14:37:15,8.49,--,1186,1006914,卖盘
397,14:37:12,8.49,0.01,1044,886356,买盘
398,14:37:09,8.48,-0.01,323,273904,卖盘
399,14:37:06,8.49,--,918,779382,买盘
400,14:37:03,8.49,--,891,757257,卖盘
401,14:37:00,8.49,-0.01,372,315878,卖盘
402,14:36:57,8.5,--,851,723350,买盘
403,14:36:54,8.5,--,138,117300,买盘
404,14:36:51,8.5,--,287,243950,买盘
405,14:36:48,8.5,-0.01,1395,1185750,卖盘
406,14:36:45,8.51,0.01,783,666333,买盘
407,14:36:42,8.5,-0.01,885,752250,卖盘
408,14:36:39,8.51,--,5535,4710285,买盘
409,14:36:36,8.51,-0.01,511,434861,卖盘
410,14:36:33,8.52,0.01,284,241968,买盘
411,14:36:30,8.51,-0.01,1043,887593,卖盘
412,14:36:27,8.52,--,310,264120,买盘
413,14:36:24,8.52,--,2765,2355780,买盘
414,14:36:21,8.52,-0.01,2234,1903368,卖盘
415,14:36:18,8.53,-0.01,488,416263,卖盘
416,14:36:15,8.54,--,42,35868,卖盘
417,14:36:12,8.54,--,108,92231,卖盘
418,14:36:09,8.54,-0.01,184,157135,卖盘
419,14:36:06,8.55,--,738,630990,卖盘
420,14:36:03,8.55,--,926,791730,卖盘
421,14:36:00,8.55,-0.01,411,351405,卖盘
422,14:35:57,8.56,--,2755,2358280,卖盘
423,14:35:54,8.56,--,94,80464,卖盘
424,14:35:51,8.56,-0.01,132,112992,卖盘
425,14:35:48,8.57,-0.01,51,43707,买盘
426,14:35:45,8.58,0.01,1901,1631058,买盘
427,14:35:42,8.57,--,310,265670,卖盘
428,14:35:39,8.57,--,78,66846,卖盘
429,14:35:36,8.57,-0.01,162,138834,卖盘
430,14:35:33,8.58,--,325,278850,买盘
431,14:35:30,8.58,-0.01,3272,2807376,卖盘
432,14:35:27,8.59,--,29,24911,买盘
433,14:35:24,8.59,--,214,183826,卖盘
434,14:35:21,8.59,--,189,162351,买盘
435,14:35:18,8.59,0.01,80,68720,买盘
436,14:35:15,8.58,-0.01,50,42900,卖盘
437,14:35:12,8.59,--,148,127132,买盘
438,14:35:09,8.59,--,156,134004,卖盘
439,14:35:06,8.59,-0.01,315,270585,卖盘
440,14:35:03,8.6,0.01,617,530620,买盘
441,14:35:00,8.59,--,78,67002,卖盘
442,14:34:57,8.59,--,337,289483,卖盘
443,14:34:54,8.59,-0.01,57,48963,卖盘
444,14:34:51,8.6,0.01,331,284660,买盘
445,14:34:48,8.59,-0.01,700,601497,卖盘
446,14:34:45,8.6,-0.01,761,654460,卖盘
447,14:34:42,8.61,0.01,771,663831,买盘
448,14:34:39,8.6,--,173,148780,卖盘
449,14:34:36,8.6,--,67,57620,卖盘
450,14:34:33,8.6,--,110,94600,卖盘
451,14:34:30,8.6,-0.01,83,71380,卖盘
452,14:34:27,8.61,0.01,230,198030,买盘
453,14:34:24,8.6,--,62,53320,卖盘
454,14:34:15,8.6,--,149,128140,卖盘
455,14:34:12,8.6,--,720,619862,买盘
456,14:34:09,8.6,--,105,90300,买盘
457,14:34:06,8.6,0.01,192,165120,买盘
458,14:34:03,8.59,-0.01,183,157197,卖盘
459,14:34:00,8.6,0.01,536,460960,买盘
460,14:33:57,8.59,-0.01,49,42091,卖盘
461,14:33:54,8.6,0.01,240,206400,买盘
462,14:33:51,8.59,--,74,63566,卖盘
463,14:33:48,8.59,-0.01,35,30065,卖盘
464,14:33:45,8.6,--,64,55040,买盘
465,14:33:42,8.6,0.01,24,20640,买盘
466,14:33:39,8.59,--,39,33501,卖盘
467,14:33:36,8.59,--,161,138299,卖盘
468,14:33:33,8.59,--,291,249969,卖盘
469,14:33:30,8.59,--,36,30924,卖盘
470,14:33:27,8.59,0.01,211,181249,买盘
471,14:33:24,8.58,-0.01,408,350064,卖盘
472,14:33:21,8.59,--,10,8590,买盘
473,14:33:18,8.59,-0.01,155,133145,卖盘
474,14:33:15,8.6,--,735,632100,买盘
475,14:33:12,8.6,0.01,55,47300,买盘
476,14:33:09,8.59,--,59,50681,卖盘
477,14:33:06,8.59,0.01,110,94490,中性盘
478,14:33:03,8.58,-0.01,127,108966,卖盘
479,14:33:00,8.59,0.01,516,443244,买盘
480,14:32:57,8.58,-0.01,10,8580,卖盘
481,14:32:54,8.59,--,12,10308,买盘
482,14:32:51,8.59,--,29,24911,买盘
483,14:32:48,8.59,-0.01,216,185544,卖盘
484,14:32:45,8.6,0.01,99,85140,买盘
485,14:32:42,8.59,--,842,723278,卖盘
486,14:32:39,8.59,--,134,115106,卖盘
487,14:32:36,8.59,--,39,33501,卖盘
488,14:32:33,8.59,--,22,18898,卖盘
489,14:32:30,8.59,0.01,195,167505,买盘
490,14:32:27,8.58,--,764,655512,卖盘
491,14:32:24,8.58,--,75,64350,卖盘
492,14:32:21,8.58,-0.01,727,623766,卖盘
493,14:32:18,8.59,--,122,104798,买盘
494,14:32:15,8.59,-0.01,206,176954,卖盘
495,14:32:12,8.6,0.01,22,18920,买盘
496,14:32:09,8.59,--,152,130568,卖盘
497,14:32:06,8.59,-0.01,781,670879,卖盘
498,14:32:03,8.6,0.01,104,89956,买盘
499,14:32:00,8.59,-0.01,268,230555,卖盘
500,14:31:57,8.6,--,470,404200,卖盘
501,14:31:54,8.6,--,223,192296,买盘
502,14:31:51,8.6,--,690,593400,买盘
503,14:31:48,8.6,--,106,91160,买盘
504,14:31:45,8.6,0.02,116,99760,买盘
505,14:31:42,8.58,-0.02,368,315744,卖盘
506,14:31:39,8.6,0.01,152,130720,买盘
507,14:31:36,8.59,-0.01,227,194993,卖盘
508,14:31:33,8.6,--,43,36980,买盘
509,14:31:30,8.6,0.02,28,24080,买盘
510,14:31:27,8.58,--,440,377520,卖盘
511,14:31:24,8.58,-0.01,262,224796,卖盘
512,14:31:21,8.59,--,153,131427,买盘
513,14:31:18,8.59,0.01,413,354767,买盘
514,14:31:15,8.58,--,4,3432,卖盘
515,14:31:12,8.58,--,1526,1309308,买盘
516,14:31:09,8.58,0.01,367,314886,买盘
517,14:31:06,8.57,--,485,415645,卖盘
518,14:31:03,8.57,0.01,137,117409,卖盘
519,14:31:00,8.56,--,508,434848,卖盘
520,14:30:57,8.56,--,69,59064,卖盘
521,14:30:54,8.56,--,50,42800,卖盘
522,14:30:51,8.56,--,121,103576,卖盘
523,14:30:48,8.56,--,242,207152,买盘
524,14:30:45,8.56,--,2499,2139144,买盘
525,14:30:42,8.56,--,1222,1046032,买盘
526,14:30:39,8.56,-0.02,241,206296,卖盘
527,14:30:36,8.58,0.01,505,433290,买盘
528,14:30:33,8.57,-0.01,3447,2954079,卖盘
529,14:30:30,8.58,--,103,88374,卖盘
530,14:30:27,8.58,--,204,175032,买盘
531,14:30:24,8.58,--,1035,888030,卖盘
532,14:30:21,8.58,--,73,62634,卖盘
533,14:30:18,8.58,-0.01,221,189618,买盘
534,14:30:15,8.59,0.01,323,277457,买盘
535,14:30:12,8.58,--,528,453024,卖盘
536,14:30:09,8.58,--,1558,1336764,卖盘
537,14:30:06,8.58,-0.01,999,857142,卖盘
538,14:30:03,8.59,--,998,857282,买盘
539,14:30:00,8.59,--,68,58412,买盘
540,14:29:57,8.59,--,131,112529,买盘
541,14:29:54,8.59,-0.01,267,229353,中性盘
542,14:29:51,8.6,--,1657,1425020,买盘
543,14:29:48,8.6,--,157,135020,买盘
544,14:29:45,8.6,--,328,282080,买盘
545,14:29:42,8.6,--,320,275200,卖盘
546,14:29:39,8.6,-0.01,1135,976100,卖盘
547,14:29:36,8.61,0.01,780,671580,买盘
548,14:29:33,8.6,--,3918,3369480,卖盘
549,14:29:30,8.6,-0.01,804,691440,卖盘
550,14:29:27,8.61,0.01,114,98154,买盘
551,14:29:24,8.6,-0.01,104,89440,卖盘
552,14:29:21,8.61,0.01,151,130010,买盘
553,14:29:18,8.6,-0.01,95,81700,卖盘
554,14:29:15,8.61,--,3140,2703540,卖盘
555,14:29:12,8.61,--,371,319431,卖盘
556,14:29:09,8.61,--,1670,1437870,卖盘
557,14:29:06,8.61,--,121,104181,卖盘
558,14:29:03,8.61,--,307,264327,卖盘
559,14:29:00,8.61,--,305,262605,卖盘
560,14:28:57,8.61,-0.01,365,314265,卖盘
561,14:28:54,8.62,--,146,125851,买盘
562,14:28:51,8.62,--,93,80166,买盘
563,14:28:48,8.62,--,51,43961,买盘
564,14:28:45,8.62,--,1392,1199904,卖盘
565,14:28:42,8.62,-0.01,746,643051,卖盘
566,14:28:39,8.63,0.01,265,228695,买盘
567,14:28:36,8.62,-0.01,170,146540,卖盘
568,14:28:33,8.63,0.01,145,125135,买盘
569,14:28:30,8.62,-0.01,587,505993,卖盘
570,14:28:27,8.63,--,3082,2659766,卖盘
571,14:28:24,8.63,--,104,89752,卖盘
572,14:28:21,8.63,-0.01,1532,1322116,卖盘
573,14:28:18,8.64,0.01,134,115776,买盘
574,14:28:15,8.63,-0.01,331,285653,卖盘
575,14:28:12,8.64,--,37,31968,买盘
576,14:28:09,8.64,--,571,493344,卖盘
577,14:28:06,8.64,--,458,395712,卖盘
578,14:28:03,8.64,--,96,82944,卖盘
579,14:28:00,8.64,--,203,175392,卖盘
580,14:27:57,8.64,--,2677,2312928,卖盘
581,14:27:54,8.64,--,42,36288,卖盘
582,14:27:51,8.64,-0.01,242,209088,卖盘
583,14:27:48,8.65,-0.01,187,162351,卖盘
584,14:27:45,8.66,0.01,802,694532,买盘
585,14:27:42,8.65,-0.01,2652,2293980,卖盘
586,14:27:39,8.66,--,20,17320,买盘
587,14:27:36,8.66,--,83,71878,买盘
588,14:27:33,8.66,--,316,273725,卖盘
589,14:27:30,8.66,--,1,866,卖盘
590,14:27:27,8.66,-0.01,45,38970,卖盘
591,14:27:24,8.67,0.01,730,632910,买盘
592,14:27:21,8.66,-0.01,9,7794,卖盘
593,14:27:18,8.67,0.01,32,27744,买盘
594,14:27:15,8.66,-0.01,264,228624,卖盘
595,14:27:12,8.67,0.01,42,36414,买盘
596,14:27:09,8.66,-0.01,30,25980,卖盘
597,14:27:06,8.67,0.01,10,8670,买盘
598,14:27:03,8.66,-0.01,137,118642,卖盘
599,14:27:00,8.67,--,34,29478,买盘
600,14:26:57,8.67,--,44,38148,买盘
601,14:26:54,8.67,0.01,54,46818,买盘
602,14:26:51,8.66,-0.01,20,17320,卖盘
603,14:26:48,8.67,--,303,262701,买盘
604,14:26:45,8.67,--,10,8670,买盘
605,14:26:42,8.67,--,405,351135,买盘
606,14:26:39,8.67,--,74,64158,买盘
607,14:26:36,8.67,--,102,88434,买盘
608,14:26:33,8.67,0.01,21,18207,买盘
609,14:26:30,8.66,--,61,52826,卖盘
610,14:26:27,8.66,--,43,37238,卖盘
611,14:26:24,8.66,-0.01,54,46764,卖盘
612,14:26:18,8.67,--,187,162129,买盘
613,14:26:15,8.67,--,103,89301,买盘
614,14:26:12,8.67,--,47,40749,买盘
615,14:26:09,8.67,--,4,3468,买盘
616,14:26:06,8.67,--,3,2601,买盘
617,14:26:03,8.67,--,21,18207,买盘
618,14:26:00,8.67,--,5,4335,买盘
619,14:25:57,8.67,--,51,44217,买盘
620,14:25:54,8.67,0.01,3,2601,买盘
621,14:25:51,8.66,-0.01,89,77074,卖盘
622,14:25:42,8.67,0.01,29,25143,买盘
623,14:25:39,8.66,-0.01,62,53692,卖盘
624,14:25:36,8.67,--,13,11271,买盘
625,14:25:33,8.67,0.01,3,2601,买盘
626,14:25:30,8.66,--,39,33774,卖盘
627,14:25:27,8.66,-0.01,65,56290,卖盘
628,14:25:24,8.67,--,19,16473,买盘
629,14:25:21,8.67,--,780,676710,买盘
630,14:25:15,8.67,--,10,8670,买盘
631,14:25:12,8.67,0.01,3,2601,买盘
632,14:25:06,8.66,-0.01,15,12990,卖盘
633,14:25:03,8.67,0.01,11,9537,买盘
634,14:25:00,8.66,-0.01,3,2598,卖盘
635,14:24:57,8.67,--,30,26010,买盘
636,14:24:54,8.67,--,43,37281,买盘
637,14:24:51,8.67,--,1,867,买盘
638,14:24:48,8.67,--,171,148257,卖盘
639,14:24:45,8.67,--,10,8670,卖盘
640,14:24:42,8.67,--,91,78897,卖盘
641,14:24:36,8.67,--,12,10404,买盘
642,14:24:33,8.67,0.01,5,4335,买盘
643,14:24:27,8.66,-0.01,1,866,卖盘
644,14:24:24,8.67,0.01,46,39882,买盘
645,14:24:21,8.66,-0.01,133,115178,卖盘
646,14:24:18,8.67,-0.01,806,698802,卖盘
647,14:24:15,8.68,--,12,10416,买盘
648,14:24:12,8.68,--,166,144504,卖盘
649,14:24:09,8.68,--,107,93327,买盘
650,14:24:06,8.68,--,85,73780,买盘
651,14:24:03,8.68,--,7,6076,买盘
652,14:23:57,8.68,--,76,65968,买盘
653,14:23:54,8.68,--,26,22568,买盘
654,14:23:51,8.68,-0.01,296,257344,卖盘
655,14:23:45,8.69,0.01,2,1738,买盘
656,14:23:42,8.68,-0.01,12,10416,卖盘
657,14:23:39,8.69,0.01,28,24332,买盘
658,14:23:36,8.68,--,2,1736,卖盘
659,14:23:33,8.68,--,272,236547,买盘
660,14:23:30,8.68,--,75,65100,买盘
661,14:23:27,8.68,0.01,50,43400,买盘
662,14:23:24,8.67,-0.01,241,208947,卖盘
663,14:23:21,8.68,0.01,72,62496,买盘
664,14:23:18,8.67,--,239,207213,卖盘
665,14:23:15,8.67,-0.01,271,234957,卖盘
666,14:23:12,8.68,--,5,4340,买盘
667,14:23:09,8.68,--,36,31248,买盘
668,14:23:06,8.68,--,9,7812,买盘
669,14:23:03,8.68,0.01,52,45136,买盘
670,14:23:00,8.67,-0.01,109,94503,卖盘
671,14:22:57,8.68,0.01,96,83328,买盘
672,14:22:54,8.67,-0.01,33,28611,卖盘
673,14:22:51,8.68,--,43,37324,买盘
674,14:22:48,8.68,--,62,53816,买盘
675,14:22:45,8.68,--,35,30380,买盘
676,14:22:42,8.68,--,32,27776,买盘
677,14:22:39,8.68,--,35,30380,买盘
678,14:22:36,8.68,--,23,19964,买盘
679,14:22:33,8.68,0.01,62,53816,买盘
680,14:22:30,8.67,--,12,10404,卖盘
681,14:22:27,8.67,--,82,71094,买盘
682,14:22:24,8.67,-0.01,60,52020,卖盘
683,14:22:21,8.68,0.01,5,4340,买盘
684,14:22:18,8.67,--,56,48552,卖盘
685,14:22:15,8.67,--,47,40749,卖盘
686,14:22:12,8.67,--,11,9537,卖盘
687,14:22:09,8.67,--,117,101439,卖盘
688,14:22:06,8.67,--,37,32079,卖盘
689,14:22:03,8.67,-0.01,97,84099,卖盘
690,14:22:00,8.68,0.01,16,13888,买盘
691,14:21:57,8.67,--,507,439569,买盘
692,14:21:54,8.67,0.01,56,48552,买盘
693,14:21:51,8.66,--,81,70146,卖盘
694,14:21:48,8.66,-0.01,18,15588,卖盘
695,14:21:45,8.67,--,186,161262,买盘
696,14:21:42,8.67,--,41,35547,买盘
697,14:21:39,8.67,--,63,54621,买盘
698,14:21:36,8.67,0.01,401,347667,买盘
699,14:21:33,8.66,--,28,24248,卖盘
700,14:21:30,8.66,--,26,22516,卖盘
701,14:21:27,8.66,-0.01,151,130766,卖盘
702,14:21:24,8.67,--,20,17340,买盘
703,14:21:18,8.67,0.01,67,58089,买盘
704,14:21:15,8.66,-0.01,143,123838,卖盘
705,14:21:12,8.67,0.01,77,66759,买盘
706,14:21:09,8.66,--,73,63218,卖盘
707,14:21:06,8.66,-0.01,70,60620,卖盘
708,14:21:03,8.67,--,258,223686,买盘
709,14:21:00,8.67,--,8,6936,买盘
710,14:20:57,8.67,--,16,13872,买盘
711,14:20:54,8.67,--,137,118779,买盘
712,14:20:51,8.67,--,190,164730,买盘
713,14:20:48,8.67,0.01,5,4335,买盘
714,14:20:45,8.66,-0.01,10,8660,卖盘
715,14:20:42,8.67,--,1,867,买盘
716,14:20:39,8.67,0.01,1,867,买盘
717,14:20:36,8.66,-0.01,152,131632,卖盘
718,14:20:33,8.67,--,106,91902,买盘
719,14:20:30,8.67,0.01,141,122247,买盘
720,14:20:27,8.66,-0.01,20,17320,卖盘
721,14:20:24,8.67,0.01,28,24276,买盘
722,14:20:21,8.66,-0.01,73,63218,卖盘
723,14:20:12,8.67,--,23,19941,买盘
724,14:20:09,8.67,--,67,58089,买盘
725,14:20:06,8.67,0.01,1,867,买盘
726,14:20:03,8.66,-0.01,57,49362,卖盘
727,14:19:57,8.67,0.01,66,57222,买盘
728,14:19:54,8.66,-0.01,62,53692,卖盘
729,14:19:51,8.67,0.01,24,20808,中性盘
730,14:19:48,8.66,-0.02,194,168004,卖盘
731,14:19:45,8.68,--,22,19096,买盘
732,14:19:42,8.68,0.01,21,18228,买盘
733,14:19:36,8.67,--,2,1734,卖盘
734,14:19:33,8.67,0.01,63,54621,买盘
735,14:19:30,8.66,-0.01,111,96126,卖盘
736,14:19:27,8.67,0.01,3,2601,买盘
737,14:19:21,8.66,--,100,86600,卖盘
738,14:19:18,8.66,-0.01,25,21650,卖盘
739,14:19:15,8.67,--,3,2947,买盘
740,14:19:12,8.67,0.01,31,26877,买盘
741,14:19:09,8.66,--,71,61486,卖盘
742,14:19:06,8.66,-0.01,3,2598,卖盘
743,14:19:03,8.67,--,4,3468,买盘
744,14:19:00,8.67,--,710,615570,买盘
745,14:18:57,8.67,0.01,49,42483,买盘
746,14:18:51,8.66,--,171,148086,卖盘
747,14:18:48,8.66,-0.01,3,2598,卖盘
748,14:18:45,8.67,0.01,80,69360,买盘
749,14:18:42,8.66,--,110,95260,卖盘
750,14:18:39,8.66,-0.01,9,7794,卖盘
751,14:18:36,8.67,--,8,6936,买盘
752,14:18:33,8.67,0.01,128,110976,买盘
753,14:18:30,8.66,--,30,25980,卖盘
754,14:18:27,8.66,--,148,128168,卖盘
755,14:18:24,8.66,--,100,86600,卖盘
756,14:18:21,8.66,--,87,75342,买盘
757,14:18:18,8.66,--,179,155014,买盘
758,14:18:15,8.66,--,13,11258,买盘
759,14:18:12,8.66,--,51,44166,买盘
760,14:18:09,8.66,0.01,142,122972,买盘
761,14:18:06,8.65,-0.01,88,76120,卖盘
762,14:18:03,8.66,--,45,38970,卖盘
763,14:18:00,8.66,0.01,112,96992,买盘
764,14:17:57,8.65,-0.01,2,1730,卖盘
765,14:17:54,8.66,--,179,155014,卖盘
766,14:17:51,8.66,--,201,174066,买盘
767,14:17:48,8.66,-0.01,26,22516,中性盘
768,14:17:45,8.67,0.01,90,78030,买盘
769,14:17:42,8.66,--,94,81404,卖盘
770,14:17:39,8.66,--,23,19918,卖盘
771,14:17:36,8.66,--,36,31176,卖盘
772,14:17:33,8.66,--,74,64084,卖盘
773,14:17:30,8.66,-0.01,27,23382,卖盘
774,14:17:27,8.67,0.01,58,50286,买盘
775,14:17:24,8.66,--,66,57156,卖盘
776,14:17:21,8.66,-0.01,1,866,卖盘
777,14:17:18,8.67,--,126,109242,买盘
778,14:17:15,8.67,--,305,264435,买盘
779,14:17:12,8.67,--,51,44217,买盘
780,14:17:09,8.67,0.02,5,4335,买盘
781,14:17:06,8.65,-0.01,146,126290,卖盘
782,14:17:03,8.66,--,25,21650,买盘
783,14:17:00,8.66,--,172,148952,卖盘
784,14:16:57,8.66,-0.01,84,72744,卖盘
785,14:16:54,8.67,0.01,15,13005,买盘
786,14:16:51,8.66,--,95,82270,买盘
787,14:16:48,8.66,0.01,290,251140,卖盘
788,14:16:45,8.65,-0.01,140,121100,卖盘
789,14:16:42,8.66,0.01,66,57424,买盘
790,14:16:39,8.65,--,2074,1794010,卖盘
791,14:16:36,8.65,-0.01,115,99475,卖盘
792,14:16:33,8.66,--,262,227489,卖盘
793,14:16:27,8.66,--,148,128436,买盘
794,14:16:24,8.66,--,216,187653,卖盘
795,14:16:21,8.66,-0.01,334,289244,卖盘
796,14:16:18,8.67,0.01,11,9537,买盘
797,14:16:15,8.66,-0.01,204,176664,卖盘
798,14:16:12,8.67,--,231,200277,买盘
799,14:16:09,8.67,--,399,345933,买盘
800,14:16:06,8.67,0.01,224,194208,买盘
801,14:16:03,8.66,--,330,285780,卖盘
802,14:16:00,8.66,--,3,2598,卖盘
803,14:15:57,8.66,--,55,47630,卖盘
804,14:15:54,8.66,-0.01,6,5196,卖盘
805,14:15:51,8.67,--,1047,908269,卖盘
806,14:15:45,8.67,-0.01,50,43350,卖盘
807,14:15:42,8.68,--,1,868,买盘
808,14:15:39,8.68,--,108,93744,买盘
809,14:15:36,8.68,0.01,30,26040,买盘
810,14:15:33,8.67,-0.01,38,32946,卖盘
811,14:15:30,8.68,0.01,32,27776,买盘
812,14:15:27,8.67,-0.01,46,39882,卖盘
813,14:15:24,8.68,--,34,29512,买盘
814,14:15:21,8.68,--,80,69440,买盘
815,14:15:18,8.68,--,4,3472,买盘
816,14:15:15,8.68,0.01,20,17360,买盘
817,14:15:12,8.67,-0.01,75,65025,卖盘
818,14:15:09,8.68,--,28,24304,买盘
819,14:15:06,8.68,--,25,21700,买盘
820,14:15:03,8.68,--,236,204848,买盘
821,14:14:54,8.68,--,552,479552,卖盘
822,14:14:51,8.68,-0.01,19,16492,卖盘
823,14:14:48,8.69,0.01,229,199001,买盘
824,14:14:45,8.68,-0.01,135,117180,卖盘
825,14:14:42,8.69,0.01,312,271128,买盘
826,14:14:39,8.68,--,103,89404,卖盘
827,14:14:36,8.68,-0.01,36,31248,卖盘
828,14:14:33,8.69,--,7,6083,买盘
829,14:14:30,8.69,--,3,2607,买盘
830,14:14:24,8.69,--,4,3476,买盘
831,14:14:18,8.69,--,10,8690,买盘
832,14:14:15,8.69,0.01,11,9559,买盘
833,14:14:12,8.68,--,37,32116,卖盘
834,14:14:09,8.68,-0.01,37,32116,卖盘
835,14:14:06,8.69,--,20,17380,买盘
836,14:14:03,8.69,--,13,11297,买盘
837,14:14:00,8.69,--,20,17380,买盘
838,14:13:57,8.69,--,54,46926,买盘
839,14:13:54,8.69,--,27,23463,买盘
840,14:13:51,8.69,-0.01,77,66913,卖盘
841,14:13:48,8.7,--,581,505469,买盘
842,14:13:45,8.7,--,1005,874349,买盘
843,14:13:42,8.7,--,176,153120,买盘
844,14:13:39,8.7,0.01,45,39150,买盘
845,14:13:36,8.69,--,51,44319,卖盘
846,14:13:33,8.69,--,24,20856,卖盘
847,14:13:30,8.69,--,110,95590,卖盘
848,14:13:24,8.69,--,1,869,卖盘
849,14:13:21,8.69,-0.01,29,25201,卖盘
850,14:13:18,8.7,--,35,30449,买盘
851,14:13:15,8.7,--,400,348000,买盘
852,14:13:12,8.7,--,2,1739,买盘
853,14:13:03,8.7,--,63,55262,买盘
854,14:13:00,8.7,--,9,7829,买盘
855,14:12:57,8.7,0.01,20,17400,买盘
856,14:12:51,8.69,--,11,9559,卖盘
857,14:12:48,8.69,--,33,28677,卖盘
858,14:12:45,8.69,--,40,34760,卖盘
859,14:12:42,8.69,-0.01,101,87769,卖盘
860,14:12:39,8.7,--,9,7829,买盘
861,14:12:33,8.7,0.01,9,7829,买盘
862,14:12:30,8.69,-0.01,107,92983,卖盘
863,14:12:27,8.7,0.01,2,1739,买盘
864,14:12:24,8.69,--,20,17380,卖盘
865,14:12:21,8.69,-0.01,55,47795,卖盘
866,14:12:18,8.7,--,126,109619,买盘
867,14:12:15,8.7,-0.01,10,8700,中性盘
868,14:12:12,8.71,0.01,124,108004,买盘
869,14:12:09,8.7,-0.01,67,58289,卖盘
870,14:12:06,8.71,0.01,11,9581,买盘
871,14:12:03,8.7,-0.01,178,154860,卖盘
872,14:12:00,8.71,0.01,3,2613,买盘
873,14:11:51,8.7,--,17,14789,卖盘
874,14:11:48,8.7,0.01,1,869,中性盘
875,14:11:45,8.69,-0.02,130,112970,卖盘
876,14:11:42,8.71,0.01,269,234299,买盘
877,14:11:39,8.7,--,24,20880,卖盘
878,14:11:36,8.7,--,319,277530,卖盘
879,14:11:33,8.7,--,12,10440,卖盘
880,14:11:27,8.7,-0.01,9,7829,卖盘
881,14:11:24,8.71,0.01,9,7839,买盘
882,14:11:21,8.7,-0.01,5,4350,卖盘
883,14:11:18,8.71,--,14,12194,买盘
884,14:11:15,8.71,--,131,114101,买盘
885,14:11:12,8.71,0.01,2,1742,买盘
886,14:11:06,8.7,--,2,1739,卖盘
887,14:11:03,8.7,--,4,3479,卖盘
888,14:11:00,8.7,0.01,4,3479,买盘
889,14:10:57,8.69,-0.01,4,3476,卖盘
890,14:10:54,8.7,-0.01,93,80910,卖盘
891,14:10:51,8.71,0.02,281,244751,买盘
892,14:10:48,8.69,--,6,5214,卖盘
893,14:10:45,8.69,-0.01,118,102542,卖盘
894,14:10:42,8.7,0.01,1,869,中性盘
895,14:10:39,8.69,--,10,8690,卖盘
896,14:10:33,8.69,-0.02,5,4345,卖盘
897,14:10:30,8.71,0.02,32,27872,买盘
898,14:10:24,8.69,--,30,26070,卖盘
899,14:10:21,8.69,-0.01,334,290246,卖盘
900,14:10:18,8.7,--,33,28709,卖盘
901,14:10:15,8.7,-0.01,5,4350,卖盘
902,14:10:12,8.71,--,80,69680,买盘
903,14:10:09,8.71,0.01,10,8710,买盘
904,14:10:06,8.7,--,55,47849,中性盘
905,14:10:03,8.7,0.01,95,82650,中性盘
906,14:09:57,8.69,-0.02,334,290246,卖盘
907,14:09:54,8.71,0.01,110,95810,买盘
908,14:09:51,8.7,0.01,86,74820,买盘
909,14:09:48,8.69,-0.01,145,126005,卖盘
910,14:09:45,8.7,--,25,21750,买盘
911,14:09:42,8.7,--,67,58289,买盘
912,14:09:39,8.7,--,486,422819,买盘
913,14:09:36,8.7,--,5,4350,买盘
914,14:09:33,8.7,0.01,50,43500,买盘
915,14:09:30,8.69,-0.01,110,95590,卖盘
916,14:09:27,8.7,--,10,8700,买盘
917,14:09:24,8.7,--,10,8700,买盘
918,14:09:18,8.7,--,13,11309,买盘
919,14:09:15,8.7,--,247,215307,买盘
920,14:09:12,8.7,0.01,42,36540,买盘
921,14:09:09,8.69,-0.01,152,132088,卖盘
922,14:09:06,8.7,0.01,30,26099,买盘
923,14:09:03,8.69,-0.01,90,78210,卖盘
924,14:09:00,8.7,--,77,66990,买盘
925,14:08:57,8.7,0.01,113,98309,买盘
926,14:08:54,8.69,0.01,48,41712,买盘
927,14:08:51,8.68,-0.01,164,142352,卖盘
928,14:08:48,8.69,--,112,97328,买盘
929,14:08:45,8.69,--,122,106018,买盘
930,14:08:42,8.69,--,228,198132,买盘
931,14:08:39,8.69,--,9,7821,买盘
932,14:08:36,8.69,--,496,431024,买盘
933,14:08:33,8.69,--,148,128611,买盘
934,14:08:30,8.69,--,57,49533,买盘
935,14:08:27,8.69,--,26,22594,买盘
936,14:08:24,8.69,0.01,207,179883,买盘
937,14:08:21,8.68,--,28,24304,卖盘
938,14:08:18,8.68,-0.01,87,75516,卖盘
939,14:08:15,8.69,--,3,2607,买盘
940,14:08:12,8.69,0.01,87,75603,买盘
941,14:08:09,8.68,-0.01,9,7812,卖盘
942,14:08:06,8.69,--,410,356290,买盘
943,14:08:03,8.69,0.01,20,17380,买盘
944,14:08:00,8.68,-0.01,160,138880,卖盘
945,14:07:57,8.69,0.01,2,1738,买盘
946,14:07:51,8.68,-0.01,398,345464,卖盘
947,14:07:48,8.69,0.01,122,106018,买盘
948,14:07:45,8.68,--,206,178808,卖盘
949,14:07:42,8.68,--,16,13888,卖盘
950,14:07:39,8.68,-0.01,5,4340,卖盘
951,14:07:36,8.69,--,46,39974,买盘
952,14:07:33,8.69,0.01,56,48664,买盘
953,14:07:30,8.68,--,48,41664,卖盘
954,14:07:27,8.68,--,1,868,卖盘
955,14:07:24,8.68,-0.01,20,17360,卖盘
956,14:07:21,8.69,0.01,505,438845,买盘
957,14:07:15,8.68,-0.01,2,1736,卖盘
958,14:07:12,8.69,--,23,19987,买盘
959,14:07:09,8.69,0.01,4,3476,买盘
960,14:07:06,8.68,--,16,13888,卖盘
961,14:07:03,8.68,-0.01,54,46872,卖盘
962,14:07:00,8.69,--,14,12166,买盘
963,14:06:54,8.69,--,104,90376,买盘
964,14:06:51,8.69,--,3,2607,买盘
965,14:06:48,8.69,--,321,279400,卖盘
966,14:06:45,8.69,-0.01,29,25201,卖盘
967,14:06:42,8.7,--,208,180959,买盘
968,14:06:39,8.7,--,44,38280,买盘
969,14:06:36,8.7,0.01,117,101789,买盘
970,14:06:30,8.69,--,520,451880,卖盘
971,14:06:27,8.69,-0.01,5,4345,卖盘
972,14:06:24,8.7,0.01,101,87870,买盘
973,14:06:21,8.69,--,45,39105,卖盘
974,14:06:18,8.69,--,596,517923,卖盘
975,14:06:15,8.69,-0.01,1,869,卖盘
976,14:06:12,8.7,--,56,48719,买盘
977,14:06:06,8.7,--,19,16530,买盘
978,14:06:03,8.7,0.01,14,12179,买盘
979,14:06:00,8.69,-0.01,13,11297,卖盘
980,14:05:57,8.7,0.01,3,2610,买盘
981,14:05:54,8.69,--,103,89507,卖盘
982,14:05:51,8.69,--,19,16511,卖盘
983,14:05:48,8.69,--,16,13904,卖盘
984,14:05:45,8.69,-0.01,1,869,卖盘
985,14:05:42,8.7,--,6,5220,买盘
986,14:05:39,8.7,--,20,17400,买盘
987,14:05:36,8.7,--,24,20880,买盘
988,14:05:33,8.7,--,6,5220,买盘
989,14:05:30,8.7,--,9,7829,买盘
990,14:05:27,8.7,--,52,45239,卖盘
991,14:05:24,8.7,-0.01,33,28709,卖盘
992,14:05:18,8.71,--,43,37453,买盘
993,14:05:15,8.71,0.01,21,18291,买盘
994,14:05:12,8.7,--,12,10440,卖盘
995,14:05:03,8.7,--,7,6089,卖盘
996,14:04:57,8.7,--,99,86130,卖盘
997,14:04:54,8.7,--,1,869,卖盘
998,14:04:51,8.7,--,14,12179,卖盘
999,14:04:48,8.7,--,100,87000,卖盘
1000,14:04:45,8.7,-0.01,3,2610,卖盘
1001,14:04:42,8.71,--,184,160264,买盘
1002,14:04:39,8.71,0.01,13,11323,买盘
1003,14:04:36,8.7,--,25,21750,卖盘
1004,14:04:30,8.7,-0.01,2,1739,卖盘
1005,14:04:27,8.71,0.01,21,18291,买盘
1006,14:04:24,8.7,--,17,14789,卖盘
1007,14:04:21,8.7,--,87,75690,卖盘
1008,14:04:18,8.7,0.01,34,29579,中性盘
1009,14:04:15,8.69,-0.01,120,104280,卖盘
1010,14:04:12,8.7,--,354,307980,买盘
1011,14:04:09,8.7,--,80,69600,卖盘
1012,14:04:06,8.7,--,68,59159,卖盘
1013,14:04:03,8.7,--,280,243599,卖盘
1014,14:04:00,8.7,--,137,119189,卖盘
1015,14:03:57,8.7,--,7,6089,卖盘
1016,14:03:54,8.7,-0.01,16,13919,卖盘
1017,14:03:51,8.71,0.01,3,2613,买盘
1018,14:03:48,8.7,--,20,17400,卖盘
1019,14:03:45,8.7,-0.01,4,3479,卖盘
1020,14:03:42,8.71,0.01,22,19162,买盘
1021,14:03:39,8.7,--,29,25229,卖盘
1022,14:03:33,8.7,--,1,869,卖盘
1023,14:03:27,8.7,--,1,869,卖盘
1024,14:03:21,8.7,--,6,5220,卖盘
1025,14:03:18,8.7,-0.01,27,23489,中性盘
1026,14:03:15,8.71,0.01,18,15678,买盘
1027,14:03:12,8.7,0.01,4,3479,买盘
1028,14:03:09,8.69,-0.01,36,31284,卖盘
1029,14:03:06,8.7,--,10,8700,卖盘
1030,14:03:03,8.7,--,166,144420,卖盘
1031,14:03:00,8.7,--,99,86130,卖盘
1032,14:02:54,8.7,--,168,146160,卖盘
1033,14:02:51,8.7,-0.01,10,8700,卖盘
1034,14:02:48,8.71,0.01,10,8710,买盘
1035,14:02:45,8.7,-0.01,29,25229,卖盘
1036,14:02:42,8.71,--,1,871,买盘
1037,14:02:39,8.71,0.01,2,1742,买盘
1038,14:02:36,8.7,--,206,179219,买盘
1039,14:02:33,8.7,--,10,8700,买盘
1040,14:02:30,8.7,--,384,334080,卖盘
1041,14:02:27,8.7,-0.01,52,45239,卖盘
1042,14:02:24,8.71,0.01,289,251719,买盘
1043,14:02:18,8.7,--,24,20880,卖盘
1044,14:02:15,8.7,-0.01,3,2610,卖盘
1045,14:02:12,8.71,0.01,2,1742,买盘
1046,14:02:09,8.7,0.01,85,73950,买盘
1047,14:02:06,8.69,-0.01,183,159027,卖盘
1048,14:02:03,8.7,--,157,136590,买盘
1049,14:02:00,8.7,0.01,127,110489,买盘
1050,14:01:57,8.69,-0.01,52,45188,卖盘
1051,14:01:48,8.7,--,25,21750,买盘
1052,14:01:45,8.7,--,1,869,买盘
1053,14:01:42,8.7,--,10,8700,买盘
1054,14:01:39,8.7,--,38,33060,买盘
1055,14:01:36,8.7,--,54,46979,买盘
1056,14:01:33,8.7,0.01,5,4350,买盘
1057,14:01:24,8.69,-0.01,162,140778,卖盘
1058,14:01:21,8.7,0.01,11,9570,买盘
1059,14:01:18,8.69,-0.01,57,49533,卖盘
1060,14:01:15,8.7,0.01,55,47849,买盘
1061,14:01:12,8.69,-0.01,101,87769,卖盘
1062,14:01:09,8.7,--,3,2610,买盘
1063,14:01:06,8.7,0.01,567,493289,买盘
1064,14:01:03,8.69,--,15,13035,卖盘
1065,14:00:57,8.69,--,98,85162,卖盘
1066,14:00:51,8.69,-0.01,241,209429,卖盘
1067,14:00:48,8.7,0.01,72,62639,中性盘
1068,14:00:42,8.69,-0.01,12,10428,卖盘
1069,14:00:39,8.7,--,16,14337,买盘
1070,14:00:36,8.7,--,137,119189,买盘
1071,14:00:33,8.7,--,298,259259,买盘
1072,14:00:30,8.7,--,20,17400,买盘
1073,14:00:27,8.7,--,27,23489,买盘
1074,14:00:24,8.7,--,168,146612,卖盘
1075,14:00:18,8.7,-0.01,172,149640,卖盘
1076,14:00:15,8.71,0.01,455,396305,买盘
1077,14:00:12,8.7,-0.01,49,42630,卖盘
1078,14:00:09,8.71,--,9,7839,买盘
1079,14:00:06,8.71,--,301,262171,买盘
1080,14:00:00,8.71,--,20,17420,买盘
1081,13:59:57,8.71,--,61,53131,买盘
1082,13:59:54,8.71,--,255,222523,买盘
1083,13:59:51,8.71,0.01,59,51389,买盘
1084,13:59:48,8.7,-0.01,199,173130,卖盘
1085,13:59:45,8.71,--,50,43550,买盘
1086,13:59:42,8.71,--,3,2613,买盘
1087,13:59:39,8.71,0.01,134,116714,买盘
1088,13:59:36,8.7,-0.01,24,20880,卖盘
1089,13:59:33,8.71,0.01,67,58357,买盘
1090,13:59:27,8.7,-0.01,85,73950,卖盘
1091,13:59:24,8.71,0.01,65,56615,买盘
1092,13:59:21,8.7,-0.01,13,11309,卖盘
1093,13:59:18,8.71,0.01,32,27872,买盘
1094,13:59:15,8.7,--,148,128759,卖盘
1095,13:59:12,8.7,-0.01,14,12179,卖盘
1096,13:59:09,8.71,0.01,121,105391,买盘
1097,13:59:06,8.7,-0.01,118,102659,卖盘
1098,13:59:03,8.71,0.01,2,1742,买盘
1099,13:59:00,8.7,-0.01,19,16530,卖盘
1100,13:58:57,8.71,--,19,16549,买盘
1101,13:58:54,8.71,0.01,128,111488,买盘
1102,13:58:51,8.7,-0.01,27,23489,卖盘
1103,13:58:48,8.71,--,37,32227,买盘
1104,13:58:45,8.71,--,32,27872,买盘
1105,13:58:42,8.71,--,39,33969,买盘
1106,13:58:39,8.71,0.01,14,12194,买盘
1107,13:58:36,8.7,-0.01,71,61769,卖盘
1108,13:58:30,8.71,0.01,5,4355,买盘
1109,13:58:27,8.7,--,140,121799,卖盘
1110,13:58:24,8.7,--,60,52199,卖盘
1111,13:58:21,8.7,--,98,85260,卖盘
1112,13:58:18,8.7,-0.01,93,80910,买盘
1113,13:58:15,8.71,0.01,161,140231,买盘
1114,13:58:12,8.7,--,53,46109,卖盘
1115,13:58:09,8.7,-0.01,126,109619,卖盘
1116,13:58:06,8.71,--,463,403273,买盘
1117,13:58:03,8.71,--,27,23517,买盘
1118,13:58:00,8.71,--,15,13065,买盘
1119,13:57:57,8.71,--,34,29614,买盘
1120,13:57:54,8.71,--,55,47905,买盘
1121,13:57:51,8.71,--,174,151554,买盘
1122,13:57:48,8.71,--,84,73164,买盘
1123,13:57:45,8.71,--,83,72293,买盘
1124,13:57:42,8.71,--,12,10452,买盘
1125,13:57:36,8.71,0.01,3,2613,买盘
1126,13:57:33,8.7,-0.01,226,196619,卖盘
1127,13:57:27,8.71,--,261,227331,买盘
1128,13:57:24,8.71,--,127,110617,买盘
1129,13:57:21,8.71,--,62,54002,买盘
1130,13:57:18,8.71,--,40,34840,买盘
1131,13:57:15,8.71,--,266,231686,买盘
1132,13:57:12,8.71,--,102,88842,买盘
1133,13:57:09,8.71,--,56,48776,买盘
1134,13:57:06,8.71,--,162,141102,买盘
1135,13:57:03,8.71,--,29,25259,买盘
1136,13:57:00,8.71,--,386,336206,买盘
1137,13:56:57,8.71,-0.01,405,352755,卖盘
1138,13:56:54,8.72,--,103,89816,买盘
1139,13:56:51,8.72,--,65,56680,买盘
1140,13:56:48,8.72,--,85,74120,买盘
1141,13:56:45,8.72,--,30,26160,买盘
1142,13:56:42,8.72,--,17,14824,买盘
1143,13:56:39,8.72,--,28,24416,买盘
1144,13:56:36,8.72,0.01,140,122080,买盘
1145,13:56:30,8.71,-0.01,20,17420,卖盘
1146,13:56:27,8.72,--,85,74120,买盘
1147,13:56:24,8.72,--,25,21800,买盘
1148,13:56:21,8.72,0.01,1,872,买盘
1149,13:56:18,8.71,--,126,109746,买盘
1150,13:56:15,8.71,0.01,194,168974,买盘
1151,13:56:12,8.7,-0.01,114,99179,卖盘
1152,13:56:09,8.71,0.01,433,377143,买盘
1153,13:56:06,8.7,--,14,12179,卖盘
1154,13:56:03,8.7,--,41,35670,卖盘
1155,13:56:00,8.7,--,139,120929,买盘
1156,13:55:57,8.7,--,223,194758,买盘
1157,13:55:54,8.7,0.01,297,258389,买盘
1158,13:55:51,8.69,-0.01,57,49533,卖盘
1159,13:55:48,8.7,--,19,16530,买盘
1160,13:55:45,8.7,--,269,234029,买盘
1161,13:55:42,8.7,--,50,43500,买盘
1162,13:55:39,8.7,0.01,18,15659,买盘
1163,13:55:36,8.69,-0.01,51,44319,卖盘
1164,13:55:33,8.7,--,224,195001,买盘
1165,13:55:30,8.7,--,146,127019,买盘
1166,13:55:27,8.7,--,256,222719,买盘
1167,13:55:21,8.7,0.01,69,60029,买盘
1168,13:55:18,8.69,--,41,35629,卖盘
1169,13:55:15,8.69,-0.01,162,140778,卖盘
1170,13:55:12,8.7,0.01,51,44370,买盘
1171,13:55:09,8.69,-0.01,161,139909,卖盘
1172,13:55:06,8.7,0.01,91,79170,买盘
1173,13:54:54,8.69,-0.01,77,66913,卖盘
1174,13:54:51,8.7,--,10,8700,买盘
1175,13:54:48,8.7,0.01,78,67860,买盘
1176,13:54:45,8.69,-0.01,36,31284,卖盘
1177,13:54:42,8.7,0.01,154,133980,买盘
1178,13:54:39,8.69,--,186,161634,卖盘
1179,13:54:36,8.69,-0.01,3,2607,卖盘
1180,13:54:33,8.7,0.01,95,82650,买盘
1181,13:54:30,8.69,-0.01,106,92114,卖盘
1182,13:54:27,8.7,--,8,6959,买盘
1183,13:54:21,8.7,0.01,14,12179,买盘
1184,13:54:18,8.69,--,111,96459,卖盘
1185,13:54:15,8.69,--,108,93852,卖盘
1186,13:54:12,8.69,--,8,6952,卖盘
1187,13:54:09,8.69,-0.01,1,869,卖盘
1188,13:54:06,8.7,--,89,77430,买盘
1189,13:54:03,8.7,0.01,1,869,买盘
1190,13:54:00,8.69,--,23,19987,卖盘
1191,13:53:57,8.69,-0.01,2,1738,卖盘
1192,13:53:54,8.7,--,4,3479,买盘
1193,13:53:48,8.7,0.01,36,31319,买盘
1194,13:53:45,8.69,--,300,260699,买盘
1195,13:53:42,8.69,-0.01,24,20856,买盘
1196,13:53:39,8.7,0.01,172,149640,买盘
1197,13:53:36,8.69,--,171,148599,卖盘
1198,13:53:33,8.69,--,1,869,卖盘
1199,13:53:30,8.69,--,1,869,卖盘
1200,13:53:27,8.69,-0.01,40,34760,卖盘
1201,13:53:24,8.7,--,241,209669,买盘
1202,13:53:21,8.7,--,1,869,买盘
1203,13:53:18,8.7,--,150,130499,买盘
1204,13:53:15,8.7,--,4,3479,买盘
1205,13:53:12,8.7,0.01,62,53939,买盘
1206,13:53:09,8.69,-0.01,142,123398,卖盘
1207,13:53:03,8.7,0.01,49,42630,买盘
1208,13:53:00,8.69,-0.01,15,13035,卖盘
1209,13:52:57,8.7,--,50,43500,买盘
1210,13:52:54,8.7,--,44,38280,买盘
1211,13:52:51,8.7,0.01,13,11309,买盘
1212,13:52:48,8.69,--,59,51271,卖盘
1213,13:52:45,8.69,--,163,141647,卖盘
1214,13:52:42,8.69,-0.01,35,30415,卖盘
1215,13:52:39,8.7,--,44,38280,买盘
1216,13:52:36,8.7,0.01,246,214019,买盘
1217,13:52:33,8.69,--,8,6952,卖盘
1218,13:52:30,8.69,-0.01,118,102542,卖盘
1219,13:52:27,8.7,--,122,106139,买盘
1220,13:52:24,8.7,0.01,4,3479,买盘
1221,13:52:21,8.69,-0.01,274,238106,卖盘
1222,13:52:18,8.7,--,24,20880,买盘
1223,13:52:12,8.7,--,19,16530,买盘
1224,13:52:09,8.7,--,8,6959,买盘
1225,13:52:06,8.7,--,78,67860,买盘
1226,13:52:03,8.7,--,1,869,买盘
1227,13:52:00,8.7,--,30,26099,买盘
1228,13:51:57,8.7,--,38,33060,买盘
1229,13:51:54,8.7,0.01,10,8700,买盘
1230,13:51:51,8.69,-0.01,104,90376,卖盘
1231,13:51:48,8.7,--,110,95699,买盘
1232,13:51:42,8.7,0.01,61,53069,买盘
1233,13:51:36,8.69,--,214,185966,卖盘
1234,13:51:30,8.69,--,6,5214,卖盘
1235,13:51:27,8.69,--,12,10428,卖盘
1236,13:51:24,8.69,-0.01,12,10428,卖盘
1237,13:51:21,8.7,0.01,112,97439,买盘
1238,13:51:18,8.69,-0.01,47,40843,卖盘
1239,13:51:15,8.7,--,264,229679,买盘
1240,13:51:12,8.7,--,207,180089,买盘
1241,13:51:06,8.7,0.01,74,64379,买盘
1242,13:51:03,8.69,-0.01,504,437976,卖盘
1243,13:51:00,8.7,--,85,73950,买盘
1244,13:50:57,8.7,0.01,87,75690,买盘
1245,13:50:54,8.69,-0.01,26,22594,卖盘
1246,13:50:51,8.7,--,29,25229,买盘
1247,13:50:48,8.7,0.01,3,2610,买盘
1248,13:50:42,8.69,--,31,26939,卖盘
1249,13:50:39,8.69,--,84,72996,买盘
1250,13:50:36,8.69,--,10,8690,买盘
1251,13:50:33,8.69,--,157,136433,卖盘
1252,13:50:30,8.69,--,1,869,卖盘
1253,13:50:24,8.69,0.01,131,113839,买盘
1254,13:50:21,8.68,--,209,181412,卖盘
1255,13:50:18,8.68,-0.01,101,87668,卖盘
1256,13:50:15,8.69,--,30,26070,买盘
1257,13:50:12,8.69,0.01,213,185097,买盘
1258,13:50:09,8.68,-0.01,76,65968,卖盘
1259,13:50:03,8.69,0.01,77,66913,买盘
1260,13:49:54,8.68,--,46,39928,卖盘
1261,13:49:51,8.68,--,216,187488,卖盘
1262,13:49:48,8.68,-0.01,48,41664,卖盘
1263,13:49:45,8.69,0.01,342,297198,买盘
1264,13:49:42,8.68,--,40,34720,卖盘
1265,13:49:39,8.68,--,52,45136,卖盘
1266,13:49:36,8.68,--,60,52080,卖盘
1267,13:49:33,8.68,-0.01,30,26040,卖盘
1268,13:49:30,8.69,0.02,132,114708,买盘
1269,13:49:27,8.67,-0.01,112,97104,卖盘
1270,13:49:24,8.68,--,5,4340,买盘
1271,13:49:21,8.68,-0.01,211,183148,卖盘
1272,13:49:18,8.69,--,87,75603,买盘
1273,13:49:15,8.69,--,1,869,买盘
1274,13:49:12,8.69,0.01,33,28677,买盘
1275,13:49:09,8.68,-0.01,6,5208,卖盘
1276,13:49:06,8.69,--,187,162503,买盘
1277,13:49:03,8.69,0.02,2,1738,买盘
1278,13:48:57,8.67,--,52,45084,卖盘
1279,13:48:54,8.67,-0.01,50,43350,卖盘
1280,13:48:51,8.68,--,10,8680,买盘
1281,13:48:48,8.68,--,559,485212,卖盘
1282,13:48:45,8.68,--,18,15624,买盘
1283,13:48:42,8.68,-0.01,5,4340,中性盘
1284,13:48:39,8.69,0.01,47,40843,买盘
1285,13:48:36,8.68,0.01,15,13020,卖盘
1286,13:48:33,8.67,-0.01,300,260100,卖盘
1287,13:48:30,8.68,--,98,85064,买盘
1288,13:48:27,8.68,--,22,19096,买盘
1289,13:48:24,8.68,-0.01,173,150164,卖盘
1290,13:48:21,8.69,0.01,34,29546,买盘
1291,13:48:18,8.68,--,3,2604,买盘
1292,13:48:15,8.68,--,33,28644,买盘
1293,13:48:12,8.68,--,129,111972,买盘
1294,13:48:09,8.68,--,71,61628,买盘
1295,13:48:06,8.68,--,21,18228,买盘
1296,13:48:03,8.68,--,197,170996,买盘
1297,13:48:00,8.68,--,16,13888,买盘
1298,13:47:57,8.68,--,34,29512,卖盘
1299,13:47:54,8.68,--,28,24304,买盘
1300,13:47:51,8.68,--,139,120652,买盘
1301,13:47:48,8.68,-0.01,233,202244,卖盘
1302,13:47:45,8.69,0.01,7,6083,买盘
1303,13:47:42,8.68,--,15,13020,卖盘
1304,13:47:36,8.68,-0.01,137,118916,卖盘
1305,13:47:33,8.69,0.02,16,13904,买盘
1306,13:47:30,8.67,-0.01,179,155193,卖盘
1307,13:47:27,8.68,--,145,125860,买盘
1308,13:47:24,8.68,--,535,464380,买盘
1309,13:47:21,8.68,--,1,868,买盘
1310,13:47:18,8.68,--,9,7812,买盘
1311,13:47:15,8.68,--,3,2604,买盘
1312,13:47:12,8.68,0.01,7,6076,买盘
1313,13:47:09,8.67,--,1,867,卖盘
1314,13:47:06,8.67,-0.01,16,13872,卖盘
1315,13:47:03,8.68,--,8,6944,买盘
1316,13:46:57,8.68,0.01,2,1736,买盘
1317,13:46:54,8.67,--,53,46297,买盘
1318,13:46:51,8.67,--,166,143922,买盘
1319,13:46:48,8.67,--,73,63291,买盘
1320,13:46:45,8.67,--,34,29478,买盘
1321,13:46:42,8.67,--,16,13872,买盘
1322,13:46:36,8.67,0.01,175,151725,买盘
1323,13:46:33,8.66,-0.01,713,617458,卖盘
1324,13:46:30,8.67,--,131,113577,卖盘
1325,13:46:27,8.67,-0.01,35,30345,卖盘
1326,13:46:24,8.68,--,214,185752,买盘
1327,13:46:21,8.68,0.01,46,39928,买盘
1328,13:46:18,8.67,-0.01,129,111843,卖盘
1329,13:46:15,8.68,--,163,141484,买盘
1330,13:46:12,8.68,0.01,29,25172,买盘
1331,13:46:09,8.67,-0.01,52,45084,卖盘
1332,13:46:06,8.68,--,12,10416,买盘
1333,13:46:03,8.68,--,4,3472,买盘
1334,13:46:00,8.68,0.01,3,2604,买盘
1335,13:45:57,8.67,--,52,45084,卖盘
1336,13:45:54,8.67,--,126,109242,卖盘
1337,13:45:51,8.67,-0.01,20,17340,卖盘
1338,13:45:48,8.68,0.01,39,33852,买盘
1339,13:45:45,8.67,--,22,19074,卖盘
1340,13:45:42,8.67,--,62,53754,卖盘
1341,13:45:33,8.67,--,131,113577,卖盘
1342,13:45:30,8.67,-0.01,14,12138,卖盘
1343,13:45:27,8.68,0.01,35,30380,买盘
1344,13:45:24,8.67,-0.01,10,8670,卖盘
1345,13:45:21,8.68,--,1,868,买盘
1346,13:45:18,8.68,0.01,98,85333,买盘
1347,13:45:15,8.67,--,86,74562,买盘
1348,13:45:12,8.67,--,105,91035,买盘
1349,13:45:09,8.67,--,31,26877,买盘
1350,13:45:06,8.67,--,263,228021,买盘
1351,13:45:03,8.67,--,190,164730,买盘
1352,13:45:00,8.67,--,24,20808,买盘
1353,13:44:57,8.67,--,49,42483,买盘
1354,13:44:54,8.67,0.01,60,52020,买盘
1355,13:44:51,8.66,-0.01,71,61486,卖盘
1356,13:44:48,8.67,--,91,78897,买盘
1357,13:44:45,8.67,--,16,13872,买盘
1358,13:44:42,8.67,-0.01,38,33544,卖盘
1359,13:44:39,8.68,--,207,179676,买盘
1360,13:44:36,8.68,--,174,151032,买盘
1361,13:44:33,8.68,--,15,13020,买盘
1362,13:44:30,8.68,--,104,90272,买盘
1363,13:44:27,8.68,0.01,3,2604,买盘
1364,13:44:24,8.67,--,94,81498,卖盘
1365,13:44:21,8.67,--,56,48820,买盘
1366,13:44:18,8.67,--,260,225420,买盘
1367,13:44:15,8.67,--,70,60690,买盘
1368,13:44:12,8.67,--,243,210681,买盘
1369,13:44:09,8.67,--,22,19074,买盘
1370,13:44:06,8.67,0.01,91,78897,买盘
1371,13:44:03,8.66,-0.01,48,41568,卖盘
1372,13:44:00,8.67,0.01,65,56355,买盘
1373,13:43:57,8.66,-0.01,27,23382,卖盘
1374,13:43:54,8.67,0.01,59,51326,买盘
1375,13:43:51,8.66,--,12,10392,买盘
1376,13:43:48,8.66,--,95,82270,买盘
1377,13:43:45,8.66,--,20,17320,买盘
1378,13:43:42,8.66,--,64,55424,买盘
1379,13:43:39,8.66,--,48,41568,买盘
1380,13:43:36,8.66,--,270,233820,卖盘
1381,13:43:33,8.66,--,231,200046,卖盘
1382,13:43:30,8.66,-0.01,3,2598,卖盘
1383,13:43:27,8.67,0.01,40,34680,买盘
1384,13:43:24,8.66,--,156,135096,买盘
1385,13:43:21,8.66,--,43,37238,买盘
1386,13:43:18,8.66,--,36,31176,买盘
1387,13:43:15,8.66,--,44,38104,买盘
1388,13:43:12,8.66,0.01,2,1732,买盘
1389,13:43:09,8.65,--,1,865,卖盘
1390,13:43:06,8.65,0.01,35,30275,买盘
1391,13:43:03,8.64,-0.01,46,39744,卖盘
1392,13:43:00,8.65,--,120,103800,买盘
1393,13:42:57,8.65,--,115,99475,买盘
1394,13:42:54,8.65,--,115,99475,买盘
1395,13:42:51,8.65,0.01,10,8650,买盘
1396,13:42:48,8.64,--,50,43200,卖盘
1397,13:42:45,8.64,-0.01,218,188352,卖盘
1398,13:42:42,8.65,0.01,244,211060,买盘
1399,13:42:39,8.64,--,248,214272,买盘
1400,13:42:36,8.64,--,69,59616,买盘
1401,13:42:33,8.64,--,111,95904,买盘
1402,13:42:30,8.64,--,1803,1557792,卖盘
1403,13:42:27,8.64,-0.01,610,527040,卖盘
1404,13:42:24,8.65,0.01,211,182515,买盘
1405,13:42:21,8.64,--,439,379296,卖盘
1406,13:42:18,8.64,-0.01,202,174528,卖盘
1407,13:42:15,8.65,0.01,52,44980,买盘
1408,13:42:12,8.64,0.01,208,179712,买盘
1409,13:42:09,8.63,--,887,765481,卖盘
1410,13:42:06,8.63,-0.01,510,440130,卖盘
1411,13:42:03,8.64,--,21,18144,买盘
1412,13:42:00,8.64,--,1195,1032480,买盘
1413,13:41:57,8.64,--,40,34560,买盘
1414,13:41:54,8.64,--,86,74304,买盘
1415,13:41:51,8.64,--,66,57024,买盘
1416,13:41:48,8.64,--,243,209952,买盘
1417,13:41:45,8.64,--,540,466560,卖盘
1418,13:41:42,8.64,-0.01,506,437184,卖盘
1419,13:41:39,8.65,--,383,331295,买盘
1420,13:41:36,8.65,0.01,23,19895,买盘
1421,13:41:33,8.64,-0.01,842,727488,卖盘
1422,13:41:30,8.65,--,42,36330,买盘
1423,13:41:27,8.65,--,70,60550,买盘
1424,13:41:24,8.65,--,42,36330,买盘
1425,13:41:21,8.65,--,100,86500,买盘
1426,13:41:18,8.65,-0.01,1296,1121040,卖盘
1427,13:41:15,8.66,0.01,197,170602,买盘
1428,13:41:12,8.65,-0.01,1376,1190240,卖盘
1429,13:41:09,8.66,0.01,2287,1980542,买盘
1430,13:41:06,8.65,--,726,627990,卖盘
1431,13:41:03,8.65,--,20,17300,卖盘
1432,13:41:00,8.65,-0.01,16,13840,卖盘
1433,13:40:57,8.66,--,153,132498,买盘
1434,13:40:54,8.66,0.01,11,9526,买盘
1435,13:40:51,8.65,-0.01,71,61415,卖盘
1436,13:40:48,8.66,-0.01,601,520466,卖盘
1437,13:40:45,8.67,0.01,228,197676,买盘
1438,13:40:42,8.66,-0.01,1186,1027076,卖盘
1439,13:40:39,8.67,0.01,321,278307,买盘
1440,13:40:36,8.66,-0.01,91,78806,卖盘
1441,13:40:30,8.67,--,23,19941,买盘
1442,13:40:27,8.67,--,2357,2044368,卖盘
1443,13:40:24,8.67,--,47,40749,卖盘
1444,13:40:21,8.67,--,92,79764,卖盘
1445,13:40:18,8.67,-0.01,54,46818,卖盘
1446,13:40:15,8.68,--,16,13888,卖盘
1447,13:40:12,8.68,--,207,179676,卖盘
1448,13:40:09,8.68,0.01,126,109368,中性盘
1449,13:40:06,8.67,-0.01,199,172550,卖盘
1450,13:40:03,8.68,--,1,868,买盘
1451,13:40:00,8.68,--,69,59892,买盘
1452,13:39:57,8.68,-0.01,1988,1726434,卖盘
1453,13:39:54,8.69,0.01,12,10428,买盘
1454,13:39:51,8.68,--,16,13888,卖盘
1455,13:39:48,8.68,-0.01,40,34720,卖盘
1456,13:39:45,8.69,--,112,97328,买盘
1457,13:39:42,8.69,--,31,26939,买盘
1458,13:39:39,8.69,0.01,14,12166,买盘
1459,13:39:36,8.68,--,2,1736,卖盘
1460,13:39:33,8.68,-0.01,683,592844,卖盘
1461,13:39:30,8.69,--,2,1738,卖盘
1462,13:39:27,8.69,--,21,18249,卖盘
1463,13:39:24,8.69,-0.01,50,43450,卖盘
1464,13:39:21,8.7,0.01,4,3479,买盘
1465,13:39:18,8.69,--,12,10428,卖盘
1466,13:39:15,8.69,--,530,460570,卖盘
1467,13:39:12,8.69,-0.01,512,444928,卖盘
1468,13:39:09,8.7,0.01,54,46979,买盘
1469,13:39:06,8.69,--,1,869,卖盘
1470,13:39:03,8.69,-0.01,1,869,卖盘
1471,13:39:00,8.7,--,6,5220,买盘
1472,13:38:57,8.7,0.01,280,243599,买盘
1473,13:38:54,8.69,-0.02,32,27808,卖盘
1474,13:38:48,8.71,0.01,71,61841,买盘
1475,13:38:45,8.7,--,60,52199,买盘
1476,13:38:42,8.7,--,97,84390,卖盘
1477,13:38:39,8.7,--,111,96569,卖盘
1478,13:38:36,8.7,-0.01,190,165300,卖盘
1479,13:38:33,8.71,--,6,5226,买盘
1480,13:38:30,8.71,--,36,31356,买盘
1481,13:38:27,8.71,--,12,10452,买盘
1482,13:38:24,8.71,0.01,3,2613,买盘
1483,13:38:21,8.7,-0.01,960,835199,卖盘
1484,13:38:15,8.71,--,5,4355,买盘
1485,13:38:12,8.71,-0.01,27,23517,卖盘
1486,13:38:09,8.72,--,83,72376,买盘
1487,13:38:06,8.72,0.01,104,90688,买盘
1488,13:38:00,8.71,--,40,34840,卖盘
1489,13:37:57,8.71,-0.01,101,87971,卖盘
1490,13:37:54,8.72,0.01,134,116848,买盘
1491,13:37:51,8.71,--,56,48776,买盘
1492,13:37:48,8.71,--,272,236912,买盘
1493,13:37:45,8.71,--,110,95810,买盘
1494,13:37:39,8.71,--,6,5226,买盘
1495,13:37:36,8.71,--,43,37453,买盘
1496,13:37:33,8.71,0.01,5,4355,买盘
1497,13:37:27,8.7,--,23,20010,卖盘
1498,13:37:24,8.7,-0.01,110,95699,卖盘
1499,13:37:21,8.71,--,53,46163,买盘
1500,13:37:15,8.71,--,1,871,买盘
1501,13:37:12,8.71,0.01,11,9581,买盘
1502,13:37:09,8.7,0.01,72,62639,买盘
1503,13:37:06,8.69,-0.01,10,8690,卖盘
1504,13:37:03,8.7,0.01,96,83520,买盘
1505,13:36:57,8.69,-0.01,201,174669,卖盘
1506,13:36:51,8.7,0.01,3,2610,买盘
1507,13:36:48,8.69,--,33,28677,卖盘
1508,13:36:45,8.69,--,111,96459,卖盘
1509,13:36:42,8.69,--,110,95590,卖盘
1510,13:36:36,8.69,--,1,869,卖盘
1511,13:36:33,8.69,-0.01,49,42581,卖盘
1512,13:36:24,8.7,-0.01,579,503729,卖盘
1513,13:36:21,8.71,-0.01,107,93197,卖盘
1514,13:36:18,8.72,0.01,87,75864,买盘
1515,13:36:15,8.71,--,302,263042,买盘
1516,13:36:12,8.71,0.01,1,871,买盘
1517,13:36:09,8.7,0.02,71,61769,买盘
1518,13:36:06,8.68,-0.01,1,868,卖盘
1519,13:36:03,8.69,--,243,211167,卖盘
1520,13:36:00,8.69,--,99,86031,卖盘
1521,13:35:54,8.69,--,70,60830,卖盘
1522,13:35:51,8.69,-0.01,32,27808,卖盘
1523,13:35:48,8.7,0.01,326,283620,买盘
1524,13:35:45,8.69,-0.01,12,10428,卖盘
1525,13:35:42,8.7,--,200,174000,买盘
1526,13:35:39,8.7,--,5,4350,买盘
1527,13:35:33,8.7,0.01,20,17400,买盘
1528,13:35:30,8.69,--,261,226809,卖盘
1529,13:35:27,8.69,--,48,41712,卖盘
1530,13:35:24,8.69,-0.01,50,43450,卖盘
1531,13:35:21,8.7,--,44,38280,买盘
1532,13:35:18,8.7,--,5,4350,买盘
1533,13:35:15,8.7,--,23,20010,买盘
1534,13:35:12,8.7,-0.01,191,166170,卖盘
1535,13:35:09,8.71,0.01,457,398047,买盘
1536,13:35:06,8.7,-0.01,132,114839,卖盘
1537,13:35:03,8.71,0.01,172,149812,买盘
1538,13:35:00,8.7,-0.01,210,182699,卖盘
1539,13:34:57,8.71,0.01,333,290043,买盘
1540,13:34:54,8.7,--,106,92219,买盘
1541,13:34:51,8.7,--,335,291450,买盘
1542,13:34:48,8.7,-0.01,1,869,买盘
1543,13:34:45,8.71,0.01,15,13065,买盘
1544,13:34:42,8.7,-0.01,66,57419,卖盘
1545,13:34:39,8.71,--,1,871,买盘
1546,13:34:36,8.71,0.01,5,4355,买盘
1547,13:34:33,8.7,--,59,51329,卖盘
1548,13:34:30,8.7,--,6,5220,买盘
1549,13:34:27,8.7,--,26,22619,卖盘
1550,13:34:24,8.7,-0.01,6,5220,卖盘
1551,13:34:21,8.71,--,2,1742,买盘
1552,13:34:18,8.71,0.01,189,164619,买盘
1553,13:34:15,8.7,--,51,44370,买盘
1554,13:34:12,8.7,--,10,8700,买盘
1555,13:34:09,8.7,0.01,40,34800,买盘
1556,13:34:06,8.69,-0.01,61,53009,卖盘
1557,13:34:03,8.7,-0.01,82,71340,卖盘
1558,13:34:00,8.71,0.01,36,31356,买盘
1559,13:33:57,8.7,0.01,24,20880,中性盘
1560,13:33:51,8.69,-0.01,312,271128,卖盘
1561,13:33:48,8.7,0.01,45,39150,中性盘
1562,13:33:42,8.69,-0.02,25,21725,卖盘
1563,13:33:39,8.71,0.02,1,871,买盘
1564,13:33:36,8.69,-0.02,13,11297,卖盘
1565,13:33:33,8.71,0.02,3,2613,买盘
1566,13:33:30,8.69,-0.04,234,203763,卖盘
1567,13:33:27,8.73,0.04,778,679647,买盘
1568,13:33:24,8.69,-0.01,565,490985,卖盘
1569,13:33:21,8.7,--,27,23489,买盘
1570,13:33:18,8.7,--,21,18270,买盘
1571,13:33:12,8.7,--,34,29579,买盘
1572,13:33:09,8.7,0.01,10,8700,买盘
1573,13:33:06,8.69,-0.02,106,92531,卖盘
1574,13:33:03,8.71,--,180,156780,买盘
1575,13:33:00,8.71,--,16,13936,买盘
1576,13:32:57,8.71,0.01,8,6968,买盘
1577,13:32:54,8.7,--,131,113969,卖盘
1578,13:32:51,8.7,-0.01,12,10440,卖盘
1579,13:32:48,8.71,0.01,15,13065,买盘
1580,13:32:42,8.7,--,10,8700,卖盘
1581,13:32:39,8.7,--,32,27839,卖盘
1582,13:32:36,8.7,--,121,105269,卖盘
1583,13:32:33,8.7,--,177,154442,买盘
1584,13:32:30,8.7,--,24,20880,买盘
1585,13:32:27,8.7,--,7,6089,买盘
1586,13:32:24,8.7,--,8,6959,买盘
1587,13:32:21,8.7,--,4,3479,买盘
1588,13:32:18,8.7,--,7,6089,买盘
1589,13:32:15,8.7,-0.01,6,5637,卖盘
1590,13:32:12,8.71,0.01,98,85810,买盘
1591,13:32:09,8.7,--,57,49589,买盘
1592,13:32:06,8.7,--,135,117867,卖盘
1593,13:32:03,8.7,--,7,6089,卖盘
1594,13:32:00,8.7,-0.01,20,17400,卖盘
1595,13:31:57,8.71,0.01,1,871,买盘
1596,13:31:54,8.7,--,10,8700,卖盘
1597,13:31:51,8.7,--,144,125732,买盘
1598,13:31:48,8.7,--,519,451529,买盘
1599,13:31:42,8.7,0.01,1,869,买盘
1600,13:31:39,8.69,-0.01,54,46926,卖盘
1601,13:31:36,8.7,--,18,15659,买盘
1602,13:31:30,8.7,0.01,30,26099,买盘
1603,13:31:27,8.69,--,93,80817,卖盘
1604,13:31:24,8.69,-0.01,21,18249,卖盘
1605,13:31:21,8.7,--,5,4350,买盘
1606,13:31:18,8.7,0.01,248,215759,买盘
1607,13:31:12,8.69,--,7,6083,卖盘
1608,13:31:09,8.69,--,134,116446,卖盘
1609,13:31:06,8.69,--,99,86031,卖盘
1610,13:31:03,8.69,--,206,179014,卖盘
1611,13:31:00,8.69,--,89,77341,买盘
1612,13:30:57,8.69,--,16,13904,买盘
1613,13:30:54,8.69,--,24,20856,买盘
1614,13:30:51,8.69,--,16,13904,买盘
1615,13:30:48,8.69,--,185,160765,卖盘
1616,13:30:45,8.69,--,3,2607,卖盘
1617,13:30:42,8.69,--,182,158158,卖盘
1618,13:30:39,8.69,--,165,143385,买盘
1619,13:30:36,8.69,-0.01,40,34760,卖盘
1620,13:30:33,8.7,0.01,77,66990,买盘
1621,13:30:30,8.69,-0.01,2,1738,卖盘
1622,13:30:27,8.7,0.01,21,18270,买盘
1623,13:30:24,8.69,--,507,440583,买盘
1624,13:30:21,8.69,--,17,14773,买盘
1625,13:30:18,8.69,--,20,17380,买盘
1626,13:30:15,8.69,--,13,11297,买盘
1627,13:30:12,8.69,0.01,1631,1417339,买盘
1628,13:30:09,8.68,-0.01,584,506912,卖盘
1629,13:30:06,8.69,--,117,101673,买盘
1630,13:30:03,8.69,--,3,2607,买盘
1631,13:30:00,8.69,--,28,24332,卖盘
1632,13:29:57,8.69,--,137,119053,卖盘
1633,13:29:54,8.69,--,4,3476,卖盘
1634,13:29:51,8.69,--,30,26070,卖盘
1635,13:29:48,8.69,0.01,25,21725,买盘
1636,13:29:45,8.68,-0.01,39,33852,卖盘
1637,13:29:42,8.69,--,22,19118,买盘
1638,13:29:39,8.69,--,14,12166,买盘
1639,13:29:36,8.69,--,178,154682,卖盘
1640,13:29:33,8.69,-0.01,719,624811,卖盘
1641,13:29:30,8.7,0.01,1,869,买盘
1642,13:29:24,8.69,-0.01,4,3476,卖盘
1643,13:29:21,8.7,0.01,2,1739,买盘
1644,13:29:18,8.69,--,26,22594,卖盘
1645,13:29:15,8.69,--,108,93852,卖盘
1646,13:29:12,8.69,-0.01,103,89507,卖盘
1647,13:29:09,8.7,0.01,27,23489,买盘
1648,13:29:06,8.69,-0.01,11,9559,卖盘
1649,13:29:03,8.7,--,508,442377,卖盘
1650,13:29:00,8.7,-0.01,46,40020,卖盘
1651,13:28:57,8.71,0.01,2,1742,买盘
1652,13:28:54,8.7,--,157,136590,卖盘
1653,13:28:51,8.7,-0.01,105,91349,卖盘
1654,13:28:45,8.71,0.01,17,14807,买盘
1655,13:28:42,8.7,--,200,174000,卖盘
1656,13:28:39,8.7,--,72,62639,卖盘
1657,13:28:36,8.7,--,9,7829,卖盘
1658,13:28:33,8.7,-0.01,351,305822,卖盘
1659,13:28:27,8.71,--,3,2613,买盘
1660,13:28:24,8.71,--,6,5226,买盘
1661,13:28:21,8.71,--,2,1742,买盘
1662,13:28:18,8.71,0.01,66,57486,买盘
1663,13:28:15,8.7,-0.01,100,87000,卖盘
1664,13:28:12,8.71,--,25,21775,买盘
1665,13:28:09,8.71,0.01,5,4355,买盘
1666,13:28:06,8.7,-0.01,7,6089,卖盘
1667,13:28:03,8.71,--,281,244751,买盘
1668,13:28:00,8.71,--,34,29614,买盘
1669,13:27:57,8.71,--,52,45292,买盘
1670,13:27:51,8.71,--,58,50518,卖盘
1671,13:27:48,8.71,--,24,20904,卖盘
1672,13:27:45,8.71,--,220,191620,买盘
1673,13:27:42,8.71,--,22,19162,买盘
1674,13:27:39,8.71,--,5,4355,买盘
1675,13:27:36,8.71,-0.01,11,9581,买盘
1676,13:27:33,8.72,0.01,10,8720,买盘
1677,13:27:30,8.71,-0.01,935,814385,卖盘
1678,13:27:27,8.72,--,30,26160,买盘
1679,13:27:24,8.72,--,1,872,买盘
1680,13:27:21,8.72,-0.01,101,88490,卖盘
1681,13:27:15,8.73,--,251,219123,买盘
1682,13:27:12,8.73,--,44,38412,买盘
1683,13:27:09,8.73,0.01,8,6984,买盘
1684,13:27:06,8.72,--,11,9592,卖盘
1685,13:27:03,8.72,-0.01,20,17440,卖盘
1686,13:27:00,8.73,--,83,72459,买盘
1687,13:26:57,8.73,0.01,2,1746,买盘
1688,13:26:51,8.72,--,241,210152,卖盘
1689,13:26:48,8.72,-0.01,111,96792,卖盘
1690,13:26:45,8.73,--,41,35793,买盘
1691,13:26:42,8.73,--,20,17460,买盘
1692,13:26:39,8.73,0.01,17,14841,买盘
1693,13:26:36,8.72,--,2,1744,卖盘
1694,13:26:33,8.72,--,107,93304,卖盘
1695,13:26:30,8.72,-0.01,123,107256,卖盘
1696,13:26:27,8.73,--,55,48015,买盘
1697,13:26:24,8.73,--,73,63729,买盘
1698,13:26:21,8.73,0.01,51,44523,买盘
1699,13:26:18,8.72,-0.01,126,109872,卖盘
1700,13:26:15,8.73,--,1,873,买盘
1701,13:26:12,8.73,--,145,126585,买盘
1702,13:26:09,8.73,--,400,349200,买盘
1703,13:26:06,8.73,0.01,47,41031,买盘
1704,13:26:03,8.72,-0.01,6,5232,卖盘
1705,13:26:00,8.73,0.01,14,12222,买盘
1706,13:25:54,8.72,-0.01,11,10045,卖盘
1707,13:25:51,8.73,0.02,50,43650,买盘
1708,13:25:48,8.71,-0.01,23,20033,卖盘
1709,13:25:42,8.72,0.01,103,89816,买盘
1710,13:25:39,8.71,-0.01,24,20904,卖盘
1711,13:25:36,8.72,--,56,48832,买盘
1712,13:25:33,8.72,--,140,122080,买盘
1713,13:25:30,8.72,--,23,20056,买盘
1714,13:25:27,8.72,-0.01,1,872,买盘
1715,13:25:24,8.73,0.01,80,69840,买盘
1716,13:25:21,8.72,--,51,44472,卖盘
1717,13:25:18,8.72,--,3,2616,卖盘
1718,13:25:15,8.72,0.01,5,4360,中性盘
1719,13:25:12,8.71,-0.01,29,25259,卖盘
1720,13:25:09,8.72,0.01,122,106384,买盘
1721,13:25:06,8.71,-0.01,51,44421,卖盘
1722,13:25:03,8.72,--,23,20056,买盘
1723,13:25:00,8.72,--,31,27032,买盘
1724,13:24:57,8.72,--,123,107256,买盘
1725,13:24:54,8.72,--,61,53192,买盘
1726,13:24:51,8.72,--,30,26160,买盘
1727,13:24:48,8.72,0.01,275,239800,买盘
1728,13:24:45,8.71,--,26,22646,卖盘
1729,13:24:42,8.71,--,19,16549,卖盘
1730,13:24:39,8.71,--,41,35711,卖盘
1731,13:24:33,8.71,-0.01,78,67938,卖盘
1732,13:24:30,8.72,--,37,32264,买盘
1733,13:24:27,8.72,0.01,250,218000,买盘
1734,13:24:21,8.71,-0.01,113,98423,卖盘
1735,13:24:18,8.72,0.01,101,88072,买盘
1736,13:24:15,8.71,-0.01,6,5226,卖盘
1737,13:24:12,8.72,-0.01,389,339208,卖盘
1738,13:24:09,8.73,--,30,26190,买盘
1739,13:24:03,8.73,--,3,2619,买盘
1740,13:24:00,8.73,--,131,114363,买盘
1741,13:23:54,8.73,--,11,9603,买盘
1742,13:23:51,8.73,0.01,17,14841,买盘
1743,13:23:48,8.72,-0.01,80,69760,卖盘
1744,13:23:45,8.73,--,2,1746,买盘
1745,13:23:42,8.73,--,5,4365,买盘
1746,13:23:39,8.73,0.01,29,25317,买盘
1747,13:23:36,8.72,--,27,23544,卖盘
1748,13:23:33,8.72,0.01,203,177016,买盘
1749,13:23:30,8.71,-0.01,80,69680,卖盘
1750,13:23:27,8.72,--,148,129056,买盘
1751,13:23:24,8.72,0.01,105,91560,买盘
1752,13:23:21,8.71,-0.01,13,11323,卖盘
1753,13:23:18,8.72,--,72,62784,买盘
1754,13:23:12,8.72,0.01,35,30520,中性盘
1755,13:23:09,8.71,-0.02,30,26130,卖盘
1756,13:23:06,8.73,0.01,61,53253,买盘
1757,13:23:03,8.72,--,3,2616,卖盘
1758,13:23:00,8.72,-0.01,30,26160,卖盘
1759,13:22:57,8.73,-0.01,166,144918,卖盘
1760,13:22:54,8.74,--,38,33212,买盘
1761,13:22:51,8.74,--,121,105754,买盘
1762,13:22:48,8.74,0.01,92,80408,买盘
1763,13:22:45,8.73,-0.01,25,21825,卖盘
1764,13:22:42,8.74,0.01,21,18354,买盘
1765,13:22:39,8.73,--,13,11349,卖盘
1766,13:22:36,8.73,--,16,13968,卖盘
1767,13:22:30,8.73,--,13,11349,卖盘
1768,13:22:27,8.73,0.01,511,446103,卖盘
1769,13:22:24,8.72,-0.01,113,98536,卖盘
1770,13:22:21,8.73,0.01,29,25317,买盘
1771,13:22:18,8.72,-0.01,142,123824,卖盘
1772,13:22:15,8.73,-0.01,70,61110,卖盘
1773,13:22:12,8.74,0.01,4,3496,买盘
1774,13:22:09,8.73,-0.01,748,653004,中性盘
1775,13:22:06,8.74,0.01,326,284924,买盘
1776,13:22:03,8.73,-0.01,124,108252,卖盘
1777,13:22:00,8.74,--,241,210634,买盘
1778,13:21:57,8.74,--,10,8740,买盘
1779,13:21:54,8.74,0.01,10,8740,买盘
1780,13:21:51,8.73,-0.01,16,13968,卖盘
1781,13:21:48,8.74,0.01,12,10488,买盘
1782,13:21:45,8.73,--,201,175473,卖盘
1783,13:21:42,8.73,--,91,79443,卖盘
1784,13:21:39,8.73,--,323,281979,买盘
1785,13:21:33,8.73,--,10,8730,买盘
1786,13:21:30,8.73,--,24,20952,买盘
1787,13:21:27,8.73,--,131,114363,买盘
1788,13:21:24,8.73,--,38,33174,买盘
1789,13:21:21,8.73,--,53,46269,卖盘
1790,13:21:18,8.73,--,15,13095,卖盘
1791,13:21:15,8.73,0.03,85,74205,中性盘
1792,13:21:12,8.7,-0.02,614,534336,卖盘
1793,13:21:09,8.72,-0.01,68,59296,卖盘
1794,13:21:06,8.73,0.01,278,242694,买盘
1795,13:21:03,8.72,--,7,6104,卖盘
1796,13:21:00,8.72,-0.01,50,43600,卖盘
1797,13:20:57,8.73,0.01,79,68967,买盘
1798,13:20:54,8.72,-0.01,7,6104,卖盘
1799,13:20:51,8.73,--,14,12222,买盘
1800,13:20:48,8.73,0.01,42,36666,买盘
1801,13:20:45,8.72,--,68,59296,买盘
1802,13:20:42,8.72,--,40,34880,买盘
1803,13:20:39,8.72,--,48,41856,买盘
1804,13:20:36,8.72,--,60,52320,买盘
1805,13:20:33,8.72,--,25,21800,买盘
1806,13:20:30,8.72,--,117,102024,买盘
1807,13:20:27,8.72,--,59,51448,买盘
1808,13:20:24,8.72,--,87,75864,买盘
1809,13:20:21,8.72,--,44,38368,买盘
1810,13:20:18,8.72,--,1,872,买盘
1811,13:20:12,8.72,0.01,369,321768,买盘
1812,13:20:09,8.71,0.01,20,17420,买盘
1813,13:20:06,8.7,--,29,25229,卖盘
1814,13:20:03,8.7,--,58,50459,买盘
1815,13:20:00,8.7,--,71,61769,买盘
1816,13:19:57,8.7,--,65,56549,买盘
1817,13:19:54,8.7,0.01,78,67860,买盘
1818,13:19:51,8.69,--,479,416251,卖盘
1819,13:19:48,8.69,--,42,36498,卖盘
1820,13:19:45,8.69,--,39,33891,卖盘
1821,13:19:42,8.69,--,78,67782,买盘
1822,13:19:39,8.69,--,126,109494,买盘
1823,13:19:36,8.69,--,74,64305,买盘
1824,13:19:33,8.69,--,12,10428,买盘
1825,13:19:30,8.69,-0.01,20,17380,卖盘
1826,13:19:27,8.7,--,60,52199,买盘
1827,13:19:24,8.7,--,21,18270,买盘
1828,13:19:21,8.7,0.01,66,57419,买盘
1829,13:19:18,8.69,--,104,90376,买盘
1830,13:19:15,8.69,--,86,74734,买盘
1831,13:19:12,8.69,--,41,35629,买盘
1832,13:19:09,8.69,--,119,103411,卖盘
1833,13:19:06,8.69,-0.01,54,46926,卖盘
1834,13:19:03,8.7,0.01,104,90479,买盘
1835,13:19:00,8.69,--,38,33022,卖盘
1836,13:18:57,8.69,--,104,90376,卖盘
1837,13:18:51,8.69,-0.01,51,44319,卖盘
1838,13:18:48,8.7,0.01,58,50459,买盘
1839,13:18:45,8.69,--,16,13904,卖盘
1840,13:18:42,8.69,-0.01,59,51271,卖盘
1841,13:18:39,8.7,0.01,24,20880,买盘
1842,13:18:36,8.69,--,24,20856,卖盘
1843,13:18:33,8.69,--,285,247665,买盘
1844,13:18:30,8.69,--,60,52140,买盘
1845,13:18:27,8.69,--,107,92983,买盘
1846,13:18:24,8.69,--,5,4345,买盘
1847,13:18:21,8.69,0.01,150,130349,买盘
1848,13:18:18,8.68,-0.01,60,52080,卖盘
1849,13:18:15,8.69,--,85,73865,卖盘
1850,13:18:12,8.69,-0.01,18,15642,卖盘
1851,13:18:09,8.7,--,29,25229,买盘
1852,13:18:06,8.7,--,15,13049,买盘
1853,13:18:03,8.7,0.01,23,20010,买盘
1854,13:18:00,8.69,--,50,43450,卖盘
1855,13:17:57,8.69,--,88,76472,买盘
1856,13:17:54,8.69,0.01,18,15642,买盘
1857,13:17:51,8.68,--,39,33852,卖盘
1858,13:17:48,8.68,-0.01,20,17360,卖盘
1859,13:17:45,8.69,--,48,41712,卖盘
1860,13:17:42,8.69,--,47,40843,卖盘
1861,13:17:39,8.69,0.01,70,60830,中性盘
1862,13:17:36,8.68,--,24,20832,卖盘
1863,13:17:33,8.68,--,146,126728,卖盘
1864,13:17:30,8.68,-0.01,139,120652,卖盘
1865,13:17:27,8.69,--,112,97328,买盘
1866,13:17:24,8.69,--,5,4345,买盘
1867,13:17:21,8.69,--,10,8690,买盘
1868,13:17:18,8.69,--,22,19118,买盘
1869,13:17:15,8.69,-0.01,199,172931,卖盘
1870,13:17:12,8.7,--,24,20880,买盘
1871,13:17:09,8.7,0.01,12,10440,买盘
1872,13:17:06,8.69,-0.01,1,869,卖盘
1873,13:17:03,8.7,--,27,23489,买盘
1874,13:17:00,8.7,--,108,93959,买盘
1875,13:16:57,8.7,--,21,18270,买盘
1876,13:16:54,8.7,0.01,3,2610,买盘
1877,13:16:48,8.69,--,21,18249,卖盘
1878,13:16:45,8.69,--,146,126874,买盘
1879,13:16:39,8.69,--,85,73865,买盘
1880,13:16:36,8.69,--,104,90376,卖盘
1881,13:16:33,8.69,-0.01,35,30415,卖盘
1882,13:16:30,8.7,0.01,61,53069,买盘
1883,13:16:27,8.69,-0.01,40,34760,卖盘
1884,13:16:24,8.7,0.01,2,1739,买盘
1885,13:16:21,8.69,-0.01,31,26939,买盘
1886,13:16:18,8.7,0.02,203,176610,买盘
1887,13:16:15,8.68,-0.01,11,9548,卖盘
1888,13:16:12,8.69,--,128,111232,买盘
1889,13:16:09,8.69,0.01,38,33022,买盘
1890,13:16:06,8.68,--,43,37324,卖盘
1891,13:16:03,8.68,-0.01,14,12152,卖盘
1892,13:16:00,8.69,--,27,23463,买盘
1893,13:15:57,8.69,--,35,30415,买盘
1894,13:15:54,8.69,--,86,74734,卖盘
1895,13:15:51,8.69,0.01,11,9559,中性盘
1896,13:15:48,8.68,-0.01,200,173600,卖盘
1897,13:15:45,8.69,--,500,434500,卖盘
1898,13:15:42,8.69,--,42,36498,卖盘
1899,13:15:39,8.69,--,33,28677,卖盘
1900,13:15:36,8.69,--,95,82555,卖盘
1901,13:15:33,8.69,--,1,869,卖盘
1902,13:15:30,8.69,0.01,197,171193,买盘
1903,13:15:27,8.68,-0.01,118,102424,卖盘
1904,13:15:24,8.69,--,33,28677,买盘
1905,13:15:21,8.69,--,10,8690,买盘
1906,13:15:18,8.69,--,75,65174,买盘
1907,13:15:15,8.69,--,71,61699,买盘
1908,13:15:12,8.69,-0.02,5369,4665661,卖盘
1909,13:15:09,8.71,--,141,122811,卖盘
1910,13:15:06,8.71,--,5,4355,卖盘
1911,13:15:03,8.71,-0.01,27,23517,卖盘
1912,13:15:00,8.72,0.01,180,156960,买盘
1913,13:14:57,8.71,--,45,39195,卖盘
1914,13:14:54,8.71,--,51,44421,卖盘
1915,13:14:48,8.71,--,6,5226,卖盘
1916,13:14:45,8.71,0.01,33,28743,买盘
1917,13:14:42,8.7,-0.01,203,176610,卖盘
1918,13:14:39,8.71,--,159,138489,买盘
1919,13:14:36,8.71,0.01,289,251719,买盘
1920,13:14:33,8.7,-0.01,48,41760,卖盘
1921,13:14:30,8.71,--,167,145457,买盘
1922,13:14:27,8.71,0.01,71,61841,买盘
1923,13:14:24,8.7,-0.01,8,6959,卖盘
1924,13:14:18,8.71,0.01,19,16549,买盘
1925,13:14:15,8.7,--,152,132240,卖盘
1926,13:14:12,8.7,--,85,73950,卖盘
1927,13:14:09,8.7,--,38,33060,卖盘
1928,13:14:06,8.7,--,33,28709,卖盘
1929,13:14:03,8.7,--,21,18270,卖盘
1930,13:14:00,8.7,0.01,142,123539,买盘
1931,13:13:57,8.69,-0.01,185,160765,卖盘
1932,13:13:54,8.7,--,157,136590,买盘
1933,13:13:51,8.7,0.01,35,30449,买盘
1934,13:13:48,8.69,--,187,162503,卖盘
1935,13:13:45,8.69,--,119,103411,卖盘
1936,13:13:42,8.69,-0.01,159,138171,卖盘
1937,13:13:39,8.7,0.01,37,32189,买盘
1938,13:13:36,8.69,-0.01,1,869,卖盘
1939,13:13:33,8.7,--,13,11309,买盘
1940,13:13:30,8.7,--,103,89670,买盘
1941,13:13:27,8.7,--,214,186179,买盘
1942,13:13:24,8.7,0.01,5,4350,买盘
1943,13:13:21,8.69,--,225,195525,卖盘
1944,13:13:15,8.69,--,52,45188,卖盘
1945,13:13:12,8.69,--,186,161634,卖盘
1946,13:13:09,8.69,-0.01,36,31284,卖盘
1947,13:13:06,8.7,0.01,3,2610,买盘
1948,13:13:03,8.69,--,11,9559,卖盘
1949,13:12:57,8.69,--,45,39105,卖盘
1950,13:12:54,8.69,0.01,39,34403,买盘
1951,13:12:51,8.68,-0.01,240,208320,卖盘
1952,13:12:48,8.69,--,124,107756,买盘
1953,13:12:45,8.69,0.01,202,175538,买盘
1954,13:12:42,8.68,-0.01,243,210924,卖盘
1955,13:12:39,8.69,--,12,10428,买盘
1956,13:12:36,8.69,--,31,26939,买盘
1957,13:12:33,8.69,0.01,6,5214,买盘
1958,13:12:30,8.68,-0.01,17,14756,卖盘
1959,13:12:27,8.69,0.01,28,24332,买盘
1960,13:12:24,8.68,--,6,5208,卖盘
1961,13:12:21,8.68,--,9,7829,卖盘
1962,13:12:18,8.68,0.01,2,1736,卖盘
1963,13:12:15,8.67,--,40,34680,卖盘
1964,13:12:12,8.67,-0.01,217,188719,卖盘
1965,13:12:09,8.68,--,1056,916608,买盘
1966,13:12:06,8.68,--,62,53816,买盘
1967,13:12:03,8.68,--,42,36456,买盘
1968,13:12:00,8.68,0.01,46,39928,买盘
1969,13:11:57,8.67,-0.01,69,59823,卖盘
1970,13:11:54,8.68,--,42,36456,买盘
1971,13:11:51,8.68,--,329,285572,买盘
1972,13:11:48,8.68,--,76,65968,买盘
1973,13:11:45,8.68,0.01,143,124124,买盘
1974,13:11:42,8.67,-0.01,102,88434,卖盘
1975,13:11:39,8.68,--,131,113716,买盘
1976,13:11:36,8.68,--,45,39060,买盘
1977,13:11:33,8.68,--,50,43400,买盘
1978,13:11:30,8.68,--,104,90272,买盘
1979,13:11:27,8.68,0.01,3,2604,买盘
1980,13:11:24,8.67,-0.01,26,22542,卖盘
1981,13:11:21,8.68,0.01,37,32116,买盘
1982,13:11:18,8.67,--,1,1170,卖盘
1983,13:11:15,8.67,0.01,135,117045,买盘
1984,13:11:12,8.66,-0.01,78,67548,卖盘
1985,13:11:09,8.67,--,251,217617,买盘
1986,13:11:06,8.67,--,42,36414,买盘
1987,13:11:03,8.67,--,141,122247,买盘
1988,13:11:00,8.67,--,126,109242,买盘
1989,13:10:57,8.67,--,86,74562,买盘
1990,13:10:54,8.67,--,26,22542,买盘
1991,13:10:51,8.67,0.01,68,58956,买盘
1992,13:10:48,8.66,-0.01,49,42434,卖盘
1993,13:10:45,8.67,-0.01,633,548811,卖盘
1994,13:10:42,8.68,0.02,211,183148,买盘
1995,13:10:39,8.66,-0.02,523,452918,卖盘
1996,13:10:36,8.68,0.01,232,201376,买盘
1997,13:10:33,8.67,--,4,3468,卖盘
1998,13:10:30,8.67,-0.01,101,87567,卖盘
1999,13:10:27,8.68,--,40,34720,买盘
2000,13:10:24,8.68,--,266,230888,买盘
2001,13:10:21,8.68,--,243,210924,买盘
2002,13:10:18,8.68,--,77,66836,买盘
2003,13:10:15,8.68,0.01,8,6944,买盘
2004,13:10:12,8.67,-0.01,17,14739,卖盘
2005,13:10:09,8.68,0.01,50,43400,买盘
2006,13:10:06,8.67,-0.01,25,21675,卖盘
2007,13:10:03,8.68,--,10,8680,买盘
2008,13:10:00,8.68,0.01,99,85932,买盘
2009,13:09:57,8.67,-0.01,418,362406,卖盘
2010,13:09:54,8.68,--,251,217868,买盘
2011,13:09:51,8.68,--,42,36456,买盘
2012,13:09:48,8.68,--,95,82460,买盘
2013,13:09:45,8.68,--,44,38192,买盘
2014,13:09:42,8.68,--,14,12152,买盘
2015,13:09:39,8.68,0.01,1,868,买盘
2016,13:09:36,8.67,--,158,136986,卖盘
2017,13:09:33,8.67,--,229,198543,卖盘
2018,13:09:30,8.67,--,15,13005,卖盘
2019,13:09:27,8.67,--,211,182937,买盘
2020,13:09:24,8.67,0.01,27,23409,买盘
2021,13:09:21,8.66,-0.01,70,60620,卖盘
2022,13:09:18,8.67,-0.01,27,23409,卖盘
2023,13:09:15,8.68,0.01,31,26908,买盘
2024,13:09:12,8.67,--,286,247962,买盘
2025,13:09:09,8.67,--,118,102306,卖盘
2026,13:09:06,8.67,--,29,25143,卖盘
2027,13:09:03,8.67,--,13,11271,卖盘
2028,13:09:00,8.67,--,26,22542,卖盘
2029,13:08:57,8.67,0.01,40,34714,卖盘
2030,13:08:54,8.66,-0.01,187,161942,卖盘
2031,13:08:51,8.67,0.01,26,22542,中性盘
2032,13:08:48,8.66,-0.01,642,555972,卖盘
2033,13:08:45,8.67,--,5,4335,买盘
2034,13:08:42,8.67,0.01,332,287844,买盘
2035,13:08:39,8.66,--,63,54558,卖盘
2036,13:08:36,8.66,-0.01,430,372380,卖盘
2037,13:08:33,8.67,--,198,171666,买盘
2038,13:08:30,8.67,0.01,87,75429,买盘
2039,13:08:27,8.66,--,420,363720,卖盘
2040,13:08:24,8.66,-0.01,153,132498,卖盘
2041,13:08:21,8.67,--,212,183804,买盘
2042,13:08:18,8.67,--,30,26010,买盘
2043,13:08:15,8.67,0.01,295,255765,买盘
2044,13:08:12,8.66,--,184,159344,卖盘
2045,13:08:09,8.66,-0.01,93,80538,卖盘
2046,13:08:06,8.67,--,97,84099,买盘
2047,13:08:03,8.67,0.01,67,58089,买盘
2048,13:08:00,8.66,-0.01,70,60620,卖盘
2049,13:07:57,8.67,0.01,55,47685,买盘
2050,13:07:54,8.66,-0.01,934,808844,卖盘
2051,13:07:51,8.67,0.01,73,63291,买盘
2052,13:07:48,8.66,-0.01,6,5196,卖盘
2053,13:07:45,8.67,0.01,93,80631,买盘
2054,13:07:42,8.66,-0.01,32,27712,卖盘
2055,13:07:39,8.67,--,14,12138,买盘
2056,13:07:36,8.67,--,10,8670,买盘
2057,13:07:33,8.67,0.01,38,32946,买盘
2058,13:07:30,8.66,-0.01,46,39836,卖盘
2059,13:07:27,8.67,--,213,184671,买盘
2060,13:07:24,8.67,0.01,40,34680,买盘
2061,13:07:21,8.66,-0.01,20,17320,卖盘
2062,13:07:18,8.67,--,101,87567,买盘
2063,13:07:15,8.67,0.01,102,88434,买盘
2064,13:07:12,8.66,-0.01,24,20784,卖盘
2065,13:07:09,8.67,0.01,42,36414,买盘
2066,13:07:06,8.66,-0.01,54,46764,卖盘
2067,13:07:03,8.67,0.01,111,96237,买盘
2068,13:07:00,8.66,-0.01,24,20784,卖盘
2069,13:06:57,8.67,0.01,54,46818,买盘
2070,13:06:54,8.66,--,432,374112,卖盘
2071,13:06:51,8.66,--,4,3464,卖盘
2072,13:06:48,8.66,-0.01,82,71012,卖盘
2073,13:06:45,8.67,0.01,211,182937,买盘
2074,13:06:42,8.66,--,129,111714,买盘
2075,13:06:39,8.66,0.01,102,88332,买盘
2076,13:06:36,8.65,-0.01,48,41520,卖盘
2077,13:06:33,8.66,--,72,62352,买盘
2078,13:06:30,8.66,0.01,47,40702,买盘
2079,13:06:27,8.65,--,46,39790,卖盘
2080,13:06:24,8.65,-0.01,245,211925,卖盘
2081,13:06:21,8.66,-0.01,289,250274,卖盘
2082,13:06:18,8.67,0.01,881,763827,买盘
2083,13:06:15,8.66,-0.01,124,107384,卖盘
2084,13:06:12,8.67,0.01,33,28611,买盘
2085,13:06:09,8.66,-0.01,65,56290,卖盘
2086,13:06:06,8.67,0.01,65,56355,买盘
2087,13:06:03,8.66,--,259,224294,卖盘
2088,13:06:00,8.66,--,2,1732,卖盘
2089,13:05:57,8.66,-0.01,209,180994,买盘
2090,13:05:54,8.67,--,644,558348,买盘
2091,13:05:51,8.67,--,20,17340,买盘
2092,13:05:45,8.67,0.02,158,136986,买盘
2093,13:05:42,8.65,-0.02,1261,1090765,卖盘
2094,13:05:39,8.67,0.01,46,39882,买盘
2095,13:05:36,8.66,--,25,21650,卖盘
2096,13:05:33,8.66,-0.01,65,56290,卖盘
2097,13:05:30,8.67,0.01,5,4335,买盘
2098,13:05:27,8.66,--,94,81404,卖盘
2099,13:05:24,8.66,0.01,15,12990,买盘
2100,13:05:21,8.65,--,237,205005,卖盘
2101,13:05:18,8.65,-0.01,100,86500,卖盘
2102,13:05:15,8.66,0.01,161,139426,买盘
2103,13:05:12,8.65,--,93,80445,卖盘
2104,13:05:09,8.65,-0.01,121,104665,卖盘
2105,13:05:06,8.66,--,257,222562,买盘
2106,13:05:03,8.66,0.01,113,97858,买盘
2107,13:05:00,8.65,--,1,865,卖盘
2108,13:04:57,8.65,--,330,285450,卖盘
2109,13:04:54,8.65,-0.01,388,335620,卖盘
2110,13:04:51,8.66,--,121,104786,卖盘
2111,13:04:48,8.66,--,202,174932,买盘
2112,13:04:45,8.66,--,170,147220,买盘
2113,13:04:42,8.66,0.01,58,50228,买盘
2114,13:04:39,8.65,-0.01,428,370220,卖盘
2115,13:04:36,8.66,--,44,38104,买盘
2116,13:04:33,8.66,--,129,111714,买盘
2117,13:04:30,8.66,--,39,33774,买盘
2118,13:04:27,8.66,--,208,180128,买盘
2119,13:04:24,8.66,-0.01,127,109982,卖盘
2120,13:04:21,8.67,0.01,156,135252,买盘
2121,13:04:18,8.66,-0.01,156,135096,卖盘
2122,13:04:15,8.67,--,208,180336,买盘
2123,13:04:12,8.67,--,123,106641,买盘
2124,13:04:09,8.67,0.01,439,380613,买盘
2125,13:04:06,8.66,--,31,26846,卖盘
2126,13:04:03,8.66,--,247,213902,卖盘
2127,13:04:00,8.66,--,88,76208,卖盘
2128,13:03:57,8.66,--,627,542982,卖盘
2129,13:03:54,8.66,-0.01,5,4330,卖盘
2130,13:03:51,8.67,0.01,60,52020,买盘
2131,13:03:48,8.66,-0.01,113,97858,卖盘
2132,13:03:45,8.67,0.01,21,18207,买盘
2133,13:03:42,8.66,-0.01,27,23382,卖盘
2134,13:03:39,8.67,--,19,16473,买盘
2135,13:03:36,8.67,0.01,11,9537,中性盘
2136,13:03:33,8.66,--,110,95260,卖盘
2137,13:03:30,8.66,--,27,23382,卖盘
2138,13:03:27,8.66,--,65,56290,卖盘
2139,13:03:24,8.66,--,63,54558,买盘
2140,13:03:21,8.66,0.01,57,49362,买盘
2141,13:03:18,8.65,-0.01,392,339080,卖盘
2142,13:03:15,8.66,--,129,111714,买盘
2143,13:03:12,8.66,--,225,194850,买盘
2144,13:03:09,8.66,0.01,6,5196,买盘
2145,13:03:06,8.65,-0.02,124,107260,卖盘
2146,13:03:03,8.67,0.01,61,52887,买盘
2147,13:03:00,8.66,0.01,222,192252,买盘
2148,13:02:57,8.65,-0.01,181,156565,卖盘
2149,13:02:54,8.66,-0.01,58,50228,中性盘
2150,13:02:51,8.67,--,173,149991,买盘
2151,13:02:48,8.67,0.01,145,125715,买盘
2152,13:02:45,8.66,-0.01,147,127302,卖盘
2153,13:02:42,8.67,--,75,65025,买盘
2154,13:02:39,8.67,--,669,580023,买盘
2155,13:02:36,8.67,--,5,4335,买盘
2156,13:02:33,8.67,0.01,384,332928,买盘
2157,13:02:30,8.66,-0.01,18,15588,卖盘
2158,13:02:27,8.67,--,12,10404,买盘
2159,13:02:24,8.67,--,316,273972,买盘
2160,13:02:21,8.67,--,64,55488,买盘
2161,13:02:18,8.67,--,41,35547,买盘
2162,13:02:15,8.67,--,76,65892,买盘
2163,13:02:12,8.67,--,194,168198,买盘
2164,13:02:09,8.67,--,14,12138,买盘
2165,13:02:06,8.67,--,36,31212,买盘
2166,13:02:03,8.67,--,16,13872,买盘
2167,13:02:00,8.67,--,152,131784,买盘
2168,13:01:57,8.67,--,19,16473,买盘
2169,13:01:54,8.67,--,26,22542,买盘
2170,13:01:51,8.67,--,18,15606,买盘
2171,13:01:48,8.67,--,19,16473,买盘
2172,13:01:45,8.67,--,36,31212,卖盘
2173,13:01:42,8.67,--,70,60690,卖盘
2174,13:01:39,8.67,-0.01,172,149124,卖盘
2175,13:01:36,8.68,0.01,121,105028,买盘
2176,13:01:33,8.67,-0.01,1,867,卖盘
2177,13:01:30,8.68,0.01,72,62496,买盘
2178,13:01:27,8.67,--,100,86700,卖盘
2179,13:01:24,8.67,-0.01,17,14739,卖盘
2180,13:01:21,8.68,--,25,21700,买盘
2181,13:01:18,8.68,0.01,432,374976,买盘
2182,13:01:15,8.67,--,1131,980577,买盘
2183,13:01:12,8.67,--,45,39015,买盘
2184,13:01:09,8.67,0.01,162,140454,买盘
2185,13:01:06,8.66,--,437,378442,卖盘
2186,13:01:03,8.66,-0.01,149,129034,卖盘
2187,13:01:00,8.67,0.01,50,43350,买盘
2188,13:00:57,8.66,--,1,866,卖盘
2189,13:00:54,8.66,--,26,22516,卖盘
2190,13:00:51,8.66,--,296,256336,卖盘
2191,13:00:48,8.66,--,112,96992,卖盘
2192,13:00:42,8.66,-0.01,273,236418,卖盘
2193,13:00:39,8.67,0.01,56,48552,买盘
2194,13:00:36,8.66,--,35,30310,卖盘
2195,13:00:33,8.66,-0.01,73,63218,卖盘
2196,13:00:30,8.67,--,19,16473,买盘
2197,13:00:27,8.67,--,54,46818,买盘
2198,13:00:24,8.67,--,25,21675,卖盘
2199,13:00:21,8.67,--,64,55488,卖盘
2200,13:00:18,8.67,-0.01,231,200277,中性盘
2201,13:00:15,8.68,0.01,817,709156,买盘
2202,13:00:12,8.67,--,83,71961,买盘
2203,13:00:09,8.67,--,171,148257,买盘
2204,13:00:06,8.67,-0.01,761,659787,中性盘
2205,13:00:03,8.68,-0.01,7802,6772136,卖盘
2206,13:00:00,8.69,--,0,0,买盘
2207,11:30:00,8.69,0.01,6,5214,买盘
2208,11:29:57,8.68,--,417,362476,买盘
2209,11:29:54,8.68,--,87,75516,买盘
2210,11:29:51,8.68,--,28,24304,买盘
2211,11:29:48,8.68,--,51,44268,买盘
2212,11:29:45,8.68,--,623,541111,卖盘
2213,11:29:42,8.68,--,354,307272,卖盘
2214,11:29:39,8.68,-0.01,57,49476,卖盘
2215,11:29:36,8.69,0.01,398,345862,买盘
2216,11:29:33,8.68,--,332,288176,卖盘
2217,11:29:30,8.68,--,456,395808,卖盘
2218,11:29:27,8.68,-0.01,905,786060,卖盘
2219,11:29:24,8.69,0.01,771,669999,买盘
2220,11:29:21,8.68,--,124,107632,卖盘
2221,11:29:18,8.68,-0.01,560,486080,卖盘
2222,11:29:15,8.69,--,61,53009,买盘
2223,11:29:12,8.69,--,318,276342,买盘
2224,11:29:09,8.69,0.01,23,19987,买盘
2225,11:29:06,8.68,-0.01,352,305536,卖盘
2226,11:29:03,8.69,--,185,160765,买盘
2227,11:29:00,8.69,--,287,249403,买盘
2228,11:28:57,8.69,--,34,29546,买盘
2229,11:28:54,8.69,--,305,265392,卖盘
2230,11:28:51,8.69,-0.01,1142,992398,卖盘
2231,11:28:48,8.7,0.01,10,8700,买盘
2232,11:28:45,8.69,--,54,46926,卖盘
2233,11:28:42,8.69,--,314,272866,卖盘
2234,11:28:39,8.69,--,89,77341,卖盘
2235,11:28:36,8.69,-0.01,442,384098,卖盘
2236,11:28:33,8.7,0.01,81,70470,买盘
2237,11:28:30,8.69,--,309,268521,卖盘
2238,11:28:27,8.69,--,64,55616,卖盘
2239,11:28:24,8.69,--,192,166848,卖盘
2240,11:28:21,8.69,--,147,127742,卖盘
2241,11:28:18,8.69,--,387,336303,卖盘
2242,11:28:15,8.69,-0.01,72,62568,卖盘
2243,11:28:12,8.7,0.01,8,6959,买盘
2244,11:28:09,8.69,-0.02,1127,979363,卖盘
2245,11:28:06,8.71,0.01,1274,1109654,买盘
2246,11:28:03,8.7,-0.01,725,630750,卖盘
2247,11:28:00,8.71,0.01,1624,1414504,买盘
2248,11:27:57,8.7,--,1087,945689,卖盘
2249,11:27:54,8.7,--,3545,3084149,卖盘
2250,11:27:51,8.7,--,325,282750,卖盘
2251,11:27:48,8.7,--,660,574200,卖盘
2252,11:27:45,8.7,--,79,68730,卖盘
2253,11:27:42,8.7,--,109,94829,卖盘
2254,11:27:39,8.7,-0.01,1757,1528589,卖盘
2255,11:27:36,8.71,--,30,26130,卖盘
2256,11:27:33,8.71,--,600,522600,卖盘
2257,11:27:30,8.71,--,913,795223,卖盘
2258,11:27:24,8.71,-0.01,213,185523,卖盘
2259,11:27:21,8.72,0.01,46,40112,买盘
2260,11:27:18,8.71,--,658,573118,卖盘
2261,11:27:15,8.71,-0.01,27,23517,卖盘
2262,11:27:12,8.72,--,26,22672,买盘
2263,11:27:09,8.72,--,65,56680,卖盘
2264,11:27:06,8.72,-0.02,513,447336,卖盘
2265,11:27:03,8.74,--,18,15732,买盘
2266,11:27:00,8.74,0.01,22,19228,买盘
2267,11:26:57,8.73,0.01,102,89046,中性盘
2268,11:26:54,8.72,-0.01,255,222360,卖盘
2269,11:26:51,8.73,0.01,42,36666,买盘
2270,11:26:48,8.72,--,101,88072,卖盘
2271,11:26:45,8.72,--,91,79352,卖盘
2272,11:26:42,8.72,--,50,43600,卖盘
2273,11:26:39,8.72,-0.02,889,775208,卖盘
2274,11:26:36,8.74,--,47,41078,买盘
2275,11:26:30,8.74,0.01,91,79534,买盘
2276,11:26:27,8.73,-0.01,64,55872,卖盘
2277,11:26:24,8.74,0.01,12,10488,买盘
2278,11:26:21,8.73,-0.01,97,84681,卖盘
2279,11:26:18,8.74,0.02,64,55936,买盘
2280,11:26:15,8.72,--,173,150856,卖盘
2281,11:26:12,8.72,--,138,120336,卖盘
2282,11:26:09,8.72,-0.01,225,196200,卖盘
2283,11:26:06,8.73,0.01,102,89046,买盘
2284,11:26:03,8.72,-0.01,48,41856,卖盘
2285,11:26:00,8.73,--,96,83808,卖盘
2286,11:25:57,8.73,0.01,564,492372,买盘
2287,11:25:54,8.72,-0.02,4,3488,卖盘
2288,11:25:48,8.74,0.01,104,90896,买盘
2289,11:25:45,8.73,0.01,8,6984,买盘
2290,11:25:42,8.72,-0.01,72,62784,卖盘
2291,11:25:39,8.73,--,178,155394,卖盘
2292,11:25:36,8.73,-0.01,158,137934,卖盘
2293,11:25:33,8.74,0.01,231,201894,买盘
2294,11:25:30,8.73,-0.01,25,21825,卖盘
2295,11:25:27,8.74,--,12,10488,买盘
2296,11:25:24,8.74,0.02,67,58558,买盘
2297,11:25:21,8.72,-0.02,127,110744,卖盘
2298,11:25:18,8.74,0.01,145,126730,买盘
2299,11:25:15,8.73,--,110,96030,卖盘
2300,11:25:12,8.73,0.01,173,151029,买盘
2301,11:25:09,8.72,--,176,153472,卖盘
2302,11:25:06,8.72,-0.01,27,23544,卖盘
2303,11:25:03,8.73,--,98,85554,买盘
2304,11:25:00,8.73,--,96,83808,买盘
2305,11:24:57,8.73,0.01,86,75078,买盘
2306,11:24:54,8.72,-0.01,397,346184,卖盘
2307,11:24:51,8.73,0.01,207,180711,买盘
2308,11:24:48,8.72,--,232,202304,卖盘
2309,11:24:45,8.72,-0.01,135,117720,卖盘
2310,11:24:42,8.73,0.01,54,47142,买盘
2311,11:24:39,8.72,-0.01,237,206664,卖盘
2312,11:24:36,8.73,--,20,17460,买盘
2313,11:24:33,8.73,0.01,300,261900,买盘
2314,11:24:30,8.72,-0.01,10,8720,卖盘
2315,11:24:27,8.73,0.01,119,103887,买盘
2316,11:24:24,8.72,--,59,51448,卖盘
2317,11:24:18,8.72,--,258,224976,卖盘
2318,11:24:15,8.72,--,78,68016,卖盘
2319,11:24:12,8.72,--,148,129056,卖盘
2320,11:24:09,8.72,-0.01,87,75864,卖盘
2321,11:24:06,8.73,--,56,48888,买盘
2322,11:24:03,8.73,--,109,95157,买盘
2323,11:24:00,8.73,0.01,28,24444,买盘
2324,11:23:57,8.72,-0.01,205,178760,卖盘
2325,11:23:54,8.73,0.01,199,173727,买盘
2326,11:23:51,8.72,-0.01,170,148240,卖盘
2327,11:23:48,8.73,0.01,62,54126,买盘
2328,11:23:45,8.72,--,135,117720,卖盘
2329,11:23:42,8.72,--,44,38368,卖盘
2330,11:23:39,8.72,--,42,36624,卖盘
2331,11:23:36,8.72,--,32,27904,卖盘
2332,11:23:33,8.72,--,118,102896,卖盘
2333,11:23:30,8.72,--,1,872,卖盘
2334,11:23:27,8.72,--,80,69760,卖盘
2335,11:23:24,8.72,--,183,159576,买盘
2336,11:23:21,8.72,0.01,97,84584,买盘
2337,11:23:18,8.71,-0.01,165,143715,卖盘
2338,11:23:15,8.72,--,120,104640,买盘
2339,11:23:12,8.72,0.01,87,75864,买盘
2340,11:23:09,8.71,-0.01,352,306592,卖盘
2341,11:23:06,8.72,0.01,63,54936,买盘
2342,11:23:03,8.71,-0.01,133,115843,卖盘
2343,11:23:00,8.72,--,407,354904,买盘
2344,11:22:57,8.72,0.01,15,13080,买盘
2345,11:22:54,8.71,-0.01,233,202943,卖盘
2346,11:22:51,8.72,--,159,138648,买盘
2347,11:22:48,8.72,--,84,73248,买盘
2348,11:22:45,8.72,--,324,282528,买盘
2349,11:22:42,8.72,-0.01,87,75864,买盘
2350,11:22:39,8.73,0.01,70,61110,买盘
2351,11:22:36,8.72,--,56,48832,卖盘
2352,11:22:33,8.72,-0.01,1,872,中性盘
2353,11:22:30,8.73,0.02,81,70713,买盘
2354,11:22:27,8.71,-0.01,1006,876226,卖盘
2355,11:22:24,8.72,--,311,271192,买盘
2356,11:22:21,8.72,0.01,192,167424,买盘
2357,11:22:18,8.71,--,160,139360,卖盘
2358,11:22:15,8.71,--,183,159393,卖盘
2359,11:22:12,8.71,--,81,70551,卖盘
2360,11:22:09,8.71,-0.01,329,286559,卖盘
2361,11:22:06,8.72,0.01,21,18312,买盘
2362,11:22:03,8.71,-0.01,609,530439,卖盘
2363,11:22:00,8.72,0.01,531,463032,买盘
2364,11:21:57,8.71,0.01,155,135527,买盘
2365,11:21:54,8.7,-0.01,510,443699,卖盘
2366,11:21:51,8.71,--,89,77519,买盘
2367,11:21:48,8.71,--,543,472953,买盘
2368,11:21:45,8.71,-0.01,216,188136,买盘
2369,11:21:42,8.72,--,622,542384,买盘
2370,11:21:39,8.72,0.01,26,22672,买盘
2371,11:21:36,8.71,--,333,290043,卖盘
2372,11:21:33,8.71,--,205,178555,买盘
2373,11:21:30,8.71,-0.01,1891,1647061,卖盘
2374,11:21:27,8.72,0.01,934,814448,买盘
2375,11:21:24,8.71,--,40,34840,卖盘
2376,11:21:21,8.71,-0.01,171,148941,卖盘
2377,11:21:18,8.72,0.01,152,132544,买盘
2378,11:21:15,8.71,--,216,188136,卖盘
2379,11:21:12,8.71,-0.01,2159,1880489,卖盘
2380,11:21:09,8.72,--,159,138648,卖盘
2381,11:21:06,8.72,--,134,116848,卖盘
2382,11:21:03,8.72,-0.01,808,704576,卖盘
2383,11:21:00,8.73,0.01,114,99522,买盘
2384,11:20:57,8.72,--,75,65400,卖盘
2385,11:20:54,8.72,-0.01,638,556336,卖盘
2386,11:20:51,8.73,--,90,78570,卖盘
2387,11:20:48,8.73,--,107,93411,卖盘
2388,11:20:45,8.73,-0.01,93,81189,卖盘
2389,11:20:42,8.74,-0.01,104,90896,卖盘
2390,11:20:39,8.75,0.02,92,80500,买盘
2391,11:20:36,8.73,-0.01,3022,2638206,卖盘
2392,11:20:33,8.74,-0.01,14,12236,卖盘
2393,11:20:30,8.75,--,231,202125,买盘
2394,11:20:27,8.75,0.01,19,16625,买盘
2395,11:20:24,8.74,--,627,547998,卖盘
2396,11:20:21,8.74,--,276,241224,卖盘
2397,11:20:18,8.74,-0.01,427,373198,卖盘
2398,11:20:15,8.75,0.01,23,20125,买盘
2399,11:20:12,8.74,-0.01,24,20976,卖盘
2400,11:20:09,8.75,0.01,114,99750,中性盘
2401,11:20:06,8.74,-0.01,1016,887984,卖盘
2402,11:20:03,8.75,--,26,22750,卖盘
2403,11:20:00,8.75,--,6,5250,卖盘
2404,11:19:57,8.75,--,8,7000,卖盘
2405,11:19:54,8.75,-0.01,100,87500,卖盘
2406,11:19:51,8.76,--,16,14016,买盘
2407,11:19:48,8.76,--,360,315360,买盘
2408,11:19:45,8.76,0.01,164,143664,买盘
2409,11:19:42,8.75,-0.01,106,92750,卖盘
2410,11:19:39,8.76,0.01,203,177828,买盘
2411,11:19:36,8.75,--,95,83125,卖盘
2412,11:19:33,8.75,--,166,145250,卖盘
2413,11:19:30,8.75,--,29,25375,卖盘
2414,11:19:27,8.75,--,4,3500,卖盘
2415,11:19:24,8.75,-0.01,144,126000,卖盘
2416,11:19:21,8.76,--,83,72708,买盘
2417,11:19:18,8.76,--,7,6132,买盘
2418,11:19:15,8.76,--,81,70956,买盘
2419,11:19:12,8.76,--,205,179580,买盘
2420,11:19:09,8.76,--,265,232140,卖盘
2421,11:19:06,8.76,--,5,4380,卖盘
2422,11:19:03,8.76,--,130,113880,卖盘
2423,11:19:00,8.76,--,38,33288,卖盘
2424,11:18:57,8.76,--,20,17520,卖盘
2425,11:18:54,8.76,--,60,52560,卖盘
2426,11:18:51,8.76,--,40,35040,卖盘
2427,11:18:48,8.76,--,518,453768,卖盘
2428,11:18:45,8.76,-0.01,3,2628,卖盘
2429,11:18:42,8.77,0.01,1,877,买盘
2430,11:18:39,8.76,-0.01,2,1752,卖盘
2431,11:18:36,8.77,--,79,69283,买盘
2432,11:18:33,8.77,--,32,28064,买盘
2433,11:18:30,8.77,0.01,58,50866,买盘
2434,11:18:27,8.76,--,208,182208,卖盘
2435,11:18:24,8.76,-0.01,1,876,卖盘
2436,11:18:21,8.77,--,223,195571,买盘
2437,11:18:18,8.77,--,78,68406,买盘
2438,11:18:15,8.77,0.01,20,17540,买盘
2439,11:18:09,8.76,-0.01,179,156804,卖盘
2440,11:18:03,8.77,--,230,201710,买盘
2441,11:18:00,8.77,0.01,3,2631,买盘
2442,11:17:57,8.76,--,25,21900,卖盘
2443,11:17:54,8.76,--,3,2628,卖盘
2444,11:17:51,8.76,--,36,31536,卖盘
2445,11:17:48,8.76,--,21,18396,卖盘
2446,11:17:45,8.76,--,19,16644,卖盘
2447,11:17:42,8.76,--,3,2628,卖盘
2448,11:17:39,8.76,--,32,28032,卖盘
2449,11:17:36,8.76,-0.01,76,66576,卖盘
2450,11:17:33,8.77,0.01,215,188555,买盘
2451,11:17:30,8.76,0.01,254,222504,买盘
2452,11:17:27,8.75,-0.01,110,96250,卖盘
2453,11:17:24,8.76,--,146,127896,卖盘
2454,11:17:21,8.76,--,24,21024,卖盘
2455,11:17:18,8.76,--,48,42048,卖盘
2456,11:17:15,8.76,-0.01,369,323244,卖盘
2457,11:17:12,8.77,0.01,20,17540,买盘
2458,11:17:09,8.76,--,123,107748,卖盘
2459,11:17:06,8.76,-0.01,34,29784,卖盘
2460,11:17:03,8.77,0.01,66,57882,买盘
2461,11:17:00,8.76,--,17,14892,卖盘
2462,11:16:57,8.76,--,26,22776,卖盘
2463,11:16:54,8.76,--,11,9636,卖盘
2464,11:16:51,8.76,--,2,1752,卖盘
2465,11:16:48,8.76,-0.01,169,148044,卖盘
2466,11:16:45,8.77,--,15,13155,买盘
2467,11:16:42,8.77,0.01,3,2631,买盘
2468,11:16:39,8.76,--,12,10512,卖盘
2469,11:16:36,8.76,-0.01,34,29784,卖盘
2470,11:16:33,8.77,--,13,11401,买盘
2471,11:16:30,8.77,--,108,94716,卖盘
2472,11:16:24,8.77,--,4,3508,卖盘
2473,11:16:18,8.77,--,2,1754,卖盘
2474,11:16:15,8.77,--,35,30695,卖盘
2475,11:16:12,8.77,--,1,877,卖盘
2476,11:16:09,8.77,--,6,5262,卖盘
2477,11:16:06,8.77,0.01,242,212234,买盘
2478,11:16:03,8.76,-0.01,190,166440,卖盘
2479,11:16:00,8.77,--,47,41219,卖盘
2480,11:15:57,8.77,--,18,15786,买盘
2481,11:15:54,8.77,--,73,64021,买盘
2482,11:15:51,8.77,--,118,103486,卖盘
2483,11:15:48,8.77,--,72,63144,买盘
2484,11:15:45,8.77,--,113,99101,买盘
2485,11:15:42,8.77,--,33,28941,卖盘
2486,11:15:39,8.77,--,10,8770,卖盘
2487,11:15:36,8.77,-0.01,1,877,卖盘
2488,11:15:33,8.78,--,165,144870,买盘
2489,11:15:30,8.78,0.01,22,19316,买盘
2490,11:15:27,8.77,--,35,30695,卖盘
2491,11:15:24,8.77,--,34,29818,卖盘
2492,11:15:21,8.77,--,58,50866,卖盘
2493,11:15:18,8.77,--,24,21048,卖盘
2494,11:15:15,8.77,0.01,11,9647,买盘
2495,11:15:12,8.76,--,10,8760,卖盘
2496,11:15:09,8.76,-0.01,1,876,卖盘
2497,11:15:03,8.77,--,198,173646,买盘
2498,11:15:00,8.77,0.01,16,14032,买盘
2499,11:14:57,8.76,0.01,27,23652,卖盘
2500,11:14:54,8.75,-0.01,83,72975,卖盘
2501,11:14:51,8.76,--,315,275940,买盘
2502,11:14:48,8.76,0.01,105,91980,买盘
2503,11:14:45,8.75,--,30,26250,卖盘
2504,11:14:42,8.75,--,46,40250,卖盘
2505,11:14:39,8.75,-0.01,4,3500,卖盘
2506,11:14:36,8.76,0.02,247,216372,买盘
2507,11:14:33,8.74,-0.01,260,227240,卖盘
2508,11:14:30,8.75,0.01,146,127750,买盘
2509,11:14:27,8.74,-0.01,27,23598,卖盘
2510,11:14:24,8.75,--,81,70875,买盘
2511,11:14:21,8.75,--,62,54250,买盘
2512,11:14:18,8.75,0.01,226,197750,买盘
2513,11:14:15,8.74,--,325,284050,卖盘
2514,11:14:12,8.74,-0.01,282,246468,卖盘
2515,11:14:09,8.75,--,49,42875,买盘
2516,11:14:06,8.75,--,123,107625,买盘
2517,11:14:03,8.75,0.01,395,345625,买盘
2518,11:14:00,8.74,--,24,20976,卖盘
2519,11:13:57,8.74,-0.01,237,207138,卖盘
2520,11:13:54,8.75,--,222,194250,买盘
2521,11:13:51,8.75,--,32,28000,买盘
2522,11:13:48,8.75,0.01,1,875,买盘
2523,11:13:45,8.74,-0.01,52,45448,卖盘
2524,11:13:42,8.75,-0.01,337,294875,卖盘
2525,11:13:39,8.76,0.01,57,49932,买盘
2526,11:13:36,8.75,-0.01,230,201250,卖盘
2527,11:13:33,8.76,0.01,55,48180,买盘
2528,11:13:30,8.75,--,105,91875,卖盘
2529,11:13:27,8.75,--,40,35000,卖盘
2530,11:13:24,8.75,--,25,21875,卖盘
2531,11:13:21,8.75,--,264,231000,卖盘
2532,11:13:18,8.75,--,162,141750,买盘
2533,11:13:12,8.75,0.01,48,42000,买盘
2534,11:13:09,8.74,-0.01,24,20976,卖盘
2535,11:13:06,8.75,--,242,211750,买盘
2536,11:13:03,8.75,0.01,250,218750,买盘
2537,11:13:00,8.74,--,144,125856,卖盘
2538,11:12:57,8.74,--,152,132848,卖盘
2539,11:12:54,8.74,-0.01,1006,879244,卖盘
2540,11:12:51,8.75,--,35,30625,买盘
2541,11:12:48,8.75,--,5,4375,买盘
2542,11:12:45,8.75,-0.01,93,81375,卖盘
2543,11:12:42,8.76,--,453,396828,买盘
2544,11:12:39,8.76,0.01,161,141036,买盘
2545,11:12:36,8.75,--,350,306250,卖盘
2546,11:12:33,8.75,--,463,405125,买盘
2547,11:12:30,8.75,0.01,192,168000,买盘
2548,11:12:27,8.74,--,144,125856,卖盘
2549,11:12:24,8.74,-0.01,169,147706,卖盘
2550,11:12:21,8.75,0.01,132,115500,买盘
2551,11:12:18,8.74,-0.01,181,158194,卖盘
2552,11:12:15,8.75,--,34,29750,买盘
2553,11:12:12,8.75,0.01,65,56875,买盘
2554,11:12:09,8.74,-0.02,10,8740,卖盘
2555,11:12:06,8.76,--,5,4380,买盘
2556,11:12:03,8.76,0.01,419,367044,买盘
2557,11:12:00,8.75,--,91,79625,卖盘
2558,11:11:57,8.75,--,199,174125,卖盘
2559,11:11:54,8.75,--,89,77875,卖盘
2560,11:11:51,8.75,--,78,68250,卖盘
2561,11:11:48,8.75,--,392,343000,卖盘
2562,11:11:45,8.75,--,118,103250,卖盘
2563,11:11:42,8.75,--,724,633500,卖盘
2564,11:11:39,8.75,--,113,98875,卖盘
2565,11:11:36,8.75,-0.01,52,45500,卖盘
2566,11:11:33,8.76,0.01,50,43800,买盘
2567,11:11:30,8.75,--,199,174125,卖盘
2568,11:11:27,8.75,--,46,40250,卖盘
2569,11:11:24,8.75,--,133,116375,卖盘
2570,11:11:21,8.75,-0.01,162,141750,卖盘
2571,11:11:18,8.76,--,181,158556,买盘
2572,11:11:15,8.76,0.01,1630,1427880,买盘
2573,11:11:12,8.75,-0.01,1540,1347500,卖盘
2574,11:11:09,8.76,0.01,78,68328,买盘
2575,11:11:06,8.75,-0.01,271,237125,卖盘
2576,11:11:03,8.76,0.01,97,84972,买盘
2577,11:11:00,8.75,--,50,43750,卖盘
2578,11:10:57,8.75,--,73,63875,卖盘
2579,11:10:54,8.75,--,718,628250,卖盘
2580,11:10:51,8.75,--,38,33250,卖盘
2581,11:10:48,8.75,-0.01,3,2625,卖盘
2582,11:10:45,8.76,--,10,8760,买盘
2583,11:10:42,8.76,0.01,11,9636,买盘
2584,11:10:39,8.75,-0.01,478,418775,卖盘
2585,11:10:36,8.76,--,157,137532,卖盘
2586,11:10:33,8.76,--,118,103368,卖盘
2587,11:10:24,8.76,--,852,746352,卖盘
2588,11:10:18,8.76,--,11,9636,卖盘
2589,11:10:15,8.76,--,13,11388,卖盘
2590,11:10:12,8.76,--,68,59918,卖盘
2591,11:10:09,8.76,--,27,23652,卖盘
2592,11:10:06,8.76,-0.01,34,29784,卖盘
2593,11:10:03,8.77,--,174,152598,买盘
2594,11:10:00,8.77,0.01,10,8770,买盘
2595,11:09:57,8.76,--,173,151548,卖盘
2596,11:09:54,8.76,--,46,40296,卖盘
2597,11:09:51,8.76,-0.01,120,105120,卖盘
2598,11:09:48,8.77,--,154,135058,卖盘
2599,11:09:45,8.77,--,28,24556,卖盘
2600,11:09:42,8.77,--,101,88577,卖盘
2601,11:09:39,8.77,--,26,22802,卖盘
2602,11:09:36,8.77,0.01,77,67529,买盘
2603,11:09:33,8.76,-0.01,51,44676,卖盘
2604,11:09:30,8.77,--,2,1754,买盘
2605,11:09:27,8.77,0.01,4,3508,买盘
2606,11:09:24,8.76,-0.01,2,1752,卖盘
2607,11:09:21,8.77,--,42,36834,买盘
2608,11:09:18,8.77,--,54,47358,买盘
2609,11:09:15,8.77,--,469,411313,买盘
2610,11:09:12,8.77,0.01,70,61390,买盘
2611,11:09:09,8.76,-0.01,22,19272,卖盘
2612,11:09:06,8.77,--,29,25433,买盘
2613,11:09:03,8.77,0.01,44,38588,买盘
2614,11:09:00,8.76,-0.01,26,22776,卖盘
2615,11:08:57,8.77,--,31,27187,买盘
2616,11:08:54,8.77,--,15,13155,买盘
2617,11:08:51,8.77,--,653,572681,买盘
2618,11:08:45,8.77,0.01,6,5262,买盘
2619,11:08:42,8.76,-0.01,86,75336,卖盘
2620,11:08:39,8.77,--,49,42973,买盘
2621,11:08:36,8.77,-0.01,54,47358,卖盘
2622,11:08:33,8.78,0.01,45,39510,买盘
2623,11:08:30,8.77,-0.01,1,877,中性盘
2624,11:08:27,8.78,0.01,51,44778,买盘
2625,11:08:24,8.77,--,41,35957,卖盘
2626,11:08:18,8.77,-0.01,1,877,卖盘
2627,11:08:12,8.78,0.02,73,64093,买盘
2628,11:08:09,8.76,-0.02,2,1752,卖盘
2629,11:08:06,8.78,--,41,35998,买盘
2630,11:08:03,8.78,0.01,70,61459,买盘
2631,11:08:00,8.77,--,3,2631,买盘
2632,11:07:57,8.77,--,75,65775,卖盘
2633,11:07:54,8.77,--,2,1754,卖盘
2634,11:07:51,8.77,--,1,877,卖盘
2635,11:07:48,8.77,-0.01,280,245560,卖盘
2636,11:07:45,8.78,--,219,192282,买盘
2637,11:07:42,8.78,0.01,25,21950,买盘
2638,11:07:39,8.77,-0.01,16,14032,卖盘
2639,11:07:33,8.78,0.03,45,39510,买盘
2640,11:07:30,8.75,-0.01,206,180250,卖盘
2641,11:07:27,8.76,-0.01,1020,893520,卖盘
2642,11:07:24,8.77,-0.01,5,4385,卖盘
2643,11:07:21,8.78,0.01,256,224767,买盘
2644,11:07:18,8.77,--,14,12278,买盘
2645,11:07:15,8.77,-0.01,66,57882,卖盘
2646,11:07:12,8.78,--,3,2634,买盘
2647,11:07:09,8.78,--,99,86922,卖盘
2648,11:07:06,8.78,--,2,1755,卖盘
2649,11:07:03,8.78,0.02,4,3511,买盘
2650,11:07:00,8.76,--,138,120888,卖盘
2651,11:06:57,8.76,-0.01,72,63072,卖盘
2652,11:06:54,8.77,0.01,362,317474,中性盘
2653,11:06:51,8.76,-0.01,33,28908,卖盘
2654,11:06:48,8.77,0.01,25,21925,中性盘
2655,11:06:45,8.76,--,160,140160,卖盘
2656,11:06:42,8.76,--,28,24528,卖盘
2657,11:06:39,8.76,--,140,122640,卖盘
2658,11:06:36,8.76,--,1699,1488324,买盘
2659,11:06:33,8.76,--,236,206736,买盘
2660,11:06:30,8.76,--,482,422232,卖盘
2661,11:06:27,8.76,--,90,78840,卖盘
2662,11:06:24,8.76,--,20,17520,卖盘
2663,11:06:21,8.76,--,489,428364,买盘
2664,11:06:18,8.76,--,20,17520,买盘
2665,11:06:15,8.76,0.01,46,40296,买盘
2666,11:06:12,8.75,-0.01,49,42875,卖盘
2667,11:06:09,8.76,--,157,137532,买盘
2668,11:06:06,8.76,--,103,90228,买盘
2669,11:06:03,8.76,--,112,98112,买盘
2670,11:06:00,8.76,--,793,694668,卖盘
2671,11:05:57,8.76,--,1556,1363056,卖盘
2672,11:05:54,8.76,--,516,452016,卖盘
2673,11:05:51,8.76,--,213,186588,卖盘
2674,11:05:48,8.76,--,146,127896,卖盘
2675,11:05:45,8.76,-0.01,189,165564,卖盘
2676,11:05:42,8.77,0.01,78,68406,买盘
2677,11:05:39,8.76,--,58,50808,卖盘
2678,11:05:36,8.76,-0.01,112,98112,卖盘
2679,11:05:33,8.77,--,44,38588,买盘
2680,11:05:30,8.77,--,23,20171,买盘
2681,11:05:27,8.77,--,244,213988,卖盘
2682,11:05:24,8.77,--,35,30695,卖盘
2683,11:05:21,8.77,--,7,6139,卖盘
2684,11:05:15,8.77,-0.01,45,39465,卖盘
2685,11:05:12,8.78,0.01,92,81390,买盘
2686,11:05:09,8.77,--,134,117518,卖盘
2687,11:05:06,8.77,--,5,4648,买盘
2688,11:05:03,8.77,--,69,60513,买盘
2689,11:05:00,8.77,--,22,19294,买盘
2690,11:04:57,8.77,--,28,24556,买盘
2691,11:04:54,8.77,--,266,233895,卖盘
2692,11:04:51,8.77,--,35,30695,卖盘
2693,11:04:48,8.77,-0.01,127,111379,卖盘
2694,11:04:45,8.78,0.01,1045,917509,买盘
2695,11:04:42,8.77,-0.01,156,136812,卖盘
2696,11:04:39,8.78,0.01,9,7901,买盘
2697,11:04:33,8.77,--,66,57882,卖盘
2698,11:04:30,8.77,--,56,49112,卖盘
2699,11:04:27,8.77,--,210,184170,卖盘
2700,11:04:24,8.77,-0.01,105,92348,卖盘
2701,11:04:21,8.78,0.01,7,6146,买盘
2702,11:04:18,8.77,-0.01,40,35080,卖盘
2703,11:04:15,8.78,--,59,51801,买盘
2704,11:04:12,8.78,-0.01,407,358188,卖盘
2705,11:04:09,8.79,0.01,307,269853,买盘
2706,11:04:06,8.78,--,18,15803,卖盘
2707,11:04:03,8.78,--,181,158918,卖盘
2708,11:04:00,8.78,--,156,136968,卖盘
2709,11:03:57,8.78,--,51,44778,卖盘
2710,11:03:54,8.78,--,1,877,卖盘
2711,11:03:51,8.78,-0.02,100,87800,卖盘
2712,11:03:48,8.8,0.01,135,118800,买盘
2713,11:03:45,8.79,-0.01,453,398186,卖盘
2714,11:03:42,8.8,0.01,1,880,买盘
2715,11:03:39,8.79,-0.01,56,49223,卖盘
2716,11:03:36,8.8,--,16,14080,买盘
2717,11:03:33,8.8,0.01,44,38720,买盘
2718,11:03:30,8.79,--,9,7910,卖盘
2719,11:03:27,8.79,--,33,29006,卖盘
2720,11:03:24,8.79,--,2,1757,卖盘
2721,11:03:18,8.79,-0.01,14,12305,卖盘
2722,11:03:15,8.8,--,11,9680,中性盘
2723,11:03:12,8.8,--,48,42240,卖盘
2724,11:03:09,8.8,--,5,4400,卖盘
2725,11:03:06,8.8,-0.01,10,8800,卖盘
2726,11:03:03,8.81,0.02,685,603485,买盘
2727,11:03:00,8.79,-0.01,2,1757,中性盘
2728,11:02:57,8.8,0.01,305,268400,买盘
2729,11:02:54,8.79,--,37,32522,买盘
2730,11:02:51,8.79,--,70,61529,卖盘
2731,11:02:48,8.79,0.01,11,9668,卖盘
2732,11:02:42,8.78,-0.01,239,209841,卖盘
2733,11:02:39,8.79,--,6,5273,卖盘
2734,11:02:36,8.79,-0.01,59,51860,卖盘
2735,11:02:33,8.8,0.01,79,69520,买盘
2736,11:02:30,8.79,--,61,53618,卖盘
2737,11:02:27,8.79,--,57,50102,卖盘
2738,11:02:24,8.79,--,8,7031,卖盘
2739,11:02:15,8.79,--,4,3515,卖盘
2740,11:02:12,8.79,--,1,878,卖盘
2741,11:02:09,8.79,--,17,14942,卖盘
2742,11:02:06,8.79,--,5,4395,卖盘
2743,11:02:03,8.79,--,35,30764,买盘
2744,11:02:00,8.79,--,2,1757,买盘
2745,11:01:57,8.79,--,36,31643,买盘
2746,11:01:54,8.79,--,89,78230,卖盘
2747,11:01:48,8.79,0.01,46,40433,买盘
2748,11:01:45,8.78,-0.02,26,22828,卖盘
2749,11:01:42,8.8,0.01,433,381040,买盘
2750,11:01:39,8.79,--,13,11426,卖盘
2751,11:01:36,8.79,-0.01,8,7031,卖盘
2752,11:01:33,8.8,--,69,60720,买盘
2753,11:01:30,8.8,0.01,84,73920,买盘
2754,11:01:24,8.79,--,14,12305,卖盘
2755,11:01:21,8.79,--,6,5273,卖盘
2756,11:01:15,8.79,--,1,878,卖盘
2757,11:01:12,8.79,0.01,7,6152,买盘
2758,11:01:09,8.78,-0.01,166,145748,卖盘
2759,11:01:06,8.79,--,165,145070,买盘
2760,11:01:03,8.79,--,152,133608,买盘
2761,11:01:00,8.79,--,10,8790,买盘
2762,11:00:57,8.79,--,106,93173,买盘
2763,11:00:54,8.79,0.01,111,97568,买盘
2764,11:00:51,8.78,--,50,43900,卖盘
2765,11:00:48,8.78,--,55,48290,卖盘
2766,11:00:45,8.78,--,151,132578,卖盘
2767,11:00:42,8.78,-0.01,109,95702,卖盘
2768,11:00:39,8.79,0.01,128,112511,买盘
2769,11:00:36,8.78,-0.01,326,286228,卖盘
2770,11:00:33,8.79,0.01,147,129212,买盘
2771,11:00:30,8.78,--,16,14047,卖盘
2772,11:00:27,8.78,-0.01,49,43022,卖盘
2773,11:00:24,8.79,0.01,4,3515,买盘
2774,11:00:21,8.78,--,41,35998,卖盘
2775,11:00:18,8.78,--,123,107993,卖盘
2776,11:00:12,8.78,--,37,32485,卖盘
2777,11:00:09,8.78,--,2,1755,卖盘
2778,11:00:06,8.78,--,16,14047,卖盘
2779,11:00:03,8.78,--,244,214231,卖盘
2780,10:59:57,8.78,-0.01,106,93068,卖盘
2781,10:59:54,8.79,0.01,26,22853,买盘
2782,10:59:51,8.78,-0.01,46,40388,卖盘
2783,10:59:48,8.79,0.01,45,39554,买盘
2784,10:59:45,8.78,-0.01,55,48290,卖盘
2785,10:59:42,8.79,0.01,27,23732,买盘
2786,10:59:39,8.78,--,3,2634,卖盘
2787,10:59:36,8.78,-0.01,232,203695,卖盘
2788,10:59:33,8.79,0.01,78,68562,买盘
2789,10:59:30,8.78,-0.01,38,33364,卖盘
2790,10:59:27,8.79,--,35,30764,买盘
2791,10:59:24,8.79,-0.01,214,188949,卖盘
2792,10:59:21,8.8,--,166,146080,买盘
2793,10:59:18,8.8,0.01,234,205920,买盘
2794,10:59:15,8.79,--,335,294465,卖盘
2795,10:59:12,8.79,--,24,21095,卖盘
2796,10:59:09,8.79,-0.01,24,21095,卖盘
2797,10:59:06,8.8,0.01,12,10560,买盘
2798,10:59:03,8.79,-0.01,63,55376,卖盘
2799,10:59:00,8.8,0.01,103,90640,买盘
2800,10:58:57,8.79,--,10,8790,卖盘
2801,10:58:51,8.79,--,31,27248,卖盘
2802,10:58:48,8.79,-0.01,246,216233,卖盘
2803,10:58:45,8.8,--,1613,1419440,卖盘
2804,10:58:42,8.8,--,27,23760,卖盘
2805,10:58:39,8.8,--,1,880,卖盘
2806,10:58:36,8.8,--,100,88000,卖盘
2807,10:58:33,8.8,-0.01,76,66880,卖盘
2808,10:58:27,8.81,-0.01,11,9691,卖盘
2809,10:58:24,8.82,--,8,7056,买盘
2810,10:58:21,8.82,--,31,27342,买盘
2811,10:58:18,8.82,--,84,74088,买盘
2812,10:58:15,8.82,--,20,17640,买盘
2813,10:58:12,8.82,--,8,7056,买盘
2814,10:58:03,8.82,0.02,44,38808,买盘
2815,10:58:00,8.8,-0.01,113,99440,卖盘
2816,10:57:57,8.81,-0.01,38,33478,中性盘
2817,10:57:54,8.82,0.01,79,69678,买盘
2818,10:57:51,8.81,--,10,8810,卖盘
2819,10:57:48,8.81,--,1,881,卖盘
2820,10:57:45,8.81,--,50,44050,卖盘
2821,10:57:42,8.81,--,52,45812,买盘
2822,10:57:39,8.81,--,34,29954,买盘
2823,10:57:36,8.81,0.01,43,37883,买盘
2824,10:57:33,8.8,-0.01,569,500720,卖盘
2825,10:57:30,8.81,--,20,17620,买盘
2826,10:57:27,8.81,--,1,881,买盘
2827,10:57:24,8.81,0.01,15,13215,买盘
2828,10:57:21,8.8,--,18,15840,卖盘
2829,10:57:15,8.8,--,6,5280,卖盘
2830,10:57:12,8.8,-0.01,6,5280,卖盘
2831,10:57:09,8.81,0.01,34,29954,买盘
2832,10:57:06,8.8,--,13,11440,卖盘
