,time,price,change,volume,amount,type
0,15:00:03,11.19,--,1547,1731988,卖盘
1,14:57:00,11.19,--,136,152184,卖盘
2,14:56:54,11.19,--,1,1119,卖盘
3,14:56:51,11.19,-0.01,3,3457,卖盘
4,14:56:48,11.2,--,191,213920,买盘
5,14:56:45,11.2,--,360,403200,买盘
6,14:56:39,11.2,--,147,164640,买盘
7,14:56:36,11.2,--,24,26880,买盘
8,14:56:33,11.2,0.01,18,20160,买盘
9,14:56:30,11.19,-0.01,8,8952,卖盘
10,14:56:27,11.2,--,211,236319,买盘
11,14:56:21,11.2,--,32,35840,买盘
12,14:56:18,11.2,0.01,145,162400,买盘
13,14:56:15,11.19,--,25,27975,卖盘
14,14:56:12,11.19,-0.01,220,246180,卖盘
15,14:56:09,11.2,0.01,26,29119,买盘
16,14:56:03,11.19,-0.01,15,17758,卖盘
17,14:56:00,11.2,0.01,11,12320,买盘
18,14:55:57,11.19,-0.01,43,48117,卖盘
19,14:55:54,11.2,0.01,116,129919,买盘
20,14:55:51,11.19,--,343,383817,卖盘
21,14:55:48,11.19,-0.01,100,111900,卖盘
22,14:55:45,11.2,--,5,5600,买盘
23,14:55:42,11.2,--,13,14559,买盘
24,14:55:39,11.2,--,258,288960,买盘
25,14:55:36,11.2,--,5,5600,买盘
26,14:55:33,11.2,--,26,29119,买盘
27,14:55:30,11.2,--,17,19040,买盘
28,14:55:24,11.2,--,29,32479,买盘
29,14:55:21,11.2,--,22,24640,买盘
30,14:55:15,11.2,--,11,12320,买盘
31,14:55:09,11.2,0.01,55,61599,买盘
32,14:55:06,11.19,-0.01,83,92877,卖盘
33,14:55:03,11.2,--,83,92960,买盘
34,14:55:00,11.2,--,51,57120,买盘
35,14:54:57,11.2,0.01,49,54880,买盘
36,14:54:48,11.19,-0.01,25,27975,卖盘
37,14:54:45,11.2,0.01,103,115359,买盘
38,14:54:42,11.19,-0.01,29,32451,卖盘
39,14:54:39,11.2,--,16,17920,买盘
40,14:54:33,11.2,--,1,1120,买盘
41,14:54:30,11.2,--,3,3360,买盘
42,14:54:27,11.2,--,4,4480,买盘
43,14:54:24,11.2,0.01,5,5600,买盘
44,14:54:21,11.19,-0.01,37,41403,卖盘
45,14:54:18,11.2,--,12,13440,买盘
46,14:54:15,11.2,0.01,104,116479,买盘
47,14:54:12,11.19,-0.01,1,1119,卖盘
48,14:54:09,11.2,--,17,19040,买盘
49,14:54:06,11.2,--,39,43680,买盘
50,14:54:00,11.2,0.01,17,19040,买盘
51,14:53:54,11.19,--,27,30213,卖盘
52,14:53:51,11.19,-0.01,50,55950,卖盘
53,14:53:42,11.2,0.01,71,79520,买盘
54,14:53:39,11.19,--,34,38046,买盘
55,14:53:30,11.19,--,16,17904,买盘
56,14:53:27,11.19,0.01,94,105186,买盘
57,14:53:24,11.18,-0.01,75,83850,卖盘
58,14:53:21,11.19,--,2,2238,买盘
59,14:53:18,11.19,--,9,10071,卖盘
60,14:53:15,11.19,--,10,11190,卖盘
61,14:53:12,11.19,--,21,23499,卖盘
62,14:53:09,11.19,-0.01,32,35808,中性盘
63,14:53:06,11.2,--,9,10080,买盘
64,14:53:03,11.2,--,3,3360,买盘
65,14:53:00,11.2,0.01,22,24640,买盘
66,14:52:57,11.19,--,22,24618,买盘
67,14:52:54,11.19,--,63,70497,买盘
68,14:52:51,11.19,--,11,12309,买盘
69,14:52:48,11.19,0.01,31,34689,买盘
70,14:52:45,11.18,-0.01,12,13416,卖盘
71,14:52:42,11.19,--,102,114138,买盘
72,14:52:39,11.19,0.01,20,22380,买盘
73,14:52:36,11.18,-0.01,9,10062,卖盘
74,14:52:33,11.19,--,13,14547,买盘
75,14:52:30,11.19,--,3,3357,买盘
76,14:52:27,11.19,0.01,61,68259,买盘
77,14:52:24,11.18,-0.01,64,71552,卖盘
78,14:52:21,11.19,0.01,25,27975,卖盘
79,14:52:18,11.18,-0.01,814,910052,卖盘
80,14:52:12,11.19,-0.01,40,44760,卖盘
81,14:52:09,11.2,--,3,3360,买盘
82,14:52:03,11.2,--,14,15679,买盘
83,14:51:54,11.2,--,2,2240,买盘
84,14:51:48,11.2,0.01,81,90720,买盘
85,14:51:45,11.19,-0.01,57,63783,卖盘
86,14:51:42,11.2,--,333,372960,买盘
87,14:51:39,11.2,0.01,33,36960,买盘
88,14:51:36,11.19,-0.01,51,57069,卖盘
89,14:51:33,11.2,0.01,20,22400,买盘
90,14:51:30,11.19,-0.01,4,4476,卖盘
91,14:51:24,11.2,--,18,20160,买盘
92,14:51:21,11.2,--,25,28000,买盘
93,14:51:18,11.2,--,3,3360,买盘
94,14:51:15,11.2,0.01,18,20160,买盘
95,14:51:12,11.19,-0.01,8,8952,卖盘
96,14:51:09,11.2,--,2,2240,买盘
97,14:51:06,11.2,0.01,19,21280,买盘
98,14:51:03,11.19,-0.01,2,2238,卖盘
99,14:50:57,11.2,--,6,6720,买盘
100,14:50:54,11.2,--,2,2240,买盘
101,14:50:48,11.2,--,13,14559,买盘
102,14:50:42,11.2,0.01,35,39200,买盘
103,14:50:39,11.19,--,7,7833,买盘
104,14:50:36,11.19,--,82,91758,买盘
105,14:50:33,11.19,--,17,19023,买盘
106,14:50:30,11.19,0.01,89,99591,买盘
107,14:50:27,11.18,-0.01,84,93912,卖盘
108,14:50:24,11.19,-0.01,831,929889,卖盘
109,14:50:21,11.2,0.01,29,32479,买盘
110,14:50:18,11.19,--,41,45879,卖盘
111,14:50:15,11.19,-0.01,9,10071,卖盘
112,14:50:12,11.2,0.01,33,36960,买盘
113,14:50:09,11.19,-0.01,28,31332,卖盘
114,14:50:06,11.2,--,345,386400,买盘
115,14:50:03,11.2,--,16,17920,买盘
116,14:50:00,11.2,--,21,23520,买盘
117,14:49:57,11.2,0.01,9,10080,买盘
118,14:49:54,11.19,-0.01,12,13428,卖盘
119,14:49:51,11.2,0.01,67,75040,买盘
120,14:49:45,11.19,--,13,14547,卖盘
121,14:49:42,11.19,--,14,15666,卖盘
122,14:49:39,11.19,-0.01,85,95115,卖盘
123,14:49:36,11.2,0.01,37,41440,买盘
124,14:49:30,11.19,-0.01,99,110781,卖盘
125,14:49:27,11.2,--,17,19040,买盘
126,14:49:24,11.2,--,7,7839,买盘
127,14:49:18,11.2,--,3,3360,买盘
128,14:49:15,11.2,--,14,15679,买盘
129,14:49:12,11.2,0.01,30,33600,买盘
130,14:49:06,11.19,-0.01,28,31332,卖盘
131,14:49:03,11.2,--,27,30239,买盘
132,14:49:00,11.2,0.01,1,1120,买盘
133,14:48:57,11.19,-0.01,68,76092,卖盘
134,14:48:54,11.2,--,12,13440,买盘
135,14:48:51,11.2,--,86,96320,买盘
136,14:48:48,11.2,--,2,2240,买盘
137,14:48:45,11.2,0.01,26,29119,买盘
138,14:48:42,11.19,-0.01,77,86163,卖盘
139,14:48:39,11.2,0.01,23,25760,买盘
140,14:48:33,11.19,--,11,12309,卖盘
141,14:48:30,11.19,-0.01,30,33570,卖盘
142,14:48:27,11.2,--,1,1120,买盘
143,14:48:24,11.2,--,18,20160,买盘
144,14:48:21,11.2,--,24,26880,买盘
145,14:48:18,11.2,0.01,8,8960,买盘
146,14:48:15,11.19,--,4,4476,卖盘
147,14:48:09,11.19,--,15,16785,卖盘
148,14:48:06,11.19,-0.01,25,27975,卖盘
149,14:48:03,11.2,--,28,31359,买盘
150,14:48:00,11.2,0.01,21,23520,买盘
151,14:47:57,11.19,-0.01,10,11190,卖盘
152,14:47:54,11.2,0.01,115,128799,买盘
153,14:47:51,11.19,-0.01,92,102948,卖盘
154,14:47:48,11.2,--,125,140000,买盘
155,14:47:45,11.2,--,37,41440,买盘
156,14:47:42,11.2,--,18,20160,买盘
157,14:47:39,11.2,--,19,21280,买盘
158,14:47:36,11.2,--,26,29119,买盘
159,14:47:30,11.2,--,2,2240,买盘
160,14:47:24,11.2,--,34,38080,买盘
161,14:47:15,11.2,--,24,26880,买盘
162,14:47:09,11.2,--,7,7839,买盘
163,14:47:06,11.2,--,17,19040,买盘
164,14:47:03,11.2,0.01,15,16800,买盘
165,14:47:00,11.19,--,44,49236,卖盘
166,14:46:57,11.19,-0.01,5,5595,卖盘
167,14:46:45,11.2,--,3,3360,买盘
168,14:46:42,11.2,--,2,2240,买盘
169,14:46:39,11.2,--,16,17920,买盘
170,14:46:36,11.2,--,1,1120,买盘
171,14:46:27,11.2,--,1069,1197280,买盘
172,14:46:24,11.2,0.01,1,1120,买盘
173,14:46:21,11.19,-0.01,24,26856,卖盘
174,14:46:15,11.2,--,40,44800,买盘
175,14:46:12,11.2,--,2,2240,买盘
176,14:46:09,11.2,--,6,6720,买盘
177,14:46:06,11.2,--,1,1120,买盘
178,14:46:03,11.2,0.02,22,24640,买盘
179,14:46:00,11.18,-0.02,41,45838,卖盘
180,14:45:57,11.2,--,2,2240,买盘
181,14:45:54,11.2,--,1,1120,买盘
182,14:45:51,11.2,0.01,112,125439,买盘
183,14:45:48,11.19,-0.01,159,177921,卖盘
184,14:45:45,11.2,--,830,929599,买盘
185,14:45:42,11.2,0.01,4,4480,买盘
186,14:45:39,11.19,-0.01,68,76092,卖盘
187,14:45:36,11.2,--,19,21280,买盘
188,14:45:33,11.2,--,83,92960,买盘
189,14:45:30,11.2,--,49,54880,买盘
190,14:45:27,11.2,--,24,26880,买盘
191,14:45:24,11.2,--,1,1120,买盘
192,14:45:21,11.2,0.01,1,1120,买盘
193,14:45:12,11.19,--,132,147708,卖盘
194,14:45:09,11.19,-0.01,215,240585,卖盘
195,14:45:06,11.2,--,51,57120,买盘
196,14:45:03,11.2,--,24,26880,买盘
197,14:45:00,11.2,0.01,27,30239,买盘
198,14:44:57,11.19,-0.01,23,25737,卖盘
199,14:44:54,11.2,--,11,12320,买盘
200,14:44:51,11.2,--,28,31359,买盘
201,14:44:48,11.2,--,12,13440,买盘
202,14:44:45,11.2,--,1,1120,买盘
203,14:44:42,11.2,--,2,2240,买盘
204,14:44:39,11.2,--,17,19040,买盘
205,14:44:36,11.2,0.01,1,1120,买盘
206,14:44:33,11.19,--,50,55950,卖盘
207,14:44:30,11.19,--,3,3357,卖盘
208,14:44:27,11.19,-0.01,2,2238,卖盘
209,14:44:24,11.2,--,12,13440,买盘
210,14:44:21,11.2,0.01,15,16800,买盘
211,14:44:18,11.19,--,18,20142,卖盘
212,14:44:15,11.19,--,612,684828,买盘
213,14:44:09,11.19,0.01,16,17904,买盘
214,14:44:06,11.18,--,31,34658,卖盘
215,14:44:03,11.18,-0.01,6,6708,卖盘
216,14:44:00,11.19,0.01,33,36927,买盘
217,14:43:57,11.18,--,41,45838,卖盘
218,14:43:54,11.18,-0.01,14,15652,卖盘
219,14:43:51,11.19,0.01,31,34689,买盘
220,14:43:48,11.18,-0.01,60,67080,卖盘
221,14:43:45,11.19,--,1,1119,买盘
222,14:43:42,11.19,--,7,7833,买盘
223,14:43:36,11.19,0.01,24,26856,买盘
224,14:43:33,11.18,--,1,1118,卖盘
225,14:43:30,11.18,--,1,1118,卖盘
226,14:43:24,11.18,--,48,53664,买盘
227,14:43:21,11.18,--,2,2236,买盘
228,14:43:18,11.18,--,3,3354,买盘
229,14:43:15,11.18,-0.01,17,19006,中性盘
230,14:43:09,11.19,--,8,8952,买盘
231,14:43:06,11.19,0.02,11,12309,买盘
232,14:43:03,11.17,-0.01,100,111700,卖盘
233,14:43:00,11.18,--,72,80976,买盘
234,14:42:57,11.18,--,35,39130,买盘
235,14:42:51,11.18,--,8,8944,买盘
236,14:42:48,11.18,--,36,40248,买盘
237,14:42:45,11.18,--,72,81133,卖盘
238,14:42:42,11.18,--,30,33540,卖盘
239,14:42:39,11.18,--,27,30186,卖盘
240,14:42:36,11.18,-0.01,3,3354,卖盘
241,14:42:33,11.19,0.01,1,1119,买盘
242,14:42:30,11.18,--,2,2236,卖盘
243,14:42:27,11.18,--,14,16132,买盘
244,14:42:24,11.18,--,11,12298,买盘
245,14:42:21,11.18,--,22,24596,买盘
246,14:42:18,11.18,0.01,34,38012,买盘
247,14:42:15,11.17,-0.01,9,10053,卖盘
248,14:42:09,11.18,0.01,3,3354,买盘
249,14:42:06,11.17,-0.01,42,46914,卖盘
250,14:42:03,11.18,--,34,38012,买盘
251,14:42:00,11.18,0.01,106,118508,买盘
252,14:41:57,11.17,-0.01,72,80424,卖盘
253,14:41:51,11.18,--,52,58136,买盘
254,14:41:48,11.18,--,2,2236,买盘
255,14:41:45,11.18,0.01,1,1118,买盘
256,14:41:42,11.17,-0.01,3,3351,卖盘
257,14:41:36,11.18,0.01,5,5590,买盘
258,14:41:33,11.17,-0.01,185,206645,卖盘
259,14:41:30,11.18,-0.01,0,637,卖盘
260,14:41:27,11.19,--,6,6714,买盘
261,14:41:24,11.19,0.01,34,38046,买盘
262,14:41:21,11.18,-0.01,21,23478,卖盘
263,14:41:18,11.19,0.01,202,226038,买盘
264,14:41:15,11.18,--,2,2236,卖盘
265,14:41:12,11.18,--,676,755768,卖盘
266,14:41:06,11.18,-0.01,105,117390,卖盘
267,14:41:03,11.19,0.01,19,21261,买盘
268,14:41:00,11.18,-0.01,51,57018,卖盘
269,14:40:57,11.19,0.01,3,3357,买盘
270,14:40:54,11.18,--,2,2236,卖盘
271,14:40:51,11.18,-0.01,5,5590,卖盘
272,14:40:45,11.19,--,23,25737,买盘
273,14:40:42,11.19,--,985,1102215,卖盘
274,14:40:39,11.19,--,51,57069,卖盘
275,14:40:36,11.19,--,200,223800,卖盘
276,14:40:33,11.19,--,714,798966,卖盘
277,14:40:30,11.19,-0.01,12,13428,卖盘
278,14:40:24,11.2,0.01,11,12320,买盘
279,14:40:21,11.19,-0.01,2,2238,卖盘
280,14:40:18,11.2,--,2,2240,买盘
281,14:40:15,11.2,--,2,2240,买盘
282,14:40:12,11.2,0.01,17,19040,买盘
283,14:40:09,11.19,--,22,24618,卖盘
284,14:40:06,11.19,-0.01,14,15666,卖盘
285,14:40:00,11.2,0.01,2,2240,买盘
286,14:39:54,11.19,--,104,116376,卖盘
287,14:39:51,11.19,-0.01,11,12309,卖盘
288,14:39:48,11.2,--,2,2240,买盘
289,14:39:45,11.2,0.01,5,5600,买盘
290,14:39:42,11.19,-0.01,129,144351,卖盘
291,14:39:39,11.2,--,22,24640,买盘
292,14:39:36,11.2,--,21,23520,买盘
293,14:39:30,11.2,--,3,3360,买盘
294,14:39:27,11.2,--,1,1120,买盘
295,14:39:24,11.2,0.01,1,1120,买盘
296,14:39:21,11.19,--,10,11190,卖盘
297,14:39:18,11.19,--,60,67140,卖盘
298,14:39:15,11.19,-0.01,102,114138,卖盘
299,14:39:12,11.2,--,13,14559,买盘
300,14:39:09,11.2,0.01,5,5600,买盘
301,14:39:06,11.19,-0.01,7,7833,卖盘
302,14:39:03,11.2,--,11,12320,买盘
303,14:39:00,11.2,--,114,127679,买盘
304,14:38:57,11.2,--,9,10080,买盘
305,14:38:54,11.2,--,9,10080,买盘
306,14:38:48,11.2,--,30,33600,买盘
307,14:38:45,11.2,--,1,1120,买盘
308,14:38:42,11.2,--,4,4480,买盘
309,14:38:39,11.2,--,1,1120,买盘
310,14:38:36,11.2,0.01,17,19040,买盘
311,14:38:33,11.19,-0.01,2,2238,卖盘
312,14:38:30,11.2,--,15,16800,买盘
313,14:38:27,11.2,--,2,2240,买盘
314,14:38:18,11.2,--,1,1120,买盘
315,14:38:15,11.2,--,13,14559,买盘
316,14:38:12,11.2,0.01,2,2240,买盘
317,14:38:09,11.19,--,18,20142,卖盘
318,14:38:06,11.19,-0.01,21,23499,卖盘
319,14:38:03,11.2,--,3,3360,买盘
320,14:37:57,11.2,--,2,2240,买盘
321,14:37:51,11.2,--,20,22400,买盘
322,14:37:45,11.2,--,30,33600,卖盘
323,14:37:42,11.2,-0.01,41,45920,卖盘
324,14:37:39,11.21,--,2,2242,买盘
325,14:37:36,11.21,0.01,2,2242,买盘
326,14:37:33,11.2,--,7,7839,卖盘
327,14:37:30,11.2,-0.01,10,11200,卖盘
328,14:37:27,11.21,--,102,114342,买盘
329,14:37:24,11.21,0.01,14,15694,买盘
330,14:37:15,11.2,--,55,61599,卖盘
331,14:37:12,11.2,-0.01,1,1120,卖盘
332,14:37:09,11.21,0.01,18,20178,买盘
333,14:37:06,11.2,-0.01,32,35840,卖盘
334,14:37:03,11.21,0.01,3,3363,买盘
335,14:37:00,11.2,-0.01,20,22400,卖盘
336,14:36:54,11.21,--,6,6726,买盘
337,14:36:51,11.21,--,17,19057,买盘
338,14:36:45,11.21,--,1,1121,买盘
339,14:36:42,11.21,0.01,76,85196,买盘
340,14:36:39,11.2,--,7,7839,买盘
341,14:36:33,11.2,--,2,2240,买盘
342,14:36:30,11.2,--,17,19040,买盘
343,14:36:27,11.2,--,13,14559,买盘
344,14:36:24,11.2,--,1,1120,买盘
345,14:36:21,11.2,0.01,3,3360,买盘
346,14:36:15,11.19,-0.01,1,1119,卖盘
347,14:36:12,11.2,--,36,41216,卖盘
348,14:36:09,11.2,--,154,172704,买盘
349,14:36:06,11.2,--,19,21280,买盘
350,14:36:03,11.2,--,5,5600,买盘
351,14:36:00,11.2,0.01,5,5600,买盘
352,14:35:57,11.19,-0.01,15,16785,卖盘
353,14:35:54,11.2,--,3,3360,买盘
354,14:35:51,11.2,--,6,6720,买盘
355,14:35:48,11.2,--,33,36960,买盘
356,14:35:45,11.2,--,21,23520,买盘
357,14:35:42,11.2,--,4,4480,买盘
358,14:35:39,11.2,--,7,7839,买盘
359,14:35:36,11.2,--,20,22400,买盘
360,14:35:27,11.2,--,33,36960,买盘
361,14:35:24,11.2,--,15,16800,买盘
362,14:35:21,11.2,--,2,2240,买盘
363,14:35:09,11.2,--,16,17920,买盘
364,14:35:06,11.2,--,12,13440,买盘
365,14:35:03,11.2,--,308,344960,卖盘
366,14:35:00,11.2,--,2,2240,卖盘
367,14:34:57,11.2,-0.01,23,25760,卖盘
368,14:34:51,11.21,--,99,110979,买盘
369,14:34:48,11.21,0.01,22,24662,买盘
370,14:34:42,11.2,-0.01,15,16800,卖盘
371,14:34:39,11.21,0.02,60,67260,买盘
372,14:34:36,11.19,-0.01,15,16785,卖盘
373,14:34:33,11.2,0.01,22,24640,买盘
374,14:34:30,11.19,-0.01,31,34689,卖盘
375,14:34:24,11.2,--,1,1120,买盘
376,14:34:21,11.2,--,11,12320,卖盘
377,14:34:18,11.2,-0.01,12,13440,卖盘
378,14:34:15,11.21,0.01,4,4484,买盘
379,14:34:12,11.2,-0.01,1,1120,卖盘
380,14:34:09,11.21,0.01,11,12331,买盘
381,14:34:06,11.2,-0.01,275,308000,卖盘
382,14:34:03,11.21,--,12,13452,买盘
383,14:33:54,11.21,0.01,3,3363,买盘
384,14:33:51,11.2,-0.01,3,3360,卖盘
385,14:33:48,11.21,0.01,16,17936,买盘
386,14:33:45,11.2,-0.01,4,4480,卖盘
387,14:33:39,11.21,0.01,11,12331,买盘
388,14:33:36,11.2,-0.01,2,2240,卖盘
389,14:33:33,11.21,--,6,6726,买盘
390,14:33:27,11.21,--,12,13452,买盘
391,14:33:24,11.21,--,135,151335,买盘
392,14:33:15,11.21,--,21,23541,买盘
393,14:33:12,11.21,--,1,1121,买盘
394,14:33:09,11.21,--,15,16815,买盘
395,14:33:06,11.21,--,232,260072,买盘
396,14:33:00,11.21,--,6,6726,买盘
397,14:32:54,11.21,0.01,3,3363,买盘
398,14:32:51,11.2,--,24,26880,卖盘
399,14:32:45,11.2,-0.01,53,59359,卖盘
400,14:32:42,11.21,--,42,47082,买盘
401,14:32:39,11.21,0.01,13,14573,买盘
402,14:32:36,11.2,-0.01,67,75040,卖盘
403,14:32:33,11.21,--,17,19057,买盘
404,14:32:30,11.21,0.01,2,2242,买盘
405,14:32:27,11.2,-0.01,50,56000,卖盘
406,14:32:15,11.21,0.01,2,2242,买盘
407,14:32:12,11.2,-0.01,300,336000,卖盘
408,14:32:09,11.21,--,5,5605,买盘
409,14:32:06,11.21,--,39,43719,买盘
410,14:32:03,11.21,--,3,3363,买盘
411,14:31:57,11.21,--,3,3363,买盘
412,14:31:54,11.21,--,2,2242,买盘
413,14:31:51,11.21,--,2,2242,买盘
414,14:31:45,11.21,--,1,1121,买盘
415,14:31:42,11.21,0.01,2,2242,买盘
416,14:31:39,11.2,-0.01,30,33600,卖盘
417,14:31:36,11.21,0.01,1,1121,买盘
418,14:31:33,11.2,--,40,44800,卖盘
419,14:31:30,11.2,-0.01,20,22400,卖盘
420,14:31:27,11.21,--,19,21299,买盘
421,14:31:24,11.21,--,3,3363,买盘
422,14:31:21,11.21,--,2,2242,买盘
423,14:31:18,11.21,0.01,20,22420,买盘
424,14:31:15,11.2,-0.01,1,1120,卖盘
425,14:31:12,11.21,--,22,24662,买盘
426,14:31:09,11.21,--,19,21299,买盘
427,14:31:06,11.21,--,36,40356,买盘
428,14:31:03,11.21,--,4,4484,买盘
429,14:30:57,11.21,0.01,2,2242,买盘
430,14:30:54,11.2,--,38,42560,卖盘
431,14:30:51,11.2,--,5,5600,卖盘
432,14:30:48,11.2,-0.01,34,38080,卖盘
433,14:30:45,11.21,--,4,4484,买盘
434,14:30:39,11.21,--,6,6726,买盘
435,14:30:33,11.21,0.01,10,11210,买盘
436,14:30:30,11.2,--,36,40320,卖盘
437,14:30:27,11.2,-0.01,4,4480,卖盘
438,14:30:24,11.21,0.01,28,31388,买盘
439,14:30:21,11.2,--,25,28000,卖盘
440,14:30:15,11.2,-0.01,22,24640,卖盘
441,14:30:12,11.21,--,15,16815,买盘
442,14:30:09,11.21,--,21,23541,买盘
443,14:30:06,11.21,0.01,8,8968,买盘
444,14:30:03,11.2,--,1,1120,卖盘
445,14:30:00,11.2,--,5,5600,卖盘
446,14:29:57,11.2,--,10,11200,卖盘
447,14:29:54,11.2,-0.01,13,14559,卖盘
448,14:29:51,11.21,--,5,5605,买盘
449,14:29:48,11.21,--,29,32509,买盘
450,14:29:45,11.21,--,10,11210,买盘
451,14:29:42,11.21,--,22,24662,买盘
452,14:29:39,11.21,--,3,3363,买盘
453,14:29:33,11.21,--,1,1121,买盘
454,14:29:27,11.21,--,17,19057,买盘
455,14:29:24,11.21,--,3,3363,买盘
456,14:29:21,11.21,0.01,6,6726,买盘
457,14:29:15,11.2,--,1,1120,卖盘
458,14:29:09,11.2,--,10,11200,卖盘
459,14:29:06,11.2,-0.01,20,22400,卖盘
460,14:28:54,11.21,--,3,3363,买盘
461,14:28:51,11.21,--,7,7847,买盘
462,14:28:48,11.21,--,21,23541,买盘
463,14:28:42,11.21,--,8,8968,买盘
464,14:28:39,11.21,--,3,3363,买盘
465,14:28:36,11.21,0.01,28,31388,买盘
466,14:28:27,11.2,-0.01,35,39200,卖盘
467,14:28:24,11.21,--,1,1121,买盘
468,14:28:21,11.21,0.01,2,2242,买盘
469,14:28:15,11.2,-0.01,21,23520,卖盘
470,14:28:12,11.21,--,22,24662,买盘
471,14:28:09,11.21,--,3,3363,买盘
472,14:28:06,11.21,--,50,56050,买盘
473,14:28:03,11.21,--,17,19057,买盘
474,14:27:54,11.21,0.01,20,22420,买盘
475,14:27:51,11.2,--,37,41440,卖盘
476,14:27:48,11.2,-0.01,1,1120,卖盘
477,14:27:45,11.21,--,1,1121,买盘
478,14:27:39,11.21,--,10,11210,买盘
479,14:27:36,11.21,--,14,15694,买盘
480,14:27:33,11.21,--,17,19057,买盘
481,14:27:21,11.21,--,60,67260,买盘
482,14:27:18,11.21,--,3,3363,买盘
483,14:27:15,11.21,--,68,76228,买盘
484,14:27:09,11.21,--,30,33630,买盘
485,14:27:06,11.21,0.01,12,13452,买盘
486,14:27:03,11.2,-0.01,42,47040,卖盘
487,14:27:00,11.21,0.01,8,8968,买盘
488,14:26:57,11.2,--,5,5600,卖盘
489,14:26:51,11.2,-0.01,503,563360,卖盘
490,14:26:48,11.21,--,20,22420,买盘
491,14:26:45,11.21,--,1,1121,买盘
492,14:26:42,11.21,0.01,20,22420,买盘
493,14:26:39,11.2,--,4,4480,卖盘
494,14:26:36,11.2,-0.01,7,7839,卖盘
495,14:26:33,11.21,--,2,2242,买盘
496,14:26:27,11.21,--,16,17936,买盘
497,14:26:24,11.21,--,2,2242,买盘
498,14:26:21,11.21,--,27,30267,买盘
499,14:26:15,11.21,--,4,4484,买盘
500,14:26:06,11.21,-0.01,9,10089,中性盘
501,14:26:03,11.22,0.01,18,20196,买盘
502,14:26:00,11.21,-0.01,103,115519,卖盘
503,14:25:57,11.22,0.01,3,3366,买盘
504,14:25:54,11.21,-0.01,160,179360,卖盘
505,14:25:51,11.22,0.01,55,61710,买盘
506,14:25:48,11.21,--,2,2242,卖盘
507,14:25:45,11.21,--,103,115463,卖盘
508,14:25:42,11.21,--,10,11210,卖盘
509,14:25:39,11.21,--,13,14573,卖盘
510,14:25:33,11.21,-0.01,15,16815,卖盘
511,14:25:30,11.22,0.01,3,3366,买盘
512,14:25:27,11.21,-0.01,4,4484,卖盘
513,14:25:24,11.22,--,2,2244,买盘
514,14:25:18,11.22,--,1,1122,买盘
515,14:25:15,11.22,0.01,3,3366,买盘
516,14:25:12,11.21,-0.01,32,35872,卖盘
517,14:25:06,11.22,--,62,69564,买盘
518,14:24:57,11.22,0.01,12,13464,买盘
519,14:24:51,11.21,--,4,4484,卖盘
520,14:24:48,11.21,-0.01,15,16815,卖盘
521,14:24:45,11.22,--,1,1122,买盘
522,14:24:42,11.22,--,2,2244,买盘
523,14:24:39,11.22,--,1,1122,买盘
524,14:24:36,11.22,--,1,1122,买盘
525,14:24:33,11.22,--,16,17952,买盘
526,14:24:30,11.22,--,24,26928,买盘
527,14:24:27,11.22,--,2,2244,买盘
528,14:24:24,11.22,--,7,7854,买盘
529,14:24:18,11.22,0.01,3,3366,买盘
530,14:24:15,11.21,-0.01,2,2242,卖盘
531,14:24:12,11.22,--,2,2244,买盘
532,14:24:06,11.22,--,7,7854,买盘
533,14:24:03,11.22,--,17,19074,买盘
534,14:23:57,11.22,--,2,2244,买盘
535,14:23:54,11.22,0.01,1,1122,买盘
536,14:23:51,11.21,--,46,51566,卖盘
537,14:23:48,11.21,-0.01,11,12331,卖盘
538,14:23:42,11.22,--,23,25806,买盘
539,14:23:39,11.22,0.01,5,5610,买盘
540,14:23:36,11.21,-0.01,21,23541,卖盘
541,14:23:30,11.22,--,224,251328,买盘
542,14:23:24,11.22,--,3,3366,买盘
543,14:23:21,11.22,--,2,2244,买盘
544,14:23:18,11.22,0.01,1,1122,买盘
545,14:23:15,11.21,-0.01,21,23541,卖盘
546,14:23:12,11.22,--,3,3366,买盘
547,14:23:09,11.22,--,2,2244,买盘
548,14:23:06,11.22,--,12,13464,买盘
549,14:23:03,11.22,--,6,6732,买盘
550,14:22:57,11.22,--,17,19074,买盘
551,14:22:54,11.22,--,2,2244,买盘
552,14:22:51,11.22,--,4,4488,买盘
553,14:22:48,11.22,0.01,1,1122,买盘
554,14:22:45,11.21,--,3,3363,卖盘
555,14:22:39,11.21,-0.01,58,65018,卖盘
556,14:22:36,11.22,--,15,16830,买盘
557,14:22:27,11.22,--,1,1122,买盘
558,14:22:24,11.22,--,2,2244,买盘
559,14:22:21,11.22,0.01,4,4488,买盘
560,14:22:18,11.21,-0.01,9,10089,卖盘
561,14:22:15,11.22,0.01,117,131274,买盘
562,14:22:12,11.21,--,28,31388,卖盘
563,14:22:09,11.21,-0.01,20,22420,卖盘
564,14:22:06,11.22,0.01,10,11220,买盘
565,14:21:57,11.21,-0.01,11,12331,卖盘
566,14:21:54,11.22,--,17,19074,买盘
567,14:21:51,11.22,--,9,10098,买盘
568,14:21:48,11.22,--,4,4488,买盘
569,14:21:45,11.22,--,1,1122,买盘
570,14:21:39,11.22,--,3,3366,买盘
571,14:21:36,11.22,--,22,24684,买盘
572,14:21:27,11.22,--,14,15708,买盘
573,14:21:24,11.22,--,1,1122,买盘
574,14:21:21,11.22,--,6,6732,买盘
575,14:21:18,11.22,--,1,1122,买盘
576,14:21:15,11.22,0.01,3,3366,买盘
577,14:21:12,11.21,-0.01,1,1121,卖盘
578,14:21:09,11.22,--,16,17952,买盘
579,14:21:06,11.22,0.01,28,31416,买盘
580,14:21:03,11.21,--,2,2242,卖盘
581,14:20:57,11.21,-0.01,114,127794,卖盘
582,14:20:51,11.22,0.01,4,4488,买盘
583,14:20:45,11.21,-0.01,12,13452,卖盘
584,14:20:42,11.22,0.01,21,23562,买盘
585,14:20:39,11.21,-0.01,197,220837,卖盘
586,14:20:36,11.22,--,1,1122,买盘
587,14:20:33,11.22,--,14,15708,买盘
588,14:20:30,11.22,--,50,56100,买盘
589,14:20:27,11.22,--,1,1122,买盘
590,14:20:24,11.22,--,1,1122,买盘
591,14:20:21,11.22,--,3,3366,买盘
592,14:20:18,11.22,--,352,394944,买盘
593,14:20:15,11.22,0.01,23,25806,买盘
594,14:20:12,11.21,-0.01,3,3363,卖盘
595,14:20:09,11.22,0.01,3,3366,买盘
596,14:20:06,11.21,-0.01,27,30267,卖盘
597,14:20:03,11.22,0.01,2,2244,买盘
598,14:20:00,11.21,--,24,26904,卖盘
599,14:19:57,11.21,-0.01,60,67260,卖盘
600,14:19:51,11.22,--,19,21318,买盘
601,14:19:48,11.22,--,3,3366,买盘
602,14:19:45,11.22,--,1,1122,买盘
603,14:19:42,11.22,0.01,6,6732,买盘
604,14:19:39,11.21,-0.01,1,1121,卖盘
605,14:19:36,11.22,0.01,21,23562,买盘
606,14:19:33,11.21,-0.01,19,21299,卖盘
607,14:19:24,11.22,--,1,1122,买盘
608,14:19:18,11.22,0.01,2,2244,买盘
609,14:19:12,11.21,-0.01,1,1121,卖盘
610,14:19:09,11.22,--,19,21318,买盘
611,14:19:06,11.22,--,11,12342,买盘
612,14:19:03,11.22,--,84,94248,买盘
613,14:19:00,11.22,--,30,33660,买盘
614,14:18:57,11.22,--,1,1122,买盘
615,14:18:54,11.22,--,20,22440,买盘
616,14:18:51,11.22,--,2,2244,买盘
617,14:18:48,11.22,--,26,29172,买盘
618,14:18:45,11.22,0.01,2,2244,买盘
619,14:18:42,11.21,-0.01,18,20178,卖盘
620,14:18:36,11.22,0.01,3,3366,买盘
621,14:18:33,11.21,-0.01,6,6726,卖盘
622,14:18:30,11.22,--,3,3366,买盘
623,14:18:27,11.22,--,24,26928,买盘
624,14:18:24,11.22,--,3,3366,买盘
625,14:18:21,11.22,--,1,1122,买盘
626,14:18:15,11.22,0.01,128,143616,买盘
627,14:18:12,11.21,-0.01,2,2242,卖盘
628,14:18:09,11.22,--,2,2244,买盘
629,14:18:06,11.22,--,2,2244,买盘
630,14:18:03,11.22,--,5,5610,买盘
631,14:18:00,11.22,--,58,65076,买盘
632,14:17:57,11.22,--,16,17952,买盘
633,14:17:54,11.22,--,47,52734,买盘
634,14:17:48,11.22,--,3,3366,买盘
635,14:17:45,11.22,0.01,3,3366,买盘
636,14:17:42,11.21,-0.01,2,2242,卖盘
637,14:17:39,11.22,--,6,6732,买盘
638,14:17:36,11.22,0.01,22,24684,买盘
639,14:17:33,11.21,--,23,26847,买盘
640,14:17:27,11.21,--,102,114342,买盘
641,14:17:24,11.21,--,24,26904,买盘
642,14:17:18,11.21,0.01,36,40356,买盘
643,14:17:12,11.2,--,4,4480,卖盘
644,14:17:09,11.2,--,4,4480,卖盘
645,14:17:06,11.2,-0.01,10,11200,卖盘
646,14:17:03,11.21,--,120,134520,买盘
647,14:17:00,11.21,0.01,30,33630,买盘
648,14:16:57,11.2,--,32,35840,卖盘
649,14:16:54,11.2,-0.01,60,67200,卖盘
650,14:16:51,11.21,--,4,4484,买盘
651,14:16:48,11.21,--,1,1121,买盘
652,14:16:45,11.21,--,23,25783,买盘
653,14:16:42,11.21,0.01,44,49324,买盘
654,14:16:36,11.2,--,18,20160,卖盘
655,14:16:30,11.2,--,47,52640,卖盘
656,14:16:27,11.2,-0.01,2,2240,卖盘
657,14:16:24,11.21,--,2,2948,买盘
658,14:16:21,11.21,0.01,3,3363,买盘
659,14:16:18,11.2,--,40,44800,卖盘
660,14:16:15,11.2,--,2,2240,卖盘
661,14:16:12,11.2,-0.01,52,58239,卖盘
662,14:16:09,11.21,0.02,245,275093,买盘
663,14:16:06,11.19,-0.01,2,2238,卖盘
664,14:16:03,11.2,0.01,8,8960,买盘
665,14:16:00,11.19,-0.01,2,2238,卖盘
666,14:15:57,11.2,--,37,41440,买盘
667,14:15:54,11.2,--,10,11200,买盘
668,14:15:51,11.2,--,17,19040,买盘
669,14:15:48,11.2,--,3,3360,买盘
670,14:15:45,11.2,0.01,7,7839,买盘
671,14:15:42,11.19,-0.01,2,2238,卖盘
672,14:15:39,11.2,0.01,2,2240,买盘
673,14:15:36,11.19,-0.01,3,3357,卖盘
674,14:15:33,11.2,--,67,75040,买盘
675,14:15:30,11.2,--,26,29119,买盘
676,14:15:27,11.2,--,1,1120,买盘
677,14:15:24,11.2,0.01,9,10080,买盘
678,14:15:21,11.19,-0.01,5,5595,卖盘
679,14:15:15,11.2,0.01,52,58239,买盘
680,14:15:12,11.19,-0.01,1,1119,卖盘
681,14:15:09,11.2,0.01,8,8960,买盘
682,14:15:06,11.19,-0.01,2,2238,卖盘
683,14:15:03,11.2,--,7,7839,买盘
684,14:14:54,11.2,--,5,5600,买盘
685,14:14:51,11.2,--,2,2240,买盘
686,14:14:48,11.2,--,5,5600,买盘
687,14:14:45,11.2,--,14,15679,买盘
688,14:14:39,11.2,--,5,5600,买盘
689,14:14:36,11.2,--,5,5600,买盘
690,14:14:33,11.2,--,21,23520,买盘
691,14:14:27,11.2,--,23,25760,买盘
692,14:14:24,11.2,--,17,19040,买盘
693,14:14:21,11.2,0.01,18,20160,买盘
694,14:14:18,11.19,--,10,11190,卖盘
695,14:14:12,11.19,-0.01,2,2238,卖盘
696,14:14:09,11.2,--,47,52640,买盘
697,14:14:06,11.2,--,43,48160,买盘
698,14:14:03,11.2,--,1,1120,买盘
699,14:14:00,11.2,-0.01,116,129919,卖盘
700,14:13:57,11.21,--,56,62776,买盘
701,14:13:54,11.21,--,5,5605,买盘
702,14:13:51,11.21,0.01,18,20178,买盘
703,14:13:48,11.2,-0.01,33,36960,卖盘
704,14:13:45,11.21,0.01,5,5605,买盘
705,14:13:42,11.2,--,55,61599,卖盘
706,14:13:39,11.2,--,20,22400,卖盘
707,14:13:36,11.2,-0.01,46,51520,卖盘
708,14:13:33,11.21,0.01,3,3363,买盘
709,14:13:30,11.2,-0.01,50,56000,卖盘
710,14:13:27,11.21,--,6,6726,买盘
711,14:13:24,11.21,--,25,28025,买盘
712,14:13:21,11.21,--,15,16815,买盘
713,14:13:18,11.21,--,3,3363,买盘
714,14:13:15,11.21,0.01,1,1121,买盘
715,14:13:12,11.2,-0.01,11,12320,卖盘
716,14:13:09,11.21,0.01,3,3363,买盘
717,14:13:06,11.2,-0.01,42,47040,卖盘
718,14:13:03,11.21,0.01,3,3363,买盘
719,14:12:57,11.2,--,2,2240,卖盘
720,14:12:54,11.2,0.01,672,752640,买盘
721,14:12:51,11.19,-0.01,2,2238,卖盘
722,14:12:48,11.2,--,14,15679,买盘
723,14:12:45,11.2,--,9,10080,买盘
724,14:12:42,11.2,0.01,5,5600,买盘
725,14:12:36,11.19,-0.01,6,6714,卖盘
726,14:12:33,11.2,--,2,2240,买盘
727,14:12:21,11.2,--,5,5600,买盘
728,14:12:18,11.2,--,3,3360,买盘
729,14:12:15,11.2,0.01,1,1120,买盘
730,14:12:12,11.19,-0.01,1,1119,卖盘
731,14:12:09,11.2,0.01,49,54880,买盘
732,14:12:06,11.19,-0.01,11,12309,卖盘
733,14:12:03,11.2,--,14,15679,买盘
734,14:11:54,11.2,--,16,17920,买盘
735,14:11:48,11.2,--,4,4480,买盘
736,14:11:45,11.2,--,3,3360,买盘
737,14:11:42,11.2,0.01,1,1120,买盘
738,14:11:39,11.19,--,7,7833,卖盘
739,14:11:36,11.19,-0.01,5,5595,卖盘
740,14:11:33,11.2,--,16,17920,买盘
741,14:11:30,11.2,--,5,5600,买盘
742,14:11:27,11.2,--,2,2240,买盘
743,14:11:18,11.2,--,1,1120,买盘
744,14:11:15,11.2,0.01,4,4480,买盘
745,14:11:12,11.19,--,31,34689,卖盘
746,14:11:09,11.19,--,103,115257,卖盘
747,14:11:06,11.19,-0.01,14,15666,卖盘
748,14:11:03,11.2,--,10,11200,买盘
749,14:11:00,11.2,--,2,2240,买盘
750,14:10:54,11.2,0.01,1,1120,买盘
751,14:10:51,11.19,--,1,1119,卖盘
752,14:10:48,11.19,-0.01,5,5595,卖盘
753,14:10:45,11.2,--,24,26880,买盘
754,14:10:42,11.2,0.01,18,20160,买盘
755,14:10:39,11.19,--,154,172326,卖盘
756,14:10:36,11.19,-0.01,13,14547,卖盘
757,14:10:33,11.2,--,2,2240,买盘
758,14:10:30,11.2,--,9,10080,买盘
759,14:10:27,11.2,--,2,2240,买盘
760,14:10:24,11.2,--,18,20160,买盘
761,14:10:21,11.2,--,1,1120,买盘
762,14:10:15,11.2,0.01,14,15679,买盘
763,14:10:12,11.19,-0.01,12,13428,卖盘
764,14:10:09,11.2,--,2,2240,买盘
765,14:10:06,11.2,--,4,4480,买盘
766,14:10:03,11.2,--,20,22400,买盘
767,14:10:00,11.2,--,17,19040,买盘
768,14:09:57,11.2,-0.01,15,16800,中性盘
769,14:09:48,11.21,--,4,4484,买盘
770,14:09:45,11.21,0.01,1,1121,买盘
771,14:09:42,11.2,-0.01,49,55104,卖盘
772,14:09:39,11.21,0.01,18,20178,买盘
773,14:09:36,11.2,-0.01,3,3360,卖盘
774,14:09:33,11.21,--,2,2242,买盘
775,14:09:27,11.21,--,113,126673,买盘
776,14:09:24,11.21,--,2,2242,买盘
777,14:09:21,11.21,--,6,6726,买盘
778,14:09:18,11.21,--,16,17936,买盘
779,14:09:15,11.21,--,1,1121,买盘
780,14:09:12,11.21,--,19,21299,买盘
781,14:09:09,11.21,--,36,40356,买盘
782,14:09:06,11.21,0.01,6,6726,买盘
783,14:09:03,11.2,--,13,14559,卖盘
784,14:08:57,11.2,-0.01,18,20160,卖盘
785,14:08:54,11.21,0.01,3,3363,买盘
786,14:08:51,11.2,-0.01,16,17920,卖盘
787,14:08:48,11.21,0.01,226,253346,买盘
788,14:08:45,11.2,--,14,15679,卖盘
789,14:08:42,11.2,-0.01,190,212800,卖盘
790,14:08:39,11.21,0.01,38,42598,买盘
791,14:08:36,11.2,-0.01,3,3360,卖盘
792,14:08:33,11.21,0.01,3,3363,买盘
793,14:08:30,11.2,-0.01,16,18816,卖盘
794,14:08:27,11.21,--,8,8968,买盘
795,14:08:24,11.21,--,4,4484,买盘
796,14:08:18,11.21,--,17,19057,买盘
797,14:08:15,11.21,0.01,4,4484,买盘
798,14:08:12,11.2,-0.01,3,3360,卖盘
799,14:08:09,11.21,--,366,411238,卖盘
800,14:08:06,11.21,-0.01,39,43719,卖盘
801,14:08:03,11.22,--,2,2244,买盘
802,14:08:00,11.22,0.01,2,2244,买盘
803,14:07:57,11.21,--,39,43719,卖盘
804,14:07:54,11.21,--,38,42598,卖盘
805,14:07:51,11.21,--,34,38114,卖盘
806,14:07:48,11.21,--,22,24662,卖盘
807,14:07:45,11.21,--,59,66139,卖盘
808,14:07:42,11.21,-0.01,11,12331,卖盘
809,14:07:39,11.22,--,6,6732,买盘
810,14:07:36,11.22,--,40,44880,买盘
811,14:07:33,11.22,--,16,17952,买盘
812,14:07:30,11.22,--,1,1122,买盘
813,14:07:24,11.22,--,1,1122,买盘
814,14:07:21,11.22,--,3,3366,买盘
815,14:07:18,11.22,--,20,22440,买盘
816,14:07:15,11.22,--,1,1122,买盘
817,14:07:12,11.22,--,3,3366,买盘
818,14:07:09,11.22,0.01,7,7854,买盘
819,14:07:06,11.21,-0.01,47,52687,卖盘
820,14:07:03,11.22,0.01,2,2244,买盘
821,14:07:00,11.21,-0.01,4,4484,卖盘
822,14:06:57,11.22,--,213,238986,买盘
823,14:06:51,11.22,--,2,2244,买盘
824,14:06:48,11.22,--,22,24684,买盘
825,14:06:45,11.22,0.01,7,7854,买盘
826,14:06:42,11.21,-0.01,16,17936,卖盘
827,14:06:39,11.22,0.01,1,1122,买盘
828,14:06:36,11.21,-0.01,33,36993,卖盘
829,14:06:33,11.22,0.01,25,28050,买盘
830,14:06:30,11.21,-0.01,2,2242,卖盘
831,14:06:27,11.22,0.01,18,20196,买盘
832,14:06:24,11.21,--,2,2242,卖盘
833,14:06:21,11.21,--,17,19057,卖盘
834,14:06:15,11.21,--,100,112100,卖盘
835,14:06:12,11.21,-0.01,1,1121,卖盘
836,14:06:09,11.22,--,1,1122,买盘
837,14:06:06,11.22,0.01,23,25806,买盘
838,14:06:03,11.21,--,4,4484,卖盘
839,14:06:00,11.21,-0.01,10,11210,卖盘
840,14:05:57,11.22,--,44,49368,买盘
841,14:05:54,11.22,--,1,1122,买盘
842,14:05:51,11.22,--,109,122298,买盘
843,14:05:48,11.22,--,32,35904,买盘
844,14:05:45,11.22,--,39,43758,买盘
845,14:05:42,11.22,0.01,8,8976,买盘
846,14:05:39,11.21,--,1,1121,卖盘
847,14:05:36,11.21,-0.01,2,2242,卖盘
848,14:05:33,11.22,--,5,5610,买盘
849,14:05:24,11.22,--,1,1122,买盘
850,14:05:21,11.22,0.01,16,17952,买盘
851,14:05:18,11.21,-0.01,10,11210,卖盘
852,14:05:15,11.22,--,36,40392,卖盘
853,14:05:12,11.22,--,3,3366,卖盘
854,14:05:09,11.22,-0.01,2,2244,卖盘
855,14:05:06,11.23,0.01,4,4492,买盘
856,14:05:03,11.22,-0.01,5,5610,卖盘
857,14:04:57,11.23,0.01,30,33690,买盘
858,14:04:54,11.22,-0.01,1,1122,卖盘
859,14:04:51,11.23,--,5,5615,买盘
860,14:04:48,11.23,--,20,22460,买盘
861,14:04:45,11.23,0.01,4,4492,买盘
862,14:04:39,11.22,-0.01,3,3366,买盘
863,14:04:33,11.23,--,29,32567,买盘
864,14:04:30,11.23,0.01,17,19091,买盘
865,14:04:27,11.22,-0.01,37,41514,卖盘
866,14:04:24,11.23,--,1,1123,买盘
867,14:04:15,11.23,0.01,2,2246,买盘
868,14:04:12,11.22,--,20,22440,卖盘
869,14:04:09,11.22,-0.01,3,3366,卖盘
870,14:04:06,11.23,0.02,10,11230,买盘
871,14:04:03,11.21,-0.02,106,118826,卖盘
872,14:04:00,11.23,0.01,12,13476,买盘
873,14:03:57,11.22,-0.01,22,24684,中性盘
874,14:03:54,11.23,--,3,3369,买盘
875,14:03:51,11.23,0.01,15,16845,买盘
876,14:03:48,11.22,-0.01,40,44880,卖盘
877,14:03:45,11.23,--,7,7861,买盘
878,14:03:42,11.23,0.01,3,3369,买盘
879,14:03:36,11.22,0.01,5,5610,买盘
880,14:03:33,11.21,--,3,3363,卖盘
881,14:03:30,11.21,--,31,34751,卖盘
882,14:03:27,11.21,--,1,1121,卖盘
883,14:03:24,11.21,-0.02,18,20178,卖盘
884,14:03:18,11.23,0.01,18,20214,买盘
885,14:03:15,11.22,--,1,1122,买盘
886,14:03:12,11.22,--,5,5610,买盘
887,14:03:09,11.22,--,1,1122,买盘
888,14:03:06,11.22,0.01,17,19074,买盘
889,14:03:03,11.21,-0.01,8,8968,卖盘
890,14:03:00,11.22,--,1,1122,买盘
891,14:02:57,11.22,0.01,4,4488,买盘
892,14:02:54,11.21,--,15,16815,卖盘
893,14:02:51,11.21,-0.02,300,336300,卖盘
894,14:02:45,11.23,--,7,7861,买盘
895,14:02:42,11.23,--,2,2246,买盘
896,14:02:39,11.23,0.01,15,16845,买盘
897,14:02:33,11.22,0.01,26,29172,买盘
898,14:02:30,11.21,--,3,3363,卖盘
899,14:02:27,11.21,-0.01,17,19057,卖盘
900,14:02:24,11.22,-0.01,26,29172,中性盘
901,14:02:18,11.23,0.01,15,16845,买盘
902,14:02:15,11.22,--,117,131274,卖盘
903,14:02:12,11.22,--,5,5610,卖盘
904,14:02:09,11.22,-0.01,226,253572,卖盘
905,14:02:06,11.23,0.01,6,6738,买盘
906,14:02:03,11.22,--,3,3366,卖盘
907,14:01:57,11.22,-0.01,60,67320,卖盘
908,14:01:54,11.23,0.01,3,3369,买盘
909,14:01:51,11.22,--,7,7854,卖盘
910,14:01:48,11.22,-0.01,142,159324,卖盘
911,14:01:45,11.23,0.01,13,14599,买盘
912,14:01:42,11.22,-0.01,3,3366,卖盘
913,14:01:39,11.23,--,21,23583,买盘
914,14:01:36,11.23,0.01,2,2246,买盘
915,14:01:33,11.22,-0.01,26,29172,卖盘
916,14:01:30,11.23,--,2,2246,买盘
917,14:01:24,11.23,0.01,38,42674,买盘
918,14:01:15,11.22,--,11,12342,卖盘
919,14:01:12,11.22,-0.01,4,4488,卖盘
920,14:01:09,11.23,--,4,4492,买盘
921,14:01:06,11.23,0.01,12,13476,买盘
922,14:01:03,11.22,-0.01,3,3366,卖盘
923,14:01:00,11.23,--,1,1123,买盘
924,14:00:57,11.23,0.01,3,3369,买盘
925,14:00:54,11.22,--,17,19074,卖盘
926,14:00:51,11.22,-0.01,1,1122,卖盘
927,14:00:48,11.23,--,14,15722,买盘
928,14:00:45,11.23,--,4,4492,买盘
929,14:00:42,11.23,--,4,4492,买盘
930,14:00:39,11.23,0.01,3,3369,买盘
931,14:00:33,11.22,--,26,29172,卖盘
932,14:00:30,11.22,--,3,3366,卖盘
933,14:00:24,11.22,-0.01,17,19074,卖盘
934,14:00:21,11.23,--,20,22460,买盘
935,14:00:15,11.23,0.01,7,7861,买盘
936,14:00:12,11.22,-0.01,5,5610,卖盘
937,14:00:09,11.23,0.01,37,41551,买盘
938,14:00:06,11.22,--,18,20196,卖盘
939,14:00:03,11.22,-0.01,4,4488,卖盘
940,14:00:00,11.23,0.01,28,31444,买盘
941,13:59:57,11.22,--,27,30294,卖盘
942,13:59:54,11.22,-0.01,51,57222,卖盘
943,13:59:51,11.23,0.01,22,24706,买盘
944,13:59:45,11.22,--,105,117810,卖盘
945,13:59:42,11.22,-0.01,15,16830,卖盘
946,13:59:39,11.23,--,2,2246,买盘
947,13:59:36,11.23,0.01,2,2246,买盘
948,13:59:33,11.22,-0.01,8,8976,卖盘
949,13:59:30,11.23,0.01,1,1123,买盘
950,13:59:27,11.22,-0.01,33,37026,卖盘
951,13:59:24,11.23,0.01,3,3369,买盘
952,13:59:21,11.22,--,52,58344,卖盘
953,13:59:15,11.22,--,11,12342,卖盘
954,13:59:12,11.22,-0.01,48,53856,卖盘
955,13:59:09,11.23,--,6,6738,买盘
956,13:59:06,11.23,--,8,8984,买盘
957,13:59:03,11.23,--,4,4492,买盘
958,13:59:00,11.23,--,1,1123,买盘
959,13:58:57,11.23,--,193,216739,买盘
960,13:58:54,11.23,--,15,16845,买盘
961,13:58:51,11.23,--,16,17968,买盘
962,13:58:48,11.23,--,27,30321,买盘
963,13:58:45,11.23,--,1,1123,买盘
964,13:58:42,11.23,--,1,1123,买盘
965,13:58:39,11.23,0.01,1,1123,买盘
966,13:58:33,11.22,-0.01,21,23562,卖盘
967,13:58:30,11.23,--,3,3369,买盘
968,13:58:27,11.23,--,2,2246,买盘
969,13:58:24,11.23,--,21,23583,买盘
970,13:58:21,11.23,--,6,6738,买盘
971,13:58:18,11.23,--,103,115669,买盘
972,13:58:15,11.23,--,2,2246,买盘
973,13:58:12,11.23,--,11,12353,买盘
974,13:58:09,11.23,--,3,3369,买盘
975,13:58:06,11.23,--,15,16845,买盘
976,13:58:03,11.23,0.01,17,19091,买盘
977,13:57:54,11.22,-0.01,20,22440,卖盘
978,13:57:51,11.23,--,16,17968,买盘
979,13:57:48,11.23,--,52,58396,买盘
980,13:57:45,11.23,0.01,3,3369,买盘
981,13:57:36,11.22,--,4,4488,卖盘
982,13:57:33,11.22,-0.01,2,2244,卖盘
983,13:57:30,11.23,--,71,79733,买盘
984,13:57:24,11.23,0.01,2,2246,买盘
985,13:57:18,11.22,--,457,512754,买盘
986,13:57:15,11.22,--,6,6732,买盘
987,13:57:09,11.22,--,13,14586,买盘
988,13:57:06,11.22,--,5,5610,买盘
989,13:57:03,11.22,0.01,15,16830,买盘
990,13:57:00,11.21,-0.01,4,4484,卖盘
991,13:56:57,11.22,0.01,2,2244,买盘
992,13:56:54,11.21,--,1,1121,卖盘
993,13:56:51,11.21,-0.01,30,33630,卖盘
994,13:56:48,11.22,0.01,1,1122,买盘
995,13:56:45,11.21,-0.01,9,10089,卖盘
996,13:56:42,11.22,--,11,12342,买盘
997,13:56:39,11.22,--,44,49368,买盘
998,13:56:36,11.22,--,17,19074,买盘
999,13:56:30,11.22,--,5,5610,买盘
1000,13:56:27,11.22,--,43,48246,买盘
1001,13:56:24,11.22,--,3,3366,买盘
1002,13:56:21,11.22,0.01,59,66198,买盘
1003,13:56:15,11.21,-0.01,9,10089,卖盘
1004,13:56:12,11.22,--,18,20196,买盘
1005,13:56:09,11.22,--,52,58344,买盘
1006,13:56:06,11.22,--,4,4488,买盘
1007,13:56:00,11.22,--,1,1122,买盘
1008,13:55:57,11.22,--,9,10098,买盘
1009,13:55:54,11.22,--,11,12342,买盘
1010,13:55:51,11.22,--,64,71808,买盘
1011,13:55:48,11.22,--,295,330990,卖盘
1012,13:55:45,11.22,--,31,34782,卖盘
1013,13:55:42,11.22,--,375,420750,买盘
1014,13:55:39,11.22,--,1,1122,买盘
1015,13:55:30,11.22,--,249,279378,买盘
1016,13:55:27,11.22,--,2,2244,买盘
1017,13:55:24,11.22,--,1,1122,买盘
1018,13:55:18,11.22,--,254,284988,买盘
1019,13:55:12,11.22,--,51,57222,买盘
1020,13:55:09,11.22,--,37,41514,买盘
1021,13:55:06,11.22,--,6,6732,买盘
1022,13:55:03,11.22,--,292,327624,买盘
1023,13:55:00,11.22,--,2,2244,买盘
1024,13:54:57,11.22,0.01,2,2244,买盘
1025,13:54:48,11.21,-0.01,3,3363,卖盘
1026,13:54:45,11.22,--,4,4488,买盘
1027,13:54:42,11.22,--,16,17952,买盘
1028,13:54:39,11.22,--,26,29172,买盘
1029,13:54:36,11.22,--,1,1122,买盘
1030,13:54:33,11.22,--,14,15708,买盘
1031,13:54:30,11.22,--,62,69564,买盘
1032,13:54:27,11.22,--,1,1122,买盘
1033,13:54:24,11.22,0.01,20,22440,买盘
1034,13:54:18,11.21,--,11,12331,卖盘
1035,13:54:15,11.21,--,9,10257,买盘
1036,13:54:12,11.21,--,2,2242,买盘
1037,13:54:09,11.21,--,3,3363,买盘
1038,13:54:06,11.21,--,7,7847,买盘
1039,13:54:03,11.21,--,48,53808,买盘
1040,13:53:54,11.21,--,43,48203,买盘
1041,13:53:51,11.21,--,46,51566,买盘
1042,13:53:48,11.21,--,20,22420,买盘
1043,13:53:45,11.21,--,13,14573,买盘
1044,13:53:42,11.21,--,26,29146,买盘
1045,13:53:39,11.21,--,15,16815,买盘
1046,13:53:36,11.21,--,1,1121,买盘
1047,13:53:33,11.21,--,104,116584,买盘
1048,13:53:30,11.21,--,26,29146,买盘
1049,13:53:27,11.21,0.01,17,19057,买盘
1050,13:53:24,11.2,-0.01,103,115359,卖盘
1051,13:53:21,11.21,--,22,24662,买盘
1052,13:53:18,11.21,--,11,12331,买盘
1053,13:53:15,11.21,--,3,3363,买盘
1054,13:53:12,11.21,--,49,54929,买盘
1055,13:53:09,11.21,--,12,13452,买盘
1056,13:53:06,11.21,0.01,19,21299,买盘
1057,13:53:03,11.2,-0.01,1,1120,卖盘
1058,13:53:00,11.21,--,25,28025,买盘
1059,13:52:57,11.21,--,9,10089,买盘
1060,13:52:54,11.21,--,14,15694,买盘
1061,13:52:51,11.21,--,119,133399,买盘
1062,13:52:48,11.21,--,21,23541,买盘
1063,13:52:45,11.21,0.01,21,23541,买盘
1064,13:52:39,11.2,-0.01,27,30239,卖盘
1065,13:52:36,11.21,--,106,118826,买盘
1066,13:52:30,11.21,--,2,2242,买盘
1067,13:52:27,11.21,--,44,49324,买盘
1068,13:52:24,11.21,--,1,1121,买盘
1069,13:52:21,11.21,--,18,20178,买盘
1070,13:52:18,11.21,0.01,1,1121,买盘
1071,13:52:15,11.2,-0.01,7,7839,卖盘
1072,13:52:12,11.21,0.01,5,5605,买盘
1073,13:52:09,11.2,-0.01,4,4480,卖盘
1074,13:52:06,11.21,--,35,39235,买盘
1075,13:52:03,11.21,--,1,1121,买盘
1076,13:52:00,11.21,--,21,23541,买盘
1077,13:51:57,11.21,--,68,76228,买盘
1078,13:51:54,11.21,--,2,2242,买盘
1079,13:51:51,11.21,-0.01,11,13283,卖盘
1080,13:51:48,11.22,--,5,5610,买盘
1081,13:51:42,11.22,0.01,4,4488,买盘
1082,13:51:39,11.21,--,17,19225,买盘
1083,13:51:36,11.21,--,1,1121,买盘
1084,13:51:33,11.21,--,2,2242,买盘
1085,13:51:30,11.21,--,17,19057,买盘
1086,13:51:27,11.21,--,1,1121,买盘
1087,13:51:24,11.21,--,1,1121,买盘
1088,13:51:21,11.21,0.01,20,22420,买盘
1089,13:51:18,11.2,--,28,31359,卖盘
1090,13:51:15,11.2,-0.01,2,2240,卖盘
1091,13:51:12,11.21,--,1,1121,买盘
1092,13:51:09,11.21,0.01,5,5605,买盘
1093,13:51:06,11.2,-0.01,18,20160,卖盘
1094,13:51:03,11.21,--,7,7847,买盘
1095,13:51:00,11.21,--,55,61655,买盘
1096,13:50:48,11.21,--,2,2242,买盘
1097,13:50:45,11.21,--,2,2242,买盘
1098,13:50:42,11.21,--,5,5605,买盘
1099,13:50:39,11.21,--,1,1121,买盘
1100,13:50:36,11.21,--,1,1121,买盘
1101,13:50:33,11.21,--,2,2242,买盘
1102,13:50:27,11.21,--,3,3363,买盘
1103,13:50:21,11.21,--,7,8799,卖盘
1104,13:50:18,11.21,-0.01,74,82954,卖盘
1105,13:50:15,11.22,--,12,13464,买盘
1106,13:50:06,11.22,--,3,3366,买盘
1107,13:50:03,11.22,0.01,10,11220,买盘
1108,13:50:00,11.21,-0.01,34,38114,卖盘
1109,13:49:57,11.22,0.01,20,22440,买盘
1110,13:49:54,11.21,--,56,62776,卖盘
1111,13:49:51,11.21,--,5,5605,卖盘
1112,13:49:48,11.21,-0.01,20,22420,卖盘
1113,13:49:45,11.22,--,3,3366,买盘
1114,13:49:42,11.22,--,9,10098,买盘
1115,13:49:30,11.22,--,26,29172,买盘
1116,13:49:27,11.22,--,26,29172,买盘
1117,13:49:24,11.22,--,11,12342,买盘
1118,13:49:15,11.22,--,3,3366,买盘
1119,13:49:06,11.22,0.01,1,1122,买盘
1120,13:49:03,11.21,--,3,3363,卖盘
1121,13:49:00,11.21,-0.01,104,116584,卖盘
1122,13:48:57,11.22,0.01,3,3366,买盘
1123,13:48:51,11.21,-0.01,18,20178,卖盘
1124,13:48:48,11.22,--,3,3366,买盘
1125,13:48:45,11.22,--,4,4488,买盘
1126,13:48:42,11.22,0.01,14,15708,买盘
1127,13:48:39,11.21,--,11,12331,卖盘
1128,13:48:36,11.21,--,55,61655,卖盘
1129,13:48:33,11.21,-0.01,10,11210,卖盘
1130,13:48:30,11.22,--,1,1122,买盘
1131,13:48:27,11.22,0.01,8,8976,买盘
1132,13:48:24,11.21,--,3,3363,卖盘
1133,13:48:21,11.21,--,22,24662,卖盘
1134,13:48:15,11.21,--,18,20178,卖盘
1135,13:48:12,11.21,-0.01,12,13452,卖盘
1136,13:48:06,11.22,--,54,60588,买盘
1137,13:48:03,11.22,0.01,1,1122,买盘
1138,13:48:00,11.21,-0.01,2,2242,卖盘
1139,13:47:57,11.22,0.01,2,2244,买盘
1140,13:47:54,11.21,--,8,8968,卖盘
1141,13:47:48,11.21,-0.01,31,34751,卖盘
1142,13:47:45,11.22,--,4,4488,买盘
1143,13:47:42,11.22,0.01,5,5610,买盘
1144,13:47:39,11.21,-0.01,5,5627,卖盘
1145,13:47:36,11.22,0.01,4,4488,买盘
1146,13:47:33,11.21,-0.01,2,2242,卖盘
1147,13:47:30,11.22,--,178,199716,买盘
1148,13:47:27,11.22,--,2,2244,买盘
1149,13:47:24,11.22,--,3,3366,买盘
1150,13:47:21,11.22,--,16,17952,买盘
1151,13:47:15,11.22,--,1,1122,买盘
1152,13:47:09,11.22,--,3,3366,买盘
1153,13:47:06,11.22,--,1,1122,买盘
1154,13:47:03,11.22,0.01,65,72930,买盘
1155,13:47:00,11.21,-0.01,17,19202,卖盘
1156,13:46:57,11.22,--,1,1122,买盘
1157,13:46:54,11.22,0.01,3,3366,买盘
1158,13:46:48,11.21,--,34,38114,卖盘
1159,13:46:45,11.21,-0.01,5,5605,卖盘
1160,13:46:42,11.22,--,3,3366,买盘
1161,13:46:39,11.22,0.01,3,3366,买盘
1162,13:46:36,11.21,-0.01,9,10089,卖盘
1163,13:46:33,11.22,--,4,4488,买盘
1164,13:46:30,11.22,--,2,2244,买盘
1165,13:46:27,11.22,--,1,1122,买盘
1166,13:46:24,11.22,--,5,5610,买盘
1167,13:46:21,11.22,--,17,19074,买盘
1168,13:46:12,11.22,--,1,1122,买盘
1169,13:46:06,11.22,--,4,4488,买盘
1170,13:46:03,11.22,--,3,3366,买盘
1171,13:45:54,11.22,--,1,1122,买盘
1172,13:45:51,11.22,--,2,2244,买盘
1173,13:45:48,11.22,--,1,1122,买盘
1174,13:45:45,11.22,--,17,19074,买盘
1175,13:45:42,11.22,--,4,4488,买盘
1176,13:45:36,11.22,0.01,30,33660,买盘
1177,13:45:33,11.21,-0.01,100,112100,卖盘
1178,13:45:30,11.22,0.01,1,1122,买盘
1179,13:45:27,11.21,-0.01,2,2242,买盘
1180,13:45:24,11.22,0.01,570,639540,买盘
1181,13:45:21,11.21,-0.01,39,43719,卖盘
1182,13:45:18,11.22,--,6,6732,买盘
1183,13:45:15,11.22,--,21,23562,买盘
1184,13:45:12,11.22,--,3,3366,买盘
1185,13:45:06,11.22,--,6,6732,买盘
1186,13:45:03,11.22,--,2,2244,买盘
1187,13:45:00,11.22,0.01,46,51612,买盘
1188,13:44:57,11.21,--,12,13452,卖盘
1189,13:44:54,11.21,-0.01,10,11210,卖盘
1190,13:44:51,11.22,--,2,2244,买盘
1191,13:44:45,11.22,--,1,1122,买盘
1192,13:44:42,11.22,--,3,3366,买盘
1193,13:44:39,11.22,0.01,18,20196,买盘
1194,13:44:36,11.21,--,39,43719,买盘
1195,13:44:33,11.21,--,5,5605,买盘
1196,13:44:30,11.21,--,1,1121,买盘
1197,13:44:27,11.21,--,3,3363,买盘
1198,13:44:24,11.21,--,53,59413,卖盘
1199,13:44:21,11.21,-0.01,18,20178,卖盘
1200,13:44:18,11.22,--,2,2244,买盘
1201,13:44:12,11.22,0.01,1,1122,买盘
1202,13:44:06,11.21,-0.01,5,5605,卖盘
1203,13:44:03,11.22,--,7,7854,买盘
1204,13:44:00,11.22,0.01,28,31416,买盘
1205,13:43:54,11.21,-0.01,25,28025,卖盘
1206,13:43:48,11.22,--,5,5610,买盘
1207,13:43:45,11.22,--,1,1122,买盘
1208,13:43:42,11.22,--,53,59466,买盘
1209,13:43:39,11.22,--,20,22440,买盘
1210,13:43:33,11.22,--,5,5610,买盘
1211,13:43:30,11.22,--,18,20196,买盘
1212,13:43:27,11.22,--,24,26928,买盘
1213,13:43:24,11.22,--,57,63954,买盘
1214,13:43:18,11.22,--,3,3366,买盘
1215,13:43:15,11.22,--,2,2244,买盘
1216,13:43:09,11.22,--,1,1122,买盘
1217,13:43:03,11.22,--,18,20196,买盘
1218,13:43:00,11.22,0.01,3,3366,买盘
1219,13:42:48,11.21,-0.01,11,12331,卖盘
1220,13:42:45,11.22,--,33,37026,买盘
1221,13:42:42,11.22,--,18,20196,买盘
1222,13:42:39,11.22,--,7,7854,买盘
1223,13:42:30,11.22,--,2,2244,买盘
1224,13:42:27,11.22,--,1,1122,买盘
1225,13:42:24,11.22,0.02,20,22440,买盘
1226,13:42:21,11.2,-0.01,126,141120,卖盘
1227,13:42:18,11.21,--,1,1121,买盘
1228,13:42:15,11.21,-0.01,2,2242,中性盘
1229,13:42:06,11.22,--,11,12342,买盘
1230,13:42:03,11.22,--,13,14586,买盘
1231,13:42:00,11.22,0.01,80,89760,买盘
1232,13:41:57,11.21,-0.01,287,321727,卖盘
1233,13:41:54,11.22,0.01,10,11220,买盘
1234,13:41:51,11.21,--,10,11210,卖盘
1235,13:41:48,11.21,-0.01,22,24662,卖盘
1236,13:41:45,11.22,--,2,2244,买盘
1237,13:41:42,11.22,--,2,2244,买盘
1238,13:41:39,11.22,0.01,1,1122,买盘
1239,13:41:36,11.21,--,2,2242,卖盘
1240,13:41:33,11.21,--,1,1121,卖盘
1241,13:41:30,11.21,-0.01,60,67260,卖盘
1242,13:41:27,11.22,--,16,17952,买盘
1243,13:41:24,11.22,0.01,1,1122,买盘
1244,13:41:21,11.21,-0.01,14,15694,卖盘
1245,13:41:18,11.22,0.01,20,22440,买盘
1246,13:41:15,11.21,-0.01,306,343026,卖盘
1247,13:41:12,11.22,--,21,23562,买盘
1248,13:41:09,11.22,--,18,20196,买盘
1249,13:41:06,11.22,--,1,1122,买盘
1250,13:40:57,11.22,0.01,4,4488,买盘
1251,13:40:51,11.21,--,14,15694,卖盘
1252,13:40:48,11.21,-0.01,2,2242,卖盘
1253,13:40:45,11.22,--,4,4488,买盘
1254,13:40:42,11.22,0.01,3,3366,买盘
1255,13:40:39,11.21,-0.01,20,22420,卖盘
1256,13:40:33,11.22,--,10,11220,买盘
1257,13:40:27,11.22,--,4,4488,买盘
1258,13:40:24,11.22,--,3,3366,买盘
1259,13:40:15,11.22,--,20,22440,买盘
1260,13:40:09,11.22,--,3,3366,买盘
1261,13:40:06,11.22,--,20,22440,买盘
1262,13:40:03,11.22,--,1,1122,买盘
1263,13:40:00,11.22,--,6,6732,买盘
1264,13:39:57,11.22,--,1,1122,买盘
1265,13:39:54,11.22,0.01,26,29172,买盘
1266,13:39:51,11.21,-0.01,50,56050,卖盘
1267,13:39:45,11.22,--,1,1122,买盘
1268,13:39:39,11.22,0.01,6,6732,买盘
1269,13:39:33,11.21,--,168,188328,买盘
1270,13:39:27,11.21,--,2,2242,买盘
1271,13:39:24,11.21,--,27,30267,买盘
1272,13:39:18,11.21,--,12,13452,买盘
1273,13:39:15,11.21,--,21,23541,买盘
1274,13:39:09,11.21,--,21,23541,买盘
1275,13:39:06,11.21,--,20,22420,买盘
1276,13:38:57,11.21,--,4,4484,买盘
1277,13:38:51,11.21,--,2,2242,买盘
1278,13:38:48,11.21,--,3,3363,买盘
1279,13:38:45,11.21,-0.01,155,173755,卖盘
1280,13:38:42,11.22,--,3,3366,买盘
1281,13:38:39,11.22,--,1,1122,买盘
1282,13:38:36,11.22,--,120,134640,买盘
1283,13:38:33,11.22,--,15,16830,买盘
1284,13:38:30,11.22,--,6,6732,买盘
1285,13:38:27,11.22,--,1,1122,买盘
1286,13:38:24,11.22,--,43,48246,买盘
1287,13:38:21,11.22,--,12,13464,买盘
1288,13:38:12,11.22,0.01,1,1122,买盘
1289,13:38:09,11.21,-0.01,127,142367,卖盘
1290,13:38:06,11.22,--,4,4488,买盘
1291,13:38:03,11.22,--,33,37026,买盘
1292,13:38:00,11.22,--,1,1122,买盘
1293,13:37:54,11.22,--,1,1122,买盘
1294,13:37:51,11.22,--,3,3366,买盘
1295,13:37:48,11.22,--,15,16830,买盘
1296,13:37:45,11.22,--,2,2244,买盘
1297,13:37:42,11.22,--,13,14586,买盘
1298,13:37:39,11.22,--,24,26928,买盘
1299,13:37:36,11.22,0.01,24,26928,买盘
1300,13:37:33,11.21,-0.01,6,6726,卖盘
1301,13:37:30,11.22,0.01,1,1122,买盘
1302,13:37:27,11.21,-0.01,58,65018,卖盘
1303,13:37:24,11.22,--,1,1122,买盘
1304,13:37:21,11.22,--,17,19074,买盘
1305,13:37:18,11.22,--,6,6732,买盘
1306,13:37:15,11.22,--,1,1122,买盘
1307,13:37:12,11.22,0.01,10,11220,买盘
1308,13:37:09,11.21,-0.01,15,16815,卖盘
1309,13:37:06,11.22,--,32,35904,买盘
1310,13:37:03,11.22,0.01,162,181764,买盘
1311,13:36:57,11.21,-0.01,113,126673,卖盘
1312,13:36:54,11.22,0.01,21,23562,买盘
1313,13:36:51,11.21,-0.01,2,2242,卖盘
1314,13:36:48,11.22,0.01,6,6732,买盘
1315,13:36:45,11.21,-0.01,3,3363,卖盘
1316,13:36:42,11.22,--,2,2244,买盘
1317,13:36:36,11.22,--,1,1122,买盘
1318,13:36:33,11.22,--,3,3366,买盘
1319,13:36:30,11.22,0.01,2,2244,买盘
1320,13:36:27,11.21,-0.01,9,10089,卖盘
1321,13:36:24,11.22,--,6,6732,买盘
1322,13:36:21,11.22,--,14,15708,买盘
1323,13:36:18,11.22,--,2,2244,买盘
1324,13:36:15,11.22,--,38,42636,买盘
1325,13:36:12,11.22,0.01,1,1122,买盘
1326,13:36:09,11.21,--,57,63897,卖盘
1327,13:36:06,11.21,-0.01,19,21299,卖盘
1328,13:36:03,11.22,--,2,2244,买盘
1329,13:36:00,11.22,--,22,24684,买盘
1330,13:35:54,11.22,--,1,1122,买盘
1331,13:35:51,11.22,--,1,1122,买盘
1332,13:35:48,11.22,0.01,2,2244,买盘
1333,13:35:45,11.21,-0.01,28,31388,卖盘
1334,13:35:42,11.22,--,5,5610,买盘
1335,13:35:39,11.22,--,2,2244,买盘
1336,13:35:33,11.22,--,1,1122,买盘
1337,13:35:30,11.22,--,70,78540,买盘
1338,13:35:24,11.22,--,34,38148,买盘
1339,13:35:21,11.22,--,17,19074,买盘
1340,13:35:18,11.22,--,1,1122,买盘
1341,13:35:15,11.22,--,5,5610,买盘
1342,13:35:09,11.22,--,1,1122,买盘
1343,13:35:06,11.22,--,2,2244,买盘
1344,13:35:00,11.22,--,103,115566,买盘
1345,13:34:54,11.22,--,2,2244,买盘
1346,13:34:48,11.22,--,96,107712,买盘
1347,13:34:45,11.22,0.01,4,4488,买盘
1348,13:34:42,11.21,-0.01,1,1121,卖盘
1349,13:34:39,11.22,--,18,20196,买盘
1350,13:34:36,11.22,0.01,6,6732,买盘
1351,13:34:30,11.21,-0.01,2,2242,卖盘
1352,13:34:27,11.22,--,3,3366,买盘
1353,13:34:24,11.22,--,1,1122,买盘
1354,13:34:21,11.22,--,15,16830,买盘
1355,13:34:18,11.22,--,1,1122,买盘
1356,13:34:15,11.22,--,2,2244,买盘
1357,13:34:12,11.22,--,2,2244,买盘
1358,13:34:09,11.22,--,19,21318,买盘
1359,13:34:06,11.22,--,11,12342,买盘
1360,13:34:00,11.22,--,16,17952,买盘
1361,13:33:57,11.22,0.01,2,2244,买盘
1362,13:33:54,11.21,-0.01,12,13452,卖盘
1363,13:33:51,11.22,--,1,1122,买盘
1364,13:33:48,11.22,-0.01,6,6732,卖盘
1365,13:33:45,11.23,--,22,24706,买盘
1366,13:33:42,11.23,--,50,56587,买盘
1367,13:33:39,11.23,--,3,3369,买盘
1368,13:33:36,11.23,--,11,12353,买盘
1369,13:33:30,11.23,--,3,3369,买盘
1370,13:33:27,11.23,0.01,20,23145,买盘
1371,13:33:24,11.22,--,4,4488,买盘
1372,13:33:21,11.22,--,10,11220,买盘
1373,13:33:18,11.22,--,8,8976,买盘
1374,13:33:09,11.22,--,2,2244,买盘
1375,13:33:06,11.22,--,105,118247,卖盘
1376,13:33:00,11.22,-0.01,101,113322,卖盘
1377,13:32:54,11.23,0.01,2,2246,买盘
1378,13:32:51,11.22,-0.01,3,3366,卖盘
1379,13:32:48,11.23,--,1,1123,买盘
1380,13:32:45,11.23,--,1,1123,买盘
1381,13:32:42,11.23,--,3,3369,买盘
1382,13:32:39,11.23,--,7,7861,买盘
1383,13:32:36,11.23,0.01,58,65134,买盘
1384,13:32:30,11.22,--,196,220596,买盘
1385,13:32:27,11.22,--,100,112200,买盘
1386,13:32:24,11.22,--,9,10098,买盘
1387,13:32:21,11.22,--,10,11220,买盘
1388,13:32:18,11.22,0.01,34,38148,买盘
1389,13:32:15,11.21,--,76,85196,卖盘
1390,13:32:12,11.21,-0.01,40,44840,卖盘
1391,13:32:09,11.22,--,4,4488,买盘
1392,13:32:06,11.22,0.01,1,1122,买盘
1393,13:32:03,11.21,-0.01,38,42598,卖盘
1394,13:32:00,11.22,--,21,23562,买盘
1395,13:31:57,11.22,--,11,12342,买盘
1396,13:31:54,11.22,--,13,14586,买盘
1397,13:31:51,11.22,--,44,49368,买盘
1398,13:31:48,11.22,--,21,23562,买盘
1399,13:31:45,11.22,--,45,50490,买盘
1400,13:31:42,11.22,--,7,7854,买盘
1401,13:31:39,11.22,--,15,16830,买盘
1402,13:31:36,11.22,--,13,14586,买盘
1403,13:31:33,11.22,--,94,105468,买盘
1404,13:31:30,11.22,--,1,1122,买盘
1405,13:31:24,11.22,--,4,4488,买盘
1406,13:31:21,11.22,0.01,2,2244,买盘
1407,13:31:18,11.21,-0.01,31,34751,卖盘
1408,13:31:15,11.22,0.01,11,12342,买盘
1409,13:31:12,11.21,-0.01,23,25783,卖盘
1410,13:31:06,11.22,0.01,15,16830,买盘
1411,13:31:03,11.21,-0.01,108,121068,卖盘
1412,13:31:00,11.22,0.01,11,12342,买盘
1413,13:30:57,11.21,--,2,2242,卖盘
1414,13:30:51,11.21,-0.01,3,3363,卖盘
1415,13:30:45,11.22,0.01,74,83028,买盘
1416,13:30:42,11.21,-0.01,10,11210,卖盘
1417,13:30:39,11.22,0.01,122,136884,买盘
1418,13:30:36,11.21,-0.01,32,35872,卖盘
1419,13:30:33,11.22,--,10,11220,买盘
1420,13:30:30,11.22,--,11,12342,买盘
1421,13:30:27,11.22,--,40,44880,买盘
1422,13:30:24,11.22,0.01,75,84150,买盘
1423,13:30:21,11.21,-0.01,2,2242,卖盘
1424,13:30:18,11.22,--,2,2244,买盘
1425,13:30:12,11.22,--,1,1122,买盘
1426,13:30:09,11.22,--,4,4488,买盘
1427,13:30:06,11.22,--,1,1122,买盘
1428,13:30:03,11.22,0.01,2,2244,买盘
1429,13:30:00,11.21,-0.01,3,3363,卖盘
1430,13:29:54,11.22,0.01,1,1122,买盘
1431,13:29:51,11.21,-0.01,13,14573,卖盘
1432,13:29:48,11.22,--,38,42636,买盘
1433,13:29:45,11.22,--,1,1122,买盘
1434,13:29:39,11.22,--,23,25806,买盘
1435,13:29:33,11.22,--,2,2244,买盘
1436,13:29:24,11.22,--,2,2244,买盘
1437,13:29:21,11.22,--,202,226644,买盘
1438,13:29:18,11.22,0.01,3,3366,买盘
1439,13:29:15,11.21,-0.01,131,146851,卖盘
1440,13:29:06,11.22,--,1,1122,买盘
1441,13:29:03,11.22,--,2,2244,买盘
1442,13:28:54,11.22,--,23,25806,买盘
1443,13:28:45,11.22,--,4,4488,买盘
1444,13:28:42,11.22,0.01,3,3366,买盘
1445,13:28:39,11.21,--,11,12331,卖盘
1446,13:28:36,11.21,-0.01,3,3363,卖盘
1447,13:28:33,11.22,--,1,1122,买盘
1448,13:28:30,11.22,--,2,2244,买盘
1449,13:28:24,11.22,0.01,24,26928,买盘
1450,13:28:18,11.21,--,30,33630,买盘
1451,13:28:15,11.21,-0.01,5,5605,中性盘
1452,13:28:09,11.22,0.01,19,21318,买盘
1453,13:28:00,11.21,--,7,7847,买盘
1454,13:27:48,11.21,--,3,3363,买盘
1455,13:27:45,11.21,0.01,13,14573,买盘
1456,13:27:42,11.2,-0.01,1,1120,卖盘
1457,13:27:39,11.21,--,31,34751,买盘
1458,13:27:30,11.21,--,2,2242,买盘
1459,13:27:27,11.21,--,20,22420,买盘
1460,13:27:24,11.21,--,3,3363,买盘
1461,13:27:21,11.21,-0.01,106,118826,卖盘
1462,13:27:15,11.22,--,2,2244,买盘
1463,13:27:12,11.22,--,2,2244,买盘
1464,13:27:06,11.22,0.01,2,2244,买盘
1465,13:27:03,11.21,--,5,5605,买盘
1466,13:27:00,11.21,0.01,5,5605,买盘
1467,13:26:57,11.2,-0.01,5,5600,卖盘
1468,13:26:54,11.21,--,25,28025,买盘
1469,13:26:48,11.21,--,11,12331,买盘
1470,13:26:45,11.21,--,5,5605,买盘
1471,13:26:42,11.21,--,2,2242,买盘
1472,13:26:39,11.21,--,93,104253,买盘
1473,13:26:36,11.21,0.02,12,13452,买盘
1474,13:26:33,11.19,-0.02,45,50355,卖盘
1475,13:26:27,11.21,--,2,2242,买盘
1476,13:26:24,11.21,0.01,22,24662,买盘
1477,13:26:21,11.2,-0.01,58,64959,卖盘
1478,13:26:15,11.21,0.01,3,3363,买盘
1479,13:26:12,11.2,-0.01,6,6720,卖盘
1480,13:26:09,11.21,--,14,15694,买盘
1481,13:26:06,11.21,--,21,23541,买盘
1482,13:26:00,11.21,0.01,11,12331,买盘
1483,13:25:57,11.2,-0.01,1,1120,卖盘
1484,13:25:54,11.21,--,5,5605,买盘
1485,13:25:48,11.21,--,11,12331,买盘
1486,13:25:45,11.21,--,5,5605,买盘
1487,13:25:39,11.21,--,5,5605,买盘
1488,13:25:36,11.21,0.01,90,100890,买盘
1489,13:25:30,11.2,--,200,224000,卖盘
1490,13:25:27,11.2,-0.01,10,11200,卖盘
1491,13:25:24,11.21,--,67,75107,买盘
1492,13:25:18,11.21,--,5,5605,买盘
1493,13:25:15,11.21,--,3,3363,买盘
1494,13:25:09,11.21,--,5,5605,买盘
1495,13:25:06,11.21,--,1,1121,买盘
1496,13:25:03,11.21,--,18,20178,买盘
1497,13:25:00,11.21,--,13,14573,买盘
1498,13:24:57,11.21,--,57,63897,买盘
1499,13:24:54,11.21,--,11,12331,买盘
1500,13:24:51,11.21,0.01,11,12331,买盘
1501,13:24:48,11.2,0.01,524,586880,买盘
1502,13:24:45,11.19,-0.01,74,82806,卖盘
1503,13:24:42,11.2,0.01,13,14559,买盘
1504,13:24:39,11.19,-0.01,20,22380,卖盘
1505,13:24:36,11.2,--,8,8960,买盘
1506,13:24:33,11.2,--,9,10080,买盘
1507,13:24:30,11.2,--,36,40320,买盘
1508,13:24:27,11.2,--,8,8960,买盘
1509,13:24:24,11.2,--,3,3360,买盘
1510,13:24:21,11.2,--,13,14559,买盘
1511,13:24:15,11.2,0.01,3,3360,买盘
1512,13:24:12,11.19,-0.01,20,22380,卖盘
1513,13:24:09,11.2,--,11,12320,买盘
1514,13:24:06,11.2,--,29,32479,买盘
1515,13:24:03,11.2,0.01,16,17920,买盘
1516,13:24:00,11.19,-0.01,14,15666,卖盘
1517,13:23:57,11.2,0.01,21,23520,买盘
1518,13:23:51,11.19,--,32,35808,卖盘
1519,13:23:48,11.19,-0.01,59,66021,卖盘
1520,13:23:45,11.2,--,2,2240,买盘
1521,13:23:42,11.2,--,13,14559,买盘
1522,13:23:39,11.2,--,17,19040,买盘
1523,13:23:36,11.2,0.01,431,482719,买盘
1524,13:23:33,11.19,-0.01,10,11190,卖盘
1525,13:23:30,11.2,--,8,8960,买盘
1526,13:23:27,11.2,--,8,8960,买盘
1527,13:23:24,11.2,0.01,1,1120,买盘
1528,13:23:21,11.19,-0.01,14,15666,卖盘
1529,13:23:18,11.2,--,8,8960,买盘
1530,13:23:15,11.2,0.01,1,1120,买盘
1531,13:23:12,11.19,-0.01,38,42522,卖盘
1532,13:23:09,11.2,0.01,16,17920,买盘
1533,13:23:06,11.19,-0.01,58,64902,卖盘
1534,13:23:03,11.2,--,2,2240,买盘
1535,13:22:48,11.2,--,5,5600,买盘
1536,13:22:45,11.2,--,2,2240,买盘
1537,13:22:42,11.2,0.01,1,1120,买盘
1538,13:22:39,11.19,-0.01,23,25737,卖盘
1539,13:22:33,11.2,--,7,7839,买盘
1540,13:22:30,11.2,--,10,11200,买盘
1541,13:22:27,11.2,--,8,8960,买盘
1542,13:22:24,11.2,--,20,22400,买盘
1543,13:22:18,11.2,--,203,227360,买盘
1544,13:22:15,11.2,--,30,33600,买盘
1545,13:22:12,11.2,--,16,17920,买盘
1546,13:22:06,11.2,--,49,54880,买盘
1547,13:22:03,11.2,0.01,2,2240,买盘
1548,13:21:57,11.19,-0.01,14,15666,卖盘
1549,13:21:54,11.2,0.01,10,11200,买盘
1550,13:21:51,11.19,-0.01,300,335700,卖盘
1551,13:21:48,11.2,--,22,24640,买盘
1552,13:21:45,11.2,--,127,142240,买盘
1553,13:21:42,11.2,0.01,3,3360,买盘
1554,13:21:36,11.19,--,93,104067,卖盘
1555,13:21:30,11.19,0.01,25,27975,买盘
1556,13:21:27,11.18,-0.01,34,38012,卖盘
1557,13:21:24,11.19,--,2,2238,买盘
1558,13:21:15,11.19,0.01,10,11190,买盘
1559,13:21:12,11.18,-0.01,6,6708,卖盘
1560,13:21:06,11.19,--,1,1119,买盘
1561,13:21:03,11.19,--,1,1119,买盘
1562,13:21:00,11.19,0.01,21,23499,买盘
1563,13:20:57,11.18,--,1,1118,卖盘
1564,13:20:54,11.18,-0.02,45,50310,卖盘
1565,13:20:48,11.2,--,3,3360,买盘
1566,13:20:45,11.2,0.01,5,5600,买盘
1567,13:20:42,11.19,-0.01,3,3357,卖盘
1568,13:20:39,11.2,--,6,6720,买盘
1569,13:20:36,11.2,--,3,3360,买盘
1570,13:20:33,11.2,--,16,17920,买盘
1571,13:20:30,11.2,--,53,59359,买盘
1572,13:20:27,11.2,0.02,14,15679,买盘
1573,13:20:24,11.18,--,8,8944,卖盘
1574,13:20:15,11.18,--,5,5590,卖盘
1575,13:20:12,11.18,-0.01,5,5590,卖盘
1576,13:20:09,11.19,--,25,27975,买盘
1577,13:20:06,11.19,0.01,2,2238,买盘
1578,13:20:00,11.18,--,6,6708,卖盘
1579,13:19:57,11.18,-0.02,8,8944,卖盘
1580,13:19:45,11.2,0.02,23,25760,买盘
1581,13:19:42,11.18,--,15,17250,买盘
1582,13:19:39,11.18,-0.01,366,409825,卖盘
1583,13:19:36,11.19,--,19,21261,买盘
1584,13:19:27,11.19,0.01,2,2238,买盘
1585,13:19:24,11.18,-0.01,6,6708,卖盘
1586,13:19:18,11.19,-0.01,3,3357,中性盘
1587,13:19:12,11.2,0.02,46,51520,买盘
1588,13:19:06,11.18,-0.02,7,7826,卖盘
1589,13:18:57,11.2,--,2,2240,买盘
1590,13:18:54,11.2,--,18,20160,买盘
1591,13:18:51,11.2,--,1,1120,买盘
1592,13:18:48,11.2,--,10,11200,买盘
1593,13:18:45,11.2,--,4,4480,买盘
1594,13:18:39,11.2,--,8,8960,买盘
1595,13:18:33,11.2,--,1,1120,买盘
1596,13:18:27,11.2,0.02,49,54880,买盘
1597,13:18:24,11.18,-0.01,8,8944,卖盘
1598,13:18:18,11.19,-0.01,14,15666,卖盘
1599,13:18:15,11.2,0.01,21,23520,买盘
1600,13:18:12,11.19,-0.01,22,24618,卖盘
1601,13:18:09,11.2,0.01,12,13440,买盘
1602,13:18:03,11.19,--,19,21261,买盘
1603,13:17:57,11.19,--,42,46998,买盘
1604,13:17:54,11.19,--,4,4476,买盘
1605,13:17:51,11.19,0.01,9,10071,中性盘
1606,13:17:45,11.18,--,30,33540,卖盘
1607,13:17:42,11.18,-0.01,7,7826,卖盘
1608,13:17:39,11.19,0.01,12,13428,买盘
1609,13:17:36,11.18,-0.01,33,36894,卖盘
1610,13:17:33,11.19,0.01,21,23499,买盘
1611,13:17:27,11.18,-0.01,23,25714,卖盘
1612,13:17:24,11.19,--,50,55950,买盘
1613,13:17:21,11.19,0.01,8,8952,买盘
1614,13:17:18,11.18,--,6,6708,卖盘
1615,13:17:15,11.18,--,6,6708,卖盘
1616,13:17:12,11.18,-0.01,30,33540,卖盘
1617,13:17:09,11.19,--,28,31332,买盘
1618,13:17:06,11.19,--,2,2238,买盘
1619,13:17:03,11.19,--,3,3357,买盘
1620,13:17:00,11.19,-0.01,1,1119,中性盘
1621,13:16:51,11.2,--,17,19040,买盘
1622,13:16:45,11.2,--,4,4480,买盘
1623,13:16:42,11.2,0.01,65,72800,买盘
1624,13:16:39,11.19,--,4,4476,买盘
1625,13:16:36,11.19,--,2,2238,买盘
1626,13:16:33,11.19,--,24,26856,买盘
1627,13:16:24,11.19,0.01,1,1119,买盘
1628,13:16:21,11.18,--,17,19006,卖盘
1629,13:16:18,11.18,--,7,7826,卖盘
1630,13:16:12,11.18,-0.01,10,11180,卖盘
1631,13:16:09,11.19,--,28,31332,买盘
1632,13:16:06,11.19,0.01,4,4476,买盘
1633,13:16:00,11.18,-0.01,8,8944,卖盘
1634,13:15:57,11.19,0.01,17,19023,买盘
1635,13:15:54,11.18,--,18,20124,卖盘
1636,13:15:51,11.18,-0.01,30,33540,卖盘
1637,13:15:48,11.19,--,552,617688,买盘
1638,13:15:45,11.19,--,20,22380,买盘
1639,13:15:42,11.19,--,1,1119,买盘
1640,13:15:39,11.19,--,16,17904,买盘
1641,13:15:33,11.19,0.01,32,35808,买盘
1642,13:15:30,11.18,--,2,2236,卖盘
1643,13:15:24,11.18,-0.01,5,5590,卖盘
1644,13:15:21,11.19,0.01,1,1119,买盘
1645,13:15:18,11.18,-0.01,39,43602,卖盘
1646,13:15:12,11.19,--,14,15666,买盘
1647,13:15:09,11.19,--,10,11190,买盘
1648,13:15:06,11.19,-0.01,196,219324,卖盘
1649,13:15:03,11.2,--,6,6720,买盘
1650,13:14:57,11.2,--,23,25760,买盘
1651,13:14:54,11.2,-0.01,6,6720,卖盘
1652,13:14:48,11.21,0.02,3,3363,买盘
1653,13:14:45,11.19,-0.01,48,53712,卖盘
1654,13:14:39,11.2,--,4,4480,买盘
1655,13:14:36,11.2,--,3,3360,买盘
1656,13:14:33,11.2,-0.01,50,56000,卖盘
1657,13:14:27,11.21,0.01,1,1121,买盘
1658,13:14:21,11.2,-0.01,2,2240,卖盘
1659,13:14:18,11.21,--,1,1121,买盘
1660,13:14:15,11.21,--,2,2242,买盘
1661,13:14:09,11.21,--,8,8968,买盘
1662,13:14:06,11.21,--,4,4484,买盘
1663,13:14:03,11.21,--,1,1121,买盘
1664,13:14:00,11.21,--,2,2242,买盘
1665,13:13:57,11.21,0.01,15,16815,买盘
1666,13:13:48,11.2,-0.01,119,133280,卖盘
1667,13:13:45,11.21,--,6,6726,买盘
1668,13:13:39,11.21,--,2,2242,买盘
1669,13:13:36,11.21,0.01,6,6726,买盘
1670,13:13:33,11.2,-0.01,26,29119,卖盘
1671,13:13:30,11.21,--,3,3363,买盘
1672,13:13:27,11.21,--,11,12331,买盘
1673,13:13:21,11.21,--,10,11210,买盘
1674,13:13:18,11.21,--,93,104253,买盘
1675,13:13:15,11.21,--,3,3363,买盘
1676,13:13:09,11.21,0.01,3,3363,买盘
1677,13:13:06,11.2,--,31,34720,卖盘
1678,13:13:03,11.2,-0.01,111,124319,卖盘
1679,13:13:00,11.21,--,19,21299,买盘
1680,13:12:57,11.21,--,9,10089,买盘
1681,13:12:54,11.21,--,82,91922,卖盘
1682,13:12:48,11.21,--,9,10089,卖盘
1683,13:12:45,11.21,-0.01,6,6726,卖盘
1684,13:12:42,11.22,0.01,2,2244,买盘
1685,13:12:39,11.21,-0.01,15,16815,卖盘
1686,13:12:36,11.22,--,1,1122,买盘
1687,13:12:33,11.22,--,13,14586,买盘
1688,13:12:27,11.22,--,20,22440,买盘
1689,13:12:24,11.22,--,1,1122,买盘
1690,13:12:21,11.22,--,18,20196,买盘
1691,13:12:15,11.22,--,1,1122,买盘
1692,13:12:12,11.22,--,2,2244,买盘
1693,13:12:00,11.22,0.01,16,17952,买盘
1694,13:11:57,11.21,-0.01,4,4484,卖盘
1695,13:11:54,11.22,--,7,7854,买盘
1696,13:11:51,11.22,0.01,10,11220,买盘
1697,13:11:48,11.21,--,10,11210,卖盘
1698,13:11:45,11.21,--,15,16815,卖盘
1699,13:11:42,11.21,--,5,5605,卖盘
1700,13:11:36,11.21,--,4,4484,卖盘
1701,13:11:33,11.21,-0.01,116,130036,卖盘
1702,13:11:30,11.22,--,15,16830,买盘
1703,13:11:24,11.22,--,8,8976,买盘
1704,13:11:21,11.22,--,15,16830,买盘
1705,13:11:18,11.22,--,5,5610,买盘
1706,13:11:15,11.22,--,2,2244,买盘
1707,13:11:09,11.22,--,2,2244,买盘
1708,13:11:06,11.22,--,1,1122,买盘
1709,13:11:03,11.22,--,3,3366,买盘
1710,13:11:00,11.22,--,33,37026,买盘
1711,13:10:57,11.22,--,42,47124,买盘
1712,13:10:54,11.22,--,33,37026,买盘
1713,13:10:51,11.22,--,3,3366,买盘
1714,13:10:48,11.22,--,47,52734,买盘
1715,13:10:45,11.22,--,76,85272,买盘
1716,13:10:39,11.22,0.01,2,2244,买盘
1717,13:10:36,11.21,-0.01,41,45961,卖盘
1718,13:10:33,11.22,--,8,8976,买盘
1719,13:10:24,11.22,--,50,56100,买盘
1720,13:10:21,11.22,--,4,4488,买盘
1721,13:10:18,11.22,--,13,14586,买盘
1722,13:10:12,11.22,--,5,5610,买盘
1723,13:10:09,11.22,--,1,1122,买盘
1724,13:10:06,11.22,--,10,11220,买盘
1725,13:10:03,11.22,--,3,3366,买盘
1726,13:09:57,11.22,-0.01,10,11220,卖盘
1727,13:09:51,11.23,--,2,2246,买盘
1728,13:09:45,11.23,--,6,6738,买盘
1729,13:09:42,11.23,--,23,25829,买盘
1730,13:09:39,11.23,0.01,1,1123,买盘
1731,13:09:36,11.22,--,2,2244,中性盘
1732,13:09:33,11.22,--,4,4488,买盘
1733,13:09:30,11.22,-0.01,41,46002,卖盘
1734,13:09:24,11.23,--,15,16845,买盘
1735,13:09:21,11.23,0.01,34,38182,买盘
1736,13:09:12,11.22,-0.01,10,11220,卖盘
1737,13:09:09,11.23,--,6,6738,买盘
1738,13:09:06,11.23,--,4,4492,买盘
1739,13:09:00,11.23,0.02,17,19091,买盘
1740,13:08:57,11.21,-0.01,1,1121,卖盘
1741,13:08:54,11.22,-0.01,24,26928,卖盘
1742,13:08:51,11.23,--,2,2246,买盘
1743,13:08:45,11.23,0.01,5,5615,买盘
1744,13:08:42,11.22,--,3,3366,买盘
1745,13:08:39,11.22,--,13,14586,买盘
1746,13:08:36,11.22,--,3,3366,中性盘
1747,13:08:33,11.22,-0.01,2,2244,买盘
1748,13:08:24,11.23,--,16,17968,买盘
1749,13:08:18,11.23,--,21,23583,买盘
1750,13:08:06,11.23,--,1,1123,买盘
1751,13:08:03,11.23,--,3,3369,买盘
1752,13:08:00,11.23,0.01,37,41551,买盘
1753,13:07:57,11.22,--,127,142494,买盘
1754,13:07:48,11.22,--,53,59466,买盘
1755,13:07:45,11.22,--,4,4488,买盘
1756,13:07:39,11.22,--,7,7854,买盘
1757,13:07:33,11.22,--,2,2244,买盘
1758,13:07:27,11.22,--,1,1122,买盘
1759,13:07:24,11.22,--,6,6732,买盘
1760,13:07:18,11.22,0.01,5,5610,买盘
1761,13:07:15,11.21,-0.01,2,2242,卖盘
1762,13:07:09,11.22,--,21,23562,买盘
1763,13:07:06,11.22,0.01,15,16830,买盘
1764,13:07:03,11.21,-0.01,8,8968,卖盘
1765,13:07:00,11.22,--,4,4488,买盘
1766,13:06:57,11.22,--,64,71808,买盘
1767,13:06:54,11.22,--,6,6732,买盘
1768,13:06:48,11.22,--,9,10098,买盘
1769,13:06:45,11.22,0.01,7,7854,买盘
1770,13:06:42,11.21,-0.01,5,5605,卖盘
1771,13:06:36,11.22,--,20,22440,买盘
1772,13:06:33,11.22,--,21,23562,买盘
1773,13:06:30,11.22,--,6,6732,买盘
1774,13:06:24,11.22,--,179,200838,买盘
1775,13:06:21,11.22,--,100,112200,买盘
1776,13:06:18,11.22,--,30,33660,买盘
1777,13:06:15,11.22,--,2,2244,买盘
1778,13:06:09,11.22,--,7,7854,买盘
1779,13:06:06,11.22,0.01,7,7854,买盘
1780,13:06:03,11.21,--,2,2242,卖盘
1781,13:06:00,11.21,-0.01,45,50445,卖盘
1782,13:05:45,11.22,--,20,22440,买盘
1783,13:05:42,11.22,0.01,2,2244,买盘
1784,13:05:39,11.21,-0.01,10,11210,卖盘
1785,13:05:36,11.22,--,1,1122,买盘
1786,13:05:27,11.22,--,2,2244,买盘
1787,13:05:24,11.22,--,7,7854,买盘
1788,13:05:15,11.22,--,5,5610,买盘
1789,13:05:12,11.22,0.01,2,2244,买盘
1790,13:05:09,11.21,-0.01,19,21299,卖盘
1791,13:05:03,11.22,--,1,1122,买盘
1792,13:05:00,11.22,0.01,1,1122,买盘
1793,13:04:57,11.21,-0.01,4,4484,卖盘
1794,13:04:51,11.22,--,115,129030,买盘
1795,13:04:45,11.22,--,3,3366,买盘
1796,13:04:42,11.22,--,6,6732,买盘
1797,13:04:30,11.22,0.01,15,16830,买盘
1798,13:04:27,11.21,--,21,24045,买盘
1799,13:04:24,11.21,--,3,3363,买盘
1800,13:04:21,11.21,--,76,85812,卖盘
1801,13:04:18,11.21,--,11,12331,卖盘
1802,13:04:15,11.21,-0.01,13,14573,卖盘
1803,13:04:09,11.22,--,112,125664,买盘
1804,13:04:06,11.22,0.01,1,1122,买盘
1805,13:04:00,11.21,--,14,15694,卖盘
1806,13:03:54,11.21,--,12,13452,卖盘
1807,13:03:51,11.21,-0.01,2,2242,卖盘
1808,13:03:45,11.22,0.01,76,85272,买盘
1809,13:03:42,11.21,-0.01,2,2242,卖盘
1810,13:03:39,11.22,0.01,2,2244,买盘
1811,13:03:36,11.21,-0.01,2,2242,卖盘
1812,13:03:30,11.22,--,18,20196,买盘
1813,13:03:24,11.22,--,2,2244,买盘
1814,13:03:15,11.22,--,25,28050,买盘
1815,13:03:09,11.22,--,2,2244,买盘
1816,13:03:06,11.22,--,242,271524,买盘
1817,13:02:57,11.22,--,23,25806,买盘
1818,13:02:51,11.22,--,2,2244,买盘
1819,13:02:45,11.22,--,48,53856,买盘
1820,13:02:39,11.22,--,5,5610,买盘
1821,13:02:36,11.22,--,2,2244,买盘
1822,13:02:30,11.22,--,14,15708,买盘
1823,13:02:27,11.22,--,6,6732,买盘
1824,13:02:24,11.22,--,1,1122,买盘
1825,13:02:21,11.22,0.01,2,2244,买盘
1826,13:02:18,11.21,-0.01,22,25693,卖盘
1827,13:02:12,11.22,--,67,75174,买盘
1828,13:02:06,11.22,--,2,2244,买盘
1829,13:02:03,11.22,--,384,430848,买盘
1830,13:02:00,11.22,0.01,4,4488,买盘
1831,13:01:57,11.21,-0.01,1,1121,卖盘
1832,13:01:51,11.22,--,2,2244,买盘
1833,13:01:45,11.22,--,1,1122,买盘
1834,13:01:39,11.22,0.01,150,168300,买盘
1835,13:01:36,11.21,-0.01,18,20178,卖盘
1836,13:01:33,11.22,--,47,52734,买盘
1837,13:01:30,11.22,--,4,4488,买盘
1838,13:01:24,11.22,0.01,1,1122,买盘
1839,13:01:21,11.21,-0.01,2,2242,卖盘
1840,13:01:18,11.22,0.01,37,41514,买盘
1841,13:01:09,11.21,-0.01,23,25783,卖盘
1842,13:01:03,11.22,--,2,2244,买盘
1843,13:01:00,11.22,--,1,1122,买盘
1844,13:00:57,11.22,--,1,1122,买盘
1845,13:00:54,11.22,--,23,25806,买盘
1846,13:00:48,11.22,--,2,2244,买盘
1847,13:00:45,11.22,--,1,1122,买盘
1848,13:00:39,11.22,--,1,1122,买盘
1849,13:00:33,11.22,0.01,3,3366,买盘
1850,13:00:30,11.21,-0.01,1,1121,卖盘
1851,13:00:24,11.22,--,26,29172,买盘
1852,13:00:21,11.22,--,25,28050,买盘
1853,13:00:18,11.22,--,2,2244,买盘
1854,13:00:09,11.22,--,38,42636,买盘
1855,13:00:06,11.22,-0.01,64,71808,卖盘
1856,13:00:03,11.23,--,683,767009,买盘
1857,13:00:00,11.23,--,3,3369,买盘
1858,11:30:00,11.23,--,4,4492,买盘
1859,11:29:54,11.23,--,4,4492,买盘
1860,11:29:51,11.23,--,14,15722,买盘
1861,11:29:48,11.23,--,10,11230,买盘
1862,11:29:45,11.23,--,1,1123,买盘
1863,11:29:42,11.23,0.01,5,5615,买盘
1864,11:29:39,11.22,-0.01,9,10098,卖盘
1865,11:29:36,11.23,--,6,6738,买盘
1866,11:29:33,11.23,--,2,2246,买盘
1867,11:29:27,11.23,--,52,58396,买盘
1868,11:29:24,11.23,--,38,42674,买盘
1869,11:29:18,11.23,--,3,3369,买盘
1870,11:29:15,11.23,--,8,8984,买盘
1871,11:29:12,11.23,--,1,1123,买盘
1872,11:29:09,11.23,--,42,47166,买盘
1873,11:29:06,11.23,--,7,7861,买盘
1874,11:29:03,11.23,0.01,4,4492,买盘
1875,11:29:00,11.22,-0.01,1,1122,卖盘
1876,11:28:57,11.23,--,6,6738,买盘
1877,11:28:54,11.23,0.01,1,1123,买盘
1878,11:28:51,11.22,-0.01,27,30294,卖盘
1879,11:28:48,11.23,--,2,2246,买盘
1880,11:28:45,11.23,--,22,24706,买盘
1881,11:28:42,11.23,--,10,11230,买盘
1882,11:28:39,11.23,--,10,11230,买盘
1883,11:28:36,11.23,--,10,11230,买盘
1884,11:28:33,11.23,--,15,16845,买盘
1885,11:28:30,11.23,--,17,19091,买盘
1886,11:28:21,11.23,0.01,16,17968,买盘
1887,11:28:18,11.22,-0.01,8,8976,卖盘
1888,11:28:15,11.23,--,2,2246,买盘
1889,11:28:12,11.23,--,1,1123,买盘
1890,11:28:09,11.23,0.01,1,1123,买盘
1891,11:28:06,11.22,--,939,1053558,买盘
1892,11:28:03,11.22,--,1,1122,买盘
1893,11:28:00,11.22,--,2,2244,买盘
1894,11:27:57,11.22,--,2,2244,买盘
1895,11:27:48,11.22,--,3,3366,买盘
1896,11:27:45,11.22,--,42,47124,买盘
1897,11:27:39,11.22,--,15,16830,买盘
1898,11:27:36,11.22,--,5,5610,买盘
1899,11:27:27,11.22,--,4,4488,买盘
1900,11:27:24,11.22,--,1,1122,买盘
1901,11:27:21,11.22,0.01,27,30294,买盘
1902,11:27:15,11.21,--,129,145203,买盘
1903,11:27:12,11.21,--,3,3363,买盘
1904,11:27:06,11.21,--,2,2242,买盘
1905,11:27:03,11.21,--,1,1121,买盘
1906,11:27:00,11.21,--,16,17936,买盘
1907,11:26:57,11.21,--,4,4484,买盘
1908,11:26:54,11.21,0.01,1,1121,买盘
1909,11:26:51,11.2,-0.01,5,5600,卖盘
1910,11:26:45,11.21,--,1,1121,买盘
1911,11:26:42,11.21,--,17,19057,买盘
1912,11:26:39,11.21,0.01,5,5605,买盘
1913,11:26:36,11.2,-0.01,3,3360,卖盘
1914,11:26:33,11.21,--,1,1121,买盘
1915,11:26:30,11.21,--,25,28025,买盘
1916,11:26:27,11.21,--,1,1121,买盘
1917,11:26:24,11.21,--,36,40356,买盘
1918,11:26:21,11.21,--,2,2242,买盘
1919,11:26:18,11.21,--,24,26904,买盘
1920,11:26:12,11.21,--,1,1121,买盘
1921,11:26:09,11.21,--,2,2242,买盘
1922,11:26:00,11.21,--,9,10089,买盘
1923,11:25:57,11.21,--,1,1121,买盘
1924,11:25:54,11.21,--,4,4484,买盘
1925,11:25:51,11.21,0.01,1,1121,买盘
1926,11:25:48,11.2,-0.01,2,2240,卖盘
1927,11:25:45,11.21,--,1,1121,买盘
1928,11:25:42,11.21,--,1,1121,买盘
1929,11:25:39,11.21,--,410,459610,买盘
1930,11:25:36,11.21,0.01,6,6726,买盘
1931,11:25:30,11.2,-0.01,19,21280,卖盘
1932,11:25:27,11.21,--,18,20178,买盘
1933,11:25:24,11.21,--,8,8968,买盘
1934,11:25:21,11.21,--,2,2242,买盘
1935,11:25:18,11.21,--,1,1121,买盘
1936,11:25:15,11.21,--,6,6726,买盘
1937,11:25:12,11.21,--,18,20178,买盘
1938,11:25:09,11.21,--,1,1121,买盘
1939,11:25:06,11.21,--,44,49324,买盘
1940,11:25:03,11.21,--,22,24662,买盘
1941,11:25:00,11.21,--,20,22420,买盘
1942,11:24:57,11.21,--,1,1121,买盘
1943,11:24:54,11.21,--,3,3363,买盘
1944,11:24:51,11.21,0.01,3,3363,买盘
1945,11:24:48,11.2,-0.01,8,8960,卖盘
1946,11:24:33,11.21,--,8,8968,买盘
1947,11:24:30,11.21,--,24,26904,买盘
1948,11:24:24,11.21,--,2,2242,买盘
1949,11:24:18,11.21,--,2,2242,买盘
1950,11:24:15,11.21,--,21,23541,买盘
1951,11:24:12,11.21,--,1,1121,买盘
1952,11:24:09,11.21,0.01,1,1121,买盘
1953,11:24:03,11.2,-0.01,3,3360,中性盘
1954,11:24:00,11.21,--,1,1121,买盘
1955,11:23:57,11.21,0.01,12,13452,买盘
1956,11:23:54,11.2,--,2,2240,买盘
1957,11:23:48,11.2,--,3,3360,买盘
1958,11:23:45,11.2,--,7,7839,买盘
1959,11:23:42,11.2,--,10,11200,买盘
1960,11:23:39,11.2,0.01,37,41440,买盘
1961,11:23:36,11.19,-0.01,26,29094,卖盘
1962,11:23:30,11.2,0.01,2,2240,买盘
1963,11:23:27,11.19,-0.01,20,22380,卖盘
1964,11:23:24,11.2,--,6,6720,买盘
1965,11:23:21,11.2,--,4,4480,买盘
1966,11:23:18,11.2,--,119,133280,买盘
1967,11:23:15,11.2,--,2,2240,买盘
1968,11:23:06,11.2,--,40,44800,买盘
1969,11:23:03,11.2,--,2,2240,买盘
1970,11:23:00,11.2,--,2,2240,买盘
1971,11:22:54,11.2,--,31,34720,买盘
1972,11:22:51,11.2,0.02,1,1120,买盘
1973,11:22:48,11.18,-0.01,345,385710,卖盘
1974,11:22:45,11.19,--,1,1119,买盘
1975,11:22:42,11.19,--,2,2238,买盘
1976,11:22:39,11.19,--,6,6714,买盘
1977,11:22:36,11.19,-0.01,21,23499,卖盘
1978,11:22:30,11.2,--,8,8960,买盘
1979,11:22:27,11.2,--,2,2240,买盘
1980,11:22:21,11.2,--,1,1120,买盘
1981,11:22:18,11.2,--,4,4480,买盘
1982,11:22:12,11.2,--,2,2240,买盘
1983,11:22:09,11.2,--,2,2240,买盘
1984,11:22:06,11.2,0.02,95,106400,买盘
1985,11:22:03,11.18,-0.01,13,14534,卖盘
1986,11:22:00,11.19,0.01,34,38046,买盘
1987,11:21:57,11.18,-0.01,12,13416,卖盘
1988,11:21:54,11.19,--,2,2238,买盘
1989,11:21:45,11.19,--,2,2238,买盘
1990,11:21:39,11.19,--,60,67140,买盘
1991,11:21:33,11.19,--,1,1119,买盘
1992,11:21:27,11.19,--,6,6714,买盘
1993,11:21:24,11.19,--,7,7833,买盘
1994,11:21:21,11.19,--,8,8952,买盘
1995,11:21:18,11.19,--,4,4476,买盘
1996,11:21:15,11.19,0.01,6,6714,买盘
1997,11:21:12,11.18,-0.01,69,77142,卖盘
1998,11:21:09,11.19,--,38,42522,买盘
1999,11:21:06,11.19,--,11,12309,买盘
2000,11:21:03,11.19,--,1,1119,买盘
2001,11:21:00,11.19,--,99,110781,买盘
2002,11:20:57,11.19,--,14,15666,买盘
2003,11:20:54,11.19,0.01,11,12309,买盘
2004,11:20:51,11.18,-0.01,2,2236,卖盘
2005,11:20:48,11.19,0.01,8,8952,买盘
2006,11:20:45,11.18,-0.01,24,26832,卖盘
2007,11:20:42,11.19,0.01,2,2238,买盘
2008,11:20:39,11.18,-0.01,19,21242,卖盘
2009,11:20:36,11.19,--,9,10071,买盘
2010,11:20:33,11.19,--,16,17904,买盘
2011,11:20:30,11.19,--,1,1119,买盘
2012,11:20:27,11.19,--,57,63783,买盘
2013,11:20:24,11.19,--,19,21261,买盘
2014,11:20:21,11.19,--,22,24618,买盘
2015,11:20:18,11.19,-0.01,19,21261,卖盘
2016,11:20:12,11.2,--,4,4480,买盘
2017,11:20:09,11.2,--,23,25760,买盘
2018,11:20:06,11.2,--,10,11200,买盘
2019,11:20:03,11.2,--,1,1120,买盘
2020,11:20:00,11.2,--,17,19040,买盘
2021,11:19:57,11.2,--,2,2240,买盘
2022,11:19:54,11.2,--,33,36960,买盘
2023,11:19:51,11.2,--,12,13440,买盘
2024,11:19:48,11.2,--,1,1120,买盘
2025,11:19:45,11.2,0.01,1,1120,买盘
2026,11:19:42,11.19,-0.01,2,2238,卖盘
2027,11:19:39,11.2,--,2,2240,买盘
2028,11:19:33,11.2,0.01,2,2240,买盘
2029,11:19:30,11.19,-0.01,41,45879,卖盘
2030,11:19:27,11.2,--,5,5600,买盘
2031,11:19:24,11.2,0.01,45,50400,买盘
2032,11:19:21,11.19,--,15,16785,买盘
2033,11:19:18,11.19,--,2,2238,买盘
2034,11:19:15,11.19,--,197,220443,卖盘
2035,11:19:12,11.19,-0.01,20,22380,卖盘
2036,11:19:09,11.2,--,1,1120,买盘
2037,11:19:06,11.2,--,1,1120,买盘
2038,11:19:03,11.2,0.01,80,89600,买盘
2039,11:19:00,11.19,--,1,1119,买盘
2040,11:18:57,11.19,--,9,10071,买盘
2041,11:18:54,11.19,--,3,3357,买盘
2042,11:18:45,11.19,0.01,14,15666,中性盘
2043,11:18:39,11.18,-0.02,13,14534,卖盘
2044,11:18:36,11.2,--,23,25760,买盘
2045,11:18:33,11.2,0.01,34,38080,买盘
2046,11:18:30,11.19,-0.01,1,1119,买盘
2047,11:18:27,11.2,0.01,19,21280,买盘
2048,11:18:24,11.19,--,30,33570,买盘
2049,11:18:21,11.19,--,11,12309,买盘
2050,11:18:15,11.19,--,3,3357,买盘
2051,11:18:12,11.19,--,7,7833,买盘
2052,11:18:09,11.19,-0.01,4,4476,中性盘
2053,11:18:03,11.2,0.01,4,4480,买盘
2054,11:18:00,11.19,--,7,7833,买盘
2055,11:17:54,11.19,-0.01,139,155541,卖盘
2056,11:17:51,11.2,--,87,97440,买盘
2057,11:17:48,11.2,--,1,1120,买盘
2058,11:17:45,11.2,--,104,116479,买盘
2059,11:17:42,11.2,--,80,89600,买盘
2060,11:17:39,11.2,--,23,25760,买盘
2061,11:17:33,11.2,--,5,5600,买盘
2062,11:17:30,11.2,--,2,2240,买盘
2063,11:17:27,11.2,--,196,220046,卖盘
2064,11:17:24,11.2,--,40,44800,卖盘
2065,11:17:21,11.2,-0.01,15,16800,卖盘
2066,11:17:18,11.21,--,3,3363,买盘
2067,11:17:15,11.21,--,6,6726,买盘
2068,11:17:12,11.21,--,24,26904,买盘
2069,11:17:09,11.21,--,22,24662,买盘
2070,11:17:06,11.21,--,138,154698,买盘
2071,11:17:03,11.21,0.01,17,19057,买盘
2072,11:17:00,11.2,-0.01,11,12320,卖盘
2073,11:16:57,11.21,--,7,7847,买盘
2074,11:16:54,11.21,0.01,6,6726,买盘
2075,11:16:51,11.2,-0.01,14,15679,卖盘
2076,11:16:48,11.21,--,1,1121,买盘
2077,11:16:45,11.21,--,9,10089,买盘
2078,11:16:42,11.21,--,32,35872,买盘
2079,11:16:39,11.21,--,2,2242,买盘
2080,11:16:36,11.21,--,1,1121,买盘
2081,11:16:33,11.21,0.01,3,3363,买盘
2082,11:16:30,11.2,--,14,15679,卖盘
2083,11:16:27,11.2,-0.01,10,11200,卖盘
2084,11:16:24,11.21,--,52,58292,买盘
2085,11:16:21,11.21,0.01,12,13452,买盘
2086,11:16:15,11.2,-0.01,23,25760,卖盘
2087,11:16:12,11.21,--,6,6726,买盘
2088,11:16:09,11.21,--,3,3363,买盘
2089,11:16:03,11.21,--,280,313880,买盘
2090,11:16:00,11.21,--,1,1121,买盘
2091,11:15:54,11.21,0.01,6,6726,买盘
2092,11:15:51,11.2,--,11,12320,卖盘
2093,11:15:48,11.2,-0.01,6,6720,卖盘
2094,11:15:45,11.21,--,9,10089,买盘
2095,11:15:42,11.21,0.01,60,67854,买盘
2096,11:15:39,11.2,--,1,1120,买盘
2097,11:15:36,11.2,0.01,15,16800,买盘
2098,11:15:33,11.19,-0.01,2,2238,卖盘
2099,11:15:30,11.2,--,3,3360,买盘
2100,11:15:24,11.2,--,2,2240,买盘
2101,11:15:21,11.2,--,2,2240,买盘
2102,11:15:18,11.2,--,1,1120,买盘
2103,11:15:12,11.2,--,1,1120,买盘
2104,11:15:09,11.2,0.01,2,2240,买盘
2105,11:15:06,11.19,-0.01,3,3357,卖盘
2106,11:15:03,11.2,--,24,26880,买盘
2107,11:14:57,11.2,0.01,53,59359,买盘
2108,11:14:51,11.19,-0.01,20,22380,卖盘
2109,11:14:48,11.2,--,3,3360,买盘
2110,11:14:45,11.2,0.01,11,12320,买盘
2111,11:14:42,11.19,-0.01,19,21261,卖盘
2112,11:14:39,11.2,--,1,1120,买盘
2113,11:14:36,11.2,--,1,1120,买盘
2114,11:14:33,11.2,-0.01,299,334880,卖盘
2115,11:14:30,11.21,--,3,3363,买盘
2116,11:14:24,11.21,--,6,6726,买盘
2117,11:14:18,11.21,0.01,13,14573,买盘
2118,11:14:15,11.2,--,26,29119,卖盘
2119,11:14:12,11.2,-0.01,3,3360,卖盘
2120,11:14:09,11.21,--,3,3363,买盘
2121,11:14:03,11.21,0.02,171,191691,买盘
2122,11:13:57,11.19,-0.01,15,16785,卖盘
2123,11:13:54,11.2,--,18,20160,买盘
2124,11:13:51,11.2,--,24,26880,买盘
2125,11:13:48,11.2,--,16,17920,买盘
2126,11:13:45,11.2,--,13,14559,买盘
2127,11:13:42,11.2,--,4,4480,买盘
2128,11:13:39,11.2,--,3,3360,买盘
2129,11:13:33,11.2,--,3,3360,买盘
2130,11:13:30,11.2,--,24,26880,买盘
2131,11:13:27,11.2,--,33,36960,买盘
2132,11:13:24,11.2,--,1,1120,买盘
2133,11:13:21,11.2,--,140,156800,买盘
2134,11:13:18,11.2,--,4,4480,买盘
2135,11:13:15,11.2,0.01,2,2240,买盘
2136,11:13:12,11.19,-0.01,2,2238,卖盘
2137,11:13:09,11.2,--,16,17920,买盘
2138,11:13:06,11.2,--,64,71680,买盘
2139,11:13:03,11.2,0.01,54,60479,买盘
2140,11:13:00,11.19,-0.01,19,21261,卖盘
2141,11:12:57,11.2,--,1,1120,买盘
2142,11:12:54,11.2,--,24,26880,买盘
2143,11:12:48,11.2,--,1,1120,买盘
2144,11:12:45,11.2,--,19,21280,买盘
2145,11:12:42,11.2,--,2,2240,买盘
2146,11:12:39,11.2,--,17,19040,买盘
2147,11:12:36,11.2,--,90,100800,买盘
2148,11:12:30,11.2,--,1,1120,买盘
2149,11:12:27,11.2,--,39,43680,买盘
2150,11:12:24,11.2,--,1,1120,买盘
2151,11:12:21,11.2,--,22,24640,买盘
2152,11:12:15,11.2,--,48,53760,买盘
2153,11:12:12,11.2,--,3,3360,买盘
2154,11:12:09,11.2,--,1,1120,买盘
2155,11:12:03,11.2,--,114,127679,买盘
2156,11:12:00,11.2,--,20,22400,买盘
2157,11:11:57,11.2,--,2,2240,买盘
2158,11:11:54,11.2,--,20,22400,买盘
2159,11:11:51,11.2,--,17,19040,买盘
2160,11:11:48,11.2,--,1,1120,买盘
2161,11:11:45,11.2,--,1,1120,买盘
2162,11:11:42,11.2,--,3,3360,买盘
2163,11:11:39,11.2,--,3,3360,买盘
2164,11:11:30,11.2,0.01,19,21280,买盘
2165,11:11:27,11.19,--,15,16785,买盘
2166,11:11:24,11.19,--,13,14547,买盘
2167,11:11:21,11.19,0.01,3,3357,买盘
2168,11:11:18,11.18,-0.01,5,6070,卖盘
2169,11:11:15,11.19,0.01,5,5595,买盘
2170,11:11:12,11.18,-0.02,5,5590,卖盘
2171,11:11:09,11.2,--,2,2240,买盘
2172,11:11:06,11.2,0.01,1,1120,买盘
2173,11:11:03,11.19,--,4,4476,买盘
2174,11:11:00,11.19,--,20,22380,买盘
2175,11:10:54,11.19,--,6,6714,买盘
2176,11:10:51,11.19,--,11,12309,买盘
2177,11:10:48,11.19,--,22,24618,买盘
2178,11:10:45,11.19,--,2,2238,买盘
2179,11:10:42,11.19,--,16,17904,买盘
2180,11:10:36,11.19,0.01,5,5595,买盘
2181,11:10:30,11.18,-0.01,148,165464,卖盘
2182,11:10:24,11.19,--,4,4476,买盘
2183,11:10:21,11.19,--,2,2238,买盘
2184,11:10:15,11.19,0.02,3,3357,买盘
2185,11:10:12,11.17,-0.02,23,25691,卖盘
2186,11:10:09,11.19,--,6,6714,买盘
2187,11:10:06,11.19,--,14,15666,买盘
2188,11:10:03,11.19,0.01,24,26856,买盘
2189,11:10:00,11.18,--,1,1118,买盘
2190,11:09:57,11.18,--,23,25714,买盘
2191,11:09:54,11.18,--,24,26832,买盘
2192,11:09:51,11.18,--,13,14534,买盘
2193,11:09:48,11.18,--,35,39130,买盘
2194,11:09:45,11.18,--,1,1118,买盘
2195,11:09:42,11.18,0.01,124,138632,买盘
2196,11:09:39,11.17,-0.01,20,22340,卖盘
2197,11:09:33,11.18,0.01,5,5590,买盘
2198,11:09:30,11.17,-0.01,42,46914,卖盘
2199,11:09:27,11.18,--,1,1118,买盘
2200,11:09:24,11.18,--,19,21242,买盘
2201,11:09:18,11.18,--,9,10062,买盘
2202,11:09:09,11.18,--,1,1118,买盘
2203,11:09:06,11.18,0.01,98,109564,买盘
2204,11:09:03,11.17,--,3,3351,买盘
2205,11:09:00,11.17,--,1,1117,买盘
2206,11:08:54,11.17,0.01,2,2234,买盘
2207,11:08:48,11.16,--,735,820260,卖盘
2208,11:08:45,11.16,-0.01,31,34596,卖盘
2209,11:08:42,11.17,--,4,4468,买盘
2210,11:08:39,11.17,0.01,196,218932,买盘
2211,11:08:36,11.16,-0.01,1,1116,卖盘
2212,11:08:30,11.17,0.01,155,173179,买盘
2213,11:08:27,11.16,-0.01,18,20088,卖盘
2214,11:08:24,11.17,0.01,2,2234,买盘
2215,11:08:21,11.16,-0.01,16,17856,卖盘
2216,11:08:15,11.17,0.01,2,2234,买盘
2217,11:08:12,11.16,-0.01,29,32364,卖盘
2218,11:08:09,11.17,--,45,50265,买盘
2219,11:08:06,11.17,--,3,3351,买盘
2220,11:08:03,11.17,--,4,4468,买盘
2221,11:08:00,11.17,--,2,2234,买盘
2222,11:07:57,11.17,--,12,13404,买盘
2223,11:07:54,11.17,0.01,13,14521,买盘
2224,11:07:51,11.16,-0.01,1,1116,卖盘
2225,11:07:45,11.17,--,22,24574,买盘
2226,11:07:42,11.17,--,32,35744,买盘
2227,11:07:39,11.17,--,35,39095,买盘
2228,11:07:36,11.17,--,1,1117,买盘
2229,11:07:33,11.17,--,10,11170,买盘
2230,11:07:30,11.17,--,1,1117,买盘
2231,11:07:27,11.17,--,3,3351,买盘
2232,11:07:24,11.17,--,6,6702,买盘
2233,11:07:21,11.17,--,123,137391,买盘
2234,11:07:18,11.17,--,4,4468,买盘
2235,11:07:15,11.17,--,2,2234,买盘
2236,11:07:12,11.17,--,2,2234,买盘
2237,11:07:09,11.17,--,1,1117,买盘
2238,11:07:06,11.17,--,64,71488,买盘
2239,11:07:03,11.17,--,5,5585,买盘
2240,11:07:00,11.17,--,1,1117,买盘
2241,11:06:57,11.17,--,2,2234,买盘
2242,11:06:54,11.17,--,13,14521,买盘
2243,11:06:51,11.17,--,73,81541,买盘
2244,11:06:48,11.17,--,7,7819,买盘
2245,11:06:45,11.17,--,1,1117,买盘
2246,11:06:42,11.17,--,1,1117,买盘
2247,11:06:39,11.17,0.01,22,24574,买盘
2248,11:06:33,11.16,--,33,36828,卖盘
2249,11:06:30,11.16,-0.01,221,246636,卖盘
2250,11:06:27,11.17,--,91,101647,买盘
2251,11:06:24,11.17,--,68,75956,买盘
2252,11:06:21,11.17,0.01,17,18989,买盘
2253,11:06:18,11.16,-0.01,11,12276,卖盘
2254,11:06:15,11.17,--,183,204411,买盘
2255,11:06:12,11.17,--,80,89360,买盘
2256,11:06:09,11.17,--,9,10053,买盘
2257,11:06:06,11.17,--,43,48031,买盘
2258,11:06:03,11.17,--,9,10053,买盘
2259,11:06:00,11.17,--,19,21223,买盘
2260,11:05:57,11.17,--,101,112817,买盘
2261,11:05:54,11.17,--,19,21223,买盘
2262,11:05:51,11.17,--,39,43563,买盘
2263,11:05:45,11.17,--,1,1117,买盘
2264,11:05:42,11.17,--,36,40212,买盘
2265,11:05:39,11.17,--,1,1117,买盘
2266,11:05:36,11.17,--,12,13404,买盘
2267,11:05:33,11.17,--,24,26808,买盘
2268,11:05:30,11.17,--,1,1117,买盘
2269,11:05:27,11.17,-0.01,383,427811,卖盘
2270,11:05:24,11.18,--,2,2236,买盘
2271,11:05:21,11.18,--,42,46956,买盘
2272,11:05:18,11.18,--,3,3354,买盘
2273,11:05:15,11.18,0.01,1,1118,买盘
2274,11:05:12,11.17,-0.01,22,24574,卖盘
2275,11:05:09,11.18,--,19,21242,买盘
2276,11:05:06,11.18,--,24,26832,买盘
2277,11:05:03,11.18,--,2,2236,买盘
2278,11:05:00,11.18,--,1,1118,买盘
2279,11:04:57,11.18,--,25,27950,买盘
2280,11:04:54,11.18,--,18,20124,买盘
2281,11:04:51,11.18,--,22,24596,买盘
2282,11:04:48,11.18,--,39,43602,买盘
2283,11:04:45,11.18,--,1,1118,买盘
2284,11:04:42,11.18,--,1,1118,买盘
2285,11:04:39,11.18,0.01,109,121862,买盘
2286,11:04:36,11.17,-0.01,150,167550,卖盘
2287,11:04:33,11.18,0.01,43,48074,买盘
2288,11:04:30,11.17,-0.01,31,34627,卖盘
2289,11:04:27,11.18,--,1,1118,买盘
2290,11:04:24,11.18,0.01,1,1118,中性盘
2291,11:04:18,11.17,-0.02,103,115051,卖盘
2292,11:04:09,11.19,--,15,16785,买盘
2293,11:04:06,11.19,0.01,10,11190,买盘
2294,11:04:03,11.18,--,12,13416,卖盘
2295,11:04:00,11.18,--,11,12298,买盘
2296,11:03:57,11.18,-0.01,92,102856,卖盘
2297,11:03:54,11.19,--,20,22380,买盘
2298,11:03:51,11.19,--,42,46998,买盘
2299,11:03:48,11.19,--,17,19023,买盘
2300,11:03:45,11.19,--,2,2238,买盘
2301,11:03:42,11.19,--,80,89520,买盘
2302,11:03:39,11.19,0.02,5,5595,买盘
2303,11:03:30,11.17,-0.02,112,125104,卖盘
2304,11:03:27,11.19,--,25,27975,买盘
2305,11:03:24,11.19,0.02,4,4476,买盘
2306,11:03:18,11.17,--,22,24574,卖盘
2307,11:03:15,11.17,-0.02,9,10053,卖盘
2308,11:03:09,11.19,0.01,16,17904,买盘
2309,11:03:06,11.18,--,13,14534,买盘
2310,11:03:03,11.18,--,18,20124,买盘
2311,11:03:00,11.18,0.01,1,1118,买盘
2312,11:02:57,11.17,-0.01,52,58084,卖盘
2313,11:02:54,11.18,--,68,76024,买盘
2314,11:02:51,11.18,--,18,20124,买盘
2315,11:02:48,11.18,--,7,7826,买盘
2316,11:02:45,11.18,--,1,1118,买盘
2317,11:02:42,11.18,--,12,13416,买盘
2318,11:02:39,11.18,--,6,6708,买盘
2319,11:02:30,11.18,-0.01,60,67080,卖盘
2320,11:02:27,11.19,--,3,3357,买盘
2321,11:02:24,11.19,0.01,1,1119,买盘
2322,11:02:21,11.18,--,37,41366,卖盘
2323,11:02:18,11.18,-0.01,81,90558,卖盘
2324,11:02:12,11.19,--,18,20142,买盘
2325,11:02:06,11.19,--,3,3357,买盘
2326,11:02:03,11.19,--,52,58188,买盘
2327,11:02:00,11.19,--,1,1119,买盘
2328,11:01:54,11.19,0.02,115,128685,买盘
2329,11:01:51,11.17,--,1,1117,卖盘
2330,11:01:48,11.17,-0.01,100,111700,卖盘
2331,11:01:45,11.18,0.01,12,13416,买盘
2332,11:01:42,11.17,-0.01,1,1117,卖盘
2333,11:01:39,11.18,0.01,87,97266,买盘
2334,11:01:36,11.17,--,11,12287,卖盘
2335,11:01:33,11.17,--,1,1117,卖盘
2336,11:01:30,11.17,-0.01,4,4468,卖盘
2337,11:01:27,11.18,--,1,1118,买盘
2338,11:01:24,11.18,0.01,3,3354,买盘
2339,11:01:21,11.17,-0.01,1,1117,卖盘
2340,11:01:18,11.18,--,469,524342,卖盘
2341,11:01:15,11.18,--,23,25714,卖盘
2342,11:01:12,11.18,-0.01,4,4472,卖盘
2343,11:01:09,11.19,--,3,3357,买盘
2344,11:01:06,11.19,--,20,22380,买盘
2345,11:01:03,11.19,--,3,3357,买盘
2346,11:01:00,11.19,--,3,3357,买盘
2347,11:00:57,11.19,-0.01,131,146589,卖盘
2348,11:00:54,11.2,0.01,4,4480,买盘
2349,11:00:51,11.19,--,9,10071,卖盘
2350,11:00:48,11.19,-0.01,11,12309,卖盘
2351,11:00:45,11.2,0.01,7,7839,买盘
2352,11:00:42,11.19,--,2,2238,卖盘
2353,11:00:39,11.19,-0.01,5,5595,卖盘
2354,11:00:36,11.2,0.01,9,10080,买盘
2355,11:00:33,11.19,-0.01,32,35808,卖盘
2356,11:00:30,11.2,--,2,2240,买盘
2357,11:00:27,11.2,--,102,114240,买盘
2358,11:00:24,11.2,--,23,25760,买盘
2359,11:00:21,11.2,--,3,3360,买盘
2360,11:00:18,11.2,0.01,33,36960,买盘
2361,11:00:15,11.19,--,1,1119,卖盘
2362,11:00:12,11.19,-0.01,1,1119,卖盘
2363,11:00:09,11.2,--,15,16800,买盘
2364,11:00:06,11.2,0.01,6,6720,买盘
2365,11:00:03,11.19,-0.01,1,1119,卖盘
2366,11:00:00,11.2,--,2,2240,买盘
2367,10:59:57,11.2,--,1,1120,买盘
2368,10:59:54,11.2,--,3,3360,买盘
2369,10:59:51,11.2,--,11,12320,买盘
2370,10:59:48,11.2,--,17,19040,买盘
2371,10:59:45,11.2,0.01,9,10080,买盘
2372,10:59:42,11.19,-0.01,1,1119,卖盘
2373,10:59:39,11.2,--,31,34720,买盘
2374,10:59:36,11.2,0.01,1,1120,买盘
2375,10:59:33,11.19,--,21,23499,卖盘
2376,10:59:30,11.19,--,10,11190,卖盘
2377,10:59:27,11.19,-0.01,25,27975,卖盘
2378,10:59:24,11.2,0.01,10,11200,买盘
2379,10:59:21,11.19,-0.01,16,17904,卖盘
2380,10:59:18,11.2,0.01,2,2240,买盘
2381,10:59:15,11.19,-0.01,6,6714,卖盘
2382,10:59:12,11.2,0.01,1,1120,买盘
2383,10:59:09,11.19,-0.01,38,42522,卖盘
2384,10:59:06,11.2,--,4,4480,买盘
2385,10:59:03,11.2,--,24,26880,买盘
2386,10:59:00,11.2,0.01,3,3360,买盘
2387,10:58:57,11.19,-0.01,1,1119,卖盘
2388,10:58:54,11.2,--,2,2240,买盘
2389,10:58:51,11.2,0.01,20,22400,买盘
2390,10:58:48,11.19,-0.01,4,4476,卖盘
2391,10:58:45,11.2,0.01,10,11200,买盘
2392,10:58:42,11.19,-0.01,33,36927,中性盘
2393,10:58:39,11.2,--,2,2240,买盘
2394,10:58:33,11.2,0.01,23,25760,买盘
2395,10:58:30,11.19,0.01,20,22380,买盘
2396,10:58:27,11.18,-0.01,101,112918,卖盘
2397,10:58:24,11.19,0.01,4,4476,买盘
2398,10:58:21,11.18,--,1,1118,卖盘
2399,10:58:18,11.18,-0.01,39,43602,卖盘
2400,10:58:15,11.19,0.01,30,33570,买盘
2401,10:58:12,11.18,-0.01,1,1118,卖盘
2402,10:58:09,11.19,--,2,2238,买盘
2403,10:58:06,11.19,0.01,5,5595,买盘
2404,10:58:03,11.18,-0.01,22,24596,卖盘
2405,10:58:00,11.19,--,22,24618,买盘
2406,10:57:57,11.19,--,22,24618,买盘
2407,10:57:54,11.19,0.01,12,13428,买盘
2408,10:57:51,11.18,-0.01,4,4472,卖盘
2409,10:57:48,11.19,--,11,12309,买盘
2410,10:57:45,11.19,--,1,1119,买盘
2411,10:57:42,11.19,0.01,34,38046,买盘
2412,10:57:39,11.18,-0.01,6,6708,卖盘
2413,10:57:36,11.19,--,7,7833,买盘
2414,10:57:33,11.19,--,3,3357,卖盘
2415,10:57:30,11.19,-0.01,1,1119,卖盘
2416,10:57:27,11.2,--,5,5600,买盘
2417,10:57:24,11.2,0.01,9,10080,买盘
2418,10:57:21,11.19,-0.01,1,1119,卖盘
2419,10:57:18,11.2,--,19,21280,买盘
2420,10:57:12,11.2,--,19,21280,买盘
2421,10:57:09,11.2,--,2,2240,买盘
2422,10:57:06,11.2,--,3,3360,买盘
2423,10:57:03,11.2,--,29,32479,买盘
2424,10:57:00,11.2,0.01,32,35840,买盘
2425,10:56:57,11.19,-0.01,1,1119,卖盘
2426,10:56:54,11.2,0.01,26,29119,买盘
2427,10:56:51,11.19,-0.01,21,23499,卖盘
2428,10:56:45,11.2,--,8,8960,买盘
2429,10:56:39,11.2,0.01,3,3360,买盘
2430,10:56:30,11.19,-0.01,5,5595,卖盘
2431,10:56:27,11.2,--,3,3360,买盘
2432,10:56:24,11.2,--,23,25760,买盘
2433,10:56:21,11.2,0.02,3,3360,买盘
2434,10:56:15,11.18,-0.01,19,21242,卖盘
2435,10:56:09,11.19,--,2,2238,买盘
2436,10:56:06,11.19,--,22,24618,买盘
2437,10:56:03,11.19,--,2,2238,买盘
2438,10:56:00,11.19,0.01,1,1119,买盘
2439,10:55:57,11.18,-0.02,6,6708,卖盘
2440,10:55:54,11.2,--,1,1120,买盘
2441,10:55:51,11.2,--,22,24640,买盘
2442,10:55:48,11.2,--,8,8960,买盘
2443,10:55:45,11.2,--,51,57120,买盘
2444,10:55:42,11.2,0.01,1,1120,买盘
2445,10:55:39,11.19,0.01,26,29094,买盘
2446,10:55:36,11.18,-0.01,3,3354,卖盘
2447,10:55:33,11.19,--,10,11190,买盘
2448,10:55:27,11.19,--,2,2238,买盘
2449,10:55:24,11.19,--,47,52593,买盘
2450,10:55:21,11.19,0.01,3,3357,买盘
2451,10:55:18,11.18,--,4,4472,卖盘
2452,10:55:12,11.18,-0.02,1,1118,卖盘
2453,10:55:09,11.2,0.01,22,24640,买盘
2454,10:55:06,11.19,--,3,3357,买盘
2455,10:55:03,11.19,--,3,3357,买盘
2456,10:55:00,11.19,0.01,34,38046,买盘
2457,10:54:57,11.18,--,17,19006,买盘
2458,10:54:54,11.18,0.01,38,42484,买盘
2459,10:54:51,11.17,-0.01,19,21223,卖盘
2460,10:54:48,11.18,--,2,2236,买盘
2461,10:54:45,11.18,--,28,31304,买盘
2462,10:54:39,11.18,--,19,21242,买盘
2463,10:54:36,11.18,--,5,5590,买盘
2464,10:54:33,11.18,--,2,2236,买盘
2465,10:54:27,11.18,--,2,2236,买盘
2466,10:54:24,11.18,--,12,13416,买盘
2467,10:54:21,11.18,--,9,10062,买盘
2468,10:54:18,11.18,--,37,41366,买盘
2469,10:54:15,11.18,--,17,19006,买盘
2470,10:54:09,11.18,--,40,44720,买盘
2471,10:54:06,11.18,--,23,25714,买盘
2472,10:54:03,11.18,0.01,23,25714,买盘
2473,10:54:00,11.17,-0.01,22,24574,买盘
2474,10:53:57,11.18,--,14,15652,买盘
2475,10:53:54,11.18,0.01,3,3354,买盘
2476,10:53:51,11.17,--,29,32393,卖盘
2477,10:53:48,11.17,--,9,10053,卖盘
2478,10:53:45,11.17,-0.01,23,25691,卖盘
2479,10:53:42,11.18,--,63,70434,买盘
2480,10:53:39,11.18,--,1,1118,买盘
2481,10:53:33,11.18,0.01,16,17888,买盘
2482,10:53:30,11.17,--,70,78190,买盘
2483,10:53:27,11.17,-0.01,122,136274,卖盘
2484,10:53:24,11.18,--,2,2236,买盘
2485,10:53:21,11.18,0.01,1,1118,买盘
2486,10:53:15,11.17,-0.01,13,14521,卖盘
2487,10:53:09,11.18,0.01,42,46956,买盘
2488,10:53:06,11.17,-0.02,10,11170,卖盘
2489,10:53:03,11.19,--,7,7833,买盘
2490,10:53:00,11.19,--,25,27975,买盘
2491,10:52:57,11.19,0.01,2,2238,买盘
2492,10:52:54,11.18,--,84,93912,买盘
2493,10:52:51,11.18,--,2,2236,买盘
2494,10:52:48,11.18,--,13,14534,买盘
2495,10:52:42,11.18,--,2,2236,买盘
2496,10:52:39,11.18,--,11,12298,买盘
2497,10:52:36,11.18,--,16,17888,买盘
2498,10:52:33,11.18,--,21,23478,买盘
2499,10:52:27,11.18,-0.02,3,3354,中性盘
2500,10:52:24,11.2,0.01,522,584640,买盘
2501,10:52:21,11.19,0.01,73,81687,卖盘
2502,10:52:18,11.18,-0.01,23,25714,卖盘
2503,10:52:15,11.19,--,6,6714,买盘
2504,10:52:12,11.19,--,5,5595,买盘
2505,10:52:09,11.19,--,1,1119,买盘
2506,10:52:06,11.19,--,16,17904,买盘
2507,10:52:03,11.19,--,22,24618,买盘
2508,10:52:00,11.19,0.01,50,55950,买盘
2509,10:51:57,11.18,-0.01,19,21242,卖盘
2510,10:51:54,11.19,--,35,39165,买盘
2511,10:51:51,11.19,--,10,11190,买盘
2512,10:51:48,11.19,--,2,2238,买盘
2513,10:51:45,11.19,--,47,52593,买盘
2514,10:51:42,11.19,--,9,10071,买盘
2515,10:51:39,11.19,0.01,26,29094,买盘
2516,10:51:36,11.18,0.01,28,31304,买盘
2517,10:51:33,11.17,-0.01,173,193241,卖盘
2518,10:51:30,11.18,--,23,25714,买盘
2519,10:51:27,11.18,--,10,11180,买盘
2520,10:51:24,11.18,-0.01,47,52546,卖盘
2521,10:51:18,11.19,--,24,26856,买盘
2522,10:51:15,11.19,--,8,8952,买盘
2523,10:51:12,11.19,0.01,26,29094,买盘
2524,10:51:09,11.18,--,18,20124,买盘
2525,10:51:06,11.18,--,3,3354,买盘
2526,10:51:03,11.18,--,2,2236,买盘
2527,10:51:00,11.18,0.01,22,24596,买盘
2528,10:50:57,11.17,--,3,3351,买盘
2529,10:50:54,11.17,--,18,20106,买盘
2530,10:50:51,11.17,--,6,6702,买盘
2531,10:50:48,11.17,--,19,21223,买盘
2532,10:50:45,11.17,--,9,10053,买盘
2533,10:50:42,11.17,0.01,20,22340,买盘
2534,10:50:39,11.16,--,19,21204,买盘
2535,10:50:36,11.16,-0.01,22,24552,卖盘
2536,10:50:33,11.17,--,68,75956,买盘
2537,10:50:27,11.17,--,7,7819,买盘
2538,10:50:24,11.17,--,24,26808,买盘
2539,10:50:21,11.17,--,97,108349,买盘
2540,10:50:18,11.17,--,24,26808,买盘
2541,10:50:15,11.17,0.01,26,29042,买盘
2542,10:50:03,11.16,--,9,10044,卖盘
2543,10:50:00,11.16,--,165,184140,卖盘
2544,10:49:57,11.16,-0.01,22,24552,卖盘
2545,10:49:54,11.17,0.01,14,15638,买盘
2546,10:49:51,11.16,-0.01,90,100440,卖盘
2547,10:49:48,11.17,--,4,4468,买盘
2548,10:49:45,11.17,-0.01,627,700883,卖盘
2549,10:49:42,11.18,0.01,1,1118,中性盘
2550,10:49:36,11.17,-0.01,60,67020,卖盘
2551,10:49:33,11.18,-0.01,8,8944,卖盘
2552,10:49:27,11.19,0.01,19,21261,买盘
2553,10:49:24,11.18,-0.01,24,26832,卖盘
2554,10:49:18,11.19,0.01,39,43641,买盘
2555,10:49:12,11.18,-0.01,67,74906,卖盘
2556,10:49:09,11.19,--,1,1119,买盘
2557,10:49:03,11.19,0.01,23,25737,买盘
2558,10:49:00,11.18,-0.01,65,72670,卖盘
2559,10:48:57,11.19,0.01,1,1119,买盘
2560,10:48:54,11.18,-0.01,28,31304,卖盘
2561,10:48:51,11.19,0.01,2,2238,买盘
2562,10:48:48,11.18,-0.01,610,681980,卖盘
2563,10:48:45,11.19,--,158,176802,买盘
2564,10:48:42,11.19,0.01,36,40284,买盘
2565,10:48:36,11.18,-0.01,1,1118,卖盘
2566,10:48:33,11.19,--,128,143232,买盘
2567,10:48:30,11.19,--,2,2238,买盘
2568,10:48:27,11.19,--,11,12309,买盘
2569,10:48:24,11.19,0.01,3,3357,买盘
2570,10:48:21,11.18,-0.01,5,5590,卖盘
2571,10:48:18,11.19,-0.01,82,91758,卖盘
2572,10:48:15,11.2,--,22,24640,买盘
2573,10:48:12,11.2,0.01,6,6720,买盘
2574,10:48:09,11.19,--,25,27975,卖盘
2575,10:48:06,11.19,-0.01,4,4476,卖盘
2576,10:48:03,11.2,--,1,1120,买盘
2577,10:48:00,11.2,0.01,6,6720,买盘
2578,10:47:57,11.19,-0.01,106,118614,卖盘
2579,10:47:48,11.2,--,31,34720,买盘
2580,10:47:45,11.2,-0.01,16,17920,中性盘
2581,10:47:42,11.21,--,32,35872,买盘
2582,10:47:39,11.21,--,7,7847,买盘
2583,10:47:30,11.21,--,11,12331,买盘
2584,10:47:27,11.21,--,3,3363,买盘
2585,10:47:24,11.21,0.02,1,1121,买盘
2586,10:47:21,11.19,--,20,22380,卖盘
2587,10:47:18,11.19,--,10,11190,卖盘
2588,10:47:15,11.19,-0.01,100,111900,卖盘
2589,10:47:12,11.2,--,3,3360,买盘
2590,10:47:09,11.2,--,10,11200,买盘
2591,10:47:06,11.2,--,84,94080,买盘
2592,10:47:03,11.2,--,1,1120,买盘
2593,10:47:00,11.2,--,2,2240,买盘
2594,10:46:54,11.2,--,4,4480,买盘
2595,10:46:48,11.2,--,10,11200,买盘
2596,10:46:45,11.2,--,52,58239,买盘
2597,10:46:39,11.2,0.01,2,2240,买盘
2598,10:46:36,11.19,-0.01,20,22380,卖盘
2599,10:46:33,11.2,0.01,1,1120,买盘
2600,10:46:30,11.19,--,176,196944,买盘
2601,10:46:27,11.19,--,1,1119,买盘
2602,10:46:24,11.19,0.01,26,29094,买盘
2603,10:46:21,11.18,-0.01,31,34658,卖盘
2604,10:46:12,11.19,--,201,224919,买盘
2605,10:46:09,11.19,--,15,16785,买盘
2606,10:46:06,11.19,--,18,20142,买盘
2607,10:46:03,11.19,--,21,23499,买盘
2608,10:46:00,11.19,--,2,2238,买盘
2609,10:45:57,11.19,0.01,8,8952,买盘
2610,10:45:54,11.18,-0.01,78,87204,卖盘
2611,10:45:51,11.19,--,2,2238,买盘
2612,10:45:48,11.19,--,1,1119,买盘
2613,10:45:45,11.19,0.01,96,107424,买盘
2614,10:45:42,11.18,-0.01,3,3354,卖盘
2615,10:45:39,11.19,--,20,22380,买盘
2616,10:45:36,11.19,--,16,17904,买盘
2617,10:45:33,11.19,--,30,33570,买盘
2618,10:45:30,11.19,--,12,13428,买盘
2619,10:45:27,11.19,--,5,5595,买盘
2620,10:45:24,11.19,--,20,22380,买盘
2621,10:45:21,11.19,--,2,2238,买盘
2622,10:45:15,11.19,0.01,57,63783,买盘
2623,10:45:09,11.18,-0.01,25,27950,卖盘
2624,10:45:03,11.19,--,4,4476,买盘
2625,10:45:00,11.19,--,27,30213,买盘
2626,10:44:54,11.19,0.01,1,1119,买盘
2627,10:44:51,11.18,-0.01,19,21242,卖盘
2628,10:44:48,11.19,--,32,35808,买盘
2629,10:44:45,11.19,0.01,18,20142,买盘
2630,10:44:42,11.18,-0.01,5,5590,卖盘
2631,10:44:39,11.19,0.01,3,3357,买盘
2632,10:44:33,11.18,-0.01,29,32422,卖盘
2633,10:44:27,11.19,--,9,10071,买盘
2634,10:44:24,11.19,--,2,2238,买盘
2635,10:44:21,11.19,--,11,12309,买盘
2636,10:44:18,11.19,0.01,157,175683,买盘
2637,10:44:15,11.18,-0.01,55,61490,卖盘
2638,10:44:12,11.19,--,17,19023,买盘
2639,10:44:09,11.19,--,28,31332,买盘
2640,10:44:06,11.19,0.01,33,36927,买盘
2641,10:44:03,11.18,--,11,12298,卖盘
2642,10:44:00,11.18,-0.01,180,201240,卖盘
2643,10:43:54,11.19,--,21,23499,买盘
2644,10:43:51,11.19,0.02,45,50355,买盘
2645,10:43:48,11.17,-0.01,31,34627,卖盘
2646,10:43:45,11.18,-0.01,192,214656,买盘
2647,10:43:39,11.19,0.01,3,3357,买盘
2648,10:43:30,11.18,-0.01,430,480740,卖盘
2649,10:43:24,11.19,0.01,3,3357,买盘
2650,10:43:21,11.18,--,143,159874,买盘
2651,10:43:18,11.18,--,10,11180,买盘
2652,10:43:12,11.18,--,2,2236,买盘
2653,10:43:09,11.18,--,5,5590,买盘
2654,10:43:03,11.18,-0.01,170,190060,卖盘
2655,10:43:00,11.19,0.01,241,269679,买盘
2656,10:42:57,11.18,--,32,35776,卖盘
2657,10:42:54,11.18,--,3,3354,卖盘
2658,10:42:48,11.18,-0.01,69,77142,卖盘
2659,10:42:42,11.19,--,3,3357,买盘
2660,10:42:39,11.19,0.01,91,101829,买盘
2661,10:42:33,11.18,--,8,8944,买盘
2662,10:42:30,11.18,--,4,4472,买盘
2663,10:42:27,11.18,0.01,5,5590,买盘
2664,10:42:24,11.17,--,62,69254,卖盘
2665,10:42:21,11.17,-0.01,125,139625,卖盘
2666,10:42:15,11.18,0.01,10,11180,卖盘
2667,10:42:12,11.17,-0.01,1465,1636997,卖盘
2668,10:42:09,11.18,--,269,300742,买盘
2669,10:42:06,11.18,-0.01,118,132449,卖盘
2670,10:42:03,11.19,0.02,26,29687,买盘
2671,10:42:00,11.17,-0.01,3,3351,卖盘
2672,10:41:57,11.18,--,32,35776,买盘
2673,10:41:54,11.18,--,28,31304,买盘
2674,10:41:51,11.18,--,108,120744,买盘
2675,10:41:48,11.18,--,63,70434,买盘
2676,10:41:45,11.18,--,52,58136,买盘
2677,10:41:42,11.18,--,8,8944,买盘
2678,10:41:39,11.18,--,14,15652,买盘
2679,10:41:36,11.18,-0.01,238,266609,卖盘
2680,10:41:33,11.19,0.01,104,116376,买盘
2681,10:41:27,11.18,-0.01,5,5590,卖盘
2682,10:41:24,11.19,0.01,98,109662,买盘
2683,10:41:21,11.18,--,110,122980,卖盘
2684,10:41:18,11.18,--,359,401362,卖盘
2685,10:41:15,11.18,--,41,45838,卖盘
2686,10:41:12,11.18,-0.01,100,111800,卖盘
2687,10:41:09,11.19,0.01,11,12309,买盘
2688,10:41:06,11.18,-0.01,29,32422,卖盘
2689,10:41:03,11.19,--,1,1119,买盘
2690,10:41:00,11.19,-0.01,294,328986,卖盘
2691,10:40:57,11.2,--,10,11200,买盘
2692,10:40:54,11.2,0.01,50,56000,买盘
2693,10:40:51,11.19,--,1161,1299159,卖盘
2694,10:40:48,11.19,-0.01,1,1119,卖盘
2695,10:40:45,11.2,--,121,135520,买盘
2696,10:40:42,11.2,--,7,7839,买盘
2697,10:40:39,11.2,--,23,25760,买盘
2698,10:40:36,11.2,0.01,2,2240,买盘
2699,10:40:33,11.19,-0.01,10,11190,卖盘
2700,10:40:30,11.2,--,6,6720,买盘
2701,10:40:24,11.2,--,560,627200,卖盘
2702,10:40:21,11.2,--,38,42560,卖盘
2703,10:40:15,11.2,-0.01,625,700000,卖盘
2704,10:40:09,11.21,-0.01,1427,1599667,卖盘
2705,10:40:03,11.22,--,27,30294,买盘
2706,10:40:00,11.22,0.01,4,4488,买盘
2707,10:39:57,11.21,-0.01,87,97527,卖盘
2708,10:39:51,11.22,--,40,44880,买盘
2709,10:39:48,11.22,--,2,2244,买盘
2710,10:39:45,11.22,--,1,1122,买盘
2711,10:39:42,11.22,--,7,7854,买盘
2712,10:39:36,11.22,0.01,69,77418,买盘
2713,10:39:33,11.21,-0.01,61,68381,卖盘
2714,10:39:27,11.22,--,20,22440,买盘
2715,10:39:24,11.22,--,2,2244,买盘
2716,10:39:18,11.22,--,1,1122,买盘
2717,10:39:15,11.22,--,2,2244,买盘
2718,10:39:12,11.22,--,1,1122,买盘
2719,10:39:06,11.22,-0.01,54,60588,卖盘
2720,10:39:03,11.23,0.01,1,1123,买盘
2721,10:39:00,11.22,-0.01,31,34782,卖盘
2722,10:38:57,11.23,--,15,16845,买盘
2723,10:38:54,11.23,0.01,6,6738,买盘
2724,10:38:51,11.22,--,11,12342,卖盘
2725,10:38:48,11.22,-0.01,8,8976,卖盘
2726,10:38:45,11.23,0.01,17,19091,买盘
2727,10:38:42,11.22,--,6,6732,卖盘
2728,10:38:30,11.22,--,4,4488,卖盘
2729,10:38:27,11.22,-0.01,32,35904,卖盘
2730,10:38:24,11.23,0.01,2,2246,买盘
2731,10:38:15,11.22,--,12,13464,卖盘
2732,10:38:12,11.22,-0.01,227,254694,卖盘
2733,10:38:06,11.23,--,19,21337,买盘
2734,10:38:03,11.23,0.01,1,1123,买盘
2735,10:38:00,11.22,--,10,11220,卖盘
2736,10:37:57,11.22,--,18,20196,卖盘
2737,10:37:51,11.22,--,1,1122,卖盘
2738,10:37:48,11.22,-0.01,4,4488,卖盘
2739,10:37:45,11.23,--,6,6738,买盘
2740,10:37:42,11.23,--,11,12353,买盘
2741,10:37:39,11.23,--,5,5615,买盘
2742,10:37:36,11.23,0.01,1,1123,买盘
2743,10:37:33,11.22,--,22,24684,卖盘
2744,10:37:30,11.22,-0.01,55,61710,卖盘
2745,10:37:27,11.23,--,99,111177,买盘
2746,10:37:24,11.23,--,23,25829,买盘
2747,10:37:21,11.23,0.02,4,4492,买盘
2748,10:37:12,11.21,-0.02,1,1121,卖盘
2749,10:37:09,11.23,--,4,4492,买盘
2750,10:37:06,11.23,0.01,102,114546,买盘
2751,10:37:03,11.22,--,1,1122,买盘
2752,10:37:00,11.22,--,11,12342,买盘
2753,10:36:54,11.22,--,2,2244,买盘
2754,10:36:45,11.22,--,1,1122,买盘
2755,10:36:42,11.22,--,4,4488,买盘
2756,10:36:39,11.22,--,16,17952,买盘
2757,10:36:33,11.22,--,10,11220,买盘
2758,10:36:24,11.22,--,5,5610,买盘
2759,10:36:18,11.22,--,1,1122,买盘
2760,10:36:15,11.22,0.01,1,1122,买盘
2761,10:36:12,11.21,-0.01,27,30267,卖盘
2762,10:36:06,11.22,--,2,2244,买盘
2763,10:36:03,11.22,--,1,1122,买盘
2764,10:36:00,11.22,0.01,12,13464,买盘
2765,10:35:57,11.21,-0.01,49,54929,卖盘
2766,10:35:54,11.22,--,91,102102,买盘
2767,10:35:51,11.22,--,5,5610,买盘
2768,10:35:48,11.22,--,19,21318,买盘
2769,10:35:45,11.22,--,6,6732,买盘
2770,10:35:42,11.22,--,53,59466,买盘
2771,10:35:36,11.22,-0.01,12,13464,卖盘
2772,10:35:33,11.23,--,1,1123,买盘
2773,10:35:30,11.23,--,16,17968,买盘
2774,10:35:24,11.23,--,9,10107,买盘
2775,10:35:21,11.23,--,1,1123,买盘
2776,10:35:18,11.23,0.02,2,2246,买盘
2777,10:35:15,11.21,-0.01,134,150214,卖盘
2778,10:35:09,11.22,0.01,18,20196,买盘
2779,10:35:06,11.21,-0.02,1207,1353047,卖盘
2780,10:35:03,11.23,--,3,3369,买盘
2781,10:35:00,11.23,0.01,12,13476,买盘
2782,10:34:57,11.22,-0.01,4,4488,卖盘
2783,10:34:51,11.23,0.01,5,5615,买盘
2784,10:34:48,11.22,--,163,182886,卖盘
2785,10:34:45,11.22,-0.01,21,23562,卖盘
2786,10:34:42,11.23,--,13,14599,买盘
2787,10:34:36,11.23,--,15,16845,买盘
2788,10:34:33,11.23,--,2,2246,买盘
2789,10:34:30,11.23,0.01,72,80856,买盘
2790,10:34:24,11.22,0.01,371,416262,买盘
2791,10:34:21,11.21,-0.01,21,23541,卖盘
2792,10:34:15,11.22,0.01,3,3366,买盘
2793,10:34:12,11.21,-0.01,10,11210,卖盘
2794,10:34:06,11.22,0.01,16,17952,买盘
2795,10:34:03,11.21,-0.01,34,38114,卖盘
2796,10:34:00,11.22,--,230,258060,买盘
2797,10:33:54,11.22,0.01,1,1122,买盘
2798,10:33:51,11.21,-0.01,69,77349,卖盘
2799,10:33:48,11.22,--,10,11220,买盘
2800,10:33:45,11.22,--,3,3366,买盘
2801,10:33:39,11.22,-0.01,393,440946,卖盘
2802,10:33:36,11.23,0.01,13,14599,买盘
2803,10:33:33,11.22,-0.01,492,552024,卖盘
2804,10:33:30,11.23,--,19,21337,买盘
2805,10:33:27,11.23,0.01,3,3369,买盘
2806,10:33:24,11.22,--,12,13464,卖盘
2807,10:33:21,11.22,--,21,23562,卖盘
2808,10:33:18,11.22,-0.01,10,11220,卖盘
2809,10:33:15,11.23,--,1,1123,买盘
2810,10:33:12,11.23,--,102,114546,买盘
2811,10:33:09,11.23,--,1,1123,买盘
2812,10:33:06,11.23,--,17,19091,买盘
2813,10:33:03,11.23,--,33,37059,买盘
2814,10:33:00,11.23,--,92,103316,买盘
2815,10:32:57,11.23,0.01,33,37059,中性盘
2816,10:32:45,11.22,-0.01,20,22440,卖盘
2817,10:32:42,11.23,0.01,9,10107,买盘
2818,10:32:36,11.22,--,1,1122,卖盘
2819,10:32:27,11.22,--,221,247962,卖盘
2820,10:32:24,11.22,-0.02,61,68442,卖盘
2821,10:32:21,11.24,0.01,1,1124,买盘
2822,10:32:18,11.23,-0.01,45,50535,卖盘
2823,10:32:15,11.24,--,15,16860,买盘
2824,10:32:12,11.24,--,10,11240,买盘
2825,10:32:09,11.24,--,57,64068,买盘
2826,10:32:03,11.24,--,198,222552,卖盘
2827,10:32:00,11.24,--,403,452972,卖盘
2828,10:31:57,11.24,-0.01,37,41588,卖盘
2829,10:31:54,11.25,0.01,32,36000,买盘
2830,10:31:51,11.24,--,352,395648,卖盘
2831,10:31:48,11.24,-0.01,10,11240,卖盘
2832,10:31:45,11.25,0.01,4,4500,买盘
2833,10:31:42,11.24,--,973,1093652,买盘
2834,10:31:39,11.24,--,9,10116,买盘
2835,10:31:36,11.24,--,179,201196,买盘
2836,10:31:33,11.24,0.01,31,34844,买盘
2837,10:31:27,11.23,-0.01,46,51658,卖盘
2838,10:31:24,11.24,--,1,1124,买盘
2839,10:31:21,11.24,--,3,3372,买盘
2840,10:31:18,11.24,0.01,14,15736,中性盘
2841,10:31:12,11.23,-0.02,1148,1289204,卖盘
2842,10:31:06,11.25,--,37,41625,买盘
2843,10:31:03,11.25,--,20,22500,买盘
2844,10:30:57,11.25,--,463,520875,买盘
2845,10:30:54,11.25,0.01,71,79875,买盘
2846,10:30:51,11.24,-0.01,3,3372,卖盘
2847,10:30:45,11.25,0.01,4,4500,买盘
2848,10:30:42,11.24,-0.01,26,29224,卖盘
2849,10:30:39,11.25,--,24,27000,买盘
2850,10:30:36,11.25,--,3,3375,买盘
2851,10:30:30,11.25,0.01,116,130500,买盘
2852,10:30:21,11.24,-0.01,22,24728,卖盘
2853,10:30:18,11.25,0.01,2,2250,买盘
2854,10:30:15,11.24,--,29,32596,卖盘
2855,10:30:12,11.24,--,90,101160,卖盘
2856,10:30:09,11.24,--,59,66316,卖盘
2857,10:30:06,11.24,-0.01,65,73060,卖盘
2858,10:30:03,11.25,0.01,3,3375,买盘
2859,10:30:00,11.24,0.01,31,34844,买盘
2860,10:29:54,11.23,-0.02,200,224600,卖盘
2861,10:29:51,11.25,0.01,16,18000,买盘
2862,10:29:48,11.24,--,12,13488,买盘
2863,10:29:45,11.24,--,21,23604,买盘
2864,10:29:42,11.24,0.01,1,1124,买盘
2865,10:29:39,11.23,-0.01,18,20214,卖盘
2866,10:29:33,11.24,--,2,2248,买盘
2867,10:29:30,11.24,--,2,2248,买盘
2868,10:29:27,11.24,-0.01,6,6744,卖盘
2869,10:29:24,11.25,0.02,1,1125,买盘
2870,10:29:21,11.23,--,130,145990,卖盘
2871,10:29:18,11.23,-0.01,3,3369,卖盘
2872,10:29:15,11.24,-0.01,6,6744,卖盘
2873,10:29:12,11.25,--,4,4500,买盘
2874,10:29:09,11.25,0.01,18,20250,买盘
2875,10:29:06,11.24,--,41,46084,买盘
2876,10:29:03,11.24,--,30,33720,买盘
2877,10:29:00,11.24,--,7,7868,买盘
2878,10:28:57,11.24,-0.01,40,44960,卖盘
2879,10:28:54,11.25,--,9,10125,买盘
2880,10:28:45,11.25,--,25,28125,买盘
2881,10:28:42,11.25,0.01,13,14625,买盘
2882,10:28:39,11.24,--,127,142748,卖盘
2883,10:28:36,11.24,--,474,532776,买盘
2884,10:28:30,11.24,--,17,19108,买盘
