,time,price,change,volume,amount,type
0,15:00:03,11.22,--,2628,2948616,买盘
1,14:57:00,11.22,--,3,3366,买盘
2,14:56:57,11.22,--,8,8976,买盘
3,14:56:54,11.22,--,60,67320,买盘
4,14:56:51,11.22,0.01,70,78540,买盘
5,14:56:48,11.21,--,45,50445,卖盘
6,14:56:45,11.21,--,28,31388,卖盘
7,14:56:42,11.21,--,53,59413,卖盘
8,14:56:39,11.21,--,186,208506,卖盘
9,14:56:36,11.21,--,30,33630,卖盘
10,14:56:33,11.21,--,26,29146,卖盘
11,14:56:30,11.21,--,8,8968,卖盘
12,14:56:27,11.21,--,1,1121,卖盘
13,14:56:24,11.21,--,10,11210,卖盘
14,14:56:21,11.21,--,6,6726,买盘
15,14:56:18,11.21,--,111,124431,买盘
16,14:56:15,11.21,--,48,53808,买盘
17,14:56:12,11.21,-0.01,226,253346,卖盘
18,14:56:09,11.22,0.01,17,19074,买盘
19,14:56:06,11.21,0.01,8,8968,卖盘
20,14:56:03,11.2,--,7,7839,卖盘
21,14:56:00,11.2,-0.01,150,168000,卖盘
22,14:55:57,11.21,-0.01,545,610945,卖盘
23,14:55:54,11.22,--,14,15708,买盘
24,14:55:51,11.22,0.01,49,54978,买盘
25,14:55:48,11.21,--,21,23541,卖盘
26,14:55:45,11.21,--,15,16815,卖盘
27,14:55:42,11.21,--,105,117705,卖盘
28,14:55:39,11.21,--,82,91922,卖盘
29,14:55:36,11.21,--,1,1121,卖盘
30,14:55:33,11.21,-0.01,32,35872,卖盘
31,14:55:30,11.22,0.01,241,270402,买盘
32,14:55:27,11.21,--,10,11210,卖盘
33,14:55:24,11.21,-0.01,10,11210,卖盘
34,14:55:21,11.22,0.01,79,88638,买盘
35,14:55:18,11.21,0.01,328,367688,买盘
36,14:55:12,11.2,-0.01,1009,1130080,卖盘
37,14:55:09,11.21,--,10,11210,买盘
38,14:55:06,11.21,0.01,92,103132,买盘
39,14:55:03,11.2,-0.01,1,1120,卖盘
40,14:55:00,11.21,--,82,91922,买盘
41,14:54:57,11.21,--,21,23541,买盘
42,14:54:54,11.21,--,17,19057,买盘
43,14:54:51,11.21,--,1,1121,买盘
44,14:54:45,11.21,0.01,50,56050,买盘
45,14:54:42,11.2,-0.01,30,33600,卖盘
46,14:54:39,11.21,--,10,11210,买盘
47,14:54:36,11.21,--,71,79591,买盘
48,14:54:33,11.21,0.01,21,23541,买盘
49,14:54:30,11.2,--,32,35840,卖盘
50,14:54:24,11.2,-0.01,18,20160,卖盘
51,14:54:21,11.21,--,72,80712,买盘
52,14:54:18,11.21,--,145,162545,买盘
53,14:54:15,11.21,--,20,22420,买盘
54,14:54:12,11.21,--,6,6726,买盘
55,14:54:06,11.21,--,47,52687,买盘
56,14:54:03,11.21,--,78,87438,买盘
57,14:54:00,11.21,--,6,6726,买盘
58,14:53:57,11.21,--,301,337421,买盘
59,14:53:54,11.21,--,61,68381,买盘
60,14:53:51,11.21,--,104,116584,买盘
61,14:53:48,11.21,--,1,1121,买盘
62,14:53:45,11.21,--,27,30267,买盘
63,14:53:42,11.21,0.01,33,36993,买盘
64,14:53:39,11.2,-0.01,107,119839,卖盘
65,14:53:36,11.21,0.01,13,14573,买盘
66,14:53:33,11.2,--,99,110880,卖盘
67,14:53:27,11.2,--,31,34720,卖盘
68,14:53:24,11.2,--,6,6720,卖盘
69,14:53:21,11.2,--,102,114240,买盘
70,14:53:18,11.2,--,26,29119,买盘
71,14:53:15,11.2,--,237,265440,买盘
72,14:53:12,11.2,0.01,602,674240,买盘
73,14:53:06,11.19,-0.01,16,17904,卖盘
74,14:53:03,11.2,--,35,39200,买盘
75,14:53:00,11.2,--,64,71680,买盘
76,14:52:57,11.2,--,174,194880,买盘
77,14:52:54,11.2,--,47,52640,买盘
78,14:52:51,11.2,--,2,2240,买盘
79,14:52:48,11.2,--,25,28000,买盘
80,14:52:45,11.2,0.01,8,8960,买盘
81,14:52:42,11.19,--,23,25737,卖盘
82,14:52:39,11.19,--,8,8952,卖盘
83,14:52:36,11.19,--,23,25737,卖盘
84,14:52:33,11.19,-0.01,71,79449,卖盘
85,14:52:30,11.2,0.01,7,7839,买盘
86,14:52:27,11.19,-0.01,183,204777,卖盘
87,14:52:24,11.2,--,17,19040,买盘
88,14:52:21,11.2,0.01,23,25760,买盘
89,14:52:18,11.19,--,10,11190,卖盘
90,14:52:15,11.19,-0.01,132,147708,卖盘
91,14:52:12,11.2,--,104,116479,买盘
92,14:52:09,11.2,--,8,8960,买盘
93,14:52:06,11.2,--,53,59359,买盘
94,14:52:03,11.2,--,122,136640,买盘
95,14:52:00,11.2,0.01,1,1120,买盘
96,14:51:57,11.19,-0.01,22,24618,卖盘
97,14:51:54,11.2,--,2,2240,买盘
98,14:51:51,11.2,--,178,199360,买盘
99,14:51:48,11.2,0.01,160,179200,买盘
100,14:51:45,11.19,--,20,22380,卖盘
101,14:51:42,11.19,-0.01,33,36927,卖盘
102,14:51:39,11.2,--,12,13440,买盘
103,14:51:36,11.2,--,17,19040,买盘
104,14:51:33,11.2,--,25,28000,买盘
105,14:51:30,11.2,0.01,34,38080,买盘
106,14:51:27,11.19,-0.01,2,2238,卖盘
107,14:51:24,11.2,--,16,17920,买盘
108,14:51:21,11.2,--,22,24640,买盘
109,14:51:18,11.2,--,20,22400,买盘
110,14:51:15,11.2,--,10,11200,买盘
111,14:51:12,11.2,--,3,3360,买盘
112,14:51:09,11.2,--,100,112000,买盘
113,14:51:06,11.2,0.01,14,15679,买盘
114,14:51:03,11.19,--,1,1119,卖盘
115,14:51:00,11.19,0.01,66,73854,买盘
116,14:50:57,11.18,-0.01,94,105092,卖盘
117,14:50:54,11.19,--,57,63783,买盘
118,14:50:51,11.19,--,79,88401,买盘
119,14:50:48,11.19,-0.01,40,44760,中性盘
120,14:50:42,11.2,--,183,204960,买盘
121,14:50:39,11.2,0.01,30,33600,买盘
122,14:50:36,11.19,--,24,26856,卖盘
123,14:50:33,11.19,0.01,15,16785,卖盘
124,14:50:30,11.18,-0.02,38,42484,卖盘
125,14:50:27,11.2,0.01,431,482719,买盘
126,14:50:24,11.19,-0.01,7,7833,卖盘
127,14:50:21,11.2,0.01,167,187040,买盘
128,14:50:18,11.19,-0.01,6,6714,卖盘
129,14:50:15,11.2,--,25,28000,买盘
130,14:50:12,11.2,--,11,12320,买盘
131,14:50:09,11.2,0.01,26,29119,买盘
132,14:50:06,11.19,--,56,62664,卖盘
133,14:50:03,11.19,-0.01,15,16785,卖盘
134,14:50:00,11.2,--,49,54880,买盘
135,14:49:57,11.2,0.01,28,31359,买盘
136,14:49:54,11.19,-0.01,27,30213,卖盘
137,14:49:51,11.2,0.01,17,19040,买盘
138,14:49:48,11.19,--,31,34689,卖盘
139,14:49:45,11.19,-0.01,24,26856,卖盘
140,14:49:42,11.2,0.01,11,12320,买盘
141,14:49:39,11.19,--,60,67140,卖盘
142,14:49:36,11.19,--,16,17904,卖盘
143,14:49:33,11.19,--,32,35808,卖盘
144,14:49:30,11.19,--,30,33570,卖盘
145,14:49:27,11.19,-0.01,29,32451,卖盘
146,14:49:24,11.2,0.01,29,32479,买盘
147,14:49:21,11.19,--,30,33570,卖盘
148,14:49:18,11.19,--,90,100710,卖盘
149,14:49:15,11.19,-0.01,38,42522,卖盘
150,14:49:12,11.2,--,51,57120,买盘
151,14:49:06,11.2,0.01,24,26880,买盘
152,14:49:03,11.19,-0.01,67,74973,卖盘
153,14:49:00,11.2,--,1,1120,买盘
154,14:48:57,11.2,--,3,3360,买盘
155,14:48:54,11.2,0.01,1,1120,买盘
156,14:48:51,11.19,-0.01,22,24618,卖盘
157,14:48:48,11.2,0.01,31,34720,买盘
158,14:48:42,11.19,-0.01,47,52593,卖盘
159,14:48:39,11.2,--,25,28000,买盘
160,14:48:36,11.2,--,179,200480,买盘
161,14:48:33,11.2,0.01,21,23520,买盘
162,14:48:30,11.19,--,45,50355,卖盘
163,14:48:27,11.19,-0.01,8,8952,卖盘
164,14:48:21,11.2,0.01,33,36960,买盘
165,14:48:18,11.19,-0.01,116,129804,卖盘
166,14:48:12,11.2,0.01,61,68320,买盘
167,14:48:09,11.19,--,25,27975,卖盘
168,14:48:06,11.19,--,47,52593,卖盘
169,14:48:03,11.19,-0.01,356,398364,卖盘
170,14:48:00,11.2,0.01,1,1120,买盘
171,14:47:57,11.19,-0.01,3,3357,卖盘
172,14:47:54,11.2,--,21,23520,买盘
173,14:47:51,11.2,0.01,2,2240,买盘
174,14:47:45,11.19,-0.01,15,16785,卖盘
175,14:47:39,11.2,--,62,69440,买盘
176,14:47:36,11.2,--,31,34720,买盘
177,14:47:33,11.2,0.01,23,25760,买盘
178,14:47:30,11.19,--,438,490122,卖盘
179,14:47:27,11.19,-0.01,8,8952,卖盘
180,14:47:24,11.2,-0.01,105,118271,卖盘
181,14:47:21,11.21,0.01,46,51566,买盘
182,14:47:18,11.2,0.01,255,286048,买盘
183,14:47:15,11.19,-0.01,262,293178,卖盘
184,14:47:12,11.2,0.01,22,24640,买盘
185,14:47:09,11.19,-0.01,10,11190,卖盘
186,14:47:06,11.2,--,87,97440,买盘
187,14:47:03,11.2,0.01,259,290080,买盘
188,14:47:00,11.19,-0.01,10,11190,卖盘
189,14:46:57,11.2,--,37,41440,买盘
190,14:46:54,11.2,--,24,26880,买盘
191,14:46:51,11.2,0.01,27,30239,买盘
192,14:46:48,11.19,--,17,19023,卖盘
193,14:46:45,11.19,--,32,35808,卖盘
194,14:46:39,11.19,-0.01,31,34689,卖盘
195,14:46:36,11.2,--,13,14559,买盘
196,14:46:33,11.2,0.01,157,175840,买盘
197,14:46:30,11.19,--,157,175683,卖盘
198,14:46:27,11.19,--,16,17904,卖盘
199,14:46:24,11.19,-0.01,8,8952,卖盘
200,14:46:21,11.2,0.01,1,1120,买盘
201,14:46:18,11.19,--,17,19023,买盘
202,14:46:15,11.19,-0.01,19,21261,卖盘
203,14:46:12,11.2,0.01,28,31359,买盘
204,14:46:09,11.19,0.01,20,22380,买盘
205,14:46:06,11.18,-0.01,34,38012,卖盘
206,14:46:03,11.19,0.01,24,26856,买盘
207,14:46:00,11.18,-0.01,73,81614,卖盘
208,14:45:57,11.19,--,142,158898,买盘
209,14:45:54,11.19,--,279,312201,买盘
210,14:45:51,11.19,--,36,40284,买盘
211,14:45:48,11.19,--,33,36927,买盘
212,14:45:45,11.19,0.01,42,46998,买盘
213,14:45:42,11.18,-0.01,32,35776,卖盘
214,14:45:39,11.19,--,300,335700,买盘
215,14:45:36,11.19,0.01,13,14547,买盘
216,14:45:33,11.18,--,18,20124,卖盘
217,14:45:30,11.18,--,127,141986,卖盘
218,14:45:27,11.18,--,724,809946,买盘
219,14:45:21,11.18,--,58,64844,买盘
220,14:45:18,11.18,0.01,2,2236,买盘
221,14:45:15,11.17,-0.01,21,23457,卖盘
222,14:45:12,11.18,--,18,20124,买盘
223,14:45:06,11.18,--,24,26832,买盘
224,14:45:03,11.18,0.01,62,69316,买盘
225,14:45:00,11.17,--,388,433608,买盘
226,14:44:57,11.17,--,41,45797,买盘
227,14:44:54,11.17,--,2,2234,买盘
228,14:44:51,11.17,--,69,77073,买盘
229,14:44:48,11.17,--,47,52499,买盘
230,14:44:45,11.17,--,2,2234,买盘
231,14:44:42,11.17,--,23,25691,买盘
232,14:44:39,11.17,--,21,23457,买盘
233,14:44:36,11.17,--,236,263612,买盘
234,14:44:33,11.17,0.01,1,1117,买盘
235,14:44:30,11.16,--,21,23436,卖盘
236,14:44:27,11.16,-0.01,31,34596,卖盘
237,14:44:24,11.17,--,47,52499,买盘
238,14:44:21,11.17,--,62,70158,卖盘
239,14:44:18,11.17,-0.01,1,1117,卖盘
240,14:44:15,11.18,--,58,64844,买盘
241,14:44:12,11.18,--,2,2236,买盘
242,14:44:09,11.18,0.01,5,5590,买盘
243,14:44:06,11.17,-0.01,20,22340,卖盘
244,14:44:03,11.18,0.01,29,32422,买盘
245,14:43:57,11.17,--,1,1117,卖盘
246,14:43:54,11.17,--,28,31488,买盘
247,14:43:51,11.17,--,62,69254,买盘
248,14:43:48,11.17,--,24,26808,买盘
249,14:43:45,11.17,--,238,265846,买盘
250,14:43:42,11.17,0.01,3,3351,买盘
251,14:43:39,11.16,-0.01,16,17856,卖盘
252,14:43:36,11.17,--,7,7819,买盘
253,14:43:33,11.17,0.01,106,118402,买盘
254,14:43:30,11.16,--,121,135036,卖盘
255,14:43:27,11.16,-0.01,1,1116,卖盘
256,14:43:21,11.17,0.01,52,58084,买盘
257,14:43:18,11.16,-0.01,18,20088,卖盘
258,14:43:15,11.17,--,5,5585,买盘
259,14:43:12,11.17,0.01,53,59201,买盘
260,14:43:09,11.16,-0.01,55,61380,卖盘
261,14:43:06,11.17,--,58,64786,买盘
262,14:43:03,11.17,--,113,126221,买盘
263,14:43:00,11.17,0.01,2,2234,买盘
264,14:42:57,11.16,-0.01,64,71424,卖盘
265,14:42:54,11.17,--,3,3351,买盘
266,14:42:51,11.17,0.01,2,2234,买盘
267,14:42:48,11.16,--,16,17856,卖盘
268,14:42:45,11.16,--,24,26784,卖盘
269,14:42:42,11.16,--,36,40176,卖盘
270,14:42:36,11.16,-0.01,34,37944,卖盘
271,14:42:33,11.17,0.01,15,16755,买盘
272,14:42:30,11.16,--,10,11160,卖盘
273,14:42:27,11.16,-0.01,17,18972,卖盘
274,14:42:21,11.17,0.01,1,1117,买盘
275,14:42:18,11.16,--,54,60264,买盘
276,14:42:15,11.16,--,10,11160,买盘
277,14:42:12,11.16,--,24,26784,卖盘
278,14:42:09,11.16,-0.01,52,58032,卖盘
279,14:42:06,11.17,--,8,8936,买盘
280,14:42:03,11.17,0.01,31,34627,买盘
281,14:42:00,11.16,-0.01,45,50220,中性盘
282,14:41:57,11.17,0.02,2,2234,买盘
283,14:41:54,11.15,-0.02,19,21185,卖盘
284,14:41:51,11.17,0.02,58,64786,买盘
285,14:41:48,11.15,--,7,7805,卖盘
286,14:41:45,11.15,-0.01,580,646700,卖盘
287,14:41:42,11.16,--,19,21204,买盘
288,14:41:39,11.16,--,30,33480,买盘
289,14:41:36,11.16,-0.01,25,27900,卖盘
290,14:41:33,11.17,--,180,201060,买盘
291,14:41:30,11.17,0.01,1,1117,买盘
292,14:41:27,11.16,--,1,1116,卖盘
293,14:41:24,11.16,-0.01,50,55800,卖盘
294,14:41:21,11.17,0.01,51,56967,买盘
295,14:41:18,11.16,--,172,191952,卖盘
296,14:41:15,11.16,--,123,137268,买盘
297,14:41:12,11.16,--,2,2232,买盘
298,14:41:09,11.16,0.01,19,21204,买盘
299,14:41:06,11.15,-0.01,2,2230,卖盘
300,14:41:03,11.16,0.01,14,15624,买盘
301,14:41:00,11.15,-0.01,26,28990,卖盘
302,14:40:57,11.16,--,8,8928,卖盘
303,14:40:54,11.16,--,8,8928,买盘
304,14:40:51,11.16,--,1,1116,买盘
305,14:40:45,11.16,--,21,23436,卖盘
306,14:40:36,11.16,-0.01,19,21204,卖盘
307,14:40:33,11.17,0.01,20,22340,买盘
308,14:40:30,11.16,0.01,56,62496,买盘
309,14:40:27,11.15,-0.01,1,1115,卖盘
310,14:40:24,11.16,--,6,6696,买盘
311,14:40:21,11.16,--,32,35712,买盘
312,14:40:18,11.16,-0.01,29,32364,卖盘
313,14:40:12,11.17,0.02,16,17872,买盘
314,14:40:09,11.15,-0.02,31,34565,卖盘
315,14:40:06,11.17,0.01,41,45797,买盘
316,14:40:03,11.16,-0.01,57,63612,卖盘
317,14:40:00,11.17,--,2,2234,买盘
318,14:39:57,11.17,--,35,39095,买盘
319,14:39:54,11.17,--,2,2234,买盘
320,14:39:51,11.17,0.01,1,1117,买盘
321,14:39:48,11.16,--,42,46872,卖盘
322,14:39:45,11.16,--,8,8928,卖盘
323,14:39:39,11.16,--,117,130572,买盘
324,14:39:36,11.16,--,47,52452,卖盘
325,14:39:33,11.16,--,18,20088,卖盘
326,14:39:27,11.16,-0.01,1,1116,卖盘
327,14:39:21,11.17,0.02,3,3351,买盘
328,14:39:15,11.15,--,56,62440,卖盘
329,14:39:12,11.15,-0.01,371,413665,卖盘
330,14:39:09,11.16,--,2,2232,卖盘
331,14:39:06,11.16,-0.01,83,92628,卖盘
332,14:39:03,11.17,--,37,41329,买盘
333,14:39:00,11.17,--,2,2234,买盘
334,14:38:57,11.17,--,3,3351,买盘
335,14:38:54,11.17,--,2,2234,买盘
336,14:38:51,11.17,--,1,1117,买盘
337,14:38:48,11.17,0.02,258,288186,买盘
338,14:38:45,11.15,-0.01,35,39025,卖盘
339,14:38:42,11.16,--,5,5580,买盘
340,14:38:39,11.16,0.01,28,31248,买盘
341,14:38:36,11.15,--,15,16725,卖盘
342,14:38:33,11.15,-0.01,53,59095,卖盘
343,14:38:30,11.16,0.01,242,270072,买盘
344,14:38:27,11.15,--,29,32335,卖盘
345,14:38:24,11.15,-0.01,15,16725,卖盘
346,14:38:21,11.16,0.01,2,2232,买盘
347,14:38:15,11.15,-0.01,1,1115,卖盘
348,14:38:12,11.16,0.01,20,22320,买盘
349,14:38:09,11.15,--,1,1115,卖盘
350,14:38:06,11.15,-0.01,10,11150,卖盘
351,14:38:03,11.16,--,16,17856,买盘
352,14:38:00,11.16,--,1,1116,买盘
353,14:37:57,11.16,--,10,11160,买盘
354,14:37:54,11.16,0.01,5,5580,买盘
355,14:37:51,11.15,--,58,64670,卖盘
356,14:37:45,11.15,--,25,27875,卖盘
357,14:37:42,11.15,--,16,17840,卖盘
358,14:37:36,11.15,--,125,139375,卖盘
359,14:37:33,11.15,-0.01,138,153870,卖盘
360,14:37:30,11.16,0.01,507,565812,买盘
361,14:37:27,11.15,--,32,35680,卖盘
362,14:37:24,11.15,--,10,11150,卖盘
363,14:37:18,11.15,-0.01,17,18955,卖盘
364,14:37:12,11.16,0.02,17,18972,买盘
365,14:37:09,11.14,-0.01,45,50130,卖盘
366,14:37:06,11.15,--,57,63555,卖盘
367,14:37:03,11.15,-0.01,73,81395,卖盘
368,14:36:57,11.16,--,51,56916,买盘
369,14:36:54,11.16,--,3,3348,买盘
370,14:36:51,11.16,--,251,280116,买盘
371,14:36:48,11.16,0.01,7,7812,买盘
372,14:36:45,11.15,--,46,51290,卖盘
373,14:36:39,11.15,--,174,194010,卖盘
374,14:36:36,11.15,--,72,80280,卖盘
375,14:36:33,11.15,-0.01,21,23415,卖盘
376,14:36:30,11.16,0.01,7,7812,买盘
377,14:36:27,11.15,-0.01,31,34565,卖盘
378,14:36:24,11.16,--,29,32364,买盘
379,14:36:21,11.16,0.01,1,1116,买盘
380,14:36:18,11.15,--,65,72475,卖盘
381,14:36:12,11.15,--,65,72475,卖盘
382,14:36:09,11.15,--,49,54635,卖盘
383,14:36:06,11.15,-0.01,2,2230,卖盘
384,14:36:03,11.16,0.01,12,13392,买盘
385,14:36:00,11.15,-0.01,82,91430,卖盘
386,14:35:57,11.16,--,4,4464,买盘
387,14:35:54,11.16,0.01,32,35712,买盘
388,14:35:51,11.15,-0.01,15,16725,卖盘
389,14:35:48,11.16,0.01,4,4464,买盘
390,14:35:45,11.15,-0.01,41,45715,卖盘
391,14:35:42,11.16,0.01,30,33480,买盘
392,14:35:39,11.15,-0.01,21,23415,卖盘
393,14:35:33,11.16,--,4,4464,买盘
394,14:35:30,11.16,--,24,26784,买盘
395,14:35:27,11.16,--,3,3348,买盘
396,14:35:21,11.16,0.01,1,1116,买盘
397,14:35:18,11.15,-0.01,18,20070,卖盘
398,14:35:15,11.16,--,95,106020,买盘
399,14:35:12,11.16,0.01,3,3348,买盘
400,14:35:09,11.15,--,31,34565,卖盘
401,14:35:06,11.15,-0.01,16,17840,卖盘
402,14:35:03,11.16,--,1,1116,买盘
403,14:35:00,11.16,0.01,2,2232,买盘
404,14:34:57,11.15,-0.01,22,24530,卖盘
405,14:34:54,11.16,--,35,39060,买盘
406,14:34:51,11.16,--,1,1116,买盘
407,14:34:48,11.16,0.01,39,43524,买盘
408,14:34:42,11.15,--,15,16725,卖盘
409,14:34:39,11.15,-0.01,6,6690,卖盘
410,14:34:33,11.16,0.01,3,3348,买盘
411,14:34:30,11.15,--,48,53520,卖盘
412,14:34:27,11.15,-0.01,2,2230,卖盘
413,14:34:24,11.16,0.01,248,276768,买盘
414,14:34:21,11.15,--,21,23415,卖盘
415,14:34:15,11.15,-0.01,11,12265,卖盘
416,14:34:12,11.16,0.01,3,3348,买盘
417,14:34:09,11.15,--,24,26760,卖盘
418,14:34:06,11.15,--,5,5575,卖盘
419,14:34:03,11.15,--,40,44600,卖盘
420,14:34:00,11.15,-0.01,16,17840,卖盘
421,14:33:57,11.16,--,5,5580,买盘
422,14:33:54,11.16,--,4,4464,买盘
423,14:33:51,11.16,0.01,27,30132,买盘
424,14:33:45,11.15,--,97,108155,卖盘
425,14:33:36,11.15,--,16,17840,卖盘
426,14:33:33,11.15,-0.01,19,21185,卖盘
427,14:33:30,11.16,0.01,20,22320,买盘
428,14:33:27,11.15,--,12,13380,卖盘
429,14:33:24,11.15,-0.01,14,15610,卖盘
430,14:33:21,11.16,--,1,1116,买盘
431,14:33:18,11.16,0.01,1,1116,买盘
432,14:33:15,11.15,-0.01,16,17840,卖盘
433,14:33:12,11.16,--,3,3348,买盘
434,14:33:09,11.16,--,31,34596,买盘
435,14:33:06,11.16,0.01,31,34596,买盘
436,14:33:03,11.15,-0.01,47,52405,卖盘
437,14:33:00,11.16,--,115,128340,买盘
438,14:32:57,11.16,--,13,14508,买盘
439,14:32:54,11.16,--,21,23436,买盘
440,14:32:51,11.16,--,6,6696,买盘
441,14:32:45,11.16,--,27,30132,买盘
442,14:32:42,11.16,--,121,135036,买盘
443,14:32:39,11.16,0.01,60,66960,买盘
444,14:32:33,11.15,--,18,20070,卖盘
445,14:32:27,11.15,-0.01,2,2230,卖盘
446,14:32:21,11.16,0.01,250,279000,买盘
447,14:32:18,11.15,-0.01,17,18955,卖盘
448,14:32:15,11.16,--,11,12276,买盘
449,14:32:12,11.16,0.01,17,18972,买盘
450,14:32:09,11.15,--,10,11150,卖盘
451,14:32:06,11.15,-0.01,43,47945,卖盘
452,14:32:03,11.16,0.01,1,1116,买盘
453,14:32:00,11.15,-0.01,15,16725,卖盘
454,14:31:57,11.16,--,63,70308,买盘
455,14:31:54,11.16,--,49,54684,买盘
456,14:31:51,11.16,0.01,44,49104,买盘
457,14:31:48,11.15,--,67,74705,卖盘
458,14:31:45,11.15,--,83,92545,卖盘
459,14:31:42,11.15,-0.01,10,11150,卖盘
460,14:31:39,11.16,0.01,68,75888,买盘
461,14:31:36,11.15,--,3,3345,卖盘
462,14:31:33,11.15,-0.01,1,1115,卖盘
463,14:31:30,11.16,--,1,1116,买盘
464,14:31:27,11.16,0.01,8,8928,买盘
465,14:31:24,11.15,--,21,23415,卖盘
466,14:31:15,11.15,-0.01,17,18955,卖盘
467,14:31:12,11.16,--,3,3348,买盘
468,14:31:09,11.16,0.01,34,37944,买盘
469,14:31:06,11.15,-0.01,45,50175,卖盘
470,14:30:57,11.16,0.01,3,3348,买盘
471,14:30:54,11.15,--,38,42370,卖盘
472,14:30:51,11.15,-0.01,12,13380,卖盘
473,14:30:48,11.16,0.01,4,4464,买盘
474,14:30:45,11.15,--,17,18955,卖盘
475,14:30:39,11.15,--,10,11150,卖盘
476,14:30:36,11.15,-0.01,31,34565,卖盘
477,14:30:33,11.16,0.01,11,12276,买盘
478,14:30:30,11.15,--,66,73590,卖盘
479,14:30:27,11.15,--,2,2230,卖盘
480,14:30:24,11.15,-0.01,9,10035,卖盘
481,14:30:21,11.16,0.01,85,94860,买盘
482,14:30:18,11.15,-0.01,17,18955,卖盘
483,14:30:12,11.16,--,10,11160,买盘
484,14:30:09,11.16,0.01,21,23436,买盘
485,14:30:06,11.15,--,13,14495,卖盘
486,14:30:03,11.15,-0.01,1,1115,卖盘
487,14:29:57,11.16,--,52,58032,买盘
488,14:29:54,11.16,--,2,2232,买盘
489,14:29:51,11.16,0.01,3,3348,买盘
490,14:29:48,11.15,--,25,27875,卖盘
491,14:29:36,11.15,--,15,16725,卖盘
492,14:29:27,11.15,--,3,3345,卖盘
493,14:29:24,11.15,-0.01,9,10035,卖盘
494,14:29:21,11.16,0.01,10,11160,买盘
495,14:29:18,11.15,-0.01,4,4460,卖盘
496,14:29:12,11.16,0.01,2,2232,买盘
497,14:29:09,11.15,-0.01,1,1115,卖盘
498,14:29:06,11.16,0.01,1,1116,买盘
499,14:29:03,11.15,--,12,14272,卖盘
500,14:29:00,11.15,0.01,189,210958,买盘
501,14:28:57,11.14,-0.01,8,8912,卖盘
502,14:28:54,11.15,--,33,36795,买盘
503,14:28:51,11.15,0.01,1,1115,买盘
504,14:28:48,11.14,-0.01,209,232826,卖盘
505,14:28:45,11.15,0.01,39,43485,买盘
506,14:28:42,11.14,--,40,44560,买盘
507,14:28:39,11.14,--,10,11140,卖盘
508,14:28:36,11.14,--,19,21166,买盘
509,14:28:33,11.14,-0.01,2,2228,中性盘
510,14:28:27,11.15,0.02,15,16725,买盘
511,14:28:24,11.13,-0.02,14,15582,卖盘
512,14:28:21,11.15,0.01,1,1115,买盘
513,14:28:15,11.14,--,10,12031,卖盘
514,14:28:12,11.14,0.01,19,21166,中性盘
515,14:28:09,11.13,-0.01,3,3339,卖盘
516,14:28:06,11.14,--,11,12254,买盘
517,14:28:03,11.14,0.01,24,26736,买盘
518,14:28:00,11.13,-0.01,45,50085,卖盘
519,14:27:57,11.14,--,417,464538,买盘
520,14:27:54,11.14,--,248,276272,买盘
521,14:27:51,11.14,0.01,2,2228,买盘
522,14:27:48,11.13,-0.01,118,131334,卖盘
523,14:27:45,11.14,0.01,232,258448,买盘
524,14:27:42,11.13,--,78,86814,买盘
525,14:27:39,11.13,--,74,82362,买盘
526,14:27:36,11.13,0.01,367,408471,买盘
527,14:27:33,11.12,-0.01,245,272440,卖盘
528,14:27:30,11.13,0.01,12,13356,买盘
529,14:27:27,11.12,--,17,18904,卖盘
530,14:27:24,11.12,-0.01,30,33360,卖盘
531,14:27:21,11.13,0.01,101,112413,买盘
532,14:27:18,11.12,-0.01,85,94520,卖盘
533,14:27:12,11.13,--,5,5565,买盘
534,14:27:09,11.13,0.01,4,4452,买盘
535,14:27:06,11.12,--,195,216839,卖盘
536,14:27:03,11.12,--,16,17792,卖盘
537,14:27:00,11.12,-0.01,62,68944,卖盘
538,14:26:57,11.13,0.01,47,52311,买盘
539,14:26:54,11.12,--,26,28911,卖盘
540,14:26:51,11.12,--,66,73392,卖盘
541,14:26:48,11.12,--,401,445911,卖盘
542,14:26:45,11.12,-0.01,25,27799,卖盘
543,14:26:42,11.13,0.01,25,27825,买盘
544,14:26:39,11.12,--,31,34472,卖盘
545,14:26:36,11.12,--,42,46704,卖盘
546,14:26:33,11.12,-0.01,279,310248,卖盘
547,14:26:30,11.13,0.01,140,155820,买盘
548,14:26:27,11.12,-0.01,822,914063,卖盘
549,14:26:24,11.13,--,4,4452,买盘
550,14:26:21,11.13,0.01,89,99057,买盘
551,14:26:18,11.12,--,349,388088,卖盘
552,14:26:15,11.12,-0.01,157,175184,卖盘
553,14:26:12,11.13,--,102,113526,买盘
554,14:26:09,11.13,0.01,729,811377,买盘
555,14:26:06,11.12,-0.01,271,301352,卖盘
556,14:26:03,11.13,--,433,481929,买盘
557,14:26:00,11.13,--,140,155820,买盘
558,14:25:57,11.13,--,34,37842,买盘
559,14:25:54,11.13,--,134,149142,买盘
560,14:25:51,11.13,-0.01,1042,1160180,卖盘
561,14:25:48,11.14,0.01,124,138136,买盘
562,14:25:45,11.13,-0.01,45,50085,卖盘
563,14:25:42,11.14,0.01,4,4456,买盘
564,14:25:39,11.13,--,30,33390,卖盘
565,14:25:36,11.13,--,18,20034,卖盘
566,14:25:33,11.13,--,200,222600,卖盘
567,14:25:30,11.13,--,14,15582,卖盘
568,14:25:27,11.13,--,102,113526,卖盘
569,14:25:24,11.13,-0.01,81,90153,卖盘
570,14:25:21,11.14,0.01,1541,1716674,买盘
571,14:25:18,11.13,--,30,33390,卖盘
572,14:25:15,11.13,-0.02,35,38955,卖盘
573,14:25:12,11.15,0.01,54,60210,买盘
574,14:25:09,11.14,0.01,20,22280,中性盘
575,14:25:06,11.13,--,138,153594,卖盘
576,14:25:03,11.13,--,17,18921,卖盘
577,14:25:00,11.13,-0.02,7,7791,卖盘
578,14:24:57,11.15,0.01,219,244185,买盘
579,14:24:54,11.14,--,32,35648,买盘
580,14:24:51,11.14,0.01,10,11140,买盘
581,14:24:48,11.13,--,36,40068,卖盘
582,14:24:45,11.13,--,121,134673,卖盘
583,14:24:42,11.13,-0.01,311,346143,卖盘
584,14:24:39,11.14,--,66,73524,卖盘
585,14:24:36,11.14,--,1015,1130710,卖盘
586,14:24:33,11.14,--,16,17824,卖盘
587,14:24:30,11.14,--,47,52358,卖盘
588,14:24:27,11.14,--,86,95804,卖盘
589,14:24:24,11.14,--,92,102488,卖盘
590,14:24:21,11.14,--,25,27850,卖盘
591,14:24:18,11.14,--,44,49016,卖盘
592,14:24:15,11.14,-0.01,5,5570,卖盘
593,14:24:12,11.15,0.01,21,23415,买盘
594,14:24:09,11.14,-0.01,21,24285,卖盘
595,14:24:03,11.15,--,183,204045,卖盘
596,14:24:00,11.15,--,63,70245,卖盘
597,14:23:57,11.15,-0.01,28,31220,卖盘
598,14:23:54,11.16,--,74,82584,买盘
599,14:23:51,11.16,0.01,33,36828,买盘
600,14:23:48,11.15,-0.01,104,115960,卖盘
601,14:23:45,11.16,0.01,4,4464,买盘
602,14:23:42,11.15,--,38,42370,卖盘
603,14:23:39,11.15,--,86,95890,卖盘
604,14:23:36,11.15,--,27,30105,卖盘
605,14:23:33,11.15,--,16,17840,卖盘
606,14:23:27,11.15,--,16,17840,卖盘
607,14:23:24,11.15,-0.01,12,13380,卖盘
608,14:23:21,11.16,0.01,19,21204,买盘
609,14:23:18,11.15,--,18,20070,卖盘
610,14:23:15,11.15,--,50,55750,卖盘
611,14:23:12,11.15,--,30,33450,卖盘
612,14:23:09,11.15,-0.01,1,1115,卖盘
613,14:23:06,11.16,--,1,1116,买盘
614,14:23:03,11.16,--,18,20088,买盘
615,14:23:00,11.16,0.01,16,17856,买盘
616,14:22:57,11.15,--,99,110385,卖盘
617,14:22:54,11.15,--,83,92545,卖盘
618,14:22:51,11.15,--,32,35680,卖盘
619,14:22:45,11.15,--,3,3345,卖盘
620,14:22:42,11.15,-0.01,44,49060,卖盘
621,14:22:39,11.16,--,7,7812,买盘
622,14:22:36,11.16,0.01,5,5580,买盘
623,14:22:33,11.15,--,89,99235,卖盘
624,14:22:30,11.15,--,16,17840,卖盘
625,14:22:27,11.15,--,71,79165,卖盘
626,14:22:24,11.15,-0.01,30,33450,卖盘
627,14:22:21,11.16,0.01,2,2232,买盘
628,14:22:18,11.15,-0.01,15,16725,卖盘
629,14:22:12,11.16,--,6,6696,买盘
630,14:22:09,11.16,--,27,30132,买盘
631,14:22:06,11.16,0.01,1,1116,买盘
632,14:22:03,11.15,-0.01,22,24530,卖盘
633,14:22:00,11.16,--,143,159588,买盘
634,14:21:57,11.16,--,42,46872,买盘
635,14:21:54,11.16,--,3,3348,买盘
636,14:21:51,11.16,0.01,22,24552,买盘
637,14:21:48,11.15,--,17,18955,卖盘
638,14:21:45,11.15,--,130,144950,卖盘
639,14:21:39,11.15,-0.01,54,60210,卖盘
640,14:21:36,11.16,0.01,13,14508,买盘
641,14:21:33,11.15,-0.01,24,26760,卖盘
642,14:21:30,11.16,0.01,22,24552,买盘
643,14:21:27,11.15,--,26,28990,卖盘
644,14:21:24,11.15,-0.01,24,26760,卖盘
645,14:21:21,11.16,--,1,1116,买盘
646,14:21:15,11.16,--,4,4464,买盘
647,14:21:12,11.16,0.01,84,93744,买盘
648,14:21:09,11.15,--,1,1115,卖盘
649,14:21:06,11.15,--,17,18955,卖盘
650,14:21:03,11.15,-0.01,7,7805,卖盘
651,14:21:00,11.16,--,22,24552,买盘
652,14:20:57,11.16,0.01,5,5580,买盘
653,14:20:54,11.15,-0.01,26,28990,卖盘
654,14:20:51,11.16,0.01,16,17856,买盘
655,14:20:48,11.15,-0.01,82,91430,卖盘
656,14:20:45,11.16,--,39,43524,买盘
657,14:20:42,11.16,0.01,5,5580,买盘
658,14:20:39,11.15,-0.01,26,28990,卖盘
659,14:20:36,11.16,--,1,1116,买盘
660,14:20:33,11.16,0.01,46,51336,买盘
661,14:20:27,11.15,--,43,47945,卖盘
662,14:20:24,11.15,-0.01,31,34565,卖盘
663,14:20:21,11.16,0.01,1,1116,买盘
664,14:20:18,11.15,--,63,70245,卖盘
665,14:20:15,11.15,-0.01,18,20070,卖盘
666,14:20:12,11.16,0.01,57,63612,买盘
667,14:20:09,11.15,--,29,32335,卖盘
668,14:20:06,11.15,-0.01,23,25645,卖盘
669,14:20:03,11.16,0.01,3,3348,买盘
670,14:20:00,11.15,--,12,13380,卖盘
671,14:19:57,11.15,--,69,76935,卖盘
672,14:19:54,11.15,--,102,113730,卖盘
673,14:19:51,11.15,-0.01,32,35680,卖盘
674,14:19:48,11.16,0.01,12,13392,买盘
675,14:19:45,11.15,--,14,15610,卖盘
676,14:19:39,11.15,-0.01,10,11150,卖盘
677,14:19:36,11.16,--,1,1116,买盘
678,14:19:33,11.16,0.01,38,42408,买盘
679,14:19:30,11.15,--,21,23415,卖盘
680,14:19:27,11.15,--,77,85855,卖盘
681,14:19:24,11.15,-0.01,57,63555,卖盘
682,14:19:21,11.16,--,78,87048,买盘
683,14:19:18,11.16,0.01,118,131688,买盘
684,14:19:15,11.15,-0.01,3,3345,卖盘
685,14:19:12,11.16,0.01,101,112716,买盘
686,14:19:09,11.15,--,57,63555,卖盘
687,14:19:03,11.15,--,468,521820,卖盘
688,14:19:00,11.15,-0.01,27,30105,卖盘
689,14:18:57,11.16,--,27,30132,买盘
690,14:18:54,11.16,--,30,33480,买盘
691,14:18:51,11.16,0.01,24,26784,买盘
692,14:18:45,11.15,-0.01,28,31220,卖盘
693,14:18:42,11.16,0.01,31,34596,买盘
694,14:18:39,11.15,-0.01,9,10035,卖盘
695,14:18:33,11.16,0.01,5,5580,买盘
696,14:18:30,11.15,--,15,16725,卖盘
697,14:18:27,11.15,--,33,36795,卖盘
698,14:18:21,11.15,--,3,3568,买盘
699,14:18:18,11.15,--,18,20070,买盘
700,14:18:15,11.15,--,41,45715,卖盘
701,14:18:12,11.15,--,1,1115,卖盘
702,14:18:09,11.15,--,13,14495,卖盘
703,14:18:06,11.15,-0.01,50,55750,卖盘
704,14:18:03,11.16,0.01,27,30132,买盘
705,14:18:00,11.15,-0.01,2,2230,卖盘
706,14:17:57,11.16,--,417,465372,买盘
707,14:17:54,11.16,--,5,5580,买盘
708,14:17:51,11.16,--,22,24552,买盘
709,14:17:45,11.16,0.01,20,22320,买盘
710,14:17:42,11.15,-0.01,6,6690,卖盘
711,14:17:39,11.16,--,50,55800,买盘
712,14:17:36,11.16,0.01,10,11160,买盘
713,14:17:33,11.15,--,22,24530,卖盘
714,14:17:27,11.15,-0.01,48,53520,卖盘
715,14:17:24,11.16,0.01,3,3348,买盘
716,14:17:18,11.15,--,1,1115,卖盘
717,14:17:12,11.15,--,16,17840,卖盘
718,14:17:09,11.15,-0.01,1,1115,卖盘
719,14:17:03,11.16,--,14,15624,买盘
720,14:17:00,11.16,--,2,2232,买盘
721,14:16:57,11.16,0.01,24,26784,买盘
722,14:16:54,11.15,-0.01,25,27875,卖盘
723,14:16:51,11.16,--,4,4464,买盘
724,14:16:42,11.16,0.01,30,33480,买盘
725,14:16:36,11.15,--,161,179515,卖盘
726,14:16:33,11.15,-0.01,28,31220,卖盘
727,14:16:30,11.16,0.01,6,6696,买盘
728,14:16:27,11.15,-0.01,28,31220,卖盘
729,14:16:21,11.16,0.01,43,47988,买盘
730,14:16:15,11.15,-0.01,24,26760,卖盘
731,14:16:12,11.16,0.01,19,21204,买盘
732,14:16:06,11.15,-0.01,3,3345,卖盘
733,14:16:03,11.16,0.01,19,21204,买盘
734,14:16:00,11.15,-0.01,3,3345,卖盘
735,14:15:57,11.16,0.01,2,2232,买盘
736,14:15:54,11.15,-0.01,23,25645,卖盘
737,14:15:51,11.16,0.01,139,155124,买盘
738,14:15:48,11.15,--,105,117075,卖盘
739,14:15:42,11.15,--,19,21185,卖盘
740,14:15:39,11.15,-0.01,15,16725,卖盘
741,14:15:36,11.16,0.01,30,33480,买盘
742,14:15:33,11.15,0.01,30,33450,卖盘
743,14:15:30,11.14,--,60,66840,卖盘
744,14:15:27,11.14,-0.01,400,446279,卖盘
745,14:15:21,11.15,--,143,159445,买盘
746,14:15:18,11.15,--,57,63555,买盘
747,14:15:15,11.15,--,2,2230,买盘
748,14:15:12,11.15,0.01,19,21185,买盘
749,14:15:06,11.14,--,100,111400,卖盘
750,14:15:03,11.14,--,21,23394,卖盘
751,14:15:00,11.14,--,1,1114,卖盘
752,14:14:57,11.14,-0.01,25,27850,卖盘
753,14:14:54,11.15,--,2,2230,买盘
754,14:14:51,11.15,--,31,34565,买盘
755,14:14:48,11.15,0.01,28,31220,买盘
756,14:14:45,11.14,0.01,108,120312,买盘
757,14:14:42,11.13,-0.01,14,15582,卖盘
758,14:14:39,11.14,0.01,65,72410,买盘
759,14:14:36,11.13,-0.01,17,18921,卖盘
760,14:14:33,11.14,--,11,12254,买盘
761,14:14:30,11.14,--,31,34534,买盘
762,14:14:27,11.14,0.01,69,76866,买盘
763,14:14:24,11.13,-0.01,17,18921,卖盘
764,14:14:21,11.14,--,31,34534,买盘
765,14:14:18,11.14,--,37,41218,买盘
766,14:14:15,11.14,--,43,47902,买盘
767,14:14:12,11.14,--,19,21166,买盘
768,14:14:09,11.14,--,9,10026,买盘
769,14:14:06,11.14,0.01,35,38990,买盘
770,14:14:03,11.13,--,73,81249,卖盘
771,14:14:00,11.13,-0.01,11,12243,卖盘
772,14:13:57,11.14,--,13,14482,买盘
773,14:13:54,11.14,0.01,9,10026,买盘
774,14:13:51,11.13,-0.01,103,114639,卖盘
775,14:13:48,11.14,0.01,4,4456,买盘
776,14:13:45,11.13,--,192,213696,卖盘
777,14:13:42,11.13,--,64,71232,卖盘
778,14:13:39,11.13,-0.01,45,50085,卖盘
779,14:13:36,11.14,--,300,334200,买盘
780,14:13:33,11.14,0.01,17,18938,买盘
781,14:13:30,11.13,-0.01,30,33390,卖盘
782,14:13:27,11.14,-0.01,44,49016,卖盘
783,14:13:21,11.15,0.01,15,16725,买盘
784,14:13:18,11.14,--,96,106944,卖盘
785,14:13:15,11.14,--,1015,1130710,卖盘
786,14:13:12,11.14,--,114,126996,卖盘
787,14:13:06,11.14,--,29,32306,卖盘
788,14:13:00,11.14,--,18,20052,卖盘
789,14:12:57,11.14,-0.01,25,27850,卖盘
790,14:12:54,11.15,--,5,5575,买盘
791,14:12:51,11.15,--,21,23415,买盘
792,14:12:48,11.15,0.01,26,28990,买盘
793,14:12:45,11.14,-0.01,28,31192,卖盘
794,14:12:42,11.15,--,37,41255,买盘
795,14:12:39,11.15,--,340,379100,卖盘
796,14:12:36,11.15,-0.01,41,45715,卖盘
797,14:12:30,11.16,0.01,6,6696,买盘
798,14:12:27,11.15,-0.01,2,2230,卖盘
799,14:12:24,11.16,--,17,18972,买盘
800,14:12:21,11.16,0.01,28,31248,买盘
801,14:12:15,11.15,-0.01,17,18955,卖盘
802,14:12:12,11.16,--,3,3348,买盘
803,14:12:09,11.16,--,3,3348,买盘
804,14:12:06,11.16,--,6,6696,买盘
805,14:12:03,11.16,0.01,2,2232,买盘
806,14:12:00,11.15,-0.01,15,16725,卖盘
807,14:11:57,11.16,0.01,53,59148,买盘
808,14:11:54,11.15,--,9,10035,卖盘
809,14:11:51,11.15,--,57,63555,卖盘
810,14:11:48,11.15,--,229,255335,卖盘
811,14:11:45,11.15,-0.01,30,33450,卖盘
812,14:11:42,11.16,0.01,2,2232,买盘
813,14:11:39,11.15,--,32,35680,卖盘
814,14:11:36,11.15,-0.01,16,17840,卖盘
815,14:11:33,11.16,0.01,5,5580,买盘
816,14:11:30,11.15,--,26,28990,卖盘
817,14:11:27,11.15,-0.01,2,2230,卖盘
818,14:11:24,11.16,--,54,60264,买盘
819,14:11:21,11.16,--,1,1116,买盘
820,14:11:18,11.16,0.01,17,18972,买盘
821,14:11:15,11.15,-0.01,89,99235,卖盘
822,14:11:12,11.16,--,1,1116,买盘
823,14:11:09,11.16,--,12,13392,买盘
824,14:11:06,11.16,0.01,7,7812,买盘
825,14:11:03,11.15,-0.01,17,18955,卖盘
826,14:11:00,11.16,--,6,6696,买盘
827,14:10:57,11.16,--,17,18972,买盘
828,14:10:54,11.16,--,17,18972,买盘
829,14:10:51,11.16,0.01,1,1116,买盘
830,14:10:48,11.15,-0.01,23,25645,卖盘
831,14:10:45,11.16,0.01,19,21204,买盘
832,14:10:42,11.15,-0.01,32,35680,卖盘
833,14:10:39,11.16,0.02,493,550188,买盘
834,14:10:33,11.14,-0.01,31,34534,卖盘
835,14:10:30,11.15,0.01,20,22300,买盘
836,14:10:27,11.14,--,1,1114,卖盘
837,14:10:24,11.14,--,30,34500,卖盘
838,14:10:21,11.14,--,20,22280,卖盘
839,14:10:18,11.14,--,16,18882,卖盘
840,14:10:15,11.14,--,32,35648,买盘
841,14:10:12,11.14,0.01,15,16710,买盘
842,14:10:09,11.13,--,19,21147,卖盘
843,14:10:06,11.13,-0.02,141,156933,卖盘
844,14:10:03,11.15,0.02,31,34565,买盘
845,14:10:00,11.13,-0.01,60,66780,卖盘
846,14:09:57,11.14,--,248,276272,买盘
847,14:09:54,11.14,--,62,69068,买盘
848,14:09:51,11.14,--,50,55700,买盘
849,14:09:48,11.14,--,20,22280,买盘
850,14:09:45,11.14,--,40,44560,卖盘
851,14:09:42,11.14,0.01,90,100260,买盘
852,14:09:39,11.13,--,46,51198,卖盘
853,14:09:36,11.13,-0.02,16,17808,卖盘
854,14:09:33,11.15,0.02,106,118190,买盘
855,14:09:30,11.13,--,47,52311,卖盘
856,14:09:27,11.13,--,16,17808,卖盘
857,14:09:24,11.13,-0.02,3,3962,卖盘
858,14:09:21,11.15,0.02,47,52405,买盘
859,14:09:18,11.13,--,170,189210,卖盘
860,14:09:15,11.13,--,14,15582,卖盘
861,14:09:12,11.13,--,981,1091853,卖盘
862,14:09:06,11.13,--,79,87927,卖盘
863,14:09:03,11.13,--,263,292719,卖盘
864,14:09:00,11.13,-0.02,25,27825,卖盘
865,14:08:57,11.15,--,34,37910,买盘
866,14:08:54,11.15,--,55,61325,买盘
867,14:08:51,11.15,0.02,2,2230,中性盘
868,14:08:48,11.13,-0.03,101,112413,卖盘
869,14:08:45,11.16,0.03,4,4464,买盘
870,14:08:42,11.13,--,91,101283,卖盘
871,14:08:39,11.13,--,56,62328,卖盘
872,14:08:33,11.13,-0.02,139,154707,卖盘
873,14:08:30,11.15,0.02,15,16725,卖盘
874,14:08:27,11.13,-0.03,4772,5311236,卖盘
875,14:08:24,11.16,--,10,11160,买盘
876,14:08:21,11.16,--,10,11160,买盘
877,14:08:18,11.16,--,19,21204,买盘
878,14:08:12,11.16,--,39,43524,买盘
879,14:08:09,11.16,--,174,194273,买盘
880,14:08:06,11.16,--,17,18972,买盘
881,14:08:03,11.16,--,83,92628,买盘
882,14:08:00,11.16,--,27,30132,买盘
883,14:07:57,11.16,--,35,39060,买盘
884,14:07:54,11.16,--,47,52452,买盘
885,14:07:51,11.16,--,61,68076,买盘
886,14:07:48,11.16,--,4,4464,买盘
887,14:07:45,11.16,--,45,50220,买盘
888,14:07:42,11.16,--,2,2232,买盘
889,14:07:39,11.16,0.01,41,45756,买盘
890,14:07:36,11.15,-0.01,57,63555,卖盘
891,14:07:33,11.16,--,117,130572,买盘
892,14:07:30,11.16,0.01,2,2232,买盘
893,14:07:27,11.15,--,12,13380,卖盘
894,14:07:24,11.15,-0.01,27,30105,卖盘
895,14:07:21,11.16,--,2,2232,买盘
896,14:07:18,11.16,--,15,16740,买盘
897,14:07:15,11.16,--,21,23436,买盘
898,14:07:12,11.16,--,104,116064,买盘
899,14:07:09,11.16,--,13,14508,买盘
900,14:07:03,11.16,--,67,74772,买盘
901,14:07:00,11.16,--,37,41292,买盘
902,14:06:57,11.16,--,154,171864,买盘
903,14:06:54,11.16,--,3,3348,买盘
904,14:06:51,11.16,--,1,1116,买盘
905,14:06:48,11.16,0.01,2,2232,买盘
906,14:06:45,11.15,-0.01,40,44600,卖盘
907,14:06:42,11.16,0.01,1,1116,买盘
908,14:06:39,11.15,--,6,6690,卖盘
909,14:06:36,11.15,--,2,2230,卖盘
910,14:06:33,11.15,--,121,134915,卖盘
911,14:06:27,11.15,--,2,2230,卖盘
912,14:06:24,11.15,--,14,15610,卖盘
913,14:06:21,11.15,-0.01,18,20070,卖盘
914,14:06:18,11.16,--,14,15624,买盘
915,14:06:12,11.16,0.01,2,2232,买盘
916,14:06:09,11.15,--,14,15610,卖盘
917,14:06:06,11.15,--,33,36795,卖盘
918,14:06:03,11.15,--,147,163905,卖盘
919,14:06:00,11.15,--,410,457150,卖盘
920,14:05:57,11.15,-0.01,8,8920,卖盘
921,14:05:54,11.16,0.01,44,49104,买盘
922,14:05:51,11.15,--,53,59095,卖盘
923,14:05:48,11.15,--,100,111500,卖盘
924,14:05:45,11.15,--,673,750517,买盘
925,14:05:42,11.15,0.01,113,125995,买盘
926,14:05:39,11.14,-0.01,418,465652,卖盘
927,14:05:36,11.15,0.01,62,69130,买盘
928,14:05:33,11.14,--,104,115856,卖盘
929,14:05:30,11.14,--,94,104716,卖盘
930,14:05:27,11.14,--,123,137022,卖盘
931,14:05:24,11.14,-0.01,13,14482,卖盘
932,14:05:21,11.15,0.01,4,4460,买盘
933,14:05:18,11.14,--,25,27850,卖盘
934,14:05:15,11.14,-0.01,15,16710,卖盘
935,14:05:12,11.15,--,14,15610,买盘
936,14:05:09,11.15,--,110,122650,买盘
937,14:05:06,11.15,--,27,30105,买盘
938,14:05:03,11.15,0.01,48,53520,买盘
939,14:05:00,11.14,-0.02,128,143672,卖盘
940,14:04:57,11.16,0.01,107,119412,买盘
941,14:04:54,11.15,--,69,76935,卖盘
942,14:04:48,11.15,--,132,147180,卖盘
943,14:04:45,11.15,--,60,66900,卖盘
944,14:04:39,11.15,--,3,3345,卖盘
945,14:04:36,11.15,--,41,45715,卖盘
946,14:04:33,11.15,-0.01,421,469415,卖盘
947,14:04:30,11.16,--,6,6696,买盘
948,14:04:27,11.16,--,65,72540,买盘
949,14:04:24,11.16,--,947,1056852,买盘
950,14:04:21,11.16,--,62,69192,买盘
951,14:04:18,11.16,--,344,383904,买盘
952,14:04:15,11.16,0.01,86,95976,买盘
953,14:04:12,11.15,--,7,7805,卖盘
954,14:04:09,11.15,--,16,17840,卖盘
955,14:04:06,11.15,-0.01,11,12265,卖盘
956,14:04:03,11.16,0.01,16,17856,买盘
957,14:04:00,11.15,-0.01,62,69130,卖盘
958,14:03:57,11.16,0.01,234,261144,买盘
959,14:03:54,11.15,-0.01,53,59095,卖盘
960,14:03:51,11.16,0.01,36,40176,买盘
961,14:03:48,11.15,--,17,18955,卖盘
962,14:03:45,11.15,-0.01,136,151640,卖盘
963,14:03:42,11.16,0.01,16,17856,买盘
964,14:03:39,11.15,--,52,57980,卖盘
965,14:03:36,11.15,--,53,59095,卖盘
966,14:03:33,11.15,-0.01,124,138260,卖盘
967,14:03:30,11.16,0.01,33,36828,买盘
968,14:03:27,11.15,--,55,61325,卖盘
969,14:03:24,11.15,-0.01,149,166135,卖盘
970,14:03:21,11.16,0.01,1,1116,买盘
971,14:03:18,11.15,-0.02,95,105980,卖盘
972,14:03:15,11.17,0.01,20,22340,买盘
973,14:03:12,11.16,--,14,15624,卖盘
974,14:03:09,11.16,--,213,237786,卖盘
975,14:03:06,11.16,--,147,164052,卖盘
976,14:03:03,11.16,--,14,15624,卖盘
977,14:03:00,11.16,-0.01,3,3348,卖盘
978,14:02:57,11.17,--,120,134040,买盘
979,14:02:54,11.17,--,81,90477,买盘
980,14:02:51,11.17,--,35,39095,买盘
981,14:02:45,11.17,--,21,23457,买盘
982,14:02:42,11.17,--,23,25691,买盘
983,14:02:39,11.17,0.01,2,2234,买盘
984,14:02:33,11.16,--,103,114948,卖盘
985,14:02:30,11.16,--,17,18972,卖盘
986,14:02:27,11.16,--,37,41292,卖盘
987,14:02:24,11.16,-0.01,6,6696,卖盘
988,14:02:21,11.17,0.01,21,23457,买盘
989,14:02:18,11.16,--,34,37944,卖盘
990,14:02:15,11.16,-0.01,4,4464,卖盘
991,14:02:12,11.17,0.01,76,84892,买盘
992,14:02:09,11.16,--,44,49104,卖盘
993,14:02:06,11.16,-0.01,20,22320,卖盘
994,14:02:03,11.17,0.01,107,119519,买盘
995,14:02:00,11.16,--,19,21204,卖盘
996,14:01:57,11.16,-0.01,39,43524,卖盘
997,14:01:54,11.17,0.01,1,1117,买盘
998,14:01:51,11.16,0.01,59,66826,买盘
999,14:01:48,11.15,-0.01,42,46963,卖盘
1000,14:01:45,11.16,--,84,93833,卖盘
1001,14:01:39,11.16,--,3,3348,卖盘
1002,14:01:36,11.16,--,22,24552,卖盘
1003,14:01:33,11.16,-0.01,101,112716,卖盘
1004,14:01:30,11.17,0.01,23,25691,买盘
1005,14:01:27,11.16,-0.01,33,36828,卖盘
1006,14:01:24,11.17,--,20,23233,买盘
1007,14:01:21,11.17,0.01,1,1117,买盘
1008,14:01:18,11.16,-0.01,135,150660,卖盘
1009,14:01:15,11.17,0.01,22,24574,买盘
1010,14:01:12,11.16,-0.01,16,17856,卖盘
1011,14:01:09,11.17,0.01,16,17872,买盘
1012,14:01:06,11.16,-0.01,3,3348,卖盘
1013,14:01:03,11.17,0.01,93,103881,买盘
1014,14:01:00,11.16,-0.01,54,60264,中性盘
1015,14:00:57,11.17,--,6,6702,买盘
1016,14:00:54,11.17,0.02,1,1117,买盘
1017,14:00:51,11.15,--,42,46830,卖盘
1018,14:00:48,11.15,--,119,132685,卖盘
1019,14:00:45,11.15,--,3,3345,卖盘
1020,14:00:42,11.15,-0.02,13,14495,卖盘
1021,14:00:39,11.17,--,70,78190,买盘
1022,14:00:36,11.17,0.02,12,13404,买盘
1023,14:00:33,11.15,--,39,43485,卖盘
1024,14:00:30,11.15,-0.02,49,54635,卖盘
1025,14:00:27,11.17,--,133,148561,买盘
1026,14:00:24,11.17,--,19,21223,买盘
1027,14:00:21,11.17,--,16,17872,买盘
1028,14:00:15,11.17,0.01,254,283718,买盘
1029,14:00:12,11.16,--,88,98208,买盘
1030,14:00:09,11.16,0.01,25,27900,买盘
1031,14:00:06,11.15,-0.01,1,1115,卖盘
1032,14:00:03,11.16,0.01,5,5580,买盘
1033,14:00:00,11.15,-0.01,111,123765,卖盘
1034,13:59:57,11.16,0.01,184,205344,买盘
1035,13:59:54,11.15,-0.01,8,8920,卖盘
1036,13:59:51,11.16,--,24,26784,买盘
1037,13:59:48,11.16,--,21,23436,买盘
1038,13:59:45,11.16,--,17,18972,买盘
1039,13:59:42,11.16,0.01,3,3348,中性盘
1040,13:59:39,11.15,--,3,3345,卖盘
1041,13:59:36,11.15,-0.01,66,73590,卖盘
1042,13:59:33,11.16,0.01,7,7812,买盘
1043,13:59:30,11.15,-0.02,87,97005,卖盘
1044,13:59:27,11.17,--,767,857777,买盘
1045,13:59:24,11.17,--,24,26808,买盘
1046,13:59:21,11.17,0.01,17,18989,买盘
1047,13:59:18,11.16,--,66,73656,卖盘
1048,13:59:15,11.16,--,614,685224,卖盘
1049,13:59:12,11.16,-0.01,23,25668,卖盘
1050,13:59:09,11.17,0.01,4,4468,买盘
1051,13:59:06,11.16,-0.01,5,5580,卖盘
1052,13:59:03,11.17,0.01,19,21223,买盘
1053,13:59:00,11.16,-0.01,1,1116,卖盘
1054,13:58:57,11.17,0.01,3,3351,买盘
1055,13:58:54,11.16,--,5,5580,卖盘
1056,13:58:51,11.16,-0.01,169,188604,卖盘
1057,13:58:48,11.17,0.01,130,145210,买盘
1058,13:58:45,11.16,--,34,37944,卖盘
1059,13:58:42,11.16,-0.01,25,27900,卖盘
1060,13:58:39,11.17,--,26,29042,买盘
1061,13:58:36,11.17,0.01,18,20106,买盘
1062,13:58:33,11.16,--,5,5580,卖盘
1063,13:58:30,11.16,--,51,56916,卖盘
1064,13:58:27,11.16,-0.01,17,18972,卖盘
1065,13:58:24,11.17,0.01,19,21223,买盘
1066,13:58:21,11.16,--,7,7812,卖盘
1067,13:58:18,11.16,-0.01,13,14508,卖盘
1068,13:58:15,11.17,0.01,10,11170,买盘
1069,13:58:12,11.16,--,18,20088,卖盘
1070,13:58:09,11.16,-0.01,2,2232,卖盘
1071,13:58:06,11.17,--,172,192124,买盘
1072,13:58:03,11.17,0.01,5,5585,买盘
1073,13:58:00,11.16,--,35,39060,卖盘
1074,13:57:57,11.16,--,2,2232,卖盘
1075,13:57:54,11.16,-0.01,19,21204,卖盘
1076,13:57:51,11.17,--,27,30159,买盘
1077,13:57:48,11.17,0.01,8,8936,买盘
1078,13:57:45,11.16,--,161,179754,卖盘
1079,13:57:39,11.16,--,51,56916,卖盘
1080,13:57:36,11.16,-0.01,16,17856,卖盘
1081,13:57:33,11.17,--,1,1117,买盘
1082,13:57:30,11.17,0.01,1,1117,买盘
1083,13:57:27,11.16,-0.01,5,5580,卖盘
1084,13:57:24,11.17,--,15,16755,买盘
1085,13:57:21,11.17,0.01,21,23457,买盘
1086,13:57:18,11.16,--,29,32364,卖盘
1087,13:57:15,11.16,-0.01,2,2232,卖盘
1088,13:57:12,11.17,--,17,18989,买盘
1089,13:57:09,11.17,0.01,2,2234,买盘
1090,13:57:06,11.16,--,5,5580,卖盘
1091,13:57:03,11.16,0.01,93,103788,买盘
1092,13:57:00,11.15,-0.01,14,15610,卖盘
1093,13:56:57,11.16,--,81,90396,买盘
1094,13:56:54,11.16,--,34,37944,买盘
1095,13:56:51,11.16,0.01,199,222084,买盘
1096,13:56:48,11.15,--,13,14495,卖盘
1097,13:56:45,11.15,-0.01,3,3345,卖盘
1098,13:56:42,11.16,--,15,16740,买盘
1099,13:56:39,11.16,--,56,62496,买盘
1100,13:56:36,11.16,--,32,35712,中性盘
1101,13:56:33,11.16,0.01,60,66960,买盘
1102,13:56:30,11.15,--,28,31220,卖盘
1103,13:56:27,11.15,-0.01,50,55783,卖盘
1104,13:56:24,11.16,-0.01,90,101522,卖盘
1105,13:56:21,11.17,0.01,51,56967,买盘
1106,13:56:18,11.16,--,634,707544,卖盘
1107,13:56:15,11.16,-0.01,14,15624,卖盘
1108,13:56:12,11.17,0.01,23,25691,买盘
1109,13:56:09,11.16,-0.01,18,20088,卖盘
1110,13:56:06,11.17,--,2,2234,买盘
1111,13:56:03,11.17,0.01,3,3351,买盘
1112,13:56:00,11.16,--,1,1116,卖盘
1113,13:55:57,11.16,-0.01,24,26784,卖盘
1114,13:55:54,11.17,--,1,1117,买盘
1115,13:55:51,11.17,--,2,2234,买盘
1116,13:55:48,11.17,--,4,4468,买盘
1117,13:55:45,11.17,0.01,1,1117,买盘
1118,13:55:42,11.16,-0.01,9,10044,卖盘
1119,13:55:39,11.17,--,9,10053,买盘
1120,13:55:36,11.17,--,14,15638,买盘
1121,13:55:33,11.17,-0.01,40,44680,卖盘
1122,13:55:30,11.18,0.01,149,166582,买盘
1123,13:55:27,11.17,--,1,1117,卖盘
1124,13:55:24,11.17,--,7,7819,卖盘
1125,13:55:21,11.17,--,118,131806,买盘
1126,13:55:18,11.17,--,1,1117,买盘
1127,13:55:15,11.17,0.01,40,44680,买盘
1128,13:55:12,11.16,--,37,41292,卖盘
1129,13:55:09,11.16,--,16,17856,卖盘
1130,13:55:06,11.16,-0.01,21,23436,卖盘
1131,13:55:03,11.17,--,14,15638,买盘
1132,13:55:00,11.17,--,32,35744,买盘
1133,13:54:57,11.17,0.01,18,20106,买盘
1134,13:54:54,11.16,-0.01,22,24552,卖盘
1135,13:54:51,11.17,--,37,41329,买盘
1136,13:54:48,11.17,0.01,242,270314,买盘
1137,13:54:45,11.16,--,24,26784,卖盘
1138,13:54:42,11.16,--,10,11160,卖盘
1139,13:54:39,11.16,--,83,93029,卖盘
1140,13:54:36,11.16,-0.01,54,60264,卖盘
1141,13:54:33,11.17,0.01,1,1117,买盘
1142,13:54:30,11.16,--,4,4464,卖盘
1143,13:54:27,11.16,--,7,7812,卖盘
1144,13:54:24,11.16,-0.01,29,32364,卖盘
1145,13:54:21,11.17,0.01,44,49148,买盘
1146,13:54:18,11.16,--,5,5580,卖盘
1147,13:54:15,11.16,--,25,27900,卖盘
1148,13:54:12,11.16,-0.01,20,22320,卖盘
1149,13:54:09,11.17,--,4,4468,买盘
1150,13:54:06,11.17,--,14,15638,买盘
1151,13:54:03,11.17,--,2,2234,买盘
1152,13:54:00,11.17,--,42,46914,买盘
1153,13:53:57,11.17,--,5,5585,买盘
1154,13:53:54,11.17,--,75,83775,买盘
1155,13:53:51,11.17,--,11,12287,买盘
1156,13:53:48,11.17,--,1,1117,买盘
1157,13:53:45,11.17,--,96,107321,买盘
1158,13:53:42,11.17,0.01,24,26808,买盘
1159,13:53:39,11.16,-0.01,92,102672,卖盘
1160,13:53:36,11.17,--,60,67020,买盘
1161,13:53:33,11.17,0.01,2,2234,买盘
1162,13:53:30,11.16,--,22,24552,卖盘
1163,13:53:27,11.16,--,21,23436,卖盘
1164,13:53:24,11.16,-0.01,4,4464,卖盘
1165,13:53:21,11.17,--,67,74839,买盘
1166,13:53:18,11.17,--,3,3351,买盘
1167,13:53:15,11.17,0.01,2,2234,买盘
1168,13:53:12,11.16,-0.01,34,37944,卖盘
1169,13:53:09,11.17,0.01,150,167550,买盘
1170,13:53:06,11.16,-0.01,31,34596,卖盘
1171,13:53:03,11.17,--,41,45797,买盘
1172,13:53:00,11.17,--,7,7819,买盘
1173,13:52:57,11.17,0.01,44,49148,买盘
1174,13:52:54,11.16,-0.01,70,78120,卖盘
1175,13:52:51,11.17,--,205,228985,买盘
1176,13:52:48,11.17,0.01,313,349621,买盘
1177,13:52:45,11.16,--,7,7812,卖盘
1178,13:52:39,11.16,-0.01,33,36828,卖盘
1179,13:52:36,11.17,--,286,319462,买盘
1180,13:52:33,11.17,--,29,32393,买盘
1181,13:52:30,11.17,0.01,48,53616,买盘
1182,13:52:27,11.16,-0.01,135,150660,卖盘
1183,13:52:24,11.17,--,36,40212,买盘
1184,13:52:21,11.17,--,2,2234,买盘
1185,13:52:18,11.17,--,5,5585,买盘
1186,13:52:15,11.17,0.01,91,101647,买盘
1187,13:52:12,11.16,-0.01,77,85932,卖盘
1188,13:52:09,11.17,0.01,32,35744,买盘
1189,13:52:06,11.16,--,63,70308,卖盘
1190,13:52:03,11.16,--,45,50220,卖盘
1191,13:52:00,11.16,-0.01,217,242172,卖盘
1192,13:51:57,11.17,0.01,19,21223,买盘
1193,13:51:54,11.16,--,176,196416,卖盘
1194,13:51:51,11.16,--,53,59148,卖盘
1195,13:51:48,11.16,--,1,1116,卖盘
1196,13:51:45,11.16,--,3,3348,卖盘
1197,13:51:42,11.16,-0.01,119,132804,卖盘
1198,13:51:39,11.17,--,30,33510,买盘
1199,13:51:36,11.17,0.01,4,4468,买盘
1200,13:51:33,11.16,--,36,40176,卖盘
1201,13:51:30,11.16,--,56,62496,卖盘
1202,13:51:27,11.16,-0.01,1,1116,卖盘
1203,13:51:24,11.17,--,111,123987,买盘
1204,13:51:18,11.17,--,40,44680,卖盘
1205,13:51:15,11.17,-0.01,104,116168,卖盘
1206,13:51:12,11.18,0.01,72,80496,买盘
1207,13:51:06,11.17,--,15,16755,卖盘
1208,13:51:03,11.17,--,123,137480,卖盘
1209,13:51:00,11.17,-0.01,8,8936,卖盘
1210,13:50:57,11.18,--,36,40248,买盘
1211,13:50:54,11.18,0.01,3,3354,买盘
1212,13:50:51,11.17,--,7,7819,卖盘
1213,13:50:45,11.17,-0.01,13,14521,卖盘
1214,13:50:42,11.18,0.01,80,89440,买盘
1215,13:50:39,11.17,--,109,121753,卖盘
1216,13:50:36,11.17,--,15,16755,卖盘
1217,13:50:30,11.17,--,63,70371,卖盘
1218,13:50:27,11.17,--,34,37978,卖盘
1219,13:50:24,11.17,-0.01,104,116168,卖盘
1220,13:50:21,11.18,0.01,1,1118,买盘
1221,13:50:18,11.17,--,51,56967,卖盘
1222,13:50:15,11.17,-0.01,4,4468,卖盘
1223,13:50:12,11.18,0.01,95,106210,买盘
1224,13:50:09,11.17,--,32,35744,卖盘
1225,13:50:06,11.17,--,4,4468,卖盘
1226,13:50:03,11.17,-0.01,30,33510,卖盘
1227,13:50:00,11.18,--,183,204594,买盘
1228,13:49:57,11.18,0.01,9,10062,买盘
1229,13:49:54,11.17,--,17,18989,卖盘
1230,13:49:51,11.17,--,7,7819,卖盘
1231,13:49:48,11.17,--,16,17872,卖盘
1232,13:49:45,11.17,--,36,40212,卖盘
1233,13:49:42,11.17,--,7,7819,卖盘
1234,13:49:39,11.17,-0.01,13,14521,卖盘
1235,13:49:33,11.18,0.01,16,17888,买盘
1236,13:49:30,11.17,-0.01,2,2234,卖盘
1237,13:49:27,11.18,--,182,203476,买盘
1238,13:49:24,11.18,--,5,5590,买盘
1239,13:49:21,11.18,--,11,12298,买盘
1240,13:49:18,11.18,--,8,8944,买盘
1241,13:49:15,11.18,--,100,111800,买盘
1242,13:49:12,11.18,--,331,370661,卖盘
1243,13:49:09,11.18,-0.01,53,59254,卖盘
1244,13:49:06,11.19,0.01,119,133161,买盘
1245,13:49:03,11.18,-0.01,131,146458,卖盘
1246,13:49:00,11.19,0.01,7,7833,买盘
1247,13:48:57,11.18,-0.01,73,81614,卖盘
1248,13:48:54,11.19,--,34,38046,买盘
1249,13:48:51,11.19,0.01,3,3357,买盘
1250,13:48:48,11.18,--,15,16770,卖盘
1251,13:48:45,11.18,--,15,16770,卖盘
1252,13:48:42,11.18,-0.01,63,70870,卖盘
1253,13:48:39,11.19,0.01,150,167850,买盘
1254,13:48:33,11.18,--,101,112918,卖盘
1255,13:48:30,11.18,-0.01,70,78338,卖盘
1256,13:48:27,11.19,0.01,32,35808,买盘
1257,13:48:24,11.18,-0.01,13,14534,卖盘
1258,13:48:21,11.19,0.01,30,33570,买盘
1259,13:48:18,11.18,--,31,34658,卖盘
1260,13:48:15,11.18,-0.01,12,13416,卖盘
1261,13:48:12,11.19,--,46,51474,买盘
1262,13:48:09,11.19,--,2,2238,买盘
1263,13:48:06,11.19,0.01,2,2238,买盘
1264,13:48:03,11.18,-0.01,1,1118,卖盘
1265,13:48:00,11.19,-0.01,48,53712,卖盘
1266,13:47:57,11.2,0.01,3,3360,买盘
1267,13:47:54,11.19,--,33,36927,买盘
1268,13:47:51,11.19,--,5,5595,买盘
1269,13:47:48,11.19,--,27,30213,买盘
1270,13:47:45,11.19,--,49,54831,卖盘
1271,13:47:42,11.19,0.01,4,4476,中性盘
1272,13:47:36,11.18,-0.01,15,16770,卖盘
1273,13:47:33,11.19,--,8,8952,买盘
1274,13:47:30,11.19,0.01,2,2238,买盘
1275,13:47:27,11.18,--,5,5590,卖盘
1276,13:47:24,11.18,-0.01,14,15652,卖盘
1277,13:47:21,11.19,0.01,18,20142,买盘
1278,13:47:15,11.18,-0.01,14,15652,卖盘
1279,13:47:12,11.19,-0.01,2,2238,中性盘
1280,13:47:09,11.2,--,129,144961,买盘
1281,13:47:06,11.2,--,110,123199,买盘
1282,13:47:03,11.2,0.01,18,20160,买盘
1283,13:47:00,11.19,--,2,2238,卖盘
1284,13:46:57,11.19,--,36,40284,卖盘
1285,13:46:54,11.19,--,32,35808,卖盘
1286,13:46:51,11.19,--,15,16785,卖盘
1287,13:46:48,11.19,-0.02,18,20142,卖盘
1288,13:46:45,11.21,0.02,5,5605,买盘
1289,13:46:42,11.19,-0.02,13,14547,卖盘
1290,13:46:39,11.21,0.02,49,54929,买盘
1291,13:46:36,11.19,--,148,165612,卖盘
1292,13:46:33,11.19,--,18,20142,卖盘
1293,13:46:30,11.19,--,18,20142,卖盘
1294,13:46:27,11.19,-0.02,54,60426,卖盘
1295,13:46:21,11.21,0.02,24,26904,买盘
1296,13:46:18,11.19,--,3,3357,卖盘
1297,13:46:15,11.19,--,37,41403,卖盘
1298,13:46:12,11.19,--,13,14547,卖盘
1299,13:46:09,11.19,--,105,117584,卖盘
1300,13:46:06,11.19,-0.01,113,126447,卖盘
1301,13:46:03,11.2,0.01,20,22400,买盘
1302,13:46:00,11.19,-0.01,70,78330,卖盘
1303,13:45:57,11.2,--,3,3360,买盘
1304,13:45:54,11.2,--,3,3360,买盘
1305,13:45:51,11.2,0.01,15,16800,买盘
1306,13:45:48,11.19,--,13,14547,卖盘
1307,13:45:36,11.19,-0.02,16,17904,卖盘
1308,13:45:33,11.21,0.01,18,20178,买盘
1309,13:45:30,11.2,--,2,2240,卖盘
1310,13:45:27,11.2,0.01,100,112000,买盘
1311,13:45:24,11.19,-0.01,14,15666,卖盘
1312,13:45:21,11.2,--,1,1120,买盘
1313,13:45:18,11.2,--,85,95200,卖盘
1314,13:45:12,11.2,--,127,142240,卖盘
1315,13:45:09,11.2,-0.01,81,90720,卖盘
1316,13:45:06,11.21,--,2,2242,买盘
1317,13:45:03,11.21,0.01,66,73986,买盘
1318,13:45:00,11.2,-0.01,19,21280,卖盘
1319,13:44:57,11.21,--,3,3363,买盘
1320,13:44:51,11.21,--,16,17936,买盘
1321,13:44:48,11.21,--,11,12331,买盘
1322,13:44:45,11.21,--,31,34751,买盘
1323,13:44:42,11.21,--,2,2242,买盘
1324,13:44:39,11.21,--,80,89680,买盘
1325,13:44:36,11.21,--,37,41477,买盘
1326,13:44:33,11.21,--,1,1121,买盘
1327,13:44:27,11.21,--,8,8968,买盘
1328,13:44:24,11.21,--,1,1121,买盘
1329,13:44:21,11.21,--,1,1121,买盘
1330,13:44:18,11.21,--,22,24662,买盘
1331,13:44:12,11.21,0.01,2,2242,买盘
1332,13:44:06,11.2,-0.01,6,6720,卖盘
1333,13:44:03,11.21,--,17,19057,买盘
1334,13:44:00,11.21,0.01,1,1121,买盘
1335,13:43:57,11.2,-0.01,175,196000,卖盘
1336,13:43:54,11.21,0.01,152,170392,买盘
1337,13:43:51,11.2,-0.01,29,32479,卖盘
1338,13:43:48,11.21,0.01,15,16815,买盘
1339,13:43:45,11.2,--,15,16800,卖盘
1340,13:43:42,11.2,--,10,11200,卖盘
1341,13:43:39,11.2,--,14,15679,卖盘
1342,13:43:33,11.2,--,5,5600,卖盘
1343,13:43:30,11.2,--,30,33600,卖盘
1344,13:43:27,11.2,--,5,5600,卖盘
1345,13:43:24,11.2,-0.01,8,8960,卖盘
1346,13:43:21,11.21,0.01,1,1121,买盘
1347,13:43:18,11.2,-0.01,114,127679,卖盘
1348,13:43:15,11.21,--,60,67260,买盘
1349,13:43:12,11.21,--,2,2242,买盘
1350,13:43:09,11.21,0.01,20,22420,买盘
1351,13:43:06,11.2,-0.01,32,35840,卖盘
1352,13:43:00,11.21,0.01,3,3363,买盘
1353,13:42:57,11.2,--,15,16800,卖盘
1354,13:42:54,11.2,--,5,5600,卖盘
1355,13:42:48,11.2,--,73,81849,卖盘
1356,13:42:45,11.2,--,15,16800,卖盘
1357,13:42:42,11.2,--,50,56000,卖盘
1358,13:42:36,11.2,-0.01,13,14559,卖盘
1359,13:42:30,11.21,0.01,1,1121,买盘
1360,13:42:27,11.2,-0.01,17,19040,卖盘
1361,13:42:24,11.21,--,39,43719,买盘
1362,13:42:18,11.21,0.01,10,11210,买盘
1363,13:42:12,11.2,-0.01,15,16800,卖盘
1364,13:42:06,11.21,--,51,57171,买盘
1365,13:42:03,11.21,0.01,82,91922,买盘
1366,13:42:00,11.2,--,17,19040,卖盘
1367,13:41:57,11.2,--,22,24640,卖盘
1368,13:41:54,11.2,-0.01,21,23520,卖盘
1369,13:41:51,11.21,--,18,20178,买盘
1370,13:41:48,11.21,--,21,23541,买盘
1371,13:41:45,11.21,--,3,3363,买盘
1372,13:41:39,11.21,--,29,32509,买盘
1373,13:41:33,11.21,0.01,23,25783,买盘
1374,13:41:30,11.2,-0.01,11,12320,卖盘
1375,13:41:27,11.21,--,114,127794,卖盘
1376,13:41:24,11.21,--,84,94164,卖盘
1377,13:41:21,11.21,--,90,100890,卖盘
1378,13:41:18,11.21,-0.01,15,16815,卖盘
1379,13:41:15,11.22,--,1,1122,买盘
1380,13:41:12,11.22,--,161,180642,买盘
1381,13:41:09,11.22,0.01,241,270402,买盘
1382,13:41:06,11.21,-0.01,15,16815,卖盘
1383,13:41:03,11.22,0.01,12,13464,买盘
1384,13:41:00,11.21,-0.01,18,20178,卖盘
1385,13:40:57,11.22,0.01,19,21318,买盘
1386,13:40:54,11.21,-0.01,16,17936,卖盘
1387,13:40:51,11.22,0.01,11,12342,买盘
1388,13:40:48,11.21,-0.01,6,6726,卖盘
1389,13:40:45,11.22,0.01,36,40392,买盘
1390,13:40:42,11.21,--,3,3363,卖盘
1391,13:40:36,11.21,--,12,13452,卖盘
1392,13:40:33,11.21,--,17,19057,卖盘
1393,13:40:30,11.21,--,1,1121,卖盘
1394,13:40:27,11.21,-0.01,12,13452,卖盘
1395,13:40:24,11.22,0.01,16,17952,买盘
1396,13:40:21,11.21,--,23,25783,卖盘
1397,13:40:18,11.21,--,31,34751,卖盘
1398,13:40:15,11.21,-0.01,15,16815,卖盘
1399,13:40:12,11.22,0.01,26,29172,买盘
1400,13:40:09,11.21,--,27,30267,卖盘
1401,13:40:06,11.21,--,9,10089,卖盘
1402,13:40:00,11.21,-0.01,16,17936,卖盘
1403,13:39:57,11.22,--,21,23562,买盘
1404,13:39:54,11.22,0.01,2,2244,买盘
1405,13:39:51,11.21,--,16,17936,卖盘
1406,13:39:48,11.21,-0.01,88,98648,卖盘
1407,13:39:45,11.22,--,25,28050,买盘
1408,13:39:42,11.22,--,45,50490,买盘
1409,13:39:39,11.22,0.01,122,136884,买盘
1410,13:39:36,11.21,--,29,32509,卖盘
1411,13:39:33,11.21,--,133,149171,卖盘
1412,13:39:30,11.21,--,3,3363,卖盘
1413,13:39:27,11.21,-0.01,1,1121,卖盘
1414,13:39:24,11.22,--,12,13464,买盘
1415,13:39:21,11.22,0.01,16,17952,买盘
1416,13:39:18,11.21,--,8,8968,卖盘
1417,13:39:15,11.21,-0.01,14,15694,卖盘
1418,13:39:12,11.22,--,4,4488,买盘
1419,13:39:06,11.22,0.01,17,19074,买盘
1420,13:39:03,11.21,-0.01,33,36993,卖盘
1421,13:39:00,11.22,0.01,270,302940,买盘
1422,13:38:57,11.21,-0.01,17,19057,卖盘
1423,13:38:54,11.22,0.01,3,3366,买盘
1424,13:38:51,11.21,--,12,13452,卖盘
1425,13:38:48,11.21,--,17,19057,卖盘
1426,13:38:45,11.21,-0.01,66,73986,卖盘
1427,13:38:42,11.22,--,11,12342,买盘
1428,13:38:39,11.22,0.01,5,5610,买盘
1429,13:38:36,11.21,-0.01,14,15694,卖盘
1430,13:38:33,11.22,--,22,24684,买盘
1431,13:38:30,11.22,--,17,19074,买盘
1432,13:38:27,11.22,0.01,39,43758,买盘
1433,13:38:24,11.21,--,23,25783,卖盘
1434,13:38:15,11.21,-0.01,14,15694,卖盘
1435,13:38:09,11.22,0.01,7,7854,买盘
1436,13:38:06,11.21,-0.01,14,15694,卖盘
1437,13:38:03,11.22,--,1,1122,买盘
1438,13:38:00,11.22,--,1,1122,买盘
1439,13:37:57,11.22,--,4,4488,买盘
1440,13:37:54,11.22,0.01,42,47124,买盘
1441,13:37:51,11.21,--,145,162545,卖盘
1442,13:37:48,11.21,--,1,1121,卖盘
1443,13:37:42,11.21,--,86,96495,卖盘
1444,13:37:39,11.21,--,78,87886,卖盘
1445,13:37:36,11.21,-0.01,2,2242,卖盘
1446,13:37:33,11.22,--,16,17952,买盘
1447,13:37:27,11.22,0.01,5,5610,买盘
1448,13:37:24,11.21,-0.01,1,1121,卖盘
1449,13:37:21,11.22,0.01,14,15708,买盘
1450,13:37:18,11.21,--,34,38114,卖盘
1451,13:37:15,11.21,--,31,34751,卖盘
1452,13:37:12,11.21,--,15,16815,卖盘
1453,13:37:06,11.21,-0.01,31,34751,卖盘
1454,13:37:03,11.22,--,12,13464,买盘
1455,13:37:00,11.22,0.01,45,50490,买盘
1456,13:36:57,11.21,-0.01,51,57171,卖盘
1457,13:36:54,11.22,--,3,3366,买盘
1458,13:36:51,11.22,0.01,6,6732,买盘
1459,13:36:45,11.21,--,24,26904,卖盘
1460,13:36:42,11.21,-0.01,54,60534,卖盘
1461,13:36:39,11.22,--,5,5610,买盘
1462,13:36:36,11.22,0.01,6,6732,买盘
1463,13:36:33,11.21,--,14,15694,卖盘
1464,13:36:30,11.21,--,1,1121,卖盘
1465,13:36:27,11.21,-0.01,14,15694,卖盘
1466,13:36:21,11.22,0.01,45,50490,买盘
1467,13:36:18,11.21,--,55,61655,卖盘
1468,13:36:12,11.21,-0.01,20,22420,卖盘
1469,13:36:09,11.22,0.01,2,2244,买盘
1470,13:36:06,11.21,-0.01,2,2242,卖盘
1471,13:36:03,11.22,0.01,4,4488,买盘
1472,13:36:00,11.21,-0.01,15,16815,卖盘
1473,13:35:57,11.22,--,3,3366,买盘
1474,13:35:54,11.22,--,5,5610,买盘
1475,13:35:51,11.22,0.01,19,21318,买盘
1476,13:35:48,11.21,0.01,136,152456,买盘
1477,13:35:45,11.2,-0.01,33,36960,卖盘
1478,13:35:42,11.21,--,55,61655,买盘
1479,13:35:39,11.21,0.01,188,210748,买盘
1480,13:35:36,11.2,--,39,43680,卖盘
1481,13:35:33,11.2,--,7,7839,卖盘
1482,13:35:30,11.2,--,190,212800,卖盘
1483,13:35:27,11.2,-0.01,2,2240,卖盘
1484,13:35:24,11.21,--,38,42598,买盘
1485,13:35:21,11.21,--,1,1121,买盘
1486,13:35:18,11.21,0.01,5,5605,买盘
1487,13:35:15,11.2,-0.01,14,15679,卖盘
1488,13:35:12,11.21,0.01,4,4484,买盘
1489,13:35:09,11.2,--,24,26880,卖盘
1490,13:35:06,11.2,-0.02,13,14559,卖盘
1491,13:35:03,11.22,0.01,94,105468,买盘
1492,13:35:00,11.21,-0.01,3,3363,卖盘
1493,13:34:57,11.22,--,25,28050,买盘
1494,13:34:54,11.22,0.01,2,2244,买盘
1495,13:34:51,11.21,--,31,34751,卖盘
1496,13:34:45,11.21,--,15,16815,卖盘
1497,13:34:42,11.21,--,3,3363,卖盘
1498,13:34:39,11.21,-0.01,2,2242,中性盘
1499,13:34:33,11.22,0.02,18,20196,买盘
1500,13:34:27,11.2,--,2,2240,卖盘
1501,13:34:24,11.2,--,15,16800,卖盘
1502,13:34:18,11.2,--,34,38080,卖盘
1503,13:34:15,11.2,-0.02,155,173600,卖盘
1504,13:34:12,11.22,0.01,15,16830,买盘
1505,13:34:06,11.21,-0.01,4,4484,卖盘
1506,13:34:03,11.22,--,30,33660,买盘
1507,13:34:00,11.22,0.01,37,41514,买盘
1508,13:33:57,11.21,-0.01,13,14573,卖盘
1509,13:33:54,11.22,0.01,11,12342,买盘
1510,13:33:51,11.21,-0.01,35,39235,卖盘
1511,13:33:48,11.22,0.01,3,3366,买盘
1512,13:33:45,11.21,-0.01,22,24662,卖盘
1513,13:33:42,11.22,0.01,139,155958,买盘
1514,13:33:39,11.21,-0.01,16,17936,卖盘
1515,13:33:36,11.22,0.01,11,12342,买盘
1516,13:33:33,11.21,--,140,156940,卖盘
1517,13:33:30,11.21,--,13,14573,卖盘
1518,13:33:27,11.21,--,2,2242,卖盘
1519,13:33:24,11.21,-0.01,36,40356,卖盘
1520,13:33:21,11.22,0.01,14,15708,买盘
1521,13:33:18,11.21,--,20,22420,卖盘
1522,13:33:15,11.21,0.01,14,15694,中性盘
1523,13:33:12,11.2,-0.02,17,19040,卖盘
1524,13:33:06,11.22,0.02,54,60588,买盘
1525,13:33:03,11.2,-0.01,38,42560,卖盘
1526,13:33:00,11.21,--,5,5605,卖盘
1527,13:32:57,11.21,-0.01,2,2242,卖盘
1528,13:32:54,11.22,--,4,4488,买盘
1529,13:32:51,11.22,0.02,4,4488,买盘
1530,13:32:48,11.2,-0.02,14,15679,卖盘
1531,13:32:45,11.22,0.01,73,81906,买盘
1532,13:32:42,11.21,--,7,7847,买盘
1533,13:32:39,11.21,--,34,38114,卖盘
1534,13:32:36,11.21,--,125,140125,买盘
1535,13:32:33,11.21,-0.01,10,11210,卖盘
1536,13:32:30,11.22,--,107,120054,买盘
1537,13:32:27,11.22,--,9,10098,买盘
1538,13:32:24,11.22,--,68,76296,买盘
1539,13:32:21,11.22,--,33,37026,买盘
1540,13:32:18,11.22,0.01,140,157080,买盘
1541,13:32:15,11.21,-0.01,9,10089,卖盘
1542,13:32:12,11.22,--,21,23562,买盘
1543,13:32:09,11.22,0.01,34,38148,买盘
1544,13:32:06,11.21,--,221,247741,卖盘
1545,13:32:03,11.21,-0.01,27,30267,卖盘
1546,13:32:00,11.22,--,27,30294,买盘
1547,13:31:57,11.22,0.01,4,4488,买盘
1548,13:31:54,11.21,-0.01,45,50445,卖盘
1549,13:31:51,11.22,0.01,170,190740,买盘
1550,13:31:48,11.21,--,24,26904,卖盘
1551,13:31:45,11.21,0.01,385,431585,买盘
1552,13:31:42,11.2,-0.01,8,8960,卖盘
1553,13:31:39,11.21,0.01,9,10089,买盘
1554,13:31:36,11.2,-0.01,1,1120,卖盘
1555,13:31:33,11.21,0.01,5,5605,买盘
1556,13:31:30,11.2,0.01,90,100800,买盘
1557,13:31:27,11.19,-0.01,58,64902,卖盘
1558,13:31:24,11.2,0.01,23,25760,买盘
1559,13:31:21,11.19,-0.01,1,1119,卖盘
1560,13:31:18,11.2,--,102,114240,买盘
1561,13:31:15,11.2,--,7,7839,买盘
1562,13:31:12,11.2,0.01,102,114240,买盘
1563,13:31:09,11.19,--,21,23499,卖盘
1564,13:31:06,11.19,-0.01,74,82806,卖盘
1565,13:31:03,11.2,0.01,327,366240,买盘
1566,13:31:00,11.19,-0.01,15,16785,卖盘
1567,13:30:57,11.2,--,3,3360,买盘
1568,13:30:51,11.2,--,355,397600,买盘
1569,13:30:48,11.2,--,5,5600,买盘
1570,13:30:42,11.2,0.01,42,47040,买盘
1571,13:30:39,11.19,-0.01,12,13428,卖盘
1572,13:30:36,11.2,--,208,232959,买盘
1573,13:30:33,11.2,--,1,1120,买盘
1574,13:30:30,11.2,0.01,6,6720,买盘
1575,13:30:27,11.19,-0.01,19,21261,卖盘
1576,13:30:24,11.2,--,2,2240,买盘
1577,13:30:21,11.2,0.01,20,22400,买盘
1578,13:30:18,11.19,-0.01,44,49236,卖盘
1579,13:30:15,11.2,--,4,4480,买盘
1580,13:30:12,11.2,--,81,90720,买盘
1581,13:30:06,11.2,0.01,20,22400,买盘
1582,13:30:03,11.19,-0.01,42,46998,卖盘
1583,13:29:57,11.2,0.01,3,3360,买盘
1584,13:29:54,11.19,--,71,79997,买盘
1585,13:29:51,11.19,--,276,308844,买盘
1586,13:29:48,11.19,--,3,3357,买盘
1587,13:29:45,11.19,0.01,3,3357,买盘
1588,13:29:42,11.18,-0.01,20,22360,卖盘
1589,13:29:36,11.19,--,23,25737,买盘
1590,13:29:33,11.19,0.01,1,1119,买盘
1591,13:29:30,11.18,-0.01,14,15652,卖盘
1592,13:29:27,11.19,0.01,4,4476,买盘
1593,13:29:24,11.18,-0.01,13,14534,卖盘
1594,13:29:21,11.19,0.01,1,1119,买盘
1595,13:29:18,11.18,-0.01,23,25714,卖盘
1596,13:29:15,11.19,--,37,41403,买盘
1597,13:29:12,11.19,0.01,16,17904,买盘
1598,13:29:09,11.18,-0.01,5,5590,卖盘
1599,13:29:06,11.19,--,8,8952,买盘
1600,13:29:03,11.19,--,25,27975,买盘
1601,13:29:00,11.19,0.01,8,8952,买盘
1602,13:28:57,11.18,-0.01,15,16770,卖盘
1603,13:28:54,11.19,0.01,1,1119,买盘
1604,13:28:51,11.18,--,15,16770,卖盘
1605,13:28:48,11.18,-0.01,14,15652,卖盘
1606,13:28:42,11.19,0.01,3,3357,买盘
1607,13:28:39,11.18,--,5,5590,卖盘
1608,13:28:36,11.18,--,91,101738,卖盘
1609,13:28:33,11.18,-0.01,55,61490,卖盘
1610,13:28:30,11.19,0.01,1,1119,买盘
1611,13:28:27,11.18,--,170,190060,卖盘
1612,13:28:18,11.18,--,33,36894,卖盘
1613,13:28:12,11.18,--,14,15652,卖盘
1614,13:28:09,11.18,-0.01,20,22360,卖盘
1615,13:28:06,11.19,0.01,15,16785,买盘
1616,13:28:03,11.18,--,114,127452,卖盘
1617,13:28:00,11.18,--,21,23478,卖盘
1618,13:27:57,11.18,--,18,20124,卖盘
1619,13:27:54,11.18,-0.01,20,22360,卖盘
1620,13:27:51,11.19,0.01,16,17904,买盘
1621,13:27:48,11.18,--,1,1118,卖盘
1622,13:27:45,11.18,-0.01,12,13416,卖盘
1623,13:27:42,11.19,--,53,59307,买盘
1624,13:27:39,11.19,0.01,5,5595,买盘
1625,13:27:33,11.18,-0.01,60,67080,卖盘
1626,13:27:30,11.19,--,5,5595,买盘
1627,13:27:27,11.19,--,2,2238,买盘
1628,13:27:24,11.19,--,3,3357,买盘
1629,13:27:21,11.19,0.01,13,14547,买盘
1630,13:27:15,11.18,-0.01,17,19006,卖盘
1631,13:27:12,11.19,0.01,1,1119,买盘
1632,13:27:09,11.18,-0.01,13,14534,卖盘
1633,13:27:06,11.19,0.01,11,12309,买盘
1634,13:27:03,11.18,--,27,30186,卖盘
1635,13:27:00,11.18,-0.01,20,22360,卖盘
1636,13:26:57,11.19,--,16,17904,买盘
1637,13:26:54,11.19,0.01,6,6714,买盘
1638,13:26:51,11.18,--,41,45838,卖盘
1639,13:26:48,11.18,-0.01,28,31304,卖盘
1640,13:26:45,11.19,0.01,5,5595,买盘
1641,13:26:42,11.18,-0.01,21,23478,卖盘
1642,13:26:39,11.19,0.01,7,7833,买盘
1643,13:26:36,11.18,--,32,35776,卖盘
1644,13:26:27,11.18,-0.01,39,43602,卖盘
1645,13:26:24,11.19,0.01,3,3357,买盘
1646,13:26:21,11.18,--,20,22360,卖盘
1647,13:26:18,11.18,--,1,1118,卖盘
1648,13:26:15,11.18,--,39,43602,卖盘
1649,13:26:12,11.18,--,15,16770,卖盘
1650,13:26:09,11.18,-0.01,14,15652,卖盘
1651,13:26:03,11.19,0.01,57,63783,买盘
1652,13:25:57,11.18,--,1,1118,卖盘
1653,13:25:54,11.18,-0.01,38,42484,卖盘
1654,13:25:51,11.19,0.01,3,3357,买盘
1655,13:25:48,11.18,--,5,5590,卖盘
1656,13:25:45,11.18,--,16,17888,卖盘
1657,13:25:39,11.18,--,19,21242,卖盘
1658,13:25:33,11.18,-0.01,1,1118,卖盘
1659,13:25:30,11.19,0.01,43,48117,买盘
1660,13:25:27,11.18,--,10,11180,买盘
1661,13:25:24,11.18,0.01,6,6708,买盘
1662,13:25:21,11.17,--,64,71488,卖盘
1663,13:25:18,11.17,-0.01,12,13404,卖盘
1664,13:25:15,11.18,--,122,136396,买盘
1665,13:25:12,11.18,--,60,67080,卖盘
1666,13:25:09,11.18,0.01,1,1118,卖盘
1667,13:25:06,11.17,--,13,14521,卖盘
1668,13:25:03,11.17,-0.02,26,29042,卖盘
1669,13:25:00,11.19,0.01,4,4476,买盘
1670,13:24:57,11.18,--,265,296270,卖盘
1671,13:24:54,11.18,--,13,14534,卖盘
1672,13:24:51,11.18,0.01,167,186706,买盘
1673,13:24:48,11.17,--,15,16755,卖盘
1674,13:24:45,11.17,-0.01,1,1117,卖盘
1675,13:24:42,11.18,-0.01,73,81614,卖盘
1676,13:24:36,11.19,--,17,19023,买盘
1677,13:24:33,11.19,-0.01,76,85346,卖盘
1678,13:24:27,11.2,--,15,16800,买盘
1679,13:24:21,11.2,0.01,9,10080,买盘
1680,13:24:15,11.19,-0.01,18,20142,卖盘
1681,13:24:12,11.2,0.01,15,16800,买盘
1682,13:24:06,11.19,0.02,361,404775,买盘
1683,13:24:03,11.17,-0.01,84,94129,卖盘
1684,13:24:00,11.18,--,17,19006,卖盘
1685,13:23:57,11.18,--,111,124098,卖盘
1686,13:23:54,11.18,--,23,25714,卖盘
1687,13:23:51,11.18,-0.01,150,167700,卖盘
1688,13:23:48,11.19,0.01,10,11190,买盘
1689,13:23:42,11.18,--,202,225836,卖盘
1690,13:23:36,11.18,--,31,34658,卖盘
1691,13:23:30,11.18,--,14,15652,卖盘
1692,13:23:27,11.18,--,5,5590,卖盘
1693,13:23:18,11.18,-0.01,16,17888,卖盘
1694,13:23:15,11.19,--,2,2238,买盘
1695,13:23:12,11.19,0.01,33,36927,买盘
1696,13:23:09,11.18,-0.01,24,26832,卖盘
1697,13:23:03,11.19,0.01,30,33570,买盘
1698,13:23:00,11.18,--,9,10062,卖盘
1699,13:22:57,11.18,--,23,25714,卖盘
1700,13:22:54,11.18,--,30,33540,卖盘
1701,13:22:51,11.18,--,282,315276,卖盘
1702,13:22:48,11.18,--,27,30186,卖盘
1703,13:22:45,11.18,-0.01,13,14534,卖盘
1704,13:22:42,11.19,--,44,49236,买盘
1705,13:22:39,11.19,0.01,2,2238,买盘
1706,13:22:36,11.18,--,21,23478,卖盘
1707,13:22:33,11.18,--,13,14534,卖盘
1708,13:22:30,11.18,--,32,35776,卖盘
1709,13:22:27,11.18,--,16,17888,卖盘
1710,13:22:24,11.18,-0.01,13,14534,卖盘
1711,13:22:21,11.19,0.01,52,58188,买盘
1712,13:22:18,11.18,-0.01,13,14534,卖盘
1713,13:22:15,11.19,--,2,2238,买盘
1714,13:22:12,11.19,--,64,71616,买盘
1715,13:22:09,11.19,0.01,60,67140,买盘
1716,13:22:03,11.18,-0.01,34,38012,卖盘
1717,13:22:00,11.19,--,55,61545,买盘
1718,13:21:57,11.19,0.01,2,2238,买盘
1719,13:21:54,11.18,-0.01,14,15652,卖盘
1720,13:21:51,11.19,0.01,15,16785,买盘
1721,13:21:45,11.18,-0.01,56,62608,卖盘
1722,13:21:42,11.19,--,1,1119,买盘
1723,13:21:39,11.19,0.01,6,6714,买盘
1724,13:21:36,11.18,--,87,97266,卖盘
1725,13:21:33,11.18,-0.01,18,20124,卖盘
1726,13:21:27,11.19,0.01,59,66021,买盘
1727,13:21:24,11.18,-0.01,25,27950,卖盘
1728,13:21:21,11.19,0.01,55,61545,买盘
1729,13:21:15,11.18,--,50,55900,卖盘
1730,13:21:12,11.18,-0.01,42,46956,卖盘
1731,13:21:09,11.19,--,181,202539,买盘
1732,13:21:06,11.19,--,61,68259,买盘
1733,13:21:03,11.19,0.01,144,161136,买盘
1734,13:21:00,11.18,-0.01,11,12298,卖盘
1735,13:20:57,11.19,0.01,13,14547,买盘
1736,13:20:54,11.18,-0.01,4,4472,卖盘
1737,13:20:51,11.19,0.01,1,1119,买盘
1738,13:20:48,11.18,0.01,81,90580,买盘
1739,13:20:45,11.17,--,99,110583,卖盘
1740,13:20:42,11.17,--,4,4468,卖盘
1741,13:20:39,11.17,-0.01,13,14521,卖盘
1742,13:20:36,11.18,--,5,5590,买盘
1743,13:20:33,11.18,0.01,2,2236,买盘
1744,13:20:30,11.17,--,3,3351,卖盘
1745,13:20:27,11.17,-0.02,13,14521,卖盘
1746,13:20:24,11.19,--,114,127566,买盘
1747,13:20:21,11.19,0.01,42,46998,买盘
1748,13:20:18,11.18,--,1,1118,卖盘
1749,13:20:15,11.18,-0.01,11,12298,卖盘
1750,13:20:12,11.19,0.01,22,24618,买盘
1751,13:20:09,11.18,--,150,168415,卖盘
1752,13:20:06,11.18,-0.01,61,68198,卖盘
1753,13:20:03,11.19,0.01,128,143232,买盘
1754,13:20:00,11.18,-0.01,33,36894,卖盘
1755,13:19:57,11.19,0.01,121,135399,买盘
1756,13:19:54,11.18,-0.01,3,3354,卖盘
1757,13:19:51,11.19,0.01,1,1119,买盘
1758,13:19:48,11.18,-0.01,5,6182,卖盘
1759,13:19:45,11.19,0.01,4,4476,买盘
1760,13:19:42,11.18,--,9,10062,卖盘
1761,13:19:36,11.18,-0.01,66,73788,卖盘
1762,13:19:33,11.19,0.01,5,5595,买盘
1763,13:19:30,11.18,--,30,33540,卖盘
1764,13:19:27,11.18,--,15,17407,卖盘
1765,13:19:21,11.18,--,16,17888,卖盘
1766,13:19:15,11.18,--,59,65962,卖盘
1767,13:19:12,11.18,--,30,33540,卖盘
1768,13:19:09,11.18,-0.01,10,11180,卖盘
1769,13:19:03,11.19,--,47,52593,买盘
1770,13:19:00,11.19,0.01,11,12309,买盘
1771,13:18:57,11.18,-0.01,1,1118,卖盘
1772,13:18:54,11.19,0.01,6,6714,买盘
1773,13:18:51,11.18,--,27,30186,卖盘
1774,13:18:48,11.18,-0.01,4,4472,卖盘
1775,13:18:45,11.19,0.01,3,3357,买盘
1776,13:18:42,11.18,--,5,5590,卖盘
1777,13:18:39,11.18,-0.01,11,12298,卖盘
1778,13:18:33,11.19,0.01,58,64902,买盘
1779,13:18:30,11.18,-0.01,21,23478,卖盘
1780,13:18:27,11.19,0.01,59,66021,买盘
1781,13:18:24,11.18,--,14,16143,卖盘
1782,13:18:21,11.18,--,95,106891,买盘
1783,13:18:15,11.18,0.01,25,27950,买盘
1784,13:18:12,11.17,-0.01,18,20106,卖盘
1785,13:18:09,11.18,--,22,24596,买盘
1786,13:18:06,11.18,0.01,1,1118,买盘
1787,13:18:03,11.17,--,40,44680,卖盘
1788,13:18:00,11.17,-0.01,29,32873,卖盘
1789,13:17:57,11.18,--,29,32422,买盘
1790,13:17:54,11.18,--,2,2236,买盘
1791,13:17:51,11.18,0.01,59,65962,买盘
1792,13:17:45,11.17,--,12,13404,卖盘
1793,13:17:42,11.17,-0.01,21,23457,卖盘
1794,13:17:39,11.18,0.01,25,27950,买盘
1795,13:17:36,11.17,-0.01,34,37978,卖盘
1796,13:17:33,11.18,0.01,475,531050,买盘
1797,13:17:30,11.17,-0.01,13,14521,卖盘
1798,13:17:27,11.18,--,184,205712,卖盘
1799,13:17:24,11.18,--,25,27950,卖盘
1800,13:17:15,11.18,--,1,1118,卖盘
1801,13:17:12,11.18,--,15,16770,卖盘
1802,13:17:09,11.18,-0.01,38,42484,卖盘
1803,13:17:06,11.19,--,4,4476,买盘
1804,13:17:03,11.19,0.01,31,34689,买盘
1805,13:17:00,11.18,-0.01,21,23478,卖盘
1806,13:16:57,11.19,0.01,46,51474,买盘
1807,13:16:54,11.18,-0.01,51,57018,卖盘
1808,13:16:51,11.19,--,14,15666,买盘
1809,13:16:48,11.19,0.01,4,4476,买盘
1810,13:16:45,11.18,-0.01,17,19006,卖盘
1811,13:16:42,11.19,0.01,3,3357,买盘
1812,13:16:39,11.18,--,8,8944,卖盘
1813,13:16:36,11.18,-0.01,74,82732,卖盘
1814,13:16:33,11.19,--,111,124209,买盘
1815,13:16:30,11.19,--,2,2238,买盘
1816,13:16:27,11.19,0.01,15,16785,买盘
1817,13:16:24,11.18,-0.01,3,3354,卖盘
1818,13:16:21,11.19,--,1,1119,买盘
1819,13:16:18,11.19,0.01,12,13428,买盘
1820,13:16:15,11.18,-0.01,15,16770,卖盘
1821,13:16:12,11.19,0.01,5,5595,买盘
1822,13:16:09,11.18,--,1,1118,卖盘
1823,13:16:06,11.18,--,51,57018,卖盘
1824,13:16:03,11.18,-0.01,34,38012,卖盘
1825,13:15:57,11.19,--,3,3357,买盘
1826,13:15:54,11.19,0.01,2,2238,买盘
1827,13:15:51,11.18,-0.01,12,13416,卖盘
1828,13:15:48,11.19,0.01,21,23499,买盘
1829,13:15:45,11.18,-0.01,2,2236,卖盘
1830,13:15:42,11.19,0.01,13,14547,买盘
1831,13:15:39,11.18,--,6,6708,买盘
1832,13:15:36,11.18,0.01,1,1118,买盘
1833,13:15:33,11.17,--,17,18989,卖盘
1834,13:15:30,11.17,-0.01,10,11170,卖盘
1835,13:15:27,11.18,0.01,75,83850,买盘
1836,13:15:24,11.17,-0.01,1,1117,卖盘
1837,13:15:21,11.18,0.01,14,15652,买盘
1838,13:15:18,11.17,-0.01,10,11170,卖盘
1839,13:15:15,11.18,0.01,1,1118,买盘
1840,13:15:12,11.17,--,13,14521,卖盘
1841,13:15:09,11.17,-0.01,44,49148,卖盘
1842,13:15:06,11.18,0.01,2,2236,买盘
1843,13:15:03,11.17,--,34,37978,卖盘
1844,13:15:00,11.17,-0.01,34,37978,卖盘
1845,13:14:57,11.18,--,9,10062,买盘
1846,13:14:54,11.18,--,8,8944,买盘
1847,13:14:51,11.18,0.01,4,4472,买盘
1848,13:14:48,11.17,--,34,37978,卖盘
1849,13:14:39,11.17,--,1,1117,卖盘
1850,13:14:36,11.17,--,2,2234,卖盘
1851,13:14:33,11.17,-0.01,11,12287,卖盘
1852,13:14:30,11.18,0.01,1,1118,买盘
1853,13:14:27,11.17,-0.01,45,50265,卖盘
1854,13:14:21,11.18,0.01,1,1118,买盘
1855,13:14:18,11.17,--,2,2234,卖盘
1856,13:14:15,11.17,--,54,60318,买盘
1857,13:14:12,11.17,--,14,15638,买盘
1858,13:14:09,11.17,--,49,54733,买盘
1859,13:14:06,11.17,0.01,50,55850,买盘
1860,13:14:03,11.16,-0.01,76,84816,卖盘
1861,13:14:00,11.17,--,65,72605,买盘
1862,13:13:57,11.17,--,104,116168,买盘
1863,13:13:51,11.17,0.01,51,56967,买盘
1864,13:13:48,11.16,--,68,76233,买盘
1865,13:13:45,11.16,--,233,260028,买盘
1866,13:13:42,11.16,0.01,300,334800,买盘
1867,13:13:39,11.15,-0.01,110,122650,卖盘
1868,13:13:36,11.16,--,1,1116,买盘
1869,13:13:33,11.16,0.01,55,61380,买盘
1870,13:13:30,11.15,-0.01,32,35680,卖盘
1871,13:13:27,11.16,--,33,36828,买盘
1872,13:13:24,11.16,--,58,64728,买盘
1873,13:13:21,11.16,--,32,35712,买盘
1874,13:13:18,11.16,-0.02,263,294278,卖盘
1875,13:13:15,11.18,0.01,61,68198,买盘
1876,13:13:12,11.17,--,4,4468,卖盘
1877,13:13:06,11.17,--,11,12287,卖盘
1878,13:13:03,11.17,0.01,128,143322,买盘
1879,13:13:00,11.16,--,4,4464,卖盘
1880,13:12:57,11.16,-0.01,14,15624,卖盘
1881,13:12:54,11.17,0.01,1,1117,买盘
1882,13:12:51,11.16,-0.01,9,10044,卖盘
1883,13:12:48,11.17,0.01,14,15638,买盘
1884,13:12:39,11.16,--,1,1116,卖盘
1885,13:12:36,11.16,--,28,31248,买盘
1886,13:12:33,11.16,0.01,2,2232,买盘
1887,13:12:30,11.15,-0.01,50,55750,卖盘
1888,13:12:27,11.16,-0.01,9,10044,卖盘
1889,13:12:24,11.17,0.02,3,3351,买盘
1890,13:12:21,11.15,--,11,12265,卖盘
1891,13:12:18,11.15,-0.01,30,33450,卖盘
1892,13:12:15,11.16,--,3,3348,卖盘
1893,13:12:12,11.16,--,13,14508,卖盘
1894,13:12:09,11.16,--,98,109368,卖盘
1895,13:12:06,11.16,--,30,33480,卖盘
1896,13:12:03,11.16,-0.01,39,43524,卖盘
1897,13:11:57,11.17,--,53,59201,买盘
1898,13:11:54,11.17,--,4,4468,买盘
1899,13:11:51,11.17,0.01,1,1117,买盘
1900,13:11:48,11.16,--,15,16740,卖盘
1901,13:11:42,11.16,--,1,1116,卖盘
1902,13:11:39,11.16,--,113,126108,卖盘
1903,13:11:36,11.16,--,11,12276,卖盘
1904,13:11:33,11.16,--,79,88164,卖盘
1905,13:11:30,11.16,0.02,781,872511,买盘
1906,13:11:27,11.14,-0.01,47,52358,卖盘
1907,13:11:24,11.15,--,20,22300,买盘
1908,13:11:21,11.15,-0.01,636,709340,卖盘
1909,13:11:18,11.16,0.01,4,4464,买盘
1910,13:11:15,11.15,--,38,42370,卖盘
1911,13:11:12,11.15,--,21,23415,卖盘
1912,13:11:09,11.15,--,11,12265,卖盘
1913,13:11:06,11.15,--,11,12265,卖盘
1914,13:11:03,11.15,--,78,86970,卖盘
1915,13:11:00,11.15,--,1,1115,卖盘
1916,13:10:57,11.15,-0.01,28,31220,卖盘
1917,13:10:54,11.16,0.01,3,3348,买盘
1918,13:10:48,11.15,--,1,1115,卖盘
1919,13:10:45,11.15,--,30,33450,卖盘
1920,13:10:42,11.15,--,88,98120,卖盘
1921,13:10:36,11.15,-0.01,5,5575,卖盘
1922,13:10:33,11.16,0.01,120,133920,买盘
1923,13:10:30,11.15,-0.01,30,33450,卖盘
1924,13:10:27,11.16,0.01,50,55800,买盘
1925,13:10:24,11.15,-0.01,11,12265,卖盘
1926,13:10:21,11.16,--,3,3348,买盘
1927,13:10:18,11.16,0.01,19,21204,买盘
1928,13:10:15,11.15,-0.01,2,2230,卖盘
1929,13:10:12,11.16,0.01,42,46872,买盘
1930,13:10:09,11.15,-0.01,75,83625,卖盘
1931,13:10:06,11.16,--,6,6696,买盘
1932,13:10:03,11.16,0.01,41,45756,买盘
1933,13:10:00,11.15,-0.01,10,11150,卖盘
1934,13:09:57,11.16,--,3,3348,买盘
1935,13:09:54,11.16,0.01,1,1116,买盘
1936,13:09:51,11.15,--,22,24530,卖盘
1937,13:09:45,11.15,--,30,33450,卖盘
1938,13:09:42,11.15,--,2,2230,卖盘
1939,13:09:39,11.15,-0.01,20,22300,卖盘
1940,13:09:36,11.16,--,1,1116,买盘
1941,13:09:33,11.16,--,5,5580,买盘
1942,13:09:30,11.16,0.01,2,2232,买盘
1943,13:09:27,11.15,-0.01,30,33450,卖盘
1944,13:09:24,11.16,--,53,59148,买盘
1945,13:09:21,11.16,--,11,12276,买盘
1946,13:09:18,11.16,--,33,36828,买盘
1947,13:09:15,11.16,--,22,24552,买盘
1948,13:09:12,11.16,0.01,6,6696,买盘
1949,13:09:09,11.15,-0.01,31,34565,卖盘
1950,13:09:06,11.16,0.01,2,2232,买盘
1951,13:09:03,11.15,-0.01,52,57980,卖盘
1952,13:09:00,11.16,0.01,22,24552,买盘
1953,13:08:57,11.15,-0.01,93,103695,卖盘
1954,13:08:54,11.16,--,41,45756,买盘
1955,13:08:48,11.16,0.01,301,335916,买盘
1956,13:08:45,11.15,-0.01,1,1115,卖盘
1957,13:08:42,11.16,0.01,100,111600,买盘
1958,13:08:36,11.15,-0.01,15,16725,卖盘
1959,13:08:33,11.16,0.01,27,30132,买盘
1960,13:08:30,11.15,--,26,28990,卖盘
1961,13:08:27,11.15,-0.01,25,27875,卖盘
1962,13:08:24,11.16,--,83,92628,买盘
1963,13:08:21,11.16,0.01,16,17856,买盘
1964,13:08:18,11.15,-0.01,3,3345,卖盘
1965,13:08:15,11.16,--,21,23436,买盘
1966,13:08:12,11.16,--,8,8928,买盘
1967,13:08:09,11.16,0.01,64,71424,买盘
1968,13:08:06,11.15,--,13,14495,卖盘
1969,13:08:03,11.15,--,78,86970,卖盘
1970,13:08:00,11.15,-0.01,11,12265,卖盘
1971,13:07:57,11.16,--,14,15624,买盘
1972,13:07:54,11.16,--,13,14508,买盘
1973,13:07:51,11.16,0.01,10,11160,买盘
1974,13:07:48,11.15,--,33,36795,卖盘
1975,13:07:42,11.15,--,18,20070,卖盘
1976,13:07:39,11.15,--,15,17639,买盘
1977,13:07:33,11.15,0.01,13,14495,买盘
1978,13:07:30,11.14,-0.01,5,5570,卖盘
1979,13:07:27,11.15,--,11,12265,买盘
1980,13:07:24,11.15,--,161,179515,买盘
1981,13:07:21,11.15,--,34,37910,买盘
1982,13:07:18,11.15,0.01,79,88085,买盘
1983,13:07:15,11.14,-0.01,22,24508,卖盘
1984,13:07:12,11.15,0.01,82,91430,买盘
1985,13:07:09,11.14,-0.01,21,23394,卖盘
1986,13:07:06,11.15,--,1,1115,买盘
1987,13:07:03,11.15,0.01,78,86970,买盘
1988,13:07:00,11.14,--,13,14482,卖盘
1989,13:06:57,11.14,--,9,10026,卖盘
1990,13:06:54,11.14,--,10,11140,卖盘
1991,13:06:51,11.14,--,14,15596,卖盘
1992,13:06:48,11.14,--,23,25622,卖盘
1993,13:06:45,11.14,--,20,22280,卖盘
1994,13:06:39,11.14,-0.01,12,13368,卖盘
1995,13:06:36,11.15,--,6,6690,买盘
1996,13:06:33,11.15,0.01,62,69130,买盘
1997,13:06:30,11.14,--,2,2228,卖盘
1998,13:06:27,11.14,-0.01,11,12254,卖盘
1999,13:06:24,11.15,--,21,23415,买盘
2000,13:06:21,11.15,--,107,119305,买盘
2001,13:06:18,11.15,--,14,15610,买盘
2002,13:06:15,11.15,--,16,17840,买盘
2003,13:06:12,11.15,0.01,13,14495,买盘
2004,13:06:09,11.14,--,22,24508,卖盘
2005,13:06:06,11.14,--,13,14482,卖盘
2006,13:06:03,11.14,--,120,133680,卖盘
2007,13:06:00,11.14,-0.01,13,14482,卖盘
2008,13:05:57,11.15,--,14,15610,买盘
2009,13:05:51,11.15,--,181,201815,买盘
2010,13:05:45,11.15,0.01,68,75820,买盘
2011,13:05:42,11.14,--,10,11140,卖盘
2012,13:05:39,11.14,-0.01,4,4456,卖盘
2013,13:05:36,11.15,--,16,17840,买盘
2014,13:05:33,11.15,--,13,14495,买盘
2015,13:05:30,11.15,0.01,14,15610,买盘
2016,13:05:27,11.14,-0.01,78,86892,卖盘
2017,13:05:24,11.15,0.01,3,3345,买盘
2018,13:05:21,11.14,-0.01,12,13368,卖盘
2019,13:05:18,11.15,--,32,35680,买盘
2020,13:05:15,11.15,--,119,132685,买盘
2021,13:05:12,11.15,--,2,2230,买盘
2022,13:05:09,11.15,--,54,60210,卖盘
2023,13:05:06,11.15,0.01,2,2230,卖盘
2024,13:05:03,11.14,-0.02,23,25622,卖盘
2025,13:05:00,11.16,--,9,10044,买盘
2026,13:04:57,11.16,0.02,67,74772,买盘
2027,13:04:54,11.14,-0.01,5,5570,卖盘
2028,13:04:51,11.15,0.01,3,3345,买盘
2029,13:04:48,11.14,-0.01,86,95804,卖盘
2030,13:04:45,11.15,--,42,46830,买盘
2031,13:04:42,11.15,0.01,75,83625,买盘
2032,13:04:39,11.14,--,11,12254,卖盘
2033,13:04:36,11.14,-0.01,1,1114,卖盘
2034,13:04:33,11.15,--,6,6690,买盘
2035,13:04:30,11.15,0.01,22,24530,买盘
2036,13:04:27,11.14,-0.01,12,13368,卖盘
2037,13:04:24,11.15,--,16,17840,买盘
2038,13:04:21,11.15,--,1,1115,买盘
2039,13:04:18,11.15,--,12,13380,买盘
2040,13:04:15,11.15,--,13,14495,买盘
2041,13:04:12,11.15,-0.01,3,3345,中性盘
2042,13:04:09,11.16,0.02,2,2232,买盘
2043,13:04:03,11.14,-0.01,50,55700,卖盘
2044,13:04:00,11.15,0.01,39,43485,买盘
2045,13:03:57,11.14,-0.01,17,18938,卖盘
2046,13:03:54,11.15,0.01,18,20070,买盘
2047,13:03:51,11.14,--,41,45674,卖盘
2048,13:03:48,11.14,--,1,1114,卖盘
2049,13:03:45,11.14,--,3,3342,卖盘
2050,13:03:42,11.14,--,58,64612,卖盘
2051,13:03:39,11.14,-0.01,1,1114,卖盘
2052,13:03:36,11.15,0.01,9,10035,买盘
2053,13:03:33,11.14,--,52,57928,卖盘
2054,13:03:30,11.14,--,72,80208,卖盘
2055,13:03:27,11.14,-0.01,13,14482,卖盘
2056,13:03:24,11.15,0.01,2,2230,买盘
2057,13:03:21,11.14,--,9,10026,卖盘
2058,13:03:18,11.14,-0.01,11,12254,卖盘
2059,13:03:15,11.15,0.01,3,3345,买盘
2060,13:03:12,11.14,0.01,14,15596,买盘
2061,13:03:09,11.13,-0.01,13,14469,卖盘
2062,13:03:06,11.14,0.01,356,396584,买盘
2063,13:03:03,11.13,-0.01,39,43407,卖盘
2064,13:03:00,11.14,--,13,14482,买盘
2065,13:02:57,11.14,0.01,102,113628,买盘
2066,13:02:54,11.13,-0.01,4,4452,卖盘
2067,13:02:51,11.14,--,5,5570,买盘
2068,13:02:48,11.14,--,10,11140,卖盘
2069,13:02:45,11.14,0.01,18,20052,买盘
2070,13:02:39,11.13,--,3,3339,卖盘
2071,13:02:36,11.13,-0.01,92,102396,卖盘
2072,13:02:33,11.14,0.01,5,5570,买盘
2073,13:02:30,11.13,--,11,12243,卖盘
2074,13:02:27,11.13,-0.01,11,12243,卖盘
2075,13:02:21,11.14,0.01,62,69068,买盘
2076,13:02:18,11.13,0.01,1,1113,卖盘
2077,13:02:12,11.12,--,54,60047,卖盘
2078,13:02:09,11.12,-0.01,5,5560,卖盘
2079,13:02:06,11.13,--,366,407358,卖盘
2080,13:02:03,11.13,--,38,42294,卖盘
2081,13:02:00,11.13,-0.01,68,75684,卖盘
2082,13:01:57,11.14,--,3,3342,买盘
2083,13:01:54,11.14,--,37,41218,买盘
2084,13:01:51,11.14,0.01,12,13368,中性盘
2085,13:01:48,11.13,--,55,61215,卖盘
2086,13:01:39,11.13,-0.02,12,13356,卖盘
2087,13:01:36,11.15,--,3,3345,买盘
2088,13:01:33,11.15,0.02,12,13380,买盘
2089,13:01:30,11.13,--,12,13356,卖盘
2090,13:01:27,11.13,-0.02,5,5565,卖盘
2091,13:01:24,11.15,0.02,397,442655,买盘
2092,13:01:21,11.13,--,2,2226,卖盘
2093,13:01:18,11.13,-0.02,10,11130,卖盘
2094,13:01:15,11.15,--,51,56865,买盘
2095,13:01:12,11.15,0.02,20,22300,买盘
2096,13:01:09,11.13,--,14,15582,卖盘
2097,13:01:06,11.13,--,19,21147,卖盘
2098,13:01:03,11.13,-0.02,63,70119,卖盘
2099,13:01:00,11.15,--,3,3345,买盘
2100,13:00:57,11.15,0.02,19,21185,买盘
2101,13:00:54,11.13,-0.01,10,11130,卖盘
2102,13:00:51,11.14,0.01,9,10026,中性盘
2103,13:00:48,11.13,--,1,1113,卖盘
2104,13:00:45,11.13,--,11,12243,卖盘
2105,13:00:42,11.13,--,31,34503,卖盘
2106,13:00:36,11.13,--,11,12243,买盘
2107,13:00:33,11.13,0.01,14,15582,买盘
2108,13:00:30,11.12,--,1,1112,卖盘
2109,13:00:27,11.12,--,1,1112,卖盘
2110,13:00:24,11.12,-0.01,21,23352,卖盘
2111,13:00:21,11.13,--,7,7791,买盘
2112,13:00:18,11.13,--,20,22260,卖盘
2113,13:00:15,11.13,-0.02,7,7791,卖盘
2114,13:00:12,11.15,0.02,18,20070,买盘
2115,13:00:09,11.13,--,69,76797,卖盘
2116,13:00:06,11.13,--,182,202566,买盘
2117,13:00:03,11.13,--,4936,5493768,卖盘
2118,13:00:00,11.13,--,0,0,卖盘
2119,11:30:00,11.13,--,1038,1155995,卖盘
2120,11:29:57,11.13,--,63,70119,卖盘
2121,11:29:54,11.13,--,1,1113,卖盘
2122,11:29:51,11.13,--,116,129108,卖盘
2123,11:29:48,11.13,--,128,142464,卖盘
2124,11:29:45,11.13,-0.01,35,38955,卖盘
2125,11:29:42,11.14,0.01,87,96918,买盘
2126,11:29:39,11.13,--,150,166950,卖盘
2127,11:29:36,11.13,-0.01,35,38955,卖盘
2128,11:29:33,11.14,--,10,11140,买盘
2129,11:29:30,11.14,--,14,15596,买盘
2130,11:29:27,11.14,0.01,7,7798,买盘
2131,11:29:24,11.13,-0.01,17,18921,卖盘
2132,11:29:21,11.14,--,3,3342,买盘
2133,11:29:18,11.14,0.01,33,36762,中性盘
2134,11:29:15,11.13,-0.01,119,132447,卖盘
2135,11:29:12,11.14,--,78,86892,买盘
2136,11:29:09,11.14,--,178,198292,买盘
2137,11:29:06,11.14,0.01,2,2228,买盘
2138,11:29:03,11.13,-0.01,29,32277,卖盘
2139,11:29:00,11.14,0.01,5,5570,买盘
2140,11:28:57,11.13,-0.01,22,24486,卖盘
2141,11:28:54,11.14,0.01,9,10026,买盘
2142,11:28:51,11.13,-0.01,88,97944,卖盘
2143,11:28:48,11.14,0.01,54,60156,买盘
2144,11:28:45,11.13,-0.01,20,22260,卖盘
2145,11:28:42,11.14,--,28,31192,买盘
2146,11:28:36,11.14,--,282,314148,买盘
2147,11:28:33,11.14,--,41,45674,买盘
2148,11:28:30,11.14,0.01,310,345340,买盘
2149,11:28:27,11.13,--,51,56763,卖盘
2150,11:28:24,11.13,--,180,200340,卖盘
2151,11:28:21,11.13,-0.01,1885,2098005,卖盘
2152,11:28:18,11.14,--,141,157074,卖盘
2153,11:28:15,11.14,--,21,23394,卖盘
2154,11:28:12,11.14,--,1173,1306722,卖盘
2155,11:28:09,11.14,-0.01,17,18938,卖盘
2156,11:28:06,11.15,0.01,33,36795,买盘
2157,11:28:03,11.14,--,42,46788,卖盘
2158,11:28:00,11.14,-0.01,60,66840,卖盘
2159,11:27:57,11.15,--,29,32335,买盘
2160,11:27:54,11.15,0.01,62,69130,买盘
2161,11:27:51,11.14,-0.01,198,220572,卖盘
2162,11:27:48,11.15,--,118,131570,卖盘
2163,11:27:45,11.15,-0.01,55,61325,卖盘
2164,11:27:42,11.16,0.01,67,74772,买盘
2165,11:27:39,11.15,-0.01,301,335615,卖盘
2166,11:27:36,11.16,--,103,114948,买盘
2167,11:27:33,11.16,0.01,19,21204,买盘
2168,11:27:30,11.15,-0.01,47,52405,卖盘
2169,11:27:27,11.16,0.01,48,53568,卖盘
2170,11:27:24,11.15,--,3,3345,卖盘
2171,11:27:21,11.15,-0.02,301,335615,卖盘
2172,11:27:18,11.17,0.01,30,33510,买盘
2173,11:27:15,11.16,0.01,41,45756,卖盘
2174,11:27:12,11.15,-0.01,189,210735,卖盘
2175,11:27:09,11.16,--,1716,1915056,卖盘
2176,11:27:06,11.16,-0.01,23,25668,卖盘
2177,11:27:03,11.17,0.01,58,64786,买盘
2178,11:27:00,11.16,--,22,24552,卖盘
2179,11:26:57,11.16,0.01,1,1116,卖盘
2180,11:26:54,11.15,-0.01,42,46830,卖盘
2181,11:26:51,11.16,0.01,166,185256,买盘
2182,11:26:48,11.15,--,23,25645,卖盘
2183,11:26:45,11.15,--,83,92545,卖盘
2184,11:26:42,11.15,-0.01,1,1115,卖盘
2185,11:26:39,11.16,0.01,48,53568,买盘
2186,11:26:36,11.15,--,87,97005,卖盘
2187,11:26:33,11.15,--,381,424815,卖盘
2188,11:26:30,11.15,-0.01,36,40140,卖盘
2189,11:26:27,11.16,--,98,110138,卖盘
2190,11:26:24,11.16,-0.01,80,89280,卖盘
2191,11:26:21,11.17,0.01,300,335100,买盘
2192,11:26:18,11.16,-0.01,26,29016,卖盘
2193,11:26:15,11.17,--,2507,2800319,买盘
2194,11:26:12,11.17,0.01,108,120636,买盘
2195,11:26:09,11.16,-0.01,26,29016,卖盘
2196,11:26:06,11.17,--,56,62552,买盘
2197,11:26:03,11.17,0.01,40,44680,买盘
2198,11:26:00,11.16,-0.01,46,51336,卖盘
2199,11:25:57,11.17,0.01,113,126221,买盘
2200,11:25:54,11.16,-0.01,7,7812,卖盘
2201,11:25:51,11.17,--,16,17872,买盘
2202,11:25:48,11.17,0.01,29,32393,买盘
2203,11:25:45,11.16,-0.01,21,23436,卖盘
2204,11:25:42,11.17,--,100,111700,买盘
2205,11:25:39,11.17,0.01,34,37978,买盘
2206,11:25:36,11.16,-0.01,35,39060,卖盘
2207,11:25:33,11.17,--,191,213347,卖盘
2208,11:25:30,11.17,--,16,17872,卖盘
2209,11:25:27,11.17,--,28,31276,卖盘
2210,11:25:24,11.17,0.01,155,173135,买盘
2211,11:25:21,11.16,-0.01,1,1116,卖盘
2212,11:25:18,11.17,0.01,22,24574,买盘
2213,11:25:15,11.16,--,13,14508,卖盘
2214,11:25:12,11.16,--,103,114948,卖盘
2215,11:25:09,11.16,-0.01,60,66960,卖盘
2216,11:25:06,11.17,--,460,513820,卖盘
2217,11:25:03,11.17,--,26,29042,卖盘
2218,11:25:00,11.17,--,24,26808,卖盘
2219,11:24:57,11.17,--,21,23457,卖盘
2220,11:24:54,11.17,--,2,2234,卖盘
2221,11:24:51,11.17,--,47,52499,卖盘
2222,11:24:48,11.17,--,3,3351,卖盘
2223,11:24:45,11.17,--,1,1117,卖盘
2224,11:24:42,11.17,--,9,10053,卖盘
2225,11:24:39,11.17,--,2,2234,卖盘
2226,11:24:36,11.17,--,33,36861,卖盘
2227,11:24:33,11.17,0.01,48,53616,买盘
2228,11:24:30,11.16,-0.01,19,21204,卖盘
2229,11:24:27,11.17,--,48,53616,卖盘
2230,11:24:24,11.17,-0.01,34,37978,卖盘
2231,11:24:21,11.18,0.01,328,366704,买盘
2232,11:24:18,11.17,-0.01,3,3351,卖盘
2233,11:24:15,11.18,0.01,20,22360,买盘
2234,11:24:12,11.17,-0.01,125,139625,卖盘
2235,11:24:09,11.18,0.01,19,21242,买盘
2236,11:24:06,11.17,--,19,21223,卖盘
2237,11:24:03,11.17,-0.01,28,31276,卖盘
2238,11:24:00,11.18,-0.01,94,105092,卖盘
2239,11:23:57,11.19,0.02,19,21261,买盘
2240,11:23:54,11.17,-0.02,757,845569,卖盘
2241,11:23:51,11.19,--,1,1119,买盘
2242,11:23:48,11.19,0.01,56,62664,买盘
2243,11:23:45,11.18,--,15,16770,卖盘
2244,11:23:42,11.18,--,54,60372,卖盘
2245,11:23:39,11.18,--,4,4472,卖盘
2246,11:23:36,11.18,0.01,424,474032,买盘
2247,11:23:33,11.17,-0.01,2,2234,卖盘
2248,11:23:30,11.18,0.01,35,39130,买盘
2249,11:23:27,11.17,--,4,4468,卖盘
2250,11:23:24,11.17,--,2,2234,卖盘
2251,11:23:21,11.17,--,33,36861,卖盘
2252,11:23:12,11.17,--,20,22340,卖盘
2253,11:23:09,11.17,-0.01,102,113934,卖盘
2254,11:23:06,11.18,0.01,1,1118,买盘
2255,11:23:03,11.17,--,38,42446,卖盘
2256,11:23:00,11.17,--,3,3351,卖盘
2257,11:22:57,11.17,-0.01,35,39095,卖盘
2258,11:22:51,11.18,0.02,31,34658,买盘
2259,11:22:48,11.16,-0.01,26,29016,卖盘
2260,11:22:45,11.17,--,15,16755,买盘
2261,11:22:42,11.17,0.01,12,13404,买盘
2262,11:22:39,11.16,-0.01,21,23436,卖盘
2263,11:22:36,11.17,-0.01,1,1117,卖盘
2264,11:22:33,11.18,0.01,1,1118,买盘
2265,11:22:27,11.17,--,5,5585,卖盘
2266,11:22:24,11.17,-0.01,8,8936,卖盘
2267,11:22:21,11.18,0.02,20,22360,买盘
2268,11:22:18,11.16,-0.01,58,64728,卖盘
2269,11:22:15,11.17,-0.01,472,527224,卖盘
2270,11:22:12,11.18,0.01,2,2236,买盘
2271,11:22:09,11.17,--,1,1117,卖盘
2272,11:22:06,11.17,--,12,13404,卖盘
2273,11:22:03,11.17,-0.01,28,31276,卖盘
2274,11:22:00,11.18,--,33,36894,买盘
2275,11:21:57,11.18,0.01,104,116272,买盘
2276,11:21:54,11.17,--,32,35744,卖盘
2277,11:21:51,11.17,--,12,13404,卖盘
2278,11:21:48,11.17,--,142,158614,卖盘
2279,11:21:45,11.17,--,16,17872,卖盘
2280,11:21:42,11.17,--,1,1117,卖盘
2281,11:21:39,11.17,--,62,69254,卖盘
2282,11:21:36,11.17,--,509,568553,卖盘
2283,11:21:33,11.17,-0.01,1,1117,卖盘
2284,11:21:30,11.18,0.01,5,5590,买盘
2285,11:21:27,11.17,--,30,33510,卖盘
2286,11:21:24,11.17,--,14,15638,卖盘
2287,11:21:21,11.17,--,21,23457,卖盘
2288,11:21:18,11.17,-0.02,142,159474,卖盘
2289,11:21:12,11.19,0.02,10,11190,买盘
2290,11:21:09,11.17,--,6,6702,卖盘
2291,11:21:03,11.17,-0.01,40,44680,卖盘
2292,11:21:00,11.18,--,18,20124,中性盘
2293,11:20:57,11.18,--,126,140868,卖盘
2294,11:20:54,11.18,--,302,337636,卖盘
2295,11:20:51,11.18,0.01,132,147576,买盘
2296,11:20:48,11.17,-0.01,19,21223,卖盘
2297,11:20:42,11.18,--,5,5590,买盘
2298,11:20:39,11.18,0.01,52,58136,买盘
2299,11:20:36,11.17,-0.01,18,20106,卖盘
2300,11:20:33,11.18,0.01,22,24596,买盘
2301,11:20:30,11.17,--,15,16755,卖盘
2302,11:20:27,11.17,--,17,18989,卖盘
2303,11:20:24,11.17,--,84,93828,卖盘
2304,11:20:21,11.17,-0.01,101,112817,卖盘
2305,11:20:18,11.18,--,475,531050,买盘
2306,11:20:15,11.18,--,83,92794,买盘
2307,11:20:12,11.18,--,2,2236,买盘
2308,11:20:09,11.18,0.01,7,7826,买盘
2309,11:20:06,11.17,-0.01,12,13404,卖盘
2310,11:20:03,11.18,0.01,37,41366,买盘
2311,11:20:00,11.17,-0.01,6,6702,卖盘
2312,11:19:57,11.18,--,2,2236,买盘
2313,11:19:54,11.18,0.01,23,25714,买盘
2314,11:19:51,11.17,--,115,128455,卖盘
2315,11:19:42,11.17,--,11,12287,卖盘
2316,11:19:39,11.17,--,1,1117,卖盘
2317,11:19:33,11.17,--,62,69254,卖盘
2318,11:19:30,11.17,--,14,15638,卖盘
2319,11:19:27,11.17,--,58,64786,卖盘
2320,11:19:24,11.17,--,19,21223,卖盘
2321,11:19:21,11.17,-0.01,56,62552,卖盘
2322,11:19:18,11.18,--,87,97266,买盘
2323,11:19:15,11.18,--,57,63726,买盘
2324,11:19:12,11.18,0.01,47,52546,中性盘
2325,11:19:09,11.17,-0.01,2,2234,卖盘
2326,11:19:06,11.18,0.01,20,22360,买盘
2327,11:19:03,11.17,--,42,46914,卖盘
2328,11:19:00,11.17,-0.01,68,75956,卖盘
2329,11:18:57,11.18,--,33,36894,买盘
2330,11:18:54,11.18,-0.01,90,100620,卖盘
2331,11:18:51,11.19,--,22,24618,买盘
2332,11:18:48,11.19,0.01,17,19023,买盘
2333,11:18:45,11.18,0.01,74,82732,中性盘
2334,11:18:39,11.17,-0.01,12,13404,卖盘
2335,11:18:36,11.18,0.01,481,537780,买盘
2336,11:18:33,11.17,-0.01,6,6702,卖盘
2337,11:18:27,11.18,0.01,18,20124,买盘
2338,11:18:24,11.17,-0.01,2,2234,卖盘
2339,11:18:21,11.18,0.01,23,25714,买盘
2340,11:18:18,11.17,--,15,16755,卖盘
2341,11:18:15,11.17,-0.01,2,2234,卖盘
2342,11:18:12,11.18,--,34,38012,买盘
2343,11:18:09,11.18,0.01,46,51428,买盘
2344,11:18:06,11.17,-0.01,77,86009,卖盘
2345,11:18:03,11.18,0.01,54,60372,买盘
2346,11:18:00,11.17,-0.01,16,17872,卖盘
2347,11:17:57,11.18,--,65,72670,买盘
2348,11:17:54,11.18,--,9,10062,买盘
2349,11:17:51,11.18,0.01,18,20124,买盘
2350,11:17:48,11.17,--,17,18989,卖盘
2351,11:17:45,11.17,--,80,89360,卖盘
2352,11:17:42,11.17,--,4,4468,卖盘
2353,11:17:39,11.17,--,11,12287,卖盘
2354,11:17:33,11.17,--,31,34627,卖盘
2355,11:17:30,11.17,--,1,1117,卖盘
2356,11:17:27,11.17,--,1,1117,卖盘
2357,11:17:24,11.17,--,36,40212,卖盘
2358,11:17:21,11.17,--,111,123987,卖盘
2359,11:17:18,11.17,-0.01,12,13404,卖盘
2360,11:17:12,11.18,0.01,2,2236,买盘
2361,11:17:09,11.17,--,14,15638,卖盘
2362,11:17:06,11.17,-0.01,28,31276,卖盘
2363,11:17:03,11.18,--,36,40248,买盘
2364,11:17:00,11.18,0.01,59,65962,买盘
2365,11:16:57,11.17,-0.01,21,23457,卖盘
2366,11:16:51,11.18,0.01,38,42484,买盘
2367,11:16:48,11.17,-0.01,15,16755,卖盘
2368,11:16:45,11.18,--,21,23478,买盘
2369,11:16:39,11.18,0.01,103,115154,买盘
2370,11:16:36,11.17,-0.01,58,64786,卖盘
2371,11:16:33,11.18,0.01,28,31304,买盘
2372,11:16:27,11.17,--,312,348504,卖盘
2373,11:16:24,11.17,--,70,78190,卖盘
2374,11:16:21,11.17,0.01,15,16755,卖盘
2375,11:16:18,11.16,--,38,42408,卖盘
2376,11:16:15,11.16,--,137,152892,卖盘
2377,11:16:12,11.16,--,360,402340,卖盘
2378,11:16:09,11.16,--,60,66960,卖盘
2379,11:16:06,11.16,--,31,34596,卖盘
2380,11:16:03,11.16,--,60,66960,卖盘
2381,11:16:00,11.16,-0.01,1,1116,卖盘
2382,11:15:57,11.17,0.01,12,13404,买盘
2383,11:15:54,11.16,--,35,39060,卖盘
2384,11:15:51,11.16,--,37,41292,卖盘
2385,11:15:48,11.16,-0.01,225,251100,卖盘
2386,11:15:45,11.17,--,30,33510,买盘
2387,11:15:42,11.17,0.01,49,54733,买盘
2388,11:15:39,11.16,-0.01,91,101556,卖盘
2389,11:15:36,11.17,--,187,208879,卖盘
2390,11:15:33,11.17,--,38,42446,卖盘
2391,11:15:30,11.17,--,11,12287,卖盘
2392,11:15:27,11.17,--,304,339568,卖盘
2393,11:15:24,11.17,-0.01,26,29042,卖盘
2394,11:15:21,11.18,0.01,120,134160,买盘
2395,11:15:18,11.17,-0.01,18,20106,卖盘
2396,11:15:15,11.18,--,106,118508,买盘
2397,11:15:12,11.18,0.01,13,14534,买盘
2398,11:15:09,11.17,--,31,34627,卖盘
2399,11:15:06,11.17,--,20,22340,卖盘
2400,11:15:03,11.17,--,154,172018,卖盘
2401,11:15:00,11.17,--,15,16755,卖盘
2402,11:14:57,11.17,--,3,3351,卖盘
2403,11:14:54,11.17,-0.01,60,67020,卖盘
2404,11:14:51,11.18,--,2,2236,买盘
2405,11:14:48,11.18,--,4,4472,买盘
2406,11:14:45,11.18,--,16,17888,买盘
2407,11:14:42,11.18,0.01,17,19006,买盘
2408,11:14:36,11.17,--,20,22340,卖盘
2409,11:14:33,11.17,-0.01,29,32393,卖盘
2410,11:14:27,11.18,0.01,146,163228,买盘
2411,11:14:24,11.17,--,29,32393,卖盘
2412,11:14:21,11.17,-0.01,110,122870,卖盘
2413,11:14:15,11.18,0.02,20,22360,买盘
2414,11:14:12,11.16,-0.02,13,14508,卖盘
2415,11:14:09,11.18,0.01,52,58136,买盘
2416,11:14:06,11.17,0.01,65,72605,卖盘
2417,11:14:03,11.16,-0.01,211,235476,卖盘
2418,11:14:00,11.17,--,16,17872,买盘
2419,11:13:57,11.17,--,19,21223,买盘
2420,11:13:54,11.17,0.01,132,147444,买盘
2421,11:13:51,11.16,--,18,20088,卖盘
2422,11:13:48,11.16,-0.01,40,44640,卖盘
2423,11:13:45,11.17,--,83,92711,买盘
2424,11:13:42,11.17,--,4,4468,买盘
2425,11:13:39,11.17,0.01,87,97179,买盘
2426,11:13:36,11.16,-0.01,16,17856,卖盘
2427,11:13:33,11.17,--,79,88243,买盘
2428,11:13:30,11.17,--,57,63669,买盘
2429,11:13:27,11.17,0.01,108,120636,买盘
2430,11:13:24,11.16,-0.01,119,132804,卖盘
2431,11:13:21,11.17,--,1051,1173967,卖盘
2432,11:13:18,11.17,--,23,25691,卖盘
2433,11:13:15,11.17,--,24,26808,卖盘
2434,11:13:12,11.17,-0.01,5,5585,卖盘
2435,11:13:09,11.18,0.01,50,55900,买盘
2436,11:13:06,11.17,--,53,59201,卖盘
2437,11:13:03,11.17,-0.01,35,39095,卖盘
2438,11:13:00,11.18,0.01,16,17888,买盘
2439,11:12:57,11.17,-0.01,39,43563,卖盘
2440,11:12:54,11.18,--,104,116272,买盘
2441,11:12:51,11.18,--,68,76024,买盘
2442,11:12:48,11.18,--,102,114036,买盘
2443,11:12:45,11.18,--,31,34658,买盘
2444,11:12:42,11.18,--,31,34658,买盘
2445,11:12:39,11.18,0.01,6,6708,买盘
2446,11:12:36,11.17,--,11,12287,卖盘
2447,11:12:33,11.17,--,2,2234,卖盘
2448,11:12:30,11.17,-0.01,16,17872,卖盘
2449,11:12:27,11.18,0.01,2,2236,买盘
2450,11:12:24,11.17,-0.01,11,12287,卖盘
2451,11:12:21,11.18,0.01,79,88322,买盘
2452,11:12:18,11.17,--,116,129572,买盘
2453,11:12:15,11.17,--,26,29042,买盘
2454,11:12:12,11.17,--,154,172018,买盘
2455,11:12:09,11.17,0.01,37,41329,买盘
2456,11:12:06,11.16,--,185,206460,卖盘
2457,11:12:03,11.16,--,58,64728,卖盘
2458,11:12:00,11.16,--,53,59148,卖盘
2459,11:11:57,11.16,-0.01,90,100440,卖盘
2460,11:11:54,11.17,--,9,10053,买盘
2461,11:11:51,11.17,--,25,27925,买盘
2462,11:11:48,11.17,--,119,132923,买盘
2463,11:11:45,11.17,-0.01,1012,1130404,卖盘
2464,11:11:42,11.18,0.01,2,2236,买盘
2465,11:11:39,11.17,--,71,79307,买盘
2466,11:11:36,11.17,--,4,4468,买盘
2467,11:11:33,11.17,--,82,91594,买盘
2468,11:11:30,11.17,--,261,291537,卖盘
2469,11:11:27,11.17,--,54,60318,卖盘
2470,11:11:24,11.17,--,204,227868,卖盘
2471,11:11:18,11.17,--,12,13404,卖盘
2472,11:11:09,11.17,--,27,30159,卖盘
2473,11:11:06,11.17,0.01,39,43563,买盘
2474,11:11:03,11.16,--,43,47988,卖盘
2475,11:11:00,11.16,-0.01,64,71424,卖盘
2476,11:10:57,11.17,--,227,253559,买盘
2477,11:10:54,11.17,--,167,186539,买盘
2478,11:10:51,11.17,--,332,370844,卖盘
2479,11:10:48,11.17,--,65,72605,卖盘
2480,11:10:45,11.17,-0.01,144,160848,卖盘
2481,11:10:42,11.18,--,24,26832,买盘
2482,11:10:39,11.18,--,25,27950,买盘
2483,11:10:36,11.18,--,2,2236,买盘
2484,11:10:33,11.18,0.01,202,225836,买盘
2485,11:10:30,11.17,-0.01,15,16755,卖盘
2486,11:10:27,11.18,--,50,55900,买盘
2487,11:10:24,11.18,--,31,34658,买盘
2488,11:10:21,11.18,0.01,322,359996,买盘
2489,11:10:18,11.17,-0.01,3,3351,卖盘
2490,11:10:12,11.18,0.01,54,60372,买盘
2491,11:10:09,11.17,--,279,311643,卖盘
2492,11:10:06,11.17,--,61,68137,卖盘
2493,11:10:03,11.17,--,79,88243,卖盘
2494,11:10:00,11.17,-0.01,100,111700,卖盘
2495,11:09:57,11.18,--,42,46956,买盘
2496,11:09:54,11.18,0.01,239,267202,买盘
2497,11:09:51,11.17,--,126,140742,卖盘
2498,11:09:48,11.17,--,36,40212,卖盘
2499,11:09:45,11.17,-0.01,7,7819,卖盘
2500,11:09:42,11.18,0.01,13,14534,买盘
2501,11:09:39,11.17,--,69,77073,买盘
2502,11:09:36,11.17,--,59,65903,买盘
2503,11:09:33,11.17,0.01,11,12287,买盘
2504,11:09:30,11.16,--,15,16740,卖盘
2505,11:09:27,11.16,--,8,8928,卖盘
2506,11:09:24,11.16,-0.01,199,222084,卖盘
2507,11:09:21,11.17,0.01,4,4468,中性盘
2508,11:09:18,11.16,-0.01,30,33480,卖盘
2509,11:09:15,11.17,--,10,11170,买盘
2510,11:09:12,11.17,0.01,23,25691,买盘
2511,11:09:09,11.16,--,14,15624,卖盘
2512,11:09:06,11.16,--,58,64728,卖盘
2513,11:09:03,11.16,--,41,45756,买盘
2514,11:09:00,11.16,0.01,51,56916,买盘
2515,11:08:57,11.15,-0.01,146,162790,卖盘
2516,11:08:54,11.16,-0.01,406,453096,卖盘
2517,11:08:51,11.17,0.01,158,176486,买盘
2518,11:08:48,11.16,--,18,20088,卖盘
2519,11:08:45,11.16,--,1,1116,卖盘
2520,11:08:42,11.16,-0.01,3,3348,卖盘
2521,11:08:39,11.17,0.02,15,16755,买盘
2522,11:08:36,11.15,-0.02,92,102580,卖盘
2523,11:08:33,11.17,0.01,190,212230,买盘
2524,11:08:30,11.16,--,173,193068,买盘
2525,11:08:27,11.16,--,27,30132,买盘
2526,11:08:24,11.16,--,25,27900,买盘
2527,11:08:21,11.16,--,107,119412,买盘
2528,11:08:18,11.16,-0.01,150,167400,中性盘
2529,11:08:12,11.17,--,1092,1219764,买盘
2530,11:08:09,11.17,0.01,32,35744,买盘
2531,11:08:06,11.16,--,3,3348,卖盘
2532,11:08:03,11.16,0.01,76,84816,卖盘
2533,11:08:00,11.15,-0.01,619,690185,卖盘
2534,11:07:57,11.16,--,206,229896,买盘
2535,11:07:54,11.16,0.01,147,164052,买盘
2536,11:07:51,11.15,-0.01,75,83625,卖盘
2537,11:07:48,11.16,--,351,391716,买盘
2538,11:07:45,11.16,-0.01,976,1089216,卖盘
2539,11:07:42,11.17,0.01,127,141859,买盘
2540,11:07:39,11.16,-0.01,634,707544,卖盘
2541,11:07:36,11.17,--,226,252442,买盘
2542,11:07:33,11.17,0.01,65,72605,买盘
2543,11:07:30,11.16,--,10,11160,卖盘
2544,11:07:27,11.16,-0.01,3,3348,卖盘
2545,11:07:24,11.17,0.01,225,251325,买盘
2546,11:07:21,11.16,-0.01,294,328104,卖盘
2547,11:07:18,11.17,--,133,148561,卖盘
2548,11:07:15,11.17,--,92,102764,卖盘
2549,11:07:12,11.17,--,335,374195,卖盘
2550,11:07:09,11.17,--,5,5585,卖盘
2551,11:07:06,11.17,--,113,126221,卖盘
2552,11:07:03,11.17,--,211,235687,卖盘
2553,11:07:00,11.17,-0.01,632,705944,卖盘
2554,11:06:57,11.18,--,70,78260,买盘
2555,11:06:54,11.18,0.01,19,21242,买盘
2556,11:06:51,11.17,--,201,224517,卖盘
2557,11:06:48,11.17,--,82,91594,卖盘
2558,11:06:45,11.17,-0.02,2371,2648407,卖盘
2559,11:06:42,11.19,--,4,4476,买盘
2560,11:06:39,11.19,--,23,25737,买盘
2561,11:06:36,11.19,--,20,22380,买盘
2562,11:06:33,11.19,--,1,1119,买盘
2563,11:06:30,11.19,--,255,285546,卖盘
2564,11:06:27,11.19,--,4,4476,卖盘
2565,11:06:24,11.19,-0.01,203,227157,卖盘
2566,11:06:21,11.2,0.01,15,16800,买盘
2567,11:06:18,11.19,--,4,4476,卖盘
2568,11:06:15,11.19,--,308,345569,买盘
2569,11:06:12,11.19,--,13,14547,买盘
2570,11:06:09,11.19,--,184,206097,卖盘
2571,11:06:06,11.19,--,8,8952,卖盘
2572,11:06:03,11.19,--,375,419625,卖盘
2573,11:06:00,11.19,-0.01,671,750849,卖盘
2574,11:05:57,11.2,0.01,3,3360,买盘
2575,11:05:54,11.19,-0.01,73,81687,卖盘
2576,11:05:51,11.2,--,42,47040,买盘
2577,11:05:48,11.2,0.01,227,254239,买盘
2578,11:05:45,11.19,-0.01,373,417387,卖盘
2579,11:05:42,11.2,--,10,11200,买盘
2580,11:05:39,11.2,--,1021,1143520,买盘
2581,11:05:36,11.2,--,22,24640,买盘
2582,11:05:33,11.2,--,39,43680,买盘
2583,11:05:30,11.2,--,71,79520,买盘
2584,11:05:27,11.2,--,391,437920,卖盘
2585,11:05:24,11.2,-0.01,1,1120,卖盘
2586,11:05:21,11.21,0.01,1504,1685984,买盘
2587,11:05:18,11.2,-0.01,1,1120,卖盘
2588,11:05:15,11.21,0.01,13,14573,买盘
2589,11:05:12,11.2,--,21,23520,卖盘
2590,11:05:09,11.2,--,91,101920,卖盘
2591,11:05:06,11.2,--,72,80640,卖盘
2592,11:05:03,11.2,--,26,29119,卖盘
2593,11:05:00,11.2,--,35,39200,卖盘
2594,11:04:57,11.2,-0.01,155,173600,卖盘
2595,11:04:54,11.21,--,17,19057,买盘
2596,11:04:51,11.21,0.01,17,19057,买盘
2597,11:04:45,11.2,--,14,15679,卖盘
2598,11:04:42,11.2,-0.01,61,68320,卖盘
2599,11:04:39,11.21,--,25,28025,买盘
2600,11:04:36,11.21,--,17,19057,买盘
2601,11:04:33,11.21,--,14,15694,买盘
2602,11:04:30,11.21,--,33,36993,买盘
2603,11:04:27,11.21,--,13,14573,买盘
2604,11:04:24,11.21,--,5,5605,买盘
2605,11:04:21,11.21,0.01,33,36993,买盘
2606,11:04:15,11.2,-0.01,3,3360,卖盘
2607,11:04:12,11.21,0.01,105,117705,买盘
2608,11:04:09,11.2,-0.01,138,154560,卖盘
2609,11:04:06,11.21,--,475,532475,卖盘
2610,11:04:03,11.21,-0.01,38,42598,卖盘
2611,11:04:00,11.22,--,6,6732,买盘
2612,11:03:57,11.22,0.01,3,3366,买盘
2613,11:03:54,11.21,-0.01,35,39235,卖盘
2614,11:03:51,11.22,--,92,103224,买盘
2615,11:03:45,11.22,0.01,137,153714,买盘
2616,11:03:39,11.21,-0.01,1,1121,卖盘
2617,11:03:36,11.22,0.01,1,1122,买盘
2618,11:03:33,11.21,--,33,36993,卖盘
2619,11:03:30,11.21,--,23,25783,卖盘
2620,11:03:27,11.21,--,87,97527,卖盘
2621,11:03:24,11.21,-0.01,1,1121,卖盘
2622,11:03:21,11.22,0.01,330,370260,买盘
2623,11:03:18,11.21,--,15,16815,卖盘
2624,11:03:15,11.21,-0.01,32,35872,卖盘
2625,11:03:12,11.22,0.01,14,15708,买盘
2626,11:03:09,11.21,--,20,22420,卖盘
2627,11:03:06,11.21,--,53,59413,卖盘
2628,11:03:03,11.21,--,29,32509,卖盘
2629,11:03:00,11.21,-0.01,44,49324,卖盘
2630,11:02:57,11.22,--,126,141372,买盘
2631,11:02:54,11.22,--,22,24684,买盘
2632,11:02:51,11.22,--,50,56100,买盘
2633,11:02:48,11.22,0.01,30,33660,买盘
2634,11:02:42,11.21,-0.01,17,19057,卖盘
2635,11:02:39,11.22,--,42,47124,买盘
2636,11:02:36,11.22,-0.01,36,40392,卖盘
2637,11:02:33,11.23,0.01,96,107808,买盘
2638,11:02:30,11.22,--,114,127908,买盘
2639,11:02:27,11.22,--,22,24684,买盘
2640,11:02:24,11.22,--,395,443190,买盘
2641,11:02:21,11.22,--,2,2244,买盘
2642,11:02:18,11.22,0.01,21,23562,买盘
2643,11:02:15,11.21,--,15,16815,卖盘
2644,11:02:12,11.21,-0.01,16,17936,卖盘
2645,11:02:09,11.22,--,10,11220,买盘
2646,11:02:06,11.22,--,30,33660,买盘
2647,11:02:03,11.22,0.01,47,52734,买盘
2648,11:02:00,11.21,-0.01,3,3363,卖盘
2649,11:01:57,11.22,--,18,20196,买盘
2650,11:01:54,11.22,--,88,98736,买盘
2651,11:01:51,11.22,--,8,8976,买盘
2652,11:01:48,11.22,--,238,267036,买盘
2653,11:01:45,11.22,0.01,3,3366,买盘
2654,11:01:42,11.21,--,13,14573,卖盘
2655,11:01:39,11.21,--,12,13452,卖盘
2656,11:01:36,11.21,-0.01,1,1121,卖盘
2657,11:01:30,11.22,--,33,37026,买盘
2658,11:01:27,11.22,--,50,56100,买盘
2659,11:01:24,11.22,--,10,11220,买盘
2660,11:01:21,11.22,0.01,1,1122,买盘
2661,11:01:18,11.21,-0.01,16,17936,卖盘
2662,11:01:15,11.22,0.01,20,22440,买盘
2663,11:01:12,11.21,--,3,3363,卖盘
2664,11:01:09,11.21,--,11,12331,卖盘
2665,11:01:06,11.21,--,81,90801,卖盘
2666,11:01:03,11.21,-0.01,336,376656,卖盘
2667,11:01:00,11.22,--,7,7854,买盘
2668,11:00:57,11.22,--,18,20196,买盘
2669,11:00:54,11.22,--,4,4488,买盘
2670,11:00:51,11.22,0.01,2,2244,买盘
2671,11:00:48,11.21,--,3,3363,卖盘
2672,11:00:45,11.21,--,11,12331,卖盘
2673,11:00:42,11.21,-0.01,1,1121,卖盘
2674,11:00:39,11.22,--,4,4488,买盘
2675,11:00:36,11.22,0.01,12,13464,买盘
2676,11:00:33,11.21,--,19,21299,卖盘
2677,11:00:30,11.21,-0.01,12,13452,卖盘
2678,11:00:27,11.22,--,63,70686,买盘
2679,11:00:24,11.22,--,13,14586,买盘
2680,11:00:21,11.22,--,3,3366,买盘
2681,11:00:15,11.22,--,20,22440,买盘
2682,11:00:12,11.22,0.01,6,6732,买盘
2683,11:00:09,11.21,--,21,23541,卖盘
2684,11:00:06,11.21,--,2,2242,卖盘
2685,11:00:03,11.21,-0.01,111,124431,卖盘
2686,10:59:57,11.22,--,27,30294,买盘
2687,10:59:54,11.22,--,1,1122,买盘
2688,10:59:51,11.22,--,21,23562,买盘
2689,10:59:48,11.22,0.01,28,31416,买盘
2690,10:59:45,11.21,--,1,1121,卖盘
2691,10:59:42,11.21,--,9,10089,卖盘
2692,10:59:36,11.21,-0.01,4,4484,卖盘
2693,10:59:30,11.22,0.01,61,68442,买盘
2694,10:59:27,11.21,--,18,20178,卖盘
2695,10:59:24,11.21,-0.01,17,19057,卖盘
2696,10:59:21,11.22,0.01,40,44880,买盘
2697,10:59:18,11.21,--,10,11210,卖盘
2698,10:59:15,11.21,--,7,7847,卖盘
2699,10:59:12,11.21,--,19,21299,卖盘
2700,10:59:09,11.21,--,9,10089,卖盘
2701,10:59:06,11.21,--,13,14573,卖盘
2702,10:59:03,11.21,-0.01,28,31388,卖盘
2703,10:59:00,11.22,--,298,334356,买盘
2704,10:58:57,11.22,--,111,124542,买盘
2705,10:58:54,11.22,0.01,13,14586,买盘
2706,10:58:51,11.21,-0.01,45,50445,卖盘
2707,10:58:48,11.22,0.01,50,56100,买盘
2708,10:58:45,11.21,-0.01,113,126673,卖盘
2709,10:58:42,11.22,--,52,58344,买盘
2710,10:58:36,11.22,0.01,4,4488,买盘
2711,10:58:33,11.21,--,10,11210,卖盘
2712,10:58:30,11.21,-0.01,16,17936,卖盘
2713,10:58:27,11.22,--,55,61710,买盘
2714,10:58:24,11.22,--,28,31416,买盘
2715,10:58:21,11.22,0.01,12,13464,买盘
2716,10:58:18,11.21,-0.01,6,6726,卖盘
2717,10:58:15,11.22,0.01,5,5610,买盘
2718,10:58:12,11.21,--,71,79591,卖盘
2719,10:58:09,11.21,--,2,2242,卖盘
2720,10:58:06,11.21,-0.01,1,1121,卖盘
2721,10:58:03,11.22,0.01,29,32538,买盘
2722,10:58:00,11.21,-0.01,11,12331,卖盘
2723,10:57:57,11.22,--,5,5610,买盘
2724,10:57:54,11.22,--,2,2244,买盘
2725,10:57:51,11.22,0.01,1,1122,买盘
2726,10:57:48,11.21,--,21,23541,卖盘
2727,10:57:45,11.21,--,1,1121,卖盘
2728,10:57:39,11.21,--,11,12331,卖盘
2729,10:57:36,11.21,--,102,114342,买盘
2730,10:57:33,11.21,0.01,11,12331,买盘
2731,10:57:30,11.2,--,2,2240,卖盘
2732,10:57:27,11.2,-0.01,80,89600,卖盘
2733,10:57:24,11.21,--,219,245499,买盘
2734,10:57:21,11.21,--,77,86317,买盘
2735,10:57:18,11.21,--,85,95285,买盘
2736,10:57:15,11.21,0.01,64,71744,买盘
2737,10:57:12,11.2,-0.01,4,4480,卖盘
2738,10:57:09,11.21,--,95,106495,买盘
2739,10:57:06,11.21,--,15,16815,买盘
2740,10:57:03,11.21,--,47,52687,买盘
2741,10:57:00,11.21,--,39,43719,买盘
2742,10:56:57,11.21,--,6,6726,买盘
2743,10:56:54,11.21,--,137,153577,买盘
2744,10:56:51,11.21,--,75,84075,买盘
2745,10:56:48,11.21,--,100,112100,买盘
2746,10:56:45,11.21,0.01,55,61655,买盘
2747,10:56:42,11.2,--,12,13440,卖盘
2748,10:56:39,11.2,--,2,2240,卖盘
2749,10:56:36,11.2,--,114,127679,卖盘
2750,10:56:33,11.2,--,10,11200,卖盘
2751,10:56:30,11.2,--,6,6720,卖盘
2752,10:56:27,11.2,-0.01,103,115359,卖盘
2753,10:56:24,11.21,--,12,13452,买盘
2754,10:56:21,11.21,--,11,12331,买盘
2755,10:56:18,11.21,--,93,104253,买盘
2756,10:56:15,11.21,0.01,1,1121,买盘
2757,10:56:12,11.2,--,94,105280,卖盘
2758,10:56:09,11.2,-0.01,22,24640,卖盘
2759,10:56:06,11.21,0.01,24,26904,买盘
2760,10:56:03,11.2,-0.01,40,44800,卖盘
2761,10:56:00,11.21,--,18,20178,买盘
2762,10:55:57,11.21,0.01,3,3363,买盘
2763,10:55:54,11.2,--,3,3360,卖盘
2764,10:55:51,11.2,--,23,25760,卖盘
2765,10:55:48,11.2,--,212,237439,卖盘
2766,10:55:45,11.2,-0.01,3,3360,卖盘
2767,10:55:42,11.21,0.01,40,44840,买盘
2768,10:55:39,11.2,--,32,35840,卖盘
2769,10:55:36,11.2,--,11,12320,卖盘
2770,10:55:33,11.2,--,25,28000,卖盘
2771,10:55:30,11.2,--,223,249759,卖盘
2772,10:55:27,11.2,-0.01,10,11200,卖盘
2773,10:55:24,11.21,--,3,3363,买盘
2774,10:55:21,11.21,--,5,5605,买盘
2775,10:55:18,11.21,--,2,2242,买盘
2776,10:55:15,11.21,--,62,69502,买盘
2777,10:55:12,11.21,--,9,10089,买盘
2778,10:55:09,11.21,0.01,11,12331,买盘
2779,10:55:06,11.2,--,76,85120,卖盘
2780,10:55:03,11.2,--,39,43680,卖盘
2781,10:55:00,11.2,-0.01,21,23520,卖盘
2782,10:54:57,11.21,--,103,115463,买盘
2783,10:54:54,11.21,0.01,29,32509,买盘
2784,10:54:51,11.2,-0.01,21,23520,卖盘
2785,10:54:48,11.21,0.01,15,16815,买盘
2786,10:54:45,11.2,--,16,17920,卖盘
2787,10:54:42,11.2,-0.01,14,15679,卖盘
2788,10:54:39,11.21,--,360,403560,买盘
2789,10:54:33,11.21,--,20,22420,买盘
2790,10:54:30,11.21,0.01,11,12331,买盘
2791,10:54:27,11.2,-0.01,3,3360,卖盘
2792,10:54:24,11.21,--,101,113221,买盘
2793,10:54:21,11.21,--,14,15694,买盘
2794,10:54:18,11.21,--,11,12331,买盘
2795,10:54:15,11.21,--,7,7847,买盘
2796,10:54:12,11.21,--,26,29146,买盘
2797,10:54:09,11.21,0.01,30,33630,买盘
2798,10:54:06,11.2,-0.01,6,6720,卖盘
2799,10:54:00,11.21,0.01,118,132278,买盘
2800,10:53:57,11.2,--,15,16800,卖盘
2801,10:53:54,11.2,-0.01,5,5600,卖盘
2802,10:53:51,11.21,0.01,18,20178,买盘
2803,10:53:48,11.2,--,12,13440,卖盘
2804,10:53:45,11.2,--,113,126559,卖盘
2805,10:53:42,11.2,--,25,28000,卖盘
2806,10:53:36,11.2,--,11,12320,卖盘
2807,10:53:33,11.2,--,34,38080,卖盘
