,time,price,change,volume,amount,type
0,15:00:03,11.48,--,1259,1445332,买盘
1,14:57:00,11.48,--,25,28700,买盘
2,14:56:57,11.48,0.01,127,145796,买盘
3,14:56:54,11.47,--,18,20646,卖盘
4,14:56:51,11.47,--,2,2947,卖盘
5,14:56:48,11.47,--,36,41292,卖盘
6,14:56:45,11.47,-0.01,10,11470,卖盘
7,14:56:42,11.48,--,360,413280,买盘
8,14:56:39,11.48,--,73,83804,买盘
9,14:56:33,11.48,0.01,29,33292,买盘
10,14:56:30,11.47,--,8,9176,卖盘
11,14:56:27,11.47,-0.01,56,64232,卖盘
12,14:56:21,11.48,--,28,32144,买盘
13,14:56:18,11.48,--,20,22960,买盘
14,14:56:12,11.48,--,52,59696,买盘
15,14:56:09,11.48,--,1,1148,买盘
16,14:56:06,11.48,0.01,19,21812,买盘
17,14:56:03,11.47,--,28,32253,卖盘
18,14:56:00,11.47,-0.01,7,9038,卖盘
19,14:55:57,11.48,0.01,82,94136,买盘
20,14:55:54,11.47,--,1,1147,卖盘
21,14:55:48,11.47,-0.01,1,1399,卖盘
22,14:55:45,11.48,0.01,146,167608,买盘
23,14:55:39,11.47,--,239,274133,卖盘
24,14:55:36,11.47,--,100,114700,卖盘
25,14:55:33,11.47,--,30,34410,卖盘
26,14:55:30,11.47,-0.01,13,15037,卖盘
27,14:55:24,11.48,--,7,8036,买盘
28,14:55:15,11.48,--,98,112504,买盘
29,14:55:12,11.48,0.01,59,67732,买盘
30,14:55:09,11.47,-0.01,21,24798,卖盘
31,14:55:06,11.48,0.01,38,43624,买盘
32,14:55:03,11.47,-0.01,365,418655,卖盘
33,14:55:00,11.48,--,23,26404,买盘
34,14:54:54,11.48,--,2,2296,买盘
35,14:54:48,11.48,0.01,5,5740,买盘
36,14:54:45,11.47,-0.01,11,12766,卖盘
37,14:54:42,11.48,--,64,73472,买盘
38,14:54:27,11.48,0.01,170,195160,买盘
39,14:54:24,11.47,-0.01,11,12685,卖盘
40,14:54:21,11.48,--,20,22960,买盘
41,14:54:09,11.48,0.01,12,13776,买盘
42,14:54:03,11.47,--,25,29799,卖盘
43,14:54:00,11.47,-0.01,72,82584,卖盘
44,14:53:57,11.48,--,21,24108,买盘
45,14:53:54,11.48,--,5,5740,买盘
46,14:53:51,11.48,--,9,10332,买盘
47,14:53:45,11.48,0.01,1,1148,买盘
48,14:53:42,11.47,--,5,5735,卖盘
49,14:53:36,11.47,--,30,34410,卖盘
50,14:53:27,11.47,--,5,5735,卖盘
51,14:53:18,11.47,--,83,96061,买盘
52,14:53:15,11.47,0.01,2,2294,买盘
53,14:53:12,11.46,-0.01,10,12583,卖盘
54,14:53:06,11.47,--,1,1147,买盘
55,14:53:03,11.47,-0.01,227,260460,卖盘
56,14:53:00,11.48,0.01,3,3444,买盘
57,14:52:48,11.47,-0.01,4,5723,卖盘
58,14:52:45,11.48,--,3,3444,买盘
59,14:52:42,11.48,0.01,14,16072,买盘
60,14:52:39,11.47,--,1,1147,卖盘
61,14:52:36,11.47,-0.01,18,20646,卖盘
62,14:52:30,11.48,--,9,10332,买盘
63,14:52:27,11.48,--,40,45920,买盘
64,14:52:24,11.48,0.01,33,37884,买盘
65,14:52:21,11.47,--,12,14716,卖盘
66,14:52:18,11.47,--,18,20646,卖盘
67,14:52:15,11.47,-0.01,18,20646,卖盘
68,14:52:06,11.48,0.01,156,179088,买盘
69,14:51:57,11.47,-0.01,3,3441,卖盘
70,14:51:54,11.48,--,8,9184,买盘
71,14:51:45,11.48,--,6,6888,买盘
72,14:51:36,11.48,0.01,8,9298,买盘
73,14:51:33,11.47,--,23,26381,卖盘
74,14:51:30,11.47,-0.01,1,1147,卖盘
75,14:51:27,11.48,0.01,47,53956,买盘
76,14:51:18,11.47,--,2,2294,卖盘
77,14:51:15,11.47,--,20,22940,卖盘
78,14:51:12,11.47,--,67,76849,买盘
79,14:51:09,11.47,--,24,27528,买盘
80,14:51:03,11.47,0.01,15,17205,买盘
81,14:51:00,11.46,-0.01,24,27504,卖盘
82,14:50:48,11.47,0.01,50,57350,买盘
83,14:50:45,11.46,-0.01,3,3438,卖盘
84,14:50:39,11.47,--,34,38998,卖盘
85,14:50:36,11.47,0.01,16,18352,买盘
86,14:50:33,11.46,-0.01,2,2292,卖盘
87,14:50:30,11.47,--,7,8029,买盘
88,14:50:27,11.47,0.01,3,3441,买盘
89,14:50:24,11.46,-0.01,29,33234,卖盘
90,14:50:18,11.47,0.01,3,3441,买盘
91,14:50:12,11.46,-0.01,14,16044,卖盘
92,14:50:03,11.47,-0.01,43,49710,卖盘
93,14:50:00,11.48,0.02,23,27161,买盘
94,14:49:57,11.46,-0.01,10,11460,卖盘
95,14:49:54,11.47,0.01,55,63085,买盘
96,14:49:51,11.46,--,2,3392,卖盘
97,14:49:45,11.46,-0.01,30,34380,卖盘
98,14:49:39,11.47,--,2,2294,买盘
99,14:49:36,11.47,0.01,9,10323,买盘
100,14:49:33,11.46,-0.01,43,49278,卖盘
101,14:49:27,11.47,--,30,34410,买盘
102,14:49:24,11.47,--,3,3441,买盘
103,14:49:18,11.47,--,12,13764,买盘
104,14:49:09,11.47,0.01,2,2294,买盘
105,14:49:06,11.46,--,14,16044,卖盘
106,14:49:03,11.46,-0.01,4,5707,卖盘
107,14:49:00,11.47,0.01,55,63085,买盘
108,14:48:57,11.46,-0.01,33,37818,卖盘
109,14:48:51,11.47,0.01,9,10323,买盘
110,14:48:48,11.46,-0.01,71,81366,卖盘
111,14:48:45,11.47,--,4,4588,买盘
112,14:48:36,11.47,--,17,19499,买盘
113,14:48:33,11.47,--,1,1147,买盘
114,14:48:30,11.47,--,5,5735,买盘
115,14:48:27,11.47,--,6,6882,买盘
116,14:48:24,11.47,0.01,120,137640,买盘
117,14:48:18,11.46,--,6,6876,买盘
118,14:48:15,11.46,--,217,249530,卖盘
119,14:48:12,11.46,-0.01,52,60726,卖盘
120,14:48:09,11.47,--,18,20646,买盘
121,14:48:06,11.47,--,6,6882,买盘
122,14:48:00,11.47,--,18,20646,买盘
123,14:47:57,11.47,0.01,15,17205,买盘
124,14:47:54,11.46,-0.01,22,25212,卖盘
125,14:47:48,11.47,--,50,58474,买盘
126,14:47:45,11.47,0.01,32,36704,买盘
127,14:47:42,11.46,-0.01,20,22920,卖盘
128,14:47:39,11.47,0.01,20,22940,买盘
129,14:47:36,11.46,-0.01,14,16044,卖盘
130,14:47:33,11.47,0.01,18,20646,买盘
131,14:47:30,11.46,--,16,18336,卖盘
132,14:47:27,11.46,--,18,20628,卖盘
133,14:47:24,11.46,--,429,491634,卖盘
134,14:47:21,11.46,-0.01,12,14875,卖盘
135,14:47:18,11.47,0.01,10,11470,买盘
136,14:47:12,11.46,-0.01,11,12606,卖盘
137,14:47:06,11.47,--,5,5735,买盘
138,14:47:03,11.47,0.01,17,19499,买盘
139,14:46:57,11.46,-0.01,10,12594,卖盘
140,14:46:51,11.47,--,25,28675,买盘
141,14:46:48,11.47,--,10,11470,买盘
142,14:46:45,11.47,0.01,24,27528,买盘
143,14:46:33,11.46,--,2,3392,卖盘
144,14:46:30,11.46,-0.01,21,24066,卖盘
145,14:46:27,11.47,--,9,10323,买盘
146,14:46:24,11.47,0.01,11,12617,买盘
147,14:46:21,11.46,--,33,37818,卖盘
148,14:46:18,11.46,-0.01,22,25212,卖盘
149,14:46:06,11.47,0.01,7,8029,买盘
150,14:46:03,11.46,-0.01,34,38964,卖盘
151,14:46:00,11.47,0.01,11,12617,买盘
152,14:45:57,11.46,--,3,3438,卖盘
153,14:45:54,11.46,--,16,18748,买盘
154,14:45:51,11.46,--,8,9168,买盘
155,14:45:48,11.46,--,30,34380,买盘
156,14:45:45,11.46,0.01,4,4584,买盘
157,14:45:42,11.45,--,21,24045,卖盘
158,14:45:39,11.45,--,10,11450,卖盘
159,14:45:36,11.45,-0.01,19,21755,卖盘
160,14:45:33,11.46,--,8,9168,买盘
161,14:45:30,11.46,--,9,10314,买盘
162,14:45:27,11.46,--,7,8022,买盘
163,14:45:24,11.46,0.01,69,79074,买盘
164,14:45:18,11.45,-0.01,28,33182,卖盘
165,14:45:09,11.46,0.01,3,3438,买盘
166,14:45:06,11.45,-0.01,6,6870,卖盘
167,14:45:03,11.46,0.01,64,73344,买盘
168,14:45:00,11.45,--,17,19465,卖盘
169,14:44:51,11.45,-0.01,20,22900,卖盘
170,14:44:45,11.46,--,58,66468,买盘
171,14:44:42,11.46,--,15,17190,买盘
172,14:44:39,11.46,0.01,1,1146,买盘
173,14:44:36,11.45,-0.01,246,281670,卖盘
174,14:44:33,11.46,--,121,138666,买盘
175,14:44:30,11.46,0.01,13,14898,买盘
176,14:44:27,11.45,-0.01,350,401883,卖盘
177,14:44:24,11.46,0.01,17,19482,买盘
178,14:44:21,11.45,-0.01,89,101905,卖盘
179,14:44:18,11.46,--,36,41256,买盘
180,14:44:15,11.46,--,4,4584,买盘
181,14:44:12,11.46,0.01,14,16044,买盘
182,14:44:09,11.45,-0.01,8,9160,卖盘
183,14:44:06,11.46,0.01,53,60738,买盘
184,14:44:03,11.45,-0.01,10,12572,卖盘
185,14:44:00,11.46,0.01,36,41256,买盘
186,14:43:57,11.45,--,32,36640,卖盘
187,14:43:54,11.45,-0.01,200,229000,卖盘
188,14:43:51,11.46,--,4,4584,买盘
189,14:43:48,11.46,0.01,15,17190,买盘
190,14:43:45,11.45,--,20,22900,卖盘
191,14:43:42,11.45,-0.01,8,9160,卖盘
192,14:43:39,11.46,0.01,38,43548,买盘
193,14:43:36,11.45,-0.01,15,18297,卖盘
194,14:43:30,11.46,--,2,2292,买盘
195,14:43:27,11.46,--,7,8022,买盘
196,14:43:24,11.46,0.01,2,2292,买盘
197,14:43:18,11.45,--,11,12595,卖盘
198,14:43:12,11.45,-0.01,2,2919,卖盘
199,14:43:06,11.46,--,145,166903,卖盘
200,14:42:57,11.46,--,83,95118,卖盘
201,14:42:54,11.46,--,24,27504,卖盘
202,14:42:51,11.46,--,1,1146,卖盘
203,14:42:45,11.46,--,84,96264,卖盘
204,14:42:42,11.46,-0.01,26,29796,卖盘
205,14:42:39,11.47,--,19,21793,买盘
206,14:42:33,11.47,0.01,3,3441,买盘
207,14:42:30,11.46,--,34,39376,买盘
208,14:42:27,11.46,--,3,3438,买盘
209,14:42:24,11.46,--,1,1146,买盘
210,14:42:21,11.46,--,13,15631,卖盘
211,14:42:18,11.46,--,16,18336,卖盘
212,14:42:15,11.46,--,3,3438,卖盘
213,14:42:12,11.46,--,14,16525,卖盘
214,14:42:09,11.46,-0.01,200,229200,卖盘
215,14:42:06,11.47,--,17,19499,买盘
216,14:42:03,11.47,--,6,6882,买盘
217,14:42:00,11.47,0.01,15,17205,买盘
218,14:41:57,11.46,--,86,99679,卖盘
219,14:41:54,11.46,--,44,50424,卖盘
220,14:41:45,11.46,--,10,11460,卖盘
221,14:41:36,11.46,--,54,61884,卖盘
222,14:41:33,11.46,-0.01,11,12606,卖盘
223,14:41:30,11.47,--,2,2294,买盘
224,14:41:27,11.47,--,2,2294,买盘
225,14:41:21,11.47,0.01,18,20646,买盘
226,14:41:15,11.46,--,15,17190,卖盘
227,14:41:06,11.46,--,13,16021,卖盘
228,14:41:03,11.46,--,17,19482,卖盘
229,14:41:00,11.46,-0.01,2,2292,卖盘
230,14:40:51,11.47,--,4,4588,买盘
231,14:40:48,11.47,--,2,2294,买盘
232,14:40:45,11.47,0.01,2,2294,买盘
233,14:40:42,11.46,--,10,12594,卖盘
234,14:40:39,11.46,--,4,4584,卖盘
235,14:40:33,11.46,-0.01,120,137520,卖盘
236,14:40:30,11.47,--,3,3441,买盘
237,14:40:27,11.47,--,294,337218,买盘
238,14:40:24,11.47,--,12,13764,买盘
239,14:40:21,11.47,0.01,5,5735,买盘
240,14:40:18,11.46,--,606,695599,卖盘
241,14:40:15,11.46,-0.01,67,76782,卖盘
242,14:40:06,11.47,0.01,2,2294,买盘
243,14:40:00,11.46,-0.01,1,1146,卖盘
244,14:39:57,11.47,0.01,98,112406,买盘
245,14:39:48,11.46,-0.01,24,27504,卖盘
246,14:39:45,11.47,--,9,10323,买盘
247,14:39:42,11.47,0.01,1,1147,买盘
248,14:39:39,11.46,-0.01,31,35526,卖盘
249,14:39:30,11.47,--,2,2294,买盘
250,14:39:27,11.47,--,36,41406,买盘
251,14:39:06,11.47,0.01,76,87172,买盘
252,14:39:03,11.46,-0.01,56,65173,卖盘
253,14:39:00,11.47,-0.01,4,4588,中性盘
254,14:38:54,11.48,0.01,2,2296,买盘
255,14:38:51,11.47,-0.01,36,41980,卖盘
256,14:38:48,11.48,--,4,4592,买盘
257,14:38:45,11.48,0.01,2,2296,买盘
258,14:38:39,11.47,--,7,8029,卖盘
259,14:38:36,11.47,--,10,12594,卖盘
260,14:38:33,11.47,-0.01,221,253487,卖盘
261,14:38:30,11.48,--,30,34440,买盘
262,14:38:27,11.48,--,4,4592,买盘
263,14:38:24,11.48,0.01,10,11480,买盘
264,14:38:18,11.47,--,331,379657,卖盘
265,14:38:15,11.47,--,251,287897,卖盘
266,14:38:12,11.47,-0.01,4,5161,卖盘
267,14:38:06,11.48,--,5,5740,买盘
268,14:38:03,11.48,--,3,3444,买盘
269,14:38:00,11.48,0.01,11,12628,买盘
270,14:37:54,11.47,-0.01,300,344100,卖盘
271,14:37:51,11.48,--,4,4592,买盘
272,14:37:45,11.48,0.01,2,2296,买盘
273,14:37:42,11.47,-0.01,6,6882,卖盘
274,14:37:36,11.48,--,50,57400,买盘
275,14:37:33,11.48,-0.01,20,22960,买盘
276,14:37:30,11.49,0.01,17,19533,买盘
277,14:37:27,11.48,--,17,19516,买盘
278,14:37:24,11.48,0.01,2,2296,买盘
279,14:37:21,11.47,--,7,8029,卖盘
280,14:37:12,11.47,-0.01,1,1147,卖盘
281,14:37:06,11.48,0.01,4,4592,买盘
282,14:37:03,11.47,-0.01,5,5735,卖盘
283,14:37:00,11.48,--,5,5740,买盘
284,14:36:57,11.48,0.01,5,5740,买盘
285,14:36:54,11.47,--,4,4588,卖盘
286,14:36:51,11.47,--,40,45880,卖盘
287,14:36:45,11.47,-0.01,38,43586,卖盘
288,14:36:39,11.48,--,96,110208,卖盘
289,14:36:36,11.48,--,42,48216,买盘
290,14:36:33,11.48,--,37,42476,买盘
291,14:36:30,11.48,--,26,29848,买盘
292,14:36:27,11.48,--,9,10332,卖盘
293,14:36:24,11.48,0.01,2,2296,买盘
294,14:36:21,11.47,-0.01,8,9176,卖盘
295,14:36:18,11.48,0.01,65,74620,买盘
296,14:36:12,11.47,--,7,8029,卖盘
297,14:36:09,11.47,-0.01,3,3441,卖盘
298,14:36:06,11.48,--,113,129724,卖盘
299,14:36:00,11.48,--,30,34440,卖盘
300,14:35:54,11.48,--,8,9184,卖盘
301,14:35:45,11.48,-0.01,21,24108,卖盘
302,14:35:42,11.49,0.01,10,11490,买盘
303,14:35:36,11.48,--,9,10332,卖盘
304,14:35:27,11.48,--,83,95284,买盘
305,14:35:24,11.48,--,2,2296,买盘
306,14:35:21,11.48,--,2,2296,买盘
307,14:35:15,11.48,0.01,1,1148,买盘
308,14:35:09,11.47,-0.01,10,11470,卖盘
309,14:35:06,11.48,0.01,2,2296,买盘
310,14:35:03,11.47,--,4,4588,卖盘
311,14:34:57,11.47,0.01,35,41200,买盘
312,14:34:54,11.46,-0.01,102,117969,卖盘
313,14:34:51,11.47,--,4,4588,买盘
314,14:34:48,11.47,--,15,17205,买盘
315,14:34:45,11.47,--,55,63085,买盘
316,14:34:36,11.47,0.01,412,472564,买盘
317,14:34:33,11.46,-0.01,98,112308,卖盘
318,14:34:30,11.47,--,2,2294,买盘
319,14:34:27,11.47,--,31,35557,买盘
320,14:34:24,11.47,--,7,8029,买盘
321,14:34:21,11.47,--,27,30969,买盘
322,14:34:18,11.47,--,40,45971,卖盘
323,14:34:12,11.47,--,6,6882,卖盘
324,14:34:09,11.47,-0.01,630,722610,卖盘
325,14:34:06,11.48,0.01,5,5740,买盘
326,14:34:03,11.47,-0.01,10,12594,卖盘
327,14:34:00,11.48,0.01,11,12628,买盘
328,14:33:57,11.47,--,26,29822,卖盘
329,14:33:51,11.47,--,29,33263,卖盘
330,14:33:48,11.47,-0.01,32,36704,卖盘
331,14:33:45,11.48,0.01,35,40180,买盘
332,14:33:42,11.47,--,7,8029,卖盘
333,14:33:39,11.47,-0.01,10,12605,卖盘
334,14:33:36,11.48,0.01,109,125132,买盘
335,14:33:33,11.47,-0.01,3,3441,卖盘
336,14:33:30,11.48,--,3,3444,买盘
337,14:33:27,11.48,--,24,27552,买盘
338,14:33:24,11.48,--,4,4592,买盘
339,14:33:21,11.48,--,2,2296,买盘
340,14:33:18,11.48,0.01,9,10332,买盘
341,14:33:12,11.47,-0.01,15,18329,卖盘
342,14:33:06,11.48,--,10,11480,买盘
343,14:33:03,11.48,--,2,2296,买盘
344,14:32:54,11.48,--,6,6888,买盘
345,14:32:51,11.48,0.01,24,27552,买盘
346,14:32:48,11.47,-0.01,10,12594,卖盘
347,14:32:45,11.48,--,31,35588,买盘
348,14:32:42,11.48,-0.01,346,397208,卖盘
349,14:32:33,11.49,--,406,466585,卖盘
350,14:32:30,11.49,-0.01,7,8043,卖盘
351,14:32:27,11.5,--,3,3450,买盘
352,14:32:24,11.5,--,10,12558,买盘
353,14:32:21,11.5,--,12,13800,买盘
354,14:32:15,11.5,--,29,33350,买盘
355,14:32:12,11.5,--,15,17250,买盘
356,14:32:06,11.5,0.01,6,6900,买盘
357,14:32:03,11.49,-0.01,1,1149,卖盘
358,14:31:51,11.5,--,9,10350,买盘
359,14:31:48,11.5,--,15,17250,买盘
360,14:31:45,11.5,0.01,13,14950,买盘
361,14:31:36,11.49,--,11,12639,卖盘
362,14:31:24,11.49,0.01,14,16086,买盘
363,14:31:21,11.48,--,57,65436,卖盘
364,14:31:18,11.48,-0.01,3,3444,卖盘
365,14:31:06,11.49,--,20,22980,买盘
366,14:31:00,11.49,-0.01,11,12639,卖盘
367,14:30:57,11.5,0.02,5,5750,买盘
368,14:30:45,11.48,--,8,9184,卖盘
369,14:30:42,11.48,--,9,10332,卖盘
370,14:30:39,11.48,-0.02,80,91840,卖盘
371,14:30:30,11.5,0.01,65,74750,买盘
372,14:30:27,11.49,--,25,28725,买盘
373,14:30:24,11.49,--,2,2298,买盘
374,14:30:21,11.49,--,2,2298,买盘
375,14:30:18,11.49,0.01,7,8043,买盘
376,14:30:15,11.48,-0.01,9,10332,卖盘
377,14:30:12,11.49,0.01,13,14937,买盘
378,14:30:06,11.48,-0.01,11,12628,卖盘
379,14:29:57,11.49,0.01,11,12639,买盘
380,14:29:54,11.48,--,13,14924,卖盘
381,14:29:51,11.48,--,8,9184,卖盘
382,14:29:45,11.48,--,1006,1154888,买盘
383,14:29:42,11.48,--,4,4592,买盘
384,14:29:39,11.48,--,25,28700,买盘
385,14:29:36,11.48,--,4,4592,买盘
386,14:29:33,11.48,--,772,887254,卖盘
387,14:29:27,11.48,-0.01,23,27529,卖盘
388,14:29:24,11.49,0.01,1,1149,买盘
389,14:29:15,11.48,--,9,10332,卖盘
390,14:29:09,11.48,-0.01,5,5740,卖盘
391,14:29:06,11.49,0.01,6,6894,买盘
392,14:29:03,11.48,-0.01,3,4569,卖盘
393,14:29:00,11.49,0.01,37,42513,买盘
394,14:28:54,11.48,-0.01,7,8036,卖盘
395,14:28:51,11.49,--,2,2298,买盘
396,14:28:48,11.49,--,5,5745,买盘
397,14:28:45,11.49,--,4,4596,买盘
398,14:28:27,11.49,0.01,5,5745,买盘
399,14:28:24,11.48,--,124,142547,买盘
400,14:28:21,11.48,0.01,2,2296,买盘
401,14:28:12,11.47,-0.01,12,14899,卖盘
402,14:28:09,11.48,--,22,25256,买盘
403,14:28:06,11.48,0.01,5,5740,买盘
404,14:28:00,11.47,--,40,45880,卖盘
405,14:27:54,11.47,-0.01,16,18352,卖盘
406,14:27:51,11.48,0.01,1,1148,买盘
407,14:27:48,11.47,-0.01,9,10667,卖盘
408,14:27:45,11.48,--,41,47068,买盘
409,14:27:42,11.48,--,11,12628,买盘
410,14:27:36,11.48,--,6,7840,卖盘
411,14:27:33,11.48,--,10,11480,卖盘
412,14:27:30,11.48,-0.01,5,5740,卖盘
413,14:27:27,11.49,--,1,1149,买盘
414,14:27:24,11.49,--,2,2298,买盘
415,14:27:21,11.49,--,21,24129,买盘
416,14:27:18,11.49,--,12,13788,买盘
417,14:27:12,11.49,0.01,18,21463,买盘
418,14:27:09,11.48,-0.01,224,257152,卖盘
419,14:27:06,11.49,0.01,2,2298,买盘
420,14:27:00,11.48,--,1,1148,卖盘
421,14:26:57,11.48,--,40,47045,卖盘
422,14:26:54,11.48,-0.01,6,7255,卖盘
423,14:26:51,11.49,--,2,2298,买盘
424,14:26:48,11.49,--,69,79281,买盘
425,14:26:45,11.49,--,18,20682,买盘
426,14:26:39,11.49,--,4,4596,买盘
427,14:26:36,11.49,0.01,64,73536,买盘
428,14:26:33,11.48,-0.01,19,22937,卖盘
429,14:26:27,11.49,--,3,3447,买盘
430,14:26:24,11.49,--,3,3447,买盘
431,14:26:09,11.49,--,13,16074,买盘
432,14:26:06,11.49,--,10,11490,买盘
433,14:25:57,11.49,0.01,11,12639,买盘
434,14:25:48,11.48,-0.01,5,5740,卖盘
435,14:25:45,11.49,0.01,1,1149,买盘
436,14:25:42,11.48,-0.01,25,28700,卖盘
437,14:25:39,11.49,--,5,5745,买盘
438,14:25:24,11.49,0.01,2,2298,买盘
439,14:25:21,11.48,--,21,24108,卖盘
440,14:25:18,11.48,--,6,7462,卖盘
441,14:25:15,11.48,--,1,1148,卖盘
442,14:25:09,11.48,-0.01,13,14924,卖盘
443,14:25:06,11.49,0.01,2,2298,买盘
444,14:24:54,11.48,-0.01,10,11480,卖盘
445,14:24:51,11.49,--,23,26427,买盘
446,14:24:48,11.49,--,73,83877,卖盘
447,14:24:45,11.49,-0.01,8,9192,卖盘
448,14:24:42,11.5,--,7,8050,买盘
449,14:24:39,11.5,--,2,2300,买盘
450,14:24:27,11.5,--,3,3450,买盘
451,14:24:24,11.5,--,12,13800,买盘
452,14:24:21,11.5,--,19,21850,买盘
453,14:24:18,11.5,0.01,2,2300,买盘
454,14:24:09,11.49,--,52,59748,买盘
455,14:24:06,11.49,0.01,4,4596,买盘
456,14:24:03,11.48,-0.01,7,9138,卖盘
457,14:24:00,11.49,--,33,37917,买盘
458,14:23:48,11.49,--,3,3447,买盘
459,14:23:45,11.49,-0.01,1,1149,中性盘
460,14:23:36,11.5,0.02,20,23000,买盘
461,14:23:33,11.48,-0.02,12,13776,卖盘
462,14:23:30,11.5,--,4,4600,买盘
463,14:23:27,11.5,0.02,31,35650,买盘
464,14:23:24,11.48,-0.02,60,68880,卖盘
465,14:23:18,11.5,0.02,2,2300,买盘
466,14:23:15,11.48,--,10,11480,卖盘
467,14:23:12,11.48,-0.02,4,4592,卖盘
468,14:23:06,11.5,0.01,73,83950,买盘
469,14:23:00,11.49,--,3,3447,买盘
470,14:22:54,11.49,--,42,48258,买盘
471,14:22:51,11.49,0.01,4,4596,买盘
472,14:22:48,11.48,-0.01,6,7978,卖盘
473,14:22:45,11.49,--,8,9192,买盘
474,14:22:39,11.49,--,1,1149,买盘
475,14:22:36,11.49,--,7,8043,卖盘
476,14:22:33,11.49,-0.01,8,9192,卖盘
477,14:22:30,11.5,--,1,1150,买盘
478,14:22:27,11.5,--,7,8050,买盘
479,14:22:24,11.5,--,2,2300,买盘
480,14:22:21,11.5,0.01,7,8050,买盘
481,14:22:18,11.49,-0.01,13,14937,卖盘
482,14:22:12,11.5,--,4,4600,买盘
483,14:22:06,11.5,0.02,100,115000,买盘
484,14:22:03,11.48,-0.01,20,22960,卖盘
485,14:21:57,11.49,--,11,12639,买盘
486,14:21:51,11.49,--,4,4596,买盘
487,14:21:48,11.49,-0.01,149,171201,卖盘
488,14:21:45,11.5,--,10,11500,买盘
489,14:21:39,11.5,0.01,2,2300,买盘
490,14:21:36,11.49,--,18,20682,卖盘
491,14:21:33,11.49,0.01,22,25278,买盘
492,14:21:30,11.48,-0.01,7,8036,卖盘
493,14:21:27,11.49,--,3,3447,买盘
494,14:21:24,11.49,--,5,5745,买盘
495,14:21:18,11.49,--,19,21831,买盘
496,14:21:15,11.49,0.01,7,8043,买盘
497,14:21:12,11.48,-0.02,3,3444,卖盘
498,14:21:09,11.5,0.01,9,10534,买盘
499,14:21:06,11.49,--,19,21831,买盘
500,14:21:03,11.49,-0.01,3,3447,买盘
501,14:21:00,11.5,--,20,23000,买盘
502,14:20:57,11.5,0.02,14,16100,买盘
503,14:20:54,11.48,-0.02,12,13776,卖盘
504,14:20:51,11.5,--,4,4600,买盘
505,14:20:39,11.5,0.02,17,19550,买盘
506,14:20:36,11.48,-0.01,7,8036,卖盘
507,14:20:33,11.49,-0.01,8,9192,卖盘
508,14:20:30,11.5,--,11,12650,买盘
509,14:20:27,11.5,--,2,2300,买盘
510,14:20:24,11.5,--,2,2300,买盘
511,14:20:21,11.5,--,14,16100,买盘
512,14:20:18,11.5,0.01,12,13800,买盘
513,14:20:15,11.49,--,39,44811,卖盘
514,14:20:12,11.49,--,31,35619,卖盘
515,14:20:09,11.49,-0.01,8,9192,卖盘
516,14:20:06,11.5,0.01,1,1150,买盘
517,14:20:03,11.49,--,22,25278,买盘
518,14:19:57,11.49,--,7,8043,买盘
519,14:19:51,11.49,-0.01,8,9192,买盘
520,14:19:48,11.5,--,19,21850,买盘
521,14:19:45,11.5,--,10,11500,买盘
522,14:19:42,11.5,0.01,4,4600,买盘
523,14:19:39,11.49,--,13,15844,卖盘
524,14:19:36,11.49,--,8,9192,卖盘
525,14:19:33,11.49,-0.01,5,5745,卖盘
526,14:19:30,11.5,0.01,13,14950,买盘
527,14:19:27,11.49,-0.01,10,12593,卖盘
528,14:19:24,11.5,--,49,56350,买盘
529,14:19:21,11.5,--,20,23000,买盘
530,14:19:18,11.5,--,4,4600,买盘
531,14:19:15,11.5,--,8,9200,买盘
532,14:19:12,11.5,--,15,17250,买盘
533,14:19:09,11.5,--,13,14950,买盘
534,14:19:06,11.5,--,46,52900,买盘
535,14:19:03,11.5,--,15,17250,买盘
536,14:19:00,11.5,0.01,21,24150,买盘
537,14:18:57,11.49,-0.01,9,10341,卖盘
538,14:18:54,11.5,--,7,8050,买盘
539,14:18:51,11.5,--,2,2300,买盘
540,14:18:48,11.5,--,69,79350,买盘
541,14:18:45,11.5,0.01,26,29900,买盘
542,14:18:42,11.49,--,59,67791,卖盘
543,14:18:39,11.49,--,4,5710,卖盘
544,14:18:36,11.49,--,6,6894,卖盘
545,14:18:33,11.49,-0.01,28,32172,卖盘
546,14:18:30,11.5,--,22,25300,买盘
547,14:18:27,11.5,--,3,3450,买盘
548,14:18:24,11.5,--,62,71300,买盘
549,14:18:21,11.5,--,28,32200,买盘
550,14:18:15,11.5,0.01,4,4600,买盘
551,14:18:12,11.49,-0.01,20,22980,卖盘
552,14:18:06,11.5,--,16,18400,买盘
553,14:18:03,11.5,--,5,5750,买盘
554,14:18:00,11.5,--,19,21850,买盘
555,14:17:57,11.5,--,54,62100,买盘
556,14:17:54,11.5,--,7,8050,买盘
557,14:17:51,11.5,--,9,10350,买盘
558,14:17:48,11.5,--,15,17250,买盘
559,14:17:45,11.5,--,9,10350,买盘
560,14:17:39,11.5,--,44,50611,卖盘
561,14:17:36,11.5,--,56,65538,买盘
562,14:17:30,11.5,--,9,10350,买盘
563,14:17:27,11.5,--,52,59800,买盘
564,14:17:24,11.5,--,27,32177,买盘
565,14:17:21,11.5,--,20,23000,买盘
566,14:17:15,11.5,--,9,10350,买盘
567,14:17:09,11.5,--,211,242650,买盘
568,14:17:06,11.5,--,4,4600,买盘
569,14:17:03,11.5,0.01,282,324300,买盘
570,14:17:00,11.49,--,2,2298,卖盘
571,14:16:57,11.49,-0.01,13,16028,卖盘
572,14:16:51,11.5,--,2,2300,买盘
573,14:16:48,11.5,--,44,50600,买盘
574,14:16:45,11.5,--,213,244950,买盘
575,14:16:30,11.5,0.01,8,9200,买盘
576,14:16:27,11.49,-0.01,39,44811,卖盘
577,14:16:24,11.5,--,7,8050,买盘
578,14:16:21,11.5,--,1,1150,买盘
579,14:16:18,11.5,0.01,66,75900,买盘
580,14:16:15,11.49,--,1,1149,卖盘
581,14:16:06,11.49,--,47,54003,买盘
582,14:16:03,11.49,--,2,2298,买盘
583,14:16:00,11.49,--,14,16086,买盘
584,14:15:54,11.49,--,4,4596,买盘
585,14:15:51,11.49,--,56,64344,卖盘
586,14:15:48,11.49,-0.01,1,1149,卖盘
587,14:15:45,11.5,0.01,38,43700,买盘
588,14:15:42,11.49,-0.01,13,14937,卖盘
589,14:15:39,11.5,--,400,460000,买盘
590,14:15:33,11.5,0.01,34,39100,买盘
591,14:15:27,11.49,0.01,94,108006,买盘
592,14:15:24,11.48,-0.01,6,6888,买盘
593,14:15:21,11.49,0.02,249,286101,买盘
594,14:15:18,11.47,-0.02,11,12617,卖盘
595,14:15:12,11.49,0.02,130,149370,买盘
596,14:15:09,11.47,-0.01,531,609057,卖盘
597,14:15:06,11.48,--,10,11480,买盘
598,14:15:00,11.48,0.01,15,17220,买盘
599,14:14:54,11.47,-0.01,94,108620,卖盘
600,14:14:51,11.48,--,20,22960,买盘
601,14:14:48,11.48,--,22,25256,买盘
602,14:14:45,11.48,--,2,2296,买盘
603,14:14:39,11.48,0.01,9,10332,买盘
604,14:14:33,11.47,-0.01,2,2294,卖盘
605,14:14:30,11.48,--,10,11480,买盘
606,14:14:24,11.48,--,2,2296,买盘
607,14:14:21,11.48,--,25,28700,买盘
608,14:14:18,11.48,0.01,7,8036,买盘
609,14:14:15,11.47,--,5,5735,卖盘
610,14:14:09,11.47,--,227,260369,买盘
611,14:14:06,11.47,--,41,47027,买盘
612,14:14:03,11.47,--,6,6882,买盘
613,14:14:00,11.47,-0.01,18,20646,买盘
614,14:13:54,11.48,0.01,18,20664,买盘
615,14:13:51,11.47,--,22,25234,买盘
616,14:13:48,11.47,-0.01,13,14911,卖盘
617,14:13:45,11.48,--,12,13776,买盘
618,14:13:42,11.48,--,2,2296,买盘
619,14:13:21,11.48,0.01,36,41328,买盘
620,14:13:18,11.47,--,4,4588,卖盘
621,14:13:15,11.47,-0.01,10,11470,卖盘
622,14:13:12,11.48,--,13,14924,买盘
623,14:13:09,11.48,--,6,6888,买盘
624,14:13:06,11.48,--,1,1148,买盘
625,14:12:51,11.48,0.01,67,76916,买盘
626,14:12:48,11.47,-0.01,4,4588,卖盘
627,14:12:45,11.48,0.02,6,6888,买盘
628,14:12:42,11.46,-0.02,35,40110,卖盘
629,14:12:39,11.48,0.01,23,26404,买盘
630,14:12:36,11.47,-0.01,12,13764,买盘
631,14:12:33,11.48,0.01,100,114800,买盘
632,14:12:30,11.47,--,4,4588,买盘
633,14:12:27,11.47,--,3,3441,买盘
634,14:12:24,11.47,--,168,192696,买盘
635,14:12:18,11.47,--,2,2294,买盘
636,14:12:15,11.47,--,12,13764,买盘
637,14:12:12,11.47,--,22,26231,卖盘
638,14:12:09,11.47,-0.01,21,24087,卖盘
639,14:12:06,11.48,0.01,4,4592,买盘
640,14:12:03,11.47,-0.01,9,10323,卖盘
641,14:12:00,11.48,0.01,18,20893,买盘
642,14:11:57,11.47,-0.01,11,12617,卖盘
643,14:11:54,11.48,--,14,16072,买盘
644,14:11:51,11.48,--,4,4592,买盘
645,14:11:48,11.48,--,7,8036,买盘
646,14:11:45,11.48,0.01,2,2296,买盘
647,14:11:42,11.47,--,8,9176,卖盘
648,14:11:36,11.47,--,6,6882,卖盘
649,14:11:33,11.47,-0.01,10,12594,卖盘
650,14:11:27,11.48,--,10,11480,买盘
651,14:11:24,11.48,--,2,2296,买盘
652,14:11:21,11.48,--,26,29848,买盘
653,14:11:18,11.48,0.01,1,1148,买盘
654,14:11:15,11.47,--,9,10323,卖盘
655,14:11:09,11.47,-0.01,2,3383,卖盘
656,14:11:06,11.48,0.01,23,26404,买盘
657,14:10:57,11.47,-0.01,8,9176,卖盘
658,14:10:51,11.48,--,2,2296,买盘
659,14:10:48,11.48,0.02,14,16072,买盘
660,14:10:42,11.46,-0.02,34,38964,卖盘
661,14:10:36,11.48,0.01,10,11480,买盘
662,14:10:33,11.47,-0.01,4,4588,卖盘
663,14:10:27,11.48,0.01,185,212380,买盘
664,14:10:24,11.47,--,7,8029,买盘
665,14:10:21,11.47,--,2,2294,买盘
666,14:10:18,11.47,--,3,3441,买盘
667,14:10:15,11.47,0.01,2,2294,买盘
668,14:10:12,11.46,--,35,40110,卖盘
669,14:10:09,11.46,--,130,148980,卖盘
670,14:10:06,11.46,-0.01,30,35205,卖盘
671,14:09:57,11.47,--,5,5735,买盘
672,14:09:54,11.47,--,45,51615,买盘
673,14:09:51,11.47,--,8,9176,买盘
674,14:09:48,11.47,--,27,30969,买盘
675,14:09:45,11.47,0.01,16,18352,买盘
676,14:09:42,11.46,-0.01,16,18336,卖盘
677,14:09:36,11.47,--,13,14911,买盘
678,14:09:27,11.47,--,12,14888,买盘
679,14:09:24,11.47,--,4,4588,买盘
680,14:09:21,11.47,--,10,11470,买盘
681,14:09:18,11.47,0.01,112,128464,买盘
682,14:09:15,11.46,-0.01,10,11460,卖盘
683,14:09:06,11.47,0.01,3,3441,买盘
684,14:09:03,11.46,-0.01,5,6864,卖盘
685,14:08:57,11.47,--,14,16058,买盘
686,14:08:51,11.47,--,6,6882,买盘
687,14:08:48,11.47,--,30,34410,买盘
688,14:08:45,11.47,--,9,10323,买盘
689,14:08:42,11.47,--,29,33263,买盘
690,14:08:39,11.47,--,25,29799,买盘
691,14:08:27,11.47,--,11,12617,买盘
692,14:08:24,11.47,--,2,2294,买盘
693,14:08:21,11.47,--,12,13764,买盘
694,14:08:18,11.47,0.01,1,1147,买盘
695,14:08:12,11.46,-0.01,14,16834,卖盘
696,14:08:09,11.47,--,12,13764,买盘
697,14:08:06,11.47,--,3,3441,买盘
698,14:07:51,11.47,--,4,4588,买盘
699,14:07:48,11.47,--,13,14911,买盘
700,14:07:45,11.47,0.01,2,2294,买盘
701,14:07:42,11.46,-0.01,8,9168,卖盘
702,14:07:39,11.47,0.01,14,16058,买盘
703,14:07:36,11.46,--,15,17522,卖盘
704,14:07:33,11.46,-0.01,7,8022,卖盘
705,14:07:30,11.47,--,5,5735,买盘
706,14:07:27,11.47,--,1,1147,买盘
707,14:07:24,11.47,0.01,13,15014,买盘
708,14:07:18,11.46,--,3,3438,卖盘
709,14:07:15,11.46,-0.01,5,5730,卖盘
710,14:07:12,11.47,--,12,13764,买盘
711,14:07:09,11.47,0.01,13,14911,买盘
712,14:07:06,11.46,--,15,17190,卖盘
713,14:06:57,11.46,-0.01,10,12468,卖盘
714,14:06:51,11.47,--,4,4588,买盘
715,14:06:48,11.47,0.01,151,173197,买盘
716,14:06:45,11.46,-0.01,18,20628,卖盘
717,14:06:39,11.47,--,2,2294,买盘
718,14:06:33,11.47,--,27,30969,买盘
719,14:06:24,11.47,0.01,12,13764,买盘
720,14:06:18,11.46,-0.01,7,8022,卖盘
721,14:06:15,11.47,0.01,19,21793,买盘
722,14:06:09,11.46,-0.01,21,25166,卖盘
723,14:06:06,11.47,--,54,61938,买盘
724,14:06:03,11.47,--,5,5735,买盘
725,14:05:57,11.47,0.01,11,12617,买盘
726,14:05:54,11.46,-0.01,61,69906,卖盘
727,14:05:48,11.47,--,4,4588,买盘
728,14:05:45,11.47,0.01,18,20646,买盘
729,14:05:39,11.46,-0.01,25,28650,卖盘
730,14:05:27,11.47,--,1,1147,买盘
731,14:05:24,11.47,0.01,14,16058,买盘
732,14:05:21,11.46,0.01,92,106027,买盘
733,14:05:18,11.45,-0.01,10,12572,卖盘
734,14:05:15,11.46,--,17,19482,买盘
735,14:05:12,11.46,--,5,5730,买盘
736,14:05:09,11.46,-0.01,363,416548,卖盘
737,14:05:06,11.47,0.01,1,1147,买盘
738,14:05:03,11.46,--,10,11460,卖盘
739,14:05:00,11.46,--,111,127206,卖盘
740,14:04:54,11.46,-0.01,11,12606,卖盘
741,14:04:51,11.47,--,6,6882,买盘
742,14:04:48,11.47,--,5,5735,买盘
743,14:04:45,11.47,--,12,13764,买盘
744,14:04:39,11.47,0.01,35,40145,买盘
745,14:04:30,11.46,--,11,12606,卖盘
746,14:04:27,11.46,-0.02,129,148177,卖盘
747,14:04:24,11.48,--,2,2296,买盘
748,14:04:15,11.48,--,1,1148,买盘
749,14:04:09,11.48,--,7,8036,买盘
750,14:04:06,11.48,0.01,1,1148,买盘
751,14:04:03,11.47,--,1,1147,卖盘
752,14:04:00,11.47,-0.01,16,18352,卖盘
753,14:03:51,11.48,--,3,3444,买盘
754,14:03:48,11.48,--,8,9184,买盘
755,14:03:45,11.48,0.01,2,2296,买盘
756,14:03:39,11.47,--,7,8029,卖盘
757,14:03:33,11.47,0.01,77,89064,买盘
758,14:03:30,11.46,-0.01,5,5730,卖盘
759,14:03:27,11.47,--,14,16058,买盘
760,14:03:24,11.47,--,1,1147,买盘
761,14:03:15,11.47,--,2,2294,买盘
762,14:03:12,11.47,--,32,36704,买盘
763,14:03:09,11.47,0.01,22,25234,买盘
764,14:03:06,11.46,-0.01,15,17190,卖盘
765,14:03:03,11.47,--,3,3441,买盘
766,14:02:57,11.47,0.01,11,12617,买盘
767,14:02:51,11.46,-0.01,53,60738,卖盘
768,14:02:48,11.47,--,12,14899,买盘
769,14:02:45,11.47,0.01,2,2294,买盘
770,14:02:39,11.46,--,100,114600,卖盘
771,14:02:33,11.46,-0.01,8,9168,卖盘
772,14:02:27,11.47,--,13,14911,买盘
773,14:02:24,11.47,--,18,21770,买盘
774,14:02:21,11.47,--,32,36704,买盘
775,14:02:18,11.47,--,14,16058,买盘
776,14:02:15,11.47,-0.01,44,50869,卖盘
777,14:02:12,11.48,0.01,16,18368,买盘
778,14:02:06,11.47,--,29,33263,卖盘
779,14:02:03,11.47,--,8,9176,卖盘
780,14:01:57,11.47,-0.01,7,9153,卖盘
781,14:01:54,11.48,--,11,12628,买盘
782,14:01:51,11.48,--,4,4592,买盘
783,14:01:48,11.48,--,29,33292,买盘
784,14:01:45,11.48,--,6,6888,买盘
785,14:01:39,11.48,0.01,22,25256,买盘
786,14:01:36,11.47,-0.01,5,5735,卖盘
787,14:01:33,11.48,--,4,4592,买盘
788,14:01:30,11.48,--,2,2296,买盘
789,14:01:27,11.48,--,2,2296,买盘
790,14:01:24,11.48,--,1,1148,买盘
791,14:01:15,11.48,--,12,13776,买盘
792,14:01:12,11.48,--,14,16072,买盘
793,14:01:09,11.48,--,29,34417,买盘
794,14:01:06,11.48,--,8,9184,买盘
795,14:01:03,11.48,--,3,3444,买盘
796,14:00:51,11.48,0.01,2,2296,买盘
797,14:00:48,11.47,-0.01,12,13764,卖盘
798,14:00:45,11.48,0.01,12,13776,买盘
799,14:00:42,11.47,-0.01,10,12605,卖盘
800,14:00:36,11.48,--,24,27552,买盘
801,14:00:33,11.48,0.01,9,10332,买盘
802,14:00:30,11.47,-0.01,5,5735,卖盘
803,14:00:27,11.48,--,3,3444,买盘
804,14:00:24,11.48,0.01,6,6888,买盘
805,14:00:18,11.47,-0.01,13,16023,卖盘
806,14:00:15,11.48,--,15,17220,买盘
807,14:00:12,11.48,0.01,2,2296,买盘
808,14:00:09,11.47,-0.01,14,16058,卖盘
809,14:00:06,11.48,--,2,2296,买盘
810,14:00:03,11.48,0.01,6,6888,买盘
811,14:00:00,11.47,--,16,18352,卖盘
812,13:59:54,11.47,--,10,12559,卖盘
813,13:59:51,11.47,-0.01,25,28675,卖盘
814,13:59:48,11.48,--,2,2296,买盘
815,13:59:45,11.48,--,2,2296,买盘
816,13:59:42,11.48,--,52,59696,买盘
817,13:59:33,11.48,0.01,13,14924,买盘
818,13:59:30,11.47,--,5,5735,卖盘
819,13:59:27,11.47,-0.01,39,45822,卖盘
820,13:59:24,11.48,--,1,1148,买盘
821,13:59:21,11.48,0.01,20,22960,买盘
822,13:59:18,11.47,-0.01,10,11470,卖盘
823,13:59:15,11.48,--,2,2296,买盘
824,13:59:12,11.48,--,2,2296,买盘
825,13:59:06,11.48,0.01,2,2296,买盘
826,13:59:03,11.47,--,16,19453,卖盘
827,13:58:51,11.47,-0.01,22,25234,卖盘
828,13:58:48,11.48,--,5,5740,买盘
829,13:58:45,11.48,0.01,82,94136,买盘
830,13:58:42,11.47,--,7,8029,卖盘
831,13:58:39,11.47,--,2,3291,卖盘
832,13:58:33,11.47,-0.01,6,6882,卖盘
833,13:58:30,11.48,--,48,55104,买盘
834,13:58:27,11.48,--,2,2296,买盘
835,13:58:24,11.48,--,1,1148,买盘
836,13:58:18,11.48,0.01,25,28700,买盘
837,13:58:12,11.47,--,4,4588,卖盘
838,13:58:09,11.47,-0.01,58,66526,卖盘
839,13:58:06,11.48,--,2,2296,买盘
840,13:58:03,11.48,0.01,14,16072,买盘
841,13:58:00,11.47,-0.01,6,6882,卖盘
842,13:57:54,11.48,0.01,11,12628,买盘
843,13:57:51,11.47,--,5,5735,卖盘
844,13:57:48,11.47,--,4,4588,卖盘
845,13:57:45,11.47,0.01,12,13764,中性盘
846,13:57:39,11.46,--,35,40110,卖盘
847,13:57:36,11.46,-0.01,5,5730,卖盘
848,13:57:33,11.47,--,16,18352,买盘
849,13:57:27,11.47,--,2,2294,买盘
850,13:57:24,11.47,--,13,16012,买盘
851,13:57:21,11.47,--,10,11470,买盘
852,13:57:15,11.47,0.01,5,5735,买盘
853,13:57:12,11.46,-0.01,1,1146,卖盘
854,13:57:06,11.47,-0.01,8,9176,中性盘
855,13:57:00,11.48,0.02,6,6888,买盘
856,13:56:57,11.46,-0.02,30,35503,卖盘
857,13:56:51,11.48,--,4,4592,买盘
858,13:56:45,11.48,--,2,2296,买盘
859,13:56:27,11.48,0.01,1,1148,买盘
860,13:56:24,11.47,-0.01,7,8029,中性盘
861,13:56:21,11.48,0.02,9,10332,买盘
862,13:56:15,11.46,--,32,36672,卖盘
863,13:56:06,11.46,-0.01,278,318588,卖盘
864,13:56:03,11.47,--,6,6882,买盘
865,13:55:57,11.47,--,7,8029,买盘
866,13:55:54,11.47,-0.01,8,9176,卖盘
867,13:55:51,11.48,0.01,103,118244,买盘
868,13:55:48,11.47,-0.01,18,20646,卖盘
869,13:55:45,11.48,0.01,2,2296,买盘
870,13:55:42,11.47,--,14,16058,买盘
871,13:55:39,11.47,--,9,10323,买盘
872,13:55:33,11.47,--,90,103230,买盘
873,13:55:30,11.47,--,1,1147,买盘
874,13:55:27,11.47,--,3,3441,买盘
875,13:55:24,11.47,-0.01,1,1147,中性盘
876,13:55:21,11.48,0.01,78,89544,买盘
877,13:55:18,11.47,-0.01,3,3441,卖盘
878,13:55:15,11.48,0.01,42,48216,买盘
879,13:55:09,11.47,--,71,82194,买盘
880,13:55:06,11.47,--,4,4588,买盘
881,13:55:03,11.47,--,12,14153,卖盘
882,13:55:00,11.47,-0.01,12,14693,卖盘
883,13:54:57,11.48,--,36,41328,买盘
884,13:54:54,11.48,--,57,66411,买盘
885,13:54:51,11.48,--,2,2296,买盘
886,13:54:48,11.48,--,2,2296,买盘
887,13:54:45,11.48,--,2,2296,买盘
888,13:54:39,11.48,--,9,10332,买盘
889,13:54:33,11.48,0.01,47,53956,买盘
890,13:54:27,11.47,-0.01,7,8029,卖盘
891,13:54:24,11.48,0.01,22,25256,买盘
892,13:54:12,11.47,-0.01,20,22940,卖盘
893,13:54:09,11.48,--,2,2296,买盘
894,13:54:06,11.48,0.01,12,13776,买盘
895,13:54:00,11.47,-0.01,11,12617,卖盘
896,13:53:57,11.48,--,22,25256,买盘
897,13:53:51,11.48,--,13,14924,买盘
898,13:53:48,11.48,0.01,31,35588,买盘
899,13:53:45,11.47,--,9,10323,买盘
900,13:53:42,11.47,--,24,27528,买盘
901,13:53:39,11.47,--,4,4588,买盘
902,13:53:30,11.47,--,42,48174,买盘
903,13:53:27,11.47,--,13,14911,买盘
904,13:53:24,11.47,--,101,115847,买盘
905,13:53:21,11.47,--,13,14911,买盘
906,13:53:15,11.47,--,25,28675,买盘
907,13:53:12,11.47,--,7,8029,买盘
908,13:53:09,11.47,0.01,3,3441,买盘
909,13:53:06,11.46,--,8,9168,买盘
910,13:53:00,11.46,--,14,16044,买盘
911,13:52:51,11.46,--,8,9168,买盘
912,13:52:48,11.46,--,10,11460,买盘
913,13:52:45,11.46,--,22,25212,卖盘
914,13:52:42,11.46,-0.01,8,10187,卖盘
915,13:52:36,11.47,0.01,13,14911,买盘
916,13:52:33,11.46,-0.01,16,18336,卖盘
917,13:52:27,11.47,--,3,3441,买盘
918,13:52:24,11.47,0.01,13,16012,买盘
919,13:52:21,11.46,-0.01,4,4584,卖盘
920,13:52:12,11.47,--,44,50468,买盘
921,13:52:09,11.47,--,17,19499,买盘
922,13:52:06,11.47,0.01,5,5735,买盘
923,13:51:57,11.46,-0.01,6,6898,卖盘
924,13:51:48,11.47,--,3,3441,买盘
925,13:51:45,11.47,--,2,2294,买盘
926,13:51:39,11.47,--,10,11470,买盘
927,13:51:36,11.47,0.01,3,3441,买盘
928,13:51:33,11.46,-0.01,21,25085,卖盘
929,13:51:27,11.47,--,1,1147,买盘
930,13:51:24,11.47,0.01,21,24087,买盘
931,13:51:21,11.46,--,6,6876,卖盘
932,13:51:18,11.46,--,7,8022,卖盘
933,13:51:09,11.46,-0.01,3,4354,卖盘
934,13:51:06,11.47,--,19,21793,买盘
935,13:50:57,11.47,0.01,10,11470,买盘
936,13:50:48,11.46,-0.01,8,9168,卖盘
937,13:50:45,11.47,--,7,8029,买盘
938,13:50:42,11.47,-0.01,31,35557,卖盘
939,13:50:39,11.48,0.01,19,21812,买盘
940,13:50:33,11.47,-0.01,2,2294,卖盘
941,13:50:30,11.48,--,1,1148,买盘
942,13:50:27,11.48,--,1,1148,买盘
943,13:50:24,11.48,--,7,8036,买盘
944,13:50:21,11.48,--,10,11480,买盘
945,13:50:18,11.48,0.01,3,3444,买盘
946,13:50:15,11.47,--,78,89466,买盘
947,13:50:09,11.47,0.01,2,2294,中性盘
948,13:50:00,11.46,-0.02,7,8022,卖盘
949,13:49:51,11.48,0.01,13,14924,买盘
950,13:49:48,11.47,-0.01,2,2615,卖盘
951,13:49:45,11.48,0.01,15,18046,买盘
952,13:49:42,11.47,-0.01,10,11470,卖盘
953,13:49:39,11.48,--,12,13776,买盘
954,13:49:27,11.48,0.01,35,40180,买盘
955,13:49:21,11.47,--,100,114700,买盘
956,13:49:18,11.47,-0.01,29,33263,中性盘
957,13:49:15,11.48,--,12,13776,买盘
958,13:49:09,11.48,0.01,25,28998,买盘
959,13:49:06,11.47,-0.01,8,9176,卖盘
960,13:49:03,11.48,--,7,8965,买盘
961,13:49:00,11.48,--,20,22960,买盘
962,13:48:51,11.48,--,12,13776,买盘
963,13:48:48,11.48,--,2,2296,买盘
964,13:48:45,11.48,0.02,1,1148,买盘
965,13:48:42,11.46,-0.02,7,8022,卖盘
966,13:48:39,11.48,--,17,19516,买盘
967,13:48:33,11.48,--,7,8036,买盘
968,13:48:27,11.48,--,2,2296,买盘
969,13:48:24,11.48,--,11,12628,买盘
970,13:48:18,11.48,--,1,1148,买盘
971,13:48:15,11.48,0.01,5,5740,买盘
972,13:48:12,11.47,-0.01,6,7306,卖盘
973,13:48:09,11.48,--,13,14924,买盘
974,13:48:06,11.48,0.01,4,4592,买盘
975,13:48:03,11.47,-0.01,6,6882,卖盘
976,13:47:57,11.48,0.01,7,8036,买盘
977,13:47:54,11.47,-0.01,2,2294,卖盘
978,13:47:48,11.48,--,2,2296,买盘
979,13:47:45,11.48,0.01,2,2296,买盘
980,13:47:42,11.47,--,10,11470,卖盘
981,13:47:36,11.47,0.01,33,37851,买盘
982,13:47:30,11.46,-0.01,7,8022,卖盘
983,13:47:27,11.47,--,6,6882,买盘
984,13:47:24,11.47,--,1,1147,买盘
985,13:47:21,11.47,0.01,14,16058,买盘
986,13:47:15,11.46,-0.01,2,2292,卖盘
987,13:47:06,11.47,--,2,2294,买盘
988,13:47:03,11.47,--,5,5735,买盘
989,13:46:57,11.47,0.01,3,3945,买盘
990,13:46:54,11.46,-0.01,2,2292,卖盘
991,13:46:51,11.47,--,219,251193,买盘
992,13:46:48,11.47,--,107,122729,买盘
993,13:46:45,11.47,--,7,8029,买盘
994,13:46:39,11.47,--,5,5735,买盘
995,13:46:33,11.47,--,20,22940,买盘
996,13:46:27,11.47,-0.01,46,52762,卖盘
997,13:46:24,11.48,--,2,2296,买盘
998,13:46:21,11.48,--,18,20664,买盘
999,13:46:09,11.48,--,69,79212,买盘
1000,13:46:06,11.48,0.01,2,2296,买盘
1001,13:46:03,11.47,--,11,12617,卖盘
1002,13:45:57,11.47,--,1,1147,中性盘
1003,13:45:51,11.47,0.01,11,12617,买盘
1004,13:45:48,11.46,--,10,12101,买盘
1005,13:45:45,11.46,--,4,4584,买盘
1006,13:45:42,11.46,--,26,29796,买盘
1007,13:45:36,11.46,--,10,11460,买盘
1008,13:45:33,11.46,-0.01,79,91038,卖盘
1009,13:45:30,11.47,--,24,27528,买盘
1010,13:45:27,11.47,--,2,2294,买盘
1011,13:45:24,11.47,0.01,2,2294,买盘
1012,13:45:18,11.46,-0.01,10,12560,卖盘
1013,13:45:06,11.47,--,2,2294,买盘
1014,13:45:03,11.47,--,2,2294,买盘
1015,13:45:00,11.47,--,116,133052,买盘
1016,13:44:57,11.47,0.01,100,114700,买盘
1017,13:44:54,11.46,--,20,24020,卖盘
1018,13:44:51,11.46,--,10,11460,卖盘
1019,13:44:48,11.46,-0.01,100,114600,卖盘
1020,13:44:45,11.47,--,1,1147,买盘
1021,13:44:39,11.47,--,10,11470,买盘
1022,13:44:36,11.47,0.01,24,27528,买盘
1023,13:44:27,11.46,-0.01,8,10210,卖盘
1024,13:44:24,11.47,--,18,20646,买盘
1025,13:44:06,11.47,--,8,9176,买盘
1026,13:44:03,11.47,0.01,29,33263,买盘
1027,13:44:00,11.46,-0.01,11,12606,卖盘
1028,13:43:57,11.47,--,2,2294,买盘
1029,13:43:51,11.47,--,24,27528,买盘
1030,13:43:48,11.47,--,2,2294,买盘
1031,13:43:45,11.47,0.01,14,16058,买盘
1032,13:43:42,11.46,--,7,8022,卖盘
1033,13:43:39,11.46,--,3,4526,卖盘
1034,13:43:36,11.46,-0.01,2,2292,卖盘
1035,13:43:33,11.47,--,4,4588,买盘
1036,13:43:27,11.47,--,1,1147,买盘
1037,13:43:24,11.47,0.01,2,2294,买盘
1038,13:43:18,11.46,--,3,3438,卖盘
1039,13:43:12,11.46,-0.01,10,12560,卖盘
1040,13:43:09,11.47,--,14,16058,买盘
1041,13:43:06,11.47,--,4,4588,买盘
1042,13:43:03,11.47,--,2,2294,买盘
1043,13:42:51,11.47,-0.01,95,109458,卖盘
1044,13:42:48,11.48,0.01,1,1148,中性盘
1045,13:42:39,11.47,-0.02,35,40145,卖盘
1046,13:42:36,11.49,--,35,40215,买盘
1047,13:42:33,11.49,0.02,30,34470,买盘
1048,13:42:30,11.47,--,8,9176,卖盘
1049,13:42:27,11.47,--,7,8029,卖盘
1050,13:42:24,11.47,--,9,11366,卖盘
1051,13:42:21,11.47,--,30,34410,卖盘
1052,13:42:12,11.47,-0.02,6,6882,卖盘
1053,13:42:06,11.49,--,1,1149,买盘
1054,13:42:03,11.49,--,1,1149,买盘
1055,13:42:00,11.49,0.01,5,5745,买盘
1056,13:41:57,11.48,-0.01,7,8036,卖盘
1057,13:41:51,11.49,--,13,14937,买盘
1058,13:41:48,11.49,--,2,2298,买盘
1059,13:41:45,11.49,0.02,20,22980,买盘
1060,13:41:33,11.47,--,10,12571,卖盘
1061,13:41:30,11.47,-0.02,45,52567,卖盘
1062,13:41:27,11.49,--,4,4596,买盘
1063,13:41:24,11.49,--,33,37917,买盘
1064,13:41:15,11.49,0.01,19,21831,买盘
1065,13:41:09,11.48,-0.01,255,293738,卖盘
1066,13:41:06,11.49,--,17,19533,买盘
1067,13:41:03,11.49,--,62,71238,买盘
1068,13:41:00,11.49,--,12,13788,买盘
1069,13:40:57,11.49,--,20,22980,买盘
1070,13:40:51,11.49,--,61,70089,买盘
1071,13:40:48,11.49,--,15,17235,买盘
1072,13:40:45,11.49,0.01,26,29874,买盘
1073,13:40:30,11.48,-0.01,50,57400,卖盘
1074,13:40:27,11.49,--,3,3447,买盘
1075,13:40:24,11.49,--,2,2298,买盘
1076,13:40:21,11.49,0.01,1,1149,买盘
1077,13:40:18,11.48,--,6,6888,卖盘
1078,13:40:15,11.48,--,8,9184,卖盘
1079,13:40:12,11.48,--,46,52808,买盘
1080,13:40:06,11.48,--,5,5740,买盘
1081,13:40:03,11.48,--,11,12628,买盘
1082,13:39:54,11.48,0.01,9,11193,买盘
1083,13:39:51,11.47,-0.01,7,8029,卖盘
1084,13:39:48,11.48,--,4,4592,买盘
1085,13:39:45,11.48,--,1,1148,买盘
1086,13:39:33,11.48,--,8,9184,买盘
1087,13:39:27,11.48,--,2,2296,买盘
1088,13:39:24,11.48,--,2,2296,买盘
1089,13:39:18,11.48,--,20,22960,买盘
1090,13:39:15,11.48,0.01,42,48216,买盘
1091,13:39:12,11.47,--,39,44733,卖盘
1092,13:39:09,11.47,-0.01,1,1147,卖盘
1093,13:39:06,11.48,--,48,55104,买盘
1094,13:39:03,11.48,--,3,3444,买盘
1095,13:39:00,11.48,--,39,44772,买盘
1096,13:38:57,11.48,--,11,12628,买盘
1097,13:38:51,11.48,--,4,4592,买盘
1098,13:38:45,11.48,0.01,8,9184,买盘
1099,13:38:36,11.47,0.01,29,33263,买盘
1100,13:38:33,11.46,-0.01,2,2292,卖盘
1101,13:38:27,11.47,--,3,3441,买盘
1102,13:38:24,11.47,0.01,17,19499,买盘
1103,13:38:15,11.46,--,4,4584,卖盘
1104,13:38:12,11.46,--,10,11460,卖盘
1105,13:38:09,11.46,--,12,13752,卖盘
1106,13:38:06,11.46,-0.01,245,280770,卖盘
1107,13:38:03,11.47,0.01,14,16058,买盘
1108,13:37:57,11.46,-0.01,27,30942,卖盘
1109,13:37:51,11.47,--,15,17205,买盘
1110,13:37:48,11.47,--,2,2294,买盘
1111,13:37:45,11.47,--,181,207607,买盘
1112,13:37:39,11.47,0.01,2,2294,买盘
1113,13:37:30,11.46,-0.01,7,8022,卖盘
1114,13:37:27,11.47,--,3,3441,买盘
1115,13:37:24,11.47,0.01,17,20588,买盘
1116,13:37:12,11.46,-0.01,28,32088,卖盘
1117,13:37:06,11.47,0.01,48,55056,买盘
1118,13:36:57,11.46,-0.01,3,4435,卖盘
1119,13:36:54,11.47,--,5,5735,买盘
1120,13:36:51,11.47,--,2,2294,买盘
1121,13:36:48,11.47,--,11,12617,买盘
1122,13:36:45,11.47,--,1,1147,买盘
1123,13:36:33,11.47,0.01,24,27528,买盘
1124,13:36:27,11.46,--,1,1146,卖盘
1125,13:36:24,11.46,--,9,10314,卖盘
1126,13:36:21,11.46,-0.01,10,11460,卖盘
1127,13:36:15,11.47,0.01,5,5735,买盘
1128,13:36:12,11.46,0.01,389,445794,买盘
1129,13:36:09,11.45,-0.01,3,3435,卖盘
1130,13:36:06,11.46,0.01,28,32088,买盘
1131,13:36:00,11.45,-0.01,2,2290,卖盘
1132,13:35:57,11.46,--,15,17190,买盘
1133,13:35:51,11.46,--,6,6876,买盘
1134,13:35:48,11.46,--,22,25212,买盘
1135,13:35:45,11.46,0.01,1,1146,买盘
1136,13:35:42,11.45,-0.01,12,14839,卖盘
1137,13:35:36,11.46,--,1,1146,买盘
1138,13:35:27,11.46,--,3,3438,买盘
1139,13:35:24,11.46,--,12,13752,买盘
1140,13:35:21,11.46,0.01,68,77928,买盘
1141,13:35:18,11.45,--,13,15972,卖盘
1142,13:35:09,11.45,-0.01,42,48090,卖盘
1143,13:35:06,11.46,-0.01,257,294762,卖盘
1144,13:35:03,11.47,--,2,2294,买盘
1145,13:35:00,11.47,0.01,34,38998,买盘
1146,13:34:57,11.46,--,14,16044,卖盘
1147,13:34:54,11.46,-0.01,21,24111,卖盘
1148,13:34:51,11.47,--,2,2294,买盘
1149,13:34:48,11.47,--,2,2294,买盘
1150,13:34:45,11.47,0.01,10,11470,买盘
1151,13:34:39,11.46,-0.01,56,64176,卖盘
1152,13:34:33,11.47,0.01,2,2294,买盘
1153,13:34:30,11.46,--,7,8022,卖盘
1154,13:34:27,11.46,-0.01,6,7838,卖盘
1155,13:34:24,11.47,--,2,2294,买盘
1156,13:34:15,11.47,--,1,1147,买盘
1157,13:34:12,11.47,--,10,11470,买盘
1158,13:34:06,11.47,--,3,3441,买盘
1159,13:34:03,11.47,--,1,1147,买盘
1160,13:33:57,11.47,--,10,11470,买盘
1161,13:33:51,11.47,--,1,1147,买盘
1162,13:33:48,11.47,0.01,11,12617,买盘
1163,13:33:45,11.46,--,18,20628,卖盘
1164,13:33:39,11.46,-0.01,8,10256,卖盘
1165,13:33:36,11.47,--,1,1147,买盘
1166,13:33:33,11.47,--,14,16058,买盘
1167,13:33:27,11.47,--,3,3441,买盘
1168,13:33:24,11.47,--,2,2294,买盘
1169,13:33:18,11.47,0.01,1,1147,买盘
1170,13:33:12,11.46,-0.01,9,11414,卖盘
1171,13:33:06,11.47,0.01,11,12617,买盘
1172,13:33:03,11.46,-0.01,10,11460,卖盘
1173,13:33:00,11.47,--,10,11470,买盘
1174,13:32:51,11.47,--,2,2294,买盘
1175,13:32:48,11.47,--,12,14819,买盘
1176,13:32:45,11.47,0.01,1,1147,买盘
1177,13:32:36,11.46,-0.01,1,1146,卖盘
1178,13:32:27,11.47,--,10,11470,买盘
1179,13:32:24,11.47,--,12,13764,买盘
1180,13:32:21,11.47,--,15,17205,买盘
1181,13:32:18,11.47,--,1,1147,买盘
1182,13:32:06,11.47,0.01,2,2294,买盘
1183,13:31:57,11.46,--,10,12548,卖盘
1184,13:31:48,11.46,-0.01,42,48132,卖盘
1185,13:31:45,11.47,0.01,14,16058,买盘
1186,13:31:42,11.46,--,11,12606,卖盘
1187,13:31:33,11.46,-0.01,20,24020,卖盘
1188,13:31:27,11.47,--,7,8029,买盘
1189,13:31:24,11.47,0.01,2,2294,买盘
1190,13:31:21,11.46,--,2,2292,卖盘
1191,13:31:18,11.46,--,3,3438,卖盘
1192,13:31:15,11.46,-0.01,11,12606,卖盘
1193,13:31:09,11.47,--,28,33217,买盘
1194,13:31:06,11.47,0.01,5,5735,买盘
1195,13:30:54,11.46,-0.01,9,10314,卖盘
1196,13:30:51,11.47,--,14,16058,买盘
1197,13:30:45,11.47,0.01,21,24087,买盘
1198,13:30:42,11.46,-0.01,3,4033,卖盘
1199,13:30:39,11.47,--,6,6882,买盘
1200,13:30:33,11.47,--,14,16058,买盘
1201,13:30:27,11.47,--,3,3441,买盘
1202,13:30:24,11.47,0.01,2,2294,买盘
1203,13:30:21,11.46,-0.01,8,9168,卖盘
1204,13:30:15,11.47,--,3,3441,买盘
1205,13:30:12,11.47,--,5,5735,买盘
1206,13:30:06,11.47,--,58,66526,买盘
1207,13:30:03,11.47,--,27,30969,买盘
1208,13:30:00,11.47,--,22,25234,买盘
1209,13:29:57,11.47,0.01,21,24087,买盘
1210,13:29:51,11.46,-0.01,9,10314,卖盘
1211,13:29:48,11.47,--,13,14911,买盘
1212,13:29:45,11.47,--,2,2294,买盘
1213,13:29:36,11.47,--,12,13764,中性盘
1214,13:29:30,11.47,--,17,19499,买盘
1215,13:29:27,11.47,--,3,3441,买盘
1216,13:29:24,11.47,-0.02,179,205313,卖盘
1217,13:29:21,11.49,0.02,24,27576,买盘
1218,13:29:15,11.47,--,63,72261,中性盘
1219,13:29:06,11.47,--,3,3441,买盘
1220,13:29:03,11.47,--,1,1147,买盘
1221,13:29:00,11.47,--,7,8029,买盘
1222,13:28:54,11.47,--,9,10323,卖盘
1223,13:28:45,11.47,--,38,43586,买盘
1224,13:28:39,11.47,0.01,2,2294,买盘
1225,13:28:36,11.46,-0.01,10,11460,卖盘
1226,13:28:30,11.47,--,3,3441,买盘
1227,13:28:27,11.47,--,2,2294,买盘
1228,13:28:24,11.47,--,2,2294,买盘
1229,13:28:18,11.47,-0.01,15,17205,卖盘
1230,13:28:09,11.48,--,12,13776,买盘
1231,13:28:06,11.48,--,1,1148,买盘
1232,13:28:03,11.48,--,9,10332,买盘
1233,13:28:00,11.48,0.02,9,10332,买盘
1234,13:27:57,11.46,-0.01,22,25406,卖盘
1235,13:27:54,11.47,--,30,34410,卖盘
1236,13:27:51,11.47,--,40,45880,卖盘
1237,13:27:48,11.47,-0.01,12,14716,卖盘
1238,13:27:45,11.48,0.01,2,2296,买盘
1239,13:27:39,11.47,--,35,40145,卖盘
1240,13:27:36,11.47,-0.01,8,9176,卖盘
1241,13:27:33,11.48,--,12,13776,买盘
1242,13:27:30,11.48,--,2,2296,买盘
1243,13:27:27,11.48,--,3,3444,买盘
1244,13:27:24,11.48,0.01,8,9184,买盘
1245,13:27:21,11.47,-0.01,7,8029,卖盘
1246,13:27:18,11.48,--,20,22960,买盘
1247,13:27:09,11.48,--,58,66584,买盘
1248,13:27:06,11.48,--,3,3444,买盘
1249,13:27:03,11.48,-0.01,226,259976,卖盘
1250,13:27:00,11.49,--,56,64344,买盘
1251,13:26:57,11.49,--,14,16086,买盘
1252,13:26:54,11.49,-0.01,2,2298,卖盘
1253,13:26:51,11.5,--,56,64400,买盘
1254,13:26:48,11.5,--,2,2300,买盘
1255,13:26:36,11.5,0.02,101,116150,买盘
1256,13:26:33,11.48,-0.01,2,2296,卖盘
1257,13:26:30,11.49,--,5,5745,买盘
1258,13:26:27,11.49,--,2,2298,买盘
1259,13:26:24,11.49,--,2,2298,买盘
1260,13:26:21,11.49,--,13,14937,买盘
1261,13:26:18,11.49,0.01,20,22980,买盘
1262,13:26:15,11.48,-0.01,5,5740,卖盘
1263,13:26:09,11.49,--,47,54623,买盘
1264,13:26:06,11.49,--,2,2298,买盘
1265,13:26:03,11.49,--,1,1149,买盘
1266,13:26:00,11.49,--,3,3447,买盘
1267,13:25:51,11.49,--,19,21831,买盘
1268,13:25:48,11.49,--,13,14937,买盘
1269,13:25:45,11.49,--,13,14937,买盘
1270,13:25:30,11.49,--,2,2298,买盘
1271,13:25:27,11.49,--,1,1149,买盘
1272,13:25:24,11.49,0.01,2,2298,买盘
1273,13:25:18,11.48,-0.01,20,22960,卖盘
1274,13:25:15,11.49,0.01,20,22980,买盘
1275,13:25:12,11.48,--,17,19516,买盘
1276,13:25:09,11.48,--,10,11480,买盘
1277,13:25:06,11.48,--,2,2296,买盘
1278,13:25:03,11.48,--,11,12628,买盘
1279,13:25:00,11.48,-0.01,8,9184,中性盘
1280,13:24:57,11.49,--,21,24129,买盘
1281,13:24:54,11.49,0.01,21,24129,买盘
1282,13:24:48,11.48,--,7,8036,卖盘
1283,13:24:45,11.48,-0.01,22,25256,卖盘
1284,13:24:36,11.49,0.01,9,10341,买盘
1285,13:24:33,11.48,-0.01,42,48216,卖盘
1286,13:24:30,11.49,--,3,3447,买盘
1287,13:24:27,11.49,--,2,2298,买盘
1288,13:24:24,11.49,--,2,2298,买盘
1289,13:24:21,11.49,--,15,17235,买盘
1290,13:24:18,11.49,--,5,5745,买盘
1291,13:24:15,11.49,--,50,57450,买盘
1292,13:24:12,11.49,0.01,64,73536,买盘
1293,13:24:09,11.48,-0.01,20,22960,卖盘
1294,13:24:06,11.49,--,17,19533,买盘
1295,13:24:03,11.49,--,1,1149,买盘
1296,13:24:00,11.49,--,4,4596,买盘
1297,13:23:57,11.49,0.01,10,11490,买盘
1298,13:23:51,11.48,--,1,1148,卖盘
1299,13:23:48,11.48,-0.01,10,11480,卖盘
1300,13:23:45,11.49,0.01,23,26427,买盘
1301,13:23:42,11.48,-0.01,20,22960,卖盘
1302,13:23:36,11.49,--,19,21831,买盘
1303,13:23:33,11.49,--,1,1149,买盘
1304,13:23:30,11.49,--,3,3447,买盘
1305,13:23:27,11.49,--,2,2298,买盘
1306,13:23:24,11.49,--,3,3447,买盘
1307,13:23:21,11.49,--,8,9192,买盘
1308,13:23:12,11.49,--,21,24129,买盘
1309,13:23:06,11.49,--,1,1149,买盘
1310,13:23:03,11.49,--,1,1149,买盘
1311,13:23:00,11.49,--,1,1149,买盘
1312,13:22:57,11.49,-0.01,1,1149,买盘
1313,13:22:54,11.5,--,10,11500,买盘
1314,13:22:51,11.5,0.04,1,1150,买盘
1315,13:22:48,11.46,-0.04,1,1146,卖盘
1316,13:22:45,11.5,--,16,18400,买盘
1317,13:22:42,11.5,--,13,14950,买盘
1318,13:22:36,11.5,0.01,1116,1283400,买盘
1319,13:22:33,11.49,--,4,4596,买盘
1320,13:22:30,11.49,--,12,13788,买盘
1321,13:22:27,11.49,0.05,10,11490,中性盘
1322,13:22:24,11.44,-0.05,2786,3187184,卖盘
1323,13:22:21,11.49,--,18,20682,卖盘
1324,13:22:18,11.49,-0.01,16,18384,卖盘
1325,13:22:15,11.5,--,66,75900,买盘
1326,13:22:12,11.5,--,12,13800,买盘
1327,13:22:06,11.5,--,1,1150,买盘
1328,13:22:03,11.5,0.01,14,16100,买盘
1329,13:22:00,11.49,--,4,4596,卖盘
1330,13:21:51,11.49,--,106,122736,买盘
1331,13:21:48,11.49,--,3,3447,买盘
1332,13:21:45,11.49,--,4,4596,买盘
1333,13:21:39,11.49,--,302,347204,买盘
1334,13:21:33,11.49,--,15,18177,买盘
1335,13:21:27,11.49,--,30,34470,买盘
1336,13:21:24,11.49,0.01,80,91920,买盘
1337,13:21:18,11.48,--,5,5740,卖盘
1338,13:21:12,11.48,-0.01,36,41328,卖盘
1339,13:21:06,11.49,0.01,1,1149,买盘
1340,13:21:03,11.48,--,6,6888,卖盘
1341,13:21:00,11.48,-0.01,30,34440,卖盘
1342,13:20:57,11.49,--,29,33321,买盘
1343,13:20:51,11.49,--,1,1149,买盘
1344,13:20:48,11.49,--,15,17235,买盘
1345,13:20:45,11.49,--,2,2298,买盘
1346,13:20:36,11.49,0.01,20,22980,买盘
1347,13:20:33,11.48,-0.01,19,21812,卖盘
1348,13:20:27,11.49,--,1,1149,买盘
1349,13:20:24,11.49,0.01,2,2298,买盘
1350,13:20:21,11.48,--,362,415576,买盘
1351,13:20:15,11.48,0.01,3,3444,买盘
1352,13:20:12,11.47,--,63,72261,卖盘
1353,13:20:09,11.47,0.01,357,410018,买盘
1354,13:20:06,11.46,--,19,21774,卖盘
1355,13:20:03,11.46,-0.01,1,1146,卖盘
1356,13:20:00,11.47,0.01,10,11470,买盘
1357,13:19:54,11.46,-0.01,5,6520,卖盘
1358,13:19:51,11.47,--,4,4588,买盘
1359,13:19:45,11.47,--,2,2294,买盘
1360,13:19:39,11.47,--,30,34410,买盘
1361,13:19:27,11.47,--,2,2294,买盘
1362,13:19:24,11.47,0.01,3,3441,买盘
1363,13:19:18,11.46,-0.01,3,3438,卖盘
1364,13:19:12,11.47,--,25,28675,买盘
1365,13:19:06,11.47,0.01,11,12869,买盘
1366,13:19:03,11.46,--,15,18049,卖盘
1367,13:19:00,11.46,-0.01,55,63030,卖盘
1368,13:18:54,11.47,--,3,3441,买盘
1369,13:18:51,11.47,--,6,6882,买盘
1370,13:18:48,11.47,--,1,1147,买盘
1371,13:18:45,11.47,--,2,2294,买盘
1372,13:18:36,11.47,--,17,19499,买盘
1373,13:18:33,11.47,--,52,59644,买盘
1374,13:18:27,11.47,--,2,2294,买盘
1375,13:18:24,11.47,0.01,2,2294,买盘
1376,13:18:21,11.46,--,28,32088,卖盘
1377,13:18:18,11.46,-0.01,20,22920,卖盘
1378,13:18:15,11.47,--,5,5735,买盘
1379,13:18:06,11.47,--,7,8029,买盘
1380,13:18:03,11.47,--,4,4588,买盘
1381,13:17:54,11.47,--,11,12617,买盘
1382,13:17:51,11.47,--,8,9176,买盘
1383,13:17:48,11.47,--,4,4588,买盘
1384,13:17:45,11.47,--,2,2294,买盘
1385,13:17:42,11.47,0.01,2,2294,买盘
1386,13:17:39,11.46,--,10,11460,买盘
1387,13:17:36,11.46,--,2,2292,买盘
1388,13:17:27,11.46,--,85,97410,买盘
1389,13:17:24,11.46,0.01,29,33234,买盘
1390,13:17:18,11.45,--,181,207245,买盘
1391,13:17:09,11.45,--,6,6870,买盘
1392,13:17:06,11.45,--,101,115645,买盘
1393,13:17:03,11.45,--,1,1145,买盘
1394,13:17:00,11.45,--,10,11450,买盘
1395,13:16:54,11.45,--,1,1145,买盘
1396,13:16:51,11.45,--,2,2290,买盘
1397,13:16:48,11.45,--,2,2290,买盘
1398,13:16:45,11.45,0.01,7,8014,买盘
1399,13:16:42,11.44,--,5,5720,卖盘
1400,13:16:39,11.44,--,14,16622,买盘
1401,13:16:36,11.44,0.01,167,191048,买盘
1402,13:16:33,11.43,-0.01,20,23957,卖盘
1403,13:16:27,11.44,--,13,14872,买盘
1404,13:16:24,11.44,--,8,9152,买盘
1405,13:16:15,11.44,--,6,6864,买盘
1406,13:16:12,11.44,0.01,20,22880,买盘
1407,13:16:09,11.43,-0.01,10,12515,卖盘
1408,13:16:06,11.44,--,1,1144,买盘
1409,13:16:03,11.44,--,9,10296,买盘
1410,13:15:57,11.44,0.01,33,37752,买盘
1411,13:15:51,11.43,-0.01,23,26289,卖盘
1412,13:15:45,11.44,0.01,33,37752,买盘
1413,13:15:42,11.43,--,10,12527,卖盘
1414,13:15:39,11.43,--,50,57150,卖盘
1415,13:15:33,11.43,-0.01,29,33147,卖盘
1416,13:15:27,11.44,--,3,3432,买盘
1417,13:15:24,11.44,--,2,2288,买盘
1418,13:15:21,11.44,0.01,1,1144,买盘
1419,13:15:18,11.43,-0.01,45,52383,卖盘
1420,13:15:09,11.44,0.01,72,82368,买盘
1421,13:15:06,11.43,-0.01,99,113157,卖盘
1422,13:15:03,11.44,--,2,2288,买盘
1423,13:14:57,11.44,0.01,45,51480,买盘
1424,13:14:48,11.43,-0.01,8,9144,卖盘
1425,13:14:45,11.44,0.01,7,8008,买盘
1426,13:14:33,11.43,--,39,45491,买盘
1427,13:14:30,11.43,--,100,114300,买盘
1428,13:14:27,11.43,--,18,20574,买盘
1429,13:14:24,11.43,--,42,48006,买盘
1430,13:14:15,11.43,--,21,24003,买盘
1431,13:14:09,11.43,--,13,14859,买盘
1432,13:14:06,11.43,--,82,93726,买盘
1433,13:14:03,11.43,--,2,2286,买盘
1434,13:14:00,11.43,--,20,22860,买盘
1435,13:13:57,11.43,--,31,35433,买盘
1436,13:13:54,11.43,--,10,11430,买盘
1437,13:13:51,11.43,--,17,19431,买盘
1438,13:13:45,11.43,--,2,2286,买盘
1439,13:13:42,11.43,0.01,50,57150,买盘
1440,13:13:39,11.42,--,10,12516,卖盘
1441,13:13:33,11.42,-0.01,24,27408,卖盘
1442,13:13:27,11.43,--,2,2286,买盘
1443,13:13:24,11.43,--,21,24003,买盘
1444,13:13:18,11.43,0.01,30,34290,买盘
1445,13:13:15,11.42,--,24,27408,卖盘
1446,13:13:12,11.42,--,10,12504,卖盘
1447,13:13:09,11.42,-0.01,25,28550,卖盘
1448,13:13:06,11.43,0.01,7,8001,买盘
1449,13:13:00,11.42,--,20,22840,卖盘
1450,13:12:54,11.42,-0.01,29,33118,卖盘
1451,13:12:51,11.43,0.01,8,9144,买盘
1452,13:12:48,11.42,-0.01,5,6703,卖盘
1453,13:12:45,11.43,--,22,25146,买盘
1454,13:12:42,11.43,0.01,4,4572,买盘
1455,13:12:39,11.42,--,35,39970,卖盘
1456,13:12:33,11.42,-0.01,10,11420,卖盘
1457,13:12:27,11.43,--,3,3429,买盘
1458,13:12:24,11.43,0.01,10,11430,买盘
1459,13:12:18,11.42,--,30,34260,卖盘
1460,13:12:12,11.42,--,4,4568,卖盘
1461,13:12:09,11.42,-0.01,3,3426,卖盘
1462,13:12:06,11.43,--,8,9144,买盘
1463,13:12:03,11.43,--,1,1143,买盘
1464,13:12:00,11.43,0.01,20,22860,买盘
1465,13:11:57,11.42,--,25,28550,买盘
1466,13:11:54,11.42,--,31,35402,买盘
1467,13:11:51,11.42,--,11,12562,买盘
1468,13:11:48,11.42,--,2,2284,买盘
1469,13:11:45,11.42,-0.01,95,108490,中性盘
1470,13:11:36,11.43,0.01,240,274320,买盘
1471,13:11:33,11.42,--,32,37640,买盘
1472,13:11:27,11.42,--,3,3426,买盘
1473,13:11:24,11.42,--,14,15988,买盘
1474,13:11:15,11.42,--,20,22840,买盘
1475,13:11:12,11.42,--,4,4568,买盘
1476,13:11:09,11.42,--,68,78740,买盘
1477,13:11:06,11.42,--,2,2284,买盘
1478,13:11:03,11.42,--,2,2284,买盘
1479,13:11:00,11.42,--,1,1142,买盘
1480,13:10:57,11.42,--,29,33723,卖盘
1481,13:10:54,11.42,-0.01,550,628636,卖盘
1482,13:10:51,11.43,0.02,5,5715,买盘
1483,13:10:48,11.41,-0.02,875,998375,卖盘
1484,13:10:45,11.43,0.01,92,105156,买盘
1485,13:10:42,11.42,--,25,28801,卖盘
1486,13:10:39,11.42,-0.01,397,453374,卖盘
1487,13:10:33,11.43,--,32,36576,卖盘
1488,13:10:27,11.43,-0.01,8,9144,卖盘
1489,13:10:24,11.44,0.01,21,24024,买盘
1490,13:10:18,11.43,-0.01,5,5715,卖盘
1491,13:10:09,11.44,--,3,3432,买盘
1492,13:10:03,11.44,--,7,8008,买盘
1493,13:09:54,11.44,--,22,25168,买盘
1494,13:09:51,11.44,--,1,1144,买盘
1495,13:09:48,11.44,--,6,6864,买盘
1496,13:09:45,11.44,0.02,9,10296,买盘
1497,13:09:42,11.42,--,2,2284,卖盘
1498,13:09:39,11.42,-0.01,1903,2173226,卖盘
1499,13:09:36,11.43,-0.01,5,5715,卖盘
1500,13:09:33,11.44,0.01,20,22880,买盘
1501,13:09:27,11.43,-0.01,8,9532,卖盘
1502,13:09:24,11.44,0.01,11,12584,买盘
1503,13:09:18,11.43,--,2,2286,卖盘
1504,13:09:12,11.43,--,17,19431,卖盘
1505,13:09:06,11.43,-0.01,6,6858,卖盘
1506,13:09:03,11.44,--,40,46778,买盘
1507,13:08:54,11.44,-0.01,468,535929,卖盘
1508,13:08:51,11.45,--,12,13740,买盘
1509,13:08:45,11.45,--,5,5725,买盘
1510,13:08:42,11.45,0.01,1,1145,买盘
1511,13:08:39,11.44,-0.01,35,41046,卖盘
1512,13:08:33,11.45,--,23,26335,买盘
1513,13:08:27,11.45,--,1,1145,买盘
1514,13:08:24,11.45,0.01,1,1145,买盘
1515,13:08:18,11.44,-0.01,37,42328,卖盘
1516,13:08:15,11.45,0.01,3,3435,买盘
1517,13:08:12,11.44,-0.01,10,12458,卖盘
1518,13:08:09,11.45,--,2,2290,买盘
1519,13:08:06,11.45,0.01,3,3435,买盘
1520,13:08:03,11.44,-0.01,4,4576,卖盘
1521,13:08:00,11.45,--,3,3435,买盘
1522,13:07:57,11.45,0.01,5,5725,买盘
1523,13:07:48,11.44,-0.01,11,13510,卖盘
1524,13:07:45,11.45,0.01,5,5725,买盘
1525,13:07:33,11.44,-0.01,10,11440,卖盘
1526,13:07:30,11.45,--,27,30914,买盘
1527,13:07:27,11.45,--,2,2290,买盘
1528,13:07:24,11.45,--,14,17049,买盘
1529,13:07:21,11.45,0.01,10,11450,买盘
1530,13:07:18,11.44,-0.01,21,24024,卖盘
1531,13:07:09,11.45,--,10,11450,买盘
1532,13:07:06,11.45,0.01,2,2290,买盘
1533,13:07:00,11.44,--,50,57200,卖盘
1534,13:06:57,11.44,-0.01,10,12458,卖盘
1535,13:06:54,11.45,--,20,22900,买盘
1536,13:06:51,11.45,--,1,1145,买盘
1537,13:06:48,11.45,--,2,2290,买盘
1538,13:06:45,11.45,--,2,2290,买盘
1539,13:06:42,11.45,0.01,9,10305,买盘
1540,13:06:33,11.44,-0.01,10,12446,卖盘
1541,13:06:30,11.45,--,5,5725,买盘
1542,13:06:27,11.45,--,2,2290,买盘
1543,13:06:24,11.45,--,9,10305,买盘
1544,13:06:18,11.45,--,32,36640,买盘
1545,13:06:12,11.45,0.01,20,22900,买盘
1546,13:06:09,11.44,-0.01,6,7538,卖盘
1547,13:06:06,11.45,0.01,95,108775,买盘
1548,13:06:00,11.44,--,1,1144,卖盘
1549,13:05:48,11.44,-0.01,153,175032,卖盘
1550,13:05:45,11.45,--,2,2290,买盘
1551,13:05:42,11.45,--,23,26335,买盘
1552,13:05:36,11.45,--,3,3435,买盘
1553,13:05:30,11.45,0.01,38,43510,买盘
1554,13:05:24,11.44,--,53,61432,买盘
1555,13:05:21,11.44,0.01,2,2288,买盘
1556,13:05:15,11.43,--,5,5715,卖盘
1557,13:05:09,11.43,-0.01,35,40005,卖盘
1558,13:05:06,11.44,0.01,89,101816,买盘
1559,13:05:03,11.43,-0.01,20,22860,卖盘
1560,13:05:00,11.44,0.01,60,68640,买盘
1561,13:04:57,11.43,--,2,2286,卖盘
1562,13:04:54,11.43,-0.01,10,12447,卖盘
1563,13:04:51,11.44,0.01,4,4576,买盘
1564,13:04:48,11.43,-0.01,18,20574,卖盘
1565,13:04:45,11.44,--,12,13728,买盘
1566,13:04:39,11.44,--,10,11440,买盘
1567,13:04:36,11.44,--,103,117832,买盘
1568,13:04:33,11.44,-0.01,803,918975,卖盘
1569,13:04:30,11.45,0.01,100,114500,买盘
1570,13:04:27,11.44,-0.01,11,13602,卖盘
1571,13:04:24,11.45,0.01,11,12595,买盘
1572,13:04:09,11.44,-0.01,100,114400,卖盘
1573,13:04:06,11.45,--,11,12595,买盘
1574,13:04:03,11.45,--,11,13522,买盘
1575,13:03:48,11.45,--,1,1145,买盘
1576,13:03:45,11.45,--,5,5725,买盘
1577,13:03:42,11.45,0.01,349,400498,买盘
1578,13:03:39,11.44,-0.01,9,10970,卖盘
1579,13:03:36,11.45,--,3,3435,买盘
1580,13:03:30,11.45,--,22,25190,买盘
1581,13:03:27,11.45,--,2,2290,买盘
1582,13:03:24,11.45,0.01,49,56105,买盘
1583,13:03:06,11.44,--,22,25168,卖盘
1584,13:03:00,11.44,-0.01,17,19653,卖盘
1585,13:02:57,11.45,0.01,902,1032789,买盘
1586,13:02:54,11.44,--,30,34320,卖盘
1587,13:02:48,11.44,-0.01,10,12458,卖盘
1588,13:02:45,11.45,--,17,19465,买盘
1589,13:02:36,11.45,0.01,6,6870,买盘
1590,13:02:33,11.44,--,2,2288,卖盘
1591,13:02:30,11.44,-0.01,23,26312,卖盘
1592,13:02:27,11.45,--,2,2290,买盘
1593,13:02:24,11.45,0.01,11,13522,买盘
1594,13:02:18,11.44,--,1,1144,卖盘
1595,13:02:06,11.44,-0.01,7,8008,卖盘
1596,13:02:03,11.45,--,1,1145,买盘
1597,13:02:00,11.45,0.01,116,132820,买盘
1598,13:01:57,11.44,-0.01,10,12458,卖盘
1599,13:01:51,11.45,--,2,2290,买盘
1600,13:01:48,11.45,--,355,406475,买盘
1601,13:01:45,11.45,--,2,2290,买盘
1602,13:01:39,11.45,--,21,24045,买盘
1603,13:01:36,11.45,0.01,4,4580,买盘
1604,13:01:33,11.44,-0.01,8,10135,卖盘
1605,13:01:30,11.45,-0.01,54,62688,卖盘
1606,13:01:27,11.46,0.01,1,1146,卖盘
1607,13:01:24,11.45,--,500,572500,卖盘
1608,13:01:21,11.45,--,500,572500,卖盘
1609,13:01:18,11.45,-0.03,15,17175,卖盘
1610,13:01:12,11.48,0.03,17,19516,买盘
1611,13:01:06,11.45,--,247,283101,买盘
1612,13:01:03,11.45,--,2,2290,买盘
1613,13:00:54,11.45,-0.03,770,882508,卖盘
1614,13:00:51,11.48,0.01,8,9184,买盘
1615,13:00:48,11.47,-0.01,2,2294,卖盘
1616,13:00:45,11.48,0.01,5,5740,买盘
1617,13:00:42,11.47,--,14,16058,买盘
1618,13:00:36,11.47,0.01,4,4588,买盘
1619,13:00:33,11.46,-0.01,57,65322,卖盘
1620,13:00:27,11.47,--,6,6882,买盘
1621,13:00:24,11.47,--,1,1147,买盘
1622,13:00:15,11.47,0.01,25,28675,买盘
1623,13:00:12,11.46,--,25,28650,卖盘
1624,13:00:09,11.46,--,6,6876,卖盘
1625,13:00:06,11.46,-0.01,156,178776,卖盘
1626,13:00:03,11.47,--,415,476005,中性盘
1627,13:00:00,11.47,--,0,0,中性盘
1628,11:30:00,11.47,--,0,0,买盘
1629,11:29:57,11.47,-0.01,12,13764,中性盘
1630,11:29:51,11.48,0.01,12,13776,买盘
1631,11:29:48,11.47,--,2,2294,买盘
1632,11:29:45,11.47,--,2,2294,买盘
1633,11:29:36,11.47,0.01,1,1147,买盘
1634,11:29:33,11.46,-0.01,5,5730,卖盘
1635,11:29:27,11.47,--,1,1147,买盘
1636,11:29:24,11.47,0.01,3,3441,买盘
1637,11:29:18,11.46,-0.01,1,1146,卖盘
1638,11:29:12,11.47,--,3,3441,买盘
1639,11:29:06,11.47,--,2,2294,买盘
1640,11:29:03,11.47,--,2,2294,买盘
1641,11:29:00,11.47,--,32,36704,买盘
1642,11:28:51,11.47,-0.01,2,2294,卖盘
1643,11:28:48,11.48,--,18,20664,买盘
1644,11:28:45,11.48,0.01,16,18368,买盘
1645,11:28:42,11.47,--,3,3441,买盘
1646,11:28:39,11.47,-0.01,5,5735,卖盘
1647,11:28:33,11.48,0.01,3,3444,买盘
1648,11:28:27,11.47,-0.01,6,6882,卖盘
1649,11:28:24,11.48,--,6,6888,买盘
1650,11:28:12,11.48,--,8,9184,买盘
1651,11:28:09,11.48,--,114,130872,买盘
1652,11:28:06,11.48,--,13,14924,买盘
1653,11:28:03,11.48,--,6,6888,买盘
1654,11:27:54,11.48,--,23,26404,买盘
1655,11:27:51,11.48,0.01,30,34440,买盘
1656,11:27:48,11.47,-0.01,4,4588,中性盘
1657,11:27:42,11.48,0.03,4,4592,买盘
1658,11:27:39,11.45,-0.03,838,959509,卖盘
1659,11:27:33,11.48,0.02,18,20664,买盘
1660,11:27:27,11.46,-0.02,33,37818,卖盘
1661,11:27:24,11.48,0.02,6,6888,买盘
1662,11:27:18,11.46,-0.02,6,6876,卖盘
1663,11:27:12,11.48,--,5,5740,买盘
1664,11:27:09,11.48,--,3,3444,买盘
1665,11:27:03,11.48,0.02,5,5740,买盘
1666,11:26:57,11.46,-0.02,19,21774,卖盘
1667,11:26:54,11.48,0.01,3,3444,买盘
1668,11:26:51,11.47,-0.01,1,1147,买盘
1669,11:26:48,11.48,--,2,2296,买盘
1670,11:26:45,11.48,--,8,9184,买盘
1671,11:26:42,11.48,--,4,4592,买盘
1672,11:26:33,11.48,0.01,3,3444,买盘
1673,11:26:30,11.47,0.01,2,2294,卖盘
1674,11:26:24,11.46,-0.02,64,73344,中性盘
1675,11:26:12,11.48,--,8,9184,买盘
1676,11:26:09,11.48,--,21,24108,买盘
1677,11:26:03,11.48,0.02,7,8036,买盘
1678,11:25:57,11.46,-0.02,1,1146,卖盘
1679,11:25:54,11.48,0.01,8,9184,买盘
1680,11:25:48,11.47,--,3,3441,买盘
1681,11:25:42,11.47,-0.01,4,4588,中性盘
1682,11:25:36,11.48,--,1101,1263948,买盘
1683,11:25:33,11.48,--,5,5740,买盘
1684,11:25:30,11.48,--,15,17220,买盘
1685,11:25:27,11.48,--,3,3444,买盘
1686,11:25:24,11.48,--,8,9184,买盘
1687,11:25:15,11.48,--,1,1148,买盘
1688,11:25:12,11.48,--,3,3444,买盘
1689,11:25:06,11.48,--,2,2296,买盘
1690,11:25:03,11.48,--,11,12628,买盘
1691,11:25:00,11.48,--,23,26404,买盘
1692,11:24:54,11.48,--,6,6888,买盘
1693,11:24:51,11.48,--,11,12628,买盘
1694,11:24:48,11.48,--,2,2296,买盘
1695,11:24:45,11.48,--,1,1148,买盘
1696,11:24:42,11.48,--,4,4592,买盘
1697,11:24:39,11.48,--,1,1148,买盘
1698,11:24:33,11.48,--,5,5740,买盘
1699,11:24:27,11.48,--,23,26404,买盘
1700,11:24:24,11.48,0.01,10,11480,买盘
1701,11:24:21,11.47,-0.01,10,11470,卖盘
1702,11:24:12,11.48,0.01,38,43624,买盘
1703,11:24:06,11.47,-0.01,13,14911,卖盘
1704,11:24:03,11.48,0.01,4,4592,买盘
1705,11:23:57,11.47,--,141,162415,买盘
1706,11:23:54,11.47,0.01,11,12617,买盘
1707,11:23:48,11.46,-0.01,17,19482,卖盘
1708,11:23:45,11.47,--,5,5735,买盘
1709,11:23:36,11.47,--,10,11470,买盘
1710,11:23:33,11.47,--,3,3441,买盘
1711,11:23:27,11.47,--,2,2294,买盘
1712,11:23:24,11.47,--,10,11470,买盘
1713,11:23:21,11.47,--,3,3441,买盘
1714,11:23:18,11.47,0.01,15,17205,买盘
1715,11:23:15,11.46,--,3,3438,买盘
1716,11:23:12,11.46,--,20,22920,买盘
1717,11:23:06,11.46,--,5,5730,买盘
1718,11:23:03,11.46,0.01,4,4584,买盘
1719,11:22:54,11.45,-0.01,103,117934,卖盘
1720,11:22:51,11.46,-0.01,4,4584,卖盘
1721,11:22:48,11.47,--,18,20646,买盘
1722,11:22:45,11.47,--,20,22940,买盘
1723,11:22:42,11.47,--,4,4588,买盘
1724,11:22:33,11.47,0.02,4,4588,买盘
1725,11:22:27,11.45,-0.02,1006,1151870,卖盘
1726,11:22:24,11.47,--,17,19499,买盘
1727,11:22:21,11.47,--,26,29822,买盘
1728,11:22:18,11.47,--,3,3441,买盘
1729,11:22:15,11.47,--,17,19499,买盘
1730,11:22:12,11.47,0.02,20,22940,买盘
1731,11:22:09,11.45,-0.02,2,2290,卖盘
1732,11:22:06,11.47,--,2,2294,买盘
1733,11:22:03,11.47,0.01,56,64232,买盘
1734,11:22:00,11.46,-0.01,4,4584,卖盘
1735,11:21:54,11.47,--,3,3441,买盘
1736,11:21:48,11.47,--,5,5735,买盘
1737,11:21:45,11.47,--,4,4588,买盘
1738,11:21:42,11.47,0.01,18,20646,买盘
1739,11:21:39,11.46,-0.01,20,22920,卖盘
1740,11:21:33,11.47,0.02,3,3441,中性盘
1741,11:21:27,11.45,-0.03,1501,1718645,卖盘
1742,11:21:24,11.48,0.01,7,8036,买盘
1743,11:21:15,11.47,-0.01,6,6882,卖盘
1744,11:21:12,11.48,--,3,3444,买盘
1745,11:21:09,11.48,--,14,16072,买盘
1746,11:21:03,11.48,--,6,6888,买盘
1747,11:21:00,11.48,--,1,1148,买盘
1748,11:20:54,11.48,--,3,3444,买盘
1749,11:20:51,11.48,--,2,2296,买盘
1750,11:20:48,11.48,--,45,51660,买盘
1751,11:20:45,11.48,0.01,2,2296,买盘
1752,11:20:42,11.47,--,4,4588,买盘
1753,11:20:39,11.47,-0.01,20,22940,卖盘
1754,11:20:33,11.48,0.03,3,3444,买盘
1755,11:20:27,11.45,-0.03,7,8014,卖盘
1756,11:20:24,11.48,--,3,3444,买盘
1757,11:20:18,11.48,--,1,1148,卖盘
1758,11:20:15,11.48,0.03,140,161466,买盘
1759,11:20:12,11.45,0.01,15,17175,买盘
1760,11:20:09,11.44,-0.01,263,300872,卖盘
1761,11:20:06,11.45,--,20,22900,买盘
1762,11:20:03,11.45,--,55,62974,买盘
1763,11:19:54,11.45,0.01,3,3435,买盘
1764,11:19:51,11.44,-0.01,19,21736,卖盘
1765,11:19:48,11.45,--,8,9160,买盘
1766,11:19:45,11.45,--,7,8014,买盘
1767,11:19:42,11.45,-0.03,47,54215,卖盘
1768,11:19:39,11.48,0.03,15,17220,买盘
1769,11:19:36,11.45,-0.02,2000,2290000,卖盘
1770,11:19:33,11.47,--,3,3441,买盘
1771,11:19:27,11.47,--,1,1147,买盘
1772,11:19:24,11.47,--,6,6882,买盘
1773,11:19:21,11.47,0.01,10,11470,买盘
1774,11:19:18,11.46,-0.01,5,5730,卖盘
1775,11:19:15,11.47,--,3,3441,买盘
1776,11:19:12,11.47,--,3,3441,买盘
1777,11:19:09,11.47,--,36,41292,买盘
1778,11:19:06,11.47,--,2,2294,买盘
1779,11:19:03,11.47,--,5,5735,买盘
1780,11:19:00,11.47,--,1,1147,买盘
1781,11:18:57,11.47,--,34,38998,买盘
1782,11:18:54,11.47,--,3,3441,买盘
1783,11:18:48,11.47,--,1,1147,买盘
1784,11:18:45,11.47,-0.01,369,423243,卖盘
1785,11:18:42,11.48,--,12,13776,买盘
1786,11:18:39,11.48,--,4,4592,买盘
1787,11:18:33,11.48,--,3,3444,买盘
1788,11:18:27,11.48,--,2,2296,买盘
1789,11:18:24,11.48,--,22,25256,买盘
1790,11:18:18,11.48,--,16,18368,买盘
1791,11:18:12,11.48,--,3,3444,买盘
1792,11:18:09,11.48,0.01,4,4592,买盘
1793,11:18:06,11.47,-0.01,9,10323,卖盘
1794,11:18:03,11.48,--,6,6888,买盘
1795,11:18:00,11.48,--,1,1148,买盘
1796,11:17:54,11.48,-0.01,34,39032,卖盘
1797,11:17:51,11.49,--,2,2298,买盘
1798,11:17:48,11.49,--,73,83877,买盘
1799,11:17:45,11.49,--,14,16086,买盘
1800,11:17:42,11.49,--,5,5745,买盘
1801,11:17:39,11.49,--,2,2298,买盘
1802,11:17:33,11.49,0.01,3,3447,买盘
1803,11:17:30,11.48,-0.01,3,3444,卖盘
1804,11:17:27,11.49,--,1,1149,买盘
1805,11:17:24,11.49,--,8,9192,买盘
1806,11:17:12,11.49,--,17,19533,买盘
1807,11:17:06,11.49,--,2,2298,买盘
1808,11:17:03,11.49,--,40,45960,买盘
1809,11:17:00,11.49,--,2,2298,买盘
1810,11:16:54,11.49,--,3,3447,买盘
1811,11:16:48,11.49,0.01,6,6894,买盘
1812,11:16:45,11.48,-0.01,6,6888,卖盘
1813,11:16:42,11.49,--,3,3447,买盘
1814,11:16:39,11.49,-0.01,31,35619,卖盘
1815,11:16:33,11.5,--,6,6900,买盘
1816,11:16:30,11.5,--,4,4600,买盘
1817,11:16:27,11.5,--,1,1150,买盘
1818,11:16:24,11.5,--,6,6900,买盘
1819,11:16:12,11.5,0.01,3,3450,买盘
1820,11:16:09,11.49,--,21,24129,买盘
1821,11:16:06,11.49,--,17,19533,买盘
1822,11:16:03,11.49,--,25,28725,买盘
1823,11:16:00,11.49,--,1,1149,买盘
1824,11:15:57,11.49,--,5,5745,买盘
1825,11:15:54,11.49,--,3,3447,买盘
1826,11:15:48,11.49,--,4,4596,买盘
1827,11:15:45,11.49,--,1,1149,买盘
1828,11:15:42,11.49,-0.01,3,3447,中性盘
1829,11:15:33,11.5,0.01,17,19550,买盘
1830,11:15:30,11.49,--,2,2298,买盘
1831,11:15:24,11.49,0.01,5,5745,买盘
1832,11:15:18,11.48,--,5,5740,卖盘
1833,11:15:15,11.48,-0.01,30,34440,卖盘
1834,11:15:12,11.49,--,3,3447,买盘
1835,11:15:09,11.49,--,4,4596,买盘
1836,11:15:06,11.49,--,2,2298,买盘
1837,11:15:03,11.49,0.01,3,3447,买盘
1838,11:14:57,11.48,-0.01,15,17220,卖盘
1839,11:14:54,11.49,--,17,19533,买盘
1840,11:14:51,11.49,--,5,5745,买盘
1841,11:14:48,11.49,--,6,6894,买盘
1842,11:14:45,11.49,--,4,4596,买盘
1843,11:14:42,11.49,--,3,3447,买盘
1844,11:14:33,11.49,--,3,3447,买盘
1845,11:14:27,11.49,--,1,1149,买盘
1846,11:14:24,11.49,--,31,35619,买盘
1847,11:14:18,11.49,--,13,14937,买盘
1848,11:14:15,11.49,--,9,10341,买盘
1849,11:14:12,11.49,0.01,3,3447,买盘
1850,11:14:09,11.48,-0.01,5,5740,卖盘
1851,11:14:06,11.49,0.01,2,2298,买盘
1852,11:14:03,11.48,--,7,8036,卖盘
1853,11:13:57,11.48,--,11,12628,卖盘
1854,11:13:54,11.48,--,23,26404,卖盘
1855,11:13:51,11.48,-0.01,6,6888,卖盘
1856,11:13:48,11.49,--,2,2298,买盘
1857,11:13:45,11.49,--,29,33321,买盘
1858,11:13:42,11.49,--,2,2298,买盘
1859,11:13:39,11.49,--,4,4596,买盘
1860,11:13:33,11.49,--,4,4596,买盘
1861,11:13:30,11.49,--,26,29874,买盘
1862,11:13:27,11.49,--,1,1149,买盘
1863,11:13:24,11.49,--,6,6894,买盘
1864,11:13:18,11.49,--,30,34470,买盘
1865,11:13:15,11.49,--,13,14937,买盘
1866,11:13:12,11.49,--,24,27576,买盘
1867,11:13:09,11.49,--,10,11490,买盘
1868,11:13:06,11.49,0.01,2,2298,买盘
1869,11:13:03,11.48,--,14,16072,卖盘
1870,11:13:00,11.48,-0.01,6,6888,卖盘
1871,11:12:54,11.49,--,23,26427,买盘
1872,11:12:51,11.49,--,2,2298,买盘
1873,11:12:48,11.49,--,1,1149,买盘
1874,11:12:45,11.49,--,14,16086,买盘
1875,11:12:42,11.49,--,32,36768,买盘
1876,11:12:39,11.49,--,79,90771,买盘
1877,11:12:36,11.49,--,4,4596,买盘
1878,11:12:33,11.49,--,42,48258,买盘
1879,11:12:27,11.49,--,9,10341,买盘
1880,11:12:24,11.49,0.01,5,5745,买盘
1881,11:12:21,11.48,-0.01,16,18586,卖盘
1882,11:12:15,11.49,--,12,13788,买盘
1883,11:12:12,11.49,--,13,14937,买盘
1884,11:12:09,11.49,0.01,3,3447,买盘
1885,11:12:06,11.48,--,36,42257,买盘
1886,11:12:03,11.48,--,8,9184,买盘
1887,11:12:00,11.48,--,3,3444,买盘
1888,11:11:57,11.48,--,1,1148,买盘
1889,11:11:54,11.48,0.01,8,9184,买盘
1890,11:11:51,11.47,--,14,16058,买盘
1891,11:11:45,11.47,--,8,9176,买盘
1892,11:11:42,11.47,0.01,3,3441,买盘
1893,11:11:39,11.46,-0.01,9,10314,卖盘
1894,11:11:36,11.47,--,15,17205,买盘
1895,11:11:33,11.47,--,3,3441,买盘
1896,11:11:30,11.47,--,1,1147,买盘
1897,11:11:27,11.47,--,2,2294,买盘
1898,11:11:24,11.47,0.01,5,5735,买盘
1899,11:11:18,11.46,--,1,1146,卖盘
1900,11:11:15,11.46,-0.01,6,6876,卖盘
1901,11:11:12,11.47,--,3,3441,买盘
1902,11:11:06,11.47,--,16,18352,买盘
1903,11:11:03,11.47,--,7,8029,买盘
1904,11:11:00,11.47,--,5,5735,买盘
1905,11:10:57,11.47,--,45,51615,买盘
1906,11:10:54,11.47,--,26,29822,买盘
1907,11:10:48,11.47,--,3,3441,买盘
1908,11:10:45,11.47,--,1,1147,买盘
1909,11:10:42,11.47,--,8,9176,买盘
1910,11:10:36,11.47,--,16,18352,买盘
1911,11:10:33,11.47,--,3,3441,买盘
1912,11:10:30,11.47,-0.01,852,977461,卖盘
1913,11:10:27,11.48,--,185,213309,买盘
1914,11:10:24,11.48,--,6,6888,买盘
1915,11:10:15,11.48,--,2,2296,买盘
1916,11:10:12,11.48,0.01,26,29848,买盘
1917,11:10:09,11.47,-0.01,2,2294,卖盘
1918,11:10:06,11.48,--,1,1148,买盘
1919,11:10:03,11.48,--,17,19516,买盘
1920,11:10:00,11.48,--,1,1148,买盘
1921,11:09:54,11.48,--,114,130872,买盘
1922,11:09:51,11.48,--,2,2296,买盘
1923,11:09:48,11.48,--,117,134316,买盘
1924,11:09:45,11.48,--,7,8036,买盘
1925,11:09:42,11.48,--,6,6888,买盘
1926,11:09:39,11.48,0.01,12,13776,买盘
1927,11:09:36,11.47,-0.01,5,5735,卖盘
1928,11:09:33,11.48,0.01,3,3444,买盘
1929,11:09:30,11.47,-0.01,50,57350,卖盘
1930,11:09:27,11.48,--,13,14924,买盘
1931,11:09:24,11.48,--,6,6888,买盘
1932,11:09:21,11.48,0.01,11,12628,买盘
1933,11:09:15,11.47,-0.01,2,2294,卖盘
1934,11:09:12,11.48,0.01,3,3444,买盘
1935,11:09:06,11.47,-0.01,9,10323,卖盘
1936,11:09:03,11.48,--,6,6888,买盘
1937,11:09:00,11.48,--,1,1148,买盘
1938,11:08:57,11.48,--,12,13776,买盘
1939,11:08:54,11.48,--,3,3444,买盘
1940,11:08:48,11.48,--,54,61992,买盘
1941,11:08:45,11.48,--,7,8036,买盘
1942,11:08:42,11.48,--,3,3444,买盘
1943,11:08:33,11.48,0.01,8,9184,买盘
1944,11:08:27,11.47,--,8,9176,买盘
1945,11:08:24,11.47,--,11,12617,买盘
1946,11:08:18,11.47,--,30,34410,买盘
1947,11:08:15,11.47,0.01,3,3441,买盘
1948,11:08:06,11.46,-0.01,9,10314,卖盘
1949,11:08:03,11.47,--,30,34410,买盘
1950,11:08:00,11.47,--,18,20646,买盘
1951,11:07:54,11.47,0.01,29,33263,买盘
1952,11:07:51,11.46,-0.01,12,13752,卖盘
1953,11:07:48,11.47,--,14,16058,买盘
1954,11:07:45,11.47,--,4,4588,买盘
1955,11:07:42,11.47,--,16,18352,买盘
1956,11:07:36,11.47,--,10,11470,买盘
1957,11:07:33,11.47,--,13,14911,买盘
1958,11:07:27,11.47,--,4,4588,买盘
1959,11:07:24,11.47,--,51,58497,买盘
1960,11:07:21,11.47,--,16,18352,买盘
1961,11:07:12,11.47,--,3,3441,买盘
1962,11:07:09,11.47,--,20,22940,买盘
1963,11:07:06,11.47,--,11,12617,买盘
1964,11:07:03,11.47,0.01,3,3441,买盘
1965,11:06:57,11.46,-0.01,1,1146,卖盘
1966,11:06:54,11.47,0.01,3,3441,买盘
1967,11:06:51,11.46,-0.02,18,20628,卖盘
1968,11:06:48,11.48,--,16,18368,买盘
1969,11:06:45,11.48,--,2,2296,买盘
1970,11:06:42,11.48,--,3,3444,买盘
1971,11:06:36,11.48,0.01,17,19516,买盘
1972,11:06:33,11.47,--,5,5735,买盘
1973,11:06:30,11.47,--,4,4588,买盘
1974,11:06:27,11.47,--,3,3441,买盘
1975,11:06:24,11.47,--,5,5735,买盘
1976,11:06:12,11.47,--,8,9176,买盘
1977,11:06:09,11.47,--,5,5735,买盘
1978,11:06:06,11.47,-0.01,247,283309,卖盘
1979,11:06:03,11.48,0.01,18,20664,买盘
1980,11:05:57,11.47,-0.01,18,20646,卖盘
1981,11:05:54,11.48,0.01,3,3444,买盘
1982,11:05:51,11.47,-0.01,5,5735,卖盘
1983,11:05:48,11.48,--,3,3444,买盘
1984,11:05:45,11.48,--,2,2296,买盘
1985,11:05:42,11.48,--,57,65436,买盘
1986,11:05:33,11.48,--,3,3444,买盘
1987,11:05:30,11.48,--,15,17220,买盘
1988,11:05:27,11.48,--,1,1148,买盘
1989,11:05:24,11.48,--,8,9184,买盘
1990,11:05:12,11.48,0.01,3,3444,买盘
1991,11:05:09,11.47,-0.01,40,45880,卖盘
1992,11:05:06,11.48,--,432,495936,买盘
1993,11:05:03,11.48,--,15,17220,买盘
1994,11:05:00,11.48,--,23,26404,买盘
1995,11:04:57,11.48,--,10,11480,买盘
1996,11:04:54,11.48,--,3,3444,买盘
1997,11:04:51,11.48,--,2,2296,买盘
1998,11:04:45,11.48,0.02,3,3444,买盘
1999,11:04:42,11.46,-0.02,34,38964,卖盘
2000,11:04:36,11.48,--,2,2296,买盘
2001,11:04:33,11.48,0.01,4,4592,买盘
2002,11:04:30,11.47,--,27,30969,买盘
2003,11:04:27,11.47,--,42,48174,买盘
2004,11:04:24,11.47,-0.01,57,65379,中性盘
2005,11:04:15,11.48,0.01,79,90692,买盘
2006,11:04:12,11.47,--,3,3441,买盘
2007,11:04:09,11.47,--,5,5735,买盘
2008,11:04:06,11.47,--,1,1147,买盘
2009,11:04:03,11.47,--,50,57350,买盘
2010,11:04:00,11.47,--,21,24087,买盘
2011,11:03:54,11.47,--,13,14911,买盘
2012,11:03:51,11.47,0.01,2,2294,买盘
2013,11:03:48,11.46,-0.01,809,927114,卖盘
2014,11:03:45,11.47,--,12,13764,买盘
2015,11:03:42,11.47,0.01,3,3441,买盘
2016,11:03:36,11.46,-0.01,33,37818,卖盘
2017,11:03:33,11.47,--,3,3441,买盘
2018,11:03:30,11.47,--,150,172050,买盘
2019,11:03:27,11.47,--,70,80290,买盘
2020,11:03:24,11.47,0.01,5,5735,买盘
2021,11:03:15,11.46,-0.01,5,5730,卖盘
2022,11:03:12,11.47,--,3,3441,买盘
2023,11:03:06,11.47,--,15,17205,买盘
2024,11:03:03,11.47,0.01,3,3441,买盘
2025,11:02:57,11.46,-0.01,3,3438,卖盘
2026,11:02:54,11.47,0.01,3,3441,买盘
2027,11:02:51,11.46,--,5,5730,卖盘
2028,11:02:45,11.46,-0.01,7,8022,卖盘
2029,11:02:42,11.47,0.01,99,113553,买盘
2030,11:02:36,11.46,--,50,57300,卖盘
2031,11:02:33,11.46,-0.01,30,34380,卖盘
2032,11:02:27,11.47,--,1,1147,买盘
2033,11:02:24,11.47,0.01,5,5735,买盘
2034,11:02:21,11.46,0.01,26,29796,买盘
2035,11:02:18,11.45,-0.02,1,1145,卖盘
2036,11:02:15,11.47,--,10,11470,买盘
2037,11:02:12,11.47,0.01,92,105524,买盘
2038,11:02:09,11.46,-0.01,50,57300,卖盘
2039,11:02:06,11.47,--,1,1147,买盘
2040,11:02:03,11.47,0.01,18,20646,买盘
2041,11:01:57,11.46,--,4,4584,卖盘
2042,11:01:54,11.46,--,28,32088,买盘
2043,11:01:51,11.46,--,14,16044,买盘
2044,11:01:48,11.46,--,17,19482,买盘
2045,11:01:45,11.46,--,7,8022,买盘
2046,11:01:42,11.46,0.01,3,3438,买盘
2047,11:01:39,11.45,-0.01,5,5725,卖盘
2048,11:01:36,11.46,0.01,21,24066,卖盘
2049,11:01:33,11.45,-0.02,15,17175,卖盘
2050,11:01:30,11.47,0.01,4,4588,买盘
2051,11:01:27,11.46,--,18,20628,买盘
2052,11:01:24,11.46,--,5,5730,买盘
2053,11:01:21,11.46,--,103,118038,买盘
2054,11:01:18,11.46,--,66,75636,买盘
2055,11:01:15,11.46,--,15,17190,买盘
2056,11:01:12,11.46,--,23,26358,买盘
2057,11:01:09,11.46,--,10,11460,买盘
2058,11:01:06,11.46,--,1,1146,买盘
2059,11:01:03,11.46,--,5,5730,买盘
2060,11:01:00,11.46,--,2,2292,买盘
2061,11:00:54,11.46,--,3,3438,买盘
2062,11:00:51,11.46,-0.01,38,43548,卖盘
2063,11:00:48,11.47,--,80,91760,买盘
2064,11:00:45,11.47,--,5,5735,买盘
2065,11:00:42,11.47,0.01,4,4588,买盘
2066,11:00:39,11.46,--,27,30942,卖盘
2067,11:00:33,11.46,--,55,63030,卖盘
2068,11:00:30,11.46,--,10,11460,卖盘
2069,11:00:27,11.46,-0.01,3,3438,卖盘
2070,11:00:24,11.47,0.01,5,5735,买盘
2071,11:00:21,11.46,-0.01,10,11460,卖盘
2072,11:00:18,11.47,--,18,20646,买盘
2073,11:00:15,11.47,--,53,60791,买盘
2074,11:00:12,11.47,0.01,5,5735,买盘
2075,11:00:06,11.46,-0.01,256,293376,卖盘
2076,11:00:03,11.47,0.01,4,4588,买盘
2077,10:59:57,11.46,-0.01,10,11460,卖盘
2078,10:59:54,11.47,--,3,3441,买盘
2079,10:59:51,11.47,--,5,5735,买盘
2080,10:59:48,11.47,-0.01,23,26598,卖盘
2081,10:59:45,11.48,--,311,357028,买盘
2082,10:59:42,11.48,0.01,3,3444,买盘
2083,10:59:39,11.47,--,3,3441,卖盘
2084,10:59:36,11.47,--,12,13764,卖盘
2085,10:59:33,11.47,--,8,9176,卖盘
2086,10:59:27,11.47,-0.01,15,17205,卖盘
2087,10:59:24,11.48,0.01,18,20664,买盘
2088,10:59:21,11.47,-0.01,1,1147,卖盘
2089,10:59:18,11.48,--,3,3444,买盘
2090,10:59:12,11.48,--,16,18368,买盘
2091,10:59:09,11.48,--,2,2296,买盘
2092,10:59:06,11.48,--,1,1148,买盘
2093,10:59:03,11.48,--,5,5740,买盘
2094,10:59:00,11.48,--,1,1148,买盘
2095,10:58:57,11.48,--,30,34440,买盘
2096,10:58:54,11.48,0.01,3,3444,买盘
2097,10:58:51,11.47,-0.01,13,14911,卖盘
2098,10:58:48,11.48,--,3,3444,买盘
2099,10:58:45,11.48,--,11,12628,买盘
2100,10:58:42,11.48,--,3,3444,买盘
2101,10:58:39,11.48,--,13,14924,买盘
2102,10:58:33,11.48,0.01,29,33292,买盘
2103,10:58:27,11.47,-0.01,23,26381,卖盘
2104,10:58:24,11.48,--,53,60844,买盘
2105,10:58:15,11.48,--,8,9184,买盘
2106,10:58:12,11.48,-0.01,302,346696,卖盘
2107,10:58:09,11.49,0.01,15,17235,买盘
2108,10:58:06,11.48,-0.01,2,2296,卖盘
2109,10:58:03,11.49,--,5,5745,买盘
2110,10:58:00,11.49,--,1,1149,买盘
2111,10:57:54,11.49,--,4,4596,买盘
2112,10:57:48,11.49,--,5,5745,买盘
2113,10:57:45,11.49,--,2,2298,买盘
2114,10:57:42,11.49,0.01,5,5745,买盘
2115,10:57:39,11.48,-0.01,36,41328,卖盘
2116,10:57:36,11.49,--,2,2298,买盘
2117,10:57:33,11.49,--,3,3447,买盘
2118,10:57:24,11.49,--,5,5745,买盘
2119,10:57:15,11.49,--,13,14937,买盘
2120,10:57:12,11.49,--,6,6894,买盘
2121,10:57:06,11.49,--,1,1149,买盘
2122,10:57:03,11.49,--,4,5515,买盘
2123,10:57:00,11.49,--,1,1149,买盘
2124,10:56:57,11.49,--,5,5745,买盘
2125,10:56:54,11.49,--,3,3447,买盘
2126,10:56:51,11.49,--,7,8043,买盘
2127,10:56:48,11.49,--,1,1149,买盘
2128,10:56:45,11.49,--,16,18384,买盘
2129,10:56:33,11.49,--,3,3447,买盘
2130,10:56:24,11.49,--,27,31023,买盘
2131,10:56:21,11.49,0.01,1,1149,买盘
2132,10:56:18,11.48,--,42,48216,卖盘
2133,10:56:15,11.48,--,16,18368,卖盘
2134,10:56:12,11.48,-0.01,185,212380,卖盘
2135,10:56:09,11.49,--,9,10341,买盘
2136,10:56:06,11.49,--,1,1149,买盘
2137,10:56:03,11.49,--,3,3447,买盘
2138,10:56:00,11.49,--,13,14937,买盘
2139,10:55:54,11.49,--,3,3447,买盘
2140,10:55:51,11.49,--,4,4596,买盘
2141,10:55:45,11.49,--,9,10341,买盘
2142,10:55:42,11.49,--,6,6894,买盘
2143,10:55:39,11.49,0.01,3,3447,买盘
2144,10:55:36,11.48,-0.01,22,25256,卖盘
2145,10:55:33,11.49,--,4,4596,买盘
2146,10:55:30,11.49,--,14,16086,买盘
2147,10:55:27,11.49,--,2,2298,买盘
2148,10:55:24,11.49,0.01,5,5745,买盘
2149,10:55:21,11.48,-0.01,1,1148,卖盘
2150,10:55:15,11.49,0.01,90,103410,买盘
2151,10:55:12,11.48,--,50,57400,卖盘
2152,10:55:03,11.48,--,50,57400,买盘
2153,10:55:00,11.48,-0.01,1,1148,买盘
2154,10:54:57,11.49,--,14,16086,买盘
2155,10:54:54,11.49,0.02,3,3447,买盘
2156,10:54:51,11.47,-0.01,28,32116,卖盘
2157,10:54:48,11.48,--,2,2296,买盘
2158,10:54:45,11.48,--,2,2296,买盘
2159,10:54:42,11.48,0.01,18,20664,买盘
2160,10:54:39,11.47,-0.01,20,22951,卖盘
2161,10:54:33,11.48,--,3,3444,买盘
2162,10:54:27,11.48,--,1,1148,买盘
2163,10:54:24,11.48,--,22,25256,买盘
2164,10:54:21,11.48,0.01,6,6888,买盘
2165,10:54:18,11.47,--,1,1147,买盘
2166,10:54:15,11.47,--,12,13764,买盘
2167,10:54:12,11.47,--,15,17205,买盘
2168,10:54:09,11.47,--,3,3441,买盘
2169,10:54:06,11.47,--,8,9176,买盘
2170,10:54:03,11.47,--,5,5735,买盘
2171,10:54:00,11.47,--,1,1147,买盘
2172,10:53:57,11.47,-0.01,155,177785,卖盘
2173,10:53:54,11.48,--,5,5740,买盘
2174,10:53:51,11.48,--,17,19516,买盘
2175,10:53:48,11.48,--,4,4592,买盘
2176,10:53:45,11.48,--,15,17220,买盘
2177,10:53:42,11.48,0.01,3,3444,买盘
2178,10:53:39,11.47,-0.01,1,1147,卖盘
2179,10:53:33,11.48,--,3,3444,买盘
2180,10:53:27,11.48,--,22,25256,买盘
2181,10:53:24,11.48,0.01,13,14924,买盘
2182,10:53:21,11.47,-0.01,1,1147,卖盘
2183,10:53:15,11.48,--,102,117096,买盘
2184,10:53:12,11.48,--,17,19516,买盘
2185,10:53:06,11.48,--,2,2296,买盘
2186,10:53:03,11.48,0.01,3,3444,买盘
2187,10:52:57,11.47,-0.01,15,17205,卖盘
2188,10:52:54,11.48,0.01,3,3444,买盘
2189,10:52:51,11.47,--,10,11470,买盘
2190,10:52:45,11.47,--,2,2294,买盘
2191,10:52:42,11.47,--,3,3441,买盘
2192,10:52:33,11.47,-0.01,3,3441,买盘
2193,10:52:30,11.48,0.01,26,29848,买盘
2194,10:52:27,11.47,-0.01,10,11470,卖盘
2195,10:52:24,11.48,--,4,4592,买盘
2196,10:52:21,11.48,0.03,4,4592,买盘
2197,10:52:18,11.45,-0.02,304,348080,卖盘
2198,10:52:15,11.47,-0.01,24,27528,卖盘
2199,10:52:12,11.48,--,1311,1505028,买盘
2200,10:52:06,11.48,--,28,32144,买盘
2201,10:52:03,11.48,0.01,3,3444,买盘
2202,10:51:57,11.47,--,96,110112,买盘
2203,10:51:54,11.47,--,9,10323,买盘
2204,10:51:51,11.47,--,50,57350,买盘
2205,10:51:48,11.47,--,14,16058,买盘
2206,10:51:45,11.47,--,59,67673,买盘
2207,10:51:42,11.47,--,89,102083,买盘
2208,10:51:39,11.47,--,52,59644,买盘
2209,10:51:36,11.47,--,4,4588,买盘
2210,10:51:33,11.47,--,20,22940,买盘
2211,10:51:30,11.47,0.01,49,56203,买盘
2212,10:51:27,11.46,--,54,61884,卖盘
2213,10:51:24,11.46,-0.01,111,127206,卖盘
2214,10:51:21,11.47,0.01,126,144522,买盘
2215,10:51:18,11.46,-0.01,64,73344,卖盘
2216,10:51:15,11.47,--,22,25234,买盘
2217,10:51:12,11.47,0.01,15,17205,买盘
2218,10:51:09,11.46,--,12,13752,卖盘
2219,10:51:06,11.46,-0.01,38,43548,卖盘
2220,10:51:03,11.47,--,5,5735,买盘
2221,10:51:00,11.47,--,2,2294,买盘
2222,10:50:57,11.47,--,39,44733,买盘
2223,10:50:54,11.47,--,58,66526,买盘
2224,10:50:51,11.47,0.01,4,4588,卖盘
2225,10:50:48,11.46,-0.01,40,45840,卖盘
2226,10:50:45,11.47,-0.01,21,24087,卖盘
2227,10:50:42,11.48,--,3,3444,买盘
2228,10:50:36,11.48,--,31,35588,买盘
2229,10:50:33,11.48,--,39,44772,买盘
2230,10:50:24,11.48,0.01,68,78064,买盘
2231,10:50:21,11.47,-0.01,11,12617,卖盘
2232,10:50:18,11.48,--,48,55104,买盘
2233,10:50:15,11.48,--,17,19516,买盘
2234,10:50:09,11.48,--,39,44772,买盘
2235,10:50:06,11.48,--,30,34440,买盘
2236,10:50:03,11.48,--,6,6888,买盘
2237,10:50:00,11.48,--,1,1148,买盘
2238,10:49:57,11.48,--,1,1148,买盘
2239,10:49:54,11.48,0.01,3,3444,买盘
2240,10:49:51,11.47,--,29,33263,卖盘
2241,10:49:48,11.47,-0.01,54,61938,卖盘
2242,10:49:45,11.48,--,2,2296,买盘
2243,10:49:42,11.48,0.01,7,8036,买盘
2244,10:49:39,11.47,--,10,11470,卖盘
2245,10:49:36,11.47,-0.01,37,42439,卖盘
2246,10:49:33,11.48,--,28,32144,买盘
2247,10:49:27,11.48,--,13,14924,买盘
2248,10:49:24,11.48,--,6,6888,买盘
2249,10:49:12,11.48,--,6,6888,买盘
2250,10:49:06,11.48,--,2,2296,买盘
2251,10:49:03,11.48,--,5,5740,买盘
2252,10:49:00,11.48,--,2,2296,买盘
2253,10:48:54,11.48,0.01,3,3444,买盘
2254,10:48:51,11.47,-0.01,3,3441,卖盘
2255,10:48:48,11.48,--,13,14924,买盘
2256,10:48:45,11.48,--,6,6888,买盘
2257,10:48:42,11.48,0.01,3,3444,买盘
2258,10:48:33,11.47,-0.01,5,5735,卖盘
2259,10:48:27,11.48,--,33,37884,买盘
2260,10:48:24,11.48,--,4,4592,买盘
2261,10:48:21,11.48,--,2,2296,买盘
2262,10:48:12,11.48,0.01,3,3444,买盘
2263,10:48:06,11.47,-0.01,28,32116,卖盘
2264,10:48:03,11.48,-0.01,44,50512,卖盘
2265,10:48:00,11.49,--,172,197628,买盘
2266,10:47:54,11.49,--,15,17235,买盘
2267,10:47:51,11.49,--,9,10341,买盘
2268,10:47:48,11.49,0.02,2,2298,买盘
2269,10:47:45,11.47,-0.02,10,11470,卖盘
2270,10:47:42,11.49,--,3,3447,买盘
2271,10:47:33,11.49,0.02,18,20682,买盘
2272,10:47:30,11.47,--,1,1147,买盘
2273,10:47:27,11.47,-0.01,22,25234,卖盘
2274,10:47:24,11.48,--,18,20664,买盘
2275,10:47:21,11.48,-0.01,2,2296,买盘
2276,10:47:15,11.49,0.01,3,3447,买盘
2277,10:47:12,11.48,-0.01,3,3444,卖盘
2278,10:47:09,11.49,--,19,21831,买盘
2279,10:47:03,11.49,0.02,3,3447,买盘
2280,10:47:00,11.47,--,15,17205,卖盘
2281,10:46:57,11.47,-0.02,17,19499,卖盘
2282,10:46:54,11.49,--,3,3447,买盘
2283,10:46:48,11.49,--,4,4596,买盘
2284,10:46:45,11.49,--,10,11490,买盘
2285,10:46:42,11.49,0.02,6,6894,买盘
2286,10:46:36,11.47,-0.01,14,16058,卖盘
2287,10:46:33,11.48,--,3,3444,买盘
2288,10:46:24,11.48,0.02,3,3444,买盘
2289,10:46:21,11.46,-0.02,27,30942,卖盘
2290,10:46:12,11.48,0.01,7,8036,买盘
2291,10:46:09,11.47,-0.01,2,2294,卖盘
2292,10:46:06,11.48,--,15,17220,买盘
2293,10:46:03,11.48,--,6,6888,买盘
2294,10:46:00,11.48,--,1,1148,买盘
2295,10:45:54,11.48,--,3,3444,买盘
2296,10:45:48,11.48,--,3,3444,买盘
2297,10:45:45,11.48,--,2,2296,买盘
2298,10:45:42,11.48,0.02,3,3444,中性盘
2299,10:45:36,11.46,-0.03,536,614256,卖盘
2300,10:45:33,11.49,0.01,3,3447,买盘
2301,10:45:30,11.48,--,65,74620,买盘
2302,10:45:27,11.48,--,3,3444,买盘
2303,10:45:24,11.48,--,42,48216,买盘
2304,10:45:21,11.48,--,26,29848,买盘
2305,10:45:12,11.48,--,7,8036,买盘
2306,10:45:09,11.48,0.02,10,11480,买盘
2307,10:45:06,11.46,-0.02,21,24066,卖盘
2308,10:45:03,11.48,--,5,5740,买盘
2309,10:45:00,11.48,0.01,14,16072,买盘
2310,10:44:57,11.47,--,2,2294,卖盘
2311,10:44:54,11.47,-0.01,43,49321,卖盘
2312,10:44:48,11.48,--,17,19516,买盘
2313,10:44:45,11.48,--,2,2296,买盘
2314,10:44:42,11.48,0.01,5,5740,买盘
2315,10:44:39,11.47,-0.01,7,8029,买盘
2316,10:44:36,11.48,--,5,5740,买盘
2317,10:44:33,11.48,--,72,82656,买盘
2318,10:44:27,11.48,--,4,4592,买盘
2319,10:44:24,11.48,--,14,16072,买盘
2320,10:44:21,11.48,0.01,4,4592,买盘
2321,10:44:18,11.47,-0.01,25,28675,卖盘
2322,10:44:15,11.48,--,6,6888,买盘
2323,10:44:12,11.48,0.01,6,6888,买盘
2324,10:44:09,11.47,-0.01,3,3441,卖盘
2325,10:44:06,11.48,-0.01,2,2296,中性盘
2326,10:44:03,11.49,0.02,3,3447,买盘
2327,10:43:54,11.47,-0.02,1503,1723941,卖盘
2328,10:43:51,11.49,--,25,28725,买盘
2329,10:43:48,11.49,--,1,1149,买盘
2330,10:43:45,11.49,--,2,2298,买盘
2331,10:43:42,11.49,--,11,12639,买盘
2332,10:43:39,11.49,--,4,4596,买盘
2333,10:43:33,11.49,--,3,3447,买盘
2334,10:43:30,11.49,-0.01,152,174648,卖盘
2335,10:43:24,11.5,0.01,56,64400,买盘
2336,10:43:15,11.49,-0.01,207,237843,卖盘
2337,10:43:12,11.5,0.01,6,6900,买盘
2338,10:43:09,11.49,0.01,93,106857,买盘
2339,10:43:06,11.48,--,100,114800,买盘
2340,10:43:03,11.48,--,15,17220,买盘
2341,10:43:00,11.48,--,21,24108,买盘
2342,10:42:57,11.48,0.01,4,4592,卖盘
2343,10:42:54,11.47,-0.02,23,26381,卖盘
2344,10:42:51,11.49,0.01,32,36768,买盘
2345,10:42:48,11.48,--,2,2296,买盘
2346,10:42:45,11.48,--,36,41328,买盘
2347,10:42:42,11.48,--,7,8036,买盘
2348,10:42:39,11.48,--,7,8036,卖盘
2349,10:42:36,11.48,--,1,1148,卖盘
2350,10:42:33,11.48,--,9,10332,卖盘
2351,10:42:30,11.48,-0.01,8,9184,卖盘
2352,10:42:27,11.49,--,5,5745,买盘
2353,10:42:24,11.49,0.01,22,25278,买盘
2354,10:42:15,11.48,-0.01,9,10332,卖盘
2355,10:42:12,11.49,0.02,6,6894,买盘
2356,10:42:06,11.47,--,3,3441,卖盘
2357,10:42:03,11.47,--,49,56203,卖盘
2358,10:41:57,11.47,-0.02,50,57350,卖盘
2359,10:41:54,11.49,0.02,3,3447,买盘
2360,10:41:51,11.47,-0.01,14,16058,卖盘
2361,10:41:48,11.48,-0.01,2,2296,中性盘
2362,10:41:42,11.49,--,1703,1956747,买盘
2363,10:41:36,11.49,--,11,12639,买盘
2364,10:41:33,11.49,--,14,16086,买盘
2365,10:41:27,11.49,--,3,3447,买盘
2366,10:41:24,11.49,--,13,14937,买盘
2367,10:41:21,11.49,0.01,3,3447,买盘
2368,10:41:15,11.48,-0.01,7,8036,卖盘
2369,10:41:12,11.49,--,3,3447,买盘
2370,10:41:09,11.49,0.01,38,43662,买盘
2371,10:41:06,11.48,-0.01,11,12628,卖盘
2372,10:41:03,11.49,--,8,9192,买盘
2373,10:41:00,11.49,--,1,1149,买盘
2374,10:40:54,11.49,--,3,3447,买盘
2375,10:40:51,11.49,--,17,19533,买盘
2376,10:40:48,11.49,--,83,95367,买盘
2377,10:40:45,11.49,--,2,2298,买盘
2378,10:40:42,11.49,--,20,22980,买盘
2379,10:40:33,11.49,0.01,5,5745,买盘
2380,10:40:27,11.48,--,30,34440,买盘
2381,10:40:24,11.48,--,5,5740,买盘
2382,10:40:21,11.48,-0.01,11,12628,卖盘
2383,10:40:15,11.49,--,27,31023,买盘
2384,10:40:12,11.49,0.02,3,3447,买盘
2385,10:40:09,11.47,--,10,11470,卖盘
2386,10:40:06,11.47,-0.02,9,10323,卖盘
2387,10:40:03,11.49,--,5,5745,买盘
2388,10:40:00,11.49,0.02,11,12639,买盘
2389,10:39:57,11.47,--,13,14911,买盘
2390,10:39:54,11.47,--,3,3441,买盘
2391,10:39:51,11.47,-0.02,26,29822,卖盘
2392,10:39:48,11.49,--,4,4596,买盘
2393,10:39:45,11.49,0.02,7,8043,买盘
2394,10:39:42,11.47,--,24,27528,买盘
2395,10:39:39,11.47,0.01,102,117739,买盘
2396,10:39:36,11.46,-0.01,15,17190,卖盘
2397,10:39:33,11.47,--,3,3441,买盘
2398,10:39:30,11.47,--,66,75702,买盘
2399,10:39:27,11.47,--,2,2294,买盘
2400,10:39:24,11.47,0.01,4,4588,买盘
2401,10:39:21,11.46,-0.01,33,37818,卖盘
2402,10:39:18,11.47,--,31,35557,买盘
2403,10:39:12,11.47,--,3,3441,买盘
2404,10:39:09,11.47,-0.01,67,76849,卖盘
2405,10:39:06,11.48,-0.01,7,8036,卖盘
2406,10:39:03,11.49,0.03,3,3447,买盘
2407,10:38:57,11.46,-0.02,1503,1722438,卖盘
2408,10:38:54,11.48,--,16,18368,买盘
2409,10:38:51,11.48,--,2,2296,买盘
2410,10:38:48,11.48,--,4,4592,买盘
2411,10:38:45,11.48,--,20,22960,买盘
2412,10:38:42,11.48,0.01,5,5740,买盘
2413,10:38:39,11.47,-0.01,16,18352,卖盘
2414,10:38:33,11.48,--,69,79212,买盘
2415,10:38:27,11.48,0.01,10,11480,买盘
2416,10:38:24,11.47,-0.01,73,83731,卖盘
2417,10:38:21,11.48,--,17,19516,买盘
2418,10:38:18,11.48,--,14,16072,买盘
2419,10:38:12,11.48,0.01,35,40180,买盘
2420,10:38:09,11.47,-0.01,1,1147,卖盘
2421,10:38:06,11.48,0.01,611,701428,买盘
2422,10:38:03,11.47,-0.01,277,317719,卖盘
2423,10:38:00,11.48,--,1,1148,买盘
2424,10:37:57,11.48,0.01,57,65436,买盘
2425,10:37:54,11.47,--,28,32116,卖盘
2426,10:37:51,11.47,-0.01,363,416361,卖盘
2427,10:37:48,11.48,--,54,61992,买盘
2428,10:37:45,11.48,--,15,17220,买盘
2429,10:37:42,11.48,--,19,21812,买盘
2430,10:37:39,11.48,0.01,2,2296,买盘
2431,10:37:36,11.47,-0.01,82,94054,卖盘
2432,10:37:33,11.48,0.01,23,26404,买盘
2433,10:37:30,11.47,-0.01,6,6882,卖盘
2434,10:37:27,11.48,--,1,1148,买盘
2435,10:37:24,11.48,--,14,16072,买盘
2436,10:37:21,11.48,--,4,4592,买盘
2437,10:37:15,11.48,0.01,3,3444,买盘
2438,10:37:12,11.47,-0.01,95,108965,卖盘
2439,10:37:09,11.48,--,15,17220,买盘
2440,10:37:06,11.48,--,2,2296,买盘
2441,10:37:03,11.48,--,105,120540,买盘
2442,10:37:00,11.48,-0.02,210,241080,卖盘
2443,10:36:54,11.5,--,3,3450,买盘
2444,10:36:51,11.5,0.02,16,18400,买盘
2445,10:36:45,11.48,-0.02,22,25256,卖盘
2446,10:36:42,11.5,--,48,55200,买盘
2447,10:36:36,11.5,0.02,189,217350,买盘
2448,10:36:33,11.48,-0.02,17,19516,卖盘
2449,10:36:30,11.5,--,49,56350,买盘
2450,10:36:27,11.5,--,61,70150,买盘
2451,10:36:24,11.5,--,51,58650,买盘
2452,10:36:18,11.5,0.01,34,39100,买盘
2453,10:36:15,11.49,-0.01,1,1149,卖盘
2454,10:36:12,11.5,--,7,8050,买盘
2455,10:36:03,11.5,0.01,3,3450,买盘
2456,10:36:00,11.49,-0.01,11,12639,卖盘
2457,10:35:57,11.5,--,30,34500,买盘
2458,10:35:54,11.5,0.02,3,3450,买盘
2459,10:35:48,11.48,-0.02,14,16072,卖盘
2460,10:35:45,11.5,--,1,1150,买盘
2461,10:35:42,11.5,0.02,3,3450,买盘
2462,10:35:36,11.48,-0.02,46,52808,卖盘
2463,10:35:33,11.5,0.02,3,3450,买盘
2464,10:35:30,11.48,-0.01,18,20664,卖盘
2465,10:35:27,11.49,--,109,125241,买盘
2466,10:35:24,11.49,--,35,40215,买盘
2467,10:35:21,11.49,0.01,8,9192,买盘
2468,10:35:12,11.48,-0.01,7,8036,卖盘
2469,10:35:09,11.49,--,99,113751,买盘
2470,10:35:06,11.49,--,19,21831,买盘
2471,10:35:03,11.49,--,15,17235,买盘
2472,10:35:00,11.49,--,19,21831,买盘
2473,10:34:54,11.49,--,10,11490,买盘
2474,10:34:51,11.49,--,24,27576,买盘
2475,10:34:48,11.49,-0.01,64,73536,卖盘
2476,10:34:45,11.5,--,138,158700,买盘
2477,10:34:42,11.5,0.01,7,8050,买盘
2478,10:34:39,11.49,-0.01,5,5745,卖盘
2479,10:34:36,11.5,--,31,35650,买盘
2480,10:34:33,11.5,0.01,3,3450,买盘
2481,10:34:27,11.49,-0.01,52,59748,卖盘
2482,10:34:24,11.5,--,8,9200,买盘
2483,10:34:18,11.5,--,2,2300,买盘
2484,10:34:15,11.5,-0.02,43,49450,卖盘
2485,10:34:12,11.52,0.02,6,6912,买盘
2486,10:34:09,11.5,--,144,165600,买盘
2487,10:34:06,11.5,0.01,5,5750,买盘
2488,10:34:03,11.49,--,8,9192,卖盘
2489,10:34:00,11.49,-0.01,2,2298,卖盘
2490,10:33:54,11.5,--,108,124200,买盘
2491,10:33:51,11.5,--,27,31050,买盘
2492,10:33:48,11.5,0.01,5,5750,买盘
2493,10:33:45,11.49,-0.01,11,12639,卖盘
2494,10:33:42,11.5,--,3,3450,买盘
2495,10:33:33,11.5,--,3,3450,买盘
2496,10:33:24,11.5,--,6,6900,买盘
2497,10:33:21,11.5,--,28,32200,买盘
2498,10:33:18,11.5,--,17,19550,买盘
2499,10:33:15,11.5,--,3,3450,买盘
2500,10:33:12,11.5,0.01,13,14950,买盘
2501,10:33:06,11.49,--,3,3447,卖盘
2502,10:33:03,11.49,-0.01,11,12639,卖盘
2503,10:33:00,11.5,--,31,35650,买盘
2504,10:32:57,11.5,--,17,19550,买盘
2505,10:32:54,11.5,-0.01,191,219650,卖盘
2506,10:32:51,11.51,--,3,3453,买盘
2507,10:32:48,11.51,--,5,5755,买盘
2508,10:32:45,11.51,-0.01,1,1151,中性盘
2509,10:32:42,11.52,0.02,3,3456,买盘
2510,10:32:36,11.5,-0.02,6,6900,卖盘
2511,10:32:33,11.52,--,3,3456,买盘
2512,10:32:30,11.52,--,4,4608,买盘
2513,10:32:27,11.52,0.01,93,107136,买盘
2514,10:32:24,11.51,--,21,24171,买盘
2515,10:32:21,11.51,-0.01,24,27624,卖盘
2516,10:32:12,11.52,--,18,20736,买盘
2517,10:32:09,11.52,--,30,34560,买盘
2518,10:32:06,11.52,--,52,59904,买盘
2519,10:32:03,11.52,--,19,21888,买盘
2520,10:32:00,11.52,--,1,1152,买盘
2521,10:31:54,11.52,--,3,3456,买盘
2522,10:31:51,11.52,0.01,37,42624,买盘
2523,10:31:48,11.51,-0.01,5,5755,卖盘
2524,10:31:45,11.52,-0.01,24,27648,卖盘
2525,10:31:42,11.53,0.01,4,4612,买盘
2526,10:31:33,11.52,--,69,79488,买盘
2527,10:31:30,11.52,--,4,4608,买盘
2528,10:31:27,11.52,--,1,1152,买盘
2529,10:31:24,11.52,--,7,8064,买盘
2530,10:31:21,11.52,0.01,100,115200,买盘
2531,10:31:15,11.51,-0.01,10,11510,卖盘
2532,10:31:12,11.52,0.02,20,23040,买盘
2533,10:31:03,11.5,-0.01,44,50600,卖盘
2534,10:31:00,11.51,-0.01,19,21869,卖盘
2535,10:30:54,11.52,--,3,3456,买盘
2536,10:30:51,11.52,--,38,43776,买盘
2537,10:30:48,11.52,--,5,5760,买盘
2538,10:30:45,11.52,--,4,4608,买盘
2539,10:30:42,11.52,--,11,12672,买盘
2540,10:30:39,11.52,-0.01,292,336384,卖盘
2541,10:30:36,11.53,--,4,4612,买盘
2542,10:30:33,11.53,0.01,102,117606,买盘
2543,10:30:27,11.52,0.02,432,497664,买盘
2544,10:30:24,11.5,0.04,3,3450,买盘
2545,10:30:21,11.46,--,254,291794,买盘
2546,10:30:18,11.46,-0.04,2269,2600709,卖盘
2547,10:30:15,11.5,--,29,33350,买盘
2548,10:30:12,11.5,--,84,96600,买盘
2549,10:30:06,11.5,--,39,44850,买盘
2550,10:30:03,11.5,--,536,616400,买盘
2551,10:30:00,11.5,--,28,32200,买盘
2552,10:29:57,11.5,-0.02,146,167900,卖盘
2553,10:29:51,11.52,--,26,29952,买盘
2554,10:29:48,11.52,--,2,2304,买盘
2555,10:29:45,11.52,--,39,44928,买盘
2556,10:29:33,11.52,-0.01,680,783360,卖盘
2557,10:29:30,11.53,--,1,1153,买盘
2558,10:29:27,11.53,--,7,8071,卖盘
2559,10:29:24,11.53,--,44,50732,买盘
2560,10:29:18,11.53,--,81,93393,买盘
2561,10:29:15,11.53,--,32,36896,买盘
2562,10:29:12,11.53,--,1004,1157612,买盘
2563,10:29:06,11.53,0.01,36,41508,买盘
2564,10:29:03,11.52,-0.01,20,23040,卖盘
2565,10:29:00,11.53,--,81,93393,买盘
2566,10:28:57,11.53,--,3,3459,买盘
2567,10:28:54,11.53,--,36,41508,买盘
2568,10:28:51,11.53,0.01,77,88781,买盘
2569,10:28:48,11.52,--,17,19584,买盘
2570,10:28:45,11.52,--,27,31104,买盘
2571,10:28:42,11.52,--,41,47232,买盘
2572,10:28:39,11.52,0.01,24,27648,买盘
2573,10:28:36,11.51,--,4,4604,卖盘
2574,10:28:30,11.51,-0.01,2,2302,卖盘
2575,10:28:27,11.52,--,2,2304,买盘
2576,10:28:24,11.52,--,66,76032,买盘
2577,10:28:21,11.52,--,2,2304,买盘
2578,10:28:12,11.52,--,43,49536,买盘
2579,10:28:09,11.52,--,147,169344,买盘
2580,10:28:06,11.52,--,9,10368,买盘
2581,10:28:03,11.52,--,3,3456,买盘
2582,10:28:00,11.52,--,6,6912,买盘
2583,10:27:57,11.52,0.01,3,3456,买盘
2584,10:27:54,11.51,--,84,96684,卖盘
2585,10:27:48,11.51,--,19,21869,卖盘
2586,10:27:45,11.51,--,3,3453,买盘
2587,10:27:42,11.51,--,93,107043,卖盘
2588,10:27:39,11.51,-0.01,35,40285,卖盘
2589,10:27:36,11.52,--,13,14976,买盘
2590,10:27:30,11.52,--,7,8064,买盘
2591,10:27:27,11.52,--,10,11520,买盘
2592,10:27:24,11.52,--,13,14976,买盘
2593,10:27:18,11.52,--,13,14976,买盘
2594,10:27:12,11.52,--,29,33408,卖盘
2595,10:27:06,11.52,--,9,10368,买盘
2596,10:27:03,11.52,--,84,96768,买盘
2597,10:27:00,11.52,--,23,26496,卖盘
2598,10:26:57,11.52,-0.01,3,3456,卖盘
2599,10:26:54,11.53,0.01,2,2306,买盘
2600,10:26:51,11.52,-0.01,2,2304,中性盘
2601,10:26:48,11.53,0.01,142,163726,买盘
2602,10:26:45,11.52,--,22,25344,买盘
2603,10:26:42,11.52,-0.01,1,1152,买盘
2604,10:26:30,11.53,0.03,78,89934,买盘
2605,10:26:27,11.5,-0.03,52,59800,卖盘
2606,10:26:24,11.53,0.01,2,2306,买盘
2607,10:26:21,11.52,-0.01,1,1152,卖盘
2608,10:26:18,11.53,0.03,10,11530,买盘
2609,10:26:15,11.5,-0.04,40,46000,卖盘
2610,10:26:09,11.54,0.03,51,58853,买盘
2611,10:26:06,11.51,-0.03,3,3453,卖盘
2612,10:26:03,11.54,0.02,396,456983,买盘
2613,10:26:00,11.52,0.02,5,5760,买盘
2614,10:25:57,11.5,-0.02,1001,1151150,卖盘
2615,10:25:54,11.52,0.01,30,34560,买盘
2616,10:25:51,11.51,-0.01,167,192217,卖盘
2617,10:25:48,11.52,--,30,34560,买盘
2618,10:25:45,11.52,0.01,5,5760,买盘
2619,10:25:42,11.51,--,2,2302,买盘
2620,10:25:39,11.51,-0.01,6,6906,卖盘
2621,10:25:36,11.52,--,185,213120,卖盘
2622,10:25:33,11.52,--,1,1152,卖盘
2623,10:25:27,11.52,-0.01,3,3456,卖盘
2624,10:25:24,11.53,0.01,5,5765,买盘
2625,10:25:12,11.52,0.02,169,194688,买盘
2626,10:25:00,11.5,-0.01,40,46471,卖盘
2627,10:24:51,11.51,--,9,10359,买盘
2628,10:24:48,11.51,--,2,2302,买盘
2629,10:24:45,11.51,--,1,1151,买盘
2630,10:24:39,11.51,0.01,106,122006,买盘
2631,10:24:33,11.5,-0.01,2,2300,卖盘
2632,10:24:27,11.51,--,13,14963,买盘
2633,10:24:24,11.51,0.01,238,273938,买盘
2634,10:24:21,11.5,--,11,12650,买盘
2635,10:24:15,11.5,--,40,46000,买盘
2636,10:24:12,11.5,--,7,8050,买盘
2637,10:24:09,11.5,0.01,200,230000,买盘
2638,10:24:06,11.49,-0.01,12,13788,卖盘
2639,10:24:03,11.5,--,61,70150,买盘
2640,10:24:00,11.5,--,20,23000,买盘
2641,10:23:57,11.5,--,30,34500,买盘
2642,10:23:54,11.5,--,6,6900,买盘
2643,10:23:51,11.5,--,53,60950,买盘
2644,10:23:48,11.5,--,2,2300,买盘
2645,10:23:45,11.5,--,1,1150,买盘
2646,10:23:36,11.5,--,103,118450,买盘
2647,10:23:33,11.5,--,43,49450,买盘
2648,10:23:27,11.5,--,2,2300,买盘
2649,10:23:24,11.5,--,4,4600,买盘
2650,10:23:12,11.5,--,20,23000,买盘
2651,10:23:09,11.5,--,18,20700,买盘
2652,10:23:06,11.5,--,4,4600,买盘
2653,10:23:03,11.5,--,1,1150,买盘
2654,10:23:00,11.5,--,112,128800,买盘
2655,10:22:51,11.5,--,12,13800,买盘
2656,10:22:48,11.5,--,2,2300,买盘
2657,10:22:45,11.5,--,3,3450,买盘
2658,10:22:42,11.5,--,2,2300,买盘
2659,10:22:39,11.5,--,2,2300,买盘
2660,10:22:36,11.5,--,1,1150,买盘
2661,10:22:27,11.5,--,2,2300,买盘
2662,10:22:24,11.5,--,4,4600,买盘
2663,10:22:12,11.5,0.01,3,3450,买盘
2664,10:22:09,11.49,-0.01,2,2298,卖盘
2665,10:22:06,11.5,0.01,27,31050,买盘
2666,10:22:00,11.49,--,243,279207,买盘
2667,10:21:57,11.49,0.01,100,114900,买盘
2668,10:21:54,11.48,-0.01,10,11480,卖盘
2669,10:21:51,11.49,--,9,10341,买盘
2670,10:21:48,11.49,--,3,3447,买盘
2671,10:21:45,11.49,--,31,35619,买盘
2672,10:21:36,11.49,--,4,4596,买盘
2673,10:21:33,11.49,--,62,71238,买盘
2674,10:21:30,11.49,0.01,37,42513,买盘
2675,10:21:27,11.48,-0.01,16,18368,卖盘
2676,10:21:24,11.49,--,31,35619,买盘
2677,10:21:21,11.49,--,5,5745,买盘
2678,10:21:18,11.49,0.01,50,57450,买盘
2679,10:21:15,11.48,-0.01,568,652064,卖盘
2680,10:21:12,11.49,--,1,1149,买盘
2681,10:21:09,11.49,--,10,11490,买盘
2682,10:21:06,11.49,--,9,10341,买盘
2683,10:21:03,11.49,--,1,1149,买盘
2684,10:21:00,11.49,--,3,3447,买盘
2685,10:20:51,11.49,--,47,54003,买盘
2686,10:20:48,11.49,--,1,1149,买盘
2687,10:20:45,11.49,--,10,11490,买盘
2688,10:20:27,11.49,--,136,156264,买盘
2689,10:20:24,11.49,-0.01,327,375757,卖盘
2690,10:20:21,11.5,--,1,1150,买盘
2691,10:20:12,11.5,0.01,5,5750,买盘
2692,10:20:09,11.49,-0.01,115,133249,卖盘
2693,10:20:06,11.5,--,4,4600,买盘
2694,10:20:03,11.5,--,2,2300,买盘
2695,10:20:00,11.5,--,81,93150,买盘
2696,10:19:57,11.5,--,40,46000,买盘
2697,10:19:51,11.5,--,40,46000,买盘
2698,10:19:48,11.5,--,107,123050,买盘
2699,10:19:45,11.5,--,3,3450,买盘
2700,10:19:42,11.5,0.01,175,201250,买盘
2701,10:19:36,11.49,-0.01,25,28725,卖盘
2702,10:19:33,11.5,--,2,2300,买盘
2703,10:19:30,11.5,--,80,92000,买盘
2704,10:19:27,11.5,--,19,21850,买盘
2705,10:19:24,11.5,0.01,10,11500,买盘
2706,10:19:21,11.49,-0.01,19,21831,卖盘
2707,10:19:12,11.5,--,19,21850,买盘
2708,10:19:06,11.5,0.01,31,35650,买盘
2709,10:19:03,11.49,--,218,250482,买盘
2710,10:19:00,11.49,-0.01,51,58599,卖盘
2711,10:18:54,11.5,0.02,99,113850,买盘
2712,10:18:51,11.48,-0.01,41,47068,卖盘
2713,10:18:48,11.49,--,42,48258,买盘
2714,10:18:45,11.49,--,100,114900,买盘
2715,10:18:42,11.49,--,79,90771,卖盘
2716,10:18:39,11.49,--,173,198777,买盘
2717,10:18:36,11.49,--,168,193032,卖盘
2718,10:18:33,11.49,-0.01,45,51705,卖盘
2719,10:18:30,11.5,--,26,29900,买盘
2720,10:18:27,11.5,--,3,3450,买盘
2721,10:18:24,11.5,--,198,227930,卖盘
2722,10:18:21,11.5,--,146,168820,买盘
2723,10:18:18,11.5,--,74,85100,买盘
2724,10:18:09,11.5,--,5,5750,买盘
2725,10:18:06,11.5,0.01,3,3450,买盘
2726,10:18:03,11.49,-0.01,6,6894,卖盘
2727,10:18:00,11.5,--,1,1150,买盘
2728,10:17:57,11.5,--,34,39100,买盘
2729,10:17:54,11.5,--,10,11500,买盘
2730,10:17:51,11.5,--,19,21850,买盘
2731,10:17:48,11.5,--,57,65550,买盘
2732,10:17:45,11.5,0.01,105,120750,买盘
2733,10:17:39,11.49,0.01,59,67791,买盘
2734,10:17:36,11.48,-0.01,20,22960,卖盘
2735,10:17:30,11.49,--,30,34470,买盘
2736,10:17:27,11.49,0.01,39,44811,买盘
2737,10:17:24,11.48,--,4,4592,卖盘
2738,10:17:21,11.48,--,8,9184,卖盘
2739,10:17:18,11.48,--,8,9184,卖盘
2740,10:17:15,11.48,-0.01,3,3444,卖盘
2741,10:17:12,11.49,--,10,11490,买盘
2742,10:17:09,11.49,--,59,67791,买盘
2743,10:17:06,11.49,--,2,2298,买盘
2744,10:17:03,11.49,--,17,19533,买盘
2745,10:17:00,11.49,0.01,1,1149,中性盘
2746,10:16:48,11.48,-0.01,9,11043,卖盘
2747,10:16:45,11.49,--,16,18384,买盘
2748,10:16:39,11.49,--,99,113751,买盘
2749,10:16:36,11.49,--,54,62046,买盘
2750,10:16:30,11.49,--,31,35619,买盘
2751,10:16:27,11.49,--,4,4596,买盘
2752,10:16:24,11.49,--,2,2298,买盘
2753,10:16:21,11.49,--,61,70089,买盘
2754,10:16:18,11.49,--,26,29874,买盘
2755,10:16:15,11.49,-0.01,12,13788,卖盘
2756,10:16:12,11.5,--,15,17250,买盘
2757,10:16:09,11.5,--,1,1150,买盘
2758,10:16:06,11.5,--,2,2300,买盘
2759,10:16:03,11.5,--,5,5750,买盘
2760,10:15:57,11.5,0.02,199,228850,买盘
2761,10:15:51,11.48,--,18,20664,卖盘
2762,10:15:45,11.48,--,43,49364,卖盘
2763,10:15:39,11.48,-0.01,403,462644,卖盘
2764,10:15:36,11.49,--,5,5745,买盘
2765,10:15:33,11.49,--,5,5745,买盘
2766,10:15:30,11.49,--,1,1149,买盘
2767,10:15:27,11.49,--,5,5745,买盘
2768,10:15:24,11.49,--,72,82728,买盘
2769,10:15:18,11.49,--,120,137880,买盘
2770,10:15:15,11.49,0.01,53,60897,买盘
2771,10:15:06,11.48,-0.01,52,59696,卖盘
2772,10:15:03,11.49,0.01,15,17235,买盘
2773,10:14:57,11.48,-0.01,111,127428,卖盘
2774,10:14:54,11.49,--,1,1149,买盘
2775,10:14:48,11.49,--,4,4596,买盘
2776,10:14:45,11.49,--,31,35619,买盘
2777,10:14:42,11.49,--,66,75834,买盘
2778,10:14:39,11.49,--,10,11490,买盘
2779,10:14:33,11.49,0.01,1009,1159341,买盘
2780,10:14:30,11.48,-0.01,7,8036,卖盘
2781,10:14:27,11.49,--,9,10341,买盘
2782,10:14:24,11.49,--,4,4596,买盘
2783,10:14:18,11.49,-0.01,388,445812,卖盘
2784,10:14:12,11.5,--,17,19550,买盘
2785,10:14:09,11.5,--,42,48300,买盘
2786,10:14:06,11.5,-0.01,6,6900,卖盘
2787,10:14:03,11.51,--,2,2302,买盘
2788,10:13:57,11.51,--,11,12661,买盘
2789,10:13:54,11.51,-0.01,64,73664,卖盘
2790,10:13:48,11.52,--,2,2304,买盘
2791,10:13:45,11.52,0.02,361,415872,买盘
2792,10:13:42,11.5,-0.02,691,794880,卖盘
2793,10:13:36,11.52,0.01,4,4608,买盘
2794,10:13:33,11.51,-0.01,5,5755,卖盘
2795,10:13:24,11.52,--,9,10368,买盘
2796,10:13:15,11.52,0.01,33,38016,买盘
2797,10:13:12,11.51,--,54,62154,买盘
2798,10:13:06,11.51,0.01,1,1151,买盘
2799,10:12:51,11.5,-0.01,1,1150,卖盘
2800,10:12:48,11.51,0.01,2,2302,买盘
2801,10:12:45,11.5,0.01,469,540270,买盘
2802,10:12:42,11.49,-0.01,4,4596,卖盘
2803,10:12:36,11.5,--,78,89930,卖盘
2804,10:12:33,11.5,--,49,57270,买盘
2805,10:12:27,11.5,--,33,37950,买盘
2806,10:12:24,11.5,--,31,35650,买盘
2807,10:12:21,11.5,--,20,23000,买盘
2808,10:12:15,11.5,0.01,11,12650,买盘
2809,10:12:12,11.49,-0.01,8,9192,卖盘
2810,10:12:09,11.5,--,25,28750,买盘
2811,10:12:06,11.5,--,3,3450,买盘
2812,10:12:03,11.5,--,1,1150,买盘
2813,10:12:00,11.5,0.01,14,16100,买盘
2814,10:11:57,11.49,-0.01,7,8043,卖盘
2815,10:11:54,11.5,--,25,28750,买盘
2816,10:11:51,11.5,--,16,18400,买盘
2817,10:11:48,11.5,--,2,2300,买盘
2818,10:11:45,11.5,--,3,3450,买盘
2819,10:11:42,11.5,--,28,32200,买盘
2820,10:11:39,11.5,0.01,50,57500,买盘
2821,10:11:36,11.49,-0.01,20,22980,卖盘
2822,10:11:33,11.5,--,35,40250,买盘
2823,10:11:27,11.5,--,4,4600,买盘
2824,10:11:24,11.5,--,8,9200,买盘
2825,10:11:21,11.5,--,15,17250,买盘
2826,10:11:18,11.5,--,10,11500,买盘
2827,10:11:15,11.5,--,14,16100,买盘
2828,10:11:09,11.5,--,38,43700,买盘
2829,10:11:06,11.5,--,16,18400,买盘
2830,10:11:03,11.5,--,3,3450,买盘
2831,10:11:00,11.5,--,21,24150,买盘
2832,10:10:57,11.5,--,100,115230,卖盘
2833,10:10:54,11.5,--,400,460920,买盘
2834,10:10:51,11.5,--,48,55200,买盘
2835,10:10:48,11.5,--,37,42550,买盘
2836,10:10:45,11.5,--,4,4600,买盘
2837,10:10:42,11.5,--,115,132250,买盘
2838,10:10:39,11.5,--,2,2300,买盘
2839,10:10:36,11.5,--,100,115000,买盘
2840,10:10:33,11.5,--,27,31050,买盘
2841,10:10:30,11.5,--,30,34500,买盘
2842,10:10:27,11.5,--,30,34500,买盘
2843,10:10:24,11.5,--,7,8050,买盘
2844,10:10:21,11.5,--,27,31073,买盘
2845,10:10:18,11.5,--,5,5750,买盘
2846,10:10:15,11.5,--,254,292100,买盘
2847,10:10:12,11.5,--,35,40250,买盘
2848,10:10:09,11.5,--,15,17250,买盘
2849,10:10:06,11.5,0.01,1,1150,买盘
2850,10:10:00,11.49,-0.01,77,88473,卖盘
2851,10:09:57,11.5,0.01,17,19550,买盘
2852,10:09:54,11.49,-0.01,24,27576,卖盘
2853,10:09:51,11.5,--,23,26450,买盘
2854,10:09:45,11.5,--,15,17250,买盘
2855,10:09:42,11.5,0.01,18,20700,买盘
2856,10:09:39,11.49,-0.01,126,144774,卖盘
2857,10:09:27,11.5,-0.02,526,605130,卖盘
2858,10:09:24,11.52,0.01,42,48384,买盘
2859,10:09:15,11.51,-0.01,3,3453,卖盘
2860,10:09:12,11.52,--,10,11520,买盘
2861,10:09:00,11.52,0.02,2,2304,买盘
2862,10:08:57,11.5,--,8,9200,卖盘
2863,10:08:51,11.5,--,15,18170,买盘
2864,10:08:48,11.5,--,4,4600,买盘
2865,10:08:45,11.5,--,33,37950,买盘
2866,10:08:42,11.5,--,21,24150,买盘
2867,10:08:39,11.5,--,409,470350,买盘
2868,10:08:36,11.5,--,37,42550,买盘
2869,10:08:33,11.5,0.01,18,20700,买盘
2870,10:08:30,11.49,-0.01,24,27576,卖盘
2871,10:08:27,11.5,--,2,2300,买盘
2872,10:08:24,11.5,0.01,5,5750,买盘
