,time,price,change,volume,amount,type
0,15:00:03,10.33,--,3246,3353118,买盘
1,14:57:00,10.33,--,40,41320,买盘
2,14:56:57,10.33,0.01,58,59914,买盘
3,14:56:54,10.32,-0.01,55,56760,卖盘
4,14:56:51,10.33,--,95,98135,买盘
5,14:56:45,10.33,0.01,160,165280,买盘
6,14:56:42,10.32,--,101,104768,买盘
7,14:56:39,10.32,--,11,11352,买盘
8,14:56:36,10.32,--,28,28896,买盘
9,14:56:30,10.32,--,19,19608,买盘
10,14:56:27,10.32,--,301,311127,卖盘
11,14:56:24,10.32,--,39,40248,卖盘
12,14:56:21,10.32,-0.01,296,305472,卖盘
13,14:56:18,10.33,--,199,205980,买盘
14,14:56:15,10.33,--,956,987548,买盘
15,14:56:12,10.33,--,30,30990,买盘
16,14:56:09,10.33,--,14,14462,买盘
17,14:56:06,10.33,--,29,29957,买盘
18,14:56:00,10.33,--,18,18594,买盘
19,14:55:54,10.33,--,30,30990,买盘
20,14:55:51,10.33,--,47,48551,买盘
21,14:55:48,10.33,--,111,114663,买盘
22,14:55:45,10.33,0.01,221,228293,买盘
23,14:55:42,10.32,-0.01,224,231209,卖盘
24,14:55:39,10.33,--,20,20660,买盘
25,14:55:36,10.33,0.01,15,15495,买盘
26,14:55:33,10.32,--,19,19608,卖盘
27,14:55:30,10.32,-0.01,14,14448,卖盘
28,14:55:27,10.33,--,13,13429,买盘
29,14:55:24,10.33,--,123,127059,买盘
30,14:55:21,10.33,--,45,46485,买盘
31,14:55:18,10.33,0.01,4,4132,买盘
32,14:55:15,10.32,--,47,48586,买盘
33,14:55:12,10.32,--,134,138288,买盘
34,14:55:09,10.32,-0.01,228,236245,卖盘
35,14:55:06,10.33,0.01,42,43386,买盘
36,14:55:03,10.32,-0.01,106,109392,卖盘
37,14:55:00,10.33,0.01,23,23759,买盘
38,14:54:57,10.32,--,34,35129,卖盘
39,14:54:54,10.32,-0.01,181,186792,卖盘
40,14:54:51,10.33,0.01,232,239656,买盘
41,14:54:48,10.32,-0.01,103,106296,卖盘
42,14:54:45,10.33,0.01,25,25825,买盘
43,14:54:42,10.32,-0.01,43,44376,卖盘
44,14:54:39,10.33,--,20,20660,买盘
45,14:54:36,10.33,0.01,148,152884,买盘
46,14:54:33,10.32,--,100,103200,卖盘
47,14:54:30,10.32,--,39,40248,卖盘
48,14:54:27,10.32,-0.01,162,167184,卖盘
49,14:54:24,10.33,--,23,23759,买盘
50,14:54:21,10.33,0.01,238,245854,买盘
51,14:54:18,10.32,-0.01,220,227040,卖盘
52,14:54:15,10.33,0.01,85,87805,买盘
53,14:54:12,10.32,-0.01,52,53664,卖盘
54,14:54:09,10.33,--,20,20660,买盘
55,14:54:06,10.33,0.01,150,154991,买盘
56,14:54:00,10.32,-0.01,62,63984,卖盘
57,14:53:57,10.33,--,5,5165,买盘
58,14:53:54,10.33,--,11,11363,买盘
59,14:53:51,10.33,--,11,11363,买盘
60,14:53:48,10.33,--,66,68178,买盘
61,14:53:45,10.33,0.01,145,149785,买盘
62,14:53:42,10.32,-0.01,6,6192,卖盘
63,14:53:39,10.33,0.01,55,56815,买盘
64,14:53:36,10.32,--,40,41280,卖盘
65,14:53:33,10.32,--,3,3096,卖盘
66,14:53:30,10.32,--,33,34056,卖盘
67,14:53:27,10.32,-0.01,117,120744,卖盘
68,14:53:24,10.33,--,40,41320,买盘
69,14:53:21,10.33,--,55,56815,买盘
70,14:53:18,10.33,--,19,19627,买盘
71,14:53:15,10.33,-0.01,125,129125,卖盘
72,14:53:12,10.34,--,38,39292,买盘
73,14:53:09,10.34,0.01,93,96162,买盘
74,14:53:06,10.33,-0.01,11,11404,卖盘
75,14:53:03,10.34,--,338,349492,买盘
76,14:53:00,10.34,0.01,72,74448,买盘
77,14:52:57,10.33,--,129,133257,卖盘
78,14:52:54,10.33,--,5,5165,卖盘
79,14:52:51,10.33,--,194,200402,卖盘
80,14:52:48,10.33,--,103,106399,卖盘
81,14:52:45,10.33,0.01,1605,1657965,买盘
82,14:52:42,10.32,-0.01,299,308568,卖盘
83,14:52:39,10.33,0.01,115,118795,买盘
84,14:52:36,10.32,-0.01,183,188856,卖盘
85,14:52:33,10.33,--,44,45452,买盘
86,14:52:30,10.33,--,58,59914,买盘
87,14:52:27,10.33,0.01,78,80574,买盘
88,14:52:24,10.32,-0.01,93,95976,卖盘
89,14:52:21,10.33,--,140,144661,买盘
90,14:52:18,10.33,--,23,23759,买盘
91,14:52:15,10.33,--,207,213831,买盘
92,14:52:12,10.33,--,27,27891,买盘
93,14:52:09,10.33,0.01,226,233458,买盘
94,14:52:06,10.32,-0.01,5,5160,卖盘
95,14:52:03,10.33,0.01,149,153917,买盘
96,14:52:00,10.32,--,6,6192,卖盘
97,14:51:57,10.32,--,143,147576,卖盘
98,14:51:51,10.32,0.01,1759,1815288,买盘
99,14:51:48,10.31,-0.01,28,28868,卖盘
100,14:51:45,10.32,--,110,113520,买盘
101,14:51:42,10.32,--,61,62952,买盘
102,14:51:36,10.32,0.01,32,33024,买盘
103,14:51:30,10.31,--,119,122689,卖盘
104,14:51:27,10.31,--,10,10310,卖盘
105,14:51:24,10.31,--,86,88666,卖盘
106,14:51:21,10.31,--,1769,1824045,买盘
107,14:51:18,10.31,0.01,53,54643,买盘
108,14:51:15,10.3,--,34,35020,卖盘
109,14:51:12,10.3,--,388,399640,卖盘
110,14:51:09,10.3,--,6,6180,卖盘
111,14:51:06,10.3,--,7,7251,卖盘
112,14:51:00,10.3,-0.01,48,49440,卖盘
113,14:50:57,10.31,--,227,234037,买盘
114,14:50:54,10.31,0.01,156,160836,买盘
115,14:50:51,10.3,--,100,103000,卖盘
116,14:50:48,10.3,--,20,20600,卖盘
117,14:50:45,10.3,--,69,71070,卖盘
118,14:50:42,10.3,--,80,82400,卖盘
119,14:50:39,10.3,--,42,43260,卖盘
120,14:50:36,10.3,0.01,307,316210,买盘
121,14:50:33,10.29,--,149,153321,卖盘
122,14:50:30,10.29,-0.01,976,1004345,卖盘
123,14:50:27,10.3,--,21,21630,买盘
124,14:50:24,10.3,--,4,4120,买盘
125,14:50:21,10.3,--,500,515000,买盘
126,14:50:18,10.3,--,225,231750,买盘
127,14:50:15,10.3,--,12,12360,买盘
128,14:50:09,10.3,0.01,24,24720,买盘
129,14:50:06,10.29,-0.01,1,1029,卖盘
130,14:50:03,10.3,--,511,526330,买盘
131,14:50:00,10.3,0.01,215,221450,买盘
132,14:49:54,10.29,-0.01,37,38073,卖盘
133,14:49:51,10.3,--,332,341960,买盘
134,14:49:48,10.3,--,3,3090,买盘
135,14:49:42,10.3,0.01,76,78280,买盘
136,14:49:39,10.29,--,23,23708,卖盘
137,14:49:36,10.29,--,46,47333,卖盘
138,14:49:30,10.29,--,17,17493,卖盘
139,14:49:27,10.29,--,111,114218,卖盘
140,14:49:24,10.29,0.01,1936,1992143,买盘
141,14:49:18,10.28,--,73,75558,买盘
142,14:49:15,10.28,--,33,33924,买盘
143,14:49:12,10.28,--,210,215880,买盘
144,14:49:09,10.28,0.01,165,169620,买盘
145,14:49:06,10.27,--,30,30810,卖盘
146,14:49:03,10.27,--,23,23621,卖盘
147,14:48:57,10.27,-0.01,212,217724,卖盘
148,14:48:51,10.28,0.01,12,12336,买盘
149,14:48:48,10.27,--,10,10270,卖盘
150,14:48:45,10.27,--,11,11297,卖盘
151,14:48:42,10.27,-0.01,10,10270,卖盘
152,14:48:36,10.28,0.01,5,5140,买盘
153,14:48:33,10.27,--,95,97565,卖盘
154,14:48:30,10.27,-0.01,20,20540,卖盘
155,14:48:27,10.28,--,112,115136,买盘
156,14:48:24,10.28,--,114,117191,买盘
157,14:48:21,10.28,0.01,4,4112,买盘
158,14:48:18,10.27,-0.01,256,262953,卖盘
159,14:48:15,10.28,0.01,516,530448,买盘
160,14:48:09,10.27,--,13,13351,卖盘
161,14:48:06,10.27,-0.01,10,10270,卖盘
162,14:48:03,10.28,--,21,21588,买盘
163,14:48:00,10.28,0.01,25,25700,买盘
164,14:47:57,10.27,--,14,14378,卖盘
165,14:47:54,10.27,--,34,34918,卖盘
166,14:47:51,10.27,--,40,41080,卖盘
167,14:47:48,10.27,--,102,104754,卖盘
168,14:47:45,10.27,-0.01,4,4138,卖盘
169,14:47:42,10.28,--,13,13364,买盘
170,14:47:39,10.28,0.01,314,322792,买盘
171,14:47:36,10.27,-0.01,1,1027,卖盘
172,14:47:33,10.28,--,15,15419,买盘
173,14:47:30,10.28,0.01,66,67848,买盘
174,14:47:27,10.27,--,23,23621,卖盘
175,14:47:18,10.27,-0.01,30,30810,卖盘
176,14:47:15,10.28,--,171,175788,买盘
177,14:47:12,10.28,0.01,13,13364,买盘
178,14:47:09,10.27,--,29,29783,卖盘
179,14:47:06,10.27,--,27,27729,卖盘
180,14:47:03,10.27,-0.01,15,15405,卖盘
181,14:47:00,10.28,0.01,62,64249,买盘
182,14:46:57,10.27,--,33,34404,买盘
183,14:46:54,10.27,--,100,102700,买盘
184,14:46:51,10.27,--,20,20540,买盘
185,14:46:48,10.27,--,325,333775,买盘
186,14:46:45,10.27,0.01,7,7189,买盘
187,14:46:42,10.26,-0.01,6,6156,卖盘
188,14:46:36,10.27,0.01,15,15405,买盘
189,14:46:24,10.26,-0.01,25,25650,卖盘
190,14:46:21,10.27,--,5,5176,买盘
191,14:46:15,10.27,0.01,32,32864,买盘
192,14:46:12,10.26,-0.01,20,20520,卖盘
193,14:46:09,10.27,--,6,6162,买盘
194,14:46:06,10.27,--,100,102700,买盘
195,14:46:03,10.27,0.01,8,8216,买盘
196,14:46:00,10.26,--,30,30780,卖盘
197,14:45:57,10.26,-0.01,4,4145,卖盘
198,14:45:54,10.27,--,8,8216,买盘
199,14:45:39,10.27,0.01,10,10270,买盘
200,14:45:36,10.26,-0.01,24,24624,卖盘
201,14:45:33,10.27,--,5,5135,买盘
202,14:45:30,10.27,--,2,2054,买盘
203,14:45:27,10.27,0.01,36,36972,买盘
204,14:45:24,10.26,-0.01,44,45185,卖盘
205,14:45:18,10.27,0.01,95,97565,买盘
206,14:45:12,10.26,-0.01,18,18468,卖盘
207,14:45:06,10.27,0.01,8,8216,买盘
208,14:45:03,10.26,-0.01,6,6156,卖盘
209,14:45:00,10.27,0.01,5,5135,买盘
210,14:44:57,10.26,--,40,41081,卖盘
211,14:44:54,10.26,--,6,6156,卖盘
212,14:44:51,10.26,-0.01,1,1026,卖盘
213,14:44:48,10.27,--,70,71890,买盘
214,14:44:45,10.27,--,10,10270,买盘
215,14:44:42,10.27,--,25,25675,买盘
216,14:44:39,10.27,--,38,39026,买盘
217,14:44:33,10.27,--,50,51391,买盘
218,14:44:30,10.27,--,316,325517,卖盘
219,14:44:27,10.27,--,37,37999,卖盘
220,14:44:24,10.27,--,500,513500,卖盘
221,14:44:21,10.27,--,10,10270,卖盘
222,14:44:12,10.27,-0.01,140,143780,卖盘
223,14:44:09,10.28,0.01,16,16448,买盘
224,14:44:06,10.27,--,1,1027,卖盘
225,14:44:03,10.27,--,58,59607,卖盘
226,14:44:00,10.27,--,5,5135,卖盘
227,14:43:57,10.27,-0.01,4,4108,卖盘
228,14:43:54,10.28,0.01,2,2056,买盘
229,14:43:51,10.27,--,101,103727,卖盘
230,14:43:48,10.27,-0.01,80,82160,卖盘
231,14:43:45,10.28,0.01,5,5140,买盘
232,14:43:36,10.27,--,143,146861,卖盘
233,14:43:30,10.27,--,17,17459,卖盘
234,14:43:27,10.27,--,44,45229,卖盘
235,14:43:24,10.27,--,1,1027,卖盘
236,14:43:12,10.27,--,1,1027,卖盘
237,14:43:03,10.27,--,9,9243,卖盘
238,14:43:00,10.27,--,0,41,卖盘
239,14:42:54,10.27,--,20,20540,卖盘
240,14:42:51,10.27,--,40,41080,卖盘
241,14:42:45,10.27,-0.01,544,558688,卖盘
242,14:42:42,10.28,0.01,25,25700,买盘
243,14:42:39,10.27,--,4,4108,卖盘
244,14:42:36,10.27,-0.01,1,1068,卖盘
245,14:42:33,10.28,--,79,81212,买盘
246,14:42:30,10.28,--,16,16448,买盘
247,14:42:24,10.28,--,300,308400,买盘
248,14:42:18,10.28,0.01,4,4112,买盘
249,14:42:12,10.27,--,13,13351,卖盘
250,14:42:06,10.27,--,27,27729,卖盘
251,14:42:03,10.27,-0.01,4,4108,卖盘
252,14:42:00,10.28,0.01,45,46260,买盘
253,14:41:57,10.27,-0.01,19,19533,卖盘
254,14:41:54,10.28,0.01,9,9252,买盘
255,14:41:51,10.27,--,2,2054,卖盘
256,14:41:48,10.27,--,20,20540,卖盘
257,14:41:45,10.27,--,100,102700,卖盘
258,14:41:42,10.27,--,255,261885,买盘
259,14:41:36,10.27,--,19,19513,买盘
260,14:41:30,10.27,--,99,101673,买盘
261,14:41:27,10.27,--,10,10270,买盘
262,14:41:21,10.27,0.01,10,10290,买盘
263,14:41:15,10.26,-0.01,1,1026,卖盘
264,14:41:12,10.27,0.01,111,113997,买盘
265,14:41:09,10.26,--,21,21546,卖盘
266,14:41:06,10.26,-0.01,21,21546,卖盘
267,14:41:03,10.27,0.01,6,6162,买盘
268,14:41:00,10.26,-0.01,12,12312,卖盘
269,14:40:54,10.27,0.01,100,102720,买盘
270,14:40:48,10.26,--,10,10260,卖盘
271,14:40:42,10.26,-0.01,3,3078,卖盘
272,14:40:39,10.27,0.01,155,159185,买盘
273,14:40:33,10.26,--,3,3078,卖盘
274,14:40:30,10.26,--,2,2052,卖盘
275,14:40:27,10.26,--,128,131328,卖盘
276,14:40:24,10.26,-0.01,1,1026,卖盘
277,14:40:21,10.27,0.01,85,87295,中性盘
278,14:40:12,10.26,-0.02,176,180576,卖盘
279,14:40:09,10.28,0.01,28,28784,买盘
280,14:40:06,10.27,--,20,20540,卖盘
281,14:40:03,10.27,--,92,94484,买盘
282,14:40:00,10.27,0.02,5,5135,买盘
283,14:39:48,10.25,-0.01,58,59450,卖盘
284,14:39:45,10.26,--,17,18273,买盘
285,14:39:42,10.26,--,33,33858,买盘
286,14:39:39,10.26,--,103,105678,买盘
287,14:39:36,10.26,--,130,133410,买盘
288,14:39:33,10.26,--,48,49248,买盘
289,14:39:30,10.26,0.01,159,163134,买盘
290,14:39:27,10.25,-0.01,93,95325,卖盘
291,14:39:24,10.26,--,80,82080,买盘
292,14:39:18,10.26,--,132,135432,买盘
293,14:39:15,10.26,--,31,31806,买盘
294,14:39:12,10.26,0.01,289,296514,买盘
295,14:39:09,10.25,-0.01,35,35875,卖盘
296,14:39:06,10.26,--,1,1026,买盘
297,14:39:03,10.26,0.01,341,349866,买盘
298,14:39:00,10.25,-0.01,800,820000,卖盘
299,14:38:57,10.26,0.01,9,9234,买盘
300,14:38:54,10.25,-0.01,1,1025,卖盘
301,14:38:48,10.26,--,15,15390,买盘
302,14:38:45,10.26,--,156,160250,卖盘
303,14:38:42,10.26,--,74,76755,买盘
304,14:38:39,10.26,--,400,410400,买盘
305,14:38:33,10.26,--,69,70988,卖盘
306,14:38:30,10.26,-0.01,350,359120,卖盘
307,14:38:21,10.27,--,5,5135,卖盘
308,14:38:18,10.27,--,10,10270,卖盘
309,14:38:12,10.27,--,8,8216,卖盘
310,14:38:09,10.27,--,17,17459,卖盘
311,14:38:06,10.27,--,40,41080,卖盘
312,14:38:03,10.27,--,1,1027,卖盘
313,14:37:57,10.27,--,2,2054,卖盘
314,14:37:54,10.27,--,4,4108,卖盘
315,14:37:48,10.27,--,20,20540,卖盘
316,14:37:42,10.27,--,10,10270,卖盘
317,14:37:33,10.27,-0.01,62,63694,卖盘
318,14:37:27,10.28,0.01,64,65792,买盘
319,14:37:24,10.27,0.01,5,5135,卖盘
320,14:37:21,10.26,--,13,13338,卖盘
321,14:37:12,10.26,--,5,5130,卖盘
322,14:37:09,10.26,--,13,13338,卖盘
323,14:37:03,10.26,-0.02,4,4104,卖盘
324,14:37:00,10.28,0.02,15,15419,买盘
325,14:36:57,10.26,-0.01,6,6156,卖盘
326,14:36:54,10.27,-0.01,3,4087,卖盘
327,14:36:51,10.28,0.01,22,22616,买盘
328,14:36:42,10.27,--,14,14378,卖盘
329,14:36:39,10.27,--,1,1027,卖盘
330,14:36:36,10.27,--,27,27729,卖盘
331,14:36:33,10.27,--,17,17459,卖盘
332,14:36:30,10.27,--,50,51370,卖盘
333,14:36:27,10.27,--,4,4108,卖盘
334,14:36:24,10.27,-0.01,4,4108,卖盘
335,14:36:18,10.28,0.01,54,55512,买盘
336,14:36:15,10.27,--,18,18486,卖盘
337,14:36:12,10.27,--,11,11297,卖盘
338,14:36:09,10.27,--,66,67782,卖盘
339,14:36:06,10.27,--,5,5135,卖盘
340,14:36:03,10.27,--,2,2054,卖盘
341,14:35:57,10.27,--,6,6162,卖盘
342,14:35:54,10.27,--,4,4108,卖盘
343,14:35:45,10.27,0.01,5,5135,卖盘
344,14:35:42,10.26,-0.01,15,15390,卖盘
345,14:35:36,10.27,0.01,8,8216,买盘
346,14:35:33,10.26,--,26,26676,卖盘
347,14:35:30,10.26,--,76,77976,卖盘
348,14:35:27,10.26,--,22,22592,卖盘
349,14:35:24,10.26,--,53,54378,卖盘
350,14:35:21,10.26,--,50,51300,卖盘
351,14:35:15,10.26,--,10,10260,卖盘
352,14:35:12,10.26,--,54,56173,卖盘
353,14:35:09,10.26,-0.01,300,307800,卖盘
354,14:35:06,10.27,--,1,1027,买盘
355,14:34:57,10.27,-0.01,59,60849,卖盘
356,14:34:54,10.28,--,117,120275,买盘
357,14:34:48,10.28,0.01,60,61700,买盘
358,14:34:45,10.27,--,80,82909,卖盘
359,14:34:42,10.27,-0.01,6,6162,卖盘
360,14:34:36,10.28,0.01,24,24672,买盘
361,14:34:33,10.27,--,34,34918,卖盘
362,14:34:27,10.27,--,9,9243,卖盘
363,14:34:24,10.27,0.01,10,10270,买盘
364,14:34:21,10.26,-0.01,88,90288,卖盘
365,14:34:15,10.27,0.01,20,20540,买盘
366,14:34:12,10.26,-0.01,5,5150,卖盘
367,14:34:03,10.27,0.01,11,11297,买盘
368,14:34:00,10.26,-0.01,24,24624,卖盘
369,14:33:57,10.27,0.01,46,47242,买盘
370,14:33:54,10.26,--,1,1026,卖盘
371,14:33:51,10.26,--,5,5130,卖盘
372,14:33:48,10.26,--,11,11286,卖盘
373,14:33:45,10.26,--,1,1026,卖盘
374,14:33:42,10.26,--,4,4104,卖盘
375,14:33:36,10.26,--,4,4104,卖盘
376,14:33:33,10.26,--,29,29754,卖盘
377,14:33:24,10.26,--,8,8208,卖盘
378,14:33:21,10.26,--,0,20,卖盘
379,14:33:18,10.26,--,33,33858,卖盘
380,14:33:15,10.26,-0.01,150,153900,卖盘
381,14:33:12,10.27,-0.01,22,22594,卖盘
382,14:33:09,10.28,--,30,30839,买盘
383,14:33:06,10.28,0.02,11,11308,买盘
384,14:33:03,10.26,-0.02,11,11286,卖盘
385,14:32:57,10.28,0.02,97,99716,买盘
386,14:32:54,10.26,--,11,11286,卖盘
387,14:32:51,10.26,--,59,60534,卖盘
388,14:32:42,10.26,-0.01,74,76026,卖盘
389,14:32:36,10.27,0.01,0,20,中性盘
390,14:32:33,10.26,-0.02,108,110808,卖盘
391,14:32:30,10.28,-0.01,359,370018,卖盘
392,14:32:27,10.29,0.01,30,30869,买盘
393,14:32:24,10.28,0.02,640,657981,买盘
394,14:32:18,10.26,--,45,46170,卖盘
395,14:32:15,10.26,--,800,820800,卖盘
396,14:32:12,10.26,-0.01,78,80028,卖盘
397,14:32:09,10.27,--,449,462088,卖盘
398,14:32:03,10.27,--,36,36972,卖盘
399,14:32:00,10.27,-0.01,8,8216,卖盘
400,14:31:57,10.28,0.01,8,8224,买盘
401,14:31:54,10.27,--,75,77025,卖盘
402,14:31:51,10.27,-0.01,33,33891,卖盘
403,14:31:48,10.28,--,6,6188,买盘
404,14:31:45,10.28,--,353,362884,卖盘
405,14:31:42,10.28,0.01,143,147004,买盘
406,14:31:33,10.27,--,71,72917,卖盘
407,14:31:27,10.27,-0.01,1,1027,卖盘
408,14:31:24,10.28,0.01,33,33924,买盘
409,14:31:21,10.27,-0.01,109,111943,卖盘
410,14:31:18,10.28,0.01,61,62707,中性盘
411,14:31:12,10.27,-0.01,26,26702,卖盘
412,14:31:09,10.28,0.01,34,34952,买盘
413,14:31:03,10.27,--,85,87295,卖盘
414,14:31:00,10.27,-0.01,85,87295,卖盘
415,14:30:57,10.28,--,86,88408,买盘
416,14:30:54,10.28,--,61,62707,买盘
417,14:30:51,10.28,0.01,56,57568,买盘
418,14:30:48,10.27,--,4,4108,卖盘
419,14:30:45,10.27,--,55,56485,卖盘
420,14:30:42,10.27,--,6,6162,卖盘
421,14:30:39,10.27,-0.01,3,3081,卖盘
422,14:30:36,10.28,--,22,22616,买盘
423,14:30:30,10.28,0.01,15,15419,买盘
424,14:30:27,10.27,--,0,20,卖盘
425,14:30:24,10.27,--,2,2054,卖盘
426,14:30:18,10.27,--,0,20,卖盘
427,14:30:12,10.27,-0.01,11,11297,卖盘
428,14:30:06,10.28,--,1,1028,买盘
429,14:30:03,10.28,--,73,75044,中性盘
430,14:30:00,10.28,-0.01,1,1028,卖盘
431,14:29:57,10.29,0.02,100,102899,买盘
432,14:29:54,10.27,-0.02,138,141726,卖盘
433,14:29:51,10.29,0.01,16,16464,买盘
434,14:29:48,10.28,--,10,10280,卖盘
435,14:29:45,10.28,--,398,409144,卖盘
436,14:29:42,10.28,-0.01,526,540728,卖盘
437,14:29:39,10.29,0.01,20,20580,买盘
438,14:29:33,10.28,--,32,32896,卖盘
439,14:29:30,10.28,--,3,3084,卖盘
440,14:29:27,10.28,--,45,46260,卖盘
441,14:29:24,10.28,-0.01,37,38036,卖盘
442,14:29:21,10.29,0.01,54,55565,买盘
443,14:29:15,10.28,--,9,9252,卖盘
444,14:29:12,10.28,--,82,84296,卖盘
445,14:29:09,10.28,-0.01,150,154200,卖盘
446,14:29:03,10.29,0.01,48,49391,买盘
447,14:28:57,10.28,--,0,20,卖盘
448,14:28:54,10.28,--,45,46260,卖盘
449,14:28:51,10.28,-0.01,106,108968,卖盘
450,14:28:45,10.29,0.01,1,1029,买盘
451,14:28:42,10.28,-0.01,28,28784,卖盘
452,14:28:39,10.29,--,5,5145,买盘
453,14:28:36,10.29,0.01,22,22637,买盘
454,14:28:33,10.28,--,15,15419,卖盘
455,14:28:30,10.28,--,1,1028,卖盘
456,14:28:27,10.28,--,20,20560,卖盘
457,14:28:24,10.28,-0.01,61,62707,卖盘
458,14:28:21,10.29,--,20,20580,买盘
459,14:28:15,10.29,0.01,374,384866,买盘
460,14:28:12,10.28,-0.01,33,33924,卖盘
461,14:28:09,10.29,--,34,34986,买盘
462,14:28:06,10.29,0.01,1,1029,买盘
463,14:28:03,10.28,-0.01,20,20560,卖盘
464,14:27:57,10.29,0.01,10,10290,买盘
465,14:27:54,10.28,-0.01,7,7196,卖盘
466,14:27:51,10.29,0.01,21,21609,买盘
467,14:27:48,10.28,--,89,91492,卖盘
468,14:27:45,10.28,--,33,33924,卖盘
469,14:27:42,10.28,--,9,9252,卖盘
470,14:27:39,10.28,--,24,24692,卖盘
471,14:27:33,10.28,--,10,10280,卖盘
472,14:27:30,10.28,-0.01,19,19532,卖盘
473,14:27:27,10.29,0.01,10,10290,买盘
474,14:27:24,10.28,--,32,32896,卖盘
475,14:27:21,10.28,-0.01,8,8224,卖盘
476,14:27:18,10.29,0.01,105,108044,买盘
477,14:27:12,10.28,--,38,39064,卖盘
478,14:27:09,10.28,-0.01,16,16448,卖盘
479,14:27:06,10.29,0.01,54,55565,买盘
480,14:27:03,10.28,--,34,34952,卖盘
481,14:27:00,10.28,--,6,6168,卖盘
482,14:26:57,10.28,-0.01,0,20,卖盘
483,14:26:54,10.29,--,44,45275,买盘
484,14:26:51,10.29,0.01,40,41160,买盘
485,14:26:42,10.28,--,26,26728,卖盘
486,14:26:36,10.28,--,4,4112,卖盘
487,14:26:33,10.28,--,6,6168,卖盘
488,14:26:24,10.28,--,11,11308,卖盘
489,14:26:21,10.28,--,28,28784,卖盘
490,14:26:18,10.28,--,1,1028,卖盘
491,14:26:15,10.28,--,29,29811,卖盘
492,14:26:12,10.28,0.01,41,42148,买盘
493,14:26:03,10.27,--,48,49296,卖盘
494,14:25:54,10.27,--,17,17459,卖盘
495,14:25:45,10.27,-0.02,0,20,卖盘
496,14:25:42,10.29,0.01,82,84378,买盘
497,14:25:39,10.28,--,1,1028,买盘
498,14:25:33,10.28,--,91,93548,买盘
499,14:25:30,10.28,0.01,6,6168,买盘
500,14:25:27,10.27,--,0,20,卖盘
501,14:25:24,10.27,-0.01,46,47242,卖盘
502,14:25:21,10.28,0.01,200,205600,买盘
503,14:25:18,10.27,--,151,155077,卖盘
504,14:25:12,10.27,-0.01,46,47242,卖盘
505,14:25:09,10.28,0.01,105,107940,买盘
506,14:25:06,10.27,--,27,27729,卖盘
507,14:25:03,10.27,--,51,52377,卖盘
508,14:24:57,10.27,--,1,1027,卖盘
509,14:24:54,10.27,--,4,4108,卖盘
510,14:24:42,10.27,--,29,29783,卖盘
511,14:24:39,10.27,--,153,157151,卖盘
512,14:24:33,10.27,--,38,39026,卖盘
513,14:24:24,10.27,--,19,19513,卖盘
514,14:24:18,10.27,--,100,102700,卖盘
515,14:24:15,10.27,-0.01,4,4108,卖盘
516,14:24:12,10.28,--,27,27756,买盘
517,14:24:09,10.28,0.01,98,100744,买盘
518,14:24:06,10.27,-0.01,1,1027,卖盘
519,14:24:03,10.28,0.01,77,79156,买盘
520,14:23:51,10.27,--,13,13351,卖盘
521,14:23:48,10.27,--,10,10270,卖盘
522,14:23:42,10.27,--,20,20540,卖盘
523,14:23:39,10.27,-0.01,75,77025,卖盘
524,14:23:33,10.28,0.01,54,55512,中性盘
525,14:23:24,10.27,--,22,22614,卖盘
526,14:23:21,10.27,-0.02,53,54431,卖盘
527,14:23:15,10.29,0.02,300,308700,买盘
528,14:23:09,10.27,--,25,25675,卖盘
529,14:23:06,10.27,--,4,4128,卖盘
530,14:23:03,10.27,-0.02,18,18486,卖盘
531,14:23:00,10.29,--,1,1029,买盘
532,14:22:54,10.29,0.02,46,47333,买盘
533,14:22:51,10.27,-0.01,24,25613,卖盘
534,14:22:48,10.28,0.01,20,20621,买盘
535,14:22:45,10.27,--,15,15405,卖盘
536,14:22:42,10.27,--,24,24648,卖盘
537,14:22:39,10.27,-0.01,27,28694,卖盘
538,14:22:36,10.28,--,51,52428,卖盘
539,14:22:33,10.28,-0.01,66,67848,卖盘
540,14:22:30,10.29,0.01,44,45275,买盘
541,14:22:27,10.28,0.02,410,421541,买盘
542,14:22:21,10.26,-0.01,31,31806,卖盘
543,14:22:18,10.27,0.01,58,59566,买盘
544,14:22:12,10.26,--,26,26676,卖盘
545,14:22:09,10.26,--,53,54378,卖盘
546,14:22:03,10.26,--,66,67736,卖盘
547,14:22:00,10.26,--,30,30780,卖盘
548,14:21:54,10.26,--,40,41040,卖盘
549,14:21:51,10.26,-0.01,1,1026,卖盘
550,14:21:48,10.27,--,50,51350,卖盘
551,14:21:45,10.27,--,22,22594,卖盘
552,14:21:42,10.27,--,167,171509,卖盘
553,14:21:39,10.27,--,25,25675,卖盘
554,14:21:33,10.27,-0.01,4,4108,卖盘
555,14:21:30,10.28,0.01,4,4112,买盘
556,14:21:24,10.27,--,10,10270,卖盘
557,14:21:21,10.27,-0.01,9,9243,卖盘
558,14:21:18,10.28,--,10,10300,买盘
559,14:21:15,10.28,0.01,20,20560,买盘
560,14:21:12,10.27,--,28,28756,卖盘
561,14:21:06,10.27,-0.01,2,2054,卖盘
562,14:21:03,10.28,0.01,29,29811,买盘
563,14:21:00,10.27,-0.01,1,1027,卖盘
564,14:20:54,10.28,--,56,57568,买盘
565,14:20:51,10.28,0.01,22,22616,买盘
566,14:20:42,10.27,--,22,22594,卖盘
567,14:20:39,10.27,-0.01,25,25675,卖盘
568,14:20:33,10.28,--,73,76010,卖盘
569,14:20:30,10.28,--,69,70932,卖盘
570,14:20:24,10.28,--,42,43176,卖盘
571,14:20:21,10.28,--,100,102820,卖盘
572,14:20:12,10.28,--,165,169620,卖盘
573,14:20:09,10.28,--,75,77100,卖盘
574,14:20:06,10.28,-0.01,100,102800,卖盘
575,14:20:03,10.29,0.01,64,65876,买盘
576,14:20:00,10.28,--,5,5140,卖盘
577,14:19:54,10.28,--,27,27756,卖盘
578,14:19:51,10.28,--,104,106912,卖盘
579,14:19:42,10.28,--,26,26728,卖盘
580,14:19:39,10.28,--,30,30839,卖盘
581,14:19:36,10.28,-0.01,125,128499,卖盘
582,14:19:33,10.29,--,148,152292,买盘
583,14:19:30,10.29,0.01,12,12347,买盘
584,14:19:27,10.28,-0.01,50,51400,卖盘
585,14:19:24,10.29,--,213,219176,买盘
586,14:19:21,10.29,0.01,5,5145,买盘
587,14:19:15,10.28,--,42,43196,卖盘
588,14:19:12,10.28,--,45,46260,卖盘
589,14:19:09,10.28,--,122,125415,卖盘
590,14:19:06,10.28,--,36,37008,卖盘
591,14:19:03,10.28,--,103,105884,卖盘
592,14:19:00,10.28,--,19,19532,卖盘
593,14:18:57,10.28,-0.01,30,30839,卖盘
594,14:18:54,10.29,0.01,36,37044,买盘
595,14:18:51,10.28,--,33,33924,卖盘
596,14:18:48,10.28,--,8,8224,卖盘
597,14:18:45,10.28,-0.01,4,4112,卖盘
598,14:18:39,10.29,0.01,49,50420,买盘
599,14:18:30,10.28,--,3,3084,卖盘
600,14:18:24,10.28,-0.01,1,1028,卖盘
601,14:18:21,10.29,0.01,20,20580,买盘
602,14:18:15,10.28,--,20,20560,卖盘
603,14:18:12,10.28,0.01,35,36000,中性盘
604,14:18:09,10.27,-0.01,47,48269,卖盘
605,14:18:03,10.28,--,9,9252,卖盘
606,14:18:00,10.28,--,37,38036,卖盘
607,14:17:51,10.28,--,23,24075,买盘
608,14:17:42,10.28,--,1,1644,卖盘
609,14:17:39,10.28,--,50,51400,卖盘
610,14:17:36,10.28,--,165,169620,卖盘
611,14:17:30,10.28,-0.01,7,7196,卖盘
612,14:17:27,10.29,--,5,5145,买盘
613,14:17:24,10.29,0.01,36,37044,买盘
614,14:17:21,10.28,--,6,6168,卖盘
615,14:17:15,10.28,--,4,4112,卖盘
616,14:17:12,10.28,--,12,12336,卖盘
617,14:17:09,10.28,-0.01,25,25700,卖盘
618,14:17:06,10.29,0.01,1,1029,买盘
619,14:17:03,10.28,-0.01,20,20560,卖盘
620,14:17:00,10.29,0.01,34,34986,买盘
621,14:16:57,10.28,-0.01,20,20560,卖盘
622,14:16:54,10.29,--,4,4116,买盘
623,14:16:51,10.29,0.01,58,59681,买盘
624,14:16:48,10.28,0.01,6,6579,买盘
625,14:16:45,10.27,--,20,20540,卖盘
626,14:16:42,10.27,--,76,78052,卖盘
627,14:16:39,10.27,--,32,32864,卖盘
628,14:16:36,10.27,--,0,30,卖盘
629,14:16:30,10.27,--,302,310154,卖盘
630,14:16:27,10.27,-0.01,8,8216,卖盘
631,14:16:24,10.28,0.01,2,2056,买盘
632,14:16:21,10.27,--,10,10290,卖盘
633,14:16:12,10.27,--,25,25675,卖盘
634,14:16:09,10.27,-0.01,25,25675,卖盘
635,14:16:03,10.28,--,130,134256,卖盘
636,14:16:00,10.28,-0.01,29,29811,卖盘
637,14:15:57,10.29,--,5,5145,买盘
638,14:15:54,10.29,0.01,70,72030,买盘
639,14:15:51,10.28,-0.01,104,106912,卖盘
640,14:15:48,10.29,0.01,22,22637,买盘
641,14:15:42,10.28,--,132,135696,卖盘
642,14:15:39,10.28,--,225,231300,卖盘
643,14:15:36,10.28,-0.01,100,102820,卖盘
644,14:15:30,10.29,0.01,555,571095,买盘
645,14:15:24,10.28,--,29,29811,卖盘
646,14:15:21,10.28,--,5,5140,卖盘
647,14:15:12,10.28,--,5,5140,卖盘
648,14:15:09,10.28,--,25,25700,卖盘
649,14:15:00,10.28,--,4,4112,卖盘
650,14:14:57,10.28,--,1,1028,卖盘
651,14:14:54,10.28,--,23,23644,卖盘
652,14:14:51,10.28,-0.01,20,20560,卖盘
653,14:14:48,10.29,0.01,3,3107,买盘
654,14:14:45,10.28,--,5,5140,卖盘
655,14:14:42,10.28,--,32,32896,卖盘
656,14:14:39,10.28,--,57,58595,卖盘
657,14:14:33,10.28,0.01,0,370,中性盘
658,14:14:30,10.27,-0.01,8,8216,卖盘
659,14:14:24,10.28,0.01,23,23644,买盘
660,14:14:21,10.27,--,10,10270,卖盘
661,14:14:18,10.27,-0.02,5,5135,卖盘
662,14:14:15,10.29,0.02,44,45275,买盘
663,14:14:12,10.27,--,1,1027,卖盘
664,14:14:09,10.27,-0.02,25,25675,卖盘
665,14:14:06,10.29,--,1,1029,买盘
666,14:14:00,10.29,--,6,6173,买盘
667,14:13:54,10.29,0.02,6,6173,买盘
668,14:13:51,10.27,--,6,6162,卖盘
669,14:13:45,10.27,0.01,16,16432,买盘
670,14:13:42,10.26,-0.01,1,1046,卖盘
671,14:13:39,10.27,-0.01,26,26702,卖盘
672,14:13:36,10.28,--,39,40092,卖盘
673,14:13:30,10.28,--,23,23644,卖盘
674,14:13:27,10.28,-0.01,5,5140,卖盘
675,14:13:24,10.29,0.01,37,38073,买盘
676,14:13:21,10.28,0.01,111,114108,买盘
677,14:13:15,10.27,-0.01,2,2054,卖盘
678,14:13:12,10.28,0.02,42,43176,买盘
679,14:13:09,10.26,--,55,56450,卖盘
680,14:13:00,10.26,-0.01,80,82080,卖盘
681,14:12:57,10.27,-0.01,48,49296,卖盘
682,14:12:54,10.28,-0.01,1,1028,卖盘
683,14:12:51,10.29,0.01,10,10290,买盘
684,14:12:48,10.28,--,522,536616,卖盘
685,14:12:45,10.28,--,0,20,卖盘
686,14:12:42,10.28,--,11,11308,卖盘
687,14:12:39,10.28,-0.01,24,24672,卖盘
688,14:12:36,10.29,0.01,1,1029,买盘
689,14:12:30,10.28,--,8,8224,卖盘
690,14:12:21,10.28,-0.01,11,11308,卖盘
691,14:12:18,10.29,--,4,4116,买盘
692,14:12:15,10.29,-0.01,39,41139,卖盘
693,14:12:12,10.3,0.02,15,15470,买盘
694,14:12:09,10.28,-0.02,57,58595,卖盘
695,14:12:06,10.3,--,1,1030,买盘
696,14:12:00,10.3,0.01,50,51500,买盘
697,14:11:57,10.29,-0.01,10,10290,卖盘
698,14:11:51,10.3,0.01,13,13390,买盘
699,14:11:48,10.29,--,36,37044,买盘
700,14:11:45,10.29,0.01,10,10290,买盘
701,14:11:42,10.28,--,0,20,卖盘
702,14:11:39,10.28,-0.01,41,42148,卖盘
703,14:11:36,10.29,0.01,4,4116,买盘
704,14:11:33,10.28,0.01,1,1028,中性盘
705,14:11:30,10.27,-0.01,15,15405,卖盘
706,14:11:21,10.28,-0.02,56,57588,买盘
707,14:11:18,10.3,0.02,44,45320,买盘
708,14:11:09,10.28,--,363,373164,卖盘
709,14:11:03,10.28,--,1,1028,卖盘
710,14:11:00,10.28,0.01,99,101772,卖盘
711,14:10:54,10.27,--,0,20,卖盘
712,14:10:51,10.27,-0.01,310,318370,卖盘
713,14:10:48,10.28,--,7,7196,卖盘
714,14:10:39,10.28,--,74,76072,卖盘
715,14:10:36,10.28,-0.01,350,359800,卖盘
716,14:10:33,10.29,--,106,109073,卖盘
717,14:10:30,10.29,-0.01,24,24695,卖盘
718,14:10:24,10.3,--,50,51500,买盘
719,14:10:21,10.3,--,74,76240,买盘
720,14:10:15,10.3,--,37,38110,买盘
721,14:10:12,10.3,0.01,4,4120,买盘
722,14:10:09,10.29,-0.01,164,168756,卖盘
723,14:10:00,10.3,0.01,63,64890,买盘
724,14:09:57,10.29,-0.01,33,33957,卖盘
725,14:09:51,10.3,0.01,9,9270,买盘
726,14:09:48,10.29,--,0,20,卖盘
727,14:09:39,10.29,--,26,26753,卖盘
728,14:09:30,10.29,-0.01,6,6173,卖盘
729,14:09:24,10.3,0.01,8,8240,买盘
730,14:09:21,10.29,--,41,42209,卖盘
731,14:09:15,10.29,-0.01,47,48362,卖盘
732,14:09:12,10.3,0.01,92,94760,买盘
733,14:09:09,10.29,-0.01,133,136857,卖盘
734,14:09:06,10.3,0.01,6,6180,买盘
735,14:09:00,10.29,-0.01,15,15434,卖盘
736,14:08:51,10.3,--,12,12360,买盘
737,14:08:48,10.3,--,15,15470,买盘
738,14:08:45,10.3,0.01,10,10300,买盘
739,14:08:42,10.29,--,8,8232,卖盘
740,14:08:39,10.29,-0.01,26,26753,卖盘
741,14:08:36,10.3,0.01,4,4120,买盘
742,14:08:33,10.29,--,1,1029,卖盘
743,14:08:30,10.29,-0.01,6,6173,卖盘
744,14:08:24,10.3,0.01,28,28840,买盘
745,14:08:21,10.29,--,7,7202,卖盘
746,14:08:15,10.29,--,0,20,卖盘
747,14:08:12,10.29,--,25,25724,卖盘
748,14:08:09,10.29,-0.01,19,19551,卖盘
749,14:08:03,10.3,0.01,48,49440,买盘
750,14:08:00,10.29,-0.01,2,2058,卖盘
751,14:07:57,10.3,--,11,11330,买盘
752,14:07:54,10.3,0.01,15,15450,买盘
753,14:07:51,10.29,--,9,9261,卖盘
754,14:07:48,10.29,--,0,20,卖盘
755,14:07:39,10.29,-0.01,48,49391,卖盘
756,14:07:33,10.3,0.01,5,5150,买盘
757,14:07:30,10.29,-0.01,5,5145,卖盘
758,14:07:27,10.3,0.01,25,25750,买盘
759,14:07:21,10.29,-0.01,10,10310,卖盘
760,14:07:18,10.3,--,10,10300,买盘
761,14:07:15,10.3,0.01,3,3090,买盘
762,14:07:09,10.29,--,62,63797,卖盘
763,14:07:03,10.29,--,9,9261,卖盘
764,14:07:00,10.29,-0.01,32,32928,卖盘
765,14:06:54,10.3,--,16,16480,卖盘
766,14:06:51,10.3,-0.01,79,81370,卖盘
767,14:06:48,10.31,0.01,61,62891,买盘
768,14:06:45,10.3,--,60,61820,卖盘
769,14:06:39,10.3,--,39,40170,卖盘
770,14:06:36,10.3,--,4,4120,卖盘
771,14:06:33,10.3,--,23,23690,卖盘
772,14:06:30,10.3,--,17,17510,卖盘
773,14:06:27,10.3,--,6,6180,卖盘
774,14:06:24,10.3,--,8,8240,卖盘
775,14:06:21,10.3,-0.01,21,21650,卖盘
776,14:06:18,10.31,0.01,32,32992,买盘
777,14:06:15,10.3,--,11,11330,卖盘
778,14:06:12,10.3,--,64,65920,卖盘
779,14:06:09,10.3,--,46,47380,卖盘
780,14:06:06,10.3,--,36,37080,卖盘
781,14:06:03,10.3,--,67,69010,卖盘
782,14:06:00,10.3,--,63,64890,卖盘
783,14:05:54,10.3,--,16,16480,卖盘
784,14:05:51,10.3,--,60,61820,卖盘
785,14:05:48,10.3,--,25,25750,卖盘
786,14:05:45,10.3,--,38,39140,卖盘
787,14:05:42,10.3,--,50,51500,卖盘
788,14:05:39,10.3,--,36,37080,卖盘
789,14:05:33,10.3,--,2,2060,卖盘
790,14:05:30,10.3,--,18,18540,卖盘
791,14:05:27,10.3,--,35,36050,卖盘
792,14:05:21,10.3,--,70,72100,卖盘
793,14:05:15,10.3,--,10,10300,卖盘
794,14:05:09,10.3,--,73,75190,卖盘
795,14:05:06,10.3,-0.01,43,44290,卖盘
796,14:05:03,10.31,0.01,30,30930,买盘
797,14:05:00,10.3,-0.01,17,17510,卖盘
798,14:04:57,10.31,0.01,53,54643,买盘
799,14:04:54,10.3,-0.01,4,4120,卖盘
800,14:04:51,10.31,0.01,85,87635,买盘
801,14:04:48,10.3,--,20,20600,卖盘
802,14:04:45,10.3,-0.01,5,5150,卖盘
803,14:04:42,10.31,0.01,9,9279,买盘
804,14:04:39,10.3,--,90,92700,卖盘
805,14:04:36,10.3,--,2,2060,卖盘
806,14:04:30,10.3,-0.01,22,22660,卖盘
807,14:04:27,10.31,0.01,46,47426,买盘
808,14:04:24,10.3,--,33,33990,卖盘
809,14:04:21,10.3,--,30,30900,卖盘
810,14:04:18,10.3,--,59,60770,卖盘
811,14:04:15,10.3,--,10,10300,卖盘
812,14:04:12,10.3,--,20,20600,卖盘
813,14:04:09,10.3,--,135,139050,卖盘
814,14:04:06,10.3,--,1,1030,卖盘
815,14:04:03,10.3,0.01,95,97850,买盘
816,14:04:00,10.29,-0.01,151,155379,卖盘
817,14:03:57,10.3,--,13,13390,卖盘
818,14:03:54,10.3,0.01,97,99910,买盘
819,14:03:51,10.29,--,62,63797,卖盘
820,14:03:48,10.29,--,801,824228,卖盘
821,14:03:42,10.29,--,67,68943,卖盘
822,14:03:39,10.29,-0.01,36,37044,卖盘
823,14:03:36,10.3,--,10,10300,买盘
824,14:03:33,10.3,0.01,4,4120,买盘
825,14:03:30,10.29,-0.01,10,10290,卖盘
826,14:03:24,10.3,0.01,17,17510,买盘
827,14:03:21,10.29,--,17,17493,卖盘
828,14:03:18,10.29,--,34,34986,卖盘
829,14:03:15,10.29,-0.01,1,1029,卖盘
830,14:03:12,10.3,0.01,8,8240,买盘
831,14:03:09,10.29,-0.01,30,30869,卖盘
832,14:03:03,10.3,0.01,1,1030,买盘
833,14:03:00,10.29,--,7,7202,卖盘
834,14:02:54,10.29,--,1,1029,卖盘
835,14:02:51,10.29,-0.01,41,42189,中性盘
836,14:02:45,10.3,0.02,5,5150,买盘
837,14:02:39,10.28,-0.02,40,41120,卖盘
838,14:02:36,10.3,--,9,9270,买盘
839,14:02:33,10.3,0.02,12,12360,买盘
840,14:02:30,10.28,-0.02,82,84296,卖盘
841,14:02:27,10.3,0.01,1,1030,买盘
842,14:02:18,10.29,--,145,149205,卖盘
843,14:02:15,10.29,--,12,12347,卖盘
844,14:02:12,10.29,-0.01,389,400280,卖盘
845,14:02:09,10.3,0.01,223,229690,买盘
846,14:02:06,10.29,--,58,59681,卖盘
847,14:02:00,10.29,-0.01,6,6173,卖盘
848,14:01:57,10.3,0.01,9,9270,买盘
849,14:01:51,10.29,-0.01,27,27782,卖盘
850,14:01:48,10.3,0.01,10,10300,买盘
851,14:01:42,10.29,--,20,20580,卖盘
852,14:01:39,10.29,-0.01,41,42189,卖盘
853,14:01:30,10.3,--,98,100940,买盘
854,14:01:27,10.3,--,7,7210,买盘
855,14:01:24,10.3,--,14,14420,买盘
856,14:01:21,10.3,0.01,5,5150,买盘
857,14:01:18,10.29,-0.01,43,44246,卖盘
858,14:01:15,10.3,--,2,2060,买盘
859,14:01:12,10.3,--,40,41200,买盘
860,14:01:09,10.3,--,62,63860,买盘
861,14:01:06,10.3,0.01,20,20600,买盘
862,14:01:03,10.29,--,1,1029,卖盘
863,14:01:00,10.29,--,11,11318,卖盘
864,14:00:54,10.29,-0.01,17,17493,卖盘
865,14:00:51,10.3,0.01,8,8240,买盘
866,14:00:45,10.29,-0.01,5,5145,卖盘
867,14:00:42,10.3,0.01,4,4120,买盘
868,14:00:39,10.29,-0.01,25,25724,卖盘
869,14:00:36,10.3,--,1,1030,买盘
870,14:00:33,10.3,0.01,16,16480,买盘
871,14:00:30,10.29,--,14,14405,卖盘
872,14:00:21,10.29,--,24,24695,卖盘
873,14:00:18,10.29,-0.01,5,5145,卖盘
874,14:00:15,10.3,0.01,3,3090,买盘
875,14:00:09,10.29,--,60,61739,卖盘
876,14:00:03,10.29,--,100,102899,卖盘
877,14:00:00,10.29,-0.01,17,17493,卖盘
878,13:59:57,10.3,--,3,3090,买盘
879,13:59:54,10.3,--,27,27810,买盘
880,13:59:51,10.3,--,58,59740,买盘
881,13:59:48,10.3,--,31,31930,买盘
882,13:59:42,10.3,0.01,7,7210,买盘
883,13:59:39,10.29,-0.01,59,60710,卖盘
884,13:59:36,10.3,0.01,171,176130,买盘
885,13:59:33,10.29,-0.01,9,9261,卖盘
886,13:59:30,10.3,0.01,10,10300,买盘
887,13:59:27,10.29,-0.01,36,37044,卖盘
888,13:59:24,10.3,0.01,149,153470,买盘
889,13:59:21,10.29,-0.01,45,46304,卖盘
890,13:59:15,10.3,--,1,1030,买盘
891,13:59:12,10.3,0.01,220,226600,买盘
892,13:59:09,10.29,-0.01,29,29840,卖盘
893,13:59:00,10.3,--,17,17510,买盘
894,13:58:57,10.3,0.01,4,4120,买盘
895,13:58:51,10.29,--,1,1029,卖盘
896,13:58:48,10.29,--,15,15434,卖盘
897,13:58:39,10.29,-0.01,87,89522,卖盘
898,13:58:36,10.3,0.01,13,13390,买盘
899,13:58:30,10.29,-0.01,12,12347,卖盘
900,13:58:24,10.3,0.01,5,5150,买盘
901,13:58:21,10.29,--,34,34986,卖盘
902,13:58:18,10.29,-0.01,43,44246,卖盘
903,13:58:12,10.3,0.01,70,72100,买盘
904,13:58:09,10.29,--,78,80262,卖盘
905,13:58:06,10.29,-0.01,79,81291,卖盘
906,13:58:03,10.3,--,5,5150,买盘
907,13:58:00,10.3,--,124,127720,买盘
908,13:57:54,10.3,0.01,8,8240,买盘
909,13:57:51,10.29,--,5,5145,卖盘
910,13:57:48,10.29,-0.01,16,16464,卖盘
911,13:57:45,10.3,0.01,30,30900,买盘
912,13:57:39,10.29,--,37,38073,卖盘
913,13:57:36,10.29,-0.01,71,73059,卖盘
914,13:57:30,10.3,--,30,30900,买盘
915,13:57:27,10.3,--,54,55620,买盘
916,13:57:21,10.3,0.01,13,13390,买盘
917,13:57:18,10.29,--,4,4116,卖盘
918,13:57:09,10.29,--,29,29840,卖盘
919,13:57:03,10.29,-0.01,15,15434,卖盘
920,13:57:00,10.3,0.01,7,7210,买盘
921,13:56:57,10.29,--,7,7202,卖盘
922,13:56:54,10.29,--,7,7202,卖盘
923,13:56:48,10.29,-0.01,2,2058,卖盘
924,13:56:45,10.3,0.01,2,2060,买盘
925,13:56:42,10.29,--,1,1029,卖盘
926,13:56:39,10.29,-0.01,4,4116,卖盘
927,13:56:36,10.3,0.01,4,4120,买盘
928,13:56:30,10.29,--,4,4116,卖盘
929,13:56:27,10.29,--,10,10290,卖盘
930,13:56:18,10.29,-0.01,23,23666,卖盘
931,13:56:15,10.3,--,1,1030,买盘
932,13:56:12,10.3,0.01,117,120510,买盘
933,13:56:09,10.29,--,25,25724,卖盘
934,13:56:06,10.29,-0.01,10,10290,卖盘
935,13:56:03,10.3,--,1,1030,买盘
936,13:56:00,10.3,0.01,20,20600,买盘
937,13:55:54,10.29,--,1,1029,卖盘
938,13:55:51,10.29,-0.01,54,55565,卖盘
939,13:55:48,10.3,0.01,54,55620,买盘
940,13:55:42,10.29,0.01,243,250046,买盘
941,13:55:39,10.28,--,1,1028,卖盘
942,13:55:33,10.28,-0.01,4,4112,卖盘
943,13:55:30,10.29,--,11,11318,买盘
944,13:55:24,10.29,0.01,5,5145,买盘
945,13:55:18,10.28,-0.01,49,50372,卖盘
946,13:55:15,10.29,0.01,5,5145,买盘
947,13:55:12,10.28,--,61,62707,卖盘
948,13:55:09,10.28,-0.01,10,10280,卖盘
949,13:55:06,10.29,0.01,36,37044,买盘
950,13:55:00,10.28,--,34,34952,卖盘
951,13:54:57,10.28,--,20,20560,卖盘
952,13:54:54,10.28,-0.01,3,3084,卖盘
953,13:54:51,10.29,0.01,96,98783,买盘
954,13:54:48,10.28,--,134,137752,卖盘
955,13:54:45,10.28,--,16,16448,卖盘
956,13:54:42,10.28,--,74,76072,卖盘
957,13:54:39,10.28,-0.01,8,8224,卖盘
958,13:54:33,10.29,0.01,11,11318,买盘
959,13:54:27,10.28,--,5,5140,卖盘
960,13:54:24,10.28,-0.01,1,1028,卖盘
961,13:54:21,10.29,0.01,15,15434,买盘
962,13:54:18,10.28,--,6,6168,卖盘
963,13:54:15,10.28,--,50,51400,卖盘
964,13:54:12,10.28,-0.01,25,25700,卖盘
965,13:54:09,10.29,--,11,11318,买盘
966,13:54:03,10.29,0.01,7,7202,买盘
967,13:53:57,10.28,--,4,4112,卖盘
968,13:53:48,10.28,--,4,4112,卖盘
969,13:53:42,10.28,--,25,25700,卖盘
970,13:53:39,10.28,-0.01,18,18504,卖盘
971,13:53:36,10.29,--,5,5145,买盘
972,13:53:33,10.29,0.01,47,48362,买盘
973,13:53:27,10.28,--,32,32896,卖盘
974,13:53:21,10.28,--,13,13364,卖盘
975,13:53:18,10.28,--,9,9252,卖盘
976,13:53:12,10.28,--,24,24672,卖盘
977,13:53:09,10.28,-0.01,2,2056,卖盘
978,13:53:06,10.29,0.01,35,36015,买盘
979,13:52:57,10.28,--,12,12336,卖盘
980,13:52:54,10.28,-0.01,1,1028,卖盘
981,13:52:51,10.29,0.01,4,4116,买盘
982,13:52:48,10.28,-0.01,6,6168,卖盘
983,13:52:45,10.29,0.01,70,72030,买盘
984,13:52:42,10.28,-0.01,25,25700,卖盘
985,13:52:39,10.29,0.01,11,11318,买盘
986,13:52:36,10.28,-0.01,7,7196,卖盘
987,13:52:33,10.29,--,5,5145,买盘
988,13:52:30,10.29,--,5,5145,卖盘
989,13:52:27,10.29,-0.01,11,11318,卖盘
990,13:52:24,10.3,--,21,21630,买盘
991,13:52:21,10.3,--,10,10300,买盘
992,13:52:18,10.3,0.02,63,64890,买盘
993,13:52:12,10.28,-0.01,25,25700,卖盘
994,13:52:09,10.29,--,5,5145,卖盘
995,13:52:06,10.29,-0.01,11,11318,卖盘
996,13:52:03,10.3,0.01,17,17510,买盘
997,13:51:57,10.29,--,7,7202,卖盘
998,13:51:48,10.29,-0.01,37,38073,卖盘
999,13:51:45,10.3,0.01,5,5150,买盘
1000,13:51:42,10.29,0.01,24,24695,中性盘
1001,13:51:39,10.28,--,20,20560,卖盘
1002,13:51:36,10.28,-0.02,5,5140,卖盘
1003,13:51:33,10.3,0.01,200,206000,买盘
1004,13:51:30,10.29,--,11,11318,买盘
1005,13:51:27,10.29,--,14,14405,买盘
1006,13:51:21,10.29,0.01,5,5145,买盘
1007,13:51:18,10.28,--,67,68876,卖盘
1008,13:51:12,10.28,-0.02,376,386528,卖盘
1009,13:51:09,10.3,0.01,61,62830,买盘
1010,13:51:06,10.29,-0.01,12,12347,卖盘
1011,13:51:00,10.3,--,3,3090,买盘
1012,13:50:57,10.3,0.01,19,19570,买盘
1013,13:50:51,10.29,-0.01,30,30869,卖盘
1014,13:50:48,10.3,0.01,18,18540,买盘
1015,13:50:42,10.29,-0.01,26,26753,卖盘
1016,13:50:39,10.3,0.01,1,1030,买盘
1017,13:50:36,10.29,-0.01,10,10290,卖盘
1018,13:50:33,10.3,0.01,14,14420,买盘
1019,13:50:27,10.29,--,14,14405,卖盘
1020,13:50:24,10.29,--,53,54536,卖盘
1021,13:50:18,10.29,--,71,73059,卖盘
1022,13:50:12,10.29,--,24,24695,卖盘
1023,13:50:06,10.29,--,140,144060,卖盘
1024,13:50:00,10.29,--,8,8232,卖盘
1025,13:49:57,10.29,-0.01,94,96725,卖盘
1026,13:49:54,10.3,--,104,107120,买盘
1027,13:49:51,10.3,--,40,41200,买盘
1028,13:49:48,10.3,--,43,44290,买盘
1029,13:49:45,10.3,0.01,8,8240,买盘
1030,13:49:42,10.29,-0.01,25,25724,卖盘
1031,13:49:39,10.3,0.01,30,30900,买盘
1032,13:49:36,10.29,-0.01,249,256220,卖盘
1033,13:49:33,10.3,--,16,16480,买盘
1034,13:49:30,10.3,--,183,188490,卖盘
1035,13:49:27,10.3,--,18,18540,卖盘
1036,13:49:24,10.3,--,500,515000,卖盘
1037,13:49:18,10.3,--,14,14420,卖盘
1038,13:49:15,10.3,-0.01,25,25750,卖盘
1039,13:49:12,10.31,--,82,84542,买盘
1040,13:49:09,10.31,0.01,78,80418,买盘
1041,13:49:06,10.3,--,15,15450,卖盘
1042,13:49:00,10.3,--,4,4120,卖盘
1043,13:48:57,10.3,--,88,90640,卖盘
1044,13:48:54,10.3,--,9,9270,卖盘
1045,13:48:51,10.3,--,5,5150,卖盘
1046,13:48:48,10.3,--,69,71070,卖盘
1047,13:48:45,10.3,--,51,52530,卖盘
1048,13:48:42,10.3,0.01,386,398404,买盘
1049,13:48:39,10.29,--,74,76146,卖盘
1050,13:48:36,10.29,-0.01,368,378671,卖盘
1051,13:48:33,10.3,--,4,4120,买盘
1052,13:48:30,10.3,--,37,38110,买盘
1053,13:48:27,10.3,--,373,384190,买盘
1054,13:48:24,10.3,--,20,20600,买盘
1055,13:48:21,10.3,--,20,20600,买盘
1056,13:48:18,10.3,--,8,8240,买盘
1057,13:48:15,10.3,0.01,14,14420,买盘
1058,13:48:12,10.29,-0.01,24,24695,卖盘
1059,13:48:09,10.3,0.01,1,1030,买盘
1060,13:48:06,10.29,--,25,25724,卖盘
1061,13:47:57,10.29,-0.01,28,28811,卖盘
1062,13:47:51,10.3,--,56,57680,买盘
1063,13:47:48,10.3,0.01,38,39140,买盘
1064,13:47:45,10.29,--,70,72030,卖盘
1065,13:47:42,10.29,-0.01,26,26753,卖盘
1066,13:47:39,10.3,0.01,189,195195,买盘
1067,13:47:36,10.29,--,4,4116,卖盘
1068,13:47:30,10.29,--,17,17493,卖盘
1069,13:47:27,10.29,--,5,5145,卖盘
1070,13:47:24,10.29,--,3,3086,卖盘
1071,13:47:18,10.29,-0.01,25,25724,卖盘
1072,13:47:15,10.3,0.01,8,8240,买盘
1073,13:47:12,10.29,--,60,61739,卖盘
1074,13:47:06,10.29,--,90,92609,卖盘
1075,13:47:00,10.29,--,1,1029,卖盘
1076,13:46:57,10.29,--,30,30869,卖盘
1077,13:46:54,10.29,-0.01,55,56594,卖盘
1078,13:46:51,10.3,0.01,510,525300,买盘
1079,13:46:48,10.29,--,9,9261,卖盘
1080,13:46:45,10.29,--,165,169785,卖盘
1081,13:46:42,10.29,--,92,94667,卖盘
1082,13:46:39,10.29,0.01,997,1025912,买盘
1083,13:46:36,10.28,-0.01,7,7196,卖盘
1084,13:46:33,10.29,0.01,4,4116,买盘
1085,13:46:27,10.28,-0.01,7,7196,卖盘
1086,13:46:21,10.29,--,41,42189,买盘
1087,13:46:18,10.29,0.01,35,36015,买盘
1088,13:46:15,10.28,--,15,15419,卖盘
1089,13:46:12,10.28,-0.01,25,25700,卖盘
1090,13:46:09,10.29,0.01,18,18522,买盘
1091,13:46:06,10.28,--,3,3084,卖盘
1092,13:46:03,10.28,-0.01,38,39064,卖盘
1093,13:46:00,10.29,0.01,5,5145,买盘
1094,13:45:57,10.28,--,22,22616,卖盘
1095,13:45:48,10.28,--,1,1028,卖盘
1096,13:45:45,10.28,--,51,52428,卖盘
1097,13:45:42,10.28,--,25,25700,卖盘
1098,13:45:39,10.28,--,39,40092,卖盘
1099,13:45:36,10.28,--,2,2056,卖盘
1100,13:45:33,10.28,--,274,281672,卖盘
1101,13:45:30,10.28,--,1,1028,卖盘
1102,13:45:27,10.28,--,2,2056,卖盘
1103,13:45:21,10.28,--,8,8224,卖盘
1104,13:45:15,10.28,--,17,17476,卖盘
1105,13:45:12,10.28,--,31,31867,卖盘
1106,13:45:09,10.28,--,40,41120,卖盘
1107,13:45:06,10.28,0.01,9,9252,卖盘
1108,13:44:57,10.27,-0.01,54,55458,卖盘
1109,13:44:54,10.28,--,6,6168,买盘
1110,13:44:51,10.28,--,8,8224,买盘
1111,13:44:48,10.28,--,286,294008,卖盘
1112,13:44:45,10.28,--,43,44204,卖盘
1113,13:44:42,10.28,--,25,25700,卖盘
1114,13:44:39,10.28,--,44,45232,卖盘
1115,13:44:36,10.28,-0.01,7,7196,卖盘
1116,13:44:30,10.29,0.01,37,38073,买盘
1117,13:44:27,10.28,--,10,10280,卖盘
1118,13:44:21,10.28,--,26,26728,卖盘
1119,13:44:15,10.28,--,13,13364,卖盘
1120,13:44:12,10.28,--,25,25700,卖盘
1121,13:44:06,10.28,--,57,58595,卖盘
1122,13:44:00,10.28,--,21,21947,卖盘
1123,13:43:57,10.28,-0.01,1,1028,卖盘
1124,13:43:51,10.29,0.01,15,15434,买盘
1125,13:43:45,10.28,-0.01,7,7196,卖盘
1126,13:43:42,10.29,0.01,29,29840,买盘
1127,13:43:36,10.28,--,1,1028,卖盘
1128,13:43:33,10.28,-0.01,10,10280,卖盘
1129,13:43:30,10.29,0.01,8,8232,买盘
1130,13:43:27,10.28,-0.01,6,6168,卖盘
1131,13:43:21,10.29,0.01,9,9261,买盘
1132,13:43:18,10.28,--,4,4112,卖盘
1133,13:43:15,10.28,--,1,1028,卖盘
1134,13:43:12,10.28,-0.01,24,24672,卖盘
1135,13:43:09,10.29,0.01,16,16464,买盘
1136,13:43:06,10.28,--,12,12336,卖盘
1137,13:43:03,10.28,--,61,62707,卖盘
1138,13:42:57,10.28,-0.01,4,4112,中性盘
1139,13:42:54,10.29,0.01,13,13376,买盘
1140,13:42:51,10.28,0.01,10,10280,买盘
1141,13:42:48,10.27,--,20,20540,卖盘
1142,13:42:42,10.27,0.01,25,25675,中性盘
1143,13:42:36,10.26,-0.01,106,108756,卖盘
1144,13:42:33,10.27,0.01,3,3081,买盘
1145,13:42:30,10.26,--,31,31806,卖盘
1146,13:42:27,10.26,--,671,688446,卖盘
1147,13:42:18,10.26,-0.02,14,14364,卖盘
1148,13:42:15,10.28,0.01,655,673340,买盘
1149,13:42:12,10.27,--,92,94484,卖盘
1150,13:42:06,10.27,--,1,1027,卖盘
1151,13:41:57,10.27,--,5,5135,卖盘
1152,13:41:51,10.27,--,1,1027,卖盘
1153,13:41:48,10.27,--,11,11297,卖盘
1154,13:41:42,10.27,-0.01,24,24648,卖盘
1155,13:41:39,10.28,0.01,4,4112,买盘
1156,13:41:36,10.27,--,1,1027,卖盘
1157,13:41:27,10.27,--,7,7189,卖盘
1158,13:41:18,10.27,--,2,2054,卖盘
1159,13:41:15,10.27,--,18,18486,卖盘
1160,13:41:12,10.27,--,25,25675,卖盘
1161,13:41:09,10.27,--,1,1027,卖盘
1162,13:41:06,10.27,--,13,13351,卖盘
1163,13:40:57,10.27,-0.01,37,37999,卖盘
1164,13:40:48,10.28,0.02,246,252887,买盘
1165,13:40:42,10.26,--,35,35910,卖盘
1166,13:40:36,10.26,--,3,3078,卖盘
1167,13:40:30,10.26,--,4,4104,卖盘
1168,13:40:27,10.26,--,16,16416,卖盘
1169,13:40:21,10.26,--,1,1026,卖盘
1170,13:40:18,10.26,--,4,4104,卖盘
1171,13:40:12,10.26,-0.01,24,24624,卖盘
1172,13:40:09,10.27,0.01,11,11297,买盘
1173,13:40:06,10.26,-0.01,8,8208,卖盘
1174,13:40:03,10.27,--,20,20540,买盘
1175,13:40:00,10.27,--,17,17459,卖盘
1176,13:39:57,10.27,-0.01,33,33891,卖盘
1177,13:39:54,10.28,--,2,2056,买盘
1178,13:39:48,10.28,0.01,65,66820,买盘
1179,13:39:45,10.27,--,20,20540,卖盘
1180,13:39:42,10.27,--,25,25675,卖盘
1181,13:39:36,10.27,-0.01,354,363558,卖盘
1182,13:39:33,10.28,0.01,6,6168,买盘
1183,13:39:27,10.27,--,2,2054,卖盘
1184,13:39:21,10.27,--,18,18486,卖盘
1185,13:39:15,10.27,--,14,14378,卖盘
1186,13:39:12,10.27,--,25,25675,卖盘
1187,13:39:06,10.27,-0.01,6,6162,卖盘
1188,13:39:03,10.28,0.01,31,31867,买盘
1189,13:38:57,10.27,--,6,6162,卖盘
1190,13:38:48,10.27,--,1,1027,卖盘
1191,13:38:45,10.27,--,2,2054,卖盘
1192,13:38:42,10.27,--,25,25675,卖盘
1193,13:38:36,10.27,-0.01,10,10270,卖盘
1194,13:38:30,10.28,0.01,7,7196,买盘
1195,13:38:27,10.27,--,14,14378,卖盘
1196,13:38:15,10.27,--,24,24648,卖盘
1197,13:38:12,10.27,--,24,24648,卖盘
1198,13:38:09,10.27,--,1,1027,卖盘
1199,13:38:06,10.27,--,3,3081,卖盘
1200,13:38:00,10.27,--,4,4108,卖盘
1201,13:37:57,10.27,--,12,12324,卖盘
1202,13:37:54,10.27,-0.01,5,5135,卖盘
1203,13:37:48,10.28,0.01,30,30839,买盘
1204,13:37:42,10.27,--,45,46215,卖盘
1205,13:37:36,10.27,--,1,1027,卖盘
1206,13:37:27,10.27,-0.01,11,11297,卖盘
1207,13:37:21,10.28,--,13,13364,买盘
1208,13:37:18,10.28,0.01,17,17476,买盘
1209,13:37:15,10.27,--,13,13351,卖盘
1210,13:37:12,10.27,--,25,25675,卖盘
1211,13:37:06,10.27,--,75,77025,卖盘
1212,13:37:03,10.27,--,11,11297,卖盘
1213,13:37:00,10.27,--,20,20540,卖盘
1214,13:36:57,10.27,0.01,16,16432,买盘
1215,13:36:45,10.26,--,1,1026,卖盘
1216,13:36:42,10.26,--,24,24624,卖盘
1217,13:36:36,10.26,-0.02,1,1026,卖盘
1218,13:36:30,10.28,0.02,6,6168,买盘
1219,13:36:27,10.26,--,9,9234,卖盘
1220,13:36:18,10.26,--,30,30780,卖盘
1221,13:36:15,10.26,--,4,4104,卖盘
1222,13:36:12,10.26,-0.02,25,25650,卖盘
1223,13:36:09,10.28,0.02,8,8224,买盘
1224,13:36:06,10.26,--,8,8208,卖盘
1225,13:36:00,10.26,--,8,8208,卖盘
1226,13:35:57,10.26,-0.01,12,12312,卖盘
1227,13:35:54,10.27,0.01,1,1027,中性盘
1228,13:35:45,10.26,--,42,43092,卖盘
1229,13:35:42,10.26,--,25,25650,卖盘
1230,13:35:39,10.26,--,14,14364,卖盘
1231,13:35:36,10.26,-0.01,267,273942,卖盘
1232,13:35:33,10.27,0.01,8,8216,买盘
1233,13:35:30,10.26,--,10,10260,卖盘
1234,13:35:27,10.26,--,5,5130,卖盘
1235,13:35:24,10.26,--,95,97470,卖盘
1236,13:35:15,10.26,--,5,5130,卖盘
1237,13:35:12,10.26,-0.01,24,24624,卖盘
1238,13:35:06,10.27,--,21,21567,买盘
1239,13:35:03,10.27,--,9,9243,买盘
1240,13:34:57,10.27,-0.01,126,129402,卖盘
1241,13:34:51,10.28,0.01,8,8224,买盘
1242,13:34:48,10.27,--,7,7189,卖盘
1243,13:34:45,10.27,0.01,157,161239,买盘
1244,13:34:42,10.26,--,25,25650,卖盘
1245,13:34:36,10.26,-0.01,3,3078,卖盘
1246,13:34:33,10.27,0.01,3,3081,买盘
1247,13:34:27,10.26,--,24,24624,卖盘
1248,13:34:24,10.26,-0.01,1,1026,卖盘
1249,13:34:21,10.27,0.01,2,2054,买盘
1250,13:34:15,10.26,--,22,22572,卖盘
1251,13:34:12,10.26,--,133,136458,卖盘
1252,13:34:06,10.26,--,7,7182,卖盘
1253,13:34:03,10.26,--,8,8208,卖盘
1254,13:33:57,10.26,--,8,8208,卖盘
1255,13:33:54,10.26,--,3,3078,卖盘
1256,13:33:45,10.26,-0.01,19,19494,卖盘
1257,13:33:42,10.27,0.01,33,33891,买盘
1258,13:33:39,10.26,--,6,6156,卖盘
1259,13:33:36,10.26,--,25,25650,卖盘
1260,13:33:33,10.26,--,97,99522,卖盘
1261,13:33:27,10.26,--,10,10260,卖盘
1262,13:33:24,10.26,--,27,27702,卖盘
1263,13:33:21,10.26,--,31,31806,卖盘
1264,13:33:18,10.26,--,53,54378,卖盘
1265,13:33:15,10.26,--,6,6156,卖盘
1266,13:33:12,10.26,--,24,24624,卖盘
1267,13:33:06,10.26,--,5,5130,卖盘
1268,13:33:03,10.26,--,1,1026,卖盘
1269,13:33:00,10.26,--,1,1026,卖盘
1270,13:32:54,10.26,--,5,5130,卖盘
1271,13:32:51,10.26,--,1,1026,卖盘
1272,13:32:45,10.26,--,2,2052,卖盘
1273,13:32:42,10.26,--,25,25650,卖盘
1274,13:32:36,10.26,--,9,9234,卖盘
1275,13:32:27,10.26,--,11,11286,卖盘
1276,13:32:24,10.26,-0.01,48,49248,卖盘
1277,13:32:18,10.27,0.01,68,69836,买盘
1278,13:32:15,10.26,--,2,2052,卖盘
1279,13:32:12,10.26,--,25,25650,卖盘
1280,13:32:09,10.26,--,1,1026,卖盘
1281,13:32:06,10.26,-0.01,10,10260,卖盘
1282,13:31:57,10.27,0.01,50,51350,买盘
1283,13:31:54,10.26,--,2,2052,卖盘
1284,13:31:51,10.26,--,20,20520,卖盘
1285,13:31:45,10.26,--,11,11286,卖盘
1286,13:31:42,10.26,--,24,24624,卖盘
1287,13:31:39,10.26,--,50,51300,卖盘
1288,13:31:36,10.26,--,2,2052,卖盘
1289,13:31:24,10.26,--,6,6156,卖盘
1290,13:31:21,10.26,-0.01,8,8208,卖盘
1291,13:31:18,10.27,0.01,5,5135,买盘
1292,13:31:15,10.26,--,2,2052,卖盘
1293,13:31:12,10.26,--,25,25650,卖盘
1294,13:31:06,10.26,--,13,13338,卖盘
1295,13:30:57,10.26,--,2,2052,卖盘
1296,13:30:54,10.26,--,25,25650,卖盘
1297,13:30:51,10.26,--,5,5130,卖盘
1298,13:30:45,10.26,--,12,12312,卖盘
1299,13:30:42,10.26,--,146,149796,卖盘
1300,13:30:39,10.26,--,1,1026,卖盘
1301,13:30:36,10.26,--,9,9234,卖盘
1302,13:30:33,10.26,-0.01,12,12312,卖盘
1303,13:30:30,10.27,0.01,2,2054,买盘
1304,13:30:27,10.26,--,18,18468,卖盘
1305,13:30:24,10.26,--,39,40014,卖盘
1306,13:30:18,10.26,--,140,143640,卖盘
1307,13:30:15,10.26,--,10,10260,卖盘
1308,13:30:12,10.26,--,24,24624,卖盘
1309,13:30:06,10.26,--,3,3078,卖盘
1310,13:29:57,10.26,--,2,2052,卖盘
1311,13:29:54,10.26,-0.01,18,18468,卖盘
1312,13:29:51,10.27,0.01,30,30810,买盘
1313,13:29:45,10.26,--,6,6156,卖盘
1314,13:29:42,10.26,--,25,25650,卖盘
1315,13:29:36,10.26,-0.02,18,18468,卖盘
1316,13:29:33,10.28,0.02,26,26728,买盘
1317,13:29:27,10.26,-0.01,80,82080,卖盘
1318,13:29:24,10.27,--,39,40053,卖盘
1319,13:29:15,10.27,--,11,11297,卖盘
1320,13:29:12,10.27,--,33,33891,卖盘
1321,13:29:09,10.27,--,10,10270,卖盘
1322,13:29:03,10.27,--,75,77025,卖盘
1323,13:28:54,10.27,--,7,7189,卖盘
1324,13:28:51,10.27,--,6,6162,卖盘
1325,13:28:48,10.27,0.01,11,11297,卖盘
1326,13:28:45,10.26,--,3,3078,卖盘
1327,13:28:42,10.26,-0.01,25,25650,卖盘
1328,13:28:39,10.27,-0.01,10,10270,卖盘
1329,13:28:33,10.28,0.01,15,15419,买盘
1330,13:28:27,10.27,--,13,13351,卖盘
1331,13:28:24,10.27,-0.01,9,9243,卖盘
1332,13:28:21,10.28,0.01,24,24672,买盘
1333,13:28:18,10.27,--,20,20540,卖盘
1334,13:28:15,10.27,-0.01,3,3081,卖盘
1335,13:28:12,10.28,--,29,29811,买盘
1336,13:28:09,10.28,0.01,13,13364,买盘
1337,13:28:03,10.27,--,19,19513,卖盘
1338,13:28:00,10.27,--,10,10270,卖盘
1339,13:27:54,10.27,--,23,23621,卖盘
1340,13:27:48,10.27,0.01,1,1027,买盘
1341,13:27:45,10.26,--,5,5130,卖盘
1342,13:27:42,10.26,--,35,35910,卖盘
1343,13:27:33,10.26,-0.02,6,6156,卖盘
1344,13:27:30,10.28,--,24,24672,买盘
1345,13:27:24,10.28,0.02,15,15419,买盘
1346,13:27:12,10.26,-0.02,45,46170,卖盘
1347,13:27:09,10.28,0.03,15,15419,买盘
1348,13:27:03,10.25,-0.01,53,54325,卖盘
1349,13:26:54,10.26,-0.02,54,55404,中性盘
1350,13:26:48,10.28,0.03,302,310456,买盘
1351,13:26:42,10.25,-0.01,93,95325,卖盘
1352,13:26:36,10.26,-0.01,390,400140,卖盘
1353,13:26:33,10.27,-0.01,8,8216,中性盘
1354,13:26:24,10.28,--,21,21588,买盘
1355,13:26:21,10.28,0.01,1,1028,买盘
1356,13:26:15,10.27,--,10,10270,卖盘
1357,13:26:12,10.27,--,84,86268,买盘
1358,13:26:09,10.27,0.01,9,9243,买盘
1359,13:26:03,10.26,--,121,124146,卖盘
1360,13:25:57,10.26,-0.01,22,22572,卖盘
1361,13:25:54,10.27,0.01,9,9243,买盘
1362,13:25:51,10.26,--,1,1026,卖盘
1363,13:25:42,10.26,--,27,27702,卖盘
1364,13:25:33,10.26,-0.01,16,16416,卖盘
1365,13:25:30,10.27,--,28,28756,买盘
1366,13:25:24,10.27,--,21,21567,买盘
1367,13:25:21,10.27,0.01,20,20540,买盘
1368,13:25:15,10.26,-0.01,6,6156,卖盘
1369,13:25:12,10.27,0.01,99,101673,买盘
1370,13:25:03,10.26,--,5,5130,卖盘
1371,13:25:00,10.26,-0.01,11,11286,卖盘
1372,13:24:57,10.27,0.01,8,8216,买盘
1373,13:24:54,10.26,--,17,17442,卖盘
1374,13:24:45,10.26,--,8,8208,卖盘
1375,13:24:42,10.26,-0.01,55,56430,卖盘
1376,13:24:36,10.27,0.01,44,45188,买盘
1377,13:24:33,10.26,--,6,6156,卖盘
1378,13:24:24,10.26,-0.01,6,6156,卖盘
1379,13:24:21,10.27,0.01,34,34918,买盘
1380,13:24:15,10.26,--,5,5130,卖盘
1381,13:24:12,10.26,--,33,33858,卖盘
1382,13:24:03,10.26,-0.01,5,5130,卖盘
1383,13:24:00,10.27,0.01,20,20540,买盘
1384,13:23:54,10.26,-0.01,6,6156,卖盘
1385,13:23:48,10.27,--,8,8216,买盘
1386,13:23:45,10.27,0.01,10,10270,买盘
1387,13:23:42,10.26,-0.01,25,25650,卖盘
1388,13:23:36,10.27,--,17,17459,卖盘
1389,13:23:33,10.27,-0.01,15,15405,卖盘
1390,13:23:30,10.28,0.01,8,8224,买盘
1391,13:23:24,10.27,--,24,24648,卖盘
1392,13:23:21,10.27,--,59,60593,买盘
1393,13:23:18,10.27,0.01,14,14378,买盘
1394,13:23:15,10.26,--,120,123120,卖盘
1395,13:23:12,10.26,--,24,24624,卖盘
1396,13:23:09,10.26,-0.01,5,5130,卖盘
1397,13:23:06,10.27,0.01,100,102700,买盘
1398,13:23:03,10.26,--,2,2052,卖盘
1399,13:22:54,10.26,-0.01,6,6156,卖盘
1400,13:22:48,10.27,0.01,5,5135,买盘
1401,13:22:45,10.26,--,3,3078,卖盘
1402,13:22:42,10.26,-0.01,30,30780,中性盘
1403,13:22:36,10.27,0.02,8,8216,买盘
1404,13:22:33,10.25,-0.01,10,10250,卖盘
1405,13:22:30,10.26,--,6,6156,买盘
1406,13:22:27,10.26,0.01,26,26676,买盘
1407,13:22:24,10.25,--,17,17425,卖盘
1408,13:22:21,10.25,--,17,17425,卖盘
1409,13:22:15,10.25,-0.01,16,16400,卖盘
1410,13:22:12,10.26,0.01,63,64638,买盘
1411,13:22:09,10.25,--,39,39975,卖盘
1412,13:22:06,10.25,--,11,11275,卖盘
1413,13:22:03,10.25,--,2,2050,卖盘
1414,13:22:00,10.25,--,8,8200,卖盘
1415,13:21:57,10.25,--,4,4100,卖盘
1416,13:21:54,10.25,-0.01,9,9225,卖盘
1417,13:21:48,10.26,0.01,9,9234,买盘
1418,13:21:45,10.25,--,22,22550,卖盘
1419,13:21:42,10.25,--,24,24600,卖盘
1420,13:21:33,10.25,-0.01,13,13325,卖盘
1421,13:21:27,10.26,0.01,4,4104,买盘
1422,13:21:24,10.25,-0.01,82,84050,卖盘
1423,13:21:21,10.26,--,4,4104,买盘
1424,13:21:18,10.26,--,62,63612,卖盘
1425,13:21:15,10.26,--,1,1026,卖盘
1426,13:21:12,10.26,--,25,25650,卖盘
1427,13:21:09,10.26,--,2,2052,卖盘
1428,13:21:06,10.26,--,1,1026,卖盘
1429,13:21:03,10.26,--,10,10260,卖盘
1430,13:20:57,10.26,--,9,9234,卖盘
1431,13:20:54,10.26,--,24,24624,卖盘
1432,13:20:51,10.26,--,10,10260,卖盘
1433,13:20:45,10.26,--,44,45144,卖盘
1434,13:20:42,10.26,--,30,30780,卖盘
1435,13:20:39,10.26,0.01,3,3078,卖盘
1436,13:20:36,10.25,--,146,149650,卖盘
1437,13:20:33,10.25,--,143,147302,卖盘
1438,13:20:24,10.25,--,16,16400,卖盘
1439,13:20:18,10.25,-0.01,16,16400,卖盘
1440,13:20:15,10.26,-0.01,202,207549,卖盘
1441,13:20:12,10.27,--,101,103727,买盘
1442,13:20:09,10.27,0.01,8,8216,中性盘
1443,13:20:03,10.26,--,28,28728,卖盘
1444,13:20:00,10.26,-0.02,418,428980,卖盘
1445,13:19:57,10.28,0.01,5,5140,买盘
1446,13:19:54,10.27,--,30,30810,卖盘
1447,13:19:51,10.27,--,1,1027,卖盘
1448,13:19:45,10.27,--,27,27729,卖盘
1449,13:19:42,10.27,0.01,176,181368,买盘
1450,13:19:33,10.26,--,28,28728,卖盘
1451,13:19:30,10.26,--,7,7182,卖盘
1452,13:19:24,10.26,--,10,10260,卖盘
1453,13:19:18,10.26,--,1,1026,卖盘
1454,13:19:12,10.26,-0.01,29,29754,卖盘
1455,13:19:09,10.27,0.01,36,36972,买盘
1456,13:19:03,10.26,-0.01,26,26676,卖盘
1457,13:18:54,10.27,--,164,168838,卖盘
1458,13:18:51,10.27,--,1,1027,卖盘
1459,13:18:48,10.27,-0.01,13,13351,卖盘
1460,13:18:42,10.28,0.01,47,48932,买盘
1461,13:18:39,10.27,--,20,20540,卖盘
1462,13:18:36,10.27,--,10,10270,卖盘
1463,13:18:33,10.27,0.01,92,94484,买盘
1464,13:18:27,10.26,--,46,47196,卖盘
1465,13:18:24,10.26,-0.01,47,48222,卖盘
1466,13:18:21,10.27,0.01,11,11297,买盘
1467,13:18:15,10.26,--,22,22572,卖盘
1468,13:18:12,10.26,--,151,154926,卖盘
1469,13:18:06,10.26,--,1,1026,卖盘
1470,13:18:03,10.26,--,5,5130,卖盘
1471,13:17:54,10.26,--,24,24624,卖盘
1472,13:17:51,10.26,--,5,5130,卖盘
1473,13:17:48,10.26,-0.01,27,27702,卖盘
1474,13:17:45,10.27,--,5,5135,买盘
1475,13:17:42,10.27,--,130,133510,买盘
1476,13:17:33,10.27,0.01,26,26702,买盘
1477,13:17:27,10.26,--,5,5130,卖盘
1478,13:17:24,10.26,-0.01,7,7182,卖盘
1479,13:17:21,10.27,--,92,94484,卖盘
1480,13:17:18,10.27,--,3,3081,卖盘
1481,13:17:15,10.27,--,12,12324,卖盘
1482,13:17:12,10.27,--,32,32864,卖盘
1483,13:17:09,10.27,--,2,2054,卖盘
1484,13:17:03,10.27,--,10,10270,卖盘
1485,13:16:57,10.27,--,5,5135,卖盘
1486,13:16:54,10.27,--,4,4108,卖盘
1487,13:16:48,10.27,--,30,30810,卖盘
1488,13:16:42,10.27,--,27,27729,卖盘
1489,13:16:36,10.27,--,1,1027,卖盘
1490,13:16:33,10.27,-0.01,9,9243,卖盘
1491,13:16:27,10.28,0.01,12,12336,买盘
1492,13:16:24,10.27,-0.01,29,29783,卖盘
1493,13:16:21,10.28,0.01,1,1028,买盘
1494,13:16:12,10.27,--,30,30810,卖盘
1495,13:16:03,10.27,-0.01,29,29783,卖盘
1496,13:15:57,10.28,--,4,4112,买盘
1497,13:15:54,10.28,0.01,146,150088,买盘
1498,13:15:51,10.27,-0.01,6,6162,卖盘
1499,13:15:48,10.28,0.01,4,4112,买盘
1500,13:15:42,10.27,--,25,25675,卖盘
1501,13:15:33,10.27,-0.01,1,1027,卖盘
1502,13:15:30,10.28,0.01,1,1028,买盘
1503,13:15:24,10.27,-0.01,4,4108,卖盘
1504,13:15:21,10.28,0.01,1,1028,买盘
1505,13:15:18,10.27,--,7,7189,卖盘
1506,13:15:12,10.27,--,25,25675,卖盘
1507,13:15:09,10.27,0.01,1,1027,中性盘
1508,13:15:03,10.26,--,1,1026,卖盘
1509,13:14:54,10.26,-0.02,10,10260,卖盘
1510,13:14:48,10.28,0.02,20,20560,买盘
1511,13:14:45,10.26,--,11,11286,卖盘
1512,13:14:42,10.26,-0.02,29,29754,卖盘
1513,13:14:39,10.28,0.01,2,2056,买盘
1514,13:14:33,10.27,0.01,33,33891,中性盘
1515,13:14:24,10.26,--,6,6156,卖盘
1516,13:14:12,10.26,-0.02,36,36936,卖盘
1517,13:14:09,10.28,--,1,1028,买盘
1518,13:14:03,10.28,0.02,7,7196,买盘
1519,13:13:57,10.26,--,17,17442,卖盘
1520,13:13:51,10.26,-0.02,17,17442,卖盘
1521,13:13:45,10.28,0.02,3,3084,买盘
1522,13:13:42,10.26,--,108,110808,卖盘
1523,13:13:33,10.26,--,16,16416,卖盘
1524,13:13:30,10.26,-0.02,266,272916,卖盘
1525,13:13:27,10.28,0.01,254,261111,买盘
1526,13:13:21,10.27,--,24,24648,卖盘
1527,13:13:12,10.27,--,57,58539,卖盘
1528,13:13:09,10.27,--,2,2054,卖盘
1529,13:13:06,10.27,--,18,18486,卖盘
1530,13:13:03,10.27,-0.01,153,157131,卖盘
1531,13:13:00,10.28,--,64,65792,买盘
1532,13:12:54,10.28,0.01,20,20560,买盘
1533,13:12:51,10.27,-0.01,9,9243,卖盘
1534,13:12:48,10.28,0.01,5,5140,买盘
1535,13:12:42,10.27,--,54,55458,卖盘
1536,13:12:33,10.27,-0.02,2,2054,卖盘
1537,13:12:30,10.29,0.02,135,138915,买盘
1538,13:12:21,10.27,--,14,14378,卖盘
1539,13:12:15,10.27,--,3,3081,卖盘
1540,13:12:12,10.27,-0.01,64,65728,卖盘
1541,13:12:03,10.28,--,1,1028,买盘
1542,13:12:00,10.28,--,2,2056,买盘
1543,13:11:57,10.28,0.01,4,4112,买盘
1544,13:11:51,10.27,--,4,4108,卖盘
1545,13:11:42,10.27,--,25,25675,卖盘
1546,13:11:33,10.27,--,3,3081,卖盘
1547,13:11:27,10.27,--,11,11297,卖盘
1548,13:11:24,10.27,--,15,15405,卖盘
1549,13:11:15,10.27,--,68,69836,卖盘
1550,13:11:12,10.27,--,26,26702,卖盘
1551,13:11:03,10.27,-0.02,11,11297,卖盘
1552,13:10:54,10.29,0.01,6,6173,买盘
1553,13:10:48,10.28,0.01,68,69904,中性盘
1554,13:10:42,10.27,--,30,30810,卖盘
1555,13:10:33,10.27,-0.02,23,23621,卖盘
1556,13:10:30,10.29,0.02,5,5145,买盘
1557,13:10:27,10.27,--,35,35945,卖盘
1558,13:10:24,10.27,-0.02,4,4108,卖盘
1559,13:10:21,10.29,0.02,114,117305,买盘
1560,13:10:12,10.27,--,26,26702,卖盘
1561,13:10:03,10.27,-0.01,8,8216,卖盘
1562,13:10:00,10.28,--,5,5140,买盘
1563,13:09:57,10.28,0.01,2,2056,买盘
1564,13:09:54,10.27,--,39,40053,卖盘
1565,13:09:51,10.27,-0.01,16,16432,卖盘
1566,13:09:48,10.28,--,24,24672,买盘
1567,13:09:45,10.28,0.01,1,1028,买盘
1568,13:09:42,10.27,-0.01,220,225940,卖盘
1569,13:09:33,10.28,--,4,4112,卖盘
1570,13:09:27,10.28,-0.01,40,41120,卖盘
1571,13:09:24,10.29,0.01,24,24695,买盘
1572,13:09:21,10.28,--,2,2056,卖盘
1573,13:09:12,10.28,--,27,27756,卖盘
1574,13:09:09,10.28,-0.01,1,1028,卖盘
1575,13:09:06,10.29,0.01,5,5145,买盘
1576,13:09:03,10.28,--,5,5140,卖盘
1577,13:09:00,10.28,--,3,3084,卖盘
1578,13:08:54,10.28,--,4,4112,卖盘
1579,13:08:48,10.28,0.01,26,26728,买盘
1580,13:08:42,10.27,-0.01,26,26702,卖盘
1581,13:08:33,10.28,--,6,6168,买盘
1582,13:08:30,10.28,0.01,1,1028,买盘
1583,13:08:27,10.27,-0.01,1,1027,卖盘
1584,13:08:24,10.28,0.01,24,24672,买盘
1585,13:08:12,10.27,-0.01,33,33891,卖盘
1586,13:08:03,10.28,--,53,54484,买盘
1587,13:08:00,10.28,0.01,10,10280,买盘
1588,13:07:51,10.27,-0.01,18,18486,卖盘
1589,13:07:48,10.28,0.01,10,10280,买盘
1590,13:07:45,10.27,--,1,1027,卖盘
1591,13:07:42,10.27,--,31,31837,卖盘
1592,13:07:36,10.27,--,5,5135,卖盘
1593,13:07:33,10.27,-0.02,20,20540,卖盘
1594,13:07:30,10.29,0.02,11,11318,买盘
1595,13:07:27,10.27,-0.02,17,17459,卖盘
1596,13:07:24,10.29,0.02,114,117305,买盘
1597,13:07:21,10.27,--,4,4108,卖盘
1598,13:07:12,10.27,--,27,27729,卖盘
1599,13:07:06,10.27,--,8,8216,卖盘
1600,13:07:03,10.27,--,1,1027,卖盘
1601,13:07:00,10.27,--,1,1027,卖盘
1602,13:06:57,10.27,--,4,4108,卖盘
1603,13:06:51,10.27,--,7,7189,卖盘
1604,13:06:42,10.27,-0.01,36,36972,卖盘
1605,13:06:39,10.28,-0.01,10,10280,卖盘
1606,13:06:33,10.29,--,3,3086,买盘
1607,13:06:30,10.29,0.01,31,31898,买盘
1608,13:06:21,10.28,--,6,6168,卖盘
1609,13:06:15,10.28,--,1,1028,卖盘
1610,13:06:12,10.28,--,38,39064,卖盘
1611,13:06:06,10.28,--,39,40092,卖盘
1612,13:06:03,10.28,-0.01,41,42148,卖盘
1613,13:06:00,10.29,0.01,5,5145,买盘
1614,13:05:51,10.28,0.01,12,12336,中性盘
1615,13:05:45,10.27,-0.01,5,5135,卖盘
1616,13:05:42,10.28,--,45,46260,买盘
1617,13:05:39,10.28,--,9,9252,买盘
1618,13:05:36,10.28,--,21,21588,买盘
1619,13:05:33,10.28,--,8,8224,买盘
1620,13:05:30,10.28,-0.01,1,1028,中性盘
1621,13:05:24,10.29,0.02,15,15434,买盘
1622,13:05:21,10.27,-0.01,24,24648,卖盘
1623,13:05:15,10.28,-0.01,1,1028,中性盘
1624,13:05:12,10.29,0.01,25,25724,买盘
1625,13:05:09,10.28,--,134,137752,卖盘
1626,13:05:03,10.28,--,4,4112,卖盘
1627,13:04:51,10.28,-0.01,23,23644,卖盘
1628,13:04:48,10.29,--,3,3086,卖盘
1629,13:04:45,10.29,-0.01,35,36015,卖盘
1630,13:04:42,10.3,--,29,29870,买盘
1631,13:04:33,10.3,--,10,10300,买盘
1632,13:04:30,10.3,--,4,4120,买盘
1633,13:04:24,10.3,0.01,21,21630,买盘
1634,13:04:21,10.29,-0.01,36,37044,卖盘
1635,13:04:12,10.3,--,113,116390,买盘
1636,13:04:06,10.3,--,80,82400,卖盘
1637,13:04:03,10.3,-0.01,13,13390,卖盘
1638,13:04:00,10.31,0.01,28,28868,买盘
1639,13:03:57,10.3,--,10,10300,卖盘
1640,13:03:51,10.3,-0.01,50,51500,卖盘
1641,13:03:48,10.31,0.01,69,71139,买盘
1642,13:03:45,10.3,--,35,36050,卖盘
1643,13:03:42,10.3,--,233,239990,卖盘
1644,13:03:39,10.3,--,4,4120,卖盘
1645,13:03:33,10.3,--,11,11330,卖盘
1646,13:03:27,10.3,0.01,55,56650,买盘
1647,13:03:21,10.29,--,16,16464,卖盘
1648,13:03:15,10.29,--,3,3086,卖盘
1649,13:03:12,10.29,--,41,42189,卖盘
1650,13:03:03,10.29,--,2,2058,卖盘
1651,13:03:00,10.29,--,73,75117,卖盘
1652,13:02:51,10.29,--,6,6173,卖盘
1653,13:02:48,10.29,0.01,7,7202,中性盘
1654,13:02:45,10.28,--,5,5140,卖盘
1655,13:02:42,10.28,--,39,40092,卖盘
1656,13:02:39,10.28,-0.02,20,20560,卖盘
1657,13:02:36,10.3,--,65,66950,买盘
1658,13:02:33,10.3,--,5,5150,买盘
1659,13:02:27,10.3,0.01,2,2060,买盘
1660,13:02:21,10.29,-0.01,15,15434,卖盘
1661,13:02:18,10.3,0.02,4,4120,买盘
1662,13:02:15,10.28,0.01,8,8224,买盘
1663,13:02:12,10.27,-0.01,46,47242,卖盘
1664,13:02:09,10.28,--,37,38735,买盘
1665,13:02:06,10.28,0.01,140,143920,买盘
1666,13:01:51,10.27,--,4,4108,卖盘
1667,13:01:45,10.27,--,1,1027,卖盘
1668,13:01:42,10.27,--,26,26702,卖盘
1669,13:01:30,10.27,--,5,5135,卖盘
1670,13:01:27,10.27,--,7,7189,卖盘
1671,13:01:21,10.27,--,5,5135,卖盘
1672,13:01:12,10.27,--,29,29783,卖盘
1673,13:01:00,10.27,--,24,24648,卖盘
1674,13:00:57,10.27,--,150,154050,卖盘
1675,13:00:51,10.27,--,6,6162,卖盘
1676,13:00:42,10.27,-0.01,33,33891,卖盘
1677,13:00:39,10.28,--,2,2056,买盘
1678,13:00:33,10.28,0.01,20,20560,买盘
1679,13:00:30,10.27,-0.01,33,33891,卖盘
1680,13:00:21,10.28,-0.01,225,231628,卖盘
1681,13:00:09,10.29,--,100,102899,卖盘
1682,13:00:06,10.29,--,9,9960,卖盘
1683,13:00:03,10.29,--,2713,2791677,买盘
1684,13:00:00,10.29,0.01,8,8232,买盘
1685,11:30:00,10.28,--,7,7196,卖盘
1686,11:29:51,10.28,-0.01,7,7196,卖盘
1687,11:29:48,10.29,0.01,37,38073,买盘
1688,11:29:42,10.28,-0.01,43,44204,卖盘
1689,11:29:39,10.29,0.01,9,9261,买盘
1690,11:29:33,10.28,-0.01,3,3084,卖盘
1691,11:29:27,10.29,0.01,1,1029,买盘
1692,11:29:24,10.28,--,16,16448,卖盘
1693,11:29:21,10.28,--,7,7196,卖盘
1694,11:29:18,10.28,--,16,16448,卖盘
1695,11:29:12,10.28,--,30,30839,卖盘
1696,11:29:06,10.28,0.01,16,16448,买盘
1697,11:29:03,10.27,-0.01,14,14378,卖盘
1698,11:28:57,10.28,0.01,91,93548,买盘
1699,11:28:51,10.27,--,6,6162,卖盘
1700,11:28:45,10.27,--,11,11297,卖盘
1701,11:28:42,10.27,--,27,27729,卖盘
1702,11:28:33,10.27,-0.01,3,3081,卖盘
1703,11:28:30,10.28,--,10,10280,买盘
1704,11:28:24,10.28,0.01,1,1028,买盘
1705,11:28:21,10.27,-0.01,4,4108,卖盘
1706,11:28:18,10.28,-0.01,8,8224,卖盘
1707,11:28:15,10.29,0.01,5,5145,买盘
1708,11:28:12,10.28,-0.01,30,30839,卖盘
1709,11:28:09,10.29,0.01,1,1029,买盘
1710,11:28:03,10.28,-0.01,2,2056,卖盘
1711,11:28:00,10.29,--,2,2058,买盘
1712,11:27:57,10.29,0.02,1,1029,买盘
1713,11:27:51,10.27,--,11,11297,卖盘
1714,11:27:45,10.27,--,33,33891,卖盘
1715,11:27:42,10.27,--,43,44161,卖盘
1716,11:27:33,10.27,-0.01,117,120159,卖盘
1717,11:27:24,10.28,0.01,62,63735,买盘
1718,11:27:21,10.27,--,10,10270,卖盘
1719,11:27:15,10.27,--,28,28756,卖盘
1720,11:27:12,10.27,--,39,40053,买盘
1721,11:27:09,10.27,--,1,1027,买盘
1722,11:27:03,10.27,-0.01,6,6162,买盘
1723,11:27:00,10.28,0.02,1,1028,买盘
1724,11:26:51,10.26,--,9,9234,卖盘
1725,11:26:45,10.26,--,28,28728,卖盘
1726,11:26:42,10.26,0.01,30,30780,卖盘
1727,11:26:30,10.25,--,30,30750,卖盘
1728,11:26:21,10.25,-0.04,5,5125,卖盘
1729,11:26:15,10.29,0.04,441,453788,买盘
1730,11:26:12,10.25,-0.01,25,25625,卖盘
1731,11:26:06,10.26,--,6,6156,卖盘
1732,11:26:00,10.26,-0.02,4,4104,卖盘
1733,11:25:57,10.28,--,1,1028,买盘
1734,11:25:54,10.28,0.03,10,10280,买盘
1735,11:25:51,10.25,-0.01,15,15375,卖盘
1736,11:25:45,10.26,--,26,26676,卖盘
1737,11:25:42,10.26,--,25,25650,卖盘
1738,11:25:39,10.26,--,35,35910,卖盘
1739,11:25:36,10.26,-0.02,14,14364,卖盘
1740,11:25:33,10.28,0.02,7,7196,买盘
1741,11:25:30,10.26,--,70,71820,卖盘
1742,11:25:27,10.26,-0.01,106,108756,卖盘
1743,11:25:24,10.27,-0.01,20,20540,中性盘
1744,11:25:21,10.28,--,186,191208,买盘
1745,11:25:18,10.28,0.01,20,20560,买盘
1746,11:25:15,10.27,--,30,30810,卖盘
1747,11:25:09,10.27,--,34,34918,卖盘
1748,11:25:03,10.27,-0.01,8,8216,卖盘
1749,11:25:00,10.28,--,6,6168,买盘
1750,11:24:57,10.28,0.01,50,51400,买盘
1751,11:24:48,10.27,--,6,6162,卖盘
1752,11:24:42,10.27,0.01,30,30810,买盘
1753,11:24:39,10.26,-0.01,9,9234,卖盘
1754,11:24:30,10.27,--,37,37999,买盘
1755,11:24:27,10.27,0.01,20,20540,买盘
1756,11:24:24,10.26,-0.01,3,3078,卖盘
1757,11:24:21,10.27,0.01,72,73944,买盘
1758,11:24:18,10.26,-0.01,8,8208,卖盘
1759,11:24:15,10.27,0.01,1,1027,买盘
1760,11:24:12,10.26,--,25,25650,卖盘
1761,11:24:09,10.26,--,33,33858,卖盘
1762,11:24:00,10.26,-0.01,1,1026,卖盘
1763,11:23:57,10.27,0.01,53,54431,买盘
1764,11:23:48,10.26,--,4,4104,卖盘
1765,11:23:42,10.26,--,25,25650,卖盘
1766,11:23:39,10.26,-0.01,3,3078,卖盘
1767,11:23:33,10.27,0.01,20,20540,买盘
1768,11:23:30,10.26,--,1,1026,卖盘
1769,11:23:18,10.26,--,4,4104,卖盘
1770,11:23:12,10.26,--,24,24624,卖盘
1771,11:23:09,10.26,-0.01,5,5130,卖盘
1772,11:23:03,10.27,--,5,5135,买盘
1773,11:23:00,10.27,--,12,12324,买盘
1774,11:22:57,10.27,0.01,11,11297,买盘
1775,11:22:51,10.26,--,27,27702,卖盘
1776,11:22:48,10.26,--,12,12312,卖盘
1777,11:22:42,10.26,--,25,25650,卖盘
1778,11:22:39,10.26,--,1,1026,卖盘
1779,11:22:36,10.26,--,49,50274,卖盘
1780,11:22:30,10.26,--,8,8208,卖盘
1781,11:22:21,10.26,--,8,8208,卖盘
1782,11:22:12,10.26,--,14,14364,卖盘
1783,11:22:09,10.26,--,37,37962,卖盘
1784,11:22:00,10.26,-0.02,7,7182,卖盘
1785,11:21:57,10.28,0.01,4,4112,买盘
1786,11:21:51,10.27,--,35,35945,卖盘
1787,11:21:48,10.27,--,6,6162,卖盘
1788,11:21:45,10.27,--,3,3081,卖盘
1789,11:21:42,10.27,--,24,24648,卖盘
1790,11:21:30,10.27,--,6,6162,卖盘
1791,11:21:21,10.27,--,8,8216,卖盘
1792,11:21:18,10.27,--,19,19513,卖盘
1793,11:21:09,10.27,--,56,57512,卖盘
1794,11:21:03,10.27,--,10,10270,卖盘
1795,11:21:00,10.27,-0.01,6,6162,卖盘
1796,11:20:57,10.28,0.01,4,4112,买盘
1797,11:20:51,10.27,--,7,7189,卖盘
1798,11:20:48,10.27,--,12,12324,卖盘
1799,11:20:42,10.27,--,7,7189,卖盘
1800,11:20:39,10.27,--,36,36972,卖盘
1801,11:20:33,10.27,--,42,43134,卖盘
1802,11:20:30,10.27,--,5,5135,卖盘
1803,11:20:21,10.27,-0.01,15,15405,卖盘
1804,11:20:15,10.28,0.01,37,38036,买盘
1805,11:20:09,10.27,-0.01,25,25675,卖盘
1806,11:20:03,10.28,0.01,1,1028,买盘
1807,11:20:00,10.27,--,7,7189,卖盘
1808,11:19:51,10.27,-0.01,30,30810,卖盘
1809,11:19:42,10.28,0.01,101,103828,买盘
1810,11:19:39,10.27,--,63,64701,卖盘
1811,11:19:36,10.27,-0.01,37,37999,卖盘
1812,11:19:33,10.28,0.02,5,5140,买盘
1813,11:19:30,10.26,-0.02,27,27702,卖盘
1814,11:19:27,10.28,--,200,205600,买盘
1815,11:19:24,10.28,--,21,21588,买盘
1816,11:19:21,10.28,0.02,129,132612,买盘
1817,11:19:18,10.26,--,51,52326,卖盘
1818,11:19:09,10.26,-0.01,61,62586,卖盘
1819,11:19:00,10.27,--,20,20540,买盘
1820,11:18:57,10.27,-0.01,224,230048,卖盘
1821,11:18:51,10.28,0.01,5,5140,买盘
1822,11:18:48,10.27,--,11,11297,卖盘
1823,11:18:42,10.27,--,66,67782,卖盘
1824,11:18:30,10.27,0.01,1,1027,中性盘
1825,11:18:18,10.26,--,8,8208,卖盘
1826,11:18:09,10.26,-0.02,29,29754,卖盘
1827,11:18:00,10.28,0.01,28,28784,买盘
1828,11:17:51,10.27,--,26,26702,卖盘
1829,11:17:48,10.27,--,103,105781,卖盘
1830,11:17:42,10.27,0.01,94,96538,买盘
1831,11:17:39,10.26,-0.01,63,64638,卖盘
1832,11:17:36,10.27,--,520,534040,买盘
1833,11:17:30,10.27,0.01,51,52377,买盘
1834,11:17:18,10.26,--,5,5130,卖盘
1835,11:17:09,10.26,-0.01,27,27702,卖盘
1836,11:17:06,10.27,0.01,6,6162,买盘
1837,11:17:00,10.26,-0.01,5,5130,卖盘
1838,11:16:57,10.27,0.02,9,9243,买盘
1839,11:16:48,10.25,--,4,4100,卖盘
1840,11:16:39,10.25,-0.02,27,27675,卖盘
1841,11:16:30,10.27,0.02,3,3081,买盘
1842,11:16:18,10.25,-0.02,11,11275,卖盘
1843,11:16:12,10.27,0.02,12,12324,买盘
1844,11:16:09,10.25,-0.02,50,51250,卖盘
1845,11:16:03,10.27,0.02,8,8216,买盘
1846,11:16:00,10.25,-0.02,147,150675,卖盘
1847,11:15:57,10.27,--,9,9243,买盘
1848,11:15:51,10.27,--,130,133510,买盘
1849,11:15:48,10.27,0.01,63,64701,买盘
1850,11:15:45,10.26,-0.01,27,27702,卖盘
1851,11:15:42,10.27,0.01,375,385125,买盘
1852,11:15:39,10.26,-0.01,2,2052,卖盘
1853,11:15:36,10.27,0.01,10,10270,买盘
1854,11:15:33,10.26,-0.01,15,15390,卖盘
1855,11:15:30,10.27,0.01,16,16432,买盘
1856,11:15:24,10.26,0.01,5,5130,中性盘
1857,11:15:18,10.25,-0.02,31,31775,卖盘
1858,11:15:15,10.27,0.02,60,61620,买盘
1859,11:15:09,10.25,--,30,30750,卖盘
1860,11:15:00,10.25,-0.01,16,16400,卖盘
1861,11:14:51,10.26,0.01,1,1026,中性盘
1862,11:14:48,10.25,-0.02,42,43050,卖盘
1863,11:14:45,10.27,0.02,53,54431,买盘
1864,11:14:39,10.25,--,74,75850,卖盘
1865,11:14:36,10.25,-0.02,27,27675,卖盘
1866,11:14:30,10.27,0.01,16,16432,买盘
1867,11:14:27,10.26,--,100,102600,卖盘
1868,11:14:18,10.26,-0.01,9,9234,卖盘
1869,11:14:15,10.27,0.01,15,15405,买盘
1870,11:14:12,10.26,--,30,30780,卖盘
1871,11:14:09,10.26,-0.01,26,26676,卖盘
1872,11:14:06,10.27,0.01,1,1027,买盘
1873,11:14:00,10.26,--,12,12312,卖盘
1874,11:13:48,10.26,-0.01,12,12312,卖盘
1875,11:13:45,10.27,0.01,6,6162,买盘
1876,11:13:39,10.26,-0.01,26,26676,卖盘
1877,11:13:30,10.27,0.01,1,1027,买盘
1878,11:13:27,10.26,0.01,2,2052,中性盘
1879,11:13:18,10.25,--,15,15375,卖盘
1880,11:13:09,10.25,-0.01,39,39975,卖盘
1881,11:13:03,10.26,-0.01,42,43092,卖盘
1882,11:13:00,10.27,--,60,61620,卖盘
1883,11:12:57,10.27,--,2,2054,卖盘
1884,11:12:51,10.27,--,5,5135,卖盘
1885,11:12:48,10.27,0.01,5,5135,中性盘
1886,11:12:39,10.26,--,34,34884,卖盘
1887,11:12:33,10.26,-0.01,15,15390,卖盘
1888,11:12:27,10.27,-0.01,47,48269,中性盘
1889,11:12:21,10.28,0.02,1,1028,买盘
1890,11:12:18,10.26,-0.02,56,57456,卖盘
1891,11:12:15,10.28,0.01,220,226160,买盘
1892,11:12:12,10.27,0.01,33,33891,买盘
1893,11:12:09,10.26,--,31,31806,卖盘
1894,11:12:06,10.26,--,33,33858,卖盘
1895,11:12:03,10.26,--,35,35910,卖盘
1896,11:11:57,10.26,-0.01,5,5130,卖盘
1897,11:11:51,10.27,0.01,17,17459,买盘
1898,11:11:48,10.26,-0.01,13,13338,卖盘
1899,11:11:42,10.27,0.01,7,7189,买盘
1900,11:11:39,10.26,--,53,54378,卖盘
1901,11:11:36,10.26,--,26,26676,卖盘
1902,11:11:30,10.26,--,32,32832,卖盘
1903,11:11:27,10.26,--,99,101574,卖盘
1904,11:11:24,10.26,--,5,5130,卖盘
1905,11:11:21,10.26,--,8,8208,卖盘
1906,11:11:18,10.26,--,14,14364,卖盘
1907,11:11:15,10.26,--,38,38988,卖盘
1908,11:11:12,10.26,--,1,1026,卖盘
1909,11:11:09,10.26,--,76,77976,卖盘
1910,11:10:57,10.26,--,7,7182,卖盘
1911,11:10:54,10.26,0.01,2,2052,买盘
1912,11:10:51,10.25,--,10,10250,卖盘
1913,11:10:48,10.25,--,36,36900,卖盘
1914,11:10:42,10.25,--,66,67650,卖盘
1915,11:10:39,10.25,-0.01,167,171175,卖盘
1916,11:10:33,10.26,0.01,13,13338,买盘
1917,11:10:27,10.25,-0.01,5,5125,卖盘
1918,11:10:21,10.26,0.01,1,1026,买盘
1919,11:10:18,10.25,-0.01,4,4100,卖盘
1920,11:10:15,10.26,0.01,26,26676,买盘
1921,11:10:09,10.25,--,25,25625,卖盘
1922,11:09:57,10.25,--,8,8200,卖盘
1923,11:09:48,10.25,-0.03,53,54325,卖盘
1924,11:09:39,10.28,0.01,87,89436,买盘
1925,11:09:30,10.27,-0.01,49,50323,卖盘
1926,11:09:24,10.28,--,29,29811,买盘
1927,11:09:21,10.28,0.01,5,5140,买盘
1928,11:09:18,10.27,-0.01,8,8216,卖盘
1929,11:09:15,10.28,0.01,4,4112,买盘
1930,11:09:09,10.27,--,45,46215,买盘
1931,11:09:06,10.27,0.01,5,5135,买盘
1932,11:09:00,10.26,--,8,8208,卖盘
1933,11:08:57,10.26,--,7,7182,卖盘
1934,11:08:54,10.26,-0.01,19,19494,卖盘
1935,11:08:48,10.27,--,6,6162,买盘
1936,11:08:45,10.27,0.01,20,20540,买盘
1937,11:08:39,10.26,--,33,33858,卖盘
1938,11:08:30,10.26,--,53,54378,卖盘
1939,11:08:18,10.26,-0.01,7,7182,中性盘
1940,11:08:09,10.27,0.01,46,47242,买盘
1941,11:08:03,10.26,-0.01,4,4104,卖盘
1942,11:08:00,10.27,--,129,132483,卖盘
1943,11:07:57,10.27,--,3,3081,卖盘
1944,11:07:54,10.27,-0.01,5,5135,卖盘
1945,11:07:51,10.28,0.01,12,12336,买盘
1946,11:07:48,10.27,--,4,4108,卖盘
1947,11:07:45,10.27,--,45,46215,卖盘
1948,11:07:39,10.27,--,27,27729,卖盘
1949,11:07:36,10.27,0.02,2,2054,买盘
1950,11:07:30,10.25,--,10,10250,卖盘
1951,11:07:18,10.25,-0.02,15,15375,卖盘
1952,11:07:15,10.27,0.02,50,51350,买盘
1953,11:07:09,10.25,-0.02,27,27675,卖盘
1954,11:07:00,10.27,--,6,6162,买盘
1955,11:06:51,10.27,0.03,6,6162,买盘
1956,11:06:48,10.24,--,5,5120,卖盘
1957,11:06:42,10.24,--,7,7168,卖盘
1958,11:06:39,10.24,--,26,26624,卖盘
1959,11:06:27,10.24,-0.03,14,14336,卖盘
1960,11:06:24,10.27,--,9,9243,买盘
1961,11:06:18,10.27,0.03,83,85241,买盘
1962,11:06:12,10.24,--,1,1024,卖盘
1963,11:06:09,10.24,--,36,36864,卖盘
1964,11:06:00,10.24,-0.03,12,12288,卖盘
1965,11:05:57,10.27,0.03,57,58539,买盘
1966,11:05:51,10.24,--,300,307200,卖盘
1967,11:05:48,10.24,-0.02,5,5120,卖盘
1968,11:05:45,10.26,0.02,7,7182,买盘
1969,11:05:39,10.24,-0.02,27,27648,卖盘
1970,11:05:33,10.26,0.02,5,5130,中性盘
1971,11:05:27,10.24,-0.02,6,6144,卖盘
1972,11:05:18,10.26,--,36,36936,卖盘
1973,11:05:12,10.26,--,4,4104,卖盘
1974,11:05:09,10.26,--,82,84132,卖盘
1975,11:05:03,10.26,--,153,156978,买盘
1976,11:05:00,10.26,0.02,5,5130,买盘
1977,11:04:57,10.24,--,1,1024,卖盘
1978,11:04:51,10.24,-0.01,350,358400,卖盘
1979,11:04:48,10.25,--,6,6150,卖盘
1980,11:04:39,10.25,--,30,30750,卖盘
1981,11:04:33,10.25,0.01,10,10250,中性盘
1982,11:04:27,10.24,--,35,35840,卖盘
1983,11:04:24,10.24,-0.02,200,204800,卖盘
1984,11:04:18,10.26,0.02,31,31806,买盘
1985,11:04:15,10.24,--,3,3072,卖盘
1986,11:04:09,10.24,-0.01,117,119808,卖盘
1987,11:04:06,10.25,--,17,17425,买盘
1988,11:04:00,10.25,--,608,623200,卖盘
1989,11:03:57,10.25,--,1,1025,卖盘
1990,11:03:48,10.25,-0.01,4,4100,卖盘
1991,11:03:45,10.26,0.01,1,1026,买盘
1992,11:03:39,10.25,--,27,27675,卖盘
1993,11:03:33,10.25,--,8,8200,卖盘
1994,11:03:27,10.25,--,3,3075,卖盘
1995,11:03:24,10.25,--,4,4100,卖盘
1996,11:03:18,10.25,--,16,16400,卖盘
1997,11:03:12,10.25,--,2,2050,卖盘
1998,11:03:09,10.25,--,28,28700,卖盘
1999,11:03:03,10.25,--,8,8200,卖盘
2000,11:02:57,10.25,--,26,26650,卖盘
2001,11:02:54,10.25,--,3,3075,卖盘
2002,11:02:51,10.25,--,3,3075,卖盘
2003,11:02:48,10.25,--,8,8200,卖盘
2004,11:02:45,10.25,--,30,30750,卖盘
2005,11:02:42,10.25,--,67,68675,卖盘
2006,11:02:39,10.25,-0.01,50,51250,卖盘
2007,11:02:33,10.26,0.01,110,112860,买盘
2008,11:02:27,10.25,--,6,6150,卖盘
2009,11:02:24,10.25,--,16,16400,卖盘
2010,11:02:18,10.25,--,7,7175,卖盘
2011,11:02:12,10.25,--,30,30750,卖盘
2012,11:02:09,10.25,--,42,43050,卖盘
2013,11:02:03,10.25,--,7,7175,卖盘
2014,11:02:00,10.25,--,4,4100,卖盘
2015,11:01:57,10.25,-0.01,104,106600,卖盘
2016,11:01:54,10.26,--,2,2052,买盘
2017,11:01:51,10.26,0.01,5,5130,买盘
2018,11:01:48,10.25,-0.01,21,21525,卖盘
2019,11:01:39,10.26,--,80,82080,卖盘
2020,11:01:36,10.26,--,58,59508,买盘
2021,11:01:30,10.26,0.01,3,3078,买盘
2022,11:01:27,10.25,--,3,3075,卖盘
2023,11:01:18,10.25,-0.01,10,10250,卖盘
2024,11:01:12,10.26,0.01,10,10260,买盘
2025,11:01:09,10.25,-0.01,30,30750,卖盘
2026,11:01:03,10.26,-0.01,26,26676,卖盘
2027,11:00:57,10.27,0.01,9,9243,买盘
2028,11:00:54,10.26,--,33,33858,卖盘
2029,11:00:48,10.26,--,14,14364,卖盘
2030,11:00:45,10.26,--,2,2052,买盘
2031,11:00:39,10.26,-0.01,74,75924,卖盘
2032,11:00:36,10.27,-0.01,20,20540,卖盘
2033,11:00:30,10.28,0.01,4,4112,买盘
2034,11:00:27,10.27,--,3,3081,卖盘
2035,11:00:18,10.27,0.01,12,12324,中性盘
2036,11:00:09,10.26,--,49,50274,卖盘
2037,11:00:06,10.26,--,1,1026,卖盘
2038,10:59:57,10.26,-0.01,1,1026,卖盘
2039,10:59:51,10.27,0.01,1,1027,买盘
2040,10:59:48,10.26,-0.01,5,5130,卖盘
2041,10:59:45,10.27,0.01,4,4108,买盘
2042,10:59:39,10.26,0.01,33,33858,卖盘
2043,10:59:27,10.25,--,3,3075,卖盘
2044,10:59:18,10.25,--,15,15375,卖盘
2045,10:59:09,10.25,-0.01,25,25625,卖盘
2046,10:59:06,10.26,-0.02,71,72846,卖盘
2047,10:58:57,10.28,0.01,366,376248,买盘
2048,10:58:54,10.27,0.01,111,113997,买盘
2049,10:58:48,10.26,--,4,4104,卖盘
2050,10:58:45,10.26,--,100,102600,卖盘
2051,10:58:39,10.26,--,27,27702,卖盘
2052,10:58:36,10.26,--,1,1026,卖盘
2053,10:58:27,10.26,-0.01,7,7182,卖盘
2054,10:58:18,10.27,0.01,33,33891,买盘
2055,10:58:15,10.26,--,10,10260,卖盘
2056,10:58:09,10.26,--,28,28728,卖盘
2057,10:58:06,10.26,--,185,189810,卖盘
2058,10:57:57,10.26,--,16,16416,卖盘
2059,10:57:54,10.26,-0.01,4,4104,中性盘
2060,10:57:48,10.27,0.02,9,9243,买盘
2061,10:57:45,10.25,--,100,102500,卖盘
2062,10:57:39,10.25,--,25,25625,卖盘
2063,10:57:36,10.25,-0.01,25,25625,卖盘
2064,10:57:33,10.26,--,2,2052,卖盘
2065,10:57:30,10.26,--,3,3078,卖盘
2066,10:57:27,10.26,-0.01,46,47196,卖盘
2067,10:57:24,10.27,--,109,111943,卖盘
2068,10:57:21,10.27,--,7,7189,卖盘
2069,10:57:18,10.27,--,258,264966,卖盘
2070,10:57:15,10.27,--,50,51350,卖盘
2071,10:57:09,10.27,--,25,25675,卖盘
2072,10:57:06,10.27,-0.01,21,21567,卖盘
2073,10:57:00,10.28,--,6,6168,买盘
2074,10:56:57,10.28,--,46,47288,买盘
2075,10:56:51,10.28,0.01,9,9252,买盘
2076,10:56:48,10.27,-0.01,4,4108,卖盘
2077,10:56:45,10.28,--,1,1028,买盘
2078,10:56:42,10.28,0.01,78,80184,买盘
2079,10:56:39,10.27,--,24,24648,卖盘
2080,10:56:36,10.27,-0.01,2,2054,卖盘
2081,10:56:27,10.28,--,13,13364,买盘
2082,10:56:24,10.28,--,1,1028,买盘
2083,10:56:21,10.28,0.01,11,11308,买盘
2084,10:56:18,10.27,--,8,8216,卖盘
2085,10:56:09,10.27,--,25,25675,卖盘
2086,10:56:06,10.27,-0.01,8,8216,卖盘
2087,10:56:03,10.28,0.01,15,15419,买盘
2088,10:55:57,10.27,-0.01,48,49296,卖盘
2089,10:55:51,10.28,0.01,3,3084,买盘
2090,10:55:48,10.27,--,4,4108,卖盘
2091,10:55:45,10.27,-0.01,7,7189,卖盘
2092,10:55:42,10.28,0.01,5,5140,买盘
2093,10:55:39,10.27,--,25,25675,卖盘
2094,10:55:36,10.27,--,1,1027,卖盘
2095,10:55:27,10.27,--,2,2054,卖盘
2096,10:55:18,10.27,--,4,4108,卖盘
2097,10:55:15,10.27,-0.01,5,5135,卖盘
2098,10:55:12,10.28,0.01,5,5140,买盘
2099,10:55:09,10.27,--,24,24648,卖盘
2100,10:55:06,10.27,--,4,4108,卖盘
2101,10:55:03,10.27,--,10,10270,卖盘
2102,10:54:57,10.27,--,11,11297,卖盘
2103,10:54:48,10.27,0.01,47,48269,买盘
2104,10:54:39,10.26,--,25,25650,卖盘
2105,10:54:36,10.26,-0.01,25,25650,卖盘
2106,10:54:30,10.27,0.01,123,126321,买盘
2107,10:54:27,10.26,-0.01,2,2052,卖盘
2108,10:54:21,10.27,0.01,44,45188,买盘
2109,10:54:15,10.26,--,5,5130,卖盘
2110,10:54:09,10.26,-0.01,28,28728,卖盘
2111,10:54:06,10.27,0.01,9,9243,买盘
2112,10:53:57,10.26,--,25,25650,卖盘
2113,10:53:54,10.26,--,23,23598,卖盘
2114,10:53:51,10.26,--,2,2052,卖盘
2115,10:53:45,10.26,--,25,25650,卖盘
2116,10:53:39,10.26,--,25,25650,卖盘
2117,10:53:36,10.26,--,34,34884,卖盘
2118,10:53:33,10.26,-0.01,6,6156,卖盘
2119,10:53:30,10.27,0.01,54,55458,买盘
2120,10:53:27,10.26,--,9,9234,卖盘
2121,10:53:18,10.26,--,64,65664,卖盘
2122,10:53:09,10.26,-0.01,24,24624,卖盘
2123,10:53:06,10.27,0.01,5,5135,买盘
2124,10:53:03,10.26,--,265,271890,买盘
2125,10:52:57,10.26,--,21,21546,买盘
2126,10:52:54,10.26,0.01,1,1026,买盘
2127,10:52:48,10.25,-0.01,12,12300,卖盘
2128,10:52:45,10.26,0.01,54,55404,买盘
2129,10:52:42,10.25,--,7,7175,卖盘
2130,10:52:39,10.25,--,45,46125,卖盘
2131,10:52:36,10.25,-0.01,9,9225,卖盘
2132,10:52:33,10.26,--,30,30780,买盘
2133,10:52:27,10.26,--,57,58482,买盘
2134,10:52:21,10.26,--,230,235980,卖盘
2135,10:52:18,10.26,--,12,12312,卖盘
2136,10:52:15,10.26,0.01,3,3078,中性盘
2137,10:52:09,10.25,-0.01,38,38950,卖盘
2138,10:52:06,10.26,0.01,79,81054,买盘
2139,10:51:57,10.25,--,18,18450,卖盘
2140,10:51:48,10.25,-0.01,24,24600,卖盘
2141,10:51:45,10.26,--,99,101574,卖盘
2142,10:51:39,10.26,--,37,37962,卖盘
2143,10:51:36,10.26,--,10,10260,卖盘
2144,10:51:33,10.26,-0.01,110,112860,卖盘
2145,10:51:30,10.27,0.01,8,8216,买盘
2146,10:51:27,10.26,-0.01,11,11286,卖盘
2147,10:51:21,10.27,0.01,31,31837,买盘
2148,10:51:18,10.26,--,32,32832,卖盘
2149,10:51:15,10.26,--,11,11286,卖盘
2150,10:51:09,10.26,--,40,41040,卖盘
2151,10:51:06,10.26,-0.01,3,3078,卖盘
2152,10:51:03,10.27,0.01,1,1027,买盘
2153,10:51:00,10.26,-0.01,3,3078,卖盘
2154,10:50:57,10.27,0.01,1,1027,买盘
2155,10:50:39,10.26,--,27,27702,卖盘
2156,10:50:36,10.26,--,10,10260,卖盘
2157,10:50:24,10.26,--,10,10260,卖盘
2158,10:50:21,10.26,--,8,8208,卖盘
2159,10:50:18,10.26,--,3,3078,卖盘
2160,10:50:12,10.26,--,52,53352,卖盘
2161,10:50:09,10.26,--,24,24624,卖盘
2162,10:50:00,10.26,-0.01,30,30780,卖盘
2163,10:49:57,10.27,--,101,103727,买盘
2164,10:49:54,10.27,0.01,1,1027,买盘
2165,10:49:48,10.26,-0.01,3,3078,卖盘
2166,10:49:45,10.27,0.01,10,10270,买盘
2167,10:49:39,10.26,--,25,25650,卖盘
2168,10:49:36,10.26,-0.01,250,256500,卖盘
2169,10:49:30,10.27,--,5,5135,买盘
2170,10:49:21,10.27,0.01,70,71890,买盘
2171,10:49:18,10.26,--,18,18468,卖盘
2172,10:49:09,10.26,-0.01,25,25650,卖盘
2173,10:49:06,10.27,--,4,4108,买盘
2174,10:49:03,10.27,-0.01,272,279344,卖盘
2175,10:49:00,10.28,--,40,41120,买盘
2176,10:48:57,10.28,--,1,1028,买盘
2177,10:48:45,10.28,0.01,20,20560,买盘
2178,10:48:42,10.27,--,8,8216,卖盘
2179,10:48:39,10.27,--,25,25675,卖盘
2180,10:48:36,10.27,--,30,30810,卖盘
2181,10:48:33,10.27,--,340,349180,买盘
2182,10:48:30,10.27,0.01,20,20540,买盘
2183,10:48:27,10.26,-0.01,4,4104,卖盘
2184,10:48:21,10.27,--,290,297830,卖盘
2185,10:48:18,10.27,--,29,29783,卖盘
2186,10:48:15,10.27,-0.01,1,1027,卖盘
2187,10:48:12,10.28,--,33,34746,卖盘
2188,10:48:09,10.28,--,34,34952,卖盘
2189,10:48:06,10.28,0.01,748,769149,买盘
2190,10:48:03,10.27,--,11,11297,卖盘
2191,10:48:00,10.27,-0.01,11,11297,卖盘
2192,10:47:57,10.28,0.01,2,2056,买盘
2193,10:47:54,10.27,-0.01,22,22594,卖盘
2194,10:47:51,10.28,0.01,3,3084,买盘
2195,10:47:45,10.27,--,7,7189,买盘
2196,10:47:42,10.27,--,5,5135,卖盘
2197,10:47:39,10.27,--,25,25675,卖盘
2198,10:47:36,10.27,--,180,184860,卖盘
2199,10:47:30,10.27,-0.01,181,185887,卖盘
2200,10:47:18,10.28,0.01,4,4112,买盘
2201,10:47:12,10.27,--,357,366639,卖盘
2202,10:47:09,10.27,--,25,25675,卖盘
2203,10:47:03,10.27,--,4,4108,卖盘
2204,10:47:00,10.27,--,53,54431,买盘
2205,10:46:57,10.27,0.01,96,98592,买盘
2206,10:46:54,10.26,-0.01,8,8208,卖盘
2207,10:46:51,10.27,0.01,4,4108,买盘
2208,10:46:45,10.26,--,20,20520,卖盘
2209,10:46:42,10.26,0.01,7,7182,买盘
2210,10:46:39,10.25,--,29,29725,卖盘
2211,10:46:33,10.25,0.01,12,12300,买盘
2212,10:46:30,10.24,-0.01,12,12288,中性盘
2213,10:46:15,10.25,0.01,408,418200,买盘
2214,10:46:12,10.24,0.01,265,271360,买盘
2215,10:46:09,10.23,-0.01,35,35805,卖盘
2216,10:46:03,10.24,0.01,100,102400,买盘
2217,10:46:00,10.23,-0.01,5,5115,卖盘
2218,10:45:51,10.24,0.01,5,5120,买盘
2219,10:45:39,10.23,-0.01,460,470580,卖盘
2220,10:45:33,10.24,-0.01,20,20480,卖盘
2221,10:45:30,10.25,--,50,51250,买盘
2222,10:45:27,10.25,--,18,18450,买盘
2223,10:45:24,10.25,--,12,12300,买盘
2224,10:45:21,10.25,--,11,11275,买盘
2225,10:45:18,10.25,--,139,142475,买盘
2226,10:45:15,10.25,--,3,3075,买盘
2227,10:45:12,10.25,0.01,2,2050,买盘
2228,10:45:09,10.24,--,24,24576,卖盘
2229,10:45:06,10.24,-0.01,2,2048,卖盘
2230,10:45:00,10.25,0.01,2,2050,买盘
2231,10:44:51,10.24,-0.01,29,29696,卖盘
2232,10:44:48,10.25,0.01,26,26650,买盘
2233,10:44:39,10.24,0.01,298,305152,买盘
2234,10:44:30,10.23,--,40,40920,卖盘
2235,10:44:21,10.23,-0.01,14,14322,卖盘
2236,10:44:18,10.24,0.01,432,442368,买盘
2237,10:44:15,10.23,--,48,49104,卖盘
2238,10:44:12,10.23,--,1500,1534500,卖盘
2239,10:44:09,10.23,--,26,26598,卖盘
2240,10:44:06,10.23,--,134,137082,卖盘
2241,10:44:03,10.23,-0.01,14,14322,卖盘
2242,10:44:00,10.24,--,63,64512,卖盘
2243,10:43:57,10.24,--,471,482304,卖盘
2244,10:43:54,10.24,--,201,205824,卖盘
2245,10:43:48,10.24,--,350,358400,卖盘
2246,10:43:45,10.24,-0.01,26,26624,卖盘
2247,10:43:39,10.25,--,230,235750,卖盘
2248,10:43:36,10.25,-0.01,35,35875,卖盘
2249,10:43:33,10.26,--,82,84132,买盘
2250,10:43:30,10.26,0.01,10,10260,买盘
2251,10:43:27,10.25,--,7,7175,卖盘
2252,10:43:24,10.25,--,71,72775,卖盘
2253,10:43:21,10.25,--,7,7175,卖盘
2254,10:43:15,10.25,-0.01,7,7175,卖盘
2255,10:43:12,10.26,--,164,168264,卖盘
2256,10:43:09,10.26,--,24,24624,卖盘
2257,10:43:06,10.26,--,8,8208,卖盘
2258,10:43:03,10.26,-0.01,5,5130,卖盘
2259,10:43:00,10.27,0.01,2,2054,买盘
2260,10:42:57,10.26,-0.01,35,35910,卖盘
2261,10:42:54,10.27,--,4,4108,买盘
2262,10:42:48,10.27,-0.01,146,149942,卖盘
2263,10:42:45,10.28,0.01,21,21588,买盘
2264,10:42:39,10.27,--,25,25675,卖盘
2265,10:42:36,10.27,-0.01,23,23621,卖盘
2266,10:42:33,10.28,--,1,1028,买盘
2267,10:42:30,10.28,0.01,8,8224,买盘
2268,10:42:27,10.27,--,16,16432,卖盘
2269,10:42:24,10.27,-0.01,100,102700,卖盘
2270,10:42:18,10.28,0.01,16,16448,买盘
2271,10:42:15,10.27,0.01,21,21567,中性盘
2272,10:42:09,10.26,-0.01,25,25650,卖盘
2273,10:42:06,10.27,--,55,56485,卖盘
2274,10:42:03,10.27,-0.01,1,1027,卖盘
2275,10:42:00,10.28,0.01,251,258027,买盘
2276,10:41:57,10.27,--,7,7189,卖盘
2277,10:41:54,10.27,-0.01,7,7189,卖盘
2278,10:41:51,10.28,0.01,11,11308,买盘
2279,10:41:45,10.27,--,20,20540,卖盘
2280,10:41:39,10.27,--,29,29783,卖盘
2281,10:41:36,10.27,--,14,14378,卖盘
2282,10:41:33,10.27,-0.01,5,5135,卖盘
2283,10:41:30,10.28,0.01,51,52428,买盘
2284,10:41:27,10.27,-0.01,51,52377,卖盘
2285,10:41:21,10.28,--,3,3084,买盘
2286,10:41:18,10.28,--,63,65586,卖盘
2287,10:41:15,10.28,--,22,22616,卖盘
2288,10:41:12,10.28,--,143,147209,卖盘
2289,10:41:09,10.28,--,25,25700,卖盘
2290,10:41:06,10.28,-0.01,49,50372,卖盘
2291,10:41:00,10.29,--,90,93433,卖盘
2292,10:40:54,10.29,--,14,14405,卖盘
2293,10:40:51,10.29,--,2,2058,卖盘
2294,10:40:48,10.29,--,16,16464,卖盘
2295,10:40:45,10.29,--,122,125537,卖盘
2296,10:40:42,10.29,--,5,5145,卖盘
2297,10:40:39,10.29,--,30,30869,卖盘
2298,10:40:36,10.29,-0.01,17,17493,卖盘
2299,10:40:33,10.3,--,32,32960,卖盘
2300,10:40:30,10.3,-0.01,80,82400,卖盘
2301,10:40:27,10.31,0.01,13,13403,买盘
2302,10:40:24,10.3,-0.01,72,74160,卖盘
2303,10:40:21,10.31,0.01,30,30930,买盘
2304,10:40:18,10.3,--,1,1030,卖盘
2305,10:40:15,10.3,--,165,169950,卖盘
2306,10:40:12,10.3,--,8,8240,卖盘
2307,10:40:09,10.3,-0.01,24,24720,卖盘
2308,10:40:06,10.31,--,22,22682,买盘
2309,10:40:03,10.31,0.01,35,36085,买盘
2310,10:39:57,10.3,--,33,33990,卖盘
2311,10:39:54,10.3,-0.01,18,18540,卖盘
2312,10:39:51,10.31,--,10,10310,买盘
2313,10:39:48,10.31,--,1,1031,买盘
2314,10:39:45,10.31,--,85,87635,买盘
2315,10:39:42,10.31,0.01,1,1031,买盘
2316,10:39:39,10.3,-0.02,29,29870,卖盘
2317,10:39:36,10.32,0.01,268,276576,买盘
2318,10:39:33,10.31,0.01,10,10310,中性盘
2319,10:39:24,10.3,-0.01,225,231750,卖盘
2320,10:39:21,10.31,--,832,857998,买盘
2321,10:39:18,10.31,0.01,30,30930,买盘
2322,10:39:15,10.3,-0.01,142,146260,卖盘
2323,10:39:12,10.31,--,6,6186,买盘
2324,10:39:09,10.31,--,140,144340,买盘
2325,10:39:06,10.31,--,87,89697,买盘
2326,10:39:03,10.31,0.01,47,48457,买盘
2327,10:39:00,10.3,-0.01,72,74160,卖盘
2328,10:38:57,10.31,0.01,10,10310,买盘
2329,10:38:54,10.3,0.01,20,20600,中性盘
2330,10:38:45,10.29,--,64,65856,卖盘
2331,10:38:42,10.29,-0.02,7,7202,卖盘
2332,10:38:39,10.31,0.03,28,28868,买盘
2333,10:38:36,10.28,-0.03,134,137752,卖盘
2334,10:38:27,10.31,0.02,552,569112,买盘
2335,10:38:24,10.29,-0.02,96,98783,卖盘
2336,10:38:21,10.31,--,22,22682,买盘
2337,10:38:18,10.31,0.02,240,247440,买盘
2338,10:38:15,10.29,-0.01,224,230495,买盘
2339,10:38:12,10.3,0.01,1278,1316340,买盘
2340,10:38:09,10.29,0.01,548,563892,买盘
2341,10:38:06,10.28,-0.01,59,60651,卖盘
2342,10:38:00,10.29,--,13,13376,买盘
2343,10:37:57,10.29,0.01,75,77175,买盘
2344,10:37:54,10.28,-0.01,6,6168,卖盘
2345,10:37:48,10.29,0.01,2,2058,买盘
2346,10:37:45,10.28,-0.01,23,23644,卖盘
2347,10:37:42,10.29,0.01,5,5145,买盘
2348,10:37:39,10.28,0.01,32,32896,卖盘
2349,10:37:36,10.27,-0.02,21,21567,卖盘
2350,10:37:33,10.29,--,16,16464,买盘
2351,10:37:27,10.29,0.02,15,15434,买盘
2352,10:37:24,10.27,-0.02,82,84214,卖盘
2353,10:37:21,10.29,--,5,5145,买盘
2354,10:37:18,10.29,--,11,11318,买盘
2355,10:37:15,10.29,--,101,103928,买盘
2356,10:37:12,10.29,0.02,257,264453,买盘
2357,10:37:09,10.27,-0.01,41,42107,卖盘
2358,10:37:06,10.28,--,81,83268,卖盘
2359,10:37:03,10.28,--,199,204572,买盘
2360,10:37:00,10.28,-0.01,1,1028,买盘
2361,10:36:57,10.29,0.02,19,19551,买盘
2362,10:36:54,10.27,-0.02,99,101673,卖盘
2363,10:36:48,10.29,0.01,99,101870,买盘
2364,10:36:45,10.28,--,492,505775,买盘
2365,10:36:42,10.28,0.01,10,10280,买盘
2366,10:36:39,10.27,--,27,27729,卖盘
2367,10:36:36,10.27,--,42,43134,卖盘
2368,10:36:33,10.27,--,116,119132,买盘
2369,10:36:30,10.27,--,17,17459,买盘
2370,10:36:27,10.27,0.01,11,11297,买盘
2371,10:36:24,10.26,-0.01,55,56430,卖盘
2372,10:36:21,10.27,0.01,34,34918,买盘
2373,10:36:18,10.26,--,188,192888,卖盘
2374,10:36:15,10.26,-0.01,26,26676,卖盘
2375,10:36:12,10.27,0.01,7,7189,买盘
2376,10:36:09,10.26,--,25,25650,卖盘
2377,10:36:06,10.26,-0.01,5,5130,卖盘
2378,10:36:03,10.27,--,7,7189,买盘
2379,10:36:00,10.27,--,48,49296,买盘
2380,10:35:57,10.27,0.01,45,46215,买盘
2381,10:35:54,10.26,--,25,25650,卖盘
2382,10:35:48,10.26,--,5,5130,卖盘
2383,10:35:45,10.26,-0.01,13,13338,卖盘
2384,10:35:42,10.27,0.01,8,8216,买盘
2385,10:35:39,10.26,-0.01,57,58482,卖盘
2386,10:35:36,10.27,--,66,67782,买盘
2387,10:35:27,10.27,--,6,6162,买盘
2388,10:35:24,10.27,0.02,71,72917,买盘
2389,10:35:21,10.25,--,200,205000,卖盘
2390,10:35:15,10.25,-0.02,10,10250,卖盘
2391,10:35:12,10.27,0.02,9,9243,买盘
2392,10:35:09,10.25,--,24,24600,卖盘
2393,10:35:03,10.25,-0.02,10,10250,卖盘
2394,10:35:00,10.27,0.02,15,15405,买盘
2395,10:34:57,10.25,--,7,7175,卖盘
2396,10:34:54,10.25,--,23,23575,卖盘
2397,10:34:51,10.25,--,7,7175,卖盘
2398,10:34:48,10.25,--,4,4100,卖盘
2399,10:34:45,10.25,-0.02,18,18450,卖盘
2400,10:34:42,10.27,0.02,9,9243,买盘
2401,10:34:39,10.25,-0.02,25,25625,卖盘
2402,10:34:36,10.27,0.02,5,5135,买盘
2403,10:34:33,10.25,0.01,84,86212,买盘
2404,10:34:30,10.24,-0.01,350,358400,卖盘
2405,10:34:27,10.25,--,7,7175,卖盘
2406,10:34:24,10.25,-0.02,20,20500,卖盘
2407,10:34:18,10.27,--,12,12324,买盘
2408,10:34:15,10.27,0.02,67,68809,买盘
2409,10:34:12,10.25,--,37,37925,卖盘
2410,10:34:09,10.25,0.01,25,25625,卖盘
2411,10:34:06,10.24,--,13,13424,卖盘
2412,10:34:03,10.24,-0.01,60,61440,卖盘
2413,10:34:00,10.25,--,209,214225,买盘
2414,10:33:57,10.25,--,82,84050,买盘
2415,10:33:54,10.25,0.01,50,51250,买盘
2416,10:33:51,10.24,-0.01,2,2048,卖盘
2417,10:33:48,10.25,--,5,5125,买盘
2418,10:33:45,10.25,0.01,56,57400,买盘
2419,10:33:42,10.24,0.01,176,180224,买盘
2420,10:33:39,10.23,-0.01,25,25575,卖盘
2421,10:33:36,10.24,0.01,27,27648,中性盘
2422,10:33:33,10.23,-0.01,43,43989,卖盘
2423,10:33:30,10.24,-0.01,36,36976,卖盘
2424,10:33:27,10.25,0.02,12,12300,买盘
2425,10:33:24,10.23,-0.02,63,64449,卖盘
2426,10:33:21,10.25,0.01,102,104550,买盘
2427,10:33:18,10.24,-0.01,10,10240,卖盘
2428,10:33:15,10.25,--,31,31775,买盘
2429,10:33:12,10.25,0.01,142,145550,买盘
2430,10:33:09,10.24,-0.01,28,28672,卖盘
2431,10:33:06,10.25,0.01,8,8200,买盘
2432,10:33:03,10.24,--,22,22528,卖盘
2433,10:32:57,10.24,-0.02,10,10240,卖盘
2434,10:32:54,10.26,--,14,14364,买盘
2435,10:32:51,10.26,0.02,77,79002,买盘
2436,10:32:48,10.24,--,462,473896,买盘
2437,10:32:45,10.24,0.01,200,204800,买盘
2438,10:32:42,10.23,--,20,20460,卖盘
2439,10:32:39,10.23,--,45,46035,卖盘
2440,10:32:33,10.23,--,16,16368,卖盘
2441,10:32:30,10.23,-0.01,6,6260,卖盘
2442,10:32:27,10.24,0.01,16,16384,买盘
2443,10:32:24,10.23,-0.01,84,85932,卖盘
2444,10:32:15,10.24,0.01,14,14336,买盘
2445,10:32:12,10.23,-0.01,107,109461,卖盘
2446,10:32:09,10.24,-0.01,297,304343,卖盘
2447,10:32:06,10.25,0.01,21,21525,中性盘
2448,10:32:03,10.24,-0.01,134,137216,卖盘
2449,10:32:00,10.25,0.01,81,83025,买盘
2450,10:31:57,10.24,-0.01,505,517120,卖盘
2451,10:31:54,10.25,--,15,15375,买盘
2452,10:31:51,10.25,0.01,14,14350,买盘
2453,10:31:48,10.24,--,61,62464,卖盘
2454,10:31:42,10.24,--,30,30720,卖盘
2455,10:31:39,10.24,-0.01,43,44032,卖盘
2456,10:31:36,10.25,0.01,16,16400,买盘
2457,10:31:33,10.24,--,17,17408,卖盘
2458,10:31:30,10.24,-0.01,6,6256,卖盘
2459,10:31:27,10.25,--,15,15375,买盘
2460,10:31:24,10.25,--,31,31775,买盘
2461,10:31:21,10.25,--,6,6150,买盘
2462,10:31:18,10.25,0.01,8,8200,买盘
2463,10:31:12,10.24,--,41,41984,卖盘
2464,10:31:09,10.24,-0.02,78,80783,卖盘
2465,10:31:06,10.26,0.01,19,19494,买盘
2466,10:31:03,10.25,-0.01,26,26650,卖盘
2467,10:31:00,10.26,--,27,27702,买盘
2468,10:30:57,10.26,--,50,51300,买盘
2469,10:30:54,10.26,0.01,20,20520,买盘
2470,10:30:51,10.25,--,19,19475,卖盘
2471,10:30:48,10.25,--,15,15375,卖盘
2472,10:30:42,10.25,--,15,15375,卖盘
2473,10:30:39,10.25,--,35,35875,卖盘
2474,10:30:33,10.25,--,17,17425,卖盘
2475,10:30:30,10.25,-0.01,6,6262,卖盘
2476,10:30:27,10.26,0.02,14,14364,买盘
2477,10:30:24,10.24,--,71,72704,卖盘
2478,10:30:15,10.24,--,54,55296,卖盘
2479,10:30:12,10.24,--,267,273408,卖盘
2480,10:30:09,10.24,-0.02,32,32768,卖盘
2481,10:30:06,10.26,0.02,6,6156,买盘
2482,10:30:03,10.24,-0.01,33,34252,卖盘
2483,10:30:00,10.25,--,7,7175,买盘
2484,10:29:57,10.25,--,9,9225,买盘
2485,10:29:54,10.25,--,42,43050,买盘
2486,10:29:51,10.25,-0.01,114,117413,卖盘
2487,10:29:48,10.26,--,27,27702,卖盘
2488,10:29:45,10.26,--,1,1026,卖盘
2489,10:29:42,10.26,--,15,15390,卖盘
2490,10:29:39,10.26,--,39,40014,卖盘
2491,10:29:36,10.26,--,12,12312,卖盘
2492,10:29:33,10.26,--,13,13338,卖盘
2493,10:29:30,10.26,--,6,6268,卖盘
2494,10:29:24,10.26,--,11,11286,卖盘
2495,10:29:21,10.26,-0.01,11,11286,卖盘
2496,10:29:18,10.27,0.01,8,8216,买盘
2497,10:29:15,10.26,--,30,30780,卖盘
2498,10:29:12,10.26,--,25,25650,卖盘
2499,10:29:09,10.26,-0.01,26,26676,卖盘
2500,10:29:03,10.27,--,25,25675,买盘
2501,10:29:00,10.27,--,33,33891,买盘
2502,10:28:57,10.27,--,6,6162,买盘
2503,10:28:54,10.27,0.01,13,13351,买盘
2504,10:28:51,10.26,0.01,27,27702,卖盘
2505,10:28:48,10.25,--,15,15375,卖盘
2506,10:28:42,10.25,--,24,24600,卖盘
2507,10:28:39,10.25,-0.02,30,30750,卖盘
2508,10:28:33,10.27,--,19,19513,买盘
2509,10:28:30,10.27,0.02,46,47242,买盘
2510,10:28:27,10.25,-0.02,21,21637,卖盘
2511,10:28:24,10.27,--,21,21567,卖盘
2512,10:28:21,10.27,0.02,20,20540,中性盘
2513,10:28:12,10.25,-0.02,77,78925,卖盘
2514,10:28:09,10.27,--,24,24648,卖盘
2515,10:28:06,10.27,0.01,8,8216,买盘
2516,10:28:03,10.26,0.01,280,287280,中性盘
2517,10:28:00,10.25,-0.02,8,8200,卖盘
2518,10:27:54,10.27,0.02,14,14378,买盘
2519,10:27:51,10.25,-0.01,86,88150,卖盘
2520,10:27:48,10.26,0.01,34,34884,买盘
2521,10:27:45,10.25,--,18,18450,卖盘
2522,10:27:42,10.25,--,2,2050,卖盘
2523,10:27:39,10.25,-0.01,25,25625,卖盘
2524,10:27:36,10.26,0.01,6,6156,买盘
2525,10:27:33,10.25,--,12,12300,卖盘
2526,10:27:27,10.25,--,10,10373,卖盘
2527,10:27:24,10.25,--,3,3075,卖盘
2528,10:27:21,10.25,--,15,15375,卖盘
2529,10:27:18,10.25,--,32,32800,卖盘
2530,10:27:12,10.25,--,14,14350,卖盘
2531,10:27:09,10.25,-0.01,25,25625,卖盘
2532,10:27:03,10.26,0.01,20,20520,买盘
2533,10:27:00,10.25,-0.01,2,2050,卖盘
2534,10:26:54,10.26,0.01,9,9234,买盘
2535,10:26:51,10.25,-0.01,45,46125,卖盘
2536,10:26:45,10.26,0.01,21,21546,买盘
2537,10:26:42,10.25,-0.01,127,130175,卖盘
2538,10:26:39,10.26,--,36,36936,买盘
2539,10:26:36,10.26,--,7,7182,买盘
2540,10:26:33,10.26,-0.03,70,71820,卖盘
2541,10:26:30,10.29,0.02,174,179045,买盘
2542,10:26:27,10.27,0.02,6,6274,中性盘
2543,10:26:24,10.25,-0.01,1186,1215762,卖盘
2544,10:26:21,10.26,-0.01,88,90288,卖盘
2545,10:26:18,10.27,--,154,158158,买盘
2546,10:26:15,10.27,0.01,36,36972,买盘
2547,10:26:12,10.26,--,27,27702,卖盘
2548,10:26:09,10.26,-0.01,33,33858,卖盘
2549,10:26:06,10.27,--,53,54431,买盘
2550,10:26:03,10.27,--,55,56485,买盘
2551,10:26:00,10.27,--,22,22594,买盘
2552,10:25:57,10.27,--,130,133510,买盘
2553,10:25:54,10.27,--,61,62647,买盘
2554,10:25:48,10.27,--,59,60593,买盘
2555,10:25:45,10.27,--,277,285393,卖盘
2556,10:25:42,10.27,--,21,21567,卖盘
2557,10:25:39,10.27,-0.02,29,29783,卖盘
2558,10:25:36,10.29,0.01,7,7202,买盘
2559,10:25:33,10.28,--,14,14392,买盘
2560,10:25:30,10.28,0.01,2,2056,买盘
2561,10:25:27,10.27,--,8,8328,卖盘
2562,10:25:21,10.27,--,21,21567,卖盘
2563,10:25:18,10.27,-0.01,20,20540,卖盘
2564,10:25:15,10.28,0.01,11,11308,买盘
2565,10:25:12,10.27,--,18,18486,卖盘
2566,10:25:09,10.27,--,29,29783,卖盘
2567,10:25:06,10.27,--,4,4108,卖盘
2568,10:25:03,10.27,--,4,4108,卖盘
2569,10:24:54,10.27,--,16,16432,卖盘
2570,10:24:48,10.27,--,1,1027,买盘
2571,10:24:45,10.27,0.01,9,9243,买盘
2572,10:24:42,10.26,--,27,27702,卖盘
2573,10:24:39,10.26,-0.02,25,25650,卖盘
2574,10:24:36,10.28,--,20,20560,买盘
2575,10:24:33,10.28,--,89,91492,买盘
2576,10:24:30,10.28,--,10,10280,买盘
2577,10:24:27,10.28,0.02,56,57568,买盘
2578,10:24:24,10.26,-0.01,350,359100,卖盘
2579,10:24:21,10.27,--,3,3081,卖盘
2580,10:24:18,10.27,-0.01,11,11297,卖盘
2581,10:24:15,10.28,0.01,8,8224,买盘
2582,10:24:12,10.27,--,10,10270,卖盘
2583,10:24:09,10.27,--,30,30810,卖盘
2584,10:24:06,10.27,--,3,3081,卖盘
2585,10:24:03,10.27,--,4,4108,卖盘
2586,10:23:54,10.27,-0.01,18,18486,卖盘
2587,10:23:51,10.28,--,4,4112,买盘
2588,10:23:45,10.28,0.01,9,9252,买盘
2589,10:23:42,10.27,--,56,57512,卖盘
2590,10:23:39,10.27,-0.02,25,25675,卖盘
2591,10:23:33,10.29,--,46,47333,买盘
2592,10:23:30,10.29,0.01,161,165669,买盘
2593,10:23:27,10.28,-0.01,24,24672,卖盘
2594,10:23:24,10.29,0.03,67,68943,买盘
2595,10:23:18,10.26,-0.02,121,124146,卖盘
2596,10:23:15,10.28,0.01,17,17476,买盘
2597,10:23:12,10.27,-0.01,153,157131,卖盘
2598,10:23:09,10.28,--,24,24672,卖盘
2599,10:23:06,10.28,--,18,18504,卖盘
2600,10:23:03,10.28,-0.01,45,46260,卖盘
2601,10:22:57,10.29,0.01,39,40131,买盘
2602,10:22:54,10.28,--,217,223076,买盘
2603,10:22:48,10.28,0.01,9,9252,买盘
2604,10:22:45,10.27,--,69,70863,卖盘
2605,10:22:42,10.27,--,105,107835,卖盘
2606,10:22:39,10.27,-0.01,47,48269,卖盘
2607,10:22:33,10.28,0.01,64,65792,买盘
2608,10:22:30,10.27,-0.01,250,256750,卖盘
2609,10:22:27,10.28,--,6,6168,买盘
2610,10:22:24,10.28,--,39,40092,买盘
2611,10:22:21,10.28,-0.01,21,21588,卖盘
2612,10:22:18,10.29,--,5,5145,买盘
2613,10:22:15,10.29,0.03,25,25724,买盘
2614,10:22:12,10.26,--,132,135432,卖盘
2615,10:22:09,10.26,-0.01,37,37962,卖盘
2616,10:22:06,10.27,--,41,42107,卖盘
2617,10:22:03,10.27,-0.02,18,18486,卖盘
2618,10:22:00,10.29,--,10,10290,买盘
2619,10:21:57,10.29,0.02,57,58652,买盘
2620,10:21:54,10.27,--,350,359450,卖盘
2621,10:21:51,10.27,-0.01,36,36972,卖盘
2622,10:21:48,10.28,-0.01,50,51400,卖盘
2623,10:21:45,10.29,0.01,5,5145,买盘
2624,10:21:42,10.28,--,24,24672,卖盘
2625,10:21:39,10.28,-0.01,66,67848,卖盘
2626,10:21:36,10.29,0.01,7,7202,买盘
2627,10:21:33,10.28,--,23,23644,卖盘
2628,10:21:30,10.28,--,9,9252,买盘
2629,10:21:24,10.28,0.01,14,14392,买盘
2630,10:21:21,10.27,-0.01,33,33891,卖盘
2631,10:21:18,10.28,0.01,28,28784,卖盘
2632,10:21:15,10.27,--,15,15405,买盘
2633,10:21:12,10.27,-0.02,81,83187,卖盘
2634,10:21:09,10.29,-0.01,41,42189,买盘
2635,10:21:03,10.3,--,12,12360,买盘
2636,10:21:00,10.3,0.01,59,60770,买盘
2637,10:20:57,10.29,--,369,379700,卖盘
2638,10:20:51,10.29,--,10,10290,卖盘
2639,10:20:48,10.29,-0.01,1,1029,卖盘
2640,10:20:45,10.3,0.01,8,8240,买盘
2641,10:20:42,10.29,--,43,44246,卖盘
2642,10:20:39,10.29,-0.01,27,27782,卖盘
2643,10:20:36,10.3,0.01,23,23690,买盘
2644,10:20:33,10.29,0.01,121,124508,中性盘
2645,10:20:24,10.28,--,40,41120,卖盘
2646,10:20:21,10.28,-0.01,148,152144,卖盘
2647,10:20:18,10.29,--,5,5145,买盘
2648,10:20:15,10.29,--,7,7202,买盘
2649,10:20:12,10.29,0.01,31,31898,买盘
2650,10:20:09,10.28,-0.01,34,34952,卖盘
2651,10:20:06,10.29,0.01,20,20580,买盘
2652,10:20:03,10.28,--,92,94576,卖盘
2653,10:20:00,10.28,-0.01,7,7196,卖盘
2654,10:19:57,10.29,0.01,18,18522,买盘
2655,10:19:54,10.28,--,99,101772,卖盘
2656,10:19:51,10.28,--,337,347330,买盘
2657,10:19:48,10.28,--,5,5140,买盘
2658,10:19:45,10.28,--,43,44204,买盘
2659,10:19:42,10.28,0.01,100,102800,买盘
2660,10:19:39,10.27,-0.01,125,128375,卖盘
2661,10:19:36,10.28,--,30,30839,买盘
2662,10:19:33,10.28,0.01,31,31867,买盘
2663,10:19:30,10.27,-0.01,33,33891,卖盘
2664,10:19:27,10.28,--,15,15419,买盘
2665,10:19:24,10.28,0.01,38,39064,买盘
2666,10:19:21,10.27,-0.01,35,35945,卖盘
2667,10:19:18,10.28,--,11,11308,买盘
2668,10:19:15,10.28,--,14,14392,买盘
2669,10:19:12,10.28,0.01,87,89436,买盘
2670,10:19:09,10.27,-0.01,57,58539,卖盘
2671,10:19:06,10.28,0.01,81,83268,买盘
2672,10:19:03,10.27,--,310,318862,买盘
2673,10:18:54,10.27,0.01,12,12324,买盘
2674,10:18:51,10.26,--,53,54378,卖盘
2675,10:18:45,10.26,--,42,43092,卖盘
2676,10:18:42,10.26,--,158,162108,卖盘
2677,10:18:39,10.26,--,61,62586,卖盘
2678,10:18:36,10.26,--,83,85158,买盘
2679,10:18:33,10.26,--,42,43092,买盘
2680,10:18:30,10.26,--,31,31806,卖盘
2681,10:18:27,10.26,-0.01,9,9234,卖盘
2682,10:18:24,10.27,0.02,34,34918,买盘
2683,10:18:21,10.25,-0.01,176,180400,卖盘
2684,10:18:15,10.26,--,6,6156,买盘
2685,10:18:12,10.26,0.02,34,34884,买盘
2686,10:18:09,10.24,-0.03,219,224256,卖盘
2687,10:18:06,10.27,--,16,16432,买盘
2688,10:18:03,10.27,--,90,92430,买盘
2689,10:18:00,10.27,--,20,20540,买盘
2690,10:17:57,10.27,--,108,110916,买盘
2691,10:17:54,10.27,0.02,12,12324,买盘
2692,10:17:51,10.25,--,45,46125,卖盘
2693,10:17:42,10.25,--,31,31775,卖盘
2694,10:17:39,10.25,--,58,59450,卖盘
2695,10:17:36,10.25,-0.02,167,171175,卖盘
2696,10:17:33,10.27,--,95,97565,买盘
2697,10:17:27,10.27,--,12,12324,买盘
2698,10:17:24,10.27,0.02,62,63674,买盘
2699,10:17:21,10.25,-0.01,393,402825,卖盘
2700,10:17:15,10.26,0.01,25,25650,买盘
2701,10:17:12,10.25,--,19,19475,卖盘
2702,10:17:09,10.25,--,32,32800,卖盘
2703,10:17:06,10.25,-0.01,37,37925,卖盘
2704,10:17:03,10.26,--,95,97470,买盘
2705,10:16:54,10.26,0.01,20,20520,买盘
2706,10:16:51,10.25,--,76,77900,卖盘
2707,10:16:48,10.25,-0.01,350,358750,卖盘
2708,10:16:45,10.26,0.01,5,5130,买盘
2709,10:16:42,10.25,--,19,19475,卖盘
2710,10:16:39,10.25,-0.01,24,24600,卖盘
2711,10:16:33,10.26,--,14,14364,买盘
2712,10:16:30,10.26,--,39,40014,买盘
2713,10:16:27,10.26,--,19,19494,买盘
2714,10:16:24,10.26,0.01,7,7182,买盘
2715,10:16:21,10.25,--,13,13325,卖盘
2716,10:16:18,10.25,-0.01,2,2050,卖盘
2717,10:16:15,10.26,0.01,20,20520,买盘
2718,10:16:12,10.25,--,9,9225,卖盘
2719,10:16:09,10.25,-0.01,25,25625,卖盘
2720,10:16:06,10.26,--,7,7182,买盘
2721,10:16:03,10.26,-0.01,23,23598,中性盘
2722,10:15:54,10.27,0.02,19,19513,买盘
2723,10:15:51,10.25,-0.02,92,94300,卖盘
2724,10:15:48,10.27,--,10,10270,买盘
2725,10:15:45,10.27,0.02,59,60593,买盘
2726,10:15:42,10.25,-0.01,49,50225,卖盘
2727,10:15:39,10.26,--,72,73872,卖盘
2728,10:15:36,10.26,--,267,273942,卖盘
2729,10:15:33,10.26,--,38,39213,卖盘
2730,10:15:30,10.26,-0.01,155,159030,卖盘
2731,10:15:24,10.27,0.01,14,14378,买盘
2732,10:15:21,10.26,--,11,11286,卖盘
2733,10:15:18,10.26,--,2,2052,卖盘
2734,10:15:15,10.26,--,12,12312,卖盘
2735,10:15:12,10.26,--,12,12312,卖盘
2736,10:15:09,10.26,-0.01,24,24624,卖盘
2737,10:15:06,10.27,0.01,10,10270,买盘
2738,10:15:03,10.26,--,11,11286,卖盘
2739,10:15:00,10.26,0.01,11,11286,买盘
2740,10:14:54,10.25,--,3,3075,卖盘
2741,10:14:51,10.25,-0.02,14,14350,卖盘
2742,10:14:45,10.27,0.02,9,9243,买盘
2743,10:14:42,10.25,--,62,63550,卖盘
2744,10:14:39,10.25,-0.02,25,25625,卖盘
2745,10:14:36,10.27,0.02,10,10270,买盘
2746,10:14:33,10.25,-0.02,43,44075,卖盘
2747,10:14:30,10.27,0.02,23,23621,买盘
2748,10:14:27,10.25,-0.02,156,159900,卖盘
2749,10:14:24,10.27,0.02,31,31837,买盘
2750,10:14:21,10.25,-0.02,183,187575,卖盘
2751,10:14:18,10.27,--,23,23621,买盘
2752,10:14:15,10.27,0.02,56,57512,买盘
2753,10:14:12,10.25,-0.01,332,340300,卖盘
2754,10:14:09,10.26,--,65,66690,卖盘
2755,10:14:06,10.26,--,215,220590,买盘
2756,10:14:03,10.26,--,58,59508,买盘
2757,10:14:00,10.26,--,252,258552,卖盘
2758,10:13:57,10.26,--,30,30780,卖盘
2759,10:13:54,10.26,--,32,32832,卖盘
2760,10:13:51,10.26,--,6,6156,卖盘
2761,10:13:45,10.26,--,35,35910,卖盘
2762,10:13:42,10.26,--,28,28728,卖盘
2763,10:13:39,10.26,--,43,44118,卖盘
2764,10:13:33,10.26,--,47,48222,卖盘
2765,10:13:30,10.26,-0.01,3,3078,卖盘
2766,10:13:27,10.27,0.01,46,47242,买盘
2767,10:13:21,10.26,0.01,235,241110,卖盘
2768,10:13:15,10.25,--,10,10250,卖盘
2769,10:13:12,10.25,--,3,3075,卖盘
2770,10:13:09,10.25,--,24,24600,卖盘
2771,10:13:03,10.25,-0.02,7,7175,卖盘
2772,10:12:57,10.27,--,8,8216,买盘
2773,10:12:54,10.27,0.02,1,1027,买盘
2774,10:12:51,10.25,--,29,29725,卖盘
2775,10:12:48,10.25,--,1,1025,卖盘
2776,10:12:42,10.25,--,42,43050,卖盘
2777,10:12:39,10.25,-0.02,101,103525,卖盘
2778,10:12:33,10.27,0.02,9,9243,买盘
2779,10:12:27,10.25,-0.01,170,174250,卖盘
2780,10:12:21,10.26,--,16,16416,卖盘
2781,10:12:15,10.26,--,5,5130,卖盘
2782,10:12:12,10.26,--,1,1026,卖盘
2783,10:12:09,10.26,--,32,32832,卖盘
2784,10:12:06,10.26,--,1,1026,卖盘
2785,10:12:03,10.26,--,6,6156,卖盘
2786,10:12:00,10.26,-0.01,2,2052,卖盘
2787,10:11:54,10.27,0.02,1,1027,买盘
2788,10:11:51,10.25,-0.03,28,28700,卖盘
2789,10:11:45,10.28,0.03,5,5140,买盘
2790,10:11:42,10.25,--,111,113775,卖盘
2791,10:11:39,10.25,-0.01,24,24600,卖盘
2792,10:11:33,10.26,-0.01,7,7182,卖盘
2793,10:11:30,10.27,0.01,20,20540,买盘
2794,10:11:27,10.26,0.01,3,3078,中性盘
2795,10:11:21,10.25,--,34,34850,卖盘
2796,10:11:15,10.25,-0.02,1,1025,卖盘
2797,10:11:09,10.27,--,47,48269,卖盘
2798,10:11:03,10.27,0.01,23,23621,买盘
2799,10:11:00,10.26,-0.02,138,141588,卖盘
2800,10:10:54,10.28,0.02,159,163452,买盘
2801,10:10:45,10.26,0.01,10,10260,中性盘
2802,10:10:39,10.25,-0.02,25,25625,卖盘
2803,10:10:36,10.27,--,10,10270,买盘
2804,10:10:33,10.27,0.02,10,10270,买盘
2805,10:10:30,10.25,-0.01,91,93275,卖盘
2806,10:10:24,10.26,-0.02,37,37962,卖盘
2807,10:10:12,10.28,0.03,108,111024,买盘
2808,10:10:09,10.25,-0.01,28,28700,卖盘
2809,10:10:03,10.26,-0.02,12,12312,买盘
2810,10:09:57,10.28,0.02,108,111024,买盘
2811,10:09:54,10.26,--,12,12312,买盘
2812,10:09:51,10.26,-0.02,7,7182,卖盘
2813,10:09:45,10.28,--,130,133640,买盘
2814,10:09:42,10.28,0.02,1,1028,买盘
2815,10:09:39,10.26,-0.01,153,156978,卖盘
2816,10:09:33,10.27,0.01,300,308100,买盘
2817,10:09:30,10.26,--,8,8208,卖盘
2818,10:09:27,10.26,0.01,28,28728,卖盘
2819,10:09:24,10.25,-0.02,107,109675,卖盘
2820,10:09:21,10.27,0.02,34,34918,买盘
2821,10:09:18,10.25,--,2,2050,卖盘
2822,10:09:15,10.25,--,9,9225,卖盘
2823,10:09:09,10.25,-0.02,29,29725,卖盘
2824,10:09:06,10.27,0.01,108,110916,买盘
2825,10:08:57,10.26,-0.01,15,15390,卖盘
