,time,price,change,volume,amount,type
0,15:00:03,13.27,--,3400,4512330,买盘
1,14:57:00,13.27,--,394,523368,买盘
2,14:56:57,13.27,--,105,139335,买盘
3,14:56:54,13.27,--,157,208339,买盘
4,14:56:51,13.27,--,169,224263,买盘
5,14:56:48,13.27,0.01,123,163221,买盘
6,14:56:45,13.26,-0.01,195,258570,卖盘
7,14:56:42,13.27,--,73,96871,买盘
8,14:56:39,13.27,--,308,408716,买盘
9,14:56:36,13.27,0.01,137,181799,买盘
10,14:56:33,13.26,-0.01,183,242658,卖盘
11,14:56:30,13.27,--,197,261419,买盘
12,14:56:27,13.27,0.01,174,230898,买盘
13,14:56:24,13.26,-0.01,27,35802,卖盘
14,14:56:21,13.27,--,76,100852,买盘
15,14:56:18,13.27,--,197,261419,买盘
16,14:56:15,13.27,--,102,135354,买盘
17,14:56:12,13.27,0.01,209,277343,买盘
18,14:56:09,13.26,-0.01,96,127296,卖盘
19,14:56:06,13.27,0.01,86,114122,买盘
20,14:56:03,13.26,-0.01,733,971958,卖盘
21,14:56:00,13.27,0.01,55,72985,买盘
22,14:55:57,13.26,--,125,165750,卖盘
23,14:55:54,13.26,--,122,161772,卖盘
24,14:55:51,13.26,--,36,47736,卖盘
25,14:55:48,13.26,--,60,79560,卖盘
26,14:55:45,13.26,--,99,131274,卖盘
27,14:55:42,13.26,-0.01,18,23868,卖盘
28,14:55:39,13.27,--,31,41137,买盘
29,14:55:36,13.27,0.01,50,66350,买盘
30,14:55:33,13.26,--,367,486642,卖盘
31,14:55:30,13.26,--,25,33150,卖盘
32,14:55:24,13.26,--,166,220116,卖盘
33,14:55:21,13.26,--,155,205530,卖盘
34,14:55:18,13.26,-0.01,388,514488,卖盘
35,14:55:15,13.27,--,193,256111,买盘
36,14:55:12,13.27,0.01,483,640941,买盘
37,14:55:09,13.26,--,204,270504,卖盘
38,14:55:06,13.26,--,161,213486,卖盘
39,14:55:03,13.26,-0.01,103,136578,卖盘
40,14:55:00,13.27,0.01,263,349001,买盘
41,14:54:57,13.26,-0.01,60,79560,卖盘
42,14:54:54,13.27,0.01,125,165875,买盘
43,14:54:51,13.26,--,79,104754,卖盘
44,14:54:48,13.26,--,211,279786,卖盘
45,14:54:45,13.26,--,524,694824,买盘
46,14:54:42,13.26,--,40,53040,买盘
47,14:54:39,13.26,--,445,590070,买盘
48,14:54:36,13.26,--,46,60996,买盘
49,14:54:33,13.26,0.01,123,163098,买盘
50,14:54:30,13.25,--,185,245125,卖盘
51,14:54:27,13.25,--,383,507475,卖盘
52,14:54:24,13.25,-0.01,199,263675,卖盘
53,14:54:21,13.26,0.01,84,111384,买盘
54,14:54:18,13.25,-0.01,74,98050,卖盘
55,14:54:15,13.26,0.01,246,326196,买盘
56,14:54:12,13.25,-0.01,108,143100,卖盘
57,14:54:09,13.26,--,42,55692,买盘
58,14:54:06,13.26,--,128,169728,买盘
59,14:54:03,13.26,0.01,44,58344,买盘
60,14:54:00,13.25,-0.01,518,686350,卖盘
61,14:53:57,13.26,--,143,189618,买盘
62,14:53:54,13.26,0.01,231,306306,买盘
63,14:53:51,13.25,--,5,6625,卖盘
64,14:53:48,13.25,-0.01,667,883775,卖盘
65,14:53:45,13.26,--,63,83538,卖盘
66,14:53:42,13.26,--,70,92820,卖盘
67,14:53:39,13.26,--,49,64974,卖盘
68,14:53:36,13.26,--,55,72930,卖盘
69,14:53:33,13.26,--,36,47736,卖盘
70,14:53:30,13.26,--,40,53040,买盘
71,14:53:27,13.26,0.01,59,78234,买盘
72,14:53:24,13.25,-0.01,128,170832,卖盘
73,14:53:21,13.26,--,90,119340,买盘
74,14:53:18,13.26,--,61,80886,买盘
75,14:53:15,13.26,--,715,948090,买盘
76,14:53:12,13.26,--,266,352808,卖盘
77,14:53:09,13.26,-0.01,23,30498,卖盘
78,14:53:06,13.27,0.01,10,13270,买盘
79,14:53:03,13.26,--,59,78234,卖盘
80,14:53:00,13.26,-0.01,332,440232,卖盘
81,14:52:57,13.27,0.01,215,285305,买盘
82,14:52:54,13.26,-0.01,78,103428,卖盘
83,14:52:51,13.27,--,132,175164,买盘
84,14:52:48,13.27,0.01,364,483028,买盘
85,14:52:42,13.26,-0.01,5,6630,卖盘
86,14:52:39,13.27,--,111,147297,买盘
87,14:52:36,13.27,0.01,21,27867,买盘
88,14:52:33,13.26,--,5,6630,卖盘
89,14:52:30,13.26,--,86,114036,卖盘
90,14:52:27,13.26,--,204,270504,卖盘
91,14:52:24,13.26,--,344,456144,卖盘
92,14:52:21,13.26,--,1141,1512966,卖盘
93,14:52:18,13.26,--,76,100776,卖盘
94,14:52:15,13.26,--,406,539589,买盘
95,14:52:12,13.26,0.01,234,310284,买盘
96,14:52:09,13.25,-0.01,706,935450,卖盘
97,14:52:06,13.26,--,17,22542,买盘
98,14:52:03,13.26,0.01,115,152490,买盘
99,14:52:00,13.25,--,16,21200,卖盘
100,14:51:57,13.25,-0.01,138,182942,卖盘
101,14:51:54,13.26,--,51,67626,卖盘
102,14:51:51,13.26,--,41,54366,卖盘
103,14:51:48,13.26,--,39,51714,卖盘
104,14:51:42,13.26,-0.01,98,129948,卖盘
105,14:51:39,13.27,0.01,85,112795,买盘
106,14:51:36,13.26,--,32,42432,卖盘
107,14:51:33,13.26,--,46,60996,卖盘
108,14:51:30,13.26,--,34,45084,卖盘
109,14:51:27,13.26,--,30,39780,卖盘
110,14:51:24,13.26,-0.01,165,218790,卖盘
111,14:51:21,13.27,0.01,108,143316,买盘
112,14:51:18,13.26,--,27,36650,卖盘
113,14:51:15,13.26,--,135,179010,卖盘
114,14:51:12,13.26,--,32,42432,卖盘
115,14:51:09,13.26,-0.01,35,46410,卖盘
116,14:51:06,13.27,0.01,97,128719,买盘
117,14:51:03,13.26,-0.01,112,148512,卖盘
118,14:51:00,13.27,0.01,8,10616,买盘
119,14:50:57,13.26,--,50,66300,卖盘
120,14:50:54,13.26,--,29,38454,卖盘
121,14:50:51,13.26,--,189,250614,卖盘
122,14:50:48,13.26,--,16,21216,卖盘
123,14:50:45,13.26,--,23,30498,卖盘
124,14:50:42,13.26,--,33,43758,卖盘
125,14:50:39,13.26,--,152,201552,卖盘
126,14:50:36,13.26,--,19,25194,卖盘
127,14:50:33,13.26,--,9,11934,卖盘
128,14:50:27,13.26,--,142,188292,卖盘
129,14:50:24,13.26,-0.01,12,15912,卖盘
130,14:50:21,13.27,0.01,39,51753,买盘
131,14:50:18,13.26,--,72,95472,卖盘
132,14:50:15,13.26,--,647,858306,买盘
133,14:50:12,13.26,--,51,67626,买盘
134,14:50:09,13.26,--,57,75582,买盘
135,14:50:06,13.26,--,400,531341,卖盘
136,14:50:03,13.26,--,1,1326,卖盘
137,14:50:00,13.26,--,58,76908,卖盘
138,14:49:57,13.26,-0.01,143,189618,卖盘
139,14:49:54,13.27,0.01,77,102179,买盘
140,14:49:51,13.26,-0.01,20,26520,卖盘
141,14:49:48,13.27,0.01,17,22559,买盘
142,14:49:45,13.26,-0.01,64,84864,卖盘
143,14:49:42,13.27,0.01,15,19905,买盘
144,14:49:39,13.26,--,421,558630,买盘
145,14:49:36,13.26,--,75,99450,买盘
146,14:49:33,13.26,--,67,88842,买盘
147,14:49:30,13.26,--,140,186581,卖盘
148,14:49:27,13.26,--,36,47736,卖盘
149,14:49:24,13.26,--,109,144534,卖盘
150,14:49:21,13.26,--,11,14586,卖盘
151,14:49:18,13.26,--,52,68952,卖盘
152,14:49:15,13.26,--,84,111384,卖盘
153,14:49:12,13.26,--,88,116688,卖盘
154,14:49:09,13.26,--,77,102102,卖盘
155,14:49:06,13.26,--,45,59670,卖盘
156,14:49:03,13.26,--,626,830460,买盘
157,14:49:00,13.26,0.01,85,112710,买盘
158,14:48:57,13.25,-0.01,16,21200,卖盘
159,14:48:54,13.26,--,32,43267,买盘
160,14:48:51,13.26,0.01,68,90168,买盘
161,14:48:48,13.25,-0.01,5,6625,卖盘
162,14:48:45,13.26,0.01,890,1180140,买盘
163,14:48:42,13.25,--,4,5300,卖盘
164,14:48:39,13.25,-0.01,29,38425,卖盘
165,14:48:36,13.26,0.01,347,460122,买盘
166,14:48:33,13.25,--,1,1325,卖盘
167,14:48:30,13.25,-0.01,215,284875,卖盘
168,14:48:27,13.26,0.01,140,185640,买盘
169,14:48:24,13.25,--,170,225250,卖盘
170,14:48:21,13.25,-0.01,67,88775,卖盘
171,14:48:18,13.26,--,596,791237,卖盘
172,14:48:15,13.26,--,66,87516,卖盘
173,14:48:12,13.26,--,77,102102,卖盘
174,14:48:09,13.26,--,29,38454,卖盘
175,14:48:06,13.26,--,17,22542,卖盘
176,14:48:03,13.26,--,38,51488,卖盘
177,14:48:00,13.26,--,288,382497,买盘
178,14:47:57,13.26,0.01,581,770406,买盘
179,14:47:54,13.25,-0.01,144,190800,卖盘
180,14:47:51,13.26,0.01,106,140556,买盘
181,14:47:48,13.25,--,36,47700,卖盘
182,14:47:45,13.25,--,26,34450,卖盘
183,14:47:42,13.25,-0.01,24,31800,卖盘
184,14:47:39,13.26,-0.01,290,384990,卖盘
185,14:47:36,13.27,0.01,1,1327,买盘
186,14:47:33,13.26,--,156,207731,买盘
187,14:47:30,13.26,--,58,76908,买盘
188,14:47:27,13.26,0.01,180,238680,买盘
189,14:47:24,13.25,-0.01,41,54325,卖盘
190,14:47:21,13.26,0.01,45,59670,买盘
191,14:47:18,13.25,--,116,153700,卖盘
192,14:47:15,13.25,--,212,280900,卖盘
193,14:47:12,13.25,--,10,13250,卖盘
194,14:47:09,13.25,--,14,18550,卖盘
195,14:47:06,13.25,-0.01,20,26500,卖盘
196,14:47:03,13.26,--,414,549414,卖盘
197,14:47:00,13.26,-0.01,679,900354,卖盘
198,14:46:57,13.27,0.01,66,87582,买盘
199,14:46:54,13.26,-0.01,1067,1414842,卖盘
200,14:46:51,13.27,0.01,38,50426,买盘
201,14:46:48,13.26,--,23,30498,卖盘
202,14:46:45,13.26,--,418,554268,卖盘
203,14:46:42,13.26,--,22,29172,卖盘
204,14:46:39,13.26,--,12,15912,卖盘
205,14:46:36,13.26,--,278,368628,卖盘
206,14:46:33,13.26,--,67,88842,卖盘
207,14:46:30,13.26,--,88,116688,卖盘
208,14:46:27,13.26,--,1,1326,卖盘
209,14:46:24,13.26,-0.01,36,47736,卖盘
210,14:46:21,13.27,0.01,7,9289,买盘
211,14:46:18,13.26,-0.01,10,13260,卖盘
212,14:46:15,13.27,--,43,57061,买盘
213,14:46:12,13.27,--,1,1327,买盘
214,14:46:09,13.27,--,15,19905,买盘
215,14:46:06,13.27,--,998,1324346,卖盘
216,14:46:03,13.27,--,523,694021,卖盘
217,14:46:00,13.27,--,2,2654,卖盘
218,14:45:57,13.27,-0.01,13,17251,卖盘
219,14:45:54,13.28,--,127,168656,买盘
220,14:45:51,13.28,--,6,7968,买盘
221,14:45:48,13.28,0.01,38,50464,买盘
222,14:45:45,13.27,--,198,262746,卖盘
223,14:45:42,13.27,--,18,23886,卖盘
224,14:45:39,13.27,-0.01,21,27867,卖盘
225,14:45:36,13.28,-0.01,41,54448,卖盘
226,14:45:33,13.29,0.01,131,174099,买盘
227,14:45:30,13.28,--,27,35856,卖盘
228,14:45:27,13.28,--,111,147408,卖盘
229,14:45:24,13.28,--,28,37184,卖盘
230,14:45:21,13.28,--,126,167328,卖盘
231,14:45:18,13.28,--,27,35856,卖盘
232,14:45:15,13.28,0.01,158,209824,买盘
233,14:45:09,13.27,-0.01,1,1327,卖盘
234,14:45:06,13.28,--,100,132800,买盘
235,14:45:03,13.28,0.01,214,284192,买盘
236,14:45:00,13.27,-0.01,10,13270,卖盘
237,14:44:57,13.28,-0.01,63,83664,卖盘
238,14:44:54,13.29,0.01,189,251180,买盘
239,14:44:51,13.28,--,125,166000,卖盘
240,14:44:48,13.28,--,7,9296,卖盘
241,14:44:45,13.28,--,19,25232,卖盘
242,14:44:42,13.28,--,72,95616,卖盘
243,14:44:39,13.28,--,11,14608,卖盘
244,14:44:36,13.28,--,66,87648,卖盘
245,14:44:33,13.28,--,40,53120,卖盘
246,14:44:30,13.28,-0.01,10,13280,卖盘
247,14:44:27,13.29,0.01,18,23922,买盘
248,14:44:24,13.28,--,46,61088,卖盘
249,14:44:21,13.28,--,28,37184,买盘
250,14:44:18,13.28,--,24,31872,买盘
251,14:44:15,13.28,--,2,2656,买盘
252,14:44:12,13.28,--,183,243024,卖盘
253,14:44:06,13.28,--,6,7968,卖盘
254,14:44:03,13.28,-0.01,7,9296,卖盘
255,14:44:00,13.29,--,5,6645,买盘
256,14:43:57,13.29,0.02,1,1329,买盘
257,14:43:54,13.27,-0.01,9,11943,卖盘
258,14:43:51,13.28,--,88,116864,买盘
259,14:43:48,13.28,0.01,1,1328,买盘
260,14:43:45,13.27,--,10,13270,卖盘
261,14:43:42,13.27,--,6,7962,卖盘
262,14:43:39,13.27,-0.02,18,23886,卖盘
263,14:43:36,13.29,0.02,21,27909,买盘
264,14:43:33,13.27,--,177,234879,卖盘
265,14:43:30,13.27,-0.01,98,130046,卖盘
266,14:43:27,13.28,0.01,238,316064,买盘
267,14:43:24,13.27,--,92,122084,卖盘
268,14:43:18,13.27,--,11,14597,卖盘
269,14:43:15,13.27,-0.01,5,6635,卖盘
270,14:43:09,13.28,0.02,45,59760,买盘
271,14:43:03,13.26,-0.01,204,270504,卖盘
272,14:43:00,13.27,0.01,1,1327,买盘
273,14:42:57,13.26,--,827,1096602,卖盘
274,14:42:54,13.26,-0.01,36,47736,卖盘
275,14:42:51,13.27,0.01,7,9289,买盘
276,14:42:48,13.26,-0.01,27,35802,卖盘
277,14:42:45,13.27,0.01,41,54407,买盘
278,14:42:42,13.26,--,3,3978,卖盘
279,14:42:39,13.26,-0.01,36,47736,卖盘
280,14:42:36,13.27,0.01,8,10616,买盘
281,14:42:30,13.26,--,11,14586,卖盘
282,14:42:27,13.26,--,20,26520,卖盘
283,14:42:24,13.26,-0.01,74,98124,卖盘
284,14:42:21,13.27,0.01,32,42464,买盘
285,14:42:18,13.26,-0.01,17,22542,卖盘
286,14:42:15,13.27,--,1,1327,买盘
287,14:42:12,13.27,--,9,11943,买盘
288,14:42:09,13.27,-0.01,193,256111,卖盘
289,14:42:06,13.28,0.01,792,1051776,买盘
290,14:42:03,13.27,--,18,23886,卖盘
291,14:42:00,13.27,--,8,10616,卖盘
292,14:41:57,13.27,-0.01,522,692694,卖盘
293,14:41:54,13.28,-0.01,58,77024,卖盘
294,14:41:51,13.29,0.01,3,3986,买盘
295,14:41:48,13.28,--,51,67728,卖盘
296,14:41:45,13.28,-0.01,35,46480,卖盘
297,14:41:42,13.29,0.01,199,264471,买盘
298,14:41:39,13.28,-0.01,256,339968,卖盘
299,14:41:36,13.29,--,111,147519,买盘
300,14:41:33,13.29,0.01,37,49173,买盘
301,14:41:30,13.28,--,2,2656,卖盘
302,14:41:27,13.28,--,53,70384,卖盘
303,14:41:24,13.28,-0.01,9,11952,卖盘
304,14:41:21,13.29,0.01,2,2658,买盘
305,14:41:18,13.28,--,18,23904,卖盘
306,14:41:15,13.28,-0.01,63,83664,卖盘
307,14:41:12,13.29,0.01,25,33225,买盘
308,14:41:09,13.28,--,34,45152,卖盘
309,14:41:06,13.28,-0.01,39,51792,卖盘
310,14:41:03,13.29,-0.01,108,143532,卖盘
311,14:41:00,13.3,0.01,1,1330,买盘
312,14:40:57,13.29,-0.01,1,1329,中性盘
313,14:40:54,13.3,--,15,19950,买盘
314,14:40:51,13.3,0.02,24,31920,买盘
315,14:40:48,13.28,-0.01,55,73040,卖盘
316,14:40:45,13.29,--,53,70437,卖盘
317,14:40:42,13.29,--,132,175428,卖盘
318,14:40:39,13.29,-0.01,23,30566,卖盘
319,14:40:36,13.3,0.01,1,1330,买盘
320,14:40:33,13.29,--,48,63791,卖盘
321,14:40:30,13.29,--,16,21264,卖盘
322,14:40:24,13.29,-0.01,12,15947,卖盘
323,14:40:21,13.3,0.01,6,7980,买盘
324,14:40:18,13.29,--,79,104991,买盘
325,14:40:15,13.29,--,14,18606,买盘
326,14:40:12,13.29,--,30,39870,买盘
327,14:40:09,13.29,--,22,29237,卖盘
328,14:40:03,13.29,--,43,57146,卖盘
329,14:40:00,13.29,--,26,34554,卖盘
330,14:39:57,13.29,--,47,62462,卖盘
331,14:39:54,13.29,--,29,38541,卖盘
332,14:39:51,13.29,0.01,249,330921,买盘
333,14:39:48,13.28,--,19,25232,卖盘
334,14:39:45,13.28,--,141,187248,卖盘
335,14:39:42,13.28,--,52,69056,卖盘
336,14:39:39,13.28,--,56,74368,卖盘
337,14:39:33,13.28,--,7,9296,卖盘
338,14:39:30,13.28,--,16,21248,卖盘
339,14:39:24,13.28,-0.01,23,30544,卖盘
340,14:39:21,13.29,0.01,85,112965,买盘
341,14:39:18,13.28,--,9,11952,卖盘
342,14:39:15,13.28,--,4,5312,卖盘
343,14:39:12,13.28,--,39,51792,卖盘
344,14:39:09,13.28,--,12,15936,卖盘
345,14:39:06,13.28,-0.01,9,11952,卖盘
346,14:39:03,13.29,0.01,41,54489,买盘
347,14:39:00,13.28,--,4,5312,卖盘
348,14:38:57,13.28,--,8,10624,卖盘
349,14:38:54,13.28,--,80,106240,买盘
350,14:38:51,13.28,--,176,233728,买盘
351,14:38:48,13.28,--,17,22576,买盘
352,14:38:45,13.28,--,10,13280,买盘
353,14:38:42,13.28,--,9,11952,买盘
354,14:38:39,13.28,--,207,274896,卖盘
355,14:38:36,13.28,-0.01,525,697200,卖盘
356,14:38:33,13.29,0.01,2,2658,买盘
357,14:38:30,13.28,--,51,67728,卖盘
358,14:38:27,13.28,--,4,5312,卖盘
359,14:38:24,13.28,--,9,11952,卖盘
360,14:38:21,13.28,-0.01,8,10624,卖盘
361,14:38:18,13.29,--,55,73095,卖盘
362,14:38:15,13.29,--,10,13290,卖盘
363,14:38:12,13.29,--,10,13290,卖盘
364,14:38:09,13.29,--,39,51831,卖盘
365,14:38:06,13.29,-0.01,76,101004,卖盘
366,14:38:03,13.3,0.01,28,37240,买盘
367,14:38:00,13.29,-0.01,67,89043,卖盘
368,14:37:57,13.3,0.01,11,14630,买盘
369,14:37:54,13.29,-0.01,9,11961,卖盘
370,14:37:51,13.3,--,87,115710,买盘
371,14:37:48,13.3,0.01,119,158270,买盘
372,14:37:45,13.29,--,22,29237,卖盘
373,14:37:42,13.29,--,6,7973,卖盘
374,14:37:39,13.29,-0.01,39,51831,卖盘
375,14:37:36,13.3,0.01,2,2660,买盘
376,14:37:33,13.29,0.01,99,131571,买盘
377,14:37:30,13.28,-0.01,408,541824,卖盘
378,14:37:27,13.29,--,2,2658,卖盘
379,14:37:24,13.29,0.01,83,110307,买盘
380,14:37:21,13.28,--,39,51792,卖盘
381,14:37:18,13.28,-0.01,16,21248,卖盘
382,14:37:15,13.29,-0.01,31,41199,卖盘
383,14:37:12,13.3,--,29,38570,买盘
384,14:37:09,13.3,0.01,25,33250,买盘
385,14:37:06,13.29,-0.01,24,31895,卖盘
386,14:37:03,13.3,--,15,19950,买盘
387,14:36:57,13.3,0.01,121,160930,买盘
388,14:36:54,13.29,--,39,51831,卖盘
389,14:36:51,13.29,-0.01,93,123596,卖盘
390,14:36:48,13.3,0.01,27,35910,买盘
391,14:36:45,13.29,--,16,21264,卖盘
392,14:36:42,13.29,-0.01,54,71766,卖盘
393,14:36:39,13.3,--,45,59850,卖盘
394,14:36:36,13.3,-0.01,76,101080,卖盘
395,14:36:33,13.31,--,227,302137,买盘
396,14:36:30,13.31,--,69,91839,买盘
397,14:36:27,13.31,--,20,26620,买盘
398,14:36:24,13.31,--,319,424589,买盘
399,14:36:21,13.31,-0.01,18,23958,买盘
400,14:36:15,13.32,0.01,103,137196,买盘
401,14:36:12,13.31,-0.01,170,226270,卖盘
402,14:36:09,13.32,--,112,149184,买盘
403,14:36:06,13.32,--,140,186480,买盘
404,14:36:03,13.32,0.01,117,155844,买盘
405,14:36:00,13.31,--,14,18634,卖盘
406,14:35:57,13.31,-0.01,166,220946,卖盘
407,14:35:54,13.32,0.01,250,333000,买盘
408,14:35:51,13.31,-0.01,101,134431,卖盘
409,14:35:48,13.32,--,3,3996,买盘
410,14:35:45,13.32,--,216,287712,买盘
411,14:35:42,13.32,0.01,144,191808,买盘
412,14:35:39,13.31,--,29,38599,卖盘
413,14:35:36,13.31,-0.01,73,97163,卖盘
414,14:35:33,13.32,0.01,14,18648,买盘
415,14:35:30,13.31,--,2,2662,卖盘
416,14:35:27,13.31,--,82,109142,卖盘
417,14:35:24,13.31,--,22,29282,卖盘
418,14:35:21,13.31,-0.01,8,10648,卖盘
419,14:35:18,13.32,--,70,93240,买盘
420,14:35:12,13.32,--,1,1332,买盘
421,14:35:09,13.32,0.01,25,33300,买盘
422,14:35:06,13.31,-0.01,23,30613,卖盘
423,14:35:03,13.32,--,426,568284,卖盘
424,14:35:00,13.32,-0.01,4,5328,卖盘
425,14:34:57,13.33,0.01,21,28472,买盘
426,14:34:54,13.32,--,165,219780,买盘
427,14:34:51,13.32,--,32,42624,买盘
428,14:34:48,13.32,--,155,206460,买盘
429,14:34:45,13.32,0.01,101,134532,买盘
430,14:34:42,13.31,-0.01,15,19965,卖盘
431,14:34:39,13.32,--,36,47952,买盘
432,14:34:36,13.32,0.01,9,11988,买盘
433,14:34:33,13.31,--,203,270193,卖盘
434,14:34:30,13.31,--,137,182347,卖盘
435,14:34:27,13.31,--,1,1331,卖盘
436,14:34:24,13.31,--,70,93170,卖盘
437,14:34:21,13.31,--,109,145079,买盘
438,14:34:18,13.31,0.01,3,3993,买盘
439,14:34:15,13.3,--,127,168910,卖盘
440,14:34:12,13.3,--,8,10640,卖盘
441,14:34:09,13.3,--,63,83790,卖盘
442,14:34:06,13.3,-0.01,19,25270,卖盘
443,14:34:03,13.31,0.01,37,49247,买盘
444,14:34:00,13.3,--,167,222110,买盘
445,14:33:57,13.3,0.01,11,14630,买盘
446,14:33:54,13.29,-0.01,52,69108,卖盘
447,14:33:51,13.3,--,4,5320,买盘
448,14:33:48,13.3,--,46,61180,买盘
449,14:33:45,13.3,--,80,106400,买盘
450,14:33:42,13.3,-0.01,300,399000,卖盘
451,14:33:39,13.31,--,11,14641,买盘
452,14:33:36,13.31,--,6,7986,买盘
453,14:33:33,13.31,0.01,3,3993,买盘
454,14:33:30,13.3,-0.01,9,11970,卖盘
455,14:33:27,13.31,--,11,14641,中性盘
456,14:33:24,13.31,--,32,42592,中性盘
457,14:33:21,13.31,--,38,50578,卖盘
458,14:33:18,13.31,-0.01,5,6655,卖盘
459,14:33:15,13.32,0.01,1,1332,买盘
460,14:33:12,13.31,--,17,22627,卖盘
461,14:33:09,13.31,-0.01,11,14641,卖盘
462,14:33:06,13.32,0.01,55,73260,买盘
463,14:33:03,13.31,--,63,83853,买盘
464,14:33:00,13.31,0.01,4,5324,买盘
465,14:32:57,13.3,-0.02,42,55860,卖盘
466,14:32:54,13.32,0.02,76,101232,买盘
467,14:32:51,13.3,-0.01,74,98420,卖盘
468,14:32:48,13.31,--,4,5324,买盘
469,14:32:45,13.31,--,122,163233,卖盘
470,14:32:42,13.31,--,88,117128,卖盘
471,14:32:39,13.31,-0.01,182,242242,卖盘
472,14:32:36,13.32,--,388,516816,买盘
473,14:32:33,13.32,0.01,78,103896,买盘
474,14:32:30,13.31,--,28,37268,卖盘
475,14:32:27,13.31,--,10,13310,卖盘
476,14:32:24,13.31,-0.01,265,352715,卖盘
477,14:32:21,13.32,--,113,150516,买盘
478,14:32:15,13.32,-0.01,26,34632,卖盘
479,14:32:12,13.33,--,347,462551,买盘
480,14:32:09,13.33,--,20,26660,买盘
481,14:32:06,13.33,--,51,67983,买盘
482,14:32:03,13.33,0.01,22,29326,买盘
483,14:32:00,13.32,--,153,203796,卖盘
484,14:31:57,13.32,-0.01,34,45288,卖盘
485,14:31:54,13.33,0.01,25,33325,买盘
486,14:31:51,13.32,-0.01,9,11988,中性盘
487,14:31:48,13.33,--,34,45322,买盘
488,14:31:45,13.33,0.01,851,1134383,买盘
489,14:31:42,13.32,--,10,13320,买盘
490,14:31:39,13.32,-0.01,536,713952,卖盘
491,14:31:36,13.33,--,48,63984,买盘
492,14:31:33,13.33,0.01,102,135966,买盘
493,14:31:30,13.32,-0.01,31,41292,卖盘
494,14:31:27,13.33,--,5,6665,买盘
495,14:31:24,13.33,--,44,58652,买盘
496,14:31:21,13.33,--,70,93310,买盘
497,14:31:18,13.33,0.01,53,70649,买盘
498,14:31:15,13.32,-0.01,45,59940,卖盘
499,14:31:12,13.33,0.01,3,3999,买盘
500,14:31:09,13.32,--,77,102564,卖盘
501,14:31:06,13.32,--,156,207792,买盘
502,14:31:03,13.32,--,361,480852,买盘
503,14:31:00,13.32,0.01,4,5328,买盘
504,14:30:57,13.31,--,3,3993,卖盘
505,14:30:54,13.31,--,18,23958,卖盘
506,14:30:51,13.31,--,126,168185,买盘
507,14:30:48,13.31,0.01,12,15972,买盘
508,14:30:45,13.3,-0.01,49,65170,卖盘
509,14:30:42,13.31,0.01,117,155727,买盘
510,14:30:39,13.3,--,4,5320,卖盘
511,14:30:36,13.3,-0.01,61,81130,卖盘
512,14:30:33,13.31,0.02,15,19965,买盘
513,14:30:30,13.29,--,37,49173,卖盘
514,14:30:27,13.29,-0.01,3,3986,卖盘
515,14:30:24,13.3,-0.01,17,22610,买盘
516,14:30:21,13.31,0.02,518,689458,买盘
517,14:30:18,13.29,--,56,74424,买盘
518,14:30:15,13.29,--,11,14618,买盘
519,14:30:12,13.29,--,73,97867,卖盘
520,14:30:09,13.29,--,20,26580,卖盘
521,14:30:06,13.29,-0.01,1340,1780860,卖盘
522,14:30:03,13.3,0.01,23,30590,买盘
523,14:30:00,13.29,--,4,5316,卖盘
524,14:29:57,13.29,0.01,651,865657,买盘
525,14:29:54,13.28,--,10,13280,卖盘
526,14:29:45,13.28,--,415,551120,买盘
527,14:29:42,13.28,--,109,144752,买盘
528,14:29:39,13.28,--,3,3984,买盘
529,14:29:36,13.28,--,4,5312,买盘
530,14:29:33,13.28,0.01,7,9296,买盘
531,14:29:27,13.27,--,285,378195,卖盘
532,14:29:24,13.27,--,11,14597,卖盘
533,14:29:21,13.27,--,41,54407,卖盘
534,14:29:18,13.27,--,279,370233,买盘
535,14:29:15,13.27,--,60,79620,买盘
536,14:29:09,13.27,--,30,39810,买盘
537,14:29:06,13.27,--,2,2654,买盘
538,14:29:03,13.27,0.01,109,144643,买盘
539,14:29:00,13.26,--,68,90168,卖盘
540,14:28:57,13.26,-0.01,26,34476,卖盘
541,14:28:54,13.27,--,23,30521,买盘
542,14:28:51,13.27,0.01,14,18578,买盘
543,14:28:48,13.26,--,60,79560,卖盘
544,14:28:42,13.26,-0.01,20,26520,卖盘
545,14:28:39,13.27,0.01,14,18578,买盘
546,14:28:36,13.26,-0.01,93,123318,卖盘
547,14:28:33,13.27,0.01,119,157913,买盘
548,14:28:30,13.26,-0.01,2,2652,卖盘
549,14:28:27,13.27,0.01,2,2654,中性盘
550,14:28:24,13.26,--,22,29172,卖盘
551,14:28:21,13.26,-0.02,29,38454,卖盘
552,14:28:18,13.28,0.02,21,27888,买盘
553,14:28:12,13.26,--,45,59670,卖盘
554,14:28:09,13.26,-0.01,9,11934,卖盘
555,14:28:06,13.27,--,100,132700,买盘
556,14:28:03,13.27,0.01,15,19905,买盘
557,14:28:00,13.26,--,41,54366,卖盘
558,14:27:54,13.26,--,18,23868,卖盘
559,14:27:51,13.26,--,4,5304,卖盘
560,14:27:48,13.26,-0.01,51,67626,卖盘
561,14:27:45,13.27,--,100,132700,买盘
562,14:27:42,13.27,0.01,3,3981,买盘
563,14:27:36,13.26,-0.01,44,58344,卖盘
564,14:27:33,13.27,0.01,12,15924,买盘
565,14:27:30,13.26,--,70,92820,卖盘
566,14:27:27,13.26,-0.01,13,17238,卖盘
567,14:27:24,13.27,--,68,90236,买盘
568,14:27:21,13.27,0.01,1,1327,买盘
569,14:27:18,13.26,--,19,25194,卖盘
570,14:27:15,13.26,--,20,27395,卖盘
571,14:27:12,13.26,-0.01,41,54366,卖盘
572,14:27:09,13.27,0.01,101,134027,买盘
573,14:27:03,13.26,-0.01,26,34476,卖盘
574,14:27:00,13.27,0.01,8,10616,买盘
575,14:26:57,13.26,-0.01,102,135252,卖盘
576,14:26:54,13.27,--,47,62369,买盘
577,14:26:51,13.27,--,1,1327,买盘
578,14:26:48,13.27,--,102,135354,买盘
579,14:26:45,13.27,--,392,520184,卖盘
580,14:26:42,13.27,-0.01,14,18578,卖盘
581,14:26:39,13.28,0.01,34,45152,买盘
582,14:26:36,13.27,--,1,1327,卖盘
583,14:26:33,13.27,-0.01,2,2654,卖盘
584,14:26:24,13.28,0.01,90,119520,买盘
585,14:26:21,13.27,--,67,88909,买盘
586,14:26:18,13.27,--,153,203031,卖盘
587,14:26:15,13.27,-0.01,49,65023,卖盘
588,14:26:12,13.28,0.01,1,1328,买盘
589,14:26:06,13.27,-0.01,2,2654,卖盘
590,14:26:03,13.28,0.01,28,37184,买盘
591,14:26:00,13.27,--,5,6635,买盘
592,14:25:57,13.27,--,36,47772,买盘
593,14:25:54,13.27,0.01,63,83601,买盘
594,14:25:51,13.26,--,71,94146,卖盘
595,14:25:48,13.26,-0.02,181,240006,卖盘
596,14:25:45,13.28,0.01,27,35856,买盘
597,14:25:42,13.27,--,21,27867,卖盘
598,14:25:36,13.27,--,5,6635,卖盘
599,14:25:33,13.27,0.01,336,445872,买盘
600,14:25:30,13.26,--,6,7956,卖盘
601,14:25:24,13.26,-0.02,9,11934,卖盘
602,14:25:21,13.28,0.01,36,47808,买盘
603,14:25:18,13.27,--,170,225590,买盘
604,14:25:15,13.27,0.01,21,27867,买盘
605,14:25:12,13.26,--,6,7956,卖盘
606,14:25:06,13.26,-0.01,7,9282,卖盘
607,14:25:03,13.27,0.01,14,18578,买盘
608,14:25:00,13.26,-0.01,53,70278,卖盘
609,14:24:54,13.27,--,26,34502,买盘
610,14:24:42,13.27,--,374,496298,买盘
611,14:24:39,13.27,0.01,85,112795,买盘
612,14:24:36,13.26,--,33,43758,卖盘
613,14:24:33,13.26,--,25,33150,卖盘
614,14:24:30,13.26,--,74,98124,卖盘
615,14:24:27,13.26,0.01,110,145860,买盘
616,14:24:24,13.25,-0.01,9,11925,卖盘
617,14:24:21,13.26,--,203,269178,卖盘
618,14:24:18,13.26,-0.01,4,5304,卖盘
619,14:24:15,13.27,--,8,10616,买盘
620,14:24:12,13.27,0.01,23,30521,买盘
621,14:24:09,13.26,--,4,5304,卖盘
622,14:24:06,13.26,-0.01,20,26520,卖盘
623,14:24:03,13.27,0.01,158,209666,买盘
624,14:24:00,13.26,--,17,22542,卖盘
625,14:23:57,13.26,--,1,1326,卖盘
626,14:23:54,13.26,--,9,11934,卖盘
627,14:23:51,13.26,--,16,21216,卖盘
628,14:23:48,13.26,--,28,37128,卖盘
629,14:23:42,13.26,--,27,35802,卖盘
630,14:23:39,13.26,-0.01,30,39780,卖盘
631,14:23:36,13.27,0.01,43,57061,买盘
632,14:23:33,13.26,-0.01,35,46410,卖盘
633,14:23:30,13.27,0.01,4,5308,买盘
634,14:23:27,13.26,--,7,9282,卖盘
635,14:23:24,13.26,-0.01,28,37128,卖盘
636,14:23:21,13.27,0.01,56,74312,买盘
637,14:23:18,13.26,--,10,13260,卖盘
638,14:23:15,13.26,0.01,184,243984,买盘
639,14:23:12,13.25,--,32,42400,卖盘
640,14:23:09,13.25,--,5,6625,卖盘
641,14:23:06,13.25,--,307,406775,卖盘
642,14:23:03,13.25,-0.01,18,23850,卖盘
643,14:23:00,13.26,--,30,39780,买盘
644,14:22:57,13.26,0.01,5,6630,买盘
645,14:22:54,13.25,--,344,455800,卖盘
646,14:22:51,13.25,-0.01,1,1325,卖盘
647,14:22:48,13.26,--,84,111384,卖盘
648,14:22:45,13.26,--,171,226746,买盘
649,14:22:42,13.26,0.01,1,1326,买盘
650,14:22:39,13.25,--,23,30475,卖盘
651,14:22:36,13.25,-0.01,13,17225,卖盘
652,14:22:33,13.26,0.01,3,3978,买盘
653,14:22:30,13.25,--,7,9275,卖盘
654,14:22:24,13.25,-0.01,11,14575,卖盘
655,14:22:21,13.26,--,1,1326,买盘
656,14:22:18,13.26,0.01,32,42432,买盘
657,14:22:15,13.25,--,15,19875,卖盘
658,14:22:12,13.25,-0.01,51,68370,卖盘
659,14:22:09,13.26,--,69,92024,买盘
660,14:22:03,13.26,--,16,21216,买盘
661,14:22:00,13.26,--,1,1326,买盘
662,14:21:57,13.26,--,5,6630,买盘
663,14:21:54,13.26,0.01,15,19890,买盘
664,14:21:51,13.25,-0.01,357,473820,卖盘
665,14:21:48,13.26,--,33,43758,卖盘
666,14:21:45,13.26,--,123,163098,卖盘
667,14:21:42,13.26,-0.01,27,35802,卖盘
668,14:21:36,13.27,0.01,6,7962,买盘
669,14:21:33,13.26,-0.01,22,29172,卖盘
670,14:21:30,13.27,0.01,30,40340,买盘
671,14:21:27,13.26,--,1,1326,买盘
672,14:21:24,13.26,0.01,67,88842,买盘
673,14:21:21,13.25,-0.01,15,19875,卖盘
674,14:21:18,13.26,--,116,153816,买盘
675,14:21:15,13.26,--,10,13260,买盘
676,14:21:12,13.26,-0.01,111,147981,卖盘
677,14:21:09,13.27,0.01,102,135354,买盘
678,14:21:06,13.26,-0.01,17,22542,卖盘
679,14:21:03,13.27,0.01,96,127392,买盘
680,14:21:00,13.26,-0.01,12,15912,卖盘
681,14:20:57,13.27,0.01,14,18578,买盘
682,14:20:54,13.26,--,28,37128,卖盘
683,14:20:51,13.26,-0.01,101,133926,卖盘
684,14:20:45,13.27,0.01,2,2654,买盘
685,14:20:42,13.26,-0.01,7,9282,卖盘
686,14:20:36,13.27,--,19,25213,买盘
687,14:20:33,13.27,0.01,52,69004,买盘
688,14:20:30,13.26,--,74,98124,卖盘
689,14:20:27,13.26,--,29,38454,卖盘
690,14:20:24,13.26,--,24,31824,卖盘
691,14:20:21,13.26,-0.01,2,2652,卖盘
692,14:20:18,13.27,--,100,132700,买盘
693,14:20:15,13.27,0.01,5,6635,买盘
694,14:20:12,13.26,-0.01,15,19890,卖盘
695,14:20:06,13.27,--,46,61042,买盘
696,14:20:03,13.27,0.01,30,39810,买盘
697,14:19:57,13.26,-0.01,15,19890,卖盘
698,14:19:54,13.27,0.01,27,35829,买盘
699,14:19:51,13.26,--,13,17238,卖盘
700,14:19:48,13.26,--,5,6630,卖盘
701,14:19:45,13.26,-0.01,90,119340,卖盘
702,14:19:42,13.27,--,16,21232,买盘
703,14:19:36,13.27,0.01,21,27867,买盘
704,14:19:33,13.26,-0.01,2,2652,卖盘
705,14:19:30,13.27,--,36,47772,买盘
706,14:19:27,13.27,0.01,1,1327,买盘
707,14:19:24,13.26,-0.01,200,265200,卖盘
708,14:19:21,13.27,--,1,1327,买盘
709,14:19:18,13.27,0.01,182,241514,买盘
710,14:19:12,13.26,-0.01,9,11934,卖盘
711,14:19:09,13.27,--,27,35829,买盘
712,14:19:06,13.27,--,7,9289,买盘
713,14:19:03,13.27,0.01,155,206215,买盘
714,14:19:00,13.26,0.01,107,141882,卖盘
715,14:18:57,13.25,-0.01,190,251750,卖盘
716,14:18:54,13.26,--,29,38454,买盘
717,14:18:48,13.26,--,23,30498,买盘
718,14:18:42,13.26,--,1,1326,买盘
719,14:18:39,13.26,--,1,1326,买盘
720,14:18:36,13.26,0.01,128,169728,买盘
721,14:18:33,13.25,-0.01,2,2650,卖盘
722,14:18:30,13.26,--,10,13260,买盘
723,14:18:27,13.26,--,18,23868,买盘
724,14:18:21,13.26,0.01,22,29172,买盘
725,14:18:18,13.25,--,5,6625,卖盘
726,14:18:15,13.25,-0.01,50,66250,卖盘
727,14:18:09,13.26,-0.01,22,29172,卖盘
728,14:18:03,13.27,0.01,44,58388,买盘
729,14:18:00,13.26,--,130,172380,卖盘
730,14:17:57,13.26,0.01,152,201552,买盘
731,14:17:54,13.25,-0.01,56,74200,卖盘
732,14:17:51,13.26,0.01,328,434928,买盘
733,14:17:48,13.25,--,19,25175,卖盘
734,14:17:45,13.25,--,100,132500,卖盘
735,14:17:42,13.25,--,13,17225,卖盘
736,14:17:39,13.25,--,1,1325,卖盘
737,14:17:36,13.25,--,155,205375,卖盘
738,14:17:33,13.25,--,10,13250,卖盘
739,14:17:30,13.25,--,38,50350,卖盘
740,14:17:27,13.25,--,20,26500,卖盘
741,14:17:24,13.25,--,2,2650,卖盘
742,14:17:21,13.25,--,5,6625,卖盘
743,14:17:18,13.25,--,150,198750,卖盘
744,14:17:15,13.25,--,39,51675,卖盘
745,14:17:12,13.25,--,1,1325,卖盘
746,14:17:09,13.25,--,282,374657,卖盘
747,14:17:06,13.25,-0.01,12,15900,卖盘
748,14:17:03,13.26,0.01,63,83538,买盘
749,14:17:00,13.25,-0.01,18,23850,卖盘
750,14:16:57,13.26,--,10,13260,买盘
751,14:16:54,13.26,0.01,9,11934,买盘
752,14:16:51,13.25,--,16,21200,卖盘
753,14:16:48,13.25,-0.01,11,14575,卖盘
754,14:16:42,13.26,0.01,1,1326,买盘
755,14:16:39,13.25,--,187,247775,卖盘
756,14:16:36,13.25,--,37,49025,卖盘
757,14:16:33,13.25,--,22,29150,卖盘
758,14:16:30,13.25,--,13,17225,卖盘
759,14:16:27,13.25,--,45,59625,卖盘
760,14:16:24,13.25,--,20,26500,卖盘
761,14:16:21,13.25,--,81,107325,卖盘
762,14:16:18,13.25,--,20,26500,卖盘
763,14:16:15,13.25,-0.01,6,7950,卖盘
764,14:16:12,13.26,0.01,21,27846,买盘
765,14:16:03,13.25,--,57,75525,卖盘
766,14:16:00,13.25,--,39,51675,卖盘
767,14:15:57,13.25,-0.01,177,234525,卖盘
768,14:15:54,13.26,--,15,19890,买盘
769,14:15:51,13.26,--,14,18564,买盘
770,14:15:48,13.26,--,24,31824,买盘
771,14:15:45,13.26,--,82,108732,买盘
772,14:15:42,13.26,--,1,1326,买盘
773,14:15:39,13.26,-0.01,287,380562,卖盘
774,14:15:36,13.27,0.01,67,88909,买盘
775,14:15:33,13.26,--,18,23868,卖盘
776,14:15:30,13.26,--,101,133926,卖盘
777,14:15:27,13.26,--,12,15912,卖盘
778,14:15:21,13.26,--,20,26520,卖盘
779,14:15:18,13.26,--,22,29172,卖盘
780,14:15:15,13.26,--,148,196248,买盘
781,14:15:12,13.26,--,7,9282,买盘
782,14:15:09,13.26,0.01,3,3978,买盘
783,14:15:06,13.25,-0.01,54,71550,卖盘
784,14:15:03,13.26,-0.01,21,27846,卖盘
785,14:15:00,13.27,0.01,29,38483,买盘
786,14:14:57,13.26,0.01,7,9282,卖盘
787,14:14:54,13.25,-0.01,41,54325,卖盘
788,14:14:51,13.26,--,12,15912,卖盘
789,14:14:48,13.26,--,45,59670,卖盘
790,14:14:45,13.26,--,20,26520,卖盘
791,14:14:42,13.26,0.01,300,397800,买盘
792,14:14:39,13.25,-0.01,50,66250,卖盘
793,14:14:33,13.26,--,4,5304,买盘
794,14:14:30,13.26,--,80,106080,买盘
795,14:14:27,13.26,--,4,5304,买盘
796,14:14:24,13.26,--,9,11934,买盘
797,14:14:21,13.26,0.01,1,1326,买盘
798,14:14:18,13.25,--,154,204050,卖盘
799,14:14:15,13.25,-0.01,76,100700,卖盘
800,14:14:12,13.26,--,64,84864,买盘
801,14:14:09,13.26,0.01,1,1326,买盘
802,14:14:06,13.25,-0.01,128,169600,卖盘
803,14:14:03,13.26,--,44,58344,买盘
804,14:14:00,13.26,0.01,60,79560,买盘
805,14:13:57,13.25,-0.01,40,53000,卖盘
806,14:13:54,13.26,--,33,43758,买盘
807,14:13:51,13.26,0.01,32,42432,买盘
808,14:13:48,13.25,-0.01,12,15900,卖盘
809,14:13:45,13.26,--,2,2652,买盘
810,14:13:42,13.26,--,33,43758,买盘
811,14:13:33,13.26,-0.01,37,49062,卖盘
812,14:13:30,13.27,--,62,82274,买盘
813,14:13:24,13.27,--,1029,1365483,买盘
814,14:13:21,13.27,0.01,39,51753,买盘
815,14:13:18,13.26,-0.01,106,140556,卖盘
816,14:13:15,13.27,--,7,9289,买盘
817,14:13:12,13.27,--,1,1327,买盘
818,14:13:09,13.27,--,240,318480,买盘
819,14:13:06,13.27,--,3,3981,买盘
820,14:13:03,13.27,--,51,67677,买盘
821,14:13:00,13.27,--,1,1327,买盘
822,14:12:57,13.27,--,24,31848,买盘
823,14:12:54,13.27,-0.01,28,37156,卖盘
824,14:12:51,13.28,0.01,4,5312,买盘
825,14:12:42,13.27,-0.01,47,62369,卖盘
826,14:12:39,13.28,0.01,3,3984,买盘
827,14:12:36,13.27,-0.01,91,120757,卖盘
828,14:12:33,13.28,0.02,38,50464,买盘
829,14:12:30,13.26,-0.02,30,39780,卖盘
830,14:12:27,13.28,--,1,1328,买盘
831,14:12:24,13.28,0.02,43,57104,买盘
832,14:12:21,13.26,-0.01,44,58344,卖盘
833,14:12:18,13.27,-0.01,20,26540,卖盘
834,14:12:15,13.28,--,1,1328,买盘
835,14:12:12,13.28,0.02,10,13280,买盘
836,14:12:09,13.26,-0.02,36,47736,卖盘
837,14:12:06,13.28,--,82,108896,买盘
838,14:12:03,13.28,0.01,115,152720,买盘
839,14:12:00,13.27,--,21,27867,卖盘
840,14:11:51,13.27,--,81,107487,卖盘
841,14:11:48,13.27,--,6,7962,卖盘
842,14:11:45,13.27,--,11,14597,卖盘
843,14:11:42,13.27,--,160,212320,卖盘
844,14:11:39,13.27,--,3,3981,卖盘
845,14:11:30,13.27,--,3,3981,卖盘
846,14:11:27,13.27,--,45,59715,买盘
847,14:11:24,13.27,--,18,23886,买盘
848,14:11:21,13.27,0.01,2,2654,买盘
849,14:11:18,13.26,-0.02,16,21216,卖盘
850,14:11:12,13.28,0.02,1,1328,买盘
851,14:11:09,13.26,0.01,473,627198,买盘
852,14:11:06,13.25,-0.01,154,204050,卖盘
853,14:11:03,13.26,-0.01,207,274482,卖盘
854,14:11:00,13.27,0.01,99,131373,买盘
855,14:10:54,13.26,-0.01,44,58344,卖盘
856,14:10:51,13.27,0.01,1,1327,买盘
857,14:10:48,13.26,--,65,86190,卖盘
858,14:10:45,13.26,--,1,1326,卖盘
859,14:10:42,13.26,--,82,108732,卖盘
860,14:10:39,13.26,--,77,102102,买盘
861,14:10:36,13.26,--,88,116688,买盘
862,14:10:33,13.26,0.01,21,27846,买盘
863,14:10:30,13.25,-0.01,26,34450,卖盘
864,14:10:27,13.26,--,8,10608,买盘
865,14:10:24,13.26,-0.02,1067,1414842,卖盘
866,14:10:21,13.28,--,21,27888,买盘
867,14:10:18,13.28,0.02,1,1328,买盘
868,14:10:15,13.26,--,50,66300,卖盘
869,14:10:12,13.26,-0.01,10,13260,卖盘
870,14:10:06,13.27,--,43,57061,买盘
871,14:10:03,13.27,0.01,14,18578,买盘
872,14:10:00,13.26,-0.01,20,26520,中性盘
873,14:09:57,13.27,0.02,180,238860,买盘
874,14:09:54,13.25,-0.01,216,286200,卖盘
875,14:09:51,13.26,0.01,2,2652,买盘
876,14:09:48,13.25,-0.01,24,31800,卖盘
877,14:09:45,13.26,--,394,522444,卖盘
878,14:09:42,13.26,--,11,14586,卖盘
879,14:09:39,13.26,-0.01,34,45084,卖盘
880,14:09:36,13.27,-0.01,9,11943,卖盘
881,14:09:33,13.28,0.01,8,10624,买盘
882,14:09:30,13.27,--,14,18578,卖盘
883,14:09:27,13.27,-0.01,12,15924,卖盘
884,14:09:24,13.28,--,25,33200,买盘
885,14:09:21,13.28,--,1,1328,买盘
886,14:09:18,13.28,-0.02,66,87648,卖盘
887,14:09:15,13.3,0.02,1625,2161250,买盘
888,14:09:12,13.28,--,820,1088960,卖盘
889,14:09:09,13.28,-0.02,15,19920,卖盘
890,14:09:06,13.3,0.01,430,571900,买盘
891,14:09:03,13.29,--,15,19935,买盘
892,14:09:00,13.29,--,19,25251,买盘
893,14:08:57,13.29,--,75,100472,卖盘
894,14:08:54,13.29,-0.01,11,14618,卖盘
895,14:08:51,13.3,--,162,215992,买盘
896,14:08:48,13.3,0.01,226,300580,买盘
897,14:08:45,13.29,--,23,30566,卖盘
898,14:08:42,13.29,-0.01,91,120938,卖盘
899,14:08:36,13.3,--,18,23940,买盘
900,14:08:33,13.3,--,79,105070,买盘
901,14:08:30,13.3,0.01,74,98420,买盘
902,14:08:27,13.29,--,2,2658,卖盘
903,14:08:24,13.29,-0.01,4,5316,卖盘
904,14:08:21,13.3,--,20,26600,买盘
905,14:08:18,13.3,0.02,9,11970,买盘
906,14:08:12,13.28,-0.02,22,29216,卖盘
907,14:08:09,13.3,0.02,1294,1721020,买盘
908,14:08:06,13.28,--,17,22576,卖盘
909,14:08:03,13.28,--,100,132800,卖盘
910,14:08:00,13.28,-0.01,29,38512,卖盘
911,14:07:57,13.29,--,64,85056,买盘
912,14:07:54,13.29,0.01,314,417306,买盘
913,14:07:51,13.28,--,32,42496,卖盘
914,14:07:48,13.28,--,11,14608,卖盘
915,14:07:45,13.28,--,321,426288,买盘
916,14:07:42,13.28,0.01,6,7968,买盘
917,14:07:39,13.27,0.01,200,265400,买盘
918,14:07:36,13.26,-0.01,15,19890,卖盘
919,14:07:33,13.27,0.01,176,233552,买盘
920,14:07:30,13.26,--,3,3978,卖盘
921,14:07:27,13.26,--,67,88842,买盘
922,14:07:24,13.26,0.01,900,1193400,买盘
923,14:07:18,13.25,--,18,23850,卖盘
924,14:07:15,13.25,--,61,80825,卖盘
925,14:07:12,13.25,--,148,196100,买盘
926,14:07:09,13.25,0.01,2,2650,买盘
927,14:07:06,13.24,-0.01,161,213164,卖盘
928,14:07:03,13.25,--,36,47700,买盘
929,14:07:00,13.25,0.01,1,1325,买盘
930,14:06:57,13.24,-0.01,2,2648,卖盘
931,14:06:54,13.25,0.01,6,7950,买盘
932,14:06:51,13.24,-0.01,2,2648,卖盘
933,14:06:48,13.25,--,17,22525,买盘
934,14:06:45,13.25,--,3,3975,买盘
935,14:06:42,13.25,0.02,12,15900,买盘
936,14:06:39,13.23,-0.01,907,1199961,卖盘
937,14:06:36,13.24,-0.01,19,25156,卖盘
938,14:06:33,13.25,0.01,169,223925,买盘
939,14:06:30,13.24,-0.01,2,2648,卖盘
940,14:06:27,13.25,-0.01,96,127200,卖盘
941,14:06:24,13.26,0.01,31,41106,买盘
942,14:06:21,13.25,--,58,76850,卖盘
943,14:06:18,13.25,--,84,111300,卖盘
944,14:06:15,13.25,--,107,141775,卖盘
945,14:06:12,13.25,-0.01,4,5300,卖盘
946,14:06:09,13.26,--,117,155142,买盘
947,14:06:06,13.26,--,67,88842,买盘
948,14:06:03,13.26,0.01,17,22542,买盘
949,14:06:00,13.25,--,29,38425,卖盘
950,14:05:54,13.25,--,62,82150,卖盘
951,14:05:51,13.25,--,1,1325,卖盘
952,14:05:45,13.25,--,24,31800,卖盘
953,14:05:42,13.25,-0.01,13,17225,卖盘
954,14:05:39,13.26,0.01,28,37128,买盘
955,14:05:36,13.25,-0.01,9,11925,卖盘
956,14:05:33,13.26,0.01,113,149838,买盘
957,14:05:30,13.25,--,49,64925,卖盘
958,14:05:24,13.25,-0.01,1,1325,卖盘
959,14:05:21,13.26,--,10,13260,买盘
960,14:05:18,13.26,--,3,3978,买盘
961,14:05:15,13.26,0.01,37,49062,买盘
962,14:05:12,13.25,--,29,38425,卖盘
963,14:05:09,13.25,-0.01,1,1325,卖盘
964,14:05:06,13.26,--,10,13260,买盘
965,14:05:03,13.26,--,17,22542,买盘
966,14:05:00,13.26,--,2,2652,买盘
967,14:04:54,13.26,--,56,74256,卖盘
968,14:04:51,13.26,--,1,1326,卖盘
969,14:04:48,13.26,--,75,99450,卖盘
970,14:04:45,13.26,-0.01,13,17238,卖盘
971,14:04:42,13.27,0.01,96,127392,买盘
972,14:04:39,13.26,--,185,245310,卖盘
973,14:04:36,13.26,-0.01,1,1326,卖盘
974,14:04:33,13.27,--,23,30521,买盘
975,14:04:30,13.27,0.01,4,5308,买盘
976,14:04:24,13.26,-0.01,12,15912,卖盘
977,14:04:21,13.27,--,2,2654,买盘
978,14:04:15,13.27,--,1,1327,买盘
979,14:04:12,13.27,--,56,74312,买盘
980,14:04:09,13.27,0.01,41,54407,买盘
981,14:04:06,13.26,-0.01,381,505206,卖盘
982,14:04:03,13.27,0.01,15,19905,买盘
983,14:04:00,13.26,-0.01,256,339456,卖盘
984,14:03:48,13.27,0.01,26,34502,买盘
985,14:03:45,13.26,--,20,26520,卖盘
986,14:03:42,13.26,--,3,3978,卖盘
987,14:03:39,13.26,--,10,13260,卖盘
988,14:03:36,13.26,--,3,3978,卖盘
989,14:03:33,13.26,--,65,86190,买盘
990,14:03:30,13.26,--,9,11934,买盘
991,14:03:27,13.26,0.01,4,5304,买盘
992,14:03:24,13.25,-0.01,1,1325,卖盘
993,14:03:21,13.26,0.01,1,1326,中性盘
994,14:03:15,13.25,-0.02,2,2650,卖盘
995,14:03:12,13.27,0.02,19,25213,买盘
996,14:03:09,13.25,-0.01,797,1056025,卖盘
997,14:03:06,13.26,-0.01,31,41106,卖盘
998,14:03:03,13.27,0.01,58,76966,买盘
999,14:03:00,13.26,--,2,2652,卖盘
1000,14:02:57,13.26,-0.01,3,3978,卖盘
1001,14:02:54,13.27,--,32,42464,买盘
1002,14:02:51,13.27,--,10,13270,买盘
1003,14:02:42,13.27,0.01,9,11943,中性盘
1004,14:02:39,13.26,--,76,100776,卖盘
1005,14:02:36,13.26,-0.01,96,127296,卖盘
1006,14:02:33,13.27,--,1,1327,卖盘
1007,14:02:30,13.27,--,194,257438,买盘
1008,14:02:27,13.27,--,5,6635,买盘
1009,14:02:21,13.27,0.01,65,86255,买盘
1010,14:02:18,13.26,--,6,7956,卖盘
1011,14:02:15,13.26,--,9,11934,买盘
1012,14:02:12,13.26,0.01,1,1326,买盘
1013,14:02:09,13.25,-0.01,247,327275,卖盘
1014,14:02:06,13.26,-0.01,24,31824,卖盘
1015,14:02:03,13.27,--,17,22559,买盘
1016,14:02:00,13.27,0.01,9,11943,买盘
1017,14:01:57,13.26,-0.01,6,7956,卖盘
1018,14:01:54,13.27,0.01,1,1327,买盘
1019,14:01:51,13.26,--,28,37128,卖盘
1020,14:01:48,13.26,--,10,13260,卖盘
1021,14:01:45,13.26,--,7,9282,卖盘
1022,14:01:42,13.26,--,2,2652,卖盘
1023,14:01:39,13.26,0.01,1,1326,卖盘
1024,14:01:33,13.25,-0.01,20,26500,卖盘
1025,14:01:30,13.26,0.01,15,19890,买盘
1026,14:01:24,13.25,-0.01,46,60950,卖盘
1027,14:01:21,13.26,0.01,1,1326,买盘
1028,14:01:18,13.25,--,23,30475,卖盘
1029,14:01:15,13.25,--,22,29150,卖盘
1030,14:01:12,13.25,--,5,6625,卖盘
1031,14:01:09,13.25,--,401,531325,卖盘
1032,14:01:06,13.25,-0.01,200,265000,卖盘
1033,14:01:03,13.26,0.01,11,14586,买盘
1034,14:01:00,13.25,--,563,745975,卖盘
1035,14:00:57,13.25,--,10,13250,卖盘
1036,14:00:54,13.25,--,20,26500,卖盘
1037,14:00:51,13.25,--,111,147075,卖盘
1038,14:00:42,13.25,--,6,7950,卖盘
1039,14:00:36,13.25,--,5,6625,卖盘
1040,14:00:33,13.25,0.01,665,881655,买盘
1041,14:00:30,13.24,-0.01,23,30452,卖盘
1042,14:00:27,13.25,--,6,7950,买盘
1043,14:00:24,13.25,0.01,50,66250,买盘
1044,14:00:21,13.24,--,55,72820,卖盘
1045,14:00:18,13.24,-0.01,47,62228,卖盘
1046,14:00:15,13.25,0.01,51,67575,买盘
1047,14:00:12,13.24,--,18,23832,卖盘
1048,14:00:09,13.24,-0.01,60,79440,卖盘
1049,14:00:03,13.25,0.01,22,29150,买盘
1050,14:00:00,13.24,--,36,47664,卖盘
1051,13:59:57,13.24,-0.01,2,2648,卖盘
1052,13:59:54,13.25,-0.01,310,411545,卖盘
1053,13:59:51,13.26,0.01,22,29172,买盘
1054,13:59:45,13.25,-0.01,25,33125,卖盘
1055,13:59:42,13.26,--,6,7956,买盘
1056,13:59:36,13.26,0.01,31,41106,买盘
1057,13:59:33,13.25,--,141,186825,卖盘
1058,13:59:30,13.25,-0.01,20,27030,卖盘
1059,13:59:21,13.26,--,1,1326,买盘
1060,13:59:18,13.26,--,2,2652,买盘
1061,13:59:15,13.26,--,22,29172,买盘
1062,13:59:09,13.26,0.01,1,1326,买盘
1063,13:59:06,13.25,--,27,35775,卖盘
1064,13:59:03,13.25,-0.01,48,63600,卖盘
1065,13:59:00,13.26,0.01,1,1326,买盘
1066,13:58:57,13.25,-0.01,3,3975,卖盘
1067,13:58:54,13.26,0.01,9,11934,买盘
1068,13:58:51,13.25,-0.01,32,42400,卖盘
1069,13:58:48,13.26,0.01,50,66300,买盘
1070,13:58:42,13.25,--,12,15900,卖盘
1071,13:58:39,13.25,--,1,1325,卖盘
1072,13:58:36,13.25,--,50,66250,卖盘
1073,13:58:33,13.25,--,1,1325,卖盘
1074,13:58:30,13.25,-0.01,69,91425,卖盘
1075,13:58:27,13.26,0.01,24,31824,买盘
1076,13:58:24,13.25,-0.01,45,59625,卖盘
1077,13:58:21,13.26,--,80,106080,买盘
1078,13:58:18,13.26,--,16,21216,买盘
1079,13:58:15,13.26,0.01,4,5304,买盘
1080,13:58:12,13.25,-0.01,18,23850,卖盘
1081,13:58:09,13.26,--,55,72930,买盘
1082,13:58:03,13.26,--,77,102102,买盘
1083,13:58:00,13.26,--,68,90168,买盘
1084,13:57:51,13.26,--,1,1326,买盘
1085,13:57:48,13.26,0.01,4,5304,买盘
1086,13:57:45,13.25,--,25,33125,卖盘
1087,13:57:42,13.25,-0.01,21,27825,卖盘
1088,13:57:39,13.26,--,5,6630,买盘
1089,13:57:36,13.26,--,13,17238,买盘
1090,13:57:33,13.26,0.01,9,11934,买盘
1091,13:57:30,13.25,-0.01,25,33125,卖盘
1092,13:57:27,13.26,--,50,66300,买盘
1093,13:57:24,13.26,--,73,96798,买盘
1094,13:57:21,13.26,0.01,34,45084,买盘
1095,13:57:18,13.25,-0.01,3,3975,卖盘
1096,13:57:15,13.26,--,12,15912,买盘
1097,13:57:09,13.26,--,1,1326,买盘
1098,13:57:06,13.26,--,54,71604,买盘
1099,13:57:03,13.26,--,21,27846,卖盘
1100,13:57:00,13.26,--,39,51714,卖盘
1101,13:56:57,13.26,--,60,79560,卖盘
1102,13:56:54,13.26,0.01,91,120666,中性盘
1103,13:56:48,13.25,-0.02,16,21200,卖盘
1104,13:56:45,13.27,0.01,129,171183,买盘
1105,13:56:42,13.26,--,9,11934,买盘
1106,13:56:39,13.26,0.01,1,1326,买盘
1107,13:56:36,13.25,--,40,53000,卖盘
1108,13:56:33,13.25,--,1,1325,卖盘
1109,13:56:30,13.25,--,13,17225,卖盘
1110,13:56:15,13.25,--,58,76850,买盘
1111,13:56:12,13.25,--,1,1325,买盘
1112,13:56:09,13.25,--,11,14575,买盘
1113,13:56:06,13.25,--,109,144425,买盘
1114,13:56:03,13.25,0.01,94,124550,买盘
1115,13:56:00,13.24,-0.01,2,2648,卖盘
1116,13:55:57,13.25,--,107,141775,买盘
1117,13:55:54,13.25,--,21,27825,买盘
1118,13:55:48,13.25,--,59,78175,买盘
1119,13:55:42,13.25,-0.01,215,284875,卖盘
1120,13:55:39,13.26,0.01,62,82212,买盘
1121,13:55:30,13.25,-0.01,47,62275,卖盘
1122,13:55:27,13.26,--,10,13260,卖盘
1123,13:55:24,13.26,--,12,15912,卖盘
1124,13:55:21,13.26,--,10,13260,卖盘
1125,13:55:12,13.26,0.01,214,283764,买盘
1126,13:55:09,13.25,--,2,2650,买盘
1127,13:55:06,13.25,--,1,1325,买盘
1128,13:55:03,13.25,--,26,34450,买盘
1129,13:55:00,13.25,-0.01,487,645275,卖盘
1130,13:54:54,13.26,--,50,66300,买盘
1131,13:54:48,13.26,-0.01,63,83538,卖盘
1132,13:54:42,13.27,--,41,54407,卖盘
1133,13:54:36,13.27,-0.02,14,18578,买盘
1134,13:54:33,13.29,0.03,254,337566,买盘
1135,13:54:30,13.26,-0.01,49,64974,卖盘
1136,13:54:27,13.27,--,60,79620,买盘
1137,13:54:24,13.27,--,24,31848,买盘
1138,13:54:21,13.27,--,32,42464,买盘
1139,13:54:18,13.27,0.01,18,23886,买盘
1140,13:54:15,13.26,--,49,64974,卖盘
1141,13:54:12,13.26,-0.01,8,10608,卖盘
1142,13:54:09,13.27,0.01,10,13270,买盘
1143,13:54:06,13.26,-0.01,62,82212,卖盘
1144,13:54:03,13.27,--,15,19905,买盘
1145,13:54:00,13.27,--,11,14597,买盘
1146,13:53:57,13.27,--,40,53080,买盘
1147,13:53:54,13.27,0.01,72,95544,买盘
1148,13:53:51,13.26,--,1,1326,卖盘
1149,13:53:48,13.26,--,132,175032,卖盘
1150,13:53:45,13.26,--,24,31824,卖盘
1151,13:53:42,13.26,-0.01,28,37128,卖盘
1152,13:53:39,13.27,--,27,35829,买盘
1153,13:53:36,13.27,0.01,21,27867,买盘
1154,13:53:33,13.26,-0.01,101,133926,卖盘
1155,13:53:30,13.27,--,28,37156,买盘
1156,13:53:27,13.27,--,2,2654,买盘
1157,13:53:21,13.27,0.01,1,1327,买盘
1158,13:53:18,13.26,--,50,66300,卖盘
1159,13:53:15,13.26,--,59,78234,卖盘
1160,13:53:12,13.26,-0.01,3,3978,卖盘
1161,13:53:03,13.27,0.01,15,19905,买盘
1162,13:53:00,13.26,--,13,17238,卖盘
1163,13:52:57,13.26,--,54,71604,卖盘
1164,13:52:54,13.26,--,49,64974,卖盘
1165,13:52:51,13.26,-0.01,2,2652,卖盘
1166,13:52:48,13.27,0.01,1,1327,买盘
1167,13:52:45,13.26,--,25,33150,卖盘
1168,13:52:42,13.26,-0.01,75,99450,卖盘
1169,13:52:39,13.27,--,201,266727,卖盘
1170,13:52:36,13.27,--,1,1327,卖盘
1171,13:52:33,13.27,-0.01,2,2654,卖盘
1172,13:52:30,13.28,--,2,2656,买盘
1173,13:52:21,13.28,--,3,3984,买盘
1174,13:52:15,13.28,--,1,1328,买盘
1175,13:52:12,13.28,--,1,1328,买盘
1176,13:52:09,13.28,-0.01,6,7968,卖盘
1177,13:52:06,13.29,--,1,1329,买盘
1178,13:52:03,13.29,--,19,25251,买盘
1179,13:51:57,13.29,0.02,47,62462,买盘
1180,13:51:54,13.27,--,13,17251,卖盘
1181,13:51:51,13.27,-0.02,42,55734,卖盘
1182,13:51:45,13.29,--,2,2658,买盘
1183,13:51:42,13.29,0.02,3,3986,买盘
1184,13:51:39,13.27,-0.02,1,1327,卖盘
1185,13:51:36,13.29,--,8,10632,买盘
1186,13:51:33,13.29,--,54,71766,买盘
1187,13:51:30,13.29,--,40,53160,卖盘
1188,13:51:27,13.29,--,3,3986,卖盘
1189,13:51:24,13.29,--,218,289722,卖盘
1190,13:51:21,13.29,0.02,88,116951,买盘
1191,13:51:18,13.27,-0.02,2,2654,卖盘
1192,13:51:15,13.29,--,8,10632,买盘
1193,13:51:12,13.29,--,28,37212,买盘
1194,13:51:06,13.29,--,22,29237,买盘
1195,13:51:03,13.29,0.01,173,229916,买盘
1196,13:51:00,13.28,--,20,26560,卖盘
1197,13:50:54,13.28,0.01,406,539221,买盘
1198,13:50:51,13.27,0.01,35,46445,买盘
1199,13:50:48,13.26,--,100,132600,卖盘
1200,13:50:42,13.26,--,21,27846,卖盘
1201,13:50:36,13.26,--,1,1326,卖盘
1202,13:50:33,13.26,--,16,21216,卖盘
1203,13:50:30,13.26,--,40,53040,卖盘
1204,13:50:27,13.26,--,270,358020,买盘
1205,13:50:24,13.26,--,92,121992,买盘
1206,13:50:21,13.26,--,29,38454,买盘
1207,13:50:18,13.26,0.01,300,397800,买盘
1208,13:50:15,13.25,-0.01,14,18550,卖盘
1209,13:50:12,13.26,--,36,47736,买盘
1210,13:50:09,13.26,--,54,71604,买盘
1211,13:50:06,13.26,--,6,7956,买盘
1212,13:50:03,13.26,0.01,23,30498,买盘
1213,13:50:00,13.25,-0.01,2,2650,卖盘
1214,13:49:57,13.26,0.01,35,46410,买盘
1215,13:49:54,13.25,-0.01,33,43725,卖盘
1216,13:49:51,13.26,0.01,4,5304,买盘
1217,13:49:48,13.25,--,15,19875,卖盘
1218,13:49:45,13.25,--,62,82150,卖盘
1219,13:49:42,13.25,--,15,19875,卖盘
1220,13:49:36,13.25,--,126,166950,卖盘
1221,13:49:30,13.25,-0.01,14,18550,卖盘
1222,13:49:27,13.26,0.01,41,54366,买盘
1223,13:49:21,13.25,--,4,5300,卖盘
1224,13:49:18,13.25,0.01,63,83475,买盘
1225,13:49:15,13.24,-0.01,44,58256,卖盘
1226,13:49:12,13.25,--,10,13250,买盘
1227,13:49:09,13.25,--,4,5300,买盘
1228,13:49:06,13.25,--,6,7950,买盘
1229,13:49:03,13.25,0.01,118,156350,买盘
1230,13:49:00,13.24,--,8,10592,卖盘
1231,13:48:57,13.24,-0.01,10,13240,卖盘
1232,13:48:54,13.25,--,13,17225,买盘
1233,13:48:48,13.25,--,260,344500,买盘
1234,13:48:45,13.25,--,5,6625,买盘
1235,13:48:42,13.25,--,12,15900,买盘
1236,13:48:39,13.25,--,42,55650,买盘
1237,13:48:36,13.25,0.01,131,173575,买盘
1238,13:48:33,13.24,-0.01,18,23832,卖盘
1239,13:48:30,13.25,0.01,28,37100,买盘
1240,13:48:24,13.24,-0.01,30,39720,卖盘
1241,13:48:18,13.25,0.01,1,1325,买盘
1242,13:48:15,13.24,-0.01,5,6620,卖盘
1243,13:48:12,13.25,0.01,108,143365,买盘
1244,13:48:09,13.24,--,10,13240,买盘
1245,13:48:03,13.24,--,185,245999,卖盘
1246,13:48:00,13.24,-0.01,53,70172,卖盘
1247,13:47:51,13.25,0.01,27,35775,买盘
1248,13:47:48,13.24,--,7,9268,卖盘
1249,13:47:45,13.24,0.01,110,145904,买盘
1250,13:47:42,13.23,--,41,54243,卖盘
1251,13:47:39,13.23,--,220,291060,卖盘
1252,13:47:36,13.23,--,221,292383,卖盘
1253,13:47:33,13.23,-0.01,67,88641,卖盘
1254,13:47:21,13.24,--,12,15888,买盘
1255,13:47:18,13.24,0.01,37,48988,买盘
1256,13:47:15,13.23,--,57,75411,卖盘
1257,13:47:12,13.23,-0.01,15,19845,卖盘
1258,13:47:09,13.24,0.01,5,6620,买盘
1259,13:47:06,13.23,-0.01,51,67473,卖盘
1260,13:47:03,13.24,--,15,19860,买盘
1261,13:47:00,13.24,0.01,36,47664,买盘
1262,13:46:57,13.23,--,192,254016,买盘
1263,13:46:54,13.23,0.01,82,108486,买盘
1264,13:46:51,13.22,-0.01,3,3966,卖盘
1265,13:46:48,13.23,--,452,597996,买盘
1266,13:46:42,13.23,--,163,215649,卖盘
1267,13:46:39,13.23,--,5,6615,卖盘
1268,13:46:36,13.23,--,71,93933,卖盘
1269,13:46:30,13.23,--,133,175959,买盘
1270,13:46:27,13.23,--,419,554337,卖盘
1271,13:46:24,13.23,--,22,29106,卖盘
1272,13:46:21,13.23,--,102,134946,卖盘
1273,13:46:18,13.23,-0.01,260,343980,卖盘
1274,13:46:15,13.24,--,210,278040,卖盘
1275,13:46:12,13.24,--,56,74144,卖盘
1276,13:46:09,13.24,--,301,398524,卖盘
1277,13:46:06,13.24,-0.01,1,1324,卖盘
1278,13:46:03,13.25,--,84,111300,买盘
1279,13:46:00,13.25,--,430,569750,买盘
1280,13:45:54,13.25,--,2,2650,买盘
1281,13:45:51,13.25,0.01,20,26500,买盘
1282,13:45:48,13.24,-0.01,89,117836,卖盘
1283,13:45:45,13.25,-0.01,2,2650,卖盘
1284,13:45:42,13.26,0.02,13,17238,买盘
1285,13:45:36,13.24,-0.01,83,109892,卖盘
1286,13:45:33,13.25,--,22,29150,卖盘
1287,13:45:27,13.25,--,208,275600,买盘
1288,13:45:24,13.25,--,1,1325,买盘
1289,13:45:21,13.25,0.01,30,39750,买盘
1290,13:45:18,13.24,-0.01,117,154908,卖盘
1291,13:45:12,13.25,--,47,62275,买盘
1292,13:45:03,13.25,--,219,290175,买盘
1293,13:45:00,13.25,--,262,347150,卖盘
1294,13:44:57,13.25,--,1,1325,卖盘
1295,13:44:54,13.25,0.01,407,539275,买盘
1296,13:44:51,13.24,--,105,139020,卖盘
1297,13:44:48,13.24,--,4,5296,卖盘
1298,13:44:45,13.24,--,13,17212,卖盘
1299,13:44:42,13.24,--,100,132400,卖盘
1300,13:44:39,13.24,-0.01,15,19860,卖盘
1301,13:44:36,13.25,--,48,63600,买盘
1302,13:44:33,13.25,0.01,3,3975,买盘
1303,13:44:30,13.24,--,2,2648,卖盘
1304,13:44:27,13.24,--,20,26480,卖盘
1305,13:44:24,13.24,--,18,23832,卖盘
1306,13:44:21,13.24,-0.01,84,111216,卖盘
1307,13:44:18,13.25,0.01,30,39750,买盘
1308,13:44:12,13.24,-0.01,10,13240,卖盘
1309,13:44:09,13.25,--,1,1325,买盘
1310,13:44:06,13.25,-0.01,116,153700,卖盘
1311,13:44:03,13.26,--,57,75582,买盘
1312,13:44:00,13.26,0.01,26,34476,买盘
1313,13:43:57,13.25,--,22,29150,卖盘
1314,13:43:54,13.25,--,5,6625,卖盘
1315,13:43:51,13.25,-0.01,5,6625,卖盘
1316,13:43:48,13.26,0.01,18,23868,买盘
1317,13:43:45,13.25,--,100,132500,卖盘
1318,13:43:42,13.25,-0.01,2,2650,卖盘
1319,13:43:39,13.26,--,1,1326,买盘
1320,13:43:36,13.26,--,1,1326,中性盘
1321,13:43:33,13.26,0.02,1,1326,中性盘
1322,13:43:24,13.24,-0.01,382,505768,卖盘
1323,13:43:21,13.25,0.01,6,7950,买盘
1324,13:43:18,13.24,-0.01,4,5296,卖盘
1325,13:43:15,13.25,--,7,9275,买盘
1326,13:43:12,13.25,-0.01,170,225250,卖盘
1327,13:43:09,13.26,0.01,184,243984,买盘
1328,13:43:06,13.25,--,14,18550,卖盘
1329,13:43:03,13.25,-0.01,73,96725,卖盘
1330,13:43:00,13.26,--,1,1326,买盘
1331,13:42:57,13.26,0.01,630,835380,买盘
1332,13:42:51,13.25,--,38,51317,买盘
1333,13:42:48,13.25,0.01,492,651900,买盘
1334,13:42:45,13.24,-0.01,63,83412,卖盘
1335,13:42:42,13.25,0.01,1,1325,买盘
1336,13:42:36,13.24,-0.01,20,26480,卖盘
1337,13:42:33,13.25,0.01,28,37895,买盘
1338,13:42:30,13.24,--,13,17212,卖盘
1339,13:42:27,13.24,--,14,18536,卖盘
1340,13:42:24,13.24,-0.01,82,108568,卖盘
1341,13:42:21,13.25,0.01,32,42400,买盘
1342,13:42:15,13.24,--,89,117836,卖盘
1343,13:42:12,13.24,--,272,360128,卖盘
1344,13:42:09,13.24,--,49,64876,卖盘
1345,13:42:06,13.24,--,451,597124,买盘
1346,13:42:03,13.24,--,17,22508,买盘
1347,13:42:00,13.24,0.01,110,145640,买盘
1348,13:41:57,13.23,-0.01,19,25137,卖盘
1349,13:41:54,13.24,--,6,7944,买盘
1350,13:41:51,13.24,0.01,31,41044,买盘
1351,13:41:48,13.23,--,290,383670,卖盘
1352,13:41:45,13.23,--,18,23814,卖盘
1353,13:41:42,13.23,-0.01,113,149499,卖盘
1354,13:41:39,13.24,--,37,48988,买盘
1355,13:41:36,13.24,0.01,124,164176,中性盘
1356,13:41:33,13.23,--,47,62181,卖盘
1357,13:41:30,13.23,-0.01,27,35721,卖盘
1358,13:41:27,13.24,0.01,5,6620,买盘
1359,13:41:24,13.23,-0.01,44,58212,卖盘
1360,13:41:21,13.24,--,22,29128,买盘
1361,13:41:18,13.24,--,65,86060,卖盘
1362,13:41:12,13.24,--,12,15888,卖盘
1363,13:41:09,13.24,--,43,56932,买盘
1364,13:41:06,13.24,--,10,13240,买盘
1365,13:41:03,13.24,0.01,39,51636,买盘
1366,13:41:00,13.23,--,1,1323,卖盘
1367,13:40:57,13.23,--,230,304290,卖盘
1368,13:40:54,13.23,-0.01,380,502740,卖盘
1369,13:40:51,13.24,--,106,140344,买盘
1370,13:40:48,13.24,0.01,53,70172,买盘
1371,13:40:45,13.23,--,29,38367,卖盘
1372,13:40:42,13.23,--,8,10584,卖盘
1373,13:40:39,13.23,--,222,293706,买盘
1374,13:40:36,13.23,--,526,695898,卖盘
1375,13:40:33,13.23,--,20,26460,卖盘
1376,13:40:30,13.23,--,593,784539,卖盘
1377,13:40:27,13.23,--,48,63504,卖盘
1378,13:40:24,13.23,--,28,37044,卖盘
1379,13:40:21,13.23,--,100,132300,卖盘
1380,13:40:15,13.23,-0.01,725,959175,卖盘
1381,13:40:12,13.24,-0.01,281,372044,卖盘
1382,13:40:09,13.25,0.01,61,80825,买盘
1383,13:40:06,13.24,-0.01,38,50312,卖盘
1384,13:40:03,13.25,0.01,40,53000,买盘
1385,13:40:00,13.24,-0.01,13,17212,卖盘
1386,13:39:57,13.25,0.01,145,192125,买盘
1387,13:39:51,13.24,--,44,58256,卖盘
1388,13:39:48,13.24,-0.01,10,13240,卖盘
1389,13:39:42,13.25,0.01,1,1325,买盘
1390,13:39:39,13.24,0.01,317,419708,买盘
1391,13:39:36,13.23,--,56,74088,卖盘
1392,13:39:33,13.23,-0.01,92,121716,卖盘
1393,13:39:30,13.24,0.01,91,120484,买盘
1394,13:39:27,13.23,-0.01,19,25137,卖盘
1395,13:39:24,13.24,0.01,353,467372,买盘
1396,13:39:21,13.23,-0.01,50,66150,卖盘
1397,13:39:18,13.24,--,21,27804,买盘
1398,13:39:15,13.24,--,5,6620,买盘
1399,13:39:12,13.24,--,3,3972,买盘
1400,13:39:06,13.24,--,77,101948,卖盘
1401,13:39:03,13.24,-0.01,84,111216,卖盘
1402,13:39:00,13.25,0.01,408,540600,买盘
1403,13:38:57,13.24,--,19,25156,卖盘
1404,13:38:54,13.24,-0.01,22,29128,中性盘
1405,13:38:51,13.25,0.01,91,120575,买盘
1406,13:38:48,13.24,--,26,34424,卖盘
1407,13:38:45,13.24,--,111,146964,卖盘
1408,13:38:42,13.24,--,34,45016,卖盘
1409,13:38:39,13.24,0.01,386,511064,买盘
1410,13:38:36,13.23,-0.01,57,75411,卖盘
1411,13:38:33,13.24,--,65,86060,买盘
1412,13:38:30,13.24,--,10,13240,买盘
1413,13:38:27,13.24,--,606,802344,买盘
1414,13:38:21,13.24,--,347,459428,卖盘
1415,13:38:15,13.24,--,34,45016,卖盘
1416,13:38:12,13.24,--,14,18536,卖盘
1417,13:38:09,13.24,-0.01,12,15888,卖盘
1418,13:38:06,13.25,0.01,310,410750,买盘
1419,13:38:03,13.24,--,102,135048,买盘
1420,13:38:00,13.24,-0.01,1,1324,中性盘
1421,13:37:54,13.25,0.01,406,537950,买盘
1422,13:37:51,13.24,--,64,84736,卖盘
1423,13:37:48,13.24,--,851,1126724,卖盘
1424,13:37:45,13.24,--,393,520332,卖盘
1425,13:37:42,13.24,--,47,62228,卖盘
1426,13:37:39,13.24,--,3,3972,卖盘
1427,13:37:36,13.24,0.01,115,152260,买盘
1428,13:37:33,13.23,--,4,5292,卖盘
1429,13:37:30,13.23,--,21,27783,卖盘
1430,13:37:27,13.23,-0.01,87,115101,卖盘
1431,13:37:24,13.24,--,6,7944,买盘
1432,13:37:21,13.24,0.01,12,15888,买盘
1433,13:37:15,13.23,--,43,56889,卖盘
1434,13:37:12,13.23,-0.01,112,148176,卖盘
1435,13:37:09,13.24,--,76,100624,买盘
1436,13:37:06,13.24,--,82,108568,买盘
1437,13:37:03,13.24,0.01,39,51636,买盘
1438,13:37:00,13.23,-0.01,39,51597,卖盘
1439,13:36:57,13.24,--,530,701720,买盘
1440,13:36:54,13.24,0.01,40,52960,买盘
1441,13:36:51,13.23,-0.01,187,247401,卖盘
1442,13:36:48,13.24,0.01,25,33100,买盘
1443,13:36:45,13.23,-0.01,36,47628,卖盘
1444,13:36:42,13.24,--,56,74144,买盘
1445,13:36:39,13.24,--,18,23832,买盘
1446,13:36:36,13.24,0.01,3,3972,中性盘
1447,13:36:33,13.23,-0.01,86,113778,卖盘
1448,13:36:30,13.24,--,35,46340,卖盘
1449,13:36:27,13.24,--,147,194628,买盘
1450,13:36:24,13.24,--,2,2648,买盘
1451,13:36:21,13.24,0.01,164,217136,买盘
1452,13:36:15,13.23,-0.01,23,30429,卖盘
1453,13:36:12,13.24,--,15,19860,买盘
1454,13:36:09,13.24,--,114,150936,卖盘
1455,13:36:03,13.24,--,34,45016,买盘
1456,13:36:00,13.24,--,137,181388,买盘
1457,13:35:57,13.24,-0.01,145,191980,卖盘
1458,13:35:54,13.25,0.01,179,237175,买盘
1459,13:35:51,13.24,-0.01,71,94004,卖盘
1460,13:35:48,13.25,0.01,159,210675,买盘
1461,13:35:45,13.24,--,17,22508,卖盘
1462,13:35:42,13.24,--,92,121808,卖盘
1463,13:35:39,13.24,--,1,1324,卖盘
1464,13:35:36,13.24,--,60,79440,卖盘
1465,13:35:33,13.24,--,8,10592,卖盘
1466,13:35:30,13.24,0.01,60,79440,买盘
1467,13:35:27,13.23,-0.01,16,21168,卖盘
1468,13:35:24,13.24,--,76,100624,卖盘
1469,13:35:21,13.24,--,51,67524,卖盘
1470,13:35:18,13.24,--,84,111216,卖盘
1471,13:35:15,13.24,-0.01,18,23832,卖盘
1472,13:35:12,13.25,--,22,29150,买盘
1473,13:35:09,13.25,0.01,51,67575,买盘
1474,13:35:06,13.24,-0.01,131,173444,卖盘
1475,13:35:03,13.25,--,15,19875,买盘
1476,13:35:00,13.25,0.01,19,25175,买盘
1477,13:34:57,13.24,-0.01,228,301872,卖盘
1478,13:34:54,13.25,0.01,19,25175,买盘
1479,13:34:51,13.24,--,27,35748,卖盘
1480,13:34:48,13.24,--,189,250236,卖盘
1481,13:34:45,13.24,--,53,70172,卖盘
1482,13:34:42,13.24,-0.01,65,86060,卖盘
1483,13:34:39,13.25,0.01,196,259700,买盘
1484,13:34:36,13.24,--,244,323056,卖盘
1485,13:34:33,13.24,--,46,60904,卖盘
1486,13:34:30,13.24,--,10,13240,卖盘
1487,13:34:27,13.24,--,43,56932,卖盘
1488,13:34:24,13.24,--,10,13240,卖盘
1489,13:34:21,13.24,--,220,291280,卖盘
1490,13:34:18,13.24,--,68,90032,卖盘
1491,13:34:15,13.24,-0.01,28,37072,卖盘
1492,13:34:12,13.25,0.01,13,17225,买盘
1493,13:34:09,13.24,--,180,238320,卖盘
1494,13:34:06,13.24,-0.01,333,440892,卖盘
1495,13:34:03,13.25,0.01,29,38425,买盘
1496,13:34:00,13.24,-0.02,1,1324,卖盘
1497,13:33:57,13.26,0.02,100,132600,买盘
1498,13:33:54,13.24,-0.02,537,710988,卖盘
1499,13:33:51,13.26,0.01,110,145860,买盘
1500,13:33:48,13.25,--,169,223925,卖盘
1501,13:33:45,13.25,--,9,11925,卖盘
1502,13:33:42,13.25,--,80,106000,卖盘
1503,13:33:39,13.25,0.01,382,506150,买盘
1504,13:33:36,13.24,--,111,146964,卖盘
1505,13:33:33,13.24,--,28,37072,卖盘
1506,13:33:30,13.24,-0.01,51,67524,卖盘
1507,13:33:24,13.25,--,22,29150,买盘
1508,13:33:21,13.25,--,114,151050,卖盘
1509,13:33:18,13.25,--,107,141775,卖盘
1510,13:33:15,13.25,--,147,194775,卖盘
1511,13:33:12,13.25,--,768,1017600,卖盘
1512,13:33:09,13.25,-0.01,7,9275,卖盘
1513,13:33:06,13.26,0.01,107,141882,买盘
1514,13:33:03,13.25,--,25,33125,卖盘
1515,13:33:00,13.25,-0.01,70,92750,卖盘
1516,13:32:57,13.26,--,8,10608,买盘
1517,13:32:54,13.26,--,10,13260,买盘
1518,13:32:51,13.26,--,36,47736,买盘
1519,13:32:48,13.26,0.01,52,68952,买盘
1520,13:32:45,13.25,--,11,14575,卖盘
1521,13:32:42,13.25,-0.01,61,80825,卖盘
1522,13:32:39,13.26,--,5,6630,中性盘
1523,13:32:36,13.26,--,80,106080,买盘
1524,13:32:33,13.26,--,12,15912,买盘
1525,13:32:30,13.26,--,210,278460,卖盘
1526,13:32:27,13.26,--,216,286416,卖盘
1527,13:32:24,13.26,-0.01,6,7956,卖盘
1528,13:32:21,13.27,0.01,28,37156,买盘
1529,13:32:18,13.26,--,38,50388,卖盘
1530,13:32:15,13.26,-0.01,19,25194,卖盘
1531,13:32:12,13.27,0.01,7,9289,买盘
1532,13:32:09,13.26,-0.01,210,278460,卖盘
1533,13:32:06,13.27,--,17,22559,买盘
1534,13:32:03,13.27,0.01,56,74312,买盘
1535,13:32:00,13.26,--,58,76908,卖盘
1536,13:31:57,13.26,--,4,5304,卖盘
1537,13:31:54,13.26,--,11,14586,卖盘
1538,13:31:51,13.26,--,510,676260,买盘
1539,13:31:48,13.26,--,120,159120,买盘
1540,13:31:45,13.26,--,30,39780,买盘
1541,13:31:42,13.26,-0.01,620,823392,卖盘
1542,13:31:39,13.27,--,103,136681,买盘
1543,13:31:36,13.27,--,2,2654,买盘
1544,13:31:33,13.27,0.01,35,46445,买盘
1545,13:31:30,13.26,--,1,1326,卖盘
1546,13:31:27,13.26,--,4,5304,卖盘
1547,13:31:24,13.26,--,53,70278,卖盘
1548,13:31:21,13.26,-0.01,62,82212,卖盘
1549,13:31:18,13.27,--,239,317153,买盘
1550,13:31:15,13.27,0.01,42,55734,买盘
1551,13:31:12,13.26,--,34,45084,卖盘
1552,13:31:09,13.26,--,192,254592,卖盘
1553,13:31:06,13.26,-0.01,16,21216,卖盘
1554,13:31:03,13.27,0.01,308,408716,买盘
1555,13:31:00,13.26,--,213,282438,卖盘
1556,13:30:57,13.26,--,132,175032,卖盘
1557,13:30:54,13.26,--,167,221442,卖盘
1558,13:30:51,13.26,--,2,2652,卖盘
1559,13:30:48,13.26,--,13,17238,卖盘
1560,13:30:45,13.26,--,20,26520,卖盘
1561,13:30:42,13.26,--,457,606035,买盘
1562,13:30:39,13.26,--,1,1326,买盘
1563,13:30:36,13.26,--,46,60996,买盘
1564,13:30:33,13.26,--,60,80687,卖盘
1565,13:30:30,13.26,--,10,13260,卖盘
1566,13:30:27,13.26,0.01,100,132798,买盘
1567,13:30:24,13.25,-0.01,179,237175,卖盘
1568,13:30:21,13.26,--,280,371280,买盘
1569,13:30:18,13.26,--,24,31824,买盘
1570,13:30:15,13.26,--,7,9282,买盘
1571,13:30:12,13.26,--,100,132600,买盘
1572,13:30:09,13.26,--,33,43758,买盘
1573,13:30:06,13.26,-0.01,962,1275612,卖盘
1574,13:30:03,13.27,--,25,33175,买盘
1575,13:30:00,13.27,--,125,165875,卖盘
1576,13:29:57,13.27,-0.01,14,18578,卖盘
1577,13:29:54,13.28,0.01,33,43824,买盘
1578,13:29:51,13.27,-0.01,91,120757,卖盘
1579,13:29:48,13.28,-0.01,1553,2063512,卖盘
1580,13:29:45,13.29,-0.01,120,159480,卖盘
1581,13:29:42,13.3,--,17,22610,买盘
1582,13:29:39,13.3,--,63,83790,买盘
1583,13:29:36,13.3,--,20,26600,买盘
1584,13:29:33,13.3,0.01,47,62510,买盘
1585,13:29:30,13.29,-0.01,10,13290,卖盘
1586,13:29:27,13.3,0.01,15,19950,买盘
1587,13:29:24,13.29,--,190,252509,买盘
1588,13:29:21,13.29,0.01,886,1177494,买盘
1589,13:29:18,13.28,-0.01,17,22576,卖盘
1590,13:29:15,13.29,--,3,3986,买盘
1591,13:29:12,13.29,--,56,74424,卖盘
1592,13:29:09,13.29,--,36,47844,卖盘
1593,13:29:06,13.29,-0.01,15,19935,卖盘
1594,13:29:03,13.3,--,63,83790,买盘
1595,13:29:00,13.3,0.01,16,21280,买盘
1596,13:28:57,13.29,--,7,9303,卖盘
1597,13:28:54,13.29,--,23,30566,卖盘
1598,13:28:51,13.29,--,433,575457,买盘
1599,13:28:48,13.29,--,40,53160,买盘
1600,13:28:45,13.29,0.01,51,67779,买盘
1601,13:28:42,13.28,-0.01,18,23904,卖盘
1602,13:28:39,13.29,--,63,83727,买盘
1603,13:28:36,13.29,--,28,37212,买盘
1604,13:28:33,13.29,0.01,14,18606,买盘
1605,13:28:30,13.28,--,20,26560,卖盘
1606,13:28:27,13.28,-0.01,132,175296,卖盘
1607,13:28:24,13.29,0.01,22,29237,买盘
1608,13:28:21,13.28,--,14,18592,卖盘
1609,13:28:18,13.28,--,41,54448,卖盘
1610,13:28:12,13.28,-0.01,15,19920,卖盘
1611,13:28:09,13.29,0.01,50,66450,买盘
1612,13:28:06,13.28,--,29,38512,卖盘
1613,13:28:03,13.28,0.01,542,719975,买盘
1614,13:28:00,13.27,--,120,160367,卖盘
1615,13:27:57,13.27,-0.01,56,74312,卖盘
1616,13:27:54,13.28,0.01,6,7968,买盘
1617,13:27:51,13.27,--,17,22559,卖盘
1618,13:27:48,13.27,--,45,59715,卖盘
1619,13:27:45,13.27,0.01,76,101051,买盘
1620,13:27:39,13.26,-0.01,11,14586,卖盘
1621,13:27:36,13.27,-0.01,32,42464,买盘
1622,13:27:33,13.28,0.02,171,227088,买盘
1623,13:27:30,13.26,--,55,72930,卖盘
1624,13:27:27,13.26,--,18,23868,卖盘
1625,13:27:24,13.26,-0.01,5,6630,卖盘
1626,13:27:21,13.27,--,29,38483,卖盘
1627,13:27:18,13.27,--,25,33175,卖盘
1628,13:27:15,13.27,-0.01,800,1061600,卖盘
1629,13:27:09,13.28,0.01,69,91632,买盘
1630,13:27:06,13.27,-0.01,26,34502,卖盘
1631,13:27:03,13.28,--,61,81008,买盘
1632,13:27:00,13.28,0.02,143,189904,买盘
1633,13:26:57,13.26,-0.02,683,905658,卖盘
1634,13:26:54,13.28,0.02,16,21248,买盘
1635,13:26:51,13.26,-0.02,21,27846,卖盘
1636,13:26:48,13.28,--,411,546073,卖盘
1637,13:26:45,13.28,--,53,70384,卖盘
1638,13:26:39,13.28,0.02,100,133862,买盘
1639,13:26:36,13.26,--,216,286416,买盘
1640,13:26:33,13.26,0.01,97,128622,买盘
1641,13:26:30,13.25,--,2,2650,卖盘
1642,13:26:24,13.25,--,145,192125,买盘
1643,13:26:21,13.25,--,467,618775,买盘
1644,13:26:18,13.25,--,1151,1525075,买盘
1645,13:26:15,13.25,0.01,355,470375,买盘
1646,13:26:12,13.24,-0.01,15,19860,卖盘
1647,13:26:09,13.25,--,67,88775,买盘
1648,13:26:06,13.25,--,265,351125,买盘
1649,13:26:03,13.25,--,103,136475,买盘
1650,13:26:00,13.25,0.01,127,168275,买盘
1651,13:25:54,13.24,-0.01,35,46340,卖盘
1652,13:25:51,13.25,0.01,55,72875,买盘
1653,13:25:48,13.24,--,414,548136,卖盘
1654,13:25:45,13.24,--,298,394552,卖盘
1655,13:25:42,13.24,--,23,30452,卖盘
1656,13:25:39,13.24,--,83,109892,卖盘
1657,13:25:36,13.24,-0.01,107,141668,卖盘
1658,13:25:33,13.25,--,48,63600,卖盘
1659,13:25:30,13.25,--,23,30475,卖盘
1660,13:25:27,13.25,-0.01,187,247775,卖盘
1661,13:25:24,13.26,0.02,540,716040,买盘
1662,13:25:21,13.24,-0.01,50,66200,卖盘
1663,13:25:18,13.25,--,131,173575,买盘
1664,13:25:15,13.25,--,134,177550,买盘
1665,13:25:12,13.25,--,20,26500,买盘
1666,13:25:09,13.25,-0.01,2025,2683125,卖盘
1667,13:25:06,13.26,-0.01,93,123318,卖盘
1668,13:25:03,13.27,--,39,51753,买盘
1669,13:25:00,13.27,0.01,44,58388,买盘
1670,13:24:57,13.26,--,47,62322,卖盘
1671,13:24:54,13.26,-0.01,545,722670,卖盘
1672,13:24:51,13.27,--,230,305210,卖盘
1673,13:24:48,13.27,--,470,623690,卖盘
1674,13:24:45,13.27,--,176,233552,卖盘
1675,13:24:42,13.27,--,42,55734,卖盘
1676,13:24:39,13.27,--,457,606439,卖盘
1677,13:24:36,13.27,--,147,195069,卖盘
1678,13:24:33,13.27,--,23,30521,卖盘
1679,13:24:30,13.27,-0.01,547,726134,卖盘
1680,13:24:27,13.28,--,433,575024,卖盘
1681,13:24:24,13.28,--,13,17264,卖盘
1682,13:24:21,13.28,-0.01,51,67728,卖盘
1683,13:24:18,13.29,--,160,212640,买盘
1684,13:24:12,13.29,--,27,35883,买盘
1685,13:24:09,13.29,--,12,15947,买盘
1686,13:24:06,13.29,-0.02,3827,5086083,卖盘
1687,13:24:03,13.31,0.01,26,34606,买盘
1688,13:24:00,13.3,-0.01,7,9310,卖盘
1689,13:23:57,13.31,--,32,42592,买盘
1690,13:23:54,13.31,--,245,327226,卖盘
1691,13:23:51,13.31,--,267,355377,卖盘
1692,13:23:48,13.31,--,61,81191,卖盘
1693,13:23:45,13.31,--,10,13310,卖盘
1694,13:23:42,13.31,--,8,10648,卖盘
1695,13:23:39,13.31,--,36,47916,卖盘
1696,13:23:36,13.31,--,314,417934,卖盘
1697,13:23:33,13.31,--,13,17303,卖盘
1698,13:23:30,13.31,--,34,45254,卖盘
1699,13:23:27,13.31,--,6,7986,卖盘
1700,13:23:24,13.31,-0.01,8,10648,卖盘
1701,13:23:21,13.32,--,1,1332,买盘
1702,13:23:18,13.32,0.01,24,31968,买盘
1703,13:23:15,13.31,-0.01,35,46585,卖盘
1704,13:23:12,13.32,--,15,19980,买盘
1705,13:23:09,13.32,--,8,10656,买盘
1706,13:23:06,13.32,--,86,114552,买盘
1707,13:23:03,13.32,0.01,30,39960,买盘
1708,13:23:00,13.31,-0.01,704,937223,卖盘
1709,13:22:57,13.32,0.01,7,9324,买盘
1710,13:22:54,13.31,--,23,30613,卖盘
1711,13:22:51,13.31,--,2,2662,卖盘
1712,13:22:48,13.31,--,4,5324,卖盘
1713,13:22:45,13.31,--,47,62557,卖盘
1714,13:22:42,13.31,--,59,78529,卖盘
1715,13:22:36,13.31,-0.01,9,11979,卖盘
1716,13:22:33,13.32,--,34,45288,买盘
1717,13:22:30,13.32,0.01,79,105228,买盘
1718,13:22:27,13.31,--,35,46585,卖盘
1719,13:22:24,13.31,--,30,39930,卖盘
1720,13:22:21,13.31,--,7,9317,卖盘
1721,13:22:12,13.31,-0.01,3,3993,卖盘
1722,13:22:09,13.32,0.01,26,34632,买盘
1723,13:22:06,13.31,-0.01,29,38599,卖盘
1724,13:22:03,13.32,-0.01,80,106560,卖盘
1725,13:22:00,13.33,0.01,1,1333,买盘
1726,13:21:57,13.32,--,56,74592,买盘
1727,13:21:51,13.32,0.01,3,3996,买盘
1728,13:21:48,13.31,--,8,10648,卖盘
1729,13:21:45,13.31,-0.01,400,532400,卖盘
1730,13:21:42,13.32,-0.02,220,293040,卖盘
1731,13:21:39,13.34,0.02,2,2668,买盘
1732,13:21:36,13.32,--,6,7992,卖盘
1733,13:21:33,13.32,-0.01,174,231768,卖盘
1734,13:21:30,13.33,--,20,26660,买盘
1735,13:21:27,13.33,0.01,28,37324,买盘
1736,13:21:24,13.32,-0.01,65,86580,卖盘
1737,13:21:21,13.33,0.01,5,6665,中性盘
1738,13:21:18,13.32,-0.01,98,130536,卖盘
1739,13:21:15,13.33,--,145,193285,买盘
1740,13:21:12,13.33,--,7,9331,买盘
1741,13:21:09,13.33,--,17,22661,买盘
1742,13:21:06,13.33,--,53,70649,买盘
1743,13:21:03,13.33,-0.01,37,49321,中性盘
1744,13:21:00,13.34,--,4,5336,买盘
1745,13:20:57,13.34,--,417,556278,买盘
1746,13:20:54,13.34,0.01,171,228114,买盘
1747,13:20:51,13.33,-0.01,208,277264,卖盘
1748,13:20:48,13.34,0.01,1,1334,买盘
1749,13:20:45,13.33,--,772,1029076,卖盘
1750,13:20:42,13.33,-0.01,302,402566,卖盘
1751,13:20:39,13.34,0.01,31,41354,买盘
1752,13:20:36,13.33,--,1,1333,卖盘
1753,13:20:33,13.33,--,13,17329,卖盘
1754,13:20:30,13.33,--,33,43989,卖盘
1755,13:20:24,13.33,--,100,133300,卖盘
1756,13:20:21,13.33,--,17,22661,卖盘
1757,13:20:18,13.33,--,2,2666,卖盘
1758,13:20:15,13.33,--,8,10664,卖盘
1759,13:20:12,13.33,-0.01,21,27993,卖盘
1760,13:20:09,13.34,0.01,39,52026,买盘
1761,13:20:06,13.33,--,3,3999,卖盘
1762,13:20:03,13.33,-0.01,35,46655,卖盘
1763,13:20:00,13.34,--,36,48024,买盘
1764,13:19:57,13.34,0.01,9,12006,买盘
1765,13:19:54,13.33,--,12,15996,卖盘
1766,13:19:51,13.33,--,48,63984,卖盘
1767,13:19:48,13.33,--,240,319920,卖盘
1768,13:19:45,13.33,-0.01,29,38657,卖盘
1769,13:19:42,13.34,0.01,22,29348,买盘
1770,13:19:39,13.33,-0.01,5,6665,卖盘
1771,13:19:36,13.34,--,28,37352,买盘
1772,13:19:33,13.34,--,314,418876,买盘
1773,13:19:30,13.34,0.01,107,142738,买盘
1774,13:19:27,13.33,--,82,109306,卖盘
1775,13:19:24,13.33,-0.01,18,23994,卖盘
1776,13:19:18,13.34,0.01,1,1334,买盘
1777,13:19:15,13.33,--,7,9331,卖盘
1778,13:19:12,13.33,-0.01,51,67983,卖盘
1779,13:19:09,13.34,--,69,92046,买盘
1780,13:19:06,13.34,--,23,30682,买盘
1781,13:19:03,13.34,--,41,54694,买盘
1782,13:19:00,13.34,--,8,10672,买盘
1783,13:18:54,13.34,0.01,11,15220,买盘
1784,13:18:51,13.33,-0.01,6,7998,卖盘
1785,13:18:48,13.34,0.01,50,66700,买盘
1786,13:18:45,13.33,--,20,26660,卖盘
1787,13:18:42,13.33,-0.01,30,40416,卖盘
1788,13:18:39,13.34,0.01,226,301484,买盘
1789,13:18:36,13.33,0.01,1,1333,买盘
1790,13:18:33,13.32,--,13,17316,卖盘
1791,13:18:30,13.32,-0.01,14,18648,卖盘
1792,13:18:27,13.33,0.01,15,19995,买盘
1793,13:18:24,13.32,-0.01,6,7992,卖盘
1794,13:18:21,13.33,--,2,2666,买盘
1795,13:18:18,13.33,--,16,21328,买盘
1796,13:18:15,13.33,0.01,50,66650,买盘
1797,13:18:12,13.32,-0.01,8,11455,卖盘
1798,13:18:09,13.33,--,12,15996,卖盘
1799,13:18:06,13.33,--,41,55186,买盘
1800,13:18:03,13.33,-0.01,68,91443,卖盘
1801,13:18:00,13.34,0.01,248,331365,买盘
1802,13:17:57,13.33,--,8,10664,买盘
1803,13:17:54,13.33,--,6,7998,买盘
1804,13:17:48,13.33,--,63,84778,卖盘
1805,13:17:45,13.33,--,12,15996,卖盘
1806,13:17:42,13.33,--,21,27993,卖盘
1807,13:17:39,13.33,--,47,62651,卖盘
1808,13:17:36,13.33,--,3,3999,卖盘
1809,13:17:33,13.33,--,26,34658,卖盘
1810,13:17:30,13.33,-0.01,3,3999,卖盘
1811,13:17:27,13.34,0.01,2,2668,买盘
1812,13:17:24,13.33,-0.01,8,10664,卖盘
1813,13:17:21,13.34,--,36,48024,买盘
1814,13:17:18,13.34,0.01,9,12539,买盘
1815,13:17:15,13.33,--,49,65317,卖盘
1816,13:17:12,13.33,--,6,7998,卖盘
1817,13:17:09,13.33,--,30,39990,卖盘
1818,13:17:06,13.33,-0.01,141,187953,卖盘
1819,13:17:03,13.34,0.01,24,32016,买盘
1820,13:17:00,13.33,-0.01,301,401233,卖盘
1821,13:16:57,13.34,0.01,200,266800,买盘
1822,13:16:54,13.33,--,13,17329,卖盘
1823,13:16:51,13.33,--,29,38657,卖盘
1824,13:16:48,13.33,--,28,37324,卖盘
1825,13:16:45,13.33,--,39,51987,卖盘
1826,13:16:42,13.33,--,37,49321,卖盘
1827,13:16:39,13.33,-0.01,343,457219,卖盘
1828,13:16:36,13.34,0.01,3,4002,买盘
1829,13:16:33,13.33,-0.01,13,17329,卖盘
1830,13:16:30,13.34,0.01,19,25346,买盘
1831,13:16:27,13.33,--,75,99975,卖盘
1832,13:16:24,13.33,--,27,35991,卖盘
1833,13:16:21,13.33,--,10,13330,卖盘
1834,13:16:18,13.33,--,5,6665,卖盘
1835,13:16:15,13.33,--,7,9331,卖盘
1836,13:16:12,13.33,--,21,27993,卖盘
1837,13:16:06,13.33,-0.01,6,7998,卖盘
1838,13:16:03,13.34,0.01,60,80040,买盘
1839,13:16:00,13.33,--,16,21328,卖盘
1840,13:15:57,13.33,--,61,81313,卖盘
1841,13:15:54,13.33,--,9,11997,卖盘
1842,13:15:48,13.33,--,3,3999,卖盘
1843,13:15:45,13.33,-0.01,6,7998,卖盘
1844,13:15:42,13.34,--,2,2668,买盘
1845,13:15:39,13.34,0.01,4,5336,中性盘
1846,13:15:33,13.33,--,19,25327,卖盘
1847,13:15:30,13.33,--,13,17329,卖盘
1848,13:15:27,13.33,--,2,2666,卖盘
1849,13:15:24,13.33,--,27,35991,卖盘
1850,13:15:21,13.33,--,11,14663,卖盘
1851,13:15:18,13.33,--,80,106640,卖盘
1852,13:15:12,13.33,-0.02,6,7998,卖盘
1853,13:15:03,13.35,0.01,345,460575,买盘
1854,13:15:00,13.34,-0.01,53,70702,卖盘
1855,13:14:54,13.35,0.01,12,16020,买盘
1856,13:14:51,13.34,--,17,22678,卖盘
1857,13:14:48,13.34,--,25,33350,卖盘
1858,13:14:45,13.34,-0.01,93,124062,卖盘
1859,13:14:42,13.35,0.01,1,1335,买盘
1860,13:14:39,13.34,-0.01,7,9338,卖盘
1861,13:14:36,13.35,0.01,3,4005,买盘
1862,13:14:33,13.34,-0.01,53,70702,卖盘
1863,13:14:30,13.35,0.01,12,16020,买盘
1864,13:14:27,13.34,--,86,114724,卖盘
1865,13:14:24,13.34,--,11,14674,卖盘
1866,13:14:21,13.34,--,2,2668,卖盘
1867,13:14:18,13.34,--,1,1334,卖盘
1868,13:14:15,13.34,--,109,145406,卖盘
1869,13:14:12,13.34,--,39,52026,卖盘
1870,13:14:09,13.34,--,4,5336,卖盘
1871,13:14:06,13.34,-0.01,16,21344,卖盘
1872,13:14:03,13.35,0.01,24,32040,买盘
1873,13:14:00,13.34,--,41,54694,卖盘
1874,13:13:57,13.34,--,30,40020,卖盘
1875,13:13:54,13.34,--,59,78706,卖盘
1876,13:13:51,13.34,--,24,32016,买盘
1877,13:13:48,13.34,-0.01,15,20010,卖盘
1878,13:13:42,13.35,0.01,30,40050,买盘
1879,13:13:39,13.34,--,43,57362,买盘
1880,13:13:36,13.34,--,3,4002,买盘
1881,13:13:33,13.34,--,15,20010,卖盘
1882,13:13:27,13.34,-0.01,1,1334,卖盘
1883,13:13:21,13.35,--,12,16020,买盘
1884,13:13:18,13.35,--,11,14685,买盘
1885,13:13:15,13.35,--,6,8010,买盘
1886,13:13:12,13.35,0.02,162,216270,买盘
1887,13:13:09,13.33,-0.02,30,39990,卖盘
1888,13:13:03,13.35,--,26,34710,买盘
1889,13:13:00,13.35,--,54,72090,买盘
1890,13:12:51,13.35,0.02,4,5340,买盘
1891,13:12:48,13.33,-0.02,36,47988,卖盘
1892,13:12:42,13.35,0.02,1,1335,买盘
1893,13:12:39,13.33,--,108,143964,卖盘
1894,13:12:36,13.33,--,7,9331,卖盘
1895,13:12:33,13.33,-0.01,13,17329,卖盘
1896,13:12:30,13.34,0.01,2,2668,买盘
1897,13:12:27,13.33,--,18,23994,卖盘
1898,13:12:24,13.33,-0.01,3,3999,卖盘
1899,13:12:21,13.34,0.01,1,1334,买盘
1900,13:12:15,13.33,-0.01,6,7998,卖盘
1901,13:12:12,13.34,0.01,12,16008,买盘
1902,13:12:09,13.33,-0.01,113,150629,卖盘
1903,13:12:03,13.34,--,33,44022,买盘
1904,13:12:00,13.34,0.01,31,41354,买盘
1905,13:11:57,13.33,--,20,26660,卖盘
1906,13:11:54,13.33,--,6,7998,卖盘
1907,13:11:51,13.33,--,3,3999,卖盘
1908,13:11:48,13.33,-0.01,10,13330,卖盘
1909,13:11:45,13.34,0.01,7,9338,买盘
1910,13:11:42,13.33,-0.01,13,17329,卖盘
1911,13:11:39,13.34,--,33,44022,卖盘
1912,13:11:36,13.34,--,25,33350,卖盘
1913,13:11:33,13.34,--,22,29348,卖盘
1914,13:11:30,13.34,--,17,22678,卖盘
1915,13:11:27,13.34,-0.01,31,41354,卖盘
1916,13:11:24,13.35,0.01,54,72090,买盘
1917,13:11:21,13.34,--,15,20010,卖盘
1918,13:11:18,13.34,-0.01,15,20010,卖盘
1919,13:11:12,13.35,0.01,40,53400,买盘
1920,13:11:09,13.34,--,7,9338,卖盘
1921,13:11:06,13.34,-0.01,26,34684,卖盘
1922,13:11:03,13.35,--,47,62745,买盘
1923,13:11:00,13.35,0.01,1,1335,买盘
1924,13:10:57,13.34,-0.01,7,9338,卖盘
1925,13:10:54,13.35,-0.01,266,355110,卖盘
1926,13:10:48,13.36,0.01,11,14696,买盘
1927,13:10:45,13.35,0.01,100,133500,买盘
1928,13:10:42,13.34,-0.01,5,6670,卖盘
1929,13:10:36,13.35,0.01,116,154860,买盘
1930,13:10:33,13.34,--,11,14674,卖盘
1931,13:10:30,13.34,-0.01,2,2668,卖盘
1932,13:10:27,13.35,0.01,1,1335,买盘
1933,13:10:24,13.34,--,8,10672,中性盘
1934,13:10:21,13.34,-0.01,3,4002,卖盘
1935,13:10:15,13.35,--,16,21360,买盘
1936,13:10:12,13.35,-0.01,56,74760,买盘
1937,13:10:06,13.36,0.01,50,66800,买盘
1938,13:10:03,13.35,--,36,48060,买盘
1939,13:10:00,13.35,--,506,675510,卖盘
1940,13:09:54,13.35,--,2,2670,卖盘
1941,13:09:51,13.35,--,7,9345,卖盘
1942,13:09:48,13.35,--,1,1335,卖盘
1943,13:09:45,13.35,--,21,28035,卖盘
1944,13:09:42,13.35,--,29,38715,卖盘
1945,13:09:39,13.35,-0.01,138,184230,卖盘
1946,13:09:36,13.36,0.01,1,1336,买盘
1947,13:09:33,13.35,--,38,50730,卖盘
1948,13:09:30,13.35,-0.01,7,9345,卖盘
1949,13:09:27,13.36,--,10,13360,买盘
1950,13:09:24,13.36,--,3,4008,买盘
1951,13:09:21,13.36,0.01,238,317968,买盘
1952,13:09:18,13.35,--,8,10680,卖盘
1953,13:09:15,13.35,-0.01,52,69420,卖盘
1954,13:09:09,13.36,0.01,302,403472,买盘
1955,13:09:06,13.35,-0.01,10,13350,卖盘
1956,13:09:03,13.36,--,39,52104,买盘
1957,13:09:00,13.36,0.01,1,1336,买盘
1958,13:08:57,13.35,-0.01,7,9345,卖盘
1959,13:08:54,13.36,0.01,3,4008,买盘
1960,13:08:51,13.35,--,105,140175,卖盘
1961,13:08:45,13.35,--,17,22695,卖盘
1962,13:08:42,13.35,--,36,48060,卖盘
1963,13:08:39,13.35,-0.01,20,26700,卖盘
1964,13:08:36,13.36,0.01,24,32064,买盘
1965,13:08:33,13.35,--,13,17355,卖盘
1966,13:08:30,13.35,--,40,53400,卖盘
1967,13:08:27,13.35,--,3,4005,卖盘
1968,13:08:24,13.35,--,12,16020,卖盘
1969,13:08:21,13.35,-0.01,2,2670,卖盘
1970,13:08:18,13.36,0.01,1,1336,买盘
1971,13:08:12,13.35,-0.02,19,25591,卖盘
1972,13:08:06,13.37,--,1,1337,买盘
1973,13:08:03,13.37,0.01,38,50806,买盘
1974,13:08:00,13.36,0.01,174,233572,买盘
1975,13:07:57,13.35,-0.01,9,12015,卖盘
1976,13:07:54,13.36,0.01,7,9352,买盘
1977,13:07:51,13.35,--,8,10680,卖盘
1978,13:07:42,13.35,--,48,64080,卖盘
1979,13:07:39,13.35,-0.01,7,9345,中性盘
1980,13:07:33,13.36,0.02,88,117568,买盘
1981,13:07:30,13.34,-0.02,6,8004,卖盘
1982,13:07:24,13.36,0.01,42,56112,买盘
1983,13:07:21,13.35,--,82,110284,卖盘
1984,13:07:18,13.35,-0.01,15,20025,卖盘
1985,13:07:15,13.36,0.01,50,66800,买盘
1986,13:07:09,13.35,--,22,29370,卖盘
1987,13:07:06,13.35,-0.01,23,30705,卖盘
1988,13:07:03,13.36,0.01,61,82337,买盘
1989,13:07:00,13.35,--,49,66055,卖盘
1990,13:06:57,13.35,--,6,8010,卖盘
1991,13:06:54,13.35,--,3,4005,卖盘
1992,13:06:45,13.35,-0.01,7,9345,卖盘
1993,13:06:42,13.36,0.01,176,235136,买盘
1994,13:06:39,13.35,--,33,44428,卖盘
1995,13:06:36,13.35,--,6,8010,卖盘
1996,13:06:33,13.35,-0.01,13,17355,卖盘
1997,13:06:30,13.36,0.01,15,20040,买盘
1998,13:06:24,13.35,-0.01,10,13350,卖盘
1999,13:06:21,13.36,--,1,1336,买盘
2000,13:06:18,13.36,--,84,112437,卖盘
2001,13:06:12,13.36,--,224,299264,卖盘
2002,13:06:09,13.36,--,278,371408,卖盘
2003,13:06:06,13.36,-0.01,6,8016,卖盘
2004,13:06:03,13.37,0.01,44,58828,买盘
2005,13:05:57,13.36,--,5,7561,卖盘
2006,13:05:54,13.36,--,19,25384,卖盘
2007,13:05:51,13.36,--,56,74816,卖盘
2008,13:05:48,13.36,--,11,14696,卖盘
2009,13:05:42,13.36,--,33,44088,卖盘
2010,13:05:39,13.36,-0.01,22,29392,卖盘
2011,13:05:36,13.37,0.01,37,49469,买盘
2012,13:05:33,13.36,--,52,69472,卖盘
2013,13:05:30,13.36,-0.01,50,66800,卖盘
2014,13:05:27,13.37,0.01,14,18718,买盘
2015,13:05:21,13.36,-0.01,78,105183,卖盘
2016,13:05:18,13.37,0.01,70,93590,买盘
2017,13:05:15,13.36,-0.01,7,9352,卖盘
2018,13:05:12,13.37,0.01,8,10696,买盘
2019,13:05:09,13.36,--,10,13360,卖盘
2020,13:05:06,13.36,-0.01,24,32064,卖盘
2021,13:05:03,13.37,0.01,66,88242,买盘
2022,13:05:00,13.36,--,4,5344,卖盘
2023,13:04:57,13.36,--,8,11289,卖盘
2024,13:04:54,13.36,--,54,72144,卖盘
2025,13:04:51,13.36,--,9,12024,卖盘
2026,13:04:48,13.36,--,25,33400,卖盘
2027,13:04:42,13.36,-0.01,14,18704,卖盘
2028,13:04:39,13.37,0.01,7,9359,买盘
2029,13:04:36,13.36,-0.01,5,6680,卖盘
2030,13:04:33,13.37,-0.01,10,13370,卖盘
2031,13:04:30,13.38,0.01,46,61548,买盘
2032,13:04:27,13.37,0.01,20,26740,中性盘
2033,13:04:21,13.36,--,9,12024,卖盘
2034,13:04:12,13.36,-0.02,6,8016,卖盘
2035,13:04:09,13.38,--,3,4014,买盘
2036,13:04:03,13.38,--,24,32112,买盘
2037,13:04:00,13.38,-0.01,205,274290,卖盘
2038,13:03:57,13.39,0.01,10,13390,买盘
2039,13:03:54,13.38,--,58,78085,卖盘
2040,13:03:48,13.38,--,21,28098,卖盘
2041,13:03:42,13.38,--,31,41478,卖盘
2042,13:03:39,13.38,--,16,21408,卖盘
2043,13:03:36,13.38,-0.01,9,12898,卖盘
2044,13:03:33,13.39,0.01,20,26780,买盘
2045,13:03:30,13.38,--,2,2676,卖盘
2046,13:03:27,13.38,-0.01,37,49506,卖盘
2047,13:03:24,13.39,0.01,72,96408,买盘
2048,13:03:21,13.38,--,1,1338,卖盘
2049,13:03:15,13.38,--,99,132462,买盘
2050,13:03:09,13.38,0.02,3,4014,买盘
2051,13:03:06,13.36,-0.02,53,70808,卖盘
2052,13:03:03,13.38,0.01,25,33450,买盘
2053,13:03:00,13.37,--,3,4010,卖盘
2054,13:02:57,13.37,--,25,33425,卖盘
2055,13:02:54,13.37,--,7,9359,卖盘
2056,13:02:51,13.37,--,18,24066,卖盘
2057,13:02:48,13.37,--,30,40110,买盘
2058,13:02:45,13.37,--,12,16043,卖盘
2059,13:02:42,13.37,0.01,9,12033,卖盘
2060,13:02:33,13.36,-0.01,18,24048,卖盘
2061,13:02:30,13.37,--,32,42784,卖盘
2062,13:02:27,13.37,--,36,48132,卖盘
2063,13:02:24,13.37,--,5,6685,卖盘
2064,13:02:21,13.37,--,7,9359,卖盘
2065,13:02:18,13.37,--,35,46795,卖盘
2066,13:02:15,13.37,0.01,347,463939,买盘
2067,13:02:12,13.36,--,41,54776,卖盘
2068,13:02:09,13.36,--,75,100200,卖盘
2069,13:02:06,13.36,-0.01,15,20040,卖盘
2070,13:02:03,13.37,0.01,25,33425,买盘
2071,13:02:00,13.36,-0.01,20,26720,卖盘
2072,13:01:57,13.37,0.01,4,5348,买盘
2073,13:01:54,13.36,-0.01,64,85504,卖盘
2074,13:01:51,13.37,0.01,13,17381,买盘
2075,13:01:48,13.36,--,12,16032,卖盘
2076,13:01:45,13.36,--,58,77488,卖盘
2077,13:01:42,13.36,-0.01,4,5344,卖盘
2078,13:01:39,13.37,0.01,36,48132,买盘
2079,13:01:36,13.36,--,49,65464,卖盘
2080,13:01:33,13.36,-0.01,19,25384,卖盘
2081,13:01:30,13.37,0.01,34,45458,买盘
2082,13:01:27,13.36,--,36,48096,卖盘
2083,13:01:24,13.36,--,7,9352,卖盘
2084,13:01:21,13.36,--,9,12024,卖盘
2085,13:01:18,13.36,--,5,6680,卖盘
2086,13:01:15,13.36,--,27,36072,卖盘
2087,13:01:12,13.36,-0.01,9,12024,卖盘
2088,13:01:09,13.37,--,77,102949,买盘
2089,13:01:06,13.37,--,17,22729,买盘
2090,13:01:03,13.37,--,46,61502,买盘
2091,13:01:00,13.37,--,89,118993,买盘
2092,13:00:57,13.37,0.01,35,46795,买盘
2093,13:00:54,13.36,-0.01,52,69472,卖盘
2094,13:00:51,13.37,--,5,6685,买盘
2095,13:00:48,13.37,0.01,92,123004,卖盘
2096,13:00:42,13.36,-0.02,7,9352,卖盘
2097,13:00:39,13.38,0.02,7,9366,买盘
2098,13:00:36,13.36,-0.01,24,32064,卖盘
2099,13:00:33,13.37,--,44,58828,卖盘
2100,13:00:30,13.37,-0.01,46,61502,卖盘
2101,13:00:27,13.38,--,45,60210,买盘
2102,13:00:21,13.38,0.01,10,13380,买盘
2103,13:00:18,13.37,--,26,34762,卖盘
2104,13:00:15,13.37,--,6,8021,卖盘
2105,13:00:12,13.37,-0.01,13,17381,卖盘
2106,13:00:09,13.38,-0.01,401,536538,买盘
2107,13:00:06,13.39,0.02,221,295919,买盘
2108,13:00:03,13.37,0.02,1520,2032239,买盘
2109,13:00:00,13.35,--,0,0,卖盘
2110,11:30:00,13.35,--,20,26700,卖盘
2111,11:29:57,13.35,--,6,8010,卖盘
2112,11:29:54,13.35,-0.01,28,37380,卖盘
2113,11:29:51,13.36,0.01,4,5344,买盘
2114,11:29:48,13.35,-0.01,33,44055,卖盘
2115,11:29:45,13.36,0.01,74,98864,买盘
2116,11:29:42,13.35,-0.01,9,12015,卖盘
2117,11:29:39,13.36,0.01,14,18704,买盘
2118,11:29:36,13.35,-0.01,6,8010,卖盘
2119,11:29:33,13.36,--,53,70808,买盘
2120,11:29:30,13.36,--,49,65464,买盘
2121,11:29:27,13.36,--,403,538408,买盘
2122,11:29:24,13.36,0.01,16,21376,买盘
2123,11:29:21,13.35,-0.02,108,144180,卖盘
2124,11:29:18,13.37,0.01,14,18718,买盘
2125,11:29:15,13.36,--,22,29392,卖盘
2126,11:29:12,13.36,--,12,16032,卖盘
2127,11:29:09,13.36,--,23,30728,卖盘
2128,11:29:06,13.36,--,12,16032,卖盘
2129,11:29:03,13.36,--,20,26720,卖盘
2130,11:28:57,13.36,--,9,12024,卖盘
2131,11:28:54,13.36,--,18,24048,卖盘
2132,11:28:51,13.36,--,7,9352,卖盘
2133,11:28:48,13.36,0.01,7,9352,卖盘
2134,11:28:45,13.35,-0.02,63,84105,卖盘
2135,11:28:42,13.37,0.01,238,318206,买盘
2136,11:28:39,13.36,--,19,25384,卖盘
2137,11:28:36,13.36,-0.02,18,24048,卖盘
2138,11:28:33,13.38,--,36,48168,买盘
2139,11:28:30,13.38,0.01,65,86970,买盘
2140,11:28:27,13.37,--,113,151081,卖盘
2141,11:28:24,13.37,--,56,74872,卖盘
2142,11:28:21,13.37,--,1,1337,卖盘
2143,11:28:18,13.37,-0.01,20,26740,卖盘
2144,11:28:15,13.38,0.01,38,50844,买盘
2145,11:28:12,13.37,--,62,82894,卖盘
2146,11:28:09,13.37,0.01,184,246008,买盘
2147,11:28:06,13.36,--,38,50768,卖盘
2148,11:28:03,13.36,--,36,48096,卖盘
2149,11:28:00,13.36,--,21,28056,卖盘
2150,11:27:57,13.36,--,136,181696,卖盘
2151,11:27:54,13.36,--,7,9352,卖盘
2152,11:27:51,13.36,--,18,24048,卖盘
2153,11:27:48,13.36,-0.01,21,28056,卖盘
2154,11:27:45,13.37,0.01,8,10696,买盘
2155,11:27:42,13.36,-0.01,6,8016,卖盘
2156,11:27:39,13.37,--,13,17381,买盘
2157,11:27:36,13.37,0.01,2,2674,买盘
2158,11:27:33,13.36,--,21,28056,卖盘
2159,11:27:30,13.36,--,7,9352,卖盘
2160,11:27:27,13.36,-0.01,150,200400,卖盘
2161,11:27:24,13.37,0.01,19,25403,买盘
2162,11:27:21,13.36,--,1,1336,卖盘
2163,11:27:18,13.36,--,7,9352,卖盘
2164,11:27:15,13.36,-0.01,65,86840,卖盘
2165,11:27:12,13.37,--,58,77546,卖盘
2166,11:27:09,13.37,--,11,14707,卖盘
2167,11:27:06,13.37,--,81,108297,卖盘
2168,11:27:03,13.37,--,13,17381,卖盘
2169,11:27:00,13.37,-0.01,26,34762,卖盘
2170,11:26:57,13.38,0.01,11,14718,买盘
2171,11:26:54,13.37,-0.01,47,62838,卖盘
2172,11:26:51,13.38,0.01,8,10704,买盘
2173,11:26:48,13.37,--,560,748720,卖盘
2174,11:26:45,13.37,--,7,9359,卖盘
2175,11:26:42,13.37,-0.01,1230,1644510,卖盘
2176,11:26:39,13.38,-0.02,22,29436,卖盘
2177,11:26:36,13.4,0.01,518,694120,买盘
2178,11:26:33,13.39,--,726,972114,卖盘
2179,11:26:30,13.39,--,67,89713,卖盘
2180,11:26:27,13.39,-0.01,7,9373,卖盘
2181,11:26:24,13.4,0.01,50,67000,买盘
2182,11:26:21,13.39,-0.01,47,62933,卖盘
2183,11:26:18,13.4,--,15,20100,买盘
2184,11:26:15,13.4,0.01,10,13400,买盘
2185,11:26:12,13.39,-0.01,64,85696,卖盘
2186,11:26:09,13.4,0.01,8,10720,买盘
2187,11:26:06,13.39,-0.01,38,50882,卖盘
2188,11:26:03,13.4,--,49,65660,卖盘
2189,11:26:00,13.4,--,7,9380,卖盘
2190,11:25:57,13.4,--,28,37520,中性盘
2191,11:25:54,13.4,--,40,53600,卖盘
2192,11:25:51,13.4,-0.01,21,28140,中性盘
2193,11:25:48,13.41,0.01,174,233334,买盘
2194,11:25:45,13.4,--,19,25460,买盘
2195,11:25:42,13.4,-0.01,85,114436,卖盘
2196,11:25:39,13.41,--,75,100575,买盘
2197,11:25:36,13.41,0.01,15,20115,买盘
2198,11:25:33,13.4,--,24,32160,卖盘
2199,11:25:30,13.4,-0.01,1028,1377520,卖盘
2200,11:25:27,13.41,--,20,26820,买盘
2201,11:25:24,13.41,0.01,126,168966,买盘
2202,11:25:21,13.4,--,15,20100,卖盘
2203,11:25:18,13.4,-0.01,7,9380,卖盘
2204,11:25:12,13.41,-0.01,347,465327,卖盘
2205,11:25:09,13.42,--,92,123464,买盘
2206,11:25:06,13.42,--,94,126148,买盘
2207,11:25:03,13.42,--,328,440176,买盘
2208,11:25:00,13.42,--,105,140910,买盘
2209,11:24:57,13.42,--,19,25498,买盘
2210,11:24:54,13.42,--,30,40260,买盘
2211,11:24:51,13.42,0.01,33,44286,买盘
2212,11:24:48,13.41,--,1,1341,卖盘
2213,11:24:45,13.41,--,8,10728,卖盘
2214,11:24:42,13.41,--,9,12069,卖盘
2215,11:24:39,13.41,0.01,304,407664,买盘
2216,11:24:33,13.4,--,44,58960,卖盘
2217,11:24:30,13.4,-0.01,3,4020,卖盘
2218,11:24:27,13.41,--,109,146169,买盘
2219,11:24:24,13.41,0.01,456,611496,买盘
2220,11:24:21,13.4,--,7,9380,卖盘
2221,11:24:18,13.4,--,103,138020,卖盘
2222,11:24:15,13.4,-0.01,143,191620,卖盘
2223,11:24:12,13.41,0.01,342,458622,买盘
2224,11:24:09,13.4,--,12,16080,卖盘
2225,11:24:06,13.4,--,2,2680,卖盘
2226,11:24:03,13.4,--,806,1080844,买盘
2227,11:23:57,13.4,--,70,93800,买盘
2228,11:23:54,13.4,0.01,2,2680,买盘
2229,11:23:51,13.39,--,82,109798,卖盘
2230,11:23:48,13.39,-0.01,252,337428,卖盘
2231,11:23:45,13.4,--,1,1340,买盘
2232,11:23:42,13.4,0.01,257,344380,买盘
2233,11:23:39,13.39,-0.01,25,33475,卖盘
2234,11:23:36,13.4,0.01,1,1340,买盘
2235,11:23:33,13.39,-0.01,13,17407,卖盘
2236,11:23:30,13.4,0.01,239,320260,买盘
2237,11:23:27,13.39,-0.01,39,52221,卖盘
2238,11:23:24,13.4,0.01,6,8040,买盘
2239,11:23:21,13.39,--,39,52221,卖盘
2240,11:23:18,13.39,--,42,56238,买盘
2241,11:23:15,13.39,0.01,200,267800,买盘
2242,11:23:09,13.38,--,26,34788,卖盘
2243,11:23:06,13.38,--,21,28098,卖盘
2244,11:23:03,13.38,--,14,18732,卖盘
2245,11:23:00,13.38,--,168,224784,买盘
2246,11:22:57,13.38,--,96,128448,买盘
2247,11:22:54,13.38,--,8,10704,买盘
2248,11:22:51,13.38,--,8,10704,买盘
2249,11:22:48,13.38,--,21,28098,买盘
2250,11:22:45,13.38,--,8,10704,买盘
2251,11:22:42,13.38,-0.02,726,971388,卖盘
2252,11:22:39,13.4,0.02,33,44220,买盘
2253,11:22:36,13.38,--,60,80280,卖盘
2254,11:22:33,13.38,-0.01,19,25422,卖盘
2255,11:22:30,13.39,--,10,13390,卖盘
2256,11:22:27,13.39,--,2,2678,卖盘
2257,11:22:24,13.39,--,1056,1413984,买盘
2258,11:22:21,13.39,--,31,41509,买盘
2259,11:22:18,13.39,--,3,4017,买盘
2260,11:22:15,13.39,0.01,36,48204,买盘
2261,11:22:12,13.38,--,50,66900,卖盘
2262,11:22:09,13.38,--,3,4014,卖盘
2263,11:22:06,13.38,--,76,101688,卖盘
2264,11:22:03,13.38,-0.01,25,33450,卖盘
2265,11:22:00,13.39,0.01,113,151307,买盘
2266,11:21:57,13.38,-0.01,20,26760,卖盘
2267,11:21:54,13.39,--,53,70967,买盘
2268,11:21:51,13.39,0.01,254,340106,买盘
2269,11:21:48,13.38,-0.01,47,62886,卖盘
2270,11:21:45,13.39,--,230,307970,买盘
2271,11:21:42,13.39,0.01,305,408395,买盘
2272,11:21:39,13.38,--,83,111054,卖盘
2273,11:21:36,13.38,--,95,127110,卖盘
2274,11:21:33,13.38,--,158,211404,卖盘
2275,11:21:30,13.38,--,1,1338,卖盘
2276,11:21:27,13.38,--,13,17394,卖盘
2277,11:21:24,13.38,0.01,543,726534,买盘
2278,11:21:21,13.37,-0.01,4,5348,中性盘
2279,11:21:18,13.38,0.02,33,44154,买盘
2280,11:21:15,13.36,--,7,9352,卖盘
2281,11:21:12,13.36,-0.01,54,72144,卖盘
2282,11:21:06,13.37,--,38,50806,卖盘
2283,11:21:03,13.37,--,106,141722,卖盘
2284,11:21:00,13.37,0.01,228,304836,买盘
2285,11:20:57,13.36,--,9,12024,卖盘
2286,11:20:54,13.36,--,111,148296,卖盘
2287,11:20:51,13.36,-0.01,222,296592,卖盘
2288,11:20:48,13.37,0.01,99,132363,买盘
2289,11:20:45,13.36,--,42,56112,卖盘
2290,11:20:42,13.36,-0.01,7,9352,卖盘
2291,11:20:39,13.37,--,19,25403,买盘
2292,11:20:36,13.37,0.01,46,61502,买盘
2293,11:20:33,13.36,--,69,92184,卖盘
2294,11:20:30,13.36,--,19,25384,卖盘
2295,11:20:27,13.36,-0.01,84,112224,卖盘
2296,11:20:24,13.37,--,59,78883,买盘
2297,11:20:21,13.37,--,19,25403,买盘
2298,11:20:18,13.37,--,96,128351,买盘
2299,11:20:15,13.37,--,92,123004,买盘
2300,11:20:12,13.37,0.01,22,29414,买盘
2301,11:20:09,13.36,-0.01,56,74816,卖盘
2302,11:20:06,13.37,--,461,616357,买盘
2303,11:20:03,13.37,-0.01,1225,1637825,卖盘
2304,11:20:00,13.38,--,43,57534,买盘
2305,11:19:57,13.38,--,578,773364,买盘
2306,11:19:54,13.38,--,54,72252,买盘
2307,11:19:51,13.38,0.01,3,4014,买盘
2308,11:19:48,13.37,-0.01,170,227290,卖盘
2309,11:19:45,13.38,0.01,42,56196,买盘
2310,11:19:42,13.37,-0.01,100,133700,卖盘
2311,11:19:39,13.38,0.01,62,82956,买盘
2312,11:19:36,13.37,-0.01,220,294140,卖盘
2313,11:19:33,13.38,0.01,29,38802,买盘
2314,11:19:30,13.37,0.01,186,248682,买盘
2315,11:19:27,13.36,-0.01,33,44088,卖盘
2316,11:19:24,13.37,0.01,4,5348,买盘
2317,11:19:21,13.36,--,132,176352,卖盘
2318,11:19:18,13.36,-0.01,300,400800,卖盘
2319,11:19:15,13.37,0.01,8,10696,买盘
2320,11:19:09,13.36,--,5,6680,卖盘
2321,11:19:06,13.36,-0.01,56,74816,卖盘
2322,11:19:03,13.37,-0.01,20,26740,卖盘
2323,11:19:00,13.38,--,114,152532,买盘
2324,11:18:57,13.38,0.01,12,16056,买盘
2325,11:18:54,13.37,--,169,225953,买盘
2326,11:18:48,13.37,--,5,6685,买盘
2327,11:18:45,13.37,--,1,1337,买盘
2328,11:18:42,13.37,-0.01,45,60165,卖盘
2329,11:18:39,13.38,0.01,13,17394,买盘
2330,11:18:36,13.37,-0.01,235,314195,卖盘
2331,11:18:33,13.38,0.01,26,34788,买盘
2332,11:18:30,13.37,--,21,28077,卖盘
2333,11:18:27,13.37,-0.01,5,6685,卖盘
2334,11:18:24,13.38,0.01,107,143166,买盘
2335,11:18:21,13.37,-0.02,7,9359,卖盘
2336,11:18:09,13.39,0.02,111,148629,买盘
2337,11:18:06,13.37,--,11,14707,卖盘
2338,11:18:03,13.37,-0.01,8,10696,卖盘
2339,11:17:57,13.38,--,1025,1371450,买盘
2340,11:17:48,13.38,0.01,37,49506,买盘
2341,11:17:45,13.37,--,135,180495,卖盘
2342,11:17:39,13.37,--,178,237986,卖盘
2343,11:17:36,13.37,-0.01,26,34762,卖盘
2344,11:17:33,13.38,--,56,74928,买盘
2345,11:17:30,13.38,0.01,45,60210,买盘
2346,11:17:27,13.37,--,21,28077,卖盘
2347,11:17:24,13.37,-0.01,35,46795,卖盘
2348,11:17:21,13.38,--,3,4014,卖盘
2349,11:17:18,13.38,--,2,2676,卖盘
2350,11:17:15,13.38,0.01,102,136476,买盘
2351,11:17:12,13.37,--,23,30751,卖盘
2352,11:17:09,13.37,--,1,1337,卖盘
2353,11:17:06,13.37,--,11,14707,卖盘
2354,11:17:03,13.37,-0.01,31,41447,卖盘
2355,11:17:00,13.38,--,42,56196,卖盘
2356,11:16:54,13.38,0.01,18,24084,买盘
2357,11:16:51,13.37,--,40,53480,卖盘
2358,11:16:48,13.37,-0.01,14,18718,卖盘
2359,11:16:45,13.38,--,1,1338,买盘
2360,11:16:42,13.38,--,7,9366,卖盘
2361,11:16:39,13.38,--,56,74928,卖盘
2362,11:16:36,13.38,-0.01,11,14718,中性盘
2363,11:16:33,13.39,0.02,14,18746,买盘
2364,11:16:30,13.37,-0.01,7,9359,卖盘
2365,11:16:27,13.38,--,147,196686,买盘
2366,11:16:24,13.38,--,5,6690,买盘
2367,11:16:21,13.38,0.01,24,32112,买盘
2368,11:16:18,13.37,--,70,93590,卖盘
2369,11:16:15,13.37,-0.01,66,88242,卖盘
2370,11:16:12,13.38,0.01,120,160560,买盘
2371,11:16:09,13.37,--,10,13370,卖盘
2372,11:16:06,13.37,--,20,26740,卖盘
2373,11:16:03,13.37,-0.01,10,13370,卖盘
2374,11:16:00,13.38,--,148,198024,买盘
2375,11:15:57,13.38,0.01,8,10704,买盘
2376,11:15:54,13.37,-0.01,100,133700,卖盘
2377,11:15:48,13.38,0.01,1,1338,买盘
2378,11:15:45,13.37,-0.01,32,42784,卖盘
2379,11:15:42,13.38,--,64,85632,买盘
2380,11:15:39,13.38,0.01,13,17394,买盘
2381,11:15:36,13.37,--,20,26740,卖盘
2382,11:15:33,13.37,-0.01,50,66850,卖盘
2383,11:15:30,13.38,0.01,4,5352,买盘
2384,11:15:27,13.37,-0.01,77,102949,卖盘
2385,11:15:24,13.38,0.01,49,65562,买盘
2386,11:15:21,13.37,-0.01,1,1337,卖盘
2387,11:15:18,13.38,--,100,133800,买盘
2388,11:15:15,13.38,0.01,1,1338,买盘
2389,11:15:12,13.37,-0.01,7,9359,卖盘
2390,11:15:09,13.38,0.01,1,1338,买盘
2391,11:15:06,13.37,--,112,149744,卖盘
2392,11:15:03,13.37,--,7,9359,卖盘
2393,11:15:00,13.37,--,18,24066,卖盘
2394,11:14:57,13.37,-0.02,1,1337,卖盘
2395,11:14:54,13.39,0.02,59,79001,买盘
2396,11:14:51,13.37,--,7,9359,卖盘
2397,11:14:48,13.37,--,103,137711,卖盘
2398,11:14:45,13.37,--,11,14707,卖盘
2399,11:14:42,13.37,-0.02,25,33425,卖盘
2400,11:14:39,13.39,0.02,39,52221,买盘
2401,11:14:36,13.37,--,11,14707,卖盘
2402,11:14:33,13.37,--,2,2674,卖盘
2403,11:14:30,13.37,--,18,24066,卖盘
2404,11:14:27,13.37,--,15,20055,卖盘
2405,11:14:24,13.37,--,4,5348,卖盘
2406,11:14:21,13.37,--,1,1337,卖盘
2407,11:14:18,13.37,-0.01,59,78883,卖盘
2408,11:14:09,13.38,0.01,3,4014,买盘
2409,11:14:06,13.37,--,29,38773,卖盘
2410,11:14:03,13.37,-0.01,15,20055,卖盘
2411,11:13:57,13.38,--,138,184644,卖盘
2412,11:13:54,13.38,--,61,81618,卖盘
2413,11:13:51,13.38,-0.01,18,24084,卖盘
2414,11:13:48,13.39,0.01,5,6695,买盘
2415,11:13:45,13.38,--,90,120420,卖盘
2416,11:13:42,13.38,-0.01,5,6690,卖盘
2417,11:13:36,13.39,0.01,72,96408,买盘
2418,11:13:33,13.38,-0.01,68,90984,中性盘
2419,11:13:30,13.39,0.02,20,26780,买盘
2420,11:13:27,13.37,--,1,1337,卖盘
2421,11:13:21,13.37,--,6,8021,卖盘
2422,11:13:18,13.37,-0.01,103,137711,卖盘
2423,11:13:15,13.38,0.01,24,32112,中性盘
2424,11:13:12,13.37,-0.01,9,12033,卖盘
2425,11:13:09,13.38,--,7,9366,卖盘
2426,11:13:06,13.38,--,12,16056,卖盘
2427,11:13:03,13.38,--,32,42816,卖盘
2428,11:13:00,13.38,-0.01,32,42816,中性盘
2429,11:12:57,13.39,0.01,105,140595,买盘
2430,11:12:54,13.38,--,137,183306,卖盘
2431,11:12:51,13.38,--,189,252882,买盘
2432,11:12:48,13.38,--,1,1338,买盘
2433,11:12:42,13.38,0.01,6,8028,买盘
2434,11:12:39,13.37,-0.01,20,26740,卖盘
2435,11:12:36,13.38,0.01,18,24084,买盘
2436,11:12:33,13.37,-0.01,2,2674,卖盘
2437,11:12:30,13.38,0.01,15,20070,买盘
2438,11:12:27,13.37,-0.02,38,50806,卖盘
2439,11:12:24,13.39,--,148,198172,买盘
2440,11:12:21,13.39,0.01,21,28119,买盘
2441,11:12:18,13.38,--,36,48168,卖盘
2442,11:12:15,13.38,-0.01,24,32112,卖盘
2443,11:12:12,13.39,--,40,53560,买盘
2444,11:12:09,13.39,--,2,2678,买盘
2445,11:12:06,13.39,--,33,44187,买盘
2446,11:12:03,13.39,--,221,295919,卖盘
2447,11:12:00,13.39,--,24,32136,卖盘
2448,11:11:57,13.39,--,10,13390,卖盘
2449,11:11:54,13.39,--,7,9373,卖盘
2450,11:11:51,13.39,--,67,89713,买盘
2451,11:11:48,13.39,0.01,7,9373,买盘
2452,11:11:45,13.38,-0.02,7,9366,卖盘
2453,11:11:42,13.4,0.01,103,138020,买盘
2454,11:11:39,13.39,--,166,222809,卖盘
2455,11:11:36,13.39,--,471,630669,卖盘
2456,11:11:33,13.39,--,89,119171,卖盘
2457,11:11:30,13.39,-0.01,50,66950,卖盘
2458,11:11:24,13.4,0.02,142,191084,买盘
2459,11:11:21,13.38,--,7,9366,卖盘
2460,11:11:18,13.38,-0.01,32,42816,卖盘
2461,11:11:15,13.39,--,30,40170,买盘
2462,11:11:12,13.39,--,234,313326,买盘
2463,11:11:09,13.39,0.01,110,147290,买盘
2464,11:11:06,13.38,--,12,16056,卖盘
2465,11:11:03,13.38,--,48,64224,卖盘
2466,11:11:00,13.38,0.01,10,13380,买盘
2467,11:10:57,13.37,--,3,4010,卖盘
2468,11:10:54,13.37,-0.01,53,70861,卖盘
2469,11:10:51,13.38,0.01,32,42816,买盘
2470,11:10:48,13.37,--,16,21392,卖盘
2471,11:10:42,13.37,-0.01,488,652456,卖盘
2472,11:10:39,13.38,0.01,43,57534,买盘
2473,11:10:36,13.37,--,86,114982,卖盘
2474,11:10:33,13.37,--,1,1337,卖盘
2475,11:10:27,13.37,-0.01,7,9359,卖盘
2476,11:10:24,13.38,--,18,24084,买盘
2477,11:10:21,13.38,--,189,252882,卖盘
2478,11:10:18,13.38,--,18,24084,卖盘
2479,11:10:15,13.38,--,17,22746,卖盘
2480,11:10:12,13.38,--,26,34788,卖盘
2481,11:10:09,13.38,--,95,127110,买盘
2482,11:10:06,13.38,0.01,7,9366,买盘
2483,11:10:03,13.37,-0.01,9,12033,卖盘
2484,11:10:00,13.38,--,1,1338,卖盘
2485,11:09:57,13.38,0.01,1,1338,买盘
2486,11:09:54,13.37,--,665,889105,卖盘
2487,11:09:51,13.37,-0.01,8,10696,卖盘
2488,11:09:48,13.38,--,1,1338,买盘
2489,11:09:45,13.38,0.01,2,2676,买盘
2490,11:09:42,13.37,-0.01,7,9359,卖盘
2491,11:09:39,13.38,--,13,17394,买盘
2492,11:09:36,13.38,0.01,14,18732,买盘
2493,11:09:33,13.37,-0.01,51,68187,卖盘
2494,11:09:30,13.38,--,76,101688,卖盘
2495,11:09:27,13.38,-0.01,22,29436,卖盘
2496,11:09:24,13.39,0.01,13,17407,买盘
2497,11:09:21,13.38,-0.01,8,10704,卖盘
2498,11:09:12,13.39,--,8,10712,卖盘
2499,11:09:09,13.39,--,17,22763,卖盘
2500,11:09:06,13.39,0.01,57,76323,买盘
2501,11:09:03,13.38,-0.01,56,74928,卖盘
2502,11:09:00,13.39,0.01,202,270478,买盘
2503,11:08:57,13.38,--,30,40140,卖盘
2504,11:08:54,13.38,0.01,32,42816,中性盘
2505,11:08:51,13.37,-0.01,1034,1382458,卖盘
2506,11:08:48,13.38,--,133,177954,买盘
2507,11:08:45,13.38,--,5,6690,买盘
2508,11:08:42,13.38,--,6,8028,买盘
2509,11:08:39,13.38,-0.01,406,543228,卖盘
2510,11:08:36,13.39,--,8,10712,卖盘
2511,11:08:33,13.39,--,125,167375,卖盘
2512,11:08:27,13.39,--,37,49543,买盘
2513,11:08:24,13.39,--,71,95069,买盘
2514,11:08:21,13.39,--,30,40170,买盘
2515,11:08:18,13.39,-0.01,10,13390,买盘
2516,11:08:15,13.4,--,11,14740,买盘
2517,11:08:12,13.4,--,5,6700,买盘
2518,11:08:09,13.4,0.01,32,42880,买盘
2519,11:08:06,13.39,--,13,17407,卖盘
2520,11:08:03,13.39,-0.03,1380,1847820,卖盘
2521,11:08:00,13.42,--,55,73810,买盘
2522,11:07:57,13.42,0.01,14,18788,买盘
2523,11:07:54,13.41,--,107,143487,卖盘
2524,11:07:51,13.41,-0.01,61,81801,卖盘
2525,11:07:48,13.42,0.01,152,203984,买盘
2526,11:07:45,13.41,--,61,81801,卖盘
2527,11:07:42,13.41,--,29,38889,卖盘
2528,11:07:39,13.41,--,33,44253,卖盘
2529,11:07:36,13.41,--,335,449235,买盘
2530,11:07:33,13.41,0.01,52,69732,买盘
2531,11:07:30,13.4,--,9,12060,卖盘
2532,11:07:27,13.4,-0.01,5,6700,卖盘
2533,11:07:24,13.41,-0.01,119,159579,买盘
2534,11:07:21,13.42,0.02,20,26840,买盘
2535,11:07:18,13.4,-0.01,121,162180,卖盘
2536,11:07:15,13.41,--,572,767052,卖盘
2537,11:07:12,13.41,0.01,390,524290,买盘
2538,11:07:09,13.4,--,73,97820,卖盘
2539,11:07:06,13.4,--,75,100500,卖盘
2540,11:07:03,13.4,--,530,710200,买盘
2541,11:07:00,13.4,-0.01,28,37520,卖盘
2542,11:06:57,13.41,0.01,74,99234,买盘
2543,11:06:54,13.4,--,11,14740,买盘
2544,11:06:51,13.4,-0.01,40,53600,卖盘
2545,11:06:48,13.41,0.02,18,24138,买盘
2546,11:06:45,13.39,-0.01,837,1120743,卖盘
2547,11:06:42,13.4,--,15,20207,卖盘
2548,11:06:39,13.4,--,209,280060,卖盘
2549,11:06:36,13.4,--,99,133892,买盘
2550,11:06:33,13.4,--,398,533320,买盘
2551,11:06:30,13.4,0.02,2500,3350000,买盘
2552,11:06:27,13.38,--,26,34788,卖盘
2553,11:06:24,13.38,--,31,41478,卖盘
2554,11:06:21,13.38,-0.01,47,62886,卖盘
2555,11:06:18,13.39,0.01,11,14729,买盘
2556,11:06:15,13.38,--,1,1338,卖盘
2557,11:06:12,13.38,--,66,88308,卖盘
2558,11:06:09,13.38,-0.01,58,77604,卖盘
2559,11:06:06,13.39,0.01,23,30797,买盘
2560,11:06:03,13.38,--,26,34788,卖盘
2561,11:06:00,13.38,--,4,5352,卖盘
2562,11:05:54,13.38,--,168,224784,卖盘
2563,11:05:51,13.38,-0.01,24,32112,卖盘
2564,11:05:48,13.39,--,39,52221,买盘
2565,11:05:45,13.39,0.01,1,1339,买盘
2566,11:05:42,13.38,0.01,5,6690,中性盘
2567,11:05:39,13.37,-0.02,153,204561,卖盘
2568,11:05:36,13.39,0.02,14,18746,买盘
2569,11:05:33,13.37,--,49,65512,卖盘
2570,11:05:30,13.37,-0.02,7,9359,卖盘
2571,11:05:27,13.39,0.03,103,137917,买盘
2572,11:05:24,13.36,--,11,14696,卖盘
2573,11:05:21,13.36,-0.01,30,40080,卖盘
2574,11:05:18,13.37,--,34,45458,买盘
2575,11:05:15,13.37,-0.02,370,494690,卖盘
2576,11:05:12,13.39,--,8,10712,卖盘
2577,11:05:06,13.39,-0.01,13,17407,卖盘
2578,11:05:03,13.4,0.02,291,389940,买盘
2579,11:05:00,13.38,--,10,13380,卖盘
2580,11:04:57,13.38,-0.02,10,13380,卖盘
2581,11:04:54,13.4,0.01,387,518580,买盘
2582,11:04:51,13.39,-0.01,5,6695,卖盘
2583,11:04:45,13.4,--,27,36180,买盘
2584,11:04:42,13.4,0.02,35,46900,买盘
2585,11:04:39,13.38,--,29,38802,卖盘
2586,11:04:36,13.38,--,19,25422,卖盘
2587,11:04:33,13.38,--,210,280980,卖盘
2588,11:04:30,13.38,-0.02,130,173940,卖盘
2589,11:04:27,13.4,0.03,41,54940,买盘
2590,11:04:24,13.37,--,1108,1481396,卖盘
2591,11:04:21,13.37,--,3,4010,卖盘
2592,11:04:18,13.37,-0.01,57,76209,卖盘
2593,11:04:15,13.38,0.01,8,10704,买盘
2594,11:04:12,13.37,0.02,6,8021,中性盘
2595,11:04:06,13.35,-0.02,57,76095,卖盘
2596,11:04:03,13.37,--,135,180495,卖盘
2597,11:04:00,13.37,-0.03,13,17381,卖盘
2598,11:03:54,13.4,--,54,72360,买盘
2599,11:03:51,13.4,0.02,295,395300,买盘
2600,11:03:48,13.38,--,25,33450,卖盘
2601,11:03:42,13.38,0.02,118,157884,买盘
2602,11:03:39,13.36,0.01,5040,6733440,买盘
2603,11:03:36,13.35,--,11,14685,卖盘
2604,11:03:33,13.35,-0.01,2,2670,卖盘
2605,11:03:30,13.36,0.01,28,37408,买盘
2606,11:03:27,13.35,--,33,44055,卖盘
2607,11:03:24,13.35,-0.01,64,85440,卖盘
2608,11:03:21,13.36,0.01,50,66800,买盘
2609,11:03:18,13.35,-0.01,39,52065,卖盘
2610,11:03:15,13.36,--,13,17368,买盘
2611,11:03:12,13.36,--,253,338008,卖盘
2612,11:03:09,13.36,--,38,50768,卖盘
2613,11:03:06,13.36,-0.01,19,25384,卖盘
2614,11:03:03,13.37,--,5,6685,买盘
2615,11:03:00,13.37,0.01,72,96264,买盘
2616,11:02:57,13.36,--,16,21376,卖盘
2617,11:02:54,13.36,-0.01,17,22712,卖盘
2618,11:02:51,13.37,--,5,6685,买盘
2619,11:02:48,13.37,0.01,40,53480,买盘
2620,11:02:45,13.36,--,6,8016,卖盘
2621,11:02:42,13.36,--,10,13360,卖盘
2622,11:02:39,13.36,--,61,81496,买盘
2623,11:02:36,13.36,0.01,12,16032,中性盘
2624,11:02:33,13.35,0.01,28,37380,中性盘
2625,11:02:30,13.34,-0.03,493,657662,卖盘
2626,11:02:27,13.37,--,6,8021,买盘
2627,11:02:24,13.37,--,5,6685,买盘
2628,11:02:21,13.37,--,64,85568,买盘
2629,11:02:18,13.37,--,14,18718,买盘
2630,11:02:15,13.37,0.01,163,217931,买盘
2631,11:02:12,13.36,--,32,42752,卖盘
2632,11:02:09,13.36,--,59,78824,卖盘
2633,11:02:06,13.36,--,77,102872,卖盘
2634,11:02:03,13.36,--,283,378088,卖盘
2635,11:02:00,13.36,--,29,38744,卖盘
2636,11:01:57,13.36,-0.01,32,42752,卖盘
2637,11:01:54,13.37,0.01,9,12033,买盘
2638,11:01:48,13.36,--,93,124248,卖盘
2639,11:01:45,13.36,--,20,26720,卖盘
2640,11:01:42,13.36,--,50,66800,卖盘
2641,11:01:39,13.36,--,59,78824,卖盘
2642,11:01:36,13.36,-0.01,28,37408,卖盘
2643,11:01:33,13.37,0.01,116,155092,买盘
2644,11:01:30,13.36,0.01,14,18704,买盘
2645,11:01:27,13.35,-0.02,26,34710,卖盘
2646,11:01:24,13.37,--,131,175147,买盘
2647,11:01:18,13.37,0.01,125,167125,买盘
2648,11:01:15,13.36,--,57,76152,卖盘
2649,11:01:12,13.36,--,279,372744,卖盘
2650,11:01:09,13.36,--,203,271208,卖盘
2651,11:01:06,13.36,--,529,706744,卖盘
2652,11:01:03,13.36,0.01,20,26720,买盘
2653,11:01:00,13.35,-0.01,23,30705,卖盘
2654,11:00:57,13.36,--,320,427520,买盘
2655,11:00:54,13.36,0.01,33,44088,买盘
2656,11:00:51,13.35,-0.02,21,28035,卖盘
2657,11:00:48,13.37,0.02,5,6685,买盘
2658,11:00:42,13.35,-0.01,61,81435,卖盘
2659,11:00:39,13.36,0.03,14,18704,买盘
2660,11:00:36,13.33,--,11,14663,卖盘
2661,11:00:33,13.33,-0.04,17,22661,卖盘
2662,11:00:30,13.37,0.02,500,668500,买盘
2663,11:00:24,13.35,0.03,1,1335,买盘
2664,11:00:21,13.32,--,4530,6033960,卖盘
2665,11:00:15,13.32,-0.01,17,22644,卖盘
2666,11:00:12,13.33,0.01,41,54653,买盘
2667,11:00:09,13.32,--,7,9324,卖盘
2668,11:00:06,13.32,-0.01,15,19980,卖盘
2669,11:00:03,13.33,--,24,31992,买盘
2670,11:00:00,13.33,0.01,3,3999,买盘
2671,10:59:57,13.32,0.01,370,492840,买盘
2672,10:59:54,13.31,-0.01,74,98494,卖盘
2673,10:59:51,13.32,0.01,19,25308,买盘
2674,10:59:48,13.31,-0.01,38,50578,卖盘
2675,10:59:45,13.32,--,30,39960,卖盘
2676,10:59:42,13.32,--,92,122544,买盘
2677,10:59:39,13.32,--,13,17316,买盘
2678,10:59:36,13.32,--,19,25308,买盘
2679,10:59:33,13.32,--,38,50616,买盘
2680,10:59:30,13.32,0.01,59,78588,买盘
2681,10:59:27,13.31,-0.01,31,41261,卖盘
2682,10:59:24,13.32,0.01,1,1332,中性盘
2683,10:59:21,13.31,-0.01,35,46585,卖盘
2684,10:59:18,13.32,-0.01,75,99900,卖盘
2685,10:59:15,13.33,0.01,56,74648,买盘
2686,10:59:12,13.32,-0.01,500,666000,卖盘
2687,10:59:09,13.33,0.01,15,19995,买盘
2688,10:59:06,13.32,--,14,18648,卖盘
2689,10:59:03,13.32,-0.01,29,38628,卖盘
2690,10:59:00,13.33,0.01,1,1333,买盘
2691,10:58:54,13.32,--,186,247752,卖盘
2692,10:58:48,13.32,-0.01,7,9324,卖盘
2693,10:58:45,13.33,0.01,100,133300,买盘
2694,10:58:42,13.32,--,27,35964,卖盘
2695,10:58:39,13.32,--,46,61272,卖盘
2696,10:58:36,13.32,--,24,31968,卖盘
2697,10:58:33,13.32,--,7,9324,卖盘
2698,10:58:30,13.32,-0.01,82,109224,卖盘
2699,10:58:27,13.33,--,7,9331,买盘
2700,10:58:24,13.33,--,31,41323,买盘
2701,10:58:21,13.33,--,15,19995,买盘
2702,10:58:18,13.33,0.01,7,9331,买盘
2703,10:58:15,13.32,-0.01,16,21312,卖盘
2704,10:58:09,13.33,0.01,62,82646,买盘
2705,10:58:06,13.32,--,11,14652,卖盘
2706,10:58:03,13.32,--,10,13320,卖盘
2707,10:58:00,13.32,0.01,90,119880,买盘
2708,10:57:57,13.31,-0.01,23,30613,卖盘
2709,10:57:54,13.32,0.01,11,14652,买盘
2710,10:57:48,13.31,-0.01,16,21296,卖盘
2711,10:57:45,13.32,--,20,26640,买盘
2712,10:57:42,13.32,--,17,22644,买盘
2713,10:57:39,13.32,0.01,16,21312,买盘
2714,10:57:36,13.31,-0.01,21,27951,卖盘
2715,10:57:33,13.32,0.01,47,62604,买盘
2716,10:57:30,13.31,0.01,44,58564,买盘
2717,10:57:27,13.3,-0.01,2,2660,卖盘
2718,10:57:24,13.31,0.01,15,19965,卖盘
2719,10:57:21,13.3,-0.02,6,7980,卖盘
2720,10:57:18,13.32,--,22,29304,买盘
2721,10:57:15,13.32,--,22,29304,买盘
2722,10:57:09,13.32,--,8,10656,买盘
2723,10:57:06,13.32,0.01,48,63936,买盘
2724,10:57:03,13.31,--,41,54571,卖盘
2725,10:57:00,13.31,0.01,29,38599,买盘
2726,10:56:57,13.3,-0.01,40,53200,卖盘
2727,10:56:54,13.31,--,200,266200,卖盘
2728,10:56:51,13.31,--,7,9317,卖盘
2729,10:56:48,13.31,--,4,5324,卖盘
2730,10:56:45,13.31,-0.01,12,15972,中性盘
2731,10:56:42,13.32,0.02,11,14652,买盘
2732,10:56:39,13.3,-0.01,28,37240,卖盘
2733,10:56:36,13.31,-0.02,53,70543,卖盘
2734,10:56:33,13.33,0.02,19,25327,买盘
2735,10:56:30,13.31,--,71,94501,买盘
2736,10:56:27,13.31,--,17,22627,卖盘
2737,10:56:24,13.31,--,157,208967,卖盘
2738,10:56:21,13.31,--,7,9317,卖盘
2739,10:56:18,13.31,0.01,7,9317,卖盘
2740,10:56:15,13.3,--,5,6650,卖盘
2741,10:56:12,13.3,--,7,9310,卖盘
2742,10:56:09,13.3,--,9,11970,卖盘
2743,10:56:06,13.3,--,29,38570,卖盘
2744,10:56:03,13.3,--,326,433580,卖盘
2745,10:56:00,13.3,--,46,61180,卖盘
2746,10:55:57,13.3,0.01,429,570570,买盘
2747,10:55:51,13.29,-0.01,21,27909,卖盘
2748,10:55:48,13.3,--,5,6650,买盘
2749,10:55:45,13.3,--,10,13300,卖盘
2750,10:55:42,13.3,--,593,788690,卖盘
2751,10:55:39,13.3,--,22,29260,卖盘
2752,10:55:36,13.3,--,11,14630,卖盘
2753,10:55:33,13.3,--,13,17290,卖盘
2754,10:55:30,13.3,--,61,81130,卖盘
2755,10:55:27,13.3,--,17,22610,卖盘
2756,10:55:24,13.3,-0.01,6,7980,卖盘
2757,10:55:21,13.31,0.02,32,42592,买盘
2758,10:55:18,13.29,--,120,159480,卖盘
2759,10:55:15,13.29,--,23,30566,卖盘
2760,10:55:12,13.29,-0.01,8,10632,卖盘
2761,10:55:09,13.3,0.01,9,11970,买盘
2762,10:55:06,13.29,--,25,33225,卖盘
2763,10:55:03,13.29,--,125,166125,卖盘
2764,10:55:00,13.29,-0.01,27,35883,卖盘
2765,10:54:57,13.3,--,84,111720,卖盘
2766,10:54:54,13.3,--,137,182210,买盘
2767,10:54:51,13.3,--,32,42560,买盘
2768,10:54:48,13.3,--,127,168910,买盘
2769,10:54:45,13.3,--,100,133000,买盘
2770,10:54:42,13.3,0.01,80,106400,买盘
2771,10:54:39,13.29,-0.01,20,26580,卖盘
2772,10:54:36,13.3,--,24,31920,卖盘
2773,10:54:33,13.3,--,115,152950,卖盘
2774,10:54:30,13.3,--,2,2660,卖盘
2775,10:54:27,13.3,-0.01,81,107730,卖盘
2776,10:54:24,13.31,0.01,31,41261,买盘
2777,10:54:21,13.3,--,51,67830,卖盘
2778,10:54:18,13.3,--,13,17290,卖盘
2779,10:54:15,13.3,-0.01,50,66500,卖盘
2780,10:54:12,13.31,0.01,63,83853,买盘
2781,10:54:09,13.3,--,25,33250,卖盘
2782,10:54:06,13.3,--,18,23940,卖盘
2783,10:54:03,13.3,-0.01,162,215460,卖盘
2784,10:53:57,13.31,0.01,9,11979,买盘
2785,10:53:54,13.3,-0.01,15,19950,卖盘
2786,10:53:51,13.31,0.02,15,19965,买盘
2787,10:53:48,13.29,--,4,5316,卖盘
2788,10:53:45,13.29,-0.01,16,21264,卖盘
