,time,price,change,volume,amount,type
0,15:00:03,11.5,0.01,2993,3441950,买盘
1,14:57:00,11.49,--,37,42513,买盘
2,14:56:57,11.49,-0.01,1036,1190364,卖盘
3,14:56:54,11.5,--,60,69000,买盘
4,14:56:51,11.5,0.01,88,101200,买盘
5,14:56:48,11.49,-0.01,135,155115,卖盘
6,14:56:45,11.5,--,149,171350,买盘
7,14:56:42,11.5,0.01,132,151800,买盘
8,14:56:39,11.49,--,77,88473,卖盘
9,14:56:36,11.49,-0.01,74,85026,卖盘
10,14:56:33,11.5,0.01,187,215050,买盘
11,14:56:30,11.49,--,93,106857,卖盘
12,14:56:27,11.49,--,111,127539,卖盘
13,14:56:24,11.49,--,41,47109,卖盘
14,14:56:21,11.49,-0.01,22,25278,卖盘
15,14:56:18,11.5,--,156,179400,买盘
16,14:56:15,11.5,--,121,139150,买盘
17,14:56:12,11.5,0.01,20,23000,买盘
18,14:56:09,11.49,--,40,45960,卖盘
19,14:56:06,11.49,--,186,213714,买盘
20,14:56:03,11.49,0.01,241,276909,买盘
21,14:56:00,11.48,-0.01,383,439684,卖盘
22,14:55:57,11.49,--,128,147072,买盘
23,14:55:54,11.49,--,666,765234,卖盘
24,14:55:51,11.49,-0.01,2,2298,卖盘
25,14:55:48,11.5,0.01,15,17250,买盘
26,14:55:42,11.49,-0.01,122,140178,卖盘
27,14:55:36,11.5,0.01,606,696900,买盘
28,14:55:33,11.49,--,90,103410,买盘
29,14:55:30,11.49,--,330,379170,卖盘
30,14:55:27,11.49,--,85,97665,买盘
31,14:55:24,11.49,--,414,475686,卖盘
32,14:55:21,11.49,--,44,50556,买盘
33,14:55:18,11.49,--,100,114900,买盘
34,14:55:15,11.49,--,44,50556,买盘
35,14:55:12,11.49,--,108,124092,买盘
36,14:55:09,11.49,--,244,280356,买盘
37,14:55:06,11.49,--,601,690549,卖盘
38,14:55:03,11.49,--,954,1096146,卖盘
39,14:55:00,11.49,0.01,681,782469,买盘
40,14:54:57,11.48,-0.01,144,165312,卖盘
41,14:54:54,11.49,--,74,85026,买盘
42,14:54:51,11.49,--,89,102375,买盘
43,14:54:48,11.49,0.01,5,5745,买盘
44,14:54:45,11.48,-0.01,13,14924,卖盘
45,14:54:42,11.49,--,37,42513,买盘
46,14:54:39,11.49,0.01,143,164307,中性盘
47,14:54:36,11.48,-0.01,236,270928,卖盘
48,14:54:33,11.49,--,560,644025,卖盘
49,14:54:30,11.49,--,114,130986,中性盘
50,14:54:27,11.49,--,23,26427,买盘
51,14:54:24,11.49,--,13,14937,买盘
52,14:54:21,11.49,--,73,83877,买盘
53,14:54:18,11.49,--,229,263121,买盘
54,14:54:15,11.49,--,83,95367,买盘
55,14:54:12,11.49,--,12,13788,买盘
56,14:54:06,11.49,--,58,66642,卖盘
57,14:54:03,11.49,0.01,174,199926,买盘
58,14:54:00,11.48,-0.01,486,557928,卖盘
59,14:53:57,11.49,0.01,30,34470,买盘
60,14:53:51,11.48,-0.01,327,375396,卖盘
61,14:53:48,11.49,--,13,14937,买盘
62,14:53:45,11.49,--,28,32172,买盘
63,14:53:42,11.49,--,125,143625,买盘
64,14:53:39,11.49,--,32,36768,买盘
65,14:53:36,11.49,--,58,66642,卖盘
66,14:53:33,11.49,-0.01,23,26427,买盘
67,14:53:30,11.5,0.01,126,144900,买盘
68,14:53:21,11.49,-0.01,18,20682,中性盘
69,14:53:18,11.5,0.01,74,85100,买盘
70,14:53:15,11.49,0.03,4,5285,买盘
71,14:53:12,11.46,-0.01,454,520284,卖盘
72,14:53:09,11.47,-0.02,2,2294,买盘
73,14:53:06,11.49,0.03,2000,2298000,买盘
74,14:53:03,11.46,--,62,71052,卖盘
75,14:53:00,11.46,-0.01,88,100848,卖盘
76,14:52:57,11.47,--,23,26381,买盘
77,14:52:51,11.47,--,13,14911,买盘
78,14:52:48,11.47,--,58,66526,买盘
79,14:52:45,11.47,--,29,33263,买盘
80,14:52:42,11.47,--,121,138787,卖盘
81,14:52:39,11.47,--,6,6882,买盘
82,14:52:36,11.47,--,15,17205,买盘
83,14:52:30,11.47,0.01,44,50468,买盘
84,14:52:27,11.46,-0.02,265,303690,卖盘
85,14:52:24,11.48,0.01,105,120540,买盘
86,14:52:21,11.47,--,26,29822,买盘
87,14:52:18,11.47,0.01,7,8029,买盘
88,14:52:15,11.46,--,9,10314,卖盘
89,14:52:12,11.46,-0.01,22,25212,卖盘
90,14:52:09,11.47,--,6,6882,买盘
91,14:52:06,11.47,--,5,5735,买盘
92,14:52:03,11.47,--,17,19499,卖盘
93,14:52:00,11.47,0.01,13,14911,买盘
94,14:51:54,11.46,--,1,1146,卖盘
95,14:51:48,11.46,-0.01,123,140958,卖盘
96,14:51:45,11.47,--,62,71114,卖盘
97,14:51:42,11.47,--,3,3441,卖盘
98,14:51:39,11.47,-0.01,5,5735,卖盘
99,14:51:36,11.48,0.02,191,219268,买盘
100,14:51:33,11.46,-0.01,216,247536,卖盘
101,14:51:30,11.47,--,86,98642,买盘
102,14:51:27,11.47,0.01,99,113553,买盘
103,14:51:24,11.46,--,160,183360,卖盘
104,14:51:12,11.46,--,71,81366,卖盘
105,14:51:09,11.46,-0.01,90,103140,卖盘
106,14:51:06,11.47,--,8,9176,买盘
107,14:51:03,11.47,0.01,17,19499,买盘
108,14:50:57,11.46,-0.01,38,43548,卖盘
109,14:50:54,11.47,--,1,1147,买盘
110,14:50:51,11.47,--,1,1147,买盘
111,14:50:45,11.47,--,46,52762,买盘
112,14:50:39,11.47,--,84,96348,卖盘
113,14:50:36,11.47,-0.01,80,91760,卖盘
114,14:50:33,11.48,0.01,32,36736,买盘
115,14:50:30,11.47,--,120,137640,卖盘
116,14:50:27,11.47,--,30,34410,卖盘
117,14:50:24,11.47,--,86,98642,卖盘
118,14:50:21,11.47,--,80,91760,卖盘
119,14:50:18,11.47,-0.01,201,230547,卖盘
120,14:50:15,11.48,0.01,2,2296,买盘
121,14:50:09,11.47,--,26,29822,卖盘
122,14:50:06,11.47,-0.01,67,76849,卖盘
123,14:50:00,11.48,--,10,11480,买盘
124,14:49:57,11.48,0.01,103,118244,买盘
125,14:49:51,11.47,--,11,12617,卖盘
126,14:49:42,11.47,--,88,100936,卖盘
127,14:49:39,11.47,-0.01,138,158286,卖盘
128,14:49:36,11.48,0.01,10,11480,买盘
129,14:49:30,11.47,--,87,99789,卖盘
130,14:49:27,11.47,--,12,13764,卖盘
131,14:49:24,11.47,--,239,274133,卖盘
132,14:49:15,11.47,--,1,1147,卖盘
133,14:49:09,11.47,-0.01,105,120435,卖盘
134,14:49:06,11.48,--,200,229600,买盘
135,14:49:03,11.48,--,8,9184,买盘
136,14:49:00,11.48,0.01,35,40180,买盘
137,14:48:57,11.47,-0.01,72,82584,卖盘
138,14:48:54,11.48,--,5,5740,买盘
139,14:48:51,11.48,--,10,11480,买盘
140,14:48:48,11.48,--,8,9184,买盘
141,14:48:45,11.48,--,41,47068,买盘
142,14:48:42,11.48,0.01,186,213528,买盘
143,14:48:36,11.47,--,47,53909,卖盘
144,14:48:33,11.47,--,201,230547,卖盘
145,14:48:30,11.47,-0.01,130,149110,卖盘
146,14:48:24,11.48,0.01,38,43624,买盘
147,14:48:15,11.47,-0.01,113,129611,卖盘
148,14:48:12,11.48,0.01,23,26404,买盘
149,14:48:09,11.47,-0.01,60,68820,卖盘
150,14:48:06,11.48,--,6,6888,买盘
151,14:48:03,11.48,--,2,2296,买盘
152,14:48:00,11.48,--,11,12628,买盘
153,14:47:57,11.48,0.01,10,11480,买盘
154,14:47:54,11.47,-0.01,51,58497,卖盘
155,14:47:51,11.48,--,102,117096,买盘
156,14:47:48,11.48,0.01,17,19516,买盘
157,14:47:45,11.47,-0.01,42,48174,卖盘
158,14:47:42,11.48,0.01,20,22960,买盘
159,14:47:36,11.47,-0.01,12,13764,卖盘
160,14:47:33,11.48,0.01,100,114800,买盘
161,14:47:30,11.47,--,10,11470,卖盘
162,14:47:27,11.47,-0.01,2,2294,卖盘
163,14:47:24,11.48,0.01,14,16072,买盘
164,14:47:18,11.47,--,15,17205,卖盘
165,14:47:12,11.47,--,20,22940,卖盘
166,14:47:09,11.47,--,40,45880,卖盘
167,14:47:06,11.47,--,12,13764,卖盘
168,14:47:00,11.47,--,135,154845,买盘
169,14:46:57,11.47,--,9,10323,买盘
170,14:46:54,11.47,--,55,63085,卖盘
171,14:46:51,11.47,--,6,6882,买盘
172,14:46:48,11.47,--,8,9176,卖盘
173,14:46:45,11.47,-0.01,61,69967,中性盘
174,14:46:42,11.48,--,5,5740,买盘
175,14:46:39,11.48,0.02,4,4592,中性盘
176,14:46:30,11.46,-0.02,262,300252,卖盘
177,14:46:27,11.48,--,14,16072,卖盘
178,14:46:24,11.48,-0.01,6,6888,卖盘
179,14:46:21,11.49,--,22,25278,买盘
180,14:46:18,11.49,0.01,20,22980,买盘
181,14:46:15,11.48,-0.01,21,24108,买盘
182,14:46:12,11.49,0.02,57,65493,买盘
183,14:46:09,11.47,--,30,34410,卖盘
184,14:46:06,11.47,-0.01,85,97495,卖盘
185,14:46:03,11.48,--,358,410984,卖盘
186,14:45:57,11.48,--,4,4592,卖盘
187,14:45:51,11.48,--,20,22960,卖盘
188,14:45:48,11.48,--,6,6888,买盘
189,14:45:45,11.48,0.01,27,30996,买盘
190,14:45:42,11.47,-0.02,102,116994,卖盘
191,14:45:33,11.49,0.01,88,101112,买盘
192,14:45:30,11.48,-0.01,4,4592,卖盘
193,14:45:27,11.49,0.01,33,37917,买盘
194,14:45:21,11.48,-0.01,10,11480,卖盘
195,14:45:18,11.49,--,28,32172,买盘
196,14:45:15,11.49,--,21,24129,买盘
197,14:45:09,11.49,--,20,22980,买盘
198,14:45:03,11.49,--,2,2298,买盘
199,14:45:00,11.49,--,67,76983,买盘
200,14:44:57,11.49,0.01,178,204522,中性盘
201,14:44:54,11.48,-0.01,206,236488,卖盘
202,14:44:51,11.49,-0.01,39,44811,卖盘
203,14:44:48,11.5,--,6,6900,买盘
204,14:44:45,11.5,--,7,8050,买盘
205,14:44:42,11.5,--,7,8050,买盘
206,14:44:39,11.5,--,32,36800,买盘
207,14:44:36,11.5,--,363,417450,卖盘
208,14:44:33,11.5,0.01,104,119600,买盘
209,14:44:30,11.49,--,35,40215,买盘
210,14:44:27,11.49,--,115,132135,买盘
211,14:44:15,11.49,--,2,2298,买盘
212,14:44:09,11.49,--,64,73536,卖盘
213,14:44:06,11.49,0.01,143,164307,中性盘
214,14:44:00,11.48,--,98,112504,卖盘
215,14:43:57,11.48,-0.02,57,65436,卖盘
216,14:43:54,11.5,--,22,25300,买盘
217,14:43:51,11.5,-0.01,44,50600,卖盘
218,14:43:48,11.51,--,54,62154,买盘
219,14:43:45,11.51,0.01,260,299260,买盘
220,14:43:42,11.5,--,212,243823,买盘
221,14:43:39,11.5,0.01,2041,2347150,买盘
222,14:43:36,11.49,0.01,207,237843,买盘
223,14:43:30,11.48,--,6,6888,卖盘
224,14:43:27,11.48,--,46,52808,买盘
225,14:43:24,11.48,-0.01,10,11480,中性盘
226,14:43:21,11.49,0.01,32,36768,买盘
227,14:43:18,11.48,--,5,5740,买盘
228,14:43:15,11.48,0.02,112,128576,买盘
229,14:43:12,11.46,-0.02,1,1146,卖盘
230,14:43:09,11.48,0.02,151,173348,中性盘
231,14:43:06,11.46,-0.03,1349,1545954,卖盘
232,14:43:03,11.49,--,159,182691,买盘
233,14:43:00,11.49,--,210,241290,买盘
234,14:42:57,11.49,--,78,89622,买盘
235,14:42:54,11.49,0.01,428,491772,买盘
236,14:42:51,11.48,--,121,139493,买盘
237,14:42:48,11.48,0.03,21,24108,买盘
238,14:42:45,11.45,-0.03,17,19465,卖盘
239,14:42:39,11.48,0.03,3000,3444000,买盘
240,14:42:36,11.45,-0.01,83,95035,卖盘
241,14:42:33,11.46,0.01,24,27504,买盘
242,14:42:30,11.45,-0.01,1,1145,买盘
243,14:42:27,11.46,0.01,125,143250,买盘
244,14:42:24,11.45,-0.01,20,22900,中性盘
245,14:42:00,11.46,0.03,25,28650,买盘
246,14:41:57,11.43,--,19,21717,买盘
247,14:41:54,11.43,--,14,16002,买盘
248,14:41:51,11.43,--,50,57150,买盘
249,14:41:48,11.43,--,11,12573,买盘
250,14:41:42,11.43,--,20,22860,买盘
251,14:41:39,11.43,-0.03,377,430911,中性盘
252,14:41:36,11.46,0.03,2146,2459316,买盘
253,14:41:27,11.43,--,6,6858,卖盘
254,14:41:24,11.43,--,5,5715,卖盘
255,14:41:21,11.43,-0.02,39,44577,卖盘
256,14:41:18,11.45,0.02,2000,2290000,买盘
257,14:41:12,11.43,--,27,30861,卖盘
258,14:41:06,11.43,--,43,49149,卖盘
259,14:41:03,11.43,--,24,27432,卖盘
260,14:41:00,11.43,--,10,11430,卖盘
261,14:40:57,11.43,--,45,51435,买盘
262,14:40:54,11.43,0.01,298,340614,买盘
263,14:40:51,11.42,-0.01,40,45680,卖盘
264,14:40:48,11.43,0.01,60,68580,买盘
265,14:40:45,11.42,--,10,11420,卖盘
266,14:40:42,11.42,-0.01,25,28550,卖盘
267,14:40:36,11.43,0.01,4,4572,买盘
268,14:40:27,11.42,--,1,1142,卖盘
269,14:40:24,11.42,-0.02,1,1142,卖盘
270,14:40:21,11.44,0.01,132,151008,买盘
271,14:40:15,11.43,--,4,4572,买盘
272,14:40:12,11.43,--,4,4572,卖盘
273,14:40:09,11.43,--,2,2286,卖盘
274,14:40:06,11.43,--,1,1143,卖盘
275,14:40:03,11.43,--,2,2286,卖盘
276,14:40:00,11.43,-0.01,10,11430,卖盘
277,14:39:57,11.44,0.01,30,34320,买盘
278,14:39:54,11.43,--,197,225171,卖盘
279,14:39:51,11.43,--,1,1143,卖盘
280,14:39:48,11.43,--,1,1143,卖盘
281,14:39:36,11.43,-0.01,7,8001,卖盘
282,14:39:33,11.44,0.01,11,12584,买盘
283,14:39:27,11.43,--,1,1143,卖盘
284,14:39:24,11.43,--,10,11430,卖盘
285,14:39:21,11.43,--,47,53721,卖盘
286,14:39:15,11.43,-0.01,6,6858,卖盘
287,14:39:09,11.44,0.01,115,131560,买盘
288,14:39:06,11.43,--,1,1143,卖盘
289,14:39:03,11.43,--,62,70866,卖盘
290,14:38:48,11.43,-0.01,11,12573,卖盘
291,14:38:42,11.44,0.01,107,122408,买盘
292,14:38:36,11.43,--,70,80010,卖盘
293,14:38:27,11.43,--,1,1143,卖盘
294,14:38:21,11.43,--,22,25146,卖盘
295,14:38:12,11.43,--,40,45720,卖盘
296,14:38:09,11.43,--,37,42291,卖盘
297,14:38:06,11.43,--,2,2286,卖盘
298,14:37:57,11.43,-0.01,4,4572,卖盘
299,14:37:54,11.44,0.01,87,99528,买盘
300,14:37:42,11.43,-0.01,59,67437,卖盘
301,14:37:39,11.44,0.01,1,1144,买盘
302,14:37:36,11.43,--,20,22860,卖盘
303,14:37:30,11.43,--,9,10287,卖盘
304,14:37:27,11.43,-0.01,1,1143,卖盘
305,14:37:24,11.44,0.01,7,8008,买盘
306,14:37:18,11.43,--,10,11430,卖盘
307,14:37:15,11.43,--,10,11430,卖盘
308,14:37:09,11.43,--,3,3429,卖盘
309,14:37:06,11.43,--,2,2286,卖盘
310,14:36:54,11.43,--,38,43434,卖盘
311,14:36:51,11.43,--,7,8001,卖盘
312,14:36:48,11.43,--,20,22860,卖盘
313,14:36:45,11.43,-0.01,129,147447,卖盘
314,14:36:33,11.44,--,225,258429,卖盘
315,14:36:27,11.44,--,1,1144,卖盘
316,14:36:24,11.44,--,160,183040,卖盘
317,14:36:21,11.44,-0.01,35,40040,卖盘
318,14:36:12,11.45,0.01,11,12595,买盘
319,14:36:09,11.44,--,4,4576,卖盘
320,14:36:06,11.44,--,61,69784,卖盘
321,14:36:00,11.44,--,79,90376,卖盘
322,14:35:57,11.44,--,2,2288,卖盘
323,14:35:54,11.44,--,30,34320,卖盘
324,14:35:48,11.44,-0.01,40,45760,卖盘
325,14:35:45,11.45,--,51,58395,买盘
326,14:35:42,11.45,--,50,57364,买盘
327,14:35:36,11.45,--,6,6870,买盘
328,14:35:33,11.45,0.01,16,18320,买盘
329,14:35:30,11.44,-0.01,76,86944,卖盘
330,14:35:21,11.45,0.01,8,9160,买盘
331,14:35:18,11.44,--,100,114400,卖盘
332,14:35:12,11.44,-0.01,161,184184,卖盘
333,14:35:09,11.45,--,5,5725,买盘
334,14:34:57,11.45,--,10,11450,买盘
335,14:34:51,11.45,--,13,14884,买盘
336,14:34:30,11.45,0.01,69,79005,买盘
337,14:34:27,11.44,--,1,1144,卖盘
338,14:34:15,11.44,-0.01,9,10296,卖盘
339,14:34:09,11.45,--,40,45800,买盘
340,14:34:00,11.45,0.01,94,107630,买盘
341,14:33:51,11.44,--,10,11440,卖盘
342,14:33:48,11.44,--,44,50336,卖盘
343,14:33:42,11.44,--,10,11440,卖盘
344,14:33:30,11.44,--,27,30888,卖盘
345,14:33:27,11.44,--,20,22880,卖盘
346,14:33:24,11.44,--,10,11440,卖盘
347,14:33:21,11.44,-0.01,10,11440,卖盘
348,14:33:18,11.45,--,207,237014,买盘
349,14:33:15,11.45,--,24,27480,买盘
350,14:33:06,11.45,0.01,121,138545,买盘
351,14:33:03,11.44,-0.01,97,110968,卖盘
352,14:33:00,11.45,0.01,35,40075,买盘
353,14:32:57,11.44,--,30,34320,卖盘
354,14:32:54,11.44,-0.01,56,64064,卖盘
355,14:32:51,11.45,0.01,19,21755,买盘
356,14:32:45,11.44,-0.01,14,16016,卖盘
357,14:32:39,11.45,0.01,66,75570,买盘
358,14:32:33,11.44,--,5,5720,卖盘
359,14:32:27,11.44,--,1,1144,卖盘
360,14:32:21,11.44,--,8,9152,卖盘
361,14:32:18,11.44,-0.01,1,1144,卖盘
362,14:32:15,11.45,0.01,77,88165,买盘
363,14:32:06,11.44,-0.01,2,2288,卖盘
364,14:32:03,11.45,0.01,20,22900,买盘
365,14:32:00,11.44,-0.01,8,9152,卖盘
366,14:31:57,11.45,--,11,12595,买盘
367,14:31:51,11.45,--,103,117934,买盘
368,14:31:42,11.45,--,73,83585,买盘
369,14:31:39,11.45,--,65,74425,买盘
370,14:31:36,11.45,--,2,2290,买盘
371,14:31:30,11.45,--,50,57250,买盘
372,14:31:27,11.45,0.01,98,112210,买盘
373,14:31:24,11.44,--,16,18304,卖盘
374,14:31:18,11.44,-0.01,30,34320,卖盘
375,14:31:09,11.45,0.01,9,10305,买盘
376,14:31:06,11.44,-0.01,1,1144,卖盘
377,14:31:03,11.45,0.01,10,11450,买盘
378,14:30:57,11.44,-0.01,28,32032,卖盘
379,14:30:51,11.45,--,20,22900,买盘
380,14:30:48,11.45,--,30,34350,买盘
381,14:30:45,11.45,--,12,13740,买盘
382,14:30:42,11.45,--,30,34350,买盘
383,14:30:39,11.45,--,2,2290,买盘
384,14:30:36,11.45,0.01,10,11450,买盘
385,14:30:27,11.44,--,9,10296,卖盘
386,14:30:15,11.44,-0.01,77,88088,卖盘
387,14:30:12,11.45,0.01,2,2290,买盘
388,14:30:06,11.44,--,5,5720,卖盘
389,14:30:03,11.44,-0.01,7,8008,卖盘
390,14:29:51,11.45,0.01,112,128239,买盘
391,14:29:45,11.44,--,32,36608,卖盘
392,14:29:42,11.44,--,123,140712,卖盘
393,14:29:36,11.44,-0.01,3,3432,卖盘
394,14:29:30,11.45,--,13,14884,买盘
395,14:29:24,11.45,--,40,45800,买盘
396,14:29:21,11.45,--,10,11450,买盘
397,14:29:12,11.45,--,11,12595,买盘
398,14:29:00,11.45,0.01,50,57250,买盘
399,14:28:54,11.44,-0.01,105,120120,卖盘
400,14:28:39,11.45,--,1,1145,买盘
401,14:28:36,11.45,0.01,21,24045,买盘
402,14:28:33,11.44,-0.01,5,5720,卖盘
403,14:28:30,11.45,--,30,34350,买盘
404,14:28:24,11.45,--,3,3435,买盘
405,14:28:18,11.45,0.01,123,140835,买盘
406,14:28:09,11.44,--,6,6864,卖盘
407,14:28:06,11.44,--,2,2288,卖盘
408,14:28:03,11.44,--,10,11440,卖盘
409,14:27:57,11.44,0.02,19,21896,买盘
410,14:27:54,11.42,-0.02,4,4568,卖盘
411,14:27:45,11.44,--,46,52624,买盘
412,14:27:42,11.44,--,52,59488,买盘
413,14:27:39,11.44,0.02,5,5720,买盘
414,14:27:36,11.42,-0.02,14,15988,卖盘
415,14:27:21,11.44,0.01,88,100672,买盘
416,14:27:18,11.43,--,16,18288,买盘
417,14:27:12,11.43,--,22,25146,买盘
418,14:27:03,11.43,--,32,36987,卖盘
419,14:26:57,11.43,-0.01,162,185897,卖盘
420,14:26:48,11.44,--,27,30888,买盘
421,14:26:45,11.44,--,9,10296,买盘
422,14:26:36,11.44,--,25,28600,买盘
423,14:26:30,11.44,--,28,32032,买盘
424,14:26:24,11.44,--,1,1144,买盘
425,14:26:18,11.44,-0.01,116,133276,卖盘
426,14:26:09,11.45,0.02,77,88737,买盘
427,14:26:06,11.43,-0.01,20,22860,卖盘
428,14:25:45,11.44,--,48,54912,买盘
429,14:25:36,11.44,--,20,22880,买盘
430,14:25:30,11.44,--,53,60632,买盘
431,14:25:12,11.44,--,72,82940,卖盘
432,14:25:06,11.44,--,2,2288,卖盘
433,14:25:00,11.44,--,13,15444,买盘
434,14:24:54,11.44,--,6,6864,买盘
435,14:24:48,11.44,--,3,3432,买盘
436,14:24:45,11.44,0.01,100,114400,买盘
437,14:24:39,11.43,--,2,2286,卖盘
438,14:24:33,11.43,--,8,9144,卖盘
439,14:24:30,11.43,-0.01,4,4572,中性盘
440,14:24:18,11.44,0.02,60,68640,买盘
441,14:24:12,11.42,-0.02,3,3426,卖盘
442,14:24:03,11.44,--,50,57200,买盘
443,14:23:57,11.44,--,61,69784,买盘
444,14:23:51,11.44,0.02,6,6864,买盘
445,14:23:48,11.42,-0.02,3,3426,卖盘
446,14:23:45,11.44,--,17,19448,买盘
447,14:23:42,11.44,-0.01,43,49192,卖盘
448,14:23:39,11.45,0.01,17,19465,买盘
449,14:23:33,11.44,-0.01,19,21736,卖盘
450,14:23:30,11.45,--,20,22900,买盘
451,14:23:27,11.45,0.01,82,93890,买盘
452,14:23:24,11.44,--,90,102960,买盘
453,14:23:15,11.44,--,1020,1167589,买盘
454,14:23:09,11.44,0.01,27,30888,买盘
455,14:23:03,11.43,--,13,14859,买盘
456,14:22:57,11.43,-0.01,5,5715,卖盘
457,14:22:48,11.44,--,11,12584,买盘
458,14:22:45,11.44,--,2,2288,买盘
459,14:22:42,11.44,--,83,94952,买盘
460,14:22:39,11.44,--,3,3432,买盘
461,14:22:36,11.44,--,6,6864,买盘
462,14:22:33,11.44,--,532,608894,买盘
463,14:22:24,11.44,0.01,6,6864,买盘
464,14:22:21,11.43,-0.01,5,5715,卖盘
465,14:22:12,11.44,0.01,2,2288,买盘
466,14:22:06,11.43,--,10,11430,卖盘
467,14:22:03,11.43,-0.01,24,27432,卖盘
468,14:21:57,11.44,0.01,64,73216,买盘
469,14:21:54,11.43,--,98,112014,买盘
470,14:21:42,11.43,--,64,73152,卖盘
471,14:21:39,11.43,-0.01,62,70866,卖盘
472,14:21:18,11.44,--,19,21736,买盘
473,14:21:12,11.44,0.01,4,4576,买盘
474,14:21:09,11.43,--,2,2286,卖盘
475,14:21:06,11.43,0.01,2,2286,中性盘
476,14:20:45,11.42,-0.03,3,3426,卖盘
477,14:20:42,11.45,0.02,209,239304,买盘
478,14:20:39,11.43,0.01,2,2286,买盘
479,14:20:24,11.42,-0.01,2,2284,卖盘
480,14:20:12,11.43,0.01,57,65151,买盘
481,14:20:06,11.42,--,1,1142,卖盘
482,14:20:03,11.42,--,2,2284,卖盘
483,14:20:00,11.42,-0.01,2,2284,卖盘
484,14:19:51,11.43,--,9,10287,买盘
485,14:19:48,11.43,--,111,126873,买盘
486,14:19:45,11.43,--,2,2286,买盘
487,14:19:39,11.43,--,51,58293,买盘
488,14:19:30,11.43,--,10,11430,买盘
489,14:19:27,11.43,--,11,12573,买盘
490,14:19:24,11.43,--,7,8001,买盘
491,14:19:21,11.43,0.01,120,137160,买盘
492,14:19:18,11.42,--,22,25124,卖盘
493,14:19:15,11.42,--,20,22840,卖盘
494,14:19:12,11.42,-0.01,5,5710,卖盘
495,14:19:09,11.43,--,11,12573,买盘
496,14:18:57,11.43,--,1,1143,买盘
497,14:18:51,11.43,-0.01,515,588656,卖盘
498,14:18:39,11.44,--,2,2288,买盘
499,14:18:36,11.44,0.01,15,17160,买盘
500,14:18:33,11.43,--,13,14859,卖盘
501,14:18:27,11.43,-0.01,9,10287,中性盘
502,14:18:18,11.44,0.01,87,99528,买盘
503,14:18:15,11.43,--,26,29718,买盘
504,14:18:12,11.43,--,72,82296,买盘
505,14:18:09,11.43,--,5,5715,买盘
506,14:18:03,11.43,--,59,67437,买盘
507,14:18:00,11.43,--,5,5715,买盘
508,14:17:54,11.43,--,7,8001,买盘
509,14:17:48,11.43,0.02,2,2286,买盘
510,14:17:39,11.41,-0.02,27,30807,卖盘
511,14:17:36,11.43,0.02,6,6858,买盘
512,14:17:27,11.41,--,1,1141,卖盘
513,14:17:24,11.41,-0.02,10,11410,卖盘
514,14:17:21,11.43,--,5,5715,买盘
515,14:17:15,11.43,0.03,2,2286,买盘
516,14:17:06,11.4,--,62,70680,卖盘
517,14:17:00,11.4,-0.03,13,14820,卖盘
518,14:16:57,11.43,0.03,121,138303,买盘
519,14:16:54,11.4,--,32,37004,买盘
520,14:16:51,11.4,--,20,22800,买盘
521,14:16:48,11.4,--,6,6840,买盘
522,14:16:45,11.4,--,5,5700,买盘
523,14:16:42,11.4,--,62,70680,买盘
524,14:16:39,11.4,--,68,77520,买盘
525,14:16:36,11.4,-0.03,148,169335,卖盘
526,14:16:30,11.43,0.03,39,44577,买盘
527,14:16:24,11.4,-0.03,510,581411,卖盘
528,14:16:15,11.43,0.02,63,72009,买盘
529,14:16:09,11.41,-0.02,13,14833,卖盘
530,14:16:06,11.43,0.01,14,16002,买盘
531,14:15:54,11.42,--,5,5710,卖盘
532,14:15:51,11.42,-0.01,79,90218,卖盘
533,14:15:48,11.43,--,120,137160,买盘
534,14:15:45,11.43,0.03,5,5715,中性盘
535,14:15:33,11.4,-0.05,2025,2308887,卖盘
536,14:15:27,11.45,0.02,56,64119,买盘
537,14:15:24,11.43,--,1741,1990203,买盘
538,14:15:18,11.43,0.01,80,91440,买盘
539,14:15:15,11.42,--,1247,1424987,卖盘
540,14:15:12,11.42,-0.01,54,61668,卖盘
541,14:15:06,11.43,-0.02,120,137160,卖盘
542,14:15:03,11.45,--,14,16029,买盘
543,14:15:00,11.45,0.01,94,107630,买盘
544,14:14:57,11.44,--,52,59488,买盘
545,14:14:54,11.44,--,57,65208,买盘
546,14:14:51,11.44,--,1,1144,买盘
547,14:14:48,11.44,--,60,68640,买盘
548,14:14:42,11.44,--,12,13728,买盘
549,14:14:36,11.44,0.02,42,48048,买盘
550,14:14:27,11.42,--,2,2284,卖盘
551,14:14:12,11.42,-0.01,2,2284,卖盘
552,14:14:06,11.43,--,1,1143,卖盘
553,14:14:03,11.43,--,106,121226,买盘
554,14:14:00,11.43,0.01,4,4572,买盘
555,14:13:57,11.42,-0.01,10,11420,卖盘
556,14:13:42,11.43,--,50,57150,买盘
557,14:13:36,11.43,--,2,2286,买盘
558,14:13:09,11.43,0.01,39,44577,买盘
559,14:13:06,11.42,--,14,15988,卖盘
560,14:13:03,11.42,-0.01,2,2284,卖盘
561,14:12:45,11.43,--,11,12573,买盘
562,14:12:42,11.43,--,2,2286,买盘
563,14:12:39,11.43,--,20,22860,买盘
564,14:12:30,11.43,0.01,10,11430,买盘
565,14:12:27,11.42,--,121,138182,卖盘
566,14:12:18,11.42,-0.01,3,3426,卖盘
567,14:12:15,11.43,--,5,5715,买盘
568,14:12:12,11.43,--,30,34290,买盘
569,14:12:09,11.43,0.01,39,44577,买盘
570,14:12:06,11.42,--,50,57100,卖盘
571,14:11:54,11.42,-0.01,3,3426,卖盘
572,14:11:45,11.43,--,30,34290,买盘
573,14:11:42,11.43,--,10,11430,买盘
574,14:11:36,11.43,--,3,3429,买盘
575,14:11:33,11.43,--,124,142852,卖盘
576,14:11:30,11.43,--,2,2286,卖盘
577,14:11:27,11.43,--,1,1143,卖盘
578,14:11:15,11.43,-0.01,113,129159,卖盘
579,14:11:12,11.44,--,3,3432,卖盘
580,14:11:09,11.44,--,149,171542,买盘
581,14:10:57,11.44,--,77,88088,买盘
582,14:10:51,11.44,--,19,21736,买盘
583,14:10:45,11.44,0.01,14,16016,买盘
584,14:10:42,11.43,--,42,48006,卖盘
585,14:10:27,11.43,-0.01,99,113157,卖盘
586,14:10:24,11.44,0.01,14,16016,买盘
587,14:10:21,11.43,--,3,3429,卖盘
588,14:10:15,11.43,-0.01,30,34290,卖盘
589,14:10:06,11.44,--,6,6864,买盘
590,14:10:00,11.44,0.01,84,96096,买盘
591,14:09:57,11.43,-0.01,2,2286,卖盘
592,14:09:54,11.44,0.01,10,11440,买盘
593,14:09:51,11.43,-0.01,29,33147,卖盘
594,14:09:48,11.44,0.01,26,29744,买盘
595,14:09:45,11.43,-0.01,50,57150,卖盘
596,14:09:42,11.44,--,25,28600,买盘
597,14:09:36,11.44,0.01,3,3432,买盘
598,14:09:27,11.43,-0.01,1,1143,卖盘
599,14:09:24,11.44,0.01,11,12584,买盘
600,14:09:15,11.43,--,2,2366,卖盘
601,14:09:12,11.43,-0.01,3,3429,卖盘
602,14:09:09,11.44,0.01,72,82368,买盘
603,14:09:06,11.43,--,2,2286,卖盘
604,14:09:00,11.43,-0.01,1,1143,卖盘
605,14:08:51,11.44,0.01,89,101816,买盘
606,14:08:48,11.43,-0.01,20,22860,中性盘
607,14:08:33,11.44,0.02,46,52624,买盘
608,14:08:27,11.42,-0.01,4,4568,卖盘
609,14:08:21,11.43,--,3,3429,买盘
610,14:08:15,11.43,--,20,22860,买盘
611,14:08:09,11.43,0.01,2,2286,买盘
612,14:08:06,11.42,--,1,1142,卖盘
613,14:08:03,11.42,--,2,2284,卖盘
614,14:08:00,11.42,-0.01,25,28550,卖盘
615,14:07:54,11.43,--,10,11430,买盘
616,14:07:42,11.43,--,24,28552,卖盘
617,14:07:39,11.43,-0.01,8,9166,卖盘
618,14:07:36,11.44,0.02,84,96096,买盘
619,14:07:30,11.42,-0.01,50,57100,卖盘
620,14:07:27,11.43,0.01,1,1143,中性盘
621,14:07:21,11.42,-0.01,20,22840,卖盘
622,14:07:18,11.43,--,25,28575,买盘
623,14:07:12,11.43,0.01,1,1143,买盘
624,14:07:06,11.42,--,2,2284,卖盘
625,14:07:03,11.42,--,1,1142,卖盘
626,14:06:57,11.42,--,8,9136,卖盘
627,14:06:54,11.42,-0.01,13,14846,卖盘
628,14:06:48,11.43,-0.01,3,3429,中性盘
629,14:06:33,11.44,--,28,32032,买盘
630,14:06:30,11.44,0.02,105,120120,买盘
631,14:06:27,11.42,--,1,1142,卖盘
632,14:06:12,11.42,-0.01,20,22840,卖盘
633,14:06:09,11.43,-0.01,3,3429,卖盘
634,14:06:06,11.44,--,14,16016,买盘
635,14:06:03,11.44,0.02,14,16016,买盘
636,14:06:00,11.42,-0.02,14,15988,卖盘
637,14:05:48,11.44,0.02,1,1144,买盘
638,14:05:45,11.42,-0.02,2,2284,卖盘
639,14:05:42,11.44,--,2,2288,买盘
640,14:05:39,11.44,--,201,229944,买盘
641,14:05:21,11.44,--,80,91520,买盘
642,14:05:15,11.44,0.01,50,57200,买盘
643,14:05:12,11.43,--,99,113157,卖盘
644,14:05:06,11.43,-0.01,2,2286,卖盘
645,14:05:03,11.44,0.01,25,28600,买盘
646,14:05:00,11.43,--,12,13716,卖盘
647,14:04:51,11.43,--,2,2286,卖盘
648,14:04:45,11.43,--,10,11430,卖盘
649,14:04:42,11.43,--,4,4572,卖盘
650,14:04:36,11.43,--,3,3429,卖盘
651,14:04:24,11.43,-0.01,1,1143,买盘
652,14:04:15,11.44,0.02,98,112112,买盘
653,14:04:06,11.42,-0.01,51,58242,卖盘
654,14:04:03,11.43,0.01,26,29718,买盘
655,14:03:51,11.42,-0.01,2,2284,卖盘
656,14:03:45,11.43,--,30,34290,买盘
657,14:03:42,11.43,--,5,5715,买盘
658,14:03:33,11.43,0.01,4,4572,买盘
659,14:03:30,11.42,--,1,1142,卖盘
660,14:03:27,11.42,--,3,3426,卖盘
661,14:03:24,11.42,-0.01,334,381428,卖盘
662,14:03:18,11.43,--,1,1143,买盘
663,14:03:15,11.43,0.01,35,40005,买盘
664,14:03:06,11.42,--,37,42254,卖盘
665,14:03:03,11.42,-0.01,2,2284,卖盘
666,14:02:57,11.43,0.01,14,16002,买盘
667,14:02:54,11.42,-0.01,100,114200,卖盘
668,14:02:48,11.43,--,2,2286,买盘
669,14:02:45,11.43,-0.01,1,1143,卖盘
670,14:02:42,11.44,0.01,57,65208,买盘
671,14:02:36,11.43,0.01,2,2286,买盘
672,14:02:33,11.42,-0.01,37,42254,卖盘
673,14:02:27,11.43,--,25,28575,卖盘
674,14:02:18,11.43,--,1,1143,卖盘
675,14:02:06,11.43,--,2,2286,卖盘
676,14:01:54,11.43,-0.01,2,2286,中性盘
677,14:01:45,11.44,0.02,90,102960,买盘
678,14:01:36,11.42,--,13,14846,卖盘
679,14:01:33,11.42,--,18,20556,卖盘
680,14:01:27,11.42,-0.02,64,73088,卖盘
681,14:01:24,11.44,0.02,1,1144,买盘
682,14:01:21,11.42,-0.01,22,25124,卖盘
683,14:01:09,11.43,--,5,5715,买盘
684,14:01:06,11.43,--,7,8001,卖盘
685,14:01:03,11.43,--,2,2286,卖盘
686,14:00:57,11.43,--,40,45720,卖盘
687,14:00:54,11.43,-0.01,4,4572,中性盘
688,14:00:42,11.44,0.01,70,80125,买盘
689,14:00:36,11.43,0.01,32,36576,中性盘
690,14:00:30,11.42,-0.02,2,2284,卖盘
691,14:00:27,11.44,0.01,91,104104,买盘
692,14:00:24,11.43,--,39,44577,买盘
693,14:00:15,11.43,0.01,1,1143,买盘
694,14:00:12,11.42,--,50,57100,卖盘
695,14:00:06,11.42,--,1,1142,卖盘
696,14:00:03,11.42,--,68,77656,卖盘
697,13:59:57,11.42,-0.01,13,14846,卖盘
698,13:59:51,11.43,0.01,6,6858,买盘
699,13:59:42,11.42,-0.01,50,57100,卖盘
700,13:59:39,11.43,0.01,41,46863,买盘
701,13:59:36,11.42,-0.01,4,4568,卖盘
702,13:59:30,11.43,--,44,50292,买盘
703,13:59:21,11.43,0.01,17,19431,买盘
704,13:59:18,11.42,--,13,14846,卖盘
705,13:59:12,11.42,-0.01,53,60526,卖盘
706,13:59:06,11.43,--,20,22860,买盘
707,13:58:57,11.43,--,27,30861,买盘
708,13:58:54,11.43,--,5,5715,买盘
709,13:58:51,11.43,--,13,15887,卖盘
710,13:58:48,11.43,--,2,2286,卖盘
711,13:58:36,11.43,-0.01,21,24003,卖盘
712,13:58:33,11.44,--,4,4576,卖盘
713,13:58:27,11.44,-0.01,13,14872,卖盘
714,13:58:18,11.45,0.02,61,69845,买盘
715,13:58:12,11.43,--,18,20574,卖盘
716,13:58:09,11.43,--,50,57150,卖盘
717,13:58:03,11.43,-0.01,3,3429,卖盘
718,13:57:57,11.44,0.01,19,21736,买盘
719,13:57:54,11.43,-0.02,478,546536,卖盘
720,13:57:42,11.45,0.01,62,70990,买盘
721,13:57:39,11.44,--,13,14872,卖盘
722,13:57:27,11.44,-0.01,3,3432,卖盘
723,13:57:18,11.45,--,27,30914,买盘
724,13:57:12,11.45,0.02,3,3435,买盘
725,13:57:09,11.43,--,50,57150,卖盘
726,13:57:06,11.43,--,1,1143,卖盘
727,13:57:03,11.43,--,1,1143,卖盘
728,13:56:57,11.43,--,19,21717,卖盘
729,13:56:51,11.43,--,1,1143,卖盘
730,13:56:39,11.43,-0.02,50,57150,卖盘
731,13:56:36,11.45,0.02,105,120224,买盘
732,13:56:27,11.43,--,16,18288,卖盘
733,13:56:21,11.43,--,9,10287,卖盘
734,13:56:12,11.43,--,18,20574,卖盘
735,13:56:06,11.43,-0.02,50,57150,卖盘
736,13:56:03,11.45,--,11,12595,买盘
737,13:55:57,11.45,0.01,4,4580,买盘
738,13:55:54,11.44,--,50,57200,买盘
739,13:55:51,11.44,0.01,20,22880,买盘
740,13:55:48,11.43,--,31,35433,卖盘
741,13:55:45,11.43,--,17,19431,卖盘
742,13:55:39,11.43,--,6,6858,卖盘
743,13:55:30,11.43,-0.01,17,19431,卖盘
744,13:55:24,11.44,--,73,83512,卖盘
745,13:55:21,11.44,--,30,34320,卖盘
746,13:55:18,11.44,--,82,93808,卖盘
747,13:55:12,11.44,0.01,11,12584,买盘
748,13:55:06,11.43,-0.01,50,57150,卖盘
749,13:55:00,11.44,0.01,11,12675,买盘
750,13:54:57,11.43,--,30,34290,卖盘
751,13:54:51,11.43,--,5,5715,卖盘
752,13:54:36,11.43,--,50,57150,卖盘
753,13:54:33,11.43,--,17,19431,卖盘
754,13:54:30,11.43,--,3,3429,卖盘
755,13:54:27,11.43,-0.01,15,17145,卖盘
756,13:54:12,11.44,0.01,1,1144,买盘
757,13:54:06,11.43,--,19,21717,卖盘
758,13:54:03,11.43,-0.01,50,57150,卖盘
759,13:53:54,11.44,--,112,128128,买盘
760,13:53:51,11.44,-0.01,2,2288,中性盘
761,13:53:39,11.45,0.02,69,79005,买盘
762,13:53:36,11.43,--,20,22860,卖盘
763,13:53:33,11.43,-0.01,50,57150,卖盘
764,13:53:30,11.44,-0.01,3,3432,中性盘
765,13:53:18,11.45,0.01,61,69845,买盘
766,13:53:15,11.44,0.01,29,33176,买盘
767,13:53:12,11.43,--,16,18288,卖盘
768,13:53:09,11.43,-0.01,7,8001,卖盘
769,13:53:06,11.44,--,10,11440,买盘
770,13:53:03,11.44,-0.01,11,12584,卖盘
771,13:52:54,11.45,--,55,62974,买盘
772,13:52:48,11.45,--,36,41220,买盘
773,13:52:42,11.45,0.02,11,12595,买盘
774,13:52:33,11.43,-0.01,50,57150,卖盘
775,13:52:30,11.44,--,28,32032,卖盘
776,13:52:27,11.44,-0.01,3,3432,卖盘
777,13:52:21,11.45,0.01,16,18320,买盘
778,13:52:18,11.44,0.01,29,33176,买盘
779,13:52:09,11.43,--,36,41148,卖盘
780,13:52:06,11.43,--,50,57150,卖盘
781,13:52:03,11.43,-0.01,87,99441,卖盘
782,13:52:00,11.44,0.01,25,28600,买盘
783,13:51:57,11.43,--,6,6858,卖盘
784,13:51:42,11.43,--,120,137388,卖盘
785,13:51:30,11.43,-0.01,50,57150,卖盘
786,13:51:24,11.44,--,19,21736,买盘
787,13:51:18,11.44,--,9,10296,买盘
788,13:51:12,11.44,0.01,20,22880,买盘
789,13:51:06,11.43,-0.01,2,2286,卖盘
790,13:51:03,11.44,0.01,38,43472,中性盘
791,13:51:00,11.43,-0.02,50,57150,卖盘
792,13:50:51,11.45,0.01,30,34350,买盘
793,13:50:42,11.44,0.01,19,22491,买盘
794,13:50:39,11.43,-0.01,10,11430,卖盘
795,13:50:30,11.44,--,33,38140,卖盘
796,13:50:27,11.44,--,76,86944,卖盘
797,13:50:21,11.44,--,8,9152,卖盘
798,13:50:09,11.44,-0.01,0,80,卖盘
799,13:50:06,11.45,0.02,141,162120,买盘
800,13:50:03,11.43,--,1,1143,卖盘
801,13:50:00,11.43,--,150,171450,卖盘
802,13:49:45,11.43,-0.01,8,9144,卖盘
803,13:49:39,11.44,--,183,210438,卖盘
804,13:49:36,11.44,--,147,168225,卖盘
805,13:49:30,11.44,-0.01,50,57200,卖盘
806,13:49:24,11.45,--,108,123659,买盘
807,13:49:21,11.45,0.01,11,12595,买盘
808,13:49:09,11.44,--,10,11440,卖盘
809,13:49:06,11.44,--,1,1144,卖盘
810,13:48:57,11.44,-0.01,60,68640,卖盘
811,13:48:54,11.45,--,155,177475,买盘
812,13:48:45,11.45,0.01,8,9160,买盘
813,13:48:39,11.44,0.01,4,4576,中性盘
814,13:48:27,11.43,-0.02,50,57150,卖盘
815,13:48:24,11.45,0.02,50,57250,买盘
816,13:48:12,11.43,--,2,2286,卖盘
817,13:48:09,11.43,-0.01,300,342900,卖盘
818,13:48:06,11.44,0.01,7,8008,买盘
819,13:48:03,11.43,-0.01,10,11430,卖盘
820,13:47:57,11.44,0.01,300,343200,买盘
821,13:47:48,11.43,-0.01,6,6858,卖盘
822,13:47:45,11.44,--,88,100672,买盘
823,13:47:39,11.44,-0.01,352,402688,卖盘
824,13:47:36,11.45,0.01,7,8014,买盘
825,13:47:27,11.44,--,50,57200,卖盘
826,13:47:18,11.44,--,1,1144,卖盘
827,13:47:09,11.44,-0.01,16,18304,卖盘
828,13:47:06,11.45,0.01,500,572500,买盘
829,13:47:03,11.44,-0.01,8,9152,卖盘
830,13:47:00,11.45,0.01,5,5725,买盘
831,13:46:57,11.44,--,50,57200,卖盘
832,13:46:54,11.44,--,30,34320,卖盘
833,13:46:48,11.44,-0.01,1,1144,卖盘
834,13:46:45,11.45,0.01,2,2290,买盘
835,13:46:39,11.44,0.01,1,1144,卖盘
836,13:46:33,11.43,-0.02,3,3429,卖盘
837,13:46:30,11.45,0.02,124,141980,买盘
838,13:46:27,11.43,--,1,1143,卖盘
839,13:46:24,11.43,--,67,76581,卖盘
840,13:46:21,11.43,--,3,3429,卖盘
841,13:46:18,11.43,--,1,1143,卖盘
842,13:46:12,11.43,--,20,22860,卖盘
843,13:46:09,11.43,--,3,3429,卖盘
844,13:46:03,11.43,-0.01,6,6858,卖盘
845,13:46:00,11.44,0.01,13,14872,买盘
846,13:45:57,11.43,--,30,34290,卖盘
847,13:45:54,11.43,--,57,65151,卖盘
848,13:45:48,11.43,-0.01,17,19431,卖盘
849,13:45:45,11.44,0.01,11,12584,买盘
850,13:45:39,11.43,--,1,1143,卖盘
851,13:45:30,11.43,--,7,8001,卖盘
852,13:45:27,11.43,--,1,1143,卖盘
853,13:45:24,11.43,-0.01,59,67437,卖盘
854,13:45:21,11.44,0.01,80,91520,买盘
855,13:45:18,11.43,--,1,1143,卖盘
856,13:45:12,11.43,-0.01,6,6858,卖盘
857,13:45:06,11.44,0.01,13,14872,买盘
858,13:45:03,11.43,-0.01,1,1143,卖盘
859,13:44:54,11.44,--,817,934648,卖盘
860,13:44:48,11.44,-0.01,1,1144,卖盘
861,13:44:42,11.45,--,5,5725,买盘
862,13:44:24,11.45,0.01,57,65264,买盘
863,13:44:18,11.44,-0.01,2,2288,卖盘
864,13:44:15,11.45,--,75,85875,买盘
865,13:44:12,11.45,0.01,3,3435,买盘
866,13:44:06,11.44,--,65,74360,卖盘
867,13:44:03,11.44,--,1,1144,卖盘
868,13:44:00,11.44,-0.01,15,17160,卖盘
869,13:43:54,11.45,0.01,7,8014,买盘
870,13:43:51,11.44,--,80,91520,卖盘
871,13:43:48,11.44,-0.01,21,24024,卖盘
872,13:43:45,11.45,0.01,28,32059,买盘
873,13:43:27,11.44,-0.01,1,1144,卖盘
874,13:43:24,11.45,0.01,6,6870,买盘
875,13:43:21,11.44,-0.01,51,58344,卖盘
876,13:43:18,11.45,0.02,7,8014,买盘
877,13:43:15,11.43,-0.02,10,11430,卖盘
878,13:43:12,11.45,0.01,48,54960,买盘
879,13:42:57,11.44,0.01,10,11440,买盘
880,13:42:51,11.43,-0.01,51,58293,卖盘
881,13:42:39,11.44,--,11,12584,买盘
882,13:42:33,11.44,--,6,6864,买盘
883,13:42:27,11.44,--,20,22880,中性盘
884,13:42:18,11.44,--,15,17160,卖盘
885,13:42:12,11.44,-0.01,2,2288,卖盘
886,13:42:06,11.45,0.01,8,9160,买盘
887,13:42:03,11.44,--,2,2288,卖盘
888,13:42:00,11.44,-0.01,80,91520,卖盘
889,13:41:57,11.45,0.01,92,105340,买盘
890,13:41:51,11.44,--,45,51480,卖盘
891,13:41:48,11.44,-0.01,50,57200,卖盘
892,13:41:33,11.45,--,6,6870,买盘
893,13:41:30,11.45,0.02,7,8014,买盘
894,13:41:27,11.43,--,8,9144,卖盘
895,13:41:24,11.43,--,1,1143,卖盘
896,13:41:21,11.43,-0.02,8,9144,卖盘
897,13:41:18,11.45,--,9,10305,买盘
898,13:41:15,11.45,0.01,10,11450,买盘
899,13:41:06,11.44,-0.01,2,2288,中性盘
900,13:41:03,11.45,0.03,84,96180,买盘
901,13:40:57,11.42,--,1,1142,卖盘
902,13:40:54,11.42,--,10,11420,卖盘
903,13:40:51,11.42,-0.03,1550,1770100,卖盘
904,13:40:45,11.45,0.01,21,24045,买盘
905,13:40:42,11.44,--,56,64064,卖盘
906,13:40:39,11.44,-0.01,100,114400,卖盘
907,13:40:27,11.45,0.01,4,4580,买盘
908,13:40:24,11.44,--,1,1144,卖盘
909,13:40:21,11.44,-0.01,0,80,卖盘
910,13:40:15,11.45,0.01,9,10305,买盘
911,13:40:09,11.44,-0.01,59,67496,卖盘
912,13:40:03,11.45,--,100,114500,买盘
913,13:40:00,11.45,0.01,6,6870,买盘
914,13:39:54,11.44,-0.01,100,114400,卖盘
915,13:39:48,11.45,0.01,104,119079,买盘
916,13:39:42,11.44,--,85,97240,卖盘
917,13:39:39,11.44,-0.01,6,6864,卖盘
918,13:39:36,11.45,0.01,7,8014,买盘
919,13:39:27,11.44,--,2,2288,卖盘
920,13:39:24,11.44,--,45,51480,卖盘
921,13:39:18,11.44,-0.01,10,11440,卖盘
922,13:39:15,11.45,0.01,11,12595,买盘
923,13:39:12,11.44,--,1,1144,卖盘
924,13:39:03,11.44,-0.01,6,6864,卖盘
925,13:39:00,11.45,--,7,8014,买盘
926,13:38:54,11.45,--,127,145415,买盘
927,13:38:51,11.45,--,4,4580,买盘
928,13:38:42,11.45,--,40,45800,买盘
929,13:38:39,11.45,--,85,97325,买盘
930,13:38:30,11.45,--,25,28625,买盘
931,13:38:27,11.45,--,1,1145,买盘
932,13:38:24,11.45,--,10,11450,买盘
933,13:38:21,11.45,--,7,8014,买盘
934,13:38:15,11.45,-0.01,426,487769,卖盘
935,13:38:12,11.46,--,131,150126,卖盘
936,13:38:06,11.46,--,36,41256,卖盘
937,13:38:03,11.46,--,1,1146,卖盘
938,13:38:00,11.46,-0.01,40,45840,卖盘
939,13:37:57,11.47,0.02,66,75702,买盘
940,13:37:48,11.45,-0.01,10,11450,卖盘
941,13:37:45,11.46,0.01,7,8022,买盘
942,13:37:42,11.45,--,3,3435,卖盘
943,13:37:30,11.45,-0.01,6,6870,卖盘
944,13:37:21,11.46,0.01,5,5730,买盘
945,13:37:18,11.45,-0.01,78,89310,卖盘
946,13:37:15,11.46,-0.01,61,69906,卖盘
947,13:37:06,11.47,--,16,18352,买盘
948,13:37:03,11.47,--,2,2294,买盘
949,13:37:00,11.47,--,19,21793,买盘
950,13:36:57,11.47,--,333,381951,买盘
951,13:36:54,11.47,0.01,83,95201,买盘
952,13:36:42,11.46,--,12,13752,卖盘
953,13:36:39,11.46,--,84,96264,买盘
954,13:36:30,11.46,--,7,8022,买盘
955,13:36:27,11.46,-0.01,10,11460,卖盘
956,13:36:12,11.47,0.01,2,2294,买盘
957,13:36:06,11.46,--,1,1146,卖盘
958,13:36:03,11.46,--,1,1146,卖盘
959,13:36:00,11.46,0.01,1,1146,中性盘
960,13:35:57,11.45,-0.02,25,28625,卖盘
961,13:35:54,11.47,--,28,32116,买盘
962,13:35:51,11.47,--,7,8029,买盘
963,13:35:48,11.47,0.02,97,111259,买盘
964,13:35:36,11.45,--,20,22900,卖盘
965,13:35:33,11.45,--,57,65264,卖盘
966,13:35:24,11.45,-0.02,15,17175,卖盘
967,13:35:15,11.47,--,3,3441,买盘
968,13:35:09,11.47,0.02,7,8029,买盘
969,13:35:06,11.45,--,1,1145,卖盘
970,13:35:03,11.45,--,4,4580,卖盘
971,13:35:00,11.45,--,100,115519,买盘
972,13:34:42,11.45,--,3,3435,买盘
973,13:34:39,11.45,--,111,127220,卖盘
974,13:34:36,11.45,-0.02,12,13740,卖盘
975,13:34:33,11.47,--,7,8029,买盘
976,13:34:27,11.47,--,2,2294,买盘
977,13:34:24,11.47,--,5,5735,买盘
978,13:34:15,11.47,--,119,136493,买盘
979,13:34:09,11.47,0.02,5,5735,买盘
980,13:34:06,11.45,-0.02,65,74425,卖盘
981,13:34:03,11.47,0.02,200,229400,买盘
982,13:33:54,11.45,--,14,16029,卖盘
983,13:33:48,11.45,--,22,25190,卖盘
984,13:33:45,11.45,--,57,65264,卖盘
985,13:33:42,11.45,--,2,2290,卖盘
986,13:33:33,11.45,--,131,149995,卖盘
987,13:33:30,11.45,--,0,1019,卖盘
988,13:33:18,11.45,--,20,22900,卖盘
989,13:33:09,11.45,-0.02,28,32059,卖盘
990,13:33:06,11.47,--,316,362452,买盘
991,13:33:00,11.47,0.01,32,36704,买盘
992,13:32:57,11.46,0.01,48,55008,买盘
993,13:32:54,11.45,--,78,89310,卖盘
994,13:32:51,11.45,-0.01,54,61829,卖盘
995,13:32:48,11.46,0.01,2,2292,买盘
996,13:32:42,11.45,-0.01,7,8014,卖盘
997,13:32:36,11.46,--,5,5730,买盘
998,13:32:27,11.46,--,47,53862,买盘
999,13:32:21,11.46,0.01,5,5730,买盘
1000,13:32:15,11.45,-0.01,6,6870,卖盘
1001,13:32:12,11.46,-0.01,19,21774,卖盘
1002,13:32:09,11.47,--,258,295926,买盘
1003,13:32:06,11.47,0.01,113,129611,买盘
1004,13:32:03,11.46,--,2,2292,卖盘
1005,13:32:00,11.46,-0.01,73,83658,卖盘
1006,13:31:57,11.47,0.01,57,65379,买盘
1007,13:31:51,11.46,-0.01,6,6876,卖盘
1008,13:31:48,11.47,--,9,10323,买盘
1009,13:31:36,11.47,0.01,15,17205,买盘
1010,13:31:33,11.46,--,35,40339,卖盘
1011,13:31:30,11.46,--,5,5730,卖盘
1012,13:31:27,11.46,--,1,1146,卖盘
1013,13:31:21,11.46,-0.01,11,12606,卖盘
1014,13:31:15,11.47,0.01,6,6882,买盘
1015,13:31:12,11.46,--,24,27504,卖盘
1016,13:31:09,11.46,0.01,125,143250,买盘
1017,13:31:06,11.45,--,56,64119,卖盘
1018,13:31:03,11.45,--,1,1145,卖盘
1019,13:31:00,11.45,-0.01,1,1145,卖盘
1020,13:30:57,11.46,--,10,11460,卖盘
1021,13:30:54,11.46,--,2,2292,卖盘
1022,13:30:51,11.46,--,5,5730,卖盘
1023,13:30:36,11.46,-0.01,23,26358,卖盘
1024,13:30:27,11.47,0.01,48,55056,买盘
1025,13:30:15,11.46,--,77,88242,卖盘
1026,13:30:12,11.46,--,115,132454,买盘
1027,13:30:09,11.46,0.01,132,151272,买盘
1028,13:30:03,11.45,--,14,16029,卖盘
1029,13:29:57,11.45,-0.01,4,4580,卖盘
1030,13:29:45,11.46,--,0,481,卖盘
1031,13:29:33,11.46,--,23,26358,卖盘
1032,13:29:30,11.46,0.02,196,225280,买盘
1033,13:29:27,11.44,-0.03,23,26312,卖盘
1034,13:29:15,11.47,0.01,174,199578,买盘
1035,13:29:12,11.46,0.01,261,299106,买盘
1036,13:29:09,11.45,--,34,39960,卖盘
1037,13:29:06,11.45,--,18,20610,卖盘
1038,13:29:03,11.45,--,2,2290,卖盘
1039,13:29:00,11.45,--,81,92745,卖盘
1040,13:28:54,11.45,--,4,4580,卖盘
1041,13:28:48,11.45,--,0,57,卖盘
1042,13:28:45,11.45,--,23,26335,卖盘
1043,13:28:42,11.45,--,22,25190,卖盘
1044,13:28:36,11.45,--,20,22900,卖盘
1045,13:28:30,11.45,-0.01,294,336630,卖盘
1046,13:28:27,11.46,--,72,82512,卖盘
1047,13:28:24,11.46,--,12,13752,卖盘
1048,13:28:21,11.46,-0.01,46,52716,卖盘
1049,13:28:18,11.47,0.01,56,64232,买盘
1050,13:28:15,11.46,0.01,5,5730,买盘
1051,13:28:12,11.45,--,25,28625,卖盘
1052,13:28:09,11.45,--,2,2290,卖盘
1053,13:28:06,11.45,-0.02,2,2290,卖盘
1054,13:28:00,11.47,0.01,30,34410,买盘
1055,13:27:57,11.46,0.01,1,1146,买盘
1056,13:27:54,11.45,--,4,4580,卖盘
1057,13:27:36,11.45,--,76,87020,卖盘
1058,13:27:27,11.45,-0.02,126,144270,卖盘
1059,13:27:24,11.47,--,12,13764,卖盘
1060,13:27:21,11.47,--,20,22940,卖盘
1061,13:27:18,11.47,--,51,58554,买盘
1062,13:27:15,11.47,--,173,199520,买盘
1063,13:27:09,11.47,0.01,2,2294,买盘
1064,13:27:06,11.46,-0.01,43,49278,卖盘
1065,13:27:00,11.47,0.01,1,1147,买盘
1066,13:26:51,11.46,--,3,3438,卖盘
1067,13:26:45,11.46,--,95,108870,卖盘
1068,13:26:42,11.46,-0.01,74,84804,卖盘
1069,13:26:30,11.47,0.01,4,4588,买盘
1070,13:26:21,11.46,-0.02,19,21774,卖盘
1071,13:26:18,11.48,0.01,341,391468,买盘
1072,13:26:12,11.47,0.01,40,45880,中性盘
1073,13:26:03,11.46,-0.02,29,33234,卖盘
1074,13:26:00,11.48,0.02,5,5740,买盘
1075,13:25:57,11.46,-0.02,10,11460,卖盘
1076,13:25:54,11.48,0.02,59,67732,买盘
1077,13:25:51,11.46,--,84,96264,卖盘
1078,13:25:42,11.46,-0.01,4,4584,卖盘
1079,13:25:36,11.47,0.01,28,32116,买盘
1080,13:25:33,11.46,--,3,3438,卖盘
1081,13:25:30,11.46,-0.01,286,327756,卖盘
1082,13:25:27,11.47,-0.01,1,1147,卖盘
1083,13:25:24,11.48,0.01,8,9184,买盘
1084,13:25:18,11.47,0.01,68,78053,买盘
1085,13:25:15,11.46,--,4,4584,卖盘
1086,13:25:12,11.46,-0.01,97,112250,卖盘
1087,13:25:09,11.47,--,25,28675,卖盘
1088,13:25:06,11.47,--,1,1204,卖盘
1089,13:25:03,11.47,0.01,15,17205,买盘
1090,13:25:00,11.46,--,2,2292,卖盘
1091,13:24:57,11.46,-0.01,74,84804,卖盘
1092,13:24:39,11.47,0.01,112,128464,买盘
1093,13:24:36,11.46,--,1,1146,卖盘
1094,13:24:33,11.46,--,3,3438,卖盘
1095,13:24:27,11.46,-0.01,263,301398,卖盘
1096,13:24:24,11.47,--,25,28675,卖盘
1097,13:24:21,11.47,--,62,71114,买盘
1098,13:24:18,11.47,0.01,114,130758,买盘
1099,13:24:15,11.46,--,30,34380,卖盘
1100,13:24:06,11.46,--,4,4584,卖盘
1101,13:24:03,11.46,-0.01,78,89388,卖盘
1102,13:24:00,11.47,0.01,1,1147,买盘
1103,13:23:54,11.46,--,6,6876,卖盘
1104,13:23:33,11.46,-0.01,3,3438,卖盘
1105,13:23:30,11.47,--,79,90613,卖盘
1106,13:23:27,11.47,--,299,342953,卖盘
1107,13:23:21,11.47,0.01,50,57350,买盘
1108,13:23:18,11.46,--,40,45840,卖盘
1109,13:23:15,11.46,-0.01,17,19482,卖盘
1110,13:23:12,11.47,--,11,12617,买盘
1111,13:23:09,11.47,--,11,12617,买盘
1112,13:23:06,11.47,--,7,8029,卖盘
1113,13:23:03,11.47,0.01,23,26381,买盘
1114,13:22:54,11.46,--,6,6876,卖盘
1115,13:22:51,11.46,-0.01,2,2292,卖盘
1116,13:22:48,11.47,--,5,5735,卖盘
1117,13:22:42,11.47,-0.01,150,172050,卖盘
1118,13:22:36,11.48,0.01,32,36736,买盘
1119,13:22:33,11.47,--,4,4588,卖盘
1120,13:22:30,11.47,-0.01,14,16058,卖盘
1121,13:22:24,11.48,0.02,237,272076,买盘
1122,13:22:21,11.46,--,8,9168,卖盘
1123,13:22:18,11.46,--,104,119184,卖盘
1124,13:22:15,11.46,--,35,40110,卖盘
1125,13:22:03,11.46,-0.01,3,3438,卖盘
1126,13:22:00,11.47,-0.01,2,2294,卖盘
1127,13:21:54,11.48,--,16,18368,卖盘
1128,13:21:51,11.48,--,16,18368,卖盘
1129,13:21:48,11.48,--,49,56252,卖盘
1130,13:21:45,11.48,--,14,16072,卖盘
1131,13:21:33,11.48,--,5,5740,卖盘
1132,13:21:30,11.48,--,11,12628,卖盘
1133,13:21:27,11.48,--,107,122836,卖盘
1134,13:21:24,11.48,0.01,209,239932,买盘
1135,13:21:15,11.47,-0.01,3,3441,卖盘
1136,13:21:12,11.48,--,84,96432,买盘
1137,13:21:06,11.48,--,24,27552,卖盘
1138,13:21:03,11.48,--,20,22960,卖盘
1139,13:20:57,11.48,--,10,11480,卖盘
1140,13:20:54,11.48,--,12,13776,卖盘
1141,13:20:51,11.48,--,5,5740,卖盘
1142,13:20:42,11.48,--,144,165312,卖盘
1143,13:20:36,11.48,--,32,36736,卖盘
1144,13:20:33,11.48,--,36,41328,卖盘
1145,13:20:30,11.48,--,55,63140,卖盘
1146,13:20:27,11.48,0.02,116,133168,买盘
1147,13:20:24,11.46,-0.01,2,2292,卖盘
1148,13:20:21,11.47,--,26,29822,卖盘
1149,13:20:18,11.47,-0.01,4,4588,卖盘
1150,13:20:15,11.48,--,16,18368,买盘
1151,13:20:09,11.48,0.01,102,117096,买盘
1152,13:20:03,11.47,0.01,22,25234,中性盘
1153,13:20:00,11.46,-0.02,2,2292,卖盘
1154,13:19:57,11.48,--,61,70028,买盘
1155,13:19:51,11.48,--,98,112504,买盘
1156,13:19:45,11.48,--,10,11480,卖盘
1157,13:19:42,11.48,--,9,10332,卖盘
1158,13:19:39,11.48,--,183,210084,卖盘
1159,13:19:36,11.48,--,17,19516,卖盘
1160,13:19:33,11.48,--,9,10332,卖盘
1161,13:19:30,11.48,--,116,133168,买盘
1162,13:19:27,11.48,--,9,10332,买盘
1163,13:19:21,11.48,0.02,8,9184,买盘
1164,13:19:15,11.46,-0.01,3,3438,卖盘
1165,13:19:12,11.47,--,105,120435,卖盘
1166,13:19:06,11.47,--,16,18352,卖盘
1167,13:19:03,11.47,-0.01,28,32116,卖盘
1168,13:19:00,11.48,--,57,65436,买盘
1169,13:18:57,11.48,0.01,48,55104,买盘
1170,13:18:54,11.47,-0.01,25,28675,卖盘
1171,13:18:51,11.48,0.01,13,14924,买盘
1172,13:18:48,11.47,--,42,48174,卖盘
1173,13:18:45,11.47,--,42,48174,卖盘
1174,13:18:42,11.47,--,20,22940,卖盘
1175,13:18:39,11.47,-0.01,17,19499,卖盘
1176,13:18:33,11.48,0.01,57,65436,买盘
1177,13:18:30,11.47,-0.01,62,71114,中性盘
1178,13:18:24,11.48,0.01,40,45920,买盘
1179,13:18:21,11.47,--,93,106671,卖盘
1180,13:18:15,11.47,--,17,19499,卖盘
1181,13:18:12,11.47,--,17,19499,卖盘
1182,13:18:06,11.47,--,13,14911,卖盘
1183,13:18:03,11.47,--,52,59644,卖盘
1184,13:18:00,11.47,--,25,28675,卖盘
1185,13:17:54,11.47,-0.01,73,83731,卖盘
1186,13:17:51,11.48,0.01,87,99876,买盘
1187,13:17:42,11.47,--,14,16058,卖盘
1188,13:17:33,11.47,-0.01,17,19499,中性盘
1189,13:17:30,11.48,0.02,59,67732,买盘
1190,13:17:27,11.46,--,21,24066,卖盘
1191,13:17:21,11.46,--,3,3438,卖盘
1192,13:17:18,11.46,-0.01,171,195966,卖盘
1193,13:17:15,11.47,--,6,6882,卖盘
1194,13:17:09,11.47,--,6,6882,卖盘
1195,13:17:03,11.47,--,3,3441,卖盘
1196,13:17:00,11.47,-0.01,74,84878,卖盘
1197,13:16:57,11.48,--,12,13776,买盘
1198,13:16:54,11.48,0.01,85,97580,买盘
1199,13:16:51,11.47,--,2,2294,卖盘
1200,13:16:39,11.47,--,25,28675,卖盘
1201,13:16:36,11.47,--,24,27528,卖盘
1202,13:16:33,11.47,0.01,23,26381,买盘
1203,13:16:30,11.46,-0.01,3,3438,卖盘
1204,13:16:18,11.47,0.01,1,1147,买盘
1205,13:16:15,11.46,-0.01,5,5730,卖盘
1206,13:16:09,11.47,0.01,65,74555,买盘
1207,13:16:06,11.46,--,72,82512,卖盘
1208,13:16:03,11.46,--,4,4584,卖盘
1209,13:15:57,11.46,--,6,6876,卖盘
1210,13:15:54,11.46,--,27,30942,卖盘
1211,13:15:42,11.46,-0.01,3,3438,卖盘
1212,13:15:39,11.47,0.01,3,3441,买盘
1213,13:15:36,11.46,0.01,33,37818,买盘
1214,13:15:33,11.45,-0.01,3,3435,卖盘
1215,13:15:24,11.46,0.01,57,65322,买盘
1216,13:15:18,11.45,-0.01,19,21755,卖盘
1217,13:15:15,11.46,0.01,8,9168,买盘
1218,13:15:12,11.45,-0.01,8,9160,卖盘
1219,13:15:03,11.46,--,5,5730,卖盘
1220,13:15:00,11.46,-0.01,204,233784,卖盘
1221,13:14:57,11.47,--,86,98642,卖盘
1222,13:14:51,11.47,--,2,2294,卖盘
1223,13:14:42,11.47,--,46,52762,卖盘
1224,13:14:39,11.47,--,81,92907,买盘
1225,13:14:36,11.47,--,61,69967,买盘
1226,13:14:33,11.47,--,17,19499,买盘
1227,13:14:27,11.47,0.01,6,6882,买盘
1228,13:14:24,11.46,--,2,2292,卖盘
1229,13:14:21,11.46,--,19,21774,卖盘
1230,13:14:18,11.46,-0.01,100,114600,卖盘
1231,13:14:15,11.47,0.01,149,170903,买盘
1232,13:14:09,11.46,-0.01,28,32088,卖盘
1233,13:14:06,11.47,0.01,10,11470,买盘
1234,13:14:03,11.46,--,8,9168,卖盘
1235,13:13:51,11.46,--,3,3438,卖盘
1236,13:13:42,11.46,--,22,25212,卖盘
1237,13:13:39,11.46,0.01,52,59592,买盘
1238,13:13:36,11.45,--,3,3435,卖盘
1239,13:13:33,11.45,--,3,3435,卖盘
1240,13:13:30,11.45,--,3,3435,卖盘
1241,13:13:27,11.45,--,75,85875,卖盘
1242,13:13:24,11.45,--,35,40075,卖盘
1243,13:13:21,11.45,--,113,129384,卖盘
1244,13:13:18,11.45,--,18,20610,卖盘
1245,13:13:15,11.45,--,6,6870,卖盘
1246,13:13:12,11.45,-0.01,2,2290,卖盘
1247,13:13:06,11.46,0.01,2,2292,买盘
1248,13:13:03,11.45,--,4,4580,卖盘
1249,13:13:00,11.45,--,3,3435,卖盘
1250,13:12:48,11.45,-0.01,5,5725,卖盘
1251,13:12:45,11.46,0.01,6,6876,买盘
1252,13:12:39,11.45,--,33,37785,买盘
1253,13:12:33,11.45,--,61,69845,卖盘
1254,13:12:27,11.45,--,3,3435,卖盘
1255,13:12:24,11.45,--,1,1145,卖盘
1256,13:12:21,11.45,--,15,17175,卖盘
1257,13:12:09,11.45,--,30,34350,卖盘
1258,13:12:06,11.45,--,12,13740,卖盘
1259,13:12:03,11.45,--,7,8014,卖盘
1260,13:12:00,11.45,-0.01,6,6870,卖盘
1261,13:11:57,11.46,--,2,2292,买盘
1262,13:11:51,11.46,0.01,5,5730,买盘
1263,13:11:45,11.45,-0.02,88,100760,卖盘
1264,13:11:42,11.47,0.01,283,324601,买盘
1265,13:11:33,11.46,0.01,6,6876,中性盘
1266,13:11:30,11.45,--,3,3435,卖盘
1267,13:11:27,11.45,--,30,34350,卖盘
1268,13:11:24,11.45,--,25,28625,卖盘
1269,13:11:12,11.45,--,17,19465,卖盘
1270,13:11:06,11.45,--,2,2290,卖盘
1271,13:11:03,11.45,-0.02,4,4580,卖盘
1272,13:10:57,11.47,--,7,8029,买盘
1273,13:10:54,11.47,-0.01,7,8029,中性盘
1274,13:10:51,11.48,0.03,37,42476,买盘
1275,13:10:48,11.45,-0.02,54,61829,卖盘
1276,13:10:45,11.47,--,280,321160,买盘
1277,13:10:42,11.47,0.01,21,24087,买盘
1278,13:10:33,11.46,0.01,3,3438,中性盘
1279,13:10:27,11.45,--,8,9160,卖盘
1280,13:10:24,11.45,--,2,2290,卖盘
1281,13:10:21,11.45,-0.02,368,421360,卖盘
1282,13:10:18,11.47,0.01,3,3441,买盘
1283,13:10:03,11.46,--,11,12606,卖盘
1284,13:09:57,11.46,--,6,6876,卖盘
1285,13:09:54,11.46,--,72,82512,卖盘
1286,13:09:51,11.46,--,25,28650,卖盘
1287,13:09:48,11.46,--,31,35526,卖盘
1288,13:09:45,11.46,0.01,73,83658,买盘
1289,13:09:33,11.45,-0.01,6,6870,卖盘
1290,13:09:27,11.46,--,20,22920,买盘
1291,13:09:24,11.46,--,5,5730,买盘
1292,13:09:21,11.46,0.01,11,12606,买盘
1293,13:09:18,11.45,-0.01,1,1145,卖盘
1294,13:09:12,11.46,--,8,9168,买盘
1295,13:09:06,11.46,0.01,26,29796,买盘
1296,13:09:03,11.45,-0.01,16,18320,卖盘
1297,13:08:54,11.46,--,25,28650,卖盘
1298,13:08:51,11.46,--,18,20628,卖盘
1299,13:08:48,11.46,0.01,295,338070,买盘
1300,13:08:33,11.45,-0.01,3,3435,卖盘
1301,13:08:27,11.46,0.01,28,32088,买盘
1302,13:08:24,11.45,-0.01,28,32059,卖盘
1303,13:08:18,11.46,--,3,3438,买盘
1304,13:08:12,11.46,0.01,9,10314,买盘
1305,13:08:09,11.45,-0.01,74,84730,卖盘
1306,13:08:06,11.46,0.01,3,3438,买盘
1307,13:08:03,11.45,--,3,3435,卖盘
1308,13:07:54,11.45,-0.01,25,28625,卖盘
1309,13:07:51,11.46,--,292,334632,买盘
1310,13:07:48,11.46,0.01,62,71052,买盘
1311,13:07:45,11.45,--,18,20610,卖盘
1312,13:07:33,11.45,--,6,6870,卖盘
1313,13:07:30,11.45,--,9,10305,卖盘
1314,13:07:21,11.45,--,288,329760,卖盘
1315,13:07:18,11.45,--,22,25190,卖盘
1316,13:07:15,11.45,-0.01,55,62974,卖盘
1317,13:07:12,11.46,0.01,10,11460,买盘
1318,13:07:09,11.45,-0.01,30,34350,卖盘
1319,13:07:06,11.46,0.01,1,1146,买盘
1320,13:07:03,11.45,--,4,4580,卖盘
1321,13:06:57,11.45,--,9,10305,卖盘
1322,13:06:54,11.45,--,39,45456,买盘
1323,13:06:51,11.45,--,294,336630,买盘
1324,13:06:48,11.45,0.01,30,34350,买盘
1325,13:06:45,11.44,-0.01,37,42328,卖盘
1326,13:06:36,11.45,0.01,2,2290,买盘
1327,13:06:33,11.44,-0.01,4,4576,卖盘
1328,13:06:27,11.45,--,12,13740,买盘
1329,13:06:21,11.45,--,63,72135,买盘
1330,13:06:09,11.45,0.01,17,19465,买盘
1331,13:06:06,11.44,--,9,10296,卖盘
1332,13:06:03,11.44,-0.01,3,3432,卖盘
1333,13:05:54,11.45,--,221,253044,买盘
1334,13:05:51,11.45,--,130,148850,买盘
1335,13:05:45,11.45,--,1,1145,买盘
1336,13:05:42,11.45,--,5,5725,买盘
1337,13:05:33,11.45,0.01,5,5725,买盘
1338,13:05:30,11.44,-0.01,52,59488,卖盘
1339,13:05:21,11.45,--,10,11450,买盘
1340,13:05:18,11.45,0.01,30,34350,买盘
1341,13:05:03,11.44,-0.01,6,6864,卖盘
1342,13:05:00,11.45,0.01,15,17175,买盘
1343,13:04:57,11.44,-0.01,5,5720,卖盘
1344,13:04:54,11.45,--,348,398460,买盘
1345,13:04:48,11.45,--,16,18320,买盘
1346,13:04:39,11.45,--,8,9160,买盘
1347,13:04:36,11.45,0.01,5,5725,买盘
1348,13:04:33,11.44,--,4,4576,卖盘
1349,13:04:24,11.44,-0.01,4,4576,卖盘
1350,13:04:18,11.45,0.01,30,34350,买盘
1351,13:04:12,11.44,-0.01,5,5720,卖盘
1352,13:04:03,11.45,-0.01,235,269075,卖盘
1353,13:04:00,11.46,--,1,1146,卖盘
1354,13:03:57,11.46,--,144,165024,买盘
1355,13:03:54,11.46,--,62,71052,买盘
1356,13:03:51,11.46,0.01,12,13752,买盘
1357,13:03:48,11.45,--,34,38930,卖盘
1358,13:03:45,11.45,-0.01,78,89310,卖盘
1359,13:03:42,11.46,0.01,20,22920,买盘
1360,13:03:33,11.45,-0.01,4,4580,卖盘
1361,13:03:24,11.46,0.01,1,1146,买盘
1362,13:03:21,11.45,--,1,1145,卖盘
1363,13:03:09,11.45,--,80,91600,卖盘
1364,13:03:03,11.45,--,102,116790,卖盘
1365,13:03:00,11.45,--,6,6870,卖盘
1366,13:02:57,11.45,0.01,111,127094,买盘
1367,13:02:54,11.44,-0.01,32,36608,卖盘
1368,13:02:51,11.45,0.01,6,6870,买盘
1369,13:02:39,11.44,--,3,3432,卖盘
1370,13:02:33,11.44,-0.01,4,4576,卖盘
1371,13:02:30,11.45,--,209,239304,卖盘
1372,13:02:21,11.45,--,18,20610,卖盘
1373,13:02:18,11.45,--,1,1145,卖盘
1374,13:02:15,11.45,--,4,4580,卖盘
1375,13:02:03,11.45,--,34,38930,卖盘
1376,13:02:00,11.45,0.01,158,180910,买盘
1377,13:01:57,11.44,--,17,19448,卖盘
1378,13:01:54,11.44,0.01,133,152152,买盘
1379,13:01:51,11.43,--,2,2286,卖盘
1380,13:01:42,11.43,-0.01,3,3429,卖盘
1381,13:01:39,11.44,--,210,240240,卖盘
1382,13:01:33,11.44,--,22,25168,卖盘
1383,13:01:30,11.44,-0.01,5,5720,卖盘
1384,13:01:24,11.45,--,11,12595,买盘
1385,13:01:09,11.45,0.01,3,3435,买盘
1386,13:01:06,11.44,-0.01,21,24024,卖盘
1387,13:01:03,11.45,--,4,4580,卖盘
1388,13:01:00,11.45,--,17,19465,卖盘
1389,13:00:57,11.45,--,18,20610,卖盘
1390,13:00:54,11.45,--,10,11450,买盘
1391,13:00:51,11.45,--,14,16029,买盘
1392,13:00:48,11.45,0.01,1,1145,买盘
1393,13:00:39,11.44,--,2,2288,卖盘
1394,13:00:36,11.44,--,17,19448,卖盘
1395,13:00:33,11.44,--,3,3432,卖盘
1396,13:00:27,11.44,--,7,8008,卖盘
1397,13:00:24,11.44,-0.02,128,146432,卖盘
1398,13:00:21,11.46,0.01,3,3438,买盘
1399,13:00:18,11.45,--,20,22900,卖盘
1400,13:00:15,11.45,--,1,1145,卖盘
1401,13:00:03,11.45,--,472,540440,买盘
1402,13:00:00,11.45,--,41,46945,买盘
1403,11:30:00,11.45,--,17,19465,买盘
1404,11:29:54,11.45,0.01,3,3435,买盘
1405,11:29:51,11.44,--,18,20592,卖盘
1406,11:29:48,11.44,--,3,3432,卖盘
1407,11:29:45,11.44,--,10,11440,卖盘
1408,11:29:42,11.44,--,1,1144,买盘
1409,11:29:36,11.44,--,44,50336,买盘
1410,11:29:33,11.44,0.01,1,1144,买盘
1411,11:29:24,11.43,--,14,16002,卖盘
1412,11:29:21,11.43,-0.01,6,6858,卖盘
1413,11:29:15,11.44,--,4,4576,买盘
1414,11:29:09,11.44,--,27,30888,买盘
1415,11:29:06,11.44,--,131,149864,买盘
1416,11:29:03,11.44,--,221,252824,买盘
1417,11:29:00,11.44,--,14,16016,买盘
1418,11:28:54,11.44,--,6,6864,买盘
1419,11:28:51,11.44,--,10,11440,买盘
1420,11:28:48,11.44,--,2,2288,买盘
1421,11:28:42,11.44,0.01,4,4576,买盘
1422,11:28:36,11.43,-0.01,20,22860,卖盘
1423,11:28:33,11.44,0.01,1,1144,买盘
1424,11:28:21,11.43,-0.01,17,19431,卖盘
1425,11:28:12,11.44,--,5,5720,买盘
1426,11:28:06,11.44,0.01,348,398112,买盘
1427,11:28:03,11.43,-0.01,40,45720,卖盘
1428,11:27:57,11.44,--,10,11440,买盘
1429,11:27:51,11.44,--,2,2288,买盘
1430,11:27:48,11.44,--,11,12584,买盘
1431,11:27:45,11.44,--,205,234520,买盘
1432,11:27:42,11.44,--,5,5720,买盘
1433,11:27:27,11.44,--,4,4576,买盘
1434,11:27:12,11.44,0.01,30,34320,买盘
1435,11:27:06,11.43,0.02,57,65151,买盘
1436,11:27:03,11.41,--,1,1141,卖盘
1437,11:26:57,11.41,-0.02,54,61614,卖盘
1438,11:26:54,11.43,--,3,3429,买盘
1439,11:26:42,11.43,-0.01,4,4572,中性盘
1440,11:26:36,11.44,--,4,4576,买盘
1441,11:26:21,11.44,0.03,5,5720,买盘
1442,11:26:18,11.41,--,25,28525,卖盘
1443,11:26:15,11.41,-0.03,1072,1223779,卖盘
1444,11:26:12,11.44,0.01,5,5720,买盘
1445,11:26:09,11.43,0.02,239,273177,买盘
1446,11:26:06,11.41,--,27,30807,中性盘
1447,11:25:54,11.41,--,18,20538,买盘
1448,11:25:51,11.41,--,40,45640,买盘
1449,11:25:48,11.41,-0.01,831,949289,卖盘
1450,11:25:45,11.42,--,3,3426,买盘
1451,11:25:42,11.42,0.01,13,14846,买盘
1452,11:25:39,11.41,--,16,18256,卖盘
1453,11:25:36,11.41,--,12,13714,买盘
1454,11:25:30,11.41,--,15,17115,买盘
1455,11:25:27,11.41,--,1,1141,买盘
1456,11:25:21,11.41,0.01,10,11410,买盘
1457,11:25:18,11.4,-0.01,47,53580,卖盘
1458,11:25:12,11.41,-0.01,432,494030,卖盘
1459,11:25:09,11.42,0.01,1,1142,买盘
1460,11:25:03,11.41,--,1,1141,卖盘
1461,11:24:45,11.41,--,11,12573,买盘
1462,11:24:42,11.41,-0.01,692,790690,卖盘
1463,11:24:39,11.42,--,298,340316,卖盘
1464,11:24:36,11.42,--,18,20556,卖盘
1465,11:24:30,11.42,-0.01,25,28550,卖盘
1466,11:24:24,11.43,--,232,265176,卖盘
1467,11:24:15,11.43,-0.01,58,66294,卖盘
1468,11:24:12,11.44,--,359,410696,买盘
1469,11:24:09,11.44,--,10,11440,买盘
1470,11:24:03,11.44,--,1,1144,买盘
1471,11:23:45,11.44,--,2,2288,买盘
1472,11:23:42,11.44,--,16,18304,买盘
1473,11:23:39,11.44,0.01,35,40040,买盘
1474,11:23:36,11.43,-0.02,25,28575,卖盘
1475,11:23:15,11.45,--,276,316020,买盘
1476,11:23:12,11.45,--,79,90455,买盘
1477,11:23:00,11.45,--,2,2290,买盘
1478,11:22:42,11.45,0.02,4,4580,买盘
1479,11:22:36,11.43,0.01,1,1143,中性盘
1480,11:22:33,11.42,--,17,19414,卖盘
1481,11:22:21,11.42,-0.03,70,79940,卖盘
1482,11:22:18,11.45,--,66,75570,买盘
1483,11:22:15,11.45,0.01,284,325180,买盘
1484,11:22:12,11.44,--,13,14872,卖盘
1485,11:22:03,11.44,-0.01,4,4576,中性盘
1486,11:21:42,11.45,0.02,48,54960,买盘
1487,11:21:39,11.43,--,16,18288,卖盘
1488,11:21:21,11.43,-0.02,5,5715,卖盘
1489,11:21:18,11.45,--,366,419070,买盘
1490,11:21:12,11.45,0.02,6,6870,买盘
1491,11:21:06,11.43,--,30,34290,卖盘
1492,11:21:03,11.43,--,10,11430,卖盘
1493,11:20:51,11.43,--,50,57150,卖盘
1494,11:20:45,11.43,--,18,20574,卖盘
1495,11:20:42,11.43,-0.02,21,24003,卖盘
1496,11:20:30,11.45,--,12,13740,卖盘
1497,11:20:27,11.45,0.02,3,3435,中性盘
1498,11:20:24,11.43,-0.02,5,5715,卖盘
1499,11:20:21,11.45,--,299,342355,买盘
1500,11:20:18,11.45,0.02,53,60684,买盘
1501,11:20:15,11.43,--,17,19431,卖盘
1502,11:20:12,11.43,--,22,25146,卖盘
1503,11:20:09,11.43,--,22,25146,卖盘
1504,11:20:06,11.43,--,18,20574,卖盘
1505,11:20:03,11.43,-0.02,2,2286,卖盘
1506,11:19:57,11.45,0.02,10,11450,买盘
1507,11:19:45,11.43,-0.02,17,19431,卖盘
1508,11:19:42,11.45,0.02,4,4580,买盘
1509,11:19:39,11.43,-0.01,4,4572,卖盘
1510,11:19:36,11.44,--,105,120120,卖盘
1511,11:19:33,11.44,0.01,10,11440,买盘
1512,11:19:21,11.43,--,177,202311,买盘
1513,11:19:18,11.43,--,21,24003,买盘
1514,11:19:12,11.43,--,5,5715,买盘
1515,11:19:09,11.43,--,118,134874,卖盘
1516,11:19:06,11.43,--,42,48006,卖盘
1517,11:19:00,11.43,--,2,2286,卖盘
1518,11:18:57,11.43,--,50,57150,卖盘
1519,11:18:45,11.43,-0.02,17,19431,卖盘
1520,11:18:42,11.45,0.02,4,4580,买盘
1521,11:18:36,11.43,--,6,6858,买盘
1522,11:18:33,11.43,--,3,3429,买盘
1523,11:18:27,11.43,-0.02,179,204597,卖盘
1524,11:18:24,11.45,--,116,132820,买盘
1525,11:18:21,11.45,0.02,164,187780,买盘
1526,11:18:12,11.43,-0.02,8,9144,卖盘
1527,11:17:57,11.45,--,23,26335,买盘
1528,11:17:54,11.45,0.01,10,11450,买盘
1529,11:17:51,11.44,-0.01,3,3432,卖盘
1530,11:17:42,11.45,0.01,4,4580,买盘
1531,11:17:39,11.44,-0.01,1,1144,卖盘
1532,11:17:33,11.45,0.01,8,9160,买盘
1533,11:17:27,11.44,--,3,3432,卖盘
1534,11:17:24,11.44,0.01,348,398112,买盘
1535,11:17:21,11.43,--,18,20574,卖盘
1536,11:17:18,11.43,-0.01,1,1143,卖盘
1537,11:17:12,11.44,0.01,5,5720,买盘
1538,11:17:09,11.43,--,26,29718,卖盘
1539,11:17:00,11.43,-0.01,2,2286,卖盘
1540,11:16:57,11.44,--,1,1144,买盘
1541,11:16:54,11.44,--,5,5720,买盘
1542,11:16:51,11.44,0.01,4,4576,买盘
1543,11:16:48,11.43,-0.01,6,6858,卖盘
1544,11:16:45,11.44,-0.02,75,85800,卖盘
1545,11:16:42,11.46,0.01,4,4584,买盘
1546,11:16:39,11.45,--,10,11450,卖盘
1547,11:16:36,11.45,--,6,6870,卖盘
1548,11:16:30,11.45,--,12,13740,卖盘
1549,11:16:27,11.45,0.01,306,350370,买盘
1550,11:16:15,11.44,-0.01,45,51480,卖盘
1551,11:16:12,11.45,--,5,5725,买盘
1552,11:16:00,11.45,--,2,2290,买盘
1553,11:15:51,11.45,0.01,7,8014,买盘
1554,11:15:48,11.44,-0.01,9,10296,卖盘
1555,11:15:45,11.45,--,6,6870,买盘
1556,11:15:42,11.45,--,4,4580,买盘
1557,11:15:39,11.45,--,189,216405,卖盘
1558,11:15:36,11.45,--,14,16029,卖盘
1559,11:15:33,11.45,--,4,4580,卖盘
1560,11:15:30,11.45,--,9,10305,卖盘
1561,11:15:27,11.45,0.01,257,294265,买盘
1562,11:15:24,11.44,--,18,20592,卖盘
1563,11:15:18,11.44,--,2,2288,买盘
1564,11:15:12,11.44,--,28,32032,买盘
1565,11:15:09,11.44,0.01,20,22880,买盘
1566,11:15:03,11.43,--,12,13716,卖盘
1567,11:14:51,11.43,-0.01,3,3429,卖盘
1568,11:14:48,11.44,--,6,6864,买盘
1569,11:14:42,11.44,0.01,4,4576,买盘
1570,11:14:39,11.43,--,3,3429,卖盘
1571,11:14:36,11.43,--,26,29718,卖盘
1572,11:14:30,11.43,0.01,267,305181,买盘
1573,11:14:27,11.42,--,6,6852,卖盘
1574,11:14:18,11.42,-0.01,3,3426,卖盘
1575,11:14:12,11.43,0.01,20,22860,买盘
1576,11:14:06,11.42,-0.01,64,73088,卖盘
1577,11:14:00,11.43,0.01,5,5715,买盘
1578,11:13:54,11.42,--,1,1142,卖盘
1579,11:13:48,11.42,--,3,3426,卖盘
1580,11:13:45,11.42,-0.01,26,29692,卖盘
1581,11:13:42,11.43,0.01,4,4572,买盘
1582,11:13:33,11.42,--,263,300346,买盘
1583,11:13:30,11.42,--,25,28550,买盘
1584,11:13:27,11.42,--,11,12562,买盘
1585,11:13:24,11.42,--,139,158738,买盘
1586,11:13:12,11.42,0.01,5,5710,买盘
1587,11:13:09,11.41,-0.01,14,15974,卖盘
1588,11:13:06,11.42,--,7,7994,买盘
1589,11:13:03,11.42,0.01,13,14846,买盘
1590,11:13:00,11.41,-0.01,1,1141,卖盘
1591,11:12:57,11.42,--,162,185004,卖盘
1592,11:12:48,11.42,--,30,34260,卖盘
1593,11:12:45,11.42,-0.01,26,29692,卖盘
1594,11:12:42,11.43,0.01,7,8001,买盘
1595,11:12:33,11.42,--,142,162164,买盘
1596,11:12:21,11.42,0.01,595,679490,买盘
1597,11:12:15,11.41,-0.01,8,9128,卖盘
1598,11:12:12,11.42,--,930,1062060,买盘
1599,11:12:09,11.42,0.01,25,28550,买盘
1600,11:12:06,11.41,--,5,5705,卖盘
1601,11:12:00,11.41,--,47,53627,卖盘
1602,11:11:54,11.41,--,26,29666,卖盘
1603,11:11:48,11.41,-0.01,3,3423,卖盘
1604,11:11:42,11.42,0.01,4,4568,买盘
1605,11:11:33,11.41,-0.01,84,95844,卖盘
1606,11:11:30,11.42,0.01,7,7994,买盘
1607,11:11:24,11.41,-0.01,16,18256,卖盘
1608,11:11:21,11.42,--,78,89076,买盘
1609,11:11:12,11.42,--,11,12562,买盘
1610,11:11:06,11.42,--,42,47964,卖盘
1611,11:11:03,11.42,--,1,1142,卖盘
1612,11:11:00,11.42,--,3,3426,卖盘
1613,11:10:57,11.42,--,26,29692,买盘
1614,11:10:54,11.42,--,57,65094,买盘
1615,11:10:51,11.42,--,10,11420,买盘
1616,11:10:45,11.42,--,2,2284,买盘
1617,11:10:42,11.42,0.01,54,61668,买盘
1618,11:10:39,11.41,--,34,38794,卖盘
1619,11:10:36,11.41,-0.01,3,3423,卖盘
1620,11:10:30,11.42,--,66,75372,买盘
1621,11:10:27,11.42,--,2,2284,买盘
1622,11:10:24,11.42,-0.01,78,89076,卖盘
1623,11:10:21,11.43,--,10,11430,买盘
1624,11:10:15,11.43,--,31,35433,买盘
1625,11:10:12,11.43,0.01,5,5715,买盘
1626,11:10:09,11.42,--,7,7994,卖盘
1627,11:10:06,11.42,-0.01,208,237536,卖盘
1628,11:09:57,11.43,--,30,34290,买盘
1629,11:09:54,11.43,0.01,6,6858,买盘
1630,11:09:51,11.42,--,1,1142,卖盘
1631,11:09:45,11.42,-0.01,26,29692,卖盘
1632,11:09:42,11.43,--,32,36576,买盘
1633,11:09:36,11.43,0.01,2,2286,买盘
1634,11:09:27,11.42,--,259,295778,买盘
1635,11:09:24,11.42,0.01,5,5710,买盘
1636,11:09:21,11.41,-0.01,31,35371,卖盘
1637,11:09:15,11.42,--,101,115342,买盘
1638,11:09:12,11.42,--,5,5710,买盘
1639,11:09:09,11.42,0.01,30,34260,买盘
1640,11:09:03,11.41,--,2,2282,卖盘
1641,11:08:57,11.41,--,6,6846,卖盘
1642,11:08:54,11.41,--,26,29666,卖盘
1643,11:08:48,11.41,-0.01,8,9128,卖盘
1644,11:08:42,11.42,--,5,5710,买盘
1645,11:08:30,11.42,-0.01,187,213554,卖盘
1646,11:08:24,11.43,0.01,7,8001,买盘
1647,11:08:15,11.42,-0.01,10,11420,卖盘
1648,11:08:12,11.43,--,208,237744,买盘
1649,11:08:09,11.43,--,29,33147,买盘
1650,11:08:06,11.43,--,10,11430,买盘
1651,11:08:03,11.43,--,2,2286,买盘
1652,11:07:54,11.43,0.01,50,57150,中性盘
1653,11:07:48,11.42,-0.01,51,58242,卖盘
1654,11:07:42,11.43,--,5,5715,卖盘
1655,11:07:36,11.43,0.01,55,62865,买盘
1656,11:07:33,11.42,-0.01,4,4568,卖盘
1657,11:07:30,11.43,--,49,56007,买盘
1658,11:07:27,11.43,--,4,4572,买盘
1659,11:07:24,11.43,--,22,25146,买盘
1660,11:07:21,11.43,--,10,11430,买盘
1661,11:07:12,11.43,--,37,42291,买盘
1662,11:07:03,11.43,--,30,34290,中性盘
1663,11:06:54,11.43,--,24,27432,卖盘
1664,11:06:51,11.43,-0.01,200,228600,卖盘
1665,11:06:48,11.44,0.01,4,4576,买盘
1666,11:06:45,11.43,-0.01,7,8001,卖盘
1667,11:06:42,11.44,0.01,4,4576,买盘
1668,11:06:36,11.43,-0.01,202,230886,卖盘
1669,11:06:30,11.44,--,3,3432,买盘
1670,11:06:27,11.44,--,19,21736,买盘
1671,11:06:21,11.44,0.01,1,1144,买盘
1672,11:06:12,11.43,-0.01,7,8001,卖盘
1673,11:06:09,11.44,--,5,5720,买盘
1674,11:06:00,11.44,--,10,11440,买盘
1675,11:05:57,11.44,--,254,290576,买盘
1676,11:05:54,11.44,0.01,5,5720,买盘
1677,11:05:48,11.43,-0.01,2,2286,卖盘
1678,11:05:45,11.44,--,23,26312,买盘
1679,11:05:42,11.44,--,4,4576,买盘
1680,11:05:39,11.44,--,41,46904,买盘
1681,11:05:36,11.44,--,5,5720,买盘
1682,11:05:33,11.44,--,12,13728,卖盘
1683,11:05:30,11.44,--,45,51480,买盘
1684,11:05:27,11.44,--,56,64064,买盘
1685,11:05:24,11.44,--,27,30888,买盘
1686,11:05:21,11.44,0.01,5,5720,买盘
1687,11:05:15,11.43,-0.01,25,28575,卖盘
1688,11:05:12,11.44,--,15,17160,买盘
1689,11:05:09,11.44,--,5,5720,买盘
1690,11:05:06,11.44,0.01,115,131560,买盘
1691,11:05:03,11.43,--,1,1143,卖盘
1692,11:05:00,11.43,-0.02,81,92583,卖盘
1693,11:04:57,11.45,--,2,2290,买盘
1694,11:04:45,11.45,0.02,26,29769,买盘
1695,11:04:42,11.43,-0.02,50,57150,卖盘
1696,11:04:39,11.45,0.01,28,32059,买盘
1697,11:04:36,11.44,-0.01,132,151008,中性盘
1698,11:04:33,11.45,0.02,30,34350,买盘
1699,11:04:18,11.43,-0.01,13,14859,卖盘
1700,11:04:12,11.44,--,9,10296,买盘
1701,11:04:09,11.44,--,20,22880,买盘
1702,11:04:03,11.44,0.02,2,2288,买盘
1703,11:03:57,11.42,-0.01,15,17130,卖盘
1704,11:03:51,11.43,--,45,51435,买盘
1705,11:03:48,11.43,0.01,30,34290,买盘
1706,11:03:42,11.42,-0.01,30,34260,卖盘
1707,11:03:39,11.43,--,12,13716,买盘
1708,11:03:36,11.43,--,38,43434,买盘
1709,11:03:33,11.43,--,28,32004,买盘
1710,11:03:30,11.43,0.02,201,229743,买盘
1711,11:03:24,11.41,-0.01,8,9150,卖盘
1712,11:03:21,11.42,--,2,2284,买盘
1713,11:03:18,11.42,0.01,21,23982,买盘
1714,11:03:15,11.41,-0.01,17,19397,卖盘
1715,11:03:12,11.42,0.02,26,29692,买盘
1716,11:03:09,11.4,--,1,1140,卖盘
1717,11:03:06,11.4,--,4,4560,卖盘
1718,11:03:03,11.4,--,26,29640,卖盘
1719,11:03:00,11.4,--,176,200913,买盘
1720,11:02:57,11.4,--,25,28500,买盘
1721,11:02:54,11.4,--,1010,1151400,买盘
1722,11:02:51,11.4,--,50,57000,买盘
1723,11:02:48,11.4,--,68,77520,买盘
1724,11:02:45,11.4,--,405,461700,买盘
1725,11:02:42,11.4,--,29,33060,买盘
1726,11:02:39,11.4,--,6,6840,买盘
1727,11:02:36,11.4,--,6,6840,买盘
1728,11:02:33,11.4,--,10,11400,买盘
1729,11:02:27,11.4,--,39,44460,买盘
1730,11:02:24,11.4,0.01,29,33060,买盘
1731,11:02:21,11.39,--,41,46699,卖盘
1732,11:02:18,11.39,-0.01,47,53533,卖盘
1733,11:02:15,11.4,--,50,57000,买盘
1734,11:02:12,11.4,--,5,5700,买盘
1735,11:02:06,11.4,0.01,60,68400,买盘
1736,11:02:03,11.39,--,1,1139,卖盘
1737,11:02:00,11.39,-0.01,11,12529,卖盘
1738,11:01:54,11.4,--,285,324900,买盘
1739,11:01:51,11.4,--,10,11400,买盘
1740,11:01:42,11.4,--,26,29640,买盘
1741,11:01:39,11.4,--,21,23940,买盘
1742,11:01:36,11.4,0.01,27,30780,买盘
1743,11:01:33,11.39,--,11,12529,卖盘
1744,11:01:30,11.39,-0.01,25,28475,卖盘
1745,11:01:24,11.4,--,38,43320,买盘
1746,11:01:21,11.4,--,96,109440,买盘
1747,11:01:15,11.4,--,4,4560,买盘
1748,11:01:12,11.4,0.01,47,53580,买盘
1749,11:01:06,11.39,--,3,3417,卖盘
1750,11:01:03,11.39,-0.01,19,21641,卖盘
1751,11:01:00,11.4,--,6,6840,买盘
1752,11:00:54,11.4,--,27,30780,买盘
1753,11:00:51,11.4,--,13,14820,买盘
1754,11:00:48,11.4,--,93,106020,买盘
1755,11:00:45,11.4,--,37,42180,买盘
1756,11:00:42,11.4,0.01,50,57000,买盘
1757,11:00:39,11.39,-0.01,33,37587,卖盘
1758,11:00:36,11.4,0.01,10,11400,买盘
1759,11:00:30,11.39,-0.01,1,1139,卖盘
1760,11:00:27,11.4,--,47,53580,买盘
1761,11:00:24,11.4,--,3,3420,买盘
1762,11:00:18,11.4,0.01,5,5700,买盘
1763,11:00:12,11.39,--,23,26197,卖盘
1764,11:00:09,11.39,--,2,2278,卖盘
1765,11:00:03,11.39,-0.01,25,28475,卖盘
1766,11:00:00,11.4,--,30,34200,买盘
1767,10:59:57,11.4,--,5,5700,买盘
1768,10:59:54,11.4,--,56,63840,买盘
1769,10:59:51,11.4,--,160,182400,买盘
1770,10:59:45,11.4,--,27,30780,买盘
1771,10:59:42,11.4,0.01,21,24168,买盘
1772,10:59:39,11.39,--,26,29614,卖盘
1773,10:59:36,11.39,-0.01,5,5695,卖盘
1774,10:59:33,11.4,--,1,1140,买盘
1775,10:59:30,11.4,0.01,44,50160,买盘
1776,10:59:27,11.39,-0.01,92,105243,卖盘
1777,10:59:24,11.4,0.01,2,2280,买盘
1778,10:59:21,11.39,-0.01,26,29614,卖盘
1779,10:59:18,11.4,0.01,3,3420,买盘
1780,10:59:12,11.39,-0.01,33,37587,卖盘
1781,10:59:09,11.4,--,38,43320,买盘
1782,10:59:06,11.4,--,7,7980,买盘
1783,10:59:03,11.4,--,5,5700,买盘
1784,10:59:00,11.4,--,50,57000,买盘
1785,10:58:54,11.4,--,29,33060,买盘
1786,10:58:51,11.4,--,50,57000,买盘
1787,10:58:48,11.4,--,12,13680,买盘
1788,10:58:42,11.4,--,5,5700,买盘
1789,10:58:33,11.4,--,2,2280,买盘
1790,10:58:30,11.4,--,38,43320,买盘
1791,10:58:27,11.4,--,13,14820,买盘
1792,10:58:21,11.4,0.01,5,5700,买盘
1793,10:58:15,11.39,-0.01,1,1139,卖盘
1794,10:58:12,11.4,--,34,38760,买盘
1795,10:58:09,11.4,0.01,20,22800,买盘
1796,10:58:06,11.39,-0.01,10,11390,卖盘
1797,10:58:03,11.4,--,1,1140,买盘
1798,10:57:57,11.4,--,2,2280,买盘
1799,10:57:54,11.4,--,27,30780,买盘
1800,10:57:51,11.4,--,12,13680,买盘
1801,10:57:48,11.4,--,7,7980,买盘
1802,10:57:45,11.4,--,43,49020,买盘
1803,10:57:42,11.4,--,5,5700,买盘
1804,10:57:39,11.4,0.01,60,68400,买盘
1805,10:57:36,11.39,-0.01,81,92259,卖盘
1806,10:57:27,11.4,0.01,71,80940,买盘
1807,10:57:21,11.39,-0.01,53,60367,卖盘
1808,10:57:18,11.4,--,95,108300,买盘
1809,10:57:12,11.4,--,15,17100,买盘
1810,10:57:09,11.4,--,28,31920,买盘
1811,10:57:06,11.4,--,29,33060,买盘
1812,10:57:00,11.4,--,6,6840,买盘
1813,10:56:57,11.4,--,36,41040,买盘
1814,10:56:54,11.4,--,20,22800,买盘
1815,10:56:51,11.4,0.01,10,11400,买盘
1816,10:56:48,11.39,-0.01,138,157182,卖盘
1817,10:56:42,11.4,0.01,5,5700,买盘
1818,10:56:39,11.39,-0.01,52,59228,卖盘
1819,10:56:36,11.4,--,10,11400,买盘
1820,10:56:30,11.4,--,22,25080,买盘
1821,10:56:27,11.4,--,60,68400,买盘
1822,10:56:24,11.4,--,27,30780,买盘
1823,10:56:12,11.4,--,162,184680,买盘
1824,10:56:06,11.4,0.01,20,22800,买盘
1825,10:56:00,11.39,-0.01,19,21641,卖盘
1826,10:55:57,11.4,--,40,45600,买盘
1827,10:55:54,11.4,--,49,55860,买盘
1828,10:55:51,11.4,--,2,2280,买盘
1829,10:55:42,11.4,--,8,9120,买盘
1830,10:55:36,11.4,0.01,15,17100,买盘
1831,10:55:33,11.39,--,16,18224,卖盘
1832,10:55:30,11.39,-0.01,4,4556,卖盘
1833,10:55:27,11.4,--,29,33060,买盘
1834,10:55:24,11.4,0.01,87,99180,买盘
1835,10:55:21,11.39,-0.01,2,2278,卖盘
1836,10:55:18,11.4,--,20,22800,买盘
1837,10:55:15,11.4,--,93,106020,买盘
1838,10:55:12,11.4,--,25,28500,买盘
1839,10:55:09,11.4,--,37,42180,买盘
1840,10:55:03,11.4,--,46,52440,买盘
1841,10:55:00,11.4,--,51,58140,买盘
1842,10:54:57,11.4,--,131,149340,买盘
1843,10:54:54,11.4,0.01,38,43320,买盘
1844,10:54:51,11.39,-0.01,2,2278,卖盘
1845,10:54:48,11.4,--,28,31920,买盘
1846,10:54:45,11.4,--,69,78660,买盘
1847,10:54:42,11.4,--,24,27360,买盘
1848,10:54:39,11.4,--,12,13680,买盘
1849,10:54:36,11.4,--,20,22800,买盘
1850,10:54:33,11.4,-0.01,617,704246,卖盘
1851,10:54:27,11.41,--,3,3423,买盘
1852,10:54:24,11.41,--,29,33089,买盘
1853,10:54:21,11.41,--,38,43358,买盘
1854,10:54:15,11.41,--,2,2282,买盘
1855,10:54:12,11.41,--,7,7987,买盘
1856,10:54:09,11.41,--,20,22820,中性盘
1857,10:54:06,11.41,--,4,4564,卖盘
1858,10:54:03,11.41,--,1,1141,卖盘
1859,10:54:00,11.41,--,16,18256,卖盘
1860,10:53:57,11.41,--,30,34230,买盘
1861,10:53:51,11.41,--,41,46781,卖盘
1862,10:53:45,11.41,-0.01,58,66178,卖盘
1863,10:53:42,11.42,0.01,5,5710,买盘
1864,10:53:36,11.41,--,18,20538,卖盘
1865,10:53:30,11.41,--,39,44499,买盘
1866,10:53:27,11.41,--,1,1141,买盘
1867,10:53:12,11.41,0.01,5,5705,买盘
1868,10:53:09,11.4,--,8,9120,卖盘
1869,10:53:03,11.4,--,1,1140,卖盘
1870,10:53:00,11.4,--,19,21660,卖盘
1871,10:52:57,11.4,--,121,138213,买盘
1872,10:52:54,11.4,0.01,2,2280,买盘
1873,10:52:51,11.39,-0.01,10,11390,卖盘
1874,10:52:42,11.4,--,10,11400,买盘
1875,10:52:39,11.4,0.01,66,75240,买盘
1876,10:52:36,11.39,-0.01,89,101371,卖盘
1877,10:52:33,11.4,--,34,38760,买盘
1878,10:52:30,11.4,--,130,148200,买盘
1879,10:52:27,11.4,--,114,129960,买盘
1880,10:52:24,11.4,0.01,56,63840,买盘
1881,10:52:21,11.39,-0.01,2,2278,卖盘
1882,10:52:18,11.4,0.01,18,20520,买盘
1883,10:52:12,11.39,-0.01,30,34170,卖盘
1884,10:52:06,11.4,--,16,18240,买盘
1885,10:52:03,11.4,--,58,66986,卖盘
1886,10:52:00,11.4,--,1,1140,卖盘
1887,10:51:57,11.4,--,40,45873,买盘
1888,10:51:54,11.4,--,328,373920,买盘
1889,10:51:51,11.4,--,45,51300,买盘
1890,10:51:48,11.4,--,10,11400,买盘
1891,10:51:45,11.4,--,15,17100,买盘
1892,10:51:42,11.4,--,85,96900,买盘
1893,10:51:36,11.4,--,132,150480,买盘
1894,10:51:33,11.4,0.01,27,30780,买盘
1895,10:51:30,11.39,-0.01,3,3417,卖盘
1896,10:51:24,11.4,--,1,1140,买盘
1897,10:51:21,11.4,--,7,7980,买盘
1898,10:51:18,11.4,0.01,50,57000,买盘
1899,10:51:15,11.39,-0.01,9,10251,卖盘
1900,10:51:12,11.4,--,50,57000,买盘
1901,10:51:09,11.4,0.01,4,4560,买盘
1902,10:51:06,11.39,-0.01,1,1139,卖盘
1903,10:51:03,11.4,-0.01,1556,1774706,卖盘
1904,10:50:54,11.41,--,43,49063,买盘
1905,10:50:51,11.41,0.01,25,28525,买盘
1906,10:50:48,11.4,-0.02,17,19380,卖盘
1907,10:50:45,11.42,0.01,77,87934,买盘
1908,10:50:42,11.41,--,27,30807,买盘
1909,10:50:39,11.41,-0.01,43,49063,卖盘
1910,10:50:33,11.42,0.01,105,119910,买盘
1911,10:50:24,11.41,-0.01,19,21679,卖盘
1912,10:50:21,11.42,--,12,13704,买盘
1913,10:50:18,11.42,--,39,44538,买盘
1914,10:50:12,11.42,--,76,86792,买盘
1915,10:50:09,11.42,--,14,15988,买盘
1916,10:50:06,11.42,--,5,5710,买盘
1917,10:50:03,11.42,--,5,5710,买盘
1918,10:50:00,11.42,0.01,7,7994,买盘
1919,10:49:54,11.41,-0.01,18,20538,卖盘
1920,10:49:51,11.42,--,78,89076,买盘
1921,10:49:48,11.42,--,23,26266,买盘
1922,10:49:42,11.42,0.01,5,5710,买盘
1923,10:49:33,11.41,0.01,14,15974,买盘
1924,10:49:30,11.4,-0.01,2,2280,卖盘
1925,10:49:24,11.41,0.01,20,22820,买盘
1926,10:49:21,11.4,-0.01,137,156180,卖盘
1927,10:49:12,11.41,--,5,5705,买盘
1928,10:49:06,11.41,0.01,3,3423,买盘
1929,10:49:03,11.4,-0.01,100,114000,卖盘
1930,10:49:00,11.41,0.01,20,22820,买盘
1931,10:48:57,11.4,--,30,34200,卖盘
1932,10:48:54,11.4,--,16,18240,卖盘
1933,10:48:51,11.4,-0.01,55,62700,卖盘
1934,10:48:48,11.41,-0.01,33,37653,卖盘
1935,10:48:42,11.42,0.01,5,5710,买盘
1936,10:48:36,11.41,--,4,4564,卖盘
1937,10:48:33,11.41,-0.01,17,19397,卖盘
1938,10:48:27,11.42,0.01,3,3426,买盘
1939,10:48:21,11.41,--,50,57050,卖盘
1940,10:48:12,11.41,0.01,172,196252,中性盘
1941,10:48:06,11.4,--,2,2280,卖盘
1942,10:48:03,11.4,--,70,80073,买盘
1943,10:48:00,11.4,--,23,26220,买盘
1944,10:47:57,11.4,-0.02,2413,2751686,卖盘
1945,10:47:54,11.42,0.01,10,11420,买盘
1946,10:47:51,11.41,--,50,57050,卖盘
1947,10:47:45,11.41,--,16,18256,卖盘
1948,10:47:42,11.41,-0.01,7,7987,卖盘
1949,10:47:39,11.42,--,3,3426,买盘
1950,10:47:36,11.42,--,6,6852,买盘
1951,10:47:33,11.42,0.01,3,3426,买盘
1952,10:47:21,11.41,-0.01,112,127792,卖盘
1953,10:47:18,11.42,--,28,31976,买盘
1954,10:47:15,11.42,0.01,10,11420,买盘
1955,10:47:12,11.41,-0.01,34,38794,卖盘
1956,10:47:09,11.42,--,32,36544,买盘
1957,10:47:00,11.42,--,3,3426,买盘
1958,10:46:57,11.42,--,28,31976,买盘
1959,10:46:54,11.42,--,4,4568,买盘
1960,10:46:51,11.42,--,77,87934,买盘
1961,10:46:48,11.42,--,9,10278,买盘
1962,10:46:45,11.42,--,61,69662,买盘
1963,10:46:42,11.42,--,28,31976,买盘
1964,10:46:39,11.42,-0.03,270,308340,卖盘
1965,10:46:30,11.45,0.03,19,21755,买盘
1966,10:46:27,11.42,--,137,156454,卖盘
1967,10:46:24,11.42,-0.01,29,33118,卖盘
1968,10:46:21,11.43,-0.01,10,11430,卖盘
1969,10:46:18,11.44,0.01,6,6864,买盘
1970,10:46:15,11.43,-0.01,22,25146,卖盘
1971,10:46:12,11.44,--,22,25168,买盘
1972,10:46:00,11.44,--,34,38896,买盘
1973,10:45:54,11.44,0.01,24,27456,买盘
1974,10:45:51,11.43,0.01,65,74295,卖盘
1975,10:45:48,11.42,-0.02,113,129046,卖盘
1976,10:45:45,11.44,--,7,8008,买盘
1977,10:45:42,11.44,0.01,23,26312,买盘
1978,10:45:39,11.43,--,9,10287,买盘
1979,10:45:36,11.43,0.01,25,28575,买盘
1980,10:45:33,11.42,-0.01,135,154170,卖盘
1981,10:45:30,11.43,0.01,26,29718,买盘
1982,10:45:27,11.42,-0.01,8,9136,卖盘
1983,10:45:21,11.43,--,80,91440,买盘
1984,10:45:18,11.43,0.01,9,10287,买盘
1985,10:45:15,11.42,--,35,39970,卖盘
1986,10:45:12,11.42,-0.01,588,671496,卖盘
1987,10:45:09,11.43,0.01,12,13716,买盘
1988,10:45:06,11.42,-0.01,57,65094,卖盘
1989,10:45:03,11.43,0.01,11,12573,买盘
1990,10:44:54,11.42,--,40,45680,卖盘
1991,10:44:51,11.42,--,13,14846,卖盘
1992,10:44:45,11.42,--,4,4568,卖盘
1993,10:44:42,11.42,--,16,18272,卖盘
1994,10:44:39,11.42,--,18,20556,卖盘
1995,10:44:33,11.42,--,8,9136,卖盘
1996,10:44:30,11.42,--,6,6852,卖盘
1997,10:44:27,11.42,-0.01,5,5710,卖盘
1998,10:44:21,11.43,0.01,4,4572,买盘
1999,10:44:18,11.42,--,7,7994,卖盘
2000,10:44:15,11.42,-0.01,20,22840,卖盘
2001,10:44:12,11.43,0.01,9,10287,中性盘
2002,10:44:03,11.42,--,31,35402,卖盘
2003,10:43:54,11.42,-0.02,3,3426,卖盘
2004,10:43:51,11.44,0.02,281,321464,买盘
2005,10:43:45,11.42,--,5,5710,卖盘
2006,10:43:42,11.42,--,23,26266,卖盘
2007,10:43:39,11.42,--,1,1142,买盘
2008,10:43:36,11.42,0.01,10,11420,买盘
2009,10:43:30,11.41,--,2,2282,卖盘
2010,10:43:27,11.41,-0.01,7,7987,卖盘
2011,10:43:21,11.42,--,2,2284,买盘
2012,10:43:18,11.42,0.01,14,15988,买盘
2013,10:43:15,11.41,-0.01,18,20538,卖盘
2014,10:43:12,11.42,0.01,5,5710,买盘
2015,10:43:09,11.41,--,33,37653,卖盘
2016,10:43:03,11.41,--,1,1141,卖盘
2017,10:42:57,11.41,-0.01,6,7233,卖盘
2018,10:42:54,11.42,0.01,20,22840,买盘
2019,10:42:51,11.41,-0.01,25,28525,卖盘
2020,10:42:42,11.42,0.01,6,6852,买盘
2021,10:42:39,11.41,--,15,17115,卖盘
2022,10:42:36,11.41,--,26,29666,买盘
2023,10:42:33,11.41,0.01,2,2282,买盘
2024,10:42:30,11.4,-0.01,17,19380,卖盘
2025,10:42:27,11.41,--,4,4564,买盘
2026,10:42:24,11.41,--,14,15974,卖盘
2027,10:42:21,11.41,--,7,7987,买盘
2028,10:42:18,11.41,--,8,9128,买盘
2029,10:42:12,11.41,0.01,22,25102,买盘
2030,10:42:06,11.4,--,3,3420,卖盘
2031,10:42:03,11.4,--,11,12540,卖盘
2032,10:41:57,11.4,--,17,19380,卖盘
2033,10:41:54,11.4,--,6,6840,卖盘
2034,10:41:48,11.4,-0.01,30,34200,卖盘
2035,10:41:45,11.41,0.01,8,9128,中性盘
2036,10:41:42,11.4,-0.02,92,104880,卖盘
2037,10:41:33,11.42,0.02,4,4568,买盘
2038,10:41:30,11.4,-0.01,50,57000,卖盘
2039,10:41:27,11.41,--,18,20538,卖盘
2040,10:41:21,11.41,--,4,4564,卖盘
2041,10:41:18,11.41,--,48,54768,买盘
2042,10:41:12,11.41,0.01,5,5705,买盘
2043,10:41:06,11.4,-0.01,17,19380,卖盘
2044,10:41:03,11.41,0.01,1,1141,买盘
2045,10:41:00,11.4,-0.01,421,479940,卖盘
2046,10:40:57,11.41,-0.01,3,3423,卖盘
2047,10:40:54,11.42,--,11,12562,买盘
2048,10:40:51,11.42,0.01,1,1142,买盘
2049,10:40:45,11.41,-0.01,113,128933,卖盘
2050,10:40:42,11.42,0.01,23,26266,买盘
2051,10:40:36,11.41,--,60,68460,卖盘
2052,10:40:33,11.41,--,40,45640,卖盘
2053,10:40:30,11.41,-0.01,10,11410,卖盘
2054,10:40:24,11.42,--,40,45680,买盘
2055,10:40:18,11.42,--,28,31976,买盘
2056,10:40:15,11.42,--,180,205560,买盘
2057,10:40:12,11.42,--,208,237536,买盘
2058,10:40:09,11.42,--,120,137040,卖盘
2059,10:40:03,11.42,-0.01,5,5710,卖盘
2060,10:39:51,11.43,0.01,1,1143,买盘
2061,10:39:48,11.42,--,27,30834,卖盘
2062,10:39:45,11.42,-0.01,5,5710,卖盘
2063,10:39:42,11.43,0.01,6,6858,买盘
2064,10:39:39,11.42,-0.01,204,232968,卖盘
2065,10:39:33,11.43,0.01,8,9144,买盘
2066,10:39:30,11.42,--,17,19414,卖盘
2067,10:39:27,11.42,-0.01,2,2284,卖盘
2068,10:39:21,11.43,--,10,11430,买盘
2069,10:39:12,11.43,--,30,34290,买盘
2070,10:39:06,11.43,0.01,30,34290,买盘
2071,10:39:03,11.42,-0.01,4,4568,卖盘
2072,10:38:57,11.43,--,47,53721,买盘
2073,10:38:51,11.43,--,68,77724,买盘
2074,10:38:48,11.43,--,8,9144,买盘
2075,10:38:42,11.43,0.01,5,5715,买盘
2076,10:38:39,11.42,--,18,20556,卖盘
2077,10:38:36,11.42,-0.01,25,28550,卖盘
2078,10:38:33,11.43,--,10,11430,买盘
2079,10:38:30,11.43,--,1,1143,买盘
2080,10:38:24,11.43,--,15,17145,买盘
2081,10:38:21,11.43,--,25,28575,买盘
2082,10:38:18,11.43,-0.01,36,41148,卖盘
2083,10:38:15,11.44,--,48,54912,买盘
2084,10:38:12,11.44,--,5,5720,买盘
2085,10:38:09,11.44,--,3,3432,买盘
2086,10:38:06,11.44,--,1,1144,买盘
2087,10:38:03,11.44,--,6,6864,卖盘
2088,10:38:00,11.44,--,28,32032,卖盘
2089,10:37:54,11.44,0.01,35,40040,买盘
2090,10:37:51,11.43,--,30,34290,卖盘
2091,10:37:48,11.43,-0.01,10,11430,卖盘
2092,10:37:42,11.44,0.01,5,5720,买盘
2093,10:37:30,11.43,--,2,2286,卖盘
2094,10:37:27,11.43,0.01,17,19431,中性盘
2095,10:37:15,11.42,-0.02,4,4568,卖盘
2096,10:37:12,11.44,0.01,15,17160,买盘
2097,10:37:09,11.43,--,2,2286,买盘
2098,10:37:06,11.43,--,9,10287,买盘
2099,10:37:03,11.43,--,2,2286,买盘
2100,10:37:00,11.43,--,15,17145,买盘
2101,10:36:57,11.43,--,31,35433,卖盘
2102,10:36:51,11.43,0.01,19,21717,买盘
2103,10:36:45,11.42,-0.02,2,2284,卖盘
2104,10:36:42,11.44,0.02,5,5720,买盘
2105,10:36:36,11.42,--,100,114200,卖盘
2106,10:36:30,11.42,--,100,114200,卖盘
2107,10:36:27,11.42,--,19,21698,卖盘
2108,10:36:21,11.42,-0.02,4,4568,卖盘
2109,10:36:12,11.44,0.02,5,5720,买盘
2110,10:36:06,11.42,0.01,25,28550,中性盘
2111,10:36:03,11.41,-0.01,41,46781,卖盘
2112,10:35:57,11.42,-0.02,3,3426,卖盘
2113,10:35:51,11.44,--,5,5720,买盘
2114,10:35:42,11.44,--,5,5720,买盘
2115,10:35:39,11.44,0.01,3,3432,买盘
2116,10:35:36,11.43,-0.01,3,3429,中性盘
2117,10:35:33,11.44,-0.02,52,59488,中性盘
2118,10:35:30,11.46,0.05,1000,1146000,买盘
2119,10:35:15,11.41,--,43,49063,卖盘
2120,10:35:12,11.41,--,7,7987,卖盘
2121,10:35:09,11.41,-0.01,10,11410,卖盘
2122,10:35:06,11.42,--,22,25124,买盘
2123,10:35:03,11.42,--,7,7994,买盘
2124,10:35:00,11.42,--,53,60526,卖盘
2125,10:34:54,11.42,-0.01,3,3426,卖盘
2126,10:34:51,11.43,0.01,104,118872,买盘
2127,10:34:48,11.42,--,17,19414,卖盘
2128,10:34:45,11.42,-0.01,19,21698,卖盘
2129,10:34:42,11.43,0.01,8,9144,买盘
2130,10:34:39,11.42,-0.01,1,1142,卖盘
2131,10:34:36,11.43,0.01,86,98298,买盘
2132,10:34:33,11.42,--,5,5710,卖盘
2133,10:34:24,11.42,--,37,42254,卖盘
2134,10:34:18,11.42,-0.01,9,10278,卖盘
2135,10:34:12,11.43,0.01,5,5715,买盘
2136,10:34:09,11.42,--,6,6852,卖盘
2137,10:34:03,11.42,--,1,1142,卖盘
2138,10:34:00,11.42,0.01,26,29692,买盘
2139,10:33:54,11.41,--,2,2282,卖盘
2140,10:33:48,11.41,-0.01,31,35371,卖盘
2141,10:33:42,11.42,--,40,45680,买盘
2142,10:33:39,11.42,0.02,10,11420,买盘
2143,10:33:36,11.4,-0.01,57,64980,卖盘
2144,10:33:27,11.41,-0.02,25,28525,卖盘
2145,10:33:24,11.43,0.03,31,35433,买盘
2146,10:33:21,11.4,-0.01,54,61560,卖盘
2147,10:33:18,11.41,--,10,11410,卖盘
2148,10:33:15,11.41,0.01,227,259007,买盘
2149,10:33:12,11.4,--,47,53580,卖盘
2150,10:33:09,11.4,-0.03,164,186960,卖盘
2151,10:33:06,11.43,--,5,5715,买盘
2152,10:33:00,11.43,0.02,29,33147,买盘
2153,10:32:57,11.41,-0.02,3,3423,卖盘
2154,10:32:51,11.43,0.03,2,2286,买盘
2155,10:32:45,11.4,--,54,62586,买盘
2156,10:32:42,11.4,0.01,67,76380,买盘
2157,10:32:39,11.39,-0.01,52,59228,卖盘
2158,10:32:36,11.4,--,53,60420,买盘
2159,10:32:33,11.4,--,8,9120,买盘
2160,10:32:30,11.4,--,23,26220,买盘
2161,10:32:27,11.4,--,22,25080,买盘
2162,10:32:24,11.4,--,54,61560,买盘
2163,10:32:21,11.4,--,4,4560,买盘
2164,10:32:18,11.4,--,27,30780,买盘
2165,10:32:15,11.4,-0.05,869,990660,卖盘
2166,10:32:12,11.45,0.03,6,6870,买盘
2167,10:32:09,11.42,0.02,4,4568,中性盘
2168,10:32:06,11.4,-0.02,1957,2230980,卖盘
2169,10:32:03,11.42,--,16,18272,卖盘
2170,10:31:54,11.42,--,350,399700,买盘
2171,10:31:51,11.42,--,9,10278,买盘
2172,10:31:48,11.42,0.01,63,71946,买盘
2173,10:31:45,11.41,-0.01,7,7987,卖盘
2174,10:31:42,11.42,--,37,42254,买盘
2175,10:31:36,11.42,0.01,46,52532,买盘
2176,10:31:33,11.41,--,61,69601,卖盘
2177,10:31:24,11.41,--,40,45640,卖盘
2178,10:31:21,11.41,-0.01,2,2282,卖盘
2179,10:31:15,11.42,--,10,11420,买盘
2180,10:31:12,11.42,0.01,59,67378,买盘
2181,10:31:03,11.41,-0.01,14,15974,卖盘
2182,10:31:00,11.42,--,2,2284,买盘
2183,10:30:54,11.42,0.01,10,11420,买盘
2184,10:30:51,11.41,-0.01,18,20538,卖盘
2185,10:30:48,11.42,0.01,70,79940,买盘
2186,10:30:45,11.41,-0.01,4,4564,卖盘
2187,10:30:42,11.42,--,5,5710,买盘
2188,10:30:39,11.42,0.01,147,167874,买盘
2189,10:30:27,11.41,-0.01,5,5705,卖盘
2190,10:30:24,11.42,0.01,100,114200,买盘
2191,10:30:18,11.41,--,30,34230,卖盘
2192,10:30:15,11.41,-0.01,200,228200,卖盘
2193,10:30:12,11.42,--,43,49106,买盘
2194,10:30:06,11.42,0.01,4,4568,买盘
2195,10:30:03,11.41,--,1,1141,卖盘
2196,10:30:00,11.41,--,27,30807,卖盘
2197,10:29:54,11.41,-0.01,17,19397,卖盘
2198,10:29:51,11.42,--,100,114200,买盘
2199,10:29:45,11.42,--,5,5710,买盘
2200,10:29:42,11.42,--,8,9136,买盘
2201,10:29:39,11.42,--,10,11420,买盘
2202,10:29:36,11.42,-0.01,34,38828,卖盘
2203,10:29:33,11.43,0.01,10,11430,买盘
2204,10:29:30,11.42,--,18,20556,卖盘
2205,10:29:21,11.42,0.01,8,9136,买盘
2206,10:29:18,11.41,--,11,12551,买盘
2207,10:29:15,11.41,--,6,6846,买盘
2208,10:29:12,11.41,--,7,7987,买盘
2209,10:29:09,11.41,--,8,9128,买盘
2210,10:29:06,11.41,0.01,27,30807,买盘
2211,10:29:03,11.4,--,1,1140,卖盘
2212,10:29:00,11.4,-0.01,51,58140,卖盘
2213,10:28:57,11.41,--,60,68460,买盘
2214,10:28:54,11.41,--,17,19397,买盘
2215,10:28:48,11.41,--,41,46781,买盘
2216,10:28:42,11.41,--,5,5705,买盘
2217,10:28:36,11.41,--,18,20538,买盘
2218,10:28:33,11.41,--,50,57050,买盘
2219,10:28:27,11.41,0.01,313,357133,买盘
2220,10:28:24,11.4,--,22,25080,卖盘
2221,10:28:21,11.4,--,82,93480,买盘
2222,10:28:18,11.4,--,90,102600,买盘
2223,10:28:15,11.4,--,10,11400,买盘
2224,10:28:12,11.4,--,262,298680,买盘
2225,10:28:09,11.4,--,1,1140,买盘
2226,10:28:06,11.4,--,4,4560,买盘
2227,10:28:03,11.4,--,31,35340,买盘
2228,10:28:00,11.4,--,39,44460,买盘
2229,10:27:57,11.4,--,47,53580,买盘
2230,10:27:51,11.4,--,29,33060,买盘
2231,10:27:48,11.4,--,17,19380,买盘
2232,10:27:45,11.4,--,49,55860,买盘
2233,10:27:42,11.4,-0.01,369,420660,卖盘
2234,10:27:36,11.41,0.01,55,62755,买盘
2235,10:27:33,11.4,--,33,37620,买盘
2236,10:27:30,11.4,--,222,253080,买盘
2237,10:27:27,11.4,--,25,28500,买盘
2238,10:27:24,11.4,--,25,28500,买盘
2239,10:27:21,11.4,--,20,22800,买盘
2240,10:27:15,11.4,--,14,15960,买盘
2241,10:27:12,11.4,--,13,14820,买盘
2242,10:27:09,11.4,--,63,71820,买盘
2243,10:27:06,11.4,--,4,4560,买盘
2244,10:27:03,11.4,0.01,143,163020,买盘
2245,10:27:00,11.39,-0.01,48,54672,卖盘
2246,10:26:54,11.4,-0.01,449,511939,卖盘
2247,10:26:48,11.41,--,14,15974,买盘
2248,10:26:45,11.41,--,90,102690,买盘
2249,10:26:42,11.41,--,25,28525,买盘
2250,10:26:39,11.41,-0.01,51,58191,卖盘
2251,10:26:36,11.42,0.01,66,75372,买盘
2252,10:26:33,11.41,-0.01,13,14833,中性盘
2253,10:26:27,11.42,--,103,117626,买盘
2254,10:26:24,11.42,0.02,1,1142,买盘
2255,10:26:18,11.4,-0.02,15,17100,卖盘
2256,10:26:15,11.42,-0.01,10,11420,卖盘
2257,10:26:12,11.43,--,7,8001,买盘
2258,10:26:09,11.43,--,6,6858,买盘
2259,10:26:06,11.43,0.02,48,54864,买盘
2260,10:26:03,11.41,-0.01,1,1141,卖盘
2261,10:26:00,11.42,0.01,50,57100,买盘
2262,10:25:57,11.41,-0.01,281,320621,卖盘
2263,10:25:54,11.42,--,12,13704,买盘
2264,10:25:51,11.42,0.01,16,18272,买盘
2265,10:25:45,11.41,--,4,4564,卖盘
2266,10:25:42,11.41,--,35,39935,卖盘
2267,10:25:39,11.41,-0.01,31,35371,卖盘
2268,10:25:27,11.42,-0.01,35,39970,卖盘
2269,10:25:24,11.43,0.01,9,10287,买盘
2270,10:25:21,11.42,-0.01,3,3426,卖盘
2271,10:25:12,11.43,0.01,5,5715,买盘
2272,10:25:06,11.42,0.02,6,6852,买盘
2273,10:25:03,11.4,--,18,20520,卖盘
2274,10:25:00,11.4,--,23,27280,买盘
2275,10:24:57,11.4,--,69,78660,买盘
2276,10:24:54,11.4,--,16,18240,买盘
2277,10:24:51,11.4,--,63,71820,买盘
2278,10:24:48,11.4,-0.03,329,375139,卖盘
2279,10:24:42,11.43,0.03,27,30861,买盘
2280,10:24:39,11.4,-0.02,1936,2207040,卖盘
2281,10:24:36,11.42,--,125,142750,卖盘
2282,10:24:33,11.42,-0.01,71,81082,卖盘
2283,10:24:30,11.43,0.01,335,382905,买盘
2284,10:24:27,11.42,-0.01,62,70804,卖盘
2285,10:24:24,11.43,--,17,19431,买盘
2286,10:24:21,11.43,0.01,9,10287,买盘
2287,10:24:18,11.42,-0.03,104,119087,卖盘
2288,10:24:12,11.45,0.01,43,50059,买盘
2289,10:24:09,11.44,-0.01,281,321784,卖盘
2290,10:24:06,11.45,--,3,3435,买盘
2291,10:24:00,11.45,-0.02,5,5725,卖盘
2292,10:23:57,11.47,0.03,103,118141,买盘
2293,10:23:54,11.44,-0.01,62,70928,卖盘
2294,10:23:51,11.45,0.01,33,37785,买盘
2295,10:23:48,11.44,-0.01,10,11440,卖盘
2296,10:23:45,11.45,--,10,11450,买盘
2297,10:23:42,11.45,--,115,132499,买盘
2298,10:23:39,11.45,--,5,5725,买盘
2299,10:23:36,11.45,0.01,118,135110,买盘
2300,10:23:30,11.44,--,20,22880,卖盘
2301,10:23:27,11.44,--,41,46904,卖盘
2302,10:23:18,11.44,--,1,1144,买盘
2303,10:23:12,11.44,--,5,5720,买盘
2304,10:23:09,11.44,-0.01,910,1041040,卖盘
2305,10:23:06,11.45,0.01,366,419070,买盘
2306,10:23:00,11.44,--,2,2288,买盘
2307,10:22:57,11.44,--,4,4576,买盘
2308,10:22:54,11.44,--,190,217360,买盘
2309,10:22:51,11.44,--,10,11440,买盘
2310,10:22:48,11.44,0.01,15,17160,买盘
2311,10:22:42,11.43,--,27,30861,卖盘
2312,10:22:39,11.43,-0.01,16,18288,卖盘
2313,10:22:36,11.44,--,1,1144,买盘
2314,10:22:33,11.44,--,18,20592,买盘
2315,10:22:30,11.44,--,1,1144,买盘
2316,10:22:27,11.44,--,20,22880,买盘
2317,10:22:24,11.44,--,10,11440,买盘
2318,10:22:21,11.44,--,109,124696,买盘
2319,10:22:18,11.44,--,2,2288,买盘
2320,10:22:15,11.44,--,125,143000,买盘
2321,10:22:12,11.44,--,5,5720,买盘
2322,10:22:09,11.44,0.01,49,56056,买盘
2323,10:22:03,11.43,--,1,1143,卖盘
2324,10:22:00,11.43,0.01,18,20574,卖盘
2325,10:21:57,11.42,--,225,256950,卖盘
2326,10:21:54,11.42,-0.01,76,86792,卖盘
2327,10:21:51,11.43,--,116,132588,买盘
2328,10:21:48,11.43,-0.01,39,44577,卖盘
2329,10:21:45,11.44,--,171,195624,买盘
2330,10:21:42,11.44,0.02,215,245960,买盘
2331,10:21:36,11.42,-0.02,134,153028,卖盘
2332,10:21:27,11.44,0.01,127,145288,买盘
2333,10:21:24,11.43,0.01,1,1143,买盘
2334,10:21:21,11.42,-0.01,230,262660,卖盘
2335,10:21:18,11.43,-0.01,225,257175,卖盘
2336,10:21:12,11.44,--,5,5720,买盘
2337,10:21:09,11.44,--,5,5720,买盘
2338,10:21:03,11.44,--,101,115544,买盘
2339,10:20:54,11.44,-0.01,10,11440,中性盘
2340,10:20:51,11.45,--,10,11450,买盘
2341,10:20:48,11.45,--,5225,5983174,买盘
2342,10:20:45,11.45,--,5,5725,买盘
2343,10:20:42,11.45,--,23,26335,买盘
2344,10:20:39,11.45,--,37,42365,买盘
2345,10:20:36,11.45,--,4,4580,买盘
2346,10:20:33,11.45,--,103,117934,买盘
2347,10:20:30,11.45,0.03,27,30914,买盘
2348,10:20:27,11.42,-0.03,1506,1719897,卖盘
2349,10:20:24,11.45,--,77,89264,买盘
2350,10:20:21,11.45,--,10,11450,买盘
2351,10:20:18,11.45,--,79,90455,买盘
2352,10:20:15,11.45,--,20,22900,买盘
2353,10:20:12,11.45,--,200,229000,买盘
2354,10:20:09,11.45,-0.02,689,788950,卖盘
2355,10:20:06,11.47,--,30,34410,卖盘
2356,10:20:03,11.47,--,35,40145,买盘
2357,10:20:00,11.47,--,1008,1156176,买盘
2358,10:19:54,11.47,--,43,49321,买盘
2359,10:19:51,11.47,-0.01,413,473711,卖盘
2360,10:19:45,11.48,0.01,22,25256,买盘
2361,10:19:42,11.47,--,18,20646,买盘
2362,10:19:39,11.47,--,5,5735,买盘
2363,10:19:36,11.47,--,27,30969,卖盘
2364,10:19:30,11.47,--,77,88319,卖盘
2365,10:19:18,11.47,--,27,30969,买盘
2366,10:19:06,11.47,--,10,11470,买盘
2367,10:19:03,11.47,--,23,26381,买盘
2368,10:19:00,11.47,--,22,25234,买盘
2369,10:18:48,11.47,0.01,8,9176,买盘
2370,10:18:39,11.46,--,2,2292,卖盘
2371,10:18:36,11.46,-0.02,71,81366,卖盘
2372,10:18:30,11.48,--,66,75768,买盘
2373,10:18:27,11.48,--,5,5740,买盘
2374,10:18:24,11.48,--,2,2296,买盘
2375,10:18:21,11.48,0.02,2,2296,买盘
2376,10:18:09,11.46,-0.01,124,142104,卖盘
2377,10:18:06,11.47,0.01,5,5735,买盘
2378,10:18:03,11.46,-0.01,1,1146,卖盘
2379,10:18:00,11.47,0.01,16,18352,卖盘
2380,10:17:57,11.46,--,37,42402,买盘
2381,10:17:54,11.46,-0.01,170,194820,卖盘
2382,10:17:51,11.47,--,1,1147,买盘
2383,10:17:48,11.47,--,54,61938,买盘
2384,10:17:42,11.47,--,150,172050,卖盘
2385,10:17:27,11.47,--,65,74555,中性盘
2386,10:17:12,11.47,-0.01,88,100936,卖盘
2387,10:17:09,11.48,--,18,20664,买盘
2388,10:17:06,11.48,--,1,1148,买盘
2389,10:17:03,11.48,-0.02,94,107912,卖盘
2390,10:17:00,11.5,--,11,12650,买盘
2391,10:16:57,11.5,--,34,39100,买盘
2392,10:16:54,11.5,--,5,5750,买盘
2393,10:16:51,11.5,--,9,10350,买盘
2394,10:16:48,11.5,--,1,1472,卖盘
2395,10:16:45,11.5,-0.01,1129,1298350,卖盘
2396,10:16:42,11.51,--,8,9208,买盘
2397,10:16:39,11.51,--,64,73664,买盘
2398,10:16:36,11.51,0.01,11,12661,买盘
2399,10:16:24,11.5,--,20,23000,卖盘
2400,10:16:18,11.5,--,123,142278,买盘
2401,10:16:15,11.5,--,50,57500,买盘
2402,10:16:12,11.5,--,13,14950,买盘
2403,10:16:09,11.5,--,11,12650,买盘
2404,10:16:06,11.5,--,139,159850,买盘
2405,10:16:03,11.5,--,15,17250,买盘
2406,10:16:00,11.5,--,68,78522,卖盘
2407,10:15:57,11.5,0.01,1075,1237078,买盘
2408,10:15:54,11.49,0.04,30,34470,卖盘
2409,10:15:51,11.45,-0.04,307,351515,卖盘
2410,10:15:48,11.49,--,50,57450,卖盘
2411,10:15:45,11.49,-0.01,146,168857,卖盘
2412,10:15:42,11.5,--,68,78200,买盘
2413,10:15:39,11.5,0.01,34,39100,买盘
2414,10:15:36,11.49,-0.01,39,44811,卖盘
2415,10:15:33,11.5,0.01,20,23000,买盘
2416,10:15:30,11.49,-0.01,1,1149,卖盘
2417,10:15:27,11.5,0.01,13,14950,买盘
2418,10:15:24,11.49,--,68,78132,买盘
2419,10:15:21,11.49,0.01,26,29874,买盘
2420,10:15:18,11.48,--,54,61992,卖盘
2421,10:15:15,11.48,0.03,38,43624,卖盘
2422,10:15:12,11.45,--,376,431573,买盘
2423,10:15:09,11.45,--,31,35495,买盘
2424,10:15:03,11.45,-0.03,415,475266,卖盘
2425,10:15:00,11.48,0.03,1057,1213436,买盘
2426,10:14:57,11.45,--,2,2290,卖盘
2427,10:14:54,11.45,--,15,17175,卖盘
2428,10:14:51,11.45,--,49,57158,买盘
2429,10:14:48,11.45,--,20,22900,买盘
2430,10:14:45,11.45,--,3,3435,买盘
2431,10:14:42,11.45,--,9,10305,买盘
2432,10:14:39,11.45,--,103,117934,买盘
2433,10:14:36,11.45,--,29,33205,买盘
2434,10:14:33,11.45,--,44,50380,买盘
2435,10:14:30,11.45,--,3,3435,买盘
2436,10:14:21,11.45,--,51,58395,买盘
2437,10:14:18,11.45,--,16,18320,买盘
2438,10:14:15,11.45,0.01,5,5725,买盘
2439,10:14:06,11.44,--,1,1144,卖盘
2440,10:14:03,11.44,0.01,103,117832,买盘
2441,10:13:54,11.43,-0.01,20,22860,卖盘
2442,10:13:51,11.44,0.01,5,5720,买盘
2443,10:13:48,11.43,-0.01,10,11430,卖盘
2444,10:13:42,11.44,0.01,15,17160,中性盘
2445,10:13:33,11.43,-0.01,1247,1425321,卖盘
2446,10:13:27,11.44,--,200,228800,买盘
2447,10:13:24,11.44,0.01,5,5720,买盘
2448,10:13:21,11.43,-0.01,618,706374,卖盘
2449,10:13:15,11.44,--,2,2288,买盘
2450,10:13:12,11.44,-0.01,1117,1278946,卖盘
2451,10:13:09,11.45,--,56,64119,买盘
2452,10:13:03,11.45,0.01,16,18320,买盘
2453,10:13:00,11.44,-0.01,63,72072,卖盘
2454,10:12:57,11.45,--,31,35495,买盘
2455,10:12:54,11.45,--,60,68700,买盘
2456,10:12:51,11.45,0.01,2,2290,买盘
2457,10:12:48,11.44,-0.01,32,36608,卖盘
2458,10:12:45,11.45,--,7,8014,买盘
2459,10:12:42,11.45,--,236,270220,买盘
2460,10:12:39,11.45,--,11,12595,买盘
2461,10:12:36,11.45,--,109,124804,买盘
2462,10:12:33,11.45,--,8,9160,买盘
2463,10:12:30,11.45,--,16,18320,买盘
2464,10:12:27,11.45,--,10,11450,买盘
2465,10:12:24,11.45,--,48,54960,买盘
2466,10:12:21,11.45,--,286,327470,买盘
2467,10:12:18,11.45,--,7,8014,买盘
2468,10:12:15,11.45,--,50,57250,买盘
2469,10:12:12,11.45,--,60,68700,买盘
2470,10:12:09,11.45,--,10,11450,买盘
2471,10:12:06,11.45,--,1600,1832000,买盘
2472,10:12:03,11.45,--,20,22900,买盘
2473,10:12:00,11.45,--,12,13740,买盘
2474,10:11:57,11.45,--,246,281807,卖盘
2475,10:11:54,11.45,--,140,161307,买盘
2476,10:11:51,11.45,--,93,106485,买盘
2477,10:11:48,11.45,--,51,58395,买盘
2478,10:11:45,11.45,--,110,125949,买盘
2479,10:11:42,11.45,--,25,28625,买盘
2480,10:11:39,11.45,--,200,229000,买盘
2481,10:11:33,11.45,--,16,18320,买盘
2482,10:11:30,11.45,--,11,12595,买盘
2483,10:11:27,11.45,--,50,57250,买盘
2484,10:11:24,11.45,--,6,6870,买盘
2485,10:11:21,11.45,--,60,68700,买盘
2486,10:11:15,11.45,-0.01,33,37785,卖盘
2487,10:11:12,11.46,--,16,18336,买盘
2488,10:11:09,11.46,0.01,104,119184,买盘
2489,10:11:06,11.45,-0.01,43,49235,卖盘
2490,10:11:03,11.46,--,10,11460,买盘
2491,10:11:00,11.46,--,51,58446,买盘
2492,10:10:57,11.46,0.01,5,5730,买盘
2493,10:10:54,11.45,--,1,1145,卖盘
2494,10:10:51,11.45,--,12,13740,卖盘
2495,10:10:48,11.45,-0.01,64,73280,卖盘
2496,10:10:45,11.46,0.02,16,18336,买盘
2497,10:10:42,11.44,-0.01,11,12584,卖盘
2498,10:10:39,11.45,--,91,104195,卖盘
2499,10:10:36,11.45,--,61,69845,卖盘
2500,10:10:33,11.45,0.01,8,9160,买盘
2501,10:10:27,11.44,-0.01,586,670384,卖盘
2502,10:10:24,11.45,--,65,74425,买盘
2503,10:10:21,11.45,--,17,19465,买盘
2504,10:10:18,11.45,--,10,11450,买盘
2505,10:10:15,11.45,--,1,1145,买盘
2506,10:10:12,11.45,0.01,5,5725,买盘
2507,10:10:09,11.44,-0.01,59,67496,卖盘
2508,10:10:06,11.45,--,19,21755,卖盘
2509,10:10:03,11.45,--,9,10305,卖盘
2510,10:10:00,11.45,--,31,35495,卖盘
2511,10:09:57,11.45,--,310,354950,卖盘
2512,10:09:54,11.45,--,8,9160,卖盘
2513,10:09:51,11.45,--,80,91600,卖盘
2514,10:09:48,11.45,--,9,10305,卖盘
2515,10:09:45,11.45,--,72,82440,卖盘
2516,10:09:42,11.45,--,11,12595,卖盘
2517,10:09:39,11.45,--,14,16029,买盘
2518,10:09:36,11.45,--,2,2290,买盘
2519,10:09:33,11.45,--,53,60684,卖盘
2520,10:09:30,11.45,--,35,40075,买盘
2521,10:09:27,11.45,--,41,46945,买盘
2522,10:09:24,11.45,--,20,22900,买盘
2523,10:09:21,11.45,--,15,17175,买盘
2524,10:09:18,11.45,--,37,42365,买盘
2525,10:09:15,11.45,0.01,101,115645,买盘
2526,10:09:12,11.44,-0.01,33,37752,卖盘
2527,10:09:09,11.45,--,81,92745,买盘
2528,10:09:06,11.45,--,20,22900,买盘
2529,10:09:03,11.45,--,100,114500,买盘
2530,10:09:00,11.45,--,236,270220,买盘
2531,10:08:57,11.45,--,90,103050,买盘
2532,10:08:54,11.45,--,238,272510,买盘
2533,10:08:51,11.45,--,294,336675,卖盘
2534,10:08:48,11.45,-0.02,193,220985,卖盘
2535,10:08:45,11.47,0.02,1074,1231878,买盘
2536,10:08:42,11.45,--,125,143125,买盘
2537,10:08:39,11.45,--,18,20610,买盘
2538,10:08:36,11.45,--,2,2290,买盘
2539,10:08:33,11.45,--,11,12595,买盘
2540,10:08:30,11.45,--,28,32059,买盘
2541,10:08:27,11.45,--,153,175185,买盘
2542,10:08:24,11.45,--,27,30914,买盘
2543,10:08:21,11.45,--,2,2290,买盘
2544,10:08:18,11.45,--,17,19465,买盘
2545,10:08:15,11.45,--,289,330905,买盘
2546,10:08:12,11.45,--,12,13740,买盘
2547,10:08:09,11.45,--,60,68700,买盘
2548,10:08:06,11.45,0.03,2,2290,买盘
2549,10:08:03,11.42,-0.01,207,236394,卖盘
2550,10:08:00,11.43,0.01,1,1143,卖盘
2551,10:07:57,11.42,-0.01,730,833660,卖盘
2552,10:07:54,11.43,0.01,144,164592,买盘
2553,10:07:51,11.42,0.01,30,34260,卖盘
2554,10:07:45,11.41,--,36,41589,买盘
2555,10:07:42,11.41,-0.02,241,275608,卖盘
2556,10:07:39,11.43,0.02,224,256546,买盘
2557,10:07:36,11.41,-0.02,656,748496,卖盘
2558,10:07:33,11.43,--,30,34290,买盘
2559,10:07:30,11.43,--,35,40005,买盘
2560,10:07:27,11.43,--,75,85725,买盘
2561,10:07:24,11.43,--,201,229743,买盘
2562,10:07:21,11.43,--,234,267462,卖盘
2563,10:07:18,11.43,-0.01,334,381762,卖盘
2564,10:07:15,11.44,--,15,17160,买盘
2565,10:07:12,11.44,--,18,20592,买盘
2566,10:07:09,11.44,--,109,124696,买盘
2567,10:07:03,11.44,--,490,560560,买盘
2568,10:07:00,11.44,--,32,36608,买盘
2569,10:06:57,11.44,--,23,26312,买盘
2570,10:06:54,11.44,--,2,2288,买盘
2571,10:06:51,11.44,-0.01,68,77792,卖盘
2572,10:06:48,11.45,--,72,82440,买盘
2573,10:06:45,11.45,--,230,263350,买盘
2574,10:06:42,11.45,--,851,974394,买盘
2575,10:06:39,11.45,--,119,136255,买盘
2576,10:06:36,11.45,--,167,191215,买盘
2577,10:06:30,11.45,0.01,405,463725,买盘
2578,10:06:27,11.44,0.01,61,69784,买盘
2579,10:06:24,11.43,-0.02,179,204597,卖盘
2580,10:06:21,11.45,--,291,333195,买盘
2581,10:06:18,11.45,--,160,183200,买盘
2582,10:06:15,11.45,--,202,231290,买盘
2583,10:06:12,11.45,-0.01,507,580515,卖盘
2584,10:06:09,11.46,--,90,103140,买盘
2585,10:06:06,11.46,-0.02,554,634884,卖盘
2586,10:06:03,11.48,0.01,93,106764,买盘
2587,10:06:00,11.47,--,178,204166,买盘
2588,10:05:57,11.47,-0.01,193,221371,卖盘
2589,10:05:54,11.48,--,105,120540,买盘
2590,10:05:51,11.48,--,338,388024,买盘
2591,10:05:48,11.48,--,150,172200,买盘
2592,10:05:45,11.48,-0.01,308,353584,卖盘
2593,10:05:42,11.49,--,68,78132,买盘
2594,10:05:39,11.49,-0.01,163,187287,卖盘
2595,10:05:36,11.5,0.02,162,186300,买盘
2596,10:05:33,11.48,-0.01,9,10332,卖盘
2597,10:05:30,11.49,--,87,99963,卖盘
2598,10:05:27,11.49,--,80,91920,买盘
2599,10:05:24,11.49,0.02,21,24129,买盘
2600,10:05:21,11.47,-0.01,117,134199,卖盘
2601,10:05:18,11.48,-0.01,27,30996,卖盘
2602,10:05:15,11.49,--,165,189585,买盘
2603,10:05:12,11.49,0.01,15,17235,买盘
2604,10:05:09,11.48,--,43,49364,卖盘
2605,10:05:06,11.48,-0.01,1,1148,卖盘
2606,10:05:03,11.49,0.01,13,14937,买盘
2607,10:04:57,11.48,--,3,3444,卖盘
2608,10:04:54,11.48,-0.01,17,19516,买盘
2609,10:04:51,11.49,0.01,73,83877,买盘
2610,10:04:48,11.48,-0.01,5,5740,卖盘
2611,10:04:45,11.49,0.01,51,58599,买盘
2612,10:04:36,11.48,--,1,1148,卖盘
2613,10:04:33,11.48,--,10,11480,买盘
2614,10:04:30,11.48,--,84,96432,卖盘
2615,10:04:27,11.48,--,87,99876,卖盘
2616,10:04:24,11.48,-0.02,64,73472,卖盘
2617,10:04:18,11.5,--,36,41400,买盘
2618,10:04:15,11.5,0.02,13,14950,买盘
2619,10:04:12,11.48,--,28,32144,卖盘
2620,10:04:09,11.48,--,77,88396,卖盘
2621,10:04:06,11.48,--,20,22960,卖盘
2622,10:04:03,11.48,-0.02,145,166460,卖盘
2623,10:03:57,11.5,0.01,266,305900,买盘
2624,10:03:54,11.49,-0.01,176,202224,卖盘
2625,10:03:51,11.5,--,191,219650,卖盘
2626,10:03:48,11.5,-0.01,172,197800,卖盘
2627,10:03:45,11.51,--,2,2302,买盘
2628,10:03:42,11.51,--,213,245163,买盘
2629,10:03:39,11.51,0.01,242,278542,买盘
2630,10:03:36,11.5,--,109,125350,卖盘
2631,10:03:33,11.5,--,349,401350,卖盘
2632,10:03:30,11.5,--,55,63250,卖盘
2633,10:03:27,11.5,--,72,82800,卖盘
2634,10:03:24,11.5,--,101,116150,卖盘
2635,10:03:21,11.5,-0.01,88,101200,卖盘
2636,10:03:18,11.51,0.01,65,74815,买盘
2637,10:03:15,11.5,-0.01,130,149500,卖盘
2638,10:03:12,11.51,--,92,105892,买盘
2639,10:03:09,11.51,--,48,55248,买盘
2640,10:03:06,11.51,--,107,123157,买盘
2641,10:03:03,11.51,0.01,71,81721,买盘
2642,10:03:00,11.5,--,6,6900,卖盘
2643,10:02:57,11.5,--,20,23000,卖盘
2644,10:02:42,11.5,--,75,86250,卖盘
2645,10:02:39,11.5,--,19,21850,买盘
2646,10:02:36,11.5,--,7,8050,买盘
2647,10:02:33,11.5,--,90,103500,买盘
2648,10:02:30,11.5,0.02,6,6900,中性盘
2649,10:02:27,11.48,-0.03,295,338660,卖盘
2650,10:02:24,11.51,--,9,10359,买盘
2651,10:02:21,11.51,--,835,961085,买盘
2652,10:02:15,11.51,0.01,66,75966,买盘
2653,10:02:12,11.5,--,114,131100,买盘
2654,10:02:09,11.5,0.01,22,25300,买盘
2655,10:02:06,11.49,-0.01,15,17235,中性盘
2656,10:02:03,11.5,0.02,8,9200,卖盘
2657,10:01:57,11.48,-0.02,283,324884,卖盘
2658,10:01:54,11.5,--,99,113850,买盘
2659,10:01:51,11.5,--,70,80500,买盘
2660,10:01:48,11.5,--,95,109250,买盘
2661,10:01:45,11.5,--,40,46000,买盘
2662,10:01:42,11.5,--,28,32200,买盘
2663,10:01:39,11.5,--,3,3450,买盘
2664,10:01:36,11.5,--,1282,1474300,买盘
2665,10:01:33,11.5,--,7,8050,买盘
2666,10:01:30,11.5,-0.01,676,777400,卖盘
2667,10:01:27,11.51,--,40,46040,买盘
2668,10:01:21,11.51,--,2,2302,买盘
2669,10:01:18,11.51,--,101,116251,买盘
2670,10:01:15,11.51,--,10,11510,买盘
2671,10:01:12,11.51,0.01,72,82872,中性盘
2672,10:01:09,11.5,-0.01,351,403650,卖盘
2673,10:01:06,11.51,--,132,151932,买盘
2674,10:01:03,11.51,--,1,1151,卖盘
2675,10:01:00,11.51,--,58,66758,卖盘
2676,10:00:57,11.51,-0.01,86,98986,卖盘
2677,10:00:54,11.52,--,7,8064,买盘
2678,10:00:51,11.52,--,15,17280,买盘
2679,10:00:45,11.52,--,70,80640,买盘
2680,10:00:42,11.52,--,92,105984,买盘
2681,10:00:39,11.52,-0.01,17,19584,卖盘
2682,10:00:36,11.53,0.01,16,18448,买盘
2683,10:00:33,11.52,0.01,89,102528,中性盘
2684,10:00:30,11.51,-0.03,100,115100,卖盘
2685,10:00:21,11.54,0.01,1000,1154000,买盘
2686,10:00:18,11.53,--,328,378184,买盘
2687,10:00:15,11.53,0.03,305,351665,买盘
2688,10:00:09,11.5,--,81,93150,买盘
2689,10:00:06,11.5,--,63,72450,买盘
2690,10:00:03,11.5,--,21,24150,买盘
2691,10:00:00,11.5,-0.02,49,56350,卖盘
2692,09:59:57,11.52,0.01,49,56448,买盘
2693,09:59:54,11.51,-0.01,18,20718,中性盘
2694,09:59:51,11.52,0.01,294,338688,买盘
2695,09:59:48,11.51,--,8,9208,卖盘
2696,09:59:45,11.51,--,10,11510,卖盘
2697,09:59:42,11.51,0.02,6,6906,买盘
2698,09:59:39,11.49,-0.03,75,86175,卖盘
2699,09:59:36,11.52,0.01,1162,1338624,买盘
2700,09:59:33,11.51,0.02,75,86325,买盘
2701,09:59:30,11.49,-0.02,52,59748,卖盘
2702,09:59:27,11.51,0.02,34,39134,买盘
2703,09:59:24,11.49,-0.02,42,48258,卖盘
2704,09:59:21,11.51,--,100,115100,买盘
2705,09:59:18,11.51,0.01,688,791888,买盘
2706,09:59:15,11.5,-0.01,1145,1316750,卖盘
2707,09:59:12,11.51,--,1631,1877281,买盘
2708,09:59:09,11.51,--,591,680241,买盘
2709,09:59:06,11.51,--,85,97835,买盘
2710,09:59:03,11.51,--,220,253220,买盘
2711,09:59:00,11.51,--,204,234804,卖盘
2712,09:58:57,11.51,-0.01,121,139271,卖盘
2713,09:58:51,11.52,--,195,224985,卖盘
2714,09:58:48,11.52,--,10,11520,卖盘
2715,09:58:45,11.52,0.01,2205,2540966,买盘
2716,09:58:42,11.51,--,52,59852,卖盘
2717,09:58:39,11.51,-0.01,28,32228,卖盘
2718,09:58:36,11.52,0.01,59,67968,买盘
2719,09:58:33,11.51,0.01,2,2302,中性盘
2720,09:58:30,11.5,-0.02,545,626750,卖盘
2721,09:58:27,11.52,0.01,1020,1175040,买盘
2722,09:58:21,11.51,--,24,27624,卖盘
2723,09:58:18,11.51,--,82,94382,卖盘
2724,09:58:15,11.51,--,99,113949,卖盘
2725,09:58:12,11.51,--,151,173801,卖盘
2726,09:58:09,11.51,-0.01,122,140422,卖盘
2727,09:58:06,11.52,--,10,11520,买盘
2728,09:58:03,11.52,--,20,23040,买盘
2729,09:58:00,11.52,--,43,49536,卖盘
2730,09:57:57,11.52,-0.01,82,94464,卖盘
2731,09:57:54,11.53,0.01,2,2306,买盘
2732,09:57:51,11.52,--,123,141696,卖盘
2733,09:57:48,11.52,--,52,59904,卖盘
2734,09:57:45,11.52,--,53,61056,卖盘
2735,09:57:39,11.52,-0.01,33,38016,卖盘
2736,09:57:36,11.53,--,10,11530,买盘
2737,09:57:33,11.53,--,62,71486,买盘
2738,09:57:24,11.53,--,27,31131,卖盘
2739,09:57:21,11.53,--,44,50732,卖盘
2740,09:57:18,11.53,--,20,23060,卖盘
2741,09:57:15,11.53,--,146,168338,卖盘
2742,09:57:09,11.53,-0.01,141,162573,卖盘
2743,09:57:06,11.54,0.01,1,1154,买盘
2744,09:57:03,11.53,--,43,49579,卖盘
2745,09:57:00,11.53,--,32,36896,卖盘
2746,09:56:57,11.53,-0.01,118,136054,卖盘
2747,09:56:54,11.54,0.01,155,178870,买盘
2748,09:56:51,11.53,--,153,176409,卖盘
2749,09:56:48,11.53,-0.01,175,201775,卖盘
2750,09:56:45,11.54,0.01,54,62315,买盘
2751,09:56:42,11.53,--,10,11530,卖盘
2752,09:56:39,11.53,--,68,78404,卖盘
2753,09:56:36,11.53,--,11,12683,卖盘
2754,09:56:33,11.53,--,4,4612,卖盘
2755,09:56:30,11.53,--,76,87628,卖盘
2756,09:56:24,11.53,-0.01,61,70333,卖盘
2757,09:56:18,11.54,--,307,354278,卖盘
2758,09:56:15,11.54,--,141,162714,卖盘
2759,09:56:12,11.54,--,55,63469,卖盘
2760,09:56:09,11.54,--,81,93474,卖盘
2761,09:56:03,11.54,--,23,26541,卖盘
2762,09:56:00,11.54,--,10,11540,卖盘
2763,09:55:57,11.54,--,86,99243,卖盘
2764,09:55:54,11.54,--,8,9232,卖盘
2765,09:55:51,11.54,0.01,1080,1246320,买盘
2766,09:55:48,11.53,-0.01,111,127983,卖盘
2767,09:55:42,11.54,--,5,5770,买盘
2768,09:55:39,11.54,0.01,232,267728,买盘
2769,09:55:36,11.53,-0.01,89,102617,卖盘
2770,09:55:33,11.54,--,215,248109,买盘
2771,09:55:30,11.54,--,56,64623,买盘
2772,09:55:27,11.54,--,296,341584,卖盘
2773,09:55:24,11.54,--,115,132710,卖盘
2774,09:55:21,11.54,-0.01,30,34620,卖盘
2775,09:55:18,11.55,0.01,17,19635,买盘
2776,09:55:15,11.54,-0.01,9,10386,卖盘
2777,09:55:12,11.55,0.01,149,172095,买盘
2778,09:55:09,11.54,-0.01,11,12693,卖盘
2779,09:55:06,11.55,--,18,20790,买盘
2780,09:55:03,11.55,--,12,13860,买盘
2781,09:54:54,11.55,0.01,310,358050,买盘
2782,09:54:51,11.54,-0.01,20,23080,卖盘
2783,09:54:48,11.55,0.01,36,41580,买盘
2784,09:54:45,11.54,--,70,80780,卖盘
2785,09:54:42,11.54,--,4,4616,卖盘
2786,09:54:39,11.54,0.01,23,26541,中性盘
2787,09:54:36,11.53,-0.01,559,644527,卖盘
2788,09:54:33,11.54,--,72,83088,买盘
2789,09:54:30,11.54,--,65,75010,买盘
2790,09:54:27,11.54,--,32,36928,买盘
2791,09:54:24,11.54,--,63,72702,卖盘
2792,09:54:21,11.54,--,71,81934,卖盘
2793,09:54:18,11.54,--,43,49621,卖盘
2794,09:54:15,11.54,0.01,20,23080,买盘
2795,09:54:12,11.53,-0.03,5,5765,卖盘
2796,09:54:06,11.56,0.03,1010,1167560,买盘
2797,09:54:03,11.53,--,37,42661,卖盘
2798,09:54:00,11.53,-0.01,43,49579,卖盘
2799,09:53:57,11.54,0.01,101,116553,买盘
2800,09:53:54,11.53,-0.02,250,288250,卖盘
2801,09:53:51,11.55,0.01,5,5775,买盘
2802,09:53:48,11.54,-0.01,140,161560,卖盘
2803,09:53:45,11.55,--,64,73920,买盘
2804,09:53:42,11.55,--,16,18480,买盘
2805,09:53:39,11.55,--,4,4620,买盘
2806,09:53:36,11.55,--,45,51975,卖盘
2807,09:53:33,11.55,-0.01,206,237930,卖盘
2808,09:53:30,11.56,0.01,69,79764,买盘
2809,09:53:27,11.55,--,85,98175,买盘
2810,09:53:24,11.55,--,7,8085,买盘
2811,09:53:21,11.55,-0.01,47,54285,卖盘
2812,09:53:18,11.56,-0.01,10,11560,卖盘
2813,09:53:15,11.57,--,70,80990,买盘
2814,09:53:12,11.57,0.01,94,108758,买盘
2815,09:53:06,11.56,--,243,280908,卖盘
2816,09:53:03,11.56,--,1501,1735156,买盘
2817,09:53:00,11.56,-0.01,1427,1649612,卖盘
2818,09:52:51,11.57,0.01,144,166608,买盘
2819,09:52:48,11.56,--,4,4624,卖盘
2820,09:52:45,11.56,--,120,138720,卖盘
2821,09:52:42,11.56,-0.01,122,141032,卖盘
2822,09:52:39,11.57,0.01,284,328588,买盘
