,time,price,change,volume,amount,type
0,15:00:03,10.29,0.05,8628,8878212,买盘
1,14:57:00,10.24,--,0,0,卖盘
2,14:56:57,10.24,-0.01,2,2048,卖盘
3,14:56:51,10.25,--,15,15375,买盘
4,14:56:48,10.25,0.01,5,5125,买盘
5,14:56:42,10.24,-0.01,46,47104,卖盘
6,14:56:39,10.25,--,18,18450,买盘
7,14:56:33,10.25,0.01,3,3075,买盘
8,14:56:30,10.24,-0.02,9,9216,卖盘
9,14:56:27,10.26,0.01,51,52326,买盘
10,14:56:24,10.25,--,231,236775,卖盘
11,14:56:21,10.25,--,182,186550,卖盘
12,14:56:18,10.25,0.02,15,16154,买盘
13,14:56:15,10.23,--,3,3069,卖盘
14,14:56:12,10.23,-0.02,210,214830,卖盘
15,14:56:09,10.25,0.02,413,423325,买盘
16,14:56:03,10.23,--,58,59334,卖盘
17,14:56:00,10.23,--,39,39897,卖盘
18,14:55:57,10.23,--,50,51150,卖盘
19,14:55:54,10.23,--,1,1023,卖盘
20,14:55:51,10.23,-0.01,67,68541,卖盘
21,14:55:45,10.24,--,14,14336,买盘
22,14:55:42,10.24,--,40,40960,买盘
23,14:55:39,10.24,--,32,32768,买盘
24,14:55:36,10.24,--,92,94208,买盘
25,14:55:33,10.24,--,1,1024,买盘
26,14:55:24,10.24,0.01,1,1024,买盘
27,14:55:21,10.23,--,143,146289,卖盘
28,14:55:18,10.23,-0.01,33,33759,卖盘
29,14:55:15,10.24,0.01,10,10240,买盘
30,14:55:12,10.23,-0.01,8,8184,卖盘
31,14:55:09,10.24,--,15,15360,买盘
32,14:55:06,10.24,--,35,35840,买盘
33,14:55:03,10.24,--,2,2048,买盘
34,14:55:00,10.24,0.01,2,2048,买盘
35,14:54:54,10.23,--,99,101277,卖盘
36,14:54:51,10.23,--,180,184140,卖盘
37,14:54:42,10.23,--,3,3069,卖盘
38,14:54:39,10.23,--,11,11253,卖盘
39,14:54:36,10.23,--,49,50127,买盘
40,14:54:30,10.23,--,83,84909,买盘
41,14:54:21,10.23,--,38,38874,买盘
42,14:54:18,10.23,0.01,308,315084,买盘
43,14:54:15,10.22,--,21,21462,买盘
44,14:54:12,10.22,-0.01,25,25550,卖盘
45,14:54:09,10.23,--,161,164703,买盘
46,14:54:03,10.23,0.01,1,1023,买盘
47,14:54:00,10.22,0.01,3,3066,卖盘
48,14:53:57,10.21,-0.01,43,43903,卖盘
49,14:53:54,10.22,--,23,23506,买盘
50,14:53:51,10.22,0.01,15,15330,买盘
51,14:53:48,10.21,--,10,10210,卖盘
52,14:53:45,10.21,--,4,4084,买盘
53,14:53:42,10.21,0.01,8,8168,买盘
54,14:53:36,10.2,-0.03,9,9180,卖盘
55,14:53:33,10.23,0.04,3,3069,买盘
56,14:53:27,10.19,0.03,28,28532,买盘
57,14:53:24,10.16,-0.02,1372,1394195,卖盘
58,14:53:21,10.18,-0.02,91,92638,中性盘
59,14:53:18,10.2,--,118,120359,买盘
60,14:53:15,10.2,0.02,747,761940,卖盘
61,14:53:12,10.18,-0.06,4,4072,卖盘
62,14:53:09,10.24,--,52,53248,买盘
63,14:53:06,10.24,0.05,33,33792,买盘
64,14:53:03,10.19,-0.05,5561,5667433,卖盘
65,14:53:00,10.24,--,13,13312,买盘
66,14:52:54,10.24,0.01,9,9216,买盘
67,14:52:51,10.23,-0.01,7,7161,卖盘
68,14:52:48,10.24,-0.01,87,89108,卖盘
69,14:52:45,10.25,--,1,1025,买盘
70,14:52:39,10.25,0.01,8,8200,买盘
71,14:52:36,10.24,-0.01,210,215040,卖盘
72,14:52:33,10.25,0.01,1,1025,买盘
73,14:52:30,10.24,--,6,6144,卖盘
74,14:52:24,10.24,--,58,59392,卖盘
75,14:52:15,10.24,--,38,38912,卖盘
76,14:52:06,10.24,--,3,3072,卖盘
77,14:52:03,10.24,--,5,5120,卖盘
78,14:52:00,10.24,--,3,3072,卖盘
79,14:51:57,10.24,--,57,58368,卖盘
80,14:51:54,10.24,-0.01,130,133120,卖盘
81,14:51:45,10.25,--,48,49200,买盘
82,14:51:42,10.25,--,10,10250,买盘
83,14:51:39,10.25,--,7,7175,买盘
84,14:51:33,10.25,--,11,11275,买盘
85,14:51:30,10.25,0.01,100,102500,买盘
86,14:51:27,10.24,--,18,18432,卖盘
87,14:51:21,10.24,--,9,9216,卖盘
88,14:51:15,10.24,--,27,27648,卖盘
89,14:51:12,10.24,-0.01,90,92160,卖盘
90,14:51:09,10.25,0.01,7,7175,买盘
91,14:51:06,10.24,--,17,17408,卖盘
92,14:51:03,10.24,--,23,23552,卖盘
93,14:50:54,10.24,--,92,95211,买盘
94,14:50:51,10.24,--,174,178176,买盘
95,14:50:48,10.24,--,332,339988,卖盘
96,14:50:45,10.24,--,13,13312,卖盘
97,14:50:42,10.24,-0.01,3,3072,卖盘
98,14:50:36,10.25,--,1,1025,买盘
99,14:50:33,10.25,0.01,20,20500,买盘
100,14:50:30,10.24,--,2,2048,卖盘
101,14:50:27,10.24,--,108,110592,卖盘
102,14:50:24,10.24,--,2,2048,卖盘
103,14:50:21,10.24,--,17,17408,卖盘
104,14:50:18,10.24,--,37,37888,卖盘
105,14:50:15,10.24,--,2,2048,卖盘
106,14:50:12,10.24,--,20,20480,卖盘
107,14:50:09,10.24,--,4,4096,卖盘
108,14:50:06,10.24,--,39,40939,买盘
109,14:50:03,10.24,-0.01,151,154644,卖盘
110,14:50:00,10.25,--,7,7175,买盘
111,14:49:57,10.25,0.01,5,5125,买盘
112,14:49:54,10.24,--,4,4096,卖盘
113,14:49:48,10.24,--,47,48128,卖盘
114,14:49:45,10.24,--,123,125952,卖盘
115,14:49:39,10.24,--,4,4096,卖盘
116,14:49:36,10.24,--,18,18432,卖盘
117,14:49:33,10.24,--,6,6144,卖盘
118,14:49:30,10.24,--,16,16384,卖盘
119,14:49:24,10.24,--,49,51189,卖盘
120,14:49:18,10.24,--,9,9216,卖盘
121,14:49:15,10.24,--,38,38912,卖盘
122,14:49:12,10.24,--,131,134144,卖盘
123,14:49:09,10.24,-0.01,3,3072,卖盘
124,14:49:03,10.25,--,22,22550,买盘
125,14:49:00,10.25,--,10,10250,买盘
126,14:48:57,10.25,--,85,87125,买盘
127,14:48:54,10.25,0.01,252,258300,买盘
128,14:48:48,10.24,--,18,18432,卖盘
129,14:48:45,10.24,-0.01,6,6144,卖盘
130,14:48:39,10.25,0.01,75,76875,买盘
131,14:48:36,10.24,-0.01,23,23552,卖盘
132,14:48:33,10.25,--,1,1025,买盘
133,14:48:30,10.25,0.01,7,7175,买盘
134,14:48:27,10.24,-0.01,1,1024,卖盘
135,14:48:21,10.25,0.01,139,142475,买盘
136,14:48:18,10.24,--,21,21504,卖盘
137,14:48:15,10.24,--,310,317440,卖盘
138,14:48:12,10.24,-0.01,122,124928,卖盘
139,14:48:09,10.25,--,50,51250,买盘
140,14:48:03,10.25,--,1,1025,买盘
141,14:48:00,10.25,0.01,60,61500,买盘
142,14:47:54,10.24,--,67,68608,卖盘
143,14:47:51,10.24,--,50,51200,卖盘
144,14:47:48,10.24,-0.01,2,2048,卖盘
145,14:47:42,10.25,--,45,46125,买盘
146,14:47:39,10.25,0.01,63,64575,买盘
147,14:47:36,10.24,--,37,37888,卖盘
148,14:47:33,10.24,--,10,10240,卖盘
149,14:47:30,10.24,-0.01,1,2037,卖盘
150,14:47:27,10.25,0.01,2,2050,买盘
151,14:47:24,10.24,--,3,3072,卖盘
152,14:47:15,10.24,--,49,50176,卖盘
153,14:47:12,10.24,--,120,122880,卖盘
154,14:47:09,10.24,0.01,294,301056,买盘
155,14:47:03,10.23,-0.01,21,21483,卖盘
156,14:47:00,10.24,0.01,43,44032,买盘
157,14:46:57,10.23,-0.01,4,4092,卖盘
158,14:46:54,10.24,-0.01,37,37888,卖盘
159,14:46:51,10.25,0.01,206,211150,买盘
160,14:46:42,10.24,--,10,10240,卖盘
161,14:46:39,10.24,--,3,3072,中性盘
162,14:46:36,10.24,--,22,22528,卖盘
163,14:46:33,10.24,-0.01,28,28672,卖盘
164,14:46:30,10.25,0.01,20,20500,买盘
165,14:46:21,10.24,0.01,60,61440,买盘
166,14:46:18,10.23,--,16,16368,卖盘
167,14:46:15,10.23,-0.01,82,83886,卖盘
168,14:46:12,10.24,--,30,30720,买盘
169,14:46:03,10.24,0.01,28,28672,买盘
170,14:46:00,10.23,-0.01,35,35805,卖盘
171,14:45:57,10.24,--,36,36864,卖盘
172,14:45:54,10.24,0.01,47,48128,卖盘
173,14:45:42,10.23,-0.01,114,116622,卖盘
174,14:45:39,10.24,-0.01,3,3072,卖盘
175,14:45:36,10.25,--,1,1025,买盘
176,14:45:33,10.25,0.01,1,1025,买盘
177,14:45:30,10.24,-0.01,1,2037,卖盘
178,14:45:21,10.25,0.01,3,3075,买盘
179,14:45:18,10.24,-0.01,23,23552,卖盘
180,14:45:15,10.25,0.01,33,33825,买盘
181,14:45:12,10.24,--,10,10240,卖盘
182,14:45:03,10.24,-0.01,4,4096,卖盘
183,14:44:57,10.25,0.01,1,1025,买盘
184,14:44:54,10.24,--,25,25600,卖盘
185,14:44:51,10.24,--,62,63488,卖盘
186,14:44:48,10.24,--,2,2048,卖盘
187,14:44:45,10.24,--,186,190464,卖盘
188,14:44:42,10.24,--,632,647168,卖盘
189,14:44:39,10.24,--,11,11264,卖盘
190,14:44:36,10.24,--,85,88053,卖盘
191,14:44:33,10.24,--,202,206848,卖盘
192,14:44:27,10.24,-0.01,29,29696,卖盘
193,14:44:24,10.25,--,11,11275,买盘
194,14:44:18,10.25,0.01,29,29725,买盘
195,14:44:15,10.24,-0.01,3,3072,卖盘
196,14:44:03,10.25,0.01,2,2050,买盘
197,14:44:00,10.24,-0.01,10,10240,卖盘
198,14:43:57,10.25,0.01,2,2050,买盘
199,14:43:54,10.24,--,28,28672,卖盘
200,14:43:51,10.24,--,8,8192,卖盘
201,14:43:42,10.24,-0.01,3,3072,卖盘
202,14:43:39,10.25,0.01,1,1025,买盘
203,14:43:33,10.24,--,21,21504,卖盘
204,14:43:30,10.24,-0.01,2,2048,卖盘
205,14:43:18,10.25,--,6,6150,买盘
206,14:43:15,10.25,--,7,7175,卖盘
207,14:43:12,10.25,-0.01,10,10250,卖盘
208,14:43:03,10.26,0.01,2,2052,买盘
209,14:43:00,10.25,--,3,3075,卖盘
210,14:42:57,10.25,--,7,7175,买盘
211,14:42:54,10.25,0.01,22,22550,中性盘
212,14:42:45,10.24,-0.01,3,3072,卖盘
213,14:42:42,10.25,0.01,55,56375,中性盘
214,14:42:39,10.24,-0.01,6,6144,卖盘
215,14:42:36,10.25,0.01,12,12300,买盘
216,14:42:33,10.24,-0.01,81,82944,卖盘
217,14:42:30,10.25,--,1,1025,卖盘
218,14:42:27,10.25,--,1,2039,卖盘
219,14:42:21,10.25,--,141,144812,买盘
220,14:42:18,10.25,--,241,247763,卖盘
221,14:42:12,10.25,-0.01,22,22550,卖盘
222,14:42:06,10.26,0.01,3,3078,买盘
223,14:42:03,10.25,--,5,5125,卖盘
224,14:41:57,10.25,-0.01,79,80975,卖盘
225,14:41:54,10.26,0.01,25,25650,买盘
226,14:41:51,10.25,--,111,113775,卖盘
227,14:41:48,10.25,--,520,533000,卖盘
228,14:41:45,10.25,--,40,41000,卖盘
229,14:41:42,10.25,-0.01,43,44075,卖盘
230,14:41:39,10.26,0.01,122,125172,买盘
231,14:41:36,10.25,-0.01,181,185525,卖盘
232,14:41:33,10.26,0.01,44,45144,买盘
233,14:41:30,10.25,--,123,126075,卖盘
234,14:41:27,10.25,--,5,5125,卖盘
235,14:41:24,10.25,--,20,20500,卖盘
236,14:41:18,10.25,-0.01,25,25625,卖盘
237,14:41:15,10.26,0.01,12,12312,买盘
238,14:41:12,10.25,-0.01,142,145550,卖盘
239,14:41:09,10.26,0.01,121,124146,买盘
240,14:41:03,10.25,--,7,7175,卖盘
241,14:41:00,10.25,-0.01,35,35875,卖盘
242,14:40:57,10.26,--,4,4104,买盘
243,14:40:48,10.26,0.01,2,2052,买盘
244,14:40:45,10.25,--,6,6150,卖盘
245,14:40:39,10.25,--,6,6150,卖盘
246,14:40:36,10.25,-0.01,1,2039,卖盘
247,14:40:33,10.26,--,1,1026,买盘
248,14:40:30,10.26,0.01,10,10260,买盘
249,14:40:27,10.25,--,31,31775,卖盘
250,14:40:21,10.25,-0.01,18,18450,卖盘
251,14:40:18,10.26,--,97,99522,买盘
252,14:40:15,10.26,0.01,3,3078,买盘
253,14:40:09,10.25,--,10,10250,卖盘
254,14:40:03,10.25,--,17,17425,卖盘
255,14:40:00,10.25,-0.01,21,21525,卖盘
256,14:39:57,10.26,0.01,2,2052,买盘
257,14:39:51,10.25,-0.01,20,20500,卖盘
258,14:39:48,10.26,0.01,1,1026,买盘
259,14:39:42,10.25,-0.01,11,11275,卖盘
260,14:39:39,10.26,0.01,21,21546,买盘
261,14:39:36,10.25,--,4,4100,卖盘
262,14:39:33,10.25,-0.01,3,3075,卖盘
263,14:39:30,10.26,--,6,6156,买盘
264,14:39:27,10.26,0.01,10,10260,买盘
265,14:39:21,10.25,-0.01,27,27675,卖盘
266,14:39:18,10.26,--,110,112901,卖盘
267,14:39:15,10.26,--,40,41040,卖盘
268,14:39:12,10.26,--,40,41040,卖盘
269,14:39:09,10.26,--,23,23598,卖盘
270,14:39:06,10.26,--,21,21546,卖盘
271,14:39:03,10.26,-0.01,24,24624,卖盘
272,14:38:57,10.27,0.01,1,1027,买盘
273,14:38:48,10.26,--,10,10260,卖盘
274,14:38:45,10.26,--,8,8208,卖盘
275,14:38:42,10.26,--,22,22572,卖盘
276,14:38:39,10.26,--,4,4104,卖盘
277,14:38:36,10.26,--,10,11275,卖盘
278,14:38:33,10.26,--,53,55373,买盘
279,14:38:27,10.26,0.01,5,5130,买盘
280,14:38:21,10.25,-0.01,34,34850,卖盘
281,14:38:18,10.26,--,3,3108,卖盘
282,14:38:15,10.26,--,21,21546,卖盘
283,14:38:09,10.26,--,23,23598,卖盘
284,14:38:06,10.26,-0.01,3,3078,卖盘
285,14:38:03,10.27,0.01,1,1027,买盘
286,14:38:00,10.26,-0.01,1,1026,卖盘
287,14:37:54,10.27,0.01,7,7189,买盘
288,14:37:51,10.26,--,15,16385,买盘
289,14:37:45,10.26,0.01,10,10260,买盘
290,14:37:42,10.25,-0.01,27,27675,卖盘
291,14:37:39,10.26,--,106,108786,卖盘
292,14:37:36,10.26,--,23,23598,卖盘
293,14:37:33,10.26,--,68,69768,卖盘
294,14:37:30,10.26,--,26,26676,卖盘
295,14:37:27,10.26,--,28,28728,卖盘
296,14:37:24,10.26,-0.01,100,102600,卖盘
297,14:37:15,10.27,0.01,23,23621,买盘
298,14:37:12,10.26,--,1,1026,卖盘
299,14:37:06,10.26,-0.01,33,33858,卖盘
300,14:37:03,10.27,--,75,77025,买盘
301,14:36:54,10.27,0.01,1,1027,买盘
302,14:36:48,10.26,--,1,2041,卖盘
303,14:36:42,10.26,--,3,3078,卖盘
304,14:36:39,10.26,--,1,1026,卖盘
305,14:36:36,10.26,-0.01,22,22572,卖盘
306,14:36:33,10.27,0.01,2,2054,买盘
307,14:36:21,10.26,-0.01,46,47196,卖盘
308,14:36:18,10.27,0.01,19,19513,买盘
309,14:36:12,10.26,-0.01,10,10260,卖盘
310,14:36:03,10.27,0.01,1,1027,买盘
311,14:36:00,10.26,-0.01,89,91314,卖盘
312,14:35:57,10.27,--,53,54431,买盘
313,14:35:54,10.27,--,5,5135,买盘
314,14:35:51,10.27,--,7,7189,买盘
315,14:35:48,10.27,0.01,33,33891,买盘
316,14:35:45,10.26,--,16,16416,卖盘
317,14:35:42,10.26,--,3,3078,卖盘
318,14:35:39,10.26,-0.01,1,1026,卖盘
319,14:35:36,10.27,--,20,20540,买盘
320,14:35:33,10.27,0.01,1,1027,买盘
321,14:35:24,10.26,--,21,21546,卖盘
322,14:35:18,10.26,-0.01,31,31806,卖盘
323,14:35:12,10.27,--,44,45188,买盘
324,14:35:03,10.27,--,2,2054,买盘
325,14:35:00,10.27,0.01,3,3081,买盘
326,14:34:57,10.26,--,21,21546,卖盘
327,14:34:54,10.26,--,22,22572,卖盘
328,14:34:51,10.26,--,1,2041,卖盘
329,14:34:45,10.26,--,1,1026,卖盘
330,14:34:42,10.26,-0.01,3,3078,卖盘
331,14:34:39,10.27,--,2,2054,买盘
332,14:34:33,10.27,--,7,7189,买盘
333,14:34:30,10.27,0.01,1,1027,买盘
334,14:34:27,10.26,--,22,22572,卖盘
335,14:34:24,10.26,-0.01,4,4104,卖盘
336,14:34:18,10.27,--,11,11297,买盘
337,14:34:15,10.27,--,10,10270,买盘
338,14:34:12,10.27,0.01,32,32864,买盘
339,14:34:06,10.26,-0.01,62,63612,卖盘
340,14:34:03,10.27,--,1,1027,买盘
341,14:33:57,10.27,--,10,10270,买盘
342,14:33:51,10.27,0.01,5,5135,买盘
343,14:33:48,10.26,--,3,3078,卖盘
344,14:33:45,10.26,-0.01,1,2041,卖盘
345,14:33:39,10.27,0.01,40,41080,买盘
346,14:33:36,10.26,--,15,15390,卖盘
347,14:33:33,10.26,--,16,16416,卖盘
348,14:33:30,10.26,--,31,31806,卖盘
349,14:33:21,10.26,-0.01,1,1026,卖盘
350,14:33:18,10.27,0.01,2,2054,买盘
351,14:33:15,10.26,-0.01,8,8208,卖盘
352,14:33:12,10.27,--,30,30810,买盘
353,14:33:03,10.27,--,1,1027,买盘
354,14:33:00,10.27,--,31,31837,买盘
355,14:32:57,10.27,0.01,1,1027,买盘
356,14:32:54,10.26,-0.01,52,53352,卖盘
357,14:32:51,10.27,0.01,5,5135,买盘
358,14:32:48,10.26,-0.01,203,208278,卖盘
359,14:32:45,10.27,--,21,21567,买盘
360,14:32:39,10.27,0.01,2,2054,买盘
361,14:32:36,10.26,-0.01,29,29754,卖盘
362,14:32:33,10.27,--,32,32864,买盘
363,14:32:30,10.27,--,159,163293,买盘
364,14:32:24,10.27,0.01,7,7189,买盘
365,14:32:21,10.26,-0.01,42,43092,卖盘
366,14:32:18,10.27,0.01,129,132483,买盘
367,14:32:12,10.26,--,18,18468,卖盘
368,14:32:09,10.26,-0.01,5,5130,卖盘
369,14:32:03,10.27,--,6,6162,买盘
370,14:31:57,10.27,0.01,2,2054,买盘
371,14:31:45,10.26,--,3,3078,卖盘
372,14:31:42,10.26,-0.01,1,2041,卖盘
373,14:31:39,10.27,--,1,1027,买盘
374,14:31:36,10.27,0.01,10,10270,买盘
375,14:31:33,10.26,--,31,31806,卖盘
376,14:31:21,10.26,-0.01,10,10260,卖盘
377,14:31:18,10.27,0.01,2,2054,买盘
378,14:31:06,10.26,-0.01,49,50274,卖盘
379,14:31:03,10.27,--,123,126321,买盘
380,14:31:00,10.27,0.01,3,3081,买盘
381,14:30:57,10.26,-0.01,1,1026,卖盘
382,14:30:54,10.27,0.01,10,10270,买盘
383,14:30:45,10.26,-0.01,3,3078,卖盘
384,14:30:42,10.27,0.01,7,7189,买盘
385,14:30:36,10.26,-0.01,22,22572,卖盘
386,14:30:33,10.27,--,5,5135,买盘
387,14:30:30,10.27,--,2,2054,买盘
388,14:30:21,10.27,--,20,20540,买盘
389,14:30:15,10.27,0.01,56,57512,买盘
390,14:30:12,10.26,--,242,249276,买盘
391,14:30:09,10.26,--,139,142614,买盘
392,14:30:06,10.26,0.01,177,181602,买盘
393,14:30:03,10.25,-0.01,26,26650,卖盘
394,14:29:57,10.26,0.01,2,2052,买盘
395,14:29:54,10.25,-0.01,5,5125,卖盘
396,14:29:48,10.26,--,13,13338,买盘
397,14:29:45,10.26,0.01,10,10260,买盘
398,14:29:42,10.25,-0.01,24,24600,卖盘
399,14:29:39,10.26,--,5,5130,买盘
400,14:29:36,10.26,--,2,2052,买盘
401,14:29:30,10.26,--,1,1026,买盘
402,14:29:27,10.26,0.01,10,10260,买盘
403,14:29:24,10.25,-0.01,1,1025,卖盘
404,14:29:15,10.26,--,50,51659,买盘
405,14:29:03,10.26,--,5,5130,买盘
406,14:28:57,10.26,--,8,8208,买盘
407,14:28:51,10.26,--,22,22572,买盘
408,14:28:42,10.26,0.01,9,9234,买盘
409,14:28:33,10.25,-0.01,5,5125,卖盘
410,14:28:30,10.26,--,8,8208,买盘
411,14:28:09,10.26,--,152,156957,买盘
412,14:28:06,10.26,--,10,10260,买盘
413,14:28:03,10.26,--,11,11286,买盘
414,14:28:00,10.26,--,6,6156,买盘
415,14:27:57,10.26,0.01,9,9234,买盘
416,14:27:36,10.25,-0.01,11,11275,卖盘
417,14:27:33,10.26,0.01,60,61560,买盘
418,14:27:30,10.25,--,3,3075,卖盘
419,14:27:27,10.25,-0.01,1,1025,卖盘
420,14:27:12,10.26,--,20,20520,买盘
421,14:27:03,10.26,--,10,10260,买盘
422,14:27:00,10.26,0.01,4,4104,买盘
423,14:26:54,10.25,--,20,20500,卖盘
424,14:26:51,10.25,-0.01,8,8200,卖盘
425,14:26:48,10.26,--,13,13338,买盘
426,14:26:45,10.26,--,7,7182,买盘
427,14:26:42,10.26,--,2,2052,买盘
428,14:26:33,10.26,--,39,40014,买盘
429,14:26:27,10.26,0.01,103,105678,买盘
430,14:26:24,10.25,-0.01,4,4100,卖盘
431,14:26:21,10.26,0.01,7,7182,买盘
432,14:26:06,10.25,-0.01,42,44054,卖盘
433,14:26:03,10.26,0.01,2,2052,买盘
434,14:25:57,10.25,--,15,15375,卖盘
435,14:25:36,10.25,-0.01,2,2050,卖盘
436,14:25:33,10.26,0.01,1,1026,买盘
437,14:25:30,10.25,--,2,2050,卖盘
438,14:25:27,10.25,-0.01,102,104550,卖盘
439,14:25:24,10.26,0.01,1,1026,买盘
440,14:25:21,10.25,--,6,6150,卖盘
441,14:25:18,10.25,-0.01,43,44075,卖盘
442,14:25:03,10.26,0.01,5,5130,买盘
443,14:24:57,10.25,--,1,1025,卖盘
444,14:24:48,10.25,--,30,30750,卖盘
445,14:24:45,10.25,--,2,2050,卖盘
446,14:24:33,10.25,--,17,17425,卖盘
447,14:24:30,10.25,--,2,2050,卖盘
448,14:24:27,10.25,--,3,3075,卖盘
449,14:24:24,10.25,--,9,9225,卖盘
450,14:24:21,10.25,--,4,4100,卖盘
451,14:24:06,10.25,-0.01,42,44054,卖盘
452,14:24:03,10.26,0.01,1,1026,买盘
453,14:24:00,10.25,--,60,61500,卖盘
454,14:23:57,10.25,--,21,21525,卖盘
455,14:23:42,10.25,-0.01,1,1025,卖盘
456,14:23:39,10.26,--,5,5130,买盘
457,14:23:33,10.26,0.01,1,1026,买盘
458,14:23:30,10.25,--,700,717500,卖盘
459,14:23:15,10.25,-0.01,4,4100,卖盘
460,14:23:12,10.26,--,10,10260,买盘
461,14:23:03,10.26,--,2,2052,买盘
462,14:23:00,10.26,--,34,34884,买盘
463,14:22:54,10.26,--,2,2093,卖盘
464,14:22:48,10.26,--,14,14364,卖盘
465,14:22:45,10.26,-0.01,10,10260,卖盘
466,14:22:42,10.27,0.01,3,3081,买盘
467,14:22:39,10.26,-0.01,800,820800,卖盘
468,14:22:33,10.27,0.01,1,1027,买盘
469,14:22:12,10.26,--,10,10260,卖盘
470,14:22:09,10.26,--,3,3078,卖盘
471,14:22:06,10.26,-0.01,13,13338,卖盘
472,14:22:03,10.27,0.01,93,96517,买盘
473,14:21:54,10.26,-0.01,32,32832,卖盘
474,14:21:48,10.27,0.01,109,111943,买盘
475,14:21:45,10.26,-0.01,10,10260,卖盘
476,14:21:36,10.27,--,20,20540,买盘
477,14:21:33,10.27,0.01,2,2054,买盘
478,14:21:27,10.26,-0.02,122,125192,卖盘
479,14:21:21,10.28,0.01,22,22616,买盘
480,14:21:09,10.27,--,213,218751,卖盘
481,14:21:06,10.27,0.01,15,16411,买盘
482,14:21:03,10.26,--,119,122094,卖盘
483,14:20:33,10.26,-0.01,14,14364,卖盘
484,14:20:30,10.27,--,15,15425,卖盘
485,14:20:24,10.27,0.01,1,2033,买盘
486,14:20:18,10.26,-0.01,2,2052,卖盘
487,14:20:12,10.27,--,51,52397,卖盘
488,14:20:03,10.27,-0.01,48,50302,卖盘
489,14:19:45,10.28,0.01,2,2056,买盘
490,14:19:39,10.27,-0.01,21,21567,卖盘
491,14:19:33,10.28,--,1,1028,买盘
492,14:19:27,10.28,--,7,7196,买盘
493,14:19:24,10.28,-0.01,277,284776,卖盘
494,14:19:21,10.29,0.01,10,10290,买盘
495,14:19:18,10.28,--,37,38036,卖盘
496,14:19:15,10.28,--,12,12336,卖盘
497,14:19:12,10.28,--,244,250831,卖盘
498,14:19:09,10.28,--,41,42148,卖盘
499,14:19:06,10.28,--,19,19532,卖盘
500,14:19:03,10.28,--,7,7196,卖盘
501,14:19:00,10.28,--,10,10280,卖盘
502,14:18:57,10.28,--,41,42148,卖盘
503,14:18:51,10.28,--,3,3084,卖盘
504,14:18:48,10.28,--,24,24672,卖盘
505,14:18:45,10.28,--,18,18504,卖盘
506,14:18:42,10.28,-0.01,5,5140,卖盘
507,14:18:39,10.29,0.01,200,205799,买盘
508,14:18:36,10.28,--,1,1028,卖盘
509,14:18:33,10.28,--,18,18504,卖盘
510,14:18:30,10.28,--,520,535567,买盘
511,14:18:21,10.28,--,50,51400,买盘
512,14:18:15,10.28,--,13,13364,买盘
513,14:18:03,10.28,0.02,10,10280,买盘
514,14:18:00,10.26,-0.02,42,44097,卖盘
515,14:17:57,10.28,-0.01,56,57588,卖盘
516,14:17:51,10.29,0.01,13,13376,买盘
517,14:17:48,10.28,--,500,513999,卖盘
518,14:17:45,10.28,--,9,9252,卖盘
519,14:17:42,10.28,0.02,496,510895,买盘
520,14:17:39,10.26,-0.01,1,1026,卖盘
521,14:17:33,10.27,--,1,1027,买盘
522,14:17:24,10.27,0.01,13,13351,买盘
523,14:17:21,10.26,--,10,10260,卖盘
524,14:17:12,10.26,-0.01,1,1026,卖盘
525,14:17:06,10.27,--,19,19513,买盘
526,14:17:03,10.27,--,2,2054,买盘
527,14:17:00,10.27,0.01,10,10270,买盘
528,14:16:54,10.26,--,10,10260,卖盘
529,14:16:51,10.26,-0.01,3,3078,卖盘
530,14:16:48,10.27,0.01,7,7189,买盘
531,14:16:42,10.26,-0.01,1,1026,卖盘
532,14:16:36,10.27,--,21,21567,买盘
533,14:16:33,10.27,0.01,12,12324,买盘
534,14:16:30,10.26,-0.01,13,13338,卖盘
535,14:16:18,10.27,0.01,7,7189,买盘
536,14:16:15,10.26,-0.01,1,1026,卖盘
537,14:16:06,10.27,--,18,18486,买盘
538,14:16:03,10.27,0.01,2,2054,买盘
539,14:16:00,10.26,-0.01,1,1097,卖盘
540,14:15:57,10.27,0.01,47,49203,买盘
541,14:15:54,10.26,--,4,4104,卖盘
542,14:15:51,10.26,--,10,10260,卖盘
543,14:15:48,10.26,--,10,10260,卖盘
544,14:15:42,10.26,-0.01,1,1026,卖盘
545,14:15:33,10.27,--,1,1027,买盘
546,14:15:30,10.27,0.01,7,7189,买盘
547,14:15:24,10.26,-0.01,10,10260,卖盘
548,14:15:21,10.27,--,18,18486,买盘
549,14:15:18,10.27,0.01,13,13351,买盘
550,14:15:15,10.26,-0.01,3,3078,卖盘
551,14:15:12,10.27,--,31,31837,买盘
552,14:15:03,10.27,--,12,12324,买盘
553,14:15:00,10.27,0.01,4,4108,买盘
554,14:14:54,10.26,-0.01,3,3078,卖盘
555,14:14:51,10.27,--,30,30810,买盘
556,14:14:42,10.27,0.01,50,51350,买盘
557,14:14:33,10.26,-0.01,4,4104,卖盘
558,14:14:27,10.27,--,5,5135,买盘
559,14:14:24,10.27,--,4,4108,买盘
560,14:14:21,10.27,--,18,18486,买盘
561,14:14:15,10.27,--,8,8216,买盘
562,14:14:12,10.27,-0.01,9,9263,卖盘
563,14:14:06,10.28,--,100,102800,买盘
564,14:14:03,10.28,0.01,15,15419,买盘
565,14:13:57,10.27,--,98,101652,卖盘
566,14:13:54,10.27,--,3,3081,卖盘
567,14:13:51,10.27,-0.01,11,11297,卖盘
568,14:13:48,10.28,--,22,22616,买盘
569,14:13:42,10.28,--,22,22616,买盘
570,14:13:36,10.28,--,8,8224,买盘
571,14:13:33,10.28,0.01,2,2056,买盘
572,14:13:24,10.27,-0.01,4,4108,卖盘
573,14:13:18,10.28,--,100,102800,买盘
574,14:13:12,10.28,--,20,20560,买盘
575,14:13:09,10.28,--,3,3084,买盘
576,14:13:03,10.28,--,2,2056,买盘
577,14:12:57,10.28,0.02,10,10280,买盘
578,14:12:54,10.26,--,3,3078,卖盘
579,14:12:45,10.26,-0.01,2,2052,卖盘
580,14:12:42,10.27,-0.01,2,2054,中性盘
581,14:12:33,10.28,--,1,1028,买盘
582,14:12:24,10.28,--,378,388584,卖盘
583,14:12:15,10.28,-0.01,500,513999,卖盘
584,14:12:12,10.29,0.01,17,17493,买盘
585,14:12:09,10.28,0.01,727,747356,买盘
586,14:12:06,10.27,0.01,5,5135,买盘
587,14:12:03,10.26,--,3,3078,卖盘
588,14:11:57,10.26,--,42,44097,卖盘
589,14:11:54,10.26,0.01,14,14364,中性盘
590,14:11:39,10.25,-0.02,8,8200,卖盘
591,14:11:36,10.27,0.02,100,102700,买盘
592,14:11:33,10.25,-0.01,36,36900,卖盘
593,14:11:30,10.26,0.01,1,1026,买盘
594,14:11:24,10.25,-0.01,5,5125,卖盘
595,14:11:21,10.26,--,98,100548,卖盘
596,14:11:18,10.26,--,1,1026,卖盘
597,14:11:15,10.26,--,1,1026,卖盘
598,14:11:12,10.26,-0.01,8,8208,卖盘
599,14:11:06,10.27,0.01,1,1027,买盘
600,14:11:03,10.26,--,3,3078,卖盘
601,14:10:54,10.26,--,1,1026,卖盘
602,14:10:51,10.26,--,1,1026,卖盘
603,14:10:48,10.26,--,3,3078,卖盘
604,14:10:45,10.26,--,3,3078,卖盘
605,14:10:42,10.26,--,3,3078,卖盘
606,14:10:39,10.26,--,2,2052,卖盘
607,14:10:36,10.26,-0.01,3,3078,卖盘
608,14:10:33,10.27,0.01,2,2054,买盘
609,14:10:30,10.26,0.01,7,7182,买盘
610,14:10:18,10.25,-0.01,3,3075,卖盘
611,14:10:15,10.26,--,23,23598,卖盘
612,14:10:12,10.26,--,1,1026,卖盘
613,14:10:09,10.26,-0.01,50,51300,卖盘
614,14:10:03,10.27,0.01,1,1027,买盘
615,14:10:00,10.26,--,10,10260,卖盘
616,14:09:57,10.26,0.01,3,3078,买盘
617,14:09:54,10.25,-0.02,42,44054,卖盘
618,14:09:33,10.27,0.02,1,1027,买盘
619,14:09:30,10.25,--,15,16277,买盘
620,14:09:27,10.25,-0.01,1984,2033723,卖盘
621,14:09:21,10.26,--,4,4104,卖盘
622,14:09:18,10.26,-0.01,3,3078,卖盘
623,14:09:15,10.27,0.01,5,5135,买盘
624,14:09:09,10.26,--,28,28728,卖盘
625,14:09:06,10.26,-0.01,20,20520,卖盘
626,14:09:03,10.27,0.01,3,3081,买盘
627,14:08:51,10.26,--,10,10260,卖盘
628,14:08:42,10.26,--,13,13338,卖盘
629,14:08:36,10.26,-0.01,3,3078,卖盘
630,14:08:33,10.27,0.01,24,24648,买盘
631,14:08:27,10.26,-0.01,36,36936,卖盘
632,14:08:24,10.27,0.01,23,23621,买盘
633,14:08:21,10.26,-0.01,1,1026,卖盘
634,14:08:12,10.27,--,47,48269,买盘
635,14:08:03,10.27,0.01,2,2054,买盘
636,14:08:00,10.26,--,3,3078,卖盘
637,14:07:57,10.26,--,1,1026,卖盘
638,14:07:54,10.26,-0.01,42,44097,卖盘
639,14:07:48,10.27,0.01,27,27729,买盘
640,14:07:45,10.26,-0.01,200,205200,卖盘
641,14:07:42,10.27,--,100,102700,买盘
642,14:07:36,10.27,--,23,23621,买盘
643,14:07:33,10.27,0.01,2,2054,买盘
644,14:07:24,10.26,--,5,5130,卖盘
645,14:07:21,10.26,--,4,4104,卖盘
646,14:07:15,10.26,-0.01,20,20520,卖盘
647,14:07:03,10.27,0.01,1,1027,买盘
648,14:06:51,10.26,-0.01,3,3078,卖盘
649,14:06:48,10.27,--,8,8216,买盘
650,14:06:42,10.27,--,10,10270,买盘
651,14:06:39,10.27,-0.01,81,83187,卖盘
652,14:06:33,10.28,0.01,1,1028,买盘
653,14:06:21,10.27,--,4,4108,卖盘
654,14:06:18,10.27,0.01,25,25675,中性盘
655,14:06:12,10.26,--,7,7182,卖盘
656,14:06:09,10.26,-0.02,4,4104,卖盘
657,14:06:03,10.28,0.02,3,3084,买盘
658,14:06:00,10.26,--,10,10260,卖盘
659,14:05:54,10.26,--,2,2226,卖盘
660,14:05:51,10.26,-0.02,40,41871,卖盘
661,14:05:45,10.28,0.01,1000,1027999,买盘
662,14:05:33,10.27,0.01,1,1027,买盘
663,14:05:30,10.26,--,21,21546,卖盘
664,14:05:24,10.26,--,3,3078,卖盘
665,14:05:18,10.26,--,3,3078,卖盘
666,14:05:15,10.26,-0.01,29,29754,卖盘
667,14:05:12,10.27,--,25,25675,买盘
668,14:05:06,10.27,--,104,106808,买盘
669,14:05:03,10.27,0.02,2,2054,买盘
670,14:04:57,10.25,-0.02,4,4100,卖盘
671,14:04:54,10.27,--,94,96538,卖盘
672,14:04:51,10.27,--,8,8216,卖盘
673,14:04:45,10.27,0.01,420,431340,买盘
674,14:04:42,10.26,--,18,18468,买盘
675,14:04:36,10.26,0.01,73,74898,买盘
676,14:04:33,10.25,-0.01,5,5125,卖盘
677,14:04:27,10.26,--,1,1026,买盘
678,14:04:15,10.26,0.01,21,21546,买盘
679,14:04:06,10.25,-0.01,4,4100,卖盘
680,14:04:03,10.26,0.01,3,3078,买盘
681,14:03:51,10.25,-0.01,42,44054,卖盘
682,14:03:45,10.26,--,33,34863,买盘
683,14:03:39,10.26,--,26,26676,买盘
684,14:03:36,10.26,--,100,102600,买盘
685,14:03:33,10.26,0.01,1,1026,买盘
686,14:03:30,10.25,--,8,8200,卖盘
687,14:03:27,10.25,-0.01,3,3075,卖盘
688,14:03:21,10.26,--,38,38988,买盘
689,14:03:18,10.26,--,15,15390,买盘
690,14:03:12,10.26,--,15,15390,买盘
691,14:03:09,10.26,--,117,120042,买盘
692,14:03:06,10.26,--,2,2052,买盘
693,14:03:03,10.26,0.01,162,166212,买盘
694,14:03:00,10.25,-0.01,3,3075,卖盘
695,14:02:57,10.26,--,500,513000,买盘
696,14:02:54,10.26,--,3,3078,买盘
697,14:02:51,10.26,0.01,300,307800,买盘
698,14:02:45,10.25,--,4,4100,卖盘
699,14:02:39,10.25,-0.01,5,5125,卖盘
700,14:02:36,10.26,--,2,2052,买盘
701,14:02:33,10.26,0.01,1,1026,买盘
702,14:02:30,10.25,-0.01,4,4100,卖盘
703,14:02:27,10.26,0.01,20,20520,买盘
704,14:02:15,10.25,-0.01,9,9225,卖盘
705,14:02:06,10.26,--,1,1026,买盘
706,14:02:03,10.26,--,1,1026,买盘
707,14:02:00,10.26,0.01,5,5130,买盘
708,14:01:57,10.25,--,31,31775,卖盘
709,14:01:51,10.25,--,1,1209,卖盘
710,14:01:48,10.25,--,41,42845,卖盘
711,14:01:42,10.25,--,13,13325,卖盘
712,14:01:39,10.25,-0.01,30,30750,卖盘
713,14:01:33,10.26,0.01,2,2052,买盘
714,14:01:24,10.25,--,50,52254,买盘
715,14:01:21,10.25,--,238,243970,卖盘
716,14:01:12,10.25,--,10,10250,卖盘
717,14:01:06,10.25,-0.01,66,67650,卖盘
718,14:01:03,10.26,--,2,2052,买盘
719,14:01:00,10.26,0.01,2,2052,买盘
720,14:00:57,10.25,--,10,10250,卖盘
721,14:00:45,10.25,--,4,4100,卖盘
722,14:00:42,10.25,0.01,162,167054,买盘
723,14:00:33,10.24,--,5,5120,卖盘
724,14:00:30,10.24,-0.01,10,10240,卖盘
725,14:00:27,10.25,--,34,34850,买盘
726,14:00:24,10.25,--,100,102500,买盘
727,14:00:18,10.25,0.01,19,19475,买盘
728,14:00:15,10.24,-0.01,1,1024,卖盘
729,14:00:09,10.25,0.01,10,10250,买盘
730,14:00:06,10.24,--,20,20480,卖盘
731,14:00:03,10.24,--,82,83968,卖盘
732,13:59:48,10.24,-0.01,42,44011,卖盘
733,13:59:33,10.25,--,6,6150,买盘
734,13:59:30,10.25,--,4,4100,买盘
735,13:59:27,10.25,--,34,34850,买盘
736,13:59:24,10.25,--,51,52295,卖盘
737,13:59:21,10.25,--,10,11254,买盘
738,13:59:00,10.25,--,1,1025,买盘
739,13:58:54,10.25,--,7,7175,买盘
740,13:58:45,10.25,0.01,130,133250,买盘
741,13:58:39,10.24,-0.01,41,41984,卖盘
742,13:58:33,10.25,0.01,1,1025,买盘
743,13:58:30,10.24,-0.01,21,21504,卖盘
744,13:58:27,10.25,0.01,92,94300,买盘
745,13:58:21,10.24,-0.01,3,3072,卖盘
746,13:58:18,10.25,--,323,331095,卖盘
747,13:58:15,10.25,--,3,3075,卖盘
748,13:58:12,10.25,-0.01,14,14350,卖盘
749,13:58:03,10.26,0.01,2,2052,买盘
750,13:57:45,10.25,--,42,44054,卖盘
751,13:57:42,10.25,--,4,4100,卖盘
752,13:57:39,10.25,-0.01,18,18450,卖盘
753,13:57:33,10.26,0.01,1,1026,买盘
754,13:57:06,10.25,-0.01,4,4100,卖盘
755,13:57:03,10.26,0.01,1,1026,买盘
756,13:56:57,10.25,--,9,9225,卖盘
757,13:56:51,10.25,--,6,6150,卖盘
758,13:56:45,10.25,--,1,1025,卖盘
759,13:56:39,10.25,-0.01,10,10250,卖盘
760,13:56:33,10.26,0.01,2,2052,买盘
761,13:56:30,10.25,--,1,1025,卖盘
762,13:56:27,10.25,--,17,17425,卖盘
763,13:56:21,10.25,--,3,3075,卖盘
764,13:56:18,10.25,--,2,2050,卖盘
765,13:56:15,10.25,--,10,10250,卖盘
766,13:56:12,10.25,-0.01,6,6150,卖盘
767,13:56:09,10.26,0.01,103,105678,买盘
768,13:56:03,10.25,-0.01,4,4100,卖盘
769,13:56:00,10.26,0.01,17,17442,买盘
770,13:55:57,10.25,0.01,436,446900,买盘
771,13:55:51,10.24,-0.01,3,3072,卖盘
772,13:55:48,10.25,0.01,60,61500,买盘
773,13:55:45,10.24,--,2,2897,卖盘
774,13:55:42,10.24,-0.01,40,41113,卖盘
775,13:55:36,10.25,--,32,32800,买盘
776,13:55:33,10.25,0.01,1,1025,买盘
777,13:55:30,10.24,--,1,1024,卖盘
778,13:55:27,10.24,-0.01,19,19456,卖盘
779,13:55:24,10.25,--,21,21525,卖盘
780,13:55:15,10.25,--,40,41891,买盘
781,13:55:12,10.25,--,199,203975,买盘
782,13:55:09,10.25,0.01,187,191675,买盘
783,13:55:03,10.24,-0.01,35,35840,卖盘
784,13:55:00,10.25,--,22,22550,买盘
785,13:54:57,10.25,--,11,11275,买盘
786,13:54:48,10.25,--,100,102500,买盘
787,13:54:36,10.25,--,35,35875,买盘
788,13:54:33,10.25,0.01,1,1025,买盘
789,13:54:30,10.24,-0.01,2,2048,卖盘
790,13:54:18,10.25,--,51,52275,买盘
791,13:54:09,10.25,--,10,10250,买盘
792,13:54:06,10.25,0.01,10,10250,买盘
793,13:54:03,10.24,-0.01,17,17408,卖盘
794,13:54:00,10.25,--,74,75850,买盘
795,13:53:51,10.25,0.01,110,112750,买盘
796,13:53:48,10.24,-0.01,103,105472,卖盘
797,13:53:45,10.25,0.01,60,61500,买盘
798,13:53:42,10.24,-0.02,77,78960,卖盘
799,13:53:39,10.26,--,104,106704,买盘
800,13:53:33,10.26,0.02,442,453492,买盘
801,13:53:30,10.24,-0.01,17,17408,卖盘
802,13:53:27,10.25,-0.01,490,502270,卖盘
803,13:53:24,10.26,--,55,56430,买盘
804,13:53:09,10.26,0.01,12,12312,买盘
805,13:53:06,10.25,--,6,6150,卖盘
806,13:53:03,10.25,-0.01,4,4100,卖盘
807,13:53:00,10.26,0.01,1,1026,买盘
808,13:52:57,10.25,-0.01,47,48175,卖盘
809,13:52:48,10.26,--,18,18468,买盘
810,13:52:45,10.26,0.01,11,11286,买盘
811,13:52:42,10.25,-0.01,5,5125,卖盘
812,13:52:36,10.26,--,11,11286,买盘
813,13:52:33,10.26,0.01,1,1026,买盘
814,13:52:18,10.25,--,280,287000,卖盘
815,13:52:12,10.25,--,3,3075,卖盘
816,13:52:06,10.25,-0.01,3,3075,卖盘
817,13:52:03,10.26,0.01,2,2052,买盘
818,13:51:48,10.25,-0.01,20,20500,卖盘
819,13:51:45,10.26,0.01,19,19494,中性盘
820,13:51:39,10.25,-0.02,42,44054,卖盘
821,13:51:33,10.27,0.01,7,7189,买盘
822,13:51:30,10.26,--,1,1026,卖盘
823,13:51:15,10.26,--,24,24624,卖盘
824,13:51:06,10.26,-0.01,13,13338,卖盘
825,13:51:03,10.27,--,1,1027,买盘
826,13:51:00,10.27,-0.01,33,33891,卖盘
827,13:50:57,10.28,0.01,3,3084,买盘
828,13:50:54,10.27,--,45,46215,买盘
829,13:50:48,10.27,--,33,33891,买盘
830,13:50:45,10.27,--,11,11297,买盘
831,13:50:39,10.27,0.01,10,10270,买盘
832,13:50:33,10.26,--,3,3078,买盘
833,13:50:27,10.26,--,1,1026,买盘
834,13:50:24,10.26,0.01,13,13338,买盘
835,13:50:21,10.25,-0.01,9,9840,卖盘
836,13:50:12,10.26,0.01,13,13338,买盘
837,13:50:06,10.25,--,4,4100,卖盘
838,13:50:03,10.25,--,991,1015775,买盘
839,13:50:00,10.25,--,100,102500,买盘
840,13:49:51,10.25,--,1,1025,买盘
841,13:49:48,10.25,--,5,5125,买盘
842,13:49:45,10.25,--,11,11275,买盘
843,13:49:42,10.25,0.01,11,11275,买盘
844,13:49:39,10.24,-0.01,42,44011,卖盘
845,13:49:33,10.25,0.01,5,5125,买盘
846,13:49:30,10.24,-0.01,1,1024,卖盘
847,13:49:18,10.25,--,10,10250,买盘
848,13:49:15,10.25,0.01,20,20500,买盘
849,13:49:09,10.24,--,2,2048,卖盘
850,13:49:06,10.24,-0.01,3,3072,卖盘
851,13:49:03,10.25,--,2,2050,买盘
852,13:48:57,10.25,--,59,60475,买盘
853,13:48:54,10.25,--,67,68675,卖盘
854,13:48:48,10.25,-0.01,13,13325,卖盘
855,13:48:42,10.26,--,11,11286,买盘
856,13:48:33,10.26,--,15,15390,买盘
857,13:48:30,10.26,0.01,10,10260,买盘
858,13:48:27,10.25,-0.01,3,3075,卖盘
859,13:48:21,10.26,--,32,32832,买盘
860,13:48:15,10.26,0.01,11,11286,买盘
861,13:48:12,10.25,--,4,4100,卖盘
862,13:48:06,10.25,-0.01,3,3075,卖盘
863,13:48:03,10.26,0.01,1,1026,买盘
864,13:48:00,10.25,--,1,1025,卖盘
865,13:47:57,10.25,--,13,13325,卖盘
866,13:47:48,10.25,--,41,42025,卖盘
867,13:47:45,10.25,--,9,9225,卖盘
868,13:47:42,10.25,0.01,7,7462,买盘
869,13:47:39,10.24,--,49,51179,卖盘
870,13:47:36,10.24,--,3,3072,卖盘
871,13:47:30,10.24,--,137,141291,买盘
872,13:47:27,10.24,0.01,19,19456,买盘
873,13:47:24,10.23,-0.01,20,20460,卖盘
874,13:47:09,10.24,0.01,5,5120,买盘
875,13:47:06,10.23,--,3,3069,卖盘
876,13:47:03,10.23,-0.01,2,2046,卖盘
877,13:46:57,10.24,0.01,8,8192,买盘
878,13:46:54,10.23,-0.01,3,3069,卖盘
879,13:46:51,10.24,--,150,153600,买盘
880,13:46:48,10.24,--,203,207872,买盘
881,13:46:36,10.24,--,3,3072,买盘
882,13:46:33,10.24,--,1,1024,买盘
883,13:46:30,10.24,--,5,5120,买盘
884,13:46:27,10.24,0.01,9,9216,买盘
885,13:46:18,10.23,-0.01,2,2046,卖盘
886,13:46:15,10.24,-0.01,353,361492,卖盘
887,13:46:12,10.25,0.01,5,5125,买盘
888,13:46:03,10.24,-0.01,6,6144,卖盘
889,13:46:00,10.25,--,62,63550,买盘
890,13:45:42,10.25,0.01,14,14350,买盘
891,13:45:39,10.24,--,103,105472,卖盘
892,13:45:36,10.24,-0.01,59,61419,卖盘
893,13:45:33,10.25,0.01,1,1025,买盘
894,13:45:30,10.24,-0.01,1,1024,卖盘
895,13:45:27,10.25,--,18,18450,买盘
896,13:45:24,10.25,--,13,13325,买盘
897,13:45:18,10.25,0.01,11,11275,买盘
898,13:45:15,10.24,-0.01,44,45056,卖盘
899,13:45:03,10.25,--,34,34850,买盘
900,13:45:00,10.25,--,5,5125,买盘
901,13:44:57,10.25,0.01,11,11275,买盘
902,13:44:51,10.24,-0.01,46,47104,卖盘
903,13:44:48,10.25,--,11,11275,买盘
904,13:44:42,10.25,--,87,89175,买盘
905,13:44:36,10.25,0.01,66,67650,买盘
906,13:44:33,10.24,-0.01,44,45056,卖盘
907,13:44:30,10.25,--,63,64575,买盘
908,13:44:18,10.25,0.01,165,169125,买盘
909,13:44:12,10.24,-0.01,6,6144,卖盘
910,13:44:06,10.25,--,10,10250,买盘
911,13:44:03,10.25,0.01,1,1025,买盘
912,13:44:00,10.24,--,3,3072,卖盘
913,13:43:48,10.24,-0.01,30,30720,卖盘
914,13:43:42,10.25,0.02,22,22550,买盘
915,13:43:33,10.23,-0.01,43,44991,卖盘
916,13:43:30,10.24,--,4,4096,卖盘
917,13:43:27,10.24,--,3,3072,卖盘
918,13:43:24,10.24,0.01,1,1024,买盘
919,13:43:03,10.23,--,12,12276,卖盘
920,13:43:00,10.23,--,3,3069,卖盘
921,13:42:54,10.23,-0.01,3,3069,卖盘
922,13:42:51,10.24,--,69,70656,买盘
923,13:42:45,10.24,0.01,2,2048,买盘
924,13:42:36,10.23,-0.01,43,43989,卖盘
925,13:42:33,10.24,0.01,1,1024,买盘
926,13:42:30,10.23,--,54,55242,卖盘
927,13:42:27,10.23,-0.01,2,2046,卖盘
928,13:42:21,10.24,--,7,7168,买盘
929,13:42:18,10.24,--,1,1024,买盘
930,13:42:15,10.24,--,182,186368,卖盘
931,13:42:12,10.24,--,1,1024,卖盘
932,13:42:06,10.24,--,23,23552,买盘
933,13:42:03,10.24,0.01,1,1024,买盘
934,13:41:57,10.23,--,58,59334,卖盘
935,13:41:45,10.23,-0.01,50,51150,卖盘
936,13:41:39,10.24,-0.01,10,10240,卖盘
937,13:41:36,10.25,0.02,44,45100,买盘
938,13:41:33,10.23,-0.02,42,43968,卖盘
939,13:41:30,10.25,0.01,16,16400,买盘
940,13:41:27,10.24,-0.01,12,12288,卖盘
941,13:41:21,10.25,0.01,13,13325,买盘
942,13:41:15,10.24,0.01,9,9216,买盘
943,13:41:06,10.23,--,7,7161,卖盘
944,13:41:03,10.23,--,230,235290,卖盘
945,13:40:51,10.23,-0.02,20,20460,卖盘
946,13:40:45,10.25,0.01,120,123000,买盘
947,13:40:33,10.24,--,5,5857,卖盘
948,13:40:30,10.24,--,36,37150,买盘
949,13:40:21,10.24,--,46,47841,卖盘
950,13:40:15,10.24,--,5,5120,卖盘
951,13:40:06,10.24,-0.01,3,3072,卖盘
952,13:40:03,10.25,--,2,2050,买盘
953,13:39:57,10.25,0.01,11,11275,买盘
954,13:39:51,10.24,--,38,38912,卖盘
955,13:39:45,10.24,--,91,93184,卖盘
956,13:39:42,10.24,--,1,1024,卖盘
957,13:39:33,10.24,-0.01,58,60395,卖盘
958,13:39:30,10.25,0.01,53,54325,买盘
959,13:39:27,10.24,-0.01,1,1024,卖盘
960,13:39:21,10.25,--,33,33825,买盘
961,13:39:18,10.25,0.01,11,11275,买盘
962,13:39:15,10.24,--,3,3072,卖盘
963,13:39:09,10.24,-0.01,3,3072,卖盘
964,13:39:06,10.25,--,14,14350,买盘
965,13:39:03,10.25,0.01,4,4100,买盘
966,13:39:00,10.24,-0.01,8,8192,卖盘
967,13:38:57,10.25,0.01,12,12300,买盘
968,13:38:48,10.24,--,20,20480,卖盘
969,13:38:45,10.24,--,7,7168,卖盘
970,13:38:42,10.24,--,14,14336,卖盘
971,13:38:39,10.24,--,56,57344,卖盘
972,13:38:33,10.24,--,92,94208,卖盘
973,13:38:30,10.24,-0.01,12,12288,卖盘
974,13:38:24,10.25,--,142,145550,买盘
975,13:38:21,10.25,0.01,11,11275,买盘
976,13:38:18,10.24,-0.01,22,22528,卖盘
977,13:38:09,10.25,0.01,30,30750,买盘
978,13:38:06,10.24,-0.01,17,17408,卖盘
979,13:38:03,10.25,0.01,2,2050,买盘
980,13:37:54,10.24,--,5,5120,卖盘
981,13:37:51,10.24,--,10,10240,卖盘
982,13:37:48,10.24,--,80,81920,卖盘
983,13:37:39,10.24,--,5,5120,卖盘
984,13:37:36,10.24,--,3,3072,卖盘
985,13:37:33,10.24,--,4,4096,卖盘
986,13:37:30,10.24,--,97,100331,卖盘
987,13:37:18,10.24,--,96,98631,卖盘
988,13:37:15,10.24,-0.01,50,51200,卖盘
989,13:37:09,10.25,0.01,11,11275,买盘
990,13:37:06,10.24,-0.01,34,34816,卖盘
991,13:37:03,10.25,0.01,1,1025,买盘
992,13:36:51,10.24,--,93,95232,买盘
993,13:36:45,10.24,--,96,98304,卖盘
994,13:36:39,10.24,--,3,3072,卖盘
995,13:36:36,10.24,-0.01,50,51200,卖盘
996,13:36:33,10.25,0.01,16,16400,买盘
997,13:36:30,10.24,--,67,68608,买盘
998,13:36:27,10.24,--,11,11264,买盘
999,13:36:24,10.24,0.01,11,11264,买盘
1000,13:36:18,10.23,-0.01,91,93665,卖盘
1001,13:36:15,10.24,--,16,16384,买盘
1002,13:36:12,10.24,--,84,86016,卖盘
1003,13:36:06,10.24,--,188,192512,卖盘
1004,13:36:03,10.24,-0.01,10,10240,卖盘
1005,13:35:57,10.25,0.02,7,7175,买盘
1006,13:35:48,10.23,-0.02,54,55242,卖盘
1007,13:35:39,10.25,--,63,64575,买盘
1008,13:35:33,10.25,0.02,50,51250,买盘
1009,13:35:30,10.23,--,42,43968,卖盘
1010,13:35:18,10.23,-0.02,102,104918,卖盘
1011,13:35:06,10.25,0.02,22,22550,买盘
1012,13:35:03,10.23,--,5,5115,卖盘
1013,13:35:00,10.23,--,11,11253,卖盘
1014,13:34:54,10.23,--,22,22506,卖盘
1015,13:34:39,10.23,--,4,4092,卖盘
1016,13:34:33,10.23,--,21,21483,卖盘
1017,13:34:30,10.23,-0.02,2,2046,卖盘
1018,13:34:21,10.25,0.02,11,11275,买盘
1019,13:34:18,10.23,--,38,39313,卖盘
1020,13:34:15,10.23,-0.01,58,59466,卖盘
1021,13:34:12,10.24,--,1,2027,买盘
1022,13:34:09,10.24,--,71,72704,买盘
1023,13:34:03,10.24,0.01,1,1024,买盘
1024,13:33:57,10.23,-0.01,66,67518,卖盘
1025,13:33:42,10.24,--,21,21504,买盘
1026,13:33:36,10.24,--,7,7188,卖盘
1027,13:33:33,10.24,--,11,11264,卖盘
1028,13:33:27,10.24,0.01,64,66539,卖盘
1029,13:33:18,10.23,-0.01,38,39354,卖盘
1030,13:33:15,10.24,--,53,54364,卖盘
1031,13:33:09,10.24,--,46,47104,卖盘
1032,13:33:03,10.24,-0.03,4,4096,卖盘
1033,13:33:00,10.27,0.02,800,821600,买盘
1034,13:32:57,10.25,0.01,77,78925,买盘
1035,13:32:54,10.24,--,180,184320,卖盘
1036,13:32:48,10.24,-0.01,10,10240,卖盘
1037,13:32:36,10.25,0.01,157,160925,买盘
1038,13:32:33,10.24,--,4,4096,卖盘
1039,13:32:30,10.24,--,17,17408,卖盘
1040,13:32:27,10.24,--,2,2048,卖盘
1041,13:32:21,10.24,--,25,25600,卖盘
1042,13:32:15,10.24,--,142,145981,卖盘
1043,13:32:09,10.24,--,12,12288,卖盘
1044,13:32:06,10.24,-0.01,20,20480,卖盘
1045,13:32:03,10.25,0.01,2,2050,买盘
1046,13:31:54,10.24,--,27,27648,卖盘
1047,13:31:36,10.24,-0.01,3,3072,卖盘
1048,13:31:33,10.25,0.01,1,1025,买盘
1049,13:31:30,10.24,--,1,1024,卖盘
1050,13:31:27,10.24,--,1,1761,卖盘
1051,13:31:24,10.24,--,41,42250,卖盘
1052,13:31:15,10.24,--,42,43458,卖盘
1053,13:31:12,10.24,-0.01,53,54394,卖盘
1054,13:31:09,10.25,--,55,56375,买盘
1055,13:31:03,10.25,--,1,1025,买盘
1056,13:31:00,10.25,--,6,6150,买盘
1057,13:30:51,10.25,--,31,32226,卖盘
1058,13:30:36,10.25,--,3,3075,卖盘
1059,13:30:33,10.25,-0.01,102,104550,卖盘
1060,13:30:27,10.26,0.01,11,11286,买盘
1061,13:30:18,10.25,--,3,3075,卖盘
1062,13:30:12,10.25,-0.01,91,93849,卖盘
1063,13:30:09,10.26,--,88,90288,买盘
1064,13:30:03,10.26,--,1,1026,买盘
1065,13:29:57,10.26,0.01,1,1026,买盘
1066,13:29:54,10.25,-0.01,14,14350,卖盘
1067,13:29:51,10.26,--,27,27702,买盘
1068,13:29:39,10.26,0.01,57,58482,买盘
1069,13:29:36,10.25,-0.01,3,3075,卖盘
1070,13:29:33,10.26,0.02,10,10260,买盘
1071,13:29:30,10.24,--,29,29696,卖盘
1072,13:29:24,10.24,--,42,44011,卖盘
1073,13:29:18,10.24,-0.01,10,10240,卖盘
1074,13:29:12,10.25,0.01,99,102008,买盘
1075,13:29:09,10.24,--,53,54312,卖盘
1076,13:29:06,10.24,-0.01,3,3072,卖盘
1077,13:29:03,10.25,--,2,2050,买盘
1078,13:28:57,10.25,--,14,14350,买盘
1079,13:28:54,10.25,--,50,51250,买盘
1080,13:28:51,10.25,0.01,55,56375,买盘
1081,13:28:48,10.24,-0.01,12,12288,卖盘
1082,13:28:42,10.25,--,22,22550,买盘
1083,13:28:33,10.25,0.01,1,1025,买盘
1084,13:28:27,10.24,--,4,4096,卖盘
1085,13:28:12,10.24,-0.01,38,39454,卖盘
1086,13:28:09,10.25,--,53,54355,卖盘
1087,13:28:06,10.25,--,15,15375,卖盘
1088,13:28:03,10.25,--,3,3485,卖盘
1089,13:28:00,10.25,--,11,11326,卖盘
1090,13:27:57,10.25,--,10,10250,卖盘
1091,13:27:54,10.25,-0.01,18,18450,卖盘
1092,13:27:45,10.26,0.01,9,9234,买盘
1093,13:27:42,10.25,--,21,21525,卖盘
1094,13:27:39,10.25,0.01,22,23564,买盘
1095,13:27:36,10.24,-0.01,3,3072,卖盘
1096,13:27:33,10.25,0.01,2,2050,买盘
1097,13:27:30,10.24,-0.01,1,1024,卖盘
1098,13:27:24,10.25,-0.01,45,47139,卖盘
1099,13:27:18,10.26,0.01,103,105678,买盘
1100,13:27:09,10.25,--,94,96924,卖盘
1101,13:27:06,10.25,-0.01,4,4100,卖盘
1102,13:27:03,10.26,0.01,1,1026,买盘
1103,13:27:00,10.25,-0.01,23,23575,卖盘
1104,13:26:33,10.26,0.01,1,1026,买盘
1105,13:26:30,10.25,--,3,3075,卖盘
1106,13:26:18,10.25,0.01,80,82000,买盘
1107,13:26:12,10.24,--,11,11264,卖盘
1108,13:26:09,10.24,--,38,39413,卖盘
1109,13:26:06,10.24,-0.01,60,61511,卖盘
1110,13:26:03,10.25,--,66,67650,卖盘
1111,13:25:42,10.25,--,51,52275,买盘
1112,13:25:33,10.25,--,8,8200,卖盘
1113,13:25:30,10.25,-0.01,1,1025,卖盘
1114,13:25:24,10.26,0.02,54,55404,买盘
1115,13:25:21,10.24,-0.01,42,44011,卖盘
1116,13:25:18,10.25,--,7,7175,卖盘
1117,13:25:12,10.25,--,11,11275,卖盘
1118,13:25:06,10.25,-0.01,91,93849,卖盘
1119,13:25:03,10.26,0.01,1,1026,买盘
1120,13:24:51,10.25,--,20,20500,卖盘
1121,13:24:48,10.25,0.01,37,37945,买盘
1122,13:24:42,10.24,-0.01,5,5120,卖盘
1123,13:24:39,10.25,--,34,34850,买盘
1124,13:24:33,10.25,--,2,2050,买盘
1125,13:24:30,10.25,--,11,11275,买盘
1126,13:24:27,10.25,--,12,12300,买盘
1127,13:24:18,10.25,0.01,33,33825,买盘
1128,13:24:15,10.24,--,13,13312,卖盘
1129,13:24:06,10.24,-0.01,38,39424,卖盘
1130,13:24:03,10.25,0.01,181,185586,买盘
1131,13:23:54,10.24,-0.01,8,8192,卖盘
1132,13:23:48,10.25,0.01,15,15375,买盘
1133,13:23:39,10.24,--,3,3072,卖盘
1134,13:23:36,10.24,-0.01,7,7168,卖盘
1135,13:23:33,10.25,--,1,1025,买盘
1136,13:23:30,10.25,0.01,134,137350,买盘
1137,13:23:27,10.24,-0.01,42,43008,卖盘
1138,13:23:24,10.25,0.01,33,33825,买盘
1139,13:23:21,10.24,-0.01,56,58347,卖盘
1140,13:23:15,10.25,0.01,19,19475,买盘
1141,13:23:12,10.24,--,11,11264,卖盘
1142,13:23:09,10.24,-0.01,23,23552,卖盘
1143,13:23:03,10.25,0.01,99,102049,买盘
1144,13:22:51,10.24,--,70,71680,卖盘
1145,13:22:36,10.24,-0.01,10,10240,卖盘
1146,13:22:33,10.25,0.01,1,1025,买盘
1147,13:22:24,10.24,-0.01,4,4096,卖盘
1148,13:22:21,10.25,--,13,13325,买盘
1149,13:22:15,10.25,0.01,43,44075,买盘
1150,13:22:12,10.24,--,11,11264,卖盘
1151,13:22:06,10.24,--,3,3072,卖盘
1152,13:22:03,10.24,--,39,40314,卖盘
1153,13:22:00,10.24,-0.01,61,62658,卖盘
1154,13:21:48,10.25,0.01,2,2050,买盘
1155,13:21:39,10.24,-0.01,203,207872,卖盘
1156,13:21:33,10.25,0.01,2,2050,买盘
1157,13:21:30,10.24,--,5,5120,卖盘
1158,13:21:21,10.24,0.01,5,5785,中性盘
1159,13:21:18,10.23,-0.01,40,41257,卖盘
1160,13:21:12,10.24,-0.01,14,14336,卖盘
1161,13:21:09,10.25,0.01,22,22550,买盘
1162,13:21:03,10.24,0.01,13,13312,买盘
1163,13:21:00,10.23,--,38,39436,卖盘
1164,13:20:57,10.23,--,191,196037,卖盘
1165,13:20:48,10.23,--,5,5115,卖盘
1166,13:20:39,10.23,-0.01,7,7161,卖盘
1167,13:20:33,10.24,0.01,4,4096,中性盘
1168,13:20:27,10.23,-0.02,7,7161,卖盘
1169,13:20:24,10.25,0.02,20,20500,买盘
1170,13:20:21,10.23,--,5,5115,卖盘
1171,13:20:18,10.23,-0.01,8,8184,卖盘
1172,13:20:12,10.24,0.01,10,10240,卖盘
1173,13:20:09,10.23,-0.01,25,25575,卖盘
1174,13:20:06,10.24,-0.01,3,3072,卖盘
1175,13:20:03,10.25,--,2,2050,买盘
1176,13:20:00,10.25,0.02,54,55903,买盘
1177,13:19:57,10.23,-0.01,73,74699,卖盘
1178,13:19:51,10.24,-0.01,1,1024,卖盘
1179,13:19:48,10.25,0.02,22,22550,买盘
1180,13:19:39,10.23,--,4,4092,卖盘
1181,13:19:36,10.23,-0.02,3,3069,卖盘
1182,13:19:33,10.25,0.02,1,1025,买盘
1183,13:19:30,10.23,--,1,1023,卖盘
1184,13:19:27,10.23,-0.01,14,14322,卖盘
1185,13:19:24,10.24,--,1,1024,卖盘
1186,13:19:21,10.24,--,6,6144,卖盘
1187,13:19:18,10.24,--,49,51179,卖盘
1188,13:19:15,10.24,--,1,1024,卖盘
1189,13:19:12,10.24,--,14,14336,卖盘
1190,13:19:09,10.24,0.01,37,37888,买盘
1191,13:19:03,10.23,--,4,4092,卖盘
1192,13:18:57,10.23,--,142,145838,卖盘
1193,13:18:51,10.23,--,2,2046,卖盘
1194,13:18:48,10.23,--,2,2046,卖盘
1195,13:18:45,10.23,-0.02,12,12276,卖盘
1196,13:18:42,10.25,0.02,10,10250,买盘
1197,13:18:39,10.23,-0.01,17,17391,卖盘
1198,13:18:36,10.24,-0.01,3,3072,卖盘
1199,13:18:33,10.25,0.02,1,1025,买盘
1200,13:18:30,10.23,--,13,13299,卖盘
1201,13:18:27,10.23,-0.02,6,6138,卖盘
1202,13:18:21,10.25,0.02,64,65600,买盘
1203,13:18:18,10.23,--,9,9207,卖盘
1204,13:18:15,10.23,--,24,24552,卖盘
1205,13:18:09,10.23,--,28,28644,卖盘
1206,13:18:06,10.23,-0.01,3,3069,卖盘
1207,13:18:03,10.24,--,11,11264,买盘
1208,13:18:00,10.24,0.01,48,49152,中性盘
1209,13:17:57,10.23,--,92,94678,卖盘
1210,13:17:54,10.23,--,53,54229,卖盘
1211,13:17:51,10.23,--,6,6138,卖盘
1212,13:17:48,10.23,--,18,18414,卖盘
1213,13:17:42,10.23,-0.02,39,39897,卖盘
1214,13:17:39,10.25,0.02,47,48175,买盘
1215,13:17:36,10.23,-0.01,5,5115,卖盘
1216,13:17:33,10.24,0.01,1,1024,买盘
1217,13:17:27,10.23,--,25,25575,卖盘
1218,13:17:21,10.23,--,3,3069,卖盘
1219,13:17:18,10.23,--,61,62443,卖盘
1220,13:17:15,10.23,--,50,52111,卖盘
1221,13:17:12,10.23,--,13,13299,卖盘
1222,13:17:06,10.23,--,28,28644,卖盘
1223,13:17:03,10.23,--,10,10230,卖盘
1224,13:16:57,10.23,--,2,2046,卖盘
1225,13:16:54,10.23,--,102,104918,卖盘
1226,13:16:51,10.23,--,3,3069,卖盘
1227,13:16:48,10.23,--,2,2046,卖盘
1228,13:16:36,10.23,-0.01,9,9207,卖盘
1229,13:16:33,10.24,0.01,2,2048,买盘
1230,13:16:30,10.23,--,1,1023,卖盘
1231,13:16:27,10.23,--,13,13299,卖盘
1232,13:16:21,10.23,-0.01,3,3069,卖盘
1233,13:16:18,10.24,-0.01,23,23552,买盘
1234,13:16:15,10.25,0.02,40,41000,买盘
1235,13:16:12,10.23,--,11,11253,卖盘
1236,13:16:06,10.23,--,48,49104,卖盘
1237,13:16:03,10.23,--,4,4092,卖盘
1238,13:16:00,10.23,--,9,9207,卖盘
1239,13:15:57,10.23,--,14,14322,卖盘
1240,13:15:54,10.23,--,168,172395,卖盘
1241,13:15:51,10.23,--,53,54259,卖盘
1242,13:15:48,10.23,-0.01,16,16368,卖盘
1243,13:15:45,10.24,0.01,50,51200,卖盘
1244,13:15:39,10.23,--,6,6138,卖盘
1245,13:15:36,10.23,-0.01,70,71610,卖盘
1246,13:15:33,10.24,--,4,4096,买盘
1247,13:15:27,10.24,--,12,12288,买盘
1248,13:15:24,10.24,0.01,13,13312,买盘
1249,13:15:21,10.23,--,14,14322,卖盘
1250,13:15:18,10.23,--,21,21483,卖盘
1251,13:15:15,10.23,-0.01,42,43968,卖盘
1252,13:15:12,10.24,0.01,16,16384,买盘
1253,13:15:06,10.23,-0.01,22,22506,卖盘
1254,13:15:03,10.24,0.01,2,2048,买盘
1255,13:14:57,10.23,--,34,34782,卖盘
1256,13:14:54,10.23,--,60,61380,卖盘
1257,13:14:51,10.23,--,38,39303,卖盘
1258,13:14:48,10.23,-0.02,59,60500,卖盘
1259,13:14:42,10.25,0.01,52,53300,买盘
1260,13:14:39,10.24,0.01,20,20480,买盘
1261,13:14:36,10.23,-0.01,31,31713,卖盘
1262,13:14:33,10.24,0.01,1,1024,买盘
1263,13:14:30,10.23,--,6,6138,卖盘
1264,13:14:27,10.23,-0.01,28,28644,卖盘
1265,13:14:24,10.24,0.01,64,65536,买盘
1266,13:14:21,10.23,-0.01,5,5115,卖盘
1267,13:14:18,10.24,0.01,32,32768,买盘
1268,13:14:15,10.23,--,50,51150,卖盘
1269,13:14:12,10.23,-0.01,11,11253,卖盘
1270,13:14:09,10.24,0.01,5,5120,买盘
1271,13:14:06,10.23,-0.01,9,9207,卖盘
1272,13:14:03,10.24,0.01,1,1024,买盘
1273,13:13:57,10.23,-0.01,19,19437,卖盘
1274,13:13:54,10.24,0.01,6,6144,买盘
1275,13:13:48,10.23,-0.02,98,100826,卖盘
1276,13:13:39,10.25,0.02,22,22550,买盘
1277,13:13:36,10.23,-0.02,9,9207,卖盘
1278,13:13:33,10.25,0.02,2,2050,买盘
1279,13:13:27,10.23,-0.01,35,35805,卖盘
1280,13:13:24,10.24,--,1,1024,卖盘
1281,13:13:21,10.24,--,10,10240,卖盘
1282,13:13:18,10.24,-0.01,14,14336,卖盘
1283,13:13:15,10.25,0.01,40,41000,买盘
1284,13:13:12,10.24,--,122,125911,卖盘
1285,13:13:09,10.24,--,10,10240,卖盘
1286,13:13:06,10.24,-0.01,18,18432,卖盘
1287,13:13:03,10.25,0.01,4,4100,买盘
1288,13:12:57,10.24,-0.01,57,58368,卖盘
1289,13:12:54,10.25,--,6,6150,买盘
1290,13:12:51,10.25,0.01,8,8200,买盘
1291,13:12:48,10.24,--,55,56709,卖盘
1292,13:12:45,10.24,--,53,54456,卖盘
1293,13:12:36,10.24,-0.01,14,14336,卖盘
1294,13:12:33,10.25,0.01,1,1025,买盘
1295,13:12:30,10.24,--,23,23552,卖盘
1296,13:12:27,10.24,--,13,13312,卖盘
1297,13:12:24,10.24,--,10,10240,卖盘
1298,13:12:18,10.24,--,40,40960,卖盘
1299,13:12:12,10.24,-0.01,27,27648,卖盘
1300,13:12:09,10.25,--,35,35875,卖盘
1301,13:12:06,10.25,--,7,7175,卖盘
1302,13:12:03,10.25,-0.01,6,6150,卖盘
1303,13:12:00,10.26,0.02,27,27702,买盘
1304,13:11:57,10.24,-0.01,18,18432,卖盘
1305,13:11:48,10.25,--,2,2050,卖盘
1306,13:11:45,10.25,--,95,97949,卖盘
1307,13:11:36,10.25,-0.01,3,3075,卖盘
1308,13:11:33,10.26,0.01,1,1026,买盘
1309,13:11:27,10.25,--,13,13325,卖盘
1310,13:11:24,10.25,0.01,19,19864,买盘
1311,13:11:18,10.24,--,37,37888,卖盘
1312,13:11:15,10.24,--,11,11264,卖盘
1313,13:11:12,10.24,--,42,44011,卖盘
1314,13:11:06,10.24,-0.02,94,96419,卖盘
1315,13:11:03,10.26,0.01,4,4104,买盘
1316,13:10:57,10.25,0.01,190,195611,买盘
1317,13:10:51,10.24,-0.01,1,1024,卖盘
1318,13:10:48,10.25,0.01,26,26650,买盘
1319,13:10:45,10.24,-0.01,191,196157,卖盘
1320,13:10:42,10.25,0.01,10,10250,买盘
1321,13:10:36,10.24,--,25,25600,卖盘
1322,13:10:33,10.24,--,5,5120,卖盘
1323,13:10:30,10.24,--,1,1024,卖盘
1324,13:10:27,10.24,--,117,119808,卖盘
1325,13:10:24,10.24,-0.01,100,102400,卖盘
1326,13:10:18,10.25,--,315,322875,买盘
1327,13:10:15,10.25,-0.02,60,61664,卖盘
1328,13:10:12,10.27,0.02,45,47077,买盘
1329,13:10:09,10.25,--,1367,1401626,卖盘
1330,13:10:06,10.25,-0.02,111,113775,卖盘
1331,13:10:03,10.27,0.02,1,1027,买盘
1332,13:09:57,10.25,-0.02,41,42025,卖盘
1333,13:09:54,10.27,--,2,2054,买盘
1334,13:09:48,10.27,0.01,10,10270,买盘
1335,13:09:45,10.26,--,100,102600,卖盘
1336,13:09:42,10.26,--,91,93940,卖盘
1337,13:09:36,10.26,-0.01,22,22572,卖盘
1338,13:09:33,10.27,0.01,1,1027,中性盘
1339,13:09:27,10.26,-0.01,99,102045,卖盘
1340,13:09:21,10.27,--,10,10270,卖盘
1341,13:09:18,10.27,--,35,35945,卖盘
1342,13:09:12,10.27,--,53,55437,卖盘
1343,13:09:06,10.27,--,103,105781,卖盘
1344,13:09:03,10.27,-0.01,3,3081,卖盘
1345,13:09:00,10.28,0.01,6,6168,买盘
1346,13:08:57,10.27,--,13,13351,卖盘
1347,13:08:48,10.27,--,12,12324,卖盘
1348,13:08:42,10.27,--,38,39570,卖盘
1349,13:08:39,10.27,--,53,54461,卖盘
1350,13:08:36,10.27,-0.01,4,4108,卖盘
1351,13:08:30,10.28,--,7,7196,买盘
1352,13:08:27,10.28,0.01,12,12336,买盘
1353,13:08:18,10.27,-0.01,16,16432,卖盘
1354,13:08:15,10.28,0.01,3,3084,买盘
1355,13:08:12,10.27,--,11,11297,卖盘
1356,13:08:06,10.27,-0.03,68,69836,卖盘
1357,13:08:03,10.3,0.02,12,12360,买盘
1358,13:08:00,10.28,0.01,17,17476,买盘
1359,13:07:57,10.27,-0.03,109,111943,卖盘
1360,13:07:51,10.3,0.03,300,309000,买盘
1361,13:07:48,10.27,-0.01,27,27729,卖盘
1362,13:07:45,10.28,0.01,200,205600,买盘
1363,13:07:39,10.27,0.01,114,117078,买盘
1364,13:07:36,10.26,-0.01,17,17442,卖盘
1365,13:07:33,10.27,0.01,2,2054,买盘
1366,13:07:27,10.26,-0.01,61,62586,卖盘
1367,13:07:21,10.27,0.01,1,1027,买盘
1368,13:07:18,10.26,--,30,30780,卖盘
1369,13:07:15,10.26,-0.02,103,105678,卖盘
1370,13:07:12,10.28,0.02,100,102800,买盘
1371,13:07:09,10.26,--,45,47175,卖盘
1372,13:07:06,10.26,-0.02,6,6156,卖盘
1373,13:07:03,10.28,0.02,1,1028,买盘
1374,13:07:00,10.26,-0.02,5,5130,卖盘
1375,13:06:57,10.28,0.01,22,22616,买盘
1376,13:06:51,10.27,--,68,69836,卖盘
1377,13:06:45,10.27,-0.01,14,14378,卖盘
1378,13:06:39,10.28,0.01,22,22616,买盘
1379,13:06:36,10.27,--,2,2054,卖盘
1380,13:06:33,10.27,--,2,2054,卖盘
1381,13:06:30,10.27,--,1,1027,卖盘
1382,13:06:27,10.27,--,4,4108,卖盘
1383,13:06:18,10.27,--,6,6162,卖盘
1384,13:06:12,10.27,--,11,11297,卖盘
1385,13:06:09,10.27,-0.01,3,3081,卖盘
1386,13:06:06,10.28,--,27,27756,买盘
1387,13:06:03,10.28,0.01,5,5140,买盘
1388,13:05:57,10.27,--,19,19513,卖盘
1389,13:05:51,10.27,--,4,4108,卖盘
1390,13:05:48,10.27,--,2,2054,卖盘
1391,13:05:45,10.27,--,74,75998,卖盘
1392,13:05:36,10.27,-0.01,6,6162,卖盘
1393,13:05:33,10.28,0.01,1,1028,买盘
1394,13:05:27,10.27,--,5,5135,卖盘
1395,13:05:15,10.27,-0.01,27,27729,卖盘
1396,13:05:12,10.28,0.01,2,2056,买盘
1397,13:05:09,10.27,-0.01,56,58518,卖盘
1398,13:05:06,10.28,-0.01,16,16448,卖盘
1399,13:05:03,10.29,0.01,1,1029,买盘
1400,13:05:00,10.28,--,1,1028,卖盘
1401,13:04:57,10.28,--,22,22616,卖盘
1402,13:04:51,10.28,0.01,61,62707,买盘
1403,13:04:48,10.27,--,4,4108,卖盘
1404,13:04:45,10.27,-0.01,71,72917,卖盘
1405,13:04:39,10.28,--,5,5140,卖盘
1406,13:04:36,10.28,-0.01,15,15419,卖盘
1407,13:04:33,10.29,0.01,2,2058,买盘
1408,13:04:30,10.28,--,5,5140,卖盘
1409,13:04:27,10.28,--,58,60631,买盘
1410,13:04:24,10.28,--,11,11308,买盘
1411,13:04:18,10.28,0.01,20,20560,买盘
1412,13:04:15,10.27,-0.01,96,98612,卖盘
1413,13:04:09,10.28,--,12,13343,买盘
1414,13:04:06,10.28,--,39,40112,卖盘
1415,13:04:03,10.28,--,11,12315,买盘
1416,13:04:00,10.28,0.01,22,22616,买盘
1417,13:03:57,10.27,-0.01,39,40073,卖盘
1418,13:03:54,10.28,--,42,44183,买盘
1419,13:03:51,10.28,--,42,43196,卖盘
1420,13:03:45,10.28,--,8,8224,卖盘
1421,13:03:36,10.28,--,38,39064,卖盘
1422,13:03:33,10.28,--,4,4112,卖盘
1423,13:03:27,10.28,--,9,9252,卖盘
1424,13:03:15,10.28,--,19,19532,卖盘
1425,13:03:09,10.28,--,9,10187,卖盘
1426,13:03:06,10.28,-0.01,39,40163,卖盘
1427,13:03:03,10.29,0.01,2,2058,买盘
1428,13:03:00,10.28,--,2,2056,卖盘
1429,13:02:57,10.28,--,2,2056,卖盘
1430,13:02:45,10.28,--,3,3084,卖盘
1431,13:02:36,10.28,-0.01,2,2056,卖盘
1432,13:02:33,10.29,0.01,1,1029,买盘
1433,13:02:27,10.28,--,4,4112,卖盘
1434,13:02:21,10.28,0.01,2,2056,卖盘
1435,13:02:18,10.27,-0.01,11,11297,卖盘
1436,13:02:15,10.28,0.01,10,10280,中性盘
1437,13:02:06,10.27,-0.01,8,8216,卖盘
1438,13:02:03,10.28,--,8,8224,买盘
1439,13:02:00,10.28,--,16,16448,买盘
1440,13:01:57,10.28,-0.01,27,27756,卖盘
1441,13:01:54,10.29,-0.01,17,17493,卖盘
1442,13:01:51,10.3,--,110,113300,买盘
1443,13:01:48,10.3,0.01,99,101970,买盘
1444,13:01:45,10.29,--,2,2058,卖盘
1445,13:01:42,10.29,--,5,5145,卖盘
1446,13:01:36,10.29,-0.02,2,2058,卖盘
1447,13:01:33,10.31,0.02,2,2062,买盘
1448,13:01:30,10.29,--,3,3086,卖盘
1449,13:01:27,10.29,0.02,5,5145,中性盘
1450,13:01:15,10.27,-0.02,25,25675,卖盘
1451,13:01:12,10.29,0.02,5,5145,卖盘
1452,13:01:06,10.27,-0.03,61,63653,卖盘
1453,13:01:03,10.3,-0.01,1,1030,中性盘
1454,13:00:57,10.31,0.04,82,84542,中性盘
1455,13:00:45,10.27,--,20,20540,卖盘
1456,13:00:42,10.27,--,4,4108,卖盘
1457,13:00:39,10.27,--,3,3081,卖盘
1458,13:00:36,10.27,-0.05,92,94484,卖盘
1459,13:00:33,10.32,0.05,1,1032,买盘
1460,13:00:30,10.27,--,154,158158,买盘
1461,13:00:27,10.27,-0.03,276,283452,卖盘
1462,13:00:24,10.3,--,32,32960,卖盘
1463,13:00:21,10.3,0.01,122,125660,买盘
1464,13:00:15,10.29,-0.01,23,23666,卖盘
1465,13:00:12,10.3,0.01,65,66950,买盘
1466,13:00:09,10.29,0.03,120,123479,卖盘
1467,13:00:06,10.26,--,1634,1676484,卖盘
1468,13:00:03,10.26,0.01,186,190836,中性盘
1469,13:00:00,10.25,--,0,0,卖盘
1470,11:30:00,10.25,--,0,0,卖盘
1471,11:29:57,10.25,-0.03,44,45100,卖盘
1472,11:29:48,10.28,--,103,105884,卖盘
1473,11:29:45,10.28,0.03,72,74016,买盘
1474,11:29:42,10.25,-0.03,45,46125,卖盘
1475,11:29:39,10.28,--,20,20560,买盘
1476,11:29:36,10.28,--,31,31867,买盘
1477,11:29:33,10.28,--,11,11308,买盘
1478,11:29:27,10.28,--,21,21588,买盘
1479,11:29:24,10.28,0.03,11,11308,买盘
1480,11:29:18,10.25,--,11,11275,卖盘
1481,11:29:15,10.25,-0.03,34,34850,卖盘
1482,11:29:12,10.28,0.03,33,33924,买盘
1483,11:29:06,10.25,-0.01,170,175254,卖盘
1484,11:29:03,10.26,0.01,3,3078,中性盘
1485,11:28:57,10.25,-0.03,3,3075,卖盘
1486,11:28:54,10.28,-0.01,608,625024,卖盘
1487,11:28:48,10.29,0.01,10,10290,买盘
1488,11:28:45,10.28,--,6,6168,卖盘
1489,11:28:39,10.28,--,10,10280,卖盘
1490,11:28:36,10.28,--,21,21588,卖盘
1491,11:28:27,10.28,-0.01,66,67848,卖盘
1492,11:28:24,10.29,0.01,22,22637,买盘
1493,11:28:15,10.28,--,2,2056,卖盘
1494,11:28:12,10.28,0.03,332,341296,买盘
1495,11:28:06,10.25,--,4,4100,卖盘
1496,11:28:03,10.25,--,1,1363,卖盘
1497,11:27:57,10.25,-0.01,23,23575,卖盘
1498,11:27:48,10.26,0.01,8,8208,买盘
1499,11:27:45,10.25,-0.01,39,39975,卖盘
1500,11:27:42,10.26,--,9,9234,卖盘
1501,11:27:39,10.26,--,3,3078,买盘
1502,11:27:36,10.26,0.01,20,20520,卖盘
1503,11:27:27,10.25,--,8,8200,卖盘
1504,11:27:24,10.25,-0.01,55,56703,卖盘
1505,11:27:18,10.26,--,6,6217,买盘
1506,11:27:15,10.26,--,19,20458,卖盘
1507,11:27:06,10.26,--,7,7182,卖盘
1508,11:27:03,10.26,--,42,44097,卖盘
1509,11:27:00,10.26,--,3,3078,买盘
1510,11:26:57,10.26,0.01,24,24624,买盘
1511,11:26:54,10.25,--,9,9225,卖盘
1512,11:26:48,10.25,--,3,3075,卖盘
1513,11:26:45,10.25,--,8,8200,卖盘
1514,11:26:36,10.25,-0.01,29,29725,卖盘
1515,11:26:33,10.26,-0.02,10,10260,卖盘
1516,11:26:27,10.28,0.03,54,55512,买盘
1517,11:26:24,10.25,-0.03,91,93849,卖盘
1518,11:26:18,10.28,0.03,200,205600,买盘
1519,11:26:15,10.25,--,7,7175,卖盘
1520,11:26:12,10.25,--,11,11275,卖盘
1521,11:26:06,10.25,--,5,5125,卖盘
1522,11:25:57,10.25,-0.03,4,4100,卖盘
1523,11:25:51,10.28,0.03,13,13364,买盘
1524,11:25:48,10.25,--,15,15375,卖盘
1525,11:25:45,10.25,--,4,4100,卖盘
1526,11:25:36,10.25,--,22,22550,卖盘
1527,11:25:27,10.25,--,68,69700,卖盘
1528,11:25:24,10.25,--,38,39513,卖盘
1529,11:25:21,10.25,--,53,54335,卖盘
1530,11:25:18,10.25,--,239,245098,卖盘
1531,11:25:15,10.25,-0.04,36,36900,卖盘
1532,11:25:09,10.29,0.04,49,50420,买盘
1533,11:25:06,10.25,--,34,34850,卖盘
1534,11:25:03,10.25,--,42,44054,卖盘
1535,11:25:00,10.25,--,3,3075,卖盘
1536,11:24:57,10.25,--,64,65600,卖盘
1537,11:24:54,10.25,-0.03,101,103525,卖盘
1538,11:24:48,10.28,0.03,500,513999,买盘
1539,11:24:45,10.25,0.01,3,3075,中性盘
1540,11:24:36,10.24,-0.03,13,13312,卖盘
1541,11:24:33,10.27,0.03,2,2054,买盘
1542,11:24:30,10.24,-0.01,15,15360,卖盘
1543,11:24:27,10.25,0.01,3,3075,买盘
1544,11:24:24,10.24,--,44,45056,卖盘
1545,11:24:21,10.24,-0.02,91,93757,卖盘
1546,11:24:18,10.26,0.02,2,2052,买盘
1547,11:24:15,10.24,-0.02,82,83968,卖盘
1548,11:24:12,10.26,--,19,19494,卖盘
1549,11:24:09,10.26,0.02,20,20520,买盘
1550,11:24:06,10.24,-0.01,154,157696,卖盘
1551,11:24:03,10.25,--,3,3075,卖盘
1552,11:24:00,10.25,--,220,225500,卖盘
1553,11:23:54,10.25,--,163,167075,卖盘
1554,11:23:51,10.25,-0.01,120,123000,卖盘
1555,11:23:45,10.26,-0.01,6,6156,卖盘
1556,11:23:42,10.27,0.01,40,41080,买盘
1557,11:23:36,10.26,--,21,21546,卖盘
1558,11:23:24,10.26,--,13,13338,卖盘
1559,11:23:21,10.26,--,91,93940,卖盘
1560,11:23:15,10.26,--,33,33858,卖盘
1561,11:23:12,10.26,--,11,11286,卖盘
1562,11:23:09,10.26,--,22,22572,卖盘
1563,11:23:06,10.26,--,12,12312,卖盘
1564,11:23:00,10.26,--,47,49227,卖盘
1565,11:22:54,10.26,--,2,2052,卖盘
1566,11:22:45,10.26,--,6,6156,卖盘
1567,11:22:42,10.26,--,3,3078,卖盘
1568,11:22:36,10.26,--,5,5130,卖盘
1569,11:22:33,10.26,0.01,3,3078,中性盘
1570,11:22:24,10.25,--,23,23575,卖盘
1571,11:22:18,10.25,-0.01,91,93849,卖盘
1572,11:22:15,10.26,--,7,7182,卖盘
1573,11:22:12,10.26,-0.02,16,16416,卖盘
1574,11:22:09,10.28,0.01,10,10280,买盘
1575,11:22:06,10.27,-0.01,2,2054,卖盘
1576,11:22:03,10.28,--,24,25103,卖盘
1577,11:22:00,10.28,--,3,3084,卖盘
1578,11:21:54,10.28,--,6,6168,卖盘
1579,11:21:51,10.28,--,2,2056,卖盘
1580,11:21:45,10.28,--,2,2056,卖盘
1581,11:21:42,10.28,--,4,4112,卖盘
1582,11:21:39,10.28,0.02,23,24240,买盘
1583,11:21:36,10.26,--,7,7182,卖盘
1584,11:21:27,10.26,--,3,3078,卖盘
1585,11:21:24,10.26,--,24,24624,卖盘
1586,11:21:21,10.26,--,10,10260,卖盘
1587,11:21:18,10.26,--,91,93940,卖盘
1588,11:21:15,10.26,--,17,17442,卖盘
1589,11:21:12,10.26,--,11,11286,卖盘
1590,11:21:06,10.26,--,84,86184,卖盘
1591,11:21:03,10.26,--,4,4104,卖盘
1592,11:20:57,10.26,0.01,62,64617,中性盘
1593,11:20:54,10.25,-0.04,126,129150,卖盘
1594,11:20:51,10.29,0.04,222,228437,买盘
1595,11:20:45,10.25,-0.03,621,636525,卖盘
1596,11:20:42,10.28,--,139,142892,买盘
1597,11:20:36,10.28,0.02,331,340268,买盘
1598,11:20:24,10.26,--,38,38988,卖盘
1599,11:20:21,10.26,--,111,114460,买盘
1600,11:20:18,10.26,--,8,8208,买盘
1601,11:20:15,10.26,-0.01,76,77976,卖盘
1602,11:20:12,10.27,-0.01,11,11297,卖盘
1603,11:20:09,10.28,0.01,330,339240,买盘
1604,11:20:06,10.27,--,7,7189,卖盘
1605,11:20:03,10.27,0.01,168,172536,买盘
1606,11:19:54,10.26,--,33,33858,卖盘
1607,11:19:45,10.26,-0.01,5,5130,卖盘
1608,11:19:39,10.27,0.01,6,6162,买盘
1609,11:19:36,10.26,--,11,11286,买盘
1610,11:19:33,10.26,0.01,8,8208,买盘
1611,11:19:30,10.25,--,3,3075,卖盘
1612,11:19:24,10.25,--,25,25625,卖盘
1613,11:19:21,10.25,--,4,4100,卖盘
1614,11:19:15,10.25,-0.01,128,131774,卖盘
1615,11:19:12,10.26,--,10,10260,卖盘
1616,11:19:06,10.26,--,9,9234,卖盘
1617,11:19:03,10.26,0.01,107,109782,中性盘
1618,11:18:57,10.25,-0.01,42,44054,卖盘
1619,11:18:54,10.26,--,2,2052,卖盘
1620,11:18:51,10.26,--,3,3078,卖盘
1621,11:18:45,10.26,--,11,11286,卖盘
1622,11:18:36,10.26,--,10,10260,卖盘
1623,11:18:30,10.26,--,5,5130,卖盘
1624,11:18:24,10.26,--,36,36936,卖盘
1625,11:18:21,10.26,0.01,13,13338,卖盘
1626,11:18:15,10.25,-0.02,99,102049,卖盘
1627,11:18:12,10.27,0.02,31,31837,买盘
1628,11:18:06,10.25,-0.01,33,33825,卖盘
1629,11:18:00,10.26,-0.01,3,3078,卖盘
1630,11:17:57,10.27,0.02,50,51350,买盘
1631,11:17:54,10.25,--,111,113775,卖盘
1632,11:17:51,10.25,-0.01,560,574000,卖盘
1633,11:17:45,10.26,--,2,2052,卖盘
1634,11:17:36,10.26,0.01,5,5130,中性盘
1635,11:17:24,10.25,-0.01,22,22550,卖盘
1636,11:17:21,10.26,--,3,3078,卖盘
1637,11:17:18,10.26,0.01,11,11286,买盘
1638,11:17:15,10.25,--,46,47529,卖盘
1639,11:17:12,10.25,--,53,54519,卖盘
1640,11:17:06,10.25,-0.01,38,38950,卖盘
1641,11:16:54,10.26,-0.02,84,87189,卖盘
1642,11:16:51,10.28,0.01,108,111024,买盘
1643,11:16:48,10.27,0.01,29,29783,买盘
1644,11:16:45,10.26,-0.01,43,44118,卖盘
1645,11:16:39,10.27,0.01,7,7189,买盘
1646,11:16:36,10.26,-0.01,202,207252,卖盘
1647,11:16:33,10.27,--,9,9243,买盘
1648,11:16:27,10.27,0.01,5,5135,买盘
1649,11:16:24,10.26,-0.01,86,88236,卖盘
1650,11:16:21,10.27,0.01,6,6162,买盘
1651,11:16:15,10.26,--,62,63612,卖盘
1652,11:16:12,10.26,-0.01,201,206800,卖盘
1653,11:16:06,10.27,0.01,10,10270,买盘
1654,11:15:54,10.26,-0.01,4,4104,卖盘
1655,11:15:48,10.27,0.01,10,10270,买盘
1656,11:15:45,10.26,--,8,8208,卖盘
1657,11:15:36,10.26,--,7,7182,卖盘
1658,11:15:33,10.26,-0.01,3,3078,卖盘
1659,11:15:30,10.27,0.01,7,7189,买盘
1660,11:15:27,10.26,--,21,21546,卖盘
1661,11:15:24,10.26,--,36,36936,卖盘
1662,11:15:18,10.26,--,51,52326,卖盘
1663,11:15:15,10.26,--,29,29754,卖盘
1664,11:15:12,10.26,--,11,11286,卖盘
1665,11:15:09,10.26,--,91,93940,卖盘
1666,11:15:06,10.26,--,15,15390,卖盘
1667,11:15:03,10.26,--,3,3078,卖盘
1668,11:14:54,10.26,--,67,69747,卖盘
1669,11:14:45,10.26,-0.01,8,8208,卖盘
1670,11:14:39,10.27,0.01,117,120159,买盘
1671,11:14:36,10.26,--,42,43092,卖盘
1672,11:14:30,10.26,--,131,134406,卖盘
1673,11:14:27,10.26,--,17,17442,卖盘
1674,11:14:24,10.26,--,22,22572,卖盘
1675,11:14:18,10.26,--,3,3078,卖盘
1676,11:14:15,10.26,-0.01,8,8208,卖盘
1677,11:14:12,10.27,0.01,8,8216,卖盘
1678,11:14:09,10.26,-0.01,91,93940,卖盘
1679,11:14:06,10.27,--,38,39026,卖盘
1680,11:14:03,10.27,-0.01,4,4108,卖盘
1681,11:14:00,10.28,0.01,27,27756,买盘
1682,11:13:54,10.27,-0.01,57,58539,卖盘
1683,11:13:51,10.28,--,5,5140,买盘
1684,11:13:48,10.28,0.01,1,1028,买盘
1685,11:13:45,10.27,-0.01,8,8216,卖盘
1686,11:13:39,10.28,0.01,62,63735,买盘
1687,11:13:36,10.27,0.01,63,64701,买盘
1688,11:13:30,10.26,--,40,41081,卖盘
1689,11:13:27,10.26,--,13,13338,卖盘
1690,11:13:24,10.26,-0.01,10,10260,卖盘
1691,11:13:21,10.27,--,22,22594,买盘
1692,11:13:18,10.27,0.01,5,5135,买盘
1693,11:13:15,10.26,--,24,24624,卖盘
1694,11:13:12,10.26,--,26,26676,卖盘
1695,11:13:09,10.26,--,91,93940,卖盘
1696,11:13:03,10.26,--,15,15390,卖盘
1697,11:13:00,10.26,-0.01,15,15390,卖盘
1698,11:12:54,10.27,0.01,18,18486,买盘
1699,11:12:51,10.26,--,42,44097,卖盘
1700,11:12:48,10.26,--,4,4104,卖盘
1701,11:12:45,10.26,-0.01,3,3078,卖盘
1702,11:12:39,10.27,0.01,10,10270,买盘
1703,11:12:33,10.26,--,16,16416,卖盘
1704,11:12:24,10.26,-0.01,25,25650,卖盘
1705,11:12:21,10.27,--,35,35945,买盘
1706,11:12:18,10.27,0.01,10,10270,买盘
1707,11:12:15,10.26,--,3,3078,卖盘
1708,11:12:12,10.26,--,11,11286,卖盘
1709,11:12:09,10.26,--,38,39408,卖盘
1710,11:12:06,10.26,--,54,55557,卖盘
1711,11:12:03,10.26,-0.01,13,13338,卖盘
1712,11:11:57,10.27,--,7,7189,买盘
1713,11:11:54,10.27,-0.02,56,57512,卖盘
1714,11:11:48,10.29,--,2,2058,买盘
1715,11:11:45,10.29,-0.01,297,306086,卖盘
1716,11:11:36,10.3,0.01,110,113300,买盘
1717,11:11:33,10.29,--,6,6173,卖盘
1718,11:11:30,10.29,--,4,4116,卖盘
1719,11:11:27,10.29,--,20,20580,卖盘
1720,11:11:24,10.29,--,6,6173,卖盘
1721,11:11:15,10.29,--,21,21609,卖盘
1722,11:11:12,10.29,--,11,11318,卖盘
1723,11:11:06,10.29,--,94,97302,卖盘
1724,11:11:03,10.29,--,9,9261,卖盘
1725,11:10:54,10.29,--,2,2058,卖盘
1726,11:10:51,10.29,--,42,44226,卖盘
1727,11:10:45,10.29,--,9,9261,卖盘
1728,11:10:42,10.29,--,3,3086,卖盘
1729,11:10:36,10.29,0.03,45,46304,买盘
1730,11:10:33,10.26,--,2,2052,卖盘
1731,11:10:24,10.26,-0.02,6,6156,卖盘
1732,11:10:15,10.28,-0.01,24,24672,卖盘
1733,11:10:09,10.29,0.01,5,5145,买盘
1734,11:10:06,10.28,0.02,3,3084,买盘
1735,11:10:03,10.26,-0.01,100,103174,卖盘
1736,11:09:57,10.27,0.01,2,2054,卖盘
1737,11:09:54,10.26,-0.01,43,44118,卖盘
1738,11:09:45,10.27,0.01,15,15405,中性盘
1739,11:09:42,10.26,--,200,205200,卖盘
1740,11:09:33,10.26,-0.04,75,76950,卖盘
1741,11:09:27,10.3,0.03,279,287370,买盘
1742,11:09:24,10.27,--,76,78052,卖盘
1743,11:09:21,10.27,--,300,308100,卖盘
1744,11:09:15,10.27,--,66,67782,卖盘
1745,11:09:12,10.27,--,11,11297,卖盘
1746,11:09:09,10.27,--,200,205400,卖盘
1747,11:09:06,10.27,--,1,1027,卖盘
1748,11:09:03,10.27,-0.03,100,103275,卖盘
1749,11:09:00,10.3,0.03,31,31930,买盘
1750,11:08:54,10.27,--,13,13351,卖盘
1751,11:08:48,10.27,--,42,44140,卖盘
1752,11:08:45,10.27,--,25,25675,卖盘
1753,11:08:33,10.27,--,125,128375,卖盘
1754,11:08:27,10.27,--,60,62277,卖盘
1755,11:08:24,10.27,--,559,574093,卖盘
1756,11:08:21,10.27,-0.01,3,3081,卖盘
1757,11:08:18,10.28,--,1,1028,买盘
1758,11:08:15,10.28,0.01,98,100744,买盘
1759,11:08:03,10.27,--,51,52890,卖盘
1760,11:08:00,10.27,--,53,54492,卖盘
1761,11:07:57,10.27,--,3,3081,卖盘
1762,11:07:54,10.27,-0.01,9,9243,卖盘
1763,11:07:48,10.28,0.01,1,1028,买盘
1764,11:07:45,10.27,-0.01,10,10270,卖盘
1765,11:07:42,10.28,0.01,7,7196,买盘
1766,11:07:33,10.27,--,49,50323,卖盘
1767,11:07:30,10.27,-0.01,4,4108,卖盘
1768,11:07:27,10.28,0.01,225,231300,买盘
1769,11:07:24,10.27,--,7,7189,卖盘
1770,11:07:18,10.27,--,13,13351,卖盘
1771,11:07:15,10.27,--,6,6162,卖盘
1772,11:07:12,10.27,-0.01,10,11050,卖盘
1773,11:07:09,10.28,0.01,3,3084,买盘
1774,11:07:03,10.27,--,29,29783,卖盘
1775,11:07:00,10.27,--,105,108410,卖盘
1776,11:06:54,10.27,-0.01,23,23621,卖盘
1777,11:06:51,10.28,--,16,16448,买盘
1778,11:06:48,10.28,--,62,64743,买盘
1779,11:06:45,10.28,--,38,39064,买盘
1780,11:06:42,10.28,0.01,15,15419,买盘
1781,11:06:33,10.27,--,127,130429,卖盘
1782,11:06:30,10.27,-0.01,59,60593,卖盘
1783,11:06:24,10.28,--,95,97660,买盘
1784,11:06:21,10.28,0.01,10,10280,买盘
1785,11:06:18,10.27,--,26,26702,卖盘
1786,11:06:15,10.27,--,110,112970,卖盘
1787,11:06:12,10.27,-0.01,14,14378,卖盘
1788,11:06:09,10.28,0.01,11,11308,买盘
1789,11:06:06,10.27,-0.01,1,1027,卖盘
1790,11:06:03,10.28,--,3,3084,买盘
1791,11:06:00,10.28,--,113,116739,买盘
1792,11:05:57,10.28,--,5,5140,买盘
1793,11:05:54,10.28,--,2,2056,买盘
1794,11:05:51,10.28,--,422,434186,卖盘
1795,11:05:48,10.28,-0.01,26,26728,卖盘
1796,11:05:45,10.29,--,5,5145,中性盘
1797,11:05:33,10.29,-0.02,2,2058,卖盘
1798,11:05:27,10.31,0.02,21,21651,买盘
1799,11:05:24,10.29,--,7,7202,卖盘
1800,11:05:21,10.29,0.01,4,4116,买盘
1801,11:05:15,10.28,-0.01,11,11308,卖盘
1802,11:05:12,10.29,0.01,10,10290,中性盘
1803,11:05:03,10.28,--,14,14392,卖盘
1804,11:05:00,10.28,-0.01,38,39536,卖盘
1805,11:04:57,10.29,--,58,59784,卖盘
1806,11:04:54,10.29,-0.02,12,12347,卖盘
1807,11:04:51,10.31,0.02,10,10310,买盘
1808,11:04:45,10.29,-0.01,53,55545,卖盘
1809,11:04:33,10.3,--,51,52530,卖盘
1810,11:04:30,10.3,-0.01,4,4120,卖盘
1811,11:04:27,10.31,0.01,213,219603,买盘
1812,11:04:24,10.3,--,2,2060,卖盘
1813,11:04:15,10.3,--,37,38110,买盘
1814,11:04:12,10.3,0.01,10,10300,买盘
1815,11:04:09,10.29,--,2,2058,卖盘
1816,11:04:06,10.29,0.01,42,43341,买盘
1817,11:04:03,10.28,-0.01,2,2056,卖盘
1818,11:03:57,10.29,-0.01,52,53960,卖盘
1819,11:03:54,10.3,--,9,9270,卖盘
1820,11:03:51,10.3,0.01,4,4120,卖盘
1821,11:03:48,10.29,-0.01,10,10290,卖盘
1822,11:03:45,10.3,-0.01,5,5150,卖盘
1823,11:03:42,10.31,0.01,34,35054,买盘
1824,11:03:33,10.3,0.01,3,3090,中性盘
1825,11:03:24,10.29,-0.03,5,5145,卖盘
1826,11:03:21,10.32,0.03,10,10320,买盘
1827,11:03:15,10.29,--,14,14405,卖盘
1828,11:03:12,10.29,--,11,11318,卖盘
1829,11:03:06,10.29,--,1,1029,卖盘
1830,11:03:03,10.29,-0.02,34,34986,卖盘
1831,11:02:57,10.31,--,38,39611,卖盘
1832,11:02:54,10.31,-0.01,145,149639,卖盘
1833,11:02:51,10.32,0.01,23,23736,买盘
1834,11:02:48,10.31,0.03,3,3093,买盘
1835,11:02:45,10.28,-0.01,45,47267,卖盘
1836,11:02:42,10.29,-0.03,43,44246,卖盘
1837,11:02:36,10.32,0.03,200,206400,买盘
1838,11:02:33,10.29,--,3,3086,卖盘
1839,11:02:30,10.29,--,5,5145,卖盘
1840,11:02:24,10.29,--,3,3086,卖盘
1841,11:02:21,10.29,--,4,4116,卖盘
1842,11:02:18,10.29,--,3,3086,卖盘
1843,11:02:12,10.29,0.01,15,15434,中性盘
1844,11:02:03,10.28,--,20,20560,卖盘
1845,11:01:54,10.28,-0.01,98,101319,卖盘
1846,11:01:51,10.29,--,13,13479,卖盘
1847,11:01:42,10.29,--,25,25724,卖盘
1848,11:01:33,10.29,-0.01,106,109073,卖盘
1849,11:01:27,10.3,--,20,21527,卖盘
1850,11:01:24,10.3,-0.01,6,6180,卖盘
1851,11:01:15,10.31,0.01,1,1031,中性盘
1852,11:01:12,10.3,-0.01,10,10300,卖盘
1853,11:01:06,10.31,--,47,48457,卖盘
1854,11:01:00,10.31,--,3,3093,卖盘
1855,11:00:54,10.31,--,38,39734,卖盘
1856,11:00:51,10.31,-0.01,57,58787,卖盘
1857,11:00:48,10.32,--,20,20640,买盘
1858,11:00:45,10.32,0.01,2,2064,买盘
1859,11:00:42,10.31,--,42,44312,卖盘
1860,11:00:39,10.31,0.01,346,356726,买盘
1861,11:00:36,10.3,--,34,35020,卖盘
1862,11:00:18,10.3,0.01,88,91216,买盘
1863,11:00:15,10.29,--,100,102899,卖盘
1864,11:00:12,10.29,-0.01,13,13376,卖盘
1865,10:59:57,10.3,--,37,38563,卖盘
1866,10:59:51,10.3,-0.01,140,144776,卖盘
1867,10:59:48,10.31,--,20,20620,买盘
1868,10:59:45,10.31,0.01,1,1031,买盘
1869,10:59:39,10.3,--,3,3090,卖盘
1870,10:59:36,10.3,--,9,9270,卖盘
1871,10:59:33,10.3,--,20,20600,卖盘
1872,10:59:24,10.3,--,2,2060,卖盘
1873,10:59:21,10.3,--,160,164800,买盘
1874,10:59:15,10.3,0.02,4,4120,买盘
1875,10:59:12,10.28,--,11,11308,卖盘
1876,10:59:00,10.28,--,9,9252,卖盘
1877,10:58:51,10.28,-0.01,172,177391,卖盘
1878,10:58:45,10.29,-0.01,178,183161,卖盘
1879,10:58:42,10.3,0.01,44,46329,买盘
1880,10:58:39,10.29,--,8,8232,卖盘
1881,10:58:36,10.29,--,3,3086,卖盘
1882,10:58:30,10.29,--,40,41160,卖盘
1883,10:58:27,10.29,-0.01,1,1029,卖盘
1884,10:58:24,10.3,0.01,2,2060,买盘
1885,10:58:21,10.29,-0.01,3,3086,卖盘
1886,10:58:18,10.3,0.01,32,32960,买盘
1887,10:58:15,10.29,-0.01,10,10290,卖盘
1888,10:58:09,10.3,0.01,2,2060,买盘
1889,10:58:06,10.29,-0.01,1,1029,卖盘
1890,10:58:03,10.3,0.01,14,14420,买盘
1891,10:58:00,10.29,-0.01,3,3086,卖盘
1892,10:57:48,10.3,--,22,22660,买盘
1893,10:57:45,10.3,0.01,2,2060,买盘
1894,10:57:36,10.29,--,2,2058,卖盘
1895,10:57:33,10.29,--,3,3086,卖盘
1896,10:57:18,10.29,--,30,30869,卖盘
1897,10:57:15,10.29,--,11,11318,卖盘
1898,10:57:06,10.29,-0.01,5,5145,卖盘
1899,10:56:51,10.3,--,40,41200,买盘
1900,10:56:48,10.3,--,20,20600,买盘
1901,10:56:42,10.3,0.01,3,4047,买盘
1902,10:56:39,10.29,-0.01,40,41211,卖盘
1903,10:56:21,10.3,0.01,1,1030,买盘
1904,10:56:18,10.29,--,15,15434,卖盘
1905,10:56:12,10.29,--,11,11318,卖盘
1906,10:56:09,10.29,--,17,17493,买盘
1907,10:56:03,10.29,--,13,13376,买盘
1908,10:56:00,10.29,--,12,12347,买盘
1909,10:55:54,10.29,--,11,11318,买盘
1910,10:55:51,10.29,--,4,4116,买盘
1911,10:55:48,10.29,--,20,20580,买盘
1912,10:55:42,10.29,--,2,2058,买盘
1913,10:55:39,10.29,0.01,5,5145,买盘
1914,10:55:33,10.28,-0.01,3,3084,卖盘
1915,10:55:30,10.29,0.01,10,10290,买盘
1916,10:55:12,10.28,--,11,11308,卖盘
1917,10:55:06,10.28,--,1,1028,卖盘
1918,10:55:03,10.28,--,40,41120,卖盘
1919,10:54:57,10.28,-0.01,4,4112,卖盘
1920,10:54:54,10.29,--,5,5145,买盘
1921,10:54:48,10.29,--,70,72030,买盘
1922,10:54:42,10.29,0.01,5,6009,买盘
1923,10:54:39,10.28,-0.01,55,57547,卖盘
1924,10:54:33,10.29,-0.01,3,3086,卖盘
1925,10:54:30,10.3,0.01,16,16480,买盘
1926,10:54:24,10.29,--,2,2058,卖盘
1927,10:54:21,10.29,--,11,11463,卖盘
1928,10:54:15,10.29,--,11,11318,卖盘
1929,10:54:12,10.29,--,0,884,卖盘
1930,10:54:03,10.29,--,2,2058,卖盘
1931,10:54:00,10.29,--,49,50420,卖盘
1932,10:53:48,10.29,--,4,4116,卖盘
1933,10:53:45,10.29,0.02,5,5145,买盘
1934,10:53:42,10.27,-0.01,100,102700,卖盘
1935,10:53:39,10.28,--,38,39064,买盘
1936,10:53:36,10.28,--,51,52428,买盘
1937,10:53:33,10.28,0.01,55,56540,买盘
1938,10:53:30,10.27,-0.01,2,2054,卖盘
1939,10:53:24,10.28,--,4,4112,买盘
1940,10:53:21,10.28,0.01,120,123359,买盘
1941,10:53:18,10.27,-0.01,79,81133,卖盘
1942,10:53:15,10.28,--,60,62666,买盘
1943,10:53:12,10.28,--,32,32896,买盘
1944,10:53:09,10.28,--,2,2056,买盘
1945,10:53:06,10.28,0.01,10,10280,买盘
1946,10:53:00,10.27,--,183,187941,卖盘
1947,10:52:57,10.27,-0.01,48,49316,卖盘
1948,10:52:54,10.28,--,100,102800,卖盘
1949,10:52:39,10.28,-0.01,44,46239,卖盘
1950,10:52:36,10.29,--,55,56594,卖盘
1951,10:52:27,10.29,--,1,1029,卖盘
1952,10:52:21,10.29,-0.01,100,102899,卖盘
1953,10:52:15,10.3,0.01,102,105060,买盘
1954,10:52:12,10.29,-0.01,21,21609,卖盘
1955,10:52:09,10.3,0.01,2,2060,买盘
1956,10:52:06,10.29,-0.01,6,6173,卖盘
1957,10:52:03,10.3,--,7,7210,买盘
1958,10:52:00,10.3,-0.01,10,10300,卖盘
1959,10:51:57,10.31,0.01,24,24744,买盘
1960,10:51:51,10.3,0.01,16,16480,中性盘
1961,10:51:42,10.29,-0.03,17,17493,卖盘
1962,10:51:36,10.32,--,78,80496,买盘
1963,10:51:27,10.32,0.02,7,7224,买盘
1964,10:51:21,10.3,--,8,8260,卖盘
1965,10:51:18,10.3,-0.01,18,18540,卖盘
1966,10:51:15,10.31,0.01,146,151536,买盘
1967,10:51:12,10.3,-0.01,14,14420,卖盘
1968,10:51:06,10.31,0.01,3,3093,买盘
1969,10:51:03,10.3,--,4,4120,卖盘
1970,10:50:57,10.3,-0.01,61,62830,卖盘
1971,10:50:48,10.31,--,20,20620,买盘
1972,10:50:45,10.31,--,22,22682,买盘
1973,10:50:42,10.31,--,56,57736,买盘
1974,10:50:39,10.31,--,58,59818,卖盘
1975,10:50:36,10.31,--,42,44312,卖盘
1976,10:50:33,10.31,--,100,103100,买盘
1977,10:50:30,10.31,0.01,75,77325,买盘
1978,10:50:27,10.3,--,33,33990,卖盘
1979,10:50:24,10.3,--,36,37080,买盘
1980,10:50:21,10.3,--,164,168920,卖盘
1981,10:50:18,10.3,--,70,72100,卖盘
1982,10:50:12,10.3,-0.02,11,11330,卖盘
1983,10:50:06,10.32,0.01,40,41280,买盘
1984,10:50:00,10.31,0.01,3,3093,卖盘
1985,10:49:51,10.3,-0.01,12,12360,卖盘
1986,10:49:48,10.31,--,10,10310,买盘
1987,10:49:45,10.31,-0.01,44,45364,中性盘
1988,10:49:42,10.32,0.02,10,10340,买盘
1989,10:49:36,10.3,--,20,21609,买盘
1990,10:49:33,10.3,-0.01,193,198810,卖盘
1991,10:49:24,10.31,--,3,3093,中性盘
1992,10:49:21,10.31,--,46,47426,卖盘
1993,10:49:15,10.31,--,3,3093,卖盘
1994,10:49:12,10.31,-0.01,61,62891,卖盘
1995,10:49:09,10.32,0.01,5,5160,买盘
1996,10:49:06,10.31,-0.02,58,59798,卖盘
1997,10:49:00,10.33,--,50,51650,买盘
1998,10:48:57,10.33,0.01,1,1033,买盘
1999,10:48:54,10.32,0.01,4,4128,买盘
2000,10:48:48,10.31,-0.02,22,22682,卖盘
2001,10:48:45,10.33,0.03,100,103300,买盘
2002,10:48:36,10.3,-0.02,3,3738,卖盘
2003,10:48:33,10.32,--,45,46801,卖盘
2004,10:48:30,10.32,--,46,47472,卖盘
2005,10:48:18,10.32,0.01,345,356040,买盘
2006,10:48:15,10.31,-0.01,44,45364,卖盘
2007,10:48:12,10.32,0.01,310,319920,买盘
2008,10:48:00,10.31,--,25,25775,买盘
2009,10:47:54,10.31,--,7,7217,买盘
2010,10:47:48,10.31,0.01,706,727886,买盘
2011,10:47:45,10.3,--,5,5150,卖盘
2012,10:47:36,10.3,--,3,3090,卖盘
2013,10:47:33,10.3,-0.01,1,1030,卖盘
2014,10:47:27,10.31,--,1,1031,买盘
2015,10:47:21,10.31,0.02,223,229913,买盘
2016,10:47:18,10.29,-0.01,76,78749,卖盘
2017,10:47:15,10.3,0.01,99,101970,买盘
2018,10:47:12,10.29,--,456,469223,卖盘
2019,10:47:06,10.29,--,72,74088,卖盘
2020,10:47:03,10.29,--,109,112160,买盘
2021,10:46:57,10.29,--,199,204770,卖盘
2022,10:46:54,10.29,0.01,70,72030,买盘
2023,10:46:51,10.28,0.01,279,286832,买盘
2024,10:46:48,10.27,--,155,159862,买盘
2025,10:46:36,10.27,0.01,35,35945,买盘
2026,10:46:33,10.26,-0.01,42,44097,卖盘
2027,10:46:30,10.27,--,2,2054,买盘
2028,10:46:27,10.27,--,2,2054,买盘
2029,10:46:21,10.27,--,10,10270,买盘
2030,10:46:18,10.27,--,138,142075,卖盘
2031,10:46:15,10.27,-0.01,3,3081,卖盘
2032,10:46:12,10.28,--,101,103828,买盘
2033,10:46:06,10.28,0.01,693,713103,买盘
2034,10:46:03,10.27,-0.01,1,1027,卖盘
2035,10:46:00,10.28,--,11,11308,买盘
2036,10:45:48,10.28,0.01,36,37008,买盘
2037,10:45:45,10.27,--,74,75998,卖盘
2038,10:45:42,10.27,--,3,3081,卖盘
2039,10:45:39,10.27,-0.01,19,19513,卖盘
2040,10:45:30,10.28,0.01,1,1028,买盘
2041,10:45:27,10.27,--,50,51350,卖盘
2042,10:45:21,10.27,--,1,1027,卖盘
2043,10:45:15,10.27,--,7,7189,卖盘
2044,10:45:12,10.27,-0.01,11,11297,卖盘
2045,10:45:09,10.28,0.01,10,10280,买盘
2046,10:45:06,10.27,--,119,122213,卖盘
2047,10:44:57,10.27,-0.01,13,13351,卖盘
2048,10:44:54,10.28,0.01,20,20560,买盘
2049,10:44:45,10.27,-0.01,5,5135,卖盘
2050,10:44:39,10.28,--,25,25761,卖盘
2051,10:44:30,10.28,--,44,46239,卖盘
2052,10:44:24,10.28,--,10,10280,卖盘
2053,10:44:18,10.28,--,60,61679,卖盘
2054,10:44:15,10.28,--,11,11308,卖盘
2055,10:44:09,10.28,--,10,10280,卖盘
2056,10:44:06,10.28,-0.01,3,3084,卖盘
2057,10:43:57,10.29,0.01,80,82320,买盘
2058,10:43:51,10.28,-0.01,6,6168,卖盘
2059,10:43:48,10.29,--,20,20580,买盘
2060,10:43:30,10.29,0.01,2,2058,买盘
2061,10:43:21,10.28,-0.01,172,176816,卖盘
2062,10:43:18,10.29,--,9,9261,买盘
2063,10:43:15,10.29,0.01,33,33957,买盘
2064,10:43:12,10.28,--,10,10280,卖盘
2065,10:43:09,10.28,--,112,115136,卖盘
2066,10:43:06,10.28,-0.01,1,1028,卖盘
2067,10:42:57,10.29,0.01,9,9261,买盘
2068,10:42:54,10.28,--,3,3084,卖盘
2069,10:42:48,10.28,-0.01,10,10280,卖盘
2070,10:42:45,10.29,0.01,2,2058,买盘
2071,10:42:42,10.28,-0.01,9,9252,卖盘
2072,10:42:39,10.29,0.01,9,9261,买盘
2073,10:42:30,10.28,--,46,48295,卖盘
2074,10:42:24,10.28,--,1,1028,卖盘
2075,10:42:21,10.28,-0.01,20,20560,卖盘
2076,10:42:18,10.29,0.01,11,11318,买盘
2077,10:42:15,10.28,-0.01,11,11308,卖盘
2078,10:42:12,10.29,--,16,16464,买盘
2079,10:42:09,10.29,--,2,2058,买盘
2080,10:42:03,10.29,0.01,100,102899,买盘
2081,10:42:00,10.28,-0.01,16,16448,卖盘
2082,10:41:54,10.29,--,11,11318,买盘
2083,10:41:48,10.29,--,20,20580,买盘
2084,10:41:42,10.29,--,12,12347,买盘
2085,10:41:36,10.29,--,21,21609,买盘
2086,10:41:27,10.29,0.01,8,8232,买盘
2087,10:41:24,10.28,--,3,3084,卖盘
2088,10:41:21,10.28,-0.01,3,3084,卖盘
2089,10:41:18,10.29,0.01,5,5145,买盘
2090,10:41:12,10.28,--,24,24672,卖盘
2091,10:41:03,10.28,-0.01,3,3084,卖盘
2092,10:41:00,10.29,0.01,23,23666,买盘
2093,10:40:54,10.28,--,3,3084,卖盘
2094,10:40:42,10.28,--,3,3084,卖盘
2095,10:40:33,10.28,--,8,8224,卖盘
2096,10:40:30,10.28,--,1,1819,卖盘
2097,10:40:27,10.28,--,42,43391,卖盘
2098,10:40:21,10.28,-0.01,2,2056,卖盘
2099,10:40:18,10.29,0.01,12,12347,买盘
2100,10:40:15,10.28,--,4,4112,卖盘
2101,10:40:12,10.28,-0.01,21,21588,卖盘
2102,10:40:09,10.29,--,12,12347,买盘
2103,10:40:06,10.29,--,2,2058,买盘
2104,10:40:03,10.29,0.01,2,2058,买盘
2105,10:39:57,10.28,-0.01,32,32896,卖盘
2106,10:39:54,10.29,--,10,10290,买盘
2107,10:39:48,10.29,--,20,20580,买盘
2108,10:39:45,10.29,--,5,5145,买盘
2109,10:39:42,10.29,--,5,5145,买盘
2110,10:39:36,10.29,--,18,18522,买盘
2111,10:39:33,10.29,-0.01,19,19551,卖盘
2112,10:39:27,10.3,0.01,143,147290,买盘
2113,10:39:24,10.29,--,26,26753,卖盘
2114,10:39:15,10.29,--,250,257249,卖盘
2115,10:39:12,10.29,--,11,11318,卖盘
2116,10:39:03,10.29,--,4,4116,卖盘
2117,10:39:00,10.29,-0.01,2,2058,卖盘
2118,10:38:57,10.3,0.01,3,3090,买盘
2119,10:38:51,10.29,--,12,12347,卖盘
2120,10:38:45,10.29,-0.01,6,6173,中性盘
2121,10:38:42,10.3,0.01,494,508820,买盘
2122,10:38:39,10.29,--,93,95717,卖盘
2123,10:38:36,10.29,--,39,40131,卖盘
2124,10:38:30,10.29,--,10,10290,卖盘
2125,10:38:27,10.29,--,152,157416,卖盘
2126,10:38:24,10.29,-0.01,22,22637,卖盘
2127,10:38:18,10.3,0.01,7,7210,买盘
2128,10:38:15,10.29,--,20,20580,卖盘
2129,10:38:12,10.29,0.01,10,10290,卖盘
2130,10:38:06,10.28,-0.01,30,30839,卖盘
2131,10:38:03,10.29,0.01,14,14405,买盘
2132,10:38:00,10.28,--,13,13364,卖盘
2133,10:37:57,10.28,--,1,1028,卖盘
2134,10:37:54,10.28,-0.01,3,3084,卖盘
2135,10:37:51,10.29,0.01,2,2058,买盘
2136,10:37:39,10.28,-0.01,12,12336,卖盘
2137,10:37:36,10.29,0.01,1,1029,买盘
2138,10:37:33,10.28,-0.01,50,51400,卖盘
2139,10:37:27,10.29,--,2,2058,买盘
2140,10:37:24,10.29,0.01,5,5145,买盘
2141,10:37:18,10.28,--,108,111024,卖盘
2142,10:37:15,10.28,--,11,11308,卖盘
2143,10:37:06,10.28,-0.01,12,12336,卖盘
2144,10:37:03,10.29,--,4,4116,买盘
2145,10:37:00,10.29,--,7,7202,买盘
2146,10:36:54,10.29,0.01,2,2058,买盘
2147,10:36:51,10.28,--,4,4112,卖盘
2148,10:36:48,10.28,--,3,3084,卖盘
2149,10:36:39,10.28,-0.02,3,3084,卖盘
2150,10:36:33,10.3,0.02,6,6180,买盘
2151,10:36:27,10.28,--,0,935,卖盘
2152,10:36:24,10.28,-0.02,92,94647,卖盘
2153,10:36:15,10.3,0.01,13,13390,买盘
2154,10:36:12,10.29,-0.01,28,28811,卖盘
2155,10:35:57,10.3,--,1,1030,买盘
2156,10:35:54,10.3,--,5,5150,买盘
2157,10:35:48,10.3,0.01,20,20600,买盘
2158,10:35:45,10.29,-0.01,30,30869,卖盘
2159,10:35:36,10.3,0.01,18,18540,买盘
2160,10:35:30,10.29,--,54,55802,买盘
2161,10:35:21,10.29,--,5,5145,买盘
2162,10:35:12,10.29,--,26,26753,买盘
2163,10:35:09,10.29,--,64,65856,买盘
2164,10:35:06,10.29,--,20,20580,买盘
2165,10:34:57,10.29,--,2,2058,买盘
2166,10:34:48,10.29,--,20,20580,买盘
2167,10:34:36,10.29,--,43,44246,买盘
2168,10:34:30,10.29,0.01,106,109073,买盘
2169,10:34:24,10.28,-0.01,42,44183,卖盘
2170,10:34:18,10.29,--,37,38073,卖盘
2171,10:34:12,10.29,-0.01,13,13376,卖盘
2172,10:34:06,10.3,0.01,5,5150,买盘
2173,10:34:03,10.29,--,27,27782,卖盘
2174,10:33:57,10.29,--,15,15434,买盘
2175,10:33:54,10.29,0.01,2,2058,买盘
2176,10:33:51,10.28,0.01,170,174760,买盘
2177,10:33:36,10.27,--,99,101673,卖盘
2178,10:33:33,10.27,-0.01,37,37999,卖盘
2179,10:33:30,10.28,0.01,1120,1151360,买盘
2180,10:33:21,10.27,--,5,5135,卖盘
2181,10:33:15,10.27,--,30,30810,卖盘
2182,10:33:12,10.27,--,11,11297,卖盘
2183,10:33:09,10.27,--,5,5135,卖盘
2184,10:33:06,10.27,--,85,87295,卖盘
2185,10:33:00,10.27,--,14,14378,卖盘
2186,10:32:57,10.27,-0.01,128,131456,卖盘
2187,10:32:51,10.28,0.01,2,2056,买盘
2188,10:32:48,10.27,--,2,2054,卖盘
2189,10:32:39,10.27,--,8,8216,卖盘
2190,10:32:30,10.27,-0.01,51,52377,卖盘
2191,10:32:27,10.28,--,10,10280,买盘
2192,10:32:24,10.28,0.01,48,50351,买盘
2193,10:32:21,10.27,--,35,35945,卖盘
2194,10:32:12,10.27,-0.01,21,21567,卖盘
2195,10:32:06,10.28,0.01,20,20560,买盘
2196,10:32:03,10.27,-0.01,11,11297,卖盘
2197,10:32:00,10.28,--,70,71960,买盘
2198,10:31:57,10.28,0.01,2,2056,买盘
2199,10:31:54,10.27,--,10,10270,卖盘
2200,10:31:51,10.27,--,40,41080,卖盘
2201,10:31:48,10.27,-0.01,25,25675,卖盘
2202,10:31:45,10.28,0.01,34,34952,买盘
2203,10:31:42,10.27,--,38,39026,卖盘
2204,10:31:39,10.27,-0.01,14,14378,卖盘
2205,10:31:36,10.28,--,300,308400,买盘
2206,10:31:33,10.28,0.01,2,2056,买盘
2207,10:31:30,10.27,-0.01,15,15405,卖盘
2208,10:31:27,10.28,--,21,21588,买盘
2209,10:31:24,10.28,0.01,100,102800,买盘
2210,10:31:21,10.27,--,3,3081,卖盘
2211,10:31:18,10.27,--,12,12324,卖盘
2212,10:31:15,10.27,0.01,25,25675,卖盘
2213,10:31:12,10.26,--,16,16416,卖盘
2214,10:31:09,10.26,-0.02,5,5130,卖盘
2215,10:31:06,10.28,0.01,26,26728,买盘
2216,10:31:00,10.27,--,51,52377,买盘
2217,10:30:57,10.27,--,4,4108,买盘
2218,10:30:54,10.27,0.01,6,6162,买盘
2219,10:30:48,10.26,-0.01,148,151848,卖盘
2220,10:30:45,10.27,0.01,6,6162,买盘
2221,10:30:42,10.26,--,29,29754,卖盘
2222,10:30:36,10.26,--,2,2052,卖盘
2223,10:30:33,10.26,--,20,20520,买盘
2224,10:30:30,10.26,--,207,212382,买盘
2225,10:30:27,10.26,0.01,118,121068,买盘
2226,10:30:21,10.25,-0.01,62,64554,卖盘
2227,10:30:18,10.26,0.01,300,307800,买盘
2228,10:30:15,10.25,--,339,347475,卖盘
2229,10:30:12,10.25,--,30,30750,卖盘
2230,10:30:06,10.25,--,3,3075,卖盘
2231,10:30:03,10.25,-0.01,241,247025,卖盘
2232,10:30:00,10.26,--,150,153900,买盘
2233,10:29:54,10.26,--,106,108756,买盘
2234,10:29:51,10.26,-0.02,1193,1224018,卖盘
2235,10:29:48,10.28,0.01,18,18504,买盘
2236,10:29:45,10.27,--,7,7189,卖盘
2237,10:29:36,10.27,--,4,4108,卖盘
2238,10:29:33,10.27,--,10,10270,卖盘
2239,10:29:30,10.27,--,8,8216,卖盘
2240,10:29:27,10.27,--,85,87295,卖盘
2241,10:29:24,10.27,--,10,10270,卖盘
2242,10:29:21,10.27,-0.01,46,47242,卖盘
2243,10:29:18,10.28,0.01,1,1028,买盘
2244,10:29:15,10.27,-0.01,14,14378,卖盘
2245,10:29:12,10.28,--,30,30839,买盘
2246,10:29:09,10.28,-0.01,168,172724,卖盘
2247,10:29:06,10.29,--,5,5145,卖盘
2248,10:29:03,10.29,--,3,3086,买盘
2249,10:29:00,10.29,--,83,85407,买盘
2250,10:28:54,10.29,0.01,1,1029,买盘
2251,10:28:51,10.28,--,196,202495,买盘
2252,10:28:48,10.28,--,218,224104,买盘
2253,10:28:45,10.28,--,132,135716,卖盘
2254,10:28:39,10.28,--,3,3084,卖盘
2255,10:28:36,10.28,--,38,39064,卖盘
2256,10:28:33,10.28,--,100,102800,卖盘
2257,10:28:30,10.28,-0.01,84,86352,卖盘
2258,10:28:27,10.29,0.01,36,37044,买盘
2259,10:28:21,10.28,--,82,85303,卖盘
2260,10:28:18,10.28,--,10,10280,卖盘
2261,10:28:15,10.28,--,12,12336,卖盘
2262,10:28:12,10.28,--,3,3084,卖盘
2263,10:28:09,10.28,--,45,46260,卖盘
2264,10:28:06,10.28,-0.01,1,1028,卖盘
2265,10:28:03,10.29,--,10,10290,买盘
2266,10:27:57,10.29,--,3,3086,买盘
2267,10:27:54,10.29,--,61,62768,卖盘
2268,10:27:51,10.29,-0.01,22,22637,卖盘
2269,10:27:48,10.3,0.01,10,10300,买盘
2270,10:27:45,10.29,-0.01,17,17493,卖盘
2271,10:27:42,10.3,0.01,109,112270,买盘
2272,10:27:39,10.29,--,207,213002,卖盘
2273,10:27:36,10.29,-0.01,61,62768,卖盘
2274,10:27:33,10.3,0.01,13,13390,买盘
2275,10:27:30,10.29,-0.01,53,54536,卖盘
2276,10:27:24,10.3,--,2,2060,买盘
2277,10:27:21,10.3,0.01,3,3090,买盘
2278,10:27:18,10.29,-0.01,162,166698,卖盘
2279,10:27:15,10.3,--,310,319300,卖盘
2280,10:27:09,10.3,--,21,21630,卖盘
2281,10:27:03,10.3,--,2,2060,卖盘
2282,10:27:00,10.3,-0.01,3,3090,卖盘
2283,10:26:57,10.31,--,3,3093,买盘
2284,10:26:51,10.31,0.01,61,62891,买盘
2285,10:26:48,10.3,-0.01,24,24720,卖盘
2286,10:26:42,10.31,--,4,4124,买盘
2287,10:26:39,10.31,--,35,36105,卖盘
2288,10:26:36,10.31,--,10,10310,卖盘
2289,10:26:27,10.31,-0.01,20,20620,卖盘
2290,10:26:24,10.32,0.01,9,9288,买盘
2291,10:26:21,10.31,--,50,51550,卖盘
2292,10:26:18,10.31,--,42,44312,卖盘
2293,10:26:15,10.31,0.01,37,38147,买盘
2294,10:26:12,10.3,-0.01,26,26780,卖盘
2295,10:26:03,10.31,0.01,41,42271,买盘
2296,10:26:00,10.3,--,3,3090,卖盘
2297,10:25:57,10.3,--,3,3090,卖盘
2298,10:25:51,10.3,--,6,6180,卖盘
2299,10:25:39,10.3,--,3,3090,卖盘
2300,10:25:36,10.3,--,22,22660,卖盘
2301,10:25:30,10.3,--,4,4120,卖盘
2302,10:25:27,10.3,--,33,33990,卖盘
2303,10:25:24,10.3,--,29,29870,卖盘
2304,10:25:21,10.3,--,73,75190,卖盘
2305,10:25:15,10.3,--,11,11330,卖盘
2306,10:25:12,10.3,-0.01,68,70040,卖盘
2307,10:25:09,10.31,0.01,15,15465,买盘
2308,10:25:06,10.3,-0.01,1,1030,卖盘
2309,10:24:51,10.31,-0.01,10,10310,卖盘
2310,10:24:48,10.32,0.02,10,10320,买盘
2311,10:24:45,10.3,-0.01,250,257500,卖盘
2312,10:24:39,10.31,--,3,3093,卖盘
2313,10:24:36,10.31,--,2,2062,卖盘
2314,10:24:30,10.31,--,8,8248,卖盘
2315,10:24:24,10.31,--,6,6186,卖盘
2316,10:24:18,10.31,-0.01,42,44312,卖盘
2317,10:24:15,10.32,0.01,10,10320,买盘
2318,10:24:12,10.31,-0.01,64,65984,卖盘
2319,10:24:09,10.32,--,109,112488,买盘
2320,10:24:03,10.32,0.01,20,20640,买盘
2321,10:23:57,10.31,-0.01,17,17527,卖盘
2322,10:23:54,10.32,0.01,101,104232,买盘
2323,10:23:51,10.31,--,13,13403,卖盘
2324,10:23:48,10.31,--,20,20620,卖盘
2325,10:23:45,10.31,--,26,26806,卖盘
2326,10:23:42,10.31,--,50,51550,卖盘
2327,10:23:39,10.31,--,20,20620,卖盘
2328,10:23:33,10.31,--,9,9279,卖盘
2329,10:23:30,10.31,-0.01,10,10310,卖盘
2330,10:23:27,10.32,0.01,21,21672,买盘
2331,10:23:21,10.31,--,5,5155,卖盘
2332,10:23:15,10.31,--,1,1031,卖盘
2333,10:23:12,10.31,--,30,30930,卖盘
2334,10:23:06,10.31,--,8,8248,卖盘
2335,10:23:03,10.31,--,4,4124,卖盘
2336,10:23:00,10.31,--,20,20620,卖盘
2337,10:22:57,10.31,0.01,43,44333,买盘
2338,10:22:51,10.3,--,140,144200,卖盘
2339,10:22:48,10.3,--,11,11330,卖盘
2340,10:22:45,10.3,-0.01,59,60770,卖盘
2341,10:22:42,10.31,--,2,2062,买盘
2342,10:22:39,10.31,0.01,35,36085,买盘
2343,10:22:36,10.3,-0.01,210,216300,卖盘
2344,10:22:33,10.31,--,11,11341,买盘
2345,10:22:30,10.31,0.01,4,4124,买盘
2346,10:22:18,10.3,--,6,6808,卖盘
2347,10:22:15,10.3,--,62,64241,卖盘
2348,10:22:12,10.3,-0.01,441,454230,卖盘
2349,10:22:09,10.31,0.01,10,10310,买盘
2350,10:22:06,10.3,-0.02,116,119480,卖盘
2351,10:22:03,10.32,0.01,1,1032,买盘
2352,10:21:54,10.31,--,17,17527,买盘
2353,10:21:48,10.31,--,35,36085,买盘
2354,10:21:42,10.31,--,18,18558,买盘
2355,10:21:39,10.31,--,201,207231,买盘
2356,10:21:36,10.31,--,10,10310,买盘
2357,10:21:33,10.31,0.01,33,34023,买盘
2358,10:21:30,10.3,-0.01,10,10300,卖盘
2359,10:21:27,10.31,--,20,20620,买盘
2360,10:21:18,10.31,--,9,9279,买盘
2361,10:21:15,10.31,0.01,127,130937,买盘
2362,10:21:12,10.3,-0.01,28,28840,卖盘
2363,10:21:09,10.31,-0.01,10,10310,卖盘
2364,10:21:06,10.32,0.01,150,154800,买盘
2365,10:21:03,10.31,--,9,10289,买盘
2366,10:21:00,10.31,--,21,21671,卖盘
2367,10:20:57,10.31,--,12,12372,卖盘
2368,10:20:54,10.31,--,4,5134,买盘
2369,10:20:51,10.31,--,15,15485,卖盘
2370,10:20:48,10.31,--,59,61839,买盘
2371,10:20:45,10.31,--,63,64973,卖盘
2372,10:20:42,10.31,-0.01,1,1031,卖盘
2373,10:20:39,10.32,0.01,10,10320,买盘
2374,10:20:36,10.31,--,5,5155,卖盘
2375,10:20:30,10.31,--,34,35054,卖盘
2376,10:20:24,10.31,--,84,86604,卖盘
2377,10:20:21,10.31,--,3,3093,卖盘
2378,10:20:18,10.31,--,2,2062,卖盘
2379,10:20:15,10.31,--,65,68025,卖盘
2380,10:20:12,10.31,--,27,27837,卖盘
2381,10:20:06,10.31,-0.01,22,22682,卖盘
2382,10:19:57,10.32,0.01,11,11352,买盘
2383,10:19:54,10.31,-0.01,25,25775,卖盘
2384,10:19:51,10.32,--,1,1032,买盘
2385,10:19:48,10.32,--,83,85656,买盘
2386,10:19:39,10.32,--,300,309600,买盘
2387,10:19:33,10.32,0.01,15,15480,买盘
2388,10:19:30,10.31,--,11,11341,卖盘
2389,10:19:24,10.31,--,3,3093,卖盘
2390,10:19:21,10.31,--,3,3093,卖盘
2391,10:19:18,10.31,--,30,30930,卖盘
2392,10:19:15,10.31,--,10,10310,卖盘
2393,10:19:12,10.31,--,4,4124,卖盘
2394,10:19:09,10.31,--,36,37116,卖盘
2395,10:19:06,10.31,--,10,10310,卖盘
2396,10:19:03,10.31,--,44,45364,卖盘
2397,10:19:00,10.31,--,5,5155,卖盘
2398,10:18:57,10.31,--,3,3093,卖盘
2399,10:18:54,10.31,--,3,3093,卖盘
2400,10:18:51,10.31,--,4,4124,买盘
2401,10:18:48,10.31,--,67,69077,卖盘
2402,10:18:45,10.31,--,156,160836,买盘
2403,10:18:42,10.31,0.01,199,205169,买盘
2404,10:18:39,10.3,-0.01,96,98880,卖盘
2405,10:18:36,10.31,--,78,81418,卖盘
2406,10:18:33,10.31,--,23,23713,卖盘
2407,10:18:30,10.31,--,126,129936,买盘
2408,10:18:27,10.31,--,42,44302,卖盘
2409,10:18:24,10.31,--,19,19589,卖盘
2410,10:18:21,10.31,--,3,3093,卖盘
2411,10:18:18,10.31,0.01,30,30960,买盘
2412,10:18:15,10.3,--,4,4192,卖盘
2413,10:18:12,10.3,-0.01,257,265616,卖盘
2414,10:18:06,10.31,-0.01,27,27837,卖盘
2415,10:18:00,10.32,0.01,65,67080,买盘
2416,10:17:57,10.31,-0.01,105,108255,卖盘
2417,10:17:54,10.32,0.01,34,35088,买盘
2418,10:17:51,10.31,-0.01,25,25775,卖盘
2419,10:17:48,10.32,0.01,52,53664,买盘
2420,10:17:45,10.31,-0.01,120,123720,卖盘
2421,10:17:42,10.32,0.01,10,10320,买盘
2422,10:17:36,10.31,--,3,3093,卖盘
2423,10:17:33,10.31,--,7,7217,卖盘
2424,10:17:30,10.31,--,4,4124,卖盘
2425,10:17:27,10.31,--,20,20620,卖盘
2426,10:17:24,10.31,-0.01,168,173208,卖盘
2427,10:17:21,10.32,--,26,26832,买盘
2428,10:17:18,10.32,--,5,5160,买盘
2429,10:17:15,10.32,--,350,361220,卖盘
2430,10:17:12,10.32,--,8,8256,卖盘
2431,10:17:06,10.32,--,6,6192,卖盘
2432,10:16:54,10.32,-0.01,10,10320,卖盘
2433,10:16:48,10.33,0.01,20,20660,买盘
2434,10:16:45,10.32,--,60,61920,卖盘
2435,10:16:42,10.32,--,30,30960,卖盘
2436,10:16:39,10.32,--,10,10320,卖盘
2437,10:16:36,10.32,-0.01,10,10320,卖盘
2438,10:16:33,10.33,0.01,1,1033,买盘
2439,10:16:27,10.32,--,1,1032,卖盘
2440,10:16:21,10.32,--,4,4128,卖盘
2441,10:16:18,10.32,--,3,3096,卖盘
2442,10:16:12,10.32,--,53,55707,卖盘
2443,10:16:09,10.32,--,46,47472,买盘
2444,10:15:57,10.32,--,1,1032,买盘
2445,10:15:54,10.32,--,65,67080,卖盘
2446,10:15:51,10.32,--,3,3096,卖盘
2447,10:15:45,10.32,-0.01,10,10320,卖盘
2448,10:15:42,10.33,--,3,3099,买盘
2449,10:15:39,10.33,0.01,4,4132,买盘
2450,10:15:36,10.32,-0.01,60,61920,卖盘
2451,10:15:33,10.33,0.01,30,30990,买盘
2452,10:15:30,10.32,-0.01,8,8256,卖盘
2453,10:15:27,10.33,0.01,17,17561,买盘
2454,10:15:21,10.32,--,1,1032,卖盘
2455,10:15:18,10.32,0.01,210,216720,买盘
2456,10:15:15,10.31,--,30,30930,卖盘
2457,10:15:12,10.31,--,2,2062,卖盘
2458,10:15:09,10.31,--,26,26806,卖盘
2459,10:15:03,10.31,--,3,3093,卖盘
2460,10:14:51,10.31,--,2,2062,卖盘
2461,10:14:48,10.31,-0.01,80,82480,卖盘
2462,10:14:45,10.32,--,5,5160,买盘
2463,10:14:42,10.32,0.01,9,9288,买盘
2464,10:14:36,10.31,--,52,53612,卖盘
2465,10:14:33,10.31,--,7,7217,卖盘
2466,10:14:24,10.31,--,38,39178,卖盘
2467,10:14:21,10.31,-0.01,12,12372,卖盘
2468,10:14:18,10.32,0.01,208,214656,买盘
2469,10:14:12,10.31,--,57,59777,卖盘
2470,10:14:09,10.31,--,70,72170,卖盘
2471,10:14:03,10.31,-0.01,1,1031,卖盘
2472,10:13:57,10.32,--,2,2064,买盘
2473,10:13:54,10.32,0.01,1,1032,买盘
2474,10:13:51,10.31,--,19,19589,卖盘
2475,10:13:48,10.31,--,4,4124,卖盘
2476,10:13:45,10.31,-0.01,31,31961,卖盘
2477,10:13:42,10.32,--,8,8256,买盘
2478,10:13:39,10.32,--,18,18576,买盘
2479,10:13:36,10.32,0.01,3,3096,买盘
2480,10:13:33,10.31,--,186,191766,卖盘
2481,10:13:30,10.31,--,70,72170,卖盘
2482,10:13:27,10.31,--,5,5155,卖盘
2483,10:13:12,10.31,-0.01,4,4124,卖盘
2484,10:13:09,10.32,--,46,47472,卖盘
2485,10:12:54,10.32,-0.01,52,53664,卖盘
2486,10:12:51,10.33,--,3,3099,买盘
2487,10:12:48,10.33,--,1,1033,买盘
2488,10:12:45,10.33,--,5,5165,买盘
2489,10:12:42,10.33,0.01,6,6198,买盘
2490,10:12:39,10.32,0.01,26,26832,中性盘
2491,10:12:33,10.31,--,30,31002,卖盘
2492,10:12:27,10.31,--,34,35054,卖盘
2493,10:12:24,10.31,--,102,105162,卖盘
2494,10:12:15,10.31,-0.01,10,10310,卖盘
2495,10:12:12,10.32,0.01,2,2064,买盘
2496,10:12:09,10.31,--,42,44312,卖盘
2497,10:12:06,10.31,--,24,24744,卖盘
2498,10:12:03,10.31,--,2,2062,卖盘
2499,10:12:00,10.31,--,77,79387,卖盘
2500,10:11:54,10.31,--,10,10310,卖盘
2501,10:11:51,10.31,-0.01,30,30930,卖盘
2502,10:11:48,10.32,--,125,129000,买盘
2503,10:11:42,10.32,0.01,33,34056,买盘
2504,10:11:36,10.31,--,53,54643,卖盘
2505,10:11:33,10.31,--,11,11341,卖盘
2506,10:11:30,10.31,--,8,8248,卖盘
2507,10:11:21,10.31,--,6,6186,卖盘
2508,10:11:18,10.31,-0.01,14,14434,卖盘
2509,10:11:15,10.32,0.01,14,14448,买盘
2510,10:11:12,10.31,--,241,248471,卖盘
2511,10:11:09,10.31,--,154,158774,卖盘
2512,10:11:06,10.31,--,1,1031,卖盘
2513,10:11:03,10.31,--,35,36085,卖盘
2514,10:11:00,10.31,-0.01,454,468074,卖盘
2515,10:10:57,10.32,--,14,14448,卖盘
2516,10:10:54,10.32,--,33,34056,卖盘
2517,10:10:48,10.32,-0.01,13,13416,卖盘
2518,10:10:45,10.33,0.01,47,48551,买盘
2519,10:10:42,10.32,--,31,31992,买盘
2520,10:10:36,10.32,--,67,69144,卖盘
2521,10:10:30,10.32,--,3,3096,卖盘
2522,10:10:27,10.32,--,8,8256,卖盘
2523,10:10:24,10.32,-0.01,6,6192,买盘
2524,10:10:21,10.33,0.01,20,20660,买盘
2525,10:10:15,10.32,--,39,40268,卖盘
2526,10:10:12,10.32,--,50,51600,卖盘
2527,10:10:09,10.32,--,2,2621,卖盘
2528,10:10:06,10.32,--,43,44830,卖盘
2529,10:09:54,10.32,--,1,1032,卖盘
2530,10:09:51,10.32,-0.01,1,1032,卖盘
2531,10:09:48,10.33,0.01,11,11363,买盘
2532,10:09:45,10.32,--,120,123840,卖盘
2533,10:09:42,10.32,--,15,15480,卖盘
2534,10:09:39,10.32,-0.01,159,164088,卖盘
2535,10:09:36,10.33,0.01,26,26858,买盘
2536,10:09:21,10.32,--,105,108360,卖盘
2537,10:09:15,10.32,--,7,7224,卖盘
2538,10:09:12,10.32,-0.01,10,10320,卖盘
2539,10:09:09,10.33,--,41,42353,买盘
2540,10:09:06,10.33,0.01,1,1033,买盘
2541,10:09:03,10.32,--,80,82560,卖盘
2542,10:09:00,10.32,-0.01,29,29928,卖盘
2543,10:08:54,10.33,0.01,10,10330,买盘
2544,10:08:51,10.32,-0.01,270,278640,卖盘
2545,10:08:48,10.33,--,43,44646,卖盘
2546,10:08:45,10.33,--,29,30783,卖盘
2547,10:08:42,10.33,--,38,39254,卖盘
2548,10:08:39,10.33,--,10,10330,卖盘
2549,10:08:33,10.33,-0.01,2,2066,卖盘
2550,10:08:21,10.34,0.01,22,22748,买盘
2551,10:08:18,10.33,-0.01,114,117762,卖盘
2552,10:08:15,10.34,--,249,257466,买盘
2553,10:08:12,10.34,0.01,12,12408,买盘
2554,10:08:09,10.33,--,5,5165,卖盘
2555,10:08:06,10.33,-0.01,77,80553,卖盘
2556,10:08:03,10.34,--,18,18612,买盘
2557,10:08:00,10.34,--,10,10340,买盘
2558,10:07:54,10.34,--,68,70312,买盘
2559,10:07:48,10.34,--,3,3102,买盘
2560,10:07:39,10.34,--,12,12408,买盘
2561,10:07:36,10.34,--,2,2068,卖盘
2562,10:07:33,10.34,--,112,115808,卖盘
2563,10:07:30,10.34,0.01,149,154831,买盘
2564,10:07:27,10.33,--,100,103300,卖盘
2565,10:07:21,10.33,-0.01,5,5165,卖盘
2566,10:07:18,10.34,0.01,28,28952,买盘
2567,10:07:12,10.33,--,4,4132,卖盘
2568,10:07:09,10.33,--,39,40287,买盘
2569,10:07:06,10.33,--,1,1033,买盘
2570,10:07:03,10.33,--,58,59914,卖盘
2571,10:07:00,10.33,0.01,9,9297,买盘
2572,10:06:57,10.32,--,54,55728,卖盘
2573,10:06:54,10.32,-0.01,50,51600,卖盘
2574,10:06:51,10.33,0.01,11,11363,买盘
2575,10:06:45,10.32,-0.01,41,42312,卖盘
2576,10:06:42,10.33,0.01,10,10330,买盘
2577,10:06:36,10.32,-0.02,3,3096,中性盘
2578,10:06:27,10.34,0.02,392,405328,买盘
2579,10:06:24,10.32,--,13,13416,买盘
2580,10:06:21,10.32,0.01,19,19608,买盘
2581,10:06:18,10.31,--,32,32992,卖盘
2582,10:06:15,10.31,--,32,32992,卖盘
2583,10:06:09,10.31,--,33,34023,卖盘
2584,10:06:06,10.31,--,82,85552,卖盘
2585,10:06:03,10.31,--,1,1031,卖盘
2586,10:05:57,10.31,-0.01,103,106605,卖盘
2587,10:05:54,10.32,0.01,211,217752,买盘
2588,10:05:51,10.31,--,21,21651,卖盘
2589,10:05:48,10.31,-0.01,6,6186,卖盘
2590,10:05:45,10.32,0.01,115,118680,买盘
2591,10:05:42,10.31,-0.01,5,5155,卖盘
2592,10:05:39,10.32,0.01,50,51600,买盘
2593,10:05:36,10.31,-0.01,152,157444,卖盘
2594,10:05:33,10.32,--,20,20640,买盘
2595,10:05:30,10.32,--,77,79464,买盘
2596,10:05:24,10.32,--,217,223944,买盘
2597,10:05:21,10.32,-0.02,292,301612,卖盘
2598,10:05:15,10.34,0.01,16,16544,买盘
2599,10:05:09,10.33,-0.01,7,7231,卖盘
2600,10:05:06,10.34,--,726,750684,买盘
2601,10:05:03,10.34,--,10,10340,买盘
2602,10:05:00,10.34,--,101,104434,买盘
2603,10:04:57,10.34,--,3,3102,买盘
2604,10:04:54,10.34,--,1,1034,买盘
2605,10:04:51,10.34,--,14,14476,买盘
2606,10:04:48,10.34,--,1,1034,买盘
2607,10:04:45,10.34,--,308,318472,买盘
2608,10:04:42,10.34,--,5,5170,买盘
2609,10:04:39,10.34,--,95,98230,买盘
2610,10:04:36,10.34,--,3,3102,买盘
2611,10:04:33,10.34,--,14,14476,买盘
2612,10:04:30,10.34,--,7,7238,买盘
2613,10:04:27,10.34,0.01,8,8272,买盘
2614,10:04:24,10.33,-0.01,35,36155,卖盘
2615,10:04:21,10.34,0.01,1,1034,买盘
2616,10:04:18,10.33,--,19,19627,卖盘
2617,10:04:15,10.33,-0.01,10,10330,卖盘
2618,10:04:12,10.34,0.01,10,10340,买盘
2619,10:04:09,10.33,-0.01,58,59914,卖盘
2620,10:04:06,10.34,0.01,24,24816,买盘
2621,10:04:03,10.33,-0.01,45,47497,卖盘
2622,10:04:00,10.34,--,100,103400,买盘
2623,10:03:57,10.34,0.01,14,14476,买盘
2624,10:03:54,10.33,-0.01,98,101234,卖盘
2625,10:03:51,10.34,--,31,32054,买盘
2626,10:03:48,10.34,--,113,116842,买盘
2627,10:03:45,10.34,0.01,10,10340,买盘
2628,10:03:42,10.33,--,2,2066,卖盘
2629,10:03:39,10.33,-0.01,24,24792,卖盘
2630,10:03:36,10.34,0.01,75,77550,买盘
2631,10:03:33,10.33,--,21,21693,卖盘
2632,10:03:30,10.33,-0.01,6,6198,卖盘
2633,10:03:27,10.34,0.01,17,17578,买盘
2634,10:03:24,10.33,-0.01,3,3099,卖盘
2635,10:03:21,10.34,0.01,56,57904,买盘
2636,10:03:18,10.33,-0.01,33,34089,卖盘
2637,10:03:15,10.34,--,10,10340,买盘
2638,10:03:09,10.34,--,22,22748,买盘
2639,10:03:06,10.34,--,10,10340,买盘
2640,10:03:03,10.34,--,20,20680,买盘
2641,10:03:00,10.34,0.01,27,27918,买盘
2642,10:02:57,10.33,--,1,1033,卖盘
2643,10:02:54,10.33,-0.01,2,2066,卖盘
2644,10:02:48,10.34,0.01,10,10340,买盘
2645,10:02:42,10.33,--,64,66112,卖盘
2646,10:02:39,10.33,--,24,24792,卖盘
2647,10:02:36,10.33,-0.01,1,1033,卖盘
2648,10:02:33,10.34,0.01,5,5170,买盘
2649,10:02:30,10.33,--,7,7231,卖盘
2650,10:02:27,10.33,--,9,9297,卖盘
2651,10:02:21,10.33,-0.01,1,1033,卖盘
2652,10:02:18,10.34,0.01,7,7238,买盘
2653,10:02:15,10.33,-0.01,37,38221,卖盘
2654,10:02:12,10.34,0.01,1,1034,买盘
2655,10:02:06,10.33,--,1,1033,卖盘
2656,10:02:03,10.33,--,26,27622,卖盘
2657,10:02:00,10.33,--,46,47765,卖盘
2658,10:01:57,10.33,--,7,7231,卖盘
2659,10:01:54,10.33,--,67,69211,卖盘
2660,10:01:51,10.33,-0.01,14,14462,卖盘
2661,10:01:48,10.34,0.01,32,33088,买盘
2662,10:01:45,10.33,-0.01,26,26858,卖盘
2663,10:01:42,10.34,--,11,11374,买盘
2664,10:01:33,10.34,--,30,31020,买盘
2665,10:01:30,10.34,0.01,3,3102,买盘
2666,10:01:27,10.33,-0.01,6,6198,卖盘
2667,10:01:18,10.34,0.01,18,18612,买盘
2668,10:01:15,10.33,-0.01,74,76442,卖盘
2669,10:01:09,10.34,0.01,9,9306,买盘
2670,10:01:03,10.33,--,30,30990,卖盘
2671,10:01:00,10.33,-0.01,10,10330,卖盘
2672,10:00:57,10.34,0.01,62,64108,买盘
2673,10:00:54,10.33,-0.01,5,5165,卖盘
2674,10:00:51,10.34,0.01,30,31020,买盘
2675,10:00:48,10.33,-0.01,64,66112,卖盘
2676,10:00:45,10.34,--,3,3102,买盘
2677,10:00:42,10.34,0.01,251,259534,买盘
2678,10:00:39,10.33,--,99,102267,卖盘
2679,10:00:36,10.33,-0.01,65,67145,卖盘
2680,10:00:33,10.34,--,2,2068,买盘
2681,10:00:30,10.34,--,97,100298,买盘
2682,10:00:27,10.34,0.01,1,1034,买盘
2683,10:00:24,10.33,--,118,121894,卖盘
2684,10:00:21,10.33,--,30,30990,卖盘
2685,10:00:18,10.33,-0.01,35,36155,卖盘
2686,10:00:15,10.34,0.01,84,86856,买盘
2687,10:00:12,10.33,-0.01,29,29957,卖盘
2688,10:00:06,10.34,0.01,11,11374,买盘
2689,10:00:03,10.33,--,26,26858,卖盘
2690,10:00:00,10.33,-0.01,42,44398,卖盘
2691,09:59:57,10.34,--,10,10340,买盘
2692,09:59:54,10.34,--,50,51700,买盘
2693,09:59:51,10.34,--,28,28952,买盘
2694,09:59:48,10.34,--,25,25850,买盘
2695,09:59:45,10.34,--,2,2068,买盘
2696,09:59:42,10.34,-0.01,13,13442,卖盘
2697,09:59:36,10.35,0.01,9,9315,买盘
2698,09:59:33,10.34,--,44,45496,中性盘
2699,09:59:30,10.34,0.01,18,18612,中性盘
2700,09:59:27,10.33,-0.02,18,18594,卖盘
2701,09:59:24,10.35,--,21,21735,买盘
2702,09:59:21,10.35,0.02,1,1035,买盘
2703,09:59:18,10.33,-0.01,1255,1296415,卖盘
2704,09:59:15,10.34,-0.01,9,9306,卖盘
2705,09:59:12,10.35,--,10,10350,买盘
2706,09:59:09,10.35,0.01,7,7245,买盘
2707,09:59:03,10.34,-0.01,11,11374,卖盘
2708,09:59:00,10.35,--,77,79715,卖盘
2709,09:58:57,10.35,--,25,25875,卖盘
2710,09:58:54,10.35,--,100,103500,卖盘
2711,09:58:48,10.35,--,10,10350,卖盘
2712,09:58:45,10.35,--,4,4140,卖盘
2713,09:58:42,10.35,--,115,119025,卖盘
2714,09:58:39,10.35,--,2,2070,卖盘
2715,09:58:30,10.35,--,13,13455,卖盘
2716,09:58:27,10.35,-0.01,1,1035,卖盘
2717,09:58:21,10.36,0.01,11,11396,买盘
2718,09:58:18,10.35,-0.01,69,71415,卖盘
2719,09:58:12,10.36,0.01,10,10360,买盘
2720,09:58:06,10.35,--,27,27945,卖盘
2721,09:58:03,10.35,--,20,20700,卖盘
2722,09:58:00,10.35,--,10,10350,卖盘
2723,09:57:57,10.35,-0.01,42,44484,卖盘
2724,09:57:54,10.36,--,100,103600,买盘
2725,09:57:51,10.36,--,38,39368,买盘
2726,09:57:48,10.36,0.01,10,10360,买盘
2727,09:57:45,10.35,-0.01,2,2070,卖盘
2728,09:57:39,10.36,0.01,43,44548,买盘
2729,09:57:36,10.35,-0.01,44,45540,卖盘
2730,09:57:33,10.36,0.01,47,48692,买盘
2731,09:57:30,10.35,--,54,55890,卖盘
2732,09:57:21,10.35,0.01,357,369940,买盘
2733,09:57:18,10.34,-0.01,8,8272,卖盘
2734,09:57:15,10.35,--,9,9315,买盘
2735,09:57:12,10.35,--,10,10350,买盘
2736,09:57:09,10.35,--,478,495319,卖盘
2737,09:57:03,10.35,--,35,36225,卖盘
2738,09:56:57,10.35,--,81,83835,卖盘
2739,09:56:54,10.35,--,17,17595,卖盘
2740,09:56:51,10.35,--,64,66240,卖盘
2741,09:56:48,10.35,--,197,204340,卖盘
2742,09:56:39,10.35,--,27,27945,卖盘
2743,09:56:33,10.35,--,11,11385,卖盘
2744,09:56:30,10.35,-0.01,33,34155,卖盘
2745,09:56:18,10.36,-0.01,548,568028,卖盘
2746,09:56:12,10.37,--,15,15554,买盘
2747,09:56:09,10.37,--,89,92293,买盘
2748,09:56:06,10.37,0.01,31,32146,买盘
2749,09:56:03,10.36,-0.01,11,11396,卖盘
2750,09:56:00,10.37,0.01,5,5185,买盘
2751,09:55:57,10.36,-0.01,3,3108,卖盘
2752,09:55:54,10.37,--,3,3110,买盘
2753,09:55:48,10.37,--,9,9333,买盘
2754,09:55:39,10.37,--,27,27998,买盘
2755,09:55:36,10.37,--,20,20740,买盘
2756,09:55:33,10.37,-0.01,32,33598,卖盘
2757,09:55:30,10.38,0.01,10,10380,买盘
2758,09:55:27,10.37,--,9,9333,卖盘
2759,09:55:24,10.37,--,10,10370,卖盘
2760,09:55:21,10.37,--,101,104736,卖盘
2761,09:55:18,10.37,--,100,103699,卖盘
2762,09:55:09,10.37,-0.01,3,3110,卖盘
2763,09:55:06,10.38,--,7,7266,买盘
2764,09:55:03,10.38,0.01,10,10380,买盘
2765,09:55:00,10.37,--,209,217355,买盘
2766,09:54:57,10.37,--,20,20740,买盘
2767,09:54:54,10.37,--,10,10370,买盘
2768,09:54:51,10.37,--,3,3110,买盘
2769,09:54:48,10.37,--,27,27998,买盘
2770,09:54:42,10.37,--,10,10370,买盘
2771,09:54:39,10.37,--,63,65330,买盘
2772,09:54:36,10.37,--,30,31109,买盘
2773,09:54:33,10.37,0.01,42,43554,买盘
2774,09:54:30,10.36,--,2,2072,卖盘
2775,09:54:24,10.36,--,20,20720,卖盘
2776,09:54:18,10.36,-0.01,8,8288,卖盘
2777,09:54:15,10.37,0.01,100,103699,买盘
2778,09:54:12,10.36,-0.01,100,103600,卖盘
2779,09:54:09,10.37,0.01,5,5185,买盘
2780,09:54:06,10.36,--,31,32116,卖盘
2781,09:54:03,10.36,--,1,1036,卖盘
2782,09:54:00,10.36,--,24,24864,卖盘
2783,09:53:54,10.36,--,1,1036,卖盘
2784,09:53:51,10.36,--,10,10360,卖盘
2785,09:53:48,10.36,--,304,314944,卖盘
2786,09:53:45,10.36,-0.01,7,7252,卖盘
2787,09:53:42,10.37,0.01,10,10370,买盘
2788,09:53:39,10.36,--,27,28593,卖盘
2789,09:53:36,10.36,--,4,4144,卖盘
2790,09:53:27,10.36,--,49,50764,卖盘
2791,09:53:24,10.36,--,15,15540,卖盘
2792,09:53:18,10.36,--,73,75628,卖盘
2793,09:53:15,10.36,--,6,6216,卖盘
2794,09:53:12,10.36,--,9,9324,卖盘
2795,09:53:03,10.36,--,16,16576,卖盘
2796,09:53:00,10.36,-0.01,15,15540,卖盘
2797,09:52:57,10.37,0.01,50,51849,买盘
2798,09:52:54,10.36,--,113,117068,卖盘
2799,09:52:51,10.36,--,143,148148,卖盘
2800,09:52:48,10.36,-0.01,4,4144,卖盘
2801,09:52:45,10.37,0.01,21,21777,买盘
2802,09:52:42,10.36,-0.01,10,10360,卖盘
2803,09:52:39,10.37,0.01,8,8296,买盘
2804,09:52:36,10.36,--,41,42476,卖盘
2805,09:52:33,10.36,--,8,8288,卖盘
2806,09:52:30,10.36,-0.01,53,54908,卖盘
2807,09:52:27,10.37,0.01,9,9333,买盘
2808,09:52:24,10.36,--,11,11396,卖盘
2809,09:52:21,10.36,-0.01,27,27972,卖盘
2810,09:52:15,10.37,0.01,20,20740,买盘
2811,09:52:09,10.36,--,8,8288,卖盘
2812,09:52:06,10.36,-0.01,20,20720,卖盘
2813,09:52:00,10.37,0.01,120,124439,买盘
2814,09:51:54,10.36,-0.01,113,117068,卖盘
2815,09:51:51,10.37,0.01,9,9333,买盘
2816,09:51:48,10.36,-0.01,13,13468,卖盘
2817,09:51:42,10.37,-0.01,21,21777,卖盘
2818,09:51:36,10.38,0.01,13,13494,买盘
2819,09:51:33,10.37,--,3,3110,买盘
2820,09:51:30,10.37,--,103,106810,买盘
2821,09:51:27,10.37,--,76,78812,卖盘
2822,09:51:18,10.37,--,8,8296,卖盘
2823,09:51:12,10.37,-0.01,1,1037,卖盘
2824,09:51:06,10.38,0.01,12,12456,买盘
2825,09:51:03,10.37,--,165,171105,买盘
2826,09:50:57,10.37,--,52,53923,卖盘
2827,09:50:54,10.37,--,10,10370,卖盘
2828,09:50:51,10.37,--,110,114069,买盘
2829,09:50:48,10.37,0.01,15,15554,买盘
2830,09:50:45,10.36,-0.01,14,14504,卖盘
2831,09:50:39,10.37,--,3,3110,买盘
