,time,price,change,volume,amount,type
0,15:00:03,7.37,--,1489,1097393,买盘
1,14:57:00,7.37,--,2,1474,买盘
2,14:56:57,7.37,--,1,737,买盘
3,14:56:54,7.37,0.01,20,14740,买盘
4,14:56:51,7.36,--,27,19872,卖盘
5,14:56:48,7.36,--,29,21344,卖盘
6,14:56:45,7.36,--,5,3680,卖盘
7,14:56:42,7.36,--,12,8832,卖盘
8,14:56:39,7.36,--,110,80960,卖盘
9,14:56:36,7.36,--,19,13984,卖盘
10,14:56:33,7.36,-0.01,121,89056,卖盘
11,14:56:30,7.37,-0.01,142,104654,卖盘
12,14:56:27,7.38,0.01,5,3690,买盘
13,14:56:24,7.37,--,1,737,卖盘
14,14:56:21,7.37,--,38,28006,卖盘
15,14:56:18,7.37,0.01,425,313225,买盘
16,14:56:15,7.36,--,21,15456,卖盘
17,14:56:12,7.36,--,10,7360,卖盘
18,14:56:09,7.36,-0.01,59,43424,卖盘
19,14:56:06,7.37,--,38,28006,买盘
20,14:56:03,7.37,--,107,78859,买盘
21,14:55:57,7.37,--,74,54538,买盘
22,14:55:54,7.37,--,149,109813,卖盘
23,14:55:51,7.37,--,4,2948,卖盘
24,14:55:48,7.37,--,14,10318,卖盘
25,14:55:45,7.37,0.01,112,82544,买盘
26,14:55:42,7.36,--,4,2944,卖盘
27,14:55:36,7.36,--,4,2944,卖盘
28,14:55:30,7.36,--,8,5888,卖盘
29,14:55:27,7.36,-0.01,64,47104,卖盘
30,14:55:24,7.37,--,30,22110,卖盘
31,14:55:21,7.37,--,25,18425,卖盘
32,14:55:18,7.37,0.01,56,41272,买盘
33,14:55:15,7.36,-0.01,16,11776,卖盘
34,14:55:12,7.37,--,10,7370,卖盘
35,14:55:09,7.37,--,44,32428,卖盘
36,14:55:06,7.37,--,46,33902,买盘
37,14:55:03,7.37,--,137,100969,卖盘
38,14:55:00,7.37,--,42,30954,卖盘
39,14:54:57,7.37,--,240,176880,卖盘
40,14:54:54,7.37,--,47,34639,卖盘
41,14:54:51,7.37,-0.01,17,12529,卖盘
42,14:54:48,7.38,0.01,18,13284,买盘
43,14:54:45,7.37,-0.01,27,19899,卖盘
44,14:54:42,7.38,0.01,671,495198,买盘
45,14:54:39,7.37,--,1,737,卖盘
46,14:54:36,7.37,--,209,154033,卖盘
47,14:54:33,7.37,--,36,26532,卖盘
48,14:54:30,7.37,--,40,29480,卖盘
49,14:54:27,7.37,--,3,2211,卖盘
50,14:54:24,7.37,--,4,2948,卖盘
51,14:54:21,7.37,-0.01,5,3685,卖盘
52,14:54:18,7.38,0.01,1,738,买盘
53,14:54:15,7.37,--,10,7370,卖盘
54,14:54:12,7.37,--,120,88440,卖盘
55,14:54:09,7.37,--,10,7370,卖盘
56,14:54:06,7.37,--,77,56749,卖盘
57,14:54:03,7.37,--,17,12529,卖盘
58,14:53:57,7.37,-0.01,20,14740,卖盘
59,14:53:54,7.38,0.01,35,25830,买盘
60,14:53:51,7.37,--,1,737,卖盘
61,14:53:48,7.37,--,15,11055,卖盘
62,14:53:45,7.37,--,92,67804,卖盘
63,14:53:42,7.37,--,3,2211,卖盘
64,14:53:36,7.37,--,28,20636,卖盘
65,14:53:33,7.37,--,43,31691,卖盘
66,14:53:30,7.37,-0.01,3,2211,卖盘
67,14:53:27,7.38,0.01,22,16236,买盘
68,14:53:21,7.37,--,39,28743,卖盘
69,14:53:18,7.37,--,28,20636,卖盘
70,14:53:15,7.37,--,9,6633,卖盘
71,14:53:12,7.37,--,108,79596,卖盘
72,14:53:09,7.37,--,4,2948,卖盘
73,14:53:06,7.37,--,78,57486,卖盘
74,14:52:54,7.37,0.01,108,79596,买盘
75,14:52:51,7.36,--,50,36800,卖盘
76,14:52:45,7.36,--,15,11040,卖盘
77,14:52:42,7.36,-0.02,29,21344,卖盘
78,14:52:39,7.38,0.01,248,183024,买盘
79,14:52:36,7.37,--,43,31691,买盘
80,14:52:33,7.37,0.01,1,737,买盘
81,14:52:30,7.36,--,3,2208,卖盘
82,14:52:27,7.36,-0.01,3,2208,卖盘
83,14:52:24,7.37,0.01,232,170984,买盘
84,14:52:21,7.36,--,4,2944,卖盘
85,14:52:18,7.36,--,21,15456,卖盘
86,14:52:15,7.36,-0.01,15,11040,卖盘
87,14:52:12,7.37,0.01,368,271216,买盘
88,14:52:06,7.36,-0.01,62,45632,卖盘
89,14:52:03,7.37,0.01,4,2948,买盘
90,14:52:00,7.36,-0.01,19,13984,卖盘
91,14:51:57,7.37,0.01,42,30954,买盘
92,14:51:54,7.36,--,52,38272,卖盘
93,14:51:51,7.36,--,1,736,卖盘
94,14:51:48,7.36,--,100,73600,卖盘
95,14:51:45,7.36,--,8,5888,卖盘
96,14:51:42,7.36,--,6,4416,卖盘
97,14:51:39,7.36,--,6,4416,卖盘
98,14:51:36,7.36,--,9,6624,卖盘
99,14:51:30,7.36,-0.01,14,10304,卖盘
100,14:51:27,7.37,0.01,28,20636,买盘
101,14:51:21,7.36,-0.01,3,2208,卖盘
102,14:51:18,7.37,-0.01,173,127501,卖盘
103,14:51:15,7.38,--,135,99630,买盘
104,14:51:12,7.38,0.01,66,48708,买盘
105,14:51:09,7.37,--,395,291115,卖盘
106,14:51:06,7.37,--,14,10318,卖盘
107,14:51:03,7.37,-0.01,16,11792,卖盘
108,14:50:57,7.38,--,22,16236,买盘
109,14:50:54,7.38,--,26,19188,买盘
110,14:50:51,7.38,--,78,57564,买盘
111,14:50:48,7.38,0.01,101,74538,买盘
112,14:50:45,7.37,--,17,12529,卖盘
113,14:50:42,7.37,--,3,2211,卖盘
114,14:50:39,7.37,--,15,11055,卖盘
115,14:50:36,7.37,--,1082,797434,卖盘
116,14:50:33,7.37,-0.01,72,53064,卖盘
117,14:50:30,7.38,0.01,48,35424,买盘
118,14:50:27,7.37,--,40,29480,卖盘
119,14:50:21,7.37,-0.01,4,2948,卖盘
120,14:50:18,7.38,0.01,18,13284,买盘
121,14:50:15,7.37,--,14,10318,卖盘
122,14:50:12,7.37,-0.01,7,5159,卖盘
123,14:50:09,7.38,0.01,4,2952,买盘
124,14:50:06,7.37,-0.02,236,174079,卖盘
125,14:50:03,7.39,0.01,422,311858,买盘
126,14:50:00,7.38,--,15,11070,卖盘
127,14:49:57,7.38,-0.01,1,738,卖盘
128,14:49:54,7.39,0.01,1,739,买盘
129,14:49:51,7.38,--,21,15498,卖盘
130,14:49:48,7.38,--,12,8856,卖盘
131,14:49:45,7.38,--,62,45756,卖盘
132,14:49:42,7.38,--,14,10332,卖盘
133,14:49:39,7.38,0.01,182,134906,买盘
134,14:49:36,7.37,-0.01,2,1474,卖盘
135,14:49:33,7.38,--,9,6789,卖盘
136,14:49:30,7.38,--,10,7380,卖盘
137,14:49:27,7.38,--,144,106272,卖盘
138,14:49:24,7.38,-0.01,575,424350,卖盘
139,14:49:21,7.39,0.01,42,31038,买盘
140,14:49:18,7.38,--,9,6642,卖盘
141,14:49:15,7.38,--,13,9594,卖盘
142,14:49:12,7.38,--,138,101844,卖盘
143,14:49:06,7.38,-0.01,17,12546,卖盘
144,14:49:03,7.39,0.01,1,739,买盘
145,14:49:00,7.38,--,15,11070,卖盘
146,14:48:51,7.38,-0.01,9,6642,卖盘
147,14:48:48,7.39,0.01,54,39906,买盘
148,14:48:45,7.38,--,115,84870,卖盘
149,14:48:42,7.38,-0.01,8,5904,卖盘
150,14:48:39,7.39,0.01,35,25865,买盘
151,14:48:36,7.38,--,2,1476,卖盘
152,14:48:30,7.38,--,19,14022,卖盘
153,14:48:27,7.38,--,52,38376,卖盘
154,14:48:21,7.38,--,22,16236,卖盘
155,14:48:18,7.38,--,121,89298,卖盘
156,14:48:15,7.38,--,48,35424,卖盘
157,14:48:12,7.38,-0.01,8,5904,卖盘
158,14:48:09,7.39,--,17,12563,买盘
159,14:48:06,7.39,--,99,73161,买盘
160,14:48:00,7.39,0.01,3,2217,买盘
161,14:47:57,7.38,-0.01,5,3690,卖盘
162,14:47:54,7.39,--,175,129325,卖盘
163,14:47:51,7.39,--,104,76856,卖盘
164,14:47:48,7.39,--,50,36950,卖盘
165,14:47:45,7.39,--,106,78334,卖盘
166,14:47:42,7.39,--,81,59859,卖盘
167,14:47:39,7.39,--,1552,1146928,买盘
168,14:47:36,7.39,0.01,110,81290,买盘
169,14:47:33,7.38,--,1,738,卖盘
170,14:47:30,7.38,--,26,19188,卖盘
171,14:47:27,7.38,-0.01,50,36900,卖盘
172,14:47:21,7.39,0.01,55,40645,买盘
173,14:47:18,7.38,--,45,33210,卖盘
174,14:47:15,7.38,-0.01,84,61992,卖盘
175,14:47:12,7.39,--,117,86463,买盘
176,14:47:09,7.39,0.01,63,46557,买盘
177,14:47:06,7.38,--,40,29520,卖盘
178,14:47:03,7.38,--,14,10332,卖盘
179,14:47:00,7.38,--,100,73800,卖盘
180,14:46:51,7.38,--,51,37638,卖盘
181,14:46:45,7.38,--,3,2214,卖盘
182,14:46:42,7.38,--,4,2952,卖盘
183,14:46:39,7.38,--,41,30258,卖盘
184,14:46:36,7.38,--,268,197784,卖盘
185,14:46:30,7.38,-0.01,4,2952,卖盘
186,14:46:27,7.39,--,6,4434,买盘
187,14:46:24,7.39,0.01,4,2956,买盘
188,14:46:21,7.38,-0.01,5,3690,卖盘
189,14:46:18,7.39,--,325,240175,卖盘
190,14:46:15,7.39,--,1610,1189790,卖盘
191,14:46:12,7.39,-0.01,147,108633,卖盘
192,14:46:09,7.4,0.01,68,50320,买盘
193,14:46:06,7.39,--,37,27343,卖盘
194,14:46:03,7.39,--,41,30299,卖盘
195,14:46:00,7.39,--,15,11085,卖盘
196,14:45:57,7.39,--,14,10346,卖盘
197,14:45:54,7.39,--,10,7390,卖盘
198,14:45:51,7.39,--,1,739,卖盘
199,14:45:48,7.39,--,47,34733,卖盘
200,14:45:45,7.39,--,11,8129,卖盘
201,14:45:42,7.39,--,108,79812,卖盘
202,14:45:39,7.39,--,181,133759,卖盘
203,14:45:36,7.39,--,207,152973,卖盘
204,14:45:33,7.39,--,1,739,卖盘
205,14:45:30,7.39,--,33,24387,卖盘
206,14:45:27,7.39,-0.01,14,10346,卖盘
207,14:45:24,7.4,0.01,100,74000,买盘
208,14:45:21,7.39,--,3,2217,卖盘
209,14:45:18,7.39,--,71,52469,卖盘
210,14:45:15,7.39,-0.01,100,73900,卖盘
211,14:45:12,7.4,--,75,55500,买盘
212,14:45:09,7.4,--,132,97680,买盘
213,14:45:06,7.4,--,524,387760,买盘
214,14:45:03,7.4,--,11,8140,买盘
215,14:44:57,7.4,0.01,31,22940,买盘
216,14:44:51,7.39,--,1,739,卖盘
217,14:44:48,7.39,--,60,44340,卖盘
218,14:44:45,7.39,--,2,1478,卖盘
219,14:44:42,7.39,--,16,11824,卖盘
220,14:44:39,7.39,--,60,44340,卖盘
221,14:44:36,7.39,--,42,31038,卖盘
222,14:44:33,7.39,--,5,3695,卖盘
223,14:44:30,7.39,-0.01,48,35472,卖盘
224,14:44:27,7.4,0.01,71,52540,买盘
225,14:44:21,7.39,--,339,250521,卖盘
226,14:44:18,7.39,--,204,150756,卖盘
227,14:44:15,7.39,--,6,4434,卖盘
228,14:44:12,7.39,--,144,106416,卖盘
229,14:44:09,7.39,--,47,34733,卖盘
230,14:44:06,7.39,--,40,29560,卖盘
231,14:44:03,7.39,-0.01,41,30299,卖盘
232,14:44:00,7.4,0.01,101,74740,买盘
233,14:43:57,7.39,--,5,3695,卖盘
234,14:43:51,7.39,--,21,15519,卖盘
235,14:43:48,7.39,--,7,5173,卖盘
236,14:43:45,7.39,--,27,19953,卖盘
237,14:43:42,7.39,-0.01,260,192140,卖盘
238,14:43:39,7.4,0.01,85,62900,买盘
239,14:43:36,7.39,-0.01,71,52469,卖盘
240,14:43:33,7.4,0.01,223,165020,买盘
241,14:43:30,7.39,-0.01,43,31777,卖盘
242,14:43:27,7.4,--,154,113960,买盘
243,14:43:24,7.4,0.01,5,3700,买盘
244,14:43:21,7.39,--,98,72422,卖盘
245,14:43:18,7.39,--,138,101982,卖盘
246,14:43:15,7.39,--,10,7390,卖盘
247,14:43:12,7.39,--,44,32516,卖盘
248,14:43:09,7.39,--,59,43601,卖盘
249,14:43:06,7.39,-0.01,3,2217,卖盘
250,14:43:03,7.4,0.01,115,85100,买盘
251,14:43:00,7.39,-0.01,126,93114,卖盘
252,14:42:57,7.4,0.01,21,15540,买盘
253,14:42:51,7.39,--,39,28821,卖盘
254,14:42:48,7.39,--,38,28082,卖盘
255,14:42:45,7.39,--,3,2217,卖盘
256,14:42:42,7.39,--,10,7390,卖盘
257,14:42:39,7.39,--,255,188445,卖盘
258,14:42:36,7.39,-0.01,3,2217,卖盘
259,14:42:33,7.4,0.01,11,8140,买盘
260,14:42:30,7.39,--,19,14041,卖盘
261,14:42:27,7.39,-0.01,22,16258,卖盘
262,14:42:24,7.4,0.01,3,2220,买盘
263,14:42:21,7.39,--,71,52469,卖盘
264,14:42:18,7.39,--,20,14780,卖盘
265,14:42:15,7.39,--,22,16258,卖盘
266,14:42:12,7.39,-0.01,71,52469,卖盘
267,14:42:09,7.4,--,61,45140,买盘
268,14:42:06,7.4,0.01,3016,2231840,买盘
269,14:42:03,7.39,--,30,22170,买盘
270,14:42:00,7.39,--,100,73900,买盘
271,14:41:57,7.39,--,11,8129,买盘
272,14:41:54,7.39,0.01,98,72422,买盘
273,14:41:51,7.38,--,201,148338,卖盘
274,14:41:48,7.38,--,15,11070,卖盘
275,14:41:45,7.38,--,2,1476,卖盘
276,14:41:42,7.38,-0.01,21,15498,卖盘
277,14:41:39,7.39,0.01,103,76117,买盘
278,14:41:36,7.38,--,179,132102,卖盘
279,14:41:33,7.38,--,4,3542,卖盘
280,14:41:30,7.38,--,28,20664,卖盘
281,14:41:27,7.38,-0.01,84,61992,卖盘
282,14:41:24,7.39,0.01,9,6651,买盘
283,14:41:21,7.38,-0.01,22,16236,卖盘
284,14:41:18,7.39,0.01,1,739,买盘
285,14:41:15,7.38,--,150,110700,卖盘
286,14:41:12,7.38,-0.01,9,6642,卖盘
287,14:41:09,7.39,--,105,77595,买盘
288,14:41:06,7.39,0.01,95,70205,买盘
289,14:41:03,7.38,--,24,17712,卖盘
290,14:41:00,7.38,--,26,19188,卖盘
291,14:40:57,7.38,--,167,123246,卖盘
292,14:40:48,7.38,--,18,13284,卖盘
293,14:40:45,7.38,--,2,1476,卖盘
294,14:40:42,7.38,-0.01,2,1476,卖盘
295,14:40:39,7.39,--,57,42123,买盘
296,14:40:36,7.39,--,146,107894,买盘
297,14:40:30,7.39,0.01,112,82768,买盘
298,14:40:27,7.38,--,2,1476,卖盘
299,14:40:24,7.38,--,27,19926,卖盘
300,14:40:21,7.38,--,8,5904,卖盘
301,14:40:18,7.38,--,155,114390,卖盘
302,14:40:15,7.38,--,21,15498,卖盘
303,14:40:12,7.38,-0.01,18,13284,卖盘
304,14:40:09,7.39,0.01,10,7390,买盘
305,14:40:06,7.38,-0.01,1,738,卖盘
306,14:40:03,7.39,0.01,36,26604,买盘
307,14:40:00,7.38,-0.01,8,5904,买盘
308,14:39:57,7.39,--,88,65032,卖盘
309,14:39:54,7.39,-0.01,212,156668,中性盘
310,14:39:51,7.4,0.02,691,511340,买盘
311,14:39:48,7.38,-0.01,10,7380,卖盘
312,14:39:45,7.39,--,109,80551,卖盘
313,14:39:42,7.39,0.02,57,42123,买盘
314,14:39:36,7.37,-0.03,63,46431,卖盘
315,14:39:33,7.4,0.02,93,68820,买盘
316,14:39:30,7.38,--,21,15498,卖盘
317,14:39:27,7.38,--,27,19926,买盘
318,14:39:24,7.38,0.01,2,1476,买盘
319,14:39:21,7.37,-0.03,35,25795,卖盘
320,14:39:18,7.4,0.03,1617,1196580,买盘
321,14:39:15,7.37,--,15,11055,卖盘
322,14:39:12,7.37,--,105,77385,卖盘
323,14:39:09,7.37,--,17,12529,卖盘
324,14:39:06,7.37,--,27,19899,卖盘
325,14:38:57,7.37,--,30,22110,卖盘
326,14:38:54,7.37,-0.02,31,22847,卖盘
327,14:38:51,7.39,0.02,3101,2291639,买盘
328,14:38:48,7.37,--,10,7370,卖盘
329,14:38:45,7.37,--,19,14003,卖盘
330,14:38:42,7.37,--,4,2948,卖盘
331,14:38:36,7.37,--,35,25795,卖盘
332,14:38:30,7.37,0.01,3,2211,卖盘
333,14:38:27,7.36,-0.01,10,7360,卖盘
334,14:38:24,7.37,--,17,12529,卖盘
335,14:38:21,7.37,0.01,3,2211,中性盘
336,14:38:18,7.36,--,126,92736,卖盘
337,14:38:15,7.36,--,3,2208,卖盘
338,14:38:12,7.36,-0.03,26,19136,卖盘
339,14:38:09,7.39,0.02,3,2217,买盘
340,14:38:06,7.37,-0.02,24,17688,卖盘
341,14:38:03,7.39,0.04,78,57642,买盘
342,14:38:00,7.35,--,62,45570,卖盘
343,14:37:57,7.35,--,6042,4440870,卖盘
344,14:37:54,7.35,--,11,8085,卖盘
345,14:37:51,7.35,--,2,1470,卖盘
346,14:37:48,7.35,--,40,29400,卖盘
347,14:37:45,7.35,--,1,735,卖盘
348,14:37:42,7.35,--,23,16905,卖盘
349,14:37:39,7.35,--,1064,782040,卖盘
350,14:37:36,7.35,--,6002,4411470,卖盘
351,14:37:33,7.35,--,1,735,卖盘
352,14:37:30,7.35,--,2,1470,卖盘
353,14:37:27,7.35,-0.01,124,91140,卖盘
354,14:37:24,7.36,0.01,69,50784,买盘
355,14:37:21,7.35,--,5,3675,卖盘
356,14:37:15,7.35,--,2,1470,卖盘
357,14:37:12,7.35,--,21,15435,卖盘
358,14:37:06,7.35,-0.01,22,16170,卖盘
359,14:36:57,7.36,--,5,3680,买盘
360,14:36:54,7.36,0.01,83,61088,买盘
361,14:36:51,7.35,--,1,735,卖盘
362,14:36:45,7.35,--,7,5145,卖盘
363,14:36:42,7.35,-0.01,118,86730,卖盘
364,14:36:39,7.36,0.01,106,78016,买盘
365,14:36:36,7.35,--,2,1470,卖盘
366,14:36:30,7.35,--,2,1470,卖盘
367,14:36:27,7.35,-0.01,2,1470,卖盘
368,14:36:21,7.36,--,103,75808,买盘
369,14:36:18,7.36,--,33,24288,卖盘
370,14:36:15,7.36,--,110,80960,卖盘
371,14:36:12,7.36,--,40,29440,卖盘
372,14:36:09,7.36,--,6,4416,卖盘
373,14:36:06,7.36,--,6,4416,卖盘
374,14:36:03,7.36,--,55,40480,买盘
375,14:35:57,7.36,--,134,98624,买盘
376,14:35:51,7.36,--,104,76544,买盘
377,14:35:48,7.36,0.01,40,29440,买盘
378,14:35:45,7.35,--,2,1470,卖盘
379,14:35:42,7.35,--,3,2205,卖盘
380,14:35:36,7.35,-0.01,2,1470,卖盘
381,14:35:33,7.36,0.01,5,3680,买盘
382,14:35:30,7.35,--,14,10290,卖盘
383,14:35:27,7.35,-0.01,117,85995,卖盘
384,14:35:24,7.36,0.01,11,8096,买盘
385,14:35:21,7.35,-0.01,3,2205,卖盘
386,14:35:18,7.36,0.01,28,20608,买盘
387,14:35:15,7.35,--,122,89670,卖盘
388,14:35:12,7.35,--,109,80115,卖盘
389,14:35:09,7.35,-0.01,49,36015,卖盘
390,14:35:06,7.36,--,64,47104,买盘
391,14:35:03,7.36,0.01,84,61824,买盘
392,14:34:57,7.35,--,5,3675,卖盘
393,14:34:54,7.35,--,59,43365,卖盘
394,14:34:51,7.35,-0.01,1,735,卖盘
395,14:34:48,7.36,0.01,2,1472,买盘
396,14:34:45,7.35,-0.01,7,5145,卖盘
397,14:34:42,7.36,--,113,83168,买盘
398,14:34:39,7.36,0.01,102,75072,买盘
399,14:34:36,7.35,-0.01,6,4410,卖盘
400,14:34:33,7.36,0.01,12,8832,买盘
401,14:34:30,7.35,--,3,2205,卖盘
402,14:34:27,7.35,--,2,1470,卖盘
403,14:34:21,7.35,-0.01,8,5880,卖盘
404,14:34:18,7.36,0.01,4,2944,买盘
405,14:34:15,7.35,-0.01,3,2205,卖盘
406,14:34:12,7.36,0.01,74,54464,买盘
407,14:34:06,7.35,-0.01,2,1470,卖盘
408,14:34:03,7.36,--,40,29440,卖盘
409,14:34:00,7.36,-0.01,31,22816,中性盘
410,14:33:57,7.37,0.01,103,75911,买盘
411,14:33:51,7.36,-0.01,129,94944,卖盘
412,14:33:48,7.37,0.01,1,737,买盘
413,14:33:45,7.36,--,102,75072,卖盘
414,14:33:42,7.36,--,17,12512,买盘
415,14:33:39,7.36,--,14,10304,买盘
416,14:33:36,7.36,0.01,8,5888,买盘
417,14:33:33,7.35,--,10,7350,卖盘
418,14:33:30,7.35,-0.02,80,58800,卖盘
419,14:33:27,7.37,0.01,3058,2253746,买盘
420,14:33:24,7.36,--,23,16928,买盘
421,14:33:21,7.36,0.01,113,83168,买盘
422,14:33:18,7.35,--,8,5880,卖盘
423,14:33:15,7.35,--,29,21315,卖盘
424,14:33:12,7.35,--,17,12495,卖盘
425,14:33:06,7.35,--,17,12495,卖盘
426,14:33:03,7.35,--,27,19845,卖盘
427,14:33:00,7.35,--,8,5880,卖盘
428,14:32:57,7.35,--,24,17640,卖盘
429,14:32:51,7.35,-0.01,1,735,卖盘
430,14:32:48,7.36,0.01,55,40480,买盘
431,14:32:45,7.35,-0.01,3,2205,卖盘
432,14:32:42,7.36,--,9,6624,买盘
433,14:32:39,7.36,0.01,99,72864,买盘
434,14:32:36,7.35,-0.01,19,13965,卖盘
435,14:32:33,7.36,0.01,1,736,买盘
436,14:32:30,7.35,--,3,2205,卖盘
437,14:32:27,7.35,-0.01,3,2205,卖盘
438,14:32:24,7.36,0.01,2,1472,买盘
439,14:32:21,7.35,-0.01,3,2205,卖盘
440,14:32:18,7.36,0.01,2,1472,买盘
441,14:32:15,7.35,--,3,2205,卖盘
442,14:32:12,7.35,--,15,11025,卖盘
443,14:32:06,7.35,-0.01,62,45570,卖盘
444,14:32:03,7.36,0.01,2,1472,买盘
445,14:31:57,7.35,-0.01,3,2205,卖盘
446,14:31:54,7.36,0.01,7,5152,买盘
447,14:31:51,7.35,-0.01,1,735,卖盘
448,14:31:45,7.36,0.01,25,18400,买盘
449,14:31:42,7.35,--,42,30870,卖盘
450,14:31:36,7.35,--,2,1470,卖盘
451,14:31:33,7.35,--,8,5880,卖盘
452,14:31:30,7.35,--,17,12495,卖盘
453,14:31:27,7.35,--,2,1470,卖盘
454,14:31:21,7.35,--,33,24255,卖盘
455,14:31:18,7.35,--,4,2940,卖盘
456,14:31:15,7.35,-0.01,11,8085,卖盘
457,14:31:12,7.36,--,645,474720,卖盘
458,14:31:09,7.36,--,51,37536,卖盘
459,14:31:06,7.36,--,18,13248,卖盘
460,14:31:03,7.36,--,44,32384,卖盘
461,14:31:00,7.36,--,21,15456,卖盘
462,14:30:57,7.36,--,110,80960,卖盘
463,14:30:54,7.36,--,7,5152,卖盘
464,14:30:51,7.36,--,1,736,卖盘
465,14:30:45,7.36,--,7,5152,卖盘
466,14:30:42,7.36,--,3,2208,卖盘
467,14:30:39,7.36,--,43,31648,卖盘
468,14:30:36,7.36,--,2,1472,卖盘
469,14:30:33,7.36,--,49,36064,卖盘
470,14:30:30,7.36,--,3,2208,卖盘
471,14:30:27,7.36,--,2,1472,卖盘
472,14:30:24,7.36,--,7,5152,卖盘
473,14:30:21,7.36,-0.01,3,2208,卖盘
474,14:30:18,7.37,0.01,2,1474,买盘
475,14:30:15,7.36,--,3,2208,卖盘
476,14:30:12,7.36,-0.01,20,14720,卖盘
477,14:30:09,7.37,0.01,40,29480,买盘
478,14:30:06,7.36,-0.01,50,36800,卖盘
479,14:30:03,7.37,0.01,40,29480,买盘
480,14:30:00,7.36,--,50,36800,卖盘
481,14:29:54,7.36,--,5,3680,卖盘
482,14:29:51,7.36,--,167,122912,卖盘
483,14:29:48,7.36,--,25,18400,卖盘
484,14:29:45,7.36,--,1,736,卖盘
485,14:29:42,7.36,--,2,1472,卖盘
486,14:29:36,7.36,-0.01,6,4416,卖盘
487,14:29:33,7.37,0.01,7,5159,买盘
488,14:29:30,7.36,--,2,1472,卖盘
489,14:29:27,7.36,--,1,736,卖盘
490,14:29:24,7.36,--,26,19136,卖盘
491,14:29:21,7.36,--,8,5888,卖盘
492,14:29:18,7.36,--,56,41216,卖盘
493,14:29:15,7.36,--,3,2208,卖盘
494,14:29:12,7.36,--,39,28704,卖盘
495,14:29:06,7.36,--,11,8096,卖盘
496,14:29:03,7.36,--,15,11040,卖盘
497,14:28:57,7.36,--,20,14720,卖盘
498,14:28:54,7.36,-0.01,40,29440,卖盘
499,14:28:51,7.37,0.01,32,23584,买盘
500,14:28:48,7.36,--,23,16928,卖盘
501,14:28:45,7.36,-0.01,523,384928,卖盘
502,14:28:42,7.37,0.01,4,2948,买盘
503,14:28:39,7.36,--,18,13248,卖盘
504,14:28:36,7.36,--,190,139840,卖盘
505,14:28:30,7.36,-0.01,213,156768,卖盘
506,14:28:27,7.37,0.01,21,15477,买盘
507,14:28:24,7.36,--,33,24288,卖盘
508,14:28:21,7.36,-0.01,148,108928,卖盘
509,14:28:18,7.37,0.01,2,1474,买盘
510,14:28:15,7.36,--,3,2208,卖盘
511,14:28:12,7.36,--,15,11040,卖盘
512,14:28:09,7.36,--,4,2944,卖盘
513,14:28:06,7.36,--,2,1472,卖盘
514,14:28:03,7.36,--,33,24288,卖盘
515,14:28:00,7.36,--,2,1472,卖盘
516,14:27:51,7.36,-0.01,1,736,卖盘
517,14:27:48,7.37,0.01,15,11055,买盘
518,14:27:45,7.36,--,2,1472,卖盘
519,14:27:42,7.36,-0.01,4,2944,卖盘
520,14:27:39,7.37,0.01,20,14740,买盘
521,14:27:36,7.36,--,2,1472,卖盘
522,14:27:30,7.36,--,2,1472,卖盘
523,14:27:27,7.36,--,16,11776,卖盘
524,14:27:24,7.36,--,5,3680,卖盘
525,14:27:21,7.36,--,12,8832,卖盘
526,14:27:18,7.36,--,46,33856,卖盘
527,14:27:15,7.36,--,17,12512,卖盘
528,14:27:12,7.36,--,4,2944,卖盘
529,14:27:09,7.36,--,45,33120,卖盘
530,14:27:06,7.36,--,116,85376,卖盘
531,14:27:03,7.36,--,63,46368,卖盘
532,14:27:00,7.36,--,24,17664,卖盘
533,14:26:57,7.36,-0.01,100,73600,卖盘
534,14:26:54,7.37,0.01,158,116446,买盘
535,14:26:51,7.36,--,1,736,卖盘
536,14:26:48,7.36,--,47,34592,卖盘
537,14:26:45,7.36,--,58,42688,卖盘
538,14:26:42,7.36,--,502,369472,卖盘
539,14:26:39,7.36,--,34,25024,卖盘
540,14:26:36,7.36,-0.01,1,736,卖盘
541,14:26:33,7.37,0.01,1,737,买盘
542,14:26:30,7.36,--,2,1472,卖盘
543,14:26:27,7.36,--,6,4416,卖盘
544,14:26:24,7.36,--,114,83904,卖盘
545,14:26:21,7.36,--,33,24288,卖盘
546,14:26:18,7.36,--,47,34592,卖盘
547,14:26:15,7.36,--,31,22816,卖盘
548,14:26:12,7.36,--,22,16192,卖盘
549,14:26:09,7.36,--,50,36800,卖盘
550,14:26:06,7.36,--,1,736,卖盘
551,14:26:03,7.36,--,23,16928,卖盘
552,14:25:45,7.36,-0.01,16,11776,卖盘
553,14:25:42,7.37,0.01,7,5159,买盘
554,14:25:36,7.36,-0.01,2,1472,中性盘
555,14:25:30,7.37,0.01,175,128975,买盘
556,14:25:27,7.36,--,1749,1287264,卖盘
557,14:25:24,7.36,--,13,9568,卖盘
558,14:25:21,7.36,-0.01,2,1472,卖盘
559,14:25:18,7.37,0.01,4,2948,买盘
560,14:25:15,7.36,--,93,68448,卖盘
561,14:25:12,7.36,--,20,14720,卖盘
562,14:25:09,7.36,--,193,142048,卖盘
563,14:25:06,7.36,--,1,736,卖盘
564,14:25:03,7.36,--,13,9568,卖盘
565,14:25:00,7.36,0.01,121,89056,买盘
566,14:24:51,7.35,--,101,74235,卖盘
567,14:24:45,7.35,--,13,9555,卖盘
568,14:24:42,7.35,-0.01,2,1470,卖盘
569,14:24:39,7.36,0.01,1,736,买盘
570,14:24:36,7.35,--,1,735,卖盘
571,14:24:33,7.35,--,5,3675,卖盘
572,14:24:30,7.35,--,7,5145,卖盘
573,14:24:27,7.35,--,81,59535,卖盘
574,14:24:24,7.35,--,12,8820,卖盘
575,14:24:21,7.35,-0.01,102,74970,卖盘
576,14:24:18,7.36,0.01,42,30912,买盘
577,14:24:15,7.35,--,2,1470,卖盘
578,14:24:12,7.35,--,208,152880,卖盘
579,14:24:06,7.35,--,6,4410,卖盘
580,14:24:03,7.35,--,12,8820,卖盘
581,14:23:57,7.35,-0.01,1,735,卖盘
582,14:23:54,7.36,0.01,1,736,买盘
583,14:23:51,7.35,--,1,735,卖盘
584,14:23:45,7.35,--,13,9555,卖盘
585,14:23:42,7.35,-0.01,1,735,卖盘
586,14:23:39,7.36,--,13,9568,卖盘
587,14:23:36,7.36,-0.01,16,11776,卖盘
588,14:23:33,7.37,0.01,114,84018,买盘
589,14:23:30,7.36,--,78,57408,卖盘
590,14:23:27,7.36,--,52,38272,卖盘
591,14:23:24,7.36,--,12,8832,卖盘
592,14:23:21,7.36,--,35,25760,卖盘
593,14:23:18,7.36,0.01,115,84640,买盘
594,14:23:15,7.35,--,7,5145,卖盘
595,14:23:12,7.35,--,2,1470,卖盘
596,14:23:06,7.35,--,1,735,卖盘
597,14:23:03,7.35,--,27,19845,卖盘
598,14:23:00,7.35,--,1290,948150,卖盘
599,14:22:57,7.35,--,117,85995,卖盘
600,14:22:54,7.35,-0.01,3,2205,卖盘
601,14:22:48,7.36,0.01,122,89792,买盘
602,14:22:45,7.35,-0.01,2,1470,卖盘
603,14:22:42,7.36,0.01,10,7360,买盘
604,14:22:39,7.35,--,28,20580,卖盘
605,14:22:36,7.35,-0.01,2722,2000670,卖盘
606,14:22:33,7.36,0.01,4,2944,买盘
607,14:22:30,7.35,-0.01,2,1470,卖盘
608,14:22:27,7.36,0.01,36,26496,买盘
609,14:22:21,7.35,-0.01,2,1470,卖盘
610,14:22:18,7.36,0.01,2,1472,买盘
611,14:22:15,7.35,-0.01,34,24990,卖盘
612,14:22:12,7.36,--,553,407008,卖盘
613,14:22:06,7.36,--,1,736,卖盘
614,14:22:00,7.36,--,12,8832,卖盘
615,14:21:57,7.36,--,2,1472,卖盘
616,14:21:51,7.36,--,1,736,卖盘
617,14:21:45,7.36,-0.01,90,66240,卖盘
618,14:21:42,7.37,0.01,11,8107,买盘
619,14:21:36,7.36,--,2,1472,卖盘
620,14:21:33,7.36,--,5,3680,卖盘
621,14:21:30,7.36,--,36,26496,卖盘
622,14:21:27,7.36,--,2,1472,卖盘
623,14:21:24,7.36,--,124,91264,卖盘
624,14:21:21,7.36,-0.01,14,10304,卖盘
625,14:21:18,7.37,0.01,9,6633,买盘
626,14:21:15,7.36,--,3,2208,卖盘
627,14:21:12,7.36,--,34,25024,卖盘
628,14:21:06,7.36,-0.01,2,1472,卖盘
629,14:21:03,7.37,--,14,10318,买盘
630,14:21:00,7.37,0.01,1,737,买盘
631,14:20:57,7.36,--,3,2208,卖盘
632,14:20:51,7.36,-0.01,1,736,卖盘
633,14:20:48,7.37,0.01,13,9581,买盘
634,14:20:45,7.36,-0.01,12,8832,卖盘
635,14:20:42,7.37,0.02,8,5896,买盘
636,14:20:39,7.35,--,81,59535,卖盘
637,14:20:36,7.35,--,33,24255,卖盘
638,14:20:33,7.35,-0.01,2000,1470000,卖盘
639,14:20:30,7.36,--,6,5004,卖盘
640,14:20:27,7.36,--,5,3680,卖盘
641,14:20:24,7.36,--,11,8096,卖盘
642,14:20:21,7.36,--,2,1472,卖盘
643,14:20:18,7.36,--,6,4416,卖盘
644,14:20:15,7.36,--,142,104512,卖盘
645,14:20:12,7.36,-0.01,12,8832,卖盘
646,14:20:09,7.37,0.01,8,5896,买盘
647,14:20:06,7.36,--,12,8832,卖盘
648,14:20:03,7.36,-0.01,11,8096,卖盘
649,14:20:00,7.37,--,1,737,买盘
650,14:19:54,7.37,0.01,1,737,买盘
651,14:19:51,7.36,--,11,8096,卖盘
652,14:19:48,7.36,--,10,7360,卖盘
653,14:19:45,7.36,--,13,9568,卖盘
654,14:19:42,7.36,-0.01,4,2944,卖盘
655,14:19:39,7.37,0.01,55,40535,买盘
656,14:19:36,7.36,--,41,30176,卖盘
657,14:19:33,7.36,--,20,14720,卖盘
658,14:19:30,7.36,--,3,2208,卖盘
659,14:19:27,7.36,--,1,736,卖盘
660,14:19:24,7.36,-0.01,20,14720,卖盘
661,14:19:21,7.37,0.01,427,314699,买盘
662,14:19:15,7.36,--,109,80224,卖盘
663,14:19:12,7.36,--,10,7360,卖盘
664,14:19:06,7.36,-0.01,4,2944,卖盘
665,14:19:03,7.37,--,21,15477,买盘
666,14:19:00,7.37,0.01,1,737,买盘
667,14:18:57,7.36,--,19,13984,卖盘
668,14:18:48,7.36,--,11,8096,卖盘
669,14:18:45,7.36,--,1,736,卖盘
670,14:18:42,7.36,--,101,74336,卖盘
671,14:18:39,7.36,--,5,3680,卖盘
672,14:18:36,7.36,--,1,736,卖盘
673,14:18:30,7.36,--,2,1472,卖盘
674,14:18:27,7.36,-0.01,11,8096,卖盘
675,14:18:21,7.37,0.01,4,2948,买盘
676,14:18:15,7.36,--,4,2944,卖盘
677,14:18:12,7.36,--,9,6624,卖盘
678,14:18:06,7.36,-0.01,1,736,卖盘
679,14:18:03,7.37,--,50,36850,买盘
680,14:18:00,7.37,--,84,61908,买盘
681,14:17:54,7.37,0.01,10,7370,买盘
682,14:17:51,7.36,--,1,736,卖盘
683,14:17:48,7.36,--,21,15456,卖盘
684,14:17:45,7.36,--,31,22816,卖盘
685,14:17:42,7.36,--,2,1472,卖盘
686,14:17:36,7.36,--,101,74336,卖盘
687,14:17:30,7.36,--,63,46368,卖盘
688,14:17:27,7.36,-0.01,1,736,卖盘
689,14:17:24,7.37,0.01,12,8844,买盘
690,14:17:21,7.36,-0.01,5,3680,卖盘
691,14:17:18,7.37,0.01,144,106128,买盘
692,14:17:15,7.36,--,44,32384,卖盘
693,14:17:12,7.36,--,18,13248,卖盘
694,14:17:06,7.36,--,1,736,卖盘
695,14:17:03,7.36,-0.01,10,7360,卖盘
696,14:17:00,7.37,--,1,737,买盘
697,14:16:54,7.37,--,1,737,买盘
698,14:16:51,7.37,--,27,19899,卖盘
699,14:16:48,7.37,0.01,31,22847,买盘
700,14:16:45,7.36,--,82,60352,卖盘
701,14:16:42,7.36,--,104,76544,卖盘
702,14:16:36,7.36,-0.01,2,1472,卖盘
703,14:16:33,7.37,0.01,35,25795,买盘
704,14:16:30,7.36,--,6,4416,卖盘
705,14:16:27,7.36,--,2,1472,卖盘
706,14:16:24,7.36,--,13,9568,卖盘
707,14:16:21,7.36,--,3,2208,卖盘
708,14:16:18,7.36,-0.01,4,2944,卖盘
709,14:16:15,7.37,0.01,168,123816,买盘
710,14:16:12,7.36,--,16,11776,卖盘
711,14:16:06,7.36,--,14,10304,卖盘
712,14:16:03,7.36,-0.01,12,8832,卖盘
713,14:16:00,7.37,--,1,737,买盘
714,14:15:54,7.37,0.01,91,67067,买盘
715,14:15:48,7.36,--,12,8832,卖盘
716,14:15:45,7.36,--,61,44896,卖盘
717,14:15:42,7.36,--,2,1472,卖盘
718,14:15:36,7.36,--,21,15456,卖盘
719,14:15:33,7.36,--,25,18400,卖盘
720,14:15:30,7.36,--,3,2208,卖盘
721,14:15:27,7.36,--,5,3680,卖盘
722,14:15:24,7.36,--,13,9568,卖盘
723,14:15:21,7.36,--,6,4416,卖盘
724,14:15:18,7.36,--,16,11776,卖盘
725,14:15:15,7.36,--,32,23552,卖盘
726,14:15:12,7.36,--,8,5888,卖盘
727,14:15:09,7.36,--,3,2208,卖盘
728,14:15:06,7.36,-0.02,1,736,卖盘
729,14:15:03,7.38,0.02,12,8856,买盘
730,14:15:00,7.36,-0.01,84,61824,卖盘
731,14:14:57,7.37,-0.01,16,11792,卖盘
732,14:14:54,7.38,0.01,22,16236,买盘
733,14:14:51,7.37,--,1,737,卖盘
734,14:14:48,7.37,--,14,10318,卖盘
735,14:14:45,7.37,--,34,25058,卖盘
736,14:14:42,7.37,--,4,2948,卖盘
737,14:14:39,7.37,--,64,47168,卖盘
738,14:14:36,7.37,--,2,1474,卖盘
739,14:14:33,7.37,--,18,13266,卖盘
740,14:14:30,7.37,--,101,74437,卖盘
741,14:14:27,7.37,--,2,1474,卖盘
742,14:14:24,7.37,--,12,8844,卖盘
743,14:14:21,7.37,-0.01,3,2211,卖盘
744,14:14:18,7.38,0.01,8,5904,买盘
745,14:14:15,7.37,--,63,46431,卖盘
746,14:14:12,7.37,--,12,8844,卖盘
747,14:14:09,7.37,--,4,2948,卖盘
748,14:14:06,7.37,--,192,141504,卖盘
749,14:14:03,7.37,-0.01,116,85492,卖盘
750,14:14:00,7.38,0.01,2,1476,买盘
751,14:13:57,7.37,-0.01,13,9581,卖盘
752,14:13:54,7.38,0.01,1211,893718,买盘
753,14:13:51,7.37,--,79,58223,卖盘
754,14:13:48,7.37,--,15,11055,卖盘
755,14:13:45,7.37,--,33,24321,卖盘
756,14:13:42,7.37,--,4,2948,卖盘
757,14:13:39,7.37,--,3,2211,卖盘
758,14:13:36,7.37,--,1,737,卖盘
759,14:13:30,7.37,--,3,2211,卖盘
760,14:13:27,7.37,-0.01,1,737,卖盘
761,14:13:24,7.38,0.01,15,11070,买盘
762,14:13:21,7.37,--,2,1474,卖盘
763,14:13:15,7.37,--,30,22110,卖盘
764,14:13:12,7.37,--,102,75174,卖盘
765,14:13:06,7.37,--,7,5159,卖盘
766,14:13:03,7.37,-0.01,48,35376,卖盘
767,14:13:00,7.38,--,1,738,买盘
768,14:12:54,7.38,0.01,1,738,买盘
769,14:12:51,7.37,--,1,737,卖盘
770,14:12:48,7.37,--,10,7370,卖盘
771,14:12:45,7.37,--,43,31691,卖盘
772,14:12:42,7.37,--,52,38324,卖盘
773,14:12:36,7.37,-0.01,2,1474,卖盘
774,14:12:33,7.38,--,1,738,买盘
775,14:12:30,7.38,0.01,33,24354,买盘
776,14:12:27,7.37,-0.01,2,1474,卖盘
777,14:12:24,7.38,0.01,11,8118,买盘
778,14:12:21,7.37,--,2,1474,卖盘
779,14:12:18,7.37,--,2,1474,卖盘
780,14:12:15,7.37,--,34,25058,卖盘
781,14:12:12,7.37,-0.01,12,8844,卖盘
782,14:12:06,7.38,0.01,7,5166,买盘
783,14:12:03,7.37,-0.01,18,13266,卖盘
784,14:12:00,7.38,0.01,1,738,买盘
785,14:11:57,7.37,-0.01,13,9581,卖盘
786,14:11:54,7.38,0.01,1,738,买盘
787,14:11:48,7.37,--,10,7370,卖盘
788,14:11:45,7.37,--,3,2211,卖盘
789,14:11:42,7.37,-0.01,39,28743,卖盘
790,14:11:39,7.38,0.01,17,12546,买盘
791,14:11:36,7.37,--,2,1474,卖盘
792,14:11:33,7.37,--,14,10318,卖盘
793,14:11:30,7.37,-0.01,6,4422,卖盘
794,14:11:27,7.38,0.01,156,115128,买盘
795,14:11:24,7.37,--,102,75174,卖盘
796,14:11:21,7.37,--,28,20636,卖盘
797,14:11:18,7.37,--,14,10318,卖盘
798,14:11:15,7.37,--,9,6633,卖盘
799,14:11:12,7.37,--,35,25795,卖盘
800,14:11:09,7.37,--,3,2211,卖盘
801,14:11:06,7.37,--,50,36850,卖盘
802,14:11:03,7.37,-0.01,9,6633,卖盘
803,14:11:00,7.38,--,1,738,买盘
804,14:10:54,7.38,0.01,1,738,买盘
805,14:10:51,7.37,--,1,737,卖盘
806,14:10:48,7.37,--,12,8844,卖盘
807,14:10:45,7.37,--,1,737,卖盘
808,14:10:42,7.37,--,38,28006,卖盘
809,14:10:39,7.37,-0.01,1,737,卖盘
810,14:10:36,7.38,0.01,3,2214,买盘
811,14:10:33,7.37,--,81,59697,卖盘
812,14:10:30,7.37,--,112,82544,卖盘
813,14:10:27,7.37,-0.01,2,1474,卖盘
814,14:10:24,7.38,0.01,11,8118,买盘
815,14:10:21,7.37,--,25,18425,卖盘
816,14:10:15,7.37,--,3,2211,卖盘
817,14:10:12,7.37,--,49,36113,卖盘
818,14:10:09,7.37,--,25,18425,卖盘
819,14:10:06,7.37,-0.01,202,148874,卖盘
820,14:10:03,7.38,--,12,8856,买盘
821,14:10:00,7.38,--,11,8118,买盘
822,14:09:54,7.38,0.01,1,738,买盘
823,14:09:51,7.37,--,1,737,卖盘
824,14:09:48,7.37,--,10,7370,卖盘
825,14:09:45,7.37,--,15,11055,卖盘
826,14:09:42,7.37,--,122,89914,卖盘
827,14:09:36,7.37,-0.01,18,13266,卖盘
828,14:09:33,7.38,0.01,3,2214,买盘
829,14:09:30,7.37,--,54,39798,卖盘
830,14:09:27,7.37,--,2,1474,卖盘
831,14:09:24,7.37,--,11,8107,卖盘
832,14:09:21,7.37,--,2,1474,卖盘
833,14:09:18,7.37,-0.01,2,1474,卖盘
834,14:09:15,7.38,0.01,62,45756,买盘
835,14:09:12,7.37,-0.01,40,29480,卖盘
836,14:09:06,7.38,0.01,18,13284,买盘
837,14:09:03,7.37,-0.01,13,9581,卖盘
838,14:09:00,7.38,0.01,340,250920,买盘
839,14:08:57,7.37,-0.01,9,6633,卖盘
840,14:08:54,7.38,0.01,1,738,买盘
841,14:08:51,7.37,--,21,15477,卖盘
842,14:08:48,7.37,--,13,9581,卖盘
843,14:08:45,7.37,--,110,81070,卖盘
844,14:08:42,7.37,-0.01,114,84607,卖盘
845,14:08:39,7.38,0.01,1,738,买盘
846,14:08:36,7.37,--,2,1474,卖盘
847,14:08:30,7.37,--,30,22110,卖盘
848,14:08:27,7.37,-0.01,4,2948,卖盘
849,14:08:24,7.38,0.01,13,9594,买盘
850,14:08:21,7.37,-0.01,2,1474,卖盘
851,14:08:18,7.38,0.01,2,1476,买盘
852,14:08:15,7.37,--,3,2211,卖盘
853,14:08:12,7.37,--,43,31691,卖盘
854,14:08:06,7.37,--,58,42746,卖盘
855,14:08:00,7.37,-0.01,23,16951,卖盘
856,14:07:54,7.38,0.01,1,738,买盘
857,14:07:51,7.37,--,1,737,卖盘
858,14:07:48,7.37,--,32,23584,卖盘
859,14:07:45,7.37,--,4,2948,卖盘
860,14:07:42,7.37,-0.01,189,139293,卖盘
861,14:07:39,7.38,0.01,10,7380,买盘
862,14:07:36,7.37,-0.01,8,5896,卖盘
863,14:07:30,7.38,0.01,18,13284,买盘
864,14:07:27,7.37,-0.01,33,24321,卖盘
865,14:07:24,7.38,0.01,4,2952,买盘
866,14:07:21,7.37,--,2,1474,卖盘
867,14:07:18,7.37,--,9,6633,卖盘
868,14:07:15,7.37,--,824,607288,卖盘
869,14:07:12,7.37,-0.01,28,20636,卖盘
870,14:07:09,7.38,0.01,10,7380,买盘
871,14:07:06,7.37,--,1,737,卖盘
872,14:07:03,7.37,--,11,8107,卖盘
873,14:07:00,7.37,--,64,47168,卖盘
874,14:06:57,7.37,-0.01,147,108339,卖盘
875,14:06:54,7.38,--,74,54612,买盘
876,14:06:51,7.38,0.01,2,1476,买盘
877,14:06:48,7.37,--,2,1474,卖盘
878,14:06:45,7.37,-0.01,12,8844,卖盘
879,14:06:42,7.38,0.01,24,17712,买盘
880,14:06:36,7.37,--,1,737,卖盘
881,14:06:30,7.37,--,14,10318,卖盘
882,14:06:27,7.37,-0.01,1,737,卖盘
883,14:06:24,7.38,--,11,8118,买盘
884,14:06:21,7.38,0.01,17,12546,买盘
885,14:06:18,7.37,--,2,1474,卖盘
886,14:06:15,7.37,--,207,152559,卖盘
887,14:06:12,7.37,-0.01,47,34639,卖盘
888,14:06:09,7.38,0.01,50,36900,买盘
889,14:06:06,7.37,--,2,1474,卖盘
890,14:06:03,7.37,--,9,6633,卖盘
891,14:06:00,7.37,-0.01,14,10318,卖盘
892,14:05:57,7.38,--,27,19926,买盘
893,14:05:54,7.38,0.01,15,11070,买盘
894,14:05:51,7.37,--,1,737,卖盘
895,14:05:48,7.37,--,21,15477,卖盘
896,14:05:45,7.37,--,1,737,卖盘
897,14:05:42,7.37,-0.01,41,30217,卖盘
898,14:05:39,7.38,0.01,76,56088,买盘
899,14:05:36,7.37,--,22,16214,卖盘
900,14:05:33,7.37,--,3,2211,卖盘
901,14:05:30,7.37,-0.01,87,64119,卖盘
902,14:05:27,7.38,0.01,2,1476,买盘
903,14:05:24,7.37,--,13,9581,卖盘
904,14:05:21,7.37,-0.01,3,2211,卖盘
905,14:05:18,7.38,0.01,1,738,买盘
906,14:05:15,7.37,--,4,2948,卖盘
907,14:05:12,7.37,--,26,19162,卖盘
908,14:05:09,7.37,-0.01,10,7370,卖盘
909,14:05:06,7.38,0.01,12,8856,买盘
910,14:05:03,7.37,--,16,11792,卖盘
911,14:05:00,7.37,--,23,16951,卖盘
912,14:04:57,7.37,-0.01,10,7370,卖盘
913,14:04:54,7.38,0.01,1,738,买盘
914,14:04:51,7.37,--,6,4422,卖盘
915,14:04:48,7.37,--,12,8844,卖盘
916,14:04:45,7.37,--,2,1474,卖盘
917,14:04:42,7.37,--,2,1474,卖盘
918,14:04:39,7.37,--,28,20636,卖盘
919,14:04:36,7.37,--,2,1474,卖盘
920,14:04:30,7.37,--,38,28006,卖盘
921,14:04:27,7.37,-0.01,2,1474,卖盘
922,14:04:24,7.38,0.01,14,10332,买盘
923,14:04:21,7.37,--,2,1474,卖盘
924,14:04:15,7.37,--,28,20636,卖盘
925,14:04:12,7.37,--,13,9581,卖盘
926,14:04:09,7.37,--,32,23584,卖盘
927,14:04:06,7.37,-0.01,2,1474,卖盘
928,14:04:03,7.38,0.01,14,10332,买盘
929,14:04:00,7.37,-0.01,14,10318,卖盘
930,14:03:54,7.38,0.01,7,5166,买盘
931,14:03:51,7.37,--,2,1474,卖盘
932,14:03:48,7.37,--,100,73700,卖盘
933,14:03:45,7.37,--,1,737,卖盘
934,14:03:42,7.37,--,2,1474,卖盘
935,14:03:39,7.37,--,36,26532,卖盘
936,14:03:36,7.37,--,201,148137,卖盘
937,14:03:33,7.37,--,11,8107,卖盘
938,14:03:30,7.37,--,15,11055,卖盘
939,14:03:27,7.37,-0.01,1,737,卖盘
940,14:03:24,7.38,0.01,48,35424,买盘
941,14:03:21,7.37,--,2,1474,卖盘
942,14:03:15,7.37,--,1,737,卖盘
943,14:03:12,7.37,--,4,2948,卖盘
944,14:03:09,7.37,--,34,25058,卖盘
945,14:03:06,7.37,--,2,1474,卖盘
946,14:03:03,7.37,-0.01,10,7370,卖盘
947,14:03:00,7.38,--,12,8856,买盘
948,14:02:57,7.38,--,5,3690,买盘
949,14:02:54,7.38,--,1,738,买盘
950,14:02:51,7.38,0.01,2,1476,买盘
951,14:02:48,7.37,--,29,21373,卖盘
952,14:02:45,7.37,--,2,1474,卖盘
953,14:02:42,7.37,--,6,4422,卖盘
954,14:02:39,7.37,--,37,27269,卖盘
955,14:02:36,7.37,-0.01,2,1474,卖盘
956,14:02:33,7.38,0.01,6,4428,买盘
957,14:02:30,7.37,--,14,10318,卖盘
958,14:02:27,7.37,--,2,1474,卖盘
959,14:02:24,7.37,-0.01,10,7370,卖盘
960,14:02:21,7.38,0.01,4,2952,买盘
961,14:02:15,7.37,--,9,6633,卖盘
962,14:02:12,7.37,--,475,350075,卖盘
963,14:02:09,7.37,-0.01,32,23584,卖盘
964,14:02:06,7.38,0.01,86,63468,买盘
965,14:02:03,7.37,-0.01,12,8844,卖盘
966,14:02:00,7.38,--,207,152766,买盘
967,14:01:57,7.38,--,1,738,买盘
968,14:01:54,7.38,--,1,738,买盘
969,14:01:51,7.38,--,11,8118,买盘
970,14:01:48,7.38,0.01,6,4428,买盘
971,14:01:45,7.37,-0.01,3,2211,卖盘
972,14:01:42,7.38,0.01,3,2214,买盘
973,14:01:39,7.37,--,25,18425,卖盘
974,14:01:36,7.37,--,54,39798,卖盘
975,14:01:30,7.37,--,14,10318,卖盘
976,14:01:27,7.37,--,2,1474,卖盘
977,14:01:24,7.37,-0.01,14,10318,卖盘
978,14:01:21,7.38,0.01,3,2214,买盘
979,14:01:15,7.37,--,71,52327,卖盘
980,14:01:12,7.37,--,5,3685,卖盘
981,14:01:09,7.37,--,32,23584,卖盘
982,14:01:06,7.37,--,5,3685,卖盘
983,14:01:03,7.37,-0.01,33,24321,卖盘
984,14:01:00,7.38,--,12,8856,买盘
985,14:00:54,7.38,--,87,64206,买盘
986,14:00:51,7.38,0.01,2,1476,买盘
987,14:00:48,7.37,--,9,6633,卖盘
988,14:00:45,7.37,--,66,48642,卖盘
989,14:00:42,7.37,0.01,1357,1000109,买盘
990,14:00:39,7.36,--,26,19136,卖盘
991,14:00:36,7.36,-0.01,1,736,卖盘
992,14:00:33,7.37,0.01,9,6633,买盘
993,14:00:30,7.36,--,66,48576,卖盘
994,14:00:27,7.36,--,11,8096,卖盘
995,14:00:24,7.36,-0.01,10,7360,卖盘
996,14:00:21,7.37,--,7,5159,买盘
997,14:00:18,7.37,0.01,59,43483,买盘
998,14:00:15,7.36,--,44,32384,卖盘
999,14:00:12,7.36,--,5,3680,卖盘
1000,14:00:09,7.36,-0.01,38,27968,卖盘
1001,14:00:06,7.37,--,351,258687,买盘
1002,14:00:03,7.37,-0.01,283,208571,卖盘
1003,14:00:00,7.38,--,11,8118,买盘
1004,13:59:54,7.38,0.01,1,738,买盘
1005,13:59:51,7.37,--,24,17688,卖盘
1006,13:59:48,7.37,0.01,371,273427,买盘
1007,13:59:45,7.36,--,14,10304,卖盘
1008,13:59:42,7.36,--,1,736,卖盘
1009,13:59:39,7.36,--,31,22816,卖盘
1010,13:59:36,7.36,--,1,736,卖盘
1011,13:59:33,7.36,--,8,5888,卖盘
1012,13:59:30,7.36,--,13,9568,卖盘
1013,13:59:27,7.36,-0.01,32,23552,卖盘
1014,13:59:24,7.37,--,1193,879241,买盘
1015,13:59:21,7.37,0.01,3,2211,买盘
1016,13:59:15,7.36,--,2,1472,卖盘
1017,13:59:12,7.36,--,2,1472,卖盘
1018,13:59:09,7.36,--,25,18400,卖盘
1019,13:59:06,7.36,--,1,736,卖盘
1020,13:59:03,7.36,-0.01,11,8096,卖盘
1021,13:59:00,7.37,--,20,14740,买盘
1022,13:58:54,7.37,--,1,737,买盘
1023,13:58:51,7.37,0.01,5,3685,买盘
1024,13:58:48,7.36,--,12,8832,卖盘
1025,13:58:45,7.36,--,1,736,卖盘
1026,13:58:42,7.36,--,6,4416,卖盘
1027,13:58:39,7.36,--,39,28704,卖盘
1028,13:58:36,7.36,--,1,736,卖盘
1029,13:58:30,7.36,--,13,9568,卖盘
1030,13:58:27,7.36,--,1,736,卖盘
1031,13:58:24,7.36,--,22,16192,卖盘
1032,13:58:21,7.36,--,8,5888,卖盘
1033,13:58:15,7.36,--,4,2944,卖盘
1034,13:58:12,7.36,-0.01,28,20608,卖盘
1035,13:58:09,7.37,0.01,67,49379,买盘
1036,13:58:06,7.36,--,701,515936,卖盘
1037,13:58:03,7.36,-0.01,12,8832,卖盘
1038,13:58:00,7.37,0.01,37,27269,买盘
1039,13:57:54,7.36,--,22,16192,卖盘
1040,13:57:51,7.36,--,4,2944,卖盘
1041,13:57:48,7.36,--,11,8096,卖盘
1042,13:57:45,7.36,--,2,1472,卖盘
1043,13:57:42,7.36,-0.01,7,5152,卖盘
1044,13:57:39,7.37,0.01,34,25058,买盘
1045,13:57:36,7.36,-0.01,3,2208,卖盘
1046,13:57:33,7.37,0.01,16,11792,买盘
1047,13:57:30,7.36,--,18,13248,卖盘
1048,13:57:27,7.36,-0.01,13,9568,卖盘
1049,13:57:24,7.37,0.01,38,28006,买盘
1050,13:57:21,7.36,-0.01,2,1472,卖盘
1051,13:57:18,7.37,0.01,1,737,买盘
1052,13:57:15,7.36,--,2,1472,卖盘
1053,13:57:12,7.36,-0.01,6,4416,卖盘
1054,13:57:09,7.37,0.01,32,23584,买盘
1055,13:57:06,7.36,--,100,73600,卖盘
1056,13:57:03,7.36,-0.01,10,7360,卖盘
1057,13:57:00,7.37,--,14,10318,买盘
1058,13:56:57,7.37,0.01,58,42746,买盘
1059,13:56:51,7.36,--,6,4416,卖盘
1060,13:56:48,7.36,--,10,7360,卖盘
1061,13:56:45,7.36,-0.01,1,736,卖盘
1062,13:56:42,7.37,--,4,2948,买盘
1063,13:56:39,7.37,0.01,32,23584,买盘
1064,13:56:36,7.36,--,1,736,卖盘
1065,13:56:33,7.36,--,22,16192,卖盘
1066,13:56:30,7.36,-0.01,115,84640,卖盘
1067,13:56:27,7.37,0.01,14,10318,买盘
1068,13:56:24,7.36,--,4,2944,卖盘
1069,13:56:21,7.36,-0.01,188,138368,卖盘
1070,13:56:18,7.37,0.01,1,737,买盘
1071,13:56:15,7.36,--,3,2208,卖盘
1072,13:56:12,7.36,--,71,52256,卖盘
1073,13:56:09,7.36,--,1,736,卖盘
1074,13:56:06,7.36,-0.01,36,26496,卖盘
1075,13:56:03,7.37,0.01,16,11792,买盘
1076,13:56:00,7.36,--,15,11040,卖盘
1077,13:55:57,7.36,--,206,151616,卖盘
1078,13:55:54,7.36,--,5,3680,卖盘
1079,13:55:48,7.36,--,10,7360,卖盘
1080,13:55:45,7.36,-0.01,3,2208,卖盘
1081,13:55:42,7.37,0.01,29,21373,买盘
1082,13:55:39,7.36,--,1,736,卖盘
1083,13:55:36,7.36,-0.01,45,33120,卖盘
1084,13:55:33,7.37,0.01,1,737,买盘
1085,13:55:30,7.36,--,14,10304,卖盘
1086,13:55:27,7.36,--,3,2208,卖盘
1087,13:55:24,7.36,--,31,22816,卖盘
1088,13:55:21,7.36,--,22,16192,卖盘
1089,13:55:18,7.36,--,20,14720,卖盘
1090,13:55:15,7.36,--,2,1472,卖盘
1091,13:55:12,7.36,--,4,2944,卖盘
1092,13:55:09,7.36,--,1,736,卖盘
1093,13:55:06,7.36,--,50,36800,卖盘
1094,13:55:03,7.36,-0.01,9,6624,卖盘
1095,13:55:00,7.37,0.01,11,8107,买盘
1096,13:54:57,7.36,--,10,7360,卖盘
1097,13:54:54,7.36,--,3,2208,卖盘
1098,13:54:51,7.36,--,2,1472,卖盘
1099,13:54:48,7.36,--,22,16192,卖盘
1100,13:54:45,7.36,-0.01,102,75072,卖盘
1101,13:54:42,7.37,0.01,35,25795,买盘
1102,13:54:39,7.36,--,6,4416,卖盘
1103,13:54:36,7.36,--,35,25760,卖盘
1104,13:54:33,7.36,--,21,15456,卖盘
1105,13:54:30,7.36,--,63,46368,卖盘
1106,13:54:27,7.36,--,3,2208,卖盘
1107,13:54:24,7.36,--,33,24288,卖盘
1108,13:54:21,7.36,--,2,1472,卖盘
1109,13:54:15,7.36,--,23,16928,卖盘
1110,13:54:12,7.36,-0.01,5,3680,卖盘
1111,13:54:09,7.37,0.01,16,11792,买盘
1112,13:54:06,7.36,--,44,32384,卖盘
1113,13:54:03,7.36,-0.01,10,7360,卖盘
1114,13:54:00,7.37,0.01,12,8844,买盘
1115,13:53:51,7.36,--,1,736,卖盘
1116,13:53:48,7.36,--,9,6624,卖盘
1117,13:53:45,7.36,-0.01,3,2208,卖盘
1118,13:53:42,7.37,0.01,17,12529,买盘
1119,13:53:39,7.36,--,11,8096,卖盘
1120,13:53:36,7.36,--,42,30912,卖盘
1121,13:53:30,7.36,--,13,9568,卖盘
1122,13:53:27,7.36,--,3,2208,卖盘
1123,13:53:24,7.36,--,10,7360,卖盘
1124,13:53:21,7.36,--,4,2944,卖盘
1125,13:53:18,7.36,--,6,4416,卖盘
1126,13:53:15,7.36,--,3,2208,卖盘
1127,13:53:12,7.36,--,6,4416,卖盘
1128,13:53:06,7.36,--,27,19872,卖盘
1129,13:53:03,7.36,--,23,16928,卖盘
1130,13:53:00,7.36,--,23,16928,卖盘
1131,13:52:51,7.36,--,1,736,卖盘
1132,13:52:48,7.36,-0.02,1,736,卖盘
1133,13:52:45,7.38,0.02,51,37638,买盘
1134,13:52:42,7.36,--,2,1472,卖盘
1135,13:52:39,7.36,--,1,736,卖盘
1136,13:52:36,7.36,--,27,19872,卖盘
1137,13:52:33,7.36,-0.01,10,7360,卖盘
1138,13:52:30,7.37,0.01,2,1474,中性盘
1139,13:52:27,7.36,--,3,2208,卖盘
1140,13:52:24,7.36,--,9,6624,卖盘
1141,13:52:21,7.36,--,2,1472,卖盘
1142,13:52:18,7.36,-0.01,31,22816,卖盘
1143,13:52:15,7.37,0.01,80,58960,买盘
1144,13:52:12,7.36,--,2,1472,卖盘
1145,13:52:06,7.36,--,45,33120,卖盘
1146,13:52:03,7.36,--,9,6624,卖盘
1147,13:51:57,7.36,-0.01,6,4416,卖盘
1148,13:51:51,7.37,0.01,84,61908,买盘
1149,13:51:48,7.36,--,18,13248,卖盘
1150,13:51:45,7.36,--,79,58144,卖盘
1151,13:51:42,7.36,--,2,1472,卖盘
1152,13:51:39,7.36,--,1,736,卖盘
1153,13:51:36,7.36,--,33,24288,卖盘
1154,13:51:30,7.36,-0.01,34,25024,卖盘
1155,13:51:27,7.37,0.01,16,11792,买盘
1156,13:51:24,7.36,-0.01,8,5888,卖盘
1157,13:51:21,7.37,0.01,8,5896,买盘
1158,13:51:15,7.36,--,2,1472,卖盘
1159,13:51:12,7.36,--,4,2944,卖盘
1160,13:51:09,7.36,--,1,736,卖盘
1161,13:51:06,7.36,--,35,25760,卖盘
1162,13:51:03,7.36,-0.01,7,5152,卖盘
1163,13:51:00,7.37,--,26,19162,卖盘
1164,13:50:57,7.37,--,6,4422,卖盘
1165,13:50:54,7.37,--,4,2948,卖盘
1166,13:50:51,7.37,--,2,1474,卖盘
1167,13:50:48,7.37,0.01,73,53801,买盘
1168,13:50:45,7.36,--,2,1472,卖盘
1169,13:50:42,7.36,--,14,10304,卖盘
1170,13:50:39,7.36,--,296,217856,卖盘
1171,13:50:36,7.36,--,28,20608,卖盘
1172,13:50:33,7.36,--,2,1472,卖盘
1173,13:50:30,7.36,--,82,60352,卖盘
1174,13:50:27,7.36,-0.01,12,8832,卖盘
1175,13:50:24,7.37,0.01,16,11792,买盘
1176,13:50:21,7.36,--,343,252448,卖盘
1177,13:50:18,7.36,--,12,8832,卖盘
1178,13:50:15,7.36,--,12,8832,卖盘
1179,13:50:12,7.36,--,5,3680,卖盘
1180,13:50:09,7.36,-0.01,7,5152,卖盘
1181,13:50:06,7.37,0.01,71,52327,买盘
1182,13:50:03,7.36,-0.01,11,8096,卖盘
1183,13:50:00,7.37,0.01,287,211519,买盘
1184,13:49:57,7.36,--,245,180320,卖盘
1185,13:49:54,7.36,-0.01,22,16192,卖盘
1186,13:49:51,7.37,0.01,203,149611,买盘
1187,13:49:45,7.36,--,35,25760,卖盘
1188,13:49:42,7.36,-0.01,3,2208,卖盘
1189,13:49:39,7.37,0.01,7,5159,买盘
1190,13:49:36,7.36,--,22,16192,卖盘
1191,13:49:33,7.36,--,24,17664,卖盘
1192,13:49:30,7.36,--,51,37536,卖盘
1193,13:49:27,7.36,--,1,736,卖盘
1194,13:49:24,7.36,--,13,9568,卖盘
1195,13:49:21,7.36,-0.01,69,50784,卖盘
1196,13:49:18,7.37,0.01,9,6633,买盘
1197,13:49:15,7.36,--,3,2208,卖盘
1198,13:49:12,7.36,--,62,45632,卖盘
1199,13:49:06,7.36,--,24,17664,卖盘
1200,13:49:03,7.36,-0.01,7,5152,卖盘
1201,13:49:00,7.37,--,128,94336,买盘
1202,13:48:57,7.37,0.01,150,110550,买盘
1203,13:48:48,7.36,--,19,13984,卖盘
1204,13:48:45,7.36,--,8,5888,卖盘
1205,13:48:42,7.36,--,107,78752,卖盘
1206,13:48:39,7.36,--,16,12011,卖盘
1207,13:48:36,7.36,-0.01,29,21344,卖盘
1208,13:48:33,7.37,0.01,1,737,买盘
1209,13:48:30,7.36,--,2,1472,卖盘
1210,13:48:27,7.36,--,3,2208,卖盘
1211,13:48:24,7.36,-0.01,9,6624,卖盘
1212,13:48:21,7.37,0.01,3,2211,买盘
1213,13:48:15,7.36,--,12,8832,卖盘
1214,13:48:12,7.36,-0.01,6,4416,卖盘
1215,13:48:09,7.37,0.01,1,737,买盘
1216,13:48:06,7.36,--,40,29440,卖盘
1217,13:48:03,7.36,--,16,11776,卖盘
1218,13:48:00,7.36,--,9,6624,卖盘
1219,13:47:51,7.36,--,5,3680,卖盘
1220,13:47:48,7.36,--,10,7360,卖盘
1221,13:47:45,7.36,-0.01,1,736,卖盘
1222,13:47:42,7.37,0.01,22,16214,买盘
1223,13:47:39,7.36,--,5,3680,卖盘
1224,13:47:36,7.36,--,109,80224,卖盘
1225,13:47:30,7.36,-0.01,2,1472,卖盘
1226,13:47:27,7.37,--,83,61171,买盘
1227,13:47:24,7.37,0.01,26,19162,买盘
1228,13:47:21,7.36,--,2,1472,卖盘
1229,13:47:18,7.36,-0.01,18,13248,卖盘
1230,13:47:15,7.37,0.01,22,16214,买盘
1231,13:47:12,7.36,--,6,4416,卖盘
1232,13:47:06,7.36,--,35,25760,卖盘
1233,13:47:03,7.36,-0.01,12,8832,卖盘
1234,13:47:00,7.37,--,5,3685,买盘
1235,13:46:57,7.37,0.01,366,269742,买盘
1236,13:46:54,7.36,-0.01,385,283360,卖盘
1237,13:46:51,7.37,0.01,6,4422,买盘
1238,13:46:48,7.36,--,16,11776,卖盘
1239,13:46:45,7.36,-0.01,5,3680,卖盘
1240,13:46:42,7.37,--,17,12529,买盘
1241,13:46:39,7.37,0.01,63,46431,买盘
1242,13:46:36,7.36,--,10,7360,卖盘
1243,13:46:33,7.36,--,42,30912,卖盘
1244,13:46:30,7.36,-0.01,17,12512,卖盘
1245,13:46:27,7.37,--,34,25058,买盘
1246,13:46:24,7.37,--,104,76648,买盘
1247,13:46:21,7.37,0.01,36,26532,买盘
1248,13:46:18,7.36,--,9,6624,卖盘
1249,13:46:15,7.36,--,7,5152,卖盘
1250,13:46:12,7.36,-0.01,5,3680,卖盘
1251,13:46:09,7.37,0.01,2,1474,买盘
1252,13:46:06,7.36,--,16,11776,卖盘
1253,13:46:03,7.36,-0.01,39,28704,卖盘
1254,13:45:57,7.37,--,1,737,买盘
1255,13:45:54,7.37,0.01,3,2211,买盘
1256,13:45:51,7.36,-0.01,14,10304,卖盘
1257,13:45:48,7.37,0.01,13,9581,买盘
1258,13:45:45,7.36,--,13,9568,卖盘
1259,13:45:42,7.36,-0.01,3,2208,卖盘
1260,13:45:39,7.37,0.01,2,1474,买盘
1261,13:45:36,7.36,--,11,8096,卖盘
1262,13:45:33,7.36,--,25,18400,卖盘
1263,13:45:30,7.36,-0.01,4,2944,卖盘
1264,13:45:27,7.37,0.01,5,3685,买盘
1265,13:45:24,7.36,--,11,8096,卖盘
1266,13:45:21,7.36,--,13,9568,卖盘
1267,13:45:18,7.36,--,13,9568,卖盘
1268,13:45:15,7.36,--,5,3680,卖盘
1269,13:45:12,7.36,-0.01,6,4416,卖盘
1270,13:45:09,7.37,0.01,8,5896,买盘
1271,13:45:06,7.36,--,46,33856,卖盘
1272,13:45:03,7.36,-0.01,58,42688,卖盘
1273,13:45:00,7.37,--,2,1474,买盘
1274,13:44:57,7.37,0.01,7,5159,买盘
1275,13:44:54,7.36,--,27,19872,卖盘
1276,13:44:51,7.36,-0.01,16,11776,卖盘
1277,13:44:48,7.37,0.01,22,16214,买盘
1278,13:44:45,7.36,-0.01,17,12512,卖盘
1279,13:44:42,7.37,--,93,68541,买盘
1280,13:44:39,7.37,0.01,345,254265,买盘
1281,13:44:36,7.36,-0.01,10,7360,卖盘
1282,13:44:33,7.37,0.01,33,24321,买盘
1283,13:44:30,7.36,-0.01,7,5152,卖盘
1284,13:44:27,7.37,--,12,8844,买盘
1285,13:44:24,7.37,0.01,3,2211,买盘
1286,13:44:21,7.36,-0.01,40,29440,卖盘
1287,13:44:18,7.37,0.01,129,95073,买盘
1288,13:44:15,7.36,--,81,59616,卖盘
1289,13:44:12,7.36,--,13,9568,卖盘
1290,13:44:09,7.36,--,12,8832,卖盘
1291,13:44:06,7.36,--,14,10304,卖盘
1292,13:44:03,7.36,-0.01,47,34592,卖盘
1293,13:44:00,7.37,--,7,5159,买盘
1294,13:43:57,7.37,--,27,19899,买盘
1295,13:43:54,7.37,--,5,3685,买盘
1296,13:43:51,7.37,--,30,22110,买盘
1297,13:43:48,7.37,0.01,73,53801,买盘
1298,13:43:45,7.36,--,131,96416,卖盘
1299,13:43:42,7.36,--,2,1472,卖盘
1300,13:43:36,7.36,--,9,6624,卖盘
1301,13:43:33,7.36,--,31,22816,卖盘
1302,13:43:30,7.36,-0.01,41,30176,卖盘
1303,13:43:27,7.37,--,141,103917,卖盘
1304,13:43:24,7.37,--,60,44220,卖盘
1305,13:43:21,7.37,--,10,7370,卖盘
1306,13:43:15,7.37,--,3,2211,卖盘
1307,13:43:12,7.37,-0.01,7,5159,卖盘
1308,13:43:09,7.38,0.01,24,17712,买盘
1309,13:43:06,7.37,--,101,74437,卖盘
1310,13:43:03,7.37,-0.01,55,40535,卖盘
1311,13:43:00,7.38,--,101,74538,买盘
1312,13:42:57,7.38,0.01,9,6642,买盘
1313,13:42:54,7.37,--,10,7370,卖盘
1314,13:42:51,7.37,-0.01,14,10318,卖盘
1315,13:42:48,7.38,0.01,19,14022,买盘
1316,13:42:45,7.37,-0.01,2,1474,卖盘
1317,13:42:42,7.38,--,10,7380,买盘
1318,13:42:39,7.38,0.01,34,25092,买盘
1319,13:42:36,7.37,--,14,10318,卖盘
1320,13:42:33,7.37,--,64,47168,卖盘
1321,13:42:30,7.37,-0.01,101,74437,卖盘
1322,13:42:27,7.38,0.01,31,22878,买盘
1323,13:42:24,7.37,-0.01,21,15477,卖盘
1324,13:42:21,7.38,--,137,101106,买盘
1325,13:42:18,7.38,0.01,506,373428,买盘
1326,13:42:15,7.37,--,6,4422,卖盘
1327,13:42:12,7.37,-0.01,10,7370,卖盘
1328,13:42:09,7.38,0.01,5,3690,买盘
1329,13:42:06,7.37,--,21,15477,卖盘
1330,13:42:03,7.37,-0.01,42,30954,卖盘
1331,13:42:00,7.38,--,30,22140,买盘
1332,13:41:57,7.38,0.01,128,94464,买盘
1333,13:41:54,7.37,--,111,81807,卖盘
1334,13:41:51,7.37,--,3,2211,卖盘
1335,13:41:48,7.37,--,10,7370,卖盘
1336,13:41:45,7.37,--,7,5159,卖盘
1337,13:41:42,7.37,--,23,16951,卖盘
1338,13:41:39,7.37,--,2,1474,卖盘
1339,13:41:36,7.37,--,18,13266,卖盘
1340,13:41:33,7.37,--,70,51590,卖盘
1341,13:41:30,7.37,-0.01,9,6633,卖盘
1342,13:41:27,7.38,0.01,17,12546,买盘
1343,13:41:24,7.37,-0.01,28,20636,卖盘
1344,13:41:21,7.38,--,33,24354,买盘
1345,13:41:18,7.38,0.01,1,738,买盘
1346,13:41:15,7.37,--,3,2211,卖盘
1347,13:41:12,7.37,-0.01,14,10318,卖盘
1348,13:41:09,7.38,0.01,32,23616,买盘
1349,13:41:06,7.37,--,13,9581,卖盘
1350,13:41:03,7.37,--,52,38324,卖盘
1351,13:41:00,7.37,--,9,6633,卖盘
1352,13:40:51,7.37,--,1,737,中性盘
1353,13:40:48,7.37,0.01,30,22110,买盘
1354,13:40:45,7.36,-0.01,29,21344,卖盘
1355,13:40:42,7.37,--,117,86229,买盘
1356,13:40:39,7.37,--,110,81070,买盘
1357,13:40:36,7.37,--,361,266057,买盘
1358,13:40:33,7.37,0.01,44,32428,买盘
1359,13:40:30,7.36,-0.01,2,1472,卖盘
1360,13:40:27,7.37,0.01,6,4422,买盘
1361,13:40:24,7.36,--,14,10304,卖盘
1362,13:40:21,7.36,--,4,2944,卖盘
1363,13:40:18,7.36,--,10,7360,卖盘
1364,13:40:15,7.36,--,3,2208,卖盘
1365,13:40:12,7.36,--,6,4416,卖盘
1366,13:40:09,7.36,--,27,19872,卖盘
1367,13:40:06,7.36,-0.01,116,85376,卖盘
1368,13:40:03,7.37,--,135,99495,买盘
1369,13:40:00,7.37,0.01,364,268268,买盘
1370,13:39:57,7.36,-0.01,26,19136,卖盘
1371,13:39:54,7.37,--,83,61171,买盘
1372,13:39:51,7.37,0.01,12,8844,买盘
1373,13:39:48,7.36,--,12,8832,卖盘
1374,13:39:45,7.36,-0.01,1,736,卖盘
1375,13:39:42,7.37,--,4,2948,买盘
1376,13:39:39,7.37,--,19,14003,买盘
1377,13:39:36,7.37,--,122,89914,买盘
1378,13:39:33,7.37,--,325,239525,买盘
1379,13:39:30,7.37,-0.01,1344,990528,卖盘
1380,13:39:27,7.38,0.01,123,90774,买盘
1381,13:39:24,7.37,--,98,72226,卖盘
1382,13:39:21,7.37,-0.01,33,24321,卖盘
1383,13:39:18,7.38,0.01,109,80442,买盘
1384,13:39:15,7.37,--,4,2948,卖盘
1385,13:39:12,7.37,--,4,2948,卖盘
1386,13:39:06,7.37,--,13,9581,卖盘
1387,13:39:03,7.37,-0.01,47,34639,卖盘
1388,13:39:00,7.38,--,1,738,买盘
1389,13:38:57,7.38,--,3,2214,买盘
1390,13:38:54,7.38,0.01,1,738,买盘
1391,13:38:51,7.37,--,33,24321,卖盘
1392,13:38:48,7.37,--,125,92125,卖盘
1393,13:38:45,7.37,-0.01,5,3685,卖盘
1394,13:38:42,7.38,0.01,5,3690,买盘
1395,13:38:39,7.37,--,12,8844,卖盘
1396,13:38:36,7.37,-0.01,12,8844,卖盘
1397,13:38:33,7.38,0.01,43,31734,买盘
1398,13:38:30,7.37,-0.01,46,33902,卖盘
1399,13:38:27,7.38,0.01,170,125460,买盘
1400,13:38:24,7.37,--,51,37587,卖盘
1401,13:38:21,7.37,-0.01,39,28743,卖盘
1402,13:38:18,7.38,0.01,9,6642,买盘
1403,13:38:15,7.37,-0.01,47,34639,卖盘
1404,13:38:12,7.38,--,40,29520,买盘
1405,13:38:09,7.38,0.01,42,30996,买盘
1406,13:38:06,7.37,-0.01,12,8844,卖盘
1407,13:38:03,7.38,0.01,50,36900,买盘
1408,13:38:00,7.37,--,26,19162,卖盘
1409,13:37:57,7.37,-0.01,27,19899,卖盘
1410,13:37:54,7.38,0.01,67,49446,买盘
1411,13:37:51,7.37,--,11,8107,卖盘
1412,13:37:48,7.37,--,38,28006,卖盘
1413,13:37:45,7.37,-0.01,3,2211,卖盘
1414,13:37:42,7.38,0.01,3,2214,买盘
1415,13:37:39,7.37,--,11,8107,卖盘
1416,13:37:36,7.37,-0.01,22,16214,卖盘
1417,13:37:33,7.38,0.01,12,8856,买盘
1418,13:37:30,7.37,-0.01,53,39061,卖盘
1419,13:37:27,7.38,0.01,17,12546,买盘
1420,13:37:24,7.37,--,17,12529,卖盘
1421,13:37:21,7.37,-0.01,31,22847,卖盘
1422,13:37:18,7.38,0.01,1,738,买盘
1423,13:37:15,7.37,--,3,2211,卖盘
1424,13:37:12,7.37,-0.01,8,5896,卖盘
1425,13:37:09,7.38,--,8,5904,买盘
1426,13:37:06,7.38,--,6,4428,买盘
1427,13:37:03,7.38,0.01,7,5166,买盘
1428,13:37:00,7.37,-0.01,29,21373,卖盘
1429,13:36:51,7.38,0.01,8,5904,买盘
1430,13:36:48,7.37,--,29,21373,卖盘
1431,13:36:45,7.37,--,20,14740,卖盘
1432,13:36:42,7.37,--,74,54538,卖盘
1433,13:36:36,7.37,--,5,3685,卖盘
1434,13:36:33,7.37,--,16,11792,卖盘
1435,13:36:30,7.37,--,30,22110,卖盘
1436,13:36:27,7.37,-0.01,10,7370,卖盘
1437,13:36:24,7.38,0.01,1,738,买盘
1438,13:36:21,7.37,-0.01,7,5159,卖盘
1439,13:36:18,7.38,0.01,9,6642,买盘
1440,13:36:15,7.37,--,40,29480,卖盘
1441,13:36:12,7.37,--,34,25058,卖盘
1442,13:36:06,7.37,-0.01,5,3685,卖盘
1443,13:36:03,7.38,0.01,18,13284,买盘
1444,13:36:00,7.37,-0.01,39,28743,卖盘
1445,13:35:57,7.38,0.01,6,4428,买盘
1446,13:35:54,7.37,-0.01,40,29480,卖盘
1447,13:35:51,7.38,0.01,101,74538,买盘
1448,13:35:48,7.37,--,79,58223,卖盘
1449,13:35:45,7.37,-0.01,64,47168,卖盘
1450,13:35:42,7.38,0.01,8,5904,买盘
1451,13:35:36,7.37,--,8,5896,卖盘
1452,13:35:33,7.37,--,30,22110,卖盘
1453,13:35:30,7.37,-0.01,39,28743,卖盘
1454,13:35:27,7.38,0.01,4,2952,买盘
1455,13:35:24,7.37,--,10,7370,卖盘
1456,13:35:21,7.37,-0.01,4,2948,卖盘
1457,13:35:18,7.38,0.01,4,2952,买盘
1458,13:35:15,7.37,0.01,16,11792,中性盘
1459,13:35:12,7.36,-0.02,27,19872,卖盘
1460,13:35:09,7.38,0.01,2,1476,买盘
1461,13:35:06,7.37,-0.01,16,11792,卖盘
1462,13:35:03,7.38,0.02,41,30258,买盘
1463,13:35:00,7.36,--,34,25024,卖盘
1464,13:34:57,7.36,-0.01,2,1472,卖盘
1465,13:34:51,7.37,0.01,1,737,中性盘
1466,13:34:48,7.36,-0.01,10,7360,卖盘
1467,13:34:45,7.37,0.01,3,2211,卖盘
1468,13:34:42,7.36,--,3,2208,卖盘
1469,13:34:39,7.36,--,15,11040,卖盘
1470,13:34:36,7.36,-0.01,34,25024,卖盘
1471,13:34:33,7.37,--,110,81070,卖盘
1472,13:34:30,7.37,--,49,36113,卖盘
1473,13:34:27,7.37,--,48,35376,卖盘
1474,13:34:24,7.37,--,44,32428,卖盘
1475,13:34:21,7.37,-0.01,77,56749,卖盘
1476,13:34:18,7.38,0.01,301,222138,买盘
1477,13:34:15,7.37,--,5,3685,卖盘
1478,13:34:12,7.37,--,12,8844,卖盘
1479,13:34:09,7.37,--,16,11792,卖盘
1480,13:34:06,7.37,-0.01,64,47168,卖盘
1481,13:34:03,7.38,0.01,191,140958,买盘
1482,13:34:00,7.37,-0.01,41,30217,卖盘
1483,13:33:54,7.38,0.01,6,4428,买盘
1484,13:33:51,7.37,-0.01,53,39061,卖盘
1485,13:33:48,7.38,0.01,158,116604,买盘
1486,13:33:45,7.37,--,20,14740,卖盘
1487,13:33:42,7.37,--,37,27269,卖盘
1488,13:33:39,7.37,-0.01,101,74437,卖盘
1489,13:33:36,7.38,--,14,10332,买盘
1490,13:33:33,7.38,0.01,43,31734,买盘
1491,13:33:30,7.37,--,25,18425,卖盘
1492,13:33:27,7.37,-0.01,9,6633,卖盘
1493,13:33:24,7.38,0.01,11,8118,买盘
1494,13:33:21,7.37,-0.01,12,8844,卖盘
1495,13:33:18,7.38,0.01,41,30258,买盘
1496,13:33:15,7.37,--,29,21373,卖盘
1497,13:33:12,7.37,--,110,81070,卖盘
1498,13:33:09,7.37,--,31,22847,卖盘
1499,13:33:06,7.37,-0.01,30,22110,卖盘
1500,13:33:03,7.38,--,33,24354,买盘
1501,13:33:00,7.38,--,104,76752,买盘
1502,13:32:57,7.38,--,17,12546,买盘
1503,13:32:54,7.38,--,23,16974,买盘
1504,13:32:51,7.38,--,5,3690,买盘
1505,13:32:48,7.38,0.01,22,16236,买盘
1506,13:32:45,7.37,--,1,737,卖盘
1507,13:32:42,7.37,--,1,737,卖盘
1508,13:32:36,7.37,-0.01,8,5896,卖盘
1509,13:32:33,7.38,0.01,31,22878,买盘
1510,13:32:30,7.37,-0.01,22,16214,卖盘
1511,13:32:27,7.38,0.01,3,2214,买盘
1512,13:32:24,7.37,--,10,7370,卖盘
1513,13:32:21,7.37,-0.01,3,2211,卖盘
1514,13:32:18,7.38,0.01,14,10332,买盘
1515,13:32:15,7.37,--,64,47168,卖盘
1516,13:32:12,7.37,-0.01,56,41272,卖盘
1517,13:32:09,7.38,0.01,29,21402,买盘
1518,13:32:06,7.37,-0.01,96,70752,卖盘
1519,13:32:03,7.38,--,19,14022,买盘
1520,13:32:00,7.38,0.01,39,28782,买盘
1521,13:31:57,7.37,--,7,5159,卖盘
1522,13:31:51,7.37,-0.01,4,2948,卖盘
1523,13:31:48,7.38,0.01,11,8118,买盘
1524,13:31:45,7.37,--,1,737,卖盘
1525,13:31:42,7.37,-0.01,3,2211,卖盘
1526,13:31:39,7.38,--,13,9594,买盘
1527,13:31:36,7.38,--,54,39852,买盘
1528,13:31:33,7.38,0.01,8,5904,买盘
1529,13:31:30,7.37,--,41,30217,卖盘
1530,13:31:27,7.37,--,60,44220,卖盘
1531,13:31:24,7.37,-0.01,16,11792,卖盘
1532,13:31:21,7.38,--,32,23616,买盘
1533,13:31:18,7.38,0.01,24,17712,买盘
1534,13:31:15,7.37,--,71,52327,卖盘
1535,13:31:12,7.37,-0.01,295,217415,卖盘
1536,13:31:09,7.38,0.01,152,112176,买盘
1537,13:31:06,7.37,-0.01,15,11055,卖盘
1538,13:31:03,7.38,0.01,64,47232,买盘
1539,13:31:00,7.37,-0.01,29,21373,卖盘
1540,13:30:57,7.38,--,2,1476,买盘
1541,13:30:54,7.38,0.01,21,15498,买盘
1542,13:30:51,7.37,--,89,65593,卖盘
1543,13:30:48,7.37,--,10,7370,卖盘
1544,13:30:45,7.37,--,6,4422,卖盘
1545,13:30:42,7.37,-0.01,68,50116,卖盘
1546,13:30:39,7.38,0.01,269,198522,买盘
1547,13:30:36,7.37,--,41,30217,卖盘
1548,13:30:33,7.37,0.01,107,78859,买盘
1549,13:30:30,7.36,-0.01,36,26496,卖盘
1550,13:30:27,7.37,0.01,3,2211,买盘
1551,13:30:24,7.36,--,10,7360,卖盘
1552,13:30:21,7.36,-0.01,9,6624,卖盘
1553,13:30:18,7.37,--,31,22847,卖盘
1554,13:30:15,7.37,0.01,22,16214,买盘
1555,13:30:12,7.36,-0.01,31,22816,卖盘
1556,13:30:09,7.37,0.01,37,27269,买盘
1557,13:30:06,7.36,-0.01,6,4416,卖盘
1558,13:30:03,7.37,--,17,12529,买盘
1559,13:30:00,7.37,--,29,21373,买盘
1560,13:29:57,7.37,--,32,23584,买盘
1561,13:29:54,7.37,--,91,67067,买盘
1562,13:29:51,7.37,--,5,3685,买盘
1563,13:29:48,7.37,0.01,25,18425,买盘
1564,13:29:45,7.36,-0.01,3,2208,卖盘
1565,13:29:42,7.37,--,6,4422,买盘
1566,13:29:39,7.37,--,13,9581,卖盘
1567,13:29:36,7.37,-0.01,1,737,卖盘
1568,13:29:33,7.38,0.01,13,9594,买盘
1569,13:29:30,7.37,0.01,56,41272,买盘
1570,13:29:27,7.36,-0.01,10,7360,卖盘
1571,13:29:24,7.37,--,4,2948,买盘
1572,13:29:21,7.37,-0.01,14,10318,卖盘
1573,13:29:18,7.38,0.01,19,14022,买盘
1574,13:29:15,7.37,0.01,20,14740,买盘
1575,13:29:12,7.36,-0.01,12,8832,卖盘
1576,13:29:09,7.37,--,35,25795,买盘
1577,13:29:06,7.37,--,24,17688,买盘
1578,13:29:03,7.37,--,16,11792,买盘
1579,13:29:00,7.37,0.01,47,34639,买盘
1580,13:28:57,7.36,-0.01,82,60352,卖盘
1581,13:28:54,7.37,0.01,14,10318,买盘
1582,13:28:51,7.36,--,4,2944,卖盘
1583,13:28:48,7.36,--,10,7360,卖盘
1584,13:28:45,7.36,--,3,2208,卖盘
1585,13:28:42,7.36,-0.01,1,736,卖盘
1586,13:28:39,7.37,0.01,2,1474,买盘
1587,13:28:36,7.36,-0.01,4,2944,卖盘
1588,13:28:33,7.37,--,33,24321,买盘
1589,13:28:30,7.37,--,225,165825,买盘
1590,13:28:27,7.37,--,453,333861,卖盘
1591,13:28:24,7.37,--,22,16214,卖盘
1592,13:28:21,7.37,--,13,9581,卖盘
1593,13:28:15,7.37,--,3,2211,卖盘
1594,13:28:12,7.37,--,12,8844,卖盘
1595,13:28:09,7.37,--,30,22110,卖盘
1596,13:28:06,7.37,-0.01,10,7370,卖盘
1597,13:28:03,7.38,--,40,29520,买盘
1598,13:28:00,7.38,0.01,29,21402,买盘
1599,13:27:57,7.37,-0.01,6,4422,卖盘
1600,13:27:51,7.38,--,2,1476,买盘
1601,13:27:48,7.38,0.01,8,5904,买盘
1602,13:27:45,7.37,--,25,18425,卖盘
1603,13:27:42,7.37,-0.01,56,41272,卖盘
1604,13:27:39,7.38,0.01,21,15498,买盘
1605,13:27:36,7.37,-0.01,5,3685,卖盘
1606,13:27:33,7.38,0.01,48,35424,买盘
1607,13:27:30,7.37,--,201,148137,卖盘
1608,13:27:27,7.37,-0.01,65,47905,卖盘
1609,13:27:24,7.38,0.01,110,81180,买盘
1610,13:27:21,7.37,-0.01,5,3685,卖盘
1611,13:27:18,7.38,0.01,2,1476,买盘
1612,13:27:15,7.37,--,8,5896,卖盘
1613,13:27:12,7.37,-0.01,5,3685,卖盘
1614,13:27:09,7.38,--,5,3690,买盘
1615,13:27:06,7.38,0.01,27,19926,买盘
1616,13:27:03,7.37,-0.01,8,5896,卖盘
1617,13:27:00,7.38,0.01,6,4428,买盘
1618,13:26:57,7.37,--,26,19162,卖盘
1619,13:26:51,7.37,-0.01,2,1474,卖盘
1620,13:26:48,7.38,0.01,3,2214,买盘
1621,13:26:45,7.37,--,15,11055,卖盘
1622,13:26:42,7.37,-0.01,1,737,卖盘
1623,13:26:39,7.38,0.01,2,1476,买盘
1624,13:26:36,7.37,-0.01,5,3685,卖盘
1625,13:26:33,7.38,0.01,2,1476,买盘
1626,13:26:30,7.37,--,34,25058,卖盘
1627,13:26:27,7.37,-0.01,136,100232,卖盘
1628,13:26:24,7.38,--,13,9594,买盘
1629,13:26:21,7.38,--,19,14022,买盘
1630,13:26:18,7.38,0.01,1,738,买盘
1631,13:26:15,7.37,--,2,1474,卖盘
1632,13:26:12,7.37,-0.01,2,1474,卖盘
1633,13:26:09,7.38,0.01,2,1476,买盘
1634,13:26:06,7.37,-0.01,2,1474,卖盘
1635,13:26:03,7.38,--,9,6642,买盘
1636,13:26:00,7.38,0.01,11,8118,买盘
1637,13:25:57,7.37,--,31,22847,卖盘
1638,13:25:54,7.37,-0.01,40,29480,卖盘
1639,13:25:48,7.38,0.01,4,2952,买盘
1640,13:25:45,7.37,--,11,8107,卖盘
1641,13:25:42,7.37,-0.01,2,1474,卖盘
1642,13:25:39,7.38,0.01,1,738,买盘
1643,13:25:36,7.37,-0.01,5,3685,卖盘
1644,13:25:33,7.38,0.01,23,16974,买盘
1645,13:25:30,7.37,--,45,33165,卖盘
1646,13:25:27,7.37,--,32,23584,卖盘
1647,13:25:24,7.37,0.01,15,11055,买盘
1648,13:25:21,7.36,-0.01,86,63296,卖盘
1649,13:25:18,7.37,--,4,2948,中性盘
1650,13:25:15,7.37,0.01,2,1474,中性盘
1651,13:25:12,7.36,-0.02,25,18400,卖盘
1652,13:25:09,7.38,0.01,2,1476,买盘
1653,13:25:06,7.37,-0.01,1,737,中性盘
1654,13:25:03,7.38,0.01,19,14022,买盘
1655,13:25:00,7.37,0.01,22,16214,买盘
1656,13:24:57,7.36,-0.01,71,52256,卖盘
1657,13:24:54,7.37,0.01,4,2948,买盘
1658,13:24:51,7.36,--,5,3680,卖盘
1659,13:24:48,7.36,-0.01,11,8096,卖盘
1660,13:24:45,7.37,--,12,8844,买盘
1661,13:24:42,7.37,--,3,2211,买盘
1662,13:24:39,7.37,0.01,13,9581,买盘
1663,13:24:36,7.36,--,9,6624,卖盘
1664,13:24:33,7.36,-0.01,37,27232,卖盘
1665,13:24:30,7.37,0.01,1,737,中性盘
1666,13:24:27,7.36,-0.02,45,33120,卖盘
1667,13:24:24,7.38,--,1,738,买盘
1668,13:24:21,7.38,0.01,2,1476,买盘
1669,13:24:15,7.37,0.01,1,737,中性盘
1670,13:24:12,7.36,-0.01,4,2944,卖盘
1671,13:24:06,7.37,0.01,1,737,中性盘
1672,13:24:03,7.36,-0.02,11,8096,卖盘
1673,13:23:57,7.38,--,50,36900,买盘
1674,13:23:54,7.38,0.01,64,47232,买盘
1675,13:23:51,7.37,--,67,49379,买盘
1676,13:23:48,7.37,0.01,3,2211,买盘
1677,13:23:45,7.36,--,13,9568,卖盘
1678,13:23:42,7.36,-0.01,5,3680,卖盘
1679,13:23:39,7.37,0.01,21,15477,买盘
1680,13:23:36,7.36,-0.01,68,50048,卖盘
1681,13:23:33,7.37,0.01,2,1474,买盘
1682,13:23:30,7.36,-0.01,17,12512,卖盘
1683,13:23:27,7.37,--,67,49379,买盘
1684,13:23:24,7.37,0.01,27,19899,买盘
1685,13:23:21,7.36,--,3,2208,卖盘
1686,13:23:15,7.36,--,4,2944,卖盘
1687,13:23:12,7.36,-0.01,5,3680,卖盘
1688,13:23:09,7.37,0.01,1,737,买盘
1689,13:23:06,7.36,--,3,2208,卖盘
1690,13:23:03,7.36,-0.01,9,6624,卖盘
1691,13:23:00,7.37,--,12,8844,买盘
1692,13:22:57,7.37,--,50,36850,买盘
1693,13:22:54,7.37,0.01,8,5896,买盘
1694,13:22:51,7.36,-0.01,16,11776,卖盘
1695,13:22:48,7.37,0.01,13,9581,买盘
1696,13:22:45,7.36,-0.01,3,2208,卖盘
1697,13:22:42,7.37,--,31,22847,买盘
1698,13:22:39,7.37,--,103,75911,买盘
1699,13:22:36,7.37,--,3,2211,卖盘
1700,13:22:30,7.37,-0.01,3,2211,中性盘
1701,13:22:27,7.38,0.01,41,30258,买盘
1702,13:22:24,7.37,0.01,22,16214,买盘
1703,13:22:21,7.36,-0.02,200,147200,卖盘
1704,13:22:18,7.38,0.01,1,738,买盘
1705,13:22:15,7.37,--,5,3685,卖盘
1706,13:22:12,7.37,--,9,6633,买盘
1707,13:22:09,7.37,-0.01,4,2948,卖盘
1708,13:22:06,7.38,--,13,9594,买盘
1709,13:22:03,7.38,0.01,12,8856,买盘
1710,13:22:00,7.37,--,12,8844,卖盘
1711,13:21:57,7.37,-0.01,41,30217,中性盘
1712,13:21:54,7.38,0.02,18,13284,买盘
1713,13:21:51,7.36,-0.01,6,4416,卖盘
1714,13:21:48,7.37,0.01,15,11055,中性盘
1715,13:21:45,7.36,-0.02,3,2208,卖盘
1716,13:21:42,7.38,0.01,11,8118,买盘
1717,13:21:39,7.37,--,34,25058,买盘
1718,13:21:36,7.37,-0.01,34,25058,卖盘
1719,13:21:33,7.38,0.01,2,1476,买盘
1720,13:21:30,7.37,-0.01,8,5896,卖盘
1721,13:21:27,7.38,0.01,30,22140,买盘
1722,13:21:24,7.37,-0.01,23,16951,卖盘
1723,13:21:21,7.38,--,15,11070,买盘
1724,13:21:18,7.38,0.01,41,30258,买盘
1725,13:21:15,7.37,--,105,77385,卖盘
1726,13:21:12,7.37,-0.01,5,3685,卖盘
1727,13:21:09,7.38,0.01,1,738,买盘
1728,13:21:06,7.37,-0.01,4,2948,卖盘
1729,13:21:03,7.38,--,14,10332,买盘
1730,13:21:00,7.38,0.01,7,5166,买盘
1731,13:20:57,7.37,-0.01,27,19899,卖盘
1732,13:20:51,7.38,0.01,2,1476,买盘
1733,13:20:48,7.37,--,13,9581,卖盘
1734,13:20:45,7.37,--,18,13266,卖盘
1735,13:20:42,7.37,-0.01,54,39798,卖盘
1736,13:20:39,7.38,0.01,2,1476,买盘
1737,13:20:36,7.37,--,9,6633,卖盘
1738,13:20:33,7.37,--,9,6633,卖盘
1739,13:20:30,7.37,-0.01,20,14740,卖盘
1740,13:20:27,7.38,0.01,23,16974,买盘
1741,13:20:24,7.37,0.01,77,56749,买盘
1742,13:20:21,7.36,-0.01,3,2208,卖盘
1743,13:20:18,7.37,0.01,5,3685,买盘
1744,13:20:15,7.36,-0.01,4,2944,卖盘
1745,13:20:12,7.37,-0.01,7,5159,卖盘
1746,13:20:09,7.38,--,9,6642,买盘
1747,13:20:06,7.38,0.01,25,18450,买盘
1748,13:20:03,7.37,--,10,7370,卖盘
1749,13:19:57,7.37,0.01,7,5159,买盘
1750,13:19:54,7.36,--,35,25760,卖盘
1751,13:19:51,7.36,--,8,5888,卖盘
1752,13:19:48,7.36,--,10,7360,卖盘
1753,13:19:45,7.36,-0.01,2,1472,卖盘
1754,13:19:42,7.37,--,7,5159,买盘
1755,13:19:39,7.37,0.01,21,15477,买盘
1756,13:19:36,7.36,-0.01,6,4416,卖盘
1757,13:19:33,7.37,--,35,25795,卖盘
1758,13:19:30,7.37,--,87,64119,买盘
1759,13:19:27,7.37,--,336,247632,卖盘
1760,13:19:24,7.37,--,30,22110,卖盘
1761,13:19:21,7.37,-0.01,3,2211,卖盘
1762,13:19:18,7.38,0.01,5,3690,买盘
1763,13:19:15,7.37,--,5,3685,卖盘
1764,13:19:12,7.37,--,14,10318,卖盘
1765,13:19:09,7.37,-0.01,11,8107,卖盘
1766,13:19:06,7.38,0.01,23,16974,买盘
1767,13:19:03,7.37,-0.01,9,6633,卖盘
1768,13:18:57,7.38,0.01,6,4428,买盘
1769,13:18:54,7.37,--,24,17688,卖盘
1770,13:18:51,7.37,-0.01,24,17688,卖盘
1771,13:18:48,7.38,0.01,89,65682,买盘
1772,13:18:45,7.37,-0.01,2,1474,卖盘
1773,13:18:42,7.38,0.01,3,2214,买盘
1774,13:18:39,7.37,--,1,737,卖盘
1775,13:18:36,7.37,-0.01,4,2948,卖盘
1776,13:18:33,7.38,0.01,8,5904,买盘
1777,13:18:30,7.37,--,12,8844,卖盘
1778,13:18:27,7.37,--,86,63382,卖盘
1779,13:18:24,7.37,--,324,238788,卖盘
1780,13:18:21,7.37,-0.01,4,2948,卖盘
1781,13:18:18,7.38,0.01,14,10332,买盘
1782,13:18:15,7.37,--,31,22847,卖盘
1783,13:18:12,7.37,--,127,93599,卖盘
1784,13:18:09,7.37,--,161,118657,卖盘
1785,13:18:06,7.37,-0.01,4,2948,卖盘
1786,13:18:03,7.38,--,13,9594,买盘
1787,13:18:00,7.38,--,32,23616,买盘
1788,13:17:57,7.38,0.01,101,74538,买盘
1789,13:17:54,7.37,-0.01,63,46431,卖盘
1790,13:17:51,7.38,0.01,67,49446,买盘
1791,13:17:48,7.37,--,12,8844,卖盘
1792,13:17:45,7.37,--,1,737,卖盘
1793,13:17:42,7.37,--,2,1474,卖盘
1794,13:17:36,7.37,-0.01,2,1474,卖盘
1795,13:17:33,7.38,0.01,1,738,买盘
1796,13:17:30,7.37,--,3,2211,卖盘
1797,13:17:27,7.37,--,14,10318,卖盘
1798,13:17:24,7.37,0.01,53,39061,买盘
1799,13:17:21,7.36,-0.01,29,21344,卖盘
1800,13:17:18,7.37,--,18,13266,买盘
1801,13:17:15,7.37,-0.01,31,22847,卖盘
1802,13:17:12,7.38,--,14,10332,卖盘
1803,13:17:09,7.38,0.01,38,28044,买盘
1804,13:17:06,7.37,-0.01,6,4422,卖盘
1805,13:17:03,7.38,0.01,28,20664,买盘
1806,13:17:00,7.37,-0.01,28,20636,卖盘
1807,13:16:57,7.38,0.01,13,9594,买盘
1808,13:16:54,7.37,--,55,40535,卖盘
1809,13:16:51,7.37,--,3,2211,卖盘
1810,13:16:48,7.37,--,10,7370,卖盘
1811,13:16:45,7.37,-0.01,6,4422,卖盘
1812,13:16:42,7.38,0.01,21,15498,买盘
1813,13:16:39,7.37,--,3,2211,卖盘
1814,13:16:36,7.37,-0.01,18,13266,卖盘
1815,13:16:33,7.38,--,63,46494,卖盘
1816,13:16:30,7.38,--,17,12546,卖盘
1817,13:16:27,7.38,0.01,98,72324,买盘
1818,13:16:24,7.37,-0.01,150,110550,卖盘
1819,13:16:21,7.38,--,4,2952,卖盘
1820,13:16:18,7.38,--,16,11808,卖盘
1821,13:16:15,7.38,-0.01,29,21402,卖盘
1822,13:16:12,7.39,0.01,43,31777,买盘
1823,13:16:09,7.38,0.01,111,81918,买盘
1824,13:16:06,7.37,-0.02,9,6633,中性盘
1825,13:16:03,7.39,0.02,582,430098,买盘
1826,13:16:00,7.37,--,12,8844,卖盘
1827,13:15:57,7.37,0.01,31,22847,中性盘
1828,13:15:54,7.36,-0.01,3012,2216832,卖盘
1829,13:15:51,7.37,--,4,2948,买盘
1830,13:15:48,7.37,--,1,737,卖盘
1831,13:15:45,7.37,--,2,1474,卖盘
1832,13:15:42,7.37,--,5,3685,买盘
1833,13:15:39,7.37,-0.01,8,5896,卖盘
1834,13:15:36,7.38,--,3,2214,买盘
1835,13:15:33,7.38,0.01,8,5904,买盘
1836,13:15:30,7.37,--,2,1474,卖盘
1837,13:15:27,7.37,0.01,10,7370,买盘
1838,13:15:24,7.36,-0.01,39,28704,卖盘
1839,13:15:21,7.37,0.01,2,1474,中性盘
1840,13:15:15,7.36,--,35,25760,卖盘
1841,13:15:12,7.36,-0.01,10,7360,卖盘
1842,13:15:09,7.37,0.01,1,737,买盘
1843,13:15:06,7.36,-0.02,9,6624,卖盘
1844,13:15:03,7.38,0.01,26,19188,买盘
1845,13:15:00,7.37,--,73,53801,买盘
1846,13:14:57,7.37,0.01,11,8107,买盘
1847,13:14:54,7.36,--,43,31648,卖盘
1848,13:14:51,7.36,-0.01,1,736,卖盘
1849,13:14:48,7.37,0.01,4,2948,买盘
1850,13:14:45,7.36,-0.01,13,9568,卖盘
1851,13:14:42,7.37,-0.01,3,2211,卖盘
1852,13:14:39,7.38,0.01,1,738,买盘
1853,13:14:36,7.37,-0.01,4,2948,中性盘
1854,13:14:33,7.38,0.01,21,15498,买盘
1855,13:14:30,7.37,-0.01,5,3685,卖盘
1856,13:14:27,7.38,0.02,5,3690,买盘
1857,13:14:24,7.36,-0.01,59,43424,卖盘
1858,13:14:21,7.37,-0.01,5,3685,卖盘
1859,13:14:18,7.38,0.01,14,10332,买盘
1860,13:14:15,7.37,--,7,5159,买盘
1861,13:14:12,7.37,-0.01,2,1474,卖盘
1862,13:14:09,7.38,0.02,4,2952,买盘
1863,13:14:06,7.36,-0.01,3,2208,卖盘
1864,13:14:03,7.37,--,8,5896,卖盘
1865,13:14:00,7.37,0.01,1,737,卖盘
1866,13:13:57,7.36,-0.02,1,736,卖盘
1867,13:13:54,7.38,--,33,24354,买盘
1868,13:13:51,7.38,0.01,12,8856,买盘
1869,13:13:48,7.37,--,17,12529,买盘
1870,13:13:45,7.37,--,31,22847,买盘
1871,13:13:42,7.37,--,3,2211,买盘
1872,13:13:39,7.37,0.01,23,16951,买盘
1873,13:13:36,7.36,-0.01,88,64768,卖盘
1874,13:13:33,7.37,0.01,19,14003,买盘
1875,13:13:30,7.36,--,31,22816,卖盘
1876,13:13:27,7.36,--,2,1472,卖盘
1877,13:13:24,7.36,-0.01,44,32384,卖盘
1878,13:13:21,7.37,-0.01,2,1474,卖盘
1879,13:13:18,7.38,0.01,4,2952,买盘
1880,13:13:15,7.37,--,8,5896,卖盘
1881,13:13:12,7.37,-0.01,5,3685,卖盘
1882,13:13:09,7.38,--,6,4428,买盘
1883,13:13:06,7.38,--,5,3690,买盘
1884,13:13:03,7.38,0.01,25,18450,买盘
1885,13:13:00,7.37,-0.01,21,15477,卖盘
1886,13:12:57,7.38,--,13,9594,买盘
1887,13:12:54,7.38,0.01,44,32472,买盘
1888,13:12:51,7.37,-0.01,5,3685,卖盘
1889,13:12:48,7.38,0.01,15,11070,买盘
1890,13:12:45,7.37,-0.01,3,2211,卖盘
1891,13:12:42,7.38,--,11,8118,买盘
1892,13:12:39,7.38,0.01,19,14022,买盘
1893,13:12:36,7.37,--,53,39061,买盘
1894,13:12:33,7.37,--,1,737,中性盘
1895,13:12:30,7.37,-0.01,9,6633,卖盘
1896,13:12:27,7.38,0.02,13,9594,买盘
1897,13:12:24,7.36,-0.01,20,14720,卖盘
1898,13:12:21,7.37,--,5,3685,买盘
1899,13:12:18,7.37,0.01,50,36850,买盘
1900,13:12:15,7.36,--,25,18400,卖盘
1901,13:12:12,7.36,-0.01,72,52992,卖盘
1902,13:12:09,7.37,0.01,4,2948,买盘
1903,13:12:06,7.36,-0.01,20,14720,卖盘
1904,13:12:03,7.37,--,17,12529,买盘
1905,13:12:00,7.37,--,59,43483,买盘
1906,13:11:57,7.37,--,221,162877,买盘
1907,13:11:54,7.37,--,41,30217,买盘
1908,13:11:51,7.37,--,7,5159,买盘
1909,13:11:48,7.37,0.01,8,5896,买盘
1910,13:11:45,7.36,-0.01,46,33856,卖盘
1911,13:11:42,7.37,--,99,72963,买盘
1912,13:11:39,7.37,0.01,92,67804,买盘
1913,13:11:36,7.36,--,6,4416,卖盘
1914,13:11:33,7.36,--,12,8832,卖盘
1915,13:11:30,7.36,-0.01,20,14720,卖盘
1916,13:11:27,7.37,--,73,53801,买盘
1917,13:11:24,7.37,--,56,41272,买盘
1918,13:11:21,7.37,--,11,8107,买盘
1919,13:11:18,7.37,0.01,4,2948,买盘
1920,13:11:15,7.36,--,19,13984,卖盘
1921,13:11:12,7.36,-0.01,10,7360,卖盘
1922,13:11:09,7.37,--,7,5159,买盘
1923,13:11:06,7.37,--,28,20636,买盘
1924,13:11:03,7.37,--,19,14003,买盘
1925,13:11:00,7.37,0.01,19,14003,买盘
1926,13:10:57,7.36,-0.01,88,64768,卖盘
1927,13:10:54,7.37,0.01,91,67067,买盘
1928,13:10:51,7.36,-0.01,20,14720,卖盘
1929,13:10:48,7.37,0.01,77,56749,买盘
1930,13:10:45,7.36,-0.01,6,4416,卖盘
1931,13:10:42,7.37,--,9,6633,买盘
1932,13:10:39,7.37,0.01,2,1474,买盘
1933,13:10:36,7.36,-0.01,3,2208,卖盘
1934,13:10:33,7.37,0.01,6,4422,买盘
1935,13:10:30,7.36,-0.01,10,7360,卖盘
1936,13:10:27,7.37,--,26,19162,买盘
1937,13:10:24,7.37,0.01,67,49379,买盘
1938,13:10:21,7.36,-0.01,5,3680,卖盘
1939,13:10:18,7.37,0.01,15,11055,买盘
1940,13:10:15,7.36,--,10,7360,卖盘
1941,13:10:12,7.36,-0.01,8,5888,卖盘
1942,13:10:09,7.37,--,9,6633,买盘
1943,13:10:06,7.37,0.01,14,10318,买盘
1944,13:10:03,7.36,-0.01,14,10304,卖盘
1945,13:10:00,7.37,0.01,4,2948,买盘
1946,13:09:57,7.36,-0.01,27,19872,卖盘
1947,13:09:54,7.37,--,81,59697,买盘
1948,13:09:51,7.37,0.01,11,8107,买盘
1949,13:09:48,7.36,--,12,8832,卖盘
1950,13:09:45,7.36,-0.01,19,13984,卖盘
1951,13:09:42,7.37,--,48,35376,买盘
1952,13:09:39,7.37,--,6,4422,买盘
1953,13:09:36,7.37,--,23,16951,买盘
1954,13:09:33,7.37,0.01,8,5896,买盘
1955,13:09:30,7.36,-0.01,5,3680,卖盘
1956,13:09:27,7.37,--,17,12529,买盘
1957,13:09:24,7.37,0.01,16,11792,买盘
1958,13:09:21,7.36,-0.01,59,43424,卖盘
1959,13:09:18,7.37,0.01,4,2948,买盘
1960,13:09:15,7.36,--,16,11776,卖盘
1961,13:09:12,7.36,-0.01,10,7360,卖盘
1962,13:09:09,7.37,0.01,32,23584,买盘
1963,13:09:06,7.36,-0.01,104,76544,卖盘
1964,13:09:03,7.37,0.01,10,7370,买盘
1965,13:09:00,7.36,-0.01,13,9568,卖盘
1966,13:08:57,7.37,--,7,5159,买盘
1967,13:08:54,7.37,0.01,15,11055,买盘
1968,13:08:51,7.36,-0.01,35,25760,卖盘
1969,13:08:48,7.37,--,11,8107,买盘
1970,13:08:45,7.37,--,11,8107,买盘
1971,13:08:42,7.37,0.01,16,11792,买盘
1972,13:08:39,7.36,-0.01,62,45632,卖盘
1973,13:08:36,7.37,0.01,31,22847,买盘
1974,13:08:33,7.36,--,117,86112,卖盘
1975,13:08:30,7.36,-0.01,46,33856,卖盘
1976,13:08:27,7.37,0.01,80,58960,买盘
1977,13:08:24,7.36,--,24,17664,卖盘
1978,13:08:21,7.36,-0.01,55,40480,卖盘
1979,13:08:18,7.37,0.01,61,44957,买盘
1980,13:08:15,7.36,-0.01,49,36064,卖盘
1981,13:08:12,7.37,--,5,3685,买盘
1982,13:08:09,7.37,0.01,7,5159,买盘
1983,13:08:06,7.36,-0.01,7,5152,卖盘
1984,13:08:03,7.37,0.01,29,21373,买盘
1985,13:08:00,7.36,-0.01,11,8096,卖盘
1986,13:07:57,7.37,0.01,25,18425,买盘
1987,13:07:54,7.36,-0.01,33,24288,卖盘
1988,13:07:51,7.37,0.01,55,40535,买盘
1989,13:07:48,7.36,--,43,31648,卖盘
1990,13:07:45,7.36,-0.01,32,23552,卖盘
1991,13:07:42,7.37,--,29,21373,买盘
1992,13:07:39,7.37,--,83,61171,买盘
1993,13:07:36,7.37,--,10,7370,买盘
1994,13:07:33,7.37,0.01,7,5159,买盘
1995,13:07:30,7.36,-0.01,8,5888,卖盘
1996,13:07:27,7.37,--,25,18425,买盘
1997,13:07:24,7.37,--,23,16951,买盘
1998,13:07:21,7.37,--,34,25058,买盘
1999,13:07:18,7.37,0.01,1,737,买盘
2000,13:07:15,7.36,--,10,7360,卖盘
2001,13:07:12,7.36,-0.01,10,7360,卖盘
2002,13:07:09,7.37,--,6,4422,买盘
2003,13:07:06,7.37,-0.01,3,2211,卖盘
2004,13:07:03,7.38,0.01,13,9594,买盘
2005,13:07:00,7.37,-0.01,16,11792,卖盘
2006,13:06:57,7.38,--,37,27306,买盘
2007,13:06:54,7.38,--,158,116604,买盘
2008,13:06:51,7.38,--,47,34686,买盘
2009,13:06:48,7.38,0.01,17,12546,买盘
2010,13:06:45,7.37,-0.01,9,6633,卖盘
2011,13:06:42,7.38,--,7,5166,买盘
2012,13:06:39,7.38,0.01,16,11808,买盘
2013,13:06:36,7.37,-0.01,19,14003,卖盘
2014,13:06:33,7.38,0.01,8,5904,买盘
2015,13:06:30,7.37,-0.01,7,5159,卖盘
2016,13:06:27,7.38,0.01,6,4428,买盘
2017,13:06:24,7.37,-0.01,19,14003,卖盘
2018,13:06:21,7.38,--,35,25830,买盘
2019,13:06:18,7.38,--,5,3690,买盘
2020,13:06:15,7.38,--,12,8856,买盘
2021,13:06:12,7.38,--,12,8856,买盘
2022,13:06:09,7.38,--,7,5166,买盘
2023,13:06:06,7.38,--,8,5904,买盘
2024,13:06:03,7.38,--,21,15498,买盘
2025,13:06:00,7.38,--,30,22140,买盘
2026,13:05:57,7.38,--,11,8118,买盘
2027,13:05:54,7.38,--,17,12546,买盘
2028,13:05:51,7.38,0.01,27,19926,买盘
2029,13:05:48,7.37,--,15,11055,卖盘
2030,13:05:45,7.37,-0.01,6,4422,卖盘
2031,13:05:42,7.38,--,22,16236,买盘
2032,13:05:39,7.38,--,6,4428,买盘
2033,13:05:36,7.38,0.01,25,18450,买盘
2034,13:05:33,7.37,--,53,39061,卖盘
2035,13:05:30,7.37,-0.01,9,6633,卖盘
2036,13:05:27,7.38,0.01,12,8856,买盘
2037,13:05:24,7.37,-0.01,23,16951,卖盘
2038,13:05:21,7.38,--,36,26568,买盘
2039,13:05:18,7.38,--,25,18450,买盘
2040,13:05:15,7.38,0.01,94,69372,买盘
2041,13:05:12,7.37,-0.01,13,9581,卖盘
2042,13:05:09,7.38,--,8,5904,买盘
2043,13:05:06,7.38,--,7,5166,买盘
2044,13:05:03,7.38,0.01,9,6642,买盘
2045,13:05:00,7.37,-0.01,13,9581,卖盘
2046,13:04:57,7.38,--,2,1476,买盘
2047,13:04:54,7.38,0.01,12,8856,买盘
2048,13:04:51,7.37,-0.01,32,23584,卖盘
2049,13:04:48,7.38,0.01,2,1476,买盘
2050,13:04:45,7.37,-0.01,11,8107,卖盘
2051,13:04:42,7.38,0.01,8,5904,买盘
2052,13:04:39,7.37,--,21,15477,卖盘
2053,13:04:36,7.37,-0.01,4,2948,卖盘
2054,13:04:33,7.38,--,2,1476,买盘
2055,13:04:30,7.38,--,5,3690,买盘
2056,13:04:27,7.38,0.01,12,8856,买盘
2057,13:04:24,7.37,0.01,18,13266,买盘
2058,13:04:21,7.36,--,38,27968,卖盘
2059,13:04:15,7.36,--,10,7360,卖盘
2060,13:04:12,7.36,--,29,21344,买盘
2061,13:04:09,7.36,0.01,4,2944,买盘
2062,13:04:06,7.35,-0.01,24,17640,卖盘
2063,13:04:03,7.36,0.01,51,37536,买盘
2064,13:04:00,7.35,-0.01,8,5880,卖盘
2065,13:03:57,7.36,0.01,15,11040,买盘
2066,13:03:54,7.35,-0.01,62,45570,卖盘
2067,13:03:51,7.36,0.01,35,25760,买盘
2068,13:03:48,7.35,-0.01,7,5145,卖盘
2069,13:03:45,7.36,--,7,5152,买盘
2070,13:03:42,7.36,--,27,19872,买盘
2071,13:03:39,7.36,0.01,108,79488,买盘
2072,13:03:36,7.35,-0.01,6,4410,卖盘
2073,13:03:33,7.36,0.01,14,10304,买盘
2074,13:03:30,7.35,-0.01,9,6615,卖盘
2075,13:03:27,7.36,0.01,30,22080,买盘
2076,13:03:24,7.35,--,123,90405,卖盘
2077,13:03:21,7.35,--,57,41895,卖盘
2078,13:03:18,7.35,--,100,73500,卖盘
2079,13:03:15,7.35,--,3,2205,卖盘
2080,13:03:12,7.35,-0.01,4,2940,卖盘
2081,13:03:09,7.36,--,23,16928,买盘
2082,13:03:06,7.36,--,91,66976,买盘
2083,13:03:03,7.36,--,71,52256,买盘
2084,13:03:00,7.36,--,102,75072,买盘
2085,13:02:57,7.36,--,7,5152,买盘
2086,13:02:54,7.36,0.01,35,25760,买盘
2087,13:02:51,7.35,-0.01,41,30135,卖盘
2088,13:02:48,7.36,0.01,56,41216,买盘
2089,13:02:45,7.35,--,104,76440,卖盘
2090,13:02:42,7.35,-0.01,152,111720,卖盘
2091,13:02:39,7.36,--,5,3680,买盘
2092,13:02:36,7.36,--,18,13248,买盘
2093,13:02:33,7.36,-0.01,1,736,买盘
2094,13:02:30,7.37,--,14,10318,买盘
2095,13:02:27,7.37,0.02,53,39061,买盘
2096,13:02:24,7.35,-0.02,37,27195,卖盘
2097,13:02:21,7.37,0.01,29,21373,买盘
2098,13:02:18,7.36,--,33,24288,卖盘
2099,13:02:15,7.36,--,8,5888,卖盘
2100,13:02:12,7.36,--,19,13984,卖盘
2101,13:02:09,7.36,--,66,48576,卖盘
2102,13:02:06,7.36,--,9,6624,卖盘
2103,13:02:03,7.36,--,28,20608,卖盘
2104,13:02:00,7.36,-0.01,7,5152,卖盘
2105,13:01:57,7.37,--,1,737,买盘
2106,13:01:54,7.37,0.01,1,737,买盘
2107,13:01:51,7.36,--,10,7360,卖盘
2108,13:01:48,7.36,--,29,21344,卖盘
2109,13:01:45,7.36,-0.01,3,2208,卖盘
2110,13:01:42,7.37,--,3,2211,买盘
2111,13:01:39,7.37,--,1,737,买盘
2112,13:01:36,7.37,--,3,2211,卖盘
2113,13:01:30,7.37,-0.01,2,1474,卖盘
2114,13:01:27,7.38,0.01,5,3690,买盘
2115,13:01:21,7.37,0.01,3,2211,中性盘
2116,13:01:18,7.36,-0.01,34,25024,卖盘
2117,13:01:15,7.37,--,4,2948,卖盘
2118,13:01:12,7.37,-0.01,2,1474,卖盘
2119,13:01:06,7.38,0.01,2,1476,买盘
2120,13:01:03,7.37,-0.01,7,5159,卖盘
2121,13:01:00,7.38,--,1,738,买盘
2122,13:00:57,7.38,0.02,6,4428,买盘
2123,13:00:54,7.36,--,14,10304,卖盘
2124,13:00:51,7.36,0.01,4,2944,买盘
2125,13:00:48,7.35,--,30,22050,卖盘
2126,13:00:45,7.35,-0.01,6,4410,卖盘
2127,13:00:42,7.36,--,4,2944,卖盘
2128,13:00:39,7.36,--,1,736,买盘
2129,13:00:36,7.36,--,17,12512,卖盘
2130,13:00:33,7.36,--,1,736,中性盘
2131,13:00:30,7.36,-0.01,25,18400,卖盘
2132,13:00:27,7.37,--,81,59697,买盘
2133,13:00:24,7.37,--,15,11055,买盘
2134,13:00:21,7.37,0.01,20,14740,买盘
2135,13:00:18,7.36,--,49,36064,卖盘
2136,13:00:15,7.36,--,63,46368,卖盘
2137,13:00:12,7.36,-0.01,32,23552,卖盘
2138,13:00:09,7.37,0.02,101,74437,买盘
2139,13:00:06,7.35,--,279,205653,卖盘
2140,13:00:03,7.35,--,990,727797,卖盘
2141,13:00:00,7.35,--,0,0,卖盘
2142,11:30:00,7.35,--,0,0,卖盘
2143,11:29:57,7.35,--,14,10290,卖盘
2144,11:29:51,7.35,--,1,735,卖盘
2145,11:29:48,7.35,--,56,41160,卖盘
2146,11:29:45,7.35,--,1,735,卖盘
2147,11:29:42,7.35,--,1,735,卖盘
2148,11:29:36,7.35,-0.01,16,11760,卖盘
2149,11:29:33,7.36,--,5,3680,买盘
2150,11:29:30,7.36,--,2,1472,买盘
2151,11:29:27,7.36,0.01,11,8096,买盘
2152,11:29:24,7.35,--,59,43365,卖盘
2153,11:29:21,7.35,--,1,735,卖盘
2154,11:29:18,7.35,--,33,24255,卖盘
2155,11:29:15,7.35,--,1,735,卖盘
2156,11:29:12,7.35,--,25,18375,卖盘
2157,11:29:06,7.35,--,1,735,卖盘
2158,11:29:03,7.35,-0.01,9,6615,卖盘
2159,11:28:57,7.36,0.01,100,73600,买盘
2160,11:28:54,7.35,-0.01,12,8820,卖盘
2161,11:28:51,7.36,0.01,1207,888352,买盘
2162,11:28:48,7.35,--,59,43365,卖盘
2163,11:28:45,7.35,--,1,735,卖盘
2164,11:28:42,7.35,--,2,1470,卖盘
2165,11:28:39,7.35,--,18,13230,卖盘
2166,11:28:36,7.35,-0.01,12,8820,卖盘
2167,11:28:33,7.36,0.01,3,2208,买盘
2168,11:28:30,7.35,--,148,108780,卖盘
2169,11:28:27,7.35,-0.01,2,1470,卖盘
2170,11:28:24,7.36,--,22,16192,买盘
2171,11:28:21,7.36,0.01,52,38272,买盘
2172,11:28:18,7.35,--,36,26460,卖盘
2173,11:28:15,7.35,--,17,12495,卖盘
2174,11:28:12,7.35,--,4,2940,卖盘
2175,11:28:06,7.35,--,12,8820,卖盘
2176,11:28:00,7.35,-0.02,117,85995,卖盘
2177,11:27:57,7.37,0.01,39,28743,买盘
2178,11:27:51,7.36,--,408,300288,卖盘
2179,11:27:48,7.36,--,30,22080,卖盘
2180,11:27:45,7.36,--,17,12512,卖盘
2181,11:27:42,7.36,--,355,261280,卖盘
2182,11:27:36,7.36,-0.01,1,736,卖盘
2183,11:27:33,7.37,0.02,275,202675,买盘
2184,11:27:30,7.35,-0.01,11,8085,卖盘
2185,11:27:27,7.36,0.01,2,1472,买盘
2186,11:27:24,7.35,--,9,6615,卖盘
2187,11:27:21,7.35,--,9,6615,卖盘
2188,11:27:18,7.35,--,33,24255,卖盘
2189,11:27:15,7.35,--,12,8820,卖盘
2190,11:27:12,7.35,-0.01,26,19110,卖盘
2191,11:27:09,7.36,0.01,23,16928,买盘
2192,11:27:06,7.35,--,4,2940,卖盘
2193,11:27:03,7.35,-0.01,9,6615,卖盘
2194,11:26:57,7.36,--,20,14720,买盘
2195,11:26:54,7.36,0.01,16,11776,买盘
2196,11:26:48,7.35,--,46,33810,卖盘
2197,11:26:45,7.35,--,2,1470,卖盘
2198,11:26:42,7.35,--,1,735,卖盘
2199,11:26:39,7.35,--,27,19845,卖盘
2200,11:26:36,7.35,--,101,74235,卖盘
2201,11:26:33,7.35,--,144,105840,卖盘
2202,11:26:30,7.35,--,2,1470,卖盘
2203,11:26:27,7.35,--,6,4410,卖盘
2204,11:26:24,7.35,-0.01,75,55125,卖盘
2205,11:26:21,7.36,0.01,83,61088,买盘
2206,11:26:18,7.35,--,28,20580,卖盘
2207,11:26:15,7.35,--,12,8820,卖盘
2208,11:26:12,7.35,--,1,735,卖盘
2209,11:26:09,7.35,--,2,1470,卖盘
2210,11:26:06,7.35,-0.01,1,735,卖盘
2211,11:26:00,7.36,--,308,226688,卖盘
2212,11:25:51,7.36,--,31,22816,卖盘
2213,11:25:48,7.36,--,39,28704,卖盘
2214,11:25:45,7.36,--,2,1472,卖盘
2215,11:25:42,7.36,--,17,12512,卖盘
2216,11:25:36,7.36,--,2,1472,卖盘
2217,11:25:30,7.36,--,2,1472,卖盘
2218,11:25:27,7.36,--,52,38272,卖盘
2219,11:25:24,7.36,--,59,43424,卖盘
2220,11:25:21,7.36,--,4,2944,卖盘
2221,11:25:18,7.36,--,100,73600,卖盘
2222,11:25:15,7.36,--,102,75072,卖盘
2223,11:25:12,7.36,--,5,3680,卖盘
2224,11:25:09,7.36,--,29,21344,卖盘
2225,11:25:06,7.36,--,8,5888,卖盘
2226,11:25:03,7.36,-0.01,670,493120,卖盘
2227,11:24:57,7.37,--,6,4422,买盘
2228,11:24:54,7.37,0.01,2,1474,买盘
2229,11:24:51,7.36,-0.01,8,5888,卖盘
2230,11:24:48,7.37,--,449,330913,卖盘
2231,11:24:45,7.37,--,10,7370,卖盘
2232,11:24:42,7.37,--,5,3685,卖盘
2233,11:24:39,7.37,--,11,8107,卖盘
2234,11:24:36,7.37,--,1,737,卖盘
2235,11:24:30,7.37,--,2,1474,卖盘
2236,11:24:27,7.37,--,16,11792,卖盘
2237,11:24:24,7.37,--,113,83281,卖盘
2238,11:24:21,7.37,-0.01,11,8107,卖盘
2239,11:24:18,7.38,0.01,53,39114,买盘
2240,11:24:15,7.37,--,2,1474,卖盘
2241,11:24:12,7.37,--,4,2948,卖盘
2242,11:24:06,7.37,--,67,49379,卖盘
2243,11:24:03,7.37,--,17,12529,卖盘
2244,11:24:00,7.37,0.01,749,552013,买盘
2245,11:23:54,7.36,-0.01,11,8096,卖盘
2246,11:23:48,7.37,0.01,70,51590,买盘
2247,11:23:45,7.36,-0.01,12,8832,卖盘
2248,11:23:42,7.37,0.01,17,12529,买盘
2249,11:23:39,7.36,--,227,167072,卖盘
2250,11:23:36,7.36,-0.01,2,1472,卖盘
2251,11:23:30,7.37,--,51,37587,买盘
2252,11:23:27,7.37,0.01,102,75174,买盘
2253,11:23:24,7.36,--,8,5888,卖盘
2254,11:23:21,7.36,--,2,1472,卖盘
2255,11:23:18,7.36,--,42,30912,卖盘
2256,11:23:15,7.36,-0.01,3,2208,卖盘
2257,11:23:12,7.37,--,6,4422,买盘
2258,11:23:09,7.37,0.01,2,1474,买盘
2259,11:23:06,7.36,--,1,736,卖盘
2260,11:23:03,7.36,-0.01,8,5888,卖盘
2261,11:22:51,7.37,0.01,8,5896,买盘
2262,11:22:48,7.36,--,89,65504,卖盘
2263,11:22:45,7.36,-0.01,14,10304,卖盘
2264,11:22:42,7.37,--,84,61908,买盘
2265,11:22:39,7.37,0.01,23,16951,买盘
2266,11:22:36,7.36,--,1,736,卖盘
2267,11:22:30,7.36,--,30,22080,卖盘
2268,11:22:27,7.36,--,6,4416,卖盘
2269,11:22:24,7.36,--,9,6624,卖盘
2270,11:22:21,7.36,-0.01,2,1472,卖盘
2271,11:22:18,7.37,0.01,85,62645,买盘
2272,11:22:15,7.36,-0.01,2,1472,卖盘
2273,11:22:12,7.37,0.01,14,10318,买盘
2274,11:22:09,7.36,--,300,220800,卖盘
2275,11:22:06,7.36,--,1,736,卖盘
2276,11:22:03,7.36,-0.02,9,6624,卖盘
2277,11:21:48,7.38,0.02,31,22878,买盘
2278,11:21:45,7.36,--,16,11776,卖盘
2279,11:21:42,7.36,--,82,60352,卖盘
2280,11:21:36,7.36,-0.02,1,736,卖盘
2281,11:21:33,7.38,0.02,33,24354,买盘
2282,11:21:30,7.36,-0.01,2,1472,卖盘
2283,11:21:27,7.37,--,0,678,卖盘
2284,11:21:24,7.37,--,9,6633,卖盘
2285,11:21:21,7.37,--,2,1474,卖盘
2286,11:21:18,7.37,--,10,7370,卖盘
2287,11:21:15,7.37,0.01,46,33960,买盘
2288,11:21:12,7.36,--,5,3680,卖盘
2289,11:21:06,7.36,-0.01,1,736,卖盘
2290,11:21:03,7.37,--,34,25058,买盘
2291,11:20:57,7.37,--,7,5159,买盘
2292,11:20:54,7.37,0.01,3,2211,买盘
2293,11:20:51,7.36,--,2,1472,卖盘
2294,11:20:45,7.36,-0.01,58,42688,卖盘
2295,11:20:42,7.37,--,112,83222,卖盘
2296,11:20:36,7.37,--,3,2211,卖盘
2297,11:20:30,7.37,--,3,2211,卖盘
2298,11:20:27,7.37,--,3,2211,卖盘
2299,11:20:24,7.37,--,26,19162,卖盘
2300,11:20:21,7.37,-0.01,3,2211,卖盘
2301,11:20:18,7.38,0.01,20,14760,买盘
2302,11:20:15,7.37,--,43,31691,卖盘
2303,11:20:12,7.37,--,238,175406,卖盘
2304,11:20:06,7.37,--,14,10318,卖盘
2305,11:20:03,7.37,-0.01,158,116446,卖盘
2306,11:19:54,7.38,0.01,17,12546,买盘
2307,11:19:48,7.37,--,8,5896,卖盘
2308,11:19:45,7.37,--,44,32428,卖盘
2309,11:19:42,7.37,--,102,75174,卖盘
2310,11:19:39,7.37,--,0,29,卖盘
2311,11:19:36,7.37,--,1,737,卖盘
2312,11:19:30,7.37,--,13,9581,卖盘
2313,11:19:27,7.37,--,1,737,卖盘
2314,11:19:24,7.37,--,8,5896,卖盘
2315,11:19:21,7.37,--,2,1474,卖盘
2316,11:19:15,7.37,--,32,23584,卖盘
2317,11:19:12,7.37,--,4,2948,卖盘
2318,11:19:06,7.37,--,9,6633,卖盘
2319,11:19:03,7.37,--,8,5896,卖盘
2320,11:19:00,7.37,--,1,737,卖盘
2321,11:18:57,7.37,--,14,10318,卖盘
2322,11:18:54,7.37,--,125,92125,卖盘
2323,11:18:51,7.37,--,1,737,卖盘
2324,11:18:48,7.37,0.01,69,50882,买盘
2325,11:18:45,7.36,-0.01,40,29440,卖盘
2326,11:18:42,7.37,0.01,364,268268,买盘
2327,11:18:39,7.36,-0.01,102,75072,卖盘
2328,11:18:36,7.37,0.01,27,19899,买盘
2329,11:18:30,7.36,--,1,736,卖盘
2330,11:18:27,7.36,--,1,736,卖盘
2331,11:18:24,7.36,--,8,5888,卖盘
2332,11:18:21,7.36,--,2,1472,卖盘
2333,11:18:15,7.36,--,39,28704,卖盘
2334,11:18:12,7.36,--,4,2944,卖盘
2335,11:18:09,7.36,--,20,14720,卖盘
2336,11:18:06,7.36,--,1,736,卖盘
2337,11:18:03,7.36,--,8,5888,卖盘
2338,11:17:57,7.36,--,14,10304,卖盘
2339,11:17:51,7.36,--,14,10304,卖盘
2340,11:17:48,7.36,--,1009,742624,卖盘
2341,11:17:45,7.36,--,42,30912,卖盘
2342,11:17:42,7.36,--,82,60352,卖盘
2343,11:17:36,7.36,--,3,2208,卖盘
2344,11:17:30,7.36,--,3,2208,卖盘
2345,11:17:27,7.36,--,2,1472,卖盘
2346,11:17:24,7.36,--,9,6624,卖盘
2347,11:17:21,7.36,-0.01,2,1472,卖盘
2348,11:17:18,7.37,0.01,50,36850,买盘
2349,11:17:15,7.36,--,23,16928,卖盘
2350,11:17:12,7.36,-0.01,4,2944,卖盘
2351,11:17:09,7.37,0.01,8,5896,买盘
2352,11:17:06,7.36,--,13,9568,卖盘
2353,11:17:03,7.36,-0.01,8,5888,卖盘
2354,11:16:57,7.37,0.01,3,2211,买盘
2355,11:16:51,7.36,--,1,736,卖盘
2356,11:16:48,7.36,--,10,7360,卖盘
2357,11:16:45,7.36,--,36,26496,卖盘
2358,11:16:42,7.36,--,82,60352,卖盘
2359,11:16:39,7.36,-0.01,5,3680,卖盘
2360,11:16:36,7.37,--,353,260868,卖盘
2361,11:16:30,7.37,--,10,7370,卖盘
2362,11:16:27,7.37,--,28,20636,卖盘
2363,11:16:24,7.37,--,9,6633,卖盘
2364,11:16:21,7.37,--,2,1474,卖盘
2365,11:16:18,7.37,--,6,4422,卖盘
2366,11:16:15,7.37,--,31,22847,卖盘
2367,11:16:12,7.37,--,10,7370,卖盘
2368,11:16:09,7.37,-0.01,5,3685,卖盘
2369,11:16:06,7.38,0.01,120,88560,买盘
2370,11:16:03,7.37,--,9,6633,卖盘
2371,11:16:00,7.37,-0.01,25,18425,卖盘
2372,11:15:54,7.38,0.01,30,22140,买盘
2373,11:15:51,7.37,--,14,10318,卖盘
2374,11:15:45,7.37,--,43,31691,卖盘
2375,11:15:42,7.37,--,82,60434,卖盘
2376,11:15:36,7.37,--,2,1503,卖盘
2377,11:15:33,7.37,--,3,2211,卖盘
2378,11:15:30,7.37,--,2,1474,卖盘
2379,11:15:27,7.37,--,14,10318,卖盘
2380,11:15:24,7.37,--,9,6633,卖盘
2381,11:15:21,7.37,--,2,1474,卖盘
2382,11:15:18,7.37,--,14,10318,卖盘
2383,11:15:15,7.37,--,28,20636,卖盘
2384,11:15:12,7.37,-0.01,4,2948,卖盘
2385,11:15:09,7.38,0.01,23,16974,买盘
2386,11:15:06,7.37,--,6,4422,卖盘
2387,11:15:03,7.37,-0.01,9,6633,卖盘
2388,11:14:51,7.38,0.01,64,47232,买盘
2389,11:14:48,7.37,--,9,6633,卖盘
2390,11:14:45,7.37,-0.01,46,33902,卖盘
2391,11:14:42,7.38,--,233,171954,买盘
2392,11:14:39,7.38,0.01,2,1476,买盘
2393,11:14:36,7.37,--,39,28743,卖盘
2394,11:14:30,7.37,--,7,5159,卖盘
2395,11:14:27,7.37,--,1,737,卖盘
2396,11:14:24,7.37,--,8,5896,卖盘
2397,11:14:21,7.37,-0.01,2,1474,卖盘
2398,11:14:18,7.38,0.01,10,7380,买盘
2399,11:14:15,7.37,--,34,25058,卖盘
2400,11:14:12,7.37,-0.01,4,2948,卖盘
2401,11:14:09,7.38,0.01,16,11808,买盘
2402,11:14:06,7.37,--,175,128975,卖盘
2403,11:14:03,7.37,--,8,5896,卖盘
2404,11:13:51,7.37,--,1,737,卖盘
2405,11:13:48,7.37,--,19,14003,卖盘
2406,11:13:45,7.37,--,43,31691,卖盘
2407,11:13:42,7.37,--,186,137082,卖盘
2408,11:13:36,7.37,--,1,737,卖盘
2409,11:13:30,7.37,--,13,9581,卖盘
2410,11:13:27,7.37,--,1,737,卖盘
2411,11:13:24,7.37,--,13,9581,卖盘
2412,11:13:21,7.37,-0.01,1,737,卖盘
2413,11:13:15,7.38,0.01,44,32472,买盘
2414,11:13:12,7.37,--,27,19899,卖盘
2415,11:13:06,7.37,--,71,52327,卖盘
2416,11:13:03,7.37,-0.01,12,8844,卖盘
2417,11:12:48,7.38,0.01,24,17712,买盘
2418,11:12:45,7.37,--,48,35376,卖盘
2419,11:12:42,7.37,-0.01,81,59697,卖盘
2420,11:12:39,7.38,0.01,155,114390,买盘
2421,11:12:36,7.37,--,1,737,卖盘
2422,11:12:30,7.37,--,1,737,卖盘
2423,11:12:27,7.37,--,1,737,卖盘
2424,11:12:24,7.37,--,22,16214,卖盘
2425,11:12:21,7.37,--,2,1474,卖盘
2426,11:12:15,7.37,--,5,3685,卖盘
2427,11:12:12,7.37,-0.01,28,20636,卖盘
2428,11:12:09,7.38,0.01,5,3690,买盘
2429,11:12:06,7.37,--,1,737,卖盘
2430,11:12:03,7.37,--,25,18425,卖盘
2431,11:12:00,7.37,--,12,8844,卖盘
2432,11:11:57,7.37,--,4,2948,卖盘
2433,11:11:51,7.37,--,3,2211,卖盘
2434,11:11:48,7.37,--,9,6633,卖盘
2435,11:11:45,7.37,--,1,737,卖盘
2436,11:11:42,7.37,--,108,79596,卖盘
2437,11:11:39,7.37,--,20,14740,卖盘
2438,11:11:36,7.37,--,6,4422,卖盘
2439,11:11:30,7.37,--,2,1474,卖盘
2440,11:11:27,7.37,--,1,737,卖盘
2441,11:11:24,7.37,--,22,16214,卖盘
2442,11:11:21,7.37,--,2,1474,卖盘
2443,11:11:18,7.37,--,5,3685,卖盘
2444,11:11:15,7.37,--,152,112024,卖盘
2445,11:11:12,7.37,--,36,26532,卖盘
2446,11:11:09,7.37,--,30,22110,卖盘
2447,11:11:06,7.37,--,1,737,卖盘
2448,11:11:03,7.37,--,9,6633,卖盘
2449,11:11:00,7.37,--,10,7370,卖盘
2450,11:10:48,7.37,--,20,14740,卖盘
2451,11:10:45,7.37,--,61,44957,卖盘
2452,11:10:42,7.37,-0.01,114,84018,卖盘
2453,11:10:39,7.38,0.01,30,22140,买盘
2454,11:10:36,7.37,--,1,737,卖盘
2455,11:10:30,7.37,-0.01,1,737,卖盘
2456,11:10:27,7.38,0.01,2,1476,买盘
2457,11:10:24,7.37,--,14,10318,卖盘
2458,11:10:21,7.37,--,34,25058,卖盘
2459,11:10:18,7.37,--,1,737,卖盘
2460,11:10:15,7.37,--,2,1474,卖盘
2461,11:10:12,7.37,--,29,21373,卖盘
2462,11:10:09,7.37,--,12,8844,卖盘
2463,11:10:06,7.37,-0.01,30,22110,卖盘
2464,11:10:03,7.38,--,14,10332,买盘
2465,11:10:00,7.38,--,4,2952,买盘
2466,11:09:57,7.38,0.01,233,171954,买盘
2467,11:09:51,7.37,--,1,737,卖盘
2468,11:09:48,7.37,--,9,6633,卖盘
2469,11:09:45,7.37,--,2,1474,卖盘
2470,11:09:42,7.37,--,112,82544,卖盘
2471,11:09:39,7.37,--,7,5159,卖盘
2472,11:09:36,7.37,0.01,510,375870,买盘
2473,11:09:33,7.36,--,10,7360,卖盘
2474,11:09:30,7.36,--,3,2208,卖盘
2475,11:09:27,7.36,--,3,2208,卖盘
2476,11:09:24,7.36,--,9,6624,卖盘
2477,11:09:21,7.36,--,3,2208,卖盘
2478,11:09:15,7.36,--,35,25760,卖盘
2479,11:09:12,7.36,--,25,18400,卖盘
2480,11:09:06,7.36,--,2,1472,卖盘
2481,11:09:03,7.36,-0.01,15,11040,卖盘
2482,11:09:00,7.37,0.01,81,59697,买盘
2483,11:08:51,7.36,--,1,736,卖盘
2484,11:08:48,7.36,--,10,7360,卖盘
2485,11:08:45,7.36,--,14,10304,卖盘
2486,11:08:42,7.36,-0.01,117,86112,卖盘
2487,11:08:39,7.37,0.01,40,29480,买盘
2488,11:08:36,7.36,-0.01,2,1472,卖盘
2489,11:08:33,7.37,0.01,15,11055,买盘
2490,11:08:30,7.36,--,2,1472,卖盘
2491,11:08:27,7.36,--,17,12512,卖盘
2492,11:08:24,7.36,-0.01,9,6624,卖盘
2493,11:08:21,7.37,0.01,4,2948,买盘
2494,11:08:18,7.36,--,12,8832,卖盘
2495,11:08:15,7.36,--,2,1472,卖盘
2496,11:08:12,7.36,--,44,32384,卖盘
2497,11:08:06,7.36,--,3,2208,卖盘
2498,11:08:03,7.36,--,317,233312,卖盘
2499,11:07:57,7.36,-0.01,7,5152,卖盘
2500,11:07:54,7.37,0.01,631,465047,买盘
2501,11:07:51,7.36,--,1,736,卖盘
2502,11:07:48,7.36,--,11,8096,卖盘
2503,11:07:45,7.36,--,34,25024,卖盘
2504,11:07:42,7.36,--,124,91264,卖盘
2505,11:07:36,7.36,--,3,2208,卖盘
2506,11:07:30,7.36,--,10,7360,卖盘
2507,11:07:27,7.36,--,1,736,卖盘
2508,11:07:24,7.36,--,11,8096,卖盘
2509,11:07:21,7.36,--,2,1472,卖盘
2510,11:07:18,7.36,--,10,7360,卖盘
2511,11:07:15,7.36,--,13,9568,卖盘
2512,11:07:12,7.36,--,28,20608,卖盘
2513,11:07:06,7.36,--,16,11776,卖盘
2514,11:07:03,7.36,-0.01,10,7360,卖盘
2515,11:06:54,7.37,0.01,6,4422,买盘
2516,11:06:51,7.36,--,1,736,卖盘
2517,11:06:45,7.36,-0.01,12,8832,卖盘
2518,11:06:42,7.37,0.01,133,98021,买盘
2519,11:06:36,7.36,--,7,5152,卖盘
2520,11:06:30,7.36,--,6,4416,卖盘
2521,11:06:27,7.36,-0.01,2,1472,卖盘
2522,11:06:24,7.37,0.01,40,29480,买盘
2523,11:06:21,7.36,--,130,95680,买盘
2524,11:06:18,7.36,0.01,30,22080,买盘
2525,11:06:15,7.35,--,3,2205,卖盘
2526,11:06:12,7.35,--,37,27195,卖盘
2527,11:06:06,7.35,-0.01,2,1470,卖盘
2528,11:06:03,7.36,--,149,109664,买盘
2529,11:06:00,7.36,--,140,103040,买盘
2530,11:05:57,7.36,--,34,25024,买盘
2531,11:05:54,7.36,0.01,1,736,买盘
2532,11:05:48,7.35,--,9,6615,卖盘
2533,11:05:45,7.35,--,7,5145,卖盘
2534,11:05:42,7.35,--,106,77910,卖盘
2535,11:05:36,7.35,-0.01,34,24990,卖盘
2536,11:05:33,7.36,0.01,20,14720,买盘
2537,11:05:30,7.35,-0.01,2,1470,卖盘
2538,11:05:27,7.36,0.01,103,75808,买盘
2539,11:05:24,7.35,--,9,6615,卖盘
2540,11:05:21,7.35,-0.01,2,1470,卖盘
2541,11:05:18,7.36,0.01,20,14720,买盘
2542,11:05:15,7.35,--,268,196980,卖盘
2543,11:05:12,7.35,--,45,33075,卖盘
2544,11:05:09,7.35,--,140,102900,卖盘
2545,11:05:06,7.35,--,1,735,卖盘
2546,11:05:03,7.35,--,13,9555,卖盘
2547,11:04:57,7.35,-0.01,9,6615,卖盘
2548,11:04:54,7.36,0.01,2,1472,中性盘
2549,11:04:51,7.35,--,82,60270,卖盘
2550,11:04:48,7.35,--,12,8820,卖盘
2551,11:04:45,7.35,--,138,101430,卖盘
2552,11:04:42,7.35,--,122,89670,卖盘
2553,11:04:36,7.35,-0.01,42,30870,卖盘
2554,11:04:33,7.36,--,4008,2949888,卖盘
2555,11:04:30,7.36,--,54,39744,卖盘
2556,11:04:27,7.36,-0.01,41,30176,卖盘
2557,11:04:24,7.37,--,3207,2363559,卖盘
2558,11:04:21,7.37,--,2,1474,卖盘
2559,11:04:15,7.37,--,14,10318,卖盘
2560,11:04:12,7.37,--,36,26532,卖盘
2561,11:04:09,7.37,--,2,1474,卖盘
2562,11:04:06,7.37,--,1,737,卖盘
2563,11:04:03,7.37,-0.01,9,6633,卖盘
2564,11:04:00,7.38,--,20,14760,买盘
2565,11:03:54,7.38,0.01,1,738,买盘
2566,11:03:51,7.37,--,211,155507,卖盘
2567,11:03:48,7.37,--,11,8107,卖盘
2568,11:03:45,7.37,--,2,1474,卖盘
2569,11:03:42,7.37,--,118,86966,卖盘
2570,11:03:39,7.37,--,12,8844,卖盘
2571,11:03:36,7.37,--,28,20636,卖盘
2572,11:03:33,7.37,--,177,130449,卖盘
2573,11:03:30,7.37,--,2,1474,卖盘
2574,11:03:27,7.37,--,11,8107,卖盘
2575,11:03:24,7.37,-0.01,10,7370,卖盘
2576,11:03:21,7.38,0.01,148,109224,买盘
2577,11:03:15,7.37,--,3,2211,卖盘
2578,11:03:12,7.37,--,45,33165,卖盘
2579,11:03:06,7.37,-0.01,2,1474,卖盘
2580,11:03:03,7.38,0.01,11,8118,买盘
2581,11:02:54,7.37,--,14,10318,卖盘
2582,11:02:48,7.37,--,12,8844,卖盘
2583,11:02:45,7.37,--,6,4422,卖盘
2584,11:02:42,7.37,-0.01,116,85492,卖盘
2585,11:02:39,7.38,0.01,3,2214,买盘
2586,11:02:36,7.37,--,13,9581,卖盘
2587,11:02:33,7.37,--,1,737,卖盘
2588,11:02:30,7.37,--,2,1474,卖盘
2589,11:02:27,7.37,--,6,4422,卖盘
2590,11:02:24,7.37,-0.01,32,23584,卖盘
2591,11:02:21,7.38,0.01,22,16236,买盘
2592,11:02:18,7.37,--,29,21373,卖盘
2593,11:02:15,7.37,--,2,1474,卖盘
2594,11:02:12,7.37,--,5,3685,卖盘
2595,11:02:09,7.37,--,46,33902,卖盘
2596,11:02:06,7.37,-0.01,2,1474,卖盘
2597,11:02:00,7.38,--,284,209592,卖盘
2598,11:01:57,7.38,-0.01,8,5904,卖盘
2599,11:01:54,7.39,0.01,42,31038,买盘
2600,11:01:51,7.38,--,1,738,卖盘
2601,11:01:48,7.38,--,9,6642,卖盘
2602,11:01:45,7.38,--,7,5166,卖盘
2603,11:01:42,7.38,--,82,60516,卖盘
2604,11:01:39,7.38,-0.01,46,33948,卖盘
2605,11:01:36,7.39,0.01,5,3695,买盘
2606,11:01:30,7.38,--,112,82656,卖盘
2607,11:01:27,7.38,--,31,22878,卖盘
2608,11:01:21,7.38,--,14,10332,卖盘
2609,11:01:15,7.38,--,9,6642,卖盘
2610,11:01:12,7.38,--,14,10332,卖盘
2611,11:01:09,7.38,--,33,24354,卖盘
2612,11:01:06,7.38,--,16,11808,卖盘
2613,11:01:03,7.38,--,9,6642,卖盘
2614,11:00:54,7.38,--,1,738,卖盘
2615,11:00:51,7.38,--,1,738,卖盘
2616,11:00:48,7.38,--,10,7380,卖盘
2617,11:00:45,7.38,--,115,84870,卖盘
2618,11:00:42,7.38,--,83,61254,卖盘
2619,11:00:39,7.38,--,37,27306,卖盘
2620,11:00:36,7.38,--,2,1476,卖盘
2621,11:00:30,7.38,-0.01,4,2952,卖盘
2622,11:00:27,7.39,0.01,16,11824,买盘
2623,11:00:24,7.38,--,24,17712,卖盘
2624,11:00:21,7.38,--,3,2214,卖盘
2625,11:00:18,7.38,--,10,7380,卖盘
2626,11:00:15,7.38,--,3,2214,卖盘
2627,11:00:12,7.38,-0.01,7,5166,卖盘
2628,11:00:09,7.39,--,112,82768,买盘
2629,11:00:06,7.39,0.01,22,16258,买盘
2630,11:00:03,7.38,--,105,77490,卖盘
2631,11:00:00,7.38,--,510,376380,卖盘
2632,10:59:57,7.38,--,5,3690,卖盘
2633,10:59:54,7.38,--,40,29520,卖盘
2634,10:59:51,7.38,--,1,738,卖盘
2635,10:59:48,7.38,--,11,8118,卖盘
2636,10:59:45,7.38,--,10,7380,卖盘
2637,10:59:42,7.38,--,97,71586,卖盘
2638,10:59:39,7.38,--,22,16236,卖盘
2639,10:59:36,7.38,--,2,1476,卖盘
2640,10:59:30,7.38,--,3,2214,卖盘
2641,10:59:27,7.38,--,2,1476,卖盘
2642,10:59:24,7.38,--,210,154980,卖盘
2643,10:59:21,7.38,--,3,2214,卖盘
2644,10:59:15,7.38,--,18,13284,卖盘
2645,10:59:12,7.38,--,24,17712,卖盘
2646,10:59:09,7.38,--,37,27306,卖盘
2647,10:59:06,7.38,--,40,29520,卖盘
2648,10:59:03,7.38,--,110,81180,卖盘
2649,10:59:00,7.38,--,163,120294,卖盘
2650,10:58:57,7.38,--,71,52398,卖盘
2651,10:58:54,7.38,--,7,5166,卖盘
2652,10:58:51,7.38,--,1,738,卖盘
2653,10:58:48,7.38,--,19,14022,卖盘
2654,10:58:45,7.38,--,13,9594,卖盘
2655,10:58:42,7.38,--,87,64206,卖盘
2656,10:58:39,7.38,--,80,59040,卖盘
2657,10:58:36,7.38,-0.01,53,39114,卖盘
2658,10:58:33,7.39,0.01,22,16258,买盘
2659,10:58:30,7.38,--,9,6642,卖盘
2660,10:58:27,7.38,--,2,1476,卖盘
2661,10:58:24,7.38,--,41,30258,卖盘
2662,10:58:21,7.38,--,53,39114,卖盘
2663,10:58:15,7.38,--,45,33210,卖盘
2664,10:58:12,7.38,--,4,2952,卖盘
2665,10:58:09,7.38,--,37,27306,卖盘
2666,10:58:06,7.38,--,1,738,卖盘
2667,10:58:03,7.38,--,10,7380,卖盘
2668,10:57:57,7.38,--,12,8856,卖盘
2669,10:57:51,7.38,--,1,738,卖盘
2670,10:57:48,7.38,--,9,6642,卖盘
2671,10:57:45,7.38,-0.01,2,1476,卖盘
2672,10:57:42,7.39,-0.01,84,62076,中性盘
2673,10:57:39,7.4,0.02,35,25900,买盘
2674,10:57:36,7.38,-0.02,7,5166,卖盘
2675,10:57:33,7.4,0.01,82,60680,买盘
2676,10:57:30,7.39,0.01,3,2217,中性盘
2677,10:57:27,7.38,--,2,1476,卖盘
2678,10:57:24,7.38,-0.01,49,36162,卖盘
2679,10:57:21,7.39,--,26,19214,卖盘
2680,10:57:18,7.39,0.01,54,39906,买盘
2681,10:57:15,7.38,--,3,2214,卖盘
2682,10:57:12,7.38,--,7,5166,卖盘
2683,10:57:09,7.38,--,37,27306,卖盘
2684,10:57:06,7.38,-0.01,2,1476,卖盘
2685,10:57:03,7.39,--,40,29560,买盘
2686,10:57:00,7.39,0.01,5,3695,买盘
2687,10:56:54,7.38,--,10,7380,卖盘
2688,10:56:51,7.38,--,1,738,卖盘
2689,10:56:45,7.38,--,11,8118,卖盘
2690,10:56:42,7.38,--,95,70110,卖盘
2691,10:56:39,7.38,--,32,23616,卖盘
2692,10:56:36,7.38,-0.02,2,1476,卖盘
2693,10:56:33,7.4,0.02,3,2220,买盘
2694,10:56:30,7.38,--,32,23616,卖盘
2695,10:56:27,7.38,-0.02,2,1476,卖盘
2696,10:56:24,7.4,0.02,19,14060,买盘
2697,10:56:21,7.38,-0.02,2,1476,卖盘
2698,10:56:15,7.4,0.02,4,2960,买盘
2699,10:56:12,7.38,--,96,70848,卖盘
2700,10:56:09,7.38,--,23,16974,卖盘
2701,10:56:06,7.38,--,90,66420,卖盘
2702,10:56:03,7.38,--,9,6642,卖盘
2703,10:55:57,7.38,--,159,117342,卖盘
2704,10:55:51,7.38,--,1,738,卖盘
2705,10:55:48,7.38,-0.02,19,14022,卖盘
2706,10:55:45,7.4,0.02,527,389980,买盘
2707,10:55:42,7.38,--,83,61254,卖盘
2708,10:55:39,7.38,--,27,19926,卖盘
2709,10:55:36,7.38,--,2,1476,卖盘
2710,10:55:33,7.38,--,43,31734,卖盘
2711,10:55:30,7.38,--,3,2214,卖盘
2712,10:55:27,7.38,--,2,1476,卖盘
2713,10:55:24,7.38,--,24,17712,卖盘
2714,10:55:21,7.38,-0.02,4,2952,卖盘
2715,10:55:18,7.4,0.02,7,5180,买盘
2716,10:55:15,7.38,--,19,14022,卖盘
2717,10:55:12,7.38,-0.02,9,6642,卖盘
2718,10:55:09,7.4,0.03,41,30340,买盘
2719,10:55:06,7.37,-0.01,2,1474,卖盘
2720,10:55:03,7.38,--,8,5904,卖盘
2721,10:55:00,7.38,--,7,5166,卖盘
2722,10:54:57,7.38,0.01,2,1476,买盘
2723,10:54:51,7.37,-0.03,73,53801,卖盘
2724,10:54:48,7.4,0.03,6421,4751540,买盘
2725,10:54:45,7.37,--,2,1474,卖盘
2726,10:54:42,7.37,-0.01,82,60434,卖盘
2727,10:54:39,7.38,0.01,174,128412,买盘
2728,10:54:36,7.37,--,12,8844,卖盘
2729,10:54:33,7.37,--,57,42009,卖盘
2730,10:54:30,7.37,--,16,11792,卖盘
2731,10:54:27,7.37,--,2,1474,卖盘
2732,10:54:24,7.37,--,84,61908,卖盘
2733,10:54:21,7.37,--,151,111287,卖盘
2734,10:54:15,7.37,--,3,2211,卖盘
2735,10:54:12,7.37,--,4,2948,卖盘
2736,10:54:06,7.37,-0.01,29,21373,卖盘
2737,10:54:03,7.38,--,35,25830,买盘
2738,10:53:57,7.38,0.01,91,67158,买盘
2739,10:53:54,7.37,--,4,2948,卖盘
2740,10:53:45,7.37,--,11,8107,卖盘
2741,10:53:42,7.37,-0.01,82,60434,卖盘
2742,10:53:39,7.38,0.01,109,80442,买盘
2743,10:53:36,7.37,-0.01,103,75911,卖盘
2744,10:53:33,7.38,0.01,20,14760,买盘
2745,10:53:30,7.37,-0.01,81,59697,卖盘
2746,10:53:27,7.38,0.01,3,2214,买盘
2747,10:53:24,7.37,--,9,6633,卖盘
2748,10:53:21,7.37,--,2,1474,卖盘
2749,10:53:15,7.37,--,20,14740,卖盘
2750,10:53:12,7.37,-0.01,20,14740,卖盘
2751,10:53:09,7.38,0.01,8,5904,买盘
2752,10:53:06,7.37,--,69,50853,卖盘
2753,10:53:03,7.37,--,8,5896,卖盘
2754,10:52:54,7.37,--,15,11055,卖盘
2755,10:52:51,7.37,--,1,737,卖盘
2756,10:52:48,7.37,--,10,7370,卖盘
2757,10:52:45,7.37,--,22,16214,卖盘
2758,10:52:42,7.37,--,83,61171,卖盘
2759,10:52:39,7.37,--,21,15477,卖盘
2760,10:52:36,7.37,--,125,92125,卖盘
2761,10:52:30,7.37,-0.01,23,16951,卖盘
2762,10:52:27,7.38,0.01,320,236160,买盘
2763,10:52:24,7.37,--,29,21373,卖盘
2764,10:52:21,7.37,--,10,7370,卖盘
2765,10:52:18,7.37,--,314,231418,卖盘
2766,10:52:15,7.37,--,67,49379,卖盘
2767,10:52:12,7.37,--,116,85492,卖盘
2768,10:52:06,7.37,-0.01,72,53064,卖盘
2769,10:52:03,7.38,0.01,29,21402,中性盘
2770,10:51:57,7.37,-0.01,45,33165,卖盘
2771,10:51:54,7.38,--,22,16236,卖盘
2772,10:51:51,7.38,0.01,35,25830,买盘
2773,10:51:48,7.37,--,59,43483,卖盘
2774,10:51:45,7.37,--,2,1474,卖盘
2775,10:51:42,7.37,-0.01,93,68541,卖盘
2776,10:51:39,7.38,0.01,1,738,买盘
2777,10:51:36,7.37,-0.01,40,29480,卖盘
2778,10:51:33,7.38,0.01,4,2952,买盘
2779,10:51:30,7.37,-0.01,3,2211,卖盘
2780,10:51:27,7.38,0.01,85,62730,买盘
2781,10:51:24,7.37,-0.01,29,21373,卖盘
2782,10:51:21,7.38,0.01,75,55350,买盘
2783,10:51:15,7.37,--,2,1474,卖盘
2784,10:51:12,7.37,--,5,3685,卖盘
2785,10:51:06,7.37,-0.01,40,29480,卖盘
2786,10:51:03,7.38,0.01,35,25830,买盘
2787,10:51:00,7.37,-0.01,34,25058,卖盘
2788,10:50:57,7.38,--,23,16974,卖盘
2789,10:50:54,7.38,--,1,738,卖盘
2790,10:50:51,7.38,--,1,738,卖盘
2791,10:50:48,7.38,--,218,160884,买盘
2792,10:50:45,7.38,--,34,25092,买盘
2793,10:50:42,7.38,0.01,87,64206,买盘
2794,10:50:36,7.37,--,29,21373,卖盘
2795,10:50:33,7.37,-0.01,12,8844,卖盘
2796,10:50:30,7.38,--,835,616230,卖盘
2797,10:50:27,7.38,--,2,1476,卖盘
2798,10:50:24,7.38,--,38,28044,卖盘
2799,10:50:21,7.38,-0.01,3,2214,卖盘
2800,10:50:18,7.39,0.01,2,1478,买盘
2801,10:50:15,7.38,-0.01,33,24354,卖盘
2802,10:50:12,7.39,0.01,13,9607,买盘
2803,10:50:09,7.38,--,57,42066,卖盘
2804,10:50:06,7.38,-0.01,32,23616,卖盘
2805,10:50:03,7.39,--,31,22909,买盘
2806,10:50:00,7.39,--,90,66510,买盘
2807,10:49:57,7.39,0.01,8,5912,买盘
2808,10:49:48,7.38,--,10,7380,卖盘
2809,10:49:45,7.38,--,28,20664,卖盘
2810,10:49:42,7.38,0.01,403,297414,买盘
2811,10:49:36,7.37,--,33,24321,卖盘
2812,10:49:33,7.37,--,3,2211,卖盘
2813,10:49:30,7.37,--,42,30954,卖盘
2814,10:49:27,7.37,--,1,737,卖盘
2815,10:49:24,7.37,--,10,7370,卖盘
2816,10:49:21,7.37,--,2,1474,卖盘
2817,10:49:15,7.37,--,2,1474,卖盘
2818,10:49:12,7.37,--,10,7370,卖盘
2819,10:49:09,7.37,--,273,201201,卖盘
2820,10:49:06,7.37,-0.01,27,19899,卖盘
2821,10:49:03,7.38,--,15,11070,买盘
2822,10:49:00,7.38,--,63,46494,买盘
2823,10:48:54,7.38,0.01,22,16236,买盘
2824,10:48:51,7.37,-0.01,41,30217,卖盘
2825,10:48:48,7.38,--,865,638370,卖盘
2826,10:48:45,7.38,--,14,10332,卖盘
2827,10:48:42,7.38,--,146,107748,卖盘
2828,10:48:39,7.38,--,5,3690,卖盘
2829,10:48:36,7.38,-0.01,30,22140,卖盘
2830,10:48:33,7.39,0.01,2,1478,买盘
2831,10:48:30,7.38,--,14,10332,卖盘
2832,10:48:27,7.38,--,2,1476,卖盘
2833,10:48:24,7.38,--,11,8118,卖盘
2834,10:48:21,7.38,--,116,85608,卖盘
2835,10:48:18,7.38,--,115,84870,买盘
2836,10:48:15,7.38,0.01,12,8856,买盘
2837,10:48:12,7.37,-0.01,39,28743,卖盘
2838,10:48:09,7.38,--,155,114390,买盘
2839,10:48:06,7.38,0.01,146,107748,买盘
2840,10:48:03,7.37,-0.01,11,8107,卖盘
2841,10:48:00,7.38,--,86,63468,买盘
2842,10:47:57,7.38,--,56,41328,买盘
2843,10:47:54,7.38,0.01,26,19188,买盘
2844,10:47:51,7.37,--,1,737,卖盘
2845,10:47:48,7.37,--,13,9581,卖盘
2846,10:47:45,7.37,-0.01,2,1474,卖盘
2847,10:47:42,7.38,--,180,132840,买盘
2848,10:47:39,7.38,--,1385,1022130,卖盘
2849,10:47:36,7.38,-0.01,8,5904,卖盘
2850,10:47:33,7.39,--,209,154451,卖盘
2851,10:47:30,7.39,--,2,1478,卖盘
2852,10:47:27,7.39,--,2,1478,卖盘
2853,10:47:24,7.39,-0.01,12,8868,卖盘
2854,10:47:21,7.4,--,67,49580,买盘
2855,10:47:18,7.4,0.01,38,28120,买盘
2856,10:47:15,7.39,--,3,2217,卖盘
2857,10:47:12,7.39,--,35,25865,卖盘
2858,10:47:06,7.39,--,1,739,卖盘
2859,10:47:03,7.39,-0.01,62,45818,卖盘
2860,10:47:00,7.4,0.01,63,46620,买盘
2861,10:46:51,7.39,--,6,4434,卖盘
2862,10:46:48,7.39,--,12,8868,卖盘
2863,10:46:45,7.39,-0.01,76,56164,中性盘
2864,10:46:42,7.4,--,99,73260,买盘
2865,10:46:39,7.4,0.01,64,47360,买盘
2866,10:46:36,7.39,--,21,15519,卖盘
2867,10:46:30,7.39,--,3,2217,卖盘
2868,10:46:27,7.39,--,1,739,卖盘
2869,10:46:24,7.39,--,40,29560,卖盘
2870,10:46:21,7.39,--,85,62815,卖盘
2871,10:46:15,7.39,--,10,7390,卖盘
2872,10:46:12,7.39,--,7,5173,卖盘
2873,10:46:09,7.39,0.01,25,18475,买盘
2874,10:46:06,7.38,-0.01,2,1476,卖盘
2875,10:46:03,7.39,--,20,14780,买盘
2876,10:46:00,7.39,--,3,2217,买盘
2877,10:45:57,7.39,0.01,49,36211,买盘
2878,10:45:51,7.38,--,1,738,卖盘
2879,10:45:48,7.38,--,12,8856,卖盘
2880,10:45:45,7.38,-0.01,3,2214,卖盘
2881,10:45:42,7.39,0.01,6,4434,中性盘
2882,10:45:36,7.38,--,3,2214,卖盘
2883,10:45:33,7.38,--,46,33948,卖盘
2884,10:45:30,7.38,-0.02,47,34686,卖盘
2885,10:45:27,7.4,--,1512,1119383,卖盘
2886,10:45:24,7.4,--,138,102120,卖盘
2887,10:45:21,7.4,--,103,76220,卖盘
2888,10:45:18,7.4,--,26,19240,卖盘
2889,10:45:15,7.4,--,65,48100,卖盘
2890,10:45:12,7.4,0.02,4158,3077156,买盘
2891,10:45:09,7.38,--,3,2214,卖盘
2892,10:45:06,7.38,--,58,42804,卖盘
2893,10:45:03,7.38,--,11,8118,卖盘
2894,10:45:00,7.38,--,1,738,卖盘
2895,10:44:57,7.38,--,293,216234,卖盘
2896,10:44:54,7.38,--,10,7380,卖盘
2897,10:44:51,7.38,--,594,438372,卖盘
2898,10:44:48,7.38,-0.01,17,12546,卖盘
2899,10:44:45,7.39,0.01,12,8868,买盘
2900,10:44:42,7.38,--,83,61254,卖盘
2901,10:44:39,7.38,--,3,2214,卖盘
2902,10:44:36,7.38,-0.01,2,1476,卖盘
2903,10:44:33,7.39,0.01,64,47296,买盘
2904,10:44:30,7.38,-0.01,27,19926,卖盘
2905,10:44:27,7.39,0.01,7,5173,买盘
2906,10:44:24,7.38,-0.01,13,9594,卖盘
2907,10:44:21,7.39,0.01,27,19953,买盘
2908,10:44:18,7.38,--,3,2214,卖盘
2909,10:44:15,7.38,--,4,2952,卖盘
2910,10:44:12,7.38,--,8,5904,卖盘
2911,10:44:09,7.38,--,109,80442,卖盘
2912,10:44:06,7.38,--,2,1476,卖盘
2913,10:44:03,7.38,--,16,11808,卖盘
2914,10:43:57,7.38,--,28,20664,卖盘
2915,10:43:54,7.38,--,488,360144,卖盘
2916,10:43:51,7.38,--,9,6642,卖盘
2917,10:43:48,7.38,--,13,9594,卖盘
2918,10:43:45,7.38,--,4,2952,卖盘
2919,10:43:42,7.38,--,86,63468,卖盘
2920,10:43:36,7.38,-0.01,20,14760,卖盘
2921,10:43:33,7.39,0.01,60,44340,买盘
2922,10:43:30,7.38,--,2,1476,卖盘
2923,10:43:27,7.38,--,1,738,卖盘
2924,10:43:24,7.38,--,54,39852,卖盘
2925,10:43:21,7.38,--,4,2952,卖盘
2926,10:43:18,7.38,--,5,3690,卖盘
2927,10:43:15,7.38,-0.01,10,7380,卖盘
2928,10:43:12,7.39,0.01,348,257172,买盘
2929,10:43:06,7.38,--,1,738,卖盘
2930,10:43:03,7.38,-0.01,12,8856,卖盘
2931,10:42:57,7.39,0.01,10,7390,买盘
2932,10:42:51,7.38,-0.01,5,3690,卖盘
2933,10:42:48,7.39,0.01,8,5912,买盘
2934,10:42:45,7.38,--,17,12546,卖盘
2935,10:42:42,7.38,--,83,61254,卖盘
2936,10:42:39,7.38,-0.01,24,17712,卖盘
2937,10:42:36,7.39,-0.01,447,330333,卖盘
2938,10:42:33,7.4,0.01,13,9620,买盘
2939,10:42:30,7.39,--,3,2217,卖盘
2940,10:42:27,7.39,--,4,2956,卖盘
2941,10:42:24,7.39,-0.01,13,9607,卖盘
2942,10:42:21,7.4,--,23,17020,买盘
2943,10:42:18,7.4,0.01,50,37000,买盘
2944,10:42:15,7.39,--,33,24387,卖盘
2945,10:42:12,7.39,-0.01,27,19953,卖盘
2946,10:42:09,7.4,0.01,62,45880,买盘
