,time,price,change,volume,amount,type
0,15:00:03,13.28,0.01,19866,26382592,买盘
1,14:57:00,13.27,--,72,95544,买盘
2,14:56:57,13.27,--,39,51753,买盘
3,14:56:54,13.27,--,117,155259,卖盘
4,14:56:51,13.27,--,214,283978,卖盘
5,14:56:48,13.27,--,41,54407,卖盘
6,14:56:45,13.27,-0.01,99,131373,卖盘
7,14:56:42,13.28,--,165,219120,买盘
8,14:56:39,13.28,0.01,102,135456,买盘
9,14:56:36,13.27,--,15,19905,卖盘
10,14:56:33,13.27,--,2,2654,卖盘
11,14:56:30,13.27,--,223,295921,买盘
12,14:56:27,13.27,0.01,426,565302,买盘
13,14:56:24,13.26,-0.01,788,1045948,卖盘
14,14:56:21,13.27,-0.01,174,232065,卖盘
15,14:56:18,13.28,--,878,1165984,买盘
16,14:56:15,13.28,0.01,118,156704,买盘
17,14:56:12,13.27,--,422,559994,卖盘
18,14:56:09,13.27,0.01,642,852093,买盘
19,14:56:06,13.26,--,39,51714,卖盘
20,14:56:03,13.26,-0.01,680,901680,卖盘
21,14:56:00,13.27,0.01,386,512222,买盘
22,14:55:57,13.26,--,241,319566,卖盘
23,14:55:54,13.26,--,354,469404,卖盘
24,14:55:51,13.26,--,64,84864,卖盘
25,14:55:48,13.26,-0.01,37,49062,卖盘
26,14:55:45,13.27,0.01,649,861223,买盘
27,14:55:42,13.26,-0.01,65,86190,卖盘
28,14:55:39,13.27,0.01,81,107487,买盘
29,14:55:36,13.26,--,109,144534,卖盘
30,14:55:33,13.26,--,353,468078,卖盘
31,14:55:30,13.26,--,3,3978,卖盘
32,14:55:27,13.26,--,5,6630,卖盘
33,14:55:24,13.26,-0.01,100,132600,卖盘
34,14:55:18,13.27,0.01,72,95544,买盘
35,14:55:15,13.26,--,167,222423,买盘
36,14:55:12,13.26,-0.01,286,379580,卖盘
37,14:55:09,13.27,0.01,110,145970,买盘
38,14:55:06,13.26,--,9,12915,买盘
39,14:55:03,13.26,--,130,172380,买盘
40,14:55:00,13.26,-0.01,971,1287890,卖盘
41,14:54:57,13.27,0.01,26,34502,买盘
42,14:54:54,13.26,--,320,424320,卖盘
43,14:54:51,13.26,--,10,13260,卖盘
44,14:54:48,13.26,--,88,117669,买盘
45,14:54:45,13.26,--,25,33150,买盘
46,14:54:42,13.26,--,26,34476,买盘
47,14:54:39,13.26,--,73,96798,买盘
48,14:54:36,13.26,0.01,134,177684,买盘
49,14:54:33,13.25,--,158,209350,卖盘
50,14:54:30,13.25,-0.01,570,755250,卖盘
51,14:54:27,13.26,--,276,365976,卖盘
52,14:54:24,13.26,-0.01,74,98124,卖盘
53,14:54:21,13.27,0.01,124,164548,买盘
54,14:54:18,13.26,-0.01,110,145860,卖盘
55,14:54:15,13.27,--,322,427294,买盘
56,14:54:12,13.27,--,84,111468,买盘
57,14:54:09,13.27,--,25,33175,买盘
58,14:54:03,13.27,0.01,870,1154755,买盘
59,14:54:00,13.26,-0.01,641,849966,卖盘
60,14:53:57,13.27,--,73,96871,买盘
61,14:53:54,13.27,--,157,208339,买盘
62,14:53:51,13.27,--,186,246822,卖盘
63,14:53:48,13.27,--,30,39810,买盘
64,14:53:45,13.27,--,60,79620,买盘
65,14:53:42,13.27,--,192,254784,卖盘
66,14:53:39,13.27,--,2,2654,卖盘
67,14:53:36,13.27,--,121,160567,买盘
68,14:53:33,13.27,--,160,212320,卖盘
69,14:53:30,13.27,--,35,46445,卖盘
70,14:53:27,13.27,--,494,655538,买盘
71,14:53:24,13.27,--,134,177818,买盘
72,14:53:21,13.27,0.01,29,38483,买盘
73,14:53:18,13.26,-0.01,68,90168,卖盘
74,14:53:15,13.27,--,793,1052311,卖盘
75,14:53:12,13.27,--,15,20966,买盘
76,14:53:09,13.27,--,16,21232,买盘
77,14:53:06,13.27,--,83,110406,卖盘
78,14:53:03,13.27,--,488,648637,买盘
79,14:53:00,13.27,--,556,737812,买盘
80,14:52:57,13.27,--,128,170121,卖盘
81,14:52:54,13.27,--,576,764352,卖盘
82,14:52:51,13.27,-0.01,95,126065,卖盘
83,14:52:48,13.28,0.01,30,39840,买盘
84,14:52:45,13.27,-0.01,241,319807,卖盘
85,14:52:42,13.28,0.01,7,9296,买盘
86,14:52:39,13.27,-0.01,5,6635,卖盘
87,14:52:36,13.28,0.01,7,9296,买盘
88,14:52:33,13.27,-0.01,33,43791,卖盘
89,14:52:30,13.28,0.01,352,467456,买盘
90,14:52:27,13.27,-0.01,15,19905,卖盘
91,14:52:24,13.28,0.01,124,164672,买盘
92,14:52:21,13.27,-0.01,1,1327,卖盘
93,14:52:18,13.28,--,151,200528,买盘
94,14:52:15,13.28,-0.01,122,162016,卖盘
95,14:52:12,13.29,0.01,101,134229,买盘
96,14:52:09,13.28,-0.01,51,67728,卖盘
97,14:52:06,13.29,--,3,3986,买盘
98,14:52:03,13.29,0.02,277,368133,买盘
99,14:52:00,13.27,-0.01,362,480374,卖盘
100,14:51:57,13.28,--,18,23904,买盘
101,14:51:54,13.28,--,133,176624,买盘
102,14:51:51,13.28,0.01,23,30544,买盘
103,14:51:48,13.27,-0.01,237,314499,卖盘
104,14:51:45,13.28,--,7,9296,买盘
105,14:51:42,13.28,--,74,98272,卖盘
106,14:51:39,13.28,--,42,55776,买盘
107,14:51:36,13.28,--,10,13280,卖盘
108,14:51:33,13.28,--,53,70384,卖盘
109,14:51:30,13.28,--,94,124832,卖盘
110,14:51:27,13.28,--,83,110224,卖盘
111,14:51:24,13.28,0.01,92,122176,中性盘
112,14:51:21,13.27,-0.01,141,187107,卖盘
113,14:51:18,13.28,--,365,484720,买盘
114,14:51:15,13.28,--,112,148736,买盘
115,14:51:12,13.28,0.01,5,6640,买盘
116,14:51:09,13.27,--,256,339712,卖盘
117,14:51:06,13.27,--,101,134027,卖盘
118,14:51:03,13.27,-0.01,58,76966,卖盘
119,14:51:00,13.28,--,84,111552,卖盘
120,14:50:57,13.28,--,29,38512,卖盘
121,14:50:54,13.28,0.01,578,767584,买盘
122,14:50:51,13.27,-0.01,20,26540,卖盘
123,14:50:45,13.28,0.01,3,3984,买盘
124,14:50:42,13.27,--,64,84928,卖盘
125,14:50:39,13.27,-0.01,52,69004,卖盘
126,14:50:36,13.28,0.01,6,7968,买盘
127,14:50:33,13.27,-0.01,192,254784,卖盘
128,14:50:30,13.28,0.01,223,296144,买盘
129,14:50:24,13.27,-0.01,40,53080,卖盘
130,14:50:21,13.28,--,31,41168,买盘
131,14:50:18,13.28,--,117,155376,买盘
132,14:50:12,13.28,--,39,51792,卖盘
133,14:50:09,13.28,0.01,101,134128,卖盘
134,14:50:06,13.27,-0.02,77,102179,卖盘
135,14:50:03,13.29,0.02,531,705699,买盘
136,14:50:00,13.27,-0.01,376,498952,卖盘
137,14:49:57,13.28,-0.01,60,79680,中性盘
138,14:49:54,13.29,0.01,25,34314,买盘
139,14:49:51,13.28,--,45,59999,买盘
140,14:49:48,13.28,-0.01,236,314496,卖盘
141,14:49:45,13.29,0.01,34,45186,买盘
142,14:49:42,13.28,--,45,59760,卖盘
143,14:49:39,13.28,--,4,5312,卖盘
144,14:49:36,13.28,-0.01,898,1192544,卖盘
145,14:49:33,13.29,--,15,19935,买盘
146,14:49:30,13.29,0.01,100,132900,买盘
147,14:49:27,13.28,-0.01,368,488704,卖盘
148,14:49:24,13.29,--,5,6645,买盘
149,14:49:21,13.29,--,55,73095,买盘
150,14:49:18,13.29,0.01,14,18606,买盘
151,14:49:15,13.28,-0.01,3,3984,卖盘
152,14:49:12,13.29,0.01,20,26580,买盘
153,14:49:09,13.28,-0.01,106,140768,卖盘
154,14:49:06,13.29,0.01,133,176996,买盘
155,14:49:03,13.28,-0.01,137,181936,卖盘
156,14:49:00,13.29,--,215,285735,买盘
157,14:48:57,13.29,--,73,97017,买盘
158,14:48:51,13.29,--,36,47844,买盘
159,14:48:48,13.29,--,89,118280,买盘
160,14:48:45,13.29,--,14,18606,买盘
161,14:48:42,13.29,0.01,111,148103,买盘
162,14:48:39,13.28,-0.01,72,95616,卖盘
163,14:48:36,13.29,0.01,868,1153572,买盘
164,14:48:33,13.28,--,101,134128,卖盘
165,14:48:30,13.28,--,240,318720,卖盘
166,14:48:27,13.28,-0.01,200,265600,卖盘
167,14:48:21,13.29,--,111,147519,买盘
168,14:48:18,13.29,--,106,140874,买盘
169,14:48:15,13.29,--,340,451860,买盘
170,14:48:12,13.29,--,1,1329,买盘
171,14:48:09,13.29,--,1,1329,买盘
172,14:48:06,13.29,--,138,183402,买盘
173,14:48:03,13.29,-0.01,444,590076,卖盘
174,14:48:00,13.3,0.01,19,25270,买盘
175,14:47:57,13.29,--,191,253838,卖盘
176,14:47:54,13.29,--,213,283077,卖盘
177,14:47:51,13.29,--,40,53160,卖盘
178,14:47:48,13.29,-0.01,15,19935,卖盘
179,14:47:45,13.3,--,54,71820,买盘
180,14:47:42,13.3,--,68,90440,买盘
181,14:47:39,13.3,--,52,69160,买盘
182,14:47:36,13.3,--,80,106400,买盘
183,14:47:33,13.3,0.01,59,78470,买盘
184,14:47:30,13.29,-0.01,30,39870,卖盘
185,14:47:27,13.3,--,384,510720,买盘
186,14:47:24,13.3,--,148,196840,买盘
187,14:47:21,13.3,--,306,406980,买盘
188,14:47:18,13.3,--,149,198170,买盘
189,14:47:15,13.3,--,10,13300,买盘
190,14:47:12,13.3,--,10,13300,买盘
191,14:47:09,13.3,--,39,51870,买盘
192,14:47:06,13.3,0.01,40,53200,买盘
193,14:47:03,13.29,-0.01,121,160809,卖盘
194,14:47:00,13.3,--,166,220780,卖盘
195,14:46:57,13.3,--,28,37240,卖盘
196,14:46:54,13.3,--,1040,1383200,卖盘
197,14:46:51,13.3,--,200,266000,卖盘
198,14:46:48,13.3,--,50,66500,卖盘
199,14:46:45,13.3,--,62,82460,卖盘
200,14:46:42,13.3,-0.01,2,2660,卖盘
201,14:46:39,13.31,--,211,280841,买盘
202,14:46:36,13.31,0.01,570,758670,买盘
203,14:46:33,13.3,--,81,107730,卖盘
204,14:46:30,13.3,--,139,184870,卖盘
205,14:46:27,13.3,--,37,49210,卖盘
206,14:46:24,13.3,--,67,89110,卖盘
207,14:46:18,13.3,-0.01,36,47880,卖盘
208,14:46:15,13.31,0.01,98,130438,买盘
209,14:46:12,13.3,--,24,31920,卖盘
210,14:46:09,13.3,--,66,87780,卖盘
211,14:46:06,13.3,--,12,15960,买盘
212,14:46:03,13.3,0.01,1911,2541630,买盘
213,14:46:00,13.29,--,11,14618,卖盘
214,14:45:57,13.29,--,157,208653,卖盘
215,14:45:54,13.29,-0.01,305,405345,卖盘
216,14:45:51,13.3,--,303,402990,买盘
217,14:45:48,13.3,--,27,35910,买盘
218,14:45:42,13.3,--,537,714210,买盘
219,14:45:39,13.3,--,200,266000,买盘
220,14:45:36,13.3,--,11,14630,买盘
221,14:45:33,13.3,--,44,58520,买盘
222,14:45:30,13.3,--,12,15960,买盘
223,14:45:27,13.3,-0.01,10,13300,中性盘
224,14:45:21,13.31,--,39,51909,买盘
225,14:45:18,13.31,--,179,238249,买盘
226,14:45:15,13.31,--,70,93170,买盘
227,14:45:12,13.31,0.01,217,288827,买盘
228,14:45:09,13.3,--,427,567910,卖盘
229,14:45:06,13.3,-0.01,118,156940,卖盘
230,14:45:03,13.31,--,97,129107,买盘
231,14:45:00,13.31,--,48,63888,买盘
232,14:44:57,13.31,--,93,123783,买盘
233,14:44:54,13.31,0.01,1,1331,买盘
234,14:44:51,13.3,--,191,254030,卖盘
235,14:44:48,13.3,--,64,85120,卖盘
236,14:44:45,13.3,--,51,67830,卖盘
237,14:44:42,13.3,--,94,125020,卖盘
238,14:44:39,13.3,--,219,291270,卖盘
239,14:44:36,13.3,--,60,79800,卖盘
240,14:44:33,13.3,--,176,234080,卖盘
241,14:44:30,13.3,-0.01,35,46550,卖盘
242,14:44:27,13.31,0.01,124,165044,买盘
243,14:44:24,13.3,-0.01,36,47880,卖盘
244,14:44:21,13.31,0.01,191,254221,买盘
245,14:44:18,13.3,-0.01,65,86450,卖盘
246,14:44:15,13.31,--,17,22627,买盘
247,14:44:12,13.31,--,364,484856,卖盘
248,14:44:09,13.31,--,69,91839,卖盘
249,14:44:06,13.31,--,12,15972,卖盘
250,14:44:03,13.31,--,50,66550,卖盘
251,14:44:00,13.31,--,147,196615,买盘
252,14:43:57,13.31,--,116,154396,买盘
253,14:43:54,13.31,0.01,731,972961,买盘
254,14:43:51,13.3,-0.01,236,313880,卖盘
255,14:43:48,13.31,0.01,202,268862,买盘
256,14:43:45,13.3,-0.01,50,66500,卖盘
257,14:43:42,13.31,--,9,11979,买盘
258,14:43:39,13.31,-0.01,953,1268815,卖盘
259,14:43:36,13.32,0.01,97,129204,买盘
260,14:43:33,13.31,--,146,194326,卖盘
261,14:43:30,13.31,--,195,259545,卖盘
262,14:43:27,13.31,--,56,74536,卖盘
263,14:43:24,13.31,--,90,120056,卖盘
264,14:43:21,13.31,--,1064,1416876,买盘
265,14:43:18,13.31,--,188,250228,买盘
266,14:43:15,13.31,0.01,1102,1466762,买盘
267,14:43:12,13.3,--,658,875140,卖盘
268,14:43:09,13.3,-0.01,73,97090,卖盘
269,14:43:06,13.31,--,205,272855,买盘
270,14:43:03,13.31,--,90,119790,买盘
271,14:43:00,13.31,--,183,243573,买盘
272,14:42:57,13.31,0.01,370,492470,买盘
273,14:42:54,13.3,--,59,78470,卖盘
274,14:42:51,13.3,-0.01,181,240730,卖盘
275,14:42:48,13.31,0.01,236,314116,买盘
276,14:42:45,13.3,-0.01,2,2660,卖盘
277,14:42:42,13.31,0.01,161,214291,买盘
278,14:42:39,13.3,--,142,188860,卖盘
279,14:42:36,13.3,--,34,45220,卖盘
280,14:42:33,13.3,--,36,47880,卖盘
281,14:42:30,13.3,--,26,34580,卖盘
282,14:42:27,13.3,--,80,106666,买盘
283,14:42:24,13.3,0.02,23,30590,买盘
284,14:42:21,13.28,-0.02,186,247008,卖盘
285,14:42:18,13.3,--,12,15960,买盘
286,14:42:15,13.3,0.01,10084,13411720,买盘
287,14:42:12,13.29,0.01,5,6645,买盘
288,14:42:09,13.28,--,1,1328,卖盘
289,14:42:06,13.28,--,31,41911,买盘
290,14:42:03,13.28,--,144,191232,买盘
291,14:42:00,13.28,--,363,482648,卖盘
292,14:41:57,13.28,-0.01,147,195216,卖盘
293,14:41:54,13.29,0.01,19,25251,买盘
294,14:41:51,13.28,-0.01,134,177952,卖盘
295,14:41:48,13.29,--,120,159480,买盘
296,14:41:45,13.29,--,436,579444,买盘
297,14:41:39,13.29,--,643,854547,买盘
298,14:41:36,13.29,0.01,15,19935,买盘
299,14:41:33,13.28,--,82,108896,卖盘
300,14:41:30,13.28,--,360,478080,卖盘
301,14:41:27,13.28,--,77,102999,卖盘
302,14:41:24,13.28,-0.01,23,30544,卖盘
303,14:41:21,13.29,0.01,8,10632,买盘
304,14:41:18,13.28,-0.01,36,47808,卖盘
305,14:41:15,13.29,0.01,11,14618,买盘
306,14:41:12,13.28,--,51,67728,卖盘
307,14:41:09,13.28,--,20,26560,卖盘
308,14:41:06,13.28,--,70,92960,卖盘
309,14:41:03,13.28,--,756,1003968,买盘
310,14:41:00,13.28,--,16,21248,买盘
311,14:40:54,13.28,--,9,11952,买盘
312,14:40:51,13.28,0.01,21,27888,买盘
313,14:40:48,13.27,-0.01,311,412697,卖盘
314,14:40:45,13.28,--,129,171312,卖盘
315,14:40:42,13.28,-0.01,67,88976,卖盘
316,14:40:39,13.29,0.01,432,574128,买盘
317,14:40:36,13.28,-0.01,47,62416,卖盘
318,14:40:33,13.29,0.01,70,93030,买盘
319,14:40:27,13.28,-0.01,5,6640,卖盘
320,14:40:24,13.29,0.01,77,102333,买盘
321,14:40:21,13.28,--,59,78352,卖盘
322,14:40:18,13.28,-0.01,20,26560,卖盘
323,14:40:15,13.29,0.01,1,1329,买盘
324,14:40:12,13.28,-0.01,15,19920,卖盘
325,14:40:09,13.29,0.01,163,216627,买盘
326,14:40:06,13.28,--,1,1328,买盘
327,14:40:00,13.28,-0.01,502,666656,卖盘
328,14:39:57,13.29,0.01,723,960866,买盘
329,14:39:54,13.28,--,96,127488,卖盘
330,14:39:51,13.28,--,13,17264,卖盘
331,14:39:48,13.28,-0.01,16,21248,卖盘
332,14:39:45,13.29,--,47,62462,买盘
333,14:39:42,13.29,0.01,90,119609,买盘
334,14:39:39,13.28,--,103,136784,卖盘
335,14:39:36,13.28,-0.01,50,66400,卖盘
336,14:39:33,13.29,0.01,50,66450,买盘
337,14:39:30,13.28,-0.01,478,634784,卖盘
338,14:39:27,13.29,0.01,51,67779,买盘
339,14:39:24,13.28,--,63,83664,卖盘
340,14:39:21,13.28,--,36,47808,卖盘
341,14:39:18,13.28,-0.01,20,26560,卖盘
342,14:39:15,13.29,--,2,2658,买盘
343,14:39:12,13.29,0.01,416,552864,买盘
344,14:39:09,13.28,-0.01,18,23904,卖盘
345,14:39:06,13.29,--,75,99675,买盘
346,14:39:03,13.29,0.01,11,14618,买盘
347,14:39:00,13.28,-0.01,270,358560,卖盘
348,14:38:57,13.29,--,171,227258,买盘
349,14:38:54,13.29,--,321,426609,买盘
350,14:38:51,13.29,0.01,69,91701,买盘
351,14:38:48,13.28,--,1,1328,卖盘
352,14:38:45,13.28,-0.01,152,201856,卖盘
353,14:38:42,13.29,0.01,50,66450,买盘
354,14:38:39,13.28,-0.01,128,169984,卖盘
355,14:38:36,13.29,--,1,1329,买盘
356,14:38:33,13.29,--,132,175428,卖盘
357,14:38:30,13.29,-0.01,11,14618,卖盘
358,14:38:27,13.3,0.01,101,134330,买盘
359,14:38:24,13.29,-0.01,11,14618,卖盘
360,14:38:21,13.3,0.02,55,73150,买盘
361,14:38:18,13.28,-0.01,16,21248,卖盘
362,14:38:15,13.29,--,51,67779,买盘
363,14:38:12,13.29,--,35,46515,买盘
364,14:38:09,13.29,-0.01,42,56881,卖盘
365,14:38:06,13.3,--,1142,1519126,买盘
366,14:38:03,13.3,0.01,61,81130,买盘
367,14:38:00,13.29,--,69,91701,卖盘
368,14:37:57,13.29,-0.01,210,279090,卖盘
369,14:37:54,13.3,0.01,123,163590,买盘
370,14:37:51,13.29,--,21,27909,卖盘
371,14:37:48,13.29,--,9,11961,卖盘
372,14:37:45,13.29,-0.01,589,782781,卖盘
373,14:37:42,13.3,--,122,162260,买盘
374,14:37:39,13.3,--,92,122360,买盘
375,14:37:36,13.3,0.01,3,3990,买盘
376,14:37:33,13.29,-0.01,6,7973,卖盘
377,14:37:30,13.3,--,57,75810,买盘
378,14:37:27,13.3,0.01,99,131670,买盘
379,14:37:24,13.29,-0.01,306,406674,卖盘
380,14:37:21,13.3,0.01,93,123690,买盘
381,14:37:18,13.29,-0.01,60,79740,卖盘
382,14:37:15,13.3,0.01,26,34580,买盘
383,14:37:12,13.29,--,74,98346,卖盘
384,14:37:09,13.29,--,363,482426,卖盘
385,14:37:06,13.29,-0.01,63,83727,卖盘
386,14:37:03,13.3,0.01,31,41230,买盘
387,14:37:00,13.29,-0.01,51,67779,卖盘
388,14:36:57,13.3,--,60,79800,买盘
389,14:36:54,13.3,--,121,160930,买盘
390,14:36:51,13.3,--,51,67830,买盘
391,14:36:48,13.3,0.01,160,212800,买盘
392,14:36:45,13.29,-0.01,56,74424,卖盘
393,14:36:42,13.3,0.01,9,11970,买盘
394,14:36:39,13.29,-0.01,51,67779,卖盘
395,14:36:36,13.3,0.01,11,14630,买盘
396,14:36:33,13.29,-0.01,6,7973,卖盘
397,14:36:30,13.3,--,59,78470,买盘
398,14:36:27,13.3,--,5,6650,买盘
399,14:36:24,13.3,0.01,29,38570,买盘
400,14:36:21,13.29,-0.01,7,9303,卖盘
401,14:36:18,13.3,--,6,7980,买盘
402,14:36:15,13.3,--,91,121030,买盘
403,14:36:12,13.3,--,14,18620,买盘
404,14:36:09,13.3,0.01,84,111720,买盘
405,14:36:06,13.29,--,300,398700,买盘
406,14:36:03,13.29,--,9,11961,买盘
407,14:35:57,13.29,--,15,19935,买盘
408,14:35:54,13.29,--,67,89043,卖盘
409,14:35:51,13.29,-0.01,50,66450,中性盘
410,14:35:48,13.3,0.02,162,215460,买盘
411,14:35:45,13.28,-0.01,336,446208,卖盘
412,14:35:42,13.29,--,83,110307,买盘
413,14:35:39,13.29,-0.01,90,119609,卖盘
414,14:35:36,13.3,0.02,108,143640,买盘
415,14:35:33,13.28,-0.01,1,1328,卖盘
416,14:35:30,13.29,--,96,127583,买盘
417,14:35:27,13.29,--,40,53160,买盘
418,14:35:24,13.29,--,10,13290,买盘
419,14:35:21,13.29,--,140,186060,买盘
420,14:35:15,13.29,--,9,11961,买盘
421,14:35:12,13.29,--,38,50502,买盘
422,14:35:09,13.29,--,199,264471,卖盘
423,14:35:06,13.29,--,17,22593,买盘
424,14:35:03,13.29,0.01,5,6645,买盘
425,14:35:00,13.28,-0.02,160,212480,卖盘
426,14:34:57,13.3,--,1,1330,买盘
427,14:34:54,13.3,--,5,6650,买盘
428,14:34:51,13.3,0.01,118,156940,买盘
429,14:34:48,13.29,--,19,25251,买盘
430,14:34:45,13.29,--,222,295038,卖盘
431,14:34:42,13.29,--,102,135558,卖盘
432,14:34:39,13.29,-0.01,102,135558,卖盘
433,14:34:36,13.3,--,6,7980,买盘
434,14:34:33,13.3,0.01,45,59850,买盘
435,14:34:30,13.29,-0.01,1,1329,卖盘
436,14:34:27,13.3,--,1,1330,买盘
437,14:34:24,13.3,--,75,99750,买盘
438,14:34:21,13.3,--,41,54530,买盘
439,14:34:18,13.3,--,58,77140,买盘
440,14:34:15,13.3,--,1,1330,买盘
441,14:34:12,13.3,--,62,82460,买盘
442,14:34:09,13.3,--,2,2660,买盘
443,14:34:06,13.3,0.01,348,462840,买盘
444,14:34:03,13.29,--,24,31895,卖盘
445,14:34:00,13.29,-0.01,151,200679,卖盘
446,14:33:57,13.3,0.01,86,114380,买盘
447,14:33:54,13.29,--,52,69108,卖盘
448,14:33:51,13.29,--,104,138216,卖盘
449,14:33:48,13.29,--,11,14618,卖盘
450,14:33:45,13.29,--,44,58475,卖盘
451,14:33:39,13.29,-0.01,96,127583,卖盘
452,14:33:36,13.3,0.01,5,6650,买盘
453,14:33:33,13.29,--,2,2658,卖盘
454,14:33:30,13.29,-0.01,5,6645,卖盘
455,14:33:27,13.3,0.01,24,31920,买盘
456,14:33:24,13.29,-0.01,33,43857,卖盘
457,14:33:21,13.3,0.01,11,14630,买盘
458,14:33:18,13.29,--,8,10632,卖盘
459,14:33:15,13.29,--,5,6645,卖盘
460,14:33:12,13.29,-0.01,9,11961,卖盘
461,14:33:09,13.3,--,21,27930,买盘
462,14:33:06,13.3,--,45,59850,买盘
463,14:33:03,13.3,--,30,39900,买盘
464,14:33:00,13.3,0.01,11,14630,买盘
465,14:32:57,13.29,-0.01,43,57146,卖盘
466,14:32:54,13.3,--,71,94430,买盘
467,14:32:51,13.3,--,118,156940,买盘
468,14:32:48,13.3,--,30,39900,买盘
469,14:32:45,13.3,0.01,106,140980,买盘
470,14:32:42,13.29,-0.01,35,46515,卖盘
471,14:32:39,13.3,0.01,4,5320,买盘
472,14:32:36,13.29,--,66,87714,卖盘
473,14:32:33,13.29,--,1291,1715739,卖盘
474,14:32:30,13.29,-0.01,1,1329,卖盘
475,14:32:27,13.3,0.01,35,46550,买盘
476,14:32:24,13.29,--,67,89043,卖盘
477,14:32:21,13.29,--,46,61133,卖盘
478,14:32:18,13.29,--,139,184731,买盘
479,14:32:15,13.29,--,2,2658,买盘
480,14:32:12,13.29,--,10,13290,买盘
481,14:32:09,13.29,--,3,3986,买盘
482,14:32:06,13.29,0.01,52,69108,买盘
483,14:32:03,13.28,-0.01,53,70384,卖盘
484,14:32:00,13.29,--,84,111636,买盘
485,14:31:57,13.29,--,295,392055,买盘
486,14:31:54,13.29,--,31,41199,买盘
487,14:31:51,13.29,-0.01,73,97017,卖盘
488,14:31:48,13.3,0.01,26,34580,买盘
489,14:31:45,13.29,--,82,108978,卖盘
490,14:31:42,13.29,--,325,431925,卖盘
491,14:31:39,13.29,-0.01,26,34554,卖盘
492,14:31:36,13.3,0.01,142,188860,买盘
493,14:31:33,13.29,--,104,138216,卖盘
494,14:31:30,13.29,--,10,13290,卖盘
495,14:31:27,13.29,--,1,1329,卖盘
496,14:31:24,13.29,--,3,3986,卖盘
497,14:31:21,13.29,-0.01,2,2658,卖盘
498,14:31:18,13.3,--,97,129010,买盘
499,14:31:15,13.3,--,34,45220,买盘
500,14:31:12,13.3,0.01,22,29260,买盘
501,14:31:09,13.29,-0.01,11,14618,卖盘
502,14:31:06,13.3,--,117,155610,买盘
503,14:31:03,13.3,--,84,111720,买盘
504,14:30:57,13.3,--,10,13300,买盘
505,14:30:54,13.3,--,74,98420,买盘
506,14:30:51,13.3,--,67,89110,买盘
507,14:30:48,13.3,--,15,19950,买盘
508,14:30:45,13.3,--,536,712880,买盘
509,14:30:42,13.3,--,18,23940,买盘
510,14:30:39,13.3,--,73,97090,买盘
511,14:30:36,13.3,--,236,313880,买盘
512,14:30:33,13.3,--,3,3990,买盘
513,14:30:30,13.3,--,137,182210,买盘
514,14:30:27,13.3,--,223,296590,卖盘
515,14:30:24,13.3,-0.01,110,146300,卖盘
516,14:30:21,13.31,0.01,1034,1376254,买盘
517,14:30:18,13.3,--,12,15960,卖盘
518,14:30:15,13.3,--,127,168910,卖盘
519,14:30:12,13.3,-0.01,62,82460,卖盘
520,14:30:09,13.31,--,222,295482,买盘
521,14:30:06,13.31,0.01,208,276848,买盘
522,14:30:03,13.3,-0.01,23,30590,卖盘
523,14:30:00,13.31,--,21,27951,买盘
524,14:29:57,13.31,0.01,11,14641,买盘
525,14:29:54,13.3,--,25,33250,卖盘
526,14:29:48,13.3,--,182,242060,卖盘
527,14:29:45,13.3,-0.01,8,10640,卖盘
528,14:29:42,13.31,0.01,33,43923,买盘
529,14:29:39,13.3,0.01,161,214130,买盘
530,14:29:36,13.29,-0.01,53,70437,卖盘
531,14:29:33,13.3,0.01,117,155610,买盘
532,14:29:30,13.29,-0.02,2,2658,卖盘
533,14:29:27,13.31,0.01,178,236918,买盘
534,14:29:24,13.3,0.01,12,15960,买盘
535,14:29:21,13.29,--,41,54489,卖盘
536,14:29:18,13.29,-0.01,53,70437,卖盘
537,14:29:15,13.3,--,38,50540,买盘
538,14:29:12,13.3,--,229,304570,买盘
539,14:29:09,13.3,--,23,30590,买盘
540,14:29:06,13.3,0.01,302,401660,买盘
541,14:29:03,13.29,-0.02,3,3986,卖盘
542,14:29:00,13.31,--,1,1331,买盘
543,14:28:57,13.31,0.01,264,351384,买盘
544,14:28:54,13.3,--,288,383040,卖盘
545,14:28:51,13.3,--,27,35910,卖盘
546,14:28:48,13.3,--,323,429590,卖盘
547,14:28:45,13.3,--,135,179550,卖盘
548,14:28:42,13.3,--,15,19950,卖盘
549,14:28:39,13.3,--,276,367080,卖盘
550,14:28:36,13.3,-0.01,96,127680,卖盘
551,14:28:33,13.31,0.01,91,121121,买盘
552,14:28:30,13.3,--,36,47880,卖盘
553,14:28:27,13.3,--,7,9310,卖盘
554,14:28:24,13.3,-0.01,4,5320,卖盘
555,14:28:21,13.31,--,273,363363,买盘
556,14:28:18,13.31,--,26,34606,买盘
557,14:28:15,13.31,--,60,79860,买盘
558,14:28:12,13.31,--,919,1223189,买盘
559,14:28:09,13.31,--,5,6655,买盘
560,14:28:06,13.31,0.01,214,284834,买盘
561,14:28:03,13.3,-0.01,141,187530,卖盘
562,14:28:00,13.31,0.01,30,39930,买盘
563,14:27:57,13.3,--,546,726180,买盘
564,14:27:54,13.3,--,118,156940,买盘
565,14:27:51,13.3,--,111,147630,买盘
566,14:27:48,13.3,--,87,115710,买盘
567,14:27:45,13.3,-0.01,270,359100,卖盘
568,14:27:42,13.31,0.01,137,182347,买盘
569,14:27:39,13.3,-0.01,53,70490,卖盘
570,14:27:36,13.31,0.01,1,1331,买盘
571,14:27:33,13.3,--,6,7980,卖盘
572,14:27:30,13.3,0.01,129,171570,中性盘
573,14:27:27,13.29,-0.01,155,205995,卖盘
574,14:27:24,13.3,--,358,476140,买盘
575,14:27:21,13.3,--,606,805980,买盘
576,14:27:18,13.3,0.01,859,1142470,买盘
577,14:27:15,13.29,--,28,37212,卖盘
578,14:27:12,13.29,-0.01,651,865179,卖盘
579,14:27:09,13.3,--,11,14630,买盘
580,14:27:06,13.3,0.01,1193,1586690,买盘
581,14:27:03,13.29,--,26,34554,卖盘
582,14:27:00,13.29,-0.01,51,67779,卖盘
583,14:26:57,13.3,--,74,98420,买盘
584,14:26:54,13.3,0.01,2,2660,买盘
585,14:26:51,13.29,-0.01,49,65120,卖盘
586,14:26:48,13.3,0.01,2,2660,买盘
587,14:26:45,13.29,--,12,15947,卖盘
588,14:26:42,13.29,--,81,107649,卖盘
589,14:26:39,13.29,0.01,426,566154,买盘
590,14:26:36,13.28,-0.01,4,5312,卖盘
591,14:26:33,13.29,0.01,20,26580,买盘
592,14:26:30,13.28,-0.01,107,142096,卖盘
593,14:26:24,13.29,0.01,56,74424,买盘
594,14:26:21,13.28,-0.01,42,55776,卖盘
595,14:26:18,13.29,--,19,25251,买盘
596,14:26:15,13.29,--,15,19935,买盘
597,14:26:12,13.29,--,5,6645,买盘
598,14:26:09,13.29,--,64,85056,买盘
599,14:26:06,13.29,--,48,63791,买盘
600,14:26:03,13.29,--,38,50502,买盘
601,14:26:00,13.29,--,23,30566,买盘
602,14:25:57,13.29,--,65,86385,买盘
603,14:25:54,13.29,0.01,46,61133,买盘
604,14:25:51,13.28,-0.01,35,46480,卖盘
605,14:25:48,13.29,0.01,83,110307,买盘
606,14:25:45,13.28,-0.01,53,70384,卖盘
607,14:25:42,13.29,0.01,36,47844,买盘
608,14:25:39,13.28,-0.01,24,31872,卖盘
609,14:25:36,13.29,0.02,38,50502,买盘
610,14:25:33,13.27,-0.01,98,130046,卖盘
611,14:25:30,13.28,-0.01,5,6640,卖盘
612,14:25:27,13.29,0.01,140,186060,买盘
613,14:25:24,13.28,--,5,6640,卖盘
614,14:25:18,13.28,-0.01,21,27888,卖盘
615,14:25:15,13.29,--,221,293709,买盘
616,14:25:12,13.29,0.01,9,11961,买盘
617,14:25:09,13.28,--,81,108630,买盘
618,14:25:06,13.28,--,16,21248,买盘
619,14:25:03,13.28,--,30,39840,买盘
620,14:25:00,13.28,--,28,37449,卖盘
621,14:24:57,13.28,--,56,74368,卖盘
622,14:24:54,13.28,0.01,217,289238,买盘
623,14:24:51,13.27,-0.01,116,153932,卖盘
624,14:24:48,13.28,0.01,23,30544,买盘
625,14:24:45,13.27,--,308,408716,卖盘
626,14:24:42,13.27,--,72,95544,卖盘
627,14:24:39,13.27,-0.01,265,351655,卖盘
628,14:24:36,13.28,--,26,34528,买盘
629,14:24:33,13.28,0.01,238,316064,买盘
630,14:24:30,13.27,-0.01,521,691367,卖盘
631,14:24:27,13.28,0.01,2,2656,买盘
632,14:24:24,13.27,-0.01,51,67677,卖盘
633,14:24:21,13.28,--,32,42761,卖盘
634,14:24:18,13.28,--,4,6374,买盘
635,14:24:15,13.28,--,82,108896,买盘
636,14:24:12,13.28,0.01,2,2656,买盘
637,14:24:09,13.27,-0.01,92,122084,卖盘
638,14:24:06,13.28,--,5,6640,买盘
639,14:24:03,13.28,0.01,55,73040,买盘
640,14:24:00,13.27,-0.01,323,428886,卖盘
641,14:23:57,13.28,--,26,34528,卖盘
642,14:23:54,13.28,--,66,87648,卖盘
643,14:23:51,13.28,--,516,685248,卖盘
644,14:23:48,13.28,--,295,391760,卖盘
645,14:23:45,13.28,--,17,22576,卖盘
646,14:23:42,13.28,--,23,30544,卖盘
647,14:23:39,13.28,--,34,45152,卖盘
648,14:23:36,13.28,--,27,35856,卖盘
649,14:23:33,13.28,-0.01,87,115536,卖盘
650,14:23:30,13.29,0.01,137,182073,买盘
651,14:23:27,13.28,--,218,289504,卖盘
652,14:23:24,13.28,-0.01,10,13280,卖盘
653,14:23:21,13.29,--,189,251180,买盘
654,14:23:18,13.29,--,11,14618,买盘
655,14:23:15,13.29,0.01,123,163467,买盘
656,14:23:12,13.28,--,121,160688,卖盘
657,14:23:09,13.28,-0.01,52,69056,卖盘
658,14:23:06,13.29,--,1,1329,买盘
659,14:23:03,13.29,--,28,37212,买盘
660,14:23:00,13.29,0.01,16,21264,买盘
661,14:22:57,13.28,-0.01,13,17264,卖盘
662,14:22:54,13.29,0.01,16,21264,买盘
663,14:22:51,13.28,--,150,199200,卖盘
664,14:22:48,13.28,-0.01,65,86320,卖盘
665,14:22:45,13.29,--,1,1329,买盘
666,14:22:39,13.29,--,39,51831,买盘
667,14:22:36,13.29,--,21,27909,买盘
668,14:22:33,13.29,0.01,2,2658,买盘
669,14:22:30,13.28,-0.01,95,126160,卖盘
670,14:22:27,13.29,--,12,15947,买盘
671,14:22:21,13.29,--,55,73095,买盘
672,14:22:18,13.29,--,17,22593,买盘
673,14:22:15,13.29,--,2,2658,买盘
674,14:22:12,13.29,--,187,248522,卖盘
675,14:22:09,13.29,--,30,39870,卖盘
676,14:22:06,13.29,--,443,588747,卖盘
677,14:22:03,13.29,-0.01,7,9303,卖盘
678,14:22:00,13.3,0.01,9,11970,买盘
679,14:21:57,13.29,--,25,33225,卖盘
680,14:21:54,13.29,-0.01,9,11961,卖盘
681,14:21:51,13.3,0.01,2,2660,买盘
682,14:21:48,13.29,--,27,35883,卖盘
683,14:21:45,13.29,--,57,75753,买盘
684,14:21:42,13.29,--,3,3986,买盘
685,14:21:39,13.29,0.01,200,265800,买盘
686,14:21:36,13.28,-0.01,28,37184,卖盘
687,14:21:33,13.29,--,153,203337,卖盘
688,14:21:30,13.29,0.01,187,249586,买盘
689,14:21:27,13.28,-0.01,92,122176,卖盘
690,14:21:24,13.29,0.01,46,61133,买盘
691,14:21:21,13.28,-0.01,107,142096,卖盘
692,14:21:18,13.29,--,101,134229,买盘
693,14:21:15,13.29,--,9,11961,买盘
694,14:21:12,13.29,0.01,33,43857,买盘
695,14:21:09,13.28,-0.01,2,2656,卖盘
696,14:21:06,13.29,--,20,26580,买盘
697,14:21:03,13.29,--,2,2658,买盘
698,14:21:00,13.29,-0.01,91,121204,卖盘
699,14:20:57,13.3,--,92,122360,买盘
700,14:20:54,13.3,--,56,74480,买盘
701,14:20:51,13.3,0.01,55,73150,买盘
702,14:20:48,13.29,--,12,15947,卖盘
703,14:20:45,13.29,-0.01,90,119609,卖盘
704,14:20:42,13.3,--,1097,1459010,买盘
705,14:20:39,13.3,--,113,150290,买盘
706,14:20:36,13.3,0.01,22,29260,买盘
707,14:20:33,13.29,-0.01,162,215298,卖盘
708,14:20:30,13.3,--,37,49210,买盘
709,14:20:27,13.3,0.01,61,81130,买盘
710,14:20:24,13.29,-0.01,86,114293,卖盘
711,14:20:21,13.3,--,3,3990,买盘
712,14:20:18,13.3,--,13,17290,买盘
713,14:20:15,13.3,--,10,13300,买盘
714,14:20:12,13.3,--,118,156940,买盘
715,14:20:09,13.3,--,1,1330,买盘
716,14:20:06,13.3,--,3,3990,买盘
717,14:20:03,13.3,--,105,139650,买盘
718,14:20:00,13.3,--,18,23940,买盘
719,14:19:57,13.3,--,22,29260,买盘
720,14:19:54,13.3,--,2,2660,买盘
721,14:19:51,13.3,--,55,73150,买盘
722,14:19:48,13.3,0.01,202,268660,买盘
723,14:19:45,13.29,-0.01,77,102333,卖盘
724,14:19:42,13.3,0.01,39,51870,中性盘
725,14:19:39,13.29,--,128,170112,卖盘
726,14:19:36,13.29,--,5,6645,卖盘
727,14:19:33,13.29,-0.01,240,318960,卖盘
728,14:19:30,13.3,0.01,3352,4459224,买盘
729,14:19:27,13.29,0.01,1126,1496454,买盘
730,14:19:21,13.28,-0.01,104,138112,卖盘
731,14:19:18,13.29,--,92,122267,买盘
732,14:19:15,13.29,--,1,1329,买盘
733,14:19:12,13.29,--,93,123596,买盘
734,14:19:06,13.29,--,37,49173,买盘
735,14:19:03,13.29,--,108,143532,买盘
736,14:19:00,13.29,0.01,17,22593,买盘
737,14:18:57,13.28,-0.01,4,5312,卖盘
738,14:18:54,13.29,0.01,18,23922,买盘
739,14:18:48,13.28,-0.01,1,1328,卖盘
740,14:18:45,13.29,0.01,22,29237,买盘
741,14:18:42,13.28,--,76,100928,中性盘
742,14:18:39,13.28,-0.01,10,13280,卖盘
743,14:18:36,13.29,0.02,19,25251,买盘
744,14:18:33,13.27,--,2051,2721677,卖盘
745,14:18:30,13.27,-0.01,17,22559,卖盘
746,14:18:27,13.28,0.01,29,38512,买盘
747,14:18:24,13.27,--,31,41137,卖盘
748,14:18:21,13.27,-0.01,173,229571,卖盘
749,14:18:18,13.28,0.01,46,61088,买盘
750,14:18:15,13.27,-0.01,3,3981,卖盘
751,14:18:12,13.28,0.01,114,151392,买盘
752,14:18:09,13.27,-0.01,9,11943,卖盘
753,14:18:06,13.28,0.01,56,74368,买盘
754,14:18:03,13.27,-0.01,54,71658,卖盘
755,14:18:00,13.28,--,2,2656,买盘
756,14:17:57,13.28,0.01,1,1328,买盘
757,14:17:54,13.27,--,27,35829,卖盘
758,14:17:51,13.27,--,22,29194,卖盘
759,14:17:45,13.27,-0.01,29,38483,卖盘
760,14:17:42,13.28,0.01,45,59760,买盘
761,14:17:39,13.27,-0.01,59,78293,卖盘
762,14:17:36,13.28,0.01,7,9296,买盘
763,14:17:33,13.27,--,32,42464,卖盘
764,14:17:30,13.27,--,61,80947,卖盘
765,14:17:27,13.27,--,82,108814,卖盘
766,14:17:24,13.27,--,2,2654,卖盘
767,14:17:18,13.27,-0.01,5,6635,卖盘
768,14:17:12,13.28,0.01,53,70384,买盘
769,14:17:09,13.27,-0.01,66,87582,卖盘
770,14:17:06,13.28,--,46,61088,买盘
771,14:17:03,13.28,--,31,41168,买盘
772,14:17:00,13.28,--,14,18592,买盘
773,14:16:57,13.28,--,130,172640,买盘
774,14:16:51,13.28,--,44,58432,买盘
775,14:16:48,13.28,0.01,1,1328,买盘
776,14:16:45,13.27,-0.01,103,136681,卖盘
777,14:16:42,13.28,0.01,1,1328,买盘
778,14:16:39,13.27,--,22,29194,卖盘
779,14:16:33,13.27,--,2,2654,卖盘
780,14:16:30,13.27,-0.01,87,115449,中性盘
781,14:16:27,13.28,--,11,14608,买盘
782,14:16:24,13.28,0.01,52,69056,买盘
783,14:16:21,13.27,--,29,38483,卖盘
784,14:16:18,13.27,-0.01,112,148624,卖盘
785,14:16:15,13.28,--,15,19920,买盘
786,14:16:12,13.28,--,4,5312,买盘
787,14:16:09,13.28,0.01,1,1328,买盘
788,14:16:03,13.27,-0.01,269,356963,卖盘
789,14:16:00,13.28,0.01,2,2656,买盘
790,14:15:57,13.27,--,920,1220840,买盘
791,14:15:54,13.27,--,49,65023,买盘
792,14:15:51,13.27,--,67,88909,买盘
793,14:15:48,13.27,-0.01,184,244168,卖盘
794,14:15:45,13.28,--,10,13280,买盘
795,14:15:42,13.28,0.01,22,29216,买盘
796,14:15:39,13.27,--,12,15924,卖盘
797,14:15:36,13.27,--,13,17251,卖盘
798,14:15:33,13.27,--,55,72985,买盘
799,14:15:30,13.27,0.01,35,46445,买盘
800,14:15:27,13.26,-0.01,214,283764,卖盘
801,14:15:24,13.27,--,47,62369,卖盘
802,14:15:21,13.27,--,462,613074,买盘
803,14:15:18,13.27,--,99,131373,买盘
804,14:15:15,13.27,--,3,3981,买盘
805,14:15:12,13.27,--,210,278670,买盘
806,14:15:09,13.27,--,1,1327,买盘
807,14:15:06,13.27,-0.01,254,337058,卖盘
808,14:15:03,13.28,0.01,10,13280,买盘
809,14:15:00,13.27,--,6,7962,卖盘
810,14:14:57,13.27,--,36,47772,卖盘
811,14:14:54,13.27,--,10,13270,卖盘
812,14:14:51,13.27,--,7,9289,卖盘
813,14:14:48,13.27,0.01,773,1025771,买盘
814,14:14:45,13.26,--,24,31824,买盘
815,14:14:42,13.26,--,3,3978,买盘
816,14:14:39,13.26,--,1,1326,买盘
817,14:14:36,13.26,-0.01,9,11934,卖盘
818,14:14:33,13.27,--,20,26540,买盘
819,14:14:30,13.27,0.01,35,46445,买盘
820,14:14:27,13.26,--,1025,1359150,买盘
821,14:14:24,13.26,0.01,40,53040,买盘
822,14:14:21,13.25,-0.01,1,1325,卖盘
823,14:14:18,13.26,--,74,98124,买盘
824,14:14:15,13.26,0.01,81,107406,买盘
825,14:14:12,13.25,-0.01,5,6625,卖盘
826,14:14:09,13.26,--,34,45084,买盘
827,14:14:06,13.26,0.01,10,13260,买盘
828,14:14:03,13.25,-0.01,15,19875,卖盘
829,14:14:00,13.26,--,1,1326,买盘
830,14:13:57,13.26,0.01,25,33150,买盘
831,14:13:54,13.25,--,138,182850,卖盘
832,14:13:51,13.25,--,17,22525,卖盘
833,14:13:48,13.25,-0.01,6,7950,卖盘
834,14:13:45,13.26,--,1,1326,买盘
835,14:13:42,13.26,--,213,282438,买盘
836,14:13:39,13.26,0.01,14,18564,买盘
837,14:13:36,13.25,-0.01,15,19875,卖盘
838,14:13:33,13.26,0.01,264,350064,买盘
839,14:13:30,13.25,-0.01,8,10600,卖盘
840,14:13:27,13.26,0.01,230,304980,买盘
841,14:13:24,13.25,--,15,19875,卖盘
842,14:13:21,13.25,-0.01,71,94075,卖盘
843,14:13:18,13.26,--,4,5304,买盘
844,14:13:15,13.26,--,145,192270,买盘
845,14:13:12,13.26,0.01,10,13260,买盘
846,14:13:09,13.25,--,4,5300,卖盘
847,14:13:06,13.25,--,543,719475,卖盘
848,14:13:03,13.25,-0.01,338,447850,卖盘
849,14:13:00,13.26,--,16,21216,买盘
850,14:12:57,13.26,0.01,42,55692,买盘
851,14:12:54,13.25,-0.01,30,39750,卖盘
852,14:12:51,13.26,0.01,38,50388,买盘
853,14:12:48,13.25,-0.01,6,7950,卖盘
854,14:12:45,13.26,--,455,603330,卖盘
855,14:12:42,13.26,-0.01,15,19890,卖盘
856,14:12:39,13.27,0.01,546,724542,买盘
857,14:12:36,13.26,--,33,43758,买盘
858,14:12:33,13.26,--,20,26520,买盘
859,14:12:30,13.26,--,2,2652,买盘
860,14:12:27,13.26,0.01,7,9282,买盘
861,14:12:24,13.25,-0.01,15,19875,卖盘
862,14:12:21,13.26,0.01,50,66300,买盘
863,14:12:18,13.25,--,35,46375,卖盘
864,14:12:15,13.25,-0.01,85,112625,卖盘
865,14:12:12,13.26,0.01,8,10608,买盘
866,14:12:09,13.25,--,8,10600,卖盘
867,14:12:06,13.25,--,2,2650,卖盘
868,14:12:03,13.25,-0.01,25,33125,卖盘
869,14:11:57,13.26,0.01,109,144534,买盘
870,14:11:54,13.25,-0.01,14,18550,卖盘
871,14:11:51,13.26,--,1,1326,买盘
872,14:11:48,13.26,0.01,37,49062,买盘
873,14:11:45,13.25,-0.01,5,6625,卖盘
874,14:11:39,13.26,--,10,13260,买盘
875,14:11:36,13.26,--,1,1326,买盘
876,14:11:33,13.26,0.01,49,64974,买盘
877,14:11:30,13.25,-0.01,5,6625,卖盘
878,14:11:27,13.26,--,2,2652,买盘
879,14:11:24,13.26,--,273,361998,买盘
880,14:11:21,13.26,--,16,21216,买盘
881,14:11:18,13.26,0.01,27,35802,买盘
882,14:11:15,13.25,-0.01,54,71550,卖盘
883,14:11:12,13.26,--,95,125970,买盘
884,14:11:09,13.26,--,95,125970,买盘
885,14:11:06,13.26,0.01,37,49062,买盘
886,14:11:03,13.25,-0.01,8,10600,卖盘
887,14:11:00,13.26,--,69,91494,买盘
888,14:10:54,13.26,0.01,135,179010,买盘
889,14:10:51,13.25,--,14,18550,卖盘
890,14:10:48,13.25,-0.01,31,41075,卖盘
891,14:10:45,13.26,0.01,61,80886,买盘
892,14:10:42,13.25,--,39,51675,卖盘
893,14:10:39,13.25,--,1,1325,卖盘
894,14:10:36,13.25,0.01,112,148400,买盘
895,14:10:33,13.24,-0.01,71,94004,卖盘
896,14:10:30,13.25,--,71,94075,买盘
897,14:10:27,13.25,--,9,11925,买盘
898,14:10:21,13.25,--,23,30475,买盘
899,14:10:18,13.25,-0.01,572,757900,卖盘
900,14:10:15,13.26,0.01,110,145860,买盘
901,14:10:12,13.25,--,77,102025,卖盘
902,14:10:09,13.25,--,56,74200,卖盘
903,14:10:06,13.25,--,30,39750,卖盘
904,14:10:03,13.25,--,5,6625,卖盘
905,14:10:00,13.25,-0.01,20,26500,卖盘
906,14:09:57,13.26,0.01,146,193596,买盘
907,14:09:54,13.25,-0.01,139,184175,卖盘
908,14:09:51,13.26,0.01,51,67626,买盘
909,14:09:48,13.25,--,119,157675,卖盘
910,14:09:45,13.25,--,28,37100,卖盘
911,14:09:42,13.25,--,76,100700,卖盘
912,14:09:39,13.25,-0.01,6,7950,卖盘
913,14:09:36,13.26,--,6,7956,买盘
914,14:09:33,13.26,--,26,34476,买盘
915,14:09:30,13.26,0.01,363,481338,买盘
916,14:09:27,13.25,-0.01,19,25175,卖盘
917,14:09:24,13.26,0.01,261,346086,买盘
918,14:09:21,13.25,-0.01,105,139125,卖盘
919,14:09:18,13.26,--,153,202878,卖盘
920,14:09:15,13.26,-0.01,22,29172,卖盘
921,14:09:12,13.27,0.01,9,11943,买盘
922,14:09:09,13.26,--,86,114036,卖盘
923,14:09:06,13.26,--,45,59670,卖盘
924,14:09:03,13.26,-0.01,11,14586,卖盘
925,14:09:00,13.27,0.01,247,327769,买盘
926,14:08:57,13.26,-0.01,5,6630,卖盘
927,14:08:54,13.27,0.01,208,276016,买盘
928,14:08:51,13.26,-0.01,156,206856,卖盘
929,14:08:48,13.27,--,6,7962,买盘
930,14:08:45,13.27,0.01,40,53080,买盘
931,14:08:42,13.26,-0.01,6,7956,卖盘
932,14:08:39,13.27,0.01,50,66350,买盘
933,14:08:36,13.26,--,10,13260,卖盘
934,14:08:33,13.26,-0.01,11,14586,卖盘
935,14:08:30,13.27,0.01,19,25213,买盘
936,14:08:27,13.26,-0.01,47,62322,卖盘
937,14:08:24,13.27,--,28,37156,买盘
938,14:08:21,13.27,0.01,22,29194,买盘
939,14:08:15,13.26,-0.01,95,125970,卖盘
940,14:08:12,13.27,--,9,11943,买盘
941,14:08:09,13.27,--,8,10616,买盘
942,14:08:03,13.27,--,11,14597,买盘
943,14:08:00,13.27,--,6,7962,买盘
944,14:07:57,13.27,--,9,11943,买盘
945,14:07:54,13.27,--,15,19905,买盘
946,14:07:51,13.27,--,107,141989,卖盘
947,14:07:48,13.27,-0.01,307,407389,卖盘
948,14:07:42,13.28,0.01,263,349264,买盘
949,14:07:39,13.27,-0.01,79,104833,卖盘
950,14:07:36,13.28,0.01,4,5312,买盘
951,14:07:33,13.27,-0.01,67,88909,卖盘
952,14:07:27,13.28,--,1,1328,买盘
953,14:07:24,13.28,--,1,1328,买盘
954,14:07:21,13.28,0.01,2,2656,买盘
955,14:07:18,13.27,0.01,235,311845,买盘
956,14:07:15,13.26,--,50,66300,卖盘
957,14:07:12,13.26,--,2,2652,卖盘
958,14:07:09,13.26,--,134,177684,卖盘
959,14:07:06,13.26,-0.01,6,7956,卖盘
960,14:07:03,13.27,0.01,136,180472,买盘
961,14:07:00,13.26,-0.01,2,2652,卖盘
962,14:06:57,13.27,0.01,115,152605,买盘
963,14:06:51,13.26,-0.01,30,39780,卖盘
964,14:06:48,13.27,0.01,258,342366,买盘
965,14:06:45,13.26,--,46,60996,买盘
966,14:06:42,13.26,--,14,18564,买盘
967,14:06:39,13.26,--,190,251940,买盘
968,14:06:36,13.26,--,70,92820,买盘
969,14:06:33,13.26,0.01,103,136578,买盘
970,14:06:30,13.25,-0.01,35,46375,卖盘
971,14:06:27,13.26,0.01,18,23868,买盘
972,14:06:24,13.25,-0.01,33,43725,卖盘
973,14:06:21,13.26,--,64,84864,买盘
974,14:06:18,13.26,0.01,28,37128,买盘
975,14:06:15,13.25,-0.02,947,1254775,卖盘
976,14:06:12,13.27,--,2,2654,买盘
977,14:06:09,13.27,0.01,52,69004,买盘
978,14:06:06,13.26,-0.01,108,143208,卖盘
979,14:06:03,13.27,0.01,1,1327,买盘
980,14:06:00,13.26,--,75,99450,卖盘
981,14:05:57,13.26,-0.01,18,23868,卖盘
982,14:05:54,13.27,--,2,2654,买盘
983,14:05:51,13.27,--,1,1327,买盘
984,14:05:48,13.27,0.01,64,84928,买盘
985,14:05:45,13.26,-0.01,101,133926,卖盘
986,14:05:42,13.27,--,2,2654,买盘
987,14:05:39,13.27,--,5,6635,买盘
988,14:05:36,13.27,--,245,325115,卖盘
989,14:05:33,13.27,--,48,63696,卖盘
990,14:05:30,13.27,--,27,35829,卖盘
991,14:05:27,13.27,-0.01,42,55734,卖盘
992,14:05:24,13.28,--,35,46480,买盘
993,14:05:21,13.28,0.01,36,47808,买盘
994,14:05:18,13.27,--,316,419332,买盘
995,14:05:15,13.27,--,59,78293,买盘
996,14:05:12,13.27,--,35,46445,买盘
997,14:05:09,13.27,--,9,11943,买盘
998,14:05:06,13.27,--,1,1327,买盘
999,14:05:03,13.27,--,406,538762,卖盘
1000,14:05:00,13.27,-0.01,88,116776,卖盘
1001,14:04:57,13.28,--,5,6640,买盘
1002,14:04:54,13.28,0.01,27,35856,买盘
1003,14:04:51,13.27,--,12,15924,卖盘
1004,14:04:48,13.27,-0.01,158,209666,卖盘
1005,14:04:45,13.28,0.01,1,1328,买盘
1006,14:04:39,13.27,--,74,98198,卖盘
1007,14:04:36,13.27,--,247,327769,买盘
1008,14:04:33,13.27,--,80,106160,买盘
1009,14:04:30,13.27,--,121,160567,买盘
1010,14:04:27,13.27,0.01,100,132700,买盘
1011,14:04:24,13.26,-0.01,65,86190,卖盘
1012,14:04:21,13.27,0.01,22,29194,买盘
1013,14:04:18,13.26,-0.01,270,358020,卖盘
1014,14:04:15,13.27,0.01,117,155259,买盘
1015,14:04:12,13.26,--,26,34476,卖盘
1016,14:04:09,13.26,--,86,114036,卖盘
1017,14:04:06,13.26,-0.01,45,59670,卖盘
1018,14:04:03,13.27,0.01,106,140662,买盘
1019,14:04:00,13.26,--,14,18564,卖盘
1020,14:03:57,13.26,--,79,104754,卖盘
1021,14:03:54,13.26,0.01,288,381888,买盘
1022,14:03:51,13.25,--,50,66250,卖盘
1023,14:03:48,13.25,-0.01,332,439900,卖盘
1024,14:03:45,13.26,-0.01,83,110058,卖盘
1025,14:03:42,13.27,--,79,104833,买盘
1026,14:03:39,13.27,--,33,43791,买盘
1027,14:03:36,13.27,-0.01,140,185780,卖盘
1028,14:03:33,13.28,0.01,86,114208,买盘
1029,14:03:30,13.27,-0.01,623,826721,卖盘
1030,14:03:27,13.28,--,79,104912,买盘
1031,14:03:24,13.28,--,101,134128,买盘
1032,14:03:21,13.28,--,62,82336,卖盘
1033,14:03:18,13.28,-0.01,460,610880,卖盘
1034,14:03:15,13.29,--,188,249851,买盘
1035,14:03:12,13.29,--,101,134229,买盘
1036,14:03:09,13.29,--,270,358830,卖盘
1037,14:03:06,13.29,--,204,271116,卖盘
1038,14:03:03,13.29,--,127,168783,卖盘
1039,14:03:00,13.29,-0.01,116,154164,卖盘
1040,14:02:57,13.3,--,1157,1538810,买盘
1041,14:02:54,13.3,-0.01,3875,5153750,卖盘
1042,14:02:51,13.31,-0.01,188,250228,卖盘
1043,14:02:48,13.32,0.01,37,49284,买盘
1044,14:02:45,13.31,--,29,38599,卖盘
1045,14:02:42,13.31,--,13,17303,卖盘
1046,14:02:39,13.31,--,1,1331,卖盘
1047,14:02:36,13.31,0.01,203,270193,买盘
1048,14:02:33,13.3,-0.01,280,372400,卖盘
1049,14:02:30,13.31,0.01,618,822558,买盘
1050,14:02:27,13.3,--,57,75810,卖盘
1051,14:02:24,13.3,--,176,234080,卖盘
1052,14:02:21,13.3,0.01,944,1255520,买盘
1053,14:02:18,13.29,0.01,105,139545,中性盘
1054,14:02:15,13.28,-0.02,106,140768,卖盘
1055,14:02:12,13.3,0.01,21,27930,买盘
1056,14:02:09,13.29,0.01,37,49173,买盘
1057,14:02:06,13.28,--,70,92960,卖盘
1058,14:02:03,13.28,-0.01,82,108896,卖盘
1059,14:02:00,13.29,--,50,66450,卖盘
1060,14:01:57,13.29,--,200,265800,卖盘
1061,14:01:54,13.29,--,28,37212,卖盘
1062,14:01:51,13.29,--,20,26580,卖盘
1063,14:01:48,13.29,--,69,91701,卖盘
1064,14:01:45,13.29,--,21,27909,卖盘
1065,14:01:42,13.29,--,4,5316,买盘
1066,14:01:39,13.29,--,37,49173,买盘
1067,14:01:36,13.29,--,21,27909,买盘
1068,14:01:33,13.29,--,155,205995,买盘
1069,14:01:30,13.29,--,51,67779,买盘
1070,14:01:27,13.29,--,28,37212,买盘
1071,14:01:24,13.29,0.01,24,31895,买盘
1072,14:01:21,13.28,-0.02,206,273568,卖盘
1073,14:01:18,13.3,--,118,156940,买盘
1074,14:01:15,13.3,0.01,614,816620,买盘
1075,14:01:12,13.29,-0.01,7,9303,买盘
1076,14:01:09,13.3,0.01,64,85120,买盘
1077,14:01:06,13.29,-0.02,79,104991,卖盘
1078,14:01:03,13.31,0.01,185,246235,买盘
1079,14:01:00,13.3,-0.01,118,156940,卖盘
1080,14:00:57,13.31,--,57,75867,买盘
1081,14:00:54,13.31,--,58,77198,买盘
1082,14:00:51,13.31,--,705,938355,卖盘
1083,14:00:48,13.31,-0.01,55,73205,卖盘
1084,14:00:45,13.32,0.01,586,780552,买盘
1085,14:00:42,13.31,-0.01,542,721402,卖盘
1086,14:00:39,13.32,--,943,1256076,买盘
1087,14:00:36,13.32,--,106,141192,买盘
1088,14:00:33,13.32,0.01,90,119880,买盘
1089,14:00:30,13.31,-0.01,735,978285,卖盘
1090,14:00:27,13.32,--,371,494172,买盘
1091,14:00:24,13.32,--,81,107892,买盘
1092,14:00:21,13.32,--,50,66600,买盘
1093,14:00:18,13.32,--,73,97236,买盘
1094,14:00:15,13.32,--,43,57276,买盘
1095,14:00:12,13.32,0.01,62,82584,买盘
1096,14:00:09,13.31,--,131,174361,卖盘
1097,14:00:06,13.31,-0.01,36,47916,卖盘
1098,14:00:03,13.32,0.01,884,1177488,买盘
1099,14:00:00,13.31,--,216,287496,买盘
1100,13:59:57,13.31,--,117,155727,买盘
1101,13:59:54,13.31,--,359,477829,买盘
1102,13:59:51,13.31,0.02,3090,4112790,买盘
1103,13:59:48,13.29,--,68,90372,卖盘
1104,13:59:45,13.29,--,68,90372,卖盘
1105,13:59:42,13.29,0.01,2105,2797545,买盘
1106,13:59:39,13.28,--,89,118192,卖盘
1107,13:59:36,13.28,--,107,142096,卖盘
1108,13:59:33,13.28,--,122,162016,卖盘
1109,13:59:30,13.28,--,124,164672,卖盘
1110,13:59:27,13.28,-0.01,344,456832,卖盘
1111,13:59:24,13.29,0.01,169,224601,买盘
1112,13:59:21,13.28,-0.01,91,120848,卖盘
1113,13:59:18,13.29,--,46,61133,买盘
1114,13:59:15,13.29,0.01,103,136887,买盘
1115,13:59:12,13.28,--,42,55776,卖盘
1116,13:59:09,13.28,--,52,69056,卖盘
1117,13:59:06,13.28,--,30,39840,卖盘
1118,13:59:03,13.28,-0.01,59,78352,卖盘
1119,13:59:00,13.29,0.01,9,11961,买盘
1120,13:58:57,13.28,-0.01,145,192560,卖盘
1121,13:58:54,13.29,0.01,67,89043,买盘
1122,13:58:51,13.28,--,14,18592,卖盘
1123,13:58:48,13.28,--,362,480736,买盘
1124,13:58:45,13.28,--,18,23904,买盘
1125,13:58:42,13.28,--,6,7968,买盘
1126,13:58:39,13.28,0.01,43,57104,买盘
1127,13:58:33,13.27,-0.01,30,39810,卖盘
1128,13:58:27,13.28,0.01,6,7968,买盘
1129,13:58:24,13.27,--,16,21232,买盘
1130,13:58:21,13.27,0.01,24,31848,买盘
1131,13:58:18,13.26,-0.01,15,19890,卖盘
1132,13:58:15,13.27,0.01,3,3981,买盘
1133,13:58:12,13.26,-0.03,63,83538,卖盘
1134,13:58:09,13.29,0.01,117,155493,买盘
1135,13:58:06,13.28,--,21,27888,卖盘
1136,13:58:03,13.28,0.02,1917,2545776,买盘
1137,13:58:00,13.26,-0.01,70,92820,卖盘
1138,13:57:57,13.27,0.01,302,400754,买盘
1139,13:57:54,13.26,--,99,131274,买盘
1140,13:57:51,13.26,-0.01,134,177684,卖盘
1141,13:57:48,13.27,0.01,179,237533,买盘
1142,13:57:45,13.26,-0.01,30,39780,卖盘
1143,13:57:42,13.27,--,7,9289,买盘
1144,13:57:39,13.27,--,16,21232,买盘
1145,13:57:36,13.27,0.01,103,136681,买盘
1146,13:57:33,13.26,0.01,4,5304,买盘
1147,13:57:30,13.25,--,27,35775,卖盘
1148,13:57:27,13.25,-0.02,18,23850,卖盘
1149,13:57:24,13.27,0.01,177,234879,买盘
1150,13:57:21,13.26,--,52,68952,卖盘
1151,13:57:18,13.26,--,14,18564,卖盘
1152,13:57:15,13.26,--,101,133926,买盘
1153,13:57:12,13.26,--,25,33150,买盘
1154,13:57:09,13.26,--,32,42432,买盘
1155,13:57:06,13.26,0.01,73,96798,买盘
1156,13:57:03,13.25,--,58,76850,卖盘
1157,13:57:00,13.25,--,37,49025,卖盘
1158,13:56:57,13.25,--,104,137800,卖盘
1159,13:56:54,13.25,-0.01,14,18550,卖盘
1160,13:56:51,13.26,--,1,1326,买盘
1161,13:56:48,13.26,0.01,35,46410,买盘
1162,13:56:45,13.25,-0.01,9,11925,中性盘
1163,13:56:42,13.26,0.01,310,411060,买盘
1164,13:56:39,13.25,--,21,27825,买盘
1165,13:56:36,13.25,0.01,6,7950,买盘
1166,13:56:33,13.24,-0.02,85,112540,卖盘
1167,13:56:27,13.26,-0.01,15,19890,卖盘
1168,13:56:24,13.27,--,552,732504,买盘
1169,13:56:21,13.27,0.01,116,153932,买盘
1170,13:56:18,13.26,--,1,1326,买盘
1171,13:56:15,13.26,0.01,2,2652,买盘
1172,13:56:12,13.25,-0.02,181,239825,卖盘
1173,13:56:09,13.27,0.01,53,70331,买盘
1174,13:56:06,13.26,--,120,159120,卖盘
1175,13:56:03,13.26,-0.01,20,26520,卖盘
1176,13:56:00,13.27,--,23,30521,买盘
1177,13:55:57,13.27,0.01,8,10616,买盘
1178,13:55:54,13.26,--,135,179010,卖盘
1179,13:55:51,13.26,--,6,7956,卖盘
1180,13:55:48,13.26,--,52,68952,卖盘
1181,13:55:45,13.26,-0.01,13,17238,卖盘
1182,13:55:42,13.27,0.01,24,31848,买盘
1183,13:55:39,13.26,--,111,147186,卖盘
1184,13:55:33,13.26,-0.01,15,19890,卖盘
1185,13:55:30,13.27,--,14,18578,买盘
1186,13:55:27,13.27,--,24,31848,买盘
1187,13:55:24,13.27,--,1,1327,买盘
1188,13:55:21,13.27,--,114,151278,买盘
1189,13:55:18,13.27,--,10,13270,买盘
1190,13:55:15,13.27,--,23,30521,卖盘
1191,13:55:12,13.27,0.01,157,208339,买盘
1192,13:55:09,13.26,-0.01,74,98124,卖盘
1193,13:55:06,13.27,--,50,66350,买盘
1194,13:55:03,13.27,--,52,69004,卖盘
1195,13:55:00,13.27,--,352,467104,买盘
1196,13:54:57,13.27,0.01,71,94217,买盘
1197,13:54:54,13.26,--,93,123318,卖盘
1198,13:54:51,13.26,-0.01,12,15912,卖盘
1199,13:54:48,13.27,--,44,58388,买盘
1200,13:54:45,13.27,--,40,53080,买盘
1201,13:54:42,13.27,--,32,42464,买盘
1202,13:54:39,13.27,--,91,120757,买盘
1203,13:54:36,13.27,0.01,36,47772,买盘
1204,13:54:33,13.26,-0.01,55,72930,卖盘
1205,13:54:30,13.27,--,1,1327,买盘
1206,13:54:27,13.27,-0.01,88,116776,中性盘
1207,13:54:24,13.28,--,275,365200,买盘
1208,13:54:21,13.28,0.02,87,115536,买盘
1209,13:54:18,13.26,-0.01,73,96798,卖盘
1210,13:54:15,13.27,--,25,33175,买盘
1211,13:54:12,13.27,0.01,24,31848,买盘
1212,13:54:09,13.26,-0.01,13,17238,卖盘
1213,13:54:06,13.27,0.01,21,27867,买盘
1214,13:54:03,13.26,-0.01,58,76908,卖盘
1215,13:54:00,13.27,--,421,558667,买盘
1216,13:53:57,13.27,--,1070,1419890,买盘
1217,13:53:54,13.27,--,213,282651,买盘
1218,13:53:51,13.27,--,26,34502,买盘
1219,13:53:48,13.27,--,26,34502,买盘
1220,13:53:45,13.27,--,13,17251,买盘
1221,13:53:42,13.27,--,7,9289,买盘
1222,13:53:36,13.27,0.01,339,449853,买盘
1223,13:53:33,13.26,0.01,521,690846,买盘
1224,13:53:30,13.25,--,16,21200,卖盘
1225,13:53:27,13.25,--,2,2650,卖盘
1226,13:53:24,13.25,-0.01,61,80825,卖盘
1227,13:53:18,13.26,--,118,156468,买盘
1228,13:53:15,13.26,--,23,30498,买盘
1229,13:53:12,13.26,--,2,2652,买盘
1230,13:53:09,13.26,0.01,719,953394,买盘
1231,13:53:06,13.25,--,16,21200,买盘
1232,13:53:03,13.25,0.01,10,13250,买盘
1233,13:53:00,13.24,-0.01,35,46340,卖盘
1234,13:52:57,13.25,--,2,2650,买盘
1235,13:52:54,13.25,0.01,370,490250,买盘
1236,13:52:51,13.24,--,198,262152,买盘
1237,13:52:48,13.24,--,224,296576,买盘
1238,13:52:45,13.24,--,24,31776,买盘
1239,13:52:42,13.24,--,4,5296,买盘
1240,13:52:39,13.24,0.01,45,59580,买盘
1241,13:52:33,13.23,-0.01,1,1323,卖盘
1242,13:52:30,13.24,--,2,2648,买盘
1243,13:52:27,13.24,--,9,11916,买盘
1244,13:52:24,13.24,--,25,33100,买盘
1245,13:52:21,13.24,--,203,268772,买盘
1246,13:52:15,13.24,0.01,13,17212,买盘
1247,13:52:09,13.23,-0.01,39,51597,卖盘
1248,13:52:06,13.24,--,1,1324,买盘
1249,13:52:00,13.24,0.01,1,1324,买盘
1250,13:51:57,13.23,-0.01,45,59535,卖盘
1251,13:51:54,13.24,0.01,32,42368,买盘
1252,13:51:51,13.23,--,59,78057,卖盘
1253,13:51:48,13.23,-0.01,95,125685,卖盘
1254,13:51:45,13.24,--,98,129752,买盘
1255,13:51:42,13.24,--,28,37072,买盘
1256,13:51:39,13.24,--,20,26480,买盘
1257,13:51:36,13.24,0.01,2,2648,买盘
1258,13:51:33,13.23,-0.01,26,34398,卖盘
1259,13:51:24,13.24,0.01,42,55608,买盘
1260,13:51:21,13.23,--,3,3969,卖盘
1261,13:51:18,13.23,--,92,121716,卖盘
1262,13:51:15,13.23,--,59,78057,卖盘
1263,13:51:12,13.23,--,100,132300,卖盘
1264,13:51:09,13.23,-0.01,210,277830,卖盘
1265,13:51:06,13.24,0.01,17,22508,买盘
1266,13:51:00,13.23,-0.01,111,146853,卖盘
1267,13:50:57,13.24,0.01,8,10592,买盘
1268,13:50:54,13.23,--,85,112455,卖盘
1269,13:50:51,13.23,--,107,141561,卖盘
1270,13:50:48,13.23,--,13,17199,卖盘
1271,13:50:42,13.23,--,30,39690,卖盘
1272,13:50:39,13.23,-0.01,24,31752,卖盘
1273,13:50:36,13.24,0.01,56,74144,买盘
1274,13:50:33,13.23,--,54,71442,卖盘
1275,13:50:30,13.23,--,10,13230,卖盘
1276,13:50:24,13.23,--,50,66150,卖盘
1277,13:50:21,13.23,-0.01,6,7938,卖盘
1278,13:50:15,13.24,0.01,10,13240,买盘
1279,13:50:12,13.23,--,2,2646,卖盘
1280,13:50:09,13.23,-0.01,18,23814,卖盘
1281,13:50:06,13.24,--,123,162852,买盘
1282,13:50:00,13.24,--,58,76792,买盘
1283,13:49:57,13.24,--,1,1324,买盘
1284,13:49:54,13.24,-0.01,453,599772,中性盘
1285,13:49:45,13.25,0.02,1,1325,买盘
1286,13:49:42,13.23,-0.02,276,365148,卖盘
1287,13:49:39,13.25,0.01,2,2650,中性盘
1288,13:49:33,13.24,-0.01,116,153584,卖盘
1289,13:49:30,13.25,--,11,14575,卖盘
1290,13:49:27,13.25,-0.01,29,38425,卖盘
1291,13:49:24,13.26,--,1,1326,买盘
1292,13:49:21,13.26,--,1,1326,买盘
1293,13:49:18,13.26,--,4,5304,买盘
1294,13:49:15,13.26,--,10,13260,买盘
1295,13:49:12,13.26,0.01,1,1326,买盘
1296,13:49:09,13.25,-0.01,21,27825,中性盘
1297,13:49:06,13.26,--,116,153816,买盘
1298,13:49:00,13.26,--,64,84864,买盘
1299,13:48:57,13.26,--,1,1326,买盘
1300,13:48:54,13.26,0.02,3,3978,买盘
1301,13:48:51,13.24,--,44,58256,卖盘
1302,13:48:48,13.24,--,30,39720,卖盘
1303,13:48:45,13.24,-0.01,126,166824,卖盘
1304,13:48:42,13.25,--,30,39750,买盘
1305,13:48:39,13.25,--,1,1325,买盘
1306,13:48:36,13.25,--,60,79500,买盘
1307,13:48:33,13.25,0.01,57,75525,买盘
1308,13:48:30,13.24,-0.01,45,59580,卖盘
1309,13:48:27,13.25,--,23,30475,买盘
1310,13:48:24,13.25,--,1,1325,买盘
1311,13:48:21,13.25,-0.01,65,86125,中性盘
1312,13:48:15,13.26,--,8,10608,买盘
1313,13:48:12,13.26,0.02,1,1326,买盘
1314,13:48:09,13.24,--,23,30452,卖盘
1315,13:48:03,13.24,-0.02,58,76792,卖盘
1316,13:48:00,13.26,0.02,311,412386,买盘
1317,13:47:57,13.24,-0.02,50,66345,卖盘
1318,13:47:54,13.26,0.02,93,124498,买盘
1319,13:47:51,13.24,-0.01,664,879136,卖盘
1320,13:47:48,13.25,--,1,1325,买盘
1321,13:47:45,13.25,-0.01,1690,2239250,卖盘
1322,13:47:42,13.26,-0.01,11,14586,卖盘
1323,13:47:39,13.27,0.01,25,33175,买盘
1324,13:47:36,13.26,-0.01,2070,2744820,卖盘
1325,13:47:33,13.27,--,83,110141,买盘
1326,13:47:30,13.27,0.01,1,1327,买盘
1327,13:47:27,13.26,-0.01,9,11934,卖盘
1328,13:47:24,13.27,0.01,7,9289,买盘
1329,13:47:21,13.26,--,188,249288,卖盘
1330,13:47:18,13.26,--,126,167076,卖盘
1331,13:47:15,13.26,-0.01,37,49062,卖盘
1332,13:47:12,13.27,--,482,639614,卖盘
1333,13:47:09,13.27,--,8,10616,卖盘
1334,13:47:06,13.27,--,210,278670,卖盘
1335,13:47:03,13.27,-0.01,38,50426,卖盘
1336,13:47:00,13.28,0.01,7,9296,买盘
1337,13:46:57,13.27,--,440,583880,买盘
1338,13:46:54,13.27,--,1,1327,买盘
1339,13:46:51,13.27,0.01,70,92890,买盘
1340,13:46:48,13.26,--,94,124644,卖盘
1341,13:46:45,13.26,-0.01,106,140556,卖盘
1342,13:46:42,13.27,0.01,93,123411,买盘
1343,13:46:39,13.26,-0.01,34,45084,卖盘
1344,13:46:36,13.27,0.01,1,1327,买盘
1345,13:46:33,13.26,-0.01,59,78234,卖盘
1346,13:46:30,13.27,--,43,57061,买盘
1347,13:46:27,13.27,0.01,20,26540,买盘
1348,13:46:24,13.26,-0.01,5,6630,卖盘
1349,13:46:21,13.27,0.01,110,145970,买盘
1350,13:46:18,13.26,-0.01,119,157794,卖盘
1351,13:46:12,13.27,--,206,273362,卖盘
1352,13:46:09,13.27,--,37,49099,卖盘
1353,13:46:00,13.27,-0.01,17,22559,卖盘
1354,13:45:57,13.28,0.01,14,18592,买盘
1355,13:45:54,13.27,-0.01,1,1327,卖盘
1356,13:45:51,13.28,--,41,54448,买盘
1357,13:45:48,13.28,0.01,359,476752,买盘
1358,13:45:45,13.27,--,302,400754,买盘
1359,13:45:42,13.27,0.01,15,19905,买盘
1360,13:45:39,13.26,-0.01,105,139230,卖盘
1361,13:45:36,13.27,0.01,680,902360,买盘
1362,13:45:33,13.26,--,109,144534,卖盘
1363,13:45:30,13.26,--,33,43758,卖盘
1364,13:45:27,13.26,--,20,26520,卖盘
1365,13:45:24,13.26,-0.01,167,221442,卖盘
1366,13:45:21,13.27,--,57,75639,买盘
1367,13:45:18,13.27,--,33,43791,买盘
1368,13:45:15,13.27,--,2,2654,买盘
1369,13:45:12,13.27,0.01,47,62369,买盘
1370,13:45:09,13.26,-0.01,15,19890,卖盘
1371,13:45:06,13.27,0.01,2,2654,买盘
1372,13:45:00,13.26,--,17,22542,中性盘
1373,13:44:57,13.26,-0.01,20,26520,卖盘
1374,13:44:54,13.27,--,128,169856,买盘
1375,13:44:51,13.27,--,281,372887,买盘
1376,13:44:48,13.27,--,43,57061,买盘
1377,13:44:45,13.27,0.01,62,82274,买盘
1378,13:44:42,13.26,-0.01,104,137904,卖盘
1379,13:44:36,13.27,--,249,330423,买盘
1380,13:44:33,13.27,0.01,72,95544,买盘
1381,13:44:30,13.26,-0.01,74,98124,卖盘
1382,13:44:27,13.27,--,128,169856,买盘
1383,13:44:24,13.27,0.01,11,14597,买盘
1384,13:44:21,13.26,-0.01,20,26520,卖盘
1385,13:44:18,13.27,0.01,447,593169,买盘
1386,13:44:15,13.26,-0.01,73,96798,卖盘
1387,13:44:12,13.27,0.01,98,130046,买盘
1388,13:44:09,13.26,-0.01,212,281112,卖盘
1389,13:44:06,13.27,--,22,29194,买盘
1390,13:44:03,13.27,-0.01,314,416678,卖盘
1391,13:44:00,13.28,--,51,67728,卖盘
1392,13:43:57,13.28,-0.02,449,596272,卖盘
1393,13:43:54,13.3,0.01,62,82460,买盘
1394,13:43:51,13.29,0.02,520,691080,买盘
1395,13:43:48,13.27,-0.02,69,91563,卖盘
1396,13:43:45,13.29,0.01,73,97017,买盘
1397,13:43:42,13.28,0.01,31,41168,买盘
1398,13:43:39,13.27,-0.01,84,111468,卖盘
1399,13:43:36,13.28,-0.01,34,45152,卖盘
1400,13:43:33,13.29,--,143,190047,买盘
1401,13:43:30,13.29,--,36,47844,买盘
1402,13:43:27,13.29,--,51,67779,买盘
1403,13:43:24,13.29,--,24,31895,买盘
1404,13:43:21,13.29,--,126,167454,买盘
1405,13:43:18,13.29,--,65,86385,买盘
1406,13:43:15,13.29,--,298,396042,买盘
1407,13:43:12,13.29,--,10,13290,买盘
1408,13:43:09,13.29,-0.01,45,59804,中性盘
1409,13:43:06,13.3,--,22,29260,买盘
1410,13:43:03,13.3,--,112,148960,买盘
1411,13:43:00,13.3,--,7,9310,买盘
1412,13:42:57,13.3,--,119,159586,卖盘
1413,13:42:54,13.3,0.05,9379,12474083,买盘
1414,13:42:51,13.25,-0.01,35,46375,卖盘
1415,13:42:48,13.26,--,26,34476,买盘
1416,13:42:45,13.26,--,93,123318,买盘
1417,13:42:42,13.26,-0.01,132,175032,卖盘
1418,13:42:39,13.27,0.01,147,195069,买盘
1419,13:42:33,13.26,--,90,119340,卖盘
1420,13:42:30,13.26,-0.01,15,19890,卖盘
1421,13:42:27,13.27,0.01,2,2654,买盘
1422,13:42:18,13.26,--,154,204204,买盘
1423,13:42:15,13.26,--,99,131274,买盘
1424,13:42:12,13.26,0.01,50,66300,买盘
1425,13:42:09,13.25,-0.01,50,66250,卖盘
1426,13:42:06,13.26,--,128,169728,买盘
1427,13:42:03,13.26,--,62,82212,买盘
1428,13:42:00,13.26,--,1019,1351194,买盘
1429,13:41:57,13.26,--,106,140556,买盘
1430,13:41:54,13.26,0.01,2,2652,买盘
1431,13:41:51,13.25,--,10,13250,卖盘
1432,13:41:48,13.25,--,326,431950,买盘
1433,13:41:45,13.25,0.01,90,119250,买盘
1434,13:41:42,13.24,--,52,68848,卖盘
1435,13:41:39,13.24,-0.01,20,26480,卖盘
1436,13:41:36,13.25,0.02,159,210675,买盘
1437,13:41:33,13.23,-0.01,143,189189,卖盘
1438,13:41:30,13.24,--,10,13240,卖盘
1439,13:41:27,13.24,--,361,477964,卖盘
1440,13:41:24,13.24,-0.01,8,10592,卖盘
1441,13:41:21,13.25,--,57,75525,买盘
1442,13:41:18,13.25,--,22,29150,买盘
1443,13:41:15,13.25,0.01,59,78175,买盘
1444,13:41:09,13.24,-0.01,1,1324,中性盘
1445,13:41:06,13.25,0.02,1,1325,买盘
1446,13:41:03,13.23,0.01,48,63504,买盘
1447,13:41:00,13.22,-0.01,6,7932,卖盘
1448,13:40:57,13.23,0.01,1,1323,买盘
1449,13:40:54,13.22,0.01,269,355618,买盘
1450,13:40:51,13.21,-0.01,65,85865,卖盘
1451,13:40:48,13.22,--,39,51558,买盘
1452,13:40:45,13.22,--,2599,3435878,买盘
1453,13:40:42,13.22,0.01,36,47592,买盘
1454,13:40:39,13.21,-0.01,76,100396,卖盘
1455,13:40:36,13.22,-0.02,2151,2843622,卖盘
1456,13:40:33,13.24,-0.01,100,132400,卖盘
1457,13:40:30,13.25,--,20,26500,买盘
1458,13:40:27,13.25,--,106,140450,卖盘
1459,13:40:24,13.25,--,129,170925,卖盘
1460,13:40:21,13.25,-0.01,17,22525,卖盘
1461,13:40:18,13.26,0.01,23,30498,买盘
1462,13:40:15,13.25,-0.01,18,23850,卖盘
1463,13:40:12,13.26,0.01,181,240006,买盘
1464,13:40:09,13.25,--,108,143100,卖盘
1465,13:40:06,13.25,--,86,113950,卖盘
1466,13:40:03,13.25,-0.01,20,26500,卖盘
1467,13:40:00,13.26,0.01,169,224094,买盘
1468,13:39:57,13.25,--,132,174900,卖盘
1469,13:39:54,13.25,--,6,7950,卖盘
1470,13:39:51,13.25,--,5,6625,中性盘
1471,13:39:45,13.25,0.01,11,14575,买盘
1472,13:39:42,13.24,-0.01,53,70172,卖盘
1473,13:39:39,13.25,--,17,22525,买盘
1474,13:39:36,13.25,--,10,13250,买盘
1475,13:39:33,13.25,-0.01,83,109975,卖盘
1476,13:39:27,13.26,--,1,1326,买盘
1477,13:39:24,13.26,-0.01,125,165750,中性盘
1478,13:39:21,13.27,--,2,2654,买盘
1479,13:39:18,13.27,--,67,88909,买盘
1480,13:39:15,13.27,0.02,50,66350,买盘
1481,13:39:12,13.25,-0.02,87,115275,卖盘
1482,13:39:09,13.27,--,47,62369,买盘
1483,13:39:06,13.27,0.01,32,42464,买盘
1484,13:39:03,13.26,-0.01,156,206856,卖盘
1485,13:39:00,13.27,0.01,113,149951,中性盘
1486,13:38:57,13.26,-0.01,580,769080,卖盘
1487,13:38:54,13.27,-0.01,2094,2778738,卖盘
1488,13:38:51,13.28,--,225,298800,买盘
1489,13:38:48,13.28,0.01,31,41168,买盘
1490,13:38:45,13.27,--,130,172510,卖盘
1491,13:38:42,13.27,-0.01,70,92890,卖盘
1492,13:38:39,13.28,-0.01,75,100662,卖盘
1493,13:38:36,13.29,--,325,431925,买盘
1494,13:38:33,13.29,--,61,81069,买盘
1495,13:38:30,13.29,--,141,187389,买盘
1496,13:38:27,13.29,--,47,62462,买盘
1497,13:38:24,13.29,--,30,39870,买盘
1498,13:38:21,13.29,--,123,163467,买盘
1499,13:38:18,13.29,0.01,626,831954,买盘
1500,13:38:15,13.28,--,448,594944,卖盘
1501,13:38:12,13.28,--,887,1178201,买盘
1502,13:38:09,13.28,--,178,236384,买盘
1503,13:38:06,13.28,0.01,33,43824,买盘
1504,13:38:03,13.27,--,123,163221,卖盘
1505,13:38:00,13.27,0.01,229,303883,买盘
1506,13:37:57,13.26,--,46,60996,卖盘
1507,13:37:54,13.26,-0.01,104,137904,卖盘
1508,13:37:51,13.27,--,42,55734,买盘
1509,13:37:48,13.27,--,74,98198,买盘
1510,13:37:45,13.27,--,21,27867,买盘
1511,13:37:42,13.27,0.01,46,61042,买盘
1512,13:37:39,13.26,-0.01,94,124644,卖盘
1513,13:37:36,13.27,0.01,84,111468,买盘
1514,13:37:33,13.26,--,33,43758,卖盘
1515,13:37:30,13.26,-0.01,79,104754,卖盘
1516,13:37:27,13.27,0.01,44,58388,买盘
1517,13:37:24,13.26,--,40,53040,买盘
1518,13:37:21,13.26,--,5,6630,买盘
1519,13:37:18,13.26,--,77,102102,买盘
1520,13:37:15,13.26,--,26,34476,买盘
1521,13:37:12,13.26,--,310,411060,买盘
1522,13:37:09,13.26,0.01,30,39780,买盘
1523,13:37:06,13.25,--,17,22525,买盘
1524,13:37:03,13.25,--,13,17225,卖盘
1525,13:37:00,13.25,0.01,26,34450,卖盘
1526,13:36:57,13.24,-0.02,88,116512,卖盘
1527,13:36:54,13.26,--,6,7956,买盘
1528,13:36:51,13.26,0.01,136,180336,买盘
1529,13:36:48,13.25,-0.01,3,3975,卖盘
1530,13:36:45,13.26,--,38,50388,买盘
1531,13:36:42,13.26,--,21,27846,买盘
1532,13:36:39,13.26,-0.01,73,96798,中性盘
1533,13:36:36,13.27,--,60,79620,买盘
1534,13:36:33,13.27,--,490,650230,买盘
1535,13:36:30,13.27,0.01,58,76966,买盘
1536,13:36:27,13.26,-0.01,127,168402,卖盘
1537,13:36:24,13.27,--,65,86255,买盘
1538,13:36:21,13.27,-0.01,236,313172,卖盘
1539,13:36:18,13.28,--,52,69056,买盘
1540,13:36:15,13.28,--,48,63744,买盘
1541,13:36:12,13.28,--,84,111552,买盘
1542,13:36:09,13.28,-0.01,314,418054,卖盘
1543,13:36:06,13.29,--,100,132900,买盘
1544,13:36:03,13.29,--,354,471529,买盘
1545,13:36:00,13.29,0.01,91,120938,买盘
1546,13:35:57,13.28,--,153,203715,卖盘
1547,13:35:54,13.28,--,53,70384,卖盘
1548,13:35:51,13.28,-0.01,71,94288,卖盘
1549,13:35:48,13.29,0.01,4,5316,买盘
1550,13:35:45,13.28,--,192,254976,买盘
1551,13:35:42,13.28,--,256,339968,买盘
1552,13:35:39,13.28,--,217,288176,买盘
1553,13:35:36,13.28,--,185,245680,卖盘
1554,13:35:33,13.28,--,5108,6783676,卖盘
1555,13:35:30,13.28,0.01,1683,2235024,买盘
1556,13:35:27,13.27,--,172,228244,卖盘
1557,13:35:24,13.27,--,147,195069,卖盘
1558,13:35:21,13.27,--,307,407389,卖盘
1559,13:35:18,13.27,0.01,287,381923,买盘
1560,13:35:15,13.26,-0.01,84,111384,卖盘
1561,13:35:12,13.27,0.01,589,781603,买盘
1562,13:35:09,13.26,-0.01,147,194922,卖盘
1563,13:35:06,13.27,0.01,206,273362,买盘
1564,13:35:03,13.26,--,280,371280,卖盘
1565,13:35:00,13.26,--,163,216138,买盘
1566,13:34:57,13.26,--,209,277134,买盘
1567,13:34:54,13.26,--,153,202878,买盘
1568,13:34:51,13.26,--,972,1288872,买盘
1569,13:34:48,13.26,0.01,111,147186,买盘
1570,13:34:45,13.25,--,38,50350,卖盘
1571,13:34:42,13.25,0.02,281,372325,买盘
1572,13:34:39,13.23,-0.03,24,31752,卖盘
1573,13:34:36,13.26,0.03,3585,4753710,买盘
1574,13:34:33,13.23,-0.01,1,1323,卖盘
1575,13:34:30,13.24,0.01,200,264800,买盘
1576,13:34:27,13.23,-0.01,111,146853,卖盘
1577,13:34:24,13.24,--,73,96652,买盘
1578,13:34:21,13.24,0.01,82,108568,买盘
1579,13:34:18,13.23,--,189,250047,买盘
1580,13:34:15,13.23,--,152,201096,买盘
1581,13:34:12,13.23,--,109,144207,买盘
1582,13:34:09,13.23,0.01,5,6615,买盘
1583,13:34:06,13.22,-0.01,51,67422,卖盘
1584,13:34:03,13.23,--,62,82026,买盘
1585,13:34:00,13.23,0.01,89,117747,买盘
1586,13:33:57,13.22,--,12,15864,买盘
1587,13:33:54,13.22,-0.01,8,10576,中性盘
1588,13:33:51,13.23,0.02,96,127008,买盘
1589,13:33:48,13.21,-0.02,122,161162,卖盘
1590,13:33:45,13.23,--,48,63504,买盘
1591,13:33:42,13.23,0.01,55,72765,买盘
1592,13:33:39,13.22,--,13,17186,买盘
1593,13:33:36,13.22,0.01,400,528800,买盘
1594,13:33:33,13.21,--,28,36988,卖盘
1595,13:33:30,13.21,-0.02,1,1321,卖盘
1596,13:33:27,13.23,0.02,3,3969,买盘
1597,13:33:24,13.21,-0.01,76,100396,卖盘
1598,13:33:21,13.22,--,4,5288,买盘
1599,13:33:18,13.22,--,3,3966,买盘
1600,13:33:15,13.22,--,22,29084,卖盘
1601,13:33:12,13.22,--,106,140132,卖盘
1602,13:33:09,13.22,0.01,34,44948,中性盘
1603,13:33:00,13.21,--,85,112285,买盘
1604,13:32:57,13.21,-0.01,73,96433,卖盘
1605,13:32:54,13.22,--,20,26440,卖盘
1606,13:32:51,13.22,--,8,10576,卖盘
1607,13:32:48,13.22,-0.01,159,210198,卖盘
1608,13:32:45,13.23,0.01,37,48951,买盘
1609,13:32:42,13.22,-0.01,229,302738,卖盘
1610,13:32:39,13.23,0.01,6,7938,买盘
1611,13:32:36,13.22,0.01,245,323890,买盘
1612,13:32:33,13.21,0.01,3,3963,买盘
1613,13:32:30,13.2,-0.01,110,145200,卖盘
1614,13:32:27,13.21,--,32,42272,买盘
1615,13:32:24,13.21,--,81,107001,买盘
1616,13:32:18,13.21,0.02,517,682957,买盘
1617,13:32:15,13.19,--,71,94717,买盘
1618,13:32:12,13.19,--,334,440546,买盘
1619,13:32:09,13.19,--,41,54079,买盘
1620,13:32:06,13.19,--,53,69907,买盘
1621,13:32:03,13.19,--,5,6595,买盘
1622,13:32:00,13.19,0.02,60,79140,买盘
1623,13:31:57,13.17,-0.02,9,11853,卖盘
1624,13:31:51,13.19,0.02,29,38251,买盘
1625,13:31:48,13.17,-0.02,415,546555,卖盘
1626,13:31:45,13.19,--,43,56717,买盘
1627,13:31:42,13.19,0.02,91,120029,买盘
1628,13:31:39,13.17,-0.02,57,75069,卖盘
1629,13:31:36,13.19,0.01,4,5276,买盘
1630,13:31:33,13.18,0.02,30,39540,中性盘
1631,13:31:30,13.16,-0.02,214,281624,卖盘
1632,13:31:27,13.18,0.01,121,159478,买盘
1633,13:31:24,13.17,-0.01,436,574212,卖盘
1634,13:31:21,13.18,--,138,181884,买盘
1635,13:31:18,13.18,--,1,1318,买盘
1636,13:31:15,13.18,0.01,270,355860,买盘
1637,13:31:12,13.17,-0.01,108,142236,卖盘
1638,13:31:09,13.18,0.01,90,118620,买盘
1639,13:31:06,13.17,-0.01,94,123798,卖盘
1640,13:31:03,13.18,0.01,23,30314,买盘
1641,13:30:57,13.17,--,32,42144,卖盘
1642,13:30:54,13.17,--,412,542604,卖盘
1643,13:30:51,13.17,--,332,437244,卖盘
1644,13:30:48,13.17,-0.01,86,113262,卖盘
1645,13:30:45,13.18,--,67,88306,买盘
1646,13:30:42,13.18,--,8,10544,买盘
1647,13:30:39,13.18,0.01,10,13180,买盘
1648,13:30:36,13.17,--,260,342420,卖盘
1649,13:30:33,13.17,-0.02,1,1317,卖盘
1650,13:30:30,13.19,0.02,127,167513,买盘
1651,13:30:27,13.17,-0.01,59,77703,卖盘
1652,13:30:21,13.18,-0.01,165,217470,卖盘
1653,13:30:18,13.19,0.01,105,138495,买盘
1654,13:30:15,13.18,-0.01,41,54038,卖盘
1655,13:30:12,13.19,--,607,800633,买盘
1656,13:30:09,13.19,--,45,59355,买盘
1657,13:30:06,13.19,0.01,100,131900,买盘
1658,13:30:03,13.18,-0.01,20,26360,卖盘
1659,13:30:00,13.19,--,6,7914,买盘
1660,13:29:57,13.19,0.01,2,2638,买盘
1661,13:29:54,13.18,--,10,13180,卖盘
1662,13:29:51,13.18,--,117,154206,卖盘
1663,13:29:45,13.18,-0.01,50,65900,卖盘
1664,13:29:42,13.19,0.01,23,30337,买盘
1665,13:29:39,13.18,--,34,44812,卖盘
1666,13:29:36,13.18,--,26,34268,卖盘
1667,13:29:33,13.18,-0.01,6,7908,卖盘
1668,13:29:30,13.19,0.01,36,47484,买盘
1669,13:29:27,13.18,-0.01,60,79080,卖盘
1670,13:29:24,13.19,0.01,1,1319,买盘
1671,13:29:21,13.18,--,100,131800,卖盘
1672,13:29:18,13.18,-0.01,38,50084,卖盘
1673,13:29:15,13.19,--,6,7914,买盘
1674,13:29:12,13.19,0.01,61,80459,买盘
1675,13:29:09,13.18,-0.01,17,22406,卖盘
1676,13:29:00,13.19,--,32,42208,买盘
1677,13:28:57,13.19,0.01,31,40889,买盘
1678,13:28:54,13.18,--,2,2636,卖盘
1679,13:28:51,13.18,-0.01,683,900932,卖盘
1680,13:28:48,13.19,--,37,48803,卖盘
1681,13:28:45,13.19,-0.01,1017,1341423,卖盘
1682,13:28:42,13.2,0.01,20,26400,买盘
1683,13:28:39,13.19,-0.01,125,164875,卖盘
1684,13:28:36,13.2,--,21,27720,买盘
1685,13:28:33,13.2,--,308,406560,买盘
1686,13:28:30,13.2,-0.01,56,73920,卖盘
1687,13:28:27,13.21,0.01,42,55482,买盘
1688,13:28:24,13.2,--,54,71280,卖盘
1689,13:28:18,13.2,-0.01,82,108240,卖盘
1690,13:28:15,13.21,--,20,26420,买盘
1691,13:28:12,13.21,0.01,10,13210,买盘
1692,13:28:09,13.2,-0.01,21,27720,卖盘
1693,13:28:00,13.21,-0.01,58,76618,中性盘
1694,13:27:57,13.22,0.02,6,7932,买盘
1695,13:27:54,13.2,-0.02,200,264000,卖盘
1696,13:27:51,13.22,--,26,34372,买盘
1697,13:27:48,13.22,0.02,100,132200,买盘
1698,13:27:45,13.2,--,73,96360,卖盘
1699,13:27:42,13.2,--,13,17160,卖盘
1700,13:27:39,13.2,--,1,1320,卖盘
1701,13:27:36,13.2,-0.02,17,22440,卖盘
1702,13:27:33,13.22,0.02,18,23796,买盘
1703,13:27:27,13.2,-0.02,141,186120,卖盘
1704,13:27:24,13.22,--,3,3966,买盘
1705,13:27:21,13.22,--,5,6610,买盘
1706,13:27:18,13.22,-0.01,34,44948,卖盘
1707,13:27:15,13.23,--,7,9261,买盘
1708,13:27:12,13.23,0.01,19,25137,买盘
1709,13:27:09,13.22,--,4,5288,卖盘
1710,13:27:06,13.22,0.01,164,216808,买盘
1711,13:27:03,13.21,--,230,303830,买盘
1712,13:27:00,13.21,--,2,2642,买盘
1713,13:26:57,13.21,0.01,29,38309,买盘
1714,13:26:54,13.2,--,10,13200,卖盘
1715,13:26:51,13.2,-0.01,1,1320,卖盘
1716,13:26:48,13.21,0.01,2,2642,买盘
1717,13:26:42,13.2,-0.01,20,26400,卖盘
1718,13:26:39,13.21,--,2,2642,买盘
1719,13:26:36,13.21,--,56,73976,卖盘
1720,13:26:33,13.21,-0.01,508,671068,卖盘
1721,13:26:30,13.22,0.01,50,66100,买盘
1722,13:26:27,13.21,--,12,15852,买盘
1723,13:26:24,13.21,-0.01,41,54161,中性盘
1724,13:26:15,13.22,0.02,6,7932,买盘
1725,13:26:12,13.2,-0.01,92,121440,卖盘
1726,13:26:09,13.21,--,15,19815,卖盘
1727,13:26:06,13.21,--,9,11889,卖盘
1728,13:26:03,13.21,--,26,34346,买盘
1729,13:26:00,13.21,--,3,3963,买盘
1730,13:25:57,13.21,--,12,15852,买盘
1731,13:25:51,13.21,-0.01,42,55482,中性盘
1732,13:25:48,13.22,0.02,61,80642,买盘
1733,13:25:45,13.2,-0.01,300,396000,卖盘
1734,13:25:42,13.21,--,15,19815,买盘
1735,13:25:39,13.21,0.01,23,30383,中性盘
1736,13:25:36,13.2,--,303,399960,卖盘
1737,13:25:33,13.2,-0.01,11,14520,卖盘
1738,13:25:30,13.21,0.01,5,6605,中性盘
1739,13:25:27,13.2,-0.02,24,31680,卖盘
1740,13:25:24,13.22,0.02,39,51558,买盘
1741,13:25:21,13.2,--,10,13200,卖盘
1742,13:25:18,13.2,-0.02,106,139920,卖盘
1743,13:25:15,13.22,0.02,64,84608,买盘
1744,13:25:12,13.2,-0.02,48,63360,卖盘
1745,13:25:09,13.22,0.02,152,201142,买盘
1746,13:25:06,13.2,--,24,31680,卖盘
1747,13:25:00,13.2,--,4,5280,买盘
1748,13:24:57,13.2,0.01,3,3960,买盘
1749,13:24:54,13.19,-0.02,163,214997,卖盘
1750,13:24:51,13.21,0.01,1211,1599731,买盘
1751,13:24:48,13.2,0.01,20,26400,买盘
1752,13:24:45,13.19,-0.01,33,43527,卖盘
1753,13:24:42,13.2,--,201,265320,买盘
1754,13:24:39,13.2,--,75,99000,买盘
1755,13:24:36,13.2,0.01,2,2640,买盘
1756,13:24:33,13.19,--,1,1319,卖盘
1757,13:24:30,13.19,-0.01,50,65950,卖盘
1758,13:24:24,13.2,0.01,652,860640,买盘
1759,13:24:21,13.19,--,20,26380,卖盘
1760,13:24:18,13.19,-0.01,63,83097,卖盘
1761,13:24:15,13.2,--,250,330000,买盘
1762,13:24:12,13.2,--,3,3960,买盘
1763,13:24:09,13.2,--,4,5280,买盘
1764,13:24:03,13.2,0.01,4,5280,买盘
1765,13:24:00,13.19,-0.01,11,14509,卖盘
1766,13:23:57,13.2,--,26,34320,买盘
1767,13:23:54,13.2,--,2,2640,买盘
1768,13:23:51,13.2,0.01,2,2640,买盘
1769,13:23:42,13.19,-0.01,89,117391,卖盘
1770,13:23:39,13.2,--,1,1320,买盘
1771,13:23:36,13.2,0.01,1,1320,买盘
1772,13:23:33,13.19,-0.01,1,1319,卖盘
1773,13:23:30,13.2,--,4,5280,买盘
1774,13:23:27,13.2,--,5,6600,买盘
1775,13:23:24,13.2,--,2,2640,买盘
1776,13:23:21,13.2,0.01,3,3960,买盘
1777,13:23:18,13.19,-0.01,45,59355,卖盘
1778,13:23:15,13.2,--,3,3960,买盘
1779,13:23:12,13.2,0.01,79,104280,买盘
1780,13:23:09,13.19,--,13,17147,卖盘
1781,13:23:03,13.19,--,114,150366,卖盘
1782,13:23:00,13.19,-0.01,1,1319,卖盘
1783,13:22:57,13.2,--,1,1320,买盘
1784,13:22:54,13.2,0.01,23,30360,买盘
1785,13:22:51,13.19,--,28,36932,卖盘
1786,13:22:48,13.19,--,20,26380,卖盘
1787,13:22:42,13.19,-0.01,1,2598,卖盘
1788,13:22:39,13.2,0.02,171,226142,买盘
1789,13:22:36,13.18,--,26,34268,卖盘
1790,13:22:33,13.18,-0.01,9,11862,卖盘
1791,13:22:27,13.19,--,1,1319,买盘
1792,13:22:24,13.19,0.01,1,1319,买盘
1793,13:22:21,13.18,-0.01,4,5272,卖盘
1794,13:22:18,13.19,--,54,71226,买盘
1795,13:22:15,13.19,0.01,4,5276,卖盘
1796,13:22:12,13.18,-0.01,96,126541,卖盘
1797,13:22:09,13.19,--,2,2638,买盘
1798,13:22:06,13.19,-0.01,589,778104,卖盘
1799,13:22:00,13.2,0.01,8,10560,买盘
1800,13:21:57,13.19,-0.01,4,5276,卖盘
1801,13:21:54,13.2,0.01,1,1320,买盘
1802,13:21:51,13.19,--,118,155642,卖盘
1803,13:21:48,13.19,-0.01,23,30337,卖盘
1804,13:21:45,13.2,--,9,11880,买盘
1805,13:21:42,13.2,0.01,3,3960,买盘
1806,13:21:36,13.19,-0.01,71,93649,卖盘
1807,13:21:33,13.2,--,4,5280,买盘
1808,13:21:30,13.2,--,1,1320,买盘
1809,13:21:24,13.2,--,32,42240,买盘
1810,13:21:21,13.2,0.01,20,26400,买盘
1811,13:21:15,13.19,--,81,106944,卖盘
1812,13:21:12,13.19,-0.01,11,14509,卖盘
1813,13:21:09,13.2,0.01,1,1320,买盘
1814,13:21:06,13.19,-0.01,87,114753,卖盘
1815,13:21:03,13.2,--,27,35640,买盘
1816,13:21:00,13.2,--,136,179520,买盘
1817,13:20:57,13.2,--,18,23760,买盘
1818,13:20:51,13.2,0.01,25,33000,买盘
1819,13:20:48,13.19,-0.02,8,10552,卖盘
1820,13:20:45,13.21,0.01,23,30383,买盘
1821,13:20:42,13.2,--,87,114972,卖盘
1822,13:20:39,13.2,--,103,135960,卖盘
1823,13:20:36,13.2,-0.01,92,121440,卖盘
1824,13:20:33,13.21,--,43,57516,买盘
1825,13:20:30,13.21,--,19,25099,买盘
1826,13:20:27,13.21,0.01,1,1321,买盘
1827,13:20:24,13.2,-0.01,26,34320,卖盘
1828,13:20:21,13.21,0.01,120,158520,买盘
1829,13:20:18,13.2,--,26,34320,卖盘
1830,13:20:15,13.2,--,93,123235,卖盘
1831,13:20:12,13.2,0.01,61,80520,中性盘
1832,13:20:03,13.19,-0.01,84,110796,卖盘
1833,13:20:00,13.2,--,12,15840,卖盘
1834,13:19:57,13.2,--,309,407880,买盘
1835,13:19:54,13.2,0.01,56,73920,买盘
1836,13:19:51,13.19,-0.01,34,44846,卖盘
1837,13:19:48,13.2,--,2,2640,买盘
1838,13:19:45,13.2,--,1,1320,买盘
1839,13:19:42,13.2,--,15,19800,买盘
1840,13:19:36,13.2,--,4,5280,买盘
1841,13:19:33,13.2,--,26,34320,买盘
1842,13:19:30,13.2,--,42,55440,买盘
1843,13:19:27,13.2,--,72,95040,买盘
1844,13:19:24,13.2,--,1,1320,买盘
1845,13:19:21,13.2,-0.01,679,896280,卖盘
1846,13:19:15,13.21,0.01,23,30383,买盘
1847,13:19:12,13.2,--,79,104280,卖盘
1848,13:19:06,13.2,-0.01,79,104280,卖盘
1849,13:19:03,13.21,--,11,14531,买盘
1850,13:19:00,13.21,0.01,8,10568,买盘
1851,13:18:54,13.2,-0.01,70,92400,卖盘
1852,13:18:48,13.21,--,9,11889,买盘
1853,13:18:45,13.21,--,11,14531,买盘
1854,13:18:36,13.21,--,121,159841,买盘
1855,13:18:33,13.21,-0.02,129,171399,卖盘
1856,13:18:27,13.23,0.02,77,101871,买盘
1857,13:18:24,13.21,--,3031,4003951,卖盘
1858,13:18:21,13.21,-0.01,5,6605,卖盘
1859,13:18:18,13.22,--,342,452124,买盘
1860,13:18:15,13.22,0.01,13,17186,买盘
1861,13:18:12,13.21,--,87,114927,卖盘
1862,13:18:09,13.21,-0.01,130,171730,卖盘
1863,13:18:06,13.22,--,263,347686,买盘
1864,13:18:03,13.22,--,11,14542,买盘
1865,13:18:00,13.22,--,768,1015296,卖盘
1866,13:17:57,13.22,--,35,46270,卖盘
1867,13:17:54,13.22,--,24,31728,卖盘
1868,13:17:51,13.22,--,15,19830,卖盘
1869,13:17:48,13.22,--,103,136166,买盘
1870,13:17:45,13.22,0.01,115,152030,买盘
1871,13:17:42,13.21,-0.01,84,110964,卖盘
1872,13:17:39,13.22,-0.01,1,1322,买盘
1873,13:17:36,13.23,--,344,455112,买盘
1874,13:17:33,13.23,--,90,119070,买盘
1875,13:17:30,13.23,0.01,21,27783,买盘
1876,13:17:27,13.22,--,496,655712,卖盘
1877,13:17:24,13.22,--,20,26440,卖盘
1878,13:17:21,13.22,--,98,129556,卖盘
1879,13:17:18,13.22,-0.01,227,300094,卖盘
1880,13:17:15,13.23,0.01,164,216972,买盘
1881,13:17:12,13.22,-0.01,54,71388,卖盘
1882,13:17:09,13.23,--,22,29106,买盘
1883,13:17:06,13.23,0.01,156,206388,买盘
1884,13:17:03,13.22,-0.01,10,13220,卖盘
1885,13:17:00,13.23,--,126,166698,买盘
1886,13:16:57,13.23,--,72,95256,买盘
1887,13:16:54,13.23,-0.01,30,40232,卖盘
1888,13:16:51,13.24,0.01,63,84193,买盘
1889,13:16:48,13.23,-0.01,1,1323,中性盘
1890,13:16:45,13.24,0.01,347,459428,买盘
1891,13:16:42,13.23,--,10,13230,买盘
1892,13:16:39,13.23,--,47,62181,卖盘
1893,13:16:36,13.23,--,97,128331,卖盘
1894,13:16:33,13.23,-0.01,1,1323,卖盘
1895,13:16:30,13.24,--,77,101948,买盘
1896,13:16:27,13.24,0.02,103,136372,买盘
1897,13:16:24,13.22,-0.01,9,11898,卖盘
1898,13:16:21,13.23,--,183,242109,买盘
1899,13:16:18,13.23,--,2,2646,买盘
1900,13:16:15,13.23,0.01,36,47628,买盘
1901,13:16:09,13.22,--,26,34372,卖盘
1902,13:16:06,13.22,--,168,222096,卖盘
1903,13:16:03,13.22,-0.01,31,40982,卖盘
1904,13:16:00,13.23,--,28,37044,买盘
1905,13:15:57,13.23,0.01,256,338688,买盘
1906,13:15:54,13.22,--,4,5288,卖盘
1907,13:15:51,13.22,-0.01,2,2644,卖盘
1908,13:15:48,13.23,--,13,17199,买盘
1909,13:15:45,13.23,-0.01,74,97902,中性盘
1910,13:15:42,13.24,--,294,389520,买盘
1911,13:15:39,13.24,0.01,107,141668,买盘
1912,13:15:36,13.23,--,119,157437,卖盘
1913,13:15:33,13.23,-0.01,13,17199,卖盘
1914,13:15:30,13.24,--,18,23832,买盘
1915,13:15:27,13.24,--,30,39720,买盘
1916,13:15:24,13.24,0.01,20,26480,买盘
1917,13:15:21,13.23,-0.01,56,74088,卖盘
1918,13:15:18,13.24,--,41,54284,买盘
1919,13:15:15,13.24,--,19,25156,买盘
1920,13:15:12,13.24,0.01,22,30187,买盘
1921,13:15:09,13.23,--,88,116424,卖盘
1922,13:15:06,13.23,--,43,56889,卖盘
1923,13:15:03,13.23,--,15,19845,卖盘
1924,13:15:00,13.23,-0.01,146,193158,卖盘
1925,13:14:57,13.24,--,7,9268,买盘
1926,13:14:54,13.24,--,40,52960,买盘
1927,13:14:51,13.24,--,73,96652,买盘
1928,13:14:48,13.24,0.01,7,9268,买盘
1929,13:14:45,13.23,-0.01,524,693252,卖盘
1930,13:14:42,13.24,--,91,120484,买盘
1931,13:14:39,13.24,--,50,66200,买盘
1932,13:14:36,13.24,--,55,72820,买盘
1933,13:14:33,13.24,--,75,99300,买盘
1934,13:14:30,13.24,0.01,111,146964,买盘
1935,13:14:27,13.23,-0.01,380,502740,卖盘
1936,13:14:24,13.24,0.01,1,1324,买盘
1937,13:14:21,13.23,--,125,165375,卖盘
1938,13:14:18,13.23,--,187,247401,卖盘
1939,13:14:15,13.23,--,99,130977,买盘
1940,13:14:12,13.23,--,20,26460,买盘
1941,13:14:09,13.23,0.01,133,175959,买盘
1942,13:14:06,13.22,-0.01,39,51558,卖盘
1943,13:14:03,13.23,--,41,54243,卖盘
1944,13:14:00,13.23,0.01,36,47628,买盘
1945,13:13:57,13.22,--,112,148064,卖盘
1946,13:13:54,13.22,--,103,136166,卖盘
1947,13:13:51,13.22,-0.01,66,87252,卖盘
1948,13:13:48,13.23,-0.01,79,104517,买盘
1949,13:13:45,13.24,0.01,2,2648,买盘
1950,13:13:42,13.23,--,99,130977,买盘
1951,13:13:39,13.23,--,86,113778,买盘
1952,13:13:36,13.23,-0.01,73,96579,中性盘
1953,13:13:33,13.24,--,227,300548,买盘
1954,13:13:30,13.24,0.01,169,223756,买盘
1955,13:13:27,13.23,--,29,38367,买盘
1956,13:13:24,13.23,--,137,181251,买盘
1957,13:13:21,13.23,0.01,300,396900,买盘
1958,13:13:18,13.22,-0.01,185,244570,卖盘
1959,13:13:15,13.23,--,5,6615,买盘
1960,13:13:12,13.23,--,352,465696,买盘
1961,13:13:09,13.23,--,95,125685,买盘
1962,13:13:06,13.23,--,364,481572,买盘
1963,13:13:03,13.23,--,61,80703,买盘
1964,13:13:00,13.23,--,88,116424,买盘
1965,13:12:57,13.23,0.01,7,9261,买盘
1966,13:12:54,13.22,--,384,507648,买盘
1967,13:12:51,13.22,--,81,107082,买盘
1968,13:12:48,13.22,--,300,396600,买盘
1969,13:12:45,13.22,0.01,524,692728,买盘
1970,13:12:42,13.21,-0.01,705,931305,卖盘
1971,13:12:39,13.22,--,41,54202,买盘
1972,13:12:36,13.22,0.01,52,68744,买盘
1973,13:12:33,13.21,-0.01,26,34346,卖盘
1974,13:12:30,13.22,--,124,163928,买盘
1975,13:12:27,13.22,0.01,1,1322,买盘
1976,13:12:24,13.21,--,59,78269,买盘
1977,13:12:21,13.21,--,489,645969,买盘
1978,13:12:18,13.21,0.01,365,482165,买盘
1979,13:12:15,13.2,-0.01,247,327030,卖盘
1980,13:12:12,13.21,--,11,14531,卖盘
1981,13:12:09,13.21,--,685,905215,买盘
1982,13:12:06,13.21,--,8,10568,买盘
1983,13:12:03,13.21,0.01,178,235138,买盘
1984,13:11:57,13.2,--,65,85800,卖盘
1985,13:11:54,13.2,-0.01,223,294360,卖盘
1986,13:11:51,13.21,0.01,17,22457,买盘
1987,13:11:48,13.2,-0.01,11,14520,卖盘
1988,13:11:42,13.21,--,50,66050,买盘
1989,13:11:39,13.21,--,51,67371,买盘
1990,13:11:36,13.21,--,4,5284,买盘
1991,13:11:33,13.21,0.01,98,129458,买盘
1992,13:11:30,13.2,--,28,36960,买盘
1993,13:11:27,13.2,--,85,112200,卖盘
1994,13:11:24,13.2,-0.01,15,19800,中性盘
1995,13:11:21,13.21,0.01,527,696167,买盘
1996,13:11:15,13.2,--,2010,2653200,买盘
1997,13:11:12,13.2,--,40,52800,买盘
1998,13:11:09,13.2,--,4,5280,买盘
1999,13:11:03,13.2,0.01,106,139920,买盘
2000,13:11:00,13.19,-0.01,61,80459,卖盘
2001,13:10:57,13.2,0.01,1,1320,买盘
2002,13:10:51,13.19,-0.01,211,278309,卖盘
2003,13:10:48,13.2,--,69,91080,买盘
2004,13:10:45,13.2,--,25,33000,买盘
2005,13:10:42,13.2,--,2,2640,买盘
2006,13:10:39,13.2,--,50,66000,买盘
2007,13:10:36,13.2,--,2,2640,买盘
2008,13:10:33,13.2,0.01,7,9240,买盘
2009,13:10:27,13.19,-0.01,21,27699,卖盘
2010,13:10:24,13.2,0.01,8,10560,买盘
2011,13:10:21,13.19,-0.01,17,22423,卖盘
2012,13:10:15,13.2,0.01,9,11880,买盘
2013,13:10:12,13.19,-0.01,20,26380,卖盘
2014,13:10:09,13.2,0.01,16,21120,买盘
2015,13:10:03,13.19,--,6,7914,卖盘
2016,13:10:00,13.19,--,59,77821,卖盘
2017,13:09:57,13.19,-0.01,94,123986,中性盘
2018,13:09:54,13.2,0.01,110,145200,买盘
2019,13:09:51,13.19,--,247,325806,卖盘
2020,13:09:48,13.19,-0.01,6,7914,卖盘
2021,13:09:45,13.2,--,4,5280,买盘
2022,13:09:42,13.2,0.01,67,88440,买盘
2023,13:09:39,13.19,-0.01,57,75183,卖盘
2024,13:09:36,13.2,--,3,3960,买盘
2025,13:09:33,13.2,0.01,37,48840,买盘
2026,13:09:30,13.19,--,31,40889,卖盘
2027,13:09:27,13.19,--,4,5276,卖盘
2028,13:09:24,13.19,-0.01,14,18466,卖盘
2029,13:09:15,13.2,--,4,5280,买盘
2030,13:09:12,13.2,--,5,6600,买盘
2031,13:09:09,13.2,--,3,3960,买盘
2032,13:09:06,13.2,--,1,1320,买盘
2033,13:09:03,13.2,--,20,26400,买盘
2034,13:09:00,13.2,--,24,31680,买盘
2035,13:08:57,13.2,0.02,174,230986,买盘
2036,13:08:54,13.18,--,73,96214,卖盘
2037,13:08:48,13.18,-0.01,8,10544,卖盘
2038,13:08:45,13.19,--,45,59355,买盘
2039,13:08:42,13.19,--,1,1319,买盘
2040,13:08:39,13.19,--,10,13190,买盘
2041,13:08:36,13.19,--,1,1319,买盘
2042,13:08:33,13.19,--,58,76502,买盘
2043,13:08:30,13.19,0.01,1,1319,买盘
2044,13:08:27,13.18,--,18,23724,卖盘
2045,13:08:18,13.18,--,6,7908,卖盘
2046,13:08:15,13.18,--,32,42176,买盘
2047,13:08:09,13.18,--,1,1318,买盘
2048,13:08:06,13.18,-0.01,2,2636,买盘
2049,13:08:00,13.19,0.01,230,303370,买盘
2050,13:07:57,13.18,-0.01,56,73808,中性盘
2051,13:07:51,13.19,--,377,497263,买盘
2052,13:07:48,13.19,--,24,31656,买盘
2053,13:07:42,13.19,0.01,382,503858,买盘
2054,13:07:39,13.18,--,3,3954,卖盘
2055,13:07:33,13.18,-0.01,6,7908,卖盘
2056,13:07:27,13.19,0.01,2,2638,买盘
2057,13:07:24,13.18,--,100,131800,卖盘
2058,13:07:21,13.18,--,31,40858,卖盘
2059,13:07:18,13.18,-0.01,200,263600,卖盘
2060,13:07:15,13.19,--,2,2638,买盘
2061,13:07:12,13.19,0.01,2,2638,买盘
2062,13:07:06,13.18,--,22,28996,卖盘
2063,13:07:03,13.18,-0.01,5,6590,卖盘
2064,13:07:00,13.19,--,373,491987,买盘
2065,13:06:57,13.19,0.01,41,54079,买盘
2066,13:06:54,13.18,-0.01,20,26360,卖盘
2067,13:06:51,13.19,0.01,84,110796,买盘
2068,13:06:45,13.18,-0.01,60,79080,卖盘
2069,13:06:42,13.19,--,3,3957,买盘
2070,13:06:33,13.19,0.01,8,10552,买盘
2071,13:06:30,13.18,-0.01,6,7908,卖盘
2072,13:06:27,13.19,0.01,1,1319,买盘
2073,13:06:24,13.18,-0.01,7,9226,卖盘
2074,13:06:21,13.19,0.01,1,1319,买盘
2075,13:06:18,13.18,--,177,233286,买盘
2076,13:06:15,13.18,--,24,31632,买盘
2077,13:06:12,13.18,0.01,3,3954,买盘
2078,13:06:03,13.17,--,6,7902,卖盘
2079,13:06:00,13.17,-0.02,27,35559,卖盘
2080,13:05:57,13.19,--,1,1319,买盘
2081,13:05:54,13.19,--,131,172789,买盘
2082,13:05:51,13.19,0.02,32,42208,买盘
2083,13:05:48,13.17,-0.01,82,107994,卖盘
2084,13:05:45,13.18,0.01,4,5272,买盘
2085,13:05:42,13.17,-0.01,8,10536,卖盘
2086,13:05:36,13.18,-0.01,68,89624,卖盘
2087,13:05:33,13.19,0.01,102,134538,买盘
2088,13:05:27,13.18,-0.01,2,2636,卖盘
2089,13:05:24,13.19,0.01,3,3957,买盘
2090,13:05:21,13.18,--,32,42176,卖盘
2091,13:05:18,13.18,-0.01,5,6590,卖盘
2092,13:05:15,13.19,0.01,2,2638,买盘
2093,13:05:12,13.18,-0.01,2,2636,卖盘
2094,13:05:09,13.19,0.01,83,109477,买盘
2095,13:05:06,13.18,-0.01,137,180566,卖盘
2096,13:05:03,13.19,--,15,19785,买盘
2097,13:05:00,13.19,0.01,9,11871,买盘
2098,13:04:57,13.18,0.01,2,2636,买盘
2099,13:04:54,13.17,-0.01,43,56631,卖盘
2100,13:04:51,13.18,-0.01,101,133118,中性盘
2101,13:04:48,13.19,0.01,89,117391,买盘
2102,13:04:45,13.18,--,12,15816,买盘
2103,13:04:42,13.18,--,31,40858,买盘
2104,13:04:39,13.18,--,57,75126,卖盘
2105,13:04:36,13.18,--,20,26360,卖盘
2106,13:04:33,13.18,--,23,30314,卖盘
2107,13:04:30,13.18,-0.01,18,23724,卖盘
2108,13:04:27,13.19,0.01,1,1319,买盘
2109,13:04:24,13.18,-0.01,38,50084,卖盘
2110,13:04:18,13.19,0.01,1,1319,买盘
2111,13:04:15,13.18,--,15,19770,卖盘
2112,13:04:12,13.18,--,63,83034,买盘
2113,13:04:09,13.18,0.01,4,5272,买盘
2114,13:04:06,13.17,-0.01,12,15804,卖盘
2115,13:04:00,13.18,-0.01,43,56674,卖盘
2116,13:03:57,13.19,0.01,1,1319,买盘
2117,13:03:51,13.18,-0.01,115,151570,卖盘
2118,13:03:48,13.19,0.01,4,5276,买盘
2119,13:03:45,13.18,--,75,98850,卖盘
2120,13:03:42,13.18,--,15,19770,卖盘
2121,13:03:39,13.18,--,3,3954,卖盘
2122,13:03:36,13.18,--,2,2636,卖盘
2123,13:03:33,13.18,-0.01,24,31632,卖盘
2124,13:03:30,13.19,0.02,154,203126,买盘
2125,13:03:27,13.17,--,2,2634,卖盘
2126,13:03:18,13.17,--,2,2634,卖盘
2127,13:03:15,13.17,-0.01,98,129066,卖盘
2128,13:03:12,13.18,--,184,242512,买盘
2129,13:03:09,13.18,--,112,147616,买盘
2130,13:03:06,13.18,0.01,14,18452,买盘
2131,13:03:03,13.17,-0.01,2,2634,卖盘
2132,13:03:00,13.18,--,10,13180,买盘
2133,13:02:57,13.18,0.01,27,35586,买盘
2134,13:02:54,13.17,-0.01,7,9219,卖盘
2135,13:02:51,13.18,0.01,1,1318,买盘
2136,13:02:48,13.17,-0.01,51,67167,卖盘
2137,13:02:45,13.18,0.01,26,34268,买盘
2138,13:02:42,13.17,--,77,101409,卖盘
2139,13:02:39,13.17,--,2,2634,卖盘
2140,13:02:33,13.17,--,1,1317,卖盘
2141,13:02:30,13.17,-0.01,44,57948,卖盘
2142,13:02:24,13.18,--,47,61946,买盘
2143,13:02:15,13.18,--,23,30314,买盘
2144,13:02:09,13.18,0.01,2,2636,买盘
2145,13:02:06,13.17,-0.01,2,2634,卖盘
2146,13:02:03,13.18,0.02,36,47448,买盘
2147,13:01:57,13.16,-0.02,2,2632,卖盘
2148,13:01:54,13.18,--,7,9226,买盘
2149,13:01:51,13.18,0.02,3,3954,买盘
2150,13:01:48,13.16,--,112,147392,卖盘
2151,13:01:45,13.16,--,157,206612,卖盘
2152,13:01:42,13.16,-0.02,2,2632,卖盘
2153,13:01:39,13.18,--,9,11862,买盘
2154,13:01:36,13.18,0.01,1,1318,买盘
2155,13:01:33,13.17,-0.01,39,51363,卖盘
2156,13:01:27,13.18,0.01,3,3954,买盘
2157,13:01:24,13.17,-0.01,23,30291,卖盘
2158,13:01:21,13.18,0.01,1,1318,买盘
2159,13:01:18,13.17,-0.01,158,208086,卖盘
2160,13:01:15,13.18,--,5,6590,买盘
2161,13:01:12,13.18,0.01,13,17134,买盘
2162,13:01:09,13.17,-0.01,2,2634,卖盘
2163,13:01:06,13.18,0.01,25,32950,买盘
2164,13:01:03,13.17,-0.01,2,2634,卖盘
2165,13:01:00,13.18,--,1,1318,买盘
2166,13:00:57,13.18,--,10,13180,买盘
2167,13:00:51,13.18,--,159,209562,卖盘
2168,13:00:48,13.18,--,72,94896,卖盘
2169,13:00:45,13.18,--,5,6590,卖盘
2170,13:00:42,13.18,-0.01,24,31632,中性盘
2171,13:00:39,13.19,--,603,796214,买盘
2172,13:00:36,13.19,--,6,7914,买盘
2173,13:00:33,13.19,--,6,7914,买盘
2174,13:00:30,13.19,--,84,110796,买盘
2175,13:00:27,13.19,0.01,24,31656,买盘
2176,13:00:21,13.18,-0.01,3,3954,卖盘
2177,13:00:15,13.19,0.01,3,3957,买盘
2178,13:00:12,13.18,-0.01,332,437576,卖盘
2179,13:00:09,13.19,0.01,46,60674,买盘
2180,13:00:06,13.18,0.01,457,602787,买盘
2181,13:00:03,13.17,-0.01,2233,2940861,卖盘
2182,13:00:00,13.18,--,0,0,卖盘
2183,11:30:00,13.18,--,19,25042,卖盘
2184,11:29:57,13.18,-0.01,104,137072,卖盘
2185,11:29:54,13.19,--,1,1319,买盘
2186,11:29:51,13.19,0.01,35,46165,买盘
2187,11:29:48,13.18,--,144,189792,卖盘
2188,11:29:45,13.18,--,161,212198,卖盘
2189,11:29:42,13.18,-0.01,11,14498,卖盘
2190,11:29:39,13.19,--,235,309965,买盘
2191,11:29:36,13.19,0.01,137,180703,买盘
2192,11:29:33,13.18,--,41,54038,卖盘
2193,11:29:30,13.18,-0.01,152,200336,卖盘
2194,11:29:27,13.19,0.01,286,377234,买盘
2195,11:29:24,13.18,-0.01,63,83034,卖盘
2196,11:29:21,13.19,0.01,13,17147,买盘
2197,11:29:18,13.18,-0.01,5,6590,卖盘
2198,11:29:15,13.19,0.01,17,22423,买盘
2199,11:29:12,13.18,--,117,154206,卖盘
2200,11:29:09,13.18,--,134,176612,卖盘
2201,11:29:06,13.18,--,2,2636,卖盘
2202,11:29:03,13.18,-0.01,2,2636,卖盘
2203,11:29:00,13.19,--,26,34294,买盘
2204,11:28:57,13.19,0.01,1,1319,买盘
2205,11:28:54,13.18,-0.01,102,134436,卖盘
2206,11:28:51,13.19,--,160,211040,买盘
2207,11:28:48,13.19,--,37,48803,买盘
2208,11:28:45,13.19,0.01,95,125305,买盘
2209,11:28:39,13.18,--,7,9226,卖盘
2210,11:28:36,13.18,-0.01,46,60628,卖盘
2211,11:28:33,13.19,0.01,32,42208,买盘
2212,11:28:30,13.18,-0.01,17,22406,卖盘
2213,11:28:27,13.19,0.01,23,30337,买盘
2214,11:28:21,13.18,--,73,96214,买盘
2215,11:28:18,13.18,--,30,39540,卖盘
2216,11:28:15,13.18,-0.01,1,1318,卖盘
2217,11:28:12,13.19,0.02,21,27699,买盘
2218,11:28:09,13.17,--,11,14487,卖盘
2219,11:28:06,13.17,--,9,11853,卖盘
2220,11:28:03,13.17,--,1,1317,卖盘
2221,11:28:00,13.17,--,6,7902,卖盘
2222,11:27:57,13.17,-0.01,200,263400,卖盘
2223,11:27:54,13.18,0.01,22,28996,买盘
2224,11:27:51,13.17,--,12,15804,卖盘
2225,11:27:48,13.17,-0.01,113,148821,卖盘
2226,11:27:45,13.18,--,3,3954,买盘
2227,11:27:42,13.18,0.01,4,5272,卖盘
2228,11:27:39,13.17,-0.01,1088,1432896,卖盘
2229,11:27:36,13.18,--,198,260964,卖盘
2230,11:27:33,13.18,--,27,35586,卖盘
2231,11:27:30,13.18,--,7,9226,卖盘
2232,11:27:27,13.18,--,21,27678,卖盘
2233,11:27:24,13.18,--,12,15816,卖盘
2234,11:27:21,13.18,--,6,7908,卖盘
2235,11:27:18,13.18,--,59,77762,卖盘
2236,11:27:15,13.18,--,24,31632,买盘
2237,11:27:12,13.18,0.01,11,14498,买盘
2238,11:27:09,13.17,--,86,113262,卖盘
2239,11:27:06,13.17,-0.01,4,5268,卖盘
2240,11:27:03,13.18,--,1,1318,买盘
2241,11:27:00,13.18,--,73,96214,卖盘
2242,11:26:57,13.18,--,50,65900,卖盘
2243,11:26:54,13.18,--,8,10544,卖盘
2244,11:26:51,13.18,--,1,1318,卖盘
2245,11:26:45,13.18,-0.01,2,2636,卖盘
2246,11:26:42,13.19,0.02,87,114753,买盘
2247,11:26:36,13.17,--,98,129066,卖盘
2248,11:26:30,13.17,--,12,15804,卖盘
2249,11:26:27,13.17,-0.01,152,200184,卖盘
2250,11:26:24,13.18,--,6,7908,卖盘
2251,11:26:21,13.18,--,3,3954,卖盘
2252,11:26:18,13.18,-0.01,6,7908,卖盘
2253,11:26:15,13.19,--,85,112115,买盘
2254,11:26:12,13.19,0.02,1,1319,买盘
2255,11:26:09,13.17,-0.02,400,526800,卖盘
2256,11:26:06,13.19,0.01,14,18466,买盘
2257,11:26:03,13.18,--,1000,1318000,卖盘
2258,11:26:00,13.18,--,107,141026,卖盘
2259,11:25:57,13.18,--,2,2636,卖盘
2260,11:25:54,13.18,0.01,6,7908,买盘
2261,11:25:51,13.17,-0.01,2,2634,卖盘
2262,11:25:48,13.18,--,1,1318,买盘
2263,11:25:45,13.18,0.01,102,134436,买盘
2264,11:25:42,13.17,-0.01,2,2634,卖盘
2265,11:25:39,13.18,--,88,115984,买盘
2266,11:25:33,13.18,0.01,203,267554,买盘
2267,11:25:30,13.17,-0.01,1,1317,卖盘
2268,11:25:27,13.18,-0.01,1561,2057872,卖盘
2269,11:25:24,13.19,--,151,199169,卖盘
2270,11:25:21,13.19,--,131,172789,卖盘
2271,11:25:18,13.19,--,102,134538,卖盘
2272,11:25:15,13.19,-0.01,295,389105,卖盘
2273,11:25:12,13.2,0.01,1,1320,买盘
2274,11:25:09,13.19,-0.01,64,84416,卖盘
2275,11:25:06,13.2,0.01,36,47520,买盘
2276,11:25:03,13.19,--,16,21104,卖盘
2277,11:25:00,13.19,-0.01,51,67269,卖盘
2278,11:24:57,13.2,--,55,72600,买盘
2279,11:24:54,13.2,0.01,36,47520,买盘
2280,11:24:51,13.19,-0.01,194,255886,卖盘
2281,11:24:48,13.2,0.01,15,19800,买盘
2282,11:24:45,13.19,-0.01,91,120029,卖盘
2283,11:24:42,13.2,0.01,103,135960,买盘
2284,11:24:39,13.19,--,48,63312,卖盘
2285,11:24:36,13.19,-0.01,96,126624,卖盘
2286,11:24:33,13.2,0.01,5,6600,买盘
2287,11:24:30,13.19,-0.01,17,22423,卖盘
2288,11:24:27,13.2,0.01,61,80520,买盘
2289,11:24:24,13.19,-0.01,32,42208,卖盘
2290,11:24:21,13.2,--,7,9240,买盘
2291,11:24:18,13.2,0.01,68,89760,买盘
2292,11:24:15,13.19,--,70,92330,卖盘
2293,11:24:12,13.19,-0.01,22,29018,卖盘
2294,11:24:09,13.2,--,136,179520,买盘
2295,11:24:06,13.2,0.01,73,96360,买盘
2296,11:24:03,13.19,-0.01,2,2638,卖盘
2297,11:24:00,13.2,0.01,6,7920,买盘
2298,11:23:57,13.19,--,3,3957,卖盘
2299,11:23:54,13.19,--,153,201807,卖盘
2300,11:23:51,13.19,--,154,203126,卖盘
2301,11:23:48,13.19,-0.01,52,68588,卖盘
2302,11:23:45,13.2,--,33,43560,买盘
2303,11:23:42,13.2,--,10,13200,卖盘
2304,11:23:39,13.2,--,150,198000,卖盘
2305,11:23:36,13.2,--,140,184800,卖盘
2306,11:23:33,13.2,--,31,40920,卖盘
2307,11:23:30,13.2,-0.01,74,97680,卖盘
2308,11:23:27,13.21,0.01,23,30383,买盘
2309,11:23:24,13.2,--,29,38280,卖盘
2310,11:23:21,13.2,-0.01,31,40920,卖盘
2311,11:23:18,13.21,--,14,18494,买盘
2312,11:23:15,13.21,--,37,48877,买盘
2313,11:23:12,13.21,0.01,118,155878,买盘
2314,11:23:09,13.2,--,16,21120,卖盘
2315,11:23:06,13.2,--,56,73920,卖盘
2316,11:23:03,13.2,--,3,3960,卖盘
2317,11:23:00,13.2,--,139,183480,卖盘
2318,11:22:57,13.2,0.01,23,30360,卖盘
2319,11:22:54,13.19,-0.01,763,1006397,卖盘
2320,11:22:51,13.2,--,234,308880,买盘
2321,11:22:48,13.2,--,201,265320,买盘
2322,11:22:45,13.2,0.01,530,699600,买盘
2323,11:22:42,13.19,-0.01,439,579041,卖盘
2324,11:22:39,13.2,--,224,295680,买盘
2325,11:22:36,13.2,--,409,539880,买盘
2326,11:22:33,13.2,0.01,2244,2962080,买盘
2327,11:22:30,13.19,--,14,18466,卖盘
2328,11:22:27,13.19,-0.01,90,118710,卖盘
2329,11:22:24,13.2,0.01,51,67320,买盘
2330,11:22:21,13.19,--,172,227712,买盘
2331,11:22:18,13.19,--,46,60674,买盘
2332,11:22:15,13.19,--,112,147728,买盘
2333,11:22:09,13.19,--,425,560575,买盘
2334,11:22:06,13.19,0.01,41,54079,买盘
2335,11:22:03,13.18,--,39,51402,卖盘
2336,11:22:00,13.18,-0.01,16,21088,卖盘
2337,11:21:57,13.19,--,50,65950,买盘
2338,11:21:54,13.19,--,1,1319,买盘
2339,11:21:51,13.19,--,51,67269,买盘
2340,11:21:42,13.19,--,132,174108,买盘
2341,11:21:36,13.19,--,99,130581,买盘
2342,11:21:33,13.19,0.01,50,65950,买盘
2343,11:21:30,13.18,-0.01,1,1318,卖盘
2344,11:21:27,13.19,--,51,67269,买盘
2345,11:21:24,13.19,--,36,47484,买盘
2346,11:21:21,13.19,--,55,72545,买盘
2347,11:21:15,13.19,--,10,13190,买盘
2348,11:21:12,13.19,--,19,25061,买盘
2349,11:21:09,13.19,--,45,59355,买盘
2350,11:21:06,13.19,--,1,1319,买盘
2351,11:21:03,13.19,--,31,40889,买盘
2352,11:21:00,13.19,--,1,1319,买盘
2353,11:20:57,13.19,0.01,23,30337,买盘
2354,11:20:54,13.18,-0.01,1,1318,卖盘
2355,11:20:51,13.19,--,20,26380,买盘
2356,11:20:48,13.19,0.01,20,26380,买盘
2357,11:20:45,13.18,-0.01,2,2636,卖盘
2358,11:20:42,13.19,0.01,1,1319,买盘
2359,11:20:39,13.18,-0.01,3,3954,卖盘
2360,11:20:36,13.19,--,6,7914,买盘
2361,11:20:33,13.19,0.01,81,106839,买盘
2362,11:20:30,13.18,-0.01,79,104122,卖盘
2363,11:20:27,13.19,--,1,1319,买盘
2364,11:20:24,13.19,0.02,199,262481,买盘
2365,11:20:21,13.17,-0.01,2,2634,卖盘
2366,11:20:18,13.18,0.01,2,2636,卖盘
2367,11:20:15,13.17,-0.02,1,1317,卖盘
2368,11:20:12,13.19,0.01,1697,2238343,买盘
2369,11:20:09,13.18,0.01,20,26360,买盘
2370,11:20:06,13.17,-0.01,2,2634,卖盘
2371,11:20:03,13.18,--,3,3954,买盘
2372,11:20:00,13.18,0.01,27,35586,买盘
2373,11:19:57,13.17,--,14,18438,卖盘
2374,11:19:54,13.17,-0.01,26,34242,卖盘
2375,11:19:51,13.18,--,3,3954,买盘
2376,11:19:48,13.18,0.01,1,1318,买盘
2377,11:19:45,13.17,--,37,48729,卖盘
2378,11:19:42,13.17,-0.01,28,36876,卖盘
2379,11:19:39,13.18,0.01,14,18452,买盘
2380,11:19:36,13.17,--,43,56631,卖盘
2381,11:19:33,13.17,--,11,14487,卖盘
2382,11:19:30,13.17,-0.01,101,133017,卖盘
2383,11:19:27,13.18,--,12,15816,卖盘
2384,11:19:24,13.18,--,35,46130,卖盘
2385,11:19:18,13.18,-0.01,42,55356,卖盘
2386,11:19:15,13.19,0.01,3,3957,买盘
2387,11:19:09,13.18,-0.01,2,2636,卖盘
2388,11:19:06,13.19,--,3,3957,买盘
2389,11:19:03,13.19,--,6,7914,买盘
2390,11:19:00,13.19,--,101,133219,买盘
2391,11:18:57,13.19,0.01,100,131900,买盘
2392,11:18:54,13.18,-0.01,1634,2153612,卖盘
2393,11:18:51,13.19,--,4,5276,买盘
2394,11:18:48,13.19,--,3,3957,买盘
2395,11:18:45,13.19,--,19,25061,买盘
2396,11:18:42,13.19,--,1,1319,买盘
2397,11:18:39,13.19,--,22,29018,买盘
2398,11:18:36,13.19,0.01,16,21104,买盘
2399,11:18:33,13.18,--,44,57992,卖盘
2400,11:18:30,13.18,--,88,115984,卖盘
2401,11:18:27,13.18,-0.01,10,13180,卖盘
2402,11:18:24,13.19,0.01,30,39570,买盘
2403,11:18:21,13.18,-0.01,13,17134,卖盘
2404,11:18:18,13.19,0.01,2,2638,买盘
2405,11:18:15,13.18,-0.01,105,138390,卖盘
2406,11:18:12,13.19,0.01,10,13190,买盘
2407,11:18:09,13.18,-0.01,48,63264,卖盘
2408,11:18:06,13.19,--,4,5276,买盘
2409,11:18:03,13.19,0.01,87,114753,买盘
2410,11:18:00,13.18,--,1007,1327226,卖盘
2411,11:17:57,13.18,-0.01,2,2636,卖盘
2412,11:17:54,13.19,0.01,2,2638,买盘
2413,11:17:51,13.18,--,37,48766,卖盘
2414,11:17:45,13.18,-0.01,30,39540,卖盘
2415,11:17:42,13.19,0.01,47,61993,买盘
2416,11:17:39,13.18,0.01,388,511384,买盘
2417,11:17:36,13.17,--,2,2634,卖盘
2418,11:17:33,13.17,--,49,64533,卖盘
2419,11:17:30,13.17,--,156,205452,卖盘
2420,11:17:27,13.17,-0.01,102,134334,卖盘
2421,11:17:24,13.18,--,75,98850,买盘
2422,11:17:21,13.18,--,1,1318,买盘
2423,11:17:18,13.18,--,24,31632,买盘
2424,11:17:15,13.18,0.01,16,21088,买盘
2425,11:17:12,13.17,--,39,51363,卖盘
2426,11:17:09,13.17,-0.01,58,76386,卖盘
2427,11:17:06,13.18,0.01,10,13180,买盘
2428,11:17:03,13.17,--,2,2634,卖盘
2429,11:17:00,13.17,--,8,10536,卖盘
2430,11:16:54,13.17,-0.01,1,1317,卖盘
2431,11:16:51,13.18,--,1,1581,买盘
2432,11:16:48,13.18,0.02,1,1318,买盘
2433,11:16:45,13.16,-0.02,2,2632,卖盘
2434,11:16:42,13.18,--,1,1318,买盘
2435,11:16:39,13.18,--,170,224060,买盘
2436,11:16:36,13.18,--,1,1318,买盘
2437,11:16:33,13.18,0.02,11,14498,买盘
2438,11:16:30,13.16,--,408,536928,卖盘
2439,11:16:27,13.16,-0.01,148,194768,卖盘
2440,11:16:24,13.17,0.01,1,1317,买盘
2441,11:16:21,13.16,--,4,5264,卖盘
2442,11:16:18,13.16,--,2,2632,卖盘
2443,11:16:15,13.16,-0.01,11,14476,卖盘
2444,11:16:12,13.17,0.01,1,1317,买盘
2445,11:16:09,13.16,0.01,54,71064,买盘
2446,11:16:06,13.15,-0.01,52,68380,卖盘
2447,11:16:03,13.16,0.01,2,2632,买盘
2448,11:16:00,13.15,--,15,19725,卖盘
2449,11:15:57,13.15,--,20,26300,卖盘
2450,11:15:54,13.15,--,22,28930,卖盘
2451,11:15:51,13.15,-0.02,2,2630,卖盘
2452,11:15:48,13.17,--,51,67167,买盘
2453,11:15:45,13.17,--,49,64533,买盘
2454,11:15:42,13.17,--,3,3951,买盘
2455,11:15:36,13.17,--,1,1317,买盘
2456,11:15:33,13.17,0.01,28,36876,买盘
2457,11:15:30,13.16,-0.01,23,30268,卖盘
2458,11:15:27,13.17,0.01,84,110628,买盘
2459,11:15:24,13.16,-0.01,138,181608,卖盘
2460,11:15:21,13.17,--,112,147504,买盘
2461,11:15:18,13.17,--,14,18438,买盘
2462,11:15:15,13.17,--,2,2634,买盘
2463,11:15:12,13.17,0.01,6,7902,买盘
2464,11:15:09,13.16,-0.01,2,2632,卖盘
2465,11:15:06,13.17,0.01,13,17121,买盘
2466,11:15:03,13.16,-0.01,4,5264,中性盘
2467,11:14:54,13.17,-0.01,37,48729,卖盘
2468,11:14:51,13.18,--,2,2636,买盘
2469,11:14:48,13.18,0.01,2,2636,买盘
2470,11:14:45,13.17,0.01,71,93507,买盘
2471,11:14:42,13.16,0.01,1,1316,买盘
2472,11:14:39,13.15,-0.01,2,2630,卖盘
2473,11:14:36,13.16,--,286,376376,买盘
2474,11:14:33,13.16,0.01,1,1316,买盘
2475,11:14:30,13.15,--,21,27615,卖盘
2476,11:14:27,13.15,-0.01,46,60490,卖盘
2477,11:14:24,13.16,--,78,102648,买盘
2478,11:14:21,13.16,--,11,14476,买盘
2479,11:14:18,13.16,--,23,30268,买盘
2480,11:14:15,13.16,--,445,585620,买盘
2481,11:14:12,13.16,0.01,3,3948,买盘
2482,11:14:06,13.15,-0.01,23,30245,卖盘
2483,11:14:00,13.16,-0.02,1510,1987160,卖盘
2484,11:13:57,13.18,0.01,58,76444,买盘
2485,11:13:54,13.17,--,1216,1601472,卖盘
2486,11:13:51,13.17,--,40,52680,卖盘
2487,11:13:48,13.17,--,185,243645,卖盘
2488,11:13:45,13.17,-0.01,88,115896,卖盘
2489,11:13:42,13.18,--,29,38222,买盘
2490,11:13:39,13.18,--,6,7908,买盘
2491,11:13:36,13.18,0.01,25,32950,买盘
2492,11:13:33,13.17,--,139,183063,卖盘
2493,11:13:30,13.17,-0.01,126,165942,卖盘
2494,11:13:27,13.18,0.01,3,3954,买盘
2495,11:13:24,13.17,--,110,144870,卖盘
2496,11:13:21,13.17,-0.01,58,76386,卖盘
2497,11:13:18,13.18,0.01,11,14498,买盘
2498,11:13:15,13.17,-0.01,88,115896,卖盘
2499,11:13:12,13.18,0.01,6,7908,买盘
2500,11:13:09,13.17,-0.01,34,44778,卖盘
2501,11:13:06,13.18,--,26,34268,买盘
2502,11:13:03,13.18,0.01,16,21088,买盘
2503,11:13:00,13.17,-0.01,4,5268,卖盘
2504,11:12:57,13.18,--,88,115984,买盘
2505,11:12:54,13.18,0.01,98,129164,买盘
2506,11:12:51,13.17,-0.01,100,131700,卖盘
2507,11:12:48,13.18,0.01,46,60628,买盘
2508,11:12:45,13.17,-0.01,94,123798,卖盘
2509,11:12:42,13.18,--,18,23724,买盘
2510,11:12:39,13.18,0.01,19,25042,买盘
2511,11:12:36,13.17,-0.01,128,168576,卖盘
2512,11:12:33,13.18,0.01,99,130482,买盘
2513,11:12:30,13.17,-0.01,40,52680,卖盘
2514,11:12:27,13.18,0.01,17,22406,买盘
2515,11:12:24,13.17,--,147,193599,卖盘
2516,11:12:21,13.17,-0.01,202,266034,卖盘
2517,11:12:18,13.18,0.01,328,432304,买盘
2518,11:12:15,13.17,--,85,111945,卖盘
2519,11:12:12,13.17,--,8,10536,卖盘
2520,11:12:09,13.17,-0.01,4,5268,卖盘
2521,11:12:06,13.18,0.01,121,159478,买盘
2522,11:12:03,13.17,-0.01,600,790200,卖盘
2523,11:12:00,13.18,0.01,174,229332,买盘
2524,11:11:57,13.17,-0.01,90,118530,卖盘
2525,11:11:54,13.18,0.01,1,1318,买盘
2526,11:11:51,13.17,--,253,333201,卖盘
2527,11:11:48,13.17,--,52,68484,卖盘
2528,11:11:45,13.17,-0.01,14,18438,卖盘
2529,11:11:42,13.18,--,4,5272,买盘
2530,11:11:39,13.18,0.01,19,25042,买盘
2531,11:11:36,13.17,--,10,13170,卖盘
2532,11:11:33,13.17,-0.01,35,46095,卖盘
2533,11:11:30,13.18,0.01,20,26360,买盘
2534,11:11:27,13.17,--,254,334518,卖盘
2535,11:11:24,13.17,-0.01,37,48729,卖盘
2536,11:11:21,13.18,--,1,1318,买盘
2537,11:11:18,13.18,0.01,18,23724,买盘
2538,11:11:15,13.17,-0.01,172,226524,卖盘
2539,11:11:12,13.18,0.01,201,264918,买盘
2540,11:11:09,13.17,-0.01,422,555774,卖盘
2541,11:11:06,13.18,0.01,3,3954,买盘
2542,11:11:03,13.17,--,22,28974,卖盘
2543,11:11:00,13.17,-0.01,3,3951,卖盘
2544,11:10:57,13.18,0.01,20,26360,买盘
2545,11:10:54,13.17,--,1,1317,卖盘
2546,11:10:51,13.17,-0.01,11,14487,卖盘
2547,11:10:42,13.18,--,76,100168,卖盘
2548,11:10:39,13.18,--,2,2636,卖盘
2549,11:10:36,13.18,--,109,143662,卖盘
2550,11:10:33,13.18,--,58,76444,卖盘
2551,11:10:30,13.18,--,7,9226,卖盘
2552,11:10:27,13.18,--,24,31632,买盘
2553,11:10:24,13.18,--,20,26360,买盘
2554,11:10:21,13.18,--,39,51402,买盘
2555,11:10:18,13.18,--,156,205608,买盘
2556,11:10:15,13.18,--,7,9226,买盘
2557,11:10:12,13.18,--,235,309730,卖盘
2558,11:10:09,13.18,--,25,32950,卖盘
2559,11:10:06,13.18,--,403,531154,卖盘
2560,11:10:03,13.18,--,43,56674,卖盘
2561,11:10:00,13.18,--,21,27678,卖盘
2562,11:09:57,13.18,--,7,9226,卖盘
2563,11:09:54,13.18,--,33,43494,卖盘
2564,11:09:51,13.18,-0.01,10,13180,卖盘
2565,11:09:48,13.19,0.01,14,18466,买盘
2566,11:09:45,13.18,-0.01,1,1318,卖盘
2567,11:09:42,13.19,--,14,18466,买盘
2568,11:09:39,13.19,--,30,39570,买盘
2569,11:09:36,13.19,0.01,11,14509,买盘
2570,11:09:33,13.18,--,27,35586,卖盘
2571,11:09:30,13.18,-0.01,49,64582,卖盘
2572,11:09:27,13.19,--,9,11871,买盘
2573,11:09:24,13.19,--,7,9233,买盘
2574,11:09:21,13.19,--,207,273033,买盘
2575,11:09:18,13.19,--,361,476159,买盘
2576,11:09:15,13.19,0.01,207,273033,买盘
2577,11:09:12,13.18,--,1111,1464298,卖盘
2578,11:09:09,13.18,-0.01,76,100168,卖盘
2579,11:09:06,13.19,--,9,11871,买盘
2580,11:09:03,13.19,0.01,54,71226,买盘
2581,11:09:00,13.18,-0.01,32,42176,卖盘
2582,11:08:57,13.19,--,128,168832,买盘
2583,11:08:54,13.19,--,34,44846,买盘
2584,11:08:51,13.19,0.01,60,79140,买盘
2585,11:08:48,13.18,--,13,17134,卖盘
2586,11:08:45,13.18,--,319,420442,卖盘
2587,11:08:42,13.18,-0.01,16,21088,卖盘
2588,11:08:39,13.19,--,133,175427,买盘
2589,11:08:36,13.19,--,82,108158,买盘
2590,11:08:33,13.19,0.01,32,42208,买盘
2591,11:08:30,13.18,--,34,44812,卖盘
2592,11:08:27,13.18,-0.01,96,126528,卖盘
2593,11:08:24,13.19,--,21,27699,买盘
2594,11:08:21,13.19,--,13,17147,买盘
2595,11:08:18,13.19,0.01,15,19785,买盘
2596,11:08:15,13.18,-0.01,105,138390,卖盘
2597,11:08:12,13.19,--,97,127943,买盘
2598,11:08:09,13.19,0.01,47,61993,买盘
2599,11:08:06,13.18,--,36,47448,卖盘
2600,11:08:03,13.18,-0.01,32,42176,卖盘
2601,11:08:00,13.19,0.01,309,407571,买盘
2602,11:07:57,13.18,--,383,504794,买盘
2603,11:07:54,13.18,--,42,55356,买盘
2604,11:07:51,13.18,--,185,243830,买盘
2605,11:07:48,13.18,0.01,4,5272,买盘
2606,11:07:45,13.17,--,833,1097061,买盘
2607,11:07:42,13.17,0.01,7,9219,买盘
2608,11:07:39,13.16,-0.01,288,379008,卖盘
2609,11:07:36,13.17,--,32,42144,买盘
2610,11:07:33,13.17,0.01,2,2634,买盘
2611,11:07:30,13.16,-0.01,67,88172,卖盘
2612,11:07:27,13.17,--,105,138285,买盘
2613,11:07:24,13.17,0.01,523,688791,买盘
2614,11:07:21,13.16,--,366,481656,买盘
2615,11:07:18,13.16,0.01,79,103964,买盘
2616,11:07:15,13.15,--,255,335325,卖盘
2617,11:07:12,13.15,-0.01,115,151225,卖盘
2618,11:07:03,13.16,0.01,18,23688,买盘
2619,11:07:00,13.15,--,6,7890,卖盘
2620,11:06:57,13.15,--,25,32875,卖盘
2621,11:06:54,13.15,--,20,26300,卖盘
2622,11:06:51,13.15,--,8,10520,卖盘
2623,11:06:48,13.15,--,83,109145,卖盘
2624,11:06:45,13.15,0.01,2,2630,卖盘
2625,11:06:42,13.14,-0.01,77,101178,卖盘
2626,11:06:36,13.15,--,26,34190,买盘
2627,11:06:33,13.15,0.01,54,71010,买盘
2628,11:06:30,13.14,-0.01,86,113004,卖盘
2629,11:06:27,13.15,--,3,3945,买盘
2630,11:06:24,13.15,--,179,235385,买盘
2631,11:06:21,13.15,--,94,123610,买盘
2632,11:06:18,13.15,--,11,14465,买盘
2633,11:06:15,13.15,--,49,64435,买盘
2634,11:06:12,13.15,--,7,9205,买盘
2635,11:06:09,13.15,--,2,2630,买盘
2636,11:06:06,13.15,--,325,427375,买盘
2637,11:06:00,13.15,--,115,151225,买盘
2638,11:05:57,13.15,--,26,34190,买盘
2639,11:05:54,13.15,--,115,151225,买盘
2640,11:05:51,13.15,--,3,3945,买盘
2641,11:05:48,13.15,--,1,1315,买盘
2642,11:05:45,13.15,--,35,46025,买盘
2643,11:05:42,13.15,--,28,36820,买盘
2644,11:05:39,13.15,0.01,5,6575,买盘
2645,11:05:33,13.14,--,14,18396,卖盘
2646,11:05:30,13.14,-0.01,7,9198,卖盘
2647,11:05:27,13.15,0.01,19,24985,卖盘
2648,11:05:21,13.14,-0.02,152,199728,卖盘
2649,11:05:18,13.16,0.01,12,15792,买盘
2650,11:05:15,13.15,--,51,67065,买盘
2651,11:05:12,13.15,--,10,13150,买盘
2652,11:05:09,13.15,0.01,73,95995,买盘
2653,11:05:06,13.14,-0.01,83,109062,卖盘
2654,11:05:03,13.15,0.01,205,269575,买盘
2655,11:05:00,13.14,--,6,7884,卖盘
2656,11:04:57,13.14,-0.01,2,2628,卖盘
2657,11:04:54,13.15,--,27,35505,买盘
2658,11:04:51,13.15,0.01,23,30245,买盘
2659,11:04:48,13.14,-0.01,505,663570,卖盘
2660,11:04:45,13.15,0.01,16,21040,买盘
2661,11:04:42,13.14,--,5,6570,卖盘
2662,11:04:39,13.14,-0.01,58,76212,卖盘
2663,11:04:36,13.15,--,1,1315,买盘
2664,11:04:33,13.15,0.01,101,132815,买盘
2665,11:04:30,13.14,-0.01,2,2628,卖盘
2666,11:04:27,13.15,--,6,7890,买盘
2667,11:04:24,13.15,--,117,153855,买盘
2668,11:04:21,13.15,--,34,44710,买盘
2669,11:04:15,13.15,0.01,4,5260,买盘
2670,11:04:12,13.14,-0.01,43,56502,卖盘
2671,11:04:09,13.15,--,100,131500,买盘
2672,11:04:06,13.15,0.01,11,14465,买盘
2673,11:04:00,13.14,-0.01,5,6570,卖盘
2674,11:03:57,13.15,--,11,14465,买盘
2675,11:03:54,13.15,--,25,32875,买盘
2676,11:03:48,13.15,--,62,81530,卖盘
2677,11:03:45,13.15,-0.01,3,3945,卖盘
2678,11:03:42,13.16,0.01,17,22372,买盘
2679,11:03:30,13.15,--,3,3945,卖盘
2680,11:03:27,13.15,--,500,657500,买盘
2681,11:03:24,13.15,--,25,32875,买盘
2682,11:03:21,13.15,--,2,2630,买盘
2683,11:03:18,13.15,--,16,21040,买盘
2684,11:03:15,13.15,0.01,2,2630,买盘
2685,11:03:12,13.14,0.01,3,3942,买盘
2686,11:03:09,13.13,--,46,60398,卖盘
2687,11:03:03,13.13,-0.01,76,99788,卖盘
2688,11:03:00,13.14,-0.01,1,1314,卖盘
2689,11:02:57,13.15,--,345,453675,买盘
2690,11:02:48,13.15,--,52,68380,买盘
2691,11:02:45,13.15,--,2,2630,买盘
2692,11:02:42,13.15,--,106,139390,买盘
2693,11:02:39,13.15,--,4,5260,买盘
2694,11:02:33,13.15,--,5,6575,卖盘
2695,11:02:30,13.15,0.01,1,1315,中性盘
2696,11:02:27,13.14,-0.01,26,34164,卖盘
2697,11:02:24,13.15,0.01,5,6575,买盘
2698,11:02:21,13.14,-0.01,22,28908,卖盘
2699,11:02:18,13.15,--,2,2630,买盘
2700,11:02:15,13.15,-0.01,11,14465,卖盘
2701,11:02:12,13.16,0.01,6,7896,买盘
2702,11:02:09,13.15,0.02,7,9205,买盘
2703,11:02:06,13.13,-0.01,48,63024,卖盘
2704,11:02:00,13.14,-0.02,76,99864,卖盘
2705,11:01:57,13.16,--,13,17108,买盘
2706,11:01:54,13.16,--,20,26320,买盘
2707,11:01:45,13.16,0.02,4,5264,买盘
2708,11:01:42,13.14,-0.01,101,132714,卖盘
2709,11:01:39,13.15,--,1,1315,买盘
2710,11:01:33,13.15,0.01,92,120980,买盘
2711,11:01:30,13.14,-0.01,2,2628,卖盘
2712,11:01:27,13.15,--,134,176210,买盘
2713,11:01:24,13.15,0.01,5,6575,买盘
2714,11:01:21,13.14,-0.01,1,1314,卖盘
2715,11:01:15,13.15,--,38,49970,买盘
2716,11:01:12,13.15,--,3,3945,买盘
2717,11:01:09,13.15,0.02,10,13150,买盘
2718,11:01:06,13.13,-0.01,103,135239,卖盘
2719,11:01:03,13.14,--,11,14454,买盘
2720,11:01:00,13.14,0.01,156,204984,买盘
2721,11:00:57,13.13,-0.01,32,42016,卖盘
2722,11:00:54,13.14,0.01,34,44676,买盘
2723,11:00:48,13.13,-0.03,536,703768,卖盘
2724,11:00:45,13.16,0.02,3,3948,买盘
2725,11:00:42,13.14,-0.01,190,249660,卖盘
2726,11:00:39,13.15,--,117,153855,买盘
2727,11:00:33,13.15,0.01,15,19725,买盘
2728,11:00:30,13.14,--,1,1314,卖盘
2729,11:00:27,13.14,--,7,9198,卖盘
2730,11:00:24,13.14,-0.01,80,105120,卖盘
2731,11:00:21,13.15,--,467,614105,卖盘
2732,11:00:18,13.15,-0.01,26,34190,卖盘
2733,11:00:15,13.16,--,62,81592,买盘
2734,11:00:12,13.16,0.01,1,1316,买盘
2735,11:00:09,13.15,--,16,21040,卖盘
2736,11:00:06,13.15,--,49,64435,卖盘
2737,11:00:03,13.15,--,12,15780,卖盘
2738,11:00:00,13.15,-0.01,77,101255,卖盘
2739,10:59:54,13.16,--,60,78960,买盘
2740,10:59:45,13.16,--,6,7896,买盘
2741,10:59:42,13.16,--,8,10528,买盘
2742,10:59:39,13.16,0.01,16,21056,买盘
2743,10:59:36,13.15,-0.01,132,173580,卖盘
2744,10:59:33,13.16,--,1,1316,买盘
2745,10:59:30,13.16,0.01,32,42112,买盘
2746,10:59:27,13.15,-0.01,5,6575,卖盘
2747,10:59:24,13.16,--,6,7896,买盘
2748,10:59:21,13.16,--,212,278992,买盘
2749,10:59:18,13.16,--,19,25004,买盘
2750,10:59:15,13.16,--,39,51324,买盘
2751,10:59:12,13.16,--,2,2632,买盘
2752,10:59:09,13.16,--,1,1316,买盘
2753,10:59:06,13.16,-0.01,85,111860,中性盘
2754,10:59:03,13.17,0.01,47,61899,买盘
2755,10:58:57,13.16,-0.01,80,105280,卖盘
2756,10:58:54,13.17,0.01,7,9219,买盘
2757,10:58:51,13.16,0.01,5,6580,买盘
2758,10:58:48,13.15,-0.01,223,293245,卖盘
2759,10:58:45,13.16,--,50,65800,买盘
2760,10:58:42,13.16,--,11,14476,买盘
2761,10:58:39,13.16,--,200,263200,买盘
2762,10:58:36,13.16,0.01,9,11844,买盘
2763,10:58:33,13.15,--,6,7890,卖盘
2764,10:58:30,13.15,-0.01,181,238015,卖盘
2765,10:58:27,13.16,--,24,31584,买盘
2766,10:58:24,13.16,--,2,2632,买盘
2767,10:58:21,13.16,--,100,131600,买盘
2768,10:58:18,13.16,--,5,6580,买盘
2769,10:58:15,13.16,--,6,7896,买盘
2770,10:58:12,13.16,0.01,31,40796,买盘
2771,10:58:09,13.15,--,45,59175,卖盘
2772,10:58:06,13.15,-0.01,62,81530,卖盘
2773,10:58:03,13.16,0.01,41,53956,买盘
2774,10:58:00,13.15,--,95,124925,卖盘
2775,10:57:57,13.15,-0.01,2,2630,卖盘
2776,10:57:54,13.16,0.01,209,275044,买盘
