,time,price,change,volume,amount,type
0,15:00:03,11.62,--,1790,2081014,卖盘
1,14:57:00,11.62,--,26,30211,卖盘
2,14:56:57,11.62,--,13,15105,卖盘
3,14:56:54,11.62,--,20,23240,卖盘
4,14:56:51,11.62,--,44,51128,卖盘
5,14:56:48,11.62,--,9,10458,卖盘
6,14:56:42,11.62,--,23,26726,卖盘
7,14:56:39,11.62,--,4,4648,卖盘
8,14:56:36,11.62,--,5,5810,卖盘
9,14:56:33,11.62,--,25,29049,卖盘
10,14:56:30,11.62,--,63,73206,卖盘
11,14:56:27,11.62,--,20,23240,卖盘
12,14:56:24,11.62,--,10,11620,卖盘
13,14:56:21,11.62,--,292,339304,卖盘
14,14:56:18,11.62,--,14,16267,卖盘
15,14:56:15,11.62,--,2,2324,卖盘
16,14:56:12,11.62,-0.01,31,36022,卖盘
17,14:56:09,11.63,0.01,12,13956,买盘
18,14:56:03,11.62,--,126,146412,卖盘
19,14:56:00,11.62,--,68,79016,卖盘
20,14:55:57,11.62,--,10,11620,卖盘
21,14:55:54,11.62,--,213,247784,卖盘
22,14:55:42,11.62,--,40,46480,卖盘
23,14:55:39,11.62,--,5,5810,卖盘
24,14:55:36,11.62,--,165,192740,买盘
25,14:55:33,11.62,--,5,5810,买盘
26,14:55:30,11.62,0.01,30,34860,买盘
27,14:55:27,11.61,-0.01,10,11610,卖盘
28,14:55:24,11.62,0.01,356,413672,买盘
29,14:55:21,11.61,-0.01,40,46440,卖盘
30,14:55:18,11.62,0.01,279,324198,买盘
31,14:55:15,11.61,-0.01,65,75465,卖盘
32,14:55:12,11.62,--,106,123171,买盘
33,14:55:03,11.62,--,47,54613,买盘
34,14:55:00,11.62,0.01,100,116199,买盘
35,14:54:57,11.61,--,30,34830,卖盘
36,14:54:51,11.61,-0.01,81,94041,卖盘
37,14:54:48,11.62,--,19,22078,买盘
38,14:54:45,11.62,--,14,16267,买盘
39,14:54:42,11.62,0.01,4,4648,买盘
40,14:54:36,11.61,--,10,11610,卖盘
41,14:54:30,11.61,--,5,5805,卖盘
42,14:54:27,11.61,--,121,140481,卖盘
43,14:54:24,11.61,--,22,25542,卖盘
44,14:54:21,11.61,--,5,5805,卖盘
45,14:54:18,11.61,-0.01,7,8127,卖盘
46,14:54:15,11.62,0.01,168,195216,买盘
47,14:54:12,11.61,--,16,18576,卖盘
48,14:54:09,11.61,0.01,147,170667,买盘
49,14:54:00,11.6,-0.01,5,5800,卖盘
50,14:53:57,11.61,0.01,45,52245,买盘
51,14:53:48,11.6,--,5,5800,卖盘
52,14:53:45,11.6,--,133,154280,卖盘
53,14:53:39,11.6,--,20,23200,卖盘
54,14:53:33,11.6,--,85,98600,卖盘
55,14:53:24,11.6,0.01,158,184231,买盘
56,14:53:21,11.59,--,40,46360,卖盘
57,14:53:15,11.59,-0.01,302,350018,卖盘
58,14:53:12,11.6,--,10,11600,买盘
59,14:53:06,11.6,0.01,52,60320,买盘
60,14:53:03,11.59,--,2,2318,卖盘
61,14:52:54,11.59,--,42,48678,卖盘
62,14:52:51,11.59,--,1,1159,卖盘
63,14:52:45,11.59,--,126,146034,卖盘
64,14:52:42,11.59,0.01,22,25498,买盘
65,14:52:39,11.58,-0.01,84,97272,卖盘
66,14:52:36,11.59,0.01,17,19703,买盘
67,14:52:33,11.58,--,1,1690,买盘
68,14:52:30,11.58,--,36,41688,买盘
69,14:52:27,11.58,--,7,8106,买盘
70,14:52:24,11.58,--,56,65473,卖盘
71,14:52:15,11.58,-0.01,102,118116,卖盘
72,14:52:06,11.59,0.01,50,57950,买盘
73,14:52:03,11.58,-0.01,5,5790,卖盘
74,14:52:00,11.59,0.01,8,9272,买盘
75,14:51:57,11.58,--,20,23160,卖盘
76,14:51:54,11.58,--,31,35898,卖盘
77,14:51:48,11.58,--,131,151698,卖盘
78,14:51:45,11.58,--,142,164436,卖盘
79,14:51:36,11.58,-0.01,20,23160,卖盘
80,14:51:33,11.59,0.01,8,9272,买盘
81,14:51:27,11.58,--,10,11580,卖盘
82,14:51:24,11.58,-0.02,50,57900,卖盘
83,14:51:21,11.6,0.02,163,189080,买盘
84,14:51:15,11.58,-0.01,102,118116,卖盘
85,14:51:12,11.59,0.01,24,27816,买盘
86,14:51:06,11.58,-0.01,20,23160,卖盘
87,14:51:00,11.59,--,3,3477,买盘
88,14:50:51,11.59,0.01,3,3477,买盘
89,14:50:45,11.58,--,108,125064,卖盘
90,14:50:39,11.58,-0.01,10,11580,卖盘
91,14:50:36,11.59,--,2,2318,买盘
92,14:50:33,11.59,0.01,7,8113,买盘
93,14:50:30,11.58,-0.01,24,27792,卖盘
94,14:50:24,11.59,--,13,15067,买盘
95,14:50:21,11.59,--,16,18544,买盘
96,14:50:18,11.59,--,5,5795,买盘
97,14:50:15,11.59,--,59,68381,卖盘
98,14:50:06,11.59,--,5,5795,卖盘
99,14:49:54,11.59,--,15,17385,卖盘
100,14:49:51,11.59,--,12,13908,卖盘
101,14:49:48,11.59,0.01,31,35929,买盘
102,14:49:45,11.58,--,138,159804,卖盘
103,14:49:42,11.58,--,2,2316,卖盘
104,14:49:27,11.58,--,22,25476,卖盘
105,14:49:21,11.58,-0.01,1,1158,卖盘
106,14:49:18,11.59,0.01,26,30134,买盘
107,14:49:15,11.58,--,102,118116,卖盘
108,14:49:09,11.58,-0.01,34,39372,卖盘
109,14:49:06,11.59,0.01,10,11590,买盘
110,14:48:48,11.58,-0.01,40,46320,卖盘
111,14:48:45,11.59,-0.01,67,77653,卖盘
112,14:48:39,11.6,0.01,60,69600,买盘
113,14:48:36,11.59,--,10,11590,卖盘
114,14:48:33,11.59,--,46,53314,卖盘
115,14:48:30,11.59,0.01,90,104310,买盘
116,14:48:27,11.58,--,5,5790,卖盘
117,14:48:24,11.58,-0.01,3,3474,卖盘
118,14:48:21,11.59,--,11,12749,买盘
119,14:48:18,11.59,0.01,5,5795,买盘
120,14:48:15,11.58,-0.02,4,4632,卖盘
121,14:48:12,11.6,0.01,94,109040,买盘
122,14:48:09,11.59,--,50,57950,买盘
123,14:48:06,11.59,0.01,57,66063,买盘
124,14:48:03,11.58,--,16,18528,卖盘
125,14:47:57,11.58,--,7,8106,卖盘
126,14:47:54,11.58,-0.01,11,12738,卖盘
127,14:47:48,11.59,--,10,11590,买盘
128,14:47:45,11.59,--,20,24118,卖盘
129,14:47:39,11.59,0.01,22,25718,买盘
130,14:47:36,11.58,--,18,20844,卖盘
131,14:47:33,11.58,--,3,3474,卖盘
132,14:47:30,11.58,--,26,30640,买盘
133,14:47:24,11.58,--,37,43471,卖盘
134,14:47:21,11.58,--,23,26634,卖盘
135,14:47:15,11.58,0.01,195,226342,买盘
136,14:47:09,11.57,--,5,5785,卖盘
137,14:47:06,11.57,--,10,11570,卖盘
138,14:47:03,11.57,-0.01,13,15041,卖盘
139,14:47:00,11.58,--,100,115800,买盘
140,14:46:57,11.58,--,5,5790,买盘
141,14:46:54,11.58,--,17,20311,卖盘
142,14:46:51,11.58,--,0,532,卖盘
143,14:46:48,11.58,--,3,3474,卖盘
144,14:46:45,11.58,--,102,118116,卖盘
145,14:46:42,11.58,--,10,11580,卖盘
146,14:46:39,11.58,0.01,6,6948,买盘
147,14:46:36,11.57,-0.01,214,247598,卖盘
148,14:46:33,11.58,--,3,3474,卖盘
149,14:46:30,11.58,0.01,85,98430,买盘
150,14:46:27,11.57,--,2,2314,卖盘
151,14:46:24,11.57,-0.01,16,18512,卖盘
152,14:46:21,11.58,--,7,8106,买盘
153,14:46:18,11.58,-0.01,20,23160,买盘
154,14:46:15,11.59,0.01,189,219051,买盘
155,14:46:12,11.58,--,28,32447,卖盘
156,14:46:06,11.58,--,9,10422,卖盘
157,14:46:03,11.58,--,53,61374,卖盘
158,14:45:51,11.58,--,49,56742,卖盘
159,14:45:48,11.58,--,147,170226,卖盘
160,14:45:42,11.58,-0.01,60,69480,卖盘
161,14:45:39,11.59,--,56,64904,卖盘
162,14:45:33,11.59,-0.01,27,31293,卖盘
163,14:45:30,11.6,0.01,58,67280,买盘
164,14:45:27,11.59,--,108,125172,卖盘
165,14:45:24,11.59,--,21,24339,卖盘
166,14:45:21,11.59,--,16,18544,卖盘
167,14:45:18,11.59,--,14,16226,卖盘
168,14:45:15,11.59,--,4,4636,卖盘
169,14:45:12,11.59,--,2,2318,卖盘
170,14:45:09,11.59,--,8,9272,卖盘
171,14:45:06,11.59,--,27,31293,卖盘
172,14:45:00,11.59,--,2,2318,卖盘
173,14:44:57,11.59,-0.01,3,3477,卖盘
174,14:44:45,11.6,--,12,14616,卖盘
175,14:44:42,11.6,-0.01,5,5800,卖盘
176,14:44:39,11.61,0.01,93,108437,买盘
177,14:44:33,11.6,-0.01,170,197896,卖盘
178,14:44:30,11.61,0.01,37,42957,买盘
179,14:44:24,11.6,--,10,11600,卖盘
180,14:44:18,11.6,--,16,18560,卖盘
181,14:44:15,11.6,--,8,9280,卖盘
182,14:44:09,11.6,--,5,5800,卖盘
183,14:44:06,11.6,--,3,3480,卖盘
184,14:44:00,11.6,--,5,5800,卖盘
185,14:43:51,11.6,-0.01,10,11600,卖盘
186,14:43:48,11.61,0.01,32,37152,买盘
187,14:43:45,11.6,--,46,53360,卖盘
188,14:43:42,11.6,--,2,2320,卖盘
189,14:43:39,11.6,-0.01,154,179104,卖盘
190,14:43:21,11.61,--,102,118422,卖盘
191,14:43:18,11.61,--,154,178794,卖盘
192,14:43:09,11.61,--,8,9288,卖盘
193,14:43:06,11.61,--,6,6966,卖盘
194,14:43:03,11.61,-0.01,18,20898,卖盘
195,14:43:00,11.62,0.01,4,4648,买盘
196,14:42:54,11.61,--,29,33669,卖盘
197,14:42:51,11.61,--,13,15093,卖盘
198,14:42:45,11.61,-0.01,5,5805,卖盘
199,14:42:36,11.62,--,1,1162,买盘
200,14:42:30,11.62,0.01,115,133630,买盘
201,14:42:24,11.61,--,3,3483,卖盘
202,14:42:18,11.61,--,10,11610,卖盘
203,14:42:09,11.61,-0.01,12,13932,卖盘
204,14:42:06,11.62,--,5,5810,买盘
205,14:42:00,11.62,--,48,55775,卖盘
206,14:41:57,11.62,-0.01,51,59261,卖盘
207,14:41:51,11.63,--,61,70943,买盘
208,14:41:42,11.63,--,13,15119,买盘
209,14:41:36,11.63,0.01,20,23260,买盘
210,14:41:33,11.62,-0.01,1,1162,卖盘
211,14:41:30,11.63,0.01,227,264001,买盘
212,14:41:27,11.62,--,3,3485,卖盘
213,14:41:24,11.62,-0.01,109,126657,卖盘
214,14:41:12,11.63,0.01,18,20934,买盘
215,14:41:09,11.62,-0.01,81,94122,卖盘
216,14:41:06,11.63,0.01,5,5815,买盘
217,14:41:03,11.62,-0.01,5,5810,卖盘
218,14:40:57,11.63,--,4,4652,买盘
219,14:40:54,11.63,0.01,7,8141,买盘
220,14:40:51,11.62,--,3,3485,卖盘
221,14:40:48,11.62,--,18,20916,卖盘
222,14:40:45,11.62,--,3,3485,卖盘
223,14:40:39,11.62,-0.01,10,11620,卖盘
224,14:40:36,11.63,0.01,8,9304,买盘
225,14:40:30,11.62,-0.01,8,9296,卖盘
226,14:40:24,11.63,--,260,303077,卖盘
227,14:40:21,11.63,--,30,35355,卖盘
228,14:40:18,11.63,--,12,13956,卖盘
229,14:40:15,11.63,--,102,118626,卖盘
230,14:40:12,11.63,--,1,1163,卖盘
231,14:40:09,11.63,--,8,9304,卖盘
232,14:40:06,11.63,--,30,34890,卖盘
233,14:40:03,11.63,--,35,40705,卖盘
234,14:40:00,11.63,--,250,290750,卖盘
235,14:39:54,11.63,--,72,83736,卖盘
236,14:39:51,11.63,--,17,19771,卖盘
237,14:39:48,11.63,--,9,10467,卖盘
238,14:39:45,11.63,--,10,11630,卖盘
239,14:39:42,11.63,--,131,152353,卖盘
240,14:39:39,11.63,--,71,82573,卖盘
241,14:39:36,11.63,--,1,1163,卖盘
242,14:39:33,11.63,--,100,116300,卖盘
243,14:39:30,11.63,-0.01,27,31401,卖盘
244,14:39:27,11.64,0.01,30,34920,买盘
245,14:39:24,11.63,--,27,31401,卖盘
246,14:39:18,11.63,--,43,50009,卖盘
247,14:39:15,11.63,--,30,34890,卖盘
248,14:39:12,11.63,-0.01,3,3489,卖盘
249,14:39:09,11.64,0.01,13,15132,买盘
250,14:39:06,11.63,--,112,130256,卖盘
251,14:39:00,11.63,--,100,116300,卖盘
252,14:38:57,11.63,--,5,5815,卖盘
253,14:38:54,11.63,--,6,6978,卖盘
254,14:38:51,11.63,--,11,12793,卖盘
255,14:38:48,11.63,--,5,5815,卖盘
256,14:38:45,11.63,--,33,38379,卖盘
257,14:38:39,11.63,--,13,15119,卖盘
258,14:38:36,11.63,--,13,15119,卖盘
259,14:38:30,11.63,--,11,12793,卖盘
260,14:38:27,11.63,--,30,34890,卖盘
261,14:38:24,11.63,0.01,49,56987,买盘
262,14:38:21,11.62,-0.01,21,24402,卖盘
263,14:38:15,11.63,--,10,11630,中性盘
264,14:38:12,11.63,--,4,4652,卖盘
265,14:38:09,11.63,0.01,20,23260,买盘
266,14:38:06,11.62,-0.01,11,12782,卖盘
267,14:38:03,11.63,--,91,105833,买盘
268,14:38:00,11.63,--,15,17445,买盘
269,14:37:57,11.63,0.01,12,13956,买盘
270,14:37:54,11.62,-0.01,2,2324,卖盘
271,14:37:51,11.63,--,14,16282,买盘
272,14:37:36,11.63,--,1,1163,买盘
273,14:37:33,11.63,--,1,1163,买盘
274,14:37:30,11.63,--,5,5815,买盘
275,14:37:27,11.63,-0.01,36,41868,卖盘
276,14:37:24,11.64,--,14,16296,买盘
277,14:37:21,11.64,0.01,39,45396,买盘
278,14:37:18,11.63,--,58,67454,卖盘
279,14:37:15,11.63,--,58,67454,卖盘
280,14:37:12,11.63,--,18,20934,卖盘
281,14:37:09,11.63,--,8,9304,卖盘
282,14:37:06,11.63,-0.01,32,37216,卖盘
283,14:37:00,11.64,0.01,5,5820,买盘
284,14:36:57,11.63,--,2,2326,卖盘
285,14:36:54,11.63,--,13,15119,卖盘
286,14:36:51,11.63,--,13,15119,卖盘
287,14:36:48,11.63,--,109,126767,卖盘
288,14:36:45,11.63,--,1,1163,卖盘
289,14:36:39,11.63,--,11,12793,卖盘
290,14:36:36,11.63,--,31,36053,卖盘
291,14:36:30,11.63,--,28,32564,卖盘
292,14:36:27,11.63,-0.01,6,6978,卖盘
293,14:36:21,11.64,0.01,54,62856,买盘
294,14:36:15,11.63,--,52,60476,卖盘
295,14:36:12,11.63,--,51,59313,卖盘
296,14:36:09,11.63,--,38,44194,卖盘
297,14:36:06,11.63,-0.01,339,394257,卖盘
298,14:36:03,11.64,0.01,15,17460,买盘
299,14:36:00,11.63,-0.01,10,11630,卖盘
300,14:35:57,11.64,0.01,20,23280,买盘
301,14:35:54,11.63,--,1,1163,卖盘
302,14:35:51,11.63,--,54,62802,卖盘
303,14:35:45,11.63,-0.01,54,62802,卖盘
304,14:35:42,11.64,0.01,2,2328,买盘
305,14:35:39,11.63,--,9,10467,卖盘
306,14:35:36,11.63,-0.01,29,33727,卖盘
307,14:35:33,11.64,--,9,10476,买盘
308,14:35:30,11.64,0.01,15,17460,买盘
309,14:35:27,11.63,--,13,15119,卖盘
310,14:35:21,11.63,--,38,44194,卖盘
311,14:35:18,11.63,--,10,11630,卖盘
312,14:35:15,11.63,-0.01,2,2326,卖盘
313,14:35:12,11.64,0.01,1,1164,买盘
314,14:35:09,11.63,--,23,26749,卖盘
315,14:35:06,11.63,-0.01,2,2326,卖盘
316,14:35:03,11.64,--,5,5820,买盘
317,14:34:54,11.64,0.01,10,11640,买盘
318,14:34:51,11.63,--,12,13956,卖盘
319,14:34:48,11.63,-0.01,10,11630,卖盘
320,14:34:42,11.64,--,11,12804,买盘
321,14:34:39,11.64,0.01,7,8148,买盘
322,14:34:33,11.63,--,9,10467,买盘
323,14:34:30,11.63,--,8,9304,卖盘
324,14:34:27,11.63,-0.01,2,2326,卖盘
325,14:34:24,11.64,0.01,22,25608,买盘
326,14:34:18,11.63,--,263,305869,卖盘
327,14:34:15,11.63,-0.01,3,3489,卖盘
328,14:34:12,11.64,0.01,10,11640,买盘
329,14:34:09,11.63,--,8,9304,卖盘
330,14:34:06,11.63,--,10,11630,卖盘
331,14:34:03,11.63,0.02,501,582663,买盘
332,14:34:00,11.61,--,10,11610,卖盘
333,14:33:57,11.61,-0.01,110,127710,卖盘
334,14:33:54,11.62,0.01,1,1162,买盘
335,14:33:48,11.61,-0.01,11,12771,卖盘
336,14:33:39,11.62,0.01,3,3485,买盘
337,14:33:33,11.61,--,17,19737,卖盘
338,14:33:30,11.61,-0.01,8,9288,卖盘
339,14:33:27,11.62,--,22,25564,买盘
340,14:33:24,11.62,0.01,40,46480,买盘
341,14:33:21,11.61,-0.01,10,11610,卖盘
342,14:33:18,11.62,--,6,6971,买盘
343,14:33:15,11.62,--,310,360220,卖盘
344,14:33:09,11.62,--,9,10458,卖盘
345,14:33:06,11.62,--,20,23240,卖盘
346,14:33:03,11.62,-0.01,20,23240,卖盘
347,14:32:57,11.63,--,30,34890,买盘
348,14:32:51,11.63,0.01,4,4652,买盘
349,14:32:48,11.62,--,45,52290,卖盘
350,14:32:45,11.62,-0.01,12,13943,卖盘
351,14:32:33,11.63,0.01,505,587315,买盘
352,14:32:30,11.62,--,11,12782,卖盘
353,14:32:27,11.62,--,69,80178,卖盘
354,14:32:24,11.62,-0.01,11,12782,卖盘
355,14:32:21,11.63,0.01,5,5815,买盘
356,14:32:15,11.62,-0.01,2,2324,卖盘
357,14:32:12,11.63,0.01,100,116300,买盘
358,14:32:09,11.62,--,18,20916,买盘
359,14:32:06,11.62,--,15,17430,卖盘
360,14:32:00,11.62,-0.01,17,19754,中性盘
361,14:31:51,11.63,--,34,39542,买盘
362,14:31:48,11.63,0.02,10,11630,买盘
363,14:31:45,11.61,-0.01,8,9288,卖盘
364,14:31:39,11.62,-0.01,1,1162,买盘
365,14:31:30,11.63,0.02,14,16282,买盘
366,14:31:27,11.61,-0.02,20,23220,卖盘
367,14:31:24,11.63,0.02,1024,1190912,买盘
368,14:31:18,11.61,--,3,3483,卖盘
369,14:31:15,11.61,--,71,82431,卖盘
370,14:31:12,11.61,--,2,2322,卖盘
371,14:31:09,11.61,-0.01,8,9288,卖盘
372,14:30:54,11.62,--,3,3485,中性盘
373,14:30:51,11.62,--,28,32535,卖盘
374,14:30:48,11.62,--,4,4648,卖盘
375,14:30:42,11.62,--,5,5810,卖盘
376,14:30:39,11.62,-0.01,10,11620,卖盘
377,14:30:36,11.63,--,21,24423,买盘
378,14:30:33,11.63,0.01,241,280283,买盘
379,14:30:30,11.62,--,22,25564,卖盘
380,14:30:24,11.62,-0.01,3,3485,卖盘
381,14:30:21,11.63,0.01,105,122115,买盘
382,14:30:18,11.62,-0.01,10,11620,卖盘
383,14:30:12,11.63,0.01,9,10467,买盘
384,14:30:09,11.62,--,8,9296,卖盘
385,14:30:03,11.62,-0.01,40,46480,卖盘
386,14:29:57,11.63,0.02,4,4652,买盘
387,14:29:54,11.61,-0.01,20,23220,卖盘
388,14:29:51,11.62,0.01,52,60423,买盘
389,14:29:48,11.61,--,10,11610,卖盘
390,14:29:45,11.61,-0.01,2,2322,卖盘
391,14:29:39,11.62,--,5,5810,买盘
392,14:29:33,11.62,0.01,10,11620,买盘
393,14:29:30,11.61,--,12,13932,卖盘
394,14:29:24,11.61,-0.01,22,25542,卖盘
395,14:29:21,11.62,0.01,34,39508,买盘
396,14:29:15,11.61,--,1001,1162161,卖盘
397,14:29:09,11.61,-0.01,8,9288,卖盘
398,14:29:06,11.62,--,3,3485,买盘
399,14:29:03,11.62,--,5,5810,买盘
400,14:28:57,11.62,0.01,10,11620,买盘
401,14:28:54,11.61,-0.01,53,61533,卖盘
402,14:28:51,11.62,0.01,12,13943,买盘
403,14:28:48,11.61,-0.02,13,15093,卖盘
404,14:28:42,11.63,0.01,10,11630,买盘
405,14:28:39,11.62,--,20,23240,卖盘
406,14:28:36,11.62,--,44,51128,卖盘
407,14:28:33,11.62,--,9,10458,卖盘
408,14:28:30,11.62,--,23,26726,卖盘
409,14:28:27,11.62,--,7,8133,卖盘
410,14:28:21,11.62,-0.01,85,98770,卖盘
411,14:28:15,11.63,0.01,52,60476,买盘
412,14:28:12,11.62,--,50,58099,卖盘
413,14:28:09,11.62,--,61,70882,卖盘
414,14:28:06,11.62,--,10,11620,卖盘
415,14:28:03,11.62,--,100,116199,卖盘
416,14:28:00,11.62,-0.01,62,72044,卖盘
417,14:27:57,11.63,0.01,32,37216,买盘
418,14:27:51,11.62,-0.01,9,10458,卖盘
419,14:27:45,11.63,0.01,5,5815,买盘
420,14:27:39,11.62,-0.01,7,8133,卖盘
421,14:27:36,11.63,0.01,20,23260,买盘
422,14:27:30,11.62,-0.01,8,9296,卖盘
423,14:27:27,11.63,--,47,54661,卖盘
424,14:27:24,11.63,--,200,232600,卖盘
425,14:27:21,11.63,--,5,5815,卖盘
426,14:27:18,11.63,--,110,127930,卖盘
427,14:27:15,11.63,--,2,2326,卖盘
428,14:27:12,11.63,0.01,449,522652,买盘
429,14:27:09,11.62,-0.01,108,125495,卖盘
430,14:27:06,11.63,--,2,2326,买盘
431,14:27:03,11.63,--,85,98855,买盘
432,14:27:00,11.63,--,13,15119,买盘
433,14:26:51,11.63,--,16,18608,买盘
434,14:26:48,11.63,0.01,2,2326,买盘
435,14:26:42,11.62,-0.01,11,13479,卖盘
436,14:26:39,11.63,--,54,62802,卖盘
437,14:26:36,11.63,--,10,11630,卖盘
438,14:26:33,11.63,--,40,46520,卖盘
439,14:26:30,11.63,--,295,343085,卖盘
440,14:26:27,11.63,--,10,11630,卖盘
441,14:26:24,11.63,--,25,29075,卖盘
442,14:26:18,11.63,-0.01,200,232600,卖盘
443,14:26:15,11.64,0.01,30,34920,买盘
444,14:26:12,11.63,--,13,15119,卖盘
445,14:26:09,11.63,--,310,360530,卖盘
446,14:26:06,11.63,--,75,87225,卖盘
447,14:26:03,11.63,0.01,1557,1811256,买盘
448,14:26:00,11.62,--,7,8133,卖盘
449,14:25:57,11.62,--,7,8133,卖盘
450,14:25:54,11.62,--,85,98770,卖盘
451,14:25:51,11.62,--,65,75530,卖盘
452,14:25:48,11.62,--,4,4648,卖盘
453,14:25:45,11.62,--,6,6971,卖盘
454,14:25:42,11.62,--,29,33698,卖盘
455,14:25:39,11.62,--,6,6971,卖盘
456,14:25:36,11.62,--,10,11620,卖盘
457,14:25:30,11.62,--,8,9296,卖盘
458,14:25:27,11.62,--,7,8133,卖盘
459,14:25:24,11.62,-0.01,93,108066,卖盘
460,14:25:21,11.63,--,4,4652,买盘
461,14:25:15,11.63,0.01,22,25586,买盘
462,14:25:12,11.62,-0.01,8,9296,卖盘
463,14:25:03,11.63,--,5,5815,买盘
464,14:25:00,11.63,--,251,292610,卖盘
465,14:24:57,11.63,--,513,596619,卖盘
466,14:24:54,11.63,--,41,47683,卖盘
467,14:24:51,11.63,--,34,39542,卖盘
468,14:24:48,11.63,--,34,39542,卖盘
469,14:24:45,11.63,--,74,86062,卖盘
470,14:24:42,11.63,--,28,32564,卖盘
471,14:24:39,11.63,-0.01,54,62802,卖盘
472,14:24:36,11.64,0.01,49,57036,买盘
473,14:24:33,11.63,--,69,80247,卖盘
474,14:24:30,11.63,-0.01,8,9304,卖盘
475,14:24:27,11.64,0.01,10,11640,买盘
476,14:24:24,11.63,-0.01,9,10467,卖盘
477,14:24:18,11.64,0.01,7,8148,买盘
478,14:24:15,11.63,--,100,116300,卖盘
479,14:24:12,11.63,-0.01,18,20934,卖盘
480,14:24:09,11.64,0.01,22,25608,买盘
481,14:24:06,11.63,-0.01,3,3489,卖盘
482,14:24:03,11.64,0.01,40,46560,买盘
483,14:23:57,11.63,--,2,2326,卖盘
484,14:23:54,11.63,--,8,9304,卖盘
485,14:23:51,11.63,--,74,86062,卖盘
486,14:23:45,11.63,--,512,595921,买盘
487,14:23:42,11.63,--,600,698497,卖盘
488,14:23:39,11.63,-0.01,35,40705,卖盘
489,14:23:36,11.64,--,5,5820,买盘
490,14:23:33,11.64,0.01,19,22116,买盘
491,14:23:30,11.63,--,172,200036,卖盘
492,14:23:27,11.63,--,35,40705,卖盘
493,14:23:24,11.63,-0.01,35,40705,卖盘
494,14:23:21,11.64,0.01,32,37248,买盘
495,14:23:18,11.63,--,180,209340,卖盘
496,14:23:12,11.63,--,111,129093,卖盘
497,14:23:09,11.63,--,688,800144,卖盘
498,14:23:06,11.63,--,1,1163,卖盘
499,14:23:00,11.63,--,51,59313,卖盘
500,14:22:57,11.63,-0.01,155,180265,卖盘
501,14:22:54,11.64,0.01,30,34920,买盘
502,14:22:51,11.63,-0.01,308,358204,卖盘
503,14:22:48,11.64,--,50,58200,买盘
504,14:22:45,11.64,0.01,7,8148,买盘
505,14:22:42,11.63,--,156,181428,卖盘
506,14:22:39,11.63,-0.01,2,2326,卖盘
507,14:22:36,11.64,0.01,4,4656,买盘
508,14:22:30,11.63,-0.01,41,47683,卖盘
509,14:22:27,11.64,--,15,17460,买盘
510,14:22:24,11.64,0.01,48,55872,买盘
511,14:22:21,11.63,-0.01,36,41868,卖盘
512,14:22:18,11.64,0.01,6,6984,买盘
513,14:22:15,11.63,--,115,133745,卖盘
514,14:22:12,11.63,--,16,18608,卖盘
515,14:22:06,11.63,--,1,1163,卖盘
516,14:22:03,11.63,--,35,40705,卖盘
517,14:21:54,11.63,--,27,31866,买盘
518,14:21:51,11.63,--,128,148864,买盘
519,14:21:48,11.63,--,184,214689,卖盘
520,14:21:45,11.63,-0.01,77,89551,卖盘
521,14:21:42,11.64,0.01,53,61692,买盘
522,14:21:39,11.63,--,470,546610,卖盘
523,14:21:36,11.63,--,1,1163,卖盘
524,14:21:30,11.63,--,68,79084,卖盘
525,14:21:27,11.63,--,10,11630,卖盘
526,14:21:24,11.63,--,31,36053,卖盘
527,14:21:21,11.63,--,13,15119,卖盘
528,14:21:18,11.63,--,124,144212,卖盘
529,14:21:15,11.63,--,6,6978,卖盘
530,14:21:12,11.63,--,1,1163,卖盘
531,14:21:09,11.63,--,59,68617,卖盘
532,14:20:57,11.63,--,19,22097,卖盘
533,14:20:54,11.63,--,24,27912,卖盘
534,14:20:51,11.63,--,12,13956,卖盘
535,14:20:48,11.63,-0.01,142,165146,卖盘
536,14:20:45,11.64,0.01,7,8148,买盘
537,14:20:42,11.63,-0.01,22,25586,卖盘
538,14:20:39,11.64,--,10,11640,买盘
539,14:20:36,11.64,0.01,16,18624,买盘
540,14:20:30,11.63,-0.01,20,23260,卖盘
541,14:20:27,11.64,-0.01,143,166452,卖盘
542,14:20:24,11.65,0.01,53,61745,买盘
543,14:20:21,11.64,--,7,8148,卖盘
544,14:20:18,11.64,--,10,11640,卖盘
545,14:20:15,11.64,--,3,3492,卖盘
546,14:20:12,11.64,--,124,144336,卖盘
547,14:20:09,11.64,0.01,1045,1216845,买盘
548,14:20:06,11.63,-0.01,239,277957,卖盘
549,14:20:03,11.64,--,17,19788,买盘
550,14:19:57,11.64,--,77,89628,买盘
551,14:19:51,11.64,0.01,137,159468,买盘
552,14:19:48,11.63,--,8,9304,卖盘
553,14:19:45,11.63,--,60,69780,卖盘
554,14:19:42,11.63,--,10,11630,卖盘
555,14:19:39,11.63,--,7,8141,卖盘
556,14:19:36,11.63,0.02,102,118626,买盘
557,14:19:33,11.61,--,110,127710,卖盘
558,14:19:30,11.61,-0.02,8,9288,卖盘
559,14:19:27,11.63,-0.01,9,10467,中性盘
560,14:19:24,11.64,0.01,82,95448,买盘
561,14:19:21,11.63,--,160,186080,卖盘
562,14:19:15,11.63,--,3,3489,卖盘
563,14:19:12,11.63,--,59,68617,卖盘
564,14:19:09,11.63,-0.01,16,18608,卖盘
565,14:19:06,11.64,0.01,97,112908,买盘
566,14:19:03,11.63,--,5,5815,卖盘
567,14:19:00,11.63,-0.01,5,5815,卖盘
568,14:18:57,11.64,0.01,3,3492,买盘
569,14:18:54,11.63,--,20,23260,卖盘
570,14:18:51,11.63,--,112,130604,买盘
571,14:18:39,11.63,--,92,106996,买盘
572,14:18:36,11.63,0.03,1000,1163000,买盘
573,14:18:33,11.6,--,2,2320,卖盘
574,14:18:30,11.6,--,9,10440,卖盘
575,14:18:24,11.6,--,2,2320,卖盘
576,14:18:21,11.6,--,20,23200,卖盘
577,14:18:18,11.6,-0.01,80,92800,卖盘
578,14:18:12,11.61,--,58,67338,买盘
579,14:18:03,11.61,--,13,15093,买盘
580,14:17:54,11.61,0.01,38,44118,买盘
581,14:17:51,11.6,-0.01,11,12760,卖盘
582,14:17:42,11.61,0.01,5,5805,买盘
583,14:17:36,11.6,--,10,11600,卖盘
584,14:17:33,11.6,--,72,83520,卖盘
585,14:17:30,11.6,--,8,9280,卖盘
586,14:17:27,11.6,-0.01,2,2320,卖盘
587,14:17:24,11.61,0.01,1,1161,中性盘
588,14:17:21,11.6,-0.02,630,730800,卖盘
589,14:17:12,11.62,--,18,20916,买盘
590,14:17:09,11.62,--,3,3485,买盘
591,14:17:00,11.62,0.02,20,23240,买盘
592,14:16:51,11.6,-0.02,31,35960,卖盘
593,14:16:45,11.62,0.02,6,6971,中性盘
594,14:16:30,11.6,--,8,9280,卖盘
595,14:16:27,11.6,--,31,35960,卖盘
596,14:16:21,11.6,-0.03,20,23200,卖盘
597,14:16:18,11.63,0.03,459,533817,中性盘
598,14:16:12,11.6,--,73,84680,卖盘
599,14:16:06,11.6,--,96,111360,卖盘
600,14:16:03,11.6,--,605,702043,卖盘
601,14:15:54,11.6,0.01,6,6960,买盘
602,14:15:51,11.59,-0.01,15,17385,卖盘
603,14:15:48,11.6,0.01,12,13920,买盘
604,14:15:42,11.59,-0.01,5,5795,卖盘
605,14:15:36,11.6,0.01,10,11600,买盘
606,14:15:33,11.59,--,105,121695,卖盘
607,14:15:30,11.59,--,9,10431,卖盘
608,14:15:27,11.59,-0.01,1,1159,卖盘
609,14:15:21,11.6,-0.03,3,3480,买盘
610,14:15:18,11.63,0.03,1500,1744500,买盘
611,14:15:15,11.6,--,5,5800,卖盘
612,14:15:12,11.6,--,21,24360,卖盘
613,14:15:06,11.6,--,2,2320,卖盘
614,14:15:03,11.6,-0.01,27,31320,卖盘
615,14:14:57,11.61,0.01,5,5805,买盘
616,14:14:54,11.6,--,42,48720,卖盘
617,14:14:51,11.6,--,9,10440,卖盘
618,14:14:48,11.6,--,7,8120,买盘
619,14:14:45,11.6,--,12,13920,买盘
620,14:14:39,11.6,--,1,1160,中性盘
621,14:14:33,11.6,--,20,23200,买盘
622,14:14:30,11.6,--,2,2320,卖盘
623,14:14:24,11.6,--,21,24360,卖盘
624,14:14:15,11.6,-0.01,3,3480,卖盘
625,14:14:12,11.61,0.01,34,39474,买盘
626,14:14:09,11.6,-0.01,9,10440,卖盘
627,14:14:06,11.61,--,14,16254,买盘
628,14:14:03,11.61,--,22,25542,买盘
629,14:13:54,11.61,--,39,45279,买盘
630,14:13:51,11.61,0.01,38,44118,买盘
631,14:13:48,11.6,0.01,22,25520,中性盘
632,14:13:30,11.59,-0.03,9,10431,卖盘
633,14:13:24,11.62,--,84,97608,买盘
634,14:13:15,11.62,0.03,5,5810,买盘
635,14:13:12,11.59,-0.03,8,9272,卖盘
636,14:13:09,11.62,--,316,367192,买盘
637,14:13:06,11.62,0.03,1002,1164324,买盘
638,14:13:00,11.59,--,10,11590,卖盘
639,14:12:51,11.59,-0.01,8,9272,卖盘
640,14:12:42,11.6,0.01,6,6960,买盘
641,14:12:39,11.59,-0.01,10,11590,卖盘
642,14:12:36,11.6,--,40,46400,买盘
643,14:12:33,11.6,0.01,5,5800,买盘
644,14:12:30,11.59,--,9,10431,卖盘
645,14:12:24,11.59,-0.01,64,74176,卖盘
646,14:12:15,11.6,0.01,8,9280,买盘
647,14:12:12,11.59,--,20,23180,卖盘
648,14:12:09,11.59,--,6,6954,卖盘
649,14:12:03,11.59,--,2,2318,卖盘
650,14:11:54,11.59,--,15,17385,卖盘
651,14:11:51,11.59,--,9,10431,卖盘
652,14:11:42,11.59,-0.01,13,15067,卖盘
653,14:11:39,11.6,0.01,30,34800,买盘
654,14:11:36,11.59,--,13,15067,卖盘
655,14:11:30,11.59,--,9,10431,卖盘
656,14:11:27,11.59,-0.01,2,2318,卖盘
657,14:11:18,11.6,0.01,4,4640,买盘
658,14:11:12,11.59,--,8,9272,卖盘
659,14:11:06,11.59,-0.01,9,10431,卖盘
660,14:10:51,11.6,0.01,15,17400,买盘
661,14:10:48,11.59,-0.01,10,11590,卖盘
662,14:10:42,11.6,--,17,19720,卖盘
663,14:10:39,11.6,-0.01,76,88160,卖盘
664,14:10:33,11.61,0.01,78,90558,买盘
665,14:10:30,11.6,--,45,52200,卖盘
666,14:10:24,11.6,--,69,80040,卖盘
667,14:10:18,11.6,-0.01,30,34800,卖盘
668,14:10:09,11.61,--,9,10449,卖盘
669,14:10:03,11.61,--,13,15093,卖盘
670,14:10:00,11.61,0.01,21,24381,买盘
671,14:09:57,11.6,--,2,2320,卖盘
672,14:09:54,11.6,-0.01,16,18560,卖盘
673,14:09:51,11.61,--,6,6966,卖盘
674,14:09:48,11.61,--,30,34830,卖盘
675,14:09:45,11.61,0.01,17,19737,买盘
676,14:09:42,11.6,--,9,10440,卖盘
677,14:09:39,11.6,-0.01,10,11600,卖盘
678,14:09:33,11.61,0.01,19,22059,买盘
679,14:09:30,11.6,-0.01,17,19720,卖盘
680,14:09:27,11.61,--,5,5805,买盘
681,14:09:24,11.61,--,42,48762,卖盘
682,14:09:21,11.61,--,2,2322,卖盘
683,14:09:12,11.61,--,18,20898,卖盘
684,14:09:09,11.61,-0.01,32,37152,卖盘
685,14:09:06,11.62,--,1,1162,买盘
686,14:09:00,11.62,0.01,5,5810,买盘
687,14:08:54,11.61,--,11,12771,卖盘
688,14:08:51,11.61,-0.01,12,13932,卖盘
689,14:08:36,11.62,-0.01,200,232399,卖盘
690,14:08:27,11.63,0.01,1,1163,买盘
691,14:08:21,11.62,-0.01,2,2324,卖盘
692,14:08:18,11.63,--,5,5815,买盘
693,14:08:09,11.63,--,155,180265,卖盘
694,14:08:06,11.63,--,10,11630,卖盘
695,14:08:03,11.63,--,84,97692,卖盘
696,14:08:00,11.63,0.01,425,494275,买盘
697,14:07:57,11.62,--,3,3485,买盘
698,14:07:54,11.62,--,20,23240,买盘
699,14:07:51,11.62,-0.01,220,255639,卖盘
700,14:07:48,11.63,--,3,3489,买盘
701,14:07:36,11.63,0.01,5,5815,买盘
702,14:07:30,11.62,--,2,2324,卖盘
703,14:07:27,11.62,-0.02,6,6971,卖盘
704,14:07:21,11.64,0.02,276,321264,买盘
705,14:07:18,11.62,-0.02,10,11620,买盘
706,14:07:15,11.64,0.03,857,997548,买盘
707,14:07:12,11.61,--,12,13932,买盘
708,14:07:09,11.61,-0.01,109,126549,卖盘
709,14:07:06,11.62,--,4,4648,买盘
710,14:07:03,11.62,-0.01,11,12782,中性盘
711,14:07:00,11.63,--,30,34890,买盘
712,14:06:54,11.63,0.02,10,11630,买盘
713,14:06:51,11.61,-0.02,2,2322,卖盘
714,14:06:45,11.63,--,30,34890,买盘
715,14:06:42,11.63,--,372,432636,买盘
716,14:06:39,11.63,0.01,1221,1420023,买盘
717,14:06:27,11.62,0.01,324,376488,买盘
718,14:06:24,11.61,--,8,9288,买盘
719,14:06:18,11.61,--,1,1161,买盘
720,14:06:09,11.61,0.02,3,3483,买盘
721,14:06:00,11.59,-0.03,25,28975,卖盘
722,14:05:54,11.62,0.02,1000,1162000,买盘
723,14:05:51,11.6,--,23,26680,买盘
724,14:05:48,11.6,0.01,49,56840,买盘
725,14:05:45,11.59,-0.01,10,11590,卖盘
726,14:05:33,11.6,--,13,15080,买盘
727,14:05:30,11.6,--,5,5800,买盘
728,14:05:21,11.6,-0.01,239,277240,卖盘
729,14:05:12,11.61,--,3,3483,买盘
730,14:05:06,11.61,--,5,5805,买盘
731,14:05:03,11.61,--,13,15093,卖盘
732,14:05:00,11.61,0.01,10,11610,卖盘
733,14:04:57,11.6,-0.01,14,16240,卖盘
734,14:04:54,11.61,0.01,7,8127,买盘
735,14:04:51,11.6,--,12,13920,卖盘
736,14:04:45,11.6,--,52,60320,卖盘
737,14:04:42,11.6,-0.01,20,23200,买盘
738,14:04:33,11.61,0.01,10,11610,卖盘
739,14:04:30,11.6,-0.01,10,11600,中性盘
740,14:04:27,11.61,--,85,98685,买盘
741,14:04:24,11.61,0.01,500,580500,买盘
742,14:04:15,11.6,0.01,4,4640,买盘
743,14:04:09,11.59,--,18,20862,卖盘
744,14:04:03,11.59,--,9,10431,卖盘
745,14:04:00,11.59,0.01,12,14499,买盘
746,14:03:57,11.58,--,19,22002,卖盘
747,14:03:51,11.58,-0.01,10,11580,卖盘
748,14:03:48,11.59,0.01,500,579500,买盘
749,14:03:42,11.58,--,20,23160,卖盘
750,14:03:36,11.58,--,10,11580,卖盘
751,14:03:27,11.58,-0.01,15,17370,卖盘
752,14:03:21,11.59,0.01,3,3477,买盘
753,14:03:15,11.58,-0.01,3,3474,卖盘
754,14:03:12,11.59,--,6,6954,买盘
755,14:03:00,11.59,--,5,5795,买盘
756,14:02:54,11.59,--,21,24339,买盘
757,14:02:51,11.59,0.01,39,45201,买盘
758,14:02:45,11.58,-0.01,10,11580,卖盘
759,14:02:42,11.59,--,23,26657,买盘
760,14:02:39,11.59,--,62,71858,卖盘
761,14:02:36,11.59,--,5,5795,卖盘
762,14:02:33,11.59,--,20,23180,卖盘
763,14:02:30,11.59,--,47,54473,卖盘
764,14:02:27,11.59,--,9,10431,卖盘
765,14:02:24,11.59,--,9,10431,卖盘
766,14:02:15,11.59,--,10,11590,卖盘
767,14:02:09,11.59,--,42,48678,卖盘
768,14:02:06,11.59,-0.01,7,8113,卖盘
769,14:02:03,11.6,0.01,7,8120,买盘
770,14:01:51,11.59,--,80,92720,卖盘
771,14:01:48,11.59,-0.01,154,178486,卖盘
772,14:01:45,11.6,--,190,220400,买盘
773,14:01:42,11.6,--,3,3480,买盘
774,14:01:36,11.6,0.01,20,23200,买盘
775,14:01:33,11.59,-0.01,5,5795,卖盘
776,14:01:30,11.6,--,3,3480,买盘
777,14:01:24,11.6,--,80,92800,买盘
778,14:01:21,11.6,--,32,37120,买盘
779,14:01:18,11.6,--,72,83520,买盘
780,14:01:15,11.6,-0.01,11,12760,中性盘
781,14:01:12,11.61,--,120,139320,卖盘
782,14:01:09,11.61,0.01,64,74304,买盘
783,14:01:06,11.6,-0.01,3,3480,卖盘
784,14:01:03,11.61,0.01,63,73143,买盘
785,14:01:00,11.6,--,5,5800,卖盘
786,14:00:57,11.6,-0.01,30,34800,卖盘
787,14:00:54,11.61,0.01,116,134676,买盘
788,14:00:51,11.6,0.01,41,48337,买盘
789,14:00:48,11.59,0.01,5,5795,买盘
790,14:00:45,11.58,-0.02,15,17370,卖盘
791,14:00:42,11.6,0.02,1013,1175080,买盘
792,14:00:39,11.58,-0.01,1,1158,卖盘
793,14:00:36,11.59,--,19,22021,买盘
794,14:00:27,11.59,0.01,30,34770,中性盘
795,14:00:21,11.58,-0.01,29,34716,卖盘
796,14:00:18,11.59,--,16,18544,买盘
797,14:00:15,11.59,0.01,25,28975,买盘
798,14:00:12,11.58,--,12,13896,卖盘
799,14:00:06,11.58,-0.01,78,90324,卖盘
800,14:00:03,11.59,0.01,131,151829,买盘
801,13:59:57,11.58,--,3,3474,卖盘
802,13:59:54,11.58,-0.01,13,15054,卖盘
803,13:59:51,11.59,--,71,82289,买盘
804,13:59:48,11.59,--,20,23180,买盘
805,13:59:42,11.59,0.01,4,4636,买盘
806,13:59:39,11.58,-0.02,30,34740,卖盘
807,13:59:33,11.6,--,536,621760,买盘
808,13:59:30,11.6,0.04,2000,2320000,买盘
809,13:59:27,11.56,-0.02,9,10404,卖盘
810,13:59:24,11.58,-0.01,5,5790,买盘
811,13:59:15,11.59,0.01,4,4636,买盘
812,13:59:06,11.58,-0.01,120,138960,卖盘
813,13:59:03,11.59,--,40,46360,买盘
814,13:59:00,11.59,--,21,24339,买盘
815,13:58:54,11.59,--,10,11590,买盘
816,13:58:48,11.59,--,3,3477,买盘
817,13:58:42,11.59,--,10,11590,买盘
818,13:58:36,11.59,0.01,409,474031,买盘
819,13:58:33,11.58,--,163,189055,买盘
820,13:58:30,11.58,--,34,39372,买盘
821,13:58:24,11.58,0.04,2000,2316000,买盘
822,13:58:09,11.54,-0.01,2,2308,卖盘
823,13:58:06,11.55,--,7,8085,买盘
824,13:58:03,11.55,0.01,10,11550,买盘
825,13:57:54,11.54,-0.01,12,13847,卖盘
826,13:57:51,11.55,0.01,4,4620,买盘
827,13:57:33,11.54,-0.01,12,13847,卖盘
828,13:57:30,11.55,0.01,9,10395,中性盘
829,13:57:18,11.54,--,2,2308,卖盘
830,13:57:06,11.54,--,1,1154,卖盘
831,13:57:03,11.54,-0.02,10,11540,卖盘
832,13:56:57,11.56,0.02,4,4624,买盘
833,13:56:51,11.54,-0.02,4,4616,卖盘
834,13:56:45,11.56,0.02,2,2312,买盘
835,13:56:42,11.54,--,12,13847,卖盘
836,13:56:39,11.54,--,6,6923,卖盘
837,13:56:33,11.54,-0.02,2,2308,卖盘
838,13:56:21,11.56,0.02,70,80920,买盘
839,13:56:18,11.54,-0.02,83,95782,卖盘
840,13:56:09,11.56,0.01,30,34680,买盘
841,13:56:03,11.55,--,23,26565,买盘
842,13:56:00,11.55,--,7,8085,卖盘
843,13:55:48,11.55,--,1,1155,卖盘
844,13:55:45,11.55,-0.01,3,3465,卖盘
845,13:55:42,11.56,--,57,65892,买盘
846,13:55:39,11.56,0.01,4,4624,买盘
847,13:55:33,11.55,-0.01,12,13860,卖盘
848,13:55:09,11.56,0.01,3,3468,买盘
849,13:55:00,11.55,--,15,17325,卖盘
850,13:54:54,11.55,--,10,11550,卖盘
851,13:54:48,11.55,-0.01,2,2310,卖盘
852,13:54:45,11.56,0.01,5,5780,买盘
853,13:54:42,11.55,--,33,38115,卖盘
854,13:54:39,11.55,--,108,124740,卖盘
855,13:54:27,11.55,-0.01,12,13860,卖盘
856,13:54:12,11.56,0.01,3,3468,买盘
857,13:54:00,11.55,--,5,5775,卖盘
858,13:53:57,11.55,-0.01,2,2310,卖盘
859,13:53:54,11.56,--,5,5780,买盘
860,13:53:48,11.56,--,214,247384,买盘
861,13:53:30,11.56,--,80,92480,买盘
862,13:53:18,11.56,0.01,4,4624,买盘
863,13:53:15,11.55,--,12,13860,卖盘
864,13:53:09,11.55,--,2,2310,卖盘
865,13:53:06,11.55,--,10,11550,卖盘
866,13:53:00,11.55,-0.01,8,9240,卖盘
867,13:52:57,11.56,0.01,17,19652,买盘
868,13:52:54,11.55,--,52,60060,卖盘
869,13:52:39,11.55,-0.01,23,26565,卖盘
870,13:52:33,11.56,0.01,19,21964,买盘
871,13:52:27,11.55,-0.01,2,2310,卖盘
872,13:52:24,11.56,0.01,3,3468,买盘
873,13:52:18,11.55,--,2,2310,卖盘
874,13:52:15,11.55,--,102,117810,卖盘
875,13:52:12,11.55,--,3,3465,卖盘
876,13:52:09,11.55,--,10,11550,卖盘
877,13:52:03,11.55,--,52,60060,卖盘
878,13:51:54,11.55,--,50,57750,卖盘
879,13:51:51,11.55,--,3,3465,卖盘
880,13:51:39,11.55,--,40,46200,卖盘
881,13:51:30,11.55,--,10,11550,卖盘
882,13:51:27,11.55,-0.01,2,2310,卖盘
883,13:51:24,11.56,--,4,4624,买盘
884,13:51:21,11.56,--,28,32368,买盘
885,13:51:15,11.56,0.01,70,80920,买盘
886,13:51:12,11.55,-0.01,9,10395,卖盘
887,13:51:09,11.56,--,20,23120,买盘
888,13:51:06,11.56,--,5,5780,买盘
889,13:50:57,11.56,0.01,11,12716,买盘
890,13:50:51,11.55,-0.01,43,49665,卖盘
891,13:50:45,11.56,0.01,108,124848,买盘
892,13:50:39,11.55,-0.01,12,13860,卖盘
893,13:50:36,11.56,--,3,3468,买盘
894,13:50:27,11.56,--,10,11560,买盘
895,13:50:15,11.56,--,1,1156,买盘
896,13:50:12,11.56,0.01,22,25432,买盘
897,13:50:09,11.55,--,17,19635,卖盘
898,13:50:06,11.55,--,1,1155,卖盘
899,13:49:54,11.55,--,2,2310,卖盘
900,13:49:39,11.55,--,16,18480,卖盘
901,13:49:36,11.55,--,3,3465,卖盘
902,13:49:33,11.55,-0.01,77,88935,卖盘
903,13:49:30,11.56,--,102,117912,买盘
904,13:49:15,11.56,0.01,5,5780,买盘
905,13:49:12,11.55,--,30,34650,卖盘
906,13:49:09,11.55,-0.01,23,26565,卖盘
907,13:49:06,11.56,0.01,25,28900,买盘
908,13:49:03,11.55,0.01,280,323400,买盘
909,13:48:57,11.54,--,0,126,卖盘
910,13:48:54,11.54,--,2,2308,卖盘
911,13:48:51,11.54,-0.01,28,32311,卖盘
912,13:48:48,11.55,0.01,78,90090,买盘
913,13:48:45,11.54,-0.01,16,18464,卖盘
914,13:48:42,11.55,--,3,3465,买盘
915,13:48:36,11.55,0.01,30,34650,买盘
916,13:48:33,11.54,--,14,16155,卖盘
917,13:48:27,11.54,-0.01,22,25838,卖盘
918,13:48:24,11.55,--,18,20790,买盘
919,13:48:21,11.55,0.01,5,5775,买盘
920,13:48:15,11.54,--,1,1154,卖盘
921,13:48:12,11.54,-0.01,19,21926,卖盘
922,13:48:09,11.55,0.01,11,12705,买盘
923,13:47:57,11.54,--,6,6923,卖盘
924,13:47:54,11.54,-0.01,10,11540,卖盘
925,13:47:48,11.55,0.01,3,3465,买盘
926,13:47:45,11.54,-0.01,165,190410,卖盘
927,13:47:36,11.55,--,10,11550,买盘
928,13:47:24,11.55,--,36,41580,买盘
929,13:47:18,11.55,0.01,118,136290,买盘
930,13:47:15,11.54,--,2,2308,卖盘
931,13:47:12,11.54,-0.01,12,13847,卖盘
932,13:46:54,11.55,0.01,4,4620,买盘
933,13:46:51,11.54,--,28,32311,卖盘
934,13:46:48,11.54,-0.01,21,24234,卖盘
935,13:46:42,11.55,--,2,2310,买盘
936,13:46:39,11.55,--,38,43890,买盘
937,13:46:33,11.55,0.01,118,136290,买盘
938,13:46:21,11.54,-0.01,2,2308,卖盘
939,13:46:18,11.55,--,12,13860,买盘
940,13:46:09,11.55,--,44,50820,买盘
941,13:46:06,11.55,0.01,42,48510,买盘
942,13:46:03,11.54,--,26,30003,卖盘
943,13:46:00,11.54,-0.01,5,5770,卖盘
944,13:45:57,11.55,--,3,3465,买盘
945,13:45:54,11.55,0.01,17,19635,买盘
946,13:45:39,11.54,-0.01,2,2308,卖盘
947,13:45:36,11.55,--,5,5775,买盘
948,13:45:15,11.55,--,36,41580,买盘
949,13:45:12,11.55,0.01,110,127050,买盘
950,13:45:06,11.54,--,14,16155,卖盘
951,13:44:54,11.54,--,12,13847,卖盘
952,13:44:51,11.54,--,2,2308,卖盘
953,13:44:45,11.54,--,10,11540,卖盘
954,13:44:42,11.54,-0.01,9,10386,卖盘
955,13:44:15,11.55,0.01,10,11550,买盘
956,13:44:12,11.54,-0.01,11,12693,卖盘
957,13:44:09,11.55,0.01,28,32340,买盘
958,13:44:03,11.54,0.01,67,78195,买盘
959,13:43:57,11.53,--,2,2306,卖盘
960,13:43:54,11.53,-0.01,20,23060,卖盘
961,13:43:45,11.54,0.01,5,5770,买盘
962,13:43:42,11.53,-0.01,23,26519,卖盘
963,13:43:39,11.54,0.01,12,13847,买盘
964,13:43:36,11.53,-0.01,6,6918,卖盘
965,13:43:33,11.54,--,22,25387,买盘
966,13:43:30,11.54,--,56,64623,买盘
967,13:43:27,11.54,0.01,16,18464,买盘
968,13:43:15,11.53,-0.01,7,8071,卖盘
969,13:43:12,11.54,0.01,4,4616,买盘
970,13:43:00,11.53,--,2,2306,卖盘
971,13:42:57,11.53,--,9,10377,卖盘
972,13:42:51,11.53,--,9,10377,卖盘
973,13:42:36,11.53,--,12,13836,卖盘
974,13:42:30,11.53,--,12,13836,卖盘
975,13:42:27,11.53,-0.01,12,13836,卖盘
976,13:42:24,11.54,--,1,1154,买盘
977,13:42:15,11.54,0.01,15,17944,买盘
978,13:42:12,11.53,--,2,2306,卖盘
979,13:42:09,11.53,--,12,13836,卖盘
980,13:42:03,11.53,--,8,9224,卖盘
981,13:42:00,11.53,--,6,6918,卖盘
982,13:41:57,11.53,--,20,23060,卖盘
983,13:41:42,11.53,--,34,39202,卖盘
984,13:41:39,11.53,--,21,24213,卖盘
985,13:41:33,11.53,--,22,25366,卖盘
986,13:41:21,11.53,-0.01,21,24213,卖盘
987,13:41:18,11.54,0.01,4,4616,买盘
988,13:41:12,11.53,--,13,14989,卖盘
989,13:41:09,11.53,-0.01,8,9224,卖盘
990,13:41:06,11.54,--,18,20772,买盘
991,13:41:03,11.54,--,11,12693,买盘
992,13:41:00,11.54,--,5,5770,买盘
993,13:40:57,11.54,--,12,13847,买盘
994,13:40:54,11.54,--,1,1154,买盘
995,13:40:51,11.54,0.01,5,5770,买盘
996,13:40:48,11.53,--,14,16741,卖盘
997,13:40:42,11.53,--,100,115300,卖盘
998,13:40:36,11.53,--,8,9224,卖盘
999,13:40:33,11.53,-0.01,2,2306,卖盘
1000,13:40:30,11.54,0.01,14,16155,买盘
1001,13:40:18,11.53,--,1,1153,卖盘
1002,13:40:15,11.53,--,31,35743,卖盘
1003,13:40:12,11.53,-0.01,22,25366,卖盘
1004,13:40:06,11.54,0.01,5,5770,买盘
1005,13:39:57,11.53,--,1,1153,卖盘
1006,13:39:42,11.53,-0.01,2,2306,卖盘
1007,13:39:39,11.54,--,10,11540,买盘
1008,13:39:30,11.54,--,3,3461,买盘
1009,13:39:15,11.54,--,18,20772,买盘
1010,13:39:12,11.54,--,5,5770,买盘
1011,13:39:03,11.54,--,2,2308,卖盘
1012,13:38:57,11.54,--,1,1154,卖盘
1013,13:38:54,11.54,0.01,2,2308,中性盘
1014,13:38:48,11.53,-0.01,12,13836,卖盘
1015,13:38:39,11.54,0.01,39,45006,中性盘
1016,13:38:33,11.53,-0.01,21,25100,卖盘
1017,13:38:27,11.54,0.01,32,36928,买盘
1018,13:38:24,11.53,-0.01,87,100311,卖盘
1019,13:38:18,11.54,0.01,4,4616,买盘
1020,13:38:15,11.53,--,1,1153,卖盘
1021,13:38:06,11.53,--,2,2306,卖盘
1022,13:38:03,11.53,--,10,11530,卖盘
1023,13:37:42,11.53,-0.02,24,27672,卖盘
1024,13:37:30,11.55,0.01,20,23100,买盘
1025,13:37:21,11.54,--,14,16155,卖盘
1026,13:37:18,11.54,--,2,2308,卖盘
1027,13:37:15,11.54,-0.01,45,51929,卖盘
1028,13:36:51,11.55,--,11,12705,买盘
1029,13:36:48,11.55,--,4,4620,买盘
1030,13:36:45,11.55,--,1,1155,买盘
1031,13:36:42,11.55,--,10,11550,买盘
1032,13:36:39,11.55,-0.01,102,117810,卖盘
1033,13:36:36,11.56,0.01,85,98260,买盘
1034,13:36:33,11.55,0.01,140,161700,买盘
1035,13:36:30,11.54,-0.01,52,60007,卖盘
1036,13:36:27,11.55,0.01,5,5775,买盘
1037,13:36:21,11.54,--,10,11540,卖盘
1038,13:36:18,11.54,-0.01,5,5770,卖盘
1039,13:36:15,11.55,--,12,13860,买盘
1040,13:36:09,11.55,--,19,21945,买盘
1041,13:36:06,11.55,--,24,27720,买盘
1042,13:35:54,11.55,--,18,20790,买盘
1043,13:35:51,11.55,0.01,20,23100,买盘
1044,13:35:48,11.54,-0.01,4,4616,卖盘
1045,13:35:45,11.55,0.01,5,5775,买盘
1046,13:35:42,11.54,-0.01,10,11540,卖盘
1047,13:35:33,11.55,-0.01,6,6930,卖盘
1048,13:35:30,11.56,0.01,5,5780,买盘
1049,13:35:27,11.55,--,106,122430,卖盘
1050,13:35:24,11.55,0.01,474,547470,买盘
1051,13:35:18,11.54,--,17,19618,卖盘
1052,13:35:12,11.54,--,21,24234,卖盘
1053,13:35:06,11.54,-0.01,14,16155,卖盘
1054,13:35:00,11.55,--,10,11550,买盘
1055,13:34:57,11.55,--,3,3465,买盘
1056,13:34:54,11.55,--,37,42735,买盘
1057,13:34:51,11.55,0.01,200,231000,买盘
1058,13:34:45,11.54,--,74,85396,买盘
1059,13:34:42,11.54,--,4,4616,买盘
1060,13:34:36,11.54,0.01,7,8077,买盘
1061,13:34:33,11.53,--,10,11530,卖盘
1062,13:34:21,11.53,-0.01,81,93393,卖盘
1063,13:34:12,11.54,--,32,36928,卖盘
1064,13:34:06,11.54,-0.01,7,8077,卖盘
1065,13:34:00,11.55,0.02,17,19635,买盘
1066,13:33:57,11.53,--,17,19601,卖盘
1067,13:33:54,11.53,-0.01,10,11530,卖盘
1068,13:33:51,11.54,0.01,15,17310,买盘
1069,13:33:45,11.53,-0.01,2,2306,卖盘
1070,13:33:42,11.54,-0.01,5,5770,中性盘
1071,13:33:36,11.55,--,6,6930,买盘
1072,13:33:33,11.55,--,66,76230,买盘
1073,13:33:30,11.55,--,37,42735,买盘
1074,13:33:27,11.55,--,243,280665,买盘
1075,13:33:21,11.55,--,85,98175,买盘
1076,13:33:18,11.55,--,239,276045,买盘
1077,13:33:09,11.55,0.01,3,3465,买盘
1078,13:33:06,11.54,0.02,1,1154,卖盘
1079,13:33:00,11.52,-0.02,10,11520,卖盘
1080,13:32:57,11.54,--,20,23080,卖盘
1081,13:32:54,11.54,-0.01,116,133864,卖盘
1082,13:32:51,11.55,0.01,159,183645,买盘
1083,13:32:48,11.54,0.01,554,639316,买盘
1084,13:32:45,11.53,0.01,7,8071,买盘
1085,13:32:42,11.52,--,14,16911,卖盘
1086,13:32:39,11.52,0.01,93,107136,买盘
1087,13:32:27,11.51,-0.01,10,11510,卖盘
1088,13:32:24,11.52,--,3,3456,买盘
1089,13:32:15,11.52,0.01,4,4608,买盘
1090,13:32:09,11.51,-0.01,22,25322,卖盘
1091,13:32:06,11.52,0.01,1,1152,买盘
1092,13:31:57,11.51,--,10,11510,卖盘
1093,13:31:54,11.51,-0.01,2,2302,卖盘
1094,13:31:51,11.52,0.01,15,17280,买盘
1095,13:31:39,11.51,--,22,25322,卖盘
1096,13:31:36,11.51,--,4,4604,卖盘
1097,13:31:27,11.51,--,16,19279,卖盘
1098,13:31:24,11.51,0.01,7,8057,买盘
1099,13:31:21,11.5,-0.01,2,2300,卖盘
1100,13:31:18,11.51,--,3,3453,买盘
1101,13:30:57,11.51,0.01,5,5755,买盘
1102,13:30:54,11.5,--,10,11500,卖盘
1103,13:30:33,11.5,--,2,2300,卖盘
1104,13:30:30,11.5,--,10,11500,卖盘
1105,13:30:24,11.5,-0.02,8,9200,卖盘
1106,13:30:21,11.52,--,11,12672,买盘
1107,13:30:15,11.52,0.03,5,5760,中性盘
1108,13:30:03,11.49,--,144,165456,卖盘
1109,13:30:00,11.49,-0.03,842,968285,卖盘
1110,13:29:51,11.52,--,9,10368,中性盘
1111,13:29:45,11.52,--,49,56448,买盘
1112,13:29:42,11.52,--,88,101376,买盘
1113,13:29:33,11.52,0.01,1,1152,买盘
1114,13:29:30,11.51,-0.01,2,2302,卖盘
1115,13:29:27,11.52,0.01,3,3456,买盘
1116,13:29:21,11.51,-0.01,4,4604,卖盘
1117,13:29:15,11.52,--,29,33408,买盘
1118,13:29:12,11.52,--,24,27648,买盘
1119,13:29:09,11.52,0.01,5,5760,买盘
1120,13:29:03,11.51,-0.01,9,10359,卖盘
1121,13:29:00,11.52,--,9,10368,买盘
1122,13:28:51,11.52,0.01,58,66816,买盘
1123,13:28:42,11.51,--,2,2302,卖盘
1124,13:28:39,11.51,--,2,2302,卖盘
1125,13:28:24,11.51,-0.01,10,11510,卖盘
1126,13:28:15,11.52,0.01,54,62208,买盘
1127,13:28:12,11.51,--,115,132365,买盘
1128,13:28:09,11.51,0.01,9,10359,买盘
1129,13:28:00,11.5,--,10,11500,卖盘
1130,13:27:57,11.5,--,4,4600,卖盘
1131,13:27:54,11.5,-0.01,100,115000,卖盘
1132,13:27:33,11.51,--,10,11510,买盘
1133,13:27:15,11.51,0.01,66,75966,买盘
1134,13:27:06,11.5,--,2,2300,卖盘
1135,13:27:03,11.5,--,4,4600,卖盘
1136,13:26:51,11.5,-0.01,10,11500,卖盘
1137,13:26:45,11.51,--,2,2302,买盘
1138,13:26:33,11.51,--,20,23020,买盘
1139,13:26:30,11.51,0.01,4,4604,买盘
1140,13:26:21,11.5,--,12,13800,卖盘
1141,13:26:12,11.5,--,3,3450,卖盘
1142,13:26:09,11.5,--,4,4600,卖盘
1143,13:25:54,11.5,-0.01,38,43700,卖盘
1144,13:25:24,11.51,0.01,2,2302,买盘
1145,13:25:18,11.5,--,2,2300,卖盘
1146,13:25:15,11.5,--,2,2300,卖盘
1147,13:25:12,11.5,--,2,2300,卖盘
1148,13:25:09,11.5,--,10,11500,卖盘
1149,13:25:03,11.5,--,65,74750,买盘
1150,13:24:54,11.5,0.01,9,10350,买盘
1151,13:24:42,11.49,--,22,25278,卖盘
1152,13:24:39,11.49,--,14,16086,卖盘
1153,13:24:27,11.49,--,2,2298,卖盘
1154,13:24:24,11.49,-0.01,15,17235,卖盘
1155,13:24:21,11.5,0.01,2,2300,买盘
1156,13:24:15,11.49,-0.01,10,11490,卖盘
1157,13:24:09,11.5,--,10,11500,买盘
1158,13:24:06,11.5,--,2,2300,买盘
1159,13:23:57,11.5,--,10,11500,买盘
1160,13:23:54,11.5,0.01,5,5750,买盘
1161,13:23:51,11.49,--,42,48258,卖盘
1162,13:23:42,11.49,-0.01,28,32172,卖盘
1163,13:23:39,11.5,0.01,10,11500,买盘
1164,13:23:24,11.49,-0.01,19,21831,卖盘
1165,13:23:21,11.5,0.01,23,26450,买盘
1166,13:23:15,11.49,--,20,22980,卖盘
1167,13:23:12,11.49,--,39,44811,卖盘
1168,13:22:51,11.49,-0.01,54,62046,卖盘
1169,13:22:48,11.5,--,50,57500,买盘
1170,13:22:39,11.5,0.01,3,3450,买盘
1171,13:22:27,11.49,--,2,2298,卖盘
1172,13:22:18,11.49,--,4,4596,卖盘
1173,13:22:00,11.49,-0.01,4,4596,卖盘
1174,13:21:57,11.5,--,1,1150,买盘
1175,13:21:45,11.5,--,23,26450,买盘
1176,13:21:36,11.5,--,28,32200,买盘
1177,13:21:33,11.5,-0.01,1,1150,中性盘
1178,13:21:15,11.51,0.01,11,12661,买盘
1179,13:21:09,11.5,--,10,11500,买盘
1180,13:21:06,11.5,0.01,12,13800,买盘
1181,13:20:57,11.49,-0.01,100,114900,卖盘
1182,13:20:54,11.5,0.01,10,11500,买盘
1183,13:20:48,11.49,-0.01,112,128688,卖盘
1184,13:20:39,11.5,--,103,118450,卖盘
1185,13:20:18,11.5,--,2,2300,卖盘
1186,13:20:15,11.5,--,97,111550,卖盘
1187,13:20:09,11.5,--,3,3450,卖盘
1188,13:19:54,11.5,-0.01,4,4600,卖盘
1189,13:19:33,11.51,0.01,26,29926,买盘
1190,13:19:30,11.5,--,2,2300,卖盘
1191,13:19:27,11.5,-0.01,8,9200,卖盘
1192,13:19:15,11.51,0.01,3,3453,中性盘
1193,13:19:06,11.5,--,12,13800,卖盘
1194,13:18:57,11.5,-0.01,3,3450,卖盘
1195,13:18:54,11.51,0.01,7,8057,买盘
1196,13:18:45,11.5,--,4,4600,卖盘
1197,13:18:42,11.5,--,4,4600,卖盘
1198,13:18:33,11.5,-0.02,5,5750,卖盘
1199,13:18:30,11.52,0.02,2,2304,买盘
1200,13:18:18,11.5,--,2,2300,卖盘
1201,13:18:12,11.5,--,1,1150,买盘
1202,13:18:09,11.5,--,10,11500,买盘
1203,13:18:03,11.5,-0.02,10,11500,买盘
1204,13:17:54,11.52,0.03,31,35712,买盘
1205,13:17:51,11.49,-0.01,42,48258,卖盘
1206,13:17:39,11.5,--,41,47150,买盘
1207,13:17:36,11.5,--,10,11500,买盘
1208,13:17:33,11.5,0.01,34,39100,买盘
1209,13:17:27,11.49,-0.01,16,18384,卖盘
1210,13:17:21,11.5,--,13,14950,买盘
1211,13:17:15,11.5,--,629,723350,买盘
1212,13:17:03,11.5,0.01,5,5750,买盘
1213,13:17:00,11.49,--,2,2298,卖盘
1214,13:16:57,11.49,-0.01,14,16086,卖盘
1215,13:16:45,11.5,--,11,12650,买盘
1216,13:16:42,11.5,--,6,6900,买盘
1217,13:16:27,11.5,0.01,24,27600,买盘
1218,13:16:09,11.49,-0.01,10,11490,卖盘
1219,13:16:06,11.5,0.01,14,16100,买盘
1220,13:15:51,11.49,-0.01,2,2298,卖盘
1221,13:15:48,11.5,--,10,11500,买盘
1222,13:15:45,11.5,--,1,1150,买盘
1223,13:15:42,11.5,--,15,17250,买盘
1224,13:15:39,11.5,-0.03,747,859050,卖盘
1225,13:15:18,11.53,--,34,39202,卖盘
1226,13:15:15,11.53,--,4,4612,卖盘
1227,13:14:51,11.53,--,66,76098,买盘
1228,13:14:48,11.53,--,40,46120,买盘
1229,13:14:45,11.53,0.01,37,42661,买盘
1230,13:14:42,11.52,-0.02,7,8064,卖盘
1231,13:14:33,11.54,0.02,500,577000,买盘
1232,13:14:30,11.52,-0.01,13,14976,卖盘
1233,13:14:15,11.53,--,3,3459,卖盘
1234,13:14:09,11.53,0.01,3,3459,买盘
1235,13:14:03,11.52,--,4,4608,卖盘
1236,13:13:48,11.52,-0.01,51,58752,卖盘
1237,13:13:42,11.53,--,400,461200,买盘
1238,13:13:33,11.53,--,334,385102,卖盘
1239,13:13:30,11.53,-0.01,3,3459,卖盘
1240,13:13:27,11.54,0.01,500,577000,买盘
1241,13:13:18,11.53,-0.01,61,70333,卖盘
1242,13:13:15,11.54,--,20,23080,买盘
1243,13:13:12,11.54,0.01,15,17310,买盘
1244,13:13:09,11.53,-0.01,7,8071,卖盘
1245,13:12:57,11.54,0.01,4,4616,买盘
1246,13:12:54,11.53,--,10,11530,卖盘
1247,13:12:51,11.53,--,25,28825,卖盘
1248,13:12:33,11.53,--,10,11530,卖盘
1249,13:12:18,11.53,--,95,109535,卖盘
1250,13:12:12,11.53,0.01,146,168338,买盘
1251,13:12:06,11.52,--,1,1152,卖盘
1252,13:11:57,11.52,--,20,23040,卖盘
1253,13:11:54,11.52,--,4,4608,卖盘
1254,13:11:51,11.52,--,14,16128,卖盘
1255,13:11:48,11.52,--,15,17280,卖盘
1256,13:11:45,11.52,--,20,23040,卖盘
1257,13:11:42,11.52,--,4,4608,卖盘
1258,13:11:39,11.52,-0.01,3,3456,卖盘
1259,13:11:33,11.53,--,30,34590,买盘
1260,13:11:27,11.53,0.01,32,36896,买盘
1261,13:11:15,11.52,-0.01,3,3456,卖盘
1262,13:11:12,11.53,--,19,21907,买盘
1263,13:11:09,11.53,--,20,23060,买盘
1264,13:11:06,11.53,0.01,53,61109,买盘
1265,13:11:03,11.52,-0.01,14,16128,卖盘
1266,13:11:00,11.53,0.01,23,26519,买盘
1267,13:10:54,11.52,--,70,80640,卖盘
1268,13:10:51,11.52,--,2,2304,卖盘
1269,13:10:48,11.52,-0.01,20,23040,卖盘
1270,13:10:45,11.53,0.01,52,59956,买盘
1271,13:10:42,11.52,--,183,210816,卖盘
1272,13:10:39,11.52,-0.01,21,24192,卖盘
1273,13:10:33,11.53,0.01,34,39202,买盘
1274,13:10:30,11.52,-0.01,2,2304,卖盘
1275,13:10:27,11.53,--,15,17295,买盘
1276,13:10:24,11.53,0.01,11,12683,买盘
1277,13:10:21,11.52,-0.01,12,13824,卖盘
1278,13:10:18,11.53,0.01,16,18448,买盘
1279,13:10:15,11.52,--,29,33408,卖盘
1280,13:10:12,11.52,-0.01,10,11520,卖盘
1281,13:10:09,11.53,0.01,16,18448,买盘
1282,13:10:06,11.52,--,39,44928,卖盘
1283,13:10:03,11.52,-0.01,91,104832,卖盘
1284,13:10:00,11.53,0.01,20,23060,买盘
1285,13:09:57,11.52,-0.01,11,12672,卖盘
1286,13:09:54,11.53,--,23,26519,买盘
1287,13:09:51,11.53,0.01,11,12683,买盘
1288,13:09:42,11.52,-0.01,3,3456,卖盘
1289,13:09:36,11.53,0.01,27,31131,买盘
1290,13:09:33,11.52,--,2,2304,卖盘
1291,13:09:30,11.52,-0.01,1,1152,卖盘
1292,13:09:24,11.53,0.02,89,102617,买盘
1293,13:09:21,11.51,-0.01,383,440833,卖盘
1294,13:09:18,11.52,0.01,14,16128,买盘
1295,13:09:15,11.51,--,2,2302,卖盘
1296,13:09:12,11.51,-0.02,7,8057,卖盘
1297,13:09:09,11.53,0.02,23,26519,买盘
1298,13:09:06,11.51,-0.01,383,440833,卖盘
1299,13:09:03,11.52,--,270,311040,买盘
1300,13:09:00,11.52,0.01,25,28800,买盘
1301,13:08:57,11.51,--,19,21869,买盘
1302,13:08:54,11.51,--,244,280844,买盘
1303,13:08:51,11.51,0.01,180,207180,买盘
1304,13:08:48,11.5,-0.01,8,9200,卖盘
1305,13:08:45,11.51,0.01,4,4604,买盘
1306,13:08:39,11.5,--,3,3450,卖盘
1307,13:08:27,11.5,-0.01,4,4600,卖盘
1308,13:08:24,11.51,0.01,22,25322,买盘
1309,13:08:21,11.5,-0.01,101,116150,卖盘
1310,13:08:15,11.51,0.01,206,237106,买盘
1311,13:08:12,11.5,--,879,1010850,买盘
1312,13:08:09,11.5,0.01,11,12650,买盘
1313,13:07:57,11.49,--,3,3447,卖盘
1314,13:07:48,11.49,--,2,2298,卖盘
1315,13:07:39,11.49,--,7,8043,卖盘
1316,13:07:36,11.49,--,3,3447,卖盘
1317,13:07:27,11.49,--,2,2298,卖盘
1318,13:07:12,11.49,--,3,3447,卖盘
1319,13:07:06,11.49,--,25,28725,卖盘
1320,13:07:03,11.49,-0.01,49,56301,卖盘
1321,13:07:00,11.5,0.01,502,577300,买盘
1322,13:06:51,11.49,--,2,2298,卖盘
1323,13:06:48,11.49,--,3,3447,卖盘
1324,13:06:42,11.49,--,56,64344,买盘
1325,13:06:36,11.49,0.01,15,17235,买盘
1326,13:06:33,11.48,--,2,2296,卖盘
1327,13:06:27,11.48,--,13,14924,卖盘
1328,13:06:21,11.48,--,2,2296,卖盘
1329,13:06:09,11.48,--,2,2296,卖盘
1330,13:06:06,11.48,--,23,26404,卖盘
1331,13:06:03,11.48,--,3,3444,卖盘
1332,13:06:00,11.48,--,3,3444,卖盘
1333,13:05:51,11.48,-0.01,4,4592,卖盘
1334,13:05:48,11.49,--,23,26427,买盘
1335,13:05:45,11.49,--,11,12639,买盘
1336,13:05:42,11.49,0.01,7,8043,买盘
1337,13:05:39,11.48,--,2,2296,卖盘
1338,13:05:36,11.48,-0.01,9,10332,卖盘
1339,13:05:33,11.49,0.01,5,5745,买盘
1340,13:05:24,11.48,--,20,22960,卖盘
1341,13:05:21,11.48,--,3,3444,卖盘
1342,13:05:12,11.48,--,3,3444,卖盘
1343,13:05:09,11.48,--,3,3444,卖盘
1344,13:05:06,11.48,-0.01,3,3444,卖盘
1345,13:05:00,11.49,--,3,3447,买盘
1346,13:04:51,11.49,--,16,18384,买盘
1347,13:04:48,11.49,0.01,1,1149,买盘
1348,13:04:45,11.48,--,6,6888,卖盘
1349,13:04:42,11.48,-0.01,3,3444,卖盘
1350,13:04:33,11.49,0.01,11,12639,买盘
1351,13:04:27,11.48,--,2,2296,卖盘
1352,13:04:18,11.48,--,2,2296,卖盘
1353,13:04:15,11.48,-0.01,3,3444,卖盘
1354,13:04:09,11.49,--,10,11490,卖盘
1355,13:04:06,11.49,-0.01,2,2298,卖盘
1356,13:04:00,11.5,0.01,25,28750,买盘
1357,13:03:57,11.49,--,9,10341,卖盘
1358,13:03:51,11.49,--,2,2298,卖盘
1359,13:03:45,11.49,--,10,11490,卖盘
1360,13:03:42,11.49,--,5,5745,卖盘
1361,13:03:39,11.49,--,3,3447,卖盘
1362,13:03:36,11.49,--,6,6894,卖盘
1363,13:03:24,11.49,--,2,2298,卖盘
1364,13:03:21,11.49,--,1,1149,卖盘
1365,13:03:18,11.49,--,3,3447,卖盘
1366,13:03:15,11.49,--,12,13788,卖盘
1367,13:03:09,11.49,--,3,3447,卖盘
1368,13:03:00,11.49,--,118,135582,卖盘
1369,13:02:54,11.49,--,3,3447,卖盘
1370,13:02:51,11.49,--,7,8043,卖盘
1371,13:02:45,11.49,--,2,2298,卖盘
1372,13:02:33,11.49,--,2,2298,卖盘
1373,13:02:27,11.49,--,3,3447,卖盘
1374,13:02:24,11.49,--,4,4596,卖盘
1375,13:02:18,11.49,-0.01,20,22980,卖盘
1376,13:02:15,11.5,--,12,13800,卖盘
1377,13:02:06,11.5,--,116,133400,卖盘
1378,13:02:03,11.5,-0.01,31,35650,卖盘
1379,13:01:57,11.51,0.01,39,44889,买盘
1380,13:01:54,11.5,--,1,1150,卖盘
1381,13:01:51,11.5,--,116,133400,卖盘
1382,13:01:48,11.5,--,14,16100,卖盘
1383,13:01:45,11.5,--,2,2300,卖盘
1384,13:01:33,11.5,--,10,11500,卖盘
1385,13:01:24,11.5,-0.01,3,3450,卖盘
1386,13:01:21,11.51,0.01,6,6906,买盘
1387,13:01:18,11.5,--,2,2300,卖盘
1388,13:01:15,11.5,--,4,4600,卖盘
1389,13:01:12,11.5,--,1,1150,卖盘
1390,13:01:06,11.5,0.01,24,27611,买盘
1391,13:01:03,11.49,-0.01,2,2298,卖盘
1392,13:01:00,11.5,0.01,15,17250,买盘
1393,13:00:57,11.49,--,2,2298,卖盘
1394,13:00:54,11.49,--,2,2298,卖盘
1395,13:00:45,11.49,--,3,3447,卖盘
1396,13:00:39,11.49,--,1,1149,卖盘
1397,13:00:36,11.49,--,2,2298,卖盘
1398,13:00:21,11.49,0.02,3,3447,卖盘
1399,13:00:12,11.47,--,2,2294,卖盘
1400,13:00:09,11.47,-0.03,251,287897,卖盘
1401,13:00:06,11.5,0.01,473,543950,买盘
1402,13:00:03,11.49,0.02,1792,2059008,买盘
1403,13:00:00,11.47,--,0,0,卖盘
1404,11:30:00,11.47,--,0,0,卖盘
1405,11:29:57,11.47,-0.02,5,5735,卖盘
1406,11:29:48,11.49,0.02,3,3447,买盘
1407,11:29:45,11.47,--,50,57350,卖盘
1408,11:29:39,11.47,--,3,3441,卖盘
1409,11:29:33,11.47,--,10,12387,买盘
1410,11:29:27,11.47,--,147,168838,卖盘
1411,11:29:15,11.47,--,2,2294,卖盘
1412,11:29:09,11.47,-0.02,3,3441,卖盘
1413,11:29:00,11.49,--,5,5745,买盘
1414,11:28:57,11.49,--,189,217161,卖盘
1415,11:28:51,11.49,--,2,2298,卖盘
1416,11:28:42,11.49,-0.01,3,3447,卖盘
1417,11:28:39,11.5,0.01,30,34500,买盘
1418,11:28:36,11.49,--,2,2298,卖盘
1419,11:28:33,11.49,--,1,1149,卖盘
1420,11:28:30,11.49,--,44,50556,卖盘
1421,11:28:24,11.49,--,38,43662,卖盘
1422,11:28:21,11.49,--,15,17235,卖盘
1423,11:28:15,11.49,--,2,2298,卖盘
1424,11:28:12,11.49,--,3,3447,卖盘
1425,11:28:06,11.49,--,5,5745,卖盘
1426,11:28:03,11.49,--,3,3447,卖盘
1427,11:27:57,11.49,0.01,443,509007,买盘
1428,11:27:54,11.48,0.01,15,17220,买盘
1429,11:27:51,11.47,--,19,21793,卖盘
1430,11:27:48,11.47,--,22,25234,卖盘
1431,11:27:45,11.47,--,83,96118,买盘
1432,11:27:42,11.47,0.01,4,4588,买盘
1433,11:27:39,11.46,--,1,1146,卖盘
1434,11:27:36,11.46,--,3,3438,卖盘
1435,11:27:30,11.46,--,2,2292,卖盘
1436,11:27:27,11.46,-0.01,4,4584,卖盘
1437,11:27:24,11.47,--,100,114700,买盘
1438,11:27:18,11.47,0.01,46,52762,买盘
1439,11:27:15,11.46,--,6,6876,卖盘
1440,11:27:09,11.46,--,4,4584,卖盘
1441,11:27:06,11.46,--,3,3438,卖盘
1442,11:27:00,11.46,--,10,11460,卖盘
1443,11:26:54,11.46,-0.01,2,2292,卖盘
1444,11:26:51,11.47,0.01,3,3441,买盘
1445,11:26:48,11.46,--,24,27504,卖盘
1446,11:26:45,11.46,-0.01,2,2292,卖盘
1447,11:26:42,11.47,0.01,91,104377,买盘
1448,11:26:33,11.46,--,3,3438,卖盘
1449,11:26:27,11.46,--,10,11460,卖盘
1450,11:26:21,11.46,--,22,25212,卖盘
1451,11:26:18,11.46,--,1,1146,卖盘
1452,11:26:09,11.46,--,3,3438,卖盘
1453,11:26:06,11.46,--,4,4584,卖盘
1454,11:26:03,11.46,--,37,42402,买盘
1455,11:26:00,11.46,0.01,22,25212,买盘
1456,11:25:57,11.45,-0.01,9,10305,卖盘
1457,11:25:54,11.46,--,45,51570,卖盘
1458,11:25:48,11.46,-0.01,2,2292,卖盘
1459,11:25:45,11.47,0.01,2,2294,买盘
1460,11:25:42,11.46,0.01,5,5730,买盘
1461,11:25:36,11.45,--,3,3435,卖盘
1462,11:25:33,11.45,-0.01,10,11450,卖盘
1463,11:25:27,11.46,--,121,138666,卖盘
1464,11:25:18,11.46,--,10,11460,卖盘
1465,11:25:15,11.46,--,19,21774,卖盘
1466,11:25:12,11.46,--,106,121476,卖盘
1467,11:25:03,11.46,0.01,4,4584,买盘
1468,11:24:57,11.45,--,43,49235,卖盘
1469,11:24:54,11.45,--,6,6870,卖盘
1470,11:24:51,11.45,-0.01,9,10305,卖盘
1471,11:24:48,11.46,-0.01,220,252120,卖盘
1472,11:24:45,11.47,0.01,1,1147,买盘
1473,11:24:42,11.46,-0.01,3,3438,卖盘
1474,11:24:33,11.47,0.01,32,36704,买盘
1475,11:24:21,11.46,--,3,3438,卖盘
1476,11:24:12,11.46,--,10,11460,卖盘
1477,11:24:09,11.46,--,2,2292,卖盘
1478,11:24:06,11.46,--,9,10314,卖盘
1479,11:24:03,11.46,--,8,9168,买盘
1480,11:24:00,11.46,0.01,10,11460,买盘
1481,11:23:57,11.45,-0.01,3,3435,卖盘
1482,11:23:54,11.46,--,53,60738,卖盘
1483,11:23:48,11.46,--,2,2292,卖盘
1484,11:23:42,11.46,--,24,27504,卖盘
1485,11:23:39,11.46,-0.01,2,2292,卖盘
1486,11:23:36,11.47,--,22,25234,买盘
1487,11:23:33,11.47,--,10,11470,买盘
1488,11:23:30,11.47,0.01,367,420949,买盘
1489,11:23:21,11.46,-0.01,3,3438,卖盘
1490,11:23:18,11.47,0.01,5,5735,买盘
1491,11:23:15,11.46,-0.01,10,11460,卖盘
1492,11:23:12,11.47,0.01,8,9176,买盘
1493,11:23:09,11.46,--,3,3438,卖盘
1494,11:23:06,11.46,-0.01,1,1146,卖盘
1495,11:23:03,11.47,0.01,5,5735,买盘
1496,11:22:51,11.46,--,6,6876,卖盘
1497,11:22:48,11.46,-0.01,25,28650,卖盘
1498,11:22:45,11.47,0.01,1,1147,买盘
1499,11:22:42,11.46,--,9,10314,卖盘
1500,11:22:36,11.46,--,4,4584,卖盘
1501,11:22:24,11.46,-0.01,60,68760,卖盘
1502,11:22:21,11.47,0.01,99,113553,买盘
1503,11:22:18,11.46,-0.02,6,6876,卖盘
1504,11:22:12,11.48,--,11,12857,卖盘
1505,11:22:06,11.48,0.02,127,146714,买盘
1506,11:22:03,11.46,--,10,11689,卖盘
1507,11:21:57,11.46,--,39,45610,买盘
1508,11:21:54,11.46,--,55,63030,买盘
1509,11:21:51,11.46,--,11,12606,买盘
1510,11:21:48,11.46,--,165,189090,买盘
1511,11:21:45,11.46,--,108,123768,买盘
1512,11:21:30,11.46,-0.01,974,1116433,卖盘
1513,11:21:27,11.47,--,6,6882,卖盘
1514,11:21:24,11.47,0.01,367,420949,买盘
1515,11:21:21,11.46,--,1,1146,卖盘
1516,11:21:18,11.46,--,1,1146,卖盘
1517,11:21:15,11.46,--,2,2292,卖盘
1518,11:21:09,11.46,--,2,2292,卖盘
1519,11:21:06,11.46,-0.01,4,4584,卖盘
1520,11:21:00,11.47,-0.01,41,47027,卖盘
1521,11:20:57,11.48,0.01,14,16072,买盘
1522,11:20:54,11.47,-0.01,9,10323,卖盘
1523,11:20:51,11.48,0.01,9,10332,买盘
1524,11:20:48,11.47,--,25,28675,卖盘
1525,11:20:42,11.47,--,1,1147,卖盘
1526,11:20:30,11.47,--,3,3441,卖盘
1527,11:20:27,11.47,--,50,57350,卖盘
1528,11:20:18,11.47,--,249,285603,卖盘
1529,11:20:15,11.47,--,4,4588,卖盘
1530,11:20:12,11.47,--,27,30969,卖盘
1531,11:20:03,11.47,-0.01,1,1147,卖盘
1532,11:20:00,11.48,0.01,10,11480,买盘
1533,11:19:51,11.47,--,34,38998,卖盘
1534,11:19:36,11.47,--,11,12617,卖盘
1535,11:19:33,11.47,--,22,25234,卖盘
1536,11:19:30,11.47,--,3,3441,卖盘
1537,11:19:27,11.47,--,33,37851,卖盘
1538,11:19:24,11.47,--,1,1147,卖盘
1539,11:19:12,11.47,--,2,2294,卖盘
1540,11:19:09,11.47,--,10,11470,卖盘
1541,11:19:03,11.47,-0.01,204,233988,卖盘
1542,11:19:00,11.48,--,3,3444,卖盘
1543,11:18:57,11.48,--,14,16072,卖盘
1544,11:18:54,11.48,0.01,3,3444,买盘
1545,11:18:51,11.47,--,94,107818,卖盘
1546,11:18:48,11.47,--,50,57350,卖盘
1547,11:18:33,11.47,--,10,11470,卖盘
1548,11:18:30,11.47,--,7,8029,卖盘
1549,11:18:27,11.47,--,12,13764,卖盘
1550,11:18:15,11.47,--,4,4588,卖盘
1551,11:18:12,11.47,-0.02,2,2294,卖盘
1552,11:18:06,11.49,0.02,253,290697,买盘
1553,11:18:03,11.47,--,13,14911,卖盘
1554,11:18:00,11.47,--,10,11470,卖盘
1555,11:17:54,11.47,--,42,48174,卖盘
1556,11:17:51,11.47,--,35,40145,卖盘
1557,11:17:48,11.47,--,2,2294,卖盘
1558,11:17:42,11.47,--,121,138787,卖盘
1559,11:17:39,11.47,--,2,2294,卖盘
1560,11:17:27,11.47,--,32,36704,卖盘
1561,11:17:24,11.47,-0.01,3,3441,卖盘
1562,11:17:18,11.48,--,3,3444,卖盘
1563,11:17:15,11.48,-0.01,101,115948,卖盘
1564,11:17:12,11.49,0.01,50,57450,买盘
1565,11:17:09,11.48,--,10,11480,卖盘
1566,11:17:06,11.48,-0.01,3,3444,卖盘
1567,11:17:03,11.49,--,184,211416,卖盘
1568,11:17:00,11.49,--,15,17235,卖盘
1569,11:16:54,11.49,--,2,2298,卖盘
1570,11:16:51,11.49,-0.01,25,28725,卖盘
1571,11:16:48,11.5,0.01,14,16100,买盘
1572,11:16:45,11.49,--,7,8043,卖盘
1573,11:16:39,11.49,--,5,5745,卖盘
1574,11:16:33,11.49,--,2,2298,卖盘
1575,11:16:30,11.49,--,11,12639,卖盘
1576,11:16:24,11.49,--,24,27576,卖盘
1577,11:16:21,11.49,--,30,34470,卖盘
1578,11:16:18,11.49,--,97,111453,卖盘
1579,11:16:15,11.49,--,11,12639,卖盘
1580,11:16:12,11.49,--,27,31023,卖盘
1581,11:16:09,11.49,--,30,34470,卖盘
1582,11:16:00,11.49,--,21,24129,卖盘
1583,11:15:57,11.49,--,7,8043,卖盘
1584,11:15:51,11.49,--,15,17235,卖盘
1585,11:15:48,11.49,--,13,14937,卖盘
1586,11:15:45,11.49,--,12,13788,卖盘
1587,11:15:42,11.49,--,2,2298,卖盘
1588,11:15:39,11.49,--,10,11490,卖盘
1589,11:15:33,11.49,--,13,14937,卖盘
1590,11:15:30,11.49,--,3,3447,卖盘
1591,11:15:21,11.49,-0.01,27,31023,卖盘
1592,11:15:18,11.5,0.01,10,11500,买盘
1593,11:15:15,11.49,--,23,26427,卖盘
1594,11:15:12,11.49,--,45,51705,卖盘
1595,11:15:09,11.49,--,3,3447,卖盘
1596,11:15:00,11.49,--,2,2298,卖盘
1597,11:14:57,11.49,0.01,14,16086,买盘
1598,11:14:51,11.48,--,2,2296,卖盘
1599,11:14:48,11.48,--,12,13776,卖盘
1600,11:14:45,11.48,--,11,12628,卖盘
1601,11:14:39,11.48,-0.01,46,52808,卖盘
1602,11:14:36,11.49,--,2,2298,卖盘
1603,11:14:33,11.49,0.01,5,5745,买盘
1604,11:14:27,11.48,--,4,4592,卖盘
1605,11:14:24,11.48,--,8,9184,卖盘
1606,11:14:21,11.48,-0.01,22,25256,卖盘
1607,11:14:18,11.49,0.01,2,2298,中性盘
1608,11:14:12,11.48,-0.02,2,2296,卖盘
1609,11:14:09,11.5,0.01,18,20700,买盘
1610,11:14:03,11.49,0.01,18,20682,买盘
1611,11:13:57,11.48,--,12,13776,卖盘
1612,11:13:51,11.48,--,17,19516,卖盘
1613,11:13:45,11.48,-0.01,199,228452,卖盘
1614,11:13:42,11.49,--,3,3447,卖盘
1615,11:13:39,11.49,--,4,4596,卖盘
1616,11:13:33,11.49,--,12,13788,卖盘
1617,11:13:27,11.49,--,2,2298,卖盘
1618,11:13:24,11.49,--,13,14937,卖盘
1619,11:13:21,11.49,--,107,122943,卖盘
1620,11:13:15,11.49,--,8,9192,卖盘
1621,11:13:09,11.49,--,12,13788,卖盘
1622,11:13:06,11.49,--,12,13788,卖盘
1623,11:13:03,11.49,--,2,2298,卖盘
1624,11:12:57,11.49,-0.01,48,55152,卖盘
1625,11:12:54,11.5,0.01,100,115000,买盘
1626,11:12:51,11.49,--,11,12639,卖盘
1627,11:12:42,11.49,--,15,17235,卖盘
1628,11:12:39,11.49,--,2,2298,卖盘
1629,11:12:33,11.49,--,142,163158,卖盘
1630,11:12:27,11.49,--,41,47109,卖盘
1631,11:12:24,11.49,--,3,3447,卖盘
1632,11:12:21,11.49,--,10,11490,卖盘
1633,11:12:15,11.49,--,20,22980,卖盘
1634,11:12:12,11.49,0.01,245,281505,买盘
1635,11:12:09,11.48,--,12,13776,卖盘
1636,11:12:06,11.48,-0.01,4,4592,卖盘
1637,11:12:00,11.49,0.01,191,219459,买盘
1638,11:11:57,11.48,--,12,13776,卖盘
1639,11:11:54,11.48,--,24,27552,卖盘
1640,11:11:51,11.48,--,300,344400,卖盘
1641,11:11:48,11.48,-0.01,2,2296,卖盘
1642,11:11:45,11.49,--,207,237843,卖盘
1643,11:11:42,11.49,--,3,3447,卖盘
1644,11:11:39,11.49,-0.01,5,5745,卖盘
1645,11:11:33,11.5,0.02,215,247250,买盘
1646,11:11:27,11.48,--,2,2296,卖盘
1647,11:11:21,11.48,--,12,13776,卖盘
1648,11:11:18,11.48,-0.01,96,110208,卖盘
1649,11:11:15,11.49,0.01,3,3447,买盘
1650,11:11:06,11.48,-0.01,2,2296,卖盘
1651,11:11:03,11.49,--,31,35619,卖盘
1652,11:10:57,11.49,--,5,5745,卖盘
1653,11:10:54,11.49,--,34,39066,卖盘
1654,11:10:51,11.49,0.01,8,9192,买盘
1655,11:10:45,11.48,--,2,2296,卖盘
1656,11:10:36,11.48,--,45,51660,卖盘
1657,11:10:30,11.48,--,23,26404,卖盘
1658,11:10:27,11.48,--,13,14924,卖盘
1659,11:10:24,11.48,--,2,2296,卖盘
1660,11:10:21,11.48,--,1,1148,卖盘
1661,11:10:18,11.48,--,40,45920,卖盘
1662,11:10:09,11.48,--,3,3444,卖盘
1663,11:10:06,11.48,--,12,13776,卖盘
1664,11:10:03,11.48,--,14,16072,卖盘
1665,11:10:00,11.48,-0.01,20,22960,卖盘
1666,11:09:57,11.49,--,2,2298,卖盘
1667,11:09:51,11.49,0.01,48,55152,买盘
1668,11:09:48,11.48,--,2,2296,卖盘
1669,11:09:45,11.48,--,14,16072,卖盘
1670,11:09:42,11.48,--,102,117096,卖盘
1671,11:09:39,11.48,-0.01,13,14924,卖盘
1672,11:09:33,11.49,0.01,37,42513,买盘
1673,11:09:27,11.48,--,100,114800,卖盘
1674,11:09:24,11.48,--,2,2296,卖盘
1675,11:09:18,11.48,--,12,13776,卖盘
1676,11:09:15,11.48,--,3,3444,卖盘
1677,11:09:06,11.48,--,9,10332,卖盘
1678,11:09:03,11.48,-0.01,1500,1722000,卖盘
1679,11:08:54,11.49,--,16,18384,卖盘
1680,11:08:51,11.49,--,76,87324,卖盘
1681,11:08:48,11.49,0.01,9,10341,中性盘
1682,11:08:39,11.48,-0.02,3,3444,卖盘
1683,11:08:36,11.5,0.02,204,234600,买盘
1684,11:08:33,11.48,0.01,20,22960,买盘
1685,11:08:30,11.47,--,91,104377,卖盘
1686,11:08:27,11.47,-0.01,2,2294,卖盘
1687,11:08:24,11.48,0.01,112,128576,买盘
1688,11:08:21,11.47,-0.01,3,3441,卖盘
1689,11:08:15,11.48,0.01,5,5740,买盘
1690,11:08:12,11.47,--,4,4588,卖盘
1691,11:08:09,11.47,-0.01,2,2294,卖盘
1692,11:07:57,11.48,--,181,207788,卖盘
1693,11:07:54,11.48,-0.01,9,11238,卖盘
1694,11:07:51,11.49,--,2,2298,卖盘
1695,11:07:48,11.49,--,50,57450,卖盘
1696,11:07:45,11.49,--,3,3447,卖盘
1697,11:07:39,11.49,--,192,220608,卖盘
1698,11:07:36,11.49,-0.01,2,2298,卖盘
1699,11:07:33,11.5,0.01,10,11500,买盘
1700,11:07:30,11.49,-0.01,409,470170,卖盘
1701,11:07:27,11.5,--,2,2300,卖盘
1702,11:07:24,11.5,-0.01,16,18400,卖盘
1703,11:07:21,11.51,--,5,5755,买盘
1704,11:07:15,11.51,0.01,6,6906,中性盘
1705,11:07:09,11.5,--,3,3450,卖盘
1706,11:07:06,11.5,-0.02,2,2300,卖盘
1707,11:06:57,11.52,0.02,15,17280,买盘
1708,11:06:48,11.5,-0.02,3,3450,卖盘
1709,11:06:42,11.52,0.02,25,28800,买盘
1710,11:06:36,11.5,--,10,11500,卖盘
1711,11:06:30,11.5,-0.01,300,345000,卖盘
1712,11:06:27,11.51,--,10,11510,卖盘
1713,11:06:24,11.51,--,23,26473,卖盘
1714,11:06:21,11.51,--,43,49493,卖盘
1715,11:06:18,11.51,--,5,5755,卖盘
1716,11:06:15,11.51,--,8,9208,卖盘
1717,11:06:09,11.51,--,6,6906,卖盘
1718,11:06:06,11.51,--,12,13812,卖盘
1719,11:06:03,11.51,--,2,2302,卖盘
1720,11:06:00,11.51,--,11,12661,卖盘
1721,11:05:57,11.51,-0.01,3,3453,卖盘
1722,11:05:48,11.52,0.01,45,52761,买盘
1723,11:05:42,11.51,--,12,13812,卖盘
1724,11:05:39,11.51,0.01,26,29926,买盘
1725,11:05:36,11.5,-0.01,63,72450,卖盘
1726,11:05:27,11.51,--,126,145026,买盘
1727,11:05:21,11.51,0.01,72,82872,买盘
1728,11:05:18,11.5,--,152,174800,卖盘
1729,11:05:09,11.5,--,16,18400,卖盘
1730,11:05:06,11.5,--,12,13800,卖盘
1731,11:05:03,11.5,--,44,50600,卖盘
1732,11:04:57,11.5,--,20,23000,卖盘
1733,11:04:48,11.5,--,13,14950,卖盘
1734,11:04:45,11.5,--,5,5750,卖盘
1735,11:04:42,11.5,--,5,5750,卖盘
1736,11:04:39,11.5,--,34,39100,卖盘
1737,11:04:36,11.5,--,46,52900,卖盘
1738,11:04:33,11.5,--,12,13800,卖盘
1739,11:04:30,11.5,-0.01,154,177100,卖盘
1740,11:04:27,11.51,0.01,30,34530,买盘
1741,11:04:24,11.5,--,2,2300,卖盘
1742,11:04:18,11.5,--,10,11500,卖盘
1743,11:04:15,11.5,--,3,3450,卖盘
1744,11:04:09,11.5,--,12,13800,卖盘
1745,11:04:03,11.5,--,28,32200,卖盘
1746,11:03:57,11.5,--,4,4600,卖盘
1747,11:03:54,11.5,-0.01,3,3450,卖盘
1748,11:03:51,11.51,0.01,80,92080,买盘
1749,11:03:45,11.5,--,2,2300,卖盘
1750,11:03:39,11.5,--,10,11500,卖盘
1751,11:03:36,11.5,--,16,18400,卖盘
1752,11:03:33,11.5,--,30,34500,卖盘
1753,11:03:30,11.5,--,3,3450,卖盘
1754,11:03:27,11.5,-0.01,35,40250,卖盘
1755,11:03:24,11.51,0.01,5,5755,买盘
1756,11:03:21,11.5,--,34,39100,卖盘
1757,11:03:18,11.5,-0.01,30,34500,卖盘
1758,11:03:15,11.51,0.01,45,51795,买盘
1759,11:03:12,11.5,--,10,11500,卖盘
1760,11:03:09,11.5,--,2,2300,卖盘
1761,11:03:03,11.5,-0.01,18,20700,卖盘
1762,11:02:57,11.51,0.01,2,2302,买盘
1763,11:02:54,11.5,-0.01,11,12650,卖盘
1764,11:02:48,11.51,0.01,22,25322,买盘
1765,11:02:45,11.5,--,24,27600,卖盘
1766,11:02:42,11.5,--,24,27600,卖盘
1767,11:02:36,11.5,--,12,13800,卖盘
1768,11:02:33,11.5,-0.02,65,74750,卖盘
1769,11:02:30,11.52,0.02,80,92160,买盘
1770,11:02:27,11.5,--,8,9200,卖盘
1771,11:02:24,11.5,--,3,3450,卖盘
1772,11:02:21,11.5,-0.01,38,43700,卖盘
1773,11:02:15,11.51,--,2,2302,卖盘
1774,11:02:06,11.51,--,6,6906,买盘
1775,11:02:00,11.51,-0.01,76,87476,卖盘
1776,11:01:57,11.52,0.01,19,21888,买盘
1777,11:01:54,11.51,--,48,55248,卖盘
1778,11:01:51,11.51,--,3,3453,卖盘
1779,11:01:45,11.51,--,23,26473,卖盘
1780,11:01:42,11.51,--,12,13812,卖盘
1781,11:01:39,11.51,--,4,4604,卖盘
1782,11:01:33,11.51,-0.01,41,47191,卖盘
1783,11:01:30,11.52,0.01,32,36864,买盘
1784,11:01:15,11.51,--,2,2302,买盘
1785,11:01:06,11.51,-0.01,12,13812,买盘
1786,11:00:57,11.52,0.02,12,13824,买盘
1787,11:00:54,11.5,-0.02,14,16100,卖盘
1788,11:00:51,11.52,0.01,200,230400,买盘
1789,11:00:48,11.51,0.01,20,23020,买盘
1790,11:00:39,11.5,0.01,401,461150,卖盘
1791,11:00:36,11.49,-0.01,41,47109,卖盘
1792,11:00:33,11.5,--,8,9200,卖盘
1793,11:00:30,11.5,--,12,13800,卖盘
1794,11:00:21,11.5,--,100,115000,卖盘
1795,11:00:18,11.5,-0.01,4,4600,卖盘
1796,11:00:12,11.51,-0.01,8,9208,卖盘
1797,11:00:09,11.52,0.01,20,23040,买盘
1798,11:00:06,11.51,0.01,80,92080,买盘
1799,10:59:54,11.5,0.01,75,86491,买盘
1800,10:59:48,11.49,-0.01,10,11490,卖盘
1801,10:59:45,11.5,--,24,27600,买盘
1802,10:59:39,11.5,--,12,13800,买盘
1803,10:59:36,11.5,0.01,248,285200,买盘
1804,10:59:27,11.49,-0.01,12,13788,卖盘
1805,10:59:18,11.5,0.01,2,2300,买盘
1806,10:59:15,11.49,-0.01,49,56301,卖盘
1807,10:59:12,11.5,0.01,38,43700,买盘
1808,10:59:06,11.49,--,17,19533,卖盘
1809,10:59:03,11.49,--,12,13788,卖盘
1810,10:58:54,11.49,--,15,17235,卖盘
1811,10:58:39,11.49,--,19,21831,卖盘
1812,10:58:33,11.49,--,6,6894,卖盘
1813,10:58:24,11.49,--,12,13788,卖盘
1814,10:58:18,11.49,0.01,64,73536,买盘
1815,10:58:15,11.48,--,29,33292,卖盘
1816,10:58:12,11.48,--,11,12628,卖盘
1817,10:58:03,11.48,--,3,3444,卖盘
1818,10:57:57,11.48,--,7,8036,卖盘
1819,10:57:54,11.48,0.01,42,48216,买盘
1820,10:57:51,11.47,-0.01,12,13764,卖盘
1821,10:57:45,11.48,-0.01,199,228452,卖盘
1822,10:57:42,11.49,0.01,15,17235,买盘
1823,10:57:39,11.48,--,1,1148,卖盘
1824,10:57:33,11.48,-0.01,15,17220,卖盘
1825,10:57:30,11.49,--,10,11490,买盘
1826,10:57:24,11.49,0.01,1,1149,买盘
1827,10:57:21,11.48,-0.01,2,2296,卖盘
1828,10:57:18,11.49,0.01,611,702039,买盘
1829,10:57:09,11.48,-0.01,2,2296,卖盘
1830,10:57:06,11.49,0.01,5,5745,买盘
1831,10:56:57,11.48,--,23,26404,卖盘
1832,10:56:54,11.48,--,12,13776,卖盘
1833,10:56:48,11.48,--,6,6888,卖盘
1834,10:56:45,11.48,-0.01,10,11480,卖盘
1835,10:56:42,11.49,0.01,2,2298,买盘
1836,10:56:36,11.48,--,13,14924,卖盘
1837,10:56:30,11.48,--,25,28700,卖盘
1838,10:56:27,11.48,--,40,45920,买盘
1839,10:56:15,11.48,0.02,5,5740,中性盘
1840,10:56:06,11.46,-0.01,12,13752,卖盘
1841,10:56:03,11.47,-0.01,42,48174,卖盘
1842,10:56:00,11.48,0.01,183,210084,买盘
1843,10:55:51,11.47,-0.01,202,231694,卖盘
1844,10:55:45,11.48,0.01,400,459200,买盘
1845,10:55:42,11.47,--,16,18352,卖盘
1846,10:55:39,11.47,-0.01,25,28675,卖盘
1847,10:55:36,11.48,--,10,11480,卖盘
1848,10:55:30,11.48,--,7,8036,买盘
1849,10:55:27,11.48,-0.02,30,34440,卖盘
1850,10:55:24,11.5,0.02,77,88550,买盘
1851,10:55:21,11.48,-0.01,1,1148,卖盘
1852,10:55:18,11.49,0.01,128,147072,买盘
1853,10:55:15,11.48,--,12,13776,卖盘
1854,10:55:09,11.48,--,12,13776,卖盘
1855,10:54:57,11.48,--,90,103320,卖盘
1856,10:54:54,11.48,--,9,10332,卖盘
1857,10:54:51,11.48,--,11,12628,卖盘
1858,10:54:48,11.48,--,33,37884,卖盘
1859,10:54:45,11.48,0.01,5,5740,中性盘
1860,10:54:33,11.47,--,3,3441,卖盘
1861,10:54:27,11.47,--,15,17205,卖盘
1862,10:54:24,11.47,--,14,16058,卖盘
1863,10:54:18,11.47,0.01,5,5735,买盘
1864,10:54:12,11.46,-0.04,9,10314,卖盘
1865,10:54:09,11.5,0.01,491,564650,买盘
1866,10:54:06,11.49,0.03,109,125241,买盘
1867,10:54:03,11.46,--,44,50424,卖盘
1868,10:54:00,11.46,-0.03,22,25212,卖盘
1869,10:53:57,11.49,0.03,100,114900,买盘
1870,10:53:51,11.46,-0.03,3,3438,卖盘
1871,10:53:48,11.49,0.01,307,352743,买盘
1872,10:53:39,11.48,0.02,192,221437,买盘
1873,10:53:36,11.46,-0.01,12,13752,卖盘
1874,10:53:30,11.47,--,3,3441,买盘
1875,10:53:24,11.47,0.01,29,33263,买盘
1876,10:53:18,11.46,--,107,122622,卖盘
1877,10:53:12,11.46,--,24,27504,卖盘
1878,10:53:09,11.46,--,3,3438,卖盘
1879,10:53:03,11.46,--,12,13752,卖盘
1880,10:53:00,11.46,--,25,28650,卖盘
1881,10:52:54,11.46,--,3,3438,卖盘
1882,10:52:45,11.46,--,2,2292,卖盘
1883,10:52:33,11.46,--,2,2292,卖盘
1884,10:52:30,11.46,--,15,17190,卖盘
1885,10:52:27,11.46,--,87,99702,卖盘
1886,10:52:21,11.46,-0.01,3,3438,卖盘
1887,10:52:15,11.47,0.01,29,33263,买盘
1888,10:52:09,11.46,--,2,2292,卖盘
1889,10:52:06,11.46,--,15,17190,卖盘
1890,10:52:03,11.46,--,5,5730,卖盘
1891,10:52:00,11.46,--,33,37818,卖盘
1892,10:51:51,11.46,--,129,147834,卖盘
1893,10:51:39,11.46,--,63,72198,卖盘
1894,10:51:36,11.46,--,12,13752,卖盘
1895,10:51:33,11.46,--,1,1146,卖盘
1896,10:51:27,11.46,--,33,37818,卖盘
1897,10:51:24,11.46,--,4,4584,卖盘
1898,10:51:21,11.46,--,475,544350,卖盘
1899,10:51:18,11.46,--,3,3438,卖盘
1900,10:51:12,11.46,-0.01,12,13752,卖盘
1901,10:51:09,11.47,0.01,10,11470,买盘
1902,10:51:06,11.46,-0.01,24,27504,卖盘
1903,10:51:03,11.47,--,36,41292,买盘
1904,10:50:57,11.47,0.01,80,91760,买盘
1905,10:50:54,11.46,-0.01,2,2292,卖盘
1906,10:50:48,11.47,--,3,3441,买盘
1907,10:50:45,11.47,--,120,137640,买盘
1908,10:50:39,11.47,--,76,87172,买盘
1909,10:50:33,11.47,0.01,4,4588,买盘
1910,10:50:30,11.46,-0.01,3,3438,卖盘
1911,10:50:27,11.47,--,76,87172,买盘
1912,10:50:24,11.47,--,17,19499,买盘
1913,10:50:21,11.47,--,16,18352,买盘
1914,10:50:18,11.47,0.01,33,37851,买盘
1915,10:50:12,11.46,-0.01,62,71968,卖盘
1916,10:50:09,11.47,0.01,16,18352,买盘
1917,10:50:06,11.46,--,90,103140,卖盘
1918,10:50:00,11.46,-0.02,116,132936,卖盘
1919,10:49:57,11.48,0.01,19,21812,买盘
1920,10:49:54,11.47,--,11,12617,卖盘
1921,10:49:48,11.47,--,2,2294,卖盘
1922,10:49:45,11.47,--,4,4588,卖盘
1923,10:49:42,11.47,--,3,3441,卖盘
1924,10:49:39,11.47,--,2,2294,卖盘
1925,10:49:36,11.47,--,41,47027,卖盘
1926,10:49:30,11.47,--,8,9176,卖盘
1927,10:49:27,11.47,--,15,17205,卖盘
1928,10:49:24,11.47,--,22,25234,卖盘
1929,10:49:18,11.47,--,10,11470,卖盘
1930,10:49:15,11.47,--,15,17205,卖盘
1931,10:49:12,11.47,--,41,47027,卖盘
1932,10:49:06,11.47,--,3,3441,卖盘
1933,10:49:03,11.47,-0.01,5,5735,卖盘
1934,10:49:00,11.48,0.01,71,81508,买盘
1935,10:48:57,11.47,--,11,12617,卖盘
1936,10:48:54,11.47,--,32,36704,卖盘
1937,10:48:48,11.47,--,4,4588,卖盘
1938,10:48:45,11.47,--,3,3441,卖盘
1939,10:48:42,11.47,--,41,47027,卖盘
1940,10:48:39,11.47,--,41,47027,卖盘
1941,10:48:33,11.47,--,14,16058,卖盘
1942,10:48:30,11.47,--,12,13764,卖盘
1943,10:48:27,11.47,--,8,9176,卖盘
1944,10:48:24,11.47,--,10,11470,卖盘
1945,10:48:21,11.47,-0.01,40,45880,卖盘
1946,10:48:15,11.48,--,3,3444,卖盘
1947,10:48:12,11.48,--,94,107912,卖盘
1948,10:48:06,11.48,--,16,18368,卖盘
1949,10:48:03,11.48,--,20,22960,卖盘
1950,10:48:00,11.48,-0.01,14,16072,卖盘
1951,10:47:57,11.49,--,14,16086,买盘
1952,10:47:51,11.49,--,13,14937,买盘
1953,10:47:48,11.49,-0.01,845,970905,卖盘
1954,10:47:45,11.5,0.01,12,13800,买盘
1955,10:47:42,11.49,-0.01,34,39066,卖盘
1956,10:47:39,11.5,--,420,483000,买盘
1957,10:47:36,11.5,--,165,189750,买盘
1958,10:47:33,11.5,--,231,265650,买盘
1959,10:47:30,11.5,--,313,359950,买盘
1960,10:47:24,11.5,--,32,36800,买盘
1961,10:47:18,11.5,0.01,13,14950,买盘
1962,10:47:15,11.49,--,74,85026,卖盘
1963,10:47:12,11.49,--,302,346998,卖盘
1964,10:47:09,11.49,-0.01,12,13788,卖盘
1965,10:47:03,11.5,--,2002,2302300,买盘
1966,10:46:57,11.5,--,14,16100,买盘
1967,10:46:54,11.5,--,4,4600,买盘
1968,10:46:51,11.5,--,48,55200,买盘
1969,10:46:45,11.5,0.01,21,24150,买盘
1970,10:46:42,11.49,--,2,2298,卖盘
1971,10:46:39,11.49,--,57,65493,卖盘
1972,10:46:30,11.49,-0.01,3,3447,卖盘
1973,10:46:27,11.5,0.01,20,23000,买盘
1974,10:46:24,11.49,--,4,4596,卖盘
1975,10:46:18,11.49,-0.01,31,35619,卖盘
1976,10:46:15,11.5,0.01,10,11500,买盘
1977,10:46:12,11.49,--,41,47109,卖盘
1978,10:46:06,11.49,-0.01,3,3447,卖盘
1979,10:46:03,11.5,0.01,114,131100,买盘
1980,10:46:00,11.49,--,74,85026,卖盘
1981,10:45:57,11.49,--,2,2298,卖盘
1982,10:45:54,11.49,--,13,14937,卖盘
1983,10:45:51,11.49,--,11,12639,卖盘
1984,10:45:48,11.49,--,41,47109,卖盘
1985,10:45:45,11.49,-0.01,2,2298,卖盘
1986,10:45:42,11.5,0.01,4,4600,买盘
1987,10:45:33,11.49,--,71,81579,卖盘
1988,10:45:30,11.49,-0.01,2,2298,卖盘
1989,10:45:27,11.5,0.01,230,264500,买盘
1990,10:45:24,11.49,--,13,14937,卖盘
1991,10:45:21,11.49,-0.01,70,80430,卖盘
1992,10:45:18,11.5,0.01,627,721050,买盘
1993,10:45:15,11.49,--,9,10341,卖盘
1994,10:45:12,11.49,--,40,45960,卖盘
1995,10:45:09,11.49,-0.01,49,56301,卖盘
1996,10:45:06,11.5,--,10,11500,买盘
1997,10:45:03,11.5,0.01,46,52900,买盘
1998,10:45:00,11.49,--,12,13788,卖盘
1999,10:44:51,11.49,-0.01,304,349296,卖盘
2000,10:44:48,11.5,0.01,12,13800,买盘
2001,10:44:45,11.49,0.01,700,804300,买盘
2002,10:44:42,11.48,--,19,21812,卖盘
2003,10:44:39,11.48,-0.01,3,3444,卖盘
2004,10:44:36,11.49,--,1,1149,买盘
2005,10:44:30,11.49,0.01,153,175797,买盘
2006,10:44:27,11.48,--,2,2296,卖盘
2007,10:44:24,11.48,0.01,140,160720,买盘
2008,10:44:18,11.47,-0.01,5,5735,卖盘
2009,10:44:15,11.48,0.01,200,229600,买盘
2010,10:44:12,11.47,-0.01,80,91760,卖盘
2011,10:44:09,11.48,--,7,8036,买盘
2012,10:44:06,11.48,-0.01,79,90692,中性盘
2013,10:44:03,11.49,--,78,89622,买盘
2014,10:44:00,11.49,0.01,220,252780,买盘
2015,10:43:57,11.48,0.01,225,258300,买盘
2016,10:43:54,11.47,-0.01,19,21793,卖盘
2017,10:43:51,11.48,0.01,49,56252,买盘
2018,10:43:48,11.47,--,10,11470,卖盘
2019,10:43:45,11.47,--,2,2294,卖盘
2020,10:43:33,11.47,--,4,4588,卖盘
2021,10:43:24,11.47,-0.01,3,3441,卖盘
2022,10:43:21,11.48,0.01,12,13776,买盘
2023,10:43:15,11.47,--,21,24087,卖盘
2024,10:43:09,11.47,--,110,126170,卖盘
2025,10:43:03,11.47,--,7,8029,卖盘
2026,10:42:57,11.47,-0.01,2,2294,卖盘
2027,10:42:54,11.48,0.01,20,22960,买盘
2028,10:42:51,11.47,-0.01,3,3441,卖盘
2029,10:42:45,11.48,0.01,20,22960,买盘
2030,10:42:42,11.47,--,9,10323,卖盘
2031,10:42:39,11.47,-0.01,2,2294,卖盘
2032,10:42:30,11.48,0.01,116,133168,买盘
2033,10:42:24,11.47,-0.01,10,11470,卖盘
2034,10:42:21,11.48,0.01,118,135464,买盘
2035,10:42:18,11.47,--,3,3441,卖盘
2036,10:42:12,11.47,--,9,10323,卖盘
2037,10:42:09,11.47,--,6,6882,卖盘
2038,10:42:06,11.47,-0.01,5,5735,卖盘
2039,10:42:03,11.48,--,30,34440,买盘
2040,10:42:00,11.48,0.01,8,9184,买盘
2041,10:41:57,11.47,--,11,12617,卖盘
2042,10:41:54,11.47,-0.01,3,3441,卖盘
2043,10:41:51,11.48,0.01,140,161179,买盘
2044,10:41:42,11.47,--,32,36704,卖盘
2045,10:41:39,11.47,-0.01,100,114700,卖盘
2046,10:41:36,11.48,0.01,7,8036,买盘
2047,10:41:33,11.47,--,11,12617,卖盘
2048,10:41:30,11.47,-0.01,65,74555,卖盘
2049,10:41:27,11.48,0.01,1,1148,买盘
2050,10:41:24,11.47,--,2,2294,卖盘
2051,10:41:21,11.47,--,1,2167,卖盘
2052,10:41:18,11.47,-0.01,20,22940,卖盘
2053,10:41:15,11.48,0.01,13,14924,买盘
2054,10:41:12,11.47,-0.01,2,2294,卖盘
2055,10:41:06,11.48,--,67,76916,买盘
2056,10:41:03,11.48,0.01,5,5740,买盘
2057,10:41:00,11.47,-0.01,140,160580,卖盘
2058,10:40:57,11.48,--,2,2296,卖盘
2059,10:40:54,11.48,--,1,1148,卖盘
2060,10:40:48,11.48,--,2,2296,卖盘
2061,10:40:45,11.48,--,3,3444,卖盘
2062,10:40:42,11.48,--,29,33292,卖盘
2063,10:40:39,11.48,-0.01,3,3444,卖盘
2064,10:40:36,11.49,0.01,17,19533,买盘
2065,10:40:33,11.48,-0.01,44,50512,卖盘
2066,10:40:30,11.49,0.01,286,328614,买盘
2067,10:40:27,11.48,--,12,13776,卖盘
2068,10:40:24,11.48,--,12,13776,卖盘
2069,10:40:21,11.48,--,4,4592,卖盘
2070,10:40:18,11.48,--,31,35588,卖盘
2071,10:40:15,11.48,--,13,14924,卖盘
2072,10:40:12,11.48,--,175,200900,卖盘
2073,10:40:09,11.48,--,5,5740,卖盘
2074,10:40:06,11.48,--,4,4592,卖盘
2075,10:40:03,11.48,--,38,43624,卖盘
2076,10:40:00,11.48,--,5,5740,卖盘
2077,10:39:57,11.48,--,4,4592,卖盘
2078,10:39:54,11.48,--,36,41328,卖盘
2079,10:39:51,11.48,-0.01,10,11480,卖盘
2080,10:39:42,11.49,0.02,555,637695,买盘
2081,10:39:39,11.47,-0.01,3,3441,卖盘
2082,10:39:36,11.48,0.01,1,1148,买盘
2083,10:39:30,11.47,-0.01,43,49321,卖盘
2084,10:39:27,11.48,--,2,2296,买盘
2085,10:39:24,11.48,--,10,11480,买盘
2086,10:39:21,11.48,--,1,1148,买盘
2087,10:39:18,11.48,--,200,229600,买盘
2088,10:39:09,11.48,0.01,3,3444,买盘
2089,10:39:03,11.47,--,18,20646,卖盘
2090,10:38:57,11.47,-0.02,8,9176,卖盘
2091,10:38:48,11.49,--,110,126390,买盘
2092,10:38:45,11.49,--,50,57450,买盘
2093,10:38:42,11.49,0.01,486,558414,买盘
2094,10:38:39,11.48,--,140,160720,买盘
2095,10:38:36,11.48,--,200,229600,买盘
2096,10:38:30,11.48,--,36,41328,卖盘
2097,10:38:27,11.48,--,210,241080,卖盘
2098,10:38:21,11.48,--,4,4592,卖盘
2099,10:38:18,11.48,--,5,5740,卖盘
2100,10:38:12,11.48,--,155,177940,买盘
2101,10:38:09,11.48,--,11,12628,买盘
2102,10:38:06,11.48,0.01,41,47068,买盘
2103,10:38:03,11.47,-0.01,7,8258,卖盘
2104,10:37:54,11.48,--,212,243376,买盘
2105,10:37:51,11.48,--,5,5740,买盘
2106,10:37:36,11.48,--,25,28700,买盘
2107,10:37:33,11.48,--,57,65436,卖盘
2108,10:37:30,11.48,0.01,54,61992,买盘
2109,10:37:27,11.47,-0.01,7,8029,卖盘
2110,10:37:21,11.48,0.01,14,16072,买盘
2111,10:37:18,11.47,-0.01,4,4588,卖盘
2112,10:37:15,11.48,--,1,1148,买盘
2113,10:37:06,11.48,-0.01,15,17220,卖盘
2114,10:37:00,11.49,0.01,102,117198,买盘
2115,10:36:57,11.48,-0.01,142,163016,卖盘
2116,10:36:48,11.49,0.01,62,71238,买盘
2117,10:36:45,11.48,-0.01,44,50512,卖盘
2118,10:36:42,11.49,0.01,16,18384,买盘
2119,10:36:30,11.48,--,62,71176,买盘
2120,10:36:27,11.48,0.01,13,14924,买盘
2121,10:36:24,11.47,-0.01,11,12617,卖盘
2122,10:36:18,11.48,0.01,600,688800,买盘
2123,10:36:09,11.47,--,29,33263,卖盘
2124,10:36:06,11.47,0.01,447,512709,买盘
2125,10:36:03,11.46,--,8,9168,卖盘
2126,10:35:51,11.46,0.01,27,30942,买盘
2127,10:35:48,11.45,-0.01,35,40075,卖盘
2128,10:35:45,11.46,0.01,25,28650,买盘
2129,10:35:42,11.45,-0.01,10,11450,卖盘
2130,10:35:39,11.46,0.01,1,1146,买盘
2131,10:35:36,11.45,-0.01,514,588530,卖盘
2132,10:35:33,11.46,0.01,20,22920,买盘
2133,10:35:30,11.45,--,5,5725,卖盘
2134,10:35:27,11.45,--,1,1145,卖盘
2135,10:35:21,11.45,--,5,5725,卖盘
2136,10:35:09,11.45,0.01,10,11450,中性盘
2137,10:35:00,11.44,--,45,51480,卖盘
2138,10:34:54,11.44,-0.02,9,10296,卖盘
2139,10:34:51,11.46,--,28,32088,买盘
2140,10:34:48,11.46,--,6,6876,卖盘
2141,10:34:45,11.46,0.01,92,105432,买盘
2142,10:34:42,11.45,--,13,14884,买盘
2143,10:34:39,11.45,--,10,11450,买盘
2144,10:34:36,11.45,--,702,803790,卖盘
2145,10:34:33,11.45,--,5,5725,卖盘
2146,10:34:30,11.45,--,10,11450,卖盘
2147,10:34:27,11.45,-0.01,12,13740,卖盘
2148,10:34:24,11.46,0.01,30,34380,买盘
2149,10:34:21,11.45,--,16,18320,卖盘
2150,10:34:15,11.45,-0.01,3,3435,卖盘
2151,10:34:12,11.46,--,1,1146,买盘
2152,10:34:09,11.46,--,5,5730,买盘
2153,10:34:06,11.46,0.01,20,22920,买盘
2154,10:34:03,11.45,-0.01,2,2290,卖盘
2155,10:34:00,11.46,0.01,58,66468,买盘
2156,10:33:57,11.45,--,3,3435,卖盘
2157,10:33:54,11.45,--,3,3435,卖盘
2158,10:33:48,11.45,--,14,16029,卖盘
2159,10:33:45,11.45,--,2,2290,卖盘
2160,10:33:42,11.45,-0.01,5,5725,卖盘
2161,10:33:39,11.46,--,32,36672,买盘
2162,10:33:36,11.46,0.01,25,28650,买盘
2163,10:33:30,11.45,--,3,3435,卖盘
2164,10:33:24,11.45,--,50,57250,卖盘
2165,10:33:21,11.45,-0.01,42,48090,卖盘
2166,10:33:15,11.46,0.01,20,22920,买盘
2167,10:33:12,11.45,-0.01,20,22900,卖盘
2168,10:33:09,11.46,--,52,59592,买盘
2169,10:33:06,11.46,0.01,1,1146,买盘
2170,10:32:57,11.45,--,2,2290,卖盘
2171,10:32:51,11.45,--,14,16029,卖盘
2172,10:32:48,11.45,-0.01,17,19465,卖盘
2173,10:32:45,11.46,0.01,24,27504,买盘
2174,10:32:39,11.45,--,37,42365,卖盘
2175,10:32:36,11.45,-0.01,3,3435,卖盘
2176,10:32:33,11.46,0.01,2,2292,买盘
2177,10:32:30,11.45,--,40,45800,卖盘
2178,10:32:27,11.45,-0.01,6,6870,卖盘
2179,10:32:18,11.46,0.01,14,16044,买盘
2180,10:32:15,11.45,--,194,222130,卖盘
2181,10:32:12,11.45,--,5,5725,卖盘
2182,10:32:03,11.45,-0.01,3,3435,卖盘
2183,10:32:00,11.46,--,2,2292,买盘
2184,10:31:57,11.46,--,2,2292,买盘
2185,10:31:54,11.46,--,12,13752,买盘
2186,10:31:51,11.46,--,30,34380,买盘
2187,10:31:48,11.46,0.01,2,2292,买盘
2188,10:31:45,11.45,--,34,38930,卖盘
2189,10:31:39,11.45,-0.01,3,3435,卖盘
2190,10:31:36,11.46,0.01,46,52716,买盘
2191,10:31:33,11.45,0.01,213,243884,买盘
2192,10:31:30,11.44,-0.01,2,2288,卖盘
2193,10:31:27,11.45,--,10,11450,买盘
2194,10:31:21,11.45,0.01,27,30914,买盘
2195,10:31:15,11.44,-0.01,29,33176,卖盘
2196,10:31:12,11.45,--,110,125949,买盘
2197,10:31:09,11.45,0.01,58,67429,买盘
2198,10:31:06,11.44,-0.01,47,53768,卖盘
2199,10:31:03,11.45,0.01,3,3435,买盘
2200,10:31:00,11.44,-0.01,2,2288,卖盘
2201,10:30:57,11.45,--,68,77860,买盘
2202,10:30:54,11.45,--,267,305715,买盘
2203,10:30:51,11.45,--,12,13740,买盘
2204,10:30:48,11.45,0.01,22,25190,买盘
2205,10:30:45,11.44,-0.01,14,16016,卖盘
2206,10:30:39,11.45,0.01,12,13740,买盘
2207,10:30:36,11.44,-0.01,16,18304,卖盘
2208,10:30:33,11.45,0.01,31,35495,买盘
2209,10:30:24,11.44,-0.01,51,58344,卖盘
2210,10:30:21,11.45,--,120,137400,买盘
2211,10:30:15,11.45,0.01,21,24045,买盘
2212,10:30:12,11.44,-0.01,35,40040,卖盘
2213,10:30:09,11.45,0.01,136,155720,买盘
2214,10:30:06,11.44,-0.01,10,11440,卖盘
2215,10:30:03,11.45,0.01,12,13740,买盘
2216,10:30:00,11.44,-0.01,20,22880,卖盘
2217,10:29:57,11.45,--,8,9160,买盘
2218,10:29:54,11.45,0.01,46,52670,买盘
2219,10:29:51,11.44,--,20,22880,卖盘
2220,10:29:45,11.44,-0.01,1,1144,卖盘
2221,10:29:39,11.45,--,5,5725,买盘
2222,10:29:33,11.45,0.01,16,18320,买盘
2223,10:29:30,11.44,-0.01,14,16016,卖盘
2224,10:29:27,11.45,0.01,1,1145,买盘
2225,10:29:24,11.44,-0.01,3,3432,卖盘
2226,10:29:21,11.45,0.01,1,1145,买盘
2227,10:29:18,11.44,--,14,16016,买盘
2228,10:29:15,11.44,--,36,41184,卖盘
2229,10:29:12,11.44,--,50,57200,卖盘
2230,10:29:06,11.44,--,17,19448,卖盘
2231,10:29:03,11.44,--,43,49192,买盘
2232,10:29:00,11.44,0.01,44,50336,买盘
2233,10:28:57,11.43,--,60,68580,卖盘
2234,10:28:51,11.43,-0.01,13,14859,卖盘
2235,10:28:48,11.44,0.01,65,74360,买盘
2236,10:28:45,11.43,--,67,76581,卖盘
2237,10:28:42,11.43,-0.01,76,86868,卖盘
2238,10:28:39,11.44,0.01,27,30888,买盘
2239,10:28:33,11.43,-0.01,28,32004,卖盘
2240,10:28:30,11.44,--,20,22880,买盘
2241,10:28:27,11.44,--,22,25168,卖盘
2242,10:28:24,11.44,--,23,26312,买盘
2243,10:28:21,11.44,--,20,22880,买盘
2244,10:28:18,11.44,--,55,62920,买盘
2245,10:28:15,11.44,0.01,20,22880,买盘
2246,10:28:12,11.43,--,1,1143,卖盘
2247,10:28:09,11.43,-0.01,8,9144,卖盘
2248,10:28:06,11.44,0.01,9,10296,买盘
2249,10:28:03,11.43,-0.01,5,5715,卖盘
2250,10:28:00,11.44,0.01,194,221936,买盘
2251,10:27:57,11.43,--,820,937260,卖盘
2252,10:27:54,11.43,-0.01,35,40005,卖盘
2253,10:27:51,11.44,0.01,70,80080,买盘
2254,10:27:48,11.43,-0.01,2,2286,卖盘
2255,10:27:42,11.44,0.01,4,4576,买盘
2256,10:27:39,11.43,--,8,9144,卖盘
2257,10:27:36,11.43,--,63,72009,卖盘
2258,10:27:33,11.43,-0.01,3,3429,卖盘
2259,10:27:30,11.44,0.01,21,24024,买盘
2260,10:27:27,11.43,-0.01,38,43434,卖盘
2261,10:27:24,11.44,--,8,9152,买盘
2262,10:27:21,11.44,0.01,2,2288,买盘
2263,10:27:18,11.43,-0.01,214,244602,卖盘
2264,10:27:15,11.44,--,73,83512,买盘
2265,10:27:12,11.44,0.01,33,37752,买盘
2266,10:27:09,11.43,-0.01,27,30861,卖盘
2267,10:27:06,11.44,--,51,58344,买盘
2268,10:27:03,11.44,--,109,124696,卖盘
2269,10:27:00,11.44,0.01,19,21736,卖盘
2270,10:26:54,11.43,-0.02,5,5715,卖盘
2271,10:26:51,11.45,0.02,224,256479,买盘
2272,10:26:48,11.43,-0.02,244,278892,卖盘
2273,10:26:45,11.45,--,77,88165,买盘
2274,10:26:42,11.45,--,6,6870,买盘
2275,10:26:39,11.45,0.01,26,29769,买盘
2276,10:26:36,11.44,--,22,25168,卖盘
2277,10:26:33,11.44,-0.01,13,14872,卖盘
2278,10:26:30,11.45,--,100,114500,买盘
2279,10:26:24,11.45,0.01,33,37785,买盘
2280,10:26:21,11.44,--,312,356928,卖盘
2281,10:26:18,11.44,--,146,167024,卖盘
2282,10:26:15,11.44,--,2,2288,卖盘
2283,10:26:12,11.44,0.01,53,60632,中性盘
2284,10:26:09,11.43,--,627,716661,卖盘
2285,10:26:06,11.43,--,321,366903,卖盘
2286,10:26:03,11.43,--,310,354330,卖盘
2287,10:26:00,11.43,--,7,8001,卖盘
2288,10:25:57,11.43,--,119,136017,卖盘
2289,10:25:54,11.43,--,648,740664,卖盘
2290,10:25:48,11.43,--,8,9144,卖盘
2291,10:25:45,11.43,-0.01,100,114300,卖盘
2292,10:25:42,11.44,0.01,153,175032,买盘
2293,10:25:39,11.43,--,44,50292,卖盘
2294,10:25:36,11.43,--,3,3429,卖盘
2295,10:25:33,11.43,-0.01,30,34290,卖盘
2296,10:25:30,11.44,--,169,193336,买盘
2297,10:25:27,11.44,0.01,137,156728,买盘
2298,10:25:24,11.43,-0.01,82,93726,卖盘
2299,10:25:21,11.44,--,220,251680,买盘
2300,10:25:18,11.44,--,8,9152,买盘
2301,10:25:15,11.44,0.01,45,52498,买盘
2302,10:25:12,11.43,-0.01,6,6858,卖盘
2303,10:25:06,11.44,--,164,187616,买盘
2304,10:25:03,11.44,--,37,42328,买盘
2305,10:25:00,11.44,0.01,249,284856,买盘
2306,10:24:57,11.43,-0.01,56,64008,卖盘
2307,10:24:54,11.44,--,58,66352,买盘
2308,10:24:51,11.44,0.01,17,19448,买盘
2309,10:24:48,11.43,-0.01,62,70866,卖盘
2310,10:24:45,11.44,--,22,25168,买盘
2311,10:24:42,11.44,--,23,26312,买盘
2312,10:24:39,11.44,--,101,115544,买盘
2313,10:24:36,11.44,0.01,24,27456,买盘
2314,10:24:33,11.43,--,100,114300,卖盘
2315,10:24:30,11.43,-0.01,129,147447,卖盘
2316,10:24:27,11.44,0.01,24,27456,买盘
2317,10:24:24,11.43,-0.01,17,19431,卖盘
2318,10:24:21,11.44,--,32,36608,买盘
2319,10:24:18,11.44,0.01,71,81224,买盘
2320,10:24:15,11.43,-0.01,3,3429,卖盘
2321,10:24:12,11.44,--,5,5720,买盘
2322,10:24:09,11.44,--,43,49192,买盘
2323,10:24:03,11.44,--,98,112112,买盘
2324,10:24:00,11.44,0.01,246,281424,买盘
2325,10:23:57,11.43,-0.01,9,10287,卖盘
2326,10:23:54,11.44,--,87,99528,买盘
2327,10:23:51,11.44,--,62,70928,买盘
2328,10:23:48,11.44,0.01,28,32032,买盘
2329,10:23:45,11.43,-0.01,30,34290,卖盘
2330,10:23:42,11.44,--,13,14872,买盘
2331,10:23:39,11.44,--,141,161304,买盘
2332,10:23:36,11.44,--,13,14872,买盘
2333,10:23:33,11.44,--,220,251680,买盘
2334,10:23:30,11.44,--,54,61776,买盘
2335,10:23:27,11.44,0.01,111,126984,买盘
2336,10:23:24,11.43,0.01,119,136017,买盘
2337,10:23:21,11.42,-0.02,92,105064,卖盘
2338,10:23:18,11.44,0.01,8,9152,买盘
2339,10:23:15,11.43,--,109,124587,卖盘
2340,10:23:12,11.43,-0.01,19,21717,卖盘
2341,10:23:09,11.44,--,37,42328,买盘
2342,10:23:06,11.44,0.02,200,228800,买盘
2343,10:23:03,11.42,-0.01,53,60526,卖盘
2344,10:23:00,11.43,0.01,30,34290,买盘
2345,10:22:57,11.42,--,6,6852,卖盘
2346,10:22:54,11.42,0.01,867,990114,买盘
2347,10:22:51,11.41,-0.01,86,98126,卖盘
2348,10:22:48,11.42,--,8,9136,买盘
2349,10:22:45,11.42,0.01,82,93644,买盘
2350,10:22:42,11.41,-0.01,20,22820,卖盘
2351,10:22:39,11.42,--,55,62810,买盘
2352,10:22:36,11.42,--,60,68520,买盘
2353,10:22:33,11.42,0.01,38,43396,买盘
2354,10:22:30,11.41,--,47,53627,卖盘
2355,10:22:27,11.41,--,11,12551,卖盘
2356,10:22:24,11.41,--,34,38794,买盘
2357,10:22:21,11.41,-0.01,1279,1459339,卖盘
2358,10:22:18,11.42,0.01,266,303772,买盘
2359,10:22:15,11.41,--,91,103831,卖盘
2360,10:22:12,11.41,--,74,84434,卖盘
2361,10:22:09,11.41,--,125,142625,卖盘
2362,10:22:06,11.41,0.01,68,77588,买盘
2363,10:22:03,11.4,--,348,396720,卖盘
2364,10:22:00,11.4,-0.01,46,52440,卖盘
2365,10:21:57,11.41,--,18,20538,买盘
2366,10:21:54,11.41,-0.01,367,418747,卖盘
2367,10:21:51,11.42,0.01,103,117626,买盘
2368,10:21:48,11.41,-0.01,76,86716,卖盘
2369,10:21:45,11.42,--,73,83366,买盘
2370,10:21:42,11.42,--,5,5710,买盘
2371,10:21:39,11.42,0.01,375,428250,买盘
2372,10:21:36,11.41,-0.03,49,55909,卖盘
2373,10:21:33,11.44,--,97,110968,买盘
2374,10:21:30,11.44,0.03,53,60632,买盘
2375,10:21:27,11.41,-0.03,50,57050,卖盘
2376,10:21:24,11.44,--,26,29744,买盘
2377,10:21:21,11.44,0.04,14,16016,买盘
2378,10:21:18,11.4,-0.03,4897,5583309,卖盘
2379,10:21:15,11.43,-0.01,61,69723,卖盘
2380,10:21:12,11.44,--,5,5720,买盘
2381,10:21:09,11.44,--,20,22880,买盘
2382,10:21:06,11.44,0.01,86,98384,中性盘
2383,10:21:00,11.43,-0.01,24,27432,卖盘
2384,10:20:57,11.44,0.01,40,45760,买盘
2385,10:20:54,11.43,--,213,243459,卖盘
2386,10:20:51,11.43,--,16,18288,卖盘
2387,10:20:48,11.43,-0.01,28,32004,卖盘
2388,10:20:45,11.44,-0.01,1,1144,中性盘
2389,10:20:42,11.45,--,11,12595,买盘
2390,10:20:39,11.45,--,17,19465,买盘
2391,10:20:36,11.45,0.01,21,24045,买盘
2392,10:20:33,11.44,--,36,41184,卖盘
2393,10:20:30,11.44,-0.01,14,16016,卖盘
2394,10:20:27,11.45,--,5,5725,买盘
2395,10:20:24,11.45,--,7,8014,买盘
2396,10:20:21,11.45,--,65,74425,卖盘
2397,10:20:18,11.45,--,25,28625,卖盘
2398,10:20:15,11.45,-0.01,30,34350,卖盘
2399,10:20:12,11.46,--,15,17190,买盘
2400,10:20:09,11.46,--,5500,6303000,卖盘
2401,10:20:06,11.46,--,20,22920,卖盘
2402,10:20:03,11.46,-0.01,135,154939,卖盘
2403,10:20:00,11.47,0.01,4,4588,买盘
2404,10:19:57,11.46,--,8,9168,卖盘
2405,10:19:54,11.46,--,7,8022,卖盘
2406,10:19:51,11.46,-0.01,2,2292,卖盘
2407,10:19:45,11.47,--,7,8029,买盘
2408,10:19:42,11.47,--,50,57350,买盘
2409,10:19:39,11.47,--,20,22940,买盘
2410,10:19:36,11.47,--,33,37851,买盘
2411,10:19:33,11.47,0.01,38,43586,买盘
2412,10:19:30,11.46,-0.01,55,63030,卖盘
2413,10:19:27,11.47,--,46,52762,买盘
2414,10:19:24,11.47,--,19,21793,买盘
2415,10:19:21,11.47,--,18,20646,买盘
2416,10:19:18,11.47,--,20,22940,买盘
2417,10:19:12,11.47,0.01,37,42439,买盘
2418,10:19:09,11.46,-0.01,4,4584,卖盘
2419,10:19:06,11.47,--,23,26381,买盘
2420,10:19:03,11.47,0.01,49,56203,买盘
2421,10:19:00,11.46,-0.01,2,2292,卖盘
2422,10:18:54,11.47,--,5,5735,买盘
2423,10:18:51,11.47,0.01,80,91760,买盘
2424,10:18:48,11.46,-0.02,33,37818,卖盘
2425,10:18:45,11.48,0.01,1,1148,买盘
2426,10:18:42,11.47,0.01,46,52762,买盘
2427,10:18:39,11.46,--,79,90534,卖盘
2428,10:18:36,11.46,-0.01,1,1146,卖盘
2429,10:18:33,11.47,0.01,72,82584,买盘
2430,10:18:30,11.46,--,2,2292,卖盘
2431,10:18:27,11.46,--,20,22920,买盘
2432,10:18:24,11.46,--,32,36672,买盘
2433,10:18:21,11.46,0.01,55,63030,买盘
2434,10:18:18,11.45,-0.03,7,8014,卖盘
2435,10:18:12,11.48,0.02,205,235340,买盘
2436,10:18:09,11.46,--,97,111162,卖盘
2437,10:18:06,11.46,--,3,3438,卖盘
2438,10:18:03,11.46,--,2,2292,卖盘
2439,10:18:00,11.46,--,62,71052,买盘
2440,10:17:57,11.46,-0.01,61,69906,卖盘
2441,10:17:54,11.47,--,2,2294,卖盘
2442,10:17:51,11.47,0.02,193,221371,中性盘
2443,10:17:45,11.45,--,35,40075,卖盘
2444,10:17:42,11.45,-0.02,9,10305,卖盘
2445,10:17:39,11.47,0.02,48,55056,中性盘
2446,10:17:36,11.45,-0.02,3050,3492250,卖盘
2447,10:17:33,11.47,--,23,26381,卖盘
2448,10:17:30,11.47,-0.01,312,358276,卖盘
2449,10:17:27,11.48,--,291,334068,买盘
2450,10:17:24,11.48,0.01,226,259448,买盘
2451,10:17:18,11.47,-0.01,10,11470,卖盘
2452,10:17:15,11.48,0.01,6,6888,买盘
2453,10:17:12,11.47,-0.02,1406,1612682,卖盘
2454,10:17:09,11.49,0.01,86,98814,买盘
2455,10:17:06,11.48,-0.01,11,12628,卖盘
2456,10:17:03,11.49,--,8,9192,买盘
2457,10:17:00,11.49,0.01,6,6894,中性盘
2458,10:16:54,11.48,-0.01,43,49364,卖盘
2459,10:16:51,11.49,--,48,55152,卖盘
2460,10:16:48,11.49,--,10,11490,卖盘
2461,10:16:45,11.49,--,14,16649,买盘
2462,10:16:42,11.49,--,4,4596,买盘
2463,10:16:39,11.49,--,33,37917,买盘
2464,10:16:36,11.49,--,23,27012,卖盘
2465,10:16:33,11.49,--,16,18384,卖盘
2466,10:16:30,11.49,0.01,39,45374,买盘
2467,10:16:27,11.48,-0.01,2,2296,卖盘
2468,10:16:24,11.49,--,22,25278,买盘
2469,10:16:21,11.49,--,10,11490,买盘
2470,10:16:18,11.49,--,68,78717,卖盘
2471,10:16:15,11.49,--,217,249896,买盘
2472,10:16:12,11.49,0.01,120,137880,买盘
2473,10:16:06,11.48,--,29,33292,卖盘
2474,10:16:03,11.48,--,2,2296,卖盘
2475,10:16:00,11.48,--,36,41328,买盘
2476,10:15:54,11.48,0.01,50,57400,买盘
2477,10:15:51,11.47,-0.01,12,13764,卖盘
2478,10:15:48,11.48,--,83,95284,卖盘
2479,10:15:42,11.48,--,41,47068,卖盘
2480,10:15:39,11.48,-0.01,34,39032,卖盘
2481,10:15:36,11.49,0.01,13,14937,买盘
2482,10:15:33,11.48,-0.01,45,51660,卖盘
2483,10:15:30,11.49,0.01,14,16086,买盘
2484,10:15:27,11.48,--,2,2296,卖盘
2485,10:15:24,11.48,-0.01,15,17220,买盘
2486,10:15:21,11.49,0.02,10,11490,买盘
2487,10:15:18,11.47,--,21,24087,卖盘
2488,10:15:15,11.47,--,442,506974,卖盘
2489,10:15:12,11.47,--,18,20646,卖盘
2490,10:15:09,11.47,-0.01,40,45880,卖盘
2491,10:15:06,11.48,0.01,78,89544,买盘
2492,10:15:03,11.47,--,172,197284,卖盘
2493,10:15:00,11.47,-0.01,8,9176,卖盘
2494,10:14:57,11.48,0.01,5,5740,买盘
2495,10:14:54,11.47,--,285,326895,买盘
2496,10:14:45,11.47,-0.01,752,863128,卖盘
2497,10:14:42,11.48,--,26,29848,卖盘
2498,10:14:39,11.48,--,104,119954,卖盘
2499,10:14:36,11.48,--,47,53956,卖盘
2500,10:14:33,11.48,0.01,20,22960,卖盘
2501,10:14:30,11.47,-0.02,3,3441,卖盘
2502,10:14:27,11.49,0.02,140,160860,买盘
2503,10:14:24,11.47,--,3,3441,卖盘
2504,10:14:21,11.47,--,175,200725,卖盘
2505,10:14:18,11.47,--,35,40145,卖盘
2506,10:14:15,11.47,--,13,14911,卖盘
2507,10:14:12,11.47,-0.01,152,174344,卖盘
2508,10:14:09,11.48,--,7,8036,买盘
2509,10:14:06,11.48,--,24,27552,买盘
2510,10:14:03,11.48,0.01,16,18368,买盘
2511,10:14:00,11.47,--,5,5735,卖盘
2512,10:13:57,11.47,--,200,229400,卖盘
2513,10:13:54,11.47,-0.01,110,126170,卖盘
2514,10:13:51,11.48,0.01,34,39032,买盘
2515,10:13:48,11.47,-0.01,14,16058,卖盘
2516,10:13:45,11.48,--,5,5740,买盘
2517,10:13:42,11.48,--,57,65436,卖盘
2518,10:13:39,11.48,--,451,517748,卖盘
2519,10:13:36,11.48,-0.01,141,161868,卖盘
2520,10:13:33,11.49,--,521,598629,买盘
2521,10:13:30,11.49,0.01,20,22980,买盘
2522,10:13:27,11.48,-0.01,5,5740,卖盘
2523,10:13:24,11.49,--,3,3447,买盘
2524,10:13:21,11.49,0.01,10,11490,买盘
2525,10:13:18,11.48,--,7,8036,卖盘
2526,10:13:15,11.48,--,24,27552,卖盘
2527,10:13:12,11.48,--,18,20664,卖盘
2528,10:13:09,11.48,--,352,404096,卖盘
2529,10:13:06,11.48,--,8,9184,卖盘
2530,10:13:03,11.48,--,86,98728,卖盘
2531,10:13:00,11.48,--,408,468384,卖盘
2532,10:12:54,11.48,--,423,485604,卖盘
2533,10:12:51,11.48,--,28,32144,卖盘
2534,10:12:48,11.48,--,409,469532,卖盘
2535,10:12:45,11.48,--,94,107912,卖盘
2536,10:12:42,11.48,--,193,221564,卖盘
2537,10:12:39,11.48,-0.01,32,36736,卖盘
2538,10:12:36,11.49,--,52,59748,买盘
2539,10:12:33,11.49,0.01,97,111453,买盘
2540,10:12:30,11.48,-0.01,21,24108,卖盘
2541,10:12:27,11.49,--,21,24129,买盘
2542,10:12:24,11.49,0.01,82,94218,买盘
2543,10:12:21,11.48,-0.01,2,2296,卖盘
2544,10:12:15,11.49,--,101,116049,卖盘
2545,10:12:12,11.49,-0.01,52,59748,卖盘
2546,10:12:09,11.5,0.01,68,78200,买盘
2547,10:12:06,11.49,-0.01,77,88473,卖盘
2548,10:12:03,11.5,0.01,27,31050,买盘
2549,10:12:00,11.49,--,16,18384,卖盘
2550,10:11:57,11.49,-0.01,53,60897,卖盘
2551,10:11:54,11.5,--,2,2300,买盘
2552,10:11:48,11.5,0.01,170,195500,买盘
2553,10:11:45,11.49,-0.01,46,52854,卖盘
2554,10:11:42,11.5,0.01,50,57500,买盘
2555,10:11:39,11.49,-0.01,58,66642,卖盘
2556,10:11:36,11.5,--,12,13800,买盘
2557,10:11:33,11.5,0.01,31,35650,买盘
2558,10:11:27,11.49,--,52,59748,卖盘
2559,10:11:21,11.49,--,94,108006,买盘
2560,10:11:18,11.49,0.01,7,8043,买盘
2561,10:11:15,11.48,-0.01,48,55104,卖盘
2562,10:11:12,11.49,0.01,67,76983,买盘
2563,10:11:09,11.48,--,50,57400,卖盘
2564,10:11:06,11.48,--,113,129724,卖盘
2565,10:11:03,11.48,--,78,89544,卖盘
2566,10:11:00,11.48,--,5,5740,卖盘
2567,10:10:57,11.48,--,42,48216,卖盘
2568,10:10:54,11.48,--,29,33292,卖盘
2569,10:10:48,11.48,-0.01,70,80360,卖盘
2570,10:10:45,11.49,0.01,133,152817,中性盘
2571,10:10:42,11.48,-0.01,3,3444,卖盘
2572,10:10:39,11.49,0.01,55,63195,买盘
2573,10:10:36,11.48,--,52,59696,卖盘
2574,10:10:33,11.48,-0.01,1018,1168664,卖盘
2575,10:10:30,11.49,0.01,61,70089,买盘
2576,10:10:27,11.48,-0.01,574,658952,卖盘
2577,10:10:24,11.49,--,146,167754,买盘
2578,10:10:21,11.49,--,23,26427,买盘
2579,10:10:18,11.49,--,328,376872,卖盘
2580,10:10:15,11.49,--,69,79281,卖盘
2581,10:10:12,11.49,-0.01,313,359637,卖盘
2582,10:10:09,11.5,--,10,11500,买盘
2583,10:10:06,11.5,0.01,4,4600,买盘
2584,10:10:03,11.49,-0.01,50,57450,卖盘
2585,10:10:00,11.5,--,431,495650,买盘
2586,10:09:57,11.5,--,34,39100,买盘
2587,10:09:54,11.5,--,20,23000,买盘
2588,10:09:48,11.5,0.01,36,41400,买盘
2589,10:09:45,11.49,-0.01,14,16086,卖盘
2590,10:09:42,11.5,--,2219,2552252,卖盘
2591,10:09:39,11.5,-0.01,3,3450,卖盘
2592,10:09:36,11.51,-0.01,4,4604,中性盘
2593,10:09:33,11.52,-0.01,12,13824,卖盘
2594,10:09:27,11.53,0.01,1,1153,中性盘
2595,10:09:24,11.52,0.02,8,9216,中性盘
2596,10:09:21,11.5,-0.05,3000,3450000,卖盘
2597,10:09:18,11.55,0.01,5,5775,买盘
2598,10:09:15,11.54,-0.01,42,48468,卖盘
2599,10:09:12,11.55,--,73,84315,买盘
2600,10:09:06,11.55,0.01,20,23100,买盘
2601,10:09:03,11.54,--,50,57699,卖盘
2602,10:08:54,11.54,--,10,11540,卖盘
2603,10:08:51,11.54,-0.01,3,3461,卖盘
2604,10:08:45,11.55,--,6,6930,买盘
2605,10:08:42,11.55,0.01,2,2310,买盘
2606,10:08:39,11.54,--,8,9232,卖盘
2607,10:08:36,11.54,--,2,2308,卖盘
2608,10:08:33,11.54,--,18,20772,卖盘
2609,10:08:30,11.54,--,2,2308,卖盘
2610,10:08:27,11.54,0.01,130,150020,买盘
2611,10:08:24,11.53,0.01,14,16142,中性盘
2612,10:08:18,11.52,--,3,3456,卖盘
2613,10:08:15,11.52,--,6,6912,卖盘
2614,10:08:12,11.52,-0.02,1,1152,卖盘
2615,10:08:09,11.54,0.01,202,233107,买盘
2616,10:08:03,11.53,0.01,81,93393,买盘
2617,10:07:57,11.52,-0.01,16,18432,卖盘
2618,10:07:54,11.53,-0.01,54,62262,卖盘
2619,10:07:51,11.54,0.01,50,57699,买盘
2620,10:07:48,11.53,--,179,206387,卖盘
2621,10:07:45,11.53,--,3,3459,卖盘
2622,10:07:39,11.53,--,13,14989,卖盘
2623,10:07:36,11.53,--,3,3459,卖盘
2624,10:07:33,11.53,--,12,13836,买盘
2625,10:07:30,11.53,0.01,40,46120,买盘
2626,10:07:21,11.52,--,2,2304,卖盘
2627,10:07:12,11.52,--,2,2304,卖盘
2628,10:07:06,11.52,-0.01,423,487296,卖盘
2629,10:07:03,11.53,0.01,1,1153,买盘
2630,10:07:00,11.52,-0.01,3,3456,卖盘
2631,10:06:57,11.53,0.01,3,3459,买盘
2632,10:06:54,11.52,--,97,111744,卖盘
2633,10:06:51,11.52,--,2,2304,卖盘
2634,10:06:48,11.52,--,155,178560,买盘
2635,10:06:45,11.52,--,63,72576,买盘
2636,10:06:42,11.52,--,109,125568,卖盘
2637,10:06:39,11.52,-0.01,4,4608,中性盘
2638,10:06:33,11.53,0.01,48,55344,买盘
2639,10:06:30,11.52,--,3,3456,卖盘
2640,10:06:27,11.52,0.01,1,1152,中性盘
2641,10:06:24,11.51,-0.01,20,23020,卖盘
2642,10:06:21,11.52,0.01,96,110592,买盘
2643,10:06:18,11.51,-0.01,109,125459,卖盘
2644,10:06:15,11.52,0.01,132,152064,买盘
2645,10:06:09,11.51,-0.01,42,48342,卖盘
2646,10:06:06,11.52,--,389,448128,买盘
2647,10:06:03,11.52,--,3,3456,买盘
2648,10:05:57,11.52,--,15,17280,买盘
2649,10:05:54,11.52,-0.01,112,129024,卖盘
2650,10:05:51,11.53,0.01,5,5765,买盘
2651,10:05:48,11.52,--,5,5760,卖盘
2652,10:05:45,11.52,0.01,2,2304,卖盘
2653,10:05:33,11.51,-0.01,3,3453,卖盘
2654,10:05:30,11.52,-0.01,60,69120,卖盘
2655,10:05:27,11.53,--,5,5765,买盘
2656,10:05:24,11.53,--,22,25366,买盘
2657,10:05:21,11.53,0.01,40,46120,买盘
2658,10:05:18,11.52,--,6,6912,卖盘
2659,10:05:12,11.52,--,2,2304,卖盘
2660,10:05:09,11.52,--,1,1152,卖盘
2661,10:05:06,11.52,--,50,57600,卖盘
2662,10:05:03,11.52,--,9,10368,卖盘
2663,10:05:00,11.52,--,24,27648,卖盘
2664,10:04:57,11.52,--,80,92160,卖盘
2665,10:04:48,11.52,0.01,7,8064,中性盘
2666,10:04:42,11.51,-0.01,48,55248,卖盘
2667,10:04:39,11.52,--,21,24192,买盘
2668,10:04:36,11.52,0.01,20,23040,中性盘
2669,10:04:33,11.51,-0.01,141,162291,卖盘
2670,10:04:30,11.52,0.01,97,111744,买盘
2671,10:04:27,11.51,--,120,138120,卖盘
2672,10:04:21,11.51,--,6,6906,卖盘
2673,10:04:18,11.51,--,23,26473,卖盘
2674,10:04:15,11.51,--,11,12661,卖盘
2675,10:04:12,11.51,--,1,1151,卖盘
2676,10:04:09,11.51,--,15,17265,卖盘
2677,10:04:06,11.51,--,44,50644,卖盘
2678,10:04:03,11.51,-0.01,41,47191,卖盘
2679,10:03:57,11.52,0.01,2,2304,买盘
2680,10:03:54,11.51,--,5,5755,卖盘
2681,10:03:48,11.51,-0.01,3,3453,卖盘
2682,10:03:42,11.52,0.01,4,4608,买盘
2683,10:03:39,11.51,--,19,21869,卖盘
2684,10:03:36,11.51,--,51,58701,卖盘
2685,10:03:33,11.51,--,171,196821,卖盘
2686,10:03:30,11.51,--,2,2302,卖盘
2687,10:03:21,11.51,--,121,139271,卖盘
2688,10:03:18,11.51,-0.01,52,59852,卖盘
2689,10:03:15,11.52,0.01,133,153216,买盘
2690,10:03:12,11.51,-0.01,51,58701,卖盘
2691,10:03:09,11.52,0.01,31,35712,买盘
2692,10:03:06,11.51,--,164,188764,卖盘
2693,10:03:00,11.51,-0.01,7,8057,卖盘
2694,10:02:57,11.52,0.01,20,23040,买盘
2695,10:02:48,11.51,--,49,56399,卖盘
2696,10:02:45,11.51,-0.01,17,19567,卖盘
2697,10:02:42,11.52,0.01,23,26496,买盘
2698,10:02:39,11.51,--,1,1151,卖盘
2699,10:02:36,11.51,-0.01,53,61003,卖盘
2700,10:02:30,11.52,0.01,2,2304,买盘
2701,10:02:27,11.51,--,2,2302,卖盘
2702,10:02:24,11.51,--,50,57550,卖盘
2703,10:02:21,11.51,--,87,100137,卖盘
2704,10:02:18,11.51,--,59,67909,卖盘
2705,10:02:15,11.51,--,178,204878,卖盘
2706,10:02:12,11.51,--,5,5755,卖盘
2707,10:02:09,11.51,--,4,4604,卖盘
2708,10:02:06,11.51,--,40,46040,卖盘
2709,10:02:03,11.51,--,107,123157,卖盘
2710,10:02:00,11.51,--,2,2302,卖盘
2711,10:01:57,11.51,--,1,1151,卖盘
2712,10:01:54,11.51,-0.01,41,47191,卖盘
2713,10:01:51,11.52,--,50,57600,买盘
2714,10:01:48,11.52,--,295,339840,买盘
2715,10:01:45,11.52,0.01,6,6912,买盘
2716,10:01:42,11.51,-0.01,62,71362,卖盘
2717,10:01:36,11.52,0.01,10,11520,买盘
2718,10:01:33,11.51,--,3,3453,卖盘
2719,10:01:30,11.51,-0.01,40,46040,卖盘
2720,10:01:27,11.52,0.01,10,11520,买盘
2721,10:01:24,11.51,--,41,47191,卖盘
2722,10:01:21,11.51,-0.01,159,183009,卖盘
2723,10:01:18,11.52,--,29,33408,买盘
2724,10:01:15,11.52,--,59,67968,买盘
2725,10:01:12,11.52,0.01,8,9216,买盘
2726,10:01:09,11.51,--,42,48342,卖盘
2727,10:01:03,11.51,--,9,10359,卖盘
2728,10:01:00,11.51,--,4,4604,卖盘
2729,10:00:57,11.51,--,19,21869,卖盘
2730,10:00:54,11.51,--,210,241710,卖盘
2731,10:00:51,11.51,--,30,34530,卖盘
2732,10:00:48,11.51,-0.01,15,17265,卖盘
2733,10:00:45,11.52,0.01,14,16128,买盘
2734,10:00:42,11.51,-0.01,56,64456,卖盘
2735,10:00:39,11.52,0.01,85,97920,买盘
2736,10:00:36,11.51,--,34,39134,卖盘
2737,10:00:33,11.51,-0.01,10,11510,卖盘
2738,10:00:30,11.52,0.01,71,81792,买盘
2739,10:00:27,11.51,--,28,32228,卖盘
2740,10:00:24,11.51,-0.01,4,4604,卖盘
2741,10:00:18,11.52,0.01,29,33408,买盘
2742,10:00:15,11.51,--,63,72513,卖盘
2743,10:00:12,11.51,-0.01,5,5755,卖盘
2744,10:00:06,11.52,--,44,50688,买盘
2745,10:00:03,11.52,0.01,9,10368,买盘
2746,10:00:00,11.51,--,51,58701,卖盘
2747,09:59:57,11.51,-0.01,15,17265,卖盘
2748,09:59:54,11.52,0.01,8,9216,买盘
2749,09:59:51,11.51,--,2,2302,卖盘
2750,09:59:45,11.51,--,1,1151,卖盘
2751,09:59:42,11.51,-0.01,2,2302,卖盘
2752,09:59:39,11.52,0.01,2,2304,买盘
2753,09:59:36,11.51,--,44,50644,卖盘
2754,09:59:33,11.51,--,36,41436,卖盘
2755,09:59:30,11.51,--,304,349904,卖盘
2756,09:59:27,11.51,-0.01,20,23020,卖盘
2757,09:59:24,11.52,--,5,5760,买盘
2758,09:59:18,11.52,--,12,13824,买盘
2759,09:59:15,11.52,0.01,7,8064,买盘
2760,09:59:12,11.51,-0.01,24,27624,卖盘
2761,09:59:09,11.52,0.01,5,5760,买盘
2762,09:59:06,11.51,--,44,50644,卖盘
2763,09:59:03,11.51,--,5,5755,卖盘
2764,09:59:00,11.51,--,7,8057,卖盘
2765,09:58:57,11.51,--,115,132365,卖盘
2766,09:58:48,11.51,--,128,147328,买盘
2767,09:58:45,11.51,--,152,174952,买盘
2768,09:58:42,11.51,--,7,8057,买盘
2769,09:58:39,11.51,--,20,23020,买盘
2770,09:58:36,11.51,--,52,59852,买盘
2771,09:58:33,11.51,--,133,153083,买盘
2772,09:58:30,11.51,-0.01,304,349904,卖盘
2773,09:58:27,11.52,0.01,267,307584,买盘
2774,09:58:24,11.51,--,9,10359,卖盘
2775,09:58:21,11.51,--,8,9208,卖盘
2776,09:58:18,11.51,--,5,5755,卖盘
2777,09:58:15,11.51,--,200,230200,卖盘
2778,09:58:12,11.51,-0.01,28,32228,卖盘
2779,09:58:09,11.52,0.01,80,92160,买盘
2780,09:58:06,11.51,-0.01,3,3453,卖盘
2781,09:58:03,11.52,0.01,1,1152,买盘
2782,09:58:00,11.51,-0.01,38,43738,卖盘
2783,09:57:57,11.52,0.01,52,59904,买盘
2784,09:57:54,11.51,--,42,48342,卖盘
2785,09:57:51,11.51,-0.01,115,132365,卖盘
2786,09:57:48,11.52,0.01,20,23040,买盘
2787,09:57:45,11.51,--,54,62154,卖盘
2788,09:57:42,11.51,-0.01,133,153083,卖盘
2789,09:57:39,11.52,0.01,10,11520,买盘
2790,09:57:36,11.51,-0.01,8,9208,中性盘
2791,09:57:30,11.52,--,30,34560,买盘
2792,09:57:24,11.52,--,45,51840,买盘
2793,09:57:21,11.52,--,5023,5786496,卖盘
2794,09:57:18,11.52,-0.01,60,69120,卖盘
2795,09:57:12,11.53,0.01,5,5765,买盘
2796,09:57:09,11.52,--,17,19584,卖盘
2797,09:57:06,11.52,-0.01,44,50688,卖盘
2798,09:57:03,11.53,--,35,40355,买盘
2799,09:57:00,11.53,--,1,1153,买盘
2800,09:56:57,11.53,--,72,83016,买盘
2801,09:56:51,11.53,--,12,13836,买盘
2802,09:56:42,11.53,0.01,23,26519,买盘
2803,09:56:36,11.52,--,1,1152,卖盘
2804,09:56:30,11.52,--,30,34560,卖盘
2805,09:56:27,11.52,--,7,8064,卖盘
2806,09:56:24,11.52,-0.01,162,186624,卖盘
2807,09:56:21,11.53,--,9,10377,买盘
2808,09:56:18,11.53,0.01,20,23060,买盘
2809,09:56:15,11.52,--,8,9216,卖盘
2810,09:56:12,11.52,--,12,13824,卖盘
2811,09:56:09,11.52,-0.01,81,93312,卖盘
2812,09:56:03,11.53,0.01,31,35743,买盘
2813,09:56:00,11.52,--,55,63360,卖盘
2814,09:55:57,11.52,--,201,231552,卖盘
2815,09:55:54,11.52,-0.01,5,5760,卖盘
2816,09:55:51,11.53,0.01,164,189092,买盘
2817,09:55:48,11.52,--,2,2304,卖盘
2818,09:55:45,11.52,--,2126,2449152,卖盘
2819,09:55:42,11.52,-0.01,18,20736,卖盘
2820,09:55:39,11.53,0.01,1,1153,买盘
2821,09:55:36,11.52,-0.01,13,14976,卖盘
2822,09:55:33,11.53,--,33,38049,买盘
2823,09:55:30,11.53,0.01,224,258272,买盘
2824,09:55:27,11.52,-0.01,20,23040,卖盘
2825,09:55:24,11.53,--,2,2306,买盘
2826,09:55:18,11.53,--,8,9224,买盘
2827,09:55:15,11.53,--,1,1153,买盘
2828,09:55:12,11.53,-0.01,58,66874,卖盘
2829,09:55:09,11.54,0.01,60,69240,买盘
2830,09:55:06,11.53,--,39,44967,买盘
2831,09:55:03,11.53,0.01,69,79557,买盘
2832,09:55:00,11.52,--,15,17280,卖盘
