,time,price,change,volume,amount,type
0,15:00:03,7.78,--,11282,8777450,买盘
1,14:57:00,7.78,--,140,108920,买盘
2,14:56:57,7.78,--,371,288638,买盘
3,14:56:54,7.78,-0.01,541,420898,卖盘
4,14:56:51,7.79,0.01,443,345097,买盘
5,14:56:48,7.78,--,1587,1234686,卖盘
6,14:56:45,7.78,-0.01,324,252072,卖盘
7,14:56:42,7.79,0.01,92,71668,买盘
8,14:56:39,7.78,--,81,63018,卖盘
9,14:56:36,7.78,--,3687,2868486,卖盘
10,14:56:33,7.78,-0.01,127,98806,卖盘
11,14:56:30,7.79,0.01,884,688636,买盘
12,14:56:27,7.78,-0.01,15,11670,卖盘
13,14:56:24,7.79,0.01,292,227468,买盘
14,14:56:21,7.78,--,665,517370,卖盘
15,14:56:18,7.78,-0.01,119,92582,卖盘
16,14:56:15,7.79,0.01,108,84132,买盘
17,14:56:12,7.78,--,515,400670,卖盘
18,14:56:09,7.78,--,245,190610,卖盘
19,14:56:06,7.78,--,152,118256,卖盘
20,14:56:03,7.78,-0.01,348,270744,卖盘
21,14:56:00,7.79,--,326,253954,买盘
22,14:55:57,7.79,0.01,396,308484,买盘
23,14:55:54,7.78,-0.01,264,205392,卖盘
24,14:55:51,7.79,--,196,152684,买盘
25,14:55:48,7.79,--,982,764978,买盘
26,14:55:45,7.79,--,59,45961,买盘
27,14:55:42,7.79,--,238,185402,买盘
28,14:55:36,7.79,--,384,299136,买盘
29,14:55:33,7.79,0.01,1627,1267433,买盘
30,14:55:30,7.78,--,299,232622,卖盘
31,14:55:27,7.78,--,521,405338,卖盘
32,14:55:24,7.78,--,243,189054,卖盘
33,14:55:21,7.78,--,74,57572,卖盘
34,14:55:18,7.78,-0.01,8,6224,卖盘
35,14:55:15,7.79,0.01,2,1558,买盘
36,14:55:12,7.78,--,159,123702,买盘
37,14:55:09,7.78,--,255,198390,买盘
38,14:55:06,7.78,0.01,34,26452,买盘
39,14:55:03,7.77,--,200,155687,买盘
40,14:55:00,7.77,--,348,270396,买盘
41,14:54:57,7.77,--,2660,2067154,卖盘
42,14:54:54,7.77,-0.01,83,64491,卖盘
43,14:54:51,7.78,--,92,71576,买盘
44,14:54:48,7.78,--,408,317424,买盘
45,14:54:45,7.78,0.01,219,170382,买盘
46,14:54:42,7.77,-0.01,308,239316,卖盘
47,14:54:39,7.78,--,397,308866,买盘
48,14:54:36,7.78,--,65,50570,买盘
49,14:54:33,7.78,--,410,318980,买盘
50,14:54:30,7.78,0.01,466,362548,买盘
51,14:54:27,7.77,-0.01,136,105672,卖盘
52,14:54:24,7.78,0.01,229,178162,买盘
53,14:54:21,7.77,--,282,219114,卖盘
54,14:54:18,7.77,-0.01,707,549339,卖盘
55,14:54:15,7.78,--,38,29564,买盘
56,14:54:12,7.78,--,577,448906,买盘
57,14:54:09,7.78,0.01,60,46680,买盘
58,14:54:06,7.77,--,251,195027,卖盘
59,14:54:03,7.77,--,342,266176,买盘
60,14:54:00,7.77,--,326,253302,买盘
61,14:53:57,7.77,--,244,189588,买盘
62,14:53:54,7.77,--,420,326340,买盘
63,14:53:51,7.77,-0.01,328,255190,卖盘
64,14:53:48,7.78,--,119,92582,买盘
65,14:53:45,7.78,0.01,583,454017,买盘
66,14:53:42,7.77,-0.01,1327,1031413,卖盘
67,14:53:39,7.78,--,173,134594,买盘
68,14:53:36,7.78,0.01,1436,1117208,买盘
69,14:53:33,7.77,-0.01,64,49728,卖盘
70,14:53:30,7.78,0.01,692,538376,买盘
71,14:53:27,7.77,-0.01,350,271950,卖盘
72,14:53:24,7.78,0.01,600,466800,买盘
73,14:53:21,7.77,-0.01,1568,1218336,卖盘
74,14:53:18,7.78,--,401,311978,买盘
75,14:53:15,7.78,--,139,108142,买盘
76,14:53:12,7.78,--,1181,918818,买盘
77,14:53:09,7.78,--,31,24118,买盘
78,14:53:06,7.78,--,273,212394,买盘
79,14:53:03,7.78,--,397,308866,买盘
80,14:53:00,7.78,--,377,293306,买盘
81,14:52:57,7.78,0.01,146,113588,买盘
82,14:52:51,7.77,-0.01,19,14763,卖盘
83,14:52:48,7.78,0.01,23,17894,买盘
84,14:52:45,7.77,--,670,521032,买盘
85,14:52:42,7.77,--,721,560217,买盘
86,14:52:39,7.77,--,157,121989,买盘
87,14:52:36,7.77,--,16,12432,买盘
88,14:52:33,7.77,-0.01,1459,1133977,卖盘
89,14:52:30,7.78,-0.01,3077,2393906,卖盘
90,14:52:27,7.79,--,518,403522,买盘
91,14:52:24,7.79,0.01,1338,1042302,买盘
92,14:52:21,7.78,-0.01,33,25674,卖盘
93,14:52:18,7.79,--,19,14801,买盘
94,14:52:15,7.79,--,1,779,买盘
95,14:52:12,7.79,0.02,176,137104,买盘
96,14:52:09,7.77,--,384,298368,卖盘
97,14:52:06,7.77,-0.01,1385,1076463,卖盘
98,14:52:03,7.78,--,632,491696,买盘
99,14:52:00,7.78,-0.01,1193,928154,卖盘
100,14:51:57,7.79,--,47,36613,买盘
101,14:51:54,7.79,0.01,96,74784,买盘
102,14:51:51,7.78,-0.01,1610,1252580,卖盘
103,14:51:48,7.79,--,33,25707,买盘
104,14:51:45,7.79,--,722,562438,买盘
105,14:51:42,7.79,--,30,23370,买盘
106,14:51:39,7.79,--,605,471295,买盘
107,14:51:36,7.79,0.01,79,61541,买盘
108,14:51:33,7.78,-0.01,80,62240,卖盘
109,14:51:30,7.79,--,80,62320,买盘
110,14:51:27,7.79,0.01,64,49856,买盘
111,14:51:24,7.78,--,41,31898,卖盘
112,14:51:21,7.78,--,180,140040,卖盘
113,14:51:18,7.78,-0.01,79,61462,卖盘
114,14:51:15,7.79,--,413,321727,买盘
115,14:51:12,7.79,--,276,215004,买盘
116,14:51:09,7.79,--,70,54530,买盘
117,14:51:06,7.79,--,66,51414,买盘
118,14:51:03,7.79,--,1663,1295477,买盘
119,14:51:00,7.79,--,57,44403,买盘
120,14:50:57,7.79,--,137,106723,买盘
121,14:50:54,7.79,0.01,119,92701,买盘
122,14:50:51,7.78,-0.01,148,115144,卖盘
123,14:50:48,7.79,0.01,54,42066,买盘
124,14:50:45,7.78,-0.01,23,17894,卖盘
125,14:50:42,7.79,0.01,83,64657,买盘
126,14:50:39,7.78,--,37,29509,卖盘
127,14:50:36,7.78,--,1201,934378,卖盘
128,14:50:33,7.78,--,925,719650,买盘
129,14:50:30,7.78,--,84,65352,买盘
130,14:50:27,7.78,-0.01,111,86358,卖盘
131,14:50:24,7.79,0.02,238,185402,买盘
132,14:50:21,7.77,-0.01,293,227661,卖盘
133,14:50:18,7.78,--,148,115144,卖盘
134,14:50:15,7.78,--,136,105808,卖盘
135,14:50:12,7.78,--,147,114366,卖盘
136,14:50:09,7.78,--,1523,1184894,买盘
137,14:50:06,7.78,--,84,65352,买盘
138,14:50:03,7.78,--,40,31120,买盘
139,14:50:00,7.78,--,123,95694,卖盘
140,14:49:57,7.78,--,644,501032,卖盘
141,14:49:54,7.78,--,301,234178,卖盘
142,14:49:51,7.78,--,274,213172,卖盘
143,14:49:48,7.78,-0.01,19,14782,卖盘
144,14:49:45,7.79,0.01,153,119187,买盘
145,14:49:42,7.78,--,145,112810,卖盘
146,14:49:39,7.78,--,224,174272,卖盘
147,14:49:36,7.78,--,817,635626,买盘
148,14:49:33,7.78,--,97,75466,买盘
149,14:49:30,7.78,--,264,205392,买盘
150,14:49:27,7.78,--,277,215506,买盘
151,14:49:24,7.78,0.01,125,97250,买盘
152,14:49:21,7.77,-0.01,114,88578,卖盘
153,14:49:18,7.78,--,229,178162,买盘
154,14:49:15,7.78,0.01,161,125258,买盘
155,14:49:12,7.77,-0.01,298,231546,卖盘
156,14:49:09,7.78,--,335,260630,买盘
157,14:49:06,7.78,--,235,182830,买盘
158,14:49:03,7.78,0.01,351,273078,买盘
159,14:49:00,7.77,--,1578,1226106,卖盘
160,14:48:57,7.77,-0.01,67,52059,卖盘
161,14:48:54,7.78,--,110,85580,买盘
162,14:48:51,7.78,--,499,388222,买盘
163,14:48:48,7.78,0.01,100,77800,买盘
164,14:48:45,7.77,-0.01,1724,1339548,卖盘
165,14:48:42,7.78,--,135,105030,买盘
166,14:48:39,7.78,--,427,332206,买盘
167,14:48:36,7.78,0.01,276,214728,买盘
168,14:48:33,7.77,-0.01,186,144522,卖盘
169,14:48:30,7.78,--,128,99584,买盘
170,14:48:27,7.78,--,102,79356,买盘
171,14:48:24,7.78,--,106,82468,中性盘
172,14:48:21,7.78,-0.01,261,203058,卖盘
173,14:48:18,7.79,0.01,1,779,买盘
174,14:48:15,7.78,-0.01,128,99584,卖盘
175,14:48:12,7.79,0.01,446,347636,买盘
176,14:48:09,7.78,--,285,221730,买盘
177,14:48:06,7.78,--,83,64574,买盘
178,14:48:03,7.78,-0.01,255,198965,卖盘
179,14:48:00,7.79,--,39,30381,买盘
180,14:47:57,7.79,0.01,287,223573,买盘
181,14:47:54,7.78,--,189,147042,卖盘
182,14:47:51,7.78,-0.01,214,166492,卖盘
183,14:47:48,7.79,--,211,164369,买盘
184,14:47:45,7.79,--,437,340423,买盘
185,14:47:42,7.79,--,172,133988,卖盘
186,14:47:39,7.79,0.01,314,244606,卖盘
187,14:47:36,7.78,--,2280,1773840,卖盘
188,14:47:33,7.78,-0.02,93,72354,卖盘
189,14:47:30,7.8,0.01,501,390780,买盘
190,14:47:27,7.79,--,157,122303,买盘
191,14:47:24,7.79,0.01,416,324064,买盘
192,14:47:21,7.78,-0.01,169,131482,卖盘
193,14:47:18,7.79,--,413,321727,卖盘
194,14:47:15,7.79,--,369,287451,卖盘
195,14:47:12,7.79,--,134,104386,卖盘
196,14:47:09,7.79,-0.01,866,674614,卖盘
197,14:47:06,7.8,0.01,63,49342,买盘
198,14:47:03,7.79,--,148,115292,买盘
199,14:47:00,7.79,--,684,532836,买盘
200,14:46:57,7.79,--,88,68552,买盘
201,14:46:54,7.79,--,41,31939,买盘
202,14:46:51,7.79,-0.01,3356,2614900,卖盘
203,14:46:48,7.8,--,221,172380,买盘
204,14:46:45,7.8,--,88,68640,卖盘
205,14:46:42,7.8,--,125,97500,买盘
206,14:46:39,7.8,--,57,44460,买盘
207,14:46:36,7.8,--,95,74100,买盘
208,14:46:33,7.8,0.01,140,109200,买盘
209,14:46:30,7.79,-0.01,73,56867,卖盘
210,14:46:27,7.8,--,164,127920,卖盘
211,14:46:24,7.8,--,94,73320,卖盘
212,14:46:21,7.8,--,313,244140,买盘
213,14:46:18,7.8,--,751,585780,买盘
214,14:46:15,7.8,--,552,430560,买盘
215,14:46:12,7.8,--,262,204360,买盘
216,14:46:09,7.8,--,20,15600,买盘
217,14:46:06,7.8,--,207,161460,买盘
218,14:46:03,7.8,--,227,177060,买盘
219,14:46:00,7.8,--,263,205140,买盘
220,14:45:57,7.8,--,77,60060,买盘
221,14:45:54,7.8,--,603,470340,卖盘
222,14:45:51,7.8,--,30,23400,卖盘
223,14:45:48,7.8,--,182,141960,卖盘
224,14:45:45,7.8,--,310,241800,卖盘
225,14:45:42,7.8,--,173,134940,卖盘
226,14:45:39,7.8,--,58,45240,卖盘
227,14:45:36,7.8,--,73,56940,卖盘
228,14:45:33,7.8,--,221,172380,中性盘
229,14:45:30,7.8,--,874,681720,买盘
230,14:45:27,7.8,--,103,80340,买盘
231,14:45:24,7.8,--,557,434460,卖盘
232,14:45:21,7.8,0.01,271,211380,买盘
233,14:45:18,7.79,-0.01,318,248345,卖盘
234,14:45:15,7.8,--,290,226200,买盘
235,14:45:12,7.8,-0.01,470,366756,卖盘
236,14:45:09,7.81,--,164,128084,买盘
237,14:45:06,7.81,0.01,81,63261,买盘
238,14:45:03,7.8,-0.01,143,111540,卖盘
239,14:45:00,7.81,--,95,74195,买盘
240,14:44:57,7.81,0.01,258,201498,买盘
241,14:44:54,7.8,--,229,178620,卖盘
242,14:44:51,7.8,--,189,147420,卖盘
243,14:44:48,7.8,--,107,83460,卖盘
244,14:44:45,7.8,--,82,63960,卖盘
245,14:44:42,7.8,-0.01,31,24180,卖盘
246,14:44:39,7.81,--,228,178692,买盘
247,14:44:36,7.81,0.01,103,80443,买盘
248,14:44:30,7.8,--,63,49140,买盘
249,14:44:27,7.8,--,110,85800,买盘
250,14:44:24,7.8,0.01,358,279240,买盘
251,14:44:21,7.79,-0.02,428,333412,卖盘
252,14:44:18,7.81,0.01,23,17963,买盘
253,14:44:15,7.8,--,236,184080,卖盘
254,14:44:12,7.8,--,197,153660,卖盘
255,14:44:09,7.8,--,539,420778,买盘
256,14:44:06,7.8,--,462,360360,买盘
257,14:44:03,7.8,--,267,208260,买盘
258,14:44:00,7.8,--,146,113880,买盘
259,14:43:57,7.8,--,21,16380,买盘
260,14:43:54,7.8,--,367,286260,买盘
261,14:43:51,7.8,--,260,202800,买盘
262,14:43:48,7.8,--,2,1560,买盘
263,14:43:45,7.8,0.01,177,138060,买盘
264,14:43:42,7.79,--,40,31160,卖盘
265,14:43:39,7.79,-0.01,134,104386,卖盘
266,14:43:36,7.8,--,87,67860,买盘
267,14:43:33,7.8,--,542,422760,买盘
268,14:43:30,7.8,0.01,248,193440,买盘
269,14:43:27,7.79,-0.01,118,91922,卖盘
270,14:43:24,7.8,0.01,16,12480,买盘
271,14:43:21,7.79,-0.01,160,124640,卖盘
272,14:43:18,7.8,0.01,130,101400,买盘
273,14:43:15,7.79,--,300,233700,卖盘
274,14:43:12,7.79,--,130,101270,卖盘
275,14:43:09,7.79,-0.01,95,74005,卖盘
276,14:43:06,7.8,--,85,66300,买盘
277,14:43:03,7.8,--,9,7020,买盘
278,14:43:00,7.8,0.01,73,56940,买盘
279,14:42:57,7.79,-0.01,130,101270,卖盘
280,14:42:54,7.8,0.02,254,198120,买盘
281,14:42:51,7.78,-0.01,43,33454,卖盘
282,14:42:48,7.79,0.01,136,105944,卖盘
283,14:42:45,7.78,-0.01,209,162602,卖盘
284,14:42:42,7.79,-0.01,53,41287,中性盘
285,14:42:39,7.8,--,51,39780,买盘
286,14:42:36,7.8,--,460,358800,买盘
287,14:42:33,7.8,--,687,535860,买盘
288,14:42:30,7.8,--,250,195000,买盘
289,14:42:27,7.8,--,336,262080,买盘
290,14:42:24,7.8,0.01,133,103740,买盘
291,14:42:21,7.79,-0.01,59,45961,卖盘
292,14:42:18,7.8,0.01,313,244140,买盘
293,14:42:15,7.79,--,22,17138,卖盘
294,14:42:12,7.79,-0.01,494,384826,卖盘
295,14:42:09,7.8,--,31,24180,买盘
296,14:42:06,7.8,--,62,48360,买盘
297,14:42:03,7.8,--,56,43680,买盘
298,14:42:00,7.8,0.01,782,609960,买盘
299,14:41:57,7.79,-0.01,173,134767,卖盘
300,14:41:54,7.8,--,115,89700,买盘
301,14:41:51,7.8,--,99,77220,买盘
302,14:41:48,7.8,0.01,445,347100,买盘
303,14:41:45,7.79,-0.01,95,74005,卖盘
304,14:41:42,7.8,-0.01,3424,2670720,卖盘
305,14:41:39,7.81,--,204,159324,买盘
306,14:41:36,7.81,0.01,349,272569,买盘
307,14:41:33,7.8,--,135,105300,卖盘
308,14:41:30,7.8,-0.01,644,502320,卖盘
309,14:41:27,7.81,--,74,57794,买盘
310,14:41:24,7.81,0.01,91,71071,买盘
311,14:41:21,7.8,--,339,264420,卖盘
312,14:41:18,7.8,-0.01,197,153660,卖盘
313,14:41:15,7.81,--,270,210870,买盘
314,14:41:12,7.81,-0.01,335,261635,卖盘
315,14:41:09,7.82,0.01,551,430882,买盘
316,14:41:06,7.81,--,148,115588,买盘
317,14:41:03,7.81,--,140,109340,买盘
318,14:41:00,7.81,-0.01,1511,1180497,卖盘
319,14:40:57,7.82,0.01,114,89148,买盘
320,14:40:54,7.81,--,5,3905,卖盘
321,14:40:48,7.81,0.01,1233,963347,买盘
322,14:40:45,7.8,-0.01,25,19500,卖盘
323,14:40:42,7.81,--,32,24992,买盘
324,14:40:39,7.81,0.01,1,781,买盘
325,14:40:36,7.8,--,150,117000,买盘
326,14:40:33,7.8,0.01,79,61620,买盘
327,14:40:30,7.79,-0.01,279,217341,卖盘
328,14:40:27,7.8,--,32,24960,卖盘
329,14:40:24,7.8,0.01,535,417300,买盘
330,14:40:21,7.79,-0.01,128,99712,卖盘
331,14:40:18,7.8,0.01,316,246480,买盘
332,14:40:15,7.79,--,363,282777,卖盘
333,14:40:12,7.79,-0.01,1872,1458288,卖盘
334,14:40:09,7.8,0.01,25,19500,买盘
335,14:40:06,7.79,--,56,43624,卖盘
336,14:40:03,7.79,--,453,352887,买盘
337,14:40:00,7.79,--,74,57646,买盘
338,14:39:57,7.79,--,268,208772,买盘
339,14:39:54,7.79,0.01,631,491549,买盘
340,14:39:51,7.78,-0.02,669,520482,卖盘
341,14:39:48,7.8,0.01,343,267540,买盘
342,14:39:45,7.79,-0.01,193,150347,卖盘
343,14:39:42,7.8,--,358,279240,买盘
344,14:39:39,7.8,0.01,565,440700,买盘
345,14:39:36,7.79,--,136,105944,卖盘
346,14:39:33,7.79,--,928,722912,卖盘
347,14:39:30,7.79,-0.01,340,264860,卖盘
348,14:39:27,7.8,--,1247,972660,买盘
349,14:39:24,7.8,0.01,140,109200,买盘
350,14:39:21,7.79,--,20,15580,卖盘
351,14:39:18,7.79,-0.01,47,36613,卖盘
352,14:39:15,7.8,0.01,319,248820,买盘
353,14:39:12,7.79,--,12,9348,卖盘
354,14:39:09,7.79,--,688,535952,买盘
355,14:39:06,7.79,--,183,142557,卖盘
356,14:39:03,7.79,--,591,460389,卖盘
357,14:39:00,7.79,--,631,491549,卖盘
358,14:38:57,7.79,-0.01,1700,1324300,卖盘
359,14:38:54,7.8,--,1578,1230840,买盘
360,14:38:51,7.8,--,169,131820,买盘
361,14:38:48,7.8,0.01,50,39000,买盘
362,14:38:45,7.79,--,591,460389,买盘
363,14:38:42,7.79,--,151,117629,买盘
364,14:38:39,7.79,--,78,60762,买盘
365,14:38:36,7.79,0.02,151,117629,买盘
366,14:38:33,7.77,-0.01,1159,900543,卖盘
367,14:38:30,7.78,0.01,108,84024,买盘
368,14:38:27,7.77,--,59,45843,卖盘
369,14:38:24,7.77,--,120,93240,卖盘
370,14:38:21,7.77,0.01,187,145998,买盘
371,14:38:18,7.76,--,675,523800,卖盘
372,14:38:15,7.76,-0.01,572,443872,卖盘
373,14:38:12,7.77,0.01,1450,1126650,买盘
374,14:38:09,7.76,--,4726,3667376,卖盘
375,14:38:06,7.76,-0.01,460,356960,卖盘
376,14:38:03,7.77,0.02,357,278119,买盘
377,14:38:00,7.75,--,1537,1191175,卖盘
378,14:37:57,7.75,--,384,297600,卖盘
379,14:37:54,7.75,--,532,412300,卖盘
380,14:37:51,7.75,--,2022,1567050,卖盘
381,14:37:48,7.75,--,664,514600,卖盘
382,14:37:45,7.75,--,455,352625,卖盘
383,14:37:42,7.75,--,1056,818400,买盘
384,14:37:39,7.75,-0.01,1182,916050,买盘
385,14:37:36,7.76,0.01,1298,1007248,买盘
386,14:37:33,7.75,--,1758,1362450,卖盘
387,14:37:30,7.75,--,713,552575,卖盘
388,14:37:27,7.75,--,252,195300,卖盘
389,14:37:24,7.75,--,334,258850,买盘
390,14:37:21,7.75,--,712,551800,卖盘
391,14:37:18,7.75,0.01,491,380525,买盘
392,14:37:15,7.74,-0.01,316,244584,卖盘
393,14:37:12,7.75,-0.01,1802,1396550,卖盘
394,14:37:09,7.76,--,1522,1181072,买盘
395,14:37:06,7.76,--,605,469480,买盘
396,14:37:03,7.76,0.01,1513,1174088,买盘
397,14:37:00,7.75,-0.01,720,558000,卖盘
398,14:36:57,7.76,--,1512,1173312,买盘
399,14:36:54,7.76,--,305,236680,买盘
400,14:36:51,7.76,--,163,126488,买盘
401,14:36:48,7.76,-0.01,2572,1995872,卖盘
402,14:36:45,7.77,--,798,620046,买盘
403,14:36:42,7.77,--,398,309246,买盘
404,14:36:39,7.77,--,212,164724,买盘
405,14:36:36,7.77,--,242,188034,买盘
406,14:36:33,7.77,--,268,208236,买盘
407,14:36:30,7.77,-0.01,1585,1231622,卖盘
408,14:36:27,7.78,--,208,161824,买盘
409,14:36:24,7.78,0.01,157,122146,买盘
410,14:36:21,7.77,--,1254,974358,卖盘
411,14:36:18,7.77,--,317,246309,卖盘
412,14:36:15,7.77,--,620,481740,卖盘
413,14:36:12,7.77,--,162,125874,卖盘
414,14:36:09,7.77,-0.02,89,69153,卖盘
415,14:36:06,7.79,--,1087,846773,买盘
416,14:36:03,7.79,--,4170,3248430,买盘
417,14:36:00,7.79,--,32,24928,买盘
418,14:35:57,7.79,--,28,21812,买盘
419,14:35:54,7.79,--,13,10127,买盘
420,14:35:51,7.79,--,129,100491,买盘
421,14:35:48,7.79,-0.01,1079,840541,卖盘
422,14:35:45,7.8,--,1012,789360,买盘
423,14:35:42,7.8,0.01,159,124020,买盘
424,14:35:39,7.79,-0.01,157,122303,卖盘
425,14:35:36,7.8,0.01,424,330720,买盘
426,14:35:33,7.79,--,286,222794,卖盘
427,14:35:30,7.79,-0.01,119,92701,卖盘
428,14:35:27,7.8,-0.01,4383,3418864,卖盘
429,14:35:24,7.81,0.01,206,160886,买盘
430,14:35:21,7.8,-0.01,28,21840,卖盘
431,14:35:18,7.81,--,338,263978,买盘
432,14:35:15,7.81,-0.01,339,264759,卖盘
433,14:35:12,7.82,0.01,240,187680,买盘
434,14:35:09,7.81,--,1613,1259753,卖盘
435,14:35:06,7.81,--,74,57794,卖盘
436,14:35:03,7.81,--,70,54670,卖盘
437,14:35:00,7.81,-0.01,21,16401,卖盘
438,14:34:57,7.82,0.01,140,109480,买盘
439,14:34:54,7.81,-0.01,53,41393,卖盘
440,14:34:51,7.82,--,29,22678,买盘
441,14:34:48,7.82,--,8,6256,买盘
442,14:34:45,7.82,--,487,380834,卖盘
443,14:34:42,7.82,--,30,23460,卖盘
444,14:34:39,7.82,-0.01,70,54740,卖盘
445,14:34:36,7.83,0.01,75,58725,买盘
446,14:34:33,7.82,--,75,58650,卖盘
447,14:34:30,7.82,-0.01,46,35972,卖盘
448,14:34:27,7.83,--,667,522261,买盘
449,14:34:24,7.83,0.01,89,69687,买盘
450,14:34:21,7.82,--,563,440266,买盘
451,14:34:18,7.82,--,644,503608,买盘
452,14:34:15,7.82,--,282,220524,买盘
453,14:34:12,7.82,--,82,64124,买盘
454,14:34:09,7.82,--,47,36754,买盘
455,14:34:06,7.82,--,88,68816,买盘
456,14:34:03,7.82,--,326,254932,买盘
457,14:34:00,7.82,-0.01,784,613088,卖盘
458,14:33:57,7.83,--,252,197316,买盘
459,14:33:54,7.83,0.01,67,52461,买盘
460,14:33:51,7.82,-0.01,222,173604,卖盘
461,14:33:48,7.83,0.01,68,53244,买盘
462,14:33:45,7.82,--,46,35972,买盘
463,14:33:42,7.82,--,1037,810934,卖盘
464,14:33:39,7.82,-0.01,76,59432,卖盘
465,14:33:36,7.83,--,66,51678,买盘
466,14:33:33,7.83,--,123,96309,买盘
467,14:33:30,7.83,--,216,169128,买盘
468,14:33:27,7.83,--,409,320247,卖盘
469,14:33:24,7.83,--,134,104922,卖盘
470,14:33:21,7.83,-0.01,7,5481,卖盘
471,14:33:18,7.84,0.01,48,37632,买盘
472,14:33:15,7.83,--,991,775953,买盘
473,14:33:12,7.83,0.01,462,361746,买盘
474,14:33:09,7.82,-0.01,1134,886788,卖盘
475,14:33:06,7.83,0.01,45,35235,买盘
476,14:33:03,7.82,--,133,104006,卖盘
477,14:33:00,7.82,--,13,10166,卖盘
478,14:32:57,7.82,--,612,478584,卖盘
479,14:32:54,7.82,--,366,286212,卖盘
480,14:32:48,7.82,--,602,470764,买盘
481,14:32:45,7.82,--,96,75072,买盘
482,14:32:42,7.82,--,272,212704,买盘
483,14:32:39,7.82,--,162,126684,买盘
484,14:32:36,7.82,--,218,170476,买盘
485,14:32:33,7.82,-0.01,365,285430,卖盘
486,14:32:30,7.83,--,618,483894,买盘
487,14:32:27,7.83,--,109,85347,买盘
488,14:32:24,7.83,0.01,771,603693,买盘
489,14:32:21,7.82,-0.01,143,111826,卖盘
490,14:32:18,7.83,0.01,28,21924,买盘
491,14:32:15,7.82,--,196,153272,买盘
492,14:32:12,7.82,--,355,277610,买盘
493,14:32:09,7.82,--,57,44574,买盘
494,14:32:06,7.82,--,99,77418,买盘
495,14:32:03,7.82,--,107,83674,买盘
496,14:32:00,7.82,0.01,22,17204,买盘
497,14:31:57,7.81,-0.01,28,21868,卖盘
498,14:31:54,7.82,0.01,158,123556,买盘
499,14:31:51,7.81,--,138,107778,买盘
500,14:31:48,7.81,-0.01,545,425645,卖盘
501,14:31:45,7.82,--,107,83674,买盘
502,14:31:42,7.82,0.01,338,264316,买盘
503,14:31:39,7.81,--,163,127303,卖盘
504,14:31:36,7.81,--,288,224928,买盘
505,14:31:33,7.81,--,2,1562,买盘
506,14:31:30,7.81,--,128,99968,买盘
507,14:31:27,7.81,--,252,196812,买盘
508,14:31:24,7.81,0.01,103,80443,买盘
509,14:31:21,7.8,-0.01,43,33540,卖盘
510,14:31:18,7.81,0.01,1797,1403457,买盘
511,14:31:15,7.8,--,110,85800,卖盘
512,14:31:12,7.8,-0.01,326,254280,卖盘
513,14:31:09,7.81,--,29,22649,买盘
514,14:31:06,7.81,0.01,389,304465,买盘
515,14:31:03,7.8,--,1747,1362972,买盘
516,14:31:00,7.8,--,798,622440,买盘
517,14:30:57,7.8,--,1043,813540,买盘
518,14:30:54,7.8,--,171,133380,买盘
519,14:30:51,7.8,0.01,969,755820,买盘
520,14:30:48,7.79,-0.01,176,137104,卖盘
521,14:30:45,7.8,--,98,76440,买盘
522,14:30:42,7.8,--,381,297180,买盘
523,14:30:39,7.8,--,524,408720,买盘
524,14:30:36,7.8,--,354,276120,买盘
525,14:30:33,7.8,--,173,134940,买盘
526,14:30:30,7.8,--,715,557700,买盘
527,14:30:27,7.8,--,5,3900,买盘
528,14:30:24,7.8,0.01,320,249600,买盘
529,14:30:21,7.79,--,2413,1879727,买盘
530,14:30:18,7.79,-0.01,674,525046,卖盘
531,14:30:15,7.8,--,503,392340,买盘
532,14:30:12,7.8,--,144,112320,买盘
533,14:30:09,7.8,--,71,55380,买盘
534,14:30:06,7.8,--,63,49140,买盘
535,14:30:03,7.8,0.01,220,171600,买盘
536,14:30:00,7.79,-0.01,618,481422,卖盘
537,14:29:57,7.8,0.01,115,89700,买盘
538,14:29:54,7.79,--,528,411312,卖盘
539,14:29:51,7.79,--,151,117629,买盘
540,14:29:48,7.79,--,997,776663,买盘
541,14:29:45,7.79,0.01,641,499339,买盘
542,14:29:42,7.78,-0.01,268,208504,卖盘
543,14:29:39,7.79,--,120,93480,买盘
544,14:29:36,7.79,--,137,106723,买盘
545,14:29:33,7.79,--,111,86469,买盘
546,14:29:30,7.79,--,720,560880,买盘
547,14:29:27,7.79,--,336,261744,买盘
548,14:29:24,7.79,0.01,468,364572,买盘
549,14:29:21,7.78,-0.01,89,69242,卖盘
550,14:29:18,7.79,0.01,27,21033,买盘
551,14:29:15,7.78,--,203,157934,卖盘
552,14:29:12,7.78,-0.01,385,299530,卖盘
553,14:29:09,7.79,--,306,238374,买盘
554,14:29:06,7.79,0.01,412,320948,买盘
555,14:29:03,7.78,-0.01,271,210838,卖盘
556,14:29:00,7.79,--,234,182286,买盘
557,14:28:57,7.79,--,339,264081,买盘
558,14:28:54,7.79,--,1505,1172395,买盘
559,14:28:51,7.79,--,694,540626,买盘
560,14:28:48,7.79,--,231,179949,买盘
561,14:28:45,7.79,0.01,408,317832,买盘
562,14:28:42,7.78,-0.01,615,478470,卖盘
563,14:28:39,7.79,--,806,627874,买盘
564,14:28:36,7.79,--,393,306147,买盘
565,14:28:33,7.79,--,560,436240,买盘
566,14:28:30,7.79,--,297,231363,买盘
567,14:28:27,7.79,--,361,281219,买盘
568,14:28:24,7.79,--,613,477527,买盘
569,14:28:21,7.79,0.01,416,324064,买盘
570,14:28:18,7.78,--,769,598282,卖盘
571,14:28:15,7.78,-0.01,159,123702,卖盘
572,14:28:12,7.79,--,476,370804,买盘
573,14:28:09,7.79,--,214,166706,买盘
574,14:28:06,7.79,0.01,533,415207,买盘
575,14:28:03,7.78,--,185,143930,卖盘
576,14:28:00,7.78,-0.01,720,560160,卖盘
577,14:27:57,7.79,0.01,1139,887281,买盘
578,14:27:54,7.78,-0.01,889,691642,卖盘
579,14:27:51,7.79,--,177,137929,买盘
580,14:27:48,7.79,0.01,255,198645,买盘
581,14:27:45,7.78,--,82,64449,买盘
582,14:27:42,7.78,--,639,497266,卖盘
583,14:27:39,7.78,--,566,441001,买盘
584,14:27:36,7.78,--,645,501810,买盘
585,14:27:33,7.78,--,301,234178,买盘
586,14:27:30,7.78,--,62,48236,买盘
587,14:27:27,7.78,--,177,137830,卖盘
588,14:27:24,7.78,-0.01,385,300183,卖盘
589,14:27:21,7.79,--,5751,4480029,买盘
590,14:27:18,7.79,--,2942,2291818,买盘
591,14:27:15,7.79,0.01,202,157358,买盘
592,14:27:12,7.78,-0.01,322,250516,卖盘
593,14:27:09,7.79,--,1096,853784,买盘
594,14:27:06,7.79,--,765,595935,买盘
595,14:27:03,7.79,--,407,317053,卖盘
596,14:27:00,7.79,-0.01,731,569449,卖盘
597,14:26:57,7.8,--,139,108420,买盘
598,14:26:54,7.8,0.01,1054,822120,买盘
599,14:26:51,7.79,-0.02,5043,3928497,卖盘
600,14:26:48,7.81,--,2022,1579182,买盘
601,14:26:45,7.81,--,6717,5245977,买盘
602,14:26:42,7.81,--,410,320210,买盘
603,14:26:39,7.81,--,540,421740,买盘
604,14:26:36,7.81,-0.01,1148,896588,卖盘
605,14:26:33,7.82,--,3047,2382754,买盘
606,14:26:30,7.82,0.01,304,237728,买盘
607,14:26:27,7.81,-0.01,979,764599,卖盘
608,14:26:24,7.82,0.01,439,343298,买盘
609,14:26:21,7.81,-0.01,2855,2229755,卖盘
610,14:26:18,7.82,--,838,655316,买盘
611,14:26:15,7.82,--,36,28152,买盘
612,14:26:12,7.82,-0.01,5154,4031163,卖盘
613,14:26:09,7.83,--,1034,809622,卖盘
614,14:26:06,7.83,-0.01,558,436914,卖盘
615,14:26:03,7.84,0.01,383,300272,买盘
616,14:26:00,7.83,--,1328,1039870,卖盘
617,14:25:57,7.83,--,256,200448,卖盘
618,14:25:54,7.83,-0.01,10,7830,卖盘
619,14:25:51,7.84,0.01,29,22736,买盘
620,14:25:48,7.83,-0.01,460,360180,卖盘
621,14:25:45,7.84,--,486,381024,买盘
622,14:25:42,7.84,--,103,80752,买盘
623,14:25:39,7.84,0.01,156,122304,买盘
624,14:25:36,7.83,-0.01,202,158166,卖盘
625,14:25:33,7.84,-0.01,1516,1188544,卖盘
626,14:25:30,7.85,0.01,874,686090,买盘
627,14:25:27,7.84,--,84,65856,卖盘
628,14:25:24,7.84,--,194,152096,卖盘
629,14:25:21,7.84,-0.01,22,17248,卖盘
630,14:25:18,7.85,--,128,100480,买盘
631,14:25:15,7.85,--,2561,2010385,卖盘
632,14:25:12,7.85,--,218,171130,卖盘
633,14:25:09,7.85,-0.01,115,90275,卖盘
634,14:25:06,7.86,0.01,108,84888,买盘
635,14:25:03,7.85,--,244,191540,卖盘
636,14:25:00,7.85,--,141,110685,卖盘
637,14:24:57,7.85,--,339,266115,卖盘
638,14:24:54,7.85,--,133,104405,卖盘
639,14:24:51,7.85,--,262,205670,卖盘
640,14:24:48,7.85,--,105,82425,卖盘
641,14:24:45,7.85,--,220,172700,卖盘
642,14:24:42,7.85,-0.01,234,183690,卖盘
643,14:24:39,7.86,--,430,337980,买盘
644,14:24:36,7.86,--,30,23580,买盘
645,14:24:33,7.86,--,172,135192,买盘
646,14:24:30,7.86,--,300,235800,买盘
647,14:24:27,7.86,--,65,51090,买盘
648,14:24:24,7.86,0.01,99,77814,买盘
649,14:24:21,7.85,--,176,138160,卖盘
650,14:24:18,7.85,-0.02,2337,1834545,卖盘
651,14:24:15,7.87,0.01,214,168418,买盘
652,14:24:12,7.86,--,223,175278,买盘
653,14:24:09,7.86,--,153,120258,买盘
654,14:24:06,7.86,--,621,488106,买盘
655,14:24:03,7.86,--,46,36156,买盘
656,14:24:00,7.86,--,44,34584,买盘
657,14:23:57,7.86,0.01,321,252306,买盘
658,14:23:54,7.85,-0.01,651,511035,卖盘
659,14:23:51,7.86,0.01,7,5502,买盘
660,14:23:48,7.85,-0.01,214,167990,卖盘
661,14:23:45,7.86,--,222,174492,买盘
662,14:23:42,7.86,--,522,410292,买盘
663,14:23:39,7.86,--,37,29082,买盘
664,14:23:36,7.86,--,52,40872,买盘
665,14:23:33,7.86,--,91,71526,买盘
666,14:23:30,7.86,--,21,16506,卖盘
667,14:23:27,7.86,0.01,136,106896,买盘
668,14:23:24,7.85,--,243,190755,卖盘
669,14:23:21,7.85,-0.01,336,263760,卖盘
670,14:23:18,7.86,--,106,83316,买盘
671,14:23:15,7.86,--,95,74670,买盘
672,14:23:12,7.86,--,1011,794646,卖盘
673,14:23:09,7.86,-0.01,99,77814,卖盘
674,14:23:06,7.87,--,88,69256,买盘
675,14:23:03,7.87,0.02,79,62173,买盘
676,14:23:00,7.85,-0.02,82,64370,卖盘
677,14:22:57,7.87,0.01,450,354150,买盘
678,14:22:54,7.86,--,119,93534,买盘
679,14:22:51,7.86,0.01,132,103752,买盘
680,14:22:48,7.85,-0.01,300,235500,卖盘
681,14:22:45,7.86,0.01,53,41658,买盘
682,14:22:42,7.85,-0.01,84,65940,卖盘
683,14:22:39,7.86,--,918,721548,卖盘
684,14:22:36,7.86,--,501,393786,卖盘
685,14:22:33,7.86,-0.01,220,172920,卖盘
686,14:22:27,7.87,0.01,167,131429,买盘
687,14:22:21,7.86,-0.01,54,42444,卖盘
688,14:22:18,7.87,--,99,77913,买盘
689,14:22:15,7.87,--,188,147956,买盘
690,14:22:12,7.87,0.01,204,160548,买盘
691,14:22:09,7.86,-0.01,61,47946,卖盘
692,14:22:06,7.87,--,266,209342,买盘
693,14:22:03,7.87,--,64,50368,买盘
694,14:22:00,7.87,--,32,25184,买盘
695,14:21:57,7.87,--,119,93653,买盘
696,14:21:54,7.87,--,134,105458,买盘
697,14:21:51,7.87,--,71,55877,买盘
698,14:21:48,7.87,0.01,536,421832,买盘
699,14:21:45,7.86,--,16,12576,卖盘
700,14:21:42,7.86,--,208,163488,卖盘
701,14:21:39,7.86,--,252,198072,买盘
702,14:21:36,7.86,0.01,109,85674,买盘
703,14:21:33,7.85,-0.01,1675,1314875,卖盘
704,14:21:30,7.86,0.01,113,88818,买盘
705,14:21:27,7.85,-0.01,377,295945,卖盘
706,14:21:24,7.86,0.01,132,103752,买盘
707,14:21:21,7.85,-0.01,748,587894,卖盘
708,14:21:18,7.86,--,509,400074,卖盘
709,14:21:15,7.86,--,310,243660,卖盘
710,14:21:12,7.86,--,75,58950,卖盘
711,14:21:09,7.86,--,58,45588,卖盘
712,14:21:06,7.86,--,179,140764,买盘
713,14:21:03,7.86,--,120,94320,买盘
714,14:21:00,7.86,--,780,613080,买盘
715,14:20:57,7.86,--,234,183924,买盘
716,14:20:54,7.86,--,324,254664,买盘
717,14:20:51,7.86,0.01,10,7860,买盘
718,14:20:48,7.85,-0.01,183,143655,卖盘
719,14:20:45,7.86,0.01,372,292392,买盘
720,14:20:42,7.85,-0.01,81,63585,卖盘
721,14:20:39,7.86,0.01,105,82530,买盘
722,14:20:36,7.85,--,217,170345,卖盘
723,14:20:33,7.85,--,311,244135,卖盘
724,14:20:30,7.85,--,60,47100,卖盘
725,14:20:27,7.85,-0.01,89,69865,卖盘
726,14:20:24,7.86,0.01,209,164274,买盘
727,14:20:21,7.85,--,152,119320,卖盘
728,14:20:18,7.85,--,370,290450,卖盘
729,14:20:15,7.85,-0.01,52,40820,卖盘
730,14:20:12,7.86,0.01,34,26724,买盘
731,14:20:09,7.85,--,750,588750,卖盘
732,14:20:06,7.85,-0.01,657,515745,卖盘
733,14:20:03,7.86,--,48,37728,买盘
734,14:20:00,7.86,--,173,135978,买盘
735,14:19:57,7.86,0.01,258,202788,买盘
736,14:19:54,7.85,-0.01,140,109900,卖盘
737,14:19:51,7.86,0.01,25,19650,买盘
738,14:19:48,7.85,--,120,94200,卖盘
739,14:19:45,7.85,--,91,71435,卖盘
740,14:19:42,7.85,--,266,208810,买盘
741,14:19:39,7.85,--,260,204100,买盘
742,14:19:36,7.85,--,45,35325,买盘
743,14:19:33,7.85,--,161,126385,买盘
744,14:19:30,7.85,-0.01,157,123245,卖盘
745,14:19:27,7.86,0.01,117,91962,买盘
746,14:19:24,7.85,--,549,430965,卖盘
747,14:19:21,7.85,-0.01,1094,858790,卖盘
748,14:19:18,7.86,--,71,55806,买盘
749,14:19:15,7.86,0.01,90,70740,买盘
750,14:19:12,7.85,-0.01,70,54950,卖盘
751,14:19:09,7.86,0.01,764,600504,买盘
752,14:19:06,7.85,--,135,105975,卖盘
753,14:19:03,7.85,--,54,42390,卖盘
754,14:19:00,7.85,-0.01,434,340690,卖盘
755,14:18:57,7.86,--,101,79386,买盘
756,14:18:54,7.86,--,1099,863814,买盘
757,14:18:51,7.86,0.01,102,80172,买盘
758,14:18:48,7.85,-0.01,120,94200,卖盘
759,14:18:45,7.86,--,289,227154,买盘
760,14:18:42,7.86,0.01,140,110040,买盘
761,14:18:39,7.85,--,178,139730,卖盘
762,14:18:36,7.85,--,147,115395,卖盘
763,14:18:33,7.85,-0.01,80,62800,卖盘
764,14:18:30,7.86,0.01,64,50304,买盘
765,14:18:27,7.85,--,336,263760,卖盘
766,14:18:24,7.85,--,411,322635,卖盘
767,14:18:21,7.85,--,125,98125,卖盘
768,14:18:18,7.85,--,158,124030,买盘
769,14:18:15,7.85,-0.01,227,178195,卖盘
770,14:18:12,7.86,0.01,118,92748,买盘
771,14:18:09,7.85,--,481,377585,买盘
772,14:18:06,7.85,-0.01,30,23550,买盘
773,14:18:03,7.86,--,130,102494,买盘
774,14:18:00,7.86,--,500,393000,买盘
775,14:17:57,7.86,0.01,2,1572,买盘
776,14:17:54,7.85,--,49,38465,卖盘
777,14:17:51,7.85,--,173,135805,卖盘
778,14:17:48,7.85,-0.01,474,372090,中性盘
779,14:17:45,7.86,0.02,160,125760,买盘
780,14:17:42,7.84,--,606,475574,卖盘
781,14:17:39,7.84,-0.01,228,178752,卖盘
782,14:17:36,7.85,--,58,45530,买盘
783,14:17:33,7.85,--,307,240995,买盘
784,14:17:30,7.85,0.01,503,394855,买盘
785,14:17:27,7.84,--,110,86240,卖盘
786,14:17:24,7.84,--,133,104272,卖盘
787,14:17:21,7.84,-0.01,115,90160,卖盘
788,14:17:18,7.85,--,127,99695,买盘
789,14:17:15,7.85,0.01,738,579330,买盘
790,14:17:12,7.84,-0.01,104,81536,卖盘
791,14:17:09,7.85,--,338,265330,买盘
792,14:17:06,7.85,--,411,322635,买盘
793,14:17:03,7.85,--,359,281815,买盘
794,14:17:00,7.85,--,158,124030,买盘
795,14:16:57,7.85,--,225,176625,买盘
796,14:16:54,7.85,0.01,260,204100,买盘
797,14:16:51,7.84,-0.01,235,184240,卖盘
798,14:16:48,7.85,--,25,19625,买盘
799,14:16:45,7.85,0.01,932,731620,买盘
800,14:16:42,7.84,-0.01,1631,1278704,卖盘
801,14:16:39,7.85,--,532,417620,买盘
802,14:16:36,7.85,--,271,212735,买盘
803,14:16:33,7.85,--,55,43175,买盘
804,14:16:30,7.85,--,262,205670,买盘
805,14:16:27,7.85,--,874,686090,买盘
806,14:16:24,7.85,--,927,728009,卖盘
807,14:16:21,7.85,--,445,349325,卖盘
808,14:16:18,7.85,--,805,631925,卖盘
809,14:16:15,7.85,--,802,629570,卖盘
810,14:16:12,7.85,-0.01,686,538510,卖盘
811,14:16:09,7.86,0.01,332,260952,买盘
812,14:16:06,7.85,-0.01,549,430965,卖盘
813,14:16:03,7.86,--,36,28296,买盘
814,14:16:00,7.86,0.01,47,36942,买盘
815,14:15:57,7.85,-0.01,140,109900,卖盘
816,14:15:54,7.86,0.01,249,195714,买盘
817,14:15:51,7.85,--,18,14130,卖盘
818,14:15:48,7.85,--,530,416521,买盘
819,14:15:45,7.85,--,799,627215,买盘
820,14:15:42,7.85,--,290,227650,买盘
821,14:15:39,7.85,--,354,277890,买盘
822,14:15:36,7.85,--,449,352465,买盘
823,14:15:33,7.85,--,848,665680,买盘
824,14:15:30,7.85,--,184,144440,买盘
825,14:15:27,7.85,--,523,410555,买盘
826,14:15:24,7.85,0.01,335,262975,买盘
827,14:15:21,7.84,-0.01,286,224224,卖盘
828,14:15:18,7.85,--,296,232360,买盘
829,14:15:15,7.85,0.01,321,251985,买盘
830,14:15:12,7.84,-0.01,333,261072,卖盘
831,14:15:09,7.85,--,113,88705,买盘
832,14:15:06,7.85,0.01,546,428610,买盘
833,14:15:03,7.84,-0.01,391,306544,卖盘
834,14:15:00,7.85,--,257,201745,买盘
835,14:14:57,7.85,--,482,378370,买盘
836,14:14:54,7.85,0.01,116,91060,买盘
837,14:14:51,7.84,-0.01,48,37632,卖盘
838,14:14:48,7.85,0.01,281,220585,买盘
839,14:14:45,7.84,--,152,119168,卖盘
840,14:14:42,7.84,--,1118,876512,买盘
841,14:14:39,7.84,0.01,868,680512,买盘
842,14:14:36,7.83,-0.01,151,118233,卖盘
843,14:14:33,7.84,--,383,300272,买盘
844,14:14:30,7.84,0.01,2035,1595440,买盘
845,14:14:27,7.83,--,1906,1492398,卖盘
846,14:14:24,7.83,--,688,538704,卖盘
847,14:14:21,7.83,--,1306,1022598,卖盘
848,14:14:18,7.83,--,290,227070,卖盘
849,14:14:15,7.83,--,81,63423,卖盘
850,14:14:12,7.83,--,93,72819,卖盘
851,14:14:09,7.83,--,589,461187,卖盘
852,14:14:06,7.83,0.01,672,526176,买盘
853,14:14:03,7.82,--,1222,955604,卖盘
854,14:14:00,7.82,-0.01,2902,2269364,卖盘
855,14:13:57,7.83,--,908,710964,买盘
856,14:13:54,7.83,0.01,400,313200,买盘
857,14:13:51,7.82,0.01,955,746810,中性盘
858,14:13:48,7.81,-0.01,1286,1004366,卖盘
859,14:13:45,7.82,--,728,569296,买盘
860,14:13:42,7.82,0.01,303,236946,中性盘
861,14:13:39,7.81,-0.02,1764,1377684,卖盘
862,14:13:36,7.83,0.01,612,479196,买盘
863,14:13:33,7.82,-0.01,1464,1144848,卖盘
864,14:13:30,7.83,--,4570,3578310,买盘
865,14:13:27,7.83,-0.01,1034,809622,卖盘
866,14:13:24,7.84,0.01,1144,896896,买盘
867,14:13:21,7.83,-0.01,1680,1315440,卖盘
868,14:13:18,7.84,--,634,497056,买盘
869,14:13:15,7.84,--,140,109760,买盘
870,14:13:12,7.84,--,294,230496,买盘
871,14:13:09,7.84,-0.01,2376,1862784,卖盘
872,14:13:06,7.85,--,142,111470,买盘
873,14:13:03,7.85,--,2424,1902840,卖盘
874,14:13:00,7.85,--,335,262975,卖盘
875,14:12:57,7.85,--,787,617795,卖盘
876,14:12:54,7.85,-0.01,115,90275,卖盘
877,14:12:51,7.86,--,454,356844,买盘
878,14:12:48,7.86,-0.01,2035,1599510,卖盘
879,14:12:45,7.87,--,121,95227,买盘
880,14:12:42,7.87,--,766,602842,买盘
881,14:12:39,7.87,--,11,8657,买盘
882,14:12:36,7.87,-0.01,692,544604,卖盘
883,14:12:33,7.88,0.01,186,146568,买盘
884,14:12:30,7.87,-0.01,735,578445,卖盘
885,14:12:27,7.88,--,1159,913292,买盘
886,14:12:24,7.88,--,73,57524,买盘
887,14:12:21,7.88,--,123,96924,买盘
888,14:12:18,7.88,--,134,105592,买盘
889,14:12:15,7.88,--,527,415276,卖盘
890,14:12:12,7.88,-0.01,1070,843160,卖盘
891,14:12:09,7.89,--,1218,961002,买盘
892,14:12:06,7.89,0.01,246,194094,买盘
893,14:12:03,7.88,--,861,678468,卖盘
894,14:12:00,7.88,--,394,310472,卖盘
895,14:11:57,7.88,-0.01,262,206456,卖盘
896,14:11:54,7.89,0.01,473,373197,买盘
897,14:11:51,7.88,-0.01,30,23640,卖盘
898,14:11:48,7.89,--,53,41817,买盘
899,14:11:45,7.89,--,118,93102,买盘
900,14:11:42,7.89,--,278,220083,卖盘
901,14:11:39,7.89,-0.01,1593,1256924,卖盘
902,14:11:36,7.9,0.01,127,100330,买盘
903,14:11:33,7.89,-0.01,1182,932598,卖盘
904,14:11:30,7.9,--,3371,2663650,卖盘
905,14:11:27,7.9,-0.01,103,81370,卖盘
906,14:11:24,7.91,0.01,490,387590,买盘
907,14:11:21,7.9,--,196,154840,卖盘
908,14:11:18,7.9,-0.01,191,150890,卖盘
909,14:11:15,7.91,--,249,196959,买盘
910,14:11:12,7.91,0.01,171,135261,买盘
911,14:11:09,7.9,-0.01,815,643850,卖盘
912,14:11:06,7.91,0.01,3268,2584988,买盘
913,14:11:03,7.9,-0.01,220,173800,卖盘
914,14:11:00,7.91,0.01,594,469854,买盘
915,14:10:57,7.9,-0.01,607,479530,卖盘
916,14:10:54,7.91,--,192,151872,买盘
917,14:10:51,7.91,--,416,329056,买盘
918,14:10:48,7.91,0.01,252,199332,买盘
919,14:10:45,7.9,-0.01,1653,1305870,卖盘
920,14:10:42,7.91,--,231,182721,买盘
921,14:10:39,7.91,--,237,187467,买盘
922,14:10:36,7.91,0.01,39,30849,买盘
923,14:10:33,7.9,-0.01,25,19750,卖盘
924,14:10:30,7.91,-0.01,4566,3611706,卖盘
925,14:10:27,7.92,--,1049,830808,买盘
926,14:10:24,7.92,0.01,270,213840,买盘
927,14:10:21,7.91,-0.01,104,82264,卖盘
928,14:10:18,7.92,0.01,171,135432,买盘
929,14:10:15,7.91,-0.01,130,102830,卖盘
930,14:10:12,7.92,--,97,76824,买盘
931,14:10:09,7.92,--,10,7920,买盘
932,14:10:06,7.92,--,125,99000,买盘
933,14:10:03,7.92,--,19,15048,买盘
934,14:10:00,7.92,--,51,40392,买盘
935,14:09:57,7.92,-0.01,74,58608,卖盘
936,14:09:54,7.93,--,27,21411,买盘
937,14:09:51,7.93,--,510,404430,买盘
938,14:09:48,7.93,0.01,104,82472,买盘
939,14:09:45,7.92,--,379,300168,卖盘
940,14:09:42,7.92,-0.01,43,34056,卖盘
941,14:09:39,7.93,--,53,42029,买盘
942,14:09:36,7.93,--,166,132383,卖盘
943,14:09:33,7.93,--,947,751018,买盘
944,14:09:30,7.93,0.01,357,283101,买盘
945,14:09:27,7.92,-0.01,508,402336,卖盘
946,14:09:24,7.93,0.01,1172,929396,买盘
947,14:09:21,7.92,-0.01,122,96624,卖盘
948,14:09:18,7.93,0.01,108,85644,买盘
949,14:09:15,7.92,-0.01,30,23760,卖盘
950,14:09:12,7.93,--,162,128466,买盘
951,14:09:09,7.93,--,143,113399,买盘
952,14:09:06,7.93,--,67,53131,买盘
953,14:09:03,7.93,0.01,14,11102,买盘
954,14:09:00,7.92,--,810,641520,卖盘
955,14:08:57,7.92,--,46,36432,卖盘
956,14:08:54,7.92,--,71,56232,卖盘
957,14:08:48,7.92,--,98,77616,卖盘
958,14:08:45,7.92,-0.01,215,170280,卖盘
959,14:08:42,7.93,--,76,60268,买盘
960,14:08:39,7.93,--,131,103883,买盘
961,14:08:36,7.93,--,27,21411,买盘
962,14:08:33,7.93,--,31,24583,买盘
963,14:08:30,7.93,0.01,81,64233,买盘
964,14:08:27,7.92,-0.01,167,132264,卖盘
965,14:08:24,7.93,0.01,186,147498,买盘
966,14:08:21,7.92,-0.01,671,531432,卖盘
967,14:08:18,7.93,--,77,61061,买盘
968,14:08:15,7.93,--,145,114985,买盘
969,14:08:12,7.93,--,72,57096,买盘
970,14:08:09,7.93,--,243,192699,买盘
971,14:08:06,7.93,0.01,289,229177,买盘
972,14:08:03,7.92,--,4,3168,卖盘
973,14:08:00,7.92,--,78,61776,卖盘
974,14:07:57,7.92,-0.01,117,92664,卖盘
975,14:07:54,7.93,0.01,107,84851,买盘
976,14:07:51,7.92,--,51,40392,卖盘
977,14:07:48,7.92,--,18,14256,卖盘
978,14:07:45,7.92,--,197,156024,卖盘
979,14:07:42,7.92,0.01,1125,891000,买盘
980,14:07:39,7.91,-0.01,624,493584,卖盘
981,14:07:36,7.92,0.01,621,491832,买盘
982,14:07:33,7.91,-0.01,195,154245,卖盘
983,14:07:30,7.92,0.01,125,99000,买盘
984,14:07:27,7.91,--,131,103621,卖盘
985,14:07:24,7.91,--,89,70399,卖盘
986,14:07:21,7.91,--,135,106785,卖盘
987,14:07:18,7.91,-0.01,37,29267,卖盘
988,14:07:15,7.92,--,120,95040,买盘
989,14:07:12,7.92,--,70,55440,买盘
990,14:07:09,7.92,--,257,203544,买盘
991,14:07:06,7.92,0.01,42,33264,买盘
992,14:07:03,7.91,--,75,59325,卖盘
993,14:07:00,7.91,--,574,454034,卖盘
994,14:06:57,7.91,--,1033,817103,卖盘
995,14:06:54,7.91,--,114,90174,卖盘
996,14:06:51,7.91,--,18,14238,卖盘
997,14:06:48,7.91,--,552,436632,卖盘
998,14:06:45,7.91,--,98,77518,买盘
999,14:06:42,7.91,--,515,407365,买盘
1000,14:06:39,7.91,--,256,202496,买盘
1001,14:06:36,7.91,--,217,171647,买盘
1002,14:06:33,7.91,--,288,227808,买盘
1003,14:06:30,7.91,--,242,191422,买盘
1004,14:06:27,7.91,0.01,82,64862,买盘
1005,14:06:24,7.9,-0.01,267,210930,卖盘
1006,14:06:21,7.91,--,186,147126,买盘
1007,14:06:18,7.91,--,577,456407,卖盘
1008,14:06:15,7.91,--,194,153454,卖盘
1009,14:06:12,7.91,--,559,442169,卖盘
1010,14:06:09,7.91,--,73,57743,买盘
1011,14:06:06,7.91,0.01,218,172438,卖盘
1012,14:06:03,7.9,-0.01,4161,3287190,卖盘
1013,14:06:00,7.91,0.01,262,207242,买盘
1014,14:05:57,7.9,-0.01,1083,855570,卖盘
1015,14:05:54,7.91,0.01,56,44296,买盘
1016,14:05:51,7.9,-0.01,352,278080,卖盘
1017,14:05:48,7.91,0.01,28,22148,卖盘
1018,14:05:45,7.9,--,847,669359,卖盘
1019,14:05:42,7.9,--,279,220410,卖盘
1020,14:05:39,7.9,--,329,259910,卖盘
1021,14:05:36,7.9,-0.01,440,347600,卖盘
1022,14:05:33,7.91,--,277,219107,买盘
1023,14:05:30,7.91,-0.01,1365,1080276,卖盘
1024,14:05:27,7.92,0.01,80,63360,买盘
1025,14:05:24,7.91,--,297,235156,卖盘
1026,14:05:21,7.91,-0.01,94,74354,卖盘
1027,14:05:18,7.92,--,2208,1748736,买盘
1028,14:05:15,7.92,-0.01,712,563904,买盘
1029,14:05:12,7.93,0.01,1211,960323,买盘
1030,14:05:09,7.92,--,201,159192,卖盘
1031,14:05:06,7.92,-0.01,4610,3651120,卖盘
1032,14:05:03,7.93,--,551,436943,买盘
1033,14:05:00,7.93,0.02,394,312442,买盘
1034,14:04:57,7.91,-0.01,374,295834,卖盘
1035,14:04:54,7.92,-0.01,988,783240,卖盘
1036,14:04:51,7.93,--,75,59475,买盘
1037,14:04:48,7.93,--,182,144326,卖盘
1038,14:04:45,7.93,--,1105,876265,卖盘
1039,14:04:42,7.93,0.01,157,124501,买盘
1040,14:04:39,7.92,-0.01,4053,3209976,卖盘
1041,14:04:36,7.93,0.01,309,245037,买盘
1042,14:04:33,7.92,-0.01,63,49896,卖盘
1043,14:04:30,7.93,0.01,139,110227,买盘
1044,14:04:27,7.92,-0.01,1097,868824,卖盘
1045,14:04:24,7.93,0.01,131,103883,买盘
1046,14:04:21,7.92,-0.02,1630,1290960,卖盘
1047,14:04:18,7.94,0.01,27,21438,买盘
1048,14:04:15,7.93,--,278,220454,卖盘
1049,14:04:12,7.93,-0.01,54,42822,卖盘
1050,14:04:09,7.94,0.01,2095,1663430,买盘
1051,14:04:06,7.93,-0.01,13,10309,卖盘
1052,14:04:03,7.94,--,696,552624,买盘
1053,14:04:00,7.94,--,89,70666,买盘
1054,14:03:57,7.94,0.01,24,19056,买盘
1055,14:03:54,7.93,--,61,48373,卖盘
1056,14:03:51,7.93,--,276,218868,卖盘
1057,14:03:48,7.93,-0.01,11,8723,卖盘
1058,14:03:45,7.94,0.01,58,46052,买盘
1059,14:03:42,7.93,--,159,126087,卖盘
1060,14:03:39,7.93,--,176,139568,卖盘
1061,14:03:33,7.93,-0.01,67,53131,卖盘
1062,14:03:30,7.94,--,116,92104,买盘
1063,14:03:27,7.94,--,520,412880,买盘
1064,14:03:24,7.94,--,593,470842,买盘
1065,14:03:21,7.94,--,51,40494,买盘
1066,14:03:18,7.94,--,278,220732,买盘
1067,14:03:15,7.94,--,1527,1212438,卖盘
1068,14:03:12,7.94,--,23,18262,卖盘
1069,14:03:09,7.94,--,100,79400,卖盘
1070,14:03:06,7.94,-0.01,319,253286,卖盘
1071,14:03:03,7.95,0.01,2497,1985115,买盘
1072,14:03:00,7.94,-0.01,191,151654,卖盘
1073,14:02:57,7.95,--,284,225780,买盘
1074,14:02:54,7.95,--,6,4770,买盘
1075,14:02:51,7.95,--,1416,1125720,卖盘
1076,14:02:48,7.95,--,279,221805,卖盘
1077,14:02:45,7.95,--,1653,1314135,卖盘
1078,14:02:42,7.95,-0.01,2,1590,卖盘
1079,14:02:39,7.96,0.01,211,167956,买盘
1080,14:02:36,7.95,--,95,75525,卖盘
1081,14:02:33,7.95,-0.01,144,114480,卖盘
1082,14:02:30,7.96,--,32,25472,买盘
1083,14:02:27,7.96,--,207,164772,买盘
1084,14:02:24,7.96,0.01,287,228452,买盘
1085,14:02:21,7.95,-0.01,66,52470,卖盘
1086,14:02:18,7.96,--,2357,1876172,卖盘
1087,14:02:15,7.96,--,114,90744,卖盘
1088,14:02:12,7.96,-0.01,400,318400,卖盘
1089,14:02:09,7.97,--,4915,3917255,买盘
1090,14:02:06,7.97,0.01,139,110783,买盘
1091,14:02:03,7.96,--,41,32636,卖盘
1092,14:02:00,7.96,-0.01,76,60496,卖盘
1093,14:01:57,7.97,--,94,74918,买盘
1094,14:01:54,7.97,--,2497,1990109,买盘
1095,14:01:51,7.97,--,87,69339,买盘
1096,14:01:48,7.97,0.01,50,39850,买盘
1097,14:01:45,7.96,--,131,104276,卖盘
1098,14:01:42,7.96,-0.01,37,29452,卖盘
1099,14:01:39,7.97,0.01,131,104407,买盘
1100,14:01:36,7.96,--,34,27064,卖盘
1101,14:01:30,7.96,--,49,39004,卖盘
1102,14:01:27,7.96,-0.01,141,112236,卖盘
1103,14:01:24,7.97,0.01,81,64557,买盘
1104,14:01:21,7.96,-0.01,48,38208,卖盘
1105,14:01:18,7.97,--,399,318003,买盘
1106,14:01:12,7.97,--,11,8767,买盘
1107,14:01:09,7.97,--,654,521238,买盘
1108,14:01:06,7.97,--,97,77890,卖盘
1109,14:01:03,7.97,-0.01,304,242288,卖盘
1110,14:00:57,7.98,0.01,2,1596,买盘
1111,14:00:54,7.97,-0.01,135,107595,卖盘
1112,14:00:51,7.98,0.01,113,90174,买盘
1113,14:00:48,7.97,--,337,268804,买盘
1114,14:00:45,7.97,-0.01,126,101003,卖盘
1115,14:00:42,7.98,--,532,424536,买盘
1116,14:00:39,7.98,--,139,110922,买盘
1117,14:00:36,7.98,0.01,27,21546,买盘
1118,14:00:33,7.97,-0.01,116,92452,卖盘
1119,14:00:30,7.98,--,106,84588,买盘
1120,14:00:27,7.98,0.01,4,3192,买盘
1121,14:00:24,7.97,--,116,92667,卖盘
1122,14:00:21,7.97,--,130,103610,卖盘
1123,14:00:18,7.97,-0.01,77,61369,卖盘
1124,14:00:15,7.98,--,20,15960,买盘
1125,14:00:12,7.98,0.01,306,244188,买盘
1126,14:00:09,7.97,-0.01,279,222363,卖盘
1127,14:00:06,7.98,0.01,129,102942,买盘
1128,14:00:03,7.97,--,1,797,卖盘
1129,14:00:00,7.97,-0.01,121,96437,卖盘
1130,13:59:57,7.98,0.01,69,55062,买盘
1131,13:59:54,7.97,--,56,44632,卖盘
1132,13:59:48,7.97,--,137,109189,买盘
1133,13:59:45,7.97,--,813,647961,买盘
1134,13:59:42,7.97,--,168,133896,买盘
1135,13:59:39,7.97,0.01,96,76512,买盘
1136,13:59:36,7.96,-0.01,118,93928,卖盘
1137,13:59:33,7.97,--,44,35068,买盘
1138,13:59:30,7.97,--,43,34271,买盘
1139,13:59:27,7.97,--,62,49414,买盘
1140,13:59:24,7.97,0.01,44,35068,买盘
1141,13:59:21,7.96,-0.01,14,11144,卖盘
1142,13:59:18,7.97,--,59,47023,买盘
1143,13:59:15,7.97,0.01,79,62963,买盘
1144,13:59:12,7.96,-0.01,180,143280,卖盘
1145,13:59:09,7.97,--,21,16737,买盘
1146,13:59:06,7.97,0.01,281,223957,买盘
1147,13:59:03,7.96,-0.01,72,57312,卖盘
1148,13:59:00,7.97,--,66,52602,买盘
1149,13:58:57,7.97,--,176,140272,买盘
1150,13:58:54,7.97,0.01,6,4782,买盘
1151,13:58:51,7.96,--,136,108256,卖盘
1152,13:58:48,7.96,-0.01,112,89152,卖盘
1153,13:58:45,7.97,--,559,445523,买盘
1154,13:58:42,7.97,--,83,66151,买盘
1155,13:58:39,7.97,0.01,189,150633,买盘
1156,13:58:36,7.96,-0.01,124,98704,卖盘
1157,13:58:33,7.97,--,98,78106,买盘
1158,13:58:30,7.97,0.01,37,29489,买盘
1159,13:58:27,7.96,--,300,238800,卖盘
1160,13:58:24,7.96,--,92,73232,卖盘
1161,13:58:21,7.96,--,124,98704,卖盘
1162,13:58:18,7.96,-0.01,44,35024,卖盘
1163,13:58:15,7.97,0.01,98,78106,买盘
1164,13:58:12,7.96,-0.01,432,343872,卖盘
1165,13:58:09,7.97,0.01,35,27895,买盘
1166,13:58:06,7.96,--,26,20696,卖盘
1167,13:58:03,7.96,--,20,15920,卖盘
1168,13:58:00,7.96,--,131,104276,卖盘
1169,13:57:57,7.96,--,113,89948,卖盘
1170,13:57:54,7.96,--,78,62088,卖盘
1171,13:57:51,7.96,--,150,119400,卖盘
1172,13:57:48,7.96,--,12,9552,卖盘
1173,13:57:45,7.96,--,51,40596,买盘
1174,13:57:42,7.96,--,561,446556,买盘
1175,13:57:39,7.96,--,455,362180,买盘
1176,13:57:36,7.96,0.01,51,40596,买盘
1177,13:57:33,7.95,--,120,95400,卖盘
1178,13:57:30,7.95,-0.01,38,30210,卖盘
1179,13:57:27,7.96,--,134,106664,买盘
1180,13:57:24,7.96,0.01,57,45372,买盘
1181,13:57:21,7.95,-0.01,76,60420,卖盘
1182,13:57:18,7.96,--,38,30248,买盘
1183,13:57:15,7.96,0.01,14,11144,买盘
1184,13:57:12,7.95,--,64,50880,卖盘
1185,13:57:09,7.95,-0.01,93,73935,卖盘
1186,13:57:06,7.96,--,122,97112,买盘
1187,13:57:03,7.96,--,523,416308,买盘
1188,13:57:00,7.96,--,86,68456,买盘
1189,13:56:57,7.96,--,54,42984,买盘
1190,13:56:54,7.96,--,369,293724,买盘
1191,13:56:51,7.96,--,167,132932,买盘
1192,13:56:48,7.96,--,63,50148,买盘
1193,13:56:45,7.96,--,84,66864,买盘
1194,13:56:42,7.96,0.01,4,3184,买盘
1195,13:56:39,7.95,-0.01,40,31800,卖盘
1196,13:56:36,7.96,0.01,47,37412,买盘
1197,13:56:33,7.95,--,133,105735,买盘
1198,13:56:30,7.95,--,309,245655,买盘
1199,13:56:27,7.95,--,152,120840,买盘
1200,13:56:24,7.95,0.01,321,255195,买盘
1201,13:56:21,7.94,-0.01,366,290604,卖盘
1202,13:56:18,7.95,--,153,121635,买盘
1203,13:56:15,7.95,--,138,109710,买盘
1204,13:56:12,7.95,--,501,398295,买盘
1205,13:56:09,7.95,--,118,93810,买盘
1206,13:56:06,7.95,--,672,534240,买盘
1207,13:56:03,7.95,--,395,314025,买盘
1208,13:56:00,7.95,--,19,15105,买盘
1209,13:55:57,7.95,0.01,158,125610,买盘
1210,13:55:54,7.94,--,315,250110,买盘
1211,13:55:51,7.94,-0.01,1735,1377590,卖盘
1212,13:55:48,7.95,0.01,59,46905,买盘
1213,13:55:45,7.94,--,90,71460,卖盘
1214,13:55:42,7.94,--,7,5558,卖盘
1215,13:55:39,7.94,-0.01,449,356506,卖盘
1216,13:55:36,7.95,0.01,90,71550,买盘
1217,13:55:33,7.94,0.01,89,70666,买盘
1218,13:55:30,7.93,--,299,237107,卖盘
1219,13:55:27,7.93,--,92,72956,卖盘
1220,13:55:24,7.93,--,230,182390,卖盘
1221,13:55:21,7.93,-0.01,75,59475,卖盘
1222,13:55:18,7.94,--,5,3970,买盘
1223,13:55:15,7.94,0.01,82,65108,买盘
1224,13:55:12,7.93,--,349,276757,卖盘
1225,13:55:09,7.93,0.01,23,18239,卖盘
1226,13:55:06,7.92,-0.01,319,252648,卖盘
1227,13:55:03,7.93,0.01,59,46787,买盘
1228,13:55:00,7.92,--,153,121176,卖盘
1229,13:54:57,7.92,-0.01,97,76824,卖盘
1230,13:54:54,7.93,0.01,98,77714,买盘
1231,13:54:51,7.92,--,190,150480,卖盘
1232,13:54:48,7.92,--,158,125183,买盘
1233,13:54:45,7.92,-0.01,2351,1862736,卖盘
1234,13:54:42,7.93,-0.01,5,3965,中性盘
1235,13:54:39,7.94,0.01,941,747154,买盘
1236,13:54:36,7.93,--,195,154635,买盘
1237,13:54:33,7.93,--,262,207766,买盘
1238,13:54:30,7.93,--,2646,2098278,买盘
1239,13:54:27,7.93,--,555,440115,买盘
1240,13:54:24,7.93,--,152,120536,买盘
1241,13:54:21,7.93,--,105,83265,买盘
1242,13:54:18,7.93,--,437,346541,卖盘
1243,13:54:15,7.93,--,684,542412,卖盘
1244,13:54:12,7.93,--,79,62647,卖盘
1245,13:54:09,7.93,--,36,28548,卖盘
1246,13:54:06,7.93,0.01,1187,941338,买盘
1247,13:54:03,7.92,-0.01,1665,1318680,卖盘
1248,13:54:00,7.93,0.01,731,579683,买盘
1249,13:53:57,7.92,--,1078,853776,卖盘
1250,13:53:54,7.92,--,185,146520,卖盘
1251,13:53:51,7.92,-0.01,486,384912,卖盘
1252,13:53:48,7.93,0.01,148,117364,买盘
1253,13:53:45,7.92,--,410,324720,卖盘
1254,13:53:42,7.92,--,901,713592,卖盘
1255,13:53:39,7.92,--,129,102168,卖盘
1256,13:53:36,7.92,--,243,192456,卖盘
1257,13:53:33,7.92,0.01,462,365904,卖盘
1258,13:53:30,7.91,-0.01,638,504658,卖盘
1259,13:53:27,7.92,--,1014,803088,买盘
1260,13:53:24,7.92,0.01,162,128304,买盘
1261,13:53:21,7.91,-0.02,3842,3039765,卖盘
1262,13:53:18,7.93,--,596,472628,买盘
1263,13:53:15,7.93,--,248,196664,买盘
1264,13:53:12,7.93,--,1062,842166,买盘
1265,13:53:09,7.93,--,201,159393,买盘
1266,13:53:06,7.93,--,389,308477,买盘
1267,13:53:03,7.93,--,180,142740,买盘
1268,13:53:00,7.93,--,427,338611,买盘
1269,13:52:57,7.93,--,567,449631,买盘
1270,13:52:54,7.93,--,815,646295,买盘
1271,13:52:51,7.93,--,2248,1782664,卖盘
1272,13:52:48,7.93,--,2206,1749358,卖盘
1273,13:52:45,7.93,-0.01,225,178726,卖盘
1274,13:52:42,7.94,0.01,146,115924,买盘
1275,13:52:39,7.93,--,688,546123,买盘
1276,13:52:36,7.93,--,1074,851682,买盘
1277,13:52:33,7.93,--,150,118950,买盘
1278,13:52:30,7.93,--,401,317993,买盘
1279,13:52:27,7.93,--,1463,1160412,卖盘
1280,13:52:24,7.93,-0.01,403,319579,卖盘
1281,13:52:21,7.94,0.01,279,221526,买盘
1282,13:52:18,7.93,--,419,332267,卖盘
1283,13:52:15,7.93,--,887,703391,卖盘
1284,13:52:12,7.93,-0.01,495,392535,卖盘
1285,13:52:09,7.94,--,936,743184,买盘
1286,13:52:06,7.94,0.01,960,762240,买盘
1287,13:52:00,7.93,-0.01,158,125294,卖盘
1288,13:51:57,7.94,--,1733,1376002,买盘
1289,13:51:54,7.94,0.01,550,436700,买盘
1290,13:51:51,7.93,--,529,419497,卖盘
1291,13:51:48,7.93,--,215,170495,卖盘
1292,13:51:45,7.93,--,430,340990,卖盘
1293,13:51:42,7.93,--,510,404430,卖盘
1294,13:51:39,7.93,--,926,734857,买盘
1295,13:51:36,7.93,--,430,340990,买盘
1296,13:51:33,7.93,--,2103,1667679,卖盘
1297,13:51:30,7.93,-0.01,445,352885,卖盘
1298,13:51:27,7.94,0.01,317,251698,买盘
1299,13:51:24,7.93,--,342,271206,卖盘
1300,13:51:21,7.93,-0.01,156,123708,卖盘
1301,13:51:18,7.94,--,1632,1295808,买盘
1302,13:51:15,7.94,--,68,53992,买盘
1303,13:51:12,7.94,--,2278,1808732,卖盘
1304,13:51:09,7.94,-0.01,299,237406,卖盘
1305,13:51:06,7.95,--,28,22260,买盘
1306,13:51:03,7.95,--,49,38955,买盘
1307,13:51:00,7.95,--,163,129585,买盘
1308,13:50:57,7.95,--,1144,909480,卖盘
1309,13:50:54,7.95,--,103,81885,卖盘
1310,13:50:51,7.95,--,1644,1306980,卖盘
1311,13:50:48,7.95,--,326,259170,卖盘
1312,13:50:45,7.95,--,88,69960,卖盘
1313,13:50:42,7.95,--,40,31800,卖盘
1314,13:50:39,7.95,--,2903,2307885,卖盘
1315,13:50:36,7.95,-0.01,252,200340,卖盘
1316,13:50:33,7.96,--,90,71640,买盘
1317,13:50:30,7.96,0.01,31,24676,买盘
1318,13:50:27,7.95,-0.01,2101,1670295,卖盘
1319,13:50:24,7.96,0.01,192,152832,买盘
1320,13:50:21,7.95,--,101,80295,卖盘
1321,13:50:18,7.95,-0.01,31,24645,卖盘
1322,13:50:15,7.96,--,401,319196,买盘
1323,13:50:12,7.96,--,144,114624,买盘
1324,13:50:09,7.96,--,84,66864,买盘
1325,13:50:06,7.96,--,80,63680,买盘
1326,13:50:03,7.96,--,1797,1430905,卖盘
1327,13:50:00,7.96,--,535,425860,卖盘
1328,13:49:57,7.96,--,2388,1900848,卖盘
1329,13:49:54,7.96,--,230,183080,卖盘
1330,13:49:51,7.96,--,466,370936,卖盘
1331,13:49:48,7.96,--,270,214920,卖盘
1332,13:49:45,7.96,-0.01,144,114624,卖盘
1333,13:49:42,7.97,--,134,106798,买盘
1334,13:49:39,7.97,--,489,389733,买盘
1335,13:49:36,7.97,--,114,90858,买盘
1336,13:49:33,7.97,0.01,52,41444,买盘
1337,13:49:30,7.96,-0.01,284,226064,卖盘
1338,13:49:27,7.97,--,645,514065,买盘
1339,13:49:24,7.97,0.01,432,344304,买盘
1340,13:49:21,7.96,-0.01,201,159996,卖盘
1341,13:49:18,7.97,--,146,116362,买盘
1342,13:49:15,7.97,--,67,53399,买盘
1343,13:49:12,7.97,--,239,190483,卖盘
1344,13:49:09,7.97,--,247,196859,卖盘
1345,13:49:06,7.97,--,112,89264,卖盘
1346,13:49:03,7.97,--,23,18331,卖盘
1347,13:49:00,7.97,0.01,246,196062,中性盘
1348,13:48:57,7.96,--,1362,1084454,卖盘
1349,13:48:54,7.96,--,267,212532,卖盘
1350,13:48:51,7.96,-0.01,1064,846944,卖盘
1351,13:48:48,7.97,0.01,567,451899,买盘
1352,13:48:45,7.96,-0.01,84,66864,卖盘
1353,13:48:42,7.97,--,209,166676,卖盘
1354,13:48:39,7.97,--,7,5579,卖盘
1355,13:48:36,7.97,--,64,51701,买盘
1356,13:48:33,7.97,--,177,141069,卖盘
1357,13:48:30,7.97,--,66,52602,买盘
1358,13:48:27,7.97,--,124,98828,买盘
1359,13:48:24,7.97,--,195,155415,买盘
1360,13:48:21,7.97,--,127,101219,买盘
1361,13:48:18,7.97,0.01,191,152227,买盘
1362,13:48:15,7.96,-0.01,17,13532,卖盘
1363,13:48:12,7.97,--,57,45429,买盘
1364,13:48:09,7.97,--,143,113971,买盘
1365,13:48:06,7.97,--,40,31880,买盘
1366,13:48:03,7.97,--,63,50211,买盘
1367,13:48:00,7.97,-0.01,184,146648,卖盘
1368,13:47:57,7.98,0.01,277,221046,买盘
1369,13:47:54,7.97,--,61,48617,卖盘
1370,13:47:51,7.97,0.01,26,20722,卖盘
1371,13:47:48,7.96,-0.01,300,238800,卖盘
1372,13:47:45,7.97,--,299,238303,买盘
1373,13:47:42,7.97,--,106,84482,买盘
1374,13:47:39,7.97,--,586,467042,买盘
1375,13:47:36,7.97,--,280,223160,买盘
1376,13:47:33,7.97,--,119,94843,买盘
1377,13:47:30,7.97,--,115,91655,买盘
1378,13:47:27,7.97,0.01,17,13549,买盘
1379,13:47:24,7.96,-0.01,63,50148,卖盘
1380,13:47:21,7.97,--,135,107595,卖盘
1381,13:47:18,7.97,--,250,199250,卖盘
1382,13:47:15,7.97,--,328,261416,卖盘
1383,13:47:12,7.97,--,220,175340,卖盘
1384,13:47:09,7.97,--,221,176137,卖盘
1385,13:47:06,7.97,-0.01,315,251055,卖盘
1386,13:47:03,7.98,--,743,592914,买盘
1387,13:47:00,7.98,0.01,66,52668,买盘
1388,13:46:57,7.97,--,354,282138,卖盘
1389,13:46:54,7.97,--,443,353071,卖盘
1390,13:46:51,7.97,--,400,318800,卖盘
1391,13:46:48,7.97,--,165,131505,卖盘
1392,13:46:45,7.97,0.01,782,623254,买盘
1393,13:46:42,7.96,-0.01,27,21492,卖盘
1394,13:46:39,7.97,--,199,158603,卖盘
1395,13:46:36,7.97,--,638,508486,卖盘
1396,13:46:33,7.97,-0.01,924,736428,卖盘
1397,13:46:30,7.98,0.01,559,446082,买盘
1398,13:46:27,7.97,--,752,599344,卖盘
1399,13:46:24,7.97,--,186,148242,卖盘
1400,13:46:21,7.97,--,512,408064,卖盘
1401,13:46:18,7.97,-0.01,115,91655,卖盘
1402,13:46:15,7.98,0.01,194,154812,买盘
1403,13:46:12,7.97,--,2,1594,卖盘
1404,13:46:09,7.97,-0.01,128,102016,卖盘
1405,13:46:06,7.98,--,54,43092,买盘
1406,13:46:03,7.98,--,1586,1266034,卖盘
1407,13:46:00,7.98,--,1153,920094,卖盘
1408,13:45:57,7.98,--,94,75012,卖盘
1409,13:45:54,7.98,--,629,501942,卖盘
1410,13:45:51,7.98,--,47,37506,卖盘
1411,13:45:48,7.98,--,1,798,卖盘
1412,13:45:45,7.98,--,441,351918,卖盘
1413,13:45:42,7.98,-0.01,34,27132,卖盘
1414,13:45:39,7.99,0.01,23,18377,买盘
1415,13:45:36,7.98,--,60,47880,卖盘
1416,13:45:33,7.98,-0.01,545,434910,卖盘
1417,13:45:30,7.99,--,53,42347,买盘
1418,13:45:27,7.99,0.01,246,196554,买盘
1419,13:45:24,7.98,--,47,37506,卖盘
1420,13:45:21,7.98,-0.01,307,244986,卖盘
1421,13:45:18,7.99,0.01,269,214931,买盘
1422,13:45:15,7.98,--,1184,944832,卖盘
1423,13:45:12,7.98,-0.01,138,110124,卖盘
1424,13:45:09,7.99,0.01,36,28764,买盘
1425,13:45:06,7.98,-0.01,533,425334,卖盘
1426,13:45:03,7.99,--,178,142222,买盘
1427,13:45:00,7.99,--,36,28764,买盘
1428,13:44:57,7.99,--,1270,1014730,买盘
1429,13:44:54,7.99,--,75,59925,买盘
1430,13:44:51,7.99,0.01,97,77503,买盘
1431,13:44:48,7.98,-0.01,100,79800,卖盘
1432,13:44:45,7.99,--,47,37553,买盘
1433,13:44:42,7.99,--,7,5593,买盘
1434,13:44:39,7.99,0.01,329,262871,买盘
1435,13:44:36,7.98,-0.01,101,80598,卖盘
1436,13:44:33,7.99,--,238,190162,买盘
1437,13:44:30,7.99,0.01,69,55131,买盘
1438,13:44:27,7.98,-0.01,146,116508,卖盘
1439,13:44:24,7.99,0.01,47,37553,买盘
1440,13:44:21,7.98,-0.01,223,177954,卖盘
1441,13:44:18,7.99,--,100,79900,买盘
1442,13:44:15,7.99,--,57,45543,买盘
1443,13:44:12,7.99,--,34,27166,买盘
1444,13:44:09,7.99,-0.01,360,287640,卖盘
1445,13:44:06,8.0,--,489,391200,买盘
1446,13:44:03,8.0,0.01,20,16000,买盘
1447,13:44:00,7.99,-0.01,726,580074,卖盘
1448,13:43:57,8.0,0.01,11,8800,买盘
1449,13:43:54,7.99,--,96,76704,卖盘
1450,13:43:51,7.99,--,53,42347,卖盘
1451,13:43:48,7.99,--,659,526541,卖盘
1452,13:43:45,7.99,--,12,9588,卖盘
1453,13:43:42,7.99,-0.01,137,109463,卖盘
1454,13:43:39,8.0,--,10,8000,买盘
1455,13:43:36,8.0,0.01,70,56000,买盘
1456,13:43:33,7.99,-0.01,73,58327,卖盘
1457,13:43:30,8.0,0.01,41,32800,买盘
1458,13:43:27,7.99,--,27,21573,卖盘
1459,13:43:21,7.99,-0.01,206,164594,卖盘
1460,13:43:18,8.0,--,33,26400,买盘
1461,13:43:15,8.0,--,19,15200,买盘
1462,13:43:12,8.0,--,186,148800,买盘
1463,13:43:09,8.0,--,163,130400,买盘
1464,13:43:06,8.0,--,39,31200,买盘
1465,13:43:03,8.0,--,67,53600,买盘
1466,13:43:00,8.0,--,431,345192,买盘
1467,13:42:57,8.0,--,1160,928000,买盘
1468,13:42:54,8.0,0.01,54,43200,买盘
1469,13:42:51,7.99,--,15,11985,卖盘
1470,13:42:48,7.99,-0.01,169,135031,卖盘
1471,13:42:45,8.0,--,52,41600,买盘
1472,13:42:42,8.0,--,49,39200,买盘
1473,13:42:39,8.0,--,10,8000,买盘
1474,13:42:36,8.0,--,89,71200,买盘
1475,13:42:33,8.0,--,61,48800,买盘
1476,13:42:30,8.0,0.01,100,80000,买盘
1477,13:42:27,7.99,--,125,99875,卖盘
1478,13:42:24,7.99,--,18,14382,卖盘
1479,13:42:21,7.99,-0.01,149,119051,卖盘
1480,13:42:18,8.0,0.01,296,236800,买盘
1481,13:42:15,7.99,--,194,155006,卖盘
1482,13:42:12,7.99,--,103,82297,卖盘
1483,13:42:09,7.99,-0.01,191,152609,卖盘
1484,13:42:06,8.0,0.01,180,144000,买盘
1485,13:42:03,7.99,-0.01,18,14382,卖盘
1486,13:42:00,8.0,0.01,125,100000,买盘
1487,13:41:57,7.99,-0.01,35,27965,卖盘
1488,13:41:54,8.0,0.01,77,61600,买盘
1489,13:41:48,7.99,--,64,51543,买盘
1490,13:41:45,7.99,--,192,153799,卖盘
1491,13:41:42,7.99,0.01,592,473415,买盘
1492,13:41:39,7.98,-0.01,78,62244,卖盘
1493,13:41:36,7.99,--,328,262072,买盘
1494,13:41:33,7.99,--,79,63121,买盘
1495,13:41:30,7.99,--,2672,2134928,卖盘
1496,13:41:27,7.99,-0.01,17,13583,卖盘
1497,13:41:24,8.0,0.01,25,20000,买盘
1498,13:41:21,7.99,--,91,72709,卖盘
1499,13:41:18,7.99,-0.01,106,84694,卖盘
1500,13:41:15,8.0,--,72,57600,买盘
1501,13:41:12,8.0,--,541,432800,买盘
1502,13:41:09,8.0,--,136,108800,买盘
1503,13:41:06,8.0,--,10,8000,买盘
1504,13:41:03,8.0,0.01,69,55200,买盘
1505,13:41:00,7.99,-0.01,725,579275,卖盘
1506,13:40:57,8.0,--,80,64000,买盘
1507,13:40:54,8.0,0.01,60,48000,买盘
1508,13:40:51,7.99,-0.01,95,75905,卖盘
1509,13:40:48,8.0,--,46,36800,买盘
1510,13:40:45,8.0,0.01,30,24000,买盘
1511,13:40:42,7.99,-0.01,201,160599,卖盘
1512,13:40:39,8.0,--,76,60800,买盘
1513,13:40:36,8.0,--,218,174400,买盘
1514,13:40:33,8.0,--,19,15200,买盘
1515,13:40:30,8.0,0.01,671,536800,买盘
1516,13:40:27,7.99,-0.01,266,212534,卖盘
1517,13:40:24,8.0,--,199,159200,买盘
1518,13:40:21,8.0,--,200,160000,买盘
1519,13:40:18,8.0,0.01,1294,1035200,买盘
1520,13:40:15,7.99,-0.01,315,251685,卖盘
1521,13:40:12,8.0,--,1001,800800,买盘
1522,13:40:09,8.0,0.01,65,52000,买盘
1523,13:40:06,7.99,--,376,300424,卖盘
1524,13:40:03,7.99,--,515,411485,卖盘
1525,13:40:00,7.99,-0.01,93,74307,卖盘
1526,13:39:57,8.0,--,22,17600,买盘
1527,13:39:54,8.0,0.01,5,4000,买盘
1528,13:39:51,7.99,--,289,230911,卖盘
1529,13:39:48,7.99,--,6,4794,卖盘
1530,13:39:45,7.99,-0.01,178,142222,卖盘
1531,13:39:42,8.0,0.01,99,79200,买盘
1532,13:39:39,7.99,--,97,77503,卖盘
1533,13:39:36,7.99,-0.01,623,497777,卖盘
1534,13:39:33,8.0,0.01,39,31200,买盘
1535,13:39:30,7.99,-0.01,118,94282,卖盘
1536,13:39:27,8.0,0.01,534,427200,买盘
1537,13:39:24,7.99,-0.01,104,83096,卖盘
1538,13:39:21,8.0,0.01,1158,926400,买盘
1539,13:39:18,7.99,-0.01,4,3196,卖盘
1540,13:39:15,8.0,--,115,92000,买盘
1541,13:39:12,8.0,--,621,496800,买盘
1542,13:39:09,8.0,--,209,167200,买盘
1543,13:39:06,8.0,--,2636,2108800,买盘
1544,13:39:03,8.0,--,289,231200,买盘
1545,13:39:00,8.0,--,36,28800,买盘
1546,13:38:57,8.0,--,56,44800,买盘
1547,13:38:54,8.0,--,64,51200,买盘
1548,13:38:51,8.0,--,86,68800,买盘
1549,13:38:48,8.0,--,54,43200,买盘
1550,13:38:45,8.0,0.01,3,2400,买盘
1551,13:38:42,7.99,--,12,9588,卖盘
1552,13:38:39,7.99,--,608,485792,卖盘
1553,13:38:33,7.99,-0.01,460,367540,卖盘
1554,13:38:30,8.0,0.01,15,12000,买盘
1555,13:38:27,7.99,-0.01,71,56729,卖盘
1556,13:38:24,8.0,0.01,74,59200,买盘
1557,13:38:21,7.99,-0.01,292,233308,卖盘
1558,13:38:18,8.0,--,205,164000,买盘
1559,13:38:15,8.0,--,30,24000,买盘
1560,13:38:12,8.0,0.01,61,48800,买盘
1561,13:38:09,7.99,-0.01,1066,851734,卖盘
1562,13:38:06,8.0,0.01,99,79200,买盘
1563,13:38:03,7.99,--,390,311610,卖盘
1564,13:38:00,7.99,-0.01,346,276454,卖盘
1565,13:37:57,8.0,--,39,31200,买盘
1566,13:37:54,8.0,0.01,63,50400,买盘
1567,13:37:51,7.99,--,362,289238,卖盘
1568,13:37:48,7.99,--,37,29563,卖盘
1569,13:37:45,7.99,0.01,159,127041,中性盘
1570,13:37:42,7.98,-0.01,977,779646,卖盘
1571,13:37:39,7.99,0.01,505,403495,买盘
1572,13:37:36,7.98,-0.01,449,358302,卖盘
1573,13:37:33,7.99,--,153,122247,买盘
1574,13:37:30,7.99,--,645,515355,买盘
1575,13:37:27,7.99,--,177,141423,买盘
1576,13:37:24,7.99,--,44,35156,买盘
1577,13:37:21,7.99,-0.01,3453,2758947,卖盘
1578,13:37:18,8.0,--,1280,1024392,买盘
1579,13:37:15,8.0,0.01,588,470400,买盘
1580,13:37:12,7.99,--,138,110262,卖盘
1581,13:37:09,7.99,-0.01,807,644793,卖盘
1582,13:37:06,8.0,0.01,2759,2207200,买盘
1583,13:37:03,7.99,--,135,107865,卖盘
1584,13:37:00,7.99,--,116,92684,卖盘
1585,13:36:57,7.99,-0.02,5947,4751653,卖盘
1586,13:36:54,8.01,0.01,3553,2845953,买盘
1587,13:36:51,8.0,--,4087,3269600,卖盘
1588,13:36:48,8.0,--,2003,1602400,卖盘
1589,13:36:45,8.0,--,5455,4364000,卖盘
1590,13:36:42,8.0,-0.01,117,93600,卖盘
1591,13:36:39,8.01,--,20,16020,买盘
1592,13:36:36,8.01,--,100,80100,买盘
1593,13:36:33,8.01,--,1122,899282,卖盘
1594,13:36:30,8.01,-0.01,10077,8071677,卖盘
1595,13:36:27,8.02,--,296,237392,买盘
1596,13:36:24,8.02,0.01,48,38496,买盘
1597,13:36:21,8.01,-0.01,216,173016,卖盘
1598,13:36:18,8.02,--,252,202513,卖盘
1599,13:36:15,8.02,--,135,108270,卖盘
1600,13:36:12,8.02,--,4768,3823936,卖盘
1601,13:36:09,8.02,--,2194,1759588,卖盘
1602,13:36:06,8.02,--,591,473982,卖盘
1603,13:36:03,8.02,--,708,567816,卖盘
1604,13:36:00,8.02,-0.01,3088,2476576,卖盘
1605,13:35:57,8.03,0.01,1104,886511,买盘
1606,13:35:54,8.02,-0.01,182,145964,卖盘
1607,13:35:51,8.03,0.01,205,164615,买盘
1608,13:35:42,8.02,--,608,487616,卖盘
1609,13:35:39,8.02,--,12,9624,卖盘
1610,13:35:36,8.02,-0.01,46,36892,卖盘
1611,13:35:33,8.03,--,138,110813,买盘
1612,13:35:30,8.03,0.01,503,403908,买盘
1613,13:35:27,8.02,--,31,24862,卖盘
1614,13:35:24,8.02,--,261,209322,卖盘
1615,13:35:21,8.02,--,21,16842,卖盘
1616,13:35:18,8.02,--,39,31278,卖盘
1617,13:35:15,8.02,--,73,58546,卖盘
1618,13:35:12,8.02,--,70,56140,卖盘
1619,13:35:09,8.02,-0.01,71,56942,卖盘
1620,13:35:06,8.03,--,15,12044,买盘
1621,13:35:03,8.03,--,162,130085,买盘
1622,13:35:00,8.03,--,78,62633,买盘
1623,13:34:57,8.03,--,47,37741,买盘
1624,13:34:54,8.03,-0.01,727,584206,卖盘
1625,13:34:51,8.04,0.01,83,66732,买盘
1626,13:34:48,8.03,--,130,104389,卖盘
1627,13:34:45,8.03,--,22,17666,卖盘
1628,13:34:42,8.03,--,1174,942721,卖盘
1629,13:34:39,8.03,-0.01,47,37741,卖盘
1630,13:34:36,8.04,--,129,103715,买盘
1631,13:34:33,8.04,0.01,33,26531,买盘
1632,13:34:30,8.03,--,7,5621,卖盘
1633,13:34:27,8.03,-0.01,10,8029,卖盘
1634,13:34:24,8.04,0.01,1,803,买盘
1635,13:34:21,8.03,--,1,802,卖盘
1636,13:34:18,8.03,-0.01,147,118040,卖盘
1637,13:34:15,8.04,0.01,107,86027,买盘
1638,13:34:12,8.03,-0.01,186,149358,卖盘
1639,13:34:09,8.04,0.01,35,28139,买盘
1640,13:34:06,8.03,--,55,44165,卖盘
1641,13:34:03,8.03,--,151,121252,卖盘
1642,13:34:00,8.03,-0.01,21,16863,卖盘
1643,13:33:57,8.04,0.01,62,49847,买盘
1644,13:33:54,8.03,--,116,93147,卖盘
1645,13:33:51,8.03,--,80,64239,卖盘
1646,13:33:48,8.03,--,87,69861,卖盘
1647,13:33:45,8.03,--,31,24892,卖盘
1648,13:33:42,8.03,--,142,114025,卖盘
1649,13:33:39,8.03,-0.01,119,95556,卖盘
1650,13:33:36,8.04,0.01,33,26531,买盘
1651,13:33:33,8.03,-0.01,30,24089,卖盘
1652,13:33:30,8.04,0.01,18,14616,买盘
1653,13:33:27,8.03,--,98,78886,卖盘
1654,13:33:24,8.03,--,70,56209,卖盘
1655,13:33:21,8.03,--,773,620719,卖盘
1656,13:33:18,8.03,--,220,176660,卖盘
1657,13:33:15,8.03,--,88,70664,卖盘
1658,13:33:12,8.03,--,6325,5078975,卖盘
1659,13:33:09,8.03,-0.01,9,7226,卖盘
1660,13:33:06,8.04,--,223,179291,买盘
1661,13:33:03,8.04,--,37,29747,买盘
1662,13:33:00,8.04,--,122,98087,买盘
1663,13:32:57,8.04,0.01,41,32964,买盘
1664,13:32:54,8.03,-0.01,83,66649,卖盘
1665,13:32:51,8.04,--,31,24923,买盘
1666,13:32:48,8.04,--,108,86831,买盘
1667,13:32:45,8.04,--,3358,2699831,卖盘
1668,13:32:42,8.04,--,77,61907,卖盘
1669,13:32:39,8.04,--,5,4019,卖盘
1670,13:32:36,8.04,--,27,21707,卖盘
1671,13:32:33,8.04,--,178,143111,卖盘
1672,13:32:30,8.04,--,56,45023,卖盘
1673,13:32:27,8.04,--,19,15275,卖盘
1674,13:32:24,8.04,--,58,46631,卖盘
1675,13:32:21,8.04,--,74,59495,卖盘
1676,13:32:18,8.04,--,4,3215,卖盘
1677,13:32:15,8.04,--,41,32964,卖盘
1678,13:32:12,8.04,--,5,4019,卖盘
1679,13:32:09,8.04,--,199,159995,卖盘
1680,13:32:03,8.04,--,11,8843,卖盘
1681,13:32:00,8.04,-0.01,123,98891,卖盘
1682,13:31:57,8.05,--,30,24150,买盘
1683,13:31:51,8.05,0.01,1,805,买盘
1684,13:31:48,8.04,--,148,118991,卖盘
1685,13:31:45,8.04,--,81,65123,卖盘
1686,13:31:42,8.04,--,13,10451,卖盘
1687,13:31:39,8.04,--,126,101303,卖盘
1688,13:31:36,8.04,--,206,165623,卖盘
1689,13:31:33,8.04,--,24,19295,卖盘
1690,13:31:30,8.04,-0.01,51,41003,卖盘
1691,13:31:27,8.05,--,82,66010,买盘
1692,13:31:24,8.05,0.01,3,2415,买盘
1693,13:31:21,8.04,--,31,24923,卖盘
1694,13:31:18,8.04,--,3,2411,卖盘
1695,13:31:15,8.04,-0.01,97,77987,卖盘
1696,13:31:09,8.05,--,6,4830,买盘
1697,13:31:06,8.05,--,999,804766,卖盘
1698,13:31:03,8.05,-0.01,90,72450,卖盘
1699,13:31:00,8.06,0.01,39,31434,买盘
1700,13:30:57,8.05,-0.01,296,238280,卖盘
1701,13:30:54,8.06,0.01,117,94302,买盘
1702,13:30:51,8.05,--,86,69230,卖盘
1703,13:30:48,8.05,--,205,165025,卖盘
1704,13:30:45,8.05,--,380,305900,卖盘
1705,13:30:42,8.05,-0.01,210,169050,卖盘
1706,13:30:39,8.06,0.01,14,11284,买盘
1707,13:30:36,8.05,--,506,407330,卖盘
1708,13:30:33,8.05,--,84,67620,卖盘
1709,13:30:30,8.05,--,2625,2113125,卖盘
1710,13:30:27,8.05,--,65,52325,卖盘
1711,13:30:21,8.05,--,130,104650,卖盘
1712,13:30:18,8.05,-0.01,5,4025,卖盘
1713,13:30:15,8.06,--,27,21762,买盘
1714,13:30:12,8.06,0.01,3010,2426060,买盘
1715,13:30:09,8.05,-0.01,75,60375,卖盘
1716,13:30:06,8.06,0.01,4,3224,买盘
1717,13:30:03,8.05,--,100,81103,卖盘
1718,13:30:00,8.05,--,76,61180,卖盘
1719,13:29:57,8.05,-0.01,108,86940,卖盘
1720,13:29:54,8.06,0.01,32,25792,买盘
1721,13:29:51,8.05,--,40,32200,卖盘
1722,13:29:48,8.05,-0.01,102,82110,卖盘
1723,13:29:45,8.06,0.01,35,28210,买盘
1724,13:29:42,8.05,-0.01,25,20125,卖盘
1725,13:29:36,8.06,0.01,167,134602,买盘
1726,13:29:33,8.05,-0.01,7,5635,卖盘
1727,13:29:30,8.06,0.01,13,10478,买盘
1728,13:29:27,8.05,--,29,23345,卖盘
1729,13:29:24,8.05,--,86,69230,卖盘
1730,13:29:21,8.05,-0.01,17,14119,卖盘
1731,13:29:18,8.06,--,48,38688,买盘
1732,13:29:15,8.06,--,89,71734,买盘
1733,13:29:12,8.06,0.01,66,53196,买盘
1734,13:29:06,8.05,-0.01,7,5635,卖盘
1735,13:29:03,8.06,--,118,95108,买盘
1736,13:29:00,8.06,--,1,806,买盘
1737,13:28:57,8.06,0.01,39,31434,买盘
1738,13:28:54,8.05,--,30,24150,卖盘
1739,13:28:51,8.05,-0.01,88,70840,卖盘
1740,13:28:45,8.06,--,5,4030,买盘
1741,13:28:42,8.06,0.01,8,6448,买盘
1742,13:28:39,8.05,--,79,63595,卖盘
1743,13:28:33,8.05,-0.01,9,7245,卖盘
1744,13:28:30,8.06,--,100,80600,买盘
1745,13:28:27,8.06,0.01,6,4836,买盘
1746,13:28:24,8.05,-0.01,15,12075,卖盘
1747,13:28:21,8.06,--,418,336908,买盘
1748,13:28:18,8.06,--,182,146692,买盘
1749,13:28:15,8.06,--,30,24180,买盘
1750,13:28:12,8.06,--,1,806,买盘
1751,13:28:09,8.06,0.01,1,806,买盘
1752,13:28:06,8.05,--,105,84525,卖盘
1753,13:28:03,8.05,-0.01,4,3220,卖盘
1754,13:28:00,8.06,--,54,43524,买盘
1755,13:27:57,8.06,--,138,111228,买盘
1756,13:27:54,8.06,--,446,359887,卖盘
1757,13:27:51,8.06,--,170,137020,卖盘
1758,13:27:48,8.06,-0.01,162,130572,卖盘
1759,13:27:45,8.07,0.01,134,108138,买盘
1760,13:27:42,8.06,-0.01,1,806,卖盘
1761,13:27:39,8.07,--,34,27438,买盘
1762,13:27:36,8.07,0.01,171,137997,买盘
1763,13:27:33,8.06,-0.01,45,36270,卖盘
1764,13:27:30,8.07,--,45,36315,买盘
1765,13:27:27,8.07,--,1,807,买盘
1766,13:27:24,8.07,0.01,550,443850,买盘
1767,13:27:21,8.06,--,7,5642,卖盘
1768,13:27:18,8.06,--,35,28604,卖盘
1769,13:27:12,8.06,-0.01,86,69316,卖盘
1770,13:27:09,8.07,0.01,9,7263,买盘
1771,13:27:06,8.06,-0.01,21,16926,卖盘
1772,13:27:03,8.07,0.01,19,15333,买盘
1773,13:27:00,8.06,-0.01,81,65286,卖盘
1774,13:26:57,8.07,--,45,36315,买盘
1775,13:26:54,8.07,--,17,13719,买盘
1776,13:26:51,8.07,--,164,132348,买盘
1777,13:26:48,8.07,0.01,5,4035,买盘
1778,13:26:45,8.06,--,67,54002,卖盘
1779,13:26:42,8.06,--,16,12896,卖盘
1780,13:26:39,8.06,-0.01,78,62868,卖盘
1781,13:26:36,8.07,--,5,4035,买盘
1782,13:26:33,8.07,--,78,62946,买盘
1783,13:26:30,8.07,0.01,13,10491,买盘
1784,13:26:27,8.06,--,88,70928,卖盘
1785,13:26:24,8.06,--,2,1612,卖盘
1786,13:26:21,8.06,-0.01,7,5642,卖盘
1787,13:26:18,8.07,--,120,96840,买盘
1788,13:26:15,8.07,--,3,2421,买盘
1789,13:26:12,8.07,--,30,24210,买盘
1790,13:26:09,8.07,--,4,3228,买盘
1791,13:26:06,8.07,--,241,194487,卖盘
1792,13:26:03,8.07,--,2,1614,卖盘
1793,13:26:00,8.07,--,24,19368,卖盘
1794,13:25:57,8.07,--,10,8070,卖盘
1795,13:25:54,8.07,-0.01,92,74244,卖盘
1796,13:25:51,8.08,0.01,64,51712,买盘
1797,13:25:48,8.07,0.01,2059,1661790,买盘
1798,13:25:45,8.06,-0.01,1072,864491,卖盘
1799,13:25:42,8.07,--,6,4842,买盘
1800,13:25:36,8.07,0.01,96,77609,买盘
1801,13:25:33,8.06,--,79,63674,卖盘
1802,13:25:30,8.06,--,129,103974,卖盘
1803,13:25:27,8.06,--,85,68510,卖盘
1804,13:25:24,8.06,--,47,37882,卖盘
1805,13:25:21,8.06,-0.01,84,67704,卖盘
1806,13:25:18,8.07,0.01,112,90384,买盘
1807,13:25:15,8.06,-0.01,89,72459,卖盘
1808,13:25:12,8.07,--,109,87963,买盘
1809,13:25:09,8.07,--,1,807,买盘
1810,13:25:06,8.07,0.01,3,2421,买盘
1811,13:25:03,8.06,--,334,269204,卖盘
1812,13:25:00,8.06,--,207,166842,卖盘
1813,13:24:57,8.06,-0.01,177,142662,卖盘
1814,13:24:54,8.07,0.01,63,50841,买盘
1815,13:24:51,8.06,--,586,472316,卖盘
1816,13:24:48,8.06,-0.01,98,78988,卖盘
1817,13:24:45,8.07,--,50,40350,买盘
1818,13:24:42,8.07,0.01,93,75051,买盘
1819,13:24:39,8.06,-0.01,289,232934,卖盘
1820,13:24:36,8.07,0.01,3,2421,买盘
1821,13:24:33,8.06,-0.01,49,39494,卖盘
1822,13:24:30,8.07,0.01,56,45192,买盘
1823,13:24:27,8.06,--,91,73346,卖盘
1824,13:24:24,8.06,-0.01,8,6448,卖盘
1825,13:24:21,8.07,0.01,122,98454,买盘
1826,13:24:15,8.06,-0.01,2292,1847352,卖盘
1827,13:24:12,8.07,--,60,48420,买盘
1828,13:24:06,8.07,--,116,93612,买盘
1829,13:24:03,8.07,--,35,28245,买盘
1830,13:24:00,8.07,--,19,15333,买盘
1831,13:23:57,8.07,--,864,697248,卖盘
1832,13:23:54,8.07,--,84,67788,卖盘
1833,13:23:51,8.07,-0.01,115,92805,卖盘
1834,13:23:45,8.08,0.01,80,64640,买盘
1835,13:23:42,8.07,--,102,82314,卖盘
1836,13:23:39,8.07,-0.01,1024,826368,卖盘
1837,13:23:36,8.08,0.01,25,20200,买盘
1838,13:23:33,8.07,-0.01,249,200943,卖盘
1839,13:23:30,8.08,--,7,5656,买盘
1840,13:23:27,8.08,--,118,95344,买盘
1841,13:23:24,8.08,--,146,117968,买盘
1842,13:23:21,8.08,--,190,153520,买盘
1843,13:23:18,8.08,--,50,40400,买盘
1844,13:23:15,8.08,--,16,12928,买盘
1845,13:23:12,8.08,0.01,24,19392,买盘
1846,13:23:09,8.07,-0.02,418,337326,卖盘
1847,13:23:06,8.09,0.01,98,79282,买盘
1848,13:23:03,8.08,--,1,808,卖盘
1849,13:23:00,8.08,-0.01,166,134128,卖盘
1850,13:22:54,8.09,--,123,99507,买盘
1851,13:22:51,8.09,0.01,10,8090,买盘
1852,13:22:48,8.08,-0.01,118,95344,中性盘
1853,13:22:45,8.09,0.02,59,47731,买盘
1854,13:22:42,8.07,--,7,5649,卖盘
1855,13:22:39,8.07,--,2,1614,卖盘
1856,13:22:36,8.07,-0.02,312,251784,卖盘
1857,13:22:33,8.09,0.01,84,67956,买盘
1858,13:22:30,8.08,0.01,200,161600,买盘
1859,13:22:27,8.07,--,183,147681,卖盘
1860,13:22:24,8.07,--,419,338133,卖盘
1861,13:22:21,8.07,-0.02,1,807,卖盘
1862,13:22:18,8.09,0.01,601,486209,买盘
1863,13:22:15,8.08,--,130,105040,买盘
1864,13:22:12,8.08,--,126,101808,买盘
1865,13:22:09,8.08,0.01,74,59792,买盘
1866,13:22:06,8.07,--,15,12105,卖盘
1867,13:22:03,8.07,-0.01,137,110559,卖盘
1868,13:22:00,8.08,0.01,200,161600,买盘
1869,13:21:57,8.07,-0.01,25,20175,卖盘
1870,13:21:54,8.08,--,99,79992,买盘
1871,13:21:51,8.08,--,115,92920,买盘
1872,13:21:48,8.08,--,248,200384,买盘
1873,13:21:45,8.08,0.01,32,25856,买盘
1874,13:21:42,8.07,-0.01,295,238065,卖盘
1875,13:21:39,8.08,0.01,1,808,买盘
1876,13:21:36,8.07,-0.01,2,1614,卖盘
1877,13:21:33,8.08,--,28,22624,买盘
1878,13:21:30,8.08,--,88,71104,买盘
1879,13:21:27,8.08,0.01,13,10504,买盘
1880,13:21:24,8.07,--,29,23403,卖盘
1881,13:21:21,8.07,--,110,88770,卖盘
1882,13:21:18,8.07,--,2416,1949712,卖盘
1883,13:21:15,8.07,--,3,2421,卖盘
1884,13:21:12,8.07,-0.01,84,67788,卖盘
1885,13:21:09,8.08,--,129,104232,买盘
1886,13:21:06,8.08,0.01,7,5656,买盘
1887,13:21:03,8.07,--,77,62139,卖盘
1888,13:21:00,8.07,--,174,140418,卖盘
1889,13:20:57,8.07,--,666,537462,买盘
1890,13:20:54,8.07,0.01,6,4842,买盘
1891,13:20:51,8.06,-0.01,13,10478,卖盘
1892,13:20:48,8.07,--,10,8070,买盘
1893,13:20:45,8.07,0.01,217,175119,买盘
1894,13:20:42,8.06,-0.01,3,2418,卖盘
1895,13:20:39,8.07,--,4,3228,买盘
1896,13:20:36,8.07,--,2097,1692279,买盘
1897,13:20:33,8.07,--,1,807,买盘
1898,13:20:30,8.07,--,17,13719,买盘
1899,13:20:27,8.07,--,70,56490,买盘
1900,13:20:24,8.07,0.01,235,189645,买盘
1901,13:20:21,8.06,--,33,26598,卖盘
1902,13:20:18,8.06,--,21,16926,卖盘
1903,13:20:15,8.06,--,3,2418,卖盘
1904,13:20:12,8.06,--,86,69316,卖盘
1905,13:20:09,8.06,-0.01,2,1612,卖盘
1906,13:20:06,8.07,0.01,2011,1622877,买盘
1907,13:20:03,8.06,-0.01,114,91884,卖盘
1908,13:19:57,8.07,0.01,2,1614,买盘
1909,13:19:54,8.06,-0.01,32,25792,卖盘
1910,13:19:51,8.07,0.01,116,93612,买盘
1911,13:19:48,8.06,-0.01,66,53196,卖盘
1912,13:19:45,8.07,0.01,15,12105,买盘
1913,13:19:42,8.06,--,60,48360,卖盘
1914,13:19:39,8.06,-0.01,82,66092,卖盘
1915,13:19:36,8.07,--,44,35508,买盘
1916,13:19:33,8.07,0.01,22,17754,买盘
1917,13:19:30,8.06,--,77,62062,卖盘
1918,13:19:27,8.06,-0.01,10,8060,卖盘
1919,13:19:24,8.07,0.01,5,4035,买盘
1920,13:19:21,8.06,--,134,108004,卖盘
1921,13:19:18,8.06,--,97,78182,卖盘
1922,13:19:12,8.06,--,101,81406,卖盘
1923,13:19:09,8.06,--,100,80600,卖盘
1924,13:19:06,8.06,-0.01,75,60450,卖盘
1925,13:19:03,8.07,--,3,2421,买盘
1926,13:19:00,8.07,0.01,23,18561,买盘
1927,13:18:57,8.06,-0.01,117,94302,卖盘
1928,13:18:54,8.07,--,3,2421,买盘
1929,13:18:51,8.07,--,1,807,买盘
1930,13:18:48,8.07,--,25,20175,买盘
1931,13:18:45,8.07,--,149,120243,买盘
1932,13:18:42,8.07,--,142,114594,买盘
1933,13:18:39,8.07,0.01,1,807,买盘
1934,13:18:36,8.06,--,5,4030,卖盘
1935,13:18:33,8.06,-0.01,86,69316,卖盘
1936,13:18:30,8.07,0.01,21,16947,买盘
1937,13:18:27,8.06,-0.01,9,7254,卖盘
1938,13:18:24,8.07,0.01,86,69402,买盘
1939,13:18:21,8.06,-0.01,1,806,卖盘
1940,13:18:18,8.07,--,89,71823,买盘
1941,13:18:15,8.07,--,26,20982,买盘
1942,13:18:12,8.07,--,94,75858,买盘
1943,13:18:09,8.07,0.01,5,4035,买盘
1944,13:18:03,8.06,--,7,5642,卖盘
1945,13:18:00,8.06,--,87,70122,卖盘
1946,13:17:57,8.06,-0.01,66,53196,卖盘
1947,13:17:54,8.07,0.01,27,21789,买盘
1948,13:17:51,8.06,-0.01,193,155558,卖盘
1949,13:17:45,8.07,0.01,18,14526,买盘
1950,13:17:42,8.06,-0.01,60,48360,卖盘
1951,13:17:39,8.07,--,113,91191,买盘
1952,13:17:36,8.07,0.01,6,4842,买盘
1953,13:17:33,8.06,--,239,192634,卖盘
1954,13:17:30,8.06,--,9,7254,卖盘
1955,13:17:27,8.06,-0.01,106,85436,卖盘
1956,13:17:24,8.07,0.01,1,807,买盘
1957,13:17:21,8.06,-0.01,1,806,卖盘
1958,13:17:18,8.07,--,79,63753,买盘
1959,13:17:12,8.07,0.01,88,71016,买盘
1960,13:17:06,8.06,--,102,82212,卖盘
1961,13:17:03,8.06,--,35,28210,卖盘
1962,13:17:00,8.06,-0.01,2,1612,卖盘
1963,13:16:57,8.07,0.01,10,8070,买盘
1964,13:16:54,8.06,-0.01,77,62062,卖盘
1965,13:16:51,8.07,--,23,18561,买盘
1966,13:16:48,8.07,--,67,54069,买盘
1967,13:16:45,8.07,--,80,64560,买盘
1968,13:16:42,8.07,--,153,123471,买盘
1969,13:16:39,8.07,--,73,58911,买盘
1970,13:16:33,8.07,0.01,87,70209,买盘
1971,13:16:30,8.06,-0.01,36,29016,卖盘
1972,13:16:27,8.07,--,8,6456,买盘
1973,13:16:24,8.07,0.01,200,161400,买盘
1974,13:16:21,8.06,--,114,91884,卖盘
1975,13:16:18,8.06,-0.01,21,16926,卖盘
1976,13:16:15,8.07,0.01,24,19368,买盘
1977,13:16:12,8.06,-0.01,83,66898,卖盘
1978,13:16:06,8.07,0.01,1,807,买盘
1979,13:16:03,8.06,--,6,4836,卖盘
1980,13:16:00,8.06,-0.01,80,64480,卖盘
1981,13:15:57,8.07,--,231,186417,卖盘
1982,13:15:54,8.07,--,43,34701,卖盘
1983,13:15:51,8.07,0.01,15,12105,中性盘
1984,13:15:48,8.06,-0.02,80,64480,卖盘
1985,13:15:45,8.08,0.01,4,3232,买盘
1986,13:15:42,8.07,0.01,200,161400,中性盘
1987,13:15:39,8.06,-0.02,105,84630,卖盘
1988,13:15:36,8.08,--,162,130896,买盘
1989,13:15:33,8.08,--,3,2424,买盘
1990,13:15:30,8.08,--,18,14544,买盘
1991,13:15:27,8.08,--,123,99384,买盘
1992,13:15:24,8.08,0.01,5,4040,买盘
1993,13:15:21,8.07,--,1,807,卖盘
1994,13:15:15,8.07,--,83,66981,卖盘
1995,13:15:12,8.07,--,80,64560,买盘
1996,13:15:06,8.07,0.01,39,31473,买盘
1997,13:15:03,8.06,-0.01,115,92690,卖盘
1998,13:14:57,8.07,0.01,43,34701,买盘
1999,13:14:54,8.06,-0.02,89,71734,卖盘
2000,13:14:51,8.08,0.01,309,249672,买盘
2001,13:14:48,8.07,-0.01,4,3228,卖盘
2002,13:14:45,8.08,0.01,1,808,买盘
2003,13:14:42,8.07,--,114,91998,卖盘
2004,13:14:39,8.07,-0.01,55,44385,卖盘
2005,13:14:36,8.08,--,34,27472,买盘
2006,13:14:33,8.08,0.01,4,3232,买盘
2007,13:14:30,8.07,-0.01,74,59718,卖盘
2008,13:14:27,8.08,--,9,7272,买盘
2009,13:14:24,8.08,--,5,4040,买盘
2010,13:14:21,8.08,0.01,109,88072,买盘
2011,13:14:18,8.07,--,25,20175,买盘
2012,13:14:15,8.07,0.01,261,210627,买盘
2013,13:14:09,8.06,--,92,74152,卖盘
2014,13:14:06,8.06,--,70,56420,卖盘
2015,13:14:03,8.06,--,143,115258,卖盘
2016,13:14:00,8.06,--,34,27404,卖盘
2017,13:13:57,8.06,--,236,190216,卖盘
2018,13:13:54,8.06,-0.01,13,10478,卖盘
2019,13:13:51,8.07,--,1,807,买盘
2020,13:13:48,8.07,--,88,71016,买盘
2021,13:13:45,8.07,--,31,25017,买盘
2022,13:13:42,8.07,--,52,41964,买盘
2023,13:13:39,8.07,--,18,14526,买盘
2024,13:13:36,8.07,--,112,90384,买盘
2025,13:13:33,8.07,0.01,9,7263,买盘
2026,13:13:30,8.06,-0.01,156,125736,卖盘
2027,13:13:27,8.07,0.01,30,24210,买盘
2028,13:13:24,8.06,--,111,89466,卖盘
2029,13:13:21,8.06,--,7,5642,卖盘
2030,13:13:18,8.06,-0.01,121,97526,卖盘
2031,13:13:15,8.07,--,134,108138,买盘
2032,13:13:09,8.07,--,51,41157,买盘
2033,13:13:06,8.07,--,9,7263,买盘
2034,13:13:03,8.07,--,120,96840,买盘
2035,13:13:00,8.07,--,5,4035,买盘
2036,13:12:57,8.07,--,33,26631,买盘
2037,13:12:54,8.07,0.01,157,126699,买盘
2038,13:12:51,8.06,-0.01,121,97526,卖盘
2039,13:12:48,8.07,-0.01,631,509217,卖盘
2040,13:12:45,8.08,0.01,106,85648,买盘
2041,13:12:42,8.07,0.01,153,123471,买盘
2042,13:12:39,8.06,-0.01,339,273234,卖盘
2043,13:12:36,8.07,--,35,28245,买盘
2044,13:12:33,8.07,0.01,31,25017,买盘
2045,13:12:30,8.06,-0.01,90,72540,卖盘
2046,13:12:27,8.07,-0.01,236,190452,卖盘
2047,13:12:24,8.08,0.01,2,1616,买盘
2048,13:12:21,8.07,--,12,9684,卖盘
2049,13:12:18,8.07,--,90,72630,卖盘
2050,13:12:15,8.07,0.01,606,489042,买盘
2051,13:12:12,8.06,-0.01,11,8866,卖盘
2052,13:12:09,8.07,--,134,108138,买盘
2053,13:12:06,8.07,--,9,7263,买盘
2054,13:12:03,8.07,--,27,21789,买盘
2055,13:12:00,8.07,--,562,453534,买盘
2056,13:11:57,8.07,--,108,87156,买盘
2057,13:11:54,8.07,--,257,207399,买盘
2058,13:11:48,8.07,--,358,288906,卖盘
2059,13:11:45,8.07,--,94,75858,卖盘
2060,13:11:42,8.07,--,1,807,卖盘
2061,13:11:39,8.07,-0.01,15,12105,卖盘
2062,13:11:36,8.08,--,97,78376,买盘
2063,13:11:33,8.08,--,31,25048,买盘
2064,13:11:27,8.08,--,1,808,买盘
2065,13:11:24,8.08,0.01,80,64640,买盘
2066,13:11:21,8.07,--,6,4842,卖盘
2067,13:11:15,8.07,0.01,20,16140,中性盘
2068,13:11:12,8.06,-0.01,596,480376,卖盘
2069,13:11:06,8.07,-0.01,7,5649,卖盘
2070,13:11:03,8.08,--,118,95344,买盘
2071,13:10:54,8.08,0.01,3,2424,买盘
2072,13:10:51,8.07,--,83,66981,卖盘
2073,13:10:48,8.07,-0.01,27,21789,卖盘
2074,13:10:45,8.08,0.01,45,36360,买盘
2075,13:10:42,8.07,--,3,2421,卖盘
2076,13:10:39,8.07,-0.01,83,66981,卖盘
2077,13:10:36,8.08,0.01,123,99545,买盘
2078,13:10:33,8.07,--,59,47613,买盘
2079,13:10:30,8.07,--,92,74244,买盘
2080,13:10:27,8.07,--,11,8877,买盘
2081,13:10:24,8.07,0.01,8,6456,买盘
2082,13:10:21,8.06,--,154,124124,卖盘
2083,13:10:18,8.06,-0.01,94,75764,卖盘
2084,13:10:15,8.07,--,1,807,买盘
2085,13:10:12,8.07,--,34,27438,买盘
2086,13:10:09,8.07,0.01,29,23403,买盘
2087,13:10:06,8.06,-0.01,111,89466,卖盘
2088,13:10:03,8.07,--,22,17754,买盘
2089,13:10:00,8.07,0.01,42,33894,买盘
2090,13:09:57,8.06,-0.01,83,66898,卖盘
2091,13:09:51,8.07,--,16,12912,买盘
2092,13:09:45,8.07,--,252,203364,买盘
2093,13:09:42,8.07,--,6,4842,买盘
2094,13:09:39,8.07,0.01,15,12105,买盘
2095,13:09:36,8.06,--,273,220038,卖盘
2096,13:09:33,8.06,-0.01,116,93496,卖盘
2097,13:09:30,8.07,--,28,22596,买盘
2098,13:09:27,8.07,-0.01,181,146067,卖盘
2099,13:09:24,8.08,0.01,7,5656,买盘
2100,13:09:21,8.07,-0.01,80,64560,卖盘
2101,13:09:18,8.08,0.01,100,80800,买盘
2102,13:09:12,8.07,-0.01,80,64560,卖盘
2103,13:09:09,8.08,--,2,1616,买盘
2104,13:09:06,8.08,0.01,15,12120,买盘
2105,13:09:03,8.07,--,1,807,卖盘
2106,13:09:00,8.07,-0.01,116,93612,卖盘
2107,13:08:54,8.08,--,3,2424,买盘
2108,13:08:51,8.08,0.01,2,1616,买盘
2109,13:08:48,8.07,--,96,77472,卖盘
2110,13:08:42,8.07,-0.01,1,807,卖盘
2111,13:08:39,8.08,--,76,61408,买盘
2112,13:08:36,8.08,--,6,4848,买盘
2113,13:08:33,8.08,--,17,13736,买盘
2114,13:08:30,8.08,--,83,67064,买盘
2115,13:08:27,8.08,--,77,62216,买盘
2116,13:08:24,8.08,0.01,21,16968,买盘
2117,13:08:21,8.07,-0.01,12,9684,卖盘
2118,13:08:18,8.08,0.01,53,42824,买盘
2119,13:08:15,8.07,-0.01,75,60525,卖盘
2120,13:08:12,8.08,--,22,17776,买盘
2121,13:08:09,8.08,0.01,1,808,买盘
2122,13:08:06,8.07,--,73,58911,卖盘
2123,13:08:03,8.07,--,6,4842,卖盘
2124,13:08:00,8.07,-0.01,81,65367,卖盘
2125,13:07:57,8.08,0.01,145,117160,买盘
2126,13:07:54,8.07,-0.01,92,74244,卖盘
2127,13:07:51,8.08,--,3,2424,买盘
2128,13:07:48,8.08,0.01,1,808,买盘
2129,13:07:42,8.07,-0.01,87,70209,卖盘
2130,13:07:39,8.08,--,6,4848,买盘
2131,13:07:36,8.08,--,13,10504,买盘
2132,13:07:33,8.08,0.01,113,91304,买盘
2133,13:07:30,8.07,--,31,25017,卖盘
2134,13:07:27,8.07,--,49,39543,卖盘
2135,13:07:24,8.07,--,19,15333,卖盘
2136,13:07:21,8.07,-0.01,90,72630,卖盘
2137,13:07:18,8.08,0.01,157,126856,买盘
2138,13:07:12,8.07,--,26,20982,卖盘
2139,13:07:09,8.07,--,78,62946,卖盘
2140,13:07:06,8.07,--,10,8070,卖盘
2141,13:07:03,8.07,-0.01,7,5649,卖盘
2142,13:07:00,8.08,0.01,111,89688,买盘
2143,13:06:57,8.07,--,12,9684,买盘
2144,13:06:54,8.07,--,23,18561,买盘
2145,13:06:51,8.07,--,1,807,买盘
2146,13:06:48,8.07,--,119,96033,买盘
2147,13:06:45,8.07,--,3,2421,卖盘
2148,13:06:42,8.07,--,3,2421,卖盘
2149,13:06:39,8.07,0.01,3,2421,中性盘
2150,13:06:36,8.06,-0.01,72,58032,卖盘
2151,13:06:33,8.07,--,3,2421,买盘
2152,13:06:30,8.07,--,41,33087,买盘
2153,13:06:27,8.07,--,118,95226,卖盘
2154,13:06:24,8.07,0.01,81,65367,买盘
2155,13:06:21,8.06,--,2,1612,卖盘
2156,13:06:18,8.06,-0.01,4,3224,卖盘
2157,13:06:15,8.07,--,140,112980,买盘
2158,13:06:12,8.07,--,563,454341,买盘
2159,13:06:09,8.07,--,3,2421,买盘
2160,13:06:06,8.07,0.01,1,807,买盘
2161,13:06:03,8.06,-0.01,87,70122,卖盘
2162,13:06:00,8.07,0.01,12,9684,买盘
2163,13:05:57,8.06,--,64,51584,卖盘
2164,13:05:54,8.06,-0.01,72,58032,卖盘
2165,13:05:51,8.07,--,114,91998,买盘
2166,13:05:45,8.07,0.01,118,95226,买盘
2167,13:05:42,8.06,-0.01,89,71734,卖盘
2168,13:05:39,8.07,--,7,5649,买盘
2169,13:05:36,8.07,--,1,807,买盘
2170,13:05:33,8.07,0.01,176,142032,买盘
2171,13:05:30,8.06,-0.01,85,68510,卖盘
2172,13:05:27,8.07,0.01,53,42771,买盘
2173,13:05:24,8.06,--,394,317564,卖盘
2174,13:05:21,8.06,--,583,469898,卖盘
2175,13:05:18,8.06,-0.01,26,20956,卖盘
2176,13:05:15,8.07,--,5,4035,买盘
2177,13:05:12,8.07,0.01,10,8070,买盘
2178,13:05:09,8.06,--,101,81406,卖盘
2179,13:05:06,8.06,--,25,20150,卖盘
2180,13:05:03,8.06,--,1,806,卖盘
2181,13:04:57,8.06,-0.01,93,74958,卖盘
2182,13:04:54,8.07,--,105,84735,买盘
2183,13:04:51,8.07,0.01,1,807,买盘
2184,13:04:48,8.06,-0.01,122,98332,卖盘
2185,13:04:45,8.07,--,276,222732,买盘
2186,13:04:42,8.07,--,2,1614,买盘
2187,13:04:39,8.07,--,6,4842,买盘
2188,13:04:36,8.07,--,77,62139,买盘
2189,13:04:33,8.07,--,102,82314,买盘
2190,13:04:30,8.07,--,5,4035,买盘
2191,13:04:27,8.07,0.01,59,47613,买盘
2192,13:04:24,8.06,--,539,434562,卖盘
2193,13:04:21,8.06,--,14,11284,卖盘
2194,13:04:18,8.06,--,57,45942,卖盘
2195,13:04:15,8.06,--,79,63674,卖盘
2196,13:04:12,8.06,-0.01,4,3224,卖盘
2197,13:04:09,8.07,0.01,25,20175,买盘
2198,13:04:06,8.06,-0.01,14,11284,卖盘
2199,13:04:03,8.07,--,78,62946,买盘
2200,13:04:00,8.07,0.01,53,42771,买盘
2201,13:03:51,8.06,-0.01,78,62868,卖盘
2202,13:03:45,8.07,--,100,80700,买盘
2203,13:03:42,8.07,--,76,61332,买盘
2204,13:03:39,8.07,--,5,4035,卖盘
2205,13:03:36,8.07,--,198,159786,买盘
2206,13:03:33,8.07,--,2,1614,买盘
2207,13:03:30,8.07,--,74,59718,买盘
2208,13:03:27,8.07,--,26,20982,买盘
2209,13:03:24,8.07,0.01,13,10491,买盘
2210,13:03:21,8.06,-0.02,82,66092,卖盘
2211,13:03:18,8.08,0.01,114,92112,买盘
2212,13:03:15,8.07,-0.01,4,3228,中性盘
2213,13:03:09,8.08,--,74,59792,买盘
2214,13:03:06,8.08,--,124,100192,买盘
2215,13:03:03,8.08,--,3,2424,买盘
2216,13:03:00,8.08,0.02,4,3232,买盘
2217,13:02:57,8.06,-0.02,81,65286,卖盘
2218,13:02:54,8.08,--,3,2424,买盘
2219,13:02:51,8.08,0.01,1,808,买盘
2220,13:02:48,8.07,--,65,52455,卖盘
2221,13:02:45,8.07,-0.01,79,63753,卖盘
2222,13:02:42,8.08,0.01,48,38784,买盘
2223,13:02:39,8.07,-0.01,68,54876,卖盘
2224,13:02:36,8.08,0.01,253,204424,买盘
2225,13:02:30,8.07,--,14,11298,买盘
2226,13:02:27,8.07,0.02,38,30666,买盘
2227,13:02:24,8.05,-0.02,360,289800,卖盘
2228,13:02:21,8.07,0.01,168,135576,买盘
2229,13:02:18,8.06,--,3026,2438956,卖盘
2230,13:02:15,8.06,--,18,14508,卖盘
2231,13:02:12,8.06,-0.01,83,66898,卖盘
2232,13:02:09,8.07,0.01,5,4035,买盘
2233,13:02:03,8.06,--,18,14508,卖盘
2234,13:02:00,8.06,-0.01,98,78988,卖盘
2235,13:01:57,8.07,--,1,807,卖盘
2236,13:01:54,8.07,-0.01,100,80700,卖盘
2237,13:01:51,8.08,0.01,108,87264,买盘
2238,13:01:48,8.07,--,16,12912,卖盘
2239,13:01:45,8.07,-0.01,109,87963,卖盘
2240,13:01:42,8.08,0.01,17,13736,买盘
2241,13:01:39,8.07,--,127,102489,卖盘
2242,13:01:36,8.07,-0.01,29,23403,卖盘
2243,13:01:33,8.08,0.02,93,75144,买盘
2244,13:01:30,8.06,--,58,46748,卖盘
2245,13:01:27,8.06,-0.02,132,106392,卖盘
2246,13:01:24,8.08,--,22,17776,买盘
2247,13:01:21,8.08,0.01,31,25048,买盘
2248,13:01:18,8.07,--,89,71823,卖盘
2249,13:01:15,8.07,--,8,6456,卖盘
2250,13:01:12,8.07,-0.01,132,106524,卖盘
2251,13:01:09,8.08,0.01,8,6464,买盘
2252,13:01:06,8.07,-0.01,90,72630,卖盘
2253,13:01:03,8.08,--,2,1616,买盘
2254,13:00:54,8.08,--,95,76760,买盘
2255,13:00:51,8.08,--,22,17776,买盘
2256,13:00:48,8.08,0.02,50,40400,买盘
2257,13:00:45,8.06,-0.02,84,67704,卖盘
2258,13:00:42,8.08,--,110,88880,买盘
2259,13:00:39,8.08,0.01,17,13736,买盘
2260,13:00:36,8.07,--,25,20175,买盘
2261,13:00:33,8.07,--,168,135576,卖盘
2262,13:00:30,8.07,--,544,439008,买盘
2263,13:00:27,8.07,-0.01,26,20982,卖盘
2264,13:00:24,8.08,--,403,325624,买盘
2265,13:00:21,8.08,--,92,74336,买盘
2266,13:00:18,8.08,--,32,25856,买盘
2267,13:00:15,8.08,--,110,88880,买盘
2268,13:00:12,8.08,0.01,155,125240,买盘
2269,13:00:09,8.07,0.01,223,179961,买盘
2270,13:00:06,8.06,--,469,378014,卖盘
2271,13:00:03,8.06,--,3270,2636313,卖盘
2272,13:00:00,8.06,--,31,24986,卖盘
2273,11:30:00,8.06,--,73,58838,卖盘
2274,11:29:57,8.06,--,1,806,卖盘
2275,11:29:54,8.06,-0.01,45,36270,卖盘
2276,11:29:51,8.07,0.01,26,20982,买盘
2277,11:29:48,8.06,-0.01,97,78182,卖盘
2278,11:29:45,8.07,--,52,41964,买盘
2279,11:29:42,8.07,0.01,4,3228,买盘
2280,11:29:39,8.06,--,126,101556,卖盘
2281,11:29:36,8.06,-0.01,277,223262,卖盘
2282,11:29:33,8.07,--,991,799737,买盘
2283,11:29:30,8.07,--,12,9684,买盘
2284,11:29:27,8.07,--,92,74244,买盘
2285,11:29:24,8.07,0.01,21,16947,买盘
2286,11:29:21,8.06,--,123,99138,卖盘
2287,11:29:18,8.06,--,126,101556,卖盘
2288,11:29:15,8.06,-0.01,83,66898,卖盘
2289,11:29:12,8.07,0.01,7,5649,买盘
2290,11:29:09,8.06,-0.01,1,806,卖盘
2291,11:29:06,8.07,--,386,311502,买盘
2292,11:29:03,8.07,--,24,19368,买盘
2293,11:29:00,8.07,--,20,16140,买盘
2294,11:28:57,8.07,0.01,10,8070,买盘
2295,11:28:54,8.06,-0.01,82,66092,卖盘
2296,11:28:51,8.07,--,7,5649,买盘
2297,11:28:48,8.07,--,4,3228,买盘
2298,11:28:45,8.07,0.01,5,4035,买盘
2299,11:28:42,8.06,-0.01,84,67704,卖盘
2300,11:28:39,8.07,--,24,19368,买盘
2301,11:28:36,8.07,--,15,12105,买盘
2302,11:28:33,8.07,-0.01,191,154137,卖盘
2303,11:28:30,8.08,0.01,4,3232,买盘
2304,11:28:27,8.07,--,2,1614,卖盘
2305,11:28:24,8.07,--,12,9684,卖盘
2306,11:28:21,8.07,--,116,93612,卖盘
2307,11:28:18,8.07,-0.01,8,6456,卖盘
2308,11:28:15,8.08,--,39,31512,买盘
2309,11:28:12,8.08,0.02,63,50904,买盘
2310,11:28:09,8.06,-0.01,141,113646,卖盘
2311,11:28:06,8.07,--,1,807,卖盘
2312,11:28:03,8.07,--,477,384939,买盘
2313,11:28:00,8.07,0.01,139,112173,买盘
2314,11:27:57,8.06,-0.01,46,37076,卖盘
2315,11:27:51,8.07,0.01,63,50841,中性盘
2316,11:27:48,8.06,-0.01,77,62062,卖盘
2317,11:27:45,8.07,-0.01,105,84735,中性盘
2318,11:27:42,8.08,--,2,1616,买盘
2319,11:27:39,8.08,0.02,39,31512,买盘
2320,11:27:36,8.06,-0.01,96,77376,卖盘
2321,11:27:33,8.07,--,3,2421,买盘
2322,11:27:30,8.07,0.01,11,8877,买盘
2323,11:27:27,8.06,-0.02,188,151528,卖盘
2324,11:27:24,8.08,0.01,73,58984,买盘
2325,11:27:21,8.07,--,179,144453,卖盘
2326,11:27:18,8.07,--,23,18561,卖盘
2327,11:27:15,8.07,--,111,89577,卖盘
2328,11:27:09,8.07,--,2,1614,卖盘
2329,11:27:06,8.07,--,12,9684,卖盘
2330,11:27:03,8.07,-0.01,80,64560,卖盘
2331,11:26:57,8.08,0.01,16,12928,买盘
2332,11:26:54,8.07,--,214,172698,卖盘
2333,11:26:51,8.07,-0.01,68,54876,卖盘
2334,11:26:48,8.08,0.02,13,10504,买盘
2335,11:26:45,8.06,-0.01,601,484406,卖盘
2336,11:26:42,8.07,0.01,49,39543,买盘
2337,11:26:39,8.06,-0.02,54,43524,卖盘
2338,11:26:30,8.08,--,83,67064,买盘
2339,11:26:27,8.08,--,14,11312,买盘
2340,11:26:24,8.08,--,28,22624,买盘
2341,11:26:21,8.08,0.02,173,139784,买盘
2342,11:26:18,8.06,-0.01,116,93496,卖盘
2343,11:26:15,8.07,-0.01,1014,818298,卖盘
2344,11:26:12,8.08,--,4,3232,买盘
2345,11:26:09,8.08,0.01,58,46864,买盘
2346,11:26:06,8.07,-0.01,88,71016,卖盘
2347,11:26:03,8.08,--,73,58984,买盘
2348,11:26:00,8.08,--,30,24240,买盘
2349,11:25:57,8.08,0.01,27,21816,买盘
2350,11:25:54,8.07,-0.01,106,85542,卖盘
2351,11:25:51,8.08,--,58,46864,买盘
2352,11:25:48,8.08,0.01,51,41208,买盘
2353,11:25:45,8.07,-0.01,65,52455,卖盘
2354,11:25:42,8.08,--,10,8080,买盘
2355,11:25:36,8.08,0.01,40,32320,买盘
2356,11:25:33,8.07,--,70,56490,卖盘
2357,11:25:30,8.07,--,4,3228,卖盘
2358,11:25:27,8.07,--,5,4035,卖盘
2359,11:25:24,8.07,--,13,10491,卖盘
2360,11:25:21,8.07,--,83,66981,卖盘
2361,11:25:18,8.07,--,6,4842,卖盘
2362,11:25:15,8.07,-0.01,48,38736,卖盘
2363,11:25:12,8.08,0.01,79,63832,买盘
2364,11:25:09,8.07,--,20,16140,卖盘
2365,11:25:06,8.07,--,15,12105,卖盘
2366,11:25:03,8.07,--,1,807,卖盘
2367,11:25:00,8.07,--,96,77472,卖盘
2368,11:24:57,8.07,-0.01,9,7263,卖盘
2369,11:24:54,8.08,--,41,33128,买盘
2370,11:24:51,8.08,0.01,1,808,买盘
2371,11:24:48,8.07,-0.01,72,58104,卖盘
2372,11:24:42,8.08,0.01,11,8888,买盘
2373,11:24:39,8.07,--,70,56490,卖盘
2374,11:24:36,8.07,--,102,82314,卖盘
2375,11:24:33,8.07,--,112,90384,卖盘
2376,11:24:30,8.07,--,62,50034,卖盘
2377,11:24:27,8.07,-0.01,92,74244,卖盘
2378,11:24:24,8.08,0.01,113,91304,买盘
2379,11:24:21,8.07,--,3,2421,卖盘
2380,11:24:15,8.07,-0.01,86,69402,卖盘
2381,11:24:12,8.08,--,32,25856,买盘
2382,11:24:09,8.08,0.01,59,47672,买盘
2383,11:24:06,8.07,-0.01,72,58104,卖盘
2384,11:24:03,8.08,--,5,4040,买盘
2385,11:24:00,8.08,--,2,1616,买盘
2386,11:23:57,8.08,0.01,40,32320,买盘
2387,11:23:54,8.07,--,130,104910,卖盘
2388,11:23:51,8.07,--,303,244521,卖盘
2389,11:23:48,8.07,-0.01,1,807,卖盘
2390,11:23:42,8.08,--,147,118776,买盘
2391,11:23:39,8.08,0.01,44,35552,买盘
2392,11:23:36,8.07,--,1,807,卖盘
2393,11:23:33,8.07,-0.01,74,59718,卖盘
2394,11:23:30,8.08,0.01,78,63024,买盘
2395,11:23:27,8.07,--,116,93612,卖盘
2396,11:23:24,8.07,--,151,121857,卖盘
2397,11:23:21,8.07,-0.01,123,99261,卖盘
2398,11:23:18,8.08,--,41,33128,买盘
2399,11:23:15,8.08,0.01,95,76760,买盘
2400,11:23:12,8.07,-0.01,1,807,卖盘
2401,11:23:09,8.08,0.01,106,85648,买盘
2402,11:23:06,8.07,-0.01,42,33894,卖盘
2403,11:23:03,8.08,0.01,12,9696,买盘
2404,11:23:00,8.07,-0.01,67,54069,卖盘
2405,11:22:57,8.08,--,51,41208,买盘
2406,11:22:54,8.08,--,39,31512,买盘
2407,11:22:51,8.08,0.01,1,808,买盘
2408,11:22:48,8.07,-0.01,67,54069,卖盘
2409,11:22:45,8.08,--,14,11312,买盘
2410,11:22:42,8.08,0.01,29,23432,买盘
2411,11:22:36,8.07,-0.01,75,60525,卖盘
2412,11:22:30,8.08,0.01,3,2424,买盘
2413,11:22:27,8.07,--,82,66174,卖盘
2414,11:22:24,8.07,-0.01,37,29859,卖盘
2415,11:22:21,8.08,0.01,43,34744,买盘
2416,11:22:15,8.07,-0.01,78,62946,卖盘
2417,11:22:12,8.08,--,50,40400,买盘
2418,11:22:09,8.08,0.01,66,53328,买盘
2419,11:22:06,8.07,--,101,81507,卖盘
2420,11:22:03,8.07,-0.01,78,62946,卖盘
2421,11:22:00,8.08,--,8,6464,买盘
2422,11:21:57,8.08,0.01,48,38784,买盘
2423,11:21:54,8.07,-0.01,72,58104,卖盘
2424,11:21:51,8.08,0.01,143,115544,买盘
2425,11:21:48,8.07,-0.01,1,807,卖盘
2426,11:21:45,8.08,0.01,55,44440,买盘
2427,11:21:42,8.07,-0.01,104,83928,卖盘
2428,11:21:39,8.08,--,66,53328,买盘
2429,11:21:36,8.08,--,2,1616,买盘
2430,11:21:33,8.08,0.01,12,9696,买盘
2431,11:21:30,8.07,-0.01,99,79893,卖盘
2432,11:21:27,8.08,--,36,29088,买盘
2433,11:21:24,8.08,0.01,13,10504,买盘
2434,11:21:21,8.07,--,79,63753,卖盘
2435,11:21:18,8.07,--,9,7263,卖盘
2436,11:21:15,8.07,-0.01,2,1614,卖盘
2437,11:21:12,8.08,--,1,808,买盘
2438,11:21:09,8.08,0.01,114,92112,买盘
2439,11:21:06,8.07,--,25,20175,卖盘
2440,11:21:03,8.07,-0.01,25,20175,卖盘
2441,11:21:00,8.08,0.01,620,500960,买盘
2442,11:20:57,8.07,-0.01,110,88770,卖盘
2443,11:20:54,8.08,--,77,62216,买盘
2444,11:20:51,8.08,--,68,54944,买盘
2445,11:20:48,8.08,--,189,152712,买盘
2446,11:20:45,8.08,--,8,6464,买盘
2447,11:20:42,8.08,--,205,165640,买盘
2448,11:20:39,8.08,--,32,25856,买盘
2449,11:20:36,8.08,0.01,79,63832,买盘
2450,11:20:33,8.07,-0.01,814,656898,卖盘
2451,11:20:30,8.08,0.01,10,8080,买盘
2452,11:20:27,8.07,--,22,17754,卖盘
2453,11:20:24,8.07,-0.01,82,66174,卖盘
2454,11:20:21,8.08,--,8,6464,买盘
2455,11:20:18,8.08,--,6,4848,买盘
2456,11:20:15,8.08,--,128,103424,买盘
2457,11:20:12,8.08,0.01,53,42824,买盘
2458,11:20:09,8.07,-0.01,82,66174,卖盘
2459,11:20:06,8.08,0.01,100,80800,买盘
2460,11:20:03,8.07,-0.01,83,66981,卖盘
2461,11:20:00,8.08,0.01,11,8888,买盘
2462,11:19:57,8.07,--,10,8070,卖盘
2463,11:19:51,8.07,-0.01,86,69402,卖盘
2464,11:19:48,8.08,--,4,3232,买盘
2465,11:19:45,8.08,--,3,2424,买盘
2466,11:19:42,8.08,0.01,39,31512,买盘
2467,11:19:39,8.07,--,75,60525,卖盘
2468,11:19:36,8.07,-0.01,2,1614,卖盘
2469,11:19:33,8.08,0.01,52,42016,买盘
2470,11:19:30,8.07,-0.01,75,60525,卖盘
2471,11:19:27,8.08,--,419,338552,买盘
2472,11:19:24,8.08,--,43,34744,买盘
2473,11:19:21,8.08,--,5,4040,买盘
2474,11:19:18,8.08,--,73,58984,买盘
2475,11:19:15,8.08,0.01,86,69488,买盘
2476,11:19:12,8.07,-0.01,1,807,卖盘
2477,11:19:09,8.08,0.01,31,25048,买盘
2478,11:19:06,8.07,-0.01,189,152523,卖盘
2479,11:19:03,8.08,0.01,31,25048,买盘
2480,11:19:00,8.07,--,36,29052,卖盘
2481,11:18:57,8.07,-0.01,137,110559,卖盘
2482,11:18:51,8.08,--,15,12120,买盘
2483,11:18:48,8.08,0.01,65,52520,买盘
2484,11:18:45,8.07,-0.01,90,72630,卖盘
2485,11:18:42,8.08,--,3,2424,买盘
2486,11:18:39,8.08,--,1,808,买盘
2487,11:18:36,8.08,0.01,16,12928,买盘
2488,11:18:33,8.07,-0.01,65,52455,卖盘
2489,11:18:30,8.08,--,44,35552,买盘
2490,11:18:27,8.08,--,9,7272,买盘
2491,11:18:24,8.08,--,94,75952,买盘
2492,11:18:21,8.08,--,3,2424,买盘
2493,11:18:18,8.08,0.01,4,3232,买盘
2494,11:18:15,8.07,--,2,1614,卖盘
2495,11:18:12,8.07,-0.01,107,86349,卖盘
2496,11:18:06,8.08,0.01,79,63832,买盘
2497,11:18:03,8.07,-0.01,4,3228,卖盘
2498,11:18:00,8.08,0.01,139,112312,买盘
2499,11:17:57,8.07,--,373,301011,卖盘
2500,11:17:51,8.07,-0.01,77,62139,卖盘
2501,11:17:48,8.08,--,6,4848,买盘
2502,11:17:45,8.08,--,3,2424,买盘
2503,11:17:42,8.08,0.01,44,35552,买盘
2504,11:17:39,8.07,--,82,66174,卖盘
2505,11:17:36,8.07,--,22,17754,卖盘
2506,11:17:33,8.07,-0.01,1,807,卖盘
2507,11:17:30,8.08,0.01,4,3232,买盘
2508,11:17:27,8.07,--,88,71016,卖盘
2509,11:17:24,8.07,-0.01,31,25017,卖盘
2510,11:17:21,8.08,--,50,40400,买盘
2511,11:17:18,8.08,--,104,84032,买盘
2512,11:17:15,8.08,0.01,4,3232,买盘
2513,11:17:12,8.07,-0.01,8,6456,卖盘
2514,11:17:09,8.08,--,60,48480,买盘
2515,11:17:06,8.08,--,200,161600,买盘
2516,11:17:03,8.08,--,31,25048,买盘
2517,11:17:00,8.08,0.01,34,27472,买盘
2518,11:16:54,8.07,-0.01,137,110559,卖盘
2519,11:16:48,8.08,0.01,29,23432,买盘
2520,11:16:45,8.07,-0.01,73,58911,卖盘
2521,11:16:42,8.08,--,5,4040,买盘
2522,11:16:39,8.08,0.01,9,7272,买盘
2523,11:16:36,8.07,--,1353,1091871,买盘
2524,11:16:33,8.07,--,78,62946,买盘
2525,11:16:30,8.07,0.01,83,66981,买盘
2526,11:16:27,8.06,--,46,37076,卖盘
2527,11:16:24,8.06,--,451,363506,卖盘
2528,11:16:21,8.06,-0.01,92,74152,卖盘
2529,11:16:18,8.07,--,3046,2458122,买盘
2530,11:16:15,8.07,--,3,2421,买盘
2531,11:16:12,8.07,--,103,83121,买盘
2532,11:16:09,8.07,0.01,10,8070,买盘
2533,11:16:06,8.06,-0.01,61,49166,卖盘
2534,11:16:03,8.07,0.01,14,11298,买盘
2535,11:16:00,8.06,-0.01,108,87048,卖盘
2536,11:15:57,8.07,--,138,111366,买盘
2537,11:15:54,8.07,0.01,5,4035,买盘
2538,11:15:48,8.06,--,77,62062,卖盘
2539,11:15:45,8.06,--,1,806,卖盘
2540,11:15:42,8.06,-0.01,7,5642,中性盘
2541,11:15:39,8.07,0.01,86,69402,买盘
2542,11:15:36,8.06,-0.01,46,37076,卖盘
2543,11:15:33,8.07,--,5,4035,买盘
2544,11:15:30,8.07,0.01,259,209013,买盘
2545,11:15:27,8.06,-0.01,96,77376,卖盘
2546,11:15:24,8.07,0.01,7,5649,买盘
2547,11:15:21,8.06,-0.01,106,85436,卖盘
2548,11:15:18,8.07,0.01,133,107331,买盘
2549,11:15:15,8.06,-0.01,85,68510,卖盘
2550,11:15:12,8.07,0.01,6,4842,买盘
2551,11:15:09,8.06,0.01,2,1612,中性盘
2552,11:15:06,8.05,-0.01,76,61180,卖盘
2553,11:15:03,8.06,-0.01,19,15314,卖盘
2554,11:15:00,8.07,--,20,16140,买盘
2555,11:14:57,8.07,0.02,34,27438,买盘
2556,11:14:54,8.05,-0.02,77,61985,卖盘
2557,11:14:51,8.07,--,56,45192,买盘
2558,11:14:48,8.07,--,9,7263,买盘
2559,11:14:45,8.07,0.01,9,7263,买盘
2560,11:14:42,8.06,--,73,58838,卖盘
2561,11:14:39,8.06,--,2,1612,卖盘
2562,11:14:36,8.06,--,1,806,卖盘
2563,11:14:33,8.06,-0.01,78,62868,卖盘
2564,11:14:30,8.07,0.01,32,25824,买盘
2565,11:14:27,8.06,--,9,7254,买盘
2566,11:14:24,8.06,--,112,90272,买盘
2567,11:14:21,8.06,--,72,58032,买盘
2568,11:14:18,8.06,--,8,6448,买盘
2569,11:14:15,8.06,--,10,8060,买盘
2570,11:14:12,8.06,0.01,19,15314,买盘
2571,11:14:09,8.05,-0.01,275,221375,卖盘
2572,11:14:06,8.06,--,92,74152,卖盘
2573,11:14:03,8.06,-0.01,5,4030,中性盘
2574,11:14:00,8.07,0.01,94,75858,买盘
2575,11:13:57,8.06,0.01,28,22568,买盘
2576,11:13:54,8.05,--,165,132825,卖盘
2577,11:13:51,8.05,-0.01,273,219765,卖盘
2578,11:13:48,8.06,--,89,71734,买盘
2579,11:13:45,8.06,--,285,229710,买盘
2580,11:13:42,8.06,--,6,4836,买盘
2581,11:13:39,8.06,0.01,116,93496,买盘
2582,11:13:36,8.05,-0.01,88,70840,卖盘
2583,11:13:30,8.06,--,50,40300,买盘
2584,11:13:27,8.06,0.01,18,14508,买盘
2585,11:13:24,8.05,-0.01,102,82110,卖盘
2586,11:13:18,8.06,--,75,60450,买盘
2587,11:13:15,8.06,--,68,54808,买盘
2588,11:13:12,8.06,0.01,2,1612,买盘
2589,11:13:09,8.05,-0.01,2,1610,卖盘
2590,11:13:06,8.06,0.02,5,4030,买盘
2591,11:13:03,8.04,-0.02,101,81203,卖盘
2592,11:13:00,8.06,--,16,12896,买盘
2593,11:12:57,8.06,--,59,47554,买盘
2594,11:12:54,8.06,0.02,11,8866,买盘
2595,11:12:51,8.04,-0.02,68,54671,卖盘
2596,11:12:48,8.06,--,2,1612,买盘
2597,11:12:42,8.06,0.02,76,61256,买盘
2598,11:12:39,8.04,--,22,17687,卖盘
2599,11:12:33,8.04,--,2,1607,卖盘
2600,11:12:30,8.04,-0.02,74,59495,卖盘
2601,11:12:27,8.06,0.02,3,2418,买盘
2602,11:12:18,8.04,-0.01,187,150347,卖盘
2603,11:12:15,8.05,--,12,9660,卖盘
2604,11:12:12,8.05,--,24,19320,买盘
2605,11:12:09,8.05,--,79,63595,卖盘
2606,11:12:06,8.05,-0.01,60,48300,卖盘
2607,11:12:03,8.06,--,27,21762,买盘
2608,11:12:00,8.06,0.02,32,25792,买盘
2609,11:11:57,8.04,-0.02,90,72359,卖盘
2610,11:11:54,8.06,0.01,72,58032,买盘
2611,11:11:51,8.05,-0.01,25,20125,卖盘
2612,11:11:48,8.06,0.02,38,30628,买盘
2613,11:11:45,8.04,-0.02,101,81203,卖盘
2614,11:11:42,8.06,0.02,2,1612,买盘
2615,11:11:39,8.04,-0.02,142,114167,卖盘
2616,11:11:36,8.06,-0.01,76,61256,中性盘
2617,11:11:33,8.07,0.01,429,346203,买盘
2618,11:11:30,8.06,0.01,20,16120,买盘
2619,11:11:27,8.05,--,4,3220,卖盘
2620,11:11:24,8.05,-0.01,68,54740,卖盘
2621,11:11:21,8.06,--,22,17732,买盘
2622,11:11:18,8.06,0.01,1,806,买盘
2623,11:11:15,8.05,--,3,2415,卖盘
2624,11:11:12,8.05,-0.01,106,85330,卖盘
2625,11:11:09,8.06,0.01,10,8060,买盘
2626,11:11:06,8.05,-0.01,34,27370,卖盘
2627,11:11:03,8.06,--,85,68510,买盘
2628,11:11:00,8.06,--,54,43524,买盘
2629,11:10:54,8.06,--,91,73346,买盘
2630,11:10:51,8.06,--,376,303056,买盘
2631,11:10:48,8.06,--,15,12090,买盘
2632,11:10:45,8.06,--,124,99944,买盘
2633,11:10:42,8.06,--,684,551304,买盘
2634,11:10:39,8.06,--,114,91884,买盘
2635,11:10:36,8.06,--,30,24180,买盘
2636,11:10:33,8.06,0.01,2,1612,买盘
2637,11:10:30,8.05,-0.01,78,62790,卖盘
2638,11:10:27,8.06,--,29,23374,买盘
2639,11:10:24,8.06,--,21,16926,买盘
2640,11:10:21,8.06,--,15,12090,买盘
2641,11:10:18,8.06,--,70,56420,买盘
2642,11:10:15,8.06,--,307,247442,买盘
2643,11:10:12,8.06,0.01,2,1612,买盘
2644,11:10:09,8.05,--,37,29785,卖盘
2645,11:10:06,8.05,-0.01,142,114310,卖盘
2646,11:10:03,8.06,--,171,137826,买盘
2647,11:10:00,8.06,--,20,16120,买盘
2648,11:09:57,8.06,--,91,73346,买盘
2649,11:09:54,8.06,--,23,18538,买盘
2650,11:09:51,8.06,--,139,112034,买盘
2651,11:09:48,8.06,0.01,18,14508,买盘
2652,11:09:45,8.05,-0.01,73,58765,卖盘
2653,11:09:42,8.06,--,2,1612,买盘
2654,11:09:39,8.06,0.01,11,8866,买盘
2655,11:09:36,8.05,--,78,62790,卖盘
2656,11:09:33,8.05,--,66,53130,卖盘
2657,11:09:30,8.05,--,1,805,卖盘
2658,11:09:27,8.05,--,4,3220,卖盘
2659,11:09:24,8.05,-0.01,87,70035,卖盘
2660,11:09:21,8.06,--,95,76570,买盘
2661,11:09:18,8.06,0.01,38,30628,买盘
2662,11:09:15,8.05,--,2,1610,卖盘
2663,11:09:12,8.05,-0.01,93,74865,卖盘
2664,11:09:09,8.06,0.01,61,49166,买盘
2665,11:09:06,8.05,--,11,8855,卖盘
2666,11:09:03,8.05,--,73,58765,卖盘
2667,11:09:00,8.05,-0.01,115,92575,卖盘
2668,11:08:57,8.06,--,201,162006,买盘
2669,11:08:54,8.06,--,21,16926,买盘
2670,11:08:51,8.06,0.01,77,62062,买盘
2671,11:08:48,8.05,--,120,96600,卖盘
2672,11:08:45,8.05,-0.01,29,23345,卖盘
2673,11:08:42,8.06,0.01,48,38688,买盘
2674,11:08:39,8.05,-0.01,96,77280,卖盘
2675,11:08:36,8.06,0.01,8,6448,买盘
2676,11:08:30,8.05,--,53,42665,卖盘
2677,11:08:27,8.05,-0.01,78,62790,卖盘
2678,11:08:21,8.06,--,22,17732,买盘
2679,11:08:18,8.06,--,90,72540,买盘
2680,11:08:15,8.06,--,5,4030,买盘
2681,11:08:12,8.06,0.01,39,31434,买盘
2682,11:08:09,8.05,--,6,4830,卖盘
2683,11:08:06,8.05,-0.01,123,99015,卖盘
2684,11:08:03,8.06,--,662,533572,买盘
2685,11:08:00,8.06,0.01,5,4030,买盘
2686,11:07:54,8.05,--,240,193200,买盘
2687,11:07:51,8.05,--,296,238280,买盘
2688,11:07:48,8.05,--,53,42665,买盘
2689,11:07:45,8.05,--,82,66010,买盘
2690,11:07:42,8.05,--,64,51520,买盘
2691,11:07:39,8.05,0.01,20,16100,买盘
2692,11:07:36,8.04,-0.01,104,83615,卖盘
2693,11:07:33,8.05,--,123,99015,买盘
2694,11:07:30,8.05,--,7,5635,买盘
2695,11:07:27,8.05,0.01,65,52325,买盘
2696,11:07:24,8.04,--,20,16079,卖盘
2697,11:07:21,8.04,--,142,114167,卖盘
2698,11:07:18,8.04,--,35,28139,卖盘
2699,11:07:15,8.04,-0.01,11,8843,卖盘
2700,11:07:12,8.05,0.01,741,596505,买盘
2701,11:07:06,8.04,--,5,4019,卖盘
2702,11:07:03,8.04,--,31,24923,卖盘
2703,11:07:00,8.04,-0.01,579,465515,卖盘
2704,11:06:57,8.05,--,38,30590,买盘
2705,11:06:54,8.05,--,8,6440,买盘
2706,11:06:51,8.05,--,22,17710,买盘
2707,11:06:48,8.05,--,82,66010,买盘
2708,11:06:45,8.05,--,49,39445,买盘
2709,11:06:36,8.05,0.01,87,70035,买盘
2710,11:06:33,8.04,-0.01,1,803,卖盘
2711,11:06:30,8.05,0.01,3,2415,买盘
2712,11:06:27,8.04,--,69,55475,卖盘
2713,11:06:24,8.04,-0.01,473,380291,卖盘
2714,11:06:21,8.05,--,137,110285,买盘
2715,11:06:18,8.05,--,58,46690,买盘
2716,11:06:15,8.05,--,129,103845,买盘
2717,11:06:12,8.05,--,23,18515,买盘
2718,11:06:09,8.05,0.01,8,6440,买盘
2719,11:06:06,8.04,--,1,803,卖盘
2720,11:06:03,8.04,--,135,108539,卖盘
2721,11:06:00,8.04,-0.01,8,6431,卖盘
2722,11:05:54,8.05,--,81,65205,买盘
2723,11:05:51,8.05,0.01,36,28980,买盘
2724,11:05:48,8.04,-0.01,49,39395,卖盘
2725,11:05:45,8.05,0.01,5,4025,买盘
2726,11:05:42,8.04,--,92,73967,卖盘
2727,11:05:39,8.04,-0.01,24,19295,卖盘
2728,11:05:36,8.05,0.01,44,35420,买盘
2729,11:05:33,8.04,--,45,36179,卖盘
2730,11:05:30,8.04,--,68,54671,卖盘
2731,11:05:27,8.04,-0.01,127,102107,卖盘
2732,11:05:24,8.05,0.01,25,20125,买盘
2733,11:05:21,8.04,-0.01,78,62711,卖盘
2734,11:05:18,8.05,--,7,5635,买盘
2735,11:05:15,8.05,--,50,40250,买盘
2736,11:05:12,8.05,0.01,34,27370,买盘
2737,11:05:09,8.04,-0.01,85,68340,卖盘
2738,11:05:06,8.05,--,41,33005,买盘
2739,11:05:03,8.05,0.01,59,47495,买盘
2740,11:05:00,8.04,--,20,16079,卖盘
2741,11:04:57,8.04,--,110,88439,卖盘
2742,11:04:48,8.04,-0.01,77,61907,卖盘
2743,11:04:45,8.05,--,70,56350,买盘
2744,11:04:42,8.05,--,31,24955,买盘
2745,11:04:39,8.05,0.01,33,26565,买盘
2746,11:04:36,8.04,--,70,56279,卖盘
2747,11:04:33,8.04,--,346,278183,卖盘
2748,11:04:30,8.04,--,49,39395,卖盘
2749,11:04:27,8.04,--,17,13667,卖盘
2750,11:04:24,8.04,--,89,71555,卖盘
2751,11:04:21,8.04,-0.01,6,4823,卖盘
2752,11:04:18,8.05,--,8,6440,买盘
2753,11:04:15,8.05,--,192,154560,买盘
2754,11:04:12,8.05,--,24,19320,买盘
2755,11:04:09,8.05,0.01,21,16905,买盘
2756,11:04:06,8.04,-0.01,3,2411,卖盘
2757,11:04:03,8.05,--,133,107065,买盘
2758,11:04:00,8.05,--,29,23345,买盘
2759,11:03:57,8.05,--,6,4830,买盘
2760,11:03:54,8.05,0.01,108,86940,买盘
2761,11:03:51,8.04,-0.01,76,61103,卖盘
2762,11:03:48,8.05,--,18,14490,买盘
2763,11:03:45,8.05,--,29,23345,买盘
2764,11:03:42,8.05,0.01,102,82110,买盘
2765,11:03:39,8.04,-0.01,20,16079,卖盘
2766,11:03:36,8.05,--,14,11270,买盘
2767,11:03:33,8.05,0.01,68,54740,买盘
2768,11:03:30,8.04,--,123,98891,卖盘
2769,11:03:27,8.04,--,1,803,卖盘
2770,11:03:24,8.04,-0.01,2,1607,卖盘
2771,11:03:21,8.05,0.01,53,42665,买盘
2772,11:03:18,8.04,-0.01,77,61907,卖盘
2773,11:03:15,8.05,0.01,19,15295,买盘
2774,11:03:12,8.04,--,18,14471,卖盘
2775,11:03:09,8.04,-0.01,78,62711,卖盘
2776,11:03:06,8.05,0.01,7,5635,买盘
2777,11:03:03,8.04,-0.01,14,11255,卖盘
2778,11:03:00,8.05,--,31,24955,买盘
2779,11:02:57,8.05,0.01,135,108675,买盘
2780,11:02:51,8.04,--,29,23315,卖盘
2781,11:02:48,8.04,--,27,21707,买盘
2782,11:02:45,8.04,--,82,65928,买盘
2783,11:02:42,8.04,--,69,55475,买盘
2784,11:02:39,8.04,--,2,1607,买盘
2785,11:02:36,8.04,0.01,119,95675,买盘
2786,11:02:33,8.03,-0.01,24,19272,卖盘
2787,11:02:30,8.04,0.01,103,82811,买盘
2788,11:02:27,8.03,-0.01,1,802,卖盘
2789,11:02:24,8.04,--,129,103715,买盘
2790,11:02:21,8.04,--,31,24923,买盘
2791,11:02:18,8.04,0.01,18,14471,买盘
2792,11:02:12,8.03,-0.01,372,298716,卖盘
2793,11:02:09,8.04,0.01,15,12059,买盘
2794,11:02:06,8.03,--,222,178266,卖盘
2795,11:02:03,8.03,-0.01,574,460921,卖盘
2796,11:02:00,8.04,--,157,126227,卖盘
2797,11:01:57,8.04,-0.01,91,73163,卖盘
2798,11:01:54,8.05,0.01,31,24955,买盘
2799,11:01:51,8.04,-0.01,71,57083,卖盘
2800,11:01:48,8.05,--,2,1610,买盘
2801,11:01:45,8.05,--,155,124775,买盘
2802,11:01:42,8.05,0.01,25,20125,买盘
2803,11:01:39,8.04,--,120,96479,卖盘
2804,11:01:36,8.04,-0.01,68,54671,卖盘
2805,11:01:33,8.05,--,196,157780,买盘
2806,11:01:30,8.05,0.01,72,57960,买盘
2807,11:01:27,8.04,--,23,18491,卖盘
2808,11:01:24,8.04,--,8,6431,买盘
2809,11:01:21,8.04,0.01,62,49847,买盘
2810,11:01:18,8.03,-0.01,84,67452,卖盘
2811,11:01:15,8.04,--,167,134268,买盘
2812,11:01:12,8.04,0.01,13,10451,买盘
2813,11:01:09,8.03,--,31,24892,卖盘
2814,11:01:06,8.03,-0.01,82,65846,卖盘
2815,11:01:03,8.04,--,5,4019,买盘
2816,11:01:00,8.04,--,24,19295,买盘
