,time,price,change,volume,amount,type
0,15:00:03,13.88,-0.01,14230,19751281,卖盘
1,14:57:00,13.89,--,198,276369,买盘
2,14:56:57,13.89,--,39,54171,买盘
3,14:56:54,13.89,--,543,754227,卖盘
4,14:56:51,13.89,--,156,216684,卖盘
5,14:56:48,13.89,--,609,845901,买盘
6,14:56:45,13.89,0.01,586,813954,买盘
7,14:56:42,13.88,-0.01,392,544096,卖盘
8,14:56:39,13.89,--,181,251409,买盘
9,14:56:36,13.89,--,71,98619,买盘
10,14:56:33,13.89,0.01,115,159735,买盘
11,14:56:30,13.88,-0.02,227,315076,卖盘
12,14:56:27,13.9,0.02,1345,1869550,买盘
13,14:56:24,13.88,-0.01,363,503844,卖盘
14,14:56:21,13.89,0.01,350,486150,买盘
15,14:56:18,13.88,-0.01,113,156844,卖盘
16,14:56:15,13.89,0.01,203,281967,买盘
17,14:56:12,13.88,-0.01,265,367820,卖盘
18,14:56:09,13.89,--,345,479205,买盘
19,14:56:06,13.89,--,641,890349,买盘
20,14:56:03,13.89,-0.01,622,863958,卖盘
21,14:56:00,13.9,--,1162,1615180,买盘
22,14:55:57,13.9,0.01,150,209056,买盘
23,14:55:54,13.89,-0.01,265,368085,卖盘
24,14:55:51,13.9,--,278,387254,买盘
25,14:55:48,13.9,0.01,391,543490,买盘
26,14:55:45,13.89,--,482,669498,卖盘
27,14:55:42,13.89,--,158,219462,卖盘
28,14:55:39,13.89,-0.01,152,211128,卖盘
29,14:55:36,13.9,0.01,227,315530,买盘
30,14:55:33,13.89,-0.01,125,173625,卖盘
31,14:55:30,13.9,0.01,34,47260,买盘
32,14:55:27,13.89,--,191,265299,卖盘
33,14:55:24,13.89,--,98,136122,卖盘
34,14:55:21,13.89,--,314,436146,卖盘
35,14:55:18,13.89,--,533,740337,卖盘
36,14:55:15,13.89,--,101,140289,卖盘
37,14:55:12,13.89,--,176,244464,卖盘
38,14:55:09,13.89,--,1039,1443171,买盘
39,14:55:06,13.89,0.01,978,1358442,买盘
40,14:55:03,13.88,--,83,115204,卖盘
41,14:55:00,13.88,--,1022,1418536,卖盘
42,14:54:57,13.88,--,166,230408,卖盘
43,14:54:54,13.88,--,407,564916,买盘
44,14:54:51,13.88,--,356,494128,买盘
45,14:54:48,13.88,--,910,1263080,买盘
46,14:54:45,13.88,--,390,541320,买盘
47,14:54:42,13.88,--,1422,1973736,买盘
48,14:54:39,13.88,0.01,200,277600,买盘
49,14:54:36,13.87,-0.01,586,812782,卖盘
50,14:54:33,13.88,--,168,233184,买盘
51,14:54:30,13.88,--,128,177664,买盘
52,14:54:27,13.88,--,569,789772,卖盘
53,14:54:24,13.88,--,113,156844,卖盘
54,14:54:21,13.88,--,454,630152,卖盘
55,14:54:18,13.88,--,105,145740,卖盘
56,14:54:15,13.88,--,20,27760,卖盘
57,14:54:12,13.88,0.01,2580,3581040,买盘
58,14:54:09,13.87,--,276,382812,卖盘
59,14:54:06,13.87,0.01,273,379261,买盘
60,14:54:03,13.86,-0.01,204,282744,卖盘
61,14:54:00,13.87,--,588,815556,买盘
62,14:53:57,13.87,--,165,228855,买盘
63,14:53:54,13.87,--,231,320397,买盘
64,14:53:51,13.87,0.01,66,91542,买盘
65,14:53:48,13.86,--,201,278863,买盘
66,14:53:45,13.86,0.01,526,729036,买盘
67,14:53:42,13.85,-0.01,652,903740,卖盘
68,14:53:39,13.86,0.01,18,24948,买盘
69,14:53:36,13.85,--,32,44320,卖盘
70,14:53:33,13.85,--,143,198387,买盘
71,14:53:30,13.85,--,1272,1761720,买盘
72,14:53:27,13.85,--,6,8310,买盘
73,14:53:24,13.85,0.01,2098,2905730,买盘
74,14:53:21,13.84,-0.01,581,804104,卖盘
75,14:53:18,13.85,--,78,108030,买盘
76,14:53:15,13.85,0.01,111,153735,买盘
77,14:53:12,13.84,--,141,195144,卖盘
78,14:53:09,13.84,--,95,131480,卖盘
79,14:53:06,13.84,--,194,268496,买盘
80,14:53:03,13.84,--,130,179920,买盘
81,14:53:00,13.84,0.01,732,1013088,买盘
82,14:52:57,13.83,-0.01,140,193620,卖盘
83,14:52:54,13.84,--,179,247736,买盘
84,14:52:51,13.84,0.01,26,35984,买盘
85,14:52:48,13.83,-0.01,66,91278,卖盘
86,14:52:45,13.84,0.01,315,435960,买盘
87,14:52:42,13.83,--,60,82980,卖盘
88,14:52:39,13.83,--,54,74682,卖盘
89,14:52:36,13.83,--,30,41490,卖盘
90,14:52:33,13.83,--,191,264623,买盘
91,14:52:30,13.83,--,321,443943,买盘
92,14:52:27,13.83,0.01,1225,1694175,买盘
93,14:52:24,13.82,--,30,41460,卖盘
94,14:52:21,13.82,--,228,315096,卖盘
95,14:52:18,13.82,--,377,521014,买盘
96,14:52:15,13.82,--,87,120234,买盘
97,14:52:12,13.82,0.01,402,555564,买盘
98,14:52:09,13.81,-0.01,90,124290,卖盘
99,14:52:06,13.82,--,226,312332,买盘
100,14:52:03,13.82,--,85,117470,买盘
101,14:52:00,13.82,--,19,26258,买盘
102,14:51:57,13.82,0.01,104,143728,买盘
103,14:51:54,13.81,-0.01,152,209912,卖盘
104,14:51:51,13.82,--,204,281928,买盘
105,14:51:48,13.82,--,23,31786,买盘
106,14:51:45,13.82,0.01,143,197626,买盘
107,14:51:42,13.81,-0.01,149,206459,卖盘
108,14:51:39,13.82,--,23,31786,买盘
109,14:51:36,13.82,--,483,667506,买盘
110,14:51:33,13.82,--,122,168604,买盘
111,14:51:30,13.82,--,3,4146,买盘
112,14:51:27,13.82,--,27,37314,买盘
113,14:51:24,13.82,0.01,28,38696,买盘
114,14:51:21,13.81,-0.01,25,34525,卖盘
115,14:51:18,13.82,--,50,69100,卖盘
116,14:51:15,13.82,--,45,62190,卖盘
117,14:51:12,13.82,--,72,99504,卖盘
118,14:51:09,13.82,--,393,543126,卖盘
119,14:51:06,13.82,--,3,4146,卖盘
120,14:51:03,13.82,--,54,74628,卖盘
121,14:51:00,13.82,--,185,255670,卖盘
122,14:50:57,13.82,--,106,146492,卖盘
123,14:50:54,13.82,--,2,2764,卖盘
124,14:50:51,13.82,--,26,35932,卖盘
125,14:50:48,13.82,--,334,461588,买盘
126,14:50:45,13.82,--,57,78774,买盘
127,14:50:42,13.82,0.01,76,105032,买盘
128,14:50:39,13.81,-0.01,236,325916,卖盘
129,14:50:36,13.82,--,233,322006,卖盘
130,14:50:33,13.82,--,192,265344,买盘
131,14:50:30,13.82,--,35,48370,买盘
132,14:50:27,13.82,--,75,103650,买盘
133,14:50:24,13.82,--,137,189334,买盘
134,14:50:21,13.82,--,680,939760,卖盘
135,14:50:18,13.82,-0.01,204,281928,卖盘
136,14:50:15,13.83,0.01,62,85746,买盘
137,14:50:12,13.82,-0.01,83,114706,卖盘
138,14:50:09,13.83,0.01,82,113406,买盘
139,14:50:06,13.82,--,520,718640,买盘
140,14:50:03,13.82,--,382,527924,买盘
141,14:50:00,13.82,--,198,273636,买盘
142,14:49:57,13.82,0.01,7,9674,买盘
143,14:49:54,13.81,--,59,81479,卖盘
144,14:49:51,13.81,--,76,104956,卖盘
145,14:49:48,13.81,--,33,45573,卖盘
146,14:49:45,13.81,--,78,107718,卖盘
147,14:49:42,13.81,--,61,84241,卖盘
148,14:49:39,13.81,--,161,222341,卖盘
149,14:49:36,13.81,--,48,66288,卖盘
150,14:49:33,13.81,--,633,874173,买盘
151,14:49:30,13.81,--,89,122909,买盘
152,14:49:27,13.81,--,288,397728,卖盘
153,14:49:24,13.81,-0.01,1144,1579864,卖盘
154,14:49:21,13.82,0.01,10,13820,买盘
155,14:49:18,13.81,--,196,270676,卖盘
156,14:49:15,13.81,--,154,212674,卖盘
157,14:49:12,13.81,-0.01,30,41430,卖盘
158,14:49:09,13.82,0.01,8,11056,买盘
159,14:49:06,13.81,--,36,49716,卖盘
160,14:49:03,13.81,--,16,22096,卖盘
161,14:49:00,13.81,--,695,959795,卖盘
162,14:48:57,13.81,--,58,80098,卖盘
163,14:48:54,13.81,-0.01,119,164339,卖盘
164,14:48:48,13.82,0.01,104,144419,买盘
165,14:48:45,13.81,-0.01,124,171244,卖盘
166,14:48:42,13.82,--,250,345500,买盘
167,14:48:39,13.82,0.01,70,96740,买盘
168,14:48:36,13.81,-0.01,163,225103,卖盘
169,14:48:33,13.82,0.01,2,2764,买盘
170,14:48:30,13.81,0.01,198,273438,买盘
171,14:48:27,13.8,--,63,86940,卖盘
172,14:48:24,13.8,--,23,31740,卖盘
173,14:48:21,13.8,-0.01,212,292560,卖盘
174,14:48:18,13.81,--,44,60764,卖盘
175,14:48:15,13.81,--,209,288629,卖盘
176,14:48:12,13.81,--,40,55240,卖盘
177,14:48:09,13.81,--,401,553781,卖盘
178,14:48:06,13.81,0.01,71,98051,买盘
179,14:48:03,13.8,-0.01,146,201480,卖盘
180,14:48:00,13.81,0.01,26,35906,中性盘
181,14:47:57,13.8,-0.01,250,345000,卖盘
182,14:47:54,13.81,0.01,137,189197,买盘
183,14:47:51,13.8,--,200,276000,卖盘
184,14:47:48,13.8,-0.01,1036,1429680,卖盘
185,14:47:45,13.81,--,135,186435,卖盘
186,14:47:42,13.81,-0.01,75,103575,卖盘
187,14:47:39,13.82,--,439,606698,卖盘
188,14:47:36,13.82,--,74,102268,卖盘
189,14:47:33,13.82,--,154,212828,卖盘
190,14:47:30,13.82,-0.01,85,117470,卖盘
191,14:47:27,13.83,0.01,31,42873,买盘
192,14:47:24,13.82,-0.01,10,13820,卖盘
193,14:47:21,13.83,-0.01,1055,1459065,卖盘
194,14:47:18,13.84,--,43,59512,买盘
195,14:47:15,13.84,--,476,658784,卖盘
196,14:47:12,13.84,--,163,225592,卖盘
197,14:47:09,13.84,-0.01,72,99648,卖盘
198,14:47:06,13.85,--,114,157890,买盘
199,14:47:03,13.85,0.01,281,389185,买盘
200,14:47:00,13.84,--,259,358456,卖盘
201,14:46:57,13.84,--,1,1384,卖盘
202,14:46:54,13.84,-0.01,20,27680,中性盘
203,14:46:51,13.85,0.01,39,54015,买盘
204,14:46:48,13.84,-0.01,72,100976,卖盘
205,14:46:45,13.85,--,205,283925,买盘
206,14:46:42,13.85,0.01,125,173125,买盘
207,14:46:39,13.84,-0.01,49,67816,卖盘
208,14:46:36,13.85,--,24,33240,买盘
209,14:46:33,13.85,--,213,295005,买盘
210,14:46:30,13.85,--,22,30470,买盘
211,14:46:27,13.85,-0.01,338,468130,卖盘
212,14:46:24,13.86,0.01,130,180180,买盘
213,14:46:21,13.85,--,45,62325,卖盘
214,14:46:18,13.85,--,38,52630,卖盘
215,14:46:15,13.85,--,145,200825,卖盘
216,14:46:09,13.85,--,37,51245,卖盘
217,14:46:06,13.85,--,660,914155,买盘
218,14:46:03,13.85,0.01,288,398880,买盘
219,14:46:00,13.84,-0.01,110,152240,卖盘
220,14:45:57,13.85,0.01,184,254840,买盘
221,14:45:54,13.84,--,146,202064,买盘
222,14:45:51,13.84,0.01,2,2768,买盘
223,14:45:48,13.83,-0.01,97,134151,卖盘
224,14:45:45,13.84,--,93,128712,买盘
225,14:45:42,13.84,0.01,56,77504,中性盘
226,14:45:36,13.83,-0.01,526,727458,卖盘
227,14:45:33,13.84,--,9,12456,卖盘
228,14:45:30,13.84,0.01,439,607576,买盘
229,14:45:27,13.83,--,27,37341,卖盘
230,14:45:24,13.83,-0.01,50,69150,卖盘
231,14:45:21,13.84,0.01,43,59512,买盘
232,14:45:18,13.83,0.01,63,87129,中性盘
233,14:45:15,13.82,-0.01,172,237704,卖盘
234,14:45:12,13.83,0.01,33,45639,买盘
235,14:45:09,13.82,-0.01,9,12438,卖盘
236,14:45:06,13.83,0.02,34,47022,买盘
237,14:45:03,13.81,-0.01,187,258247,卖盘
238,14:45:00,13.82,0.01,5,6910,买盘
239,14:44:57,13.81,-0.02,47,64907,卖盘
240,14:44:54,13.83,0.01,28,38724,买盘
241,14:44:51,13.82,-0.01,131,181042,卖盘
242,14:44:48,13.83,--,634,876822,买盘
243,14:44:45,13.83,0.01,38,52554,买盘
244,14:44:42,13.82,--,20,27640,卖盘
245,14:44:39,13.82,--,592,818144,买盘
246,14:44:36,13.82,--,57,78774,买盘
247,14:44:33,13.82,0.01,97,134054,买盘
248,14:44:30,13.81,--,58,80098,卖盘
249,14:44:27,13.81,-0.01,93,128433,卖盘
250,14:44:24,13.82,0.01,113,156166,买盘
251,14:44:21,13.81,-0.01,467,644927,卖盘
252,14:44:18,13.82,--,56,77392,买盘
253,14:44:15,13.82,--,18,24876,买盘
254,14:44:12,13.82,--,48,66336,买盘
255,14:44:09,13.82,0.01,69,95358,买盘
256,14:44:06,13.81,0.01,21,29001,卖盘
257,14:44:03,13.8,-0.01,297,409860,卖盘
258,14:44:00,13.81,-0.01,187,258247,卖盘
259,14:43:57,13.82,--,52,71864,卖盘
260,14:43:54,13.82,--,20,27640,卖盘
261,14:43:51,13.82,--,442,610844,买盘
262,14:43:48,13.82,--,80,110560,买盘
263,14:43:45,13.82,--,292,403544,买盘
264,14:43:42,13.82,--,1015,1402730,买盘
265,14:43:39,13.82,--,772,1066904,买盘
266,14:43:36,13.82,-0.01,153,211446,卖盘
267,14:43:33,13.83,--,80,110640,买盘
268,14:43:30,13.83,--,759,1049697,买盘
269,14:43:27,13.83,0.01,1021,1412043,买盘
270,14:43:24,13.82,--,38,52516,卖盘
271,14:43:21,13.82,-0.01,71,98122,卖盘
272,14:43:18,13.83,--,138,190854,买盘
273,14:43:15,13.83,0.01,258,356814,买盘
274,14:43:12,13.82,-0.01,451,623282,中性盘
275,14:43:09,13.83,--,62,85746,买盘
276,14:43:06,13.83,0.01,238,329721,买盘
277,14:43:03,13.82,0.01,69,95358,中性盘
278,14:43:00,13.81,-0.01,360,497160,卖盘
279,14:42:57,13.82,-0.01,24,33168,卖盘
280,14:42:54,13.83,0.01,12,16596,中性盘
281,14:42:51,13.82,-0.01,200,276400,卖盘
282,14:42:48,13.83,--,126,174258,卖盘
283,14:42:45,13.83,--,106,146598,卖盘
284,14:42:42,13.83,-0.01,44,60852,卖盘
285,14:42:39,13.84,--,150,207600,买盘
286,14:42:36,13.84,--,125,173000,卖盘
287,14:42:33,13.84,--,22,30448,卖盘
288,14:42:30,13.84,--,65,89960,买盘
289,14:42:27,13.84,--,1043,1443512,卖盘
290,14:42:24,13.84,--,209,289256,卖盘
291,14:42:21,13.84,--,211,292024,卖盘
292,14:42:18,13.84,--,81,112104,卖盘
293,14:42:15,13.84,--,17,23528,卖盘
294,14:42:12,13.84,-0.01,23,31832,卖盘
295,14:42:09,13.85,--,571,790835,买盘
296,14:42:06,13.85,--,419,581423,卖盘
297,14:42:03,13.85,-0.01,66,91410,卖盘
298,14:42:00,13.86,0.01,192,266112,买盘
299,14:41:57,13.85,--,7,9695,卖盘
300,14:41:54,13.85,--,88,121880,卖盘
301,14:41:51,13.85,--,87,120495,卖盘
302,14:41:48,13.85,--,350,484750,卖盘
303,14:41:45,13.85,--,78,108030,卖盘
304,14:41:42,13.85,-0.01,84,116340,卖盘
305,14:41:39,13.86,--,43,59598,卖盘
306,14:41:36,13.86,--,103,142758,买盘
307,14:41:33,13.86,0.01,17,23562,卖盘
308,14:41:30,13.85,-0.01,92,127420,卖盘
309,14:41:27,13.86,-0.01,1,1386,中性盘
310,14:41:24,13.87,--,520,721240,买盘
311,14:41:21,13.87,--,180,249660,买盘
312,14:41:18,13.87,0.01,36,49932,买盘
313,14:41:15,13.86,--,34,47124,卖盘
314,14:41:12,13.86,--,1,1386,卖盘
315,14:41:09,13.86,-0.01,77,106999,卖盘
316,14:41:06,13.87,--,116,160892,卖盘
317,14:41:03,13.87,-0.01,80,110960,卖盘
318,14:41:00,13.88,--,32,44416,买盘
319,14:40:57,13.88,0.01,3,4164,买盘
320,14:40:54,13.87,--,323,448001,卖盘
321,14:40:51,13.87,--,185,256595,卖盘
322,14:40:48,13.87,--,83,115121,卖盘
323,14:40:45,13.87,-0.01,91,126217,卖盘
324,14:40:42,13.88,0.01,25,34700,买盘
325,14:40:39,13.87,--,317,439679,卖盘
326,14:40:36,13.87,-0.01,11,15257,卖盘
327,14:40:33,13.88,--,132,183216,买盘
328,14:40:30,13.88,0.01,14,19432,买盘
329,14:40:27,13.87,-0.01,34,47158,卖盘
330,14:40:24,13.88,--,9,12492,买盘
331,14:40:21,13.88,--,112,155456,卖盘
332,14:40:18,13.88,--,102,141576,卖盘
333,14:40:15,13.88,--,88,122144,卖盘
334,14:40:12,13.88,--,51,70788,卖盘
335,14:40:09,13.88,-0.01,165,229020,卖盘
336,14:40:06,13.89,0.01,83,115287,买盘
337,14:40:03,13.88,-0.01,142,197096,卖盘
338,14:40:00,13.89,0.01,293,406977,买盘
339,14:39:57,13.88,--,67,92996,卖盘
340,14:39:54,13.88,--,260,360880,卖盘
341,14:39:51,13.88,-0.01,37,51356,卖盘
342,14:39:48,13.89,0.01,31,43059,买盘
343,14:39:45,13.88,--,52,72176,卖盘
344,14:39:42,13.88,-0.01,16,22208,卖盘
345,14:39:39,13.89,0.01,41,56949,买盘
346,14:39:36,13.88,-0.01,1,1388,卖盘
347,14:39:33,13.89,--,80,111120,买盘
348,14:39:30,13.89,--,126,175014,买盘
349,14:39:27,13.89,0.01,6,8334,买盘
350,14:39:24,13.88,-0.01,20,27760,卖盘
351,14:39:21,13.89,0.01,85,118065,买盘
352,14:39:18,13.88,-0.01,342,474696,卖盘
353,14:39:15,13.89,--,11,15279,买盘
354,14:39:12,13.89,--,5,6945,买盘
355,14:39:09,13.89,--,54,75006,买盘
356,14:39:06,13.89,--,27,37503,买盘
357,14:39:03,13.89,--,62,86118,卖盘
358,14:39:00,13.89,--,250,347250,卖盘
359,14:38:57,13.89,-0.01,145,201405,卖盘
360,14:38:54,13.9,0.01,26,36140,买盘
361,14:38:51,13.89,--,43,59727,卖盘
362,14:38:48,13.89,--,55,76395,买盘
363,14:38:45,13.89,--,73,101397,卖盘
364,14:38:42,13.89,0.01,63,87507,买盘
365,14:38:39,13.88,--,2,2776,卖盘
366,14:38:36,13.88,--,39,54132,买盘
367,14:38:33,13.88,--,16,22208,卖盘
368,14:38:30,13.88,-0.01,75,104100,卖盘
369,14:38:27,13.89,0.01,48,66672,买盘
370,14:38:24,13.88,--,115,159620,卖盘
371,14:38:21,13.88,--,377,523276,买盘
372,14:38:18,13.88,--,20,27760,买盘
373,14:38:15,13.88,--,42,59406,买盘
374,14:38:12,13.88,-0.01,16,22208,卖盘
375,14:38:09,13.89,0.01,3041,4223949,买盘
376,14:38:06,13.88,--,259,359769,卖盘
377,14:38:03,13.88,--,74,102712,卖盘
378,14:38:00,13.88,--,48,67734,买盘
379,14:37:57,13.88,--,21,29148,买盘
380,14:37:54,13.88,--,272,377813,卖盘
381,14:37:51,13.88,-0.01,10,13880,卖盘
382,14:37:48,13.89,--,302,419478,卖盘
383,14:37:45,13.89,--,83,115287,买盘
384,14:37:42,13.89,--,35,48615,买盘
385,14:37:39,13.89,--,3,4167,买盘
386,14:37:36,13.89,--,696,966744,买盘
387,14:37:33,13.89,--,85,118065,买盘
388,14:37:30,13.89,--,338,469482,卖盘
389,14:37:27,13.89,--,312,433368,卖盘
390,14:37:21,13.89,--,51,70839,卖盘
391,14:37:18,13.89,--,12,16668,卖盘
392,14:37:15,13.89,--,71,98619,卖盘
393,14:37:12,13.89,0.01,28,38892,中性盘
394,14:37:09,13.88,-0.02,194,269272,卖盘
395,14:37:06,13.9,0.01,285,396150,买盘
396,14:37:03,13.89,-0.01,67,93063,中性盘
397,14:37:00,13.9,--,512,711680,买盘
398,14:36:57,13.9,--,112,155680,买盘
399,14:36:54,13.9,--,198,275220,买盘
400,14:36:51,13.9,--,28,38920,买盘
401,14:36:48,13.9,--,263,365570,买盘
402,14:36:45,13.9,--,79,109810,买盘
403,14:36:42,13.9,--,1,1390,买盘
404,14:36:39,13.9,--,351,487890,买盘
405,14:36:36,13.9,--,10,13900,买盘
406,14:36:33,13.9,--,419,582410,买盘
407,14:36:30,13.9,--,323,448970,买盘
408,14:36:27,13.9,--,143,198770,买盘
409,14:36:24,13.9,--,25,34750,买盘
410,14:36:21,13.9,--,356,494840,买盘
411,14:36:18,13.9,-0.01,681,946715,卖盘
412,14:36:15,13.91,--,103,143273,买盘
413,14:36:12,13.91,--,1108,1541228,卖盘
414,14:36:09,13.91,--,486,676179,买盘
415,14:36:06,13.91,--,166,230906,买盘
416,14:36:03,13.91,-0.01,296,412973,卖盘
417,14:36:00,13.92,0.01,143,199056,买盘
418,14:35:57,13.91,-0.01,471,655314,卖盘
419,14:35:54,13.92,0.01,117,162864,买盘
420,14:35:51,13.91,-0.01,36,50076,卖盘
421,14:35:48,13.92,0.01,469,652848,买盘
422,14:35:45,13.91,--,412,573092,买盘
423,14:35:42,13.91,0.01,59,82069,买盘
424,14:35:39,13.9,--,2,2780,卖盘
425,14:35:36,13.9,--,100,139000,卖盘
426,14:35:33,13.9,0.01,1273,1770582,买盘
427,14:35:30,13.89,--,708,983412,卖盘
428,14:35:27,13.89,-0.01,1066,1480674,卖盘
429,14:35:24,13.9,--,160,222400,买盘
430,14:35:21,13.9,--,94,130660,买盘
431,14:35:18,13.9,--,265,368350,买盘
432,14:35:15,13.9,--,248,344720,买盘
433,14:35:12,13.9,--,113,157070,买盘
434,14:35:09,13.9,0.01,337,468430,买盘
435,14:35:06,13.89,-0.01,113,157790,卖盘
436,14:35:03,13.9,0.01,135,187650,买盘
437,14:35:00,13.89,--,1899,2637836,买盘
438,14:34:57,13.89,--,53,73617,买盘
439,14:34:54,13.89,--,98,136122,买盘
440,14:34:51,13.89,0.01,29,40281,买盘
441,14:34:48,13.88,-0.01,234,324792,卖盘
442,14:34:45,13.89,--,471,654219,买盘
443,14:34:42,13.89,0.01,34,47226,买盘
444,14:34:36,13.88,0.01,258,359214,买盘
445,14:34:33,13.87,-0.01,687,952869,卖盘
446,14:34:30,13.88,--,337,467756,买盘
447,14:34:27,13.88,--,75,104100,买盘
448,14:34:24,13.88,--,70,97160,买盘
449,14:34:21,13.88,--,34,47192,买盘
450,14:34:18,13.88,--,36,49968,买盘
451,14:34:15,13.88,0.01,3,4164,买盘
452,14:34:12,13.87,-0.01,93,128991,卖盘
453,14:34:09,13.88,--,117,162396,买盘
454,14:34:06,13.88,0.01,36,49968,买盘
455,14:34:03,13.87,--,79,109573,买盘
456,14:34:00,13.87,--,14,19418,买盘
457,14:33:57,13.87,--,407,564509,卖盘
458,14:33:54,13.87,--,80,110960,卖盘
459,14:33:51,13.87,--,27,37449,卖盘
460,14:33:48,13.87,-0.01,237,328719,卖盘
461,14:33:45,13.88,0.02,157,217916,买盘
462,14:33:42,13.86,-0.01,64,88704,卖盘
463,14:33:39,13.87,0.01,23,31901,买盘
464,14:33:36,13.86,-0.01,10,13860,卖盘
465,14:33:33,13.87,--,79,109573,买盘
466,14:33:30,13.87,--,167,231629,买盘
467,14:33:27,13.87,--,46,63802,卖盘
468,14:33:24,13.87,0.01,198,274626,买盘
469,14:33:21,13.86,-0.01,109,151351,卖盘
470,14:33:18,13.87,--,19,26353,买盘
471,14:33:15,13.87,--,18,24966,买盘
472,14:33:12,13.87,--,68,94316,买盘
473,14:33:09,13.87,-0.01,14,19418,中性盘
474,14:33:06,13.88,0.01,233,323681,买盘
475,14:33:03,13.87,--,74,103747,买盘
476,14:33:00,13.87,--,110,152570,买盘
477,14:32:57,13.87,--,5,7212,卖盘
478,14:32:54,13.87,-0.01,75,104025,卖盘
479,14:32:51,13.88,0.01,209,290092,买盘
480,14:32:48,13.87,-0.01,86,119282,卖盘
481,14:32:45,13.88,--,72,99936,买盘
482,14:32:42,13.88,0.01,40,55520,买盘
483,14:32:33,13.87,--,67,92929,卖盘
484,14:32:30,13.87,-0.01,407,564509,卖盘
485,14:32:27,13.88,0.01,24,33312,买盘
486,14:32:24,13.87,-0.01,78,108186,卖盘
487,14:32:21,13.88,0.01,407,564916,买盘
488,14:32:18,13.87,-0.01,153,212211,卖盘
489,14:32:15,13.88,--,76,105488,买盘
490,14:32:12,13.88,--,807,1120116,卖盘
491,14:32:09,13.88,-0.01,361,501068,卖盘
492,14:32:06,13.89,--,66,91674,买盘
493,14:32:03,13.89,--,154,213906,买盘
494,14:32:00,13.89,--,43,59727,买盘
495,14:31:57,13.89,--,76,105564,买盘
496,14:31:54,13.89,0.01,41,56949,买盘
497,14:31:51,13.88,--,50,69400,卖盘
498,14:31:48,13.88,-0.01,38,52744,卖盘
499,14:31:45,13.89,--,122,169458,买盘
500,14:31:42,13.89,--,106,147234,买盘
501,14:31:39,13.89,0.01,123,170847,买盘
502,14:31:36,13.88,--,33,45804,卖盘
503,14:31:33,13.88,-0.01,30,41640,卖盘
504,14:31:30,13.89,0.01,108,150012,买盘
505,14:31:27,13.88,--,22,30536,买盘
506,14:31:24,13.88,0.01,151,210698,买盘
507,14:31:21,13.87,-0.01,10,13870,卖盘
508,14:31:18,13.88,-0.01,35,48580,买盘
509,14:31:15,13.89,--,235,326415,买盘
510,14:31:12,13.89,--,40,55560,买盘
511,14:31:09,13.89,--,1112,1544568,买盘
512,14:31:06,13.89,0.01,155,215295,买盘
513,14:31:03,13.88,-0.01,348,483024,卖盘
514,14:31:00,13.89,0.01,103,143067,买盘
515,14:30:57,13.88,--,162,224856,卖盘
516,14:30:54,13.88,--,41,56908,卖盘
517,14:30:51,13.88,-0.01,293,406684,卖盘
518,14:30:48,13.89,--,132,183348,买盘
519,14:30:45,13.89,--,29,40281,买盘
520,14:30:42,13.89,--,829,1151481,买盘
521,14:30:39,13.89,--,144,200016,买盘
522,14:30:36,13.89,--,98,136122,买盘
523,14:30:33,13.89,--,52,72228,买盘
524,14:30:30,13.89,--,119,165291,买盘
525,14:30:27,13.89,0.01,146,202794,买盘
526,14:30:24,13.88,-0.01,42,58296,买盘
527,14:30:21,13.89,0.01,200,277800,买盘
528,14:30:18,13.88,0.01,36,49968,买盘
529,14:30:15,13.87,--,35,48545,卖盘
530,14:30:12,13.87,-0.02,58,80446,卖盘
531,14:30:09,13.89,0.02,1017,1412613,买盘
532,14:30:06,13.87,--,33,45771,买盘
533,14:30:03,13.87,--,117,162279,买盘
534,14:30:00,13.87,0.01,557,772559,买盘
535,14:29:57,13.86,--,20,27720,卖盘
536,14:29:54,13.86,-0.01,338,468468,卖盘
537,14:29:51,13.87,0.01,193,267691,买盘
538,14:29:48,13.86,-0.01,42,58212,卖盘
539,14:29:45,13.87,0.02,78,108186,买盘
540,14:29:42,13.85,-0.01,51,70635,卖盘
541,14:29:39,13.86,--,521,723228,买盘
542,14:29:36,13.86,--,53,73458,买盘
543,14:29:33,13.86,0.01,316,437976,买盘
544,14:29:30,13.85,-0.01,142,196670,卖盘
545,14:29:27,13.86,0.01,105,145530,买盘
546,14:29:24,13.85,--,539,746515,卖盘
547,14:29:21,13.85,--,200,277000,卖盘
548,14:29:18,13.85,--,20,27700,卖盘
549,14:29:15,13.85,--,29,40165,卖盘
550,14:29:12,13.85,-0.01,54,74790,卖盘
551,14:29:09,13.86,0.01,71,98406,买盘
552,14:29:06,13.85,-0.01,71,98335,卖盘
553,14:29:03,13.86,--,211,292446,买盘
554,14:29:00,13.86,--,209,289674,买盘
555,14:28:57,13.86,0.01,39,54054,买盘
556,14:28:54,13.85,-0.01,120,166200,卖盘
557,14:28:51,13.86,0.01,169,234234,买盘
558,14:28:48,13.85,-0.01,21,29085,卖盘
559,14:28:45,13.86,0.01,127,176022,买盘
560,14:28:42,13.85,-0.01,44,60940,卖盘
561,14:28:39,13.86,0.01,71,98406,买盘
562,14:28:36,13.85,--,20,27700,卖盘
563,14:28:33,13.85,--,22,30470,卖盘
564,14:28:30,13.85,--,35,48475,卖盘
565,14:28:27,13.85,-0.01,26,36010,卖盘
566,14:28:24,13.86,0.01,22,30492,买盘
567,14:28:21,13.85,--,119,164815,卖盘
568,14:28:18,13.85,--,56,77560,卖盘
569,14:28:15,13.85,-0.01,15,20775,卖盘
570,14:28:12,13.86,0.01,50,69300,买盘
571,14:28:09,13.85,-0.02,45,62325,卖盘
572,14:28:06,13.87,--,6,9209,买盘
573,14:28:03,13.87,0.03,20,27740,买盘
574,14:28:00,13.84,-0.03,56,77504,卖盘
575,14:27:57,13.87,0.02,34,47158,买盘
576,14:27:54,13.85,-0.01,47,65095,买盘
577,14:27:51,13.86,-0.01,561,777546,中性盘
578,14:27:48,13.87,--,21,29127,买盘
579,14:27:45,13.87,--,238,330106,买盘
580,14:27:42,13.87,0.01,243,337041,买盘
581,14:27:39,13.86,--,155,214830,卖盘
582,14:27:36,13.86,-0.01,144,199584,卖盘
583,14:27:33,13.87,--,84,116508,买盘
584,14:27:30,13.87,--,168,233016,买盘
585,14:27:27,13.87,-0.01,1115,1547767,卖盘
586,14:27:24,13.88,--,102,141576,卖盘
587,14:27:21,13.88,-0.01,49,68650,卖盘
588,14:27:18,13.89,--,778,1080642,买盘
589,14:27:15,13.89,--,110,152790,买盘
590,14:27:12,13.89,0.01,100,138900,买盘
591,14:27:09,13.88,--,160,222080,卖盘
592,14:27:06,13.88,-0.01,28,38864,卖盘
593,14:27:03,13.89,0.02,159,220851,买盘
594,14:27:00,13.87,-0.01,81,112347,卖盘
595,14:26:57,13.88,-0.02,43,59684,买盘
596,14:26:54,13.9,0.02,1027,1427530,买盘
597,14:26:51,13.88,--,76,105488,卖盘
598,14:26:48,13.88,--,157,217916,卖盘
599,14:26:45,13.88,--,123,170724,卖盘
600,14:26:42,13.88,--,102,141576,卖盘
601,14:26:39,13.88,0.01,48,67859,买盘
602,14:26:36,13.87,-0.01,119,165926,卖盘
603,14:26:33,13.88,0.01,325,451252,买盘
604,14:26:30,13.87,--,283,392521,卖盘
605,14:26:27,13.87,--,120,166440,卖盘
606,14:26:24,13.87,--,32,44384,卖盘
607,14:26:21,13.87,-0.01,219,303753,卖盘
608,14:26:18,13.88,--,83,115204,买盘
609,14:26:15,13.88,0.01,138,191544,买盘
610,14:26:12,13.87,-0.01,18,24966,卖盘
611,14:26:09,13.88,-0.02,1012,1405544,卖盘
612,14:26:06,13.9,--,261,362790,买盘
613,14:26:03,13.9,--,236,328040,买盘
614,14:26:00,13.9,--,180,250200,买盘
615,14:25:57,13.9,--,386,536540,买盘
616,14:25:54,13.9,--,201,279390,买盘
617,14:25:51,13.9,--,558,775620,买盘
618,14:25:48,13.9,-0.01,2075,2884486,卖盘
619,14:25:45,13.91,-0.01,435,605085,卖盘
620,14:25:42,13.92,0.01,302,420384,买盘
621,14:25:39,13.91,--,524,728884,买盘
622,14:25:36,13.91,--,208,289328,买盘
623,14:25:33,13.91,0.01,173,241797,买盘
624,14:25:30,13.9,--,2355,3273450,买盘
625,14:25:27,13.9,0.01,763,1060570,买盘
626,14:25:24,13.89,-0.01,100,138900,卖盘
627,14:25:21,13.9,--,177,246030,买盘
628,14:25:18,13.9,0.02,1874,2604860,买盘
629,14:25:15,13.88,0.01,363,504343,买盘
630,14:25:12,13.87,--,143,198341,卖盘
631,14:25:09,13.87,-0.01,512,710144,中性盘
632,14:25:06,13.88,0.01,4561,6330668,买盘
633,14:25:03,13.87,--,358,497475,买盘
634,14:25:00,13.87,0.01,1260,1747620,买盘
635,14:24:57,13.86,--,718,995148,卖盘
636,14:24:54,13.86,--,269,372834,卖盘
637,14:24:51,13.86,0.03,4233,5868310,买盘
638,14:24:48,13.83,--,115,159045,买盘
639,14:24:45,13.83,--,232,321575,卖盘
640,14:24:42,13.83,--,39,53937,卖盘
641,14:24:39,13.83,--,125,173538,卖盘
642,14:24:36,13.83,--,23,31809,卖盘
643,14:24:33,13.83,--,123,170109,买盘
644,14:24:30,13.83,--,44,60852,买盘
645,14:24:27,13.83,--,54,74682,卖盘
646,14:24:24,13.83,--,233,322916,卖盘
647,14:24:21,13.83,-0.01,81,112023,卖盘
648,14:24:18,13.84,--,271,375769,买盘
649,14:24:15,13.84,--,246,340464,买盘
650,14:24:12,13.84,0.01,96,132864,买盘
651,14:24:09,13.83,--,213,294579,卖盘
652,14:24:06,13.83,--,162,224046,卖盘
653,14:24:03,13.83,--,18,24894,卖盘
654,14:24:00,13.83,--,1,1383,卖盘
655,14:23:57,13.83,0.01,5,6915,中性盘
656,14:23:54,13.82,--,93,128526,卖盘
657,14:23:51,13.82,--,169,233558,卖盘
658,14:23:48,13.82,-0.02,30,41460,卖盘
659,14:23:45,13.84,-0.01,22,30448,买盘
660,14:23:42,13.85,0.01,310,429350,买盘
661,14:23:39,13.84,--,190,262960,卖盘
662,14:23:36,13.84,0.01,214,296176,买盘
663,14:23:33,13.83,--,313,432879,卖盘
664,14:23:30,13.83,-0.01,479,662457,卖盘
665,14:23:27,13.84,--,107,148088,买盘
666,14:23:24,13.84,--,63,87192,买盘
667,14:23:21,13.84,--,170,235280,买盘
668,14:23:18,13.84,-0.01,712,985408,卖盘
669,14:23:15,13.85,--,116,160660,买盘
670,14:23:12,13.85,--,310,429350,卖盘
671,14:23:09,13.85,--,362,501370,卖盘
672,14:23:06,13.85,-0.01,410,567850,卖盘
673,14:23:03,13.86,--,197,273042,买盘
674,14:23:00,13.86,--,1075,1489950,买盘
675,14:22:57,13.86,--,992,1374912,买盘
676,14:22:54,13.86,--,464,643104,买盘
677,14:22:51,13.86,--,98,135828,买盘
678,14:22:48,13.86,0.01,305,422730,买盘
679,14:22:45,13.85,-0.02,294,407190,卖盘
680,14:22:42,13.87,0.02,185,256595,买盘
681,14:22:39,13.85,-0.02,1080,1495800,卖盘
682,14:22:36,13.87,0.02,2075,2878025,买盘
683,14:22:33,13.85,--,100,138500,买盘
684,14:22:30,13.85,--,166,229910,买盘
685,14:22:27,13.85,0.01,333,461205,买盘
686,14:22:24,13.84,-0.02,2610,3612240,卖盘
687,14:22:21,13.86,--,261,361746,买盘
688,14:22:18,13.86,--,169,234234,买盘
689,14:22:15,13.86,0.01,1489,2063754,买盘
690,14:22:12,13.85,--,185,256225,买盘
691,14:22:09,13.85,--,2109,2921796,卖盘
692,14:22:06,13.85,--,808,1119080,卖盘
693,14:22:03,13.85,0.03,4471,6192889,买盘
694,14:22:00,13.82,--,252,348264,卖盘
695,14:21:57,13.82,--,712,983984,买盘
696,14:21:54,13.82,0.02,3020,4173640,买盘
697,14:21:51,13.8,0.01,8144,11238720,买盘
698,14:21:48,13.79,-0.01,664,915656,卖盘
699,14:21:45,13.8,0.01,909,1254420,买盘
700,14:21:42,13.79,--,22,30337,卖盘
701,14:21:39,13.79,--,360,496439,买盘
702,14:21:36,13.79,0.01,75,103425,买盘
703,14:21:33,13.78,-0.01,242,333476,卖盘
704,14:21:30,13.79,--,1843,2541497,买盘
705,14:21:27,13.79,0.01,39,53781,买盘
706,14:21:24,13.78,--,68,93704,卖盘
707,14:21:21,13.78,-0.01,122,168116,卖盘
708,14:21:18,13.79,--,177,244082,买盘
709,14:21:15,13.79,0.01,983,1355557,买盘
710,14:21:12,13.78,--,217,300100,卖盘
711,14:21:09,13.78,--,1399,1928221,买盘
712,14:21:06,13.78,--,211,290758,买盘
713,14:21:03,13.78,--,704,970112,买盘
714,14:21:00,13.78,--,28,38584,买盘
715,14:20:57,13.78,0.01,77,106106,买盘
716,14:20:54,13.77,-0.01,120,165240,卖盘
717,14:20:51,13.78,0.01,146,201188,买盘
718,14:20:48,13.77,-0.01,734,1010718,卖盘
719,14:20:45,13.78,--,157,216346,买盘
720,14:20:42,13.78,0.01,202,278356,买盘
721,14:20:39,13.77,-0.01,79,108783,卖盘
722,14:20:36,13.78,0.01,56,77168,买盘
723,14:20:33,13.77,--,15,20655,卖盘
724,14:20:30,13.77,--,159,218943,买盘
725,14:20:27,13.77,--,75,103275,买盘
726,14:20:24,13.77,0.01,40,55080,买盘
727,14:20:21,13.76,-0.01,201,276576,卖盘
728,14:20:18,13.77,--,101,139077,买盘
729,14:20:15,13.77,0.01,7,9639,买盘
730,14:20:12,13.76,-0.01,73,100448,卖盘
731,14:20:09,13.77,--,49,67473,买盘
732,14:20:06,13.77,0.01,156,214812,买盘
733,14:20:03,13.76,-0.01,110,151360,卖盘
734,14:20:00,13.77,--,15,20655,买盘
735,14:19:57,13.77,0.01,67,92259,买盘
736,14:19:54,13.76,-0.01,10,13760,卖盘
737,14:19:51,13.77,--,53,72981,买盘
738,14:19:48,13.77,--,25,34425,买盘
739,14:19:45,13.77,0.01,65,89505,买盘
740,14:19:42,13.76,--,70,96320,卖盘
741,14:19:39,13.76,-0.01,510,701760,卖盘
742,14:19:36,13.77,0.01,640,881280,买盘
743,14:19:33,13.76,-0.01,163,224288,卖盘
744,14:19:30,13.77,--,83,114291,买盘
745,14:19:27,13.77,0.01,8,11016,买盘
746,14:19:24,13.76,--,147,202272,卖盘
747,14:19:21,13.76,-0.01,15,20640,卖盘
748,14:19:18,13.77,0.01,130,179010,买盘
749,14:19:15,13.76,--,25,34400,买盘
750,14:19:12,13.76,--,524,721024,买盘
751,14:19:09,13.76,0.01,175,240800,买盘
752,14:19:06,13.75,--,11,15125,卖盘
753,14:19:03,13.75,--,85,116875,卖盘
754,14:19:00,13.75,-0.01,40,55000,卖盘
755,14:18:57,13.76,--,15,20640,买盘
756,14:18:54,13.76,--,20,27520,买盘
757,14:18:51,13.76,0.01,58,79808,买盘
758,14:18:48,13.75,--,18,24750,卖盘
759,14:18:45,13.75,-0.01,20,27500,卖盘
760,14:18:42,13.76,0.01,70,96320,买盘
761,14:18:39,13.75,--,210,288750,卖盘
762,14:18:36,13.75,-0.01,52,71500,卖盘
763,14:18:33,13.76,0.01,25,34400,买盘
764,14:18:30,13.75,--,3,4125,卖盘
765,14:18:27,13.75,--,5,6875,卖盘
766,14:18:24,13.75,--,22,30250,卖盘
767,14:18:18,13.75,--,42,57750,卖盘
768,14:18:15,13.75,0.01,51,70125,买盘
769,14:18:12,13.74,-0.02,10,13740,卖盘
770,14:18:09,13.76,0.01,64,88064,买盘
771,14:18:06,13.75,--,70,96250,买盘
772,14:18:03,13.75,0.01,513,705375,买盘
773,14:18:00,13.74,--,57,78318,卖盘
774,14:17:57,13.74,--,4,5496,卖盘
775,14:17:54,13.74,-0.01,10,13740,卖盘
776,14:17:48,13.75,--,25,34375,买盘
777,14:17:45,13.75,0.01,26,35750,买盘
778,14:17:42,13.74,--,78,107172,卖盘
779,14:17:39,13.74,-0.01,67,92058,卖盘
780,14:17:36,13.75,--,187,257125,买盘
781,14:17:33,13.75,--,51,70125,买盘
782,14:17:30,13.75,0.01,20,27500,买盘
783,14:17:27,13.74,-0.01,11,15114,卖盘
784,14:17:24,13.75,0.01,228,313500,买盘
785,14:17:21,13.74,--,25,34350,卖盘
786,14:17:18,13.74,--,69,94806,卖盘
787,14:17:15,13.74,-0.01,4,5496,卖盘
788,14:17:12,13.75,0.01,75,103125,买盘
789,14:17:09,13.74,--,41,56334,卖盘
790,14:17:06,13.74,--,104,142896,卖盘
791,14:17:03,13.74,--,30,41220,卖盘
792,14:17:00,13.74,--,23,31602,卖盘
793,14:16:57,13.74,-0.01,37,50838,卖盘
794,14:16:54,13.75,0.01,85,116875,买盘
795,14:16:51,13.74,0.01,5,6870,买盘
796,14:16:45,13.73,-0.02,15,20595,卖盘
797,14:16:42,13.75,0.01,309,424875,买盘
798,14:16:39,13.74,--,572,785928,买盘
799,14:16:36,13.74,0.01,45,61830,买盘
800,14:16:33,13.73,--,24,32952,卖盘
801,14:16:30,13.73,--,13,17849,卖盘
802,14:16:27,13.73,--,41,56293,卖盘
803,14:16:24,13.73,-0.01,28,38444,卖盘
804,14:16:21,13.74,0.01,1,1374,买盘
805,14:16:18,13.73,--,15,20595,卖盘
806,14:16:15,13.73,--,19,26087,卖盘
807,14:16:12,13.73,-0.01,10,13730,卖盘
808,14:16:09,13.74,0.01,2,2748,买盘
809,14:16:06,13.73,0.01,491,674143,买盘
810,14:16:03,13.72,-0.01,16,21952,卖盘
811,14:16:00,13.73,--,4,5492,买盘
812,14:15:54,13.73,--,35,48055,买盘
813,14:15:51,13.73,--,131,179863,卖盘
814,14:15:48,13.73,--,11,15103,卖盘
815,14:15:45,13.73,--,6,8238,卖盘
816,14:15:42,13.73,0.01,132,181236,买盘
817,14:15:39,13.72,--,43,58996,卖盘
818,14:15:30,13.72,-0.01,230,315560,卖盘
819,14:15:27,13.73,-0.01,20,27460,买盘
820,14:15:24,13.74,0.01,101,138774,买盘
821,14:15:21,13.73,--,34,46682,卖盘
822,14:15:18,13.73,-0.01,20,27460,卖盘
823,14:15:15,13.74,--,18,24732,卖盘
824,14:15:12,13.74,0.01,31,42594,卖盘
825,14:15:09,13.73,--,62,85126,卖盘
826,14:15:06,13.73,--,71,97483,卖盘
827,14:15:03,13.73,--,31,42563,卖盘
828,14:15:00,13.73,--,63,86499,卖盘
829,14:14:57,13.73,--,27,37071,卖盘
830,14:14:54,13.73,-0.01,76,104348,中性盘
831,14:14:48,13.74,--,215,295410,买盘
832,14:14:45,13.74,0.01,52,71448,买盘
833,14:14:36,13.73,-0.01,77,105721,卖盘
834,14:14:33,13.74,--,208,285792,买盘
835,14:14:30,13.74,--,14,19236,买盘
836,14:14:27,13.74,--,6,8244,买盘
837,14:14:24,13.74,0.01,18,24732,买盘
838,14:14:21,13.73,--,14,19222,卖盘
839,14:14:18,13.73,-0.01,18,24714,卖盘
840,14:14:15,13.74,--,41,56334,买盘
841,14:14:12,13.74,0.01,41,56334,买盘
842,14:14:09,13.73,-0.01,53,72769,卖盘
843,14:14:06,13.74,0.01,30,41220,买盘
844,14:14:03,13.73,--,49,67277,卖盘
845,14:14:00,13.73,-0.01,36,49428,卖盘
846,14:13:57,13.74,--,23,31602,买盘
847,14:13:54,13.74,0.01,9,12366,买盘
848,14:13:51,13.73,-0.01,35,48055,卖盘
849,14:13:48,13.74,0.01,12,16488,买盘
850,14:13:45,13.73,-0.01,75,102975,卖盘
851,14:13:42,13.74,--,10,13740,买盘
852,14:13:39,13.74,--,6,8244,买盘
853,14:13:36,13.74,-0.01,45,61830,卖盘
854,14:13:33,13.75,--,6,8250,买盘
855,14:13:30,13.75,0.01,96,132000,买盘
856,14:13:27,13.74,-0.01,35,48090,卖盘
857,14:13:24,13.75,--,150,206250,买盘
858,14:13:21,13.75,--,85,116875,买盘
859,14:13:18,13.75,--,38,52250,卖盘
860,14:13:15,13.75,0.01,93,127875,买盘
861,14:13:12,13.74,-0.01,601,825774,卖盘
862,14:13:09,13.75,-0.01,114,156750,卖盘
863,14:13:06,13.76,--,21,28896,买盘
864,14:13:03,13.76,--,27,37152,买盘
865,14:13:00,13.76,--,249,342624,买盘
866,14:12:57,13.76,--,5,6880,买盘
867,14:12:54,13.76,--,1,1376,买盘
868,14:12:51,13.76,--,99,136224,卖盘
869,14:12:48,13.76,-0.01,19,26144,卖盘
870,14:12:45,13.77,0.01,203,279531,买盘
871,14:12:42,13.76,-0.01,14,19264,卖盘
872,14:12:39,13.77,0.01,65,89505,中性盘
873,14:12:36,13.76,-0.01,66,90816,卖盘
874,14:12:33,13.77,--,97,133569,卖盘
875,14:12:30,13.77,--,63,86751,卖盘
876,14:12:27,13.77,-0.01,24,33048,卖盘
877,14:12:24,13.78,0.01,1,1378,买盘
878,14:12:21,13.77,--,65,89505,买盘
879,14:12:18,13.77,0.01,263,362151,买盘
880,14:12:15,13.76,-0.01,31,42656,卖盘
881,14:12:12,13.77,--,42,57834,买盘
882,14:12:09,13.77,--,111,152847,买盘
883,14:12:06,13.77,--,60,82620,买盘
884,14:12:03,13.77,--,1,1377,买盘
885,14:12:00,13.77,--,97,133569,买盘
886,14:11:57,13.77,--,48,66096,买盘
887,14:11:54,13.77,0.01,22,30294,买盘
888,14:11:51,13.76,-0.01,38,52288,卖盘
889,14:11:48,13.77,0.01,126,173502,买盘
890,14:11:45,13.76,--,33,45408,卖盘
891,14:11:42,13.76,--,51,70176,卖盘
892,14:11:39,13.76,-0.01,126,173376,卖盘
893,14:11:36,13.77,0.01,187,257499,买盘
894,14:11:33,13.76,--,5,6880,卖盘
895,14:11:30,13.76,-0.01,144,198144,卖盘
896,14:11:27,13.77,--,52,71604,买盘
897,14:11:24,13.77,0.01,37,50949,买盘
898,14:11:21,13.76,--,138,189888,卖盘
899,14:11:18,13.76,-0.01,56,77056,卖盘
900,14:11:15,13.77,0.01,13,17901,买盘
901,14:11:12,13.76,-0.01,72,99072,卖盘
902,14:11:09,13.77,--,328,451656,买盘
903,14:11:06,13.77,--,28,38556,买盘
904,14:11:03,13.77,--,50,68850,买盘
905,14:11:00,13.77,--,14,19278,买盘
906,14:10:57,13.77,0.01,21,28917,买盘
907,14:10:54,13.76,0.01,2,2752,卖盘
908,14:10:51,13.75,--,39,53625,买盘
909,14:10:48,13.75,--,23,31625,买盘
910,14:10:45,13.75,-0.02,23,31625,卖盘
911,14:10:42,13.77,0.02,128,176256,买盘
912,14:10:39,13.75,--,71,97625,买盘
913,14:10:36,13.75,--,25,34375,买盘
914,14:10:33,13.75,-0.02,1268,1744228,卖盘
915,14:10:30,13.77,-0.01,112,154224,卖盘
916,14:10:27,13.78,0.01,259,356902,买盘
917,14:10:24,13.77,--,1119,1540863,卖盘
918,14:10:21,13.77,--,155,213435,卖盘
919,14:10:18,13.77,-0.01,100,137700,卖盘
920,14:10:15,13.78,0.01,14,19292,买盘
921,14:10:12,13.77,--,53,72981,卖盘
922,14:10:09,13.77,0.01,186,256769,买盘
923,14:10:06,13.76,--,100,137600,卖盘
924,14:10:03,13.76,--,84,115584,卖盘
925,14:10:00,13.76,--,134,184384,卖盘
926,14:09:57,13.76,--,328,451328,卖盘
927,14:09:54,13.76,--,249,342624,卖盘
928,14:09:51,13.76,--,227,313535,卖盘
929,14:09:48,13.76,-0.01,258,355008,卖盘
930,14:09:45,13.77,--,377,519129,买盘
931,14:09:42,13.77,0.01,116,159732,买盘
932,14:09:39,13.76,-0.01,62,85312,卖盘
933,14:09:36,13.77,0.02,84,115668,买盘
934,14:09:33,13.75,--,143,196625,卖盘
935,14:09:30,13.75,--,173,237875,卖盘
936,14:09:27,13.75,--,151,207625,卖盘
937,14:09:24,13.75,--,55,75625,卖盘
938,14:09:21,13.75,--,17,23375,卖盘
939,14:09:18,13.75,0.01,70,96250,买盘
940,14:09:15,13.74,-0.02,54,74196,卖盘
941,14:09:12,13.76,0.01,90,123840,买盘
942,14:09:09,13.75,--,208,286000,买盘
943,14:09:06,13.75,-0.03,1392,1915072,卖盘
944,14:09:03,13.78,--,2113,2911714,买盘
945,14:09:00,13.78,--,276,380328,买盘
946,14:08:57,13.78,--,308,424424,买盘
947,14:08:54,13.78,--,315,434070,买盘
948,14:08:51,13.78,-0.01,103,141934,卖盘
949,14:08:48,13.79,--,424,584696,买盘
950,14:08:45,13.79,-0.01,741,1021838,卖盘
951,14:08:42,13.8,0.01,3193,4406340,买盘
952,14:08:39,13.79,-0.01,253,348887,卖盘
953,14:08:36,13.8,0.01,869,1199220,买盘
954,14:08:33,13.79,0.01,336,463344,买盘
955,14:08:30,13.78,-0.01,651,897078,卖盘
956,14:08:27,13.79,--,867,1195593,买盘
957,14:08:24,13.79,0.01,534,736386,买盘
958,14:08:21,13.78,--,2333,3214874,买盘
959,14:08:18,13.78,--,478,658684,买盘
960,14:08:15,13.78,0.01,822,1132716,买盘
961,14:08:12,13.77,-0.01,549,755973,卖盘
962,14:08:09,13.78,0.01,2282,3144899,买盘
963,14:08:06,13.77,0.01,117,161109,买盘
964,14:08:03,13.76,--,508,699008,买盘
965,14:08:00,13.76,--,842,1158592,买盘
966,14:07:57,13.76,0.03,341,469216,买盘
967,14:07:54,13.73,--,21,28833,卖盘
968,14:07:51,13.73,0.02,122,167506,买盘
969,14:07:48,13.71,--,10150,13915650,卖盘
970,14:07:45,13.71,--,84,115164,卖盘
971,14:07:42,13.71,--,80,109680,买盘
972,14:07:39,13.71,--,2096,2873616,买盘
973,14:07:36,13.71,--,266,364686,买盘
974,14:07:33,13.71,0.01,106,145326,买盘
975,14:07:30,13.7,--,118,161660,卖盘
976,14:07:27,13.7,--,20,27400,卖盘
977,14:07:24,13.7,--,716,981796,买盘
978,14:07:21,13.7,0.01,55,75350,买盘
979,14:07:18,13.69,-0.01,2,2738,中性盘
980,14:07:15,13.7,0.01,2000,2740000,买盘
981,14:07:09,13.69,0.01,1,1369,买盘
982,14:07:06,13.68,--,524,716832,买盘
983,14:07:03,13.68,--,20,27360,买盘
984,14:07:00,13.68,--,22,30096,买盘
985,14:06:57,13.68,--,41,56088,买盘
986,14:06:54,13.68,0.01,404,552672,买盘
987,14:06:51,13.67,--,14,19138,卖盘
988,14:06:48,13.67,-0.01,10,13670,卖盘
989,14:06:45,13.68,0.01,40,54720,买盘
990,14:06:42,13.67,-0.01,1,1367,卖盘
991,14:06:33,13.68,0.01,21,28728,买盘
992,14:06:30,13.67,-0.01,86,117562,卖盘
993,14:06:27,13.68,--,51,69768,买盘
994,14:06:24,13.68,--,70,95760,买盘
995,14:06:21,13.68,--,39,53352,买盘
996,14:06:18,13.68,--,13,17784,买盘
997,14:06:15,13.68,--,10,13680,买盘
998,14:06:09,13.68,0.01,16,21888,买盘
999,14:06:06,13.67,--,42,57414,卖盘
1000,14:06:03,13.67,--,94,128498,卖盘
1001,14:06:00,13.67,--,66,90222,卖盘
1002,14:05:57,13.67,-0.01,36,49212,卖盘
1003,14:05:54,13.68,0.01,30,41040,买盘
1004,14:05:48,13.67,--,11,15037,卖盘
1005,14:05:45,13.67,-0.01,719,982873,卖盘
1006,14:05:42,13.68,--,120,164160,买盘
1007,14:05:39,13.68,0.01,18,24624,买盘
1008,14:05:36,13.67,-0.01,105,143535,卖盘
1009,14:05:33,13.68,0.01,1,1368,买盘
1010,14:05:30,13.67,--,76,103892,卖盘
1011,14:05:24,13.67,-0.01,5,6835,卖盘
1012,14:05:21,13.68,0.01,11,15048,买盘
1013,14:05:18,13.67,-0.01,12,16404,卖盘
1014,14:05:15,13.68,--,18,24624,买盘
1015,14:05:12,13.68,--,11,15048,买盘
1016,14:05:09,13.68,0.01,46,62928,买盘
1017,14:05:06,13.67,-0.01,39,53313,卖盘
1018,14:05:03,13.68,--,55,75240,买盘
1019,14:05:00,13.68,--,15,20520,买盘
1020,14:04:57,13.68,--,3,4104,买盘
1021,14:04:54,13.68,--,135,184680,买盘
1022,14:04:51,13.68,--,18,24624,买盘
1023,14:04:48,13.68,--,21,28728,买盘
1024,14:04:45,13.68,0.01,20,27360,买盘
1025,14:04:42,13.67,--,11,15037,卖盘
1026,14:04:39,13.67,--,80,109360,卖盘
1027,14:04:36,13.67,-0.01,5,6835,卖盘
1028,14:04:33,13.68,0.01,239,326952,买盘
1029,14:04:30,13.67,-0.01,1,1367,卖盘
1030,14:04:27,13.68,--,10,13680,买盘
1031,14:04:24,13.68,--,3,4104,买盘
1032,14:04:21,13.68,--,27,36936,买盘
1033,14:04:18,13.68,0.01,36,49248,买盘
1034,14:04:15,13.67,-0.01,31,42377,卖盘
1035,14:04:12,13.68,0.01,2,2736,买盘
1036,14:04:09,13.67,--,201,274767,卖盘
1037,14:04:06,13.67,-0.01,6,8202,卖盘
1038,14:04:03,13.68,--,10,13680,买盘
1039,14:04:00,13.68,--,20,27360,买盘
1040,14:03:57,13.68,0.01,1,1368,买盘
1041,14:03:54,13.67,--,32,43744,卖盘
1042,14:03:48,13.67,--,123,168141,卖盘
1043,14:03:45,13.67,-0.01,202,276134,卖盘
1044,14:03:42,13.68,0.01,1,1368,买盘
1045,14:03:39,13.67,--,1,1367,卖盘
1046,14:03:36,13.67,--,79,107993,买盘
1047,14:03:33,13.67,0.01,23,31441,买盘
1048,14:03:30,13.66,--,7,9562,卖盘
1049,14:03:27,13.66,-0.01,25,34150,卖盘
1050,14:03:24,13.67,0.01,252,344484,买盘
1051,14:03:21,13.66,--,65,88790,卖盘
1052,14:03:18,13.66,-0.01,129,176214,卖盘
1053,14:03:15,13.67,0.01,2,2734,买盘
1054,14:03:09,13.66,--,42,57372,卖盘
1055,14:03:06,13.66,-0.01,107,146162,卖盘
1056,14:03:03,13.67,0.01,27,36909,买盘
1057,14:03:00,13.66,--,1,1366,卖盘
1058,14:02:57,13.66,--,24,32784,买盘
1059,14:02:54,13.66,-0.01,83,113378,卖盘
1060,14:02:51,13.67,0.01,182,248794,买盘
1061,14:02:48,13.66,-0.01,64,87424,卖盘
1062,14:02:45,13.67,0.01,51,69717,买盘
1063,14:02:42,13.66,--,6,8196,卖盘
1064,14:02:39,13.66,-0.01,20,27320,卖盘
1065,14:02:36,13.67,0.01,4,5468,买盘
1066,14:02:33,13.66,--,8,10928,卖盘
1067,14:02:30,13.66,-0.01,1,1366,卖盘
1068,14:02:24,13.67,0.01,52,71084,买盘
1069,14:02:21,13.66,--,17,23222,买盘
1070,14:02:18,13.66,0.01,92,125672,买盘
1071,14:02:15,13.65,--,32,43680,卖盘
1072,14:02:12,13.65,--,100,136500,卖盘
1073,14:02:09,13.65,--,47,64155,卖盘
1074,14:02:06,13.65,--,5,6825,卖盘
1075,14:02:03,13.65,--,104,141960,买盘
1076,14:02:00,13.65,--,112,152880,买盘
1077,14:01:57,13.65,0.01,25,34125,买盘
1078,14:01:54,13.64,-0.01,43,58652,卖盘
1079,14:01:51,13.65,--,3,4095,买盘
1080,14:01:48,13.65,--,188,256620,买盘
1081,14:01:45,13.65,--,42,57330,买盘
1082,14:01:42,13.65,--,4,5460,买盘
1083,14:01:39,13.65,-0.03,1071,1461915,卖盘
1084,14:01:36,13.68,0.01,1,1368,买盘
1085,14:01:33,13.67,-0.01,14,19138,卖盘
1086,14:01:30,13.68,0.01,45,61560,买盘
1087,14:01:27,13.67,-0.01,11,15037,卖盘
1088,14:01:21,13.68,--,34,46512,买盘
1089,14:01:18,13.68,-0.01,529,723672,卖盘
1090,14:01:15,13.69,0.01,81,110889,买盘
1091,14:01:12,13.68,-0.01,143,195624,卖盘
1092,14:01:09,13.69,0.01,409,559921,买盘
1093,14:01:06,13.68,-0.01,45,61560,卖盘
1094,14:01:03,13.69,0.01,13,17797,买盘
1095,14:01:00,13.68,--,26,35568,卖盘
1096,14:00:57,13.68,-0.01,6,8208,卖盘
1097,14:00:54,13.69,--,97,132793,买盘
1098,14:00:51,13.69,--,15,20535,买盘
1099,14:00:48,13.69,0.01,53,72557,买盘
1100,14:00:45,13.68,-0.01,3,4104,卖盘
1101,14:00:42,13.69,--,6,8214,买盘
1102,14:00:39,13.69,--,37,50653,买盘
1103,14:00:36,13.69,--,109,149221,卖盘
1104,14:00:30,13.69,--,98,134162,买盘
1105,14:00:24,13.69,--,1,1369,买盘
1106,14:00:21,13.69,--,83,113627,买盘
1107,14:00:18,13.69,--,311,425759,买盘
1108,14:00:15,13.69,--,9,12321,买盘
1109,14:00:12,13.69,--,51,69819,买盘
1110,14:00:09,13.69,0.01,6,8214,买盘
1111,14:00:06,13.68,-0.01,105,143640,卖盘
1112,14:00:03,13.69,0.01,9,12321,买盘
1113,14:00:00,13.68,-0.01,21,28728,卖盘
1114,13:59:57,13.69,--,3,4107,买盘
1115,13:59:54,13.69,0.01,2,2738,买盘
1116,13:59:45,13.68,-0.01,11,15048,卖盘
1117,13:59:42,13.69,--,95,130055,买盘
1118,13:59:39,13.69,--,5,6845,买盘
1119,13:59:36,13.69,--,255,349095,卖盘
1120,13:59:33,13.69,--,5,6845,卖盘
1121,13:59:30,13.69,-0.01,9,12321,买盘
1122,13:59:27,13.7,0.01,113,154810,买盘
1123,13:59:24,13.69,0.01,49,67081,买盘
1124,13:59:21,13.68,-0.01,11,15048,卖盘
1125,13:59:18,13.69,0.01,14,19166,买盘
1126,13:59:12,13.68,-0.01,79,108072,卖盘
1127,13:59:09,13.69,0.01,84,114996,买盘
1128,13:59:06,13.68,--,23,31464,卖盘
1129,13:59:03,13.68,-0.01,14,19152,卖盘
1130,13:59:00,13.69,--,1249,1709881,买盘
1131,13:58:57,13.69,--,10,13690,买盘
1132,13:58:54,13.69,--,8,10952,买盘
1133,13:58:51,13.69,0.02,10,13690,买盘
1134,13:58:48,13.67,-0.02,201,274767,卖盘
1135,13:58:45,13.69,--,183,250527,买盘
1136,13:58:42,13.69,0.01,80,109520,买盘
1137,13:58:39,13.68,--,1,1368,卖盘
1138,13:58:36,13.68,--,141,192888,卖盘
1139,13:58:30,13.68,-0.01,12,16416,中性盘
1140,13:58:27,13.69,0.02,342,468198,买盘
1141,13:58:24,13.67,-0.01,30,41010,卖盘
1142,13:58:18,13.68,-0.01,513,701784,卖盘
1143,13:58:15,13.69,0.01,82,112258,买盘
1144,13:58:12,13.68,--,4,5472,买盘
1145,13:58:09,13.68,-0.01,4,5472,中性盘
1146,13:58:06,13.69,0.02,374,512006,买盘
1147,13:58:03,13.67,-0.01,1,1367,卖盘
1148,13:58:00,13.68,--,126,172368,买盘
1149,13:57:57,13.68,0.01,201,274968,买盘
1150,13:57:54,13.67,--,11,15037,卖盘
1151,13:57:51,13.67,0.01,3,4101,买盘
1152,13:57:45,13.66,-0.02,27,36882,卖盘
1153,13:57:42,13.68,0.01,365,499320,买盘
1154,13:57:39,13.67,--,14,19138,买盘
1155,13:57:36,13.67,--,107,146269,买盘
1156,13:57:33,13.67,0.01,61,83387,买盘
1157,13:57:30,13.66,-0.01,5,6830,卖盘
1158,13:57:24,13.67,0.02,1,1367,买盘
1159,13:57:18,13.65,-0.02,61,83265,卖盘
1160,13:57:15,13.67,0.03,224,306208,买盘
1161,13:57:12,13.64,-0.02,5,6820,卖盘
1162,13:57:09,13.66,0.02,70,95620,买盘
1163,13:57:06,13.64,-0.01,18,24552,卖盘
1164,13:57:03,13.65,0.01,36,49140,中性盘
1165,13:57:00,13.64,-0.02,27,36828,卖盘
1166,13:56:57,13.66,--,125,170750,买盘
1167,13:56:54,13.66,0.01,51,69666,买盘
1168,13:56:48,13.65,--,3,4095,卖盘
1169,13:56:45,13.65,--,11,15015,卖盘
1170,13:56:42,13.65,0.01,107,146055,买盘
1171,13:56:39,13.64,-0.02,2,2728,买盘
1172,13:56:36,13.66,0.02,158,215828,买盘
1173,13:56:33,13.64,--,60,81840,卖盘
1174,13:56:30,13.64,-0.02,2,2728,卖盘
1175,13:56:27,13.66,0.02,27,36882,买盘
1176,13:56:24,13.64,0.01,10,13640,卖盘
1177,13:56:21,13.63,-0.01,140,190820,卖盘
1178,13:56:18,13.64,--,3,4092,卖盘
1179,13:56:15,13.64,--,2,2728,卖盘
1180,13:56:06,13.64,-0.01,8,10912,中性盘
1181,13:56:00,13.65,0.02,1,1365,中性盘
1182,13:55:57,13.63,-0.03,420,572460,卖盘
1183,13:55:54,13.66,--,181,247246,买盘
1184,13:55:48,13.66,0.01,35,47810,买盘
1185,13:55:45,13.65,--,72,98280,买盘
1186,13:55:42,13.65,--,8,10920,买盘
1187,13:55:39,13.65,-0.01,137,187005,卖盘
1188,13:55:36,13.66,--,111,151626,卖盘
1189,13:55:33,13.66,--,247,337402,卖盘
1190,13:55:30,13.66,--,2,2732,卖盘
1191,13:55:24,13.66,--,51,69666,卖盘
1192,13:55:21,13.66,0.02,377,514982,买盘
1193,13:55:18,13.64,-0.01,165,225060,卖盘
1194,13:55:12,13.65,--,13,17745,卖盘
1195,13:55:09,13.65,--,2,2730,卖盘
1196,13:55:06,13.65,-0.01,6,8190,卖盘
1197,13:55:03,13.66,0.01,5,6830,买盘
1198,13:55:00,13.65,-0.01,158,215670,卖盘
1199,13:54:57,13.66,--,2,2732,买盘
1200,13:54:51,13.66,0.01,9,12294,买盘
1201,13:54:48,13.65,--,6,8190,卖盘
1202,13:54:45,13.65,-0.01,26,35490,卖盘
1203,13:54:42,13.66,--,101,137966,买盘
1204,13:54:39,13.66,--,75,102450,买盘
1205,13:54:36,13.66,-0.01,548,748568,卖盘
1206,13:54:33,13.67,--,7,9569,买盘
1207,13:54:30,13.67,-0.01,3,4101,买盘
1208,13:54:27,13.68,--,438,599184,买盘
1209,13:54:24,13.68,--,60,82080,买盘
1210,13:54:21,13.68,0.02,116,158688,买盘
1211,13:54:18,13.66,-0.01,310,423460,卖盘
1212,13:54:15,13.67,--,85,116195,买盘
1213,13:54:12,13.67,--,30,41010,买盘
1214,13:54:09,13.67,0.01,12,16404,买盘
1215,13:54:06,13.66,-0.01,168,229488,卖盘
1216,13:54:03,13.67,--,376,513992,卖盘
1217,13:54:00,13.67,-0.01,333,455211,卖盘
1218,13:53:57,13.68,0.01,55,75240,买盘
1219,13:53:54,13.67,--,6,8202,卖盘
1220,13:53:51,13.67,-0.01,145,198215,卖盘
1221,13:53:48,13.68,0.01,2,2736,买盘
1222,13:53:45,13.67,--,110,150370,卖盘
1223,13:53:42,13.67,-0.01,7,9569,卖盘
1224,13:53:39,13.68,--,23,31464,买盘
1225,13:53:36,13.68,--,426,582768,买盘
1226,13:53:33,13.68,0.01,27,36936,买盘
1227,13:53:27,13.67,-0.01,8,10936,卖盘
1228,13:53:24,13.68,0.01,116,158688,买盘
1229,13:53:21,13.67,-0.01,14,19138,卖盘
1230,13:53:18,13.68,--,1,1368,买盘
1231,13:53:15,13.68,--,326,445968,卖盘
1232,13:53:12,13.68,-0.01,38,51984,卖盘
1233,13:53:06,13.69,0.01,30,41070,买盘
1234,13:53:00,13.68,-0.01,122,166896,卖盘
1235,13:52:57,13.69,--,52,71188,买盘
1236,13:52:54,13.69,--,2,2738,买盘
1237,13:52:51,13.69,--,11,15059,买盘
1238,13:52:48,13.69,--,58,79402,买盘
1239,13:52:45,13.69,--,10,13690,买盘
1240,13:52:42,13.69,--,381,521589,买盘
1241,13:52:39,13.69,--,173,236837,买盘
1242,13:52:36,13.69,--,2,2738,买盘
1243,13:52:33,13.69,--,361,494209,买盘
1244,13:52:30,13.69,--,10,13690,买盘
1245,13:52:27,13.69,--,61,83509,买盘
1246,13:52:24,13.69,--,42,57498,买盘
1247,13:52:21,13.69,--,47,64343,卖盘
1248,13:52:18,13.69,-0.01,163,223147,中性盘
1249,13:52:15,13.7,0.02,1369,1875530,买盘
1250,13:52:12,13.68,-0.01,58,79344,卖盘
1251,13:52:09,13.69,--,63,86247,卖盘
1252,13:52:06,13.69,--,6,8214,卖盘
1253,13:52:03,13.69,0.01,15,20535,买盘
1254,13:52:00,13.68,-0.01,206,281808,卖盘
1255,13:51:57,13.69,--,7,9583,买盘
1256,13:51:54,13.69,0.01,700,958300,买盘
1257,13:51:51,13.68,-0.01,62,84816,卖盘
1258,13:51:48,13.69,--,8,10952,买盘
1259,13:51:45,13.69,--,73,99937,买盘
1260,13:51:39,13.69,--,77,105413,买盘
1261,13:51:36,13.69,--,54,73926,买盘
1262,13:51:33,13.69,0.01,12,16428,买盘
1263,13:51:30,13.68,-0.01,101,138168,卖盘
1264,13:51:24,13.69,--,65,88985,买盘
1265,13:51:21,13.69,--,3,4107,卖盘
1266,13:51:18,13.69,0.01,252,344988,买盘
1267,13:51:15,13.68,--,173,236664,买盘
1268,13:51:12,13.68,-0.01,90,123120,卖盘
1269,13:51:09,13.69,--,198,271062,买盘
1270,13:51:06,13.69,--,1018,1393642,买盘
1271,13:51:03,13.69,0.01,22,30118,买盘
1272,13:51:00,13.68,-0.01,85,116280,卖盘
1273,13:50:57,13.69,--,30,41070,买盘
1274,13:50:54,13.69,0.01,319,436711,买盘
1275,13:50:51,13.68,--,309,422712,卖盘
1276,13:50:45,13.68,--,9,12312,卖盘
1277,13:50:42,13.68,--,1057,1445976,买盘
1278,13:50:39,13.68,--,30,41040,买盘
1279,13:50:36,13.68,0.01,404,552672,买盘
1280,13:50:33,13.67,-0.01,181,247427,卖盘
1281,13:50:30,13.68,--,191,261288,买盘
1282,13:50:27,13.68,0.01,51,69768,买盘
1283,13:50:24,13.67,--,25,34175,卖盘
1284,13:50:21,13.67,0.01,273,373191,买盘
1285,13:50:18,13.66,-0.01,225,307350,卖盘
1286,13:50:15,13.67,--,13,17771,买盘
1287,13:50:12,13.67,0.01,57,77919,买盘
1288,13:50:09,13.66,-0.01,28,38248,卖盘
1289,13:50:06,13.67,--,95,129865,买盘
1290,13:50:03,13.67,--,171,233757,买盘
1291,13:50:00,13.67,--,42,57414,买盘
1292,13:49:57,13.67,--,49,66983,买盘
1293,13:49:54,13.67,--,1,1367,买盘
1294,13:49:51,13.67,0.01,317,433339,买盘
1295,13:49:48,13.66,--,115,157090,买盘
1296,13:49:45,13.66,--,59,80594,买盘
1297,13:49:42,13.66,0.01,95,129770,买盘
1298,13:49:39,13.65,--,2005,2736825,买盘
1299,13:49:36,13.65,--,47,64155,买盘
1300,13:49:33,13.65,--,7,9555,买盘
1301,13:49:30,13.65,--,563,768495,买盘
1302,13:49:27,13.65,--,151,206115,买盘
1303,13:49:24,13.65,--,1189,1622985,买盘
1304,13:49:21,13.65,0.01,178,242970,买盘
1305,13:49:18,13.64,--,20,27280,卖盘
1306,13:49:15,13.64,--,308,420112,买盘
1307,13:49:12,13.64,--,22,30008,买盘
1308,13:49:09,13.64,0.01,72,98208,买盘
1309,13:49:06,13.63,-0.01,144,196272,卖盘
1310,13:49:03,13.64,0.01,133,181412,买盘
1311,13:49:00,13.63,--,96,130848,卖盘
1312,13:48:57,13.63,-0.01,2,2726,卖盘
1313,13:48:54,13.64,--,103,140492,买盘
1314,13:48:51,13.64,0.01,226,308264,买盘
1315,13:48:48,13.63,-0.01,302,411626,卖盘
1316,13:48:45,13.64,--,198,270072,买盘
1317,13:48:42,13.64,--,15,20460,买盘
1318,13:48:39,13.64,--,47,64108,买盘
1319,13:48:36,13.64,--,200,272800,买盘
1320,13:48:33,13.64,0.01,102,139128,买盘
1321,13:48:30,13.63,--,22,29986,卖盘
1322,13:48:27,13.63,--,12,16356,卖盘
1323,13:48:24,13.63,--,4,5452,买盘
1324,13:48:21,13.63,--,73,99499,买盘
1325,13:48:18,13.63,0.01,75,102225,买盘
1326,13:48:15,13.62,-0.01,13,17706,卖盘
1327,13:48:12,13.63,--,31,42253,买盘
1328,13:48:09,13.63,--,241,328483,买盘
1329,13:48:06,13.63,0.01,146,198998,买盘
1330,13:48:03,13.62,-0.01,26,35412,卖盘
1331,13:48:00,13.63,0.01,30,40890,买盘
1332,13:47:57,13.62,--,13,17706,卖盘
1333,13:47:54,13.62,--,10,13620,卖盘
1334,13:47:51,13.62,-0.01,82,111684,卖盘
1335,13:47:48,13.63,0.01,22,29986,买盘
1336,13:47:45,13.62,--,105,143010,卖盘
1337,13:47:42,13.62,-0.01,3,4085,卖盘
1338,13:47:39,13.63,0.01,12,16356,买盘
1339,13:47:36,13.62,--,7,9534,卖盘
1340,13:47:33,13.62,--,10,13620,卖盘
1341,13:47:30,13.62,0.02,1049,1429010,买盘
1342,13:47:24,13.6,-0.01,244,331840,卖盘
1343,13:47:18,13.61,--,72,99080,买盘
1344,13:47:15,13.61,--,21,28581,买盘
1345,13:47:12,13.61,0.01,25,34025,买盘
1346,13:47:06,13.6,-0.01,63,85680,卖盘
1347,13:47:03,13.61,--,15,20415,买盘
1348,13:47:00,13.61,--,7,9527,买盘
1349,13:46:54,13.61,--,81,110241,买盘
1350,13:46:51,13.61,--,1,1361,买盘
1351,13:46:48,13.61,0.01,2,2722,买盘
1352,13:46:45,13.6,--,290,394400,卖盘
1353,13:46:42,13.6,--,16,21760,卖盘
1354,13:46:36,13.6,--,31,42160,卖盘
1355,13:46:33,13.6,--,59,80240,卖盘
1356,13:46:30,13.6,--,50,68000,卖盘
1357,13:46:24,13.6,-0.01,4,5440,卖盘
1358,13:46:21,13.61,--,13,17693,买盘
1359,13:46:18,13.61,--,19,25859,买盘
1360,13:46:15,13.61,--,37,50357,买盘
1361,13:46:12,13.61,--,3,4083,买盘
1362,13:46:09,13.61,0.01,120,163320,买盘
1363,13:46:06,13.6,--,10,13600,卖盘
1364,13:46:03,13.6,--,17,23120,中性盘
1365,13:45:57,13.6,--,574,780640,卖盘
1366,13:45:51,13.6,--,27,36720,卖盘
1367,13:45:48,13.6,--,100,136000,卖盘
1368,13:45:45,13.6,--,26,35360,卖盘
1369,13:45:42,13.6,--,100,136000,卖盘
1370,13:45:39,13.6,--,20,27200,卖盘
1371,13:45:36,13.6,-0.01,23,31280,卖盘
1372,13:45:33,13.61,0.01,24,32664,买盘
1373,13:45:30,13.6,-0.01,12,16320,卖盘
1374,13:45:27,13.61,0.01,79,107519,买盘
1375,13:45:24,13.6,--,10,13600,卖盘
1376,13:45:21,13.6,--,347,471920,卖盘
1377,13:45:18,13.6,--,25,34000,卖盘
1378,13:45:15,13.6,--,2,2720,卖盘
1379,13:45:12,13.6,-0.01,19,25840,卖盘
1380,13:45:09,13.61,0.01,5,6805,中性盘
1381,13:45:06,13.6,-0.01,5,6800,卖盘
1382,13:45:03,13.61,--,301,409661,卖盘
1383,13:45:00,13.61,--,9,12249,卖盘
1384,13:44:57,13.61,0.01,23,31303,卖盘
1385,13:44:54,13.6,--,413,561897,买盘
1386,13:44:51,13.6,-0.01,1147,1560464,卖盘
1387,13:44:48,13.61,--,51,69411,买盘
1388,13:44:45,13.61,--,41,55801,买盘
1389,13:44:42,13.61,--,51,69411,买盘
1390,13:44:33,13.61,0.01,9,12249,买盘
1391,13:44:27,13.6,--,19,26656,卖盘
1392,13:44:21,13.6,-0.01,41,55760,卖盘
1393,13:44:18,13.61,--,80,108880,买盘
1394,13:44:15,13.61,0.01,7,9527,买盘
1395,13:44:12,13.6,--,22,29920,卖盘
1396,13:44:09,13.6,-0.01,7,9520,卖盘
1397,13:44:06,13.61,--,21,28581,买盘
1398,13:44:03,13.61,0.01,352,479072,买盘
1399,13:44:00,13.6,--,7,9520,卖盘
1400,13:43:54,13.6,--,2,2720,卖盘
1401,13:43:48,13.6,--,33,44880,卖盘
1402,13:43:45,13.6,--,394,535840,买盘
1403,13:43:42,13.6,--,1,1360,买盘
1404,13:43:39,13.6,--,8,10880,买盘
1405,13:43:36,13.6,0.01,47,63920,买盘
1406,13:43:33,13.59,-0.01,60,81540,卖盘
1407,13:43:27,13.6,-0.01,40,54400,中性盘
1408,13:43:24,13.61,0.01,194,264034,买盘
1409,13:43:21,13.6,0.01,29,39440,买盘
1410,13:43:18,13.59,--,25,33975,卖盘
1411,13:43:15,13.59,-0.01,11,14949,卖盘
1412,13:43:12,13.6,0.01,6,8160,卖盘
1413,13:43:09,13.59,--,20,27180,卖盘
1414,13:43:06,13.59,-0.01,493,669987,卖盘
1415,13:43:00,13.6,--,23,31280,买盘
1416,13:42:57,13.6,0.01,40,54400,买盘
1417,13:42:54,13.59,-0.01,32,43488,卖盘
1418,13:42:48,13.6,--,9,12240,买盘
1419,13:42:42,13.6,--,73,100096,卖盘
1420,13:42:39,13.6,--,51,69360,卖盘
1421,13:42:36,13.6,--,4,5440,卖盘
1422,13:42:33,13.6,-0.01,25,34000,卖盘
1423,13:42:30,13.61,0.01,6,8166,买盘
1424,13:42:27,13.6,-0.01,56,76160,卖盘
1425,13:42:24,13.61,--,27,36747,买盘
1426,13:42:21,13.61,0.01,20,27220,买盘
1427,13:42:18,13.6,--,15,20400,卖盘
1428,13:42:15,13.6,--,7,9520,卖盘
1429,13:42:12,13.6,-0.01,125,170000,卖盘
1430,13:42:09,13.61,0.01,55,74855,买盘
1431,13:42:06,13.6,-0.01,17,23120,卖盘
1432,13:42:03,13.61,--,54,73494,买盘
1433,13:42:00,13.61,0.01,11,14971,买盘
1434,13:41:57,13.6,--,21,28560,卖盘
1435,13:41:51,13.6,--,553,752624,买盘
1436,13:41:48,13.6,--,16,21760,买盘
1437,13:41:45,13.6,0.01,1,1360,买盘
1438,13:41:42,13.59,0.01,441,599319,买盘
1439,13:41:39,13.58,-0.01,217,294686,卖盘
1440,13:41:36,13.59,0.01,30,40770,买盘
1441,13:41:33,13.58,--,23,31234,卖盘
1442,13:41:30,13.58,0.01,27,36666,买盘
1443,13:41:27,13.57,0.01,3,4071,买盘
1444,13:41:21,13.56,--,30,40680,买盘
1445,13:41:18,13.56,-0.02,548,743088,卖盘
1446,13:41:15,13.58,0.01,97,131726,买盘
1447,13:41:09,13.57,--,17,23069,卖盘
1448,13:41:06,13.57,--,6,8142,卖盘
1449,13:41:03,13.57,--,11,14927,卖盘
1450,13:40:57,13.57,--,16,21712,卖盘
1451,13:40:54,13.57,0.01,11,14927,买盘
1452,13:40:51,13.56,-0.01,53,71868,卖盘
1453,13:40:48,13.57,--,1,1357,买盘
1454,13:40:42,13.57,0.01,41,55637,买盘
1455,13:40:30,13.56,0.01,5,6780,卖盘
1456,13:40:27,13.55,-0.02,7,9485,卖盘
1457,13:40:24,13.57,0.01,360,488520,买盘
1458,13:40:21,13.56,--,1,1356,买盘
1459,13:40:18,13.56,--,374,507144,买盘
1460,13:40:15,13.56,0.01,10,13560,买盘
1461,13:40:12,13.55,-0.01,317,429535,卖盘
1462,13:40:09,13.56,--,11,14916,卖盘
1463,13:40:06,13.56,-0.01,75,101700,卖盘
1464,13:40:03,13.57,--,17,23069,买盘
1465,13:40:00,13.57,0.02,69,93633,买盘
1466,13:39:57,13.55,-0.02,2077,2814335,卖盘
1467,13:39:54,13.57,--,223,302611,买盘
1468,13:39:51,13.57,--,6,8142,买盘
1469,13:39:48,13.57,--,54,73278,买盘
1470,13:39:45,13.57,--,110,149270,买盘
1471,13:39:42,13.57,--,220,298540,买盘
1472,13:39:39,13.57,0.01,42,56994,买盘
1473,13:39:33,13.56,-0.01,1,1356,卖盘
1474,13:39:30,13.57,--,100,135700,买盘
1475,13:39:24,13.57,--,1,1357,买盘
1476,13:39:21,13.57,--,2,2714,买盘
1477,13:39:18,13.57,0.01,32,43424,买盘
1478,13:39:15,13.56,-0.01,25,33900,卖盘
1479,13:39:12,13.57,--,3,4071,买盘
1480,13:39:09,13.57,--,96,130272,买盘
1481,13:39:06,13.57,0.01,37,50209,买盘
1482,13:39:03,13.56,--,267,362052,卖盘
1483,13:39:00,13.56,-0.01,7,9492,卖盘
1484,13:38:54,13.57,0.01,1,1357,买盘
1485,13:38:51,13.56,--,1,1356,卖盘
1486,13:38:48,13.56,-0.01,11,14916,卖盘
1487,13:38:45,13.57,0.01,24,32568,买盘
1488,13:38:42,13.56,-0.01,500,678000,卖盘
1489,13:38:33,13.57,--,111,150627,买盘
1490,13:38:30,13.57,--,80,108560,买盘
1491,13:38:27,13.57,0.01,112,151984,买盘
1492,13:38:24,13.56,-0.01,4,5424,卖盘
1493,13:38:21,13.57,--,527,715139,买盘
1494,13:38:18,13.57,--,1,1357,买盘
1495,13:38:15,13.57,--,1,1357,买盘
1496,13:38:12,13.57,0.01,43,58351,买盘
1497,13:38:09,13.56,--,80,108480,卖盘
1498,13:38:06,13.56,-0.01,7,9492,卖盘
1499,13:38:00,13.57,--,564,765348,卖盘
1500,13:37:57,13.57,--,58,78706,卖盘
1501,13:37:54,13.57,--,10,13570,卖盘
1502,13:37:51,13.57,-0.02,1,1357,卖盘
1503,13:37:42,13.59,--,359,487881,买盘
1504,13:37:39,13.59,0.01,5,6795,买盘
1505,13:37:33,13.58,-0.01,105,142590,卖盘
1506,13:37:30,13.59,--,62,84258,买盘
1507,13:37:24,13.59,--,139,188901,卖盘
1508,13:37:21,13.59,-0.01,185,251415,卖盘
1509,13:37:18,13.6,--,2,2720,买盘
1510,13:37:15,13.6,--,2,2720,买盘
1511,13:37:12,13.6,--,156,212160,买盘
1512,13:37:09,13.6,0.01,38,51680,买盘
1513,13:37:06,13.59,-0.01,17,23103,卖盘
1514,13:37:03,13.6,--,4,5440,买盘
1515,13:36:57,13.6,-0.01,56,76160,卖盘
1516,13:36:54,13.61,0.01,22,29942,买盘
1517,13:36:51,13.6,-0.01,502,682720,卖盘
1518,13:36:48,13.61,0.01,8,10888,买盘
1519,13:36:45,13.6,--,43,58480,卖盘
1520,13:36:42,13.6,-0.02,9,12240,卖盘
1521,13:36:39,13.62,0.01,5,6810,买盘
1522,13:36:36,13.61,-0.01,1,1361,买盘
1523,13:36:33,13.62,--,1,1362,买盘
1524,13:36:30,13.62,--,377,513473,买盘
1525,13:36:27,13.62,--,1,1362,买盘
1526,13:36:24,13.62,0.01,9,12258,买盘
1527,13:36:21,13.61,-0.01,70,95270,卖盘
1528,13:36:18,13.62,--,13,17706,买盘
1529,13:36:12,13.62,--,216,295281,卖盘
1530,13:36:09,13.62,--,19,25878,卖盘
1531,13:36:06,13.62,--,325,442650,卖盘
1532,13:36:03,13.62,--,21,28602,卖盘
1533,13:36:00,13.62,--,84,114408,卖盘
1534,13:35:57,13.62,--,2,2724,卖盘
1535,13:35:51,13.62,--,71,96702,卖盘
1536,13:35:48,13.62,--,1,1362,卖盘
1537,13:35:45,13.62,--,14,19068,卖盘
1538,13:35:42,13.62,-0.01,17,23154,卖盘
1539,13:35:36,13.63,0.01,217,295771,买盘
1540,13:35:33,13.62,-0.01,95,129389,卖盘
1541,13:35:30,13.63,--,11,14993,买盘
1542,13:35:27,13.63,--,16,21808,买盘
1543,13:35:24,13.63,0.01,11,14993,买盘
1544,13:35:21,13.62,--,7,9534,卖盘
1545,13:35:15,13.62,--,9,12258,卖盘
1546,13:35:12,13.62,--,48,65375,卖盘
1547,13:35:06,13.62,--,25,34050,卖盘
1548,13:35:03,13.62,--,17,23154,卖盘
1549,13:35:00,13.62,--,72,98064,卖盘
1550,13:34:57,13.62,-0.01,224,305088,卖盘
1551,13:34:54,13.63,0.01,89,121307,买盘
1552,13:34:51,13.62,--,3,4085,卖盘
1553,13:34:45,13.62,--,6,8171,卖盘
1554,13:34:42,13.62,--,123,167526,卖盘
1555,13:34:39,13.62,--,20,27240,卖盘
1556,13:34:36,13.62,-0.01,22,29964,卖盘
1557,13:34:33,13.63,0.01,93,126759,买盘
1558,13:34:30,13.62,--,30,40860,卖盘
1559,13:34:21,13.62,-0.01,15,20430,卖盘
1560,13:34:18,13.63,--,51,69513,买盘
1561,13:34:15,13.63,--,128,174464,买盘
1562,13:34:09,13.63,0.01,6,8178,买盘
1563,13:34:06,13.62,-0.01,20,27240,卖盘
1564,13:34:03,13.63,0.01,17,23171,买盘
1565,13:34:00,13.62,-0.01,2,2724,卖盘
1566,13:33:57,13.63,--,42,57246,买盘
1567,13:33:54,13.63,--,46,62698,买盘
1568,13:33:48,13.63,--,25,34075,买盘
1569,13:33:45,13.63,0.01,14,19082,买盘
1570,13:33:42,13.62,-0.01,10,13620,卖盘
1571,13:33:39,13.63,0.01,101,137663,买盘
1572,13:33:36,13.62,-0.01,12,16343,卖盘
1573,13:33:33,13.63,--,8,10904,买盘
1574,13:33:30,13.63,--,13,17719,卖盘
1575,13:33:27,13.63,--,504,686952,买盘
1576,13:33:24,13.63,--,5,6815,买盘
1577,13:33:18,13.63,--,120,163832,买盘
1578,13:33:15,13.63,0.01,187,254881,买盘
1579,13:33:12,13.62,--,11,14982,卖盘
1580,13:33:06,13.62,--,12,16343,卖盘
1581,13:33:03,13.62,-0.01,31,42222,卖盘
1582,13:33:00,13.63,--,119,162197,买盘
1583,13:32:54,13.63,0.01,7,9541,买盘
1584,13:32:51,13.62,-0.01,68,92616,卖盘
1585,13:32:48,13.63,--,86,117218,买盘
1586,13:32:45,13.63,--,67,91321,买盘
1587,13:32:42,13.63,0.01,30,40890,买盘
1588,13:32:36,13.62,-0.01,78,106236,卖盘
1589,13:32:33,13.63,--,382,520666,买盘
1590,13:32:30,13.63,0.01,27,36801,买盘
1591,13:32:27,13.62,-0.01,150,204300,卖盘
1592,13:32:24,13.63,0.01,64,87232,买盘
1593,13:32:21,13.62,-0.01,3,4085,卖盘
1594,13:32:18,13.63,--,20,27260,买盘
1595,13:32:15,13.63,0.01,10,13630,买盘
1596,13:32:12,13.62,-0.01,47,64013,卖盘
1597,13:32:09,13.63,0.01,1,1363,买盘
1598,13:32:06,13.62,--,134,182508,卖盘
1599,13:32:03,13.62,--,132,179784,卖盘
1600,13:32:00,13.62,-0.01,59,80358,卖盘
1601,13:31:57,13.63,0.01,47,64061,买盘
1602,13:31:54,13.62,0.01,309,420858,买盘
1603,13:31:51,13.61,-0.01,10,13610,卖盘
1604,13:31:45,13.62,--,21,28602,买盘
1605,13:31:42,13.62,--,26,35412,买盘
1606,13:31:39,13.62,0.01,11,14982,买盘
1607,13:31:36,13.61,-0.01,8,10888,卖盘
1608,13:31:33,13.62,-0.01,16,21792,中性盘
1609,13:31:30,13.63,0.01,128,174464,买盘
1610,13:31:27,13.62,--,58,78996,买盘
1611,13:31:24,13.62,--,267,363654,卖盘
1612,13:31:21,13.62,--,55,74910,卖盘
1613,13:31:18,13.62,--,36,49032,卖盘
1614,13:31:15,13.62,--,27,36774,买盘
1615,13:31:12,13.62,-0.01,25,34050,中性盘
1616,13:31:09,13.63,0.02,10,13630,买盘
1617,13:31:06,13.61,-0.02,52,70772,卖盘
1618,13:31:03,13.63,0.01,26,35438,买盘
1619,13:31:00,13.62,--,175,238350,卖盘
1620,13:30:57,13.62,0.01,176,239712,买盘
1621,13:30:54,13.61,--,327,445047,卖盘
1622,13:30:51,13.61,--,39,53079,卖盘
1623,13:30:48,13.61,--,20,27220,卖盘
1624,13:30:45,13.61,-0.01,84,114324,卖盘
1625,13:30:42,13.62,0.01,51,69462,买盘
1626,13:30:39,13.61,-0.01,6,8166,卖盘
1627,13:30:36,13.62,--,7,9534,买盘
1628,13:30:33,13.62,0.01,407,554334,买盘
1629,13:30:30,13.61,--,13,17693,卖盘
1630,13:30:27,13.61,0.01,15,20415,买盘
1631,13:30:18,13.6,-0.02,11,14960,卖盘
1632,13:30:15,13.62,0.02,31,42222,买盘
1633,13:30:09,13.6,--,4,5440,卖盘
1634,13:30:06,13.6,-0.01,8,10880,卖盘
1635,13:30:03,13.61,0.01,673,915953,买盘
1636,13:30:00,13.6,--,28,38080,卖盘
1637,13:29:57,13.6,--,30,40800,买盘
1638,13:29:54,13.6,--,65,88400,买盘
1639,13:29:51,13.6,--,83,112880,买盘
1640,13:29:48,13.6,--,5,6800,买盘
1641,13:29:45,13.6,--,312,424320,买盘
1642,13:29:42,13.6,--,216,293760,买盘
1643,13:29:39,13.6,--,136,184960,买盘
1644,13:29:36,13.6,--,23,31280,买盘
1645,13:29:33,13.6,--,3,4080,买盘
1646,13:29:30,13.6,0.01,445,605200,买盘
1647,13:29:27,13.59,--,10,13590,卖盘
1648,13:29:24,13.59,-0.01,341,463419,卖盘
1649,13:29:21,13.6,--,82,111520,买盘
1650,13:29:15,13.6,--,12,16320,买盘
1651,13:29:12,13.6,--,18,24480,买盘
1652,13:29:09,13.6,0.01,10,13600,买盘
1653,13:29:06,13.59,-0.01,7,9513,卖盘
1654,13:29:03,13.6,0.01,70,95200,买盘
1655,13:29:00,13.59,-0.01,27,36693,卖盘
1656,13:28:57,13.6,0.01,52,70720,买盘
1657,13:28:54,13.59,-0.01,2,2718,卖盘
1658,13:28:51,13.6,0.01,75,102000,买盘
1659,13:28:48,13.59,-0.01,143,194337,卖盘
1660,13:28:45,13.6,0.01,5,6800,买盘
1661,13:28:42,13.59,--,40,54360,卖盘
1662,13:28:39,13.59,-0.01,67,91053,卖盘
1663,13:28:33,13.6,0.01,88,119680,买盘
1664,13:28:27,13.59,-0.01,40,54360,卖盘
1665,13:28:24,13.6,0.01,19,25840,买盘
1666,13:28:21,13.59,0.01,9,12231,买盘
1667,13:28:18,13.58,-0.01,63,85554,卖盘
1668,13:28:15,13.59,--,4,5436,买盘
1669,13:28:09,13.59,--,156,212004,卖盘
1670,13:28:06,13.59,--,229,311211,卖盘
1671,13:28:03,13.59,-0.01,24,32616,卖盘
1672,13:28:00,13.6,0.01,178,242080,买盘
1673,13:27:54,13.59,--,32,43488,卖盘
1674,13:27:48,13.59,--,2,2718,卖盘
1675,13:27:45,13.59,--,239,324801,买盘
1676,13:27:42,13.59,0.01,10,13590,买盘
1677,13:27:39,13.58,--,4,5432,卖盘
1678,13:27:36,13.58,-0.01,15,20370,卖盘
1679,13:27:33,13.59,0.01,5,6795,买盘
1680,13:27:30,13.58,--,28,38024,买盘
1681,13:27:27,13.58,--,15,20370,买盘
1682,13:27:24,13.58,--,21,28518,买盘
1683,13:27:21,13.58,-0.01,56,76048,卖盘
1684,13:27:15,13.59,0.01,31,42129,买盘
1685,13:27:12,13.58,--,147,199626,卖盘
1686,13:27:09,13.58,--,13,17654,卖盘
1687,13:27:06,13.58,-0.01,6,8148,卖盘
1688,13:27:03,13.59,0.01,22,29898,买盘
1689,13:27:00,13.58,0.01,15,20370,买盘
1690,13:26:57,13.57,--,1,1357,卖盘
1691,13:26:54,13.57,-0.01,16,21712,卖盘
1692,13:26:45,13.58,-0.01,83,112714,卖盘
1693,13:26:39,13.59,--,8,10872,买盘
1694,13:26:36,13.59,--,97,131823,买盘
1695,13:26:33,13.59,--,10,13590,买盘
1696,13:26:30,13.59,--,182,247338,买盘
1697,13:26:27,13.59,--,3,4077,买盘
1698,13:26:24,13.59,--,12,16308,买盘
1699,13:26:18,13.59,--,10,13590,买盘
1700,13:26:15,13.59,--,261,354699,买盘
1701,13:26:12,13.59,--,6,8154,买盘
1702,13:26:09,13.59,--,10,13590,买盘
1703,13:26:06,13.59,--,65,88335,买盘
1704,13:26:03,13.59,0.01,60,81540,买盘
1705,13:26:00,13.58,-0.02,9,12222,卖盘
1706,13:25:57,13.6,0.01,11,14960,买盘
1707,13:25:54,13.59,--,1,1359,买盘
1708,13:25:51,13.59,-0.01,44,59796,中性盘
1709,13:25:48,13.6,0.01,32,43520,买盘
1710,13:25:45,13.59,-0.01,39,53001,卖盘
1711,13:25:42,13.6,--,3,4080,买盘
1712,13:25:39,13.6,0.01,77,104720,买盘
1713,13:25:36,13.59,-0.01,1,1359,卖盘
1714,13:25:33,13.6,0.01,34,46240,买盘
1715,13:25:30,13.59,-0.01,12,16308,卖盘
1716,13:25:27,13.6,--,123,167280,买盘
1717,13:25:24,13.6,0.01,29,39440,买盘
1718,13:25:21,13.59,-0.01,2,2718,卖盘
1719,13:25:18,13.6,0.02,70,95200,买盘
1720,13:25:15,13.58,-0.01,65,88270,卖盘
1721,13:25:12,13.59,0.01,631,857529,买盘
1722,13:25:09,13.58,--,23,31234,卖盘
1723,13:25:06,13.58,--,75,101850,卖盘
1724,13:25:03,13.58,--,28,38024,买盘
1725,13:25:00,13.58,--,100,135800,买盘
1726,13:24:57,13.58,--,186,252588,买盘
1727,13:24:54,13.58,--,21,28518,买盘
1728,13:24:51,13.58,--,23,31234,买盘
1729,13:24:42,13.58,0.01,31,42098,买盘
1730,13:24:33,13.57,0.01,266,360962,买盘
1731,13:24:30,13.56,-0.01,8,10848,卖盘
1732,13:24:21,13.57,--,45,61065,买盘
1733,13:24:18,13.57,0.01,5,6785,买盘
1734,13:24:15,13.56,--,77,104412,卖盘
1735,13:24:09,13.56,--,11,14916,卖盘
1736,13:24:06,13.56,--,17,23052,卖盘
1737,13:24:03,13.56,--,41,55596,卖盘
1738,13:24:00,13.56,-0.01,3,4068,卖盘
1739,13:23:57,13.57,--,1,1357,买盘
1740,13:23:54,13.57,0.01,16,21712,买盘
1741,13:23:51,13.56,--,30,40680,卖盘
1742,13:23:48,13.56,0.01,485,657660,买盘
1743,13:23:45,13.55,0.01,77,104335,买盘
1744,13:23:42,13.54,-0.01,6,8123,卖盘
1745,13:23:39,13.55,0.01,310,420050,买盘
1746,13:23:33,13.54,--,24,32495,卖盘
1747,13:23:30,13.54,-0.01,158,213932,卖盘
1748,13:23:27,13.55,--,117,158535,买盘
1749,13:23:24,13.55,0.01,37,50135,买盘
1750,13:23:21,13.54,-0.01,28,37912,卖盘
1751,13:23:18,13.55,-0.01,15,20325,卖盘
1752,13:23:12,13.56,0.01,330,447480,买盘
1753,13:23:09,13.55,--,8,10840,卖盘
1754,13:23:06,13.55,-0.01,5,6775,卖盘
1755,13:23:03,13.56,0.01,3,4068,买盘
1756,13:22:54,13.55,--,13,17615,卖盘
1757,13:22:51,13.55,--,282,382110,卖盘
1758,13:22:48,13.55,--,32,43360,卖盘
1759,13:22:45,13.55,--,209,283195,买盘
1760,13:22:39,13.55,--,15,20325,买盘
1761,13:22:36,13.55,0.01,4,5420,买盘
1762,13:22:33,13.54,--,56,75824,卖盘
1763,13:22:30,13.54,-0.01,26,35204,卖盘
1764,13:22:27,13.55,--,101,136855,买盘
1765,13:22:24,13.55,--,11,14905,买盘
1766,13:22:21,13.55,0.01,50,67750,买盘
1767,13:22:18,13.54,-0.01,4,5416,卖盘
1768,13:22:15,13.55,0.01,11,14905,买盘
1769,13:22:12,13.54,--,45,60929,卖盘
1770,13:22:06,13.54,-0.01,25,33850,卖盘
1771,13:22:03,13.55,--,3,4065,买盘
1772,13:22:00,13.55,0.01,63,85365,买盘
1773,13:21:57,13.54,--,5,6770,卖盘
1774,13:21:54,13.54,-0.01,1,1354,卖盘
1775,13:21:51,13.55,0.01,4,5420,买盘
1776,13:21:48,13.54,--,21,28434,卖盘
1777,13:21:45,13.54,-0.01,36,48744,卖盘
1778,13:21:42,13.55,--,4,5420,买盘
1779,13:21:39,13.55,0.01,24,32520,买盘
1780,13:21:36,13.54,-0.01,19,25726,卖盘
1781,13:21:33,13.55,--,4,5420,买盘
1782,13:21:30,13.55,--,10,13550,买盘
1783,13:21:27,13.55,--,200,271000,买盘
1784,13:21:24,13.55,0.01,140,189700,买盘
1785,13:21:21,13.54,--,79,106966,卖盘
1786,13:21:18,13.54,-0.01,71,96134,卖盘
1787,13:21:15,13.55,0.01,42,56910,买盘
1788,13:21:12,13.54,-0.01,21,28434,卖盘
1789,13:21:09,13.55,0.01,36,48780,买盘
1790,13:21:06,13.54,-0.01,83,112382,卖盘
1791,13:21:03,13.55,--,178,241190,卖盘
1792,13:21:00,13.55,--,50,67750,卖盘
1793,13:20:57,13.55,-0.01,7,9485,卖盘
1794,13:20:54,13.56,--,33,44748,买盘
1795,13:20:51,13.56,--,27,36612,买盘
1796,13:20:48,13.56,0.01,213,288828,买盘
1797,13:20:45,13.55,-0.01,81,109755,卖盘
1798,13:20:42,13.56,--,211,286116,买盘
1799,13:20:39,13.56,--,30,40680,买盘
1800,13:20:33,13.56,0.01,11,14916,买盘
1801,13:20:27,13.55,0.01,58,78590,买盘
1802,13:20:24,13.54,-0.01,51,69054,卖盘
1803,13:20:21,13.55,-0.01,5,6775,中性盘
1804,13:20:18,13.56,0.02,160,216960,买盘
1805,13:20:15,13.54,-0.01,86,116443,卖盘
1806,13:20:09,13.55,--,22,29810,卖盘
1807,13:20:06,13.55,--,15,20325,卖盘
1808,13:20:03,13.55,--,7,9485,中性盘
1809,13:20:00,13.55,--,26,35230,卖盘
1810,13:19:57,13.55,-0.01,16,21680,卖盘
1811,13:19:54,13.56,0.01,51,69156,买盘
1812,13:19:51,13.55,--,99,134145,卖盘
1813,13:19:48,13.55,0.01,134,181570,卖盘
1814,13:19:45,13.54,-0.01,60,81240,卖盘
1815,13:19:42,13.55,--,81,109755,买盘
1816,13:19:39,13.55,--,3,4065,买盘
1817,13:19:36,13.55,0.01,87,117885,买盘
1818,13:19:33,13.54,-0.01,60,81240,卖盘
1819,13:19:30,13.55,0.01,101,136855,买盘
1820,13:19:27,13.54,-0.01,81,109674,卖盘
1821,13:19:24,13.55,--,42,56910,买盘
1822,13:19:21,13.55,--,43,58265,买盘
1823,13:19:18,13.55,--,13,17615,买盘
1824,13:19:15,13.55,-0.01,47,63685,卖盘
1825,13:19:12,13.56,--,82,111192,买盘
1826,13:19:09,13.56,0.01,22,29832,买盘
1827,13:19:06,13.55,0.01,14,18970,卖盘
1828,13:19:03,13.54,-0.02,2,2708,卖盘
1829,13:19:00,13.56,0.01,200,271200,买盘
1830,13:18:57,13.55,--,69,93495,卖盘
1831,13:18:54,13.55,-0.01,362,490510,卖盘
1832,13:18:51,13.56,--,105,142380,买盘
1833,13:18:48,13.56,0.01,3,4068,买盘
1834,13:18:45,13.55,--,20,27100,卖盘
1835,13:18:42,13.55,--,214,289970,买盘
1836,13:18:39,13.55,0.01,160,216800,买盘
1837,13:18:36,13.54,-0.01,29,39266,中性盘
1838,13:18:33,13.55,--,641,868555,买盘
1839,13:18:27,13.55,--,62,84010,买盘
1840,13:18:24,13.55,0.01,36,48780,买盘
1841,13:18:21,13.54,-0.01,112,151648,卖盘
1842,13:18:15,13.55,0.01,44,59620,买盘
1843,13:18:12,13.54,-0.01,120,162480,卖盘
1844,13:18:09,13.55,0.01,8,10840,买盘
1845,13:18:06,13.54,--,154,208516,中性盘
1846,13:18:03,13.54,-0.01,3,4061,卖盘
1847,13:18:00,13.55,--,209,283195,买盘
1848,13:17:54,13.55,--,1041,1410555,买盘
1849,13:17:51,13.55,0.01,8,10840,买盘
1850,13:17:48,13.54,-0.01,60,81240,卖盘
1851,13:17:45,13.55,--,239,323845,买盘
1852,13:17:42,13.55,--,57,77235,买盘
1853,13:17:39,13.55,--,365,494575,买盘
1854,13:17:36,13.55,--,12,16260,买盘
1855,13:17:33,13.55,-0.01,368,498640,卖盘
1856,13:17:30,13.56,--,22,29832,买盘
1857,13:17:27,13.56,0.01,10,13560,买盘
1858,13:17:24,13.55,--,180,243900,卖盘
1859,13:17:21,13.55,0.01,20,27100,中性盘
1860,13:17:15,13.54,-0.01,3,4061,卖盘
1861,13:17:12,13.55,-0.02,13,17615,卖盘
1862,13:17:09,13.57,0.01,421,571297,买盘
1863,13:17:06,13.56,0.01,585,793260,买盘
1864,13:17:03,13.55,--,177,239835,买盘
1865,13:17:00,13.55,0.01,66,89430,买盘
1866,13:16:57,13.54,-0.01,54,73116,卖盘
1867,13:16:54,13.55,--,47,63685,买盘
1868,13:16:51,13.55,--,147,199185,买盘
1869,13:16:48,13.55,0.01,3,4065,买盘
1870,13:16:45,13.54,-0.01,25,33850,卖盘
1871,13:16:42,13.55,0.01,34,46070,买盘
1872,13:16:39,13.54,-0.02,46,62283,卖盘
1873,13:16:36,13.56,0.01,115,155940,买盘
1874,13:16:33,13.55,--,15,20325,卖盘
1875,13:16:30,13.55,0.01,22,29810,中性盘
1876,13:16:27,13.54,-0.02,1,1354,卖盘
1877,13:16:24,13.56,0.01,81,109836,买盘
1878,13:16:21,13.55,-0.01,4,5420,卖盘
1879,13:16:18,13.56,--,169,229164,买盘
1880,13:16:15,13.56,0.02,100,135600,买盘
1881,13:16:12,13.54,-0.01,13,17602,卖盘
1882,13:16:09,13.55,-0.01,68,92140,卖盘
1883,13:16:06,13.56,--,57,77292,买盘
1884,13:16:03,13.56,--,5,6780,买盘
1885,13:16:00,13.56,0.02,19,25764,买盘
1886,13:15:57,13.54,-0.02,103,139462,卖盘
1887,13:15:54,13.56,0.01,32,43392,买盘
1888,13:15:51,13.55,-0.01,207,280485,卖盘
1889,13:15:48,13.56,0.01,11,14916,买盘
1890,13:15:45,13.55,-0.01,71,96205,卖盘
1891,13:15:42,13.56,0.01,74,100344,买盘
1892,13:15:39,13.55,-0.01,185,250675,卖盘
1893,13:15:36,13.56,--,86,116616,买盘
1894,13:15:33,13.56,0.01,153,207468,买盘
1895,13:15:30,13.55,-0.01,150,203250,卖盘
1896,13:15:27,13.56,0.01,9,12204,买盘
1897,13:15:24,13.55,--,7,9485,买盘
1898,13:15:21,13.55,--,3,4065,买盘
1899,13:15:18,13.55,--,18,24390,买盘
1900,13:15:15,13.55,--,12,16260,买盘
1901,13:15:12,13.55,-0.01,25,33875,卖盘
1902,13:15:09,13.56,--,57,77292,买盘
1903,13:15:06,13.56,0.01,12,16272,买盘
1904,13:15:03,13.55,--,6,8130,买盘
1905,13:15:00,13.55,0.02,3,4065,买盘
1906,13:14:57,13.53,-0.04,440,595320,卖盘
1907,13:14:54,13.57,--,209,283613,买盘
1908,13:14:51,13.57,0.02,1,1357,买盘
1909,13:14:48,13.55,-0.01,27,36585,卖盘
1910,13:14:45,13.56,--,20,27120,买盘
1911,13:14:39,13.56,--,82,111192,买盘
1912,13:14:33,13.56,0.01,3,4068,买盘
1913,13:14:30,13.55,0.02,133,180215,买盘
1914,13:14:27,13.53,--,15,20295,卖盘
1915,13:14:24,13.53,--,129,174537,卖盘
1916,13:14:21,13.53,-0.01,57,77121,中性盘
1917,13:14:18,13.54,0.01,86,116443,买盘
1918,13:14:15,13.53,--,85,115005,卖盘
1919,13:14:12,13.53,--,10,13530,卖盘
1920,13:14:09,13.53,--,41,55473,卖盘
1921,13:14:06,13.53,--,5,6765,卖盘
1922,13:14:03,13.53,0.01,187,253011,买盘
1923,13:14:00,13.52,--,29,39208,卖盘
1924,13:13:57,13.52,--,332,448864,卖盘
1925,13:13:54,13.52,--,144,195134,买盘
1926,13:13:51,13.52,--,26,35152,买盘
1927,13:13:48,13.52,--,100,135200,买盘
1928,13:13:45,13.52,--,152,205504,买盘
1929,13:13:42,13.52,--,322,435344,买盘
1930,13:13:39,13.52,--,30,40560,买盘
1931,13:13:36,13.52,-0.01,599,810753,卖盘
1932,13:13:33,13.53,--,5,6765,买盘
1933,13:13:30,13.53,-0.01,194,262482,卖盘
1934,13:13:21,13.54,0.01,22,29787,买盘
1935,13:13:18,13.53,--,156,211068,卖盘
1936,13:13:15,13.53,0.01,696,941688,卖盘
1937,13:13:12,13.52,-0.01,600,811200,卖盘
1938,13:13:09,13.53,0.01,78,105534,买盘
1939,13:13:06,13.52,-0.01,43,58136,卖盘
1940,13:13:03,13.53,0.01,15,20295,买盘
1941,13:13:00,13.52,-0.01,33,44616,卖盘
1942,13:12:57,13.53,--,307,415371,卖盘
1943,13:12:51,13.53,--,199,269247,卖盘
1944,13:12:48,13.53,-0.01,32,43296,卖盘
1945,13:12:45,13.54,0.01,4,5416,中性盘
1946,13:12:42,13.53,-0.01,40,54120,卖盘
1947,13:12:39,13.54,0.02,33,44682,买盘
1948,13:12:36,13.52,--,701,947752,卖盘
1949,13:12:33,13.52,-0.02,50,67600,卖盘
1950,13:12:30,13.54,--,3,4061,买盘
1951,13:12:27,13.54,0.02,136,184144,买盘
1952,13:12:24,13.52,-0.03,1055,1426360,卖盘
1953,13:12:21,13.55,--,297,402435,买盘
1954,13:12:18,13.55,--,514,696470,买盘
1955,13:12:15,13.55,--,103,139565,买盘
1956,13:12:12,13.55,0.01,8,10840,买盘
1957,13:12:09,13.54,--,30,40620,卖盘
1958,13:12:06,13.54,-0.01,8,10832,卖盘
1959,13:12:03,13.55,--,59,79945,买盘
1960,13:12:00,13.55,--,10,13550,买盘
1961,13:11:57,13.55,--,302,409210,卖盘
1962,13:11:54,13.55,--,109,147695,卖盘
1963,13:11:51,13.55,--,59,79945,卖盘
1964,13:11:48,13.55,-0.01,1,1355,卖盘
1965,13:11:45,13.56,--,16,21696,买盘
1966,13:11:42,13.56,--,1,1356,买盘
1967,13:11:39,13.56,-0.01,191,258996,卖盘
1968,13:11:36,13.57,--,20,27140,买盘
1969,13:11:33,13.57,--,38,51566,买盘
1970,13:11:30,13.57,--,21,28497,买盘
1971,13:11:21,13.57,--,23,31211,买盘
1972,13:11:18,13.57,-0.01,651,883407,卖盘
1973,13:11:15,13.58,--,235,319130,买盘
1974,13:11:12,13.58,--,20,27160,买盘
1975,13:11:09,13.58,--,15,20370,买盘
1976,13:11:06,13.58,--,69,93702,买盘
1977,13:11:03,13.58,--,11,14938,买盘
1978,13:11:00,13.58,0.01,6,8148,买盘
1979,13:10:57,13.57,-0.01,28,37996,卖盘
1980,13:10:54,13.58,0.01,34,46172,买盘
1981,13:10:51,13.57,--,12,16284,卖盘
1982,13:10:48,13.57,-0.01,130,176410,卖盘
1983,13:10:45,13.58,--,15,20370,买盘
1984,13:10:42,13.58,--,44,59752,买盘
1985,13:10:39,13.58,--,2,2716,买盘
1986,13:10:36,13.58,--,26,35308,买盘
1987,13:10:33,13.58,--,34,46172,买盘
1988,13:10:30,13.58,-0.01,226,306908,卖盘
1989,13:10:27,13.59,0.01,416,565344,买盘
1990,13:10:24,13.58,--,52,70616,卖盘
1991,13:10:21,13.58,-0.01,10,13580,卖盘
1992,13:10:18,13.59,--,26,35334,买盘
1993,13:10:15,13.59,--,70,95130,买盘
1994,13:10:12,13.59,--,53,72027,买盘
1995,13:10:09,13.59,0.01,525,713475,买盘
1996,13:10:06,13.58,--,6,8148,卖盘
1997,13:10:03,13.58,--,112,152096,卖盘
1998,13:10:00,13.58,0.01,4,5432,中性盘
1999,13:09:57,13.57,--,302,409814,卖盘
2000,13:09:54,13.57,--,9,12213,卖盘
2001,13:09:51,13.57,--,236,320252,卖盘
2002,13:09:48,13.57,--,344,466808,卖盘
2003,13:09:45,13.57,--,22,29854,卖盘
2004,13:09:42,13.57,--,4,5428,卖盘
2005,13:09:39,13.57,0.02,204,276828,买盘
2006,13:09:36,13.55,-0.02,28,37940,卖盘
2007,13:09:33,13.57,0.01,55,74635,买盘
2008,13:09:30,13.56,-0.01,76,103056,卖盘
2009,13:09:27,13.57,0.01,96,130272,买盘
2010,13:09:24,13.56,-0.01,49,66444,卖盘
2011,13:09:21,13.57,--,26,35282,买盘
2012,13:09:18,13.57,0.01,15,20355,买盘
2013,13:09:15,13.56,-0.01,12,16272,卖盘
2014,13:09:12,13.57,0.01,130,176410,买盘
2015,13:09:09,13.56,--,685,928860,买盘
2016,13:09:06,13.56,0.01,107,145092,买盘
2017,13:09:03,13.55,--,100,135500,卖盘
2018,13:09:00,13.55,-0.01,17,23035,卖盘
2019,13:08:57,13.56,0.01,40,54240,买盘
2020,13:08:54,13.55,0.01,77,104335,买盘
2021,13:08:51,13.54,--,145,196330,卖盘
2022,13:08:48,13.54,-0.01,686,928843,卖盘
2023,13:08:45,13.55,0.01,207,280485,买盘
2024,13:08:42,13.54,--,50,67700,卖盘
2025,13:08:39,13.54,--,26,35204,卖盘
2026,13:08:36,13.54,--,12,16247,卖盘
2027,13:08:33,13.54,--,379,514425,买盘
2028,13:08:30,13.54,0.01,31,41974,买盘
2029,13:08:27,13.53,-0.01,589,796917,卖盘
2030,13:08:24,13.54,--,41,55514,买盘
2031,13:08:21,13.54,0.01,122,165188,买盘
2032,13:08:18,13.53,--,87,117711,卖盘
2033,13:08:15,13.53,0.01,92,124476,买盘
2034,13:08:12,13.52,-0.01,1064,1438528,卖盘
2035,13:08:09,13.53,0.01,73,98769,买盘
2036,13:08:06,13.52,-0.01,76,102752,卖盘
2037,13:08:03,13.53,--,5,6765,买盘
2038,13:08:00,13.53,--,204,276012,买盘
2039,13:07:57,13.53,--,11,14883,买盘
2040,13:07:54,13.53,--,140,189420,卖盘
2041,13:07:51,13.53,--,311,420783,卖盘
2042,13:07:48,13.53,--,86,116358,卖盘
2043,13:07:45,13.53,--,107,144771,卖盘
2044,13:07:42,13.53,--,52,70356,卖盘
2045,13:07:39,13.53,-0.01,80,108240,卖盘
2046,13:07:36,13.54,--,332,449622,卖盘
2047,13:07:33,13.54,--,670,907180,卖盘
2048,13:07:30,13.54,--,291,394014,卖盘
2049,13:07:27,13.54,--,228,308712,卖盘
2050,13:07:24,13.54,--,1060,1435240,卖盘
2051,13:07:21,13.54,--,417,564618,卖盘
2052,13:07:18,13.54,--,513,694602,卖盘
2053,13:07:15,13.54,--,248,335792,卖盘
2054,13:07:12,13.54,--,375,507749,卖盘
2055,13:07:09,13.54,--,549,743346,卖盘
2056,13:07:06,13.54,--,160,216640,卖盘
2057,13:07:03,13.54,--,501,678354,卖盘
2058,13:07:00,13.54,--,40,54160,卖盘
2059,13:06:57,13.54,--,10,13540,卖盘
2060,13:06:54,13.54,-0.01,37,50098,卖盘
2061,13:06:51,13.55,--,573,776415,卖盘
2062,13:06:48,13.55,--,218,295390,卖盘
2063,13:06:45,13.55,--,110,149050,卖盘
2064,13:06:42,13.55,--,28,37940,卖盘
2065,13:06:39,13.55,-0.01,889,1204595,卖盘
2066,13:06:36,13.56,--,138,187128,卖盘
2067,13:06:33,13.56,--,189,256284,卖盘
2068,13:06:30,13.56,--,25,33900,卖盘
2069,13:06:27,13.56,--,73,98988,卖盘
2070,13:06:24,13.56,--,50,67800,卖盘
2071,13:06:21,13.56,--,25,33900,卖盘
2072,13:06:18,13.56,-0.02,482,653592,卖盘
2073,13:06:15,13.58,0.01,125,169750,买盘
2074,13:06:12,13.57,--,148,200836,卖盘
2075,13:06:09,13.57,-0.01,185,251045,卖盘
2076,13:06:06,13.58,0.01,131,177898,买盘
2077,13:06:03,13.57,--,246,333822,卖盘
2078,13:06:00,13.57,-0.01,66,89562,卖盘
2079,13:05:54,13.58,--,39,52962,卖盘
2080,13:05:51,13.58,--,43,58394,卖盘
2081,13:05:48,13.58,--,36,48888,卖盘
2082,13:05:45,13.58,-0.01,255,346290,卖盘
2083,13:05:42,13.59,0.01,10,13590,买盘
2084,13:05:39,13.58,-0.01,4,5432,卖盘
2085,13:05:36,13.59,--,123,167157,卖盘
2086,13:05:33,13.59,--,602,818118,卖盘
2087,13:05:30,13.59,--,51,69309,卖盘
2088,13:05:27,13.59,-0.01,58,78822,卖盘
2089,13:05:24,13.6,0.01,96,130560,买盘
2090,13:05:21,13.59,-0.01,16,21744,卖盘
2091,13:05:18,13.6,0.01,16,21760,买盘
2092,13:05:15,13.59,--,81,110079,卖盘
2093,13:05:12,13.59,-0.01,27,36693,卖盘
2094,13:05:09,13.6,0.01,33,44880,买盘
2095,13:05:06,13.59,--,7,9513,卖盘
2096,13:05:03,13.59,--,335,455265,卖盘
2097,13:05:00,13.59,--,4,5436,卖盘
2098,13:04:57,13.59,--,477,648243,买盘
2099,13:04:54,13.59,0.01,39,53001,买盘
2100,13:04:51,13.58,--,8,10864,卖盘
2101,13:04:48,13.58,--,10,13580,卖盘
2102,13:04:45,13.58,--,20,27160,卖盘
2103,13:04:42,13.58,-0.01,25,33950,卖盘
2104,13:04:39,13.59,--,31,42129,买盘
2105,13:04:36,13.59,0.01,57,77463,买盘
2106,13:04:33,13.58,-0.01,1,1358,中性盘
2107,13:04:30,13.59,0.01,35,47565,买盘
2108,13:04:27,13.58,--,66,89628,卖盘
2109,13:04:24,13.58,0.01,87,118146,中性盘
2110,13:04:21,13.57,-0.02,143,194051,卖盘
2111,13:04:18,13.59,0.01,18,24462,买盘
2112,13:04:15,13.58,--,60,81480,卖盘
2113,13:04:12,13.58,0.01,47,63826,买盘
2114,13:04:09,13.57,-0.01,25,33925,卖盘
2115,13:04:06,13.58,--,32,43456,卖盘
2116,13:04:03,13.58,-0.01,42,57036,卖盘
2117,13:04:00,13.59,0.01,19,25821,买盘
2118,13:03:57,13.58,--,18,24444,买盘
2119,13:03:51,13.58,--,41,55678,卖盘
2120,13:03:48,13.58,-0.01,165,224070,卖盘
2121,13:03:45,13.59,--,39,53001,卖盘
2122,13:03:42,13.59,--,25,33975,卖盘
2123,13:03:39,13.59,--,18,24462,卖盘
2124,13:03:36,13.59,--,93,126387,卖盘
2125,13:03:30,13.59,--,6,8154,卖盘
2126,13:03:27,13.59,--,10,13590,买盘
2127,13:03:24,13.59,-0.01,5,6795,中性盘
2128,13:03:21,13.6,--,17,23120,买盘
2129,13:03:18,13.6,0.01,373,507280,买盘
2130,13:03:15,13.59,-0.01,46,62514,卖盘
2131,13:03:12,13.6,0.01,75,102000,买盘
2132,13:03:09,13.59,-0.01,36,48924,卖盘
2133,13:03:06,13.6,--,502,682720,卖盘
2134,13:03:03,13.6,--,61,82960,卖盘
2135,13:03:00,13.6,--,106,144160,卖盘
2136,13:02:57,13.6,--,6,8160,卖盘
2137,13:02:54,13.6,0.01,897,1219920,买盘
2138,13:02:51,13.59,0.01,82,111438,买盘
2139,13:02:48,13.58,-0.01,11,14938,卖盘
2140,13:02:45,13.59,0.01,16,21744,买盘
2141,13:02:42,13.58,--,60,81480,卖盘
2142,13:02:39,13.58,--,8,10864,卖盘
2143,13:02:36,13.58,--,50,67900,卖盘
2144,13:02:33,13.58,--,22,29876,卖盘
2145,13:02:30,13.58,-0.01,111,150738,卖盘
2146,13:02:27,13.59,0.01,27,36693,中性盘
2147,13:02:24,13.58,-0.02,5,6790,卖盘
2148,13:02:21,13.6,0.02,8,10880,买盘
2149,13:02:18,13.58,-0.02,39,52962,卖盘
2150,13:02:15,13.6,--,151,205360,买盘
2151,13:02:12,13.6,0.02,56,76160,买盘
2152,13:02:09,13.58,0.02,86,116788,买盘
2153,13:02:06,13.56,-0.04,41,55596,卖盘
2154,13:02:03,13.6,0.04,20,27200,中性盘
2155,13:02:00,13.56,-0.04,300,406800,卖盘
2156,13:01:57,13.6,--,1,1360,买盘
2157,13:01:54,13.6,--,33,44880,卖盘
2158,13:01:51,13.6,-0.01,59,80240,卖盘
2159,13:01:48,13.61,0.02,20,27220,买盘
2160,13:01:45,13.59,-0.01,83,112797,卖盘
2161,13:01:42,13.6,--,66,89760,卖盘
2162,13:01:39,13.6,--,38,51680,卖盘
2163,13:01:36,13.6,--,2,2720,卖盘
2164,13:01:33,13.6,--,112,152320,买盘
2165,13:01:30,13.6,0.03,294,399840,买盘
2166,13:01:27,13.57,-0.02,95,128915,卖盘
2167,13:01:24,13.59,0.02,5,6795,买盘
2168,13:01:21,13.57,--,9,12213,中性盘
2169,13:01:18,13.57,--,176,238832,卖盘
2170,13:01:15,13.57,-0.02,77,104489,卖盘
2171,13:01:12,13.59,0.02,166,225594,买盘
2172,13:01:06,13.57,0.01,38,51566,中性盘
2173,13:01:03,13.56,--,149,202044,卖盘
2174,13:01:00,13.56,-0.01,386,523416,卖盘
2175,13:00:57,13.57,0.01,185,251045,买盘
2176,13:00:54,13.56,--,116,157296,卖盘
2177,13:00:51,13.56,--,256,347136,卖盘
2178,13:00:48,13.56,-0.01,62,84072,卖盘
2179,13:00:45,13.57,0.01,221,299897,买盘
2180,13:00:42,13.56,--,151,204756,卖盘
2181,13:00:39,13.56,-0.01,13,17628,卖盘
2182,13:00:36,13.57,0.01,5,6785,买盘
2183,13:00:33,13.56,-0.01,31,42036,卖盘
2184,13:00:30,13.57,0.01,147,199479,买盘
2185,13:00:27,13.56,-0.01,51,69156,卖盘
2186,13:00:24,13.57,0.02,174,236118,买盘
2187,13:00:21,13.55,-0.02,105,142275,卖盘
2188,13:00:18,13.57,0.02,55,74635,买盘
2189,13:00:15,13.55,-0.01,126,170730,卖盘
2190,13:00:12,13.56,0.01,13,17628,买盘
2191,13:00:09,13.55,-0.05,970,1314350,卖盘
2192,13:00:06,13.6,0.03,4305,5856064,买盘
2193,13:00:03,13.57,-0.01,5888,7990993,卖盘
2194,13:00:00,13.58,--,100,135800,卖盘
2195,11:30:00,13.58,-0.02,222,301476,卖盘
2196,11:29:57,13.6,0.01,86,116960,买盘
2197,11:29:54,13.59,--,100,135900,卖盘
2198,11:29:51,13.59,--,146,198414,卖盘
2199,11:29:48,13.59,-0.01,20,27180,卖盘
2200,11:29:45,13.6,--,155,210800,卖盘
2201,11:29:42,13.6,--,34,46240,卖盘
2202,11:29:39,13.6,-0.02,32,43520,卖盘
2203,11:29:36,13.62,0.02,27,36774,买盘
2204,11:29:33,13.6,--,149,202640,买盘
2205,11:29:30,13.6,--,27,36720,买盘
2206,11:29:27,13.6,--,715,972400,卖盘
2207,11:29:24,13.6,--,211,286960,卖盘
2208,11:29:21,13.6,0.01,322,437920,买盘
2209,11:29:18,13.59,--,64,86976,卖盘
2210,11:29:15,13.59,-0.01,50,67950,卖盘
2211,11:29:12,13.6,--,115,156400,买盘
2212,11:29:09,13.6,0.01,152,206720,买盘
2213,11:29:06,13.59,--,304,413136,卖盘
2214,11:29:03,13.59,--,63,85617,卖盘
2215,11:29:00,13.59,--,120,163080,卖盘
2216,11:28:57,13.59,0.01,153,207927,卖盘
2217,11:28:54,13.58,--,87,118146,卖盘
2218,11:28:51,13.58,--,239,324562,卖盘
2219,11:28:48,13.58,--,81,109998,卖盘
2220,11:28:45,13.58,--,115,156170,卖盘
2221,11:28:42,13.58,-0.04,123,167034,卖盘
2222,11:28:39,13.62,0.04,112,152544,买盘
2223,11:28:36,13.58,0.01,507,688506,买盘
2224,11:28:33,13.57,--,557,755849,卖盘
2225,11:28:30,13.57,-0.01,65,88205,卖盘
2226,11:28:27,13.58,0.01,339,460362,中性盘
2227,11:28:24,13.57,--,159,215763,卖盘
2228,11:28:21,13.57,-0.01,210,284970,卖盘
2229,11:28:18,13.58,0.01,112,152096,中性盘
2230,11:28:15,13.57,-0.01,3174,4307226,卖盘
2231,11:28:12,13.58,--,494,670852,卖盘
2232,11:28:09,13.58,-0.02,35,47530,卖盘
2233,11:28:06,13.6,--,147,199920,买盘
2234,11:28:03,13.6,-0.01,1404,1910691,卖盘
2235,11:28:00,13.61,0.01,5,6805,买盘
2236,11:27:57,13.6,-0.02,33,44880,卖盘
2237,11:27:54,13.62,--,462,629244,买盘
2238,11:27:51,13.62,0.01,1263,1720206,买盘
2239,11:27:48,13.61,-0.01,468,636948,卖盘
2240,11:27:45,13.62,0.01,277,377274,买盘
2241,11:27:42,13.61,--,155,210955,卖盘
2242,11:27:39,13.61,--,554,754252,卖盘
2243,11:27:36,13.61,--,268,364748,卖盘
2244,11:27:33,13.61,--,904,1230344,卖盘
2245,11:27:30,13.61,--,100,136100,卖盘
2246,11:27:27,13.61,--,17,23137,卖盘
2247,11:27:24,13.61,--,150,204150,卖盘
2248,11:27:21,13.61,--,205,279005,卖盘
2249,11:27:18,13.61,-0.01,264,359304,卖盘
2250,11:27:15,13.62,--,603,821286,卖盘
2251,11:27:12,13.62,--,181,246522,卖盘
2252,11:27:09,13.62,-0.01,44,59928,卖盘
2253,11:27:06,13.63,0.01,214,291682,中性盘
2254,11:27:03,13.62,-0.02,248,338988,卖盘
2255,11:27:00,13.64,--,144,196416,买盘
2256,11:26:57,13.64,--,1080,1473120,卖盘
2257,11:26:54,13.64,--,158,215512,卖盘
2258,11:26:51,13.64,--,158,215512,卖盘
2259,11:26:48,13.64,--,169,230516,卖盘
2260,11:26:45,13.64,--,79,107756,卖盘
2261,11:26:42,13.64,--,40,54560,卖盘
2262,11:26:39,13.64,-0.02,100,136400,卖盘
2263,11:26:36,13.66,--,156,213096,买盘
2264,11:26:33,13.66,0.02,47,64202,买盘
2265,11:26:30,13.64,-0.03,183,249612,卖盘
2266,11:26:27,13.67,--,18,24606,中性盘
2267,11:26:24,13.67,0.01,56,76552,买盘
2268,11:26:21,13.66,0.01,426,581916,买盘
2269,11:26:18,13.65,-0.02,742,1012830,卖盘
2270,11:26:15,13.67,0.02,88,120296,买盘
2271,11:26:12,13.65,-0.02,43,58695,卖盘
2272,11:26:06,13.67,0.02,249,340383,买盘
2273,11:26:03,13.65,--,196,267540,卖盘
2274,11:26:00,13.65,-0.02,177,241605,卖盘
2275,11:25:57,13.67,0.01,334,456578,买盘
2276,11:25:54,13.66,--,507,692562,买盘
2277,11:25:51,13.66,-0.01,326,445316,卖盘
2278,11:25:48,13.67,--,39,53313,买盘
2279,11:25:45,13.67,--,22,30074,买盘
2280,11:25:42,13.67,0.01,1,1367,买盘
2281,11:25:39,13.66,-0.01,19,25954,卖盘
2282,11:25:36,13.67,--,27,36909,卖盘
2283,11:25:33,13.67,-0.01,73,99791,卖盘
2284,11:25:30,13.68,0.01,101,138168,买盘
2285,11:25:27,13.67,-0.01,158,215986,卖盘
2286,11:25:24,13.68,0.01,28,38304,买盘
2287,11:25:21,13.67,-0.01,62,84754,卖盘
2288,11:25:18,13.68,--,35,47880,买盘
2289,11:25:09,13.68,--,87,119016,卖盘
2290,11:25:06,13.68,--,21,28728,卖盘
2291,11:25:03,13.68,-0.01,4,5472,卖盘
2292,11:25:00,13.69,--,31,42439,买盘
2293,11:24:57,13.69,0.01,45,61605,买盘
2294,11:24:54,13.68,-0.01,14,19152,卖盘
2295,11:24:51,13.69,0.01,86,117734,买盘
2296,11:24:48,13.68,--,6,8208,卖盘
2297,11:24:45,13.68,0.01,6,8208,买盘
2298,11:24:42,13.67,-0.01,6,8202,卖盘
2299,11:24:39,13.68,0.01,44,60192,买盘
2300,11:24:36,13.67,--,7,9569,卖盘
2301,11:24:33,13.67,--,11,15037,卖盘
2302,11:24:30,13.67,-0.03,20,27340,卖盘
2303,11:24:27,13.7,0.03,51,69870,买盘
2304,11:24:24,13.67,--,22,30074,卖盘
2305,11:24:21,13.67,-0.04,40,54680,卖盘
2306,11:24:18,13.71,0.04,3,4113,买盘
2307,11:24:15,13.67,--,69,94323,买盘
2308,11:24:12,13.67,0.02,18,24606,买盘
2309,11:24:09,13.65,-0.01,69,94185,卖盘
2310,11:24:06,13.66,-0.05,35,47810,中性盘
2311,11:24:03,13.71,0.06,383,525093,买盘
2312,11:24:00,13.65,--,23,31395,卖盘
2313,11:23:57,13.65,-0.01,4016,5481840,卖盘
2314,11:23:54,13.66,-0.01,21,28686,卖盘
2315,11:23:51,13.67,0.02,20,27340,买盘
2316,11:23:48,13.65,-0.01,65,88725,卖盘
2317,11:23:42,13.66,--,5,6830,卖盘
2318,11:23:39,13.66,--,1223,1670618,卖盘
2319,11:23:36,13.66,--,331,452146,买盘
2320,11:23:33,13.66,0.01,572,781352,买盘
2321,11:23:30,13.65,-0.01,39,53235,卖盘
2322,11:23:27,13.66,--,20,27320,卖盘
2323,11:23:24,13.66,--,11,15026,卖盘
2324,11:23:21,13.66,--,45,61470,买盘
2325,11:23:18,13.66,--,35,47810,买盘
2326,11:23:15,13.66,--,48,65568,卖盘
2327,11:23:12,13.66,--,35,47810,卖盘
2328,11:23:09,13.66,--,17,23222,卖盘
2329,11:23:06,13.66,--,508,693928,卖盘
2330,11:23:03,13.66,--,1,1366,买盘
2331,11:23:00,13.66,--,16,21856,卖盘
2332,11:22:57,13.66,--,20,27320,卖盘
2333,11:22:54,13.66,--,57,77862,卖盘
2334,11:22:51,13.66,--,124,169384,卖盘
2335,11:22:48,13.66,--,15,20490,卖盘
2336,11:22:45,13.66,--,50,68300,卖盘
2337,11:22:42,13.66,--,2,2732,卖盘
2338,11:22:39,13.66,-0.02,134,183044,卖盘
2339,11:22:36,13.68,0.01,85,116280,买盘
2340,11:22:33,13.67,0.01,86,117562,买盘
2341,11:22:30,13.66,-0.01,10,13660,卖盘
2342,11:22:27,13.67,--,477,652059,买盘
2343,11:22:24,13.67,--,1,1367,买盘
2344,11:22:21,13.67,-0.01,23,31441,买盘
2345,11:22:18,13.68,--,140,191520,买盘
2346,11:22:15,13.68,0.01,361,493848,买盘
2347,11:22:12,13.67,--,25,34175,卖盘
2348,11:22:09,13.67,-0.01,10,13670,卖盘
2349,11:22:06,13.68,--,199,272232,买盘
2350,11:22:03,13.68,--,48,65664,买盘
2351,11:22:00,13.68,--,16,21888,卖盘
2352,11:21:57,13.68,--,464,634752,卖盘
2353,11:21:54,13.68,-0.01,35,47880,卖盘
2354,11:21:51,13.69,0.01,43,58867,买盘
2355,11:21:48,13.68,-0.02,365,500605,卖盘
2356,11:21:45,13.7,--,95,130150,买盘
2357,11:21:42,13.7,0.01,507,694672,买盘
2358,11:21:39,13.69,--,55,75295,卖盘
2359,11:21:36,13.69,-0.01,15,20535,卖盘
2360,11:21:33,13.7,0.01,16,21920,买盘
2361,11:21:30,13.69,--,50,68450,卖盘
2362,11:21:27,13.69,--,414,566766,卖盘
2363,11:21:24,13.69,-0.01,158,216302,卖盘
2364,11:21:21,13.7,0.01,1,1370,买盘
2365,11:21:18,13.69,--,41,56129,卖盘
2366,11:21:15,13.69,--,132,180708,卖盘
2367,11:21:12,13.69,--,50,68450,卖盘
2368,11:21:09,13.69,-0.01,55,75295,卖盘
2369,11:21:06,13.7,0.01,231,316470,买盘
2370,11:21:03,13.69,--,81,110889,卖盘
2371,11:21:00,13.69,-0.02,13,17797,卖盘
2372,11:20:57,13.71,0.01,47,64437,买盘
2373,11:20:54,13.7,-0.01,9,12330,中性盘
2374,11:20:51,13.71,0.01,94,128874,买盘
2375,11:20:48,13.7,--,95,130150,卖盘
2376,11:20:45,13.7,--,57,78090,卖盘
2377,11:20:42,13.7,--,69,94530,卖盘
2378,11:20:39,13.7,--,230,315100,卖盘
2379,11:20:36,13.7,-0.01,170,232900,卖盘
2380,11:20:33,13.71,0.01,35,47985,买盘
2381,11:20:30,13.7,--,106,145220,卖盘
2382,11:20:27,13.7,--,120,164400,卖盘
2383,11:20:24,13.7,-0.01,152,208240,卖盘
2384,11:20:21,13.71,0.01,75,102825,买盘
2385,11:20:18,13.7,--,51,69870,卖盘
2386,11:20:15,13.7,-0.01,120,164400,卖盘
2387,11:20:12,13.71,0.01,18,24678,买盘
2388,11:20:09,13.7,-0.01,25,34250,卖盘
2389,11:20:06,13.71,0.01,55,75405,买盘
2390,11:20:03,13.7,--,25,34250,卖盘
2391,11:20:00,13.7,--,248,339760,卖盘
2392,11:19:57,13.7,--,181,247970,卖盘
2393,11:19:54,13.7,--,100,137000,卖盘
2394,11:19:51,13.7,-0.01,111,152070,卖盘
2395,11:19:48,13.71,--,4,5484,买盘
2396,11:19:45,13.71,--,129,176859,买盘
2397,11:19:42,13.71,--,26,35646,买盘
2398,11:19:39,13.71,--,82,112422,买盘
2399,11:19:36,13.71,--,53,72663,买盘
2400,11:19:33,13.71,--,166,227586,买盘
2401,11:19:30,13.71,0.01,72,98712,买盘
2402,11:19:27,13.7,--,7,9590,卖盘
2403,11:19:24,13.7,--,70,95900,卖盘
2404,11:19:21,13.7,-0.01,273,374010,卖盘
2405,11:19:18,13.71,0.01,124,170004,买盘
2406,11:19:15,13.7,-0.01,4,5480,卖盘
2407,11:19:12,13.71,0.01,35,47985,买盘
2408,11:19:09,13.7,-0.01,122,167140,卖盘
2409,11:19:06,13.71,-0.01,62,85002,卖盘
2410,11:19:03,13.72,0.02,5,6860,买盘
2411,11:19:00,13.7,-0.02,90,123300,卖盘
2412,11:18:57,13.72,0.03,116,159152,买盘
2413,11:18:54,13.69,-0.02,19,26011,卖盘
2414,11:18:51,13.71,0.01,100,137100,买盘
2415,11:18:48,13.7,0.01,1,1370,买盘
2416,11:18:42,13.69,-0.01,558,764175,卖盘
2417,11:18:39,13.7,--,22,30140,卖盘
2418,11:18:36,13.7,--,72,98640,卖盘
2419,11:18:33,13.7,--,224,307702,卖盘
2420,11:18:30,13.7,-0.01,34,46580,卖盘
2421,11:18:27,13.71,--,102,139842,买盘
2422,11:18:24,13.71,0.01,25,34275,买盘
2423,11:18:21,13.7,--,1,1370,卖盘
2424,11:18:18,13.7,--,29,39730,卖盘
2425,11:18:15,13.7,--,8,10960,卖盘
2426,11:18:09,13.7,--,15,20550,卖盘
2427,11:18:06,13.7,-0.01,44,60280,卖盘
2428,11:18:03,13.71,0.01,31,42501,卖盘
2429,11:18:00,13.7,-0.01,64,87680,卖盘
2430,11:17:57,13.71,--,284,389364,买盘
2431,11:17:54,13.71,0.01,33,45243,买盘
2432,11:17:51,13.7,-0.01,135,184950,卖盘
2433,11:17:48,13.71,0.01,14,19194,买盘
2434,11:17:42,13.7,--,19,26030,卖盘
2435,11:17:39,13.7,-0.01,46,63020,卖盘
2436,11:17:36,13.71,-0.01,135,185153,卖盘
2437,11:17:33,13.72,0.01,375,514500,买盘
2438,11:17:30,13.71,--,119,163149,卖盘
2439,11:17:27,13.71,-0.01,30,41130,卖盘
2440,11:17:24,13.72,--,75,102900,买盘
2441,11:17:21,13.72,--,1,1372,买盘
2442,11:17:18,13.72,0.01,1,1372,买盘
2443,11:17:15,13.71,--,84,115164,卖盘
2444,11:17:12,13.71,-0.01,22,30162,卖盘
2445,11:17:09,13.72,-0.01,61,83692,卖盘
2446,11:17:06,13.73,0.01,47,64531,买盘
2447,11:17:03,13.72,--,106,145432,卖盘
2448,11:17:00,13.72,-0.01,20,27440,卖盘
2449,11:16:57,13.73,0.02,136,186728,买盘
2450,11:16:54,13.71,-0.01,21,28791,卖盘
2451,11:16:51,13.72,0.01,100,137200,买盘
2452,11:16:48,13.71,-0.01,49,67179,卖盘
2453,11:16:45,13.72,--,481,659932,买盘
2454,11:16:42,13.72,0.01,10,13720,买盘
2455,11:16:39,13.71,-0.01,142,194682,卖盘
2456,11:16:33,13.72,0.01,150,205800,买盘
2457,11:16:30,13.71,-0.01,36,49356,卖盘
2458,11:16:27,13.72,--,124,170128,买盘
2459,11:16:24,13.72,-0.01,4,5488,中性盘
2460,11:16:18,13.73,--,126,172998,买盘
2461,11:16:15,13.73,--,303,416019,买盘
2462,11:16:12,13.73,--,16,21968,买盘
2463,11:16:09,13.73,0.01,22,30206,买盘
2464,11:16:06,13.72,--,72,98784,卖盘
2465,11:16:03,13.72,-0.01,330,452760,卖盘
2466,11:16:00,13.73,--,14,19222,买盘
2467,11:15:57,13.73,0.01,70,96110,买盘
2468,11:15:54,13.72,-0.01,149,204428,卖盘
2469,11:15:51,13.73,--,93,127689,买盘
2470,11:15:48,13.73,--,6,8238,买盘
2471,11:15:45,13.73,0.01,121,166133,买盘
2472,11:15:42,13.72,--,20,27440,买盘
2473,11:15:39,13.72,-0.01,150,205800,卖盘
2474,11:15:36,13.73,--,166,227918,买盘
2475,11:15:33,13.73,--,24,32952,买盘
2476,11:15:30,13.73,0.01,114,156522,买盘
2477,11:15:27,13.72,-0.01,104,142688,卖盘
2478,11:15:24,13.73,0.01,30,41190,买盘
2479,11:15:21,13.72,-0.01,229,314188,卖盘
2480,11:15:18,13.73,--,6,8238,买盘
2481,11:15:15,13.73,--,380,521740,买盘
2482,11:15:12,13.73,0.01,33,45309,买盘
2483,11:15:09,13.72,-0.01,46,63112,卖盘
2484,11:15:06,13.73,0.01,35,48055,买盘
2485,11:15:03,13.72,0.01,120,164640,买盘
2486,11:15:00,13.71,--,59,80889,卖盘
2487,11:14:57,13.71,-0.01,22,30162,卖盘
2488,11:14:54,13.72,--,113,155036,买盘
2489,11:14:51,13.72,--,12,16464,买盘
2490,11:14:48,13.72,--,92,126224,买盘
2491,11:14:45,13.72,0.01,161,220892,买盘
2492,11:14:42,13.71,--,22,30162,卖盘
2493,11:14:39,13.71,-0.01,123,168633,卖盘
2494,11:14:36,13.72,--,25,34300,买盘
2495,11:14:33,13.72,0.01,101,138572,买盘
2496,11:14:30,13.71,--,20,27420,卖盘
2497,11:14:27,13.71,-0.01,123,168633,卖盘
2498,11:14:24,13.72,0.01,17,23324,买盘
2499,11:14:21,13.71,--,90,123390,卖盘
2500,11:14:18,13.71,--,88,120648,卖盘
2501,11:14:15,13.71,--,56,76776,卖盘
2502,11:14:12,13.71,--,10,13710,卖盘
2503,11:14:09,13.71,-0.01,79,108309,卖盘
2504,11:14:06,13.72,0.01,104,142688,买盘
2505,11:14:03,13.71,--,10,13710,卖盘
2506,11:14:00,13.71,-0.01,17,23307,卖盘
2507,11:13:57,13.72,0.01,152,208544,买盘
2508,11:13:54,13.71,-0.01,125,171375,卖盘
2509,11:13:51,13.72,--,237,325164,买盘
2510,11:13:48,13.72,--,21,28812,买盘
2511,11:13:45,13.72,--,41,56252,买盘
2512,11:13:42,13.72,--,13,17836,买盘
2513,11:13:39,13.72,0.01,10,13720,买盘
2514,11:13:36,13.71,-0.01,7,9597,卖盘
2515,11:13:33,13.72,0.01,118,161896,买盘
2516,11:13:30,13.71,--,8,10968,卖盘
2517,11:13:27,13.71,--,23,31533,卖盘
2518,11:13:24,13.71,--,39,53469,卖盘
2519,11:13:21,13.71,-0.01,96,131616,卖盘
2520,11:13:18,13.72,--,66,90552,买盘
2521,11:13:15,13.72,0.01,132,181104,买盘
2522,11:13:12,13.71,--,37,50727,卖盘
2523,11:13:09,13.71,-0.01,13,17823,卖盘
2524,11:13:06,13.72,--,9,12348,买盘
2525,11:13:03,13.72,0.01,12,16464,买盘
2526,11:13:00,13.71,-0.01,25,34275,卖盘
2527,11:12:57,13.72,--,152,208544,买盘
2528,11:12:54,13.72,0.01,161,220892,买盘
2529,11:12:51,13.71,-0.01,178,244038,卖盘
2530,11:12:48,13.72,0.01,23,31556,买盘
2531,11:12:45,13.71,--,37,50727,卖盘
2532,11:12:42,13.71,-0.01,210,287910,卖盘
2533,11:12:39,13.72,0.01,116,159152,买盘
2534,11:12:36,13.71,--,242,331782,卖盘
2535,11:12:33,13.71,--,61,83631,卖盘
2536,11:12:30,13.71,-0.01,25,34275,卖盘
2537,11:12:27,13.72,0.01,31,42532,买盘
2538,11:12:24,13.71,--,41,56211,卖盘
2539,11:12:21,13.71,--,12,16452,卖盘
2540,11:12:18,13.71,--,40,54840,卖盘
2541,11:12:15,13.71,--,65,89115,卖盘
2542,11:12:12,13.71,-0.01,31,42501,卖盘
2543,11:12:09,13.72,0.01,247,338884,买盘
2544,11:12:06,13.71,-0.01,159,217989,卖盘
2545,11:12:03,13.72,0.01,97,133084,买盘
2546,11:12:00,13.71,-0.01,23,31533,卖盘
2547,11:11:57,13.72,--,63,86436,买盘
2548,11:11:54,13.72,--,33,45276,买盘
2549,11:11:51,13.72,--,615,843780,买盘
2550,11:11:48,13.72,--,1,1372,买盘
2551,11:11:42,13.72,--,48,65856,卖盘
2552,11:11:39,13.72,--,140,192080,卖盘
2553,11:11:36,13.72,--,262,360767,卖盘
2554,11:11:33,13.72,--,67,91924,卖盘
2555,11:11:30,13.72,--,304,417088,卖盘
2556,11:11:27,13.72,--,152,208544,卖盘
2557,11:11:24,13.72,--,27,37044,卖盘
2558,11:11:21,13.72,--,69,94668,卖盘
2559,11:11:18,13.72,--,252,345744,卖盘
2560,11:11:15,13.72,--,21,28812,卖盘
2561,11:11:12,13.72,-0.01,108,148176,卖盘
2562,11:11:09,13.73,--,110,151030,买盘
2563,11:11:06,13.73,0.01,32,43936,买盘
2564,11:11:03,13.72,--,8,10976,卖盘
2565,11:11:00,13.72,--,151,207172,卖盘
2566,11:10:57,13.72,0.01,112,153664,买盘
2567,11:10:54,13.71,-0.01,56,76776,卖盘
2568,11:10:51,13.72,-0.01,197,270284,中性盘
2569,11:10:48,13.73,--,119,163387,买盘
2570,11:10:45,13.73,--,24,32952,买盘
2571,11:10:42,13.73,0.01,96,131808,买盘
2572,11:10:39,13.72,0.01,121,166012,买盘
2573,11:10:36,13.71,-0.01,530,726630,卖盘
2574,11:10:33,13.72,--,58,79576,卖盘
2575,11:10:30,13.72,--,246,337512,卖盘
2576,11:10:27,13.72,--,161,220892,买盘
2577,11:10:24,13.72,--,80,109760,卖盘
2578,11:10:21,13.72,0.01,283,388276,买盘
2579,11:10:18,13.71,-0.01,56,76776,卖盘
2580,11:10:15,13.72,--,911,1249892,卖盘
2581,11:10:12,13.72,--,66,90552,卖盘
2582,11:10:09,13.72,-0.01,626,858872,卖盘
2583,11:10:06,13.73,--,61,83753,买盘
2584,11:10:03,13.73,--,87,119451,买盘
2585,11:10:00,13.73,0.01,191,262243,买盘
2586,11:09:57,13.72,--,3,4116,卖盘
2587,11:09:54,13.72,-0.01,26,35672,卖盘
2588,11:09:51,13.73,--,481,660413,卖盘
2589,11:09:48,13.73,-0.01,267,366591,卖盘
2590,11:09:45,13.74,0.01,359,493266,买盘
2591,11:09:42,13.73,-0.01,79,108467,卖盘
2592,11:09:39,13.74,0.02,137,188238,买盘
2593,11:09:36,13.72,-0.01,191,262052,卖盘
2594,11:09:33,13.73,0.02,136,186728,买盘
2595,11:09:30,13.71,-0.02,3,4113,卖盘
2596,11:09:27,13.73,0.02,538,738674,买盘
2597,11:09:24,13.71,-0.01,75,102825,卖盘
2598,11:09:21,13.72,0.01,573,786156,买盘
2599,11:09:18,13.71,-0.01,28,38388,卖盘
2600,11:09:15,13.72,0.01,90,123480,买盘
2601,11:09:12,13.71,--,313,429123,卖盘
2602,11:09:09,13.71,--,34,46614,卖盘
2603,11:09:06,13.71,--,13,17823,卖盘
2604,11:09:03,13.71,0.01,307,420897,买盘
2605,11:09:00,13.7,--,142,194540,卖盘
2606,11:08:57,13.7,--,37,50690,卖盘
2607,11:08:54,13.7,--,38,52060,卖盘
2608,11:08:51,13.7,--,659,903104,买盘
2609,11:08:48,13.7,0.01,113,154810,买盘
2610,11:08:45,13.69,--,126,172494,卖盘
2611,11:08:42,13.69,-0.01,71,97199,卖盘
2612,11:08:39,13.7,--,105,143850,买盘
2613,11:08:36,13.7,--,116,158920,买盘
2614,11:08:33,13.7,0.01,187,256190,买盘
2615,11:08:30,13.69,--,201,275169,卖盘
2616,11:08:27,13.69,--,147,201243,卖盘
2617,11:08:24,13.69,--,35,47915,卖盘
2618,11:08:21,13.69,-0.01,40,54760,卖盘
2619,11:08:18,13.7,0.01,132,180840,买盘
2620,11:08:15,13.69,--,109,149221,买盘
2621,11:08:12,13.69,--,25,34225,买盘
2622,11:08:09,13.69,0.01,132,180708,买盘
2623,11:08:06,13.68,--,78,106704,买盘
2624,11:08:03,13.68,--,361,493848,中性盘
2625,11:08:00,13.68,0.01,15,20520,买盘
2626,11:07:57,13.67,--,29,39643,卖盘
2627,11:07:54,13.67,-0.01,11,15037,卖盘
2628,11:07:51,13.68,--,125,171000,买盘
2629,11:07:48,13.68,--,105,143640,卖盘
2630,11:07:45,13.68,0.01,19,25992,中性盘
2631,11:07:42,13.67,--,44,60148,卖盘
2632,11:07:39,13.67,-0.01,2,2734,卖盘
2633,11:07:36,13.68,--,15,20520,卖盘
2634,11:07:33,13.68,--,85,116280,卖盘
2635,11:07:30,13.68,--,237,324216,卖盘
2636,11:07:27,13.68,--,89,121752,卖盘
2637,11:07:24,13.68,-0.01,33,45144,卖盘
2638,11:07:21,13.69,--,2,2738,买盘
2639,11:07:18,13.69,0.01,9,12321,买盘
2640,11:07:15,13.68,-0.01,183,250344,卖盘
2641,11:07:12,13.69,--,26,35594,买盘
2642,11:07:09,13.69,0.01,30,41070,买盘
2643,11:07:06,13.68,-0.01,31,42408,中性盘
2644,11:07:03,13.69,0.01,124,169756,买盘
2645,11:07:00,13.68,--,35,47880,买盘
2646,11:06:57,13.68,--,19,25992,买盘
2647,11:06:54,13.68,--,142,194256,买盘
2648,11:06:51,13.68,-0.01,31,42408,卖盘
2649,11:06:48,13.69,0.01,2,2738,买盘
2650,11:06:45,13.68,--,43,58824,卖盘
2651,11:06:42,13.68,--,87,119016,卖盘
2652,11:06:39,13.68,-0.01,55,75240,中性盘
2653,11:06:36,13.69,0.01,328,449032,买盘
2654,11:06:33,13.68,--,34,46512,买盘
2655,11:06:30,13.68,0.01,11,15048,买盘
2656,11:06:27,13.67,0.01,48,65616,买盘
2657,11:06:24,13.66,--,540,737640,卖盘
2658,11:06:21,13.66,--,128,174848,卖盘
2659,11:06:18,13.66,--,26,35516,卖盘
2660,11:06:15,13.66,-0.01,43,58738,卖盘
2661,11:06:12,13.67,--,55,75185,买盘
2662,11:06:09,13.67,--,25,34175,买盘
2663,11:06:06,13.67,0.01,286,390962,买盘
2664,11:06:03,13.66,-0.01,55,75130,卖盘
2665,11:06:00,13.67,0.01,8,10936,买盘
2666,11:05:57,13.66,-0.01,161,219926,卖盘
2667,11:05:54,13.67,0.01,246,336282,买盘
2668,11:05:51,13.66,--,3,4098,卖盘
2669,11:05:48,13.66,--,6,8196,卖盘
2670,11:05:42,13.66,-0.02,75,102450,卖盘
2671,11:05:39,13.68,0.03,128,175104,买盘
2672,11:05:36,13.65,-0.03,54,73710,卖盘
2673,11:05:33,13.68,--,5,6840,买盘
2674,11:05:30,13.68,--,47,64296,买盘
2675,11:05:27,13.68,0.03,211,288648,买盘
2676,11:05:24,13.65,-0.03,1007,1374555,卖盘
2677,11:05:21,13.68,0.02,33,45144,买盘
2678,11:05:18,13.66,--,11,15026,卖盘
2679,11:05:15,13.66,-0.02,24,32784,卖盘
2680,11:05:12,13.68,0.01,48,65664,买盘
2681,11:05:09,13.67,0.01,1,1367,中性盘
2682,11:05:06,13.66,--,114,155724,卖盘
2683,11:05:03,13.66,-0.01,22,30052,卖盘
2684,11:05:00,13.67,0.01,29,39643,卖盘
2685,11:04:57,13.66,-0.01,33,45078,卖盘
2686,11:04:54,13.67,-0.01,15,20505,卖盘
2687,11:04:51,13.68,0.02,105,143640,买盘
2688,11:04:48,13.66,--,33,45078,卖盘
2689,11:04:45,13.66,--,58,79228,卖盘
2690,11:04:42,13.66,-0.01,8,10928,卖盘
2691,11:04:39,13.67,-0.01,329,449743,中性盘
2692,11:04:36,13.68,0.02,20,27360,买盘
2693,11:04:33,13.66,-0.01,366,499956,卖盘
2694,11:04:30,13.67,-0.01,87,118929,卖盘
2695,11:04:24,13.68,--,153,209304,买盘
2696,11:04:21,13.68,--,8,10944,买盘
2697,11:04:18,13.68,-0.01,33,45144,中性盘
2698,11:04:15,13.69,0.04,114,156066,买盘
2699,11:04:12,13.65,-0.03,527,719355,卖盘
2700,11:04:09,13.68,0.03,8,10944,中性盘
2701,11:04:06,13.65,--,57,77805,卖盘
2702,11:04:03,13.65,--,23,31395,卖盘
2703,11:04:00,13.65,-0.01,1607,2193555,卖盘
2704,11:03:57,13.66,-0.01,235,321010,中性盘
2705,11:03:48,13.67,0.02,204,278868,中性盘
2706,11:03:45,13.65,--,11,15015,卖盘
2707,11:03:42,13.65,--,315,429975,买盘
2708,11:03:39,13.65,--,60,81900,买盘
2709,11:03:36,13.65,-0.03,59,80535,卖盘
2710,11:03:33,13.68,--,6,8208,买盘
2711,11:03:30,13.68,0.02,90,123120,买盘
2712,11:03:27,13.66,0.02,158,215828,买盘
2713,11:03:24,13.64,-0.01,4,5456,中性盘
2714,11:03:21,13.65,0.01,72,98280,买盘
2715,11:03:18,13.64,--,79,107756,买盘
2716,11:03:15,13.64,-0.01,536,731104,卖盘
2717,11:03:12,13.65,--,32,43680,卖盘
2718,11:03:09,13.65,-0.01,516,704340,卖盘
2719,11:03:06,13.66,0.01,112,152992,买盘
2720,11:03:03,13.65,--,6,8190,卖盘
2721,11:03:00,13.65,-0.02,539,735735,卖盘
2722,11:02:57,13.67,0.02,16,21872,中性盘
2723,11:02:54,13.65,-0.01,212,289380,卖盘
2724,11:02:51,13.66,--,59,80594,买盘
2725,11:02:48,13.66,--,508,693928,卖盘
2726,11:02:45,13.66,--,65,88790,卖盘
2727,11:02:39,13.66,-0.03,690,942540,卖盘
2728,11:02:36,13.69,0.02,441,603729,买盘
2729,11:02:33,13.67,-0.01,874,1194758,卖盘
2730,11:02:30,13.68,-0.01,54,73872,卖盘
2731,11:02:27,13.69,-0.01,96,131424,中性盘
2732,11:02:24,13.7,-0.02,65,89050,买盘
2733,11:02:21,13.72,0.02,21,28812,买盘
2734,11:02:18,13.7,-0.02,108,147960,中性盘
2735,11:02:15,13.72,0.02,59,81140,买盘
2736,11:02:12,13.7,0.02,226,310798,买盘
2737,11:02:09,13.68,-0.02,24,32832,卖盘
2738,11:02:06,13.7,0.01,126,172620,买盘
2739,11:02:03,13.69,-0.01,61,83509,卖盘
2740,11:02:00,13.7,--,29,39730,买盘
2741,11:01:57,13.7,-0.02,3082,4222531,卖盘
2742,11:01:54,13.72,-0.02,200,274400,卖盘
