,time,price,change,volume,amount,type
0,15:00:03,7.53,--,1599,1204047,买盘
1,14:57:00,7.53,--,228,171684,买盘
2,14:56:57,7.53,--,44,33132,买盘
3,14:56:54,7.53,-0.01,721,542913,卖盘
4,14:56:51,7.54,0.01,500,377000,买盘
5,14:56:45,7.53,-0.01,17,12801,卖盘
6,14:56:39,7.54,--,40,30160,买盘
7,14:56:36,7.54,0.01,129,97266,买盘
8,14:56:33,7.53,-0.01,1,753,卖盘
9,14:56:30,7.54,--,3,2262,买盘
10,14:56:27,7.54,--,21,15834,买盘
11,14:56:24,7.54,0.01,64,48256,买盘
12,14:56:21,7.53,-0.01,115,86595,卖盘
13,14:56:18,7.54,--,5,3770,买盘
14,14:56:15,7.54,--,10,7540,买盘
15,14:56:12,7.54,--,1,754,买盘
16,14:56:09,7.54,--,47,35438,买盘
17,14:56:06,7.54,--,11,8294,买盘
18,14:56:03,7.54,--,3,2262,买盘
19,14:56:00,7.54,--,11,8294,买盘
20,14:55:57,7.54,--,9,6786,买盘
21,14:55:54,7.54,0.01,166,125164,买盘
22,14:55:51,7.53,--,47,35391,买盘
23,14:55:48,7.53,-0.01,1158,872704,卖盘
24,14:55:45,7.54,0.01,215,162110,买盘
25,14:55:42,7.53,-0.01,103,77559,卖盘
26,14:55:39,7.54,--,87,65598,买盘
27,14:55:36,7.54,--,12,9048,买盘
28,14:55:33,7.54,--,26,19604,买盘
29,14:55:27,7.54,0.01,27,20358,买盘
30,14:55:24,7.53,-0.01,191,143823,卖盘
31,14:55:21,7.54,0.01,9,6786,买盘
32,14:55:18,7.53,-0.01,3,2259,卖盘
33,14:55:12,7.54,0.01,16,12064,买盘
34,14:55:09,7.53,-0.01,348,262044,卖盘
35,14:55:06,7.54,--,108,81432,买盘
36,14:55:00,7.54,--,17,12818,买盘
37,14:54:57,7.54,--,15,11310,买盘
38,14:54:51,7.54,--,56,42224,买盘
39,14:54:48,7.54,--,37,27898,买盘
40,14:54:45,7.54,--,6,4524,买盘
41,14:54:42,7.54,--,140,105560,买盘
42,14:54:39,7.54,--,118,88972,买盘
43,14:54:36,7.54,0.01,489,368706,买盘
44,14:54:33,7.53,-0.01,106,79818,卖盘
45,14:54:30,7.54,0.01,22,16588,买盘
46,14:54:27,7.53,-0.01,174,131022,卖盘
47,14:54:24,7.54,0.01,12,9048,买盘
48,14:54:21,7.53,-0.01,215,161895,卖盘
49,14:54:15,7.54,0.01,26,19604,买盘
50,14:54:12,7.53,--,12,9036,卖盘
51,14:54:09,7.53,-0.01,1,753,卖盘
52,14:54:06,7.54,--,43,32422,买盘
53,14:54:03,7.54,--,40,30160,买盘
54,14:54:00,7.54,0.01,12,9048,买盘
55,14:53:54,7.53,-0.01,8,6024,卖盘
56,14:53:51,7.54,--,50,37700,买盘
57,14:53:48,7.54,--,20,15080,买盘
58,14:53:45,7.54,0.01,14,10556,买盘
59,14:53:42,7.53,--,91,68523,卖盘
60,14:53:39,7.53,--,50,37650,卖盘
61,14:53:36,7.53,--,18,13554,卖盘
62,14:53:33,7.53,--,97,73041,卖盘
63,14:53:30,7.53,-0.01,56,42168,卖盘
64,14:53:27,7.54,--,9,6786,买盘
65,14:53:18,7.54,--,16,12064,买盘
66,14:53:15,7.54,0.01,45,33930,买盘
67,14:53:03,7.53,-0.01,82,61746,卖盘
68,14:53:00,7.54,--,38,28652,买盘
69,14:52:57,7.54,0.01,105,79170,买盘
70,14:52:54,7.53,-0.01,3,2259,卖盘
71,14:52:51,7.54,0.01,1,754,买盘
72,14:52:39,7.53,-0.01,21,15813,卖盘
73,14:52:33,7.54,--,2,1508,买盘
74,14:52:30,7.54,--,1,754,买盘
75,14:52:27,7.54,0.01,13,9802,买盘
76,14:52:24,7.53,-0.01,234,176202,卖盘
77,14:52:15,7.54,0.01,7,5278,买盘
78,14:52:12,7.53,-0.01,148,111444,卖盘
79,14:52:06,7.54,0.01,16,12064,买盘
80,14:52:03,7.53,-0.01,154,115962,卖盘
81,14:52:00,7.54,--,11,8294,买盘
82,14:51:57,7.54,0.01,20,15080,买盘
83,14:51:51,7.53,-0.01,11,8283,卖盘
84,14:51:48,7.54,--,8,6032,买盘
85,14:51:45,7.54,0.01,59,44486,买盘
86,14:51:36,7.53,--,14,10542,卖盘
87,14:51:33,7.53,--,152,114456,卖盘
88,14:51:30,7.53,-0.01,17,12801,卖盘
89,14:51:27,7.54,0.01,5,3770,买盘
90,14:51:24,7.53,-0.01,72,54216,卖盘
91,14:51:21,7.54,0.01,1,754,买盘
92,14:51:18,7.53,-0.01,44,33132,卖盘
93,14:51:12,7.54,--,9,6786,买盘
94,14:51:09,7.54,--,172,129688,买盘
95,14:51:06,7.54,0.01,7,5278,买盘
96,14:51:03,7.53,-0.01,148,111444,卖盘
97,14:51:00,7.54,--,12,9048,买盘
98,14:50:54,7.54,--,15,11310,买盘
99,14:50:51,7.54,--,142,107068,买盘
100,14:50:48,7.54,0.01,6,4524,买盘
101,14:50:45,7.53,-0.01,80,60240,卖盘
102,14:50:42,7.54,0.01,58,43732,买盘
103,14:50:36,7.53,-0.01,25,18825,卖盘
104,14:50:33,7.54,0.01,26,19604,买盘
105,14:50:30,7.53,--,21,15813,卖盘
106,14:50:27,7.53,--,67,50451,卖盘
107,14:50:24,7.53,-0.01,102,76806,卖盘
108,14:50:21,7.54,--,40,30160,买盘
109,14:50:18,7.54,0.01,959,723086,买盘
110,14:50:15,7.53,--,237,178483,买盘
111,14:50:12,7.53,--,82,62476,卖盘
112,14:50:09,7.53,-0.01,51,38403,卖盘
113,14:50:06,7.54,--,91,68614,买盘
114,14:50:03,7.54,--,221,166634,买盘
115,14:50:00,7.54,0.01,12,9048,买盘
116,14:49:57,7.53,-0.01,82,61746,卖盘
117,14:49:54,7.54,--,1,754,买盘
118,14:49:51,7.54,--,16,12064,买盘
119,14:49:48,7.54,0.01,8,6032,买盘
120,14:49:45,7.53,-0.01,107,80571,卖盘
121,14:49:42,7.54,0.01,2,1508,买盘
122,14:49:39,7.53,-0.01,37,27861,卖盘
123,14:49:36,7.54,--,13,9802,买盘
124,14:49:30,7.54,0.01,20,15080,买盘
125,14:49:27,7.53,-0.01,385,289905,卖盘
126,14:49:24,7.54,--,7,5278,买盘
127,14:49:21,7.54,0.01,29,21866,买盘
128,14:49:18,7.53,--,65,48945,卖盘
129,14:49:15,7.53,--,306,230418,卖盘
130,14:49:09,7.53,-0.01,56,42168,卖盘
131,14:49:06,7.54,0.01,29,21866,买盘
132,14:49:03,7.53,-0.01,252,189756,卖盘
133,14:49:00,7.54,--,73,55042,买盘
134,14:48:57,7.54,--,20,15080,买盘
135,14:48:54,7.54,--,8,6032,买盘
136,14:48:51,7.54,--,24,18096,买盘
137,14:48:42,7.54,0.01,1,754,买盘
138,14:48:39,7.53,-0.01,1,753,卖盘
139,14:48:36,7.54,0.01,113,85202,买盘
140,14:48:33,7.53,-0.01,100,75300,卖盘
141,14:48:30,7.54,--,25,18850,买盘
142,14:48:24,7.54,--,30,22620,买盘
143,14:48:21,7.54,--,387,291798,买盘
144,14:48:18,7.54,--,100,75400,买盘
145,14:48:15,7.54,--,6,4524,买盘
146,14:48:12,7.54,--,1,754,买盘
147,14:48:09,7.54,0.01,104,78416,买盘
148,14:48:06,7.53,--,2510,1890030,卖盘
149,14:48:03,7.53,-0.01,4,3012,卖盘
150,14:48:00,7.54,--,9,6786,买盘
151,14:47:57,7.54,--,3,2262,买盘
152,14:47:54,7.54,0.01,13,9802,买盘
153,14:47:51,7.53,-0.01,91,68523,卖盘
154,14:47:45,7.54,--,2,1508,买盘
155,14:47:42,7.54,--,2,1508,买盘
156,14:47:39,7.54,--,48,36192,买盘
157,14:47:36,7.54,--,174,131196,买盘
158,14:47:33,7.54,--,200,150800,买盘
159,14:47:30,7.54,--,4,3016,买盘
160,14:47:27,7.54,--,4,3016,买盘
161,14:47:24,7.54,--,86,64844,买盘
162,14:47:18,7.54,--,5,3770,买盘
163,14:47:15,7.54,--,10,7540,买盘
164,14:47:12,7.54,--,67,50518,买盘
165,14:47:09,7.54,--,565,426010,买盘
166,14:47:06,7.54,--,26,19604,买盘
167,14:47:03,7.54,--,60,45240,买盘
168,14:47:00,7.54,0.01,11,8294,买盘
169,14:46:57,7.53,-0.01,1,753,卖盘
170,14:46:54,7.54,0.01,2,1508,买盘
171,14:46:51,7.53,-0.01,46,34638,卖盘
172,14:46:45,7.54,--,7,5278,买盘
173,14:46:42,7.54,0.01,144,108576,买盘
174,14:46:36,7.53,--,3,2259,卖盘
175,14:46:30,7.53,-0.01,4,3012,卖盘
176,14:46:27,7.54,--,2,1508,买盘
177,14:46:21,7.54,0.01,18,13572,买盘
178,14:46:18,7.53,-0.01,30,22590,卖盘
179,14:46:15,7.54,--,4,3016,买盘
180,14:46:09,7.54,--,2,1508,买盘
181,14:46:06,7.54,--,43,32422,买盘
182,14:46:03,7.54,0.01,1,754,买盘
183,14:46:00,7.53,--,4,3012,卖盘
184,14:45:57,7.53,-0.01,20,15060,卖盘
185,14:45:54,7.54,0.01,2,1508,买盘
186,14:45:51,7.53,--,27,20331,卖盘
187,14:45:48,7.53,-0.01,35,26355,卖盘
188,14:45:45,7.54,0.01,2,1508,买盘
189,14:45:42,7.53,-0.01,32,24096,卖盘
190,14:45:39,7.54,--,8,6032,买盘
191,14:45:36,7.54,--,137,103298,买盘
192,14:45:33,7.54,0.01,47,35438,买盘
193,14:45:30,7.53,--,44,33132,卖盘
194,14:45:27,7.53,--,53,39909,卖盘
195,14:45:24,7.53,-0.01,1,753,卖盘
196,14:45:21,7.54,0.01,1,754,买盘
197,14:45:18,7.53,-0.01,9,6777,卖盘
198,14:45:15,7.54,--,3,2262,买盘
199,14:45:09,7.54,--,3,2262,买盘
200,14:45:06,7.54,--,81,61074,买盘
201,14:45:03,7.54,--,343,258622,买盘
202,14:45:00,7.54,--,38,28652,买盘
203,14:44:57,7.54,--,8,6032,买盘
204,14:44:54,7.54,--,1,754,买盘
205,14:44:51,7.54,0.01,3,2262,买盘
206,14:44:48,7.53,-0.01,11,8283,卖盘
207,14:44:45,7.54,--,9,6786,买盘
208,14:44:42,7.54,--,7,5278,买盘
209,14:44:39,7.54,0.01,1,754,买盘
210,14:44:36,7.53,-0.01,5,3765,卖盘
211,14:44:33,7.54,--,1,754,买盘
212,14:44:30,7.54,--,11,8294,买盘
213,14:44:27,7.54,--,1,754,买盘
214,14:44:24,7.54,--,11,8294,买盘
215,14:44:21,7.54,0.01,20,15080,买盘
216,14:44:18,7.53,--,51,38553,卖盘
217,14:44:15,7.53,-0.01,26,19578,卖盘
218,14:44:12,7.54,--,39,29406,买盘
219,14:44:09,7.54,--,2,1508,买盘
220,14:44:06,7.54,--,46,34684,买盘
221,14:44:03,7.54,0.01,182,137228,买盘
222,14:44:00,7.53,-0.01,124,93372,卖盘
223,14:43:57,7.54,--,2,1508,买盘
224,14:43:54,7.54,--,16,12064,买盘
225,14:43:51,7.54,--,7,5278,买盘
226,14:43:48,7.54,0.01,147,110838,买盘
227,14:43:45,7.53,-0.01,105,79065,卖盘
228,14:43:42,7.54,--,4,3016,买盘
229,14:43:39,7.54,--,2,1508,买盘
230,14:43:36,7.54,--,1,754,买盘
231,14:43:30,7.54,--,15,11310,买盘
232,14:43:27,7.54,--,1,754,买盘
233,14:43:24,7.54,--,10,7540,买盘
234,14:43:21,7.54,--,1,754,买盘
235,14:43:18,7.54,--,1,754,买盘
236,14:43:12,7.54,0.01,6,4524,买盘
237,14:43:09,7.53,-0.01,43,32379,卖盘
238,14:43:03,7.54,--,3,2262,买盘
239,14:43:00,7.54,--,43,32422,买盘
240,14:42:57,7.54,--,4,3016,买盘
241,14:42:54,7.54,0.01,30,22620,买盘
242,14:42:48,7.53,--,2,1506,卖盘
243,14:42:45,7.53,-0.02,42,31626,卖盘
244,14:42:33,7.55,--,10,7550,买盘
245,14:42:30,7.55,0.01,687,518685,买盘
246,14:42:27,7.54,-0.01,25,18850,卖盘
247,14:42:24,7.55,--,2,1510,买盘
248,14:42:21,7.55,--,1,755,买盘
249,14:42:18,7.55,--,29,21895,买盘
250,14:42:15,7.55,0.01,110,83050,买盘
251,14:42:12,7.54,--,117,88218,买盘
252,14:42:09,7.54,--,45,33930,买盘
253,14:42:06,7.54,--,2,1508,买盘
254,14:42:03,7.54,--,2,1508,买盘
255,14:42:00,7.54,--,3,2262,买盘
256,14:41:54,7.54,--,30,22620,买盘
257,14:41:51,7.54,--,35,26390,买盘
258,14:41:48,7.54,--,73,55042,卖盘
259,14:41:39,7.54,--,9,6786,买盘
260,14:41:33,7.54,-0.01,24,18096,卖盘
261,14:41:27,7.55,0.01,54,40770,买盘
262,14:41:24,7.54,-0.01,1,754,卖盘
263,14:41:21,7.55,0.01,1,755,买盘
264,14:41:15,7.54,-0.01,186,140244,卖盘
265,14:41:12,7.55,0.01,6,4530,买盘
266,14:41:09,7.54,-0.01,51,38454,卖盘
267,14:41:06,7.55,--,1,755,买盘
268,14:41:03,7.55,--,4,3020,买盘
269,14:41:00,7.55,0.01,196,147980,买盘
270,14:40:54,7.54,-0.01,20,15080,卖盘
271,14:40:51,7.55,0.01,8,6040,买盘
272,14:40:48,7.54,--,20,15080,卖盘
273,14:40:45,7.54,--,2,1508,卖盘
274,14:40:42,7.54,--,1,754,卖盘
275,14:40:36,7.54,--,1,754,卖盘
276,14:40:33,7.54,0.01,10,7540,卖盘
277,14:40:30,7.53,-0.01,114,85842,卖盘
278,14:40:24,7.54,--,3,2262,买盘
279,14:40:21,7.54,--,2,1508,买盘
280,14:40:18,7.54,--,13,9802,买盘
281,14:40:15,7.54,--,3,2262,买盘
282,14:40:12,7.54,--,1,754,买盘
283,14:40:06,7.54,0.01,12,9048,买盘
284,14:40:03,7.53,-0.01,1087,818511,卖盘
285,14:39:57,7.54,--,106,79924,买盘
286,14:39:48,7.54,--,16,12064,卖盘
287,14:39:45,7.54,-0.01,35,26390,卖盘
288,14:39:42,7.55,--,1,755,买盘
289,14:39:36,7.55,0.01,11,8305,买盘
290,14:39:33,7.54,-0.01,480,361920,卖盘
291,14:39:30,7.55,0.01,2,1510,买盘
292,14:39:27,7.54,--,7,5278,卖盘
293,14:39:24,7.54,-0.01,11,8294,卖盘
294,14:39:21,7.55,0.01,1,755,买盘
295,14:39:18,7.54,-0.01,100,75400,卖盘
296,14:39:15,7.55,--,21,15855,买盘
297,14:39:12,7.55,--,3,2265,买盘
298,14:39:06,7.55,0.01,2,1510,买盘
299,14:39:03,7.54,-0.01,7,5278,卖盘
300,14:39:00,7.55,--,530,400150,买盘
301,14:38:57,7.55,0.01,5,3775,买盘
302,14:38:54,7.54,-0.01,220,165880,卖盘
303,14:38:51,7.55,0.01,1,755,买盘
304,14:38:45,7.54,--,3,2262,卖盘
305,14:38:42,7.54,--,248,186992,买盘
306,14:38:39,7.54,--,462,348348,买盘
307,14:38:30,7.54,--,1,754,买盘
308,14:38:21,7.54,--,2,1508,买盘
309,14:38:18,7.54,--,15,11310,买盘
310,14:38:12,7.54,--,7,5278,买盘
311,14:38:09,7.54,-0.01,394,297076,卖盘
312,14:38:06,7.55,0.01,10,7550,买盘
313,14:38:03,7.54,--,36,27144,卖盘
314,14:37:57,7.54,-0.01,70,52780,卖盘
315,14:37:42,7.55,0.01,1,755,买盘
316,14:37:36,7.54,--,1,754,卖盘
317,14:37:33,7.54,-0.01,80,60320,卖盘
318,14:37:30,7.55,--,1,755,买盘
319,14:37:24,7.55,--,1,755,买盘
320,14:37:21,7.55,--,7,5285,买盘
321,14:37:18,7.55,0.01,205,154775,买盘
322,14:37:12,7.54,--,1,754,卖盘
323,14:37:09,7.54,-0.01,1,754,卖盘
324,14:37:06,7.55,--,1,755,买盘
325,14:37:03,7.55,--,11,8305,买盘
326,14:37:00,7.55,0.01,118,89090,买盘
327,14:36:57,7.54,--,22,16588,卖盘
328,14:36:51,7.54,-0.01,69,52026,卖盘
329,14:36:45,7.55,0.02,164,123820,买盘
330,14:36:42,7.53,-0.01,2014,1516542,卖盘
331,14:36:33,7.54,-0.01,111,83694,卖盘
332,14:36:21,7.55,--,2,1510,买盘
333,14:36:12,7.55,--,25,18875,买盘
334,14:36:09,7.55,0.01,148,111740,买盘
335,14:36:06,7.54,--,250,188500,卖盘
336,14:36:00,7.54,-0.01,180,135720,卖盘
337,14:35:54,7.55,--,1,755,买盘
338,14:35:48,7.55,0.01,31,23858,买盘
339,14:35:45,7.54,--,62,46748,买盘
340,14:35:42,7.54,--,38,28652,买盘
341,14:35:39,7.54,--,121,91234,买盘
342,14:35:33,7.54,-0.01,217,163919,卖盘
343,14:35:30,7.55,--,39,29445,买盘
344,14:35:27,7.55,--,800,604000,买盘
345,14:35:24,7.55,--,17,12835,买盘
346,14:35:21,7.55,0.01,1,755,买盘
347,14:35:15,7.54,-0.01,15,11310,卖盘
348,14:35:12,7.55,--,80,60400,买盘
349,14:35:09,7.55,--,1,755,买盘
350,14:35:03,7.55,0.01,49,36995,买盘
351,14:35:00,7.54,--,3,2262,卖盘
352,14:34:57,7.54,-0.01,26,19604,卖盘
353,14:34:51,7.55,0.01,1,755,买盘
354,14:34:45,7.54,-0.01,248,186992,卖盘
355,14:34:42,7.55,--,1,755,买盘
356,14:34:39,7.55,0.01,3,2265,买盘
357,14:34:36,7.54,-0.01,2,1508,卖盘
358,14:34:33,7.55,0.01,10,7550,买盘
359,14:34:30,7.54,-0.01,654,493116,卖盘
360,14:34:24,7.55,--,215,162325,买盘
361,14:34:21,7.55,--,19,14345,买盘
362,14:34:18,7.55,--,11,8305,买盘
363,14:34:15,7.55,--,500,377500,买盘
364,14:34:06,7.55,--,7,5285,买盘
365,14:34:03,7.55,0.01,2,1510,买盘
366,14:33:51,7.54,-0.01,2,1508,卖盘
367,14:33:48,7.55,0.01,53,40015,买盘
368,14:33:45,7.54,-0.01,30,22620,卖盘
369,14:33:42,7.55,--,18,13590,买盘
370,14:33:39,7.55,--,23,17365,买盘
371,14:33:27,7.55,0.01,10,7550,买盘
372,14:33:24,7.54,--,5,3770,卖盘
373,14:33:21,7.54,-0.01,2,1508,卖盘
374,14:33:18,7.55,--,4,3020,买盘
375,14:33:15,7.55,0.01,1,755,买盘
376,14:33:09,7.54,-0.01,8,6032,卖盘
377,14:33:06,7.55,--,2,1510,买盘
378,14:33:03,7.55,--,107,80785,买盘
379,14:33:00,7.55,0.01,2,1510,买盘
380,14:32:57,7.54,-0.01,77,58058,卖盘
381,14:32:54,7.55,--,550,415250,买盘
382,14:32:51,7.55,--,5,3775,买盘
383,14:32:48,7.55,0.01,32,24160,买盘
384,14:32:45,7.54,-0.01,33,24882,卖盘
385,14:32:42,7.55,--,1,755,买盘
386,14:32:39,7.55,0.01,3,2265,买盘
387,14:32:36,7.54,-0.01,100,75400,卖盘
388,14:32:30,7.55,0.01,1,755,买盘
389,14:32:27,7.54,--,107,80678,卖盘
390,14:32:24,7.54,-0.01,5,3770,卖盘
391,14:32:21,7.55,--,103,77765,买盘
392,14:32:18,7.55,0.01,24,18120,买盘
393,14:32:15,7.54,--,186,140696,买盘
394,14:32:12,7.54,0.01,245,184730,买盘
395,14:32:06,7.53,-0.01,32,24096,卖盘
396,14:32:03,7.54,--,3,2262,买盘
397,14:31:57,7.54,--,63,47502,买盘
398,14:31:54,7.54,-0.01,504,380317,卖盘
399,14:31:45,7.55,--,17,12835,买盘
400,14:31:42,7.55,--,12,9060,买盘
401,14:31:39,7.55,0.01,14,10570,买盘
402,14:31:36,7.54,-0.01,127,95758,卖盘
403,14:31:33,7.55,--,10,7550,买盘
404,14:31:27,7.55,--,3,2265,买盘
405,14:31:24,7.55,0.01,12,9060,买盘
406,14:31:18,7.54,-0.01,17,12818,卖盘
407,14:31:12,7.55,0.01,18,13590,买盘
408,14:31:09,7.54,--,100,75400,卖盘
409,14:31:06,7.54,-0.01,1,754,卖盘
410,14:31:03,7.55,0.01,3,2265,买盘
411,14:31:00,7.54,--,20,15080,卖盘
412,14:30:54,7.54,--,37,27898,卖盘
413,14:30:48,7.54,-0.01,24,18096,卖盘
414,14:30:42,7.55,--,21,15855,买盘
415,14:30:39,7.55,--,2,1510,买盘
416,14:30:36,7.55,0.01,10,7550,买盘
417,14:30:33,7.54,-0.01,10,7540,卖盘
418,14:30:30,7.55,0.01,1,755,买盘
419,14:30:27,7.54,-0.01,102,76908,卖盘
420,14:30:24,7.55,--,3,2265,买盘
421,14:30:21,7.55,--,1,755,买盘
422,14:30:18,7.55,0.01,27,20385,买盘
423,14:30:15,7.54,-0.01,479,361166,卖盘
424,14:30:03,7.55,--,70,52850,买盘
425,14:30:00,7.55,0.01,31,23405,买盘
426,14:29:57,7.54,-0.01,31,23374,卖盘
427,14:29:54,7.55,0.01,28,21140,买盘
428,14:29:48,7.54,--,4,3016,卖盘
429,14:29:42,7.54,-0.01,10,7540,卖盘
430,14:29:39,7.55,--,3,2265,买盘
431,14:29:36,7.55,0.01,12,9060,买盘
432,14:29:33,7.54,--,52,39208,卖盘
433,14:29:30,7.54,--,504,380468,买盘
434,14:29:27,7.54,0.01,38,28652,买盘
435,14:29:24,7.53,-0.01,1075,809475,卖盘
436,14:29:18,7.54,0.01,2,1508,买盘
437,14:29:15,7.53,-0.01,45,33885,卖盘
438,14:29:06,7.54,--,9,6786,买盘
439,14:29:03,7.54,--,409,308386,买盘
440,14:29:00,7.54,0.01,20,15080,买盘
441,14:28:57,7.53,--,200,150600,卖盘
442,14:28:54,7.53,-0.01,30,22590,卖盘
443,14:28:48,7.54,--,205,154570,买盘
444,14:28:42,7.54,--,7,5278,买盘
445,14:28:39,7.54,--,500,377000,买盘
446,14:28:36,7.54,--,23,17342,买盘
447,14:28:33,7.54,0.01,26,19604,买盘
448,14:28:30,7.53,-0.01,32,24096,卖盘
449,14:28:27,7.54,--,503,379262,买盘
450,14:28:21,7.54,--,49,36946,买盘
451,14:28:18,7.54,--,51,38454,买盘
452,14:28:12,7.54,0.01,6,4524,买盘
453,14:28:09,7.53,-0.01,420,316260,卖盘
454,14:28:03,7.54,--,2,1508,买盘
455,14:27:57,7.54,0.01,77,58058,买盘
456,14:27:54,7.53,-0.01,50,37650,卖盘
457,14:27:48,7.54,--,12,9048,买盘
458,14:27:45,7.54,--,500,377000,买盘
459,14:27:42,7.54,--,21,15834,买盘
460,14:27:39,7.54,--,1,754,买盘
461,14:27:33,7.54,--,74,55796,买盘
462,14:27:30,7.54,--,2,1508,买盘
463,14:27:18,7.54,--,51,38454,买盘
464,14:27:15,7.54,--,12,9048,买盘
465,14:27:12,7.54,0.01,529,398866,买盘
466,14:27:03,7.53,-0.01,51,38403,卖盘
467,14:26:57,7.54,0.01,81,61074,买盘
468,14:26:54,7.53,--,20,15060,卖盘
469,14:26:48,7.53,-0.01,4,3012,卖盘
470,14:26:36,7.54,0.01,31,23374,买盘
471,14:26:30,7.53,-0.01,11,8283,卖盘
472,14:26:27,7.54,--,6,4524,买盘
473,14:26:24,7.54,--,27,20358,买盘
474,14:26:21,7.54,--,225,169650,买盘
475,14:26:18,7.54,--,5,3770,买盘
476,14:26:15,7.54,--,14,10556,买盘
477,14:26:12,7.54,--,1,754,买盘
478,14:26:03,7.54,--,3,2262,买盘
479,14:25:57,7.54,--,2,1508,买盘
480,14:25:54,7.54,--,80,60320,买盘
481,14:25:51,7.54,--,20,15080,买盘
482,14:25:48,7.54,0.01,5,3770,买盘
483,14:25:45,7.53,--,187,140811,卖盘
484,14:25:42,7.53,--,13,9789,卖盘
485,14:25:39,7.53,-0.01,7,5271,卖盘
486,14:25:36,7.54,0.01,5,3770,买盘
487,14:25:30,7.53,-0.01,1,753,卖盘
488,14:25:24,7.54,--,17,12818,买盘
489,14:25:21,7.54,--,61,45994,买盘
490,14:25:12,7.54,--,5,3770,买盘
491,14:25:09,7.54,0.01,80,60320,买盘
492,14:25:06,7.53,-0.01,28,21084,卖盘
493,14:25:03,7.54,0.01,1,754,买盘
494,14:25:00,7.53,--,239,179967,卖盘
495,14:24:48,7.53,-0.01,1,753,卖盘
496,14:24:45,7.54,0.01,1,754,买盘
497,14:24:36,7.53,-0.01,77,57981,卖盘
498,14:24:30,7.54,--,21,15834,买盘
499,14:24:27,7.54,--,7,5278,买盘
500,14:24:24,7.54,--,328,247312,买盘
501,14:24:21,7.54,--,231,174174,买盘
502,14:24:12,7.54,0.01,1,754,买盘
503,14:24:09,7.53,-0.01,31,23343,卖盘
504,14:24:06,7.54,--,23,17342,买盘
505,14:24:03,7.54,--,3,2262,买盘
506,14:23:54,7.54,--,5,3770,买盘
507,14:23:51,7.54,--,24,18096,买盘
508,14:23:48,7.54,--,1,754,买盘
509,14:23:45,7.54,--,26,19604,买盘
510,14:23:42,7.54,--,5,3770,买盘
511,14:23:39,7.54,--,5,3770,买盘
512,14:23:36,7.54,-0.01,129,97869,卖盘
513,14:23:33,7.55,--,4,3020,买盘
514,14:23:30,7.55,0.01,397,299735,买盘
515,14:23:27,7.54,-0.01,1000,754000,卖盘
516,14:23:24,7.55,--,100,75500,买盘
517,14:23:21,7.55,0.01,108,81540,买盘
518,14:23:18,7.54,--,270,203580,卖盘
519,14:23:12,7.54,--,23,17342,卖盘
520,14:23:09,7.54,--,32,24128,卖盘
521,14:23:06,7.54,-0.01,130,98020,卖盘
522,14:23:03,7.55,--,5,3775,买盘
523,14:23:00,7.55,--,19,14345,买盘
524,14:22:57,7.55,0.01,59,44545,买盘
525,14:22:54,7.54,--,2530,1907620,卖盘
526,14:22:48,7.54,--,305,229970,卖盘
527,14:22:45,7.54,-0.01,277,208858,卖盘
528,14:22:42,7.55,--,90,67950,买盘
529,14:22:39,7.55,--,1,755,买盘
530,14:22:30,7.55,0.01,15,11325,买盘
531,14:22:21,7.54,-0.01,25,18850,卖盘
532,14:22:18,7.55,--,1,755,买盘
533,14:22:15,7.55,--,3,2265,买盘
534,14:22:09,7.55,0.01,24,18120,买盘
535,14:22:06,7.54,-0.01,12,9048,卖盘
536,14:22:03,7.55,--,1,755,买盘
537,14:21:51,7.55,--,83,62665,买盘
538,14:21:48,7.55,--,12,9060,买盘
539,14:21:45,7.55,0.01,2,1510,买盘
540,14:21:42,7.54,-0.01,10,7540,卖盘
541,14:21:33,7.55,0.01,5,3775,买盘
542,14:21:30,7.54,-0.01,20,15080,卖盘
543,14:21:27,7.55,--,1,755,买盘
544,14:21:21,7.55,0.01,1,755,买盘
545,14:21:18,7.54,--,86,64844,卖盘
546,14:21:09,7.54,-0.01,109,82186,卖盘
547,14:21:06,7.55,--,24,18120,买盘
548,14:21:03,7.55,--,219,165345,买盘
549,14:21:00,7.55,--,28,21140,买盘
550,14:20:51,7.55,--,11,8305,买盘
551,14:20:48,7.55,0.01,500,377500,买盘
552,14:20:42,7.54,--,20,15080,卖盘
553,14:20:39,7.54,--,155,116870,卖盘
554,14:20:36,7.54,--,10,7540,卖盘
555,14:20:30,7.54,--,1,754,卖盘
556,14:20:27,7.54,-0.01,50,37700,卖盘
557,14:20:21,7.55,--,33,24915,买盘
558,14:20:18,7.55,--,4,3020,买盘
559,14:20:15,7.55,--,86,64930,买盘
560,14:20:12,7.55,0.01,6,4530,买盘
561,14:20:06,7.54,-0.01,20,15080,卖盘
562,14:20:03,7.55,--,51,38505,买盘
563,14:19:57,7.55,--,20,15100,买盘
564,14:19:54,7.55,--,12,9060,买盘
565,14:19:51,7.55,--,1034,780670,买盘
566,14:19:48,7.55,0.01,30,22650,买盘
567,14:19:45,7.54,-0.01,27,20358,卖盘
568,14:19:42,7.55,--,22,16610,买盘
569,14:19:39,7.55,--,16,12080,买盘
570,14:19:36,7.55,--,100,75500,买盘
571,14:19:33,7.55,--,1,755,买盘
572,14:19:27,7.55,--,407,307285,买盘
573,14:19:24,7.55,--,80,60400,买盘
574,14:19:21,7.55,--,2,1510,买盘
575,14:19:18,7.55,0.01,2,1510,买盘
576,14:19:15,7.54,-0.01,1,754,卖盘
577,14:19:12,7.55,--,110,83050,买盘
578,14:19:09,7.55,0.01,5,3775,买盘
579,14:19:06,7.54,--,15,11310,卖盘
580,14:19:03,7.54,-0.01,96,72384,卖盘
581,14:19:00,7.55,--,37,27935,买盘
582,14:18:57,7.55,0.01,6,4530,买盘
583,14:18:45,7.54,-0.01,49,36946,卖盘
584,14:18:42,7.55,--,9,6795,买盘
585,14:18:39,7.55,--,2,1510,买盘
586,14:18:36,7.55,0.01,91,68705,买盘
587,14:18:33,7.54,-0.01,3,2262,卖盘
588,14:18:24,7.55,--,27,20385,买盘
589,14:18:21,7.55,--,445,335975,买盘
590,14:18:18,7.55,0.01,5,3775,买盘
591,14:18:15,7.54,--,58,43732,卖盘
592,14:18:12,7.54,--,6,4524,卖盘
593,14:18:09,7.54,-0.01,15,11310,卖盘
594,14:18:03,7.55,--,47,35485,买盘
595,14:17:51,7.55,0.01,1,755,买盘
596,14:17:45,7.54,-0.01,50,37700,卖盘
597,14:17:42,7.55,0.01,89,67195,买盘
598,14:17:39,7.54,--,4,3016,卖盘
599,14:17:33,7.54,--,32,24128,卖盘
600,14:17:30,7.54,-0.01,15,11310,卖盘
601,14:17:27,7.55,0.01,16,12080,买盘
602,14:17:24,7.54,--,128,96512,卖盘
603,14:17:21,7.54,--,283,213532,买盘
604,14:17:18,7.54,--,13,9802,买盘
605,14:17:15,7.54,--,10,7540,买盘
606,14:17:12,7.54,--,58,43732,买盘
607,14:17:09,7.54,--,30,22620,买盘
608,14:17:06,7.54,--,18,13572,买盘
609,14:17:03,7.54,-0.01,553,417565,卖盘
610,14:16:57,7.55,--,21,15855,买盘
611,14:16:54,7.55,--,686,517930,买盘
612,14:16:51,7.55,--,15,11325,买盘
613,14:16:42,7.55,--,12,9060,买盘
614,14:16:39,7.55,0.01,1,755,买盘
615,14:16:36,7.54,--,2,1508,卖盘
616,14:16:33,7.54,-0.01,84,63336,卖盘
617,14:16:30,7.55,--,7,5285,买盘
618,14:16:27,7.55,0.01,1,755,买盘
619,14:16:24,7.54,-0.01,1,754,卖盘
620,14:16:21,7.55,--,9,6795,买盘
621,14:16:18,7.55,0.01,8,6040,买盘
622,14:16:12,7.54,--,88,66352,卖盘
623,14:16:06,7.54,-0.01,6,4524,卖盘
624,14:16:03,7.55,0.01,175,132125,买盘
625,14:16:00,7.54,0.01,2685,2024640,买盘
626,14:15:57,7.53,-0.01,2,1506,卖盘
627,14:15:54,7.54,--,2,1508,买盘
628,14:15:42,7.54,--,32,24128,买盘
629,14:15:39,7.54,0.01,2,1508,买盘
630,14:15:33,7.53,--,34,25602,卖盘
631,14:15:27,7.53,-0.01,8,6024,卖盘
632,14:15:21,7.54,--,1,754,买盘
633,14:15:18,7.54,--,8,6032,买盘
634,14:15:15,7.54,--,83,62582,买盘
635,14:15:12,7.54,--,32,24128,买盘
636,14:15:09,7.54,--,105,79170,买盘
637,14:15:06,7.54,0.01,1,754,买盘
638,14:15:03,7.53,-0.01,66,49698,卖盘
639,14:15:00,7.54,--,8,6032,买盘
640,14:14:57,7.54,0.01,1,754,买盘
641,14:14:54,7.53,--,5,3765,卖盘
642,14:14:51,7.53,--,17,12801,卖盘
643,14:14:48,7.53,-0.01,6,4518,卖盘
644,14:14:45,7.54,--,20,15080,买盘
645,14:14:42,7.54,--,10,7540,买盘
646,14:14:39,7.54,0.01,11,8294,买盘
647,14:14:36,7.53,-0.01,20,15060,卖盘
648,14:14:33,7.54,0.01,37,27898,买盘
649,14:14:30,7.53,-0.01,2,1506,卖盘
650,14:14:27,7.54,--,1,754,买盘
651,14:14:24,7.54,--,88,66352,买盘
652,14:14:21,7.54,--,87,65598,买盘
653,14:14:18,7.54,0.01,3,2262,买盘
654,14:14:12,7.53,-0.01,8,6024,卖盘
655,14:14:06,7.54,--,1,754,买盘
656,14:14:03,7.54,0.01,8,6032,买盘
657,14:14:00,7.53,-0.01,49,36897,卖盘
658,14:13:57,7.54,--,7,5278,买盘
659,14:13:54,7.54,--,64,48256,买盘
660,14:13:51,7.54,0.01,1,754,买盘
661,14:13:48,7.53,-0.01,3,2259,卖盘
662,14:13:45,7.54,--,230,173420,买盘
663,14:13:42,7.54,0.01,1,754,买盘
664,14:13:39,7.53,--,36,27108,卖盘
665,14:13:36,7.53,--,487,366711,卖盘
666,14:13:33,7.53,--,107,80571,卖盘
667,14:13:30,7.53,-0.01,1069,804957,卖盘
668,14:13:18,7.54,0.01,5,3770,买盘
669,14:13:15,7.53,-0.01,9,6777,卖盘
670,14:13:12,7.54,0.01,4,3016,买盘
671,14:13:09,7.53,--,14,10542,卖盘
672,14:13:06,7.53,-0.01,66,49698,卖盘
673,14:13:03,7.54,0.01,9,6786,买盘
674,14:13:00,7.53,-0.01,363,273339,卖盘
675,14:12:57,7.54,--,11,8294,买盘
676,14:12:54,7.54,--,22,16588,买盘
677,14:12:48,7.54,0.01,9,6786,买盘
678,14:12:45,7.53,-0.01,45,33885,卖盘
679,14:12:42,7.54,--,7,5278,买盘
680,14:12:39,7.54,--,3,2262,买盘
681,14:12:36,7.54,--,90,67860,买盘
682,14:12:33,7.54,0.01,458,345332,买盘
683,14:12:30,7.53,-0.01,36,27108,卖盘
684,14:12:18,7.54,0.01,3,2262,买盘
685,14:12:12,7.53,--,8,6024,卖盘
686,14:12:09,7.53,--,55,41415,卖盘
687,14:12:06,7.53,-0.01,13,9789,卖盘
688,14:12:03,7.54,--,23,17342,买盘
689,14:11:51,7.54,0.01,5,3770,买盘
690,14:11:48,7.53,-0.01,273,205569,卖盘
691,14:11:45,7.54,--,83,62582,买盘
692,14:11:42,7.54,--,1,754,买盘
693,14:11:33,7.54,0.01,2,1508,买盘
694,14:11:27,7.53,-0.01,6,4518,卖盘
695,14:11:24,7.54,0.01,100,75400,买盘
696,14:11:18,7.53,-0.01,1,753,卖盘
697,14:11:15,7.54,--,6,4524,买盘
698,14:11:09,7.54,--,10,7540,买盘
699,14:11:06,7.54,--,522,393588,买盘
700,14:11:03,7.54,--,1,754,买盘
701,14:10:54,7.54,0.01,83,62582,买盘
702,14:10:51,7.53,-0.01,24,18072,卖盘
703,14:10:42,7.54,0.01,209,157586,买盘
704,14:10:39,7.53,-0.01,443,333579,卖盘
705,14:10:36,7.54,--,142,107068,买盘
706,14:10:33,7.54,--,3,2262,买盘
707,14:10:30,7.54,--,8,6032,买盘
708,14:10:27,7.54,0.01,10,7540,买盘
709,14:10:21,7.53,-0.01,22,16566,卖盘
710,14:10:03,7.54,--,88,66352,买盘
711,14:10:00,7.54,--,1,754,买盘
712,14:09:48,7.54,--,5,3770,买盘
713,14:09:45,7.54,--,500,377000,买盘
714,14:09:42,7.54,--,18,13572,买盘
715,14:09:27,7.54,0.01,21,15834,买盘
716,14:09:24,7.53,--,50,37650,卖盘
717,14:09:18,7.53,--,3,2259,卖盘
718,14:09:15,7.53,-0.01,101,76053,卖盘
719,14:09:12,7.54,0.01,4,3016,买盘
720,14:09:06,7.53,--,30,22590,卖盘
721,14:09:03,7.53,--,21,15813,卖盘
722,14:09:00,7.53,-0.01,6,4518,卖盘
723,14:08:57,7.54,0.01,34,25636,买盘
724,14:08:51,7.53,-0.01,14,10542,卖盘
725,14:08:42,7.54,--,212,159848,买盘
726,14:08:36,7.54,0.01,15,11310,买盘
727,14:08:33,7.53,-0.01,180,135540,卖盘
728,14:08:30,7.54,--,82,61828,买盘
729,14:08:27,7.54,0.01,68,51272,买盘
730,14:08:24,7.53,-0.01,21,15813,卖盘
731,14:08:18,7.54,--,105,79170,买盘
732,14:08:15,7.54,--,180,135720,买盘
733,14:08:12,7.54,--,350,263900,买盘
734,14:08:06,7.54,0.01,12,9048,买盘
735,14:08:03,7.53,--,4,3012,卖盘
736,14:08:00,7.53,-0.01,2,1506,卖盘
737,14:07:57,7.54,--,10,7540,买盘
738,14:07:54,7.54,--,525,395850,买盘
739,14:07:45,7.54,--,91,68614,买盘
740,14:07:42,7.54,0.01,1,754,买盘
741,14:07:33,7.53,-0.01,220,165660,卖盘
742,14:07:30,7.54,--,55,41470,买盘
743,14:07:27,7.54,0.01,3,2262,买盘
744,14:07:21,7.53,-0.01,4,3012,卖盘
745,14:07:18,7.54,--,7,5278,买盘
746,14:07:15,7.54,0.01,506,381524,买盘
747,14:07:12,7.53,-0.01,20,15060,卖盘
748,14:07:09,7.54,--,55,41470,买盘
749,14:07:06,7.54,0.01,359,270686,买盘
750,14:07:03,7.53,-0.01,13,9789,卖盘
751,14:06:57,7.54,--,3,2262,买盘
752,14:06:54,7.54,--,86,64844,买盘
753,14:06:51,7.54,0.01,2,1508,买盘
754,14:06:45,7.53,-0.01,30,22590,卖盘
755,14:06:33,7.54,--,18,13572,买盘
756,14:06:30,7.54,-0.01,1747,1317841,卖盘
757,14:06:21,7.55,0.01,9,6795,买盘
758,14:06:18,7.54,-0.01,119,89726,卖盘
759,14:06:15,7.55,0.01,17,12835,买盘
760,14:06:12,7.54,-0.01,233,175682,卖盘
761,14:06:09,7.55,--,18,13590,买盘
762,14:06:06,7.55,--,81,61155,买盘
763,14:06:03,7.55,--,12,9060,买盘
764,14:06:00,7.55,0.01,7,5285,买盘
765,14:05:57,7.54,--,100,75400,卖盘
766,14:05:51,7.54,--,30,22620,卖盘
767,14:05:45,7.54,-0.01,401,302354,卖盘
768,14:05:42,7.55,--,10,7550,买盘
769,14:05:39,7.55,0.01,3,2265,买盘
770,14:05:36,7.54,-0.01,1,754,卖盘
771,14:05:30,7.55,--,1,755,买盘
772,14:05:27,7.55,--,3,2265,买盘
773,14:05:24,7.55,--,5,3775,买盘
774,14:05:21,7.55,0.01,96,72480,买盘
775,14:05:18,7.54,--,172,129688,卖盘
776,14:05:09,7.54,-0.01,21,15834,卖盘
777,14:05:06,7.55,0.01,10,7550,买盘
778,14:05:03,7.54,-0.01,68,51272,卖盘
779,14:04:57,7.55,--,4,3020,买盘
780,14:04:54,7.55,0.01,20,15100,买盘
781,14:04:51,7.54,-0.01,100,75400,卖盘
782,14:04:45,7.55,0.01,14,10570,买盘
783,14:04:42,7.54,-0.01,55,41470,卖盘
784,14:04:39,7.55,0.01,321,242355,买盘
785,14:04:30,7.54,-0.01,22,16588,卖盘
786,14:04:27,7.55,--,1,755,买盘
787,14:04:24,7.55,--,15,11325,买盘
788,14:04:21,7.55,--,92,69460,买盘
789,14:04:18,7.55,--,129,97395,买盘
790,14:04:09,7.55,--,8,6040,买盘
791,14:04:03,7.55,--,5,3775,买盘
792,14:03:57,7.55,0.01,20,15100,买盘
793,14:03:54,7.54,-0.01,5,3770,卖盘
794,14:03:51,7.55,--,10,7550,买盘
795,14:03:42,7.55,--,111,83805,买盘
796,14:03:39,7.55,0.01,1,755,买盘
797,14:03:36,7.54,-0.01,10,7540,卖盘
798,14:03:27,7.55,--,3,2265,买盘
799,14:03:24,7.55,--,70,52850,买盘
800,14:03:21,7.55,--,85,64175,买盘
801,14:03:18,7.55,--,3,2265,买盘
802,14:03:12,7.55,0.01,25,18875,买盘
803,14:03:09,7.54,-0.01,90,67860,卖盘
804,14:03:06,7.55,--,14,10570,买盘
805,14:03:03,7.55,--,3,2265,买盘
806,14:03:00,7.55,--,22,16610,买盘
807,14:02:57,7.55,--,30,22650,买盘
808,14:02:51,7.55,--,30,22650,买盘
809,14:02:39,7.55,--,2,1510,买盘
810,14:02:36,7.55,0.01,1,755,买盘
811,14:02:30,7.54,-0.01,53,39962,卖盘
812,14:02:27,7.55,--,82,61910,买盘
813,14:02:24,7.55,--,15,11325,买盘
814,14:02:21,7.55,--,1,755,买盘
815,14:02:18,7.55,--,2,1510,买盘
816,14:02:15,7.55,0.01,56,42280,买盘
817,14:02:09,7.54,--,20,15080,卖盘
818,14:02:06,7.54,-0.01,2,1508,卖盘
819,14:02:03,7.55,--,17,12835,买盘
820,14:02:00,7.55,0.01,70,52850,买盘
821,14:01:54,7.54,-0.01,24,18096,卖盘
822,14:01:51,7.55,--,2,1510,买盘
823,14:01:48,7.55,--,7,5285,买盘
824,14:01:39,7.55,--,2,1510,买盘
825,14:01:33,7.55,--,99,74745,买盘
826,14:01:30,7.55,--,3,2265,买盘
827,14:01:21,7.55,--,1,755,买盘
828,14:01:18,7.55,--,3,2265,买盘
829,14:01:15,7.55,--,90,67950,买盘
830,14:01:12,7.55,--,41,30955,买盘
831,14:01:09,7.55,--,6,4530,买盘
832,14:01:06,7.55,0.01,24,18120,买盘
833,14:01:03,7.54,-0.01,142,107068,卖盘
834,14:01:00,7.55,--,300,226500,买盘
835,14:00:45,7.55,0.01,4,3020,买盘
836,14:00:42,7.54,-0.01,32,24128,卖盘
837,14:00:39,7.55,--,1,755,买盘
838,14:00:36,7.55,--,90,67950,买盘
839,14:00:33,7.55,0.01,5,3775,买盘
840,14:00:30,7.54,-0.01,35,26390,卖盘
841,14:00:27,7.55,--,16,12080,买盘
842,14:00:24,7.55,--,8,6040,买盘
843,14:00:21,7.55,--,1,755,买盘
844,14:00:12,7.55,0.01,5,3775,买盘
845,14:00:09,7.54,-0.01,105,79170,卖盘
846,14:00:06,7.55,0.01,5,3775,买盘
847,13:59:51,7.54,-0.01,16,12064,卖盘
848,13:59:45,7.55,0.01,81,61155,买盘
849,13:59:42,7.54,-0.01,10,7540,卖盘
850,13:59:39,7.55,--,5,3775,买盘
851,13:59:36,7.55,--,70,52850,买盘
852,13:59:33,7.55,0.01,64,48471,买盘
853,13:59:30,7.54,-0.01,50,37700,卖盘
854,13:59:27,7.55,--,1,755,买盘
855,13:59:21,7.55,0.01,1,755,买盘
856,13:59:15,7.54,-0.01,58,43732,卖盘
857,13:59:12,7.55,0.01,5,3775,买盘
858,13:59:09,7.54,-0.01,62,46748,卖盘
859,13:59:06,7.55,--,300,226500,买盘
860,13:59:03,7.55,--,10,7550,买盘
861,13:59:00,7.55,--,80,60400,买盘
862,13:58:57,7.55,0.01,9,6795,买盘
863,13:58:51,7.54,-0.01,31,23374,卖盘
864,13:58:48,7.55,--,183,138165,买盘
865,13:58:45,7.55,--,28,21140,买盘
866,13:58:42,7.55,0.01,4,3020,买盘
867,13:58:39,7.54,-0.01,5,3770,卖盘
868,13:58:36,7.55,--,16,12080,买盘
869,13:58:33,7.55,--,1,755,买盘
870,13:58:30,7.55,0.01,39,29445,买盘
871,13:58:27,7.54,-0.01,5,3770,卖盘
872,13:58:21,7.55,--,7,5285,买盘
873,13:58:18,7.55,--,9,6795,买盘
874,13:58:15,7.55,0.01,120,90600,买盘
875,13:58:12,7.54,-0.01,9,6786,中性盘
876,13:58:06,7.55,0.01,13,9815,买盘
877,13:58:03,7.54,--,41,30914,中性盘
878,13:57:57,7.54,--,9,6786,中性盘
879,13:57:51,7.54,--,98,73892,买盘
880,13:57:48,7.54,--,2,1508,买盘
881,13:57:45,7.54,--,10,7540,买盘
882,13:57:42,7.54,--,1,754,买盘
883,13:57:36,7.54,0.01,11,8294,买盘
884,13:57:33,7.53,--,23,17319,卖盘
885,13:57:30,7.53,-0.01,739,556467,卖盘
886,13:57:27,7.54,--,422,318188,买盘
887,13:57:21,7.54,--,1,754,买盘
888,13:57:18,7.54,--,18,13572,买盘
889,13:57:15,7.54,0.01,48,36192,买盘
890,13:57:12,7.53,-0.01,11,8283,卖盘
891,13:57:09,7.54,0.01,59,44486,买盘
892,13:57:00,7.53,--,147,110691,卖盘
893,13:56:57,7.53,-0.01,78,58734,卖盘
894,13:56:48,7.54,--,12,9048,买盘
895,13:56:45,7.54,--,80,60320,买盘
896,13:56:42,7.54,0.01,1,754,买盘
897,13:56:39,7.53,--,19,14307,卖盘
898,13:56:33,7.53,-0.01,11,8283,卖盘
899,13:56:27,7.54,--,7,5278,买盘
900,13:56:24,7.54,--,605,456170,买盘
901,13:56:21,7.54,--,6,4524,买盘
902,13:56:15,7.54,--,7,5278,买盘
903,13:56:12,7.54,--,7,5278,买盘
904,13:56:06,7.54,--,41,30914,买盘
905,13:56:03,7.54,--,5,3770,买盘
906,13:56:00,7.54,--,94,70876,买盘
907,13:55:57,7.54,--,15,11310,买盘
908,13:55:51,7.54,--,8,6032,买盘
909,13:55:45,7.54,--,15,11310,买盘
910,13:55:42,7.54,--,4,3016,买盘
911,13:55:30,7.54,--,1,754,买盘
912,13:55:27,7.54,--,24,18096,买盘
913,13:55:24,7.54,--,3,2262,买盘
914,13:55:21,7.54,-0.01,114,85956,卖盘
915,13:55:15,7.55,--,9,6795,买盘
916,13:55:12,7.55,--,143,107965,买盘
917,13:55:09,7.55,0.01,9,6795,买盘
918,13:55:06,7.54,--,18,13572,卖盘
919,13:55:03,7.54,-0.01,1026,773604,卖盘
920,13:54:57,7.55,--,100,75500,买盘
921,13:54:54,7.55,0.01,2,1510,买盘
922,13:54:51,7.54,-0.01,13,9802,卖盘
923,13:54:45,7.55,--,1,755,买盘
924,13:54:42,7.55,0.01,1,755,买盘
925,13:54:39,7.54,-0.01,31,23374,卖盘
926,13:54:36,7.55,--,2,1510,买盘
927,13:54:33,7.55,--,1,755,买盘
928,13:54:21,7.55,--,1,755,买盘
929,13:54:18,7.55,0.01,84,63420,买盘
930,13:54:15,7.54,--,27,20358,卖盘
931,13:54:12,7.54,--,72,54288,买盘
932,13:54:09,7.54,--,2,1508,买盘
933,13:54:03,7.54,--,15,11310,买盘
934,13:54:00,7.54,--,867,653718,卖盘
935,13:53:57,7.54,--,141,106314,买盘
936,13:53:51,7.54,--,7,5278,买盘
937,13:53:48,7.54,--,3,2262,买盘
938,13:53:45,7.54,--,11,8294,买盘
939,13:53:42,7.54,--,24,18096,买盘
940,13:53:39,7.54,-0.01,1896,1429584,卖盘
941,13:53:36,7.55,0.01,39,29445,买盘
942,13:53:33,7.54,--,22,16588,卖盘
943,13:53:30,7.54,-0.01,3,2262,卖盘
944,13:53:21,7.55,--,89,67195,买盘
945,13:53:18,7.55,0.01,2,1510,买盘
946,13:53:12,7.54,-0.01,2,1508,卖盘
947,13:53:06,7.55,--,50,37750,买盘
948,13:53:03,7.55,--,3,2265,买盘
949,13:52:57,7.55,--,2,1510,买盘
950,13:52:51,7.55,--,4,3020,买盘
951,13:52:42,7.55,--,3,2265,买盘
952,13:52:27,7.55,--,3,2265,买盘
953,13:52:21,7.55,--,83,62665,买盘
954,13:52:18,7.55,--,3,2265,买盘
955,13:52:15,7.55,--,35,26425,买盘
956,13:52:12,7.55,0.01,57,43035,买盘
957,13:52:09,7.54,-0.01,10,7540,卖盘
958,13:52:03,7.55,--,2,1510,买盘
959,13:52:00,7.55,--,4,3020,买盘
960,13:51:57,7.55,0.01,14,10570,买盘
961,13:51:51,7.54,--,6,4524,卖盘
962,13:51:48,7.54,-0.01,3,2262,卖盘
963,13:51:45,7.55,--,20,15100,买盘
964,13:51:42,7.55,0.01,2,1510,买盘
965,13:51:39,7.54,-0.01,160,120640,卖盘
966,13:51:33,7.55,--,1,755,买盘
967,13:51:30,7.55,--,3,2265,买盘
968,13:51:24,7.55,--,82,61910,买盘
969,13:51:21,7.55,--,3,2265,买盘
970,13:51:18,7.55,--,4,3020,买盘
971,13:51:12,7.55,0.01,67,50585,买盘
972,13:51:06,7.54,-0.01,47,35438,卖盘
973,13:51:03,7.55,--,2,1510,买盘
974,13:51:00,7.55,--,2,1510,买盘
975,13:50:57,7.55,--,8,6040,买盘
976,13:50:48,7.55,--,24,18120,买盘
977,13:50:45,7.55,0.01,169,127595,买盘
978,13:50:42,7.54,--,12,9048,卖盘
979,13:50:33,7.54,-0.01,6,4524,卖盘
980,13:50:30,7.55,--,16,12080,买盘
981,13:50:27,7.55,0.01,94,70970,买盘
982,13:50:24,7.54,-0.01,20,15080,卖盘
983,13:50:15,7.55,0.01,2,1510,买盘
984,13:50:12,7.54,--,3,2262,卖盘
985,13:50:06,7.54,--,20,15080,卖盘
986,13:50:03,7.54,-0.01,50,37700,卖盘
987,13:49:54,7.55,--,56,42280,买盘
988,13:49:51,7.55,--,8,6040,买盘
989,13:49:42,7.55,0.01,1,755,买盘
990,13:49:39,7.54,-0.01,60,45240,卖盘
991,13:49:33,7.55,--,1,755,买盘
992,13:49:30,7.55,0.01,1,755,买盘
993,13:49:27,7.54,-0.01,18,13572,卖盘
994,13:49:24,7.55,--,85,64175,买盘
995,13:49:21,7.55,0.01,1,755,买盘
996,13:49:15,7.54,--,5,3770,卖盘
997,13:49:12,7.54,-0.01,34,25636,卖盘
998,13:49:03,7.55,0.01,3,2265,买盘
999,13:49:00,7.54,--,13,9802,卖盘
1000,13:48:57,7.54,--,305,229970,买盘
1001,13:48:54,7.54,--,2,1508,买盘
1002,13:48:51,7.54,--,47,35438,买盘
1003,13:48:42,7.54,--,2,1508,买盘
1004,13:48:39,7.54,--,2,1508,买盘
1005,13:48:36,7.54,--,10,7540,买盘
1006,13:48:33,7.54,--,3,2262,买盘
1007,13:48:30,7.54,--,3,2262,买盘
1008,13:48:21,7.54,--,36,27144,买盘
1009,13:48:18,7.54,0.01,81,61074,买盘
1010,13:48:15,7.53,-0.01,312,234936,卖盘
1011,13:48:12,7.54,0.01,6,4524,买盘
1012,13:48:09,7.53,-0.01,11,8283,卖盘
1013,13:48:06,7.54,--,676,509704,买盘
1014,13:48:03,7.54,--,2,1508,买盘
1015,13:47:57,7.54,--,5,3770,买盘
1016,13:47:54,7.54,--,274,206596,买盘
1017,13:47:51,7.54,--,1,754,买盘
1018,13:47:42,7.54,--,57,42978,买盘
1019,13:47:36,7.54,--,3,2262,买盘
1020,13:47:33,7.54,--,35,26390,买盘
1021,13:47:27,7.54,--,1,754,买盘
1022,13:47:21,7.54,--,1,754,买盘
1023,13:47:15,7.54,--,81,61074,买盘
1024,13:47:12,7.54,--,1,754,买盘
1025,13:47:09,7.54,--,5,3770,买盘
1026,13:47:03,7.54,0.01,1,754,买盘
1027,13:47:00,7.53,-0.01,19,14307,卖盘
1028,13:46:57,7.54,--,35,26390,买盘
1029,13:46:51,7.54,--,61,45994,买盘
1030,13:46:48,7.54,--,5,3770,买盘
1031,13:46:45,7.54,--,15,11310,买盘
1032,13:46:39,7.54,--,53,39962,卖盘
1033,13:46:36,7.54,-0.01,96,72384,卖盘
1034,13:46:33,7.55,0.01,2,1510,买盘
1035,13:46:30,7.54,--,9,6786,卖盘
1036,13:46:24,7.54,-0.01,10,7540,卖盘
1037,13:46:21,7.55,0.01,2,1510,买盘
1038,13:46:18,7.54,-0.01,1,754,中性盘
1039,13:46:12,7.55,0.01,82,61910,买盘
1040,13:46:09,7.54,--,3,2262,买盘
1041,13:46:06,7.54,--,1,754,买盘
1042,13:46:03,7.54,--,1,754,买盘
1043,13:46:00,7.54,0.01,1,754,买盘
1044,13:45:51,7.53,-0.01,6,4518,卖盘
1045,13:45:48,7.54,-0.01,9,6786,卖盘
1046,13:45:42,7.55,--,1,755,买盘
1047,13:45:39,7.55,--,3,2265,买盘
1048,13:45:33,7.55,--,2,1510,买盘
1049,13:45:30,7.55,0.01,31,23405,买盘
1050,13:45:24,7.54,-0.01,2,1508,卖盘
1051,13:45:21,7.55,--,3,2265,买盘
1052,13:45:18,7.55,--,14,10570,买盘
1053,13:45:15,7.55,--,80,60400,买盘
1054,13:45:12,7.55,--,452,341260,买盘
1055,13:45:09,7.55,0.01,100,75500,买盘
1056,13:45:06,7.54,--,30,22620,卖盘
1057,13:45:03,7.54,-0.01,86,64844,卖盘
1058,13:45:00,7.55,--,80,60400,买盘
1059,13:44:54,7.55,--,13,9815,买盘
1060,13:44:51,7.55,--,1,755,买盘
1061,13:44:42,7.55,--,54,40770,买盘
1062,13:44:39,7.55,0.01,1,755,买盘
1063,13:44:33,7.54,-0.01,186,140244,卖盘
1064,13:44:30,7.55,0.01,43,32465,买盘
1065,13:44:27,7.54,-0.01,20,15080,卖盘
1066,13:44:21,7.55,0.01,2,1510,买盘
1067,13:44:18,7.54,-0.01,42,31668,卖盘
1068,13:44:15,7.55,--,136,102680,买盘
1069,13:44:12,7.55,--,1,755,买盘
1070,13:44:06,7.55,--,1,755,买盘
1071,13:44:03,7.55,--,8,6040,买盘
1072,13:43:54,7.55,--,4,3020,买盘
1073,13:43:51,7.55,--,12,9060,买盘
1074,13:43:48,7.55,--,40,30200,买盘
1075,13:43:45,7.55,0.01,2,1510,买盘
1076,13:43:42,7.54,-0.01,13,9802,卖盘
1077,13:43:39,7.55,--,1,755,买盘
1078,13:43:36,7.55,--,55,41525,买盘
1079,13:43:33,7.55,--,55,41525,买盘
1080,13:43:24,7.55,--,18,13590,买盘
1081,13:43:21,7.55,--,1622,1224610,买盘
1082,13:43:18,7.55,--,84,63420,买盘
1083,13:43:15,7.55,--,83,62665,买盘
1084,13:43:12,7.55,--,11,8305,买盘
1085,13:43:06,7.55,--,17,12835,买盘
1086,13:43:03,7.55,--,124,93620,买盘
1087,13:43:00,7.55,0.01,4,3020,买盘
1088,13:42:51,7.54,-0.01,49,36946,卖盘
1089,13:42:48,7.55,0.01,2,1510,买盘
1090,13:42:45,7.54,-0.01,104,78416,卖盘
1091,13:42:42,7.55,0.01,13,9815,买盘
1092,13:42:39,7.54,--,103,77662,卖盘
1093,13:42:33,7.54,-0.01,2,1508,卖盘
1094,13:42:30,7.55,--,52,39260,买盘
1095,13:42:27,7.55,--,5,3775,买盘
1096,13:42:24,7.55,--,82,61910,买盘
1097,13:42:21,7.55,--,8,6040,买盘
1098,13:42:18,7.55,--,2,1510,买盘
1099,13:42:15,7.55,--,4,3020,买盘
1100,13:42:12,7.55,--,1,755,买盘
1101,13:42:06,7.55,--,4,3020,买盘
1102,13:42:03,7.55,--,4,3020,买盘
1103,13:42:00,7.55,0.01,1,755,买盘
1104,13:41:54,7.54,-0.01,53,39962,卖盘
1105,13:41:51,7.55,--,101,76255,买盘
1106,13:41:48,7.55,--,2,1510,买盘
1107,13:41:39,7.55,--,31,23405,买盘
1108,13:41:30,7.55,0.01,83,62665,买盘
1109,13:41:27,7.54,-0.01,32,24128,卖盘
1110,13:41:21,7.55,--,102,77010,买盘
1111,13:41:18,7.55,--,3,2265,买盘
1112,13:41:15,7.55,0.01,11,8305,买盘
1113,13:41:12,7.54,-0.01,682,514228,卖盘
1114,13:41:09,7.55,--,31,23405,买盘
1115,13:41:06,7.55,0.01,30,22650,买盘
1116,13:41:03,7.54,-0.01,11,8294,卖盘
1117,13:41:00,7.55,--,5,3775,买盘
1118,13:40:57,7.55,0.01,9,6795,买盘
1119,13:40:54,7.54,-0.01,946,713284,买盘
1120,13:40:51,7.55,--,114,86070,买盘
1121,13:40:48,7.55,0.01,367,277085,买盘
1122,13:40:45,7.54,-0.01,9,6786,卖盘
1123,13:40:42,7.55,--,406,306530,买盘
1124,13:40:39,7.55,--,6,4530,买盘
1125,13:40:36,7.55,0.01,300,226500,买盘
1126,13:40:33,7.54,-0.01,133,100282,卖盘
1127,13:40:30,7.55,0.01,61,46055,买盘
1128,13:40:27,7.54,--,5,3770,卖盘
1129,13:40:24,7.54,-0.01,100,75400,卖盘
1130,13:40:21,7.55,--,2,1510,买盘
1131,13:40:18,7.55,0.01,4,3020,买盘
1132,13:40:15,7.54,--,7,5278,卖盘
1133,13:40:12,7.54,--,353,266162,卖盘
1134,13:40:09,7.54,--,242,182468,卖盘
1135,13:40:06,7.54,-0.01,316,238264,卖盘
1136,13:40:03,7.55,--,5,3775,买盘
1137,13:40:00,7.55,--,2,1510,买盘
1138,13:39:57,7.55,--,30,22650,买盘
1139,13:39:51,7.55,--,1,755,买盘
1140,13:39:48,7.55,--,17,12835,买盘
1141,13:39:42,7.55,--,127,95885,买盘
1142,13:39:39,7.55,0.01,33,24915,买盘
1143,13:39:33,7.54,-0.01,7,5278,卖盘
1144,13:39:30,7.55,0.01,2,1510,买盘
1145,13:39:27,7.54,--,40,30160,卖盘
1146,13:39:24,7.54,--,680,512893,买盘
1147,13:39:21,7.54,--,3,2262,买盘
1148,13:39:18,7.54,--,4,3016,买盘
1149,13:39:09,7.54,--,115,86710,买盘
1150,13:39:03,7.54,--,2,1508,买盘
1151,13:39:00,7.54,--,220,165880,买盘
1152,13:38:57,7.54,--,1010,761540,买盘
1153,13:38:51,7.54,0.01,3,2262,买盘
1154,13:38:48,7.53,-0.01,9,6777,卖盘
1155,13:38:42,7.54,--,83,62582,买盘
1156,13:38:39,7.54,--,21,15834,买盘
1157,13:38:36,7.54,--,11,8294,买盘
1158,13:38:33,7.54,--,1002,755508,买盘
1159,13:38:30,7.54,0.01,1,754,买盘
1160,13:38:27,7.53,-0.01,28,21084,卖盘
1161,13:38:24,7.54,--,10,7540,买盘
1162,13:38:21,7.54,0.01,4,3016,买盘
1163,13:38:15,7.53,-0.01,49,36897,卖盘
1164,13:38:09,7.54,--,21,15834,买盘
1165,13:38:06,7.54,--,1,754,买盘
1166,13:38:00,7.54,--,35,26390,买盘
1167,13:37:57,7.54,0.01,5,3770,买盘
1168,13:37:54,7.53,-0.01,10,7530,卖盘
1169,13:37:51,7.54,--,149,112346,买盘
1170,13:37:48,7.54,--,150,113100,买盘
1171,13:37:45,7.54,--,92,69368,买盘
1172,13:37:42,7.54,--,21,15834,买盘
1173,13:37:30,7.54,--,2,1508,买盘
1174,13:37:24,7.54,--,3,2262,买盘
1175,13:37:21,7.54,--,33,24882,买盘
1176,13:37:18,7.54,--,5,3770,买盘
1177,13:37:15,7.54,--,2,1508,买盘
1178,13:37:12,7.54,--,5,3770,买盘
1179,13:37:03,7.54,--,7,5278,买盘
1180,13:37:00,7.54,0.01,8,6032,买盘
1181,13:36:57,7.53,-0.01,22,16566,卖盘
1182,13:36:51,7.54,--,6,4524,买盘
1183,13:36:48,7.54,--,1,754,买盘
1184,13:36:45,7.54,--,32,24128,买盘
1185,13:36:42,7.54,--,83,62582,买盘
1186,13:36:39,7.54,--,100,75400,买盘
1187,13:36:27,7.54,--,6,4524,买盘
1188,13:36:21,7.54,--,4,3016,买盘
1189,13:36:18,7.54,--,210,158340,买盘
1190,13:36:09,7.54,--,5,3770,买盘
1191,13:36:06,7.54,--,1,754,买盘
1192,13:36:03,7.54,--,10,7540,买盘
1193,13:36:00,7.54,0.01,2,1508,买盘
1194,13:35:57,7.53,-0.01,2,1506,卖盘
1195,13:35:48,7.54,0.01,5,3770,买盘
1196,13:35:45,7.53,-0.01,141,106173,卖盘
1197,13:35:42,7.54,--,11,8294,买盘
1198,13:35:30,7.54,--,1,754,买盘
1199,13:35:27,7.54,--,8,6032,买盘
1200,13:35:21,7.54,0.01,1,754,买盘
1201,13:35:18,7.53,--,94,70782,卖盘
1202,13:35:12,7.53,--,15,11295,卖盘
1203,13:35:03,7.53,-0.01,1,753,卖盘
1204,13:35:00,7.54,0.01,2,1508,买盘
1205,13:34:57,7.53,-0.01,11,8283,卖盘
1206,13:34:54,7.54,--,44,33176,买盘
1207,13:34:45,7.54,--,85,64090,买盘
1208,13:34:42,7.54,0.01,51,38454,买盘
1209,13:34:30,7.53,-0.01,15,11295,卖盘
1210,13:34:27,7.54,0.01,5,3770,买盘
1211,13:34:24,7.53,--,30,22590,买盘
1212,13:34:21,7.53,--,1,753,买盘
1213,13:34:18,7.53,--,49,36897,买盘
1214,13:34:15,7.53,--,5,3765,买盘
1215,13:34:12,7.53,--,10,7530,买盘
1216,13:34:06,7.53,--,7,5271,买盘
1217,13:34:03,7.53,--,3,2259,买盘
1218,13:34:00,7.53,--,12,9036,买盘
1219,13:33:57,7.53,--,181,136293,卖盘
1220,13:33:54,7.53,-0.01,1,753,中性盘
1221,13:33:45,7.54,0.01,99,74646,买盘
1222,13:33:42,7.53,--,1,753,买盘
1223,13:33:39,7.53,--,75,56776,卖盘
1224,13:33:33,7.53,-0.01,10,7530,卖盘
1225,13:33:30,7.54,--,8,6032,买盘
1226,13:33:27,7.54,--,562,423748,买盘
1227,13:33:24,7.54,--,4,3016,买盘
1228,13:33:21,7.54,0.01,2,1508,买盘
1229,13:33:12,7.53,--,20,15060,卖盘
1230,13:33:09,7.53,-0.01,6,4518,卖盘
1231,13:33:03,7.54,--,5,3770,买盘
1232,13:33:00,7.54,0.01,99,74646,买盘
1233,13:32:54,7.53,-0.01,60,45180,卖盘
1234,13:32:51,7.54,--,30,22620,买盘
1235,13:32:48,7.54,--,5,3770,买盘
1236,13:32:45,7.54,--,84,63336,买盘
1237,13:32:42,7.54,--,1,754,买盘
1238,13:32:39,7.54,--,7,5278,买盘
1239,13:32:30,7.54,0.01,29,21866,买盘
1240,13:32:27,7.53,-0.01,21,15813,卖盘
1241,13:32:24,7.54,0.01,1,754,买盘
1242,13:32:18,7.53,-0.01,14,10542,卖盘
1243,13:32:15,7.54,--,1,754,买盘
1244,13:32:12,7.54,--,15,11310,买盘
1245,13:32:09,7.54,--,2,1508,买盘
1246,13:32:03,7.54,--,1,754,买盘
1247,13:31:57,7.54,0.01,46,34684,买盘
1248,13:31:54,7.53,-0.01,560,421680,卖盘
1249,13:31:48,7.54,0.01,35,26390,买盘
1250,13:31:45,7.53,-0.01,90,67770,卖盘
1251,13:31:42,7.54,--,18,13572,买盘
1252,13:31:36,7.54,0.01,3,2262,买盘
1253,13:31:33,7.53,-0.01,122,91866,卖盘
1254,13:31:30,7.54,--,143,107822,买盘
1255,13:31:27,7.54,--,4,3016,买盘
1256,13:31:12,7.54,0.01,7,5278,买盘
1257,13:31:09,7.53,--,50,37650,卖盘
1258,13:31:06,7.53,-0.01,73,54969,卖盘
1259,13:31:03,7.54,--,1,754,买盘
1260,13:31:00,7.54,--,13,9802,买盘
1261,13:30:57,7.54,--,1042,785668,买盘
1262,13:30:51,7.54,--,12,9048,买盘
1263,13:30:45,7.54,0.01,114,85956,买盘
1264,13:30:42,7.53,--,1754,1320762,卖盘
1265,13:30:39,7.53,-0.01,101,76053,卖盘
1266,13:30:36,7.54,--,15,11310,买盘
1267,13:30:30,7.54,--,59,44486,买盘
1268,13:30:27,7.54,--,192,144768,买盘
1269,13:30:24,7.54,--,5,3770,买盘
1270,13:30:12,7.54,--,7,5278,买盘
1271,13:30:09,7.54,--,45,34201,买盘
1272,13:30:06,7.54,--,3,2262,买盘
1273,13:30:03,7.54,--,8,6032,买盘
1274,13:29:57,7.54,--,5,3770,买盘
1275,13:29:51,7.54,--,30,22620,买盘
1276,13:29:48,7.54,--,30,22620,买盘
1277,13:29:45,7.54,--,142,107068,买盘
1278,13:29:42,7.54,--,26,19604,买盘
1279,13:29:39,7.54,0.01,457,344578,买盘
1280,13:29:33,7.53,-0.01,1,753,卖盘
1281,13:29:30,7.54,--,7,5278,买盘
1282,13:29:27,7.54,--,100,75400,买盘
1283,13:29:24,7.54,--,16,12064,买盘
1284,13:29:21,7.54,--,48,36192,买盘
1285,13:29:06,7.54,--,2,1508,买盘
1286,13:29:03,7.54,0.01,1,754,买盘
1287,13:29:00,7.53,--,6,4518,卖盘
1288,13:28:54,7.53,-0.01,3,2259,卖盘
1289,13:28:48,7.54,0.01,9,6786,买盘
1290,13:28:45,7.53,-0.01,27,20331,卖盘
1291,13:28:42,7.54,--,1,754,买盘
1292,13:28:39,7.54,--,94,70876,买盘
1293,13:28:36,7.54,--,3,2262,买盘
1294,13:28:30,7.54,--,1,754,买盘
1295,13:28:27,7.54,--,37,27898,买盘
1296,13:28:24,7.54,0.01,4,3016,买盘
1297,13:28:21,7.53,-0.01,4,3012,卖盘
1298,13:28:15,7.54,--,20,15080,买盘
1299,13:28:12,7.54,--,9,6786,买盘
1300,13:28:03,7.54,0.01,6,4524,买盘
1301,13:28:00,7.53,-0.01,20,15060,卖盘
1302,13:27:54,7.54,--,20,15080,买盘
1303,13:27:48,7.54,--,2,1508,买盘
1304,13:27:45,7.54,--,1,754,买盘
1305,13:27:42,7.54,0.01,2,1508,买盘
1306,13:27:39,7.53,-0.01,160,120480,卖盘
1307,13:27:36,7.54,--,9,6786,买盘
1308,13:27:33,7.54,--,81,61074,买盘
1309,13:27:30,7.54,0.01,1,754,买盘
1310,13:27:27,7.53,-0.01,5,3765,卖盘
1311,13:27:21,7.54,--,44,33176,买盘
1312,13:27:18,7.54,--,54,40716,买盘
1313,13:27:15,7.54,0.01,258,194532,买盘
1314,13:27:09,7.53,-0.01,0,308,卖盘
1315,13:27:03,7.54,--,1,754,买盘
1316,13:27:00,7.54,0.01,2,1508,买盘
1317,13:26:57,7.53,-0.01,15,11295,卖盘
1318,13:26:51,7.54,--,34,25636,买盘
1319,13:26:48,7.54,--,84,63336,买盘
1320,13:26:45,7.54,0.01,97,73138,买盘
1321,13:26:42,7.53,-0.01,11,8283,卖盘
1322,13:26:39,7.54,--,1,754,买盘
1323,13:26:27,7.54,0.01,81,61074,买盘
1324,13:26:24,7.53,-0.01,192,145035,卖盘
1325,13:26:21,7.54,--,1,754,买盘
1326,13:26:18,7.54,--,3,2262,买盘
1327,13:26:15,7.54,0.01,3,2262,买盘
1328,13:26:12,7.53,--,10,7530,卖盘
1329,13:26:03,7.53,-0.01,64,48192,卖盘
1330,13:26:00,7.54,--,2,1508,买盘
1331,13:25:51,7.54,0.01,2,1508,买盘
1332,13:25:42,7.53,-0.01,2,1506,卖盘
1333,13:25:39,7.54,--,4,3016,买盘
1334,13:25:36,7.54,0.01,21,15834,买盘
1335,13:25:33,7.53,-0.01,56,42168,卖盘
1336,13:25:24,7.54,0.01,3,2262,买盘
1337,13:25:21,7.53,-0.01,97,73786,卖盘
1338,13:25:18,7.54,0.01,23,17342,买盘
1339,13:25:03,7.53,--,55,41415,卖盘
1340,13:25:00,7.53,--,135,101760,卖盘
1341,13:24:57,7.53,-0.01,44,33132,卖盘
1342,13:24:54,7.54,0.01,116,87464,买盘
1343,13:24:45,7.53,--,11,8283,卖盘
1344,13:24:39,7.53,-0.01,9,6844,卖盘
1345,13:24:30,7.54,0.01,100,75400,买盘
1346,13:24:27,7.53,-0.01,6,4518,卖盘
1347,13:24:21,7.54,0.01,3,2262,买盘
1348,13:24:18,7.53,-0.01,132,99411,卖盘
1349,13:24:15,7.54,0.01,109,82186,买盘
1350,13:24:12,7.53,--,60,45180,卖盘
1351,13:24:06,7.53,-0.01,62,46686,卖盘
1352,13:24:03,7.54,--,3,2262,买盘
1353,13:24:00,7.54,0.01,2,1508,买盘
1354,13:23:51,7.53,-0.01,30,22590,卖盘
1355,13:23:48,7.54,--,3,2262,买盘
1356,13:23:42,7.54,--,2,1508,买盘
1357,13:23:39,7.54,0.01,2,1508,买盘
1358,13:23:36,7.53,--,40,30120,卖盘
1359,13:23:33,7.53,-0.01,20,15060,卖盘
1360,13:23:27,7.54,--,15,11310,买盘
1361,13:23:24,7.54,--,1,754,买盘
1362,13:23:21,7.54,--,5,3770,买盘
1363,13:23:18,7.54,0.01,121,91234,买盘
1364,13:23:15,7.53,-0.01,34,25602,卖盘
1365,13:23:12,7.54,--,11,8294,买盘
1366,13:23:09,7.54,--,6,4524,买盘
1367,13:23:03,7.54,--,15,11310,买盘
1368,13:23:00,7.54,--,8,6032,买盘
1369,13:22:57,7.54,--,22,16588,买盘
1370,13:22:54,7.54,--,183,137982,买盘
1371,13:22:51,7.54,--,40,30160,买盘
1372,13:22:48,7.54,--,4,3016,买盘
1373,13:22:45,7.54,--,48,36192,买盘
1374,13:22:42,7.54,--,2,1508,买盘
1375,13:22:39,7.54,--,16,12064,买盘
1376,13:22:36,7.54,0.01,57,42978,买盘
1377,13:22:33,7.53,-0.01,7,5271,卖盘
1378,13:22:24,7.54,--,2,1508,买盘
1379,13:22:21,7.54,--,92,69368,买盘
1380,13:22:18,7.54,0.01,3,2262,买盘
1381,13:22:09,7.53,--,11,8283,卖盘
1382,13:22:06,7.53,-0.01,20,15060,卖盘
1383,13:22:03,7.54,--,16,12064,买盘
1384,13:21:57,7.54,--,25,18850,买盘
1385,13:21:54,7.54,--,30,22620,买盘
1386,13:21:48,7.54,--,1,754,买盘
1387,13:21:45,7.54,--,11,8294,买盘
1388,13:21:42,7.54,--,3,2262,买盘
1389,13:21:33,7.54,0.01,14,10556,买盘
1390,13:21:30,7.53,-0.01,75,56475,卖盘
1391,13:21:27,7.54,--,12,9048,买盘
1392,13:21:24,7.54,0.01,2,1508,买盘
1393,13:21:21,7.53,-0.01,41,30873,卖盘
1394,13:21:18,7.54,--,136,102544,买盘
1395,13:21:15,7.54,--,55,41470,买盘
1396,13:21:06,7.54,--,30,22620,买盘
1397,13:21:03,7.54,--,42,31668,买盘
1398,13:20:54,7.54,--,8,6032,买盘
1399,13:20:51,7.54,0.01,22,16588,买盘
1400,13:20:48,7.53,-0.01,32,24096,卖盘
1401,13:20:45,7.54,--,6,4524,买盘
1402,13:20:42,7.54,--,6,4524,买盘
1403,13:20:39,7.54,--,93,70122,买盘
1404,13:20:33,7.54,--,3,2262,买盘
1405,13:20:21,7.54,0.01,83,62582,买盘
1406,13:20:18,7.53,-0.01,18,13554,卖盘
1407,13:20:15,7.54,--,29,21866,买盘
1408,13:20:12,7.54,0.01,1105,833170,买盘
1409,13:20:09,7.53,-0.01,2,1506,卖盘
1410,13:20:03,7.54,--,2,1508,买盘
1411,13:19:54,7.54,--,16,12064,买盘
1412,13:19:51,7.54,--,4,3016,买盘
1413,13:19:42,7.54,--,9,6786,买盘
1414,13:19:39,7.54,--,2,1508,买盘
1415,13:19:33,7.54,--,7,5278,买盘
1416,13:19:30,7.54,--,9,6786,买盘
1417,13:19:27,7.54,--,81,61074,买盘
1418,13:19:24,7.54,--,8,6032,买盘
1419,13:19:21,7.54,0.01,20,15080,买盘
1420,13:19:18,7.53,--,26,19578,卖盘
1421,13:19:15,7.53,-0.01,8,6024,卖盘
1422,13:19:12,7.54,0.01,3,2262,买盘
1423,13:19:09,7.53,--,4,3012,卖盘
1424,13:19:06,7.53,-0.01,12,9036,卖盘
1425,13:19:03,7.54,--,2,1508,买盘
1426,13:19:00,7.54,0.01,1,1379,买盘
1427,13:18:57,7.53,--,0,384,卖盘
1428,13:18:48,7.53,-0.01,6,4518,卖盘
1429,13:18:45,7.54,0.01,5,3770,买盘
1430,13:18:42,7.53,-0.01,60,45180,卖盘
1431,13:18:39,7.54,--,1,754,买盘
1432,13:18:36,7.54,--,86,64844,买盘
1433,13:18:33,7.54,--,3,2262,买盘
1434,13:18:21,7.54,--,1,754,买盘
1435,13:18:18,7.54,--,4,3016,买盘
1436,13:18:12,7.54,--,59,44486,买盘
1437,13:18:09,7.54,--,8,6032,买盘
1438,13:18:06,7.54,0.01,6,4524,买盘
1439,13:18:03,7.53,-0.01,50,37650,卖盘
1440,13:18:00,7.54,--,9,6786,买盘
1441,13:17:57,7.54,--,142,107068,买盘
1442,13:17:54,7.54,0.01,1,754,买盘
1443,13:17:51,7.53,-0.01,1,753,卖盘
1444,13:17:42,7.54,--,85,64090,买盘
1445,13:17:39,7.54,0.01,23,17342,买盘
1446,13:17:36,7.53,--,224,168672,卖盘
1447,13:17:24,7.53,-0.01,17,12801,卖盘
1448,13:17:21,7.54,0.01,1,754,买盘
1449,13:17:15,7.53,-0.01,13,9789,卖盘
1450,13:17:12,7.54,--,1,754,买盘
1451,13:17:09,7.54,0.01,2,1508,买盘
1452,13:17:06,7.53,-0.01,1,753,卖盘
1453,13:17:03,7.54,--,12,9048,买盘
1454,13:17:00,7.54,--,2,1508,买盘
1455,13:16:57,7.54,--,11,8738,卖盘
1456,13:16:54,7.54,-0.01,28,21112,卖盘
1457,13:16:48,7.55,0.01,85,64175,买盘
1458,13:16:45,7.54,0.01,28,21421,买盘
1459,13:16:42,7.53,--,16,12048,卖盘
1460,13:16:39,7.53,-0.01,1014,763542,卖盘
1461,13:16:33,7.54,--,1,754,买盘
1462,13:16:30,7.54,--,1,754,买盘
1463,13:16:24,7.54,--,20,15080,买盘
1464,13:16:21,7.54,0.01,1,754,买盘
1465,13:16:18,7.53,-0.01,14,10542,卖盘
1466,13:16:12,7.54,0.01,18,13572,买盘
1467,13:16:09,7.53,-0.01,1701,1280853,卖盘
1468,13:16:06,7.54,0.01,2,1508,买盘
1469,13:16:00,7.53,-0.01,15,11295,卖盘
1470,13:15:57,7.54,--,113,85202,买盘
1471,13:15:54,7.54,0.01,2,1508,买盘
1472,13:15:51,7.53,-0.01,139,104667,卖盘
1473,13:15:45,7.54,--,2,1508,买盘
1474,13:15:42,7.54,0.01,11,8294,买盘
1475,13:15:39,7.53,-0.01,28,21084,卖盘
1476,13:15:36,7.54,0.01,7,5278,买盘
1477,13:15:33,7.53,-0.01,58,43674,卖盘
1478,13:15:30,7.54,--,85,64090,买盘
1479,13:15:27,7.54,--,28,21112,买盘
1480,13:15:21,7.54,0.01,14,10556,买盘
1481,13:15:12,7.53,-0.01,11,8283,卖盘
1482,13:15:06,7.54,--,20,15080,买盘
1483,13:15:03,7.54,0.01,144,108576,买盘
1484,13:15:00,7.53,-0.01,1,753,卖盘
1485,13:14:57,7.54,--,5,3770,买盘
1486,13:14:54,7.54,--,7,5278,买盘
1487,13:14:51,7.54,--,40,30160,买盘
1488,13:14:45,7.54,--,7,5278,买盘
1489,13:14:42,7.54,0.01,4,3016,买盘
1490,13:14:39,7.53,--,13,9789,卖盘
1491,13:14:36,7.53,-0.01,5,3765,卖盘
1492,13:14:33,7.54,--,5,3770,买盘
1493,13:14:30,7.54,--,5,3770,买盘
1494,13:14:21,7.54,--,1,754,买盘
1495,13:14:18,7.54,0.01,21,15834,买盘
1496,13:14:15,7.53,-0.01,6,4518,卖盘
1497,13:14:12,7.54,--,9,6786,买盘
1498,13:14:09,7.54,--,144,108576,买盘
1499,13:14:06,7.54,--,2,1508,买盘
1500,13:14:03,7.54,--,87,65598,买盘
1501,13:14:00,7.54,--,7,5278,买盘
1502,13:13:54,7.54,--,1,754,买盘
1503,13:13:51,7.54,0.01,11,8294,买盘
1504,13:13:48,7.53,-0.01,38,28614,卖盘
1505,13:13:42,7.54,--,4,3016,买盘
1506,13:13:39,7.54,0.01,4,3016,买盘
1507,13:13:33,7.53,-0.01,1,753,卖盘
1508,13:13:21,7.54,--,7,5278,买盘
1509,13:13:15,7.54,--,48,36192,买盘
1510,13:13:12,7.54,--,8,6032,买盘
1511,13:13:09,7.54,--,1,754,买盘
1512,13:13:06,7.54,--,20,15080,买盘
1513,13:13:03,7.54,--,9,6786,买盘
1514,13:13:00,7.54,--,83,62582,买盘
1515,13:12:57,7.54,0.01,13,9802,买盘
1516,13:12:51,7.53,--,2,1506,卖盘
1517,13:12:48,7.53,-0.01,50,37650,卖盘
1518,13:12:45,7.54,--,7,5278,买盘
1519,13:12:42,7.54,--,4,3016,买盘
1520,13:12:39,7.54,--,2,1508,买盘
1521,13:12:36,7.54,--,55,41470,买盘
1522,13:12:33,7.54,0.01,2,1508,买盘
1523,13:12:30,7.53,--,100,75300,卖盘
1524,13:12:24,7.53,--,50,37650,卖盘
1525,13:12:21,7.53,--,4,3012,卖盘
1526,13:12:09,7.53,--,8,6024,卖盘
1527,13:12:03,7.53,-0.01,8,6024,卖盘
1528,13:12:00,7.54,0.01,84,63336,买盘
1529,13:11:57,7.53,--,50,37650,卖盘
1530,13:11:54,7.53,-0.01,100,75300,卖盘
1531,13:11:51,7.54,0.01,8,6032,买盘
1532,13:11:48,7.53,-0.01,100,75300,卖盘
1533,13:11:45,7.54,--,3,2262,买盘
1534,13:11:42,7.54,0.01,12,9048,买盘
1535,13:11:39,7.53,--,22,16566,卖盘
1536,13:11:33,7.53,--,2,1506,卖盘
1537,13:11:30,7.53,-0.01,6,4518,卖盘
1538,13:11:27,7.54,--,1,754,买盘
1539,13:11:24,7.54,--,2,1508,买盘
1540,13:11:15,7.54,--,9,6786,买盘
1541,13:11:09,7.54,0.01,1,754,买盘
1542,13:11:06,7.53,-0.01,17,12801,卖盘
1543,13:11:00,7.54,0.01,83,62582,买盘
1544,13:10:57,7.53,-0.01,2,1506,卖盘
1545,13:10:54,7.54,--,11,8294,买盘
1546,13:10:51,7.54,0.01,2,1508,买盘
1547,13:10:45,7.53,-0.01,13,9789,卖盘
1548,13:10:42,7.54,0.01,7,5278,买盘
1549,13:10:39,7.53,-0.01,500,376500,卖盘
1550,13:10:36,7.54,--,52,39208,买盘
1551,13:10:33,7.54,0.01,135,101790,买盘
1552,13:10:27,7.53,-0.01,15,11295,卖盘
1553,13:10:24,7.54,--,358,269932,买盘
1554,13:10:18,7.54,--,50,37700,买盘
1555,13:10:15,7.54,--,30,22620,买盘
1556,13:10:06,7.54,--,4,3016,买盘
1557,13:10:03,7.54,--,40,30160,买盘
1558,13:10:00,7.54,0.01,86,64844,买盘
1559,13:09:57,7.53,-0.01,187,140811,卖盘
1560,13:09:51,7.54,--,2,1508,买盘
1561,13:09:48,7.54,0.01,117,88218,买盘
1562,13:09:45,7.53,-0.01,130,97890,卖盘
1563,13:09:42,7.54,--,1,754,买盘
1564,13:09:39,7.54,--,9,6786,买盘
1565,13:09:36,7.54,--,25,18850,买盘
1566,13:09:30,7.54,--,2,1508,买盘
1567,13:09:27,7.54,--,22,16588,卖盘
1568,13:09:24,7.54,0.01,10,7540,卖盘
1569,13:09:21,7.53,-0.01,10,7530,卖盘
1570,13:09:18,7.54,-0.01,7,5278,中性盘
1571,13:09:12,7.55,--,5,3775,买盘
1572,13:09:03,7.55,--,3,2265,买盘
1573,13:09:00,7.55,--,2,1510,买盘
1574,13:08:57,7.55,0.02,85,64175,买盘
1575,13:08:54,7.53,--,249,187497,卖盘
1576,13:08:51,7.53,-0.01,32,24096,卖盘
1577,13:08:45,7.54,0.01,10,7540,买盘
1578,13:08:42,7.53,-0.01,3,2259,卖盘
1579,13:08:39,7.54,--,100,75400,买盘
1580,13:08:36,7.54,--,11,8294,买盘
1581,13:08:33,7.54,--,69,52026,买盘
1582,13:08:30,7.54,0.01,3,2262,买盘
1583,13:08:27,7.53,-0.01,27,20775,卖盘
1584,13:08:21,7.54,0.01,10,7540,买盘
1585,13:08:18,7.53,-0.01,9,6777,卖盘
1586,13:08:15,7.54,0.01,1,754,买盘
1587,13:08:12,7.53,--,52,39156,卖盘
1588,13:08:09,7.53,-0.01,91,68824,卖盘
1589,13:08:00,7.54,--,1,754,买盘
1590,13:07:57,7.54,--,1,754,买盘
1591,13:07:54,7.54,--,82,61828,买盘
1592,13:07:51,7.54,0.01,7,5278,买盘
1593,13:07:48,7.53,-0.01,1,753,卖盘
1594,13:07:42,7.54,--,2,1508,买盘
1595,13:07:39,7.54,--,14,10556,买盘
1596,13:07:33,7.54,--,3,2262,买盘
1597,13:07:30,7.54,--,309,232986,买盘
1598,13:07:27,7.54,--,6,4524,买盘
1599,13:07:24,7.54,-0.01,4,3596,卖盘
1600,13:07:21,7.55,0.01,3,2265,买盘
1601,13:07:18,7.54,-0.01,2,1508,卖盘
1602,13:07:15,7.55,--,14,10570,买盘
1603,13:07:06,7.55,0.01,6,4530,买盘
1604,13:07:03,7.54,-0.01,1,754,卖盘
1605,13:07:00,7.55,0.01,3,2265,买盘
1606,13:06:57,7.54,--,185,139490,卖盘
1607,13:06:54,7.54,--,12,9048,卖盘
1608,13:06:51,7.54,-0.01,127,95758,卖盘
1609,13:06:48,7.55,0.01,1,755,买盘
1610,13:06:45,7.54,0.01,47,35611,买盘
1611,13:06:42,7.53,--,36,27108,卖盘
1612,13:06:39,7.53,-0.01,2,1506,卖盘
1613,13:06:33,7.54,--,10,7540,买盘
1614,13:06:30,7.54,--,2,1508,买盘
1615,13:06:27,7.54,--,10,7540,买盘
1616,13:06:24,7.54,--,32,24128,买盘
1617,13:06:21,7.54,--,3,2262,买盘
1618,13:06:18,7.54,--,214,162079,卖盘
1619,13:06:12,7.54,-0.01,22,16588,卖盘
1620,13:06:09,7.55,--,145,109475,买盘
1621,13:06:06,7.55,0.01,201,151755,买盘
1622,13:06:03,7.54,-0.01,12,9048,卖盘
1623,13:06:00,7.55,0.01,23,17365,买盘
1624,13:05:54,7.54,-0.01,10,7540,卖盘
1625,13:05:51,7.55,--,26,19630,买盘
1626,13:05:48,7.55,--,182,137410,买盘
1627,13:05:45,7.55,--,5,3775,买盘
1628,13:05:42,7.55,0.01,13,9815,买盘
1629,13:05:39,7.54,-0.01,1,754,卖盘
1630,13:05:33,7.55,--,8,6040,买盘
1631,13:05:30,7.55,--,484,365420,买盘
1632,13:05:24,7.55,--,2,1510,买盘
1633,13:05:21,7.55,0.01,12,9060,买盘
1634,13:05:18,7.54,-0.01,513,386862,卖盘
1635,13:05:12,7.55,0.01,13,9815,买盘
1636,13:05:09,7.54,--,9,6786,卖盘
1637,13:05:06,7.54,-0.01,21,15834,卖盘
1638,13:05:03,7.55,--,27,20385,买盘
1639,13:05:00,7.55,--,1,755,买盘
1640,13:04:54,7.55,--,6,4530,买盘
1641,13:04:51,7.55,--,29,21895,买盘
1642,13:04:48,7.55,--,539,406945,买盘
1643,13:04:45,7.55,--,3,2265,买盘
1644,13:04:42,7.55,0.01,8,6040,买盘
1645,13:04:39,7.54,-0.01,208,156832,卖盘
1646,13:04:30,7.55,0.01,3,2265,买盘
1647,13:04:21,7.54,-0.01,2,1508,卖盘
1648,13:04:18,7.55,0.01,3,2265,买盘
1649,13:04:15,7.54,-0.01,50,37700,卖盘
1650,13:04:09,7.55,--,15,11325,买盘
1651,13:04:06,7.55,--,1,755,买盘
1652,13:04:03,7.55,--,3,2265,买盘
1653,13:04:00,7.55,--,2,1510,买盘
1654,13:03:57,7.55,0.01,83,62665,买盘
1655,13:03:54,7.54,-0.01,15,11310,卖盘
1656,13:03:48,7.55,0.01,5,3775,买盘
1657,13:03:45,7.54,-0.01,100,75400,卖盘
1658,13:03:30,7.55,--,10,7550,买盘
1659,13:03:27,7.55,--,146,110230,买盘
1660,13:03:24,7.55,0.01,7,5285,买盘
1661,13:03:21,7.54,--,38,28652,卖盘
1662,13:03:15,7.54,-0.01,6,5217,卖盘
1663,13:03:12,7.55,--,6,4530,买盘
1664,13:03:09,7.55,--,4,3020,买盘
1665,13:03:06,7.55,--,85,64175,买盘
1666,13:03:03,7.55,--,8,6040,买盘
1667,13:03:00,7.55,--,4,3020,买盘
1668,13:02:57,7.55,0.01,6,4530,买盘
1669,13:02:42,7.54,-0.01,4,3016,卖盘
1670,13:02:36,7.55,--,5,3775,买盘
1671,13:02:33,7.55,--,17,12835,买盘
1672,13:02:21,7.55,--,27,20385,买盘
1673,13:02:18,7.55,--,4,3020,买盘
1674,13:02:15,7.55,0.01,89,67195,买盘
1675,13:02:12,7.54,-0.01,1,754,卖盘
1676,13:02:06,7.55,0.01,1,755,买盘
1677,13:02:03,7.54,--,8,6032,卖盘
1678,13:02:00,7.54,--,10,7540,卖盘
1679,13:01:51,7.54,-0.01,1,754,卖盘
1680,13:01:48,7.55,0.01,14,10570,买盘
1681,13:01:45,7.54,--,110,82940,卖盘
1682,13:01:42,7.54,-0.01,8,6032,卖盘
1683,13:01:39,7.55,--,75,56625,买盘
1684,13:01:33,7.55,--,2,1510,买盘
1685,13:01:30,7.55,--,7,5285,买盘
1686,13:01:24,7.55,--,10,7550,买盘
1687,13:01:21,7.55,0.01,62,46810,买盘
1688,13:01:18,7.54,-0.01,20,15080,卖盘
1689,13:01:09,7.55,--,1,755,买盘
1690,13:01:06,7.55,--,29,21895,买盘
1691,13:01:03,7.55,--,3,2265,买盘
1692,13:00:57,7.55,0.01,1,755,买盘
1693,13:00:54,7.54,-0.01,25,18850,卖盘
1694,13:00:39,7.55,--,1,755,买盘
1695,13:00:36,7.55,--,2,1510,买盘
1696,13:00:33,7.55,0.01,2,1510,买盘
1697,13:00:30,7.54,-0.01,2,1508,卖盘
1698,13:00:24,7.55,--,8,6040,买盘
1699,13:00:21,7.55,--,35,26425,买盘
1700,13:00:18,7.55,--,1,755,买盘
1701,13:00:15,7.55,--,6,4530,买盘
1702,13:00:12,7.55,--,20,15100,买盘
1703,13:00:09,7.55,--,177,133635,买盘
1704,13:00:06,7.55,0.01,192,145262,买盘
1705,13:00:03,7.54,--,1094,824876,卖盘
1706,13:00:00,7.54,--,0,0,卖盘
1707,11:30:00,7.54,--,0,0,卖盘
1708,11:29:54,7.54,-0.01,2,1508,卖盘
1709,11:29:48,7.55,--,10,7550,买盘
1710,11:29:42,7.55,--,5,3775,买盘
1711,11:29:39,7.55,0.01,2,1510,买盘
1712,11:29:33,7.54,-0.01,20,15080,卖盘
1713,11:29:30,7.55,--,42,31710,买盘
1714,11:29:27,7.55,--,1,755,买盘
1715,11:29:24,7.55,--,6,4530,买盘
1716,11:29:21,7.55,--,1,755,买盘
1717,11:29:12,7.55,--,82,61910,买盘
1718,11:29:03,7.55,0.01,7,5285,买盘
1719,11:28:57,7.54,-0.01,2,1508,卖盘
1720,11:28:54,7.55,--,100,75500,买盘
1721,11:28:48,7.55,--,17,12835,买盘
1722,11:28:45,7.55,--,454,342770,买盘
1723,11:28:39,7.55,--,79,59645,买盘
1724,11:28:36,7.55,--,2,1510,买盘
1725,11:28:33,7.55,0.01,51,38505,买盘
1726,11:28:27,7.54,-0.01,42,31668,卖盘
1727,11:28:24,7.55,--,6,4530,买盘
1728,11:28:18,7.55,--,37,27935,买盘
1729,11:28:15,7.55,0.01,92,69460,买盘
1730,11:28:12,7.54,-0.01,60,45240,卖盘
1731,11:28:09,7.55,--,8,6040,买盘
1732,11:28:06,7.55,0.01,1,755,买盘
1733,11:28:03,7.54,-0.01,25,18850,卖盘
1734,11:27:51,7.55,--,5,3775,买盘
1735,11:27:48,7.55,--,91,68705,买盘
1736,11:27:45,7.55,0.01,3,2265,买盘
1737,11:27:42,7.54,-0.01,108,81432,卖盘
1738,11:27:39,7.55,--,4,3020,买盘
1739,11:27:36,7.55,--,14,10570,买盘
1740,11:27:33,7.55,--,13,9815,买盘
1741,11:27:27,7.55,--,2,1510,买盘
1742,11:27:21,7.55,0.01,8,6040,买盘
1743,11:27:18,7.54,--,136,102544,卖盘
1744,11:27:15,7.54,-0.01,5,3770,卖盘
1745,11:27:12,7.55,--,5,3775,买盘
1746,11:27:09,7.55,--,110,83050,买盘
1747,11:27:06,7.55,--,6,4530,买盘
1748,11:27:03,7.55,0.01,8,6040,买盘
1749,11:27:00,7.54,-0.01,77,58058,卖盘
1750,11:26:57,7.55,0.01,10,7550,买盘
1751,11:26:54,7.54,-0.01,157,118378,卖盘
1752,11:26:51,7.55,--,5,3775,买盘
1753,11:26:48,7.55,--,112,84560,买盘
1754,11:26:45,7.55,--,1,755,买盘
1755,11:26:42,7.55,--,5,3775,买盘
1756,11:26:39,7.55,0.01,6,4530,买盘
1757,11:26:33,7.54,-0.01,24,18096,卖盘
1758,11:26:30,7.55,--,5,3775,买盘
1759,11:26:27,7.55,--,2,1510,买盘
1760,11:26:18,7.55,--,124,93620,买盘
1761,11:26:15,7.55,--,21,15855,买盘
1762,11:26:06,7.55,--,84,63420,买盘
1763,11:26:00,7.55,--,112,84560,买盘
1764,11:25:57,7.55,--,17,12835,买盘
1765,11:25:54,7.55,--,374,282370,买盘
1766,11:25:48,7.55,--,81,61155,买盘
1767,11:25:45,7.55,--,123,92865,买盘
1768,11:25:42,7.55,--,15,11325,买盘
1769,11:25:39,7.55,--,2,1510,买盘
1770,11:25:36,7.55,--,5,3775,买盘
1771,11:25:33,7.55,0.01,102,77010,买盘
1772,11:25:30,7.54,-0.01,29,21866,卖盘
1773,11:25:27,7.55,--,11,8305,买盘
1774,11:25:24,7.55,--,24,18120,买盘
1775,11:25:21,7.55,--,3,2265,买盘
1776,11:25:18,7.55,--,7,5285,买盘
1777,11:25:15,7.55,--,11,8305,买盘
1778,11:25:12,7.55,--,113,85315,买盘
1779,11:25:09,7.55,--,56,42280,买盘
1780,11:25:06,7.55,0.01,35,26425,买盘
1781,11:25:03,7.54,--,51,38454,卖盘
1782,11:25:00,7.54,-0.01,51,38454,卖盘
1783,11:24:57,7.55,--,10,7550,买盘
1784,11:24:54,7.55,--,12,9060,买盘
1785,11:24:51,7.55,--,60,45300,买盘
1786,11:24:48,7.55,--,38,28690,买盘
1787,11:24:45,7.55,--,11,8305,买盘
1788,11:24:42,7.55,--,108,81540,买盘
1789,11:24:39,7.55,--,6,4530,买盘
1790,11:24:36,7.55,0.01,5,3775,买盘
1791,11:24:33,7.54,-0.01,26,19604,卖盘
1792,11:24:30,7.55,--,11,8305,买盘
1793,11:24:27,7.55,--,1,755,买盘
1794,11:24:24,7.55,--,8,6040,买盘
1795,11:24:21,7.55,--,10,7550,买盘
1796,11:24:18,7.55,--,10,7550,买盘
1797,11:24:15,7.55,--,13,9815,买盘
1798,11:24:12,7.55,--,109,82295,买盘
1799,11:24:09,7.55,--,5,3775,买盘
1800,11:24:06,7.55,0.01,11,8305,买盘
1801,11:24:03,7.54,-0.01,39,29406,卖盘
1802,11:24:00,7.55,--,262,197810,买盘
1803,11:23:54,7.55,--,17,12835,买盘
1804,11:23:51,7.55,--,2,1510,买盘
1805,11:23:48,7.55,--,25,18875,买盘
1806,11:23:45,7.55,--,11,8305,买盘
1807,11:23:42,7.55,--,127,95885,买盘
1808,11:23:39,7.55,--,49,36995,买盘
1809,11:23:33,7.55,--,9,6795,买盘
1810,11:23:30,7.55,--,8,6040,买盘
1811,11:23:27,7.55,0.01,2,1510,买盘
1812,11:23:24,7.54,-0.01,17,12818,卖盘
1813,11:23:21,7.55,--,181,136655,买盘
1814,11:23:18,7.55,--,41,30955,买盘
1815,11:23:12,7.55,--,200,151000,买盘
1816,11:23:09,7.55,--,28,21140,买盘
1817,11:23:06,7.55,--,151,114005,买盘
1818,11:23:03,7.55,--,16,12080,买盘
1819,11:23:00,7.55,--,52,39260,买盘
1820,11:22:57,7.55,--,4,3020,买盘
1821,11:22:54,7.55,0.01,2,1510,买盘
1822,11:22:51,7.54,-0.01,2,1508,卖盘
1823,11:22:48,7.55,--,9,6795,买盘
1824,11:22:45,7.55,0.01,253,191498,买盘
1825,11:22:42,7.54,--,231,174174,买盘
1826,11:22:39,7.54,--,60,45240,买盘
1827,11:22:36,7.54,--,24,18096,买盘
1828,11:22:33,7.54,--,125,94250,买盘
1829,11:22:30,7.54,--,8,6032,买盘
1830,11:22:24,7.54,--,6,4524,买盘
1831,11:22:21,7.54,--,10,7540,买盘
1832,11:22:18,7.54,--,503,379262,买盘
1833,11:22:12,7.54,--,27,20358,买盘
1834,11:22:09,7.54,--,69,52026,买盘
1835,11:22:06,7.54,--,1,754,买盘
1836,11:22:03,7.54,--,62,46748,买盘
1837,11:22:00,7.54,0.01,119,89726,买盘
1838,11:21:57,7.53,-0.01,3,2259,卖盘
1839,11:21:51,7.54,0.01,12,9048,买盘
1840,11:21:48,7.53,-0.01,1,753,卖盘
1841,11:21:45,7.54,--,6,4524,买盘
1842,11:21:36,7.54,--,32,24128,买盘
1843,11:21:33,7.54,--,4,3016,买盘
1844,11:21:30,7.54,--,2,1508,买盘
1845,11:21:27,7.54,--,110,82940,买盘
1846,11:21:24,7.54,0.01,49,36946,买盘
1847,11:21:21,7.53,-0.01,14,10542,卖盘
1848,11:21:18,7.54,0.01,16,12064,买盘
1849,11:21:15,7.53,-0.01,173,130269,卖盘
1850,11:21:06,7.54,0.01,27,20358,买盘
1851,11:21:03,7.53,-0.01,30,22590,卖盘
1852,11:21:00,7.54,--,21,15834,买盘
1853,11:20:57,7.54,--,139,104806,买盘
1854,11:20:54,7.54,0.01,16,12064,买盘
1855,11:20:51,7.53,-0.01,40,30120,卖盘
1856,11:20:45,7.54,0.01,3,2262,买盘
1857,11:20:39,7.53,-0.01,57,42921,卖盘
1858,11:20:36,7.54,0.01,5,3770,买盘
1859,11:20:33,7.53,-0.01,30,22590,卖盘
1860,11:20:30,7.54,--,2,1508,买盘
1861,11:20:24,7.54,--,146,110084,买盘
1862,11:20:21,7.54,0.01,146,110084,买盘
1863,11:20:15,7.53,--,90,67770,卖盘
1864,11:20:12,7.53,-0.01,1,753,卖盘
1865,11:20:09,7.54,--,5,3770,买盘
1866,11:20:06,7.54,0.01,9,6786,买盘
1867,11:19:57,7.53,-0.01,5,3765,卖盘
1868,11:19:54,7.54,--,9,6786,买盘
1869,11:19:51,7.54,--,6,4524,买盘
1870,11:19:48,7.54,--,221,166634,买盘
1871,11:19:45,7.54,--,1,754,买盘
1872,11:19:42,7.54,--,1,754,买盘
1873,11:19:39,7.54,0.01,3,2262,买盘
1874,11:19:30,7.53,-0.01,5,3765,卖盘
1875,11:19:27,7.54,--,81,61074,买盘
1876,11:19:18,7.54,--,120,90480,买盘
1877,11:19:15,7.54,0.01,1,754,买盘
1878,11:19:09,7.53,-0.01,7,5271,卖盘
1879,11:19:06,7.54,--,1,754,买盘
1880,11:19:00,7.54,0.01,12,9048,买盘
1881,11:18:57,7.53,-0.01,29,21837,卖盘
1882,11:18:51,7.54,--,22,16588,买盘
1883,11:18:48,7.54,--,120,90480,买盘
1884,11:18:45,7.54,--,1,754,买盘
1885,11:18:30,7.54,--,3,2262,买盘
1886,11:18:21,7.54,--,5,3770,买盘
1887,11:18:18,7.54,--,120,90480,买盘
1888,11:18:15,7.54,0.01,127,95758,买盘
1889,11:18:09,7.53,-0.01,236,177708,卖盘
1890,11:18:06,7.54,--,6,4524,买盘
1891,11:18:03,7.54,--,54,40716,买盘
1892,11:18:00,7.54,--,2,1508,买盘
1893,11:17:54,7.54,--,5,3770,买盘
1894,11:17:51,7.54,--,4,3016,买盘
1895,11:17:48,7.54,--,120,90480,买盘
1896,11:17:45,7.54,--,6,4524,买盘
1897,11:17:39,7.54,--,8,6032,买盘
1898,11:17:33,7.54,--,6,4524,买盘
1899,11:17:30,7.54,--,19,14326,买盘
1900,11:17:27,7.54,--,19,14326,买盘
1901,11:17:18,7.54,0.01,121,91234,买盘
1902,11:17:15,7.53,--,31,23343,卖盘
1903,11:17:12,7.53,-0.01,65,48945,卖盘
1904,11:17:06,7.54,--,3,2262,买盘
1905,11:16:51,7.54,--,5,3770,买盘
1906,11:16:48,7.54,0.01,170,128180,买盘
1907,11:16:45,7.53,-0.01,7,5271,卖盘
1908,11:16:39,7.54,--,4,3016,买盘
1909,11:16:33,7.54,0.01,3,2262,买盘
1910,11:16:30,7.53,-0.01,10,7530,卖盘
1911,11:16:27,7.54,--,103,77662,买盘
1912,11:16:24,7.54,0.01,4,3016,买盘
1913,11:16:21,7.53,-0.01,1,753,卖盘
1914,11:16:18,7.54,0.01,121,91234,买盘
1915,11:16:15,7.53,-0.01,82,61746,卖盘
1916,11:16:09,7.54,--,5,3770,买盘
1917,11:16:06,7.54,--,1,754,买盘
1918,11:16:03,7.54,--,16,12064,买盘
1919,11:16:00,7.54,--,26,19604,买盘
1920,11:15:54,7.54,0.01,20,15080,买盘
1921,11:15:51,7.53,-0.01,25,18825,卖盘
1922,11:15:48,7.54,0.01,121,91234,买盘
1923,11:15:45,7.53,-0.01,4,3012,卖盘
1924,11:15:39,7.54,--,22,16588,买盘
1925,11:15:33,7.54,--,4,3016,买盘
1926,11:15:27,7.54,0.01,2,1508,买盘
1927,11:15:18,7.53,--,254,191262,卖盘
1928,11:15:15,7.53,-0.01,4,3012,卖盘
1929,11:15:12,7.54,--,3,2262,买盘
1930,11:15:06,7.54,--,1,754,买盘
1931,11:15:03,7.54,--,1,754,买盘
1932,11:15:00,7.54,0.01,5,3770,买盘
1933,11:14:57,7.53,-0.01,200,150600,卖盘
1934,11:14:48,7.54,0.01,116,87464,买盘
1935,11:14:45,7.53,-0.01,64,48192,卖盘
1936,11:14:42,7.54,--,8,6032,买盘
1937,11:14:39,7.54,--,55,41470,买盘
1938,11:14:36,7.54,-0.01,293,221193,卖盘
1939,11:14:33,7.55,0.01,3,2265,买盘
1940,11:14:30,7.54,--,205,154570,卖盘
1941,11:14:27,7.54,--,127,96240,买盘
1942,11:14:21,7.54,--,89,67377,卖盘
1943,11:14:18,7.54,--,35,26872,买盘
1944,11:14:15,7.54,--,6,4524,买盘
1945,11:14:09,7.54,--,148,111592,买盘
1946,11:14:06,7.54,--,17,12818,买盘
1947,11:14:03,7.54,--,2,1508,买盘
1948,11:14:00,7.54,--,22,16588,买盘
1949,11:13:57,7.54,--,9,6786,买盘
1950,11:13:54,7.54,0.01,504,380016,买盘
1951,11:13:51,7.53,-0.01,1,753,卖盘
1952,11:13:48,7.54,--,115,86710,买盘
1953,11:13:45,7.54,--,65,49010,买盘
1954,11:13:42,7.54,--,2,1508,买盘
1955,11:13:39,7.54,--,1,754,买盘
1956,11:13:33,7.54,--,91,68614,买盘
1957,11:13:30,7.54,0.01,8,6032,买盘
1958,11:13:27,7.53,--,11,8283,卖盘
1959,11:13:24,7.53,-0.01,91,68523,卖盘
1960,11:13:21,7.54,--,10,7540,买盘
1961,11:13:18,7.54,0.01,144,108576,买盘
1962,11:13:15,7.53,-0.01,69,51957,卖盘
1963,11:13:06,7.54,--,1,754,买盘
1964,11:13:03,7.54,--,8,6032,买盘
1965,11:13:00,7.54,--,19,14326,买盘
1966,11:12:57,7.54,--,24,18096,买盘
1967,11:12:51,7.54,--,1,754,买盘
1968,11:12:48,7.54,--,2,1508,买盘
1969,11:12:45,7.54,--,7,5278,买盘
1970,11:12:42,7.54,--,129,97266,买盘
1971,11:12:39,7.54,--,93,70122,买盘
1972,11:12:33,7.54,--,55,41470,买盘
1973,11:12:27,7.54,--,10,7540,买盘
1974,11:12:24,7.54,--,48,36463,卖盘
1975,11:12:21,7.54,-0.01,27,20358,卖盘
1976,11:12:18,7.55,0.01,2,1510,买盘
1977,11:12:15,7.54,--,15,11310,卖盘
1978,11:12:12,7.54,-0.01,60,45240,卖盘
1979,11:12:09,7.55,--,215,162325,买盘
1980,11:12:06,7.55,--,10,7550,买盘
1981,11:12:00,7.55,0.01,5,3775,买盘
1982,11:11:57,7.54,-0.01,25,18850,卖盘
1983,11:11:54,7.55,--,1,755,买盘
1984,11:11:45,7.55,0.01,47,35485,买盘
1985,11:11:42,7.54,--,35,26390,卖盘
1986,11:11:39,7.54,--,122,91988,卖盘
1987,11:11:36,7.54,-0.01,5,3770,卖盘
1988,11:11:33,7.55,--,56,42280,买盘
1989,11:11:27,7.55,--,24,18120,买盘
1990,11:11:24,7.55,--,55,41525,买盘
1991,11:11:21,7.55,--,37,27935,买盘
1992,11:11:18,7.55,0.01,8,6040,买盘
1993,11:11:15,7.54,--,4,3016,卖盘
1994,11:11:12,7.54,-0.01,24,18096,卖盘
1995,11:11:09,7.55,0.01,133,100415,买盘
1996,11:11:06,7.54,-0.01,50,37700,卖盘
1997,11:11:00,7.55,--,44,33220,买盘
1998,11:10:51,7.55,0.01,3,2265,买盘
1999,11:10:48,7.54,--,338,255334,买盘
2000,11:10:45,7.54,--,763,575302,买盘
2001,11:10:39,7.54,0.01,6,4524,买盘
2002,11:10:36,7.53,-0.01,150,112950,卖盘
2003,11:10:33,7.54,0.01,3,2262,买盘
2004,11:10:27,7.53,-0.01,10,7530,卖盘
2005,11:10:21,7.54,0.01,1,754,买盘
2006,11:10:18,7.53,--,11,8283,卖盘
2007,11:10:15,7.53,-0.01,19,14307,卖盘
2008,11:10:12,7.54,0.01,26,19604,买盘
2009,11:10:06,7.53,-0.01,2,1506,卖盘
2010,11:10:00,7.54,--,177,133458,买盘
2011,11:09:57,7.54,--,5,3770,买盘
2012,11:09:48,7.54,--,3,2262,买盘
2013,11:09:45,7.54,--,11,8294,买盘
2014,11:09:42,7.54,--,500,377000,买盘
2015,11:09:39,7.54,--,14,10556,买盘
2016,11:09:33,7.54,--,2,1508,买盘
2017,11:09:30,7.54,--,155,116870,买盘
2018,11:09:27,7.54,--,5,3770,买盘
2019,11:09:24,7.54,--,208,156832,买盘
2020,11:09:21,7.54,--,2,1508,买盘
2021,11:09:15,7.54,--,7,5278,买盘
2022,11:09:12,7.54,0.01,1,754,买盘
2023,11:09:06,7.53,-0.01,15,11295,卖盘
2024,11:09:03,7.54,--,22,16588,买盘
2025,11:09:00,7.54,0.01,176,132704,买盘
2026,11:08:57,7.53,-0.01,113,85089,卖盘
2027,11:08:48,7.54,--,2,1508,买盘
2028,11:08:45,7.54,--,1,754,买盘
2029,11:08:33,7.54,--,18,13572,买盘
2030,11:08:30,7.54,--,144,108576,买盘
2031,11:08:27,7.54,0.01,13,9802,买盘
2032,11:08:24,7.53,-0.01,1,753,卖盘
2033,11:08:21,7.54,--,20,15080,买盘
2034,11:08:15,7.54,--,10,7540,买盘
2035,11:08:12,7.54,--,1,754,买盘
2036,11:08:00,7.54,--,211,159094,买盘
2037,11:07:57,7.54,--,7,5278,买盘
2038,11:07:54,7.54,--,12,9048,买盘
2039,11:07:45,7.54,0.01,1,754,买盘
2040,11:07:36,7.53,-0.01,7,5271,卖盘
2041,11:07:33,7.54,--,8,6032,买盘
2042,11:07:30,7.54,--,153,115362,买盘
2043,11:07:27,7.54,0.01,5,3770,买盘
2044,11:07:18,7.53,--,20,15060,卖盘
2045,11:07:15,7.53,-0.01,10,7530,卖盘
2046,11:07:12,7.54,0.01,11,8294,买盘
2047,11:07:06,7.53,-0.01,34,25602,卖盘
2048,11:07:03,7.54,--,31,23374,买盘
2049,11:07:00,7.54,--,3,2262,买盘
2050,11:06:57,7.54,0.01,151,113854,买盘
2051,11:06:54,7.53,--,2,1506,卖盘
2052,11:06:48,7.53,-0.01,26,19578,卖盘
2053,11:06:45,7.54,--,6,4524,买盘
2054,11:06:42,7.54,--,56,42224,买盘
2055,11:06:39,7.54,--,5,3770,买盘
2056,11:06:36,7.54,--,3,2262,买盘
2057,11:06:33,7.54,0.01,5,3770,买盘
2058,11:06:30,7.53,-0.01,17,12801,卖盘
2059,11:06:27,7.54,--,6,4524,买盘
2060,11:06:24,7.54,0.01,156,117624,买盘
2061,11:06:21,7.53,--,20,15060,卖盘
2062,11:06:18,7.53,--,26,19578,卖盘
2063,11:06:15,7.53,-0.01,9,6777,卖盘
2064,11:06:12,7.54,0.01,1,754,买盘
2065,11:06:09,7.53,--,5,3765,卖盘
2066,11:06:03,7.53,-0.01,111,83583,卖盘
2067,11:06:00,7.54,0.01,3,2262,买盘
2068,11:05:57,7.53,-0.01,70,52710,卖盘
2069,11:05:54,7.54,0.01,159,119886,买盘
2070,11:05:51,7.53,--,28,21084,卖盘
2071,11:05:48,7.53,-0.01,4,3012,卖盘
2072,11:05:45,7.54,0.01,54,40716,买盘
2073,11:05:42,7.53,--,28,21084,卖盘
2074,11:05:39,7.53,-0.01,91,68523,卖盘
2075,11:05:33,7.54,--,36,27144,买盘
2076,11:05:30,7.54,--,22,16588,买盘
2077,11:05:27,7.54,--,32,24128,买盘
2078,11:05:24,7.54,--,197,148538,买盘
2079,11:05:21,7.54,--,3,2262,买盘
2080,11:05:12,7.54,0.01,203,153062,买盘
2081,11:05:09,7.53,-0.01,40,30120,卖盘
2082,11:05:06,7.54,0.01,29,21866,买盘
2083,11:05:03,7.53,-0.01,40,30120,卖盘
2084,11:04:54,7.54,--,16,12064,买盘
2085,11:04:51,7.54,--,6,4524,买盘
2086,11:04:48,7.54,--,147,110838,买盘
2087,11:04:45,7.54,--,1,754,买盘
2088,11:04:39,7.54,0.01,3,2262,买盘
2089,11:04:36,7.53,-0.01,26,19578,卖盘
2090,11:04:33,7.54,--,3,2262,买盘
2091,11:04:30,7.54,--,203,153062,买盘
2092,11:04:27,7.54,--,5,3770,买盘
2093,11:04:24,7.54,--,4,3016,买盘
2094,11:04:21,7.54,--,30,22620,买盘
2095,11:04:18,7.54,--,2,1508,买盘
2096,11:04:15,7.54,--,134,101036,买盘
2097,11:04:12,7.54,0.01,31,23374,买盘
2098,11:04:09,7.53,-0.01,420,316410,卖盘
2099,11:04:06,7.54,--,349,263146,买盘
2100,11:04:03,7.54,0.01,2,1508,买盘
2101,11:04:00,7.53,-0.01,20,15060,卖盘
2102,11:03:51,7.54,0.01,27,20358,买盘
2103,11:03:45,7.53,-0.01,168,126504,卖盘
2104,11:03:42,7.54,0.01,5,3770,买盘
2105,11:03:39,7.53,-0.01,43,32379,卖盘
2106,11:03:30,7.54,0.01,6,4524,买盘
2107,11:03:27,7.53,-0.01,11,8283,卖盘
2108,11:03:24,7.54,0.01,350,263900,买盘
2109,11:03:21,7.53,-0.01,47,35391,卖盘
2110,11:03:18,7.54,--,6,4524,买盘
2111,11:03:15,7.54,--,6,4524,买盘
2112,11:03:12,7.54,--,138,104052,买盘
2113,11:03:09,7.54,--,4,3016,买盘
2114,11:03:06,7.54,--,1,754,买盘
2115,11:03:00,7.54,--,2,1508,买盘
2116,11:02:57,7.54,--,38,28652,买盘
2117,11:02:54,7.54,--,50,37700,买盘
2118,11:02:48,7.54,--,141,106314,买盘
2119,11:02:45,7.54,--,2,1508,买盘
2120,11:02:42,7.54,--,150,113100,买盘
2121,11:02:39,7.54,0.01,8,6032,买盘
2122,11:02:36,7.53,--,186,140058,卖盘
2123,11:02:33,7.53,--,16,12048,卖盘
2124,11:02:30,7.53,-0.01,33,24849,卖盘
2125,11:02:27,7.54,--,122,91988,买盘
2126,11:02:24,7.54,0.01,20,15080,买盘
2127,11:02:18,7.53,-0.01,1,753,卖盘
2128,11:02:15,7.54,--,9,6786,买盘
2129,11:02:12,7.54,--,196,147784,买盘
2130,11:02:09,7.54,0.01,3,2262,买盘
2131,11:02:06,7.53,--,29,21837,卖盘
2132,11:02:00,7.53,--,1,753,卖盘
2133,11:01:57,7.53,0.01,51,38862,买盘
2134,11:01:48,7.52,-0.01,24,18048,卖盘
2135,11:01:45,7.53,--,1,753,买盘
2136,11:01:42,7.53,--,145,109185,买盘
2137,11:01:39,7.53,--,3,2259,买盘
2138,11:01:36,7.53,--,11,8283,买盘
2139,11:01:33,7.53,--,16,12048,买盘
2140,11:01:30,7.53,--,124,93372,买盘
2141,11:01:27,7.53,--,1047,788391,买盘
2142,11:01:24,7.53,--,8,6024,买盘
2143,11:01:21,7.53,--,714,537642,卖盘
2144,11:01:18,7.53,--,4,3012,卖盘
2145,11:01:15,7.53,-0.01,47,35391,卖盘
2146,11:01:12,7.54,--,139,104806,买盘
2147,11:01:09,7.54,--,4,3016,买盘
2148,11:01:06,7.54,--,26,19604,买盘
2149,11:01:03,7.54,0.01,7,5278,买盘
2150,11:01:00,7.53,-0.01,10,7530,卖盘
2151,11:00:54,7.54,0.01,100,75400,买盘
2152,11:00:51,7.53,--,37,27861,卖盘
2153,11:00:48,7.53,-0.01,4,3012,卖盘
2154,11:00:45,7.54,--,1,754,买盘
2155,11:00:42,7.54,--,146,110084,买盘
2156,11:00:39,7.54,--,30,22620,买盘
2157,11:00:33,7.54,--,3,2262,买盘
2158,11:00:30,7.54,--,4,3016,买盘
2159,11:00:27,7.54,0.01,29,21866,买盘
2160,11:00:18,7.53,--,5,3765,卖盘
2161,11:00:15,7.53,-0.01,1,753,卖盘
2162,11:00:12,7.54,--,7,5278,买盘
2163,11:00:09,7.54,0.01,121,91234,买盘
2164,11:00:06,7.53,-0.01,17,12801,卖盘
2165,11:00:00,7.54,0.01,30,22620,买盘
2166,10:59:54,7.53,--,64,48192,卖盘
2167,10:59:51,7.53,--,15,11295,卖盘
2168,10:59:48,7.53,--,6,4518,卖盘
2169,10:59:45,7.53,--,78,58734,买盘
2170,10:59:42,7.53,--,22,16566,买盘
2171,10:59:39,7.53,--,120,90360,买盘
2172,10:59:36,7.53,--,6,4518,买盘
2173,10:59:30,7.53,0.01,44,33132,买盘
2174,10:59:18,7.52,-0.01,7,5264,卖盘
2175,10:59:15,7.53,--,2,1506,买盘
2176,10:59:12,7.53,--,9,6777,买盘
2177,10:59:09,7.53,0.01,132,99396,买盘
2178,10:59:03,7.52,-0.01,191,143632,卖盘
2179,10:59:00,7.53,--,1,753,买盘
2180,10:58:57,7.53,0.01,12,9036,买盘
2181,10:58:54,7.52,-0.01,10,7520,卖盘
2182,10:58:48,7.53,--,5,3765,买盘
2183,10:58:45,7.53,--,4,3012,买盘
2184,10:58:39,7.53,--,212,159636,买盘
2185,10:58:36,7.53,--,7,5271,买盘
2186,10:58:33,7.53,--,501,377253,买盘
2187,10:58:30,7.53,--,3,2259,买盘
2188,10:58:27,7.53,--,5,3765,买盘
2189,10:58:24,7.53,--,6,4518,买盘
2190,10:58:21,7.53,--,114,85842,买盘
2191,10:58:18,7.53,0.01,26,19578,买盘
2192,10:58:15,7.52,-0.01,17,12784,卖盘
2193,10:58:12,7.53,--,12,9036,买盘
2194,10:58:09,7.53,--,30,22590,买盘
2195,10:58:06,7.53,--,698,525594,买盘
2196,10:58:03,7.53,0.01,75,56475,买盘
2197,10:57:57,7.52,-0.01,4,3008,卖盘
2198,10:57:54,7.53,0.01,4,3012,买盘
2199,10:57:51,7.52,-0.01,63,47376,卖盘
2200,10:57:48,7.53,--,9,6777,买盘
2201,10:57:45,7.53,--,8,6024,买盘
2202,10:57:42,7.53,0.01,5,3765,买盘
2203,10:57:36,7.52,-0.01,201,151152,卖盘
2204,10:57:33,7.53,--,9,6777,买盘
2205,10:57:30,7.53,--,233,175449,买盘
2206,10:57:24,7.53,0.01,7,5271,买盘
2207,10:57:18,7.52,-0.01,4,3008,卖盘
2208,10:57:12,7.53,--,2,1506,买盘
2209,10:57:09,7.53,--,51,38403,买盘
2210,10:57:06,7.53,0.01,1,753,买盘
2211,10:57:00,7.52,--,127,95504,卖盘
2212,10:56:57,7.52,--,51,38352,卖盘
2213,10:56:51,7.52,--,10,7520,卖盘
2214,10:56:48,7.52,-0.01,4,3008,卖盘
2215,10:56:45,7.53,--,2,1506,买盘
2216,10:56:39,7.53,0.01,60,45180,买盘
2217,10:56:36,7.52,-0.01,25,18800,卖盘
2218,10:56:33,7.53,--,99,74547,买盘
2219,10:56:30,7.53,--,3,2259,买盘
2220,10:56:27,7.53,--,7,5271,买盘
2221,10:56:24,7.53,--,137,103161,买盘
2222,10:56:21,7.53,0.01,3,2259,买盘
2223,10:56:18,7.52,--,6,4512,卖盘
2224,10:56:15,7.52,-0.01,136,102272,卖盘
2225,10:56:12,7.53,--,7,5271,买盘
2226,10:56:06,7.53,--,5,3765,买盘
2227,10:55:51,7.53,0.01,143,107679,买盘
2228,10:55:48,7.52,-0.01,14,10528,卖盘
2229,10:55:45,7.53,--,2,1506,买盘
2230,10:55:42,7.53,--,100,75300,买盘
2231,10:55:36,7.53,--,2,1506,买盘
2232,10:55:33,7.53,--,1,753,买盘
2233,10:55:30,7.53,--,11,8283,买盘
2234,10:55:27,7.53,0.01,27,20331,买盘
2235,10:55:24,7.52,-0.01,2,1504,卖盘
2236,10:55:21,7.53,--,6,4518,买盘
2237,10:55:18,7.53,--,136,102408,买盘
2238,10:55:15,7.53,0.01,2,1506,买盘
2239,10:55:09,7.52,-0.01,103,77456,卖盘
2240,10:55:06,7.53,--,45,33885,买盘
2241,10:55:00,7.53,--,5,3765,买盘
2242,10:54:57,7.53,--,9,6777,买盘
2243,10:54:54,7.53,0.01,279,210087,买盘
2244,10:54:51,7.52,-0.01,21,15792,卖盘
2245,10:54:48,7.53,--,7,5271,买盘
2246,10:54:42,7.53,0.01,150,112950,买盘
2247,10:54:39,7.52,--,12,9024,买盘
2248,10:54:36,7.52,-0.01,18,13536,卖盘
2249,10:54:33,7.53,0.01,2,1506,买盘
2250,10:54:30,7.52,-0.01,35,26320,卖盘
2251,10:54:27,7.53,0.01,1,753,买盘
2252,10:54:21,7.52,-0.01,90,67680,卖盘
2253,10:54:18,7.53,--,3,2259,买盘
2254,10:54:15,7.53,0.01,35,26355,买盘
2255,10:54:09,7.52,--,20,15040,买盘
2256,10:54:06,7.52,0.01,2,1504,买盘
2257,10:54:03,7.51,-0.01,6,4506,卖盘
2258,10:53:57,7.52,--,5,3760,买盘
2259,10:53:51,7.52,--,8,6016,卖盘
2260,10:53:48,7.52,0.01,2,1504,中性盘
2261,10:53:42,7.51,-0.01,5,3755,卖盘
2262,10:53:39,7.52,--,7,5264,买盘
2263,10:53:36,7.52,--,118,88736,买盘
2264,10:53:33,7.52,--,77,57904,买盘
2265,10:53:30,7.52,--,5,3760,买盘
2266,10:53:27,7.52,--,203,152656,卖盘
2267,10:53:24,7.52,-0.01,19,14288,卖盘
2268,10:53:21,7.53,--,15,11295,买盘
2269,10:53:18,7.53,0.01,2,1506,买盘
2270,10:53:15,7.52,--,100,75200,卖盘
2271,10:53:09,7.52,-0.01,25,18800,卖盘
2272,10:53:06,7.53,0.01,6,4518,买盘
2273,10:53:03,7.52,-0.01,129,97008,卖盘
2274,10:53:00,7.53,--,24,18072,买盘
2275,10:52:57,7.53,--,2,1506,买盘
2276,10:52:54,7.53,0.01,3,2259,买盘
2277,10:52:51,7.52,--,2,1504,卖盘
2278,10:52:45,7.52,--,27,20304,卖盘
2279,10:52:42,7.52,-0.01,4,3008,卖盘
2280,10:52:39,7.53,--,1,753,买盘
2281,10:52:33,7.53,0.01,5,3765,买盘
2282,10:52:30,7.52,-0.01,267,200784,卖盘
2283,10:52:27,7.53,--,506,381018,买盘
2284,10:52:21,7.53,0.01,7,5271,买盘
2285,10:52:18,7.52,--,6,4512,卖盘
2286,10:52:15,7.52,-0.01,3,2256,卖盘
2287,10:52:06,7.53,0.01,71,53463,买盘
2288,10:52:03,7.52,-0.01,32,24064,卖盘
2289,10:51:57,7.53,--,121,91113,买盘
2290,10:51:54,7.53,--,4,3012,买盘
2291,10:51:39,7.53,--,22,16566,买盘
2292,10:51:36,7.53,0.01,21,15813,买盘
2293,10:51:33,7.52,-0.01,5,3760,卖盘
2294,10:51:30,7.53,--,4,3012,买盘
2295,10:51:27,7.53,0.01,4,3012,买盘
2296,10:51:24,7.52,-0.01,127,95504,卖盘
2297,10:51:21,7.53,0.01,11,8283,买盘
2298,10:51:18,7.52,-0.01,155,116560,卖盘
2299,10:51:09,7.53,--,118,88854,买盘
2300,10:51:06,7.53,--,23,17319,买盘
2301,10:51:03,7.53,--,6,4518,买盘
2302,10:50:54,7.53,--,5,3765,买盘
2303,10:50:51,7.53,0.01,178,134034,买盘
2304,10:50:48,7.52,-0.01,1,752,卖盘
2305,10:50:39,7.53,0.01,17,12801,买盘
2306,10:50:36,7.52,-0.01,2,1504,卖盘
2307,10:50:33,7.53,--,11,8283,买盘
2308,10:50:27,7.53,--,3,2259,买盘
2309,10:50:24,7.53,0.01,4,3012,买盘
2310,10:50:21,7.52,-0.01,24,18048,卖盘
2311,10:50:18,7.53,0.01,3,2259,买盘
2312,10:50:12,7.52,--,8,6016,卖盘
2313,10:50:09,7.52,--,110,82720,买盘
2314,10:50:06,7.52,0.01,8,6016,买盘
2315,10:50:03,7.51,-0.01,4,3004,卖盘
2316,10:49:57,7.52,--,3,2256,买盘
2317,10:49:54,7.52,--,3,2256,买盘
2318,10:49:51,7.52,-0.01,10,7520,卖盘
2319,10:49:45,7.53,--,2,1506,买盘
2320,10:49:42,7.53,--,9,6777,买盘
2321,10:49:39,7.53,--,54,40662,买盘
2322,10:49:36,7.53,--,162,121986,买盘
2323,10:49:33,7.53,--,37,27861,买盘
2324,10:49:27,7.53,--,4,3012,买盘
2325,10:49:18,7.53,0.01,2,1506,买盘
2326,10:49:15,7.52,-0.01,24,18048,卖盘
2327,10:49:12,7.53,--,51,38403,买盘
2328,10:49:09,7.53,0.01,5,3765,买盘
2329,10:49:06,7.52,--,30,22560,买盘
2330,10:49:03,7.52,--,6,4512,买盘
2331,10:48:57,7.52,--,51,38352,买盘
2332,10:48:54,7.52,--,3,2256,买盘
2333,10:48:48,7.52,--,4,3008,买盘
2334,10:48:45,7.52,-0.01,16,12032,中性盘
2335,10:48:42,7.53,0.01,11,8283,买盘
2336,10:48:39,7.52,0.01,203,152656,中性盘
2337,10:48:36,7.51,--,169,126919,卖盘
2338,10:48:33,7.51,-0.01,332,249332,卖盘
2339,10:48:30,7.52,--,2,1504,买盘
2340,10:48:27,7.52,--,10,7520,买盘
2341,10:48:21,7.52,--,26,19552,买盘
2342,10:48:18,7.52,-0.01,116,87232,卖盘
2343,10:48:15,7.53,0.01,29,21837,买盘
2344,10:48:06,7.52,--,161,121072,买盘
2345,10:48:03,7.52,--,11,8272,买盘
2346,10:47:57,7.52,--,3,2256,买盘
2347,10:47:54,7.52,--,6,4512,中性盘
2348,10:47:45,7.52,--,53,39856,买盘
2349,10:47:42,7.52,--,42,31584,买盘
2350,10:47:39,7.52,--,6,4512,买盘
2351,10:47:36,7.52,--,146,109792,买盘
2352,10:47:33,7.52,--,11,8272,买盘
2353,10:47:30,7.52,--,5,3760,买盘
2354,10:47:27,7.52,-0.01,4,3008,中性盘
2355,10:47:18,7.53,0.01,42,31686,买盘
2356,10:47:15,7.52,-0.01,28,21056,卖盘
2357,10:47:06,7.53,0.01,147,110691,买盘
2358,10:47:03,7.52,-0.01,4,3008,卖盘
2359,10:47:00,7.53,--,2,1506,买盘
2360,10:46:54,7.53,--,26,19578,买盘
2361,10:46:51,7.53,--,12,9036,买盘
2362,10:46:45,7.53,--,3,2259,买盘
2363,10:46:42,7.53,--,5,3765,买盘
2364,10:46:36,7.53,--,28,21084,买盘
2365,10:46:33,7.53,0.01,147,110691,买盘
2366,10:46:30,7.52,-0.01,2,1504,卖盘
2367,10:46:27,7.53,0.01,13,9789,买盘
2368,10:46:24,7.52,-0.01,7,5264,卖盘
2369,10:46:18,7.53,0.01,2,1506,买盘
2370,10:46:15,7.52,-0.01,23,17296,卖盘
2371,10:46:06,7.53,0.01,149,112197,买盘
2372,10:46:03,7.52,0.01,92,69875,买盘
2373,10:46:00,7.51,-0.01,389,292139,卖盘
2374,10:45:57,7.52,--,2,1504,买盘
2375,10:45:54,7.52,--,33,24816,买盘
2376,10:45:51,7.52,--,55,41360,买盘
2377,10:45:45,7.52,--,1,752,买盘
2378,10:45:39,7.52,--,8,6016,买盘
2379,10:45:36,7.52,--,28,21056,买盘
2380,10:45:33,7.52,0.01,210,157920,买盘
2381,10:45:30,7.51,--,14,10514,卖盘
2382,10:45:27,7.51,-0.01,3,2253,卖盘
2383,10:45:24,7.52,0.01,13,9776,买盘
2384,10:45:21,7.51,-0.01,26,19526,卖盘
2385,10:45:18,7.52,--,246,184992,买盘
2386,10:45:15,7.52,--,500,376000,买盘
2387,10:45:09,7.52,--,2,1504,买盘
2388,10:45:03,7.52,0.01,41,30832,买盘
2389,10:45:00,7.51,-0.01,4,3004,卖盘
2390,10:44:54,7.52,--,2,1504,买盘
2391,10:44:48,7.52,--,3,2256,买盘
2392,10:44:45,7.52,--,3,2256,买盘
2393,10:44:42,7.52,--,1,752,买盘
2394,10:44:39,7.52,0.01,2,1504,买盘
2395,10:44:36,7.51,-0.01,27,20277,卖盘
2396,10:44:33,7.52,0.01,214,160928,买盘
2397,10:44:30,7.51,--,219,164469,卖盘
2398,10:44:27,7.51,-0.01,15,11265,卖盘
2399,10:44:21,7.52,0.01,3,2256,买盘
2400,10:44:18,7.51,--,6,4506,卖盘
2401,10:44:12,7.51,--,1,751,卖盘
2402,10:44:09,7.51,--,1,751,卖盘
2403,10:44:06,7.51,-0.01,30,22530,卖盘
2404,10:44:03,7.52,--,9,6768,买盘
2405,10:43:54,7.52,--,3,2256,买盘
2406,10:43:51,7.52,--,6,4512,买盘
2407,10:43:45,7.52,--,1,752,买盘
2408,10:43:42,7.52,0.01,4,3008,买盘
2409,10:43:39,7.51,-0.01,10,7510,卖盘
2410,10:43:36,7.52,--,145,109040,买盘
2411,10:43:33,7.52,0.01,1,752,买盘
2412,10:43:30,7.51,-0.01,4,3004,卖盘
2413,10:43:27,7.52,--,6,4512,买盘
2414,10:43:24,7.52,--,105,78960,买盘
2415,10:43:18,7.52,--,90,67680,买盘
2416,10:43:12,7.52,--,3,2256,买盘
2417,10:43:09,7.52,--,6,4512,买盘
2418,10:43:06,7.52,0.01,144,108288,买盘
2419,10:43:03,7.51,--,1,751,卖盘
2420,10:43:00,7.51,-0.01,14,10514,卖盘
2421,10:42:57,7.52,--,185,139120,买盘
2422,10:42:54,7.52,--,7,5264,买盘
2423,10:42:48,7.52,--,3,2256,买盘
2424,10:42:45,7.52,--,1,752,买盘
2425,10:42:39,7.52,0.01,139,104528,买盘
2426,10:42:36,7.51,--,2,1502,卖盘
2427,10:42:33,7.51,--,1,751,卖盘
2428,10:42:30,7.51,--,4,3004,卖盘
2429,10:42:27,7.51,-0.01,11,8261,卖盘
2430,10:42:24,7.52,--,9,6768,买盘
2431,10:42:15,7.52,--,5,3760,买盘
2432,10:42:12,7.52,--,150,112800,买盘
2433,10:42:09,7.52,--,184,138368,买盘
2434,10:42:06,7.52,0.01,105,78960,买盘
2435,10:42:03,7.51,--,10,7510,卖盘
2436,10:42:00,7.51,-0.01,4,3004,卖盘
2437,10:41:57,7.52,--,2,1504,买盘
2438,10:41:54,7.52,--,58,43616,买盘
2439,10:41:51,7.52,--,16,12032,买盘
2440,10:41:48,7.52,--,185,139120,买盘
2441,10:41:45,7.52,--,1,752,买盘
2442,10:41:33,7.52,--,5,3760,买盘
2443,10:41:27,7.52,--,13,9776,买盘
2444,10:41:24,7.52,--,38,28576,买盘
2445,10:41:21,7.52,--,6,4512,买盘
2446,10:41:18,7.52,0.01,3,2256,买盘
2447,10:41:15,7.51,-0.01,1,751,卖盘
2448,10:41:09,7.52,--,151,113552,买盘
2449,10:41:06,7.52,--,7,5264,买盘
2450,10:41:03,7.52,0.01,85,63920,买盘
2451,10:41:00,7.51,-0.01,4,3004,卖盘
2452,10:40:54,7.52,--,12,9024,买盘
2453,10:40:48,7.52,--,100,75200,买盘
2454,10:40:45,7.52,--,19,14288,买盘
2455,10:40:42,7.52,--,6,4512,买盘
2456,10:40:39,7.52,0.01,190,142880,买盘
2457,10:40:36,7.51,--,7,5257,卖盘
2458,10:40:30,7.51,-0.01,142,106642,卖盘
2459,10:40:24,7.52,0.01,7,5264,买盘
2460,10:40:21,7.51,--,12,9012,卖盘
2461,10:40:18,7.51,--,100,75100,卖盘
2462,10:40:15,7.51,-0.01,74,55574,卖盘
2463,10:40:12,7.52,0.01,250,188000,买盘
2464,10:40:09,7.51,-0.01,155,116405,卖盘
2465,10:40:06,7.52,0.01,1,752,买盘
2466,10:40:03,7.51,0.01,69,51819,买盘
2467,10:40:00,7.5,-0.01,244,183000,卖盘
2468,10:39:57,7.51,--,184,138184,买盘
2469,10:39:54,7.51,0.01,107,80357,买盘
2470,10:39:51,7.5,-0.01,10,7500,卖盘
2471,10:39:48,7.51,--,5,3755,买盘
2472,10:39:45,7.51,0.01,24,18024,买盘
2473,10:39:36,7.5,-0.01,23,17250,卖盘
2474,10:39:33,7.51,0.01,226,169726,买盘
2475,10:39:30,7.5,--,5,3750,卖盘
2476,10:39:27,7.5,-0.01,5,3750,卖盘
2477,10:39:24,7.51,0.01,2,1502,买盘
2478,10:39:21,7.5,-0.01,5,3750,卖盘
2479,10:39:18,7.51,0.01,1,751,买盘
2480,10:39:15,7.5,-0.01,28,21000,卖盘
2481,10:39:12,7.51,--,22,16522,买盘
2482,10:39:09,7.51,0.01,1,751,买盘
2483,10:39:06,7.5,--,92,69000,卖盘
2484,10:39:03,7.5,--,2,1500,卖盘
2485,10:39:00,7.5,-0.02,54,40500,卖盘
2486,10:38:54,7.52,--,5,3760,买盘
2487,10:38:51,7.52,--,62,46624,买盘
2488,10:38:48,7.52,--,7,5264,买盘
2489,10:38:45,7.52,--,154,115808,买盘
2490,10:38:42,7.52,0.02,7,5264,买盘
2491,10:38:39,7.5,-0.02,6,4500,卖盘
2492,10:38:36,7.52,0.02,5,3760,买盘
2493,10:38:33,7.5,-0.02,28,21000,卖盘
2494,10:38:30,7.52,--,35,26320,买盘
2495,10:38:27,7.52,--,22,16544,买盘
2496,10:38:24,7.52,--,34,25568,买盘
2497,10:38:21,7.52,0.02,56,42112,买盘
2498,10:38:18,7.5,-0.02,301,225750,卖盘
2499,10:38:15,7.52,--,168,126336,买盘
2500,10:38:12,7.52,--,8,6016,中性盘
2501,10:38:06,7.52,0.02,1,752,买盘
2502,10:38:03,7.5,-0.01,29,21750,卖盘
2503,10:38:00,7.51,-0.02,12,9012,卖盘
2504,10:37:57,7.53,--,7,5271,买盘
2505,10:37:54,7.53,0.03,229,172437,买盘
2506,10:37:51,7.5,--,11,8250,卖盘
2507,10:37:48,7.5,-0.03,50,37500,卖盘
2508,10:37:45,7.53,--,25,18825,买盘
2509,10:37:42,7.53,0.02,162,121986,买盘
2510,10:37:39,7.51,--,17,12767,卖盘
2511,10:37:36,7.51,-0.02,407,305657,卖盘
2512,10:37:30,7.53,--,23,17319,买盘
2513,10:37:27,7.53,--,20,15060,买盘
2514,10:37:24,7.53,--,2,1506,买盘
2515,10:37:21,7.53,0.01,291,219123,买盘
2516,10:37:18,7.52,-0.01,3000,2256000,卖盘
2517,10:37:15,7.53,0.01,207,155871,买盘
2518,10:37:12,7.52,-0.01,11,8272,卖盘
2519,10:37:06,7.53,--,13,9789,买盘
2520,10:37:00,7.53,0.01,28,21084,买盘
2521,10:36:57,7.52,-0.01,10,7520,卖盘
2522,10:36:54,7.53,0.01,10,7530,买盘
2523,10:36:51,7.52,--,101,75952,卖盘
2524,10:36:45,7.52,-0.01,3,2256,卖盘
2525,10:36:42,7.53,0.01,2,1506,买盘
2526,10:36:39,7.52,-0.01,2,1504,卖盘
2527,10:36:36,7.53,-0.01,16,12048,卖盘
2528,10:36:33,7.54,--,154,116116,买盘
2529,10:36:30,7.54,--,36,27144,买盘
2530,10:36:27,7.54,--,330,248970,买盘
2531,10:36:24,7.54,--,19,14326,买盘
2532,10:36:21,7.54,0.01,14,10556,买盘
2533,10:36:18,7.53,--,4,3012,卖盘
2534,10:36:15,7.53,-0.01,11,8283,卖盘
2535,10:36:12,7.54,--,5,3770,买盘
2536,10:36:09,7.54,--,143,107822,买盘
2537,10:36:06,7.54,0.01,22,16588,买盘
2538,10:36:03,7.53,-0.01,154,115962,卖盘
2539,10:36:00,7.54,--,5,3770,买盘
2540,10:35:57,7.54,--,3,2262,买盘
2541,10:35:51,7.54,--,3,2262,买盘
2542,10:35:48,7.54,--,1,754,买盘
2543,10:35:45,7.54,--,5,3770,买盘
2544,10:35:39,7.54,--,113,85202,买盘
2545,10:35:36,7.54,--,7,5278,买盘
2546,10:35:33,7.54,0.01,14,10556,买盘
2547,10:35:30,7.53,-0.01,312,234936,卖盘
2548,10:35:27,7.54,--,11,8294,买盘
2549,10:35:24,7.54,0.01,6,4524,买盘
2550,10:35:21,7.53,-0.01,5,3765,卖盘
2551,10:35:18,7.54,0.01,3,2262,买盘
2552,10:35:15,7.53,--,7,5271,卖盘
2553,10:35:12,7.53,-0.01,10,8132,中性盘
2554,10:35:09,7.54,0.01,241,181714,买盘
2555,10:35:06,7.53,--,501,377253,买盘
2556,10:35:03,7.53,--,11,8283,买盘
2557,10:35:00,7.53,0.01,1,753,买盘
2558,10:34:57,7.52,-0.01,28,21056,卖盘
2559,10:34:54,7.53,--,53,39909,买盘
2560,10:34:51,7.53,--,2,1506,买盘
2561,10:34:48,7.53,--,2,1506,买盘
2562,10:34:45,7.53,--,5,3765,买盘
2563,10:34:42,7.53,--,15,11295,买盘
2564,10:34:39,7.53,--,14,10542,买盘
2565,10:34:36,7.53,--,1000,753000,买盘
2566,10:34:30,7.53,--,87,65511,买盘
2567,10:34:27,7.53,--,1,753,买盘
2568,10:34:24,7.53,0.01,2,1506,买盘
2569,10:34:21,7.52,--,65,48880,卖盘
2570,10:34:18,7.52,--,1,752,卖盘
2571,10:34:15,7.52,--,220,165440,卖盘
2572,10:34:12,7.52,--,1191,895632,买盘
2573,10:34:09,7.52,--,2,1504,买盘
2574,10:34:06,7.52,--,20,15040,买盘
2575,10:34:00,7.52,--,1,752,买盘
2576,10:33:57,7.52,--,1,752,买盘
2577,10:33:54,7.52,--,56,42112,买盘
2578,10:33:51,7.52,0.01,3,2256,买盘
2579,10:33:48,7.51,--,125,93875,卖盘
2580,10:33:45,7.51,--,3,2253,卖盘
2581,10:33:42,7.51,-0.01,85,63835,卖盘
2582,10:33:39,7.52,--,55,41360,买盘
2583,10:33:36,7.52,0.01,11,8272,买盘
2584,10:33:33,7.51,-0.01,84,63084,卖盘
2585,10:33:30,7.52,--,16,12032,买盘
2586,10:33:27,7.52,0.01,101,75952,买盘
2587,10:33:24,7.51,-0.01,18,13518,卖盘
2588,10:33:21,7.52,0.01,1,752,买盘
2589,10:33:15,7.51,--,3,2253,卖盘
2590,10:33:12,7.51,-0.01,2,1502,卖盘
2591,10:33:09,7.52,--,86,64671,买盘
2592,10:33:06,7.52,0.01,2,1504,买盘
2593,10:33:03,7.51,-0.01,2,1502,卖盘
2594,10:33:00,7.52,0.01,2,1504,买盘
2595,10:32:57,7.51,-0.01,10,7510,卖盘
2596,10:32:51,7.52,--,2,1504,买盘
2597,10:32:45,7.52,--,92,69184,买盘
2598,10:32:42,7.52,--,1,752,买盘
2599,10:32:39,7.52,--,1,752,买盘
2600,10:32:36,7.52,--,5,3760,买盘
2601,10:32:33,7.52,--,10,7520,买盘
2602,10:32:27,7.52,0.01,1,752,买盘
2603,10:32:24,7.51,-0.01,19,14269,卖盘
2604,10:32:21,7.52,--,100,75200,买盘
2605,10:32:15,7.52,0.01,54,40608,买盘
2606,10:32:09,7.51,-0.01,30,22530,卖盘
2607,10:32:06,7.52,0.01,1,752,买盘
2608,10:32:03,7.51,--,60,45060,卖盘
2609,10:32:00,7.51,--,1,751,卖盘
2610,10:31:57,7.51,--,78,58578,卖盘
2611,10:31:54,7.51,--,3,2253,卖盘
2612,10:31:51,7.51,--,14,10514,卖盘
2613,10:31:48,7.51,--,6,4506,卖盘
2614,10:31:45,7.51,-0.01,3,2253,卖盘
2615,10:31:36,7.52,--,3,2256,买盘
2616,10:31:30,7.52,--,1,752,买盘
2617,10:31:27,7.52,0.01,1,752,买盘
2618,10:31:24,7.51,--,5,3755,卖盘
2619,10:31:21,7.51,-0.01,1,751,卖盘
2620,10:31:15,7.52,0.01,27,20304,买盘
2621,10:31:12,7.51,--,819,615069,买盘
2622,10:31:06,7.51,0.01,16,12016,买盘
2623,10:31:03,7.5,--,7,5250,卖盘
2624,10:31:00,7.5,--,7,5250,卖盘
2625,10:30:57,7.5,--,1,750,卖盘
2626,10:30:54,7.5,-0.01,3,2250,卖盘
2627,10:30:51,7.51,0.01,5,3755,买盘
2628,10:30:48,7.5,--,182,137100,买盘
2629,10:30:45,7.5,--,39,29250,买盘
2630,10:30:42,7.5,--,3,2250,买盘
2631,10:30:39,7.5,--,20,15000,买盘
2632,10:30:36,7.5,--,3,2250,买盘
2633,10:30:33,7.5,--,100,75000,买盘
2634,10:30:30,7.5,--,156,117150,卖盘
2635,10:30:27,7.5,--,8,6000,卖盘
2636,10:30:24,7.5,--,11,8250,卖盘
2637,10:30:21,7.5,-0.01,74,55500,卖盘
2638,10:30:15,7.51,--,20,15020,买盘
2639,10:30:12,7.51,0.01,3,2253,买盘
2640,10:30:09,7.5,--,28,21000,卖盘
2641,10:30:06,7.5,--,14,11100,买盘
2642,10:30:03,7.5,--,56,42000,买盘
2643,10:30:00,7.5,--,65,48750,买盘
2644,10:29:54,7.5,--,70,52500,买盘
2645,10:29:51,7.5,--,2,1500,买盘
2646,10:29:48,7.5,--,6,4500,买盘
2647,10:29:45,7.5,--,9,6750,买盘
2648,10:29:42,7.5,-0.01,82,61650,卖盘
2649,10:29:39,7.51,--,5,3755,买盘
2650,10:29:36,7.51,--,1,751,买盘
2651,10:29:30,7.51,--,2,1502,买盘
2652,10:29:27,7.51,0.01,2,1502,买盘
2653,10:29:24,7.5,-0.01,3,2250,卖盘
2654,10:29:21,7.51,0.01,2,1502,买盘
2655,10:29:18,7.5,--,21,15750,卖盘
2656,10:29:15,7.5,--,32,24000,卖盘
2657,10:29:12,7.5,-0.01,70,52500,卖盘
2658,10:29:09,7.51,0.01,3,2253,买盘
2659,10:29:06,7.5,--,152,114000,卖盘
2660,10:29:03,7.5,--,1,750,卖盘
2661,10:29:00,7.5,--,5,3750,卖盘
2662,10:28:57,7.5,--,20,15000,卖盘
2663,10:28:54,7.5,-0.01,10,7500,卖盘
2664,10:28:51,7.51,--,16,12016,买盘
2665,10:28:48,7.51,--,10,7510,买盘
2666,10:28:45,7.51,--,1,751,买盘
2667,10:28:39,7.51,0.01,4,3004,买盘
2668,10:28:33,7.5,-0.01,184,138000,卖盘
2669,10:28:27,7.51,0.01,1,751,买盘
2670,10:28:24,7.5,-0.01,17,13350,卖盘
2671,10:28:21,7.51,0.01,23,17273,买盘
2672,10:28:18,7.5,-0.01,10,7500,卖盘
2673,10:28:15,7.51,0.01,5,3755,买盘
2674,10:28:12,7.5,--,39,29250,买盘
2675,10:28:09,7.5,--,2,1500,买盘
2676,10:28:03,7.5,--,184,138000,卖盘
2677,10:27:54,7.5,--,13,9750,卖盘
2678,10:27:51,7.5,-0.01,23,17250,卖盘
2679,10:27:48,7.51,--,2,1502,买盘
2680,10:27:45,7.51,--,131,98381,买盘
2681,10:27:42,7.51,0.01,48,36048,买盘
2682,10:27:36,7.5,--,1,750,卖盘
2683,10:27:33,7.5,--,11,8250,卖盘
2684,10:27:30,7.5,-0.01,169,126750,卖盘
2685,10:27:27,7.51,0.01,1,751,买盘
2686,10:27:24,7.5,-0.01,3,2250,卖盘
2687,10:27:21,7.51,--,7,5257,买盘
2688,10:27:18,7.51,0.01,21,15771,买盘
2689,10:27:15,7.5,-0.01,137,102750,卖盘
2690,10:27:12,7.51,--,5,3755,买盘
2691,10:27:03,7.51,--,4,3004,买盘
2692,10:27:00,7.51,0.01,12,9012,买盘
2693,10:26:57,7.5,-0.01,256,192000,卖盘
2694,10:26:54,7.51,--,31,23281,买盘
2695,10:26:48,7.51,--,5,3755,买盘
2696,10:26:45,7.51,0.01,6,4506,买盘
2697,10:26:42,7.5,--,61,45750,卖盘
2698,10:26:39,7.5,--,22,16500,卖盘
2699,10:26:36,7.5,-0.01,19,14250,卖盘
2700,10:26:33,7.51,0.01,45,33795,买盘
2701,10:26:30,7.5,-0.01,81,60750,卖盘
2702,10:26:27,7.51,0.01,40,30040,买盘
2703,10:26:24,7.5,-0.01,3,2250,卖盘
2704,10:26:21,7.51,0.01,18,13518,买盘
2705,10:26:18,7.5,--,55,41250,卖盘
2706,10:26:15,7.5,-0.01,30,22500,卖盘
2707,10:26:12,7.51,--,20,15020,买盘
2708,10:26:09,7.51,0.01,20,15020,买盘
2709,10:26:06,7.5,-0.01,207,155250,卖盘
2710,10:26:03,7.51,0.01,4,3004,买盘
2711,10:26:00,7.5,--,100,75000,卖盘
2712,10:25:54,7.5,-0.01,6,4500,卖盘
2713,10:25:51,7.51,--,16,12016,买盘
2714,10:25:45,7.51,0.01,4,3004,买盘
2715,10:25:42,7.5,--,2,1500,卖盘
2716,10:25:39,7.5,--,54,40500,卖盘
2717,10:25:36,7.5,-0.01,99,74250,卖盘
2718,10:25:33,7.51,--,4,3004,买盘
2719,10:25:30,7.51,--,10,7510,买盘
2720,10:25:27,7.51,0.01,1,751,买盘
2721,10:25:24,7.5,-0.01,4,3000,卖盘
2722,10:25:21,7.51,--,8,6008,买盘
2723,10:25:18,7.51,--,26,19526,买盘
2724,10:25:15,7.51,--,100,75100,买盘
2725,10:25:06,7.51,--,29,21779,买盘
2726,10:25:03,7.51,0.01,4,3004,买盘
2727,10:25:00,7.5,--,10,7500,卖盘
2728,10:24:57,7.5,--,10,7500,卖盘
2729,10:24:54,7.5,-0.01,6,4500,卖盘
2730,10:24:48,7.51,--,53,39803,买盘
2731,10:24:45,7.51,0.01,32,24032,买盘
2732,10:24:36,7.5,--,80,60000,卖盘
2733,10:24:33,7.5,--,15,11250,卖盘
2734,10:24:30,7.5,--,99,74250,卖盘
2735,10:24:27,7.5,-0.01,869,651750,卖盘
2736,10:24:24,7.51,--,23,17273,买盘
2737,10:24:21,7.51,0.01,59,44309,买盘
2738,10:24:18,7.5,--,1,750,卖盘
2739,10:24:15,7.5,--,15,11250,卖盘
2740,10:24:09,7.5,--,183,137250,卖盘
2741,10:24:06,7.5,-0.01,37,27750,卖盘
2742,10:24:03,7.51,0.01,19,14269,买盘
2743,10:23:57,7.5,-0.01,53,39750,卖盘
2744,10:23:54,7.51,--,14,10514,买盘
2745,10:23:48,7.51,--,10,7510,买盘
2746,10:23:45,7.51,--,41,30791,买盘
2747,10:23:42,7.51,0.01,50,37550,买盘
2748,10:23:36,7.5,-0.01,14,10500,卖盘
2749,10:23:33,7.51,--,4,3004,买盘
2750,10:23:30,7.51,--,1,751,买盘
2751,10:23:27,7.51,0.01,2,1502,买盘
2752,10:23:24,7.5,-0.01,3,2250,卖盘
2753,10:23:21,7.51,--,7,5257,买盘
2754,10:23:15,7.51,-0.01,21,15771,卖盘
2755,10:23:12,7.52,0.01,51,38352,买盘
2756,10:23:09,7.51,-0.01,116,87116,卖盘
2757,10:23:06,7.52,0.01,5,3760,买盘
2758,10:23:03,7.51,--,43,32293,卖盘
2759,10:23:00,7.51,-0.01,1,751,卖盘
2760,10:22:57,7.52,0.01,162,121824,买盘
2761,10:22:54,7.51,-0.01,17,12767,卖盘
2762,10:22:51,7.52,--,3,2256,买盘
2763,10:22:48,7.52,--,22,16544,买盘
2764,10:22:45,7.52,0.01,1,752,买盘
2765,10:22:42,7.51,--,12,9012,卖盘
2766,10:22:39,7.51,--,4,3004,卖盘
2767,10:22:36,7.51,0.01,1,751,买盘
2768,10:22:33,7.5,-0.01,5,3750,卖盘
2769,10:22:30,7.51,0.01,1,751,买盘
2770,10:22:27,7.5,-0.01,50,37500,卖盘
2771,10:22:24,7.51,--,10,7510,买盘
2772,10:22:21,7.51,-0.01,3,2253,买盘
2773,10:22:18,7.52,0.02,42,31584,买盘
2774,10:22:15,7.5,-0.01,3925,2943750,卖盘
2775,10:22:12,7.51,-0.01,24,18024,卖盘
2776,10:22:09,7.52,0.01,55,41360,买盘
2777,10:22:06,7.51,-0.01,26,19526,卖盘
2778,10:22:03,7.52,--,4,3008,买盘
2779,10:21:54,7.52,--,3,2256,买盘
2780,10:21:51,7.52,--,5,3760,买盘
2781,10:21:48,7.52,--,2,1504,买盘
2782,10:21:45,7.52,0.01,1,752,买盘
2783,10:21:42,7.51,-0.01,13,9763,卖盘
2784,10:21:39,7.52,0.01,77,57904,买盘
2785,10:21:36,7.51,-0.01,15,11265,卖盘
2786,10:21:33,7.52,0.01,5,3760,买盘
2787,10:21:27,7.51,-0.01,10,7510,卖盘
2788,10:21:24,7.52,--,3,2256,买盘
2789,10:21:21,7.52,--,7,5264,买盘
2790,10:21:15,7.52,--,2,1504,买盘
2791,10:21:12,7.52,--,6,4512,买盘
2792,10:21:06,7.52,--,15,11280,买盘
2793,10:21:03,7.52,--,4,3008,买盘
2794,10:20:57,7.52,--,44,33088,买盘
2795,10:20:51,7.52,--,2,1504,买盘
2796,10:20:48,7.52,0.01,74,55648,买盘
2797,10:20:45,7.51,--,149,111899,卖盘
2798,10:20:42,7.51,-0.01,3,2253,卖盘
2799,10:20:33,7.52,--,4,3008,买盘
2800,10:20:30,7.52,--,1,752,买盘
2801,10:20:24,7.52,--,2,1504,买盘
2802,10:20:21,7.52,0.01,7,5264,买盘
2803,10:20:18,7.51,--,19,14269,卖盘
2804,10:20:15,7.51,--,8,6008,卖盘
2805,10:20:12,7.51,-0.01,6,4506,卖盘
2806,10:20:09,7.52,--,49,36848,买盘
2807,10:20:06,7.52,--,52,39104,买盘
2808,10:20:03,7.52,--,5,3760,买盘
2809,10:20:00,7.52,--,1,752,买盘
2810,10:19:57,7.52,--,1,752,买盘
2811,10:19:48,7.52,--,2,1504,买盘
2812,10:19:45,7.52,0.01,5,3760,买盘
2813,10:19:42,7.51,--,295,221545,卖盘
2814,10:19:39,7.51,-0.01,26,19526,卖盘
2815,10:19:36,7.52,0.01,88,66176,买盘
2816,10:19:33,7.51,--,68,51068,卖盘
2817,10:19:30,7.51,-0.01,9,6759,卖盘
2818,10:19:24,7.52,0.01,24,18048,买盘
2819,10:19:21,7.51,-0.01,174,130674,卖盘
2820,10:19:18,7.52,0.01,3,2256,买盘
2821,10:19:15,7.51,-0.01,9,6759,卖盘
2822,10:19:12,7.52,--,6,4512,买盘
2823,10:19:06,7.52,--,1,752,买盘
2824,10:19:03,7.52,0.01,6,4512,买盘
2825,10:19:00,7.51,-0.01,14,10514,卖盘
2826,10:18:57,7.52,--,5,3760,买盘
2827,10:18:54,7.52,--,2,1504,买盘
2828,10:18:51,7.52,--,4,3008,买盘
2829,10:18:48,7.52,--,82,61664,买盘
2830,10:18:45,7.52,0.01,3,2256,买盘
2831,10:18:42,7.51,-0.01,8,6008,卖盘
2832,10:18:39,7.52,--,1,752,买盘
2833,10:18:36,7.52,--,21,15792,买盘
2834,10:18:33,7.52,--,9,6768,买盘
2835,10:18:27,7.52,--,9,6768,买盘
2836,10:18:24,7.52,--,32,24064,买盘
2837,10:18:21,7.52,--,19,14288,买盘
2838,10:18:18,7.52,0.01,4,3008,买盘
2839,10:18:12,7.51,-0.01,3,2253,卖盘
2840,10:18:09,7.52,--,20,15040,买盘
2841,10:18:06,7.52,--,2,1504,买盘
2842,10:18:03,7.52,--,4,3008,买盘
2843,10:18:00,7.52,0.01,1,752,买盘
2844,10:17:57,7.51,-0.01,1,751,卖盘
2845,10:17:54,7.52,0.01,7,5264,买盘
2846,10:17:51,7.51,-0.01,20,15020,卖盘
2847,10:17:48,7.52,--,6,4512,买盘
2848,10:17:45,7.52,0.01,3,2256,买盘
2849,10:17:42,7.51,--,176,132176,卖盘
2850,10:17:39,7.51,-0.01,30,22530,卖盘
2851,10:17:33,7.52,--,25,18800,买盘
2852,10:17:30,7.52,--,5,3760,买盘
2853,10:17:27,7.52,0.01,88,66176,买盘
2854,10:17:21,7.51,-0.01,31,23281,卖盘
2855,10:17:18,7.52,0.01,12,9024,买盘
2856,10:17:15,7.51,--,113,84863,卖盘
2857,10:17:12,7.51,--,3,2253,卖盘
2858,10:17:09,7.51,-0.01,20,15020,卖盘
2859,10:17:06,7.52,--,1,752,买盘
2860,10:17:03,7.52,--,19,14288,买盘
2861,10:17:00,7.52,--,17,12784,买盘
2862,10:16:54,7.52,0.01,4,3008,买盘
2863,10:16:51,7.51,-0.01,17,12767,卖盘
2864,10:16:48,7.52,-0.01,56,42112,卖盘
2865,10:16:45,7.53,0.01,49,36897,买盘
2866,10:16:42,7.52,-0.01,3,2256,卖盘
2867,10:16:39,7.53,--,4,3012,买盘
2868,10:16:36,7.53,--,1,753,买盘
2869,10:16:33,7.53,--,1,753,买盘
2870,10:16:30,7.53,0.01,102,76806,买盘
2871,10:16:27,7.52,--,1,752,买盘
2872,10:16:24,7.52,--,29,21808,买盘
2873,10:16:18,7.52,0.01,49,36848,买盘
2874,10:16:12,7.51,-0.01,3,2253,卖盘
2875,10:16:09,7.52,--,1,752,买盘
2876,10:16:06,7.52,0.01,1,752,买盘
2877,10:16:03,7.51,-0.01,12,9012,卖盘
2878,10:15:57,7.52,-0.01,1,752,中性盘
2879,10:15:54,7.53,0.01,12,9036,买盘
2880,10:15:51,7.52,--,0,488,卖盘
2881,10:15:48,7.52,0.01,21,16055,买盘
2882,10:15:45,7.51,-0.01,108,81108,卖盘
2883,10:15:42,7.52,--,190,142880,买盘
2884,10:15:39,7.52,--,3,2256,买盘
2885,10:15:36,7.52,--,3,2256,买盘
2886,10:15:33,7.52,--,4,3008,买盘
2887,10:15:30,7.52,-0.01,352,265192,卖盘
2888,10:15:27,7.53,--,31,23343,买盘
2889,10:15:24,7.53,0.01,21,15813,买盘
2890,10:15:21,7.52,-0.01,18,13536,卖盘
2891,10:15:18,7.53,0.01,45,33885,买盘
2892,10:15:15,7.52,--,446,335392,卖盘
2893,10:15:12,7.52,-0.01,19,14288,卖盘
2894,10:15:09,7.53,0.01,36,27108,买盘
2895,10:15:06,7.52,--,158,118816,卖盘
2896,10:15:03,7.52,--,2,1504,卖盘
2897,10:14:57,7.52,--,4,3008,卖盘
2898,10:14:51,7.52,-0.01,1,752,卖盘
2899,10:14:48,7.53,--,9,6777,买盘
2900,10:14:45,7.53,--,150,112950,买盘
2901,10:14:42,7.53,0.01,24,18072,买盘
2902,10:14:39,7.52,0.01,492,370247,买盘
2903,10:14:33,7.51,--,8,6008,卖盘
2904,10:14:30,7.51,-0.01,11,8261,卖盘
2905,10:14:27,7.52,--,1,752,买盘
2906,10:14:24,7.52,--,11,8272,买盘
2907,10:14:18,7.52,--,13,9776,买盘
2908,10:14:15,7.52,0.01,154,115808,买盘
2909,10:14:12,7.51,-0.01,3,2253,卖盘
2910,10:14:09,7.52,--,10,7520,买盘
2911,10:14:06,7.52,--,12,9024,买盘
2912,10:14:03,7.52,--,31,23312,买盘
2913,10:14:00,7.52,--,36,27072,买盘
2914,10:13:57,7.52,--,61,45872,买盘
2915,10:13:54,7.52,--,4,3008,买盘
2916,10:13:51,7.52,--,2,1504,买盘
2917,10:13:48,7.52,--,106,79712,买盘
2918,10:13:45,7.52,--,150,112800,买盘
2919,10:13:42,7.52,--,6,4512,买盘
2920,10:13:39,7.52,--,96,72192,买盘
2921,10:13:36,7.52,--,42,31584,买盘
2922,10:13:33,7.52,--,4,3008,买盘
2923,10:13:30,7.52,--,12,9024,买盘
2924,10:13:27,7.52,--,6,4512,买盘
2925,10:13:24,7.52,--,3,2256,买盘
2926,10:13:21,7.52,--,14,10528,买盘
2927,10:13:18,7.52,--,18,13536,买盘
2928,10:13:15,7.52,0.01,153,115056,买盘
2929,10:13:12,7.51,-0.01,3,2253,卖盘
2930,10:13:09,7.52,--,87,65423,买盘
2931,10:13:06,7.52,--,2,1504,买盘
2932,10:13:03,7.52,--,4,3008,买盘
2933,10:13:00,7.52,--,1,752,买盘
2934,10:12:54,7.52,--,6,4512,买盘
2935,10:12:51,7.52,--,101,75952,买盘
2936,10:12:48,7.52,--,9,6768,买盘
2937,10:12:45,7.52,0.01,150,112800,买盘
2938,10:12:42,7.51,--,28,21028,卖盘
2939,10:12:39,7.51,-0.01,254,190754,卖盘
2940,10:12:36,7.52,0.01,9,6768,买盘
2941,10:12:33,7.51,--,46,34546,卖盘
2942,10:12:27,7.51,-0.01,32,24032,卖盘
2943,10:12:24,7.52,0.01,133,100016,买盘
2944,10:12:21,7.51,-0.01,115,86365,卖盘
