,time,price,change,volume,amount,type
0,15:00:03,7.5,--,3468,2601000,买盘
1,14:57:00,7.5,--,26,19500,买盘
2,14:56:57,7.5,--,168,126000,买盘
3,14:56:54,7.5,0.01,137,102750,买盘
4,14:56:51,7.49,-0.01,8,5992,卖盘
5,14:56:48,7.5,--,86,64500,买盘
6,14:56:45,7.5,0.01,6,4500,买盘
7,14:56:42,7.49,-0.01,67,50183,卖盘
8,14:56:39,7.5,--,68,51000,买盘
9,14:56:36,7.5,--,119,89250,买盘
10,14:56:33,7.5,--,212,159000,买盘
11,14:56:30,7.5,--,53,39750,买盘
12,14:56:27,7.5,0.01,551,413250,买盘
13,14:56:24,7.49,-0.01,65,48685,卖盘
14,14:56:21,7.5,0.01,13,9750,买盘
15,14:56:18,7.49,--,56,41944,卖盘
16,14:56:15,7.49,--,100,74900,卖盘
17,14:56:12,7.49,-0.01,25,18725,卖盘
18,14:56:09,7.5,0.01,63,47250,买盘
19,14:56:06,7.49,-0.01,12,8988,卖盘
20,14:56:03,7.5,0.01,62,46500,买盘
21,14:56:00,7.49,--,137,102613,卖盘
22,14:55:57,7.49,--,373,279377,卖盘
23,14:55:54,7.49,-0.01,72,53928,卖盘
24,14:55:51,7.5,0.01,23,17250,买盘
25,14:55:48,7.49,--,81,60669,卖盘
26,14:55:45,7.49,--,803,601447,买盘
27,14:55:42,7.49,--,1004,751996,买盘
28,14:55:39,7.49,--,79,59171,买盘
29,14:55:36,7.49,--,171,128079,买盘
30,14:55:33,7.49,--,74,55426,买盘
31,14:55:30,7.49,0.01,87,65163,买盘
32,14:55:27,7.48,-0.01,75,56100,卖盘
33,14:55:24,7.49,--,17,12733,买盘
34,14:55:21,7.49,--,101,75649,买盘
35,14:55:18,7.49,--,125,93625,买盘
36,14:55:15,7.49,0.01,292,218708,买盘
37,14:55:12,7.48,-0.01,26,19448,卖盘
38,14:55:09,7.49,--,14,10486,买盘
39,14:55:06,7.49,--,118,88382,买盘
40,14:55:03,7.49,--,148,110852,买盘
41,14:55:00,7.49,--,167,125083,买盘
42,14:54:57,7.49,--,41,30709,买盘
43,14:54:54,7.49,--,79,59171,买盘
44,14:54:51,7.49,--,92,68908,买盘
45,14:54:48,7.49,--,67,50183,买盘
46,14:54:45,7.49,0.01,41,30709,买盘
47,14:54:42,7.48,-0.01,223,166804,卖盘
48,14:54:39,7.49,--,175,131104,买盘
49,14:54:36,7.49,--,307,229943,买盘
50,14:54:33,7.49,0.01,91,68159,买盘
51,14:54:30,7.48,-0.01,110,82280,卖盘
52,14:54:27,7.49,0.01,9,6741,买盘
53,14:54:24,7.48,-0.01,112,83776,卖盘
54,14:54:21,7.49,--,29,21721,买盘
55,14:54:18,7.49,--,53,39697,买盘
56,14:54:15,7.49,--,205,153545,买盘
57,14:54:12,7.49,--,84,62916,买盘
58,14:54:09,7.49,--,110,82390,买盘
59,14:54:06,7.49,--,113,84637,买盘
60,14:54:03,7.49,--,176,131824,买盘
61,14:54:00,7.49,--,37,27713,买盘
62,14:53:57,7.49,--,10,7490,买盘
63,14:53:54,7.49,0.01,41,30709,买盘
64,14:53:51,7.48,--,46,34408,卖盘
65,14:53:48,7.48,--,203,151844,卖盘
66,14:53:45,7.48,-0.01,27,20196,卖盘
67,14:53:42,7.49,0.01,77,57673,买盘
68,14:53:39,7.48,--,23,17204,卖盘
69,14:53:36,7.48,--,171,127908,卖盘
70,14:53:33,7.48,-0.01,29,21692,卖盘
71,14:53:30,7.49,0.01,76,56924,买盘
72,14:53:27,7.48,--,213,159324,卖盘
73,14:53:24,7.48,-0.01,318,237864,卖盘
74,14:53:21,7.49,--,257,192493,买盘
75,14:53:18,7.49,--,141,105609,买盘
76,14:53:15,7.49,--,1,749,买盘
77,14:53:12,7.49,--,116,86884,买盘
78,14:53:09,7.49,--,123,92127,买盘
79,14:53:06,7.49,0.01,30,22470,买盘
80,14:53:03,7.48,-0.01,160,119680,卖盘
81,14:53:00,7.49,0.01,65,48685,买盘
82,14:52:57,7.48,--,462,345576,卖盘
83,14:52:54,7.48,-0.01,394,294712,卖盘
84,14:52:51,7.49,--,30,22470,买盘
85,14:52:48,7.49,--,49,36701,买盘
86,14:52:45,7.49,--,8,5992,买盘
87,14:52:42,7.49,--,120,89880,买盘
88,14:52:39,7.49,--,28,20972,买盘
89,14:52:36,7.49,--,209,156541,买盘
90,14:52:33,7.49,0.01,204,152796,买盘
91,14:52:30,7.48,--,1409,1053932,卖盘
92,14:52:27,7.48,--,87,65076,卖盘
93,14:52:24,7.48,-0.01,131,97988,卖盘
94,14:52:21,7.49,--,35,26215,买盘
95,14:52:18,7.49,--,25,18725,买盘
96,14:52:15,7.49,--,24,17976,买盘
97,14:52:12,7.49,--,65,48685,买盘
98,14:52:09,7.49,--,56,41944,买盘
99,14:52:06,7.49,--,24,17976,买盘
100,14:52:03,7.49,--,43,32207,买盘
101,14:52:00,7.49,--,121,90629,买盘
102,14:51:57,7.49,--,85,63665,买盘
103,14:51:54,7.49,--,21,15729,买盘
104,14:51:51,7.49,--,200,149800,买盘
105,14:51:48,7.49,--,7,5243,买盘
106,14:51:45,7.49,--,21,15729,买盘
107,14:51:42,7.49,--,10,7490,买盘
108,14:51:39,7.49,--,87,65163,卖盘
109,14:51:36,7.49,--,104,77896,卖盘
110,14:51:33,7.49,-0.01,81,60669,中性盘
111,14:51:30,7.5,--,202,151500,买盘
112,14:51:27,7.5,0.01,118,88500,买盘
113,14:51:24,7.49,--,198,148302,卖盘
114,14:51:21,7.49,0.01,209,156541,买盘
115,14:51:18,7.48,-0.01,113,84524,卖盘
116,14:51:15,7.49,0.01,258,193242,买盘
117,14:51:12,7.48,-0.01,50,37400,卖盘
118,14:51:09,7.49,--,97,72653,买盘
119,14:51:06,7.49,--,13,9737,买盘
120,14:51:03,7.49,--,85,63665,买盘
121,14:51:00,7.49,--,87,65163,买盘
122,14:50:57,7.49,--,127,95123,买盘
123,14:50:54,7.49,--,50,37450,买盘
124,14:50:51,7.49,--,41,30709,买盘
125,14:50:48,7.49,-0.01,16,11984,中性盘
126,14:50:45,7.5,0.01,42,31500,买盘
127,14:50:42,7.49,0.01,110,82390,中性盘
128,14:50:39,7.48,--,38,28424,卖盘
129,14:50:36,7.48,-0.02,128,95744,卖盘
130,14:50:33,7.5,--,169,126750,买盘
131,14:50:30,7.5,0.02,17,12750,买盘
132,14:50:27,7.48,-0.01,100,74800,卖盘
133,14:50:24,7.49,--,39,29211,买盘
134,14:50:21,7.49,--,53,39697,买盘
135,14:50:18,7.49,--,42,31458,买盘
136,14:50:15,7.49,0.01,30,22470,买盘
137,14:50:12,7.48,-0.01,75,56100,卖盘
138,14:50:09,7.49,--,185,138565,买盘
139,14:50:06,7.49,--,14,10486,买盘
140,14:50:03,7.49,--,197,147553,买盘
141,14:50:00,7.49,0.01,88,65912,买盘
142,14:49:57,7.48,-0.01,78,58344,卖盘
143,14:49:54,7.49,--,30,22470,买盘
144,14:49:51,7.49,--,209,156541,买盘
145,14:49:48,7.49,--,2,1498,买盘
146,14:49:45,7.49,0.01,16,11984,买盘
147,14:49:42,7.48,-0.01,9,6732,卖盘
148,14:49:39,7.49,--,183,137067,买盘
149,14:49:36,7.49,--,201,150549,卖盘
150,14:49:33,7.49,-0.01,218,163282,卖盘
151,14:49:27,7.5,0.01,26,19500,买盘
152,14:49:24,7.49,-0.01,452,338548,卖盘
153,14:49:21,7.5,0.01,12,9000,买盘
154,14:49:18,7.49,-0.01,58,43442,卖盘
155,14:49:15,7.5,--,90,67500,买盘
156,14:49:12,7.5,0.01,22,16500,买盘
157,14:49:09,7.49,--,74,55426,卖盘
158,14:49:06,7.49,--,29,21721,卖盘
159,14:49:03,7.49,--,6,4494,卖盘
160,14:49:00,7.49,--,24,17976,卖盘
161,14:48:57,7.49,--,58,43442,卖盘
162,14:48:54,7.49,--,30,22470,卖盘
163,14:48:51,7.49,--,30,22470,卖盘
164,14:48:48,7.49,-0.01,481,360269,卖盘
165,14:48:45,7.5,0.01,27,20250,买盘
166,14:48:42,7.49,-0.01,78,58422,卖盘
167,14:48:39,7.5,0.01,184,138000,买盘
168,14:48:36,7.49,--,79,59171,卖盘
169,14:48:33,7.49,-0.01,308,230692,卖盘
170,14:48:30,7.5,--,2,1500,买盘
171,14:48:27,7.5,0.01,19,14250,买盘
172,14:48:24,7.49,--,23,17227,卖盘
173,14:48:21,7.49,-0.01,51,38199,卖盘
174,14:48:18,7.5,--,70,52500,买盘
175,14:48:15,7.5,0.01,13,9750,买盘
176,14:48:12,7.49,-0.01,299,223951,卖盘
177,14:48:09,7.5,0.01,39,29250,买盘
178,14:48:03,7.49,-0.01,61,45689,卖盘
179,14:48:00,7.5,0.01,26,19500,买盘
180,14:47:57,7.49,--,96,71904,卖盘
181,14:47:54,7.49,-0.01,387,289863,卖盘
182,14:47:51,7.5,0.01,15,11250,买盘
183,14:47:48,7.49,--,209,156541,卖盘
184,14:47:45,7.49,-0.01,30,22470,卖盘
185,14:47:42,7.5,0.01,329,246750,买盘
186,14:47:39,7.49,-0.01,1,749,卖盘
187,14:47:36,7.5,--,6,4500,买盘
188,14:47:33,7.5,0.01,62,46500,买盘
189,14:47:30,7.49,-0.01,78,58422,卖盘
190,14:47:27,7.5,--,15,11250,买盘
191,14:47:24,7.5,0.01,146,109500,买盘
192,14:47:21,7.49,-0.01,63,47187,卖盘
193,14:47:18,7.5,0.01,46,34500,买盘
194,14:47:15,7.49,-0.01,175,131075,卖盘
195,14:47:12,7.5,0.01,449,336750,买盘
196,14:47:09,7.49,--,8,5992,卖盘
197,14:47:06,7.49,-0.01,67,50183,卖盘
198,14:47:03,7.5,0.01,66,49500,买盘
199,14:47:00,7.49,--,120,89880,卖盘
200,14:46:57,7.49,--,33,24717,卖盘
201,14:46:54,7.49,-0.01,101,75649,卖盘
202,14:46:51,7.5,0.01,10,7500,买盘
203,14:46:48,7.49,--,67,50183,卖盘
204,14:46:45,7.49,0.01,77,57673,买盘
205,14:46:42,7.48,-0.01,328,245344,卖盘
206,14:46:39,7.49,--,38,28462,卖盘
207,14:46:36,7.49,--,183,137067,卖盘
208,14:46:33,7.49,0.01,92,68908,卖盘
209,14:46:30,7.48,-0.01,418,312664,卖盘
210,14:46:27,7.49,--,22,16478,买盘
211,14:46:24,7.49,0.01,87,65163,中性盘
212,14:46:21,7.48,-0.01,21,15708,卖盘
213,14:46:18,7.49,--,168,125832,买盘
214,14:46:15,7.49,0.01,179,134071,买盘
215,14:46:12,7.48,--,748,559504,卖盘
216,14:46:09,7.48,-0.01,25,18700,卖盘
217,14:46:06,7.49,--,18,13482,买盘
218,14:46:03,7.49,--,122,91378,买盘
219,14:46:00,7.49,--,117,87633,买盘
220,14:45:57,7.49,--,388,290612,卖盘
221,14:45:54,7.49,--,27,20223,卖盘
222,14:45:51,7.49,--,26,19474,卖盘
223,14:45:48,7.49,-0.01,79,59171,卖盘
224,14:45:45,7.5,0.01,42,31500,买盘
225,14:45:42,7.49,--,336,251664,卖盘
226,14:45:39,7.49,-0.01,1,749,卖盘
227,14:45:36,7.5,0.01,17,12750,买盘
228,14:45:33,7.49,-0.01,418,313082,卖盘
229,14:45:30,7.5,--,113,84750,买盘
230,14:45:27,7.5,0.01,32,24000,买盘
231,14:45:24,7.49,-0.01,28,20972,卖盘
232,14:45:21,7.5,0.01,15,11250,买盘
233,14:45:18,7.49,-0.01,159,119091,卖盘
234,14:45:15,7.5,0.01,33,24750,买盘
235,14:45:12,7.49,-0.01,83,62167,卖盘
236,14:45:09,7.5,--,26,19500,买盘
237,14:45:06,7.5,0.01,6,4500,买盘
238,14:45:03,7.49,-0.01,166,124334,卖盘
239,14:45:00,7.5,--,102,76500,买盘
240,14:44:57,7.5,0.01,8,6000,买盘
241,14:44:54,7.49,-0.01,169,126581,卖盘
242,14:44:48,7.5,--,2,1500,买盘
243,14:44:45,7.5,0.01,22,16500,买盘
244,14:44:42,7.49,-0.01,344,257656,卖盘
245,14:44:39,7.5,--,43,32250,买盘
246,14:44:36,7.5,0.01,19,14250,买盘
247,14:44:33,7.49,-0.01,445,333305,卖盘
248,14:44:30,7.5,0.01,13,9750,买盘
249,14:44:27,7.49,-0.01,88,65912,卖盘
250,14:44:24,7.5,--,18,13500,买盘
251,14:44:18,7.5,0.01,36,27000,买盘
252,14:44:15,7.49,--,64,47936,卖盘
253,14:44:12,7.49,-0.01,85,63665,卖盘
254,14:44:09,7.5,0.01,220,165000,买盘
255,14:44:06,7.49,--,44,32956,卖盘
256,14:44:03,7.49,--,83,62167,卖盘
257,14:44:00,7.49,--,85,63665,卖盘
258,14:43:57,7.49,--,181,136055,买盘
259,14:43:54,7.49,--,111,83139,买盘
260,14:43:51,7.49,--,32,23968,买盘
261,14:43:48,7.49,--,227,170285,卖盘
262,14:43:45,7.49,--,39,29211,卖盘
263,14:43:42,7.49,-0.01,368,275632,卖盘
264,14:43:39,7.5,--,223,167250,买盘
265,14:43:36,7.5,0.01,53,39750,买盘
266,14:43:33,7.49,--,412,308588,卖盘
267,14:43:30,7.49,-0.01,135,101115,卖盘
268,14:43:27,7.5,0.01,31,23250,买盘
269,14:43:24,7.49,--,184,137816,卖盘
270,14:43:21,7.49,-0.01,9,6741,卖盘
271,14:43:18,7.5,0.01,31,23250,买盘
272,14:43:15,7.49,--,55,41195,卖盘
273,14:43:12,7.49,--,21,15729,卖盘
274,14:43:09,7.49,--,178,133322,卖盘
275,14:43:06,7.49,--,87,65163,卖盘
276,14:43:03,7.49,-0.01,78,58422,卖盘
277,14:43:00,7.5,--,172,129000,买盘
278,14:42:57,7.5,0.01,132,99000,买盘
279,14:42:54,7.49,-0.01,178,133322,卖盘
280,14:42:51,7.5,0.01,9,6750,买盘
281,14:42:48,7.49,-0.01,88,65912,卖盘
282,14:42:45,7.5,0.01,35,26250,买盘
283,14:42:42,7.49,--,372,278628,卖盘
284,14:42:39,7.49,-0.01,3,2247,卖盘
285,14:42:36,7.5,--,121,90750,买盘
286,14:42:33,7.5,0.01,530,397500,买盘
287,14:42:30,7.49,-0.01,23,17227,卖盘
288,14:42:27,7.5,--,141,105750,买盘
289,14:42:24,7.5,--,215,161250,买盘
290,14:42:21,7.5,--,5,3750,买盘
291,14:42:18,7.5,0.01,48,36000,买盘
292,14:42:15,7.49,--,117,87633,卖盘
293,14:42:12,7.49,--,254,190246,卖盘
294,14:42:09,7.49,--,83,62167,卖盘
295,14:42:06,7.49,-0.01,307,229943,卖盘
296,14:42:03,7.5,--,167,125250,买盘
297,14:42:00,7.5,0.01,240,180000,买盘
298,14:41:57,7.49,--,31,23219,卖盘
299,14:41:54,7.49,-0.01,306,229194,卖盘
300,14:41:51,7.5,--,77,57750,买盘
301,14:41:48,7.5,0.01,33,24750,买盘
302,14:41:45,7.49,-0.01,358,268142,卖盘
303,14:41:42,7.5,0.01,170,127500,买盘
304,14:41:39,7.49,-0.01,341,255596,卖盘
305,14:41:36,7.5,0.01,19,14250,买盘
306,14:41:33,7.49,-0.01,67,50183,卖盘
307,14:41:30,7.5,0.01,39,29250,买盘
308,14:41:27,7.49,-0.01,518,387982,卖盘
309,14:41:24,7.5,0.01,41,30750,买盘
310,14:41:21,7.49,-0.01,82,61418,卖盘
311,14:41:18,7.5,--,15,11250,买盘
312,14:41:15,7.5,--,51,38250,卖盘
313,14:41:12,7.5,0.01,35,26250,买盘
314,14:41:09,7.49,-0.01,368,275632,卖盘
315,14:41:06,7.5,0.01,6,4500,中性盘
316,14:41:03,7.49,-0.01,171,128079,卖盘
317,14:41:00,7.5,--,9,6750,卖盘
318,14:40:57,7.5,-0.01,41,30750,中性盘
319,14:40:54,7.51,0.01,808,606808,买盘
320,14:40:51,7.5,--,253,189750,卖盘
321,14:40:48,7.5,--,68,51300,买盘
322,14:40:45,7.5,0.01,314,235500,买盘
323,14:40:42,7.49,-0.01,16,11984,卖盘
324,14:40:39,7.5,--,643,482250,买盘
325,14:40:36,7.5,0.01,350,262500,买盘
326,14:40:33,7.49,--,389,291361,卖盘
327,14:40:30,7.49,--,260,194740,卖盘
328,14:40:27,7.49,--,35,26215,卖盘
329,14:40:24,7.49,-0.01,30,22470,卖盘
330,14:40:21,7.5,0.01,6,4500,买盘
331,14:40:18,7.49,-0.01,100,74900,卖盘
332,14:40:15,7.5,0.01,46,34500,买盘
333,14:40:12,7.49,-0.01,3,2247,卖盘
334,14:40:09,7.5,0.01,37,27750,买盘
335,14:40:06,7.49,--,10,7490,卖盘
336,14:40:03,7.49,-0.01,83,62167,卖盘
337,14:40:00,7.5,0.01,92,69000,买盘
338,14:39:57,7.49,--,200,149800,卖盘
339,14:39:54,7.49,-0.01,13,9737,卖盘
340,14:39:51,7.5,--,123,92250,买盘
341,14:39:48,7.5,0.01,178,133500,买盘
342,14:39:45,7.49,--,37,27713,卖盘
343,14:39:42,7.49,--,7,5243,卖盘
344,14:39:39,7.49,--,9,6741,卖盘
345,14:39:36,7.49,--,408,305592,卖盘
346,14:39:33,7.49,--,65,48685,卖盘
347,14:39:30,7.49,--,5,3745,卖盘
348,14:39:27,7.49,-0.01,137,102613,卖盘
349,14:39:24,7.5,0.01,607,455250,买盘
350,14:39:21,7.49,--,374,280126,卖盘
351,14:39:18,7.49,--,175,131075,卖盘
352,14:39:15,7.49,--,75,56175,卖盘
353,14:39:12,7.49,--,213,159537,卖盘
354,14:39:09,7.49,--,8,5992,卖盘
355,14:39:06,7.49,--,500,374500,卖盘
356,14:39:03,7.49,--,1799,1347451,买盘
357,14:39:00,7.49,-0.01,540,404460,卖盘
358,14:38:57,7.5,--,219,164250,买盘
359,14:38:54,7.5,--,56,42000,买盘
360,14:38:51,7.5,0.01,303,227250,买盘
361,14:38:48,7.49,--,344,257656,卖盘
362,14:38:45,7.49,--,72,53928,卖盘
363,14:38:42,7.49,-0.01,339,253911,卖盘
364,14:38:39,7.5,0.01,629,471750,买盘
365,14:38:36,7.49,--,505,378245,卖盘
366,14:38:33,7.49,--,296,221704,买盘
367,14:38:30,7.49,-0.01,431,322819,卖盘
368,14:38:27,7.5,--,80,60000,买盘
369,14:38:24,7.5,0.01,29,21750,买盘
370,14:38:21,7.49,0.01,83,62167,卖盘
371,14:38:18,7.48,-0.01,281,210188,卖盘
372,14:38:15,7.49,--,1038,777462,买盘
373,14:38:12,7.49,--,1733,1298017,卖盘
374,14:38:09,7.49,--,18,13482,卖盘
375,14:38:06,7.49,-0.01,250,187250,卖盘
376,14:38:03,7.5,0.01,74,55500,买盘
377,14:38:00,7.49,-0.01,174,130326,卖盘
378,14:37:57,7.5,0.01,20,15000,买盘
379,14:37:54,7.49,--,156,116844,卖盘
380,14:37:51,7.49,--,76,56924,卖盘
381,14:37:48,7.49,-0.01,46,34454,卖盘
382,14:37:45,7.5,0.02,127,95250,买盘
383,14:37:42,7.48,-0.01,17,12716,卖盘
384,14:37:39,7.49,0.01,7,5243,买盘
385,14:37:36,7.48,-0.01,276,206448,卖盘
386,14:37:33,7.49,-0.01,344,257656,卖盘
387,14:37:30,7.5,0.01,413,309750,买盘
388,14:37:27,7.49,--,1032,772968,卖盘
389,14:37:24,7.49,-0.01,2356,1764644,卖盘
390,14:37:21,7.5,0.01,28,21000,买盘
391,14:37:18,7.49,-0.01,155,116095,卖盘
392,14:37:15,7.5,--,130,97500,买盘
393,14:37:12,7.5,--,41,30750,买盘
394,14:37:09,7.5,0.01,71,53250,买盘
395,14:37:06,7.49,--,277,207473,卖盘
396,14:37:03,7.49,-0.01,237,177513,卖盘
397,14:37:00,7.5,--,30,22500,买盘
398,14:36:57,7.5,0.01,147,110250,买盘
399,14:36:54,7.49,-0.01,2,1498,卖盘
400,14:36:51,7.5,0.01,65,48750,买盘
401,14:36:48,7.49,-0.01,130,97370,卖盘
402,14:36:45,7.5,0.01,134,100500,买盘
403,14:36:42,7.49,-0.01,756,566244,卖盘
404,14:36:39,7.5,--,1460,1095037,卖盘
405,14:36:36,7.5,--,3404,2553000,卖盘
406,14:36:33,7.5,--,552,414000,卖盘
407,14:36:30,7.5,--,459,344250,卖盘
408,14:36:27,7.5,-0.01,257,192750,卖盘
409,14:36:24,7.51,0.01,796,597796,买盘
410,14:36:21,7.5,--,782,586500,卖盘
411,14:36:18,7.5,--,1242,931500,卖盘
412,14:36:15,7.5,--,3291,2468250,卖盘
413,14:36:12,7.5,--,2735,2051250,卖盘
414,14:36:09,7.5,--,658,493500,卖盘
415,14:36:06,7.5,-0.01,1453,1089750,卖盘
416,14:36:03,7.51,0.01,1270,953770,买盘
417,14:36:00,7.5,-0.01,2179,1634250,卖盘
418,14:35:57,7.51,0.01,128,96128,买盘
419,14:35:54,7.5,--,80,60000,卖盘
420,14:35:51,7.5,-0.01,4,3000,卖盘
421,14:35:48,7.51,0.01,13,9763,买盘
422,14:35:45,7.5,--,25,18750,卖盘
423,14:35:42,7.5,-0.01,28,21000,卖盘
424,14:35:39,7.51,0.01,131,98381,买盘
425,14:35:36,7.5,--,178,133500,卖盘
426,14:35:33,7.5,-0.01,163,122250,卖盘
427,14:35:30,7.51,--,18,13518,买盘
428,14:35:27,7.51,0.01,5,3755,买盘
429,14:35:24,7.5,--,20,15000,卖盘
430,14:35:21,7.5,--,7,5250,卖盘
431,14:35:18,7.5,--,61,45750,卖盘
432,14:35:15,7.5,--,18,13500,卖盘
433,14:35:12,7.5,-0.01,203,152250,卖盘
434,14:35:09,7.51,0.01,123,92373,买盘
435,14:35:06,7.5,--,320,240000,卖盘
436,14:35:03,7.5,-0.01,65,48750,卖盘
437,14:35:00,7.51,0.01,1,751,买盘
438,14:34:57,7.5,-0.01,3,2250,卖盘
439,14:34:54,7.51,--,12,9012,买盘
440,14:34:51,7.51,0.01,137,102887,买盘
441,14:34:48,7.5,--,21,15750,卖盘
442,14:34:45,7.5,-0.01,184,138000,卖盘
443,14:34:42,7.51,-0.01,116,87116,卖盘
444,14:34:39,7.52,0.01,672,505344,买盘
445,14:34:36,7.51,0.01,1286,965786,买盘
446,14:34:33,7.5,-0.01,172,129000,卖盘
447,14:34:30,7.51,--,646,485146,买盘
448,14:34:27,7.51,0.01,1438,1079938,买盘
449,14:34:24,7.5,--,255,191250,卖盘
450,14:34:21,7.5,--,492,369000,卖盘
451,14:34:18,7.5,-0.01,33,24750,卖盘
452,14:34:15,7.51,--,91,68341,买盘
453,14:34:12,7.51,0.01,179,134429,买盘
454,14:34:09,7.5,--,357,267750,卖盘
455,14:34:06,7.5,-0.01,439,329250,卖盘
456,14:34:03,7.51,0.01,1221,916971,买盘
457,14:34:00,7.5,--,3126,2344500,卖盘
458,14:33:57,7.5,-0.01,3,2250,卖盘
459,14:33:54,7.51,0.01,33,24783,买盘
460,14:33:51,7.5,--,88,66000,卖盘
461,14:33:48,7.5,--,37,27750,卖盘
462,14:33:45,7.5,--,32,24000,卖盘
463,14:33:42,7.5,-0.01,12,9000,卖盘
464,14:33:39,7.51,--,198,148698,买盘
465,14:33:36,7.51,--,208,156208,买盘
466,14:33:33,7.51,0.01,69,51819,买盘
467,14:33:30,7.5,-0.01,107,80250,卖盘
468,14:33:27,7.51,0.01,59,44309,买盘
469,14:33:24,7.5,--,154,115500,卖盘
470,14:33:21,7.5,-0.01,434,325500,卖盘
471,14:33:18,7.51,--,23,17273,买盘
472,14:33:15,7.51,0.01,175,131425,买盘
473,14:33:12,7.5,--,433,324750,卖盘
474,14:33:09,7.5,-0.01,946,709500,卖盘
475,14:33:06,7.51,--,128,96128,卖盘
476,14:33:03,7.51,-0.01,264,198264,卖盘
477,14:33:00,7.52,0.01,17,12784,买盘
478,14:32:57,7.51,--,46,34546,卖盘
479,14:32:54,7.51,-0.01,147,110397,卖盘
480,14:32:51,7.52,0.01,158,118816,买盘
481,14:32:48,7.51,--,175,131425,卖盘
482,14:32:45,7.51,-0.01,115,86365,卖盘
483,14:32:42,7.52,--,44,33088,买盘
484,14:32:39,7.52,0.01,87,65423,买盘
485,14:32:36,7.51,-0.01,333,250083,卖盘
486,14:32:33,7.52,0.01,211,158672,买盘
487,14:32:30,7.51,--,29,21779,卖盘
488,14:32:27,7.51,--,23,17273,卖盘
489,14:32:24,7.51,-0.01,235,176485,卖盘
490,14:32:21,7.52,0.01,11,8272,买盘
491,14:32:18,7.51,--,153,114903,卖盘
492,14:32:15,7.51,--,260,195260,卖盘
493,14:32:12,7.51,--,269,202019,卖盘
494,14:32:09,7.51,--,1,751,卖盘
495,14:32:06,7.51,--,20,15020,卖盘
496,14:32:03,7.51,-0.01,60,45060,卖盘
497,14:32:00,7.52,0.01,6,4512,买盘
498,14:31:57,7.51,-0.01,2,1502,卖盘
499,14:31:54,7.52,0.01,6,4512,买盘
500,14:31:48,7.51,--,244,183244,卖盘
501,14:31:45,7.51,--,437,328187,卖盘
502,14:31:42,7.51,-0.01,6,4506,卖盘
503,14:31:39,7.52,0.01,35,26320,买盘
504,14:31:36,7.51,-0.01,26,19526,卖盘
505,14:31:33,7.52,--,43,32335,买盘
506,14:31:30,7.52,--,222,166944,买盘
507,14:31:27,7.52,0.01,82,61664,买盘
508,14:31:24,7.51,--,193,144943,卖盘
509,14:31:21,7.51,-0.01,27,20277,卖盘
510,14:31:18,7.52,--,11,8272,买盘
511,14:31:15,7.52,--,165,124080,买盘
512,14:31:12,7.52,--,188,141376,买盘
513,14:31:09,7.52,--,2,1504,买盘
514,14:31:06,7.52,0.01,30,22560,买盘
515,14:31:00,7.51,--,5,3755,卖盘
516,14:30:57,7.51,-0.01,47,35297,卖盘
517,14:30:54,7.52,--,20,15040,买盘
518,14:30:51,7.52,0.01,75,56400,买盘
519,14:30:48,7.51,--,25,18775,卖盘
520,14:30:42,7.51,--,197,147947,卖盘
521,14:30:39,7.51,-0.01,378,283878,卖盘
522,14:30:36,7.52,0.01,182,136864,买盘
523,14:30:33,7.51,-0.01,82,61582,卖盘
524,14:30:30,7.52,--,1,752,买盘
525,14:30:27,7.52,--,8,6016,买盘
526,14:30:24,7.52,--,26,19552,买盘
527,14:30:21,7.52,--,13,9776,买盘
528,14:30:18,7.52,0.01,9,6768,买盘
529,14:30:15,7.51,-0.01,274,205774,卖盘
530,14:30:12,7.52,--,34,25568,买盘
531,14:30:09,7.52,--,30,22560,买盘
532,14:30:06,7.52,--,89,66928,买盘
533,14:30:03,7.52,--,24,18048,买盘
534,14:30:00,7.52,0.01,294,221088,买盘
535,14:29:57,7.51,--,278,208778,卖盘
536,14:29:54,7.51,-0.01,57,42807,卖盘
537,14:29:51,7.52,--,9,6768,买盘
538,14:29:48,7.52,--,1,752,买盘
539,14:29:45,7.52,--,26,19552,买盘
540,14:29:42,7.52,--,230,172960,买盘
541,14:29:39,7.52,--,176,132352,买盘
542,14:29:36,7.52,0.01,12,9024,买盘
543,14:29:33,7.51,-0.01,52,39052,卖盘
544,14:29:30,7.52,--,23,17296,买盘
545,14:29:27,7.52,0.01,1,752,买盘
546,14:29:24,7.51,-0.01,172,129172,卖盘
547,14:29:21,7.52,--,233,175216,买盘
548,14:29:18,7.52,--,299,224848,买盘
549,14:29:15,7.52,0.01,323,242896,买盘
550,14:29:12,7.51,--,293,220043,卖盘
551,14:29:09,7.51,--,203,152453,卖盘
552,14:29:06,7.51,--,59,44309,卖盘
553,14:29:03,7.51,-0.01,200,150200,卖盘
554,14:29:00,7.52,0.01,17,12784,买盘
555,14:28:57,7.51,-0.01,106,79606,卖盘
556,14:28:54,7.52,0.01,265,199280,买盘
557,14:28:51,7.51,-0.01,27,20277,卖盘
558,14:28:48,7.52,0.01,4,3008,买盘
559,14:28:45,7.51,-0.01,102,76602,卖盘
560,14:28:42,7.52,--,51,38352,买盘
561,14:28:39,7.52,0.01,8,6016,买盘
562,14:28:36,7.51,--,68,51068,卖盘
563,14:28:33,7.51,--,158,118658,卖盘
564,14:28:30,7.51,--,193,144943,卖盘
565,14:28:27,7.51,--,709,532459,卖盘
566,14:28:24,7.51,-0.01,1521,1142271,卖盘
567,14:28:21,7.52,--,140,105280,买盘
568,14:28:18,7.52,0.01,209,157168,买盘
569,14:28:15,7.51,--,553,415303,卖盘
570,14:28:12,7.51,-0.01,1018,764518,卖盘
571,14:28:09,7.52,0.01,4,3008,买盘
572,14:28:06,7.51,-0.01,41,30791,卖盘
573,14:28:03,7.52,0.01,32,24064,买盘
574,14:28:00,7.51,-0.01,279,209529,卖盘
575,14:27:57,7.52,0.01,271,203792,买盘
576,14:27:54,7.51,--,5,3755,卖盘
577,14:27:51,7.51,-0.01,7,5257,卖盘
578,14:27:48,7.52,0.01,3,2256,买盘
579,14:27:45,7.51,-0.01,40,30040,卖盘
580,14:27:42,7.52,0.01,53,39856,买盘
581,14:27:39,7.51,--,81,60831,卖盘
582,14:27:36,7.51,-0.01,125,93875,卖盘
583,14:27:33,7.52,--,62,46624,买盘
584,14:27:30,7.52,--,17,12784,买盘
585,14:27:27,7.52,--,11,8272,买盘
586,14:27:24,7.52,0.01,7,5264,买盘
587,14:27:21,7.51,-0.01,302,226802,卖盘
588,14:27:18,7.52,--,29,21808,买盘
589,14:27:15,7.52,--,36,27072,买盘
590,14:27:12,7.52,-0.01,652,490304,卖盘
591,14:27:09,7.53,0.01,1329,1000737,买盘
592,14:27:06,7.52,--,462,347424,卖盘
593,14:27:03,7.52,--,372,279744,卖盘
594,14:27:00,7.52,--,409,307568,卖盘
595,14:26:57,7.52,--,817,614384,卖盘
596,14:26:54,7.52,--,26,19552,卖盘
597,14:26:51,7.52,--,184,138368,卖盘
598,14:26:48,7.52,--,191,143632,卖盘
599,14:26:45,7.52,--,65,48880,卖盘
600,14:26:42,7.52,--,11,8272,卖盘
601,14:26:39,7.52,--,5,3760,卖盘
602,14:26:36,7.52,--,28,21056,卖盘
603,14:26:33,7.52,--,8,6016,卖盘
604,14:26:30,7.52,-0.01,88,66176,卖盘
605,14:26:27,7.53,0.01,119,89607,买盘
606,14:26:24,7.52,--,16,12032,卖盘
607,14:26:21,7.52,-0.01,442,332384,卖盘
608,14:26:18,7.53,--,271,204063,买盘
609,14:26:15,7.53,0.01,12,9036,买盘
610,14:26:12,7.52,--,530,398560,卖盘
611,14:26:09,7.52,--,1120,842240,卖盘
612,14:26:06,7.52,--,32,24064,卖盘
613,14:26:03,7.52,--,3,2256,卖盘
614,14:26:00,7.52,--,16,12032,卖盘
615,14:25:57,7.52,--,2,1504,卖盘
616,14:25:54,7.52,--,43,32335,卖盘
617,14:25:51,7.52,--,70,52640,卖盘
618,14:25:48,7.52,--,74,55648,卖盘
619,14:25:45,7.52,--,7,5264,卖盘
620,14:25:42,7.52,-0.01,18,13536,卖盘
621,14:25:39,7.53,0.01,4,3012,买盘
622,14:25:36,7.52,--,26,19552,卖盘
623,14:25:33,7.52,--,5,3760,卖盘
624,14:25:30,7.52,--,135,101520,卖盘
625,14:25:27,7.52,--,505,379760,卖盘
626,14:25:24,7.52,--,304,228608,卖盘
627,14:25:21,7.52,-0.01,33,24816,卖盘
628,14:25:18,7.53,0.01,26,19578,买盘
629,14:25:15,7.52,--,23,17296,卖盘
630,14:25:12,7.52,--,17,12784,卖盘
631,14:25:09,7.52,--,17,12784,卖盘
632,14:25:06,7.52,--,5,3760,卖盘
633,14:25:03,7.52,--,9,6768,卖盘
634,14:25:00,7.52,--,117,87984,卖盘
635,14:24:57,7.52,--,39,29328,卖盘
636,14:24:54,7.52,--,4,3008,卖盘
637,14:24:51,7.52,--,151,113552,卖盘
638,14:24:48,7.52,--,7,5264,卖盘
639,14:24:45,7.52,--,4,3008,卖盘
640,14:24:42,7.52,--,2,1504,卖盘
641,14:24:39,7.52,-0.01,5,3760,卖盘
642,14:24:36,7.53,0.01,8,6024,买盘
643,14:24:33,7.52,--,36,27072,卖盘
644,14:24:30,7.52,--,15,11280,卖盘
645,14:24:27,7.52,--,185,139120,卖盘
646,14:24:24,7.52,-0.01,275,206800,卖盘
647,14:24:21,7.53,--,65,48945,买盘
648,14:24:18,7.53,--,90,67770,买盘
649,14:24:15,7.53,--,157,118221,买盘
650,14:24:12,7.53,0.01,5,3765,买盘
651,14:24:09,7.52,--,5,3760,卖盘
652,14:24:06,7.52,-0.01,9,6768,卖盘
653,14:24:03,7.53,--,5,3765,买盘
654,14:24:00,7.53,0.01,15,11295,中性盘
655,14:23:57,7.52,-0.01,123,92496,卖盘
656,14:23:54,7.53,--,3,2259,卖盘
657,14:23:51,7.53,0.01,13,9789,买盘
658,14:23:48,7.52,--,59,44368,卖盘
659,14:23:45,7.52,--,3,2256,卖盘
660,14:23:42,7.52,-0.01,4,3008,卖盘
661,14:23:39,7.53,0.01,22,16566,买盘
662,14:23:36,7.52,--,7,5264,卖盘
663,14:23:33,7.52,-0.01,2,1504,卖盘
664,14:23:30,7.53,--,108,81324,卖盘
665,14:23:27,7.53,0.01,122,91866,买盘
666,14:23:24,7.52,-0.01,6,4512,卖盘
667,14:23:21,7.53,--,18,13554,买盘
668,14:23:18,7.53,--,28,21084,卖盘
669,14:23:15,7.53,-0.01,5,3765,卖盘
670,14:23:12,7.54,--,5,3770,买盘
671,14:23:09,7.54,0.01,11,8294,买盘
672,14:23:06,7.53,--,77,57981,卖盘
673,14:23:03,7.53,--,5,3765,卖盘
674,14:23:00,7.53,--,5,3765,卖盘
675,14:22:57,7.53,--,110,82830,卖盘
676,14:22:54,7.53,--,22,16566,卖盘
677,14:22:51,7.53,--,19,14307,买盘
678,14:22:48,7.53,0.01,4,3012,买盘
679,14:22:45,7.52,--,32,24064,卖盘
680,14:22:42,7.52,-0.01,8,6016,卖盘
681,14:22:39,7.53,0.01,11,8283,买盘
682,14:22:36,7.52,--,8,6016,卖盘
683,14:22:33,7.52,--,32,24064,卖盘
684,14:22:30,7.52,--,20,15040,卖盘
685,14:22:27,7.52,--,4,3008,卖盘
686,14:22:24,7.52,--,37,27824,卖盘
687,14:22:21,7.52,--,74,55648,卖盘
688,14:22:18,7.52,--,11,8272,卖盘
689,14:22:15,7.52,--,3,2256,卖盘
690,14:22:12,7.52,--,11,8272,卖盘
691,14:22:09,7.52,-0.01,109,81968,卖盘
692,14:22:06,7.53,--,70,52710,卖盘
693,14:22:03,7.53,--,19,14307,卖盘
694,14:22:00,7.53,-0.01,29,21837,卖盘
695,14:21:57,7.54,0.01,33,24882,买盘
696,14:21:54,7.53,--,1,753,卖盘
697,14:21:51,7.53,--,2,1506,卖盘
698,14:21:48,7.53,0.01,44,33132,买盘
699,14:21:45,7.52,-0.01,2,1504,卖盘
700,14:21:42,7.53,-0.01,12,9036,卖盘
701,14:21:39,7.54,0.01,76,57304,买盘
702,14:21:36,7.53,--,116,87348,卖盘
703,14:21:33,7.53,0.01,234,176202,买盘
704,14:21:30,7.52,--,6,4512,卖盘
705,14:21:27,7.52,--,55,41360,卖盘
706,14:21:24,7.52,--,4,3008,卖盘
707,14:21:21,7.52,-0.01,109,81968,卖盘
708,14:21:18,7.53,0.01,54,40662,买盘
709,14:21:15,7.52,--,1,752,卖盘
710,14:21:12,7.52,-0.02,31,23312,卖盘
711,14:21:09,7.54,0.01,8,6032,买盘
712,14:21:06,7.53,-0.01,316,237948,卖盘
713,14:21:03,7.54,0.01,33,24882,买盘
714,14:21:00,7.53,--,6,4518,卖盘
715,14:20:57,7.53,--,3,2259,卖盘
716,14:20:54,7.53,--,2,1506,卖盘
717,14:20:51,7.53,-0.01,26,19578,卖盘
718,14:20:48,7.54,0.01,16,12064,买盘
719,14:20:45,7.53,--,12,9036,卖盘
720,14:20:42,7.53,-0.01,39,29367,卖盘
721,14:20:39,7.54,0.01,5,3770,买盘
722,14:20:36,7.53,0.01,70,52710,买盘
723,14:20:33,7.52,--,3,2256,卖盘
724,14:20:30,7.52,-0.01,4,3008,卖盘
725,14:20:27,7.53,0.01,5,3765,买盘
726,14:20:24,7.52,--,85,63920,卖盘
727,14:20:21,7.52,--,190,142880,卖盘
728,14:20:18,7.52,-0.02,354,266208,卖盘
729,14:20:15,7.54,--,8,6032,买盘
730,14:20:12,7.54,--,8,6032,买盘
731,14:20:09,7.54,0.02,2,1508,买盘
732,14:20:06,7.52,--,33,24816,卖盘
733,14:20:00,7.52,-0.02,12,9024,卖盘
734,14:19:57,7.54,0.01,13,9802,买盘
735,14:19:54,7.53,0.01,22,16566,买盘
736,14:19:51,7.52,-0.01,30,22560,卖盘
737,14:19:48,7.53,--,1,753,买盘
738,14:19:45,7.53,--,11,8283,卖盘
739,14:19:42,7.53,-0.01,19,14307,卖盘
740,14:19:39,7.54,0.01,8,6032,买盘
741,14:19:36,7.53,--,1,753,卖盘
742,14:19:33,7.53,--,2,1506,卖盘
743,14:19:30,7.53,-0.01,1,753,中性盘
744,14:19:27,7.54,--,119,89726,买盘
745,14:19:24,7.54,0.01,201,151554,买盘
746,14:19:21,7.53,--,11,8283,卖盘
747,14:19:18,7.53,--,268,201804,卖盘
748,14:19:15,7.53,--,270,203310,卖盘
749,14:19:12,7.53,-0.01,1,753,卖盘
750,14:19:09,7.54,0.01,1,754,买盘
751,14:19:06,7.53,-0.01,91,68523,卖盘
752,14:19:03,7.54,0.01,49,36946,买盘
753,14:19:00,7.53,--,137,103161,卖盘
754,14:18:57,7.53,-0.01,300,225900,卖盘
755,14:18:54,7.54,0.01,20,15080,买盘
756,14:18:48,7.53,-0.01,2,1506,卖盘
757,14:18:45,7.54,0.01,1,754,买盘
758,14:18:42,7.53,-0.01,6,4518,卖盘
759,14:18:39,7.54,--,169,127426,买盘
760,14:18:36,7.54,0.01,122,91988,买盘
761,14:18:33,7.53,--,3,2259,卖盘
762,14:18:30,7.53,-0.01,22,16566,卖盘
763,14:18:27,7.54,0.01,4,3016,买盘
764,14:18:21,7.53,-0.01,1,753,卖盘
765,14:18:18,7.54,0.01,34,25636,买盘
766,14:18:15,7.53,-0.01,6,4518,卖盘
767,14:18:12,7.54,0.01,30,22620,买盘
768,14:18:09,7.53,--,99,74547,卖盘
769,14:18:06,7.53,-0.01,443,333579,卖盘
770,14:18:03,7.54,--,957,721578,买盘
771,14:17:57,7.54,0.01,1,754,买盘
772,14:17:54,7.53,--,2,1506,卖盘
773,14:17:51,7.53,--,1,753,卖盘
774,14:17:48,7.53,--,44,33132,卖盘
775,14:17:45,7.53,--,3,2259,卖盘
776,14:17:42,7.53,--,21,15813,卖盘
777,14:17:39,7.53,-0.01,1,753,卖盘
778,14:17:33,7.54,0.01,18,13572,买盘
779,14:17:30,7.53,-0.01,97,73041,卖盘
780,14:17:27,7.54,0.01,56,42224,买盘
781,14:17:24,7.53,-0.01,122,91866,卖盘
782,14:17:21,7.54,-0.01,158,119509,卖盘
783,14:17:18,7.55,--,2,1510,买盘
784,14:17:15,7.55,--,5,3775,买盘
785,14:17:12,7.55,0.01,108,81540,买盘
786,14:17:09,7.54,-0.01,2,1508,卖盘
787,14:17:06,7.55,--,2,1510,买盘
788,14:17:03,7.55,0.01,29,21895,买盘
789,14:17:00,7.54,--,2,1508,卖盘
790,14:16:57,7.54,--,13,9802,卖盘
791,14:16:54,7.54,--,214,161356,卖盘
792,14:16:51,7.54,--,453,341939,买盘
793,14:16:48,7.54,--,107,80678,买盘
794,14:16:45,7.54,--,124,93496,买盘
795,14:16:42,7.54,--,22,16588,买盘
796,14:16:39,7.54,0.01,53,39962,买盘
797,14:16:36,7.53,-0.01,11,8283,卖盘
798,14:16:30,7.54,0.01,22,16588,买盘
799,14:16:27,7.53,--,37,27861,卖盘
800,14:16:21,7.53,-0.01,17,12801,卖盘
801,14:16:18,7.54,--,1,754,买盘
802,14:16:15,7.54,--,6,4524,买盘
803,14:16:12,7.54,0.01,41,30914,买盘
804,14:16:06,7.53,--,35,26355,卖盘
805,14:16:03,7.53,-0.01,2,1506,卖盘
806,14:15:57,7.54,0.01,1,754,买盘
807,14:15:54,7.53,-0.01,2,1506,卖盘
808,14:15:48,7.54,--,5,3770,买盘
809,14:15:45,7.54,0.01,7,5278,买盘
810,14:15:42,7.53,--,2,1506,卖盘
811,14:15:39,7.53,--,4,3012,卖盘
812,14:15:36,7.53,--,2,1506,卖盘
813,14:15:30,7.53,--,3,2259,卖盘
814,14:15:27,7.53,--,11,8283,卖盘
815,14:15:24,7.53,--,108,81324,卖盘
816,14:15:21,7.53,--,37,27861,卖盘
817,14:15:18,7.53,--,42,31626,卖盘
818,14:15:15,7.53,--,3,2259,卖盘
819,14:15:12,7.53,-0.01,1,753,卖盘
820,14:15:09,7.54,--,32,24128,买盘
821,14:15:06,7.54,--,1,754,买盘
822,14:15:00,7.54,--,8,6032,买盘
823,14:14:57,7.54,--,778,586612,买盘
824,14:14:54,7.54,-0.01,1824,1375522,卖盘
825,14:14:51,7.55,0.01,58,43790,买盘
826,14:14:48,7.54,--,15,11310,卖盘
827,14:14:45,7.54,--,103,77662,卖盘
828,14:14:42,7.54,--,2,2186,卖盘
829,14:14:39,7.54,-0.01,1,754,卖盘
830,14:14:36,7.55,0.01,5,3775,买盘
831,14:14:33,7.54,--,33,24882,卖盘
832,14:14:30,7.54,-0.01,3,2262,卖盘
833,14:14:27,7.55,--,2,1510,买盘
834,14:14:24,7.55,0.01,10,7550,买盘
835,14:14:21,7.54,--,6,4524,卖盘
836,14:14:18,7.54,--,38,28652,卖盘
837,14:14:15,7.54,--,138,104052,卖盘
838,14:14:12,7.54,--,68,51272,卖盘
839,14:14:06,7.54,--,1,754,卖盘
840,14:14:00,7.54,-0.01,12,9048,卖盘
841,14:13:57,7.55,0.01,100,75500,买盘
842,14:13:54,7.54,-0.01,40,30160,卖盘
843,14:13:51,7.55,--,11,8305,买盘
844,14:13:48,7.55,0.01,125,94375,买盘
845,14:13:39,7.54,-0.01,4,3016,卖盘
846,14:13:36,7.55,--,25,18875,买盘
847,14:13:30,7.55,0.01,12,9060,买盘
848,14:13:27,7.54,-0.01,15,11310,卖盘
849,14:13:24,7.55,--,16,12080,买盘
850,14:13:18,7.55,--,108,81540,买盘
851,14:13:15,7.55,0.01,29,21895,买盘
852,14:13:06,7.54,--,8,6032,卖盘
853,14:13:03,7.54,-0.01,3,2262,卖盘
854,14:13:00,7.55,--,149,112495,买盘
855,14:12:57,7.55,0.01,21,15855,买盘
856,14:12:54,7.54,-0.01,3,2262,卖盘
857,14:12:51,7.55,0.01,14,10570,买盘
858,14:12:48,7.54,--,16,12064,卖盘
859,14:12:45,7.54,--,2,1508,卖盘
860,14:12:42,7.54,-0.01,1,754,卖盘
861,14:12:36,7.55,0.01,29,21895,买盘
862,14:12:33,7.54,-0.01,2,1508,卖盘
863,14:12:30,7.55,--,4,3020,买盘
864,14:12:27,7.55,--,142,107210,买盘
865,14:12:24,7.55,--,258,194790,买盘
866,14:12:21,7.55,--,33,24915,买盘
867,14:12:18,7.55,--,187,141185,买盘
868,14:12:15,7.55,0.01,29,21895,买盘
869,14:12:12,7.54,-0.01,3,2262,卖盘
870,14:12:09,7.55,--,25,18875,买盘
871,14:12:06,7.55,0.01,100,75500,买盘
872,14:12:00,7.54,-0.01,36,27144,卖盘
873,14:11:57,7.55,--,1,755,买盘
874,14:11:51,7.55,0.01,8,6040,买盘
875,14:11:48,7.54,-0.01,172,129688,卖盘
876,14:11:45,7.55,0.01,276,208380,买盘
877,14:11:39,7.54,--,36,27144,卖盘
878,14:11:36,7.54,--,83,62582,卖盘
879,14:11:33,7.54,-0.01,36,27144,卖盘
880,14:11:27,7.55,--,19,14345,买盘
881,14:11:24,7.55,--,14,10570,买盘
882,14:11:21,7.55,0.01,24,18120,买盘
883,14:11:18,7.54,-0.01,38,28652,卖盘
884,14:11:15,7.55,0.01,2,1510,买盘
885,14:11:12,7.54,--,148,111592,卖盘
886,14:11:09,7.54,--,196,147784,卖盘
887,14:11:06,7.54,-0.01,104,78416,卖盘
888,14:11:03,7.55,0.01,21,15855,买盘
889,14:11:00,7.54,-0.01,11,8294,卖盘
890,14:10:57,7.55,0.01,56,42280,买盘
891,14:10:54,7.54,-0.01,13,9802,卖盘
892,14:10:51,7.55,0.01,2,1510,买盘
893,14:10:48,7.54,-0.01,54,40716,卖盘
894,14:10:45,7.55,0.01,65,49075,买盘
895,14:10:42,7.54,--,2,1508,卖盘
896,14:10:33,7.54,--,1,754,卖盘
897,14:10:30,7.54,-0.01,3,2262,卖盘
898,14:10:27,7.55,--,2,1510,买盘
899,14:10:24,7.55,--,10,7550,买盘
900,14:10:21,7.55,--,28,21140,买盘
901,14:10:18,7.55,--,76,57380,买盘
902,14:10:15,7.55,--,1,755,买盘
903,14:10:12,7.55,0.01,3,2265,买盘
904,14:10:09,7.54,-0.01,6,4524,卖盘
905,14:10:06,7.55,0.01,26,19630,买盘
906,14:10:03,7.54,--,1,754,卖盘
907,14:09:57,7.54,-0.01,57,42978,卖盘
908,14:09:54,7.55,0.01,7,5285,买盘
909,14:09:48,7.54,-0.01,30,22620,卖盘
910,14:09:45,7.55,--,21,15855,买盘
911,14:09:42,7.55,0.01,27,20385,买盘
912,14:09:36,7.54,--,18,13572,卖盘
913,14:09:30,7.54,-0.01,108,81432,卖盘
914,14:09:27,7.55,0.01,102,77010,买盘
915,14:09:24,7.54,--,3,2262,卖盘
916,14:09:21,7.54,-0.01,477,359658,卖盘
917,14:09:18,7.55,--,660,498300,买盘
918,14:09:15,7.55,0.01,13,9815,买盘
919,14:09:12,7.54,--,87,65598,卖盘
920,14:09:09,7.54,--,53,39962,卖盘
921,14:09:06,7.54,-0.01,5,3770,卖盘
922,14:09:03,7.55,0.01,47,35485,买盘
923,14:09:00,7.54,-0.01,1,754,卖盘
924,14:08:57,7.55,--,10,7550,买盘
925,14:08:54,7.55,0.01,10,7550,买盘
926,14:08:51,7.54,-0.01,1,754,卖盘
927,14:08:48,7.55,--,21,15855,买盘
928,14:08:45,7.55,0.01,1,755,买盘
929,14:08:42,7.54,--,51,38454,卖盘
930,14:08:39,7.54,-0.01,4,3016,卖盘
931,14:08:36,7.55,0.01,26,19630,买盘
932,14:08:33,7.54,--,29,21866,卖盘
933,14:08:30,7.54,-0.01,6,4524,卖盘
934,14:08:27,7.55,0.01,3,2265,买盘
935,14:08:21,7.54,--,25,18850,卖盘
936,14:08:18,7.54,--,45,33930,卖盘
937,14:08:15,7.54,--,107,80678,卖盘
938,14:08:12,7.54,--,22,16588,卖盘
939,14:08:06,7.54,-0.01,7,5278,卖盘
940,14:08:03,7.55,--,117,88335,买盘
941,14:08:00,7.55,0.01,64,48320,买盘
942,14:07:57,7.54,-0.01,51,38454,卖盘
943,14:07:54,7.55,--,2,1510,买盘
944,14:07:48,7.55,--,70,52850,买盘
945,14:07:45,7.55,0.01,24,18120,买盘
946,14:07:39,7.54,--,23,17342,卖盘
947,14:07:36,7.54,--,16,12064,卖盘
948,14:07:33,7.54,--,33,24882,卖盘
949,14:07:30,7.54,-0.01,5,3770,卖盘
950,14:07:27,7.55,--,5,3775,买盘
951,14:07:24,7.55,0.01,12,9060,买盘
952,14:07:21,7.54,--,82,61828,卖盘
953,14:07:18,7.54,-0.01,101,76154,卖盘
954,14:07:15,7.55,--,6,4530,买盘
955,14:07:12,7.55,0.01,139,104945,买盘
956,14:07:09,7.54,--,1,754,卖盘
957,14:07:06,7.54,--,5,3770,卖盘
958,14:07:03,7.54,--,1,754,卖盘
959,14:07:00,7.54,--,63,47502,卖盘
960,14:06:57,7.54,-0.01,26,19604,卖盘
961,14:06:54,7.55,0.01,17,12835,买盘
962,14:06:51,7.54,-0.01,1,754,卖盘
963,14:06:48,7.55,--,63,47565,买盘
964,14:06:45,7.55,0.01,19,14345,买盘
965,14:06:39,7.54,--,30,22620,卖盘
966,14:06:36,7.54,-0.01,39,29406,卖盘
967,14:06:30,7.55,0.01,9,6795,买盘
968,14:06:27,7.54,-0.01,22,16588,卖盘
969,14:06:24,7.55,0.01,5,3775,买盘
970,14:06:21,7.54,--,45,33930,卖盘
971,14:06:18,7.54,-0.01,34,25636,卖盘
972,14:06:15,7.55,0.01,1,755,买盘
973,14:06:09,7.54,--,25,18850,卖盘
974,14:06:06,7.54,--,4,3016,卖盘
975,14:06:00,7.54,--,9,6786,卖盘
976,14:05:57,7.54,--,121,91234,卖盘
977,14:05:54,7.54,-0.01,63,47502,卖盘
978,14:05:51,7.55,--,25,18875,买盘
979,14:05:48,7.55,0.01,2,1510,买盘
980,14:05:45,7.54,--,24,18096,卖盘
981,14:05:42,7.54,--,3,2262,卖盘
982,14:05:36,7.54,-0.01,5,3770,卖盘
983,14:05:33,7.55,--,49,36995,买盘
984,14:05:27,7.55,0.01,163,123065,买盘
985,14:05:24,7.54,--,115,86710,卖盘
986,14:05:21,7.54,--,95,71630,卖盘
987,14:05:18,7.54,--,51,38454,卖盘
988,14:05:12,7.54,--,1,754,卖盘
989,14:05:09,7.54,--,2,1508,卖盘
990,14:05:06,7.54,-0.01,3,2262,卖盘
991,14:05:03,7.55,0.01,26,19630,买盘
992,14:05:00,7.54,-0.01,1,754,卖盘
993,14:04:54,7.55,0.01,1,755,买盘
994,14:04:48,7.54,--,53,39962,卖盘
995,14:04:45,7.54,-0.01,4,3016,卖盘
996,14:04:42,7.55,--,186,140430,买盘
997,14:04:39,7.55,0.01,119,89845,买盘
998,14:04:36,7.54,--,2,1508,卖盘
999,14:04:33,7.54,-0.01,27,20358,卖盘
1000,14:04:30,7.55,--,15,11325,买盘
1001,14:04:27,7.55,--,40,30804,买盘
1002,14:04:24,7.55,--,31,23405,买盘
1003,14:04:21,7.55,0.01,22,16610,买盘
1004,14:04:18,7.54,--,18,13572,卖盘
1005,14:04:15,7.54,--,2,1508,卖盘
1006,14:04:12,7.54,--,1,754,卖盘
1007,14:04:06,7.54,-0.01,30,22620,卖盘
1008,14:04:03,7.55,0.01,76,57380,买盘
1009,14:03:57,7.54,--,18,13572,卖盘
1010,14:03:54,7.54,--,1,754,卖盘
1011,14:03:51,7.54,-0.01,1,754,卖盘
1012,14:03:48,7.55,--,21,15855,买盘
1013,14:03:45,7.55,--,59,44545,买盘
1014,14:03:42,7.55,--,35,26425,买盘
1015,14:03:39,7.55,--,35,26425,买盘
1016,14:03:36,7.55,--,5,3775,买盘
1017,14:03:33,7.55,0.01,64,48320,买盘
1018,14:03:30,7.54,-0.01,1,754,卖盘
1019,14:03:27,7.55,--,1,755,买盘
1020,14:03:24,7.55,--,24,18120,买盘
1021,14:03:21,7.55,0.01,58,43790,买盘
1022,14:03:18,7.54,-0.01,9,6786,卖盘
1023,14:03:15,7.55,0.01,21,15855,买盘
1024,14:03:09,7.54,--,17,12818,卖盘
1025,14:03:06,7.54,-0.01,12,9048,卖盘
1026,14:03:03,7.55,--,69,52095,买盘
1027,14:03:00,7.55,0.01,1,755,买盘
1028,14:02:57,7.54,-0.01,1,754,卖盘
1029,14:02:54,7.55,--,1,755,买盘
1030,14:02:48,7.55,--,22,16610,买盘
1031,14:02:45,7.55,0.01,21,15855,买盘
1032,14:02:42,7.54,--,1,754,卖盘
1033,14:02:36,7.54,-0.01,3,2262,卖盘
1034,14:02:33,7.55,--,107,80785,买盘
1035,14:02:30,7.55,--,9,6795,买盘
1036,14:02:27,7.55,--,19,14345,买盘
1037,14:02:24,7.55,0.01,16,12080,买盘
1038,14:02:21,7.54,--,10,7540,卖盘
1039,14:02:18,7.54,-0.01,34,25636,卖盘
1040,14:02:15,7.55,0.01,1,755,买盘
1041,14:02:12,7.54,--,31,23374,卖盘
1042,14:02:06,7.54,-0.01,72,54288,卖盘
1043,14:02:03,7.55,0.01,73,55115,买盘
1044,14:02:00,7.54,-0.01,50,37700,卖盘
1045,14:01:54,7.55,0.01,42,31710,买盘
1046,14:01:51,7.54,--,1,754,卖盘
1047,14:01:48,7.54,-0.01,91,68614,卖盘
1048,14:01:45,7.55,0.01,1,755,买盘
1049,14:01:39,7.54,-0.01,3,2262,卖盘
1050,14:01:33,7.55,0.01,33,24915,买盘
1051,14:01:30,7.54,-0.01,4,3016,卖盘
1052,14:01:27,7.55,--,18,13590,买盘
1053,14:01:24,7.55,--,6,4530,买盘
1054,14:01:21,7.55,0.01,15,11325,买盘
1055,14:01:18,7.54,-0.01,35,26390,卖盘
1056,14:01:15,7.55,0.01,3,2265,买盘
1057,14:01:12,7.54,--,1,754,卖盘
1058,14:01:06,7.54,-0.01,4,3016,卖盘
1059,14:01:03,7.55,--,143,107965,买盘
1060,14:01:00,7.55,0.01,10,7550,买盘
1061,14:00:54,7.54,-0.01,277,208858,卖盘
1062,14:00:51,7.55,0.01,7,5285,买盘
1063,14:00:48,7.54,--,74,55796,卖盘
1064,14:00:45,7.54,--,3,2262,卖盘
1065,14:00:42,7.54,-0.01,290,218660,卖盘
1066,14:00:39,7.55,--,25,18875,买盘
1067,14:00:36,7.55,0.01,11,8305,买盘
1068,14:00:33,7.54,-0.01,1,754,卖盘
1069,14:00:27,7.55,--,5,3775,买盘
1070,14:00:24,7.55,0.01,14,10570,买盘
1071,14:00:21,7.54,--,52,39208,卖盘
1072,14:00:18,7.54,--,764,576056,卖盘
1073,14:00:15,7.54,--,37,27898,卖盘
1074,14:00:12,7.54,--,4,3016,卖盘
1075,14:00:06,7.54,-0.01,5,3770,卖盘
1076,14:00:03,7.55,--,5,3775,买盘
1077,14:00:00,7.55,0.01,4,3020,买盘
1078,13:59:57,7.54,--,36,27144,卖盘
1079,13:59:51,7.54,--,1,754,卖盘
1080,13:59:48,7.54,-0.01,46,34684,卖盘
1081,13:59:45,7.55,0.01,1,755,买盘
1082,13:59:42,7.54,--,1,754,卖盘
1083,13:59:39,7.54,-0.01,3,2262,卖盘
1084,13:59:33,7.55,--,61,46055,买盘
1085,13:59:27,7.55,--,3,2265,买盘
1086,13:59:24,7.55,0.01,1,755,买盘
1087,13:59:21,7.54,-0.01,10,7540,卖盘
1088,13:59:18,7.55,0.01,29,21895,买盘
1089,13:59:15,7.54,--,1,754,卖盘
1090,13:59:12,7.54,-0.01,16,12064,卖盘
1091,13:59:09,7.55,0.01,100,75500,买盘
1092,13:59:06,7.54,-0.01,4,3016,卖盘
1093,13:59:03,7.55,--,11,8305,买盘
1094,13:58:54,7.55,--,2,1510,买盘
1095,13:58:48,7.55,--,1,755,买盘
1096,13:58:45,7.55,0.01,1,755,买盘
1097,13:58:42,7.54,--,90,67860,卖盘
1098,13:58:36,7.54,--,39,29406,卖盘
1099,13:58:33,7.54,--,3,2262,卖盘
1100,13:58:30,7.54,-0.01,30,22620,卖盘
1101,13:58:27,7.55,--,1,755,买盘
1102,13:58:24,7.55,--,1,755,买盘
1103,13:58:21,7.55,--,108,81540,买盘
1104,13:58:18,7.55,0.01,25,18875,买盘
1105,13:58:15,7.54,-0.01,2,1508,卖盘
1106,13:58:12,7.55,0.01,63,47565,买盘
1107,13:58:09,7.54,--,7,5278,卖盘
1108,13:58:06,7.54,--,3,2262,卖盘
1109,13:58:03,7.54,-0.01,8,6032,卖盘
1110,13:58:00,7.55,--,537,405435,买盘
1111,13:57:54,7.55,0.01,150,113250,买盘
1112,13:57:51,7.54,--,5,3770,买盘
1113,13:57:48,7.54,--,12,9048,买盘
1114,13:57:45,7.54,0.01,2,1508,买盘
1115,13:57:36,7.53,-0.01,2,1506,卖盘
1116,13:57:33,7.54,--,22,16588,买盘
1117,13:57:30,7.54,-0.01,98,73892,卖盘
1118,13:57:27,7.55,0.01,14,10570,买盘
1119,13:57:24,7.54,--,22,16588,卖盘
1120,13:57:21,7.54,-0.01,1,754,卖盘
1121,13:57:18,7.55,--,8,6040,买盘
1122,13:57:15,7.55,--,40,30200,买盘
1123,13:57:12,7.55,0.01,1,755,买盘
1124,13:57:06,7.54,--,31,23374,卖盘
1125,13:57:03,7.54,-0.01,14,10556,卖盘
1126,13:56:54,7.55,--,15,11325,买盘
1127,13:56:48,7.55,0.01,12,9060,买盘
1128,13:56:42,7.54,--,64,48256,卖盘
1129,13:56:39,7.54,-0.01,1,754,卖盘
1130,13:56:33,7.55,0.01,52,39260,买盘
1131,13:56:30,7.54,-0.01,1,754,卖盘
1132,13:56:27,7.55,--,2,1510,买盘
1133,13:56:24,7.55,0.01,1,755,买盘
1134,13:56:21,7.54,--,35,26390,卖盘
1135,13:56:18,7.54,-0.01,9,6786,卖盘
1136,13:56:12,7.55,0.01,13,9815,买盘
1137,13:56:06,7.54,-0.01,3,2262,卖盘
1138,13:56:03,7.55,0.01,1,755,买盘
1139,13:55:57,7.54,-0.01,12,9048,中性盘
1140,13:55:54,7.55,0.01,26,19630,买盘
1141,13:55:51,7.54,-0.01,17,12818,卖盘
1142,13:55:48,7.55,0.01,1,755,买盘
1143,13:55:45,7.54,-0.01,3,2262,卖盘
1144,13:55:39,7.55,0.01,6,4530,买盘
1145,13:55:36,7.54,--,121,91234,卖盘
1146,13:55:33,7.54,-0.01,1,754,卖盘
1147,13:55:27,7.55,--,1,755,买盘
1148,13:55:24,7.55,--,7,5285,买盘
1149,13:55:21,7.55,--,3,2265,买盘
1150,13:55:18,7.55,--,14,10570,买盘
1151,13:55:15,7.55,0.01,31,23405,买盘
1152,13:55:12,7.54,--,2,1508,卖盘
1153,13:55:09,7.54,--,165,124410,卖盘
1154,13:55:03,7.54,--,3,2262,卖盘
1155,13:55:00,7.54,--,2,1508,卖盘
1156,13:54:57,7.54,--,50,37700,卖盘
1157,13:54:51,7.54,-0.01,2,1508,卖盘
1158,13:54:48,7.55,--,101,76255,买盘
1159,13:54:45,7.55,--,3,2265,买盘
1160,13:54:42,7.55,--,6,4530,买盘
1161,13:54:39,7.55,--,242,182710,买盘
1162,13:54:36,7.55,--,50,37750,买盘
1163,13:54:33,7.55,--,51,38505,买盘
1164,13:54:30,7.55,0.01,3,2265,买盘
1165,13:54:27,7.54,-0.01,4,3016,卖盘
1166,13:54:24,7.55,0.01,1,755,买盘
1167,13:54:21,7.54,--,51,38454,卖盘
1168,13:54:18,7.54,-0.01,2,1508,卖盘
1169,13:54:15,7.55,0.01,150,113250,买盘
1170,13:54:06,7.54,-0.01,5,3770,卖盘
1171,13:54:03,7.55,0.01,7,5285,买盘
1172,13:54:00,7.54,--,127,95758,卖盘
1173,13:53:57,7.54,--,1,754,卖盘
1174,13:53:54,7.54,--,3,2262,卖盘
1175,13:53:48,7.54,--,235,177190,卖盘
1176,13:53:45,7.54,-0.01,1,754,卖盘
1177,13:53:42,7.55,0.01,55,41525,买盘
1178,13:53:39,7.54,--,86,64844,卖盘
1179,13:53:36,7.54,--,1,754,卖盘
1180,13:53:33,7.54,--,3,2262,卖盘
1181,13:53:27,7.54,-0.01,7,5278,卖盘
1182,13:53:24,7.55,0.01,10,7550,买盘
1183,13:53:21,7.54,-0.01,6,4524,卖盘
1184,13:53:18,7.55,0.01,30,22650,买盘
1185,13:53:12,7.54,-0.01,4,3016,卖盘
1186,13:53:09,7.55,0.01,17,12835,买盘
1187,13:53:06,7.54,-0.01,1330,1002820,卖盘
1188,13:53:03,7.55,0.01,4,3020,买盘
1189,13:53:00,7.54,-0.01,2,1508,卖盘
1190,13:52:57,7.55,--,20,15100,买盘
1191,13:52:54,7.55,--,4,3020,买盘
1192,13:52:51,7.55,0.01,41,30955,买盘
1193,13:52:48,7.54,-0.01,3,2262,卖盘
1194,13:52:42,7.55,--,28,21140,买盘
1195,13:52:39,7.55,--,165,124575,买盘
1196,13:52:30,7.55,--,6,4530,买盘
1197,13:52:27,7.55,--,4,3020,买盘
1198,13:52:24,7.55,--,2,1510,买盘
1199,13:52:21,7.55,--,3,2265,买盘
1200,13:52:18,7.55,0.01,47,35485,买盘
1201,13:52:15,7.54,-0.01,107,80678,卖盘
1202,13:52:12,7.55,0.01,1,755,买盘
1203,13:52:09,7.54,--,1,754,卖盘
1204,13:52:06,7.54,-0.01,63,47502,卖盘
1205,13:52:03,7.55,--,12,9060,买盘
1206,13:51:57,7.55,--,24,18120,买盘
1207,13:51:54,7.55,--,21,15855,买盘
1208,13:51:48,7.55,--,1,755,买盘
1209,13:51:45,7.55,0.01,270,203850,买盘
1210,13:51:42,7.54,--,4,3016,卖盘
1211,13:51:39,7.54,--,16,12064,卖盘
1212,13:51:36,7.54,-0.01,271,204334,卖盘
1213,13:51:33,7.55,--,28,21140,买盘
1214,13:51:27,7.55,--,1,755,买盘
1215,13:51:21,7.55,--,2,1510,买盘
1216,13:51:18,7.55,--,8,6040,买盘
1217,13:51:12,7.55,0.01,17,12835,买盘
1218,13:51:09,7.54,-0.01,29,21866,卖盘
1219,13:51:03,7.55,0.01,204,154020,买盘
1220,13:51:00,7.54,-0.01,1,754,卖盘
1221,13:50:57,7.55,0.01,5,3775,买盘
1222,13:50:54,7.54,-0.01,66,49764,卖盘
1223,13:50:51,7.55,--,1,755,买盘
1224,13:50:48,7.55,--,3,2265,买盘
1225,13:50:45,7.55,0.01,24,18120,买盘
1226,13:50:39,7.54,--,5,3770,卖盘
1227,13:50:36,7.54,-0.01,63,47502,卖盘
1228,13:50:33,7.55,--,3,2265,买盘
1229,13:50:30,7.55,--,345,260475,买盘
1230,13:50:27,7.55,0.01,23,17365,买盘
1231,13:50:24,7.54,--,263,198302,卖盘
1232,13:50:21,7.54,-0.01,4,3016,卖盘
1233,13:50:18,7.55,0.01,39,29445,买盘
1234,13:50:15,7.54,-0.01,2,1508,卖盘
1235,13:50:12,7.55,0.01,2,1510,买盘
1236,13:50:09,7.54,--,1,754,卖盘
1237,13:50:06,7.54,--,33,24882,卖盘
1238,13:50:03,7.54,-0.01,1,754,卖盘
1239,13:49:54,7.55,0.01,25,18875,买盘
1240,13:49:51,7.54,-0.01,2,1508,卖盘
1241,13:49:48,7.55,0.01,2,1510,买盘
1242,13:49:42,7.54,--,2,1508,卖盘
1243,13:49:39,7.54,--,11,8294,卖盘
1244,13:49:36,7.54,--,1,754,卖盘
1245,13:49:33,7.54,--,10,7540,卖盘
1246,13:49:30,7.54,-0.01,5,3770,卖盘
1247,13:49:27,7.55,--,27,20385,买盘
1248,13:49:24,7.55,0.01,19,14345,买盘
1249,13:49:21,7.54,--,36,27445,卖盘
1250,13:49:18,7.54,-0.01,2,1508,卖盘
1251,13:49:12,7.55,--,1,755,买盘
1252,13:49:09,7.55,0.01,7,5285,买盘
1253,13:49:06,7.54,--,1,754,卖盘
1254,13:49:03,7.54,--,2,1508,卖盘
1255,13:48:57,7.54,-0.01,2,1508,卖盘
1256,13:48:54,7.55,--,20,15100,买盘
1257,13:48:51,7.55,--,19,14345,买盘
1258,13:48:48,7.55,0.01,2,1510,买盘
1259,13:48:45,7.54,--,2,1508,卖盘
1260,13:48:42,7.54,--,2,1508,卖盘
1261,13:48:39,7.54,-0.01,1,754,卖盘
1262,13:48:36,7.55,0.01,3,2265,买盘
1263,13:48:33,7.54,-0.01,3,2262,卖盘
1264,13:48:27,7.55,--,5,3775,买盘
1265,13:48:24,7.55,0.01,7,5285,买盘
1266,13:48:21,7.54,--,43,32422,卖盘
1267,13:48:18,7.54,--,23,17342,卖盘
1268,13:48:12,7.54,--,26,19604,卖盘
1269,13:48:06,7.54,-0.01,4,3016,卖盘
1270,13:48:03,7.55,0.01,1,755,买盘
1271,13:48:00,7.54,-0.01,3,2262,卖盘
1272,13:47:57,7.55,--,41,30955,买盘
1273,13:47:54,7.55,--,1,755,买盘
1274,13:47:51,7.55,--,9,6795,买盘
1275,13:47:48,7.55,0.01,45,33975,买盘
1276,13:47:45,7.54,-0.01,126,95004,卖盘
1277,13:47:42,7.55,0.01,12,9060,买盘
1278,13:47:39,7.54,--,1,754,卖盘
1279,13:47:36,7.54,-0.01,6,4524,卖盘
1280,13:47:33,7.55,--,101,76255,买盘
1281,13:47:30,7.55,0.01,7,5285,买盘
1282,13:47:27,7.54,-0.01,7,5278,卖盘
1283,13:47:24,7.55,--,30,22650,买盘
1284,13:47:21,7.55,--,95,71725,卖盘
1285,13:47:18,7.55,--,31,23405,卖盘
1286,13:47:12,7.55,-0.01,36,27180,卖盘
1287,13:47:09,7.56,0.01,15,11340,买盘
1288,13:47:06,7.55,-0.01,66,49830,卖盘
1289,13:47:03,7.56,0.01,6,4536,买盘
1290,13:46:57,7.55,--,50,37750,卖盘
1291,13:46:54,7.55,-0.01,24,18120,卖盘
1292,13:46:51,7.56,--,1,756,买盘
1293,13:46:48,7.56,--,13,9828,买盘
1294,13:46:45,7.56,0.01,982,742392,买盘
1295,13:46:42,7.55,0.01,1,755,中性盘
1296,13:46:36,7.54,-0.02,5,3770,卖盘
1297,13:46:33,7.56,0.01,107,80892,买盘
1298,13:46:27,7.55,--,129,97395,卖盘
1299,13:46:24,7.55,-0.01,52,39260,卖盘
1300,13:46:21,7.56,0.01,10,7560,买盘
1301,13:46:18,7.55,-0.01,494,372970,卖盘
1302,13:46:15,7.56,--,28,21168,买盘
1303,13:46:12,7.56,0.01,2,1512,买盘
1304,13:46:09,7.55,--,20,15100,卖盘
1305,13:46:06,7.55,--,10,7550,卖盘
1306,13:46:03,7.55,--,2,1510,卖盘
1307,13:46:00,7.55,--,2,1510,卖盘
1308,13:45:57,7.55,-0.01,3,2265,卖盘
1309,13:45:51,7.56,0.01,123,92988,买盘
1310,13:45:48,7.55,-0.01,7,5285,卖盘
1311,13:45:45,7.56,0.01,1,756,买盘
1312,13:45:42,7.55,-0.01,2,1510,卖盘
1313,13:45:39,7.56,0.01,5,3780,买盘
1314,13:45:36,7.55,--,304,229520,卖盘
1315,13:45:33,7.55,0.01,26,19630,卖盘
1316,13:45:30,7.54,-0.01,31,23374,卖盘
1317,13:45:27,7.55,--,43,32465,卖盘
1318,13:45:24,7.55,0.01,61,46055,买盘
1319,13:45:21,7.54,-0.01,18,13572,卖盘
1320,13:45:18,7.55,--,15,11325,买盘
1321,13:45:15,7.55,--,351,265005,卖盘
1322,13:45:12,7.55,--,78,58890,卖盘
1323,13:45:06,7.55,--,2,1510,卖盘
1324,13:45:03,7.55,-0.01,12,9060,卖盘
1325,13:45:00,7.56,0.01,1,756,买盘
1326,13:44:57,7.55,--,14,10570,卖盘
1327,13:44:54,7.55,--,38,28690,买盘
1328,13:44:51,7.55,--,91,68705,买盘
1329,13:44:48,7.55,0.01,1087,820685,买盘
1330,13:44:42,7.54,--,41,30914,卖盘
1331,13:44:39,7.54,-0.01,41,30914,卖盘
1332,13:44:33,7.55,0.01,7,5285,买盘
1333,13:44:30,7.54,-0.01,28,21112,卖盘
1334,13:44:27,7.55,--,12,9060,买盘
1335,13:44:24,7.55,--,10,7550,买盘
1336,13:44:21,7.55,--,3,2265,买盘
1337,13:44:15,7.55,--,22,16610,买盘
1338,13:44:12,7.55,0.01,51,38505,买盘
1339,13:44:09,7.54,--,31,23374,卖盘
1340,13:44:06,7.54,-0.01,53,39962,卖盘
1341,13:44:03,7.55,--,11,8305,买盘
1342,13:44:00,7.55,--,3,2265,买盘
1343,13:43:57,7.55,--,29,21895,买盘
1344,13:43:54,7.55,--,50,37750,买盘
1345,13:43:51,7.55,--,1,755,买盘
1346,13:43:48,7.55,0.01,2,1510,买盘
1347,13:43:45,7.54,--,2,1508,卖盘
1348,13:43:42,7.54,-0.01,35,26390,卖盘
1349,13:43:39,7.55,0.01,27,20385,买盘
1350,13:43:36,7.54,-0.01,3,2262,卖盘
1351,13:43:33,7.55,--,27,20385,买盘
1352,13:43:27,7.55,0.01,1,755,买盘
1353,13:43:24,7.54,--,1,754,卖盘
1354,13:43:21,7.54,--,2,1508,卖盘
1355,13:43:18,7.54,--,30,22620,卖盘
1356,13:43:15,7.54,0.01,542,408668,买盘
1357,13:43:12,7.53,-0.01,55,41415,卖盘
1358,13:43:09,7.54,--,1064,802256,买盘
1359,13:43:06,7.54,0.01,1,754,买盘
1360,13:43:03,7.53,-0.01,29,21837,卖盘
1361,13:42:57,7.54,--,1,754,买盘
1362,13:42:54,7.54,0.01,22,16588,买盘
1363,13:42:51,7.53,-0.01,2,1506,卖盘
1364,13:42:48,7.54,0.01,1,754,买盘
1365,13:42:45,7.53,-0.01,58,43674,卖盘
1366,13:42:42,7.54,0.01,20,15080,买盘
1367,13:42:39,7.53,--,3,2259,卖盘
1368,13:42:36,7.53,--,5,3765,卖盘
1369,13:42:33,7.53,-0.01,1,753,卖盘
1370,13:42:30,7.54,--,15,11310,买盘
1371,13:42:27,7.54,0.01,16,12064,买盘
1372,13:42:18,7.53,--,24,18072,卖盘
1373,13:42:15,7.53,-0.01,1,753,卖盘
1374,13:42:12,7.54,--,110,82940,买盘
1375,13:42:09,7.54,0.01,11,8294,买盘
1376,13:42:06,7.53,-0.01,2,1506,卖盘
1377,13:42:00,7.54,0.01,1,754,买盘
1378,13:41:57,7.53,--,2,1506,卖盘
1379,13:41:54,7.53,-0.01,50,37650,卖盘
1380,13:41:51,7.54,--,72,54288,买盘
1381,13:41:48,7.54,0.01,1,754,买盘
1382,13:41:45,7.53,-0.01,52,39156,卖盘
1383,13:41:42,7.54,0.01,38,28652,买盘
1384,13:41:36,7.53,--,38,28614,卖盘
1385,13:41:33,7.53,--,25,18825,卖盘
1386,13:41:30,7.53,-0.01,12,9036,卖盘
1387,13:41:27,7.54,0.01,37,27898,买盘
1388,13:41:24,7.53,-0.01,12,9036,卖盘
1389,13:41:21,7.54,0.01,1,754,买盘
1390,13:41:18,7.53,--,12,9036,卖盘
1391,13:41:15,7.53,--,9,6777,卖盘
1392,13:41:12,7.53,--,3,2259,卖盘
1393,13:41:06,7.53,--,9,6777,卖盘
1394,13:41:03,7.53,--,8,6024,卖盘
1395,13:41:00,7.53,--,86,65503,买盘
1396,13:40:57,7.53,--,18,13554,买盘
1397,13:40:54,7.53,--,24,18072,买盘
1398,13:40:51,7.53,--,37,27861,买盘
1399,13:40:48,7.53,0.01,5,3765,买盘
1400,13:40:45,7.52,--,1,752,卖盘
1401,13:40:42,7.52,--,3,2256,卖盘
1402,13:40:39,7.52,-0.01,88,66176,卖盘
1403,13:40:36,7.53,0.01,140,105420,买盘
1404,13:40:33,7.52,-0.01,7,5264,卖盘
1405,13:40:30,7.53,0.01,1,753,买盘
1406,13:40:27,7.52,-0.01,8,6016,卖盘
1407,13:40:24,7.53,0.01,250,188250,买盘
1408,13:40:21,7.52,-0.01,8,6016,卖盘
1409,13:40:18,7.53,--,105,79065,买盘
1410,13:40:12,7.53,--,23,17319,买盘
1411,13:40:09,7.53,0.01,3,2259,买盘
1412,13:40:06,7.52,-0.01,2,1504,卖盘
1413,13:40:03,7.53,--,9,6777,买盘
1414,13:40:00,7.53,0.01,151,113703,买盘
1415,13:39:57,7.52,-0.01,27,20304,卖盘
1416,13:39:54,7.53,--,6,4518,买盘
1417,13:39:51,7.53,--,2,1506,买盘
1418,13:39:48,7.53,0.01,272,204816,买盘
1419,13:39:45,7.52,--,2,1504,卖盘
1420,13:39:36,7.52,--,1,752,卖盘
1421,13:39:33,7.52,--,26,19552,卖盘
1422,13:39:30,7.52,-0.01,35,26320,卖盘
1423,13:39:27,7.53,--,910,685230,买盘
1424,13:39:21,7.53,0.01,61,45933,买盘
1425,13:39:18,7.52,--,22,16544,卖盘
1426,13:39:12,7.52,-0.01,10,7520,卖盘
1427,13:39:09,7.53,0.01,312,234936,买盘
1428,13:39:06,7.52,--,8,6016,卖盘
1429,13:39:03,7.52,--,221,166192,卖盘
1430,13:39:00,7.52,-0.01,62,46624,卖盘
1431,13:38:57,7.53,--,108,81324,买盘
1432,13:38:54,7.53,0.01,24,18072,买盘
1433,13:38:51,7.52,-0.01,10,7520,卖盘
1434,13:38:48,7.53,0.01,651,490203,买盘
1435,13:38:45,7.52,-0.01,32,24064,卖盘
1436,13:38:42,7.53,--,11,8283,买盘
1437,13:38:39,7.53,--,741,557973,买盘
1438,13:38:36,7.53,0.01,2,1506,买盘
1439,13:38:33,7.52,-0.01,1,752,卖盘
1440,13:38:30,7.53,--,1,753,买盘
1441,13:38:27,7.53,0.01,240,180720,买盘
1442,13:38:21,7.52,-0.01,42,31584,卖盘
1443,13:38:18,7.53,0.01,23,17319,买盘
1444,13:38:15,7.52,-0.01,54,40608,卖盘
1445,13:38:09,7.53,0.01,1,753,买盘
1446,13:38:06,7.52,-0.01,4,3008,卖盘
1447,13:38:03,7.53,--,7,5271,买盘
1448,13:38:00,7.53,0.01,609,458577,买盘
1449,13:37:57,7.52,-0.01,3,2256,卖盘
1450,13:37:54,7.53,0.01,3,2259,买盘
1451,13:37:51,7.52,--,7,5264,卖盘
1452,13:37:48,7.52,--,52,39104,卖盘
1453,13:37:45,7.52,--,13,9776,卖盘
1454,13:37:42,7.52,-0.01,3,2256,卖盘
1455,13:37:39,7.53,--,1,753,买盘
1456,13:37:36,7.53,0.01,5,3765,买盘
1457,13:37:33,7.52,--,96,72192,卖盘
1458,13:37:30,7.52,-0.01,25,18800,卖盘
1459,13:37:27,7.53,0.01,4,3012,买盘
1460,13:37:21,7.52,--,6,4512,卖盘
1461,13:37:18,7.52,-0.01,45,33840,卖盘
1462,13:37:15,7.53,0.01,3,2259,买盘
1463,13:37:12,7.52,0.01,10,7520,卖盘
1464,13:37:09,7.51,--,72,54072,卖盘
1465,13:37:06,7.51,-0.01,101,75851,卖盘
1466,13:37:00,7.52,0.01,1,752,买盘
1467,13:36:57,7.51,-0.01,81,60831,卖盘
1468,13:36:54,7.52,--,32,24064,买盘
1469,13:36:51,7.52,--,26,19552,买盘
1470,13:36:48,7.52,0.01,3,2256,买盘
1471,13:36:45,7.51,-0.01,26,19526,卖盘
1472,13:36:42,7.52,0.01,30,22560,买盘
1473,13:36:39,7.51,-0.01,5,3755,卖盘
1474,13:36:36,7.52,0.01,51,38352,买盘
1475,13:36:33,7.51,-0.01,1,751,卖盘
1476,13:36:30,7.52,--,7,5264,买盘
1477,13:36:27,7.52,--,91,68432,买盘
1478,13:36:24,7.52,--,18,13536,买盘
1479,13:36:21,7.52,0.01,9,6768,买盘
1480,13:36:18,7.51,-0.01,110,82610,卖盘
1481,13:36:15,7.52,0.01,51,38352,买盘
1482,13:36:12,7.51,--,41,30791,卖盘
1483,13:36:09,7.51,-0.01,464,348464,卖盘
1484,13:36:06,7.52,--,9,6768,买盘
1485,13:36:03,7.52,0.01,7,5264,买盘
1486,13:35:57,7.51,-0.01,83,62333,卖盘
1487,13:35:54,7.52,0.01,10,7520,买盘
1488,13:35:51,7.51,-0.01,4,3004,卖盘
1489,13:35:48,7.52,0.01,17,12784,买盘
1490,13:35:45,7.51,--,2,1502,卖盘
1491,13:35:42,7.51,--,1,751,卖盘
1492,13:35:39,7.51,-0.01,1,751,卖盘
1493,13:35:36,7.52,0.01,59,44368,买盘
1494,13:35:33,7.51,-0.01,44,33044,卖盘
1495,13:35:30,7.52,-0.01,1017,764784,卖盘
1496,13:35:27,7.53,--,2,1506,买盘
1497,13:35:24,7.53,0.01,11,8283,买盘
1498,13:35:21,7.52,-0.01,41,30832,卖盘
1499,13:35:18,7.53,--,38,28614,买盘
1500,13:35:15,7.53,--,3,2259,买盘
1501,13:35:09,7.53,0.01,15,11295,买盘
1502,13:35:06,7.52,-0.01,5,3760,卖盘
1503,13:34:57,7.53,--,18,13554,买盘
1504,13:34:54,7.53,--,2,1506,买盘
1505,13:34:48,7.53,0.01,2,1506,买盘
1506,13:34:45,7.52,--,43,32335,卖盘
1507,13:34:36,7.52,--,1,752,卖盘
1508,13:34:33,7.52,-0.01,55,41360,卖盘
1509,13:34:27,7.53,0.01,2,1506,买盘
1510,13:34:24,7.52,--,1,752,卖盘
1511,13:34:21,7.52,-0.01,329,247408,卖盘
1512,13:34:18,7.53,--,6,4518,买盘
1513,13:34:15,7.53,--,5,3765,买盘
1514,13:34:12,7.53,--,113,85089,买盘
1515,13:34:09,7.53,0.01,10,7530,买盘
1516,13:34:06,7.52,--,9,6768,卖盘
1517,13:34:03,7.52,--,3,2256,卖盘
1518,13:34:00,7.52,-0.01,2,1504,卖盘
1519,13:33:54,7.53,0.01,2,1506,买盘
1520,13:33:51,7.52,-0.01,2,1504,卖盘
1521,13:33:48,7.53,0.01,1,753,买盘
1522,13:33:45,7.52,--,1,752,卖盘
1523,13:33:42,7.52,-0.01,1,752,卖盘
1524,13:33:39,7.53,0.01,22,16566,买盘
1525,13:33:36,7.52,--,1,752,卖盘
1526,13:33:33,7.52,--,301,226352,卖盘
1527,13:33:27,7.52,--,14,10528,卖盘
1528,13:33:24,7.52,--,30,22560,卖盘
1529,13:33:21,7.52,-0.01,1,752,卖盘
1530,13:33:18,7.53,0.01,83,62499,买盘
1531,13:33:15,7.52,-0.01,31,23312,卖盘
1532,13:33:12,7.53,0.01,4,3012,买盘
1533,13:33:06,7.52,-0.01,2,1504,卖盘
1534,13:33:00,7.53,--,10,7530,买盘
1535,13:32:57,7.53,0.01,24,18072,买盘
1536,13:32:54,7.52,-0.01,4,3008,卖盘
1537,13:32:51,7.53,--,8,6024,买盘
1538,13:32:48,7.53,0.01,2,1506,买盘
1539,13:32:45,7.52,--,126,94752,卖盘
1540,13:32:42,7.52,-0.01,5,3760,卖盘
1541,13:32:39,7.53,0.01,10,7530,买盘
1542,13:32:36,7.52,--,129,97008,卖盘
1543,13:32:33,7.52,-0.01,3,2256,卖盘
1544,13:32:30,7.53,--,4,3012,买盘
1545,13:32:27,7.53,0.01,20,15060,买盘
1546,13:32:24,7.52,--,28,21056,卖盘
1547,13:32:21,7.52,-0.01,11,8272,卖盘
1548,13:32:18,7.53,0.01,50,37650,买盘
1549,13:32:15,7.52,-0.01,31,23312,卖盘
1550,13:32:12,7.53,0.01,115,86595,买盘
1551,13:32:06,7.52,-0.01,24,18048,卖盘
1552,13:32:00,7.53,--,17,12801,买盘
1553,13:31:54,7.53,--,42,31626,买盘
1554,13:31:51,7.53,0.01,47,35391,买盘
1555,13:31:48,7.52,--,2,1504,卖盘
1556,13:31:45,7.52,-0.01,1,752,卖盘
1557,13:31:39,7.53,0.01,105,79065,买盘
1558,13:31:36,7.52,--,21,15792,卖盘
1559,13:31:33,7.52,--,11,8272,卖盘
1560,13:31:27,7.52,--,7,5264,卖盘
1561,13:31:24,7.52,-0.01,20,15040,卖盘
1562,13:31:21,7.53,0.01,50,37650,买盘
1563,13:31:18,7.52,--,16,12032,卖盘
1564,13:31:15,7.52,-0.01,56,42112,卖盘
1565,13:31:09,7.53,0.01,14,10542,买盘
1566,13:31:06,7.52,--,2,1504,卖盘
1567,13:31:03,7.52,--,5,3760,卖盘
1568,13:31:00,7.52,--,8,6016,卖盘
1569,13:30:57,7.52,--,25,18800,卖盘
1570,13:30:54,7.52,0.01,7,5264,买盘
1571,13:30:48,7.51,-0.01,149,111899,卖盘
1572,13:30:45,7.52,0.01,83,62416,买盘
1573,13:30:42,7.51,--,54,40554,卖盘
1574,13:30:39,7.51,--,114,85614,卖盘
1575,13:30:36,7.51,--,77,57827,卖盘
1576,13:30:33,7.51,--,1,751,卖盘
1577,13:30:30,7.51,-0.01,25,18775,卖盘
1578,13:30:27,7.52,--,118,88736,卖盘
1579,13:30:24,7.52,--,10,7520,卖盘
1580,13:30:21,7.52,--,8,6016,卖盘
1581,13:30:18,7.52,--,26,19552,卖盘
1582,13:30:15,7.52,--,25,18800,卖盘
1583,13:30:12,7.52,--,7,5264,卖盘
1584,13:30:09,7.52,0.01,36,27072,买盘
1585,13:30:06,7.51,--,321,241071,卖盘
1586,13:30:03,7.51,--,122,91622,卖盘
1587,13:30:00,7.51,--,297,223047,卖盘
1588,13:29:57,7.51,-0.01,205,153955,卖盘
1589,13:29:54,7.52,--,22,16544,买盘
1590,13:29:51,7.52,--,24,18048,买盘
1591,13:29:48,7.52,0.01,3,2256,买盘
1592,13:29:45,7.51,-0.01,1,751,卖盘
1593,13:29:42,7.52,0.01,5,3760,买盘
1594,13:29:36,7.51,--,49,36799,卖盘
1595,13:29:33,7.51,--,6,4506,卖盘
1596,13:29:30,7.51,-0.01,136,102136,卖盘
1597,13:29:27,7.52,0.01,29,21808,买盘
1598,13:29:24,7.51,-0.01,26,19526,卖盘
1599,13:29:18,7.52,--,6,4512,买盘
1600,13:29:15,7.52,--,4,3008,买盘
1601,13:29:12,7.52,--,2,1504,买盘
1602,13:29:09,7.52,0.01,242,181984,买盘
1603,13:29:06,7.51,-0.01,70,52570,卖盘
1604,13:29:03,7.52,0.01,7,5264,买盘
1605,13:29:00,7.51,-0.01,20,15020,卖盘
1606,13:28:57,7.52,--,25,18800,买盘
1607,13:28:54,7.52,0.01,3,2256,买盘
1608,13:28:51,7.51,--,2,1502,卖盘
1609,13:28:48,7.51,--,9,6759,卖盘
1610,13:28:45,7.51,--,1,751,卖盘
1611,13:28:42,7.51,--,1,751,卖盘
1612,13:28:33,7.51,-0.01,30,22530,卖盘
1613,13:28:30,7.52,--,4,3008,买盘
1614,13:28:27,7.52,0.01,1,752,买盘
1615,13:28:24,7.51,-0.01,114,85614,卖盘
1616,13:28:21,7.52,--,2,1504,买盘
1617,13:28:18,7.52,--,32,24064,买盘
1618,13:28:15,7.52,0.01,13,9776,买盘
1619,13:28:12,7.51,--,29,21779,卖盘
1620,13:28:09,7.51,-0.01,55,41305,卖盘
1621,13:28:06,7.52,0.01,52,39104,买盘
1622,13:28:03,7.51,--,3,2253,卖盘
1623,13:27:57,7.51,-0.01,4,3004,卖盘
1624,13:27:51,7.52,--,96,72192,买盘
1625,13:27:48,7.52,0.01,15,11280,买盘
1626,13:27:45,7.51,-0.01,1,751,卖盘
1627,13:27:42,7.52,--,25,18800,买盘
1628,13:27:39,7.52,0.01,1,752,买盘
1629,13:27:36,7.51,-0.01,5,3755,卖盘
1630,13:27:30,7.52,--,4,3008,买盘
1631,13:27:27,7.52,0.01,1,752,买盘
1632,13:27:24,7.51,--,10,7510,卖盘
1633,13:27:21,7.51,-0.01,3,2253,卖盘
1634,13:27:18,7.52,--,170,127840,买盘
1635,13:27:15,7.52,0.01,232,174464,买盘
1636,13:27:12,7.51,--,1,751,卖盘
1637,13:27:09,7.51,--,1,751,卖盘
1638,13:27:06,7.51,-0.01,6,4506,卖盘
1639,13:27:03,7.52,0.01,82,61664,买盘
1640,13:27:00,7.51,--,73,54823,卖盘
1641,13:26:54,7.51,--,110,82610,卖盘
1642,13:26:51,7.51,--,1,751,卖盘
1643,13:26:48,7.51,-0.01,139,104389,卖盘
1644,13:26:45,7.52,0.01,5,3760,买盘
1645,13:26:39,7.51,--,6,4506,卖盘
1646,13:26:36,7.51,--,61,45811,卖盘
1647,13:26:33,7.51,-0.01,285,214035,卖盘
1648,13:26:27,7.52,--,2,1504,卖盘
1649,13:26:24,7.52,-0.01,36,27072,卖盘
1650,13:26:18,7.53,0.01,22,16566,买盘
1651,13:26:15,7.52,-0.01,9,6768,卖盘
1652,13:26:12,7.53,0.01,1,753,买盘
1653,13:26:09,7.52,--,10,7520,卖盘
1654,13:26:06,7.52,--,6,4512,卖盘
1655,13:26:03,7.52,--,17,12784,卖盘
1656,13:26:00,7.52,--,9,6768,卖盘
1657,13:25:54,7.52,-0.01,3,2256,卖盘
1658,13:25:51,7.53,--,40,30120,买盘
1659,13:25:48,7.53,0.01,1,753,买盘
1660,13:25:45,7.52,--,3,2256,卖盘
1661,13:25:42,7.52,-0.01,7,5264,卖盘
1662,13:25:39,7.53,0.01,11,8283,买盘
1663,13:25:36,7.52,--,29,21808,卖盘
1664,13:25:33,7.52,--,39,29328,卖盘
1665,13:25:30,7.52,-0.01,50,37600,卖盘
1666,13:25:27,7.53,0.01,6,4518,买盘
1667,13:25:24,7.52,--,38,28576,卖盘
1668,13:25:21,7.52,-0.01,130,97760,卖盘
1669,13:25:18,7.53,--,5,3765,买盘
1670,13:25:15,7.53,0.01,24,18072,买盘
1671,13:25:12,7.52,-0.01,2,1504,卖盘
1672,13:25:09,7.53,0.01,6,4518,买盘
1673,13:25:00,7.52,--,20,15040,卖盘
1674,13:24:57,7.52,-0.01,2,1504,中性盘
1675,13:24:51,7.53,0.02,10,7530,买盘
1676,13:24:48,7.51,--,3,2253,卖盘
1677,13:24:45,7.51,--,1,751,卖盘
1678,13:24:42,7.51,-0.01,82,61582,卖盘
1679,13:24:39,7.52,0.01,15,11280,中性盘
1680,13:24:36,7.51,-0.01,22,16732,卖盘
1681,13:24:33,7.52,--,19,14288,买盘
1682,13:24:30,7.52,--,6,4512,买盘
1683,13:24:27,7.52,--,3,2256,买盘
1684,13:24:24,7.52,0.01,88,66176,买盘
1685,13:24:21,7.51,-0.01,1,751,卖盘
1686,13:24:18,7.52,--,6,4512,买盘
1687,13:24:15,7.52,--,36,27072,买盘
1688,13:24:12,7.52,--,5,3760,买盘
1689,13:24:09,7.52,0.01,25,18800,买盘
1690,13:24:06,7.51,--,125,93875,卖盘
1691,13:24:03,7.51,--,3,2253,卖盘
1692,13:23:57,7.51,-0.01,3,2253,卖盘
1693,13:23:54,7.52,--,60,45120,买盘
1694,13:23:51,7.52,--,45,33840,买盘
1695,13:23:48,7.52,--,2,1504,买盘
1696,13:23:45,7.52,0.01,50,37600,买盘
1697,13:23:42,7.51,--,102,76602,卖盘
1698,13:23:39,7.51,--,15,11265,卖盘
1699,13:23:36,7.51,-0.01,1,751,卖盘
1700,13:23:33,7.52,0.01,5,3760,买盘
1701,13:23:30,7.51,-0.01,69,51819,卖盘
1702,13:23:27,7.52,0.01,12,9024,买盘
1703,13:23:24,7.51,--,30,22530,卖盘
1704,13:23:21,7.51,-0.01,12,9012,卖盘
1705,13:23:18,7.52,0.01,16,12032,买盘
1706,13:23:15,7.51,--,17,12767,卖盘
1707,13:23:09,7.51,--,66,49566,卖盘
1708,13:23:06,7.51,-0.01,234,175734,卖盘
1709,13:23:00,7.52,0.01,5,3760,买盘
1710,13:22:57,7.51,--,121,90871,卖盘
1711,13:22:51,7.51,-0.01,1,751,卖盘
1712,13:22:48,7.52,0.01,25,18800,买盘
1713,13:22:45,7.51,--,2,1502,卖盘
1714,13:22:42,7.51,--,39,29289,卖盘
1715,13:22:39,7.51,--,44,33044,卖盘
1716,13:22:36,7.51,--,3,2253,卖盘
1717,13:22:33,7.51,-0.01,1,751,卖盘
1718,13:22:30,7.52,--,4,3008,买盘
1719,13:22:27,7.52,0.01,1,752,买盘
1720,13:22:24,7.51,-0.01,1,751,卖盘
1721,13:22:18,7.52,--,107,80464,买盘
1722,13:22:15,7.52,--,60,45120,买盘
1723,13:22:12,7.52,0.01,125,94000,买盘
1724,13:22:09,7.51,--,10,7510,卖盘
1725,13:22:06,7.51,--,8,6008,卖盘
1726,13:22:03,7.51,--,175,131425,卖盘
1727,13:22:00,7.51,-0.01,15,11265,卖盘
1728,13:21:57,7.52,0.01,120,90240,买盘
1729,13:21:54,7.51,--,1,751,卖盘
1730,13:21:51,7.51,-0.01,3,2253,卖盘
1731,13:21:48,7.52,--,2,1504,买盘
1732,13:21:45,7.52,--,158,119357,卖盘
1733,13:21:42,7.52,-0.01,2,1504,卖盘
1734,13:21:39,7.53,0.01,14,10542,买盘
1735,13:21:36,7.52,--,1051,790352,卖盘
1736,13:21:33,7.52,--,15,11280,卖盘
1737,13:21:30,7.52,-0.01,1,752,卖盘
1738,13:21:27,7.53,0.01,2,1506,买盘
1739,13:21:21,7.52,--,25,18800,卖盘
1740,13:21:18,7.52,--,19,14288,卖盘
1741,13:21:15,7.52,--,12,9024,卖盘
1742,13:21:12,7.52,--,1,752,卖盘
1743,13:21:09,7.52,--,1,752,卖盘
1744,13:21:06,7.52,--,18,13536,卖盘
1745,13:21:03,7.52,-0.01,1197,900144,卖盘
1746,13:21:00,7.53,0.01,13,9789,买盘
1747,13:20:57,7.52,-0.01,4,3008,卖盘
1748,13:20:54,7.53,0.01,5,3765,买盘
1749,13:20:51,7.52,-0.01,1,752,卖盘
1750,13:20:45,7.53,0.01,13,9789,买盘
1751,13:20:42,7.52,--,12,9024,卖盘
1752,13:20:39,7.52,--,53,39856,卖盘
1753,13:20:36,7.52,--,13,9776,卖盘
1754,13:20:33,7.52,-0.01,150,112800,卖盘
1755,13:20:30,7.53,--,1,753,买盘
1756,13:20:27,7.53,--,2,1506,买盘
1757,13:20:24,7.53,0.01,94,70782,买盘
1758,13:20:21,7.52,--,43,32335,卖盘
1759,13:20:18,7.52,-0.01,1,752,卖盘
1760,13:20:15,7.53,0.01,23,17319,买盘
1761,13:20:12,7.52,--,490,368480,卖盘
1762,13:20:06,7.52,--,1,752,卖盘
1763,13:20:03,7.52,--,23,17296,卖盘
1764,13:20:00,7.52,--,1,752,卖盘
1765,13:19:57,7.52,-0.01,91,68432,卖盘
1766,13:19:51,7.53,--,26,19578,买盘
1767,13:19:48,7.53,0.01,1,753,买盘
1768,13:19:45,7.52,-0.01,1,752,卖盘
1769,13:19:42,7.53,0.01,4,3012,买盘
1770,13:19:39,7.52,--,188,141376,卖盘
1771,13:19:36,7.52,--,16,12032,卖盘
1772,13:19:33,7.52,-0.01,1,752,卖盘
1773,13:19:30,7.53,--,26,19578,买盘
1774,13:19:27,7.53,0.01,1,753,买盘
1775,13:19:24,7.52,--,1,752,卖盘
1776,13:19:21,7.52,--,1,752,卖盘
1777,13:19:18,7.52,-0.01,54,40608,卖盘
1778,13:19:15,7.53,0.01,41,30873,买盘
1779,13:19:12,7.52,-0.01,1,752,卖盘
1780,13:19:09,7.53,0.01,25,18825,买盘
1781,13:19:06,7.52,--,3,2256,卖盘
1782,13:19:03,7.52,-0.01,2,1504,卖盘
1783,13:18:57,7.53,0.01,4,3012,买盘
1784,13:18:54,7.52,-0.01,30,22560,卖盘
1785,13:18:48,7.53,0.01,21,15813,买盘
1786,13:18:45,7.52,--,284,213568,卖盘
1787,13:18:39,7.52,--,30,22560,卖盘
1788,13:18:36,7.52,--,12,9234,卖盘
1789,13:18:33,7.52,--,30,22560,卖盘
1790,13:18:30,7.52,-0.01,5,3760,卖盘
1791,13:18:27,7.53,0.01,3,2259,买盘
1792,13:18:24,7.52,--,22,16544,卖盘
1793,13:18:18,7.52,-0.01,24,18048,卖盘
1794,13:18:15,7.53,0.01,1093,823029,买盘
1795,13:18:12,7.52,--,25,18800,卖盘
1796,13:18:06,7.52,--,27,20304,卖盘
1797,13:18:03,7.52,--,119,89488,卖盘
1798,13:18:00,7.52,-0.01,2,1504,卖盘
1799,13:17:51,7.53,--,25,18825,买盘
1800,13:17:45,7.53,0.01,13,9789,买盘
1801,13:17:42,7.52,-0.01,5,3760,卖盘
1802,13:17:39,7.53,0.01,190,143070,买盘
1803,13:17:36,7.52,--,3,2256,卖盘
1804,13:17:30,7.52,-0.01,37,27824,卖盘
1805,13:17:27,7.53,0.01,5,3765,买盘
1806,13:17:24,7.52,--,16,12032,卖盘
1807,13:17:21,7.52,-0.01,80,60160,卖盘
1808,13:17:18,7.53,0.01,33,24849,买盘
1809,13:17:15,7.52,-0.01,13,9776,卖盘
1810,13:17:12,7.53,0.01,5,3765,买盘
1811,13:17:09,7.52,-0.01,20,15040,卖盘
1812,13:17:06,7.53,--,124,93372,买盘
1813,13:17:03,7.53,--,13,9789,买盘
1814,13:17:00,7.53,0.01,8,6024,买盘
1815,13:16:57,7.52,--,4,3008,卖盘
1816,13:16:54,7.52,-0.01,31,23312,卖盘
1817,13:16:51,7.53,--,20,15060,买盘
1818,13:16:45,7.53,0.01,24,18072,买盘
1819,13:16:42,7.52,--,2,1504,卖盘
1820,13:16:39,7.52,--,12,9024,卖盘
1821,13:16:36,7.52,--,4,3008,卖盘
1822,13:16:33,7.52,--,51,38352,卖盘
1823,13:16:30,7.52,-0.01,2,1504,卖盘
1824,13:16:27,7.53,--,39,29367,买盘
1825,13:16:24,7.53,0.01,14,10542,买盘
1826,13:16:21,7.52,-0.01,2,1504,卖盘
1827,13:16:15,7.53,0.01,28,21084,买盘
1828,13:16:12,7.52,--,3,2256,卖盘
1829,13:16:09,7.52,--,2,1504,卖盘
1830,13:16:06,7.52,-0.01,5,3760,卖盘
1831,13:16:03,7.53,--,3,2259,买盘
1832,13:16:00,7.53,0.01,2,1506,买盘
1833,13:15:57,7.52,-0.01,17,12784,卖盘
1834,13:15:54,7.53,0.01,30,22590,买盘
1835,13:15:51,7.52,-0.01,3,2256,卖盘
1836,13:15:48,7.53,0.01,2,1506,买盘
1837,13:15:45,7.52,--,1,752,卖盘
1838,13:15:36,7.52,-0.01,2,1504,卖盘
1839,13:15:27,7.53,0.01,1,753,买盘
1840,13:15:24,7.52,-0.01,1,752,卖盘
1841,13:15:21,7.53,0.01,2,1506,买盘
1842,13:15:18,7.52,-0.01,66,49632,卖盘
1843,13:15:15,7.53,0.01,14,10542,买盘
1844,13:15:09,7.52,--,143,107536,卖盘
1845,13:15:06,7.52,--,3,2256,卖盘
1846,13:15:03,7.52,-0.01,8,6016,卖盘
1847,13:15:00,7.53,--,102,76806,买盘
1848,13:14:57,7.53,0.01,7,5271,买盘
1849,13:14:51,7.52,-0.01,2,1504,卖盘
1850,13:14:48,7.53,0.01,3,2259,买盘
1851,13:14:45,7.52,--,18,13536,卖盘
1852,13:14:42,7.52,--,3,2256,卖盘
1853,13:14:36,7.52,--,21,15792,卖盘
1854,13:14:30,7.52,-0.01,2,1504,卖盘
1855,13:14:27,7.53,0.01,35,26355,买盘
1856,13:14:21,7.52,--,1,752,卖盘
1857,13:14:18,7.52,--,12,9024,卖盘
1858,13:14:15,7.52,-0.01,9,6768,卖盘
1859,13:14:12,7.53,0.01,11,8283,买盘
1860,13:14:09,7.52,--,2,1504,卖盘
1861,13:14:06,7.52,--,12,9024,卖盘
1862,13:14:03,7.52,--,30,22560,卖盘
1863,13:13:57,7.52,--,6,4512,卖盘
1864,13:13:54,7.52,-0.01,4,3008,卖盘
1865,13:13:48,7.53,0.01,1,753,买盘
1866,13:13:45,7.52,-0.01,7,5264,卖盘
1867,13:13:39,7.53,0.01,3,2259,买盘
1868,13:13:36,7.52,--,142,106784,卖盘
1869,13:13:33,7.52,-0.01,14,10528,卖盘
1870,13:13:27,7.53,0.01,31,23343,买盘
1871,13:13:24,7.52,--,21,15792,卖盘
1872,13:13:18,7.52,-0.01,1,752,卖盘
1873,13:13:15,7.53,0.01,21,15813,买盘
1874,13:13:12,7.52,--,24,18048,卖盘
1875,13:13:09,7.52,--,7,5264,卖盘
1876,13:13:06,7.52,--,4,3008,卖盘
1877,13:13:03,7.52,--,54,40608,买盘
1878,13:13:00,7.52,0.01,13,9776,买盘
1879,13:12:51,7.51,--,2,1502,卖盘
1880,13:12:48,7.51,--,115,86365,卖盘
1881,13:12:45,7.51,--,1,751,卖盘
1882,13:12:39,7.51,--,11,8261,卖盘
1883,13:12:36,7.51,-0.01,941,706691,卖盘
1884,13:12:33,7.52,0.01,61,45872,买盘
1885,13:12:30,7.51,-0.01,10,7510,卖盘
1886,13:12:27,7.52,0.01,6,4512,买盘
1887,13:12:24,7.51,-0.01,74,55574,卖盘
1888,13:12:21,7.52,0.01,117,87984,买盘
1889,13:12:18,7.51,--,12,9012,卖盘
1890,13:12:15,7.51,-0.01,19,14269,卖盘
1891,13:12:12,7.52,0.01,145,109040,买盘
1892,13:12:06,7.51,--,13,9763,卖盘
1893,13:12:03,7.51,--,3,2253,卖盘
1894,13:12:00,7.51,-0.01,5,3755,卖盘
1895,13:11:57,7.52,--,11,8272,买盘
1896,13:11:54,7.52,--,2,1504,买盘
1897,13:11:51,7.52,--,79,59408,买盘
1898,13:11:48,7.52,0.01,11,8272,买盘
1899,13:11:45,7.51,--,2,1502,卖盘
1900,13:11:42,7.51,-0.01,1,751,卖盘
1901,13:11:39,7.52,0.01,116,87232,买盘
1902,13:11:36,7.51,--,862,647362,卖盘
1903,13:11:33,7.51,--,3,2253,卖盘
1904,13:11:30,7.51,-0.01,8,6008,卖盘
1905,13:11:27,7.52,0.01,101,75952,买盘
1906,13:11:21,7.51,--,32,24032,卖盘
1907,13:11:18,7.51,-0.01,3,2253,卖盘
1908,13:11:15,7.52,0.01,18,13536,买盘
1909,13:11:12,7.51,--,3,2253,卖盘
1910,13:11:06,7.51,-0.01,3,2253,卖盘
1911,13:11:03,7.52,--,1,752,买盘
1912,13:11:00,7.52,--,86,64671,买盘
1913,13:10:57,7.52,--,22,16544,买盘
1914,13:10:54,7.52,--,36,27072,买盘
1915,13:10:51,7.52,0.01,52,39104,买盘
1916,13:10:48,7.51,--,79,59329,卖盘
1917,13:10:45,7.51,-0.01,1,751,卖盘
1918,13:10:39,7.52,--,68,51136,买盘
1919,13:10:36,7.52,-0.01,225,169200,卖盘
1920,13:10:33,7.53,--,33,24849,买盘
1921,13:10:27,7.53,0.01,4,3012,买盘
1922,13:10:24,7.52,-0.01,10,7520,卖盘
1923,13:10:18,7.53,0.01,21,15813,买盘
1924,13:10:15,7.52,-0.01,5,3760,卖盘
1925,13:10:12,7.53,--,14,10542,买盘
1926,13:10:09,7.53,0.01,131,98643,买盘
1927,13:10:06,7.52,--,3,2256,卖盘
1928,13:09:54,7.52,-0.01,4,3008,卖盘
1929,13:09:51,7.53,0.02,1,753,买盘
1930,13:09:48,7.51,-0.01,54,40554,卖盘
1931,13:09:45,7.52,0.01,24,18048,中性盘
1932,13:09:42,7.51,-0.01,21,15771,卖盘
1933,13:09:39,7.52,0.01,1,752,买盘
1934,13:09:36,7.51,-0.01,60,45060,卖盘
1935,13:09:33,7.52,--,54,40608,买盘
1936,13:09:27,7.52,--,1,752,买盘
1937,13:09:24,7.52,0.01,1,752,买盘
1938,13:09:21,7.51,-0.01,3,2253,卖盘
1939,13:09:18,7.52,--,15,11280,买盘
1940,13:09:15,7.52,0.01,26,19552,买盘
1941,13:09:12,7.51,--,39,29289,卖盘
1942,13:09:09,7.51,--,22,16522,卖盘
1943,13:09:06,7.51,--,5,3755,卖盘
1944,13:09:03,7.51,--,3,2253,卖盘
1945,13:09:00,7.51,-0.01,1,751,卖盘
1946,13:08:57,7.52,--,30,22560,买盘
1947,13:08:51,7.52,0.01,25,18800,买盘
1948,13:08:48,7.51,--,3,2253,卖盘
1949,13:08:45,7.51,-0.01,1,751,卖盘
1950,13:08:42,7.52,0.01,1,752,买盘
1951,13:08:39,7.51,--,46,34546,卖盘
1952,13:08:36,7.51,--,13,9763,卖盘
1953,13:08:33,7.51,--,85,63835,卖盘
1954,13:08:30,7.51,--,27,20277,卖盘
1955,13:08:27,7.51,--,58,43558,卖盘
1956,13:08:24,7.51,-0.01,126,94626,卖盘
1957,13:08:18,7.52,0.01,11,8272,买盘
1958,13:08:15,7.51,--,102,76602,卖盘
1959,13:08:12,7.51,-0.01,24,18024,卖盘
1960,13:08:06,7.52,0.01,5,3760,买盘
1961,13:08:03,7.51,-0.01,6,4506,卖盘
1962,13:08:00,7.52,--,1,752,买盘
1963,13:07:57,7.52,0.01,41,30832,买盘
1964,13:07:54,7.51,-0.01,2,1502,卖盘
1965,13:07:48,7.52,0.01,5,3760,买盘
1966,13:07:42,7.51,--,2,1502,卖盘
1967,13:07:36,7.51,-0.01,1,751,卖盘
1968,13:07:33,7.52,--,10,7520,买盘
1969,13:07:30,7.52,0.01,1032,776064,买盘
1970,13:07:27,7.51,--,19,14269,卖盘
1971,13:07:24,7.51,--,19,14269,卖盘
1972,13:07:18,7.51,-0.01,3,2253,卖盘
1973,13:07:12,7.52,--,50,37600,买盘
1974,13:07:09,7.52,0.01,3,2256,买盘
1975,13:07:06,7.51,-0.01,45,33795,卖盘
1976,13:07:00,7.52,0.01,2,1504,买盘
1977,13:06:57,7.51,--,201,150951,卖盘
1978,13:06:54,7.51,--,13,9763,卖盘
1979,13:06:51,7.51,-0.01,1,751,卖盘
1980,13:06:48,7.52,0.01,1,752,买盘
1981,13:06:45,7.51,-0.01,4,3004,卖盘
1982,13:06:42,7.52,--,80,60160,买盘
1983,13:06:39,7.52,0.01,21,15792,买盘
1984,13:06:36,7.51,-0.01,3,2253,卖盘
1985,13:06:27,7.52,0.01,2,1504,买盘
1986,13:06:24,7.51,--,1,751,卖盘
1987,13:06:21,7.51,--,1,751,卖盘
1988,13:06:18,7.51,--,16,12016,卖盘
1989,13:06:15,7.51,--,20,15020,卖盘
1990,13:06:12,7.51,--,41,30791,卖盘
1991,13:06:06,7.51,--,22,16522,卖盘
1992,13:06:03,7.51,--,4,3004,卖盘
1993,13:05:57,7.51,-0.01,6,4506,卖盘
1994,13:05:54,7.52,0.01,2,1504,买盘
1995,13:05:51,7.51,-0.01,210,157710,卖盘
1996,13:05:48,7.52,--,1,752,买盘
1997,13:05:45,7.52,--,1,752,买盘
1998,13:05:42,7.52,0.01,26,19552,买盘
1999,13:05:39,7.51,--,1,751,卖盘
2000,13:05:33,7.51,-0.01,1,751,卖盘
2001,13:05:30,7.52,0.01,20,15040,买盘
2002,13:05:27,7.51,-0.01,18,13518,卖盘
2003,13:05:21,7.52,--,1,752,买盘
2004,13:05:18,7.52,--,52,39104,买盘
2005,13:05:15,7.52,0.01,5,3760,买盘
2006,13:05:12,7.51,-0.01,505,379255,卖盘
2007,13:05:09,7.52,0.01,5,3760,买盘
2008,13:05:06,7.51,--,122,91622,卖盘
2009,13:04:54,7.51,-0.01,2,1502,卖盘
2010,13:04:48,7.52,0.01,34,25568,买盘
2011,13:04:45,7.51,-0.01,15,11265,卖盘
2012,13:04:42,7.52,--,42,31584,买盘
2013,13:04:39,7.52,--,223,167696,卖盘
2014,13:04:36,7.52,--,25,18800,卖盘
2015,13:04:33,7.52,-0.01,17,12784,卖盘
2016,13:04:27,7.53,--,2,1506,买盘
2017,13:04:24,7.53,0.01,18,13554,买盘
2018,13:04:21,7.52,-0.01,13,9776,卖盘
2019,13:04:18,7.53,0.01,12,9036,买盘
2020,13:04:15,7.52,-0.01,46,34592,卖盘
2021,13:04:12,7.53,0.01,101,76053,买盘
2022,13:04:06,7.52,--,21,15792,卖盘
2023,13:04:00,7.52,--,2,1504,卖盘
2024,13:03:57,7.52,-0.01,37,27824,卖盘
2025,13:03:54,7.53,0.01,25,18825,买盘
2026,13:03:48,7.52,--,1,752,卖盘
2027,13:03:42,7.52,--,4,3008,卖盘
2028,13:03:39,7.52,--,35,26320,买盘
2029,13:03:33,7.52,0.01,50,37600,买盘
2030,13:03:27,7.51,-0.01,1,751,卖盘
2031,13:03:21,7.52,0.01,24,18048,买盘
2032,13:03:18,7.51,--,10,7510,卖盘
2033,13:03:15,7.51,-0.01,2,1502,卖盘
2034,13:03:12,7.52,--,4,3008,买盘
2035,13:03:09,7.52,0.01,21,15792,买盘
2036,13:03:06,7.51,--,2,1502,卖盘
2037,13:03:03,7.51,--,3,2253,卖盘
2038,13:02:54,7.51,-0.02,1,751,卖盘
2039,13:02:51,7.53,--,24,18072,买盘
2040,13:02:48,7.53,--,2,1506,买盘
2041,13:02:45,7.53,0.02,20,15060,买盘
2042,13:02:42,7.51,--,27,20277,卖盘
2043,13:02:36,7.51,--,1,751,卖盘
2044,13:02:33,7.51,-0.02,2,1502,卖盘
2045,13:02:30,7.53,0.02,4,3012,买盘
2046,13:02:27,7.51,-0.02,37,27787,卖盘
2047,13:02:24,7.53,0.02,44,33132,买盘
2048,13:02:21,7.51,--,2,1502,卖盘
2049,13:02:18,7.51,--,10,7510,卖盘
2050,13:02:15,7.51,--,27,20277,卖盘
2051,13:02:12,7.51,--,2,1502,卖盘
2052,13:02:09,7.51,--,2,1502,卖盘
2053,13:02:06,7.51,--,2,1502,卖盘
2054,13:02:00,7.51,-0.01,21,15771,卖盘
2055,13:01:57,7.52,--,10,7520,买盘
2056,13:01:54,7.52,0.01,25,18800,买盘
2057,13:01:48,7.51,-0.01,10,7510,卖盘
2058,13:01:45,7.52,0.01,6,4512,买盘
2059,13:01:42,7.51,--,100,75100,卖盘
2060,13:01:39,7.51,--,2,1502,卖盘
2061,13:01:36,7.51,-0.01,22,16522,卖盘
2062,13:01:30,7.52,--,24,18048,买盘
2063,13:01:27,7.52,--,7,5264,买盘
2064,13:01:24,7.52,0.01,60,45120,买盘
2065,13:01:21,7.51,--,1,751,卖盘
2066,13:01:18,7.51,--,10,7510,卖盘
2067,13:01:15,7.51,-0.01,11,8261,卖盘
2068,13:01:12,7.52,0.01,9,6768,买盘
2069,13:01:06,7.51,--,6,4506,卖盘
2070,13:01:03,7.51,-0.01,7,5257,卖盘
2071,13:01:00,7.52,0.01,30,22560,买盘
2072,13:00:57,7.51,-0.01,122,91622,卖盘
2073,13:00:54,7.52,--,36,27072,买盘
2074,13:00:51,7.52,--,908,682816,买盘
2075,13:00:48,7.52,--,9,6768,买盘
2076,13:00:42,7.52,0.01,26,19552,买盘
2077,13:00:39,7.51,--,10,7510,卖盘
2078,13:00:36,7.51,-0.01,13,9763,卖盘
2079,13:00:33,7.52,0.01,26,19552,买盘
2080,13:00:30,7.51,-0.01,3,2253,卖盘
2081,13:00:27,7.52,0.01,10,7520,买盘
2082,13:00:21,7.51,--,3,2253,卖盘
2083,13:00:18,7.51,--,12,9012,卖盘
2084,13:00:12,7.51,-0.01,29,21779,卖盘
2085,13:00:09,7.52,0.01,11,8272,买盘
2086,13:00:06,7.51,--,210,157710,卖盘
2087,13:00:03,7.51,--,2268,1703268,卖盘
2088,13:00:00,7.51,--,0,0,卖盘
2089,11:30:00,7.51,--,0,0,卖盘
2090,11:29:57,7.51,--,72,54072,卖盘
2091,11:29:51,7.51,--,6,4506,卖盘
2092,11:29:48,7.51,-0.01,1,751,卖盘
2093,11:29:45,7.52,0.01,1,752,买盘
2094,11:29:42,7.51,--,6,4506,卖盘
2095,11:29:39,7.51,-0.01,5,3755,卖盘
2096,11:29:36,7.52,--,147,110544,买盘
2097,11:29:33,7.52,0.01,38,28576,买盘
2098,11:29:30,7.51,-0.01,6,4506,卖盘
2099,11:29:27,7.52,0.01,1,752,买盘
2100,11:29:24,7.51,-0.01,1,751,卖盘
2101,11:29:21,7.52,--,18,13536,买盘
2102,11:29:18,7.52,0.01,175,131600,买盘
2103,11:29:15,7.51,--,12,9012,卖盘
2104,11:29:06,7.51,--,1,751,卖盘
2105,11:29:03,7.51,-0.01,16,12016,卖盘
2106,11:29:00,7.52,--,2,1504,买盘
2107,11:28:57,7.52,0.01,136,102272,买盘
2108,11:28:51,7.51,-0.01,1,751,卖盘
2109,11:28:48,7.52,0.01,11,8272,买盘
2110,11:28:45,7.51,--,1,751,卖盘
2111,11:28:39,7.51,--,63,47313,卖盘
2112,11:28:33,7.51,-0.01,1,751,卖盘
2113,11:28:30,7.52,--,4,3008,买盘
2114,11:28:27,7.52,0.01,7,5264,买盘
2115,11:28:24,7.51,--,120,90120,卖盘
2116,11:28:21,7.51,-0.01,1,751,卖盘
2117,11:28:18,7.52,0.01,167,125584,买盘
2118,11:28:12,7.51,--,1,751,卖盘
2119,11:28:09,7.51,--,2,1502,卖盘
2120,11:28:06,7.51,--,1,751,卖盘
2121,11:28:00,7.51,--,177,132927,卖盘
2122,11:27:57,7.51,-0.01,2,1502,卖盘
2123,11:27:54,7.52,--,3,2256,买盘
2124,11:27:51,7.52,0.01,6,4512,买盘
2125,11:27:48,7.51,--,203,152453,卖盘
2126,11:27:45,7.51,-0.01,2,1502,卖盘
2127,11:27:42,7.52,0.01,92,69184,买盘
2128,11:27:39,7.51,--,52,39052,卖盘
2129,11:27:33,7.51,--,11,8261,卖盘
2130,11:27:30,7.51,-0.01,95,71345,卖盘
2131,11:27:27,7.52,--,2,1504,买盘
2132,11:27:24,7.52,0.01,64,48128,买盘
2133,11:27:18,7.51,-0.01,13,9763,卖盘
2134,11:27:15,7.52,0.01,29,21808,买盘
2135,11:27:12,7.51,-0.01,182,136682,卖盘
2136,11:27:06,7.52,--,13,9776,买盘
2137,11:27:03,7.52,0.01,12,9024,买盘
2138,11:27:00,7.51,--,81,60831,卖盘
2139,11:26:57,7.51,--,217,162967,卖盘
2140,11:26:51,7.51,-0.01,7,5257,卖盘
2141,11:26:48,7.52,--,6,4512,买盘
2142,11:26:45,7.52,0.01,128,96256,买盘
2143,11:26:42,7.51,--,1,751,卖盘
2144,11:26:39,7.51,--,47,35297,卖盘
2145,11:26:36,7.51,--,10,7510,卖盘
2146,11:26:27,7.51,--,2,1502,卖盘
2147,11:26:24,7.51,--,20,15020,卖盘
2148,11:26:18,7.51,--,12,9012,卖盘
2149,11:26:15,7.51,--,14,10514,卖盘
2150,11:26:12,7.51,--,2,1502,卖盘
2151,11:26:09,7.51,--,171,128736,买盘
2152,11:26:06,7.51,--,9,6759,买盘
2153,11:26:00,7.51,--,82,61582,买盘
2154,11:25:57,7.51,--,54,40554,买盘
2155,11:25:54,7.51,--,54,40554,买盘
2156,11:25:48,7.51,--,31,23281,买盘
2157,11:25:45,7.51,--,202,151702,买盘
2158,11:25:39,7.51,--,7,5257,买盘
2159,11:25:33,7.51,--,147,110397,买盘
2160,11:25:30,7.51,--,72,54072,买盘
2161,11:25:27,7.51,--,61,45811,买盘
2162,11:25:24,7.51,0.01,29,21779,买盘
2163,11:25:21,7.5,-0.01,2,1500,卖盘
2164,11:25:18,7.51,--,120,90120,买盘
2165,11:25:15,7.51,--,54,41004,买盘
2166,11:25:12,7.51,--,113,84863,买盘
2167,11:25:09,7.51,--,85,63835,买盘
2168,11:25:03,7.51,0.01,116,87116,买盘
2169,11:25:00,7.5,-0.01,161,120750,卖盘
2170,11:24:57,7.51,--,94,70594,买盘
2171,11:24:54,7.51,--,11,8261,买盘
2172,11:24:51,7.51,--,2,1502,买盘
2173,11:24:48,7.51,0.01,14,10514,买盘
2174,11:24:45,7.5,-0.01,16,12000,卖盘
2175,11:24:42,7.51,0.01,184,138184,买盘
2176,11:24:39,7.5,-0.01,3,2250,卖盘
2177,11:24:36,7.51,--,15,11265,买盘
2178,11:24:33,7.51,--,4,3004,买盘
2179,11:24:30,7.51,--,41,30791,买盘
2180,11:24:27,7.51,--,17,12767,买盘
2181,11:24:21,7.51,0.01,30,22530,买盘
2182,11:24:18,7.5,--,10,7500,卖盘
2183,11:24:15,7.5,-0.01,2,1500,卖盘
2184,11:24:12,7.51,0.01,20,15020,买盘
2185,11:24:09,7.5,--,13,9750,卖盘
2186,11:24:06,7.5,--,27,20250,卖盘
2187,11:24:03,7.5,--,108,81000,卖盘
2188,11:23:57,7.5,--,10,7500,卖盘
2189,11:23:54,7.5,-0.01,2,1500,卖盘
2190,11:23:51,7.51,--,40,30040,买盘
2191,11:23:48,7.51,0.01,13,9763,买盘
2192,11:23:45,7.5,--,10,7500,卖盘
2193,11:23:42,7.5,-0.01,102,76500,卖盘
2194,11:23:39,7.51,--,23,17273,买盘
2195,11:23:36,7.51,--,50,37550,买盘
2196,11:23:33,7.51,--,104,78104,买盘
2197,11:23:30,7.51,--,10,7510,买盘
2198,11:23:27,7.51,0.01,111,83361,买盘
2199,11:23:24,7.5,--,1,750,卖盘
2200,11:23:21,7.5,--,1,750,卖盘
2201,11:23:18,7.5,-0.01,15,11250,卖盘
2202,11:23:15,7.51,--,100,75100,买盘
2203,11:23:12,7.51,0.01,31,23281,买盘
2204,11:23:09,7.5,--,12,9000,卖盘
2205,11:23:06,7.5,-0.01,1,750,卖盘
2206,11:23:03,7.51,0.01,106,79606,买盘
2207,11:23:00,7.5,-0.01,22,16500,卖盘
2208,11:22:57,7.51,0.01,1,751,买盘
2209,11:22:51,7.5,-0.01,32,24000,卖盘
2210,11:22:48,7.51,0.01,12,9012,买盘
2211,11:22:45,7.5,-0.01,41,30750,卖盘
2212,11:22:42,7.51,0.01,106,79606,买盘
2213,11:22:39,7.5,--,110,82500,卖盘
2214,11:22:36,7.5,--,396,297000,卖盘
2215,11:22:33,7.5,--,36,27000,卖盘
2216,11:22:30,7.5,-0.01,87,65250,卖盘
2217,11:22:27,7.51,0.01,8,6008,买盘
2218,11:22:24,7.5,--,11,8250,卖盘
2219,11:22:18,7.5,-0.01,35,26250,卖盘
2220,11:22:15,7.51,0.01,27,20277,买盘
2221,11:22:12,7.5,--,10,7500,卖盘
2222,11:22:09,7.5,--,1,750,卖盘
2223,11:22:06,7.5,--,1,750,卖盘
2224,11:22:03,7.5,-0.01,1,750,卖盘
2225,11:22:00,7.51,--,1,751,买盘
2226,11:21:57,7.51,--,41,30791,卖盘
2227,11:21:54,7.51,0.01,40,30040,买盘
2228,11:21:51,7.5,-0.01,32,24000,卖盘
2229,11:21:48,7.51,0.01,1,751,买盘
2230,11:21:45,7.5,-0.01,25,18750,卖盘
2231,11:21:42,7.51,--,318,238818,卖盘
2232,11:21:39,7.51,-0.01,209,156959,卖盘
2233,11:21:36,7.52,0.01,156,117312,买盘
2234,11:21:33,7.51,--,342,256842,卖盘
2235,11:21:30,7.51,-0.01,5,3755,卖盘
2236,11:21:27,7.52,0.01,2,1504,买盘
2237,11:21:24,7.51,-0.01,196,147196,卖盘
2238,11:21:21,7.52,0.01,1,752,买盘
2239,11:21:18,7.51,--,61,45811,卖盘
2240,11:21:15,7.51,-0.01,904,678904,卖盘
2241,11:21:12,7.52,0.01,2,1504,买盘
2242,11:21:09,7.51,--,42,31542,卖盘
2243,11:21:06,7.51,--,995,747245,卖盘
2244,11:21:03,7.51,--,9,6759,卖盘
2245,11:21:00,7.51,-0.01,800,600800,卖盘
2246,11:20:57,7.52,--,11,8272,买盘
2247,11:20:54,7.52,0.01,544,409088,买盘
2248,11:20:48,7.51,--,286,214786,卖盘
2249,11:20:45,7.51,--,2,1502,卖盘
2250,11:20:42,7.51,--,26,19526,卖盘
2251,11:20:39,7.51,-0.01,464,348464,卖盘
2252,11:20:36,7.52,0.01,11,8272,买盘
2253,11:20:33,7.51,--,1002,752502,卖盘
2254,11:20:30,7.51,-0.01,60,45060,卖盘
2255,11:20:27,7.52,0.01,3,2256,买盘
2256,11:20:24,7.51,-0.01,5,3755,卖盘
2257,11:20:21,7.52,0.01,35,26320,买盘
2258,11:20:18,7.51,--,2688,2018688,卖盘
2259,11:20:12,7.51,--,2,1502,卖盘
2260,11:20:09,7.51,--,379,284629,卖盘
2261,11:20:06,7.51,--,7,5257,卖盘
2262,11:20:00,7.51,-0.01,2,1502,卖盘
2263,11:19:57,7.52,0.01,18,13536,买盘
2264,11:19:54,7.51,--,603,452853,卖盘
2265,11:19:51,7.51,-0.01,14,10514,卖盘
2266,11:19:48,7.52,0.01,48,36096,买盘
2267,11:19:39,7.51,--,9,6759,卖盘
2268,11:19:36,7.51,-0.01,172,129172,卖盘
2269,11:19:33,7.52,0.01,6,4512,买盘
2270,11:19:30,7.51,--,387,290637,卖盘
2271,11:19:27,7.51,--,3,2253,卖盘
2272,11:19:21,7.51,--,40,30040,卖盘
2273,11:19:18,7.51,--,79,59329,卖盘
2274,11:19:15,7.51,-0.01,72,54072,卖盘
2275,11:19:09,7.52,0.01,11,8272,买盘
2276,11:19:06,7.51,--,4,3004,卖盘
2277,11:19:03,7.51,--,45,33795,卖盘
2278,11:18:54,7.51,-0.01,112,84112,卖盘
2279,11:18:48,7.52,0.01,1,752,买盘
2280,11:18:45,7.51,--,1,751,卖盘
2281,11:18:42,7.51,--,41,30791,卖盘
2282,11:18:39,7.51,--,1,751,卖盘
2283,11:18:36,7.51,--,19,14269,卖盘
2284,11:18:33,7.51,-0.01,2,1502,卖盘
2285,11:18:30,7.52,--,12,9024,买盘
2286,11:18:27,7.52,0.01,103,77456,买盘
2287,11:18:24,7.51,--,46,34546,卖盘
2288,11:18:21,7.51,--,1,751,卖盘
2289,11:18:18,7.51,--,51,38301,卖盘
2290,11:18:15,7.51,--,19,14269,卖盘
2291,11:18:12,7.51,--,8,6008,卖盘
2292,11:18:06,7.51,-0.01,12,9012,卖盘
2293,11:18:03,7.52,0.01,26,19552,买盘
2294,11:18:00,7.51,-0.01,7,5257,卖盘
2295,11:17:57,7.52,0.01,10,7520,买盘
2296,11:17:51,7.51,-0.01,2,1502,卖盘
2297,11:17:48,7.52,0.01,111,83472,买盘
2298,11:17:45,7.51,--,166,124666,卖盘
2299,11:17:42,7.51,--,51,38301,卖盘
2300,11:17:39,7.51,-0.01,3,2253,卖盘
2301,11:17:36,7.52,0.01,3,2256,买盘
2302,11:17:33,7.51,-0.01,1,751,卖盘
2303,11:17:30,7.52,--,7,5264,买盘
2304,11:17:27,7.52,--,3,2256,买盘
2305,11:17:21,7.52,0.01,10,7520,买盘
2306,11:17:18,7.51,--,15,11265,卖盘
2307,11:17:15,7.51,--,342,256842,卖盘
2308,11:17:12,7.51,-0.01,43,32293,卖盘
2309,11:17:09,7.52,--,21,15792,买盘
2310,11:17:06,7.52,0.01,21,15792,买盘
2311,11:17:03,7.51,-0.01,1,751,卖盘
2312,11:17:00,7.52,0.01,3,2256,买盘
2313,11:16:54,7.51,-0.01,1,751,卖盘
2314,11:16:51,7.52,--,75,56400,买盘
2315,11:16:48,7.52,0.01,1,752,买盘
2316,11:16:42,7.51,--,3,2253,卖盘
2317,11:16:36,7.51,-0.01,2,1502,卖盘
2318,11:16:33,7.52,--,53,39856,买盘
2319,11:16:30,7.52,--,5,3760,买盘
2320,11:16:27,7.52,0.01,214,160928,买盘
2321,11:16:24,7.51,--,65,48815,卖盘
2322,11:16:21,7.51,-0.01,1,751,卖盘
2323,11:16:18,7.52,--,4,3008,买盘
2324,11:16:15,7.52,--,4,3008,买盘
2325,11:16:12,7.52,0.01,63,47376,买盘
2326,11:16:09,7.51,-0.01,3,2253,卖盘
2327,11:16:06,7.52,--,40,30080,买盘
2328,11:16:03,7.52,0.01,12,9024,买盘
2329,11:16:00,7.51,-0.01,112,84112,卖盘
2330,11:15:57,7.52,--,41,30832,买盘
2331,11:15:54,7.52,0.01,27,20304,买盘
2332,11:15:48,7.51,-0.01,11,8261,卖盘
2333,11:15:45,7.52,--,22,16544,买盘
2334,11:15:42,7.52,--,365,274916,卖盘
2335,11:15:39,7.52,--,803,603856,卖盘
2336,11:15:36,7.52,--,29,21808,卖盘
2337,11:15:33,7.52,--,1,752,卖盘
2338,11:15:30,7.52,-0.01,238,178976,卖盘
2339,11:15:27,7.53,0.01,1,753,买盘
2340,11:15:24,7.52,-0.01,4,3008,卖盘
2341,11:15:21,7.53,--,10,7530,买盘
2342,11:15:18,7.53,--,51,38403,买盘
2343,11:15:15,7.53,0.01,4,3012,买盘
2344,11:15:09,7.52,--,1,752,卖盘
2345,11:15:06,7.52,--,5,3760,卖盘
2346,11:15:03,7.52,--,11,8272,卖盘
2347,11:15:00,7.52,--,15,11280,卖盘
2348,11:14:57,7.52,--,8,6016,卖盘
2349,11:14:54,7.52,--,303,227856,卖盘
2350,11:14:51,7.52,--,83,62416,卖盘
2351,11:14:48,7.52,--,9,6768,卖盘
2352,11:14:45,7.52,--,6,4512,卖盘
2353,11:14:42,7.52,--,328,246656,卖盘
2354,11:14:39,7.52,--,1,752,卖盘
2355,11:14:33,7.52,--,5,3760,卖盘
2356,11:14:30,7.52,--,33,24816,卖盘
2357,11:14:27,7.52,--,2,1504,卖盘
2358,11:14:21,7.52,-0.01,9,6768,卖盘
2359,11:14:18,7.53,0.01,13,9789,买盘
2360,11:14:12,7.52,-0.01,1,752,卖盘
2361,11:14:09,7.53,0.01,103,77559,买盘
2362,11:14:06,7.52,--,1,752,卖盘
2363,11:13:57,7.52,-0.01,2,1504,卖盘
2364,11:13:48,7.53,0.01,1,753,买盘
2365,11:13:45,7.52,--,4,3008,卖盘
2366,11:13:42,7.52,-0.01,10,7520,卖盘
2367,11:13:39,7.53,--,14,10542,买盘
2368,11:13:36,7.53,--,4,3012,买盘
2369,11:13:33,7.53,--,18,13554,买盘
2370,11:13:30,7.53,--,1551,1167903,买盘
2371,11:13:27,7.53,0.01,1,753,买盘
2372,11:13:24,7.52,-0.01,53,39856,卖盘
2373,11:13:21,7.53,--,30,22590,买盘
2374,11:13:18,7.53,0.01,22,16566,买盘
2375,11:13:15,7.52,--,1444,1085888,卖盘
2376,11:13:12,7.52,-0.01,3,2256,卖盘
2377,11:13:06,7.53,--,12,9036,买盘
2378,11:13:03,7.53,--,10,7530,买盘
2379,11:12:54,7.53,0.01,7,5271,买盘
2380,11:12:51,7.52,-0.01,78,58656,卖盘
2381,11:12:48,7.53,--,1,753,买盘
2382,11:12:45,7.53,--,1,753,买盘
2383,11:12:42,7.53,0.01,50,37650,买盘
2384,11:12:39,7.52,-0.01,2,1504,卖盘
2385,11:12:33,7.53,--,19,14307,买盘
2386,11:12:30,7.53,--,7,5271,买盘
2387,11:12:27,7.53,0.01,2,1506,买盘
2388,11:12:24,7.52,--,1,752,卖盘
2389,11:12:18,7.52,--,2,1504,卖盘
2390,11:12:15,7.52,--,9,6768,卖盘
2391,11:12:12,7.52,--,11,8272,卖盘
2392,11:12:09,7.52,--,1,752,卖盘
2393,11:12:06,7.52,--,6,4512,卖盘
2394,11:12:03,7.52,-0.01,5,3760,卖盘
2395,11:12:00,7.53,--,7,5271,买盘
2396,11:11:57,7.53,0.01,3,2259,买盘
2397,11:11:48,7.52,--,7,5264,卖盘
2398,11:11:45,7.52,--,4,3008,卖盘
2399,11:11:42,7.52,--,93,69936,卖盘
2400,11:11:39,7.52,--,2,1504,卖盘
2401,11:11:33,7.52,-0.01,3,2256,卖盘
2402,11:11:30,7.53,--,16,12048,买盘
2403,11:11:27,7.53,--,2,1506,买盘
2404,11:11:24,7.53,0.01,87,65511,买盘
2405,11:11:18,7.52,--,18,13536,卖盘
2406,11:11:15,7.52,--,2,1504,卖盘
2407,11:11:12,7.52,-0.01,3,2256,卖盘
2408,11:11:09,7.53,--,56,42168,买盘
2409,11:11:06,7.53,--,50,37650,买盘
2410,11:11:03,7.53,0.01,197,148341,买盘
2411,11:11:00,7.52,-0.01,1,752,卖盘
2412,11:10:54,7.53,0.01,15,11295,买盘
2413,11:10:51,7.52,-0.01,84,63168,卖盘
2414,11:10:48,7.53,--,1,753,买盘
2415,11:10:42,7.53,--,1,753,买盘
2416,11:10:39,7.53,--,5,3765,买盘
2417,11:10:36,7.53,--,33,24849,买盘
2418,11:10:30,7.53,0.01,5,3765,买盘
2419,11:10:27,7.52,--,5,3760,卖盘
2420,11:10:24,7.52,-0.01,2,1504,卖盘
2421,11:10:21,7.53,--,63,47439,买盘
2422,11:10:18,7.53,0.01,4,3012,买盘
2423,11:10:15,7.52,-0.01,9,6768,卖盘
2424,11:10:12,7.53,--,8,6024,买盘
2425,11:10:09,7.53,0.01,496,373488,买盘
2426,11:10:06,7.52,--,3,2256,卖盘
2427,11:10:03,7.52,--,151,113552,卖盘
2428,11:10:00,7.52,-0.01,16,12032,卖盘
2429,11:09:57,7.53,0.01,50,37650,买盘
2430,11:09:54,7.52,-0.01,2,1504,卖盘
2431,11:09:48,7.53,0.01,32,24096,买盘
2432,11:09:42,7.52,--,8,6016,卖盘
2433,11:09:39,7.52,-0.01,441,331632,卖盘
2434,11:09:33,7.53,--,27,20331,买盘
2435,11:09:30,7.53,--,1,753,买盘
2436,11:09:27,7.53,0.01,1,753,买盘
2437,11:09:21,7.52,--,11,8272,卖盘
2438,11:09:18,7.52,--,1,752,卖盘
2439,11:09:12,7.52,--,19,14288,卖盘
2440,11:09:09,7.52,--,1,752,卖盘
2441,11:09:06,7.52,-0.01,8,6016,卖盘
2442,11:09:03,7.53,--,2,1506,买盘
2443,11:09:00,7.53,--,61,45933,买盘
2444,11:08:57,7.53,--,106,79818,买盘
2445,11:08:54,7.53,0.01,5,3765,买盘
2446,11:08:51,7.52,-0.01,7,5264,卖盘
2447,11:08:48,7.53,--,2,1506,买盘
2448,11:08:45,7.53,0.01,10,7530,买盘
2449,11:08:42,7.52,-0.01,51,38352,卖盘
2450,11:08:39,7.53,--,3,2259,买盘
2451,11:08:36,7.53,--,107,80571,买盘
2452,11:08:33,7.53,--,9,6777,买盘
2453,11:08:30,7.53,--,1,753,买盘
2454,11:08:27,7.53,--,12,9036,买盘
2455,11:08:24,7.53,0.01,23,17319,买盘
2456,11:08:21,7.52,--,9,6768,卖盘
2457,11:08:18,7.52,--,9,6768,卖盘
2458,11:08:12,7.52,--,1,752,卖盘
2459,11:08:06,7.52,-0.01,32,24064,卖盘
2460,11:08:00,7.53,--,32,24096,买盘
2461,11:07:57,7.53,0.01,1,753,买盘
2462,11:07:48,7.52,-0.01,39,29328,卖盘
2463,11:07:45,7.53,0.01,27,20331,买盘
2464,11:07:42,7.52,-0.01,500,376000,卖盘
2465,11:07:39,7.53,0.01,24,18072,买盘
2466,11:07:30,7.52,-0.01,18,13536,卖盘
2467,11:07:27,7.53,0.01,1,753,买盘
2468,11:07:24,7.52,--,6,4512,卖盘
2469,11:07:18,7.52,--,11,8272,卖盘
2470,11:07:15,7.52,--,2,1504,卖盘
2471,11:07:12,7.52,--,1,752,卖盘
2472,11:07:09,7.52,-0.01,1,752,卖盘
2473,11:07:06,7.53,0.01,12,9036,买盘
2474,11:07:03,7.52,--,4,3008,卖盘
2475,11:06:57,7.52,--,0,30,卖盘
2476,11:06:51,7.52,-0.01,1,752,卖盘
2477,11:06:48,7.53,0.01,2,1506,买盘
2478,11:06:42,7.52,--,4,3008,卖盘
2479,11:06:39,7.52,-0.01,11,8272,卖盘
2480,11:06:36,7.53,0.01,13,9789,买盘
2481,11:06:33,7.52,-0.01,1,752,卖盘
2482,11:06:30,7.53,--,51,38403,买盘
2483,11:06:27,7.53,--,2,1506,买盘
2484,11:06:21,7.53,0.01,10,7530,买盘
2485,11:06:18,7.52,--,1,752,卖盘
2486,11:06:15,7.52,-0.01,10,7520,卖盘
2487,11:06:12,7.53,--,5,3765,买盘
2488,11:06:09,7.53,0.01,486,365958,买盘
2489,11:06:06,7.52,-0.01,620,466240,卖盘
2490,11:05:48,7.53,--,130,97890,买盘
2491,11:05:30,7.53,--,1,753,买盘
2492,11:05:27,7.53,0.01,11,8283,买盘
2493,11:05:24,7.52,-0.01,1,752,卖盘
2494,11:05:21,7.53,0.01,8,6024,买盘
2495,11:05:18,7.52,--,500,376000,卖盘
2496,11:05:12,7.52,--,10,7520,卖盘
2497,11:05:09,7.52,--,100,75200,卖盘
2498,11:05:06,7.52,-0.01,11,8272,卖盘
2499,11:04:54,7.53,--,2,1506,买盘
2500,11:04:48,7.53,0.01,2,1506,买盘
2501,11:04:39,7.52,--,1,752,卖盘
2502,11:04:36,7.52,--,5,3760,卖盘
2503,11:04:33,7.52,-0.01,3,2256,卖盘
2504,11:04:30,7.53,--,1,753,买盘
2505,11:04:27,7.53,0.01,2,1506,买盘
2506,11:04:18,7.52,--,109,81968,卖盘
2507,11:04:15,7.52,--,439,330128,卖盘
2508,11:04:09,7.52,--,1,752,卖盘
2509,11:04:06,7.52,-0.01,200,150400,卖盘
2510,11:04:03,7.53,--,16,12048,买盘
2511,11:04:00,7.53,--,12,9036,买盘
2512,11:03:57,7.53,0.01,13,9789,买盘
2513,11:03:51,7.52,-0.01,10,7520,卖盘
2514,11:03:48,7.53,0.01,1,753,买盘
2515,11:03:42,7.52,--,15,11280,卖盘
2516,11:03:39,7.52,-0.01,501,376752,卖盘
2517,11:03:36,7.53,0.01,1,753,买盘
2518,11:03:33,7.52,-0.01,77,57904,卖盘
2519,11:03:30,7.53,--,21,15813,买盘
2520,11:03:27,7.53,0.01,1,753,买盘
2521,11:03:24,7.52,--,1,752,卖盘
2522,11:03:15,7.52,--,5,3760,卖盘
2523,11:03:12,7.52,-0.01,1,752,卖盘
2524,11:03:09,7.53,0.01,7,5271,买盘
2525,11:03:06,7.52,-0.01,229,172208,卖盘
2526,11:03:00,7.53,0.01,51,38403,买盘
2527,11:02:54,7.52,-0.01,5,3760,卖盘
2528,11:02:51,7.53,--,10,7530,买盘
2529,11:02:48,7.53,0.01,22,16566,买盘
2530,11:02:39,7.52,--,2,1504,卖盘
2531,11:02:36,7.52,--,20,15040,卖盘
2532,11:02:33,7.52,-0.01,100,75200,卖盘
2533,11:02:30,7.53,--,6,4518,买盘
2534,11:02:27,7.53,0.01,2,1506,买盘
2535,11:02:24,7.52,-0.01,15,11280,卖盘
2536,11:02:18,7.53,--,79,59487,买盘
2537,11:02:12,7.53,--,78,58734,买盘
2538,11:02:09,7.53,--,16,12048,买盘
2539,11:02:06,7.53,0.01,14,10542,买盘
2540,11:02:03,7.52,-0.01,1196,899392,卖盘
2541,11:02:00,7.53,--,1,753,买盘
2542,11:01:57,7.53,--,5,3765,买盘
2543,11:01:54,7.53,0.01,3,2259,买盘
2544,11:01:48,7.52,--,29,21808,卖盘
2545,11:01:45,7.52,--,9,6768,卖盘
2546,11:01:42,7.52,--,1,752,卖盘
2547,11:01:39,7.52,-0.01,1,752,卖盘
2548,11:01:33,7.53,--,1,753,买盘
2549,11:01:30,7.53,--,3,2259,买盘
2550,11:01:27,7.53,--,7,5271,买盘
2551,11:01:24,7.53,--,8,6024,买盘
2552,11:01:21,7.53,0.01,12,9036,买盘
2553,11:01:18,7.52,--,1,752,卖盘
2554,11:01:15,7.52,--,1,752,卖盘
2555,11:01:09,7.52,--,1,752,卖盘
2556,11:01:06,7.52,--,5,3760,卖盘
2557,11:01:03,7.52,-0.01,14,10528,卖盘
2558,11:01:00,7.53,0.01,6,4518,买盘
2559,11:00:57,7.52,--,200,150400,卖盘
2560,11:00:54,7.52,-0.01,10,7520,卖盘
2561,11:00:48,7.53,--,2,1506,买盘
2562,11:00:45,7.53,0.01,10,7530,买盘
2563,11:00:39,7.52,-0.01,1,752,卖盘
2564,11:00:33,7.53,--,2,1506,买盘
2565,11:00:30,7.53,--,1,753,买盘
2566,11:00:27,7.53,--,10,7530,买盘
2567,11:00:24,7.53,--,12,9036,买盘
2568,11:00:21,7.53,--,5,3765,买盘
2569,11:00:18,7.53,0.01,9,6777,买盘
2570,11:00:15,7.52,--,196,147392,卖盘
2571,11:00:12,7.52,--,16,12032,卖盘
2572,11:00:09,7.52,-0.01,2,1504,卖盘
2573,11:00:06,7.53,--,2,1506,买盘
2574,11:00:03,7.53,0.01,162,121986,买盘
2575,11:00:00,7.52,-0.01,2,1504,卖盘
2576,10:59:54,7.53,--,2,1506,买盘
2577,10:59:51,7.53,0.01,3,2259,买盘
2578,10:59:48,7.52,-0.01,24,18048,卖盘
2579,10:59:45,7.53,0.01,21,15813,买盘
2580,10:59:42,7.52,--,1,752,卖盘
2581,10:59:39,7.52,--,2,1504,卖盘
2582,10:59:36,7.52,-0.01,2,1504,卖盘
2583,10:59:27,7.53,0.01,4,3012,买盘
2584,10:59:24,7.52,-0.01,21,15792,卖盘
2585,10:59:18,7.53,0.01,85,64005,买盘
2586,10:59:15,7.52,-0.01,301,226352,卖盘
2587,10:59:12,7.53,0.01,20,15060,买盘
2588,10:59:09,7.52,-0.01,1,752,卖盘
2589,10:59:06,7.53,0.01,12,9036,买盘
2590,10:59:00,7.52,-0.01,19,14288,卖盘
2591,10:58:57,7.53,0.01,112,84336,买盘
2592,10:58:54,7.52,-0.01,202,151904,卖盘
2593,10:58:48,7.53,0.01,10,7530,买盘
2594,10:58:42,7.52,--,1,752,卖盘
2595,10:58:39,7.52,--,1,752,卖盘
2596,10:58:33,7.52,-0.01,111,83472,卖盘
2597,10:58:27,7.53,0.01,20,15060,买盘
2598,10:58:21,7.52,--,9,6768,卖盘
2599,10:58:12,7.52,--,19,14288,卖盘
2600,10:58:09,7.52,--,353,265456,卖盘
2601,10:58:06,7.52,-0.01,37,27824,卖盘
2602,10:58:03,7.53,0.01,9,6777,买盘
2603,10:58:00,7.52,--,101,75952,卖盘
2604,10:57:57,7.52,--,7,5264,卖盘
2605,10:57:54,7.52,--,500,376000,卖盘
2606,10:57:51,7.52,-0.01,2,1504,卖盘
2607,10:57:48,7.53,0.01,4,3012,买盘
2608,10:57:42,7.52,--,1,752,卖盘
2609,10:57:39,7.52,--,5,3760,卖盘
2610,10:57:36,7.52,-0.01,23,17296,卖盘
2611,10:57:33,7.53,--,20,15060,买盘
2612,10:57:30,7.53,--,10,7530,买盘
2613,10:57:27,7.53,0.01,391,294423,买盘
2614,10:57:24,7.52,--,1,752,卖盘
2615,10:57:18,7.52,--,21,15792,卖盘
2616,10:57:15,7.52,--,3,2256,卖盘
2617,10:57:12,7.52,--,6,4512,卖盘
2618,10:57:09,7.52,--,1,752,卖盘
2619,10:57:06,7.52,-0.01,27,20304,卖盘
2620,10:57:03,7.53,0.01,7,5271,买盘
2621,10:57:00,7.52,-0.01,100,75200,卖盘
2622,10:56:54,7.53,0.01,1,753,买盘
2623,10:56:51,7.52,-0.01,6,4512,卖盘
2624,10:56:48,7.53,0.01,8,6024,买盘
2625,10:56:42,7.52,--,2,1504,卖盘
2626,10:56:39,7.52,-0.01,135,101520,卖盘
2627,10:56:36,7.53,--,27,20331,买盘
2628,10:56:33,7.53,--,4,3012,买盘
2629,10:56:27,7.53,--,2,1506,买盘
2630,10:56:24,7.53,0.01,5,3765,买盘
2631,10:56:21,7.52,--,20,15040,卖盘
2632,10:56:18,7.52,-0.01,83,62416,卖盘
2633,10:56:15,7.53,0.01,1,753,买盘
2634,10:56:12,7.52,--,21,15792,卖盘
2635,10:56:09,7.52,--,1,752,卖盘
2636,10:56:06,7.52,-0.01,3,2256,卖盘
2637,10:56:03,7.53,0.01,50,37650,买盘
2638,10:56:00,7.52,--,30,22560,卖盘
2639,10:55:57,7.52,-0.01,2,1504,卖盘
2640,10:55:54,7.53,--,11,8283,买盘
2641,10:55:51,7.53,--,604,454812,买盘
2642,10:55:48,7.53,0.01,2,1506,买盘
2643,10:55:45,7.52,--,2,1504,卖盘
2644,10:55:42,7.52,--,51,38352,卖盘
2645,10:55:39,7.52,--,7,5264,卖盘
2646,10:55:36,7.52,-0.01,25,18800,卖盘
2647,10:55:33,7.53,--,104,78312,买盘
2648,10:55:30,7.53,--,10,7530,买盘
2649,10:55:27,7.53,0.01,102,76806,买盘
2650,10:55:24,7.52,--,3,2256,卖盘
2651,10:55:21,7.52,--,8,6016,卖盘
2652,10:55:18,7.52,--,2,1504,卖盘
2653,10:55:15,7.52,--,1,752,卖盘
2654,10:55:12,7.52,--,2,1504,卖盘
2655,10:55:09,7.52,--,43,32335,卖盘
2656,10:55:06,7.52,--,1,752,卖盘
2657,10:55:00,7.52,--,52,39104,卖盘
2658,10:54:54,7.52,--,9,6768,卖盘
2659,10:54:51,7.52,-0.01,2,1504,卖盘
2660,10:54:48,7.53,0.01,2,1506,买盘
2661,10:54:42,7.52,--,16,12032,卖盘
2662,10:54:39,7.52,--,1,752,卖盘
2663,10:54:36,7.52,--,1,752,卖盘
2664,10:54:33,7.52,--,2,1504,卖盘
2665,10:54:30,7.52,--,45,33840,卖盘
2666,10:54:27,7.52,--,4,3008,卖盘
2667,10:54:21,7.52,--,1,752,卖盘
2668,10:54:18,7.52,--,1,752,卖盘
2669,10:54:12,7.52,--,23,17296,卖盘
2670,10:54:09,7.52,--,1,752,卖盘
2671,10:54:06,7.52,-0.01,5,3760,卖盘
2672,10:53:57,7.53,--,80,60240,买盘
2673,10:53:54,7.53,0.01,116,87348,买盘
2674,10:53:51,7.52,--,7,5264,卖盘
2675,10:53:48,7.52,--,595,447440,卖盘
2676,10:53:45,7.52,-0.01,9,6768,卖盘
2677,10:53:39,7.53,--,20,15060,买盘
2678,10:53:36,7.53,0.01,74,55722,买盘
2679,10:53:33,7.52,--,2,1504,卖盘
2680,10:53:30,7.52,-0.01,7,5264,卖盘
2681,10:53:27,7.53,--,1,753,买盘
2682,10:53:24,7.53,0.01,25,18825,买盘
2683,10:53:21,7.52,--,23,17296,卖盘
2684,10:53:18,7.52,--,1,752,卖盘
2685,10:53:15,7.52,--,1,752,卖盘
2686,10:53:12,7.52,--,5,3760,卖盘
2687,10:53:09,7.52,--,1,752,卖盘
2688,10:53:00,7.52,--,1,752,卖盘
2689,10:52:57,7.52,-0.01,6,4512,卖盘
2690,10:52:54,7.53,--,8,6024,买盘
2691,10:52:51,7.53,0.01,20,15060,买盘
2692,10:52:48,7.52,--,6,4512,卖盘
2693,10:52:42,7.52,--,46,34592,卖盘
2694,10:52:39,7.52,--,2,1504,卖盘
2695,10:52:36,7.52,--,5,3760,卖盘
2696,10:52:33,7.52,-0.01,1,752,卖盘
2697,10:52:30,7.53,--,74,55722,买盘
2698,10:52:27,7.53,0.01,79,59487,买盘
2699,10:52:21,7.52,--,15,11280,卖盘
2700,10:52:18,7.52,--,90,67965,卖盘
2701,10:52:15,7.52,--,1,752,卖盘
2702,10:52:12,7.52,--,1,752,卖盘
2703,10:52:09,7.52,--,1,752,卖盘
2704,10:52:06,7.52,--,6,4512,卖盘
2705,10:52:03,7.52,--,41,30832,卖盘
2706,10:52:00,7.52,--,10,7520,卖盘
2707,10:51:57,7.52,-0.01,100,75200,卖盘
2708,10:51:54,7.53,0.01,7,5271,买盘
2709,10:51:48,7.52,--,17,12784,卖盘
2710,10:51:42,7.52,--,5,3760,卖盘
2711,10:51:39,7.52,--,1,752,卖盘
2712,10:51:30,7.52,-0.01,2,1504,卖盘
2713,10:51:27,7.53,0.01,2,1506,买盘
2714,10:51:24,7.52,--,1,752,卖盘
2715,10:51:21,7.52,--,17,12784,卖盘
2716,10:51:15,7.52,-0.01,15,11280,卖盘
2717,10:51:12,7.53,--,1,753,买盘
2718,10:51:09,7.53,--,16,12048,买盘
2719,10:51:06,7.53,0.01,5,3765,买盘
2720,10:51:03,7.52,--,10,7520,卖盘
2721,10:50:57,7.52,-0.01,2,1504,卖盘
2722,10:50:54,7.53,--,13,9789,买盘
2723,10:50:48,7.53,0.01,2,1506,买盘
2724,10:50:42,7.52,--,21,15792,卖盘
2725,10:50:39,7.52,-0.01,1,752,卖盘
2726,10:50:36,7.53,--,135,101655,买盘
2727,10:50:33,7.53,--,31,23343,买盘
2728,10:50:27,7.53,--,6,4518,买盘
2729,10:50:24,7.53,0.01,115,86595,买盘
2730,10:50:18,7.52,-0.01,1,752,卖盘
2731,10:50:12,7.53,--,45,33885,买盘
2732,10:50:09,7.53,--,5,3765,买盘
2733,10:50:06,7.53,0.01,3,2259,买盘
2734,10:50:03,7.52,-0.01,10,7520,卖盘
2735,10:50:00,7.53,--,20,15060,买盘
2736,10:49:57,7.53,--,155,116715,买盘
2737,10:49:54,7.53,0.01,3,2259,买盘
2738,10:49:51,7.52,--,2,1504,卖盘
2739,10:49:48,7.52,--,3,2256,卖盘
2740,10:49:42,7.52,--,7,5264,卖盘
2741,10:49:39,7.52,-0.01,64,48128,卖盘
2742,10:49:36,7.53,0.01,11,8283,买盘
2743,10:49:33,7.52,--,4,3008,卖盘
2744,10:49:30,7.52,-0.01,1,752,卖盘
2745,10:49:27,7.53,0.01,5,3765,买盘
2746,10:49:24,7.52,--,14,10528,卖盘
2747,10:49:18,7.52,--,8,6016,卖盘
2748,10:49:15,7.52,-0.01,300,225600,卖盘
2749,10:49:12,7.53,0.01,10,7530,买盘
2750,10:49:09,7.52,--,1,752,卖盘
2751,10:49:06,7.52,-0.01,2,1504,卖盘
2752,10:49:03,7.53,0.01,180,135540,买盘
2753,10:48:57,7.52,-0.01,2,1504,卖盘
2754,10:48:54,7.53,0.01,107,80571,买盘
2755,10:48:51,7.52,-0.01,17,12784,卖盘
2756,10:48:48,7.53,0.01,10,7530,买盘
2757,10:48:45,7.52,--,503,378256,卖盘
2758,10:48:42,7.52,--,14,10528,卖盘
2759,10:48:39,7.52,--,1,752,卖盘
2760,10:48:33,7.52,--,1,752,卖盘
2761,10:48:30,7.52,-0.01,16,12032,卖盘
2762,10:48:27,7.53,--,71,53463,买盘
2763,10:48:24,7.53,0.01,3,2259,买盘
2764,10:48:18,7.52,--,62,46624,卖盘
2765,10:48:15,7.52,--,2,1504,卖盘
2766,10:48:12,7.52,--,1,752,卖盘
2767,10:48:09,7.52,--,34,25568,卖盘
2768,10:48:00,7.52,-0.01,2,1504,卖盘
2769,10:47:51,7.53,0.01,47,35391,买盘
2770,10:47:48,7.52,-0.01,32,24064,卖盘
2771,10:47:45,7.53,--,1,753,买盘
2772,10:47:42,7.53,--,20,15060,买盘
2773,10:47:39,7.53,0.01,4,3012,买盘
2774,10:47:33,7.52,-0.01,1,752,卖盘
2775,10:47:30,7.53,--,17,12801,买盘
2776,10:47:27,7.53,--,3,2259,买盘
2777,10:47:24,7.53,0.01,22,16566,买盘
2778,10:47:18,7.52,--,6,4512,卖盘
2779,10:47:15,7.52,--,14,10528,卖盘
2780,10:47:12,7.52,--,26,19552,卖盘
2781,10:47:09,7.52,--,1,752,卖盘
2782,10:47:06,7.52,--,1,752,卖盘
2783,10:47:00,7.52,-0.01,9,6768,卖盘
2784,10:46:57,7.53,0.01,1,753,买盘
2785,10:46:54,7.52,--,2,1504,卖盘
2786,10:46:51,7.52,-0.01,12,9024,卖盘
2787,10:46:48,7.53,--,3,2259,买盘
2788,10:46:45,7.53,0.01,11,8283,买盘
2789,10:46:42,7.52,-0.01,13,9776,卖盘
2790,10:46:39,7.53,--,3,2259,买盘
2791,10:46:36,7.53,0.01,1,753,买盘
2792,10:46:33,7.52,--,2,1504,卖盘
2793,10:46:30,7.52,-0.01,18,13536,卖盘
2794,10:46:27,7.53,--,56,42168,买盘
2795,10:46:24,7.53,--,5,3765,买盘
2796,10:46:21,7.53,--,21,15813,买盘
2797,10:46:18,7.53,--,6,4518,买盘
2798,10:46:15,7.53,--,158,118974,买盘
2799,10:46:12,7.53,0.01,17,12801,买盘
2800,10:46:09,7.52,--,3,2256,卖盘
2801,10:46:06,7.52,--,1,752,卖盘
2802,10:46:03,7.52,--,2,1504,卖盘
2803,10:46:00,7.52,--,2,1504,卖盘
2804,10:45:54,7.52,-0.01,11,8272,卖盘
2805,10:45:48,7.53,0.01,8,6024,买盘
2806,10:45:45,7.52,--,14,10528,卖盘
2807,10:45:42,7.52,--,22,16544,卖盘
2808,10:45:39,7.52,--,22,16544,卖盘
2809,10:45:36,7.52,--,18,13536,卖盘
2810,10:45:33,7.52,--,1,752,卖盘
2811,10:45:30,7.52,-0.01,12,9024,卖盘
2812,10:45:27,7.53,0.01,4,3012,买盘
2813,10:45:24,7.52,--,1,752,卖盘
2814,10:45:21,7.52,-0.01,11,8272,卖盘
2815,10:45:18,7.53,0.01,6,4518,买盘
2816,10:45:15,7.52,--,74,55648,卖盘
2817,10:45:12,7.52,--,190,142880,卖盘
2818,10:45:09,7.52,--,62,46624,卖盘
2819,10:45:03,7.52,--,68,51136,卖盘
2820,10:44:54,7.52,--,2,1504,卖盘
2821,10:44:51,7.52,-0.01,11,8272,卖盘
2822,10:44:48,7.53,--,2,1506,买盘
2823,10:44:45,7.53,0.01,17,12801,买盘
2824,10:44:42,7.52,--,2,1504,卖盘
2825,10:44:39,7.52,--,1,752,卖盘
2826,10:44:33,7.52,--,14,10528,卖盘
2827,10:44:30,7.52,-0.01,1,752,卖盘
2828,10:44:27,7.53,0.01,2,1506,买盘
2829,10:44:24,7.52,-0.01,31,23312,卖盘
2830,10:44:21,7.53,0.01,1002,754506,买盘
2831,10:44:18,7.52,--,45,33840,卖盘
2832,10:44:15,7.52,--,4,3008,卖盘
2833,10:44:09,7.52,-0.01,41,30832,卖盘
2834,10:44:03,7.53,0.01,6,4518,买盘
2835,10:44:00,7.52,0.01,110,82720,买盘
2836,10:43:57,7.51,-0.01,1,751,卖盘
2837,10:43:54,7.52,--,1,752,买盘
2838,10:43:48,7.52,--,3,2256,买盘
2839,10:43:45,7.52,0.01,32,24064,买盘
2840,10:43:42,7.51,-0.01,1,751,卖盘
2841,10:43:39,7.52,0.01,367,275984,买盘
2842,10:43:36,7.51,--,1,751,卖盘
2843,10:43:33,7.51,-0.01,16,12016,卖盘
2844,10:43:27,7.52,--,11,8272,买盘
2845,10:43:24,7.52,--,36,27072,买盘
2846,10:43:21,7.52,--,530,398560,卖盘
2847,10:43:18,7.52,-0.01,1,752,卖盘
2848,10:43:15,7.53,0.01,6,4518,买盘
2849,10:43:12,7.52,-0.01,4,3008,卖盘
2850,10:43:09,7.53,0.01,26,19578,买盘
2851,10:43:06,7.52,-0.01,1,752,卖盘
2852,10:43:03,7.53,0.01,2,1506,买盘
2853,10:42:57,7.52,-0.01,21,15792,卖盘
2854,10:42:54,7.53,0.01,2,1506,买盘
2855,10:42:51,7.52,-0.01,11,8272,卖盘
2856,10:42:48,7.53,--,40,30120,买盘
2857,10:42:45,7.53,0.01,1,753,买盘
2858,10:42:42,7.52,--,25,18800,卖盘
2859,10:42:39,7.52,-0.01,47,35344,卖盘
2860,10:42:33,7.53,0.01,13,9789,买盘
2861,10:42:30,7.52,-0.01,42,31584,卖盘
2862,10:42:27,7.53,--,2,1506,买盘
2863,10:42:24,7.53,--,10,7530,买盘
2864,10:42:18,7.53,--,33,24849,买盘
2865,10:42:15,7.53,--,1,753,买盘
2866,10:42:12,7.53,0.01,11,8283,买盘
2867,10:42:09,7.52,--,6,4512,卖盘
2868,10:42:06,7.52,-0.01,11,8272,卖盘
2869,10:42:03,7.53,--,10,7530,买盘
2870,10:42:00,7.53,--,11,8283,买盘
2871,10:41:57,7.53,0.01,13,9789,买盘
2872,10:41:54,7.52,--,56,42112,买盘
2873,10:41:51,7.52,--,19,14288,买盘
2874,10:41:48,7.52,--,466,350432,卖盘
2875,10:41:45,7.52,--,45,33840,卖盘
2876,10:41:42,7.52,--,22,16544,卖盘
2877,10:41:39,7.52,-0.01,1,752,卖盘
2878,10:41:36,7.53,0.01,128,96384,买盘
2879,10:41:33,7.52,-0.01,87,65423,卖盘
2880,10:41:30,7.53,--,11,8283,买盘
2881,10:41:27,7.53,0.01,23,17319,买盘
2882,10:41:24,7.52,--,313,235376,卖盘
2883,10:41:18,7.52,-0.01,32,24064,卖盘
2884,10:41:15,7.53,0.01,1,753,买盘
2885,10:41:12,7.52,-0.01,6,4512,卖盘
2886,10:41:09,7.53,--,19,14307,买盘
2887,10:41:06,7.53,0.01,120,90360,买盘
2888,10:41:03,7.52,--,3,2256,卖盘
2889,10:41:00,7.52,-0.01,13,9776,卖盘
2890,10:40:51,7.53,--,18,13554,买盘
2891,10:40:48,7.53,--,26,19578,买盘
2892,10:40:45,7.53,0.01,1,753,买盘
2893,10:40:42,7.52,-0.01,41,30832,卖盘
2894,10:40:39,7.53,--,19,14307,买盘
2895,10:40:36,7.53,--,27,20331,买盘
2896,10:40:30,7.53,--,31,23343,买盘
2897,10:40:27,7.53,0.01,13,9789,买盘
2898,10:40:24,7.52,-0.01,152,114304,卖盘
2899,10:40:21,7.53,0.01,21,15813,买盘
2900,10:40:18,7.52,--,30,22560,卖盘
2901,10:40:15,7.52,-0.01,14,10528,卖盘
2902,10:40:12,7.53,--,69,51957,买盘
2903,10:40:09,7.53,--,18,13554,买盘
2904,10:40:06,7.53,--,71,53463,买盘
2905,10:40:03,7.53,--,55,41415,买盘
2906,10:40:00,7.53,0.01,21,15813,买盘
2907,10:39:57,7.52,--,307,230864,卖盘
2908,10:39:54,7.52,-0.01,24,18048,卖盘
2909,10:39:51,7.53,0.01,768,578304,买盘
2910,10:39:48,7.52,--,9,6768,卖盘
2911,10:39:45,7.52,--,49,36848,卖盘
2912,10:39:42,7.52,-0.01,114,85728,卖盘
2913,10:39:39,7.53,0.01,14,10542,买盘
2914,10:39:36,7.52,--,41,30832,卖盘
2915,10:39:33,7.52,--,12,9024,卖盘
2916,10:39:30,7.52,-0.01,1,752,卖盘
2917,10:39:27,7.53,--,13,9789,买盘
2918,10:39:24,7.53,0.01,68,51204,买盘
2919,10:39:21,7.52,-0.01,18,13536,卖盘
2920,10:39:18,7.53,--,21,15813,买盘
