,time,price,change,volume,amount,type
0,15:00:03,11.68,--,4002,4674336,买盘
1,14:57:00,11.68,--,113,131984,买盘
2,14:56:57,11.68,0.01,194,226592,买盘
3,14:56:54,11.67,--,99,115533,卖盘
4,14:56:51,11.67,-0.01,87,101529,卖盘
5,14:56:48,11.68,0.01,60,70080,买盘
6,14:56:45,11.67,-0.01,214,249738,卖盘
7,14:56:42,11.68,0.01,106,123808,买盘
8,14:56:39,11.67,--,12,14004,卖盘
9,14:56:36,11.67,0.01,5,5835,买盘
10,14:56:33,11.66,-0.02,81,94446,卖盘
11,14:56:30,11.68,0.01,366,427488,买盘
12,14:56:27,11.67,-0.01,487,568329,买盘
13,14:56:24,11.68,0.01,2018,2358133,买盘
14,14:56:21,11.67,--,122,142374,卖盘
15,14:56:18,11.67,-0.01,103,120201,卖盘
16,14:56:15,11.68,--,83,96944,买盘
17,14:56:12,11.68,0.01,31,36208,买盘
18,14:56:09,11.67,-0.01,123,143541,卖盘
19,14:56:06,11.68,0.01,227,265136,买盘
20,14:56:03,11.67,-0.01,21,25008,卖盘
21,14:56:00,11.68,0.01,63,73584,买盘
22,14:55:57,11.67,--,30,35675,卖盘
23,14:55:54,11.67,--,80,94305,卖盘
24,14:55:51,11.67,-0.01,19,22173,卖盘
25,14:55:48,11.68,0.01,43,50224,买盘
26,14:55:45,11.67,--,92,107947,卖盘
27,14:55:42,11.67,--,137,159879,卖盘
28,14:55:39,11.67,-0.01,122,143389,卖盘
29,14:55:36,11.68,0.01,42,49056,买盘
30,14:55:33,11.67,-0.01,92,107364,卖盘
31,14:55:30,11.68,0.01,27,31536,买盘
32,14:55:27,11.67,-0.01,597,697842,卖盘
33,14:55:24,11.68,0.01,12,14016,买盘
34,14:55:21,11.67,--,10,11670,卖盘
35,14:55:18,11.67,-0.01,175,205263,卖盘
36,14:55:15,11.68,--,55,64240,买盘
37,14:55:12,11.68,0.01,82,95776,买盘
38,14:55:09,11.67,-0.01,50,58350,卖盘
39,14:55:06,11.68,0.01,10,11680,买盘
40,14:55:03,11.67,--,178,207726,卖盘
41,14:54:57,11.67,--,12,14004,卖盘
42,14:54:54,11.67,--,3,3501,卖盘
43,14:54:51,11.67,--,6,7002,卖盘
44,14:54:48,11.67,--,204,238068,买盘
45,14:54:45,11.67,--,66,77022,买盘
46,14:54:42,11.67,0.01,60,70020,买盘
47,14:54:39,11.66,-0.02,2,2332,卖盘
48,14:54:36,11.68,0.01,2676,3125568,买盘
49,14:54:33,11.67,--,105,122535,卖盘
50,14:54:30,11.67,--,2,2334,卖盘
51,14:54:27,11.67,0.01,86,100362,买盘
52,14:54:24,11.66,-0.01,19,22154,卖盘
53,14:54:21,11.67,0.01,101,117867,买盘
54,14:54:18,11.66,-0.01,130,151580,卖盘
55,14:54:15,11.67,-0.01,2,2334,中性盘
56,14:54:12,11.68,0.01,666,777888,买盘
57,14:54:09,11.67,0.01,27,31509,买盘
58,14:54:06,11.66,-0.01,39,45474,卖盘
59,14:54:03,11.67,--,13,15171,买盘
60,14:54:00,11.67,--,1209,1410903,买盘
61,14:53:57,11.67,0.01,227,264909,买盘
62,14:53:54,11.66,-0.01,97,113102,卖盘
63,14:53:51,11.67,--,31,36177,买盘
64,14:53:48,11.67,--,382,445794,买盘
65,14:53:45,11.67,0.01,5,5835,买盘
66,14:53:42,11.66,-0.01,350,408100,卖盘
67,14:53:39,11.67,0.01,17,19839,买盘
68,14:53:36,11.66,-0.01,129,151486,卖盘
69,14:53:33,11.67,0.01,2,2334,买盘
70,14:53:30,11.66,--,3,3498,卖盘
71,14:53:27,11.66,-0.01,9,11613,卖盘
72,14:53:24,11.67,0.01,204,238068,买盘
73,14:53:21,11.66,--,15,17490,卖盘
74,14:53:18,11.66,-0.01,23,26818,卖盘
75,14:53:15,11.67,0.01,69,81596,买盘
76,14:53:12,11.66,-0.01,10,11660,卖盘
77,14:53:09,11.67,0.01,50,58350,买盘
78,14:53:06,11.66,--,46,54172,卖盘
79,14:53:03,11.66,-0.01,10,11660,卖盘
80,14:53:00,11.67,0.01,322,375774,买盘
81,14:52:57,11.66,--,15,18422,卖盘
82,14:52:54,11.66,--,3,3498,卖盘
83,14:52:48,11.66,--,20,23646,卖盘
84,14:52:45,11.66,-0.01,22,25652,卖盘
85,14:52:42,11.67,--,10,11670,买盘
86,14:52:39,11.67,0.01,148,172716,买盘
87,14:52:36,11.66,--,125,145750,卖盘
88,14:52:33,11.66,-0.01,40,46640,卖盘
89,14:52:30,11.67,0.01,131,152877,买盘
90,14:52:27,11.66,--,12,13992,卖盘
91,14:52:24,11.66,-0.01,7,8162,卖盘
92,14:52:21,11.67,--,475,554325,买盘
93,14:52:18,11.67,--,104,122313,买盘
94,14:52:12,11.67,0.01,34,39678,买盘
95,14:52:09,11.66,--,29,34210,卖盘
96,14:52:06,11.66,--,48,55968,卖盘
97,14:52:03,11.66,-0.01,9,10494,卖盘
98,14:52:00,11.67,0.01,60,70020,买盘
99,14:51:57,11.66,--,789,920941,卖盘
100,14:51:54,11.66,--,8,9328,卖盘
101,14:51:51,11.66,--,14,16324,卖盘
102,14:51:48,11.66,-0.01,9,11520,卖盘
103,14:51:45,11.67,0.01,1,1167,买盘
104,14:51:42,11.66,--,21,24486,卖盘
105,14:51:39,11.66,--,9,11461,卖盘
106,14:51:36,11.66,--,139,162074,卖盘
107,14:51:30,11.66,--,2,2332,卖盘
108,14:51:27,11.66,--,65,76816,卖盘
109,14:51:21,11.66,--,33,38478,卖盘
110,14:51:18,11.66,--,24,28951,卖盘
111,14:51:15,11.66,--,20,23320,卖盘
112,14:51:12,11.66,--,10,11660,卖盘
113,14:51:09,11.66,--,10,12301,卖盘
114,14:51:06,11.66,--,18,20988,卖盘
115,14:51:03,11.66,-0.01,120,139920,卖盘
116,14:51:00,11.67,0.01,150,175050,买盘
117,14:50:57,11.66,-0.01,21,24975,卖盘
118,14:50:54,11.67,--,120,140040,买盘
119,14:50:51,11.67,0.01,75,87525,买盘
120,14:50:45,11.66,-0.01,3,3498,卖盘
121,14:50:39,11.67,--,11,12837,买盘
122,14:50:36,11.67,--,179,208893,买盘
123,14:50:33,11.67,--,465,542655,买盘
124,14:50:30,11.67,--,29,33843,卖盘
125,14:50:27,11.67,0.01,11,12837,中性盘
126,14:50:24,11.66,-0.02,5,5830,卖盘
127,14:50:21,11.68,0.01,256,299008,买盘
128,14:50:18,11.67,--,15,17505,卖盘
129,14:50:12,11.67,--,2,2334,卖盘
130,14:50:09,11.67,0.01,1865,2176455,买盘
131,14:50:06,11.66,--,33,38478,卖盘
132,14:50:00,11.66,--,11,12826,卖盘
133,14:49:57,11.66,-0.01,2,2332,卖盘
134,14:49:51,11.67,--,53,61851,买盘
135,14:49:45,11.67,0.01,6,7002,卖盘
136,14:49:42,11.66,--,102,118932,卖盘
137,14:49:39,11.66,-0.01,26,30316,卖盘
138,14:49:36,11.67,--,301,351267,买盘
139,14:49:33,11.67,0.01,13,15171,买盘
140,14:49:30,11.66,--,505,588830,买盘
141,14:49:27,11.66,0.01,345,402270,买盘
142,14:49:24,11.65,-0.01,6,6990,卖盘
143,14:49:18,11.66,--,1100,1282600,卖盘
144,14:49:15,11.66,-0.01,1201,1400366,卖盘
145,14:49:12,11.67,--,6,7002,买盘
146,14:49:09,11.67,0.01,38,44346,买盘
147,14:49:06,11.66,-0.01,30,34980,卖盘
148,14:49:03,11.67,0.01,10,11670,买盘
149,14:49:00,11.66,-0.01,28,32648,卖盘
150,14:48:57,11.67,0.01,16,18672,买盘
151,14:48:54,11.66,--,163,190058,买盘
152,14:48:48,11.66,--,340,396440,买盘
153,14:48:45,11.66,0.01,100,116600,买盘
154,14:48:42,11.65,--,1175,1369562,卖盘
155,14:48:39,11.65,-0.01,487,567355,卖盘
156,14:48:36,11.66,0.01,163,190058,买盘
157,14:48:30,11.65,--,21,24465,卖盘
158,14:48:27,11.65,-0.01,121,140965,卖盘
159,14:48:24,11.66,0.01,44,51304,买盘
160,14:48:21,11.65,--,16,18640,卖盘
161,14:48:18,11.65,-0.01,261,304065,卖盘
162,14:48:15,11.66,0.01,10,11660,买盘
163,14:48:12,11.65,-0.01,115,133975,卖盘
164,14:48:09,11.66,0.01,3,3498,买盘
165,14:48:06,11.65,-0.01,321,373965,卖盘
166,14:48:03,11.66,0.01,10,11660,买盘
167,14:48:00,11.65,--,31,36115,卖盘
168,14:47:57,11.65,--,28,32620,卖盘
169,14:47:54,11.65,0.01,488,568520,买盘
170,14:47:51,11.64,-0.01,36,41904,卖盘
171,14:47:48,11.65,--,32,37280,买盘
172,14:47:45,11.65,--,19,22135,买盘
173,14:47:42,11.65,--,1210,1409743,买盘
174,14:47:39,11.65,0.01,8,9320,买盘
175,14:47:36,11.64,-0.01,27,31428,卖盘
176,14:47:33,11.65,--,20,23300,买盘
177,14:47:27,11.65,--,21,24465,买盘
178,14:47:24,11.65,0.01,11,12815,买盘
179,14:47:21,11.64,--,15,17460,卖盘
180,14:47:15,11.64,-0.01,1,1164,卖盘
181,14:47:12,11.65,--,50,58250,买盘
182,14:47:09,11.65,0.01,5,5825,买盘
183,14:47:06,11.64,--,131,152484,卖盘
184,14:47:00,11.64,--,302,351528,买盘
185,14:46:57,11.64,--,10,11640,买盘
186,14:46:54,11.64,0.01,8,9312,买盘
187,14:46:51,11.63,-0.01,1,1163,卖盘
188,14:46:48,11.64,--,34,39576,买盘
189,14:46:45,11.64,-0.01,193,224652,卖盘
190,14:46:42,11.65,0.01,21,24465,买盘
191,14:46:36,11.64,0.01,20,23280,中性盘
192,14:46:33,11.63,-0.01,50,58150,卖盘
193,14:46:30,11.64,0.01,405,471420,买盘
194,14:46:27,11.63,-0.01,54,62802,卖盘
195,14:46:24,11.64,-0.01,8,9312,中性盘
196,14:46:21,11.65,--,320,372800,买盘
197,14:46:18,11.65,0.01,622,724630,买盘
198,14:46:09,11.64,0.01,10,11640,买盘
199,14:46:06,11.63,-0.01,90,104670,卖盘
200,14:46:00,11.64,0.01,22,25608,买盘
201,14:45:57,11.63,--,19,22097,卖盘
202,14:45:54,11.63,--,88,102344,卖盘
203,14:45:51,11.63,-0.01,38,44461,卖盘
204,14:45:48,11.64,--,651,757764,卖盘
205,14:45:42,11.64,--,102,118728,卖盘
206,14:45:39,11.64,--,102,119624,买盘
207,14:45:36,11.64,--,144,167883,卖盘
208,14:45:33,11.64,--,216,251424,卖盘
209,14:45:30,11.64,--,20,23280,卖盘
210,14:45:27,11.64,--,111,129669,卖盘
211,14:45:24,11.64,--,71,82644,卖盘
212,14:45:21,11.64,--,2,2328,卖盘
213,14:45:18,11.64,-0.01,2,2328,卖盘
214,14:45:12,11.65,0.01,102,118830,买盘
215,14:45:09,11.64,--,8,9312,卖盘
216,14:45:06,11.64,--,24,27936,卖盘
217,14:45:03,11.64,-0.01,6,6984,卖盘
218,14:44:54,11.65,0.01,171,199215,买盘
219,14:44:36,11.64,--,19,22116,卖盘
220,14:44:33,11.64,--,308,358942,买盘
221,14:44:27,11.64,0.01,65,75660,买盘
222,14:44:21,11.63,-0.01,355,412865,卖盘
223,14:44:18,11.64,0.01,20,23280,买盘
224,14:44:09,11.63,--,1,1163,卖盘
225,14:44:06,11.63,-0.01,323,375649,卖盘
226,14:44:03,11.64,0.01,4,4656,买盘
227,14:44:00,11.63,--,11,12979,卖盘
228,14:43:57,11.63,--,2,2326,卖盘
229,14:43:51,11.63,--,70,81410,卖盘
230,14:43:48,11.63,-0.01,30,35064,卖盘
231,14:43:45,11.64,--,12,13968,买盘
232,14:43:36,11.64,--,34,39715,买盘
233,14:43:33,11.64,--,1,1164,买盘
234,14:43:30,11.64,--,28,32592,买盘
235,14:43:27,11.64,0.01,25,29100,买盘
236,14:43:24,11.63,--,11,13397,卖盘
237,14:43:21,11.63,-0.01,1,1163,卖盘
238,14:43:15,11.64,--,50,58200,买盘
239,14:43:09,11.64,0.01,41,47724,买盘
240,14:43:06,11.63,--,26,30238,卖盘
241,14:43:00,11.63,--,1,1163,卖盘
242,14:42:57,11.63,-0.01,20,23260,卖盘
243,14:42:54,11.64,--,114,132696,买盘
244,14:42:51,11.64,--,1,1164,买盘
245,14:42:45,11.64,--,20,23280,买盘
246,14:42:42,11.64,0.01,52,60528,买盘
247,14:42:36,11.63,--,21,24423,卖盘
248,14:42:33,11.63,--,1,1163,卖盘
249,14:42:30,11.63,--,113,131419,买盘
250,14:42:27,11.63,0.01,35,40705,买盘
251,14:42:24,11.62,--,31,36022,卖盘
252,14:42:21,11.62,-0.01,20,23240,卖盘
253,14:42:18,11.63,0.01,231,268653,买盘
254,14:42:15,11.62,-0.01,3,3485,卖盘
255,14:42:12,11.63,--,5,5815,买盘
256,14:42:09,11.63,--,1,1163,买盘
257,14:42:06,11.63,--,78,90714,买盘
258,14:42:03,11.63,0.01,1,1163,买盘
259,14:41:54,11.62,-0.01,46,53452,卖盘
260,14:41:51,11.63,--,19,22097,卖盘
261,14:41:48,11.63,--,100,116300,卖盘
262,14:41:39,11.63,--,100,116300,卖盘
263,14:41:36,11.63,--,19,22097,卖盘
264,14:41:33,11.63,--,8,9304,卖盘
265,14:41:27,11.63,0.01,252,293076,买盘
266,14:41:21,11.62,-0.01,3,3485,卖盘
267,14:41:12,11.63,0.01,1,1163,买盘
268,14:41:06,11.62,-0.01,21,24402,卖盘
269,14:41:03,11.63,--,14,16282,买盘
270,14:41:00,11.63,--,73,84899,买盘
271,14:40:57,11.63,0.01,97,112811,买盘
272,14:40:48,11.62,--,100,116199,卖盘
273,14:40:45,11.62,--,60,69720,卖盘
274,14:40:42,11.62,--,86,99932,卖盘
275,14:40:36,11.62,-0.01,18,20916,卖盘
276,14:40:33,11.63,0.01,6,6978,买盘
277,14:40:30,11.62,-0.01,8,9296,卖盘
278,14:40:24,11.63,0.01,50,58150,买盘
279,14:40:21,11.62,--,15,17430,卖盘
280,14:40:15,11.62,-0.01,22,25564,卖盘
281,14:40:12,11.63,--,7,8141,买盘
282,14:40:09,11.63,0.01,101,117463,买盘
283,14:40:06,11.62,-0.01,45,52290,卖盘
284,14:40:03,11.63,--,51,59313,买盘
285,14:40:00,11.63,--,20,23260,买盘
286,14:39:57,11.63,0.01,7,8141,买盘
287,14:39:51,11.62,-0.01,1,1162,卖盘
288,14:39:48,11.63,0.01,2,2326,买盘
289,14:39:42,11.62,--,19,22078,卖盘
290,14:39:39,11.62,--,10,11620,卖盘
291,14:39:36,11.62,-0.01,18,20916,卖盘
292,14:39:33,11.63,0.01,54,62802,买盘
293,14:39:30,11.62,-0.01,2,2324,卖盘
294,14:39:27,11.63,--,77,89551,买盘
295,14:39:24,11.63,0.01,7,8141,买盘
296,14:39:21,11.62,-0.01,27,32466,卖盘
297,14:39:15,11.63,--,5,5815,买盘
298,14:39:09,11.63,0.01,13,15119,买盘
299,14:39:06,11.62,--,31,36022,卖盘
300,14:39:03,11.62,-0.01,10,11620,卖盘
301,14:38:57,11.63,0.01,21,24423,买盘
302,14:38:54,11.62,-0.01,30,34860,卖盘
303,14:38:51,11.63,0.01,3,3489,买盘
304,14:38:48,11.62,-0.01,50,58099,卖盘
305,14:38:42,11.63,0.01,16,18608,买盘
306,14:38:39,11.62,-0.01,59,68558,卖盘
307,14:38:36,11.63,--,39,45636,买盘
308,14:38:33,11.63,--,4,4652,买盘
309,14:38:30,11.63,0.01,23,26749,买盘
310,14:38:21,11.62,--,1,1162,卖盘
311,14:38:12,11.62,-0.01,51,60365,卖盘
312,14:38:09,11.63,--,80,93040,买盘
313,14:38:06,11.63,--,20,23260,买盘
314,14:38:00,11.63,0.01,6,6978,买盘
315,14:37:57,11.62,-0.01,1,1162,卖盘
316,14:37:54,11.63,--,11,12793,买盘
317,14:37:48,11.63,0.01,5,5815,买盘
318,14:37:45,11.62,--,69,80178,卖盘
319,14:37:42,11.62,--,8,9307,卖盘
320,14:37:36,11.62,-0.01,19,22078,卖盘
321,14:37:30,11.63,--,21,24423,买盘
322,14:37:27,11.63,--,10,11630,买盘
323,14:37:24,11.63,--,8,9304,买盘
324,14:37:21,11.63,--,3,3489,买盘
325,14:37:15,11.63,--,75,87225,买盘
326,14:37:12,11.63,--,2,2326,买盘
327,14:37:09,11.63,0.01,23,26749,买盘
328,14:37:06,11.62,--,34,39508,卖盘
329,14:37:03,11.62,-0.01,19,22078,卖盘
330,14:37:00,11.63,0.01,61,70943,中性盘
331,14:36:54,11.62,-0.02,5,6542,卖盘
332,14:36:51,11.64,--,143,166452,卖盘
333,14:36:36,11.64,0.01,530,618060,买盘
334,14:36:33,11.63,--,68,79816,卖盘
335,14:36:30,11.63,-0.01,3,3919,卖盘
336,14:36:27,11.64,0.01,20,23280,买盘
337,14:36:21,11.63,--,11,12793,卖盘
338,14:36:18,11.63,--,22,25586,卖盘
339,14:36:15,11.63,-0.01,60,69780,卖盘
340,14:36:12,11.64,0.01,4,4656,买盘
341,14:36:09,11.63,--,66,76758,卖盘
342,14:36:06,11.63,-0.01,19,22097,卖盘
343,14:36:03,11.64,0.01,2,2328,买盘
344,14:36:00,11.63,--,7,8141,卖盘
345,14:35:57,11.63,-0.01,5,5815,卖盘
346,14:35:51,11.64,0.01,3,3492,买盘
347,14:35:45,11.63,0.01,91,105833,买盘
348,14:35:39,11.62,--,2,2324,卖盘
349,14:35:36,11.62,-0.02,30,35382,卖盘
350,14:35:30,11.64,--,51,59364,买盘
351,14:35:27,11.64,0.01,23,26772,买盘
352,14:35:21,11.63,--,20,23260,买盘
353,14:35:18,11.63,0.01,155,180265,买盘
354,14:35:15,11.62,--,62,72044,卖盘
355,14:35:12,11.62,-0.01,41,48164,卖盘
356,14:35:09,11.63,--,38,44194,买盘
357,14:35:06,11.63,--,52,60476,买盘
358,14:35:03,11.63,--,3,3489,买盘
359,14:35:00,11.63,0.01,67,77921,买盘
360,14:34:54,11.62,-0.01,3,3485,卖盘
361,14:34:48,11.63,0.01,100,116300,买盘
362,14:34:42,11.62,--,38,44156,卖盘
363,14:34:39,11.62,--,3,4008,卖盘
364,14:34:36,11.62,--,61,70882,卖盘
365,14:34:30,11.62,--,103,119685,卖盘
366,14:34:27,11.62,--,12,13943,卖盘
367,14:34:15,11.62,-0.01,4,4648,卖盘
368,14:34:12,11.63,--,3,3489,买盘
369,14:34:09,11.63,0.01,16,18608,买盘
370,14:34:06,11.62,--,23,27248,卖盘
371,14:34:03,11.62,--,51,59261,卖盘
372,14:34:00,11.62,--,99,115037,卖盘
373,14:33:51,11.62,-0.01,24,28410,卖盘
374,14:33:48,11.63,--,4,4652,买盘
375,14:33:45,11.63,0.01,69,80247,买盘
376,14:33:36,11.62,--,19,22078,卖盘
377,14:33:33,11.62,--,70,81340,卖盘
378,14:33:30,11.62,--,4,4648,卖盘
379,14:33:27,11.62,--,123,142926,卖盘
380,14:33:24,11.62,--,13,15105,卖盘
381,14:33:18,11.62,-0.01,32,37184,卖盘
382,14:33:15,11.63,0.01,47,54661,买盘
383,14:33:12,11.62,-0.01,118,137116,卖盘
384,14:33:09,11.63,0.01,86,100018,买盘
385,14:33:06,11.62,--,23,27248,卖盘
386,14:33:00,11.62,--,79,91798,卖盘
387,14:32:57,11.62,-0.01,31,36022,卖盘
388,14:32:54,11.63,0.02,178,207014,买盘
389,14:32:51,11.61,--,71,82431,卖盘
390,14:32:45,11.61,--,21,24381,卖盘
391,14:32:42,11.61,--,30,34830,卖盘
392,14:32:39,11.61,--,7,8649,卖盘
393,14:32:36,11.61,0.02,63,73143,买盘
394,14:32:30,11.59,-0.02,951,1103194,卖盘
395,14:32:27,11.61,0.01,23,26703,买盘
396,14:32:15,11.6,0.01,93,108054,买盘
397,14:32:12,11.59,--,12,13908,卖盘
398,14:32:09,11.59,--,47,54473,卖盘
399,14:32:06,11.59,-0.01,33,38768,卖盘
400,14:32:03,11.6,--,601,697160,买盘
401,14:31:57,11.6,0.01,10,11600,买盘
402,14:31:54,11.59,-0.03,2124,2462701,卖盘
403,14:31:45,11.62,--,19,22078,买盘
404,14:31:42,11.62,--,3,3485,买盘
405,14:31:39,11.62,--,47,54613,卖盘
406,14:31:36,11.62,--,128,149258,买盘
407,14:31:33,11.62,--,10,11620,买盘
408,14:31:18,11.62,0.01,79,91798,买盘
409,14:31:12,11.61,-0.01,0,522,卖盘
410,14:31:09,11.62,--,48,55775,买盘
411,14:31:06,11.62,--,24,27887,买盘
412,14:31:00,11.62,0.01,79,91798,买盘
413,14:30:57,11.61,--,42,48762,卖盘
414,14:30:54,11.61,-0.01,20,23220,卖盘
415,14:30:51,11.62,0.01,2,2324,买盘
416,14:30:45,11.61,-0.01,11,12771,卖盘
417,14:30:42,11.62,0.01,11,12782,买盘
418,14:30:39,11.61,--,0,522,卖盘
419,14:30:36,11.61,-0.01,19,22059,卖盘
420,14:30:33,11.62,-0.01,10,11620,卖盘
421,14:30:30,11.63,0.01,300,348900,买盘
422,14:30:27,11.62,--,84,97608,卖盘
423,14:30:18,11.62,--,36,41832,买盘
424,14:30:15,11.62,--,4,5170,买盘
425,14:30:09,11.62,--,82,95284,买盘
426,14:30:06,11.62,0.01,29,33698,买盘
427,14:30:03,11.61,--,14,16254,卖盘
428,14:29:57,11.61,-0.01,1,1161,卖盘
429,14:29:39,11.62,0.01,6,6971,买盘
430,14:29:36,11.61,--,27,31869,卖盘
431,14:29:33,11.61,--,24,27864,卖盘
432,14:29:30,11.61,--,174,202014,卖盘
433,14:29:27,11.61,-0.01,11,12771,卖盘
434,14:29:24,11.62,--,50,58099,买盘
435,14:29:21,11.62,0.01,30,34860,买盘
436,14:29:15,11.61,--,163,189243,卖盘
437,14:29:12,11.61,-0.01,4,5166,卖盘
438,14:29:09,11.62,--,162,188244,买盘
439,14:29:06,11.62,0.01,34,39508,买盘
440,14:29:00,11.61,-0.01,47,54567,卖盘
441,14:28:57,11.62,0.01,20,23240,买盘
442,14:28:54,11.61,-0.01,1,1161,卖盘
443,14:28:48,11.62,0.01,2,2846,买盘
444,14:28:42,11.61,--,14,16254,卖盘
445,14:28:36,11.61,--,19,22059,卖盘
446,14:28:33,11.61,--,2,2322,卖盘
447,14:28:30,11.61,--,81,94041,买盘
448,14:28:27,11.61,--,132,153252,买盘
449,14:28:24,11.61,0.01,197,228717,买盘
450,14:28:21,11.6,--,5,5800,卖盘
451,14:28:18,11.6,--,33,38280,卖盘
452,14:28:15,11.6,--,7,8120,卖盘
453,14:28:12,11.6,--,140,162400,买盘
454,14:28:09,11.6,0.01,204,236640,买盘
455,14:28:06,11.59,-0.01,52,60789,卖盘
456,14:28:03,11.6,--,229,265640,买盘
457,14:28:00,11.6,--,335,388600,买盘
458,14:27:57,11.6,0.01,44,51040,买盘
459,14:27:54,11.59,-0.01,19,22542,卖盘
460,14:27:48,11.6,--,494,573040,卖盘
461,14:27:45,11.6,--,2,2320,卖盘
462,14:27:36,11.6,-0.01,18,20880,卖盘
463,14:27:30,11.61,0.01,10,11610,买盘
464,14:27:27,11.6,--,0,522,卖盘
465,14:27:24,11.6,-0.01,2,2320,卖盘
466,14:27:21,11.61,0.01,10,11610,中性盘
467,14:27:12,11.6,--,946,1097360,买盘
468,14:27:09,11.6,0.01,3,3480,买盘
469,14:27:06,11.59,--,20,23180,卖盘
470,14:27:00,11.59,--,5,5795,卖盘
471,14:26:57,11.59,--,154,178845,买盘
472,14:26:54,11.59,--,15,17385,买盘
473,14:26:51,11.59,--,90,104310,买盘
474,14:26:48,11.59,--,45,52155,买盘
475,14:26:42,11.59,--,10,12111,买盘
476,14:26:39,11.59,--,100,115900,买盘
477,14:26:36,11.59,0.01,109,126331,买盘
478,14:26:33,11.58,--,30,34740,卖盘
479,14:26:24,11.58,--,37,42846,卖盘
480,14:26:15,11.58,-0.01,46,53268,卖盘
481,14:26:12,11.59,0.01,2,2318,买盘
482,14:26:09,11.58,-0.01,0,521,卖盘
483,14:26:06,11.59,-0.01,414,479826,卖盘
484,14:26:03,11.6,--,100,116000,买盘
485,14:26:00,11.6,--,70,81200,买盘
486,14:25:57,11.6,0.01,37,42920,买盘
487,14:25:54,11.59,--,6,6954,卖盘
488,14:25:51,11.59,-0.01,1,1159,卖盘
489,14:25:42,11.6,--,35,41400,卖盘
490,14:25:39,11.6,--,39,45240,卖盘
491,14:25:36,11.6,--,159,184440,卖盘
492,14:25:30,11.6,--,78,90480,卖盘
493,14:25:27,11.6,-0.01,52,60320,卖盘
494,14:25:24,11.61,--,316,367340,卖盘
495,14:25:21,11.61,--,38,44118,卖盘
496,14:25:18,11.61,--,17,19737,卖盘
497,14:25:15,11.61,-0.01,1,1161,卖盘
498,14:25:12,11.62,--,1,1162,买盘
499,14:25:09,11.62,--,14,16267,买盘
500,14:25:06,11.62,--,21,24402,买盘
501,14:25:03,11.62,--,41,47642,买盘
502,14:25:00,11.62,--,56,65071,买盘
503,14:24:57,11.62,--,6,6971,买盘
504,14:24:54,11.62,--,20,23240,买盘
505,14:24:51,11.62,-0.01,79,91798,卖盘
506,14:24:48,11.63,0.01,20,23260,买盘
507,14:24:42,11.62,--,113,131306,卖盘
508,14:24:36,11.62,--,543,630966,卖盘
509,14:24:33,11.62,-0.01,4,4648,卖盘
510,14:24:30,11.63,0.01,2,2326,买盘
511,14:24:27,11.62,--,3,3485,卖盘
512,14:24:24,11.62,--,26,30211,卖盘
513,14:24:21,11.62,--,220,255639,买盘
514,14:24:18,11.62,0.01,116,134792,买盘
515,14:24:15,11.61,--,1,1161,卖盘
516,14:24:12,11.61,--,51,59907,卖盘
517,14:24:09,11.61,--,65,75465,卖盘
518,14:24:06,11.61,--,21,24381,卖盘
519,14:24:03,11.61,-0.01,20,23220,卖盘
520,14:24:00,11.62,0.01,10,11620,买盘
521,14:23:57,11.61,-0.01,67,77787,卖盘
522,14:23:51,11.62,--,40,46480,卖盘
523,14:23:48,11.62,0.01,61,70882,买盘
524,14:23:42,11.61,--,24,27864,卖盘
525,14:23:36,11.61,--,28,32508,卖盘
526,14:23:33,11.61,--,24,27864,卖盘
527,14:23:30,11.61,--,92,106812,卖盘
528,14:23:27,11.61,--,73,84753,买盘
529,14:23:24,11.61,--,43,49923,买盘
530,14:23:21,11.61,0.01,82,95202,买盘
531,14:23:18,11.6,-0.01,1,1160,卖盘
532,14:23:15,11.61,--,110,127710,买盘
533,14:23:12,11.61,--,10,11610,买盘
534,14:23:09,11.61,--,14,16254,买盘
535,14:23:06,11.61,0.01,24,27864,买盘
536,14:23:03,11.6,--,21,24360,卖盘
537,14:23:00,11.6,-0.01,72,83520,卖盘
538,14:22:57,11.61,0.01,100,116100,买盘
539,14:22:54,11.6,--,9,10440,卖盘
540,14:22:51,11.6,--,42,48720,卖盘
541,14:22:48,11.6,-0.01,20,23200,卖盘
542,14:22:45,11.61,-0.02,399,463239,卖盘
543,14:22:42,11.63,0.02,320,372160,买盘
544,14:22:39,11.61,-0.01,3,3575,卖盘
545,14:22:36,11.62,-0.01,26,30607,卖盘
546,14:22:33,11.63,0.01,22,25586,买盘
547,14:22:30,11.62,--,94,109227,卖盘
548,14:22:27,11.62,--,166,192892,卖盘
549,14:22:24,11.62,-0.01,93,108147,卖盘
550,14:22:21,11.63,--,371,431833,卖盘
551,14:22:18,11.63,--,18,20934,卖盘
552,14:22:15,11.63,--,19,22097,卖盘
553,14:22:12,11.63,--,12,13956,卖盘
554,14:22:09,11.63,--,31,36053,卖盘
555,14:22:06,11.63,--,38,44542,卖盘
556,14:22:03,11.63,--,28,32564,卖盘
557,14:22:00,11.63,--,12,13956,卖盘
558,14:21:57,11.63,--,49,56987,卖盘
559,14:21:54,11.63,--,52,60894,卖盘
560,14:21:51,11.63,--,15,17538,卖盘
561,14:21:42,11.63,--,11,12793,卖盘
562,14:21:39,11.63,-0.01,6,6978,卖盘
563,14:21:36,11.64,0.01,39,45396,买盘
564,14:21:33,11.63,-0.01,10,11816,卖盘
565,14:21:21,11.64,0.01,41,47724,买盘
566,14:21:15,11.63,-0.02,28,32564,卖盘
567,14:21:09,11.65,--,10,11650,买盘
568,14:21:06,11.65,0.01,27,31455,买盘
569,14:21:03,11.64,-0.01,17,19788,卖盘
570,14:21:00,11.65,0.01,1,1165,买盘
571,14:20:57,11.64,--,6,6984,卖盘
572,14:20:54,11.64,--,18,20952,卖盘
573,14:20:51,11.64,--,15,17460,卖盘
574,14:20:48,11.64,--,40,47235,卖盘
575,14:20:45,11.64,-0.01,3,3492,卖盘
576,14:20:42,11.65,0.01,156,181740,买盘
577,14:20:39,11.64,--,25,29938,卖盘
578,14:20:36,11.64,--,25,29100,卖盘
579,14:20:33,11.64,--,18,20952,卖盘
580,14:20:27,11.64,--,5,5820,卖盘
581,14:20:24,11.64,-0.01,27,31428,卖盘
582,14:20:21,11.65,0.01,180,209700,买盘
583,14:20:18,11.64,-0.01,7,8148,卖盘
584,14:20:12,11.65,--,1,1165,买盘
585,14:20:09,11.65,--,2,2330,买盘
586,14:20:06,11.65,--,95,110675,买盘
587,14:20:03,11.65,--,6,6990,买盘
588,14:20:00,11.65,--,57,66405,买盘
589,14:19:57,11.65,0.01,617,718805,买盘
590,14:19:54,11.64,-0.01,20,23280,卖盘
591,14:19:51,11.65,0.01,6,6990,买盘
592,14:19:48,11.64,--,20,23280,卖盘
593,14:19:45,11.64,--,10,11640,卖盘
594,14:19:42,11.64,--,44,51216,卖盘
595,14:19:39,11.64,0.01,388,451632,买盘
596,14:19:36,11.63,--,19,22097,卖盘
597,14:19:33,11.63,--,15,17445,卖盘
598,14:19:30,11.63,-0.01,71,82573,卖盘
599,14:19:27,11.64,--,378,439992,买盘
600,14:19:24,11.64,0.01,88,102432,买盘
601,14:19:21,11.63,-0.01,1,1163,卖盘
602,14:19:18,11.64,--,240,279360,买盘
603,14:19:15,11.64,0.01,5,5820,买盘
604,14:19:12,11.63,-0.01,10,11630,卖盘
605,14:19:09,11.64,0.01,51,59364,买盘
606,14:19:06,11.63,-0.01,19,22097,卖盘
607,14:19:03,11.64,--,17,19788,买盘
608,14:19:00,11.64,--,7,8148,买盘
609,14:18:57,11.64,0.01,82,95448,买盘
610,14:18:51,11.63,--,26,30238,卖盘
611,14:18:48,11.63,0.01,269,312847,买盘
612,14:18:45,11.62,--,137,159194,卖盘
613,14:18:42,11.62,--,6,6971,卖盘
614,14:18:39,11.62,--,29,33698,卖盘
615,14:18:36,11.62,--,149,173138,卖盘
616,14:18:33,11.62,--,526,611246,买盘
617,14:18:27,11.62,0.01,26,30211,买盘
618,14:18:24,11.61,--,3,3483,卖盘
619,14:18:21,11.61,--,19,22059,卖盘
620,14:18:18,11.61,--,22,25542,卖盘
621,14:18:15,11.61,--,10,11610,卖盘
622,14:18:09,11.61,--,7,8127,卖盘
623,14:18:06,11.61,-0.01,18,20898,卖盘
624,14:18:03,11.62,0.01,23,26726,买盘
625,14:18:00,11.61,--,87,101007,卖盘
626,14:17:57,11.61,--,141,163701,卖盘
627,14:17:54,11.61,--,16,18576,卖盘
628,14:17:51,11.61,--,33,38313,卖盘
629,14:17:48,11.61,--,175,203175,卖盘
630,14:17:45,11.61,--,618,717498,卖盘
631,14:17:42,11.61,0.01,1901,2207653,买盘
632,14:17:39,11.6,--,57,66120,卖盘
633,14:17:36,11.6,-0.01,76,88160,卖盘
634,14:17:33,11.61,0.01,58,67338,买盘
635,14:17:30,11.6,--,27,31320,卖盘
636,14:17:27,11.6,--,33,38280,卖盘
637,14:17:24,11.6,--,35,40600,卖盘
638,14:17:21,11.6,--,19,22040,卖盘
639,14:17:18,11.6,--,166,192560,卖盘
640,14:17:15,11.6,-0.01,60,69600,卖盘
641,14:17:12,11.61,-0.01,269,312309,卖盘
642,14:17:09,11.62,--,61,70882,买盘
643,14:17:06,11.62,--,299,348565,卖盘
644,14:17:03,11.62,-0.01,17,20218,卖盘
645,14:17:00,11.63,--,15,17445,买盘
646,14:16:57,11.63,0.01,11,12793,买盘
647,14:16:54,11.62,-0.01,59,68558,卖盘
648,14:16:51,11.63,0.01,55,63965,买盘
649,14:16:48,11.62,--,4,4648,卖盘
650,14:16:45,11.62,--,32,37184,卖盘
651,14:16:42,11.62,--,60,69720,卖盘
652,14:16:39,11.62,--,25,29049,卖盘
653,14:16:36,11.62,-0.01,73,84826,卖盘
654,14:16:33,11.63,--,14,16282,卖盘
655,14:16:30,11.63,--,15,17445,卖盘
656,14:16:27,11.63,0.01,73,84899,买盘
657,14:16:24,11.62,-0.01,141,164306,卖盘
658,14:16:21,11.63,-0.01,235,273305,卖盘
659,14:16:18,11.64,0.01,153,178092,买盘
660,14:16:15,11.63,-0.01,55,63965,卖盘
661,14:16:09,11.64,--,31,36084,买盘
662,14:16:03,11.64,--,207,240948,卖盘
663,14:16:00,11.64,--,8,9312,卖盘
664,14:15:57,11.64,--,24,27936,卖盘
665,14:15:54,11.64,--,47,54708,卖盘
666,14:15:51,11.64,--,60,69840,卖盘
667,14:15:48,11.64,--,12,13968,卖盘
668,14:15:45,11.64,--,33,38412,卖盘
669,14:15:42,11.64,--,99,115236,卖盘
670,14:15:39,11.64,--,23,26772,卖盘
671,14:15:36,11.64,--,25,29100,卖盘
672,14:15:33,11.64,--,23,26772,卖盘
673,14:15:30,11.64,--,1,1164,卖盘
674,14:15:27,11.64,--,66,76824,卖盘
675,14:15:24,11.64,--,145,168780,买盘
676,14:15:21,11.64,--,78,90792,卖盘
677,14:15:18,11.64,0.01,457,531948,买盘
678,14:15:15,11.63,--,71,82573,卖盘
679,14:15:12,11.63,--,73,84899,卖盘
680,14:15:09,11.63,--,152,176776,卖盘
681,14:15:06,11.63,-0.01,102,118626,卖盘
682,14:15:03,11.64,--,536,623904,卖盘
683,14:15:00,11.64,-0.01,46,53544,卖盘
684,14:14:57,11.65,0.01,80,93200,买盘
685,14:14:54,11.64,--,36,41904,卖盘
686,14:14:51,11.64,-0.01,8,9312,卖盘
687,14:14:48,11.65,--,10,11650,买盘
688,14:14:42,11.65,--,8,9320,买盘
689,14:14:39,11.65,0.01,122,142130,买盘
690,14:14:36,11.64,--,24,27936,卖盘
691,14:14:33,11.64,--,3,3492,卖盘
692,14:14:30,11.64,--,33,38412,卖盘
693,14:14:27,11.64,-0.01,16,18624,卖盘
694,14:14:18,11.65,0.01,84,97860,买盘
695,14:14:15,11.64,--,12,13968,卖盘
696,14:14:12,11.64,--,40,46560,卖盘
697,14:14:09,11.64,0.01,310,360840,买盘
698,14:14:06,11.63,--,20,23260,卖盘
699,14:14:03,11.63,--,3,3489,卖盘
700,14:14:00,11.63,--,26,30238,卖盘
701,14:13:57,11.63,-0.02,3,3489,卖盘
702,14:13:51,11.65,0.02,18,20970,买盘
703,14:13:48,11.63,-0.02,12,13956,卖盘
704,14:13:45,11.65,0.01,80,93899,买盘
705,14:13:42,11.64,-0.01,30,34920,卖盘
706,14:13:39,11.65,--,10,11650,买盘
707,14:13:36,11.65,0.01,217,252805,买盘
708,14:13:33,11.64,--,116,135024,卖盘
709,14:13:30,11.64,--,36,41904,卖盘
710,14:13:27,11.64,--,25,29100,卖盘
711,14:13:24,11.64,--,111,129204,卖盘
712,14:13:21,11.64,-0.01,1,1164,卖盘
713,14:13:18,11.65,0.01,44,51260,买盘
714,14:13:15,11.64,--,16,18624,卖盘
715,14:13:12,11.64,-0.01,16,18624,卖盘
716,14:13:09,11.65,0.01,62,72230,买盘
717,14:13:06,11.64,--,49,57036,卖盘
718,14:13:03,11.64,-0.01,9,10476,卖盘
719,14:13:00,11.65,0.01,28,32620,买盘
720,14:12:57,11.64,--,108,125712,卖盘
721,14:12:54,11.64,--,49,57036,卖盘
722,14:12:51,11.64,-0.01,30,34920,卖盘
723,14:12:48,11.65,--,2,2330,买盘
724,14:12:42,11.65,0.01,40,46600,买盘
725,14:12:39,11.64,--,45,52380,卖盘
726,14:12:36,11.64,--,21,24444,卖盘
727,14:12:33,11.64,--,2,2328,卖盘
728,14:12:30,11.64,--,8,9312,卖盘
729,14:12:27,11.64,--,11,12804,卖盘
730,14:12:24,11.64,--,102,118728,卖盘
731,14:12:21,11.64,--,366,426024,买盘
732,14:12:12,11.64,0.01,25,29100,买盘
733,14:12:09,11.63,-0.01,5,5815,卖盘
734,14:12:06,11.64,0.01,38,44232,买盘
735,14:11:57,11.63,--,4,4652,卖盘
736,14:11:54,11.63,--,27,31401,卖盘
737,14:11:51,11.63,--,81,94203,买盘
738,14:11:48,11.63,--,70,81410,卖盘
739,14:11:45,11.63,-0.01,282,327966,卖盘
740,14:11:42,11.64,--,27,31428,买盘
741,14:11:39,11.64,--,50,58200,买盘
742,14:11:36,11.64,--,69,80316,卖盘
743,14:11:33,11.64,--,10,11640,卖盘
744,14:11:24,11.64,--,3,3492,卖盘
745,14:11:18,11.64,-0.01,10,11640,卖盘
746,14:11:12,11.65,0.01,3,3495,买盘
747,14:11:06,11.64,--,20,23280,卖盘
748,14:11:03,11.64,0.01,23,26772,买盘
749,14:11:00,11.63,--,23,26749,卖盘
750,14:10:57,11.63,-0.01,10,11630,卖盘
751,14:10:54,11.64,0.01,23,26772,买盘
752,14:10:51,11.63,-0.01,6,6978,卖盘
753,14:10:48,11.64,--,21,24444,买盘
754,14:10:45,11.64,--,26,30264,卖盘
755,14:10:42,11.64,--,94,109416,卖盘
756,14:10:39,11.64,-0.01,1,1164,卖盘
757,14:10:36,11.65,0.01,84,97860,买盘
758,14:10:33,11.64,-0.01,3,3492,卖盘
759,14:10:30,11.65,-0.01,52,60580,中性盘
760,14:10:27,11.66,0.01,157,183062,买盘
761,14:10:21,11.65,--,1,1165,卖盘
762,14:10:18,11.65,--,10,11650,卖盘
763,14:10:15,11.65,--,39,45435,卖盘
764,14:10:12,11.65,--,13,15145,卖盘
765,14:10:09,11.65,0.01,53,61745,买盘
766,14:10:06,11.64,--,42,48888,卖盘
767,14:10:03,11.64,-0.01,7,8148,卖盘
768,14:10:00,11.65,--,10,11650,买盘
769,14:09:57,11.65,--,38,44270,买盘
770,14:09:51,11.65,0.01,5,5825,买盘
771,14:09:48,11.64,--,1,1164,卖盘
772,14:09:45,11.64,--,11,12804,卖盘
773,14:09:42,11.64,-0.02,12,14328,卖盘
774,14:09:39,11.66,0.01,97,113102,买盘
775,14:09:36,11.65,--,51,59415,卖盘
776,14:09:33,11.65,--,30,34950,卖盘
777,14:09:30,11.65,-0.01,2,2330,卖盘
778,14:09:27,11.66,0.01,107,124762,买盘
779,14:09:24,11.65,-0.01,11,12815,卖盘
780,14:09:21,11.66,0.01,29,33814,买盘
781,14:09:18,11.65,--,68,79220,卖盘
782,14:09:15,11.65,-0.01,346,403090,卖盘
783,14:09:12,11.66,0.01,292,340472,买盘
784,14:09:09,11.65,--,99,115335,卖盘
785,14:09:06,11.65,--,19,22135,卖盘
786,14:09:00,11.65,--,1,1165,卖盘
787,14:08:57,11.65,-0.01,3,3495,卖盘
788,14:08:54,11.66,--,38,44308,买盘
789,14:08:51,11.66,--,24,27984,买盘
790,14:08:48,11.66,0.01,7,8162,买盘
791,14:08:42,11.65,-0.01,25,29125,卖盘
792,14:08:39,11.66,--,10,11660,买盘
793,14:08:36,11.66,-0.01,183,213494,卖盘
794,14:08:33,11.67,0.01,8,9336,买盘
795,14:08:30,11.66,--,16,18656,卖盘
796,14:08:27,11.66,-0.01,22,25652,卖盘
797,14:08:24,11.67,0.01,111,129537,买盘
798,14:08:21,11.66,--,61,71126,卖盘
799,14:08:18,11.66,--,43,50138,卖盘
800,14:08:15,11.66,--,207,242411,买盘
801,14:08:12,11.66,--,114,132924,买盘
802,14:08:09,11.66,0.01,4,4664,买盘
803,14:08:06,11.65,--,19,22135,卖盘
804,14:08:03,11.65,--,25,29928,卖盘
805,14:08:00,11.65,--,9,10485,卖盘
806,14:07:57,11.65,--,39,45435,卖盘
807,14:07:54,11.65,--,129,150285,卖盘
808,14:07:51,11.65,--,60,69900,卖盘
809,14:07:48,11.65,-0.01,5,5825,卖盘
810,14:07:45,11.66,0.02,9,10494,买盘
811,14:07:42,11.64,--,1,1164,卖盘
812,14:07:39,11.64,-0.02,10,11640,卖盘
813,14:07:36,11.66,0.01,73,85118,买盘
814,14:07:33,11.65,0.01,3,3495,买盘
815,14:07:30,11.64,--,1,1164,卖盘
816,14:07:24,11.64,-0.02,16,18624,卖盘
817,14:07:21,11.66,0.02,90,104940,买盘
818,14:07:18,11.64,-0.01,148,172272,卖盘
819,14:07:15,11.65,--,16,18640,卖盘
820,14:07:12,11.65,--,1,1165,卖盘
821,14:07:09,11.65,--,314,365810,卖盘
822,14:07:06,11.65,0.01,105,122325,买盘
823,14:07:03,11.64,-0.01,21,24444,卖盘
824,14:07:00,11.65,0.01,100,116500,买盘
825,14:06:57,11.64,--,21,24444,卖盘
826,14:06:54,11.64,--,20,23280,中性盘
827,14:06:45,11.64,0.01,40,46560,买盘
828,14:06:42,11.63,--,80,93040,卖盘
829,14:06:39,11.63,--,62,72106,卖盘
830,14:06:36,11.63,--,39,45357,卖盘
831,14:06:33,11.63,-0.02,14,16282,卖盘
832,14:06:30,11.65,0.01,5,5825,买盘
833,14:06:24,11.64,-0.01,7,8148,买盘
834,14:06:21,11.65,0.01,62,72230,买盘
835,14:06:18,11.64,--,20,23280,买盘
836,14:06:15,11.64,0.01,52,60528,买盘
837,14:06:12,11.63,-0.02,11,12793,卖盘
838,14:06:06,11.65,0.02,2,2330,买盘
839,14:06:03,11.63,0.01,26,30238,中性盘
840,14:05:57,11.62,--,104,121580,卖盘
841,14:05:54,11.62,-0.01,3,3485,卖盘
842,14:05:51,11.63,--,141,163983,买盘
843,14:05:48,11.63,--,43,50009,买盘
844,14:05:45,11.63,--,221,257023,买盘
845,14:05:42,11.63,-0.01,1178,1370014,卖盘
846,14:05:39,11.64,--,24,27936,卖盘
847,14:05:36,11.64,--,45,52380,卖盘
848,14:05:33,11.64,--,79,91956,卖盘
849,14:05:30,11.64,--,10,11640,卖盘
850,14:05:27,11.64,--,7,8148,卖盘
851,14:05:24,11.64,-0.01,7,8148,中性盘
852,14:05:15,11.65,0.02,7,8155,买盘
853,14:05:09,11.63,--,77,89551,卖盘
854,14:05:06,11.63,--,48,55824,卖盘
855,14:05:03,11.63,-0.01,38,44194,卖盘
856,14:05:00,11.64,--,32,37248,买盘
857,14:04:54,11.64,0.01,47,54708,买盘
858,14:04:51,11.63,--,20,23260,卖盘
859,14:04:48,11.63,--,40,46520,卖盘
860,14:04:45,11.63,-0.01,80,93040,卖盘
861,14:04:42,11.64,0.01,51,59364,买盘
862,14:04:39,11.63,-0.01,38,44926,卖盘
863,14:04:36,11.64,-0.01,193,224652,卖盘
864,14:04:33,11.65,0.01,176,205040,买盘
865,14:04:30,11.64,-0.03,915,1065490,卖盘
866,14:04:27,11.67,0.01,29,33843,买盘
867,14:04:24,11.66,-0.01,1007,1174395,卖盘
868,14:04:21,11.67,0.01,103,120201,买盘
869,14:04:18,11.66,-0.01,27,32228,卖盘
870,14:04:15,11.67,0.01,24,28008,买盘
871,14:04:06,11.66,--,22,25652,卖盘
872,14:04:03,11.66,--,91,106106,卖盘
873,14:04:00,11.66,--,40,46640,卖盘
874,14:03:57,11.66,--,50,58300,卖盘
875,14:03:54,11.66,--,83,96778,卖盘
876,14:03:51,11.66,--,98,114268,卖盘
877,14:03:48,11.66,--,55,64130,卖盘
878,14:03:45,11.66,--,55,64130,卖盘
879,14:03:42,11.66,--,44,52225,卖盘
880,14:03:39,11.66,--,106,123596,卖盘
881,14:03:36,11.66,--,31,36146,卖盘
882,14:03:33,11.66,--,16,18656,卖盘
883,14:03:27,11.66,--,2,2332,卖盘
884,14:03:24,11.66,--,80,93280,卖盘
885,14:03:21,11.66,-0.01,75,87450,卖盘
886,14:03:18,11.67,--,30,35010,买盘
887,14:03:15,11.67,--,68,79356,买盘
888,14:03:12,11.67,0.01,50,58350,买盘
889,14:03:09,11.66,--,2,2332,卖盘
890,14:03:06,11.66,-0.01,19,22154,卖盘
891,14:03:00,11.67,--,29,33843,买盘
892,14:02:54,11.67,--,15,17505,买盘
893,14:02:51,11.67,--,6,7002,买盘
894,14:02:48,11.67,0.01,1,1167,买盘
895,14:02:45,11.66,-0.01,3,3498,卖盘
896,14:02:42,11.67,0.01,4,4668,买盘
897,14:02:36,11.66,--,63,73458,卖盘
898,14:02:30,11.66,-0.01,2,2332,卖盘
899,14:02:27,11.67,0.01,64,74688,买盘
900,14:02:24,11.66,--,10,11660,卖盘
901,14:02:21,11.66,-0.01,3,3498,卖盘
902,14:02:18,11.67,0.01,6,7002,买盘
903,14:02:15,11.66,--,6,6996,卖盘
904,14:02:12,11.66,-0.01,100,116600,卖盘
905,14:02:09,11.67,--,35,40845,买盘
906,14:02:06,11.67,-0.01,332,387444,买盘
907,14:02:03,11.68,0.01,159,185712,买盘
908,14:02:00,11.67,--,133,155211,卖盘
909,14:01:57,11.67,--,10,11670,卖盘
910,14:01:54,11.67,--,86,100362,卖盘
911,14:01:51,11.67,--,28,32676,买盘
912,14:01:48,11.67,-0.01,117,136539,卖盘
913,14:01:45,11.68,--,91,106288,买盘
914,14:01:42,11.68,0.01,512,598016,买盘
915,14:01:39,11.67,--,5,5835,卖盘
916,14:01:36,11.67,-0.01,121,141207,卖盘
917,14:01:33,11.68,0.01,15,17520,买盘
918,14:01:30,11.67,--,67,78189,卖盘
919,14:01:27,11.67,-0.01,559,652353,卖盘
920,14:01:24,11.68,--,145,169360,买盘
921,14:01:21,11.68,--,25,29200,买盘
922,14:01:18,11.68,0.01,931,1087408,买盘
923,14:01:15,11.67,-0.01,13,15171,卖盘
924,14:01:12,11.68,0.01,20,23360,买盘
925,14:01:09,11.67,-0.01,21,24507,卖盘
926,14:01:06,11.68,--,971,1134128,买盘
927,14:01:03,11.68,--,11,12848,买盘
928,14:01:00,11.68,--,85,99280,买盘
929,14:00:57,11.68,--,404,472806,卖盘
930,14:00:54,11.68,--,20,23360,卖盘
931,14:00:51,11.68,-0.01,17,19856,卖盘
932,14:00:48,11.69,--,1,1169,买盘
933,14:00:45,11.69,--,210,245490,买盘
934,14:00:42,11.69,0.01,109,127421,买盘
935,14:00:39,11.68,0.01,168,196457,买盘
936,14:00:36,11.67,-0.01,21,24507,卖盘
937,14:00:33,11.68,--,108,126144,买盘
938,14:00:30,11.68,0.01,37,43216,买盘
939,14:00:27,11.67,--,274,319758,卖盘
940,14:00:24,11.67,--,60,70020,卖盘
941,14:00:21,11.67,--,101,117867,卖盘
942,14:00:18,11.67,-0.01,692,808497,卖盘
943,14:00:15,11.68,--,242,282656,卖盘
944,14:00:12,11.68,--,1280,1495273,买盘
945,14:00:09,11.68,--,509,594512,买盘
946,14:00:06,11.68,0.01,201,234768,买盘
947,14:00:03,11.67,--,1557,1817019,卖盘
948,14:00:00,11.67,--,510,595170,卖盘
949,13:59:57,11.67,-0.01,51,59517,卖盘
950,13:59:54,11.68,0.01,154,179872,买盘
951,13:59:51,11.67,-0.01,541,631347,卖盘
952,13:59:48,11.68,0.01,225,262800,买盘
953,13:59:45,11.67,-0.01,121,141207,卖盘
954,13:59:42,11.68,--,76,88768,买盘
955,13:59:39,11.68,--,124,144832,买盘
956,13:59:36,11.68,0.01,68,79424,买盘
957,13:59:33,11.67,-0.01,2,2334,卖盘
958,13:59:30,11.68,--,159,185712,买盘
959,13:59:27,11.68,0.01,11,12848,买盘
960,13:59:24,11.67,-0.01,8,9336,卖盘
961,13:59:21,11.68,--,8,9344,买盘
962,13:59:18,11.68,--,27,31536,买盘
963,13:59:12,11.68,0.01,253,295504,买盘
964,13:59:09,11.67,--,59,68853,卖盘
965,13:59:06,11.67,0.01,700,817926,买盘
966,13:59:03,11.66,--,26,30316,卖盘
967,13:59:00,11.66,--,66,76956,卖盘
968,13:58:57,11.66,-0.01,32,37312,卖盘
969,13:58:54,11.67,--,14,16338,买盘
970,13:58:51,11.67,--,219,255573,买盘
971,13:58:48,11.67,--,343,400281,买盘
972,13:58:45,11.67,0.01,171,199557,买盘
973,13:58:39,11.66,-0.01,435,507210,卖盘
974,13:58:36,11.67,--,114,133038,买盘
975,13:58:33,11.67,--,541,631347,买盘
976,13:58:30,11.67,--,92,107364,买盘
977,13:58:27,11.67,--,135,157545,买盘
978,13:58:21,11.67,--,54,63018,买盘
979,13:58:18,11.67,0.01,66,77022,买盘
980,13:58:15,11.66,-0.01,280,326480,卖盘
981,13:58:12,11.67,0.01,7,8169,买盘
982,13:58:09,11.66,--,5,5830,卖盘
983,13:58:06,11.66,-0.01,46,53636,卖盘
984,13:58:03,11.67,--,4,4668,买盘
985,13:58:00,11.67,0.01,90,105636,买盘
986,13:57:57,11.66,-0.01,213,248358,卖盘
987,13:57:54,11.67,--,13,15171,买盘
988,13:57:51,11.67,0.01,76,88692,买盘
989,13:57:48,11.66,--,23,26818,卖盘
990,13:57:45,11.66,--,9,10494,卖盘
991,13:57:42,11.66,-0.01,55,64130,卖盘
992,13:57:39,11.67,--,96,112032,买盘
993,13:57:36,11.67,--,211,246237,买盘
994,13:57:30,11.67,0.01,199,232233,买盘
995,13:57:27,11.66,--,81,94446,卖盘
996,13:57:24,11.66,-0.01,5,5830,卖盘
997,13:57:21,11.67,0.01,47,54849,买盘
998,13:57:18,11.66,--,252,293832,卖盘
999,13:57:15,11.66,--,30,34980,卖盘
1000,13:57:12,11.66,--,11,12826,卖盘
1001,13:57:09,11.66,-0.01,30,34980,卖盘
1002,13:57:06,11.67,0.01,34,39678,买盘
1003,13:57:03,11.66,--,12,13992,卖盘
1004,13:57:00,11.66,--,47,54802,买盘
1005,13:56:57,11.66,0.01,62,72292,买盘
1006,13:56:54,11.65,--,5,5825,卖盘
1007,13:56:51,11.65,-0.01,136,158440,卖盘
1008,13:56:48,11.66,--,1,1166,卖盘
1009,13:56:45,11.66,0.01,27,31482,买盘
1010,13:56:42,11.65,-0.02,66,76890,卖盘
1011,13:56:39,11.67,0.01,176,205392,买盘
1012,13:56:36,11.66,0.01,70,81620,买盘
1013,13:56:33,11.65,-0.01,74,86210,卖盘
1014,13:56:27,11.66,--,130,151580,买盘
1015,13:56:24,11.66,--,72,83952,买盘
1016,13:56:21,11.66,--,154,179564,买盘
1017,13:56:15,11.66,0.01,6,6996,买盘
1018,13:56:12,11.65,--,21,24465,卖盘
1019,13:56:06,11.65,--,103,119995,卖盘
1020,13:56:03,11.65,-0.01,184,214360,卖盘
1021,13:56:00,11.66,--,215,250690,买盘
1022,13:55:57,11.66,--,14,16324,买盘
1023,13:55:54,11.66,--,63,73458,买盘
1024,13:55:51,11.66,0.01,92,107272,买盘
1025,13:55:48,11.65,-0.01,547,637255,卖盘
1026,13:55:45,11.66,--,37,43142,买盘
1027,13:55:42,11.66,0.01,175,204050,买盘
1028,13:55:39,11.65,--,2,2330,卖盘
1029,13:55:36,11.65,-0.01,48,55920,卖盘
1030,13:55:33,11.66,--,31,36146,买盘
1031,13:55:30,11.66,0.01,145,169070,买盘
1032,13:55:27,11.65,-0.01,17,19805,卖盘
1033,13:55:24,11.66,0.01,209,243694,买盘
1034,13:55:21,11.65,--,27,31455,卖盘
1035,13:55:18,11.65,--,150,174750,卖盘
1036,13:55:15,11.65,--,3,3495,卖盘
1037,13:55:12,11.65,-0.01,54,62910,卖盘
1038,13:55:09,11.66,0.01,3,3498,买盘
1039,13:55:06,11.65,--,298,347170,卖盘
1040,13:55:03,11.65,--,107,124655,卖盘
1041,13:55:00,11.65,--,16,18640,卖盘
1042,13:54:57,11.65,-0.01,65,75725,中性盘
1043,13:54:54,11.66,0.01,69,80454,买盘
1044,13:54:51,11.65,--,13,15145,买盘
1045,13:54:48,11.65,--,146,170090,买盘
1046,13:54:45,11.65,--,208,242320,买盘
1047,13:54:42,11.65,--,89,103685,买盘
1048,13:54:39,11.65,--,50,58250,买盘
1049,13:54:36,11.65,--,50,58250,买盘
1050,13:54:33,11.65,--,50,58250,买盘
1051,13:54:30,11.65,--,39,45435,买盘
1052,13:54:27,11.65,--,312,363480,卖盘
1053,13:54:24,11.65,-0.01,5,5825,卖盘
1054,13:54:21,11.66,0.01,125,145750,买盘
1055,13:54:18,11.65,-0.01,53,61745,卖盘
1056,13:54:15,11.66,0.01,337,392942,买盘
1057,13:54:12,11.65,--,56,65240,卖盘
1058,13:54:09,11.65,-0.01,76,88540,卖盘
1059,13:54:06,11.66,--,260,303160,买盘
1060,13:54:03,11.66,--,10,11660,买盘
1061,13:54:00,11.66,--,26,30316,买盘
1062,13:53:57,11.66,--,164,191224,买盘
1063,13:53:54,11.66,--,3,3498,买盘
1064,13:53:51,11.66,--,39,45474,买盘
1065,13:53:48,11.66,0.01,226,263516,买盘
1066,13:53:45,11.65,-0.01,8,9320,卖盘
1067,13:53:42,11.66,0.01,25,29150,买盘
1068,13:53:39,11.65,--,12,13980,卖盘
1069,13:53:36,11.65,-0.01,104,121160,卖盘
1070,13:53:30,11.66,0.01,354,412764,买盘
1071,13:53:27,11.65,--,2,2330,卖盘
1072,13:53:24,11.65,-0.01,7,8155,卖盘
1073,13:53:21,11.66,--,69,80454,买盘
1074,13:53:18,11.66,--,200,233200,买盘
1075,13:53:15,11.66,--,81,94446,买盘
1076,13:53:12,11.66,--,39,45474,买盘
1077,13:53:09,11.66,0.01,227,264682,买盘
1078,13:53:06,11.65,-0.01,45,52425,卖盘
1079,13:53:03,11.66,--,52,60632,买盘
1080,13:53:00,11.66,0.01,71,82786,买盘
1081,13:52:57,11.65,-0.01,43,50095,卖盘
1082,13:52:51,11.66,0.01,191,222706,买盘
1083,13:52:48,11.65,--,5,5825,卖盘
1084,13:52:45,11.65,-0.01,7,8155,卖盘
1085,13:52:42,11.66,--,27,31482,买盘
1086,13:52:39,11.66,--,3,3498,买盘
1087,13:52:36,11.66,--,172,200552,买盘
1088,13:52:33,11.66,--,435,507210,买盘
1089,13:52:30,11.66,--,17,19822,买盘
1090,13:52:27,11.66,--,1,1166,买盘
1091,13:52:24,11.66,--,30,34980,买盘
1092,13:52:21,11.66,--,12,13992,买盘
1093,13:52:18,11.66,--,10,11660,买盘
1094,13:52:15,11.66,--,89,103774,买盘
1095,13:52:12,11.66,--,167,194722,买盘
1096,13:52:09,11.66,--,27,31482,买盘
1097,13:52:06,11.66,--,99,115434,买盘
1098,13:52:03,11.66,--,45,52470,买盘
1099,13:52:00,11.66,--,118,137588,买盘
1100,13:51:57,11.66,--,63,73458,买盘
1101,13:51:54,11.66,--,158,184228,买盘
1102,13:51:51,11.66,--,26,30316,买盘
1103,13:51:48,11.66,--,22,25652,买盘
1104,13:51:45,11.66,--,72,83952,买盘
1105,13:51:42,11.66,0.01,103,120098,买盘
1106,13:51:36,11.65,--,198,230670,卖盘
1107,13:51:33,11.65,-0.01,81,94365,卖盘
1108,13:51:30,11.66,--,25,29150,买盘
1109,13:51:27,11.66,--,117,136422,买盘
1110,13:51:24,11.66,0.01,26,30316,买盘
1111,13:51:21,11.65,-0.01,42,48930,卖盘
1112,13:51:18,11.66,--,2,2332,买盘
1113,13:51:15,11.66,0.01,199,232034,买盘
1114,13:51:12,11.65,-0.01,32,37280,卖盘
1115,13:51:09,11.66,--,62,72292,买盘
1116,13:51:06,11.66,0.01,104,121264,买盘
1117,13:51:00,11.65,-0.01,24,27960,卖盘
1118,13:50:57,11.66,--,153,178398,买盘
1119,13:50:54,11.66,--,41,47806,买盘
1120,13:50:51,11.66,--,6,6996,买盘
1121,13:50:48,11.66,--,30,34980,买盘
1122,13:50:45,11.66,0.01,1,1166,买盘
1123,13:50:42,11.65,-0.01,55,64075,卖盘
1124,13:50:39,11.66,0.01,264,307824,买盘
1125,13:50:36,11.65,-0.01,84,97860,卖盘
1126,13:50:33,11.66,--,99,115434,买盘
1127,13:50:30,11.66,--,171,199386,买盘
1128,13:50:27,11.66,0.01,321,374286,买盘
1129,13:50:24,11.65,-0.01,67,78055,卖盘
1130,13:50:21,11.66,0.01,200,233200,买盘
1131,13:50:15,11.65,-0.01,4,4660,卖盘
1132,13:50:12,11.66,--,5,5830,买盘
1133,13:50:09,11.66,--,13,15158,买盘
1134,13:50:06,11.66,--,48,55968,买盘
1135,13:50:03,11.66,0.01,5,5830,买盘
1136,13:50:00,11.65,--,145,168925,卖盘
1137,13:49:57,11.65,-0.01,19,22135,卖盘
1138,13:49:54,11.66,0.01,7,8162,买盘
1139,13:49:51,11.65,-0.01,72,83880,卖盘
1140,13:49:48,11.66,0.01,79,92114,买盘
1141,13:49:45,11.65,--,92,107180,卖盘
1142,13:49:42,11.65,--,227,264455,卖盘
1143,13:49:39,11.65,-0.01,6,6990,卖盘
1144,13:49:36,11.66,0.01,85,99110,买盘
1145,13:49:33,11.65,-0.01,24,27960,卖盘
1146,13:49:30,11.66,--,45,52470,买盘
1147,13:49:27,11.66,0.01,34,39644,买盘
1148,13:49:24,11.65,--,139,161935,卖盘
1149,13:49:21,11.65,--,97,113005,卖盘
1150,13:49:18,11.65,--,72,83880,卖盘
1151,13:49:15,11.65,--,88,102520,卖盘
1152,13:49:12,11.65,--,20,23300,卖盘
1153,13:49:09,11.65,--,10,11650,卖盘
1154,13:49:06,11.65,--,81,94365,卖盘
1155,13:49:03,11.65,-0.01,205,238825,卖盘
1156,13:49:00,11.66,--,42,48972,买盘
1157,13:48:57,11.66,0.01,227,264682,买盘
1158,13:48:54,11.65,--,15,17475,卖盘
1159,13:48:51,11.65,-0.01,51,59415,卖盘
1160,13:48:48,11.66,--,3,3498,买盘
1161,13:48:45,11.66,--,154,179564,买盘
1162,13:48:42,11.66,--,80,93280,买盘
1163,13:48:39,11.66,--,188,219208,买盘
1164,13:48:36,11.66,0.01,100,116600,买盘
1165,13:48:33,11.65,--,18,20970,卖盘
1166,13:48:30,11.65,-0.01,219,255135,卖盘
1167,13:48:27,11.66,--,228,265848,买盘
1168,13:48:24,11.66,--,11,12826,买盘
1169,13:48:21,11.66,0.01,10,11660,买盘
1170,13:48:18,11.65,-0.01,31,36115,卖盘
1171,13:48:15,11.66,0.01,11,12826,买盘
1172,13:48:12,11.65,--,54,62910,卖盘
1173,13:48:09,11.65,--,41,47765,卖盘
1174,13:48:06,11.65,--,319,371635,买盘
1175,13:48:03,11.65,--,171,199215,买盘
1176,13:48:00,11.65,0.01,6,6990,买盘
1177,13:47:57,11.64,-0.01,8,9312,卖盘
1178,13:47:54,11.65,-0.01,39,45435,买盘
1179,13:47:51,11.66,--,133,155078,买盘
1180,13:47:48,11.66,0.01,323,376734,买盘
1181,13:47:45,11.65,-0.01,533,620945,卖盘
1182,13:47:42,11.66,--,7,8162,买盘
1183,13:47:39,11.66,--,69,80454,买盘
1184,13:47:36,11.66,--,49,57134,买盘
1185,13:47:33,11.66,--,43,50138,买盘
1186,13:47:30,11.66,0.01,151,176066,买盘
1187,13:47:27,11.65,--,536,624440,卖盘
1188,13:47:24,11.65,--,385,448991,卖盘
1189,13:47:21,11.65,--,777,905787,买盘
1190,13:47:18,11.65,--,206,239990,买盘
1191,13:47:15,11.65,--,329,383285,买盘
1192,13:47:12,11.65,0.01,251,292415,买盘
1193,13:47:09,11.64,--,242,281688,卖盘
1194,13:47:06,11.64,-0.01,82,95448,卖盘
1195,13:47:03,11.65,0.01,6,6990,买盘
1196,13:47:00,11.64,-0.01,35,40740,卖盘
1197,13:46:57,11.65,--,34,39610,买盘
1198,13:46:54,11.65,--,55,64075,买盘
1199,13:46:51,11.65,--,328,382120,买盘
1200,13:46:48,11.65,0.01,176,205040,买盘
1201,13:46:45,11.64,--,310,361270,买盘
1202,13:46:42,11.64,-0.01,571,665517,卖盘
1203,13:46:39,11.65,--,13,15145,买盘
1204,13:46:36,11.65,0.01,76,88540,买盘
1205,13:46:33,11.64,--,2,2328,卖盘
1206,13:46:30,11.64,-0.01,182,211848,卖盘
1207,13:46:27,11.65,--,13,15145,买盘
1208,13:46:24,11.65,0.01,100,116500,买盘
1209,13:46:21,11.64,-0.01,185,215631,卖盘
1210,13:46:18,11.65,--,636,740940,买盘
1211,13:46:15,11.65,--,76,88540,买盘
1212,13:46:12,11.65,--,156,181740,买盘
1213,13:46:09,11.65,0.01,1,1165,买盘
1214,13:46:06,11.64,--,20,23280,卖盘
1215,13:46:00,11.64,--,32,37248,卖盘
1216,13:45:57,11.64,-0.01,78,90792,卖盘
1217,13:45:54,11.65,--,236,274940,买盘
1218,13:45:51,11.65,0.01,71,82715,买盘
1219,13:45:48,11.64,--,48,55872,卖盘
1220,13:45:45,11.64,-0.01,62,72168,卖盘
1221,13:45:42,11.65,--,103,119995,买盘
1222,13:45:39,11.65,--,85,99025,买盘
1223,13:45:36,11.65,--,60,69900,买盘
1224,13:45:33,11.65,--,175,203875,买盘
1225,13:45:30,11.65,0.01,43,50095,买盘
1226,13:45:27,11.64,-0.01,24,27936,卖盘
1227,13:45:24,11.65,0.01,35,40775,买盘
1228,13:45:21,11.64,--,63,73332,卖盘
1229,13:45:18,11.64,-0.01,158,183912,卖盘
1230,13:45:15,11.65,0.01,247,287755,买盘
1231,13:45:12,11.64,--,446,519144,卖盘
1232,13:45:09,11.64,-0.01,272,316608,卖盘
1233,13:45:06,11.65,0.01,2253,2624745,买盘
1234,13:45:03,11.64,-0.01,14,16296,卖盘
1235,13:45:00,11.65,--,52,60580,买盘
1236,13:44:57,11.65,--,269,313385,买盘
1237,13:44:51,11.65,--,18,20970,买盘
1238,13:44:48,11.65,0.01,28,32620,买盘
1239,13:44:45,11.64,-0.01,34,39576,卖盘
1240,13:44:42,11.65,0.01,42,48930,买盘
1241,13:44:39,11.64,--,89,103596,卖盘
1242,13:44:36,11.64,--,313,364332,卖盘
1243,13:44:33,11.64,--,264,307703,买盘
1244,13:44:30,11.64,--,220,256080,买盘
1245,13:44:27,11.64,--,456,530784,买盘
1246,13:44:24,11.64,--,121,140844,买盘
1247,13:44:21,11.64,--,132,153648,买盘
1248,13:44:18,11.64,--,415,483060,买盘
1249,13:44:15,11.64,--,320,372480,买盘
1250,13:44:12,11.64,--,75,87300,买盘
1251,13:44:09,11.64,--,1,1164,买盘
1252,13:44:06,11.64,0.01,46,53544,买盘
1253,13:44:03,11.63,--,10,11630,卖盘
1254,13:44:00,11.63,-0.01,173,201199,卖盘
1255,13:43:57,11.64,--,116,135024,买盘
1256,13:43:54,11.64,--,30,34920,买盘
1257,13:43:51,11.64,--,27,31428,买盘
1258,13:43:45,11.64,0.01,87,101268,买盘
1259,13:43:42,11.63,0.01,194,225622,买盘
1260,13:43:39,11.62,-0.01,40,46480,卖盘
1261,13:43:36,11.63,--,34,39542,买盘
1262,13:43:33,11.63,--,40,46520,买盘
1263,13:43:30,11.63,-0.01,34,39542,卖盘
1264,13:43:27,11.64,0.02,45,52380,买盘
1265,13:43:24,11.62,-0.02,12,13943,卖盘
1266,13:43:21,11.64,--,322,374808,买盘
1267,13:43:18,11.64,--,300,349200,买盘
1268,13:43:15,11.64,0.01,29,33756,买盘
1269,13:43:12,11.63,--,50,58150,卖盘
1270,13:43:09,11.63,--,121,140723,卖盘
1271,13:43:06,11.63,--,67,77921,卖盘
1272,13:43:03,11.63,--,152,176776,买盘
1273,13:43:00,11.63,--,55,63965,买盘
1274,13:42:57,11.63,--,38,44194,买盘
1275,13:42:54,11.63,0.01,10,11630,买盘
1276,13:42:51,11.62,--,263,305606,卖盘
1277,13:42:48,11.62,-0.01,291,338142,卖盘
1278,13:42:45,11.63,--,175,203525,买盘
1279,13:42:42,11.63,--,36,41868,买盘
1280,13:42:39,11.63,--,11,12793,买盘
1281,13:42:36,11.63,0.01,46,53498,买盘
1282,13:42:33,11.62,-0.01,19,22078,卖盘
1283,13:42:30,11.63,0.01,251,291913,买盘
1284,13:42:27,11.62,-0.01,222,257963,卖盘
1285,13:42:24,11.63,--,112,130256,买盘
1286,13:42:21,11.63,--,143,166309,买盘
1287,13:42:18,11.63,0.01,1052,1223476,买盘
1288,13:42:15,11.62,-0.01,6,6971,卖盘
1289,13:42:12,11.63,0.01,46,53498,买盘
1290,13:42:09,11.62,-0.01,50,58099,卖盘
1291,13:42:06,11.63,0.01,374,434962,买盘
1292,13:42:03,11.62,--,123,142926,卖盘
1293,13:42:00,11.62,--,682,792484,买盘
1294,13:41:57,11.62,--,73,84826,买盘
1295,13:41:54,11.62,--,67,77854,买盘
1296,13:41:51,11.62,--,438,508955,买盘
1297,13:41:48,11.62,0.01,230,267260,买盘
1298,13:41:45,11.61,-0.01,5,5805,卖盘
1299,13:41:42,11.62,0.01,65,75530,买盘
1300,13:41:39,11.61,0.01,4,4644,卖盘
1301,13:41:36,11.6,-0.01,431,499960,卖盘
1302,13:41:33,11.61,--,61,70821,卖盘
1303,13:41:30,11.61,--,149,172989,买盘
1304,13:41:27,11.61,--,215,249615,买盘
1305,13:41:21,11.61,0.01,33,38313,买盘
1306,13:41:18,11.6,-0.01,87,100920,卖盘
1307,13:41:15,11.61,--,583,676863,买盘
1308,13:41:12,11.61,--,66,76626,买盘
1309,13:41:09,11.61,--,228,264708,买盘
1310,13:41:06,11.61,0.01,61,70821,买盘
1311,13:41:03,11.6,--,29,33640,卖盘
1312,13:41:00,11.6,-0.01,319,370040,卖盘
1313,13:40:57,11.61,0.01,216,250776,买盘
1314,13:40:54,11.6,--,714,828704,买盘
1315,13:40:51,11.6,--,105,121800,买盘
1316,13:40:48,11.6,--,273,316680,买盘
1317,13:40:45,11.6,--,430,498800,买盘
1318,13:40:42,11.6,0.01,160,185600,买盘
1319,13:40:39,11.59,-0.01,5,5795,卖盘
1320,13:40:36,11.6,0.01,82,95120,买盘
1321,13:40:33,11.59,-0.01,141,163419,卖盘
1322,13:40:30,11.6,0.01,227,263320,买盘
1323,13:40:27,11.59,--,57,66063,卖盘
1324,13:40:24,11.59,--,4,4636,卖盘
1325,13:40:21,11.59,-0.01,249,288591,卖盘
1326,13:40:18,11.6,--,60,69600,买盘
1327,13:40:15,11.6,0.01,25,29000,买盘
1328,13:40:12,11.59,--,167,193553,卖盘
1329,13:40:09,11.59,--,19,22449,卖盘
1330,13:40:06,11.59,--,26,30134,卖盘
1331,13:40:03,11.59,--,19,22021,卖盘
1332,13:40:00,11.59,--,1,1159,卖盘
1333,13:39:57,11.59,--,35,40565,卖盘
1334,13:39:54,11.59,-0.01,2,2318,卖盘
1335,13:39:51,11.6,--,159,184440,买盘
1336,13:39:48,11.6,--,50,58000,买盘
1337,13:39:45,11.6,0.01,3,3480,买盘
1338,13:39:36,11.59,--,40,46360,卖盘
1339,13:39:33,11.59,-0.01,70,81130,卖盘
1340,13:39:30,11.6,0.01,207,240120,买盘
1341,13:39:24,11.59,--,620,719576,买盘
1342,13:39:21,11.59,0.01,5,5795,买盘
1343,13:39:18,11.58,-0.01,1,1158,卖盘
1344,13:39:12,11.59,0.01,18,20862,买盘
1345,13:39:09,11.58,--,20,23160,卖盘
1346,13:39:03,11.58,-0.01,23,26634,卖盘
1347,13:39:00,11.59,--,14,16226,买盘
1348,13:38:57,11.59,--,68,78812,买盘
1349,13:38:51,11.59,--,1,1159,买盘
1350,13:38:48,11.59,--,1,1159,买盘
1351,13:38:45,11.59,0.01,10,11590,买盘
1352,13:38:42,11.58,--,46,53268,卖盘
1353,13:38:36,11.58,-0.01,20,23160,卖盘
1354,13:38:30,11.59,--,11,12749,买盘
1355,13:38:27,11.59,0.01,76,88084,买盘
1356,13:38:24,11.58,--,29,33582,卖盘
1357,13:38:21,11.58,-0.01,110,127380,卖盘
1358,13:38:12,11.59,0.01,19,22021,买盘
1359,13:38:06,11.58,--,127,147066,卖盘
1360,13:38:03,11.58,--,240,277920,买盘
1361,13:38:00,11.58,0.01,21,24318,买盘
1362,13:37:57,11.57,-0.01,48,55536,卖盘
1363,13:37:54,11.58,--,5,5790,买盘
1364,13:37:48,11.58,0.01,5,5790,买盘
1365,13:37:45,11.57,--,3,3471,卖盘
1366,13:37:33,11.57,-0.01,18,20826,卖盘
1367,13:37:27,11.58,--,23,26634,买盘
1368,13:37:21,11.58,0.01,136,157488,买盘
1369,13:37:18,11.57,-0.01,10,11570,卖盘
1370,13:37:15,11.58,0.01,19,22002,买盘
1371,13:37:12,11.57,--,35,40495,卖盘
1372,13:37:09,11.57,0.01,46,53222,买盘
1373,13:37:06,11.56,--,13,16045,卖盘
1374,13:37:03,11.56,-0.01,20,23120,卖盘
1375,13:37:00,11.57,--,6,6942,买盘
1376,13:36:57,11.57,0.01,7,8099,买盘
1377,13:36:54,11.56,-0.01,40,46240,卖盘
1378,13:36:51,11.57,0.01,15,17355,中性盘
1379,13:36:45,11.56,-0.02,50,57800,卖盘
1380,13:36:42,11.58,0.01,8,9264,买盘
1381,13:36:39,11.57,--,3,3471,卖盘
1382,13:36:36,11.57,0.01,68,78676,买盘
1383,13:36:33,11.56,-0.01,131,151436,卖盘
1384,13:36:30,11.57,--,14,16198,买盘
1385,13:36:24,11.57,0.01,7,8099,中性盘
1386,13:36:21,11.56,-0.01,35,40818,卖盘
1387,13:36:18,11.57,-0.01,8,9256,中性盘
1388,13:36:12,11.58,0.02,40,46320,买盘
1389,13:36:06,11.56,-0.01,93,107508,卖盘
1390,13:36:03,11.57,--,39,45123,卖盘
1391,13:35:57,11.57,-0.01,12,13884,卖盘
1392,13:35:51,11.58,--,31,35898,买盘
1393,13:35:48,11.58,0.01,69,79902,买盘
1394,13:35:45,11.57,0.01,130,151324,买盘
1395,13:35:42,11.56,--,51,58956,卖盘
1396,13:35:39,11.56,-0.01,42,48552,卖盘
1397,13:35:36,11.57,0.01,7,8099,买盘
1398,13:35:33,11.56,-0.01,19,21964,卖盘
1399,13:35:30,11.57,0.01,20,23140,买盘
1400,13:35:27,11.56,-0.01,16,18496,卖盘
1401,13:35:24,11.57,--,14,16198,买盘
1402,13:35:21,11.57,--,20,23140,买盘
1403,13:35:18,11.57,--,200,231400,买盘
1404,13:35:15,11.57,--,5,5785,买盘
1405,13:35:12,11.57,--,1,1157,买盘
1406,13:35:03,11.57,-0.01,13,15283,卖盘
1407,13:35:00,11.58,0.01,6,6948,买盘
1408,13:34:57,11.57,--,3,3471,卖盘
1409,13:34:54,11.57,--,1,1157,卖盘
1410,13:34:51,11.57,-0.01,2,2314,卖盘
1411,13:34:45,11.58,0.01,8,9264,买盘
1412,13:34:39,11.57,-0.01,31,35867,卖盘
1413,13:34:36,11.58,0.01,33,38214,买盘
1414,13:34:33,11.57,--,110,127270,卖盘
1415,13:34:30,11.57,--,2,2314,卖盘
1416,13:34:27,11.57,--,10,11674,卖盘
1417,13:34:24,11.57,--,7,8099,卖盘
1418,13:34:18,11.57,--,1,1157,卖盘
1419,13:34:15,11.57,--,7,8099,卖盘
1420,13:34:12,11.57,-0.01,3,3471,卖盘
1421,13:34:09,11.58,--,7,8106,买盘
1422,13:34:06,11.58,--,16,19338,买盘
1423,13:34:03,11.58,--,27,31266,买盘
1424,13:34:00,11.58,--,6,6948,买盘
1425,13:33:57,11.58,--,20,23160,买盘
1426,13:33:54,11.58,0.02,2,2316,买盘
1427,13:33:48,11.56,--,2,2312,卖盘
1428,13:33:42,11.56,-0.02,15,17340,卖盘
1429,13:33:36,11.58,0.02,44,50952,买盘
1430,13:33:33,11.56,-0.02,219,253164,卖盘
1431,13:33:30,11.58,0.01,73,84534,买盘
1432,13:33:24,11.57,-0.01,35,40495,卖盘
1433,13:33:21,11.58,0.01,4,4632,买盘
1434,13:33:06,11.57,--,3,3471,卖盘
1435,13:33:03,11.57,--,19,21983,卖盘
1436,13:33:00,11.57,-0.01,11,12727,卖盘
1437,13:32:57,11.58,0.01,4,4632,买盘
1438,13:32:54,11.57,-0.01,38,43966,卖盘
1439,13:32:51,11.58,--,3,3474,买盘
1440,13:32:45,11.58,0.01,5,5790,买盘
1441,13:32:42,11.57,-0.01,8,9256,卖盘
1442,13:32:39,11.58,0.01,22,25580,买盘
1443,13:32:36,11.57,--,99,114543,卖盘
1444,13:32:33,11.57,--,128,148096,卖盘
1445,13:32:27,11.57,-0.01,20,23140,卖盘
1446,13:32:24,11.58,--,10,12726,买盘
1447,13:32:21,11.58,--,10,11580,买盘
1448,13:32:15,11.58,--,37,42846,买盘
1449,13:32:12,11.58,0.01,4,4632,买盘
1450,13:32:09,11.57,--,56,64792,卖盘
1451,13:32:06,11.57,--,36,41652,卖盘
1452,13:32:03,11.57,--,35,40495,卖盘
1453,13:32:00,11.57,--,25,28925,卖盘
1454,13:31:57,11.57,-0.02,51,59007,卖盘
1455,13:31:54,11.59,--,37,42883,买盘
1456,13:31:51,11.59,0.01,35,41515,买盘
1457,13:31:48,11.58,--,80,92640,卖盘
1458,13:31:45,11.58,--,50,57900,卖盘
1459,13:31:39,11.58,-0.01,29,33582,卖盘
1460,13:31:36,11.59,0.01,75,87886,买盘
1461,13:31:33,11.58,--,142,164436,卖盘
1462,13:31:30,11.58,--,61,70638,卖盘
1463,13:31:27,11.58,-0.01,50,57900,卖盘
1464,13:31:24,11.59,0.01,92,106628,买盘
1465,13:31:21,11.58,--,8,9264,卖盘
1466,13:31:18,11.58,-0.01,43,50778,卖盘
1467,13:31:15,11.59,--,28,32452,买盘
1468,13:31:12,11.59,--,87,100833,买盘
1469,13:31:06,11.59,0.01,7,8113,买盘
1470,13:31:03,11.58,--,28,32713,卖盘
1471,13:31:00,11.58,--,3,3474,卖盘
1472,13:30:54,11.58,--,14,16212,卖盘
1473,13:30:51,11.58,--,11,12738,卖盘
1474,13:30:45,11.58,-0.01,31,35898,卖盘
1475,13:30:36,11.59,0.01,16,18544,买盘
1476,13:30:33,11.58,-0.01,19,22002,卖盘
1477,13:30:30,11.59,0.01,7,8113,买盘
1478,13:30:21,11.58,-0.01,2,2316,卖盘
1479,13:30:06,11.59,0.01,4,4636,买盘
1480,13:30:03,11.58,--,19,22002,卖盘
1481,13:30:00,11.58,--,1,1158,卖盘
1482,13:29:51,11.58,--,15,17370,卖盘
1483,13:29:48,11.58,--,25,29239,买盘
1484,13:29:45,11.58,--,55,63690,买盘
1485,13:29:39,11.58,--,14,16212,买盘
1486,13:29:36,11.58,0.01,8,9264,买盘
1487,13:29:33,11.57,-0.01,32,37024,卖盘
1488,13:29:30,11.58,--,10,11580,买盘
1489,13:29:21,11.58,--,17,19686,买盘
1490,13:29:18,11.58,--,84,97272,买盘
1491,13:29:09,11.58,--,53,61374,买盘
1492,13:29:06,11.58,0.01,305,353190,买盘
1493,13:29:03,11.57,--,40,46280,卖盘
1494,13:29:00,11.57,-0.01,6,6942,卖盘
1495,13:28:57,11.58,0.01,12,14486,买盘
1496,13:28:51,11.57,-0.01,4,4628,卖盘
1497,13:28:48,11.58,--,10,11580,买盘
1498,13:28:45,11.58,--,6,6948,买盘
1499,13:28:39,11.58,0.01,20,23160,买盘
1500,13:28:36,11.57,--,25,28925,卖盘
1501,13:28:33,11.57,-0.01,49,56693,卖盘
1502,13:28:30,11.58,0.01,5,5790,买盘
1503,13:28:27,11.57,--,2,2314,卖盘
1504,13:28:24,11.57,-0.01,17,19669,卖盘
1505,13:28:15,11.58,0.01,15,17370,买盘
1506,13:28:12,11.57,-0.01,9,10413,卖盘
1507,13:28:09,11.58,--,22,25476,买盘
1508,13:28:06,11.58,0.01,9,10422,买盘
1509,13:28:03,11.57,--,18,20826,卖盘
1510,13:28:00,11.57,--,15,17355,卖盘
1511,13:27:57,11.57,-0.01,3,3471,卖盘
1512,13:27:54,11.58,--,4,4632,买盘
1513,13:27:51,11.58,--,6,6948,买盘
1514,13:27:48,11.58,--,1,1158,买盘
1515,13:27:42,11.58,0.01,5,5790,买盘
1516,13:27:39,11.57,-0.01,9,10413,卖盘
1517,13:27:36,11.58,0.01,8,9264,买盘
1518,13:27:33,11.57,-0.01,21,24297,卖盘
1519,13:27:30,11.58,--,3,3474,买盘
1520,13:27:24,11.58,--,10,11580,买盘
1521,13:27:09,11.58,0.01,25,28950,买盘
1522,13:27:06,11.57,--,17,19669,卖盘
1523,13:27:03,11.57,--,39,45123,卖盘
1524,13:27:00,11.57,--,5,5785,卖盘
1525,13:26:57,11.57,-0.01,2,2314,卖盘
1526,13:26:54,11.58,--,31,35898,买盘
1527,13:26:51,11.58,--,61,70638,买盘
1528,13:26:48,11.58,--,26,30108,买盘
1529,13:26:45,11.58,--,44,50952,买盘
1530,13:26:42,11.58,--,1,1158,买盘
1531,13:26:36,11.58,--,6,6948,买盘
1532,13:26:33,11.58,--,19,22002,买盘
1533,13:26:30,11.58,0.01,7,8106,买盘
1534,13:26:27,11.57,-0.01,46,53222,卖盘
1535,13:26:24,11.58,0.01,5,5790,买盘
1536,13:26:21,11.57,-0.01,20,23140,卖盘
1537,13:26:18,11.58,--,7,8106,买盘
1538,13:26:15,11.58,--,5,5790,买盘
1539,13:26:12,11.58,--,33,38214,买盘
1540,13:26:09,11.58,0.01,16,18528,买盘
1541,13:26:03,11.57,--,100,115700,卖盘
1542,13:26:00,11.57,--,9,10413,卖盘
1543,13:25:54,11.57,-0.01,15,17355,卖盘
1544,13:25:48,11.58,--,15,17370,买盘
1545,13:25:45,11.58,0.01,6,6948,买盘
1546,13:25:42,11.57,--,1,1157,卖盘
1547,13:25:39,11.57,-0.01,20,23140,卖盘
1548,13:25:36,11.58,--,5,5790,买盘
1549,13:25:33,11.58,--,19,22002,买盘
1550,13:25:30,11.58,--,4,4632,买盘
1551,13:25:27,11.58,--,6,6948,买盘
1552,13:25:24,11.58,0.01,1,1158,买盘
1553,13:25:18,11.57,-0.01,17,20363,卖盘
1554,13:25:15,11.58,--,2,2316,买盘
1555,13:25:09,11.58,--,7,8106,买盘
1556,13:25:06,11.58,0.01,4,4632,买盘
1557,13:25:03,11.57,--,20,23140,卖盘
1558,13:24:57,11.57,-0.01,11,12727,卖盘
1559,13:24:54,11.58,--,5,5790,买盘
1560,13:24:51,11.58,--,27,31266,买盘
1561,13:24:45,11.58,--,6,6948,买盘
1562,13:24:39,11.58,0.01,14,16212,买盘
1563,13:24:33,11.57,-0.01,21,24297,卖盘
1564,13:24:24,11.58,--,1,1158,买盘
1565,13:24:21,11.58,0.01,8,9264,买盘
1566,13:24:18,11.57,-0.01,24,27768,卖盘
1567,13:24:06,11.58,0.01,12,13896,买盘
1568,13:24:03,11.57,-0.01,19,21983,卖盘
1569,13:24:00,11.58,0.01,68,78744,买盘
1570,13:23:57,11.57,-0.01,67,77519,卖盘
1571,13:23:54,11.58,--,26,30108,买盘
1572,13:23:51,11.58,--,1,1158,买盘
1573,13:23:48,11.58,0.01,1,1158,买盘
1574,13:23:45,11.57,-0.01,21,24297,卖盘
1575,13:23:42,11.58,--,4,4632,买盘
1576,13:23:39,11.58,0.01,30,34740,买盘
1577,13:23:36,11.57,-0.01,89,103053,卖盘
1578,13:23:33,11.58,--,90,104220,卖盘
1579,13:23:30,11.58,-0.01,27,31266,卖盘
1580,13:23:24,11.59,0.01,85,98515,买盘
1581,13:23:21,11.58,-0.01,1,1158,卖盘
1582,13:23:18,11.59,--,20,23180,买盘
1583,13:23:15,11.59,--,3,3477,买盘
1584,13:23:09,11.59,0.01,10,11590,买盘
1585,13:23:03,11.58,-0.01,68,78744,卖盘
1586,13:23:00,11.59,0.01,17,19703,买盘
1587,13:22:57,11.58,-0.01,1,1158,卖盘
1588,13:22:54,11.59,--,108,125172,买盘
1589,13:22:51,11.59,0.01,4,4636,买盘
1590,13:22:48,11.58,-0.01,30,34740,卖盘
1591,13:22:45,11.59,--,8,9272,买盘
1592,13:22:42,11.59,--,24,27816,买盘
1593,13:22:39,11.59,0.01,1,1159,买盘
1594,13:22:33,11.58,-0.01,22,25476,卖盘
1595,13:22:30,11.59,0.01,26,30134,买盘
1596,13:22:27,11.58,-0.01,3,3474,卖盘
1597,13:22:24,11.59,0.01,131,151829,买盘
1598,13:22:21,11.58,-0.01,30,34740,卖盘
1599,13:22:15,11.59,0.01,12,13908,买盘
1600,13:22:12,11.58,--,32,37056,卖盘
1601,13:22:09,11.58,--,31,36187,买盘
1602,13:22:06,11.58,0.01,18,20844,买盘
1603,13:22:03,11.57,-0.01,18,20826,卖盘
1604,13:22:00,11.58,0.01,111,128538,买盘
1605,13:21:57,11.57,-0.01,118,136526,卖盘
1606,13:21:54,11.58,0.01,77,89166,买盘
1607,13:21:51,11.57,-0.01,43,49751,卖盘
1608,13:21:48,11.58,0.01,80,92640,买盘
1609,13:21:45,11.57,-0.01,75,86775,卖盘
1610,13:21:42,11.58,--,4,4632,买盘
1611,13:21:36,11.58,0.01,23,26634,买盘
1612,13:21:33,11.57,--,100,115700,卖盘
1613,13:21:30,11.57,-0.01,20,23140,卖盘
1614,13:21:27,11.58,--,7,8106,买盘
1615,13:21:24,11.58,0.01,14,16582,买盘
1616,13:21:21,11.57,--,11,12727,卖盘
1617,13:21:18,11.57,-0.01,3,3471,卖盘
1618,13:21:15,11.58,--,18,20844,买盘
1619,13:21:12,11.58,--,15,17370,买盘
1620,13:21:09,11.58,0.01,5,5790,买盘
1621,13:21:03,11.57,--,20,23140,卖盘
1622,13:20:57,11.57,-0.02,8,9256,卖盘
1623,13:20:45,11.59,--,13,15785,买盘
1624,13:20:42,11.59,--,70,81130,买盘
1625,13:20:36,11.59,--,17,20143,买盘
1626,13:20:33,11.59,--,26,30134,买盘
1627,13:20:30,11.59,0.01,3,3477,买盘
1628,13:20:27,11.58,-0.01,11,12738,卖盘
1629,13:20:24,11.59,0.01,2,2318,买盘
1630,13:20:15,11.58,--,19,22002,卖盘
1631,13:20:12,11.58,-0.01,72,83376,卖盘
1632,13:20:09,11.59,--,8,9272,买盘
1633,13:20:06,11.59,0.01,3,3477,买盘
1634,13:20:03,11.58,-0.01,21,24318,卖盘
1635,13:20:00,11.59,0.01,5,5795,买盘
1636,13:19:57,11.58,-0.01,1,1158,卖盘
1637,13:19:54,11.59,--,40,46360,买盘
1638,13:19:51,11.59,0.01,56,64904,买盘
1639,13:19:48,11.58,--,92,106536,买盘
1640,13:19:45,11.58,--,23,26634,买盘
1641,13:19:42,11.58,-0.01,4,4632,买盘
1642,13:19:36,11.59,0.01,17,20305,买盘
1643,13:19:33,11.58,--,66,76983,买盘
1644,13:19:27,11.58,0.01,2,2316,买盘
1645,13:19:24,11.57,-0.01,28,32396,卖盘
1646,13:19:21,11.58,--,96,111168,买盘
1647,13:19:09,11.58,0.01,29,33582,买盘
1648,13:19:06,11.57,--,66,77357,卖盘
1649,13:19:03,11.57,--,42,48594,卖盘
1650,13:19:00,11.57,-0.01,35,40495,卖盘
1651,13:18:57,11.58,-0.01,36,41688,卖盘
1652,13:18:51,11.59,--,2,2318,买盘
1653,13:18:45,11.59,--,9,10431,买盘
1654,13:18:42,11.59,--,6,6954,买盘
1655,13:18:39,11.59,0.01,56,64904,买盘
1656,13:18:33,11.58,-0.01,19,22002,卖盘
1657,13:18:30,11.59,--,4,4636,买盘
1658,13:18:24,11.59,--,2,2318,买盘
1659,13:18:21,11.59,0.01,36,42315,买盘
1660,13:18:18,11.58,--,20,23160,卖盘
1661,13:18:15,11.58,--,100,115800,卖盘
1662,13:18:09,11.58,-0.01,13,15054,卖盘
1663,13:18:06,11.59,0.01,23,26657,买盘
1664,13:18:03,11.58,-0.01,27,31266,卖盘
1665,13:18:00,11.59,0.01,14,16226,买盘
1666,13:17:57,11.58,-0.01,9,10422,卖盘
1667,13:17:54,11.59,--,26,30134,买盘
1668,13:17:51,11.59,--,16,18544,买盘
1669,13:17:48,11.59,0.01,30,34770,买盘
1670,13:17:45,11.58,-0.01,13,15054,卖盘
1671,13:17:42,11.59,0.01,5,5795,买盘
1672,13:17:39,11.58,--,1,1158,卖盘
1673,13:17:36,11.58,--,9,10422,卖盘
1674,13:17:33,11.58,--,20,23160,卖盘
1675,13:17:30,11.58,-0.01,32,37056,卖盘
1676,13:17:24,11.59,--,16,18544,买盘
1677,13:17:21,11.59,--,98,113582,买盘
1678,13:17:18,11.59,0.01,14,16226,买盘
1679,13:17:15,11.58,-0.01,13,15621,卖盘
1680,13:17:06,11.59,0.01,24,27816,买盘
1681,13:17:03,11.58,--,18,20844,卖盘
1682,13:17:00,11.58,-0.02,163,189194,卖盘
1683,13:16:57,11.6,0.01,20,23200,买盘
1684,13:16:54,11.59,-0.01,20,23180,卖盘
1685,13:16:51,11.6,--,12,13920,买盘
1686,13:16:48,11.6,--,65,75400,买盘
1687,13:16:45,11.6,--,1,1160,买盘
1688,13:16:39,11.6,--,7,8120,买盘
1689,13:16:36,11.6,0.01,11,12760,买盘
1690,13:16:33,11.59,-0.01,20,23180,卖盘
1691,13:16:30,11.6,0.01,26,30879,买盘
1692,13:16:27,11.59,--,39,45201,卖盘
1693,13:16:24,11.59,-0.01,4,4636,卖盘
1694,13:16:21,11.6,--,1,1160,买盘
1695,13:16:09,11.6,0.01,12,13920,买盘
1696,13:16:06,11.59,--,16,18544,卖盘
1697,13:16:03,11.59,--,45,52155,卖盘
1698,13:16:00,11.59,--,16,18544,卖盘
1699,13:15:57,11.59,0.01,15,17385,买盘
1700,13:15:54,11.58,-0.01,3,3474,卖盘
1701,13:15:48,11.59,-0.01,2,2318,卖盘
1702,13:15:45,11.6,0.02,2,2320,买盘
1703,13:15:39,11.58,--,26,30108,卖盘
1704,13:15:36,11.58,-0.01,123,142434,卖盘
1705,13:15:33,11.59,--,42,48678,买盘
1706,13:15:30,11.59,--,35,40565,买盘
1707,13:15:21,11.59,0.01,5,5795,买盘
1708,13:15:18,11.58,-0.01,8,9264,卖盘
1709,13:15:15,11.59,0.01,18,20862,买盘
1710,13:15:12,11.58,--,85,98430,买盘
1711,13:15:09,11.58,0.01,37,42846,买盘
1712,13:15:06,11.57,--,18,20826,卖盘
1713,13:15:03,11.57,--,18,20826,卖盘
1714,13:15:00,11.57,-0.02,45,52065,卖盘
1715,13:14:57,11.59,0.02,179,207461,买盘
1716,13:14:54,11.57,-0.01,1,1157,卖盘
1717,13:14:45,11.58,--,10,11580,买盘
1718,13:14:42,11.58,--,30,34740,买盘
1719,13:14:39,11.58,--,11,12738,买盘
1720,13:14:36,11.58,--,3,3474,买盘
1721,13:14:33,11.58,--,21,24318,买盘
1722,13:14:30,11.58,0.01,5,5790,买盘
1723,13:14:27,11.57,-0.01,7,8099,卖盘
1724,13:14:24,11.58,--,68,78744,买盘
1725,13:14:21,11.58,--,109,126222,买盘
1726,13:14:18,11.58,0.01,195,225810,买盘
1727,13:14:15,11.57,-0.01,33,38181,卖盘
1728,13:14:09,11.58,--,16,18528,买盘
1729,13:14:06,11.58,0.01,7,8106,买盘
1730,13:14:03,11.57,-0.01,79,91403,卖盘
1731,13:14:00,11.58,0.01,9,10422,买盘
1732,13:13:57,11.57,--,1,1157,卖盘
1733,13:13:54,11.57,-0.01,78,90246,卖盘
1734,13:13:48,11.58,--,416,481728,买盘
1735,13:13:45,11.58,--,2,2316,买盘
1736,13:13:39,11.58,--,15,17370,买盘
1737,13:13:33,11.58,--,27,31266,买盘
1738,13:13:27,11.58,0.01,3,3474,买盘
1739,13:13:24,11.57,-0.01,1,1157,卖盘
1740,13:13:21,11.58,--,3,3474,买盘
1741,13:13:09,11.58,0.01,14,16212,买盘
1742,13:13:06,11.57,-0.01,58,67106,卖盘
1743,13:13:03,11.58,0.01,28,32424,买盘
1744,13:13:00,11.57,-0.01,11,12727,卖盘
1745,13:12:57,11.58,0.01,5,5790,买盘
1746,13:12:54,11.57,--,11,12727,卖盘
1747,13:12:51,11.57,-0.01,2,2314,卖盘
1748,13:12:48,11.58,--,5,5790,买盘
1749,13:12:45,11.58,--,1,1158,买盘
1750,13:12:39,11.58,--,10,11580,买盘
1751,13:12:36,11.58,--,49,56742,买盘
1752,13:12:33,11.58,--,25,28950,买盘
1753,13:12:30,11.58,--,30,34740,买盘
1754,13:12:18,11.58,0.01,26,30108,买盘
1755,13:12:15,11.57,--,103,119171,买盘
1756,13:12:12,11.57,--,5,5785,买盘
1757,13:12:09,11.57,--,9,10413,买盘
1758,13:12:06,11.57,0.01,4,4628,买盘
1759,13:12:03,11.56,-0.01,21,24276,卖盘
1760,13:12:00,11.57,0.01,11,12727,买盘
1761,13:11:57,11.56,--,68,78608,卖盘
1762,13:11:54,11.56,-0.01,15,17340,卖盘
1763,13:11:51,11.57,0.01,33,38181,买盘
1764,13:11:45,11.56,--,26,30056,卖盘
1765,13:11:42,11.56,-0.01,50,57800,卖盘
1766,13:11:39,11.57,0.01,13,15041,买盘
1767,13:11:36,11.56,-0.01,39,45084,卖盘
1768,13:11:33,11.57,--,20,23140,买盘
1769,13:11:24,11.57,--,18,20826,买盘
1770,13:11:18,11.57,--,92,106444,买盘
1771,13:11:15,11.57,--,5,5785,买盘
1772,13:11:09,11.57,--,39,45123,买盘
1773,13:11:06,11.57,0.01,115,133055,买盘
1774,13:11:03,11.56,-0.01,19,21964,卖盘
1775,13:11:00,11.57,--,7,8099,买盘
1776,13:10:54,11.57,--,14,16198,卖盘
1777,13:10:51,11.57,0.01,8,9256,中性盘
1778,13:10:45,11.56,--,13,15028,卖盘
1779,13:10:42,11.56,--,3,3468,卖盘
1780,13:10:39,11.56,-0.01,45,52020,卖盘
1781,13:10:36,11.57,-0.01,52,60164,卖盘
1782,13:10:33,11.58,--,29,33582,买盘
1783,13:10:30,11.58,--,20,23160,买盘
1784,13:10:24,11.58,0.01,10,11580,买盘
1785,13:10:15,11.57,--,7,8099,卖盘
1786,13:10:09,11.57,-0.01,9,10413,卖盘
1787,13:10:06,11.58,0.01,1,1158,买盘
1788,13:10:03,11.57,--,24,27768,卖盘
1789,13:10:00,11.57,-0.01,2,2314,卖盘
1790,13:09:54,11.58,0.01,3,3474,买盘
1791,13:09:51,11.57,--,8,9256,卖盘
1792,13:09:42,11.57,-0.01,7,8099,卖盘
1793,13:09:39,11.58,--,6,6948,买盘
1794,13:09:36,11.58,--,17,19686,买盘
1795,13:09:33,11.58,--,20,23160,买盘
1796,13:09:30,11.58,--,4,4632,买盘
1797,13:09:24,11.58,-0.01,22,25476,中性盘
1798,13:09:21,11.59,0.02,75,86925,买盘
1799,13:09:18,11.57,-0.01,40,46280,卖盘
1800,13:09:12,11.58,--,2,2316,买盘
1801,13:09:06,11.58,--,1,1158,买盘
1802,13:09:03,11.58,0.01,56,64848,买盘
1803,13:09:00,11.57,--,257,297730,买盘
1804,13:08:54,11.57,--,51,59007,买盘
1805,13:08:51,11.57,--,13,15041,买盘
1806,13:08:48,11.57,0.01,2,2314,买盘
1807,13:08:45,11.56,--,18,20808,卖盘
1808,13:08:42,11.56,-0.01,40,46240,卖盘
1809,13:08:39,11.57,0.01,8,9256,买盘
1810,13:08:36,11.56,--,2,2312,卖盘
1811,13:08:33,11.56,--,25,28900,卖盘
1812,13:08:27,11.56,-0.01,22,25432,卖盘
1813,13:08:24,11.57,--,8,9256,买盘
1814,13:08:21,11.57,--,36,41652,买盘
1815,13:08:18,11.57,0.01,20,23140,买盘
1816,13:08:15,11.56,-0.01,93,107508,卖盘
1817,13:08:09,11.57,--,9,10413,买盘
1818,13:08:06,11.57,0.01,21,25176,买盘
1819,13:08:03,11.56,-0.01,19,21964,卖盘
1820,13:08:00,11.57,0.01,5,5785,买盘
1821,13:07:51,11.56,-0.01,1,1156,卖盘
1822,13:07:48,11.57,0.01,5,5785,买盘
1823,13:07:45,11.56,--,10,11560,卖盘
1824,13:07:42,11.56,-0.01,1,1156,卖盘
1825,13:07:39,11.57,--,49,56693,买盘
1826,13:07:36,11.57,--,3,3471,买盘
1827,13:07:33,11.57,--,59,68263,买盘
1828,13:07:15,11.57,--,7,8099,买盘
1829,13:07:12,11.57,--,45,52065,买盘
1830,13:07:09,11.57,--,7,8099,买盘
1831,13:07:06,11.57,0.01,1,1157,买盘
1832,13:07:03,11.56,--,22,25432,卖盘
1833,13:07:00,11.56,--,8,9248,卖盘
1834,13:06:57,11.56,--,4,4624,卖盘
1835,13:06:51,11.56,-0.01,6,6936,卖盘
1836,13:06:45,11.57,--,4,4628,买盘
1837,13:06:39,11.57,--,8,9256,买盘
1838,13:06:33,11.57,--,34,39338,买盘
1839,13:06:30,11.57,--,8,9256,买盘
1840,13:06:27,11.57,--,1,1157,买盘
1841,13:06:24,11.57,0.01,4,4628,买盘
1842,13:06:18,11.56,--,26,30056,卖盘
1843,13:06:15,11.56,-0.01,177,204612,卖盘
1844,13:06:12,11.57,--,104,120328,买盘
1845,13:06:06,11.57,--,1,1157,买盘
1846,13:06:03,11.57,--,29,33553,买盘
1847,13:06:00,11.57,0.01,20,23140,买盘
1848,13:05:54,11.56,--,19,21964,卖盘
1849,13:05:51,11.56,-0.01,1,1156,卖盘
1850,13:05:45,11.57,--,6,6942,买盘
1851,13:05:39,11.57,-0.01,16,18546,卖盘
1852,13:05:36,11.58,--,4,4632,买盘
1853,13:05:33,11.58,--,24,27792,买盘
1854,13:05:30,11.58,0.01,67,77586,买盘
1855,13:05:27,11.57,--,200,231400,卖盘
1856,13:05:24,11.57,-0.01,21,24297,卖盘
1857,13:05:15,11.58,--,18,20844,买盘
1858,13:05:12,11.58,0.01,3,3474,买盘
1859,13:05:09,11.57,--,46,53222,卖盘
1860,13:05:06,11.57,--,21,24297,卖盘
1861,13:05:03,11.57,-0.01,19,21983,卖盘
1862,13:05:00,11.58,0.01,1,1158,买盘
1863,13:04:51,11.57,-0.01,5,5785,卖盘
1864,13:04:48,11.58,--,13,15054,买盘
1865,13:04:45,11.58,--,31,35898,买盘
1866,13:04:42,11.58,0.01,66,76428,买盘
1867,13:04:39,11.57,-0.01,114,131898,卖盘
1868,13:04:36,11.58,0.01,78,90324,买盘
1869,13:04:33,11.57,-0.01,27,31400,卖盘
1870,13:04:27,11.58,0.01,11,12738,买盘
1871,13:04:24,11.57,-0.01,1,1157,卖盘
1872,13:04:18,11.58,--,9,10422,买盘
1873,13:04:12,11.58,0.01,38,44965,买盘
1874,13:04:09,11.57,-0.01,21,24297,卖盘
1875,13:04:06,11.58,0.01,1,1158,买盘
1876,13:04:03,11.57,-0.01,18,20826,卖盘
1877,13:04:00,11.58,0.01,3,3474,买盘
1878,13:03:57,11.57,-0.01,10,11570,卖盘
1879,13:03:54,11.58,0.01,5,5790,买盘
1880,13:03:51,11.57,-0.01,17,19669,卖盘
1881,13:03:48,11.58,--,22,25476,买盘
1882,13:03:45,11.58,--,43,49794,买盘
1883,13:03:42,11.58,0.01,8,9264,买盘
1884,13:03:39,11.57,-0.01,13,15041,卖盘
1885,13:03:36,11.58,-0.01,38,44004,卖盘
1886,13:03:33,11.59,0.01,34,39406,买盘
1887,13:03:30,11.58,-0.01,2,2316,卖盘
1888,13:03:27,11.59,0.01,5,5795,买盘
1889,13:03:24,11.58,-0.01,25,28950,卖盘
1890,13:03:18,11.59,--,11,12749,买盘
1891,13:03:12,11.59,--,67,77653,买盘
1892,13:03:09,11.59,0.01,42,48678,买盘
1893,13:03:03,11.58,--,265,306870,买盘
1894,13:03:00,11.58,0.01,14,16212,买盘
1895,13:02:57,11.57,-0.01,18,20826,卖盘
1896,13:02:54,11.58,0.01,28,32424,买盘
1897,13:02:51,11.57,-0.01,1,1157,卖盘
1898,13:02:48,11.58,0.01,4,4632,买盘
1899,13:02:42,11.57,--,8,9256,卖盘
1900,13:02:39,11.57,--,63,72891,卖盘
1901,13:02:36,11.57,--,7,8099,卖盘
1902,13:02:33,11.57,--,348,402636,卖盘
1903,13:02:30,11.57,--,11,12727,卖盘
1904,13:02:27,11.57,--,3,3471,卖盘
1905,13:02:24,11.57,-0.01,16,18512,卖盘
1906,13:02:15,11.58,0.01,12,13896,买盘
1907,13:02:12,11.57,--,14,16198,卖盘
1908,13:02:09,11.57,--,56,64792,买盘
1909,13:02:06,11.57,--,5,5785,买盘
1910,13:02:03,11.57,0.01,25,28925,买盘
1911,13:02:00,11.56,-0.01,46,53176,卖盘
1912,13:01:54,11.57,0.01,50,57850,买盘
1913,13:01:51,11.56,-0.01,4,4624,卖盘
1914,13:01:48,11.57,--,4,4628,买盘
1915,13:01:45,11.57,0.01,15,17355,买盘
1916,13:01:42,11.56,-0.01,76,87856,卖盘
1917,13:01:39,11.57,--,67,77519,买盘
1918,13:01:33,11.57,0.01,93,107601,买盘
1919,13:01:30,11.56,--,699,808044,卖盘
1920,13:01:27,11.56,-0.01,15,17340,卖盘
1921,13:01:24,11.57,0.01,260,300820,买盘
1922,13:01:15,11.56,-0.01,3,3468,卖盘
1923,13:01:12,11.57,--,1,1157,买盘
1924,13:01:09,11.57,--,33,38181,买盘
1925,13:01:06,11.57,0.01,174,201318,买盘
1926,13:01:03,11.56,--,29,33524,卖盘
1927,13:00:57,11.56,-0.01,11,13652,卖盘
1928,13:00:54,11.57,0.01,5,5785,买盘
1929,13:00:51,11.56,--,1,1156,卖盘
1930,13:00:48,11.56,-0.01,24,27790,卖盘
1931,13:00:39,11.57,--,29,33888,买盘
1932,13:00:33,11.57,0.01,115,133055,买盘
1933,13:00:09,11.56,-0.01,4,4624,卖盘
1934,13:00:06,11.57,0.01,45,52065,买盘
1935,13:00:03,11.56,--,170,197132,买盘
1936,13:00:00,11.56,--,0,0,买盘
1937,11:30:00,11.56,--,6,6936,卖盘
1938,11:29:57,11.56,-0.01,50,57800,卖盘
1939,11:29:54,11.57,--,20,23140,买盘
1940,11:29:51,11.57,0.01,29,33553,买盘
1941,11:29:42,11.56,-0.01,3,3468,卖盘
1942,11:29:39,11.57,0.01,3,3471,买盘
1943,11:29:36,11.56,--,18,20808,卖盘
1944,11:29:27,11.56,0.01,1,1156,中性盘
1945,11:29:15,11.55,--,79,91245,卖盘
1946,11:29:12,11.55,-0.01,476,549780,卖盘
1947,11:29:06,11.56,--,20,23120,卖盘
1948,11:28:51,11.56,-0.01,15,17340,卖盘
1949,11:28:48,11.57,--,1,1157,买盘
1950,11:28:42,11.57,--,20,23140,买盘
1951,11:28:39,11.57,--,10,11570,买盘
1952,11:28:36,11.57,--,47,54379,买盘
1953,11:28:33,11.57,0.01,115,133055,买盘
1954,11:28:27,11.56,--,1,1156,卖盘
1955,11:28:24,11.56,-0.01,3,3468,卖盘
1956,11:28:21,11.57,--,6,6942,买盘
1957,11:28:18,11.57,0.01,67,77519,买盘
1958,11:28:09,11.56,--,61,70516,卖盘
1959,11:28:06,11.56,-0.01,27,31212,卖盘
1960,11:27:57,11.57,--,90,104130,买盘
1961,11:27:54,11.57,0.01,100,115700,买盘
1962,11:27:48,11.56,-0.01,21,24276,卖盘
1963,11:27:42,11.57,-0.01,7,8099,卖盘
1964,11:27:39,11.58,0.01,1,1158,买盘
1965,11:27:36,11.57,--,19,21983,卖盘
1966,11:27:24,11.57,--,104,120328,买盘
1967,11:27:21,11.57,--,1,1157,买盘
1968,11:27:18,11.57,--,5,5785,买盘
1969,11:27:15,11.57,0.01,89,102973,买盘
1970,11:27:09,11.56,-0.02,32,36992,卖盘
1971,11:27:06,11.58,--,1,1158,买盘
1972,11:27:03,11.58,--,23,26634,买盘
1973,11:26:57,11.58,0.02,33,38214,买盘
1974,11:26:51,11.56,-0.01,64,73984,卖盘
1975,11:26:48,11.57,--,172,199004,买盘
1976,11:26:42,11.57,--,4,4628,卖盘
1977,11:26:39,11.57,0.01,23,26611,买盘
1978,11:26:36,11.56,-0.01,39,45084,卖盘
1979,11:26:27,11.57,--,29,33553,买盘
1980,11:26:21,11.57,--,9,10413,卖盘
1981,11:26:18,11.57,--,2,2314,卖盘
1982,11:26:15,11.57,--,9,10413,卖盘
1983,11:26:12,11.57,--,3,3471,卖盘
1984,11:26:09,11.57,--,25,28925,卖盘
1985,11:26:06,11.57,-0.01,23,26611,卖盘
1986,11:26:00,11.58,0.01,19,22002,买盘
1987,11:25:48,11.57,--,1,1157,卖盘
1988,11:25:45,11.57,-0.01,6,6942,卖盘
1989,11:25:39,11.58,0.01,56,64848,买盘
1990,11:25:36,11.57,--,18,20826,卖盘
1991,11:25:24,11.57,--,111,128427,卖盘
1992,11:25:15,11.57,0.01,42,48594,买盘
1993,11:25:09,11.56,-0.01,54,62424,卖盘
1994,11:25:06,11.57,--,62,71734,买盘
1995,11:25:00,11.57,--,28,32396,卖盘
1996,11:24:57,11.57,--,3,3471,卖盘
1997,11:24:54,11.57,--,12,13884,卖盘
1998,11:24:48,11.57,-0.01,1,1157,卖盘
1999,11:24:45,11.58,0.01,30,34740,买盘
2000,11:24:39,11.57,--,64,74048,卖盘
2001,11:24:36,11.57,-0.01,20,23140,卖盘
2002,11:24:33,11.58,-0.01,4,4632,买盘
2003,11:24:30,11.59,0.01,4,4636,买盘
2004,11:24:24,11.58,--,24,28208,卖盘
2005,11:24:21,11.58,0.01,29,34323,买盘
2006,11:24:18,11.57,--,1,1157,卖盘
2007,11:24:15,11.57,-0.01,22,25454,卖盘
2008,11:24:06,11.58,0.01,32,37056,买盘
2009,11:24:03,11.57,--,1,1157,卖盘
2010,11:24:00,11.57,0.01,14,16198,买盘
2011,11:23:54,11.56,--,8,9248,卖盘
2012,11:23:51,11.56,--,3,3468,卖盘
2013,11:23:48,11.56,-0.01,1,1156,卖盘
2014,11:23:39,11.57,--,8,9256,买盘
2015,11:23:36,11.57,-0.01,10,11570,中性盘
2016,11:23:33,11.58,0.02,1,1158,买盘
2017,11:23:30,11.56,-0.02,116,134096,卖盘
2018,11:23:27,11.58,0.01,20,23160,买盘
2019,11:23:15,11.57,-0.01,34,39338,卖盘
2020,11:23:06,11.58,0.01,20,23160,买盘
2021,11:22:54,11.57,0.01,179,207103,买盘
2022,11:22:51,11.56,-0.01,34,39304,卖盘
2023,11:22:48,11.57,--,102,118014,买盘
2024,11:22:42,11.57,0.01,13,15041,买盘
2025,11:22:36,11.56,--,43,49708,卖盘
2026,11:22:27,11.56,--,5,5780,卖盘
2027,11:22:18,11.56,--,22,25432,卖盘
2028,11:22:12,11.56,-0.01,23,26588,卖盘
2029,11:22:09,11.57,0.01,10,11570,买盘
2030,11:22:06,11.56,-0.01,18,20808,卖盘
2031,11:22:03,11.57,0.01,2,2314,买盘
2032,11:22:00,11.56,-0.01,16,18496,卖盘
2033,11:21:54,11.57,--,4,4628,买盘
2034,11:21:51,11.57,0.01,20,23140,买盘
2035,11:21:48,11.56,--,1,1156,卖盘
2036,11:21:39,11.56,--,40,46240,卖盘
2037,11:21:36,11.56,--,31,35836,卖盘
2038,11:21:27,11.56,-0.01,5,5780,卖盘
2039,11:21:24,11.57,--,16,18512,买盘
2040,11:21:21,11.57,0.01,17,19669,买盘
2041,11:21:18,11.56,--,55,63580,卖盘
2042,11:21:15,11.56,--,76,87856,卖盘
2043,11:21:12,11.56,--,224,258944,买盘
2044,11:21:09,11.56,--,101,116756,买盘
2045,11:21:06,11.56,-0.01,271,313276,卖盘
2046,11:21:03,11.57,-0.01,59,68263,卖盘
2047,11:21:00,11.58,0.01,30,34740,买盘
2048,11:20:57,11.57,-0.01,9,10413,中性盘
2049,11:20:54,11.58,0.02,123,142434,买盘
2050,11:20:48,11.56,--,2,2312,卖盘
2051,11:20:42,11.56,--,14,16184,买盘
2052,11:20:39,11.56,--,4,4624,买盘
2053,11:20:36,11.56,--,26,30056,买盘
2054,11:20:33,11.56,--,1,1156,买盘
2055,11:20:30,11.56,0.01,16,18496,买盘
2056,11:20:24,11.55,--,31,35805,卖盘
2057,11:20:21,11.55,--,31,35805,卖盘
2058,11:20:18,11.55,-0.02,3,3465,卖盘
2059,11:20:12,11.57,--,31,35867,买盘
2060,11:20:06,11.57,0.02,1,1157,买盘
2061,11:20:00,11.55,--,87,100485,卖盘
2062,11:19:57,11.55,-0.02,10,11550,卖盘
2063,11:19:54,11.57,0.02,5,5785,买盘
2064,11:19:51,11.55,-0.02,500,577500,卖盘
2065,11:19:48,11.57,0.01,23,26611,买盘
2066,11:19:45,11.56,-0.01,90,104040,卖盘
2067,11:19:39,11.57,--,1,1157,买盘
2068,11:19:27,11.57,0.01,2,2314,买盘
2069,11:19:24,11.56,-0.02,21,24276,卖盘
2070,11:19:15,11.58,0.02,40,46320,买盘
2071,11:19:06,11.56,-0.01,39,45084,卖盘
2072,11:19:03,11.57,0.01,22,25454,买盘
2073,11:18:51,11.56,--,39,45084,卖盘
2074,11:18:45,11.56,--,1,1156,卖盘
2075,11:18:36,11.56,--,20,23120,卖盘
2076,11:18:33,11.56,--,48,55488,买盘
2077,11:18:30,11.56,--,15,17340,买盘
2078,11:18:27,11.56,--,30,34680,买盘
2079,11:18:24,11.56,--,47,54332,买盘
2080,11:18:21,11.56,--,8,9248,买盘
2081,11:18:18,11.56,0.01,1,1156,买盘
2082,11:18:15,11.55,--,35,40425,卖盘
2083,11:18:12,11.55,-0.01,61,70455,卖盘
2084,11:18:09,11.56,0.01,208,240448,买盘
2085,11:18:06,11.55,--,3,3465,卖盘
2086,11:18:00,11.55,--,3,3465,卖盘
2087,11:17:54,11.55,-0.01,10,11550,卖盘
2088,11:17:48,11.56,0.01,9,10404,买盘
2089,11:17:45,11.55,-0.01,1,1155,卖盘
2090,11:17:36,11.56,--,40,46240,买盘
2091,11:17:33,11.56,--,133,153748,买盘
2092,11:17:30,11.56,--,34,39304,买盘
2093,11:17:27,11.56,--,5,5780,买盘
2094,11:17:18,11.56,--,2,2312,买盘
2095,11:17:15,11.56,0.01,1,1156,买盘
2096,11:17:12,11.55,-0.01,17,19635,卖盘
2097,11:17:03,11.56,0.01,1,1156,买盘
2098,11:17:00,11.55,--,78,90090,卖盘
2099,11:16:57,11.55,--,256,296465,买盘
2100,11:16:54,11.55,--,39,45045,买盘
2101,11:16:51,11.55,--,212,244860,买盘
2102,11:16:48,11.55,0.01,1,1155,买盘
2103,11:16:45,11.54,--,1,1154,卖盘
2104,11:16:42,11.54,-0.01,3,3461,卖盘
2105,11:16:36,11.55,--,10,11550,买盘
2106,11:16:33,11.55,--,1,1155,买盘
2107,11:16:30,11.55,--,27,31185,买盘
2108,11:16:21,11.55,--,4,4620,买盘
2109,11:16:15,11.55,0.01,26,30030,买盘
2110,11:16:09,11.54,-0.01,57,65778,卖盘
2111,11:16:06,11.55,--,1,1155,买盘
2112,11:16:03,11.55,0.01,4,4620,买盘
2113,11:16:00,11.54,-0.01,37,42698,卖盘
2114,11:15:57,11.55,--,50,57750,买盘
2115,11:15:51,11.55,0.01,30,34650,买盘
2116,11:15:45,11.54,--,2,2308,卖盘
2117,11:15:42,11.54,-0.01,10,11540,卖盘
2118,11:15:39,11.55,0.01,37,42735,买盘
2119,11:15:36,11.54,--,29,33466,卖盘
2120,11:15:33,11.54,--,31,35774,卖盘
2121,11:15:30,11.54,--,56,64623,卖盘
2122,11:15:27,11.54,--,109,125785,卖盘
2123,11:15:24,11.54,-0.01,3,3461,卖盘
2124,11:15:18,11.55,0.01,18,20790,买盘
2125,11:15:15,11.54,-0.01,4,4616,卖盘
2126,11:15:06,11.55,--,17,19635,买盘
2127,11:15:03,11.55,0.01,25,28875,买盘
2128,11:15:00,11.54,--,41,47314,卖盘
2129,11:14:57,11.54,--,61,70394,卖盘
2130,11:14:54,11.54,-0.01,10,11540,卖盘
2131,11:14:51,11.55,--,152,175560,买盘
2132,11:14:48,11.55,0.01,11,12705,买盘
2133,11:14:45,11.54,-0.01,1,1154,卖盘
2134,11:14:39,11.55,0.01,13,15015,买盘
2135,11:14:33,11.54,-0.01,23,26541,卖盘
2136,11:14:30,11.55,--,301,348024,卖盘
2137,11:14:27,11.55,--,11,12705,卖盘
2138,11:14:24,11.55,--,15,17325,卖盘
2139,11:14:15,11.55,-0.01,12,13860,卖盘
2140,11:14:06,11.56,--,1,1156,买盘
2141,11:14:03,11.56,0.01,10,11560,买盘
2142,11:13:51,11.55,-0.01,60,69300,卖盘
2143,11:13:48,11.56,--,1,1156,买盘
2144,11:13:45,11.56,--,44,50864,买盘
2145,11:13:39,11.56,--,36,41616,买盘
2146,11:13:30,11.56,0.01,5,5780,买盘
2147,11:13:27,11.55,-0.01,300,346500,卖盘
2148,11:13:24,11.56,0.01,15,17340,买盘
2149,11:13:21,11.55,-0.01,1,1894,卖盘
2150,11:13:18,11.56,0.01,25,28900,买盘
2151,11:13:15,11.55,-0.01,3,3465,卖盘
2152,11:13:12,11.56,--,14,16184,买盘
2153,11:13:06,11.56,--,1,1156,买盘
2154,11:13:03,11.56,--,2,2312,买盘
2155,11:13:00,11.56,0.01,25,28900,买盘
2156,11:12:57,11.55,--,90,103950,卖盘
2157,11:12:51,11.55,-0.01,1,1894,卖盘
2158,11:12:48,11.56,0.01,22,25432,买盘
2159,11:12:45,11.55,-0.01,1,1155,卖盘
2160,11:12:39,11.56,--,17,19652,卖盘
2161,11:12:36,11.56,0.01,2,2312,卖盘
2162,11:12:24,11.55,-0.01,19,22684,卖盘
2163,11:12:21,11.56,--,15,17340,卖盘
2164,11:12:18,11.56,--,19,21964,买盘
2165,11:12:06,11.56,--,27,31212,买盘
2166,11:12:03,11.56,0.01,5,5780,买盘
2167,11:12:00,11.55,--,65,75075,卖盘
2168,11:11:57,11.55,--,21,24255,卖盘
2169,11:11:54,11.55,-0.01,1,1894,卖盘
2170,11:11:51,11.56,0.01,1,1156,买盘
2171,11:11:42,11.55,-0.01,11,12705,卖盘
2172,11:11:39,11.56,--,32,36992,买盘
2173,11:11:33,11.56,0.01,1,1156,买盘
2174,11:11:30,11.55,-0.01,1,1155,卖盘
2175,11:11:27,11.56,--,21,24276,买盘
2176,11:11:24,11.56,0.01,10,11560,买盘
2177,11:11:18,11.55,-0.01,3,4204,卖盘
2178,11:11:09,11.56,--,40,46240,买盘
2179,11:11:06,11.56,--,40,46240,买盘
2180,11:11:03,11.56,0.01,64,73984,买盘
2181,11:10:54,11.55,-0.01,4,5359,卖盘
2182,11:10:48,11.56,0.01,21,24276,买盘
2183,11:10:45,11.55,--,22,25410,卖盘
2184,11:10:42,11.55,-0.01,24,27720,卖盘
2185,11:10:33,11.56,--,42,48552,买盘
2186,11:10:27,11.56,--,8,9248,买盘
2187,11:10:24,11.56,--,29,33524,买盘
2188,11:10:21,11.56,--,8,9248,买盘
2189,11:10:18,11.56,--,26,30795,买盘
2190,11:10:15,11.56,0.01,8,9248,买盘
2191,11:10:12,11.55,--,47,54285,卖盘
2192,11:10:09,11.55,-0.01,2,2310,卖盘
2193,11:10:06,11.56,--,2,2312,买盘
2194,11:10:03,11.56,--,1,1156,买盘
2195,11:10:00,11.56,--,30,34680,买盘
2196,11:09:57,11.56,--,6,6936,买盘
2197,11:09:54,11.56,--,19,22703,买盘
2198,11:09:48,11.56,0.01,1,1156,买盘
2199,11:09:45,11.55,--,85,98175,卖盘
2200,11:09:42,11.55,-0.01,31,35805,卖盘
2201,11:09:39,11.56,0.01,20,23120,买盘
2202,11:09:18,11.55,-0.01,2,3049,卖盘
2203,11:09:06,11.56,0.01,2,2312,买盘
2204,11:09:03,11.55,-0.01,129,148995,卖盘
2205,11:08:57,11.56,--,7,8092,买盘
2206,11:08:54,11.56,0.01,11,12716,买盘
2207,11:08:51,11.55,--,5,6514,卖盘
2208,11:08:48,11.55,-0.01,173,199815,卖盘
2209,11:08:45,11.56,0.01,25,28900,买盘
2210,11:08:42,11.55,-0.01,1,1155,卖盘
2211,11:08:36,11.56,0.01,71,82076,买盘
2212,11:08:33,11.55,--,4,4620,卖盘
2213,11:08:30,11.55,--,16,18480,卖盘
2214,11:08:24,11.55,-0.01,1,1894,卖盘
2215,11:08:21,11.56,--,1,1156,买盘
2216,11:08:06,11.56,--,12,13872,买盘
2217,11:07:57,11.56,0.01,2,2312,买盘
2218,11:07:54,11.55,--,11,13444,卖盘
2219,11:07:48,11.55,-0.01,24,27720,卖盘
2220,11:07:45,11.56,--,93,107508,买盘
2221,11:07:42,11.56,0.01,59,68204,买盘
2222,11:07:39,11.55,-0.01,100,115500,卖盘
2223,11:07:36,11.56,--,218,252008,买盘
2224,11:07:27,11.56,0.01,100,115600,买盘
2225,11:07:24,11.55,--,23,26565,卖盘
2226,11:07:21,11.55,--,82,94710,卖盘
2227,11:07:18,11.55,--,64,74659,卖盘
2228,11:07:15,11.55,-0.01,29,33495,卖盘
2229,11:07:12,11.56,--,39,45084,买盘
2230,11:07:06,11.56,0.01,195,225420,买盘
2231,11:07:03,11.55,--,10,11550,卖盘
2232,11:07:00,11.55,--,32,36960,卖盘
2233,11:06:57,11.55,--,129,148995,卖盘
2234,11:06:54,11.55,--,54,62370,卖盘
2235,11:06:51,11.55,--,851,983644,卖盘
2236,11:06:48,11.55,--,23,26565,卖盘
2237,11:06:42,11.55,-0.01,1,1155,卖盘
2238,11:06:36,11.56,0.01,1,1156,买盘
2239,11:06:33,11.55,--,4,4620,卖盘
2240,11:06:27,11.55,-0.01,100,115500,卖盘
2241,11:06:24,11.56,0.01,6,6936,买盘
2242,11:06:18,11.55,--,41,48094,卖盘
2243,11:06:12,11.55,--,3,3465,卖盘
2244,11:06:09,11.55,-0.01,19,21945,卖盘
2245,11:06:06,11.56,0.01,1,1156,买盘
2246,11:06:00,11.55,-0.01,15,17325,卖盘
2247,11:05:57,11.56,0.01,5,5780,买盘
2248,11:05:54,11.55,-0.01,61,71148,卖盘
2249,11:05:48,11.56,--,6,7675,买盘
2250,11:05:45,11.56,0.01,10,11560,买盘
2251,11:05:42,11.55,-0.01,1,1155,卖盘
2252,11:05:36,11.56,--,4,4624,买盘
2253,11:05:33,11.56,0.01,1,1156,买盘
2254,11:05:24,11.55,-0.01,2,2310,卖盘
2255,11:05:21,11.56,0.01,7,8092,买盘
2256,11:05:15,11.55,-0.01,1,1894,卖盘
2257,11:05:06,11.56,0.01,5,5780,买盘
2258,11:05:03,11.55,-0.01,4,4620,卖盘
2259,11:05:00,11.56,--,50,57800,买盘
2260,11:04:54,11.56,--,33,38148,买盘
2261,11:04:51,11.56,--,5,5780,买盘
2262,11:04:48,11.56,0.01,2,2312,买盘
2263,11:04:45,11.55,--,2,3049,卖盘
2264,11:04:42,11.55,--,1,1155,卖盘
2265,11:04:39,11.55,-0.01,12,13860,卖盘
2266,11:04:33,11.56,0.01,1,1156,买盘
2267,11:04:30,11.55,-0.01,17,19635,卖盘
2268,11:04:24,11.56,0.01,5,5780,买盘
2269,11:04:21,11.55,-0.01,59,68145,卖盘
2270,11:04:18,11.56,0.01,57,65892,买盘
2271,11:04:15,11.55,-0.02,327,377685,卖盘
2272,11:04:12,11.57,--,3,3471,买盘
2273,11:04:09,11.57,--,11,12727,买盘
2274,11:04:06,11.57,--,1,1157,买盘
2275,11:04:03,11.57,0.01,48,55536,买盘
2276,11:04:00,11.56,-0.01,22,25432,卖盘
2277,11:03:57,11.57,0.01,47,54379,买盘
2278,11:03:54,11.56,--,1,1895,卖盘
2279,11:03:51,11.56,-0.01,23,26588,卖盘
2280,11:03:48,11.57,0.01,1,1157,买盘
2281,11:03:42,11.56,--,2,2312,卖盘
2282,11:03:39,11.56,--,1,1156,卖盘
2283,11:03:36,11.56,-0.01,68,78608,卖盘
2284,11:03:33,11.57,--,106,122642,买盘
2285,11:03:30,11.57,--,29,33553,买盘
2286,11:03:27,11.57,--,245,283465,买盘
2287,11:03:21,11.57,--,20,23140,买盘
2288,11:03:18,11.57,--,4,4628,买盘
2289,11:03:15,11.57,0.01,30,34710,买盘
2290,11:03:12,11.56,--,59,68204,卖盘
2291,11:03:09,11.56,-0.01,142,164152,卖盘
2292,11:03:06,11.57,0.01,191,220987,买盘
2293,11:03:00,11.56,-0.01,37,42772,卖盘
2294,11:02:57,11.57,--,1,1157,买盘
2295,11:02:48,11.57,--,1,1157,买盘
2296,11:02:45,11.57,0.01,12,13884,买盘
2297,11:02:42,11.56,--,3,3468,卖盘
2298,11:02:39,11.56,--,1,1156,卖盘
2299,11:02:33,11.56,-0.01,4,4624,卖盘
2300,11:02:30,11.57,0.01,10,11570,买盘
2301,11:02:27,11.56,-0.01,9,10404,卖盘
2302,11:02:24,11.57,0.01,12,13884,买盘
2303,11:02:21,11.56,--,8,9248,卖盘
2304,11:02:09,11.56,-0.01,43,49708,卖盘
2305,11:02:06,11.57,--,2,2314,买盘
2306,11:02:03,11.57,0.01,3,3471,买盘
2307,11:02:00,11.56,--,22,25432,卖盘
2308,11:01:57,11.56,-0.01,32,36992,卖盘
2309,11:01:54,11.57,0.01,21,24297,买盘
2310,11:01:48,11.56,--,4,4624,卖盘
2311,11:01:45,11.56,--,10,11560,卖盘
2312,11:01:39,11.56,--,2,2312,卖盘
2313,11:01:33,11.56,-0.01,3,3468,卖盘
2314,11:01:27,11.57,--,10,11570,买盘
2315,11:01:24,11.57,--,10,11570,买盘
2316,11:01:21,11.57,--,13,15041,买盘
2317,11:01:18,11.57,--,46,53222,买盘
2318,11:01:15,11.57,--,2,2314,买盘
2319,11:01:06,11.57,0.01,1,1157,买盘
2320,11:01:03,11.56,--,23,26588,卖盘
2321,11:01:00,11.56,--,60,69360,卖盘
2322,11:00:54,11.56,--,32,36992,卖盘
2323,11:00:51,11.56,-0.01,27,31212,卖盘
2324,11:00:48,11.57,--,1,1157,买盘
2325,11:00:39,11.57,--,7,8099,买盘
2326,11:00:33,11.57,0.01,1,1157,买盘
2327,11:00:30,11.56,--,7,8092,卖盘
2328,11:00:27,11.56,--,8,9248,卖盘
2329,11:00:24,11.56,--,3,3468,卖盘
2330,11:00:21,11.56,-0.01,37,42772,卖盘
2331,11:00:18,11.57,0.01,1,1157,买盘
2332,11:00:15,11.56,--,14,16184,卖盘
2333,11:00:12,11.56,--,6,6936,卖盘
2334,11:00:09,11.56,--,12,13872,卖盘
2335,11:00:06,11.56,--,8,9248,卖盘
2336,11:00:03,11.56,--,22,25432,卖盘
2337,11:00:00,11.56,--,104,120224,卖盘
2338,10:59:57,11.56,--,11,12716,卖盘
2339,10:59:51,11.56,--,27,31212,卖盘
2340,10:59:48,11.56,--,11,12716,卖盘
2341,10:59:45,11.56,--,22,25432,卖盘
2342,10:59:42,11.56,--,11,12716,卖盘
2343,10:59:39,11.56,--,3,3468,卖盘
2344,10:59:36,11.56,--,8,9248,卖盘
2345,10:59:33,11.56,--,36,41616,卖盘
2346,10:59:27,11.56,--,53,61268,卖盘
2347,10:59:24,11.56,-0.01,69,79764,卖盘
2348,10:59:21,11.57,0.01,69,79833,买盘
2349,10:59:18,11.56,-0.01,197,227732,卖盘
2350,10:59:15,11.57,0.01,17,19669,买盘
2351,10:59:12,11.56,--,3,3468,卖盘
2352,10:59:09,11.56,-0.01,29,33524,卖盘
2353,10:59:06,11.57,0.01,1,1157,买盘
2354,10:59:03,11.56,--,2,2312,卖盘
2355,10:59:00,11.56,-0.01,96,110976,卖盘
2356,10:58:54,11.57,0.01,7,8099,买盘
2357,10:58:48,11.56,--,41,47396,卖盘
2358,10:58:45,11.56,--,40,46240,卖盘
2359,10:58:39,11.56,-0.01,6,6936,卖盘
2360,10:58:36,11.57,--,1,1157,买盘
2361,10:58:30,11.57,0.01,6,6942,买盘
2362,10:58:27,11.56,-0.01,82,94792,卖盘
2363,10:58:24,11.57,--,190,219830,卖盘
2364,10:58:21,11.57,--,12,13884,卖盘
2365,10:58:18,11.57,-0.01,4,4628,卖盘
2366,10:58:12,11.58,0.01,1,1158,买盘
2367,10:58:09,11.57,-0.01,47,54379,卖盘
2368,10:58:06,11.58,--,279,323082,买盘
2369,10:58:03,11.58,--,1,1158,买盘
2370,10:57:48,11.58,0.01,1,1158,买盘
2371,10:57:42,11.57,-0.01,20,23140,卖盘
2372,10:57:39,11.58,0.01,5,5790,买盘
2373,10:57:36,11.57,--,7,8099,卖盘
2374,10:57:33,11.57,--,5,5785,卖盘
2375,10:57:24,11.57,-0.01,61,70577,卖盘
2376,10:57:18,11.58,--,32,37056,买盘
2377,10:57:15,11.58,--,39,45162,买盘
2378,10:57:12,11.58,0.01,3,3474,买盘
2379,10:57:09,11.57,-0.01,22,25454,卖盘
2380,10:57:06,11.58,--,165,191070,买盘
2381,10:57:00,11.58,--,50,57900,买盘
2382,10:56:57,11.58,--,33,38214,买盘
2383,10:56:54,11.58,0.01,103,119274,买盘
2384,10:56:51,11.57,-0.01,11,12727,卖盘
2385,10:56:48,11.58,0.01,5,5790,买盘
2386,10:56:45,11.57,--,100,115700,卖盘
2387,10:56:39,11.57,-0.01,1,1157,卖盘
2388,10:56:33,11.58,0.01,60,69480,买盘
2389,10:56:24,11.57,-0.01,16,18512,卖盘
2390,10:56:21,11.58,--,6,6948,买盘
2391,10:56:15,11.58,0.01,40,46320,买盘
2392,10:56:06,11.57,--,27,31239,卖盘
2393,10:55:51,11.57,--,9,10413,卖盘
2394,10:55:48,11.57,-0.01,5,5785,卖盘
2395,10:55:42,11.58,0.01,17,19686,买盘
2396,10:55:39,11.57,--,1,1157,卖盘
2397,10:55:36,11.57,--,5,5785,卖盘
2398,10:55:33,11.57,--,17,19669,卖盘
2399,10:55:30,11.57,--,7,8099,卖盘
2400,10:55:21,11.57,--,14,16198,卖盘
2401,10:55:15,11.57,-0.01,22,25454,卖盘
2402,10:55:09,11.58,0.01,13,15054,买盘
2403,10:55:06,11.57,-0.01,5,5785,卖盘
2404,10:55:03,11.58,--,51,59058,买盘
2405,10:54:54,11.58,--,31,35898,买盘
2406,10:54:51,11.58,--,50,57900,买盘
2407,10:54:48,11.58,--,10,11580,买盘
2408,10:54:42,11.58,0.01,5,5790,买盘
2409,10:54:36,11.57,--,1,1157,卖盘
2410,10:54:30,11.57,--,3,3471,卖盘
2411,10:54:24,11.57,--,17,19669,卖盘
2412,10:54:21,11.57,--,2,2314,卖盘
2413,10:54:18,11.57,-0.01,23,26611,卖盘
2414,10:54:12,11.58,0.01,20,23160,买盘
2415,10:54:06,11.57,-0.01,2,2314,卖盘
2416,10:54:03,11.58,--,5,5790,买盘
2417,10:53:48,11.58,--,1,1158,买盘
2418,10:53:45,11.58,0.01,21,24318,买盘
2419,10:53:42,11.57,-0.01,3,3471,卖盘
2420,10:53:39,11.58,0.01,14,16212,买盘
2421,10:53:36,11.57,-0.01,4,4628,卖盘
2422,10:53:33,11.58,--,1,1158,买盘
2423,10:53:30,11.58,--,13,15054,买盘
2424,10:53:27,11.58,--,1,1158,买盘
2425,10:53:24,11.58,0.01,109,126222,买盘
2426,10:53:18,11.57,--,22,25454,卖盘
2427,10:53:15,11.57,-0.01,7,8099,卖盘
2428,10:53:09,11.58,--,2,2316,买盘
2429,10:53:03,11.58,--,20,23160,买盘
2430,10:53:00,11.58,0.01,30,34740,买盘
2431,10:52:57,11.57,-0.01,4,4628,卖盘
2432,10:52:51,11.58,--,10,11580,买盘
2433,10:52:48,11.58,0.01,1,1158,买盘
2434,10:52:39,11.57,--,2,2314,卖盘
2435,10:52:36,11.57,--,1,1157,卖盘
2436,10:52:33,11.57,-0.01,37,42809,卖盘
2437,10:52:30,11.58,0.01,179,207282,买盘
2438,10:52:24,11.57,--,3,3471,卖盘
2439,10:52:18,11.57,-0.01,22,25454,卖盘
2440,10:52:09,11.58,0.01,74,85692,买盘
2441,10:51:51,11.57,--,2,2314,卖盘
2442,10:51:48,11.57,-0.01,10,11570,卖盘
2443,10:51:45,11.58,0.01,20,23160,买盘
2444,10:51:36,11.57,-0.01,1,1157,卖盘
2445,10:51:33,11.58,0.01,53,61374,买盘
2446,10:51:24,11.57,--,22,25454,卖盘
2447,10:51:21,11.57,-0.01,61,70577,卖盘
2448,10:51:18,11.58,--,36,41688,卖盘
2449,10:51:15,11.58,--,96,111168,买盘
2450,10:51:12,11.58,--,191,221178,买盘
2451,10:51:09,11.58,--,21,24318,买盘
2452,10:51:06,11.58,--,107,123906,卖盘
2453,10:51:00,11.58,--,39,45162,卖盘
2454,10:50:57,11.58,-0.02,58,67164,卖盘
2455,10:50:54,11.6,0.01,225,261000,买盘
2456,10:50:51,11.59,--,57,66063,买盘
2457,10:50:48,11.59,0.01,2,2318,买盘
2458,10:50:39,11.58,--,50,57900,卖盘
2459,10:50:36,11.58,--,76,88008,卖盘
2460,10:50:33,11.58,-0.01,305,353190,卖盘
2461,10:50:30,11.59,--,10,11590,买盘
2462,10:50:27,11.59,--,3,3477,卖盘
2463,10:50:24,11.59,--,22,25498,卖盘
2464,10:50:18,11.59,--,2,2318,卖盘
2465,10:50:15,11.59,0.01,3,3477,中性盘
2466,10:50:09,11.58,-0.01,24,27792,卖盘
2467,10:50:06,11.59,--,197,228323,卖盘
2468,10:50:00,11.59,--,9,10431,卖盘
2469,10:49:57,11.59,--,78,90402,卖盘
2470,10:49:54,11.59,--,15,17385,卖盘
2471,10:49:51,11.59,--,10,11590,卖盘
2472,10:49:48,11.59,--,2,3361,卖盘
2473,10:49:45,11.59,--,45,52155,卖盘
2474,10:49:42,11.59,--,8,9272,卖盘
2475,10:49:36,11.59,-0.01,1,1159,卖盘
2476,10:49:33,11.6,0.01,8,9280,买盘
2477,10:49:30,11.59,--,41,47519,卖盘
2478,10:49:18,11.59,--,1,1159,卖盘
2479,10:49:15,11.59,-0.01,4,4636,卖盘
2480,10:49:12,11.6,0.01,5,5800,买盘
2481,10:49:06,11.59,--,49,56791,卖盘
2482,10:49:03,11.59,--,40,46360,卖盘
2483,10:49:00,11.59,-0.01,2,2318,卖盘
2484,10:48:54,11.6,0.01,2,2320,买盘
2485,10:48:51,11.59,-0.01,92,106628,卖盘
2486,10:48:48,11.6,--,200,232000,买盘
2487,10:48:45,11.6,0.01,10,11600,买盘
2488,10:48:42,11.59,--,1,1159,卖盘
2489,10:48:39,11.59,--,34,39406,卖盘
2490,10:48:36,11.59,--,22,25498,卖盘
2491,10:48:27,11.59,--,27,31293,卖盘
2492,10:48:18,11.59,-0.01,54,62586,卖盘
2493,10:48:15,11.6,--,11,12760,买盘
2494,10:48:12,11.6,--,5,5800,买盘
2495,10:48:09,11.6,--,100,116000,买盘
2496,10:48:06,11.6,0.01,10,11600,买盘
2497,10:48:00,11.59,--,60,69540,卖盘
2498,10:47:57,11.59,-0.01,3,3477,卖盘
2499,10:47:54,11.6,-0.01,248,287680,卖盘
2500,10:47:51,11.61,--,8,9288,买盘
2501,10:47:42,11.61,0.01,14,16254,买盘
2502,10:47:39,11.6,--,10,11600,卖盘
2503,10:47:36,11.6,--,1,1160,卖盘
2504,10:47:30,11.6,--,10,11600,卖盘
2505,10:47:27,11.6,-0.01,22,25520,卖盘
2506,10:47:24,11.61,--,1,1161,买盘
2507,10:47:18,11.61,0.01,10,11610,买盘
2508,10:47:15,11.6,-0.01,20,23200,卖盘
2509,10:47:09,11.61,--,1,1161,买盘
2510,10:47:06,11.61,0.01,12,13932,买盘
2511,10:47:03,11.6,--,56,64960,卖盘
2512,10:46:57,11.6,--,89,103240,卖盘
2513,10:46:54,11.6,0.01,212,245920,买盘
2514,10:46:51,11.59,--,67,77653,卖盘
2515,10:46:48,11.59,--,371,429989,卖盘
2516,10:46:42,11.59,-0.01,25,28975,卖盘
2517,10:46:39,11.6,0.01,138,160080,买盘
2518,10:46:33,11.59,-0.01,23,26657,卖盘
2519,10:46:30,11.6,--,425,493000,卖盘
2520,10:46:24,11.6,--,20,23200,卖盘
2521,10:46:18,11.6,--,5,5800,卖盘
2522,10:46:09,11.6,--,59,68440,卖盘
2523,10:46:06,11.6,-0.01,110,127600,卖盘
2524,10:46:00,11.61,--,1,1161,买盘
2525,10:45:54,11.61,--,50,58050,买盘
2526,10:45:51,11.61,0.01,19,22059,买盘
2527,10:45:42,11.6,-0.01,3,3480,卖盘
2528,10:45:39,11.61,--,10,11610,买盘
2529,10:45:36,11.61,0.01,30,34830,买盘
2530,10:45:33,11.6,-0.01,117,135720,卖盘
2531,10:45:30,11.61,--,55,63855,买盘
2532,10:45:27,11.61,0.01,1000,1161000,买盘
2533,10:45:18,11.6,--,40,46400,卖盘
2534,10:45:15,11.6,-0.01,96,111360,卖盘
2535,10:45:12,11.61,--,10,11610,买盘
2536,10:45:06,11.61,0.01,5,5805,买盘
2537,10:45:03,11.6,-0.01,18,20880,卖盘
2538,10:45:00,11.61,--,30,34830,买盘
2539,10:44:57,11.61,0.01,32,37152,买盘
2540,10:44:54,11.6,-0.01,20,23200,卖盘
2541,10:44:45,11.61,--,94,109134,买盘
2542,10:44:42,11.61,0.01,48,55728,买盘
2543,10:44:39,11.6,-0.01,198,229680,卖盘
2544,10:44:36,11.61,0.01,203,235683,买盘
2545,10:44:33,11.6,--,21,24360,卖盘
2546,10:44:27,11.6,-0.01,31,35960,卖盘
2547,10:44:21,11.61,0.01,8,9288,买盘
2548,10:44:18,11.6,0.01,245,284200,买盘
2549,10:44:12,11.59,-0.01,80,92720,卖盘
2550,10:44:09,11.6,--,64,74240,买盘
2551,10:44:06,11.6,--,118,136880,买盘
2552,10:44:03,11.6,--,9,10440,买盘
2553,10:43:57,11.6,--,110,127600,买盘
2554,10:43:51,11.6,--,101,117160,买盘
2555,10:43:48,11.6,0.01,10,11600,买盘
2556,10:43:39,11.59,-0.01,22,25498,卖盘
2557,10:43:36,11.6,0.01,12,13920,买盘
2558,10:43:33,11.59,--,1,1159,卖盘
2559,10:43:27,11.59,-0.01,99,114741,卖盘
2560,10:43:24,11.6,--,310,359600,买盘
2561,10:43:21,11.6,--,2,2320,买盘
2562,10:43:18,11.6,--,27,31320,买盘
2563,10:43:15,11.6,--,67,77720,买盘
2564,10:43:09,11.6,--,14,16240,买盘
2565,10:43:06,11.6,--,17,19720,买盘
2566,10:43:03,11.6,--,64,74240,买盘
2567,10:42:51,11.6,--,7,8120,买盘
2568,10:42:48,11.6,0.01,120,139200,买盘
2569,10:42:45,11.59,--,366,424194,买盘
2570,10:42:39,11.59,--,47,54473,买盘
2571,10:42:36,11.59,0.01,14,16226,买盘
2572,10:42:33,11.58,-0.02,1,1158,卖盘
2573,10:42:30,11.6,0.01,300,348000,买盘
2574,10:42:27,11.59,0.01,1,1159,买盘
2575,10:42:24,11.58,-0.01,63,72954,卖盘
2576,10:42:21,11.59,--,132,152988,买盘
2577,10:42:18,11.59,--,10,11590,中性盘
2578,10:42:15,11.59,0.01,263,304817,买盘
2579,10:42:12,11.58,-0.01,12,13896,卖盘
2580,10:42:09,11.59,0.01,10,11590,买盘
2581,10:42:06,11.58,--,1,1158,卖盘
2582,10:42:00,11.58,--,4,4632,卖盘
2583,10:41:48,11.58,--,23,26634,卖盘
2584,10:41:45,11.58,--,15,17370,卖盘
2585,10:41:42,11.58,--,60,69480,卖盘
2586,10:41:33,11.58,-0.01,1,1158,卖盘
2587,10:41:30,11.59,0.01,26,30134,买盘
2588,10:41:15,11.58,--,10,11580,卖盘
2589,10:41:12,11.58,-0.01,3,3474,卖盘
2590,10:41:00,11.59,0.01,5,5795,买盘
2591,10:40:57,11.58,-0.02,42,48636,卖盘
2592,10:40:48,11.6,0.01,5,5800,买盘
2593,10:40:45,11.59,--,8,9272,卖盘
2594,10:40:42,11.59,--,22,25498,中性盘
2595,10:40:39,11.59,--,51,59109,卖盘
2596,10:40:36,11.59,--,26,30134,卖盘
2597,10:40:33,11.59,--,1,1159,卖盘
2598,10:40:30,11.59,0.01,111,128649,买盘
2599,10:40:27,11.58,--,59,68322,卖盘
2600,10:40:21,11.58,--,57,66006,卖盘
2601,10:40:18,11.58,-0.01,1,1158,卖盘
2602,10:40:15,11.59,0.01,46,53314,买盘
2603,10:40:09,11.58,--,3,3474,卖盘
2604,10:39:57,11.58,--,30,34740,卖盘
2605,10:39:51,11.58,-0.01,12,13896,卖盘
2606,10:39:48,11.59,0.03,23,26657,中性盘
2607,10:39:36,11.56,-0.03,150,173400,卖盘
2608,10:39:33,11.59,--,1,1159,卖盘
2609,10:39:30,11.59,0.01,10,11590,中性盘
2610,10:39:24,11.58,--,98,113484,卖盘
2611,10:39:18,11.58,-0.02,10,11580,卖盘
2612,10:39:12,11.6,0.02,87,100920,中性盘
2613,10:39:09,11.58,--,661,765438,买盘
2614,10:39:03,11.58,0.01,42,48636,买盘
2615,10:39:00,11.57,--,3,3471,卖盘
2616,10:38:48,11.57,0.01,219,253383,买盘
2617,10:38:33,11.56,-0.01,1,1156,卖盘
2618,10:38:30,11.57,--,1,1157,买盘
2619,10:38:27,11.57,0.01,1,1157,买盘
2620,10:38:24,11.56,--,3,3468,卖盘
2621,10:38:21,11.56,-0.01,40,46240,卖盘
2622,10:38:18,11.57,0.01,6,6942,买盘
2623,10:38:09,11.56,--,1,1156,卖盘
2624,10:38:00,11.56,0.01,103,119068,买盘
2625,10:37:57,11.55,--,8,9240,卖盘
2626,10:37:54,11.55,--,34,39270,卖盘
2627,10:37:51,11.55,-0.01,3,3465,卖盘
2628,10:37:48,11.56,-0.01,142,164152,卖盘
2629,10:37:45,11.57,-0.02,33,38181,买盘
2630,10:37:42,11.59,0.01,71,82289,买盘
2631,10:37:39,11.58,0.03,24,27792,中性盘
2632,10:37:36,11.55,-0.04,965,1114575,卖盘
2633,10:37:33,11.59,0.01,213,246867,买盘
2634,10:37:30,11.58,--,26,30108,卖盘
2635,10:37:27,11.58,-0.01,122,141276,卖盘
2636,10:37:24,11.59,-0.01,353,409127,卖盘
2637,10:37:15,11.6,-0.01,8,9280,卖盘
2638,10:37:12,11.61,0.01,19,22059,买盘
2639,10:37:09,11.6,--,13,15080,卖盘
2640,10:37:00,11.6,--,10,11600,卖盘
2641,10:36:54,11.6,--,30,34800,卖盘
2642,10:36:48,11.6,--,5,5800,卖盘
2643,10:36:42,11.6,--,3,3480,卖盘
2644,10:36:39,11.6,--,20,23200,卖盘
2645,10:36:33,11.6,--,57,66120,卖盘
2646,10:36:30,11.6,--,103,119480,卖盘
2647,10:36:21,11.6,--,50,58000,卖盘
2648,10:36:12,11.6,--,58,67280,买盘
2649,10:36:09,11.6,--,33,38280,买盘
2650,10:36:06,11.6,--,34,39440,买盘
2651,10:36:03,11.6,--,8,9280,买盘
2652,10:36:00,11.6,0.01,10,11600,买盘
2653,10:35:54,11.59,-0.01,44,50996,卖盘
2654,10:35:51,11.6,0.01,17,19720,买盘
2655,10:35:48,11.59,--,30,34770,卖盘
2656,10:35:36,11.59,-0.01,8,9272,卖盘
2657,10:35:33,11.6,--,12,13920,买盘
2658,10:35:30,11.6,--,8,9280,买盘
2659,10:35:27,11.6,0.01,78,90480,买盘
2660,10:35:24,11.59,-0.01,13,15067,卖盘
2661,10:35:21,11.6,--,53,61480,买盘
2662,10:35:18,11.6,0.01,11,12760,买盘
2663,10:35:15,11.59,-0.01,42,48678,卖盘
2664,10:35:12,11.6,--,25,29000,买盘
2665,10:35:09,11.6,--,30,34800,买盘
2666,10:35:06,11.6,--,20,23200,买盘
2667,10:35:03,11.6,0.01,2,2320,买盘
2668,10:34:57,11.59,-0.01,22,25498,卖盘
2669,10:34:45,11.6,--,33,38280,买盘
2670,10:34:42,11.6,--,5,5800,买盘
2671,10:34:33,11.6,0.01,14,16240,买盘
2672,10:34:30,11.59,-0.01,4,4636,卖盘
2673,10:34:24,11.6,0.01,1,1160,买盘
2674,10:34:21,11.59,--,19,23029,买盘
2675,10:34:18,11.59,--,182,210938,买盘
2676,10:34:09,11.59,0.01,1,1159,买盘
2677,10:34:06,11.58,--,7,8106,卖盘
2678,10:34:03,11.58,-0.01,18,20844,卖盘
2679,10:33:57,11.59,-0.01,41,47519,卖盘
2680,10:33:54,11.6,0.01,42,48720,买盘
2681,10:33:51,11.59,--,84,97356,卖盘
2682,10:33:48,11.59,--,27,31293,卖盘
2683,10:33:45,11.59,--,11,12749,卖盘
2684,10:33:36,11.59,--,56,64904,卖盘
2685,10:33:33,11.59,-0.01,57,66063,卖盘
2686,10:33:30,11.6,--,2,2320,买盘
2687,10:33:27,11.6,0.01,59,68440,买盘
2688,10:33:24,11.59,--,122,141398,卖盘
2689,10:33:21,11.59,-0.01,64,74176,卖盘
2690,10:33:18,11.6,--,10,11600,买盘
2691,10:33:12,11.6,--,58,67430,卖盘
2692,10:33:09,11.6,--,71,82360,卖盘
2693,10:33:06,11.6,--,247,286520,卖盘
2694,10:33:03,11.6,-0.01,144,167040,卖盘
2695,10:33:00,11.61,0.01,2,2322,买盘
2696,10:32:57,11.6,-0.01,39,45240,卖盘
2697,10:32:51,11.61,0.01,1,1161,买盘
2698,10:32:48,11.6,-0.01,3,3480,卖盘
2699,10:32:39,11.61,0.01,8,9288,买盘
2700,10:32:33,11.6,--,5,5800,卖盘
2701,10:32:30,11.6,--,12,13920,卖盘
2702,10:32:27,11.6,--,67,77720,卖盘
2703,10:32:21,11.6,--,7,8120,卖盘
2704,10:32:18,11.6,--,43,49880,卖盘
2705,10:32:15,11.6,--,23,26680,卖盘
2706,10:32:12,11.6,--,1,1160,卖盘
2707,10:32:03,11.6,-0.01,27,31320,卖盘
2708,10:32:00,11.61,0.01,6,6966,买盘
2709,10:31:57,11.6,-0.01,13,15080,卖盘
2710,10:31:54,11.61,0.01,10,11610,买盘
2711,10:31:51,11.6,-0.01,31,35960,卖盘
2712,10:31:48,11.61,--,46,53406,买盘
2713,10:31:45,11.61,0.01,14,16254,买盘
2714,10:31:42,11.6,-0.01,86,99760,卖盘
2715,10:31:39,11.61,--,20,23220,卖盘
2716,10:31:33,11.61,-0.01,45,52245,卖盘
2717,10:31:30,11.62,0.01,36,41832,买盘
2718,10:31:27,11.61,--,51,59211,卖盘
2719,10:31:24,11.61,-0.01,6,6966,卖盘
2720,10:31:21,11.62,0.01,119,138278,买盘
2721,10:31:18,11.61,--,148,171828,卖盘
2722,10:31:15,11.61,-0.01,1,1161,卖盘
2723,10:31:12,11.62,0.01,22,25564,买盘
2724,10:31:06,11.61,--,7,8127,卖盘
2725,10:31:03,11.61,-0.01,25,29025,卖盘
2726,10:31:00,11.62,0.01,21,24402,买盘
2727,10:30:51,11.61,--,3,3483,卖盘
2728,10:30:42,11.61,-0.01,1,1161,卖盘
2729,10:30:30,11.62,0.01,2,2324,买盘
2730,10:30:27,11.61,--,1,1161,卖盘
2731,10:30:24,11.61,-0.01,15,17415,卖盘
2732,10:30:21,11.62,--,6,6971,买盘
2733,10:30:18,11.62,0.01,110,127819,买盘
2734,10:30:12,11.61,-0.01,1,1161,卖盘
2735,10:30:09,11.62,0.01,74,85988,买盘
2736,10:30:03,11.61,-0.01,104,120744,卖盘
2737,10:30:00,11.62,--,46,53452,买盘
2738,10:29:57,11.62,--,57,66234,买盘
2739,10:29:51,11.62,--,74,85988,买盘
2740,10:29:48,11.62,--,104,120847,买盘
2741,10:29:42,11.62,0.01,17,19754,买盘
2742,10:29:36,11.61,-0.01,5,5805,卖盘
2743,10:29:30,11.62,0.01,1,1162,买盘
2744,10:29:27,11.61,--,17,19737,卖盘
2745,10:29:24,11.61,-0.01,34,39474,卖盘
2746,10:29:09,11.62,--,18,20916,卖盘
2747,10:29:06,11.62,--,33,38346,卖盘
2748,10:29:03,11.62,-0.01,2,2324,卖盘
2749,10:29:00,11.63,--,1,1163,买盘
2750,10:28:57,11.63,0.01,21,24423,买盘
2751,10:28:54,11.62,--,11,12782,卖盘
2752,10:28:51,11.62,--,124,144088,卖盘
2753,10:28:48,11.62,--,5,5810,卖盘
2754,10:28:45,11.62,-0.01,71,82502,卖盘
2755,10:28:42,11.63,0.01,7,8141,买盘
2756,10:28:39,11.62,-0.01,502,583324,卖盘
2757,10:28:36,11.63,--,81,94203,买盘
2758,10:28:33,11.63,--,172,200036,买盘
2759,10:28:30,11.63,0.01,1,1163,买盘
2760,10:28:27,11.62,-0.01,84,97608,卖盘
2761,10:28:24,11.63,0.01,132,153516,买盘
2762,10:28:15,11.62,--,60,69720,卖盘
2763,10:28:12,11.62,--,22,25564,卖盘
2764,10:28:06,11.62,-0.01,251,291662,卖盘
2765,10:28:00,11.63,0.01,1,1163,买盘
2766,10:27:57,11.62,--,20,23240,卖盘
2767,10:27:54,11.62,--,78,90636,卖盘
2768,10:27:45,11.62,-0.01,8,9296,卖盘
2769,10:27:39,11.63,--,120,139560,买盘
2770,10:27:36,11.63,--,90,104670,买盘
2771,10:27:33,11.63,--,68,79084,买盘
2772,10:27:30,11.63,0.01,77,89551,买盘
2773,10:27:27,11.62,-0.01,152,176624,卖盘
2774,10:27:24,11.63,--,102,118626,买盘
2775,10:27:21,11.63,--,84,97692,买盘
2776,10:27:12,11.63,0.01,31,36053,买盘
2777,10:27:09,11.62,-0.01,2,2324,卖盘
2778,10:27:00,11.63,--,1,1163,买盘
2779,10:26:57,11.63,0.01,16,18608,买盘
2780,10:26:54,11.62,--,120,139440,卖盘
2781,10:26:51,11.62,--,30,34860,卖盘
2782,10:26:48,11.62,--,30,34860,卖盘
2783,10:26:45,11.62,--,10,11620,卖盘
2784,10:26:42,11.62,-0.01,25,29049,卖盘
2785,10:26:39,11.63,--,80,93040,买盘
2786,10:26:36,11.63,0.01,4,4652,买盘
2787,10:26:33,11.62,-0.01,5,5810,卖盘
2788,10:26:30,11.63,0.01,1,1163,买盘
2789,10:26:27,11.62,-0.01,33,38346,卖盘
2790,10:26:24,11.63,--,5,5815,买盘
2791,10:26:21,11.63,0.01,1,1163,买盘
2792,10:26:18,11.62,-0.01,41,47642,卖盘
2793,10:26:15,11.63,--,1,1163,买盘
2794,10:26:12,11.63,--,27,31401,买盘
2795,10:26:09,11.63,--,52,60476,买盘
2796,10:26:06,11.63,--,30,34890,买盘
2797,10:26:03,11.63,--,67,77921,买盘
2798,10:26:00,11.63,--,44,51172,买盘
2799,10:25:57,11.63,-0.01,218,253534,卖盘
2800,10:25:54,11.64,--,79,91956,买盘
2801,10:25:51,11.64,--,108,125712,买盘
2802,10:25:48,11.64,--,66,76824,买盘
2803,10:25:42,11.64,--,15,17460,买盘
2804,10:25:39,11.64,0.01,96,111744,买盘
2805,10:25:36,11.63,-0.01,3,3489,卖盘
