,time,price,change,volume,amount,type
0,15:00:03,13.66,0.01,20269,27687454,买盘
1,14:57:00,13.65,--,1,1365,买盘
2,14:56:57,13.65,0.01,42,57330,买盘
3,14:56:54,13.64,-0.01,40,54560,卖盘
4,14:56:51,13.65,0.01,172,234780,买盘
5,14:56:48,13.64,--,56,76384,卖盘
6,14:56:45,13.64,--,152,207328,卖盘
7,14:56:42,13.64,--,1712,2335168,卖盘
8,14:56:39,13.64,--,57,77748,卖盘
9,14:56:36,13.64,--,580,791120,卖盘
10,14:56:33,13.64,-0.01,158,215512,卖盘
11,14:56:30,13.65,0.01,622,849030,买盘
12,14:56:27,13.64,--,235,320540,卖盘
13,14:56:24,13.64,-0.01,99,135036,卖盘
14,14:56:21,13.65,0.01,836,1141140,买盘
15,14:56:18,13.64,--,142,193688,卖盘
16,14:56:15,13.64,--,133,181412,卖盘
17,14:56:12,13.64,-0.01,523,713372,卖盘
18,14:56:09,13.65,0.01,62,84630,买盘
19,14:56:06,13.64,--,132,180048,卖盘
20,14:56:03,13.64,-0.01,78,106392,卖盘
21,14:56:00,13.65,0.01,43,58695,买盘
22,14:55:57,13.64,--,277,377828,卖盘
23,14:55:54,13.64,--,252,343728,卖盘
24,14:55:51,13.64,-0.01,25,34100,卖盘
25,14:55:48,13.65,--,39,53235,买盘
26,14:55:45,13.65,0.01,46,62790,买盘
27,14:55:42,13.64,--,13,17732,卖盘
28,14:55:39,13.64,--,95,129580,卖盘
29,14:55:36,13.64,--,243,331452,买盘
30,14:55:33,13.64,--,216,294624,卖盘
31,14:55:30,13.64,-0.01,59,80476,卖盘
32,14:55:27,13.65,0.01,333,454545,买盘
33,14:55:24,13.64,--,26,35464,卖盘
34,14:55:21,13.64,--,664,905696,卖盘
35,14:55:18,13.64,-0.01,536,731104,卖盘
36,14:55:15,13.65,--,428,584220,买盘
37,14:55:12,13.65,--,38,51870,买盘
38,14:55:09,13.65,--,98,133770,买盘
39,14:55:06,13.65,0.01,100,136500,买盘
40,14:55:03,13.64,--,24,32736,卖盘
41,14:55:00,13.64,--,49,66836,卖盘
42,14:54:57,13.64,--,10,13640,卖盘
43,14:54:54,13.64,--,40,54560,卖盘
44,14:54:51,13.64,-0.01,100,136400,卖盘
45,14:54:48,13.65,0.01,114,155610,买盘
46,14:54:45,13.64,--,23,31372,卖盘
47,14:54:42,13.64,--,68,92752,卖盘
48,14:54:39,13.64,--,174,237336,卖盘
49,14:54:36,13.64,0.01,347,473308,买盘
50,14:54:33,13.63,--,35,47705,卖盘
51,14:54:30,13.63,-0.01,18,24534,卖盘
52,14:54:27,13.64,--,55,75020,买盘
53,14:54:24,13.64,-0.01,3,4092,中性盘
54,14:54:21,13.65,0.01,583,795795,买盘
55,14:54:18,13.64,--,183,249612,卖盘
56,14:54:15,13.64,--,152,207328,卖盘
57,14:54:12,13.64,--,36,49104,卖盘
58,14:54:09,13.64,--,80,109120,卖盘
59,14:54:06,13.64,-0.01,21,28644,卖盘
60,14:54:03,13.65,--,117,159705,买盘
61,14:54:00,13.65,--,31,42315,买盘
62,14:53:57,13.65,--,150,204750,买盘
63,14:53:54,13.65,0.01,193,263445,买盘
64,14:53:51,13.64,--,2,2728,买盘
65,14:53:48,13.64,-0.01,242,330088,中性盘
66,14:53:45,13.65,0.01,476,649740,买盘
67,14:53:42,13.64,--,548,747472,买盘
68,14:53:39,13.64,-0.01,312,425568,卖盘
69,14:53:36,13.65,0.01,40,54600,买盘
70,14:53:33,13.64,--,379,516956,买盘
71,14:53:30,13.64,--,71,96844,买盘
72,14:53:27,13.64,--,44,60016,买盘
73,14:53:24,13.64,--,324,441936,买盘
74,14:53:21,13.64,--,96,130944,买盘
75,14:53:18,13.64,-0.01,176,240064,卖盘
76,14:53:15,13.65,0.01,55,75075,买盘
77,14:53:12,13.64,-0.01,73,99572,卖盘
78,14:53:09,13.65,--,152,207480,买盘
79,14:53:06,13.65,0.01,13,17745,买盘
80,14:53:03,13.64,--,108,147312,卖盘
81,14:53:00,13.64,--,548,747744,买盘
82,14:52:57,13.64,--,33,45012,买盘
83,14:52:54,13.64,--,108,148403,卖盘
84,14:52:51,13.64,--,210,286712,卖盘
85,14:52:48,13.64,--,679,926156,买盘
86,14:52:45,13.64,0.01,8,10912,买盘
87,14:52:42,13.63,-0.01,28,38164,卖盘
88,14:52:39,13.64,--,938,1279432,买盘
89,14:52:36,13.64,0.01,35,47740,买盘
90,14:52:33,13.63,-0.01,2,2726,卖盘
91,14:52:30,13.64,--,29,39556,买盘
92,14:52:27,13.64,0.01,3,4092,买盘
93,14:52:24,13.63,--,158,215354,卖盘
94,14:52:21,13.63,--,500,681500,卖盘
95,14:52:18,13.63,-0.01,6,8178,卖盘
96,14:52:15,13.64,0.01,30,40920,买盘
97,14:52:12,13.63,-0.01,85,115855,卖盘
98,14:52:09,13.64,0.01,46,62744,买盘
99,14:52:06,13.63,--,28,38164,卖盘
100,14:52:03,13.63,--,30,40890,卖盘
101,14:52:00,13.63,--,67,91321,买盘
102,14:51:57,13.63,--,466,635158,买盘
103,14:51:54,13.63,--,336,457968,买盘
104,14:51:51,13.63,--,51,69513,买盘
105,14:51:48,13.63,--,67,91321,买盘
106,14:51:45,13.63,--,276,376188,卖盘
107,14:51:42,13.63,--,8,10904,卖盘
108,14:51:39,13.63,--,711,969093,卖盘
109,14:51:36,13.63,--,247,336661,买盘
110,14:51:33,13.63,0.01,8,10904,中性盘
111,14:51:30,13.62,--,179,243798,卖盘
112,14:51:27,13.62,-0.02,106,144372,卖盘
113,14:51:24,13.64,--,1182,1612248,买盘
114,14:51:21,13.64,0.02,732,998448,买盘
115,14:51:18,13.62,-0.01,6,8171,卖盘
116,14:51:15,13.63,0.01,50,68150,买盘
117,14:51:12,13.62,--,43,58566,卖盘
118,14:51:09,13.62,-0.01,1037,1412394,卖盘
119,14:51:06,13.63,--,20,27260,买盘
120,14:51:03,13.63,--,138,188094,买盘
121,14:51:00,13.63,0.01,96,130848,买盘
122,14:50:57,13.62,-0.01,50,68100,卖盘
123,14:50:54,13.63,--,372,507036,买盘
124,14:50:51,13.63,0.01,16,21808,买盘
125,14:50:48,13.62,-0.01,116,157992,卖盘
126,14:50:45,13.63,0.01,10,13630,买盘
127,14:50:42,13.62,--,33,44946,卖盘
128,14:50:39,13.62,-0.01,51,69462,卖盘
129,14:50:36,13.63,--,14,19082,买盘
130,14:50:33,13.63,0.02,100,136300,买盘
131,14:50:30,13.61,-0.01,56,76216,卖盘
132,14:50:27,13.62,--,178,242436,卖盘
133,14:50:24,13.62,--,207,281934,卖盘
134,14:50:21,13.62,--,91,123942,卖盘
135,14:50:18,13.62,--,844,1149528,卖盘
136,14:50:15,13.62,--,169,230178,卖盘
137,14:50:12,13.62,-0.01,25,34050,卖盘
138,14:50:09,13.63,0.02,268,365284,买盘
139,14:50:06,13.61,-0.01,8,10888,卖盘
140,14:50:03,13.62,0.01,72,98064,买盘
141,14:50:00,13.61,--,17,23137,卖盘
142,14:49:57,13.61,-0.01,3,4083,卖盘
143,14:49:54,13.62,--,107,145734,买盘
144,14:49:51,13.62,0.01,461,627882,买盘
145,14:49:48,13.61,-0.01,1000,1361000,卖盘
146,14:49:45,13.62,--,40,54480,卖盘
147,14:49:42,13.62,--,166,226092,买盘
148,14:49:39,13.62,--,83,113046,买盘
149,14:49:36,13.62,--,15,20430,买盘
150,14:49:33,13.62,-0.01,24,32687,中性盘
151,14:49:30,13.63,0.01,109,148567,买盘
152,14:49:27,13.62,--,84,114408,卖盘
153,14:49:24,13.62,--,188,256055,卖盘
154,14:49:21,13.62,--,133,181146,卖盘
155,14:49:18,13.62,--,184,250608,买盘
156,14:49:15,13.62,--,176,239712,买盘
157,14:49:12,13.62,--,11,14982,买盘
158,14:49:09,13.62,0.01,123,167526,买盘
159,14:49:06,13.61,-0.01,144,195984,卖盘
160,14:49:03,13.62,0.01,291,396342,买盘
161,14:49:00,13.61,--,57,77577,卖盘
162,14:48:54,13.61,0.01,145,197345,买盘
163,14:48:51,13.6,-0.01,136,184960,卖盘
164,14:48:48,13.61,0.01,124,168764,买盘
165,14:48:45,13.6,--,223,303280,卖盘
166,14:48:42,13.6,--,106,144160,卖盘
167,14:48:39,13.6,--,591,803760,卖盘
168,14:48:36,13.6,--,2,2720,卖盘
169,14:48:33,13.6,--,77,105264,买盘
170,14:48:30,13.6,0.01,50,68000,买盘
171,14:48:27,13.59,-0.01,152,206568,卖盘
172,14:48:24,13.6,--,143,194480,买盘
173,14:48:21,13.6,--,135,183600,买盘
174,14:48:18,13.6,-0.01,231,314976,卖盘
175,14:48:15,13.61,--,16,21776,买盘
176,14:48:12,13.61,--,148,201428,买盘
177,14:48:09,13.61,--,47,63967,买盘
178,14:48:06,13.61,0.01,125,170125,买盘
179,14:48:03,13.6,-0.01,61,82960,卖盘
180,14:48:00,13.61,0.01,81,110241,买盘
181,14:47:57,13.6,--,62,84320,卖盘
182,14:47:54,13.6,0.01,952,1295264,买盘
183,14:47:51,13.59,--,173,235107,买盘
184,14:47:48,13.59,--,15,20385,买盘
185,14:47:45,13.59,--,14,19026,买盘
186,14:47:42,13.59,-0.01,906,1231254,卖盘
187,14:47:39,13.6,0.01,76,103360,买盘
188,14:47:36,13.59,--,10,13590,卖盘
189,14:47:33,13.59,--,22,29898,卖盘
190,14:47:30,13.59,--,141,191619,买盘
191,14:47:27,13.59,--,108,146772,卖盘
192,14:47:24,13.59,-0.01,323,438957,卖盘
193,14:47:21,13.6,0.01,58,78880,买盘
194,14:47:18,13.59,--,38,51642,买盘
195,14:47:15,13.59,--,28,38052,买盘
196,14:47:12,13.59,0.01,15,20385,中性盘
197,14:47:09,13.58,-0.02,65,88270,卖盘
198,14:47:06,13.6,--,22,29920,买盘
199,14:47:03,13.6,--,13,17680,买盘
200,14:47:00,13.6,0.01,139,189040,买盘
201,14:46:57,13.59,-0.01,961,1305999,卖盘
202,14:46:54,13.6,--,613,833680,买盘
203,14:46:51,13.6,0.01,129,175440,买盘
204,14:46:48,13.59,--,57,77463,卖盘
205,14:46:45,13.59,--,39,53001,卖盘
206,14:46:39,13.59,--,50,67950,买盘
207,14:46:36,13.59,0.01,136,184824,买盘
208,14:46:33,13.58,-0.01,83,112714,卖盘
209,14:46:30,13.59,--,137,186183,卖盘
210,14:46:27,13.59,--,87,118233,买盘
211,14:46:24,13.59,0.01,2,2718,买盘
212,14:46:21,13.58,--,4,5432,卖盘
213,14:46:18,13.58,--,36,48888,卖盘
214,14:46:15,13.58,--,11,14938,卖盘
215,14:46:12,13.58,--,210,285180,卖盘
216,14:46:09,13.58,--,72,97776,卖盘
217,14:46:06,13.58,-0.02,7,9506,卖盘
218,14:46:03,13.6,0.02,428,582080,买盘
219,14:46:00,13.58,--,10,13580,卖盘
220,14:45:57,13.58,--,77,104566,卖盘
221,14:45:54,13.58,-0.01,170,230860,卖盘
222,14:45:51,13.59,--,52,70668,买盘
223,14:45:48,13.59,0.01,368,500112,买盘
224,14:45:42,13.58,-0.01,20,27160,卖盘
225,14:45:39,13.59,0.01,41,55719,买盘
226,14:45:36,13.58,-0.01,1122,1524490,卖盘
227,14:45:33,13.59,--,45,61155,卖盘
228,14:45:30,13.59,--,115,156285,卖盘
229,14:45:27,13.59,--,46,62514,卖盘
230,14:45:24,13.59,0.01,54,73386,中性盘
231,14:45:21,13.58,-0.01,28,38024,卖盘
232,14:45:18,13.59,--,53,72027,买盘
233,14:45:15,13.59,0.01,105,142695,买盘
234,14:45:12,13.58,--,56,76048,卖盘
235,14:45:09,13.58,-0.02,75,101850,卖盘
236,14:45:03,13.6,0.01,89,121040,买盘
237,14:45:00,13.59,0.01,3,4077,买盘
238,14:44:57,13.58,-0.01,743,1008994,卖盘
239,14:44:54,13.59,--,7,9513,卖盘
240,14:44:51,13.59,--,234,318006,买盘
241,14:44:48,13.59,0.01,79,107361,买盘
242,14:44:45,13.58,-0.01,65,88270,卖盘
243,14:44:42,13.59,--,39,53001,买盘
244,14:44:39,13.59,0.01,7,9513,中性盘
245,14:44:36,13.58,-0.02,886,1203188,卖盘
246,14:44:33,13.6,--,369,502656,卖盘
247,14:44:30,13.6,-0.01,249,338640,卖盘
248,14:44:27,13.61,-0.01,24,32664,买盘
249,14:44:24,13.62,0.02,30,40860,买盘
250,14:44:21,13.6,-0.02,468,636480,卖盘
251,14:44:18,13.62,--,10,13620,买盘
252,14:44:15,13.62,--,803,1093686,卖盘
253,14:44:12,13.62,-0.01,258,351396,卖盘
254,14:44:09,13.63,--,55,74965,买盘
255,14:44:06,13.63,--,54,73602,买盘
256,14:44:03,13.63,--,15,20445,买盘
257,14:44:00,13.63,--,926,1262287,卖盘
258,14:43:57,13.63,-0.01,172,234436,卖盘
259,14:43:51,13.64,0.01,89,121396,买盘
260,14:43:48,13.63,-0.01,61,84315,卖盘
261,14:43:45,13.64,0.01,247,336908,买盘
262,14:43:42,13.63,-0.01,74,100862,卖盘
263,14:43:39,13.64,0.01,59,80476,买盘
264,14:43:36,13.63,--,38,51794,卖盘
265,14:43:33,13.63,--,140,190820,卖盘
266,14:43:30,13.63,--,80,109040,卖盘
267,14:43:27,13.63,--,41,55883,卖盘
268,14:43:24,13.63,--,10,13630,卖盘
269,14:43:21,13.63,-0.01,566,771458,卖盘
270,14:43:18,13.64,-0.01,3,4092,中性盘
271,14:43:15,13.65,0.01,3330,4545450,买盘
272,14:43:12,13.64,-0.01,55,75020,卖盘
273,14:43:09,13.65,0.01,129,176085,买盘
274,14:43:06,13.64,-0.01,73,99572,卖盘
275,14:43:03,13.65,--,39,53235,买盘
276,14:43:00,13.65,--,8,10920,买盘
277,14:42:57,13.65,--,2,2730,买盘
278,14:42:54,13.65,0.01,14,19110,买盘
279,14:42:51,13.64,--,267,364188,卖盘
280,14:42:48,13.64,-0.01,31,42284,卖盘
281,14:42:45,13.65,--,118,161070,卖盘
282,14:42:42,13.65,--,17,23205,卖盘
283,14:42:36,13.65,--,12,16380,卖盘
284,14:42:33,13.65,--,58,79170,买盘
285,14:42:30,13.65,--,2,2730,买盘
286,14:42:27,13.65,0.01,30,40950,买盘
287,14:42:24,13.64,--,533,727012,卖盘
288,14:42:21,13.64,--,831,1133484,卖盘
289,14:42:18,13.64,-0.01,35,47740,卖盘
290,14:42:15,13.65,--,20,27300,买盘
291,14:42:12,13.65,0.01,13,17745,买盘
292,14:42:09,13.64,--,5,6820,卖盘
293,14:42:06,13.64,-0.01,27,36828,卖盘
294,14:42:03,13.65,--,239,326235,买盘
295,14:42:00,13.65,0.01,37,50505,买盘
296,14:41:57,13.64,--,13,17732,卖盘
297,14:41:54,13.64,-0.01,57,77748,卖盘
298,14:41:48,13.65,0.01,10,13650,买盘
299,14:41:45,13.64,--,378,515592,卖盘
300,14:41:42,13.64,-0.01,19,25916,卖盘
301,14:41:39,13.65,--,13,17745,买盘
302,14:41:36,13.65,--,51,69615,买盘
303,14:41:33,13.65,0.01,50,68250,买盘
304,14:41:30,13.64,-0.01,78,106392,卖盘
305,14:41:27,13.65,0.01,226,308490,买盘
306,14:41:24,13.64,--,42,57288,卖盘
307,14:41:21,13.64,-0.01,203,276892,卖盘
308,14:41:18,13.65,--,19,25935,买盘
309,14:41:15,13.65,0.01,18,24570,买盘
310,14:41:12,13.64,--,54,73656,卖盘
311,14:41:09,13.64,--,19,25916,卖盘
312,14:41:06,13.64,--,66,90024,卖盘
313,14:41:03,13.64,--,29,39556,卖盘
314,14:41:00,13.64,--,226,308264,卖盘
315,14:40:54,13.64,--,49,66836,卖盘
316,14:40:51,13.64,-0.01,36,49104,卖盘
317,14:40:48,13.65,0.01,10,13650,买盘
318,14:40:45,13.64,-0.01,21,28644,卖盘
319,14:40:42,13.65,--,261,356265,买盘
320,14:40:39,13.65,0.01,40,54600,买盘
321,14:40:36,13.64,-0.01,56,76384,卖盘
322,14:40:30,13.65,--,10,13650,买盘
323,14:40:27,13.65,0.01,40,54600,买盘
324,14:40:24,13.64,-0.01,130,177320,卖盘
325,14:40:21,13.65,0.01,3,4095,买盘
326,14:40:18,13.64,--,450,613800,卖盘
327,14:40:15,13.64,--,97,132308,卖盘
328,14:40:12,13.64,--,5,6820,卖盘
329,14:40:09,13.64,-0.01,79,107756,卖盘
330,14:40:06,13.65,0.01,21,28665,买盘
331,14:40:03,13.64,-0.01,3,4092,卖盘
332,14:40:00,13.65,--,3,4095,买盘
333,14:39:57,13.65,0.01,35,47775,买盘
334,14:39:54,13.64,--,224,305536,卖盘
335,14:39:51,13.64,-0.01,170,231880,卖盘
336,14:39:48,13.65,--,2,2730,买盘
337,14:39:45,13.65,0.01,179,244335,买盘
338,14:39:42,13.64,--,2,2728,卖盘
339,14:39:39,13.64,-0.01,79,107756,卖盘
340,14:39:36,13.65,0.01,144,196560,买盘
341,14:39:33,13.64,--,50,68200,买盘
342,14:39:30,13.64,--,229,312356,卖盘
343,14:39:27,13.64,--,5,6820,卖盘
344,14:39:21,13.64,--,7,9548,卖盘
345,14:39:18,13.64,--,333,454212,买盘
346,14:39:15,13.64,--,38,51832,买盘
347,14:39:12,13.64,--,24,32736,买盘
348,14:39:09,13.64,--,81,110484,买盘
349,14:39:06,13.64,0.01,43,58652,买盘
350,14:39:03,13.63,--,289,393907,卖盘
351,14:39:00,13.63,-0.01,50,68150,卖盘
352,14:38:57,13.64,--,30,40920,买盘
353,14:38:54,13.64,--,14,19096,买盘
354,14:38:48,13.64,--,28,38192,买盘
355,14:38:45,13.64,--,32,43648,买盘
356,14:38:42,13.64,--,68,92752,买盘
357,14:38:39,13.64,--,27,36828,买盘
358,14:38:36,13.64,0.01,50,68200,买盘
359,14:38:33,13.63,-0.01,30,40890,卖盘
360,14:38:30,13.64,0.01,47,64108,买盘
361,14:38:27,13.63,-0.01,5,6815,卖盘
362,14:38:24,13.64,--,223,304172,买盘
363,14:38:21,13.64,--,39,53196,买盘
364,14:38:18,13.64,--,80,109120,买盘
365,14:38:15,13.64,--,50,68200,卖盘
366,14:38:12,13.64,--,51,69564,卖盘
367,14:38:09,13.64,--,198,270072,卖盘
368,14:38:06,13.64,--,2,2728,卖盘
369,14:38:03,13.64,-0.01,61,83204,卖盘
370,14:38:00,13.65,0.01,178,242970,买盘
371,14:37:57,13.64,--,22,30008,卖盘
372,14:37:54,13.64,--,27,36828,卖盘
373,14:37:51,13.64,--,109,148676,卖盘
374,14:37:48,13.64,-0.01,23,31372,卖盘
375,14:37:45,13.65,0.01,5,6825,买盘
376,14:37:42,13.64,--,23,31372,卖盘
377,14:37:39,13.64,--,127,173228,卖盘
378,14:37:36,13.64,-0.01,8,10912,卖盘
379,14:37:33,13.65,0.01,10,13650,买盘
380,14:37:30,13.64,--,3,4092,卖盘
381,14:37:27,13.64,-0.01,8,10912,卖盘
382,14:37:24,13.65,--,37,50505,买盘
383,14:37:21,13.65,--,6,8190,买盘
384,14:37:18,13.65,0.01,5,6825,买盘
385,14:37:15,13.64,0.01,30,40920,中性盘
386,14:37:09,13.63,-0.02,115,156745,卖盘
387,14:37:06,13.65,0.01,6,8190,买盘
388,14:37:03,13.64,--,33,45012,卖盘
389,14:37:00,13.64,--,70,95480,卖盘
390,14:36:54,13.64,--,7,9548,卖盘
391,14:36:51,13.64,--,13,17732,卖盘
392,14:36:48,13.64,0.01,75,102340,买盘
393,14:36:45,13.63,-0.01,322,438886,卖盘
394,14:36:42,13.64,--,58,79112,买盘
395,14:36:39,13.64,--,70,95480,买盘
396,14:36:36,13.64,--,51,69564,买盘
397,14:36:33,13.64,0.01,34,46376,买盘
398,14:36:30,13.63,-0.01,14,19082,卖盘
399,14:36:27,13.64,--,72,98208,买盘
400,14:36:24,13.64,--,43,58652,买盘
401,14:36:21,13.64,--,29,39556,买盘
402,14:36:18,13.64,0.01,30,40920,买盘
403,14:36:15,13.63,--,50,68150,卖盘
404,14:36:12,13.63,-0.01,20,27260,卖盘
405,14:36:09,13.64,--,57,77748,买盘
406,14:36:06,13.64,0.01,14,19096,买盘
407,14:36:03,13.63,--,187,254881,卖盘
408,14:35:57,13.63,-0.01,10,13630,卖盘
409,14:35:54,13.64,--,70,95480,买盘
410,14:35:51,13.64,--,81,110484,买盘
411,14:35:48,13.64,0.01,70,95480,买盘
412,14:35:42,13.63,-0.01,22,29986,卖盘
413,14:35:39,13.64,0.01,146,199144,买盘
414,14:35:33,13.63,0.01,18,24534,买盘
415,14:35:30,13.62,-0.01,162,220644,卖盘
416,14:35:27,13.63,--,474,646062,买盘
417,14:35:24,13.63,-0.01,341,464783,卖盘
418,14:35:21,13.64,--,10,13640,买盘
419,14:35:18,13.64,0.01,30,40920,买盘
420,14:35:15,13.63,-0.01,33,44979,卖盘
421,14:35:09,13.64,--,145,197780,买盘
422,14:35:06,13.64,0.01,3,4092,买盘
423,14:35:03,13.63,--,51,69513,卖盘
424,14:35:00,13.63,--,89,121307,卖盘
425,14:34:57,13.63,0.01,534,727842,买盘
426,14:34:51,13.62,--,19,25878,卖盘
427,14:34:48,13.62,-0.01,90,122580,卖盘
428,14:34:45,13.63,--,15,20445,买盘
429,14:34:42,13.63,--,30,40890,买盘
430,14:34:39,13.63,--,56,76328,买盘
431,14:34:36,13.63,--,95,129485,买盘
432,14:34:33,13.63,--,99,134937,买盘
433,14:34:30,13.63,0.01,135,184005,买盘
434,14:34:27,13.62,-0.01,20,27240,卖盘
435,14:34:24,13.63,0.01,86,117218,买盘
436,14:34:21,13.62,-0.01,25,34050,卖盘
437,14:34:18,13.63,0.01,62,84506,买盘
438,14:34:15,13.62,--,32,43584,卖盘
439,14:34:12,13.62,--,85,115770,卖盘
440,14:34:09,13.62,--,209,284658,卖盘
441,14:34:06,13.62,-0.01,11,14982,卖盘
442,14:34:03,13.63,0.01,5,6815,买盘
443,14:33:57,13.62,-0.01,71,96702,卖盘
444,14:33:54,13.63,0.01,142,193546,买盘
445,14:33:51,13.62,-0.01,23,31326,卖盘
446,14:33:48,13.63,0.01,14,19082,买盘
447,14:33:45,13.62,-0.01,47,64013,卖盘
448,14:33:42,13.63,--,96,130848,卖盘
449,14:33:39,13.63,--,18,24534,卖盘
450,14:33:36,13.63,--,417,568371,卖盘
451,14:33:33,13.63,--,168,228984,卖盘
452,14:33:30,13.63,--,5,6815,卖盘
453,14:33:27,13.63,--,100,136300,卖盘
454,14:33:24,13.63,-0.01,31,42253,卖盘
455,14:33:21,13.64,0.01,109,148676,买盘
456,14:33:18,13.63,--,13,17719,卖盘
457,14:33:15,13.63,-0.01,202,275326,卖盘
458,14:33:06,13.64,--,39,53196,卖盘
459,14:33:03,13.64,--,11,15004,卖盘
460,14:33:00,13.64,--,40,54560,卖盘
461,14:32:57,13.64,--,5,6820,卖盘
462,14:32:54,13.64,0.01,4,5456,中性盘
463,14:32:51,13.63,0.01,530,722935,买盘
464,14:32:48,13.62,--,143,194766,卖盘
465,14:32:45,13.62,-0.01,207,281934,卖盘
466,14:32:42,13.63,--,313,426619,买盘
467,14:32:39,13.63,--,204,278052,买盘
468,14:32:36,13.63,0.01,77,104951,买盘
469,14:32:33,13.62,-0.01,26,35412,卖盘
470,14:32:30,13.63,--,15,20445,买盘
471,14:32:27,13.63,--,291,396633,卖盘
472,14:32:24,13.63,--,266,362558,卖盘
473,14:32:21,13.63,--,40,54520,卖盘
474,14:32:15,13.63,--,37,50431,卖盘
475,14:32:12,13.63,0.01,178,242614,买盘
476,14:32:09,13.62,-0.01,208,283296,卖盘
477,14:32:06,13.63,0.01,9,12267,买盘
478,14:32:03,13.62,--,67,91254,卖盘
479,14:32:00,13.62,-0.02,90,122580,卖盘
480,14:31:57,13.64,0.01,159,216876,买盘
481,14:31:54,13.63,0.01,38,51794,买盘
482,14:31:51,13.62,0.02,75,102150,买盘
483,14:31:48,13.6,-0.02,111,150960,卖盘
484,14:31:45,13.62,0.02,103,140286,买盘
485,14:31:42,13.6,--,43,58480,卖盘
486,14:31:39,13.6,-0.02,71,96560,卖盘
487,14:31:36,13.62,--,220,299640,买盘
488,14:31:33,13.62,0.01,128,174336,买盘
489,14:31:30,13.61,-0.01,145,197345,卖盘
490,14:31:27,13.62,--,121,164802,卖盘
491,14:31:24,13.62,0.03,411,559782,买盘
492,14:31:21,13.59,-0.02,189,256851,卖盘
493,14:31:18,13.61,--,261,355221,买盘
494,14:31:15,13.61,--,210,285810,买盘
495,14:31:12,13.61,0.01,360,489960,买盘
496,14:31:09,13.6,--,183,248880,卖盘
497,14:31:06,13.6,--,289,393040,卖盘
498,14:31:03,13.6,--,133,180880,买盘
499,14:31:00,13.6,--,168,228480,卖盘
500,14:30:57,13.6,0.01,230,312800,买盘
501,14:30:54,13.59,-0.02,176,239184,中性盘
502,14:30:51,13.61,--,149,202789,买盘
503,14:30:48,13.61,--,263,357943,卖盘
504,14:30:45,13.61,--,481,654641,买盘
505,14:30:42,13.61,--,450,612450,买盘
506,14:30:39,13.61,0.01,190,258590,买盘
507,14:30:36,13.6,-0.01,392,533120,卖盘
508,14:30:33,13.61,--,180,244980,买盘
509,14:30:30,13.61,0.01,168,228648,买盘
510,14:30:27,13.6,-0.01,581,790160,卖盘
511,14:30:24,13.61,--,151,205511,卖盘
512,14:30:21,13.61,--,156,212316,卖盘
513,14:30:18,13.61,--,210,285810,卖盘
514,14:30:15,13.61,--,174,236814,买盘
515,14:30:12,13.61,0.01,803,1092883,买盘
516,14:30:09,13.6,-0.01,350,476000,卖盘
517,14:30:06,13.61,--,306,416466,卖盘
518,14:30:03,13.61,--,460,626060,卖盘
519,14:30:00,13.61,-0.01,204,277644,卖盘
520,14:29:57,13.62,--,266,362292,买盘
521,14:29:54,13.62,--,223,303726,卖盘
522,14:29:51,13.62,--,162,220644,卖盘
523,14:29:48,13.62,--,169,230178,卖盘
524,14:29:45,13.62,--,179,243798,卖盘
525,14:29:42,13.62,-0.01,250,340500,卖盘
526,14:29:39,13.63,--,481,655603,卖盘
527,14:29:36,13.63,-0.01,128,174464,卖盘
528,14:29:33,13.64,--,208,283712,卖盘
529,14:29:30,13.64,-0.01,638,870232,卖盘
530,14:29:27,13.65,-0.01,2821,3850665,卖盘
531,14:29:24,13.66,--,193,263638,卖盘
532,14:29:21,13.66,--,247,337402,卖盘
533,14:29:18,13.66,--,198,270468,卖盘
534,14:29:15,13.66,--,103,140698,卖盘
535,14:29:12,13.66,--,111,151626,卖盘
536,14:29:09,13.66,-0.02,293,400511,卖盘
537,14:29:06,13.68,0.01,5,6840,买盘
538,14:29:03,13.67,-0.01,22,30074,卖盘
539,14:29:00,13.68,0.01,12,16416,买盘
540,14:28:57,13.67,--,18,24606,卖盘
541,14:28:54,13.67,-0.01,254,347218,卖盘
542,14:28:51,13.68,--,24,32832,买盘
543,14:28:48,13.68,0.01,131,179208,买盘
544,14:28:42,13.67,-0.01,65,88855,卖盘
545,14:28:39,13.68,--,8,10944,买盘
546,14:28:36,13.68,--,2,2736,买盘
547,14:28:33,13.68,--,16,21888,买盘
548,14:28:30,13.68,0.01,75,102600,买盘
549,14:28:27,13.67,--,10,13670,卖盘
550,14:28:24,13.67,-0.01,10,13670,卖盘
551,14:28:21,13.68,--,60,82080,买盘
552,14:28:18,13.68,--,15,20520,买盘
553,14:28:15,13.68,0.01,2001,2737368,买盘
554,14:28:12,13.67,-0.01,129,176343,卖盘
555,14:28:09,13.68,--,19,25992,买盘
556,14:28:06,13.68,--,53,72504,买盘
557,14:28:03,13.68,0.01,181,247608,买盘
558,14:28:00,13.67,--,8,10936,卖盘
559,14:27:57,13.67,-0.01,24,32808,卖盘
560,14:27:54,13.68,--,20,27360,卖盘
561,14:27:51,13.68,--,8,10944,卖盘
562,14:27:48,13.68,--,10,13680,卖盘
563,14:27:45,13.68,--,52,71136,卖盘
564,14:27:42,13.68,--,16,21888,卖盘
565,14:27:39,13.68,--,48,65664,买盘
566,14:27:36,13.68,--,61,83448,卖盘
567,14:27:30,13.68,--,7,9576,中性盘
568,14:27:24,13.68,--,346,473328,卖盘
569,14:27:21,13.68,--,20,27360,卖盘
570,14:27:18,13.68,--,8,10944,卖盘
571,14:27:15,13.68,--,76,105062,买盘
572,14:27:12,13.68,--,9,12312,买盘
573,14:27:09,13.68,--,59,80712,买盘
574,14:27:06,13.68,--,34,46512,买盘
575,14:27:03,13.68,--,168,229824,买盘
576,14:27:00,13.68,0.01,22,30096,买盘
577,14:26:57,13.67,-0.01,30,41010,卖盘
578,14:26:54,13.68,--,11,15048,买盘
579,14:26:51,13.68,--,42,57456,买盘
580,14:26:48,13.68,0.01,24,32832,买盘
581,14:26:45,13.67,-0.01,9,12303,卖盘
582,14:26:42,13.68,--,1,1368,买盘
583,14:26:39,13.68,--,20,27360,买盘
584,14:26:36,13.68,0.01,89,121752,买盘
585,14:26:33,13.67,-0.01,30,41010,卖盘
586,14:26:21,13.68,0.01,14,19152,买盘
587,14:26:18,13.67,-0.01,10,13670,卖盘
588,14:26:15,13.68,--,19,25992,买盘
589,14:26:12,13.68,0.01,66,90288,买盘
590,14:26:09,13.67,-0.01,4,5468,卖盘
591,14:26:06,13.68,--,8,10944,买盘
592,14:26:03,13.68,--,5,6840,买盘
593,14:26:00,13.68,--,50,68400,买盘
594,14:25:57,13.68,--,39,53352,卖盘
595,14:25:54,13.68,--,10,13680,卖盘
596,14:25:51,13.68,--,35,47880,卖盘
597,14:25:48,13.68,--,64,87552,卖盘
598,14:25:45,13.68,--,6,8208,卖盘
599,14:25:42,13.68,--,4,5472,卖盘
600,14:25:33,13.68,--,39,53352,买盘
601,14:25:27,13.68,-0.01,39,53352,卖盘
602,14:25:24,13.69,--,204,279276,买盘
603,14:25:21,13.69,0.01,511,699559,买盘
604,14:25:18,13.68,--,139,190152,卖盘
605,14:25:15,13.68,--,111,151848,卖盘
606,14:25:12,13.68,--,29,39672,卖盘
607,14:25:09,13.68,--,322,440496,买盘
608,14:25:06,13.68,--,307,419976,卖盘
609,14:25:00,13.68,--,58,79344,卖盘
610,14:24:57,13.68,--,15,20520,卖盘
611,14:24:54,13.68,--,37,50616,卖盘
612,14:24:51,13.68,-0.01,1,1368,卖盘
613,14:24:48,13.69,0.01,101,138269,买盘
614,14:24:45,13.68,--,1,1368,买盘
615,14:24:42,13.68,0.01,7,9576,买盘
616,14:24:39,13.67,-0.01,94,128498,卖盘
617,14:24:36,13.68,--,1,1368,买盘
618,14:24:33,13.68,--,301,411768,买盘
619,14:24:27,13.68,--,1,1368,买盘
620,14:24:24,13.68,0.01,17,23256,买盘
621,14:24:21,13.67,-0.01,22,30074,卖盘
622,14:24:18,13.68,--,9,12312,买盘
623,14:24:15,13.68,--,9,12312,买盘
624,14:24:12,13.68,0.01,1,1368,买盘
625,14:24:09,13.67,--,15,20505,卖盘
626,14:24:06,13.67,-0.01,2,2734,卖盘
627,14:24:03,13.68,0.01,23,31464,买盘
628,14:24:00,13.67,-0.01,80,109360,卖盘
629,14:23:57,13.68,0.01,7,9576,买盘
630,14:23:54,13.67,-0.01,11,15037,卖盘
631,14:23:51,13.68,0.01,9,12312,买盘
632,14:23:48,13.67,-0.01,18,24606,卖盘
633,14:23:45,13.68,--,83,113544,买盘
634,14:23:42,13.68,--,3,4104,买盘
635,14:23:39,13.68,--,68,93024,买盘
636,14:23:36,13.68,--,1,1368,买盘
637,14:23:33,13.68,--,34,46512,买盘
638,14:23:30,13.68,--,12,16416,买盘
639,14:23:27,13.68,--,53,72504,买盘
640,14:23:24,13.68,0.01,4,5472,买盘
641,14:23:21,13.67,--,47,64249,卖盘
642,14:23:18,13.67,-0.01,145,198215,卖盘
643,14:23:15,13.68,0.01,16,21888,买盘
644,14:23:12,13.67,-0.01,9,12303,卖盘
645,14:23:09,13.68,--,94,128592,买盘
646,14:23:06,13.68,--,3,4104,买盘
647,14:23:03,13.68,--,1,1368,买盘
648,14:23:00,13.68,--,1,1368,买盘
649,14:22:54,13.68,--,1,1368,买盘
650,14:22:51,13.68,--,10,13680,买盘
651,14:22:48,13.68,0.01,16,21888,买盘
652,14:22:45,13.67,--,29,39643,卖盘
653,14:22:42,13.67,-0.01,13,17771,卖盘
654,14:22:39,13.68,0.01,1,1368,买盘
655,14:22:36,13.67,--,34,46478,卖盘
656,14:22:33,13.67,--,11,15037,卖盘
657,14:22:30,13.67,--,6,8202,卖盘
658,14:22:24,13.67,--,61,83387,卖盘
659,14:22:21,13.67,--,10,13670,卖盘
660,14:22:18,13.67,-0.01,69,94323,卖盘
661,14:22:15,13.68,--,16,21888,买盘
662,14:22:12,13.68,--,1,1368,买盘
663,14:22:09,13.68,0.01,8,10944,买盘
664,14:22:03,13.67,-0.01,11,15037,卖盘
665,14:22:00,13.68,--,48,65664,买盘
666,14:21:57,13.68,--,33,45144,买盘
667,14:21:54,13.68,--,95,129960,卖盘
668,14:21:51,13.68,0.01,6,8208,买盘
669,14:21:45,13.67,-0.01,24,32808,卖盘
670,14:21:42,13.68,--,4,5472,卖盘
671,14:21:39,13.68,--,48,65664,买盘
672,14:21:36,13.68,--,213,291384,买盘
673,14:21:33,13.68,0.01,15,20520,买盘
674,14:21:30,13.67,-0.01,59,80653,卖盘
675,14:21:27,13.68,--,16,21888,卖盘
676,14:21:24,13.68,--,7,9576,卖盘
677,14:21:21,13.68,--,100,136800,卖盘
678,14:21:18,13.68,--,31,42408,卖盘
679,14:21:15,13.68,-0.01,3,4104,卖盘
680,14:21:06,13.69,--,12,16428,买盘
681,14:21:00,13.69,0.01,1,1369,买盘
682,14:20:54,13.68,--,1,1368,买盘
683,14:20:51,13.68,-0.01,33,45144,中性盘
684,14:20:45,13.69,0.01,64,87616,买盘
685,14:20:42,13.68,--,38,51984,卖盘
686,14:20:39,13.68,--,133,181944,卖盘
687,14:20:36,13.68,-0.01,37,50616,卖盘
688,14:20:33,13.69,0.01,207,283383,买盘
689,14:20:27,13.68,-0.01,3,4104,卖盘
690,14:20:24,13.69,--,8,10952,买盘
691,14:20:21,13.69,--,58,79402,买盘
692,14:20:18,13.69,0.01,26,35594,买盘
693,14:20:12,13.68,--,13,17784,卖盘
694,14:20:09,13.68,-0.01,8,10944,卖盘
695,14:20:06,13.69,0.01,14,19166,买盘
696,14:20:03,13.68,--,17,23256,卖盘
697,14:20:00,13.68,-0.01,17,23256,卖盘
698,14:19:57,13.69,--,96,131424,买盘
699,14:19:54,13.69,0.01,118,161542,买盘
700,14:19:48,13.68,--,40,54720,买盘
701,14:19:45,13.68,-0.01,12,16416,卖盘
702,14:19:42,13.69,--,58,79402,买盘
703,14:19:39,13.69,0.01,43,58867,买盘
704,14:19:36,13.68,--,7,9576,卖盘
705,14:19:33,13.68,-0.01,45,61560,卖盘
706,14:19:30,13.69,--,28,38332,买盘
707,14:19:27,13.69,--,42,57498,买盘
708,14:19:24,13.69,--,9,12321,买盘
709,14:19:21,13.69,--,2,2738,买盘
710,14:19:18,13.69,--,47,64343,买盘
711,14:19:15,13.69,--,15,20535,买盘
712,14:19:12,13.69,--,8,10952,买盘
713,14:19:09,13.69,--,3,4107,买盘
714,14:19:06,13.69,--,10,13690,买盘
715,14:19:03,13.69,--,8,10952,买盘
716,14:19:00,13.69,--,2,2738,买盘
717,14:18:57,13.69,--,51,69819,买盘
718,14:18:54,13.69,0.02,12,16428,买盘
719,14:18:51,13.67,-0.02,17,23239,卖盘
720,14:18:48,13.69,--,46,62974,买盘
721,14:18:45,13.69,0.01,9,12321,买盘
722,14:18:42,13.68,-0.01,29,39672,卖盘
723,14:18:39,13.69,0.01,34,46546,买盘
724,14:18:36,13.68,0.01,124,169632,买盘
725,14:18:33,13.67,-0.01,1,1367,卖盘
726,14:18:30,13.68,--,35,47880,买盘
727,14:18:27,13.68,--,100,136800,买盘
728,14:18:21,13.68,0.01,52,71136,买盘
729,14:18:18,13.67,-0.01,35,47845,卖盘
730,14:18:15,13.68,--,39,53352,买盘
731,14:18:12,13.68,--,24,32832,买盘
732,14:18:09,13.68,--,1,1368,买盘
733,14:18:06,13.68,--,3,4104,买盘
734,14:18:00,13.68,0.01,5,6840,买盘
735,14:17:57,13.67,--,18,24606,卖盘
736,14:17:54,13.67,--,24,32808,卖盘
737,14:17:51,13.67,-0.01,30,41010,卖盘
738,14:17:48,13.68,--,30,41040,买盘
739,14:17:45,13.68,--,9,12312,买盘
740,14:17:42,13.68,--,41,56088,买盘
741,14:17:36,13.68,-0.01,49,67032,卖盘
742,14:17:33,13.69,0.01,25,34225,买盘
743,14:17:30,13.68,--,50,68400,卖盘
744,14:17:21,13.68,--,10,14500,买盘
745,14:17:18,13.68,--,7,9576,买盘
746,14:17:15,13.68,--,21,28728,买盘
747,14:17:12,13.68,--,8,10944,买盘
748,14:17:09,13.68,-0.01,157,215323,卖盘
749,14:17:06,13.69,0.01,113,154697,买盘
750,14:17:03,13.68,--,35,47880,卖盘
751,14:17:00,13.68,-0.01,4,5472,卖盘
752,14:16:57,13.69,0.01,17,23273,买盘
753,14:16:54,13.68,--,10,13680,卖盘
754,14:16:51,13.68,--,4,5472,卖盘
755,14:16:48,13.68,--,12,16416,卖盘
756,14:16:45,13.68,--,4,5472,卖盘
757,14:16:42,13.68,--,17,23256,卖盘
758,14:16:39,13.68,--,2,2736,卖盘
759,14:16:36,13.68,--,30,41040,卖盘
760,14:16:33,13.68,--,18,24624,卖盘
761,14:16:30,13.68,--,11,15048,卖盘
762,14:16:27,13.68,--,4,6292,买盘
763,14:16:21,13.68,--,102,140083,卖盘
764,14:16:18,13.68,-0.01,3,4104,卖盘
765,14:16:15,13.69,--,18,24642,买盘
766,14:16:12,13.69,--,28,38332,买盘
767,14:16:09,13.69,--,64,87971,卖盘
768,14:16:06,13.69,--,20,27380,卖盘
769,14:16:03,13.69,--,95,131068,买盘
770,14:16:00,13.69,0.01,6,8214,买盘
771,14:15:57,13.68,--,1003,1372104,卖盘
772,14:15:54,13.68,--,22,30096,卖盘
773,14:15:51,13.68,--,169,231192,卖盘
774,14:15:48,13.68,-0.01,66,90288,卖盘
775,14:15:45,13.69,0.01,14,19166,买盘
776,14:15:42,13.68,--,60,82080,卖盘
777,14:15:36,13.68,--,28,38304,卖盘
778,14:15:33,13.68,--,79,108072,卖盘
779,14:15:30,13.68,--,346,473328,卖盘
780,14:15:27,13.68,-0.01,7,9576,卖盘
781,14:15:24,13.69,--,50,68450,买盘
782,14:15:21,13.69,--,500,684500,买盘
783,14:15:18,13.69,--,80,109520,买盘
784,14:15:15,13.69,--,9,12321,买盘
785,14:15:12,13.69,0.01,3,4107,买盘
786,14:15:09,13.68,-0.01,6,8208,卖盘
787,14:15:06,13.69,--,40,54760,买盘
788,14:15:03,13.69,--,81,110889,买盘
789,14:15:00,13.69,0.01,200,273800,买盘
790,14:14:54,13.68,-0.01,5,6840,卖盘
791,14:14:51,13.69,--,5,6845,买盘
792,14:14:48,13.69,0.01,41,56129,买盘
793,14:14:45,13.68,--,13,17784,卖盘
794,14:14:42,13.68,--,2,2736,卖盘
795,14:14:36,13.68,-0.01,1,1368,卖盘
796,14:14:33,13.69,0.01,360,492840,买盘
797,14:14:30,13.68,-0.01,7,10123,卖盘
798,14:14:27,13.69,0.01,2,2738,买盘
799,14:14:15,13.68,-0.01,38,51984,卖盘
800,14:14:12,13.69,--,8,10952,买盘
801,14:14:09,13.69,--,142,194398,买盘
802,14:14:06,13.69,0.01,91,124579,买盘
803,14:14:00,13.68,--,17,23256,卖盘
804,14:13:57,13.68,-0.01,65,88920,卖盘
805,14:13:54,13.69,0.01,11,15059,买盘
806,14:13:51,13.68,-0.01,11,15048,卖盘
807,14:13:48,13.69,--,165,225885,买盘
808,14:13:45,13.69,--,5,6845,买盘
809,14:13:36,13.69,--,1,1369,买盘
810,14:13:33,13.69,--,60,82140,买盘
811,14:13:30,13.69,0.01,8,10952,买盘
812,14:13:27,13.68,-0.01,28,38304,卖盘
813,14:13:24,13.69,--,33,45177,买盘
814,14:13:21,13.69,--,3,4107,买盘
815,14:13:18,13.69,--,25,34225,买盘
816,14:13:15,13.69,--,40,54760,买盘
817,14:13:06,13.69,--,7,9583,买盘
818,14:13:03,13.69,--,27,36963,买盘
819,14:13:00,13.69,--,150,205350,买盘
820,14:12:54,13.69,-0.01,102,139993,卖盘
821,14:12:51,13.7,--,3,4110,买盘
822,14:12:45,13.7,0.01,21,28770,买盘
823,14:12:39,13.69,-0.01,68,93092,卖盘
824,14:12:36,13.7,0.01,270,369900,买盘
825,14:12:33,13.69,--,7,9583,卖盘
826,14:12:27,13.69,--,20,27380,卖盘
827,14:12:24,13.69,--,9,13334,卖盘
828,14:12:21,13.69,0.01,229,313501,买盘
829,14:12:18,13.68,--,1,1368,卖盘
830,14:12:15,13.68,-0.01,196,268128,卖盘
831,14:12:12,13.69,--,15,20535,买盘
832,14:12:09,13.69,--,17,23273,买盘
833,14:12:06,13.69,0.01,77,105413,买盘
834,14:12:03,13.68,-0.01,9,12312,卖盘
835,14:12:00,13.69,--,14,19166,买盘
836,14:11:57,13.69,0.01,1,1369,买盘
837,14:11:54,13.68,--,10,13680,卖盘
838,14:11:51,13.68,--,132,180576,卖盘
839,14:11:48,13.68,--,300,410400,卖盘
840,14:11:45,13.68,-0.01,19,27086,卖盘
841,14:11:42,13.69,--,404,553623,买盘
842,14:11:36,13.69,0.01,61,83509,买盘
843,14:11:33,13.68,-0.01,33,45144,卖盘
844,14:11:30,13.69,--,2,2738,买盘
845,14:11:27,13.69,0.01,5,6845,买盘
846,14:11:24,13.68,--,5,6840,卖盘
847,14:11:18,13.68,-0.01,98,134064,卖盘
848,14:11:15,13.69,0.01,72,98568,买盘
849,14:11:09,13.68,--,4,5472,卖盘
850,14:11:06,13.68,--,22,30096,卖盘
851,14:11:03,13.68,--,20,27360,卖盘
852,14:11:00,13.68,--,106,145008,卖盘
853,14:10:57,13.68,--,10,13680,卖盘
854,14:10:54,13.68,--,5,6840,卖盘
855,14:10:51,13.68,-0.01,90,123120,卖盘
856,14:10:48,13.69,--,64,87616,买盘
857,14:10:42,13.69,--,14,19166,买盘
858,14:10:39,13.69,--,1,1369,买盘
859,14:10:36,13.69,0.01,88,120472,中性盘
860,14:10:30,13.68,-0.01,17,23256,卖盘
861,14:10:27,13.69,-0.01,90,123210,买盘
862,14:10:24,13.7,--,34,46854,买盘
863,14:10:21,13.7,0.02,151,207966,买盘
864,14:10:12,13.68,-0.01,10,13680,卖盘
865,14:10:09,13.69,-0.01,39,53391,卖盘
866,14:10:06,13.7,0.01,1,1370,买盘
867,14:10:03,13.69,--,5,6845,卖盘
868,14:09:57,13.69,-0.01,102,139638,卖盘
869,14:09:51,13.7,--,57,78912,卖盘
870,14:09:48,13.7,--,242,332088,买盘
871,14:09:45,13.7,0.01,22,30140,买盘
872,14:09:42,13.69,0.01,4,5476,卖盘
873,14:09:39,13.68,-0.02,5,6840,卖盘
874,14:09:36,13.7,0.01,69,94530,买盘
875,14:09:33,13.69,0.01,201,275169,中性盘
876,14:09:27,13.68,-0.01,42,57456,卖盘
877,14:09:24,13.69,-0.01,52,71188,中性盘
878,14:09:21,13.7,--,26,35620,买盘
879,14:09:18,13.7,0.02,44,60280,买盘
880,14:09:15,13.68,-0.01,14,19152,卖盘
881,14:09:12,13.69,--,17,23273,买盘
882,14:09:09,13.69,--,338,462722,卖盘
883,14:09:06,13.69,-0.01,52,71188,卖盘
884,14:09:03,13.7,0.01,197,269890,买盘
885,14:09:00,13.69,--,59,80771,卖盘
886,14:08:57,13.69,--,6,8214,卖盘
887,14:08:54,13.69,--,6,8214,卖盘
888,14:08:51,13.69,-0.01,123,168387,卖盘
889,14:08:48,13.7,--,111,152070,买盘
890,14:08:45,13.7,0.01,51,69870,买盘
891,14:08:42,13.69,--,6,8214,卖盘
892,14:08:39,13.69,-0.01,7,9583,卖盘
893,14:08:36,13.7,0.01,16,21920,买盘
894,14:08:33,13.69,--,15,20535,卖盘
895,14:08:30,13.69,-0.01,87,119103,卖盘
896,14:08:27,13.7,0.01,64,87680,买盘
897,14:08:21,13.69,--,4,5476,卖盘
898,14:08:18,13.69,-0.01,44,60236,卖盘
899,14:08:06,13.7,--,20,27400,买盘
900,14:08:03,13.7,--,5,6850,买盘
901,14:08:00,13.7,--,2,2740,买盘
902,14:07:54,13.7,--,1,1370,买盘
903,14:07:51,13.7,-0.01,26,35620,买盘
904,14:07:48,13.71,0.01,90,123390,买盘
905,14:07:45,13.7,0.01,62,84940,买盘
906,14:07:42,13.69,-0.01,4,5476,卖盘
907,14:07:36,13.7,--,4,5480,买盘
908,14:07:30,13.7,--,86,118916,卖盘
909,14:07:27,13.7,--,35,47950,卖盘
910,14:07:24,13.7,-0.01,156,213720,卖盘
911,14:07:15,13.71,--,15,20565,买盘
912,14:07:12,13.71,--,67,91857,买盘
913,14:07:09,13.71,--,41,56841,卖盘
914,14:07:06,13.71,-0.01,39,53469,卖盘
915,14:07:03,13.72,0.01,5,6860,买盘
916,14:06:54,13.71,0.01,138,189938,买盘
917,14:06:51,13.7,--,1,1370,卖盘
918,14:06:48,13.7,-0.01,45,61650,卖盘
919,14:06:45,13.71,0.01,81,111051,买盘
920,14:06:42,13.7,--,10,13700,卖盘
921,14:06:39,13.7,-0.01,22,30140,卖盘
922,14:06:36,13.71,--,63,86373,买盘
923,14:06:33,13.71,--,22,30162,买盘
924,14:06:30,13.71,--,20,27420,买盘
925,14:06:27,13.71,--,5,6855,买盘
926,14:06:24,13.71,--,37,50727,买盘
927,14:06:18,13.71,0.01,46,63066,买盘
928,14:06:15,13.7,--,22,30140,卖盘
929,14:06:12,13.7,-0.01,10,13700,卖盘
930,14:06:09,13.71,--,23,31533,买盘
931,14:06:06,13.71,--,11,15081,买盘
932,14:06:03,13.71,0.01,41,56211,买盘
933,14:06:00,13.7,--,173,237010,卖盘
934,14:05:57,13.7,--,66,90420,卖盘
935,14:05:54,13.7,-0.01,1,1370,卖盘
936,14:05:51,13.71,0.01,385,527835,买盘
937,14:05:48,13.7,--,34,46580,卖盘
938,14:05:45,13.7,-0.01,19,26030,卖盘
939,14:05:42,13.71,0.01,14,19194,买盘
940,14:05:39,13.7,-0.01,153,209610,卖盘
941,14:05:36,13.71,0.01,115,157665,买盘
942,14:05:33,13.7,--,86,117820,卖盘
943,14:05:30,13.7,-0.01,24,32880,卖盘
944,14:05:27,13.71,--,15,20565,买盘
945,14:05:24,13.71,--,57,78147,买盘
946,14:05:21,13.71,--,53,72663,买盘
947,14:05:18,13.71,0.01,12,16452,买盘
948,14:05:15,13.7,--,239,327704,买盘
949,14:05:12,13.7,--,1,1370,买盘
950,14:05:09,13.7,--,229,313730,买盘
951,14:05:06,13.7,0.01,5,6850,买盘
952,14:05:03,13.69,-0.01,50,68450,卖盘
953,14:05:00,13.7,--,13,17810,买盘
954,14:04:54,13.7,--,282,386340,买盘
955,14:04:51,13.7,--,4,5480,买盘
956,14:04:45,13.7,--,42,57540,买盘
957,14:04:39,13.7,--,150,205500,买盘
958,14:04:36,13.7,--,101,138370,买盘
959,14:04:33,13.7,--,20,27400,买盘
960,14:04:27,13.7,--,54,73980,买盘
961,14:04:24,13.7,--,38,52060,买盘
962,14:04:21,13.7,--,47,64390,买盘
963,14:04:15,13.7,0.01,73,100010,买盘
964,14:04:12,13.69,-0.01,2,2738,卖盘
965,14:04:09,13.7,--,2,2740,买盘
966,14:04:06,13.7,--,1,1370,买盘
967,14:04:03,13.7,0.01,2,2740,买盘
968,14:04:00,13.69,-0.01,10,13690,卖盘
969,14:03:57,13.7,0.01,7,9590,买盘
970,14:03:51,13.69,--,10,13690,卖盘
971,14:03:48,13.69,--,88,120472,卖盘
972,14:03:45,13.69,-0.01,135,184815,卖盘
973,14:03:42,13.7,0.01,6,8220,买盘
974,14:03:39,13.69,--,24,32856,卖盘
975,14:03:36,13.69,--,4,5476,卖盘
976,14:03:33,13.69,-0.01,7,9583,卖盘
977,14:03:30,13.7,0.01,108,147960,买盘
978,14:03:27,13.69,--,180,246420,卖盘
979,14:03:21,13.69,-0.01,45,61605,卖盘
980,14:03:18,13.7,--,404,553480,买盘
981,14:03:09,13.7,0.01,62,84940,买盘
982,14:03:06,13.69,-0.01,63,86247,卖盘
983,14:03:03,13.7,--,3,4110,买盘
984,14:03:00,13.7,--,1,1370,买盘
985,14:02:57,13.7,--,250,343596,卖盘
986,14:02:54,13.7,-0.01,52,71240,卖盘
987,14:02:51,13.71,0.01,143,196053,买盘
988,14:02:48,13.7,--,120,164400,卖盘
989,14:02:42,13.7,--,119,163030,卖盘
990,14:02:39,13.7,--,9,12330,卖盘
991,14:02:36,13.7,-0.01,25,34250,卖盘
992,14:02:30,13.71,--,20,27420,买盘
993,14:02:27,13.71,0.01,145,198795,买盘
994,14:02:24,13.7,--,10,13700,卖盘
995,14:02:18,13.7,--,79,108504,买盘
996,14:02:15,13.7,--,183,250710,买盘
997,14:02:12,13.7,0.01,103,141110,买盘
998,14:02:09,13.69,-0.01,8,10952,卖盘
999,14:02:06,13.7,--,80,109600,买盘
1000,14:02:03,13.7,--,42,57540,买盘
1001,14:02:00,13.7,--,60,82200,买盘
1002,14:01:57,13.7,--,15,20550,买盘
1003,14:01:48,13.7,0.01,33,45210,买盘
1004,14:01:45,13.69,-0.01,5,6845,卖盘
1005,14:01:42,13.7,--,4,5480,买盘
1006,14:01:39,13.7,-0.01,287,394286,卖盘
1007,14:01:36,13.71,0.01,48,65808,买盘
1008,14:01:30,13.7,--,144,197280,卖盘
1009,14:01:27,13.7,--,2,2740,卖盘
1010,14:01:24,13.7,--,35,47950,卖盘
1011,14:01:21,13.7,--,3,4110,卖盘
1012,14:01:18,13.7,--,36,49320,卖盘
1013,14:01:15,13.7,--,38,52060,卖盘
1014,14:01:12,13.7,--,235,321950,卖盘
1015,14:01:09,13.7,0.01,1370,1877174,买盘
1016,14:01:06,13.69,--,540,739260,卖盘
1017,14:01:03,13.69,-0.01,33,45177,卖盘
1018,14:01:00,13.7,--,152,208240,买盘
1019,14:00:57,13.7,--,1,1370,买盘
1020,14:00:54,13.7,0.01,1,1370,买盘
1021,14:00:48,13.69,--,4,5476,卖盘
1022,14:00:45,13.69,--,36,49284,卖盘
1023,14:00:42,13.69,0.03,1088,1489472,买盘
1024,14:00:39,13.66,-0.01,4,5464,卖盘
1025,14:00:36,13.67,0.01,8,10936,买盘
1026,14:00:33,13.66,-0.01,20,27320,卖盘
1027,14:00:30,13.67,0.01,323,441541,买盘
1028,14:00:27,13.66,-0.01,67,91522,卖盘
1029,14:00:24,13.67,--,50,68350,买盘
1030,14:00:21,13.67,--,10,13670,买盘
1031,14:00:18,13.67,--,247,337649,买盘
1032,14:00:15,13.67,--,127,173609,买盘
1033,14:00:09,13.67,--,4,5468,买盘
1034,14:00:06,13.67,--,1,1367,买盘
1035,14:00:03,13.67,--,10,13670,买盘
1036,14:00:00,13.67,--,1,1367,买盘
1037,13:59:57,13.67,--,50,68350,买盘
1038,13:59:54,13.67,--,28,38276,买盘
1039,13:59:51,13.67,--,62,84754,买盘
1040,13:59:45,13.67,--,50,68350,买盘
1041,13:59:42,13.67,--,1,1367,买盘
1042,13:59:39,13.67,--,91,124397,买盘
1043,13:59:36,13.67,--,74,101158,买盘
1044,13:59:33,13.67,--,211,288437,买盘
1045,13:59:30,13.67,--,5,6835,买盘
1046,13:59:27,13.67,--,50,68350,卖盘
1047,13:59:24,13.67,--,15,20505,买盘
1048,13:59:21,13.67,--,104,142168,买盘
1049,13:59:18,13.67,0.01,6,8202,买盘
1050,13:59:15,13.66,-0.01,90,122940,卖盘
1051,13:59:12,13.67,0.01,41,56047,买盘
1052,13:59:09,13.66,-0.01,2,2732,卖盘
1053,13:59:06,13.67,--,25,34175,买盘
1054,13:59:03,13.67,--,15,20505,买盘
1055,13:59:00,13.67,0.01,93,127131,买盘
1056,13:58:57,13.66,-0.01,66,90156,卖盘
1057,13:58:54,13.67,0.01,51,69717,买盘
1058,13:58:51,13.66,-0.01,13,17758,卖盘
1059,13:58:48,13.67,--,187,255629,买盘
1060,13:58:45,13.67,--,105,143535,买盘
1061,13:58:42,13.67,0.01,30,41010,买盘
1062,13:58:39,13.66,--,27,36882,卖盘
1063,13:58:36,13.66,-0.01,122,166652,卖盘
1064,13:58:33,13.67,--,101,138067,买盘
1065,13:58:30,13.67,--,67,91589,买盘
1066,13:58:27,13.67,0.01,104,142168,买盘
1067,13:58:24,13.66,--,98,133868,卖盘
1068,13:58:21,13.66,-0.01,120,163920,卖盘
1069,13:58:18,13.67,--,3,4101,买盘
1070,13:58:15,13.67,--,181,247427,卖盘
1071,13:58:12,13.67,-0.01,10,13670,卖盘
1072,13:58:09,13.68,0.01,14,19152,买盘
1073,13:58:06,13.67,--,2,2734,买盘
1074,13:58:03,13.67,--,4,5468,买盘
1075,13:58:00,13.67,--,104,142168,买盘
1076,13:57:54,13.67,--,2,2734,买盘
1077,13:57:51,13.67,--,28,38276,买盘
1078,13:57:48,13.67,--,1,1367,买盘
1079,13:57:42,13.67,--,23,31441,买盘
1080,13:57:39,13.67,--,37,50579,买盘
1081,13:57:36,13.67,--,138,188646,卖盘
1082,13:57:33,13.67,--,5,6835,卖盘
1083,13:57:30,13.67,--,20,27340,卖盘
1084,13:57:27,13.67,0.01,36,49212,买盘
1085,13:57:18,13.66,-0.01,42,57372,卖盘
1086,13:57:15,13.67,--,2,2734,卖盘
1087,13:57:12,13.67,-0.01,93,127131,卖盘
1088,13:57:09,13.68,--,37,50616,买盘
1089,13:57:06,13.68,0.01,1,1368,买盘
1090,13:57:03,13.67,--,89,121663,卖盘
1091,13:57:00,13.67,0.01,6,8202,买盘
1092,13:56:57,13.66,-0.01,26,35516,卖盘
1093,13:56:54,13.67,--,2,2734,买盘
1094,13:56:51,13.67,-0.01,19,25973,卖盘
1095,13:56:48,13.68,--,31,42408,买盘
1096,13:56:45,13.68,0.01,66,90288,买盘
1097,13:56:42,13.67,-0.01,53,72451,卖盘
1098,13:56:39,13.68,--,37,50616,买盘
1099,13:56:33,13.68,0.01,9,12312,买盘
1100,13:56:30,13.67,-0.01,2,2734,卖盘
1101,13:56:27,13.68,--,38,51984,卖盘
1102,13:56:24,13.68,--,20,27360,卖盘
1103,13:56:21,13.68,--,10,13680,卖盘
1104,13:56:18,13.68,0.01,31,42408,买盘
1105,13:56:15,13.67,-0.01,14,19138,卖盘
1106,13:56:12,13.68,--,59,80712,买盘
1107,13:56:09,13.68,--,45,61560,买盘
1108,13:56:06,13.68,--,2,2736,买盘
1109,13:56:03,13.68,--,2,2736,买盘
1110,13:56:00,13.68,0.01,500,684000,买盘
1111,13:55:54,13.67,--,30,41010,卖盘
1112,13:55:48,13.67,--,16,21872,卖盘
1113,13:55:45,13.67,--,44,60148,卖盘
1114,13:55:39,13.67,--,32,43744,买盘
1115,13:55:36,13.67,0.01,11,15037,买盘
1116,13:55:33,13.66,--,57,77862,卖盘
1117,13:55:30,13.66,-0.01,11,15026,卖盘
1118,13:55:27,13.67,--,1,1367,买盘
1119,13:55:24,13.67,--,39,53313,买盘
1120,13:55:21,13.67,--,12,16404,卖盘
1121,13:55:18,13.67,--,429,586443,卖盘
1122,13:55:15,13.67,--,17,23239,卖盘
1123,13:55:12,13.67,--,7,9569,卖盘
1124,13:55:09,13.67,--,5,6835,卖盘
1125,13:55:06,13.67,-0.01,11,15037,卖盘
1126,13:55:03,13.68,0.01,4,5472,买盘
1127,13:55:00,13.67,-0.01,7,9569,卖盘
1128,13:54:57,13.68,--,42,57456,买盘
1129,13:54:51,13.68,-0.01,563,770184,卖盘
1130,13:54:42,13.69,0.01,3,4107,中性盘
1131,13:54:39,13.68,-0.01,188,257184,卖盘
1132,13:54:36,13.69,--,324,443556,卖盘
1133,13:54:33,13.69,--,105,143745,买盘
1134,13:54:30,13.69,--,3,4107,买盘
1135,13:54:27,13.69,--,1,1369,买盘
1136,13:54:24,13.69,--,43,58867,卖盘
1137,13:54:21,13.69,0.01,20,27380,中性盘
1138,13:54:18,13.68,-0.01,310,424080,卖盘
1139,13:54:15,13.69,--,16,21904,卖盘
1140,13:54:12,13.69,--,15,20535,卖盘
1141,13:54:06,13.69,--,76,104044,卖盘
1142,13:54:03,13.69,-0.01,6,8214,卖盘
1143,13:54:00,13.7,0.01,43,58910,买盘
1144,13:53:57,13.69,--,135,184815,卖盘
1145,13:53:54,13.69,--,49,67081,卖盘
1146,13:53:48,13.69,--,210,287490,卖盘
1147,13:53:42,13.69,--,5,6845,卖盘
1148,13:53:39,13.69,--,2,2738,卖盘
1149,13:53:33,13.69,--,21,28749,卖盘
1150,13:53:30,13.69,-0.01,39,53391,卖盘
1151,13:53:27,13.7,--,6,8220,买盘
1152,13:53:21,13.7,--,2,2740,买盘
1153,13:53:18,13.7,--,10,13700,买盘
1154,13:53:15,13.7,--,11,16166,卖盘
1155,13:53:12,13.7,--,193,264410,卖盘
1156,13:53:09,13.7,--,59,80830,卖盘
1157,13:53:06,13.7,-0.01,278,380860,卖盘
1158,13:53:03,13.71,0.01,37,50727,买盘
1159,13:53:00,13.7,--,101,138370,卖盘
1160,13:52:57,13.7,--,24,32880,卖盘
1161,13:52:54,13.7,--,63,86310,卖盘
1162,13:52:51,13.7,--,111,152070,卖盘
1163,13:52:48,13.7,--,150,205500,卖盘
1164,13:52:39,13.7,--,28,38360,卖盘
1165,13:52:33,13.7,--,5,6850,卖盘
1166,13:52:30,13.7,-0.01,22,30140,卖盘
1167,13:52:27,13.71,0.01,1044,1431324,买盘
1168,13:52:24,13.7,-0.01,27,36990,卖盘
1169,13:52:21,13.71,--,30,41760,卖盘
1170,13:52:18,13.71,--,13,17823,卖盘
1171,13:52:15,13.71,--,10,14450,买盘
1172,13:52:09,13.71,--,171,234441,买盘
1173,13:52:06,13.71,--,49,67179,买盘
1174,13:52:03,13.71,--,47,64437,买盘
1175,13:52:00,13.71,--,1,1371,买盘
1176,13:51:57,13.71,0.01,36,49356,买盘
1177,13:51:51,13.7,--,4,5480,卖盘
1178,13:51:48,13.7,-0.01,30,41100,卖盘
1179,13:51:39,13.71,--,53,72663,买盘
1180,13:51:30,13.71,--,260,357090,卖盘
1181,13:51:24,13.71,--,94,128874,卖盘
1182,13:51:21,13.71,--,1,1371,卖盘
1183,13:51:18,13.71,--,18,24678,卖盘
1184,13:51:15,13.71,-0.01,11,15081,卖盘
1185,13:51:12,13.72,--,1,1372,买盘
1186,13:51:09,13.72,--,58,79576,买盘
1187,13:51:06,13.72,--,44,60368,买盘
1188,13:51:03,13.72,--,1,1372,买盘
1189,13:51:00,13.72,--,51,69972,卖盘
1190,13:50:57,13.72,--,15,20580,卖盘
1191,13:50:54,13.72,--,3,4116,卖盘
1192,13:50:51,13.72,--,19,26068,卖盘
1193,13:50:48,13.72,--,81,111132,卖盘
1194,13:50:45,13.72,-0.01,41,56252,卖盘
1195,13:50:42,13.73,0.01,10,13730,买盘
1196,13:50:39,13.72,--,58,79576,卖盘
1197,13:50:36,13.72,--,38,52136,卖盘
1198,13:50:33,13.72,--,92,126224,卖盘
1199,13:50:30,13.72,--,30,41160,卖盘
1200,13:50:27,13.72,--,1,1372,卖盘
1201,13:50:24,13.72,--,7,9604,卖盘
1202,13:50:21,13.72,--,69,94668,买盘
1203,13:50:18,13.72,-0.01,78,107016,卖盘
1204,13:50:15,13.73,0.01,35,48055,买盘
1205,13:50:12,13.72,--,28,39156,买盘
1206,13:50:09,13.72,--,68,93296,买盘
1207,13:50:06,13.72,0.01,1,1372,买盘
1208,13:50:03,13.71,-0.01,13,17823,卖盘
1209,13:50:00,13.72,--,39,53508,买盘
1210,13:49:57,13.72,0.01,147,201684,买盘
1211,13:49:54,13.71,--,20,27420,卖盘
1212,13:49:51,13.71,-0.01,22,30162,卖盘
1213,13:49:48,13.72,0.01,806,1105832,买盘
1214,13:49:45,13.71,--,13,17823,卖盘
1215,13:49:39,13.71,--,2,2742,卖盘
1216,13:49:36,13.71,--,30,41130,卖盘
1217,13:49:33,13.71,--,321,440091,买盘
1218,13:49:30,13.71,0.01,10,13710,买盘
1219,13:49:27,13.7,-0.01,1,1370,卖盘
1220,13:49:24,13.71,0.01,27,37017,买盘
1221,13:49:21,13.7,--,3,4110,卖盘
1222,13:49:18,13.7,--,9,12330,卖盘
1223,13:49:15,13.7,-0.01,114,156180,卖盘
1224,13:49:12,13.71,0.01,2,2742,买盘
1225,13:49:09,13.7,-0.01,58,79460,卖盘
1226,13:49:06,13.71,--,2,2742,买盘
1227,13:49:03,13.71,--,1,1371,买盘
1228,13:49:00,13.71,0.01,109,149439,买盘
1229,13:48:57,13.7,--,10,13974,卖盘
1230,13:48:54,13.7,--,1,1370,卖盘
1231,13:48:51,13.7,--,78,106860,卖盘
1232,13:48:48,13.7,-0.01,10,13700,卖盘
1233,13:48:39,13.71,--,58,79518,买盘
1234,13:48:36,13.71,--,6,8226,买盘
1235,13:48:33,13.71,--,38,52098,买盘
1236,13:48:30,13.71,-0.01,807,1106397,卖盘
1237,13:48:24,13.72,--,238,326536,买盘
1238,13:48:21,13.72,0.01,500,686000,买盘
1239,13:48:18,13.71,--,22,30162,卖盘
1240,13:48:15,13.71,--,1,1371,卖盘
1241,13:48:12,13.71,-0.01,290,397590,卖盘
1242,13:48:09,13.72,--,106,145432,买盘
1243,13:48:06,13.72,--,3,4116,买盘
1244,13:48:00,13.72,0.01,5,6860,买盘
1245,13:47:57,13.71,--,162,222102,卖盘
1246,13:47:54,13.71,--,15,20565,卖盘
1247,13:47:48,13.71,-0.01,10,13710,卖盘
1248,13:47:45,13.72,0.01,132,181104,买盘
1249,13:47:42,13.71,-0.01,95,130245,卖盘
1250,13:47:39,13.72,--,68,93296,买盘
1251,13:47:36,13.72,--,22,30184,买盘
1252,13:47:33,13.72,--,185,253820,买盘
1253,13:47:30,13.72,--,42,57624,买盘
1254,13:47:27,13.72,-0.01,845,1159971,卖盘
1255,13:47:24,13.73,0.01,3,4119,买盘
1256,13:47:21,13.72,--,11,15092,卖盘
1257,13:47:18,13.72,-0.01,20,27440,卖盘
1258,13:47:15,13.73,--,107,146911,买盘
1259,13:47:12,13.73,--,1,1373,买盘
1260,13:47:09,13.73,0.01,10,13730,买盘
1261,13:47:06,13.72,-0.01,13,17836,卖盘
1262,13:47:00,13.73,0.01,1,1373,买盘
1263,13:46:57,13.72,--,3,4116,卖盘
1264,13:46:54,13.72,--,58,79576,卖盘
1265,13:46:51,13.72,--,13,17836,卖盘
1266,13:46:48,13.72,--,72,98784,卖盘
1267,13:46:45,13.72,--,22,30184,卖盘
1268,13:46:42,13.72,--,25,34300,卖盘
1269,13:46:39,13.72,--,42,58364,买盘
1270,13:46:36,13.72,--,34,46648,买盘
1271,13:46:33,13.72,--,4,5488,买盘
1272,13:46:30,13.72,--,75,103531,卖盘
1273,13:46:27,13.72,--,6,8232,卖盘
1274,13:46:24,13.72,-0.01,45,61740,卖盘
1275,13:46:21,13.73,--,2,2746,买盘
1276,13:46:18,13.73,0.02,1026,1409439,买盘
1277,13:46:12,13.71,--,113,154923,买盘
1278,13:46:09,13.71,--,13,17823,买盘
1279,13:46:06,13.71,-0.01,1514,2076324,卖盘
1280,13:46:03,13.72,0.01,207,284004,买盘
1281,13:46:00,13.71,-0.01,122,167262,卖盘
1282,13:45:54,13.72,0.01,81,111872,买盘
1283,13:45:51,13.71,-0.01,2,2742,卖盘
1284,13:45:48,13.72,--,31,42532,买盘
1285,13:45:45,13.72,--,2,2744,买盘
1286,13:45:42,13.72,--,38,52136,买盘
1287,13:45:39,13.72,--,61,83692,买盘
1288,13:45:36,13.72,--,502,688744,卖盘
1289,13:45:33,13.72,--,8,10976,卖盘
1290,13:45:30,13.72,-0.01,30,41160,卖盘
1291,13:45:27,13.73,0.01,2,2746,买盘
1292,13:45:24,13.72,-0.01,234,321048,卖盘
1293,13:45:21,13.73,--,1,1373,买盘
1294,13:45:18,13.73,0.01,51,70023,买盘
1295,13:45:15,13.72,-0.01,112,153664,卖盘
1296,13:45:09,13.73,0.01,2,2746,买盘
1297,13:45:06,13.72,-0.01,2,2744,卖盘
1298,13:45:03,13.73,--,1,1373,买盘
1299,13:45:00,13.73,--,17,23341,买盘
1300,13:44:57,13.73,0.01,2,2746,买盘
1301,13:44:54,13.72,--,12,16464,卖盘
1302,13:44:48,13.72,-0.01,10,13720,卖盘
1303,13:44:45,13.73,0.01,18,24714,买盘
1304,13:44:42,13.72,-0.01,209,286748,卖盘
1305,13:44:33,13.73,0.01,53,72769,买盘
1306,13:44:30,13.72,--,10,13720,卖盘
1307,13:44:27,13.72,-0.01,53,72716,卖盘
1308,13:44:24,13.73,--,35,48055,买盘
1309,13:44:21,13.73,--,38,52174,买盘
1310,13:44:18,13.73,--,69,94737,买盘
1311,13:44:15,13.73,--,54,74142,买盘
1312,13:44:12,13.73,0.01,20,27460,买盘
1313,13:44:09,13.72,-0.01,19,26068,卖盘
1314,13:44:06,13.73,0.01,1,1373,买盘
1315,13:44:03,13.72,-0.01,3,4116,卖盘
1316,13:44:00,13.73,0.01,1,1373,买盘
1317,13:43:51,13.72,-0.01,3,4116,卖盘
1318,13:43:48,13.73,-0.01,226,310298,卖盘
1319,13:43:45,13.74,0.01,43,59082,买盘
1320,13:43:42,13.73,--,121,166133,卖盘
1321,13:43:39,13.73,--,20,27460,卖盘
1322,13:43:36,13.73,-0.01,10,13730,卖盘
1323,13:43:30,13.74,0.01,13,17862,买盘
1324,13:43:27,13.73,--,3,4119,卖盘
1325,13:43:24,13.73,--,3,4119,卖盘
1326,13:43:21,13.73,-0.01,46,63158,卖盘
1327,13:43:18,13.74,--,108,148392,买盘
1328,13:43:15,13.74,--,106,145644,买盘
1329,13:43:12,13.74,--,167,229458,买盘
1330,13:43:09,13.74,--,8,10992,买盘
1331,13:43:06,13.74,--,79,108546,买盘
1332,13:43:03,13.74,--,166,228084,买盘
1333,13:43:00,13.74,0.01,49,67326,买盘
1334,13:42:57,13.73,--,54,74142,卖盘
1335,13:42:54,13.73,--,30,41190,卖盘
1336,13:42:51,13.73,--,2,2746,卖盘
1337,13:42:48,13.73,0.01,36,49428,中性盘
1338,13:42:45,13.72,-0.01,282,386904,卖盘
1339,13:42:42,13.73,--,31,42563,买盘
1340,13:42:39,13.73,0.01,1,1373,买盘
1341,13:42:36,13.72,-0.01,5,6860,卖盘
1342,13:42:33,13.73,0.01,44,60412,买盘
1343,13:42:24,13.72,--,502,688744,买盘
1344,13:42:21,13.72,--,39,53508,买盘
1345,13:42:18,13.72,--,25,34300,买盘
1346,13:42:15,13.72,0.01,116,159152,买盘
1347,13:42:12,13.71,-0.01,146,200166,卖盘
1348,13:42:09,13.72,--,9,12348,买盘
1349,13:42:06,13.72,0.01,84,115248,买盘
1350,13:42:03,13.71,-0.01,46,63066,卖盘
1351,13:42:00,13.72,0.01,1,1372,买盘
1352,13:41:57,13.71,--,36,49356,卖盘
1353,13:41:54,13.71,0.01,214,293394,买盘
1354,13:41:51,13.7,-0.01,38,52060,卖盘
1355,13:41:48,13.71,0.01,316,433236,买盘
1356,13:41:45,13.7,--,20,27400,卖盘
1357,13:41:42,13.7,--,10,13700,卖盘
1358,13:41:39,13.7,--,834,1142580,买盘
1359,13:41:36,13.7,--,3,4110,买盘
1360,13:41:33,13.7,--,17,23290,买盘
1361,13:41:30,13.7,--,34,46580,买盘
1362,13:41:27,13.7,--,40,54800,买盘
1363,13:41:24,13.7,--,36,49320,买盘
1364,13:41:21,13.7,0.01,31,42470,买盘
1365,13:41:15,13.69,-0.01,47,64343,卖盘
1366,13:41:12,13.7,--,3,4110,买盘
1367,13:41:09,13.7,--,1,1370,买盘
1368,13:41:03,13.7,--,8,10960,买盘
1369,13:41:00,13.7,0.01,1,1370,买盘
1370,13:40:54,13.69,-0.01,147,201243,卖盘
1371,13:40:51,13.7,0.01,120,164400,买盘
1372,13:40:48,13.69,--,22,30118,卖盘
1373,13:40:45,13.69,-0.01,25,34225,卖盘
1374,13:40:42,13.7,--,9,12330,买盘
1375,13:40:39,13.7,0.01,50,68500,买盘
1376,13:40:36,13.69,-0.01,162,221778,卖盘
1377,13:40:33,13.7,0.01,4,5480,买盘
1378,13:40:30,13.69,-0.01,34,46546,卖盘
1379,13:40:27,13.7,0.01,5,6850,买盘
1380,13:40:24,13.69,--,10,13690,卖盘
1381,13:40:21,13.69,-0.01,254,347726,卖盘
1382,13:40:18,13.7,0.01,12,16440,买盘
1383,13:40:15,13.69,--,16,21904,卖盘
1384,13:40:12,13.69,--,2,2738,买盘
1385,13:40:09,13.69,--,132,180708,买盘
1386,13:40:06,13.69,--,72,98568,买盘
1387,13:40:03,13.69,--,10,13690,买盘
1388,13:40:00,13.69,--,1,1369,买盘
1389,13:39:57,13.69,--,14,19166,卖盘
1390,13:39:54,13.69,-0.01,5,6845,卖盘
1391,13:39:51,13.7,--,20,27400,买盘
1392,13:39:48,13.7,0.01,52,71240,买盘
1393,13:39:42,13.69,0.01,36,49284,中性盘
1394,13:39:36,13.68,-0.01,75,102600,卖盘
1395,13:39:33,13.69,--,10,13690,买盘
1396,13:39:30,13.69,--,8,10952,买盘
1397,13:39:27,13.69,0.01,5,6845,买盘
1398,13:39:24,13.68,-0.01,86,117648,卖盘
1399,13:39:21,13.69,0.01,16,21904,买盘
1400,13:39:15,13.68,--,213,291384,买盘
1401,13:39:03,13.68,-0.01,193,264024,卖盘
1402,13:39:00,13.69,--,6,8214,买盘
1403,13:38:48,13.69,--,55,75295,买盘
1404,13:38:45,13.69,0.01,10,13690,买盘
1405,13:38:42,13.68,-0.01,123,168264,卖盘
1406,13:38:39,13.69,--,50,68450,买盘
1407,13:38:36,13.69,--,82,112258,买盘
1408,13:38:27,13.69,0.01,9,12321,买盘
1409,13:38:24,13.68,-0.01,37,50616,卖盘
1410,13:38:21,13.69,0.01,1,1369,买盘
1411,13:38:18,13.68,--,2,2736,卖盘
1412,13:38:15,13.68,-0.01,324,443232,卖盘
1413,13:38:12,13.69,--,79,108151,买盘
1414,13:38:09,13.69,0.01,2,2738,买盘
1415,13:38:06,13.68,--,18,24624,卖盘
1416,13:38:03,13.68,-0.01,5,6840,卖盘
1417,13:38:00,13.69,--,2,2738,买盘
1418,13:37:57,13.69,--,39,53391,买盘
1419,13:37:51,13.69,0.01,2,2738,买盘
1420,13:37:45,13.68,--,20,27360,卖盘
1421,13:37:42,13.68,-0.01,200,273600,卖盘
1422,13:37:39,13.69,--,5,6845,卖盘
1423,13:37:36,13.69,--,165,225885,买盘
1424,13:37:33,13.69,--,8,10952,买盘
1425,13:37:30,13.69,--,17,23273,买盘
1426,13:37:27,13.69,--,18,24642,卖盘
1427,13:37:24,13.69,--,21,28749,买盘
1428,13:37:21,13.69,-0.01,59,80771,卖盘
1429,13:37:18,13.7,0.01,81,110970,买盘
1430,13:37:15,13.69,--,51,69819,卖盘
1431,13:37:12,13.69,--,15,20535,卖盘
1432,13:37:09,13.69,--,11,15059,卖盘
1433,13:37:03,13.69,-0.01,63,86247,卖盘
1434,13:37:00,13.7,0.01,86,117820,买盘
1435,13:36:54,13.69,--,6,8214,卖盘
1436,13:36:48,13.69,--,10,13690,卖盘
1437,13:36:45,13.69,--,62,84878,卖盘
1438,13:36:30,13.69,--,23,31487,卖盘
1439,13:36:27,13.69,-0.01,10,13690,卖盘
1440,13:36:24,13.7,--,36,49320,买盘
1441,13:36:21,13.7,--,146,200020,买盘
1442,13:36:18,13.7,0.01,1,1370,买盘
1443,13:36:15,13.69,-0.01,184,251896,卖盘
1444,13:36:12,13.7,0.01,35,47950,买盘
1445,13:36:09,13.69,--,221,302549,卖盘
1446,13:36:06,13.69,--,5,6845,卖盘
1447,13:36:03,13.69,-0.01,16,21904,卖盘
1448,13:36:00,13.7,0.01,14,19180,买盘
1449,13:35:57,13.69,-0.01,28,38332,卖盘
1450,13:35:54,13.7,0.01,10,13700,买盘
1451,13:35:51,13.69,--,28,38332,卖盘
1452,13:35:48,13.69,--,17,23273,卖盘
1453,13:35:45,13.69,--,21,28749,卖盘
1454,13:35:42,13.69,--,20,27380,卖盘
1455,13:35:39,13.69,--,20,27380,卖盘
1456,13:35:36,13.69,--,61,83509,卖盘
1457,13:35:33,13.69,--,45,61605,卖盘
1458,13:35:30,13.69,--,57,78033,卖盘
1459,13:35:27,13.69,--,10,13690,卖盘
1460,13:35:24,13.69,0.01,99,135531,买盘
1461,13:35:21,13.68,--,3,4104,卖盘
1462,13:35:18,13.68,--,5,6840,卖盘
1463,13:35:15,13.68,--,30,41040,卖盘
1464,13:35:12,13.68,-0.01,10,13680,卖盘
1465,13:35:09,13.69,--,17,23273,买盘
1466,13:35:06,13.69,0.01,3,4107,中性盘
1467,13:35:00,13.68,-0.01,352,481536,卖盘
1468,13:34:57,13.69,--,154,210826,买盘
1469,13:34:54,13.69,--,7,9583,买盘
1470,13:34:45,13.69,--,113,154697,卖盘
1471,13:34:42,13.69,-0.01,84,114996,卖盘
1472,13:34:36,13.7,0.01,80,109600,买盘
1473,13:34:33,13.69,--,31,42439,卖盘
1474,13:34:27,13.69,-0.01,4,5476,卖盘
1475,13:34:24,13.7,--,38,52060,买盘
1476,13:34:21,13.7,-0.01,121,165770,卖盘
1477,13:34:18,13.71,0.01,35,47985,买盘
1478,13:34:15,13.7,--,23,31510,卖盘
1479,13:34:12,13.7,--,170,232900,买盘
1480,13:34:09,13.7,--,2,2740,买盘
1481,13:34:06,13.7,0.01,253,346610,买盘
1482,13:34:03,13.69,-0.02,83,113627,卖盘
1483,13:34:00,13.71,0.01,312,427752,买盘
1484,13:33:57,13.7,--,121,165770,卖盘
1485,13:33:54,13.7,--,164,224680,卖盘
1486,13:33:51,13.7,--,23,31510,卖盘
1487,13:33:48,13.7,--,3,4110,卖盘
1488,13:33:45,13.7,--,218,298660,买盘
1489,13:33:42,13.7,0.01,1,1370,买盘
1490,13:33:39,13.69,--,239,327191,卖盘
1491,13:33:36,13.69,--,483,661227,卖盘
1492,13:33:33,13.69,-0.01,1,1369,卖盘
1493,13:33:30,13.7,--,10,13700,买盘
1494,13:33:27,13.7,--,16,21920,买盘
1495,13:33:24,13.7,--,36,49320,买盘
1496,13:33:21,13.7,--,44,60280,买盘
1497,13:33:18,13.7,--,55,75350,买盘
1498,13:33:15,13.7,--,64,87680,卖盘
1499,13:33:12,13.7,--,94,128780,卖盘
1500,13:33:09,13.7,--,209,286330,卖盘
1501,13:33:06,13.7,--,167,228790,卖盘
1502,13:33:03,13.7,--,13,17810,卖盘
1503,13:33:00,13.7,--,110,150700,卖盘
1504,13:32:57,13.7,--,228,312360,卖盘
1505,13:32:54,13.7,--,15,20550,卖盘
1506,13:32:51,13.7,--,21,28770,卖盘
1507,13:32:48,13.7,--,10,13700,卖盘
1508,13:32:45,13.7,-0.01,10,13700,卖盘
1509,13:32:42,13.71,0.01,8,10968,买盘
1510,13:32:39,13.7,-0.01,5,6850,卖盘
1511,13:32:36,13.71,0.01,448,614208,买盘
1512,13:32:33,13.7,--,77,105490,卖盘
1513,13:32:30,13.7,--,100,137000,卖盘
1514,13:32:24,13.7,--,27,36990,卖盘
1515,13:32:21,13.7,-0.01,68,93160,卖盘
1516,13:32:18,13.71,0.01,34,46614,买盘
1517,13:32:15,13.7,-0.01,25,34250,卖盘
1518,13:32:12,13.71,--,14,19194,买盘
1519,13:32:09,13.71,--,292,400332,买盘
1520,13:32:06,13.71,--,52,71292,买盘
1521,13:32:03,13.71,--,33,45243,买盘
1522,13:32:00,13.71,0.01,24,32904,买盘
1523,13:31:57,13.7,--,43,58910,卖盘
1524,13:31:54,13.7,--,58,79460,卖盘
1525,13:31:51,13.7,--,31,42470,卖盘
1526,13:31:48,13.7,0.01,173,237010,买盘
1527,13:31:45,13.69,-0.01,47,64343,卖盘
1528,13:31:39,13.7,--,22,30140,买盘
1529,13:31:36,13.7,0.01,321,439770,买盘
1530,13:31:33,13.69,-0.01,1,1369,卖盘
1531,13:31:30,13.7,--,5,6850,买盘
1532,13:31:27,13.7,--,106,145220,买盘
1533,13:31:24,13.7,--,69,94530,买盘
1534,13:31:21,13.7,--,187,256190,买盘
1535,13:31:18,13.7,0.01,11,15070,买盘
1536,13:31:15,13.69,--,174,238206,卖盘
1537,13:31:12,13.69,--,109,149221,卖盘
1538,13:31:09,13.69,-0.01,25,34225,卖盘
1539,13:31:03,13.7,0.01,37,50690,买盘
1540,13:31:00,13.69,--,27,36963,卖盘
1541,13:30:48,13.69,--,47,64343,卖盘
1542,13:30:45,13.69,--,10,13690,卖盘
1543,13:30:39,13.69,--,26,35594,卖盘
1544,13:30:36,13.69,-0.01,5,6845,卖盘
1545,13:30:33,13.7,0.01,1,1370,买盘
1546,13:30:30,13.69,--,223,305287,卖盘
1547,13:30:27,13.69,-0.01,3,4107,卖盘
1548,13:30:24,13.7,--,78,106860,买盘
1549,13:30:21,13.7,--,1,1370,买盘
1550,13:30:18,13.7,0.01,31,42470,买盘
1551,13:30:15,13.69,--,250,342250,卖盘
1552,13:30:12,13.69,-0.01,44,60236,卖盘
1553,13:30:09,13.7,--,26,35620,买盘
1554,13:30:06,13.7,--,1,1370,买盘
1555,13:30:03,13.7,--,2,2740,买盘
1556,13:30:00,13.7,--,1,1370,买盘
1557,13:29:54,13.7,--,9,12330,买盘
1558,13:29:48,13.7,0.01,34,46580,买盘
1559,13:29:45,13.69,-0.01,75,102675,卖盘
1560,13:29:42,13.7,0.01,51,69870,买盘
1561,13:29:39,13.69,-0.01,17,23273,卖盘
1562,13:29:36,13.7,--,57,78090,买盘
1563,13:29:30,13.7,0.01,40,54800,买盘
1564,13:29:27,13.69,-0.01,10,13690,卖盘
1565,13:29:24,13.7,--,46,63020,买盘
1566,13:29:21,13.7,--,62,84940,买盘
1567,13:29:18,13.7,0.01,139,190430,买盘
1568,13:29:15,13.69,-0.01,51,69819,卖盘
1569,13:29:12,13.7,--,30,41100,买盘
1570,13:29:06,13.7,--,4,5480,买盘
1571,13:29:03,13.7,--,33,45210,买盘
1572,13:29:00,13.7,--,5,6850,买盘
1573,13:28:57,13.7,0.01,8,10960,买盘
1574,13:28:54,13.69,--,50,68450,卖盘
1575,13:28:51,13.69,-0.01,6,8214,卖盘
1576,13:28:48,13.7,0.01,100,137000,买盘
1577,13:28:45,13.69,--,33,45177,卖盘
1578,13:28:39,13.69,--,20,27380,卖盘
1579,13:28:36,13.69,-0.01,4,5476,卖盘
1580,13:28:33,13.7,--,10,13700,买盘
1581,13:28:30,13.7,0.01,23,31510,买盘
1582,13:28:24,13.69,--,60,82140,卖盘
1583,13:28:21,13.69,-0.01,85,116365,卖盘
1584,13:28:18,13.7,0.01,39,53430,买盘
1585,13:28:15,13.69,0.01,581,795389,买盘
1586,13:28:12,13.68,--,2,2736,卖盘
1587,13:28:09,13.68,-0.01,11,15048,卖盘
1588,13:28:06,13.69,--,17,23273,买盘
1589,13:28:03,13.69,--,114,156066,买盘
1590,13:28:00,13.69,0.01,1,1369,买盘
1591,13:27:57,13.68,--,17,23256,卖盘
1592,13:27:54,13.68,--,5,6840,卖盘
1593,13:27:51,13.68,--,358,489744,买盘
1594,13:27:48,13.68,--,20,27360,买盘
1595,13:27:45,13.68,0.01,16,21888,买盘
1596,13:27:42,13.67,-0.01,66,90222,卖盘
1597,13:27:39,13.68,--,8,10944,买盘
1598,13:27:33,13.68,--,25,34200,买盘
1599,13:27:30,13.68,0.01,40,54720,买盘
1600,13:27:24,13.67,--,5,6835,卖盘
1601,13:27:21,13.67,-0.01,52,71084,卖盘
1602,13:27:18,13.68,--,18,24624,买盘
1603,13:27:15,13.68,0.01,31,42408,买盘
1604,13:27:09,13.67,--,84,114828,卖盘
1605,13:27:06,13.67,--,636,869412,卖盘
1606,13:27:03,13.67,-0.01,7,9569,卖盘
1607,13:27:00,13.68,0.01,1,1368,买盘
1608,13:26:57,13.67,--,9,12303,卖盘
1609,13:26:42,13.67,-0.01,18,24606,卖盘
1610,13:26:39,13.68,0.01,421,575928,买盘
1611,13:26:36,13.67,--,18,24606,卖盘
1612,13:26:33,13.67,--,20,27340,卖盘
1613,13:26:27,13.67,-0.01,10,13670,卖盘
1614,13:26:24,13.68,0.01,7,9576,买盘
1615,13:26:21,13.67,-0.01,71,97057,卖盘
1616,13:26:18,13.68,0.01,1,1368,买盘
1617,13:26:15,13.67,-0.01,177,241959,卖盘
1618,13:26:12,13.68,--,31,42408,买盘
1619,13:26:09,13.68,0.01,8,10944,买盘
1620,13:26:06,13.67,-0.01,111,151737,卖盘
1621,13:26:00,13.68,0.01,17,23256,买盘
1622,13:25:57,13.67,-0.01,1,1367,卖盘
1623,13:25:51,13.68,0.01,10,13680,买盘
1624,13:25:48,13.67,--,82,112094,卖盘
1625,13:25:45,13.67,-0.01,70,95690,卖盘
1626,13:25:42,13.68,--,105,143640,买盘
1627,13:25:39,13.68,0.01,131,179208,买盘
1628,13:25:27,13.67,-0.01,5,6835,卖盘
1629,13:25:24,13.68,--,125,171000,卖盘
1630,13:25:21,13.68,--,88,120384,买盘
1631,13:25:18,13.68,--,5,6840,买盘
1632,13:25:09,13.68,--,1,1368,买盘
1633,13:25:06,13.68,--,13,17784,买盘
1634,13:25:03,13.68,--,1,1368,买盘
1635,13:25:00,13.68,0.01,78,106704,买盘
1636,13:24:57,13.67,--,225,307575,卖盘
1637,13:24:54,13.67,-0.01,22,30074,卖盘
1638,13:24:51,13.68,--,1,1368,买盘
1639,13:24:48,13.68,--,1,1368,买盘
1640,13:24:45,13.68,-0.01,10,13680,中性盘
1641,13:24:42,13.69,0.02,35,47915,买盘
1642,13:24:39,13.67,-0.01,220,300740,卖盘
1643,13:24:33,13.68,0.01,100,136800,卖盘
1644,13:24:30,13.67,-0.01,2,2734,卖盘
1645,13:24:27,13.68,0.01,1,1860,买盘
1646,13:24:24,13.67,--,3,4101,卖盘
1647,13:24:21,13.67,--,6,9295,卖盘
1648,13:24:18,13.67,--,7,9842,卖盘
1649,13:24:15,13.67,-0.01,231,315777,卖盘
1650,13:24:12,13.68,0.01,24,32832,买盘
1651,13:24:09,13.67,-0.01,5,6835,卖盘
1652,13:24:06,13.68,--,26,35568,买盘
1653,13:24:03,13.68,--,113,154584,买盘
1654,13:24:00,13.68,--,72,98496,买盘
1655,13:23:57,13.68,--,3,4104,买盘
1656,13:23:48,13.68,--,202,277211,卖盘
1657,13:23:45,13.68,-0.01,16,21888,卖盘
1658,13:23:42,13.69,--,95,130055,买盘
1659,13:23:39,13.69,--,1,1369,买盘
1660,13:23:36,13.69,--,170,233222,买盘
1661,13:23:33,13.69,--,18,24642,买盘
1662,13:23:30,13.69,0.01,17,23273,买盘
1663,13:23:24,13.68,-0.01,10,13680,卖盘
1664,13:23:21,13.69,--,35,47915,买盘
1665,13:23:18,13.69,0.01,318,435342,买盘
1666,13:23:12,13.68,-0.01,100,136800,卖盘
1667,13:23:09,13.69,--,17,23273,买盘
1668,13:23:06,13.69,--,1,1369,买盘
1669,13:23:03,13.69,0.04,98,134162,买盘
1670,13:23:00,13.65,-0.02,201,274365,卖盘
1671,13:22:54,13.67,-0.01,9,12303,卖盘
1672,13:22:48,13.68,0.01,64,87552,买盘
1673,13:22:45,13.67,-0.02,5,6835,卖盘
1674,13:22:39,13.69,0.03,52,71188,买盘
1675,13:22:36,13.66,-0.01,416,568256,卖盘
1676,13:22:33,13.67,-0.01,375,512625,卖盘
1677,13:22:27,13.68,--,40,54720,卖盘
1678,13:22:24,13.68,--,3,4104,卖盘
1679,13:22:18,13.68,-0.01,55,75240,中性盘
1680,13:22:15,13.69,0.02,21,28749,买盘
1681,13:22:12,13.67,-0.02,20,27340,卖盘
1682,13:22:09,13.69,--,11,15059,买盘
1683,13:22:06,13.69,0.02,190,260110,买盘
1684,13:22:03,13.67,--,4,5468,买盘
1685,13:22:00,13.67,0.01,1,1367,买盘
1686,13:21:57,13.66,-0.01,4,5464,卖盘
1687,13:21:54,13.67,0.01,8,10936,买盘
1688,13:21:48,13.66,0.01,6,8196,买盘
1689,13:21:45,13.65,--,3,4095,卖盘
1690,13:21:42,13.65,--,198,270270,卖盘
1691,13:21:39,13.65,--,462,630630,买盘
1692,13:21:36,13.65,--,1,1365,买盘
1693,13:21:33,13.65,0.01,20,27300,买盘
1694,13:21:30,13.64,--,12,16368,卖盘
1695,13:21:27,13.64,-0.01,5,6820,卖盘
1696,13:21:24,13.65,--,42,57330,买盘
1697,13:21:21,13.65,0.01,70,95550,买盘
1698,13:21:18,13.64,-0.01,461,628804,卖盘
1699,13:21:15,13.65,--,23,31395,买盘
1700,13:21:09,13.65,0.01,1,1365,买盘
1701,13:21:06,13.64,-0.01,10,13640,卖盘
1702,13:21:00,13.65,-0.02,1509,2059785,卖盘
1703,13:20:57,13.67,--,20,27340,买盘
1704,13:20:54,13.67,--,55,75185,买盘
1705,13:20:51,13.67,-0.01,167,228289,卖盘
1706,13:20:45,13.68,--,55,75240,卖盘
1707,13:20:42,13.68,0.01,30,41040,卖盘
1708,13:20:39,13.67,-0.01,918,1254906,卖盘
1709,13:20:36,13.68,--,40,54720,卖盘
1710,13:20:33,13.68,-0.01,183,250344,卖盘
1711,13:20:30,13.69,--,1,1369,买盘
1712,13:20:27,13.69,0.01,10,13690,买盘
1713,13:20:21,13.68,-0.01,61,83448,卖盘
1714,13:20:18,13.69,--,1,1369,卖盘
1715,13:20:15,13.69,-0.01,19,26011,卖盘
1716,13:20:12,13.7,0.01,9,12330,买盘
1717,13:20:09,13.69,-0.01,42,57498,卖盘
1718,13:20:06,13.7,--,13,17810,买盘
1719,13:20:03,13.7,--,1,1370,买盘
1720,13:20:00,13.7,0.03,1,1370,买盘
1721,13:19:54,13.67,--,3,4101,卖盘
1722,13:19:48,13.67,-0.03,505,690335,卖盘
1723,13:19:45,13.7,0.01,20,27400,买盘
1724,13:19:42,13.69,--,93,127317,卖盘
1725,13:19:39,13.69,--,16,21904,卖盘
1726,13:19:36,13.69,-0.01,209,286121,卖盘
1727,13:19:33,13.7,--,22,30140,买盘
1728,13:19:30,13.7,--,1,1370,买盘
1729,13:19:27,13.7,--,50,68500,买盘
1730,13:19:24,13.7,--,8,10960,买盘
1731,13:19:18,13.7,--,1,1370,买盘
1732,13:19:15,13.7,0.01,50,68500,买盘
1733,13:19:12,13.69,-0.01,506,692714,卖盘
1734,13:19:09,13.7,--,36,49320,卖盘
1735,13:19:06,13.7,--,10,13700,卖盘
1736,13:19:03,13.7,--,427,584990,卖盘
1737,13:19:00,13.7,--,47,64390,卖盘
1738,13:18:57,13.7,-0.01,23,31510,卖盘
1739,13:18:54,13.71,--,1,1371,买盘
1740,13:18:51,13.71,--,35,47985,买盘
1741,13:18:48,13.71,-0.01,716,981636,卖盘
1742,13:18:45,13.72,-0.01,170,233240,卖盘
1743,13:18:42,13.73,0.01,5,6865,买盘
1744,13:18:39,13.72,--,36,49392,卖盘
1745,13:18:33,13.72,--,35,48020,卖盘
1746,13:18:30,13.72,-0.01,236,323792,卖盘
1747,13:18:27,13.73,--,64,87872,卖盘
1748,13:18:24,13.73,--,1,1373,卖盘
1749,13:18:21,13.73,--,37,50801,卖盘
1750,13:18:18,13.73,--,36,49428,买盘
1751,13:18:15,13.73,0.01,6,8238,买盘
1752,13:18:12,13.72,-0.01,10,13720,卖盘
1753,13:18:09,13.73,--,43,59039,卖盘
1754,13:18:06,13.73,--,13,17849,卖盘
1755,13:18:03,13.73,--,6,8238,卖盘
1756,13:18:00,13.73,--,70,96110,卖盘
1757,13:17:57,13.73,0.01,314,431122,买盘
1758,13:17:51,13.72,--,32,43904,卖盘
1759,13:17:48,13.72,--,185,253820,卖盘
1760,13:17:45,13.72,--,19,26068,卖盘
1761,13:17:42,13.72,--,40,54880,卖盘
1762,13:17:39,13.72,--,16,21952,卖盘
1763,13:17:36,13.72,--,110,150920,卖盘
1764,13:17:33,13.72,--,20,27440,卖盘
1765,13:17:30,13.72,--,32,43904,卖盘
1766,13:17:27,13.72,-0.01,10,13720,卖盘
1767,13:17:24,13.73,--,5,6865,买盘
1768,13:17:21,13.73,--,7,9611,买盘
1769,13:17:18,13.73,--,37,50801,买盘
1770,13:17:15,13.73,0.01,40,54920,买盘
1771,13:17:12,13.72,-0.01,10,13720,卖盘
1772,13:17:09,13.73,0.01,2,2746,买盘
1773,13:17:06,13.72,-0.01,11,15092,卖盘
1774,13:17:03,13.73,0.01,39,53547,买盘
1775,13:17:00,13.72,--,22,30184,卖盘
1776,13:16:57,13.72,-0.01,200,274400,卖盘
1777,13:16:51,13.73,0.01,51,70023,买盘
1778,13:16:48,13.72,-0.01,390,535080,卖盘
1779,13:16:36,13.73,--,24,32952,买盘
1780,13:16:30,13.73,--,60,82380,买盘
1781,13:16:27,13.73,--,141,193593,买盘
1782,13:16:24,13.73,0.01,50,68650,买盘
1783,13:16:21,13.72,-0.01,31,42532,卖盘
1784,13:16:12,13.73,--,13,17849,买盘
1785,13:16:09,13.73,--,21,28833,买盘
1786,13:16:06,13.73,--,11,15103,卖盘
1787,13:16:03,13.73,-0.01,33,45309,卖盘
1788,13:16:00,13.74,0.01,22,30228,买盘
1789,13:15:57,13.73,--,64,87872,卖盘
1790,13:15:54,13.73,-0.01,5,6865,卖盘
1791,13:15:48,13.74,--,115,158010,买盘
1792,13:15:45,13.74,0.01,74,101676,买盘
1793,13:15:42,13.73,--,897,1231581,卖盘
1794,13:15:39,13.73,-0.01,27,37071,卖盘
1795,13:15:36,13.74,0.01,24,32976,买盘
1796,13:15:33,13.73,-0.01,431,591763,卖盘
1797,13:15:30,13.74,0.01,7,9618,买盘
1798,13:15:27,13.73,-0.01,165,226545,卖盘
1799,13:15:24,13.74,0.01,51,70074,买盘
1800,13:15:21,13.73,-0.01,170,233410,卖盘
1801,13:15:18,13.74,0.01,6,8244,买盘
1802,13:15:15,13.73,--,200,274600,卖盘
1803,13:15:12,13.73,-0.01,15,20595,卖盘
1804,13:15:09,13.74,0.01,33,45342,买盘
1805,13:15:06,13.73,--,13,17849,卖盘
1806,13:15:03,13.73,-0.01,25,34325,卖盘
1807,13:15:00,13.74,--,1,1374,买盘
1808,13:14:45,13.74,--,7,9618,买盘
1809,13:14:39,13.74,0.01,603,828522,买盘
1810,13:14:36,13.73,--,59,81007,卖盘
1811,13:14:33,13.73,--,30,41190,卖盘
1812,13:14:30,13.73,--,13,17849,卖盘
1813,13:14:27,13.73,-0.01,30,41190,卖盘
1814,13:14:24,13.74,0.01,40,54960,买盘
1815,13:14:21,13.73,--,16,21968,卖盘
1816,13:14:18,13.73,--,23,31579,卖盘
1817,13:14:15,13.73,--,8,10984,卖盘
1818,13:14:12,13.73,-0.01,113,155149,卖盘
1819,13:14:09,13.74,0.01,4,5496,买盘
1820,13:14:06,13.73,--,12,16476,卖盘
1821,13:14:03,13.73,--,12,16476,卖盘
1822,13:14:00,13.73,-0.01,10,13730,卖盘
1823,13:13:57,13.74,0.01,26,35724,买盘
1824,13:13:54,13.73,--,306,420138,卖盘
1825,13:13:51,13.73,--,1,1373,卖盘
1826,13:13:48,13.73,--,60,82380,卖盘
1827,13:13:45,13.73,--,83,113959,卖盘
1828,13:13:42,13.73,--,11,15103,卖盘
1829,13:13:39,13.73,-0.01,35,48055,卖盘
1830,13:13:36,13.74,--,36,49464,买盘
1831,13:13:33,13.74,--,11,15114,买盘
1832,13:13:30,13.74,--,4,5496,买盘
1833,13:13:21,13.74,--,5,6870,买盘
1834,13:13:18,13.74,--,1,1374,买盘
1835,13:13:15,13.74,--,3,4122,买盘
1836,13:13:09,13.74,0.01,2,2748,买盘
1837,13:13:06,13.73,-0.01,56,76888,卖盘
1838,13:13:03,13.74,--,5,6870,买盘
1839,13:13:00,13.74,0.01,1,1374,买盘
1840,13:12:57,13.73,-0.01,20,27460,卖盘
1841,13:12:54,13.74,0.01,2,2748,买盘
1842,13:12:51,13.73,--,3,4119,卖盘
1843,13:12:48,13.73,-0.01,141,193593,卖盘
1844,13:12:45,13.74,--,1,1374,买盘
1845,13:12:42,13.74,-0.01,453,622422,卖盘
1846,13:12:39,13.75,--,726,998250,买盘
1847,13:12:36,13.75,--,126,173250,买盘
1848,13:12:33,13.75,0.01,45,61875,买盘
1849,13:12:30,13.74,--,60,82440,卖盘
1850,13:12:24,13.74,-0.01,7,9618,卖盘
1851,13:12:21,13.75,--,5,6875,买盘
1852,13:12:18,13.75,--,15,20625,买盘
1853,13:12:15,13.75,--,106,145750,买盘
1854,13:12:12,13.75,--,30,41250,买盘
1855,13:12:09,13.75,--,2,2750,买盘
1856,13:12:06,13.75,--,110,151250,买盘
1857,13:12:03,13.75,--,44,60500,买盘
1858,13:12:00,13.75,--,2,2750,买盘
1859,13:11:54,13.75,--,5,6875,买盘
1860,13:11:51,13.75,--,1,1375,买盘
1861,13:11:48,13.75,--,30,41250,买盘
1862,13:11:45,13.75,0.01,19,26125,买盘
1863,13:11:42,13.74,-0.01,10,13740,卖盘
1864,13:11:39,13.75,0.01,329,452375,买盘
1865,13:11:36,13.74,-0.01,31,42594,卖盘
1866,13:11:33,13.75,--,2,2750,买盘
1867,13:11:30,13.75,0.01,64,88000,买盘
1868,13:11:27,13.74,--,10,13740,卖盘
1869,13:11:24,13.74,--,32,43968,卖盘
1870,13:11:21,13.74,-0.01,11,15114,卖盘
1871,13:11:18,13.75,0.01,82,112750,买盘
1872,13:11:15,13.74,-0.01,37,50838,卖盘
1873,13:11:12,13.75,--,188,258500,买盘
1874,13:11:09,13.75,--,20,27500,买盘
1875,13:11:06,13.75,0.01,122,167750,买盘
1876,13:11:03,13.74,-0.01,123,169002,卖盘
1877,13:11:00,13.75,0.01,7,9625,买盘
1878,13:10:57,13.74,--,26,35724,卖盘
1879,13:10:54,13.74,-0.01,5,6870,卖盘
1880,13:10:51,13.75,--,93,127875,买盘
1881,13:10:48,13.75,0.01,263,361625,买盘
1882,13:10:45,13.74,--,198,272052,卖盘
1883,13:10:42,13.74,-0.01,49,67326,卖盘
1884,13:10:39,13.75,--,50,68750,买盘
1885,13:10:36,13.75,0.01,26,35750,买盘
1886,13:10:33,13.74,--,429,589446,卖盘
1887,13:10:30,13.74,-0.01,148,203352,卖盘
1888,13:10:27,13.75,--,56,77000,买盘
1889,13:10:24,13.75,0.01,22,30250,买盘
1890,13:10:21,13.74,-0.01,44,60456,卖盘
1891,13:10:18,13.75,--,26,35750,买盘
1892,13:10:15,13.75,--,75,103125,买盘
1893,13:10:12,13.75,--,54,74250,买盘
1894,13:10:09,13.75,0.01,137,188375,买盘
1895,13:10:06,13.74,--,20,27480,卖盘
1896,13:10:03,13.74,-0.01,30,41220,卖盘
1897,13:10:00,13.75,--,160,220000,买盘
1898,13:09:57,13.75,--,17,23375,买盘
1899,13:09:54,13.75,--,153,210375,买盘
1900,13:09:51,13.75,--,75,103125,买盘
1901,13:09:48,13.75,--,1,1375,买盘
1902,13:09:45,13.75,--,22,30250,买盘
1903,13:09:42,13.75,--,1,1375,买盘
1904,13:09:36,13.75,0.01,48,66000,买盘
1905,13:09:33,13.74,-0.01,35,48090,卖盘
1906,13:09:30,13.75,0.01,41,56375,买盘
1907,13:09:24,13.74,-0.01,12,16488,卖盘
1908,13:09:21,13.75,0.01,10,13750,买盘
1909,13:09:18,13.74,-0.01,62,85188,卖盘
1910,13:09:15,13.75,--,30,41250,买盘
1911,13:09:12,13.75,--,12,16500,买盘
1912,13:09:09,13.75,0.01,22,30250,买盘
1913,13:09:06,13.74,--,9,12366,卖盘
1914,13:09:03,13.74,-0.01,100,137400,卖盘
1915,13:09:00,13.75,0.01,2,2750,买盘
1916,13:08:57,13.74,--,50,68700,卖盘
1917,13:08:54,13.74,-0.01,1,1374,卖盘
1918,13:08:51,13.75,--,137,188375,买盘
1919,13:08:48,13.75,--,26,35750,买盘
1920,13:08:45,13.75,--,9,12375,买盘
1921,13:08:42,13.75,0.01,1,1375,买盘
1922,13:08:39,13.74,-0.01,3,4122,卖盘
1923,13:08:36,13.75,0.01,62,85250,买盘
1924,13:08:33,13.74,--,30,41220,卖盘
1925,13:08:30,13.74,-0.01,23,31602,卖盘
1926,13:08:27,13.75,0.01,19,26125,买盘
1927,13:08:24,13.74,--,66,90684,卖盘
1928,13:08:21,13.74,--,34,46716,卖盘
1929,13:08:18,13.74,--,43,59082,卖盘
1930,13:08:15,13.74,--,17,23358,卖盘
1931,13:08:12,13.74,--,69,94806,买盘
1932,13:08:09,13.74,--,102,140148,买盘
1933,13:08:06,13.74,--,20,27480,买盘
1934,13:08:03,13.74,--,3,4122,买盘
1935,13:08:00,13.74,0.01,2,2748,买盘
1936,13:07:57,13.73,-0.02,40,54920,卖盘
1937,13:07:54,13.75,0.02,43,59125,买盘
1938,13:07:51,13.73,--,40,54920,卖盘
1939,13:07:48,13.73,-0.01,93,128238,卖盘
1940,13:07:45,13.74,--,4,5496,卖盘
1941,13:07:42,13.74,0.01,161,221268,买盘
1942,13:07:39,13.73,-0.01,25,34325,卖盘
1943,13:07:36,13.74,0.01,181,248694,买盘
1944,13:07:30,13.73,-0.01,162,223744,卖盘
1945,13:07:27,13.74,--,17,23358,卖盘
1946,13:07:24,13.74,--,625,858750,卖盘
1947,13:07:21,13.74,--,253,347622,卖盘
1948,13:07:18,13.74,--,3,4122,卖盘
1949,13:07:15,13.74,--,74,101676,卖盘
1950,13:07:12,13.74,--,103,141522,卖盘
1951,13:07:09,13.74,-0.01,45,61830,卖盘
1952,13:07:06,13.75,--,46,63250,买盘
1953,13:07:03,13.75,--,5,6875,买盘
1954,13:07:00,13.75,0.01,19,26125,买盘
1955,13:06:57,13.74,--,83,114042,卖盘
1956,13:06:54,13.74,--,16,21984,卖盘
1957,13:06:51,13.74,-0.01,10,13740,卖盘
1958,13:06:48,13.75,0.01,1,1375,买盘
1959,13:06:45,13.74,-0.01,7,9618,卖盘
1960,13:06:42,13.75,0.01,95,130625,买盘
1961,13:06:39,13.74,-0.01,3,4122,卖盘
1962,13:06:36,13.75,0.01,1,1375,中性盘
1963,13:06:33,13.74,-0.02,1317,1809558,卖盘
1964,13:06:30,13.76,0.01,12,16512,买盘
1965,13:06:24,13.75,--,5,6875,卖盘
1966,13:06:21,13.75,-0.01,500,687500,卖盘
1967,13:06:18,13.76,--,43,59168,买盘
1968,13:06:15,13.76,--,259,356384,卖盘
1969,13:06:12,13.76,--,18,24768,卖盘
1970,13:06:09,13.76,--,28,38528,卖盘
1971,13:06:06,13.76,--,110,151360,卖盘
1972,13:06:03,13.76,--,238,327488,卖盘
1973,13:06:00,13.76,-0.01,33,45408,卖盘
1974,13:05:57,13.77,0.01,249,342873,买盘
1975,13:05:54,13.76,--,247,339872,卖盘
1976,13:05:51,13.76,-0.01,96,132096,卖盘
1977,13:05:48,13.77,0.01,221,304317,买盘
1978,13:05:45,13.76,-0.01,59,81184,卖盘
1979,13:05:42,13.77,--,51,70227,买盘
1980,13:05:39,13.77,--,94,129438,买盘
1981,13:05:36,13.77,0.01,21,28917,买盘
1982,13:05:33,13.76,-0.01,155,213280,卖盘
1983,13:05:30,13.77,0.01,30,41310,买盘
1984,13:05:27,13.76,--,4,5504,卖盘
1985,13:05:24,13.76,-0.01,10,13760,卖盘
1986,13:05:21,13.77,--,106,145962,买盘
1987,13:05:18,13.77,--,41,56457,买盘
1988,13:05:15,13.77,--,33,45441,买盘
1989,13:05:12,13.77,0.01,26,35802,买盘
1990,13:05:09,13.76,0.01,42,57792,买盘
1991,13:05:06,13.75,-0.01,10,13750,卖盘
1992,13:05:03,13.76,-0.01,23,31648,卖盘
1993,13:05:00,13.77,--,6,8262,买盘
1994,13:04:57,13.77,0.01,60,82620,买盘
1995,13:04:54,13.76,--,281,386656,卖盘
1996,13:04:51,13.76,--,244,335744,卖盘
1997,13:04:48,13.76,-0.01,93,127968,卖盘
1998,13:04:45,13.77,--,1,1377,买盘
1999,13:04:42,13.77,--,11,15147,买盘
2000,13:04:39,13.77,0.01,109,150093,买盘
2001,13:04:36,13.76,--,25,34400,卖盘
2002,13:04:30,13.76,--,1007,1385632,卖盘
2003,13:04:27,13.76,--,39,53664,卖盘
2004,13:04:24,13.76,-0.01,60,82560,卖盘
2005,13:04:21,13.77,--,434,597618,买盘
2006,13:04:18,13.77,--,485,667845,买盘
2007,13:04:15,13.77,0.01,64,88128,买盘
2008,13:04:12,13.76,--,63,86688,卖盘
2009,13:04:09,13.76,--,16,22016,卖盘
2010,13:04:06,13.76,-0.01,20,27520,卖盘
2011,13:04:03,13.77,--,44,60588,买盘
2012,13:04:00,13.77,0.01,15,20655,买盘
2013,13:03:57,13.76,-0.01,25,34400,卖盘
2014,13:03:54,13.77,0.01,49,67473,买盘
2015,13:03:51,13.76,-0.01,130,178880,卖盘
2016,13:03:48,13.77,0.01,367,505359,买盘
2017,13:03:45,13.76,-0.01,1,1376,中性盘
2018,13:03:42,13.77,0.01,31,42687,买盘
2019,13:03:39,13.76,--,5,6880,卖盘
2020,13:03:36,13.76,-0.01,291,400416,卖盘
2021,13:03:33,13.77,0.01,217,298809,买盘
2022,13:03:30,13.76,-0.01,2493,3430368,卖盘
2023,13:03:27,13.77,--,148,203796,买盘
2024,13:03:24,13.77,--,18,24786,买盘
2025,13:03:21,13.77,--,5,6885,买盘
2026,13:03:18,13.77,--,74,101898,买盘
2027,13:03:15,13.77,--,2,2754,买盘
2028,13:03:09,13.77,0.01,11,15147,买盘
2029,13:03:06,13.76,--,46,63296,卖盘
2030,13:03:03,13.76,--,34,46784,卖盘
2031,13:03:00,13.76,-0.01,47,64672,卖盘
2032,13:02:57,13.77,0.01,879,1210383,买盘
2033,13:02:54,13.76,--,145,199520,卖盘
2034,13:02:51,13.76,--,11,15136,卖盘
2035,13:02:48,13.76,-0.01,125,172000,卖盘
2036,13:02:45,13.77,0.01,12,16524,买盘
2037,13:02:42,13.76,-0.01,154,211904,卖盘
2038,13:02:39,13.77,0.01,30,41310,买盘
2039,13:02:36,13.76,--,220,302720,卖盘
2040,13:02:33,13.76,-0.01,93,127968,卖盘
2041,13:02:30,13.77,0.01,200,275400,买盘
2042,13:02:27,13.76,-0.01,182,250432,卖盘
2043,13:02:24,13.77,0.01,40,55080,买盘
2044,13:02:21,13.76,-0.01,109,149984,卖盘
2045,13:02:18,13.77,--,37,50949,买盘
2046,13:02:15,13.77,--,51,70227,买盘
2047,13:02:12,13.77,--,1420,1955340,买盘
2048,13:02:09,13.77,--,43,59211,买盘
2049,13:02:06,13.77,--,88,121176,买盘
2050,13:02:03,13.77,--,138,190026,卖盘
2051,13:02:00,13.77,--,408,561816,卖盘
2052,13:01:57,13.77,--,101,139077,买盘
2053,13:01:54,13.77,--,102,140454,买盘
2054,13:01:51,13.77,--,301,414477,卖盘
2055,13:01:48,13.77,--,158,217566,卖盘
2056,13:01:45,13.77,--,34,46818,卖盘
2057,13:01:42,13.77,--,47,64719,卖盘
2058,13:01:39,13.77,0.01,328,451656,买盘
2059,13:01:36,13.76,-0.01,10,13760,卖盘
2060,13:01:33,13.77,--,149,205173,买盘
2061,13:01:30,13.77,--,44,60588,买盘
2062,13:01:27,13.77,0.01,34,46818,买盘
2063,13:01:24,13.76,-0.01,110,151360,卖盘
2064,13:01:21,13.77,--,244,335988,买盘
2065,13:01:18,13.77,0.01,44,60588,买盘
2066,13:01:15,13.76,-0.01,9,12384,卖盘
2067,13:01:12,13.77,--,73,100521,买盘
2068,13:01:09,13.77,--,2,2754,买盘
2069,13:01:06,13.77,0.01,298,410346,买盘
2070,13:01:03,13.76,-0.01,68,93568,卖盘
2071,13:01:00,13.77,0.01,42,57834,买盘
2072,13:00:57,13.76,-0.01,212,291712,卖盘
2073,13:00:54,13.77,--,34,46818,买盘
2074,13:00:51,13.77,--,20,27540,买盘
2075,13:00:48,13.77,--,72,99144,买盘
2076,13:00:45,13.77,0.01,54,74358,买盘
2077,13:00:42,13.76,-0.01,44,60544,卖盘
2078,13:00:39,13.77,--,116,159732,卖盘
2079,13:00:36,13.77,--,354,487458,买盘
2080,13:00:33,13.77,0.01,400,550800,买盘
2081,13:00:30,13.76,-0.01,178,244928,卖盘
2082,13:00:27,13.77,--,150,206550,买盘
2083,13:00:21,13.77,--,129,177633,买盘
2084,13:00:18,13.77,--,43,59211,买盘
2085,13:00:15,13.77,0.01,52,71604,买盘
2086,13:00:12,13.76,--,31,42656,卖盘
2087,13:00:09,13.76,0.01,315,433440,买盘
2088,13:00:06,13.75,--,631,867625,卖盘
2089,13:00:03,13.75,0.01,7637,10500930,买盘
2090,13:00:00,13.74,--,0,0,买盘
2091,11:30:00,13.74,0.01,1,1374,买盘
2092,11:29:54,13.73,--,907,1245311,买盘
2093,11:29:51,13.73,--,135,185355,买盘
2094,11:29:48,13.73,0.01,9,12357,买盘
2095,11:29:45,13.72,--,101,138572,卖盘
2096,11:29:42,13.72,-0.01,16,21952,卖盘
2097,11:29:39,13.73,--,113,155149,买盘
2098,11:29:36,13.73,--,17,23341,买盘
2099,11:29:33,13.73,--,49,67277,卖盘
2100,11:29:30,13.73,-0.01,2,2746,卖盘
2101,11:29:27,13.74,0.01,50,68700,买盘
2102,11:29:24,13.73,--,23,31579,卖盘
2103,11:29:21,13.73,--,44,60412,卖盘
2104,11:29:18,13.73,--,120,164760,卖盘
2105,11:29:15,13.73,--,336,461328,买盘
2106,11:29:12,13.73,--,74,101602,买盘
2107,11:29:09,13.73,0.01,109,149657,买盘
2108,11:29:03,13.72,-0.01,3,4116,卖盘
2109,11:29:00,13.73,--,12,16476,买盘
2110,11:28:57,13.73,--,112,153776,买盘
2111,11:28:54,13.73,--,41,56293,买盘
2112,11:28:51,13.73,--,57,78261,卖盘
2113,11:28:48,13.73,--,27,37071,卖盘
2114,11:28:45,13.73,--,54,74142,买盘
2115,11:28:42,13.73,--,35,48055,买盘
2116,11:28:39,13.73,--,512,702976,买盘
2117,11:28:36,13.73,--,2,2746,买盘
2118,11:28:33,13.73,--,15,20595,买盘
2119,11:28:30,13.73,0.01,287,394051,买盘
2120,11:28:27,13.72,-0.02,25,34300,卖盘
2121,11:28:21,13.74,0.01,44,60456,买盘
2122,11:28:18,13.73,-0.01,74,101602,卖盘
2123,11:28:15,13.74,0.01,84,115416,买盘
2124,11:28:12,13.73,-0.01,30,41190,卖盘
2125,11:28:09,13.74,0.01,66,90684,买盘
2126,11:28:06,13.73,0.01,12,16476,买盘
2127,11:28:03,13.72,--,20,27440,卖盘
2128,11:28:00,13.72,-0.01,5,6860,卖盘
2129,11:27:57,13.73,0.01,67,92444,买盘
2130,11:27:54,13.72,--,36,50311,卖盘
2131,11:27:51,13.72,--,144,197568,卖盘
2132,11:27:48,13.72,-0.01,2,2744,卖盘
2133,11:27:45,13.73,0.01,1047,1437901,买盘
2134,11:27:42,13.72,--,679,931670,买盘
2135,11:27:39,13.72,--,7,9604,买盘
2136,11:27:36,13.72,--,15,20580,买盘
2137,11:27:33,13.72,0.01,41,56252,买盘
2138,11:27:30,13.71,-0.01,134,183714,卖盘
2139,11:27:27,13.72,0.01,445,610540,买盘
2140,11:27:24,13.71,-0.01,14,19194,卖盘
2141,11:27:21,13.72,--,34,46648,买盘
2142,11:27:18,13.72,--,254,348488,买盘
2143,11:27:15,13.72,--,44,60368,买盘
2144,11:27:12,13.72,--,21,28812,买盘
2145,11:27:09,13.72,--,30,41160,买盘
2146,11:27:06,13.72,0.01,15,20580,买盘
2147,11:27:03,13.71,-0.01,56,76776,卖盘
2148,11:27:00,13.72,0.01,26,35672,买盘
2149,11:26:57,13.71,--,32,43872,卖盘
2150,11:26:54,13.71,--,10,13710,卖盘
2151,11:26:48,13.71,--,16,21936,卖盘
2152,11:26:45,13.71,-0.01,20,27420,卖盘
2153,11:26:42,13.72,0.02,1020,1399440,买盘
2154,11:26:39,13.7,-0.01,10,13700,卖盘
2155,11:26:36,13.71,--,9,12339,买盘
2156,11:26:33,13.71,--,96,131616,买盘
2157,11:26:30,13.71,0.01,7,9597,买盘
2158,11:26:27,13.7,--,113,154810,卖盘
2159,11:26:24,13.7,--,76,104120,卖盘
2160,11:26:21,13.7,--,97,132890,卖盘
2161,11:26:18,13.7,--,7,9590,卖盘
2162,11:26:15,13.7,-0.01,16,21920,卖盘
2163,11:26:12,13.71,0.01,21,28791,买盘
2164,11:26:09,13.7,--,19,26030,卖盘
2165,11:26:06,13.7,-0.01,110,150700,卖盘
2166,11:26:03,13.71,0.01,15,20565,买盘
2167,11:26:00,13.7,--,9,12330,卖盘
2168,11:25:57,13.7,--,426,583620,买盘
2169,11:25:51,13.7,--,104,142480,买盘
2170,11:25:45,13.7,--,70,95900,卖盘
2171,11:25:42,13.7,--,1,1370,卖盘
2172,11:25:39,13.7,--,142,194540,买盘
2173,11:25:36,13.7,--,8,10960,买盘
2174,11:25:30,13.7,--,126,172620,买盘
2175,11:25:27,13.7,--,211,289070,卖盘
2176,11:25:24,13.7,--,394,539780,卖盘
2177,11:25:21,13.7,--,5,6850,卖盘
2178,11:25:18,13.7,--,98,134260,买盘
2179,11:25:12,13.7,--,1,1370,买盘
2180,11:25:09,13.7,-0.01,6,8220,中性盘
2181,11:25:06,13.71,0.01,84,115164,买盘
2182,11:25:03,13.7,--,26,35620,买盘
2183,11:25:00,13.7,--,66,90420,卖盘
2184,11:24:57,13.7,--,1,1370,卖盘
2185,11:24:54,13.7,--,42,57540,卖盘
2186,11:24:51,13.7,--,464,635680,买盘
2187,11:24:48,13.7,--,1,1370,买盘
2188,11:24:45,13.7,--,132,180840,卖盘
2189,11:24:42,13.7,--,46,63020,卖盘
2190,11:24:33,13.7,0.01,163,223310,买盘
2191,11:24:30,13.69,-0.01,3,4107,卖盘
2192,11:24:27,13.7,0.01,8,10960,买盘
2193,11:24:24,13.69,-0.01,227,310763,卖盘
2194,11:24:21,13.7,--,202,276740,卖盘
2195,11:24:18,13.7,--,8,10960,卖盘
2196,11:24:15,13.7,--,5,6850,卖盘
2197,11:24:12,13.7,-0.01,182,249340,卖盘
2198,11:24:09,13.71,0.01,60,82260,买盘
2199,11:24:06,13.7,-0.01,18,24660,卖盘
2200,11:24:03,13.71,0.01,19,26049,买盘
2201,11:24:00,13.7,--,106,145220,卖盘
2202,11:23:57,13.7,--,187,256190,买盘
2203,11:23:54,13.7,--,7,9590,买盘
2204,11:23:51,13.7,--,490,671300,买盘
2205,11:23:42,13.7,--,22,30140,买盘
2206,11:23:39,13.7,--,2,2740,买盘
2207,11:23:33,13.7,0.01,7,9590,买盘
2208,11:23:30,13.69,--,127,173863,卖盘
2209,11:23:27,13.69,--,10,13690,卖盘
2210,11:23:24,13.69,--,9,12321,卖盘
2211,11:23:21,13.69,-0.01,13,17797,卖盘
2212,11:23:18,13.7,0.01,3,4110,买盘
2213,11:23:15,13.69,--,28,38332,卖盘
2214,11:23:09,13.69,-0.01,56,76664,卖盘
2215,11:23:06,13.7,--,2,2740,买盘
2216,11:23:03,13.7,--,1,1370,买盘
2217,11:23:00,13.7,--,200,274000,买盘
2218,11:22:57,13.7,--,26,35620,买盘
2219,11:22:54,13.7,--,1,1370,买盘
2220,11:22:51,13.7,--,21,28770,买盘
2221,11:22:48,13.7,0.01,4,5480,买盘
2222,11:22:45,13.69,--,11,15059,卖盘
2223,11:22:42,13.69,-0.01,1,1369,卖盘
2224,11:22:39,13.7,0.01,45,61650,买盘
2225,11:22:33,13.69,--,126,172494,卖盘
2226,11:22:30,13.69,--,102,139638,卖盘
2227,11:22:27,13.69,-0.02,170,232730,卖盘
2228,11:22:24,13.71,0.01,330,452430,买盘
2229,11:22:21,13.7,--,102,139740,买盘
2230,11:22:18,13.7,--,95,130150,买盘
2231,11:22:15,13.7,--,3,4110,买盘
2232,11:22:12,13.7,--,161,220570,买盘
2233,11:22:09,13.7,0.01,3,4110,买盘
2234,11:22:03,13.69,-0.01,66,90819,卖盘
2235,11:22:00,13.7,--,89,121930,卖盘
2236,11:21:57,13.7,--,77,105490,卖盘
2237,11:21:54,13.7,--,312,428344,买盘
2238,11:21:51,13.7,--,21,28770,买盘
2239,11:21:48,13.7,--,4,5480,买盘
2240,11:21:42,13.7,--,74,101380,买盘
2241,11:21:39,13.7,0.01,1,1370,买盘
2242,11:21:36,13.69,-0.01,9,12321,卖盘
2243,11:21:30,13.7,--,21,28770,买盘
2244,11:21:27,13.7,--,306,419685,卖盘
2245,11:21:24,13.7,--,226,309620,卖盘
2246,11:21:21,13.7,--,227,310990,卖盘
2247,11:21:18,13.7,--,41,56170,卖盘
2248,11:21:15,13.7,-0.01,204,279480,卖盘
2249,11:21:12,13.71,0.01,18,24678,买盘
2250,11:21:09,13.7,--,236,323320,卖盘
2251,11:21:06,13.7,-0.01,10,13700,卖盘
2252,11:21:03,13.71,0.01,4,5484,买盘
2253,11:21:00,13.7,-0.01,46,63020,卖盘
2254,11:20:57,13.71,0.01,79,108309,买盘
2255,11:20:54,13.7,--,168,230160,卖盘
2256,11:20:48,13.7,-0.01,70,95900,卖盘
2257,11:20:45,13.71,--,6,8226,买盘
2258,11:20:42,13.71,--,18,24678,买盘
2259,11:20:39,13.71,0.01,168,230328,买盘
2260,11:20:33,13.7,-0.01,43,59814,卖盘
2261,11:20:30,13.71,--,66,90486,买盘
2262,11:20:27,13.71,--,40,54840,买盘
2263,11:20:24,13.71,--,1,1371,买盘
2264,11:20:21,13.71,--,159,217989,买盘
2265,11:20:18,13.71,--,22,30162,买盘
2266,11:20:15,13.71,--,58,80340,卖盘
2267,11:20:12,13.71,--,72,98712,卖盘
2268,11:20:09,13.71,--,498,682758,卖盘
2269,11:20:06,13.71,--,3,4113,卖盘
2270,11:20:03,13.71,--,3,4113,卖盘
2271,11:20:00,13.71,-0.01,70,95970,卖盘
2272,11:19:57,13.72,0.01,1,1372,买盘
2273,11:19:54,13.71,--,65,89115,卖盘
2274,11:19:51,13.71,--,7,9597,卖盘
2275,11:19:48,13.71,--,27,37017,卖盘
2276,11:19:45,13.71,--,94,128874,卖盘
2277,11:19:42,13.71,--,23,31533,卖盘
2278,11:19:39,13.71,--,190,260490,卖盘
2279,11:19:36,13.71,--,55,75405,卖盘
2280,11:19:30,13.71,--,34,47162,买盘
2281,11:19:27,13.71,--,5,6855,买盘
2282,11:19:24,13.71,--,26,36468,卖盘
2283,11:19:21,13.71,--,13,18371,买盘
2284,11:19:18,13.71,--,542,743082,买盘
2285,11:19:15,13.71,0.01,30,41130,买盘
2286,11:19:12,13.7,--,15,20550,卖盘
2287,11:19:09,13.7,--,30,41100,卖盘
2288,11:19:06,13.7,-0.01,20,27400,卖盘
2289,11:19:03,13.71,0.01,12,16452,买盘
2290,11:19:00,13.7,--,128,175360,买盘
2291,11:18:57,13.7,--,1,1370,买盘
2292,11:18:54,13.7,--,105,143850,买盘
2293,11:18:51,13.7,--,31,42470,买盘
2294,11:18:48,13.7,-0.01,903,1237110,卖盘
2295,11:18:45,13.71,--,54,74034,买盘
2296,11:18:42,13.71,0.01,10,13710,买盘
2297,11:18:39,13.7,--,91,124670,买盘
2298,11:18:36,13.7,-0.01,13,17810,买盘
2299,11:18:33,13.71,0.01,592,811632,买盘
2300,11:18:30,13.7,--,22,30140,买盘
2301,11:18:27,13.7,--,389,532930,买盘
2302,11:18:24,13.7,-0.01,167,228790,卖盘
2303,11:18:21,13.71,--,22,30162,买盘
2304,11:18:18,13.71,--,24,32904,买盘
2305,11:18:15,13.71,--,115,157665,买盘
2306,11:18:12,13.71,--,4,5484,买盘
2307,11:18:09,13.71,--,96,131616,买盘
2308,11:18:06,13.71,--,311,426381,买盘
2309,11:18:03,13.71,--,3,4113,买盘
2310,11:18:00,13.71,--,32,43872,买盘
2311,11:17:57,13.71,0.01,1,1371,买盘
2312,11:17:54,13.7,--,95,130150,卖盘
2313,11:17:51,13.7,-0.01,27,36990,中性盘
2314,11:17:48,13.71,0.02,2242,3073782,买盘
2315,11:17:45,13.69,-0.01,38,52022,卖盘
2316,11:17:42,13.7,0.01,31,42470,买盘
2317,11:17:39,13.69,--,20,27380,卖盘
2318,11:17:33,13.69,--,72,98568,卖盘
2319,11:17:30,13.69,-0.01,84,114996,卖盘
2320,11:17:27,13.7,--,15,20550,买盘
2321,11:17:24,13.7,0.01,196,268520,买盘
2322,11:17:21,13.69,-0.01,55,75295,卖盘
2323,11:17:18,13.7,--,54,73980,买盘
2324,11:17:15,13.7,--,67,91790,买盘
2325,11:17:12,13.7,--,31,42470,买盘
2326,11:17:09,13.7,0.01,43,58910,买盘
2327,11:17:06,13.69,--,9,12321,卖盘
2328,11:17:03,13.69,--,27,36963,卖盘
2329,11:17:00,13.69,--,10,13690,卖盘
2330,11:16:57,13.69,--,20,27380,卖盘
2331,11:16:54,13.69,--,215,295170,买盘
2332,11:16:51,13.69,0.01,636,870684,买盘
2333,11:16:48,13.68,--,20,27360,卖盘
2334,11:16:45,13.68,-0.01,5,6840,卖盘
2335,11:16:42,13.69,0.01,851,1165019,买盘
2336,11:16:39,13.68,0.01,726,993168,买盘
2337,11:16:36,13.67,-0.01,10,13670,卖盘
2338,11:16:33,13.68,0.01,103,140904,买盘
2339,11:16:30,13.67,--,151,206417,卖盘
2340,11:16:24,13.67,-0.01,10,13670,卖盘
2341,11:16:21,13.68,0.01,5,6840,买盘
2342,11:16:09,13.67,-0.01,131,179077,卖盘
2343,11:16:06,13.68,--,24,32832,买盘
2344,11:16:00,13.68,--,97,132696,买盘
2345,11:15:57,13.68,0.01,1,1368,买盘
2346,11:15:54,13.67,-0.01,4,5468,卖盘
2347,11:15:51,13.68,--,21,28728,买盘
2348,11:15:48,13.68,0.02,1,1368,买盘
2349,11:15:45,13.66,--,67,91522,卖盘
2350,11:15:42,13.66,--,63,86058,卖盘
2351,11:15:36,13.66,-0.01,258,352428,卖盘
2352,11:15:33,13.67,--,150,205050,卖盘
2353,11:15:30,13.67,--,13,17771,买盘
2354,11:15:27,13.67,--,509,695803,卖盘
2355,11:15:24,13.67,--,30,41010,卖盘
2356,11:15:18,13.67,--,16,21872,买盘
2357,11:15:15,13.67,--,37,50579,卖盘
2358,11:15:12,13.67,--,9,12303,卖盘
2359,11:15:09,13.67,--,30,41010,卖盘
2360,11:15:06,13.67,--,112,153104,卖盘
2361,11:14:57,13.67,--,147,200949,卖盘
2362,11:14:54,13.67,-0.01,2,2734,卖盘
2363,11:14:51,13.68,0.01,286,391248,买盘
2364,11:14:48,13.67,--,200,273400,卖盘
2365,11:14:45,13.67,--,5,6835,卖盘
2366,11:14:42,13.67,--,10,13670,卖盘
2367,11:14:39,13.67,--,749,1023883,买盘
2368,11:14:36,13.67,0.01,5,6835,买盘
2369,11:14:33,13.66,--,13,17758,卖盘
2370,11:14:30,13.66,--,85,116110,卖盘
2371,11:14:27,13.66,--,12,16392,卖盘
2372,11:14:24,13.66,--,5,6830,卖盘
2373,11:14:21,13.66,--,3,4098,卖盘
2374,11:14:18,13.66,--,491,670706,买盘
2375,11:14:15,13.66,0.01,18,24588,买盘
2376,11:14:12,13.65,--,2,2730,卖盘
2377,11:14:09,13.65,--,100,136500,卖盘
2378,11:14:06,13.65,--,41,55965,卖盘
2379,11:14:03,13.65,-0.01,15,20475,卖盘
2380,11:14:00,13.66,--,67,91522,买盘
2381,11:13:57,13.66,0.01,10,13660,买盘
2382,11:13:54,13.65,--,21,28665,卖盘
2383,11:13:51,13.65,--,51,69615,卖盘
2384,11:13:48,13.65,-0.01,29,39585,卖盘
2385,11:13:45,13.66,0.01,200,273200,买盘
2386,11:13:42,13.65,--,201,274365,卖盘
2387,11:13:36,13.65,-0.01,10,13650,卖盘
2388,11:13:24,13.66,--,286,390676,卖盘
2389,11:13:21,13.66,--,177,241782,卖盘
2390,11:13:18,13.66,--,6,8196,卖盘
2391,11:13:15,13.66,--,90,122940,卖盘
2392,11:13:09,13.66,--,20,27320,卖盘
2393,11:13:03,13.66,-0.01,238,325108,卖盘
2394,11:13:00,13.67,--,54,73818,买盘
2395,11:12:57,13.67,--,20,27340,买盘
2396,11:12:54,13.67,--,3,4101,买盘
2397,11:12:51,13.67,--,54,73818,买盘
2398,11:12:48,13.67,-0.01,1664,2274688,卖盘
2399,11:12:45,13.68,--,10,13680,卖盘
2400,11:12:42,13.68,--,5,6840,卖盘
2401,11:12:39,13.68,0.01,323,441864,买盘
2402,11:12:36,13.67,-0.01,8,10936,卖盘
2403,11:12:33,13.68,--,24,32832,买盘
2404,11:12:30,13.68,--,204,279072,卖盘
2405,11:12:27,13.68,--,236,322848,卖盘
2406,11:12:24,13.68,--,21,28728,卖盘
2407,11:12:21,13.68,--,12,16416,卖盘
2408,11:12:18,13.68,-0.01,50,68400,卖盘
2409,11:12:15,13.69,0.01,23,31487,买盘
2410,11:12:12,13.68,--,23,31464,卖盘
2411,11:12:09,13.68,--,24,32832,卖盘
2412,11:12:06,13.68,--,35,47880,卖盘
2413,11:12:03,13.68,--,3,4104,卖盘
2414,11:12:00,13.68,--,15,20520,卖盘
2415,11:11:57,13.68,--,25,34200,卖盘
2416,11:11:54,13.68,-0.01,152,207936,卖盘
2417,11:11:51,13.69,0.01,1,1369,买盘
2418,11:11:48,13.68,--,30,41040,卖盘
2419,11:11:45,13.68,--,6,8208,卖盘
2420,11:11:42,13.68,--,6,8208,卖盘
2421,11:11:39,13.68,--,247,337896,卖盘
2422,11:11:36,13.68,-0.01,7,9576,卖盘
2423,11:11:33,13.69,--,11,15059,买盘
2424,11:11:30,13.69,0.01,17,23273,买盘
2425,11:11:27,13.68,-0.01,3,4104,卖盘
2426,11:11:24,13.69,--,35,47915,买盘
2427,11:11:21,13.69,0.01,1,1369,买盘
2428,11:11:18,13.68,--,5,6840,卖盘
2429,11:11:15,13.68,-0.01,195,266760,卖盘
2430,11:11:12,13.69,0.01,704,963776,买盘
2431,11:11:09,13.68,--,10,13680,卖盘
2432,11:11:06,13.68,-0.01,11,15048,卖盘
2433,11:11:00,13.69,--,19,26011,买盘
2434,11:10:57,13.69,0.01,35,47915,买盘
2435,11:10:54,13.68,-0.01,2,2736,卖盘
2436,11:10:51,13.69,0.01,22,30118,买盘
2437,11:10:48,13.68,--,47,64296,买盘
2438,11:10:45,13.68,--,64,87552,卖盘
2439,11:10:42,13.68,-0.01,277,378936,卖盘
2440,11:10:39,13.69,0.01,32,43808,买盘
2441,11:10:36,13.68,--,106,145008,卖盘
2442,11:10:33,13.68,0.01,38,51984,买盘
2443,11:10:30,13.67,-0.01,13,17771,卖盘
2444,11:10:27,13.68,--,83,113544,买盘
2445,11:10:24,13.68,--,20,27360,买盘
2446,11:10:21,13.68,--,52,71136,买盘
2447,11:10:18,13.68,--,54,73872,卖盘
2448,11:10:15,13.68,--,61,83448,卖盘
2449,11:10:12,13.68,-0.01,23,31464,卖盘
2450,11:10:09,13.69,--,2,2738,买盘
2451,11:10:06,13.69,--,16,21904,买盘
2452,11:10:03,13.69,--,129,176601,买盘
2453,11:10:00,13.69,-0.01,105,143745,买盘
2454,11:09:57,13.7,--,30,41100,买盘
2455,11:09:54,13.7,--,150,205500,买盘
2456,11:09:51,13.7,--,1,1370,买盘
2457,11:09:48,13.7,-0.01,295,404150,卖盘
2458,11:09:45,13.71,0.01,1,1371,买盘
2459,11:09:42,13.7,--,40,54800,卖盘
2460,11:09:39,13.7,--,100,137000,卖盘
2461,11:09:36,13.7,0.03,1703,2333110,买盘
2462,11:09:33,13.67,--,158,215986,买盘
2463,11:09:30,13.67,--,19,25973,买盘
2464,11:09:21,13.67,--,65,88855,买盘
2465,11:09:18,13.67,0.01,40,54680,买盘
2466,11:09:15,13.66,--,136,185776,买盘
2467,11:09:12,13.66,0.01,19,25954,买盘
2468,11:09:09,13.65,-0.01,20,27300,卖盘
2469,11:09:06,13.66,--,161,219926,买盘
2470,11:09:03,13.66,0.01,32,43712,买盘
2471,11:09:00,13.65,-0.01,7,9555,卖盘
2472,11:08:57,13.66,0.01,16,21856,中性盘
2473,11:08:54,13.65,--,173,236145,卖盘
2474,11:08:51,13.65,-0.01,10,13650,卖盘
2475,11:08:48,13.66,--,10,13660,买盘
2476,11:08:45,13.66,-0.01,18,24588,买盘
2477,11:08:42,13.67,0.01,1102,1506434,买盘
2478,11:08:39,13.66,-0.01,59,80594,卖盘
2479,11:08:33,13.67,--,12,16404,买盘
2480,11:08:30,13.67,--,892,1219364,卖盘
2481,11:08:27,13.67,-0.01,127,173609,卖盘
2482,11:08:24,13.68,--,50,68400,买盘
2483,11:08:21,13.68,-0.01,242,331056,卖盘
2484,11:08:18,13.69,0.01,180,246420,买盘
2485,11:08:15,13.68,--,199,272232,卖盘
2486,11:08:12,13.68,-0.01,69,94392,卖盘
2487,11:08:09,13.69,--,66,90354,买盘
2488,11:08:06,13.69,--,27,36963,卖盘
2489,11:08:03,13.69,--,53,72557,卖盘
2490,11:08:00,13.69,-0.01,276,377844,卖盘
2491,11:07:57,13.7,0.01,28,38360,买盘
2492,11:07:54,13.69,--,91,124579,卖盘
2493,11:07:51,13.69,-0.01,7,9583,卖盘
2494,11:07:48,13.7,-0.01,20,27400,买盘
2495,11:07:45,13.71,0.01,1600,2193600,买盘
2496,11:07:42,13.7,-0.01,20,27400,中性盘
2497,11:07:39,13.71,--,820,1124220,买盘
2498,11:07:36,13.71,0.02,184,252264,买盘
2499,11:07:33,13.69,-0.02,446,610574,卖盘
2500,11:07:30,13.71,0.01,703,963813,买盘
2501,11:07:27,13.7,-0.01,552,756349,卖盘
2502,11:07:24,13.71,--,363,497673,买盘
2503,11:07:21,13.71,--,189,259119,买盘
2504,11:07:18,13.71,0.01,46,63066,买盘
2505,11:07:15,13.7,-0.01,220,301400,卖盘
2506,11:07:12,13.71,--,66,90486,买盘
2507,11:07:09,13.71,0.01,49,67179,买盘
2508,11:07:06,13.7,-0.01,58,79460,卖盘
2509,11:07:03,13.71,--,1078,1477938,买盘
2510,11:07:00,13.71,--,48,65808,买盘
2511,11:06:57,13.71,--,46,63066,买盘
2512,11:06:54,13.71,--,411,563481,买盘
2513,11:06:51,13.71,--,128,176475,买盘
2514,11:06:48,13.71,--,33,45243,买盘
2515,11:06:45,13.71,0.01,11,15081,买盘
2516,11:06:42,13.7,-0.01,1,1370,卖盘
2517,11:06:39,13.71,0.01,501,687145,买盘
2518,11:06:36,13.7,--,296,405520,买盘
2519,11:06:33,13.7,--,193,264410,买盘
2520,11:06:30,13.7,--,75,102750,买盘
2521,11:06:27,13.7,--,170,232900,买盘
2522,11:06:24,13.7,--,114,156180,买盘
2523,11:06:21,13.7,--,442,605540,买盘
2524,11:06:18,13.7,--,116,158920,买盘
2525,11:06:15,13.7,--,222,304140,买盘
2526,11:06:12,13.7,--,121,165770,买盘
2527,11:06:09,13.7,--,80,109600,买盘
2528,11:06:06,13.7,--,68,93160,买盘
2529,11:06:03,13.7,--,208,284960,买盘
2530,11:06:00,13.7,--,135,184950,买盘
2531,11:05:57,13.7,--,73,100010,买盘
2532,11:05:54,13.7,--,156,213720,买盘
2533,11:05:51,13.7,0.01,335,458950,买盘
2534,11:05:48,13.69,--,78,106782,卖盘
2535,11:05:45,13.69,-0.01,30,41070,卖盘
2536,11:05:42,13.7,--,66,90420,买盘
2537,11:05:39,13.7,0.01,83,113710,买盘
2538,11:05:36,13.69,--,81,110889,卖盘
2539,11:05:33,13.69,0.01,135,184815,买盘
2540,11:05:30,13.68,-0.01,670,916560,卖盘
2541,11:05:27,13.69,--,124,169756,买盘
2542,11:05:24,13.69,0.01,62,84878,买盘
2543,11:05:21,13.68,-0.01,426,582768,卖盘
2544,11:05:18,13.69,0.01,412,564028,买盘
2545,11:05:15,13.68,--,156,213408,卖盘
2546,11:05:12,13.68,--,365,499593,买盘
2547,11:05:09,13.68,--,379,518472,买盘
2548,11:05:06,13.68,--,45,61560,买盘
2549,11:05:03,13.68,0.01,207,283176,买盘
2550,11:05:00,13.67,-0.01,100,136700,卖盘
2551,11:04:51,13.68,0.01,475,649800,买盘
2552,11:04:48,13.67,--,1030,1408010,买盘
2553,11:04:45,13.67,--,121,165407,买盘
2554,11:04:42,13.67,0.01,176,240592,买盘
2555,11:04:39,13.66,-0.01,214,292324,卖盘
2556,11:04:36,13.67,0.01,1,1367,买盘
2557,11:04:33,13.66,-0.01,140,191240,卖盘
2558,11:04:30,13.67,--,56,76552,买盘
2559,11:04:27,13.67,0.01,14,19138,买盘
2560,11:04:24,13.66,--,148,202168,买盘
2561,11:04:21,13.66,--,63,86058,买盘
2562,11:04:18,13.66,0.01,180,245880,买盘
2563,11:04:15,13.65,-0.01,718,980070,卖盘
2564,11:04:12,13.66,--,240,327840,买盘
2565,11:04:09,13.66,--,2,2732,买盘
2566,11:04:06,13.66,--,101,137966,买盘
2567,11:04:03,13.66,--,302,412532,买盘
2568,11:04:00,13.66,0.01,58,79228,买盘
2569,11:03:51,13.65,-0.01,16,21840,卖盘
2570,11:03:48,13.66,0.01,19,25954,买盘
2571,11:03:45,13.65,-0.01,22,30030,卖盘
2572,11:03:42,13.66,--,90,122940,买盘
2573,11:03:39,13.66,--,1,1366,买盘
2574,11:03:36,13.66,0.01,96,131136,买盘
2575,11:03:33,13.65,--,20,27300,卖盘
2576,11:03:30,13.65,--,152,208217,买盘
2577,11:03:27,13.65,--,120,163800,买盘
2578,11:03:24,13.65,--,309,421785,买盘
2579,11:03:21,13.65,--,1,1365,买盘
2580,11:03:18,13.65,--,413,563745,买盘
2581,11:03:15,13.65,--,33,45045,买盘
2582,11:03:12,13.65,--,7,9555,买盘
2583,11:03:09,13.65,--,41,55965,买盘
2584,11:03:06,13.65,--,120,163800,买盘
2585,11:03:03,13.65,--,21,28665,买盘
2586,11:03:00,13.65,--,3,4095,买盘
2587,11:02:57,13.65,0.01,302,412230,买盘
2588,11:02:54,13.64,-0.01,100,136400,卖盘
2589,11:02:51,13.65,0.01,1,1365,买盘
2590,11:02:48,13.64,-0.01,26,35464,卖盘
2591,11:02:45,13.65,--,530,723450,买盘
2592,11:02:42,13.65,--,193,263445,买盘
2593,11:02:36,13.65,0.01,165,225225,买盘
2594,11:02:33,13.64,--,20,27280,卖盘
2595,11:02:30,13.64,-0.01,35,47740,卖盘
2596,11:02:27,13.65,0.01,40,54600,买盘
2597,11:02:24,13.64,--,17,23188,卖盘
2598,11:02:18,13.64,-0.01,132,180048,卖盘
2599,11:02:15,13.65,--,3,4095,买盘
2600,11:02:12,13.65,--,20,27300,买盘
2601,11:02:09,13.65,--,155,211575,买盘
2602,11:02:06,13.65,0.01,43,58695,买盘
2603,11:02:03,13.64,-0.01,19,25916,卖盘
2604,11:01:54,13.65,0.01,50,68250,买盘
2605,11:01:51,13.64,--,71,96844,卖盘
2606,11:01:48,13.64,-0.01,12,16368,卖盘
2607,11:01:42,13.65,0.01,1,1365,买盘
2608,11:01:39,13.64,-0.01,18,24552,卖盘
2609,11:01:36,13.65,0.01,25,34125,买盘
2610,11:01:33,13.64,--,65,88660,卖盘
2611,11:01:30,13.64,-0.01,3,4092,卖盘
2612,11:01:27,13.65,0.01,166,226590,买盘
2613,11:01:24,13.64,-0.01,17,23188,卖盘
2614,11:01:21,13.65,0.01,239,326235,买盘
2615,11:01:18,13.64,-0.01,17,23188,卖盘
2616,11:01:15,13.65,--,8,10920,买盘
2617,11:01:12,13.65,--,2,2730,买盘
2618,11:01:09,13.65,--,5,6825,买盘
2619,11:01:00,13.65,0.01,110,150150,买盘
2620,11:00:45,13.64,-0.01,101,137764,卖盘
2621,11:00:42,13.65,--,34,46410,买盘
2622,11:00:39,13.65,--,339,462735,买盘
2623,11:00:36,13.65,0.01,162,221130,买盘
2624,11:00:33,13.64,-0.01,75,102300,卖盘
2625,11:00:27,13.65,--,294,401310,买盘
2626,11:00:24,13.65,--,97,132405,买盘
2627,11:00:21,13.65,--,23,31395,买盘
2628,11:00:18,13.65,0.01,49,66885,买盘
2629,11:00:15,13.64,--,179,244783,卖盘
2630,11:00:12,13.64,--,19,25916,卖盘
2631,11:00:09,13.64,-0.01,10,13640,卖盘
2632,11:00:06,13.65,0.01,3,4095,买盘
2633,11:00:03,13.64,--,163,222332,卖盘
2634,11:00:00,13.64,-0.01,13,17732,卖盘
2635,10:59:57,13.65,--,51,69615,买盘
2636,10:59:54,13.65,0.01,101,137865,买盘
2637,10:59:51,13.64,--,33,45012,卖盘
2638,10:59:48,13.64,-0.01,12,16368,卖盘
2639,10:59:45,13.65,0.01,380,518700,买盘
2640,10:59:42,13.64,--,30,40920,卖盘
2641,10:59:39,13.64,--,51,69564,卖盘
2642,10:59:33,13.64,--,255,348556,买盘
2643,10:59:30,13.64,--,380,518320,买盘
2644,10:59:27,13.64,--,228,310992,买盘
2645,10:59:24,13.64,--,577,787028,买盘
2646,10:59:18,13.64,--,28,38192,买盘
2647,10:59:15,13.64,0.01,2,2728,买盘
2648,10:59:06,13.63,--,11,14993,卖盘
2649,10:59:03,13.63,--,1,1363,卖盘
2650,10:59:00,13.63,-0.01,139,189457,卖盘
2651,10:58:57,13.64,--,10,13640,买盘
2652,10:58:54,13.64,0.01,34,46376,买盘
2653,10:58:51,13.63,--,50,68150,卖盘
2654,10:58:48,13.63,-0.01,11,14993,卖盘
2655,10:58:45,13.64,0.01,12,16368,买盘
2656,10:58:42,13.63,--,40,54520,卖盘
2657,10:58:39,13.63,-0.01,41,55883,卖盘
2658,10:58:36,13.64,0.01,7,9548,买盘
2659,10:58:33,13.63,--,47,64251,卖盘
2660,10:58:30,13.63,-0.01,6,8178,卖盘
2661,10:58:27,13.64,0.01,25,34100,买盘
2662,10:58:24,13.63,--,11,14993,卖盘
2663,10:58:18,13.63,-0.01,798,1087674,卖盘
2664,10:58:15,13.64,--,1,1364,买盘
2665,10:58:12,13.64,0.01,46,62744,买盘
2666,10:58:09,13.63,-0.01,22,29986,卖盘
2667,10:58:06,13.64,0.01,71,96844,买盘
2668,10:58:03,13.63,-0.01,169,230347,卖盘
2669,10:58:00,13.64,0.01,146,199144,买盘
2670,10:57:57,13.63,--,8,10904,卖盘
2671,10:57:54,13.63,-0.01,5,6815,卖盘
2672,10:57:48,13.64,0.01,6,8184,买盘
2673,10:57:45,13.63,-0.01,21,28623,卖盘
2674,10:57:42,13.64,--,102,139128,买盘
2675,10:57:39,13.64,0.01,22,30008,买盘
2676,10:57:36,13.63,-0.01,5,6815,卖盘
2677,10:57:33,13.64,--,15,20460,买盘
2678,10:57:30,13.64,0.01,3,4092,买盘
2679,10:57:27,13.63,-0.01,13,17719,卖盘
2680,10:57:24,13.64,--,48,65472,买盘
2681,10:57:21,13.64,--,14,19096,买盘
2682,10:57:18,13.64,0.01,12,16368,买盘
2683,10:57:15,13.63,-0.01,20,27260,卖盘
2684,10:57:12,13.64,--,8,10912,买盘
2685,10:57:09,13.64,--,22,30008,买盘
2686,10:57:06,13.64,0.01,182,248248,买盘
2687,10:57:03,13.63,-0.01,29,39527,卖盘
2688,10:57:00,13.64,--,418,570152,买盘
2689,10:56:57,13.64,0.01,7,9548,买盘
2690,10:56:54,13.63,--,10,13630,卖盘
2691,10:56:51,13.63,-0.01,27,36801,卖盘
2692,10:56:48,13.64,0.01,155,211420,买盘
2693,10:56:45,13.63,-0.01,84,114492,卖盘
2694,10:56:39,13.64,0.01,138,188232,买盘
2695,10:56:36,13.63,-0.01,185,252155,卖盘
2696,10:56:33,13.64,--,142,193688,买盘
2697,10:56:30,13.64,--,140,190960,买盘
2698,10:56:27,13.64,0.01,42,57288,买盘
2699,10:56:24,13.63,--,172,234885,卖盘
2700,10:56:21,13.63,--,75,102225,卖盘
2701,10:56:18,13.63,-0.01,128,174464,卖盘
2702,10:56:15,13.64,0.01,89,121396,买盘
2703,10:56:12,13.63,-0.01,178,242614,卖盘
2704,10:56:09,13.64,0.01,125,170500,买盘
2705,10:56:06,13.63,--,40,54520,卖盘
2706,10:56:03,13.63,-0.01,74,100862,卖盘
2707,10:56:00,13.64,0.01,20,27280,买盘
2708,10:55:57,13.63,-0.01,38,51794,卖盘
2709,10:55:54,13.64,0.01,3,4092,买盘
2710,10:55:51,13.63,--,1325,1806888,卖盘
2711,10:55:48,13.63,-0.01,75,102225,卖盘
2712,10:55:45,13.64,--,44,60016,买盘
2713,10:55:42,13.64,0.01,50,68200,买盘
2714,10:55:39,13.63,--,12,16356,卖盘
2715,10:55:36,13.63,-0.01,43,58609,卖盘
2716,10:55:30,13.64,0.01,45,61380,买盘
2717,10:55:27,13.63,-0.01,150,204450,卖盘
2718,10:55:24,13.64,--,6,8184,买盘
2719,10:55:18,13.64,--,89,121396,买盘
2720,10:55:12,13.64,--,3,4092,卖盘
2721,10:55:09,13.64,0.01,8,10912,买盘
2722,10:55:06,13.63,-0.01,116,158108,卖盘
2723,10:55:03,13.64,--,28,38192,买盘
2724,10:55:00,13.64,--,284,387376,买盘
2725,10:54:57,13.64,0.01,71,96844,买盘
2726,10:54:54,13.63,-0.01,22,29986,卖盘
2727,10:54:51,13.64,0.01,19,25916,买盘
2728,10:54:48,13.63,-0.01,319,434797,卖盘
2729,10:54:45,13.64,--,124,169136,买盘
2730,10:54:42,13.64,0.01,109,148676,买盘
2731,10:54:39,13.63,--,200,272600,卖盘
2732,10:54:36,13.63,--,102,139026,卖盘
2733,10:54:30,13.63,--,54,73602,卖盘
2734,10:54:24,13.63,--,41,55883,卖盘
2735,10:54:21,13.63,0.01,42,57246,买盘
2736,10:54:18,13.62,--,14,19068,买盘
2737,10:54:15,13.62,--,4,5448,卖盘
2738,10:54:12,13.62,0.01,1,1362,中性盘
2739,10:54:09,13.61,-0.01,1148,1562428,卖盘
2740,10:54:06,13.62,-0.01,65,88530,卖盘
2741,10:54:03,13.63,--,21,28623,买盘
2742,10:54:00,13.63,0.01,52,70876,买盘
2743,10:53:57,13.62,--,7,9534,卖盘
2744,10:53:54,13.62,--,21,28602,卖盘
2745,10:53:51,13.62,0.01,385,524370,买盘
2746,10:53:48,13.61,--,20,27220,卖盘
2747,10:53:45,13.61,-0.01,101,137461,卖盘
2748,10:53:42,13.62,0.01,11,14982,买盘
2749,10:53:39,13.61,0.01,96,130656,买盘
2750,10:53:36,13.6,-0.01,83,112880,卖盘
2751,10:53:30,13.61,-0.01,84,114324,买盘
2752,10:53:27,13.62,0.01,537,731394,买盘
2753,10:53:24,13.61,--,171,232731,卖盘
2754,10:53:21,13.61,--,226,307586,卖盘
2755,10:53:18,13.61,-0.01,122,166042,卖盘
2756,10:53:15,13.62,--,26,35412,买盘
2757,10:53:12,13.62,0.01,30,40860,买盘
2758,10:53:09,13.61,-0.01,5,6805,卖盘
2759,10:53:06,13.62,--,76,103512,买盘
2760,10:53:03,13.62,--,3,4085,买盘
2761,10:53:00,13.62,--,103,140286,买盘
2762,10:52:57,13.62,--,4,5448,卖盘
2763,10:52:54,13.62,--,69,93978,卖盘
2764,10:52:51,13.62,--,14,19068,卖盘
2765,10:52:48,13.62,-0.01,15,20430,卖盘
2766,10:52:45,13.63,0.01,15,20445,买盘
2767,10:52:42,13.62,0.01,28,38136,买盘
2768,10:52:39,13.61,-0.01,92,125212,卖盘
2769,10:52:36,13.62,-0.01,16,21792,中性盘
2770,10:52:33,13.63,0.02,198,269874,买盘
2771,10:52:30,13.61,--,7,9527,买盘
2772,10:52:27,13.61,-0.01,466,634226,卖盘
2773,10:52:24,13.62,0.01,83,113046,中性盘
2774,10:52:21,13.61,-0.01,388,528068,卖盘
2775,10:52:18,13.62,-0.01,261,355482,卖盘
2776,10:52:12,13.63,0.01,12,16356,买盘
2777,10:52:09,13.62,0.02,13,17706,买盘
2778,10:52:06,13.6,-0.03,188,255680,卖盘
2779,10:52:03,13.63,0.01,323,440249,买盘
2780,10:52:00,13.62,--,629,856698,买盘
2781,10:51:54,13.62,--,53,72186,卖盘
2782,10:51:45,13.62,-0.01,11,14982,中性盘
2783,10:51:42,13.63,0.02,182,248066,买盘
2784,10:51:39,13.61,-0.01,417,567537,卖盘
2785,10:51:36,13.62,--,16,21792,买盘
2786,10:51:33,13.62,0.01,20,27240,买盘
2787,10:51:30,13.61,--,10,13610,卖盘
2788,10:51:27,13.61,-0.01,764,1039804,卖盘
