,time,price,change,volume,amount,type
0,15:00:03,11.66,0.01,6559,7648073,买盘
1,14:57:00,11.65,--,230,267950,卖盘
2,14:56:57,11.65,--,169,196885,卖盘
3,14:56:54,11.65,--,518,603470,卖盘
4,14:56:51,11.65,--,31,36942,卖盘
5,14:56:48,11.65,--,16,19152,卖盘
6,14:56:45,11.65,--,50,58250,卖盘
7,14:56:42,11.65,--,80,94085,卖盘
8,14:56:39,11.65,0.01,1762,2053091,买盘
9,14:56:36,11.64,--,32,37248,卖盘
10,14:56:33,11.64,--,10,11640,卖盘
11,14:56:30,11.64,--,80,93120,卖盘
12,14:56:27,11.64,--,12,13968,卖盘
13,14:56:24,11.64,-0.01,62,72168,卖盘
14,14:56:21,11.65,--,191,222515,买盘
15,14:56:18,11.65,--,25,29125,买盘
16,14:56:15,11.65,0.01,301,350839,买盘
17,14:56:12,11.64,-0.01,43,50052,卖盘
18,14:56:09,11.65,--,83,96695,买盘
19,14:56:06,11.65,0.01,243,284236,买盘
20,14:56:03,11.64,--,55,64020,卖盘
21,14:56:00,11.64,-0.01,60,69840,卖盘
22,14:55:57,11.65,0.01,74,86210,买盘
23,14:55:54,11.64,-0.01,58,67512,卖盘
24,14:55:51,11.65,0.01,276,321540,买盘
25,14:55:48,11.64,--,451,524964,卖盘
26,14:55:45,11.64,-0.01,2,2328,卖盘
27,14:55:42,11.65,0.01,238,277270,买盘
28,14:55:39,11.64,--,717,834588,卖盘
29,14:55:36,11.64,--,28,32592,卖盘
30,14:55:33,11.64,-0.01,48,56942,卖盘
31,14:55:30,11.65,0.01,59,69037,买盘
32,14:55:27,11.64,--,1,1164,卖盘
33,14:55:24,11.64,--,7,8148,卖盘
34,14:55:21,11.64,--,100,116400,卖盘
35,14:55:18,11.64,--,53,61692,卖盘
36,14:55:15,11.64,--,5,6553,卖盘
37,14:55:12,11.64,--,68,79757,卖盘
38,14:55:09,11.64,--,130,152169,卖盘
39,14:55:06,11.64,--,96,112267,卖盘
40,14:55:03,11.64,--,386,449304,卖盘
41,14:55:00,11.64,-0.01,161,187404,卖盘
42,14:54:57,11.65,--,645,751425,买盘
43,14:54:54,11.65,0.01,7,8155,买盘
44,14:54:51,11.64,--,147,171806,卖盘
45,14:54:48,11.64,--,79,92596,卖盘
46,14:54:45,11.64,--,198,231612,卖盘
47,14:54:42,11.64,--,9,10476,卖盘
48,14:54:39,11.64,--,242,282130,买盘
49,14:54:36,11.64,--,26,30264,买盘
50,14:54:33,11.64,--,172,200929,卖盘
51,14:54:30,11.64,--,42,48888,卖盘
52,14:54:27,11.64,--,676,787108,卖盘
53,14:54:24,11.64,--,64,75438,卖盘
54,14:54:21,11.64,--,127,147828,卖盘
55,14:54:18,11.64,-0.01,211,245604,卖盘
56,14:54:15,11.65,0.01,86,100190,买盘
57,14:54:12,11.64,--,1,1164,卖盘
58,14:54:09,11.64,--,9,10476,卖盘
59,14:54:06,11.64,-0.01,38,44232,卖盘
60,14:54:03,11.65,0.01,325,378625,买盘
61,14:54:00,11.64,--,19,22116,卖盘
62,14:53:57,11.64,-0.01,10,11640,卖盘
63,14:53:51,11.65,-0.01,25,29125,买盘
64,14:53:48,11.66,0.02,412,480392,买盘
65,14:53:45,11.64,-0.01,30,34920,卖盘
66,14:53:42,11.65,--,579,675070,卖盘
67,14:53:39,11.65,--,218,253970,卖盘
68,14:53:36,11.65,--,52,60580,卖盘
69,14:53:33,11.65,--,121,140965,卖盘
70,14:53:30,11.65,--,52,60580,卖盘
71,14:53:27,11.65,--,144,167794,卖盘
72,14:53:24,11.65,--,95,110849,卖盘
73,14:53:18,11.65,-0.01,1028,1197620,卖盘
74,14:53:15,11.66,0.01,23,26818,买盘
75,14:53:12,11.65,-0.01,81,94365,卖盘
76,14:53:09,11.66,--,475,553850,买盘
77,14:53:06,11.66,0.01,13,15158,买盘
78,14:53:03,11.65,--,123,143295,卖盘
79,14:53:00,11.65,-0.01,179,208535,卖盘
80,14:52:57,11.66,--,119,138754,买盘
81,14:52:54,11.66,0.01,42,48972,买盘
82,14:52:48,11.65,-0.01,412,479980,卖盘
83,14:52:45,11.66,0.01,137,159742,买盘
84,14:52:42,11.65,--,121,140965,卖盘
85,14:52:39,11.65,--,257,299405,卖盘
86,14:52:36,11.65,-0.01,132,153780,卖盘
87,14:52:33,11.66,0.01,720,839520,买盘
88,14:52:30,11.65,--,169,196885,卖盘
89,14:52:27,11.65,--,17,20375,卖盘
90,14:52:24,11.65,--,50,59053,卖盘
91,14:52:21,11.65,-0.01,101,117665,卖盘
92,14:52:18,11.66,--,65,75790,买盘
93,14:52:15,11.66,0.01,23,26818,买盘
94,14:52:12,11.65,--,428,498620,卖盘
95,14:52:09,11.65,--,34,39610,卖盘
96,14:52:06,11.65,--,41,47765,卖盘
97,14:52:03,11.65,-0.01,47,54755,卖盘
98,14:52:00,11.66,0.01,50,58300,买盘
99,14:51:57,11.65,--,20,23300,卖盘
100,14:51:54,11.65,--,18,20970,卖盘
101,14:51:51,11.65,--,126,146790,卖盘
102,14:51:48,11.65,--,390,454559,买盘
103,14:51:45,11.65,--,26,30290,买盘
104,14:51:42,11.65,--,347,405210,卖盘
105,14:51:39,11.65,--,118,137470,卖盘
106,14:51:36,11.65,--,537,625605,卖盘
107,14:51:33,11.65,--,50,58250,卖盘
108,14:51:30,11.65,--,63,73872,卖盘
109,14:51:27,11.65,--,30,34950,卖盘
110,14:51:24,11.65,-0.01,621,724362,卖盘
111,14:51:21,11.66,0.01,32,37312,买盘
112,14:51:18,11.65,--,84,97860,卖盘
113,14:51:15,11.65,--,35,40775,卖盘
114,14:51:12,11.65,-0.01,491,572015,卖盘
115,14:51:09,11.66,0.01,59,68794,买盘
116,14:51:06,11.65,-0.01,21,24465,卖盘
117,14:51:03,11.66,0.01,1,1166,买盘
118,14:50:51,11.65,--,167,194555,卖盘
119,14:50:48,11.65,-0.01,20,23300,卖盘
120,14:50:45,11.66,--,39,45474,买盘
121,14:50:42,11.66,0.01,48,55968,买盘
122,14:50:39,11.65,--,83,96695,卖盘
123,14:50:36,11.65,--,10,11650,卖盘
124,14:50:33,11.65,--,114,132810,买盘
125,14:50:30,11.65,0.01,44,51260,买盘
126,14:50:27,11.64,-0.01,36,41904,卖盘
127,14:50:24,11.65,--,104,121369,买盘
128,14:50:21,11.65,--,95,110675,买盘
129,14:50:18,11.65,0.01,230,267950,买盘
130,14:50:15,11.64,-0.01,30,34920,卖盘
131,14:50:09,11.65,--,50,58250,买盘
132,14:50:00,11.65,--,105,122325,买盘
133,14:49:57,11.65,--,332,386780,买盘
134,14:49:54,11.65,0.01,65,75725,买盘
135,14:49:51,11.64,--,5,5820,卖盘
136,14:49:48,11.64,-0.01,39,45396,卖盘
137,14:49:45,11.65,0.01,123,143295,买盘
138,14:49:42,11.64,--,10,11640,卖盘
139,14:49:39,11.64,--,110,128040,卖盘
140,14:49:36,11.64,-0.01,8,9312,卖盘
141,14:49:33,11.65,0.01,22,25630,买盘
142,14:49:30,11.64,--,30,34920,卖盘
143,14:49:24,11.64,--,76,88673,卖盘
144,14:49:21,11.64,--,83,96612,卖盘
145,14:49:18,11.64,--,1134,1319976,卖盘
146,14:49:15,11.64,--,79,91956,卖盘
147,14:49:12,11.64,0.01,224,260736,买盘
148,14:49:09,11.63,--,3,3489,卖盘
149,14:49:06,11.63,--,3,3489,卖盘
150,14:49:00,11.63,--,29,33727,卖盘
151,14:48:57,11.63,-0.01,54,62802,卖盘
152,14:48:54,11.64,0.01,9,10476,买盘
153,14:48:51,11.63,--,23,26749,卖盘
154,14:48:48,11.63,-0.01,20,23260,卖盘
155,14:48:45,11.64,0.01,1000,1164000,买盘
156,14:48:42,11.63,--,3,3489,卖盘
157,14:48:39,11.63,--,10,11630,卖盘
158,14:48:36,11.63,--,20,23260,卖盘
159,14:48:33,11.63,0.01,37,43031,买盘
160,14:48:30,11.62,-0.01,2,2324,卖盘
161,14:48:27,11.63,0.01,10,11630,中性盘
162,14:48:24,11.62,-0.02,60,70847,卖盘
163,14:48:21,11.64,0.01,263,306376,买盘
164,14:48:18,11.63,--,18,22003,买盘
165,14:48:15,11.63,--,1143,1329309,买盘
166,14:48:09,11.63,--,10,11630,买盘
167,14:48:06,11.63,--,54,62802,买盘
168,14:48:00,11.63,--,7,8141,买盘
169,14:47:54,11.63,--,4,4652,买盘
170,14:47:51,11.63,--,1,1163,买盘
171,14:47:45,11.63,--,37,43124,卖盘
172,14:47:42,11.63,--,35,40705,卖盘
173,14:47:39,11.63,0.01,336,391837,买盘
174,14:47:36,11.62,--,23,26726,卖盘
175,14:47:33,11.62,--,33,38346,卖盘
176,14:47:30,11.62,--,31,36022,卖盘
177,14:47:27,11.62,-0.01,42,48804,卖盘
178,14:47:24,11.63,--,102,119707,卖盘
179,14:47:21,11.63,--,31,36053,卖盘
180,14:47:18,11.63,--,94,109403,买盘
181,14:47:15,11.63,--,73,84899,买盘
182,14:47:12,11.63,--,150,174752,卖盘
183,14:47:09,11.63,--,36,41868,卖盘
184,14:47:06,11.63,--,542,630346,卖盘
185,14:47:03,11.63,--,30,34890,卖盘
186,14:47:00,11.63,--,83,96529,卖盘
187,14:46:57,11.63,--,21,24423,卖盘
188,14:46:54,11.63,--,49,56987,卖盘
189,14:46:51,11.63,--,235,273305,卖盘
190,14:46:48,11.63,--,22,25586,卖盘
191,14:46:45,11.63,--,44,51172,卖盘
192,14:46:42,11.63,--,32,37216,卖盘
193,14:46:39,11.63,--,177,205851,卖盘
194,14:46:36,11.63,--,21,24423,卖盘
195,14:46:33,11.63,--,267,310521,卖盘
196,14:46:30,11.63,--,839,975757,卖盘
197,14:46:27,11.63,--,32,37216,卖盘
198,14:46:24,11.63,-0.01,52,60476,卖盘
199,14:46:21,11.64,0.01,114,133662,买盘
200,14:46:18,11.63,--,72,84143,卖盘
201,14:46:15,11.63,0.01,457,532142,买盘
202,14:46:12,11.62,-0.01,21,24402,卖盘
203,14:46:09,11.63,0.01,1,1163,买盘
204,14:46:06,11.62,-0.01,74,85988,卖盘
205,14:46:03,11.63,--,23,26749,买盘
206,14:46:00,11.63,--,164,191243,卖盘
207,14:45:57,11.63,--,45,52335,卖盘
208,14:45:54,11.63,--,528,614064,卖盘
209,14:45:51,11.63,--,22,25586,卖盘
210,14:45:48,11.63,--,103,119789,卖盘
211,14:45:45,11.63,--,43,50009,卖盘
212,14:45:42,11.63,--,83,96529,卖盘
213,14:45:39,11.63,--,56,65128,卖盘
214,14:45:36,11.63,--,668,776884,卖盘
215,14:45:33,11.63,--,31,36053,卖盘
216,14:45:30,11.63,--,22,25586,卖盘
217,14:45:27,11.63,--,45,52335,卖盘
218,14:45:24,11.63,--,104,120952,卖盘
219,14:45:21,11.63,--,34,40588,卖盘
220,14:45:18,11.63,--,550,639650,卖盘
221,14:45:15,11.63,--,117,136396,卖盘
222,14:45:12,11.63,--,232,269816,卖盘
223,14:45:09,11.63,--,55,63965,卖盘
224,14:45:06,11.63,-0.01,42,48846,卖盘
225,14:45:03,11.64,0.01,42,48888,买盘
226,14:45:00,11.63,--,20,23260,卖盘
227,14:44:57,11.63,--,31,36053,卖盘
228,14:44:54,11.63,--,107,124441,卖盘
229,14:44:51,11.63,--,151,175613,卖盘
230,14:44:48,11.63,--,21,24423,卖盘
231,14:44:45,11.63,--,101,117463,卖盘
232,14:44:42,11.63,--,155,180265,卖盘
233,14:44:39,11.63,--,32,37216,卖盘
234,14:44:36,11.63,--,119,138397,卖盘
235,14:44:33,11.63,--,21,24423,卖盘
236,14:44:30,11.63,--,251,291913,卖盘
237,14:44:27,11.63,--,111,129093,卖盘
238,14:44:24,11.63,--,42,48846,卖盘
239,14:44:21,11.63,--,60,70012,卖盘
240,14:44:18,11.63,--,67,78130,卖盘
241,14:44:15,11.63,--,65,75595,卖盘
242,14:44:12,11.63,--,64,74432,卖盘
243,14:44:09,11.63,--,177,205851,卖盘
244,14:44:06,11.63,--,65,75595,卖盘
245,14:44:03,11.63,0.01,69,80247,买盘
246,14:44:00,11.62,--,41,47642,卖盘
247,14:43:57,11.62,--,20,23240,卖盘
248,14:43:54,11.62,--,68,79016,卖盘
249,14:43:51,11.62,--,500,581000,卖盘
250,14:43:45,11.62,-0.01,39,45318,卖盘
251,14:43:42,11.63,--,105,122115,卖盘
252,14:43:39,11.63,--,71,82573,卖盘
253,14:43:36,11.63,--,41,47683,卖盘
254,14:43:33,11.63,--,71,82573,卖盘
255,14:43:30,11.63,--,154,179102,卖盘
256,14:43:27,11.63,--,287,333781,卖盘
257,14:43:24,11.63,--,26,30238,卖盘
258,14:43:21,11.63,--,132,153516,卖盘
259,14:43:18,11.63,0.01,1747,2032354,买盘
260,14:43:15,11.62,--,43,51000,卖盘
261,14:43:12,11.62,--,115,133966,卖盘
262,14:43:09,11.62,-0.01,211,245181,卖盘
263,14:43:06,11.63,0.01,49,56987,买盘
264,14:43:03,11.62,--,177,205674,卖盘
265,14:43:00,11.62,--,22,25564,卖盘
266,14:42:57,11.62,--,123,142926,卖盘
267,14:42:54,11.62,--,231,268422,卖盘
268,14:42:48,11.62,--,73,84826,卖盘
269,14:42:45,11.62,-0.01,10,11620,卖盘
270,14:42:42,11.63,--,78,91283,卖盘
271,14:42:39,11.63,--,51,59313,卖盘
272,14:42:36,11.63,--,230,267490,卖盘
273,14:42:33,11.63,--,143,166309,卖盘
274,14:42:30,11.63,--,51,59313,卖盘
275,14:42:27,11.63,--,266,309358,卖盘
276,14:42:24,11.63,--,51,59313,卖盘
277,14:42:21,11.63,--,91,105833,卖盘
278,14:42:18,11.63,--,380,441940,卖盘
279,14:42:15,11.63,0.01,1303,1515982,买盘
280,14:42:12,11.62,--,159,185745,卖盘
281,14:42:09,11.62,-0.01,439,510117,卖盘
282,14:42:06,11.63,0.01,95,110485,买盘
283,14:42:03,11.62,--,89,103418,卖盘
284,14:42:00,11.62,--,1419,1648878,卖盘
285,14:41:54,11.62,--,500,581000,卖盘
286,14:41:51,11.62,--,241,280042,卖盘
287,14:41:42,11.62,-0.01,10,11620,卖盘
288,14:41:39,11.63,--,50,58150,买盘
289,14:41:36,11.63,--,150,174450,买盘
290,14:41:33,11.63,--,1,1163,买盘
291,14:41:30,11.63,--,134,156795,卖盘
292,14:41:27,11.63,--,192,223296,卖盘
293,14:41:24,11.63,--,30,34890,卖盘
294,14:41:21,11.63,--,250,290750,卖盘
295,14:41:18,11.63,--,204,237252,卖盘
296,14:41:15,11.63,--,68,79479,卖盘
297,14:41:12,11.63,--,309,360343,卖盘
298,14:41:09,11.63,--,14,16282,卖盘
299,14:41:06,11.63,--,380,441940,卖盘
300,14:41:03,11.63,--,163,189569,卖盘
301,14:41:00,11.63,--,20,23260,卖盘
302,14:40:57,11.63,--,60,69780,卖盘
303,14:40:54,11.63,--,20,23260,卖盘
304,14:40:51,11.63,0.01,331,384953,买盘
305,14:40:45,11.62,--,32,37184,卖盘
306,14:40:42,11.62,-0.01,12,13943,卖盘
307,14:40:39,11.63,--,70,81410,买盘
308,14:40:36,11.63,0.01,8,9304,买盘
309,14:40:33,11.62,-0.01,18,20916,卖盘
310,14:40:30,11.63,--,37,43031,卖盘
311,14:40:27,11.63,--,62,72106,卖盘
312,14:40:24,11.63,--,87,101181,买盘
313,14:40:21,11.63,--,7,8141,买盘
314,14:40:18,11.63,0.01,86,100018,买盘
315,14:40:15,11.62,-0.01,20,23240,卖盘
316,14:40:12,11.63,--,32,37669,买盘
317,14:40:09,11.63,0.01,4,4652,买盘
318,14:40:06,11.62,--,27,32291,卖盘
319,14:39:57,11.62,-0.01,2418,2809716,卖盘
320,14:39:54,11.63,--,13,15119,卖盘
321,14:39:51,11.63,-0.01,2,2326,卖盘
322,14:39:48,11.64,0.01,4,4656,买盘
323,14:39:45,11.63,--,20,23260,卖盘
324,14:39:42,11.63,--,20,23260,卖盘
325,14:39:36,11.63,--,18,20934,卖盘
326,14:39:33,11.63,-0.01,11,12793,卖盘
327,14:39:30,11.64,0.01,69,80316,买盘
328,14:39:27,11.63,--,2,2326,卖盘
329,14:39:24,11.63,-0.01,104,120952,卖盘
330,14:39:18,11.64,--,44,51216,买盘
331,14:39:15,11.64,--,193,224652,买盘
332,14:39:12,11.64,0.01,41,47724,买盘
333,14:39:09,11.63,--,69,80316,卖盘
334,14:39:06,11.63,--,35,40844,卖盘
335,14:39:03,11.63,-0.01,11,12793,卖盘
336,14:38:54,11.64,0.01,10,11640,买盘
337,14:38:51,11.63,--,20,23260,卖盘
338,14:38:48,11.63,-0.01,35,40705,卖盘
339,14:38:45,11.64,--,403,469324,买盘
340,14:38:42,11.64,0.01,10,11640,买盘
341,14:38:36,11.63,-0.01,2,2326,卖盘
342,14:38:33,11.64,--,4,4656,买盘
343,14:38:30,11.64,--,365,425791,卖盘
344,14:38:27,11.64,-0.01,11,12804,卖盘
345,14:38:18,11.65,0.01,34,39610,买盘
346,14:38:15,11.64,0.01,299,348268,买盘
347,14:38:12,11.63,--,137,159331,卖盘
348,14:38:09,11.63,--,27,32343,卖盘
349,14:38:06,11.63,-0.01,32,37646,卖盘
350,14:38:00,11.64,--,35,40740,买盘
351,14:37:57,11.64,0.01,15,17460,买盘
352,14:37:54,11.63,--,683,794887,卖盘
353,14:37:48,11.63,-0.01,60,69780,卖盘
354,14:37:42,11.64,--,343,399252,买盘
355,14:37:39,11.64,0.01,112,130368,买盘
356,14:37:36,11.63,--,43,50009,卖盘
357,14:37:27,11.63,--,3,3489,卖盘
358,14:37:24,11.63,--,6,6978,卖盘
359,14:37:21,11.63,--,960,1116480,卖盘
360,14:37:18,11.63,--,80,93040,卖盘
361,14:37:15,11.63,-0.01,2,2326,卖盘
362,14:37:12,11.64,0.01,1,1164,买盘
363,14:37:09,11.63,-0.01,66,76827,卖盘
364,14:37:06,11.64,0.01,14,16296,买盘
365,14:37:03,11.63,--,131,152492,卖盘
366,14:36:54,11.63,--,76,88388,卖盘
367,14:36:48,11.63,--,5,5815,卖盘
368,14:36:42,11.63,--,32,37216,卖盘
369,14:36:39,11.63,--,1,1163,卖盘
370,14:36:36,11.63,--,17,19771,卖盘
371,14:36:33,11.63,-0.01,3,3489,卖盘
372,14:36:30,11.64,0.01,9,10476,买盘
373,14:36:21,11.63,-0.01,2,2326,卖盘
374,14:36:18,11.64,--,33,38412,买盘
375,14:36:09,11.64,0.01,37,43068,买盘
376,14:36:06,11.63,--,49,57010,卖盘
377,14:36:03,11.63,--,42,49032,卖盘
378,14:36:00,11.63,--,2,2326,卖盘
379,14:35:54,11.63,-0.01,50,58150,卖盘
380,14:35:48,11.64,--,18,20952,卖盘
381,14:35:45,11.64,--,24,27936,卖盘
382,14:35:42,11.64,-0.01,148,172272,卖盘
383,14:35:39,11.65,0.01,10,11650,买盘
384,14:35:36,11.64,--,6,6984,卖盘
385,14:35:33,11.64,--,41,47724,卖盘
386,14:35:30,11.64,0.01,36,41904,买盘
387,14:35:27,11.63,--,10,11630,卖盘
388,14:35:21,11.63,-0.01,8,9304,卖盘
389,14:35:15,11.64,0.01,29,33756,买盘
390,14:35:12,11.63,--,5,5815,卖盘
391,14:35:09,11.63,--,8,9304,卖盘
392,14:35:06,11.63,--,119,138397,卖盘
393,14:35:03,11.63,--,17,19957,卖盘
394,14:35:00,11.63,-0.01,26,30261,卖盘
395,14:34:51,11.64,--,102,119368,卖盘
396,14:34:48,11.64,--,10,11640,卖盘
397,14:34:45,11.64,--,57,66348,卖盘
398,14:34:42,11.64,--,52,60528,卖盘
399,14:34:39,11.64,-0.01,56,65184,卖盘
400,14:34:36,11.65,0.01,3,3495,买盘
401,14:34:33,11.64,-0.01,1,1164,卖盘
402,14:34:30,11.65,--,6,6990,买盘
403,14:34:18,11.65,0.01,29,33785,买盘
404,14:34:15,11.64,-0.01,1315,1530660,卖盘
405,14:34:12,11.65,--,47,54755,买盘
406,14:34:09,11.65,0.01,21,24465,买盘
407,14:34:06,11.64,-0.01,3,3492,卖盘
408,14:34:03,11.65,--,17,20131,买盘
409,14:34:00,11.65,0.01,218,253970,买盘
410,14:33:57,11.64,--,26,31311,卖盘
411,14:33:51,11.64,--,2,2328,卖盘
412,14:33:48,11.64,--,20,23280,卖盘
413,14:33:45,11.64,--,8,9312,卖盘
414,14:33:36,11.64,-0.01,16,18624,卖盘
415,14:33:33,11.65,0.01,1,1165,买盘
416,14:33:30,11.64,-0.01,1,1164,卖盘
417,14:33:24,11.65,--,134,156715,卖盘
418,14:33:21,11.65,--,566,659390,卖盘
419,14:33:18,11.65,-0.01,80,93200,卖盘
420,14:33:15,11.66,--,29,33814,买盘
421,14:33:12,11.66,0.01,20,23320,买盘
422,14:33:09,11.65,--,16,18640,卖盘
423,14:33:06,11.65,--,30,34950,卖盘
424,14:33:03,11.65,--,82,95530,卖盘
425,14:33:00,11.65,-0.01,31,37163,卖盘
426,14:32:57,11.66,0.01,30,35306,买盘
427,14:32:54,11.65,--,103,120344,卖盘
428,14:32:51,11.65,-0.01,17,19805,卖盘
429,14:32:48,11.66,0.01,5,5830,买盘
430,14:32:45,11.65,0.01,33,38445,买盘
431,14:32:42,11.64,--,2,2328,卖盘
432,14:32:36,11.64,-0.02,47,54708,卖盘
433,14:32:33,11.66,0.02,20,23320,买盘
434,14:32:30,11.64,-0.01,511,595071,卖盘
435,14:32:27,11.65,--,24,27960,买盘
436,14:32:24,11.65,--,174,202710,买盘
437,14:32:15,11.65,0.01,29,33785,买盘
438,14:32:12,11.64,-0.01,10,11640,卖盘
439,14:32:09,11.65,0.01,16,18640,买盘
440,14:32:06,11.64,-0.01,10,11640,卖盘
441,14:32:03,11.65,--,13,15145,买盘
442,14:32:00,11.65,0.01,1,1165,买盘
443,14:31:57,11.64,-0.01,317,369197,卖盘
444,14:31:54,11.65,--,53,61745,卖盘
445,14:31:51,11.65,--,44,51260,卖盘
446,14:31:48,11.65,--,20,23300,卖盘
447,14:31:45,11.65,--,80,93200,卖盘
448,14:31:36,11.65,-0.01,34,39610,卖盘
449,14:31:33,11.66,0.01,1,1166,买盘
450,14:31:30,11.65,--,36,41940,买盘
451,14:31:27,11.65,0.01,50,58250,买盘
452,14:31:24,11.64,--,31,36084,卖盘
453,14:31:21,11.64,-0.02,13,15132,卖盘
454,14:31:18,11.66,0.01,47,55221,买盘
455,14:31:12,11.65,--,300,349500,买盘
456,14:31:09,11.65,--,8,9320,买盘
457,14:31:06,11.65,--,294,343255,卖盘
458,14:31:03,11.65,--,70,81550,卖盘
459,14:30:57,11.65,--,130,151484,卖盘
460,14:30:54,11.65,-0.01,29,33959,卖盘
461,14:30:51,11.66,--,113,131758,买盘
462,14:30:45,11.66,0.01,100,116600,买盘
463,14:30:33,11.65,--,9,10485,卖盘
464,14:30:30,11.65,--,1,1165,卖盘
465,14:30:27,11.65,--,21,24465,卖盘
466,14:30:24,11.65,-0.01,2,2330,卖盘
467,14:30:21,11.66,0.01,1,1166,买盘
468,14:30:15,11.65,--,125,145625,卖盘
469,14:30:12,11.65,-0.01,9,10485,卖盘
470,14:30:09,11.66,0.01,13,15158,买盘
471,14:30:03,11.65,-0.01,2,2330,卖盘
472,14:30:00,11.66,--,8,9328,买盘
473,14:29:57,11.66,0.01,100,116600,买盘
474,14:29:54,11.65,--,44,51376,卖盘
475,14:29:51,11.65,-0.01,30,35043,卖盘
476,14:29:48,11.66,--,44,51304,买盘
477,14:29:45,11.66,0.01,200,233200,买盘
478,14:29:42,11.65,-0.01,16,18640,卖盘
479,14:29:39,11.66,0.01,100,116600,买盘
480,14:29:36,11.65,--,41,47765,卖盘
481,14:29:24,11.65,-0.01,8,9320,卖盘
482,14:29:18,11.66,0.01,29,33814,买盘
483,14:29:15,11.65,--,10,11650,卖盘
484,14:29:12,11.65,--,18,20970,买盘
485,14:29:09,11.65,0.01,39,45435,买盘
486,14:28:54,11.64,--,18,21499,卖盘
487,14:28:51,11.64,-0.01,343,400078,卖盘
488,14:28:45,11.65,--,74,86210,卖盘
489,14:28:39,11.65,--,100,116500,卖盘
490,14:28:36,11.65,--,14,16310,卖盘
491,14:28:33,11.65,-0.01,500,582500,卖盘
492,14:28:30,11.66,0.01,104,121264,买盘
493,14:28:27,11.65,--,10,11650,卖盘
494,14:28:24,11.65,0.01,7,8155,卖盘
495,14:28:21,11.64,-0.01,6,6984,卖盘
496,14:28:18,11.65,0.01,22,25630,买盘
497,14:28:15,11.64,-0.01,119,138516,卖盘
498,14:28:12,11.65,-0.01,3,3495,中性盘
499,14:28:09,11.66,0.01,58,67628,买盘
500,14:28:06,11.65,--,13,15145,买盘
501,14:28:03,11.65,--,3,3495,买盘
502,14:27:57,11.65,--,11,12815,买盘
503,14:27:54,11.65,--,218,253970,买盘
504,14:27:51,11.65,--,44,51469,买盘
505,14:27:48,11.65,0.01,6,6990,买盘
506,14:27:36,11.64,--,27,31428,卖盘
507,14:27:30,11.64,--,38,44232,卖盘
508,14:27:27,11.64,--,19,22116,卖盘
509,14:27:15,11.64,--,1,1164,卖盘
510,14:27:12,11.64,--,5,5820,卖盘
511,14:27:09,11.64,--,76,88464,卖盘
512,14:27:06,11.64,--,13,15132,卖盘
513,14:27:03,11.64,-0.01,118,137352,卖盘
514,14:27:00,11.65,--,140,163100,买盘
515,14:26:51,11.65,0.01,18,21156,买盘
516,14:26:48,11.64,--,29,33779,卖盘
517,14:26:45,11.64,-0.01,10,11640,卖盘
518,14:26:36,11.65,0.01,79,92035,买盘
519,14:26:33,11.64,-0.01,21,24444,卖盘
520,14:26:30,11.65,0.01,10,11650,买盘
521,14:26:27,11.64,-0.01,20,23280,卖盘
522,14:26:24,11.65,--,142,165430,买盘
523,14:26:12,11.65,0.01,2,2330,买盘
524,14:26:09,11.64,--,111,129204,卖盘
525,14:26:06,11.64,--,4,4656,卖盘
526,14:26:03,11.64,--,10,11640,卖盘
527,14:25:57,11.64,--,752,875328,卖盘
528,14:25:51,11.64,--,8,9312,卖盘
529,14:25:48,11.64,--,12,14584,卖盘
530,14:25:45,11.64,-0.01,430,501276,卖盘
531,14:25:42,11.65,--,4,4660,买盘
532,14:25:36,11.65,0.01,11,12815,买盘
533,14:25:33,11.64,--,8,9312,卖盘
534,14:25:30,11.64,--,22,25608,卖盘
535,14:25:27,11.64,-0.01,42,48888,卖盘
536,14:25:21,11.65,--,2,2330,买盘
537,14:25:18,11.65,--,10,11650,买盘
538,14:25:15,11.65,0.01,27,31455,买盘
539,14:25:09,11.64,--,19,22116,卖盘
540,14:25:06,11.64,-0.01,137,159468,卖盘
541,14:25:03,11.65,0.01,122,142130,买盘
542,14:25:00,11.64,--,58,67512,卖盘
543,14:24:57,11.64,--,771,898351,买盘
544,14:24:54,11.64,0.01,172,200208,买盘
545,14:24:48,11.63,--,19,22131,卖盘
546,14:24:45,11.63,-0.01,29,33901,卖盘
547,14:24:42,11.64,--,70,81480,买盘
548,14:24:30,11.64,--,22,25608,买盘
549,14:24:24,11.64,0.01,61,71004,买盘
550,14:24:21,11.63,-0.01,41,47683,卖盘
551,14:24:15,11.64,--,36,41904,买盘
552,14:24:09,11.64,--,53,61692,买盘
553,14:24:06,11.64,--,39,45396,买盘
554,14:24:03,11.64,--,2,2328,买盘
555,14:24:00,11.64,--,18,20952,买盘
556,14:23:57,11.64,--,14,16296,买盘
557,14:23:54,11.64,0.01,1,1164,买盘
558,14:23:51,11.63,--,4,4652,卖盘
559,14:23:48,11.63,--,1,1163,卖盘
560,14:23:45,11.63,-0.01,54,63011,卖盘
561,14:23:42,11.64,--,16,18624,买盘
562,14:23:39,11.64,--,101,117564,买盘
563,14:23:33,11.64,--,9,10476,买盘
564,14:23:21,11.64,--,17,19788,买盘
565,14:23:18,11.64,0.01,100,116400,买盘
566,14:23:15,11.63,--,44,51172,卖盘
567,14:23:12,11.63,--,11,12793,卖盘
568,14:23:09,11.63,--,1,1163,卖盘
569,14:23:06,11.63,-0.01,30,34890,卖盘
570,14:23:03,11.64,0.01,5,5820,买盘
571,14:22:57,11.63,--,9,10467,卖盘
572,14:22:54,11.63,--,3,3489,卖盘
573,14:22:42,11.63,--,43,50218,卖盘
574,14:22:39,11.63,--,32,37216,卖盘
575,14:22:36,11.63,-0.01,13,15119,卖盘
576,14:22:33,11.64,0.01,30,34920,买盘
577,14:22:27,11.63,--,22,25586,卖盘
578,14:22:24,11.63,-0.01,59,68617,卖盘
579,14:22:21,11.64,--,13,15132,买盘
580,14:22:18,11.64,--,50,58200,买盘
581,14:22:09,11.64,0.01,60,69840,买盘
582,14:22:06,11.63,--,8,9304,卖盘
583,14:22:03,11.63,--,37,43031,卖盘
584,14:21:57,11.63,--,10,11630,卖盘
585,14:21:51,11.63,--,1,1163,卖盘
586,14:21:48,11.63,--,70,81410,卖盘
587,14:21:45,11.63,--,3,3489,卖盘
588,14:21:42,11.63,--,363,422378,买盘
589,14:21:39,11.63,--,45,52335,买盘
590,14:21:33,11.63,0.01,200,232600,买盘
591,14:21:27,11.62,--,34,39508,卖盘
592,14:21:24,11.62,--,101,117361,卖盘
593,14:21:21,11.62,-0.01,12,13943,卖盘
594,14:21:18,11.63,0.01,18,20934,买盘
595,14:21:15,11.62,--,31,36022,卖盘
596,14:21:12,11.62,-0.01,10,11620,卖盘
597,14:21:09,11.63,--,42,48846,买盘
598,14:21:06,11.63,--,3,3489,买盘
599,14:21:03,11.63,--,13,15119,买盘
600,14:20:57,11.63,0.01,1,1163,买盘
601,14:20:54,11.62,--,138,160356,卖盘
602,14:20:51,11.62,-0.01,189,219617,卖盘
603,14:20:48,11.63,--,668,776884,买盘
604,14:20:45,11.63,0.01,11,12793,买盘
605,14:20:42,11.62,--,87,101616,卖盘
606,14:20:39,11.62,--,480,558608,卖盘
607,14:20:36,11.62,--,3,3485,卖盘
608,14:20:33,11.62,-0.01,1025,1191050,卖盘
609,14:20:30,11.63,0.01,15,17445,买盘
610,14:20:27,11.62,--,151,175462,卖盘
611,14:20:21,11.62,--,2,2324,卖盘
612,14:20:18,11.62,-0.01,6,6971,卖盘
613,14:20:15,11.63,0.01,34,39542,买盘
614,14:20:12,11.62,-0.01,9,10458,卖盘
615,14:20:09,11.63,0.02,38,44345,买盘
616,14:20:03,11.61,-0.01,23,26703,卖盘
617,14:19:57,11.62,--,144,167328,买盘
618,14:19:54,11.62,--,7,8133,买盘
619,14:19:51,11.62,0.01,40,46480,买盘
620,14:19:48,11.61,-0.01,11,12771,卖盘
621,14:19:42,11.62,--,80,92960,买盘
622,14:19:39,11.62,--,133,154638,卖盘
623,14:19:36,11.62,--,26,31339,卖盘
624,14:19:33,11.62,--,1,1162,卖盘
625,14:19:30,11.62,--,3,3485,卖盘
626,14:19:27,11.62,--,1,1162,卖盘
627,14:19:24,11.62,--,96,111551,卖盘
628,14:19:21,11.62,--,1,1162,卖盘
629,14:19:18,11.62,--,627,728574,卖盘
630,14:19:15,11.62,--,7,8133,卖盘
631,14:19:12,11.62,--,54,62747,卖盘
632,14:19:09,11.62,-0.01,44,51128,卖盘
633,14:19:06,11.63,--,11,12793,卖盘
634,14:19:03,11.63,0.01,17,19771,中性盘
635,14:18:57,11.62,-0.02,51,59261,卖盘
636,14:18:54,11.64,0.02,201,233964,买盘
637,14:18:51,11.62,-0.01,26,30421,卖盘
638,14:18:48,11.63,--,39,45357,买盘
639,14:18:45,11.63,0.01,63,73269,买盘
640,14:18:42,11.62,-0.01,19,22078,卖盘
641,14:18:39,11.63,0.01,184,215015,买盘
642,14:18:36,11.62,--,369,428778,卖盘
643,14:18:33,11.62,--,42,49152,卖盘
644,14:18:27,11.62,--,20,23240,卖盘
645,14:18:24,11.62,-0.01,30,34860,卖盘
646,14:18:18,11.63,0.01,100,116300,买盘
647,14:18:15,11.62,--,9,10458,卖盘
648,14:18:12,11.62,--,16,18592,卖盘
649,14:18:09,11.62,-0.01,7,8133,卖盘
650,14:18:06,11.63,0.01,3,3489,买盘
651,14:18:03,11.62,--,1,1162,卖盘
652,14:18:00,11.62,-0.01,19,22078,卖盘
653,14:17:48,11.63,0.01,4,4652,买盘
654,14:17:42,11.62,--,13,15105,卖盘
655,14:17:39,11.62,--,160,185920,卖盘
656,14:17:36,11.62,-0.01,530,616359,卖盘
657,14:17:33,11.63,0.01,33,39251,买盘
658,14:17:27,11.62,--,9,10458,卖盘
659,14:17:24,11.62,--,1,1162,卖盘
660,14:17:18,11.62,-0.01,6,6971,卖盘
661,14:17:15,11.63,0.01,29,33727,买盘
662,14:17:12,11.62,-0.01,3,3485,卖盘
663,14:17:09,11.63,0.01,3,3489,买盘
664,14:17:06,11.62,--,2,2324,卖盘
665,14:17:03,11.62,-0.01,28,32535,卖盘
666,14:16:57,11.63,--,183,212829,买盘
667,14:16:54,11.63,0.01,9,10467,买盘
668,14:16:48,11.62,-0.01,109,126657,卖盘
669,14:16:42,11.63,-0.01,459,534770,卖盘
670,14:16:39,11.64,--,547,636708,买盘
671,14:16:36,11.64,0.01,7,8148,买盘
672,14:16:33,11.63,--,90,105228,卖盘
673,14:16:30,11.63,--,30,35704,卖盘
674,14:16:27,11.63,0.01,412,479156,买盘
675,14:16:24,11.62,-0.01,541,628642,卖盘
676,14:16:21,11.63,0.01,29,33727,买盘
677,14:16:18,11.62,--,167,194054,卖盘
678,14:16:12,11.62,-0.01,6,6971,卖盘
679,14:16:09,11.63,--,50,58150,买盘
680,14:16:06,11.63,--,58,67454,卖盘
681,14:16:03,11.63,-0.01,17,19771,卖盘
682,14:15:57,11.64,0.01,75,87300,买盘
683,14:15:54,11.63,-0.01,34,39542,卖盘
684,14:15:51,11.64,0.01,2,2328,买盘
685,14:15:48,11.63,-0.01,36,41868,卖盘
686,14:15:45,11.64,0.01,29,33756,买盘
687,14:15:39,11.63,-0.01,19,22097,卖盘
688,14:15:36,11.64,--,25,29100,买盘
689,14:15:33,11.64,0.02,74,86194,买盘
690,14:15:30,11.62,-0.01,33,38497,卖盘
691,14:15:24,11.63,--,1,1163,卖盘
692,14:15:21,11.63,--,24,28330,买盘
693,14:15:18,11.63,--,18,20934,买盘
694,14:15:15,11.63,--,18,20934,买盘
695,14:15:12,11.63,--,7,8885,卖盘
696,14:15:09,11.63,--,36,41868,卖盘
697,14:15:03,11.63,--,20,23260,卖盘
698,14:14:54,11.63,-0.01,25,29075,卖盘
699,14:14:51,11.64,--,32,37248,买盘
700,14:14:48,11.64,0.01,153,178092,买盘
701,14:14:45,11.63,--,110,127930,卖盘
702,14:14:42,11.63,--,36,41868,卖盘
703,14:14:39,11.63,--,50,58150,卖盘
704,14:14:36,11.63,--,19,22097,卖盘
705,14:14:33,11.63,--,337,391931,卖盘
706,14:14:30,11.63,--,121,141269,卖盘
707,14:14:27,11.63,--,80,93865,卖盘
708,14:14:24,11.63,--,21,24423,卖盘
709,14:14:18,11.63,-0.01,5,5815,卖盘
710,14:14:12,11.64,--,29,33756,买盘
711,14:14:09,11.64,0.01,21,24444,买盘
712,14:14:06,11.63,--,70,81410,卖盘
713,14:14:03,11.63,--,80,93040,卖盘
714,14:14:00,11.63,--,264,307032,卖盘
715,14:13:54,11.63,-0.01,5,5815,卖盘
716,14:13:51,11.64,0.01,29,33756,买盘
717,14:13:48,11.63,--,25,29075,卖盘
718,14:13:45,11.63,--,17,19771,卖盘
719,14:13:42,11.63,-0.01,153,177939,卖盘
720,14:13:39,11.64,0.01,52,60528,买盘
721,14:13:33,11.63,--,17,19771,卖盘
722,14:13:30,11.63,--,15,17979,卖盘
723,14:13:27,11.63,--,75,88062,卖盘
724,14:13:24,11.63,0.01,3,3489,买盘
725,14:13:18,11.62,-0.01,20,23240,卖盘
726,14:13:15,11.63,--,93,108159,卖盘
727,14:13:12,11.63,--,1,1163,卖盘
728,14:13:09,11.63,0.01,15,17445,卖盘
729,14:13:06,11.62,--,81,94122,卖盘
730,14:13:03,11.62,--,29,33698,卖盘
731,14:13:00,11.62,--,6,6971,卖盘
732,14:12:57,11.62,--,143,166166,卖盘
733,14:12:54,11.62,-0.01,25,29049,卖盘
734,14:12:51,11.63,0.01,29,33727,买盘
735,14:12:48,11.62,-0.01,7,8133,卖盘
736,14:12:45,11.63,0.01,29,33727,买盘
737,14:12:39,11.62,--,3,3485,卖盘
738,14:12:33,11.62,--,8,9296,卖盘
739,14:12:30,11.62,--,16,19684,卖盘
740,14:12:27,11.62,--,30,35138,卖盘
741,14:12:24,11.62,--,2,2324,卖盘
742,14:12:18,11.62,-0.01,28,32535,卖盘
743,14:12:15,11.63,0.01,178,207014,买盘
744,14:12:12,11.62,-0.01,5,5810,卖盘
745,14:12:09,11.63,0.01,164,190732,买盘
746,14:12:06,11.62,--,157,183270,卖盘
747,14:12:03,11.62,-0.01,783,910171,卖盘
748,14:12:00,11.63,0.01,538,626531,买盘
749,14:11:57,11.62,--,11,12782,卖盘
750,14:11:54,11.62,--,80,93169,买盘
751,14:11:51,11.62,--,29,33698,买盘
752,14:11:48,11.62,0.01,31,36022,买盘
753,14:11:45,11.61,-0.01,7,8127,卖盘
754,14:11:42,11.62,0.01,17,19754,买盘
755,14:11:39,11.61,-0.01,5,5805,卖盘
756,14:11:33,11.62,--,5,5810,买盘
757,14:11:30,11.62,--,3,3485,买盘
758,14:11:27,11.62,--,20,23972,卖盘
759,14:11:24,11.62,--,30,34860,卖盘
760,14:11:21,11.62,0.01,67,78283,中性盘
761,14:11:18,11.61,--,133,154413,卖盘
762,14:11:15,11.61,--,21,24381,卖盘
763,14:11:12,11.61,--,52,60372,卖盘
764,14:11:09,11.61,--,2,2322,卖盘
765,14:11:06,11.61,--,2,2322,卖盘
766,14:11:03,11.61,-0.01,173,200853,卖盘
767,14:11:00,11.62,-0.01,470,546465,卖盘
768,14:10:54,11.63,0.01,14,16282,买盘
769,14:10:51,11.62,--,48,55775,卖盘
770,14:10:42,11.62,--,23,26726,卖盘
771,14:10:39,11.62,-0.01,21,24402,卖盘
772,14:10:36,11.63,--,98,113974,买盘
773,14:10:30,11.63,--,5,5815,买盘
774,14:10:27,11.63,0.01,10,11630,买盘
775,14:10:24,11.62,-0.01,21,25482,卖盘
776,14:10:21,11.63,0.01,41,47973,买盘
777,14:10:18,11.62,--,5,5810,卖盘
778,14:10:12,11.62,--,61,70882,卖盘
779,14:10:09,11.62,-0.01,362,420644,卖盘
780,14:10:06,11.63,--,1,1163,买盘
781,14:10:03,11.63,--,12,13956,买盘
782,14:10:00,11.63,0.01,5,5815,买盘
783,14:09:54,11.62,--,88,102256,卖盘
784,14:09:51,11.62,--,531,617022,卖盘
785,14:09:48,11.62,--,76,88312,卖盘
786,14:09:45,11.62,-0.01,1,1162,卖盘
787,14:09:42,11.63,0.01,283,329129,买盘
788,14:09:39,11.62,--,20,23240,卖盘
789,14:09:27,11.62,--,6,6971,卖盘
790,14:09:24,11.62,--,41,48095,卖盘
791,14:09:21,11.62,-0.01,28,33453,卖盘
792,14:09:18,11.63,--,4,4652,买盘
793,14:09:15,11.63,--,8,9304,买盘
794,14:09:12,11.63,0.01,2,2326,买盘
795,14:09:09,11.62,--,12,13943,卖盘
796,14:09:06,11.62,--,5,5810,卖盘
797,14:09:03,11.62,-0.01,82,95284,卖盘
798,14:08:57,11.63,0.01,72,83736,买盘
799,14:08:54,11.62,--,26,30211,卖盘
800,14:08:51,11.62,--,7,8133,卖盘
801,14:08:48,11.62,--,36,41832,卖盘
802,14:08:45,11.62,--,31,36022,卖盘
803,14:08:39,11.62,--,4,4648,卖盘
804,14:08:33,11.62,-0.01,28,32535,卖盘
805,14:08:30,11.63,--,170,197710,卖盘
806,14:08:27,11.63,0.01,18,20934,买盘
807,14:08:24,11.62,--,63,74321,卖盘
808,14:08:21,11.62,--,20,23240,卖盘
809,14:08:18,11.62,-0.01,26,30467,卖盘
810,14:08:15,11.63,--,6,6978,买盘
811,14:08:12,11.63,--,3,3489,买盘
812,14:08:09,11.63,--,16,18608,买盘
813,14:08:06,11.63,0.01,3,3489,买盘
814,14:07:57,11.62,-0.01,8,9296,卖盘
815,14:07:54,11.63,--,1,1163,买盘
816,14:07:51,11.63,0.01,29,33727,买盘
817,14:07:48,11.62,-0.02,2,2324,卖盘
818,14:07:45,11.64,0.02,6,6984,买盘
819,14:07:42,11.62,-0.01,3,3485,卖盘
820,14:07:36,11.63,0.01,20,23260,买盘
821,14:07:33,11.62,--,102,118523,卖盘
822,14:07:30,11.62,-0.01,115,133630,卖盘
823,14:07:27,11.63,--,111,129139,卖盘
824,14:07:24,11.63,--,10,11630,卖盘
825,14:07:21,11.63,--,22,25969,卖盘
826,14:07:18,11.63,--,119,139385,卖盘
827,14:07:15,11.63,0.01,546,635905,买盘
828,14:07:12,11.62,--,46,53452,卖盘
829,14:07:09,11.62,--,200,232399,卖盘
830,14:07:06,11.62,--,24,27887,卖盘
831,14:07:03,11.62,--,7,8133,卖盘
832,14:07:00,11.62,--,21,24402,卖盘
833,14:06:57,11.62,--,25,29049,卖盘
834,14:06:51,11.62,-0.01,9,10458,卖盘
835,14:06:48,11.63,0.01,30,34890,买盘
836,14:06:36,11.62,--,21,24402,卖盘
837,14:06:33,11.62,--,15,17639,买盘
838,14:06:30,11.62,--,21,25354,卖盘
839,14:06:27,11.62,--,10,11620,卖盘
840,14:06:24,11.62,--,11,12782,卖盘
841,14:06:21,11.62,--,10,11620,卖盘
842,14:06:18,11.62,--,43,50175,卖盘
843,14:06:15,11.62,--,6,6971,卖盘
844,14:06:12,11.62,--,35,40670,卖盘
845,14:06:09,11.62,--,29,33698,买盘
846,14:06:06,11.62,--,41,47642,卖盘
847,14:06:03,11.62,--,21,24402,卖盘
848,14:06:00,11.62,--,294,341628,卖盘
849,14:05:51,11.62,--,15,17430,卖盘
850,14:05:48,11.62,-0.01,1,1162,卖盘
851,14:05:45,11.63,0.01,174,202362,买盘
852,14:05:42,11.62,--,517,600754,卖盘
853,14:05:39,11.62,--,10,11620,卖盘
854,14:05:36,11.62,-0.01,11,12782,卖盘
855,14:05:33,11.63,0.01,12,13956,买盘
856,14:05:30,11.62,--,41,47642,卖盘
857,14:05:27,11.62,-0.01,68,79016,卖盘
858,14:05:24,11.63,--,1,1418,卖盘
859,14:05:21,11.63,--,143,166309,卖盘
860,14:05:18,11.63,--,16,19689,卖盘
861,14:05:15,11.63,-0.01,36,42158,卖盘
862,14:05:12,11.64,0.01,3,3492,买盘
863,14:05:09,11.63,-0.01,34,39542,卖盘
864,14:05:06,11.64,0.01,19,22116,买盘
865,14:05:03,11.63,--,50,58150,卖盘
866,14:05:00,11.63,--,162,188406,卖盘
867,14:04:57,11.63,0.01,863,1004366,买盘
868,14:04:54,11.62,-0.01,47,54613,卖盘
869,14:04:51,11.63,0.01,1,1163,买盘
870,14:04:48,11.62,--,2,2324,卖盘
871,14:04:42,11.62,-0.01,11,12782,卖盘
872,14:04:39,11.63,--,59,68617,买盘
873,14:04:33,11.63,0.01,10,11630,买盘
874,14:04:30,11.62,--,11,12782,卖盘
875,14:04:27,11.62,--,5,5810,卖盘
876,14:04:24,11.62,--,46,53452,买盘
877,14:04:21,11.62,--,76,88312,卖盘
878,14:04:18,11.62,--,311,361382,卖盘
879,14:04:15,11.62,--,43,50500,卖盘
880,14:04:12,11.62,-0.01,32,38020,卖盘
881,14:04:09,11.63,0.01,1,1163,买盘
882,14:04:06,11.62,--,99,115037,卖盘
883,14:04:03,11.62,--,3,3485,卖盘
884,14:04:00,11.62,--,611,709982,卖盘
885,14:03:57,11.62,-0.01,84,97608,卖盘
886,14:03:54,11.63,--,5,5815,买盘
887,14:03:51,11.63,0.01,546,634998,买盘
888,14:03:48,11.62,--,52,60423,卖盘
889,14:03:45,11.62,--,24,27887,卖盘
890,14:03:36,11.62,-0.01,40,46480,卖盘
891,14:03:33,11.63,--,70,81410,买盘
892,14:03:30,11.63,0.01,60,69780,买盘
893,14:03:27,11.62,--,5,5810,卖盘
894,14:03:15,11.62,-0.01,23,27783,卖盘
895,14:03:12,11.63,0.01,76,88702,买盘
896,14:03:06,11.62,-0.01,24,27887,卖盘
897,14:03:03,11.63,--,112,130256,买盘
898,14:03:00,11.63,--,20,23260,买盘
899,14:02:57,11.63,0.01,25,29075,买盘
900,14:02:54,11.62,--,3,3485,卖盘
901,14:02:42,11.62,--,23,26726,卖盘
902,14:02:39,11.62,-0.01,21,24402,卖盘
903,14:02:36,11.63,0.01,5,5815,买盘
904,14:02:33,11.62,--,108,125495,卖盘
905,14:02:30,11.62,--,30,34860,卖盘
906,14:02:18,11.62,--,10,11620,卖盘
907,14:02:15,11.62,--,20,23240,卖盘
908,14:02:12,11.62,--,75,88044,卖盘
909,14:02:09,11.62,--,51,59738,卖盘
910,14:02:06,11.62,0.01,409,475257,买盘
911,14:02:03,11.61,--,171,198531,卖盘
912,14:02:00,11.61,--,20,23220,卖盘
913,14:01:54,11.61,--,5,5805,卖盘
914,14:01:51,11.61,-0.01,15,17415,卖盘
915,14:01:48,11.62,0.01,14,16267,买盘
916,14:01:45,11.61,--,73,84753,卖盘
917,14:01:42,11.61,--,5,5805,卖盘
918,14:01:39,11.61,--,2,2322,卖盘
919,14:01:30,11.61,--,8,9288,卖盘
920,14:01:27,11.61,--,50,58050,卖盘
921,14:01:21,11.61,--,8,9288,卖盘
922,14:01:15,11.61,--,59,68499,卖盘
923,14:01:12,11.61,--,16,19295,卖盘
924,14:01:09,11.61,--,47,55217,卖盘
925,14:01:06,11.61,--,24,27864,卖盘
926,14:00:54,11.61,--,10,11610,卖盘
927,14:00:51,11.61,-0.01,8,9288,卖盘
928,14:00:48,11.62,0.01,22,25564,买盘
929,14:00:45,11.61,--,107,124227,卖盘
930,14:00:39,11.61,--,511,593271,卖盘
931,14:00:36,11.61,-0.01,9,10449,卖盘
932,14:00:33,11.62,0.01,30,34860,买盘
933,14:00:30,11.61,--,6,6966,卖盘
934,14:00:21,11.61,-0.01,15,17415,卖盘
935,14:00:18,11.62,0.01,100,116199,买盘
936,14:00:15,11.61,-0.01,5,5805,卖盘
937,14:00:12,11.62,0.01,26,30572,买盘
938,14:00:09,11.61,--,11,12771,卖盘
939,14:00:06,11.61,-0.01,72,84602,卖盘
940,14:00:03,11.62,0.01,24,27887,买盘
941,14:00:00,11.61,-0.01,18,20898,卖盘
942,13:59:57,11.62,--,7,8133,买盘
943,13:59:54,11.62,0.01,2,2324,买盘
944,13:59:51,11.61,--,13,15093,卖盘
945,13:59:48,11.61,-0.01,15,17415,卖盘
946,13:59:45,11.62,0.01,54,62747,买盘
947,13:59:42,11.61,-0.01,1,1161,卖盘
948,13:59:36,11.62,0.01,10,11620,买盘
949,13:59:27,11.61,--,3,3483,卖盘
950,13:59:21,11.61,--,9,10449,卖盘
951,13:59:15,11.61,--,52,60372,卖盘
952,13:59:09,11.61,--,25,29384,卖盘
953,13:59:06,11.61,-0.01,55,64865,卖盘
954,13:59:03,11.62,--,7,8133,卖盘
955,13:59:00,11.62,-0.01,185,214970,卖盘
956,13:58:57,11.63,0.01,12,13956,买盘
957,13:58:54,11.62,--,168,195216,卖盘
958,13:58:51,11.62,-0.01,46,53452,卖盘
959,13:58:48,11.63,0.01,33,38379,买盘
960,13:58:42,11.62,--,2,2324,卖盘
961,13:58:39,11.62,-0.01,9,10458,卖盘
962,13:58:36,11.63,-0.01,69,80247,卖盘
963,13:58:33,11.64,0.01,1,1164,买盘
964,13:58:27,11.63,--,27,31401,买盘
965,13:58:24,11.63,--,26,30238,卖盘
966,13:58:21,11.63,-0.01,210,244230,卖盘
967,13:58:18,11.64,0.01,22,25608,买盘
968,13:58:15,11.63,--,110,127930,卖盘
969,13:58:12,11.63,0.01,558,649535,买盘
970,13:58:09,11.62,--,85,99281,卖盘
971,13:58:06,11.62,0.01,454,527548,买盘
972,13:58:03,11.61,--,39,46138,卖盘
973,13:58:00,11.61,--,53,61533,卖盘
974,13:57:54,11.61,-0.01,42,48762,卖盘
975,13:57:51,11.62,--,275,319550,卖盘
976,13:57:48,11.62,--,12,13943,卖盘
977,13:57:45,11.62,--,81,94122,卖盘
978,13:57:42,11.62,--,11,12782,卖盘
979,13:57:21,11.62,--,7,8133,卖盘
980,13:57:18,11.62,--,1,1162,卖盘
981,13:57:15,11.62,--,85,98770,卖盘
982,13:57:12,11.62,0.01,239,277718,买盘
983,13:57:09,11.61,--,7,8127,卖盘
984,13:57:06,11.61,-0.01,53,62020,卖盘
985,13:57:03,11.62,--,236,275115,买盘
986,13:56:57,11.62,0.01,23,26726,买盘
987,13:56:54,11.61,-0.01,15,17415,卖盘
988,13:56:51,11.62,0.01,110,127819,买盘
989,13:56:48,11.61,--,40,46440,卖盘
990,13:56:45,11.61,--,36,41796,卖盘
991,13:56:42,11.61,--,106,123066,卖盘
992,13:56:39,11.61,--,8,9288,卖盘
993,13:56:36,11.61,-0.01,30,34830,卖盘
994,13:56:33,11.62,0.01,1,1162,买盘
995,13:56:30,11.61,--,54,62694,卖盘
996,13:56:27,11.61,--,181,210373,买盘
997,13:56:21,11.61,--,45,52245,买盘
998,13:56:18,11.61,0.01,93,107973,买盘
999,13:56:15,11.6,--,13,15080,卖盘
1000,13:56:12,11.6,-0.01,1,1160,卖盘
1001,13:56:09,11.61,0.01,73,84753,买盘
1002,13:56:06,11.6,--,19,22086,卖盘
1003,13:56:03,11.6,--,3,3480,卖盘
1004,13:56:00,11.6,-0.01,38,44242,卖盘
1005,13:55:57,11.61,0.01,36,41796,买盘
1006,13:55:51,11.6,--,56,64960,卖盘
1007,13:55:48,11.6,--,10,11600,卖盘
1008,13:55:45,11.6,--,37,42920,卖盘
1009,13:55:42,11.6,--,33,38488,买盘
1010,13:55:39,11.6,--,4,4640,买盘
1011,13:55:36,11.6,--,1,1160,买盘
1012,13:55:33,11.6,--,15,17400,买盘
1013,13:55:30,11.6,--,98,114631,卖盘
1014,13:55:27,11.6,-0.01,29,33640,卖盘
1015,13:55:21,11.61,0.01,33,38313,买盘
1016,13:55:18,11.6,-0.01,10,11600,卖盘
1017,13:55:15,11.61,0.01,172,199692,买盘
1018,13:55:12,11.6,--,10,11600,卖盘
1019,13:55:09,11.6,--,1,1160,卖盘
1020,13:55:06,11.6,--,20,23200,卖盘
1021,13:55:03,11.6,--,13,15915,卖盘
1022,13:55:00,11.6,--,42,49253,卖盘
1023,13:54:57,11.6,--,62,71920,卖盘
1024,13:54:54,11.6,-0.01,1,1160,卖盘
1025,13:54:51,11.61,0.01,8,9288,买盘
1026,13:54:48,11.6,--,2,2320,卖盘
1027,13:54:42,11.6,--,12,13920,买盘
1028,13:54:39,11.6,--,17,19720,卖盘
1029,13:54:36,11.6,-0.01,34,39440,卖盘
1030,13:54:33,11.61,--,1,1161,买盘
1031,13:54:30,11.61,0.02,32,37152,买盘
1032,13:54:27,11.59,-0.01,31,35929,卖盘
1033,13:54:24,11.6,-0.01,65,75400,中性盘
1034,13:54:21,11.61,0.01,25,29025,买盘
1035,13:54:18,11.6,--,41,48302,卖盘
1036,13:54:15,11.6,--,103,119480,卖盘
1037,13:54:12,11.6,-0.01,521,604360,卖盘
1038,13:54:06,11.61,0.01,22,25542,买盘
1039,13:54:03,11.6,--,72,83520,卖盘
1040,13:54:00,11.6,--,27,31784,卖盘
1041,13:53:57,11.6,--,27,32224,卖盘
1042,13:53:51,11.6,--,12,13920,卖盘
1043,13:53:48,11.6,--,19,22040,卖盘
1044,13:53:45,11.6,--,124,143840,卖盘
1045,13:53:39,11.6,--,529,613640,卖盘
1046,13:53:30,11.6,-0.01,54,62640,卖盘
1047,13:53:27,11.61,--,130,150930,买盘
1048,13:53:24,11.61,0.01,91,105651,买盘
1049,13:53:21,11.6,-0.01,10,11600,卖盘
1050,13:53:18,11.61,0.01,2,2322,买盘
1051,13:53:15,11.6,-0.01,79,91640,卖盘
1052,13:53:12,11.61,0.01,3,3483,买盘
1053,13:53:09,11.6,--,100,116000,卖盘
1054,13:53:06,11.6,-0.01,266,308560,卖盘
1055,13:53:03,11.61,0.01,186,215946,买盘
1056,13:53:00,11.6,--,1527,1771934,卖盘
1057,13:52:57,11.6,-0.01,35,41354,卖盘
1058,13:52:54,11.61,0.01,51,59211,买盘
1059,13:52:51,11.6,-0.01,34,39440,卖盘
1060,13:52:48,11.61,0.01,92,106812,买盘
1061,13:52:45,11.6,--,5,5800,卖盘
1062,13:52:42,11.6,--,16,18560,卖盘
1063,13:52:39,11.6,-0.01,14,16240,卖盘
1064,13:52:36,11.61,0.01,25,29025,买盘
1065,13:52:33,11.6,--,5,5800,卖盘
1066,13:52:30,11.6,--,129,149640,卖盘
1067,13:52:21,11.6,--,4,4640,卖盘
1068,13:52:18,11.6,-0.01,79,91640,卖盘
1069,13:52:15,11.61,0.01,99,114939,买盘
1070,13:52:12,11.6,--,308,357280,卖盘
1071,13:52:09,11.6,-0.01,5,5800,卖盘
1072,13:52:06,11.61,0.01,22,25542,买盘
1073,13:52:03,11.6,--,12,13920,卖盘
1074,13:52:00,11.6,--,15,18548,卖盘
1075,13:51:57,11.6,--,28,32700,卖盘
1076,13:51:54,11.6,-0.01,39,45240,卖盘
1077,13:51:51,11.61,0.01,100,116100,买盘
1078,13:51:48,11.6,--,1,1160,卖盘
1079,13:51:39,11.6,-0.01,86,99760,卖盘
1080,13:51:33,11.61,--,515,598634,卖盘
1081,13:51:30,11.61,--,102,118422,卖盘
1082,13:51:27,11.61,--,70,81270,卖盘
1083,13:51:24,11.61,--,388,450468,卖盘
1084,13:51:18,11.61,--,146,169506,卖盘
1085,13:51:15,11.61,-0.01,24,27864,卖盘
1086,13:51:06,11.62,0.01,1,1162,买盘
1087,13:51:03,11.61,--,13,15093,卖盘
1088,13:51:00,11.61,--,39,45279,卖盘
1089,13:50:57,11.61,--,12,14930,卖盘
1090,13:50:54,11.61,--,90,104861,卖盘
1091,13:50:51,11.61,-0.01,23,26703,卖盘
1092,13:50:48,11.62,--,18,20916,买盘
1093,13:50:45,11.62,--,27,31373,买盘
1094,13:50:42,11.62,0.01,1,1162,买盘
1095,13:50:39,11.61,--,27,31347,卖盘
1096,13:50:36,11.61,-0.01,3,3483,卖盘
1097,13:50:33,11.62,--,25,29049,买盘
1098,13:50:30,11.62,--,46,53626,买盘
1099,13:50:24,11.62,0.01,10,11620,买盘
1100,13:50:18,11.61,-0.01,39,45279,卖盘
1101,13:50:15,11.62,0.01,224,260287,买盘
1102,13:50:12,11.61,-0.01,57,66177,卖盘
1103,13:50:09,11.62,--,60,70173,买盘
1104,13:50:06,11.62,0.01,9,10458,买盘
1105,13:50:03,11.61,--,7,8127,卖盘
1106,13:50:00,11.61,--,17,19737,卖盘
1107,13:49:57,11.61,-0.01,34,39729,卖盘
1108,13:49:54,11.62,0.01,85,99885,买盘
1109,13:49:51,11.61,-0.01,20,23220,卖盘
1110,13:49:48,11.62,--,335,389270,买盘
1111,13:49:45,11.62,--,100,116199,买盘
1112,13:49:42,11.62,--,52,60423,买盘
1113,13:49:39,11.62,--,12,13943,买盘
1114,13:49:36,11.62,0.01,10,11620,买盘
1115,13:49:33,11.61,-0.01,10,11610,卖盘
1116,13:49:30,11.62,0.01,30,35522,买盘
1117,13:49:27,11.61,--,28,33181,卖盘
1118,13:49:24,11.61,-0.01,6,6966,卖盘
1119,13:49:21,11.62,0.01,1,1162,买盘
1120,13:49:18,11.61,--,292,339012,卖盘
1121,13:49:15,11.61,-0.01,1605,1863405,卖盘
1122,13:49:12,11.62,0.01,2,2324,买盘
1123,13:49:09,11.61,-0.01,54,62694,卖盘
1124,13:49:06,11.62,0.01,9,10458,买盘
1125,13:49:00,11.61,--,36,41796,卖盘
1126,13:48:57,11.61,--,12,13932,卖盘
1127,13:48:54,11.61,--,218,253980,卖盘
1128,13:48:51,11.61,--,40,46927,卖盘
1129,13:48:48,11.61,--,19,22059,卖盘
1130,13:48:45,11.61,-0.01,129,149769,卖盘
1131,13:48:39,11.62,--,51,59261,买盘
1132,13:48:36,11.62,0.01,6,6971,买盘
1133,13:48:33,11.61,-0.01,81,94041,卖盘
1134,13:48:30,11.62,--,2,2324,买盘
1135,13:48:27,11.62,0.01,137,159368,买盘
1136,13:48:24,11.61,--,8,9288,卖盘
1137,13:48:21,11.61,-0.01,1,1161,卖盘
1138,13:48:18,11.62,--,21,24402,买盘
1139,13:48:15,11.62,--,10,11620,买盘
1140,13:48:12,11.62,0.01,11,12782,买盘
1141,13:48:06,11.61,--,1,1161,卖盘
1142,13:48:03,11.61,-0.01,214,248454,卖盘
1143,13:48:00,11.62,--,1334,1550816,卖盘
1144,13:47:57,11.62,--,20,23240,卖盘
1145,13:47:54,11.62,-0.01,35,41099,卖盘
1146,13:47:51,11.63,0.01,38,45136,买盘
1147,13:47:48,11.62,-0.01,9,10458,卖盘
1148,13:47:45,11.63,0.01,49,56987,买盘
1149,13:47:42,11.62,-0.01,12,13943,卖盘
1150,13:47:39,11.63,0.01,12,13956,买盘
1151,13:47:33,11.62,-0.01,28,32535,卖盘
1152,13:47:30,11.63,--,5,5815,买盘
1153,13:47:27,11.63,0.01,26,30982,买盘
1154,13:47:24,11.62,--,26,30804,卖盘
1155,13:47:21,11.62,--,31,36022,卖盘
1156,13:47:12,11.62,--,1,1162,卖盘
1157,13:47:09,11.62,--,19,22078,卖盘
1158,13:47:06,11.62,--,21,24402,卖盘
1159,13:47:03,11.62,--,108,125495,卖盘
1160,13:47:00,11.62,--,47,54613,卖盘
1161,13:46:57,11.62,--,3,3485,卖盘
1162,13:46:54,11.62,--,7,8133,卖盘
1163,13:46:51,11.62,--,12,14954,卖盘
1164,13:46:48,11.62,-0.01,30,35220,卖盘
1165,13:46:39,11.63,--,19,22097,买盘
1166,13:46:36,11.63,0.01,3,3489,买盘
1167,13:46:33,11.62,--,108,125495,卖盘
1168,13:46:30,11.62,--,30,34860,卖盘
1169,13:46:27,11.62,--,9,10458,卖盘
1170,13:46:24,11.62,--,46,53626,卖盘
1171,13:46:18,11.62,--,35,40670,卖盘
1172,13:46:15,11.62,--,13,15105,卖盘
1173,13:46:12,11.62,--,48,55775,卖盘
1174,13:46:09,11.62,--,270,313740,卖盘
1175,13:46:06,11.62,--,1,1162,卖盘
1176,13:45:57,11.62,--,1,1162,卖盘
1177,13:45:54,11.62,-0.01,13,15105,卖盘
1178,13:45:51,11.63,0.01,25,29737,买盘
1179,13:45:48,11.62,--,52,61132,卖盘
1180,13:45:42,11.62,-0.01,121,140602,卖盘
1181,13:45:39,11.63,--,24,28493,卖盘
1182,13:45:36,11.63,--,8,9304,卖盘
1183,13:45:33,11.63,--,5,5815,卖盘
1184,13:45:30,11.63,0.01,809,941448,买盘
1185,13:45:27,11.62,-0.01,18,20916,卖盘
1186,13:45:24,11.63,--,41,47857,买盘
1187,13:45:21,11.63,--,4,4652,买盘
1188,13:45:18,11.63,--,66,76758,买盘
1189,13:45:15,11.63,--,3,3489,买盘
1190,13:45:12,11.63,--,388,451825,卖盘
1191,13:45:09,11.63,--,22,25586,卖盘
1192,13:45:06,11.63,--,144,167472,卖盘
1193,13:45:03,11.63,--,21,24423,卖盘
1194,13:45:00,11.63,--,83,96529,卖盘
1195,13:44:57,11.63,--,55,63965,卖盘
1196,13:44:54,11.63,--,23,26749,卖盘
1197,13:44:51,11.63,--,12,15084,卖盘
1198,13:44:48,11.63,--,6,6978,卖盘
1199,13:44:45,11.63,-0.01,31,36297,卖盘
1200,13:44:39,11.64,0.01,15,17460,买盘
1201,13:44:36,11.63,-0.01,30,34890,卖盘
1202,13:44:33,11.64,0.01,28,32592,买盘
1203,13:44:27,11.63,--,16,18608,卖盘
1204,13:44:24,11.63,--,111,129093,卖盘
1205,13:44:21,11.63,--,37,43205,卖盘
1206,13:44:18,11.63,-0.01,10,11630,卖盘
1207,13:44:12,11.64,--,22,25608,买盘
1208,13:44:03,11.64,--,22,25608,卖盘
1209,13:44:00,11.64,--,1,1164,卖盘
1210,13:43:57,11.64,0.01,1,1164,中性盘
1211,13:43:48,11.63,--,106,123278,卖盘
1212,13:43:45,11.63,--,91,106809,卖盘
1213,13:43:42,11.63,-0.01,141,164378,卖盘
1214,13:43:39,11.64,--,1251,1456164,买盘
1215,13:43:36,11.64,0.01,106,123384,买盘
1216,13:43:33,11.63,--,761,885043,卖盘
1217,13:43:30,11.63,-0.01,10,11630,卖盘
1218,13:43:27,11.64,0.01,13,15132,买盘
1219,13:43:24,11.63,--,113,131419,卖盘
1220,13:43:21,11.63,--,725,843349,卖盘
1221,13:43:18,11.63,--,6,6978,卖盘
1222,13:43:15,11.63,--,22,25586,卖盘
1223,13:43:12,11.63,-0.01,10,11630,卖盘
1224,13:43:09,11.64,--,15,17460,买盘
1225,13:43:03,11.64,0.01,3,3492,买盘
1226,13:42:57,11.63,--,5,5815,卖盘
1227,13:42:54,11.63,-0.01,29,33727,卖盘
1228,13:42:48,11.64,0.01,83,96612,买盘
1229,13:42:45,11.63,--,30,35017,卖盘
1230,13:42:42,11.63,-0.01,154,179183,卖盘
1231,13:42:39,11.64,0.01,154,179256,买盘
1232,13:42:33,11.63,--,80,93040,卖盘
1233,13:42:30,11.63,--,62,72106,卖盘
1234,13:42:27,11.63,-0.01,19,22097,卖盘
1235,13:42:24,11.64,0.01,106,123384,买盘
1236,13:42:21,11.63,--,18,21538,卖盘
1237,13:42:18,11.63,-0.01,90,105402,卖盘
1238,13:42:15,11.64,--,15,17460,买盘
1239,13:42:12,11.64,0.01,432,502848,买盘
1240,13:42:09,11.63,--,69,80247,卖盘
1241,13:42:06,11.63,--,110,127930,卖盘
1242,13:42:03,11.63,--,10,11630,卖盘
1243,13:41:57,11.63,--,1,1163,卖盘
1244,13:41:54,11.63,--,13,15119,卖盘
1245,13:41:51,11.63,-0.01,31,36053,卖盘
1246,13:41:48,11.64,--,23,26772,买盘
1247,13:41:45,11.64,0.01,17,20719,买盘
1248,13:41:42,11.63,--,5,5815,卖盘
1249,13:41:39,11.63,-0.01,35,41146,卖盘
1250,13:41:36,11.64,--,28,32592,买盘
1251,13:41:33,11.64,0.01,10,11640,买盘
1252,13:41:27,11.63,-0.01,21,24423,卖盘
1253,13:41:24,11.64,--,100,117389,卖盘
1254,13:41:18,11.64,--,42,49062,卖盘
1255,13:41:15,11.64,--,27,31428,买盘
1256,13:41:12,11.64,0.01,1,1164,买盘
1257,13:41:09,11.63,-0.01,182,211666,卖盘
1258,13:41:03,11.64,--,224,261667,卖盘
1259,13:41:00,11.64,--,452,526128,卖盘
1260,13:40:57,11.64,--,535,622740,卖盘
1261,13:40:54,11.64,-0.01,115,133860,卖盘
1262,13:40:51,11.65,0.01,19,22135,买盘
1263,13:40:48,11.64,--,11,12804,卖盘
1264,13:40:42,11.64,-0.01,74,86298,卖盘
1265,13:40:39,11.65,0.01,84,97906,买盘
1266,13:40:36,11.64,--,31,36084,卖盘
1267,13:40:33,11.64,-0.01,51,59364,卖盘
1268,13:40:30,11.65,--,54,62910,买盘
1269,13:40:27,11.65,0.01,256,298240,买盘
1270,13:40:18,11.64,--,24,28727,卖盘
1271,13:40:15,11.64,-0.01,42,49435,卖盘
1272,13:40:12,11.65,0.01,10,11650,买盘
1273,13:40:09,11.64,-0.01,6,6984,卖盘
1274,13:40:06,11.65,0.01,37,43105,买盘
1275,13:40:03,11.64,--,5,5820,卖盘
1276,13:39:57,11.64,--,8,9312,卖盘
1277,13:39:54,11.64,-0.01,47,54708,卖盘
1278,13:39:51,11.65,--,12,13980,买盘
1279,13:39:48,11.65,0.01,124,144460,买盘
1280,13:39:42,11.64,--,33,38842,卖盘
1281,13:39:39,11.64,-0.01,90,105702,卖盘
1282,13:39:36,11.65,0.01,1,1165,买盘
1283,13:39:33,11.64,--,59,68676,卖盘
1284,13:39:30,11.64,-0.01,8,9312,卖盘
1285,13:39:27,11.65,0.01,42,48930,买盘
1286,13:39:24,11.64,-0.01,15,17460,卖盘
1287,13:39:21,11.65,0.01,40,46600,买盘
1288,13:39:18,11.64,--,17,19788,卖盘
1289,13:39:15,11.64,--,67,78162,卖盘
1290,13:39:12,11.64,--,46,53544,卖盘
1291,13:39:09,11.64,--,9,10476,卖盘
1292,13:39:06,11.64,--,47,54708,卖盘
1293,13:39:03,11.64,--,16,18624,卖盘
1294,13:38:57,11.64,--,52,60528,卖盘
1295,13:38:54,11.64,--,5,5820,卖盘
1296,13:38:48,11.64,--,3,3492,卖盘
1297,13:38:45,11.64,--,5,5820,卖盘
1298,13:38:42,11.64,-0.01,32,37434,卖盘
1299,13:38:39,11.65,0.01,50,58250,买盘
1300,13:38:36,11.64,--,29,33779,卖盘
1301,13:38:27,11.64,--,16,18624,卖盘
1302,13:38:24,11.64,-0.01,32,37248,卖盘
1303,13:38:21,11.65,0.01,3,3495,买盘
1304,13:38:18,11.64,--,5,5820,卖盘
1305,13:38:15,11.64,--,37,43242,卖盘
1306,13:38:12,11.64,-0.01,7,8148,卖盘
1307,13:38:09,11.65,0.01,20,23300,买盘
1308,13:37:57,11.64,--,26,30264,卖盘
1309,13:37:54,11.64,--,20,23280,卖盘
1310,13:37:51,11.64,--,8,9312,卖盘
1311,13:37:48,11.64,-0.01,25,29100,卖盘
1312,13:37:45,11.65,0.01,86,100190,买盘
1313,13:37:42,11.64,-0.01,28,32592,卖盘
1314,13:37:39,11.65,0.01,177,206577,买盘
1315,13:37:36,11.64,--,28,33593,卖盘
1316,13:37:33,11.64,--,43,50052,卖盘
1317,13:37:30,11.64,--,1,1164,卖盘
1318,13:37:27,11.64,-0.01,8,9312,卖盘
1319,13:37:24,11.65,--,64,74560,买盘
1320,13:37:18,11.65,0.01,96,111840,买盘
1321,13:37:12,11.64,-0.01,37,43242,卖盘
1322,13:37:09,11.65,0.01,13,15145,买盘
1323,13:37:06,11.64,-0.01,50,58200,卖盘
1324,13:37:03,11.65,0.01,1,1165,买盘
1325,13:36:57,11.64,-0.01,1,1164,卖盘
1326,13:36:54,11.65,0.01,15,17475,买盘
1327,13:36:48,11.64,--,11,12804,卖盘
1328,13:36:45,11.64,-0.01,70,81480,卖盘
1329,13:36:42,11.65,-0.01,8,9320,卖盘
1330,13:36:39,11.66,0.01,58,67989,买盘
1331,13:36:33,11.65,0.01,57,67418,买盘
1332,13:36:30,11.64,-0.01,3,3492,卖盘
1333,13:36:27,11.65,--,34,39610,卖盘
1334,13:36:24,11.65,--,8,9320,卖盘
1335,13:36:21,11.65,--,6,6990,买盘
1336,13:36:18,11.65,-0.01,59,68735,中性盘
1337,13:36:15,11.66,0.02,50,58300,买盘
1338,13:36:12,11.64,-0.01,120,139854,卖盘
1339,13:36:09,11.65,0.01,20,23300,中性盘
1340,13:36:03,11.64,--,454,528456,卖盘
1341,13:35:57,11.64,-0.01,20,23280,卖盘
1342,13:35:54,11.65,--,96,111840,卖盘
1343,13:35:51,11.65,0.01,10,11650,中性盘
1344,13:35:42,11.64,-0.02,11,12804,卖盘
1345,13:35:39,11.66,0.02,43,50138,买盘
1346,13:35:36,11.64,-0.01,16,19264,卖盘
1347,13:35:33,11.65,-0.01,31,36848,卖盘
1348,13:35:27,11.66,0.01,5,5830,买盘
1349,13:35:24,11.65,0.01,13,15145,中性盘
1350,13:35:12,11.64,--,22,26318,卖盘
1351,13:35:09,11.64,-0.01,60,70468,卖盘
1352,13:35:06,11.65,--,115,133975,卖盘
1353,13:35:03,11.65,--,17,19805,卖盘
1354,13:34:57,11.65,-0.01,101,117665,卖盘
1355,13:34:45,11.66,0.01,1,1166,买盘
1356,13:34:42,11.65,-0.01,5,5825,卖盘
1357,13:34:39,11.66,--,60,69960,买盘
1358,13:34:36,11.66,0.01,33,38478,买盘
1359,13:34:33,11.65,--,166,193914,卖盘
1360,13:34:30,11.65,--,45,53275,卖盘
1361,13:34:27,11.65,--,6,6990,卖盘
1362,13:34:24,11.65,--,81,94365,卖盘
1363,13:34:21,11.65,--,143,166595,卖盘
1364,13:34:18,11.65,--,101,117665,卖盘
1365,13:34:12,11.65,--,20,23300,卖盘
1366,13:34:09,11.65,-0.01,80,93374,卖盘
1367,13:34:03,11.66,--,51,60457,卖盘
1368,13:34:00,11.66,--,43,50138,卖盘
1369,13:33:57,11.66,0.01,101,117940,买盘
1370,13:33:54,11.65,-0.01,20,23300,卖盘
1371,13:33:51,11.66,--,1,1166,买盘
1372,13:33:48,11.66,--,4,4664,买盘
1373,13:33:39,11.66,--,14,16324,买盘
1374,13:33:36,11.66,0.01,63,73458,买盘
1375,13:33:33,11.65,--,29,34856,卖盘
1376,13:33:30,11.65,-0.01,31,36417,卖盘
1377,13:33:27,11.66,--,81,94446,买盘
1378,13:33:21,11.66,0.01,3,3498,买盘
1379,13:33:18,11.65,--,151,175915,卖盘
1380,13:33:15,11.65,-0.01,18,20970,卖盘
1381,13:33:12,11.66,--,871,1016577,卖盘
1382,13:33:09,11.66,--,51,59640,卖盘
1383,13:33:06,11.66,-0.01,26,30316,卖盘
1384,13:33:03,11.67,--,140,163380,买盘
1385,13:33:00,11.67,--,34,39678,买盘
1386,13:32:57,11.67,0.01,52,60684,买盘
1387,13:32:54,11.66,0.01,983,1147227,买盘
1388,13:32:48,11.65,-0.01,16,18640,卖盘
1389,13:32:39,11.66,--,32,37312,买盘
1390,13:32:36,11.66,0.01,54,62964,买盘
1391,13:32:33,11.65,--,43,50607,卖盘
1392,13:32:30,11.65,--,150,174750,卖盘
1393,13:32:27,11.65,--,55,64937,卖盘
1394,13:32:24,11.65,-0.01,80,93200,卖盘
1395,13:32:18,11.66,0.01,8,9328,买盘
1396,13:32:09,11.65,--,8,9320,卖盘
1397,13:32:06,11.65,--,40,46774,卖盘
1398,13:32:03,11.65,--,26,30290,卖盘
1399,13:32:00,11.65,--,113,131645,卖盘
1400,13:31:57,11.65,--,1,1165,卖盘
1401,13:31:54,11.65,-0.01,25,29125,卖盘
1402,13:31:51,11.66,0.01,23,26818,买盘
1403,13:31:48,11.65,--,24,27960,卖盘
1404,13:31:45,11.65,-0.01,44,51260,卖盘
1405,13:31:39,11.66,--,13,15158,买盘
1406,13:31:36,11.66,0.02,37,43142,买盘
1407,13:31:33,11.64,--,41,47724,卖盘
1408,13:31:30,11.64,--,21,24828,卖盘
1409,13:31:27,11.64,--,101,118553,卖盘
1410,13:31:24,11.64,--,132,153648,卖盘
1411,13:31:21,11.64,--,1,1164,卖盘
1412,13:31:18,11.64,--,4,4656,卖盘
1413,13:31:15,11.64,--,5,5820,卖盘
1414,13:31:09,11.64,--,14,16296,卖盘
1415,13:31:06,11.64,--,50,58374,卖盘
1416,13:31:03,11.64,--,8,9312,卖盘
1417,13:30:57,11.64,-0.02,63,73332,卖盘
1418,13:30:54,11.66,0.01,133,155194,买盘
1419,13:30:51,11.65,--,1010,1176650,卖盘
1420,13:30:48,11.65,--,10,11650,卖盘
1421,13:30:45,11.65,--,29,33785,卖盘
1422,13:30:42,11.65,--,12,13980,卖盘
1423,13:30:39,11.65,-0.01,20,23300,卖盘
1424,13:30:36,11.66,0.01,34,39644,买盘
1425,13:30:33,11.65,--,141,164265,卖盘
1426,13:30:30,11.65,--,706,822490,卖盘
1427,13:30:27,11.65,--,61,71286,卖盘
1428,13:30:24,11.65,--,47,55908,卖盘
1429,13:30:18,11.65,--,14,16310,卖盘
1430,13:30:09,11.65,-0.01,15,17475,卖盘
1431,13:30:06,11.66,--,10,11660,买盘
1432,13:30:03,11.66,--,9,10494,买盘
1433,13:29:57,11.66,--,10,11660,买盘
1434,13:29:54,11.66,-0.01,25,29150,卖盘
1435,13:29:51,11.67,--,33,38511,买盘
1436,13:29:48,11.67,--,18,21006,买盘
1437,13:29:39,11.67,0.02,16,18672,买盘
1438,13:29:36,11.65,--,55,64075,卖盘
1439,13:29:33,11.65,-0.01,22,25630,卖盘
1440,13:29:27,11.66,--,46,54102,卖盘
1441,13:29:24,11.66,--,77,90691,买盘
1442,13:29:21,11.66,0.01,23,26818,买盘
1443,13:29:18,11.65,--,27,31455,卖盘
1444,13:29:15,11.65,--,171,199215,卖盘
1445,13:29:12,11.65,-0.01,8,9320,卖盘
1446,13:29:09,11.66,--,62,72292,买盘
1447,13:29:06,11.66,0.01,51,59466,买盘
1448,13:29:03,11.65,--,29,33785,卖盘
1449,13:29:00,11.65,-0.01,7,8155,卖盘
1450,13:28:57,11.66,--,21,24486,买盘
1451,13:28:48,11.66,--,10,11660,买盘
1452,13:28:42,11.66,--,2,2332,买盘
1453,13:28:39,11.66,--,9,10494,买盘
1454,13:28:36,11.66,0.01,34,39644,买盘
1455,13:28:33,11.65,--,5,5825,卖盘
1456,13:28:30,11.65,--,16,18640,卖盘
1457,13:28:27,11.65,--,22,25816,卖盘
1458,13:28:24,11.65,--,39,45458,卖盘
1459,13:28:21,11.65,--,41,47765,卖盘
1460,13:28:09,11.65,-0.01,27,31455,卖盘
1461,13:28:06,11.66,--,30,34980,买盘
1462,13:28:00,11.66,0.01,7,8162,买盘
1463,13:27:57,11.65,-0.01,1,1165,卖盘
1464,13:27:51,11.66,--,25,29150,买盘
1465,13:27:45,11.66,-0.01,41,47806,卖盘
1466,13:27:42,11.67,--,1,1167,买盘
1467,13:27:39,11.67,--,2,2334,买盘
1468,13:27:36,11.67,0.01,33,38511,买盘
1469,13:27:30,11.66,0.01,1,1166,中性盘
1470,13:27:24,11.65,--,96,112049,卖盘
1471,13:27:21,11.65,-0.01,21,24465,卖盘
1472,13:27:15,11.66,--,9,10494,买盘
1473,13:27:06,11.66,--,2,2332,买盘
1474,13:27:03,11.66,--,1,1166,买盘
1475,13:26:57,11.66,--,8,9328,卖盘
1476,13:26:51,11.66,0.01,81,94446,买盘
1477,13:26:45,11.65,--,21,24465,卖盘
1478,13:26:42,11.65,-0.01,70,81550,卖盘
1479,13:26:39,11.66,-0.01,11,12826,卖盘
1480,13:26:36,11.67,0.02,7,8169,买盘
1481,13:26:30,11.65,-0.01,40,46600,卖盘
1482,13:26:27,11.66,--,9,10494,卖盘
1483,13:26:24,11.66,0.01,49,58288,买盘
1484,13:26:21,11.65,--,31,36336,卖盘
1485,13:26:12,11.65,-0.01,3,3495,卖盘
1486,13:26:06,11.66,0.01,16,18656,买盘
1487,13:26:00,11.65,--,41,47765,卖盘
1488,13:25:54,11.65,--,1,1165,卖盘
1489,13:25:51,11.65,--,34,39610,买盘
1490,13:25:48,11.65,-0.01,34,39610,卖盘
1491,13:25:42,11.66,--,7,8162,卖盘
1492,13:25:39,11.66,--,22,25652,卖盘
1493,13:25:36,11.66,--,20,23320,卖盘
1494,13:25:33,11.66,0.02,4,4664,买盘
1495,13:25:27,11.64,-0.02,482,561048,卖盘
1496,13:25:24,11.66,0.01,27,31598,买盘
1497,13:25:18,11.65,--,40,46693,卖盘
1498,13:25:15,11.65,-0.01,18,20970,卖盘
1499,13:25:12,11.66,--,50,58300,买盘
1500,13:25:09,11.66,--,1,1166,买盘
1501,13:25:06,11.66,0.01,3,3498,买盘
1502,13:25:03,11.65,--,4,4660,卖盘
1503,13:25:00,11.65,--,10,11650,卖盘
1504,13:24:57,11.65,--,5,5825,卖盘
1505,13:24:51,11.65,-0.01,1,1165,卖盘
1506,13:24:48,11.66,--,3,3498,中性盘
1507,13:24:45,11.66,0.01,5,5830,买盘
1508,13:24:42,11.65,-0.02,47,54929,卖盘
1509,13:24:39,11.67,--,2,2334,买盘
1510,13:24:33,11.67,0.01,33,38511,买盘
1511,13:24:30,11.66,--,8,9328,卖盘
1512,13:24:24,11.66,0.01,27,31482,买盘
1513,13:24:21,11.65,-0.01,16,19490,卖盘
1514,13:24:18,11.66,-0.01,31,36670,卖盘
1515,13:24:15,11.67,0.01,10,11670,买盘
1516,13:24:12,11.66,--,5,5830,卖盘
1517,13:23:57,11.66,--,1,1166,卖盘
1518,13:23:54,11.66,--,8,9328,卖盘
1519,13:23:51,11.66,--,15,17606,卖盘
1520,13:23:48,11.66,-0.01,10,11660,卖盘
1521,13:23:42,11.67,0.01,16,19488,买盘
1522,13:23:39,11.66,--,23,27342,卖盘
1523,13:23:36,11.66,--,34,39644,卖盘
1524,13:23:33,11.66,--,20,23320,卖盘
1525,13:23:30,11.66,--,20,23320,卖盘
1526,13:23:27,11.66,0.01,76,88616,买盘
1527,13:23:24,11.65,--,14,16310,卖盘
1528,13:23:18,11.65,--,13,15249,卖盘
1529,13:23:15,11.65,-0.01,156,181844,卖盘
1530,13:23:09,11.66,0.01,26,30316,买盘
1531,13:22:57,11.65,--,7,8155,卖盘
1532,13:22:54,11.65,--,493,574345,卖盘
1533,13:22:51,11.65,--,1,1165,卖盘
1534,13:22:48,11.65,--,5,5825,卖盘
1535,13:22:45,11.65,-0.01,5,5825,卖盘
1536,13:22:42,11.66,0.01,72,83952,买盘
1537,13:22:39,11.65,-0.01,38,44444,卖盘
1538,13:22:36,11.66,0.01,35,40810,买盘
1539,13:22:33,11.65,-0.01,20,23300,卖盘
1540,13:22:30,11.66,--,5,5830,买盘
1541,13:22:24,11.66,0.01,6,6996,买盘
1542,13:22:18,11.65,--,15,18430,卖盘
1543,13:22:15,11.65,--,57,66824,卖盘
1544,13:22:12,11.65,--,486,566830,买盘
1545,13:22:06,11.65,--,138,160770,买盘
1546,13:22:03,11.65,0.01,241,280765,买盘
1547,13:21:57,11.64,--,1,1164,卖盘
1548,13:21:54,11.64,-0.01,20,23280,卖盘
1549,13:21:51,11.65,0.01,2,2330,买盘
1550,13:21:48,11.64,--,2,2328,卖盘
1551,13:21:45,11.64,--,59,68676,卖盘
1552,13:21:42,11.64,--,4,4656,卖盘
1553,13:21:39,11.64,-0.01,38,44406,卖盘
1554,13:21:36,11.65,0.01,33,38445,买盘
1555,13:21:33,11.64,--,50,58200,卖盘
1556,13:21:30,11.64,-0.01,1,1164,卖盘
1557,13:21:27,11.65,0.01,3,3495,买盘
1558,13:21:24,11.64,--,12,13968,卖盘
1559,13:21:18,11.64,--,13,15399,卖盘
1560,13:21:15,11.64,-0.01,31,37189,卖盘
1561,13:21:09,11.65,0.01,7,8155,买盘
1562,13:21:06,11.64,--,138,160632,卖盘
1563,13:21:03,11.64,--,34,39576,卖盘
1564,13:20:57,11.64,--,72,83808,买盘
1565,13:20:54,11.64,--,88,102432,买盘
1566,13:20:51,11.64,--,423,492372,卖盘
1567,13:20:48,11.64,--,8,9312,卖盘
1568,13:20:45,11.64,--,376,437664,卖盘
1569,13:20:39,11.64,--,393,458068,卖盘
1570,13:20:36,11.64,--,141,164845,卖盘
1571,13:20:33,11.64,--,4,4656,卖盘
1572,13:20:24,11.64,--,9,10476,卖盘
1573,13:20:18,11.64,--,3,3492,卖盘
1574,13:20:15,11.64,--,15,17657,卖盘
1575,13:20:12,11.64,--,29,33767,卖盘
1576,13:20:09,11.64,-0.01,49,57036,卖盘
1577,13:20:00,11.65,--,1,1165,买盘
1578,13:19:54,11.65,--,80,93724,卖盘
1579,13:19:51,11.65,-0.01,501,583665,卖盘
1580,13:19:48,11.66,--,78,90948,买盘
1581,13:19:42,11.66,0.01,1,1166,买盘
1582,13:19:39,11.65,--,215,250591,卖盘
1583,13:19:36,11.65,--,77,89879,卖盘
1584,13:19:33,11.65,-0.01,1,1165,卖盘
1585,13:19:30,11.66,--,76,88616,买盘
1586,13:19:27,11.66,--,1,1166,买盘
1587,13:19:24,11.66,--,172,201601,卖盘
1588,13:19:21,11.66,--,169,197054,卖盘
1589,13:19:18,11.66,--,138,160908,卖盘
1590,13:19:15,11.66,--,11,13828,卖盘
1591,13:19:12,11.66,--,37,43515,卖盘
1592,13:19:06,11.66,-0.01,2,2332,卖盘
1593,13:19:03,11.67,0.01,31,36177,买盘
1594,13:18:57,11.66,-0.01,131,152746,卖盘
1595,13:18:54,11.67,0.01,2,2334,买盘
1596,13:18:51,11.66,--,8,9328,卖盘
1597,13:18:48,11.66,--,7,8162,卖盘
1598,13:18:45,11.66,-0.01,12,13992,卖盘
1599,13:18:42,11.67,0.01,2,2334,买盘
1600,13:18:39,11.66,--,3,3498,卖盘
1601,13:18:36,11.66,--,15,18119,卖盘
1602,13:18:33,11.66,-0.01,22,26363,卖盘
1603,13:18:30,11.67,--,57,66519,买盘
1604,13:18:21,11.67,--,22,25674,买盘
1605,13:18:18,11.67,--,51,59517,买盘
1606,13:18:15,11.67,0.01,13,15171,买盘
1607,13:18:12,11.66,-0.01,18,21104,卖盘
1608,13:18:09,11.67,0.01,3,3501,买盘
1609,13:18:06,11.66,--,27,31575,卖盘
1610,13:18:03,11.66,--,118,137588,卖盘
1611,13:18:00,11.66,--,54,62964,卖盘
1612,13:17:57,11.66,--,8,10015,买盘
1613,13:17:51,11.66,-0.01,308,359606,卖盘
1614,13:17:48,11.67,0.01,2,2334,买盘
1615,13:17:45,11.66,-0.01,8,9328,卖盘
1616,13:17:42,11.67,0.01,113,131871,买盘
1617,13:17:39,11.66,-0.01,1,1166,卖盘
1618,13:17:36,11.67,0.01,1,1167,买盘
1619,13:17:33,11.66,-0.01,39,45648,卖盘
1620,13:17:24,11.67,0.01,1,1167,买盘
1621,13:17:21,11.66,--,29,33814,卖盘
1622,13:17:18,11.66,-0.01,1,1166,卖盘
1623,13:17:15,11.67,0.01,2,2334,买盘
1624,13:17:12,11.66,-0.01,34,40763,卖盘
1625,13:17:09,11.67,0.01,92,107620,买盘
1626,13:17:06,11.66,-0.01,3,3498,卖盘
1627,13:17:03,11.67,0.01,1,1167,买盘
1628,13:17:00,11.66,-0.01,529,616814,卖盘
1629,13:16:57,11.67,--,5,5835,买盘
1630,13:16:54,11.67,--,18,21006,买盘
1631,13:16:51,11.67,--,9,10503,买盘
1632,13:16:48,11.67,--,2,2334,买盘
1633,13:16:42,11.67,0.01,2,2334,买盘
1634,13:16:39,11.66,--,16,18656,卖盘
1635,13:16:36,11.66,-0.01,1,1166,卖盘
1636,13:16:33,11.67,--,104,121543,买盘
1637,13:16:30,11.67,0.01,1,1167,买盘
1638,13:16:27,11.66,--,1,1166,卖盘
1639,13:16:24,11.66,-0.01,41,47806,卖盘
1640,13:16:21,11.67,0.01,1,1167,买盘
1641,13:16:15,11.66,--,17,19822,卖盘
1642,13:16:09,11.66,--,16,18690,卖盘
1643,13:16:06,11.66,-0.01,29,33988,卖盘
1644,13:16:03,11.67,0.01,40,46680,买盘
1645,13:16:00,11.66,-0.01,3,3498,卖盘
1646,13:15:57,11.67,--,8,9336,买盘
1647,13:15:54,11.67,0.01,21,24507,买盘
1648,13:15:51,11.66,--,1,1166,卖盘
1649,13:15:48,11.66,-0.01,11,12826,卖盘
1650,13:15:39,11.67,0.01,3,3501,买盘
1651,13:15:36,11.66,-0.01,12,13992,卖盘
1652,13:15:33,11.67,0.01,28,33422,买盘
1653,13:15:30,11.66,-0.01,21,25080,卖盘
1654,13:15:27,11.67,--,20,23340,买盘
1655,13:15:24,11.67,--,1,1167,买盘
1656,13:15:21,11.67,--,140,163380,买盘
1657,13:15:18,11.67,--,28,32676,买盘
1658,13:15:15,11.67,--,21,24507,买盘
1659,13:15:12,11.67,0.01,57,66519,买盘
1660,13:15:09,11.66,-0.01,19,22247,卖盘
1661,13:15:06,11.67,--,103,120317,买盘
1662,13:15:03,11.67,0.01,10,11670,买盘
1663,13:15:00,11.66,--,6,6996,卖盘
1664,13:14:54,11.66,-0.01,9,10494,卖盘
1665,13:14:51,11.67,--,2,2334,买盘
1666,13:14:42,11.67,0.01,1,1167,买盘
1667,13:14:39,11.66,--,1,1166,卖盘
1668,13:14:36,11.66,--,1,1166,卖盘
1669,13:14:30,11.66,-0.01,44,51478,卖盘
1670,13:14:27,11.67,--,57,66519,买盘
1671,13:14:24,11.67,0.01,70,81690,买盘
1672,13:14:21,11.66,--,9,10494,卖盘
1673,13:14:18,11.66,--,11,12826,卖盘
1674,13:14:15,11.66,-0.01,52,60632,卖盘
1675,13:14:09,11.67,0.01,2,2334,买盘
1676,13:14:03,11.66,--,5,5830,卖盘
1677,13:14:00,11.66,-0.01,289,336974,卖盘
1678,13:13:57,11.67,0.01,10,11670,买盘
1679,13:13:54,11.66,--,5,5830,卖盘
1680,13:13:48,11.66,-0.01,12,13992,卖盘
1681,13:13:45,11.67,0.01,1,1167,买盘
1682,13:13:39,11.66,-0.01,3,3498,卖盘
1683,13:13:36,11.67,-0.01,561,654803,卖盘
1684,13:13:33,11.68,0.01,13,15184,买盘
1685,13:13:30,11.67,--,47,55024,卖盘
1686,13:13:24,11.67,--,35,40845,卖盘
1687,13:13:15,11.67,-0.01,12,14004,卖盘
1688,13:13:12,11.68,0.01,40,46720,买盘
1689,13:13:06,11.67,--,5,5835,卖盘
1690,13:13:03,11.67,--,11,12837,卖盘
1691,13:13:00,11.67,--,4,4668,卖盘
1692,13:12:57,11.67,--,1,1167,卖盘
1693,13:12:54,11.67,--,23,26841,卖盘
1694,13:12:51,11.67,--,52,60684,卖盘
1695,13:12:48,11.67,-0.01,8,9336,卖盘
1696,13:12:39,11.68,0.01,65,75920,买盘
1697,13:12:30,11.67,--,9,10503,卖盘
1698,13:12:27,11.67,--,38,44521,卖盘
1699,13:12:24,11.67,-0.01,5,5835,卖盘
1700,13:12:18,11.68,0.01,2,2336,买盘
1701,13:12:15,11.67,--,38,44346,卖盘
1702,13:12:12,11.67,-0.01,1,1167,卖盘
1703,13:12:09,11.68,--,56,65408,买盘
1704,13:12:06,11.68,0.01,1,1168,买盘
1705,13:12:03,11.67,--,50,58350,卖盘
1706,13:11:57,11.67,--,4,4668,卖盘
1707,13:11:54,11.67,--,1,1167,卖盘
1708,13:11:45,11.67,-0.01,8,9336,卖盘
1709,13:11:36,11.68,--,1,1168,买盘
1710,13:11:33,11.68,0.01,62,72416,买盘
1711,13:11:27,11.67,--,37,43354,卖盘
1712,13:11:24,11.67,-0.01,3,3501,卖盘
1713,13:11:21,11.68,0.01,1,1168,中性盘
1714,13:11:15,11.67,-0.02,6,7002,卖盘
1715,13:11:12,11.69,0.01,2,2338,买盘
1716,13:11:06,11.68,--,62,72416,买盘
1717,13:11:00,11.68,0.01,3,3504,买盘
1718,13:10:57,11.67,-0.01,1,1167,卖盘
1719,13:10:54,11.68,0.01,203,237104,买盘
1720,13:10:51,11.67,--,4,4668,卖盘
1721,13:10:48,11.67,--,2,2334,卖盘
1722,13:10:45,11.67,--,10,11670,卖盘
1723,13:10:42,11.67,-0.01,16,18672,卖盘
1724,13:10:39,11.68,0.01,1,1168,买盘
1725,13:10:36,11.67,--,15,17505,卖盘
1726,13:10:33,11.67,--,50,58350,卖盘
1727,13:10:30,11.67,-0.01,100,116700,卖盘
1728,13:10:27,11.68,0.01,2,2336,买盘
1729,13:10:24,11.67,--,37,43354,卖盘
1730,13:10:18,11.67,--,114,133038,卖盘
1731,13:10:15,11.67,--,100,116700,卖盘
1732,13:10:12,11.67,-0.01,1,1167,卖盘
1733,13:10:06,11.68,--,11,12848,买盘
1734,13:10:03,11.68,-0.01,38,44384,卖盘
1735,13:10:00,11.69,--,9,10521,买盘
1736,13:09:57,11.69,--,271,316799,买盘
1737,13:09:54,11.69,--,54,63126,买盘
1738,13:09:48,11.69,--,2,2338,买盘
1739,13:09:45,11.69,--,2,2338,买盘
1740,13:09:42,11.69,--,50,58450,买盘
1741,13:09:39,11.69,--,1,1169,买盘
1742,13:09:36,11.69,--,21,24549,买盘
1743,13:09:33,11.69,0.01,1,1169,买盘
1744,13:09:30,11.68,--,9,10512,买盘
1745,13:09:27,11.68,0.01,11,12848,买盘
1746,13:09:24,11.67,-0.01,37,43354,卖盘
1747,13:09:15,11.68,--,81,94608,买盘
1748,13:09:12,11.68,0.01,1,1168,买盘
1749,13:09:09,11.67,-0.01,8,9336,卖盘
1750,13:09:00,11.68,--,4,4672,买盘
1751,13:08:57,11.68,--,2,2336,买盘
1752,13:08:51,11.68,--,62,72416,买盘
1753,13:08:48,11.68,0.01,8,9344,买盘
1754,13:08:45,11.67,-0.01,5,5835,卖盘
1755,13:08:42,11.68,0.01,5,5840,买盘
1756,13:08:39,11.67,-0.01,128,149376,卖盘
1757,13:08:36,11.68,0.01,54,63072,买盘
1758,13:08:33,11.67,--,11,12837,卖盘
1759,13:08:27,11.67,--,113,131871,卖盘
1760,13:08:24,11.67,--,15,18298,卖盘
1761,13:08:21,11.67,-0.01,93,109079,卖盘
1762,13:08:18,11.68,0.01,15,17520,买盘
1763,13:08:15,11.67,--,120,140040,卖盘
1764,13:08:12,11.67,--,11,12837,卖盘
1765,13:08:03,11.67,-0.01,28,32676,卖盘
1766,13:08:00,11.68,0.01,8,9344,买盘
1767,13:07:57,11.67,--,1,1167,卖盘
1768,13:07:51,11.67,-0.01,30,35010,卖盘
1769,13:07:42,11.68,--,10,11680,买盘
1770,13:07:39,11.68,--,9,10512,买盘
1771,13:07:36,11.68,--,22,25696,卖盘
1772,13:07:33,11.68,--,23,26864,买盘
1773,13:07:30,11.68,--,1,1168,买盘
1774,13:07:24,11.68,--,30,35040,买盘
1775,13:07:21,11.68,--,1,1168,买盘
1776,13:07:18,11.68,--,53,61904,卖盘
1777,13:07:15,11.68,--,63,73584,买盘
1778,13:07:09,11.68,0.01,1,1168,买盘
1779,13:07:03,11.67,-0.01,5,5835,卖盘
1780,13:07:00,11.68,0.01,1,1168,买盘
1781,13:06:57,11.67,--,21,24507,卖盘
1782,13:06:54,11.67,0.01,996,1162332,中性盘
1783,13:06:51,11.66,--,3,3498,卖盘
1784,13:06:48,11.66,-0.02,24,27984,卖盘
1785,13:06:45,11.68,--,2,2336,买盘
1786,13:06:42,11.68,0.02,500,584000,买盘
1787,13:06:39,11.66,--,5,5830,卖盘
1788,13:06:33,11.66,--,15,17490,卖盘
1789,13:06:30,11.66,--,1,1166,卖盘
1790,13:06:27,11.66,-0.01,118,137588,卖盘
1791,13:06:24,11.67,--,1,1167,买盘
1792,13:06:15,11.67,-0.01,2,2334,中性盘
1793,13:06:03,11.68,0.02,1,1168,买盘
1794,13:06:00,11.66,-0.01,40,46640,卖盘
1795,13:05:57,11.67,0.01,19,22173,买盘
1796,13:05:51,11.66,-0.01,4,4664,卖盘
1797,13:05:48,11.67,--,3,3501,卖盘
1798,13:05:45,11.67,--,571,666357,买盘
1799,13:05:42,11.67,--,1,1167,买盘
1800,13:05:39,11.67,--,3,3501,买盘
1801,13:05:36,11.67,--,10,11670,买盘
1802,13:05:33,11.67,-0.01,2,2334,卖盘
1803,13:05:30,11.68,0.01,2,2336,买盘
1804,13:05:24,11.67,0.01,2,2334,买盘
1805,13:05:21,11.66,-0.01,7,8162,卖盘
1806,13:05:18,11.67,--,31,36177,买盘
1807,13:05:15,11.67,--,12,14004,买盘
1808,13:05:12,11.67,-0.01,117,136539,卖盘
1809,13:05:09,11.68,0.01,1,1168,买盘
1810,13:05:03,11.67,--,10,11670,卖盘
1811,13:05:00,11.67,--,165,192555,买盘
1812,13:04:57,11.67,--,4,4668,买盘
1813,13:04:45,11.67,--,1,1167,买盘
1814,13:04:39,11.67,0.01,12,14004,买盘
1815,13:04:36,11.66,-0.01,23,26818,卖盘
1816,13:04:33,11.67,--,6,7002,买盘
1817,13:04:30,11.67,--,1,1167,买盘
1818,13:04:27,11.67,--,2,2334,买盘
1819,13:04:24,11.67,0.01,81,94527,买盘
1820,13:04:21,11.66,--,3,3498,卖盘
1821,13:04:15,11.66,-0.01,58,67628,卖盘
1822,13:04:12,11.67,0.01,2,2334,买盘
1823,13:04:06,11.66,-0.01,49,57134,卖盘
1824,13:04:03,11.67,--,16,18672,买盘
1825,13:04:00,11.67,--,2,2334,买盘
1826,13:03:51,11.67,--,1,1167,买盘
1827,13:03:48,11.67,--,7,8169,买盘
1828,13:03:45,11.67,--,10,11670,买盘
1829,13:03:42,11.67,--,30,35010,买盘
1830,13:03:39,11.67,--,21,24507,买盘
1831,13:03:36,11.67,--,41,47847,买盘
1832,13:03:27,11.67,0.01,44,51348,买盘
1833,13:03:24,11.66,-0.01,16,18656,卖盘
1834,13:03:21,11.67,--,30,35010,买盘
1835,13:03:18,11.67,--,1,1167,买盘
1836,13:03:15,11.67,0.01,3,3501,买盘
1837,13:03:06,11.66,-0.01,42,48972,卖盘
1838,13:03:00,11.67,0.01,5,5835,买盘
1839,13:02:57,11.66,--,64,74624,卖盘
1840,13:02:51,11.66,--,4,4664,卖盘
1841,13:02:48,11.66,-0.01,2,2332,卖盘
1842,13:02:45,11.67,0.01,4,4668,买盘
1843,13:02:42,11.66,--,6,6996,卖盘
1844,13:02:36,11.66,-0.01,25,29150,卖盘
1845,13:02:33,11.67,0.01,13,15171,买盘
1846,13:02:27,11.66,-0.01,9,10494,卖盘
1847,13:02:24,11.67,0.01,15,17505,买盘
1848,13:02:21,11.66,--,29,33814,卖盘
1849,13:02:18,11.66,--,100,116600,卖盘
1850,13:02:15,11.66,--,180,209880,卖盘
1851,13:02:12,11.66,--,42,48972,卖盘
1852,13:02:09,11.66,-0.01,114,132924,卖盘
1853,13:02:00,11.67,--,1,1167,买盘
1854,13:01:51,11.67,0.01,16,18672,买盘
1855,13:01:48,11.66,-0.01,1002,1168332,卖盘
1856,13:01:45,11.67,--,15,17505,买盘
1857,13:01:42,11.67,--,11,12837,买盘
1858,13:01:39,11.67,--,1,1167,买盘
1859,13:01:33,11.67,--,3,3501,买盘
1860,13:01:30,11.67,0.01,2,2334,买盘
1861,13:01:18,11.66,-0.02,44,51304,卖盘
1862,13:01:15,11.68,0.02,1,1168,买盘
1863,13:01:12,11.66,-0.01,23,26818,卖盘
1864,13:01:09,11.67,-0.01,67,79344,卖盘
1865,13:01:06,11.68,--,1,1168,买盘
1866,13:01:00,11.68,--,3,3504,买盘
1867,13:00:54,11.68,--,13,15184,买盘
1868,13:00:51,11.68,0.01,4,4672,买盘
1869,13:00:45,11.67,--,57,66530,买盘
1870,13:00:42,11.67,--,2,2334,买盘
1871,13:00:39,11.67,--,14,16338,买盘
1872,13:00:36,11.67,--,43,50181,买盘
1873,13:00:33,11.67,--,122,142374,买盘
1874,13:00:24,11.67,-0.01,822,960429,卖盘
1875,13:00:21,11.68,0.01,11,12848,买盘
1876,13:00:12,11.67,--,138,161046,卖盘
1877,13:00:09,11.67,-0.01,109,127203,卖盘
1878,13:00:06,11.68,--,473,552697,卖盘
1879,13:00:03,11.68,--,1351,1578096,买盘
1880,13:00:00,11.68,--,25,29200,买盘
1881,11:30:00,11.68,--,2,2336,买盘
1882,11:29:57,11.68,--,6,7008,买盘
1883,11:29:51,11.68,0.01,1,1168,买盘
1884,11:29:42,11.67,-0.01,27,31509,卖盘
1885,11:29:39,11.68,--,11,12848,买盘
1886,11:29:36,11.68,--,189,220752,买盘
1887,11:29:27,11.68,--,7,8176,买盘
1888,11:29:15,11.68,--,4,4672,买盘
1889,11:29:12,11.68,0.01,33,38544,买盘
1890,11:29:09,11.67,-0.01,12,14004,卖盘
1891,11:29:06,11.68,--,1,1168,买盘
1892,11:29:03,11.68,0.01,254,296672,买盘
1893,11:29:00,11.67,-0.01,20,23340,卖盘
1894,11:28:54,11.68,--,22,25696,买盘
1895,11:28:51,11.68,0.01,24,28032,买盘
1896,11:28:45,11.67,-0.01,5,5835,卖盘
1897,11:28:42,11.68,--,104,121472,买盘
1898,11:28:36,11.68,0.01,5,5840,买盘
1899,11:28:33,11.67,-0.01,2,2334,卖盘
1900,11:28:30,11.68,0.01,45,52735,买盘
1901,11:28:27,11.67,--,26,30342,卖盘
1902,11:28:24,11.67,-0.01,125,145875,卖盘
1903,11:28:21,11.68,--,2,2336,买盘
1904,11:28:18,11.68,--,20,23360,买盘
1905,11:28:09,11.68,0.01,51,59568,买盘
1906,11:28:06,11.67,--,40,46680,卖盘
1907,11:28:03,11.67,-0.01,4,4668,卖盘
1908,11:28:00,11.68,--,29,33872,买盘
1909,11:27:57,11.68,0.01,11,12848,买盘
1910,11:27:51,11.67,-0.01,5,5835,卖盘
1911,11:27:48,11.68,0.01,22,25696,买盘
1912,11:27:45,11.67,--,36,42653,买盘
1913,11:27:36,11.67,--,3,3501,买盘
1914,11:27:33,11.67,--,31,36702,卖盘
1915,11:27:30,11.67,--,26,31065,卖盘
1916,11:27:27,11.67,--,21,25125,卖盘
1917,11:27:24,11.67,--,1,1983,卖盘
1918,11:27:18,11.67,-0.01,50,58350,卖盘
1919,11:27:15,11.68,--,58,67744,买盘
1920,11:27:12,11.68,--,45,52560,买盘
1921,11:27:09,11.68,--,17,19856,买盘
1922,11:27:06,11.68,0.01,1,1168,买盘
1923,11:27:03,11.67,--,46,53682,卖盘
1924,11:27:00,11.67,-0.01,6,7002,卖盘
1925,11:26:57,11.68,0.01,95,110960,买盘
1926,11:26:54,11.67,--,4,4668,卖盘
1927,11:26:48,11.67,--,14,16338,卖盘
1928,11:26:45,11.67,--,51,59517,卖盘
1929,11:26:42,11.67,--,28,32676,卖盘
1930,11:26:36,11.67,--,24,28008,卖盘
1931,11:26:33,11.67,--,40,46680,卖盘
1932,11:26:30,11.67,--,8,9336,卖盘
1933,11:26:27,11.67,--,117,136714,卖盘
1934,11:26:24,11.67,--,20,23340,卖盘
1935,11:26:21,11.67,--,72,84024,卖盘
1936,11:26:18,11.67,--,46,53682,卖盘
1937,11:26:15,11.67,-0.01,28,32676,卖盘
1938,11:26:09,11.68,--,2,2336,买盘
1939,11:26:06,11.68,-0.01,3,3504,中性盘
1940,11:26:00,11.69,--,38,44422,买盘
1941,11:25:57,11.69,0.02,1,1169,买盘
1942,11:25:54,11.67,-0.02,162,189520,卖盘
1943,11:25:51,11.69,0.01,74,86506,买盘
1944,11:25:48,11.68,-0.01,8,9344,中性盘
1945,11:25:45,11.69,0.02,5,5845,买盘
1946,11:25:39,11.67,-0.01,210,245070,卖盘
1947,11:25:36,11.68,--,78,91104,卖盘
1948,11:25:33,11.68,--,109,127312,买盘
1949,11:25:27,11.68,--,137,160191,买盘
1950,11:25:24,11.68,0.01,1,1168,买盘
1951,11:25:21,11.67,--,20,23340,卖盘
1952,11:25:15,11.67,-0.01,1,1167,卖盘
1953,11:25:12,11.68,0.01,2,2336,买盘
1954,11:25:06,11.67,-0.01,2,2334,卖盘
1955,11:25:03,11.68,--,1,1168,买盘
1956,11:24:57,11.68,--,29,33872,买盘
1957,11:24:54,11.68,--,29,33872,买盘
1958,11:24:51,11.68,0.01,1,1168,买盘
1959,11:24:48,11.67,--,1,1167,卖盘
1960,11:24:45,11.67,-0.01,12,14004,卖盘
1961,11:24:42,11.68,--,11,12848,买盘
1962,11:24:39,11.68,--,8,9344,买盘
1963,11:24:30,11.68,0.01,10,11680,买盘
1964,11:24:24,11.67,--,43,50356,卖盘
1965,11:24:21,11.67,-0.01,6,7002,卖盘
1966,11:24:18,11.68,--,1,1168,买盘
1967,11:24:06,11.68,--,1,1168,买盘
1968,11:23:57,11.68,--,29,33872,买盘
1969,11:23:51,11.68,--,24,28032,买盘
1970,11:23:48,11.68,0.01,1,1168,买盘
1971,11:23:45,11.67,--,172,201074,买盘
1972,11:23:36,11.67,0.01,27,31509,买盘
1973,11:23:33,11.66,-0.01,4,4664,卖盘
1974,11:23:30,11.67,--,20,23340,买盘
1975,11:23:27,11.67,0.01,7,8169,买盘
1976,11:23:24,11.66,-0.01,37,43316,卖盘
1977,11:23:21,11.67,--,2,2334,买盘
1978,11:23:15,11.67,--,59,68853,买盘
1979,11:23:09,11.67,-0.01,438,511962,卖盘
1980,11:23:03,11.68,--,1,1168,买盘
1981,11:23:00,11.68,0.01,39,45552,买盘
1982,11:22:54,11.67,-0.01,8,9336,卖盘
1983,11:22:51,11.68,--,1,1168,买盘
1984,11:22:45,11.68,0.01,1,1168,买盘
1985,11:22:42,11.67,-0.01,11,12837,卖盘
1986,11:22:39,11.68,--,26,30368,买盘
1987,11:22:36,11.68,--,6,7008,买盘
1988,11:22:33,11.68,0.01,31,36208,卖盘
1989,11:22:30,11.67,-0.01,381,444627,卖盘
1990,11:22:27,11.68,--,37,43216,卖盘
1991,11:22:24,11.68,--,40,47409,卖盘
1992,11:22:21,11.68,--,73,85918,卖盘
1993,11:22:18,11.68,0.01,163,190384,买盘
1994,11:22:15,11.67,-0.01,9,10503,卖盘
1995,11:21:57,11.68,0.01,1,1168,买盘
1996,11:21:51,11.67,-0.01,5,5835,卖盘
1997,11:21:48,11.68,--,2,2336,买盘
1998,11:21:45,11.68,--,14,16352,买盘
1999,11:21:39,11.68,--,1,1168,买盘
2000,11:21:36,11.68,--,5,5840,买盘
2001,11:21:33,11.68,--,1,1168,买盘
2002,11:21:27,11.68,--,4,4672,买盘
2003,11:21:24,11.68,0.01,7,8176,买盘
2004,11:21:21,11.67,--,37,43354,卖盘
2005,11:21:18,11.67,-0.01,3,3501,卖盘
2006,11:21:15,11.68,--,6,7008,买盘
2007,11:21:12,11.68,--,301,351568,买盘
2008,11:21:09,11.68,--,110,128480,买盘
2009,11:21:06,11.68,--,2,2336,买盘
2010,11:21:03,11.68,--,10,11680,买盘
2011,11:21:00,11.68,--,6,7008,买盘
2012,11:20:57,11.68,0.01,10,11680,买盘
2013,11:20:54,11.67,--,533,622011,卖盘
2014,11:20:51,11.67,-0.01,43,50181,卖盘
2015,11:20:45,11.68,--,1,1168,买盘
2016,11:20:39,11.68,0.01,1,1168,买盘
2017,11:20:36,11.67,-0.01,5,5835,卖盘
2018,11:20:33,11.68,0.01,22,25696,买盘
2019,11:20:30,11.67,--,112,130704,买盘
2020,11:20:21,11.67,0.01,17,20434,买盘
2021,11:20:18,11.66,-0.01,27,32228,卖盘
2022,11:20:12,11.67,0.01,5,5835,买盘
2023,11:20:09,11.66,--,3,3498,卖盘
2024,11:20:06,11.66,-0.01,15,17490,卖盘
2025,11:20:00,11.67,0.01,1,1167,买盘
2026,11:19:57,11.66,-0.01,75,87450,卖盘
2027,11:19:54,11.67,-0.01,86,101178,卖盘
2028,11:19:51,11.68,--,9,10512,买盘
2029,11:19:48,11.68,--,1,1168,买盘
2030,11:19:45,11.68,--,1,1168,买盘
2031,11:19:33,11.68,0.01,15,17520,买盘
2032,11:19:27,11.67,-0.01,17,19839,卖盘
2033,11:19:24,11.68,--,42,49056,买盘
2034,11:19:21,11.68,0.01,2,2336,买盘
2035,11:19:18,11.67,--,37,43354,卖盘
2036,11:19:15,11.67,-0.01,20,23340,卖盘
2037,11:19:12,11.68,--,1,1168,买盘
2038,11:19:09,11.68,0.01,2,2336,买盘
2039,11:19:06,11.67,--,40,46680,卖盘
2040,11:19:03,11.67,--,8,9336,卖盘
2041,11:19:00,11.67,--,8,9336,卖盘
2042,11:18:57,11.67,--,6,7002,卖盘
2043,11:18:54,11.67,--,66,77022,卖盘
2044,11:18:51,11.67,--,112,130879,买盘
2045,11:18:48,11.67,0.01,500,583500,买盘
2046,11:18:45,11.66,-0.01,31,36146,卖盘
2047,11:18:42,11.67,0.01,30,35010,买盘
2048,11:18:39,11.66,-0.01,6,6996,卖盘
2049,11:18:36,11.67,--,73,85191,买盘
2050,11:18:30,11.67,0.01,7,8169,买盘
2051,11:18:27,11.66,--,41,47806,卖盘
2052,11:18:18,11.66,-0.01,36,42582,卖盘
2053,11:18:15,11.67,--,23,27576,买盘
2054,11:18:09,11.67,0.01,1,1167,买盘
2055,11:18:06,11.66,--,12,13992,卖盘
2056,11:18:00,11.66,--,23,26818,卖盘
2057,11:17:54,11.66,--,99,115434,卖盘
2058,11:17:51,11.66,-0.01,5,5830,卖盘
2059,11:17:48,11.67,--,39,45513,买盘
2060,11:17:45,11.67,--,1,1167,买盘
2061,11:17:42,11.67,0.01,13,15171,买盘
2062,11:17:39,11.66,-0.01,5,5830,卖盘
2063,11:17:36,11.67,0.01,6,7002,买盘
2064,11:17:33,11.66,-0.01,43,50138,中性盘
2065,11:17:21,11.67,--,2,2334,买盘
2066,11:17:18,11.67,0.02,2,2334,买盘
2067,11:17:15,11.65,-0.02,37,43279,卖盘
2068,11:17:09,11.67,0.01,12,14004,买盘
2069,11:17:06,11.66,--,4,4664,卖盘
2070,11:17:03,11.66,--,477,556356,买盘
2071,11:17:00,11.66,--,1,1166,买盘
2072,11:16:57,11.66,--,31,37137,卖盘
2073,11:16:54,11.66,-0.01,10,11660,卖盘
2074,11:16:48,11.67,--,20,23340,买盘
2075,11:16:45,11.67,0.01,28,32851,买盘
2076,11:16:42,11.66,--,6,6996,买盘
2077,11:16:39,11.66,-0.01,63,74449,卖盘
2078,11:16:36,11.67,--,5,5835,买盘
2079,11:16:33,11.67,0.01,1,1167,买盘
2080,11:16:30,11.66,--,76,88616,卖盘
2081,11:16:27,11.66,-0.01,65,75790,卖盘
2082,11:16:21,11.67,0.01,1,1167,买盘
2083,11:16:18,11.66,--,100,116600,卖盘
2084,11:16:15,11.66,-0.01,41,47980,卖盘
2085,11:16:09,11.67,--,358,418777,卖盘
2086,11:16:06,11.67,-0.01,97,113199,卖盘
2087,11:16:03,11.68,0.01,18,21024,买盘
2088,11:15:54,11.67,--,136,158712,卖盘
2089,11:15:51,11.67,-0.01,116,135372,卖盘
2090,11:15:48,11.68,--,1,1168,买盘
2091,11:15:45,11.68,--,2,2336,买盘
2092,11:15:42,11.68,0.01,1,1168,买盘
2093,11:15:39,11.67,--,50,58350,卖盘
2094,11:15:36,11.67,-0.01,43,50181,卖盘
2095,11:15:30,11.68,0.01,70,81760,买盘
2096,11:15:27,11.67,--,45,52515,卖盘
2097,11:15:24,11.67,-0.01,104,121368,卖盘
2098,11:15:21,11.68,0.01,4,4672,买盘
2099,11:15:15,11.67,--,25,29945,卖盘
2100,11:15:12,11.67,--,22,26245,卖盘
2101,11:15:09,11.67,-0.01,81,94527,卖盘
2102,11:15:06,11.68,--,24,28032,买盘
2103,11:15:03,11.68,--,13,15184,买盘
2104,11:15:00,11.68,--,7,8176,买盘
2105,11:14:57,11.68,--,2,2336,买盘
2106,11:14:51,11.68,--,389,455344,卖盘
2107,11:14:48,11.68,--,83,96944,卖盘
2108,11:14:45,11.68,--,21,24528,卖盘
2109,11:14:42,11.68,--,26,30368,卖盘
2110,11:14:39,11.68,--,75,87600,卖盘
2111,11:14:36,11.68,--,21,24528,卖盘
2112,11:14:33,11.68,--,75,87600,卖盘
2113,11:14:30,11.68,--,51,59568,卖盘
2114,11:14:27,11.68,-0.01,47,54896,卖盘
2115,11:14:24,11.69,0.01,110,128590,买盘
2116,11:14:21,11.68,--,21,24528,卖盘
2117,11:14:18,11.68,--,32,37376,卖盘
2118,11:14:15,11.68,--,31,36208,卖盘
2119,11:14:12,11.68,--,60,70255,卖盘
2120,11:14:09,11.68,--,34,39712,卖盘
2121,11:14:06,11.68,--,87,101616,卖盘
2122,11:14:03,11.68,--,33,38544,卖盘
2123,11:14:00,11.68,-0.01,514,600352,卖盘
2124,11:13:57,11.69,--,38,44422,买盘
2125,11:13:54,11.69,--,51,59619,买盘
2126,11:13:51,11.69,0.01,18,21042,买盘
2127,11:13:48,11.68,--,9,10512,卖盘
2128,11:13:45,11.68,-0.01,45,52560,卖盘
2129,11:13:42,11.69,0.01,15,17535,买盘
2130,11:13:36,11.68,--,10,11680,卖盘
2131,11:13:33,11.68,--,23,26864,卖盘
2132,11:13:30,11.68,-0.01,18,21024,卖盘
2133,11:13:27,11.69,--,5,5845,买盘
2134,11:13:24,11.69,0.01,65,75985,买盘
2135,11:13:21,11.68,-0.01,43,50224,卖盘
2136,11:13:18,11.69,--,24,28056,买盘
2137,11:13:15,11.69,0.01,48,56112,买盘
2138,11:13:12,11.68,--,75,88312,卖盘
2139,11:13:09,11.68,--,115,134950,卖盘
2140,11:13:06,11.68,--,60,70080,卖盘
2141,11:13:03,11.68,--,248,289664,卖盘
2142,11:13:00,11.68,--,71,82928,卖盘
2143,11:12:57,11.68,-0.01,603,704304,卖盘
2144,11:12:54,11.69,0.01,1,1169,买盘
2145,11:12:51,11.68,-0.01,35,40880,卖盘
2146,11:12:48,11.69,--,3,3507,买盘
2147,11:12:45,11.69,--,21,24549,买盘
2148,11:12:39,11.69,--,134,156646,买盘
2149,11:12:36,11.69,0.01,2,2338,买盘
2150,11:12:33,11.68,-0.01,2,2336,卖盘
2151,11:12:27,11.69,--,31,36239,买盘
2152,11:12:24,11.69,--,16,18704,买盘
2153,11:12:18,11.69,0.01,13,15197,买盘
2154,11:12:15,11.68,-0.01,3,3504,卖盘
2155,11:12:12,11.69,0.01,21,24549,买盘
2156,11:12:09,11.68,--,38,44559,卖盘
2157,11:12:06,11.68,--,11,12848,卖盘
2158,11:12:03,11.68,--,36,42048,卖盘
2159,11:12:00,11.68,-0.01,12,14016,卖盘
2160,11:11:57,11.69,--,1,1169,买盘
2161,11:11:54,11.69,--,18,21042,买盘
2162,11:11:51,11.69,--,71,82999,买盘
2163,11:11:42,11.69,--,12,14028,买盘
2164,11:11:39,11.69,--,61,71309,买盘
2165,11:11:36,11.69,--,12,14028,买盘
2166,11:11:30,11.69,0.01,2,2338,买盘
2167,11:11:21,11.68,-0.01,61,71248,卖盘
2168,11:11:18,11.69,--,554,648210,卖盘
2169,11:11:15,11.69,--,2,2338,卖盘
2170,11:11:12,11.69,--,27,31563,卖盘
2171,11:11:09,11.69,--,18,21649,卖盘
2172,11:11:06,11.69,-0.01,26,31130,卖盘
2173,11:11:03,11.7,--,15,17550,买盘
2174,11:11:00,11.7,--,29,33930,买盘
2175,11:10:57,11.7,0.01,2,2340,买盘
2176,11:10:54,11.69,-0.01,76,88844,卖盘
2177,11:10:51,11.7,0.01,5,5850,买盘
2178,11:10:48,11.69,--,200,233800,卖盘
2179,11:10:45,11.69,--,11,12859,卖盘
2180,11:10:42,11.69,-0.01,111,129759,卖盘
2181,11:10:39,11.7,--,4,4680,买盘
2182,11:10:36,11.7,--,10,11700,买盘
2183,11:10:33,11.7,--,1,1170,买盘
2184,11:10:24,11.7,--,111,129869,买盘
2185,11:10:18,11.7,--,29,33930,买盘
2186,11:10:15,11.7,--,193,225810,买盘
2187,11:10:12,11.7,--,36,42120,买盘
2188,11:10:09,11.7,0.01,21,24570,买盘
2189,11:10:06,11.69,--,41,48104,卖盘
2190,11:10:03,11.69,-0.01,43,50267,卖盘
2191,11:10:00,11.7,0.01,8,9360,中性盘
2192,11:09:57,11.69,-0.02,21,24549,卖盘
2193,11:09:54,11.71,0.01,890,1042190,买盘
2194,11:09:51,11.7,--,8,9360,买盘
2195,11:09:48,11.7,0.01,8,9360,买盘
2196,11:09:45,11.69,--,6,7014,卖盘
2197,11:09:42,11.69,-0.01,65,75985,卖盘
2198,11:09:39,11.7,--,22,25740,买盘
2199,11:09:33,11.7,--,298,348660,买盘
2200,11:09:30,11.7,--,112,131039,买盘
2201,11:09:27,11.7,--,9,10530,买盘
2202,11:09:24,11.7,--,1,1170,买盘
2203,11:09:18,11.7,0.01,444,519713,买盘
2204,11:09:15,11.69,0.01,15,17535,买盘
2205,11:09:06,11.68,-0.02,243,284933,卖盘
2206,11:09:03,11.7,0.01,70,81900,买盘
2207,11:09:00,11.69,--,138,161322,卖盘
2208,11:08:54,11.69,-0.01,8,9352,卖盘
2209,11:08:51,11.7,0.01,3,3510,买盘
2210,11:08:45,11.69,-0.01,41,48162,卖盘
2211,11:08:42,11.7,--,2,2340,买盘
2212,11:08:39,11.7,--,34,39780,买盘
2213,11:08:36,11.7,--,493,577488,卖盘
2214,11:08:33,11.7,--,24,28080,卖盘
2215,11:08:30,11.7,--,40,46800,卖盘
2216,11:08:27,11.7,--,408,477360,卖盘
2217,11:08:24,11.7,--,91,106470,卖盘
2218,11:08:21,11.7,--,99,115830,卖盘
2219,11:08:18,11.7,0.01,1267,1482881,买盘
2220,11:08:15,11.69,--,106,123914,卖盘
2221,11:08:12,11.69,--,6,7014,卖盘
2222,11:08:09,11.69,-0.01,8,9352,卖盘
2223,11:08:06,11.7,0.01,1,1170,买盘
2224,11:08:03,11.69,-0.01,38,44422,卖盘
2225,11:07:54,11.7,0.01,61,71370,买盘
2226,11:07:51,11.69,--,124,144956,卖盘
2227,11:07:48,11.69,-0.01,35,40915,卖盘
2228,11:07:45,11.7,0.01,102,119340,买盘
2229,11:07:42,11.69,--,34,39746,卖盘
2230,11:07:39,11.69,--,22,25718,卖盘
2231,11:07:36,11.69,--,72,84168,卖盘
2232,11:07:33,11.69,--,53,61957,卖盘
2233,11:07:30,11.69,-0.01,6,7014,卖盘
2234,11:07:27,11.7,0.01,3,3510,买盘
2235,11:07:24,11.69,-0.01,17,19873,卖盘
2236,11:07:21,11.7,--,16,18720,买盘
2237,11:07:18,11.7,--,19,23013,买盘
2238,11:07:15,11.7,0.01,56,66081,买盘
2239,11:07:12,11.69,--,1,1169,卖盘
2240,11:07:06,11.69,--,30,35070,卖盘
2241,11:07:03,11.69,--,18,21042,卖盘
2242,11:07:00,11.69,0.01,176,206737,买盘
2243,11:06:57,11.68,--,30,35040,买盘
2244,11:06:54,11.68,-0.01,15,17520,卖盘
2245,11:06:51,11.69,--,17,19873,买盘
2246,11:06:48,11.69,--,350,409325,卖盘
2247,11:06:45,11.69,-0.01,41,47929,卖盘
2248,11:06:42,11.7,0.01,2,2340,买盘
2249,11:06:39,11.69,0.01,627,733956,买盘
2250,11:06:36,11.68,--,134,156687,卖盘
2251,11:06:33,11.68,--,200,233600,卖盘
2252,11:06:30,11.68,--,49,57232,卖盘
2253,11:06:27,11.68,--,4,4672,卖盘
2254,11:06:24,11.68,--,73,85264,卖盘
2255,11:06:21,11.68,--,146,170528,卖盘
2256,11:06:18,11.68,--,19,22192,卖盘
2257,11:06:15,11.68,--,34,40377,卖盘
2258,11:06:12,11.68,--,70,82437,卖盘
2259,11:06:09,11.68,--,1,1168,卖盘
2260,11:06:06,11.68,0.01,291,340705,买盘
2261,11:06:03,11.67,--,203,236901,卖盘
2262,11:06:00,11.67,-0.01,78,91026,卖盘
2263,11:05:57,11.68,--,29,33872,买盘
2264,11:05:54,11.68,--,9,10512,买盘
2265,11:05:51,11.68,0.01,5,5840,买盘
2266,11:05:48,11.67,-0.01,10,11670,卖盘
2267,11:05:45,11.68,--,1,1168,买盘
2268,11:05:36,11.68,--,80,93440,买盘
2269,11:05:33,11.68,--,5,5840,买盘
2270,11:05:30,11.68,--,5,5840,买盘
2271,11:05:27,11.68,--,24,28032,买盘
2272,11:05:24,11.68,--,1,1168,买盘
2273,11:05:21,11.68,--,145,169710,卖盘
2274,11:05:18,11.68,--,36,42048,卖盘
2275,11:05:12,11.68,--,57,66751,卖盘
2276,11:05:09,11.68,--,10,11680,卖盘
2277,11:05:06,11.68,--,36,42048,卖盘
2278,11:05:00,11.68,--,40,46720,卖盘
2279,11:04:54,11.68,--,13,15184,卖盘
2280,11:04:48,11.68,-0.01,50,58400,卖盘
2281,11:04:45,11.69,0.01,2,2338,买盘
2282,11:04:42,11.68,--,8,9344,卖盘
2283,11:04:39,11.68,--,21,24528,卖盘
2284,11:04:36,11.68,-0.01,10,11680,卖盘
2285,11:04:33,11.69,0.02,273,319779,买盘
2286,11:04:30,11.67,-0.01,37,43179,卖盘
2287,11:04:27,11.68,0.01,55,64240,买盘
2288,11:04:24,11.67,-0.01,145,169215,卖盘
2289,11:04:21,11.68,--,1,1168,买盘
2290,11:04:15,11.68,--,28,32704,买盘
2291,11:04:12,11.68,--,142,166988,卖盘
2292,11:04:09,11.68,--,84,98847,卖盘
2293,11:04:06,11.68,--,4,5139,卖盘
2294,11:04:00,11.68,--,38,44384,卖盘
2295,11:03:57,11.68,-0.01,129,150672,卖盘
2296,11:03:54,11.69,0.01,3,3507,买盘
2297,11:03:48,11.68,--,42,49056,卖盘
2298,11:03:45,11.68,--,12,14016,卖盘
2299,11:03:42,11.68,--,5,5840,卖盘
2300,11:03:39,11.68,-0.01,5,5840,卖盘
2301,11:03:36,11.69,0.01,43,50267,买盘
2302,11:03:33,11.68,--,249,290832,卖盘
2303,11:03:30,11.68,-0.01,7,8176,卖盘
2304,11:03:27,11.69,0.01,3,3507,中性盘
2305,11:03:24,11.68,0.01,9,10512,买盘
2306,11:03:21,11.67,-0.01,14,16338,卖盘
2307,11:03:15,11.68,0.01,1,1168,买盘
2308,11:03:12,11.67,--,10,11670,卖盘
2309,11:03:09,11.67,-0.01,37,43354,卖盘
2310,11:03:06,11.68,-0.02,184,214912,卖盘
2311,11:03:03,11.7,--,16,18720,买盘
2312,11:03:00,11.7,--,519,607230,卖盘
2313,11:02:57,11.7,--,121,141570,卖盘
2314,11:02:54,11.7,--,26,30419,卖盘
2315,11:02:51,11.7,-0.01,309,361530,卖盘
2316,11:02:48,11.71,0.01,4,4684,买盘
2317,11:02:45,11.7,--,39,45630,卖盘
2318,11:02:42,11.7,--,40,46800,卖盘
2319,11:02:39,11.7,--,88,102960,买盘
2320,11:02:36,11.7,--,76,88920,买盘
2321,11:02:33,11.7,--,25,29250,买盘
2322,11:02:30,11.7,--,53,62009,卖盘
2323,11:02:27,11.7,--,185,216450,卖盘
2324,11:02:24,11.7,--,119,139230,卖盘
2325,11:02:21,11.7,--,4,4680,卖盘
2326,11:02:18,11.7,--,89,104130,买盘
2327,11:02:12,11.7,0.01,10,11700,买盘
2328,11:02:09,11.69,0.01,20,24093,卖盘
2329,11:02:06,11.68,-0.01,41,48518,卖盘
2330,11:02:03,11.69,--,38,44422,卖盘
2331,11:02:00,11.69,-0.01,50,58450,卖盘
2332,11:01:57,11.7,--,28,32759,卖盘
2333,11:01:54,11.7,--,7,8189,卖盘
2334,11:01:51,11.7,-0.01,10,11700,卖盘
2335,11:01:48,11.71,0.02,126,147546,买盘
2336,11:01:45,11.69,-0.01,5,5845,卖盘
2337,11:01:42,11.7,0.01,2,2340,买盘
2338,11:01:36,11.69,-0.02,109,127421,卖盘
2339,11:01:33,11.71,0.01,29,33959,买盘
2340,11:01:30,11.7,-0.01,8,9360,卖盘
2341,11:01:27,11.71,0.01,119,139349,买盘
2342,11:01:24,11.7,0.01,181,211770,买盘
2343,11:01:21,11.69,-0.01,37,43253,卖盘
2344,11:01:18,11.7,--,24,28080,买盘
2345,11:01:15,11.7,0.01,241,282145,买盘
2346,11:01:12,11.69,--,4,4676,买盘
2347,11:01:09,11.69,--,3779,4418644,卖盘
2348,11:01:06,11.69,-0.01,150,175525,卖盘
2349,11:01:03,11.7,0.01,74,86580,买盘
2350,11:00:57,11.69,-0.01,61,71309,卖盘
2351,11:00:54,11.7,--,57,66690,买盘
2352,11:00:51,11.7,--,14,16379,买盘
2353,11:00:48,11.7,--,225,263250,买盘
2354,11:00:45,11.7,--,24,28080,买盘
2355,11:00:42,11.7,0.01,1,1170,买盘
2356,11:00:39,11.69,-0.01,824,963256,卖盘
2357,11:00:36,11.7,0.01,1,1170,买盘
2358,11:00:33,11.69,-0.01,25,29225,卖盘
2359,11:00:30,11.7,--,67,78390,买盘
2360,11:00:27,11.7,0.01,25,29250,买盘
2361,11:00:24,11.69,--,1187,1387603,卖盘
2362,11:00:21,11.69,-0.01,63,73647,卖盘
2363,11:00:18,11.7,--,13,15209,买盘
2364,11:00:15,11.7,0.01,30,35100,买盘
2365,11:00:12,11.69,-0.01,100,116900,卖盘
2366,11:00:09,11.7,0.01,2,2340,买盘
2367,11:00:06,11.69,--,55,65113,卖盘
2368,11:00:03,11.69,--,145,170031,卖盘
2369,11:00:00,11.69,-0.01,108,126252,卖盘
2370,10:59:57,11.7,0.01,60,70200,买盘
2371,10:59:54,11.69,--,2,2338,卖盘
2372,10:59:51,11.69,-0.01,10,11690,卖盘
2373,10:59:48,11.7,0.01,2,2340,买盘
2374,10:59:42,11.69,--,13,15197,卖盘
2375,10:59:39,11.69,-0.01,563,658147,卖盘
2376,10:59:36,11.7,0.01,30,35100,买盘
2377,10:59:33,11.69,-0.01,27,31563,卖盘
2378,10:59:30,11.7,--,21,24570,买盘
2379,10:59:27,11.7,--,51,59670,卖盘
2380,10:59:24,11.7,--,58,67860,买盘
2381,10:59:21,11.7,--,86,100620,买盘
2382,10:59:18,11.7,-0.01,49,57330,买盘
2383,10:59:15,11.71,0.01,111,130800,买盘
2384,10:59:12,11.7,--,32,37440,卖盘
2385,10:59:09,11.7,--,65,76050,卖盘
2386,10:59:06,11.7,-0.01,686,803392,卖盘
2387,10:59:03,11.71,0.01,170,199643,买盘
2388,10:59:00,11.7,-0.01,826,966419,卖盘
2389,10:58:57,11.71,0.01,47,55037,买盘
2390,10:58:54,11.7,--,5,5850,卖盘
2391,10:58:51,11.7,--,213,249209,卖盘
2392,10:58:48,11.7,--,30,35100,卖盘
2393,10:58:45,11.7,-0.01,50,58500,卖盘
2394,10:58:42,11.71,--,110,128810,买盘
2395,10:58:39,11.71,--,286,334906,买盘
2396,10:58:36,11.71,--,29,33959,买盘
2397,10:58:33,11.71,--,72,84312,买盘
2398,10:58:30,11.71,--,1,1171,买盘
2399,10:58:27,11.71,-0.01,20,23420,买盘
2400,10:58:24,11.72,0.01,620,726640,买盘
2401,10:58:21,11.71,-0.01,0,23,卖盘
2402,10:58:18,11.72,0.01,74,86728,买盘
2403,10:58:15,11.71,-0.01,34,39814,卖盘
2404,10:58:12,11.72,0.01,35,41020,买盘
2405,10:58:09,11.71,-0.01,67,78457,卖盘
2406,10:58:06,11.72,--,12,14064,买盘
2407,10:58:03,11.72,--,51,59947,买盘
2408,10:58:00,11.72,--,533,624676,买盘
2409,10:57:57,11.72,--,22,25784,卖盘
2410,10:57:54,11.72,--,91,106652,买盘
2411,10:57:51,11.72,--,568,665696,卖盘
2412,10:57:48,11.72,--,119,139468,卖盘
2413,10:57:45,11.72,--,36,42192,卖盘
2414,10:57:42,11.72,--,92,107824,卖盘
2415,10:57:39,11.72,--,337,394964,卖盘
2416,10:57:36,11.72,--,61,71492,卖盘
2417,10:57:33,11.72,--,107,125404,卖盘
2418,10:57:30,11.72,--,90,105480,卖盘
2419,10:57:27,11.72,--,107,125404,卖盘
2420,10:57:24,11.72,--,137,161536,买盘
2421,10:57:21,11.72,--,344,403168,买盘
2422,10:57:18,11.72,--,250,293000,买盘
2423,10:57:15,11.72,--,111,130092,买盘
2424,10:57:12,11.72,--,258,302376,买盘
2425,10:57:09,11.72,--,350,410200,买盘
2426,10:57:06,11.72,--,9,10548,买盘
2427,10:57:03,11.72,--,203,237916,买盘
2428,10:57:00,11.72,0.01,98,115031,买盘
2429,10:56:57,11.71,-0.01,8,9368,卖盘
2430,10:56:54,11.72,--,193,226196,买盘
2431,10:56:51,11.72,--,42,49224,买盘
2432,10:56:48,11.72,--,255,298860,买盘
2433,10:56:45,11.72,--,198,232056,买盘
2434,10:56:42,11.72,--,90,105480,买盘
2435,10:56:39,11.72,--,141,165252,买盘
2436,10:56:36,11.72,--,16,18752,买盘
2437,10:56:33,11.72,0.01,35,41020,买盘
2438,10:56:30,11.71,--,347,406337,卖盘
2439,10:56:27,11.71,--,11,12881,卖盘
2440,10:56:24,11.71,-0.01,23,26933,卖盘
2441,10:56:21,11.72,0.01,83,97276,买盘
2442,10:56:18,11.71,--,123,144033,买盘
2443,10:56:15,11.71,--,62,72602,买盘
2444,10:56:12,11.71,0.01,744,871224,买盘
2445,10:56:09,11.7,-0.01,81,94770,卖盘
2446,10:56:06,11.71,0.01,108,126468,买盘
2447,10:56:03,11.7,--,1,1170,卖盘
2448,10:56:00,11.7,-0.01,135,158605,卖盘
2449,10:55:57,11.71,0.01,316,370726,买盘
2450,10:55:54,11.7,--,21,24570,买盘
2451,10:55:51,11.7,-0.01,66,77220,中性盘
2452,10:55:48,11.71,--,473,553883,买盘
2453,10:55:45,11.71,0.01,288,337447,买盘
2454,10:55:42,11.7,--,120,140400,卖盘
2455,10:55:39,11.7,--,264,308880,卖盘
2456,10:55:36,11.7,0.02,7742,9059111,买盘
2457,10:55:33,11.68,--,79,92272,卖盘
2458,10:55:30,11.68,-0.01,72,84096,卖盘
2459,10:55:27,11.69,0.01,21,24549,买盘
2460,10:55:24,11.68,--,127,149200,卖盘
2461,10:55:21,11.68,--,15,17520,卖盘
2462,10:55:18,11.68,-0.01,130,151840,卖盘
2463,10:55:15,11.69,--,3,3507,买盘
2464,10:55:12,11.69,0.01,302,353038,买盘
2465,10:55:09,11.68,--,95,110960,卖盘
2466,10:55:06,11.68,--,117,136656,卖盘
2467,10:55:03,11.68,-0.01,63,73584,卖盘
2468,10:55:00,11.69,0.01,8,9352,买盘
2469,10:54:57,11.68,--,134,156687,卖盘
2470,10:54:54,11.68,--,323,377264,买盘
2471,10:54:51,11.68,--,40,46720,买盘
2472,10:54:48,11.68,--,79,92272,买盘
2473,10:54:42,11.68,--,119,138992,卖盘
2474,10:54:39,11.68,--,468,546624,买盘
2475,10:54:36,11.68,0.01,14,16352,买盘
2476,10:54:33,11.67,-0.01,22,25674,卖盘
2477,10:54:30,11.68,-0.01,256,299008,卖盘
2478,10:54:27,11.69,0.01,156,182364,买盘
2479,10:54:24,11.68,--,453,529104,买盘
2480,10:54:21,11.68,--,20,23360,买盘
2481,10:54:18,11.68,--,7,8176,买盘
2482,10:54:15,11.68,-0.01,645,753360,卖盘
2483,10:54:12,11.69,0.01,195,227955,买盘
2484,10:54:09,11.68,--,20,23360,卖盘
2485,10:54:06,11.68,--,175,204400,买盘
2486,10:54:03,11.68,0.01,52,60736,中性盘
2487,10:54:00,11.67,-0.01,18,21006,卖盘
2488,10:53:57,11.68,--,98,115083,卖盘
2489,10:53:54,11.68,--,98,115188,卖盘
2490,10:53:51,11.68,--,399,466032,卖盘
2491,10:53:48,11.68,--,44,51392,卖盘
2492,10:53:45,11.68,--,48,56064,卖盘
2493,10:53:42,11.68,-0.01,15,17520,卖盘
2494,10:53:39,11.69,--,881,1029889,买盘
2495,10:53:36,11.69,--,133,155477,买盘
2496,10:53:33,11.69,--,17,19873,买盘
2497,10:53:30,11.69,--,577,674513,买盘
2498,10:53:27,11.69,0.01,79,92351,买盘
2499,10:53:24,11.68,-0.01,81,94608,卖盘
2500,10:53:21,11.69,0.01,61,71309,买盘
2501,10:53:18,11.68,--,45,52560,卖盘
2502,10:53:15,11.68,-0.01,23,26864,买盘
2503,10:53:12,11.69,0.01,868,1015136,买盘
2504,10:53:09,11.68,--,77,89936,卖盘
2505,10:53:06,11.68,--,20,23360,卖盘
2506,10:53:03,11.68,--,60,70080,卖盘
2507,10:53:00,11.68,--,25,29200,卖盘
2508,10:52:57,11.68,0.01,117,137380,买盘
2509,10:52:54,11.67,-0.01,229,267861,卖盘
2510,10:52:51,11.68,0.01,344,401792,买盘
2511,10:52:48,11.67,-0.01,451,526317,卖盘
2512,10:52:45,11.68,--,57,66576,买盘
2513,10:52:42,11.68,--,104,121472,卖盘
2514,10:52:39,11.68,--,998,1165664,买盘
2515,10:52:36,11.68,0.01,18,21024,买盘
2516,10:52:33,11.67,--,71,82857,卖盘
2517,10:52:30,11.67,-0.01,109,127203,卖盘
2518,10:52:27,11.68,0.01,40,46720,买盘
2519,10:52:24,11.67,-0.01,311,362937,卖盘
2520,10:52:21,11.68,--,498,581664,买盘
2521,10:52:18,11.68,0.01,20,23360,买盘
2522,10:52:15,11.67,--,119,138873,卖盘
2523,10:52:12,11.67,--,41,47847,卖盘
2524,10:52:09,11.67,--,47,54849,卖盘
2525,10:52:06,11.67,--,21,24507,卖盘
2526,10:52:03,11.67,--,179,208893,卖盘
2527,10:52:00,11.67,0.01,33,38511,卖盘
2528,10:51:57,11.66,--,49,57134,卖盘
2529,10:51:54,11.66,--,200,233200,卖盘
2530,10:51:51,11.66,-0.02,94,109778,卖盘
2531,10:51:48,11.68,--,45,52560,买盘
2532,10:51:45,11.68,0.01,157,183376,买盘
2533,10:51:42,11.67,--,42,49014,卖盘
2534,10:51:39,11.67,-0.01,240,280080,卖盘
2535,10:51:36,11.68,0.01,63,73584,买盘
2536,10:51:33,11.67,--,53,61851,卖盘
2537,10:51:30,11.67,--,26,30342,卖盘
2538,10:51:27,11.67,--,834,973278,买盘
2539,10:51:24,11.67,0.01,503,587001,买盘
2540,10:51:21,11.66,--,27,31482,卖盘
2541,10:51:18,11.66,--,21,24486,卖盘
2542,10:51:15,11.66,--,36,41976,卖盘
2543,10:51:12,11.66,--,41,47806,卖盘
2544,10:51:09,11.66,--,285,332310,买盘
2545,10:51:06,11.66,0.01,39,45474,买盘
2546,10:51:03,11.65,-0.01,121,140965,卖盘
2547,10:51:00,11.66,--,25,29150,买盘
2548,10:50:57,11.66,0.01,1101,1283766,买盘
2549,10:50:54,11.65,--,20,23300,卖盘
2550,10:50:51,11.65,-0.01,69,80559,卖盘
2551,10:50:48,11.66,--,49,57134,买盘
2552,10:50:45,11.66,0.01,220,256520,买盘
2553,10:50:42,11.65,--,57,66405,卖盘
2554,10:50:39,11.65,--,61,71065,卖盘
2555,10:50:36,11.65,--,127,147955,卖盘
2556,10:50:33,11.65,0.01,470,547550,买盘
2557,10:50:30,11.64,--,79,91956,卖盘
2558,10:50:27,11.64,-0.01,2147,2499108,卖盘
2559,10:50:24,11.65,--,79,92035,买盘
2560,10:50:21,11.65,0.01,1,1165,买盘
2561,10:50:18,11.64,-0.01,29,33756,卖盘
2562,10:50:15,11.65,--,46,53590,买盘
2563,10:50:12,11.65,--,245,285425,买盘
2564,10:50:09,11.65,0.01,33,38445,买盘
2565,10:50:03,11.64,--,31,36084,卖盘
2566,10:50:00,11.64,--,3,3492,卖盘
2567,10:49:57,11.64,--,52,60528,卖盘
2568,10:49:54,11.64,-0.01,30,34920,卖盘
2569,10:49:51,11.65,0.01,507,590655,买盘
2570,10:49:48,11.64,-0.01,41,47898,卖盘
2571,10:49:45,11.65,--,35,40775,买盘
2572,10:49:42,11.65,--,4,4660,买盘
2573,10:49:39,11.65,0.01,1,1165,买盘
2574,10:49:36,11.64,-0.01,7,8148,卖盘
2575,10:49:33,11.65,--,57,66405,买盘
2576,10:49:30,11.65,--,78,90870,买盘
2577,10:49:27,11.65,--,1,1165,买盘
2578,10:49:24,11.65,--,15,17475,买盘
2579,10:49:21,11.65,0.01,3,3495,买盘
2580,10:49:18,11.64,-0.01,30,34920,卖盘
2581,10:49:15,11.65,--,3,3495,买盘
2582,10:49:12,11.65,--,239,278435,买盘
2583,10:49:09,11.65,--,55,64075,买盘
2584,10:49:06,11.65,--,115,133975,买盘
2585,10:49:03,11.65,0.01,42,48930,买盘
2586,10:49:00,11.64,-0.01,74,86136,卖盘
2587,10:48:57,11.65,--,24,27960,买盘
2588,10:48:54,11.65,0.01,12,13980,买盘
2589,10:48:48,11.64,--,15,18204,卖盘
2590,10:48:45,11.64,--,65,76253,卖盘
2591,10:48:42,11.64,-0.01,19,22116,卖盘
2592,10:48:39,11.65,0.01,21,24465,买盘
2593,10:48:36,11.64,--,26,30264,卖盘
2594,10:48:30,11.64,--,16,18624,买盘
2595,10:48:27,11.64,--,52,60528,买盘
2596,10:48:24,11.64,--,34,39576,买盘
2597,10:48:18,11.64,--,37,43068,买盘
2598,10:48:15,11.64,--,132,153648,买盘
2599,10:48:12,11.64,--,73,84972,买盘
2600,10:48:09,11.64,--,157,182748,买盘
2601,10:48:03,11.64,--,90,104760,买盘
2602,10:48:00,11.64,--,25,29100,买盘
2603,10:47:57,11.64,0.01,273,317772,买盘
2604,10:47:54,11.63,-0.01,15,18061,卖盘
2605,10:47:51,11.64,--,542,630888,买盘
2606,10:47:48,11.64,--,2,2328,买盘
2607,10:47:45,11.64,--,22,26329,买盘
2608,10:47:42,11.64,--,4,4656,买盘
2609,10:47:39,11.64,0.01,2,2328,买盘
2610,10:47:36,11.63,--,40,46520,卖盘
2611,10:47:33,11.63,-0.01,5,5815,卖盘
2612,10:47:30,11.64,0.01,77,89628,买盘
2613,10:47:27,11.63,-0.01,1,1163,卖盘
2614,10:47:24,11.64,--,51,59364,买盘
2615,10:47:21,11.64,--,14,16296,买盘
2616,10:47:18,11.64,0.01,213,247932,买盘
2617,10:47:15,11.63,-0.01,21,24423,卖盘
2618,10:47:12,11.64,--,23,26772,买盘
2619,10:47:09,11.64,0.01,24,27936,买盘
2620,10:47:06,11.63,--,20,23260,卖盘
2621,10:47:03,11.63,--,15,17445,卖盘
2622,10:47:00,11.63,--,52,60476,卖盘
2623,10:46:57,11.63,--,39,45357,卖盘
2624,10:46:54,11.63,-0.01,9,10467,卖盘
2625,10:46:51,11.64,0.01,142,165288,买盘
2626,10:46:48,11.63,-0.01,152,176776,卖盘
2627,10:46:45,11.64,0.01,39,45396,买盘
2628,10:46:39,11.63,-0.01,27,31401,卖盘
2629,10:46:36,11.64,--,7,8148,买盘
2630,10:46:33,11.64,--,107,124548,买盘
2631,10:46:30,11.64,--,1,1164,买盘
2632,10:46:27,11.64,0.01,41,47724,买盘
2633,10:46:21,11.63,--,3,3489,卖盘
2634,10:46:18,11.63,-0.01,2,2326,卖盘
2635,10:46:15,11.64,0.01,53,61692,买盘
2636,10:46:12,11.63,-0.01,31,36053,卖盘
2637,10:46:09,11.64,0.01,429,499356,买盘
2638,10:46:06,11.63,-0.01,1,1163,卖盘
2639,10:46:03,11.64,0.01,7,8148,买盘
2640,10:46:00,11.63,-0.01,4,4652,卖盘
2641,10:45:57,11.64,0.01,36,41904,买盘
2642,10:45:54,11.63,--,49,56987,买盘
2643,10:45:48,11.63,0.01,8,9304,买盘
2644,10:45:45,11.62,--,6,6971,卖盘
2645,10:45:42,11.62,-0.02,121,140602,卖盘
2646,10:45:39,11.64,0.01,1,1164,买盘
2647,10:45:33,11.63,-0.01,100,116300,卖盘
2648,10:45:30,11.64,--,1,1164,买盘
2649,10:45:27,11.64,--,36,41904,买盘
2650,10:45:24,11.64,--,17,19788,买盘
2651,10:45:21,11.64,0.01,6,6984,买盘
2652,10:45:18,11.63,--,24,27912,卖盘
2653,10:45:15,11.63,-0.01,1,1163,卖盘
2654,10:45:12,11.64,0.01,25,29100,买盘
2655,10:45:09,11.63,-0.01,10,11630,卖盘
2656,10:45:06,11.64,0.01,28,32592,买盘
2657,10:45:03,11.63,--,20,23260,卖盘
2658,10:45:00,11.63,--,11,12793,卖盘
2659,10:44:57,11.63,--,60,69780,卖盘
2660,10:44:54,11.63,--,5,5815,卖盘
2661,10:44:51,11.63,-0.01,10,11630,卖盘
2662,10:44:45,11.64,--,38,44232,买盘
2663,10:44:42,11.64,0.01,86,100104,买盘
2664,10:44:39,11.63,-0.01,3,3489,卖盘
2665,10:44:36,11.64,0.01,7,8148,买盘
2666,10:44:33,11.63,-0.01,51,59313,卖盘
2667,10:44:30,11.64,0.01,1,1164,买盘
2668,10:44:27,11.63,-0.01,27,31401,卖盘
2669,10:44:24,11.64,0.01,67,77988,买盘
2670,10:44:18,11.63,-0.01,543,631509,卖盘
2671,10:44:15,11.64,--,3,3492,买盘
2672,10:44:12,11.64,0.01,238,277032,买盘
2673,10:44:09,11.63,--,21,24423,卖盘
2674,10:44:06,11.63,-0.01,221,257023,卖盘
2675,10:44:03,11.64,--,66,76824,买盘
2676,10:44:00,11.64,--,45,52380,买盘
2677,10:43:57,11.64,0.01,97,112908,买盘
2678,10:43:54,11.63,--,70,81410,卖盘
2679,10:43:51,11.63,-0.01,28,32564,卖盘
2680,10:43:48,11.64,--,30,34920,买盘
2681,10:43:45,11.64,--,29,33756,买盘
2682,10:43:42,11.64,--,24,27936,买盘
2683,10:43:39,11.64,0.01,2,2328,买盘
2684,10:43:36,11.63,-0.01,15,17445,卖盘
2685,10:43:30,11.64,--,75,87300,买盘
2686,10:43:24,11.64,0.01,544,633448,买盘
2687,10:43:21,11.63,--,9,10467,买盘
2688,10:43:18,11.63,0.01,25,29075,买盘
2689,10:43:15,11.62,--,2,2324,卖盘
2690,10:43:12,11.62,--,10,11620,卖盘
2691,10:43:09,11.62,-0.01,15,17430,卖盘
2692,10:43:06,11.63,--,24,27912,买盘
2693,10:43:03,11.63,--,12,13956,买盘
2694,10:42:57,11.63,0.01,1,1163,买盘
2695,10:42:51,11.62,-0.01,2,2324,卖盘
2696,10:42:48,11.63,--,6,6978,买盘
2697,10:42:45,11.63,0.01,21,24423,买盘
2698,10:42:42,11.62,-0.01,76,88312,卖盘
2699,10:42:39,11.63,0.01,2,2326,买盘
2700,10:42:36,11.62,-0.01,13,15105,卖盘
2701,10:42:33,11.63,0.01,20,23260,买盘
2702,10:42:30,11.62,-0.01,30,34860,卖盘
2703,10:42:24,11.63,--,252,293076,买盘
2704,10:42:18,11.63,--,67,78851,卖盘
2705,10:42:12,11.63,--,14,16514,买盘
2706,10:42:09,11.63,-0.01,63,74199,卖盘
2707,10:42:06,11.64,0.01,58,67744,买盘
2708,10:42:03,11.63,--,62,72106,买盘
2709,10:42:00,11.63,--,176,204688,买盘
2710,10:41:54,11.63,--,1,1163,买盘
2711,10:41:51,11.63,0.01,36,41868,买盘
2712,10:41:48,11.62,-0.01,7,8133,卖盘
2713,10:41:39,11.63,--,6,6978,买盘
2714,10:41:33,11.63,--,16,18608,买盘
2715,10:41:30,11.63,--,13,15119,买盘
2716,10:41:27,11.63,--,1,1163,买盘
2717,10:41:24,11.63,--,15,17445,买盘
2718,10:41:21,11.63,--,101,117463,买盘
2719,10:41:18,11.63,--,4,4652,买盘
2720,10:41:15,11.63,--,15,17445,买盘
2721,10:41:12,11.63,--,65,75595,买盘
2722,10:41:09,11.63,--,4,4652,买盘
2723,10:41:06,11.63,--,360,419610,卖盘
2724,10:41:03,11.63,--,60,69780,卖盘
2725,10:41:00,11.63,--,528,614296,买盘
2726,10:40:57,11.63,--,56,65128,买盘
2727,10:40:54,11.63,--,57,66291,买盘
2728,10:40:51,11.63,--,288,335874,卖盘
2729,10:40:48,11.63,--,1,1163,卖盘
2730,10:40:45,11.63,--,12,13956,卖盘
2731,10:40:42,11.63,--,121,140723,卖盘
2732,10:40:39,11.63,--,5,5815,卖盘
2733,10:40:36,11.63,0.01,1181,1373735,买盘
2734,10:40:33,11.62,--,63,73206,卖盘
2735,10:40:30,11.62,-0.01,14,16965,卖盘
2736,10:40:27,11.63,--,42,48846,买盘
2737,10:40:24,11.63,--,68,79084,买盘
2738,10:40:21,11.63,--,4,4652,买盘
2739,10:40:18,11.63,--,2,2326,买盘
2740,10:40:15,11.63,--,18,20934,买盘
2741,10:40:12,11.63,0.01,1,1163,买盘
2742,10:40:09,11.62,-0.01,31,36022,卖盘
2743,10:40:06,11.63,0.01,48,55824,买盘
2744,10:40:03,11.62,-0.01,35,40670,卖盘
2745,10:40:00,11.63,0.01,76,88388,买盘
2746,10:39:54,11.62,-0.01,302,350924,卖盘
2747,10:39:48,11.63,0.01,4,4652,买盘
2748,10:39:42,11.62,-0.01,3,3485,卖盘
2749,10:39:39,11.63,--,18,20934,买盘
2750,10:39:33,11.63,--,15,17445,买盘
2751,10:39:30,11.63,--,2,2326,买盘
2752,10:39:27,11.63,--,243,282609,买盘
2753,10:39:24,11.63,0.01,22,25586,买盘
2754,10:39:21,11.62,-0.01,10,11620,卖盘
2755,10:39:18,11.63,--,84,97692,买盘
2756,10:39:15,11.63,0.01,179,208177,买盘
2757,10:39:09,11.62,-0.01,20,23240,卖盘
2758,10:39:06,11.63,--,15,17445,买盘
2759,10:39:03,11.63,--,2,2326,买盘
2760,10:39:00,11.63,--,4,4652,买盘
2761,10:38:57,11.63,--,11,12793,买盘
2762,10:38:54,11.63,0.01,4,4652,买盘
2763,10:38:51,11.62,--,1,1162,卖盘
2764,10:38:48,11.62,-0.01,91,105742,卖盘
2765,10:38:45,11.63,--,123,143049,买盘
2766,10:38:42,11.63,--,12,13956,买盘
2767,10:38:33,11.63,0.01,3,3489,买盘
2768,10:38:30,11.62,--,100,116199,卖盘
2769,10:38:27,11.62,-0.01,16,18592,卖盘
2770,10:38:24,11.63,0.01,25,29075,买盘
2771,10:38:21,11.62,--,17,19754,卖盘
2772,10:38:18,11.62,-0.01,210,244019,卖盘
2773,10:38:12,11.63,--,24,27912,买盘
2774,10:38:09,11.63,0.01,64,74432,买盘
2775,10:38:06,11.62,-0.01,19,22078,卖盘
2776,10:38:03,11.63,--,3,3489,买盘
2777,10:38:00,11.63,--,140,162820,买盘
2778,10:37:57,11.63,0.01,106,123278,买盘
2779,10:37:54,11.62,-0.01,10,11620,卖盘
2780,10:37:48,11.63,--,3,3489,买盘
2781,10:37:42,11.63,--,63,73269,买盘
2782,10:37:36,11.63,--,24,27912,买盘
2783,10:37:33,11.63,--,2,2326,买盘
2784,10:37:30,11.63,0.01,20,23260,买盘
2785,10:37:27,11.62,-0.01,130,151060,卖盘
2786,10:37:24,11.63,--,40,46520,买盘
2787,10:37:18,11.63,--,27,31401,买盘
2788,10:37:15,11.63,0.01,17,19771,买盘
2789,10:37:12,11.62,-0.01,115,133630,卖盘
2790,10:37:06,11.63,--,79,91877,买盘
2791,10:37:03,11.63,0.01,2,2326,买盘
2792,10:37:00,11.62,-0.01,31,36022,卖盘
2793,10:36:57,11.63,--,33,38379,买盘
2794,10:36:54,11.63,-0.01,55,63965,卖盘
2795,10:36:51,11.64,0.01,25,29100,买盘
2796,10:36:48,11.63,--,48,55824,卖盘
2797,10:36:45,11.63,--,140,163517,买盘
2798,10:36:42,11.63,--,40,46520,买盘
2799,10:36:39,11.63,--,9,10467,买盘
2800,10:36:36,11.63,--,249,289587,买盘
2801,10:36:33,11.63,--,3,3489,买盘
2802,10:36:30,11.63,0.01,22,25586,买盘
2803,10:36:24,11.62,--,335,389270,卖盘
2804,10:36:21,11.62,-0.01,10,11620,卖盘
2805,10:36:18,11.63,--,3,3489,买盘
2806,10:36:15,11.63,--,150,174450,买盘
2807,10:36:12,11.63,--,23,26749,买盘
2808,10:36:09,11.63,--,3,3489,买盘
