,time,price,change,volume,amount,type
0,15:00:03,11.6,--,4154,4818640,买盘
1,14:57:00,11.6,--,15,17400,买盘
2,14:56:54,11.6,-0.01,566,657209,卖盘
3,14:56:51,11.61,0.01,32,37152,买盘
4,14:56:48,11.6,-0.01,64,74240,卖盘
5,14:56:45,11.61,--,213,247293,买盘
6,14:56:42,11.61,--,18,20898,买盘
7,14:56:39,11.61,0.01,32,37152,买盘
8,14:56:36,11.6,-0.01,114,132240,卖盘
9,14:56:33,11.61,--,4,4644,买盘
10,14:56:30,11.61,--,5,5805,买盘
11,14:56:27,11.61,--,71,82431,买盘
12,14:56:24,11.61,--,21,24381,买盘
13,14:56:18,11.61,--,138,160218,买盘
14,14:56:15,11.61,--,21,24381,买盘
15,14:56:12,11.61,-0.01,127,147447,卖盘
16,14:56:09,11.62,--,90,104580,买盘
17,14:56:06,11.62,0.01,7,8133,买盘
18,14:56:03,11.61,--,29,33669,卖盘
19,14:56:00,11.61,--,28,32508,卖盘
20,14:55:57,11.61,0.01,32,37152,买盘
21,14:55:54,11.6,-0.01,75,87000,卖盘
22,14:55:51,11.61,0.01,43,49923,买盘
23,14:55:48,11.6,--,41,47560,卖盘
24,14:55:45,11.6,-0.01,15,17400,卖盘
25,14:55:42,11.61,0.01,93,107973,卖盘
26,14:55:39,11.6,--,4,4640,卖盘
27,14:55:36,11.6,--,120,139200,卖盘
28,14:55:33,11.6,--,1492,1730720,卖盘
29,14:55:30,11.6,-0.01,33,38280,卖盘
30,14:55:27,11.61,--,29,33669,买盘
31,14:55:24,11.61,0.01,25,29025,买盘
32,14:55:21,11.6,--,19,22040,卖盘
33,14:55:18,11.6,--,80,92800,卖盘
34,14:55:15,11.6,--,53,61480,卖盘
35,14:55:12,11.6,--,98,113680,卖盘
36,14:55:09,11.6,--,5,5800,卖盘
37,14:55:03,11.6,-0.01,195,226942,卖盘
38,14:55:00,11.61,0.01,10,11610,买盘
39,14:54:57,11.6,--,33,38280,卖盘
40,14:54:54,11.6,--,74,85840,卖盘
41,14:54:51,11.6,0.01,1196,1388288,买盘
42,14:54:48,11.59,--,8,9272,卖盘
43,14:54:45,11.59,--,5,5795,卖盘
44,14:54:39,11.59,--,112,129808,卖盘
45,14:54:36,11.59,-0.01,63,73017,卖盘
46,14:54:33,11.6,0.01,14,16240,买盘
47,14:54:30,11.59,--,30,34770,卖盘
48,14:54:27,11.59,-0.01,90,104310,卖盘
49,14:54:21,11.6,--,21,24360,买盘
50,14:54:18,11.6,0.01,13,15080,买盘
51,14:54:15,11.59,--,36,41724,卖盘
52,14:54:09,11.59,--,11,12749,卖盘
53,14:54:06,11.59,--,22,25498,卖盘
54,14:54:03,11.59,--,36,41724,卖盘
55,14:54:00,11.59,--,26,30134,卖盘
56,14:53:57,11.59,-0.01,18,20862,卖盘
57,14:53:54,11.6,0.01,3,3480,买盘
58,14:53:51,11.59,--,10,11590,卖盘
59,14:53:48,11.59,--,16,18544,卖盘
60,14:53:45,11.59,--,1,1159,卖盘
61,14:53:42,11.59,--,17,19703,卖盘
62,14:53:39,11.59,0.01,517,599203,买盘
63,14:53:36,11.58,--,83,96114,卖盘
64,14:53:33,11.58,0.01,507,587106,买盘
65,14:53:30,11.57,--,27,31239,卖盘
66,14:53:27,11.57,--,10,11570,卖盘
67,14:53:24,11.57,--,12,13884,卖盘
68,14:53:21,11.57,--,85,98345,卖盘
69,14:53:18,11.57,--,100,115700,卖盘
70,14:53:15,11.57,-0.01,11,12727,卖盘
71,14:53:12,11.58,0.01,64,74112,买盘
72,14:53:09,11.57,--,8,9256,卖盘
73,14:53:06,11.57,-0.01,16,18512,卖盘
74,14:53:03,11.58,0.01,53,61374,买盘
75,14:53:00,11.57,-0.01,16,18512,卖盘
76,14:52:54,11.58,--,50,57900,买盘
77,14:52:51,11.58,--,30,34740,买盘
78,14:52:48,11.58,0.01,43,49794,买盘
79,14:52:45,11.57,--,79,91403,卖盘
80,14:52:42,11.57,--,6,6942,卖盘
81,14:52:36,11.57,--,18,20826,卖盘
82,14:52:30,11.57,--,97,112229,卖盘
83,14:52:27,11.57,--,11,12727,卖盘
84,14:52:24,11.57,--,53,61321,卖盘
85,14:52:21,11.57,-0.01,34,39338,卖盘
86,14:52:18,11.58,0.01,4,4632,买盘
87,14:52:15,11.57,--,32,37024,卖盘
88,14:52:12,11.57,--,30,34710,卖盘
89,14:52:09,11.57,-0.01,108,124956,卖盘
90,14:52:06,11.58,0.01,200,231600,买盘
91,14:52:03,11.57,--,132,152724,卖盘
92,14:52:00,11.57,--,10,11570,卖盘
93,14:51:54,11.57,-0.01,2,2314,卖盘
94,14:51:51,11.58,0.01,10,11580,买盘
95,14:51:42,11.57,--,14,16198,卖盘
96,14:51:33,11.57,--,74,85618,卖盘
97,14:51:30,11.57,-0.01,6,6942,卖盘
98,14:51:27,11.58,--,32,37056,买盘
99,14:51:24,11.58,--,96,111168,买盘
100,14:51:21,11.58,--,81,93798,买盘
101,14:51:18,11.58,--,9,10422,买盘
102,14:51:12,11.58,--,3,3474,买盘
103,14:51:09,11.58,-0.01,91,105378,卖盘
104,14:51:06,11.59,0.01,1,1159,买盘
105,14:51:03,11.58,-0.01,337,390246,卖盘
106,14:50:54,11.59,0.01,64,74176,买盘
107,14:50:51,11.58,--,250,289500,卖盘
108,14:50:45,11.58,--,8,9264,卖盘
109,14:50:42,11.58,-0.01,26,30108,卖盘
110,14:50:36,11.59,--,5,5795,买盘
111,14:50:33,11.59,--,145,168055,买盘
112,14:50:30,11.59,--,29,33611,买盘
113,14:50:27,11.59,0.01,47,54473,买盘
114,14:50:18,11.58,-0.01,59,68322,卖盘
115,14:50:15,11.59,--,21,24339,买盘
116,14:50:12,11.59,0.01,32,37088,买盘
117,14:50:09,11.58,--,10,11580,卖盘
118,14:50:06,11.58,--,23,26634,卖盘
119,14:50:03,11.58,-0.01,129,149382,卖盘
120,14:50:00,11.59,0.01,10,11590,买盘
121,14:49:57,11.58,-0.01,54,62532,卖盘
122,14:49:54,11.59,--,13,15067,买盘
123,14:49:51,11.59,--,38,44042,买盘
124,14:49:48,11.59,-0.01,134,155306,卖盘
125,14:49:45,11.6,0.01,64,74240,买盘
126,14:49:42,11.59,-0.01,68,78812,卖盘
127,14:49:27,11.6,0.01,12,13920,买盘
128,14:49:24,11.59,-0.01,10,11590,卖盘
129,14:49:18,11.6,--,25,29000,买盘
130,14:49:15,11.6,--,13,15080,买盘
131,14:49:12,11.6,--,40,46400,买盘
132,14:49:09,11.6,--,31,35960,买盘
133,14:49:06,11.6,0.01,50,58000,买盘
134,14:49:03,11.59,-0.01,33,38247,卖盘
135,14:48:57,11.6,0.01,29,33640,买盘
136,14:48:54,11.59,--,53,61427,买盘
137,14:48:48,11.59,--,75,86925,买盘
138,14:48:45,11.59,--,7,8113,买盘
139,14:48:42,11.59,--,10,11590,买盘
140,14:48:36,11.59,0.01,45,52155,买盘
141,14:48:30,11.58,-0.01,90,104220,卖盘
142,14:48:27,11.59,0.01,25,28975,买盘
143,14:48:24,11.58,--,45,52110,卖盘
144,14:48:21,11.58,-0.01,210,243180,卖盘
145,14:48:18,11.59,0.01,62,71858,买盘
146,14:48:15,11.58,--,3,3474,卖盘
147,14:48:09,11.58,-0.01,21,24318,卖盘
148,14:48:06,11.59,0.01,98,113582,买盘
149,14:48:03,11.58,--,32,37056,卖盘
150,14:48:00,11.58,--,14,16212,卖盘
151,14:47:57,11.58,--,37,42846,卖盘
152,14:47:54,11.58,--,40,46320,买盘
153,14:47:51,11.58,--,19,22002,卖盘
154,14:47:48,11.58,--,3,3474,买盘
155,14:47:45,11.58,0.01,40,46320,买盘
156,14:47:42,11.57,--,1,1157,卖盘
157,14:47:39,11.57,-0.01,5,5785,卖盘
158,14:47:36,11.58,--,11,12738,买盘
159,14:47:33,11.58,--,5,5790,买盘
160,14:47:30,11.58,--,5,5790,买盘
161,14:47:24,11.58,0.01,100,115800,买盘
162,14:47:21,11.57,-0.01,105,121485,卖盘
163,14:47:18,11.58,--,2,2316,买盘
164,14:47:15,11.58,--,311,360138,买盘
165,14:47:09,11.58,0.01,49,56742,买盘
166,14:47:06,11.57,0.01,87,100659,买盘
167,14:47:03,11.56,-0.01,70,80920,卖盘
168,14:47:00,11.57,--,23,26611,买盘
169,14:46:57,11.57,--,49,56693,买盘
170,14:46:54,11.57,--,22,25454,买盘
171,14:46:48,11.57,--,31,35867,买盘
172,14:46:45,11.57,--,23,26611,买盘
173,14:46:42,11.57,0.01,50,57850,买盘
174,14:46:39,11.56,-0.01,24,27744,卖盘
175,14:46:36,11.57,--,5,5785,买盘
176,14:46:30,11.57,--,129,149854,卖盘
177,14:46:27,11.57,-0.01,56,64792,卖盘
178,14:46:24,11.58,0.01,9,10422,买盘
179,14:46:18,11.57,--,26,30082,卖盘
180,14:46:15,11.57,--,2,2314,卖盘
181,14:46:09,11.57,--,29,33553,卖盘
182,14:46:06,11.57,--,31,36422,买盘
183,14:46:03,11.57,--,181,209417,买盘
184,14:46:00,11.57,--,10,11570,买盘
185,14:45:54,11.57,--,32,37024,买盘
186,14:45:48,11.57,--,96,111072,买盘
187,14:45:45,11.57,0.01,10,11570,买盘
188,14:45:42,11.56,-0.01,60,69360,卖盘
189,14:45:36,11.57,--,31,35867,买盘
190,14:45:30,11.57,0.01,453,524121,买盘
191,14:45:24,11.56,--,60,69360,卖盘
192,14:45:15,11.56,--,1,1156,卖盘
193,14:45:12,11.56,--,45,52020,卖盘
194,14:45:09,11.56,-0.01,1,1156,卖盘
195,14:45:03,11.57,0.01,37,42809,买盘
196,14:45:00,11.56,--,13,15028,卖盘
197,14:44:57,11.56,--,53,61268,卖盘
198,14:44:54,11.56,-0.01,5,5780,卖盘
199,14:44:48,11.57,0.01,1,1157,买盘
200,14:44:45,11.56,-0.01,31,35836,卖盘
201,14:44:42,11.57,--,1,1758,卖盘
202,14:44:39,11.57,--,83,96031,卖盘
203,14:44:36,11.57,-0.01,1,1157,卖盘
204,14:44:33,11.58,0.01,4,4632,买盘
205,14:44:30,11.57,--,99,114543,卖盘
206,14:44:27,11.57,--,26,30082,卖盘
207,14:44:24,11.57,-0.01,61,70577,卖盘
208,14:44:21,11.58,0.01,92,106536,买盘
209,14:44:18,11.57,--,298,344786,卖盘
210,14:44:15,11.57,-0.01,619,716183,卖盘
211,14:44:12,11.58,--,29,33582,买盘
212,14:44:09,11.58,0.01,32,37611,买盘
213,14:44:06,11.57,--,4,4628,卖盘
214,14:44:03,11.57,--,50,57850,卖盘
215,14:43:57,11.57,-0.01,86,99502,卖盘
216,14:43:54,11.58,0.01,20,23160,买盘
217,14:43:48,11.57,-0.01,66,76362,卖盘
218,14:43:42,11.58,--,18,20844,买盘
219,14:43:39,11.58,--,30,34740,买盘
220,14:43:36,11.58,--,25,28950,买盘
221,14:43:33,11.58,--,22,25476,买盘
222,14:43:30,11.58,--,11,12738,买盘
223,14:43:27,11.58,--,15,17370,买盘
224,14:43:18,11.58,--,96,111168,卖盘
225,14:43:12,11.58,--,49,56742,卖盘
226,14:43:09,11.58,--,195,225810,卖盘
227,14:43:06,11.58,--,53,61374,卖盘
228,14:43:03,11.58,-0.01,20,23160,卖盘
229,14:43:00,11.59,0.01,326,377834,买盘
230,14:42:57,11.58,-0.01,88,101904,卖盘
231,14:42:54,11.59,0.01,19,22021,买盘
232,14:42:51,11.58,--,33,38214,卖盘
233,14:42:48,11.58,-0.01,1,1158,卖盘
234,14:42:45,11.59,--,1,1159,买盘
235,14:42:42,11.59,--,38,44042,买盘
236,14:42:39,11.59,0.01,7,8113,买盘
237,14:42:36,11.58,--,54,62532,卖盘
238,14:42:33,11.58,--,54,62532,卖盘
239,14:42:27,11.58,--,20,23160,卖盘
240,14:42:24,11.58,--,12,13896,卖盘
241,14:42:21,11.58,-0.01,10,11580,卖盘
242,14:42:18,11.59,0.01,16,18544,买盘
243,14:42:15,11.58,--,35,40530,卖盘
244,14:42:12,11.58,--,50,57900,卖盘
245,14:42:09,11.58,--,125,144750,卖盘
246,14:42:00,11.58,--,37,42846,卖盘
247,14:41:57,11.58,--,135,156330,卖盘
248,14:41:54,11.58,--,81,93798,卖盘
249,14:41:51,11.58,--,20,23160,卖盘
250,14:41:48,11.58,--,5,5790,卖盘
251,14:41:45,11.58,--,6,6948,卖盘
252,14:41:36,11.58,--,270,312660,卖盘
253,14:41:33,11.58,--,350,405300,卖盘
254,14:41:30,11.58,--,10,11580,卖盘
255,14:41:27,11.58,--,10,11580,卖盘
256,14:41:21,11.58,-0.01,56,64848,卖盘
257,14:41:18,11.59,0.01,2,2318,买盘
258,14:41:15,11.58,--,178,206124,卖盘
259,14:41:12,11.58,--,23,26634,卖盘
260,14:41:09,11.58,--,129,149382,卖盘
261,14:41:03,11.58,--,55,63690,卖盘
262,14:40:57,11.58,--,79,91482,卖盘
263,14:40:54,11.58,--,85,98430,卖盘
264,14:40:51,11.58,--,40,46320,卖盘
265,14:40:45,11.58,--,90,104220,卖盘
266,14:40:42,11.58,-0.01,2,2316,卖盘
267,14:40:36,11.59,--,87,100833,买盘
268,14:40:30,11.59,0.01,10,11590,买盘
269,14:40:27,11.58,-0.01,7,8106,卖盘
270,14:40:21,11.59,--,7,8113,买盘
271,14:40:15,11.59,--,5,5795,买盘
272,14:40:09,11.59,--,206,238754,卖盘
273,14:40:06,11.59,-0.01,61,70699,卖盘
274,14:40:03,11.6,0.01,5,5800,买盘
275,14:40:00,11.59,--,11,12749,卖盘
276,14:39:57,11.59,-0.01,60,69540,卖盘
277,14:39:54,11.6,0.01,49,56840,买盘
278,14:39:48,11.59,--,36,41724,卖盘
279,14:39:45,11.59,--,80,92720,卖盘
280,14:39:42,11.59,-0.01,20,23180,卖盘
281,14:39:39,11.6,0.01,34,39440,买盘
282,14:39:36,11.59,--,20,23180,卖盘
283,14:39:33,11.59,--,65,75335,卖盘
284,14:39:30,11.59,-0.01,1,1159,卖盘
285,14:39:27,11.6,--,20,23200,买盘
286,14:39:24,11.6,--,63,73080,买盘
287,14:39:21,11.6,--,5,5800,买盘
288,14:39:18,11.6,0.01,22,25520,买盘
289,14:39:15,11.59,-0.01,11,12749,卖盘
290,14:39:06,11.6,0.01,31,35960,买盘
291,14:39:03,11.59,-0.01,60,69540,卖盘
292,14:39:00,11.6,--,40,46400,买盘
293,14:38:57,11.6,--,5,5800,买盘
294,14:38:54,11.6,0.01,27,31320,买盘
295,14:38:51,11.59,-0.01,4,4636,卖盘
296,14:38:48,11.6,0.01,27,31320,买盘
297,14:38:45,11.59,-0.01,45,52155,卖盘
298,14:38:42,11.6,--,16,18560,买盘
299,14:38:39,11.6,--,4,5243,卖盘
300,14:38:33,11.6,--,62,72476,买盘
301,14:38:30,11.6,--,60,70203,卖盘
302,14:38:27,11.6,0.01,240,278956,买盘
303,14:38:24,11.59,--,18,20862,卖盘
304,14:38:21,11.59,--,5,5795,卖盘
305,14:38:18,11.59,--,64,74176,卖盘
306,14:38:15,11.59,--,58,67222,卖盘
307,14:38:12,11.59,--,215,249185,卖盘
308,14:38:06,11.59,--,41,47519,卖盘
309,14:38:03,11.59,-0.01,60,69540,卖盘
310,14:38:00,11.6,0.01,30,34800,买盘
311,14:37:57,11.59,-0.01,78,90402,卖盘
312,14:37:54,11.6,0.01,121,140360,买盘
313,14:37:51,11.59,-0.01,15,17385,卖盘
314,14:37:48,11.6,--,6,6960,买盘
315,14:37:45,11.6,--,5,5800,买盘
316,14:37:42,11.6,--,5,5800,买盘
317,14:37:39,11.6,--,35,40832,卖盘
318,14:37:36,11.6,--,12,13920,卖盘
319,14:37:33,11.6,--,161,186760,卖盘
320,14:37:30,11.6,--,5,5800,卖盘
321,14:37:27,11.6,--,18,20880,卖盘
322,14:37:24,11.6,0.01,101,118088,买盘
323,14:37:21,11.59,--,53,61427,卖盘
324,14:37:12,11.59,--,13,15067,卖盘
325,14:37:09,11.59,--,3,3477,卖盘
326,14:37:06,11.59,-0.01,44,50996,卖盘
327,14:37:00,11.6,--,89,103472,卖盘
328,14:36:57,11.6,-0.01,77,89320,卖盘
329,14:36:54,11.61,--,11,12771,买盘
330,14:36:51,11.61,--,14,16254,买盘
331,14:36:45,11.61,0.01,29,33669,买盘
332,14:36:42,11.6,--,30,34800,卖盘
333,14:36:39,11.6,--,4,4640,卖盘
334,14:36:36,11.6,--,26,30160,卖盘
335,14:36:33,11.6,-0.01,226,262160,卖盘
336,14:36:30,11.61,0.01,83,96363,买盘
337,14:36:27,11.6,--,44,51040,卖盘
338,14:36:24,11.6,--,50,58000,卖盘
339,14:36:21,11.6,--,40,46400,卖盘
340,14:36:18,11.6,--,1,1160,卖盘
341,14:36:06,11.6,--,29,33640,卖盘
342,14:36:03,11.6,--,13,15080,卖盘
343,14:36:00,11.6,--,60,69600,卖盘
344,14:35:57,11.6,--,96,111360,卖盘
345,14:35:51,11.6,--,143,165880,卖盘
346,14:35:45,11.6,--,10,11600,卖盘
347,14:35:33,11.6,-0.01,34,39440,卖盘
348,14:35:30,11.61,0.01,110,127710,买盘
349,14:35:27,11.6,-0.01,60,69600,卖盘
350,14:35:24,11.61,--,41,47601,买盘
351,14:35:21,11.61,0.01,13,15093,买盘
352,14:35:18,11.6,--,60,69600,卖盘
353,14:35:15,11.6,-0.01,44,51040,卖盘
354,14:35:12,11.61,0.01,28,32508,买盘
355,14:35:09,11.6,--,9,10440,卖盘
356,14:35:06,11.6,--,27,31320,卖盘
357,14:35:03,11.6,-0.01,24,27840,卖盘
358,14:35:00,11.61,0.01,68,78948,买盘
359,14:34:57,11.6,-0.01,77,89320,卖盘
360,14:34:48,11.61,--,62,71982,买盘
361,14:34:42,11.61,0.01,15,17415,买盘
362,14:34:39,11.6,--,95,110200,卖盘
363,14:34:30,11.6,--,20,23200,卖盘
364,14:34:27,11.6,--,60,69600,卖盘
365,14:34:24,11.6,-0.01,9,10440,卖盘
366,14:34:21,11.61,0.01,23,26703,买盘
367,14:34:18,11.6,--,5,5800,卖盘
368,14:34:15,11.6,-0.01,4,4640,卖盘
369,14:34:12,11.61,0.01,4,4644,买盘
370,14:34:00,11.6,--,48,55680,卖盘
371,14:33:57,11.6,-0.01,13,15080,卖盘
372,14:33:54,11.61,0.01,10,11610,买盘
373,14:33:51,11.6,--,51,59160,卖盘
374,14:33:48,11.6,--,15,17400,卖盘
375,14:33:45,11.6,--,1,1160,卖盘
376,14:33:42,11.6,-0.01,15,17400,卖盘
377,14:33:36,11.61,--,9,10449,卖盘
378,14:33:33,11.61,0.01,1,1161,中性盘
379,14:33:27,11.6,-0.01,60,69600,卖盘
380,14:33:24,11.61,--,4,4644,卖盘
381,14:33:18,11.61,--,260,301860,买盘
382,14:33:15,11.61,--,5,5805,买盘
383,14:33:12,11.61,0.01,5,5805,买盘
384,14:33:09,11.6,-0.01,36,41760,卖盘
385,14:33:03,11.61,0.01,50,58050,买盘
386,14:32:57,11.6,--,136,157760,卖盘
387,14:32:54,11.6,--,7,8120,卖盘
388,14:32:48,11.6,--,108,125280,卖盘
389,14:32:39,11.6,-0.01,2,2320,卖盘
390,14:32:36,11.61,0.01,5,5805,买盘
391,14:32:33,11.6,--,20,23200,卖盘
392,14:32:30,11.6,--,1,1160,卖盘
393,14:32:27,11.6,--,60,69600,卖盘
394,14:32:24,11.6,--,2,2320,卖盘
395,14:32:21,11.6,--,25,29000,卖盘
396,14:32:18,11.6,--,100,116000,卖盘
397,14:32:12,11.6,--,44,51040,卖盘
398,14:32:09,11.6,--,10,11600,卖盘
399,14:32:06,11.6,--,16,18560,卖盘
400,14:31:57,11.6,--,1,1160,卖盘
401,14:31:54,11.6,-0.01,110,127600,卖盘
402,14:31:51,11.61,0.01,79,91719,买盘
403,14:31:45,11.6,--,9,10440,卖盘
404,14:31:42,11.6,-0.01,7,8120,卖盘
405,14:31:39,11.61,0.01,4,4644,买盘
406,14:31:33,11.6,--,9,10440,卖盘
407,14:31:30,11.6,-0.01,6,6960,卖盘
408,14:31:27,11.61,0.01,10,11610,买盘
409,14:31:24,11.6,-0.01,152,176320,卖盘
410,14:31:21,11.61,--,54,62694,买盘
411,14:31:15,11.61,--,6,6966,买盘
412,14:31:09,11.61,--,4,4644,买盘
413,14:31:00,11.61,0.01,4,4644,买盘
414,14:30:57,11.6,-0.01,8,9280,卖盘
415,14:30:54,11.61,-0.01,66,76626,卖盘
416,14:30:51,11.62,0.01,5,5810,买盘
417,14:30:48,11.61,--,93,107973,卖盘
418,14:30:36,11.61,-0.01,9,10449,卖盘
419,14:30:33,11.62,0.01,5,5810,买盘
420,14:30:27,11.61,--,11,12771,卖盘
421,14:30:24,11.61,--,60,69660,卖盘
422,14:30:18,11.61,--,50,58050,卖盘
423,14:30:15,11.61,0.01,48,55728,买盘
424,14:30:12,11.6,--,10,11600,卖盘
425,14:30:09,11.6,--,9,10440,卖盘
426,14:30:06,11.6,--,15,17400,卖盘
427,14:30:00,11.6,--,84,97440,卖盘
428,14:29:57,11.6,--,1,1160,卖盘
429,14:29:54,11.6,--,9,10440,卖盘
430,14:29:51,11.6,--,91,105560,卖盘
431,14:29:48,11.6,--,21,24360,卖盘
432,14:29:45,11.6,--,23,26680,卖盘
433,14:29:42,11.6,-0.01,11,12760,卖盘
434,14:29:39,11.61,0.01,20,23220,买盘
435,14:29:36,11.6,--,60,69600,卖盘
436,14:29:30,11.6,--,30,34800,卖盘
437,14:29:27,11.6,--,12,14848,卖盘
438,14:29:24,11.6,--,10,11600,卖盘
439,14:29:21,11.6,--,61,70760,卖盘
440,14:29:18,11.6,--,97,112520,卖盘
441,14:29:15,11.6,--,20,23200,卖盘
442,14:29:12,11.6,-0.01,42,48720,卖盘
443,14:29:06,11.61,0.01,5,5805,买盘
444,14:29:03,11.6,--,3,3480,卖盘
445,14:29:00,11.6,--,5,5800,卖盘
446,14:28:51,11.6,-0.01,111,128760,卖盘
447,14:28:45,11.61,0.01,49,56889,买盘
448,14:28:42,11.6,--,1,1160,卖盘
449,14:28:39,11.6,--,2,2320,卖盘
450,14:28:33,11.6,--,8,9280,卖盘
451,14:28:30,11.6,--,3,3480,卖盘
452,14:28:27,11.6,-0.01,4,4640,中性盘
453,14:28:24,11.61,0.02,10,11610,买盘
454,14:28:21,11.59,-0.01,160,185440,卖盘
455,14:28:18,11.6,--,10,11600,买盘
456,14:28:12,11.6,--,110,127600,买盘
457,14:28:09,11.6,--,7,8120,买盘
458,14:28:06,11.6,0.01,15,17400,买盘
459,14:28:03,11.59,-0.01,77,89243,卖盘
460,14:28:00,11.6,--,144,167040,卖盘
461,14:27:54,11.6,--,11,12760,卖盘
462,14:27:51,11.6,--,101,117160,卖盘
463,14:27:42,11.6,-0.01,500,580000,卖盘
464,14:27:39,11.61,0.01,15,17415,买盘
465,14:27:27,11.6,--,65,75400,卖盘
466,14:27:24,11.6,-0.01,70,81200,卖盘
467,14:27:21,11.61,0.01,10,11610,买盘
468,14:27:18,11.6,-0.01,82,95120,卖盘
469,14:27:15,11.61,--,10,11610,买盘
470,14:27:09,11.61,0.01,61,70821,买盘
471,14:27:00,11.6,--,2,2320,卖盘
472,14:26:54,11.6,-0.01,2,2320,卖盘
473,14:26:51,11.61,0.01,75,87075,买盘
474,14:26:48,11.6,-0.01,133,154280,卖盘
475,14:26:45,11.61,0.01,10,11610,买盘
476,14:26:42,11.6,-0.01,30,34800,卖盘
477,14:26:33,11.61,0.01,5,5805,买盘
478,14:26:30,11.6,-0.01,5,5800,卖盘
479,14:26:27,11.61,--,24,27864,买盘
480,14:26:24,11.61,--,17,19737,买盘
481,14:26:21,11.61,0.01,17,19737,买盘
482,14:26:18,11.6,--,63,73080,卖盘
483,14:26:15,11.6,--,26,30160,卖盘
484,14:26:09,11.6,--,1,1160,卖盘
485,14:26:06,11.6,-0.01,37,42920,卖盘
486,14:26:03,11.61,0.01,47,54567,买盘
487,14:25:54,11.6,--,109,126440,卖盘
488,14:25:51,11.6,--,1,1160,卖盘
489,14:25:48,11.6,-0.01,60,69600,卖盘
490,14:25:45,11.61,--,21,24381,买盘
491,14:25:42,11.61,--,23,26703,买盘
492,14:25:39,11.61,0.01,5,5805,买盘
493,14:25:36,11.6,-0.01,60,69600,卖盘
494,14:25:33,11.61,-0.01,13,15093,买盘
495,14:25:27,11.62,0.01,50,58099,买盘
496,14:25:21,11.61,--,13,15325,卖盘
497,14:25:18,11.61,--,110,127710,卖盘
498,14:25:15,11.61,-0.01,1,1161,卖盘
499,14:25:12,11.62,0.01,50,58099,买盘
500,14:25:06,11.61,-0.01,35,40635,卖盘
501,14:25:03,11.62,0.01,4,4648,买盘
502,14:25:00,11.61,--,125,145125,卖盘
503,14:24:54,11.61,--,51,59211,卖盘
504,14:24:51,11.61,-0.01,51,59211,卖盘
505,14:24:48,11.62,0.01,20,23240,买盘
506,14:24:45,11.61,--,60,69660,卖盘
507,14:24:39,11.61,--,139,161379,卖盘
508,14:24:30,11.61,-0.01,14,16254,卖盘
509,14:24:24,11.62,0.01,155,180110,买盘
510,14:24:21,11.61,--,105,121905,卖盘
511,14:24:15,11.61,-0.01,60,69660,卖盘
512,14:24:12,11.62,0.01,5,5810,买盘
513,14:24:06,11.61,--,7,8127,卖盘
514,14:24:00,11.61,--,20,23220,卖盘
515,14:23:57,11.61,--,55,63855,卖盘
516,14:23:51,11.61,--,41,47601,卖盘
517,14:23:48,11.61,--,64,74304,卖盘
518,14:23:45,11.61,--,60,69660,卖盘
519,14:23:42,11.61,--,35,40635,卖盘
520,14:23:39,11.61,--,1,1161,卖盘
521,14:23:36,11.61,--,10,11610,卖盘
522,14:23:33,11.61,--,20,23220,卖盘
523,14:23:24,11.61,--,3,3483,卖盘
524,14:23:21,11.61,--,2,3250,卖盘
525,14:23:18,11.61,--,94,109134,卖盘
526,14:23:15,11.61,--,60,69660,卖盘
527,14:23:09,11.61,--,65,75465,卖盘
528,14:23:06,11.61,--,10,11610,卖盘
529,14:23:03,11.61,--,10,11610,卖盘
530,14:23:00,11.61,--,1,1161,卖盘
531,14:22:57,11.61,--,30,34830,卖盘
532,14:22:51,11.61,--,55,63855,卖盘
533,14:22:45,11.61,--,65,75465,卖盘
534,14:22:42,11.61,--,3,3483,卖盘
535,14:22:39,11.61,--,20,23220,卖盘
536,14:22:33,11.61,--,64,74304,卖盘
537,14:22:24,11.61,--,14,16254,卖盘
538,14:22:21,11.61,--,1,1161,卖盘
539,14:22:18,11.61,-0.01,3,3483,卖盘
540,14:22:12,11.62,-0.01,5,5810,中性盘
541,14:22:09,11.63,--,55,63965,买盘
542,14:22:06,11.63,--,11,12793,买盘
543,14:22:03,11.63,0.01,23,26749,买盘
544,14:22:00,11.62,--,10,11852,卖盘
545,14:21:57,11.62,--,65,75530,卖盘
546,14:21:51,11.62,--,180,209160,卖盘
547,14:21:48,11.62,--,83,96446,卖盘
548,14:21:42,11.62,--,60,69720,卖盘
549,14:21:33,11.62,--,6,6971,卖盘
550,14:21:27,11.62,--,40,46480,卖盘
551,14:21:21,11.62,--,64,74368,卖盘
552,14:21:18,11.62,--,11,12782,卖盘
553,14:21:12,11.62,--,177,206603,买盘
554,14:21:09,11.62,0.01,20,23240,买盘
555,14:21:06,11.61,-0.01,1,1161,卖盘
556,14:21:03,11.62,--,2,2324,买盘
557,14:21:00,11.62,--,2,2324,买盘
558,14:20:51,11.62,--,121,140602,买盘
559,14:20:45,11.62,--,3,3485,买盘
560,14:20:42,11.62,--,76,88544,卖盘
561,14:20:39,11.62,-0.01,3,3485,卖盘
562,14:20:27,11.63,--,6,6978,买盘
563,14:20:15,11.63,--,5,5815,买盘
564,14:20:12,11.63,--,3,3489,买盘
565,14:20:09,11.63,--,4,4652,买盘
566,14:20:06,11.63,--,29,33727,卖盘
567,14:20:03,11.63,--,1,1163,卖盘
568,14:20:00,11.63,--,4,4652,卖盘
569,14:19:54,11.63,0.01,66,76758,买盘
570,14:19:51,11.62,-0.01,42,48804,卖盘
571,14:19:39,11.63,--,36,41868,卖盘
572,14:19:30,11.63,--,65,75595,卖盘
573,14:19:27,11.63,-0.01,30,34890,卖盘
574,14:19:18,11.64,--,31,36084,买盘
575,14:19:12,11.64,0.01,3,3492,买盘
576,14:19:09,11.63,--,65,75595,卖盘
577,14:19:06,11.63,-0.01,2,2326,卖盘
578,14:19:00,11.64,0.01,12,13968,买盘
579,14:18:57,11.63,--,10,11630,卖盘
580,14:18:54,11.63,--,54,62802,卖盘
581,14:18:48,11.63,--,1,1163,卖盘
582,14:18:45,11.63,--,2,2326,卖盘
583,14:18:39,11.63,--,491,571963,买盘
584,14:18:36,11.63,0.01,15,17445,买盘
585,14:18:33,11.62,-0.01,1,1162,卖盘
586,14:18:27,11.63,--,34,39542,卖盘
587,14:18:24,11.63,0.01,117,136071,买盘
588,14:18:18,11.62,-0.01,7,8133,卖盘
589,14:18:15,11.63,--,3,3489,买盘
590,14:18:09,11.63,-0.01,38,44194,卖盘
591,14:18:03,11.64,--,22,25608,买盘
592,14:18:00,11.64,--,70,81480,买盘
593,14:17:57,11.64,0.02,30,34920,买盘
594,14:17:54,11.62,-0.01,39,45318,卖盘
595,14:17:51,11.63,--,11,12793,卖盘
596,14:17:48,11.63,0.01,107,124441,买盘
597,14:17:45,11.62,-0.01,5,5810,卖盘
598,14:17:42,11.63,--,70,81410,买盘
599,14:17:39,11.63,--,35,40705,买盘
600,14:17:36,11.63,--,111,129093,卖盘
601,14:17:30,11.63,-0.01,1,1163,卖盘
602,14:17:27,11.64,--,17,19788,买盘
603,14:17:24,11.64,0.01,34,39576,买盘
604,14:17:21,11.63,-0.01,48,55824,卖盘
605,14:17:18,11.64,0.01,76,88464,买盘
606,14:17:15,11.63,--,10,11630,卖盘
607,14:17:12,11.63,--,11,12793,卖盘
608,14:17:06,11.63,-0.01,122,141886,卖盘
609,14:17:03,11.64,0.01,55,64020,买盘
610,14:16:57,11.63,-0.01,5,5815,卖盘
611,14:16:51,11.64,0.01,3,3492,买盘
612,14:16:48,11.63,--,1,1163,卖盘
613,14:16:36,11.63,--,60,69780,卖盘
614,14:16:30,11.63,--,56,65128,卖盘
615,14:16:27,11.63,-0.01,63,73269,卖盘
616,14:16:24,11.64,--,22,25608,买盘
617,14:16:18,11.64,--,10,11640,买盘
618,14:16:06,11.64,-0.01,32,37248,卖盘
619,14:16:03,11.65,--,55,64075,买盘
620,14:16:00,11.65,0.01,8,9320,买盘
621,14:15:57,11.64,-0.01,2,2328,卖盘
622,14:15:54,11.65,0.01,61,71065,买盘
623,14:15:42,11.64,--,18,20952,卖盘
624,14:15:39,11.64,--,23,26772,卖盘
625,14:15:36,11.64,-0.01,60,69840,卖盘
626,14:15:33,11.65,0.01,20,23300,买盘
627,14:15:27,11.64,-0.01,100,116400,卖盘
628,14:15:18,11.65,--,24,27960,买盘
629,14:15:12,11.65,--,5,5825,买盘
630,14:15:09,11.65,--,65,75725,买盘
631,14:15:06,11.65,0.01,2,2330,买盘
632,14:15:03,11.64,-0.01,30,34920,卖盘
633,14:15:00,11.65,--,50,58250,买盘
634,14:14:54,11.65,--,4,4660,买盘
635,14:14:51,11.65,--,51,59415,卖盘
636,14:14:45,11.65,--,2,2330,卖盘
637,14:14:42,11.65,--,11,12815,买盘
638,14:14:39,11.65,--,16,18640,买盘
639,14:14:33,11.65,-0.01,44,51260,卖盘
640,14:14:27,11.66,--,50,58300,买盘
641,14:14:24,11.66,--,90,104940,买盘
642,14:14:18,11.66,0.01,8,9328,买盘
643,14:14:15,11.65,--,5,5825,卖盘
644,14:14:12,11.65,--,30,34950,卖盘
645,14:14:06,11.65,0.01,307,357655,买盘
646,14:14:03,11.64,-0.01,60,69840,卖盘
647,14:14:00,11.65,--,3,3495,买盘
648,14:13:54,11.65,--,20,23300,买盘
649,14:13:51,11.65,--,32,37280,买盘
650,14:13:48,11.65,0.01,67,78055,买盘
651,14:13:45,11.64,-0.01,26,30264,卖盘
652,14:13:39,11.65,--,10,11650,买盘
653,14:13:36,11.65,0.01,230,267950,买盘
654,14:13:33,11.64,--,82,95448,卖盘
655,14:13:30,11.64,--,1,1164,卖盘
656,14:13:18,11.64,--,30,34920,卖盘
657,14:13:15,11.64,0.01,50,58200,买盘
658,14:13:06,11.63,--,10,11630,卖盘
659,14:13:03,11.63,--,60,69780,卖盘
660,14:12:51,11.63,--,316,367508,卖盘
661,14:12:48,11.63,-0.01,61,70943,卖盘
662,14:12:45,11.64,0.01,200,232800,买盘
663,14:12:39,11.63,--,1,1163,卖盘
664,14:12:30,11.63,-0.01,77,89551,卖盘
665,14:12:27,11.64,0.01,50,58200,买盘
666,14:12:18,11.63,--,13,15119,卖盘
667,14:12:15,11.63,--,1,1163,卖盘
668,14:12:12,11.63,0.02,35,40705,买盘
669,14:12:06,11.61,--,2,2322,卖盘
670,14:12:00,11.61,-0.02,131,152091,卖盘
671,14:11:54,11.63,0.02,8,9304,买盘
672,14:11:51,11.61,--,2,2322,卖盘
673,14:11:48,11.61,--,56,65016,卖盘
674,14:11:45,11.61,-0.02,72,83592,卖盘
675,14:11:42,11.63,0.01,92,106996,买盘
676,14:11:39,11.62,-0.01,20,23240,卖盘
677,14:11:36,11.63,0.01,90,104670,买盘
678,14:11:30,11.62,--,144,167328,卖盘
679,14:11:27,11.62,--,17,19754,卖盘
680,14:11:18,11.62,--,120,139440,卖盘
681,14:11:06,11.62,--,10,11620,卖盘
682,14:11:00,11.62,--,72,83664,卖盘
683,14:10:57,11.62,-0.01,2,2324,卖盘
684,14:10:54,11.63,--,2,2326,买盘
685,14:10:48,11.63,0.01,10,11630,买盘
686,14:10:36,11.62,-0.01,10,11620,卖盘
687,14:10:33,11.63,0.01,55,63965,买盘
688,14:10:30,11.62,-0.01,60,69720,卖盘
689,14:10:18,11.63,0.01,29,33727,买盘
690,14:10:15,11.62,0.01,191,221941,买盘
691,14:10:12,11.61,-0.01,11,12771,卖盘
692,14:10:09,11.62,0.01,50,58099,买盘
693,14:10:03,11.61,--,20,23220,卖盘
694,14:09:57,11.61,0.01,190,220590,买盘
695,14:09:54,11.6,--,67,77720,卖盘
696,14:09:45,11.6,--,30,34800,卖盘
697,14:09:42,11.6,0.01,41,47560,中性盘
698,14:09:39,11.59,-0.01,2,2318,卖盘
699,14:09:36,11.6,--,34,39440,买盘
700,14:09:33,11.6,0.01,77,89320,中性盘
701,14:09:30,11.59,--,10,11590,卖盘
702,14:09:27,11.59,--,171,198189,卖盘
703,14:09:24,11.59,--,1,1159,卖盘
704,14:09:18,11.59,--,10,11590,卖盘
705,14:09:12,11.59,-0.01,43,49837,卖盘
706,14:09:09,11.6,--,45,52200,卖盘
707,14:09:03,11.6,--,25,29000,买盘
708,14:08:57,11.6,--,57,66120,卖盘
709,14:08:48,11.6,-0.02,9,10440,卖盘
710,14:08:45,11.62,--,6,6971,买盘
711,14:08:42,11.62,0.02,50,58099,买盘
712,14:08:39,11.6,--,22,25520,卖盘
713,14:08:27,11.6,--,61,70760,卖盘
714,14:08:21,11.6,-0.02,10,11600,卖盘
715,14:08:12,11.62,--,50,58099,买盘
716,14:08:03,11.62,0.02,18,20916,买盘
717,14:07:57,11.6,--,60,69600,卖盘
718,14:07:54,11.6,--,8,9280,卖盘
719,14:07:51,11.6,-0.01,9,10440,卖盘
720,14:07:48,11.61,-0.01,4,4644,中性盘
721,14:07:33,11.62,0.02,57,66234,买盘
722,14:07:24,11.6,-0.01,65,75400,卖盘
723,14:07:21,11.61,--,10,11610,卖盘
724,14:07:18,11.61,0.01,336,390096,买盘
725,14:07:15,11.6,--,1,1160,卖盘
726,14:07:12,11.6,--,20,23200,卖盘
727,14:07:09,11.6,-0.01,23,26680,卖盘
728,14:07:06,11.61,0.01,1,1161,买盘
729,14:07:00,11.6,--,5,5800,卖盘
730,14:06:57,11.6,-0.01,20,23200,卖盘
731,14:06:54,11.61,--,55,63855,买盘
732,14:06:51,11.61,--,12,13932,买盘
733,14:06:42,11.61,--,16,18576,买盘
734,14:06:39,11.61,--,398,462078,卖盘
735,14:06:33,11.61,-0.02,58,67338,卖盘
736,14:06:21,11.63,0.01,57,66291,买盘
737,14:06:18,11.62,--,20,23240,卖盘
738,14:06:09,11.62,--,11,12782,买盘
739,14:06:06,11.62,-0.01,4,4648,卖盘
740,14:06:03,11.63,0.01,24,27912,买盘
741,14:05:54,11.62,--,71,82502,买盘
742,14:05:51,11.62,--,13,15105,买盘
743,14:05:48,11.62,--,235,273070,买盘
744,14:05:45,11.62,0.01,14,16267,买盘
745,14:05:39,11.61,--,10,11610,卖盘
746,14:05:21,11.61,-0.01,60,69660,卖盘
747,14:05:18,11.62,0.01,44,51128,买盘
748,14:05:15,11.61,--,3,3483,卖盘
749,14:05:12,11.61,--,10,11610,卖盘
750,14:05:06,11.61,--,50,58050,卖盘
751,14:05:03,11.61,--,13,15093,卖盘
752,14:05:00,11.61,0.01,60,69660,买盘
753,14:04:57,11.6,--,75,87000,卖盘
754,14:04:54,11.6,--,1,1160,卖盘
755,14:04:51,11.6,--,71,82360,卖盘
756,14:04:45,11.6,--,12,13920,卖盘
757,14:04:39,11.6,-0.01,1,1160,卖盘
758,14:04:36,11.61,0.01,5,5805,买盘
759,14:04:33,11.6,--,30,34800,卖盘
760,14:04:27,11.6,-0.01,10,11600,卖盘
761,14:04:21,11.61,--,16,18576,买盘
762,14:04:18,11.61,--,23,26703,卖盘
763,14:04:15,11.61,--,81,94041,卖盘
764,14:04:09,11.61,--,1,1161,卖盘
765,14:04:00,11.61,--,10,11610,卖盘
766,14:03:57,11.61,-0.01,23,26703,卖盘
767,14:03:54,11.62,0.01,8,9296,买盘
768,14:03:51,11.61,-0.01,60,69660,卖盘
769,14:03:48,11.62,0.01,22,25564,买盘
770,14:03:45,11.61,--,21,24381,卖盘
771,14:03:42,11.61,-0.01,5,5805,卖盘
772,14:03:36,11.62,0.01,98,113875,买盘
773,14:03:33,11.61,--,16,18576,买盘
774,14:03:30,11.61,0.01,50,58050,买盘
775,14:03:27,11.6,--,9,10440,卖盘
776,14:03:24,11.6,--,40,46400,卖盘
777,14:03:21,11.6,-0.01,61,70760,卖盘
778,14:03:15,11.61,--,40,46440,买盘
779,14:03:09,11.61,--,5,5805,买盘
780,14:03:03,11.61,0.01,51,59211,买盘
781,14:03:00,11.6,--,8,9280,卖盘
782,14:02:57,11.6,-0.01,10,11600,卖盘
783,14:02:54,11.61,0.01,9,10449,买盘
784,14:02:48,11.6,-0.01,75,87000,卖盘
785,14:02:45,11.61,0.01,40,46440,买盘
786,14:02:42,11.6,-0.01,100,116000,卖盘
787,14:02:39,11.61,0.01,24,27864,买盘
788,14:02:36,11.6,-0.01,22,25520,卖盘
789,14:02:33,11.61,0.01,22,25542,买盘
790,14:02:27,11.6,--,51,59160,卖盘
791,14:02:24,11.6,--,5,5800,卖盘
792,14:02:21,11.6,--,11,12760,卖盘
793,14:02:18,11.6,--,125,145000,卖盘
794,14:02:15,11.6,--,41,47560,卖盘
795,14:02:06,11.6,-0.01,22,25520,卖盘
796,14:02:03,11.61,0.01,10,11610,买盘
797,14:02:00,11.6,--,1,1160,卖盘
798,14:01:57,11.6,-0.01,115,133400,卖盘
799,14:01:42,11.61,--,10,11610,卖盘
800,14:01:39,11.61,-0.01,1,1161,卖盘
801,14:01:36,11.62,--,10,11620,买盘
802,14:01:33,11.62,0.01,23,26726,买盘
803,14:01:30,11.61,--,5,5805,卖盘
804,14:01:24,11.61,-0.01,5,5805,中性盘
805,14:01:21,11.62,0.02,9,10458,买盘
806,14:01:18,11.6,-0.02,60,69600,卖盘
807,14:01:00,11.62,0.01,75,87150,买盘
808,14:00:48,11.61,-0.01,45,52245,卖盘
809,14:00:45,11.62,0.01,20,23240,买盘
810,14:00:39,11.61,-0.01,13,15093,卖盘
811,14:00:33,11.62,--,27,31373,买盘
812,14:00:24,11.62,--,20,23240,买盘
813,14:00:21,11.62,--,34,39508,买盘
814,14:00:15,11.62,--,77,89474,买盘
815,14:00:12,11.62,0.01,7,8133,买盘
816,14:00:03,11.61,-0.01,16,18576,卖盘
817,14:00:00,11.62,--,50,58099,买盘
818,13:59:48,11.62,0.01,16,18592,买盘
819,13:59:45,11.61,--,110,127710,卖盘
820,13:59:42,11.61,--,15,17415,卖盘
821,13:59:39,11.61,--,31,35991,卖盘
822,13:59:36,11.61,0.01,7,8127,中性盘
823,13:59:33,11.6,-0.01,156,180960,卖盘
824,13:59:27,11.61,--,1,1161,买盘
825,13:59:24,11.61,0.01,22,25542,买盘
826,13:59:18,11.6,-0.01,20,23200,卖盘
827,13:59:15,11.61,--,70,81270,买盘
828,13:59:12,11.61,--,13,15093,买盘
829,13:59:09,11.61,--,49,56889,卖盘
830,13:59:03,11.61,0.01,27,31347,买盘
831,13:59:00,11.6,-0.01,10,11600,卖盘
832,13:58:57,11.61,--,8,9288,买盘
833,13:58:45,11.61,0.01,133,154413,买盘
834,13:58:42,11.6,-0.01,20,23200,卖盘
835,13:58:39,11.61,0.01,3,3483,买盘
836,13:58:33,11.6,-0.01,9,10440,卖盘
837,13:58:27,11.61,--,1,1161,买盘
838,13:58:24,11.61,-0.01,1,1161,中性盘
839,13:58:21,11.62,0.02,8,9296,买盘
840,13:58:18,11.6,-0.02,60,69600,卖盘
841,13:58:15,11.62,0.02,63,73206,买盘
842,13:58:03,11.6,-0.01,100,116000,卖盘
843,13:58:00,11.61,0.01,7,8127,买盘
844,13:57:57,11.6,-0.01,20,23200,卖盘
845,13:57:54,11.61,--,6,6966,买盘
846,13:57:51,11.61,--,2,2322,买盘
847,13:57:42,11.61,-0.02,52,60372,卖盘
848,13:57:39,11.63,--,21,24423,买盘
849,13:57:36,11.63,--,12,13956,买盘
850,13:57:33,11.63,--,32,37216,买盘
851,13:57:24,11.63,--,25,29075,买盘
852,13:57:21,11.63,0.03,65,75595,买盘
853,13:57:12,11.6,-0.02,60,69600,卖盘
854,13:57:03,11.62,0.01,23,26726,买盘
855,13:56:54,11.61,0.01,1,1161,买盘
856,13:56:51,11.6,--,55,63800,卖盘
857,13:56:42,11.6,--,60,69600,卖盘
858,13:56:39,11.6,--,50,58000,卖盘
859,13:56:36,11.6,--,20,23200,卖盘
860,13:56:30,11.6,--,1,1160,卖盘
861,13:56:27,11.6,--,228,264480,买盘
862,13:56:18,11.6,0.01,69,80040,买盘
863,13:56:15,11.59,0.02,24,27816,买盘
864,13:56:12,11.57,-0.01,60,69420,卖盘
865,13:56:09,11.58,--,195,226273,买盘
866,13:56:06,11.58,--,9,10422,买盘
867,13:56:00,11.58,--,37,42846,买盘
868,13:55:54,11.58,--,6,6948,买盘
869,13:55:48,11.58,--,14,16212,买盘
870,13:55:45,11.58,0.01,96,111168,买盘
871,13:55:42,11.57,-0.01,85,98345,卖盘
872,13:55:39,11.58,0.01,10,11580,买盘
873,13:55:27,11.57,--,20,23140,卖盘
874,13:55:24,11.57,-0.01,4,4628,卖盘
875,13:55:21,11.58,--,62,71796,买盘
876,13:55:18,11.58,--,25,28950,买盘
877,13:55:12,11.58,0.01,19,22002,买盘
878,13:55:09,11.57,--,81,93717,卖盘
879,13:55:06,11.57,-0.01,40,46280,中性盘
880,13:55:03,11.58,0.01,111,128538,买盘
881,13:55:00,11.57,--,7,8099,买盘
882,13:54:57,11.57,--,38,43966,买盘
883,13:54:54,11.57,--,42,48594,买盘
884,13:54:51,11.57,--,100,115700,买盘
885,13:54:48,11.57,0.01,39,45123,买盘
886,13:54:45,11.56,-0.01,33,38148,卖盘
887,13:54:39,11.57,--,143,165451,卖盘
888,13:54:36,11.57,-0.01,2,2314,卖盘
889,13:54:33,11.58,0.01,38,44004,买盘
890,13:54:30,11.57,--,214,247598,买盘
891,13:54:27,11.57,--,11,12727,买盘
892,13:54:24,11.57,0.01,2,2314,买盘
893,13:54:21,11.56,--,25,28900,卖盘
894,13:54:18,11.56,--,51,58956,卖盘
895,13:54:15,11.56,--,5,5780,卖盘
896,13:54:09,11.56,-0.01,170,196520,卖盘
897,13:54:06,11.57,--,10,11570,买盘
898,13:54:03,11.57,--,2,2314,买盘
899,13:54:00,11.57,--,23,26611,买盘
900,13:53:57,11.57,-0.01,15,17355,卖盘
901,13:53:54,11.58,0.01,47,54426,买盘
902,13:53:51,11.57,0.01,15,17355,买盘
903,13:53:48,11.56,-0.01,22,25432,卖盘
904,13:53:45,11.57,0.01,5,5785,买盘
905,13:53:42,11.56,-0.01,114,131784,卖盘
906,13:53:39,11.57,-0.01,60,69420,卖盘
907,13:53:36,11.58,0.01,197,228126,买盘
908,13:53:33,11.57,--,12,13884,买盘
909,13:53:30,11.57,--,17,19669,买盘
910,13:53:27,11.57,--,13,15041,买盘
911,13:53:24,11.57,--,3,3471,买盘
912,13:53:21,11.57,--,19,21983,卖盘
913,13:53:15,11.57,--,1,1157,卖盘
914,13:53:12,11.57,--,50,57850,买盘
915,13:53:09,11.57,-0.01,161,186277,中性盘
916,13:53:03,11.58,0.01,514,595212,买盘
917,13:53:00,11.57,--,10,11570,卖盘
918,13:52:57,11.57,--,28,32396,卖盘
919,13:52:54,11.57,--,23,26611,卖盘
920,13:52:51,11.57,--,100,115700,卖盘
921,13:52:48,11.57,-0.01,20,23140,卖盘
922,13:52:45,11.58,0.01,5,5790,买盘
923,13:52:42,11.57,--,130,150410,卖盘
924,13:52:39,11.57,--,43,49751,卖盘
925,13:52:36,11.57,--,60,69420,卖盘
926,13:52:33,11.57,-0.01,2,2314,卖盘
927,13:52:30,11.58,--,3,3474,买盘
928,13:52:27,11.58,0.01,32,37056,买盘
929,13:52:24,11.57,--,98,113386,卖盘
930,13:52:21,11.57,--,77,89089,卖盘
931,13:52:18,11.57,--,26,30082,卖盘
932,13:52:15,11.57,--,27,31239,卖盘
933,13:52:12,11.57,-0.01,10,11570,卖盘
934,13:52:09,11.58,0.01,13,15054,买盘
935,13:52:06,11.57,-0.01,127,147633,卖盘
936,13:52:03,11.58,--,31,35898,卖盘
937,13:52:00,11.58,0.01,101,117421,买盘
938,13:51:57,11.57,-0.01,40,46280,卖盘
939,13:51:54,11.58,--,84,97966,卖盘
940,13:51:51,11.58,--,262,303859,买盘
941,13:51:48,11.58,--,15,17370,买盘
942,13:51:45,11.58,0.01,152,176016,买盘
943,13:51:42,11.57,-0.01,50,57850,卖盘
944,13:51:39,11.58,--,22,25476,买盘
945,13:51:36,11.58,--,102,118116,买盘
946,13:51:33,11.58,--,26,30108,买盘
947,13:51:30,11.58,--,44,50952,买盘
948,13:51:27,11.58,--,657,760806,买盘
949,13:51:24,11.58,0.01,55,63690,买盘
950,13:51:21,11.57,-0.01,83,96031,卖盘
951,13:51:18,11.58,--,25,28950,买盘
952,13:51:15,11.58,--,10,11580,买盘
953,13:51:09,11.58,--,2,2316,买盘
954,13:51:06,11.58,--,65,75270,卖盘
955,13:51:00,11.58,0.01,126,145908,中性盘
956,13:50:54,11.57,--,39,45123,卖盘
957,13:50:51,11.57,-0.01,163,188591,卖盘
958,13:50:48,11.58,--,20,23160,买盘
959,13:50:45,11.58,--,115,133170,买盘
960,13:50:42,11.58,--,13,15054,买盘
961,13:50:39,11.58,--,728,843024,卖盘
962,13:50:33,11.58,--,114,132012,卖盘
963,13:50:27,11.58,-0.01,4,4632,卖盘
964,13:50:24,11.59,0.01,56,64904,买盘
965,13:50:21,11.58,--,63,72954,卖盘
966,13:50:18,11.58,-0.01,20,23160,卖盘
967,13:50:15,11.59,--,1,1159,买盘
968,13:50:12,11.59,-0.01,20,23180,卖盘
969,13:50:09,11.6,0.02,20,23200,买盘
970,13:50:06,11.58,--,50,57900,卖盘
971,13:50:03,11.58,-0.02,114,132012,卖盘
972,13:50:00,11.6,0.02,65,75400,买盘
973,13:49:54,11.58,-0.01,663,767754,卖盘
974,13:49:51,11.59,-0.01,109,126331,卖盘
975,13:49:48,11.6,0.01,39,45240,买盘
976,13:49:45,11.59,--,1,1159,卖盘
977,13:49:36,11.59,-0.01,105,121695,卖盘
978,13:49:33,11.6,--,2,2320,买盘
979,13:49:27,11.6,--,241,279560,卖盘
980,13:49:21,11.6,--,63,73080,卖盘
981,13:49:15,11.6,--,21,24360,卖盘
982,13:49:03,11.6,--,195,226200,卖盘
983,13:49:00,11.6,-0.01,20,23200,卖盘
984,13:48:57,11.61,-0.01,1,1161,中性盘
985,13:48:54,11.62,0.02,41,47642,买盘
986,13:48:51,11.6,-0.01,63,73080,卖盘
987,13:48:48,11.61,--,541,628101,卖盘
988,13:48:45,11.61,0.01,6,6966,中性盘
989,13:48:42,11.6,-0.01,110,127600,卖盘
990,13:48:36,11.61,--,23,26703,买盘
991,13:48:33,11.61,-0.01,63,73433,卖盘
992,13:48:30,11.62,0.01,20,23240,买盘
993,13:48:27,11.61,--,17,19737,卖盘
994,13:48:21,11.61,-0.01,63,73143,卖盘
995,13:48:18,11.62,0.01,25,29049,买盘
996,13:48:15,11.61,--,98,113778,卖盘
997,13:48:12,11.61,-0.01,11,12771,卖盘
998,13:48:09,11.62,--,27,31373,买盘
999,13:48:06,11.62,--,119,138278,买盘
1000,13:48:03,11.62,0.01,10,11620,买盘
1001,13:48:00,11.61,-0.01,60,69660,卖盘
1002,13:47:54,11.62,--,86,99932,买盘
1003,13:47:51,11.62,0.01,12,13943,买盘
1004,13:47:42,11.61,-0.01,4,4644,卖盘
1005,13:47:39,11.62,0.01,39,45318,买盘
1006,13:47:36,11.61,--,30,34830,卖盘
1007,13:47:30,11.61,--,62,71982,卖盘
1008,13:47:27,11.61,-0.01,3,3483,卖盘
1009,13:47:24,11.62,--,118,137116,买盘
1010,13:47:21,11.62,--,2,2324,买盘
1011,13:47:12,11.62,--,26,30211,买盘
1012,13:47:09,11.62,0.01,12,13943,买盘
1013,13:47:06,11.61,-0.01,6,6966,卖盘
1014,13:47:00,11.62,--,5,5810,买盘
1015,13:46:54,11.62,0.01,30,34860,中性盘
1016,13:46:51,11.61,-0.02,271,314631,卖盘
1017,13:46:48,11.63,0.01,28,32564,买盘
1018,13:46:45,11.62,-0.01,200,232399,卖盘
1019,13:46:39,11.63,0.01,15,17445,买盘
1020,13:46:36,11.62,--,3,4136,卖盘
1021,13:46:33,11.62,--,30,34860,卖盘
1022,13:46:30,11.62,-0.01,14,16267,卖盘
1023,13:46:24,11.63,0.01,1,1163,买盘
1024,13:46:21,11.62,--,63,73206,卖盘
1025,13:46:18,11.62,--,14,16267,卖盘
1026,13:46:12,11.62,--,23,26726,卖盘
1027,13:46:09,11.62,--,5,5810,卖盘
1028,13:46:06,11.62,--,44,51128,卖盘
1029,13:46:03,11.62,--,10,11620,卖盘
1030,13:46:00,11.62,--,1,1162,卖盘
1031,13:45:57,11.62,--,115,133630,卖盘
1032,13:45:51,11.62,--,7,8133,卖盘
1033,13:45:45,11.62,--,90,104580,卖盘
1034,13:45:42,11.62,--,21,24402,卖盘
1035,13:45:39,11.62,--,1,1162,卖盘
1036,13:45:36,11.62,--,54,62747,卖盘
1037,13:45:33,11.62,--,1,1162,卖盘
1038,13:45:30,11.62,--,100,116199,卖盘
1039,13:45:27,11.62,-0.01,20,23240,卖盘
1040,13:45:24,11.63,--,5,5815,买盘
1041,13:45:06,11.63,--,2,2326,买盘
1042,13:45:00,11.63,--,31,36053,买盘
1043,13:44:45,11.63,0.01,2,2326,买盘
1044,13:44:42,11.62,--,23,26726,卖盘
1045,13:44:39,11.62,-0.01,20,23240,卖盘
1046,13:44:36,11.63,--,28,32564,买盘
1047,13:44:33,11.63,--,1,1163,买盘
1048,13:44:27,11.63,--,11,12793,卖盘
1049,13:44:21,11.63,--,1,1163,卖盘
1050,13:44:15,11.63,--,7,8141,卖盘
1051,13:44:12,11.63,--,134,155842,卖盘
1052,13:44:09,11.63,-0.01,4,4652,卖盘
1053,13:44:06,11.64,0.01,13,15132,买盘
1054,13:44:03,11.63,-0.01,59,68617,卖盘
1055,13:43:51,11.64,0.01,30,34920,买盘
1056,13:43:45,11.63,--,8,9304,卖盘
1057,13:43:42,11.63,-0.01,133,154679,卖盘
1058,13:43:33,11.64,0.01,30,34920,买盘
1059,13:43:12,11.63,--,20,23260,卖盘
1060,13:43:06,11.63,-0.01,1,1163,卖盘
1061,13:42:54,11.64,--,13,15132,买盘
1062,13:42:51,11.64,0.01,22,25608,中性盘
1063,13:42:42,11.63,-0.01,481,559403,卖盘
1064,13:42:33,11.64,--,32,37248,买盘
1065,13:42:30,11.64,--,15,17460,买盘
1066,13:42:27,11.64,--,9,10476,卖盘
1067,13:42:21,11.64,--,59,68676,卖盘
1068,13:42:18,11.64,0.01,34,39576,买盘
1069,13:42:15,11.63,--,2,2326,卖盘
1070,13:42:03,11.63,-0.01,4,4652,卖盘
1071,13:41:57,11.64,--,20,23280,卖盘
1072,13:41:54,11.64,--,37,43068,卖盘
1073,13:41:51,11.64,--,58,67512,买盘
1074,13:41:48,11.64,--,3,3492,买盘
1075,13:41:45,11.64,0.01,60,69840,买盘
1076,13:41:42,11.63,-0.01,56,65128,卖盘
1077,13:41:39,11.64,--,11,12804,买盘
1078,13:41:36,11.64,0.01,2,2328,买盘
1079,13:41:33,11.63,-0.01,22,25818,卖盘
1080,13:41:24,11.64,0.01,1,1164,买盘
1081,13:41:18,11.63,-0.01,180,209340,卖盘
1082,13:41:12,11.64,0.01,13,15132,买盘
1083,13:41:03,11.63,--,14,16282,卖盘
1084,13:41:00,11.63,--,7,8141,卖盘
1085,13:40:57,11.63,0.01,133,155051,买盘
1086,13:40:48,11.62,-0.01,43,49966,卖盘
1087,13:40:45,11.63,0.01,18,20934,买盘
1088,13:40:42,11.62,--,81,94122,卖盘
1089,13:40:36,11.62,--,30,34860,卖盘
1090,13:40:33,11.62,-0.01,21,24402,卖盘
1091,13:40:30,11.63,0.01,15,17445,买盘
1092,13:40:27,11.62,--,10,11620,卖盘
1093,13:40:24,11.62,--,55,64374,卖盘
1094,13:40:15,11.62,-0.01,222,257963,卖盘
1095,13:40:09,11.63,--,34,39542,买盘
1096,13:40:00,11.63,--,21,24423,买盘
1097,13:39:57,11.63,--,6,6978,买盘
1098,13:39:54,11.63,0.01,1,1163,买盘
1099,13:39:51,11.62,-0.01,61,70882,卖盘
1100,13:39:48,11.63,0.01,23,26749,买盘
1101,13:39:45,11.62,--,3,3485,卖盘
1102,13:39:42,11.62,--,66,76692,卖盘
1103,13:39:36,11.62,--,17,19754,卖盘
1104,13:39:33,11.62,--,71,83001,卖盘
1105,13:39:30,11.62,-0.01,8,9296,卖盘
1106,13:39:27,11.63,0.01,2,2326,买盘
1107,13:39:18,11.62,--,11,12782,卖盘
1108,13:39:15,11.62,--,41,47642,卖盘
1109,13:39:12,11.62,--,37,42994,卖盘
1110,13:39:06,11.62,--,25,29049,卖盘
1111,13:39:00,11.62,-0.01,5,5810,卖盘
1112,13:38:57,11.63,0.01,5,5815,买盘
1113,13:38:54,11.62,-0.01,20,23240,卖盘
1114,13:38:51,11.63,0.01,123,143049,买盘
1115,13:38:48,11.62,--,41,47642,卖盘
1116,13:38:42,11.62,--,63,73206,卖盘
1117,13:38:36,11.62,--,2,2324,卖盘
1118,13:38:30,11.62,--,40,46480,卖盘
1119,13:38:24,11.62,-0.01,20,23240,卖盘
1120,13:38:21,11.63,--,35,40705,买盘
1121,13:38:18,11.63,0.01,13,15119,买盘
1122,13:38:15,11.62,-0.01,5,5810,卖盘
1123,13:38:12,11.63,0.01,53,61639,买盘
1124,13:38:09,11.62,-0.01,18,20916,卖盘
1125,13:38:03,11.63,--,70,81410,买盘
1126,13:38:00,11.63,--,1,1163,买盘
1127,13:37:57,11.63,--,20,23260,卖盘
1128,13:37:54,11.63,-0.01,605,703615,卖盘
1129,13:37:51,11.64,0.01,14,16296,买盘
1130,13:37:48,11.63,--,28,32564,卖盘
1131,13:37:42,11.63,--,51,59313,卖盘
1132,13:37:39,11.63,-0.01,5,5815,卖盘
1133,13:37:33,11.64,--,15,17460,买盘
1134,13:37:30,11.64,0.01,6,6984,买盘
1135,13:37:27,11.63,-0.01,24,27912,卖盘
1136,13:37:21,11.64,--,42,48888,买盘
1137,13:37:18,11.64,--,12,13968,买盘
1138,13:37:12,11.64,--,37,43068,买盘
1139,13:37:03,11.64,--,16,18624,买盘
1140,13:37:00,11.64,0.01,7,8148,买盘
1141,13:36:51,11.63,-0.01,10,11630,卖盘
1142,13:36:48,11.64,0.01,5,5820,买盘
1143,13:36:45,11.63,--,1,1163,卖盘
1144,13:36:42,11.63,-0.01,47,54661,卖盘
1145,13:36:39,11.64,--,1,1164,买盘
1146,13:36:33,11.64,--,25,29100,买盘
1147,13:36:30,11.64,--,2,2328,买盘
1148,13:36:27,11.64,--,10,11640,买盘
1149,13:36:24,11.64,--,1,1164,买盘
1150,13:36:21,11.64,-0.01,442,514488,卖盘
1151,13:36:18,11.65,--,10,11650,买盘
1152,13:36:12,11.65,0.01,1,1165,买盘
1153,13:36:09,11.64,--,24,27936,卖盘
1154,13:36:06,11.64,-0.01,13,15132,卖盘
1155,13:36:00,11.65,--,5,5825,买盘
1156,13:35:57,11.65,--,2,2330,买盘
1157,13:35:54,11.65,0.01,10,11650,买盘
1158,13:35:51,11.64,--,5,5820,卖盘
1159,13:35:42,11.64,--,66,76824,卖盘
1160,13:35:39,11.64,-0.01,5,5820,卖盘
1161,13:35:36,11.65,0.01,4,4660,买盘
1162,13:35:30,11.64,--,92,107088,买盘
1163,13:35:27,11.64,--,5,5820,买盘
1164,13:35:24,11.64,--,5,5820,买盘
1165,13:35:21,11.64,--,21,24444,卖盘
1166,13:35:18,11.64,-0.01,24,27936,卖盘
1167,13:35:15,11.65,0.01,34,39610,买盘
1168,13:35:09,11.64,--,27,31428,买盘
1169,13:35:06,11.64,--,8,9312,买盘
1170,13:35:03,11.64,--,5,5820,买盘
1171,13:34:57,11.64,-0.01,14,16296,卖盘
1172,13:34:54,11.65,0.01,8,9320,买盘
1173,13:34:51,11.64,--,5,5820,买盘
1174,13:34:45,11.64,-0.01,22,25608,卖盘
1175,13:34:42,11.65,0.01,90,104850,买盘
1176,13:34:39,11.64,--,2,2328,卖盘
1177,13:34:30,11.64,-0.01,67,77988,卖盘
1178,13:34:24,11.65,0.01,1,1165,买盘
1179,13:34:18,11.64,--,25,29100,卖盘
1180,13:34:15,11.64,-0.01,1,1164,卖盘
1181,13:34:12,11.65,--,40,46600,买盘
1182,13:34:09,11.65,--,5,5825,买盘
1183,13:34:03,11.65,0.01,8,9320,买盘
1184,13:33:57,11.64,--,25,29100,买盘
1185,13:33:54,11.64,-0.01,81,94284,卖盘
1186,13:33:48,11.65,--,25,29125,买盘
1187,13:33:45,11.65,0.01,332,386780,买盘
1188,13:33:42,11.64,--,30,34920,卖盘
1189,13:33:39,11.64,-0.01,4,4656,卖盘
1190,13:33:33,11.65,0.01,40,46600,买盘
1191,13:33:27,11.64,-0.01,5,5820,卖盘
1192,13:33:24,11.65,0.01,50,58250,买盘
1193,13:33:21,11.64,-0.01,15,17460,卖盘
1194,13:33:15,11.65,0.02,25,29125,买盘
1195,13:33:12,11.63,--,85,98855,卖盘
1196,13:33:09,11.63,--,1,1163,卖盘
1197,13:33:06,11.63,--,23,26749,卖盘
1198,13:33:03,11.63,--,30,34890,卖盘
1199,13:33:00,11.63,0.01,30,34890,买盘
1200,13:32:57,11.62,-0.01,4,4648,卖盘
1201,13:32:54,11.63,0.01,1,1163,买盘
1202,13:32:51,11.62,--,150,174300,卖盘
1203,13:32:48,11.62,--,77,89474,卖盘
1204,13:32:45,11.62,--,8,9296,卖盘
1205,13:32:42,11.62,--,53,61585,卖盘
1206,13:32:39,11.62,--,72,83664,卖盘
1207,13:32:36,11.62,--,25,29468,买盘
1208,13:32:33,11.62,--,22,25564,买盘
1209,13:32:30,11.62,0.01,20,23240,买盘
1210,13:32:27,11.61,-0.01,5,5805,买盘
1211,13:32:24,11.62,0.01,314,364868,买盘
1212,13:32:21,11.61,--,3,3483,卖盘
1213,13:32:18,11.61,-0.01,1003,1164483,卖盘
1214,13:32:15,11.62,0.01,50,58099,买盘
1215,13:32:12,11.61,--,78,90558,卖盘
1216,13:32:09,11.61,-0.01,30,34830,卖盘
1217,13:32:06,11.62,--,15,17430,买盘
1218,13:32:03,11.62,--,1001,1163162,买盘
1219,13:32:00,11.62,0.01,50,58099,买盘
1220,13:31:57,11.61,-0.02,230,267773,卖盘
1221,13:31:54,11.63,--,145,168635,买盘
1222,13:31:48,11.63,-0.01,10,11630,买盘
1223,13:31:45,11.64,0.02,14,16296,买盘
1224,13:31:42,11.62,--,52,60423,卖盘
1225,13:31:39,11.62,-0.01,1200,1394400,卖盘
1226,13:31:36,11.63,--,50,58150,买盘
1227,13:31:33,11.63,--,50,58150,买盘
1228,13:31:30,11.63,--,24,27912,买盘
1229,13:31:27,11.63,--,20,23260,买盘
1230,13:31:24,11.63,--,155,180265,买盘
1231,13:31:21,11.63,--,15,17445,买盘
1232,13:31:18,11.63,--,71,82573,买盘
1233,13:31:15,11.63,--,10,11630,买盘
1234,13:31:12,11.63,-0.01,922,1072286,卖盘
1235,13:31:09,11.64,--,196,228144,买盘
1236,13:31:06,11.64,0.01,5,5820,买盘
1237,13:31:03,11.63,--,29,33727,卖盘
1238,13:31:00,11.63,-0.01,7,8141,卖盘
1239,13:30:57,11.64,--,1,1164,买盘
1240,13:30:54,11.64,--,36,41904,买盘
1241,13:30:51,11.64,--,41,47724,买盘
1242,13:30:48,11.64,-0.01,753,876492,卖盘
1243,13:30:45,11.65,-0.01,12,13980,卖盘
1244,13:30:42,11.66,--,51,59466,买盘
1245,13:30:39,11.66,--,67,78122,买盘
1246,13:30:36,11.66,--,9,10494,买盘
1247,13:30:33,11.66,0.01,18,20988,买盘
1248,13:30:30,11.65,-0.01,1004,1169660,卖盘
1249,13:30:27,11.66,--,5,5830,买盘
1250,13:30:24,11.66,--,325,379463,卖盘
1251,13:30:18,11.66,--,5,5830,卖盘
1252,13:30:15,11.66,--,20,23320,卖盘
1253,13:30:12,11.66,--,30,34980,卖盘
1254,13:30:09,11.66,--,28,32648,卖盘
1255,13:30:06,11.66,--,140,163240,卖盘
1256,13:30:03,11.66,--,35,40810,卖盘
1257,13:30:00,11.66,--,12,13992,卖盘
1258,13:29:54,11.66,--,3,3498,卖盘
1259,13:29:51,11.66,--,14,16324,卖盘
1260,13:29:48,11.66,-0.01,5,5830,卖盘
1261,13:29:45,11.67,0.01,28,32676,买盘
1262,13:29:42,11.66,-0.01,102,118932,卖盘
1263,13:29:39,11.67,-0.01,96,112032,卖盘
1264,13:29:33,11.68,0.01,14,16352,买盘
1265,13:29:30,11.67,--,19,22173,卖盘
1266,13:29:27,11.67,-0.01,20,23340,卖盘
1267,13:29:24,11.68,0.01,14,16352,买盘
1268,13:29:21,11.67,-0.01,1,1167,卖盘
1269,13:29:18,11.68,0.01,31,36208,买盘
1270,13:29:15,11.67,--,11,12837,卖盘
1271,13:29:09,11.67,-0.01,1,1167,卖盘
1272,13:29:06,11.68,--,1,1168,买盘
1273,13:29:03,11.68,--,70,81760,卖盘
1274,13:29:00,11.68,--,1,1168,卖盘
1275,13:28:48,11.68,0.01,146,170528,买盘
1276,13:28:45,11.67,-0.01,200,233400,卖盘
1277,13:28:39,11.68,--,7,8176,买盘
1278,13:28:36,11.68,--,101,117968,买盘
1279,13:28:30,11.68,--,41,47888,卖盘
1280,13:28:21,11.68,--,50,58400,卖盘
1281,13:28:18,11.68,--,40,46720,卖盘
1282,13:28:12,11.68,0.01,24,28032,买盘
1283,13:28:09,11.67,--,107,124869,卖盘
1284,13:28:00,11.67,-0.01,8,9336,卖盘
1285,13:27:54,11.68,0.01,3,3504,买盘
1286,13:27:51,11.67,-0.01,67,78189,卖盘
1287,13:27:48,11.68,--,25,29200,买盘
1288,13:27:45,11.68,0.01,5,5840,买盘
1289,13:27:42,11.67,-0.01,10,11670,卖盘
1290,13:27:39,11.68,0.01,19,22192,中性盘
1291,13:27:36,11.67,-0.02,92,107364,卖盘
1292,13:27:33,11.69,--,17,19873,买盘
1293,13:27:30,11.69,--,11,12859,买盘
1294,13:27:27,11.69,--,5,5845,买盘
1295,13:27:24,11.69,-0.01,5,5845,中性盘
1296,13:27:06,11.7,0.03,130,152100,买盘
1297,13:27:00,11.67,-0.02,9,10503,卖盘
1298,13:26:57,11.69,--,9,10521,卖盘
1299,13:26:54,11.69,--,18,21042,卖盘
1300,13:26:45,11.69,0.02,102,119238,买盘
1301,13:26:39,11.67,-0.01,10,11670,卖盘
1302,13:26:36,11.68,--,5,5840,买盘
1303,13:26:30,11.68,--,9,10512,买盘
1304,13:26:24,11.68,0.01,11,12848,买盘
1305,13:26:18,11.67,-0.01,182,212394,卖盘
1306,13:26:15,11.68,--,10,11680,买盘
1307,13:26:09,11.68,0.01,50,58400,中性盘
1308,13:25:54,11.67,-0.03,141,164547,卖盘
1309,13:25:51,11.7,0.02,1,1170,买盘
1310,13:25:48,11.68,-0.02,1,1168,卖盘
1311,13:25:45,11.7,0.02,3,3510,买盘
1312,13:25:36,11.68,-0.02,20,23360,卖盘
1313,13:25:30,11.7,0.02,8,9360,买盘
1314,13:25:21,11.68,-0.01,56,65408,卖盘
1315,13:25:09,11.69,--,5,5845,买盘
1316,13:25:06,11.69,--,39,45591,买盘
1317,13:25:00,11.69,0.01,1,1169,中性盘
1318,13:24:54,11.68,0.01,10,11680,卖盘
1319,13:24:45,11.67,-0.02,40,46680,卖盘
1320,13:24:42,11.69,--,10,11690,买盘
1321,13:24:39,11.69,-0.01,7,8183,买盘
1322,13:24:36,11.7,0.03,12,14040,买盘
1323,13:24:30,11.67,-0.02,62,72354,卖盘
1324,13:24:27,11.69,--,71,82999,买盘
1325,13:24:24,11.69,0.02,27,31563,买盘
1326,13:24:18,11.67,--,33,38511,卖盘
1327,13:24:09,11.67,-0.01,45,52515,卖盘
1328,13:24:06,11.68,--,16,18688,买盘
1329,13:24:03,11.68,--,48,56064,买盘
1330,13:24:00,11.68,--,5,5840,买盘
1331,13:23:54,11.68,--,3,3504,买盘
1332,13:23:51,11.68,--,10,11680,买盘
1333,13:23:48,11.68,-0.01,13,15184,卖盘
1334,13:23:45,11.69,0.01,18,21042,买盘
1335,13:23:36,11.68,0.01,2,2336,买盘
1336,13:23:33,11.67,-0.02,9,10503,卖盘
1337,13:23:30,11.69,0.01,20,23380,买盘
1338,13:23:27,11.68,-0.01,63,73584,卖盘
1339,13:23:21,11.69,0.01,5,5845,买盘
1340,13:23:12,11.68,--,5,5840,卖盘
1341,13:23:09,11.68,-0.01,15,17520,卖盘
1342,13:23:03,11.69,0.01,21,24549,买盘
1343,13:22:54,11.68,-0.01,10,11680,卖盘
1344,13:22:48,11.69,--,8,9352,买盘
1345,13:22:45,11.69,--,2,2338,买盘
1346,13:22:42,11.69,0.01,10,11690,买盘
1347,13:22:39,11.68,-0.01,9,10512,卖盘
1348,13:22:33,11.69,0.01,3,3507,买盘
1349,13:22:27,11.68,--,81,94608,卖盘
1350,13:22:24,11.68,--,47,54896,卖盘
1351,13:22:21,11.68,-0.01,10,11680,卖盘
1352,13:22:18,11.69,-0.01,14,16366,买盘
1353,13:22:15,11.7,0.02,590,690300,买盘
1354,13:22:12,11.68,-0.01,1,1168,卖盘
1355,13:22:09,11.69,0.01,22,25718,买盘
1356,13:22:06,11.68,-0.01,10,11680,卖盘
1357,13:22:03,11.69,0.01,20,23380,买盘
1358,13:21:57,11.68,--,11,12848,卖盘
1359,13:21:54,11.68,-0.01,151,176368,卖盘
1360,13:21:48,11.69,0.01,9,10521,中性盘
1361,13:21:45,11.68,-0.02,20,23360,卖盘
1362,13:21:42,11.7,--,10,11700,买盘
1363,13:21:39,11.7,--,20,23400,买盘
1364,13:21:33,11.7,0.02,29,33930,买盘
1365,13:21:30,11.68,-0.02,10,11680,卖盘
1366,13:21:27,11.7,-0.01,353,413478,卖盘
1367,13:21:24,11.71,--,107,125297,卖盘
1368,13:21:21,11.71,--,10,11710,卖盘
1369,13:21:18,11.71,--,113,132323,买盘
1370,13:21:12,11.71,0.01,107,125297,买盘
1371,13:21:09,11.7,--,26,30419,卖盘
1372,13:21:06,11.7,--,22,25740,卖盘
1373,13:21:03,11.7,--,9,10530,卖盘
1374,13:20:54,11.7,-0.01,98,114660,卖盘
1375,13:20:48,11.71,0.01,8,9368,买盘
1376,13:20:42,11.7,--,789,923832,买盘
1377,13:20:36,11.7,0.02,34,39780,买盘
1378,13:20:33,11.68,-0.02,46,53728,中性盘
1379,13:20:30,11.7,0.03,400,468000,买盘
1380,13:20:27,11.67,--,87,101529,卖盘
1381,13:20:24,11.67,--,97,113199,卖盘
1382,13:20:21,11.67,0.01,13,15171,买盘
1383,13:20:18,11.66,-0.01,8,9328,卖盘
1384,13:20:09,11.67,--,33,38511,买盘
1385,13:20:06,11.67,--,56,65352,买盘
1386,13:20:00,11.67,0.01,8,9336,买盘
1387,13:19:57,11.66,-0.02,156,181896,卖盘
1388,13:19:54,11.68,--,5,5840,买盘
1389,13:19:51,11.68,0.02,4,4672,买盘
1390,13:19:48,11.66,--,100,116600,卖盘
1391,13:19:45,11.66,--,10,11660,卖盘
1392,13:19:39,11.66,-0.02,28,32648,卖盘
1393,13:19:30,11.68,0.02,35,40880,买盘
1394,13:19:24,11.66,-0.01,98,114268,卖盘
1395,13:19:21,11.67,--,2,2334,买盘
1396,13:19:18,11.67,--,36,42665,买盘
1397,13:19:12,11.67,--,30,35010,买盘
1398,13:19:03,11.67,0.01,151,176217,买盘
1399,13:18:54,11.66,-0.01,117,136422,卖盘
1400,13:18:48,11.67,0.01,10,11670,买盘
1401,13:18:42,11.66,--,20,23320,卖盘
1402,13:18:39,11.66,-0.01,39,45474,中性盘
1403,13:18:36,11.67,0.01,28,32676,买盘
1404,13:18:33,11.66,--,27,31482,买盘
1405,13:18:30,11.66,0.01,26,30316,买盘
1406,13:18:27,11.65,-0.01,102,118830,卖盘
1407,13:18:24,11.66,--,50,58300,买盘
1408,13:18:21,11.66,--,7,8162,买盘
1409,13:18:18,11.66,--,5,5830,买盘
1410,13:18:12,11.66,--,10,11660,买盘
1411,13:18:03,11.66,-0.01,1,1166,中性盘
1412,13:18:00,11.67,0.02,11,12837,买盘
1413,13:17:54,11.65,-0.02,466,542890,卖盘
1414,13:17:51,11.67,0.01,22,25674,买盘
1415,13:17:48,11.66,--,24,27984,卖盘
1416,13:17:45,11.66,-0.01,93,108438,卖盘
1417,13:17:42,11.67,0.01,8,9336,买盘
1418,13:17:39,11.66,--,10,11660,卖盘
1419,13:17:36,11.66,--,1,1166,卖盘
1420,13:17:30,11.66,--,10,11660,卖盘
1421,13:17:24,11.66,--,97,113102,卖盘
1422,13:17:18,11.66,-0.01,6,6996,卖盘
1423,13:17:15,11.67,-0.02,436,509278,卖盘
1424,13:17:06,11.69,--,9,10521,买盘
1425,13:16:57,11.69,0.02,19,22211,买盘
1426,13:16:54,11.67,-0.02,109,127203,卖盘
1427,13:16:42,11.69,0.01,26,30394,买盘
1428,13:16:30,11.68,--,1,1168,卖盘
1429,13:16:24,11.68,-0.01,97,113296,卖盘
1430,13:16:21,11.69,0.01,8,9352,买盘
1431,13:16:18,11.68,--,10,11680,卖盘
1432,13:16:09,11.68,-0.01,5,5840,卖盘
1433,13:16:03,11.69,0.01,26,30394,买盘
1434,13:16:00,11.68,-0.01,10,11680,卖盘
1435,13:15:51,11.69,--,87,101703,买盘
1436,13:15:45,11.69,-0.01,732,856175,卖盘
1437,13:15:42,11.7,0.01,17,19890,买盘
1438,13:15:36,11.69,-0.01,79,92351,卖盘
1439,13:15:33,11.7,0.01,12,14040,买盘
1440,13:15:30,11.69,--,72,84168,卖盘
1441,13:15:27,11.69,--,296,346024,卖盘
1442,13:15:24,11.69,-0.01,586,685735,卖盘
1443,13:15:15,11.7,--,5,5850,买盘
1444,13:15:12,11.7,--,21,24570,买盘
1445,13:15:06,11.7,--,19,22230,买盘
1446,13:15:00,11.7,--,61,71370,卖盘
1447,13:14:54,11.7,-0.01,48,56160,卖盘
1448,13:14:51,11.71,--,6,7026,卖盘
1449,13:14:48,11.71,0.02,16,18736,中性盘
1450,13:14:45,11.69,-0.02,325,379925,卖盘
1451,13:14:42,11.71,--,29,33959,买盘
1452,13:14:39,11.71,--,64,74944,买盘
1453,13:14:33,11.71,--,3,3513,买盘
1454,13:14:30,11.71,0.01,1042,1220182,买盘
1455,13:14:27,11.7,-0.01,101,118170,卖盘
1456,13:14:24,11.71,--,30,35130,买盘
1457,13:14:21,11.71,-0.01,127,148717,卖盘
1458,13:14:18,11.72,--,150,175800,买盘
1459,13:14:15,11.72,--,5,5860,买盘
1460,13:14:12,11.72,0.01,8,9376,买盘
1461,13:14:06,11.71,--,167,195557,卖盘
1462,13:13:57,11.71,0.02,236,276356,买盘
1463,13:13:48,11.69,--,19,22211,卖盘
1464,13:13:45,11.69,--,243,284067,买盘
1465,13:13:42,11.69,--,3,3507,买盘
1466,13:13:36,11.69,0.01,8,9352,买盘
1467,13:13:33,11.68,--,96,112828,买盘
1468,13:13:30,11.68,0.01,1698,1983264,买盘
1469,13:13:15,11.67,--,590,688530,买盘
1470,13:13:12,11.67,0.01,96,112032,买盘
1471,13:13:06,11.66,-0.01,2,2332,卖盘
1472,13:13:03,11.67,0.01,8,9336,买盘
1473,13:12:57,11.66,-0.01,1,1166,卖盘
1474,13:12:54,11.67,0.01,13,15171,买盘
1475,13:12:51,11.66,--,10,11660,卖盘
1476,13:12:48,11.66,--,118,137588,买盘
1477,13:12:45,11.66,0.01,20,23320,买盘
1478,13:12:42,11.65,-0.01,81,94365,卖盘
1479,13:12:39,11.66,--,11,12826,买盘
1480,13:12:33,11.66,0.01,21,24486,买盘
1481,13:12:30,11.65,--,250,291250,卖盘
1482,13:12:27,11.65,--,43,50095,买盘
1483,13:12:24,11.65,--,515,599975,买盘
1484,13:12:21,11.65,--,35,40775,买盘
1485,13:12:12,11.65,-0.02,1087,1266355,卖盘
1486,13:12:09,11.67,--,8,9336,买盘
1487,13:12:06,11.67,--,70,81690,买盘
1488,13:12:00,11.67,--,12,14004,买盘
1489,13:11:57,11.67,0.01,11,12837,买盘
1490,13:11:54,11.66,-0.01,460,536360,卖盘
1491,13:11:51,11.67,--,32,37344,卖盘
1492,13:11:48,11.67,--,36,42012,卖盘
1493,13:11:45,11.67,--,3,3501,卖盘
1494,13:11:42,11.67,--,61,71187,卖盘
1495,13:11:39,11.67,--,38,44346,卖盘
1496,13:11:36,11.67,-0.01,10,11670,卖盘
1497,13:11:33,11.68,--,15,17520,买盘
1498,13:11:27,11.68,--,57,66576,买盘
1499,13:11:24,11.68,--,47,54896,买盘
1500,13:11:21,11.68,--,132,154643,卖盘
1501,13:11:18,11.68,--,10,11680,卖盘
1502,13:11:12,11.68,-0.01,35,40880,卖盘
1503,13:11:06,11.69,0.01,1,1169,买盘
1504,13:11:03,11.68,--,45,52560,卖盘
1505,13:11:00,11.68,-0.01,20,23360,卖盘
1506,13:10:57,11.69,--,13,15197,买盘
1507,13:10:54,11.69,0.01,1,1169,买盘
1508,13:10:51,11.68,-0.01,1,1168,卖盘
1509,13:10:48,11.69,0.01,30,35070,买盘
1510,13:10:42,11.68,--,1,1168,卖盘
1511,13:10:39,11.68,--,26,30368,卖盘
1512,13:10:33,11.68,--,1,1168,卖盘
1513,13:10:27,11.68,--,101,117968,卖盘
1514,13:10:24,11.68,--,18,21024,卖盘
1515,13:10:21,11.68,--,9,10512,卖盘
1516,13:10:18,11.68,--,4,4672,卖盘
1517,13:10:12,11.68,-0.02,3,3504,卖盘
1518,13:10:06,11.7,--,459,537030,卖盘
1519,13:10:03,11.7,-0.01,1,1170,卖盘
1520,13:09:57,11.71,--,1219,1427449,买盘
1521,13:09:48,11.71,0.01,119,139349,买盘
1522,13:09:42,11.7,-0.01,10,11700,卖盘
1523,13:09:39,11.71,--,8,9368,买盘
1524,13:09:36,11.71,--,6,7026,买盘
1525,13:09:33,11.71,--,113,132323,买盘
1526,13:09:30,11.71,--,105,122955,卖盘
1527,13:09:27,11.71,--,123,144033,卖盘
1528,13:09:24,11.71,--,200,234200,卖盘
1529,13:09:21,11.71,--,100,117100,卖盘
1530,13:09:12,11.71,-0.01,20,23420,卖盘
1531,13:09:06,11.72,0.01,1,1172,买盘
1532,13:09:03,11.71,--,9,10539,卖盘
1533,13:09:00,11.71,-0.01,6,7026,卖盘
1534,13:08:57,11.72,0.01,28,32816,买盘
1535,13:08:54,11.71,-0.01,1,1171,卖盘
1536,13:08:51,11.72,0.01,17,19924,买盘
1537,13:08:45,11.71,--,32,37472,卖盘
1538,13:08:42,11.71,--,5,5855,卖盘
1539,13:08:39,11.71,--,1,1171,卖盘
1540,13:08:36,11.71,-0.01,58,67918,卖盘
1541,13:08:33,11.72,--,10,11720,买盘
1542,13:08:30,11.72,0.01,30,35160,买盘
1543,13:08:27,11.71,-0.01,65,76115,卖盘
1544,13:08:24,11.72,--,3,3516,买盘
1545,13:08:21,11.72,--,3,3516,买盘
1546,13:08:12,11.72,--,60,70320,买盘
1547,13:08:09,11.72,-0.01,51,59772,卖盘
1548,13:07:57,11.73,--,7,8211,卖盘
1549,13:07:45,11.73,-0.01,29,34017,卖盘
1550,13:07:39,11.74,--,11,12914,卖盘
1551,13:07:36,11.74,--,42,49308,卖盘
1552,13:07:27,11.74,0.01,19,22306,买盘
1553,13:07:21,11.73,--,3,3519,卖盘
1554,13:07:18,11.73,0.01,1,1173,买盘
1555,13:07:12,11.72,--,14,16408,卖盘
1556,13:07:06,11.72,--,25,29300,卖盘
1557,13:07:03,11.72,-0.01,1,1172,卖盘
1558,13:07:00,11.73,0.01,22,25806,买盘
1559,13:06:57,11.72,-0.02,6,7032,卖盘
1560,13:06:33,11.74,0.03,17,19958,买盘
1561,13:06:24,11.71,-0.04,39,45669,卖盘
1562,13:06:21,11.75,--,5,5875,买盘
1563,13:06:15,11.75,0.04,6,7050,买盘
1564,13:06:12,11.71,-0.02,2003,2345513,卖盘
1565,13:06:03,11.73,--,28,32844,卖盘
1566,13:05:57,11.73,-0.01,2,2346,卖盘
1567,13:05:54,11.74,--,28,32872,卖盘
1568,13:05:51,11.74,0.01,9,10566,中性盘
1569,13:05:39,11.73,-0.02,2,2346,卖盘
1570,13:05:33,11.75,0.02,34,39950,买盘
1571,13:05:27,11.73,-0.02,16,18768,卖盘
1572,13:05:24,11.75,--,10,11750,买盘
1573,13:05:18,11.75,0.01,100,117500,买盘
1574,13:05:15,11.74,-0.01,606,711444,卖盘
1575,13:05:06,11.75,--,28,32900,买盘
1576,13:04:54,11.75,--,39,45825,买盘
1577,13:04:48,11.75,0.01,4,4700,买盘
1578,13:04:45,11.74,-0.01,10,11740,卖盘
1579,13:04:39,11.75,0.01,42,49350,买盘
1580,13:04:33,11.74,-0.01,10,11740,卖盘
1581,13:04:30,11.75,--,20,23500,买盘
1582,13:04:24,11.75,--,5,5875,买盘
1583,13:04:18,11.75,--,3,3525,买盘
1584,13:04:12,11.75,-0.01,36,42300,卖盘
1585,13:04:06,11.76,--,9,10584,买盘
1586,13:03:57,11.76,-0.01,155,183432,卖盘
1587,13:03:54,11.77,-0.01,4,4708,卖盘
1588,13:03:51,11.78,--,8,9424,买盘
1589,13:03:48,11.78,0.01,6,7068,买盘
1590,13:03:36,11.77,--,43,50634,买盘
1591,13:03:33,11.77,--,43,50611,买盘
1592,13:03:30,11.77,--,14,16478,买盘
1593,13:03:27,11.77,--,68,80036,买盘
1594,13:03:18,11.77,0.01,5,5885,买盘
1595,13:02:51,11.76,--,4,4704,卖盘
1596,13:02:45,11.76,--,1,1176,卖盘
1597,13:02:42,11.76,-0.01,20,23520,卖盘
1598,13:02:36,11.77,0.01,5,5885,买盘
1599,13:02:33,11.76,--,1,1176,卖盘
1600,13:02:27,11.76,-0.01,10,11760,卖盘
1601,13:02:24,11.77,--,1,1177,买盘
1602,13:02:15,11.77,0.01,10,11770,买盘
1603,13:02:03,11.76,--,5,5880,卖盘
1604,13:01:57,11.76,--,15,17640,买盘
1605,13:01:48,11.76,0.01,9,10584,买盘
1606,13:01:45,11.75,-0.01,5,5875,卖盘
1607,13:01:42,11.76,--,28,32928,买盘
1608,13:01:39,11.76,0.01,60,70560,买盘
1609,13:01:36,11.75,--,1,1175,中性盘
1610,13:01:33,11.75,--,23,27025,买盘
1611,13:01:30,11.75,--,20,23500,买盘
1612,13:01:24,11.75,0.01,20,23500,买盘
1613,13:01:18,11.74,--,1,1174,卖盘
1614,13:01:12,11.74,-0.01,10,11740,卖盘
1615,13:01:09,11.75,--,22,25850,买盘
1616,13:01:03,11.75,--,16,18800,卖盘
1617,13:00:51,11.75,--,1,1175,卖盘
1618,13:00:42,11.75,-0.01,11,12925,中性盘
1619,13:00:33,11.76,--,12,14112,买盘
1620,13:00:24,11.76,0.02,91,107016,买盘
1621,13:00:15,11.74,-0.01,2,2348,卖盘
1622,13:00:12,11.75,--,10,11750,买盘
1623,13:00:09,11.75,--,32,37600,买盘
1624,13:00:06,11.75,0.01,144,169200,买盘
1625,13:00:03,11.74,--,348,408552,卖盘
1626,13:00:00,11.74,--,0,0,卖盘
1627,11:30:00,11.74,--,0,0,卖盘
1628,11:29:42,11.74,--,52,61048,卖盘
1629,11:29:36,11.74,--,66,77484,卖盘
1630,11:29:18,11.74,--,69,81006,卖盘
1631,11:29:03,11.74,-0.01,100,117400,卖盘
1632,11:28:57,11.75,--,1,1175,卖盘
1633,11:28:54,11.75,--,30,35250,买盘
1634,11:28:33,11.75,-0.01,36,42300,卖盘
1635,11:28:30,11.76,-0.01,3,3528,中性盘
1636,11:28:06,11.77,0.01,18,21186,买盘
1637,11:28:03,11.76,--,51,61128,卖盘
1638,11:27:48,11.76,--,1,1176,卖盘
1639,11:27:39,11.76,-0.01,1,1176,卖盘
1640,11:27:33,11.77,--,5,5885,买盘
1641,11:27:27,11.77,-0.01,105,123585,卖盘
1642,11:27:24,11.78,--,1,1178,买盘
1643,11:27:18,11.78,--,10,11780,买盘
1644,11:27:12,11.78,0.01,23,27094,买盘
1645,11:27:06,11.77,--,33,38841,卖盘
1646,11:27:03,11.77,-0.01,68,80036,卖盘
1647,11:26:57,11.78,0.01,1,1178,买盘
1648,11:26:54,11.77,--,8,9416,卖盘
1649,11:26:51,11.77,-0.01,50,58850,卖盘
1650,11:26:42,11.78,--,39,45942,买盘
1651,11:26:33,11.78,--,37,44292,卖盘
1652,11:26:30,11.78,--,1066,1255748,卖盘
1653,11:26:27,11.78,-0.01,10,11780,卖盘
1654,11:26:24,11.79,0.01,15,17685,买盘
1655,11:26:21,11.78,-0.01,1,1178,卖盘
1656,11:26:15,11.79,0.01,152,179208,买盘
1657,11:26:09,11.78,-0.01,10,11780,卖盘
1658,11:26:06,11.79,0.01,4,4716,买盘
1659,11:26:00,11.78,-0.01,66,77748,卖盘
1660,11:25:54,11.79,0.01,92,108467,买盘
1661,11:25:48,11.78,--,2,2356,卖盘
1662,11:25:33,11.78,0.01,321,378609,买盘
1663,11:25:30,11.77,--,66,77682,卖盘
1664,11:25:27,11.77,0.01,8,9416,买盘
1665,11:25:18,11.76,--,314,369264,卖盘
1666,11:25:15,11.76,--,49,57624,卖盘
1667,11:25:09,11.76,--,4,4727,买盘
1668,11:25:03,11.76,--,6,8208,卖盘
1669,11:25:00,11.76,0.01,224,263447,买盘
1670,11:24:57,11.75,-0.01,5,5875,中性盘
1671,11:24:48,11.76,0.02,10,11760,买盘
1672,11:24:45,11.74,--,10,11740,卖盘
1673,11:24:33,11.74,-0.01,73,85702,卖盘
1674,11:24:30,11.75,--,61,72826,卖盘
1675,11:24:24,11.75,-0.01,20,23500,卖盘
1676,11:24:21,11.76,--,20,23520,买盘
1677,11:24:15,11.76,--,61,71736,卖盘
1678,11:24:12,11.76,--,50,58800,卖盘
1679,11:24:09,11.76,--,87,102312,卖盘
1680,11:24:06,11.76,0.01,2,2352,中性盘
1681,11:23:57,11.75,-0.01,86,101050,卖盘
1682,11:23:54,11.76,0.01,201,236376,买盘
1683,11:23:45,11.75,0.01,182,213873,买盘
1684,11:23:42,11.74,--,76,89224,卖盘
1685,11:23:39,11.74,--,9,10566,卖盘
1686,11:23:36,11.74,--,20,23480,卖盘
1687,11:23:33,11.74,--,9,10566,卖盘
1688,11:23:27,11.74,--,66,77484,卖盘
1689,11:23:18,11.74,--,20,23480,卖盘
1690,11:23:09,11.74,--,6,7044,卖盘
1691,11:23:03,11.74,-0.01,10,11740,卖盘
1692,11:23:00,11.75,0.01,20,23500,买盘
1693,11:22:57,11.74,--,75,88050,卖盘
1694,11:22:54,11.74,-0.01,10,11740,卖盘
1695,11:22:36,11.75,0.01,200,235000,买盘
1696,11:22:33,11.74,--,4,4696,卖盘
1697,11:22:30,11.74,--,23,27002,卖盘
1698,11:22:27,11.74,0.01,84,98616,买盘
1699,11:22:24,11.73,--,1,1173,卖盘
1700,11:22:21,11.73,--,12,14076,卖盘
1701,11:22:18,11.73,0.01,38,44574,买盘
1702,11:22:03,11.72,--,3,3516,卖盘
1703,11:22:00,11.72,-0.01,2,2344,卖盘
1704,11:21:57,11.73,-0.01,45,52785,卖盘
1705,11:21:54,11.74,0.01,1,1174,买盘
1706,11:21:48,11.73,--,12,14076,卖盘
1707,11:21:45,11.73,--,12,14076,卖盘
1708,11:21:42,11.73,--,5,5865,卖盘
1709,11:21:33,11.73,--,31,36363,卖盘
1710,11:21:24,11.73,--,71,83283,卖盘
1711,11:21:18,11.73,--,5,5865,卖盘
1712,11:21:15,11.73,--,20,23460,卖盘
1713,11:21:09,11.73,-0.01,1,1173,卖盘
1714,11:20:57,11.74,0.01,18,21132,买盘
1715,11:20:54,11.73,-0.01,66,77418,卖盘
1716,11:20:51,11.74,--,5,5870,卖盘
1717,11:20:48,11.74,--,22,25828,卖盘
1718,11:20:42,11.74,0.01,60,70440,买盘
1719,11:20:39,11.73,-0.01,7,8211,卖盘
1720,11:20:36,11.74,0.01,137,160838,买盘
1721,11:20:33,11.73,--,5,5865,卖盘
1722,11:20:27,11.73,--,50,58650,卖盘
1723,11:20:24,11.73,--,76,89148,卖盘
1724,11:20:21,11.73,--,8,9384,卖盘
1725,11:20:18,11.73,--,50,58650,卖盘
1726,11:20:15,11.73,-0.01,20,23460,卖盘
1727,11:19:54,11.74,0.01,86,100964,买盘
1728,11:19:51,11.73,--,10,11730,卖盘
1729,11:19:45,11.73,--,9,10557,卖盘
1730,11:19:42,11.73,--,26,30498,卖盘
1731,11:19:39,11.73,-0.01,2,2346,卖盘
1732,11:19:27,11.74,--,124,145576,卖盘
1733,11:19:24,11.74,--,10,11740,卖盘
1734,11:19:21,11.74,--,66,77484,卖盘
1735,11:19:12,11.74,-0.01,10,11740,卖盘
1736,11:19:00,11.75,0.01,8,9400,买盘
1737,11:18:54,11.74,-0.01,10,11740,卖盘
1738,11:18:51,11.75,--,27,32876,卖盘
1739,11:18:42,11.75,--,58,68150,卖盘
1740,11:18:33,11.75,-0.01,55,64625,卖盘
1741,11:18:30,11.76,--,50,58800,卖盘
1742,11:18:24,11.76,--,102,119952,卖盘
1743,11:18:21,11.76,--,66,77616,卖盘
1744,11:18:18,11.76,0.01,84,98784,买盘
1745,11:18:15,11.75,-0.01,200,235000,卖盘
1746,11:18:06,11.76,0.01,5,5880,卖盘
1747,11:18:03,11.75,--,6,7050,卖盘
1748,11:18:00,11.75,-0.01,26,30550,卖盘
1749,11:17:51,11.76,0.01,94,110544,卖盘
1750,11:17:48,11.75,-0.01,30,35250,卖盘
1751,11:17:45,11.76,--,73,85871,买盘
1752,11:17:42,11.76,0.01,55,64680,买盘
1753,11:17:39,11.75,--,20,23500,卖盘
1754,11:17:36,11.75,-0.01,15,17625,卖盘
1755,11:17:27,11.76,--,10,11760,买盘
1756,11:17:21,11.76,0.01,81,95256,买盘
1757,11:17:15,11.75,-0.01,1,1175,卖盘
1758,11:17:00,11.76,--,68,81120,卖盘
1759,11:16:57,11.76,--,12,14135,卖盘
1760,11:16:54,11.76,--,4,4704,卖盘
1761,11:16:51,11.76,--,4,4704,卖盘
1762,11:16:48,11.76,--,75,88200,卖盘
1763,11:16:45,11.76,--,20,23520,卖盘
1764,11:16:30,11.76,--,60,70560,卖盘
1765,11:16:27,11.76,--,71,83496,买盘
1766,11:16:24,11.76,--,5,5880,买盘
1767,11:16:18,11.76,0.01,83,97608,买盘
1768,11:16:06,11.75,-0.01,10,11750,卖盘
1769,11:16:00,11.76,0.01,42,49392,买盘
1770,11:15:57,11.75,-0.01,1,1175,中性盘
1771,11:15:51,11.76,0.02,1,1176,买盘
1772,11:15:48,11.74,--,66,77484,卖盘
1773,11:15:36,11.74,-0.01,50,58700,卖盘
1774,11:15:30,11.75,--,10,11750,买盘
1775,11:15:27,11.75,0.01,27,31725,买盘
1776,11:15:24,11.74,--,28,32872,买盘
1777,11:15:21,11.74,--,9,10566,买盘
1778,11:15:18,11.74,--,29,34046,卖盘
1779,11:15:15,11.74,--,20,23480,卖盘
1780,11:15:12,11.74,--,40,46960,卖盘
1781,11:15:09,11.74,-0.01,1,1174,卖盘
1782,11:15:06,11.75,0.01,206,242050,买盘
1783,11:14:57,11.74,--,1,1174,卖盘
1784,11:14:54,11.74,--,20,23480,卖盘
1785,11:14:51,11.74,--,20,23480,卖盘
1786,11:14:48,11.74,-0.01,75,88050,卖盘
1787,11:14:42,11.75,0.01,10,11750,买盘
1788,11:14:39,11.74,--,94,110356,卖盘
1789,11:14:36,11.74,-0.01,45,52830,卖盘
1790,11:14:33,11.75,0.01,12,14100,买盘
1791,11:14:27,11.74,--,20,23480,卖盘
1792,11:14:21,11.74,--,10,11740,卖盘
1793,11:14:15,11.74,-0.01,76,89224,卖盘
1794,11:13:57,11.75,--,8,9400,买盘
1795,11:13:45,11.75,--,45,52875,卖盘
1796,11:13:36,11.75,-0.01,28,32900,卖盘
1797,11:13:33,11.76,0.01,50,58800,买盘
1798,11:13:27,11.75,--,65,76375,卖盘
1799,11:13:24,11.75,--,2,2350,卖盘
1800,11:13:21,11.75,--,1,1175,卖盘
1801,11:13:15,11.75,--,66,77550,卖盘
1802,11:12:57,11.75,--,2,2350,卖盘
1803,11:12:54,11.75,0.01,171,200925,买盘
1804,11:12:48,11.74,--,130,152620,卖盘
1805,11:12:45,11.74,--,66,77484,卖盘
1806,11:12:42,11.74,--,36,42264,卖盘
1807,11:12:39,11.74,-0.01,10,11740,卖盘
1808,11:12:36,11.75,--,2,2350,买盘
1809,11:12:21,11.75,0.01,39,45825,买盘
1810,11:12:18,11.74,-0.01,29,34046,卖盘
1811,11:12:15,11.75,--,22,25850,买盘
1812,11:12:12,11.75,--,12,14100,卖盘
1813,11:12:03,11.75,--,1,1175,卖盘
1814,11:12:00,11.75,--,23,27025,卖盘
1815,11:11:57,11.75,--,447,525225,买盘
1816,11:11:54,11.75,--,10,11750,卖盘
1817,11:11:51,11.75,-0.01,10,11750,卖盘
1818,11:11:48,11.76,0.01,5,5880,买盘
1819,11:11:45,11.75,0.01,11,12925,买盘
1820,11:11:42,11.74,-0.01,153,179622,卖盘
1821,11:11:39,11.75,--,2,2350,买盘
1822,11:11:36,11.75,0.01,2,2350,买盘
1823,11:11:33,11.74,-0.01,81,95094,卖盘
1824,11:11:27,11.75,0.01,15,17625,买盘
1825,11:11:24,11.74,--,10,11740,卖盘
1826,11:11:12,11.74,--,93,109182,卖盘
1827,11:11:03,11.74,--,203,238322,买盘
1828,11:10:57,11.74,--,72,84528,买盘
1829,11:10:51,11.74,0.01,100,117400,买盘
1830,11:10:48,11.73,--,5,5865,卖盘
1831,11:10:45,11.73,-0.01,4,4692,卖盘
1832,11:10:42,11.74,--,79,92746,买盘
1833,11:10:39,11.74,0.01,5,5870,买盘
1834,11:10:33,11.73,-0.01,59,69207,卖盘
1835,11:10:30,11.74,--,50,58700,买盘
1836,11:10:27,11.74,--,31,36394,买盘
1837,11:10:24,11.74,--,12,14088,买盘
1838,11:10:21,11.74,--,10,11740,买盘
1839,11:10:18,11.74,0.01,6,7044,买盘
1840,11:10:15,11.73,-0.01,2,2346,卖盘
1841,11:10:12,11.74,--,208,244192,买盘
1842,11:10:09,11.74,0.01,201,235974,买盘
1843,11:10:00,11.73,-0.01,33,38709,卖盘
1844,11:09:57,11.74,0.01,63,73962,买盘
1845,11:09:51,11.73,-0.01,10,11730,卖盘
1846,11:09:48,11.74,0.01,15,17610,买盘
1847,11:09:45,11.73,--,22,25806,卖盘
1848,11:09:42,11.73,-0.01,72,84456,卖盘
1849,11:09:33,11.74,0.01,21,24654,买盘
1850,11:09:30,11.73,--,5,5865,卖盘
1851,11:09:27,11.73,--,8,9384,卖盘
1852,11:09:24,11.73,-0.01,34,39882,卖盘
1853,11:09:18,11.74,--,15,17610,买盘
1854,11:09:15,11.74,--,13,15262,买盘
1855,11:09:12,11.74,0.01,9,10566,买盘
1856,11:09:09,11.73,--,66,77418,卖盘
1857,11:09:03,11.73,--,213,249849,卖盘
1858,11:09:00,11.73,--,40,46920,卖盘
1859,11:08:57,11.73,--,41,48093,买盘
1860,11:08:54,11.73,0.01,10,11730,买盘
1861,11:08:51,11.72,-0.01,10,11720,卖盘
1862,11:08:48,11.73,0.01,25,29325,买盘
1863,11:08:45,11.72,-0.01,80,93760,卖盘
1864,11:08:42,11.73,0.01,80,93840,买盘
1865,11:08:39,11.72,--,79,92588,卖盘
1866,11:08:36,11.72,--,29,33988,卖盘
1867,11:08:33,11.72,--,5,5860,卖盘
1868,11:08:30,11.72,-0.01,2,2344,卖盘
1869,11:08:27,11.73,0.01,141,165393,买盘
1870,11:08:24,11.72,-0.01,77,90244,卖盘
1871,11:08:21,11.73,0.01,21,24633,买盘
1872,11:08:18,11.72,--,37,44301,买盘
1873,11:08:15,11.72,--,40,46880,买盘
1874,11:08:12,11.72,0.01,5,5860,买盘
1875,11:08:09,11.71,-0.01,34,39814,卖盘
1876,11:08:06,11.72,0.01,10,11720,卖盘
1877,11:08:00,11.71,-0.03,195,228345,卖盘
1878,11:07:57,11.74,0.02,40,46960,买盘
1879,11:07:48,11.72,-0.01,1000,1172000,卖盘
1880,11:07:45,11.73,--,6,7038,卖盘
1881,11:07:42,11.73,--,40,46920,卖盘
1882,11:07:39,11.73,--,87,102051,卖盘
1883,11:07:36,11.73,--,72,84456,卖盘
1884,11:07:33,11.73,--,10,11730,卖盘
1885,11:07:30,11.73,-0.01,74,86802,卖盘
1886,11:07:27,11.74,0.02,1010,1185740,买盘
1887,11:07:21,11.72,-0.01,100,117200,卖盘
1888,11:07:18,11.73,--,10,11730,买盘
1889,11:07:15,11.73,--,47,55131,卖盘
1890,11:07:12,11.73,--,307,360111,卖盘
1891,11:07:09,11.73,-0.01,8,9384,卖盘
1892,11:07:06,11.74,--,103,120922,买盘
1893,11:07:03,11.74,0.02,24,28176,买盘
1894,11:07:00,11.72,-0.02,2,2344,卖盘
1895,11:06:57,11.74,--,165,193710,买盘
1896,11:06:54,11.74,0.01,7,8218,买盘
1897,11:06:51,11.73,-0.01,1,1173,卖盘
1898,11:06:48,11.74,--,189,221886,卖盘
1899,11:06:45,11.74,--,18,21132,卖盘
1900,11:06:42,11.74,--,107,125618,卖盘
1901,11:06:39,11.74,--,5,5870,卖盘
1902,11:06:36,11.74,-0.01,96,112704,卖盘
1903,11:06:33,11.75,--,410,481750,卖盘
1904,11:06:30,11.75,--,92,108100,卖盘
1905,11:06:27,11.75,-0.01,30,35250,卖盘
1906,11:06:24,11.76,0.01,53,62328,买盘
1907,11:06:21,11.75,--,1,1175,卖盘
1908,11:06:18,11.75,-0.01,29,34075,卖盘
1909,11:06:15,11.76,--,396,465696,卖盘
1910,11:06:12,11.76,--,11,12936,卖盘
1911,11:06:09,11.76,-0.01,20,23520,卖盘
1912,11:06:06,11.77,--,12,14124,买盘
1913,11:06:03,11.77,--,38,44726,买盘
1914,11:06:00,11.77,--,363,427251,卖盘
1915,11:05:57,11.77,--,460,541420,卖盘
1916,11:05:54,11.77,--,100,117700,卖盘
1917,11:05:45,11.77,-0.01,6,7062,卖盘
1918,11:05:42,11.78,0.01,67,78926,买盘
1919,11:05:36,11.77,-0.01,20,23540,卖盘
1920,11:05:33,11.78,--,174,204972,卖盘
1921,11:05:30,11.78,--,20,23560,卖盘
1922,11:05:27,11.78,--,100,117800,卖盘
1923,11:05:24,11.78,--,50,58900,卖盘
1924,11:05:21,11.78,--,320,376960,卖盘
1925,11:05:18,11.78,--,358,421724,卖盘
1926,11:05:12,11.78,--,5,5890,卖盘
1927,11:05:06,11.78,--,66,77748,卖盘
1928,11:05:03,11.78,--,27,31806,卖盘
1929,11:05:00,11.78,--,54,63612,卖盘
1930,11:04:57,11.78,--,170,200260,卖盘
1931,11:04:54,11.78,--,10,11780,卖盘
1932,11:04:51,11.78,--,10,11780,卖盘
1933,11:04:48,11.78,-0.01,26,30628,卖盘
1934,11:04:45,11.79,0.01,50,58949,买盘
1935,11:04:39,11.78,--,50,58900,卖盘
1936,11:04:33,11.78,-0.01,66,77748,卖盘
1937,11:04:27,11.79,--,12,14147,买盘
1938,11:04:24,11.79,--,35,41265,买盘
1939,11:04:21,11.79,--,12,14147,买盘
1940,11:04:18,11.79,0.01,56,66024,买盘
1941,11:04:15,11.78,-0.01,6,7068,卖盘
1942,11:04:09,11.79,--,20,23815,卖盘
1943,11:04:03,11.79,--,78,91962,卖盘
1944,11:03:48,11.79,-0.01,5,5895,卖盘
1945,11:03:39,11.8,0.01,1,1180,买盘
1946,11:03:36,11.79,--,2,2358,卖盘
1947,11:03:33,11.79,--,79,93141,卖盘
1948,11:03:30,11.79,-0.01,15,17685,卖盘
1949,11:03:27,11.8,0.01,5,5900,买盘
1950,11:03:24,11.79,--,44,51875,卖盘
1951,11:03:18,11.79,--,5,5895,卖盘
1952,11:03:15,11.79,--,5,5895,卖盘
1953,11:03:12,11.79,--,56,66024,卖盘
1954,11:03:03,11.79,--,78,91962,卖盘
1955,11:03:00,11.79,--,314,370206,卖盘
1956,11:02:57,11.79,--,2,2358,卖盘
1957,11:02:51,11.79,--,84,99036,卖盘
1958,11:02:45,11.79,-0.01,46,54233,卖盘
1959,11:02:42,11.8,0.01,102,120360,买盘
1960,11:02:39,11.79,--,15,17685,卖盘
1961,11:02:33,11.79,--,66,77814,卖盘
1962,11:02:30,11.79,--,10,11790,卖盘
1963,11:02:21,11.79,--,61,71919,卖盘
1964,11:02:15,11.79,-0.01,50,58949,卖盘
1965,11:02:03,11.8,0.01,8,9440,买盘
1966,11:02:00,11.79,-0.01,66,77814,卖盘
1967,11:01:57,11.8,0.01,82,96760,买盘
1968,11:01:48,11.79,-0.01,10,11790,卖盘
1969,11:01:42,11.8,0.01,19,22420,买盘
1970,11:01:39,11.79,--,1,1179,卖盘
1971,11:01:36,11.79,--,8,9432,卖盘
1972,11:01:30,11.79,-0.01,72,84888,卖盘
1973,11:01:27,11.8,0.01,1,1180,买盘
1974,11:01:21,11.79,--,301,354879,卖盘
1975,11:01:00,11.79,--,66,77814,卖盘
1976,11:00:54,11.79,-0.01,8,9432,卖盘
1977,11:00:45,11.8,0.01,56,67024,买盘
1978,11:00:39,11.79,--,38,44802,卖盘
1979,11:00:30,11.79,-0.01,66,77814,卖盘
1980,11:00:27,11.8,--,1,1180,买盘
1981,11:00:24,11.8,--,10,11800,买盘
1982,11:00:21,11.8,--,7,8260,买盘
1983,11:00:18,11.8,--,46,54280,买盘
1984,11:00:15,11.8,--,189,223020,卖盘
1985,11:00:09,11.8,--,82,96760,卖盘
1986,11:00:00,11.8,-0.01,66,77880,卖盘
1987,10:59:54,11.81,--,1,1181,买盘
1988,10:59:42,11.81,0.01,58,68498,买盘
1989,10:59:36,11.8,--,45,53100,卖盘
1990,10:59:30,11.8,-0.01,1,1180,卖盘
1991,10:59:21,11.81,--,33,38973,买盘
1992,10:59:15,11.81,0.01,20,23620,买盘
1993,10:59:12,11.8,-0.01,10,11800,卖盘
1994,10:59:09,11.81,--,24,28344,卖盘
1995,10:59:06,11.81,--,30,35430,卖盘
1996,10:59:03,11.81,--,1,1181,卖盘
1997,10:59:00,11.81,--,10,11810,卖盘
1998,10:58:57,11.81,--,66,77946,卖盘
1999,10:58:48,11.81,0.01,165,194865,买盘
2000,10:58:45,11.8,--,50,59000,卖盘
2001,10:58:39,11.8,-0.01,20,23600,卖盘
2002,10:58:30,11.81,0.01,36,42516,买盘
2003,10:58:27,11.8,--,66,77880,卖盘
2004,10:58:24,11.8,--,30,35400,卖盘
2005,10:58:18,11.8,--,10,11800,卖盘
2006,10:58:15,11.8,-0.01,8,9440,卖盘
2007,10:58:12,11.81,0.01,20,23620,买盘
2008,10:58:09,11.8,--,100,118000,卖盘
2009,10:58:06,11.8,--,20,23600,卖盘
2010,10:58:03,11.8,--,16,18880,卖盘
2011,10:58:00,11.8,--,34,40120,卖盘
2012,10:57:57,11.8,--,77,90860,卖盘
2013,10:57:45,11.8,-0.01,6,7080,卖盘
2014,10:57:36,11.81,--,83,98023,买盘
2015,10:57:33,11.81,0.01,20,23620,买盘
2016,10:57:30,11.8,--,4,4720,卖盘
2017,10:57:27,11.8,--,161,189980,卖盘
2018,10:57:18,11.8,-0.01,50,59000,卖盘
2019,10:57:12,11.81,0.01,103,121643,买盘
2020,10:56:54,11.8,-0.01,66,77880,卖盘
2021,10:56:51,11.81,--,161,190141,买盘
2022,10:56:48,11.81,--,200,236200,买盘
2023,10:56:45,11.81,--,37,43697,买盘
2024,10:56:42,11.81,0.01,78,92118,买盘
2025,10:56:39,11.8,--,35,41300,卖盘
2026,10:56:36,11.8,--,10,11800,卖盘
2027,10:56:30,11.8,--,114,134520,卖盘
2028,10:56:27,11.8,--,1,1180,卖盘
2029,10:56:24,11.8,--,239,282020,卖盘
2030,10:56:21,11.8,--,12,14160,卖盘
2031,10:56:12,11.8,-0.01,2,2360,卖盘
2032,10:56:09,11.81,--,21,24801,买盘
2033,10:56:06,11.81,--,218,257458,买盘
2034,10:56:00,11.81,--,300,354300,买盘
2035,10:55:57,11.81,0.01,1,1181,买盘
2036,10:55:54,11.8,--,74,87320,卖盘
2037,10:55:51,11.8,-0.01,10,11800,卖盘
2038,10:55:42,11.81,--,2,2362,买盘
2039,10:55:33,11.81,-0.01,25,29525,卖盘
2040,10:55:30,11.82,--,75,88650,买盘
2041,10:55:27,11.82,0.01,31,36642,买盘
2042,10:55:24,11.81,-0.01,87,102747,卖盘
2043,10:55:21,11.82,0.01,26,30732,买盘
2044,10:55:18,11.81,--,10,11810,卖盘
2045,10:55:15,11.81,--,10,11810,卖盘
2046,10:55:09,11.81,--,6,7086,卖盘
2047,10:55:06,11.81,-0.01,4,4724,卖盘
2048,10:54:57,11.82,0.01,32,37824,买盘
2049,10:54:54,11.81,--,101,119281,卖盘
2050,10:54:48,11.81,--,10,11810,卖盘
2051,10:54:45,11.81,--,29,34249,买盘
2052,10:54:42,11.81,--,16,18896,买盘
2053,10:54:39,11.81,--,1,1181,买盘
2054,10:54:36,11.81,-0.01,54,63774,卖盘
2055,10:54:33,11.82,--,14,16548,买盘
2056,10:54:30,11.82,0.01,48,56736,买盘
2057,10:54:27,11.81,--,5,5905,卖盘
2058,10:54:24,11.81,--,21,24801,卖盘
2059,10:54:21,11.81,--,71,83851,卖盘
2060,10:54:18,11.81,--,24,28344,卖盘
2061,10:54:09,11.81,-0.01,25,29525,卖盘
2062,10:54:06,11.82,0.01,26,30732,买盘
2063,10:54:03,11.81,--,21,24801,卖盘
2064,10:54:00,11.81,--,20,23620,卖盘
2065,10:53:57,11.81,-0.01,19,22439,卖盘
2066,10:53:54,11.82,0.01,58,68556,买盘
2067,10:53:51,11.81,--,67,79127,卖盘
2068,10:53:48,11.81,--,63,74403,卖盘
2069,10:53:42,11.81,-0.01,6,7086,中性盘
2070,10:53:30,11.82,0.02,50,59100,买盘
2071,10:53:27,11.8,--,40,47200,卖盘
2072,10:53:21,11.8,-0.02,76,89680,卖盘
2073,10:53:18,11.82,--,125,147750,买盘
2074,10:53:15,11.82,0.02,283,334506,买盘
2075,10:53:09,11.8,-0.01,8,9440,卖盘
2076,10:53:06,11.81,0.01,14,16534,买盘
2077,10:53:03,11.8,--,30,35400,卖盘
2078,10:53:00,11.8,-0.01,1,1180,卖盘
2079,10:52:57,11.81,-0.01,4,4724,中性盘
2080,10:52:54,11.82,0.02,40,47280,买盘
2081,10:52:51,11.8,-0.02,66,77880,卖盘
2082,10:52:48,11.82,0.01,5,5910,买盘
2083,10:52:45,11.81,--,1,1181,买盘
2084,10:52:42,11.81,0.01,7,8267,中性盘
2085,10:52:33,11.8,--,11,12980,卖盘
2086,10:52:30,11.8,-0.02,5,5900,卖盘
2087,10:52:21,11.82,0.02,32,37824,买盘
2088,10:52:18,11.8,--,101,119180,卖盘
2089,10:52:09,11.8,-0.02,60,70800,卖盘
2090,10:52:06,11.82,0.01,14,16548,买盘
2091,10:52:03,11.81,0.01,23,27163,买盘
2092,10:51:57,11.8,-0.01,10,11800,卖盘
2093,10:51:54,11.81,--,30,35430,买盘
2094,10:51:48,11.81,-0.01,73,86213,卖盘
2095,10:51:24,11.82,--,35,41370,买盘
2096,10:51:21,11.82,--,34,40188,买盘
2097,10:51:18,11.82,0.02,172,203304,买盘
2098,10:51:15,11.8,--,5,5900,卖盘
2099,10:51:09,11.8,-0.02,30,35400,卖盘
2100,10:51:06,11.82,0.01,5,5910,买盘
2101,10:51:03,11.81,--,11,12991,买盘
2102,10:50:57,11.81,--,1,1181,买盘
2103,10:50:54,11.81,--,60,70860,卖盘
2104,10:50:51,11.81,0.01,5,5905,中性盘
2105,10:50:48,11.8,-0.01,66,77880,卖盘
2106,10:50:45,11.81,--,30,35430,卖盘
2107,10:50:42,11.81,0.01,17,20077,买盘
2108,10:50:36,11.8,-0.02,3,3540,卖盘
2109,10:50:33,11.82,0.01,45,53190,买盘
2110,10:50:30,11.81,0.01,107,126367,买盘
2111,10:50:27,11.8,-0.02,5,5900,卖盘
2112,10:50:24,11.82,--,29,34278,买盘
2113,10:50:18,11.82,0.01,75,88650,买盘
2114,10:50:15,11.81,--,26,30706,买盘
2115,10:50:09,11.81,--,16,18896,买盘
2116,10:50:03,11.81,0.01,23,27163,买盘
2117,10:50:00,11.8,--,19,22420,卖盘
2118,10:49:57,11.8,-0.01,1,1180,卖盘
2119,10:49:54,11.81,--,9,10629,买盘
2120,10:49:51,11.81,--,20,23620,买盘
2121,10:49:45,11.81,--,2,2362,卖盘
2122,10:49:42,11.81,-0.01,10,11810,卖盘
2123,10:49:30,11.82,--,5,5910,买盘
2124,10:49:21,11.82,--,10,11820,买盘
2125,10:49:15,11.82,--,21,24822,卖盘
2126,10:49:09,11.82,-0.01,20,23640,卖盘
2127,10:49:03,11.83,--,2,2366,买盘
2128,10:49:00,11.83,0.01,2,2366,买盘
2129,10:48:57,11.82,--,30,35460,卖盘
2130,10:48:54,11.82,--,14,16548,卖盘
2131,10:48:51,11.82,--,50,59100,卖盘
2132,10:48:45,11.82,--,66,78012,卖盘
2133,10:48:42,11.82,--,1,1182,卖盘
2134,10:48:39,11.82,0.02,4,4728,中性盘
2135,10:48:36,11.8,-0.03,10,11800,卖盘
2136,10:48:33,11.83,0.01,209,247247,买盘
2137,10:48:27,11.82,0.01,510,602820,买盘
2138,10:48:24,11.81,--,37,43697,买盘
2139,10:48:21,11.81,--,8,9448,买盘
2140,10:48:15,11.81,--,48,56688,卖盘
2141,10:48:09,11.81,--,40,47240,买盘
2142,10:48:06,11.81,-0.01,23,27163,卖盘
2143,10:48:00,11.82,0.01,5,5910,买盘
2144,10:47:57,11.81,0.02,4,4724,中性盘
2145,10:47:51,11.79,-0.02,366,431513,卖盘
2146,10:47:48,11.81,--,50,59050,卖盘
2147,10:47:45,11.81,-0.01,80,94480,卖盘
2148,10:47:42,11.82,--,67,79194,买盘
2149,10:47:36,11.82,--,12,14184,买盘
2150,10:47:33,11.82,--,91,107562,买盘
2151,10:47:30,11.82,--,12,14184,买盘
2152,10:47:27,11.82,--,3,3546,买盘
2153,10:47:24,11.82,--,9,10638,买盘
2154,10:47:21,11.82,--,9,10638,买盘
2155,10:47:18,11.82,0.01,8,9456,买盘
2156,10:47:15,11.81,--,10,11810,卖盘
2157,10:47:12,11.81,--,180,212580,买盘
2158,10:47:09,11.81,0.01,20,23620,买盘
2159,10:46:57,11.8,-0.01,10,11800,卖盘
2160,10:46:51,11.81,0.01,23,27163,买盘
2161,10:46:48,11.8,--,2,2360,卖盘
2162,10:46:45,11.8,--,4,4720,卖盘
2163,10:46:42,11.8,-0.01,10,11800,中性盘
2164,10:46:39,11.81,0.01,18,21258,买盘
2165,10:46:33,11.8,-0.01,50,59000,中性盘
2166,10:46:30,11.81,0.02,159,187779,买盘
2167,10:46:24,11.79,-0.01,16,18864,卖盘
2168,10:46:21,11.8,--,100,118000,买盘
2169,10:46:15,11.8,0.01,320,377600,买盘
2170,10:46:12,11.79,--,38,44802,卖盘
2171,10:46:09,11.79,--,1,1179,卖盘
2172,10:46:06,11.79,--,19,22401,卖盘
2173,10:46:03,11.79,--,48,56591,卖盘
2174,10:45:54,11.79,--,1,1179,卖盘
2175,10:45:48,11.79,--,12,14147,卖盘
2176,10:45:45,11.79,--,5,5895,买盘
2177,10:45:42,11.79,--,6,7073,买盘
2178,10:45:36,11.79,--,21,24759,卖盘
2179,10:45:33,11.79,--,6,7073,卖盘
2180,10:45:27,11.79,--,3,3536,卖盘
2181,10:45:24,11.79,--,163,192177,卖盘
2182,10:45:21,11.79,--,10,11790,卖盘
2183,10:45:03,11.79,-0.01,197,232262,卖盘
2184,10:44:51,11.8,0.01,18,21240,买盘
2185,10:44:45,11.79,-0.01,1,1179,卖盘
2186,10:44:42,11.8,--,883,1041940,卖盘
2187,10:44:39,11.8,-0.01,10,11800,卖盘
2188,10:44:36,11.81,--,2,2362,买盘
2189,10:44:27,11.81,--,4,4724,买盘
2190,10:44:24,11.81,--,6,7086,买盘
2191,10:44:21,11.81,--,86,101566,卖盘
2192,10:44:18,11.81,--,192,226752,卖盘
2193,10:44:15,11.81,--,10,11810,卖盘
2194,10:44:06,11.81,--,3,3543,卖盘
2195,10:44:03,11.81,--,14,16534,卖盘
2196,10:44:00,11.81,-0.01,4,4724,卖盘
2197,10:43:57,11.82,0.01,21,24822,买盘
2198,10:43:54,11.81,--,10,11810,卖盘
2199,10:43:51,11.81,0.01,231,272811,买盘
2200,10:43:42,11.8,--,10,11800,卖盘
2201,10:43:39,11.8,--,43,50740,卖盘
2202,10:43:36,11.8,-0.01,63,74340,卖盘
2203,10:43:30,11.81,0.01,15,17715,买盘
2204,10:43:27,11.8,--,1,1180,卖盘
2205,10:43:12,11.8,-0.01,49,57820,卖盘
2206,10:43:06,11.81,0.01,9,10629,买盘
2207,10:43:03,11.8,--,110,129800,卖盘
2208,10:42:57,11.8,--,11,12980,卖盘
2209,10:42:54,11.8,--,2,2360,卖盘
2210,10:42:45,11.8,-0.01,32,37760,卖盘
2211,10:42:42,11.81,--,18,21258,买盘
2212,10:42:39,11.81,--,2,2362,买盘
2213,10:42:36,11.81,--,16,18896,买盘
2214,10:42:33,11.81,--,121,142901,卖盘
2215,10:42:30,11.81,--,52,61412,卖盘
2216,10:42:27,11.81,--,46,54326,卖盘
2217,10:42:09,11.81,-0.01,1,1181,卖盘
2218,10:42:03,11.82,--,50,60045,卖盘
2219,10:42:00,11.82,--,12,14184,卖盘
2220,10:41:57,11.82,--,1,1182,卖盘
2221,10:41:54,11.82,--,11,13002,卖盘
2222,10:41:42,11.82,--,67,79194,卖盘
2223,10:41:33,11.82,--,14,16548,卖盘
2224,10:41:30,11.82,--,22,26004,卖盘
2225,10:41:24,11.82,0.01,45,53426,买盘
2226,10:41:21,11.81,--,113,133453,卖盘
2227,10:41:12,11.81,-0.01,73,87157,卖盘
2228,10:41:09,11.82,--,1,1182,卖盘
2229,10:41:06,11.82,--,100,118200,卖盘
2230,10:41:03,11.82,-0.01,110,130020,卖盘
2231,10:40:57,11.83,0.01,12,14196,买盘
2232,10:40:54,11.82,--,8,9456,卖盘
2233,10:40:51,11.82,--,10,11820,卖盘
2234,10:40:45,11.82,--,175,207086,买盘
2235,10:40:36,11.82,0.01,138,163116,买盘
2236,10:40:33,11.81,--,15,17715,买盘
2237,10:40:30,11.81,-0.01,387,457991,卖盘
2238,10:40:27,11.82,0.01,20,23640,买盘
2239,10:40:18,11.81,--,203,239743,卖盘
2240,10:40:15,11.81,--,102,120462,卖盘
2241,10:40:12,11.81,--,6,7086,卖盘
2242,10:40:09,11.81,--,4,4724,卖盘
2243,10:40:06,11.81,--,20,23620,卖盘
2244,10:40:03,11.81,-0.01,3,3543,卖盘
2245,10:40:00,11.82,0.01,12,14184,买盘
2246,10:39:57,11.81,-0.02,30,35430,卖盘
2247,10:39:51,11.83,0.01,200,236600,买盘
2248,10:39:39,11.82,--,127,150114,卖盘
2249,10:39:33,11.82,--,86,101652,卖盘
2250,10:39:27,11.82,-0.01,40,47280,卖盘
2251,10:39:24,11.83,--,50,59859,卖盘
2252,10:39:21,11.83,--,5,5915,卖盘
2253,10:39:18,11.83,0.01,44,52525,买盘
2254,10:39:15,11.82,-0.01,11,13002,卖盘
2255,10:39:12,11.83,--,20,23660,买盘
2256,10:39:09,11.83,0.01,5,5915,买盘
2257,10:39:06,11.82,-0.01,129,152478,卖盘
2258,10:39:03,11.83,0.01,74,87542,买盘
2259,10:39:00,11.82,-0.01,3,3546,卖盘
2260,10:38:57,11.83,0.01,103,121849,买盘
2261,10:38:51,11.82,-0.01,6,7092,卖盘
2262,10:38:45,11.83,0.01,100,118300,买盘
2263,10:38:42,11.82,--,70,82740,卖盘
2264,10:38:39,11.82,--,105,124110,卖盘
2265,10:38:36,11.82,--,59,69738,卖盘
2266,10:38:30,11.82,-0.01,40,47280,卖盘
2267,10:38:27,11.83,--,20,23660,买盘
2268,10:38:24,11.83,--,6,7098,买盘
2269,10:38:21,11.83,0.01,100,118300,买盘
2270,10:38:18,11.82,-0.01,20,23640,卖盘
2271,10:38:15,11.83,--,103,121849,买盘
2272,10:38:09,11.83,0.01,1,1183,买盘
2273,10:38:06,11.82,-0.01,7,8274,卖盘
2274,10:38:03,11.83,--,2,2366,买盘
2275,10:38:00,11.83,0.01,21,24843,买盘
2276,10:37:54,11.82,-0.01,4,4728,卖盘
2277,10:37:45,11.83,--,12,14196,买盘
2278,10:37:39,11.83,--,40,47320,买盘
2279,10:37:33,11.83,--,16,18928,买盘
2280,10:37:30,11.83,0.01,65,76895,买盘
2281,10:37:27,11.82,--,28,33096,卖盘
2282,10:37:24,11.82,-0.01,15,17730,卖盘
2283,10:37:21,11.83,--,1,1183,买盘
2284,10:37:18,11.83,--,169,199927,买盘
2285,10:37:09,11.83,--,100,118300,买盘
2286,10:37:06,11.83,0.01,230,272090,买盘
2287,10:37:00,11.82,--,1,1182,卖盘
2288,10:36:57,11.82,-0.01,41,48462,卖盘
2289,10:36:54,11.83,--,100,118300,买盘
2290,10:36:51,11.83,--,248,293384,买盘
2291,10:36:48,11.83,--,25,29575,买盘
2292,10:36:45,11.83,--,1,1183,买盘
2293,10:36:36,11.83,0.01,25,29575,买盘
2294,10:36:33,11.82,--,2,2364,卖盘
2295,10:36:30,11.82,--,11,13002,买盘
2296,10:36:27,11.82,--,46,54372,卖盘
2297,10:36:24,11.82,--,5,5910,卖盘
2298,10:36:18,11.82,--,79,93378,买盘
2299,10:36:15,11.82,--,12,14184,买盘
2300,10:36:09,11.82,0.01,50,59100,买盘
2301,10:36:06,11.81,-0.01,53,62593,卖盘
2302,10:36:03,11.82,0.01,5,5910,买盘
2303,10:36:00,11.81,--,7,8267,卖盘
2304,10:35:57,11.81,--,38,44878,卖盘
2305,10:35:45,11.81,-0.01,5,5905,卖盘
2306,10:35:42,11.82,0.01,57,67374,买盘
2307,10:35:39,11.81,-0.01,1,1181,卖盘
2308,10:35:33,11.82,--,26,30732,买盘
2309,10:35:30,11.82,--,19,22458,卖盘
2310,10:35:27,11.82,--,30,35460,卖盘
2311,10:35:24,11.82,--,5,5910,卖盘
2312,10:35:21,11.82,-0.01,11,13002,卖盘
2313,10:35:15,11.83,0.01,53,62699,买盘
2314,10:35:12,11.82,--,11,13002,卖盘
2315,10:35:09,11.82,-0.01,15,17730,卖盘
2316,10:35:06,11.83,0.01,1,1183,买盘
2317,10:35:03,11.82,-0.01,1,1182,卖盘
2318,10:35:00,11.83,0.01,100,118300,买盘
2319,10:34:54,11.82,-0.01,10,11820,卖盘
2320,10:34:48,11.83,--,9,10647,买盘
2321,10:34:45,11.83,0.01,106,125398,买盘
2322,10:34:42,11.82,--,75,88650,买盘
2323,10:34:39,11.82,0.01,20,23640,买盘
2324,10:34:27,11.81,--,46,54562,买盘
2325,10:34:24,11.81,0.01,2,2362,买盘
2326,10:34:21,11.8,-0.01,1,1180,卖盘
2327,10:34:18,11.81,0.01,38,44878,买盘
2328,10:34:15,11.8,--,15,17700,卖盘
2329,10:34:12,11.8,-0.01,10,11800,卖盘
2330,10:34:09,11.81,--,204,240924,买盘
2331,10:34:00,11.81,--,2,2362,买盘
2332,10:33:57,11.81,-0.01,214,252734,卖盘
2333,10:33:54,11.82,-0.01,9,10638,卖盘
2334,10:33:51,11.83,0.01,20,23660,买盘
2335,10:33:48,11.82,-0.01,27,31914,卖盘
2336,10:33:45,11.83,--,200,236600,买盘
2337,10:33:42,11.83,0.01,11,13013,买盘
2338,10:33:36,11.82,--,9,10638,卖盘
2339,10:33:33,11.82,0.01,66,78012,买盘
2340,10:33:24,11.81,--,77,90937,卖盘
2341,10:33:18,11.81,-0.01,301,355481,卖盘
2342,10:33:15,11.82,0.01,730,862860,买盘
2343,10:33:12,11.81,--,5,5905,卖盘
2344,10:33:06,11.81,--,40,47240,卖盘
2345,10:33:03,11.81,--,1,1181,卖盘
2346,10:33:00,11.81,--,10,11810,卖盘
2347,10:32:51,11.81,--,300,354300,卖盘
2348,10:32:48,11.81,--,61,72041,卖盘
2349,10:32:45,11.81,--,227,268087,买盘
2350,10:32:42,11.81,0.01,57,67317,买盘
2351,10:32:39,11.8,--,81,95580,卖盘
2352,10:32:36,11.8,--,12,14266,卖盘
2353,10:32:33,11.8,--,7,8260,卖盘
2354,10:32:30,11.8,--,40,47200,卖盘
2355,10:32:27,11.8,--,111,130980,卖盘
2356,10:32:21,11.8,0.01,293,345740,买盘
2357,10:32:15,11.79,-0.01,20,23580,卖盘
2358,10:32:12,11.8,0.01,40,47200,买盘
2359,10:32:09,11.79,--,52,61307,卖盘
2360,10:32:00,11.79,-0.01,11,12968,卖盘
2361,10:31:57,11.8,0.01,65,76700,买盘
2362,10:31:54,11.79,-0.01,13,15326,卖盘
2363,10:31:48,11.8,0.01,105,123900,买盘
2364,10:31:45,11.79,--,31,36549,卖盘
2365,10:31:42,11.79,-0.01,6,7073,卖盘
2366,10:31:39,11.8,--,2,2360,买盘
2367,10:31:30,11.8,0.01,25,29500,买盘
2368,10:31:27,11.79,--,150,176850,卖盘
2369,10:31:24,11.79,-0.01,33,38907,卖盘
2370,10:31:21,11.8,--,3,3540,买盘
2371,10:31:12,11.8,--,31,36580,卖盘
2372,10:31:06,11.8,--,2,2360,卖盘
2373,10:31:03,11.8,-0.01,84,99120,卖盘
2374,10:31:00,11.81,0.01,60,70860,买盘
2375,10:30:57,11.8,--,106,125080,卖盘
2376,10:30:54,11.8,--,142,167560,卖盘
2377,10:30:51,11.8,--,15,17700,卖盘
2378,10:30:48,11.8,-0.01,53,62540,卖盘
2379,10:30:45,11.81,0.01,5,5905,买盘
2380,10:30:42,11.8,--,13,15340,卖盘
2381,10:30:39,11.8,--,3,3540,卖盘
2382,10:30:33,11.8,--,6,7080,卖盘
2383,10:30:27,11.8,-0.01,2,2360,卖盘
2384,10:30:24,11.81,--,90,106290,卖盘
2385,10:30:21,11.81,--,3,3543,卖盘
2386,10:30:18,11.81,--,13,15353,卖盘
2387,10:30:15,11.81,0.01,67,79127,买盘
2388,10:30:09,11.8,-0.01,29,34220,买盘
2389,10:30:06,11.81,0.01,192,226752,买盘
2390,10:30:03,11.8,--,16,18880,买盘
2391,10:30:00,11.8,--,37,43660,卖盘
2392,10:29:57,11.8,--,35,41300,卖盘
2393,10:29:54,11.8,--,10,11800,卖盘
2394,10:29:51,11.8,--,315,371700,卖盘
2395,10:29:48,11.8,--,6,7080,卖盘
2396,10:29:42,11.8,-0.01,61,71980,卖盘
2397,10:29:39,11.81,--,37,43697,卖盘
2398,10:29:36,11.81,--,7,8267,卖盘
2399,10:29:33,11.81,--,35,41335,卖盘
2400,10:29:24,11.81,-0.01,10,11810,卖盘
2401,10:29:21,11.82,--,8,9456,买盘
2402,10:29:18,11.82,--,26,30732,买盘
2403,10:29:15,11.82,--,34,40188,卖盘
2404,10:29:09,11.82,--,3,3546,卖盘
2405,10:29:06,11.82,-0.01,50,59100,卖盘
2406,10:29:03,11.83,--,13,15379,买盘
2407,10:28:57,11.83,--,52,61516,买盘
2408,10:28:54,11.83,--,17,20111,买盘
2409,10:28:51,11.83,0.01,17,20111,买盘
2410,10:28:45,11.82,--,91,107562,卖盘
2411,10:28:42,11.82,--,52,61464,卖盘
2412,10:28:39,11.82,--,15,17730,卖盘
2413,10:28:36,11.82,--,28,33096,卖盘
2414,10:28:33,11.82,-0.01,20,23640,卖盘
2415,10:28:30,11.83,--,20,23660,买盘
2416,10:28:27,11.83,--,10,11830,买盘
2417,10:28:18,11.83,--,128,151424,卖盘
2418,10:28:15,11.83,--,100,118300,卖盘
2419,10:28:12,11.83,-0.01,80,94640,卖盘
2420,10:28:06,11.84,0.01,24,28416,买盘
2421,10:28:03,11.83,--,25,29575,卖盘
2422,10:28:00,11.83,--,7,8281,卖盘
2423,10:27:57,11.83,--,39,46137,卖盘
2424,10:27:54,11.83,--,2,2366,卖盘
2425,10:27:51,11.83,--,2,2366,卖盘
2426,10:27:48,11.83,-0.01,104,123032,卖盘
2427,10:27:45,11.84,0.01,20,23680,买盘
2428,10:27:42,11.83,--,94,111202,卖盘
2429,10:27:39,11.83,--,17,20111,卖盘
2430,10:27:36,11.83,--,87,102921,买盘
2431,10:27:33,11.83,0.01,9,10647,买盘
2432,10:27:27,11.82,--,62,73284,卖盘
2433,10:27:24,11.82,-0.01,22,26004,卖盘
2434,10:27:21,11.83,--,5,5915,卖盘
2435,10:27:18,11.83,0.01,28,33124,买盘
2436,10:27:15,11.82,-0.01,13,15366,卖盘
2437,10:27:12,11.83,-0.01,6,7098,中性盘
2438,10:27:09,11.84,0.02,420,497280,买盘
2439,10:27:03,11.82,--,14,16548,买盘
2440,10:27:00,11.82,-0.01,10,11820,买盘
2441,10:26:54,11.83,0.01,605,715715,买盘
2442,10:26:51,11.82,-0.01,1,1182,卖盘
2443,10:26:48,11.83,0.01,30,35490,买盘
2444,10:26:42,11.82,--,30,35460,买盘
2445,10:26:39,11.82,--,20,23640,买盘
2446,10:26:36,11.82,-0.01,90,106380,卖盘
2447,10:26:33,11.83,0.01,10,11830,买盘
2448,10:26:24,11.82,--,1,1182,卖盘
2449,10:26:21,11.82,0.01,431,509442,买盘
2450,10:26:18,11.81,--,188,222028,买盘
2451,10:26:12,11.81,--,22,25982,买盘
2452,10:26:09,11.81,--,58,68498,买盘
2453,10:26:06,11.81,--,95,112195,买盘
2454,10:26:03,11.81,0.01,5,5905,买盘
2455,10:26:00,11.8,--,36,42480,卖盘
2456,10:25:57,11.8,-0.01,8,9440,卖盘
2457,10:25:54,11.81,0.01,19,22439,买盘
2458,10:25:48,11.8,--,1,1180,卖盘
2459,10:25:45,11.8,-0.01,6,7080,卖盘
2460,10:25:42,11.81,--,28,33068,买盘
2461,10:25:39,11.81,0.01,5,5905,买盘
2462,10:25:36,11.8,--,20,23600,卖盘
2463,10:25:33,11.8,--,2,2360,卖盘
2464,10:25:27,11.8,--,30,35400,卖盘
2465,10:25:21,11.8,--,1683,1985940,买盘
2466,10:25:18,11.8,0.01,31,36580,买盘
2467,10:25:15,11.79,-0.01,14,16506,卖盘
2468,10:25:12,11.8,--,104,122720,买盘
2469,10:25:09,11.8,--,3,3540,买盘
2470,10:25:03,11.8,-0.01,1031,1216580,卖盘
2471,10:25:00,11.81,-0.01,5,5905,卖盘
2472,10:24:57,11.82,0.02,100,118200,买盘
2473,10:24:54,11.8,-0.02,20,23600,卖盘
2474,10:24:48,11.82,0.01,94,111108,买盘
2475,10:24:45,11.81,0.01,8,9448,买盘
2476,10:24:42,11.8,-0.01,59,69620,卖盘
2477,10:24:33,11.81,--,98,115738,卖盘
2478,10:24:24,11.81,0.01,74,87394,买盘
2479,10:24:21,11.8,--,24,28320,卖盘
2480,10:24:18,11.8,--,12,14160,卖盘
2481,10:24:15,11.8,-0.02,10,11800,卖盘
2482,10:24:12,11.82,0.01,26,30732,买盘
2483,10:24:09,11.81,--,480,566880,卖盘
2484,10:24:06,11.81,-0.01,23,27163,卖盘
2485,10:24:03,11.82,0.01,1,1182,买盘
2486,10:24:00,11.81,--,1,1181,卖盘
2487,10:23:57,11.81,-0.01,20,23620,卖盘
2488,10:23:54,11.82,0.01,148,174936,中性盘
2489,10:23:51,11.81,--,100,118100,卖盘
2490,10:23:48,11.81,--,23,27163,卖盘
2491,10:23:45,11.81,--,70,82670,卖盘
2492,10:23:42,11.81,-0.01,36,42516,卖盘
2493,10:23:39,11.82,--,45,53190,买盘
2494,10:23:36,11.82,0.01,114,134748,买盘
2495,10:23:33,11.81,-0.01,30,35430,卖盘
2496,10:23:27,11.82,-0.01,1,1182,卖盘
2497,10:23:24,11.83,0.01,10,11830,买盘
2498,10:23:21,11.82,--,230,271860,卖盘
2499,10:23:18,11.82,--,21,24822,卖盘
2500,10:23:15,11.82,--,50,59100,卖盘
2501,10:23:12,11.82,-0.01,15,17730,卖盘
2502,10:23:09,11.83,0.01,582,688506,买盘
2503,10:23:06,11.82,--,34,40188,卖盘
2504,10:23:03,11.82,-0.01,49,57918,卖盘
2505,10:22:57,11.83,0.01,24,28392,买盘
2506,10:22:51,11.82,--,15,17730,卖盘
2507,10:22:48,11.82,--,22,26004,卖盘
2508,10:22:45,11.82,0.01,67,79194,买盘
2509,10:22:39,11.81,-0.01,1,1181,卖盘
2510,10:22:36,11.82,--,308,364056,卖盘
2511,10:22:33,11.82,-0.01,33,39006,卖盘
2512,10:22:30,11.83,0.01,106,125398,买盘
2513,10:22:27,11.82,--,47,55554,卖盘
2514,10:22:24,11.82,-0.01,11,13002,卖盘
2515,10:22:21,11.83,0.01,106,125398,买盘
2516,10:22:15,11.82,-0.01,48,56736,卖盘
2517,10:22:09,11.83,0.01,44,52052,买盘
2518,10:22:06,11.82,--,4,4728,卖盘
2519,10:22:03,11.82,--,60,70920,卖盘
2520,10:22:00,11.82,-0.01,17,20094,卖盘
2521,10:21:57,11.83,0.01,17,20111,买盘
2522,10:21:54,11.82,--,2,2364,卖盘
2523,10:21:51,11.82,-0.01,20,23640,卖盘
2524,10:21:48,11.83,--,909,1075347,买盘
2525,10:21:39,11.83,--,30,35490,买盘
2526,10:21:36,11.83,--,858,1015014,卖盘
2527,10:21:33,11.83,--,243,287469,卖盘
2528,10:21:30,11.83,-0.01,217,256711,卖盘
2529,10:21:27,11.84,0.01,439,519776,买盘
2530,10:21:21,11.83,--,148,175084,卖盘
2531,10:21:18,11.83,-0.01,15,17745,卖盘
2532,10:21:15,11.84,--,47,55648,买盘
2533,10:21:09,11.84,0.01,42,49728,买盘
2534,10:21:06,11.83,--,1,1183,卖盘
2535,10:21:03,11.83,--,12,14196,卖盘
2536,10:21:00,11.83,--,10,11830,卖盘
2537,10:20:57,11.83,--,6,7098,卖盘
2538,10:20:51,11.83,--,30,35490,卖盘
2539,10:20:48,11.83,--,218,257894,买盘
2540,10:20:45,11.83,0.01,31,36673,买盘
2541,10:20:42,11.82,-0.01,39,46098,卖盘
2542,10:20:39,11.83,0.01,389,460187,买盘
2543,10:20:36,11.82,-0.01,18,21276,卖盘
2544,10:20:33,11.83,0.01,585,692055,买盘
2545,10:20:30,11.82,--,90,106380,卖盘
2546,10:20:27,11.82,--,13,15366,卖盘
2547,10:20:24,11.82,-0.01,73,86286,卖盘
2548,10:20:21,11.83,0.01,30,35490,买盘
2549,10:20:18,11.82,--,30,35460,卖盘
2550,10:20:15,11.82,--,37,43734,卖盘
2551,10:20:12,11.82,-0.01,141,166662,卖盘
2552,10:20:09,11.83,0.01,106,125398,买盘
2553,10:20:06,11.82,--,47,55554,卖盘
2554,10:20:03,11.82,--,38,44916,卖盘
2555,10:20:00,11.82,--,45,53190,卖盘
2556,10:19:57,11.82,-0.01,20,23640,卖盘
2557,10:19:54,11.83,--,73,86359,买盘
2558,10:19:48,11.83,0.01,31,36673,买盘
2559,10:19:45,11.82,--,9,10638,卖盘
2560,10:19:42,11.82,--,110,130020,卖盘
2561,10:19:39,11.82,-0.01,15,17730,卖盘
2562,10:19:36,11.83,--,127,150241,买盘
2563,10:19:30,11.83,-0.01,89,105287,卖盘
2564,10:19:27,11.84,0.01,181,214304,买盘
2565,10:19:24,11.83,--,31,36673,卖盘
2566,10:19:21,11.83,-0.01,93,110019,卖盘
2567,10:19:18,11.84,0.01,78,92352,买盘
2568,10:19:15,11.83,-0.01,9,10647,卖盘
2569,10:19:12,11.84,--,68,80512,买盘
2570,10:19:09,11.84,0.01,124,146816,买盘
2571,10:19:06,11.83,--,63,74529,买盘
2572,10:19:03,11.83,--,50,59150,买盘
2573,10:19:00,11.83,-0.01,2,2366,买盘
2574,10:18:57,11.84,0.01,440,520960,买盘
2575,10:18:54,11.83,--,7,8281,买盘
2576,10:18:51,11.83,--,205,242515,卖盘
2577,10:18:48,11.83,0.01,220,260260,买盘
2578,10:18:45,11.82,-0.01,59,69738,买盘
2579,10:18:42,11.83,0.02,60,70980,买盘
2580,10:18:39,11.81,--,10,11810,卖盘
2581,10:18:33,11.81,-0.01,65,76765,卖盘
2582,10:18:30,11.82,--,48,56736,卖盘
2583,10:18:27,11.82,-0.01,30,35460,卖盘
2584,10:18:24,11.83,0.01,47,55601,中性盘
2585,10:18:18,11.82,0.01,53,62646,买盘
2586,10:18:15,11.81,-0.02,89,105109,卖盘
2587,10:18:12,11.83,-0.01,10,11830,中性盘
2588,10:18:09,11.84,0.01,507,600288,买盘
2589,10:18:06,11.83,--,700,828100,卖盘
2590,10:18:03,11.83,-0.01,229,270907,卖盘
2591,10:18:00,11.84,0.01,343,406112,买盘
2592,10:17:57,11.83,-0.01,47,55601,卖盘
2593,10:17:54,11.84,--,104,123136,买盘
2594,10:17:51,11.84,--,47,55648,买盘
2595,10:17:48,11.84,0.01,21,24864,买盘
2596,10:17:45,11.83,--,70,82810,卖盘
2597,10:17:42,11.83,-0.01,28,33124,卖盘
2598,10:17:39,11.84,--,44,52096,买盘
2599,10:17:36,11.84,0.01,59,69856,买盘
2600,10:17:33,11.83,0.01,54,63882,买盘
2601,10:17:30,11.82,-0.01,594,702533,卖盘
2602,10:17:27,11.83,--,720,851760,卖盘
2603,10:17:24,11.83,--,183,217305,卖盘
2604,10:17:21,11.83,--,79,93457,卖盘
2605,10:17:18,11.83,--,37,43771,买盘
2606,10:17:15,11.83,-0.02,117,138411,中性盘
2607,10:17:12,11.85,0.02,315,373275,买盘
2608,10:17:09,11.83,0.01,41,48503,买盘
2609,10:17:06,11.82,-0.01,48,56736,卖盘
2610,10:17:03,11.83,-0.02,3,3549,中性盘
2611,10:17:00,11.85,--,526,623310,买盘
2612,10:16:57,11.85,0.01,227,268995,买盘
2613,10:16:54,11.84,-0.01,1887,2234208,卖盘
2614,10:16:51,11.85,--,12,14220,买盘
2615,10:16:48,11.85,-0.01,105,124425,卖盘
2616,10:16:45,11.86,--,79,93694,买盘
2617,10:16:42,11.86,0.01,34,40324,买盘
2618,10:16:39,11.85,--,175,207375,卖盘
2619,10:16:36,11.85,--,96,113760,卖盘
2620,10:16:33,11.85,--,148,175380,卖盘
2621,10:16:30,11.85,--,56,66360,买盘
2622,10:16:27,11.85,--,214,254301,卖盘
2623,10:16:24,11.85,-0.01,57,67545,卖盘
2624,10:16:21,11.86,0.01,965,1144490,中性盘
2625,10:16:18,11.85,-0.01,117,138645,卖盘
2626,10:16:15,11.86,--,456,540816,卖盘
2627,10:16:12,11.86,--,446,528956,卖盘
2628,10:16:09,11.86,0.02,2176,2581210,买盘
2629,10:16:06,11.84,--,518,613312,卖盘
2630,10:16:03,11.84,-0.01,342,404928,卖盘
2631,10:16:00,11.85,--,72,85320,买盘
2632,10:15:57,11.85,0.01,162,191970,买盘
2633,10:15:54,11.84,-0.01,131,155104,卖盘
2634,10:15:51,11.85,--,230,272550,买盘
2635,10:15:48,11.85,--,46,54510,买盘
2636,10:15:45,11.85,--,29,34365,买盘
2637,10:15:42,11.85,--,25,29625,买盘
2638,10:15:39,11.85,0.01,73,86505,买盘
2639,10:15:36,11.84,--,36,42624,卖盘
2640,10:15:33,11.84,-0.01,430,509120,卖盘
2641,10:15:30,11.85,0.01,66,78210,买盘
2642,10:15:27,11.84,--,69,81696,卖盘
2643,10:15:24,11.84,--,195,230880,买盘
2644,10:15:21,11.84,--,127,150368,买盘
2645,10:15:18,11.84,0.01,40,47360,买盘
2646,10:15:15,11.83,-0.01,418,494494,卖盘
2647,10:15:12,11.84,0.03,1864,2208100,买盘
2648,10:15:09,11.81,--,30,35430,买盘
2649,10:15:06,11.81,0.01,9,10629,买盘
2650,10:15:03,11.8,-0.01,8,9440,卖盘
2651,10:15:00,11.81,0.04,4035,4765335,买盘
2652,10:14:54,11.77,-0.03,10,11770,卖盘
2653,10:14:51,11.8,--,1122,1323960,买盘
2654,10:14:45,11.8,0.03,5410,6383800,买盘
2655,10:14:42,11.77,--,23,27541,买盘
2656,10:14:39,11.77,0.01,64,75328,买盘
2657,10:14:33,11.76,--,360,423360,卖盘
2658,10:14:30,11.76,--,11,12936,卖盘
2659,10:14:27,11.76,-0.01,10,11760,卖盘
2660,10:14:24,11.77,--,379,446083,买盘
2661,10:14:21,11.77,--,39,45903,买盘
2662,10:14:18,11.77,0.01,447,526119,买盘
2663,10:14:15,11.76,-0.01,52,61152,卖盘
2664,10:14:12,11.77,0.01,80,94160,买盘
2665,10:14:09,11.76,--,14,16464,买盘
2666,10:14:06,11.76,0.01,10,12230,买盘
2667,10:14:00,11.75,-0.01,28,32900,卖盘
2668,10:13:57,11.76,0.01,274,322224,买盘
2669,10:13:54,11.75,-0.01,309,363075,卖盘
2670,10:13:51,11.76,--,12,14112,卖盘
2671,10:13:45,11.76,--,612,719712,买盘
2672,10:13:42,11.76,0.01,30,35280,买盘
2673,10:13:33,11.75,--,66,77550,卖盘
2674,10:13:30,11.75,--,7,8225,卖盘
2675,10:13:24,11.75,--,126,148050,卖盘
2676,10:13:21,11.75,--,78,91650,卖盘
2677,10:13:18,11.75,--,10,11750,卖盘
2678,10:13:15,11.75,--,398,467673,买盘
2679,10:13:12,11.75,--,50,58750,买盘
2680,10:13:09,11.75,0.01,8,9400,买盘
2681,10:13:03,11.74,--,31,36394,买盘
2682,10:13:00,11.74,0.01,1,1174,买盘
2683,10:12:57,11.73,-0.01,658,771834,卖盘
2684,10:12:54,11.74,--,5,5870,买盘
2685,10:12:51,11.74,--,27,31698,卖盘
2686,10:12:48,11.74,-0.01,28,32872,卖盘
2687,10:12:45,11.75,0.01,10,11750,买盘
2688,10:12:39,11.74,--,11,12914,卖盘
2689,10:12:36,11.74,-0.01,51,59874,卖盘
2690,10:12:33,11.75,0.01,30,35250,买盘
2691,10:12:27,11.74,--,44,51656,卖盘
2692,10:12:24,11.74,--,2,2348,卖盘
2693,10:12:18,11.74,--,86,100964,卖盘
2694,10:12:15,11.74,--,101,118574,卖盘
2695,10:12:12,11.74,--,10,11740,卖盘
2696,10:12:09,11.74,--,1,1174,卖盘
2697,10:12:06,11.74,--,30,35220,卖盘
2698,10:12:00,11.74,--,1,1174,卖盘
2699,10:11:57,11.74,-0.01,510,598740,卖盘
2700,10:11:54,11.75,--,33,38775,卖盘
2701,10:11:48,11.75,--,3,3525,卖盘
2702,10:11:45,11.75,--,15,17625,卖盘
2703,10:11:42,11.75,-0.01,20,23500,卖盘
2704,10:11:39,11.76,--,82,96432,买盘
2705,10:11:36,11.76,0.01,50,58800,买盘
2706,10:11:33,11.75,--,67,78725,卖盘
2707,10:11:30,11.75,-0.01,31,36425,卖盘
2708,10:11:27,11.76,0.01,5,5880,买盘
2709,10:11:24,11.75,--,50,58750,卖盘
2710,10:11:15,11.75,--,11,12925,卖盘
2711,10:11:09,11.75,--,10,11750,卖盘
2712,10:11:06,11.75,--,9,10575,卖盘
2713,10:11:03,11.75,--,1,1175,卖盘
2714,10:11:00,11.75,-0.01,1,1175,中性盘
2715,10:10:48,11.76,0.01,54,63504,买盘
2716,10:10:39,11.75,--,227,266725,卖盘
2717,10:10:36,11.75,-0.01,14,16450,卖盘
2718,10:10:33,11.76,0.01,3,3528,买盘
2719,10:10:27,11.75,--,133,156275,卖盘
2720,10:10:21,11.75,-0.01,11,12925,卖盘
2721,10:10:15,11.76,--,14,16464,买盘
2722,10:10:12,11.76,--,30,35280,买盘
2723,10:10:09,11.76,--,46,54096,卖盘
2724,10:10:00,11.76,0.01,12,14112,中性盘
2725,10:09:54,11.75,--,10,11750,卖盘
2726,10:09:51,11.75,--,111,130425,卖盘
2727,10:09:42,11.75,-0.01,7,8225,卖盘
2728,10:09:39,11.76,--,27,31752,卖盘
2729,10:09:33,11.76,--,52,61152,买盘
2730,10:09:27,11.76,-0.01,11,12936,卖盘
2731,10:09:24,11.77,0.01,10,11770,买盘
2732,10:09:21,11.76,--,106,124656,卖盘
2733,10:09:18,11.76,--,13,15288,卖盘
2734,10:09:15,11.76,--,70,82320,买盘
2735,10:09:06,11.76,--,65,76440,卖盘
2736,10:09:03,11.76,--,24,28224,卖盘
2737,10:09:00,11.76,--,5,5880,卖盘
2738,10:08:57,11.76,--,64,75264,卖盘
2739,10:08:54,11.76,--,65,76440,卖盘
2740,10:08:51,11.76,--,4,4704,卖盘
2741,10:08:48,11.76,--,32,37632,卖盘
2742,10:08:42,11.76,-0.01,25,29400,卖盘
2743,10:08:39,11.77,0.01,21,24717,买盘
2744,10:08:36,11.76,--,10,11760,卖盘
2745,10:08:24,11.76,--,20,23520,卖盘
2746,10:08:21,11.76,-0.01,9,10584,卖盘
2747,10:08:18,11.77,--,25,29425,买盘
2748,10:08:12,11.77,0.01,37,43549,买盘
2749,10:08:09,11.76,-0.01,26,30576,卖盘
2750,10:08:06,11.77,--,38,44726,买盘
2751,10:07:57,11.77,0.01,35,41195,买盘
2752,10:07:54,11.76,--,11,12936,卖盘
2753,10:07:51,11.76,-0.01,20,23520,卖盘
2754,10:07:48,11.77,--,8,9416,买盘
2755,10:07:45,11.77,--,42,49434,买盘
2756,10:07:42,11.77,--,10,11770,买盘
2757,10:07:36,11.77,--,146,171842,买盘
2758,10:07:24,11.77,0.01,30,35310,买盘
2759,10:07:21,11.76,--,26,30576,卖盘
2760,10:07:18,11.76,-0.01,35,41160,卖盘
2761,10:07:06,11.77,0.01,4,4708,买盘
2762,10:07:03,11.76,-0.01,1,1176,卖盘
2763,10:07:00,11.77,--,56,65912,买盘
2764,10:06:57,11.77,0.01,82,96514,买盘
2765,10:06:54,11.76,-0.01,26,30576,卖盘
2766,10:06:51,11.77,0.01,4,4708,买盘
2767,10:06:48,11.76,--,80,94080,卖盘
2768,10:06:45,11.76,--,23,27048,卖盘
2769,10:06:42,11.76,--,21,24696,卖盘
2770,10:06:39,11.76,--,3,3528,卖盘
2771,10:06:36,11.76,-0.01,24,28224,卖盘
2772,10:06:33,11.77,0.01,23,27071,买盘
2773,10:06:24,11.76,--,2,2352,卖盘
2774,10:06:15,11.76,--,290,341040,买盘
2775,10:06:09,11.76,--,10,11760,买盘
2776,10:06:06,11.76,--,5,5880,买盘
2777,10:06:03,11.76,--,12,14112,买盘
2778,10:05:54,11.76,--,105,123480,买盘
2779,10:05:51,11.76,0.01,15,17640,买盘
2780,10:05:45,11.75,-0.01,158,185650,卖盘
2781,10:05:39,11.76,0.01,68,79968,买盘
2782,10:05:36,11.75,--,10,11750,卖盘
2783,10:05:30,11.75,--,201,236175,买盘
2784,10:05:24,11.75,--,17,19975,买盘
2785,10:05:21,11.75,0.01,20,23500,买盘
2786,10:05:18,11.74,-0.01,308,361592,卖盘
2787,10:05:09,11.75,0.01,54,63450,买盘
2788,10:05:06,11.74,-0.01,1,1174,卖盘
2789,10:05:00,11.75,--,3,3525,买盘
2790,10:04:57,11.75,0.01,29,34075,买盘
2791,10:04:54,11.74,--,44,51656,卖盘
2792,10:04:51,11.74,-0.01,2,2348,卖盘
2793,10:04:45,11.75,0.01,18,21150,买盘
2794,10:04:42,11.74,-0.01,11,12914,卖盘
2795,10:04:39,11.75,0.01,4,4700,买盘
2796,10:04:33,11.74,--,63,73962,卖盘
2797,10:04:30,11.74,--,1,1174,卖盘
2798,10:04:27,11.74,-0.01,6,7044,卖盘
2799,10:04:24,11.75,--,36,42300,买盘
2800,10:04:21,11.75,0.01,51,59925,买盘
2801,10:04:12,11.74,--,2,2348,卖盘
2802,10:04:09,11.74,-0.01,5,5870,卖盘
2803,10:04:00,11.75,0.01,20,23500,买盘
2804,10:03:57,11.74,-0.01,30,35220,卖盘
2805,10:03:54,11.75,--,20,23500,买盘
2806,10:03:42,11.75,--,4,4700,买盘
2807,10:03:39,11.75,0.01,84,98700,买盘
2808,10:03:36,11.74,-0.01,52,61048,卖盘
2809,10:03:30,11.75,--,60,70500,买盘
2810,10:03:27,11.75,0.01,1,1175,买盘
2811,10:03:24,11.74,--,38,44612,卖盘
2812,10:03:21,11.74,-0.01,14,16436,卖盘
2813,10:03:15,11.75,--,13,15275,买盘
2814,10:03:09,11.75,0.01,38,44650,买盘
2815,10:03:06,11.74,-0.01,5,5870,卖盘
2816,10:02:54,11.75,--,49,57575,买盘
