,time,price,change,volume,amount,type
0,15:00:03,11.62,--,2184,2537808,买盘
1,14:57:00,11.62,0.01,2,2324,买盘
2,14:56:57,11.61,--,95,110295,卖盘
3,14:56:54,11.61,-0.01,10,11610,卖盘
4,14:56:51,11.62,0.01,63,73206,买盘
5,14:56:48,11.61,--,7,8127,卖盘
6,14:56:45,11.61,--,5,5805,卖盘
7,14:56:39,11.61,--,10,11610,卖盘
8,14:56:36,11.61,0.01,6,7604,买盘
9,14:56:33,11.6,--,12,13920,卖盘
10,14:56:30,11.6,--,12,13920,卖盘
11,14:56:27,11.6,-0.01,83,96280,卖盘
12,14:56:21,11.61,--,1243,1443123,买盘
13,14:56:18,11.61,--,136,157896,买盘
14,14:56:15,11.61,0.01,2,2322,买盘
15,14:56:12,11.6,-0.01,164,190240,卖盘
16,14:56:06,11.61,--,5,5805,买盘
17,14:56:03,11.61,--,88,102168,买盘
18,14:56:00,11.61,--,8,9288,买盘
19,14:55:57,11.61,--,72,83592,买盘
20,14:55:54,11.61,--,148,171828,买盘
21,14:55:48,11.61,--,123,142803,买盘
22,14:55:45,11.61,0.01,122,141642,买盘
23,14:55:42,11.6,-0.01,204,236640,卖盘
24,14:55:39,11.61,--,20,23220,买盘
25,14:55:36,11.61,--,130,150930,买盘
26,14:55:33,11.61,--,89,103329,买盘
27,14:55:30,11.61,--,92,106812,买盘
28,14:55:27,11.61,--,509,591181,卖盘
29,14:55:21,11.61,--,45,52245,卖盘
30,14:55:18,11.61,-0.01,5,5805,卖盘
31,14:55:15,11.62,0.01,121,140602,买盘
32,14:55:12,11.61,--,70,81270,卖盘
33,14:55:09,11.61,-0.01,36,41796,卖盘
34,14:55:06,11.62,0.01,3,3485,买盘
35,14:55:03,11.61,-0.01,17,19737,卖盘
36,14:55:00,11.62,--,66,76692,买盘
37,14:54:57,11.62,--,118,137116,买盘
38,14:54:54,11.62,0.01,13,15105,买盘
39,14:54:51,11.61,--,1000,1161000,卖盘
40,14:54:48,11.61,-0.01,3,3483,卖盘
41,14:54:45,11.62,0.01,15,17430,买盘
42,14:54:39,11.61,-0.01,18,20898,卖盘
43,14:54:33,11.62,--,220,255639,买盘
44,14:54:30,11.62,--,134,155708,买盘
45,14:54:24,11.62,--,7,8133,买盘
46,14:54:21,11.62,--,301,349762,卖盘
47,14:54:15,11.62,--,77,89474,卖盘
48,14:54:09,11.62,--,12,13943,卖盘
49,14:54:00,11.62,--,2,2324,卖盘
50,14:53:57,11.62,--,3,3485,卖盘
51,14:53:54,11.62,--,25,29049,卖盘
52,14:53:48,11.62,-0.01,20,23240,卖盘
53,14:53:45,11.63,0.02,105,122115,买盘
54,14:53:39,11.61,--,55,63855,卖盘
55,14:53:36,11.61,--,10,11610,卖盘
56,14:53:33,11.61,-0.01,37,42957,卖盘
57,14:53:24,11.62,0.01,1,1162,买盘
58,14:53:21,11.61,-0.01,43,49981,卖盘
59,14:53:18,11.62,--,28,33639,买盘
60,14:53:15,11.62,0.01,49,56937,买盘
61,14:53:12,11.61,-0.01,12,13932,卖盘
62,14:53:09,11.62,0.01,110,127819,买盘
63,14:52:54,11.61,-0.01,5,5805,卖盘
64,14:52:51,11.62,0.01,10,11620,买盘
65,14:52:48,11.61,--,1,1161,卖盘
66,14:52:45,11.61,-0.01,20,23220,卖盘
67,14:52:42,11.62,--,38,44156,买盘
68,14:52:39,11.62,0.01,8,9296,买盘
69,14:52:21,11.61,--,190,220590,卖盘
70,14:52:18,11.61,-0.01,11,12771,卖盘
71,14:52:12,11.62,--,810,941219,买盘
72,14:52:09,11.62,--,10,11620,买盘
73,14:52:03,11.62,--,60,69720,买盘
74,14:52:00,11.62,--,39,45318,买盘
75,14:51:57,11.62,0.01,37,42994,买盘
76,14:51:51,11.61,-0.01,6,6966,卖盘
77,14:51:39,11.62,0.01,6,6971,买盘
78,14:51:36,11.61,-0.01,34,39474,卖盘
79,14:51:33,11.62,--,121,140602,买盘
80,14:51:30,11.62,0.01,6,6971,买盘
81,14:51:24,11.61,--,78,90558,卖盘
82,14:51:18,11.61,--,25,29025,卖盘
83,14:51:12,11.61,-0.01,17,19737,卖盘
84,14:51:09,11.62,--,10,11620,买盘
85,14:51:06,11.62,--,50,58099,买盘
86,14:51:00,11.62,0.01,33,38346,买盘
87,14:50:57,11.61,--,2,2322,卖盘
88,14:50:51,11.61,-0.01,54,62694,卖盘
89,14:50:48,11.62,--,12,13943,买盘
90,14:50:45,11.62,0.01,50,58099,买盘
91,14:50:36,11.61,-0.01,50,58050,卖盘
92,14:50:33,11.62,0.01,10,11620,买盘
93,14:50:30,11.61,-0.01,506,588394,卖盘
94,14:50:27,11.62,0.01,63,73206,买盘
95,14:50:24,11.61,-0.01,1,1161,卖盘
96,14:50:18,11.62,0.01,20,23240,买盘
97,14:50:06,11.61,-0.01,1000,1161000,卖盘
98,14:50:03,11.62,--,307,356734,买盘
99,14:50:00,11.62,--,10,11620,买盘
100,14:49:57,11.62,--,180,209160,买盘
101,14:49:54,11.62,--,2,2324,买盘
102,14:49:48,11.62,0.01,25,29049,买盘
103,14:49:45,11.61,--,10,11610,卖盘
104,14:49:42,11.61,--,3,3483,卖盘
105,14:49:33,11.61,-0.01,2,2322,卖盘
106,14:49:27,11.62,0.01,20,23240,买盘
107,14:49:21,11.61,-0.01,3,3483,卖盘
108,14:49:18,11.62,0.01,36,41832,买盘
109,14:49:12,11.61,--,6,6966,卖盘
110,14:49:00,11.61,--,13,15093,卖盘
111,14:48:57,11.61,--,26,30186,卖盘
112,14:48:51,11.61,--,31,35991,卖盘
113,14:48:42,11.61,--,1,1161,卖盘
114,14:48:39,11.61,--,27,31347,卖盘
115,14:48:36,11.61,--,5,5805,卖盘
116,14:48:33,11.61,--,27,31347,卖盘
117,14:48:30,11.61,--,13,15093,卖盘
118,14:48:27,11.61,0.01,2,2322,中性盘
119,14:48:21,11.6,-0.01,673,780680,卖盘
120,14:48:18,11.61,--,9,10449,卖盘
121,14:48:15,11.61,--,12,13932,卖盘
122,14:48:12,11.61,-0.01,50,58050,卖盘
123,14:48:09,11.62,0.01,529,614698,买盘
124,14:48:06,11.61,-0.01,471,546831,卖盘
125,14:48:03,11.62,0.01,25,29049,买盘
126,14:48:00,11.61,-0.01,32,37152,卖盘
127,14:47:57,11.62,0.01,5,5810,买盘
128,14:47:54,11.61,-0.01,41,47601,卖盘
129,14:47:51,11.62,--,34,39508,买盘
130,14:47:48,11.62,--,126,146412,买盘
131,14:47:45,11.62,--,54,62747,买盘
132,14:47:42,11.62,0.01,3,3485,买盘
133,14:47:39,11.61,--,7,8127,卖盘
134,14:47:36,11.61,--,1,1161,卖盘
135,14:47:33,11.61,--,2,2322,卖盘
136,14:47:27,11.61,--,12,13932,卖盘
137,14:47:24,11.61,-0.01,0,847,卖盘
138,14:47:21,11.62,0.01,100,116199,买盘
139,14:47:18,11.61,--,2,2322,卖盘
140,14:47:15,11.61,--,11,12771,卖盘
141,14:47:12,11.61,-0.01,10,11610,卖盘
142,14:47:09,11.62,--,6,6971,买盘
143,14:47:06,11.62,--,21,24402,买盘
144,14:47:03,11.62,0.01,1,1162,买盘
145,14:47:00,11.61,--,3,3483,卖盘
146,14:46:57,11.61,--,3,3483,卖盘
147,14:46:54,11.61,--,99,114939,卖盘
148,14:46:48,11.61,--,1,1161,卖盘
149,14:46:36,11.61,-0.01,4,4644,卖盘
150,14:46:33,11.62,0.01,87,101094,买盘
151,14:46:27,11.61,-0.01,16,18576,卖盘
152,14:46:24,11.62,--,10,11620,买盘
153,14:46:21,11.62,--,385,447428,卖盘
154,14:46:18,11.62,--,6,6971,卖盘
155,14:46:15,11.62,--,12,13943,卖盘
156,14:46:12,11.62,--,25,29049,卖盘
157,14:46:06,11.62,--,13,15105,卖盘
158,14:46:03,11.62,--,9,10458,卖盘
159,14:46:00,11.62,--,2,2324,卖盘
160,14:45:57,11.62,--,65,75530,卖盘
161,14:45:54,11.62,--,1,1162,卖盘
162,14:45:48,11.62,--,34,39508,卖盘
163,14:45:42,11.62,--,2,2324,卖盘
164,14:45:39,11.62,--,30,34860,卖盘
165,14:45:33,11.62,--,3,3485,卖盘
166,14:45:30,11.62,--,2,2324,卖盘
167,14:45:27,11.62,--,7,8133,卖盘
168,14:45:21,11.62,--,81,94122,卖盘
169,14:45:18,11.62,--,2,2324,卖盘
170,14:45:15,11.62,-0.01,2,2324,卖盘
171,14:45:09,11.63,--,4,4652,买盘
172,14:45:06,11.63,0.01,1,1163,买盘
173,14:45:03,11.62,--,14,16267,卖盘
174,14:45:00,11.62,-0.01,83,96446,卖盘
175,14:44:57,11.63,0.01,19,22097,买盘
176,14:44:54,11.62,-0.01,163,189406,卖盘
177,14:44:51,11.63,--,9,10467,买盘
178,14:44:48,11.63,0.01,35,40705,买盘
179,14:44:45,11.62,-0.01,12,13943,卖盘
180,14:44:42,11.63,0.01,130,151190,买盘
181,14:44:36,11.62,--,1,1162,卖盘
182,14:44:33,11.62,--,1,1162,卖盘
183,14:44:30,11.62,-0.01,11,12782,卖盘
184,14:44:27,11.63,--,100,116300,买盘
185,14:44:24,11.63,0.01,175,203525,买盘
186,14:44:21,11.62,--,5,5810,卖盘
187,14:44:15,11.62,--,6,6971,卖盘
188,14:44:12,11.62,-0.01,21,24402,卖盘
189,14:44:09,11.63,0.01,15,17445,买盘
190,14:44:00,11.62,--,34,39508,卖盘
191,14:43:57,11.62,--,246,286955,买盘
192,14:43:54,11.62,--,308,357896,买盘
193,14:43:51,11.62,--,70,81340,买盘
194,14:43:48,11.62,0.01,31,36022,买盘
195,14:43:42,11.61,-0.01,1,1161,卖盘
196,14:43:33,11.62,0.01,9,10458,买盘
197,14:43:30,11.61,--,10,11610,卖盘
198,14:43:27,11.61,-0.01,123,142803,卖盘
199,14:43:24,11.62,--,12,13943,买盘
200,14:43:21,11.62,--,1045,1214290,买盘
201,14:43:18,11.62,0.01,9,10458,买盘
202,14:43:15,11.61,--,8,9288,卖盘
203,14:43:12,11.61,--,65,75465,卖盘
204,14:43:09,11.61,-0.01,19,22059,卖盘
205,14:43:06,11.62,0.01,41,47642,买盘
206,14:43:03,11.61,--,200,232200,卖盘
207,14:43:00,11.61,--,1,1161,卖盘
208,14:42:57,11.61,-0.01,23,26703,卖盘
209,14:42:54,11.62,0.01,18,20916,买盘
210,14:42:51,11.61,--,26,30186,卖盘
211,14:42:48,11.61,-0.01,15,17415,卖盘
212,14:42:45,11.62,--,18,20916,买盘
213,14:42:42,11.62,0.01,57,66234,买盘
214,14:42:39,11.61,-0.01,76,88236,卖盘
215,14:42:36,11.62,--,25,29049,买盘
216,14:42:33,11.62,--,13,15105,买盘
217,14:42:30,11.62,0.01,300,348600,买盘
218,14:42:27,11.61,--,11,12771,卖盘
219,14:42:21,11.61,-0.01,3,3483,卖盘
220,14:42:18,11.62,0.01,3,3485,买盘
221,14:42:12,11.61,--,5,5805,卖盘
222,14:42:06,11.61,--,22,25542,卖盘
223,14:42:03,11.61,--,51,59211,卖盘
224,14:41:57,11.61,--,1,1161,卖盘
225,14:41:54,11.61,--,80,92880,卖盘
226,14:41:45,11.61,--,37,42957,卖盘
227,14:41:42,11.61,--,10,11610,卖盘
228,14:41:39,11.61,--,19,22059,卖盘
229,14:41:33,11.61,--,2,2322,卖盘
230,14:41:27,11.61,--,10,11610,卖盘
231,14:41:24,11.61,--,1,1161,卖盘
232,14:41:21,11.61,-0.01,30,34830,卖盘
233,14:41:18,11.62,0.01,15,17430,买盘
234,14:41:15,11.61,-0.01,9,10449,卖盘
235,14:41:12,11.62,--,33,38346,买盘
236,14:41:09,11.62,--,8,9296,买盘
237,14:41:06,11.62,0.01,1,1162,买盘
238,14:41:00,11.61,--,2,2322,卖盘
239,14:40:54,11.61,--,70,81270,卖盘
240,14:40:51,11.61,--,102,118422,卖盘
241,14:40:45,11.61,--,53,61533,卖盘
242,14:40:42,11.61,-0.01,23,26703,卖盘
243,14:40:36,11.62,--,1,1162,买盘
244,14:40:33,11.62,0.01,9,10458,买盘
245,14:40:30,11.61,-0.01,3,3483,卖盘
246,14:40:24,11.62,0.01,60,69720,买盘
247,14:40:21,11.61,--,9,10449,卖盘
248,14:40:18,11.61,--,52,60372,卖盘
249,14:40:15,11.61,-0.01,208,241488,卖盘
250,14:40:09,11.62,0.01,55,63909,买盘
251,14:40:06,11.61,-0.01,66,76626,卖盘
252,14:40:03,11.62,-0.01,1580,1836610,卖盘
253,14:40:00,11.63,--,2,2326,买盘
254,14:39:57,11.63,0.01,10,11630,买盘
255,14:39:54,11.62,-0.01,58,67396,卖盘
256,14:39:51,11.63,--,57,66291,买盘
257,14:39:48,11.63,--,9,10467,买盘
258,14:39:45,11.63,--,72,83736,买盘
259,14:39:42,11.63,--,113,131419,卖盘
260,14:39:39,11.63,-0.01,145,168635,卖盘
261,14:39:36,11.64,0.01,9,10476,买盘
262,14:39:33,11.63,0.01,22,25586,买盘
263,14:39:30,11.62,-0.01,17,19754,卖盘
264,14:39:27,11.63,0.01,17,19771,买盘
265,14:39:24,11.62,-0.01,31,36022,卖盘
266,14:39:21,11.63,--,30,34890,买盘
267,14:39:18,11.63,0.01,96,111648,买盘
268,14:39:06,11.62,-0.01,2,2324,卖盘
269,14:39:00,11.63,0.01,63,73269,买盘
270,14:38:57,11.62,--,21,24402,卖盘
271,14:38:54,11.62,-0.01,295,342790,卖盘
272,14:38:48,11.63,--,45,52335,买盘
273,14:38:42,11.63,--,41,47683,买盘
274,14:38:39,11.63,0.01,35,40705,买盘
275,14:38:33,11.62,-0.01,60,69720,卖盘
276,14:38:27,11.63,0.01,65,75595,买盘
277,14:38:24,11.62,--,16,18592,卖盘
278,14:38:21,11.62,-0.01,1,1162,卖盘
279,14:38:15,11.63,--,17,19771,买盘
280,14:38:12,11.63,0.01,11,12793,买盘
281,14:38:09,11.62,-0.01,10,11620,卖盘
282,14:38:06,11.63,0.01,49,56987,买盘
283,14:38:03,11.62,--,2,2324,卖盘
284,14:38:00,11.62,-0.01,5,5810,卖盘
285,14:37:57,11.63,--,18,20934,买盘
286,14:37:54,11.63,--,14,16282,买盘
287,14:37:51,11.63,0.01,14,16282,买盘
288,14:37:48,11.62,--,29,33698,卖盘
289,14:37:45,11.62,-0.01,36,41832,卖盘
290,14:37:42,11.63,0.01,96,111648,买盘
291,14:37:39,11.62,-0.01,15,17430,卖盘
292,14:37:36,11.63,0.01,47,54661,买盘
293,14:37:33,11.62,--,2,2324,卖盘
294,14:37:30,11.62,-0.01,1,1162,卖盘
295,14:37:27,11.63,0.01,10,11630,买盘
296,14:37:24,11.62,--,41,47642,卖盘
297,14:37:18,11.62,-0.01,2,2324,卖盘
298,14:37:15,11.63,--,10,11630,买盘
299,14:37:09,11.63,0.01,9,10467,买盘
300,14:37:06,11.62,-0.01,17,19754,卖盘
301,14:37:03,11.63,0.01,3,3489,买盘
302,14:37:00,11.62,-0.01,34,39508,卖盘
303,14:36:57,11.63,0.01,36,41868,买盘
304,14:36:48,11.62,--,12,13943,卖盘
305,14:36:45,11.62,-0.01,62,72044,卖盘
306,14:36:42,11.63,--,1,1163,买盘
307,14:36:39,11.63,0.01,91,105833,买盘
308,14:36:33,11.62,-0.01,1,1162,卖盘
309,14:36:30,11.63,0.01,15,17445,买盘
310,14:36:27,11.62,--,6,6971,卖盘
311,14:36:21,11.62,--,49,56937,卖盘
312,14:36:15,11.62,-0.01,21,24402,卖盘
313,14:36:12,11.63,0.01,17,19771,买盘
314,14:36:06,11.62,-0.01,10,11620,卖盘
315,14:36:03,11.63,0.01,10,11630,买盘
316,14:36:00,11.62,--,73,84826,卖盘
317,14:35:57,11.62,-0.01,6,6971,卖盘
318,14:35:54,11.63,0.01,81,94203,买盘
319,14:35:51,11.62,--,91,105742,卖盘
320,14:35:48,11.62,--,3,3950,卖盘
321,14:35:45,11.62,--,9,10458,卖盘
322,14:35:39,11.62,--,62,72044,卖盘
323,14:35:33,11.62,-0.01,234,271908,卖盘
324,14:35:30,11.63,0.01,270,314010,买盘
325,14:35:27,11.62,--,117,135954,卖盘
326,14:35:18,11.62,--,192,223103,卖盘
327,14:35:12,11.62,--,2,2324,卖盘
328,14:35:06,11.62,--,7,8133,卖盘
329,14:35:03,11.62,--,2,2324,卖盘
330,14:35:00,11.62,-0.01,160,185920,卖盘
331,14:34:57,11.63,--,14,16282,买盘
332,14:34:54,11.63,0.01,27,31401,买盘
333,14:34:51,11.62,--,59,68558,卖盘
334,14:34:48,11.62,--,25,29049,卖盘
335,14:34:45,11.62,--,3,3485,卖盘
336,14:34:42,11.62,--,197,228913,卖盘
337,14:34:39,11.62,-0.01,9,10458,卖盘
338,14:34:36,11.63,0.01,37,43031,买盘
339,14:34:33,11.62,--,50,58099,卖盘
340,14:34:30,11.62,--,66,76692,卖盘
341,14:34:27,11.62,--,2,2324,卖盘
342,14:34:21,11.62,--,66,76692,卖盘
343,14:34:18,11.62,--,17,19754,卖盘
344,14:34:15,11.62,--,7,8133,卖盘
345,14:34:12,11.62,--,10,11620,卖盘
346,14:34:09,11.62,-0.01,45,52290,卖盘
347,14:34:06,11.63,--,24,27912,买盘
348,14:34:00,11.63,--,1,1163,买盘
349,14:33:57,11.63,--,15,17445,买盘
350,14:33:54,11.63,--,24,27912,买盘
351,14:33:51,11.63,0.01,16,18608,买盘
352,14:33:48,11.62,--,17,19754,卖盘
353,14:33:45,11.62,-0.01,19,22078,卖盘
354,14:33:42,11.63,0.01,1,1163,买盘
355,14:33:39,11.62,-0.01,74,85988,卖盘
356,14:33:36,11.63,0.01,50,58150,买盘
357,14:33:33,11.62,--,18,20916,卖盘
358,14:33:30,11.62,--,76,88312,卖盘
359,14:33:27,11.62,--,2,2324,卖盘
360,14:33:24,11.62,-0.01,1,1162,卖盘
361,14:33:12,11.63,0.01,60,69780,买盘
362,14:33:06,11.62,--,7,8133,卖盘
363,14:33:03,11.62,-0.01,1,1162,卖盘
364,14:33:00,11.63,--,14,16282,买盘
365,14:32:57,11.63,0.01,10,11630,买盘
366,14:32:54,11.62,--,10,11620,卖盘
367,14:32:51,11.62,--,8,9296,卖盘
368,14:32:42,11.62,-0.01,57,66234,卖盘
369,14:32:39,11.63,--,200,232600,卖盘
370,14:32:36,11.63,-0.01,1020,1186260,卖盘
371,14:32:33,11.64,0.01,23,26772,买盘
372,14:32:30,11.63,-0.01,92,106996,卖盘
373,14:32:27,11.64,0.01,206,239784,买盘
374,14:32:24,11.63,--,9,10467,卖盘
375,14:32:21,11.63,-0.01,1,1163,卖盘
376,14:32:18,11.64,--,20,23280,买盘
377,14:32:15,11.64,--,78,90792,卖盘
378,14:32:12,11.64,-0.01,125,145500,卖盘
379,14:32:09,11.65,0.01,18,20970,买盘
380,14:32:06,11.64,-0.01,560,651840,卖盘
381,14:32:03,11.65,--,38,44270,买盘
382,14:32:00,11.65,0.01,25,29125,买盘
383,14:31:57,11.64,-0.01,58,67512,卖盘
384,14:31:54,11.65,--,217,252805,买盘
385,14:31:51,11.65,0.01,16,18640,买盘
386,14:31:48,11.64,--,2,2328,卖盘
387,14:31:45,11.64,-0.01,1,1164,卖盘
388,14:31:42,11.65,--,20,23300,买盘
389,14:31:39,11.65,--,22,25630,买盘
390,14:31:36,11.65,0.01,9,10485,买盘
391,14:31:33,11.64,-0.01,77,89628,卖盘
392,14:31:30,11.65,0.01,65,75725,买盘
393,14:31:27,11.64,--,2,2328,卖盘
394,14:31:24,11.64,--,7,8148,卖盘
395,14:31:21,11.64,--,1,1164,卖盘
396,14:31:18,11.64,-0.01,3,3492,卖盘
397,14:31:15,11.65,0.01,4,4660,买盘
398,14:31:12,11.64,--,61,71004,卖盘
399,14:31:09,11.64,--,2,2328,卖盘
400,14:31:06,11.64,--,117,136188,卖盘
401,14:31:00,11.64,--,19,22116,卖盘
402,14:30:57,11.64,--,206,239784,买盘
403,14:30:51,11.64,0.01,48,55872,买盘
404,14:30:48,11.63,--,75,87225,卖盘
405,14:30:45,11.63,-0.01,54,62802,卖盘
406,14:30:39,11.64,--,98,114072,买盘
407,14:30:36,11.64,0.01,10,11640,买盘
408,14:30:33,11.63,--,64,74432,卖盘
409,14:30:30,11.63,-0.01,5,5815,卖盘
410,14:30:27,11.64,--,47,54708,买盘
411,14:30:24,11.64,--,64,74496,买盘
412,14:30:18,11.64,--,116,135024,买盘
413,14:30:15,11.64,--,112,130368,买盘
414,14:30:12,11.64,--,42,48888,买盘
415,14:30:09,11.64,0.01,1,1164,买盘
416,14:30:06,11.63,-0.01,43,50009,卖盘
417,14:30:03,11.64,--,97,112908,买盘
418,14:29:57,11.64,0.01,325,378300,买盘
419,14:29:54,11.63,-0.01,1,1163,卖盘
420,14:29:51,11.64,--,168,195552,买盘
421,14:29:48,11.64,0.01,160,186240,买盘
422,14:29:45,11.63,-0.01,598,695474,卖盘
423,14:29:39,11.64,0.01,361,420204,买盘
424,14:29:36,11.63,--,2,2326,卖盘
425,14:29:33,11.63,-0.01,60,69780,卖盘
426,14:29:30,11.64,--,7,8148,买盘
427,14:29:27,11.64,0.01,224,260736,买盘
428,14:29:24,11.63,-0.01,2,2326,卖盘
429,14:29:21,11.64,--,56,65184,买盘
430,14:29:18,11.64,0.01,160,186240,买盘
431,14:29:15,11.63,--,5,5815,卖盘
432,14:29:12,11.63,-0.01,11,12793,卖盘
433,14:29:09,11.64,--,5,5820,买盘
434,14:29:06,11.64,--,368,428352,买盘
435,14:29:03,11.64,0.01,22,25608,买盘
436,14:29:00,11.63,--,20,23260,卖盘
437,14:28:57,11.63,--,65,75595,卖盘
438,14:28:54,11.63,--,13,15119,卖盘
439,14:28:51,11.63,--,3,3489,卖盘
440,14:28:48,11.63,--,33,38379,卖盘
441,14:28:45,11.63,--,1,1163,卖盘
442,14:28:42,11.63,--,2,2326,卖盘
443,14:28:39,11.63,--,310,360530,卖盘
444,14:28:36,11.63,--,5,5815,卖盘
445,14:28:33,11.63,--,3,3489,卖盘
446,14:28:30,11.63,--,1,1163,卖盘
447,14:28:27,11.63,-0.01,3,3489,卖盘
448,14:28:24,11.64,--,39,45396,买盘
449,14:28:21,11.64,0.01,15,17460,买盘
450,14:28:12,11.63,-0.01,45,52335,卖盘
451,14:28:09,11.64,--,5,5820,买盘
452,14:28:06,11.64,0.01,25,29100,买盘
453,14:28:03,11.63,-0.01,2,2326,卖盘
454,14:27:54,11.64,0.01,19,22116,买盘
455,14:27:51,11.63,--,5,5815,卖盘
456,14:27:48,11.63,--,18,20934,卖盘
457,14:27:39,11.63,-0.01,8,9304,卖盘
458,14:27:36,11.64,0.01,3,3492,买盘
459,14:27:27,11.63,-0.01,42,48846,卖盘
460,14:27:24,11.64,--,8,9312,买盘
461,14:27:21,11.64,--,37,43068,买盘
462,14:27:15,11.64,--,132,153648,买盘
463,14:27:12,11.64,0.01,20,23280,买盘
464,14:27:09,11.63,-0.01,24,27912,卖盘
465,14:27:06,11.64,0.01,24,27936,买盘
466,14:27:03,11.63,--,19,22097,卖盘
467,14:27:00,11.63,--,13,15119,卖盘
468,14:26:57,11.63,--,322,374486,卖盘
469,14:26:54,11.63,--,67,77921,卖盘
470,14:26:51,11.63,--,457,531491,卖盘
471,14:26:48,11.63,--,10,11630,卖盘
472,14:26:45,11.63,--,1,1163,卖盘
473,14:26:39,11.63,--,30,34890,卖盘
474,14:26:36,11.63,--,2,2326,卖盘
475,14:26:33,11.63,--,1,1163,卖盘
476,14:26:30,11.63,--,8,9304,卖盘
477,14:26:27,11.63,-0.01,4,4652,卖盘
478,14:26:24,11.64,0.01,130,151320,买盘
479,14:26:18,11.63,--,30,34890,卖盘
480,14:26:12,11.63,--,14,16282,卖盘
481,14:26:09,11.63,--,91,105833,卖盘
482,14:26:06,11.63,-0.01,51,59313,卖盘
483,14:26:00,11.64,--,22,25608,买盘
484,14:25:57,11.64,0.01,60,69840,买盘
485,14:25:54,11.63,--,2,2326,卖盘
486,14:25:51,11.63,--,1,1163,卖盘
487,14:25:48,11.63,--,7,8141,买盘
488,14:25:45,11.63,--,6,6978,买盘
489,14:25:42,11.63,--,310,360530,买盘
490,14:25:33,11.63,0.01,45,52335,买盘
491,14:25:30,11.62,--,120,139440,卖盘
492,14:25:27,11.62,--,79,91798,卖盘
493,14:25:21,11.62,--,34,39508,卖盘
494,14:25:18,11.62,--,128,148736,卖盘
495,14:25:15,11.62,-0.01,130,151060,卖盘
496,14:25:09,11.63,--,5,5815,买盘
497,14:25:06,11.63,0.01,85,98855,买盘
498,14:25:03,11.62,-0.01,10,11620,卖盘
499,14:24:54,11.63,--,107,124441,买盘
500,14:24:51,11.63,--,26,30238,买盘
501,14:24:48,11.63,0.01,21,24423,买盘
502,14:24:45,11.62,--,1,1162,卖盘
503,14:24:42,11.62,-0.01,32,37184,卖盘
504,14:24:39,11.63,0.01,33,38379,买盘
505,14:24:36,11.62,-0.01,10,11620,卖盘
506,14:24:24,11.63,0.01,9,10467,买盘
507,14:24:21,11.62,--,11,12782,卖盘
508,14:24:18,11.62,-0.01,36,41832,卖盘
509,14:24:15,11.63,--,11,12793,买盘
510,14:24:12,11.63,--,42,48846,买盘
511,14:24:09,11.63,0.01,10,11630,买盘
512,14:24:06,11.62,--,29,33698,卖盘
513,14:24:03,11.62,--,57,66234,卖盘
514,14:24:00,11.62,--,11,12782,卖盘
515,14:23:57,11.62,-0.01,406,471818,卖盘
516,14:23:54,11.63,--,4,4652,买盘
517,14:23:51,11.63,--,41,47683,买盘
518,14:23:45,11.63,--,34,39542,买盘
519,14:23:39,11.63,0.01,26,30238,买盘
520,14:23:36,11.62,-0.01,22,25564,卖盘
521,14:23:33,11.63,0.01,5,5815,买盘
522,14:23:30,11.62,-0.01,54,62747,卖盘
523,14:23:27,11.63,--,43,50009,买盘
524,14:23:24,11.63,0.01,5,5815,买盘
525,14:23:21,11.62,-0.01,2,2324,卖盘
526,14:23:18,11.63,--,3,3489,买盘
527,14:23:12,11.63,--,60,69780,买盘
528,14:23:09,11.63,--,20,23260,买盘
529,14:23:06,11.63,--,11,12793,买盘
530,14:23:03,11.63,--,5,5815,买盘
531,14:23:00,11.63,--,75,87225,买盘
532,14:22:57,11.63,--,12,13956,买盘
533,14:22:54,11.63,--,128,148864,买盘
534,14:22:51,11.63,--,897,1043211,卖盘
535,14:22:45,11.63,--,81,94203,卖盘
536,14:22:39,11.63,--,1,1163,卖盘
537,14:22:33,11.63,--,58,68384,买盘
538,14:22:30,11.63,--,2,2326,买盘
539,14:22:27,11.63,--,33,38379,买盘
540,14:22:24,11.63,0.01,22,25586,买盘
541,14:22:21,11.62,--,66,76692,卖盘
542,14:22:15,11.62,-0.01,600,697200,卖盘
543,14:22:12,11.63,0.01,15,17445,买盘
544,14:22:06,11.62,--,11,12782,卖盘
545,14:22:03,11.62,--,128,148736,卖盘
546,14:21:57,11.62,-0.01,20,23240,卖盘
547,14:21:54,11.63,--,9,10467,买盘
548,14:21:51,11.63,--,15,17445,买盘
549,14:21:48,11.63,0.01,183,212829,买盘
550,14:21:45,11.62,--,11,12782,卖盘
551,14:21:42,11.62,-0.01,33,38346,卖盘
552,14:21:39,11.63,--,7,8141,买盘
553,14:21:36,11.63,0.01,16,18608,买盘
554,14:21:33,11.62,-0.01,50,58099,卖盘
555,14:21:27,11.63,0.01,67,77921,买盘
556,14:21:24,11.62,--,1,1162,卖盘
557,14:21:21,11.62,--,1,1162,卖盘
558,14:21:18,11.62,-0.01,5,5810,卖盘
559,14:21:15,11.63,0.01,7,8141,买盘
560,14:21:12,11.62,-0.01,10,11620,卖盘
561,14:21:06,11.63,0.01,3,3489,买盘
562,14:21:03,11.62,--,10,11620,卖盘
563,14:21:00,11.62,--,60,69720,卖盘
564,14:20:57,11.62,--,10,11620,卖盘
565,14:20:48,11.62,--,1,1162,卖盘
566,14:20:45,11.62,0.01,124,144088,买盘
567,14:20:42,11.61,--,4,4644,卖盘
568,14:20:39,11.61,-0.01,8,9288,卖盘
569,14:20:30,11.62,--,107,124333,买盘
570,14:20:27,11.62,0.01,46,53452,买盘
571,14:20:24,11.61,--,1,1161,卖盘
572,14:20:15,11.61,-0.01,82,95202,卖盘
573,14:20:09,11.62,0.01,122,141764,买盘
574,14:20:06,11.61,--,19,22059,卖盘
575,14:19:54,11.61,-0.01,30,34830,卖盘
576,14:19:51,11.62,--,1,1162,买盘
577,14:19:48,11.62,--,56,65071,买盘
578,14:19:45,11.62,0.01,65,75530,买盘
579,14:19:39,11.61,-0.01,2,2322,卖盘
580,14:19:36,11.62,--,13,15105,买盘
581,14:19:27,11.62,0.01,7,8133,买盘
582,14:19:24,11.61,-0.01,32,37152,卖盘
583,14:19:18,11.62,-0.01,10,11620,中性盘
584,14:19:15,11.63,0.01,3,3489,买盘
585,14:19:12,11.62,0.01,9,10458,买盘
586,14:19:06,11.61,-0.01,21,24381,卖盘
587,14:19:03,11.62,--,352,409024,卖盘
588,14:18:57,11.62,-0.01,3,3485,卖盘
589,14:18:48,11.63,--,2,2326,买盘
590,14:18:45,11.63,--,101,117463,买盘
591,14:18:42,11.63,0.01,26,30238,买盘
592,14:18:39,11.62,--,20,23240,卖盘
593,14:18:33,11.62,--,32,37184,卖盘
594,14:18:30,11.62,--,20,23240,卖盘
595,14:18:27,11.62,--,2,2324,卖盘
596,14:18:24,11.62,--,4,4648,卖盘
597,14:18:21,11.62,--,13,15105,卖盘
598,14:18:18,11.62,-0.01,46,53452,卖盘
599,14:18:15,11.63,0.01,50,58150,买盘
600,14:18:12,11.62,-0.01,15,17430,卖盘
601,14:18:09,11.63,0.01,5,5815,买盘
602,14:18:06,11.62,--,21,24402,卖盘
603,14:18:00,11.62,--,4,4648,卖盘
604,14:17:57,11.62,--,10,11620,卖盘
605,14:17:51,11.62,-0.01,11,12782,卖盘
606,14:17:48,11.63,0.01,15,17445,买盘
607,14:17:39,11.62,--,16,18592,卖盘
608,14:17:36,11.62,--,10,11620,卖盘
609,14:17:27,11.62,--,15,17430,卖盘
610,14:17:24,11.62,--,87,101094,买盘
611,14:17:21,11.62,--,10,11620,买盘
612,14:17:18,11.62,0.01,23,26726,买盘
613,14:17:15,11.61,-0.01,1,1161,卖盘
614,14:17:12,11.62,--,32,37184,卖盘
615,14:17:09,11.62,--,2,2324,买盘
616,14:17:06,11.62,-0.01,1,1162,中性盘
617,14:17:00,11.63,0.02,73,84899,买盘
618,14:16:57,11.61,-0.01,3,3483,卖盘
619,14:16:51,11.62,--,14,16267,买盘
620,14:16:48,11.62,0.01,23,26726,买盘
621,14:16:45,11.61,-0.01,5,6037,卖盘
622,14:16:42,11.62,--,3,3485,卖盘
623,14:16:39,11.62,-0.01,158,183596,卖盘
624,14:16:36,11.63,0.01,61,70943,买盘
625,14:16:30,11.62,--,29,33698,卖盘
626,14:16:18,11.62,-0.01,25,29049,卖盘
627,14:16:12,11.63,0.01,79,91877,买盘
628,14:16:09,11.62,-0.01,50,58099,卖盘
629,14:16:06,11.63,--,31,36053,买盘
630,14:16:00,11.63,0.01,8,9304,买盘
631,14:15:57,11.62,--,14,16267,卖盘
632,14:15:54,11.62,-0.01,56,65071,卖盘
633,14:15:45,11.63,0.01,120,139560,买盘
634,14:15:39,11.62,--,18,20916,卖盘
635,14:15:36,11.62,-0.01,30,34860,卖盘
636,14:15:27,11.63,0.01,23,27679,买盘
637,14:15:24,11.62,--,49,57170,卖盘
638,14:15:21,11.62,--,24,27887,卖盘
639,14:15:15,11.62,--,4,4648,卖盘
640,14:15:09,11.62,0.01,43,50895,买盘
641,14:15:06,11.61,-0.01,9,10449,卖盘
642,14:15:03,11.62,--,2,2324,买盘
643,14:14:57,11.62,--,34,39508,买盘
644,14:14:54,11.62,--,7,8133,买盘
645,14:14:51,11.62,0.01,187,217293,买盘
646,14:14:48,11.61,--,3,3483,卖盘
647,14:14:45,11.61,--,88,102168,买盘
648,14:14:42,11.61,0.01,18,20898,买盘
649,14:14:39,11.6,-0.01,235,272600,卖盘
650,14:14:36,11.61,--,51,59211,买盘
651,14:14:33,11.61,--,47,54567,买盘
652,14:14:30,11.61,--,9,10449,买盘
653,14:14:27,11.61,0.01,7,8127,买盘
654,14:14:24,11.6,-0.01,28,32480,卖盘
655,14:14:15,11.61,--,1,1161,买盘
656,14:14:12,11.61,--,80,92880,买盘
657,14:14:09,11.61,0.01,5,5805,买盘
658,14:13:51,11.6,-0.01,15,17400,卖盘
659,14:13:48,11.61,0.01,61,70821,买盘
660,14:13:45,11.6,--,69,80040,卖盘
661,14:13:39,11.6,-0.01,1,1160,卖盘
662,14:13:36,11.61,0.01,110,127710,买盘
663,14:13:33,11.6,--,25,29000,卖盘
664,14:13:27,11.6,--,3,3480,卖盘
665,14:13:24,11.6,-0.01,14,16240,卖盘
666,14:13:15,11.61,0.01,64,74304,买盘
667,14:13:12,11.6,--,18,20880,卖盘
668,14:13:06,11.6,-0.01,1,1160,卖盘
669,14:13:03,11.61,--,1,1161,买盘
670,14:13:00,11.61,0.01,5,5805,买盘
671,14:12:57,11.6,-0.01,60,69600,卖盘
672,14:12:54,11.61,--,1,1161,买盘
673,14:12:51,11.61,0.01,301,349461,买盘
674,14:12:27,11.6,--,11,12760,卖盘
675,14:12:21,11.6,-0.01,7,8120,卖盘
676,14:12:18,11.61,--,77,89397,买盘
677,14:12:12,11.61,0.01,1,1161,买盘
678,14:12:09,11.6,--,180,208800,买盘
679,14:12:06,11.6,0.01,30,34800,买盘
680,14:12:03,11.59,-0.01,50,57950,卖盘
681,14:12:00,11.6,--,10,11600,买盘
682,14:11:57,11.6,--,214,248240,买盘
683,14:11:54,11.6,--,339,393240,买盘
684,14:11:48,11.6,0.01,21,24360,买盘
685,14:11:45,11.59,--,1,1159,卖盘
686,14:11:42,11.59,-0.01,81,93879,卖盘
687,14:11:36,11.6,0.01,50,58000,买盘
688,14:11:33,11.59,--,30,34770,卖盘
689,14:11:24,11.59,-0.01,62,71858,卖盘
690,14:11:21,11.6,--,3,3480,买盘
691,14:11:18,11.6,--,1,1160,买盘
692,14:11:12,11.6,--,12,13920,买盘
693,14:11:09,11.6,0.01,1,1160,中性盘
694,14:11:06,11.59,-0.02,1,1159,卖盘
695,14:11:03,11.61,0.02,48,55728,买盘
696,14:10:57,11.59,-0.01,18,20862,卖盘
697,14:10:54,11.6,--,48,55680,买盘
698,14:10:51,11.6,--,80,92800,买盘
699,14:10:48,11.6,--,100,116000,买盘
700,14:10:45,11.6,--,144,167040,买盘
701,14:10:42,11.6,--,23,26680,买盘
702,14:10:39,11.6,--,66,76560,买盘
703,14:10:36,11.6,--,55,63800,买盘
704,14:10:30,11.6,--,5,5800,买盘
705,14:10:27,11.6,--,4,4640,买盘
706,14:10:09,11.6,--,20,23200,买盘
707,14:10:06,11.6,--,2,2320,买盘
708,14:10:00,11.6,0.01,1,1160,买盘
709,14:09:51,11.59,-0.01,57,66063,卖盘
710,14:09:48,11.6,--,623,722680,卖盘
711,14:09:45,11.6,-0.01,1,1160,卖盘
712,14:09:42,11.61,--,22,25542,买盘
713,14:09:39,11.61,--,1,1161,买盘
714,14:09:36,11.61,--,45,52245,买盘
715,14:09:33,11.61,--,16,18576,卖盘
716,14:09:27,11.61,--,35,40635,买盘
717,14:09:24,11.61,--,5,5805,买盘
718,14:09:09,11.61,0.01,8,9288,买盘
719,14:09:06,11.6,--,1,1160,卖盘
720,14:08:57,11.6,-0.01,32,37120,卖盘
721,14:08:54,11.61,0.01,145,168345,买盘
722,14:08:51,11.6,-0.01,53,61480,卖盘
723,14:08:45,11.61,0.01,10,11610,买盘
724,14:08:42,11.6,-0.01,2,2320,卖盘
725,14:08:39,11.61,0.01,22,25542,买盘
726,14:08:33,11.6,-0.01,66,76560,卖盘
727,14:08:30,11.61,0.01,37,42957,买盘
728,14:08:27,11.6,-0.01,711,824760,卖盘
729,14:08:21,11.61,0.01,7,8127,买盘
730,14:08:12,11.6,-0.01,13,15080,卖盘
731,14:08:09,11.61,--,565,655965,买盘
732,14:08:03,11.61,0.01,1,1161,买盘
733,14:07:45,11.6,--,33,38280,卖盘
734,14:07:42,11.6,--,4,4640,卖盘
735,14:07:39,11.6,-0.01,92,106720,卖盘
736,14:07:36,11.61,--,3,3483,买盘
737,14:07:12,11.61,0.01,1,1161,买盘
738,14:07:06,11.6,--,88,102080,买盘
739,14:07:03,11.6,0.01,61,70760,买盘
740,14:07:00,11.59,-0.01,5,5795,卖盘
741,14:06:57,11.6,--,65,75400,买盘
742,14:06:54,11.6,--,113,131080,买盘
743,14:06:51,11.6,--,1,1160,买盘
744,14:06:48,11.6,--,111,128760,买盘
745,14:06:42,11.6,0.01,1,1160,买盘
746,14:06:39,11.59,-0.01,2,2318,卖盘
747,14:06:33,11.6,--,10,11600,买盘
748,14:06:30,11.6,--,119,138040,买盘
749,14:06:27,11.6,--,2,2320,买盘
750,14:06:24,11.6,0.01,20,23200,买盘
751,14:06:21,11.59,-0.01,12,13908,卖盘
752,14:06:18,11.6,--,4,4640,买盘
753,14:06:15,11.6,0.01,46,53360,买盘
754,14:06:12,11.59,--,11,12749,卖盘
755,14:06:09,11.59,-0.01,2,2318,卖盘
756,14:06:06,11.6,0.01,1,1160,买盘
757,14:06:03,11.59,--,22,25498,卖盘
758,14:06:00,11.59,-0.01,201,232959,卖盘
759,14:05:57,11.6,0.01,248,287680,买盘
760,14:05:51,11.59,-0.01,14,16226,卖盘
761,14:05:48,11.6,0.01,1,1160,买盘
762,14:05:45,11.59,--,1,1159,卖盘
763,14:05:42,11.59,--,2,2318,卖盘
764,14:05:39,11.59,--,2,2318,卖盘
765,14:05:30,11.59,-0.01,10,11590,卖盘
766,14:05:21,11.6,0.01,1,1160,买盘
767,14:05:15,11.59,--,100,115900,卖盘
768,14:05:12,11.59,-0.01,26,30134,卖盘
769,14:05:09,11.6,0.01,1,1160,买盘
770,14:05:06,11.59,--,16,18544,卖盘
771,14:05:03,11.59,-0.01,11,12749,卖盘
772,14:04:57,11.6,0.01,18,20880,买盘
773,14:04:54,11.59,--,1,1159,卖盘
774,14:04:48,11.59,-0.01,1,1159,卖盘
775,14:04:45,11.6,0.01,13,15091,买盘
776,14:04:42,11.59,-0.01,143,166467,卖盘
777,14:04:39,11.6,--,6,6960,买盘
778,14:04:36,11.6,--,128,148480,买盘
779,14:04:27,11.6,0.01,2,2320,买盘
780,14:04:21,11.59,--,7,8113,卖盘
781,14:04:18,11.59,-0.01,11,12749,卖盘
782,14:04:12,11.6,--,4,4640,买盘
783,14:04:06,11.6,0.01,195,226200,买盘
784,14:04:00,11.59,--,15,17385,卖盘
785,14:03:57,11.59,--,2,2318,卖盘
786,14:03:45,11.59,--,5,6223,卖盘
787,14:03:42,11.59,--,1,1159,卖盘
788,14:03:39,11.59,0.01,12,13908,买盘
789,14:03:36,11.58,-0.01,2,2316,卖盘
790,14:03:33,11.59,--,30,34770,买盘
791,14:03:30,11.59,--,21,24339,买盘
792,14:03:24,11.59,--,5,5795,买盘
793,14:03:21,11.59,0.01,31,35929,买盘
794,14:03:18,11.58,--,3,3474,卖盘
795,14:03:15,11.58,-0.01,40,46320,卖盘
796,14:03:12,11.59,0.01,8,9272,买盘
797,14:03:09,11.58,--,4,4632,卖盘
798,14:03:06,11.58,-0.01,10,11580,卖盘
799,14:03:03,11.59,0.01,5,5795,买盘
800,14:02:57,11.58,--,15,17370,卖盘
801,14:02:54,11.58,--,18,20844,卖盘
802,14:02:51,11.58,-0.01,4,4632,卖盘
803,14:02:48,11.59,--,83,96197,买盘
804,14:02:45,11.59,0.01,5,6235,买盘
805,14:02:42,11.58,--,4,4632,卖盘
806,14:02:39,11.58,-0.01,2,2316,卖盘
807,14:02:36,11.59,0.01,34,39406,买盘
808,14:02:27,11.58,-0.01,90,104220,卖盘
809,14:02:24,11.59,--,236,273524,买盘
810,14:02:21,11.59,--,166,192394,卖盘
811,14:02:18,11.59,--,2,2318,卖盘
812,14:02:15,11.59,-0.01,13,15067,卖盘
813,14:02:06,11.6,--,1,1160,买盘
814,14:02:03,11.6,--,605,701800,买盘
815,14:02:00,11.6,0.01,3,3480,买盘
816,14:01:51,11.59,--,14,16226,卖盘
817,14:01:45,11.59,--,5,6212,卖盘
818,14:01:39,11.59,-0.01,2,2318,卖盘
819,14:01:36,11.6,0.01,1,1160,买盘
820,14:01:33,11.59,-0.01,2,2318,卖盘
821,14:01:24,11.6,0.01,1,1160,买盘
822,14:01:21,11.59,--,140,162712,买盘
823,14:01:18,11.59,0.01,552,639768,买盘
824,14:01:15,11.58,-0.01,32,37056,卖盘
825,14:01:06,11.59,--,5,5795,买盘
826,14:01:03,11.59,0.01,6,6954,买盘
827,14:00:57,11.58,-0.01,6,6948,卖盘
828,14:00:54,11.59,0.01,8,9272,买盘
829,14:00:48,11.58,--,4,5072,卖盘
830,14:00:45,11.58,-0.01,36,41688,卖盘
831,14:00:42,11.59,0.01,16,18544,买盘
832,14:00:39,11.58,--,2,2316,卖盘
833,14:00:33,11.58,--,31,35898,卖盘
834,14:00:30,11.58,--,1,1158,卖盘
835,14:00:27,11.58,--,7,8106,卖盘
836,14:00:24,11.58,-0.01,52,60216,卖盘
837,14:00:15,11.59,--,20,23180,买盘
838,14:00:12,11.59,0.01,41,47519,买盘
839,14:00:09,11.58,-0.01,6,6948,卖盘
840,14:00:06,11.59,--,1,1159,买盘
841,14:00:00,11.59,--,10,11590,买盘
842,13:59:57,11.59,--,28,32486,卖盘
843,13:59:54,11.59,--,5,5795,卖盘
844,13:59:48,11.59,--,36,42152,卖盘
845,13:59:45,11.59,--,1,1159,卖盘
846,13:59:42,11.59,-0.01,12,13908,卖盘
847,13:59:39,11.6,0.01,8,9280,买盘
848,13:59:30,11.59,0.01,16,19239,买盘
849,13:59:27,11.58,--,3,3474,卖盘
850,13:59:21,11.58,-0.01,66,76428,卖盘
851,13:59:18,11.59,-0.01,1396,1618427,卖盘
852,13:59:12,11.6,--,92,106720,买盘
853,13:59:09,11.6,0.01,5,5800,买盘
854,13:59:06,11.59,--,1,1159,卖盘
855,13:58:57,11.59,--,6,6954,卖盘
856,13:58:54,11.59,--,97,112423,卖盘
857,13:58:51,11.59,-0.01,23,27085,卖盘
858,13:58:48,11.6,0.01,4,4640,买盘
859,13:58:45,11.59,-0.01,61,70699,卖盘
860,13:58:39,11.6,--,22,25520,买盘
861,13:58:36,11.6,--,27,31320,中性盘
862,13:58:33,11.6,--,94,109040,买盘
863,13:58:30,11.6,0.01,3,3480,买盘
864,13:58:27,11.59,--,1,1159,卖盘
865,13:58:24,11.59,-0.01,3,3477,卖盘
866,13:58:21,11.6,--,7,8120,买盘
867,13:58:18,11.6,--,1,1160,买盘
868,13:58:15,11.6,--,96,111360,买盘
869,13:58:12,11.6,--,10,11600,买盘
870,13:58:09,11.6,0.01,20,23200,买盘
871,13:58:06,11.59,-0.01,10,11590,卖盘
872,13:58:03,11.6,0.01,375,435000,卖盘
873,13:57:57,11.59,-0.01,27,32150,卖盘
874,13:57:51,11.6,0.01,98,113680,买盘
875,13:57:45,11.59,-0.01,12,14348,卖盘
876,13:57:42,11.6,--,339,393240,买盘
877,13:57:39,11.6,0.01,104,120640,买盘
878,13:57:30,11.59,--,100,115900,卖盘
879,13:57:27,11.59,--,2,2318,卖盘
880,13:57:24,11.59,--,10,11590,卖盘
881,13:57:21,11.59,--,1,1159,卖盘
882,13:57:18,11.59,--,10,11590,卖盘
883,13:57:15,11.59,--,31,35929,卖盘
884,13:57:12,11.59,--,9,10431,卖盘
885,13:57:06,11.59,-0.01,14,16226,卖盘
886,13:57:03,11.6,0.01,60,69600,买盘
887,13:57:00,11.59,--,10,11590,卖盘
888,13:56:57,11.59,--,7,8113,卖盘
889,13:56:54,11.59,-0.01,30,34770,卖盘
890,13:56:51,11.6,--,30,34800,买盘
891,13:56:48,11.6,--,93,108309,买盘
892,13:56:45,11.6,0.01,28,32480,买盘
893,13:56:39,11.59,-0.01,2,2318,卖盘
894,13:56:36,11.6,--,10,11600,买盘
895,13:56:27,11.6,0.01,4,4640,买盘
896,13:56:24,11.59,--,3,3477,卖盘
897,13:56:21,11.59,--,45,52155,卖盘
898,13:56:18,11.59,--,9,10431,卖盘
899,13:56:09,11.59,--,1,1159,卖盘
900,13:56:06,11.59,--,8,9272,卖盘
901,13:56:00,11.59,-0.01,4,4636,卖盘
902,13:55:57,11.6,0.01,94,109898,买盘
903,13:55:54,11.59,--,1,1159,买盘
904,13:55:51,11.59,--,89,103151,买盘
905,13:55:48,11.59,-0.01,408,473602,卖盘
906,13:55:42,11.6,--,22,25520,买盘
907,13:55:39,11.6,0.01,31,35960,买盘
908,13:55:33,11.59,--,12,13908,卖盘
909,13:55:30,11.59,-0.01,9,10431,卖盘
910,13:55:27,11.6,0.01,6,6960,买盘
911,13:55:21,11.59,--,3,3477,卖盘
912,13:55:18,11.59,--,12,13908,卖盘
913,13:55:15,11.59,-0.01,2,2318,卖盘
914,13:55:12,11.6,0.01,30,34800,买盘
915,13:55:09,11.59,--,9,10431,卖盘
916,13:55:06,11.59,--,5,5795,卖盘
917,13:55:03,11.59,--,10,11590,卖盘
918,13:55:00,11.59,--,13,15067,卖盘
919,13:54:54,11.59,--,1,1159,卖盘
920,13:54:48,11.59,--,9,10859,卖盘
921,13:54:45,11.59,--,1,1159,卖盘
922,13:54:39,11.59,-0.01,2,2318,卖盘
923,13:54:33,11.6,0.01,3,3480,买盘
924,13:54:30,11.59,--,30,34770,卖盘
925,13:54:27,11.59,--,3,3477,卖盘
926,13:54:24,11.59,-0.01,11,12749,卖盘
927,13:54:18,11.6,0.01,9,10440,买盘
928,13:54:15,11.59,-0.01,9,10431,卖盘
929,13:54:09,11.6,0.01,40,46400,买盘
930,13:54:06,11.59,0.01,22,25498,中性盘
931,13:54:00,11.58,-0.01,181,209598,卖盘
932,13:53:57,11.59,--,5,5795,卖盘
933,13:53:54,11.59,--,8,9272,卖盘
934,13:53:48,11.59,--,28,32452,卖盘
935,13:53:45,11.59,--,4,5064,卖盘
936,13:53:42,11.59,--,96,111264,买盘
937,13:53:39,11.59,--,19,22021,买盘
938,13:53:36,11.59,0.01,106,122854,买盘
939,13:53:33,11.58,-0.01,9,10422,卖盘
940,13:53:30,11.59,0.01,20,23180,买盘
941,13:53:27,11.58,--,24,27792,卖盘
942,13:53:24,11.58,-0.01,25,28950,卖盘
943,13:53:21,11.59,--,15,17385,买盘
944,13:53:18,11.59,--,95,110105,买盘
945,13:53:15,11.59,--,9,10431,买盘
946,13:53:12,11.59,--,3,3477,买盘
947,13:53:09,11.59,--,41,47519,买盘
948,13:53:06,11.59,--,116,134444,买盘
949,13:53:03,11.59,--,2,2318,买盘
950,13:53:00,11.59,--,29,33611,买盘
951,13:52:48,11.59,-0.01,36,41724,卖盘
952,13:52:45,11.6,--,5,5800,买盘
953,13:52:39,11.6,0.02,32,37120,买盘
954,13:52:36,11.58,-0.01,22,25476,卖盘
955,13:52:33,11.59,--,129,149511,买盘
956,13:52:30,11.59,--,70,81130,买盘
957,13:52:27,11.59,0.01,51,59109,买盘
958,13:52:24,11.58,--,112,129696,卖盘
959,13:52:21,11.58,-0.01,16,18528,卖盘
960,13:52:18,11.59,--,20,23180,买盘
961,13:52:15,11.59,--,57,66063,买盘
962,13:52:12,11.59,0.01,9,10431,买盘
963,13:52:06,11.58,--,15,17370,卖盘
964,13:52:00,11.58,-0.01,16,18528,卖盘
965,13:51:54,11.59,--,66,77224,卖盘
966,13:51:48,11.59,-0.01,4,5064,卖盘
967,13:51:45,11.6,0.01,11,12760,买盘
968,13:51:42,11.59,--,1,1159,卖盘
969,13:51:39,11.59,--,4,4636,卖盘
970,13:51:36,11.59,--,33,38247,卖盘
971,13:51:33,11.59,0.01,51,59109,买盘
972,13:51:27,11.58,--,1,1158,卖盘
973,13:51:24,11.58,-0.01,16,18528,卖盘
974,13:51:21,11.59,0.01,29,33611,买盘
975,13:51:18,11.58,-0.01,230,266340,卖盘
976,13:51:12,11.59,0.01,10,11590,买盘
977,13:51:09,11.58,-0.01,56,64848,卖盘
978,13:51:06,11.59,0.01,269,311771,买盘
979,13:51:03,11.58,--,11,12738,卖盘
980,13:51:00,11.58,--,20,23160,卖盘
981,13:50:57,11.58,--,21,24318,卖盘
982,13:50:54,11.58,-0.01,32,37056,卖盘
983,13:50:51,11.59,0.01,328,380152,买盘
984,13:50:48,11.58,--,34,39800,卖盘
985,13:50:45,11.58,-0.01,1,1158,卖盘
986,13:50:39,11.59,0.01,30,34770,买盘
987,13:50:36,11.58,-0.01,2,2316,卖盘
988,13:50:30,11.59,--,31,35929,买盘
989,13:50:27,11.59,0.01,30,34770,买盘
990,13:50:24,11.58,-0.01,24,27792,卖盘
991,13:50:18,11.59,0.01,3,3477,买盘
992,13:50:15,11.58,-0.01,16,18528,卖盘
993,13:50:09,11.59,0.01,7,8113,买盘
994,13:50:06,11.58,-0.01,1,1158,卖盘
995,13:50:03,11.59,--,10,11590,买盘
996,13:50:00,11.59,-0.01,181,209779,卖盘
997,13:49:57,11.6,0.01,1,1160,买盘
998,13:49:54,11.59,--,59,68381,卖盘
999,13:49:51,11.59,--,184,213256,买盘
1000,13:49:48,11.59,0.01,83,96197,买盘
1001,13:49:45,11.58,-0.01,77,89606,卖盘
1002,13:49:39,11.59,0.01,7,8113,买盘
1003,13:49:27,11.58,--,9,10422,卖盘
1004,13:49:24,11.58,--,4,4632,卖盘
1005,13:49:21,11.58,-0.01,3,3474,卖盘
1006,13:49:18,11.59,0.01,14,16226,买盘
1007,13:49:15,11.58,--,15,17370,卖盘
1008,13:49:12,11.58,-0.01,3,3474,卖盘
1009,13:49:03,11.59,--,7,8113,买盘
1010,13:49:00,11.59,--,1,1159,买盘
1011,13:48:57,11.59,--,229,265411,卖盘
1012,13:48:48,11.59,--,22,25498,卖盘
1013,13:48:45,11.59,-0.01,9,10431,卖盘
1014,13:48:42,11.6,--,81,93960,买盘
1015,13:48:39,11.6,0.01,9,10440,买盘
1016,13:48:36,11.59,--,275,319153,买盘
1017,13:48:33,11.59,--,256,297434,卖盘
1018,13:48:27,11.59,-0.01,3,3477,卖盘
1019,13:48:24,11.6,--,16,18560,买盘
1020,13:48:21,11.6,--,8,9280,买盘
1021,13:48:18,11.6,--,1,1160,买盘
1022,13:48:15,11.6,--,1,1160,买盘
1023,13:48:12,11.6,0.01,72,83520,买盘
1024,13:48:06,11.59,--,104,120964,买盘
1025,13:48:03,11.59,--,138,159942,买盘
1026,13:48:00,11.59,--,44,50996,买盘
1027,13:47:57,11.59,--,54,62586,买盘
1028,13:47:54,11.59,--,10,11590,买盘
1029,13:47:48,11.59,0.01,1,1159,买盘
1030,13:47:42,11.58,-0.01,26,30108,卖盘
1031,13:47:39,11.59,--,1,1159,卖盘
1032,13:47:36,11.59,--,232,268888,卖盘
1033,13:47:27,11.59,0.01,507,588053,买盘
1034,13:47:24,11.58,-0.01,3,3474,卖盘
1035,13:47:21,11.59,--,8,9272,买盘
1036,13:47:18,11.59,0.01,8,9272,买盘
1037,13:47:15,11.58,--,21,24318,卖盘
1038,13:47:12,11.58,--,8,9264,卖盘
1039,13:47:09,11.58,--,26,30108,卖盘
1040,13:47:06,11.58,--,63,73648,卖盘
1041,13:47:03,11.58,-0.01,6,6948,卖盘
1042,13:47:00,11.59,--,4,4636,买盘
1043,13:46:51,11.59,--,8,9272,买盘
1044,13:46:48,11.59,--,48,55632,买盘
1045,13:46:45,11.59,0.01,55,64185,买盘
1046,13:46:39,11.58,--,239,276762,卖盘
1047,13:46:36,11.58,-0.01,2,2316,卖盘
1048,13:46:33,11.59,--,2,2318,买盘
1049,13:46:27,11.59,0.01,71,82289,买盘
1050,13:46:24,11.58,-0.01,9,10422,卖盘
1051,13:46:18,11.59,0.01,1,1159,买盘
1052,13:46:15,11.58,-0.01,33,38214,卖盘
1053,13:46:12,11.59,--,18,20862,买盘
1054,13:46:09,11.59,0.01,103,119377,买盘
1055,13:46:06,11.58,-0.01,7,8106,卖盘
1056,13:46:03,11.59,0.01,17,19703,买盘
1057,13:46:00,11.58,--,47,54426,卖盘
1058,13:45:57,11.58,-0.01,67,77586,卖盘
1059,13:45:51,11.59,--,13,15067,买盘
1060,13:45:48,11.59,0.01,7,8541,买盘
1061,13:45:45,11.58,-0.01,10,11580,卖盘
1062,13:45:39,11.59,--,12,13908,买盘
1063,13:45:36,11.59,0.01,33,38247,买盘
1064,13:45:33,11.58,-0.01,7,8106,卖盘
1065,13:45:27,11.59,0.01,11,12749,买盘
1066,13:45:24,11.58,--,7,8106,卖盘
1067,13:45:18,11.58,-0.01,8,9264,卖盘
1068,13:45:15,11.59,--,65,75335,买盘
1069,13:45:12,11.59,--,20,23180,买盘
1070,13:45:09,11.59,0.01,2,2318,买盘
1071,13:45:06,11.58,--,16,18528,卖盘
1072,13:45:03,11.58,-0.01,29,33582,卖盘
1073,13:45:00,11.59,0.01,1,1159,买盘
1074,13:44:57,11.58,--,6,6948,卖盘
1075,13:44:54,11.58,-0.01,9,10422,卖盘
1076,13:44:51,11.59,--,174,202384,卖盘
1077,13:44:48,11.59,--,5,6235,卖盘
1078,13:44:45,11.59,--,144,166896,卖盘
1079,13:44:42,11.59,-0.01,5,5795,卖盘
1080,13:44:39,11.6,0.01,12,13920,买盘
1081,13:44:36,11.59,--,32,37088,卖盘
1082,13:44:27,11.59,--,15,17385,卖盘
1083,13:44:24,11.59,-0.01,21,24339,卖盘
1084,13:44:18,11.6,--,18,20880,买盘
1085,13:44:15,11.6,--,13,15080,买盘
1086,13:44:12,11.6,0.01,18,20880,买盘
1087,13:44:06,11.59,--,37,42883,卖盘
1088,13:44:00,11.59,--,8,9272,卖盘
1089,13:43:57,11.59,-0.01,39,45201,卖盘
1090,13:43:54,11.6,0.02,10,11600,买盘
1091,13:43:51,11.58,-0.01,11,12738,卖盘
1092,13:43:48,11.59,--,45,52583,卖盘
1093,13:43:45,11.59,--,14,16446,买盘
1094,13:43:39,11.59,--,38,44042,买盘
1095,13:43:36,11.59,--,41,47519,买盘
1096,13:43:30,11.59,--,20,23180,买盘
1097,13:43:27,11.59,-0.01,59,68381,卖盘
1098,13:43:24,11.6,0.01,18,20880,买盘
1099,13:43:21,11.59,--,16,18544,卖盘
1100,13:43:18,11.59,-0.01,79,91561,卖盘
1101,13:43:15,11.6,0.02,1,1160,买盘
1102,13:43:12,11.58,--,182,210756,卖盘
1103,13:43:09,11.58,-0.02,769,890502,卖盘
1104,13:43:06,11.6,--,20,23200,买盘
1105,13:43:00,11.6,--,6,6960,买盘
1106,13:42:57,11.6,--,2,2320,买盘
1107,13:42:54,11.6,--,10,11600,买盘
1108,13:42:48,11.6,0.01,2,2320,买盘
1109,13:42:45,11.59,-0.01,193,223687,卖盘
1110,13:42:42,11.6,--,65,75400,卖盘
1111,13:42:39,11.6,--,5,5800,卖盘
1112,13:42:36,11.6,--,150,174000,卖盘
1113,13:42:33,11.6,--,25,29000,卖盘
1114,13:42:30,11.6,--,14,16240,卖盘
1115,13:42:27,11.6,--,5,5800,卖盘
1116,13:42:24,11.6,--,2,2320,卖盘
1117,13:42:21,11.6,--,89,103240,卖盘
1118,13:42:18,11.6,0.02,783,908280,买盘
1119,13:42:15,11.58,-0.01,10,11580,卖盘
1120,13:42:12,11.59,-0.01,39,45201,卖盘
1121,13:42:06,11.6,0.01,37,42920,买盘
1122,13:42:03,11.59,-0.01,36,41724,卖盘
1123,13:42:00,11.6,--,11,12760,买盘
1124,13:41:57,11.6,--,38,44080,买盘
1125,13:41:54,11.6,--,18,20880,买盘
1126,13:41:51,11.6,--,12,13920,买盘
1127,13:41:48,11.6,0.01,20,23200,买盘
1128,13:41:45,11.59,-0.01,4,4636,中性盘
1129,13:41:42,11.6,--,28,32480,买盘
1130,13:41:36,11.6,--,24,27840,买盘
1131,13:41:33,11.6,0.01,18,20880,买盘
1132,13:41:30,11.59,0.01,48,55632,买盘
1133,13:41:24,11.58,-0.01,14,16212,卖盘
1134,13:41:21,11.59,--,18,20862,买盘
1135,13:41:18,11.59,--,37,42883,买盘
1136,13:41:15,11.59,0.01,131,151829,买盘
1137,13:41:12,11.58,--,33,38214,卖盘
1138,13:41:09,11.58,--,3,3474,卖盘
1139,13:41:06,11.58,-0.01,5,5790,卖盘
1140,13:41:03,11.59,0.01,10,11590,买盘
1141,13:41:00,11.58,--,2,2316,卖盘
1142,13:40:57,11.58,-0.01,6,6948,卖盘
1143,13:40:51,11.59,0.01,8,9272,买盘
1144,13:40:45,11.58,--,7,8106,卖盘
1145,13:40:42,11.58,--,2,2316,卖盘
1146,13:40:39,11.58,--,3,3474,卖盘
1147,13:40:30,11.58,--,471,545418,卖盘
1148,13:40:27,11.58,--,1,1158,卖盘
1149,13:40:24,11.58,--,3,3474,卖盘
1150,13:40:18,11.58,--,6,6948,卖盘
1151,13:40:15,11.58,-0.02,189,218862,卖盘
1152,13:40:12,11.6,0.01,7,8120,买盘
1153,13:40:09,11.59,-0.01,2400,2781600,卖盘
1154,13:40:06,11.6,--,49,56840,买盘
1155,13:40:03,11.6,0.01,4,4640,买盘
1156,13:40:00,11.59,--,2,2318,卖盘
1157,13:39:57,11.59,--,93,107787,卖盘
1158,13:39:51,11.59,-0.01,27,31293,卖盘
1159,13:39:48,11.6,0.01,28,32480,买盘
1160,13:39:45,11.59,--,1,1159,卖盘
1161,13:39:42,11.59,-0.01,1,1159,卖盘
1162,13:39:39,11.6,--,27,31320,买盘
1163,13:39:36,11.6,0.01,24,27840,买盘
1164,13:39:30,11.59,--,331,383629,卖盘
1165,13:39:27,11.59,--,12,13908,卖盘
1166,13:39:24,11.59,--,19,22021,卖盘
1167,13:39:21,11.59,--,1,1159,卖盘
1168,13:39:18,11.59,-0.01,22,25498,卖盘
1169,13:39:15,11.6,0.01,2,2320,买盘
1170,13:39:12,11.59,--,7,8113,卖盘
1171,13:39:09,11.59,--,2,2318,卖盘
1172,13:39:06,11.59,--,2,2318,卖盘
1173,13:39:03,11.59,--,4,4636,卖盘
1174,13:39:00,11.59,--,6,6954,卖盘
1175,13:38:57,11.59,--,50,57950,卖盘
1176,13:38:54,11.59,--,18,20862,卖盘
1177,13:38:51,11.59,--,1,1159,卖盘
1178,13:38:48,11.59,-0.01,7,8113,卖盘
1179,13:38:45,11.6,0.01,1,1160,买盘
1180,13:38:42,11.59,--,3,3477,卖盘
1181,13:38:39,11.59,--,6,6954,卖盘
1182,13:38:36,11.59,-0.01,19,22021,卖盘
1183,13:38:33,11.6,--,89,103240,买盘
1184,13:38:30,11.6,0.01,10,11600,买盘
1185,13:38:27,11.59,-0.01,16,18544,卖盘
1186,13:38:24,11.6,0.01,9,10440,买盘
1187,13:38:21,11.59,--,8,9272,卖盘
1188,13:38:18,11.59,-0.01,62,71858,卖盘
1189,13:38:15,11.6,0.01,12,13920,买盘
1190,13:38:09,11.59,-0.01,88,101992,卖盘
1191,13:38:06,11.6,0.01,9,10440,买盘
1192,13:38:00,11.59,--,1,1159,卖盘
1193,13:37:54,11.59,--,32,37088,卖盘
1194,13:37:51,11.59,--,5,5795,卖盘
1195,13:37:45,11.59,--,1,1159,卖盘
1196,13:37:42,11.59,-0.01,6,6954,卖盘
1197,13:37:39,11.6,0.01,20,23200,买盘
1198,13:37:36,11.59,--,1,1159,卖盘
1199,13:37:30,11.59,--,2,2318,卖盘
1200,13:37:27,11.59,-0.01,15,17385,卖盘
1201,13:37:21,11.6,0.01,5,5800,买盘
1202,13:37:18,11.59,-0.01,12,13908,卖盘
1203,13:37:15,11.6,--,8,9280,买盘
1204,13:37:09,11.6,0.01,18,20880,买盘
1205,13:37:06,11.59,--,1,1159,卖盘
1206,13:37:03,11.59,-0.01,16,18544,卖盘
1207,13:37:00,11.6,--,122,141520,买盘
1208,13:36:57,11.6,--,11,12760,买盘
1209,13:36:54,11.6,0.01,15,17400,中性盘
1210,13:36:48,11.59,--,7,8113,卖盘
1211,13:36:45,11.59,-0.01,45,52155,卖盘
1212,13:36:42,11.6,--,31,35960,卖盘
1213,13:36:39,11.6,--,2,2320,中性盘
1214,13:36:36,11.6,--,143,165880,买盘
1215,13:36:33,11.6,0.01,42,48720,买盘
1216,13:36:30,11.59,--,1,1159,卖盘
1217,13:36:27,11.59,-0.01,4,4636,卖盘
1218,13:36:24,11.6,--,29,33640,买盘
1219,13:36:15,11.6,--,1,1160,买盘
1220,13:36:12,11.6,0.01,101,117160,买盘
1221,13:36:09,11.59,-0.01,24,27816,卖盘
1222,13:36:06,11.6,0.01,10,11600,买盘
1223,13:36:03,11.59,-0.01,58,67222,卖盘
1224,13:35:57,11.6,--,773,896680,卖盘
1225,13:35:54,11.6,--,1,1160,卖盘
1226,13:35:51,11.6,-0.01,12,13920,卖盘
1227,13:35:48,11.61,0.01,6,6966,买盘
1228,13:35:45,11.6,--,1,1160,卖盘
1229,13:35:42,11.6,-0.01,26,30160,卖盘
1230,13:35:39,11.61,0.01,8,9288,买盘
1231,13:35:36,11.6,--,116,134560,卖盘
1232,13:35:30,11.6,-0.01,6,6960,卖盘
1233,13:35:27,11.61,--,27,31347,买盘
1234,13:35:24,11.61,0.01,21,24381,买盘
1235,13:35:21,11.6,--,20,23200,卖盘
1236,13:35:18,11.6,-0.01,7,8120,卖盘
1237,13:35:15,11.61,0.01,36,41796,买盘
1238,13:35:06,11.6,--,72,83520,卖盘
1239,13:35:03,11.6,--,7,8120,卖盘
1240,13:35:00,11.6,--,11,12760,卖盘
1241,13:34:51,11.6,-0.01,247,286520,卖盘
1242,13:34:42,11.61,--,65,75465,卖盘
1243,13:34:39,11.61,--,27,31347,卖盘
1244,13:34:36,11.61,-0.01,314,364554,卖盘
1245,13:34:33,11.62,0.01,53,61585,买盘
1246,13:34:27,11.61,--,65,75465,卖盘
1247,13:34:24,11.61,--,10,11610,卖盘
1248,13:34:18,11.61,-0.01,9,10449,卖盘
1249,13:34:15,11.62,0.01,1,1162,买盘
1250,13:34:12,11.61,--,17,19737,卖盘
1251,13:34:09,11.61,-0.01,2,2322,卖盘
1252,13:34:06,11.62,--,4,4648,买盘
1253,13:34:03,11.62,0.01,11,12782,买盘
1254,13:34:00,11.61,--,91,105651,卖盘
1255,13:33:57,11.61,--,50,58050,卖盘
1256,13:33:54,11.61,--,18,20898,卖盘
1257,13:33:48,11.61,--,338,392418,卖盘
1258,13:33:45,11.61,--,8,9288,卖盘
1259,13:33:42,11.61,--,2,2322,卖盘
1260,13:33:33,11.61,-0.01,42,48762,卖盘
1261,13:33:30,11.62,0.01,14,16267,买盘
1262,13:33:27,11.61,-0.01,3,3483,卖盘
1263,13:33:21,11.62,0.01,5,5810,买盘
1264,13:33:18,11.61,-0.01,7,8127,卖盘
1265,13:33:15,11.62,0.01,21,24402,买盘
1266,13:33:09,11.61,-0.01,62,71982,卖盘
1267,13:33:06,11.62,--,266,309092,买盘
1268,13:32:54,11.62,-0.01,333,386946,卖盘
1269,13:32:51,11.63,0.01,2,2326,买盘
1270,13:32:45,11.62,--,96,111551,买盘
1271,13:32:39,11.62,--,37,42994,买盘
1272,13:32:36,11.62,0.01,10,11620,买盘
1273,13:32:33,11.61,-0.01,342,397062,卖盘
1274,13:32:30,11.62,--,36,41832,买盘
1275,13:32:27,11.62,0.01,23,26726,买盘
1276,13:32:21,11.61,--,107,124227,买盘
1277,13:32:18,11.61,--,4,4644,买盘
1278,13:32:15,11.61,0.01,12,13932,买盘
1279,13:32:12,11.6,-0.01,60,69600,卖盘
1280,13:32:09,11.61,--,13,15093,买盘
1281,13:32:03,11.61,0.02,9,10449,买盘
1282,13:32:00,11.59,--,460,533140,卖盘
1283,13:31:57,11.59,-0.01,272,315248,卖盘
1284,13:31:54,11.6,--,70,81200,买盘
1285,13:31:48,11.6,0.01,623,722680,买盘
1286,13:31:45,11.59,-0.01,31,35929,卖盘
1287,13:31:39,11.6,0.01,512,593920,买盘
1288,13:31:36,11.59,-0.01,8,9272,卖盘
1289,13:31:33,11.6,0.01,12,13920,买盘
1290,13:31:27,11.59,--,9,10431,卖盘
1291,13:31:21,11.59,--,20,23180,卖盘
1292,13:31:18,11.59,--,57,66063,卖盘
1293,13:31:15,11.59,--,3,3477,卖盘
1294,13:31:12,11.59,--,70,81130,买盘
1295,13:31:09,11.59,0.01,254,294386,买盘
1296,13:31:06,11.58,-0.01,45,52110,卖盘
1297,13:31:03,11.59,0.01,212,245708,买盘
1298,13:31:00,11.58,-0.01,15,17370,卖盘
1299,13:30:57,11.59,0.01,3,3477,买盘
1300,13:30:54,11.58,-0.01,48,55584,卖盘
1301,13:30:51,11.59,--,15,17385,买盘
1302,13:30:48,11.59,--,55,63745,买盘
1303,13:30:45,11.59,--,29,33611,买盘
1304,13:30:42,11.59,--,189,219051,买盘
1305,13:30:39,11.59,--,30,34770,买盘
1306,13:30:36,11.59,--,56,64904,买盘
1307,13:30:33,11.59,0.01,59,68381,买盘
1308,13:30:30,11.58,--,7,8106,卖盘
1309,13:30:27,11.58,-0.01,1,1158,卖盘
1310,13:30:24,11.59,--,10,11590,买盘
1311,13:30:21,11.59,--,50,57950,买盘
1312,13:30:18,11.59,0.01,3,3477,买盘
1313,13:30:15,11.58,-0.01,43,49794,卖盘
1314,13:30:12,11.59,--,14,16226,买盘
1315,13:30:09,11.59,0.01,25,28975,买盘
1316,13:30:03,11.58,--,6,6948,卖盘
1317,13:30:00,11.58,--,72,83376,卖盘
1318,13:29:57,11.58,--,57,66006,卖盘
1319,13:29:54,11.58,--,18,20844,卖盘
1320,13:29:51,11.58,--,31,35898,卖盘
1321,13:29:45,11.58,-0.01,9,10422,卖盘
1322,13:29:39,11.59,0.01,10,11590,买盘
1323,13:29:36,11.58,-0.01,22,25476,卖盘
1324,13:29:33,11.59,--,169,195871,买盘
1325,13:29:27,11.59,--,6,6954,买盘
1326,13:29:24,11.59,0.01,42,48678,买盘
1327,13:29:21,11.58,-0.01,19,22002,卖盘
1328,13:29:18,11.59,--,14,16226,买盘
1329,13:29:15,11.59,--,1,1159,买盘
1330,13:29:12,11.59,--,40,46360,买盘
1331,13:29:09,11.59,0.01,45,52155,买盘
1332,13:29:06,11.58,-0.01,1,1158,卖盘
1333,13:29:03,11.59,--,19,22021,买盘
1334,13:29:00,11.59,0.01,26,30134,买盘
1335,13:28:57,11.58,-0.01,110,127380,卖盘
1336,13:28:54,11.59,0.01,14,16226,买盘
1337,13:28:45,11.58,-0.01,6,6948,卖盘
1338,13:28:42,11.59,0.01,20,23180,买盘
1339,13:28:39,11.58,-0.01,80,92640,卖盘
1340,13:28:33,11.59,0.01,16,18544,买盘
1341,13:28:30,11.58,-0.01,989,1145262,卖盘
1342,13:28:27,11.59,-0.01,1,1159,卖盘
1343,13:28:21,11.6,--,26,30160,买盘
1344,13:28:18,11.6,0.01,27,31320,买盘
1345,13:28:12,11.59,--,145,168055,买盘
1346,13:28:06,11.59,--,20,23180,买盘
1347,13:28:03,11.59,--,1,1159,买盘
1348,13:28:00,11.59,0.01,47,54473,买盘
1349,13:27:57,11.58,--,4,4632,卖盘
1350,13:27:51,11.58,-0.01,13,15054,卖盘
1351,13:27:48,11.59,0.01,37,42883,买盘
1352,13:27:45,11.58,-0.01,1,1158,卖盘
1353,13:27:42,11.59,0.01,14,16226,买盘
1354,13:27:39,11.58,-0.01,35,40530,卖盘
1355,13:27:30,11.59,0.01,29,33611,买盘
1356,13:27:27,11.58,--,6,6948,卖盘
1357,13:27:24,11.58,-0.01,12,13896,卖盘
1358,13:27:21,11.59,--,16,18544,买盘
1359,13:27:18,11.59,--,9,10431,买盘
1360,13:27:15,11.59,0.02,16,18544,买盘
1361,13:27:12,11.57,-0.02,7,8099,卖盘
1362,13:27:06,11.59,0.02,23,26657,买盘
1363,13:27:00,11.57,--,7,8099,卖盘
1364,13:26:57,11.57,-0.01,13,15041,卖盘
1365,13:26:54,11.58,--,34,39372,卖盘
1366,13:26:51,11.58,--,25,28950,买盘
1367,13:26:48,11.58,--,20,23160,买盘
1368,13:26:42,11.58,--,6,6948,买盘
1369,13:26:36,11.58,0.01,111,128538,买盘
1370,13:26:33,11.57,--,7,8099,卖盘
1371,13:26:30,11.57,--,2,2314,卖盘
1372,13:26:27,11.57,--,278,322166,买盘
1373,13:26:24,11.57,--,51,59007,买盘
1374,13:26:21,11.57,--,130,150410,买盘
1375,13:26:18,11.57,--,34,39338,买盘
1376,13:26:15,11.57,--,301,348257,买盘
1377,13:26:09,11.57,0.01,10,11570,买盘
1378,13:26:06,11.56,--,6,6936,卖盘
1379,13:26:03,11.56,-0.01,16,18496,卖盘
1380,13:26:00,11.57,0.01,33,38181,买盘
1381,13:25:54,11.56,-0.01,108,124848,卖盘
1382,13:25:51,11.57,--,130,150410,买盘
1383,13:25:48,11.57,0.01,1,1157,买盘
1384,13:25:45,11.56,-0.01,2,2312,卖盘
1385,13:25:42,11.57,--,51,59007,卖盘
1386,13:25:36,11.57,--,3,3471,卖盘
1387,13:25:33,11.57,-0.01,1,1157,卖盘
1388,13:25:30,11.58,--,26,30108,买盘
1389,13:25:27,11.58,0.01,311,360138,买盘
1390,13:25:21,11.57,--,2,2314,卖盘
1391,13:25:18,11.57,-0.01,177,204789,卖盘
1392,13:25:15,11.58,0.01,7,8106,买盘
1393,13:25:06,11.57,--,2,2314,卖盘
1394,13:25:03,11.57,0.01,7,8099,卖盘
1395,13:24:57,11.56,--,5,5780,卖盘
1396,13:24:54,11.56,--,302,349112,卖盘
1397,13:24:51,11.56,--,22,25432,卖盘
1398,13:24:48,11.56,--,9,10404,卖盘
1399,13:24:45,11.56,--,19,21964,卖盘
1400,13:24:42,11.56,-0.01,2,2312,卖盘
1401,13:24:39,11.57,0.01,32,37024,买盘
1402,13:24:36,11.56,-0.01,6,6936,卖盘
1403,13:24:33,11.57,0.01,20,23140,中性盘
1404,13:24:24,11.56,-0.01,50,57800,卖盘
1405,13:24:21,11.57,0.01,32,37024,买盘
1406,13:24:18,11.56,-0.01,3,3468,卖盘
1407,13:24:15,11.57,--,23,26611,买盘
1408,13:24:12,11.57,0.01,7,8099,买盘
1409,13:24:09,11.56,-0.01,8,9248,卖盘
1410,13:24:06,11.57,0.01,43,49751,买盘
1411,13:24:03,11.56,-0.01,27,31212,卖盘
1412,13:24:00,11.57,0.01,15,17355,买盘
1413,13:23:57,11.56,-0.01,74,85544,卖盘
1414,13:23:54,11.57,0.01,313,362141,买盘
1415,13:23:48,11.56,-0.01,53,61268,卖盘
1416,13:23:45,11.57,0.01,96,111072,买盘
1417,13:23:42,11.56,-0.01,30,34680,卖盘
1418,13:23:39,11.57,--,71,82147,买盘
1419,13:23:36,11.57,0.01,11,12727,买盘
1420,13:23:30,11.56,-0.01,7,8092,卖盘
1421,13:23:27,11.57,--,42,48594,买盘
1422,13:23:24,11.57,--,32,37024,买盘
1423,13:23:21,11.57,0.01,4,4628,买盘
1424,13:23:18,11.56,-0.01,28,32368,卖盘
1425,13:23:15,11.57,--,18,20826,买盘
1426,13:23:09,11.57,0.01,5,5785,买盘
1427,13:23:06,11.56,--,11,12716,卖盘
1428,13:23:03,11.56,--,15,17340,卖盘
1429,13:23:00,11.56,--,2,2312,卖盘
1430,13:22:57,11.56,--,3,3468,卖盘
1431,13:22:54,11.56,--,289,334084,卖盘
1432,13:22:51,11.56,-0.01,57,65892,卖盘
1433,13:22:48,11.57,0.01,1,1157,买盘
1434,13:22:45,11.56,--,60,69360,卖盘
1435,13:22:42,11.56,--,6,6936,卖盘
1436,13:22:39,11.56,--,174,201144,卖盘
1437,13:22:36,11.56,-0.01,1,1156,卖盘
1438,13:22:33,11.57,0.01,8,9256,买盘
1439,13:22:24,11.56,--,7,8092,卖盘
1440,13:22:18,11.56,-0.01,26,30056,卖盘
1441,13:22:15,11.57,0.01,23,26611,买盘
1442,13:22:12,11.56,--,9,10404,卖盘
1443,13:22:06,11.56,-0.01,1,1156,卖盘
1444,13:22:03,11.57,0.01,5,5785,买盘
1445,13:21:57,11.56,-0.01,19,21964,卖盘
1446,13:21:51,11.57,0.01,51,59007,买盘
1447,13:21:48,11.56,--,14,16184,卖盘
1448,13:21:45,11.56,--,7,8092,卖盘
1449,13:21:39,11.56,-0.01,12,13872,卖盘
1450,13:21:36,11.57,0.01,10,11570,买盘
1451,13:21:33,11.56,--,7,8092,卖盘
1452,13:21:30,11.56,-0.01,1,1156,卖盘
1453,13:21:27,11.57,0.01,11,12727,买盘
1454,13:21:18,11.56,-0.01,9,10404,卖盘
1455,13:21:15,11.57,--,18,20826,买盘
1456,13:21:12,11.57,--,22,25454,买盘
1457,13:21:06,11.57,--,12,13884,买盘
1458,13:21:03,11.57,--,4,4628,买盘
1459,13:21:00,11.57,0.01,69,79833,买盘
1460,13:20:54,11.56,-0.01,70,80920,卖盘
1461,13:20:51,11.57,--,100,115700,买盘
1462,13:20:48,11.57,0.01,84,97188,买盘
1463,13:20:45,11.56,--,6,6936,卖盘
1464,13:20:42,11.56,-0.01,1,1156,卖盘
1465,13:20:39,11.57,--,9,10413,卖盘
1466,13:20:36,11.57,--,50,57850,卖盘
1467,13:20:27,11.57,--,20,23140,卖盘
1468,13:20:21,11.57,--,2,2314,卖盘
1469,13:20:18,11.57,--,1,1157,卖盘
1470,13:20:15,11.57,--,7,8099,卖盘
1471,13:20:12,11.57,0.01,28,32396,买盘
1472,13:20:06,11.56,-0.01,192,221952,卖盘
1473,13:20:00,11.57,--,294,340158,卖盘
1474,13:19:57,11.57,--,18,20826,卖盘
1475,13:19:51,11.57,--,5,5785,卖盘
1476,13:19:48,11.57,--,6,6942,卖盘
1477,13:19:45,11.57,--,160,185120,卖盘
1478,13:19:42,11.57,--,1,1157,卖盘
1479,13:19:36,11.57,--,220,254540,卖盘
1480,13:19:33,11.57,--,7,8099,卖盘
1481,13:19:30,11.57,--,170,196690,卖盘
1482,13:19:27,11.57,--,3,3471,卖盘
1483,13:19:24,11.57,--,4,4628,卖盘
1484,13:19:21,11.57,--,60,69420,卖盘
1485,13:19:18,11.57,-0.01,4,4628,卖盘
1486,13:19:15,11.58,--,51,59058,买盘
1487,13:19:12,11.58,0.01,2,2316,买盘
1488,13:19:09,11.57,--,6,6942,卖盘
1489,13:18:57,11.57,--,3,3471,卖盘
1490,13:18:54,11.57,--,7,8099,卖盘
1491,13:18:45,11.57,--,3,3471,卖盘
1492,13:18:42,11.57,-0.01,7,8099,卖盘
1493,13:18:36,11.58,0.01,4,4632,买盘
1494,13:18:30,11.57,--,6,6942,卖盘
1495,13:18:27,11.57,-0.01,5,5785,卖盘
1496,13:18:21,11.58,0.01,1,1158,买盘
1497,13:18:18,11.57,--,2,2314,卖盘
1498,13:18:15,11.57,--,8,9256,卖盘
1499,13:18:06,11.57,--,87,100659,卖盘
1500,13:18:03,11.57,--,27,31239,卖盘
1501,13:17:57,11.57,-0.01,3,3471,卖盘
1502,13:17:54,11.58,0.01,10,11580,买盘
1503,13:17:51,11.57,--,20,23140,卖盘
1504,13:17:48,11.57,--,12,13884,卖盘
1505,13:17:39,11.57,--,53,61321,卖盘
1506,13:17:36,11.57,--,8,9256,卖盘
1507,13:17:33,11.57,-0.01,8,9256,卖盘
1508,13:17:30,11.58,0.01,68,78744,买盘
1509,13:17:27,11.57,--,1,1157,卖盘
1510,13:17:24,11.57,-0.01,11,12727,卖盘
1511,13:17:21,11.58,0.01,100,115800,买盘
1512,13:17:18,11.57,-0.01,7,8099,卖盘
1513,13:17:15,11.58,0.01,86,99588,买盘
1514,13:17:12,11.57,--,104,120328,卖盘
1515,13:17:09,11.57,-0.01,24,27768,卖盘
1516,13:17:06,11.58,0.01,12,13896,买盘
1517,13:16:57,11.57,--,10,11570,卖盘
1518,13:16:54,11.57,-0.01,2,2314,卖盘
1519,13:16:48,11.58,0.01,1,1158,买盘
1520,13:16:45,11.57,-0.01,9,10413,卖盘
1521,13:16:42,11.58,--,1,1158,买盘
1522,13:16:36,11.58,--,18,20844,买盘
1523,13:16:33,11.58,0.01,36,41688,买盘
1524,13:16:30,11.57,--,102,118014,卖盘
1525,13:16:27,11.57,--,4,4628,卖盘
1526,13:16:24,11.57,-0.01,47,54379,卖盘
1527,13:16:21,11.58,0.01,14,16212,买盘
1528,13:16:18,11.57,-0.01,9,10413,卖盘
1529,13:16:15,11.58,--,32,37056,买盘
1530,13:16:12,11.58,--,10,11580,买盘
1531,13:16:06,11.58,--,86,99588,买盘
1532,13:16:03,11.58,-0.01,856,991884,卖盘
1533,13:15:57,11.59,--,3,3477,卖盘
1534,13:15:54,11.59,0.01,20,23701,买盘
1535,13:15:51,11.58,-0.01,6,6948,卖盘
1536,13:15:48,11.59,0.01,87,100833,买盘
1537,13:15:45,11.58,-0.01,3,3474,卖盘
1538,13:15:42,11.59,0.01,56,64904,买盘
1539,13:15:39,11.58,--,7,8106,卖盘
1540,13:15:27,11.58,-0.01,8,9264,卖盘
1541,13:15:24,11.59,0.01,250,289750,买盘
1542,13:15:18,11.58,-0.01,19,22002,卖盘
1543,13:15:15,11.59,0.01,1,1159,买盘
1544,13:15:12,11.58,-0.01,7,8106,卖盘
1545,13:15:06,11.59,--,7,8113,买盘
1546,13:15:03,11.59,--,50,57950,买盘
1547,13:15:00,11.59,0.01,32,37088,买盘
1548,13:14:57,11.58,-0.01,3,3474,卖盘
1549,13:14:51,11.59,0.01,42,48678,买盘
1550,13:14:45,11.58,--,58,67164,卖盘
1551,13:14:36,11.58,--,1,1158,卖盘
1552,13:14:33,11.58,--,9,10422,卖盘
1553,13:14:30,11.58,-0.01,53,61374,卖盘
1554,13:14:27,11.59,--,25,28975,买盘
1555,13:14:24,11.59,0.01,5,5795,买盘
1556,13:14:21,11.58,-0.01,92,106536,卖盘
1557,13:14:15,11.59,0.01,1,1159,买盘
1558,13:14:12,11.58,--,60,69480,卖盘
1559,13:14:06,11.58,-0.01,78,90324,卖盘
1560,13:14:03,11.59,--,64,74176,买盘
1561,13:14:00,11.59,0.01,4,4636,买盘
1562,13:13:57,11.58,--,23,26634,卖盘
1563,13:13:54,11.58,-0.01,18,20844,卖盘
1564,13:13:51,11.59,--,4,4636,买盘
1565,13:13:48,11.59,0.01,11,12749,买盘
1566,13:13:42,11.58,-0.01,6,6948,卖盘
1567,13:13:36,11.59,0.01,1,1159,买盘
1568,13:13:27,11.58,--,8,9264,卖盘
1569,13:13:24,11.58,-0.01,11,12738,卖盘
1570,13:13:18,11.59,--,10,11590,买盘
1571,13:13:15,11.59,--,8,9272,买盘
1572,13:13:12,11.59,--,1,1159,买盘
1573,13:13:09,11.59,0.01,10,11590,买盘
1574,13:13:06,11.58,--,1,1158,卖盘
1575,13:13:03,11.58,--,88,101904,买盘
1576,13:13:00,11.58,--,1,1158,买盘
1577,13:12:57,11.58,0.01,64,74112,买盘
1578,13:12:54,11.57,--,2,2314,卖盘
1579,13:12:51,11.57,--,34,39338,卖盘
1580,13:12:48,11.57,--,236,273052,卖盘
1581,13:12:45,11.57,--,1,1157,卖盘
1582,13:12:36,11.57,--,207,239499,卖盘
1583,13:12:30,11.57,-0.01,28,32396,卖盘
1584,13:12:27,11.58,0.01,1,1158,买盘
1585,13:12:21,11.57,-0.01,6,6942,卖盘
1586,13:12:18,11.58,--,5,5790,买盘
1587,13:12:15,11.58,--,10,11580,买盘
1588,13:12:12,11.58,--,20,23160,买盘
1589,13:12:09,11.58,--,55,63690,买盘
1590,13:12:06,11.58,0.01,112,129696,买盘
1591,13:11:57,11.57,-0.01,19,21983,卖盘
1592,13:11:54,11.58,--,8,9264,买盘
1593,13:11:48,11.58,--,352,407616,卖盘
1594,13:11:42,11.58,-0.01,6,6948,卖盘
1595,13:11:39,11.59,0.01,30,34770,买盘
1596,13:11:30,11.58,--,7,8106,卖盘
1597,13:11:27,11.58,--,1,1158,卖盘
1598,13:11:18,11.58,--,22,25476,买盘
1599,13:11:15,11.58,-0.01,33,38214,卖盘
1600,13:11:12,11.59,0.01,400,463600,买盘
1601,13:11:09,11.58,-0.01,6,6948,卖盘
1602,13:11:06,11.59,0.01,10,11590,买盘
1603,13:11:03,11.58,-0.01,6,6948,卖盘
1604,13:11:00,11.59,0.01,1,1159,买盘
1605,13:10:57,11.58,--,3,3474,卖盘
1606,13:10:51,11.58,--,80,92640,卖盘
1607,13:10:48,11.58,--,10,11580,卖盘
1608,13:10:45,11.58,--,1,1158,卖盘
1609,13:10:36,11.58,0.01,7,8106,中性盘
1610,13:10:30,11.57,--,216,249912,卖盘
1611,13:10:24,11.57,--,6,6942,卖盘
1612,13:10:18,11.57,-0.01,6,6942,卖盘
1613,13:10:15,11.58,--,1,1158,买盘
1614,13:10:12,11.58,0.01,4,4632,买盘
1615,13:10:06,11.57,-0.01,1,1157,卖盘
1616,13:10:00,11.58,--,510,590580,买盘
1617,13:09:57,11.58,0.01,9,10422,买盘
1618,13:09:54,11.57,-0.01,37,42809,卖盘
1619,13:09:51,11.58,--,24,27792,买盘
1620,13:09:48,11.58,--,30,34740,买盘
1621,13:09:45,11.58,0.02,3,3474,买盘
1622,13:09:42,11.56,-0.01,28,32368,卖盘
1623,13:09:39,11.57,0.01,1,1157,中性盘
1624,13:09:36,11.56,-0.01,405,468180,卖盘
1625,13:09:33,11.57,--,3,3471,卖盘
1626,13:09:27,11.57,-0.01,62,71734,卖盘
1627,13:09:21,11.58,0.01,4,4632,买盘
1628,13:09:18,11.57,-0.01,60,69420,卖盘
1629,13:09:15,11.58,--,21,24318,买盘
1630,13:09:06,11.58,0.01,3,3474,买盘
1631,13:09:00,11.57,--,49,56693,卖盘
1632,13:08:57,11.57,-0.01,29,33553,卖盘
1633,13:08:54,11.58,--,78,90324,买盘
1634,13:08:51,11.58,--,74,85692,买盘
1635,13:08:48,11.58,0.01,3,3474,买盘
1636,13:08:45,11.57,--,1,1157,卖盘
1637,13:08:39,11.57,--,2,2314,卖盘
1638,13:08:33,11.57,-0.01,147,170079,卖盘
1639,13:08:30,11.58,0.01,24,27792,买盘
1640,13:08:27,11.57,--,21,24297,卖盘
1641,13:08:21,11.57,--,1,1157,卖盘
1642,13:08:18,11.57,-0.01,2,2314,卖盘
1643,13:08:15,11.58,--,9,10422,买盘
1644,13:08:12,11.58,--,41,47478,买盘
1645,13:08:09,11.58,0.01,58,67164,买盘
1646,13:08:06,11.57,-0.01,5,5785,卖盘
1647,13:08:03,11.58,0.01,21,24318,买盘
1648,13:08:00,11.57,-0.01,7,8099,卖盘
1649,13:07:57,11.58,--,27,31266,买盘
1650,13:07:54,11.58,0.01,22,25476,买盘
1651,13:07:51,11.57,--,33,38181,卖盘
1652,13:07:48,11.57,--,23,26611,卖盘
1653,13:07:45,11.57,--,32,37024,卖盘
1654,13:07:42,11.57,--,7,8099,卖盘
1655,13:07:39,11.57,-0.01,7,8099,卖盘
1656,13:07:36,11.58,0.01,36,41688,买盘
1657,13:07:33,11.57,0.01,122,141154,卖盘
1658,13:07:30,11.56,-0.01,359,415004,卖盘
1659,13:07:18,11.57,-0.01,4,4628,卖盘
1660,13:07:15,11.58,0.01,2,2316,买盘
1661,13:07:12,11.57,--,2,2314,卖盘
1662,13:07:09,11.57,--,10,11570,卖盘
1663,13:07:06,11.57,--,3,3471,卖盘
1664,13:07:00,11.57,--,1,1157,卖盘
1665,13:06:57,11.57,--,3,3471,卖盘
1666,13:06:54,11.57,--,4,4628,卖盘
1667,13:06:51,11.57,--,20,23140,卖盘
1668,13:06:48,11.57,--,12,13884,卖盘
1669,13:06:42,11.57,--,4,4628,卖盘
1670,13:06:36,11.57,--,32,37024,卖盘
1671,13:06:33,11.57,--,7,8099,卖盘
1672,13:06:30,11.57,--,20,23140,卖盘
1673,13:06:27,11.57,--,88,101816,卖盘
1674,13:06:24,11.57,--,14,16198,卖盘
1675,13:06:18,11.57,-0.01,47,54379,卖盘
1676,13:06:15,11.58,0.01,1,1158,买盘
1677,13:06:12,11.57,-0.01,26,30082,卖盘
1678,13:06:09,11.58,0.01,3,3474,买盘
1679,13:06:06,11.57,--,8,9256,卖盘
1680,13:06:03,11.57,--,54,62478,买盘
1681,13:06:00,11.57,--,1,1157,买盘
1682,13:05:57,11.57,--,22,25454,买盘
1683,13:05:54,11.57,--,13,15041,卖盘
1684,13:05:51,11.57,--,16,18512,卖盘
1685,13:05:48,11.57,--,244,282308,卖盘
1686,13:05:45,11.57,--,60,69420,卖盘
1687,13:05:42,11.57,--,3,3471,卖盘
1688,13:05:39,11.57,--,3,3471,卖盘
1689,13:05:36,11.57,--,34,39338,卖盘
1690,13:05:33,11.57,--,146,168922,卖盘
1691,13:05:27,11.57,--,4,4628,卖盘
1692,13:05:21,11.57,--,2,2314,卖盘
1693,13:05:18,11.57,-0.01,3,3471,卖盘
1694,13:05:15,11.58,--,11,12738,买盘
1695,13:05:09,11.58,0.01,20,23160,买盘
1696,13:05:06,11.57,--,23,26611,卖盘
1697,13:05:00,11.57,--,63,72891,卖盘
1698,13:04:57,11.57,--,32,37024,卖盘
1699,13:04:39,11.57,--,155,179335,卖盘
1700,13:04:33,11.57,--,3,3471,卖盘
1701,13:04:27,11.57,--,1,1157,卖盘
1702,13:04:24,11.57,--,1,1157,卖盘
1703,13:04:18,11.57,--,65,75205,买盘
1704,13:04:15,11.57,--,1,1157,买盘
1705,13:04:12,11.57,--,18,20826,卖盘
1706,13:04:09,11.57,0.01,11,12727,买盘
1707,13:04:06,11.56,-0.01,212,245072,卖盘
1708,13:04:03,11.57,--,6,6942,买盘
1709,13:04:00,11.57,0.01,52,60164,买盘
1710,13:03:57,11.56,-0.01,3,3468,卖盘
1711,13:03:51,11.57,0.01,11,12727,买盘
1712,13:03:45,11.56,--,9,10404,卖盘
1713,13:03:42,11.56,-0.01,16,18496,卖盘
1714,13:03:39,11.57,--,6,6942,买盘
1715,13:03:36,11.57,--,4,4628,买盘
1716,13:03:33,11.57,--,2,2314,买盘
1717,13:03:24,11.57,0.01,65,75205,买盘
1718,13:03:21,11.56,-0.01,200,231200,卖盘
1719,13:03:15,11.57,--,8,9256,买盘
1720,13:03:06,11.57,--,13,15041,买盘
1721,13:03:03,11.57,--,9,10413,买盘
1722,13:03:00,11.57,0.01,2,2314,买盘
1723,13:02:57,11.56,-0.01,3,3468,卖盘
1724,13:02:54,11.57,--,93,107601,买盘
1725,13:02:51,11.57,--,364,421148,买盘
1726,13:02:48,11.57,--,125,144625,买盘
1727,13:02:45,11.57,--,16,18512,买盘
1728,13:02:39,11.57,--,8,9256,买盘
1729,13:02:36,11.57,--,11,12727,买盘
1730,13:02:30,11.57,0.01,14,16198,买盘
1731,13:02:27,11.56,--,1,1156,卖盘
1732,13:02:21,11.56,-0.01,29,33524,卖盘
1733,13:02:15,11.57,--,1,1157,买盘
1734,13:02:12,11.57,-0.01,385,445445,卖盘
1735,13:02:09,11.58,0.01,10,11580,买盘
1736,13:02:06,11.57,--,16,18512,卖盘
1737,13:02:03,11.57,--,1,1157,卖盘
1738,13:02:00,11.57,--,34,39338,卖盘
1739,13:01:57,11.57,--,13,15041,卖盘
1740,13:01:45,11.57,-0.01,11,12727,卖盘
1741,13:01:42,11.58,--,4,4632,买盘
1742,13:01:33,11.58,--,56,64848,买盘
1743,13:01:27,11.58,--,9,10422,买盘
1744,13:01:24,11.58,--,2,2316,买盘
1745,13:01:21,11.58,--,11,12738,买盘
1746,13:01:15,11.58,--,1,1158,买盘
1747,13:01:12,11.58,0.02,60,69480,买盘
1748,13:01:09,11.56,-0.02,263,304028,卖盘
1749,13:01:06,11.58,0.01,18,20844,买盘
1750,13:01:00,11.57,-0.01,20,23140,卖盘
1751,13:00:54,11.58,0.01,70,81060,买盘
1752,13:00:48,11.57,--,49,56693,卖盘
1753,13:00:45,11.57,-0.01,93,107601,卖盘
1754,13:00:42,11.58,0.01,9,10422,买盘
1755,13:00:39,11.57,-0.01,5,5785,卖盘
1756,13:00:36,11.58,0.01,3,3474,买盘
1757,13:00:27,11.57,--,1,1157,卖盘
1758,13:00:21,11.57,-0.01,200,231400,卖盘
1759,13:00:15,11.58,0.01,4,4632,买盘
1760,13:00:12,11.57,--,22,25454,卖盘
1761,13:00:09,11.57,-0.01,67,77519,卖盘
1762,13:00:06,11.58,0.01,112,129696,买盘
1763,13:00:03,11.57,-0.01,1226,1418886,卖盘
1764,13:00:00,11.58,--,9,10422,买盘
1765,11:30:00,11.58,--,32,37056,买盘
1766,11:29:57,11.58,0.01,14,16212,买盘
1767,11:29:45,11.57,-0.01,1,1157,卖盘
1768,11:29:42,11.58,0.01,18,20844,买盘
1769,11:29:39,11.57,-0.01,2,2314,卖盘
1770,11:29:36,11.58,0.01,1,1158,买盘
1771,11:29:33,11.57,-0.01,50,57850,卖盘
1772,11:29:24,11.58,0.01,10,11580,中性盘
1773,11:29:18,11.57,-0.01,136,157352,卖盘
1774,11:29:15,11.58,0.01,1,1158,买盘
1775,11:29:12,11.57,--,20,23140,卖盘
1776,11:29:06,11.57,--,2,2314,卖盘
1777,11:29:03,11.57,--,110,127270,卖盘
1778,11:28:57,11.57,-0.01,7,8099,卖盘
1779,11:28:51,11.58,0.01,27,31266,买盘
1780,11:28:48,11.57,-0.01,100,115700,卖盘
1781,11:28:42,11.58,0.01,1,1158,买盘
1782,11:28:33,11.57,-0.01,117,136121,卖盘
1783,11:28:30,11.58,0.01,1,1158,买盘
1784,11:28:27,11.57,-0.01,1,1157,卖盘
1785,11:28:24,11.58,0.01,48,55584,买盘
1786,11:28:21,11.57,--,43,49751,卖盘
1787,11:28:18,11.57,-0.01,104,120328,卖盘
1788,11:28:15,11.58,0.01,1,1158,买盘
1789,11:28:12,11.57,--,20,23140,卖盘
1790,11:28:06,11.57,0.01,97,112229,买盘
1791,11:28:03,11.56,-0.01,113,130628,卖盘
1792,11:27:54,11.57,--,100,115700,买盘
1793,11:27:51,11.57,0.01,43,49751,买盘
1794,11:27:45,11.56,-0.01,395,456620,卖盘
1795,11:27:33,11.57,--,100,115700,卖盘
1796,11:27:27,11.57,--,37,42809,卖盘
1797,11:27:24,11.57,--,6,6942,买盘
1798,11:27:21,11.57,0.01,2,2314,买盘
1799,11:27:15,11.56,-0.01,129,149124,卖盘
1800,11:27:12,11.57,--,195,225615,买盘
1801,11:27:09,11.57,0.01,100,115700,买盘
1802,11:27:06,11.56,--,1,1156,卖盘
1803,11:27:03,11.56,--,100,115600,卖盘
1804,11:27:00,11.56,-0.01,16,18496,卖盘
1805,11:26:54,11.57,--,20,23140,买盘
1806,11:26:48,11.57,0.01,50,57850,买盘
1807,11:26:45,11.56,-0.01,100,115600,卖盘
1808,11:26:42,11.57,--,20,23140,买盘
1809,11:26:39,11.57,--,213,246441,买盘
1810,11:26:30,11.57,0.01,15,17355,卖盘
1811,11:26:27,11.56,-0.01,387,447372,卖盘
1812,11:26:24,11.57,--,1,1157,卖盘
1813,11:26:21,11.57,--,252,291564,卖盘
1814,11:26:18,11.57,--,67,77519,卖盘
1815,11:26:15,11.57,--,136,157352,卖盘
1816,11:26:12,11.57,-0.01,213,246441,卖盘
1817,11:26:09,11.58,0.01,2,2316,买盘
1818,11:26:06,11.57,--,2,2314,卖盘
1819,11:26:00,11.57,-0.01,110,127270,卖盘
1820,11:25:57,11.58,0.01,29,33582,买盘
1821,11:25:54,11.57,-0.01,85,98345,卖盘
1822,11:25:48,11.58,0.01,15,17370,买盘
1823,11:25:45,11.57,-0.01,207,239499,卖盘
1824,11:25:42,11.58,0.01,13,15054,买盘
1825,11:25:39,11.57,-0.01,1,1157,卖盘
1826,11:25:33,11.58,0.01,44,50952,买盘
1827,11:25:30,11.57,-0.01,112,129584,卖盘
1828,11:25:27,11.58,--,1,1158,买盘
1829,11:25:21,11.58,0.01,2,2316,买盘
1830,11:25:18,11.57,0.01,2,2314,卖盘
1831,11:25:15,11.56,-0.01,100,115600,卖盘
1832,11:25:12,11.57,--,2,2314,买盘
1833,11:25:09,11.57,--,16,18512,买盘
1834,11:25:06,11.57,0.01,15,17355,买盘
1835,11:25:03,11.56,-0.01,196,226576,卖盘
1836,11:25:00,11.57,--,111,128427,卖盘
1837,11:24:57,11.57,0.01,20,23140,卖盘
1838,11:24:51,11.56,-0.01,159,183804,卖盘
1839,11:24:45,11.57,--,97,112229,卖盘
1840,11:24:42,11.57,-0.01,5,5785,卖盘
1841,11:24:39,11.58,--,1,1158,买盘
1842,11:24:36,11.58,0.02,4,4632,买盘
1843,11:24:30,11.56,-0.01,100,115600,卖盘
1844,11:24:27,11.57,0.01,285,330670,买盘
1845,11:24:24,11.56,-0.01,61,70516,卖盘
1846,11:24:21,11.57,--,10,11570,买盘
1847,11:24:18,11.57,--,22,25454,买盘
1848,11:24:15,11.57,0.01,101,116857,买盘
1849,11:24:09,11.56,-0.01,7,8092,卖盘
1850,11:24:06,11.57,--,95,109915,买盘
1851,11:24:03,11.57,0.01,101,116857,买盘
1852,11:24:00,11.56,--,100,115600,卖盘
1853,11:23:57,11.56,-0.01,48,55488,卖盘
1854,11:23:54,11.57,--,20,23140,买盘
1855,11:23:51,11.57,0.01,173,200161,买盘
1856,11:23:48,11.56,--,2,2312,卖盘
1857,11:23:45,11.56,-0.01,57,65892,卖盘
1858,11:23:39,11.57,--,23,26611,买盘
1859,11:23:33,11.57,0.01,168,194376,买盘
1860,11:23:30,11.56,--,50,57800,卖盘
1861,11:23:27,11.56,-0.01,31,35836,卖盘
1862,11:23:24,11.57,--,585,677076,卖盘
1863,11:23:21,11.57,--,15,17355,卖盘
1864,11:23:18,11.57,--,2,2314,卖盘
1865,11:23:15,11.57,-0.01,101,116857,卖盘
1866,11:23:12,11.58,--,1,1158,买盘
1867,11:23:06,11.58,--,47,54426,买盘
1868,11:23:03,11.58,--,1,1158,买盘
1869,11:23:00,11.58,0.01,51,59058,买盘
1870,11:22:57,11.57,--,3,3471,卖盘
1871,11:22:54,11.57,-0.01,218,252226,卖盘
1872,11:22:48,11.58,0.01,104,120432,买盘
1873,11:22:42,11.57,--,52,60164,卖盘
1874,11:22:39,11.57,-0.01,16,18512,卖盘
1875,11:22:33,11.58,0.01,10,11580,买盘
1876,11:22:30,11.57,--,87,100659,卖盘
1877,11:22:27,11.57,--,94,108758,卖盘
1878,11:22:24,11.57,-0.01,1,1157,卖盘
1879,11:22:21,11.58,0.01,75,86850,买盘
1880,11:22:18,11.57,-0.01,16,18512,卖盘
1881,11:22:15,11.58,0.01,36,41688,买盘
1882,11:22:12,11.57,--,400,462800,卖盘
1883,11:22:09,11.57,--,2,2314,卖盘
1884,11:22:06,11.57,--,1,1157,卖盘
1885,11:22:03,11.57,--,40,46280,卖盘
1886,11:22:00,11.57,--,19,21983,卖盘
1887,11:21:57,11.57,--,4,4628,卖盘
1888,11:21:54,11.57,--,355,410735,卖盘
1889,11:21:45,11.57,--,48,55536,卖盘
1890,11:21:42,11.57,-0.02,50,57850,卖盘
1891,11:21:36,11.59,0.02,5,5795,买盘
1892,11:21:33,11.57,-0.01,85,98345,卖盘
1893,11:21:30,11.58,--,113,130854,卖盘
1894,11:21:27,11.58,0.01,309,358748,买盘
1895,11:21:24,11.57,-0.01,62,71734,卖盘
1896,11:21:21,11.58,0.01,9,10422,买盘
1897,11:21:18,11.57,-0.01,10,11570,卖盘
1898,11:21:15,11.58,0.01,1,1158,买盘
1899,11:21:12,11.57,-0.01,597,690729,卖盘
1900,11:21:09,11.58,0.01,26,30108,买盘
1901,11:21:06,11.57,--,9,10413,卖盘
1902,11:21:03,11.57,--,48,55536,卖盘
1903,11:21:00,11.57,--,25,28925,卖盘
1904,11:20:57,11.57,--,69,79833,卖盘
1905,11:20:54,11.57,-0.01,10,11570,卖盘
1906,11:20:51,11.58,--,22,25476,买盘
1907,11:20:48,11.58,--,874,1012323,卖盘
1908,11:20:45,11.58,--,31,35898,卖盘
1909,11:20:42,11.58,--,50,57900,卖盘
1910,11:20:39,11.58,--,50,57900,卖盘
1911,11:20:33,11.58,--,52,60216,卖盘
1912,11:20:30,11.58,--,11,12738,卖盘
1913,11:20:27,11.58,-0.02,60,69480,卖盘
1914,11:20:24,11.6,0.02,7,8120,买盘
1915,11:20:21,11.58,--,19,22002,卖盘
1916,11:20:18,11.58,-0.02,3,3474,卖盘
1917,11:20:15,11.6,0.02,119,138040,买盘
1918,11:20:12,11.58,-0.01,6,6948,卖盘
1919,11:20:09,11.59,-0.01,11,12749,卖盘
1920,11:20:06,11.6,--,2,2320,买盘
1921,11:20:03,11.6,0.01,1,1160,买盘
1922,11:20:00,11.59,--,13,15067,卖盘
1923,11:19:57,11.59,--,21,24339,卖盘
1924,11:19:54,11.59,0.01,61,70699,买盘
1925,11:19:51,11.58,--,21,24318,卖盘
1926,11:19:48,11.58,--,10,11580,卖盘
1927,11:19:45,11.58,-0.01,15,17370,卖盘
1928,11:19:42,11.59,0.01,86,99674,买盘
1929,11:19:39,11.58,-0.01,10,11580,卖盘
1930,11:19:36,11.59,0.01,22,25498,买盘
1931,11:19:30,11.58,--,12,13896,卖盘
1932,11:19:27,11.58,-0.01,35,40530,卖盘
1933,11:19:24,11.59,-0.01,2,2318,卖盘
1934,11:19:21,11.6,0.01,1,1160,买盘
1935,11:19:18,11.59,--,21,24339,卖盘
1936,11:19:15,11.59,0.01,201,232959,买盘
1937,11:19:12,11.58,--,50,57900,卖盘
1938,11:19:09,11.58,--,36,41688,卖盘
1939,11:18:54,11.58,--,72,83376,卖盘
1940,11:18:48,11.58,--,11,12738,卖盘
1941,11:18:45,11.58,-0.01,60,69480,卖盘
1942,11:18:42,11.59,-0.01,10,11590,卖盘
1943,11:18:39,11.6,--,55,63800,买盘
1944,11:18:36,11.6,0.01,1,1160,买盘
1945,11:18:33,11.59,--,14,16226,买盘
1946,11:18:30,11.59,--,11,12749,买盘
1947,11:18:27,11.59,--,20,23180,卖盘
1948,11:18:24,11.59,--,118,136762,买盘
1949,11:18:21,11.59,--,184,213256,卖盘
1950,11:18:18,11.59,--,19,22021,卖盘
1951,11:18:15,11.59,--,12,13908,卖盘
1952,11:18:12,11.59,-0.01,10,11590,卖盘
1953,11:18:09,11.6,0.01,65,75400,买盘
1954,11:18:06,11.59,-0.01,1,1159,卖盘
1955,11:18:03,11.6,--,10,11600,买盘
1956,11:17:57,11.6,0.01,13,15080,买盘
1957,11:17:54,11.59,-0.01,75,86925,卖盘
1958,11:17:51,11.6,--,40,46400,买盘
1959,11:17:48,11.6,0.01,1,1160,买盘
1960,11:17:39,11.59,-0.01,50,57950,卖盘
1961,11:17:30,11.6,--,3,3480,买盘
1962,11:17:27,11.6,0.01,11,12760,买盘
1963,11:17:24,11.59,-0.01,50,57950,卖盘
1964,11:17:09,11.6,-0.01,50,58000,卖盘
1965,11:17:06,11.61,--,1,1161,买盘
1966,11:17:03,11.61,0.01,11,12771,买盘
1967,11:16:57,11.6,--,53,61480,买盘
1968,11:16:54,11.6,--,2,2320,卖盘
1969,11:16:48,11.6,0.01,98,113680,买盘
1970,11:16:45,11.59,--,21,24339,卖盘
1971,11:16:39,11.59,--,5,5795,卖盘
1972,11:16:36,11.59,-0.01,119,137921,卖盘
1973,11:16:30,11.6,0.01,1,1160,买盘
1974,11:16:24,11.59,--,10,11590,买盘
1975,11:16:21,11.59,--,95,110105,买盘
1976,11:16:18,11.59,--,1,1159,买盘
1977,11:16:15,11.59,--,89,103151,买盘
1978,11:16:12,11.59,0.01,47,54473,买盘
1979,11:16:09,11.58,--,9,10422,卖盘
1980,11:16:06,11.58,-0.01,163,188754,卖盘
1981,11:16:00,11.59,0.01,90,104310,买盘
1982,11:15:54,11.58,--,2,2316,卖盘
1983,11:15:51,11.58,-0.01,56,64848,卖盘
1984,11:15:45,11.59,--,20,23180,买盘
1985,11:15:39,11.59,--,113,130967,买盘
1986,11:15:36,11.59,--,73,84607,买盘
1987,11:15:33,11.59,--,1,1159,买盘
1988,11:15:30,11.59,0.01,34,39406,买盘
1989,11:15:24,11.58,-0.01,17,19686,卖盘
1990,11:15:21,11.59,0.01,73,84607,买盘
1991,11:15:18,11.58,-0.01,3,3474,卖盘
1992,11:15:15,11.59,--,70,81130,买盘
1993,11:15:12,11.59,0.01,3,3477,买盘
1994,11:15:09,11.58,-0.01,128,148224,卖盘
1995,11:15:06,11.59,0.01,233,270974,买盘
1996,11:15:03,11.58,--,107,123906,卖盘
1997,11:15:00,11.58,--,11,12738,卖盘
1998,11:14:57,11.58,--,16,18528,卖盘
1999,11:14:54,11.58,-0.01,2,2316,卖盘
2000,11:14:51,11.59,0.01,74,85766,买盘
2001,11:14:48,11.58,--,21,24318,卖盘
2002,11:14:45,11.58,--,111,128538,卖盘
2003,11:14:42,11.58,--,51,59058,卖盘
2004,11:14:39,11.58,--,20,23160,卖盘
2005,11:14:36,11.58,-0.01,50,57900,卖盘
2006,11:14:33,11.59,0.01,13,15067,买盘
2007,11:14:30,11.58,--,6,6948,卖盘
2008,11:14:27,11.58,-0.01,2,2316,卖盘
2009,11:14:21,11.59,--,59,68381,买盘
2010,11:14:18,11.59,--,20,23180,买盘
2011,11:14:15,11.59,--,10,11590,买盘
2012,11:14:12,11.59,0.01,45,52155,买盘
2013,11:14:09,11.58,-0.01,55,63690,卖盘
2014,11:14:06,11.59,0.01,67,77653,买盘
2015,11:14:03,11.58,--,2,2316,卖盘
2016,11:14:00,11.58,--,50,57900,卖盘
2017,11:13:54,11.58,-0.01,45,52110,卖盘
2018,11:13:51,11.59,0.01,2,2318,买盘
2019,11:13:48,11.58,-0.01,108,125064,卖盘
2020,11:13:45,11.59,0.01,1,1159,买盘
2021,11:13:42,11.58,--,1,1158,卖盘
2022,11:13:39,11.58,--,32,37056,卖盘
2023,11:13:36,11.58,0.01,193,223494,买盘
2024,11:13:33,11.57,--,64,74048,卖盘
2025,11:13:30,11.57,--,67,77519,卖盘
2026,11:13:27,11.57,--,229,264953,卖盘
2027,11:13:24,11.57,-0.01,103,119171,卖盘
2028,11:13:21,11.58,0.01,1,1158,买盘
2029,11:13:18,11.57,-0.01,74,85618,卖盘
2030,11:13:15,11.58,0.01,1,1158,买盘
2031,11:13:12,11.57,-0.01,67,77519,卖盘
2032,11:13:09,11.58,--,21,24318,买盘
2033,11:13:06,11.58,--,70,81060,买盘
2034,11:13:03,11.58,--,23,26634,卖盘
2035,11:13:00,11.58,0.01,156,180648,买盘
2036,11:12:57,11.57,-0.01,12,13884,卖盘
2037,11:12:54,11.58,--,29,33582,卖盘
2038,11:12:51,11.58,--,100,115800,卖盘
2039,11:12:48,11.58,--,70,81060,卖盘
2040,11:12:45,11.58,-0.01,202,233916,卖盘
2041,11:12:42,11.59,0.01,2,2318,买盘
2042,11:12:39,11.58,-0.01,3,3474,卖盘
2043,11:12:36,11.59,0.01,1,1159,买盘
2044,11:12:33,11.58,-0.01,50,57900,卖盘
2045,11:12:30,11.59,0.01,1,1159,买盘
2046,11:12:27,11.58,--,15,17370,卖盘
2047,11:12:24,11.58,0.01,118,136644,中性盘
2048,11:12:21,11.57,-0.01,53,61321,卖盘
2049,11:12:18,11.58,--,62,71796,卖盘
2050,11:12:15,11.58,--,85,98430,买盘
2051,11:12:12,11.58,--,138,159804,买盘
2052,11:12:09,11.58,--,94,108852,买盘
2053,11:12:06,11.58,--,2,2316,买盘
2054,11:12:03,11.58,0.01,54,62532,买盘
2055,11:12:00,11.57,-0.01,110,127270,卖盘
2056,11:11:57,11.58,-0.01,789,913662,卖盘
2057,11:11:54,11.59,--,171,198189,买盘
2058,11:11:51,11.59,--,1,1159,买盘
2059,11:11:48,11.59,--,198,229482,买盘
2060,11:11:45,11.59,--,1,1159,买盘
2061,11:11:42,11.59,0.01,129,149511,买盘
2062,11:11:39,11.58,-0.01,15,17370,卖盘
2063,11:11:36,11.59,0.01,12,13908,买盘
2064,11:11:33,11.58,--,72,83376,卖盘
2065,11:11:30,11.58,-0.01,12,13896,卖盘
2066,11:11:27,11.59,0.01,19,22021,买盘
2067,11:11:24,11.58,-0.01,4,4632,卖盘
2068,11:11:21,11.59,0.01,2,2318,买盘
2069,11:11:18,11.58,--,69,79902,卖盘
2070,11:11:15,11.58,--,10,11580,卖盘
2071,11:11:12,11.58,--,10,11580,卖盘
2072,11:11:06,11.58,--,47,54426,卖盘
2073,11:11:03,11.58,-0.01,50,57900,卖盘
2074,11:11:00,11.59,--,16,18544,买盘
2075,11:10:57,11.59,--,66,76494,买盘
2076,11:10:54,11.59,--,148,171532,买盘
2077,11:10:51,11.59,--,54,62586,买盘
2078,11:10:48,11.59,0.01,68,78812,买盘
2079,11:10:45,11.58,--,36,41688,卖盘
2080,11:10:42,11.58,--,36,41688,卖盘
2081,11:10:39,11.58,-0.01,7,8106,卖盘
2082,11:10:33,11.59,0.01,28,32452,买盘
2083,11:10:30,11.58,-0.01,50,57900,卖盘
2084,11:10:27,11.59,--,10,11590,买盘
2085,11:10:21,11.59,0.01,11,12749,买盘
2086,11:10:18,11.58,--,15,17370,卖盘
2087,11:10:15,11.58,--,57,66006,卖盘
2088,11:10:12,11.58,-0.01,49,56742,卖盘
2089,11:10:09,11.59,--,9,10431,买盘
2090,11:10:06,11.59,--,11,12749,买盘
2091,11:10:03,11.59,--,9,10431,买盘
2092,11:10:00,11.59,--,61,70699,卖盘
2093,11:09:54,11.59,-0.01,2,2318,卖盘
2094,11:09:51,11.6,0.01,47,54520,买盘
2095,11:09:48,11.59,--,28,32452,买盘
2096,11:09:45,11.59,0.01,56,64904,买盘
2097,11:09:42,11.58,--,12,13896,卖盘
2098,11:09:39,11.58,-0.01,1,1158,卖盘
2099,11:09:36,11.59,0.01,94,108946,买盘
2100,11:09:30,11.58,-0.01,15,17370,卖盘
2101,11:09:27,11.59,0.01,211,244549,买盘
2102,11:09:24,11.58,--,1,1158,卖盘
2103,11:09:18,11.58,--,3,3474,卖盘
2104,11:09:15,11.58,--,50,57900,卖盘
2105,11:09:06,11.58,--,2,2316,卖盘
2106,11:09:03,11.58,-0.01,107,123906,卖盘
2107,11:09:00,11.59,--,103,119377,买盘
2108,11:08:54,11.59,--,57,66063,卖盘
2109,11:08:51,11.59,--,13,15067,卖盘
2110,11:08:48,11.59,--,14,16226,买盘
2111,11:08:45,11.59,0.01,58,67222,买盘
2112,11:08:42,11.58,-0.02,1,1158,卖盘
2113,11:08:39,11.6,0.01,29,33640,买盘
2114,11:08:36,11.59,-0.01,86,99674,买盘
2115,11:08:33,11.6,0.01,1896,2199360,买盘
2116,11:08:30,11.59,--,50,57950,卖盘
2117,11:08:21,11.59,--,150,173850,卖盘
2118,11:08:18,11.59,--,55,63745,卖盘
2119,11:08:15,11.59,--,54,62586,卖盘
2120,11:08:12,11.59,--,26,30134,卖盘
2121,11:08:09,11.59,--,20,23180,卖盘
2122,11:08:06,11.59,--,103,119377,卖盘
2123,11:08:00,11.59,-0.01,50,57950,卖盘
2124,11:07:57,11.6,--,28,32480,买盘
2125,11:07:54,11.6,--,30,34800,买盘
2126,11:07:48,11.6,--,172,199520,买盘
2127,11:07:45,11.6,0.01,19,22040,买盘
2128,11:07:42,11.59,--,50,57950,卖盘
2129,11:07:39,11.59,-0.01,2512,2911639,卖盘
2130,11:07:36,11.6,-0.01,22,25520,卖盘
2131,11:07:33,11.61,--,43,49923,买盘
2132,11:07:30,11.61,--,56,65016,买盘
2133,11:07:27,11.61,0.01,62,71982,买盘
2134,11:07:24,11.6,-0.01,1,1160,卖盘
2135,11:07:21,11.61,--,8,9288,买盘
2136,11:07:15,11.61,0.01,114,132354,买盘
2137,11:07:12,11.6,--,50,58000,卖盘
2138,11:07:09,11.6,--,39,45240,卖盘
2139,11:07:06,11.6,-0.01,36,41760,卖盘
2140,11:07:03,11.61,0.01,10,11610,买盘
2141,11:07:00,11.6,--,96,111360,卖盘
2142,11:06:57,11.6,--,69,80040,卖盘
2143,11:06:54,11.6,-0.01,2,2320,卖盘
2144,11:06:45,11.61,--,154,178794,卖盘
2145,11:06:42,11.61,0.01,50,58050,卖盘
2146,11:06:36,11.6,-0.02,8,9280,卖盘
2147,11:06:33,11.62,0.01,381,442721,买盘
2148,11:06:27,11.61,--,31,35991,卖盘
2149,11:06:24,11.61,--,80,92880,买盘
2150,11:06:21,11.61,--,25,29025,卖盘
2151,11:06:15,11.61,0.01,88,102168,买盘
2152,11:06:12,11.6,--,318,368880,卖盘
2153,11:06:06,11.6,-0.01,1,1160,卖盘
2154,11:06:00,11.61,0.01,2,2322,买盘
2155,11:05:57,11.6,-0.01,50,58000,卖盘
2156,11:05:54,11.61,--,10,11610,买盘
2157,11:05:48,11.61,--,595,690795,卖盘
2158,11:05:45,11.61,--,5,5805,卖盘
2159,11:05:42,11.61,--,55,63855,卖盘
2160,11:05:39,11.61,--,2,2322,卖盘
2161,11:05:36,11.61,--,7,8127,卖盘
2162,11:05:33,11.61,--,2,2322,卖盘
2163,11:05:27,11.61,-0.01,51,59211,卖盘
2164,11:05:24,11.62,0.01,50,58099,买盘
2165,11:05:18,11.61,--,2,2322,卖盘
2166,11:05:12,11.61,--,50,58050,卖盘
2167,11:05:06,11.61,--,3,3483,卖盘
2168,11:05:03,11.61,--,32,37152,卖盘
2169,11:04:57,11.61,--,75,87075,卖盘
2170,11:04:54,11.61,-0.01,2,2322,卖盘
2171,11:04:45,11.62,0.01,200,232399,买盘
2172,11:04:42,11.61,--,57,66177,卖盘
2173,11:04:39,11.61,--,52,60372,卖盘
2174,11:04:24,11.61,-0.01,68,78948,卖盘
2175,11:04:21,11.62,0.01,1,1162,买盘
2176,11:04:18,11.61,-0.01,3,3483,卖盘
2177,11:04:15,11.62,0.01,52,60423,买盘
2178,11:04:12,11.61,--,7,8127,卖盘
2179,11:04:09,11.61,-0.01,110,127710,卖盘
2180,11:04:03,11.62,0.01,21,24402,买盘
2181,11:03:54,11.61,-0.01,52,60372,卖盘
2182,11:03:51,11.62,0.01,12,13943,买盘
2183,11:03:45,11.61,--,1,1161,卖盘
2184,11:03:39,11.61,-0.01,107,124227,卖盘
2185,11:03:33,11.62,0.01,3,3485,买盘
2186,11:03:30,11.61,--,37,42957,卖盘
2187,11:03:24,11.61,--,50,58050,卖盘
2188,11:03:21,11.61,--,7,8127,卖盘
2189,11:03:15,11.61,--,1,1161,卖盘
2190,11:03:09,11.61,--,50,58050,卖盘
2191,11:03:06,11.61,0.01,234,271674,买盘
2192,11:03:03,11.6,--,153,177480,卖盘
2193,11:03:00,11.6,-0.01,35,40600,卖盘
2194,11:02:57,11.61,0.01,21,24381,买盘
2195,11:02:54,11.6,--,52,60320,卖盘
2196,11:02:51,11.6,--,1,1160,卖盘
2197,11:02:48,11.6,-0.01,28,32480,卖盘
2198,11:02:45,11.61,--,291,337851,卖盘
2199,11:02:42,11.61,--,85,98685,卖盘
2200,11:02:39,11.61,--,13,15093,卖盘
2201,11:02:36,11.61,--,50,58050,卖盘
2202,11:02:33,11.61,--,368,427248,卖盘
2203,11:02:30,11.61,--,50,58050,卖盘
2204,11:02:24,11.61,--,51,59211,卖盘
2205,11:02:18,11.61,--,36,41796,卖盘
2206,11:02:15,11.61,-0.01,2,2322,卖盘
2207,11:02:12,11.62,0.01,6,6971,买盘
2208,11:02:09,11.61,--,57,66177,卖盘
2209,11:02:03,11.61,--,14,16254,卖盘
2210,11:02:00,11.61,--,3,3483,卖盘
2211,11:01:54,11.61,--,52,60372,卖盘
2212,11:01:48,11.61,-0.01,4,4644,卖盘
2213,11:01:45,11.62,--,6,6971,买盘
2214,11:01:42,11.62,--,58,67396,买盘
2215,11:01:39,11.62,--,20,23240,买盘
2216,11:01:36,11.62,--,220,255639,买盘
2217,11:01:27,11.62,0.01,39,45318,买盘
2218,11:01:24,11.61,--,32,37152,卖盘
2219,11:01:21,11.61,--,99,114939,卖盘
2220,11:01:15,11.61,-0.01,2,2322,卖盘
2221,11:01:12,11.62,--,21,24402,买盘
2222,11:01:09,11.62,0.01,43,49966,买盘
2223,11:01:06,11.61,-0.01,138,160218,卖盘
2224,11:01:03,11.62,0.01,5,5810,买盘
2225,11:01:00,11.61,--,43,49923,卖盘
2226,11:00:54,11.61,-0.01,65,75465,卖盘
2227,11:00:51,11.62,0.01,53,61585,买盘
2228,11:00:48,11.61,--,20,23220,卖盘
2229,11:00:42,11.61,--,5,5805,卖盘
2230,11:00:39,11.61,--,3,3483,卖盘
2231,11:00:36,11.61,-0.01,57,66177,卖盘
2232,11:00:33,11.62,--,30,34860,买盘
2233,11:00:30,11.62,-0.01,31,36022,卖盘
2234,11:00:27,11.63,0.01,9,10467,买盘
2235,11:00:21,11.62,0.01,53,61585,买盘
2236,11:00:18,11.61,-0.01,69,80109,卖盘
2237,11:00:06,11.62,--,21,24402,卖盘
2238,11:00:03,11.62,0.01,4,4648,中性盘
2239,11:00:00,11.61,-0.01,25,29025,卖盘
2240,10:59:57,11.62,0.01,9,10458,买盘
2241,10:59:54,11.61,-0.01,55,63855,卖盘
2242,10:59:51,11.62,--,24,27887,卖盘
2243,10:59:45,11.62,-0.01,23,26726,卖盘
2244,10:59:42,11.63,0.01,113,131419,买盘
2245,10:59:39,11.62,--,45,52290,卖盘
2246,10:59:36,11.62,--,88,102256,卖盘
2247,10:59:33,11.62,-0.01,14,16267,卖盘
2248,10:59:30,11.63,--,140,162820,买盘
2249,10:59:27,11.63,--,51,59313,买盘
2250,10:59:21,11.63,0.01,62,72106,买盘
2251,10:59:18,11.62,-0.01,2,2324,卖盘
2252,10:59:15,11.63,--,17,19771,买盘
2253,10:59:12,11.63,--,33,38379,买盘
2254,10:59:09,11.63,0.01,3,3489,买盘
2255,10:59:06,11.62,--,52,60423,卖盘
2256,10:59:00,11.62,--,20,23240,卖盘
2257,10:58:54,11.62,--,18,20916,卖盘
2258,10:58:51,11.62,--,50,58099,卖盘
2259,10:58:48,11.62,0.01,44,51128,中性盘
2260,10:58:45,11.61,-0.01,36,41796,卖盘
2261,10:58:42,11.62,--,3,3485,买盘
2262,10:58:39,11.62,--,1,1162,卖盘
2263,10:58:36,11.62,0.01,7,8133,买盘
2264,10:58:33,11.61,-0.01,82,95202,卖盘
2265,10:58:30,11.62,--,28,32535,卖盘
2266,10:58:24,11.62,--,165,191730,卖盘
2267,10:58:18,11.62,-0.01,59,68558,卖盘
2268,10:58:06,11.63,0.01,10,11630,买盘
2269,10:58:03,11.62,-0.01,50,58099,卖盘
2270,10:57:57,11.63,0.01,33,38379,买盘
2271,10:57:54,11.62,--,1,1162,卖盘
2272,10:57:48,11.62,--,50,58099,卖盘
2273,10:57:45,11.62,-0.01,8,9296,中性盘
2274,10:57:39,11.63,0.01,618,718734,买盘
2275,10:57:33,11.62,-0.01,91,105742,卖盘
2276,10:57:30,11.63,--,5,5815,买盘
2277,10:57:27,11.63,0.01,50,58150,买盘
2278,10:57:21,11.62,--,3,3485,卖盘
2279,10:57:18,11.62,-0.01,50,58099,卖盘
2280,10:57:09,11.63,0.01,20,23260,买盘
2281,10:57:06,11.62,--,1,1162,卖盘
2282,10:57:03,11.62,--,55,63909,卖盘
2283,10:56:54,11.62,--,5,5810,卖盘
2284,10:56:48,11.62,-0.01,78,90636,卖盘
2285,10:56:39,11.63,-0.01,8,9304,买盘
2286,10:56:36,11.64,0.01,301,350364,买盘
2287,10:56:33,11.63,--,5,5815,卖盘
2288,10:56:30,11.63,--,57,66291,卖盘
2289,10:56:24,11.63,--,1,1163,卖盘
2290,10:56:21,11.63,--,36,41868,卖盘
2291,10:56:18,11.63,--,500,581500,卖盘
2292,10:56:15,11.63,-0.01,52,60476,卖盘
2293,10:56:12,11.64,0.01,81,94284,买盘
2294,10:56:09,11.63,--,3,3489,卖盘
2295,10:56:06,11.63,-0.01,2,2326,卖盘
2296,10:56:03,11.64,0.01,14,16296,买盘
2297,10:56:00,11.63,--,50,58150,卖盘
2298,10:55:57,11.63,--,45,52335,卖盘
2299,10:55:45,11.63,-0.02,184,213992,卖盘
2300,10:55:33,11.65,0.01,5,5825,买盘
2301,10:55:30,11.64,-0.01,50,58200,卖盘
2302,10:55:27,11.65,--,105,122325,买盘
2303,10:55:24,11.65,--,23,26795,买盘
2304,10:55:21,11.65,--,1,1165,买盘
2305,10:55:18,11.65,0.01,10,11650,买盘
2306,10:55:15,11.64,-0.01,123,143172,卖盘
2307,10:55:12,11.65,0.01,2,2330,买盘
2308,10:55:09,11.64,--,37,43068,卖盘
2309,10:55:06,11.64,--,1,1164,卖盘
2310,10:55:00,11.64,-0.01,50,58200,卖盘
2311,10:54:57,11.65,--,10,11650,买盘
2312,10:54:54,11.65,0.01,4,4660,买盘
2313,10:54:45,11.64,--,50,58200,卖盘
2314,10:54:42,11.64,-0.01,6,6984,卖盘
2315,10:54:39,11.65,--,20,23300,买盘
2316,10:54:33,11.65,0.01,1,1165,买盘
2317,10:54:30,11.64,-0.01,84,97776,卖盘
2318,10:54:27,11.65,0.01,3,3495,买盘
2319,10:54:18,11.64,--,29,33756,卖盘
2320,10:54:15,11.64,-0.01,398,463272,卖盘
2321,10:54:12,11.65,--,48,55920,买盘
2322,10:54:09,11.65,0.01,21,24465,买盘
2323,10:54:06,11.64,--,35,40740,卖盘
2324,10:54:00,11.64,--,55,64020,卖盘
2325,10:53:57,11.64,0.01,41,47724,中性盘
2326,10:53:54,11.63,-0.01,658,765254,卖盘
2327,10:53:45,11.64,--,56,65184,卖盘
2328,10:53:39,11.64,--,15,17460,买盘
2329,10:53:33,11.64,0.01,50,58200,买盘
2330,10:53:30,11.63,-0.01,39,45357,卖盘
2331,10:53:21,11.64,-0.01,18,20952,卖盘
2332,10:53:15,11.65,0.02,54,62910,买盘
2333,10:53:12,11.63,-0.01,64,74432,卖盘
2334,10:53:09,11.64,--,58,67512,卖盘
2335,10:53:06,11.64,--,2,2328,卖盘
2336,10:53:03,11.64,--,24,27936,卖盘
2337,10:53:00,11.64,--,53,61692,买盘
2338,10:52:57,11.64,--,10,11640,买盘
2339,10:52:51,11.64,-0.01,11,12804,买盘
2340,10:52:48,11.65,0.01,59,68735,买盘
2341,10:52:45,11.64,-0.01,36,41904,卖盘
2342,10:52:42,11.65,--,19,22135,买盘
2343,10:52:39,11.65,--,211,245815,买盘
2344,10:52:33,11.65,0.01,10,11650,买盘
2345,10:52:30,11.64,--,10,11640,买盘
2346,10:52:27,11.64,-0.01,67,77988,卖盘
2347,10:52:24,11.65,0.01,38,44270,买盘
2348,10:52:21,11.64,--,1,1164,卖盘
2349,10:52:18,11.64,--,25,29100,买盘
2350,10:52:15,11.64,--,33,38412,买盘
2351,10:52:12,11.64,--,35,40740,卖盘
2352,10:52:06,11.64,-0.01,7,8148,卖盘
2353,10:52:00,11.65,0.01,22,25630,买盘
2354,10:51:57,11.64,--,50,58200,卖盘
2355,10:51:54,11.64,--,32,37248,买盘
2356,10:51:51,11.64,0.01,7,8148,买盘
2357,10:51:48,11.63,-0.01,3,3489,卖盘
2358,10:51:45,11.64,--,6,6984,买盘
2359,10:51:42,11.64,-0.01,8,9312,中性盘
2360,10:51:33,11.65,--,90,104850,买盘
2361,10:51:30,11.65,0.01,23,26795,买盘
2362,10:51:27,11.64,--,50,58200,卖盘
2363,10:51:18,11.64,--,2,2328,卖盘
2364,10:51:15,11.64,--,60,69840,卖盘
2365,10:51:12,11.64,--,55,64020,卖盘
2366,10:51:06,11.64,--,2,2328,卖盘
2367,10:51:03,11.64,--,2,2328,卖盘
2368,10:51:00,11.64,--,109,126876,买盘
2369,10:50:57,11.64,0.01,311,362004,买盘
2370,10:50:54,11.63,-0.01,7,8141,卖盘
2371,10:50:51,11.64,--,20,23280,买盘
2372,10:50:48,11.64,0.01,60,69840,买盘
2373,10:50:45,11.63,-0.01,4,4652,卖盘
2374,10:50:42,11.64,--,135,157140,买盘
2375,10:50:36,11.64,0.01,79,91956,买盘
2376,10:50:33,11.63,--,17,19771,卖盘
2377,10:50:24,11.63,-0.01,556,646628,卖盘
2378,10:50:21,11.64,--,138,160632,卖盘
2379,10:50:18,11.64,-0.01,10,11640,卖盘
2380,10:50:12,11.65,0.01,33,38445,买盘
2381,10:50:09,11.64,-0.01,51,59364,卖盘
2382,10:50:03,11.65,0.01,17,19805,买盘
2383,10:50:00,11.64,-0.01,32,37248,卖盘
2384,10:49:57,11.65,0.01,9,10485,买盘
2385,10:49:54,11.64,-0.01,60,69840,卖盘
2386,10:49:51,11.65,0.01,5,5825,买盘
2387,10:49:45,11.64,-0.01,51,59364,卖盘
2388,10:49:42,11.65,0.01,50,58250,买盘
2389,10:49:39,11.64,-0.01,148,172272,卖盘
2390,10:49:36,11.65,--,75,87375,卖盘
2391,10:49:33,11.65,--,27,31455,买盘
2392,10:49:30,11.65,--,3,3495,买盘
2393,10:49:27,11.65,0.01,5,5825,买盘
2394,10:49:24,11.64,-0.01,50,58200,卖盘
2395,10:49:18,11.65,--,3,3495,买盘
2396,10:49:09,11.65,--,107,124655,买盘
2397,10:49:06,11.65,--,58,67570,买盘
2398,10:48:57,11.65,0.01,35,40775,买盘
2399,10:48:54,11.64,-0.01,176,204864,卖盘
2400,10:48:51,11.65,0.01,8,9320,买盘
2401,10:48:39,11.64,--,57,66348,卖盘
2402,10:48:36,11.64,-0.01,33,38412,卖盘
2403,10:48:33,11.65,0.01,79,92035,买盘
2404,10:48:30,11.64,--,4,4656,卖盘
2405,10:48:27,11.64,--,68,79152,卖盘
2406,10:48:24,11.64,--,50,58200,卖盘
2407,10:48:15,11.64,--,10,11640,卖盘
2408,10:48:12,11.64,--,177,206028,卖盘
2409,10:48:09,11.64,--,350,407400,卖盘
2410,10:48:06,11.64,-0.01,1,1164,卖盘
2411,10:48:03,11.65,--,25,29125,买盘
2412,10:48:00,11.65,0.01,61,71065,买盘
2413,10:47:57,11.64,-0.01,36,41904,卖盘
2414,10:47:54,11.65,--,117,136305,买盘
2415,10:47:48,11.65,--,40,46600,买盘
2416,10:47:45,11.65,--,168,195720,买盘
2417,10:47:42,11.65,0.01,25,29125,买盘
2418,10:47:39,11.64,-0.01,52,60528,卖盘
2419,10:47:36,11.65,--,62,72230,买盘
2420,10:47:33,11.65,0.01,69,80385,买盘
2421,10:47:30,11.64,-0.01,17,19788,卖盘
2422,10:47:27,11.65,0.01,40,46600,买盘
2423,10:47:24,11.64,--,104,121056,卖盘
2424,10:47:21,11.64,--,50,58200,卖盘
2425,10:47:15,11.64,-0.01,3,3492,卖盘
2426,10:47:12,11.65,--,22,25630,买盘
2427,10:47:09,11.65,0.01,20,23300,买盘
2428,10:47:06,11.64,--,71,82644,卖盘
2429,10:47:00,11.64,0.01,1,1164,中性盘
2430,10:46:51,11.63,-0.02,65,75595,卖盘
2431,10:46:48,11.65,0.02,430,500950,买盘
2432,10:46:45,11.63,-0.01,38,44194,卖盘
2433,10:46:42,11.64,--,77,89628,卖盘
2434,10:46:39,11.64,-0.01,55,64020,买盘
2435,10:46:36,11.65,0.01,102,118830,买盘
2436,10:46:33,11.64,--,10,11640,卖盘
2437,10:46:27,11.64,--,20,23280,卖盘
2438,10:46:24,11.64,--,7,8148,卖盘
2439,10:46:21,11.64,--,50,58200,卖盘
2440,10:46:18,11.64,--,54,62856,买盘
2441,10:46:15,11.64,--,1,1164,买盘
2442,10:46:12,11.64,--,11,12804,买盘
2443,10:46:09,11.64,--,5,5820,买盘
2444,10:46:06,11.64,--,30,34920,卖盘
2445,10:46:00,11.64,--,12,13968,卖盘
2446,10:45:54,11.64,--,57,66348,买盘
2447,10:45:51,11.64,--,39,45396,卖盘
2448,10:45:45,11.64,--,204,237456,买盘
2449,10:45:42,11.64,0.01,12,13968,买盘
2450,10:45:36,11.63,--,60,69780,卖盘
2451,10:45:33,11.63,--,104,120952,卖盘
2452,10:45:24,11.63,--,2,2326,卖盘
2453,10:45:21,11.63,--,65,75595,卖盘
2454,10:45:18,11.63,--,4,4652,卖盘
2455,10:45:15,11.63,0.01,17,19771,买盘
2456,10:45:12,11.62,-0.01,148,171976,卖盘
2457,10:45:06,11.63,--,33,38379,卖盘
2458,10:45:03,11.63,-0.01,1,1163,卖盘
2459,10:45:00,11.64,0.01,104,121056,买盘
2460,10:44:57,11.63,--,31,36053,买盘
2461,10:44:54,11.63,--,86,100018,买盘
2462,10:44:51,11.63,0.01,15,17445,卖盘
2463,10:44:45,11.62,-0.01,33,38346,卖盘
2464,10:44:42,11.63,--,14,16282,卖盘
2465,10:44:39,11.63,--,6,6978,卖盘
2466,10:44:36,11.63,-0.01,50,58150,卖盘
2467,10:44:33,11.64,--,69,80316,买盘
2468,10:44:30,11.64,0.01,100,116400,买盘
2469,10:44:24,11.63,0.01,117,136071,买盘
2470,10:44:21,11.62,--,77,89474,卖盘
2471,10:44:18,11.62,--,112,130143,卖盘
2472,10:44:12,11.62,--,68,79016,买盘
2473,10:44:09,11.62,0.01,21,24402,买盘
2474,10:44:06,11.61,--,1,1161,卖盘
2475,10:44:03,11.61,--,50,58050,卖盘
2476,10:44:00,11.61,-0.01,43,49923,卖盘
2477,10:43:57,11.62,--,47,54613,卖盘
2478,10:43:54,11.62,--,9,10458,卖盘
2479,10:43:51,11.62,--,52,60423,卖盘
2480,10:43:48,11.62,--,50,58099,卖盘
2481,10:43:39,11.62,--,2,2324,卖盘
2482,10:43:36,11.62,0.01,2,2324,中性盘
2483,10:43:33,11.61,--,81,94041,卖盘
2484,10:43:30,11.61,-0.01,133,154413,卖盘
2485,10:43:27,11.62,--,2,2324,买盘
2486,10:43:24,11.62,0.01,10,11620,买盘
2487,10:43:18,11.61,-0.01,50,58050,卖盘
2488,10:43:12,11.62,0.01,17,19754,买盘
2489,10:43:09,11.61,--,7,8127,卖盘
2490,10:43:03,11.61,-0.02,50,58050,卖盘
2491,10:43:00,11.63,0.02,20,23260,买盘
2492,10:42:57,11.61,--,255,296055,买盘
2493,10:42:51,11.61,--,43,49923,买盘
2494,10:42:48,11.61,0.01,60,69660,买盘
2495,10:42:45,11.6,-0.01,5,5800,卖盘
2496,10:42:39,11.61,--,3,3483,买盘
2497,10:42:36,11.61,-0.01,763,885843,卖盘
2498,10:42:33,11.62,--,70,81340,买盘
2499,10:42:30,11.62,--,10,11620,买盘
2500,10:42:27,11.62,--,3,3485,买盘
2501,10:42:24,11.62,--,11,12782,买盘
2502,10:42:21,11.62,--,6,6971,买盘
2503,10:42:18,11.62,-0.01,4,4648,卖盘
2504,10:42:12,11.63,0.01,188,218644,买盘
2505,10:42:09,11.62,--,44,51128,卖盘
2506,10:42:06,11.62,--,1,1162,卖盘
2507,10:42:03,11.62,0.01,122,141764,中性盘
2508,10:42:00,11.61,-0.01,87,101007,卖盘
2509,10:41:57,11.62,-0.01,109,126657,卖盘
2510,10:41:54,11.63,--,19,22097,买盘
2511,10:41:51,11.63,--,19,22097,买盘
2512,10:41:48,11.63,--,439,510557,买盘
2513,10:41:45,11.63,--,13,15119,买盘
2514,10:41:42,11.63,--,20,23260,买盘
2515,10:41:39,11.63,--,9,10467,买盘
2516,10:41:36,11.63,0.01,68,79084,买盘
2517,10:41:33,11.62,-0.01,59,68558,卖盘
2518,10:41:27,11.63,0.01,10,11630,买盘
2519,10:41:24,11.62,-0.02,55,63909,卖盘
2520,10:41:18,11.64,0.01,121,140844,买盘
2521,10:41:15,11.63,-0.01,50,58150,卖盘
2522,10:41:12,11.64,--,141,164124,买盘
2523,10:41:09,11.64,--,121,140844,买盘
2524,10:41:03,11.64,--,10,11640,买盘
2525,10:41:00,11.64,0.01,79,91956,买盘
2526,10:40:54,11.63,--,23,26749,卖盘
2527,10:40:51,11.63,--,7,8141,卖盘
2528,10:40:48,11.63,0.01,421,489623,买盘
2529,10:40:45,11.62,--,125,145250,卖盘
2530,10:40:42,11.62,-0.01,1,1162,卖盘
2531,10:40:39,11.63,--,9,10467,买盘
2532,10:40:36,11.63,0.01,128,148864,买盘
2533,10:40:33,11.62,--,74,85988,卖盘
2534,10:40:30,11.62,0.01,50,58099,卖盘
2535,10:40:27,11.61,-0.02,121,140481,卖盘
2536,10:40:24,11.63,0.01,95,110485,买盘
2537,10:40:18,11.62,--,16,18592,买盘
2538,10:40:15,11.62,--,44,51128,卖盘
2539,10:40:12,11.62,-0.01,3,3485,卖盘
2540,10:40:09,11.63,0.01,1,1163,买盘
2541,10:40:06,11.62,--,11,12782,买盘
2542,10:40:03,11.62,0.01,851,988861,买盘
2543,10:40:00,11.61,--,50,58050,卖盘
2544,10:39:51,11.61,0.01,1,1161,中性盘
2545,10:39:45,11.6,-0.01,86,99760,卖盘
2546,10:39:42,11.61,0.01,5,5805,买盘
2547,10:39:39,11.6,--,1,1160,卖盘
2548,10:39:36,11.6,-0.02,15,17400,卖盘
2549,10:39:33,11.62,0.01,107,124333,买盘
2550,10:39:30,11.61,--,34,39474,卖盘
2551,10:39:27,11.61,0.01,136,157896,买盘
2552,10:39:24,11.6,-0.01,2,2320,卖盘
2553,10:39:21,11.61,--,53,61533,买盘
2554,10:39:15,11.61,0.01,201,233361,买盘
2555,10:39:12,11.6,-0.01,2,2320,卖盘
2556,10:39:09,11.61,--,8,9288,买盘
2557,10:39:06,11.61,0.01,10,11610,买盘
2558,10:39:00,11.6,-0.01,50,58000,卖盘
2559,10:38:54,11.61,--,23,26703,买盘
2560,10:38:51,11.61,--,5,5805,买盘
2561,10:38:48,11.61,0.01,6,6966,买盘
2562,10:38:45,11.6,--,51,59160,卖盘
2563,10:38:42,11.6,-0.01,7,8120,卖盘
2564,10:38:39,11.61,--,61,70821,买盘
2565,10:38:36,11.61,--,167,193887,买盘
2566,10:38:33,11.61,--,3,3483,买盘
2567,10:38:30,11.61,0.01,57,66177,买盘
2568,10:38:27,11.6,--,2,2320,卖盘
2569,10:38:24,11.6,-0.01,67,77720,卖盘
2570,10:38:21,11.61,--,30,34830,买盘
2571,10:38:15,11.61,0.01,11,12771,买盘
2572,10:38:12,11.6,-0.01,77,90248,卖盘
2573,10:38:06,11.61,--,311,361071,买盘
2574,10:38:00,11.61,--,65,75465,卖盘
2575,10:37:57,11.61,-0.01,118,136998,卖盘
2576,10:37:54,11.62,0.01,11,12782,买盘
2577,10:37:51,11.61,-0.01,2,2322,卖盘
2578,10:37:48,11.62,0.01,311,361382,买盘
2579,10:37:45,11.61,--,719,834759,卖盘
2580,10:37:42,11.61,-0.01,50,58050,卖盘
2581,10:37:33,11.62,0.02,50,58099,买盘
2582,10:37:30,11.6,-0.01,8,9280,卖盘
2583,10:37:27,11.61,--,28,32508,卖盘
2584,10:37:24,11.61,0.01,2,2322,中性盘
2585,10:37:21,11.6,--,35,40600,卖盘
2586,10:37:18,11.6,--,2,2320,卖盘
2587,10:37:15,11.6,--,2,2320,卖盘
2588,10:37:12,11.6,--,104,120640,卖盘
2589,10:37:06,11.6,-0.01,6,6960,卖盘
2590,10:37:03,11.61,--,119,138159,买盘
2591,10:37:00,11.61,0.01,49,56889,买盘
2592,10:36:57,11.6,-0.01,50,58000,卖盘
2593,10:36:54,11.61,0.01,154,178794,买盘
2594,10:36:45,11.6,--,178,206480,卖盘
2595,10:36:42,11.6,--,50,58000,卖盘
2596,10:36:33,11.6,--,289,335240,买盘
2597,10:36:30,11.6,0.01,87,100920,买盘
2598,10:36:27,11.59,--,51,59109,卖盘
2599,10:36:21,11.59,--,105,121695,卖盘
2600,10:36:18,11.59,-0.01,22,25498,卖盘
2601,10:36:12,11.6,0.01,5,5800,买盘
2602,10:36:09,11.59,--,50,57950,卖盘
2603,10:36:06,11.59,--,2,2318,卖盘
2604,10:36:00,11.59,-0.01,133,154147,卖盘
2605,10:35:57,11.6,--,105,121800,买盘
2606,10:35:51,11.6,--,31,35960,买盘
2607,10:35:45,11.6,0.01,19,22040,买盘
2608,10:35:42,11.59,0.01,120,139080,买盘
2609,10:35:39,11.58,-0.01,15,17370,卖盘
2610,10:35:36,11.59,--,68,78812,买盘
2611,10:35:33,11.59,--,123,142557,卖盘
2612,10:35:30,11.59,0.01,70,81130,买盘
2613,10:35:27,11.58,--,8,9264,卖盘
2614,10:35:24,11.58,-0.01,262,303396,卖盘
2615,10:35:21,11.59,--,47,54473,买盘
2616,10:35:18,11.59,--,50,57950,买盘
2617,10:35:12,11.59,0.01,54,62586,买盘
2618,10:35:09,11.58,-0.01,50,57900,卖盘
2619,10:35:06,11.59,0.01,2,2318,买盘
2620,10:35:03,11.58,-0.01,1,1158,卖盘
2621,10:35:00,11.59,0.01,69,79971,买盘
2622,10:34:57,11.58,--,39,45162,卖盘
2623,10:34:54,11.58,--,64,74112,卖盘
2624,10:34:51,11.58,--,11,12738,卖盘
2625,10:34:45,11.58,-0.01,112,129696,卖盘
2626,10:34:42,11.59,0.01,300,347700,买盘
2627,10:34:39,11.58,-0.01,51,59058,卖盘
2628,10:34:36,11.59,--,217,251503,买盘
2629,10:34:33,11.59,0.01,27,31293,买盘
2630,10:34:30,11.58,-0.01,201,232758,卖盘
2631,10:34:27,11.59,0.01,20,23180,买盘
2632,10:34:24,11.58,-0.01,52,60216,卖盘
2633,10:34:18,11.59,0.01,50,57950,买盘
2634,10:34:15,11.58,--,12,13896,卖盘
2635,10:34:12,11.58,--,8,9264,卖盘
2636,10:34:09,11.58,--,50,57900,卖盘
2637,10:34:06,11.58,--,31,35898,卖盘
2638,10:34:03,11.58,--,4,4632,卖盘
2639,10:34:00,11.58,-0.01,8,9264,卖盘
2640,10:33:54,11.59,--,51,59109,买盘
2641,10:33:48,11.59,--,21,24339,买盘
2642,10:33:45,11.59,0.01,1,1159,买盘
2643,10:33:42,11.58,--,14,16212,卖盘
2644,10:33:39,11.58,-0.01,50,57900,卖盘
2645,10:33:36,11.59,-0.01,507,587613,卖盘
2646,10:33:33,11.6,0.01,1,1160,买盘
2647,10:33:24,11.59,--,51,59109,卖盘
2648,10:33:21,11.59,--,2,2318,卖盘
2649,10:33:15,11.59,-0.01,168,194712,卖盘
2650,10:33:12,11.6,0.01,1,1160,买盘
2651,10:33:09,11.59,-0.01,62,71858,卖盘
2652,10:33:06,11.6,--,3,3480,买盘
2653,10:33:00,11.6,0.01,23,26680,买盘
2654,10:32:57,11.59,--,7,8113,卖盘
2655,10:32:54,11.59,-0.01,50,57950,卖盘
2656,10:32:51,11.6,0.01,3,3480,买盘
2657,10:32:48,11.59,--,4,4636,卖盘
2658,10:32:45,11.59,--,1,1159,卖盘
2659,10:32:39,11.59,-0.01,61,70699,卖盘
2660,10:32:33,11.6,--,74,85840,买盘
2661,10:32:30,11.6,--,100,116000,买盘
2662,10:32:27,11.6,--,1,1160,买盘
2663,10:32:24,11.6,--,61,70760,买盘
2664,10:32:15,11.6,--,1,1160,买盘
2665,10:32:12,11.6,0.01,390,452400,买盘
2666,10:32:09,11.59,--,11,12749,卖盘
2667,10:32:06,11.59,-0.01,54,62586,卖盘
2668,10:31:57,11.6,0.01,31,35960,买盘
2669,10:31:54,11.59,--,8,9272,卖盘
2670,10:31:51,11.59,-0.01,50,57950,卖盘
2671,10:31:48,11.6,0.01,2,2320,买盘
2672,10:31:45,11.59,-0.01,41,47519,卖盘
2673,10:31:42,11.6,--,1,1160,买盘
2674,10:31:39,11.6,0.01,9,10440,买盘
2675,10:31:36,11.59,--,118,136762,卖盘
2676,10:31:33,11.59,--,155,179645,卖盘
2677,10:31:30,11.59,--,82,95038,卖盘
2678,10:31:27,11.59,--,9,10431,卖盘
2679,10:31:24,11.59,--,2,2318,卖盘
2680,10:31:21,11.59,-0.01,53,61427,卖盘
2681,10:31:18,11.6,0.01,10,11600,买盘
2682,10:31:15,11.59,--,18,20862,卖盘
2683,10:31:12,11.59,-0.01,36,41724,卖盘
2684,10:31:09,11.6,0.01,1,1160,买盘
2685,10:31:06,11.59,-0.01,51,59109,卖盘
2686,10:31:00,11.6,-0.01,121,140360,卖盘
2687,10:30:57,11.61,--,21,24381,买盘
2688,10:30:54,11.61,0.01,4,4644,买盘
2689,10:30:51,11.6,--,50,58000,卖盘
2690,10:30:48,11.6,--,8,9280,中性盘
2691,10:30:42,11.6,--,32,37120,买盘
2692,10:30:36,11.6,--,191,221560,买盘
2693,10:30:33,11.6,0.01,9,10440,买盘
2694,10:30:24,11.59,--,8,9272,卖盘
2695,10:30:21,11.59,-0.01,52,60268,卖盘
2696,10:30:18,11.6,--,60,69600,买盘
2697,10:30:15,11.6,0.01,1,1160,买盘
2698,10:30:12,11.59,--,5,5795,卖盘
2699,10:30:09,11.59,-0.01,10,11590,卖盘
2700,10:30:06,11.6,0.01,3,3480,买盘
2701,10:30:03,11.59,--,58,67222,卖盘
2702,10:29:57,11.59,-0.01,4,4636,卖盘
2703,10:29:54,11.6,0.01,1,1160,买盘
2704,10:29:51,11.59,--,2,2318,卖盘
2705,10:29:48,11.59,--,72,83448,卖盘
2706,10:29:45,11.59,--,1,1159,卖盘
2707,10:29:42,11.59,--,50,57950,卖盘
2708,10:29:39,11.59,--,85,98515,卖盘
2709,10:29:36,11.59,--,23,26657,卖盘
2710,10:29:33,11.59,-0.01,118,136762,卖盘
2711,10:29:30,11.6,0.01,51,59160,买盘
2712,10:29:27,11.59,--,42,48678,卖盘
2713,10:29:21,11.59,--,7,8113,卖盘
2714,10:29:18,11.59,-0.01,52,60268,卖盘
2715,10:29:09,11.6,--,1,1160,买盘
2716,10:29:06,11.6,0.01,101,117160,买盘
2717,10:29:03,11.59,--,61,70699,卖盘
2718,10:29:00,11.59,-0.01,40,46360,卖盘
2719,10:28:51,11.6,0.01,310,359600,买盘
2720,10:28:48,11.59,--,51,59109,卖盘
2721,10:28:45,11.59,-0.01,25,28975,卖盘
2722,10:28:36,11.6,0.01,69,80040,买盘
2723,10:28:33,11.59,--,12,13908,卖盘
2724,10:28:27,11.59,-0.01,3,3477,卖盘
2725,10:28:24,11.6,0.01,20,23200,买盘
2726,10:28:21,11.59,--,2,2318,买盘
2727,10:28:18,11.59,--,33,38247,卖盘
2728,10:28:15,11.59,--,21,24339,卖盘
2729,10:28:12,11.59,-0.01,30,34770,卖盘
2730,10:28:06,11.6,0.01,43,49880,买盘
2731,10:28:03,11.59,--,56,64904,卖盘
2732,10:27:57,11.59,-0.01,68,78812,买盘
2733,10:27:54,11.6,0.02,60,69600,买盘
2734,10:27:51,11.58,-0.01,287,332346,卖盘
2735,10:27:48,11.59,--,35,40565,卖盘
2736,10:27:45,11.59,-0.01,1,1159,卖盘
2737,10:27:42,11.6,--,110,127600,买盘
2738,10:27:33,11.6,0.01,118,136880,买盘
2739,10:27:27,11.59,-0.01,19,22021,卖盘
2740,10:27:24,11.6,0.01,100,116000,买盘
2741,10:27:21,11.59,0.01,30,34770,卖盘
2742,10:27:18,11.58,--,385,445830,卖盘
2743,10:27:12,11.58,-0.01,19,22002,卖盘
2744,10:27:09,11.59,0.01,15,17385,买盘
2745,10:27:06,11.58,-0.01,1,1158,卖盘
2746,10:27:03,11.59,-0.01,240,278160,卖盘
2747,10:27:00,11.6,0.01,37,42920,买盘
2748,10:26:48,11.59,-0.01,50,57950,卖盘
2749,10:26:45,11.6,0.01,107,124120,买盘
2750,10:26:39,11.59,--,384,445056,卖盘
2751,10:26:36,11.59,-0.01,200,231800,卖盘
2752,10:26:33,11.6,0.01,119,138040,买盘
2753,10:26:30,11.59,--,2,2318,卖盘
2754,10:26:27,11.59,--,36,41724,卖盘
2755,10:26:24,11.59,--,23,26657,卖盘
2756,10:26:21,11.59,--,39,45201,卖盘
2757,10:26:18,11.59,--,57,66063,卖盘
2758,10:26:12,11.59,--,36,41724,买盘
2759,10:26:09,11.59,--,12,13908,买盘
2760,10:26:03,11.59,--,2,2318,买盘
2761,10:26:00,11.59,-0.01,29,33611,中性盘
2762,10:25:54,11.6,0.02,16,18560,买盘
2763,10:25:48,11.58,-0.01,341,394878,卖盘
2764,10:25:45,11.59,--,51,59109,卖盘
2765,10:25:42,11.59,--,12,14626,中性盘
2766,10:25:33,11.59,0.01,18,20862,买盘
2767,10:25:30,11.58,-0.01,50,57900,卖盘
2768,10:25:27,11.59,--,21,24339,买盘
2769,10:25:21,11.59,0.01,17,19703,买盘
2770,10:25:15,11.58,--,107,123906,卖盘
2771,10:25:12,11.58,--,7,8106,卖盘
2772,10:25:09,11.58,0.01,24,27792,买盘
2773,10:25:06,11.57,--,1,1157,卖盘
2774,10:25:03,11.57,--,9,10413,卖盘
2775,10:25:00,11.57,-0.01,1185,1371426,卖盘
2776,10:24:57,11.58,--,32,37056,买盘
2777,10:24:54,11.58,--,14,16212,买盘
2778,10:24:51,11.58,--,10,11580,买盘
2779,10:24:45,11.58,--,53,61374,买盘
2780,10:24:42,11.58,--,22,25476,买盘
2781,10:24:36,11.58,--,17,19686,买盘
2782,10:24:33,11.58,0.01,6,6948,买盘
2783,10:24:30,11.57,--,50,57850,卖盘
2784,10:24:24,11.57,-0.01,1,1157,卖盘
2785,10:24:21,11.58,--,5,5790,买盘
2786,10:24:15,11.58,--,70,81060,买盘
2787,10:24:12,11.58,--,2,2316,买盘
2788,10:24:09,11.58,--,665,770070,卖盘
2789,10:24:06,11.58,--,10,11580,卖盘
2790,10:24:03,11.58,--,36,41688,卖盘
2791,10:23:57,11.58,--,50,57900,卖盘
2792,10:23:51,11.58,--,9,10422,卖盘
2793,10:23:45,11.58,--,16,18528,卖盘
2794,10:23:42,11.58,--,50,57900,卖盘
2795,10:23:39,11.58,--,52,60216,卖盘
2796,10:23:30,11.58,--,387,448146,卖盘
2797,10:23:27,11.58,-0.01,53,61374,卖盘
2798,10:23:24,11.59,0.01,23,26657,买盘
2799,10:23:21,11.58,-0.01,41,47478,卖盘
2800,10:23:18,11.59,--,44,50996,买盘
2801,10:23:15,11.59,0.01,10,11590,买盘
2802,10:23:12,11.58,--,90,104220,卖盘
2803,10:23:06,11.58,--,3,3474,卖盘
2804,10:23:03,11.58,--,91,105378,卖盘
2805,10:23:00,11.58,-0.01,56,64848,卖盘
2806,10:22:57,11.59,--,59,68381,买盘
2807,10:22:54,11.59,--,150,173850,卖盘
2808,10:22:51,11.59,--,71,82289,卖盘
2809,10:22:42,11.59,-0.01,50,57950,卖盘
2810,10:22:39,11.6,0.01,13,15080,买盘
2811,10:22:36,11.59,--,20,23180,卖盘
2812,10:22:33,11.59,-0.01,70,81130,卖盘
2813,10:22:30,11.6,0.01,20,23200,买盘
2814,10:22:27,11.59,0.01,132,152988,买盘
2815,10:22:24,11.58,-0.01,1,1158,卖盘
2816,10:22:18,11.59,0.01,91,105469,买盘
2817,10:22:12,11.58,-0.01,50,57900,卖盘
2818,10:22:03,11.59,--,10,11590,买盘
2819,10:21:57,11.59,0.01,34,39406,买盘
2820,10:21:54,11.58,--,8,9264,卖盘
2821,10:21:51,11.58,-0.01,50,57900,卖盘
2822,10:21:48,11.59,--,193,223687,卖盘
