,time,price,change,volume,amount,type
0,15:00:03,12.07,-0.01,7723,9321661,卖盘
1,14:57:00,12.08,0.01,101,122008,买盘
2,14:56:57,12.07,--,10,12070,卖盘
3,14:56:54,12.07,0.01,88,106216,买盘
4,14:56:51,12.06,--,1217,1467702,买盘
5,14:56:48,12.06,--,78,94068,买盘
6,14:56:45,12.06,--,61,73566,买盘
7,14:56:42,12.06,--,89,107334,卖盘
8,14:56:39,12.06,-0.01,39,47034,卖盘
9,14:56:36,12.07,0.01,158,190706,卖盘
10,14:56:33,12.06,--,490,590940,卖盘
11,14:56:30,12.06,--,929,1120374,卖盘
12,14:56:27,12.06,--,181,218286,卖盘
13,14:56:24,12.06,--,142,171252,卖盘
14,14:56:21,12.06,--,262,315972,卖盘
15,14:56:18,12.06,--,1049,1265094,卖盘
16,14:56:15,12.06,--,79,95274,卖盘
17,14:56:12,12.06,-0.01,35,42210,卖盘
18,14:56:09,12.07,0.01,496,598672,买盘
19,14:56:06,12.06,--,533,642798,卖盘
20,14:56:03,12.06,--,66,79596,卖盘
21,14:56:00,12.06,--,273,329238,买盘
22,14:55:57,12.06,--,110,132660,买盘
23,14:55:54,12.06,--,129,155574,买盘
24,14:55:51,12.06,0.01,55,66330,买盘
25,14:55:48,12.05,-0.01,567,683235,卖盘
26,14:55:45,12.06,--,117,141102,卖盘
27,14:55:42,12.06,--,28,33768,卖盘
28,14:55:39,12.06,--,143,172458,卖盘
29,14:55:36,12.06,0.01,54,65124,买盘
30,14:55:33,12.05,-0.02,126,151830,卖盘
31,14:55:30,12.07,0.02,100,120700,买盘
32,14:55:27,12.05,-0.01,123,148215,卖盘
33,14:55:24,12.06,-0.01,530,639180,卖盘
34,14:55:21,12.07,0.01,278,336318,买盘
35,14:55:18,12.06,--,278,335268,买盘
36,14:55:15,12.06,--,247,297882,买盘
37,14:55:12,12.06,--,168,202608,买盘
38,14:55:06,12.06,0.01,25,30150,买盘
39,14:55:03,12.05,-0.01,120,144600,卖盘
40,14:55:00,12.06,--,114,137484,买盘
41,14:54:57,12.06,--,114,137484,买盘
42,14:54:54,12.06,--,50,60300,买盘
43,14:54:51,12.06,--,57,68742,买盘
44,14:54:48,12.06,-0.01,1146,1382992,卖盘
45,14:54:45,12.07,--,90,108630,买盘
46,14:54:42,12.07,--,85,102595,买盘
47,14:54:39,12.07,--,253,305371,买盘
48,14:54:36,12.07,--,750,905250,卖盘
49,14:54:33,12.07,--,50,60350,卖盘
50,14:54:30,12.07,-0.01,30,36210,卖盘
51,14:54:27,12.08,0.01,33,39864,买盘
52,14:54:24,12.07,--,454,547978,卖盘
53,14:54:21,12.07,--,555,669885,卖盘
54,14:54:18,12.07,-0.01,643,776101,卖盘
55,14:54:15,12.08,--,320,386560,卖盘
56,14:54:12,12.08,0.01,22,26576,中性盘
57,14:54:09,12.07,--,554,668678,卖盘
58,14:54:06,12.07,-0.01,39,47073,卖盘
59,14:54:03,12.08,--,98,118384,买盘
60,14:54:00,12.08,--,150,181200,买盘
61,14:53:57,12.08,--,3,3624,买盘
62,14:53:54,12.08,--,35,42280,买盘
63,14:53:51,12.08,-0.01,1014,1224912,卖盘
64,14:53:48,12.09,--,221,267189,卖盘
65,14:53:45,12.09,-0.01,15,18135,卖盘
66,14:53:42,12.1,0.01,141,170610,买盘
67,14:53:39,12.09,--,193,233337,买盘
68,14:53:36,12.09,--,85,102765,买盘
69,14:53:33,12.09,--,236,285324,买盘
70,14:53:30,12.09,--,290,350610,买盘
71,14:53:27,12.09,--,1046,1264614,卖盘
72,14:53:24,12.09,-0.01,128,154752,卖盘
73,14:53:21,12.1,0.01,124,150040,买盘
74,14:53:18,12.09,--,152,183768,卖盘
75,14:53:15,12.09,--,92,111228,卖盘
76,14:53:12,12.09,--,177,213993,买盘
77,14:53:09,12.09,--,226,273234,买盘
78,14:53:06,12.09,--,4,4836,买盘
79,14:53:03,12.09,--,461,557349,卖盘
80,14:53:00,12.09,--,5,6045,卖盘
81,14:52:57,12.09,-0.01,206,249054,卖盘
82,14:52:54,12.1,0.01,11,13310,买盘
83,14:52:48,12.09,-0.01,177,213993,卖盘
84,14:52:42,12.1,--,336,406560,买盘
85,14:52:39,12.1,--,20,24200,买盘
86,14:52:36,12.1,--,62,75020,卖盘
87,14:52:33,12.1,--,42,50820,卖盘
88,14:52:30,12.1,--,43,52030,买盘
89,14:52:27,12.1,-0.01,875,1058750,卖盘
90,14:52:24,12.11,--,51,61761,买盘
91,14:52:21,12.11,--,90,108990,买盘
92,14:52:18,12.11,-0.01,51,61761,卖盘
93,14:52:15,12.12,0.01,20,24240,买盘
94,14:52:12,12.11,--,74,89614,买盘
95,14:52:09,12.11,--,176,213136,买盘
96,14:52:06,12.11,-0.01,128,155008,卖盘
97,14:52:03,12.12,0.01,152,184224,买盘
98,14:52:00,12.11,-0.01,344,416584,卖盘
99,14:51:57,12.12,0.01,62,75144,买盘
100,14:51:54,12.11,--,57,69027,卖盘
101,14:51:51,12.11,--,262,317282,卖盘
102,14:51:48,12.11,--,342,414162,卖盘
103,14:51:45,12.11,--,41,49651,卖盘
104,14:51:42,12.11,0.01,522,632142,买盘
105,14:51:39,12.1,--,151,182710,卖盘
106,14:51:36,12.1,--,30,36300,卖盘
107,14:51:33,12.1,0.01,175,211750,买盘
108,14:51:30,12.09,--,142,171678,卖盘
109,14:51:27,12.09,--,218,263562,卖盘
110,14:51:24,12.09,-0.01,42,50778,卖盘
111,14:51:21,12.1,0.01,13,15730,买盘
112,14:51:18,12.09,--,76,91884,卖盘
113,14:51:15,12.09,-0.01,12,14508,卖盘
114,14:51:12,12.1,0.01,3,3630,买盘
115,14:51:09,12.09,--,225,272025,买盘
116,14:51:06,12.09,0.01,95,114855,买盘
117,14:51:03,12.08,--,90,108720,卖盘
118,14:51:00,12.08,--,85,102680,买盘
119,14:50:57,12.08,--,284,343072,买盘
120,14:50:54,12.08,0.01,21,25368,买盘
121,14:50:51,12.07,--,27,32589,卖盘
122,14:50:48,12.07,--,109,131563,卖盘
123,14:50:45,12.07,--,111,133977,买盘
124,14:50:42,12.07,--,109,131852,买盘
125,14:50:39,12.07,0.01,486,586602,买盘
126,14:50:36,12.06,--,34,41004,卖盘
127,14:50:33,12.06,--,229,276174,买盘
128,14:50:30,12.06,--,497,599382,买盘
129,14:50:27,12.06,--,52,62712,买盘
130,14:50:24,12.06,--,164,197784,买盘
131,14:50:21,12.06,0.01,331,399186,买盘
132,14:50:18,12.05,--,150,180750,卖盘
133,14:50:15,12.05,-0.01,312,375960,卖盘
134,14:50:12,12.06,0.01,142,171252,买盘
135,14:50:09,12.05,--,477,574785,卖盘
136,14:50:06,12.05,--,272,327760,卖盘
137,14:50:03,12.05,--,145,174725,卖盘
138,14:50:00,12.05,--,76,91580,卖盘
139,14:49:57,12.05,--,164,197620,卖盘
140,14:49:54,12.05,-0.01,59,71095,卖盘
141,14:49:51,12.06,--,1120,1350720,卖盘
142,14:49:48,12.06,--,150,180900,卖盘
143,14:49:45,12.06,0.01,186,224316,买盘
144,14:49:42,12.05,-0.01,54,65070,卖盘
145,14:49:39,12.06,-0.01,68,82008,买盘
146,14:49:36,12.07,--,302,364514,买盘
147,14:49:33,12.07,0.01,1043,1258901,买盘
148,14:49:30,12.06,-0.02,397,478782,卖盘
149,14:49:27,12.08,--,12,14496,买盘
150,14:49:24,12.08,--,72,86976,买盘
151,14:49:21,12.08,-0.01,1338,1616304,卖盘
152,14:49:18,12.09,--,30,36270,买盘
153,14:49:15,12.09,--,124,149916,卖盘
154,14:49:12,12.09,--,48,58032,卖盘
155,14:49:09,12.09,-0.01,346,418314,卖盘
156,14:49:06,12.1,--,2015,2438150,卖盘
157,14:49:03,12.1,--,383,463430,卖盘
158,14:49:00,12.1,-0.01,1498,1812580,卖盘
159,14:48:57,12.11,--,95,115045,买盘
160,14:48:54,12.11,--,331,400841,卖盘
161,14:48:51,12.11,--,347,420217,卖盘
162,14:48:48,12.11,--,212,256732,卖盘
163,14:48:45,12.11,-0.01,13,15743,卖盘
164,14:48:42,12.12,--,10,12120,买盘
165,14:48:39,12.12,--,314,380810,卖盘
166,14:48:36,12.12,--,303,367236,卖盘
167,14:48:33,12.12,-0.01,27,32723,卖盘
168,14:48:30,12.13,0.01,36,43668,买盘
169,14:48:27,12.12,--,19,23028,卖盘
170,14:48:24,12.12,-0.01,42,50904,卖盘
171,14:48:21,12.13,0.01,642,778940,买盘
172,14:48:18,12.12,--,143,173316,卖盘
173,14:48:15,12.12,--,22,27257,卖盘
174,14:48:12,12.12,-0.01,190,230279,卖盘
175,14:48:09,12.13,--,85,104160,卖盘
176,14:48:06,12.13,0.01,208,253274,买盘
177,14:48:03,12.12,-0.01,450,545400,卖盘
178,14:48:00,12.13,--,55,66715,买盘
179,14:47:57,12.13,--,148,179524,卖盘
180,14:47:54,12.13,--,111,134643,买盘
181,14:47:51,12.13,-0.01,31,37603,卖盘
182,14:47:48,12.14,0.01,337,409118,买盘
183,14:47:45,12.13,--,10,12130,卖盘
184,14:47:42,12.13,--,12,14556,卖盘
185,14:47:39,12.13,--,29,35177,卖盘
186,14:47:36,12.13,--,65,78845,卖盘
187,14:47:30,12.13,--,101,122513,卖盘
188,14:47:27,12.13,--,161,195571,买盘
189,14:47:24,12.13,--,201,243813,买盘
190,14:47:21,12.13,0.01,140,169820,买盘
191,14:47:18,12.12,-0.01,149,180588,卖盘
192,14:47:15,12.13,--,341,414567,卖盘
193,14:47:12,12.13,-0.01,178,215914,卖盘
194,14:47:09,12.14,--,6,7284,卖盘
195,14:47:06,12.14,0.01,79,95906,买盘
196,14:47:03,12.13,--,80,97040,卖盘
197,14:47:00,12.13,--,28,33964,卖盘
198,14:46:57,12.13,--,274,332362,卖盘
199,14:46:54,12.13,--,178,216471,卖盘
200,14:46:51,12.13,--,214,259582,卖盘
201,14:46:48,12.13,--,191,231683,卖盘
202,14:46:45,12.13,--,197,238961,卖盘
203,14:46:42,12.13,--,90,109170,卖盘
204,14:46:39,12.13,--,198,240174,卖盘
205,14:46:36,12.13,--,239,289907,卖盘
206,14:46:33,12.13,-0.01,14,16982,卖盘
207,14:46:30,12.14,0.01,91,110474,买盘
208,14:46:27,12.13,--,261,316593,卖盘
209,14:46:24,12.13,--,127,154051,卖盘
210,14:46:21,12.13,-0.01,43,52159,卖盘
211,14:46:18,12.14,--,594,721116,卖盘
212,14:46:15,12.14,--,9,10926,卖盘
213,14:46:12,12.14,-0.01,70,84980,卖盘
214,14:46:09,12.15,0.01,42,51030,买盘
215,14:46:06,12.14,--,243,295002,卖盘
216,14:46:03,12.14,--,130,157820,卖盘
217,14:46:00,12.14,-0.01,172,208808,卖盘
218,14:45:57,12.15,--,94,114210,买盘
219,14:45:54,12.15,--,37,44955,买盘
220,14:45:51,12.15,0.01,1,1215,买盘
221,14:45:48,12.14,--,16,19424,卖盘
222,14:45:45,12.14,-0.01,121,146894,卖盘
223,14:45:42,12.15,0.01,9,10935,卖盘
224,14:45:39,12.14,-0.01,39,48280,卖盘
225,14:45:36,12.15,0.01,132,160380,买盘
226,14:45:33,12.14,-0.01,21,25494,卖盘
227,14:45:30,12.15,--,48,58320,买盘
228,14:45:27,12.15,--,25,30375,买盘
229,14:45:24,12.15,--,8,9720,买盘
230,14:45:21,12.15,0.01,46,55890,买盘
231,14:45:18,12.14,-0.01,36,43704,卖盘
232,14:45:15,12.15,0.01,138,167670,买盘
233,14:45:12,12.14,--,45,54630,卖盘
234,14:45:09,12.14,--,6,7284,卖盘
235,14:45:06,12.14,--,215,261010,卖盘
236,14:45:03,12.14,--,131,159034,卖盘
237,14:45:00,12.14,-0.01,46,55844,卖盘
238,14:44:57,12.15,0.01,32,38880,买盘
239,14:44:54,12.14,--,58,70412,卖盘
240,14:44:51,12.14,--,98,118972,卖盘
241,14:44:48,12.14,0.01,142,172388,买盘
242,14:44:45,12.13,--,169,204997,卖盘
243,14:44:42,12.13,--,10,12130,卖盘
244,14:44:39,12.13,-0.01,16,19408,卖盘
245,14:44:36,12.14,--,29,35206,买盘
246,14:44:33,12.14,0.01,34,41276,买盘
247,14:44:30,12.13,--,25,30325,卖盘
248,14:44:27,12.13,-0.01,143,173459,卖盘
249,14:44:24,12.14,--,36,43704,卖盘
250,14:44:21,12.14,0.01,36,43704,中性盘
251,14:44:18,12.13,--,281,340853,卖盘
252,14:44:15,12.13,-0.01,184,223192,卖盘
253,14:44:06,12.14,0.01,10,12140,卖盘
254,14:44:00,12.13,-0.02,64,77632,卖盘
255,14:43:57,12.15,--,205,249075,买盘
256,14:43:54,12.15,--,388,471420,卖盘
257,14:43:51,12.15,--,150,182250,卖盘
258,14:43:48,12.15,--,77,93555,卖盘
259,14:43:45,12.15,--,3,3645,卖盘
260,14:43:42,12.15,--,230,279450,卖盘
261,14:43:39,12.15,-0.01,112,136080,卖盘
262,14:43:36,12.16,0.01,54,65664,买盘
263,14:43:33,12.15,-0.01,15,18225,卖盘
264,14:43:30,12.16,0.01,59,71744,买盘
265,14:43:27,12.15,-0.01,94,114210,卖盘
266,14:43:24,12.16,0.01,555,674880,买盘
267,14:43:18,12.15,--,125,151875,卖盘
268,14:43:15,12.15,-0.01,37,44955,卖盘
269,14:43:12,12.16,-0.01,356,432896,卖盘
270,14:43:09,12.17,--,39,47463,买盘
271,14:43:06,12.17,--,192,233664,买盘
272,14:43:03,12.17,0.01,3,3651,买盘
273,14:43:00,12.16,--,4,4864,卖盘
274,14:42:57,12.16,-0.01,52,63232,卖盘
275,14:42:54,12.17,--,58,70586,买盘
276,14:42:51,12.17,0.01,30,36510,买盘
277,14:42:48,12.16,-0.01,2,2432,卖盘
278,14:42:45,12.17,0.01,12,14604,买盘
279,14:42:42,12.16,-0.01,17,20672,卖盘
280,14:42:39,12.17,--,55,66935,买盘
281,14:42:36,12.17,--,9,10953,买盘
282,14:42:33,12.17,0.01,20,24340,买盘
283,14:42:30,12.16,-0.01,56,68096,卖盘
284,14:42:27,12.17,-0.01,257,312769,卖盘
285,14:42:24,12.18,--,381,464058,买盘
286,14:42:21,12.18,--,46,56028,买盘
287,14:42:18,12.18,--,44,53592,买盘
288,14:42:15,12.18,0.01,171,208278,买盘
289,14:42:12,12.17,-0.01,66,80322,卖盘
290,14:42:09,12.18,--,35,42630,买盘
291,14:42:06,12.18,--,9,10962,买盘
292,14:42:00,12.18,0.01,123,149814,中性盘
293,14:41:57,12.17,-0.01,35,42595,卖盘
294,14:41:54,12.18,--,431,524958,买盘
295,14:41:51,12.18,--,20,24360,买盘
296,14:41:48,12.18,0.01,216,263088,买盘
297,14:41:45,12.17,-0.01,39,47463,卖盘
298,14:41:42,12.18,--,50,60900,买盘
299,14:41:39,12.18,--,6,7308,买盘
300,14:41:36,12.18,0.01,107,130326,买盘
301,14:41:33,12.17,-0.01,391,475847,卖盘
302,14:41:30,12.18,0.01,10,12180,买盘
303,14:41:27,12.17,--,14,17038,卖盘
304,14:41:24,12.17,--,15,18255,卖盘
305,14:41:21,12.17,--,73,88841,卖盘
306,14:41:18,12.17,0.01,228,277476,买盘
307,14:41:15,12.16,-0.01,94,114304,卖盘
308,14:41:12,12.17,--,50,60850,买盘
309,14:41:09,12.17,0.01,70,85190,买盘
310,14:41:06,12.16,--,305,370880,卖盘
311,14:41:03,12.16,--,73,88768,卖盘
312,14:40:57,12.16,0.01,56,68096,中性盘
313,14:40:54,12.15,--,37,44955,卖盘
314,14:40:51,12.15,-0.01,167,202905,卖盘
315,14:40:48,12.16,0.01,106,128896,买盘
316,14:40:45,12.15,--,91,110565,卖盘
317,14:40:42,12.15,--,125,151875,卖盘
318,14:40:39,12.15,--,17,20655,卖盘
319,14:40:36,12.15,--,56,68040,卖盘
320,14:40:33,12.15,--,10,12150,卖盘
321,14:40:30,12.15,--,64,77760,卖盘
322,14:40:27,12.15,0.01,220,267300,买盘
323,14:40:24,12.14,--,99,120186,卖盘
324,14:40:21,12.14,--,75,91050,卖盘
325,14:40:18,12.14,--,49,59486,卖盘
326,14:40:15,12.14,--,478,580644,买盘
327,14:40:12,12.14,--,111,134754,买盘
328,14:40:09,12.14,0.01,13,15782,买盘
329,14:40:06,12.13,-0.01,30,36390,卖盘
330,14:40:03,12.14,--,50,60700,买盘
331,14:40:00,12.14,--,126,152964,买盘
332,14:39:57,12.14,--,683,829162,卖盘
333,14:39:54,12.14,--,57,69198,卖盘
334,14:39:51,12.14,--,55,66770,卖盘
335,14:39:48,12.14,--,63,76482,卖盘
336,14:39:45,12.14,--,151,183314,买盘
337,14:39:42,12.14,--,163,197882,买盘
338,14:39:39,12.14,--,61,74054,买盘
339,14:39:36,12.14,--,115,139610,买盘
340,14:39:33,12.14,--,104,126256,买盘
341,14:39:27,12.14,--,675,819450,卖盘
342,14:39:24,12.14,--,63,76482,卖盘
343,14:39:21,12.14,-0.01,238,288932,卖盘
344,14:39:18,12.15,--,37,44955,买盘
345,14:39:15,12.15,--,25,30375,买盘
346,14:39:12,12.15,--,60,72900,买盘
347,14:39:09,12.15,-0.01,976,1185840,卖盘
348,14:39:06,12.16,--,156,189696,买盘
349,14:39:03,12.16,-0.01,52,63232,卖盘
350,14:39:00,12.17,0.01,175,212975,买盘
351,14:38:57,12.16,-0.01,9,10944,卖盘
352,14:38:54,12.17,0.01,200,243400,买盘
353,14:38:51,12.16,--,170,206720,卖盘
354,14:38:48,12.16,-0.01,269,327104,卖盘
355,14:38:45,12.17,--,85,103445,卖盘
356,14:38:42,12.17,--,88,107096,买盘
357,14:38:39,12.17,0.01,79,96143,卖盘
358,14:38:36,12.16,-0.01,42,51072,卖盘
359,14:38:33,12.17,0.01,137,166729,买盘
360,14:38:30,12.16,--,38,46208,卖盘
361,14:38:27,12.16,-0.01,36,43776,卖盘
362,14:38:24,12.17,--,161,195937,买盘
363,14:38:21,12.17,0.01,70,85190,买盘
364,14:38:18,12.16,-0.01,14,17024,卖盘
365,14:38:15,12.17,0.01,8,9736,中性盘
366,14:38:12,12.16,-0.01,970,1179520,卖盘
367,14:38:09,12.17,--,101,122917,卖盘
368,14:38:06,12.17,--,80,97360,卖盘
369,14:38:03,12.17,--,55,66935,卖盘
370,14:38:00,12.17,--,32,38944,卖盘
371,14:37:57,12.17,0.01,218,265306,买盘
372,14:37:54,12.16,-0.01,313,380608,卖盘
373,14:37:51,12.17,0.01,203,247051,买盘
374,14:37:48,12.16,--,34,41344,卖盘
375,14:37:45,12.16,--,305,370880,卖盘
376,14:37:42,12.16,--,29,35264,卖盘
377,14:37:39,12.16,--,5,6080,卖盘
378,14:37:36,12.16,--,118,143488,卖盘
379,14:37:33,12.16,--,72,87552,买盘
380,14:37:30,12.16,--,5,6080,买盘
381,14:37:27,12.16,-0.01,48,58368,卖盘
382,14:37:24,12.17,0.01,564,686388,买盘
383,14:37:21,12.16,--,313,380608,卖盘
384,14:37:18,12.16,--,30,36480,卖盘
385,14:37:15,12.16,--,788,958208,买盘
386,14:37:12,12.16,0.01,55,66880,买盘
387,14:37:09,12.15,--,165,200475,卖盘
388,14:37:06,12.15,--,26,31590,卖盘
389,14:37:03,12.15,-0.01,54,65610,卖盘
390,14:37:00,12.16,--,265,322240,卖盘
391,14:36:57,12.16,--,60,72960,卖盘
392,14:36:54,12.16,--,265,322240,卖盘
393,14:36:51,12.16,-0.01,332,403712,卖盘
394,14:36:48,12.17,0.01,406,494102,买盘
395,14:36:45,12.16,-0.01,198,240768,卖盘
396,14:36:42,12.17,--,2,2434,买盘
397,14:36:39,12.17,-0.01,843,1025931,中性盘
398,14:36:36,12.18,0.01,116,141288,买盘
399,14:36:33,12.17,0.01,139,169163,买盘
400,14:36:30,12.16,-0.01,65,79040,卖盘
401,14:36:27,12.17,-0.01,197,239749,卖盘
402,14:36:24,12.18,0.01,260,316680,买盘
403,14:36:21,12.17,--,123,149691,卖盘
404,14:36:18,12.17,--,373,453941,卖盘
405,14:36:15,12.17,--,153,186201,卖盘
406,14:36:12,12.17,--,63,76671,卖盘
407,14:36:09,12.17,--,184,223928,卖盘
408,14:36:06,12.17,--,43,52331,卖盘
409,14:36:03,12.17,-0.01,203,247051,卖盘
410,14:36:00,12.18,--,16,19488,买盘
411,14:35:57,12.18,0.01,83,101094,买盘
412,14:35:54,12.17,-0.01,1,1217,卖盘
413,14:35:51,12.18,--,73,89535,卖盘
414,14:35:48,12.18,--,242,294756,卖盘
415,14:35:45,12.18,0.01,300,365996,买盘
416,14:35:42,12.17,--,16,19472,卖盘
417,14:35:39,12.17,-0.01,14,17038,卖盘
418,14:35:36,12.18,0.01,40,48720,买盘
419,14:35:33,12.17,--,15,18255,卖盘
420,14:35:30,12.17,-0.01,446,543938,卖盘
421,14:35:27,12.18,--,222,270396,卖盘
422,14:35:24,12.18,--,299,364182,卖盘
423,14:35:21,12.18,-0.01,576,701568,卖盘
424,14:35:18,12.19,0.01,5,6095,中性盘
425,14:35:15,12.18,-0.02,802,976836,卖盘
426,14:35:12,12.2,--,46,56120,买盘
427,14:35:09,12.2,--,176,214720,买盘
428,14:35:06,12.2,--,242,295240,卖盘
429,14:35:03,12.2,--,268,326960,卖盘
430,14:35:00,12.2,--,248,302560,卖盘
431,14:34:57,12.2,--,29,35380,卖盘
432,14:34:54,12.2,--,335,408700,卖盘
433,14:34:51,12.2,0.01,719,877180,买盘
434,14:34:48,12.19,--,72,87768,卖盘
435,14:34:45,12.19,--,383,466877,买盘
436,14:34:42,12.19,--,20,24380,买盘
437,14:34:39,12.19,0.01,26,31694,中性盘
438,14:34:36,12.18,-0.02,230,280140,卖盘
439,14:34:33,12.2,0.01,56,68320,买盘
440,14:34:30,12.19,--,50,60950,卖盘
441,14:34:27,12.19,--,16,19504,卖盘
442,14:34:24,12.19,--,377,459563,卖盘
443,14:34:21,12.19,--,53,64607,卖盘
444,14:34:18,12.19,--,33,40227,卖盘
445,14:34:15,12.19,--,73,88987,卖盘
446,14:34:12,12.19,-0.01,55,67045,卖盘
447,14:34:09,12.2,0.01,60,73200,买盘
448,14:34:06,12.19,-0.01,31,37789,卖盘
449,14:34:03,12.2,--,180,219600,卖盘
450,14:34:00,12.2,--,10,12200,卖盘
451,14:33:54,12.2,--,67,81740,卖盘
452,14:33:48,12.2,--,46,56120,卖盘
453,14:33:45,12.2,-0.01,96,117120,卖盘
454,14:33:39,12.21,0.01,50,61050,买盘
455,14:33:36,12.2,-0.01,130,158600,卖盘
456,14:33:33,12.21,--,70,85470,买盘
457,14:33:30,12.21,--,35,42735,卖盘
458,14:33:27,12.21,--,100,122100,卖盘
459,14:33:24,12.21,--,95,115995,卖盘
460,14:33:21,12.21,--,48,58608,卖盘
461,14:33:18,12.21,-0.01,91,111111,卖盘
462,14:33:15,12.22,0.01,36,43992,买盘
463,14:33:12,12.21,-0.01,31,37851,卖盘
464,14:33:09,12.22,0.01,30,36660,买盘
465,14:33:06,12.21,-0.01,75,91575,卖盘
466,14:33:03,12.22,--,32,39104,卖盘
467,14:33:00,12.22,--,30,36660,卖盘
468,14:32:54,12.22,-0.01,115,140530,卖盘
469,14:32:51,12.23,--,152,185896,买盘
470,14:32:48,12.23,--,200,244600,买盘
471,14:32:45,12.23,--,43,52589,买盘
472,14:32:42,12.23,0.01,89,108847,买盘
473,14:32:39,12.22,--,1,1222,卖盘
474,14:32:36,12.22,-0.01,36,43992,卖盘
475,14:32:33,12.23,0.01,40,48920,买盘
476,14:32:30,12.22,--,121,147862,卖盘
477,14:32:27,12.22,--,1,1222,卖盘
478,14:32:24,12.22,--,23,28106,卖盘
479,14:32:21,12.22,-0.01,26,31772,卖盘
480,14:32:18,12.23,0.01,15,18345,买盘
481,14:32:15,12.22,--,23,28106,卖盘
482,14:32:09,12.22,--,26,31772,卖盘
483,14:32:06,12.22,--,76,92872,卖盘
484,14:32:00,12.22,--,10,12220,卖盘
485,14:31:57,12.22,--,109,133198,卖盘
486,14:31:54,12.22,--,95,116090,卖盘
487,14:31:51,12.22,-0.01,68,83096,卖盘
488,14:31:48,12.23,--,19,23237,买盘
489,14:31:45,12.23,0.01,61,74603,买盘
490,14:31:42,12.22,--,6,7332,卖盘
491,14:31:39,12.22,-0.01,5,6110,卖盘
492,14:31:36,12.23,0.01,45,55035,买盘
493,14:31:33,12.22,-0.01,22,26884,卖盘
494,14:31:30,12.23,--,30,36690,买盘
495,14:31:27,12.23,0.01,9,11007,买盘
496,14:31:24,12.22,-0.01,101,123422,卖盘
497,14:31:21,12.23,0.01,27,33021,买盘
498,14:31:18,12.22,-0.02,192,234624,卖盘
499,14:31:15,12.24,--,52,63648,买盘
500,14:31:12,12.24,--,51,62424,买盘
501,14:31:09,12.24,0.01,37,45288,买盘
502,14:31:06,12.23,-0.01,92,112516,卖盘
503,14:31:03,12.24,--,3,3672,买盘
504,14:31:00,12.24,-0.01,57,69768,中性盘
505,14:30:57,12.25,0.02,109,133525,买盘
506,14:30:54,12.23,--,167,204241,卖盘
507,14:30:51,12.23,0.01,14,17122,买盘
508,14:30:48,12.22,0.01,418,510796,卖盘
509,14:30:45,12.21,-0.02,123,150183,卖盘
510,14:30:42,12.23,--,80,97840,买盘
511,14:30:39,12.23,--,68,83164,买盘
512,14:30:36,12.23,0.01,119,145537,买盘
513,14:30:33,12.22,-0.02,48,58656,卖盘
514,14:30:30,12.24,0.02,399,488376,买盘
515,14:30:24,12.22,--,492,601224,卖盘
516,14:30:21,12.22,--,8,9776,卖盘
517,14:30:18,12.22,--,20,24440,卖盘
518,14:30:15,12.22,--,486,593892,买盘
519,14:30:12,12.22,--,8,9776,买盘
520,14:30:09,12.22,--,9,10998,买盘
521,14:30:06,12.22,--,47,57434,买盘
522,14:30:00,12.22,0.02,61,74542,买盘
523,14:29:57,12.2,--,5,6100,卖盘
524,14:29:54,12.2,-0.02,90,109800,卖盘
525,14:29:51,12.22,0.02,1,1222,买盘
526,14:29:48,12.2,--,17,20740,卖盘
527,14:29:45,12.2,-0.02,115,140300,卖盘
528,14:29:42,12.22,0.02,216,263952,买盘
529,14:29:36,12.2,--,410,500199,卖盘
530,14:29:33,12.2,--,34,41480,买盘
531,14:29:30,12.2,0.01,26,31719,买盘
532,14:29:24,12.19,-0.01,142,173098,卖盘
533,14:29:21,12.2,--,47,57340,卖盘
534,14:29:18,12.2,--,20,24400,卖盘
535,14:29:15,12.2,--,44,53680,卖盘
536,14:29:12,12.2,0.01,308,376906,买盘
537,14:29:09,12.19,--,41,49979,卖盘
538,14:29:06,12.19,-0.01,67,81673,卖盘
539,14:29:03,12.2,0.01,108,131760,买盘
540,14:29:00,12.19,--,52,63388,卖盘
541,14:28:57,12.19,--,59,71921,卖盘
542,14:28:54,12.19,--,40,48760,卖盘
543,14:28:51,12.19,--,40,48760,卖盘
544,14:28:48,12.19,-0.01,121,147499,卖盘
545,14:28:45,12.2,--,107,130539,买盘
546,14:28:42,12.2,--,2,2440,买盘
547,14:28:39,12.2,--,33,40260,买盘
548,14:28:36,12.2,--,30,36600,买盘
549,14:28:33,12.2,0.01,22,26840,买盘
550,14:28:30,12.19,-0.01,86,104834,卖盘
551,14:28:27,12.2,--,28,34160,买盘
552,14:28:24,12.2,--,11,13420,买盘
553,14:28:21,12.2,--,57,69540,买盘
554,14:28:18,12.2,-0.01,11,13420,卖盘
555,14:28:15,12.21,--,6,7326,买盘
556,14:28:12,12.21,0.02,31,37851,买盘
557,14:28:09,12.19,-0.01,237,288903,卖盘
558,14:28:06,12.2,--,77,93940,卖盘
559,14:28:03,12.2,--,66,81252,卖盘
560,14:28:00,12.2,--,43,52460,卖盘
561,14:27:57,12.2,-0.01,30,36600,卖盘
562,14:27:54,12.21,0.01,504,615384,买盘
563,14:27:51,12.2,--,4,4880,卖盘
564,14:27:48,12.2,--,22,26840,卖盘
565,14:27:45,12.2,0.01,656,800942,买盘
566,14:27:42,12.19,0.01,147,179193,买盘
567,14:27:39,12.18,-0.02,249,304402,卖盘
568,14:27:36,12.2,0.01,231,281820,买盘
569,14:27:33,12.19,-0.01,162,197478,卖盘
570,14:27:30,12.2,--,23,28060,买盘
571,14:27:27,12.2,0.01,168,204960,买盘
572,14:27:24,12.19,-0.01,36,43884,卖盘
573,14:27:21,12.2,0.01,186,226920,买盘
574,14:27:18,12.19,-0.01,11,13409,卖盘
575,14:27:15,12.2,0.01,1025,1250500,买盘
576,14:27:12,12.19,--,46,56074,卖盘
577,14:27:09,12.19,--,31,37789,卖盘
578,14:27:06,12.19,--,119,145061,卖盘
579,14:27:03,12.19,--,23,28037,卖盘
580,14:27:00,12.19,--,12,14628,卖盘
581,14:26:57,12.19,--,70,85330,卖盘
582,14:26:54,12.19,0.01,631,769286,买盘
583,14:26:51,12.18,--,47,58366,卖盘
584,14:26:48,12.18,--,12,14713,买盘
585,14:26:45,12.18,0.01,773,941514,买盘
586,14:26:42,12.17,--,7,8519,卖盘
587,14:26:39,12.17,--,55,66935,卖盘
588,14:26:36,12.17,--,26,31642,卖盘
589,14:26:33,12.17,-0.01,35,42595,卖盘
590,14:26:30,12.18,--,74,90667,买盘
591,14:26:27,12.18,0.01,143,174174,买盘
592,14:26:24,12.17,--,56,68152,卖盘
593,14:26:21,12.17,-0.01,43,52331,卖盘
594,14:26:18,12.18,--,28,34104,买盘
595,14:26:15,12.18,0.01,58,70644,买盘
596,14:26:12,12.17,--,136,165512,卖盘
597,14:26:09,12.17,--,26,32007,卖盘
598,14:26:06,12.17,--,192,233664,卖盘
599,14:26:03,12.17,-0.01,126,153342,买盘
600,14:25:57,12.18,--,18,21924,买盘
601,14:25:54,12.18,0.01,38,46284,买盘
602,14:25:51,12.17,--,213,259221,卖盘
603,14:25:48,12.17,--,236,287212,卖盘
604,14:25:45,12.17,-0.01,21,25557,卖盘
605,14:25:42,12.18,--,3,3654,买盘
606,14:25:39,12.18,--,138,169204,卖盘
607,14:25:36,12.18,--,19,23142,卖盘
608,14:25:33,12.18,--,1388,1690681,买盘
609,14:25:30,12.18,--,1,1218,买盘
610,14:25:27,12.18,--,1,1218,买盘
611,14:25:24,12.18,--,885,1078417,卖盘
612,14:25:21,12.18,--,21,25578,卖盘
613,14:25:18,12.18,--,15,18270,卖盘
614,14:25:15,12.18,--,24,29232,卖盘
615,14:25:12,12.18,--,131,159558,卖盘
616,14:25:09,12.18,--,133,161994,卖盘
617,14:25:06,12.18,--,263,320334,卖盘
618,14:25:03,12.18,--,117,142506,卖盘
619,14:25:00,12.18,-0.01,210,255780,卖盘
620,14:24:57,12.19,0.01,194,237217,买盘
621,14:24:54,12.18,--,30,36540,卖盘
622,14:24:51,12.18,-0.01,93,113274,卖盘
623,14:24:48,12.19,--,33,40227,买盘
624,14:24:45,12.19,0.01,117,142623,买盘
625,14:24:42,12.18,--,67,81606,卖盘
626,14:24:39,12.18,-0.01,123,149814,卖盘
627,14:24:36,12.19,--,30,36570,买盘
628,14:24:33,12.19,0.01,46,56074,买盘
629,14:24:30,12.18,-0.01,58,70644,卖盘
630,14:24:27,12.19,--,62,75578,买盘
631,14:24:24,12.19,0.01,136,165784,买盘
632,14:24:21,12.18,--,1,1218,卖盘
633,14:24:18,12.18,-0.01,43,52374,卖盘
634,14:24:15,12.19,-0.01,748,912299,卖盘
635,14:24:12,12.2,0.01,8,9760,买盘
636,14:24:09,12.19,--,7,8533,卖盘
637,14:24:06,12.19,-0.01,18,21942,卖盘
638,14:24:03,12.2,--,83,101260,买盘
639,14:24:00,12.2,--,20,24400,买盘
640,14:23:57,12.2,0.01,5,6100,买盘
641,14:23:54,12.19,-0.01,140,170660,卖盘
642,14:23:51,12.2,0.01,18,21960,买盘
643,14:23:48,12.19,--,20,24380,卖盘
644,14:23:45,12.19,--,25,30475,卖盘
645,14:23:42,12.19,--,246,300605,买盘
646,14:23:39,12.19,0.01,177,215763,买盘
647,14:23:36,12.18,--,51,62118,卖盘
648,14:23:33,12.18,-0.01,60,73080,卖盘
649,14:23:30,12.19,--,41,49979,买盘
650,14:23:27,12.19,0.01,625,761875,买盘
651,14:23:24,12.18,-0.01,183,222894,卖盘
652,14:23:21,12.19,--,78,95082,买盘
653,14:23:18,12.19,--,1042,1270685,卖盘
654,14:23:15,12.19,--,87,106053,卖盘
655,14:23:12,12.19,-0.01,93,113367,卖盘
656,14:23:09,12.2,0.01,321,391620,买盘
657,14:23:06,12.19,-0.01,69,84111,卖盘
658,14:23:03,12.2,0.01,149,181780,买盘
659,14:23:00,12.19,-0.01,58,70702,卖盘
660,14:22:57,12.2,0.01,42,51240,买盘
661,14:22:54,12.19,-0.01,257,314014,卖盘
662,14:22:51,12.2,0.01,49,59780,买盘
663,14:22:45,12.19,--,225,274275,卖盘
664,14:22:42,12.19,--,4,4876,卖盘
665,14:22:39,12.19,-0.01,201,245019,卖盘
666,14:22:36,12.2,--,11,13420,买盘
667,14:22:33,12.2,0.01,44,53680,买盘
668,14:22:30,12.19,--,111,135309,卖盘
669,14:22:27,12.19,-0.01,119,145061,卖盘
670,14:22:24,12.2,--,68,82960,买盘
671,14:22:21,12.2,--,38,46360,买盘
672,14:22:18,12.2,0.01,37,45140,买盘
673,14:22:15,12.19,-0.01,200,243800,卖盘
674,14:22:12,12.2,--,30,36600,买盘
675,14:22:09,12.2,--,39,48421,卖盘
676,14:22:06,12.2,-0.01,176,214720,卖盘
677,14:22:03,12.21,0.01,4,4884,买盘
678,14:21:57,12.2,--,35,42700,卖盘
679,14:21:54,12.2,--,71,86620,卖盘
680,14:21:51,12.2,--,37,45140,卖盘
681,14:21:48,12.2,--,681,830820,卖盘
682,14:21:45,12.2,--,30,36600,卖盘
683,14:21:42,12.2,--,4,4880,卖盘
684,14:21:39,12.2,--,86,104920,卖盘
685,14:21:36,12.2,-0.01,101,123220,卖盘
686,14:21:33,12.21,0.01,220,268620,买盘
687,14:21:27,12.2,--,141,172020,卖盘
688,14:21:24,12.2,-0.01,129,157380,卖盘
689,14:21:21,12.21,0.01,171,208791,买盘
690,14:21:15,12.2,-0.01,3,3660,卖盘
691,14:21:12,12.21,0.01,156,190476,买盘
692,14:21:09,12.2,--,8,9760,卖盘
693,14:21:06,12.2,--,31,37820,卖盘
694,14:21:03,12.2,-0.01,245,298900,卖盘
695,14:21:00,12.21,0.01,47,57387,买盘
696,14:20:54,12.2,-0.01,100,122000,卖盘
697,14:20:51,12.21,0.01,188,229548,买盘
698,14:20:48,12.2,--,3,3660,卖盘
699,14:20:45,12.2,-0.01,52,63439,卖盘
700,14:20:42,12.21,--,96,118046,买盘
701,14:20:39,12.21,--,35,42735,买盘
702,14:20:36,12.21,--,187,228327,买盘
703,14:20:33,12.21,-0.01,168,205128,卖盘
704,14:20:27,12.22,0.02,14,17108,买盘
705,14:20:24,12.2,-0.02,659,803980,卖盘
706,14:20:21,12.22,0.02,4,4888,买盘
707,14:20:18,12.2,-0.02,1520,1854400,卖盘
708,14:20:15,12.22,--,230,281060,买盘
709,14:20:12,12.22,--,36,43992,买盘
710,14:20:09,12.22,0.01,62,75764,买盘
711,14:20:06,12.21,--,83,101343,卖盘
712,14:20:03,12.21,-0.01,20,24420,卖盘
713,14:19:57,12.22,--,9,10998,买盘
714,14:19:51,12.22,--,74,90428,买盘
715,14:19:48,12.22,--,15,18330,买盘
716,14:19:45,12.22,--,5,6110,买盘
717,14:19:42,12.22,0.01,43,52546,买盘
718,14:19:39,12.21,-0.02,51,62271,卖盘
719,14:19:36,12.23,--,11,13453,买盘
720,14:19:33,12.23,0.02,185,226255,买盘
721,14:19:30,12.21,-0.01,21,25641,卖盘
722,14:19:27,12.22,--,27,32994,买盘
723,14:19:24,12.22,--,190,232180,卖盘
724,14:19:21,12.22,--,64,78208,卖盘
725,14:19:18,12.22,--,6,7332,卖盘
726,14:19:15,12.22,0.01,45,54990,买盘
727,14:19:12,12.21,-0.01,130,158730,卖盘
728,14:19:09,12.22,0.01,43,52546,买盘
729,14:19:06,12.21,-0.01,48,58608,卖盘
730,14:19:03,12.22,--,50,61100,买盘
731,14:19:00,12.22,--,21,25662,买盘
732,14:18:57,12.22,--,2,2444,买盘
733,14:18:54,12.22,--,12,14664,买盘
734,14:18:51,12.22,--,251,306722,买盘
735,14:18:48,12.22,--,108,131976,买盘
736,14:18:45,12.22,--,20,24440,买盘
737,14:18:42,12.22,0.01,83,101963,买盘
738,14:18:33,12.21,-0.01,1,1221,卖盘
739,14:18:30,12.22,--,2,2444,买盘
740,14:18:27,12.22,--,2,2444,买盘
741,14:18:24,12.22,--,58,70876,买盘
742,14:18:21,12.22,--,51,62322,买盘
743,14:18:18,12.22,0.01,1,1222,买盘
744,14:18:15,12.21,--,198,241758,卖盘
745,14:18:12,12.21,--,23,28083,卖盘
746,14:18:09,12.21,--,62,75702,卖盘
747,14:18:06,12.21,--,46,56166,卖盘
748,14:18:03,12.21,--,3,3663,卖盘
749,14:18:00,12.21,--,94,114774,卖盘
750,14:17:57,12.21,--,19,23199,卖盘
751,14:17:54,12.21,-0.01,116,141636,卖盘
752,14:17:51,12.22,0.01,945,1154790,买盘
753,14:17:48,12.21,-0.01,400,488400,卖盘
754,14:17:45,12.22,--,79,96538,买盘
755,14:17:42,12.22,0.01,82,100204,买盘
756,14:17:39,12.21,0.01,136,166056,买盘
757,14:17:36,12.2,-0.01,90,109800,卖盘
758,14:17:33,12.21,--,324,395604,卖盘
759,14:17:30,12.21,-0.01,36,43956,卖盘
760,14:17:27,12.22,0.02,19,23218,买盘
761,14:17:24,12.2,-0.02,572,698681,卖盘
762,14:17:21,12.22,--,110,134420,买盘
763,14:17:15,12.22,0.01,30,36660,买盘
764,14:17:12,12.21,-0.01,9,10989,卖盘
765,14:17:09,12.22,0.01,91,111202,买盘
766,14:17:06,12.21,-0.01,54,65934,卖盘
767,14:17:03,12.22,--,5,6110,买盘
768,14:17:00,12.22,0.01,50,61100,买盘
769,14:16:57,12.21,-0.01,744,908424,卖盘
770,14:16:54,12.22,0.01,8,9776,买盘
771,14:16:51,12.21,-0.01,9,10989,卖盘
772,14:16:48,12.22,0.01,27,32994,买盘
773,14:16:45,12.21,--,135,164835,卖盘
774,14:16:42,12.21,-0.01,4,4884,卖盘
775,14:16:39,12.22,0.01,77,94631,买盘
776,14:16:36,12.21,-0.01,51,62271,卖盘
777,14:16:33,12.22,--,63,77230,买盘
778,14:16:30,12.22,0.01,14,17108,买盘
779,14:16:27,12.21,-0.01,36,43956,卖盘
780,14:16:24,12.22,0.01,112,136864,买盘
781,14:16:21,12.21,-0.01,30,36630,卖盘
782,14:16:18,12.22,0.01,17,20774,买盘
783,14:16:15,12.21,-0.02,1332,1626750,卖盘
784,14:16:12,12.23,--,240,293520,卖盘
785,14:16:09,12.23,--,121,147983,卖盘
786,14:16:06,12.23,--,30,36690,卖盘
787,14:16:03,12.23,--,35,42805,卖盘
788,14:16:00,12.23,--,55,67265,卖盘
789,14:15:57,12.23,--,81,99063,卖盘
790,14:15:54,12.23,-0.01,9,11007,卖盘
791,14:15:51,12.24,0.01,10,12240,买盘
792,14:15:45,12.23,-0.01,45,55035,卖盘
793,14:15:42,12.24,0.01,26,31824,买盘
794,14:15:39,12.23,--,52,63596,卖盘
795,14:15:36,12.23,--,141,172443,卖盘
796,14:15:33,12.23,-0.01,6,7338,卖盘
797,14:15:30,12.24,0.01,27,33048,买盘
798,14:15:27,12.23,-0.01,10,12230,卖盘
799,14:15:24,12.24,--,68,83232,买盘
800,14:15:21,12.24,--,4,4896,买盘
801,14:15:18,12.24,--,23,28152,买盘
802,14:15:12,12.24,--,41,50184,买盘
803,14:15:09,12.24,--,82,100368,卖盘
804,14:15:06,12.24,--,15,18360,卖盘
805,14:15:00,12.24,-0.01,11,13464,卖盘
806,14:14:57,12.25,--,7,8575,买盘
807,14:14:54,12.25,0.01,6,7350,买盘
808,14:14:51,12.24,-0.01,6,7344,中性盘
809,14:14:45,12.25,0.01,49,60025,买盘
810,14:14:42,12.24,--,9,11016,卖盘
811,14:14:39,12.24,0.01,28,34626,中性盘
812,14:14:36,12.23,--,92,112699,卖盘
813,14:14:33,12.23,-0.01,59,72157,卖盘
814,14:14:30,12.24,--,100,122400,买盘
815,14:14:27,12.24,0.01,7,8568,买盘
816,14:14:24,12.23,-0.01,20,24460,卖盘
817,14:14:21,12.24,0.01,92,112608,买盘
818,14:14:18,12.23,--,5,6115,卖盘
819,14:14:15,12.23,--,1,1223,卖盘
820,14:14:12,12.23,--,2,2446,卖盘
821,14:14:09,12.23,--,22,26906,卖盘
822,14:14:06,12.23,--,116,141868,卖盘
823,14:14:03,12.23,--,142,173666,卖盘
824,14:14:00,12.23,--,28,34244,卖盘
825,14:13:57,12.23,--,15,18345,卖盘
826,14:13:54,12.23,--,5,6115,卖盘
827,14:13:51,12.23,--,16,19568,卖盘
828,14:13:48,12.23,--,17,20791,买盘
829,14:13:45,12.23,0.01,16,19568,买盘
830,14:13:42,12.22,--,32,39104,卖盘
831,14:13:39,12.22,-0.01,49,59878,卖盘
832,14:13:36,12.23,--,33,40359,卖盘
833,14:13:33,12.23,--,2,2446,买盘
834,14:13:30,12.23,0.01,42,51366,买盘
835,14:13:27,12.22,-0.01,5,6110,卖盘
836,14:13:24,12.23,--,17,20791,买盘
837,14:13:21,12.23,0.01,32,39136,买盘
838,14:13:18,12.22,--,5,6110,卖盘
839,14:13:15,12.22,-0.01,1,1222,卖盘
840,14:13:12,12.23,0.01,58,70934,买盘
841,14:13:09,12.22,--,11,13442,卖盘
842,14:13:06,12.22,-0.01,39,47658,卖盘
843,14:13:03,12.23,-0.01,202,247046,卖盘
844,14:12:57,12.24,-0.01,57,69768,中性盘
845,14:12:51,12.25,0.01,20,24500,买盘
846,14:12:48,12.24,0.01,6,7344,中性盘
847,14:12:45,12.23,-0.01,35,43966,卖盘
848,14:12:42,12.24,0.01,12,14688,卖盘
849,14:12:39,12.23,0.01,19,23237,买盘
850,14:12:36,12.22,-0.02,54,66586,卖盘
851,14:12:30,12.24,--,30,36720,卖盘
852,14:12:27,12.24,0.01,638,780912,买盘
853,14:12:24,12.23,-0.01,1,1223,卖盘
854,14:12:21,12.24,0.01,55,67320,买盘
855,14:12:15,12.23,-0.01,400,489200,卖盘
856,14:12:12,12.24,--,1,1224,卖盘
857,14:12:09,12.24,--,11,13464,卖盘
858,14:12:06,12.24,--,16,19584,卖盘
859,14:12:03,12.24,--,16,19584,卖盘
860,14:12:00,12.24,--,1,1224,卖盘
861,14:11:57,12.24,--,16,19584,卖盘
862,14:11:54,12.24,0.01,214,261936,买盘
863,14:11:51,12.23,--,18,22014,卖盘
864,14:11:48,12.23,--,1,1223,卖盘
865,14:11:45,12.23,--,4,5882,卖盘
866,14:11:42,12.23,--,121,147983,卖盘
867,14:11:39,12.23,--,30,36690,卖盘
868,14:11:36,12.23,--,6,7338,卖盘
869,14:11:33,12.23,--,13,15899,卖盘
870,14:11:30,12.23,--,32,39136,卖盘
871,14:11:27,12.23,-0.01,18,22014,卖盘
872,14:11:24,12.24,0.01,11,13464,中性盘
873,14:11:21,12.23,-0.01,215,263629,卖盘
874,14:11:18,12.24,--,1,1224,卖盘
875,14:11:15,12.24,-0.01,418,511632,卖盘
876,14:11:12,12.25,0.01,47,57575,买盘
877,14:11:09,12.24,--,10,12240,卖盘
878,14:11:06,12.24,--,123,150552,卖盘
879,14:11:03,12.24,--,23,28152,卖盘
880,14:11:00,12.24,--,22,26928,卖盘
881,14:10:57,12.24,--,3,3672,卖盘
882,14:10:54,12.24,--,6,7344,卖盘
883,14:10:51,12.24,--,23,28152,卖盘
884,14:10:48,12.24,--,1,1224,卖盘
885,14:10:45,12.24,--,3,3672,卖盘
886,14:10:42,12.24,--,1,1224,卖盘
887,14:10:39,12.24,--,1,1224,卖盘
888,14:10:36,12.24,-0.01,60,73978,卖盘
889,14:10:33,12.25,0.01,21,25725,买盘
890,14:10:30,12.24,--,290,354960,卖盘
891,14:10:27,12.24,--,161,197064,卖盘
892,14:10:24,12.24,--,1,1224,卖盘
893,14:10:21,12.24,-0.01,13,15912,卖盘
894,14:10:18,12.25,0.01,12,14700,买盘
895,14:10:15,12.24,--,2,2448,卖盘
896,14:10:12,12.24,-0.01,1,1224,卖盘
897,14:10:09,12.25,0.01,312,382200,买盘
898,14:10:06,12.24,-0.01,17,20808,卖盘
899,14:10:03,12.25,0.01,6,7350,买盘
900,14:10:00,12.24,-0.01,2,2448,卖盘
901,14:09:57,12.25,0.01,11,13475,买盘
902,14:09:54,12.24,-0.01,1,1224,卖盘
903,14:09:51,12.25,0.01,9,11025,买盘
904,14:09:48,12.24,-0.01,1,1224,卖盘
905,14:09:45,12.25,0.01,14,17150,买盘
906,14:09:42,12.24,--,4,4896,卖盘
907,14:09:39,12.24,-0.01,1,1224,卖盘
908,14:09:36,12.25,--,35,42875,卖盘
909,14:09:33,12.25,--,17,20825,卖盘
910,14:09:30,12.25,--,4,4900,卖盘
911,14:09:27,12.25,--,257,314825,卖盘
912,14:09:24,12.25,-0.01,16,19600,卖盘
913,14:09:21,12.26,0.01,36,44136,买盘
914,14:09:18,12.25,0.01,2,2450,买盘
915,14:09:15,12.24,-0.02,13,15912,卖盘
916,14:09:12,12.26,0.01,102,125052,买盘
917,14:09:09,12.25,--,42,51548,卖盘
918,14:09:06,12.25,--,133,162925,卖盘
919,14:09:03,12.25,--,1,1225,卖盘
920,14:09:00,12.25,--,10,12250,卖盘
921,14:08:57,12.25,--,18,22050,卖盘
922,14:08:54,12.25,--,7,8575,卖盘
923,14:08:51,12.25,-0.01,615,753375,卖盘
924,14:08:48,12.26,0.01,109,133634,买盘
925,14:08:45,12.25,--,4,4900,卖盘
926,14:08:42,12.25,-0.01,12,14700,卖盘
927,14:08:39,12.26,0.01,14,17164,买盘
928,14:08:36,12.25,--,3,3675,卖盘
929,14:08:33,12.25,-0.01,56,69139,卖盘
930,14:08:30,12.26,0.01,10,12260,买盘
931,14:08:27,12.25,--,2,2450,卖盘
932,14:08:24,12.25,-0.01,1,1225,卖盘
933,14:08:21,12.26,0.01,33,40458,买盘
934,14:08:18,12.25,--,7,8575,卖盘
935,14:08:15,12.25,-0.01,3,3675,卖盘
936,14:08:12,12.26,0.01,12,14712,买盘
937,14:08:09,12.25,--,8,9800,卖盘
938,14:08:06,12.25,--,37,45325,卖盘
939,14:08:03,12.25,--,77,94325,卖盘
940,14:08:00,12.25,--,13,15925,卖盘
941,14:07:57,12.25,--,14,17150,卖盘
942,14:07:54,12.25,--,3,3675,卖盘
943,14:07:51,12.25,--,9,11025,卖盘
944,14:07:48,12.25,--,2,2450,卖盘
945,14:07:42,12.25,--,1,1225,卖盘
946,14:07:39,12.25,--,2,2450,卖盘
947,14:07:36,12.25,--,13,15925,卖盘
948,14:07:33,12.25,-0.01,23,28175,卖盘
949,14:07:30,12.26,--,134,164284,买盘
950,14:07:27,12.26,0.01,56,68656,买盘
951,14:07:24,12.25,-0.01,12,14700,卖盘
952,14:07:21,12.26,0.01,17,20842,买盘
953,14:07:15,12.25,-0.01,1,1225,卖盘
954,14:07:12,12.26,0.01,11,13486,买盘
955,14:07:06,12.25,-0.01,22,26950,卖盘
956,14:07:03,12.26,--,332,407032,卖盘
957,14:07:00,12.26,--,10,12260,卖盘
958,14:06:57,12.26,--,36,44136,卖盘
959,14:06:54,12.26,--,16,19616,卖盘
960,14:06:45,12.26,--,1,1226,卖盘
961,14:06:36,12.26,--,1,1226,卖盘
962,14:06:33,12.26,--,75,92489,卖盘
963,14:06:30,12.26,-0.01,33,40458,卖盘
964,14:06:24,12.27,0.01,9,11043,买盘
965,14:06:21,12.26,--,11,13486,卖盘
966,14:06:18,12.26,--,92,112792,卖盘
967,14:06:15,12.26,--,18,22068,卖盘
968,14:06:12,12.26,--,1,1226,卖盘
969,14:06:09,12.26,--,7,8582,卖盘
970,14:06:06,12.26,--,19,23294,卖盘
971,14:06:03,12.26,-0.01,12,14712,卖盘
972,14:06:00,12.27,0.01,15,18405,买盘
973,14:05:57,12.26,--,64,78464,卖盘
974,14:05:54,12.26,--,2,2452,卖盘
975,14:05:51,12.26,-0.01,10,12260,卖盘
976,14:05:48,12.27,0.01,2,2454,买盘
977,14:05:45,12.26,--,21,25746,卖盘
978,14:05:42,12.26,--,9,11034,卖盘
979,14:05:39,12.26,--,58,71108,卖盘
980,14:05:36,12.26,--,2,2452,卖盘
981,14:05:33,12.26,--,201,246426,卖盘
982,14:05:30,12.26,--,18,22068,卖盘
983,14:05:27,12.26,-0.02,139,170414,卖盘
984,14:05:24,12.28,0.02,53,65084,买盘
985,14:05:21,12.26,-0.01,22,26972,卖盘
986,14:05:15,12.27,--,4,4908,买盘
987,14:05:12,12.27,--,53,65031,卖盘
988,14:05:06,12.27,--,23,28221,卖盘
989,14:04:57,12.27,--,1,1227,卖盘
990,14:04:54,12.27,-0.01,9,11043,卖盘
991,14:04:48,12.28,0.01,3,3684,买盘
992,14:04:45,12.27,0.01,4,4908,中性盘
993,14:04:42,12.26,--,142,174092,卖盘
994,14:04:39,12.26,-0.01,2,2452,卖盘
995,14:04:36,12.27,--,5,6135,买盘
996,14:04:33,12.27,--,40,50012,卖盘
997,14:04:30,12.27,-0.01,29,35877,卖盘
998,14:04:21,12.28,--,127,155956,买盘
999,14:04:18,12.28,--,9,11052,买盘
1000,14:04:15,12.28,0.01,2,2456,买盘
1001,14:04:12,12.27,--,6,7362,卖盘
1002,14:04:06,12.27,--,23,28221,卖盘
1003,14:04:03,12.27,-0.01,4,4908,卖盘
1004,14:04:00,12.28,0.01,32,39296,买盘
1005,14:03:57,12.27,--,4,4908,卖盘
1006,14:03:54,12.27,--,54,66258,卖盘
1007,14:03:51,12.27,--,1,1227,卖盘
1008,14:03:48,12.27,--,113,138651,卖盘
1009,14:03:45,12.27,--,13,15951,卖盘
1010,14:03:42,12.27,--,60,73620,卖盘
1011,14:03:39,12.27,-0.01,34,41718,卖盘
1012,14:03:33,12.28,0.01,2,2456,买盘
1013,14:03:30,12.27,-0.01,1,1227,卖盘
1014,14:03:27,12.28,0.01,1,1228,买盘
1015,14:03:24,12.27,-0.01,5,6135,卖盘
1016,14:03:21,12.28,--,14,17192,买盘
1017,14:03:18,12.28,0.01,33,40524,买盘
1018,14:03:15,12.27,--,1,1227,卖盘
1019,14:03:12,12.27,-0.02,6,7362,卖盘
1020,14:03:09,12.29,0.02,150,184350,买盘
1021,14:03:06,12.27,-0.01,156,191412,卖盘
1022,14:03:03,12.28,--,105,128940,卖盘
1023,14:03:00,12.28,-0.01,4,4912,卖盘
1024,14:02:57,12.29,0.01,31,38099,买盘
1025,14:02:54,12.28,--,107,131396,卖盘
1026,14:02:48,12.28,0.01,700,859747,买盘
1027,14:02:45,12.27,0.01,54,66258,买盘
1028,14:02:42,12.26,--,8,9808,卖盘
1029,14:02:39,12.26,-0.01,1,1226,卖盘
1030,14:02:36,12.27,--,13,15951,买盘
1031,14:02:33,12.27,--,16,19632,买盘
1032,14:02:30,12.27,0.01,115,141644,买盘
1033,14:02:27,12.26,-0.01,40,49040,卖盘
1034,14:02:24,12.27,0.01,24,29448,买盘
1035,14:02:21,12.26,-0.01,47,57622,卖盘
1036,14:02:18,12.27,0.01,4,4908,买盘
1037,14:02:15,12.26,--,30,36780,卖盘
1038,14:02:12,12.26,--,29,35554,卖盘
1039,14:02:09,12.26,--,8,9808,卖盘
1040,14:02:06,12.26,-0.01,16,19616,卖盘
1041,14:02:03,12.27,--,97,119019,买盘
1042,14:02:00,12.27,0.01,5,6135,买盘
1043,14:01:57,12.26,--,2,2452,卖盘
1044,14:01:54,12.26,--,29,35554,卖盘
1045,14:01:51,12.26,--,2,2452,卖盘
1046,14:01:48,12.26,-0.01,8,9808,卖盘
1047,14:01:45,12.27,0.01,35,42945,买盘
1048,14:01:42,12.26,--,10,12260,卖盘
1049,14:01:39,12.26,-0.01,9,11034,卖盘
1050,14:01:36,12.27,--,56,68712,买盘
1051,14:01:30,12.27,--,22,26994,买盘
1052,14:01:27,12.27,0.01,2,2454,买盘
1053,14:01:24,12.26,-0.01,326,399676,卖盘
1054,14:01:21,12.27,--,20,24540,买盘
1055,14:01:18,12.27,0.01,21,25767,买盘
1056,14:01:15,12.26,-0.01,2,2452,卖盘
1057,14:01:12,12.27,--,19,23313,买盘
1058,14:01:09,12.27,0.01,60,73620,买盘
1059,14:01:06,12.26,-0.01,21,25746,卖盘
1060,14:01:03,12.27,--,38,46626,买盘
1061,14:01:00,12.27,--,66,80982,买盘
1062,14:00:57,12.27,--,70,85890,买盘
1063,14:00:54,12.27,--,40,49080,买盘
1064,14:00:51,12.27,--,9,11043,买盘
1065,14:00:48,12.27,-0.01,220,270627,卖盘
1066,14:00:45,12.28,0.01,4,4912,买盘
1067,14:00:42,12.27,--,24,29448,卖盘
1068,14:00:39,12.27,--,1,1227,卖盘
1069,14:00:36,12.27,--,10,12270,卖盘
1070,14:00:33,12.27,-0.01,50,61350,卖盘
1071,14:00:30,12.28,0.01,27,34248,买盘
1072,14:00:27,12.27,--,31,38711,卖盘
1073,14:00:24,12.27,--,40,49080,卖盘
1074,14:00:21,12.27,--,119,146013,买盘
1075,14:00:18,12.27,--,1,1227,买盘
1076,14:00:15,12.27,--,261,320247,买盘
1077,14:00:12,12.27,0.01,28,34356,买盘
1078,14:00:09,12.26,--,25,30650,卖盘
1079,14:00:06,12.26,--,16,19616,卖盘
1080,14:00:03,12.26,--,1,1226,卖盘
1081,13:59:57,12.26,-0.01,94,115244,卖盘
1082,13:59:54,12.27,--,23,28221,买盘
1083,13:59:51,12.27,--,10,12270,买盘
1084,13:59:45,12.27,0.01,21,25767,买盘
1085,13:59:42,12.26,-0.01,19,23294,卖盘
1086,13:59:39,12.27,--,19,23313,买盘
1087,13:59:36,12.27,--,38,46626,买盘
1088,13:59:33,12.27,--,24,29448,买盘
1089,13:59:30,12.27,--,184,225768,买盘
1090,13:59:24,12.27,--,24,29448,买盘
1091,13:59:21,12.27,--,10,12270,买盘
1092,13:59:18,12.27,--,3,3681,买盘
1093,13:59:12,12.27,0.01,60,73620,买盘
1094,13:59:06,12.26,--,33,40458,卖盘
1095,13:59:03,12.26,--,101,123826,买盘
1096,13:59:00,12.26,0.01,37,45362,买盘
1097,13:58:57,12.25,--,102,124950,卖盘
1098,13:58:54,12.25,-0.01,11,13475,卖盘
1099,13:58:51,12.26,--,65,79690,买盘
1100,13:58:48,12.26,--,19,24029,买盘
1101,13:58:45,12.26,--,82,100532,买盘
1102,13:58:42,12.26,--,14,17164,买盘
1103,13:58:39,12.26,--,217,266042,买盘
1104,13:58:36,12.26,--,2,2452,买盘
1105,13:58:33,12.26,--,49,60074,买盘
1106,13:58:30,12.26,0.01,29,36510,买盘
1107,13:58:27,12.25,--,33,41233,卖盘
1108,13:58:21,12.25,--,233,285964,买盘
1109,13:58:18,12.25,0.01,11,13475,买盘
1110,13:58:15,12.24,-0.01,116,141984,卖盘
1111,13:58:09,12.25,--,8,9800,买盘
1112,13:58:06,12.25,--,134,164150,买盘
1113,13:58:03,12.25,0.01,3,3675,买盘
1114,13:57:57,12.24,--,169,206856,买盘
1115,13:57:54,12.24,--,51,62424,买盘
1116,13:57:51,12.24,--,6,7344,买盘
1117,13:57:48,12.24,--,13,15912,买盘
1118,13:57:45,12.24,0.01,32,39168,买盘
1119,13:57:42,12.23,--,42,51366,卖盘
1120,13:57:39,12.23,-0.01,4,4892,卖盘
1121,13:57:36,12.24,--,102,124848,买盘
1122,13:57:33,12.24,--,30,36720,买盘
1123,13:57:30,12.24,-0.01,20,24480,中性盘
1124,13:57:24,12.25,0.01,112,137200,买盘
1125,13:57:21,12.24,-0.01,6,7344,中性盘
1126,13:57:18,12.25,--,11,13475,买盘
1127,13:57:15,12.25,--,1,1225,买盘
1128,13:57:12,12.25,0.01,3003,3678675,买盘
1129,13:57:06,12.24,--,22,26928,卖盘
1130,13:57:03,12.24,--,70,85680,卖盘
1131,13:56:54,12.24,-0.01,23,28152,卖盘
1132,13:56:51,12.25,0.02,1101,1348725,买盘
1133,13:56:48,12.23,-0.01,22,26906,卖盘
1134,13:56:45,12.24,--,40,48960,买盘
1135,13:56:42,12.24,--,110,135325,卖盘
1136,13:56:39,12.24,-0.01,253,309672,卖盘
1137,13:56:36,12.25,--,260,318500,买盘
1138,13:56:33,12.25,0.01,15,18375,买盘
1139,13:56:30,12.24,-0.01,31,37944,卖盘
1140,13:56:27,12.25,0.01,39,48363,买盘
1141,13:56:24,12.24,-0.01,74,91751,卖盘
1142,13:56:21,12.25,--,3,3675,买盘
1143,13:56:18,12.25,0.02,1,1225,买盘
1144,13:56:06,12.23,--,29,35467,卖盘
1145,13:56:03,12.23,-0.02,10,12230,卖盘
1146,13:56:00,12.25,0.01,191,233975,买盘
1147,13:55:57,12.24,--,27,33048,买盘
1148,13:55:54,12.24,--,1,1224,买盘
1149,13:55:51,12.24,0.01,1,1224,买盘
1150,13:55:48,12.23,0.01,203,248269,买盘
1151,13:55:45,12.22,-0.01,56,68432,卖盘
1152,13:55:42,12.23,-0.01,13,15899,买盘
1153,13:55:39,12.24,0.02,100,122400,买盘
1154,13:55:33,12.22,--,50,61100,卖盘
1155,13:55:30,12.22,0.01,225,276000,买盘
1156,13:55:27,12.21,-0.01,263,321123,卖盘
1157,13:55:21,12.22,--,6,7332,买盘
1158,13:55:18,12.22,-0.03,3667,4481245,卖盘
1159,13:55:12,12.25,0.02,5,6125,买盘
1160,13:55:09,12.23,-0.02,500,611500,卖盘
1161,13:55:06,12.25,-0.01,29,35525,卖盘
1162,13:55:03,12.26,--,300,367800,买盘
1163,13:55:00,12.26,0.01,11,13486,买盘
1164,13:54:57,12.25,-0.01,25,30625,卖盘
1165,13:54:51,12.26,--,30,36780,买盘
1166,13:54:48,12.26,--,21,25746,卖盘
1167,13:54:45,12.26,--,38,46588,卖盘
1168,13:54:42,12.26,--,86,105436,卖盘
1169,13:54:39,12.26,0.02,2,2452,卖盘
1170,13:54:36,12.24,-0.02,3004,3676896,卖盘
1171,13:54:33,12.26,-0.01,111,136086,卖盘
1172,13:54:30,12.27,--,16,19632,买盘
1173,13:54:27,12.27,0.01,6,7362,买盘
1174,13:54:24,12.26,--,71,87585,卖盘
1175,13:54:21,12.26,-0.01,112,137312,卖盘
1176,13:54:15,12.27,--,50,61350,买盘
1177,13:54:12,12.27,0.01,30,36810,买盘
1178,13:54:09,12.26,--,50,61300,卖盘
1179,13:54:06,12.26,-0.01,32,39232,卖盘
1180,13:54:00,12.27,--,11,13497,买盘
1181,13:53:54,12.27,--,18,22086,买盘
1182,13:53:51,12.27,--,258,316566,卖盘
1183,13:53:48,12.27,--,150,184050,卖盘
1184,13:53:42,12.27,0.01,55,67485,买盘
1185,13:53:39,12.26,--,4,4904,卖盘
1186,13:53:36,12.26,-0.01,20,24520,卖盘
1187,13:53:30,12.27,--,524,642948,买盘
1188,13:53:24,12.27,--,44,53988,买盘
1189,13:53:21,12.27,--,26,31902,卖盘
1190,13:53:18,12.27,-0.01,10,12270,卖盘
1191,13:53:15,12.28,--,4,4912,买盘
1192,13:53:12,12.28,--,25,30700,卖盘
1193,13:53:09,12.28,0.01,175,214900,买盘
1194,13:53:06,12.27,-0.01,25,30675,卖盘
1195,13:53:00,12.28,0.01,11,13508,买盘
1196,13:52:57,12.27,0.01,40,49080,买盘
1197,13:52:54,12.26,-0.02,8,9808,卖盘
1198,13:52:51,12.28,0.01,119,146132,买盘
1199,13:52:48,12.27,--,42,51534,卖盘
1200,13:52:45,12.27,--,153,187731,卖盘
1201,13:52:39,12.27,--,10,12270,卖盘
1202,13:52:36,12.27,--,51,62577,卖盘
1203,13:52:33,12.27,-0.01,579,710433,卖盘
1204,13:52:30,12.28,--,337,414548,买盘
1205,13:52:27,12.28,0.01,5,6140,买盘
1206,13:52:24,12.27,--,27,33153,卖盘
1207,13:52:21,12.27,--,29,36098,卖盘
1208,13:52:18,12.27,-0.01,80,98160,卖盘
1209,13:52:15,12.28,--,62,76136,卖盘
1210,13:52:09,12.28,--,23,28244,卖盘
1211,13:52:06,12.28,-0.01,69,84732,卖盘
1212,13:52:00,12.29,--,11,13518,买盘
1213,13:51:57,12.29,--,29,35641,买盘
1214,13:51:54,12.29,0.01,15,18435,买盘
1215,13:51:51,12.28,-0.01,20,24560,卖盘
1216,13:51:48,12.29,0.01,11,13518,买盘
1217,13:51:45,12.28,--,6,7368,卖盘
1218,13:51:39,12.28,-0.01,4,4912,卖盘
1219,13:51:36,12.29,--,1,1229,买盘
1220,13:51:30,12.29,--,17,20893,买盘
1221,13:51:27,12.29,-0.01,19,23351,买盘
1222,13:51:24,12.3,--,3,3690,买盘
1223,13:51:18,12.3,0.01,34,41820,买盘
1224,13:51:15,12.29,-0.01,80,98320,卖盘
1225,13:51:12,12.3,--,4,4920,买盘
1226,13:51:09,12.3,0.01,11,13530,买盘
1227,13:51:06,12.29,-0.01,115,141335,卖盘
1228,13:51:03,12.3,--,33,40590,买盘
1229,13:51:00,12.3,0.01,13,15990,买盘
1230,13:50:57,12.29,--,5,6145,卖盘
1231,13:50:54,12.29,-0.01,8,9832,卖盘
1232,13:50:51,12.3,--,7,8610,买盘
1233,13:50:48,12.3,0.01,37,45510,买盘
1234,13:50:42,12.29,--,6,7373,卖盘
1235,13:50:33,12.29,-0.01,3,3686,中性盘
1236,13:50:30,12.3,0.02,75,92250,买盘
1237,13:50:27,12.28,-0.01,180,221776,卖盘
1238,13:50:24,12.29,0.01,10,12290,买盘
1239,13:50:21,12.28,--,26,32947,卖盘
1240,13:50:18,12.28,-0.01,34,42501,卖盘
1241,13:50:15,12.29,-0.01,17,20893,卖盘
1242,13:50:12,12.3,0.02,7,8610,买盘
1243,13:50:09,12.28,--,175,214900,卖盘
1244,13:50:06,12.28,-0.02,68,83504,卖盘
1245,13:50:03,12.3,--,37,45510,买盘
1246,13:50:00,12.3,--,168,206640,买盘
1247,13:49:57,12.3,--,15,18450,卖盘
1248,13:49:54,12.3,-0.01,10,12300,卖盘
1249,13:49:48,12.31,0.03,82,100942,买盘
1250,13:49:45,12.28,-0.02,18,22104,卖盘
1251,13:49:42,12.3,--,11,13530,买盘
1252,13:49:39,12.3,0.03,1,1230,中性盘
1253,13:49:33,12.27,-0.04,121,148467,卖盘
1254,13:49:30,12.31,0.01,1514,1863734,买盘
1255,13:49:27,12.3,--,101,124230,卖盘
1256,13:49:24,12.3,--,5,6150,卖盘
1257,13:49:21,12.3,--,10,12300,卖盘
1258,13:49:15,12.3,--,150,185484,买盘
1259,13:49:12,12.3,--,2,2460,买盘
1260,13:49:09,12.3,--,69,84870,买盘
1261,13:49:06,12.3,--,65,79950,买盘
1262,13:49:00,12.3,--,16,19680,买盘
1263,13:48:57,12.3,--,50,61500,买盘
1264,13:48:51,12.3,--,119,146370,买盘
1265,13:48:48,12.3,0.01,20,24600,买盘
1266,13:48:45,12.29,-0.01,515,632935,卖盘
1267,13:48:42,12.3,--,31,38130,买盘
1268,13:48:39,12.3,--,204,250920,买盘
1269,13:48:36,12.3,0.01,1,1230,买盘
1270,13:48:33,12.29,-0.01,3,3686,卖盘
1271,13:48:30,12.3,0.01,126,154980,买盘
1272,13:48:27,12.29,-0.01,25,30724,卖盘
1273,13:48:24,12.3,0.01,1,1230,买盘
1274,13:48:21,12.29,--,73,89987,卖盘
1275,13:48:18,12.29,-0.01,122,150208,卖盘
1276,13:48:15,12.3,--,7,8610,买盘
1277,13:48:12,12.3,0.01,41,50430,买盘
1278,13:48:09,12.29,-0.01,147,180663,卖盘
1279,13:48:06,12.3,0.01,345,424350,买盘
1280,13:48:03,12.29,-0.01,20,24580,卖盘
1281,13:48:00,12.3,0.01,135,166050,买盘
1282,13:47:57,12.29,--,26,31953,卖盘
1283,13:47:54,12.29,--,23,28266,卖盘
1284,13:47:51,12.29,--,19,23351,卖盘
1285,13:47:48,12.29,--,33,40557,卖盘
1286,13:47:45,12.29,-0.01,78,95862,卖盘
1287,13:47:42,12.3,--,12,14760,买盘
1288,13:47:39,12.3,0.01,10,12300,买盘
1289,13:47:36,12.29,-0.01,90,110609,卖盘
1290,13:47:33,12.3,0.01,1,1230,买盘
1291,13:47:30,12.29,--,129,158541,卖盘
1292,13:47:27,12.29,-0.01,26,31953,卖盘
1293,13:47:24,12.3,0.01,211,259530,买盘
1294,13:47:18,12.29,--,28,34412,卖盘
1295,13:47:15,12.29,--,11,13518,卖盘
1296,13:47:09,12.29,--,221,271609,买盘
1297,13:47:06,12.29,-0.01,679,834491,卖盘
1298,13:47:00,12.3,--,12,14760,买盘
1299,13:46:57,12.3,--,10,12300,买盘
1300,13:46:51,12.3,0.01,17,20910,买盘
1301,13:46:48,12.29,-0.01,33,40557,卖盘
1302,13:46:45,12.3,--,4,4920,买盘
1303,13:46:42,12.3,0.01,23,28290,买盘
1304,13:46:39,12.29,-0.01,18,22122,卖盘
1305,13:46:36,12.3,0.01,6,7380,买盘
1306,13:46:30,12.29,--,21,25809,卖盘
1307,13:46:27,12.29,--,30,36870,卖盘
1308,13:46:24,12.29,-0.01,22,27037,卖盘
1309,13:46:21,12.3,0.02,170,209100,买盘
1310,13:46:18,12.28,--,55,68080,卖盘
1311,13:46:15,12.28,-0.01,18,22104,卖盘
1312,13:46:12,12.29,0.01,13,15976,买盘
1313,13:46:09,12.28,--,8,9824,卖盘
1314,13:46:06,12.28,-0.01,43,52804,卖盘
1315,13:46:03,12.29,--,11,13518,买盘
1316,13:46:00,12.29,-0.01,11,13518,中性盘
1317,13:45:57,12.3,0.02,142,174660,买盘
1318,13:45:54,12.28,--,155,190340,卖盘
1319,13:45:51,12.28,--,100,122800,卖盘
1320,13:45:45,12.28,--,35,42980,卖盘
1321,13:45:42,12.28,--,36,44208,卖盘
1322,13:45:39,12.28,-0.01,4,4912,卖盘
1323,13:45:36,12.29,0.01,9,11061,买盘
1324,13:45:33,12.28,-0.01,36,44208,卖盘
1325,13:45:30,12.29,0.01,235,288815,买盘
1326,13:45:27,12.28,-0.01,143,175604,卖盘
1327,13:45:24,12.29,-0.01,10,12290,卖盘
1328,13:45:21,12.3,0.01,50,61500,买盘
1329,13:45:12,12.29,--,10,12290,卖盘
1330,13:45:09,12.29,--,16,19664,卖盘
1331,13:45:06,12.29,--,49,60220,卖盘
1332,13:45:03,12.29,0.01,1,1229,卖盘
1333,13:45:00,12.28,-0.01,326,400328,卖盘
1334,13:44:57,12.29,0.01,141,173289,买盘
1335,13:44:54,12.28,--,2,2456,卖盘
1336,13:44:48,12.28,--,34,41752,卖盘
1337,13:44:42,12.28,--,100,122800,卖盘
1338,13:44:36,12.28,--,280,344871,买盘
1339,13:44:33,12.28,--,18,22104,买盘
1340,13:44:30,12.28,--,143,175604,买盘
1341,13:44:27,12.28,--,447,548916,买盘
1342,13:44:21,12.28,--,41,50348,买盘
1343,13:44:18,12.28,0.01,60,73680,买盘
1344,13:44:15,12.27,-0.01,55,68024,卖盘
1345,13:44:12,12.28,0.01,137,168236,买盘
1346,13:44:09,12.27,--,1,1227,卖盘
1347,13:44:06,12.27,-0.01,348,426996,卖盘
1348,13:44:03,12.28,--,7,8596,买盘
1349,13:44:00,12.28,0.01,13,15964,买盘
1350,13:43:51,12.27,--,106,130062,卖盘
1351,13:43:48,12.27,0.01,30,36810,卖盘
1352,13:43:42,12.26,--,5,6130,卖盘
1353,13:43:39,12.26,--,98,121337,卖盘
1354,13:43:36,12.26,-0.01,18,22068,卖盘
1355,13:43:33,12.27,0.01,136,166872,买盘
1356,13:43:30,12.26,--,13,15938,卖盘
1357,13:43:27,12.26,-0.01,5,6130,卖盘
1358,13:43:24,12.27,--,500,613500,买盘
1359,13:43:21,12.27,--,29,35583,买盘
1360,13:43:18,12.27,--,87,106749,买盘
1361,13:43:15,12.27,0.01,10,12270,买盘
1362,13:43:09,12.26,-0.01,80,98080,卖盘
1363,13:43:06,12.27,0.01,73,89571,买盘
1364,13:43:03,12.26,--,55,67430,卖盘
1365,13:43:00,12.26,-0.01,14,17164,卖盘
1366,13:42:57,12.27,0.01,76,93252,买盘
1367,13:42:54,12.26,-0.01,221,270946,卖盘
1368,13:42:51,12.27,0.01,403,494481,买盘
1369,13:42:48,12.26,--,14,17164,卖盘
1370,13:42:45,12.26,--,50,61300,卖盘
1371,13:42:42,12.26,--,4,4904,卖盘
1372,13:42:39,12.26,-0.01,5,6130,卖盘
1373,13:42:30,12.27,--,12,14724,买盘
1374,13:42:27,12.27,0.01,61,74847,买盘
1375,13:42:24,12.26,--,91,111566,卖盘
1376,13:42:18,12.26,--,21,26702,卖盘
1377,13:42:15,12.26,-0.01,33,41267,卖盘
1378,13:42:12,12.27,--,243,298161,买盘
1379,13:42:09,12.27,0.01,13,15951,买盘
1380,13:42:06,12.26,-0.01,24,29424,卖盘
1381,13:42:03,12.27,--,28,34356,买盘
1382,13:42:00,12.27,--,11,13497,买盘
1383,13:41:57,12.27,--,83,101841,买盘
1384,13:41:54,12.27,--,10,12270,买盘
1385,13:41:51,12.27,--,64,78528,买盘
1386,13:41:48,12.27,--,4,4908,买盘
1387,13:41:45,12.27,--,100,122700,买盘
1388,13:41:42,12.27,--,29,35583,买盘
1389,13:41:39,12.27,--,30,36810,买盘
1390,13:41:36,12.27,--,186,228222,卖盘
1391,13:41:33,12.27,-0.01,2,2454,卖盘
1392,13:41:30,12.28,0.01,98,120344,买盘
1393,13:41:27,12.27,--,98,120246,卖盘
1394,13:41:24,12.27,0.01,61,74847,买盘
1395,13:41:21,12.26,-0.02,65,79690,卖盘
1396,13:41:18,12.28,0.01,43,52804,买盘
1397,13:41:15,12.27,--,30,36810,卖盘
1398,13:41:12,12.27,--,40,49080,卖盘
1399,13:41:09,12.27,0.01,74,90798,买盘
1400,13:41:06,12.26,-0.01,49,60074,卖盘
1401,13:41:03,12.27,--,31,38037,买盘
1402,13:41:00,12.27,0.01,15,18405,买盘
1403,13:40:57,12.26,--,87,106662,买盘
1404,13:40:54,12.26,0.01,81,99306,买盘
1405,13:40:51,12.25,--,50,61250,卖盘
1406,13:40:48,12.25,-0.01,2,2450,卖盘
1407,13:40:45,12.26,0.01,102,125052,买盘
1408,13:40:42,12.25,--,80,98000,卖盘
1409,13:40:39,12.25,--,2,2450,卖盘
1410,13:40:36,12.25,--,33,40425,买盘
1411,13:40:33,12.25,--,100,122500,卖盘
1412,13:40:30,12.25,--,82,100450,买盘
1413,13:40:27,12.25,--,219,268275,买盘
1414,13:40:24,12.25,--,240,294000,买盘
1415,13:40:21,12.25,0.01,22,26950,买盘
1416,13:40:18,12.24,-0.01,128,156672,卖盘
1417,13:40:15,12.25,--,37,45594,买盘
1418,13:40:12,12.25,--,84,103169,买盘
1419,13:40:09,12.25,--,281,344996,卖盘
1420,13:40:06,12.25,--,572,700700,卖盘
1421,13:40:03,12.25,--,125,153125,卖盘
1422,13:40:00,12.25,-0.01,55,67375,卖盘
1423,13:39:57,12.26,0.01,173,212098,买盘
1424,13:39:54,12.25,--,29,35525,卖盘
1425,13:39:51,12.25,--,33,40425,卖盘
1426,13:39:48,12.25,--,12,14700,卖盘
1427,13:39:45,12.25,--,14,17150,卖盘
1428,13:39:42,12.25,--,74,90650,卖盘
1429,13:39:39,12.25,-0.01,149,182525,卖盘
1430,13:39:36,12.26,-0.01,215,263590,卖盘
1431,13:39:33,12.27,--,2810,3448323,买盘
1432,13:39:30,12.27,0.01,22,26994,买盘
1433,13:39:27,12.26,-0.01,69,84594,卖盘
1434,13:39:24,12.27,--,58,71166,卖盘
1435,13:39:21,12.27,--,183,224541,卖盘
1436,13:39:18,12.27,--,292,358284,卖盘
1437,13:39:15,12.27,--,59,72393,卖盘
1438,13:39:12,12.27,--,8,9816,卖盘
1439,13:39:09,12.27,-0.01,627,769329,卖盘
1440,13:39:06,12.28,0.01,56,68768,买盘
1441,13:39:03,12.27,--,60,73620,卖盘
1442,13:39:00,12.27,--,17,20859,卖盘
1443,13:38:57,12.27,-0.02,3284,4029664,卖盘
1444,13:38:54,12.29,0.01,1053,1295169,买盘
1445,13:38:51,12.28,--,65,79820,卖盘
1446,13:38:48,12.28,--,4,4912,卖盘
1447,13:38:45,12.28,-0.01,50,61400,卖盘
1448,13:38:42,12.29,--,71,87259,买盘
1449,13:38:39,12.29,--,18,22122,买盘
1450,13:38:36,12.29,--,297,365344,卖盘
1451,13:38:33,12.29,-0.01,3,3686,卖盘
1452,13:38:30,12.3,0.01,33,40590,买盘
1453,13:38:27,12.29,--,69,84801,卖盘
1454,13:38:24,12.29,--,29,35641,卖盘
1455,13:38:21,12.29,-0.01,271,333059,卖盘
1456,13:38:18,12.3,0.01,40,49200,买盘
1457,13:38:15,12.29,--,35,43555,卖盘
1458,13:38:12,12.29,--,36,44244,卖盘
1459,13:38:09,12.29,--,2,2458,卖盘
1460,13:38:06,12.29,--,26,31953,卖盘
1461,13:38:03,12.29,-0.01,8,9832,卖盘
1462,13:38:00,12.3,0.01,17,20910,买盘
1463,13:37:57,12.29,--,109,133961,卖盘
1464,13:37:54,12.29,--,131,161355,卖盘
1465,13:37:51,12.29,-0.01,18,22122,卖盘
1466,13:37:48,12.3,--,26,31980,买盘
1467,13:37:45,12.3,0.01,2,2460,买盘
1468,13:37:42,12.29,--,104,127815,卖盘
1469,13:37:39,12.29,--,19,23351,卖盘
1470,13:37:36,12.29,--,7,8603,卖盘
1471,13:37:33,12.29,--,25,30724,卖盘
1472,13:37:30,12.29,0.01,69,84801,买盘
1473,13:37:27,12.28,-0.01,118,144904,卖盘
1474,13:37:24,12.29,0.01,22,27037,买盘
1475,13:37:21,12.28,--,17,20876,卖盘
1476,13:37:18,12.28,--,111,136308,卖盘
1477,13:37:15,12.28,-0.01,25,30700,卖盘
1478,13:37:12,12.29,--,542,666118,卖盘
1479,13:37:09,12.29,-0.01,9,11061,卖盘
1480,13:37:06,12.3,--,231,284130,买盘
1481,13:37:03,12.3,--,92,113160,买盘
1482,13:37:00,12.3,--,24,29520,买盘
1483,13:36:57,12.3,--,52,63960,买盘
1484,13:36:54,12.3,-0.01,1372,1688334,卖盘
1485,13:36:51,12.31,--,94,115714,卖盘
1486,13:36:48,12.31,-0.01,718,883858,卖盘
1487,13:36:45,12.32,--,242,298144,卖盘
1488,13:36:42,12.32,--,36,44352,卖盘
1489,13:36:39,12.32,-0.01,2,2464,卖盘
1490,13:36:36,12.33,0.01,16,19728,买盘
1491,13:36:33,12.32,-0.01,53,65296,卖盘
1492,13:36:30,12.33,0.01,9,11097,买盘
1493,13:36:27,12.32,--,19,23408,卖盘
1494,13:36:24,12.32,-0.01,80,98560,卖盘
1495,13:36:21,12.33,0.01,109,134397,买盘
1496,13:36:18,12.32,--,43,52976,卖盘
1497,13:36:15,12.32,--,32,39424,卖盘
1498,13:36:12,12.32,--,31,38389,卖盘
1499,13:36:09,12.32,-0.01,96,118616,卖盘
1500,13:36:06,12.33,0.01,33,40689,买盘
1501,13:36:03,12.32,-0.01,3,3696,卖盘
1502,13:36:00,12.33,0.01,39,48087,买盘
1503,13:35:57,12.32,-0.01,2,2464,卖盘
1504,13:35:54,12.33,0.01,133,163989,买盘
1505,13:35:51,12.32,--,7,8624,卖盘
1506,13:35:48,12.32,-0.01,3,3696,卖盘
1507,13:35:45,12.33,0.01,7,8631,买盘
1508,13:35:42,12.32,--,39,48048,卖盘
1509,13:35:39,12.32,--,20,24640,卖盘
1510,13:35:36,12.32,-0.01,142,174944,卖盘
1511,13:35:30,12.33,0.01,1,1233,买盘
1512,13:35:27,12.32,--,41,50512,卖盘
1513,13:35:18,12.32,-0.01,10,12320,卖盘
1514,13:35:15,12.33,0.01,14,17262,买盘
1515,13:35:12,12.32,-0.01,50,61600,卖盘
1516,13:35:06,12.33,--,138,170154,买盘
1517,13:35:03,12.33,--,43,53019,买盘
1518,13:35:00,12.33,0.01,65,80145,买盘
1519,13:34:57,12.32,--,11,13552,卖盘
1520,13:34:54,12.32,--,1,1232,卖盘
1521,13:34:51,12.32,--,2,2464,卖盘
1522,13:34:48,12.32,-0.01,25,30800,卖盘
1523,13:34:45,12.33,0.01,70,86310,买盘
1524,13:34:42,12.32,-0.01,50,61600,卖盘
1525,13:34:39,12.33,--,78,96174,买盘
1526,13:34:36,12.33,0.01,22,27126,买盘
1527,13:34:33,12.32,-0.01,241,297256,卖盘
1528,13:34:30,12.33,0.01,49,60786,买盘
1529,13:34:27,12.32,--,52,64064,卖盘
1530,13:34:24,12.32,--,4,4928,卖盘
1531,13:34:21,12.32,--,88,108416,卖盘
1532,13:34:18,12.32,--,8,9856,卖盘
1533,13:34:15,12.32,--,14,17248,卖盘
1534,13:34:12,12.32,-0.01,24,30097,卖盘
1535,13:34:09,12.33,0.01,36,44400,买盘
1536,13:34:06,12.32,-0.01,27,33264,卖盘
1537,13:34:00,12.33,--,15,18495,买盘
1538,13:33:57,12.33,--,12,14796,买盘
1539,13:33:51,12.33,--,3,3699,买盘
1540,13:33:48,12.33,--,5,6165,买盘
1541,13:33:45,12.33,--,60,73980,买盘
1542,13:33:39,12.33,0.01,19,23427,买盘
1543,13:33:36,12.32,-0.01,174,214368,卖盘
1544,13:33:33,12.33,0.01,4,4932,买盘
1545,13:33:30,12.32,-0.01,8,9856,卖盘
1546,13:33:27,12.33,0.01,31,38223,买盘
1547,13:33:24,12.32,-0.01,1,1232,卖盘
1548,13:33:18,12.33,0.01,20,24660,买盘
1549,13:33:15,12.32,--,7,8624,卖盘
1550,13:33:12,12.32,--,25,30800,卖盘
1551,13:33:09,12.32,--,9,11088,卖盘
1552,13:33:06,12.32,--,28,34496,卖盘
1553,13:33:03,12.32,-0.01,5,6160,卖盘
1554,13:33:00,12.33,0.01,65,80145,买盘
1555,13:32:57,12.32,--,4,4928,卖盘
1556,13:32:54,12.32,-0.01,8,9856,卖盘
1557,13:32:51,12.33,0.01,58,71514,买盘
1558,13:32:48,12.32,--,60,73920,卖盘
1559,13:32:42,12.32,-0.01,4,4928,卖盘
1560,13:32:39,12.33,--,3,3699,买盘
1561,13:32:36,12.33,--,433,533889,买盘
1562,13:32:30,12.33,0.01,571,704043,买盘
1563,13:32:27,12.32,-0.01,165,203551,卖盘
1564,13:32:24,12.33,--,19,23427,卖盘
1565,13:32:21,12.33,--,26,32058,卖盘
1566,13:32:15,12.33,--,11,13563,卖盘
1567,13:32:12,12.33,--,26,32588,卖盘
1568,13:32:09,12.33,--,34,41922,卖盘
1569,13:32:06,12.33,--,552,680628,卖盘
1570,13:32:03,12.33,-0.01,50,61650,卖盘
1571,13:32:00,12.34,0.01,16,19744,买盘
1572,13:31:54,12.33,--,1,1233,卖盘
1573,13:31:51,12.33,--,1,1233,卖盘
1574,13:31:48,12.33,-0.01,47,58641,卖盘
1575,13:31:45,12.34,-0.01,36,44424,卖盘
1576,13:31:42,12.35,0.01,4,4940,买盘
1577,13:31:39,12.34,--,12,14808,卖盘
1578,13:31:36,12.34,--,7,8638,卖盘
1579,13:31:33,12.34,--,20,24680,卖盘
1580,13:31:30,12.34,--,24,29616,卖盘
1581,13:31:27,12.34,0.01,86,106666,买盘
1582,13:31:21,12.33,--,9,11097,卖盘
1583,13:31:18,12.33,--,2,2466,卖盘
1584,13:31:15,12.33,-0.01,19,23427,卖盘
1585,13:31:12,12.34,-0.01,112,138899,卖盘
1586,13:31:09,12.35,0.01,12,14820,买盘
1587,13:31:06,12.34,--,23,28382,卖盘
1588,13:31:03,12.34,--,140,172760,卖盘
1589,13:31:00,12.34,--,53,65402,卖盘
1590,13:30:57,12.34,--,2,2468,卖盘
1591,13:30:54,12.34,--,134,165356,卖盘
1592,13:30:48,12.34,--,14,17276,卖盘
1593,13:30:45,12.34,--,12,14808,卖盘
1594,13:30:42,12.34,--,28,34552,卖盘
1595,13:30:39,12.34,--,12,14808,卖盘
1596,13:30:36,12.34,--,100,123400,卖盘
1597,13:30:33,12.34,-0.01,22,27148,卖盘
1598,13:30:30,12.35,0.01,7,8645,买盘
1599,13:30:27,12.34,--,3,3702,卖盘
1600,13:30:24,12.34,--,198,244332,卖盘
1601,13:30:21,12.34,--,7,8638,卖盘
1602,13:30:18,12.34,-0.01,42,51828,卖盘
1603,13:30:15,12.35,--,4,4940,买盘
1604,13:30:12,12.35,0.01,36,45102,买盘
1605,13:30:09,12.34,-0.01,49,61601,卖盘
1606,13:30:06,12.35,0.01,51,62985,买盘
1607,13:30:03,12.34,-0.01,34,41956,卖盘
1608,13:30:00,12.35,0.01,45,55575,买盘
1609,13:29:57,12.34,-0.01,6,7404,卖盘
1610,13:29:54,12.35,--,6,7410,买盘
1611,13:29:51,12.35,--,5,6175,买盘
1612,13:29:48,12.35,0.01,11,13585,买盘
1613,13:29:42,12.34,--,34,41956,卖盘
1614,13:29:39,12.34,-0.01,2,2468,卖盘
1615,13:29:36,12.35,0.01,205,253175,买盘
1616,13:29:33,12.34,0.01,32,39488,买盘
1617,13:29:30,12.33,--,78,96174,卖盘
1618,13:29:27,12.33,--,9,11097,卖盘
1619,13:29:24,12.33,--,24,29592,卖盘
1620,13:29:18,12.33,-0.01,311,383463,卖盘
1621,13:29:15,12.34,0.01,11,13574,买盘
1622,13:29:12,12.33,--,7,8631,卖盘
1623,13:29:09,12.33,--,1,1233,卖盘
1624,13:29:06,12.33,-0.01,75,92475,卖盘
1625,13:29:03,12.34,0.01,20,24680,买盘
1626,13:29:00,12.33,--,21,25893,卖盘
1627,13:28:57,12.33,--,15,18495,卖盘
1628,13:28:54,12.33,-0.01,36,44388,卖盘
1629,13:28:51,12.34,0.01,11,13574,买盘
1630,13:28:48,12.33,--,14,17262,卖盘
1631,13:28:45,12.33,--,12,14796,卖盘
1632,13:28:42,12.33,--,34,41922,卖盘
1633,13:28:39,12.33,--,3,3699,卖盘
1634,13:28:36,12.33,--,10,12330,卖盘
1635,13:28:33,12.33,--,2,2466,卖盘
1636,13:28:30,12.33,--,57,70281,卖盘
1637,13:28:27,12.33,--,11,13563,卖盘
1638,13:28:24,12.33,--,12,14796,卖盘
1639,13:28:21,12.33,--,5,6584,买盘
1640,13:28:18,12.33,--,22,27126,买盘
1641,13:28:15,12.33,--,15,18495,买盘
1642,13:28:09,12.33,0.01,43,54215,买盘
1643,13:28:06,12.32,--,84,104067,卖盘
1644,13:28:03,12.32,-0.01,24,29568,卖盘
1645,13:28:00,12.33,--,40,49320,卖盘
1646,13:27:57,12.33,--,8,9864,卖盘
1647,13:27:54,12.33,--,66,81378,卖盘
1648,13:27:51,12.33,--,39,48087,卖盘
1649,13:27:48,12.33,--,37,46175,买盘
1650,13:27:45,12.33,-0.01,229,282554,卖盘
1651,13:27:42,12.34,--,10,12340,买盘
1652,13:27:36,12.34,0.01,17,20978,中性盘
1653,13:27:33,12.33,-0.01,23,28359,卖盘
1654,13:27:30,12.34,0.01,3,3702,买盘
1655,13:27:27,12.33,-0.01,5,6165,卖盘
1656,13:27:24,12.34,-0.01,189,234262,中性盘
1657,13:27:21,12.35,0.01,59,72865,买盘
1658,13:27:18,12.34,0.01,6,7404,买盘
1659,13:27:15,12.33,-0.01,360,444570,卖盘
1660,13:27:12,12.34,--,7,8638,卖盘
1661,13:27:09,12.34,--,2,2468,卖盘
1662,13:27:06,12.34,-0.01,23,28382,卖盘
1663,13:27:03,12.35,--,54,67789,买盘
1664,13:27:00,12.35,0.01,183,226005,买盘
1665,13:26:57,12.34,--,19,23446,卖盘
1666,13:26:54,12.34,--,11,13574,卖盘
1667,13:26:51,12.34,-0.01,11,13574,卖盘
1668,13:26:48,12.35,0.01,6,7410,买盘
1669,13:26:45,12.34,-0.01,6,7404,卖盘
1670,13:26:42,12.35,0.01,4,4940,买盘
1671,13:26:39,12.34,--,77,95018,卖盘
1672,13:26:36,12.34,--,8,9872,卖盘
1673,13:26:33,12.34,-0.01,32,39488,卖盘
1674,13:26:30,12.35,--,67,82745,买盘
1675,13:26:27,12.35,0.01,12,14820,买盘
1676,13:26:24,12.34,--,44,54296,卖盘
1677,13:26:21,12.34,-0.01,124,153892,卖盘
1678,13:26:18,12.35,0.01,7,8645,买盘
1679,13:26:15,12.34,--,16,19744,卖盘
1680,13:26:12,12.34,--,2,2468,卖盘
1681,13:26:09,12.34,--,24,30097,卖盘
1682,13:26:06,12.34,--,72,88848,卖盘
1683,13:26:03,12.34,--,48,59293,卖盘
1684,13:26:00,12.34,-0.01,86,106124,卖盘
1685,13:25:57,12.35,--,14,17290,买盘
1686,13:25:51,12.35,--,41,51153,卖盘
1687,13:25:48,12.35,-0.01,57,70395,卖盘
1688,13:25:45,12.36,0.01,26,32136,买盘
1689,13:25:42,12.35,--,12,14820,卖盘
1690,13:25:39,12.35,--,32,39520,卖盘
1691,13:25:36,12.35,--,100,123500,卖盘
1692,13:25:33,12.35,--,5,6175,卖盘
1693,13:25:30,12.35,--,164,202935,卖盘
1694,13:25:27,12.35,-0.01,20,24700,卖盘
1695,13:25:24,12.36,0.01,13,16068,买盘
1696,13:25:21,12.35,--,527,650845,卖盘
1697,13:25:15,12.35,--,34,41990,卖盘
1698,13:25:12,12.35,--,105,129675,卖盘
1699,13:25:09,12.35,--,101,124735,卖盘
1700,13:25:06,12.35,--,77,95416,卖盘
1701,13:25:03,12.35,--,1,1235,卖盘
1702,13:25:00,12.35,--,98,121030,卖盘
1703,13:24:57,12.35,--,6,7410,卖盘
1704,13:24:54,12.35,-0.01,88,108680,卖盘
1705,13:24:45,12.36,--,20,24720,买盘
1706,13:24:42,12.36,--,26,32136,买盘
1707,13:24:36,12.36,-0.01,1065,1317032,卖盘
1708,13:24:30,12.37,--,10,12370,买盘
1709,13:24:27,12.37,0.01,79,97723,买盘
1710,13:24:24,12.36,-0.01,1,1236,卖盘
1711,13:24:21,12.37,--,13,16080,买盘
1712,13:24:18,12.37,0.01,93,115041,买盘
1713,13:24:15,12.36,--,10,12360,卖盘
1714,13:24:12,12.36,-0.01,9,11124,卖盘
1715,13:24:09,12.37,0.01,27,34524,买盘
1716,13:24:06,12.36,-0.01,62,77287,卖盘
1717,13:24:03,12.37,0.01,21,25977,买盘
1718,13:24:00,12.36,--,48,59328,卖盘
1719,13:23:48,12.36,--,112,138432,卖盘
1720,13:23:45,12.36,-0.01,71,87756,卖盘
1721,13:23:42,12.37,--,14,17318,买盘
1722,13:23:39,12.37,0.01,20,24740,买盘
1723,13:23:36,12.36,--,59,72924,卖盘
1724,13:23:30,12.36,--,3,3708,卖盘
1725,13:23:27,12.36,--,27,33372,卖盘
1726,13:23:21,12.36,-0.01,80,98880,卖盘
1727,13:23:18,12.37,--,36,44532,买盘
1728,13:23:15,12.37,0.01,12,14843,买盘
1729,13:23:12,12.36,--,10,12360,卖盘
1730,13:23:06,12.36,-0.01,58,71688,卖盘
1731,13:23:03,12.37,0.01,24,29687,买盘
1732,13:23:00,12.36,--,18,22248,卖盘
1733,13:22:57,12.36,--,65,80340,卖盘
1734,13:22:54,12.36,--,39,48204,卖盘
1735,13:22:51,12.36,-0.01,123,152028,卖盘
1736,13:22:48,12.37,--,4,4948,买盘
1737,13:22:45,12.37,--,40,49480,买盘
1738,13:22:42,12.37,0.01,370,457690,买盘
1739,13:22:33,12.36,-0.01,60,74160,卖盘
1740,13:22:30,12.37,-0.01,23,28451,卖盘
1741,13:22:27,12.38,0.01,121,149798,买盘
1742,13:22:24,12.37,--,14,17318,卖盘
1743,13:22:21,12.37,--,116,143492,买盘
1744,13:22:18,12.37,--,21,25977,卖盘
1745,13:22:15,12.37,--,65,80405,卖盘
1746,13:22:12,12.37,--,61,75457,卖盘
1747,13:22:09,12.37,--,120,148440,卖盘
1748,13:22:06,12.37,--,72,89064,卖盘
1749,13:22:03,12.37,--,38,47006,卖盘
1750,13:22:00,12.37,--,222,274614,卖盘
1751,13:21:57,12.37,--,50,61849,卖盘
1752,13:21:54,12.37,--,55,68035,卖盘
1753,13:21:51,12.37,--,639,790443,卖盘
1754,13:21:48,12.37,--,45,55665,卖盘
1755,13:21:42,12.37,-0.01,32,39584,卖盘
1756,13:21:36,12.38,--,15,18570,买盘
1757,13:21:30,12.38,--,90,111420,买盘
1758,13:21:27,12.38,--,15,18570,买盘
1759,13:21:24,12.38,--,6,7428,买盘
1760,13:21:21,12.38,--,21,25998,买盘
1761,13:21:18,12.38,0.01,116,143608,买盘
1762,13:21:15,12.37,--,10,12370,卖盘
1763,13:21:12,12.37,-0.01,39,48243,卖盘
1764,13:21:09,12.38,0.01,13,16094,买盘
1765,13:21:06,12.37,-0.01,69,85353,卖盘
1766,13:21:03,12.38,--,5,6190,买盘
1767,13:21:00,12.38,0.01,68,84184,买盘
1768,13:20:57,12.37,-0.01,15,18555,卖盘
1769,13:20:54,12.38,0.01,669,828222,买盘
1770,13:20:51,12.37,--,40,49480,卖盘
1771,13:20:48,12.37,-0.01,20,24740,卖盘
1772,13:20:45,12.38,0.01,170,210460,买盘
1773,13:20:42,12.37,-0.01,151,186787,卖盘
1774,13:20:39,12.38,0.01,1,1238,买盘
1775,13:20:33,12.37,-0.01,127,157099,卖盘
1776,13:20:27,12.38,0.01,119,147322,买盘
1777,13:20:24,12.37,--,3,3710,卖盘
1778,13:20:21,12.37,--,309,382233,买盘
1779,13:20:18,12.37,--,114,141018,买盘
1780,13:20:15,12.37,0.01,100,123699,买盘
1781,13:20:12,12.36,-0.01,525,648900,卖盘
1782,13:20:09,12.37,0.01,2,2474,买盘
1783,13:20:06,12.36,-0.01,44,54384,卖盘
1784,13:20:00,12.37,0.01,18,22266,买盘
1785,13:19:48,12.36,-0.01,257,317652,卖盘
1786,13:19:45,12.37,--,5,6185,买盘
1787,13:19:42,12.37,0.01,3,3710,买盘
1788,13:19:39,12.36,--,10,12360,卖盘
1789,13:19:36,12.36,0.01,760,939360,买盘
1790,13:19:30,12.35,--,10,12350,卖盘
1791,13:19:27,12.35,--,10,12350,卖盘
1792,13:19:24,12.35,--,3,3705,卖盘
1793,13:19:21,12.35,--,24,29640,卖盘
1794,13:19:18,12.35,--,74,91390,卖盘
1795,13:19:12,12.35,--,7,8645,卖盘
1796,13:19:09,12.35,--,33,40755,卖盘
1797,13:19:06,12.35,--,57,70395,买盘
1798,13:19:00,12.35,0.01,43,53105,中性盘
1799,13:18:54,12.34,-0.01,100,123400,卖盘
1800,13:18:51,12.35,0.01,7,8645,买盘
1801,13:18:48,12.34,--,12,14808,卖盘
1802,13:18:45,12.34,-0.01,74,91316,卖盘
1803,13:18:42,12.35,--,40,49400,买盘
1804,13:18:39,12.35,--,160,197600,买盘
1805,13:18:36,12.35,--,3,3705,买盘
1806,13:18:33,12.35,-0.01,92,113620,中性盘
1807,13:18:30,12.36,0.02,102,126072,买盘
1808,13:18:27,12.34,-0.01,32,39488,卖盘
1809,13:18:24,12.35,--,123,151905,买盘
1810,13:18:18,12.35,--,35,43225,买盘
1811,13:18:15,12.35,--,40,49400,买盘
1812,13:18:12,12.35,--,6,7410,卖盘
1813,13:18:09,12.35,--,7,8645,卖盘
1814,13:18:06,12.35,0.01,68,83980,买盘
1815,13:18:03,12.34,-0.01,103,127102,卖盘
1816,13:18:00,12.35,0.01,10,12350,卖盘
1817,13:17:57,12.34,-0.01,80,98720,卖盘
1818,13:17:54,12.35,--,51,62985,买盘
1819,13:17:51,12.35,--,118,145730,买盘
1820,13:17:48,12.35,--,16,19760,买盘
1821,13:17:45,12.35,--,100,123500,买盘
1822,13:17:42,12.35,--,70,86450,买盘
1823,13:17:39,12.35,--,77,95095,买盘
1824,13:17:36,12.35,--,4,4940,买盘
1825,13:17:33,12.35,--,35,43225,买盘
1826,13:17:30,12.35,0.01,37,45695,买盘
1827,13:17:27,12.34,-0.01,8,9872,卖盘
1828,13:17:21,12.35,--,22,27170,买盘
1829,13:17:18,12.35,--,93,114855,买盘
1830,13:17:15,12.35,0.01,20,24700,买盘
1831,13:17:12,12.34,--,100,123400,卖盘
1832,13:17:09,12.34,--,11,13574,卖盘
1833,13:17:06,12.34,--,23,28382,卖盘
1834,13:17:03,12.34,--,58,71572,卖盘
1835,13:17:00,12.34,-0.01,27,33318,卖盘
1836,13:16:51,12.35,--,11,13585,买盘
1837,13:16:48,12.35,--,40,49400,买盘
1838,13:16:45,12.35,0.01,5,6175,买盘
1839,13:16:42,12.34,-0.01,60,74040,卖盘
1840,13:16:39,12.35,--,34,41990,买盘
1841,13:16:33,12.35,--,18,22230,买盘
1842,13:16:30,12.35,0.01,7,8645,买盘
1843,13:16:27,12.34,--,11,13574,卖盘
1844,13:16:24,12.34,-0.01,113,139442,卖盘
1845,13:16:21,12.35,0.01,30,37050,买盘
1846,13:16:18,12.34,-0.01,6,7404,卖盘
1847,13:16:15,12.35,--,45,55575,买盘
1848,13:16:12,12.35,0.01,3,3705,买盘
1849,13:16:09,12.34,--,1,1234,卖盘
1850,13:16:06,12.34,--,55,67870,卖盘
1851,13:16:03,12.34,--,57,70338,卖盘
1852,13:16:00,12.34,--,18,22212,卖盘
1853,13:15:57,12.34,-0.01,1,1234,卖盘
1854,13:15:54,12.35,0.01,109,134615,买盘
1855,13:15:51,12.34,-0.01,4,4936,卖盘
1856,13:15:48,12.35,--,51,62985,买盘
1857,13:15:45,12.35,--,103,127205,买盘
1858,13:15:42,12.35,0.01,20,24700,买盘
1859,13:15:39,12.34,--,10,12340,卖盘
1860,13:15:33,12.34,--,6,7404,卖盘
1861,13:15:30,12.34,--,20,24680,卖盘
1862,13:15:27,12.34,--,9,11106,卖盘
1863,13:15:24,12.34,--,27,33318,卖盘
1864,13:15:21,12.34,--,2,2961,买盘
1865,13:15:18,12.34,--,31,38254,买盘
1866,13:15:15,12.34,--,3,3702,买盘
1867,13:15:12,12.34,--,20,24680,买盘
1868,13:15:09,12.34,0.01,77,95018,买盘
1869,13:15:06,12.33,-0.01,24,29592,卖盘
1870,13:15:03,12.34,--,3,3702,买盘
1871,13:15:00,12.34,--,45,55530,买盘
1872,13:14:57,12.34,0.01,10,12340,买盘
1873,13:14:54,12.33,-0.01,8,9864,卖盘
1874,13:14:51,12.34,--,102,125868,买盘
1875,13:14:48,12.34,0.01,21,25914,买盘
1876,13:14:45,12.33,--,11,13563,卖盘
1877,13:14:39,12.33,-0.01,54,66582,卖盘
1878,13:14:36,12.34,--,1,1234,买盘
1879,13:14:33,12.34,0.01,9,11106,买盘
1880,13:14:30,12.33,-0.01,1,1233,卖盘
1881,13:14:27,12.34,0.01,170,209780,买盘
1882,13:14:24,12.33,--,3,3699,卖盘
1883,13:14:21,12.33,-0.01,13,16029,卖盘
1884,13:14:18,12.34,0.01,4,4936,买盘
1885,13:14:12,12.33,--,26,32058,卖盘
1886,13:14:09,12.33,--,146,180018,卖盘
1887,13:14:06,12.33,-0.01,27,33291,卖盘
1888,13:14:03,12.34,0.01,51,62934,买盘
1889,13:14:00,12.33,--,12,14796,卖盘
1890,13:13:57,12.33,-0.01,73,90009,卖盘
1891,13:13:54,12.34,--,4,4936,买盘
1892,13:13:51,12.34,--,4,4936,买盘
1893,13:13:45,12.34,0.01,14,17276,买盘
1894,13:13:42,12.33,-0.01,5,6165,卖盘
1895,13:13:39,12.34,--,4,4936,买盘
1896,13:13:33,12.34,--,36,45164,卖盘
1897,13:13:30,12.34,0.01,46,57257,买盘
1898,13:13:27,12.33,-0.01,500,616500,卖盘
1899,13:13:24,12.34,0.01,15,18510,买盘
1900,13:13:21,12.33,-0.01,150,184950,卖盘
1901,13:13:18,12.34,0.01,62,76508,买盘
1902,13:13:15,12.33,--,8,9864,卖盘
1903,13:13:09,12.33,-0.01,17,20961,卖盘
1904,13:13:06,12.34,--,5,6910,卖盘
1905,13:13:03,12.34,--,101,124634,卖盘
1906,13:13:00,12.34,--,53,65402,卖盘
1907,13:12:57,12.34,-0.01,50,61700,卖盘
1908,13:12:54,12.35,0.01,23,28405,买盘
1909,13:12:51,12.34,--,7,8638,卖盘
1910,13:12:48,12.34,--,117,144378,卖盘
1911,13:12:45,12.34,--,29,35786,卖盘
1912,13:12:42,12.34,-0.01,101,124634,卖盘
1913,13:12:39,12.35,0.01,1,1235,买盘
1914,13:12:36,12.34,--,10,12340,卖盘
1915,13:12:33,12.34,-0.01,60,74040,卖盘
1916,13:12:30,12.35,0.01,1,1235,买盘
1917,13:12:27,12.34,--,25,30850,卖盘
1918,13:12:24,12.34,-0.01,61,75274,卖盘
1919,13:12:18,12.35,--,10,12350,买盘
1920,13:12:12,12.35,--,421,519935,卖盘
1921,13:12:09,12.35,-0.01,111,137085,卖盘
1922,13:12:06,12.36,0.01,33,40788,买盘
1923,13:12:03,12.35,--,271,334685,卖盘
1924,13:12:00,12.35,--,13,16055,卖盘
1925,13:11:57,12.35,--,18,22230,卖盘
1926,13:11:54,12.35,-0.01,8,9880,卖盘
1927,13:11:45,12.36,0.01,71,87756,买盘
1928,13:11:42,12.35,-0.01,98,121030,卖盘
1929,13:11:39,12.36,--,10,12360,买盘
1930,13:11:36,12.36,--,74,91464,买盘
1931,13:11:33,12.36,--,101,124836,买盘
1932,13:11:30,12.36,0.01,28,34608,买盘
1933,13:11:27,12.35,-0.01,78,96330,卖盘
1934,13:11:21,12.36,--,125,154500,卖盘
1935,13:11:18,12.36,-0.01,14,17304,卖盘
1936,13:11:15,12.37,0.01,206,254821,买盘
1937,13:11:12,12.36,-0.01,1,1236,卖盘
1938,13:11:09,12.37,0.01,4,4948,买盘
1939,13:11:06,12.36,--,42,51912,卖盘
1940,13:11:03,12.36,--,1,1236,卖盘
1941,13:11:00,12.36,--,84,103824,卖盘
1942,13:10:57,12.36,--,1,1236,卖盘
1943,13:10:54,12.36,0.01,115,142140,买盘
1944,13:10:51,12.35,-0.01,1,1235,卖盘
1945,13:10:48,12.36,0.01,100,123600,买盘
1946,13:10:45,12.35,--,27,33345,卖盘
1947,13:10:42,12.35,-0.01,36,44460,卖盘
1948,13:10:39,12.36,0.01,30,37080,买盘
1949,13:10:33,12.35,-0.01,5,6175,卖盘
1950,13:10:27,12.36,0.01,8,9888,买盘
1951,13:10:24,12.35,-0.01,1,1235,卖盘
1952,13:10:21,12.36,--,1,1236,买盘
1953,13:10:18,12.36,-0.01,10,12360,买盘
1954,13:10:15,12.37,0.01,76,94012,买盘
1955,13:10:12,12.36,--,100,123600,卖盘
1956,13:10:09,12.36,--,86,106296,卖盘
1957,13:10:06,12.36,--,21,25956,卖盘
1958,13:10:03,12.36,--,5,6180,卖盘
1959,13:10:00,12.36,--,5,6180,卖盘
1960,13:09:57,12.36,--,101,124836,卖盘
1961,13:09:54,12.36,--,10,12360,卖盘
1962,13:09:51,12.36,--,1,1236,卖盘
1963,13:09:48,12.36,--,17,21012,卖盘
1964,13:09:45,12.36,--,100,123600,卖盘
1965,13:09:42,12.36,--,34,42024,卖盘
1966,13:09:36,12.36,-0.01,10,12360,卖盘
1967,13:09:33,12.37,--,87,107619,买盘
1968,13:09:30,12.37,--,71,87827,买盘
1969,13:09:27,12.37,--,109,134833,买盘
1970,13:09:21,12.37,--,36,44532,买盘
1971,13:09:18,12.37,--,23,28451,卖盘
1972,13:09:15,12.37,-0.01,61,75457,卖盘
1973,13:09:12,12.38,--,8,9904,买盘
1974,13:09:09,12.38,0.01,40,49520,买盘
1975,13:09:06,12.37,--,83,102671,卖盘
1976,13:09:00,12.37,-0.01,121,149677,卖盘
1977,13:08:57,12.38,0.01,11,13618,买盘
1978,13:08:51,12.37,--,32,39584,卖盘
1979,13:08:48,12.37,-0.01,67,82879,卖盘
1980,13:08:45,12.38,0.01,50,61900,买盘
1981,13:08:42,12.37,-0.01,1,1237,卖盘
1982,13:08:39,12.38,--,4,4952,买盘
1983,13:08:36,12.38,0.01,68,84184,买盘
1984,13:08:33,12.37,-0.01,9,11133,卖盘
1985,13:08:30,12.38,--,92,113896,卖盘
1986,13:08:27,12.38,-0.01,1,1238,卖盘
1987,13:08:24,12.39,0.01,24,29736,买盘
1988,13:08:21,12.38,-0.01,288,356544,卖盘
1989,13:08:18,12.39,0.01,701,868539,买盘
1990,13:08:15,12.38,-0.01,131,162178,卖盘
1991,13:08:12,12.39,0.01,14,17346,买盘
1992,13:08:09,12.38,--,465,575670,卖盘
1993,13:08:06,12.38,--,22,27236,卖盘
1994,13:08:00,12.38,-0.01,8,9904,卖盘
1995,13:07:57,12.39,0.01,14,17346,买盘
1996,13:07:54,12.38,-0.01,206,255028,卖盘
1997,13:07:51,12.39,0.01,190,235410,买盘
1998,13:07:48,12.38,--,201,248838,卖盘
1999,13:07:45,12.38,--,21,25998,卖盘
2000,13:07:42,12.38,--,44,54472,卖盘
2001,13:07:39,12.38,-0.01,15,18570,卖盘
2002,13:07:36,12.39,0.01,17,21063,买盘
2003,13:07:33,12.38,-0.01,97,120086,卖盘
2004,13:07:30,12.39,0.01,4,4956,买盘
2005,13:07:27,12.38,--,799,989162,卖盘
2006,13:07:24,12.38,-0.01,62,76756,卖盘
2007,13:07:21,12.39,0.01,88,109032,买盘
2008,13:07:15,12.38,-0.01,24,29712,卖盘
2009,13:07:12,12.39,0.02,676,837687,买盘
2010,13:07:09,12.37,--,400,494799,卖盘
2011,13:07:06,12.37,-0.01,116,143492,卖盘
2012,13:07:03,12.38,0.01,6,7428,买盘
2013,13:07:00,12.37,-0.01,317,392129,卖盘
2014,13:06:54,12.38,--,158,195604,买盘
2015,13:06:51,12.38,--,52,64376,买盘
2016,13:06:48,12.38,0.01,60,74280,买盘
2017,13:06:45,12.37,--,152,188024,卖盘
2018,13:06:42,12.37,-0.01,84,103908,卖盘
2019,13:06:39,12.38,0.01,77,95326,买盘
2020,13:06:36,12.37,--,21,25977,卖盘
2021,13:06:33,12.37,--,48,59375,卖盘
2022,13:06:30,12.37,--,73,90301,卖盘
2023,13:06:27,12.37,0.01,27,33399,买盘
2024,13:06:24,12.36,-0.01,73,90228,卖盘
2025,13:06:21,12.37,-0.01,115,142255,卖盘
2026,13:06:18,12.38,0.01,133,164654,买盘
2027,13:06:15,12.37,-0.01,37,46758,卖盘
2028,13:06:12,12.38,0.01,41,50758,买盘
2029,13:06:09,12.37,--,1,1237,卖盘
2030,13:06:06,12.37,--,22,27214,卖盘
2031,13:06:03,12.37,--,171,211527,卖盘
2032,13:06:00,12.37,--,2,2474,卖盘
2033,13:05:54,12.37,--,2,2474,卖盘
2034,13:05:51,12.37,-0.01,201,248636,卖盘
2035,13:05:48,12.38,0.02,129,159949,买盘
2036,13:05:45,12.36,--,1,1236,卖盘
2037,13:05:42,12.36,-0.01,10,12360,卖盘
2038,13:05:39,12.37,--,75,92775,买盘
2039,13:05:36,12.37,--,110,136070,买盘
2040,13:05:33,12.37,--,17,21029,买盘
2041,13:05:30,12.37,--,12,15833,卖盘
2042,13:05:27,12.37,-0.01,8,9896,卖盘
2043,13:05:24,12.38,0.01,27,33426,买盘
2044,13:05:21,12.37,--,48,59375,卖盘
2045,13:05:18,12.37,--,323,399551,卖盘
2046,13:05:15,12.37,-0.01,107,132359,卖盘
2047,13:05:12,12.38,0.01,158,195604,买盘
2048,13:05:09,12.37,--,27,33399,卖盘
2049,13:05:06,12.37,--,223,275851,卖盘
2050,13:05:03,12.37,--,15,18555,卖盘
2051,13:05:00,12.37,--,25,31172,卖盘
2052,13:04:57,12.37,--,10,12370,卖盘
2053,13:04:54,12.37,--,225,278325,卖盘
2054,13:04:51,12.37,--,50,61849,买盘
2055,13:04:48,12.37,0.01,151,186787,买盘
2056,13:04:45,12.36,-0.01,101,124836,卖盘
2057,13:04:42,12.37,--,42,51954,买盘
2058,13:04:39,12.37,--,255,315435,买盘
2059,13:04:36,12.37,--,63,77931,买盘
2060,13:04:33,12.37,--,45,55665,买盘
2061,13:04:27,12.37,0.01,2,2474,买盘
2062,13:04:24,12.36,-0.01,215,265740,卖盘
2063,13:04:21,12.37,--,39,48243,买盘
2064,13:04:18,12.37,0.01,75,92775,买盘
2065,13:04:15,12.36,-0.01,14,17304,卖盘
2066,13:04:12,12.37,0.01,3,3710,买盘
2067,13:04:09,12.36,--,27,33372,卖盘
2068,13:04:06,12.36,-0.01,168,207648,卖盘
2069,13:04:03,12.37,0.01,206,254821,买盘
2070,13:04:00,12.36,--,62,76632,买盘
2071,13:03:57,12.36,0.01,14,17304,买盘
2072,13:03:54,12.35,-0.01,34,41990,卖盘
2073,13:03:51,12.36,--,17,21012,卖盘
2074,13:03:48,12.36,--,87,107532,买盘
2075,13:03:45,12.36,--,39,48204,买盘
2076,13:03:42,12.36,--,54,66744,买盘
2077,13:03:36,12.36,0.01,1,1236,买盘
2078,13:03:33,12.35,-0.01,41,50635,卖盘
2079,13:03:30,12.36,0.01,8,9888,买盘
2080,13:03:27,12.35,--,125,154375,卖盘
2081,13:03:24,12.35,--,1,1235,卖盘
2082,13:03:18,12.35,--,26,32110,买盘
2083,13:03:15,12.35,--,154,190190,买盘
2084,13:03:12,12.35,--,3,3705,买盘
2085,13:03:09,12.35,0.01,65,80275,买盘
2086,13:03:06,12.34,-0.01,28,34552,卖盘
2087,13:03:03,12.35,--,51,62985,买盘
2088,13:03:00,12.35,0.01,8,9880,买盘
2089,13:02:57,12.34,-0.01,54,66636,卖盘
2090,13:02:54,12.35,0.01,2,2470,卖盘
2091,13:02:51,12.34,-0.01,221,272714,卖盘
2092,13:02:48,12.35,--,145,179075,买盘
2093,13:02:42,12.35,0.01,35,43225,买盘
2094,13:02:39,12.34,--,36,44424,卖盘
2095,13:02:36,12.34,0.01,95,117723,买盘
2096,13:02:33,12.33,--,77,94941,买盘
2097,13:02:30,12.33,0.01,851,1049283,买盘
2098,13:02:24,12.32,-0.01,2,2464,卖盘
2099,13:02:21,12.33,-0.01,4,4932,买盘
2100,13:02:18,12.34,--,64,79716,卖盘
2101,13:02:15,12.34,0.01,77,95511,买盘
2102,13:02:12,12.33,--,50,61650,卖盘
2103,13:02:09,12.33,--,4,4932,卖盘
2104,13:02:06,12.33,--,22,27126,卖盘
2105,13:02:03,12.33,--,2,2466,卖盘
2106,13:02:00,12.33,-0.02,50,61650,卖盘
2107,13:01:57,12.35,--,88,108680,买盘
2108,13:01:54,12.35,0.02,1,1235,买盘
2109,13:01:51,12.33,--,44,54252,卖盘
2110,13:01:48,12.33,-0.01,35,43155,卖盘
2111,13:01:45,12.34,--,28,34552,卖盘
2112,13:01:42,12.34,--,32,39488,卖盘
2113,13:01:39,12.34,-0.01,32,39488,卖盘
2114,13:01:36,12.35,0.01,80,98800,买盘
2115,13:01:33,12.34,--,60,74040,卖盘
2116,13:01:30,12.34,-0.01,16,19744,卖盘
2117,13:01:27,12.35,-0.01,43,53105,卖盘
2118,13:01:24,12.36,0.02,94,116184,买盘
2119,13:01:21,12.34,-0.01,15,18510,卖盘
2120,13:01:18,12.35,-0.01,16,19760,中性盘
2121,13:01:15,12.36,0.02,4,4944,买盘
2122,13:01:12,12.34,--,67,82678,卖盘
2123,13:01:06,12.34,-0.02,56,69104,卖盘
2124,13:01:03,12.36,--,147,181692,买盘
2125,13:01:00,12.36,--,84,103824,买盘
2126,13:00:54,12.36,--,129,159444,买盘
2127,13:00:51,12.36,--,50,61800,买盘
2128,13:00:48,12.36,0.01,74,91464,买盘
2129,13:00:45,12.35,-0.01,101,124735,卖盘
2130,13:00:42,12.36,--,5,6180,买盘
2131,13:00:39,12.36,--,17,21012,买盘
2132,13:00:36,12.36,--,7,8652,买盘
2133,13:00:33,12.36,--,34,42024,买盘
2134,13:00:30,12.36,0.01,141,174276,买盘
2135,13:00:27,12.35,--,27,33345,卖盘
2136,13:00:21,12.35,-0.01,11,13585,卖盘
2137,13:00:18,12.36,0.01,10,12360,买盘
2138,13:00:15,12.35,-0.01,92,113620,卖盘
2139,13:00:12,12.36,0.01,236,291696,买盘
2140,13:00:09,12.35,-0.01,211,260585,卖盘
2141,13:00:06,12.36,--,172,212592,买盘
2142,13:00:03,12.36,--,2645,3269961,卖盘
2143,13:00:00,12.36,--,0,0,卖盘
2144,11:30:00,12.36,--,12,14832,卖盘
2145,11:29:54,12.36,--,605,747780,卖盘
2146,11:29:51,12.36,-0.01,77,95172,卖盘
2147,11:29:45,12.37,--,114,141018,买盘
2148,11:29:42,12.37,0.01,8,9896,买盘
2149,11:29:39,12.36,-0.01,13,16068,卖盘
2150,11:29:36,12.37,--,45,55665,买盘
2151,11:29:33,12.37,--,5,6185,买盘
2152,11:29:27,12.37,--,225,278325,买盘
2153,11:29:24,12.37,--,25,30924,买盘
2154,11:29:21,12.37,--,52,64323,卖盘
2155,11:29:18,12.37,--,10,12370,卖盘
2156,11:29:15,12.37,--,57,71003,买盘
2157,11:29:12,12.37,--,5,6185,买盘
2158,11:29:09,12.37,--,600,742200,买盘
2159,11:29:06,12.37,0.01,42,51954,买盘
2160,11:29:03,12.36,-0.01,308,380688,卖盘
2161,11:29:00,12.37,0.01,191,236266,买盘
2162,11:28:57,12.36,--,1,1236,卖盘
2163,11:28:54,12.36,0.01,9,11124,买盘
2164,11:28:51,12.35,-0.01,130,160550,卖盘
2165,11:28:48,12.36,0.01,792,978912,买盘
2166,11:28:42,12.35,-0.01,30,37050,卖盘
2167,11:28:39,12.36,--,100,123600,买盘
2168,11:28:36,12.36,--,141,174276,买盘
2169,11:28:33,12.36,--,4,4944,买盘
2170,11:28:30,12.36,--,4,4944,买盘
2171,11:28:27,12.36,0.01,100,123600,买盘
2172,11:28:21,12.35,--,20,24700,卖盘
2173,11:28:15,12.35,-0.02,202,249470,卖盘
2174,11:28:12,12.37,0.01,189,233792,买盘
2175,11:28:09,12.36,--,31,38316,买盘
2176,11:28:06,12.36,--,91,112476,卖盘
2177,11:28:03,12.36,--,11,13596,卖盘
2178,11:28:00,12.36,--,11,13596,中性盘
2179,11:27:57,12.36,--,35,43260,买盘
2180,11:27:54,12.36,--,2,2472,买盘
2181,11:27:48,12.36,--,18,22248,买盘
2182,11:27:45,12.36,--,24,29664,买盘
2183,11:27:42,12.36,--,215,265740,买盘
2184,11:27:39,12.36,0.01,16,19776,买盘
2185,11:27:36,12.35,-0.01,30,37050,卖盘
2186,11:27:33,12.36,--,14,17304,买盘
2187,11:27:30,12.36,0.01,5,6180,买盘
2188,11:27:27,12.35,-0.01,46,56810,卖盘
2189,11:27:24,12.36,--,4,4944,买盘
2190,11:27:21,12.36,--,31,38316,买盘
2191,11:27:18,12.36,--,155,191580,买盘
2192,11:27:15,12.36,--,80,98880,买盘
2193,11:27:12,12.36,--,29,35844,买盘
2194,11:27:09,12.36,--,5,6180,买盘
2195,11:27:06,12.36,-0.01,15,18540,卖盘
2196,11:27:03,12.37,--,50,61849,买盘
2197,11:27:00,12.37,0.03,42,51954,买盘
2198,11:26:57,12.34,-0.02,511,630574,卖盘
2199,11:26:54,12.36,--,106,131016,买盘
2200,11:26:51,12.36,0.01,530,655080,买盘
2201,11:26:48,12.35,--,299,369265,卖盘
2202,11:26:42,12.35,--,50,61750,卖盘
2203,11:26:39,12.35,--,109,134615,卖盘
2204,11:26:36,12.35,-0.01,24,29640,卖盘
2205,11:26:33,12.36,--,112,138432,买盘
2206,11:26:30,12.36,--,5,6180,买盘
2207,11:26:24,12.36,--,101,124836,买盘
2208,11:26:21,12.36,-0.01,34,42024,中性盘
2209,11:26:18,12.37,0.01,300,371100,买盘
2210,11:26:15,12.36,--,49,60564,卖盘
2211,11:26:12,12.36,--,206,254616,卖盘
2212,11:26:09,12.36,--,10,12360,卖盘
2213,11:26:06,12.36,--,16,19776,卖盘
2214,11:26:03,12.36,--,50,61800,卖盘
2215,11:26:00,12.36,0.01,88,108768,买盘
2216,11:25:57,12.35,--,4,4940,卖盘
2217,11:25:54,12.35,-0.01,449,554515,卖盘
2218,11:25:51,12.36,0.01,116,143376,买盘
2219,11:25:48,12.35,--,10,12350,卖盘
2220,11:25:45,12.35,--,2,2470,卖盘
2221,11:25:42,12.35,--,58,71630,卖盘
2222,11:25:39,12.35,0.01,340,419900,买盘
2223,11:25:36,12.34,-0.01,42,51828,卖盘
2224,11:25:33,12.35,0.01,211,260585,买盘
2225,11:25:30,12.34,-0.01,54,66636,卖盘
2226,11:25:24,12.35,0.01,8,9880,买盘
2227,11:25:21,12.34,--,9,11106,卖盘
2228,11:25:18,12.34,--,162,199908,卖盘
2229,11:25:15,12.34,--,18,22212,卖盘
2230,11:25:06,12.34,--,127,156718,卖盘
2231,11:25:03,12.34,--,14,17276,卖盘
2232,11:25:00,12.34,--,3,3702,卖盘
2233,11:24:57,12.34,--,50,61700,卖盘
2234,11:24:51,12.34,--,28,34552,买盘
2235,11:24:45,12.34,0.01,40,49360,买盘
2236,11:24:42,12.33,-0.01,224,276192,卖盘
2237,11:24:39,12.34,0.01,11,13574,买盘
2238,11:24:36,12.33,--,8,9864,卖盘
2239,11:24:33,12.33,-0.01,21,25893,卖盘
2240,11:24:30,12.34,0.01,1,1234,买盘
2241,11:24:24,12.33,0.01,255,314415,买盘
2242,11:24:21,12.32,--,55,67760,卖盘
2243,11:24:18,12.32,--,10,12320,卖盘
2244,11:24:15,12.32,-0.01,33,40656,卖盘
2245,11:24:12,12.33,0.01,37,45621,买盘
2246,11:24:09,12.32,--,26,32032,卖盘
2247,11:24:06,12.32,--,14,17248,卖盘
2248,11:24:03,12.32,-0.01,13,16016,卖盘
2249,11:23:57,12.33,--,9,11097,买盘
2250,11:23:54,12.33,--,4,4932,买盘
2251,11:23:51,12.33,--,143,176319,买盘
2252,11:23:45,12.33,0.01,140,172620,买盘
2253,11:23:42,12.32,--,10,12320,卖盘
2254,11:23:39,12.32,-0.01,20,24640,卖盘
2255,11:23:33,12.33,--,13,16029,买盘
2256,11:23:30,12.33,0.01,6,7398,买盘
2257,11:23:21,12.32,0.01,49,60368,买盘
2258,11:23:18,12.31,-0.01,40,49240,卖盘
2259,11:23:15,12.32,0.01,17,20944,买盘
2260,11:23:12,12.31,--,57,70167,卖盘
2261,11:23:09,12.31,-0.01,16,19696,卖盘
2262,11:23:06,12.32,0.01,71,87472,买盘
2263,11:23:03,12.31,-0.01,29,35699,卖盘
2264,11:23:00,12.32,--,120,147840,买盘
2265,11:22:57,12.32,0.01,30,36960,买盘
2266,11:22:48,12.31,-0.01,74,91094,卖盘
2267,11:22:45,12.32,0.01,47,57904,买盘
2268,11:22:39,12.31,--,3,3693,卖盘
2269,11:22:36,12.31,--,24,29544,中性盘
2270,11:22:33,12.31,--,33,40623,买盘
2271,11:22:30,12.31,--,154,189574,买盘
2272,11:22:27,12.31,--,165,203115,买盘
2273,11:22:24,12.31,--,18,22158,买盘
2274,11:22:21,12.31,--,11,13541,买盘
2275,11:22:18,12.31,--,473,582263,买盘
2276,11:22:15,12.31,0.01,40,49240,买盘
2277,11:22:12,12.3,--,36,44280,卖盘
2278,11:22:09,12.3,--,36,44280,卖盘
2279,11:22:06,12.3,-0.01,20,24600,卖盘
2280,11:22:03,12.31,--,200,246200,买盘
2281,11:22:00,12.31,0.01,28,34468,买盘
2282,11:21:57,12.3,-0.01,27,33210,卖盘
2283,11:21:54,12.31,--,38,46778,买盘
2284,11:21:51,12.31,0.01,90,110790,买盘
2285,11:21:48,12.3,-0.01,49,60270,卖盘
2286,11:21:45,12.31,0.01,25,30775,买盘
2287,11:21:42,12.3,--,128,157440,卖盘
2288,11:21:36,12.3,--,5,6150,卖盘
2289,11:21:33,12.3,-0.01,78,95964,卖盘
2290,11:21:30,12.31,0.01,7,8617,买盘
2291,11:21:27,12.3,--,76,93480,卖盘
2292,11:21:24,12.3,--,13,15990,卖盘
2293,11:21:21,12.3,--,7,8610,卖盘
2294,11:21:18,12.3,--,22,27060,卖盘
2295,11:21:15,12.3,-0.01,60,73800,卖盘
2296,11:21:12,12.31,0.01,6,7386,买盘
2297,11:21:09,12.3,--,15,18450,卖盘
2298,11:21:06,12.3,--,8,9840,卖盘
2299,11:21:00,12.3,--,75,92250,卖盘
2300,11:20:57,12.3,--,119,146370,卖盘
2301,11:20:54,12.3,--,71,87330,买盘
2302,11:20:51,12.3,--,58,71340,买盘
2303,11:20:48,12.3,0.01,169,207870,买盘
2304,11:20:45,12.29,--,64,78656,卖盘
2305,11:20:42,12.29,--,17,20893,卖盘
2306,11:20:36,12.29,-0.01,22,27037,卖盘
2307,11:20:33,12.3,--,37,45510,买盘
2308,11:20:30,12.3,0.02,12,14760,买盘
2309,11:20:27,12.28,--,94,115432,卖盘
2310,11:20:24,12.28,--,76,93328,卖盘
2311,11:20:21,12.28,--,56,68768,卖盘
2312,11:20:18,12.28,--,1,1228,卖盘
2313,11:20:15,12.28,--,134,164552,卖盘
2314,11:20:12,12.28,--,10,12280,卖盘
2315,11:20:09,12.28,0.01,34,41752,中性盘
2316,11:20:00,12.27,-0.03,10,12270,卖盘
2317,11:19:57,12.3,0.02,400,492000,买盘
2318,11:19:54,12.28,0.01,320,392960,买盘
2319,11:19:51,12.27,--,40,49080,卖盘
2320,11:19:48,12.27,-0.01,3,3681,卖盘
2321,11:19:45,12.28,--,86,105608,买盘
2322,11:19:42,12.28,--,36,44208,买盘
2323,11:19:39,12.28,--,1,1228,买盘
2324,11:19:36,12.28,-0.01,1095,1344660,卖盘
2325,11:19:33,12.29,-0.01,30,36870,卖盘
2326,11:19:30,12.3,0.01,18,22140,买盘
2327,11:19:27,12.29,--,231,283899,卖盘
2328,11:19:24,12.29,-0.01,1,1229,卖盘
2329,11:19:21,12.3,0.01,17,20910,买盘
2330,11:19:18,12.29,-0.01,19,23351,卖盘
2331,11:19:15,12.3,0.01,30,36900,买盘
2332,11:19:09,12.29,-0.01,15,18435,卖盘
2333,11:19:03,12.3,--,261,321030,卖盘
2334,11:19:00,12.3,--,284,349320,卖盘
2335,11:18:57,12.3,-0.01,506,622380,卖盘
2336,11:18:54,12.31,0.01,1,1231,买盘
2337,11:18:51,12.3,-0.01,70,86100,卖盘
2338,11:18:48,12.31,--,18,22158,买盘
2339,11:18:45,12.31,--,79,97249,买盘
2340,11:18:42,12.31,--,77,94787,买盘
2341,11:18:39,12.31,--,58,71398,卖盘
2342,11:18:36,12.31,-0.01,115,141565,卖盘
2343,11:18:30,12.32,0.01,13,16016,买盘
2344,11:18:27,12.31,-0.01,112,137872,卖盘
2345,11:18:24,12.32,0.01,10,12320,买盘
2346,11:18:21,12.31,--,19,23389,卖盘
2347,11:18:18,12.31,--,10,12310,卖盘
2348,11:18:15,12.31,--,11,13541,卖盘
2349,11:18:09,12.31,--,31,38161,卖盘
2350,11:18:06,12.31,--,13,16003,卖盘
2351,11:18:03,12.31,--,86,105866,卖盘
2352,11:18:00,12.31,--,10,12310,卖盘
2353,11:17:57,12.31,--,60,73860,卖盘
2354,11:17:54,12.31,--,5,6155,卖盘
2355,11:17:48,12.31,--,58,71398,买盘
2356,11:17:45,12.31,--,185,227735,买盘
2357,11:17:42,12.31,--,24,29544,买盘
2358,11:17:36,12.31,--,31,38161,买盘
2359,11:17:33,12.31,--,188,231428,买盘
2360,11:17:30,12.31,--,40,49240,买盘
2361,11:17:27,12.31,0.01,439,540409,买盘
2362,11:17:24,12.3,-0.01,18,22140,卖盘
2363,11:17:21,12.31,--,207,254817,买盘
2364,11:17:18,12.31,0.01,116,142796,买盘
2365,11:17:15,12.3,-0.01,31,38130,卖盘
2366,11:17:12,12.31,0.01,4,4924,买盘
2367,11:17:09,12.3,-0.01,79,97170,卖盘
2368,11:17:06,12.31,--,95,116945,买盘
2369,11:17:03,12.31,--,358,440698,卖盘
2370,11:17:00,12.31,--,174,214194,卖盘
2371,11:16:57,12.31,--,211,259741,卖盘
2372,11:16:54,12.31,--,102,125562,卖盘
2373,11:16:51,12.31,--,110,135410,卖盘
2374,11:16:48,12.31,-0.01,115,141565,卖盘
2375,11:16:45,12.32,0.01,69,85008,买盘
2376,11:16:42,12.31,--,76,93556,卖盘
2377,11:16:39,12.31,--,21,25851,卖盘
2378,11:16:36,12.31,--,2,2462,卖盘
2379,11:16:33,12.31,-0.01,120,147720,卖盘
2380,11:16:30,12.32,0.01,4,4928,买盘
2381,11:16:27,12.31,--,260,320060,卖盘
2382,11:16:24,12.31,--,52,64012,卖盘
2383,11:16:21,12.31,--,7,8617,卖盘
2384,11:16:18,12.31,--,80,98480,卖盘
2385,11:16:15,12.31,-0.01,41,50471,卖盘
2386,11:16:12,12.32,0.01,67,82544,买盘
2387,11:16:09,12.31,-0.01,33,40623,卖盘
2388,11:16:06,12.32,--,27,33264,买盘
2389,11:16:03,12.32,--,7,8624,买盘
2390,11:15:57,12.32,--,238,293216,买盘
2391,11:15:51,12.32,--,28,34496,买盘
2392,11:15:48,12.32,-0.01,1014,1249248,卖盘
2393,11:15:45,12.33,--,19,23427,买盘
2394,11:15:42,12.33,--,36,44388,买盘
2395,11:15:36,12.33,-0.01,357,440181,卖盘
2396,11:15:30,12.34,0.01,19,23446,买盘
2397,11:15:27,12.33,-0.01,141,173853,卖盘
2398,11:15:21,12.34,-0.01,220,271480,卖盘
2399,11:15:18,12.35,--,4,4940,买盘
2400,11:15:15,12.35,--,53,65455,买盘
2401,11:15:12,12.35,--,117,144495,买盘
2402,11:15:09,12.35,--,56,69160,卖盘
2403,11:15:06,12.35,--,72,88920,卖盘
2404,11:15:03,12.35,--,52,64220,卖盘
2405,11:15:00,12.35,--,5,6175,卖盘
2406,11:14:57,12.35,-0.01,50,61750,卖盘
2407,11:14:54,12.36,0.01,131,161916,买盘
2408,11:14:51,12.35,--,18,22230,卖盘
2409,11:14:48,12.35,-0.01,30,37050,卖盘
2410,11:14:45,12.36,0.01,36,44496,买盘
2411,11:14:42,12.35,--,331,408785,卖盘
2412,11:14:39,12.35,--,27,33345,卖盘
2413,11:14:36,12.35,--,31,38285,卖盘
2414,11:14:33,12.35,-0.01,2,2470,卖盘
2415,11:14:30,12.36,--,54,66744,买盘
2416,11:14:27,12.36,0.01,4,4944,买盘
2417,11:14:24,12.35,--,83,102505,卖盘
2418,11:14:21,12.35,--,94,116090,卖盘
2419,11:14:18,12.35,--,12,14820,卖盘
2420,11:14:15,12.35,-0.01,111,137085,卖盘
2421,11:14:12,12.36,0.01,12,14832,买盘
2422,11:14:09,12.35,-0.01,57,70395,卖盘
2423,11:14:06,12.36,--,109,134724,买盘
2424,11:14:00,12.36,0.01,43,53148,买盘
2425,11:13:57,12.35,--,37,45695,卖盘
2426,11:13:54,12.35,--,96,118560,卖盘
2427,11:13:51,12.35,--,5,6175,卖盘
2428,11:13:48,12.35,-0.01,101,124735,卖盘
2429,11:13:45,12.36,--,60,74160,卖盘
2430,11:13:42,12.36,--,101,124836,卖盘
2431,11:13:39,12.36,-0.01,41,50676,卖盘
2432,11:13:36,12.37,0.01,35,43295,买盘
2433,11:13:33,12.36,--,5,6180,卖盘
2434,11:13:30,12.36,--,86,106296,卖盘
2435,11:13:27,12.36,--,40,49440,卖盘
2436,11:13:24,12.36,-0.01,176,217536,卖盘
2437,11:13:21,12.37,0.01,12,14843,买盘
2438,11:13:18,12.36,--,85,105060,卖盘
2439,11:13:15,12.36,-0.01,37,45732,卖盘
2440,11:13:12,12.37,--,135,166995,买盘
2441,11:13:09,12.37,--,124,153388,买盘
2442,11:13:06,12.37,0.01,184,227608,买盘
2443,11:13:03,12.36,-0.01,38,46968,卖盘
2444,11:13:00,12.37,0.01,60,74220,买盘
2445,11:12:57,12.36,--,103,127308,卖盘
2446,11:12:54,12.36,-0.01,105,129780,卖盘
2447,11:12:51,12.37,--,135,166995,买盘
2448,11:12:48,12.37,-0.01,104,128647,中性盘
2449,11:12:45,12.38,0.01,32,39616,买盘
2450,11:12:42,12.37,--,88,108856,卖盘
2451,11:12:39,12.37,--,221,273377,卖盘
2452,11:12:36,12.37,-0.01,5,6185,卖盘
2453,11:12:30,12.38,0.01,64,79232,买盘
2454,11:12:27,12.37,--,9,11133,买盘
2455,11:12:21,12.37,0.01,224,277088,买盘
2456,11:12:18,12.36,-0.01,13,16068,卖盘
2457,11:12:15,12.37,--,10,12370,买盘
2458,11:12:12,12.37,--,40,50692,卖盘
2459,11:12:09,12.37,--,108,133596,卖盘
2460,11:12:06,12.37,-0.01,50,61849,卖盘
2461,11:12:03,12.38,--,75,92874,买盘
2462,11:12:00,12.38,0.01,184,227792,买盘
2463,11:11:57,12.37,--,27,33399,卖盘
2464,11:11:54,12.37,0.01,26,32161,卖盘
2465,11:11:51,12.36,-0.01,130,160680,卖盘
2466,11:11:48,12.37,--,10,12370,买盘
2467,11:11:45,12.37,--,24,29687,买盘
2468,11:11:42,12.37,--,225,278325,卖盘
2469,11:11:39,12.37,0.01,406,502221,买盘
2470,11:11:33,12.36,-0.01,10,12360,卖盘
2471,11:11:30,12.37,--,4,4948,买盘
2472,11:11:27,12.37,0.01,40,49480,买盘
2473,11:11:24,12.36,--,60,74160,卖盘
2474,11:11:21,12.36,-0.01,36,44496,卖盘
2475,11:11:18,12.37,--,13,16080,买盘
2476,11:11:15,12.37,0.01,18,22266,买盘
2477,11:11:12,12.36,--,146,180456,卖盘
2478,11:11:09,12.36,--,28,34608,卖盘
2479,11:11:06,12.36,--,1,1236,卖盘
2480,11:11:03,12.36,--,217,268212,卖盘
2481,11:10:57,12.36,--,161,198996,卖盘
2482,11:10:54,12.36,-0.02,56,69216,卖盘
2483,11:10:51,12.38,0.02,48,59424,买盘
2484,11:10:48,12.36,-0.02,30,37080,卖盘
2485,11:10:45,12.38,0.01,191,236458,买盘
2486,11:10:42,12.37,--,40,49480,买盘
2487,11:10:39,12.37,--,124,153388,卖盘
2488,11:10:36,12.37,0.01,31,38347,买盘
2489,11:10:33,12.36,-0.01,77,95172,卖盘
2490,11:10:30,12.37,--,44,54428,买盘
2491,11:10:27,12.37,--,148,183076,卖盘
2492,11:10:24,12.37,-0.01,20,24740,卖盘
2493,11:10:21,12.38,--,42,51996,买盘
2494,11:10:18,12.38,--,721,892598,卖盘
2495,11:10:15,12.38,--,338,418444,卖盘
2496,11:10:12,12.38,--,203,251314,卖盘
2497,11:10:09,12.38,--,58,71804,卖盘
2498,11:10:06,12.38,--,18,22284,卖盘
2499,11:10:03,12.38,--,150,185700,卖盘
2500,11:10:00,12.38,--,87,107706,卖盘
2501,11:09:57,12.38,--,75,92850,卖盘
2502,11:09:54,12.38,-0.01,91,112658,卖盘
2503,11:09:51,12.39,0.01,1132,1402548,买盘
2504,11:09:48,12.38,--,285,352830,卖盘
2505,11:09:45,12.38,-0.01,88,108944,卖盘
2506,11:09:42,12.39,--,17,21063,买盘
2507,11:09:39,12.39,0.01,79,97881,买盘
2508,11:09:36,12.38,--,55,68090,卖盘
2509,11:09:33,12.38,-0.01,13,16094,卖盘
2510,11:09:30,12.39,--,41,50799,买盘
2511,11:09:27,12.39,0.01,23,28497,买盘
2512,11:09:24,12.38,-0.01,1016,1257808,卖盘
2513,11:09:21,12.39,-0.01,660,818483,卖盘
2514,11:09:18,12.4,--,590,731600,买盘
2515,11:09:15,12.4,--,360,446400,买盘
2516,11:09:12,12.4,--,180,223200,买盘
2517,11:09:09,12.4,--,514,637360,买盘
2518,11:09:06,12.4,--,274,339760,买盘
2519,11:09:03,12.4,--,148,183520,买盘
2520,11:09:00,12.4,--,955,1184200,买盘
2521,11:08:57,12.4,--,79,97960,买盘
2522,11:08:54,12.4,0.01,340,421600,买盘
2523,11:08:51,12.39,-0.01,580,718620,卖盘
2524,11:08:48,12.4,--,216,267840,买盘
2525,11:08:45,12.4,--,393,487320,买盘
2526,11:08:42,12.4,--,161,199640,买盘
2527,11:08:39,12.4,--,336,416640,买盘
2528,11:08:36,12.4,--,213,264120,买盘
2529,11:08:33,12.4,0.01,326,404240,买盘
2530,11:08:30,12.39,--,934,1157226,卖盘
2531,11:08:27,12.39,--,4,4956,卖盘
2532,11:08:24,12.39,--,140,174203,卖盘
2533,11:08:21,12.39,0.01,704,873247,买盘
2534,11:08:18,12.38,-0.01,2093,2591134,卖盘
2535,11:08:15,12.39,--,181,224259,买盘
2536,11:08:12,12.39,0.01,118,146202,买盘
2537,11:08:09,12.38,--,471,583098,卖盘
2538,11:08:06,12.38,--,385,476630,卖盘
2539,11:08:03,12.38,--,1999,2474762,买盘
2540,11:08:00,12.38,--,433,536054,买盘
2541,11:07:57,12.38,--,166,205508,买盘
2542,11:07:54,12.38,--,1305,1615590,买盘
2543,11:07:51,12.38,--,839,1038682,买盘
2544,11:07:48,12.38,--,181,224078,买盘
2545,11:07:45,12.38,0.01,300,371400,买盘
2546,11:07:42,12.37,--,508,628965,买盘
2547,11:07:39,12.37,0.01,709,877033,买盘
2548,11:07:36,12.36,--,1792,2214912,买盘
2549,11:07:33,12.36,0.01,2181,2695716,买盘
2550,11:07:30,12.35,--,55,67925,卖盘
2551,11:07:27,12.35,--,2000,2470494,买盘
2552,11:07:24,12.35,--,657,811395,买盘
2553,11:07:21,12.35,0.01,490,605150,买盘
2554,11:07:18,12.34,--,1309,1615306,卖盘
2555,11:07:15,12.34,--,6,7404,卖盘
2556,11:07:12,12.34,-0.01,124,153016,卖盘
2557,11:07:09,12.35,--,57,70395,买盘
2558,11:07:06,12.35,--,87,107445,买盘
2559,11:07:03,12.35,--,1142,1410370,买盘
2560,11:07:00,12.35,0.01,11,13585,买盘
2561,11:06:57,12.34,-0.01,473,583682,卖盘
2562,11:06:54,12.35,--,8,9880,买盘
2563,11:06:51,12.35,0.01,16,19760,买盘
2564,11:06:48,12.34,-0.01,18,22212,卖盘
2565,11:06:45,12.35,0.01,537,663195,买盘
2566,11:06:42,12.34,-0.01,50,61700,卖盘
2567,11:06:39,12.35,0.01,123,151905,买盘
2568,11:06:36,12.34,--,787,971158,买盘
2569,11:06:30,12.34,--,509,628106,买盘
2570,11:06:27,12.34,--,20,24680,买盘
2571,11:06:24,12.34,--,25,30850,买盘
2572,11:06:21,12.34,--,4,4936,买盘
2573,11:06:18,12.34,--,42,51828,买盘
2574,11:06:12,12.34,0.01,22,27148,买盘
2575,11:06:09,12.33,-0.01,18,22194,卖盘
2576,11:06:06,12.34,--,9,11106,买盘
2577,11:06:03,12.34,0.01,80,98720,买盘
2578,11:06:00,12.33,--,11,13563,卖盘
2579,11:05:57,12.33,--,29,35757,卖盘
2580,11:05:54,12.33,-0.01,13,16029,卖盘
2581,11:05:51,12.34,--,12,14808,买盘
2582,11:05:45,12.34,0.01,23,28382,买盘
2583,11:05:42,12.33,--,1,1233,卖盘
2584,11:05:36,12.33,-0.01,130,160290,卖盘
2585,11:05:33,12.34,0.01,5,6170,买盘
2586,11:05:30,12.33,-0.01,134,165222,卖盘
2587,11:05:24,12.34,0.01,18,22212,买盘
2588,11:05:21,12.33,--,74,91242,卖盘
2589,11:05:18,12.33,--,522,643626,卖盘
2590,11:05:12,12.33,--,10,12330,卖盘
2591,11:05:09,12.33,--,17,20961,卖盘
2592,11:05:06,12.33,--,20,24660,卖盘
2593,11:05:03,12.33,--,3,3699,卖盘
2594,11:05:00,12.33,--,21,25893,卖盘
2595,11:04:57,12.33,--,21,25893,卖盘
2596,11:04:51,12.33,-0.01,5,6165,卖盘
2597,11:04:48,12.34,0.01,5,6170,买盘
2598,11:04:45,12.33,--,205,252765,卖盘
2599,11:04:42,12.33,-0.01,10,12330,卖盘
2600,11:04:39,12.34,0.01,327,403518,买盘
2601,11:04:36,12.33,--,20,24660,卖盘
2602,11:04:33,12.33,--,13,16029,卖盘
2603,11:04:30,12.33,-0.01,99,122067,卖盘
2604,11:04:27,12.34,--,54,66636,买盘
2605,11:04:24,12.34,0.01,26,32084,买盘
2606,11:04:21,12.33,--,10,12330,卖盘
2607,11:04:18,12.33,--,7,8631,卖盘
2608,11:04:15,12.33,--,1,1233,卖盘
2609,11:04:12,12.33,--,2,2466,卖盘
2610,11:04:09,12.33,--,101,124533,卖盘
2611,11:04:06,12.33,-0.01,34,41922,卖盘
2612,11:04:03,12.34,--,550,678700,买盘
2613,11:04:00,12.34,--,23,28382,买盘
2614,11:03:54,12.34,--,5,6170,买盘
2615,11:03:51,12.34,--,20,24680,买盘
2616,11:03:45,12.34,0.01,9,11106,买盘
2617,11:03:42,12.33,-0.01,520,641160,卖盘
2618,11:03:36,12.34,--,1,1234,买盘
2619,11:03:33,12.34,--,3,3702,买盘
2620,11:03:30,12.34,0.01,5,6170,买盘
2621,11:03:27,12.33,--,151,186183,卖盘
2622,11:03:24,12.33,-0.01,55,67815,卖盘
2623,11:03:21,12.34,0.01,9,11106,买盘
2624,11:03:18,12.33,-0.01,10,12330,卖盘
2625,11:03:15,12.34,--,10,12340,买盘
2626,11:03:09,12.34,0.01,41,50594,买盘
2627,11:03:06,12.33,-0.01,48,59184,卖盘
2628,11:03:03,12.34,0.01,11,13574,买盘
2629,11:03:00,12.33,-0.01,1,1233,卖盘
2630,11:02:57,12.34,0.01,4,4936,买盘
2631,11:02:51,12.33,-0.01,10,12330,卖盘
2632,11:02:42,12.34,0.01,107,132038,买盘
2633,11:02:39,12.33,-0.01,58,71514,卖盘
2634,11:02:36,12.34,--,67,82678,买盘
2635,11:02:30,12.34,--,88,108592,买盘
2636,11:02:24,12.34,--,14,17276,买盘
2637,11:02:21,12.34,0.01,3,3702,买盘
2638,11:02:18,12.33,-0.01,155,191115,卖盘
2639,11:02:15,12.34,0.01,30,37020,买盘
2640,11:02:12,12.33,--,1,1233,卖盘
2641,11:02:09,12.33,-0.01,18,22194,卖盘
2642,11:02:06,12.34,--,18,22212,买盘
2643,11:02:03,12.34,0.01,50,61700,买盘
2644,11:02:00,12.33,--,16,19728,卖盘
2645,11:01:57,12.33,-0.01,4,4932,卖盘
2646,11:01:54,12.34,0.01,6,7404,买盘
2647,11:01:51,12.33,--,1,1233,卖盘
2648,11:01:48,12.33,--,46,56718,卖盘
2649,11:01:45,12.33,--,33,40689,卖盘
2650,11:01:42,12.33,--,59,72747,卖盘
2651,11:01:39,12.33,--,19,23427,卖盘
2652,11:01:36,12.33,-0.01,12,14796,卖盘
2653,11:01:33,12.34,0.01,6,7404,买盘
2654,11:01:30,12.33,--,44,54252,卖盘
2655,11:01:27,12.33,-0.01,10,12330,卖盘
2656,11:01:24,12.34,--,29,35786,买盘
2657,11:01:21,12.34,0.01,24,29616,买盘
2658,11:01:18,12.33,--,63,77679,卖盘
2659,11:01:12,12.33,--,5,6165,卖盘
2660,11:01:09,12.33,-0.01,111,136863,卖盘
2661,11:01:06,12.34,0.01,22,27148,买盘
2662,11:01:03,12.33,--,28,34524,卖盘
2663,11:01:00,12.33,--,11,13563,卖盘
2664,11:00:57,12.33,--,100,123300,卖盘
2665,11:00:54,12.33,--,31,38223,卖盘
2666,11:00:51,12.33,--,10,12330,卖盘
2667,11:00:48,12.33,--,53,65349,买盘
2668,11:00:45,12.33,--,21,25893,卖盘
2669,11:00:42,12.33,--,152,187416,买盘
2670,11:00:39,12.33,--,5,6165,买盘
2671,11:00:36,12.33,--,38,46854,买盘
2672,11:00:33,12.33,0.01,206,253998,买盘
2673,11:00:30,12.32,--,29,35728,卖盘
2674,11:00:27,12.32,--,23,28336,卖盘
2675,11:00:18,12.32,-0.01,16,19712,卖盘
2676,11:00:12,12.33,0.01,3,3699,买盘
2677,11:00:09,12.32,-0.01,42,51744,卖盘
2678,11:00:06,12.33,--,88,108504,买盘
2679,11:00:03,12.33,--,108,133164,买盘
2680,11:00:00,12.33,0.01,21,25893,买盘
2681,10:59:51,12.32,-0.01,2,2464,卖盘
2682,10:59:48,12.33,--,500,616500,买盘
2683,10:59:45,12.33,--,6,7398,买盘
2684,10:59:42,12.33,0.01,21,25893,买盘
2685,10:59:36,12.32,-0.01,55,67760,卖盘
2686,10:59:30,12.33,--,4,4932,买盘
2687,10:59:27,12.33,0.01,32,39456,买盘
2688,10:59:24,12.32,-0.01,8,9856,卖盘
2689,10:59:21,12.33,0.01,41,50553,买盘
2690,10:59:18,12.32,--,12,14784,卖盘
2691,10:59:12,12.32,--,90,110880,卖盘
2692,10:59:09,12.32,-0.01,17,20944,卖盘
2693,10:59:06,12.33,--,7,8631,买盘
2694,10:59:00,12.33,--,79,97407,买盘
2695,10:58:57,12.33,--,33,40689,买盘
2696,10:58:54,12.33,--,10,12330,买盘
2697,10:58:51,12.33,-0.01,367,452511,卖盘
2698,10:58:48,12.34,--,19,23446,买盘
2699,10:58:45,12.34,--,51,62934,买盘
2700,10:58:39,12.34,--,50,61700,买盘
2701,10:58:36,12.34,--,464,572576,买盘
2702,10:58:33,12.34,--,208,256672,买盘
2703,10:58:30,12.34,--,76,93784,买盘
2704,10:58:27,12.34,--,37,45658,买盘
2705,10:58:24,12.34,--,30,37020,买盘
2706,10:58:21,12.34,0.01,3,3702,买盘
2707,10:58:18,12.33,--,79,97407,卖盘
2708,10:58:12,12.33,--,2,2466,卖盘
2709,10:58:09,12.33,--,129,159057,卖盘
2710,10:58:06,12.33,-0.01,1,1233,卖盘
2711,10:58:03,12.34,0.01,11,13574,买盘
2712,10:58:00,12.33,-0.01,51,62883,卖盘
2713,10:57:57,12.34,0.01,143,176462,买盘
2714,10:57:54,12.33,--,35,43155,卖盘
2715,10:57:51,12.33,--,1,1233,卖盘
2716,10:57:42,12.33,-0.01,9,11097,卖盘
2717,10:57:39,12.34,--,4,4936,买盘
2718,10:57:36,12.34,0.01,138,170292,买盘
2719,10:57:33,12.33,-0.01,37,45621,卖盘
2720,10:57:30,12.34,0.01,21,25914,买盘
2721,10:57:27,12.33,--,9,11097,卖盘
2722,10:57:24,12.33,--,20,24660,卖盘
2723,10:57:21,12.33,--,204,251532,卖盘
2724,10:57:18,12.33,--,142,175086,卖盘
2725,10:57:15,12.33,--,85,104805,卖盘
2726,10:57:12,12.33,--,22,27126,卖盘
2727,10:57:09,12.33,--,18,22194,卖盘
2728,10:57:06,12.33,-0.01,43,53019,卖盘
2729,10:57:03,12.34,0.01,138,170292,买盘
2730,10:57:00,12.33,-0.01,11,13563,卖盘
2731,10:56:57,12.34,0.01,13,16042,买盘
2732,10:56:48,12.33,-0.01,2,2466,卖盘
2733,10:56:45,12.34,--,138,170292,买盘
2734,10:56:42,12.34,0.01,43,53062,买盘
2735,10:56:39,12.33,--,145,178785,卖盘
2736,10:56:33,12.33,-0.01,29,35757,卖盘
2737,10:56:30,12.34,--,68,83912,买盘
2738,10:56:27,12.34,--,1,1234,买盘
2739,10:56:24,12.34,--,4,4936,买盘
2740,10:56:21,12.34,0.01,38,46892,买盘
2741,10:56:18,12.33,-0.01,207,255231,卖盘
2742,10:56:12,12.34,0.01,15,18510,买盘
2743,10:56:09,12.33,-0.01,28,34524,卖盘
2744,10:56:06,12.34,0.01,23,28382,买盘
2745,10:56:03,12.33,--,27,33291,卖盘
2746,10:56:00,12.33,--,1,1233,卖盘
2747,10:55:57,12.33,-0.01,115,141795,卖盘
2748,10:55:54,12.34,--,12,14808,买盘
2749,10:55:51,12.34,--,139,171526,买盘
2750,10:55:42,12.34,--,3,3702,买盘
2751,10:55:39,12.34,0.01,79,97486,买盘
2752,10:55:36,12.33,--,9,11097,卖盘
2753,10:55:33,12.33,--,214,263862,卖盘
2754,10:55:30,12.33,--,9,11097,卖盘
2755,10:55:27,12.33,-0.01,2,2466,卖盘
2756,10:55:24,12.34,--,54,66636,买盘
2757,10:55:21,12.34,0.01,30,37020,买盘
2758,10:55:18,12.33,--,10,12330,卖盘
2759,10:55:15,12.33,--,270,332910,卖盘
2760,10:55:12,12.33,--,2,2466,卖盘
2761,10:55:09,12.33,--,36,44388,卖盘
2762,10:55:06,12.33,--,1,1233,卖盘
2763,10:55:03,12.33,--,10,12330,卖盘
2764,10:55:00,12.33,--,583,718839,买盘
2765,10:54:57,12.33,0.01,20,24660,买盘
2766,10:54:54,12.32,-0.01,102,125664,卖盘
2767,10:54:51,12.33,0.01,30,36990,买盘
2768,10:54:48,12.32,-0.01,27,33264,卖盘
2769,10:54:45,12.33,--,283,348939,买盘
2770,10:54:42,12.33,--,72,88776,买盘
2771,10:54:33,12.33,--,38,46854,买盘
2772,10:54:30,12.33,0.01,11,13563,买盘
2773,10:54:27,12.32,-0.01,43,52976,卖盘
2774,10:54:24,12.33,--,155,191115,买盘
2775,10:54:21,12.33,0.01,70,86310,买盘
2776,10:54:18,12.32,-0.01,7,8624,卖盘
2777,10:54:15,12.33,--,55,67815,买盘
2778,10:54:12,12.33,0.01,19,23427,买盘
2779,10:54:09,12.32,-0.01,31,38192,卖盘
