,time,price,change,volume,amount,type
0,15:00:03,7.25,0.01,10886,7892350,买盘
1,14:57:00,7.24,--,461,333764,卖盘
2,14:56:57,7.24,--,78,56472,卖盘
3,14:56:54,7.24,-0.01,570,412680,卖盘
4,14:56:51,7.25,0.01,549,398315,买盘
5,14:56:48,7.24,--,208,150592,卖盘
6,14:56:45,7.24,--,83,60092,卖盘
7,14:56:42,7.24,--,38,27512,卖盘
8,14:56:39,7.24,-0.01,72,52128,卖盘
9,14:56:36,7.25,0.01,369,267525,买盘
10,14:56:33,7.24,--,41,29930,卖盘
11,14:56:30,7.24,--,219,158556,卖盘
12,14:56:27,7.24,--,117,84708,卖盘
13,14:56:24,7.24,-0.01,212,153488,卖盘
14,14:56:21,7.25,--,567,411075,买盘
15,14:56:18,7.25,--,183,132675,买盘
16,14:56:15,7.25,0.01,41,29725,买盘
17,14:56:12,7.24,-0.01,33,23892,卖盘
18,14:56:09,7.25,0.01,20,14500,买盘
19,14:56:06,7.24,-0.01,28,20272,卖盘
20,14:56:03,7.25,0.01,417,302325,买盘
21,14:56:00,7.24,-0.01,360,260640,卖盘
22,14:55:57,7.25,--,68,49300,买盘
23,14:55:54,7.25,0.01,572,414700,买盘
24,14:55:51,7.24,-0.01,136,98464,卖盘
25,14:55:48,7.25,0.01,26,18850,买盘
26,14:55:45,7.24,-0.01,241,174484,卖盘
27,14:55:42,7.25,0.01,116,84100,买盘
28,14:55:39,7.24,--,32,23168,卖盘
29,14:55:36,7.24,--,1751,1267724,卖盘
30,14:55:33,7.24,-0.01,247,178828,卖盘
31,14:55:30,7.25,0.01,25,18125,买盘
32,14:55:27,7.24,-0.01,75,54300,卖盘
33,14:55:24,7.25,0.01,1168,846800,买盘
34,14:55:21,7.24,-0.01,93,67332,卖盘
35,14:55:18,7.25,0.01,174,126150,买盘
36,14:55:15,7.24,--,30,21720,卖盘
37,14:55:12,7.24,--,67,48508,卖盘
38,14:55:09,7.24,-0.01,814,589336,卖盘
39,14:55:03,7.25,--,843,611175,买盘
40,14:55:00,7.25,0.01,304,220400,买盘
41,14:54:57,7.24,-0.01,155,112220,卖盘
42,14:54:54,7.25,0.01,3920,2842000,买盘
43,14:54:51,7.24,-0.01,14,10136,卖盘
44,14:54:48,7.25,0.01,126,91350,买盘
45,14:54:45,7.24,--,91,65884,卖盘
46,14:54:42,7.24,--,9,6516,卖盘
47,14:54:39,7.24,--,18,13032,卖盘
48,14:54:36,7.24,--,83,60092,卖盘
49,14:54:33,7.24,--,731,529910,卖盘
50,14:54:30,7.24,--,225,162900,卖盘
51,14:54:27,7.24,--,1008,729792,卖盘
52,14:54:24,7.24,--,325,235300,卖盘
53,14:54:21,7.24,-0.01,105,76020,卖盘
54,14:54:18,7.25,0.01,290,210250,买盘
55,14:54:15,7.24,--,13,9412,卖盘
56,14:54:12,7.24,--,117,84708,卖盘
57,14:54:09,7.24,-0.01,98,70952,卖盘
58,14:54:06,7.25,0.01,18,13050,买盘
59,14:54:03,7.24,--,58,41992,卖盘
60,14:54:00,7.24,--,2,1448,卖盘
61,14:53:57,7.24,--,170,123080,卖盘
62,14:53:54,7.24,--,20,14480,卖盘
63,14:53:51,7.24,0.01,203,147551,买盘
64,14:53:48,7.23,-0.01,6,4338,卖盘
65,14:53:45,7.24,--,386,279464,买盘
66,14:53:42,7.24,--,1557,1127268,买盘
67,14:53:39,7.24,0.01,1925,1393700,买盘
68,14:53:36,7.23,--,27,19521,卖盘
69,14:53:33,7.23,-0.01,34,24582,卖盘
70,14:53:30,7.24,0.01,446,322904,买盘
71,14:53:27,7.23,-0.01,32,23136,卖盘
72,14:53:24,7.24,--,58,41992,买盘
73,14:53:21,7.24,0.01,512,370688,买盘
74,14:53:18,7.23,-0.01,27,19521,卖盘
75,14:53:15,7.24,0.01,28,20272,买盘
76,14:53:12,7.23,--,21,15183,卖盘
77,14:53:09,7.23,--,16,11568,卖盘
78,14:53:06,7.23,--,26,18798,卖盘
79,14:53:03,7.23,-0.01,5,3615,卖盘
80,14:53:00,7.24,0.01,27,19548,买盘
81,14:52:57,7.23,--,107,77361,卖盘
82,14:52:54,7.23,--,4,2892,卖盘
83,14:52:51,7.23,--,2,1446,卖盘
84,14:52:48,7.23,--,8,5784,卖盘
85,14:52:45,7.23,--,4,2892,卖盘
86,14:52:42,7.23,-0.01,970,701310,卖盘
87,14:52:39,7.24,0.01,142,102808,买盘
88,14:52:36,7.23,--,63,45549,卖盘
89,14:52:33,7.23,--,116,83868,卖盘
90,14:52:30,7.23,--,285,206055,卖盘
91,14:52:27,7.23,--,8,5784,卖盘
92,14:52:24,7.23,--,63,45549,卖盘
93,14:52:21,7.23,--,131,94713,卖盘
94,14:52:18,7.23,--,108,78084,卖盘
95,14:52:15,7.23,--,81,58563,卖盘
96,14:52:12,7.23,--,109,78807,卖盘
97,14:52:09,7.23,0.01,116,84215,买盘
98,14:52:06,7.22,-0.01,288,207936,卖盘
99,14:52:03,7.23,--,149,107727,买盘
100,14:52:00,7.23,--,20,14460,买盘
101,14:51:57,7.23,0.01,69,49887,买盘
102,14:51:51,7.22,-0.01,151,109022,卖盘
103,14:51:48,7.23,--,139,100497,买盘
104,14:51:45,7.23,--,47,33981,买盘
105,14:51:42,7.23,--,22,15906,买盘
106,14:51:39,7.23,0.01,19,13737,买盘
107,14:51:36,7.22,--,108,77976,卖盘
108,14:51:33,7.22,--,38,27436,卖盘
109,14:51:30,7.22,-0.01,56,40432,卖盘
110,14:51:27,7.23,--,86,62178,买盘
111,14:51:24,7.23,--,31,22413,买盘
112,14:51:21,7.23,0.01,512,370176,买盘
113,14:51:18,7.22,-0.01,25,18050,卖盘
114,14:51:15,7.23,--,2051,1483248,卖盘
115,14:51:12,7.23,-0.01,311,224853,卖盘
116,14:51:09,7.24,0.01,350,253400,买盘
117,14:51:06,7.23,--,12,8676,卖盘
118,14:51:03,7.23,-0.01,7,5061,卖盘
119,14:51:00,7.24,--,30,21720,买盘
120,14:50:57,7.24,0.01,36,26064,买盘
121,14:50:51,7.23,--,6,4338,卖盘
122,14:50:48,7.23,--,40,28920,卖盘
123,14:50:45,7.23,--,34,24582,卖盘
124,14:50:42,7.23,--,21,15183,卖盘
125,14:50:39,7.23,-0.01,6,4338,卖盘
126,14:50:36,7.24,--,66,47784,买盘
127,14:50:33,7.24,0.01,728,527072,买盘
128,14:50:30,7.23,--,84,60732,卖盘
129,14:50:27,7.23,--,35,25305,卖盘
130,14:50:24,7.23,--,8,5784,卖盘
131,14:50:21,7.23,--,42,30366,卖盘
132,14:50:18,7.23,--,15,10845,卖盘
133,14:50:15,7.23,--,14,10122,卖盘
134,14:50:12,7.23,--,1029,743967,卖盘
135,14:50:09,7.23,--,18,13014,卖盘
136,14:50:06,7.23,--,34,24582,卖盘
137,14:50:03,7.23,--,2486,1797378,卖盘
138,14:50:00,7.23,--,55,39765,卖盘
139,14:49:57,7.23,--,35,25305,卖盘
140,14:49:54,7.23,--,10,7230,卖盘
141,14:49:51,7.23,--,1754,1268778,卖盘
142,14:49:48,7.23,--,102,73746,卖盘
143,14:49:45,7.23,--,81,58563,卖盘
144,14:49:42,7.23,--,6,4338,卖盘
145,14:49:39,7.23,--,127,91821,卖盘
146,14:49:36,7.23,--,11,7953,卖盘
147,14:49:33,7.23,--,225,162675,卖盘
148,14:49:27,7.23,--,46,33258,卖盘
149,14:49:24,7.23,--,7,5061,卖盘
150,14:49:21,7.23,--,30,21690,卖盘
151,14:49:18,7.23,-0.01,12,8676,卖盘
152,14:49:15,7.24,0.01,25,18100,买盘
153,14:49:12,7.23,--,20,14460,卖盘
154,14:49:09,7.23,--,6,4338,卖盘
155,14:49:06,7.23,--,3,2169,卖盘
156,14:49:03,7.23,-0.01,109,78807,卖盘
157,14:49:00,7.24,--,55,39820,买盘
158,14:48:57,7.24,0.01,2152,1558048,买盘
159,14:48:54,7.23,--,2,1446,卖盘
160,14:48:51,7.23,-0.01,4,2892,卖盘
161,14:48:48,7.24,0.01,49,35476,买盘
162,14:48:42,7.23,-0.01,22,15906,卖盘
163,14:48:39,7.24,0.01,166,120184,买盘
164,14:48:36,7.23,--,45,32535,卖盘
165,14:48:33,7.23,-0.01,11,7953,卖盘
166,14:48:30,7.24,0.01,8,5792,买盘
167,14:48:27,7.23,--,36,26028,卖盘
168,14:48:24,7.23,--,30,21690,卖盘
169,14:48:21,7.23,-0.01,15,10845,卖盘
170,14:48:18,7.24,0.01,72,52128,买盘
171,14:48:15,7.23,--,19,13737,卖盘
172,14:48:12,7.23,--,12,8676,卖盘
173,14:48:09,7.23,--,7,5061,卖盘
174,14:48:06,7.23,--,53,38319,卖盘
175,14:48:03,7.23,-0.01,41,29643,卖盘
176,14:48:00,7.24,--,218,157832,买盘
177,14:47:57,7.24,--,210,152040,买盘
178,14:47:54,7.24,0.01,15,10860,买盘
179,14:47:51,7.23,--,101,73023,卖盘
180,14:47:48,7.23,-0.01,32,23136,卖盘
181,14:47:45,7.24,0.01,159,115116,买盘
182,14:47:42,7.23,-0.01,138,99774,卖盘
183,14:47:39,7.24,0.01,48,34752,买盘
184,14:47:36,7.23,--,51,36873,卖盘
185,14:47:33,7.23,--,18,13014,卖盘
186,14:47:30,7.23,--,17,12291,卖盘
187,14:47:27,7.23,-0.01,114,82422,卖盘
188,14:47:24,7.24,0.01,259,187516,买盘
189,14:47:21,7.23,--,6,4338,卖盘
190,14:47:18,7.23,-0.01,118,85314,卖盘
191,14:47:15,7.24,0.01,55,39820,买盘
192,14:47:12,7.23,-0.01,298,215454,卖盘
193,14:47:09,7.24,--,307,222268,买盘
194,14:47:06,7.24,0.01,58,41992,买盘
195,14:47:03,7.23,-0.01,2797,2022231,卖盘
196,14:47:00,7.24,0.01,666,482184,买盘
197,14:46:57,7.23,-0.01,24,17352,卖盘
198,14:46:54,7.24,0.01,3,2172,买盘
199,14:46:51,7.23,-0.01,16,11568,卖盘
200,14:46:48,7.24,--,31,22444,买盘
201,14:46:45,7.24,--,12,8688,买盘
202,14:46:42,7.24,0.01,46,33304,买盘
203,14:46:39,7.23,--,17,12291,卖盘
204,14:46:36,7.23,--,26,18798,卖盘
205,14:46:33,7.23,--,10,7230,卖盘
206,14:46:30,7.23,--,8,5784,卖盘
207,14:46:27,7.23,--,21,15183,卖盘
208,14:46:24,7.23,-0.01,415,300045,卖盘
209,14:46:18,7.24,--,32,23168,买盘
210,14:46:15,7.24,0.01,27,19548,买盘
211,14:46:12,7.23,--,28,20244,卖盘
212,14:46:09,7.23,-0.01,8,5784,卖盘
213,14:46:06,7.24,--,13,9412,买盘
214,14:46:00,7.24,0.01,22,15928,买盘
215,14:45:57,7.23,-0.01,788,569724,卖盘
216,14:45:54,7.24,0.01,5,3620,买盘
217,14:45:51,7.23,--,68,49164,卖盘
218,14:45:48,7.23,--,76,54948,卖盘
219,14:45:45,7.23,--,16,11568,卖盘
220,14:45:42,7.23,--,158,114234,卖盘
221,14:45:36,7.23,--,231,167013,卖盘
222,14:45:33,7.23,--,636,459828,卖盘
223,14:45:30,7.23,--,22,15906,卖盘
224,14:45:27,7.23,--,19,13737,卖盘
225,14:45:24,7.23,--,15,10845,卖盘
226,14:45:21,7.23,--,29,20967,卖盘
227,14:45:18,7.23,--,861,622503,卖盘
228,14:45:15,7.23,--,30,21690,卖盘
229,14:45:12,7.23,--,125,90375,卖盘
230,14:45:09,7.23,--,220,159060,卖盘
231,14:45:06,7.23,--,106,76638,卖盘
232,14:45:03,7.23,--,1819,1315137,卖盘
233,14:45:00,7.23,--,71,51333,卖盘
234,14:44:57,7.23,--,100,72300,卖盘
235,14:44:51,7.23,--,21,15183,卖盘
236,14:44:48,7.23,--,58,41934,卖盘
237,14:44:45,7.23,--,101,73023,卖盘
238,14:44:42,7.23,--,37,26751,卖盘
239,14:44:39,7.23,--,2,1446,卖盘
240,14:44:36,7.23,-0.01,39,28197,卖盘
241,14:44:33,7.24,0.01,13,9412,买盘
242,14:44:30,7.23,-0.01,97,70131,卖盘
243,14:44:27,7.24,--,19,13756,买盘
244,14:44:24,7.24,--,18,13032,买盘
245,14:44:21,7.24,--,10,7240,买盘
246,14:44:18,7.24,0.01,163,118012,买盘
247,14:44:15,7.23,--,208,150384,卖盘
248,14:44:12,7.23,-0.01,60,43380,卖盘
249,14:44:09,7.24,--,94,68056,买盘
250,14:44:06,7.24,0.01,163,118012,买盘
251,14:44:03,7.23,-0.01,10,7230,卖盘
252,14:43:57,7.24,--,41,29684,买盘
253,14:43:54,7.24,0.01,530,383720,买盘
254,14:43:51,7.23,--,5,3615,卖盘
255,14:43:48,7.23,-0.01,16,11568,卖盘
256,14:43:45,7.24,0.01,694,502456,买盘
257,14:43:42,7.23,-0.01,58,41934,卖盘
258,14:43:39,7.24,--,1261,912964,买盘
259,14:43:36,7.24,0.01,23,16652,买盘
260,14:43:33,7.23,-0.01,47,33981,卖盘
261,14:43:30,7.24,0.01,37,26788,买盘
262,14:43:27,7.23,-0.01,27,19521,卖盘
263,14:43:24,7.24,0.01,65,47060,买盘
264,14:43:21,7.23,--,4,2892,卖盘
265,14:43:18,7.23,-0.01,59,42657,卖盘
266,14:43:15,7.24,0.01,50,36200,买盘
267,14:43:12,7.23,--,16,11568,卖盘
268,14:43:09,7.23,-0.01,34,24582,卖盘
269,14:43:06,7.24,--,25,18100,买盘
270,14:43:03,7.24,--,175,126700,买盘
271,14:43:00,7.24,0.01,16,11584,买盘
272,14:42:57,7.23,-0.01,8,5784,卖盘
273,14:42:54,7.24,0.01,18,13032,买盘
274,14:42:51,7.23,--,2,1446,卖盘
275,14:42:48,7.23,--,7,5061,卖盘
276,14:42:45,7.23,--,1,723,卖盘
277,14:42:42,7.23,--,9,6507,卖盘
278,14:42:39,7.23,--,17,12291,卖盘
279,14:42:36,7.23,-0.01,76,54948,卖盘
280,14:42:33,7.24,--,69,49956,买盘
281,14:42:30,7.24,--,206,149144,买盘
282,14:42:27,7.24,--,127,91948,买盘
283,14:42:24,7.24,0.01,100,72400,买盘
284,14:42:21,7.23,-0.01,10,7230,卖盘
285,14:42:18,7.24,0.01,23,16652,买盘
286,14:42:15,7.23,--,9,6507,卖盘
287,14:42:12,7.23,-0.01,11,7953,卖盘
288,14:42:09,7.24,--,96,69504,买盘
289,14:42:06,7.24,0.01,120,86880,买盘
290,14:42:03,7.23,-0.01,18,13014,卖盘
291,14:42:00,7.24,--,18,13032,买盘
292,14:41:57,7.24,--,1692,1225008,买盘
293,14:41:54,7.24,0.01,5,3620,买盘
294,14:41:51,7.23,-0.01,57,41211,卖盘
295,14:41:48,7.24,0.01,27,19548,买盘
296,14:41:45,7.23,--,309,223407,卖盘
297,14:41:42,7.23,-0.01,111,80253,卖盘
298,14:41:39,7.24,--,66,47784,买盘
299,14:41:36,7.24,0.01,19,13756,买盘
300,14:41:33,7.23,--,40,28920,卖盘
301,14:41:27,7.23,-0.01,54,39042,卖盘
302,14:41:24,7.24,0.01,351,254124,买盘
303,14:41:21,7.23,-0.01,5,3615,卖盘
304,14:41:18,7.24,0.01,20,14480,买盘
305,14:41:15,7.23,--,45,32535,卖盘
306,14:41:12,7.23,-0.01,8,5784,卖盘
307,14:41:09,7.24,0.01,32,23168,买盘
308,14:41:06,7.23,--,24,17352,卖盘
309,14:41:00,7.23,-0.01,111,80253,卖盘
310,14:40:57,7.24,0.01,26,18824,买盘
311,14:40:54,7.23,-0.01,58,41934,卖盘
312,14:40:51,7.24,0.01,22,15928,买盘
313,14:40:48,7.23,--,109,78807,卖盘
314,14:40:42,7.23,-0.01,6,4338,卖盘
315,14:40:39,7.24,0.01,16,11584,买盘
316,14:40:36,7.23,--,43,31089,卖盘
317,14:40:33,7.23,-0.01,6,4338,卖盘
318,14:40:30,7.24,--,1,724,买盘
319,14:40:27,7.24,0.01,348,251952,买盘
320,14:40:24,7.23,--,1027,742521,卖盘
321,14:40:21,7.23,-0.01,60,43380,卖盘
322,14:40:18,7.24,0.01,30,21720,买盘
323,14:40:15,7.23,--,10,7230,卖盘
324,14:40:12,7.23,-0.01,12,8676,卖盘
325,14:40:06,7.24,--,55,39820,买盘
326,14:40:03,7.24,0.01,150,108600,买盘
327,14:40:00,7.23,--,69,49887,卖盘
328,14:39:57,7.23,-0.01,38,27474,卖盘
329,14:39:54,7.24,0.01,13,9412,买盘
330,14:39:51,7.23,-0.01,10,7230,卖盘
331,14:39:48,7.24,--,33,23892,买盘
332,14:39:45,7.24,0.01,56,40544,买盘
333,14:39:42,7.23,--,221,159783,卖盘
334,14:39:39,7.23,--,119,86037,卖盘
335,14:39:33,7.23,--,5,3615,卖盘
336,14:39:30,7.23,-0.01,44,31812,卖盘
337,14:39:27,7.24,--,29,20996,买盘
338,14:39:24,7.24,0.01,249,180276,买盘
339,14:39:21,7.23,-0.01,90,65070,卖盘
340,14:39:18,7.24,0.01,16,11584,买盘
341,14:39:15,7.23,--,14,10122,卖盘
342,14:39:12,7.23,--,20,14460,卖盘
343,14:39:09,7.23,-0.01,10,7230,卖盘
344,14:39:06,7.24,0.01,19,13756,买盘
345,14:39:00,7.23,--,2,1446,卖盘
346,14:38:57,7.23,-0.01,133,96159,卖盘
347,14:38:54,7.24,--,17,12308,买盘
348,14:38:51,7.24,0.01,4,2896,买盘
349,14:38:48,7.23,--,72,52056,卖盘
350,14:38:45,7.23,--,3,2169,卖盘
351,14:38:42,7.23,--,18,13014,卖盘
352,14:38:39,7.23,-0.01,734,530682,卖盘
353,14:38:36,7.24,0.01,70,50680,买盘
354,14:38:33,7.23,--,192,138816,卖盘
355,14:38:27,7.23,--,11,7953,卖盘
356,14:38:24,7.23,-0.01,32,23136,卖盘
357,14:38:21,7.24,--,10,7240,买盘
358,14:38:18,7.24,--,834,603816,买盘
359,14:38:15,7.24,0.01,9,6516,买盘
360,14:38:12,7.23,-0.01,139,100497,卖盘
361,14:38:09,7.24,--,17,12308,买盘
362,14:38:06,7.24,--,161,116564,买盘
363,14:38:03,7.24,0.01,170,123080,买盘
364,14:38:00,7.23,-0.01,110,79530,卖盘
365,14:37:57,7.24,--,1359,983916,买盘
366,14:37:54,7.24,0.01,541,391684,买盘
367,14:37:51,7.23,--,15,10845,卖盘
368,14:37:48,7.23,-0.01,860,621780,卖盘
369,14:37:45,7.24,0.01,211,152764,买盘
370,14:37:42,7.23,-0.01,133,96159,卖盘
371,14:37:39,7.24,0.01,1033,747892,买盘
372,14:37:36,7.23,-0.01,106,76638,卖盘
373,14:37:33,7.24,0.01,18,13032,买盘
374,14:37:30,7.23,--,423,305829,卖盘
375,14:37:27,7.23,--,524,378852,卖盘
376,14:37:24,7.23,--,8,5784,卖盘
377,14:37:21,7.23,-0.01,103,74469,卖盘
378,14:37:18,7.24,--,37,26788,买盘
379,14:37:15,7.24,0.01,522,377928,买盘
380,14:37:12,7.23,-0.01,6,4338,卖盘
381,14:37:09,7.24,0.01,9,6516,买盘
382,14:37:06,7.23,--,20,14460,卖盘
383,14:37:03,7.23,--,30,21690,卖盘
384,14:37:00,7.23,--,126,91098,卖盘
385,14:36:57,7.23,-0.01,74,53502,卖盘
386,14:36:54,7.24,0.01,511,369964,买盘
387,14:36:51,7.23,-0.01,4,2892,卖盘
388,14:36:48,7.24,0.01,34,24616,买盘
389,14:36:45,7.23,0.01,854,617875,买盘
390,14:36:42,7.22,-0.01,2557,1846154,卖盘
391,14:36:39,7.23,0.01,8,5784,买盘
392,14:36:36,7.22,--,14,10108,卖盘
393,14:36:33,7.22,-0.01,41,29602,卖盘
394,14:36:30,7.23,0.01,62,44826,买盘
395,14:36:27,7.22,--,12,8664,卖盘
396,14:36:24,7.22,--,461,332842,卖盘
397,14:36:21,7.22,--,7,5054,卖盘
398,14:36:18,7.22,-0.01,64,46208,卖盘
399,14:36:15,7.23,0.01,95,68685,买盘
400,14:36:12,7.22,-0.01,19,13718,卖盘
401,14:36:09,7.23,0.01,33,23859,买盘
402,14:36:06,7.22,--,9,6498,卖盘
403,14:36:03,7.22,--,7,5054,卖盘
404,14:36:00,7.22,--,18,12996,卖盘
405,14:35:57,7.22,-0.01,5,3610,卖盘
406,14:35:54,7.23,0.01,12,8676,买盘
407,14:35:51,7.22,--,8,5776,卖盘
408,14:35:48,7.22,-0.01,39,28158,卖盘
409,14:35:45,7.23,--,165,119295,买盘
410,14:35:42,7.23,0.01,23,16629,买盘
411,14:35:39,7.22,--,93,67146,卖盘
412,14:35:36,7.22,-0.01,77,55594,卖盘
413,14:35:33,7.23,0.01,77,55671,买盘
414,14:35:27,7.22,--,11,7942,卖盘
415,14:35:24,7.22,-0.01,11,7942,卖盘
416,14:35:21,7.23,0.01,400,289200,买盘
417,14:35:18,7.22,--,25,18050,卖盘
418,14:35:15,7.22,--,23,16606,卖盘
419,14:35:12,7.22,-0.01,17,12274,卖盘
420,14:35:09,7.23,0.01,20,14460,买盘
421,14:35:06,7.22,-0.01,717,517905,卖盘
422,14:35:03,7.23,0.01,306,221238,买盘
423,14:35:00,7.22,--,21,15162,卖盘
424,14:34:57,7.22,-0.01,122,88084,卖盘
425,14:34:54,7.23,0.01,211,152553,买盘
426,14:34:51,7.22,--,4,2888,卖盘
427,14:34:48,7.22,--,18,12996,卖盘
428,14:34:45,7.22,--,1,722,卖盘
429,14:34:42,7.22,-0.01,17,12274,卖盘
430,14:34:39,7.23,0.01,826,597198,买盘
431,14:34:36,7.22,--,11,7942,卖盘
432,14:34:33,7.22,-0.01,15,10830,卖盘
433,14:34:30,7.23,0.01,270,195210,买盘
434,14:34:27,7.22,-0.01,37,26714,卖盘
435,14:34:24,7.23,0.01,82,59286,买盘
436,14:34:21,7.22,-0.01,2,1444,卖盘
437,14:34:18,7.23,0.01,52,37596,买盘
438,14:34:15,7.22,-0.01,8,5776,卖盘
439,14:34:12,7.23,0.01,77,55671,买盘
440,14:34:09,7.22,--,28,20216,卖盘
441,14:34:06,7.22,--,34,24548,卖盘
442,14:34:03,7.22,--,2504,1807888,卖盘
443,14:33:57,7.22,--,51,36822,卖盘
444,14:33:54,7.22,--,22,15884,卖盘
445,14:33:51,7.22,-0.01,81,58482,卖盘
446,14:33:48,7.23,0.01,12,8676,买盘
447,14:33:45,7.22,--,69,49818,卖盘
448,14:33:42,7.22,-0.01,607,438254,卖盘
449,14:33:39,7.23,0.01,7,5061,买盘
450,14:33:36,7.22,--,29,20938,卖盘
451,14:33:33,7.22,--,7,5054,卖盘
452,14:33:30,7.22,--,75,54150,卖盘
453,14:33:24,7.22,-0.01,3,2166,卖盘
454,14:33:21,7.23,0.01,80,57840,买盘
455,14:33:18,7.22,--,237,171114,卖盘
456,14:33:15,7.22,--,65,46930,卖盘
457,14:33:12,7.22,-0.01,747,539334,卖盘
458,14:33:09,7.23,0.01,16,11568,买盘
459,14:33:06,7.22,--,11,7942,卖盘
460,14:33:03,7.22,-0.01,30,21660,卖盘
461,14:33:00,7.23,--,128,92544,买盘
462,14:32:57,7.23,--,15,10845,买盘
463,14:32:54,7.23,0.01,27,19521,买盘
464,14:32:51,7.22,--,5,3610,卖盘
465,14:32:48,7.22,--,81,58482,卖盘
466,14:32:45,7.22,--,87,62814,卖盘
467,14:32:42,7.22,--,25,18050,卖盘
468,14:32:39,7.22,--,28,20216,卖盘
469,14:32:36,7.22,--,7,5054,卖盘
470,14:32:33,7.22,--,7,5054,卖盘
471,14:32:30,7.22,--,210,151620,卖盘
472,14:32:27,7.22,--,23,16606,卖盘
473,14:32:24,7.22,--,72,51984,卖盘
474,14:32:21,7.22,--,9,6498,卖盘
475,14:32:18,7.22,--,75,54150,卖盘
476,14:32:15,7.22,--,122,88084,卖盘
477,14:32:12,7.22,--,7,5054,卖盘
478,14:32:09,7.22,--,86,62092,卖盘
479,14:32:06,7.22,--,1,722,卖盘
480,14:32:03,7.22,--,1,722,卖盘
481,14:32:00,7.22,--,50,36100,卖盘
482,14:31:57,7.22,--,50,36100,卖盘
483,14:31:54,7.22,-0.01,4,2888,卖盘
484,14:31:51,7.23,0.01,14,10122,买盘
485,14:31:48,7.22,--,6,4332,卖盘
486,14:31:45,7.22,--,1,722,卖盘
487,14:31:42,7.22,-0.01,37,26714,卖盘
488,14:31:39,7.23,0.01,12,8676,买盘
489,14:31:36,7.22,-0.01,13,9386,卖盘
490,14:31:33,7.23,--,6,4338,买盘
491,14:31:30,7.23,0.01,11,7953,买盘
492,14:31:27,7.22,--,5,3610,卖盘
493,14:31:24,7.22,-0.01,1,722,卖盘
494,14:31:21,7.23,0.01,15,10845,买盘
495,14:31:18,7.22,-0.01,10,7220,卖盘
496,14:31:15,7.23,0.01,17,12291,买盘
497,14:31:12,7.22,-0.01,7,5054,卖盘
498,14:31:09,7.23,0.01,13,9399,买盘
499,14:31:03,7.22,--,8,5776,卖盘
500,14:31:00,7.22,--,121,87362,卖盘
501,14:30:57,7.22,-0.01,55,39710,卖盘
502,14:30:51,7.23,0.01,69,49887,买盘
503,14:30:48,7.22,--,15,10830,卖盘
504,14:30:45,7.22,--,103,74366,卖盘
505,14:30:42,7.22,-0.01,64,46208,卖盘
506,14:30:39,7.23,0.01,32,23136,买盘
507,14:30:36,7.22,--,22,15884,卖盘
508,14:30:33,7.22,--,802,579044,卖盘
509,14:30:30,7.22,--,82,59204,卖盘
510,14:30:27,7.22,-0.01,72,51984,卖盘
511,14:30:24,7.23,0.01,3,2169,买盘
512,14:30:21,7.22,0.01,382,276092,买盘
513,14:30:18,7.21,-0.01,150,108150,卖盘
514,14:30:15,7.22,--,313,225986,买盘
515,14:30:12,7.22,0.01,21,15162,买盘
516,14:30:09,7.21,-0.01,55,39655,卖盘
517,14:30:06,7.22,0.01,8,5776,买盘
518,14:30:03,7.21,--,235,169435,卖盘
519,14:29:57,7.21,--,11,7931,卖盘
520,14:29:54,7.21,--,139,100219,卖盘
521,14:29:51,7.21,-0.01,77,55517,卖盘
522,14:29:48,7.22,--,94,67868,买盘
523,14:29:45,7.22,0.01,113,82163,买盘
524,14:29:42,7.21,--,1132,816172,卖盘
525,14:29:39,7.21,-0.01,15,10815,卖盘
526,14:29:36,7.22,0.01,67,48374,买盘
527,14:29:33,7.21,-0.01,78,56238,卖盘
528,14:29:30,7.22,0.01,507,366054,买盘
529,14:29:27,7.21,--,17,12257,卖盘
530,14:29:24,7.21,-0.01,22,15862,卖盘
531,14:29:18,7.22,--,6,4332,买盘
532,14:29:15,7.22,0.01,26,18772,买盘
533,14:29:12,7.21,-0.01,242,174482,卖盘
534,14:29:09,7.22,0.01,65,46930,买盘
535,14:29:06,7.21,-0.01,6,4326,卖盘
536,14:29:03,7.22,--,3,2166,买盘
537,14:29:00,7.22,0.01,6,4332,买盘
538,14:28:51,7.21,--,36,25956,卖盘
539,14:28:48,7.21,--,42,30282,卖盘
540,14:28:45,7.21,--,250,180250,卖盘
541,14:28:42,7.21,-0.01,16,11536,卖盘
542,14:28:39,7.22,0.01,187,135014,买盘
543,14:28:36,7.21,--,42,30282,卖盘
544,14:28:33,7.21,-0.01,28,20188,卖盘
545,14:28:30,7.22,0.01,27,19494,买盘
546,14:28:27,7.21,--,62,44702,卖盘
547,14:28:24,7.21,--,19,13699,卖盘
548,14:28:21,7.21,--,440,317240,卖盘
549,14:28:18,7.21,-0.01,20,14420,卖盘
550,14:28:15,7.22,0.01,183,132126,买盘
551,14:28:12,7.21,-0.01,53,38213,卖盘
552,14:28:09,7.22,0.01,316,228152,买盘
553,14:28:06,7.21,--,120,86520,卖盘
554,14:28:03,7.21,--,168,121128,卖盘
555,14:28:00,7.21,--,1251,901971,卖盘
556,14:27:57,7.21,--,1,721,卖盘
557,14:27:54,7.21,--,6,4326,卖盘
558,14:27:51,7.21,--,22,15862,卖盘
559,14:27:48,7.21,--,272,196112,买盘
560,14:27:45,7.21,--,3,2163,买盘
561,14:27:42,7.21,0.01,56,40376,买盘
562,14:27:39,7.2,-0.01,282,203040,卖盘
563,14:27:36,7.21,0.01,49,35329,买盘
564,14:27:33,7.2,-0.01,48,34560,卖盘
565,14:27:30,7.21,--,1127,812567,卖盘
566,14:27:27,7.21,--,114,82194,卖盘
567,14:27:24,7.21,--,1,721,卖盘
568,14:27:21,7.21,--,17,12257,卖盘
569,14:27:18,7.21,-0.01,34,24514,卖盘
570,14:27:15,7.22,0.01,16,11552,买盘
571,14:27:12,7.21,--,89,64169,卖盘
572,14:27:09,7.21,-0.01,4,2884,卖盘
573,14:27:06,7.22,0.01,8,5776,买盘
574,14:27:03,7.21,--,238,171598,卖盘
575,14:27:00,7.21,--,1,721,卖盘
576,14:26:54,7.21,--,5,3605,卖盘
577,14:26:51,7.21,-0.01,53,38213,卖盘
578,14:26:48,7.22,0.01,14,10108,买盘
579,14:26:45,7.21,--,154,111034,卖盘
580,14:26:42,7.21,--,13,9373,卖盘
581,14:26:39,7.21,-0.01,385,277585,卖盘
582,14:26:36,7.22,0.01,41,29602,买盘
583,14:26:33,7.21,-0.01,63,45423,卖盘
584,14:26:30,7.22,0.01,269,194218,买盘
585,14:26:27,7.21,--,39,28119,卖盘
586,14:26:24,7.21,-0.01,57,41097,卖盘
587,14:26:21,7.22,0.01,50,36100,买盘
588,14:26:18,7.21,-0.01,54,38934,卖盘
589,14:26:15,7.22,0.01,213,153786,买盘
590,14:26:12,7.21,-0.01,16,11536,卖盘
591,14:26:09,7.22,0.01,147,106134,买盘
592,14:26:06,7.21,--,5,3605,卖盘
593,14:26:03,7.21,-0.01,252,181692,卖盘
594,14:26:00,7.22,0.01,602,434644,买盘
595,14:25:57,7.21,--,49,35329,卖盘
596,14:25:54,7.21,--,325,234325,卖盘
597,14:25:51,7.21,--,30,21630,卖盘
598,14:25:48,7.21,--,142,102382,卖盘
599,14:25:45,7.21,--,101,72821,卖盘
600,14:25:42,7.21,--,252,181692,卖盘
601,14:25:39,7.21,--,35,25235,卖盘
602,14:25:36,7.21,--,143,103103,卖盘
603,14:25:33,7.21,--,37,26677,卖盘
604,14:25:30,7.21,--,36,25956,卖盘
605,14:25:27,7.21,--,15,10815,卖盘
606,14:25:24,7.21,--,40,28840,卖盘
607,14:25:21,7.21,--,8,5768,卖盘
608,14:25:18,7.21,-0.01,30,21630,卖盘
609,14:25:15,7.22,0.01,27,19494,买盘
610,14:25:12,7.21,-0.01,94,67774,卖盘
611,14:25:09,7.22,0.01,24,17328,买盘
612,14:25:06,7.21,--,26,18746,卖盘
613,14:25:03,7.21,-0.01,337,242977,卖盘
614,14:25:00,7.22,0.01,33,23826,买盘
615,14:24:57,7.21,--,15,10815,卖盘
616,14:24:54,7.21,--,39,28119,卖盘
617,14:24:51,7.21,--,17,12257,卖盘
618,14:24:48,7.21,-0.01,67,48307,卖盘
619,14:24:45,7.22,0.01,137,98914,买盘
620,14:24:42,7.21,--,25,18025,卖盘
621,14:24:39,7.21,--,66,47586,卖盘
622,14:24:36,7.21,--,16,11536,卖盘
623,14:24:33,7.21,--,127,91567,买盘
624,14:24:30,7.21,0.01,18,12978,买盘
625,14:24:27,7.2,-0.02,12,8640,卖盘
626,14:24:24,7.22,0.02,110,79420,买盘
627,14:24:21,7.2,--,33,23760,卖盘
628,14:24:18,7.2,--,35,25200,卖盘
629,14:24:15,7.2,--,201,144720,卖盘
630,14:24:12,7.2,--,5,3600,卖盘
631,14:24:09,7.2,-0.01,124,89280,卖盘
632,14:24:06,7.21,--,343,247303,买盘
633,14:24:03,7.21,-0.01,430,310462,卖盘
634,14:24:00,7.22,0.01,22,15884,买盘
635,14:23:57,7.21,--,5,3605,卖盘
636,14:23:54,7.21,--,4,2884,卖盘
637,14:23:51,7.21,-0.01,60,43260,卖盘
638,14:23:48,7.22,0.01,63,45486,买盘
639,14:23:42,7.21,--,44,31724,卖盘
640,14:23:39,7.21,--,195,140595,卖盘
641,14:23:36,7.21,--,21,15141,卖盘
642,14:23:33,7.21,-0.01,56,40376,卖盘
643,14:23:30,7.22,0.01,2,1444,买盘
644,14:23:27,7.21,--,14,10094,卖盘
645,14:23:24,7.21,--,7,5047,卖盘
646,14:23:21,7.21,--,94,67774,卖盘
647,14:23:18,7.21,-0.01,9,6489,卖盘
648,14:23:15,7.22,0.01,15,10830,买盘
649,14:23:12,7.21,--,13,9373,卖盘
650,14:23:09,7.21,--,9,6489,卖盘
651,14:23:06,7.21,--,8,5768,卖盘
652,14:23:03,7.21,-0.01,2,1442,卖盘
653,14:23:00,7.22,0.01,108,77976,买盘
654,14:22:57,7.21,--,142,102670,买盘
655,14:22:54,7.21,0.01,46,33166,买盘
656,14:22:51,7.2,-0.01,8,5760,卖盘
657,14:22:48,7.21,--,27,19467,买盘
658,14:22:45,7.21,--,30,21630,买盘
659,14:22:42,7.21,--,24,17304,买盘
660,14:22:39,7.21,--,49,35329,买盘
661,14:22:36,7.21,-0.01,49,35761,卖盘
662,14:22:33,7.22,0.01,21,15162,买盘
663,14:22:30,7.21,--,14,10382,买盘
664,14:22:27,7.21,--,568,409960,卖盘
665,14:22:24,7.21,--,3,2163,卖盘
666,14:22:21,7.21,-0.01,11,7931,卖盘
667,14:22:18,7.22,0.01,507,366342,买盘
668,14:22:15,7.21,--,192,138432,买盘
669,14:22:12,7.21,0.01,22,15862,买盘
670,14:22:09,7.2,-0.01,14,10080,卖盘
671,14:22:06,7.21,--,21,15141,买盘
672,14:22:03,7.21,--,26,18746,买盘
673,14:22:00,7.21,--,14,10094,买盘
674,14:21:57,7.21,0.01,302,217742,买盘
675,14:21:54,7.2,--,43,30960,卖盘
676,14:21:51,7.2,-0.01,58,41760,卖盘
677,14:21:48,7.21,0.01,22,15862,买盘
678,14:21:45,7.2,-0.01,1,720,卖盘
679,14:21:42,7.21,--,42,30282,买盘
680,14:21:39,7.21,0.01,5,3605,买盘
681,14:21:36,7.2,--,19,13680,卖盘
682,14:21:33,7.2,-0.01,113,81360,卖盘
683,14:21:30,7.21,--,17,12257,买盘
684,14:21:27,7.21,0.01,86,62006,买盘
685,14:21:24,7.2,-0.01,134,96480,卖盘
686,14:21:21,7.21,--,310,223510,买盘
687,14:21:18,7.21,0.01,105,75705,买盘
688,14:21:15,7.2,-0.01,115,82800,卖盘
689,14:21:12,7.21,--,25,18025,买盘
690,14:21:09,7.21,--,79,56959,买盘
691,14:21:06,7.21,0.01,52,37492,买盘
692,14:21:03,7.2,--,23,16560,卖盘
693,14:21:00,7.2,-0.01,784,564480,卖盘
694,14:20:57,7.21,0.01,114,82194,买盘
695,14:20:51,7.2,-0.01,3,2160,卖盘
696,14:20:48,7.21,0.01,28,20188,买盘
697,14:20:45,7.2,-0.01,1,720,卖盘
698,14:20:42,7.21,0.01,6,4326,买盘
699,14:20:39,7.2,--,5,3600,卖盘
700,14:20:36,7.2,-0.01,29,20880,卖盘
701,14:20:33,7.21,0.01,12,8652,买盘
702,14:20:30,7.2,--,37,26640,卖盘
703,14:20:27,7.2,--,6,4320,卖盘
704,14:20:24,7.2,--,6,4320,卖盘
705,14:20:21,7.2,--,70,50400,卖盘
706,14:20:18,7.2,--,32,23040,卖盘
707,14:20:15,7.2,-0.01,41,29520,卖盘
708,14:20:12,7.21,--,26,18746,买盘
709,14:20:09,7.21,--,17,12257,买盘
710,14:20:06,7.21,0.01,21,15141,买盘
711,14:20:03,7.2,-0.01,7,5040,卖盘
712,14:20:00,7.21,--,6,4326,买盘
713,14:19:54,7.21,0.01,51,36771,买盘
714,14:19:51,7.2,--,2,1440,卖盘
715,14:19:48,7.2,--,75,54000,卖盘
716,14:19:45,7.2,-0.01,6,4320,卖盘
717,14:19:42,7.21,0.01,23,16583,买盘
718,14:19:39,7.2,--,31,22320,卖盘
719,14:19:36,7.2,-0.01,14,10080,卖盘
720,14:19:33,7.21,--,18,12978,买盘
721,14:19:30,7.21,--,7,5047,买盘
722,14:19:27,7.21,0.01,260,187460,买盘
723,14:19:24,7.2,--,1,720,卖盘
724,14:19:21,7.2,--,5,3600,卖盘
725,14:19:18,7.2,-0.01,10,7200,卖盘
726,14:19:15,7.21,--,15,10815,买盘
727,14:19:12,7.21,--,54,38934,买盘
728,14:19:09,7.21,0.01,14,10094,买盘
729,14:19:06,7.2,--,22,15840,卖盘
730,14:19:03,7.2,--,3,2160,卖盘
731,14:19:00,7.2,-0.01,3,2160,卖盘
732,14:18:57,7.21,0.01,17,12257,买盘
733,14:18:51,7.2,--,91,65520,卖盘
734,14:18:48,7.2,-0.01,99,71280,卖盘
735,14:18:45,7.21,--,2,1442,买盘
736,14:18:42,7.21,0.01,6,4326,买盘
737,14:18:39,7.2,-0.01,38,27360,卖盘
738,14:18:36,7.21,--,22,15862,买盘
739,14:18:33,7.21,--,274,197554,买盘
740,14:18:30,7.21,--,68,49028,买盘
741,14:18:27,7.21,--,46,33166,买盘
742,14:18:24,7.21,--,416,299936,买盘
743,14:18:21,7.21,--,6,4326,买盘
744,14:18:18,7.21,--,409,295321,卖盘
745,14:18:15,7.21,-0.01,11,7931,卖盘
746,14:18:12,7.22,--,97,70034,买盘
747,14:18:09,7.22,0.01,8,5776,买盘
748,14:18:06,7.21,--,27,19467,卖盘
749,14:18:03,7.21,--,21,15141,卖盘
750,14:18:00,7.21,--,560,404048,买盘
751,14:17:57,7.21,--,20,14420,买盘
752,14:17:54,7.21,0.01,22,15862,买盘
753,14:17:51,7.2,--,9,6480,卖盘
754,14:17:48,7.2,-0.01,619,445680,卖盘
755,14:17:42,7.21,--,10,7210,买盘
756,14:17:39,7.21,0.01,41,29561,买盘
757,14:17:36,7.2,-0.01,507,365040,卖盘
758,14:17:33,7.21,0.01,89,64169,买盘
759,14:17:30,7.2,--,3,2160,卖盘
760,14:17:27,7.2,-0.01,53,38160,卖盘
761,14:17:24,7.21,--,19,13699,买盘
762,14:17:21,7.21,0.01,54,38934,买盘
763,14:17:18,7.2,--,4,2880,卖盘
764,14:17:15,7.2,-0.01,5,3600,卖盘
765,14:17:12,7.21,--,45,32445,买盘
766,14:17:06,7.21,--,49,35329,买盘
767,14:17:03,7.21,--,27,19467,买盘
768,14:17:00,7.21,--,12,8652,买盘
769,14:16:54,7.21,--,57,41097,买盘
770,14:16:51,7.21,0.01,27,19467,买盘
771,14:16:48,7.2,-0.01,24,17280,卖盘
772,14:16:45,7.21,0.01,1,721,买盘
773,14:16:42,7.2,-0.01,25,18000,卖盘
774,14:16:39,7.21,--,26,18746,中性盘
775,14:16:36,7.21,--,7,5047,买盘
776,14:16:33,7.21,--,14,10094,买盘
777,14:16:30,7.21,0.01,12,8652,买盘
778,14:16:27,7.2,--,55,39600,卖盘
779,14:16:24,7.2,-0.01,39,28080,卖盘
780,14:16:21,7.21,--,1,721,买盘
781,14:16:18,7.21,0.01,15,10815,买盘
782,14:16:15,7.2,-0.01,7,5040,卖盘
783,14:16:12,7.21,--,30,21630,买盘
784,14:16:09,7.21,0.01,34,24514,买盘
785,14:16:06,7.2,--,12,8640,卖盘
786,14:16:03,7.2,-0.01,63,45424,卖盘
787,14:16:00,7.21,0.01,49,35329,买盘
788,14:15:57,7.2,-0.01,88,63360,卖盘
789,14:15:54,7.21,0.01,5,3605,买盘
790,14:15:51,7.2,-0.01,160,115200,卖盘
791,14:15:48,7.21,0.01,185,133385,买盘
792,14:15:45,7.2,-0.01,17,12240,卖盘
793,14:15:42,7.21,0.01,84,60564,买盘
794,14:15:39,7.2,--,1334,960480,卖盘
795,14:15:36,7.2,-0.01,59,42480,卖盘
796,14:15:33,7.21,--,74,53354,买盘
797,14:15:30,7.21,0.01,21,15141,买盘
798,14:15:27,7.2,-0.01,4,2880,卖盘
799,14:15:24,7.21,0.01,31,22351,买盘
800,14:15:21,7.2,--,7,5040,卖盘
801,14:15:18,7.2,-0.01,4,2880,卖盘
802,14:15:15,7.21,--,96,69216,买盘
803,14:15:12,7.21,--,2528,1823344,卖盘
804,14:15:09,7.21,-0.01,14,10094,卖盘
805,14:15:06,7.22,--,20,14440,买盘
806,14:15:03,7.22,--,98,70756,买盘
807,14:15:00,7.22,--,252,181944,买盘
808,14:14:57,7.22,0.01,119,85918,买盘
809,14:14:54,7.21,--,30,21630,卖盘
810,14:14:51,7.21,--,402,289842,卖盘
811,14:14:48,7.21,-0.01,35,25235,卖盘
812,14:14:45,7.22,--,8,5776,买盘
813,14:14:42,7.22,0.01,10,7220,买盘
814,14:14:39,7.21,-0.01,6,4326,卖盘
815,14:14:36,7.22,0.01,12,8664,买盘
816,14:14:33,7.21,-0.01,464,334544,卖盘
817,14:14:30,7.22,0.01,20,14440,买盘
818,14:14:27,7.21,-0.01,5,3605,卖盘
819,14:14:24,7.22,0.01,19,13718,买盘
820,14:14:21,7.21,--,376,271096,卖盘
821,14:14:18,7.21,--,17,12257,卖盘
822,14:14:15,7.21,--,16,11536,卖盘
823,14:14:12,7.21,--,19,13699,卖盘
824,14:14:09,7.21,-0.01,6,4326,卖盘
825,14:14:06,7.22,0.01,14,10108,买盘
826,14:14:03,7.21,-0.01,52,37492,卖盘
827,14:14:00,7.22,--,99,71478,买盘
828,14:13:57,7.22,--,51,36822,买盘
829,14:13:54,7.22,0.01,9,6498,买盘
830,14:13:51,7.21,--,462,333599,卖盘
831,14:13:48,7.21,-0.01,5,3605,卖盘
832,14:13:45,7.22,--,32,23104,买盘
833,14:13:42,7.22,0.01,8,5776,买盘
834,14:13:39,7.21,--,206,148958,卖盘
835,14:13:36,7.21,--,54,38934,卖盘
836,14:13:33,7.21,-0.01,46,33166,卖盘
837,14:13:30,7.22,0.01,7,5054,买盘
838,14:13:27,7.21,-0.01,3,2163,卖盘
839,14:13:24,7.22,0.01,18,12996,买盘
840,14:13:21,7.21,--,5,3605,卖盘
841,14:13:18,7.21,--,7,5047,卖盘
842,14:13:15,7.21,-0.01,5,3605,卖盘
843,14:13:12,7.22,0.01,15,10830,买盘
844,14:13:09,7.21,--,5,3605,卖盘
845,14:13:06,7.21,-0.01,17,12257,卖盘
846,14:13:03,7.22,--,16,11552,买盘
847,14:13:00,7.22,0.01,47,33934,买盘
848,14:12:57,7.21,-0.01,3,2163,卖盘
849,14:12:54,7.22,0.01,45,32490,买盘
850,14:12:51,7.21,--,11,7931,卖盘
851,14:12:48,7.21,-0.01,4,2884,卖盘
852,14:12:45,7.22,0.01,32,23104,买盘
853,14:12:42,7.21,--,10,7210,卖盘
854,14:12:36,7.21,-0.01,4,2884,卖盘
855,14:12:33,7.22,--,16,11552,买盘
856,14:12:30,7.22,0.01,2,1444,买盘
857,14:12:27,7.21,--,5,3605,卖盘
858,14:12:24,7.21,--,11,7931,卖盘
859,14:12:21,7.21,--,47,33887,卖盘
860,14:12:18,7.21,--,35,25235,卖盘
861,14:12:15,7.21,-0.01,5,3605,卖盘
862,14:12:12,7.22,--,16,11552,买盘
863,14:12:09,7.22,--,4,2888,买盘
864,14:12:06,7.22,--,155,111910,买盘
865,14:12:03,7.22,0.01,62,44764,买盘
866,14:12:00,7.21,-0.01,405,292005,卖盘
867,14:11:57,7.22,0.01,142,102524,买盘
868,14:11:54,7.21,--,139,100219,卖盘
869,14:11:51,7.21,--,102,73542,卖盘
870,14:11:48,7.21,-0.01,75,54075,卖盘
871,14:11:45,7.22,--,20,14440,买盘
872,14:11:42,7.22,0.01,28,20216,买盘
873,14:11:39,7.21,-0.01,9,6489,卖盘
874,14:11:36,7.22,--,8,5776,买盘
875,14:11:33,7.22,--,21,15162,买盘
876,14:11:30,7.22,0.01,15,10830,买盘
877,14:11:27,7.21,--,16,11536,卖盘
878,14:11:24,7.21,--,2,1442,卖盘
879,14:11:21,7.21,--,20,14420,卖盘
880,14:11:18,7.21,--,108,77868,卖盘
881,14:11:15,7.21,-0.01,22,15862,卖盘
882,14:11:12,7.22,0.01,17,12274,买盘
883,14:11:09,7.21,-0.01,20,14420,卖盘
884,14:11:06,7.22,0.01,137,98914,买盘
885,14:11:03,7.21,--,4,2884,卖盘
886,14:11:00,7.21,-0.01,12,8652,卖盘
887,14:10:57,7.22,--,175,126350,买盘
888,14:10:54,7.22,0.01,18,12996,买盘
889,14:10:51,7.21,--,92,66332,卖盘
890,14:10:48,7.21,-0.01,29,20909,卖盘
891,14:10:45,7.22,--,40,28880,买盘
892,14:10:42,7.22,0.01,24,17328,买盘
893,14:10:39,7.21,-0.01,6,4326,卖盘
894,14:10:36,7.22,0.01,5,3610,买盘
895,14:10:33,7.21,-0.01,4,2884,卖盘
896,14:10:30,7.22,--,6,4332,买盘
897,14:10:27,7.22,0.01,93,67146,买盘
898,14:10:24,7.21,--,2,1442,卖盘
899,14:10:21,7.21,--,7,5047,卖盘
900,14:10:18,7.21,--,8,5768,卖盘
901,14:10:15,7.21,-0.01,6,4326,卖盘
902,14:10:12,7.22,0.01,16,11552,买盘
903,14:10:09,7.21,--,9,6489,卖盘
904,14:10:03,7.21,--,8,5768,卖盘
905,14:10:00,7.21,-0.01,515,371315,卖盘
906,14:09:57,7.22,--,84,60648,买盘
907,14:09:54,7.22,--,781,564315,卖盘
908,14:09:51,7.22,--,76,54872,卖盘
909,14:09:48,7.22,-0.01,39,28158,卖盘
910,14:09:45,7.23,--,1563,1130049,买盘
911,14:09:42,7.23,0.01,43,31089,买盘
912,14:09:39,7.22,-0.01,7,5054,卖盘
913,14:09:36,7.23,0.01,14,10122,买盘
914,14:09:33,7.22,-0.01,15,10830,卖盘
915,14:09:30,7.23,0.01,15,10845,买盘
916,14:09:27,7.22,--,3,2166,卖盘
917,14:09:24,7.22,--,1,722,卖盘
918,14:09:21,7.22,--,36,25992,卖盘
919,14:09:18,7.22,-0.01,16,11552,卖盘
920,14:09:15,7.23,--,20,14460,买盘
921,14:09:12,7.23,0.01,35,25305,买盘
922,14:09:09,7.22,--,57,41154,卖盘
923,14:09:06,7.22,--,15,10830,卖盘
924,14:09:03,7.22,--,31,22382,卖盘
925,14:09:00,7.22,-0.01,5,3610,卖盘
926,14:08:57,7.23,0.01,30,21690,买盘
927,14:08:54,7.22,--,130,93860,卖盘
928,14:08:51,7.22,-0.01,207,149454,卖盘
929,14:08:48,7.23,--,430,310890,买盘
930,14:08:45,7.23,--,67,48441,买盘
931,14:08:42,7.23,0.01,6,4338,买盘
932,14:08:39,7.22,-0.01,5,3610,卖盘
933,14:08:36,7.23,0.01,1,723,买盘
934,14:08:33,7.22,--,5,3610,卖盘
935,14:08:30,7.22,--,229,165338,卖盘
936,14:08:27,7.22,--,35,25270,卖盘
937,14:08:24,7.22,-0.01,11,7942,卖盘
938,14:08:21,7.23,0.01,12,8676,买盘
939,14:08:18,7.22,--,14,10108,卖盘
940,14:08:15,7.22,-0.01,288,207936,卖盘
941,14:08:12,7.23,--,30,21690,买盘
942,14:08:09,7.23,0.01,9,6507,买盘
943,14:08:06,7.22,--,34,24548,卖盘
944,14:08:03,7.22,--,23,16606,卖盘
945,14:08:00,7.22,--,1,722,卖盘
946,14:07:57,7.22,-0.01,123,89239,卖盘
947,14:07:54,7.23,0.01,5,3615,买盘
948,14:07:51,7.22,-0.01,62,44764,卖盘
949,14:07:48,7.23,--,49,35427,买盘
950,14:07:45,7.23,--,14,10122,买盘
951,14:07:42,7.23,0.01,15,10845,买盘
952,14:07:39,7.22,--,45,32490,卖盘
953,14:07:36,7.22,0.01,662,478541,买盘
954,14:07:33,7.21,--,38,27398,卖盘
955,14:07:27,7.21,-0.01,16,11536,卖盘
956,14:07:24,7.22,0.01,15,10830,买盘
957,14:07:21,7.21,-0.01,10,7210,卖盘
958,14:07:18,7.22,--,117,84474,买盘
959,14:07:15,7.22,--,31,22382,买盘
960,14:07:12,7.22,0.01,54,38988,买盘
961,14:07:09,7.21,--,59,42539,卖盘
962,14:07:06,7.21,--,146,105266,卖盘
963,14:07:03,7.21,--,9,6489,卖盘
964,14:07:00,7.21,--,15,10815,卖盘
965,14:06:57,7.21,-0.01,2,1442,卖盘
966,14:06:54,7.22,0.01,30,21660,买盘
967,14:06:51,7.21,-0.01,13,9373,卖盘
968,14:06:48,7.22,--,285,205770,买盘
969,14:06:45,7.22,--,54,38988,买盘
970,14:06:42,7.22,--,10,7220,买盘
971,14:06:39,7.22,0.01,15,10830,买盘
972,14:06:36,7.21,--,44,31724,卖盘
973,14:06:33,7.21,--,4,2884,卖盘
974,14:06:30,7.21,--,44,31724,卖盘
975,14:06:27,7.21,-0.01,17,12257,卖盘
976,14:06:24,7.22,--,8,5776,买盘
977,14:06:18,7.22,0.01,35,25270,买盘
978,14:06:15,7.21,--,5,3605,卖盘
979,14:06:12,7.21,-0.01,15,10815,卖盘
980,14:06:09,7.22,-0.01,135,97614,卖盘
981,14:06:06,7.23,0.01,43,31089,买盘
982,14:06:03,7.22,--,10,7220,卖盘
983,14:06:00,7.22,-0.01,21,15162,卖盘
984,14:05:57,7.23,--,45,32535,买盘
985,14:05:54,7.23,0.01,29,20967,买盘
986,14:05:51,7.22,--,512,369664,卖盘
987,14:05:48,7.22,-0.01,69,49818,卖盘
988,14:05:45,7.23,--,62,44826,买盘
989,14:05:42,7.23,0.01,25,18075,买盘
990,14:05:39,7.22,--,72,51984,卖盘
991,14:05:36,7.22,--,50,36100,卖盘
992,14:05:33,7.22,--,40,28880,卖盘
993,14:05:30,7.22,--,69,49818,卖盘
994,14:05:27,7.22,-0.01,15,10830,卖盘
995,14:05:24,7.23,0.01,149,107727,买盘
996,14:05:21,7.22,--,364,262808,卖盘
997,14:05:18,7.22,--,39,28158,卖盘
998,14:05:15,7.22,-0.01,16,11552,卖盘
999,14:05:12,7.23,0.01,114,82422,买盘
1000,14:05:09,7.22,--,4,2888,卖盘
1001,14:05:03,7.22,--,38,27436,卖盘
1002,14:04:57,7.22,--,34,24548,卖盘
1003,14:04:54,7.22,--,30,21660,卖盘
1004,14:04:51,7.22,-0.01,92,66424,卖盘
1005,14:04:48,7.23,0.01,6,4338,买盘
1006,14:04:45,7.22,-0.01,130,93860,卖盘
1007,14:04:42,7.23,0.01,51,36873,买盘
1008,14:04:39,7.22,--,10,7220,卖盘
1009,14:04:36,7.22,--,34,24548,卖盘
1010,14:04:33,7.22,--,914,659908,卖盘
1011,14:04:30,7.22,--,13,9386,卖盘
1012,14:04:27,7.22,-0.01,7,5054,卖盘
1013,14:04:24,7.23,0.01,42,30366,买盘
1014,14:04:21,7.22,--,21,15162,卖盘
1015,14:04:18,7.22,--,29,20938,卖盘
1016,14:04:15,7.22,--,110,79997,卖盘
1017,14:04:12,7.22,-0.01,17,12274,卖盘
1018,14:04:09,7.23,0.01,9,6507,买盘
1019,14:04:06,7.22,--,451,325622,卖盘
1020,14:04:03,7.22,--,3,2166,卖盘
1021,14:04:00,7.22,-0.01,25,18050,卖盘
1022,14:03:57,7.23,--,2006,1450338,买盘
1023,14:03:54,7.23,0.01,51,36873,买盘
1024,14:03:51,7.22,--,46,33212,卖盘
1025,14:03:48,7.22,--,3,2166,卖盘
1026,14:03:45,7.22,-0.01,68,49096,卖盘
1027,14:03:42,7.23,--,203,146769,买盘
1028,14:03:39,7.23,0.01,85,61455,买盘
1029,14:03:36,7.22,--,10,7220,卖盘
1030,14:03:33,7.22,--,25,18050,卖盘
1031,14:03:27,7.22,-0.01,3,2166,卖盘
1032,14:03:24,7.23,0.01,33,23859,买盘
1033,14:03:21,7.22,--,5,3610,卖盘
1034,14:03:18,7.22,--,109,78698,卖盘
1035,14:03:15,7.22,--,185,133570,卖盘
1036,14:03:12,7.22,--,43,31046,卖盘
1037,14:03:09,7.22,-0.01,6,4332,卖盘
1038,14:03:06,7.23,0.01,31,22413,买盘
1039,14:03:03,7.22,--,3,2166,卖盘
1040,14:03:00,7.22,--,1,722,卖盘
1041,14:02:57,7.22,--,58,41876,卖盘
1042,14:02:54,7.22,--,41,29602,卖盘
1043,14:02:51,7.22,--,2,1444,卖盘
1044,14:02:48,7.22,-0.01,63,45486,卖盘
1045,14:02:45,7.23,--,23,16629,买盘
1046,14:02:42,7.23,--,57,41211,买盘
1047,14:02:39,7.23,0.01,50,36150,买盘
1048,14:02:36,7.22,--,5,3610,卖盘
1049,14:02:33,7.22,--,55,39710,卖盘
1050,14:02:30,7.22,--,201,145122,卖盘
1051,14:02:27,7.22,--,5,3610,卖盘
1052,14:02:24,7.22,--,156,112632,卖盘
1053,14:02:21,7.22,--,126,90972,卖盘
1054,14:02:18,7.22,-0.01,16,11552,卖盘
1055,14:02:15,7.23,0.01,44,31812,买盘
1056,14:02:12,7.22,--,76,54872,卖盘
1057,14:02:09,7.22,--,5,3610,卖盘
1058,14:02:06,7.22,--,41,29602,卖盘
1059,14:02:03,7.22,--,50,36100,卖盘
1060,14:02:00,7.22,--,1,722,卖盘
1061,14:01:57,7.22,--,8,5776,卖盘
1062,14:01:51,7.22,--,114,82308,卖盘
1063,14:01:48,7.22,-0.01,4,2888,卖盘
1064,14:01:45,7.23,0.01,11,7953,买盘
1065,14:01:42,7.22,-0.01,122,88084,卖盘
1066,14:01:39,7.23,--,50,36150,买盘
1067,14:01:36,7.23,--,70,50610,买盘
1068,14:01:33,7.23,0.01,15,10845,买盘
1069,14:01:27,7.22,--,69,49818,卖盘
1070,14:01:24,7.22,--,34,24548,卖盘
1071,14:01:21,7.22,--,7,5054,卖盘
1072,14:01:18,7.22,--,5,3610,卖盘
1073,14:01:15,7.22,0.01,93,67146,买盘
1074,14:01:12,7.21,-0.01,56,40376,卖盘
1075,14:01:09,7.22,--,15,10830,买盘
1076,14:01:06,7.22,0.01,80,57760,买盘
1077,14:01:03,7.21,-0.01,28,20188,卖盘
1078,14:01:00,7.22,--,6,4332,买盘
1079,14:00:57,7.22,--,22,15884,买盘
1080,14:00:54,7.22,0.01,258,186276,买盘
1081,14:00:51,7.21,--,20,14420,卖盘
1082,14:00:48,7.21,--,5,3605,卖盘
1083,14:00:45,7.21,-0.01,21,15141,卖盘
1084,14:00:42,7.22,-0.01,69,49818,中性盘
1085,14:00:39,7.23,0.01,48,34704,买盘
1086,14:00:36,7.22,0.01,27,19494,买盘
1087,14:00:33,7.21,--,119,85799,卖盘
1088,14:00:30,7.21,-0.01,31,22351,卖盘
1089,14:00:27,7.22,0.01,23,16606,买盘
1090,14:00:24,7.21,--,3,2163,卖盘
1091,14:00:21,7.21,-0.01,16,11536,卖盘
1092,14:00:18,7.22,--,22,15884,买盘
1093,14:00:15,7.22,--,37,26714,买盘
1094,14:00:12,7.22,--,96,69312,卖盘
1095,14:00:09,7.22,--,44,31768,卖盘
1096,14:00:06,7.22,--,13,9386,卖盘
1097,14:00:03,7.22,--,4,2888,卖盘
1098,14:00:00,7.22,--,85,61370,卖盘
1099,13:59:51,7.22,-0.01,1,722,卖盘
1100,13:59:48,7.23,--,12,8676,买盘
1101,13:59:45,7.23,0.01,27,19521,买盘
1102,13:59:42,7.22,--,28,20216,买盘
1103,13:59:39,7.22,--,8,5776,买盘
1104,13:59:36,7.22,--,91,65702,买盘
1105,13:59:33,7.22,--,48,34656,买盘
1106,13:59:30,7.22,--,511,368942,卖盘
1107,13:59:27,7.22,--,3,2166,卖盘
1108,13:59:24,7.22,--,16,11552,卖盘
1109,13:59:21,7.22,-0.01,1,722,卖盘
1110,13:59:18,7.23,0.01,6,4338,买盘
1111,13:59:15,7.22,--,10,7220,卖盘
1112,13:59:12,7.22,-0.01,44,31768,卖盘
1113,13:59:09,7.23,--,17,12291,买盘
1114,13:59:06,7.23,0.01,7,5061,买盘
1115,13:59:03,7.22,--,520,375440,卖盘
1116,13:59:00,7.22,--,155,111910,卖盘
1117,13:58:57,7.22,--,26,18772,卖盘
1118,13:58:54,7.22,0.01,1069,771818,买盘
1119,13:58:51,7.21,--,6,4326,卖盘
1120,13:58:48,7.21,-0.01,15,10815,卖盘
1121,13:58:45,7.22,0.01,154,111188,买盘
1122,13:58:42,7.21,--,19,13699,卖盘
1123,13:58:39,7.21,-0.01,4,2884,卖盘
1124,13:58:36,7.22,--,22,15884,买盘
1125,13:58:33,7.22,0.01,94,67868,买盘
1126,13:58:30,7.21,--,380,273980,卖盘
1127,13:58:27,7.21,--,4,2884,卖盘
1128,13:58:24,7.21,-0.01,11,7931,卖盘
1129,13:58:21,7.22,0.01,130,93860,买盘
1130,13:58:18,7.21,--,4,2884,卖盘
1131,13:58:15,7.21,--,7,5047,卖盘
1132,13:58:12,7.21,-0.01,14,10094,卖盘
1133,13:58:09,7.22,0.01,14,10108,买盘
1134,13:58:03,7.21,--,2,1442,卖盘
1135,13:58:00,7.21,-0.01,121,87241,卖盘
1136,13:57:51,7.22,0.01,12,8664,买盘
1137,13:57:48,7.21,-0.01,63,45423,卖盘
1138,13:57:45,7.22,--,52,37544,买盘
1139,13:57:42,7.22,0.01,48,34656,买盘
1140,13:57:36,7.21,--,34,24514,卖盘
1141,13:57:33,7.21,-0.01,58,41818,卖盘
1142,13:57:30,7.22,0.01,64,46208,买盘
1143,13:57:27,7.21,--,14,10094,卖盘
1144,13:57:24,7.21,-0.01,36,25956,卖盘
1145,13:57:21,7.22,0.01,12,8664,买盘
1146,13:57:18,7.21,--,5,3605,卖盘
1147,13:57:15,7.21,--,37,26677,卖盘
1148,13:57:12,7.21,-0.01,7,5047,卖盘
1149,13:57:09,7.22,0.01,11,7942,买盘
1150,13:57:06,7.21,--,34,24514,卖盘
1151,13:57:03,7.21,--,4,2884,卖盘
1152,13:56:57,7.21,--,53,38213,卖盘
1153,13:56:54,7.21,--,30,21630,卖盘
1154,13:56:51,7.21,--,42,30282,卖盘
1155,13:56:48,7.21,--,5,3605,卖盘
1156,13:56:45,7.21,-0.01,75,54075,卖盘
1157,13:56:42,7.22,0.01,40,29457,买盘
1158,13:56:39,7.21,--,24,17304,卖盘
1159,13:56:36,7.21,--,437,315077,卖盘
1160,13:56:33,7.21,-0.01,74,53354,卖盘
1161,13:56:30,7.22,0.01,90,64980,买盘
1162,13:56:27,7.21,--,4,2884,卖盘
1163,13:56:24,7.21,-0.01,50,36050,卖盘
1164,13:56:21,7.22,0.01,10,7220,买盘
1165,13:56:18,7.21,-0.01,4,2884,卖盘
1166,13:56:15,7.22,0.01,49,35378,买盘
1167,13:56:12,7.21,--,69,49749,卖盘
1168,13:56:09,7.21,--,36,25956,卖盘
1169,13:56:06,7.21,--,81,58401,卖盘
1170,13:56:03,7.21,--,6,4326,卖盘
1171,13:55:54,7.21,--,36,25956,卖盘
1172,13:55:51,7.21,--,1,721,卖盘
1173,13:55:48,7.21,--,61,43981,卖盘
1174,13:55:45,7.21,--,30,21630,卖盘
1175,13:55:42,7.21,--,45,32445,卖盘
1176,13:55:36,7.21,--,4,2884,卖盘
1177,13:55:33,7.21,-0.01,54,38934,卖盘
1178,13:55:30,7.22,0.01,47,33934,买盘
1179,13:55:27,7.21,--,49,35329,卖盘
1180,13:55:24,7.21,--,35,25235,卖盘
1181,13:55:21,7.21,--,4,2884,卖盘
1182,13:55:18,7.21,--,8,5768,卖盘
1183,13:55:15,7.21,--,46,33166,卖盘
1184,13:55:12,7.21,--,769,554449,卖盘
1185,13:55:09,7.21,--,129,93009,卖盘
1186,13:55:06,7.21,--,4,2884,卖盘
1187,13:55:03,7.21,--,71,51191,卖盘
1188,13:55:00,7.21,-0.01,523,377083,卖盘
1189,13:54:57,7.22,0.01,95,68590,买盘
1190,13:54:54,7.21,--,37,26677,卖盘
1191,13:54:51,7.21,--,106,76426,卖盘
1192,13:54:48,7.21,--,56,40376,卖盘
1193,13:54:45,7.21,-0.01,30,21630,卖盘
1194,13:54:42,7.22,0.01,28,20216,买盘
1195,13:54:36,7.21,--,7,5047,卖盘
1196,13:54:33,7.21,-0.01,42,30282,卖盘
1197,13:54:30,7.22,--,264,190608,买盘
1198,13:54:27,7.22,--,1257,907554,卖盘
1199,13:54:24,7.22,-0.01,94,67868,卖盘
1200,13:54:21,7.23,0.01,632,456936,买盘
1201,13:54:18,7.22,-0.01,18,12996,卖盘
1202,13:54:15,7.23,0.01,37,26751,买盘
1203,13:54:12,7.22,--,4,2888,卖盘
1204,13:54:09,7.22,--,27,19494,卖盘
1205,13:54:06,7.22,--,18,12996,卖盘
1206,13:54:03,7.22,-0.01,137,98914,卖盘
1207,13:54:00,7.23,--,3,2169,买盘
1208,13:53:54,7.23,0.01,130,93990,买盘
1209,13:53:51,7.22,-0.01,38,27436,卖盘
1210,13:53:48,7.23,0.01,15,10845,买盘
1211,13:53:45,7.22,--,65,46930,卖盘
1212,13:53:42,7.22,-0.01,37,26714,卖盘
1213,13:53:39,7.23,0.01,6,4338,买盘
1214,13:53:36,7.22,--,14,10108,卖盘
1215,13:53:33,7.22,--,60,43320,卖盘
1216,13:53:30,7.22,--,35,25270,卖盘
1217,13:53:27,7.22,-0.01,50,36100,卖盘
1218,13:53:24,7.23,0.01,191,138093,买盘
1219,13:53:21,7.22,-0.01,107,77254,卖盘
1220,13:53:18,7.23,--,23,16629,买盘
1221,13:53:15,7.23,0.01,46,33258,买盘
1222,13:53:12,7.22,--,27,19494,卖盘
1223,13:53:09,7.22,-0.01,5,3610,卖盘
1224,13:53:06,7.23,0.01,9,6507,买盘
1225,13:53:03,7.22,-0.01,46,33212,卖盘
1226,13:53:00,7.23,0.01,689,498147,买盘
1227,13:52:54,7.22,--,38,27436,卖盘
1228,13:52:51,7.22,--,8,5776,卖盘
1229,13:52:48,7.22,--,107,77254,卖盘
1230,13:52:45,7.22,--,46,33212,卖盘
1231,13:52:42,7.22,--,27,19494,买盘
1232,13:52:39,7.22,0.01,64,46208,卖盘
1233,13:52:36,7.21,-0.01,20,14420,卖盘
1234,13:52:33,7.22,-0.01,681,491682,卖盘
1235,13:52:30,7.23,--,18,13014,买盘
1236,13:52:27,7.23,--,61,44103,买盘
1237,13:52:24,7.23,0.02,183,132309,买盘
1238,13:52:21,7.21,--,20,14420,卖盘
1239,13:52:18,7.21,--,11,7931,卖盘
1240,13:52:15,7.21,--,36,25956,卖盘
1241,13:52:12,7.21,-0.01,8,5768,卖盘
1242,13:52:09,7.22,--,7,5537,卖盘
1243,13:52:06,7.22,0.01,77,55832,买盘
1244,13:52:03,7.21,-0.01,80,57680,卖盘
1245,13:51:57,7.22,--,448,323939,卖盘
1246,13:51:54,7.22,--,30,21660,卖盘
1247,13:51:51,7.22,--,1,722,卖盘
1248,13:51:48,7.22,0.01,311,224780,买盘
1249,13:51:45,7.21,--,30,21630,卖盘
1250,13:51:42,7.21,-0.01,59,42539,卖盘
1251,13:51:39,7.22,--,22,15884,买盘
1252,13:51:36,7.22,--,248,179056,买盘
1253,13:51:33,7.22,--,104,75088,买盘
1254,13:51:30,7.22,0.01,100,72200,买盘
1255,13:51:27,7.21,--,3,2163,卖盘
1256,13:51:24,7.21,--,89,64169,卖盘
1257,13:51:21,7.21,--,54,38934,卖盘
1258,13:51:18,7.21,--,26,18746,卖盘
1259,13:51:15,7.21,--,35,25235,卖盘
1260,13:51:12,7.21,--,52,37492,卖盘
1261,13:51:09,7.21,-0.01,335,241535,卖盘
1262,13:51:06,7.22,0.01,40,28880,买盘
1263,13:51:03,7.21,--,3,2163,卖盘
1264,13:51:00,7.21,--,5,3605,卖盘
1265,13:50:57,7.21,-0.01,36,25956,卖盘
1266,13:50:54,7.22,0.01,112,80864,买盘
1267,13:50:51,7.21,--,16,11536,卖盘
1268,13:50:48,7.21,--,35,25235,卖盘
1269,13:50:45,7.21,--,46,33166,卖盘
1270,13:50:42,7.21,-0.01,249,179529,卖盘
1271,13:50:39,7.22,0.01,134,96748,买盘
1272,13:50:36,7.21,--,1786,1287706,卖盘
1273,13:50:33,7.21,-0.01,42,30282,卖盘
1274,13:50:30,7.22,--,18,12996,买盘
1275,13:50:27,7.22,--,68,49096,买盘
1276,13:50:24,7.22,--,136,98192,买盘
1277,13:50:21,7.22,--,516,372552,买盘
1278,13:50:18,7.22,--,99,71478,买盘
1279,13:50:15,7.22,0.01,67,48374,买盘
1280,13:50:12,7.21,--,5,3605,卖盘
1281,13:50:09,7.21,--,75,54075,卖盘
1282,13:50:06,7.21,--,65,46865,卖盘
1283,13:50:03,7.21,--,62,44702,卖盘
1284,13:50:00,7.21,-0.01,33,23793,卖盘
1285,13:49:54,7.22,0.01,36,25992,买盘
1286,13:49:51,7.21,--,1,721,卖盘
1287,13:49:48,7.21,-0.01,4,2884,卖盘
1288,13:49:45,7.22,0.01,5,3610,买盘
1289,13:49:42,7.21,-0.01,63,45423,卖盘
1290,13:49:39,7.22,0.01,555,400710,买盘
1291,13:49:36,7.21,--,356,256676,卖盘
1292,13:49:33,7.21,--,35,25235,卖盘
1293,13:49:30,7.21,--,27,19467,卖盘
1294,13:49:27,7.21,-0.01,9,6489,卖盘
1295,13:49:24,7.22,0.01,227,163894,买盘
1296,13:49:21,7.21,-0.01,201,144921,卖盘
1297,13:49:18,7.22,0.01,124,89528,买盘
1298,13:49:15,7.21,--,26,18746,卖盘
1299,13:49:12,7.21,--,35,25235,卖盘
1300,13:49:09,7.21,-0.01,78,56238,卖盘
1301,13:49:06,7.22,0.01,10,7220,买盘
1302,13:49:03,7.21,--,34,24514,卖盘
1303,13:48:57,7.21,--,177,127617,卖盘
1304,13:48:54,7.21,--,30,21630,卖盘
1305,13:48:51,7.21,--,2,1442,卖盘
1306,13:48:48,7.21,-0.01,4,2884,卖盘
1307,13:48:45,7.22,0.01,40,28880,买盘
1308,13:48:42,7.21,--,135,97335,卖盘
1309,13:48:39,7.21,--,18,12978,卖盘
1310,13:48:36,7.21,--,10,7210,卖盘
1311,13:48:33,7.21,--,35,25235,卖盘
1312,13:48:30,7.21,--,6,4326,卖盘
1313,13:48:27,7.21,--,63,45423,卖盘
1314,13:48:24,7.21,-0.01,74,53354,卖盘
1315,13:48:21,7.22,--,5,3610,买盘
1316,13:48:18,7.22,--,101,72922,买盘
1317,13:48:15,7.22,--,87,62814,买盘
1318,13:48:12,7.22,--,419,302518,买盘
1319,13:48:09,7.22,0.01,9,6498,买盘
1320,13:48:06,7.21,--,359,258839,卖盘
1321,13:48:03,7.21,--,90,64890,卖盘
1322,13:48:00,7.21,--,46,33166,卖盘
1323,13:47:57,7.21,--,60,43260,卖盘
1324,13:47:54,7.21,--,30,21630,卖盘
1325,13:47:51,7.21,--,1,721,卖盘
1326,13:47:48,7.21,--,4,2884,卖盘
1327,13:47:45,7.21,--,30,21630,卖盘
1328,13:47:42,7.21,-0.01,10,7210,卖盘
1329,13:47:39,7.22,0.01,13,9386,买盘
1330,13:47:36,7.21,--,3,2163,卖盘
1331,13:47:33,7.21,-0.01,34,24514,卖盘
1332,13:47:30,7.22,0.01,29,20938,买盘
1333,13:47:27,7.21,--,98,70658,卖盘
1334,13:47:24,7.21,--,45,32445,卖盘
1335,13:47:21,7.21,-0.01,100,72100,卖盘
1336,13:47:18,7.22,0.01,65,46930,买盘
1337,13:47:15,7.21,--,54,38934,卖盘
1338,13:47:12,7.21,--,101,72821,卖盘
1339,13:47:06,7.21,--,18,12978,卖盘
1340,13:47:03,7.21,-0.01,34,24514,卖盘
1341,13:47:00,7.22,--,62,44764,买盘
1342,13:46:57,7.22,0.01,6,4332,买盘
1343,13:46:54,7.21,--,61,43981,卖盘
1344,13:46:51,7.21,--,6,4326,卖盘
1345,13:46:48,7.21,--,3,2163,卖盘
1346,13:46:45,7.21,--,30,21630,卖盘
1347,13:46:42,7.21,--,4,2884,卖盘
1348,13:46:39,7.21,--,18,12978,卖盘
1349,13:46:36,7.21,--,5,3605,卖盘
1350,13:46:33,7.21,-0.01,63,45423,卖盘
1351,13:46:30,7.22,0.01,30,21660,买盘
1352,13:46:27,7.21,-0.01,23,16583,卖盘
1353,13:46:24,7.22,0.01,46,33212,买盘
1354,13:46:21,7.21,--,179,129059,卖盘
1355,13:46:18,7.21,-0.01,76,54796,卖盘
1356,13:46:15,7.22,--,79,57038,买盘
1357,13:46:12,7.22,0.01,50,36100,买盘
1358,13:46:09,7.21,--,28,20188,卖盘
1359,13:46:06,7.21,-0.01,21,15141,卖盘
1360,13:46:03,7.22,--,78,56316,买盘
1361,13:46:00,7.22,0.01,26,18772,买盘
1362,13:45:57,7.21,--,142,102382,卖盘
1363,13:45:54,7.21,--,76,54796,卖盘
1364,13:45:51,7.21,--,2,1442,卖盘
1365,13:45:48,7.21,-0.01,6,4326,卖盘
1366,13:45:45,7.22,0.01,32,23104,买盘
1367,13:45:42,7.21,-0.01,144,103824,卖盘
1368,13:45:39,7.22,0.01,196,141512,买盘
1369,13:45:33,7.21,-0.01,36,25956,卖盘
1370,13:45:30,7.22,0.01,5,3610,买盘
1371,13:45:27,7.21,--,114,82194,卖盘
1372,13:45:24,7.21,-0.01,136,98056,卖盘
1373,13:45:21,7.22,0.01,40,28880,买盘
1374,13:45:18,7.21,--,27,19467,卖盘
1375,13:45:15,7.21,-0.01,73,52633,卖盘
1376,13:45:12,7.22,0.01,105,75810,买盘
1377,13:45:09,7.21,--,4,2884,卖盘
1378,13:45:06,7.21,-0.01,10,7210,卖盘
1379,13:45:03,7.22,--,42,30324,买盘
1380,13:44:57,7.22,--,2,1444,买盘
1381,13:44:54,7.22,0.01,60,43320,买盘
1382,13:44:51,7.21,-0.01,301,217021,卖盘
1383,13:44:48,7.22,--,32,23104,买盘
1384,13:44:45,7.22,0.01,39,28158,买盘
1385,13:44:42,7.21,-0.01,52,37492,卖盘
1386,13:44:39,7.22,0.01,175,126350,买盘
1387,13:44:36,7.21,--,5,3605,卖盘
1388,13:44:33,7.21,--,69,49749,卖盘
1389,13:44:30,7.21,--,5,3605,卖盘
1390,13:44:27,7.21,-0.01,7,5047,卖盘
1391,13:44:24,7.22,--,136,98192,买盘
1392,13:44:21,7.22,--,27,19494,买盘
1393,13:44:18,7.22,--,14,10108,买盘
1394,13:44:15,7.22,0.01,108,77976,买盘
1395,13:44:12,7.21,--,186,134106,卖盘
1396,13:44:09,7.21,--,5,3605,卖盘
1397,13:44:06,7.21,--,100,72100,卖盘
1398,13:44:03,7.21,-0.01,85,61285,卖盘
1399,13:44:00,7.22,--,5,3610,买盘
1400,13:43:57,7.22,--,90,64980,买盘
1401,13:43:54,7.22,0.01,40,28880,买盘
1402,13:43:51,7.21,--,402,289842,卖盘
1403,13:43:48,7.21,-0.01,4,2884,卖盘
1404,13:43:45,7.22,0.01,6,4332,买盘
1405,13:43:42,7.21,-0.01,158,113918,卖盘
1406,13:43:39,7.22,--,117,84474,买盘
1407,13:43:36,7.22,0.01,66,47652,买盘
1408,13:43:33,7.21,--,58,41818,卖盘
1409,13:43:27,7.21,-0.01,7,5047,卖盘
1410,13:43:24,7.22,0.01,80,57760,买盘
1411,13:43:21,7.21,--,5,3605,卖盘
1412,13:43:18,7.21,--,9,6489,卖盘
1413,13:43:15,7.21,--,6,4326,卖盘
1414,13:43:12,7.21,-0.01,55,39655,卖盘
1415,13:43:09,7.22,--,3,2166,买盘
1416,13:43:06,7.22,-0.01,19,14201,卖盘
1417,13:43:03,7.23,0.01,147,106281,买盘
1418,13:43:00,7.22,--,20,14440,卖盘
1419,13:42:57,7.22,--,47,33934,卖盘
1420,13:42:54,7.22,--,35,25270,卖盘
1421,13:42:51,7.22,--,102,73644,卖盘
1422,13:42:48,7.22,-0.01,4,2888,卖盘
1423,13:42:45,7.23,0.01,21,15183,买盘
1424,13:42:42,7.22,-0.01,130,94293,卖盘
1425,13:42:39,7.23,0.01,55,39765,买盘
1426,13:42:36,7.22,--,10,7220,卖盘
1427,13:42:33,7.22,--,115,83412,卖盘
1428,13:42:30,7.22,--,305,220210,卖盘
1429,13:42:27,7.22,-0.01,5,3610,卖盘
1430,13:42:24,7.23,0.01,32,23136,买盘
1431,13:42:21,7.22,--,6,4332,卖盘
1432,13:42:18,7.22,-0.01,6,4332,卖盘
1433,13:42:15,7.23,--,37,26751,买盘
1434,13:42:12,7.23,0.01,45,32535,买盘
1435,13:42:09,7.22,--,3,2166,卖盘
1436,13:42:06,7.22,--,36,25992,卖盘
1437,13:42:03,7.22,--,113,81586,卖盘
1438,13:41:57,7.22,--,112,80864,卖盘
1439,13:41:54,7.22,--,82,59204,卖盘
1440,13:41:51,7.22,-0.01,22,15884,卖盘
1441,13:41:48,7.23,--,8,5784,买盘
1442,13:41:45,7.23,0.01,35,25305,买盘
1443,13:41:42,7.22,-0.01,284,205048,卖盘
1444,13:41:39,7.23,--,14,10122,买盘
1445,13:41:36,7.23,--,13,9399,买盘
1446,13:41:33,7.23,--,44,31812,买盘
1447,13:41:30,7.23,0.01,150,108450,买盘
1448,13:41:27,7.22,-0.01,376,271472,卖盘
1449,13:41:24,7.23,0.01,128,92544,买盘
1450,13:41:21,7.22,-0.01,15,10830,卖盘
1451,13:41:18,7.23,0.01,136,98328,买盘
1452,13:41:15,7.22,--,90,64980,卖盘
1453,13:41:12,7.22,--,5,3610,卖盘
1454,13:41:09,7.22,--,1,722,卖盘
1455,13:41:06,7.22,--,56,40432,卖盘
1456,13:41:03,7.22,--,77,55594,卖盘
1457,13:41:00,7.22,--,15,10830,卖盘
1458,13:40:57,7.22,-0.01,25,18050,卖盘
1459,13:40:54,7.23,0.01,48,34704,买盘
1460,13:40:51,7.22,--,70,50540,卖盘
1461,13:40:48,7.22,-0.01,52,37544,卖盘
1462,13:40:45,7.23,0.01,5,3615,买盘
1463,13:40:42,7.22,-0.01,36,25992,卖盘
1464,13:40:39,7.23,--,34,24582,买盘
1465,13:40:36,7.23,0.01,95,68685,买盘
1466,13:40:33,7.22,--,35,25270,卖盘
1467,13:40:30,7.22,--,161,116242,卖盘
1468,13:40:27,7.22,--,14,10108,卖盘
1469,13:40:24,7.22,--,30,21660,卖盘
1470,13:40:21,7.22,-0.01,9,6498,卖盘
1471,13:40:18,7.23,--,17,12291,买盘
1472,13:40:15,7.23,--,20,14460,买盘
1473,13:40:12,7.23,--,243,175689,买盘
1474,13:40:09,7.23,0.01,141,101943,买盘
1475,13:40:06,7.22,-0.01,60,43320,卖盘
1476,13:40:03,7.23,0.01,102,73746,买盘
1477,13:40:00,7.22,-0.01,58,41876,卖盘
1478,13:39:57,7.23,--,46,33258,买盘
1479,13:39:51,7.23,--,63,45549,卖盘
1480,13:39:48,7.23,--,88,63624,买盘
1481,13:39:45,7.23,0.01,237,171351,买盘
1482,13:39:42,7.22,--,83,59926,卖盘
1483,13:39:39,7.22,-0.01,4,2888,卖盘
1484,13:39:36,7.23,0.01,14,10122,买盘
1485,13:39:33,7.22,-0.01,34,24548,卖盘
1486,13:39:30,7.23,0.01,35,25305,买盘
1487,13:39:27,7.22,-0.01,9,6498,卖盘
1488,13:39:24,7.23,0.01,159,114957,买盘
1489,13:39:21,7.22,--,70,50540,卖盘
1490,13:39:18,7.22,--,68,49096,卖盘
1491,13:39:15,7.22,--,152,109744,卖盘
1492,13:39:12,7.22,--,51,36822,卖盘
1493,13:39:09,7.22,--,11,7942,卖盘
1494,13:39:06,7.22,-0.01,34,24548,卖盘
1495,13:39:03,7.23,--,99,71577,买盘
1496,13:39:00,7.23,--,32,23136,买盘
1497,13:38:57,7.23,--,41,29643,买盘
1498,13:38:54,7.23,0.01,38,27474,买盘
1499,13:38:51,7.22,--,1,722,卖盘
1500,13:38:48,7.22,-0.01,26,18772,卖盘
1501,13:38:45,7.23,0.01,146,105558,买盘
1502,13:38:42,7.22,-0.01,211,152342,卖盘
1503,13:38:36,7.23,0.01,43,31089,买盘
1504,13:38:33,7.22,-0.01,34,24548,卖盘
1505,13:38:30,7.23,0.01,152,109896,买盘
1506,13:38:27,7.22,--,1012,730664,卖盘
1507,13:38:24,7.22,--,128,92416,卖盘
1508,13:38:21,7.22,--,106,76532,卖盘
1509,13:38:18,7.22,--,114,82308,卖盘
1510,13:38:15,7.22,--,5,3610,卖盘
1511,13:38:12,7.22,--,64,46208,卖盘
1512,13:38:09,7.22,--,8,5776,卖盘
1513,13:38:06,7.22,-0.01,423,305406,卖盘
1514,13:38:03,7.23,0.01,123,88929,买盘
1515,13:38:00,7.22,--,83,59926,卖盘
1516,13:37:57,7.22,-0.01,4,2888,卖盘
1517,13:37:54,7.23,0.01,104,75192,买盘
1518,13:37:51,7.22,-0.01,47,33934,卖盘
1519,13:37:48,7.23,--,38,27474,买盘
1520,13:37:45,7.23,0.01,21,15183,买盘
1521,13:37:42,7.22,-0.01,83,59926,卖盘
1522,13:37:36,7.23,0.01,21,15183,买盘
1523,13:37:33,7.22,--,74,53428,卖盘
1524,13:37:30,7.22,--,39,28158,卖盘
1525,13:37:27,7.22,-0.01,13,9386,卖盘
1526,13:37:24,7.23,0.01,64,46272,买盘
1527,13:37:21,7.22,--,41,29602,卖盘
1528,13:37:18,7.22,--,4,2888,卖盘
1529,13:37:15,7.22,-0.01,11,7942,卖盘
1530,13:37:12,7.23,--,72,52056,买盘
1531,13:37:09,7.23,0.01,33,23859,卖盘
1532,13:37:06,7.22,-0.02,168,121296,卖盘
1533,13:37:03,7.24,0.01,136,98956,买盘
1534,13:37:00,7.23,-0.01,193,139539,卖盘
1535,13:36:57,7.24,0.01,72,52128,买盘
1536,13:36:54,7.23,--,91,65793,卖盘
1537,13:36:51,7.23,--,54,39042,卖盘
1538,13:36:48,7.23,--,104,75192,卖盘
1539,13:36:42,7.23,-0.01,165,119295,卖盘
1540,13:36:36,7.24,--,37,26788,买盘
1541,13:36:33,7.24,0.01,69,49956,买盘
1542,13:36:30,7.23,--,13,9399,卖盘
1543,13:36:27,7.23,--,84,60732,卖盘
1544,13:36:24,7.23,-0.01,47,33981,卖盘
1545,13:36:21,7.24,0.01,8,5792,买盘
1546,13:36:18,7.23,--,417,301491,卖盘
1547,13:36:15,7.23,--,72,52056,卖盘
1548,13:36:12,7.23,-0.01,76,54948,卖盘
1549,13:36:09,7.24,0.01,9,6516,买盘
1550,13:36:06,7.23,--,17,12291,卖盘
1551,13:36:03,7.23,--,142,102666,卖盘
1552,13:36:00,7.23,--,11,7953,卖盘
1553,13:35:57,7.23,--,324,234252,卖盘
1554,13:35:54,7.23,--,140,101220,卖盘
1555,13:35:51,7.23,--,23,16629,卖盘
1556,13:35:48,7.23,-0.01,19,13737,卖盘
1557,13:35:45,7.24,0.01,64,46336,买盘
1558,13:35:42,7.23,--,587,424401,卖盘
1559,13:35:39,7.23,-0.01,223,161229,卖盘
1560,13:35:36,7.24,0.01,53,38603,买盘
1561,13:35:33,7.23,--,44,31812,卖盘
1562,13:35:30,7.23,--,16,11568,卖盘
1563,13:35:27,7.23,--,12,8676,卖盘
1564,13:35:24,7.23,--,159,114957,卖盘
1565,13:35:21,7.23,--,288,208224,卖盘
1566,13:35:18,7.23,--,6,4338,卖盘
1567,13:35:15,7.23,--,13,9399,卖盘
1568,13:35:12,7.23,--,60,43380,卖盘
1569,13:35:09,7.23,-0.01,42,30366,卖盘
1570,13:35:06,7.24,--,26,18824,买盘
1571,13:35:03,7.24,0.01,278,201272,买盘
1572,13:35:00,7.23,--,78,56394,卖盘
1573,13:34:57,7.23,-0.01,11,7953,卖盘
1574,13:34:54,7.24,0.01,85,61540,买盘
1575,13:34:51,7.23,--,17,12291,卖盘
1576,13:34:48,7.23,--,86,62178,卖盘
1577,13:34:45,7.23,--,35,25305,卖盘
1578,13:34:42,7.23,--,37,26751,卖盘
1579,13:34:39,7.23,--,82,59286,卖盘
1580,13:34:36,7.23,-0.01,16,11568,卖盘
1581,13:34:33,7.24,0.01,144,104256,买盘
1582,13:34:27,7.23,--,6,4338,卖盘
1583,13:34:24,7.23,--,30,21690,卖盘
1584,13:34:21,7.23,--,6,4338,卖盘
1585,13:34:18,7.23,--,17,12291,卖盘
1586,13:34:15,7.23,--,60,43380,卖盘
1587,13:34:12,7.23,-0.01,60,43380,卖盘
1588,13:34:09,7.24,0.01,32,23168,买盘
1589,13:34:06,7.23,--,2806,2028738,卖盘
1590,13:34:03,7.23,-0.01,41,29643,卖盘
1591,13:34:00,7.24,0.01,7,5068,买盘
1592,13:33:57,7.23,-0.01,61,44103,卖盘
1593,13:33:54,7.24,0.01,147,106428,买盘
1594,13:33:51,7.23,-0.01,106,76638,卖盘
1595,13:33:48,7.24,--,48,34752,买盘
1596,13:33:45,7.24,--,20,14480,买盘
1597,13:33:42,7.24,0.01,97,70228,买盘
1598,13:33:39,7.23,--,20,14460,卖盘
1599,13:33:36,7.23,--,29,20967,卖盘
1600,13:33:33,7.23,--,40,28920,卖盘
1601,13:33:27,7.23,-0.01,87,62901,卖盘
1602,13:33:24,7.24,0.01,46,33304,买盘
1603,13:33:21,7.23,--,8,5784,卖盘
1604,13:33:18,7.23,--,6,4338,卖盘
1605,13:33:15,7.23,--,65,46995,卖盘
1606,13:33:12,7.23,--,991,716493,卖盘
1607,13:33:09,7.23,-0.01,20,14460,卖盘
1608,13:33:06,7.24,--,9,6516,买盘
1609,13:33:03,7.24,0.01,704,509696,买盘
1610,13:33:00,7.23,-0.01,49,35427,卖盘
1611,13:32:57,7.24,0.01,2680,1940320,买盘
1612,13:32:54,7.23,--,31,22413,卖盘
1613,13:32:51,7.23,-0.01,43,31089,卖盘
1614,13:32:48,7.24,0.01,233,168692,买盘
1615,13:32:45,7.23,--,5,3615,卖盘
1616,13:32:42,7.23,-0.01,99,71577,卖盘
1617,13:32:39,7.24,0.01,41,29684,买盘
1618,13:32:36,7.23,--,16,11568,卖盘
1619,13:32:33,7.23,-0.01,37,26751,卖盘
1620,13:32:30,7.24,0.01,1,724,买盘
1621,13:32:27,7.23,-0.01,79,57117,卖盘
1622,13:32:24,7.24,--,35,25340,买盘
1623,13:32:21,7.24,0.01,55,39820,买盘
1624,13:32:18,7.23,-0.01,64,46272,卖盘
1625,13:32:15,7.24,0.01,158,114392,买盘
1626,13:32:12,7.23,--,49,35427,卖盘
1627,13:32:06,7.23,-0.01,7,5061,卖盘
1628,13:32:03,7.24,0.01,152,110048,买盘
1629,13:32:00,7.23,--,439,317903,买盘
1630,13:31:57,7.23,--,13,9399,买盘
1631,13:31:54,7.23,0.01,107,77361,买盘
1632,13:31:51,7.22,--,177,127794,卖盘
1633,13:31:48,7.22,-0.01,20,14584,卖盘
1634,13:31:45,7.23,0.01,55,39765,买盘
1635,13:31:42,7.22,-0.01,1074,775428,卖盘
1636,13:31:39,7.23,0.01,103,74469,买盘
1637,13:31:36,7.22,--,17,12274,卖盘
1638,13:31:33,7.22,--,177,127794,卖盘
1639,13:31:30,7.22,--,8,5776,卖盘
1640,13:31:27,7.22,--,14,10108,卖盘
1641,13:31:24,7.22,-0.01,383,276526,卖盘
1642,13:31:18,7.23,0.01,56,40488,买盘
1643,13:31:15,7.22,--,725,523450,卖盘
1644,13:31:12,7.22,-0.01,33,23826,卖盘
1645,13:31:09,7.23,0.01,45,32535,买盘
1646,13:31:06,7.22,--,14,10108,卖盘
1647,13:31:03,7.22,--,43,31046,卖盘
1648,13:31:00,7.22,--,3,2166,卖盘
1649,13:30:54,7.22,--,30,21660,卖盘
1650,13:30:51,7.22,-0.01,2,1444,卖盘
1651,13:30:48,7.23,--,17,12291,买盘
1652,13:30:45,7.23,0.01,1000,723000,买盘
1653,13:30:42,7.22,-0.01,51,36822,卖盘
1654,13:30:39,7.23,0.01,151,109173,买盘
1655,13:30:36,7.22,--,64,46208,卖盘
1656,13:30:33,7.22,--,34,24548,卖盘
1657,13:30:30,7.22,--,26,18772,卖盘
1658,13:30:27,7.22,--,41,29602,卖盘
1659,13:30:24,7.22,--,821,592762,卖盘
1660,13:30:21,7.22,--,45,32490,卖盘
1661,13:30:18,7.22,--,60,43320,卖盘
1662,13:30:15,7.22,--,56,40432,卖盘
1663,13:30:12,7.22,-0.01,59,42598,卖盘
1664,13:30:09,7.23,--,19,13737,买盘
1665,13:30:06,7.23,--,11,7953,买盘
1666,13:30:03,7.23,--,567,409941,买盘
1667,13:30:00,7.23,0.01,5,3615,买盘
1668,13:29:57,7.22,-0.01,37,26714,卖盘
1669,13:29:54,7.23,0.01,15,10845,买盘
1670,13:29:51,7.22,--,42,30324,卖盘
1671,13:29:48,7.22,-0.01,122,88084,卖盘
1672,13:29:45,7.23,0.01,94,67962,买盘
1673,13:29:42,7.22,--,336,242592,卖盘
1674,13:29:39,7.22,--,16,11552,卖盘
1675,13:29:36,7.22,-0.01,21,15162,卖盘
1676,13:29:33,7.23,0.01,165,119295,买盘
1677,13:29:30,7.22,--,33,23826,卖盘
1678,13:29:27,7.22,--,207,149454,卖盘
1679,13:29:24,7.22,--,147,106134,卖盘
1680,13:29:21,7.22,--,31,22382,卖盘
1681,13:29:18,7.22,-0.01,4,2888,卖盘
1682,13:29:15,7.23,--,18,13014,买盘
1683,13:29:12,7.23,--,212,153276,买盘
1684,13:29:09,7.23,0.01,45,32535,买盘
1685,13:29:06,7.22,--,1651,1192022,卖盘
1686,13:29:03,7.22,-0.01,53,38266,卖盘
1687,13:29:00,7.23,0.01,45,32535,买盘
1688,13:28:57,7.22,--,4,2888,卖盘
1689,13:28:54,7.22,--,38,27436,卖盘
1690,13:28:51,7.22,--,36,25992,卖盘
1691,13:28:48,7.22,-0.01,61,44042,卖盘
1692,13:28:45,7.23,0.01,2,1446,买盘
1693,13:28:42,7.22,--,177,127794,卖盘
1694,13:28:39,7.22,--,38,27436,卖盘
1695,13:28:36,7.22,-0.01,17,12274,卖盘
1696,13:28:33,7.23,0.01,34,24582,买盘
1697,13:28:30,7.22,--,25,18050,卖盘
1698,13:28:27,7.22,--,158,114076,卖盘
1699,13:28:24,7.22,--,48,34656,卖盘
1700,13:28:21,7.22,--,42,30324,卖盘
1701,13:28:18,7.22,--,91,65702,卖盘
1702,13:28:15,7.22,--,37,26714,卖盘
1703,13:28:12,7.22,-0.01,175,126350,卖盘
1704,13:28:09,7.23,0.01,15,10845,买盘
1705,13:28:06,7.22,--,7,5054,卖盘
1706,13:28:03,7.22,--,54,38988,卖盘
1707,13:28:00,7.22,-0.01,5,3610,卖盘
1708,13:27:54,7.23,--,77,55671,买盘
1709,13:27:51,7.23,--,80,57840,买盘
1710,13:27:48,7.23,--,76,54948,买盘
1711,13:27:45,7.23,0.01,16,11568,买盘
1712,13:27:42,7.22,-0.01,68,49096,卖盘
1713,13:27:39,7.23,--,34,24582,买盘
1714,13:27:36,7.23,--,157,113511,买盘
1715,13:27:33,7.23,0.01,48,34704,买盘
1716,13:27:30,7.22,--,37,26714,卖盘
1717,13:27:27,7.22,-0.01,53,38266,卖盘
1718,13:27:24,7.23,--,133,96159,买盘
1719,13:27:21,7.23,0.01,40,28920,买盘
1720,13:27:18,7.22,--,47,33934,卖盘
1721,13:27:15,7.22,--,6,4332,卖盘
1722,13:27:12,7.22,-0.01,34,24548,卖盘
1723,13:27:09,7.23,--,144,104112,买盘
1724,13:27:06,7.23,--,4,2892,买盘
1725,13:27:03,7.23,0.01,239,172797,买盘
1726,13:26:57,7.22,-0.01,64,46208,卖盘
1727,13:26:54,7.23,0.01,101,73023,买盘
1728,13:26:51,7.22,-0.01,7,5054,卖盘
1729,13:26:48,7.23,0.01,254,183642,买盘
1730,13:26:42,7.22,--,39,28158,卖盘
1731,13:26:39,7.22,--,1,722,卖盘
1732,13:26:36,7.22,-0.01,156,112632,卖盘
1733,13:26:33,7.23,0.01,524,378852,买盘
1734,13:26:30,7.22,--,3,2166,卖盘
1735,13:26:27,7.22,--,3,2166,卖盘
1736,13:26:24,7.22,--,34,24548,卖盘
1737,13:26:21,7.22,--,50,36100,卖盘
1738,13:26:18,7.22,--,21,15162,卖盘
1739,13:26:15,7.22,-0.01,232,167504,卖盘
1740,13:26:12,7.23,--,75,54225,买盘
1741,13:26:09,7.23,--,27,19521,买盘
1742,13:26:06,7.23,--,69,49887,买盘
1743,13:26:03,7.23,0.01,90,65070,买盘
1744,13:26:00,7.22,--,19,13718,卖盘
1745,13:25:54,7.22,--,33,23826,卖盘
1746,13:25:51,7.22,--,11,7942,卖盘
1747,13:25:48,7.22,--,96,69312,卖盘
1748,13:25:45,7.22,--,95,68590,卖盘
1749,13:25:42,7.22,-0.01,46,33212,卖盘
1750,13:25:39,7.23,0.01,39,28197,买盘
1751,13:25:36,7.22,-0.01,26,18772,卖盘
1752,13:25:33,7.23,0.01,55,39765,买盘
1753,13:25:27,7.22,--,14,10108,卖盘
1754,13:25:24,7.22,--,81,58482,卖盘
1755,13:25:21,7.22,-0.01,6,4332,卖盘
1756,13:25:18,7.23,0.01,56,40488,买盘
1757,13:25:15,7.22,-0.01,38,27436,卖盘
1758,13:25:12,7.23,0.01,72,52056,买盘
1759,13:25:09,7.22,-0.01,254,183388,卖盘
1760,13:25:06,7.23,--,35,25305,买盘
1761,13:25:03,7.23,0.01,52,37596,买盘
1762,13:25:00,7.22,--,77,55594,卖盘
1763,13:24:57,7.22,--,185,133570,卖盘
1764,13:24:54,7.22,--,47,33934,卖盘
1765,13:24:51,7.22,--,14,10108,卖盘
1766,13:24:48,7.22,--,148,106856,买盘
1767,13:24:45,7.22,--,39,28158,卖盘
1768,13:24:42,7.22,--,69,49818,卖盘
1769,13:24:36,7.22,--,75,54150,买盘
1770,13:24:33,7.22,--,23,16606,卖盘
1771,13:24:30,7.22,0.01,38,27436,中性盘
1772,13:24:27,7.21,-0.02,7,5047,卖盘
1773,13:24:24,7.23,0.01,334,241482,买盘
1774,13:24:21,7.22,0.01,894,645749,买盘
1775,13:24:18,7.21,--,17,12257,卖盘
1776,13:24:15,7.21,-0.01,35,25235,卖盘
1777,13:24:12,7.22,0.01,1049,757378,买盘
1778,13:24:09,7.21,-0.01,19,13699,卖盘
1779,13:24:06,7.22,--,1,722,买盘
1780,13:24:03,7.22,0.01,58,41876,买盘
1781,13:24:00,7.21,-0.01,2,1442,卖盘
1782,13:23:57,7.22,--,3,2166,买盘
1783,13:23:54,7.22,0.01,85,61370,买盘
1784,13:23:51,7.21,--,67,48307,卖盘
1785,13:23:48,7.21,--,8,5768,卖盘
1786,13:23:45,7.21,-0.01,12,8652,卖盘
1787,13:23:42,7.22,--,61,44042,买盘
1788,13:23:39,7.22,0.01,94,67868,买盘
1789,13:23:36,7.21,-0.01,7,5047,卖盘
1790,13:23:33,7.22,0.01,139,100358,买盘
1791,13:23:27,7.21,-0.01,4,2884,卖盘
1792,13:23:24,7.22,0.01,2,1444,买盘
1793,13:23:21,7.21,--,119,85799,卖盘
1794,13:23:18,7.21,--,514,370594,卖盘
1795,13:23:15,7.21,-0.01,226,162946,卖盘
1796,13:23:12,7.22,--,64,46208,买盘
1797,13:23:09,7.22,0.01,1575,1137150,买盘
1798,13:23:06,7.21,--,87,62727,卖盘
1799,13:23:03,7.21,-0.01,133,95893,卖盘
1800,13:23:00,7.22,--,29,20938,买盘
1801,13:22:57,7.22,0.01,146,105412,买盘
1802,13:22:54,7.21,--,55,39655,卖盘
1803,13:22:51,7.21,-0.01,43,31003,卖盘
1804,13:22:48,7.22,--,133,96026,买盘
1805,13:22:45,7.22,0.01,17,12274,买盘
1806,13:22:42,7.21,-0.01,71,51191,卖盘
1807,13:22:39,7.22,0.01,19,13718,买盘
1808,13:22:36,7.21,-0.01,32,23072,卖盘
1809,13:22:33,7.22,--,47,33934,买盘
1810,13:22:30,7.22,--,2,1444,买盘
1811,13:22:27,7.22,--,40,28880,买盘
1812,13:22:24,7.22,0.01,45,32490,买盘
1813,13:22:21,7.21,--,211,152131,卖盘
1814,13:22:18,7.21,-0.01,7,5047,卖盘
1815,13:22:15,7.22,0.01,12,8664,买盘
1816,13:22:12,7.21,-0.01,735,529935,卖盘
1817,13:22:09,7.22,0.01,97,70034,买盘
1818,13:22:06,7.21,--,169,121849,卖盘
1819,13:22:03,7.21,--,75,54075,卖盘
1820,13:22:00,7.21,-0.01,18,12978,卖盘
1821,13:21:57,7.22,--,170,122740,买盘
1822,13:21:54,7.22,0.01,60,43320,买盘
1823,13:21:51,7.21,--,36,25956,卖盘
1824,13:21:48,7.21,--,107,77147,卖盘
1825,13:21:45,7.21,--,34,24514,卖盘
1826,13:21:42,7.21,--,153,110313,卖盘
1827,13:21:39,7.21,0.01,679,489559,买盘
1828,13:21:36,7.2,-0.01,376,270756,卖盘
1829,13:21:33,7.21,--,325,234325,买盘
1830,13:21:30,7.21,0.01,335,241535,买盘
1831,13:21:27,7.2,--,501,360720,卖盘
1832,13:21:24,7.2,--,194,139680,卖盘
1833,13:21:21,7.2,--,37,26640,卖盘
1834,13:21:18,7.2,--,8,5760,卖盘
1835,13:21:15,7.2,--,172,123840,卖盘
1836,13:21:12,7.2,-0.01,40,28800,卖盘
1837,13:21:09,7.21,-0.01,1745,1258145,卖盘
1838,13:21:06,7.22,0.01,152,109744,买盘
1839,13:21:03,7.21,-0.01,45,32445,卖盘
1840,13:21:00,7.22,0.01,71,51262,买盘
1841,13:20:57,7.21,-0.01,25,18025,卖盘
1842,13:20:54,7.22,0.01,144,103968,买盘
1843,13:20:51,7.21,-0.01,66,47586,卖盘
1844,13:20:48,7.22,0.01,47,33934,买盘
1845,13:20:45,7.21,--,21,15141,卖盘
1846,13:20:42,7.21,--,189,136269,卖盘
1847,13:20:39,7.21,--,225,162225,卖盘
1848,13:20:36,7.21,-0.01,20,14420,卖盘
1849,13:20:33,7.22,0.01,123,88806,买盘
1850,13:20:30,7.21,--,68,49028,卖盘
1851,13:20:27,7.21,-0.01,23,16583,卖盘
1852,13:20:24,7.22,0.01,170,122740,买盘
1853,13:20:21,7.21,--,126,90846,卖盘
1854,13:20:18,7.21,--,7,5047,卖盘
1855,13:20:15,7.21,0.01,42,30282,买盘
1856,13:20:12,7.2,-0.02,5,3600,卖盘
1857,13:20:09,7.22,0.01,292,210824,买盘
1858,13:20:06,7.21,-0.01,226,162946,卖盘
1859,13:20:03,7.22,0.01,120,86640,买盘
1860,13:20:00,7.21,--,2,1925,买盘
1861,13:19:57,7.21,0.01,1528,1102142,买盘
1862,13:19:54,7.2,--,11,7920,卖盘
1863,13:19:51,7.2,--,31,22320,卖盘
1864,13:19:48,7.2,--,8,5760,卖盘
1865,13:19:45,7.2,--,695,500400,卖盘
1866,13:19:42,7.2,--,91,65520,卖盘
1867,13:19:39,7.2,--,22,15840,卖盘
1868,13:19:36,7.2,-0.01,106,76845,卖盘
1869,13:19:33,7.21,0.01,191,137711,买盘
1870,13:19:30,7.2,--,44,31680,卖盘
1871,13:19:27,7.2,--,150,108000,卖盘
1872,13:19:24,7.2,--,29,20880,卖盘
1873,13:19:21,7.2,--,176,126720,卖盘
1874,13:19:18,7.2,--,257,185040,卖盘
1875,13:19:15,7.2,--,217,156765,卖盘
1876,13:19:12,7.2,-0.01,63,45360,卖盘
1877,13:19:09,7.21,--,97,69937,买盘
1878,13:19:06,7.21,0.01,20,14420,买盘
1879,13:19:03,7.2,-0.01,73,52560,卖盘
1880,13:19:00,7.21,--,9,6489,买盘
1881,13:18:57,7.21,--,237,171086,卖盘
1882,13:18:54,7.21,--,381,275400,卖盘
1883,13:18:51,7.21,--,59,42539,卖盘
1884,13:18:48,7.21,--,15,10815,卖盘
1885,13:18:45,7.21,--,46,33166,卖盘
1886,13:18:42,7.21,--,89,64169,卖盘
1887,13:18:39,7.21,--,134,96614,卖盘
1888,13:18:36,7.21,--,369,266049,卖盘
1889,13:18:33,7.21,--,189,136492,卖盘
1890,13:18:30,7.21,--,156,112476,卖盘
1891,13:18:27,7.21,--,89,64169,卖盘
1892,13:18:24,7.21,--,49,35329,卖盘
1893,13:18:21,7.21,--,35,25235,卖盘
1894,13:18:18,7.21,--,36,25956,卖盘
1895,13:18:15,7.21,--,37,26677,卖盘
1896,13:18:12,7.21,-0.01,254,183444,卖盘
1897,13:18:09,7.22,0.01,32,23104,买盘
1898,13:18:06,7.21,--,23,16583,卖盘
1899,13:18:03,7.21,--,37,26677,卖盘
1900,13:18:00,7.21,--,40,28840,卖盘
1901,13:17:51,7.21,--,32,23072,卖盘
1902,13:17:48,7.21,--,7,5047,卖盘
1903,13:17:45,7.21,--,55,39655,卖盘
1904,13:17:42,7.21,-0.01,29,20909,卖盘
1905,13:17:39,7.22,-0.01,620,447871,卖盘
1906,13:17:36,7.23,0.01,241,174243,买盘
1907,13:17:33,7.22,--,6,4332,卖盘
1908,13:17:30,7.22,--,877,633699,卖盘
1909,13:17:27,7.22,0.01,522,377591,买盘
1910,13:17:24,7.21,--,35,25235,卖盘
1911,13:17:21,7.21,--,230,165830,卖盘
1912,13:17:18,7.21,--,23,16583,卖盘
1913,13:17:15,7.21,--,147,105987,卖盘
1914,13:17:12,7.21,-0.01,37,26677,卖盘
1915,13:17:09,7.22,--,16,11552,买盘
1916,13:17:06,7.22,--,31,22382,买盘
1917,13:17:03,7.22,-0.01,56,40807,卖盘
1918,13:17:00,7.23,0.01,10,7230,买盘
1919,13:16:57,7.22,--,2796,2018712,卖盘
1920,13:16:54,7.22,--,147,106134,卖盘
1921,13:16:51,7.22,--,99,71478,卖盘
1922,13:16:48,7.22,--,437,315514,卖盘
1923,13:16:45,7.22,--,205,148010,卖盘
1924,13:16:42,7.22,--,34,24548,卖盘
1925,13:16:39,7.22,--,11,7942,卖盘
1926,13:16:36,7.22,-0.01,67,48374,卖盘
1927,13:16:33,7.23,0.01,88,63624,买盘
1928,13:16:30,7.22,--,73,52706,卖盘
1929,13:16:27,7.22,--,5,3610,卖盘
1930,13:16:24,7.22,--,1,722,卖盘
1931,13:16:21,7.22,-0.01,34,24548,卖盘
1932,13:16:18,7.23,0.01,18,13014,买盘
1933,13:16:15,7.22,-0.01,30,21660,卖盘
1934,13:16:12,7.23,0.01,72,52056,买盘
1935,13:16:09,7.22,--,21,15162,卖盘
1936,13:16:06,7.22,-0.01,109,78698,卖盘
1937,13:16:03,7.23,--,81,58765,买盘
1938,13:16:00,7.23,--,172,124356,买盘
1939,13:15:57,7.23,0.01,60,43380,买盘
1940,13:15:54,7.22,--,155,111910,卖盘
1941,13:15:51,7.22,--,112,80864,卖盘
1942,13:15:48,7.22,--,24,17328,卖盘
1943,13:15:45,7.22,--,20,14440,卖盘
1944,13:15:42,7.22,--,35,25270,卖盘
1945,13:15:39,7.22,--,66,47652,卖盘
1946,13:15:36,7.22,-0.01,6,4332,卖盘
1947,13:15:33,7.23,--,5,3615,买盘
1948,13:15:30,7.23,--,68,49424,卖盘
1949,13:15:27,7.23,-0.01,514,371622,卖盘
1950,13:15:24,7.24,0.01,65,47060,买盘
1951,13:15:21,7.23,--,63,45549,卖盘
1952,13:15:18,7.23,--,104,75192,卖盘
1953,13:15:15,7.23,--,131,95414,卖盘
1954,13:15:12,7.23,-0.01,44,31812,卖盘
1955,13:15:09,7.24,0.01,43,31132,买盘
1956,13:15:06,7.23,--,303,219069,卖盘
1957,13:15:03,7.23,--,485,350655,卖盘
1958,13:15:00,7.23,--,182,131586,卖盘
1959,13:14:57,7.23,--,694,501762,卖盘
1960,13:14:54,7.23,--,60,43380,卖盘
1961,13:14:51,7.23,--,57,41890,卖盘
1962,13:14:48,7.23,--,60,43380,卖盘
1963,13:14:45,7.23,--,1,723,卖盘
1964,13:14:42,7.23,--,87,62901,卖盘
1965,13:14:39,7.23,--,104,75192,卖盘
1966,13:14:36,7.23,--,100,72300,卖盘
1967,13:14:33,7.23,-0.01,36,26028,卖盘
1968,13:14:30,7.24,0.01,155,112748,买盘
1969,13:14:27,7.23,-0.01,5,3615,卖盘
1970,13:14:24,7.24,0.01,313,226612,买盘
1971,13:14:21,7.23,--,67,48441,卖盘
1972,13:14:18,7.23,--,6,4338,卖盘
1973,13:14:15,7.23,--,18,13014,卖盘
1974,13:14:12,7.23,-0.01,316,228468,卖盘
1975,13:14:09,7.24,--,33,23892,买盘
1976,13:14:03,7.24,--,264,191136,卖盘
1977,13:14:00,7.24,--,27,19548,卖盘
1978,13:13:54,7.24,--,202,146248,卖盘
1979,13:13:51,7.24,--,45,32580,卖盘
1980,13:13:48,7.24,--,203,146972,卖盘
1981,13:13:45,7.24,--,8,5792,卖盘
1982,13:13:42,7.24,--,71,51404,卖盘
1983,13:13:39,7.24,--,27,19548,卖盘
1984,13:13:36,7.24,--,9,6516,卖盘
1985,13:13:33,7.24,-0.01,84,60816,卖盘
1986,13:13:30,7.25,0.01,218,158050,买盘
1987,13:13:27,7.24,--,101,73124,卖盘
1988,13:13:24,7.24,--,12,8688,卖盘
1989,13:13:21,7.24,--,675,488700,卖盘
1990,13:13:18,7.24,--,3,2172,卖盘
1991,13:13:15,7.24,--,6,4344,卖盘
1992,13:13:12,7.24,--,34,24616,卖盘
1993,13:13:09,7.24,--,8,5792,卖盘
1994,13:13:06,7.24,--,8,5792,卖盘
1995,13:13:03,7.24,--,41,29684,卖盘
1996,13:13:00,7.24,-0.01,10,7240,卖盘
1997,13:12:57,7.25,0.01,28,20300,买盘
1998,13:12:51,7.24,--,71,51404,卖盘
1999,13:12:48,7.24,--,214,154936,卖盘
2000,13:12:45,7.24,--,30,21720,卖盘
2001,13:12:42,7.24,-0.01,35,25340,卖盘
2002,13:12:39,7.25,--,86,62350,买盘
2003,13:12:36,7.25,0.01,500,362500,买盘
2004,13:12:33,7.24,--,65,47060,卖盘
2005,13:12:30,7.24,--,102,73848,卖盘
2006,13:12:27,7.24,--,10,7240,卖盘
2007,13:12:24,7.24,--,41,29684,卖盘
2008,13:12:21,7.24,--,84,60816,卖盘
2009,13:12:18,7.24,--,6,4344,卖盘
2010,13:12:15,7.24,--,5,3620,卖盘
2011,13:12:12,7.24,--,40,28960,卖盘
2012,13:12:09,7.24,-0.01,398,288152,卖盘
2013,13:12:06,7.25,0.01,137,99325,买盘
2014,13:12:03,7.24,--,193,139732,卖盘
2015,13:12:00,7.24,-0.01,22,15928,卖盘
2016,13:11:57,7.25,0.01,60,43500,买盘
2017,13:11:51,7.24,-0.01,135,97740,卖盘
2018,13:11:48,7.25,--,20,14500,买盘
2019,13:11:42,7.25,0.01,71,51475,买盘
2020,13:11:39,7.24,--,55,39820,卖盘
2021,13:11:36,7.24,--,146,105704,卖盘
2022,13:11:33,7.24,--,35,25340,卖盘
2023,13:11:30,7.24,-0.01,456,330144,卖盘
2024,13:11:27,7.25,0.01,57,41325,买盘
2025,13:11:24,7.24,--,21,15204,卖盘
2026,13:11:21,7.24,--,117,84708,卖盘
2027,13:11:18,7.24,--,28,20272,卖盘
2028,13:11:15,7.24,-0.01,19,13756,卖盘
2029,13:11:12,7.25,0.01,41,29725,买盘
2030,13:11:09,7.24,--,10,7240,卖盘
2031,13:11:06,7.24,--,103,74572,卖盘
2032,13:11:03,7.24,--,49,35476,卖盘
2033,13:11:00,7.24,-0.01,32,23168,卖盘
2034,13:10:57,7.25,0.01,63,45675,买盘
2035,13:10:51,7.24,-0.01,41,29684,卖盘
2036,13:10:48,7.25,0.01,37,26825,买盘
2037,13:10:45,7.24,-0.01,1,724,卖盘
2038,13:10:42,7.25,--,46,33350,买盘
2039,13:10:39,7.25,0.01,2,1450,买盘
2040,13:10:36,7.24,-0.01,20,14480,卖盘
2041,13:10:33,7.25,0.02,112,81200,买盘
2042,13:10:30,7.23,-0.01,380,274740,卖盘
2043,13:10:27,7.24,--,266,192808,卖盘
2044,13:10:21,7.24,--,50,36200,卖盘
2045,13:10:18,7.24,--,33,23892,卖盘
2046,13:10:15,7.24,--,6,4344,卖盘
2047,13:10:12,7.24,-0.01,81,58644,卖盘
2048,13:10:09,7.25,--,2328,1687800,买盘
2049,13:10:06,7.25,0.01,155,112375,买盘
2050,13:10:03,7.24,--,1748,1265552,卖盘
2051,13:10:00,7.24,-0.01,44,31856,卖盘
2052,13:09:57,7.25,0.01,53,38425,买盘
2053,13:09:54,7.24,--,70,50680,卖盘
2054,13:09:51,7.24,-0.01,37,26788,卖盘
2055,13:09:48,7.25,0.01,584,423400,买盘
2056,13:09:45,7.24,--,300,217200,卖盘
2057,13:09:42,7.24,--,36,26064,卖盘
2058,13:09:39,7.24,--,35,25340,卖盘
2059,13:09:36,7.24,-0.01,9,6516,卖盘
2060,13:09:33,7.25,0.01,11,7975,买盘
2061,13:09:30,7.24,--,42,30408,卖盘
2062,13:09:27,7.24,-0.01,33,23892,卖盘
2063,13:09:24,7.25,0.01,2,1450,买盘
2064,13:09:21,7.24,-0.01,106,76744,卖盘
2065,13:09:18,7.25,--,35,25375,买盘
2066,13:09:15,7.25,0.01,68,49365,买盘
2067,13:09:12,7.24,--,1124,813776,卖盘
2068,13:09:09,7.24,-0.01,4,2896,卖盘
2069,13:09:06,7.25,--,13,9425,买盘
2070,13:09:03,7.25,0.01,131,94975,买盘
2071,13:09:00,7.24,--,1433,1037492,卖盘
2072,13:08:57,7.24,-0.01,146,105704,卖盘
2073,13:08:54,7.25,--,95,68875,买盘
2074,13:08:51,7.25,0.01,212,153700,买盘
2075,13:08:48,7.24,-0.01,7,5068,卖盘
2076,13:08:45,7.25,0.01,37,26825,买盘
2077,13:08:42,7.24,--,58,41992,卖盘
2078,13:08:39,7.24,--,8,5792,卖盘
2079,13:08:33,7.24,--,19,13756,卖盘
2080,13:08:30,7.24,--,35,25340,卖盘
2081,13:08:27,7.24,--,165,119460,卖盘
2082,13:08:24,7.24,--,4,2896,卖盘
2083,13:08:21,7.24,-0.01,193,139732,卖盘
2084,13:08:18,7.25,--,45,32625,买盘
2085,13:08:15,7.25,0.01,60,43500,买盘
2086,13:08:12,7.24,-0.01,61,44164,卖盘
2087,13:08:09,7.25,0.01,35,25375,买盘
2088,13:08:06,7.24,-0.01,15,10860,卖盘
2089,13:08:03,7.25,0.01,97,70325,买盘
2090,13:08:00,7.24,--,35,25340,卖盘
2091,13:07:57,7.24,-0.01,111,80364,卖盘
2092,13:07:54,7.25,0.01,91,65975,买盘
2093,13:07:51,7.24,--,32,23168,卖盘
2094,13:07:48,7.24,-0.01,44,31856,卖盘
2095,13:07:45,7.25,--,11,7975,买盘
2096,13:07:42,7.25,0.01,284,205900,买盘
2097,13:07:39,7.24,-0.01,5,3620,卖盘
2098,13:07:33,7.25,0.01,11,7975,买盘
2099,13:07:30,7.24,--,75,54300,卖盘
2100,13:07:27,7.24,--,118,85432,卖盘
2101,13:07:24,7.24,--,5,3620,卖盘
2102,13:07:21,7.24,--,39,28236,卖盘
2103,13:07:18,7.24,--,6,4344,卖盘
2104,13:07:15,7.24,-0.01,37,26788,卖盘
2105,13:07:12,7.25,0.01,93,67425,买盘
2106,13:07:09,7.24,-0.01,808,584992,卖盘
2107,13:07:06,7.25,0.01,136,98600,买盘
2108,13:07:03,7.24,--,13,9412,卖盘
2109,13:07:00,7.24,-0.01,56,40544,卖盘
2110,13:06:57,7.25,0.01,81,58725,买盘
2111,13:06:54,7.24,--,334,241816,卖盘
2112,13:06:51,7.24,--,228,165072,卖盘
2113,13:06:48,7.24,--,11,7964,卖盘
2114,13:06:45,7.24,-0.01,27,19548,卖盘
2115,13:06:42,7.25,--,57,41325,买盘
2116,13:06:39,7.25,0.01,56,40600,买盘
2117,13:06:36,7.24,--,133,96292,卖盘
2118,13:06:33,7.24,--,22,15928,卖盘
2119,13:06:30,7.24,-0.01,36,26064,卖盘
2120,13:06:27,7.25,0.01,17,12325,买盘
2121,13:06:24,7.24,--,66,47784,卖盘
2122,13:06:21,7.24,--,163,118012,卖盘
2123,13:06:18,7.24,--,168,121632,卖盘
2124,13:06:15,7.24,--,37,26788,卖盘
2125,13:06:12,7.24,-0.01,153,110772,卖盘
2126,13:06:09,7.25,0.01,92,66700,买盘
2127,13:06:06,7.24,-0.01,46,33304,卖盘
2128,13:06:03,7.25,0.01,186,135285,买盘
2129,13:06:00,7.24,-0.01,56,40544,卖盘
2130,13:05:57,7.25,0.01,78,56550,买盘
2131,13:05:54,7.24,--,103,74572,卖盘
2132,13:05:51,7.24,-0.01,440,318560,卖盘
2133,13:05:48,7.25,--,44,31900,买盘
2134,13:05:45,7.25,--,65,47125,买盘
2135,13:05:42,7.25,--,44,31900,买盘
2136,13:05:39,7.25,--,41,29725,买盘
2137,13:05:36,7.25,--,205,148625,买盘
2138,13:05:33,7.25,0.01,42,30450,买盘
2139,13:05:30,7.24,-0.01,2,1448,卖盘
2140,13:05:27,7.25,0.01,5,3625,买盘
2141,13:05:24,7.24,--,9,6516,卖盘
2142,13:05:21,7.24,--,40,28960,卖盘
2143,13:05:18,7.24,--,10,7240,卖盘
2144,13:05:15,7.24,-0.01,44,31856,卖盘
2145,13:05:12,7.25,--,122,88450,买盘
2146,13:05:09,7.25,0.01,29,21025,买盘
2147,13:05:06,7.24,--,33,23892,卖盘
2148,13:05:03,7.24,--,148,107152,卖盘
2149,13:05:00,7.24,--,171,123804,卖盘
2150,13:04:57,7.24,--,30,21720,卖盘
2151,13:04:54,7.24,-0.01,32,23168,卖盘
2152,13:04:51,7.25,0.01,60,43500,买盘
2153,13:04:48,7.24,--,24,17376,卖盘
2154,13:04:45,7.24,--,43,31132,卖盘
2155,13:04:42,7.24,-0.01,184,133216,卖盘
2156,13:04:39,7.25,--,35,25375,买盘
2157,13:04:36,7.25,--,127,92075,卖盘
2158,13:04:33,7.25,--,443,321175,卖盘
2159,13:04:30,7.25,--,57,41325,卖盘
2160,13:04:27,7.25,--,16,11600,卖盘
2161,13:04:24,7.25,--,61,44225,卖盘
2162,13:04:21,7.25,-0.01,33,23925,卖盘
2163,13:04:18,7.26,0.01,12,8712,买盘
2164,13:04:15,7.25,--,37,26825,卖盘
2165,13:04:12,7.25,-0.01,75,54375,卖盘
2166,13:04:09,7.26,0.01,28,20328,买盘
2167,13:04:06,7.25,--,29,21025,卖盘
2168,13:04:03,7.25,--,129,93525,卖盘
2169,13:04:00,7.25,--,169,122525,卖盘
2170,13:03:57,7.25,-0.01,100,72500,卖盘
2171,13:03:54,7.26,0.01,152,110352,买盘
2172,13:03:51,7.25,--,154,111650,卖盘
2173,13:03:48,7.25,--,86,62350,卖盘
2174,13:03:45,7.25,--,349,253025,卖盘
2175,13:03:42,7.25,-0.01,83,60175,卖盘
2176,13:03:39,7.26,0.01,38,27588,买盘
2177,13:03:36,7.25,--,17,12325,卖盘
2178,13:03:33,7.25,--,40,29000,卖盘
2179,13:03:30,7.25,-0.01,99,71775,卖盘
2180,13:03:27,7.26,0.01,171,124146,买盘
2181,13:03:24,7.25,-0.01,58,42050,卖盘
2182,13:03:21,7.26,0.01,179,129954,买盘
2183,13:03:18,7.25,--,5,3625,卖盘
2184,13:03:15,7.25,--,18,13050,卖盘
2185,13:03:12,7.25,-0.01,828,600300,卖盘
2186,13:03:09,7.26,--,15,10890,买盘
2187,13:03:06,7.26,0.01,63,45738,买盘
2188,13:03:03,7.25,--,422,305950,卖盘
2189,13:03:00,7.25,-0.01,30,21750,卖盘
2190,13:02:57,7.26,--,39,28314,买盘
2191,13:02:54,7.26,0.01,254,184404,买盘
2192,13:02:51,7.25,--,83,60175,卖盘
2193,13:02:48,7.25,--,22,15950,卖盘
2194,13:02:45,7.25,--,731,529975,卖盘
2195,13:02:42,7.25,--,45,32625,卖盘
2196,13:02:39,7.25,-0.01,1,725,卖盘
2197,13:02:36,7.26,--,219,158994,买盘
2198,13:02:33,7.26,0.01,8,5808,买盘
2199,13:02:30,7.25,-0.01,94,68150,卖盘
2200,13:02:27,7.26,--,33,23958,买盘
2201,13:02:24,7.26,0.01,598,434148,买盘
2202,13:02:21,7.25,--,41,29725,卖盘
2203,13:02:18,7.25,--,51,36975,卖盘
2204,13:02:15,7.25,--,11,7975,卖盘
2205,13:02:12,7.25,-0.01,35,25375,卖盘
2206,13:02:09,7.26,--,18,13068,买盘
2207,13:02:06,7.26,0.01,54,39204,买盘
2208,13:02:03,7.25,--,127,92075,卖盘
2209,13:02:00,7.25,--,31,22475,卖盘
2210,13:01:54,7.25,--,65,47125,卖盘
2211,13:01:51,7.25,--,109,79025,卖盘
2212,13:01:48,7.25,--,12,8700,卖盘
2213,13:01:45,7.25,--,5,3625,卖盘
2214,13:01:42,7.25,-0.01,71,51475,卖盘
2215,13:01:39,7.26,0.01,30,21780,买盘
2216,13:01:36,7.25,--,4,2900,卖盘
2217,13:01:33,7.25,--,5,3625,卖盘
2218,13:01:30,7.25,--,32,23200,卖盘
2219,13:01:27,7.25,-0.01,93,67425,卖盘
2220,13:01:24,7.26,0.01,29,21054,买盘
2221,13:01:21,7.25,--,519,376275,卖盘
2222,13:01:18,7.25,-0.01,11,7975,卖盘
2223,13:01:15,7.26,0.01,306,222156,买盘
2224,13:01:12,7.25,--,202,146450,买盘
2225,13:01:09,7.25,--,2,1450,买盘
2226,13:01:06,7.25,--,42,30450,买盘
2227,13:01:03,7.25,0.01,33,23925,买盘
2228,13:01:00,7.24,-0.01,35,25340,卖盘
2229,13:00:57,7.25,0.01,8,5800,买盘
2230,13:00:54,7.24,--,360,260640,卖盘
2231,13:00:51,7.24,--,35,25340,卖盘
2232,13:00:45,7.24,--,79,57196,卖盘
2233,13:00:42,7.24,-0.01,57,41268,卖盘
2234,13:00:39,7.25,0.01,6,4350,卖盘
2235,13:00:36,7.24,--,17,12308,卖盘
2236,13:00:33,7.24,--,26,18824,卖盘
2237,13:00:30,7.24,-0.01,41,29684,卖盘
2238,13:00:27,7.25,-0.01,30,21750,买盘
2239,13:00:24,7.26,0.01,21,15246,买盘
2240,13:00:21,7.25,0.01,22,15950,卖盘
2241,13:00:18,7.24,-0.01,16,11584,卖盘
2242,13:00:15,7.25,0.01,23,16675,买盘
2243,13:00:12,7.24,-0.01,53,38372,卖盘
2244,13:00:09,7.25,0.01,482,349450,买盘
2245,13:00:06,7.24,--,1471,1065004,卖盘
2246,13:00:03,7.24,--,4277,3096548,卖盘
2247,13:00:00,7.24,--,0,0,卖盘
2248,11:30:00,7.24,--,34,24616,卖盘
2249,11:29:57,7.24,-0.01,2,1448,卖盘
2250,11:29:54,7.25,0.01,5,3625,买盘
2251,11:29:51,7.24,-0.01,57,41268,卖盘
2252,11:29:45,7.25,0.01,21,15225,买盘
2253,11:29:42,7.24,-0.01,83,60092,卖盘
2254,11:29:39,7.25,0.01,25,18125,买盘
2255,11:29:36,7.24,--,104,75296,卖盘
2256,11:29:33,7.24,--,36,26064,卖盘
2257,11:29:30,7.24,--,61,44164,卖盘
2258,11:29:27,7.24,-0.01,77,55748,卖盘
2259,11:29:24,7.25,0.01,601,435725,买盘
2260,11:29:21,7.24,-0.01,33,23892,卖盘
2261,11:29:18,7.25,--,10,7250,买盘
2262,11:29:15,7.25,--,166,120350,买盘
2263,11:29:12,7.25,0.01,63,45675,买盘
2264,11:29:06,7.24,-0.01,5,3620,卖盘
2265,11:29:03,7.25,--,20,14500,买盘
2266,11:29:00,7.25,0.01,123,89175,买盘
2267,11:28:57,7.24,-0.01,235,170140,卖盘
2268,11:28:54,7.25,--,24,17400,买盘
2269,11:28:51,7.25,0.01,32,23200,买盘
2270,11:28:48,7.24,--,33,23892,卖盘
2271,11:28:45,7.24,--,4,2896,卖盘
2272,11:28:42,7.24,--,135,97740,卖盘
2273,11:28:39,7.24,--,6,4344,卖盘
2274,11:28:36,7.24,--,5,3620,卖盘
2275,11:28:33,7.24,--,31,22444,卖盘
2276,11:28:30,7.24,--,39,28236,卖盘
2277,11:28:27,7.24,--,12,8688,卖盘
2278,11:28:24,7.24,--,58,41992,卖盘
2279,11:28:21,7.24,-0.01,335,242540,卖盘
2280,11:28:18,7.25,0.01,83,60175,买盘
2281,11:28:15,7.24,-0.01,57,41268,卖盘
2282,11:28:12,7.25,0.01,49,35525,买盘
2283,11:28:09,7.24,--,200,144800,卖盘
2284,11:28:06,7.24,-0.01,37,26788,卖盘
2285,11:28:03,7.25,0.01,15,10875,买盘
2286,11:28:00,7.24,--,54,39096,卖盘
2287,11:27:57,7.24,-0.01,20,14480,卖盘
2288,11:27:54,7.25,0.01,43,31175,买盘
2289,11:27:51,7.24,--,45,32580,卖盘
2290,11:27:45,7.24,--,46,33304,卖盘
2291,11:27:42,7.24,-0.01,65,47060,卖盘
2292,11:27:36,7.25,--,14,10150,买盘
2293,11:27:33,7.25,0.01,48,34800,买盘
2294,11:27:30,7.24,-0.01,30,21720,卖盘
2295,11:27:27,7.25,0.01,56,40600,买盘
2296,11:27:24,7.24,-0.01,324,234576,卖盘
2297,11:27:21,7.25,0.01,756,548100,买盘
2298,11:27:15,7.24,--,23,16652,卖盘
2299,11:27:12,7.24,-0.01,51,36924,卖盘
2300,11:27:06,7.25,--,118,85550,买盘
2301,11:27:03,7.25,0.01,126,91350,买盘
2302,11:27:00,7.24,-0.01,67,48508,卖盘
2303,11:26:57,7.25,--,31,22475,买盘
2304,11:26:51,7.25,0.01,76,55100,买盘
2305,11:26:48,7.24,--,67,48508,卖盘
2306,11:26:45,7.24,-0.01,5,3620,卖盘
2307,11:26:42,7.25,0.01,68,49300,买盘
2308,11:26:36,7.24,-0.01,14,10136,卖盘
2309,11:26:33,7.25,0.01,61,44225,买盘
2310,11:26:30,7.24,-0.01,612,443088,卖盘
2311,11:26:27,7.25,0.01,25,18125,买盘
2312,11:26:24,7.24,--,4,2896,卖盘
2313,11:26:21,7.24,--,49,35476,卖盘
2314,11:26:18,7.24,--,74,53576,卖盘
2315,11:26:15,7.24,-0.01,5,3620,卖盘
2316,11:26:12,7.25,--,71,51475,买盘
2317,11:26:09,7.25,0.01,20,14500,买盘
2318,11:26:06,7.24,-0.01,4,2896,卖盘
2319,11:26:03,7.25,--,202,146450,买盘
2320,11:26:00,7.25,0.01,1339,970775,买盘
2321,11:25:57,7.24,0.01,33,23892,买盘
2322,11:25:54,7.23,--,108,78084,卖盘
2323,11:25:51,7.23,--,36,26028,卖盘
2324,11:25:48,7.23,--,111,80253,卖盘
2325,11:25:45,7.23,-0.01,17,12291,卖盘
2326,11:25:42,7.24,-0.01,10,7240,中性盘
2327,11:25:39,7.25,--,36,26100,买盘
2328,11:25:36,7.25,0.02,57,41325,买盘
2329,11:25:33,7.23,-0.01,1296,937008,卖盘
2330,11:25:30,7.24,--,683,494492,卖盘
2331,11:25:27,7.24,--,4,2896,卖盘
2332,11:25:24,7.24,--,53,38372,卖盘
2333,11:25:21,7.24,-0.01,54,39096,卖盘
2334,11:25:18,7.25,0.01,218,158050,买盘
2335,11:25:15,7.24,-0.01,513,371412,卖盘
2336,11:25:12,7.25,--,67,48575,买盘
2337,11:25:09,7.25,0.01,1141,827225,买盘
2338,11:25:06,7.24,--,11,7964,卖盘
2339,11:25:03,7.24,--,27,19548,卖盘
2340,11:25:00,7.24,-0.01,644,466256,卖盘
2341,11:24:57,7.25,0.01,44,31900,买盘
2342,11:24:54,7.24,--,64,46336,卖盘
2343,11:24:51,7.24,--,32,23168,卖盘
2344,11:24:48,7.24,--,10,7240,卖盘
2345,11:24:45,7.24,--,10,7240,卖盘
2346,11:24:42,7.24,-0.01,34,24616,卖盘
2347,11:24:39,7.25,0.01,371,268975,买盘
2348,11:24:36,7.24,-0.01,22,15928,卖盘
2349,11:24:33,7.25,0.01,342,247950,买盘
2350,11:24:30,7.24,--,112,81088,卖盘
2351,11:24:27,7.24,-0.01,14,10136,卖盘
2352,11:24:24,7.25,0.01,168,121800,买盘
2353,11:24:21,7.24,-0.01,36,26064,卖盘
2354,11:24:18,7.25,--,11,7975,买盘
2355,11:24:15,7.25,0.01,44,31900,买盘
2356,11:24:12,7.24,-0.01,61,44164,卖盘
2357,11:24:09,7.25,0.01,39,28275,买盘
2358,11:24:06,7.24,--,12,8688,卖盘
2359,11:24:00,7.24,-0.01,30,21720,卖盘
2360,11:23:57,7.25,0.01,17,12325,买盘
2361,11:23:54,7.24,-0.01,107,77468,卖盘
2362,11:23:51,7.25,0.01,38,27550,买盘
2363,11:23:48,7.24,--,1,724,卖盘
2364,11:23:45,7.24,--,13,9412,卖盘
2365,11:23:42,7.24,--,146,105704,卖盘
2366,11:23:39,7.24,--,51,36924,卖盘
2367,11:23:36,7.24,--,46,33304,卖盘
2368,11:23:33,7.24,-0.01,458,331592,卖盘
2369,11:23:30,7.25,--,77,55825,买盘
2370,11:23:27,7.25,0.01,46,33350,买盘
2371,11:23:24,7.24,-0.01,43,31132,卖盘
2372,11:23:21,7.25,--,81,58725,买盘
2373,11:23:18,7.25,0.01,358,259550,买盘
2374,11:23:15,7.24,-0.01,64,46336,卖盘
2375,11:23:12,7.25,0.01,73,52925,买盘
2376,11:23:09,7.24,--,68,49232,卖盘
2377,11:23:06,7.24,--,6,4344,卖盘
2378,11:23:03,7.24,--,72,52128,卖盘
2379,11:23:00,7.24,-0.01,188,136112,卖盘
2380,11:22:57,7.25,0.01,605,438625,买盘
2381,11:22:54,7.24,-0.01,52,37648,卖盘
2382,11:22:51,7.25,--,56,40600,买盘
2383,11:22:48,7.25,--,11,7975,买盘
2384,11:22:45,7.25,--,21,15225,买盘
2385,11:22:42,7.25,--,119,86275,买盘
2386,11:22:39,7.25,--,750,543750,买盘
2387,11:22:36,7.25,0.01,71,51475,买盘
2388,11:22:33,7.24,-0.01,1301,941924,卖盘
2389,11:22:30,7.25,0.01,43,31175,买盘
2390,11:22:27,7.24,--,3,2172,卖盘
2391,11:22:24,7.24,--,19,13756,卖盘
2392,11:22:21,7.24,-0.01,166,120184,卖盘
2393,11:22:18,7.25,--,782,566950,买盘
2394,11:22:15,7.25,--,87,63075,买盘
2395,11:22:12,7.25,0.01,107,77575,买盘
2396,11:22:09,7.24,--,59,42716,卖盘
2397,11:22:06,7.24,--,5,3620,卖盘
2398,11:22:03,7.24,-0.01,160,115840,卖盘
2399,11:22:00,7.25,--,1342,972950,买盘
2400,11:21:57,7.25,--,1033,748925,买盘
2401,11:21:54,7.25,--,113,81925,买盘
2402,11:21:51,7.25,0.01,217,157325,买盘
2403,11:21:48,7.24,--,41,29684,买盘
2404,11:21:45,7.24,0.01,63,45612,中性盘
2405,11:21:42,7.23,-0.01,565,408495,卖盘
2406,11:21:39,7.24,0.01,113,81812,买盘
2407,11:21:36,7.23,-0.02,5,3615,卖盘
2408,11:21:33,7.25,0.01,237,171825,买盘
2409,11:21:30,7.24,--,485,351140,买盘
2410,11:21:27,7.24,0.01,58,41992,买盘
2411,11:21:24,7.23,--,29,20967,卖盘
2412,11:21:21,7.23,-0.01,55,39765,卖盘
2413,11:21:18,7.24,--,20,14480,买盘
2414,11:21:15,7.24,0.01,10,7240,买盘
2415,11:21:12,7.23,--,168,121464,卖盘
2416,11:21:09,7.23,--,30,21690,卖盘
2417,11:21:06,7.23,--,22,15906,卖盘
2418,11:21:03,7.23,--,20,14460,卖盘
2419,11:21:00,7.23,-0.02,5,3615,卖盘
2420,11:20:57,7.25,0.02,42,30450,买盘
2421,11:20:54,7.23,-0.01,1711,1237053,卖盘
2422,11:20:51,7.24,0.01,71,51404,买盘
2423,11:20:45,7.23,--,29,20967,买盘
2424,11:20:42,7.23,0.01,38,27474,买盘
2425,11:20:39,7.22,--,4,2888,卖盘
2426,11:20:36,7.22,-0.02,29,20938,卖盘
2427,11:20:33,7.24,0.02,63,45612,买盘
2428,11:20:30,7.22,-0.01,1119,807918,卖盘
2429,11:20:27,7.23,--,6,4338,卖盘
2430,11:20:24,7.23,0.01,45,32535,中性盘
2431,11:20:21,7.22,-0.02,81,58482,卖盘
2432,11:20:18,7.24,0.01,1049,759476,买盘
2433,11:20:15,7.23,-0.01,28,20244,中性盘
2434,11:20:12,7.24,0.01,212,153488,买盘
2435,11:20:09,7.23,--,28,20244,买盘
2436,11:20:06,7.23,--,48,34704,卖盘
2437,11:20:03,7.23,--,264,190872,卖盘
2438,11:20:00,7.23,-0.01,1136,821328,卖盘
2439,11:19:57,7.24,0.01,24,17376,买盘
2440,11:19:54,7.23,--,474,342702,卖盘
2441,11:19:51,7.23,--,66,47718,卖盘
2442,11:19:48,7.23,--,127,91821,卖盘
2443,11:19:45,7.23,-0.01,69,49887,卖盘
2444,11:19:42,7.24,0.01,49,35476,买盘
2445,11:19:39,7.23,--,556,401988,卖盘
2446,11:19:36,7.23,--,79,57117,卖盘
2447,11:19:33,7.23,--,231,167013,卖盘
2448,11:19:30,7.23,--,31,22413,卖盘
2449,11:19:27,7.23,--,14,10122,卖盘
2450,11:19:24,7.23,0.01,604,436692,买盘
2451,11:19:21,7.22,--,30,21660,卖盘
2452,11:19:18,7.22,--,63,45486,卖盘
2453,11:19:15,7.22,-0.01,8,5776,卖盘
2454,11:19:12,7.23,--,163,117849,买盘
2455,11:19:09,7.23,--,173,125079,买盘
2456,11:19:06,7.23,--,245,177135,卖盘
2457,11:19:03,7.23,--,26,18798,卖盘
2458,11:19:00,7.23,-0.01,64,46272,卖盘
2459,11:18:57,7.24,0.01,49,35476,买盘
2460,11:18:54,7.23,-0.01,81,58563,卖盘
2461,11:18:51,7.24,0.01,355,257020,买盘
2462,11:18:48,7.23,0.01,12,8676,买盘
2463,11:18:45,7.22,-0.01,13,9386,卖盘
2464,11:18:42,7.23,0.01,41,29643,买盘
2465,11:18:39,7.22,-0.01,398,287356,卖盘
2466,11:18:36,7.23,--,32,23136,买盘
2467,11:18:33,7.23,--,11,7953,买盘
2468,11:18:30,7.23,--,181,130863,买盘
2469,11:18:27,7.23,--,817,590691,卖盘
2470,11:18:24,7.23,--,19,13737,卖盘
2471,11:18:21,7.23,-0.01,32,23136,卖盘
2472,11:18:18,7.24,0.02,36,26064,买盘
2473,11:18:15,7.22,-0.02,21,15162,卖盘
2474,11:18:12,7.24,0.01,307,222268,买盘
2475,11:18:09,7.23,0.01,19,13737,买盘
2476,11:18:06,7.22,--,62,44764,卖盘
2477,11:18:03,7.22,-0.01,155,111910,卖盘
2478,11:18:00,7.23,-0.01,31,22413,卖盘
2479,11:17:57,7.24,0.01,34,24616,买盘
2480,11:17:54,7.23,--,128,92544,买盘
2481,11:17:51,7.23,--,49,35427,中性盘
2482,11:17:48,7.23,0.01,158,114234,买盘
2483,11:17:45,7.22,--,544,392768,卖盘
2484,11:17:42,7.22,--,6,4332,卖盘
2485,11:17:39,7.22,-0.01,46,33212,卖盘
2486,11:17:36,7.23,--,11,7953,买盘
2487,11:17:33,7.23,--,15,10845,买盘
2488,11:17:30,7.23,-0.01,125,90375,中性盘
2489,11:17:27,7.24,0.01,627,453948,买盘
2490,11:17:24,7.23,0.01,60,43380,买盘
2491,11:17:21,7.22,-0.01,39,28158,卖盘
2492,11:17:18,7.23,0.01,149,107727,买盘
2493,11:17:15,7.22,--,6,4332,卖盘
2494,11:17:12,7.22,--,82,59204,卖盘
2495,11:17:09,7.22,--,54,38988,卖盘
2496,11:17:06,7.22,--,11,7942,卖盘
2497,11:17:00,7.22,-0.01,31,22382,卖盘
2498,11:16:57,7.23,--,5,3615,买盘
2499,11:16:54,7.23,--,16,11568,卖盘
2500,11:16:51,7.23,-0.01,67,48441,买盘
2501,11:16:48,7.24,0.01,655,474220,买盘
2502,11:16:45,7.23,0.01,152,109896,买盘
2503,11:16:42,7.22,-0.01,26,18772,卖盘
2504,11:16:39,7.23,0.01,102,73746,买盘
2505,11:16:36,7.22,--,5,3610,卖盘
2506,11:16:33,7.22,--,57,41154,卖盘
2507,11:16:30,7.22,--,82,59204,卖盘
2508,11:16:27,7.22,--,4,2888,卖盘
2509,11:16:24,7.22,--,163,117686,卖盘
2510,11:16:21,7.22,-0.02,51,36822,卖盘
2511,11:16:18,7.24,0.02,190,137560,买盘
2512,11:16:15,7.22,-0.01,589,425258,卖盘
2513,11:16:12,7.23,--,10,7230,买盘
2514,11:16:09,7.23,--,42,30366,卖盘
2515,11:16:06,7.23,--,550,397650,卖盘
2516,11:16:03,7.23,--,86,62178,卖盘
2517,11:16:00,7.23,--,34,24582,卖盘
2518,11:15:57,7.23,--,62,44826,卖盘
2519,11:15:51,7.23,--,43,31089,卖盘
2520,11:15:48,7.23,--,63,45549,卖盘
2521,11:15:45,7.23,-0.01,2,1446,卖盘
2522,11:15:42,7.24,0.01,70,50680,买盘
2523,11:15:39,7.23,--,97,70131,卖盘
2524,11:15:36,7.23,--,76,54948,卖盘
2525,11:15:33,7.23,--,6,4338,卖盘
2526,11:15:30,7.23,--,88,63624,卖盘
2527,11:15:27,7.23,--,13,9399,卖盘
2528,11:15:24,7.23,--,112,80976,卖盘
2529,11:15:21,7.23,--,49,35427,卖盘
2530,11:15:18,7.23,-0.01,124,89652,卖盘
2531,11:15:15,7.24,0.01,7,5068,买盘
2532,11:15:12,7.23,--,16,11568,卖盘
2533,11:15:09,7.23,--,41,29643,卖盘
2534,11:15:06,7.23,-0.01,12,8676,卖盘
2535,11:15:03,7.24,0.01,57,41268,买盘
2536,11:15:00,7.23,--,37,26751,卖盘
2537,11:14:57,7.23,-0.01,3,2169,卖盘
2538,11:14:54,7.24,0.01,16,11584,买盘
2539,11:14:51,7.23,-0.01,61,44103,卖盘
2540,11:14:48,7.24,0.01,116,83984,买盘
2541,11:14:45,7.23,-0.01,12,8676,卖盘
2542,11:14:42,7.24,0.01,112,81088,买盘
2543,11:14:39,7.23,--,33,23859,卖盘
2544,11:14:36,7.23,--,57,41211,卖盘
2545,11:14:33,7.23,--,106,76638,卖盘
2546,11:14:30,7.23,--,45,32535,卖盘
2547,11:14:27,7.23,--,75,54225,卖盘
2548,11:14:24,7.23,--,66,47718,卖盘
2549,11:14:21,7.23,--,55,39765,卖盘
2550,11:14:18,7.23,--,116,83868,卖盘
2551,11:14:15,7.23,--,512,370176,卖盘
2552,11:14:12,7.23,--,34,24582,卖盘
2553,11:14:09,7.23,--,32,23136,卖盘
2554,11:14:06,7.23,--,209,151107,卖盘
2555,11:14:03,7.23,-0.01,19,13737,卖盘
2556,11:14:00,7.24,--,38,27512,买盘
2557,11:13:57,7.24,0.01,414,299736,买盘
2558,11:13:54,7.23,--,30,21690,卖盘
2559,11:13:51,7.23,-0.01,31,22413,卖盘
2560,11:13:48,7.24,0.01,93,67332,买盘
2561,11:13:45,7.23,-0.01,2,1446,卖盘
2562,11:13:42,7.24,0.01,71,51404,买盘
2563,11:13:39,7.23,--,34,24582,卖盘
2564,11:13:36,7.23,-0.01,45,32535,卖盘
2565,11:13:33,7.24,--,38,27512,买盘
2566,11:13:30,7.24,0.01,96,69504,买盘
2567,11:13:27,7.23,0.01,146,105558,买盘
2568,11:13:24,7.22,--,5,3610,卖盘
2569,11:13:21,7.22,--,177,127794,卖盘
2570,11:13:18,7.22,--,4,2888,卖盘
2571,11:13:15,7.22,-0.01,68,49096,卖盘
2572,11:13:12,7.23,-0.01,28,20244,卖盘
2573,11:13:09,7.24,0.01,66,47784,买盘
2574,11:13:06,7.23,0.01,9,6507,卖盘
2575,11:13:03,7.22,-0.01,26,18772,卖盘
2576,11:13:00,7.23,--,195,140985,买盘
2577,11:12:57,7.23,0.01,60,43380,买盘
2578,11:12:54,7.22,-0.01,15,10830,卖盘
2579,11:12:51,7.23,0.01,88,63624,买盘
2580,11:12:48,7.22,--,65,46930,卖盘
2581,11:12:45,7.22,-0.01,2,1444,卖盘
2582,11:12:42,7.23,--,17,12291,买盘
2583,11:12:39,7.23,--,283,204609,卖盘
2584,11:12:36,7.23,--,12,8676,卖盘
2585,11:12:33,7.23,-0.01,11,7953,卖盘
2586,11:12:30,7.24,0.01,82,59368,买盘
2587,11:12:27,7.23,-0.01,125,90375,卖盘
2588,11:12:24,7.24,0.01,7,5068,买盘
2589,11:12:21,7.23,-0.01,244,176412,卖盘
2590,11:12:18,7.24,0.01,90,65160,买盘
2591,11:12:15,7.23,--,769,555987,卖盘
2592,11:12:12,7.23,--,208,150384,卖盘
2593,11:12:09,7.23,-0.01,194,140262,卖盘
2594,11:12:06,7.24,0.01,8,5792,买盘
2595,11:12:03,7.23,--,40,28920,卖盘
2596,11:12:00,7.23,--,50,36150,卖盘
2597,11:11:57,7.23,-0.01,4,2892,卖盘
2598,11:11:54,7.24,0.01,33,23892,买盘
2599,11:11:51,7.23,--,241,174243,卖盘
2600,11:11:48,7.23,--,113,81699,卖盘
2601,11:11:45,7.23,0.01,271,195933,买盘
2602,11:11:42,7.22,--,27,19494,卖盘
2603,11:11:39,7.22,--,111,80142,卖盘
2604,11:11:36,7.22,--,5,3610,卖盘
2605,11:11:33,7.22,-0.01,3,2166,卖盘
2606,11:11:30,7.23,--,172,124356,买盘
2607,11:11:27,7.23,--,260,187980,卖盘
2608,11:11:24,7.23,--,50,36150,卖盘
2609,11:11:21,7.23,--,177,127971,卖盘
2610,11:11:18,7.23,--,4,2892,卖盘
2611,11:11:15,7.23,--,213,153999,卖盘
2612,11:11:12,7.23,0.01,80,57840,买盘
2613,11:11:09,7.22,-0.01,39,28158,卖盘
2614,11:11:06,7.23,--,196,141708,买盘
2615,11:11:03,7.23,--,320,231909,卖盘
2616,11:11:00,7.23,--,140,101220,卖盘
2617,11:10:57,7.23,0.01,219,158510,买盘
2618,11:10:54,7.22,--,14,10108,卖盘
2619,11:10:51,7.22,-0.01,121,87910,卖盘
2620,11:10:48,7.23,0.01,187,135374,买盘
2621,11:10:45,7.22,--,21,15162,卖盘
2622,11:10:42,7.22,--,126,90972,卖盘
2623,11:10:39,7.22,-0.01,45,32490,卖盘
2624,11:10:36,7.23,0.01,139,100497,买盘
2625,11:10:33,7.22,-0.01,4,2888,卖盘
2626,11:10:30,7.23,0.01,135,97605,买盘
2627,11:10:27,7.22,-0.01,5,3610,卖盘
2628,11:10:24,7.23,--,91,65793,买盘
2629,11:10:21,7.23,0.01,12,8676,买盘
2630,11:10:18,7.22,--,664,479408,卖盘
2631,11:10:15,7.22,--,20,14440,卖盘
2632,11:10:12,7.22,--,4,2888,卖盘
2633,11:10:09,7.22,-0.01,30,21660,卖盘
2634,11:10:06,7.23,--,7,5061,买盘
2635,11:10:03,7.23,--,106,76638,买盘
2636,11:10:00,7.23,0.01,78,56394,买盘
2637,11:09:57,7.22,--,16,11552,卖盘
2638,11:09:54,7.22,--,228,164616,卖盘
2639,11:09:51,7.22,--,53,38266,卖盘
2640,11:09:48,7.22,-0.01,76,54872,卖盘
2641,11:09:45,7.23,--,62,44826,买盘
2642,11:09:42,7.23,--,232,167736,买盘
2643,11:09:39,7.23,--,112,80976,买盘
2644,11:09:36,7.23,--,293,212388,卖盘
2645,11:09:33,7.23,--,295,213285,卖盘
2646,11:09:30,7.23,--,241,174243,卖盘
2647,11:09:27,7.23,-0.01,933,674559,卖盘
2648,11:09:24,7.24,0.01,210,152040,买盘
2649,11:09:21,7.23,--,205,148215,卖盘
2650,11:09:18,7.23,--,62,44826,卖盘
2651,11:09:15,7.23,--,5,3615,卖盘
2652,11:09:12,7.23,--,5,3615,卖盘
2653,11:09:09,7.23,--,33,23859,卖盘
2654,11:09:06,7.23,--,56,40488,卖盘
2655,11:09:03,7.23,--,127,91821,卖盘
2656,11:09:00,7.23,-0.01,30,21690,卖盘
2657,11:08:57,7.24,0.01,52,37648,买盘
2658,11:08:54,7.23,-0.01,500,361500,卖盘
2659,11:08:51,7.24,0.01,16,11584,买盘
2660,11:08:48,7.23,0.01,1007,728234,买盘
2661,11:08:45,7.22,-0.01,128,92416,卖盘
2662,11:08:42,7.23,0.01,129,93267,买盘
2663,11:08:39,7.22,--,182,131404,卖盘
2664,11:08:36,7.22,--,6,4332,卖盘
2665,11:08:33,7.22,--,107,77254,卖盘
2666,11:08:30,7.22,--,233,168226,卖盘
2667,11:08:27,7.22,-0.01,63,45486,卖盘
2668,11:08:24,7.23,0.01,89,64347,买盘
2669,11:08:21,7.22,--,5,3610,卖盘
2670,11:08:18,7.22,--,206,148732,卖盘
2671,11:08:15,7.22,--,442,319124,卖盘
2672,11:08:12,7.22,-0.01,12,8664,卖盘
2673,11:08:09,7.23,0.01,191,138093,买盘
2674,11:08:06,7.22,--,497,358834,卖盘
2675,11:08:03,7.22,--,6,4332,卖盘
2676,11:08:00,7.22,--,86,62092,卖盘
2677,11:07:57,7.22,-0.01,52,37544,卖盘
2678,11:07:54,7.23,0.01,115,83145,买盘
2679,11:07:51,7.22,--,12,8664,卖盘
2680,11:07:48,7.22,--,34,24548,卖盘
2681,11:07:45,7.22,--,11,7942,卖盘
2682,11:07:42,7.22,--,36,25992,卖盘
2683,11:07:39,7.22,0.01,279,201582,买盘
2684,11:07:36,7.21,--,686,494606,卖盘
2685,11:07:33,7.21,-0.01,5,3605,卖盘
2686,11:07:30,7.22,0.01,104,75088,买盘
2687,11:07:27,7.21,-0.01,12,8652,卖盘
2688,11:07:24,7.22,0.01,129,93138,买盘
2689,11:07:21,7.21,--,5,3605,卖盘
2690,11:07:18,7.21,-0.01,198,142758,卖盘
2691,11:07:15,7.22,--,16,11552,买盘
2692,11:07:12,7.22,0.01,19,13718,买盘
2693,11:07:09,7.21,-0.01,31,22351,卖盘
2694,11:07:06,7.22,--,148,106856,买盘
2695,11:07:03,7.22,0.01,34,24548,买盘
2696,11:07:00,7.21,--,30,21630,卖盘
2697,11:06:57,7.21,--,8,5768,卖盘
2698,11:06:54,7.21,-0.01,78,56238,卖盘
2699,11:06:51,7.22,0.01,67,48374,买盘
2700,11:06:48,7.21,-0.01,53,38213,卖盘
2701,11:06:45,7.22,0.01,69,49818,买盘
2702,11:06:42,7.21,-0.01,26,18746,卖盘
2703,11:06:39,7.22,--,52,37544,买盘
2704,11:06:36,7.22,--,64,46208,买盘
2705,11:06:33,7.22,0.01,138,99636,买盘
2706,11:06:30,7.21,--,110,79310,卖盘
2707,11:06:27,7.21,--,8,5768,卖盘
2708,11:06:24,7.21,-0.01,94,67774,卖盘
2709,11:06:21,7.22,0.01,24,17328,买盘
2710,11:06:18,7.21,-0.01,139,100219,中性盘
2711,11:06:15,7.22,0.01,4040,2916880,买盘
2712,11:06:12,7.21,0.01,24,17304,买盘
2713,11:06:09,7.2,--,46,33120,卖盘
2714,11:06:06,7.2,-0.01,86,61920,卖盘
2715,11:06:03,7.21,0.01,8,5768,买盘
2716,11:06:00,7.2,--,52,37440,卖盘
2717,11:05:57,7.2,--,116,83520,卖盘
2718,11:05:54,7.2,--,95,68400,卖盘
2719,11:05:51,7.2,--,15,10800,卖盘
2720,11:05:48,7.2,--,30,21600,卖盘
2721,11:05:45,7.2,--,35,25200,卖盘
2722,11:05:42,7.2,-0.01,118,84960,卖盘
2723,11:05:39,7.21,--,54,38934,买盘
2724,11:05:36,7.21,--,54,38934,买盘
2725,11:05:33,7.21,--,49,35329,买盘
2726,11:05:30,7.21,0.01,42,30282,买盘
2727,11:05:27,7.2,--,38,27360,卖盘
2728,11:05:24,7.2,--,78,56160,卖盘
2729,11:05:21,7.2,--,63,45360,卖盘
2730,11:05:18,7.2,--,84,60480,卖盘
2731,11:05:15,7.2,-0.01,5,3600,卖盘
2732,11:05:12,7.21,--,10,7210,买盘
2733,11:05:09,7.21,0.01,68,49028,买盘
2734,11:05:06,7.2,--,73,52560,卖盘
2735,11:05:03,7.2,-0.01,35,25200,卖盘
2736,11:05:00,7.21,0.01,116,83636,买盘
2737,11:04:57,7.2,--,1056,760320,卖盘
2738,11:04:54,7.2,--,202,145440,卖盘
2739,11:04:51,7.2,-0.01,98,70560,卖盘
2740,11:04:48,7.21,0.01,60,43260,买盘
2741,11:04:45,7.2,-0.01,26,18720,卖盘
2742,11:04:42,7.21,--,149,107429,买盘
2743,11:04:39,7.21,--,137,98777,买盘
2744,11:04:36,7.21,--,96,69216,买盘
2745,11:04:33,7.21,0.01,10,7210,买盘
2746,11:04:30,7.2,-0.01,83,59760,卖盘
2747,11:04:27,7.21,--,119,85799,买盘
2748,11:04:24,7.21,0.01,21,15141,买盘
2749,11:04:21,7.2,--,39,28080,卖盘
2750,11:04:18,7.2,-0.01,110,79200,卖盘
2751,11:04:15,7.21,0.01,92,66332,买盘
2752,11:04:12,7.2,-0.01,5,3600,卖盘
2753,11:04:09,7.21,0.01,61,43981,买盘
2754,11:04:06,7.2,--,28,20160,卖盘
2755,11:04:03,7.2,-0.01,23,16560,卖盘
2756,11:04:00,7.21,0.01,50,36050,买盘
2757,11:03:57,7.2,-0.01,32,23040,卖盘
2758,11:03:54,7.21,--,79,56959,买盘
2759,11:03:51,7.21,--,100,72100,买盘
2760,11:03:48,7.21,--,91,65611,买盘
2761,11:03:45,7.21,--,98,70658,买盘
2762,11:03:42,7.21,--,146,105266,买盘
2763,11:03:39,7.21,--,82,59122,买盘
2764,11:03:36,7.21,0.01,65,46865,买盘
2765,11:03:30,7.2,--,10,7200,卖盘
2766,11:03:27,7.2,--,44,31680,卖盘
2767,11:03:24,7.2,--,221,159120,卖盘
2768,11:03:21,7.2,0.01,1559,1122912,买盘
2769,11:03:18,7.19,--,236,169684,卖盘
2770,11:03:15,7.19,--,30,21570,卖盘
2771,11:03:12,7.19,-0.01,68,48892,卖盘
2772,11:03:09,7.2,--,191,137520,买盘
2773,11:03:06,7.2,0.01,105,75600,买盘
2774,11:03:03,7.19,-0.01,55,39545,卖盘
2775,11:03:00,7.2,0.01,20,14400,买盘
2776,11:02:57,7.19,--,110,79090,卖盘
2777,11:02:54,7.19,--,143,102817,卖盘
2778,11:02:51,7.19,--,100,71900,卖盘
2779,11:02:48,7.19,--,46,33074,卖盘
2780,11:02:45,7.19,-0.01,40,28760,卖盘
2781,11:02:42,7.2,--,6,4320,买盘
2782,11:02:39,7.2,0.01,46,33120,买盘
2783,11:02:36,7.19,-0.01,105,75495,卖盘
2784,11:02:33,7.2,0.01,2156,1552320,买盘
2785,11:02:30,7.19,--,812,583828,卖盘
2786,11:02:27,7.19,--,103,74057,卖盘
2787,11:02:24,7.19,--,55,39545,卖盘
2788,11:02:21,7.19,-0.01,5,3595,卖盘
2789,11:02:18,7.2,--,114,82080,买盘
2790,11:02:15,7.2,0.01,171,123120,买盘
2791,11:02:12,7.19,--,1004,721876,卖盘
2792,11:02:09,7.19,--,48,34512,卖盘
2793,11:02:06,7.19,--,12,8628,卖盘
2794,11:02:03,7.19,--,1,719,卖盘
2795,11:01:57,7.19,--,50,35950,卖盘
2796,11:01:54,7.19,--,213,153147,卖盘
2797,11:01:51,7.19,--,94,67586,卖盘
2798,11:01:48,7.19,-0.01,30,21570,卖盘
2799,11:01:45,7.2,0.01,18,12960,买盘
2800,11:01:42,7.19,-0.01,8,5752,卖盘
2801,11:01:39,7.2,0.01,54,38880,买盘
2802,11:01:36,7.19,--,29,20851,卖盘
2803,11:01:33,7.19,-0.01,156,112164,卖盘
2804,11:01:30,7.2,0.01,17,12240,买盘
2805,11:01:27,7.19,-0.01,41,29479,卖盘
2806,11:01:24,7.2,0.01,217,156240,买盘
2807,11:01:21,7.19,--,6,4314,卖盘
2808,11:01:18,7.19,--,91,65429,卖盘
2809,11:01:15,7.19,--,46,33074,卖盘
2810,11:01:12,7.19,-0.01,6,4314,卖盘
2811,11:01:09,7.2,--,100,72000,买盘
2812,11:01:06,7.2,--,104,74880,买盘
2813,11:01:03,7.2,0.01,44,31680,买盘
2814,11:01:00,7.19,--,511,367409,卖盘
2815,11:00:57,7.19,--,43,30917,卖盘
2816,11:00:54,7.19,--,82,58958,卖盘
2817,11:00:51,7.19,--,80,57520,卖盘
2818,11:00:48,7.19,--,51,36669,卖盘
2819,11:00:45,7.19,-0.01,27,19413,卖盘
2820,11:00:42,7.2,--,40,28800,买盘
2821,11:00:39,7.2,0.01,54,38880,买盘
2822,11:00:36,7.19,-0.01,1,719,卖盘
2823,11:00:33,7.2,0.01,16,11520,买盘
2824,11:00:30,7.19,--,38,27322,卖盘
2825,11:00:27,7.19,--,61,43859,卖盘
2826,11:00:24,7.19,--,130,93470,卖盘
2827,11:00:21,7.19,--,7,5033,卖盘
2828,11:00:18,7.19,-0.01,320,230080,卖盘
2829,11:00:15,7.2,--,3266,2351520,买盘
2830,11:00:12,7.2,0.01,528,380160,买盘
2831,11:00:09,7.19,-0.01,37,26603,卖盘
2832,11:00:06,7.2,--,106,76320,买盘
2833,11:00:03,7.2,0.01,10,7200,买盘
2834,11:00:00,7.19,--,555,399045,卖盘
2835,10:59:57,7.19,--,36,25884,卖盘
2836,10:59:54,7.19,--,133,95627,卖盘
2837,10:59:51,7.19,-0.01,84,60396,卖盘
2838,10:59:48,7.2,0.01,83,59760,买盘
2839,10:59:45,7.19,--,8,5752,卖盘
2840,10:59:42,7.19,-0.01,24,17256,卖盘
2841,10:59:39,7.2,0.01,1211,871920,买盘
2842,10:59:36,7.19,-0.01,2,1438,卖盘
2843,10:59:33,7.2,0.01,19,13680,买盘
2844,10:59:30,7.19,--,10,7190,卖盘
2845,10:59:27,7.19,-0.01,43,30917,卖盘
2846,10:59:24,7.2,0.01,217,156240,买盘
2847,10:59:21,7.19,--,27,19413,卖盘
2848,10:59:18,7.19,--,78,56082,卖盘
2849,10:59:15,7.19,-0.01,205,147395,卖盘
2850,10:59:12,7.2,0.01,17,12240,买盘
2851,10:59:09,7.19,--,35,25165,卖盘
2852,10:59:06,7.19,-0.01,9,6471,卖盘
2853,10:59:03,7.2,0.01,30,21600,买盘
2854,10:59:00,7.19,--,36,25884,卖盘
2855,10:58:57,7.19,-0.01,97,69743,卖盘
2856,10:58:54,7.2,0.01,199,143280,买盘
2857,10:58:51,7.19,--,80,57520,卖盘
2858,10:58:48,7.19,--,45,32355,卖盘
2859,10:58:45,7.19,--,4,2876,卖盘
2860,10:58:42,7.19,-0.01,22,15818,卖盘
2861,10:58:39,7.2,0.01,51,36720,买盘
2862,10:58:36,7.19,--,66,47454,卖盘
2863,10:58:33,7.19,--,17,12223,卖盘
2864,10:58:30,7.19,--,45,32355,卖盘
2865,10:58:27,7.19,--,37,26603,卖盘
2866,10:58:24,7.19,--,102,73338,卖盘
2867,10:58:21,7.19,--,12,8628,卖盘
2868,10:58:18,7.19,--,167,120073,卖盘
