,time,price,change,volume,amount,type
0,15:00:03,11.6,--,4728,5484572,卖盘
1,14:57:00,11.6,-0.01,294,341040,卖盘
2,14:56:57,11.61,--,375,435375,买盘
3,14:56:54,11.61,0.01,465,539865,买盘
4,14:56:51,11.6,-0.01,54,63034,卖盘
5,14:56:48,11.61,--,66,76626,卖盘
6,14:56:45,11.61,--,141,163701,卖盘
7,14:56:42,11.61,-0.01,103,119583,卖盘
8,14:56:39,11.62,0.01,60,69720,买盘
9,14:56:36,11.61,-0.01,29,33669,卖盘
10,14:56:33,11.62,--,37,42994,买盘
11,14:56:30,11.62,0.01,29,33698,买盘
12,14:56:27,11.61,-0.01,276,320436,卖盘
13,14:56:24,11.62,0.01,15,17430,买盘
14,14:56:21,11.61,--,7,8127,卖盘
15,14:56:18,11.61,--,149,172989,卖盘
16,14:56:15,11.61,--,183,212741,卖盘
17,14:56:12,11.61,-0.01,20,23220,卖盘
18,14:56:09,11.62,0.01,27,31373,买盘
19,14:56:06,11.61,-0.01,30,34830,卖盘
20,14:56:03,11.62,0.01,72,83664,买盘
21,14:56:00,11.61,-0.01,12,13932,卖盘
22,14:55:57,11.62,--,1167,1356216,卖盘
23,14:55:54,11.62,--,18,20916,卖盘
24,14:55:51,11.62,--,1066,1239691,买盘
25,14:55:48,11.62,0.01,572,664826,买盘
26,14:55:45,11.61,--,31,35991,卖盘
27,14:55:42,11.61,--,510,592121,卖盘
28,14:55:39,11.61,--,103,119583,卖盘
29,14:55:36,11.61,-0.01,18,20898,卖盘
30,14:55:33,11.62,0.01,181,210322,买盘
31,14:55:30,11.61,-0.01,55,63855,卖盘
32,14:55:27,11.62,0.01,5,5810,买盘
33,14:55:24,11.61,-0.01,43,49923,卖盘
34,14:55:21,11.62,--,218,253315,卖盘
35,14:55:18,11.62,--,63,73206,卖盘
36,14:55:15,11.62,0.01,11,12782,中性盘
37,14:55:12,11.61,-0.01,62,71982,卖盘
38,14:55:09,11.62,-0.01,51,59261,中性盘
39,14:55:06,11.63,0.01,211,245393,买盘
40,14:55:03,11.62,--,72,83664,卖盘
41,14:55:00,11.62,--,29,33698,卖盘
42,14:54:57,11.62,0.01,348,404376,买盘
43,14:54:54,11.61,-0.01,140,162540,卖盘
44,14:54:51,11.62,--,5,5810,买盘
45,14:54:45,11.62,--,192,223103,买盘
46,14:54:42,11.62,--,59,68558,买盘
47,14:54:33,11.62,--,50,58099,买盘
48,14:54:30,11.62,--,21,24402,买盘
49,14:54:27,11.62,0.01,69,80178,买盘
50,14:54:24,11.61,--,38,44118,卖盘
51,14:54:21,11.61,--,133,154413,卖盘
52,14:54:18,11.61,-0.01,2,2322,卖盘
53,14:54:15,11.62,--,67,77854,买盘
54,14:54:12,11.62,--,742,862204,买盘
55,14:54:09,11.62,--,9,10458,买盘
56,14:54:06,11.62,0.01,46,53452,买盘
57,14:54:03,11.61,-0.01,175,203175,卖盘
58,14:54:00,11.62,-0.01,1520,1766239,卖盘
59,14:53:57,11.63,--,73,84899,买盘
60,14:53:54,11.63,0.01,90,104670,买盘
61,14:53:48,11.62,--,9,10458,卖盘
62,14:53:45,11.62,-0.01,9,10458,卖盘
63,14:53:42,11.63,--,135,157005,买盘
64,14:53:39,11.63,0.01,44,51172,买盘
65,14:53:36,11.62,--,235,274057,买盘
66,14:53:33,11.62,--,89,103418,买盘
67,14:53:27,11.62,-0.01,115,133804,卖盘
68,14:53:24,11.63,--,179,208177,买盘
69,14:53:21,11.63,0.01,409,475667,买盘
70,14:53:18,11.62,-0.01,35,40670,卖盘
71,14:53:15,11.63,--,65,75595,买盘
72,14:53:12,11.63,--,2,2326,买盘
73,14:53:09,11.63,0.01,40,46520,买盘
74,14:53:06,11.62,--,26,30211,卖盘
75,14:53:03,11.62,-0.01,10,12607,卖盘
76,14:53:00,11.63,--,178,207014,买盘
77,14:52:57,11.63,0.01,35,40705,卖盘
78,14:52:54,11.62,--,56,65071,卖盘
79,14:52:51,11.62,-0.01,52,60423,卖盘
80,14:52:48,11.63,0.01,2005,2331815,中性盘
81,14:52:45,11.62,-0.01,150,174300,卖盘
82,14:52:42,11.63,--,9,10467,卖盘
83,14:52:39,11.63,-0.01,19,22097,卖盘
84,14:52:36,11.64,0.01,66,76824,买盘
85,14:52:33,11.63,--,130,151190,卖盘
86,14:52:30,11.63,--,158,183754,卖盘
87,14:52:24,11.63,--,9,10467,卖盘
88,14:52:21,11.63,-0.01,76,88388,卖盘
89,14:52:18,11.64,0.01,14,16296,买盘
90,14:52:15,11.63,0.01,651,757113,买盘
91,14:52:12,11.62,--,1,1162,卖盘
92,14:52:09,11.62,-0.01,10,11620,卖盘
93,14:52:06,11.63,0.01,71,82573,买盘
94,14:52:03,11.62,--,38,44156,卖盘
95,14:52:00,11.62,--,12,13943,卖盘
96,14:51:57,11.62,-0.01,9,10458,卖盘
97,14:51:54,11.63,--,158,183754,买盘
98,14:51:51,11.63,0.01,7,8141,买盘
99,14:51:48,11.62,--,20,23240,卖盘
100,14:51:45,11.62,--,18,20916,卖盘
101,14:51:42,11.62,-0.01,168,195216,卖盘
102,14:51:39,11.63,0.01,23,26749,买盘
103,14:51:36,11.62,--,16,18592,卖盘
104,14:51:33,11.62,-0.01,81,94122,卖盘
105,14:51:30,11.63,--,13,15119,买盘
106,14:51:27,11.63,--,36,41868,买盘
107,14:51:24,11.63,--,89,103507,买盘
108,14:51:21,11.63,--,11,12793,买盘
109,14:51:15,11.63,0.01,12,13956,买盘
110,14:51:12,11.62,--,10,11620,卖盘
111,14:51:09,11.62,--,24,27887,卖盘
112,14:51:06,11.62,--,35,40670,卖盘
113,14:51:00,11.62,--,9,10458,卖盘
114,14:50:57,11.62,--,139,161518,卖盘
115,14:50:54,11.62,--,3,3485,卖盘
116,14:50:51,11.62,--,73,84826,卖盘
117,14:50:48,11.62,-0.01,150,174300,卖盘
118,14:50:45,11.63,0.01,3,3489,买盘
119,14:50:42,11.62,--,13,15105,卖盘
120,14:50:39,11.62,--,71,82502,卖盘
121,14:50:36,11.62,-0.01,152,176624,卖盘
122,14:50:33,11.63,0.01,22,25586,买盘
123,14:50:30,11.62,-0.01,74,85988,卖盘
124,14:50:27,11.63,0.01,18,20934,买盘
125,14:50:24,11.62,--,63,73206,卖盘
126,14:50:21,11.62,--,49,56937,卖盘
127,14:50:18,11.62,--,11,12782,卖盘
128,14:50:15,11.62,--,7,8133,卖盘
129,14:50:12,11.62,-0.01,25,29049,卖盘
130,14:50:09,11.63,--,48,55824,买盘
131,14:50:06,11.63,--,18,20934,买盘
132,14:50:03,11.63,0.01,28,32564,买盘
133,14:50:00,11.62,--,41,47642,卖盘
134,14:49:57,11.62,-0.01,192,223103,卖盘
135,14:49:54,11.63,0.01,14,16282,买盘
136,14:49:51,11.62,--,18,20916,卖盘
137,14:49:48,11.62,--,11,12782,卖盘
138,14:49:45,11.62,--,140,162680,卖盘
139,14:49:42,11.62,--,63,73206,卖盘
140,14:49:39,11.62,--,53,61585,卖盘
141,14:49:36,11.62,--,298,346276,卖盘
142,14:49:33,11.62,--,9,10458,卖盘
143,14:49:30,11.62,-0.01,83,96446,卖盘
144,14:49:27,11.63,--,456,530328,买盘
145,14:49:24,11.63,0.01,45,52335,买盘
146,14:49:21,11.62,--,116,134792,卖盘
147,14:49:18,11.62,-0.01,41,47642,卖盘
148,14:49:15,11.63,0.01,27,31401,买盘
149,14:49:12,11.62,--,297,345114,卖盘
150,14:49:09,11.62,-0.01,61,70882,卖盘
151,14:49:06,11.63,--,18,20934,买盘
152,14:49:03,11.63,--,283,329129,买盘
153,14:49:00,11.63,--,1,1163,买盘
154,14:48:57,11.63,0.01,5,5815,买盘
155,14:48:54,11.62,-0.01,174,203326,卖盘
156,14:48:51,11.63,--,93,108159,卖盘
157,14:48:48,11.63,--,92,107019,买盘
158,14:48:45,11.63,--,164,191871,卖盘
159,14:48:39,11.63,-0.01,0,23,中性盘
160,14:48:36,11.64,0.01,217,252588,买盘
161,14:48:33,11.63,--,14,16282,卖盘
162,14:48:30,11.63,-0.01,250,290750,卖盘
163,14:48:27,11.64,0.01,11,12804,买盘
164,14:48:24,11.63,--,48,55824,卖盘
165,14:48:21,11.63,--,303,352389,卖盘
166,14:48:18,11.63,-0.01,62,72106,卖盘
167,14:48:15,11.64,0.01,30,34920,买盘
168,14:48:12,11.63,--,9,10467,卖盘
169,14:48:09,11.63,--,5,5815,卖盘
170,14:48:06,11.63,--,87,101181,卖盘
171,14:48:03,11.63,--,18,20934,卖盘
172,14:48:00,11.63,--,159,184917,卖盘
173,14:47:57,11.63,--,28,32564,卖盘
174,14:47:54,11.63,--,52,60476,卖盘
175,14:47:51,11.63,--,41,47683,卖盘
176,14:47:48,11.63,--,1,1163,卖盘
177,14:47:45,11.63,--,9,10467,卖盘
178,14:47:42,11.63,--,123,143049,卖盘
179,14:47:39,11.63,--,37,43031,卖盘
180,14:47:36,11.63,-0.01,19,22097,卖盘
181,14:47:33,11.64,0.01,162,188568,买盘
182,14:47:30,11.63,-0.01,13,15119,卖盘
183,14:47:27,11.64,--,10,11640,买盘
184,14:47:24,11.64,--,3,3492,买盘
185,14:47:21,11.64,0.01,14,16296,买盘
186,14:47:18,11.63,--,62,72106,卖盘
187,14:47:15,11.63,--,16,18608,卖盘
188,14:47:12,11.63,-0.01,39,45357,卖盘
189,14:47:09,11.64,0.01,60,69840,买盘
190,14:47:06,11.63,--,19,22097,卖盘
191,14:47:03,11.63,--,5,5815,卖盘
192,14:47:00,11.63,--,102,118626,卖盘
193,14:46:57,11.63,--,49,56987,卖盘
194,14:46:54,11.63,--,21,24423,卖盘
195,14:46:51,11.63,-0.01,59,68617,卖盘
196,14:46:48,11.64,--,100,116400,买盘
197,14:46:45,11.64,--,16,18624,买盘
198,14:46:42,11.64,0.01,14,16296,买盘
199,14:46:39,11.63,-0.01,173,201199,卖盘
200,14:46:36,11.64,--,71,82644,买盘
201,14:46:33,11.64,0.01,144,167616,买盘
202,14:46:30,11.63,-0.02,65,75595,卖盘
203,14:46:24,11.65,0.01,50,58250,买盘
204,14:46:21,11.64,--,270,314280,卖盘
205,14:46:18,11.64,--,116,135024,卖盘
206,14:46:15,11.64,--,22,25608,卖盘
207,14:46:12,11.64,--,107,124548,卖盘
208,14:46:09,11.64,-0.01,7,8148,卖盘
209,14:46:06,11.65,0.01,63,73395,买盘
210,14:46:03,11.64,--,2,2328,卖盘
211,14:46:00,11.64,--,526,612264,买盘
212,14:45:57,11.64,0.01,139,161796,买盘
213,14:45:54,11.63,-0.01,26,30238,卖盘
214,14:45:51,11.64,--,28,32592,买盘
215,14:45:48,11.64,--,56,65184,买盘
216,14:45:45,11.64,--,36,41904,买盘
217,14:45:42,11.64,0.01,12,13968,买盘
218,14:45:39,11.63,-0.01,268,311684,卖盘
219,14:45:36,11.64,0.01,277,322428,买盘
220,14:45:33,11.63,--,227,264001,卖盘
221,14:45:30,11.63,-0.01,2,2326,卖盘
222,14:45:27,11.64,0.01,182,211848,买盘
223,14:45:24,11.63,--,2,2326,卖盘
224,14:45:21,11.63,--,118,137234,卖盘
225,14:45:18,11.63,--,11,12793,卖盘
226,14:45:15,11.63,--,49,56987,卖盘
227,14:45:12,11.63,-0.01,2,2326,卖盘
228,14:45:09,11.64,--,8,9312,买盘
229,14:45:06,11.64,--,83,96612,买盘
230,14:45:03,11.64,--,15,17460,买盘
231,14:45:00,11.64,--,269,313116,买盘
232,14:44:57,11.64,0.01,2,2328,买盘
233,14:44:54,11.63,-0.01,2,2326,卖盘
234,14:44:51,11.64,--,57,66348,买盘
235,14:44:48,11.64,--,64,74496,买盘
236,14:44:45,11.64,--,12,13968,买盘
237,14:44:42,11.64,0.01,62,72168,买盘
238,14:44:39,11.63,--,80,93040,卖盘
239,14:44:36,11.63,--,269,312847,卖盘
240,14:44:33,11.63,-0.01,3,3489,卖盘
241,14:44:30,11.64,0.01,55,64020,买盘
242,14:44:27,11.63,--,2,2326,卖盘
243,14:44:24,11.63,-0.01,61,70943,卖盘
244,14:44:21,11.64,0.01,229,266556,买盘
245,14:44:15,11.63,--,25,29075,卖盘
246,14:44:12,11.63,-0.01,86,100018,卖盘
247,14:44:09,11.64,0.01,5,5820,买盘
248,14:44:06,11.63,--,118,137234,卖盘
249,14:44:03,11.63,--,263,305869,卖盘
250,14:44:00,11.63,--,232,269816,卖盘
251,14:43:57,11.63,-0.01,20,23260,卖盘
252,14:43:54,11.64,0.01,44,51216,买盘
253,14:43:51,11.63,--,85,98855,卖盘
254,14:43:48,11.63,--,114,132582,卖盘
255,14:43:45,11.63,-0.01,20,23260,卖盘
256,14:43:42,11.64,0.01,33,38412,买盘
257,14:43:39,11.63,--,210,244230,卖盘
258,14:43:36,11.63,0.01,538,625694,买盘
259,14:43:33,11.62,--,100,116199,卖盘
260,14:43:30,11.62,-0.01,137,159194,卖盘
261,14:43:24,11.63,--,139,161657,卖盘
262,14:43:21,11.63,--,331,384953,卖盘
263,14:43:18,11.63,--,182,211666,卖盘
264,14:43:15,11.63,--,116,134908,卖盘
265,14:43:12,11.63,0.01,853,992039,买盘
266,14:43:09,11.62,--,128,148736,卖盘
267,14:43:03,11.62,--,9,10458,卖盘
268,14:43:00,11.62,-0.01,290,336980,卖盘
269,14:42:54,11.63,0.01,60,69780,买盘
270,14:42:51,11.62,--,202,234723,卖盘
271,14:42:48,11.62,--,183,212646,卖盘
272,14:42:45,11.62,-0.01,9,10458,卖盘
273,14:42:42,11.63,--,115,133745,买盘
274,14:42:39,11.63,--,19,22097,买盘
275,14:42:36,11.63,--,32,37216,买盘
276,14:42:33,11.63,0.01,141,163983,买盘
277,14:42:30,11.62,--,20,23240,卖盘
278,14:42:27,11.62,--,2,2324,卖盘
279,14:42:24,11.62,--,8,9296,卖盘
280,14:42:21,11.62,-0.01,12,13943,卖盘
281,14:42:15,11.63,0.01,10,11630,买盘
282,14:42:12,11.62,--,49,56937,卖盘
283,14:42:09,11.62,-0.01,66,76692,卖盘
284,14:42:06,11.63,0.01,2,2326,买盘
285,14:42:03,11.62,--,70,81340,卖盘
286,14:42:00,11.62,--,40,46480,卖盘
287,14:41:54,11.62,--,1,1162,卖盘
288,14:41:51,11.62,--,50,58099,卖盘
289,14:41:48,11.62,--,102,118523,卖盘
290,14:41:36,11.62,--,108,125495,卖盘
291,14:41:33,11.62,--,36,41832,卖盘
292,14:41:30,11.62,--,129,149898,卖盘
293,14:41:27,11.62,--,154,178948,卖盘
294,14:41:24,11.62,-0.01,225,261449,卖盘
295,14:41:21,11.63,--,1,1163,买盘
296,14:41:18,11.63,--,54,62802,买盘
297,14:41:15,11.63,0.01,16,18608,买盘
298,14:41:12,11.62,-0.01,54,62747,卖盘
299,14:41:09,11.63,0.01,44,51172,买盘
300,14:41:03,11.62,--,33,38346,卖盘
301,14:41:00,11.62,-0.01,7,8133,卖盘
302,14:40:57,11.63,--,63,73269,买盘
303,14:40:54,11.63,0.02,19,22097,买盘
304,14:40:51,11.61,-0.02,188,218268,卖盘
305,14:40:48,11.63,0.02,17,19771,买盘
306,14:40:42,11.61,-0.02,2,2322,卖盘
307,14:40:39,11.63,--,34,39542,买盘
308,14:40:36,11.63,0.02,22,25586,买盘
309,14:40:33,11.61,-0.01,314,364554,卖盘
310,14:40:30,11.62,-0.01,231,268422,卖盘
311,14:40:27,11.63,0.01,71,82573,买盘
312,14:40:24,11.62,--,1,1162,卖盘
313,14:40:21,11.62,-0.01,500,581000,卖盘
314,14:40:18,11.63,0.01,20,23260,买盘
315,14:40:15,11.62,--,35,40670,卖盘
316,14:40:12,11.62,--,2,2324,卖盘
317,14:40:09,11.62,--,96,111551,卖盘
318,14:40:06,11.62,-0.01,22,25564,卖盘
319,14:40:03,11.63,0.01,22,25586,买盘
320,14:40:00,11.62,-0.01,41,47642,卖盘
321,14:39:57,11.63,0.01,47,54661,买盘
322,14:39:54,11.62,--,2,2324,卖盘
323,14:39:51,11.62,-0.01,57,66234,卖盘
324,14:39:48,11.63,0.01,18,20934,买盘
325,14:39:45,11.62,-0.01,95,110389,卖盘
326,14:39:42,11.63,--,17,19771,买盘
327,14:39:39,11.63,--,43,50009,买盘
328,14:39:36,11.63,--,86,100018,买盘
329,14:39:33,11.63,0.01,37,43031,买盘
330,14:39:30,11.62,-0.01,120,139440,卖盘
331,14:39:21,11.63,0.01,42,48846,买盘
332,14:39:18,11.62,--,73,84826,卖盘
333,14:39:15,11.62,-0.01,192,223103,卖盘
334,14:39:12,11.63,--,5,5815,买盘
335,14:39:09,11.63,--,285,331455,买盘
336,14:39:06,11.63,--,7,8141,买盘
337,14:39:03,11.63,--,168,195384,买盘
338,14:39:00,11.63,--,363,422227,卖盘
339,14:38:57,11.63,-0.01,89,103507,卖盘
340,14:38:54,11.64,--,11,12804,买盘
341,14:38:51,11.64,0.01,366,426024,买盘
342,14:38:48,11.63,-0.01,48,55824,卖盘
343,14:38:45,11.64,0.01,38,44232,买盘
344,14:38:42,11.63,-0.01,71,82573,卖盘
345,14:38:39,11.64,--,50,58200,买盘
346,14:38:36,11.64,--,450,523800,买盘
347,14:38:33,11.64,0.01,194,225816,买盘
348,14:38:30,11.63,--,43,50009,卖盘
349,14:38:27,11.63,--,27,31401,卖盘
350,14:38:24,11.63,-0.01,44,51172,卖盘
351,14:38:15,11.64,0.01,5,5820,买盘
352,14:38:12,11.63,--,10,11630,卖盘
353,14:38:09,11.63,-0.01,177,205851,卖盘
354,14:38:06,11.64,--,20,23280,买盘
355,14:38:03,11.64,0.01,23,26772,买盘
356,14:38:00,11.63,--,83,96529,卖盘
357,14:37:54,11.63,-0.01,44,51172,卖盘
358,14:37:51,11.64,0.01,265,308460,买盘
359,14:37:48,11.63,-0.01,54,63906,卖盘
360,14:37:45,11.64,--,2,2328,买盘
361,14:37:42,11.64,0.01,17,19788,买盘
362,14:37:39,11.63,-0.01,44,51172,卖盘
363,14:37:36,11.64,--,11,12804,买盘
364,14:37:33,11.64,0.01,69,80316,买盘
365,14:37:30,11.63,--,35,40705,卖盘
366,14:37:27,11.63,-0.01,1,1163,卖盘
367,14:37:24,11.64,--,2,2328,买盘
368,14:37:18,11.64,0.02,36,41904,买盘
369,14:37:15,11.62,-0.01,173,201026,卖盘
370,14:37:12,11.63,--,81,94203,卖盘
371,14:37:09,11.63,-0.01,26,30238,卖盘
372,14:37:06,11.64,-0.01,22,25608,中性盘
373,14:37:00,11.65,0.02,51,59415,买盘
374,14:36:57,11.63,-0.01,100,116300,卖盘
375,14:36:54,11.64,--,234,272376,卖盘
376,14:36:51,11.64,0.01,121,140844,买盘
377,14:36:48,11.63,--,221,257023,卖盘
378,14:36:42,11.63,--,13,15119,卖盘
379,14:36:39,11.63,0.01,105,122115,买盘
380,14:36:36,11.62,-0.01,168,195216,卖盘
381,14:36:33,11.63,--,276,320988,买盘
382,14:36:30,11.63,--,19,22097,买盘
383,14:36:27,11.63,--,2,2326,买盘
384,14:36:24,11.63,--,150,174450,买盘
385,14:36:21,11.63,--,151,175613,卖盘
386,14:36:18,11.63,--,4,4652,卖盘
387,14:36:15,11.63,--,129,150027,卖盘
388,14:36:12,11.63,--,2,2326,卖盘
389,14:36:09,11.63,--,66,76758,卖盘
390,14:36:03,11.63,-0.01,12,13956,中性盘
391,14:36:00,11.64,0.01,5,5820,买盘
392,14:35:57,11.63,--,95,110485,卖盘
393,14:35:54,11.63,--,223,259349,卖盘
394,14:35:51,11.63,--,57,66291,卖盘
395,14:35:48,11.63,--,269,312847,买盘
396,14:35:42,11.63,0.01,11,12793,买盘
397,14:35:39,11.62,-0.01,179,207998,卖盘
398,14:35:36,11.63,0.01,212,246556,买盘
399,14:35:33,11.62,--,107,124333,卖盘
400,14:35:30,11.62,-0.01,142,166026,卖盘
401,14:35:27,11.63,--,28,32564,买盘
402,14:35:24,11.63,--,122,141886,买盘
403,14:35:21,11.63,--,127,147701,买盘
404,14:35:18,11.63,0.01,37,43031,买盘
405,14:35:15,11.62,--,781,907521,卖盘
406,14:35:12,11.62,-0.01,26,30211,卖盘
407,14:35:09,11.63,--,13,15119,买盘
408,14:35:06,11.63,--,135,157005,买盘
409,14:35:03,11.63,--,474,551262,买盘
410,14:35:00,11.63,--,301,350063,买盘
411,14:34:57,11.63,0.01,244,283772,买盘
412,14:34:54,11.62,--,455,528710,卖盘
413,14:34:51,11.62,-0.01,35,40670,卖盘
414,14:34:48,11.63,0.01,52,60476,买盘
415,14:34:42,11.62,-0.01,94,109227,卖盘
416,14:34:39,11.63,0.01,1,1163,买盘
417,14:34:36,11.62,--,454,527548,卖盘
418,14:34:33,11.62,--,37,42994,卖盘
419,14:34:30,11.62,--,681,791322,买盘
420,14:34:27,11.62,--,400,464799,买盘
421,14:34:24,11.62,--,30,34860,买盘
422,14:34:21,11.62,--,112,130143,买盘
423,14:34:18,11.62,0.01,69,80178,买盘
424,14:34:15,11.61,--,182,211302,卖盘
425,14:34:12,11.61,-0.01,11,12771,卖盘
426,14:34:09,11.62,--,30,34860,买盘
427,14:34:06,11.62,0.01,19,22078,买盘
428,14:34:03,11.61,--,50,58050,卖盘
429,14:34:00,11.61,-0.01,6,6966,卖盘
430,14:33:57,11.62,--,109,126657,买盘
431,14:33:54,11.62,0.01,344,399728,买盘
432,14:33:51,11.61,--,40,46440,卖盘
433,14:33:48,11.61,-0.01,41,47601,卖盘
434,14:33:45,11.62,0.01,139,161518,买盘
435,14:33:42,11.61,--,318,369198,卖盘
436,14:33:39,11.61,--,8,9288,卖盘
437,14:33:36,11.61,-0.01,278,322758,卖盘
438,14:33:33,11.62,0.01,19,22078,买盘
439,14:33:30,11.61,--,83,96363,卖盘
440,14:33:27,11.61,--,34,39474,卖盘
441,14:33:24,11.61,--,38,44118,卖盘
442,14:33:21,11.61,--,30,34830,卖盘
443,14:33:18,11.61,--,505,586305,卖盘
444,14:33:15,11.61,--,11,12771,卖盘
445,14:33:12,11.61,--,503,583983,卖盘
446,14:33:09,11.61,-0.01,56,65016,卖盘
447,14:33:06,11.62,0.01,27,31373,买盘
448,14:33:03,11.61,--,138,160218,卖盘
449,14:33:00,11.61,-0.01,36,41796,卖盘
450,14:32:57,11.62,--,8,9296,买盘
451,14:32:54,11.62,0.01,32,37184,买盘
452,14:32:51,11.61,--,1,1161,卖盘
453,14:32:48,11.61,-0.01,125,145125,卖盘
454,14:32:45,11.62,0.01,108,125495,买盘
455,14:32:42,11.61,--,35,40635,卖盘
456,14:32:39,11.61,-0.01,11,12771,卖盘
457,14:32:36,11.62,--,26,30211,买盘
458,14:32:33,11.62,--,17,19754,买盘
459,14:32:30,11.62,--,19,22078,买盘
460,14:32:27,11.62,0.01,54,62747,买盘
461,14:32:24,11.61,--,70,81270,卖盘
462,14:32:18,11.61,0.01,31,35991,中性盘
463,14:32:15,11.6,-0.02,68,78880,卖盘
464,14:32:12,11.62,--,10,11620,买盘
465,14:32:09,11.62,--,7,8133,买盘
466,14:32:06,11.62,0.01,167,194054,买盘
467,14:32:03,11.61,--,22,25542,卖盘
468,14:32:00,11.61,-0.01,17,19737,卖盘
469,14:31:57,11.62,--,18,20916,买盘
470,14:31:54,11.62,0.01,67,77854,买盘
471,14:31:51,11.61,--,128,148608,卖盘
472,14:31:48,11.61,--,69,80109,卖盘
473,14:31:45,11.61,--,460,534060,卖盘
474,14:31:39,11.61,-0.01,21,24381,卖盘
475,14:31:36,11.62,0.01,53,61585,买盘
476,14:31:33,11.61,--,11,12771,卖盘
477,14:31:30,11.61,--,235,272835,卖盘
478,14:31:27,11.61,--,211,244971,卖盘
479,14:31:24,11.61,--,1,1161,卖盘
480,14:31:21,11.61,-0.01,713,827793,卖盘
481,14:31:15,11.62,--,136,158032,卖盘
482,14:31:12,11.62,--,108,125495,卖盘
483,14:31:09,11.62,--,127,147574,卖盘
484,14:31:06,11.62,--,129,149898,卖盘
485,14:31:03,11.62,--,259,300958,卖盘
486,14:31:00,11.62,--,82,95284,卖盘
487,14:30:57,11.62,--,26,30211,卖盘
488,14:30:54,11.62,--,134,155708,卖盘
489,14:30:51,11.62,--,149,173138,卖盘
490,14:30:48,11.62,--,212,246343,卖盘
491,14:30:45,11.62,-0.01,8,9296,卖盘
492,14:30:42,11.63,--,160,186080,买盘
493,14:30:39,11.63,0.01,14,16282,买盘
494,14:30:36,11.62,--,20,23240,卖盘
495,14:30:33,11.62,-0.01,184,213808,卖盘
496,14:30:30,11.63,--,307,357041,买盘
497,14:30:27,11.63,0.01,27,31401,买盘
498,14:30:24,11.62,--,503,584486,卖盘
499,14:30:21,11.62,--,15,17430,卖盘
500,14:30:18,11.62,-0.01,19,22078,卖盘
501,14:30:15,11.63,0.01,65,75595,买盘
502,14:30:12,11.62,-0.01,2,2324,卖盘
503,14:30:09,11.63,0.01,20,23260,买盘
504,14:30:06,11.62,-0.01,81,94122,卖盘
505,14:30:03,11.63,--,10,11630,买盘
506,14:30:00,11.63,--,12,13956,买盘
507,14:29:57,11.63,--,83,96529,买盘
508,14:29:54,11.63,--,53,61639,卖盘
509,14:29:51,11.63,--,19,22097,卖盘
510,14:29:48,11.63,--,107,124441,卖盘
511,14:29:45,11.63,-0.01,47,54661,卖盘
512,14:29:42,11.64,0.01,3,3492,买盘
513,14:29:36,11.63,--,160,186080,卖盘
514,14:29:33,11.63,--,23,26749,卖盘
515,14:29:30,11.63,--,17,19771,卖盘
516,14:29:27,11.63,--,31,36053,卖盘
517,14:29:24,11.63,--,4,4652,卖盘
518,14:29:21,11.63,0.01,99,115137,买盘
519,14:29:18,11.62,-0.01,54,62747,卖盘
520,14:29:15,11.63,--,117,136071,卖盘
521,14:29:12,11.63,-0.02,2,2326,卖盘
522,14:29:09,11.65,0.01,46,53590,买盘
523,14:29:06,11.64,0.01,29,33756,中性盘
524,14:29:03,11.63,--,64,74432,卖盘
525,14:29:00,11.63,-0.01,123,143049,卖盘
526,14:28:57,11.64,--,30,34920,卖盘
527,14:28:54,11.64,--,38,44232,卖盘
528,14:28:51,11.64,--,8,9312,卖盘
529,14:28:48,11.64,0.01,133,154812,买盘
530,14:28:45,11.63,--,54,62802,卖盘
531,14:28:42,11.63,-0.02,162,188406,卖盘
532,14:28:39,11.65,0.02,64,74560,买盘
533,14:28:33,11.63,-0.01,52,60476,卖盘
534,14:28:30,11.64,0.01,32,37248,买盘
535,14:28:27,11.63,--,127,147701,卖盘
536,14:28:24,11.63,-0.01,11,12793,卖盘
537,14:28:21,11.64,--,158,183912,买盘
538,14:28:18,11.64,0.01,3,3492,买盘
539,14:28:15,11.63,--,8,9304,卖盘
540,14:28:12,11.63,-0.01,8,9304,卖盘
541,14:28:09,11.64,0.01,23,26772,买盘
542,14:28:06,11.63,--,158,183754,卖盘
543,14:28:03,11.63,-0.01,74,86062,卖盘
544,14:28:00,11.64,0.01,42,48888,买盘
545,14:27:57,11.63,--,50,58150,卖盘
546,14:27:54,11.63,-0.01,4,4652,卖盘
547,14:27:51,11.64,0.01,34,39576,买盘
548,14:27:48,11.63,--,87,101181,卖盘
549,14:27:45,11.63,--,107,124441,卖盘
550,14:27:42,11.63,-0.01,58,67454,卖盘
551,14:27:39,11.64,0.01,8,9312,买盘
552,14:27:33,11.63,-0.01,35,40705,卖盘
553,14:27:30,11.64,--,10,11640,买盘
554,14:27:27,11.64,0.01,135,157140,买盘
555,14:27:24,11.63,-0.01,90,104670,卖盘
556,14:27:21,11.64,--,153,178092,买盘
557,14:27:18,11.64,--,15,17460,买盘
558,14:27:12,11.64,--,334,388776,卖盘
559,14:27:09,11.64,--,11,12804,卖盘
560,14:27:06,11.64,--,131,152484,卖盘
561,14:27:03,11.64,-0.01,39,45396,卖盘
562,14:26:57,11.65,0.01,8,9320,买盘
563,14:26:54,11.64,--,1,1164,卖盘
564,14:26:51,11.64,--,41,47724,卖盘
565,14:26:48,11.64,--,143,166452,卖盘
566,14:26:45,11.64,--,54,62856,卖盘
567,14:26:42,11.64,--,65,75660,卖盘
568,14:26:39,11.64,-0.01,13,15132,卖盘
569,14:26:36,11.65,0.02,24,27960,买盘
570,14:26:33,11.63,--,13,15119,卖盘
571,14:26:30,11.63,-0.01,38,44194,卖盘
572,14:26:27,11.64,0.01,12,13968,买盘
573,14:26:24,11.63,-0.01,124,144212,卖盘
574,14:26:21,11.64,0.01,75,87300,买盘
575,14:26:15,11.63,--,33,38379,卖盘
576,14:26:12,11.63,-0.02,272,316336,卖盘
577,14:26:09,11.65,0.02,13,15145,买盘
578,14:26:06,11.63,--,54,62802,卖盘
579,14:26:03,11.63,-0.02,29,33727,卖盘
580,14:26:00,11.65,0.02,49,57085,买盘
581,14:25:57,11.63,--,2,2326,卖盘
582,14:25:54,11.63,-0.02,2,2326,卖盘
583,14:25:51,11.65,0.02,8,9320,买盘
584,14:25:48,11.63,--,64,74432,卖盘
585,14:25:45,11.63,--,50,58150,卖盘
586,14:25:42,11.63,-0.02,42,48846,卖盘
587,14:25:39,11.65,--,21,24465,买盘
588,14:25:36,11.65,0.02,56,65240,买盘
589,14:25:33,11.63,-0.02,10,11630,卖盘
590,14:25:30,11.65,--,66,76890,买盘
591,14:25:27,11.65,--,81,94365,买盘
592,14:25:21,11.65,0.01,14,16310,买盘
593,14:25:18,11.64,-0.01,47,54708,卖盘
594,14:25:15,11.65,0.02,142,165430,买盘
595,14:25:12,11.63,-0.01,22,25586,卖盘
596,14:25:09,11.64,0.01,7,8148,买盘
597,14:25:06,11.63,-0.01,53,61639,卖盘
598,14:25:03,11.64,--,35,40740,买盘
599,14:24:54,11.64,0.01,20,23280,买盘
600,14:24:51,11.63,--,7,8141,卖盘
601,14:24:48,11.63,--,64,74432,卖盘
602,14:24:45,11.63,-0.01,121,140723,卖盘
603,14:24:42,11.64,--,8,9312,买盘
604,14:24:39,11.64,0.01,3,3492,买盘
605,14:24:36,11.63,-0.02,53,61639,卖盘
606,14:24:33,11.65,0.01,33,38445,买盘
607,14:24:27,11.64,0.01,61,71004,中性盘
608,14:24:24,11.63,-0.02,37,43031,卖盘
609,14:24:21,11.65,0.02,3,3495,买盘
610,14:24:18,11.63,--,60,69780,卖盘
611,14:24:15,11.63,-0.01,28,32564,卖盘
612,14:24:12,11.64,-0.01,9,10476,卖盘
613,14:24:09,11.65,0.02,22,25630,买盘
614,14:24:06,11.63,-0.01,138,160494,卖盘
615,14:24:03,11.64,--,14,16296,卖盘
616,14:24:00,11.64,0.01,19,22116,买盘
617,14:23:57,11.63,--,147,170961,卖盘
618,14:23:54,11.63,-0.02,67,77921,卖盘
619,14:23:48,11.65,--,112,130480,买盘
620,14:23:45,11.65,0.02,5,5825,买盘
621,14:23:42,11.63,-0.02,45,52335,卖盘
622,14:23:39,11.65,0.01,13,15145,买盘
623,14:23:36,11.64,--,30,34920,中性盘
624,14:23:33,11.64,--,21,24444,卖盘
625,14:23:30,11.64,--,37,43068,卖盘
626,14:23:27,11.64,0.01,4,4656,中性盘
627,14:23:24,11.63,-0.02,80,93040,卖盘
628,14:23:21,11.65,0.01,4,4660,买盘
629,14:23:18,11.64,-0.01,43,50052,卖盘
630,14:23:15,11.65,0.02,7,8155,买盘
631,14:23:12,11.63,--,1,1163,卖盘
632,14:23:09,11.63,-0.01,11,12793,卖盘
633,14:23:06,11.64,--,182,211848,卖盘
634,14:23:03,11.64,--,4,4656,卖盘
635,14:23:00,11.64,--,8,9312,卖盘
636,14:22:57,11.64,--,5,5820,卖盘
637,14:22:54,11.64,--,175,203700,卖盘
638,14:22:51,11.64,--,28,32592,卖盘
639,14:22:48,11.64,0.01,66,76824,中性盘
640,14:22:45,11.63,--,221,257023,卖盘
641,14:22:42,11.63,-0.02,8,9304,卖盘
642,14:22:39,11.65,--,3,3495,买盘
643,14:22:36,11.65,0.01,20,23300,买盘
644,14:22:33,11.64,-0.01,17,19788,卖盘
645,14:22:30,11.65,0.01,78,90870,买盘
646,14:22:27,11.64,--,164,190896,卖盘
647,14:22:24,11.64,--,364,423696,买盘
648,14:22:21,11.64,0.01,10,11640,买盘
649,14:22:18,11.63,-0.01,600,697800,卖盘
650,14:22:15,11.64,--,11,12804,卖盘
651,14:22:12,11.64,--,12,13968,卖盘
652,14:22:09,11.64,--,175,203700,卖盘
653,14:22:06,11.64,--,233,271212,买盘
654,14:22:03,11.64,--,1,1164,买盘
655,14:21:57,11.64,0.01,98,114072,买盘
656,14:21:54,11.63,--,5,5815,卖盘
657,14:21:51,11.63,--,142,165146,卖盘
658,14:21:48,11.63,-0.01,313,364019,卖盘
659,14:21:42,11.64,--,67,77988,买盘
660,14:21:39,11.64,--,31,36084,买盘
661,14:21:36,11.64,--,10,11640,买盘
662,14:21:33,11.64,--,266,309624,卖盘
663,14:21:30,11.64,--,180,209520,卖盘
664,14:21:27,11.64,--,18,20952,卖盘
665,14:21:24,11.64,--,16,18624,卖盘
666,14:21:21,11.64,0.02,176,204864,买盘
667,14:21:18,11.62,-0.02,142,165004,卖盘
668,14:21:15,11.64,0.02,9,10476,买盘
669,14:21:12,11.62,-0.01,103,119685,卖盘
670,14:21:09,11.63,-0.01,207,240741,卖盘
671,14:21:06,11.64,--,13,15132,买盘
672,14:21:03,11.64,--,9,10476,买盘
673,14:21:00,11.64,--,69,80316,买盘
674,14:20:57,11.64,0.01,320,372480,买盘
675,14:20:54,11.63,-0.01,89,103507,卖盘
676,14:20:51,11.64,--,567,659988,买盘
677,14:20:48,11.64,--,165,192060,买盘
678,14:20:45,11.64,0.01,1,1164,买盘
679,14:20:42,11.63,-0.01,29,33727,卖盘
680,14:20:39,11.64,--,171,199044,买盘
681,14:20:36,11.64,--,90,104760,买盘
682,14:20:33,11.64,-0.01,1726,2009064,卖盘
683,14:20:30,11.65,--,33,38445,买盘
684,14:20:24,11.65,--,60,69900,买盘
685,14:20:21,11.65,0.01,27,31455,买盘
686,14:20:18,11.64,--,12,13968,卖盘
687,14:20:15,11.64,-0.01,49,57036,卖盘
688,14:20:12,11.65,0.01,109,126985,买盘
689,14:20:09,11.64,-0.01,185,215340,卖盘
690,14:20:06,11.65,0.01,2,2330,买盘
691,14:20:03,11.64,--,18,20952,卖盘
692,14:20:00,11.64,--,9,10476,卖盘
693,14:19:57,11.64,--,255,296820,卖盘
694,14:19:54,11.64,--,10,11640,卖盘
695,14:19:51,11.64,-0.01,48,55872,卖盘
696,14:19:48,11.65,0.01,76,88540,买盘
697,14:19:45,11.64,--,53,61692,卖盘
698,14:19:42,11.64,-0.01,5,5820,卖盘
699,14:19:36,11.65,0.01,72,83880,买盘
700,14:19:33,11.64,--,113,131532,卖盘
701,14:19:27,11.64,--,52,60528,卖盘
702,14:19:24,11.64,--,97,112908,卖盘
703,14:19:21,11.64,--,58,67512,卖盘
704,14:19:18,11.64,-0.01,86,100104,卖盘
705,14:19:15,11.65,0.01,4,4660,买盘
706,14:19:12,11.64,--,9,10476,卖盘
707,14:19:09,11.64,--,180,209520,卖盘
708,14:19:06,11.64,-0.01,2,2328,卖盘
709,14:19:03,11.65,--,25,29125,买盘
710,14:19:00,11.65,--,19,22135,买盘
711,14:18:57,11.65,--,26,30290,买盘
712,14:18:54,11.65,-0.01,28,32620,中性盘
713,14:18:51,11.66,0.02,69,80454,买盘
714,14:18:48,11.64,-0.02,108,125712,卖盘
715,14:18:45,11.66,0.01,51,59466,买盘
716,14:18:42,11.65,-0.01,9,10485,卖盘
717,14:18:39,11.66,0.01,7,8162,买盘
718,14:18:36,11.65,--,42,48930,卖盘
719,14:18:33,11.65,--,32,37280,买盘
720,14:18:30,11.65,--,157,182905,买盘
721,14:18:27,11.65,--,5,5825,买盘
722,14:18:24,11.65,--,102,118830,买盘
723,14:18:21,11.65,--,13,15145,买盘
724,14:18:18,11.65,--,8,9320,买盘
725,14:18:15,11.65,0.01,9,10485,买盘
726,14:18:12,11.64,--,49,57036,卖盘
727,14:18:09,11.64,--,91,105924,卖盘
728,14:18:06,11.64,--,41,47724,卖盘
729,14:18:03,11.64,--,3,3492,卖盘
730,14:17:57,11.64,-0.01,12,13968,卖盘
731,14:17:54,11.65,--,38,44270,卖盘
732,14:17:51,11.65,--,108,125820,卖盘
733,14:17:48,11.65,0.01,83,96695,买盘
734,14:17:45,11.64,-0.01,57,66348,卖盘
735,14:17:42,11.65,0.01,6,6990,买盘
736,14:17:39,11.64,-0.01,61,71004,卖盘
737,14:17:36,11.65,0.01,21,24465,买盘
738,14:17:33,11.64,-0.01,127,147828,卖盘
739,14:17:24,11.65,0.01,18,20970,买盘
740,14:17:21,11.64,-0.01,107,124548,中性盘
741,14:17:18,11.65,0.02,27,31455,买盘
742,14:17:15,11.63,-0.02,267,310521,卖盘
743,14:17:12,11.65,-0.01,21,24465,卖盘
744,14:17:09,11.66,0.01,122,142252,买盘
745,14:17:06,11.65,0.01,126,146790,买盘
746,14:17:03,11.64,--,225,261900,卖盘
747,14:17:00,11.64,-0.01,33,38412,卖盘
748,14:16:57,11.65,0.01,10,11650,中性盘
749,14:16:54,11.64,-0.01,398,463272,卖盘
750,14:16:51,11.65,-0.01,19,22135,卖盘
751,14:16:48,11.66,0.02,90,104940,买盘
752,14:16:45,11.64,-0.01,33,38412,卖盘
753,14:16:42,11.65,--,122,142130,买盘
754,14:16:39,11.65,-0.01,576,671040,卖盘
755,14:16:36,11.66,--,121,141086,买盘
756,14:16:33,11.66,0.01,100,116600,买盘
757,14:16:30,11.65,-0.02,80,93200,卖盘
758,14:16:27,11.67,0.01,262,305754,买盘
759,14:16:24,11.66,-0.01,21,24486,卖盘
760,14:16:21,11.67,--,65,75855,买盘
761,14:16:18,11.67,0.02,9,10503,买盘
762,14:16:15,11.65,-0.01,40,46600,卖盘
763,14:16:12,11.66,0.01,13,15158,中性盘
764,14:16:09,11.65,-0.01,111,129315,卖盘
765,14:16:06,11.66,0.01,57,66462,买盘
766,14:16:03,11.65,--,25,29125,卖盘
767,14:16:00,11.65,-0.02,151,175915,卖盘
768,14:15:54,11.67,0.01,15,17505,买盘
769,14:15:51,11.66,--,153,178398,卖盘
770,14:15:48,11.66,--,41,47806,买盘
771,14:15:45,11.66,0.01,18,20988,买盘
772,14:15:42,11.65,--,80,93200,卖盘
773,14:15:39,11.65,--,2,2330,卖盘
774,14:15:36,11.65,-0.01,29,33785,中性盘
775,14:15:33,11.66,0.01,107,124762,买盘
776,14:15:30,11.65,--,74,86210,卖盘
777,14:15:27,11.65,--,41,47765,卖盘
778,14:15:24,11.65,--,47,54755,卖盘
779,14:15:21,11.65,-0.01,47,54755,卖盘
780,14:15:18,11.66,--,123,143418,买盘
781,14:15:15,11.66,0.01,12,13992,买盘
782,14:15:12,11.65,--,2,2330,卖盘
783,14:15:09,11.65,--,126,146790,卖盘
784,14:15:06,11.65,--,10,11650,卖盘
785,14:15:03,11.65,--,15,17475,卖盘
786,14:15:00,11.65,-0.01,88,102520,卖盘
787,14:14:57,11.66,0.01,97,113102,买盘
788,14:14:54,11.65,-0.01,43,50095,卖盘
789,14:14:51,11.66,--,165,192390,买盘
790,14:14:48,11.66,--,73,85118,买盘
791,14:14:42,11.66,0.01,110,128260,买盘
792,14:14:39,11.65,-0.01,10,11650,卖盘
793,14:14:36,11.66,0.01,74,86284,买盘
794,14:14:33,11.65,0.01,11,12815,中性盘
795,14:14:30,11.64,-0.01,214,249096,卖盘
796,14:14:27,11.65,--,7,8155,卖盘
797,14:14:24,11.65,--,46,53590,卖盘
798,14:14:21,11.65,-0.01,81,94365,卖盘
799,14:14:18,11.66,0.01,70,81620,买盘
800,14:14:12,11.65,0.01,111,129315,中性盘
801,14:14:09,11.64,-0.02,62,72168,卖盘
802,14:14:06,11.66,0.01,18,20988,买盘
803,14:14:03,11.65,--,20,23614,买盘
804,14:14:00,11.65,--,20,23300,买盘
805,14:13:57,11.65,--,62,72230,买盘
806,14:13:54,11.65,0.01,10,11650,买盘
807,14:13:51,11.64,-0.01,92,107937,卖盘
808,14:13:48,11.65,--,179,208849,买盘
809,14:13:45,11.65,--,31,36115,买盘
810,14:13:42,11.65,--,18,20970,买盘
811,14:13:39,11.65,--,3,3495,买盘
812,14:13:36,11.65,0.01,70,81550,买盘
813,14:13:33,11.64,-0.01,71,82644,卖盘
814,14:13:30,11.65,--,28,32620,买盘
815,14:13:27,11.65,--,91,106015,买盘
816,14:13:24,11.65,--,2,2330,买盘
817,14:13:21,11.65,0.01,37,43105,买盘
818,14:13:18,11.64,-0.02,165,192909,卖盘
819,14:13:15,11.66,0.01,22,25652,买盘
820,14:13:12,11.65,-0.01,10,11650,卖盘
821,14:13:09,11.66,--,12,13992,买盘
822,14:13:06,11.66,0.01,136,158576,买盘
823,14:13:03,11.65,--,25,29125,卖盘
824,14:12:57,11.65,0.01,140,163414,买盘
825,14:12:54,11.64,-0.02,155,181269,卖盘
826,14:12:51,11.66,0.01,33,38478,买盘
827,14:12:48,11.65,--,85,99025,卖盘
828,14:12:45,11.65,--,75,87375,卖盘
829,14:12:42,11.65,--,1,1165,卖盘
830,14:12:39,11.65,-0.01,61,71065,卖盘
831,14:12:36,11.66,0.01,215,250690,买盘
832,14:12:33,11.65,--,30,34950,卖盘
833,14:12:27,11.65,--,88,102520,卖盘
834,14:12:24,11.65,--,55,64075,卖盘
835,14:12:21,11.65,-0.01,0,314,卖盘
836,14:12:18,11.66,--,94,109604,买盘
837,14:12:15,11.66,0.01,44,51304,买盘
838,14:12:12,11.65,--,188,219020,卖盘
839,14:12:09,11.65,-0.01,47,54755,卖盘
840,14:12:06,11.66,0.02,123,143418,买盘
841,14:12:03,11.64,-0.01,11,12804,卖盘
842,14:12:00,11.65,0.01,4,4660,买盘
843,14:11:57,11.64,-0.01,226,263064,卖盘
844,14:11:54,11.65,0.01,20,23300,卖盘
845,14:11:51,11.64,-0.01,20,23280,卖盘
846,14:11:48,11.65,--,53,61745,买盘
847,14:11:42,11.65,0.01,17,19805,买盘
848,14:11:39,11.64,-0.01,19,22116,卖盘
849,14:11:36,11.65,0.02,62,72649,买盘
850,14:11:33,11.63,--,17,19771,卖盘
851,14:11:30,11.63,-0.02,404,469852,卖盘
852,14:11:27,11.65,-0.01,36,41940,卖盘
853,14:11:24,11.66,--,14,16324,买盘
854,14:11:21,11.66,0.02,11,12826,买盘
855,14:11:18,11.64,-0.01,154,179256,卖盘
856,14:11:15,11.65,0.01,472,549880,买盘
857,14:11:12,11.64,-0.01,41,47724,卖盘
858,14:11:09,11.65,--,74,86210,买盘
859,14:11:06,11.65,0.01,52,60580,买盘
860,14:11:03,11.64,-0.03,291,338724,卖盘
861,14:11:00,11.67,--,21,24507,买盘
862,14:10:57,11.67,0.02,20,23340,买盘
863,14:10:54,11.65,-0.02,419,488135,卖盘
864,14:10:51,11.67,0.02,66,77022,买盘
865,14:10:48,11.65,--,66,76890,卖盘
866,14:10:45,11.65,--,108,125820,卖盘
867,14:10:42,11.65,-0.01,11,12815,卖盘
868,14:10:39,11.66,0.01,50,58300,买盘
869,14:10:36,11.65,--,32,37280,卖盘
870,14:10:33,11.65,0.01,64,74560,买盘
871,14:10:30,11.64,-0.01,346,402744,卖盘
872,14:10:27,11.65,0.01,6,6990,买盘
873,14:10:24,11.64,--,23,26772,卖盘
874,14:10:21,11.64,-0.01,45,52380,卖盘
875,14:10:18,11.65,-0.02,6,6990,中性盘
876,14:10:15,11.67,0.03,58,67686,买盘
877,14:10:12,11.64,--,26,30264,卖盘
878,14:10:09,11.64,-0.01,409,476076,卖盘
879,14:10:06,11.65,-0.01,647,753755,卖盘
880,14:10:03,11.66,--,41,47806,卖盘
881,14:10:00,11.66,--,10,11660,卖盘
882,14:09:57,11.66,--,13,16230,中性盘
883,14:09:54,11.66,--,47,54802,买盘
884,14:09:51,11.66,-0.01,16,18656,买盘
885,14:09:48,11.67,--,62,72354,买盘
886,14:09:45,11.67,--,43,50181,买盘
887,14:09:42,11.67,0.02,275,320925,买盘
888,14:09:39,11.65,--,18,20970,卖盘
889,14:09:36,11.65,-0.02,165,192225,卖盘
890,14:09:33,11.67,--,35,40845,买盘
891,14:09:30,11.67,0.01,6,7002,买盘
892,14:09:27,11.66,--,121,141086,卖盘
893,14:09:24,11.66,0.01,38,44308,卖盘
894,14:09:21,11.65,-0.01,789,919185,卖盘
895,14:09:18,11.66,0.01,59,68794,买盘
896,14:09:15,11.65,--,26,30290,卖盘
897,14:09:12,11.65,-0.01,46,53590,卖盘
898,14:09:09,11.66,0.01,5,5830,买盘
899,14:09:06,11.65,--,1,1165,卖盘
900,14:09:03,11.65,-0.01,6,6990,卖盘
901,14:09:00,11.66,0.01,15,17490,买盘
902,14:08:54,11.65,-0.01,290,337850,卖盘
903,14:08:51,11.66,--,28,32648,卖盘
904,14:08:48,11.66,--,73,85118,卖盘
905,14:08:45,11.66,--,67,78122,卖盘
906,14:08:42,11.66,--,20,23320,卖盘
907,14:08:39,11.66,0.02,185,215710,买盘
908,14:08:36,11.64,-0.02,385,448140,卖盘
909,14:08:33,11.66,0.02,32,37312,买盘
910,14:08:30,11.64,-0.01,159,185076,卖盘
911,14:08:27,11.65,--,25,29125,卖盘
912,14:08:24,11.65,--,10,11650,卖盘
913,14:08:21,11.65,--,22,25630,卖盘
914,14:08:18,11.65,--,11,12815,买盘
915,14:08:15,11.65,--,921,1072965,买盘
916,14:08:12,11.65,-0.01,82,96019,卖盘
917,14:08:06,11.66,0.01,207,241362,买盘
918,14:08:03,11.65,--,639,744435,卖盘
919,14:08:00,11.65,--,29,33785,卖盘
920,14:07:57,11.65,--,324,377460,卖盘
921,14:07:54,11.65,-0.01,41,47765,卖盘
922,14:07:51,11.66,0.01,299,348634,买盘
923,14:07:48,11.65,--,114,132810,卖盘
924,14:07:45,11.65,-0.01,409,476485,卖盘
925,14:07:42,11.66,--,21,24486,买盘
926,14:07:39,11.66,0.01,3,3498,买盘
927,14:07:36,11.65,-0.01,348,405420,卖盘
928,14:07:33,11.66,--,57,66462,买盘
929,14:07:30,11.66,0.01,30,34980,买盘
930,14:07:27,11.65,-0.01,133,154945,卖盘
931,14:07:24,11.66,-0.01,302,352132,卖盘
932,14:07:21,11.67,0.01,218,254406,买盘
933,14:07:18,11.66,--,37,43142,卖盘
934,14:07:15,11.66,-0.01,341,397606,卖盘
935,14:07:12,11.67,--,536,625512,卖盘
936,14:07:09,11.67,--,314,366438,卖盘
937,14:07:06,11.67,--,266,310422,卖盘
938,14:07:03,11.67,--,11,12837,卖盘
939,14:07:00,11.67,--,273,318591,卖盘
940,14:06:57,11.67,--,550,642526,卖盘
941,14:06:54,11.67,-0.01,11,12837,卖盘
942,14:06:51,11.68,--,136,158848,买盘
943,14:06:48,11.68,0.01,78,91104,买盘
944,14:06:45,11.67,--,44,51348,卖盘
945,14:06:42,11.67,-0.02,915,1067805,卖盘
946,14:06:39,11.69,0.01,113,132097,买盘
947,14:06:36,11.68,-0.01,173,202064,卖盘
948,14:06:33,11.69,0.01,78,91182,买盘
949,14:06:30,11.68,--,70,81760,卖盘
950,14:06:27,11.68,--,7,8176,卖盘
951,14:06:24,11.68,--,1,1168,卖盘
952,14:06:21,11.68,-0.01,124,144832,卖盘
953,14:06:18,11.69,--,122,143108,卖盘
954,14:06:15,11.69,--,46,53774,卖盘
955,14:06:12,11.69,--,17,19873,卖盘
956,14:06:09,11.69,--,84,98196,卖盘
957,14:06:06,11.69,--,1,1169,卖盘
958,14:06:03,11.69,--,83,97027,卖盘
959,14:06:00,11.69,--,100,116900,卖盘
960,14:05:54,11.69,-0.01,12,14028,卖盘
961,14:05:51,11.7,0.01,167,195390,买盘
962,14:05:48,11.69,--,63,73647,卖盘
963,14:05:45,11.69,--,46,53774,卖盘
964,14:05:42,11.69,-0.02,81,94689,卖盘
965,14:05:39,11.71,0.02,38,44498,买盘
966,14:05:36,11.69,--,100,116900,卖盘
967,14:05:33,11.69,--,93,108717,卖盘
968,14:05:30,11.69,--,386,451234,卖盘
969,14:05:27,11.69,--,19,22211,卖盘
970,14:05:24,11.69,--,145,169505,卖盘
971,14:05:21,11.69,--,11,12859,卖盘
972,14:05:18,11.69,-0.01,34,39746,卖盘
973,14:05:15,11.7,0.01,20,23400,买盘
974,14:05:12,11.69,-0.02,8,9352,卖盘
975,14:05:09,11.71,0.01,361,422731,买盘
976,14:05:06,11.7,--,62,72540,买盘
977,14:05:03,11.7,-0.01,58,67860,卖盘
978,14:05:00,11.71,--,85,99535,买盘
979,14:04:57,11.71,0.02,220,257620,买盘
980,14:04:54,11.69,--,19,22211,卖盘
981,14:04:51,11.69,--,172,201068,卖盘
982,14:04:48,11.69,--,65,75985,卖盘
983,14:04:45,11.69,-0.01,174,203406,卖盘
984,14:04:42,11.7,-0.01,331,387270,卖盘
985,14:04:39,11.71,0.01,5,5855,买盘
986,14:04:36,11.7,--,7,8189,买盘
987,14:04:33,11.7,-0.01,539,630630,卖盘
988,14:04:30,11.71,--,17,19907,卖盘
989,14:04:27,11.71,0.01,95,111245,买盘
990,14:04:24,11.7,0.01,11,12870,中性盘
991,14:04:21,11.69,--,1767,2065623,卖盘
992,14:04:15,11.69,--,156,183042,卖盘
993,14:04:12,11.69,-0.01,13,15197,卖盘
994,14:04:09,11.7,0.01,21,24570,买盘
995,14:04:06,11.69,-0.01,98,114562,卖盘
996,14:04:03,11.7,--,192,224640,卖盘
997,14:04:00,11.7,--,122,142740,卖盘
998,14:03:57,11.7,--,64,74880,卖盘
999,14:03:54,11.7,--,328,383760,卖盘
1000,14:03:51,11.7,--,24,28080,卖盘
1001,14:03:48,11.7,--,114,133380,卖盘
1002,14:03:45,11.7,--,209,244529,卖盘
1003,14:03:42,11.7,--,133,155610,卖盘
1004,14:03:39,11.7,--,9,10530,卖盘
1005,14:03:36,11.7,--,231,270270,卖盘
1006,14:03:33,11.7,-0.01,483,565110,卖盘
1007,14:03:30,11.71,0.01,17,19907,买盘
1008,14:03:27,11.7,--,2,2340,卖盘
1009,14:03:24,11.7,--,52,60839,卖盘
1010,14:03:21,11.7,-0.01,375,438750,卖盘
1011,14:03:18,11.71,--,16,18736,买盘
1012,14:03:15,11.71,0.01,238,278698,买盘
1013,14:03:12,11.7,-0.01,21,24570,卖盘
1014,14:03:09,11.71,--,7,8197,买盘
1015,14:03:06,11.71,0.01,533,624143,买盘
1016,14:03:03,11.7,--,5,5850,卖盘
1017,14:03:00,11.7,--,69,80730,卖盘
1018,14:02:57,11.7,--,18,21060,卖盘
1019,14:02:54,11.7,--,49,57330,卖盘
1020,14:02:51,11.7,-0.01,3,3510,卖盘
1021,14:02:48,11.71,--,125,146375,买盘
1022,14:02:45,11.71,0.01,7,8197,买盘
1023,14:02:42,11.7,-0.01,1,1170,卖盘
1024,14:02:39,11.71,0.01,8,9368,买盘
1025,14:02:36,11.7,--,64,74880,卖盘
1026,14:02:33,11.7,--,64,74880,卖盘
1027,14:02:30,11.7,--,74,86580,卖盘
1028,14:02:27,11.7,--,1,1170,卖盘
1029,14:02:24,11.7,--,1,1170,卖盘
1030,14:02:21,11.7,-0.01,49,57330,卖盘
1031,14:02:18,11.71,0.01,44,51524,买盘
1032,14:02:15,11.7,--,54,63179,卖盘
1033,14:02:12,11.7,--,79,92430,卖盘
1034,14:02:09,11.7,--,90,105300,卖盘
1035,14:02:03,11.7,--,38,44460,卖盘
1036,14:02:00,11.7,--,38,44460,卖盘
1037,14:01:57,11.7,--,100,117000,卖盘
1038,14:01:54,11.7,-0.01,53,62009,卖盘
1039,14:01:51,11.71,0.01,71,83141,买盘
1040,14:01:48,11.7,--,73,85410,卖盘
1041,14:01:45,11.7,--,35,40950,卖盘
1042,14:01:42,11.7,--,159,187188,卖盘
1043,14:01:36,11.7,--,75,87750,卖盘
1044,14:01:33,11.7,-0.01,144,168480,卖盘
1045,14:01:30,11.71,0.01,78,91338,买盘
1046,14:01:27,11.7,--,21,24570,卖盘
1047,14:01:24,11.7,-0.01,47,54990,卖盘
1048,14:01:21,11.71,0.01,62,72613,买盘
1049,14:01:18,11.7,-0.01,1,1170,卖盘
1050,14:01:15,11.71,0.01,55,64405,买盘
1051,14:01:12,11.7,-0.01,8,9360,卖盘
1052,14:01:09,11.71,0.01,29,33959,买盘
1053,14:01:06,11.7,-0.01,119,139230,卖盘
1054,14:01:03,11.71,-0.01,9,10539,卖盘
1055,14:00:57,11.72,0.01,84,98448,买盘
1056,14:00:54,11.71,0.01,8,9368,买盘
1057,14:00:51,11.7,--,12,14040,卖盘
1058,14:00:48,11.7,--,73,85410,卖盘
1059,14:00:45,11.7,--,93,108810,卖盘
1060,14:00:42,11.7,--,45,52650,卖盘
1061,14:00:39,11.7,-0.02,49,57330,卖盘
1062,14:00:36,11.72,--,1,1172,买盘
1063,14:00:33,11.72,--,23,26956,买盘
1064,14:00:30,11.72,0.02,16,18752,买盘
1065,14:00:27,11.7,--,44,51480,卖盘
1066,14:00:24,11.7,-0.01,188,219960,卖盘
1067,14:00:21,11.71,--,39,45669,卖盘
1068,14:00:18,11.71,0.01,4,4684,买盘
1069,14:00:15,11.7,-0.01,50,58500,卖盘
1070,14:00:12,11.71,--,18,21078,买盘
1071,14:00:09,11.71,0.01,43,50353,买盘
1072,14:00:06,11.7,--,163,190710,卖盘
1073,14:00:03,11.7,-0.01,16,18720,卖盘
1074,14:00:00,11.71,--,14,16394,买盘
1075,13:59:57,11.71,0.01,55,64405,买盘
1076,13:59:54,11.7,--,147,171990,卖盘
1077,13:59:51,11.7,--,4,4680,卖盘
1078,13:59:48,11.7,-0.01,189,221130,卖盘
1079,13:59:45,11.71,0.01,56,65576,买盘
1080,13:59:42,11.7,-0.01,86,100620,卖盘
1081,13:59:36,11.71,0.01,16,18736,买盘
1082,13:59:33,11.7,--,156,182520,卖盘
1083,13:59:30,11.7,--,100,117000,卖盘
1084,13:59:27,11.7,--,35,40950,卖盘
1085,13:59:24,11.7,--,11,12870,卖盘
1086,13:59:21,11.7,--,20,23400,卖盘
1087,13:59:15,11.7,--,39,45630,卖盘
1088,13:59:12,11.7,--,10,11700,卖盘
1089,13:59:09,11.7,--,2,2340,卖盘
1090,13:59:06,11.7,--,80,93600,卖盘
1091,13:59:03,11.7,--,14,16379,卖盘
1092,13:59:00,11.7,-0.01,12,14040,卖盘
1093,13:58:57,11.71,0.01,11,12881,买盘
1094,13:58:54,11.7,-0.01,2,2340,卖盘
1095,13:58:51,11.71,--,22,25762,卖盘
1096,13:58:48,11.71,--,83,97193,卖盘
1097,13:58:45,11.71,--,26,30446,卖盘
1098,13:58:42,11.71,--,7,8197,卖盘
1099,13:58:39,11.71,-0.01,28,32788,卖盘
1100,13:58:36,11.72,0.01,13,15236,买盘
1101,13:58:33,11.71,--,2,2342,卖盘
1102,13:58:30,11.71,--,2,2342,卖盘
1103,13:58:27,11.71,--,9,10539,卖盘
1104,13:58:24,11.71,0.01,2,2342,卖盘
1105,13:58:21,11.7,--,100,117000,卖盘
1106,13:58:18,11.7,-0.02,23,26910,卖盘
1107,13:58:15,11.72,0.02,81,94932,买盘
1108,13:58:12,11.7,--,6,7020,卖盘
1109,13:58:09,11.7,-0.01,12,14040,卖盘
1110,13:58:06,11.71,--,19,22249,卖盘
1111,13:58:03,11.71,--,106,124126,卖盘
1112,13:57:57,11.71,-0.01,11,12881,卖盘
1113,13:57:54,11.72,0.01,18,21096,买盘
1114,13:57:51,11.71,-0.01,288,337248,卖盘
1115,13:57:48,11.72,0.01,116,135952,买盘
1116,13:57:45,11.71,--,26,30446,卖盘
1117,13:57:42,11.71,--,19,22249,卖盘
1118,13:57:39,11.71,-0.01,118,138178,卖盘
1119,13:57:36,11.72,0.01,4,4688,买盘
1120,13:57:33,11.71,--,2,2342,卖盘
1121,13:57:30,11.71,-0.01,42,49182,卖盘
1122,13:57:24,11.72,0.01,14,16408,买盘
1123,13:57:21,11.71,-0.01,55,64405,卖盘
1124,13:57:15,11.72,0.01,11,12892,买盘
1125,13:57:12,11.71,-0.01,360,421560,卖盘
1126,13:57:09,11.72,--,3,3516,买盘
1127,13:57:06,11.72,0.01,1,1172,中性盘
1128,13:57:03,11.71,--,13,15223,卖盘
1129,13:56:54,11.71,--,21,24591,卖盘
1130,13:56:51,11.71,--,560,655760,卖盘
1131,13:56:48,11.71,-0.01,154,180334,卖盘
1132,13:56:45,11.72,--,133,155876,买盘
1133,13:56:42,11.72,--,14,16408,买盘
1134,13:56:39,11.72,0.01,3,3516,买盘
1135,13:56:33,11.71,--,1,1171,卖盘
1136,13:56:30,11.71,--,85,99535,卖盘
1137,13:56:27,11.71,--,1,1171,卖盘
1138,13:56:24,11.71,--,49,57379,卖盘
1139,13:56:21,11.71,-0.01,63,73773,卖盘
1140,13:56:18,11.72,0.01,15,17580,买盘
1141,13:56:15,11.71,--,133,155743,卖盘
1142,13:56:12,11.71,-0.01,56,65576,卖盘
1143,13:56:09,11.72,0.01,6,7032,买盘
1144,13:56:06,11.71,--,22,25762,卖盘
1145,13:56:03,11.71,--,2,2342,卖盘
1146,13:56:00,11.71,-0.01,2,2342,卖盘
1147,13:55:57,11.72,0.01,30,35160,卖盘
1148,13:55:54,11.71,-0.01,25,29275,卖盘
1149,13:55:51,11.72,0.01,37,43364,买盘
1150,13:55:48,11.71,-0.01,64,74944,卖盘
1151,13:55:45,11.72,0.01,287,336364,买盘
1152,13:55:42,11.71,-0.01,34,39814,卖盘
1153,13:55:36,11.72,0.01,34,39848,买盘
1154,13:55:33,11.71,-0.01,12,14052,卖盘
1155,13:55:30,11.72,0.01,55,64460,买盘
1156,13:55:27,11.71,-0.01,49,57379,卖盘
1157,13:55:24,11.72,--,1,1172,买盘
1158,13:55:21,11.72,0.01,4,4688,买盘
1159,13:55:18,11.71,-0.01,25,29275,卖盘
1160,13:55:15,11.72,0.01,4,4688,买盘
1161,13:55:12,11.71,-0.01,6,7026,卖盘
1162,13:55:09,11.72,--,22,25784,买盘
1163,13:55:06,11.72,--,513,601236,买盘
1164,13:55:03,11.72,--,13,15236,买盘
1165,13:55:00,11.72,--,4,4688,买盘
1166,13:54:57,11.72,0.01,7,8204,买盘
1167,13:54:54,11.71,-0.01,11,12881,卖盘
1168,13:54:51,11.72,0.01,13,15236,买盘
1169,13:54:48,11.71,--,63,73773,卖盘
1170,13:54:42,11.71,--,1,1171,卖盘
1171,13:54:36,11.71,-0.01,200,234200,卖盘
1172,13:54:33,11.72,0.02,13,15236,买盘
1173,13:54:30,11.7,-0.01,36,42120,卖盘
1174,13:54:27,11.71,--,17,19907,买盘
1175,13:54:24,11.71,--,50,58550,买盘
1176,13:54:21,11.71,-0.01,20,23420,卖盘
1177,13:54:18,11.72,0.02,212,248464,买盘
1178,13:54:15,11.7,--,11,12870,卖盘
1179,13:54:12,11.7,--,5,5850,卖盘
1180,13:54:09,11.7,--,50,58500,卖盘
1181,13:54:06,11.7,--,208,243359,卖盘
1182,13:54:03,11.7,-0.01,64,74880,卖盘
1183,13:54:00,11.71,0.01,663,776373,买盘
1184,13:53:57,11.7,-0.01,136,159120,卖盘
1185,13:53:54,11.71,--,1347,1577348,卖盘
1186,13:53:51,11.71,-0.01,3,3513,卖盘
1187,13:53:48,11.72,0.01,70,82040,买盘
1188,13:53:45,11.71,--,9,10539,卖盘
1189,13:53:42,11.71,-0.01,4,4684,卖盘
1190,13:53:39,11.72,--,34,39848,买盘
1191,13:53:36,11.72,0.01,6,7032,买盘
1192,13:53:33,11.71,--,10,11710,卖盘
1193,13:53:30,11.71,-0.02,23,26933,卖盘
1194,13:53:27,11.73,--,18,21114,买盘
1195,13:53:21,11.73,0.01,20,23460,买盘
1196,13:53:18,11.72,-0.01,51,59772,中性盘
1197,13:53:15,11.73,0.01,25,29325,买盘
1198,13:53:12,11.72,-0.01,6,7032,中性盘
1199,13:53:09,11.73,--,7,8211,买盘
1200,13:53:06,11.73,0.02,106,124338,买盘
1201,13:53:03,11.71,-0.01,2,2342,卖盘
1202,13:53:00,11.72,0.01,12,14064,买盘
1203,13:52:57,11.71,--,48,56208,卖盘
1204,13:52:54,11.71,-0.01,1,1171,卖盘
1205,13:52:51,11.72,--,8,9376,买盘
1206,13:52:48,11.72,--,63,73836,买盘
1207,13:52:45,11.72,--,39,45708,买盘
1208,13:52:42,11.72,--,101,118372,买盘
1209,13:52:39,11.72,0.01,13,15236,买盘
1210,13:52:36,11.71,-0.02,164,192044,卖盘
1211,13:52:33,11.73,--,142,166566,买盘
1212,13:52:30,11.73,0.01,2,2346,买盘
1213,13:52:27,11.72,--,66,77352,卖盘
1214,13:52:24,11.72,--,47,55084,卖盘
1215,13:52:21,11.72,--,314,368008,卖盘
1216,13:52:18,11.72,--,6,7032,卖盘
1217,13:52:15,11.72,--,42,49224,卖盘
1218,13:52:12,11.72,--,19,22268,卖盘
1219,13:52:09,11.72,-0.01,540,632880,卖盘
1220,13:52:06,11.73,--,1,1173,买盘
1221,13:52:03,11.73,--,105,123165,买盘
1222,13:52:00,11.73,--,160,188618,买盘
1223,13:51:57,11.73,--,115,134895,买盘
1224,13:51:54,11.73,--,3,3519,买盘
1225,13:51:51,11.73,--,42,49266,买盘
1226,13:51:48,11.73,0.01,70,82110,买盘
1227,13:51:45,11.72,--,12,14064,卖盘
1228,13:51:42,11.72,-0.01,44,51568,卖盘
1229,13:51:39,11.73,--,20,23460,买盘
1230,13:51:36,11.73,--,21,24633,买盘
1231,13:51:33,11.73,0.01,5,5865,买盘
1232,13:51:27,11.72,--,18,21096,卖盘
1233,13:51:24,11.72,--,61,71492,卖盘
1234,13:51:21,11.72,-0.01,22,25784,卖盘
1235,13:51:18,11.73,--,56,65688,买盘
1236,13:51:15,11.73,0.01,6,7038,买盘
1237,13:51:12,11.72,-0.01,16,18752,卖盘
1238,13:51:06,11.73,0.01,57,66861,买盘
1239,13:51:03,11.72,--,9,10548,卖盘
1240,13:50:57,11.72,-0.01,13,15236,卖盘
1241,13:50:54,11.73,--,53,62169,买盘
1242,13:50:51,11.73,0.01,24,28152,买盘
1243,13:50:48,11.72,--,64,75008,卖盘
1244,13:50:45,11.72,-0.01,54,63288,卖盘
1245,13:50:42,11.73,0.01,23,26979,买盘
1246,13:50:36,11.72,-0.01,10,11720,卖盘
1247,13:50:33,11.73,0.01,11,12903,买盘
1248,13:50:30,11.72,--,46,53912,卖盘
1249,13:50:27,11.72,--,265,310580,卖盘
1250,13:50:24,11.72,--,21,24612,卖盘
1251,13:50:21,11.72,--,251,294172,卖盘
1252,13:50:18,11.72,--,5,5860,卖盘
1253,13:50:15,11.72,--,122,142984,卖盘
1254,13:50:12,11.72,--,25,29300,卖盘
1255,13:50:09,11.72,-0.01,513,601236,卖盘
1256,13:50:06,11.73,0.01,1,1173,买盘
1257,13:50:03,11.72,--,11,12892,卖盘
1258,13:50:00,11.72,-0.01,151,176972,卖盘
1259,13:49:57,11.73,0.01,106,124338,买盘
1260,13:49:54,11.72,--,26,30472,卖盘
1261,13:49:51,11.72,--,1109,1299748,买盘
1262,13:49:48,11.72,--,105,123060,买盘
1263,13:49:45,11.72,--,10,11720,买盘
1264,13:49:42,11.72,0.01,14,16408,买盘
1265,13:49:39,11.71,--,12,14052,卖盘
1266,13:49:33,11.71,--,12,14052,卖盘
1267,13:49:30,11.71,--,102,119442,卖盘
1268,13:49:27,11.71,--,125,146375,卖盘
1269,13:49:24,11.71,--,5,5855,卖盘
1270,13:49:18,11.71,-0.01,29,33959,卖盘
1271,13:49:15,11.72,0.01,48,56256,买盘
1272,13:49:12,11.71,--,51,59721,卖盘
1273,13:49:09,11.71,--,33,38643,卖盘
1274,13:49:06,11.71,-0.01,26,30446,卖盘
1275,13:49:03,11.72,0.01,24,28128,买盘
1276,13:49:00,11.71,-0.01,6,7026,卖盘
1277,13:48:57,11.72,0.01,17,19924,买盘
1278,13:48:54,11.71,-0.01,98,114758,卖盘
1279,13:48:51,11.72,0.01,9,10548,买盘
1280,13:48:48,11.71,-0.01,236,276356,卖盘
1281,13:48:45,11.72,0.01,7,8204,买盘
1282,13:48:42,11.71,--,8,9368,卖盘
1283,13:48:39,11.71,-0.01,6,7026,卖盘
1284,13:48:36,11.72,0.01,42,49224,买盘
1285,13:48:33,11.71,-0.01,11,12881,卖盘
1286,13:48:30,11.72,0.01,30,35160,买盘
1287,13:48:27,11.71,--,163,190873,卖盘
1288,13:48:24,11.71,--,21,24591,卖盘
1289,13:48:21,11.71,--,181,211951,卖盘
1290,13:48:18,11.71,--,36,42156,卖盘
1291,13:48:15,11.71,--,16,18736,卖盘
1292,13:48:12,11.71,-0.01,31,36301,卖盘
1293,13:48:09,11.72,--,8,9376,买盘
1294,13:48:06,11.72,0.01,1,1172,买盘
1295,13:48:03,11.71,--,17,19907,卖盘
1296,13:48:00,11.71,-0.01,12,14052,卖盘
1297,13:47:57,11.72,--,7,8204,买盘
1298,13:47:54,11.72,0.01,27,31644,买盘
1299,13:47:51,11.71,-0.01,3,3513,卖盘
1300,13:47:48,11.72,--,64,75008,买盘
1301,13:47:45,11.72,--,133,155876,买盘
1302,13:47:42,11.72,--,5,5860,卖盘
1303,13:47:39,11.72,--,125,146500,买盘
1304,13:47:36,11.72,0.01,37,43364,买盘
1305,13:47:33,11.71,-0.01,2,2342,卖盘
1306,13:47:30,11.72,--,11,12892,买盘
1307,13:47:24,11.72,0.01,32,37504,买盘
1308,13:47:18,11.71,-0.01,62,72602,卖盘
1309,13:47:15,11.72,0.01,9,10548,买盘
1310,13:47:12,11.71,-0.01,1,1171,卖盘
1311,13:47:03,11.72,--,23,26956,卖盘
1312,13:47:00,11.72,--,12,14064,卖盘
1313,13:46:54,11.72,-0.01,18,21096,中性盘
1314,13:46:51,11.73,0.01,46,53958,买盘
1315,13:46:48,11.72,--,99,116028,卖盘
1316,13:46:45,11.72,--,67,78524,卖盘
1317,13:46:42,11.72,--,271,317612,卖盘
1318,13:46:39,11.72,--,68,79696,卖盘
1319,13:46:33,11.72,0.01,1,1172,中性盘
1320,13:46:30,11.71,-0.02,15,17565,卖盘
1321,13:46:27,11.73,0.02,16,18768,买盘
1322,13:46:24,11.71,--,109,127639,卖盘
1323,13:46:18,11.71,-0.02,169,197899,卖盘
1324,13:46:15,11.73,0.01,261,306153,买盘
1325,13:46:12,11.72,--,70,82040,卖盘
1326,13:46:09,11.72,--,9,10548,卖盘
1327,13:46:06,11.72,-0.01,45,52740,卖盘
1328,13:46:03,11.73,--,62,72726,买盘
1329,13:46:00,11.73,0.01,21,24633,买盘
1330,13:45:54,11.72,-0.01,90,105480,卖盘
1331,13:45:51,11.73,0.01,14,16422,买盘
1332,13:45:48,11.72,--,15,17580,买盘
1333,13:45:45,11.72,--,34,39848,买盘
1334,13:45:39,11.72,-0.01,187,219164,卖盘
1335,13:45:36,11.73,0.01,4,4692,买盘
1336,13:45:33,11.72,--,93,108996,卖盘
1337,13:45:30,11.72,-0.01,81,94932,卖盘
1338,13:45:27,11.73,0.01,16,18768,买盘
1339,13:45:21,11.72,--,54,63288,卖盘
1340,13:45:18,11.72,-0.01,24,28128,卖盘
1341,13:45:15,11.73,0.01,129,151317,买盘
1342,13:45:12,11.72,-0.01,1,1172,卖盘
1343,13:45:03,11.73,-0.01,64,75072,买盘
1344,13:44:57,11.74,0.02,287,336938,买盘
1345,13:44:54,11.72,-0.01,44,51568,卖盘
1346,13:44:51,11.73,0.01,18,21114,中性盘
1347,13:44:48,11.72,-0.02,288,337536,卖盘
1348,13:44:45,11.74,--,11,12914,买盘
1349,13:44:42,11.74,--,111,130314,买盘
1350,13:44:39,11.74,0.01,16,18784,买盘
1351,13:44:36,11.73,-0.01,111,130203,卖盘
1352,13:44:33,11.74,--,118,138532,买盘
1353,13:44:30,11.74,--,100,117400,买盘
1354,13:44:27,11.74,--,314,368636,买盘
1355,13:44:24,11.74,--,61,71614,买盘
1356,13:44:21,11.74,--,198,232452,买盘
1357,13:44:18,11.74,--,30,35220,买盘
1358,13:44:15,11.74,--,12,14088,买盘
1359,13:44:12,11.74,--,172,201928,买盘
1360,13:44:09,11.74,--,30,35220,买盘
1361,13:44:06,11.74,--,59,69266,买盘
1362,13:44:03,11.74,--,22,25828,买盘
1363,13:44:00,11.74,--,25,29350,买盘
1364,13:43:57,11.74,--,25,29350,买盘
1365,13:43:54,11.74,--,21,24654,买盘
1366,13:43:51,11.74,0.01,22,25828,买盘
1367,13:43:48,11.73,-0.01,84,98532,卖盘
1368,13:43:45,11.74,--,11,12914,买盘
1369,13:43:42,11.74,--,14,16436,买盘
1370,13:43:39,11.74,--,38,44612,买盘
1371,13:43:36,11.74,--,45,52830,买盘
1372,13:43:33,11.74,--,18,21132,买盘
1373,13:43:30,11.74,0.01,17,19958,买盘
1374,13:43:27,11.73,-0.01,77,90321,卖盘
1375,13:43:24,11.74,--,23,27002,买盘
1376,13:43:21,11.74,0.01,16,18784,买盘
1377,13:43:18,11.73,-0.01,113,132549,卖盘
1378,13:43:15,11.74,0.01,65,76310,买盘
1379,13:43:12,11.73,--,18,21114,卖盘
1380,13:43:09,11.73,-0.01,52,60996,卖盘
1381,13:43:06,11.74,--,38,44612,买盘
1382,13:43:03,11.74,--,136,159664,买盘
1383,13:43:00,11.74,0.02,25,29350,买盘
1384,13:42:57,11.72,-0.01,110,128920,卖盘
1385,13:42:54,11.73,--,11,12903,买盘
1386,13:42:51,11.73,-0.01,239,280347,卖盘
1387,13:42:48,11.74,0.01,22,25828,买盘
1388,13:42:45,11.73,0.01,91,106743,买盘
1389,13:42:42,11.72,-0.02,56,65632,卖盘
1390,13:42:39,11.74,0.02,115,135010,买盘
1391,13:42:36,11.72,-0.01,123,144156,卖盘
1392,13:42:33,11.73,--,7,8211,买盘
1393,13:42:30,11.73,0.01,17,19941,买盘
1394,13:42:27,11.72,--,127,148844,卖盘
1395,13:42:24,11.72,--,45,52740,卖盘
1396,13:42:18,11.72,-0.01,84,98448,卖盘
1397,13:42:15,11.73,--,38,44574,卖盘
1398,13:42:12,11.73,0.01,29,34017,买盘
1399,13:42:09,11.72,-0.02,49,57428,卖盘
1400,13:42:06,11.74,0.01,67,78658,买盘
1401,13:42:03,11.73,--,95,111435,卖盘
1402,13:42:00,11.73,-0.01,102,119646,卖盘
1403,13:41:57,11.74,--,5,5870,买盘
1404,13:41:54,11.74,0.02,10,11740,买盘
1405,13:41:51,11.72,-0.02,12,14064,卖盘
1406,13:41:48,11.74,--,47,55178,买盘
1407,13:41:45,11.74,--,62,72788,买盘
1408,13:41:42,11.74,0.02,80,93920,买盘
1409,13:41:39,11.72,--,147,172284,卖盘
1410,13:41:36,11.72,--,29,33988,卖盘
1411,13:41:33,11.72,-0.01,10,11720,卖盘
1412,13:41:30,11.73,0.01,30,35190,买盘
1413,13:41:27,11.72,--,1,1172,卖盘
1414,13:41:24,11.72,-0.01,42,49224,卖盘
1415,13:41:21,11.73,--,10,11730,卖盘
1416,13:41:18,11.73,--,70,82110,卖盘
1417,13:41:12,11.73,0.01,22,25806,卖盘
1418,13:41:09,11.72,-0.01,121,141812,卖盘
1419,13:41:06,11.73,--,5,5865,卖盘
1420,13:41:03,11.73,0.01,2,2346,中性盘
1421,13:41:00,11.72,-0.02,94,110168,卖盘
1422,13:40:57,11.74,0.01,52,61048,买盘
1423,13:40:54,11.73,-0.01,33,38709,卖盘
1424,13:40:51,11.74,--,2,2348,买盘
1425,13:40:48,11.74,0.01,89,104486,买盘
1426,13:40:45,11.73,--,19,22287,卖盘
1427,13:40:42,11.73,-0.01,133,156009,卖盘
1428,13:40:39,11.74,--,20,23480,买盘
1429,13:40:36,11.74,0.01,7,8218,买盘
1430,13:40:33,11.73,--,30,35190,卖盘
1431,13:40:30,11.73,--,93,109089,卖盘
1432,13:40:27,11.73,-0.01,56,65688,卖盘
1433,13:40:24,11.74,--,21,24654,买盘
1434,13:40:21,11.74,0.01,102,119748,买盘
1435,13:40:18,11.73,-0.01,42,49266,卖盘
1436,13:40:12,11.74,--,7,8218,买盘
1437,13:40:09,11.74,0.01,30,35220,买盘
1438,13:40:03,11.73,-0.01,15,17595,卖盘
1439,13:40:00,11.74,0.01,50,58700,买盘
1440,13:39:57,11.73,-0.01,1,1173,卖盘
1441,13:39:54,11.74,--,3,3522,买盘
1442,13:39:51,11.74,0.01,98,115052,买盘
1443,13:39:48,11.73,-0.01,11,12903,卖盘
1444,13:39:45,11.74,0.01,112,131488,买盘
1445,13:39:42,11.73,--,80,93840,卖盘
1446,13:39:39,11.73,-0.01,7,8211,卖盘
1447,13:39:36,11.74,--,34,39916,买盘
1448,13:39:33,11.74,--,27,31698,买盘
1449,13:39:30,11.74,0.01,79,92746,买盘
1450,13:39:27,11.73,--,97,113781,卖盘
1451,13:39:24,11.73,-0.01,5,5865,卖盘
1452,13:39:21,11.74,--,7,8218,买盘
1453,13:39:18,11.74,0.01,59,69266,买盘
1454,13:39:15,11.73,--,65,76245,卖盘
1455,13:39:12,11.73,-0.01,22,25806,卖盘
1456,13:39:09,11.74,0.01,7,8218,买盘
1457,13:39:06,11.73,--,122,143106,卖盘
1458,13:39:03,11.73,--,42,49266,卖盘
1459,13:39:00,11.73,-0.01,7,8211,卖盘
1460,13:38:57,11.74,0.01,35,41090,买盘
1461,13:38:54,11.73,-0.01,15,17595,卖盘
1462,13:38:51,11.74,--,67,78658,买盘
1463,13:38:48,11.74,--,23,27002,买盘
1464,13:38:45,11.74,0.01,77,90398,买盘
1465,13:38:42,11.73,--,1,1173,卖盘
1466,13:38:39,11.73,-0.01,11,12903,卖盘
1467,13:38:36,11.74,0.01,54,63396,买盘
1468,13:38:33,11.73,--,1,1173,卖盘
1469,13:38:30,11.73,--,11,12903,卖盘
1470,13:38:27,11.73,--,7,8211,卖盘
1471,13:38:24,11.73,--,16,18768,卖盘
1472,13:38:18,11.73,--,6,7038,卖盘
1473,13:38:15,11.73,--,9,10557,卖盘
1474,13:38:12,11.73,-0.01,9,10557,卖盘
1475,13:38:09,11.74,--,3,3522,买盘
1476,13:38:06,11.74,0.01,11,12914,买盘
1477,13:38:03,11.73,--,23,26979,卖盘
1478,13:38:00,11.73,--,38,44574,卖盘
1479,13:37:57,11.73,--,24,28152,卖盘
1480,13:37:54,11.73,-0.01,1,1173,卖盘
1481,13:37:51,11.74,--,6,7044,买盘
1482,13:37:48,11.74,--,9,10566,买盘
1483,13:37:45,11.74,--,71,83354,买盘
1484,13:37:42,11.74,--,13,15262,买盘
1485,13:37:39,11.74,--,5,5870,买盘
1486,13:37:36,11.74,0.01,49,57526,买盘
1487,13:37:33,11.73,-0.01,212,248676,卖盘
1488,13:37:30,11.74,--,4,4696,买盘
1489,13:37:27,11.74,--,24,28176,买盘
1490,13:37:24,11.74,--,193,226582,买盘
1491,13:37:21,11.74,--,12,14088,买盘
1492,13:37:18,11.74,--,13,15262,买盘
1493,13:37:12,11.74,-0.01,153,179622,卖盘
1494,13:37:09,11.75,0.01,97,113975,买盘
1495,13:37:06,11.74,--,524,615176,卖盘
1496,13:37:03,11.74,--,22,25828,卖盘
1497,13:36:57,11.74,--,10,11740,卖盘
1498,13:36:54,11.74,--,213,250062,卖盘
1499,13:36:51,11.74,--,33,38742,卖盘
1500,13:36:48,11.74,-0.01,1,1174,卖盘
1501,13:36:45,11.75,0.01,97,113975,买盘
1502,13:36:42,11.74,--,121,142054,买盘
1503,13:36:39,11.74,--,130,152620,买盘
1504,13:36:36,11.74,0.01,123,144402,买盘
1505,13:36:33,11.73,-0.01,121,141933,卖盘
1506,13:36:30,11.74,-0.01,18,21132,卖盘
1507,13:36:27,11.75,0.01,22,25850,买盘
1508,13:36:24,11.74,--,408,478992,卖盘
1509,13:36:15,11.74,--,13,15262,卖盘
1510,13:36:12,11.74,-0.01,156,183144,卖盘
1511,13:36:09,11.75,0.01,135,158625,买盘
1512,13:36:06,11.74,--,91,106834,卖盘
1513,13:36:03,11.74,--,73,85702,卖盘
1514,13:36:00,11.74,-0.01,227,266498,卖盘
1515,13:35:57,11.75,0.01,140,164500,买盘
1516,13:35:54,11.74,-0.01,14,16436,卖盘
1517,13:35:51,11.75,--,101,118675,买盘
1518,13:35:48,11.75,--,155,182125,买盘
1519,13:35:45,11.75,--,63,74025,买盘
1520,13:35:42,11.75,--,86,101050,买盘
1521,13:35:39,11.75,--,11,12925,买盘
1522,13:35:33,11.75,0.01,91,106925,买盘
1523,13:35:30,11.74,--,1,1174,卖盘
1524,13:35:27,11.74,-0.01,1,1174,卖盘
1525,13:35:24,11.75,--,20,23500,买盘
1526,13:35:21,11.75,0.01,10,11750,买盘
1527,13:35:18,11.74,--,75,88050,卖盘
1528,13:35:15,11.74,--,64,75136,卖盘
1529,13:35:12,11.74,-0.01,2,2348,中性盘
1530,13:35:09,11.75,0.03,57,66975,买盘
1531,13:35:06,11.72,-0.01,811,950492,卖盘
1532,13:35:03,11.73,--,4378,5135394,卖盘
1533,13:35:00,11.73,-0.01,5,5865,卖盘
1534,13:34:57,11.74,0.01,21,24654,买盘
1535,13:34:54,11.73,-0.01,2,2346,卖盘
1536,13:34:51,11.74,0.01,202,237148,买盘
1537,13:34:48,11.73,-0.01,25,29325,卖盘
1538,13:34:45,11.74,0.01,162,190188,买盘
1539,13:34:39,11.73,--,1,1173,卖盘
1540,13:34:36,11.73,--,148,173604,卖盘
1541,13:34:33,11.73,--,1,1173,卖盘
1542,13:34:27,11.73,--,13,15249,卖盘
1543,13:34:24,11.73,--,1,1173,卖盘
1544,13:34:21,11.73,--,286,335478,卖盘
1545,13:34:18,11.73,--,6,7038,卖盘
1546,13:34:15,11.73,--,90,105570,卖盘
1547,13:34:12,11.73,-0.01,15,17595,卖盘
1548,13:34:09,11.74,0.01,4,4696,买盘
1549,13:34:06,11.73,--,12,14076,卖盘
1550,13:34:03,11.73,--,7,8211,卖盘
1551,13:34:00,11.73,0.01,405,475065,买盘
1552,13:33:57,11.72,-0.01,1,1172,卖盘
1553,13:33:54,11.73,--,40,46920,买盘
1554,13:33:45,11.73,0.01,63,73899,买盘
1555,13:33:42,11.72,--,31,36332,卖盘
1556,13:33:39,11.72,-0.01,51,59772,卖盘
1557,13:33:36,11.73,--,15,17595,买盘
1558,13:33:33,11.73,0.01,14,16422,买盘
1559,13:33:27,11.72,-0.01,1,1172,卖盘
1560,13:33:21,11.73,--,6,7038,买盘
1561,13:33:18,11.73,--,70,82110,买盘
1562,13:33:15,11.73,0.01,34,39882,买盘
1563,13:33:12,11.72,--,2,2344,卖盘
1564,13:33:09,11.72,--,4,4688,卖盘
1565,13:33:06,11.72,--,27,31644,卖盘
1566,13:33:03,11.72,-0.01,8,9376,卖盘
1567,13:33:00,11.73,--,14,16422,买盘
1568,13:32:57,11.73,0.01,11,12903,买盘
1569,13:32:54,11.72,-0.01,1,1172,卖盘
1570,13:32:51,11.73,0.01,38,44574,买盘
1571,13:32:48,11.72,-0.01,4,4688,卖盘
1572,13:32:45,11.73,0.01,62,72726,买盘
1573,13:32:42,11.72,--,6,7032,卖盘
1574,13:32:39,11.72,--,26,30472,卖盘
1575,13:32:33,11.72,--,3,3516,卖盘
1576,13:32:30,11.72,--,25,29300,卖盘
1577,13:32:27,11.72,-0.01,3,3516,卖盘
1578,13:32:24,11.73,0.01,17,19941,买盘
1579,13:32:18,11.72,-0.01,131,153532,卖盘
1580,13:32:12,11.73,--,13,15249,买盘
1581,13:32:09,11.73,--,32,37536,买盘
1582,13:32:00,11.73,0.01,191,224043,买盘
1583,13:31:57,11.72,--,42,49224,卖盘
1584,13:31:54,11.72,--,14,16408,卖盘
1585,13:31:51,11.72,--,189,221508,卖盘
1586,13:31:48,11.72,--,64,75008,卖盘
1587,13:31:42,11.72,-0.01,1,1172,卖盘
1588,13:31:39,11.73,--,22,25806,买盘
1589,13:31:36,11.73,--,1,1173,买盘
1590,13:31:33,11.73,--,11,12903,买盘
1591,13:31:30,11.73,0.01,48,56304,买盘
1592,13:31:27,11.72,--,13,15236,卖盘
1593,13:31:24,11.72,-0.02,11,12892,卖盘
1594,13:31:15,11.74,0.01,58,68092,买盘
1595,13:31:12,11.73,--,14,16422,卖盘
1596,13:31:09,11.73,-0.01,26,30498,卖盘
1597,13:31:06,11.74,0.01,3,3522,买盘
1598,13:31:03,11.73,--,15,17595,卖盘
1599,13:31:00,11.73,-0.01,20,23460,卖盘
1600,13:30:57,11.74,0.01,2,2348,买盘
1601,13:30:54,11.73,--,1,1173,卖盘
1602,13:30:51,11.73,--,25,29325,卖盘
1603,13:30:48,11.73,-0.01,177,207621,卖盘
1604,13:30:45,11.74,0.01,84,98616,买盘
1605,13:30:39,11.73,--,46,53958,卖盘
1606,13:30:36,11.73,--,10,11730,卖盘
1607,13:30:33,11.73,--,65,76245,卖盘
1608,13:30:30,11.73,--,1,1173,卖盘
1609,13:30:27,11.73,--,159,186507,卖盘
1610,13:30:24,11.73,-0.01,69,80937,卖盘
1611,13:30:18,11.74,0.01,5,5870,买盘
1612,13:30:15,11.73,--,44,51612,卖盘
1613,13:30:12,11.73,-0.01,77,90321,卖盘
1614,13:30:09,11.74,--,50,58700,买盘
1615,13:30:06,11.74,0.01,10,11740,买盘
1616,13:30:03,11.73,--,14,16422,卖盘
1617,13:30:00,11.73,--,15,17595,卖盘
1618,13:29:57,11.73,--,29,34017,卖盘
1619,13:29:54,11.73,--,2,2346,卖盘
1620,13:29:51,11.73,-0.01,2,2346,卖盘
1621,13:29:45,11.74,0.01,62,72788,买盘
1622,13:29:42,11.73,--,15,17595,卖盘
1623,13:29:39,11.73,--,1,1173,卖盘
1624,13:29:36,11.73,--,12,14076,卖盘
1625,13:29:33,11.73,-0.01,58,68034,卖盘
1626,13:29:30,11.74,0.01,14,16436,买盘
1627,13:29:27,11.73,--,3,3519,卖盘
1628,13:29:24,11.73,--,13,15249,卖盘
1629,13:29:18,11.73,-0.01,1,1173,卖盘
1630,13:29:15,11.74,0.01,66,77484,买盘
1631,13:29:12,11.73,-0.01,32,37536,卖盘
1632,13:29:09,11.74,--,11,12914,买盘
1633,13:29:03,11.74,--,40,46960,买盘
1634,13:29:00,11.74,0.01,4,4696,买盘
1635,13:28:57,11.73,--,1,1173,卖盘
1636,13:28:54,11.73,--,1,1173,卖盘
1637,13:28:51,11.73,-0.01,198,232254,卖盘
1638,13:28:45,11.74,--,63,73962,买盘
1639,13:28:42,11.74,0.01,29,34046,买盘
1640,13:28:39,11.73,--,13,15249,卖盘
1641,13:28:33,11.73,--,2,2346,卖盘
1642,13:28:30,11.73,--,10,11730,卖盘
1643,13:28:27,11.73,--,11,12903,卖盘
1644,13:28:24,11.73,--,5,5865,卖盘
1645,13:28:18,11.73,-0.01,36,42228,卖盘
1646,13:28:15,11.74,0.01,85,99790,买盘
1647,13:28:12,11.73,-0.01,2,2346,卖盘
1648,13:28:09,11.74,--,4,4696,买盘
1649,13:28:03,11.74,--,10,11740,买盘
1650,13:28:00,11.74,0.01,13,15262,买盘
1651,13:27:57,11.73,--,1,1173,卖盘
1652,13:27:54,11.73,--,3,3519,卖盘
1653,13:27:51,11.73,--,13,15249,卖盘
1654,13:27:45,11.73,--,41,48093,买盘
1655,13:27:42,11.73,0.01,50,58650,买盘
1656,13:27:39,11.72,--,23,26956,卖盘
1657,13:27:36,11.72,--,5,5860,卖盘
1658,13:27:33,11.72,--,2,2344,卖盘
1659,13:27:30,11.72,-0.01,177,207444,卖盘
1660,13:27:27,11.73,--,23,26979,买盘
1661,13:27:24,11.73,0.01,8,9384,买盘
1662,13:27:21,11.72,--,10,11720,卖盘
1663,13:27:18,11.72,-0.01,1,1172,卖盘
1664,13:27:12,11.73,--,60,70380,买盘
1665,13:27:06,11.73,0.01,100,117300,买盘
1666,13:27:03,11.72,--,80,93760,卖盘
1667,13:26:57,11.72,--,12,14064,卖盘
1668,13:26:54,11.72,-0.01,2,2344,卖盘
1669,13:26:51,11.73,--,115,134895,买盘
1670,13:26:45,11.73,--,73,85629,买盘
1671,13:26:42,11.73,0.01,22,25806,买盘
1672,13:26:39,11.72,-0.01,6,7032,卖盘
1673,13:26:36,11.73,--,301,353073,买盘
1674,13:26:33,11.73,0.01,2,2346,买盘
1675,13:26:30,11.72,-0.01,55,64460,卖盘
1676,13:26:27,11.73,--,6,7038,买盘
1677,13:26:21,11.73,--,26,30498,买盘
1678,13:26:15,11.73,0.01,17,19941,买盘
1679,13:26:12,11.72,-0.01,24,28128,卖盘
1680,13:26:03,11.73,0.01,16,18768,买盘
1681,13:26:00,11.72,--,14,16408,卖盘
1682,13:25:57,11.72,--,1,1172,卖盘
1683,13:25:54,11.72,-0.01,6,7032,卖盘
1684,13:25:45,11.73,0.01,178,208794,买盘
1685,13:25:42,11.72,--,35,41020,卖盘
1686,13:25:39,11.72,-0.01,1,1172,卖盘
1687,13:25:33,11.73,0.01,62,72726,买盘
1688,13:25:30,11.72,--,1,1172,卖盘
1689,13:25:27,11.72,0.01,3,3516,卖盘
1690,13:25:21,11.71,-0.01,5,5855,卖盘
1691,13:25:18,11.72,--,12,14064,卖盘
1692,13:25:15,11.72,0.01,102,119544,买盘
1693,13:25:12,11.71,-0.01,13,15223,卖盘
1694,13:25:09,11.72,--,9,10548,买盘
1695,13:25:03,11.72,--,2,2344,买盘
1696,13:25:00,11.72,--,19,22268,卖盘
1697,13:24:57,11.72,0.01,24,28128,买盘
1698,13:24:54,11.71,--,128,149888,卖盘
1699,13:24:51,11.71,--,17,19907,卖盘
1700,13:24:48,11.71,-0.01,142,167066,卖盘
1701,13:24:45,11.72,0.01,223,261356,买盘
1702,13:24:39,11.71,-0.01,1,1171,卖盘
1703,13:24:36,11.72,0.01,13,15236,买盘
1704,13:24:33,11.71,--,18,21078,卖盘
1705,13:24:30,11.71,-0.01,14,16394,卖盘
1706,13:24:27,11.72,--,21,24612,买盘
1707,13:24:24,11.72,0.01,58,67976,买盘
1708,13:24:12,11.71,--,70,81970,卖盘
1709,13:24:06,11.71,--,312,365352,卖盘
1710,13:24:03,11.71,--,6,7026,卖盘
1711,13:24:00,11.71,--,50,58550,卖盘
1712,13:23:57,11.71,--,14,16394,卖盘
1713,13:23:54,11.71,-0.01,154,180334,卖盘
1714,13:23:51,11.72,0.01,6,7032,买盘
1715,13:23:48,11.71,--,64,74944,卖盘
1716,13:23:45,11.71,--,87,101877,卖盘
1717,13:23:42,11.71,--,186,217806,卖盘
1718,13:23:39,11.71,--,1,1171,卖盘
1719,13:23:33,11.71,-0.01,15,17565,卖盘
1720,13:23:30,11.72,--,129,151188,买盘
1721,13:23:27,11.72,0.01,5,5860,买盘
1722,13:23:18,11.71,-0.01,300,351686,卖盘
1723,13:23:12,11.72,--,7,8204,卖盘
1724,13:23:09,11.72,--,60,70320,卖盘
1725,13:23:06,11.72,-0.01,2,2344,卖盘
1726,13:23:03,11.73,--,1,1173,买盘
1727,13:22:57,11.73,0.01,72,84456,买盘
1728,13:22:54,11.72,--,19,22268,卖盘
1729,13:22:48,11.72,-0.01,1,1172,卖盘
1730,13:22:45,11.73,0.01,63,73899,买盘
1731,13:22:42,11.72,--,17,19924,卖盘
1732,13:22:39,11.72,--,1,1172,卖盘
1733,13:22:33,11.72,--,1,1172,卖盘
1734,13:22:27,11.72,--,2,2344,卖盘
1735,13:22:24,11.72,--,87,101964,卖盘
1736,13:22:21,11.72,-0.01,126,147672,卖盘
1737,13:22:18,11.73,0.01,87,102051,买盘
1738,13:22:15,11.72,--,50,58600,卖盘
1739,13:22:12,11.72,-0.01,55,64460,卖盘
1740,13:22:09,11.73,0.01,3,3519,买盘
1741,13:22:03,11.72,--,12,14064,卖盘
1742,13:21:57,11.72,-0.01,5,5860,卖盘
1743,13:21:45,11.73,--,62,72726,买盘
1744,13:21:42,11.73,0.01,9,10557,买盘
1745,13:21:39,11.72,-0.01,1,1172,卖盘
1746,13:21:36,11.73,--,2,2346,卖盘
1747,13:21:33,11.73,--,40,46920,卖盘
1748,13:21:30,11.73,--,12,14076,卖盘
1749,13:21:27,11.73,--,2,2346,卖盘
1750,13:21:24,11.73,--,14,16422,卖盘
1751,13:21:18,11.73,--,10,11730,卖盘
1752,13:21:12,11.73,--,2,2346,卖盘
1753,13:21:09,11.73,--,66,77418,卖盘
1754,13:21:06,11.73,--,2,2346,卖盘
1755,13:21:03,11.73,-0.01,2,2346,卖盘
1756,13:21:00,11.74,0.01,15,17610,买盘
1757,13:20:57,11.73,-0.01,161,188853,卖盘
1758,13:20:54,11.74,0.01,19,22306,买盘
1759,13:20:51,11.73,-0.01,53,62169,卖盘
1760,13:20:48,11.74,--,12,14088,买盘
1761,13:20:45,11.74,0.01,63,73962,买盘
1762,13:20:39,11.73,--,4,4692,卖盘
1763,13:20:30,11.73,--,1,1173,卖盘
1764,13:20:27,11.73,--,33,38709,卖盘
1765,13:20:24,11.73,--,512,600576,卖盘
1766,13:20:21,11.73,--,50,58650,卖盘
1767,13:20:15,11.73,-0.01,20,23460,卖盘
1768,13:20:12,11.74,--,12,14088,买盘
1769,13:20:09,11.74,0.01,25,29350,买盘
1770,13:20:06,11.73,--,10,11730,卖盘
1771,13:20:03,11.73,--,5,5865,卖盘
1772,13:20:00,11.73,--,505,592365,卖盘
1773,13:19:57,11.73,--,41,48093,卖盘
1774,13:19:48,11.73,--,1,1173,卖盘
1775,13:19:45,11.73,--,77,90321,卖盘
1776,13:19:39,11.73,--,43,50439,卖盘
1777,13:19:36,11.73,--,5,5865,卖盘
1778,13:19:33,11.73,--,13,15249,卖盘
1779,13:19:30,11.73,--,12,14076,卖盘
1780,13:19:27,11.73,--,7,8211,卖盘
1781,13:19:24,11.73,--,15,17595,卖盘
1782,13:19:09,11.73,-0.01,49,57477,卖盘
1783,13:19:06,11.74,0.01,16,18784,买盘
1784,13:19:03,11.73,--,12,14076,卖盘
1785,13:18:57,11.73,-0.01,1,1173,卖盘
1786,13:18:54,11.74,0.01,37,43438,买盘
1787,13:18:51,11.73,--,4,4692,卖盘
1788,13:18:48,11.73,-0.01,2,2346,卖盘
1789,13:18:45,11.74,0.01,62,72788,买盘
1790,13:18:42,11.73,--,45,52785,卖盘
1791,13:18:39,11.73,--,21,24633,卖盘
1792,13:18:36,11.73,--,9,10557,卖盘
1793,13:18:30,11.73,--,15,17595,卖盘
1794,13:18:27,11.73,--,254,297942,买盘
1795,13:18:21,11.73,--,22,25806,卖盘
1796,13:18:18,11.73,--,39,45747,卖盘
1797,13:18:12,11.73,-0.01,10,11730,卖盘
1798,13:18:09,11.74,--,9,10566,买盘
1799,13:18:06,11.74,0.01,317,372158,买盘
1800,13:18:03,11.73,--,80,93840,卖盘
1801,13:18:00,11.73,--,30,35190,卖盘
1802,13:17:57,11.73,--,16,18768,卖盘
1803,13:17:54,11.73,-0.01,10,11730,卖盘
1804,13:17:48,11.74,--,25,29350,买盘
1805,13:17:45,11.74,0.01,235,275890,买盘
1806,13:17:42,11.73,0.01,111,130203,买盘
1807,13:17:39,11.72,-0.01,1,1172,卖盘
1808,13:17:36,11.73,--,12,14076,卖盘
1809,13:17:33,11.73,--,10,11730,卖盘
1810,13:17:30,11.73,--,15,17595,卖盘
1811,13:17:27,11.73,-0.01,1,1173,卖盘
1812,13:17:24,11.74,--,121,142054,买盘
1813,13:17:21,11.74,0.01,102,119748,买盘
1814,13:17:15,11.73,--,20,23460,卖盘
1815,13:17:12,11.73,--,15,17595,卖盘
1816,13:17:09,11.73,-0.01,12,14076,卖盘
1817,13:17:06,11.74,0.01,121,142054,买盘
1818,13:17:03,11.73,--,66,77418,卖盘
1819,13:16:57,11.73,--,38,44574,卖盘
1820,13:16:54,11.73,--,7,8211,卖盘
1821,13:16:51,11.73,--,1,1173,卖盘
1822,13:16:48,11.73,--,372,436356,卖盘
1823,13:16:45,11.73,--,80,93840,卖盘
1824,13:16:42,11.73,--,16,18768,卖盘
1825,13:16:39,11.73,-0.01,5,5865,卖盘
1826,13:16:36,11.74,0.01,125,146750,买盘
1827,13:16:33,11.73,-0.01,10,11730,卖盘
1828,13:16:30,11.74,0.01,15,17610,买盘
1829,13:16:27,11.73,--,6,7038,卖盘
1830,13:16:24,11.73,-0.01,9,10557,卖盘
1831,13:16:21,11.74,--,37,43438,买盘
1832,13:16:18,11.74,--,6,7044,买盘
1833,13:16:15,11.74,--,4,4696,买盘
1834,13:16:12,11.74,--,165,193710,买盘
1835,13:16:09,11.74,--,130,152620,买盘
1836,13:16:06,11.74,--,24,28176,卖盘
1837,13:16:03,11.74,--,2,2348,卖盘
1838,13:15:57,11.74,--,1,1174,卖盘
1839,13:15:54,11.74,--,5,5870,卖盘
1840,13:15:51,11.74,-0.01,34,39916,卖盘
1841,13:15:48,11.75,--,510,599250,买盘
1842,13:15:45,11.75,0.01,112,131600,买盘
1843,13:15:42,11.74,-0.01,4,4696,卖盘
1844,13:15:39,11.75,0.01,17,19975,买盘
1845,13:15:36,11.74,-0.01,10,11740,卖盘
1846,13:15:27,11.75,0.01,52,61100,买盘
1847,13:15:24,11.74,--,13,15262,卖盘
1848,13:15:21,11.74,--,447,524778,卖盘
1849,13:15:15,11.74,--,1,1174,卖盘
1850,13:15:12,11.74,-0.01,36,42264,卖盘
1851,13:15:09,11.75,0.01,21,24675,买盘
1852,13:15:06,11.74,-0.01,10,11740,卖盘
1853,13:15:03,11.75,0.01,17,19975,买盘
1854,13:15:00,11.74,--,16,18784,卖盘
1855,13:14:57,11.74,-0.01,1,1174,卖盘
1856,13:14:54,11.75,0.01,17,19975,买盘
1857,13:14:48,11.74,-0.01,6,7044,卖盘
1858,13:14:45,11.75,0.01,63,74025,买盘
1859,13:14:42,11.74,0.01,379,444946,买盘
1860,13:14:39,11.73,-0.01,168,197064,卖盘
1861,13:14:36,11.74,-0.01,409,480166,卖盘
1862,13:14:33,11.75,--,305,358375,买盘
1863,13:14:27,11.75,--,7,8225,买盘
1864,13:14:24,11.75,--,100,117500,买盘
1865,13:14:21,11.75,0.01,7,8225,买盘
1866,13:14:18,11.74,--,6,7044,卖盘
1867,13:14:12,11.74,-0.01,1,1174,卖盘
1868,13:14:09,11.75,0.01,98,115150,买盘
1869,13:14:03,11.74,--,20,23480,卖盘
1870,13:14:00,11.74,-0.01,45,52830,卖盘
1871,13:13:57,11.75,0.01,9,10575,买盘
1872,13:13:54,11.74,--,126,147924,卖盘
1873,13:13:51,11.74,--,2,2348,卖盘
1874,13:13:48,11.74,-0.01,2,2348,卖盘
1875,13:13:45,11.75,0.01,103,121025,买盘
1876,13:13:42,11.74,--,105,123270,买盘
1877,13:13:39,11.74,0.01,8,9392,买盘
1878,13:13:36,11.73,--,11,12903,卖盘
1879,13:13:33,11.73,--,164,192372,卖盘
1880,13:13:27,11.73,--,56,65688,卖盘
1881,13:13:24,11.73,--,7,8211,卖盘
1882,13:13:18,11.73,-0.01,2,2346,卖盘
1883,13:13:15,11.74,0.01,24,28176,买盘
1884,13:13:09,11.73,0.01,15,17595,买盘
1885,13:13:06,11.72,--,75,87900,卖盘
1886,13:13:03,11.72,-0.01,36,42192,卖盘
1887,13:13:00,11.73,0.01,7,8211,买盘
1888,13:12:57,11.72,-0.01,266,311752,卖盘
1889,13:12:54,11.73,--,207,242811,买盘
1890,13:12:51,11.73,-0.01,261,306153,卖盘
1891,13:12:45,11.74,0.01,63,73962,买盘
1892,13:12:42,11.73,--,17,19941,卖盘
1893,13:12:39,11.73,-0.01,9,10557,卖盘
1894,13:12:36,11.74,--,5,5870,买盘
1895,13:12:33,11.74,0.01,47,55178,买盘
1896,13:12:30,11.73,--,12,14076,卖盘
1897,13:12:27,11.73,--,2,2346,卖盘
1898,13:12:24,11.73,--,1,1173,卖盘
1899,13:12:21,11.73,--,124,145452,买盘
1900,13:12:18,11.73,--,70,82110,买盘
1901,13:12:15,11.73,--,6,7038,买盘
1902,13:12:09,11.73,--,86,100878,买盘
1903,13:12:06,11.73,--,15,17595,买盘
1904,13:12:00,11.73,-0.02,84,98532,卖盘
1905,13:11:57,11.75,--,86,101050,买盘
1906,13:11:54,11.75,--,52,61100,买盘
1907,13:11:51,11.75,0.02,1,1175,买盘
1908,13:11:48,11.73,-0.02,26,30498,卖盘
1909,13:11:45,11.75,--,69,81075,买盘
1910,13:11:36,11.75,--,2,2350,买盘
1911,13:11:33,11.75,0.01,6,7050,买盘
1912,13:11:30,11.74,--,25,29350,卖盘
1913,13:11:27,11.74,--,12,14088,卖盘
1914,13:11:24,11.74,-0.01,23,27002,卖盘
1915,13:11:21,11.75,0.01,26,30550,买盘
1916,13:11:18,11.74,--,22,25828,卖盘
1917,13:11:15,11.74,--,5,5870,卖盘
1918,13:11:12,11.74,-0.01,18,21132,卖盘
1919,13:11:09,11.75,0.03,18,21150,买盘
1920,13:11:06,11.72,--,6,7032,卖盘
1921,13:11:03,11.72,-0.01,145,169940,卖盘
1922,13:10:57,11.73,--,117,137241,卖盘
1923,13:10:54,11.73,-0.01,22,25806,卖盘
1924,13:10:51,11.74,0.01,8,9392,买盘
1925,13:10:48,11.73,-0.01,152,178296,卖盘
1926,13:10:45,11.74,--,1,1174,买盘
1927,13:10:42,11.74,-0.01,3,3522,中性盘
1928,13:10:39,11.75,0.02,1006,1182050,买盘
1929,13:10:36,11.73,-0.02,139,163047,卖盘
1930,13:10:33,11.75,--,43,50525,买盘
1931,13:10:30,11.75,--,6,7050,买盘
1932,13:10:27,11.75,0.01,45,52875,买盘
1933,13:10:24,11.74,--,110,129140,卖盘
1934,13:10:21,11.74,--,7,8218,卖盘
1935,13:10:18,11.74,-0.01,4,4696,卖盘
1936,13:10:15,11.75,0.01,7,8225,买盘
1937,13:10:12,11.74,--,9,10566,卖盘
1938,13:10:09,11.74,--,14,16436,卖盘
1939,13:10:06,11.74,0.01,108,126792,买盘
1940,13:10:03,11.73,-0.01,88,103224,卖盘
1941,13:10:00,11.74,--,4,4696,买盘
1942,13:09:54,11.74,0.01,12,14088,买盘
1943,13:09:48,11.73,-0.01,2,2346,卖盘
1944,13:09:45,11.74,0.01,72,84528,买盘
1945,13:09:42,11.73,0.01,2,2346,卖盘
1946,13:09:36,11.72,-0.02,100,117200,卖盘
1947,13:09:33,11.74,--,6,7044,买盘
1948,13:09:30,11.74,0.01,187,219538,买盘
1949,13:09:27,11.73,--,1,1173,卖盘
1950,13:09:24,11.73,--,3,3519,卖盘
1951,13:09:21,11.73,-0.01,17,19941,卖盘
1952,13:09:18,11.74,--,28,32872,买盘
1953,13:09:15,11.74,0.02,147,172578,买盘
1954,13:09:09,11.72,--,12,14064,卖盘
1955,13:09:06,11.72,-0.02,128,150016,卖盘
1956,13:09:00,11.74,0.02,17,19958,中性盘
1957,13:08:57,11.72,-0.03,1579,1850588,卖盘
1958,13:08:54,11.75,0.01,1,1175,买盘
1959,13:08:51,11.74,--,55,64570,卖盘
1960,13:08:48,11.74,--,19,22306,卖盘
1961,13:08:45,11.74,0.01,6,7830,买盘
1962,13:08:42,11.73,-0.01,9,10557,卖盘
1963,13:08:36,11.74,0.01,42,49308,买盘
1964,13:08:33,11.73,-0.01,126,147798,卖盘
1965,13:08:27,11.74,0.01,8,9392,买盘
1966,13:08:24,11.73,--,92,107916,卖盘
1967,13:08:21,11.73,--,6,7038,卖盘
1968,13:08:18,11.73,-0.01,9,10557,卖盘
1969,13:08:15,11.74,--,7,8218,买盘
1970,13:08:12,11.74,--,80,93920,买盘
1971,13:08:09,11.74,--,50,58700,买盘
1972,13:08:06,11.74,--,4,4696,买盘
1973,13:08:03,11.74,--,47,55178,买盘
1974,13:08:00,11.74,--,12,14088,买盘
1975,13:07:54,11.74,--,258,302892,买盘
1976,13:07:51,11.74,--,6,7044,买盘
1977,13:07:45,11.74,--,136,159664,买盘
1978,13:07:42,11.74,0.01,34,39916,买盘
1979,13:07:39,11.73,-0.01,76,89148,卖盘
1980,13:07:33,11.74,--,723,848802,买盘
1981,13:07:30,11.74,--,7,8218,买盘
1982,13:07:27,11.74,0.01,48,56352,买盘
1983,13:07:24,11.73,--,1,1173,卖盘
1984,13:07:21,11.73,--,16,18768,卖盘
1985,13:07:15,11.73,--,11,12903,卖盘
1986,13:07:12,11.73,--,1,1173,卖盘
1987,13:07:09,11.73,--,22,25806,卖盘
1988,13:07:06,11.73,--,22,25806,卖盘
1989,13:07:03,11.73,0.01,17,19941,买盘
1990,13:07:00,11.72,-0.01,9,10548,卖盘
1991,13:06:57,11.73,--,16,18768,买盘
1992,13:06:54,11.73,--,100,117300,买盘
1993,13:06:51,11.73,--,123,144279,买盘
1994,13:06:48,11.73,--,26,30498,买盘
1995,13:06:45,11.73,--,64,75072,买盘
1996,13:06:39,11.73,--,49,57477,买盘
1997,13:06:36,11.73,0.01,12,14076,买盘
1998,13:06:33,11.72,--,33,38676,卖盘
1999,13:06:30,11.72,-0.01,9,10548,卖盘
2000,13:06:27,11.73,--,6,7038,买盘
2001,13:06:21,11.73,--,5,5865,买盘
2002,13:06:15,11.73,0.01,12,14076,买盘
2003,13:06:12,11.72,--,9,10548,卖盘
2004,13:06:09,11.72,-0.01,7,8204,卖盘
2005,13:06:03,11.73,--,6,7038,买盘
2006,13:06:00,11.73,0.02,61,71553,买盘
2007,13:05:57,11.71,-0.01,2,2342,卖盘
2008,13:05:54,11.72,0.01,7,8204,买盘
2009,13:05:51,11.71,-0.01,31,36301,卖盘
2010,13:05:48,11.72,--,378,443016,买盘
2011,13:05:45,11.72,--,63,73836,买盘
2012,13:05:42,11.72,--,6,7032,买盘
2013,13:05:36,11.72,--,8,9376,买盘
2014,13:05:30,11.72,--,8,9376,买盘
2015,13:05:27,11.72,--,68,79696,买盘
2016,13:05:24,11.72,--,37,43364,买盘
2017,13:05:21,11.72,--,7,8204,买盘
2018,13:05:15,11.72,--,8,9376,买盘
2019,13:05:09,11.72,--,7,8204,买盘
2020,13:05:06,11.72,0.01,50,58600,买盘
2021,13:05:03,11.71,--,2,2342,卖盘
2022,13:05:00,11.71,-0.01,10,11710,卖盘
2023,13:04:54,11.72,--,3,3516,买盘
2024,13:04:51,11.72,--,16,18752,买盘
2025,13:04:45,11.72,--,68,79696,买盘
2026,13:04:42,11.72,--,195,228540,买盘
2027,13:04:39,11.72,0.01,24,28128,买盘
2028,13:04:36,11.71,-0.01,15,17565,卖盘
2029,13:04:33,11.72,--,190,222680,买盘
2030,13:04:24,11.72,0.01,8,9376,买盘
2031,13:04:21,11.71,--,9,10539,卖盘
2032,13:04:18,11.71,--,21,24591,卖盘
2033,13:04:15,11.71,-0.01,10,11710,卖盘
2034,13:04:12,11.72,0.01,7,8204,买盘
2035,13:04:09,11.71,--,53,62063,卖盘
2036,13:04:06,11.71,-0.01,1,1171,卖盘
2037,13:04:03,11.72,--,76,89072,买盘
2038,13:04:00,11.72,0.01,52,60944,买盘
2039,13:03:57,11.71,--,20,23420,卖盘
2040,13:03:54,11.71,-0.01,20,23420,卖盘
2041,13:03:51,11.72,--,327,383244,买盘
2042,13:03:45,11.72,--,103,120716,买盘
2043,13:03:42,11.72,0.01,6,7032,买盘
2044,13:03:39,11.71,--,31,36301,卖盘
2045,13:03:36,11.71,-0.01,5,5855,卖盘
2046,13:03:27,11.72,--,26,30472,买盘
2047,13:03:21,11.72,--,41,48052,买盘
2048,13:03:18,11.72,--,67,78524,买盘
2049,13:03:15,11.72,--,27,31644,买盘
2050,13:03:12,11.72,--,18,21096,买盘
2051,13:03:06,11.72,--,6,7032,买盘
2052,13:02:57,11.72,0.01,7,8204,买盘
2053,13:02:54,11.71,-0.01,8,9368,卖盘
2054,13:02:45,11.72,--,62,72664,买盘
2055,13:02:42,11.72,0.01,82,96104,买盘
2056,13:02:36,11.71,-0.01,16,18736,卖盘
2057,13:02:33,11.72,--,10,11720,买盘
2058,13:02:30,11.72,--,38,44536,买盘
2059,13:02:24,11.72,--,6,7032,买盘
2060,13:02:18,11.72,0.01,3,3516,买盘
2061,13:02:15,11.71,-0.01,10,11710,卖盘
2062,13:02:12,11.72,--,7,8204,买盘
2063,13:02:09,11.72,0.01,9,10548,买盘
2064,13:02:06,11.71,-0.01,8,9368,卖盘
2065,13:02:00,11.72,--,33,38676,买盘
2066,13:01:54,11.72,--,13,15236,买盘
2067,13:01:51,11.72,--,4,4688,买盘
2068,13:01:48,11.72,--,8,9376,买盘
2069,13:01:45,11.72,--,63,73836,买盘
2070,13:01:42,11.72,0.01,9,10548,买盘
2071,13:01:39,11.71,--,17,19907,卖盘
2072,13:01:33,11.71,-0.01,30,35130,卖盘
2073,13:01:27,11.72,0.01,30,35160,买盘
2074,13:01:24,11.71,-0.01,154,180334,卖盘
2075,13:01:18,11.72,0.01,23,26956,买盘
2076,13:01:15,11.71,--,40,46840,卖盘
2077,13:01:09,11.71,--,50,58550,卖盘
2078,13:01:06,11.71,-0.01,31,36301,卖盘
2079,13:01:03,11.72,0.01,18,21096,买盘
2080,13:00:54,11.71,-0.01,62,72602,卖盘
2081,13:00:51,11.72,--,43,50396,买盘
2082,13:00:45,11.72,0.01,16,18752,买盘
2083,13:00:39,11.71,-0.01,22,25762,卖盘
2084,13:00:33,11.72,--,203,237916,买盘
2085,13:00:30,11.72,0.01,14,16408,买盘
2086,13:00:27,11.71,-0.01,9,10539,卖盘
2087,13:00:24,11.72,--,7,8204,买盘
2088,13:00:12,11.72,--,32,37504,买盘
2089,13:00:09,11.72,--,224,262528,买盘
2090,13:00:06,11.72,--,432,506304,买盘
2091,13:00:03,11.72,-0.01,2233,2617076,卖盘
2092,13:00:00,11.73,--,0,0,买盘
2093,11:30:00,11.73,--,7,8211,买盘
2094,11:29:57,11.73,--,2,2346,买盘
2095,11:29:51,11.73,0.01,22,25806,买盘
2096,11:29:48,11.72,-0.01,300,351600,卖盘
2097,11:29:45,11.73,--,63,73899,买盘
2098,11:29:42,11.73,--,3,3519,买盘
2099,11:29:39,11.73,0.01,16,18768,买盘
2100,11:29:36,11.72,--,1,1172,卖盘
2101,11:29:33,11.72,-0.01,37,43364,卖盘
2102,11:29:27,11.73,0.01,29,34017,买盘
2103,11:29:24,11.72,-0.01,82,96104,卖盘
2104,11:29:15,11.73,0.01,6,7038,买盘
2105,11:29:12,11.72,--,17,19924,卖盘
2106,11:29:09,11.72,-0.01,5,5860,卖盘
2107,11:29:06,11.73,0.01,7,8211,买盘
2108,11:29:03,11.72,--,2,2344,卖盘
2109,11:29:00,11.72,--,3,3516,卖盘
2110,11:28:57,11.72,--,19,22268,卖盘
2111,11:28:54,11.72,--,20,23440,卖盘
2112,11:28:48,11.72,-0.01,4,4688,卖盘
2113,11:28:45,11.73,0.01,63,73899,买盘
2114,11:28:42,11.72,--,50,58600,卖盘
2115,11:28:36,11.72,--,105,123060,卖盘
2116,11:28:33,11.72,--,1,1172,卖盘
2117,11:28:30,11.72,--,21,24612,卖盘
2118,11:28:27,11.72,--,153,179316,卖盘
2119,11:28:24,11.72,--,1,1172,卖盘
2120,11:28:21,11.72,--,44,51568,卖盘
2121,11:28:15,11.72,--,1,1172,卖盘
2122,11:28:09,11.72,--,2,2344,卖盘
2123,11:28:06,11.72,--,9,10548,卖盘
2124,11:28:03,11.72,--,7,8204,卖盘
2125,11:28:00,11.72,--,1,1172,卖盘
2126,11:27:57,11.72,--,48,56256,卖盘
2127,11:27:54,11.72,--,29,33988,卖盘
2128,11:27:51,11.72,-0.01,28,32816,卖盘
2129,11:27:48,11.73,--,4,4692,买盘
2130,11:27:45,11.73,--,62,72726,买盘
2131,11:27:39,11.73,--,98,114954,买盘
2132,11:27:36,11.73,0.01,5,5865,买盘
2133,11:27:27,11.72,--,1,1172,卖盘
2134,11:27:24,11.72,--,1,1172,卖盘
2135,11:27:21,11.72,-0.01,39,45708,卖盘
2136,11:27:15,11.73,--,198,232254,买盘
2137,11:27:12,11.73,0.01,17,19941,买盘
2138,11:27:06,11.72,-0.01,179,209788,卖盘
2139,11:27:00,11.73,--,135,159269,卖盘
2140,11:26:57,11.73,--,2,2369,卖盘
2141,11:26:51,11.73,--,1,1173,卖盘
2142,11:26:48,11.73,--,8,9384,卖盘
2143,11:26:45,11.73,--,17,20175,买盘
2144,11:26:39,11.73,--,11,12903,买盘
2145,11:26:33,11.73,0.01,87,102051,买盘
2146,11:26:30,11.72,-0.01,7,8204,卖盘
2147,11:26:24,11.73,--,5,5865,买盘
2148,11:26:18,11.73,--,1,1173,买盘
2149,11:26:15,11.73,--,6,7038,买盘
2150,11:26:12,11.73,-0.01,31,36363,卖盘
2151,11:26:06,11.74,--,1,1174,买盘
2152,11:26:03,11.74,--,14,16436,买盘
2153,11:26:00,11.74,0.01,19,22306,买盘
2154,11:25:57,11.73,-0.01,11,12903,卖盘
2155,11:25:54,11.74,--,6,7044,买盘
2156,11:25:51,11.74,0.02,26,30524,买盘
2157,11:25:48,11.72,-0.02,21,24612,卖盘
2158,11:25:45,11.74,--,392,460208,买盘
2159,11:25:42,11.74,--,15,17610,买盘
2160,11:25:39,11.74,0.01,7,8218,买盘
2161,11:25:36,11.73,--,500,586500,卖盘
2162,11:25:33,11.73,-0.01,4,4692,卖盘
2163,11:25:30,11.74,0.01,7,8218,买盘
2164,11:25:27,11.73,--,1,1173,卖盘
2165,11:25:24,11.73,--,8,9384,卖盘
2166,11:25:21,11.73,-0.01,15,17595,卖盘
2167,11:25:18,11.74,--,6,7044,买盘
2168,11:25:15,11.74,0.01,6,7044,买盘
2169,11:25:12,11.73,-0.01,5,5865,卖盘
2170,11:25:09,11.74,--,6,7044,买盘
2171,11:25:00,11.74,--,3,3522,买盘
2172,11:24:57,11.74,--,31,36781,卖盘
2173,11:24:54,11.74,-0.01,1,1174,卖盘
2174,11:24:48,11.75,0.01,12,14887,买盘
2175,11:24:45,11.74,0.01,63,73962,买盘
2176,11:24:42,11.73,--,2,2346,卖盘
2177,11:24:39,11.73,-0.01,206,241638,卖盘
2178,11:24:36,11.74,0.01,12,14088,买盘
2179,11:24:33,11.73,--,53,62169,卖盘
2180,11:24:30,11.73,-0.01,69,80937,卖盘
2181,11:24:27,11.74,--,20,23480,买盘
2182,11:24:24,11.74,--,75,88050,买盘
2183,11:24:21,11.74,--,35,41090,买盘
2184,11:24:18,11.74,0.01,250,293500,买盘
2185,11:24:15,11.73,--,18,21114,卖盘
2186,11:24:12,11.73,--,10,11730,卖盘
2187,11:24:06,11.73,--,17,19941,卖盘
2188,11:24:03,11.73,--,295,346035,卖盘
2189,11:24:00,11.73,-0.01,2,2346,卖盘
2190,11:23:54,11.74,--,22,25828,买盘
2191,11:23:45,11.74,--,62,72788,买盘
2192,11:23:39,11.74,0.01,57,66918,买盘
2193,11:23:36,11.73,--,55,64515,卖盘
2194,11:23:33,11.73,--,32,37536,卖盘
2195,11:23:30,11.73,--,40,46920,卖盘
2196,11:23:27,11.73,-0.01,30,35190,卖盘
2197,11:23:24,11.74,--,22,25828,买盘
2198,11:23:18,11.74,0.01,6,7044,买盘
2199,11:23:15,11.73,--,240,281520,卖盘
2200,11:23:12,11.73,-0.01,59,69207,卖盘
2201,11:23:09,11.74,0.01,4,4696,买盘
2202,11:23:06,11.73,--,137,160701,卖盘
2203,11:23:03,11.73,--,2,2346,卖盘
2204,11:23:00,11.73,--,32,37536,卖盘
2205,11:22:57,11.73,--,14,16422,卖盘
2206,11:22:51,11.73,--,114,133722,卖盘
2207,11:22:48,11.73,-0.01,70,82110,卖盘
2208,11:22:45,11.74,--,99,116226,买盘
2209,11:22:39,11.74,--,7,8218,买盘
2210,11:22:33,11.74,--,10,11740,买盘
2211,11:22:30,11.74,0.01,2,2348,买盘
2212,11:22:27,11.73,--,28,32844,卖盘
2213,11:22:18,11.73,-0.01,11,12903,卖盘
2214,11:22:12,11.74,0.01,7,8218,买盘
2215,11:22:06,11.73,--,90,105570,卖盘
2216,11:22:03,11.73,-0.01,9,10557,卖盘
2217,11:22:00,11.74,0.01,6,7044,买盘
2218,11:21:57,11.73,--,56,65828,卖盘
2219,11:21:54,11.73,--,8,9384,卖盘
2220,11:21:48,11.73,-0.01,100,117300,卖盘
2221,11:21:45,11.74,--,62,72788,买盘
2222,11:21:42,11.74,0.01,6,7044,买盘
2223,11:21:39,11.73,--,40,46920,卖盘
2224,11:21:30,11.73,--,111,130203,卖盘
2225,11:21:27,11.73,--,101,118473,卖盘
2226,11:21:24,11.73,--,9,10557,卖盘
2227,11:21:18,11.73,--,36,42228,卖盘
2228,11:21:12,11.73,-0.01,9,10557,卖盘
2229,11:21:09,11.74,0.01,52,61048,买盘
2230,11:21:06,11.73,--,16,18768,买盘
2231,11:21:00,11.73,--,2,2346,买盘
2232,11:20:57,11.73,0.01,169,198237,买盘
2233,11:20:54,11.72,-0.01,14,16408,卖盘
2234,11:20:45,11.73,0.01,69,80937,买盘
2235,11:20:39,11.72,-0.01,9,10548,卖盘
2236,11:20:36,11.73,0.01,7,8211,买盘
2237,11:20:30,11.72,--,0,468,卖盘
2238,11:20:27,11.72,--,2,2344,卖盘
2239,11:20:24,11.72,-0.01,1,1172,卖盘
2240,11:20:21,11.73,--,35,41055,买盘
2241,11:20:15,11.73,-0.01,6,7038,买盘
2242,11:20:09,11.74,0.01,122,143228,买盘
2243,11:20:06,11.73,--,69,81324,卖盘
2244,11:20:03,11.73,--,1150,1348950,卖盘
2245,11:20:00,11.73,-0.01,6,7038,卖盘
2246,11:19:57,11.74,--,64,75136,买盘
2247,11:19:54,11.74,0.01,2,2348,买盘
2248,11:19:51,11.73,--,28,32844,卖盘
2249,11:19:48,11.73,--,258,302634,卖盘
2250,11:19:45,11.73,-0.01,245,287385,卖盘
2251,11:19:39,11.74,--,7,8218,买盘
2252,11:19:30,11.74,0.01,6,7044,买盘
2253,11:19:27,11.73,-0.01,12,14076,卖盘
2254,11:19:15,11.74,--,15,17610,买盘
2255,11:19:12,11.74,--,48,56352,买盘
2256,11:19:09,11.74,--,1,1174,买盘
2257,11:19:06,11.74,--,12,14088,买盘
2258,11:19:00,11.74,--,2,2348,买盘
2259,11:18:57,11.74,--,4,4696,买盘
2260,11:18:54,11.74,0.01,19,22306,买盘
2261,11:18:51,11.73,--,9,10557,卖盘
2262,11:18:48,11.73,-0.01,19,22287,卖盘
2263,11:18:45,11.74,0.01,78,91572,买盘
2264,11:18:42,11.73,--,1,1173,卖盘
2265,11:18:39,11.73,--,5,5865,卖盘
2266,11:18:36,11.73,-0.01,5,5865,卖盘
2267,11:18:33,11.74,--,7,8218,买盘
2268,11:18:30,11.74,0.01,2,2348,买盘
2269,11:18:27,11.73,--,401,471158,卖盘
2270,11:18:24,11.73,-0.01,9,10557,卖盘
2271,11:18:12,11.74,0.01,11,12914,买盘
2272,11:18:09,11.73,-0.01,21,24633,卖盘
2273,11:18:06,11.74,--,2,2348,买盘
2274,11:18:03,11.74,--,2,2348,买盘
2275,11:18:00,11.74,--,9,10566,买盘
2276,11:17:57,11.74,0.01,11,12914,买盘
2277,11:17:51,11.73,--,41,48093,卖盘
2278,11:17:48,11.73,0.01,299,350727,买盘
2279,11:17:45,11.72,-0.01,72,84384,卖盘
2280,11:17:42,11.73,--,7,8211,买盘
2281,11:17:36,11.73,0.01,7,8211,买盘
2282,11:17:30,11.72,-0.01,1,1172,卖盘
2283,11:17:27,11.73,0.01,9,10557,买盘
2284,11:17:24,11.72,--,1,1172,卖盘
2285,11:17:21,11.72,-0.01,20,23440,卖盘
2286,11:17:18,11.73,--,6,7038,买盘
2287,11:17:15,11.73,0.01,51,59823,买盘
2288,11:17:12,11.72,-0.01,10,11720,卖盘
2289,11:17:09,11.73,--,10,11730,买盘
2290,11:17:06,11.73,0.01,9,10557,买盘
2291,11:17:03,11.72,-0.01,83,97276,卖盘
2292,11:17:00,11.73,--,283,331959,买盘
2293,11:16:57,11.73,--,31,36363,买盘
2294,11:16:54,11.73,--,11,12903,买盘
2295,11:16:45,11.73,--,70,82110,买盘
2296,11:16:33,11.73,-0.01,49,57477,卖盘
2297,11:16:30,11.74,0.01,16,18784,买盘
2298,11:16:24,11.73,-0.01,8,9384,卖盘
2299,11:16:21,11.74,--,8,9392,买盘
2300,11:16:15,11.74,--,60,70440,买盘
2301,11:16:12,11.74,--,19,22306,买盘
2302,11:16:09,11.74,--,217,254758,买盘
2303,11:16:03,11.74,--,23,27002,买盘
2304,11:16:00,11.74,0.01,9,10566,买盘
2305,11:15:57,11.73,-0.01,13,15249,卖盘
2306,11:15:51,11.74,0.01,11,12914,买盘
2307,11:15:48,11.73,-0.01,11,12903,卖盘
2308,11:15:45,11.74,0.01,63,73962,买盘
2309,11:15:42,11.73,--,27,31671,买盘
2310,11:15:36,11.73,--,7,8211,买盘
2311,11:15:33,11.73,0.01,1,1173,买盘
2312,11:15:30,11.72,-0.01,103,120716,卖盘
2313,11:15:27,11.73,--,96,112608,卖盘
2314,11:15:24,11.73,--,41,48093,买盘
2315,11:15:18,11.73,--,48,56304,买盘
2316,11:15:15,11.73,0.01,13,15249,买盘
2317,11:15:12,11.72,-0.01,35,41020,卖盘
2318,11:15:06,11.73,--,305,357765,买盘
2319,11:15:03,11.73,0.01,57,66861,买盘
2320,11:15:00,11.72,--,50,58600,卖盘
2321,11:14:57,11.72,--,6,7032,卖盘
2322,11:14:54,11.72,--,8,9376,卖盘
2323,11:14:51,11.72,-0.01,210,246120,卖盘
2324,11:14:45,11.73,0.01,70,82110,买盘
2325,11:14:42,11.72,-0.01,55,64460,卖盘
2326,11:14:39,11.73,--,5,5865,买盘
2327,11:14:36,11.73,--,33,38709,买盘
2328,11:14:33,11.73,0.01,2,2346,买盘
2329,11:14:30,11.72,-0.01,18,21096,卖盘
2330,11:14:27,11.73,--,52,60996,买盘
2331,11:14:18,11.73,--,11,12903,买盘
2332,11:14:15,11.73,--,31,36363,买盘
2333,11:14:12,11.73,0.01,60,70380,买盘
2334,11:14:09,11.72,-0.01,9,10548,卖盘
2335,11:14:06,11.73,--,3,3519,买盘
2336,11:14:00,11.73,--,17,19941,买盘
2337,11:13:57,11.73,--,1,1173,买盘
2338,11:13:54,11.73,0.01,54,63342,买盘
2339,11:13:51,11.72,-0.01,69,80868,卖盘
2340,11:13:48,11.73,--,24,28152,买盘
2341,11:13:45,11.73,--,63,73899,买盘
2342,11:13:42,11.73,0.01,4,4692,买盘
2343,11:13:39,11.72,-0.01,55,64460,卖盘
2344,11:13:36,11.73,--,6,7038,买盘
2345,11:13:33,11.73,--,40,46920,买盘
2346,11:13:27,11.73,0.01,3,3519,买盘
2347,11:13:24,11.72,--,15,17580,卖盘
2348,11:13:21,11.72,0.01,10,11720,卖盘
2349,11:13:15,11.71,-0.02,55,64405,卖盘
2350,11:13:12,11.73,0.02,28,32844,买盘
2351,11:13:06,11.71,-0.01,30,35130,卖盘
2352,11:13:00,11.72,0.01,6,7032,中性盘
2353,11:12:57,11.71,-0.02,42,49182,卖盘
2354,11:12:51,11.73,--,6,7038,买盘
2355,11:12:48,11.73,0.01,237,278001,买盘
2356,11:12:45,11.72,-0.01,75,87900,卖盘
2357,11:12:39,11.73,--,7,8211,买盘
2358,11:12:30,11.73,0.01,6,7038,买盘
2359,11:12:27,11.72,--,269,315268,买盘
2360,11:12:24,11.72,--,6,7032,买盘
2361,11:12:21,11.72,0.01,38,44536,买盘
2362,11:12:18,11.71,-0.01,9,10539,卖盘
2363,11:12:15,11.72,0.01,54,63288,买盘
2364,11:12:09,11.71,-0.01,1,1171,卖盘
2365,11:12:06,11.72,--,157,184004,买盘
2366,11:12:03,11.72,0.01,39,45708,买盘
2367,11:12:00,11.71,--,55,64405,卖盘
2368,11:11:57,11.71,-0.01,14,16394,卖盘
2369,11:11:54,11.72,--,14,16408,买盘
2370,11:11:45,11.72,0.01,247,289484,买盘
2371,11:11:42,11.71,-0.01,10,11710,卖盘
2372,11:11:39,11.72,0.01,5,5860,买盘
2373,11:11:36,11.71,--,9,10539,卖盘
2374,11:11:33,11.71,--,83,97193,卖盘
2375,11:11:30,11.71,-0.01,12,14052,卖盘
2376,11:11:27,11.72,0.01,11,12892,买盘
2377,11:11:24,11.71,--,30,35130,卖盘
2378,11:11:21,11.71,--,116,135836,卖盘
2379,11:11:18,11.71,--,52,60892,卖盘
2380,11:11:15,11.71,-0.01,61,71431,卖盘
2381,11:11:12,11.72,0.01,81,94932,买盘
2382,11:11:09,11.71,-0.01,29,33959,卖盘
2383,11:11:06,11.72,0.01,6,7032,买盘
2384,11:11:03,11.71,-0.01,10,11710,卖盘
2385,11:11:00,11.72,0.01,2,2344,买盘
2386,11:10:54,11.71,-0.01,10,11710,卖盘
2387,11:10:51,11.72,--,22,25784,卖盘
2388,11:10:48,11.72,--,27,31644,卖盘
2389,11:10:45,11.72,--,33,38676,买盘
2390,11:10:39,11.72,--,12,14064,卖盘
2391,11:10:36,11.72,--,25,29300,卖盘
2392,11:10:33,11.72,--,5,5860,买盘
2393,11:10:30,11.72,--,9,10548,卖盘
2394,11:10:24,11.72,--,80,93760,卖盘
2395,11:10:21,11.72,--,28,32816,卖盘
2396,11:10:18,11.72,--,165,193380,卖盘
2397,11:10:15,11.72,--,20,23440,卖盘
2398,11:10:12,11.72,--,27,31644,卖盘
2399,11:10:09,11.72,--,2,2344,卖盘
2400,11:10:06,11.72,--,39,45708,卖盘
2401,11:10:03,11.72,--,23,26956,卖盘
2402,11:10:00,11.72,--,21,24612,卖盘
2403,11:09:57,11.72,--,147,172284,卖盘
2404,11:09:54,11.72,--,72,84384,卖盘
2405,11:09:51,11.72,--,186,217992,卖盘
2406,11:09:48,11.72,--,32,37504,卖盘
2407,11:09:45,11.72,--,89,104308,卖盘
2408,11:09:42,11.72,-0.01,21,24612,卖盘
2409,11:09:36,11.73,--,171,200583,买盘
2410,11:09:30,11.73,--,7,8211,买盘
2411,11:09:18,11.73,--,578,677994,卖盘
2412,11:09:15,11.73,--,1,1173,卖盘
2413,11:09:09,11.73,--,10,11730,卖盘
2414,11:09:06,11.73,--,66,77418,卖盘
2415,11:09:03,11.73,--,2,2346,卖盘
2416,11:09:00,11.73,--,203,238119,卖盘
2417,11:08:57,11.73,-0.01,31,36363,卖盘
2418,11:08:54,11.74,--,23,27002,买盘
2419,11:08:51,11.74,--,60,70440,卖盘
2420,11:08:48,11.74,0.01,127,149098,买盘
2421,11:08:45,11.73,--,64,75072,卖盘
2422,11:08:42,11.73,-0.01,2,2346,卖盘
2423,11:08:33,11.74,--,10,11740,买盘
2424,11:08:30,11.74,0.01,11,12914,买盘
2425,11:08:27,11.73,-0.01,1,1173,卖盘
2426,11:08:24,11.74,--,28,32872,卖盘
2427,11:08:21,11.74,--,1,1174,卖盘
2428,11:08:18,11.74,--,9,10566,卖盘
2429,11:08:15,11.74,-0.01,10,11740,卖盘
2430,11:08:12,11.75,0.01,43,50525,买盘
2431,11:08:09,11.74,--,99,116226,卖盘
2432,11:08:06,11.74,--,6,7044,卖盘
2433,11:08:03,11.74,--,6,7044,卖盘
2434,11:08:00,11.74,-0.01,904,1061296,卖盘
2435,11:07:57,11.75,--,9,10575,买盘
2436,11:07:54,11.75,--,52,61100,买盘
2437,11:07:48,11.75,0.01,30,35250,买盘
2438,11:07:45,11.74,--,82,96737,卖盘
2439,11:07:42,11.74,--,31,36394,卖盘
2440,11:07:39,11.74,--,62,72788,卖盘
2441,11:07:36,11.74,-0.01,21,24654,卖盘
2442,11:07:33,11.75,0.01,35,41125,买盘
2443,11:07:30,11.74,--,21,24654,卖盘
2444,11:07:27,11.74,--,34,39916,卖盘
2445,11:07:24,11.74,--,62,72788,卖盘
2446,11:07:21,11.74,--,21,24654,卖盘
2447,11:07:18,11.74,--,21,24654,卖盘
2448,11:07:15,11.74,--,91,106834,卖盘
2449,11:07:12,11.74,--,52,61048,卖盘
2450,11:07:09,11.74,--,22,25828,卖盘
2451,11:07:06,11.74,--,90,105660,卖盘
2452,11:07:03,11.74,--,570,669884,买盘
2453,11:07:00,11.74,0.01,64,75136,买盘
2454,11:06:57,11.73,--,26,30498,卖盘
2455,11:06:54,11.73,--,50,58650,卖盘
2456,11:06:51,11.73,--,26,30498,卖盘
2457,11:06:48,11.73,--,26,30498,卖盘
2458,11:06:45,11.73,--,94,110262,卖盘
2459,11:06:42,11.73,--,51,59823,卖盘
2460,11:06:39,11.73,--,25,29325,买盘
2461,11:06:36,11.73,--,16,18768,买盘
2462,11:06:30,11.73,--,64,75072,买盘
2463,11:06:27,11.73,0.01,52,60996,买盘
2464,11:06:24,11.72,-0.02,14,16408,卖盘
2465,11:06:21,11.74,0.01,13,15262,买盘
2466,11:06:18,11.73,--,21,24633,买盘
2467,11:06:15,11.73,--,18,21114,买盘
2468,11:06:12,11.73,-0.01,46,53958,卖盘
2469,11:06:09,11.74,0.02,10,11740,买盘
2470,11:06:03,11.72,-0.01,264,309408,卖盘
2471,11:05:57,11.73,--,398,467065,买盘
2472,11:05:54,11.73,--,141,165393,买盘
2473,11:05:51,11.73,--,4,4692,买盘
2474,11:05:48,11.73,--,30,35190,买盘
2475,11:05:45,11.73,0.01,70,82110,买盘
2476,11:05:42,11.72,-0.01,31,36332,卖盘
2477,11:05:39,11.73,--,16,18768,买盘
2478,11:05:36,11.73,--,57,66861,买盘
2479,11:05:33,11.73,--,11,12903,买盘
2480,11:05:30,11.73,--,30,35190,买盘
2481,11:05:27,11.73,--,7,8211,买盘
2482,11:05:24,11.73,--,167,195891,买盘
2483,11:05:18,11.73,0.01,15,17595,买盘
2484,11:05:15,11.72,--,30,35160,卖盘
2485,11:05:12,11.72,--,44,51568,卖盘
2486,11:05:06,11.72,--,50,58600,卖盘
2487,11:05:03,11.72,-0.01,105,123060,卖盘
2488,11:05:00,11.73,--,27,31671,买盘
2489,11:04:57,11.73,--,1,1173,买盘
2490,11:04:54,11.73,0.01,364,426972,买盘
2491,11:04:51,11.72,--,17,19924,卖盘
2492,11:04:48,11.72,-0.01,7,8204,卖盘
2493,11:04:45,11.73,0.01,80,93840,买盘
2494,11:04:42,11.72,--,74,86728,卖盘
2495,11:04:39,11.72,--,24,28128,卖盘
2496,11:04:36,11.72,--,10,11720,卖盘
2497,11:04:33,11.72,--,30,35160,卖盘
2498,11:04:30,11.72,--,10,11720,卖盘
2499,11:04:27,11.72,-0.01,5,5860,卖盘
2500,11:04:21,11.73,0.01,17,19941,买盘
2501,11:04:18,11.72,--,65,76180,卖盘
2502,11:04:15,11.72,--,8,9376,卖盘
2503,11:04:12,11.72,--,21,24612,卖盘
2504,11:04:09,11.72,0.01,579,678588,买盘
2505,11:04:06,11.71,-0.01,5,5855,卖盘
2506,11:04:03,11.72,--,52,60944,买盘
2507,11:04:00,11.72,--,2,2344,买盘
2508,11:03:57,11.72,-0.01,1080,1265760,卖盘
2509,11:03:54,11.73,--,28,32844,买盘
2510,11:03:48,11.73,--,566,663918,买盘
2511,11:03:45,11.73,--,679,796936,卖盘
2512,11:03:42,11.73,-0.01,58,68034,卖盘
2513,11:03:39,11.74,--,603,707922,买盘
2514,11:03:36,11.74,--,7,8218,买盘
2515,11:03:33,11.74,0.01,15,17610,买盘
2516,11:03:30,11.73,--,8,9384,卖盘
2517,11:03:27,11.73,--,8,9384,卖盘
2518,11:03:24,11.73,--,8,9384,卖盘
2519,11:03:21,11.73,-0.01,10,11730,卖盘
2520,11:03:18,11.74,--,36,42264,买盘
2521,11:03:15,11.74,0.01,24,28176,买盘
2522,11:03:12,11.73,--,16,18768,卖盘
2523,11:03:09,11.73,-0.01,24,28152,卖盘
2524,11:03:06,11.74,--,50,58700,买盘
2525,11:03:03,11.74,0.01,17,19958,买盘
2526,11:03:00,11.73,-0.01,2,2346,卖盘
2527,11:02:57,11.74,--,7,8218,买盘
2528,11:02:54,11.74,--,2,2348,买盘
2529,11:02:51,11.74,0.01,10,11740,买盘
2530,11:02:48,11.73,-0.01,9,10557,卖盘
2531,11:02:45,11.74,0.01,105,123270,买盘
2532,11:02:42,11.73,-0.01,67,78591,卖盘
2533,11:02:39,11.74,--,7,8218,买盘
2534,11:02:36,11.74,0.01,15,17610,买盘
2535,11:02:33,11.73,-0.01,201,235773,卖盘
2536,11:02:30,11.74,0.01,57,66918,买盘
2537,11:02:27,11.73,--,5,5865,卖盘
2538,11:02:24,11.73,-0.01,21,24633,卖盘
2539,11:02:18,11.74,0.01,17,19958,买盘
2540,11:02:15,11.73,--,156,182988,卖盘
2541,11:02:09,11.73,-0.01,27,31671,卖盘
2542,11:02:06,11.74,0.01,13,15966,买盘
2543,11:02:03,11.73,--,24,28152,卖盘
2544,11:02:00,11.73,-0.01,12,14076,卖盘
2545,11:01:54,11.74,0.01,7,8218,买盘
2546,11:01:51,11.73,--,15,17595,卖盘
2547,11:01:48,11.73,-0.01,50,58650,卖盘
2548,11:01:45,11.74,0.01,120,140880,买盘
2549,11:01:42,11.73,--,7,8211,卖盘
2550,11:01:39,11.73,--,3,3519,卖盘
2551,11:01:36,11.73,-0.01,17,19941,卖盘
2552,11:01:33,11.74,--,81,95094,买盘
2553,11:01:30,11.74,--,1,1174,买盘
2554,11:01:27,11.74,0.01,3,3522,买盘
2555,11:01:24,11.73,--,109,127857,卖盘
2556,11:01:21,11.73,-0.01,4,4692,卖盘
2557,11:01:18,11.74,--,13,15262,买盘
2558,11:01:15,11.74,--,48,56352,买盘
2559,11:01:12,11.74,--,78,91572,卖盘
2560,11:01:09,11.74,--,4,4696,卖盘
2561,11:01:06,11.74,--,18,21132,卖盘
2562,11:01:03,11.74,--,83,97442,买盘
2563,11:01:00,11.74,--,3,3522,买盘
2564,11:00:57,11.74,--,43,50482,中性盘
2565,11:00:51,11.74,--,146,171404,卖盘
2566,11:00:48,11.74,--,114,133836,卖盘
2567,11:00:45,11.74,-0.01,72,84528,卖盘
2568,11:00:39,11.75,--,17,19975,买盘
2569,11:00:36,11.75,0.01,8,9400,买盘
2570,11:00:33,11.74,-0.01,7,8218,卖盘
2571,11:00:30,11.75,0.01,37,43475,买盘
2572,11:00:27,11.74,--,63,73962,卖盘
2573,11:00:24,11.74,--,39,45786,卖盘
2574,11:00:21,11.74,--,36,42264,卖盘
2575,11:00:18,11.74,-0.01,17,19958,卖盘
2576,11:00:15,11.75,0.01,7,8225,买盘
2577,11:00:12,11.74,--,106,124444,卖盘
2578,11:00:09,11.74,0.01,433,508342,买盘
2579,11:00:06,11.73,--,10,11730,卖盘
2580,11:00:03,11.73,--,10,11730,卖盘
2581,11:00:00,11.73,--,42,49266,卖盘
2582,10:59:57,11.73,--,23,26979,卖盘
2583,10:59:54,11.73,--,50,58650,卖盘
2584,10:59:51,11.73,--,33,38709,卖盘
2585,10:59:45,11.73,-0.01,232,272136,卖盘
2586,10:59:42,11.74,0.01,8,9392,买盘
2587,10:59:39,11.73,-0.01,333,390609,卖盘
2588,10:59:36,11.74,0.01,56,65744,买盘
2589,10:59:33,11.73,--,222,260406,卖盘
2590,10:59:30,11.73,--,79,92667,卖盘
2591,10:59:27,11.73,--,2,2346,卖盘
2592,10:59:24,11.73,--,90,105570,卖盘
2593,10:59:21,11.73,-0.01,77,90321,卖盘
2594,10:59:18,11.74,--,205,240670,买盘
2595,10:59:15,11.74,--,48,56352,买盘
2596,10:59:12,11.74,--,20,23480,买盘
2597,10:59:09,11.74,0.01,349,409726,买盘
2598,10:59:06,11.73,--,42,49266,卖盘
2599,10:59:03,11.73,-0.01,52,60996,卖盘
2600,10:59:00,11.74,--,6,7044,买盘
2601,10:58:57,11.74,--,57,66918,买盘
2602,10:58:54,11.74,--,30,35220,买盘
2603,10:58:51,11.74,--,6,7044,买盘
2604,10:58:45,11.74,--,67,78658,买盘
2605,10:58:39,11.74,--,172,201928,卖盘
2606,10:58:36,11.74,--,22,25828,卖盘
2607,10:58:33,11.74,--,40,46960,卖盘
2608,10:58:30,11.74,--,13,15262,卖盘
2609,10:58:27,11.74,-0.01,77,90398,卖盘
2610,10:58:24,11.75,0.01,28,32900,买盘
2611,10:58:21,11.74,--,96,112704,卖盘
2612,10:58:18,11.74,--,20,23480,卖盘
2613,10:58:15,11.74,--,3,3522,卖盘
2614,10:58:12,11.74,0.01,178,208972,买盘
2615,10:58:09,11.73,-0.01,6,7038,卖盘
2616,10:58:03,11.74,-0.01,73,85702,买盘
2617,10:58:00,11.75,--,3,3525,买盘
2618,10:57:57,11.75,0.01,101,118675,买盘
2619,10:57:54,11.74,-0.01,150,176100,卖盘
2620,10:57:51,11.75,--,89,104575,买盘
2621,10:57:48,11.75,--,2,2350,买盘
2622,10:57:45,11.75,-0.01,163,191525,卖盘
2623,10:57:42,11.76,0.01,1287,1513512,买盘
2624,10:57:39,11.75,--,686,806050,卖盘
2625,10:57:36,11.75,--,916,1076300,卖盘
2626,10:57:33,11.75,--,31,36425,卖盘
2627,10:57:30,11.75,--,160,188000,卖盘
2628,10:57:27,11.75,--,7,8225,卖盘
2629,10:57:24,11.75,--,1003,1178525,卖盘
2630,10:57:21,11.75,-0.01,15,17625,卖盘
2631,10:57:18,11.76,0.01,7,8232,买盘
2632,10:57:15,11.75,--,33,38775,卖盘
2633,10:57:12,11.75,-0.01,1175,1380625,卖盘
2634,10:57:09,11.76,--,32,37632,买盘
2635,10:57:06,11.76,0.01,16,18816,买盘
2636,10:57:03,11.75,--,32,37600,卖盘
2637,10:57:00,11.75,--,50,58750,卖盘
2638,10:56:57,11.75,--,49,57575,卖盘
2639,10:56:54,11.75,--,21,24675,卖盘
2640,10:56:51,11.75,--,21,24675,卖盘
2641,10:56:48,11.75,--,59,69325,卖盘
2642,10:56:45,11.75,--,85,99875,卖盘
2643,10:56:42,11.75,--,518,608650,卖盘
2644,10:56:39,11.75,-0.01,55,64625,卖盘
2645,10:56:36,11.76,--,29,34104,卖盘
2646,10:56:33,11.76,--,25,29400,卖盘
2647,10:56:30,11.76,-0.01,88,103488,卖盘
2648,10:56:27,11.77,0.01,79,92983,买盘
2649,10:56:24,11.76,--,56,65856,卖盘
2650,10:56:21,11.76,--,33,38808,卖盘
2651,10:56:18,11.76,--,21,24696,卖盘
2652,10:56:15,11.76,--,70,82320,卖盘
2653,10:56:12,11.76,--,442,519792,卖盘
2654,10:56:09,11.76,--,34,39984,卖盘
2655,10:56:06,11.76,-0.01,121,142296,卖盘
2656,10:56:03,11.77,0.01,39,45903,买盘
2657,10:56:00,11.76,--,69,81144,卖盘
2658,10:55:57,11.76,-0.01,7,8232,卖盘
2659,10:55:51,11.77,--,21,24717,买盘
2660,10:55:45,11.77,--,64,75328,买盘
2661,10:55:42,11.77,--,41,48257,买盘
2662,10:55:39,11.77,--,21,24717,买盘
2663,10:55:36,11.77,0.01,4,4708,中性盘
2664,10:55:30,11.76,-0.01,267,313992,卖盘
2665,10:55:27,11.77,--,11,12947,卖盘
2666,10:55:24,11.77,--,36,42372,卖盘
2667,10:55:21,11.77,--,31,36487,卖盘
2668,10:55:18,11.77,--,18,21186,卖盘
2669,10:55:15,11.77,--,146,171842,卖盘
2670,10:55:12,11.77,--,290,341330,卖盘
2671,10:55:09,11.77,-0.01,4,4708,卖盘
2672,10:55:06,11.78,0.01,10,11780,买盘
2673,10:55:03,11.77,-0.01,7,8239,卖盘
2674,10:55:00,11.78,--,7,8246,买盘
2675,10:54:57,11.78,0.01,9,10602,买盘
2676,10:54:54,11.77,--,41,48257,买盘
2677,10:54:45,11.77,--,69,81213,买盘
2678,10:54:42,11.77,--,5,5885,买盘
2679,10:54:39,11.77,-0.01,4,4708,买盘
2680,10:54:33,11.78,0.01,52,61256,买盘
2681,10:54:30,11.77,--,5,5885,卖盘
2682,10:54:27,11.77,--,10,11770,卖盘
2683,10:54:24,11.77,--,22,25894,买盘
2684,10:54:21,11.77,--,28,32956,卖盘
2685,10:54:18,11.77,--,67,78859,卖盘
2686,10:54:15,11.77,--,570,670890,卖盘
2687,10:54:12,11.77,--,43,50611,卖盘
2688,10:54:09,11.77,0.01,5,5885,卖盘
2689,10:54:06,11.76,-0.01,487,572712,卖盘
2690,10:54:03,11.77,0.01,42,49434,买盘
2691,10:54:00,11.76,-0.01,115,135240,卖盘
2692,10:53:54,11.77,--,20,23540,买盘
2693,10:53:51,11.77,--,34,40018,买盘
2694,10:53:48,11.77,--,15,17655,买盘
2695,10:53:45,11.77,--,297,349569,卖盘
2696,10:53:42,11.77,--,212,249524,卖盘
2697,10:53:39,11.77,--,12,14124,卖盘
2698,10:53:36,11.77,--,51,60027,卖盘
2699,10:53:33,11.77,--,26,30602,卖盘
2700,10:53:30,11.77,--,108,127116,卖盘
2701,10:53:27,11.77,--,52,61204,卖盘
2702,10:53:24,11.77,-0.01,85,100045,卖盘
2703,10:53:21,11.78,0.01,2,2356,买盘
2704,10:53:18,11.77,--,12,14124,卖盘
2705,10:53:15,11.77,-0.01,18,21186,卖盘
2706,10:53:12,11.78,0.01,251,295678,买盘
2707,10:53:09,11.77,--,6,7062,买盘
2708,10:53:03,11.77,--,28,32956,买盘
2709,10:53:00,11.77,-0.01,209,245993,卖盘
2710,10:52:57,11.78,--,92,108376,买盘
2711,10:52:54,11.78,0.01,114,134292,买盘
2712,10:52:51,11.77,--,149,175373,卖盘
2713,10:52:48,11.77,-0.01,15,17655,卖盘
2714,10:52:45,11.78,0.01,52,61256,买盘
2715,10:52:42,11.77,--,87,102399,买盘
2716,10:52:39,11.77,--,38,44726,买盘
2717,10:52:36,11.77,--,12,14124,买盘
2718,10:52:33,11.77,--,56,65912,买盘
2719,10:52:30,11.77,--,35,41195,买盘
2720,10:52:27,11.77,--,160,188320,卖盘
2721,10:52:24,11.77,--,8,9416,卖盘
2722,10:52:21,11.77,--,8,9416,卖盘
2723,10:52:18,11.77,--,57,67089,买盘
2724,10:52:15,11.77,--,143,168311,卖盘
2725,10:52:12,11.77,0.01,307,361339,买盘
2726,10:52:09,11.76,--,17,19992,卖盘
2727,10:52:06,11.76,--,13,15288,卖盘
2728,10:52:03,11.76,--,2,2352,卖盘
2729,10:52:00,11.76,--,131,154056,卖盘
2730,10:51:57,11.76,-0.01,64,75264,卖盘
2731,10:51:54,11.77,--,19,22363,买盘
2732,10:51:48,11.77,--,52,61204,买盘
2733,10:51:45,11.77,0.01,63,74151,买盘
2734,10:51:42,11.76,-0.01,10,11760,卖盘
2735,10:51:39,11.77,0.01,53,62381,买盘
2736,10:51:36,11.76,--,9,10584,卖盘
2737,10:51:30,11.76,-0.01,9,10584,卖盘
2738,10:51:27,11.77,0.01,77,90629,买盘
2739,10:51:24,11.76,--,1,1176,卖盘
2740,10:51:21,11.76,-0.01,278,326928,卖盘
2741,10:51:18,11.77,--,234,275418,买盘
2742,10:51:15,11.77,--,21,24717,买盘
2743,10:51:12,11.77,0.01,483,568491,买盘
2744,10:51:09,11.76,-0.01,11,12936,卖盘
2745,10:51:06,11.77,--,18,21186,买盘
2746,10:51:03,11.77,--,83,97691,买盘
2747,10:51:00,11.77,0.01,4,4708,买盘
2748,10:50:57,11.76,-0.01,20,23520,卖盘
2749,10:50:54,11.77,0.01,5,5885,买盘
2750,10:50:51,11.76,-0.01,4,4704,卖盘
2751,10:50:48,11.77,--,112,131824,买盘
2752,10:50:45,11.77,0.01,75,88275,买盘
2753,10:50:39,11.76,--,212,249782,卖盘
2754,10:50:36,11.76,--,46,54096,卖盘
2755,10:50:33,11.76,--,27,31752,卖盘
2756,10:50:30,11.76,-0.01,9,10584,卖盘
2757,10:50:27,11.77,0.01,15,17655,买盘
2758,10:50:24,11.76,--,65,76440,卖盘
2759,10:50:21,11.76,--,6,7056,卖盘
2760,10:50:18,11.76,--,5,5880,卖盘
2761,10:50:15,11.76,--,21,24696,卖盘
2762,10:50:12,11.76,0.01,11,12936,卖盘
2763,10:50:09,11.75,--,5,5875,卖盘
2764,10:50:06,11.75,--,349,410075,卖盘
2765,10:50:03,11.75,-0.01,7,8225,卖盘
2766,10:50:00,11.76,--,11,12936,买盘
2767,10:49:57,11.76,--,13,15288,买盘
2768,10:49:54,11.76,--,24,28224,卖盘
2769,10:49:51,11.76,--,81,95256,卖盘
2770,10:49:48,11.76,--,1,1176,卖盘
2771,10:49:45,11.76,--,7,8232,买盘
2772,10:49:42,11.76,0.01,114,134064,买盘
2773,10:49:36,11.75,-0.02,530,622750,卖盘
2774,10:49:33,11.77,--,4,4708,买盘
2775,10:49:30,11.77,0.01,3,3531,买盘
2776,10:49:27,11.76,--,1,1176,卖盘
2777,10:49:24,11.76,--,21,24696,卖盘
2778,10:49:21,11.76,-0.01,653,767928,卖盘
2779,10:49:18,11.77,--,189,222453,买盘
2780,10:49:15,11.77,0.01,20,23540,买盘
2781,10:49:12,11.76,-0.01,12,14112,卖盘
2782,10:49:09,11.77,0.01,449,528473,买盘
2783,10:49:06,11.76,--,68,79968,卖盘
2784,10:49:03,11.76,--,100,117600,卖盘
2785,10:48:57,11.76,--,7,8232,卖盘
2786,10:48:54,11.76,-0.01,24,28224,卖盘
2787,10:48:51,11.77,0.01,80,94160,买盘
2788,10:48:48,11.76,--,10,11760,卖盘
2789,10:48:45,11.76,--,124,145824,卖盘
2790,10:48:42,11.76,--,20,23520,卖盘
2791,10:48:39,11.76,-0.01,10,11760,卖盘
2792,10:48:36,11.77,0.01,116,136532,买盘
2793,10:48:33,11.76,--,6,7056,卖盘
2794,10:48:27,11.76,--,33,38808,卖盘
