,time,price,change,volume,amount,type
0,15:00:03,13.2,0.01,9953,13138224,买盘
1,14:57:00,13.19,--,552,728088,买盘
2,14:56:57,13.19,--,294,387786,买盘
3,14:56:54,13.19,0.01,164,216316,买盘
4,14:56:51,13.18,-0.01,193,254374,卖盘
5,14:56:48,13.19,--,471,621249,买盘
6,14:56:45,13.19,0.01,97,127943,买盘
7,14:56:42,13.18,-0.01,7,9226,卖盘
8,14:56:39,13.19,--,56,73864,买盘
9,14:56:36,13.19,--,254,335026,买盘
10,14:56:33,13.19,--,69,91011,买盘
11,14:56:30,13.19,--,173,228187,买盘
12,14:56:27,13.19,0.01,357,470883,买盘
13,14:56:24,13.18,-0.01,69,90942,卖盘
14,14:56:21,13.19,--,57,75183,买盘
15,14:56:18,13.19,0.01,53,69907,买盘
16,14:56:15,13.18,-0.01,25,32950,卖盘
17,14:56:12,13.19,0.01,43,56717,买盘
18,14:56:09,13.18,-0.01,59,77762,卖盘
19,14:56:06,13.19,0.01,28,36932,买盘
20,14:56:03,13.18,--,217,286006,卖盘
21,14:56:00,13.18,0.01,158,208244,买盘
22,14:55:57,13.17,--,149,196233,卖盘
23,14:55:54,13.17,--,2037,2682729,卖盘
24,14:55:51,13.17,--,502,661134,卖盘
25,14:55:48,13.17,--,29,38193,卖盘
26,14:55:45,13.17,--,189,248913,卖盘
27,14:55:42,13.17,--,333,438561,买盘
28,14:55:39,13.17,--,22,28974,买盘
29,14:55:36,13.17,0.01,36,47412,买盘
30,14:55:33,13.16,--,126,165816,卖盘
31,14:55:30,13.16,-0.01,34,44744,卖盘
32,14:55:27,13.17,--,30,39510,买盘
33,14:55:21,13.17,0.01,47,61899,买盘
34,14:55:18,13.16,--,3,3948,卖盘
35,14:55:15,13.16,-0.01,67,88172,卖盘
36,14:55:12,13.17,0.01,172,226524,买盘
37,14:55:09,13.16,-0.01,15,19740,卖盘
38,14:55:06,13.17,0.01,32,42144,买盘
39,14:55:03,13.16,-0.01,261,343476,卖盘
40,14:55:00,13.17,0.01,1118,1472406,买盘
41,14:54:54,13.16,--,304,400064,卖盘
42,14:54:51,13.16,--,125,164500,卖盘
43,14:54:48,13.16,0.01,776,1021216,买盘
44,14:54:45,13.15,--,60,78900,卖盘
45,14:54:42,13.15,-0.01,34,44710,卖盘
46,14:54:39,13.16,0.01,204,268464,买盘
47,14:54:36,13.15,-0.01,120,157800,卖盘
48,14:54:33,13.16,0.01,52,68432,买盘
49,14:54:27,13.15,-0.01,61,80215,卖盘
50,14:54:24,13.16,--,84,110544,买盘
51,14:54:21,13.16,0.01,102,134232,买盘
52,14:54:18,13.15,-0.01,284,373460,卖盘
53,14:54:15,13.16,0.01,15,19740,买盘
54,14:54:12,13.15,--,22,28930,卖盘
55,14:54:09,13.15,-0.01,33,43395,卖盘
56,14:54:06,13.16,0.01,13,17108,卖盘
57,14:54:03,13.15,-0.01,185,243275,卖盘
58,14:54:00,13.16,--,371,488236,卖盘
59,14:53:57,13.16,-0.01,27,35532,卖盘
60,14:53:54,13.17,0.01,105,138285,买盘
61,14:53:51,13.16,-0.01,202,265832,卖盘
62,14:53:48,13.17,0.01,121,159357,买盘
63,14:53:45,13.16,--,41,53956,卖盘
64,14:53:42,13.16,--,10,13160,卖盘
65,14:53:39,13.16,--,215,282940,卖盘
66,14:53:36,13.16,-0.01,11,14476,卖盘
67,14:53:33,13.17,0.01,101,133017,买盘
68,14:53:30,13.16,--,5,6580,卖盘
69,14:53:27,13.16,--,33,43428,卖盘
70,14:53:24,13.16,--,15,19740,卖盘
71,14:53:21,13.16,--,6,7896,卖盘
72,14:53:18,13.16,0.01,46,60536,卖盘
73,14:53:15,13.15,--,176,231676,卖盘
74,14:53:12,13.15,--,1146,1506990,卖盘
75,14:53:09,13.15,--,11,14465,卖盘
76,14:53:06,13.15,-0.01,7,9205,卖盘
77,14:53:03,13.16,0.01,4,5264,买盘
78,14:53:00,13.15,-0.01,6,7890,卖盘
79,14:52:57,13.16,--,173,227668,买盘
80,14:52:54,13.16,--,161,211876,买盘
81,14:52:51,13.16,0.01,686,902776,买盘
82,14:52:48,13.15,-0.01,18,23670,卖盘
83,14:52:45,13.16,0.01,28,36848,买盘
84,14:52:42,13.15,-0.01,54,71010,卖盘
85,14:52:39,13.16,0.01,41,53956,买盘
86,14:52:36,13.15,-0.01,105,138075,卖盘
87,14:52:33,13.16,0.01,5,6580,买盘
88,14:52:30,13.15,-0.01,22,28930,卖盘
89,14:52:27,13.16,--,168,221088,买盘
90,14:52:24,13.16,0.01,8,10528,买盘
91,14:52:21,13.15,--,51,67065,卖盘
92,14:52:18,13.15,-0.01,14,18410,卖盘
93,14:52:15,13.16,0.01,5,6580,买盘
94,14:52:12,13.15,--,84,110460,卖盘
95,14:52:09,13.15,-0.01,54,71010,卖盘
96,14:52:06,13.16,--,53,69748,买盘
97,14:52:03,13.16,0.01,239,314524,买盘
98,14:52:00,13.15,--,40,52600,卖盘
99,14:51:57,13.15,-0.01,142,186730,卖盘
100,14:51:54,13.16,0.01,8,10528,买盘
101,14:51:51,13.15,-0.01,18,24800,卖盘
102,14:51:48,13.16,--,31,40796,买盘
103,14:51:45,13.16,0.01,7,9212,买盘
104,14:51:42,13.15,--,134,176210,卖盘
105,14:51:39,13.15,-0.01,63,82845,卖盘
106,14:51:36,13.16,0.01,32,42112,买盘
107,14:51:33,13.15,-0.01,45,59175,卖盘
108,14:51:30,13.16,0.01,85,111860,买盘
109,14:51:24,13.15,--,25,32875,卖盘
110,14:51:21,13.15,--,2,2630,卖盘
111,14:51:18,13.15,--,68,89420,卖盘
112,14:51:15,13.15,-0.01,39,51285,卖盘
113,14:51:12,13.16,0.01,16,21056,买盘
114,14:51:09,13.15,-0.01,1,1315,卖盘
115,14:51:06,13.16,--,98,128968,买盘
116,14:51:03,13.16,0.01,165,217140,买盘
117,14:51:00,13.15,--,12,15780,卖盘
118,14:50:57,13.15,--,17,22355,卖盘
119,14:50:54,13.15,-0.01,89,117035,卖盘
120,14:50:51,13.16,0.01,141,185556,买盘
121,14:50:48,13.15,-0.01,62,81530,卖盘
122,14:50:45,13.16,-0.01,341,449308,卖盘
123,14:50:42,13.17,0.01,3,3951,买盘
124,14:50:39,13.16,--,1,1316,卖盘
125,14:50:36,13.16,--,90,118440,卖盘
126,14:50:33,13.16,-0.01,27,35532,卖盘
127,14:50:30,13.17,0.01,108,142236,买盘
128,14:50:27,13.16,--,85,111860,卖盘
129,14:50:24,13.16,-0.01,72,94752,卖盘
130,14:50:21,13.17,0.01,628,827905,买盘
131,14:50:18,13.16,--,12,15792,卖盘
132,14:50:12,13.16,-0.01,24,31584,卖盘
133,14:50:09,13.17,--,324,426708,买盘
134,14:50:06,13.17,--,25,32925,买盘
135,14:50:03,13.17,--,21,27657,买盘
136,14:50:00,13.17,--,3,3951,买盘
137,14:49:57,13.17,0.01,21,27657,买盘
138,14:49:54,13.16,--,132,173712,卖盘
139,14:49:51,13.16,--,235,309260,卖盘
140,14:49:48,13.16,-0.01,316,415856,卖盘
141,14:49:45,13.17,--,29,38193,买盘
142,14:49:42,13.17,0.01,68,90030,买盘
143,14:49:39,13.16,-0.01,40,52640,卖盘
144,14:49:36,13.17,--,224,295008,买盘
145,14:49:33,13.17,0.01,78,102726,买盘
146,14:49:30,13.16,-0.01,35,46060,卖盘
147,14:49:24,13.17,0.01,35,46095,买盘
148,14:49:18,13.16,-0.01,43,56588,卖盘
149,14:49:15,13.17,--,116,152772,买盘
150,14:49:12,13.17,--,166,218622,买盘
151,14:49:09,13.17,--,356,468852,买盘
152,14:49:06,13.17,0.01,60,79020,买盘
153,14:49:03,13.16,--,94,123704,卖盘
154,14:48:57,13.16,--,36,47376,卖盘
155,14:48:54,13.16,--,175,230300,卖盘
156,14:48:51,13.16,-0.01,53,69748,卖盘
157,14:48:48,13.17,0.01,17,22389,买盘
158,14:48:45,13.16,--,91,119756,卖盘
159,14:48:42,13.16,-0.01,13,17108,卖盘
160,14:48:39,13.17,0.01,11,14487,买盘
161,14:48:36,13.16,--,45,59220,卖盘
162,14:48:33,13.16,-0.01,68,89488,卖盘
163,14:48:30,13.17,0.01,35,46095,买盘
164,14:48:24,13.16,--,56,73696,卖盘
165,14:48:21,13.16,-0.01,19,25754,卖盘
166,14:48:18,13.17,0.01,2,2634,买盘
167,14:48:15,13.16,--,39,51324,卖盘
168,14:48:12,13.16,--,116,152656,卖盘
169,14:48:09,13.16,--,24,31584,卖盘
170,14:48:06,13.16,-0.01,121,159262,卖盘
171,14:48:03,13.17,0.01,2,2634,中性盘
172,14:48:00,13.16,-0.01,62,81592,卖盘
173,14:47:57,13.17,--,57,75069,卖盘
174,14:47:54,13.17,0.01,705,928485,买盘
175,14:47:51,13.16,-0.01,328,431648,卖盘
176,14:47:48,13.17,0.01,9,11853,买盘
177,14:47:45,13.16,--,206,271096,卖盘
178,14:47:42,13.16,--,21,27636,卖盘
179,14:47:39,13.16,-0.01,218,286888,卖盘
180,14:47:33,13.17,0.01,105,138285,买盘
181,14:47:30,13.16,-0.01,50,65800,卖盘
182,14:47:27,13.17,-0.01,151,198867,卖盘
183,14:47:24,13.18,--,179,235922,买盘
184,14:47:21,13.18,--,15,19770,买盘
185,14:47:18,13.18,0.01,55,72490,买盘
186,14:47:15,13.17,--,240,316080,卖盘
187,14:47:12,13.17,-0.01,102,134334,卖盘
188,14:47:09,13.18,0.01,19,25042,买盘
189,14:47:06,13.17,--,602,792834,卖盘
190,14:47:03,13.17,--,64,84288,卖盘
191,14:47:00,13.17,0.02,914,1203738,买盘
192,14:46:57,13.15,--,345,454201,买盘
193,14:46:54,13.15,--,277,365044,卖盘
194,14:46:51,13.15,-0.01,46,60490,卖盘
195,14:46:45,13.16,0.01,210,276360,买盘
196,14:46:42,13.15,--,13,17095,卖盘
197,14:46:39,13.15,--,55,72325,卖盘
198,14:46:36,13.15,-0.01,210,276150,卖盘
199,14:46:33,13.16,0.01,1,1316,买盘
200,14:46:30,13.15,--,14,18410,卖盘
201,14:46:27,13.15,--,33,43395,卖盘
202,14:46:24,13.15,--,175,230125,卖盘
203,14:46:21,13.15,--,24,31560,卖盘
204,14:46:18,13.15,-0.01,723,950745,卖盘
205,14:46:15,13.16,--,1316,1731856,卖盘
206,14:46:12,13.16,--,3,3948,卖盘
207,14:46:09,13.16,-0.01,52,68432,卖盘
208,14:46:06,13.17,--,6,7902,买盘
209,14:46:03,13.17,0.01,52,68484,买盘
210,14:46:00,13.16,--,9,11844,卖盘
211,14:45:57,13.16,-0.01,12,15792,卖盘
212,14:45:54,13.17,--,83,110364,卖盘
213,14:45:51,13.17,--,51,67167,卖盘
214,14:45:48,13.17,--,110,144870,卖盘
215,14:45:45,13.17,--,19,25023,卖盘
216,14:45:42,13.17,--,80,105360,卖盘
217,14:45:39,13.17,--,101,133017,卖盘
218,14:45:36,13.17,--,61,80337,卖盘
219,14:45:33,13.17,--,252,331884,卖盘
220,14:45:30,13.17,-0.01,117,154089,卖盘
221,14:45:27,13.18,--,10,13180,买盘
222,14:45:24,13.18,0.01,82,108076,买盘
223,14:45:21,13.17,--,21,27657,卖盘
224,14:45:18,13.17,0.01,159,209666,买盘
225,14:45:15,13.16,--,29,38164,卖盘
226,14:45:12,13.16,--,58,76328,卖盘
227,14:45:09,13.16,--,155,203980,卖盘
228,14:45:06,13.16,-0.01,55,72380,卖盘
229,14:45:03,13.17,-0.01,34,44778,买盘
230,14:45:00,13.18,0.02,232,305776,买盘
231,14:44:57,13.16,-0.01,368,484288,卖盘
232,14:44:54,13.17,--,340,448306,卖盘
233,14:44:48,13.17,--,212,279204,卖盘
234,14:44:45,13.17,--,137,181219,买盘
235,14:44:42,13.17,--,20,26340,买盘
236,14:44:39,13.17,--,82,107994,买盘
237,14:44:36,13.17,--,300,395100,买盘
238,14:44:33,13.17,--,498,656392,卖盘
239,14:44:30,13.17,--,56,73752,卖盘
240,14:44:27,13.17,-0.01,24,31608,卖盘
241,14:44:21,13.18,0.01,43,56674,买盘
242,14:44:18,13.17,--,41,53997,卖盘
243,14:44:15,13.17,--,105,138285,卖盘
244,14:44:12,13.17,-0.01,125,164625,卖盘
245,14:44:09,13.18,0.01,56,73808,买盘
246,14:44:06,13.17,--,96,126432,卖盘
247,14:44:03,13.17,--,14,18438,卖盘
248,14:44:00,13.17,--,378,497826,卖盘
249,14:43:57,13.17,--,27,36349,卖盘
250,14:43:54,13.17,--,121,159357,卖盘
251,14:43:51,13.17,-0.01,121,159357,卖盘
252,14:43:48,13.18,0.01,1,1318,买盘
253,14:43:45,13.17,--,10,13170,卖盘
254,14:43:42,13.17,--,18,23706,卖盘
255,14:43:39,13.17,--,15,19755,卖盘
256,14:43:36,13.17,--,151,198867,买盘
257,14:43:33,13.17,--,212,279204,买盘
258,14:43:30,13.17,0.01,6,7902,买盘
259,14:43:27,13.16,-0.01,64,84224,卖盘
260,14:43:24,13.17,--,138,181746,买盘
261,14:43:21,13.17,--,108,142236,买盘
262,14:43:18,13.17,0.01,1,1317,买盘
263,14:43:15,13.16,--,5,6580,卖盘
264,14:43:12,13.16,--,102,134232,卖盘
265,14:43:09,13.16,--,147,193452,卖盘
266,14:43:06,13.16,--,82,107912,卖盘
267,14:43:03,13.16,-0.01,187,246092,卖盘
268,14:43:00,13.17,--,307,404319,卖盘
269,14:42:57,13.17,--,16,21072,卖盘
270,14:42:54,13.17,--,2,2634,卖盘
271,14:42:51,13.17,--,176,231792,卖盘
272,14:42:48,13.17,--,200,263400,卖盘
273,14:42:45,13.17,-0.01,111,146187,卖盘
274,14:42:42,13.18,0.01,2,2636,买盘
275,14:42:39,13.17,--,90,118530,卖盘
276,14:42:36,13.17,--,14,18438,卖盘
277,14:42:33,13.17,--,73,96141,卖盘
278,14:42:30,13.17,-0.01,100,131700,卖盘
279,14:42:27,13.18,0.01,91,119938,买盘
280,14:42:24,13.17,--,150,197550,买盘
281,14:42:21,13.17,--,3,3951,买盘
282,14:42:18,13.17,--,23,30291,买盘
283,14:42:15,13.17,0.01,18,23706,买盘
284,14:42:12,13.16,--,28,36848,卖盘
285,14:42:09,13.16,--,19,25004,卖盘
286,14:42:06,13.16,--,212,278992,卖盘
287,14:42:03,13.16,-0.01,336,442176,卖盘
288,14:42:00,13.17,--,37,48729,卖盘
289,14:41:57,13.17,--,60,79020,卖盘
290,14:41:54,13.17,-0.01,83,109311,卖盘
291,14:41:51,13.18,--,153,201654,买盘
292,14:41:48,13.18,0.01,2,2636,买盘
293,14:41:45,13.17,--,82,107994,卖盘
294,14:41:42,13.17,--,17,22389,卖盘
295,14:41:39,13.17,--,1,1317,卖盘
296,14:41:36,13.17,--,19,25023,卖盘
297,14:41:33,13.17,--,80,105360,卖盘
298,14:41:30,13.17,--,41,53997,卖盘
299,14:41:27,13.17,-0.01,127,167259,卖盘
300,14:41:24,13.18,--,30,39540,买盘
301,14:41:21,13.18,--,32,42176,买盘
302,14:41:18,13.18,-0.01,44,57992,中性盘
303,14:41:15,13.19,0.02,20,26380,买盘
304,14:41:12,13.17,-0.02,239,314763,卖盘
305,14:41:09,13.19,0.01,44,58036,买盘
306,14:41:06,13.18,--,194,255692,卖盘
307,14:41:03,13.18,-0.01,202,266236,卖盘
308,14:41:00,13.19,0.01,151,199169,买盘
309,14:40:57,13.18,-0.01,73,96214,卖盘
310,14:40:54,13.19,0.01,98,129262,买盘
311,14:40:51,13.18,-0.01,81,106758,卖盘
312,14:40:48,13.19,--,618,815142,买盘
313,14:40:45,13.19,0.01,269,354811,买盘
314,14:40:42,13.18,--,122,160796,卖盘
315,14:40:39,13.18,--,40,52720,卖盘
316,14:40:36,13.18,--,186,245148,卖盘
317,14:40:33,13.18,--,37,48766,卖盘
318,14:40:30,13.18,--,30,39540,卖盘
319,14:40:27,13.18,--,75,98850,卖盘
320,14:40:21,13.18,--,6,7908,卖盘
321,14:40:18,13.18,--,31,40858,卖盘
322,14:40:15,13.18,--,131,172658,卖盘
323,14:40:12,13.18,--,192,253056,卖盘
324,14:40:09,13.18,--,255,336090,卖盘
325,14:40:06,13.18,--,452,595736,卖盘
326,14:40:03,13.18,--,37,48766,卖盘
327,14:40:00,13.18,-0.01,1,1318,卖盘
328,14:39:57,13.19,0.01,17,22423,买盘
329,14:39:54,13.18,--,72,94896,卖盘
330,14:39:51,13.18,-0.01,176,231968,卖盘
331,14:39:48,13.19,0.01,55,72545,买盘
332,14:39:45,13.18,--,20,26360,卖盘
333,14:39:42,13.18,0.01,51,67218,卖盘
334,14:39:39,13.17,-0.01,150,197550,卖盘
335,14:39:36,13.18,--,46,60628,买盘
336,14:39:33,13.18,-0.01,55,72490,卖盘
337,14:39:30,13.19,0.01,190,250610,买盘
338,14:39:27,13.18,--,173,228014,买盘
339,14:39:24,13.18,--,5,6590,买盘
340,14:39:21,13.18,--,35,46130,买盘
341,14:39:18,13.18,--,100,131800,买盘
342,14:39:15,13.18,--,75,98850,买盘
343,14:39:12,13.18,0.01,82,108076,买盘
344,14:39:09,13.17,-0.01,39,51363,卖盘
345,14:39:06,13.18,-0.01,122,160796,卖盘
346,14:39:03,13.19,--,61,80459,买盘
347,14:39:00,13.19,-0.01,319,420761,卖盘
348,14:38:57,13.2,0.01,574,757680,买盘
349,14:38:54,13.19,-0.01,135,178065,卖盘
350,14:38:51,13.2,0.01,3,3960,买盘
351,14:38:48,13.19,--,71,93649,卖盘
352,14:38:45,13.19,--,208,274352,卖盘
353,14:38:42,13.19,0.02,917,1209523,买盘
354,14:38:39,13.17,--,22,28974,卖盘
355,14:38:36,13.17,-0.01,31,40827,卖盘
356,14:38:33,13.18,--,4,5272,卖盘
357,14:38:30,13.18,0.01,36,47448,买盘
358,14:38:27,13.17,--,111,146187,卖盘
359,14:38:24,13.17,0.01,209,275253,买盘
360,14:38:21,13.16,-0.01,763,1004108,卖盘
361,14:38:18,13.17,-0.01,157,206769,卖盘
362,14:38:15,13.18,0.01,1280,1687040,买盘
363,14:38:12,13.17,--,69,90873,卖盘
364,14:38:09,13.17,--,377,496509,卖盘
365,14:38:06,13.17,--,149,196233,买盘
366,14:38:03,13.17,--,309,406953,买盘
367,14:38:00,13.17,0.01,885,1165545,买盘
368,14:37:57,13.16,--,345,454020,卖盘
369,14:37:54,13.16,--,101,132916,卖盘
370,14:37:51,13.16,--,20,26320,卖盘
371,14:37:48,13.16,--,39,51324,卖盘
372,14:37:45,13.16,0.01,995,1310472,买盘
373,14:37:42,13.15,-0.01,207,272205,卖盘
374,14:37:39,13.16,--,58,76328,买盘
375,14:37:36,13.16,0.01,1,1316,买盘
376,14:37:33,13.15,-0.01,29,38135,卖盘
377,14:37:30,13.16,--,104,136864,买盘
378,14:37:27,13.16,--,166,218719,买盘
379,14:37:24,13.16,0.01,1373,1806868,买盘
380,14:37:21,13.15,--,47,61805,卖盘
381,14:37:18,13.15,--,28,36820,卖盘
382,14:37:15,13.15,--,95,124925,卖盘
383,14:37:12,13.15,--,302,397130,卖盘
384,14:37:09,13.15,--,15,19725,卖盘
385,14:37:06,13.15,--,34,44710,卖盘
386,14:37:03,13.15,--,190,249850,卖盘
387,14:37:00,13.15,--,78,102570,卖盘
388,14:36:54,13.15,--,155,203825,卖盘
389,14:36:51,13.15,--,139,182785,卖盘
390,14:36:45,13.15,--,9,11835,卖盘
391,14:36:39,13.15,--,6,7890,卖盘
392,14:36:36,13.15,--,47,61805,卖盘
393,14:36:33,13.15,--,7,9205,卖盘
394,14:36:30,13.15,0.01,328,431846,买盘
395,14:36:27,13.14,--,73,95922,卖盘
396,14:36:24,13.14,--,1416,1860624,卖盘
397,14:36:21,13.14,--,33,43362,卖盘
398,14:36:18,13.14,--,27,35478,卖盘
399,14:36:15,13.14,--,217,285138,卖盘
400,14:36:12,13.14,--,426,559764,卖盘
401,14:36:09,13.14,0.01,445,584730,买盘
402,14:36:06,13.13,--,58,76154,卖盘
403,14:36:03,13.13,--,81,106353,卖盘
404,14:35:57,13.13,--,58,76154,卖盘
405,14:35:54,13.13,--,232,304616,卖盘
406,14:35:51,13.13,--,95,124735,卖盘
407,14:35:48,13.13,--,690,905970,卖盘
408,14:35:45,13.13,--,136,178568,卖盘
409,14:35:42,13.13,--,10,13130,卖盘
410,14:35:39,13.13,--,169,221897,卖盘
411,14:35:36,13.13,0.01,302,396526,买盘
412,14:35:33,13.12,--,15,19680,卖盘
413,14:35:30,13.12,--,503,659936,卖盘
414,14:35:27,13.12,-0.01,13,17056,卖盘
415,14:35:24,13.13,0.01,20,26260,买盘
416,14:35:21,13.12,-0.01,26,34112,卖盘
417,14:35:18,13.13,--,17,22321,买盘
418,14:35:15,13.13,--,174,228462,卖盘
419,14:35:06,13.13,--,18,23634,卖盘
420,14:35:03,13.13,-0.01,62,81406,卖盘
421,14:34:57,13.14,0.01,2,2628,买盘
422,14:34:54,13.13,--,20,26260,卖盘
423,14:34:51,13.13,--,12,15756,卖盘
424,14:34:48,13.13,--,66,86658,卖盘
425,14:34:45,13.13,--,20,26260,卖盘
426,14:34:42,13.13,--,1474,1935362,买盘
427,14:34:39,13.13,0.01,51,66963,买盘
428,14:34:36,13.12,--,6,7871,卖盘
429,14:34:33,13.12,-0.01,22,28864,卖盘
430,14:34:30,13.13,--,28,36764,卖盘
431,14:34:27,13.13,--,89,116857,卖盘
432,14:34:24,13.13,--,20,26260,卖盘
433,14:34:21,13.13,--,52,68276,卖盘
434,14:34:18,13.13,--,342,449046,买盘
435,14:34:15,13.13,--,20,26260,卖盘
436,14:34:12,13.13,0.01,197,258661,买盘
437,14:34:09,13.12,--,5,6560,卖盘
438,14:34:06,13.12,--,21,27552,卖盘
439,14:34:03,13.12,-0.01,113,148256,卖盘
440,14:34:00,13.13,0.01,22,28886,买盘
441,14:33:54,13.12,--,22,28864,卖盘
442,14:33:51,13.12,-0.01,22,28864,卖盘
443,14:33:48,13.13,--,41,53833,买盘
444,14:33:45,13.13,--,16,21008,买盘
445,14:33:42,13.13,0.01,183,240279,买盘
446,14:33:39,13.12,-0.01,414,543168,卖盘
447,14:33:36,13.13,--,557,731341,买盘
448,14:33:33,13.13,--,309,405717,卖盘
449,14:33:30,13.13,--,227,298051,买盘
450,14:33:27,13.13,--,60,78780,买盘
451,14:33:24,13.13,0.01,17,22321,买盘
452,14:33:21,13.12,-0.01,30,39360,卖盘
453,14:33:18,13.13,0.01,350,459550,买盘
454,14:33:15,13.12,--,35,45920,卖盘
455,14:33:12,13.12,-0.01,5,6560,卖盘
456,14:33:09,13.13,0.01,110,144430,买盘
457,14:33:06,13.12,--,34,44608,卖盘
458,14:33:03,13.12,--,57,74784,卖盘
459,14:33:00,13.12,-0.01,59,77408,卖盘
460,14:32:57,13.13,-0.01,3,3939,买盘
461,14:32:54,13.14,0.01,20,26280,买盘
462,14:32:51,13.13,-0.01,93,122109,中性盘
463,14:32:48,13.14,0.01,901,1183914,买盘
464,14:32:45,13.13,--,58,76154,卖盘
465,14:32:42,13.13,-0.01,24,31512,卖盘
466,14:32:39,13.14,0.02,227,298278,买盘
467,14:32:36,13.12,-0.01,22,28864,卖盘
468,14:32:33,13.13,--,10,13130,买盘
469,14:32:27,13.13,--,99,129987,卖盘
470,14:32:24,13.13,--,114,149682,卖盘
471,14:32:21,13.13,--,420,551460,卖盘
472,14:32:18,13.13,--,69,90597,卖盘
473,14:32:15,13.13,--,4,5252,卖盘
474,14:32:09,13.13,0.01,164,215332,买盘
475,14:32:06,13.12,--,80,104960,卖盘
476,14:32:03,13.12,--,118,154816,卖盘
477,14:32:00,13.12,-0.02,559,733408,卖盘
478,14:31:57,13.14,--,22,28908,买盘
479,14:31:54,13.14,0.01,10,13140,买盘
480,14:31:51,13.13,--,150,196950,卖盘
481,14:31:48,13.13,--,55,72215,卖盘
482,14:31:45,13.13,--,25,32825,卖盘
483,14:31:42,13.13,0.01,381,500253,买盘
484,14:31:39,13.12,--,60,78720,卖盘
485,14:31:36,13.12,0.01,698,915776,买盘
486,14:31:33,13.11,--,39,51129,卖盘
487,14:31:30,13.11,--,6,7866,卖盘
488,14:31:27,13.11,--,20,26220,卖盘
489,14:31:24,13.11,--,121,158631,买盘
490,14:31:21,13.11,--,265,347415,卖盘
491,14:31:18,13.11,--,13,17043,卖盘
492,14:31:15,13.11,--,43,56373,卖盘
493,14:31:12,13.11,--,5,6555,卖盘
494,14:31:09,13.11,0.01,258,338238,买盘
495,14:31:06,13.1,--,17,22270,卖盘
496,14:31:03,13.1,-0.01,71,93010,卖盘
497,14:31:00,13.11,0.01,75,98325,买盘
498,14:30:57,13.1,--,38,49780,卖盘
499,14:30:48,13.1,--,14,18340,卖盘
500,14:30:45,13.1,--,26,34060,卖盘
501,14:30:42,13.1,--,12,15720,卖盘
502,14:30:39,13.1,--,60,78600,买盘
503,14:30:36,13.1,--,255,334050,卖盘
504,14:30:33,13.1,--,48,62880,卖盘
505,14:30:30,13.1,--,14,18340,卖盘
506,14:30:27,13.1,0.01,56,73360,中性盘
507,14:30:24,13.09,--,483,633294,卖盘
508,14:30:21,13.09,--,40,52360,卖盘
509,14:30:18,13.09,-0.01,21,27489,卖盘
510,14:30:15,13.1,--,22,28820,买盘
511,14:30:12,13.1,--,59,77552,卖盘
512,14:30:09,13.1,--,61,79910,卖盘
513,14:30:03,13.1,--,13,17030,卖盘
514,14:30:00,13.1,--,33,43230,卖盘
515,14:29:57,13.1,--,1,1310,卖盘
516,14:29:54,13.1,--,40,52400,卖盘
517,14:29:51,13.1,--,10,13100,卖盘
518,14:29:48,13.1,--,12,15720,卖盘
519,14:29:45,13.1,0.01,308,404528,买盘
520,14:29:42,13.09,--,4,5236,卖盘
521,14:29:39,13.09,-0.01,55,71995,卖盘
522,14:29:36,13.1,0.01,50,65500,买盘
523,14:29:33,13.09,--,12,15708,卖盘
524,14:29:30,13.09,-0.01,115,150535,卖盘
525,14:29:27,13.1,--,72,94582,卖盘
526,14:29:24,13.1,--,21,27510,卖盘
527,14:29:21,13.1,--,5,6550,卖盘
528,14:29:18,13.1,0.01,209,274838,买盘
529,14:29:15,13.09,--,12,15708,卖盘
530,14:29:12,13.09,-0.01,145,189805,卖盘
531,14:29:09,13.1,--,118,154580,买盘
532,14:29:06,13.1,0.01,15,19650,买盘
533,14:29:03,13.09,-0.01,463,606328,卖盘
534,14:29:00,13.1,-0.01,18,23580,卖盘
535,14:28:57,13.11,0.01,98,128478,买盘
536,14:28:54,13.1,-0.01,7,9170,卖盘
537,14:28:51,13.11,0.01,69,90459,买盘
538,14:28:48,13.1,--,807,1057170,卖盘
539,14:28:45,13.1,--,30,39300,卖盘
540,14:28:42,13.1,--,7,9170,卖盘
541,14:28:39,13.1,-0.01,23,30130,卖盘
542,14:28:36,13.11,--,3,3933,买盘
543,14:28:33,13.11,0.01,22,28842,买盘
544,14:28:30,13.1,--,601,787310,卖盘
545,14:28:27,13.1,--,132,172920,卖盘
546,14:28:24,13.1,--,10,13100,卖盘
547,14:28:21,13.1,-0.01,22,28820,卖盘
548,14:28:18,13.11,0.01,1,1311,买盘
549,14:28:15,13.1,--,22,28820,卖盘
550,14:28:12,13.1,--,5,6550,卖盘
551,14:28:09,13.1,-0.01,12,15720,卖盘
552,14:28:06,13.11,--,75,98325,买盘
553,14:28:03,13.11,0.01,21,27531,买盘
554,14:28:00,13.1,--,42,55020,卖盘
555,14:27:57,13.1,--,2,2620,卖盘
556,14:27:54,13.1,--,28,36680,卖盘
557,14:27:51,13.1,-0.01,6,7860,卖盘
558,14:27:48,13.11,0.01,34,44574,买盘
559,14:27:45,13.1,--,12,15720,卖盘
560,14:27:42,13.1,--,11,14410,卖盘
561,14:27:39,13.1,-0.01,61,81193,卖盘
562,14:27:36,13.11,--,60,78660,卖盘
563,14:27:33,13.11,--,1082,1418528,买盘
564,14:27:30,13.11,--,95,124545,卖盘
565,14:27:27,13.11,-0.01,14,18354,卖盘
566,14:27:24,13.12,0.01,10,13120,买盘
567,14:27:21,13.11,--,25,32775,卖盘
568,14:27:18,13.11,--,5,6555,卖盘
569,14:27:12,13.11,--,57,74727,卖盘
570,14:27:09,13.11,--,115,150765,买盘
571,14:27:06,13.11,0.01,10,13110,买盘
572,14:27:03,13.1,-0.01,181,237110,卖盘
573,14:27:00,13.11,--,10,13110,买盘
574,14:26:57,13.11,0.01,22,28842,买盘
575,14:26:54,13.1,--,1,1310,卖盘
576,14:26:51,13.1,-0.01,70,91700,卖盘
577,14:26:48,13.11,--,37,48507,买盘
578,14:26:45,13.11,0.01,72,94392,买盘
579,14:26:42,13.1,--,30,39300,卖盘
580,14:26:39,13.1,--,87,113970,卖盘
581,14:26:36,13.1,--,97,127070,卖盘
582,14:26:33,13.1,0.01,960,1258648,买盘
583,14:26:30,13.09,--,153,200277,卖盘
584,14:26:27,13.09,-0.01,27,35343,卖盘
585,14:26:24,13.1,0.01,26,34060,买盘
586,14:26:21,13.09,0.01,76,99484,买盘
587,14:26:18,13.08,--,11,14388,卖盘
588,14:26:12,13.08,--,17,22236,卖盘
589,14:26:09,13.08,-0.01,36,47088,卖盘
590,14:26:06,13.09,0.01,624,816816,买盘
591,14:26:03,13.08,-0.01,167,218436,卖盘
592,14:26:00,13.09,0.01,193,252637,买盘
593,14:25:57,13.08,--,53,69324,卖盘
594,14:25:54,13.08,-0.01,112,146496,卖盘
595,14:25:51,13.09,--,1056,1382304,买盘
596,14:25:48,13.09,--,81,106029,买盘
597,14:25:45,13.09,0.01,5,6545,买盘
598,14:25:42,13.08,-0.01,239,312612,卖盘
599,14:25:39,13.09,0.01,75,98175,买盘
600,14:25:36,13.08,--,228,298224,卖盘
601,14:25:33,13.08,-0.01,116,151728,卖盘
602,14:25:30,13.09,0.01,10,13090,买盘
603,14:25:27,13.08,--,32,41856,卖盘
604,14:25:24,13.08,-0.01,3,3924,卖盘
605,14:25:21,13.09,0.01,39,51051,买盘
606,14:25:15,13.08,-0.01,10,13080,卖盘
607,14:25:12,13.09,0.01,27,35343,买盘
608,14:25:09,13.08,-0.01,19,24852,卖盘
609,14:25:06,13.09,0.01,29,37961,买盘
610,14:25:03,13.08,--,81,105948,卖盘
611,14:25:00,13.08,--,3,3924,卖盘
612,14:24:57,13.08,--,82,107256,卖盘
613,14:24:54,13.08,-0.01,65,85020,卖盘
614,14:24:51,13.09,0.01,79,103411,买盘
615,14:24:48,13.08,--,363,474804,卖盘
616,14:24:42,13.08,-0.01,70,91560,卖盘
617,14:24:39,13.09,0.01,109,142681,买盘
618,14:24:36,13.08,--,303,396324,卖盘
619,14:24:33,13.08,-0.01,76,99408,卖盘
620,14:24:30,13.09,-0.01,206,269654,卖盘
621,14:24:27,13.1,-0.01,10,13100,买盘
622,14:24:24,13.11,0.01,46,60306,买盘
623,14:24:21,13.1,--,187,244970,卖盘
624,14:24:18,13.1,-0.01,21,27510,卖盘
625,14:24:15,13.11,0.01,6,7866,买盘
626,14:24:12,13.1,0.01,19,24890,买盘
627,14:24:09,13.09,--,3,3927,卖盘
628,14:24:06,13.09,-0.01,13,17017,卖盘
629,14:24:03,13.1,--,228,298680,卖盘
630,14:24:00,13.1,--,27,35370,卖盘
631,14:23:57,13.1,-0.01,63,82530,卖盘
632,14:23:54,13.11,0.01,16,20976,买盘
633,14:23:51,13.1,0.01,918,1202580,卖盘
634,14:23:48,13.09,--,70,91630,卖盘
635,14:23:45,13.09,--,111,145299,卖盘
636,14:23:42,13.09,-0.01,53,69377,卖盘
637,14:23:39,13.1,0.01,47,61570,买盘
638,14:23:36,13.09,--,443,579887,卖盘
639,14:23:33,13.09,-0.01,435,570200,卖盘
640,14:23:30,13.1,--,3,3930,买盘
641,14:23:27,13.1,0.01,41,53710,买盘
642,14:23:24,13.09,--,13,17017,卖盘
643,14:23:18,13.09,-0.01,46,60214,卖盘
644,14:23:15,13.1,0.01,15,19650,买盘
645,14:23:12,13.09,--,5,6545,卖盘
646,14:23:09,13.09,-0.01,38,49742,卖盘
647,14:23:06,13.1,0.01,252,330120,买盘
648,14:23:03,13.09,--,146,191114,卖盘
649,14:23:00,13.09,-0.01,341,446369,卖盘
650,14:22:57,13.1,--,2,2620,买盘
651,14:22:54,13.1,0.01,33,43230,买盘
652,14:22:51,13.09,-0.01,48,62832,卖盘
653,14:22:48,13.1,--,25,32750,买盘
654,14:22:45,13.1,--,71,93010,买盘
655,14:22:42,13.1,--,146,191260,买盘
656,14:22:39,13.1,--,188,246280,卖盘
657,14:22:33,13.1,--,256,335360,买盘
658,14:22:30,13.1,0.01,80,104800,买盘
659,14:22:27,13.09,-0.01,98,128282,卖盘
660,14:22:24,13.1,0.01,17,22270,买盘
661,14:22:18,13.09,--,40,52360,卖盘
662,14:22:15,13.09,--,41,53669,卖盘
663,14:22:12,13.09,-0.01,605,791945,卖盘
664,14:22:09,13.1,0.01,30,39300,买盘
665,14:22:06,13.09,--,47,61523,卖盘
666,14:22:03,13.09,-0.01,56,73304,卖盘
667,14:22:00,13.1,--,19,24890,买盘
668,14:21:57,13.1,--,20,26200,买盘
669,14:21:54,13.1,--,9,11790,卖盘
670,14:21:48,13.1,-0.01,126,165060,卖盘
671,14:21:45,13.11,0.01,167,218937,买盘
672,14:21:42,13.1,--,18,23580,买盘
673,14:21:39,13.1,--,408,534480,卖盘
674,14:21:36,13.1,--,47,61570,买盘
675,14:21:33,13.1,0.01,11,14410,买盘
676,14:21:30,13.09,-0.01,22,28798,卖盘
677,14:21:24,13.1,--,120,157200,卖盘
678,14:21:21,13.1,--,133,174230,买盘
679,14:21:18,13.1,--,21,27510,买盘
680,14:21:15,13.1,--,38,49780,买盘
681,14:21:12,13.1,--,87,113970,买盘
682,14:21:09,13.1,0.01,25,32750,买盘
683,14:21:06,13.09,0.01,15,19635,中性盘
684,14:21:03,13.08,-0.02,57,74556,卖盘
685,14:21:00,13.1,--,69,90390,买盘
686,14:20:57,13.1,0.02,1,1310,中性盘
687,14:20:54,13.08,-0.03,1226,1603608,卖盘
688,14:20:51,13.11,--,12,15732,卖盘
689,14:20:48,13.11,--,196,256956,卖盘
690,14:20:45,13.11,--,84,110124,买盘
691,14:20:42,13.11,0.01,458,600438,买盘
692,14:20:39,13.1,--,54,70740,卖盘
693,14:20:36,13.1,0.01,44,57640,中性盘
694,14:20:33,13.09,-0.01,11,14399,卖盘
695,14:20:30,13.1,0.01,254,332740,买盘
696,14:20:27,13.09,--,4,5236,卖盘
697,14:20:24,13.09,--,39,51051,卖盘
698,14:20:21,13.09,--,437,572033,买盘
699,14:20:18,13.09,--,49,64141,买盘
700,14:20:15,13.09,--,63,82467,买盘
701,14:20:12,13.09,--,38,49742,买盘
702,14:20:09,13.09,0.01,52,68068,买盘
703,14:20:06,13.08,--,6,7848,卖盘
704,14:20:03,13.08,--,57,74556,卖盘
705,14:20:00,13.08,--,151,197508,买盘
706,14:19:57,13.08,0.01,110,143880,买盘
707,14:19:54,13.07,-0.01,160,209120,卖盘
708,14:19:51,13.08,--,104,136032,买盘
709,14:19:48,13.08,--,139,181812,买盘
710,14:19:45,13.08,--,244,319152,买盘
711,14:19:42,13.08,--,430,562440,卖盘
712,14:19:39,13.08,0.01,19,24852,买盘
713,14:19:36,13.07,-0.01,52,67964,卖盘
714,14:19:33,13.08,--,71,92868,买盘
715,14:19:30,13.08,--,74,96792,买盘
716,14:19:27,13.08,0.01,35,45780,买盘
717,14:19:24,13.07,-0.01,12,15684,卖盘
718,14:19:21,13.08,-0.01,252,329616,卖盘
719,14:19:18,13.09,0.01,36,47124,买盘
720,14:19:15,13.08,-0.01,50,65400,卖盘
721,14:19:12,13.09,0.02,61,79849,买盘
722,14:19:09,13.07,-0.01,302,394714,卖盘
723,14:19:06,13.08,--,113,147804,卖盘
724,14:19:03,13.08,--,97,126876,卖盘
725,14:19:00,13.08,--,102,134462,买盘
726,14:18:57,13.08,--,42,54936,买盘
727,14:18:54,13.08,--,47,61476,买盘
728,14:18:51,13.08,--,141,184428,买盘
729,14:18:48,13.08,0.01,108,141264,买盘
730,14:18:45,13.07,--,546,713622,卖盘
731,14:18:42,13.07,-0.01,514,671798,卖盘
732,14:18:39,13.08,--,165,215820,买盘
733,14:18:36,13.08,--,154,201432,买盘
734,14:18:33,13.08,--,215,281220,买盘
735,14:18:30,13.08,--,79,103332,买盘
736,14:18:27,13.08,--,61,79788,买盘
737,14:18:24,13.08,--,56,73248,买盘
738,14:18:21,13.08,0.01,42,54936,买盘
739,14:18:15,13.07,-0.01,5,6535,卖盘
740,14:18:12,13.08,--,81,105948,买盘
741,14:18:09,13.08,0.01,10,13080,买盘
742,14:18:06,13.07,-0.01,493,644351,卖盘
743,14:18:03,13.08,0.01,133,173964,买盘
744,14:18:00,13.07,-0.01,76,99332,卖盘
745,14:17:57,13.08,--,122,159576,买盘
746,14:17:54,13.08,--,1,1308,买盘
747,14:17:51,13.08,--,56,73248,买盘
748,14:17:48,13.08,--,243,317844,买盘
749,14:17:45,13.08,--,438,572904,卖盘
750,14:17:42,13.08,--,15,19620,卖盘
751,14:17:39,13.08,--,38,49704,卖盘
752,14:17:36,13.08,-0.01,23,30084,卖盘
753,14:17:33,13.09,--,19,24871,买盘
754,14:17:30,13.09,0.01,30,39270,买盘
755,14:17:27,13.08,-0.01,10,13080,卖盘
756,14:17:24,13.09,0.02,79,103411,买盘
757,14:17:21,13.07,-0.01,174,227418,卖盘
758,14:17:18,13.08,--,272,355776,卖盘
759,14:17:15,13.08,--,48,62784,卖盘
760,14:17:12,13.08,-0.01,116,151728,卖盘
761,14:17:09,13.09,--,63,82467,买盘
762,14:17:06,13.09,--,9,11781,买盘
763,14:17:03,13.09,--,102,133518,买盘
764,14:17:00,13.09,0.01,4,5236,买盘
765,14:16:57,13.08,--,13,17004,卖盘
766,14:16:54,13.08,--,100,130800,卖盘
767,14:16:51,13.08,--,65,85020,卖盘
768,14:16:48,13.08,--,582,762040,买盘
769,14:16:45,13.08,--,45,58860,买盘
770,14:16:42,13.08,--,102,133939,卖盘
771,14:16:39,13.08,--,117,153559,卖盘
772,14:16:36,13.08,-0.01,337,440796,卖盘
773,14:16:33,13.09,0.01,91,119119,买盘
774,14:16:30,13.08,--,721,943068,卖盘
775,14:16:27,13.08,-0.01,59,77172,卖盘
776,14:16:24,13.09,0.01,549,718641,买盘
777,14:16:21,13.08,--,4,5232,卖盘
778,14:16:18,13.08,--,216,282528,卖盘
779,14:16:15,13.08,-0.01,57,74556,卖盘
780,14:16:12,13.09,0.01,97,126973,买盘
781,14:16:09,13.08,--,12,15696,卖盘
782,14:16:06,13.08,--,518,677544,卖盘
783,14:16:03,13.08,--,22,28776,卖盘
784,14:16:00,13.08,-0.01,69,90252,卖盘
785,14:15:57,13.09,--,80,104720,买盘
786,14:15:54,13.09,--,71,92939,买盘
787,14:15:51,13.09,--,360,471240,买盘
788,14:15:48,13.09,0.01,33,43197,买盘
789,14:15:45,13.08,--,18,23544,卖盘
790,14:15:42,13.08,--,72,94176,卖盘
791,14:15:39,13.08,-0.01,70,91560,卖盘
792,14:15:36,13.09,--,290,379610,买盘
793,14:15:33,13.09,--,38,49742,买盘
794,14:15:30,13.09,--,18,23562,买盘
795,14:15:27,13.09,--,6,7854,买盘
796,14:15:24,13.09,--,68,89012,买盘
797,14:15:21,13.09,0.01,43,56287,买盘
798,14:15:18,13.08,--,12,15696,卖盘
799,14:15:15,13.08,-0.01,38,49704,卖盘
800,14:15:12,13.09,0.01,11,14399,买盘
801,14:15:09,13.08,-0.01,24,31392,卖盘
802,14:15:06,13.09,-0.01,160,209440,卖盘
803,14:15:03,13.1,0.01,244,319640,买盘
804,14:15:00,13.09,--,96,125664,卖盘
805,14:14:54,13.09,--,171,223839,买盘
806,14:14:51,13.09,0.01,250,327250,卖盘
807,14:14:48,13.08,-0.01,36,47088,卖盘
808,14:14:45,13.09,--,180,235620,买盘
809,14:14:42,13.09,--,108,141372,买盘
810,14:14:39,13.09,--,60,78540,买盘
811,14:14:36,13.09,--,86,112574,买盘
812,14:14:33,13.09,--,177,231693,买盘
813,14:14:30,13.09,--,143,187187,卖盘
814,14:14:24,13.09,--,15,19635,卖盘
815,14:14:21,13.09,--,29,37961,卖盘
816,14:14:18,13.09,-0.01,18,23562,卖盘
817,14:14:15,13.1,--,67,87770,买盘
818,14:14:12,13.1,0.01,95,124450,买盘
819,14:14:09,13.09,-0.01,9,11781,卖盘
820,14:14:06,13.1,0.01,25,32750,买盘
821,14:14:03,13.09,--,12,15708,卖盘
822,14:14:00,13.09,-0.01,63,82467,卖盘
823,14:13:57,13.1,--,130,170300,买盘
824,14:13:54,13.1,--,96,125760,卖盘
825,14:13:51,13.1,--,105,137550,卖盘
826,14:13:48,13.1,--,743,973330,卖盘
827,14:13:45,13.1,0.01,12,15720,中性盘
828,14:13:42,13.09,-0.02,31,40579,卖盘
829,14:13:39,13.11,0.02,3,3933,买盘
830,14:13:36,13.09,-0.01,12,15708,卖盘
831,14:13:33,13.1,--,23,30130,卖盘
832,14:13:30,13.1,0.01,19,24890,卖盘
833,14:13:27,13.09,--,300,392700,卖盘
834,14:13:24,13.09,-0.02,137,179333,卖盘
835,14:13:21,13.11,0.02,39,51129,买盘
836,14:13:18,13.09,--,422,552398,卖盘
837,14:13:15,13.09,-0.01,22,28798,卖盘
838,14:13:12,13.1,0.01,26,34060,买盘
839,14:13:09,13.09,--,37,48433,卖盘
840,14:13:06,13.09,-0.01,289,378301,卖盘
841,14:13:03,13.1,--,134,175540,买盘
842,14:13:00,13.1,--,155,203050,买盘
843,14:12:57,13.1,--,21,27510,买盘
844,14:12:54,13.1,--,97,127070,卖盘
845,14:12:51,13.1,0.01,10,13100,买盘
846,14:12:48,13.09,--,7,9163,卖盘
847,14:12:45,13.09,-0.01,336,439824,卖盘
848,14:12:42,13.1,--,67,87770,卖盘
849,14:12:39,13.1,-0.01,28,36680,卖盘
850,14:12:36,13.11,--,34,44574,买盘
851,14:12:33,13.11,0.01,19,24909,买盘
852,14:12:30,13.1,--,47,61570,卖盘
853,14:12:27,13.1,-0.01,60,78600,卖盘
854,14:12:24,13.11,--,11,14421,买盘
855,14:12:21,13.11,0.01,73,95703,买盘
856,14:12:18,13.1,--,19,24890,买盘
857,14:12:15,13.1,0.01,126,165060,买盘
858,14:12:12,13.09,--,13,17017,卖盘
859,14:12:09,13.09,--,65,85085,卖盘
860,14:12:06,13.09,-0.01,22,28798,卖盘
861,14:12:03,13.1,0.01,58,75980,买盘
862,14:12:00,13.09,-0.01,294,384846,卖盘
863,14:11:57,13.1,0.01,352,461120,买盘
864,14:11:54,13.09,-0.01,7,9163,卖盘
865,14:11:51,13.1,0.01,4,5240,中性盘
866,14:11:48,13.09,--,34,44506,卖盘
867,14:11:45,13.09,-0.01,89,116501,卖盘
868,14:11:42,13.1,--,2,2620,卖盘
869,14:11:39,13.1,-0.01,50,65500,卖盘
870,14:11:36,13.11,--,7,9177,买盘
871,14:11:33,13.11,--,16,20976,买盘
872,14:11:30,13.11,0.01,20,26220,买盘
873,14:11:27,13.1,--,27,35370,卖盘
874,14:11:24,13.1,--,140,183924,买盘
875,14:11:21,13.1,--,15,19650,买盘
876,14:11:18,13.1,--,172,225320,卖盘
877,14:11:15,13.1,--,96,125760,卖盘
878,14:11:12,13.1,--,11,14410,卖盘
879,14:11:09,13.1,--,38,49780,卖盘
880,14:11:06,13.1,--,240,314400,买盘
881,14:11:03,13.1,--,113,148030,买盘
882,14:11:00,13.1,--,196,256760,卖盘
883,14:10:57,13.1,--,65,85150,卖盘
884,14:10:54,13.1,--,4,5240,买盘
885,14:10:51,13.1,--,100,131000,买盘
886,14:10:48,13.1,0.01,70,91700,买盘
887,14:10:45,13.09,--,143,187187,卖盘
888,14:10:42,13.09,-0.01,14,18326,卖盘
889,14:10:39,13.1,--,605,792550,买盘
890,14:10:36,13.1,0.01,10,13100,买盘
891,14:10:33,13.09,--,222,290598,卖盘
892,14:10:30,13.09,--,30,39270,卖盘
893,14:10:27,13.09,--,72,94248,卖盘
894,14:10:24,13.09,--,19,24871,卖盘
895,14:10:21,13.09,--,24,32463,卖盘
896,14:10:18,13.09,--,61,79849,卖盘
897,14:10:15,13.09,-0.01,50,65450,卖盘
898,14:10:12,13.1,0.01,50,65500,买盘
899,14:10:09,13.09,--,36,47124,卖盘
900,14:10:06,13.09,-0.01,3,3927,卖盘
901,14:10:03,13.1,--,3,3930,买盘
902,14:10:00,13.1,--,529,692990,买盘
903,14:09:57,13.1,-0.02,2493,3265830,卖盘
904,14:09:54,13.12,--,138,181056,卖盘
905,14:09:51,13.12,-0.01,300,393600,卖盘
906,14:09:48,13.13,0.01,16,21008,买盘
907,14:09:45,13.12,--,21,27552,卖盘
908,14:09:39,13.12,--,9,11808,卖盘
909,14:09:33,13.12,--,18,23616,卖盘
910,14:09:30,13.12,--,34,44608,卖盘
911,14:09:24,13.12,--,240,314880,卖盘
912,14:09:18,13.12,--,31,40672,卖盘
913,14:09:15,13.12,--,20,26240,卖盘
914,14:09:12,13.12,--,3,3935,卖盘
915,14:09:09,13.12,--,18,23616,卖盘
916,14:09:06,13.12,--,3,3935,卖盘
917,14:09:03,13.12,--,41,53792,卖盘
918,14:09:00,13.12,-0.01,208,274037,卖盘
919,14:08:57,13.13,--,130,170690,卖盘
920,14:08:51,13.13,-0.01,30,39390,卖盘
921,14:08:48,13.14,0.01,123,161622,买盘
922,14:08:45,13.13,-0.01,32,42016,卖盘
923,14:08:42,13.14,0.01,7,9198,买盘
924,14:08:39,13.13,--,26,34138,卖盘
925,14:08:36,13.13,--,2,2626,卖盘
926,14:08:33,13.13,--,12,15756,卖盘
927,14:08:30,13.13,--,112,147056,卖盘
928,14:08:24,13.13,--,53,69589,卖盘
929,14:08:21,13.13,-0.01,517,678821,卖盘
930,14:08:18,13.14,--,201,264114,买盘
931,14:08:15,13.14,0.01,5,6570,买盘
932,14:08:12,13.13,--,12,15756,卖盘
933,14:08:09,13.13,--,67,87971,卖盘
934,14:08:06,13.13,--,2,2626,卖盘
935,14:08:03,13.13,-0.01,203,266539,卖盘
936,14:08:00,13.14,--,74,97236,卖盘
937,14:07:57,13.14,-0.01,126,165564,卖盘
938,14:07:51,13.15,0.01,13,17095,买盘
939,14:07:45,13.14,-0.01,12,15768,卖盘
940,14:07:42,13.15,0.01,295,387925,买盘
941,14:07:39,13.14,--,30,39420,卖盘
942,14:07:27,13.14,-0.01,22,28908,卖盘
943,14:07:24,13.15,--,8,10520,买盘
944,14:07:21,13.15,0.01,1,1315,买盘
945,14:07:18,13.14,--,16,21024,卖盘
946,14:07:15,13.14,--,1,1314,卖盘
947,14:07:12,13.14,--,54,70956,卖盘
948,14:07:09,13.14,--,88,115632,卖盘
949,14:07:06,13.14,--,380,499320,卖盘
950,14:07:03,13.14,--,205,269370,卖盘
951,14:07:00,13.14,--,24,31536,卖盘
952,14:06:57,13.14,-0.01,73,95922,卖盘
953,14:06:54,13.15,--,1,1315,买盘
954,14:06:51,13.15,--,5,6575,买盘
955,14:06:48,13.15,--,10,13150,买盘
956,14:06:45,13.15,0.01,12,15780,买盘
957,14:06:39,13.14,--,17,22338,卖盘
958,14:06:36,13.14,-0.01,146,191844,卖盘
959,14:06:30,13.15,0.01,354,465510,买盘
960,14:06:27,13.14,--,12,15768,卖盘
961,14:06:24,13.14,-0.01,1,1314,卖盘
962,14:06:21,13.15,0.01,78,102570,买盘
963,14:06:18,13.14,-0.01,2,2628,卖盘
964,14:06:15,13.15,0.01,34,44710,买盘
965,14:06:12,13.14,--,121,158994,卖盘
966,14:06:09,13.14,--,200,262800,卖盘
967,14:06:06,13.14,--,293,385002,卖盘
968,14:06:03,13.14,--,1,1314,卖盘
969,14:06:00,13.14,--,54,70956,卖盘
970,14:05:57,13.14,--,56,73584,卖盘
971,14:05:54,13.14,-0.01,19,24966,卖盘
972,14:05:51,13.15,0.01,5,6575,买盘
973,14:05:45,13.14,--,34,44676,卖盘
974,14:05:39,13.14,--,17,22338,卖盘
975,14:05:36,13.14,-0.01,4,5256,卖盘
976,14:05:30,13.15,0.01,1,1315,买盘
977,14:05:27,13.14,--,12,15768,卖盘
978,14:05:24,13.14,-0.01,60,78840,卖盘
979,14:05:21,13.15,0.01,132,173580,买盘
980,14:05:18,13.14,--,23,30222,卖盘
981,14:05:15,13.14,--,2,2628,卖盘
982,14:05:12,13.14,--,84,110376,卖盘
983,14:05:09,13.14,--,374,491436,卖盘
984,14:05:06,13.14,--,100,131400,卖盘
985,14:05:03,13.14,-0.01,2,2628,卖盘
986,14:05:00,13.15,--,61,80215,买盘
987,14:04:57,13.15,--,186,244590,买盘
988,14:04:54,13.15,--,49,64435,买盘
989,14:04:51,13.15,-0.01,30,39450,卖盘
990,14:04:48,13.16,0.02,1498,1971368,买盘
991,14:04:45,13.14,-0.01,118,155052,卖盘
992,14:04:42,13.15,--,63,82845,卖盘
993,14:04:39,13.15,--,4,5260,卖盘
994,14:04:36,13.15,--,22,28930,卖盘
995,14:04:33,13.15,-0.01,57,74955,中性盘
996,14:04:30,13.16,0.01,364,479024,买盘
997,14:04:27,13.15,--,29,38135,买盘
998,14:04:24,13.15,--,57,74955,买盘
999,14:04:21,13.15,--,12,15780,买盘
1000,14:04:18,13.15,--,51,67065,买盘
1001,14:04:15,13.15,--,132,173580,卖盘
1002,14:04:12,13.15,--,384,504960,卖盘
1003,14:04:09,13.15,--,85,111775,卖盘
1004,14:04:06,13.15,-0.01,215,282725,卖盘
1005,14:04:03,13.16,--,111,146076,买盘
1006,14:04:00,13.16,0.02,115,151340,买盘
1007,14:03:57,13.14,-0.01,168,220752,卖盘
1008,14:03:54,13.15,--,514,675910,买盘
1009,14:03:51,13.15,0.01,20,26300,买盘
1010,14:03:48,13.14,-0.01,23,30222,卖盘
1011,14:03:45,13.15,--,130,170950,买盘
1012,14:03:42,13.15,--,35,46025,买盘
1013,14:03:39,13.15,0.01,28,36820,买盘
1014,14:03:36,13.14,-0.01,76,99864,卖盘
1015,14:03:33,13.15,--,35,46025,买盘
1016,14:03:30,13.15,0.01,18,23670,买盘
1017,14:03:27,13.14,-0.01,125,164250,卖盘
1018,14:03:24,13.15,--,10,13150,买盘
1019,14:03:21,13.15,0.01,10,13150,买盘
1020,14:03:15,13.14,-0.01,40,52560,卖盘
1021,14:03:12,13.15,0.01,378,497070,买盘
1022,14:03:09,13.14,--,30,39420,卖盘
1023,14:03:06,13.14,--,34,44676,卖盘
1024,14:03:03,13.14,--,12,15768,卖盘
1025,14:03:00,13.14,--,153,201042,买盘
1026,14:02:57,13.14,--,115,151110,买盘
1027,14:02:54,13.14,--,676,888264,买盘
1028,14:02:51,13.14,--,8,10512,买盘
1029,14:02:48,13.14,0.01,52,68328,买盘
1030,14:02:45,13.13,--,4,5252,卖盘
1031,14:02:42,13.13,--,24,31512,卖盘
1032,14:02:39,13.13,--,50,65650,卖盘
1033,14:02:36,13.13,-0.01,50,65650,卖盘
1034,14:02:33,13.14,0.01,10,13140,买盘
1035,14:02:30,13.13,-0.01,12,15756,卖盘
1036,14:02:27,13.14,--,22,28908,买盘
1037,14:02:24,13.14,0.01,17,22338,买盘
1038,14:02:21,13.13,-0.01,27,35451,卖盘
1039,14:02:18,13.14,--,20,26280,买盘
1040,14:02:15,13.14,--,60,78840,卖盘
1041,14:02:12,13.14,--,263,345582,卖盘
1042,14:02:09,13.14,-0.01,81,106434,卖盘
1043,14:02:06,13.15,0.01,131,172265,买盘
1044,14:02:03,13.14,-0.01,1,1314,卖盘
1045,14:02:00,13.15,--,148,194620,买盘
1046,14:01:57,13.15,--,58,76270,买盘
1047,14:01:54,13.15,0.01,18,23670,买盘
1048,14:01:48,13.14,--,211,277254,卖盘
1049,14:01:45,13.14,--,104,136656,卖盘
1050,14:01:42,13.14,--,65,85410,卖盘
1051,14:01:39,13.14,-0.01,5,6570,卖盘
1052,14:01:36,13.15,--,19,24985,买盘
1053,14:01:33,13.15,--,9,11835,买盘
1054,14:01:30,13.15,0.01,5,6575,买盘
1055,14:01:27,13.14,--,63,82782,卖盘
1056,14:01:24,13.14,-0.01,25,32850,卖盘
1057,14:01:21,13.15,--,8,10520,买盘
1058,14:01:18,13.15,0.01,11,14465,买盘
1059,14:01:15,13.14,-0.01,363,476982,卖盘
1060,14:01:12,13.15,0.01,79,103885,买盘
1061,14:01:09,13.14,--,11,14454,卖盘
1062,14:01:06,13.14,-0.01,25,32850,卖盘
1063,14:01:03,13.15,--,53,69695,买盘
1064,14:01:00,13.15,--,79,103885,买盘
1065,14:00:57,13.15,--,90,118350,买盘
1066,14:00:54,13.15,0.01,20,26300,买盘
1067,14:00:51,13.14,--,59,77526,买盘
1068,14:00:48,13.14,-0.01,35,45990,买盘
1069,14:00:45,13.15,0.02,16,21040,买盘
1070,14:00:42,13.13,-0.02,70,91910,卖盘
1071,14:00:39,13.15,0.01,35,46025,买盘
1072,14:00:36,13.14,0.01,279,366776,买盘
1073,14:00:33,13.13,-0.01,3,3939,中性盘
1074,14:00:30,13.14,0.01,654,859356,买盘
1075,14:00:27,13.13,--,20,26260,卖盘
1076,14:00:24,13.13,-0.01,59,77467,卖盘
1077,14:00:21,13.14,0.01,6,7884,买盘
1078,14:00:18,13.13,-0.01,341,447733,卖盘
1079,14:00:15,13.14,--,10,13140,买盘
1080,14:00:12,13.14,--,10,13140,买盘
1081,14:00:09,13.14,0.01,41,53874,买盘
1082,14:00:06,13.13,-0.01,26,35280,卖盘
1083,14:00:03,13.14,--,1,1314,卖盘
1084,14:00:00,13.14,0.01,125,164420,买盘
1085,13:59:57,13.13,--,18,23634,卖盘
1086,13:59:54,13.13,-0.01,43,56459,卖盘
1087,13:59:48,13.14,0.01,45,59130,买盘
1088,13:59:45,13.13,-0.02,24,32654,卖盘
1089,13:59:42,13.15,0.01,5,6575,买盘
1090,13:59:39,13.14,--,40,52560,卖盘
1091,13:59:36,13.14,--,4,5256,卖盘
1092,13:59:33,13.14,0.01,85,111860,买盘
1093,13:59:30,13.13,-0.01,105,137865,卖盘
1094,13:59:27,13.14,0.01,314,412596,买盘
1095,13:59:24,13.13,-0.01,15,19695,卖盘
1096,13:59:21,13.14,0.01,209,274626,买盘
1097,13:59:18,13.13,-0.01,202,265226,卖盘
1098,13:59:15,13.14,--,516,679167,卖盘
1099,13:59:09,13.14,--,23,30222,卖盘
1100,13:59:06,13.14,--,5,6570,卖盘
1101,13:59:03,13.14,--,2,2628,卖盘
1102,13:59:00,13.14,--,10,13140,卖盘
1103,13:58:54,13.14,--,56,73584,卖盘
1104,13:58:51,13.14,--,12,15768,卖盘
1105,13:58:48,13.14,--,425,558620,买盘
1106,13:58:45,13.14,--,28,36792,买盘
1107,13:58:42,13.14,--,8,10512,买盘
1108,13:58:39,13.14,0.01,15,19710,买盘
1109,13:58:36,13.13,-0.01,54,70902,卖盘
1110,13:58:33,13.14,--,30,39420,买盘
1111,13:58:27,13.14,--,1,1314,买盘
1112,13:58:24,13.14,0.01,55,72270,买盘
1113,13:58:21,13.13,--,32,42016,卖盘
1114,13:58:18,13.13,-0.01,14,18382,卖盘
1115,13:58:15,13.14,-0.01,67,89181,卖盘
1116,13:58:12,13.15,0.01,7,9205,买盘
1117,13:58:09,13.14,--,46,60614,买盘
1118,13:58:06,13.14,--,35,47133,卖盘
1119,13:58:03,13.14,-0.01,30,39420,卖盘
1120,13:58:00,13.15,0.02,52,68550,买盘
1121,13:57:57,13.13,--,1,1313,卖盘
1122,13:57:54,13.13,-0.01,183,241421,卖盘
1123,13:57:51,13.14,-0.01,22,28908,卖盘
1124,13:57:45,13.15,--,17,22355,买盘
1125,13:57:42,13.15,0.01,5,6575,买盘
1126,13:57:39,13.14,-0.01,155,203670,卖盘
1127,13:57:36,13.15,--,38,49970,卖盘
1128,13:57:33,13.15,--,50,65750,卖盘
1129,13:57:30,13.15,--,145,190675,卖盘
1130,13:57:27,13.15,--,57,74955,卖盘
1131,13:57:24,13.15,--,96,126240,卖盘
1132,13:57:21,13.15,--,15,19725,卖盘
1133,13:57:18,13.15,--,321,422115,卖盘
1134,13:57:15,13.15,0.01,39,51285,中性盘
1135,13:57:12,13.14,--,523,687222,卖盘
1136,13:57:09,13.14,--,14,18396,卖盘
1137,13:57:06,13.14,--,15,19710,卖盘
1138,13:57:03,13.14,--,50,65700,卖盘
1139,13:57:00,13.14,-0.01,432,567648,卖盘
1140,13:56:57,13.15,0.01,10,13150,买盘
1141,13:56:54,13.14,--,124,162936,卖盘
1142,13:56:51,13.14,-0.01,17,22338,卖盘
1143,13:56:48,13.15,--,7,9205,买盘
1144,13:56:45,13.15,--,1,1315,买盘
1145,13:56:42,13.15,--,15,19725,买盘
1146,13:56:39,13.15,0.01,81,106515,买盘
1147,13:56:36,13.14,--,219,287766,卖盘
1148,13:56:33,13.14,-0.01,9,11826,卖盘
1149,13:56:30,13.15,--,4,5260,买盘
1150,13:56:27,13.15,--,10,13150,买盘
1151,13:56:24,13.15,0.01,9,11835,买盘
1152,13:56:21,13.14,-0.01,50,65700,卖盘
1153,13:56:18,13.15,--,451,593065,卖盘
1154,13:56:15,13.15,-0.01,43,56545,卖盘
1155,13:56:12,13.16,--,44,57904,买盘
1156,13:56:09,13.16,0.01,17,22372,买盘
1157,13:56:06,13.15,--,605,795575,卖盘
1158,13:56:03,13.15,-0.01,2,2630,卖盘
1159,13:56:00,13.16,--,36,47376,买盘
1160,13:55:57,13.16,--,12,15792,买盘
1161,13:55:54,13.16,0.01,112,147392,买盘
1162,13:55:51,13.15,--,39,51285,卖盘
1163,13:55:45,13.15,--,8,10520,卖盘
1164,13:55:42,13.15,--,34,44710,卖盘
1165,13:55:39,13.15,--,14,18410,卖盘
1166,13:55:36,13.15,--,420,552300,买盘
1167,13:55:33,13.15,--,76,99940,买盘
1168,13:55:30,13.15,--,32,42080,买盘
1169,13:55:27,13.15,--,30,39450,买盘
1170,13:55:24,13.15,--,2,2630,买盘
1171,13:55:21,13.15,--,197,259055,卖盘
1172,13:55:18,13.15,--,580,762870,买盘
1173,13:55:15,13.15,--,9,11835,买盘
1174,13:55:12,13.15,0.01,5,6575,买盘
1175,13:55:09,13.14,--,15,19710,卖盘
1176,13:55:06,13.14,--,32,42048,卖盘
1177,13:55:03,13.14,-0.01,61,80154,卖盘
1178,13:55:00,13.15,--,21,27615,买盘
1179,13:54:57,13.15,0.01,1,1315,买盘
1180,13:54:54,13.14,--,126,165564,卖盘
1181,13:54:51,13.14,--,6,7884,卖盘
1182,13:54:48,13.14,-0.01,23,30222,卖盘
1183,13:54:45,13.15,0.01,180,236700,买盘
1184,13:54:42,13.14,-0.01,129,169506,卖盘
1185,13:54:39,13.15,0.01,68,89420,买盘
1186,13:54:36,13.14,--,27,35478,卖盘
1187,13:54:33,13.14,-0.01,116,152424,卖盘
1188,13:54:30,13.15,--,15,19725,卖盘
1189,13:54:27,13.15,0.02,716,941540,买盘
1190,13:54:24,13.13,-0.02,328,430664,卖盘
1191,13:54:21,13.15,0.02,498,654870,买盘
1192,13:54:18,13.13,--,37,48581,卖盘
1193,13:54:12,13.13,--,91,119483,卖盘
1194,13:54:09,13.13,0.01,142,186446,买盘
1195,13:54:06,13.12,--,46,60352,卖盘
1196,13:54:03,13.12,--,19,24928,卖盘
1197,13:54:00,13.12,-0.01,19,24928,卖盘
1198,13:53:57,13.13,--,20,26260,买盘
1199,13:53:54,13.13,--,51,66963,买盘
1200,13:53:51,13.13,0.01,46,60398,买盘
1201,13:53:48,13.12,-0.01,62,81344,卖盘
1202,13:53:45,13.13,--,19,24947,买盘
1203,13:53:42,13.13,--,3,3939,买盘
1204,13:53:36,13.13,--,25,32825,买盘
1205,13:53:33,13.13,--,47,61711,买盘
1206,13:53:27,13.13,--,10,13130,买盘
1207,13:53:24,13.13,-0.01,262,344006,卖盘
1208,13:53:21,13.14,--,29,38106,买盘
1209,13:53:18,13.14,0.02,74,97236,买盘
1210,13:53:15,13.12,-0.02,138,181056,卖盘
1211,13:53:12,13.14,--,70,91980,买盘
1212,13:53:09,13.14,0.01,88,115632,买盘
1213,13:53:06,13.13,-0.01,83,108979,卖盘
1214,13:52:57,13.14,0.01,2,2628,买盘
1215,13:52:54,13.13,--,185,242905,买盘
1216,13:52:51,13.13,0.01,23,30199,买盘
1217,13:52:48,13.12,--,4,5248,卖盘
1218,13:52:45,13.12,--,1,1312,卖盘
1219,13:52:42,13.12,--,16,20992,卖盘
1220,13:52:39,13.12,--,48,62975,卖盘
1221,13:52:36,13.12,0.02,859,1127008,买盘
1222,13:52:33,13.1,-0.01,33,43230,卖盘
1223,13:52:27,13.11,--,337,441807,买盘
1224,13:52:24,13.11,0.01,7,9177,买盘
1225,13:52:21,13.1,--,17,22270,卖盘
1226,13:52:18,13.1,--,34,44540,卖盘
1227,13:52:15,13.1,0.01,693,907830,买盘
1228,13:52:12,13.09,--,7,9163,卖盘
1229,13:52:09,13.09,--,107,140063,卖盘
1230,13:52:06,13.09,0.01,24,31416,中性盘
1231,13:52:03,13.08,-0.01,132,172656,卖盘
1232,13:52:00,13.09,--,18,23562,买盘
1233,13:51:54,13.09,0.01,63,82467,买盘
1234,13:51:51,13.08,-0.01,25,32700,卖盘
1235,13:51:48,13.09,0.01,31,40579,买盘
1236,13:51:45,13.08,--,111,145188,卖盘
1237,13:51:42,13.08,-0.01,74,96792,卖盘
1238,13:51:39,13.09,0.01,92,120428,买盘
1239,13:51:36,13.08,--,197,257676,买盘
1240,13:51:33,13.08,--,518,677544,卖盘
1241,13:51:30,13.08,--,311,406788,卖盘
1242,13:51:27,13.08,-0.01,22,28776,卖盘
1243,13:51:24,13.09,--,55,71995,买盘
1244,13:51:21,13.09,--,62,81158,买盘
1245,13:51:18,13.09,0.01,13,17017,买盘
1246,13:51:15,13.08,-0.01,24,31392,卖盘
1247,13:51:12,13.09,0.01,25,32725,买盘
1248,13:51:09,13.08,--,10,13080,卖盘
1249,13:51:06,13.08,-0.01,184,240672,卖盘
1250,13:51:03,13.09,0.01,150,196350,买盘
1251,13:50:57,13.08,--,9,11772,卖盘
1252,13:50:54,13.08,--,100,130800,卖盘
1253,13:50:51,13.08,--,37,48396,卖盘
1254,13:50:48,13.08,--,30,39240,卖盘
1255,13:50:45,13.08,--,172,224976,卖盘
1256,13:50:42,13.08,--,61,79788,卖盘
1257,13:50:39,13.08,--,15,19620,卖盘
1258,13:50:36,13.08,--,5,6540,卖盘
1259,13:50:33,13.08,0.01,163,214250,买盘
1260,13:50:30,13.07,--,509,665263,卖盘
1261,13:50:27,13.07,-0.01,10,13070,卖盘
1262,13:50:24,13.08,--,343,448644,买盘
1263,13:50:21,13.08,0.01,175,228900,买盘
1264,13:50:18,13.07,--,333,435231,卖盘
1265,13:50:15,13.07,-0.01,41,53587,卖盘
1266,13:50:12,13.08,--,50,65400,买盘
1267,13:50:09,13.08,--,10,13080,买盘
1268,13:50:06,13.08,0.01,26,34008,买盘
1269,13:50:03,13.07,-0.01,12,15684,卖盘
1270,13:50:00,13.08,--,8,10464,买盘
1271,13:49:57,13.08,--,19,24852,买盘
1272,13:49:54,13.08,-0.01,2223,2907945,卖盘
1273,13:49:51,13.09,--,2,2618,买盘
1274,13:49:48,13.09,--,797,1043273,卖盘
1275,13:49:45,13.09,--,13,17017,卖盘
1276,13:49:42,13.09,--,20,26180,买盘
1277,13:49:39,13.09,-0.01,100,130900,卖盘
1278,13:49:36,13.1,0.01,78,102180,买盘
1279,13:49:33,13.09,-0.01,297,388773,卖盘
1280,13:49:30,13.1,0.01,95,124450,买盘
1281,13:49:27,13.09,--,2,2618,卖盘
1282,13:49:24,13.09,--,7,9163,卖盘
1283,13:49:21,13.09,--,15,19635,卖盘
1284,13:49:18,13.09,-0.01,54,70686,卖盘
1285,13:49:15,13.1,--,5,6550,买盘
1286,13:49:12,13.1,0.01,2,2620,买盘
1287,13:49:09,13.09,--,40,52360,卖盘
1288,13:49:06,13.09,--,15,19635,卖盘
1289,13:49:03,13.09,-0.01,13,17017,卖盘
1290,13:49:00,13.1,0.01,1,1310,买盘
1291,13:48:57,13.09,--,1,1309,卖盘
1292,13:48:54,13.09,-0.01,42,54978,卖盘
1293,13:48:51,13.1,--,50,65500,买盘
1294,13:48:48,13.1,0.01,3,3930,买盘
1295,13:48:45,13.09,--,26,34034,卖盘
1296,13:48:42,13.09,--,24,31416,卖盘
1297,13:48:39,13.09,-0.01,2,2618,卖盘
1298,13:48:36,13.1,--,10,13100,买盘
1299,13:48:33,13.1,--,349,457190,买盘
1300,13:48:27,13.1,--,7,9170,买盘
1301,13:48:21,13.1,0.01,2,2620,买盘
1302,13:48:18,13.09,-0.01,27,35343,卖盘
1303,13:48:15,13.1,--,161,210910,买盘
1304,13:48:12,13.1,--,101,132310,买盘
1305,13:48:09,13.1,0.01,110,144100,买盘
1306,13:48:06,13.09,--,5,6545,卖盘
1307,13:48:03,13.09,-0.01,30,39270,卖盘
1308,13:48:00,13.1,0.01,13,17030,买盘
1309,13:47:57,13.09,--,31,40579,卖盘
1310,13:47:51,13.09,--,57,74613,卖盘
1311,13:47:48,13.09,--,42,54978,卖盘
1312,13:47:45,13.09,-0.01,29,37961,卖盘
1313,13:47:42,13.1,0.02,303,396930,买盘
1314,13:47:39,13.08,-0.01,3,3924,卖盘
1315,13:47:36,13.09,0.01,36,47124,卖盘
1316,13:47:33,13.08,-0.01,737,963996,卖盘
1317,13:47:30,13.09,--,91,119119,买盘
1318,13:47:24,13.09,--,513,671517,买盘
1319,13:47:21,13.09,--,33,43197,买盘
1320,13:47:18,13.09,0.01,33,43197,买盘
1321,13:47:15,13.08,-0.01,6,7848,卖盘
1322,13:47:12,13.09,--,19,24871,买盘
1323,13:47:09,13.09,--,11,14399,买盘
1324,13:47:06,13.09,--,275,359975,买盘
1325,13:47:03,13.09,--,28,36652,买盘
1326,13:47:00,13.09,0.01,5,6545,买盘
1327,13:46:57,13.08,-0.01,78,102024,卖盘
1328,13:46:54,13.09,0.01,32,41888,买盘
1329,13:46:51,13.08,--,43,56244,卖盘
1330,13:46:48,13.08,--,61,79788,卖盘
1331,13:46:45,13.08,-0.01,12,15696,卖盘
1332,13:46:42,13.09,0.01,93,121737,买盘
1333,13:46:39,13.08,--,159,207972,卖盘
1334,13:46:36,13.08,-0.01,221,289068,卖盘
1335,13:46:33,13.09,0.01,18,23562,买盘
1336,13:46:30,13.08,-0.01,103,134724,卖盘
1337,13:46:27,13.09,--,15,19635,买盘
1338,13:46:24,13.09,0.01,19,24871,买盘
1339,13:46:21,13.08,--,30,39240,卖盘
1340,13:46:18,13.08,--,62,81096,卖盘
1341,13:46:15,13.08,-0.01,14,18312,卖盘
1342,13:46:12,13.09,0.01,20,26180,买盘
1343,13:46:09,13.08,-0.01,91,119028,卖盘
1344,13:46:06,13.09,--,150,196350,买盘
1345,13:46:03,13.09,--,99,129591,买盘
1346,13:46:00,13.09,--,36,47124,买盘
1347,13:45:57,13.09,--,10,13090,买盘
1348,13:45:54,13.09,--,51,66759,买盘
1349,13:45:51,13.09,--,55,71995,买盘
1350,13:45:48,13.09,--,17,22253,买盘
1351,13:45:45,13.09,--,127,166517,卖盘
1352,13:45:42,13.09,--,50,65450,卖盘
1353,13:45:39,13.09,--,333,435897,卖盘
1354,13:45:36,13.09,--,7,9163,卖盘
1355,13:45:33,13.09,--,29,37961,卖盘
1356,13:45:27,13.09,-0.01,45,58905,卖盘
1357,13:45:24,13.1,--,38,49780,买盘
1358,13:45:21,13.1,0.01,113,148030,买盘
1359,13:45:18,13.09,-0.01,542,709478,卖盘
1360,13:45:15,13.1,0.01,13,17030,买盘
1361,13:45:09,13.09,--,28,36652,卖盘
1362,13:45:06,13.09,--,26,34034,卖盘
1363,13:45:03,13.09,-0.01,156,204204,卖盘
1364,13:45:00,13.1,0.01,21,27510,买盘
1365,13:44:57,13.09,--,596,781198,买盘
1366,13:44:54,13.09,--,492,644028,买盘
1367,13:44:51,13.09,--,59,77231,买盘
1368,13:44:48,13.09,--,10,13090,买盘
1369,13:44:45,13.09,0.01,82,107338,买盘
1370,13:44:42,13.08,-0.01,335,438180,卖盘
1371,13:44:39,13.09,--,35,45815,买盘
1372,13:44:36,13.09,0.01,6,7854,买盘
1373,13:44:33,13.08,-0.01,46,60168,卖盘
1374,13:44:30,13.09,--,50,65450,买盘
1375,13:44:27,13.09,--,120,157080,买盘
1376,13:44:24,13.09,0.01,119,155771,买盘
1377,13:44:21,13.08,--,48,62784,卖盘
1378,13:44:18,13.08,-0.01,32,41856,卖盘
1379,13:44:15,13.09,--,247,323323,买盘
1380,13:44:12,13.09,0.01,25,32725,买盘
1381,13:44:09,13.08,-0.01,129,168732,卖盘
1382,13:44:06,13.09,--,50,65450,买盘
1383,13:44:03,13.09,0.01,246,322014,买盘
1384,13:44:00,13.08,-0.01,30,39240,卖盘
1385,13:43:57,13.09,--,897,1174173,买盘
1386,13:43:54,13.09,0.01,36,47124,买盘
1387,13:43:51,13.08,-0.01,52,68016,卖盘
1388,13:43:48,13.09,--,1147,1502077,卖盘
1389,13:43:45,13.09,-0.01,16,20944,卖盘
1390,13:43:42,13.1,0.01,438,573780,买盘
1391,13:43:39,13.09,--,326,426734,卖盘
1392,13:43:36,13.09,--,20,26180,卖盘
1393,13:43:33,13.09,--,204,267036,卖盘
1394,13:43:30,13.09,-0.01,33,43197,卖盘
1395,13:43:27,13.1,--,9,11790,买盘
1396,13:43:24,13.1,--,55,72050,买盘
1397,13:43:21,13.1,--,20,26200,买盘
1398,13:43:18,13.1,0.01,269,352390,买盘
1399,13:43:15,13.09,-0.01,601,786709,卖盘
1400,13:43:12,13.1,--,20,26200,卖盘
1401,13:43:06,13.1,--,8,10480,卖盘
1402,13:43:03,13.1,--,21,27510,卖盘
1403,13:43:00,13.1,-0.01,12,15720,卖盘
1404,13:42:57,13.11,--,90,117990,买盘
1405,13:42:54,13.11,0.02,63,82593,买盘
1406,13:42:51,13.09,-0.01,201,263109,卖盘
1407,13:42:48,13.1,--,3,3930,买盘
1408,13:42:45,13.1,--,240,314400,卖盘
1409,13:42:42,13.1,--,128,167680,卖盘
1410,13:42:39,13.1,-0.01,23,30130,卖盘
1411,13:42:36,13.11,0.01,145,190095,买盘
1412,13:42:33,13.1,--,590,772900,卖盘
1413,13:42:30,13.1,-0.01,17,22270,卖盘
1414,13:42:27,13.11,--,123,161253,买盘
1415,13:42:24,13.11,--,39,51129,买盘
1416,13:42:21,13.11,0.01,47,61617,买盘
1417,13:42:18,13.1,--,5,6550,卖盘
1418,13:42:12,13.1,-0.01,61,79910,卖盘
1419,13:42:09,13.11,0.01,85,111435,买盘
1420,13:42:06,13.1,--,356,466360,买盘
1421,13:42:03,13.1,--,301,394310,卖盘
1422,13:42:00,13.1,-0.01,67,87770,卖盘
1423,13:41:57,13.11,--,62,81282,买盘
1424,13:41:54,13.11,--,16,20976,买盘
1425,13:41:51,13.11,0.01,47,61617,买盘
1426,13:41:48,13.1,--,1140,1493400,卖盘
1427,13:41:45,13.1,--,346,453260,卖盘
1428,13:41:42,13.1,-0.01,25,32750,卖盘
1429,13:41:39,13.11,--,152,199272,买盘
1430,13:41:36,13.11,--,10,13110,买盘
1431,13:41:33,13.11,0.01,38,49818,买盘
1432,13:41:30,13.1,-0.01,26,34060,卖盘
1433,13:41:27,13.11,0.01,30,39330,买盘
1434,13:41:21,13.1,-0.01,6,7860,卖盘
1435,13:41:18,13.11,--,28,36708,买盘
1436,13:41:15,13.11,0.01,4,5244,买盘
1437,13:41:12,13.1,--,16,20960,卖盘
1438,13:41:09,13.1,-0.01,24,31440,卖盘
1439,13:41:06,13.11,0.01,77,100947,买盘
1440,13:41:03,13.1,-0.01,4,5240,卖盘
1441,13:41:00,13.11,--,23,30153,买盘
1442,13:40:57,13.11,--,32,41952,买盘
1443,13:40:54,13.11,--,6,7866,买盘
1444,13:40:51,13.11,--,171,224181,买盘
1445,13:40:48,13.11,--,8,10488,卖盘
1446,13:40:45,13.11,--,26,34086,卖盘
1447,13:40:42,13.11,-0.01,16,20976,卖盘
1448,13:40:36,13.12,0.01,224,293888,买盘
1449,13:40:33,13.11,-0.01,75,98325,卖盘
1450,13:40:30,13.12,0.02,37,48544,买盘
1451,13:40:27,13.1,-0.01,17,22270,卖盘
1452,13:40:24,13.11,0.01,16,20976,中性盘
1453,13:40:21,13.1,--,43,56330,卖盘
1454,13:40:18,13.1,-0.02,23,30130,卖盘
1455,13:40:15,13.12,0.02,46,60352,买盘
1456,13:40:12,13.1,--,154,201740,卖盘
1457,13:40:06,13.1,-0.01,165,216150,卖盘
1458,13:40:03,13.11,--,26,34086,卖盘
1459,13:39:57,13.11,--,17,22287,卖盘
1460,13:39:54,13.11,--,18,23598,卖盘
1461,13:39:51,13.11,--,360,471960,卖盘
1462,13:39:45,13.11,--,36,47196,卖盘
1463,13:39:42,13.11,--,16,20976,卖盘
1464,13:39:36,13.11,--,310,406410,卖盘
1465,13:39:33,13.11,-0.01,4,5244,卖盘
1466,13:39:30,13.12,0.01,11,14432,买盘
1467,13:39:27,13.11,--,5,6555,卖盘
1468,13:39:24,13.11,-0.01,42,55062,卖盘
1469,13:39:21,13.12,0.01,13,17056,买盘
1470,13:39:18,13.11,-0.01,1,1311,卖盘
1471,13:39:15,13.12,0.01,15,19680,买盘
1472,13:39:12,13.11,-0.01,21,27531,卖盘
1473,13:39:06,13.12,0.01,35,45920,买盘
1474,13:39:03,13.11,-0.01,56,73416,卖盘
1475,13:39:00,13.12,0.01,33,43296,买盘
1476,13:38:57,13.11,--,46,60306,卖盘
1477,13:38:54,13.11,0.01,319,418209,买盘
1478,13:38:51,13.1,-0.01,407,533170,卖盘
1479,13:38:48,13.11,0.01,42,55062,买盘
1480,13:38:42,13.1,-0.01,780,1021800,卖盘
1481,13:38:39,13.11,0.01,72,94392,买盘
1482,13:38:36,13.1,--,27,35370,卖盘
1483,13:38:33,13.1,--,92,120520,卖盘
1484,13:38:30,13.1,--,36,47160,卖盘
1485,13:38:27,13.1,--,39,51090,卖盘
1486,13:38:24,13.1,--,126,165060,卖盘
1487,13:38:21,13.1,--,204,267240,卖盘
1488,13:38:18,13.1,--,146,191260,卖盘
1489,13:38:12,13.1,--,128,167680,卖盘
1490,13:38:09,13.1,--,275,360250,卖盘
1491,13:38:06,13.1,--,30,39300,卖盘
1492,13:38:03,13.1,-0.01,44,57640,卖盘
1493,13:38:00,13.11,0.01,56,73416,买盘
1494,13:37:57,13.1,--,520,681200,卖盘
1495,13:37:54,13.1,--,365,478150,卖盘
1496,13:37:51,13.1,-0.01,41,53710,卖盘
1497,13:37:48,13.11,0.01,40,52440,买盘
1498,13:37:45,13.1,--,514,673340,卖盘
1499,13:37:42,13.1,-0.01,16,20960,卖盘
1500,13:37:36,13.11,0.01,10,13110,买盘
1501,13:37:33,13.1,-0.01,800,1048000,卖盘
1502,13:37:30,13.11,--,80,104880,卖盘
1503,13:37:27,13.11,0.01,15,19665,中性盘
1504,13:37:24,13.1,-0.01,121,158510,卖盘
1505,13:37:21,13.11,--,534,700729,买盘
1506,13:37:18,13.11,--,38,49818,买盘
1507,13:37:15,13.11,--,207,271377,买盘
1508,13:37:12,13.11,--,124,163219,卖盘
1509,13:37:09,13.11,--,6,7866,卖盘
1510,13:37:06,13.11,--,1,1311,卖盘
1511,13:37:03,13.11,--,317,416242,买盘
1512,13:37:00,13.11,--,25,32775,买盘
1513,13:36:57,13.11,--,44,57684,买盘
1514,13:36:54,13.11,--,83,109468,卖盘
1515,13:36:51,13.11,--,42,55062,卖盘
1516,13:36:48,13.11,-0.01,156,204516,卖盘
1517,13:36:45,13.12,0.01,111,145632,买盘
1518,13:36:42,13.11,--,14,18354,卖盘
1519,13:36:39,13.11,--,14,18354,卖盘
1520,13:36:36,13.11,--,5,6555,卖盘
1521,13:36:33,13.11,--,404,530299,买盘
1522,13:36:27,13.11,0.01,10,13110,买盘
1523,13:36:24,13.1,-0.01,352,461775,卖盘
1524,13:36:21,13.11,-0.01,25,32775,卖盘
1525,13:36:18,13.12,0.01,50,65600,买盘
1526,13:36:15,13.11,--,79,103569,卖盘
1527,13:36:12,13.11,0.01,515,675820,买盘
1528,13:36:09,13.1,-0.01,12,15720,卖盘
1529,13:36:06,13.11,--,13,17043,买盘
1530,13:36:03,13.11,--,986,1293301,卖盘
1531,13:36:00,13.11,--,25,32775,卖盘
1532,13:35:57,13.11,--,379,496869,卖盘
1533,13:35:54,13.11,--,22,28842,卖盘
1534,13:35:51,13.11,-0.01,64,83904,卖盘
1535,13:35:48,13.12,--,20,26240,买盘
1536,13:35:45,13.12,0.01,6,7871,买盘
1537,13:35:42,13.11,--,2,2622,卖盘
1538,13:35:39,13.11,--,17,22287,卖盘
1539,13:35:36,13.11,--,83,108813,卖盘
1540,13:35:33,13.11,--,11,14421,卖盘
1541,13:35:30,13.11,-0.01,2,2622,卖盘
1542,13:35:27,13.12,0.01,34,44608,买盘
1543,13:35:24,13.11,--,133,174363,卖盘
1544,13:35:21,13.11,-0.01,42,55062,卖盘
1545,13:35:18,13.12,0.01,19,24928,买盘
1546,13:35:15,13.11,--,16,20976,卖盘
1547,13:35:12,13.11,--,24,31464,卖盘
1548,13:35:09,13.11,--,143,187473,卖盘
1549,13:35:03,13.11,-0.01,44,57684,卖盘
1550,13:35:00,13.12,-0.01,527,692434,卖盘
1551,13:34:57,13.13,0.01,5,6565,买盘
1552,13:34:54,13.12,--,42,55104,卖盘
1553,13:34:51,13.12,--,4,5248,卖盘
1554,13:34:48,13.12,--,56,73472,卖盘
1555,13:34:45,13.12,--,38,49856,卖盘
1556,13:34:42,13.12,--,9,11808,卖盘
1557,13:34:39,13.12,--,79,103648,卖盘
1558,13:34:33,13.12,--,125,164000,卖盘
1559,13:34:30,13.12,--,351,460512,卖盘
1560,13:34:27,13.12,--,11,14432,卖盘
1561,13:34:24,13.12,--,12,15743,卖盘
1562,13:34:21,13.12,--,3,3935,卖盘
1563,13:34:18,13.12,--,1,1312,卖盘
1564,13:34:15,13.12,--,393,515917,买盘
1565,13:34:12,13.12,--,476,625522,卖盘
1566,13:34:09,13.12,--,12,15743,卖盘
1567,13:34:06,13.12,--,46,60352,卖盘
1568,13:34:03,13.12,--,435,571021,买盘
1569,13:34:00,13.12,--,52,69234,卖盘
1570,13:33:57,13.12,-0.01,122,160064,卖盘
1571,13:33:54,13.13,0.01,16,21008,买盘
1572,13:33:51,13.12,-0.01,1,1312,卖盘
1573,13:33:48,13.13,--,43,56459,买盘
1574,13:33:45,13.13,0.01,295,387335,买盘
1575,13:33:42,13.12,-0.01,4,5248,卖盘
1576,13:33:39,13.13,0.01,18,23634,买盘
1577,13:33:33,13.12,-0.01,34,44608,卖盘
1578,13:33:30,13.13,0.01,25,32825,买盘
1579,13:33:27,13.12,-0.01,21,27552,卖盘
1580,13:33:24,13.13,0.01,18,23634,买盘
1581,13:33:21,13.12,--,27,35424,卖盘
1582,13:33:18,13.12,-0.01,12,15743,卖盘
1583,13:33:12,13.13,0.01,12,15756,买盘
1584,13:33:09,13.12,--,173,226976,卖盘
1585,13:33:06,13.12,--,100,131200,卖盘
1586,13:33:03,13.12,-0.01,370,485440,卖盘
1587,13:33:00,13.13,0.01,11,14443,买盘
1588,13:32:57,13.12,--,136,178432,卖盘
1589,13:32:54,13.12,-0.01,12,15743,卖盘
1590,13:32:51,13.13,0.01,20,26260,买盘
1591,13:32:48,13.12,--,79,103648,卖盘
1592,13:32:45,13.12,--,11,14432,卖盘
1593,13:32:42,13.12,--,57,74784,卖盘
1594,13:32:36,13.12,--,17,22304,卖盘
1595,13:32:33,13.12,-0.01,10,13120,卖盘
1596,13:32:30,13.13,--,10,13130,买盘
1597,13:32:21,13.13,0.01,132,174615,买盘
1598,13:32:18,13.12,--,19,24928,卖盘
1599,13:32:15,13.12,--,1,1312,卖盘
1600,13:32:09,13.12,0.01,168,220730,买盘
1601,13:32:06,13.11,-0.01,131,172435,卖盘
1602,13:32:03,13.12,--,151,198112,卖盘
1603,13:32:00,13.12,--,45,59040,卖盘
1604,13:31:57,13.12,--,35,45920,卖盘
1605,13:31:54,13.12,--,130,170560,卖盘
1606,13:31:51,13.12,--,54,70966,卖盘
1607,13:31:48,13.12,-0.01,42,55104,卖盘
1608,13:31:45,13.13,0.01,15,19695,买盘
1609,13:31:42,13.12,--,114,149568,卖盘
1610,13:31:39,13.12,--,291,381792,卖盘
1611,13:31:36,13.12,--,12,15743,卖盘
1612,13:31:33,13.12,--,12,15743,卖盘
1613,13:31:30,13.12,-0.01,5,6560,卖盘
1614,13:31:27,13.13,--,14,18382,买盘
1615,13:31:24,13.13,0.01,18,23634,买盘
1616,13:31:18,13.12,-0.01,28,36736,卖盘
1617,13:31:15,13.13,0.01,408,535900,买盘
1618,13:31:12,13.12,0.01,49,64287,买盘
1619,13:31:09,13.11,-0.01,19,24909,卖盘
1620,13:31:06,13.12,--,216,284507,卖盘
1621,13:31:00,13.12,-0.01,4,5248,卖盘
1622,13:30:57,13.13,--,37,48581,买盘
1623,13:30:54,13.13,--,6,7878,买盘
1624,13:30:51,13.13,0.01,30,39390,买盘
1625,13:30:48,13.12,-0.01,41,53792,卖盘
1626,13:30:45,13.13,0.01,138,181194,买盘
1627,13:30:42,13.12,--,40,52480,卖盘
1628,13:30:36,13.12,-0.01,12,15743,卖盘
1629,13:30:33,13.13,0.01,41,53833,买盘
1630,13:30:30,13.12,-0.01,9,11808,卖盘
1631,13:30:24,13.13,--,111,145743,买盘
1632,13:30:21,13.13,--,81,106353,买盘
1633,13:30:18,13.13,0.01,20,26260,买盘
1634,13:30:15,13.12,--,34,44608,卖盘
1635,13:30:12,13.12,--,256,336068,买盘
1636,13:30:09,13.12,--,80,106075,卖盘
1637,13:30:06,13.12,--,104,136448,卖盘
1638,13:30:03,13.12,--,25,32800,卖盘
1639,13:30:00,13.12,--,31,40672,卖盘
1640,13:29:57,13.12,--,1,1312,卖盘
1641,13:29:54,13.12,--,55,72160,卖盘
1642,13:29:51,13.12,--,2,2624,卖盘
1643,13:29:48,13.12,--,54,70848,卖盘
1644,13:29:42,13.12,-0.01,93,122016,卖盘
1645,13:29:39,13.13,0.01,181,237653,买盘
1646,13:29:36,13.12,--,32,41984,卖盘
1647,13:29:33,13.12,-0.01,11,14432,卖盘
1648,13:29:30,13.13,--,80,105040,买盘
1649,13:29:27,13.13,0.01,15,19695,买盘
1650,13:29:24,13.12,--,364,477568,卖盘
1651,13:29:21,13.12,-0.01,13,17056,卖盘
1652,13:29:18,13.13,0.01,53,69589,买盘
1653,13:29:15,13.12,--,132,173380,买盘
1654,13:29:12,13.12,0.01,21,27552,买盘
1655,13:29:09,13.11,-0.01,327,428697,卖盘
1656,13:29:06,13.12,-0.01,106,139570,卖盘
1657,13:29:03,13.13,0.01,9,11817,买盘
1658,13:29:00,13.12,--,76,99712,卖盘
1659,13:28:57,13.12,--,10,13120,卖盘
1660,13:28:51,13.12,--,221,289952,卖盘
1661,13:28:48,13.12,--,154,202599,卖盘
1662,13:28:45,13.12,--,1,1312,卖盘
1663,13:28:42,13.12,--,61,80032,卖盘
1664,13:28:39,13.12,--,443,581478,买盘
1665,13:28:36,13.12,0.01,127,166624,买盘
1666,13:28:33,13.11,-0.01,85,111435,卖盘
1667,13:28:30,13.12,-0.01,558,733368,卖盘
1668,13:28:27,13.13,0.01,1,1313,买盘
1669,13:28:24,13.12,--,2,2624,卖盘
1670,13:28:21,13.12,--,2,2624,卖盘
1671,13:28:15,13.12,--,31,40672,卖盘
1672,13:28:12,13.12,-0.01,379,497247,卖盘
1673,13:28:09,13.13,--,9,11817,买盘
1674,13:28:06,13.13,--,3,3939,买盘
1675,13:28:03,13.13,0.01,5,6565,买盘
1676,13:28:00,13.12,--,87,114144,卖盘
1677,13:27:57,13.12,-0.01,18,23616,卖盘
1678,13:27:51,13.13,0.01,20,26260,买盘
1679,13:27:48,13.12,-0.01,62,81344,卖盘
1680,13:27:45,13.13,0.01,14,18382,买盘
1681,13:27:42,13.12,--,5,6560,卖盘
1682,13:27:39,13.12,-0.01,54,70848,卖盘
1683,13:27:36,13.13,0.01,162,212706,买盘
1684,13:27:33,13.12,--,69,90528,卖盘
1685,13:27:30,13.12,--,31,40672,卖盘
1686,13:27:27,13.12,--,100,131200,卖盘
1687,13:27:24,13.12,--,12,15743,卖盘
1688,13:27:18,13.12,-0.01,81,106272,卖盘
1689,13:27:12,13.13,--,235,308555,卖盘
1690,13:27:09,13.13,--,2,2626,卖盘
1691,13:27:06,13.13,--,155,203515,卖盘
1692,13:27:03,13.13,--,2,2626,卖盘
1693,13:27:00,13.13,-0.01,43,56459,卖盘
1694,13:26:57,13.14,0.01,4,5256,买盘
1695,13:26:54,13.13,--,11,14443,卖盘
1696,13:26:51,13.13,--,36,47268,卖盘
1697,13:26:48,13.13,--,44,57772,卖盘
1698,13:26:45,13.13,--,63,82719,卖盘
1699,13:26:42,13.13,--,17,22321,卖盘
1700,13:26:36,13.13,--,9,11817,卖盘
1701,13:26:33,13.13,--,18,23634,卖盘
1702,13:26:30,13.13,-0.01,7,9191,卖盘
1703,13:26:27,13.14,--,19,24966,买盘
1704,13:26:24,13.14,0.01,167,219438,买盘
1705,13:26:21,13.13,--,155,203515,买盘
1706,13:26:18,13.13,--,134,175942,买盘
1707,13:26:15,13.13,--,62,81406,卖盘
1708,13:26:12,13.13,--,18,23634,卖盘
1709,13:26:09,13.13,-0.01,5,6565,卖盘
1710,13:26:06,13.14,--,17,22338,买盘
1711,13:26:03,13.14,0.01,1,1314,买盘
1712,13:26:00,13.13,-0.01,29,38077,卖盘
1713,13:25:57,13.14,0.01,14,18396,买盘
1714,13:25:54,13.13,--,31,40703,卖盘
1715,13:25:51,13.13,--,13,17069,卖盘
1716,13:25:48,13.13,--,84,110292,买盘
1717,13:25:45,13.13,0.01,46,60398,买盘
1718,13:25:42,13.12,--,4,5248,卖盘
1719,13:25:39,13.12,-0.01,15,19680,卖盘
1720,13:25:36,13.13,--,30,39390,卖盘
1721,13:25:33,13.13,--,1,1313,卖盘
1722,13:25:30,13.13,-0.01,20,26260,卖盘
1723,13:25:27,13.14,0.01,14,18396,买盘
1724,13:25:24,13.13,--,151,198263,卖盘
1725,13:25:21,13.13,--,6,7878,卖盘
1726,13:25:18,13.13,--,335,439855,卖盘
1727,13:25:15,13.13,--,3,3939,卖盘
1728,13:25:12,13.13,--,89,116857,买盘
1729,13:25:06,13.13,--,3,3939,买盘
1730,13:25:03,13.13,0.01,57,74841,买盘
1731,13:25:00,13.12,--,20,26240,卖盘
1732,13:24:57,13.12,-0.01,1,1312,卖盘
1733,13:24:54,13.13,0.01,11,14443,买盘
1734,13:24:51,13.12,--,23,30176,卖盘
1735,13:24:48,13.12,-0.01,60,78720,卖盘
1736,13:24:45,13.13,0.01,80,105040,买盘
1737,13:24:42,13.12,--,37,48544,卖盘
1738,13:24:39,13.12,--,16,20992,卖盘
1739,13:24:36,13.12,--,13,17056,卖盘
1740,13:24:33,13.12,--,63,82656,卖盘
1741,13:24:30,13.12,-0.01,24,31487,卖盘
1742,13:24:21,13.13,0.01,59,77467,买盘
1743,13:24:18,13.12,-0.02,287,376544,卖盘
1744,13:24:15,13.14,0.01,13,17082,买盘
1745,13:24:09,13.13,-0.01,10,13130,卖盘
1746,13:24:06,13.14,0.01,52,68328,买盘
1747,13:24:03,13.13,--,13,17069,卖盘
1748,13:24:00,13.13,-0.01,6,7878,卖盘
1749,13:23:57,13.14,0.01,13,17082,买盘
1750,13:23:54,13.13,--,100,131300,卖盘
1751,13:23:51,13.13,--,14,18382,卖盘
1752,13:23:48,13.13,--,189,248157,买盘
1753,13:23:45,13.13,0.01,26,34138,买盘
1754,13:23:42,13.12,-0.01,28,36736,卖盘
1755,13:23:39,13.13,--,68,89284,买盘
1756,13:23:36,13.13,0.01,1,1313,买盘
1757,13:23:33,13.12,--,11,14432,卖盘
1758,13:23:30,13.12,--,16,20992,卖盘
1759,13:23:27,13.12,-0.01,15,19680,卖盘
1760,13:23:24,13.13,0.01,7,9191,买盘
1761,13:23:21,13.12,--,336,440832,卖盘
1762,13:23:18,13.12,--,14,18368,卖盘
1763,13:23:15,13.12,--,7,9184,卖盘
1764,13:23:12,13.12,--,46,60352,卖盘
1765,13:23:09,13.12,--,99,129887,卖盘
1766,13:23:06,13.12,-0.01,37,48544,卖盘
1767,13:23:03,13.13,0.01,11,14443,买盘
1768,13:23:00,13.12,-0.01,19,24928,卖盘
1769,13:22:57,13.13,--,3,3939,买盘
1770,13:22:54,13.13,0.01,22,28886,买盘
1771,13:22:51,13.12,-0.01,78,102336,卖盘
1772,13:22:48,13.13,--,48,63024,买盘
1773,13:22:45,13.13,0.01,19,24947,买盘
1774,13:22:42,13.12,--,27,35424,卖盘
1775,13:22:39,13.12,--,11,14432,卖盘
1776,13:22:36,13.12,--,1,1312,卖盘
1777,13:22:33,13.12,--,15,19680,卖盘
1778,13:22:30,13.12,-0.01,22,28864,卖盘
1779,13:22:27,13.13,0.01,24,31512,买盘
1780,13:22:24,13.12,--,101,132512,卖盘
1781,13:22:21,13.12,-0.01,218,286016,卖盘
1782,13:22:18,13.13,--,14,18382,买盘
1783,13:22:15,13.13,--,76,99788,卖盘
1784,13:22:12,13.13,--,3,3939,买盘
1785,13:22:09,13.13,0.01,4,5252,中性盘
1786,13:22:03,13.12,-0.01,247,324064,卖盘
1787,13:22:00,13.13,--,41,53833,卖盘
1788,13:21:57,13.13,--,2,2626,卖盘
1789,13:21:54,13.13,--,1,1313,卖盘
1790,13:21:51,13.13,--,1,1313,卖盘
1791,13:21:48,13.13,--,17,22321,卖盘
1792,13:21:42,13.13,0.01,122,160186,买盘
1793,13:21:39,13.12,--,7,9223,买盘
1794,13:21:36,13.12,--,5,6560,买盘
1795,13:21:33,13.12,--,127,167896,卖盘
1796,13:21:30,13.12,--,17,22304,卖盘
1797,13:21:24,13.12,--,502,658663,买盘
1798,13:21:18,13.12,--,24,31487,买盘
1799,13:21:15,13.12,--,331,435544,卖盘
1800,13:21:12,13.12,--,19,24928,卖盘
1801,13:21:09,13.12,-0.01,23,30176,卖盘
1802,13:21:06,13.13,0.01,1,1313,买盘
1803,13:21:00,13.12,--,44,57728,卖盘
1804,13:20:57,13.12,--,178,233536,卖盘
1805,13:20:54,13.12,--,58,76135,买盘
1806,13:20:48,13.12,--,32,43256,卖盘
1807,13:20:45,13.12,--,549,720288,卖盘
1808,13:20:42,13.12,-0.01,4,5248,卖盘
1809,13:20:39,13.13,--,103,135239,买盘
1810,13:20:36,13.13,0.01,1,1313,买盘
1811,13:20:30,13.12,-0.01,102,133824,卖盘
1812,13:20:27,13.13,--,10,13130,卖盘
1813,13:20:21,13.13,--,10,13130,卖盘
1814,13:20:18,13.13,--,3,3939,卖盘
1815,13:20:15,13.13,--,15,19695,卖盘
1816,13:20:12,13.13,--,12,15756,卖盘
1817,13:20:09,13.13,-0.01,7,9191,卖盘
1818,13:20:06,13.14,0.01,71,93294,买盘
1819,13:20:03,13.13,-0.01,8,10504,卖盘
1820,13:20:00,13.14,0.01,82,107748,买盘
1821,13:19:57,13.13,-0.01,31,40703,卖盘
1822,13:19:54,13.14,0.01,59,77526,买盘
1823,13:19:51,13.13,--,9,11817,卖盘
1824,13:19:48,13.13,--,20,26260,卖盘
1825,13:19:45,13.13,--,14,18382,卖盘
1826,13:19:42,13.13,--,4,5252,卖盘
1827,13:19:36,13.13,0.01,38,49894,买盘
1828,13:19:30,13.12,--,106,139072,卖盘
1829,13:19:27,13.12,--,308,404096,卖盘
1830,13:19:24,13.12,-0.01,30,39360,卖盘
1831,13:19:21,13.13,0.01,6,7878,买盘
1832,13:19:15,13.12,-0.01,12,15743,卖盘
1833,13:19:12,13.13,0.01,2,2626,中性盘
1834,13:19:09,13.12,-0.01,30,39360,卖盘
1835,13:19:06,13.13,--,2,2626,卖盘
1836,13:19:03,13.13,--,5,6565,卖盘
1837,13:19:00,13.13,--,17,22321,卖盘
1838,13:18:54,13.13,0.01,25,32825,卖盘
1839,13:18:51,13.12,-0.02,16,20992,卖盘
1840,13:18:45,13.14,0.02,1,1314,买盘
1841,13:18:42,13.12,-0.01,34,44608,卖盘
1842,13:18:39,13.13,--,6,7904,买盘
1843,13:18:36,13.13,--,153,200889,买盘
1844,13:18:33,13.13,--,8,10504,买盘
1845,13:18:30,13.13,-0.01,135,178541,卖盘
1846,13:18:27,13.14,--,19,24966,买盘
1847,13:18:21,13.14,--,1,1314,买盘
1848,13:18:18,13.14,--,1,1314,买盘
1849,13:18:15,13.14,0.01,113,148482,买盘
1850,13:18:12,13.13,-0.01,2,2626,卖盘
1851,13:18:09,13.14,0.01,5,6570,买盘
1852,13:18:06,13.13,--,43,56459,卖盘
1853,13:18:03,13.13,--,34,44642,卖盘
1854,13:18:00,13.13,-0.02,37,48581,卖盘
1855,13:17:57,13.15,0.01,198,260370,买盘
1856,13:17:54,13.14,-0.01,4,5256,卖盘
1857,13:17:51,13.15,0.01,31,40765,买盘
1858,13:17:48,13.14,--,50,65700,卖盘
1859,13:17:45,13.14,--,12,15768,中性盘
1860,13:17:42,13.14,--,12,15768,卖盘
1861,13:17:39,13.14,--,1,1314,卖盘
1862,13:17:36,13.14,0.01,12,15768,买盘
1863,13:17:33,13.13,--,37,48581,卖盘
1864,13:17:30,13.13,-0.02,306,401778,卖盘
1865,13:17:27,13.15,0.02,1,1315,买盘
1866,13:17:24,13.13,-0.02,135,177255,卖盘
1867,13:17:18,13.15,0.02,19,24985,买盘
1868,13:17:15,13.13,-0.02,2,2626,卖盘
1869,13:17:12,13.15,0.02,111,145965,买盘
1870,13:17:03,13.13,-0.01,6,7878,卖盘
1871,13:17:00,13.14,0.01,1,1314,中性盘
1872,13:16:57,13.13,-0.02,12,15756,卖盘
1873,13:16:54,13.15,0.02,50,65750,买盘
1874,13:16:51,13.13,--,14,18382,卖盘
1875,13:16:45,13.13,-0.01,50,65650,卖盘
1876,13:16:42,13.14,0.01,114,149822,买盘
1877,13:16:39,13.13,-0.01,59,77467,卖盘
1878,13:16:33,13.14,--,295,388917,卖盘
1879,13:16:30,13.14,--,20,26280,卖盘
1880,13:16:27,13.14,--,18,23652,卖盘
1881,13:16:21,13.14,--,2,2628,卖盘
1882,13:16:15,13.14,--,5,6570,卖盘
1883,13:16:12,13.14,--,50,65726,买盘
1884,13:16:09,13.14,0.01,20,26280,买盘
1885,13:16:06,13.13,--,7,9191,卖盘
1886,13:16:03,13.13,-0.01,1,1313,卖盘
1887,13:16:00,13.14,--,14,18396,买盘
1888,13:15:57,13.14,--,80,105120,买盘
1889,13:15:51,13.14,--,151,198414,买盘
1890,13:15:42,13.14,0.01,106,139284,买盘
1891,13:15:39,13.13,-0.01,1,1313,卖盘
1892,13:15:36,13.14,--,213,281169,卖盘
1893,13:15:33,13.14,--,12,15768,卖盘
1894,13:15:30,13.14,--,6,7884,卖盘
1895,13:15:27,13.14,--,2,2628,卖盘
1896,13:15:24,13.14,--,46,60444,卖盘
1897,13:15:21,13.14,--,34,44702,买盘
1898,13:15:18,13.14,--,21,27594,买盘
1899,13:15:12,13.14,--,25,32850,买盘
1900,13:15:09,13.14,--,16,21024,买盘
1901,13:15:06,13.14,--,12,15768,买盘
1902,13:15:00,13.14,0.01,18,23652,买盘
1903,13:14:57,13.13,--,283,371579,卖盘
1904,13:14:54,13.13,-0.01,12,15756,卖盘
1905,13:14:51,13.14,--,2,3915,卖盘
1906,13:14:48,13.14,--,1,1314,卖盘
1907,13:14:42,13.14,--,34,44676,卖盘
1908,13:14:39,13.14,--,54,70956,卖盘
1909,13:14:33,13.14,--,47,61758,卖盘
1910,13:14:30,13.14,-0.01,16,21024,卖盘
1911,13:14:27,13.15,--,86,113090,买盘
1912,13:14:24,13.15,0.01,12,15780,买盘
1913,13:14:21,13.14,-0.01,50,65700,卖盘
1914,13:14:18,13.15,--,53,69695,买盘
1915,13:14:12,13.15,0.01,24,31560,买盘
1916,13:14:06,13.14,-0.01,3,3942,卖盘
1917,13:14:03,13.15,0.01,13,17095,买盘
1918,13:14:00,13.14,--,5,6570,卖盘
1919,13:13:57,13.14,0.01,1269,1667492,买盘
1920,13:13:54,13.13,-0.01,46,60398,卖盘
1921,13:13:51,13.14,0.01,6,7884,买盘
1922,13:13:48,13.13,--,3,3939,卖盘
1923,13:13:42,13.13,0.01,4,5252,中性盘
1924,13:13:39,13.12,--,152,199424,卖盘
1925,13:13:36,13.12,-0.01,79,103648,卖盘
1926,13:13:33,13.13,0.01,1,1313,买盘
1927,13:13:30,13.12,-0.01,5,6560,卖盘
1928,13:13:27,13.13,--,25,32825,买盘
1929,13:13:18,13.13,--,81,106353,买盘
1930,13:13:15,13.13,0.01,4,5252,买盘
1931,13:13:12,13.12,-0.01,12,15743,卖盘
1932,13:13:09,13.13,-0.01,5,6565,买盘
1933,13:12:57,13.14,0.01,44,57816,买盘
1934,13:12:54,13.13,-0.01,50,65650,卖盘
1935,13:12:51,13.14,--,66,86724,买盘
1936,13:12:45,13.14,--,8,10551,买盘
1937,13:12:42,13.14,0.01,23,30222,买盘
1938,13:12:39,13.13,--,42,55146,卖盘
1939,13:12:30,13.13,--,16,21008,卖盘
1940,13:12:27,13.13,--,35,45955,卖盘
1941,13:12:24,13.13,--,16,21493,卖盘
1942,13:12:09,13.13,-0.01,37,48581,卖盘
1943,13:12:06,13.14,0.01,1,1314,买盘
1944,13:12:03,13.13,--,10,14246,卖盘
1945,13:11:57,13.13,--,24,31512,卖盘
1946,13:11:54,13.13,-0.01,12,15756,卖盘
1947,13:11:48,13.14,--,43,56502,买盘
1948,13:11:45,13.14,0.01,3,3942,买盘
1949,13:11:42,13.13,--,4,5252,卖盘
1950,13:11:39,13.13,--,63,82719,卖盘
1951,13:11:36,13.13,-0.01,2,3558,卖盘
1952,13:11:33,13.14,--,20,26280,买盘
1953,13:11:30,13.14,0.01,12,15768,买盘
1954,13:11:27,13.13,--,5,6565,卖盘
1955,13:11:24,13.13,--,12,15756,卖盘
1956,13:11:18,13.13,-0.01,34,44642,卖盘
1957,13:11:15,13.14,0.01,50,65700,买盘
1958,13:11:09,13.13,-0.01,12,15756,卖盘
1959,13:11:03,13.14,--,49,64386,买盘
1960,13:11:00,13.14,0.01,17,22338,买盘
1961,13:10:57,13.13,--,12,16517,卖盘
1962,13:10:54,13.13,--,12,15756,卖盘
1963,13:10:48,13.13,-0.02,2,2626,卖盘
1964,13:10:42,13.15,0.02,116,152540,买盘
1965,13:10:39,13.13,-0.01,12,15756,卖盘
1966,13:10:36,13.14,--,33,44124,卖盘
1967,13:10:33,13.14,--,2,2982,卖盘
1968,13:10:30,13.14,--,7,9198,卖盘
1969,13:10:27,13.14,--,6,7884,卖盘
1970,13:10:24,13.14,--,12,15768,卖盘
1971,13:10:21,13.14,--,121,158994,卖盘
1972,13:10:15,13.14,-0.01,36,47501,卖盘
1973,13:10:12,13.15,0.01,256,336640,买盘
1974,13:10:09,13.14,--,12,15768,卖盘
1975,13:10:06,13.14,0.01,277,363978,买盘
1976,13:10:03,13.13,-0.01,1,1313,卖盘
1977,13:10:00,13.14,0.01,2,2628,买盘
1978,13:09:57,13.13,--,7,9191,卖盘
1979,13:09:54,13.13,--,12,15756,卖盘
1980,13:09:51,13.13,--,4,6315,卖盘
1981,13:09:48,13.13,--,19,24947,卖盘
1982,13:09:42,13.13,--,4,5252,卖盘
1983,13:09:39,13.13,-0.02,58,76154,卖盘
1984,13:09:36,13.15,0.01,56,73640,买盘
1985,13:09:27,13.14,--,4,5256,卖盘
1986,13:09:24,13.14,-0.01,7,9198,卖盘
1987,13:09:21,13.15,0.01,69,90735,买盘
1988,13:09:15,13.14,--,6,7884,卖盘
1989,13:09:12,13.14,--,11,14454,卖盘
1990,13:09:09,13.14,-0.01,12,15768,卖盘
1991,13:09:06,13.15,0.01,1,1315,买盘
1992,13:09:03,13.14,--,16,21024,卖盘
1993,13:09:00,13.14,--,12,15768,卖盘
1994,13:08:57,13.14,--,5,6570,卖盘
1995,13:08:54,13.14,--,7,9198,卖盘
1996,13:08:51,13.14,-0.01,13,17082,卖盘
1997,13:08:48,13.15,--,5,6575,买盘
1998,13:08:45,13.15,0.01,1,1315,买盘
1999,13:08:42,13.14,-0.01,12,15768,卖盘
2000,13:08:39,13.15,0.01,103,135445,买盘
2001,13:08:36,13.14,-0.01,56,73584,卖盘
2002,13:08:33,13.15,--,1,1315,买盘
2003,13:08:27,13.15,0.01,106,139390,买盘
2004,13:08:24,13.14,--,20,26280,卖盘
2005,13:08:21,13.14,--,49,64386,卖盘
2006,13:08:18,13.14,--,60,78840,卖盘
2007,13:08:12,13.14,--,163,214182,买盘
2008,13:08:09,13.14,0.01,1,1314,买盘
2009,13:08:06,13.13,--,13,17069,卖盘
2010,13:08:03,13.13,-0.01,4,5252,卖盘
2011,13:08:00,13.14,0.01,31,40734,买盘
2012,13:07:57,13.13,--,5,6565,卖盘
2013,13:07:51,13.13,--,7,9191,卖盘
2014,13:07:48,13.13,--,53,69589,卖盘
2015,13:07:45,13.13,--,210,276596,卖盘
2016,13:07:42,13.13,--,4,5252,卖盘
2017,13:07:36,13.13,--,64,84032,卖盘
2018,13:07:33,13.13,--,44,57772,卖盘
2019,13:07:30,13.13,--,6,7878,卖盘
2020,13:07:27,13.13,--,20,26260,卖盘
2021,13:07:21,13.13,--,1,1313,卖盘
2022,13:07:18,13.13,--,16,21008,卖盘
2023,13:07:15,13.13,--,24,31512,买盘
2024,13:07:12,13.13,0.01,20,26260,买盘
2025,13:07:09,13.12,--,2,2624,卖盘
2026,13:07:06,13.12,-0.01,12,15743,卖盘
2027,13:07:03,13.13,-0.01,172,225836,卖盘
2028,13:07:00,13.14,0.01,7,9198,买盘
2029,13:06:57,13.13,--,15,19695,卖盘
2030,13:06:51,13.13,-0.01,17,22321,卖盘
2031,13:06:48,13.14,--,10,13140,买盘
2032,13:06:45,13.14,0.01,1,1314,买盘
2033,13:06:42,13.13,--,44,57772,卖盘
2034,13:06:36,13.13,--,320,420160,卖盘
2035,13:06:33,13.13,--,10,13130,卖盘
2036,13:06:27,13.13,--,8,10504,卖盘
2037,13:06:21,13.13,--,12,15756,卖盘
2038,13:06:15,13.13,-0.01,14,18382,卖盘
2039,13:06:12,13.14,0.01,15,19710,买盘
2040,13:06:09,13.13,--,2,2626,卖盘
2041,13:06:03,13.13,--,72,94536,卖盘
2042,13:05:57,13.13,--,4,5252,卖盘
2043,13:05:54,13.13,0.01,223,292799,买盘
2044,13:05:51,13.12,--,13,17056,卖盘
2045,13:05:48,13.12,-0.01,22,28864,卖盘
2046,13:05:45,13.13,0.01,6,7878,买盘
2047,13:05:42,13.12,--,9,11808,卖盘
2048,13:05:39,13.12,--,14,18368,卖盘
2049,13:05:36,13.12,0.01,51,66912,买盘
2050,13:05:33,13.11,--,12,15732,卖盘
2051,13:05:30,13.11,-0.01,43,56373,卖盘
2052,13:05:27,13.12,--,15,19680,买盘
2053,13:05:24,13.12,-0.01,42,55104,卖盘
2054,13:05:21,13.13,--,25,32825,买盘
2055,13:05:18,13.13,0.01,67,87971,买盘
2056,13:05:15,13.12,--,35,45920,卖盘
2057,13:05:06,13.12,--,19,24928,卖盘
2058,13:05:03,13.12,-0.01,14,18368,卖盘
2059,13:05:00,13.13,--,110,144430,买盘
2060,13:04:57,13.13,--,16,21008,买盘
2061,13:04:51,13.13,0.01,13,17069,买盘
2062,13:04:45,13.12,--,18,23616,卖盘
2063,13:04:42,13.12,--,4,5248,卖盘
2064,13:04:36,13.12,--,49,64287,卖盘
2065,13:04:33,13.12,--,12,15743,卖盘
2066,13:04:27,13.12,--,33,43296,卖盘
2067,13:04:24,13.12,--,16,20992,卖盘
2068,13:04:21,13.12,--,1,1312,卖盘
2069,13:04:18,13.12,0.01,12,15743,卖盘
2070,13:04:15,13.11,-0.02,39,51129,卖盘
2071,13:04:12,13.13,0.02,70,91910,买盘
2072,13:04:06,13.11,-0.01,179,234669,卖盘
2073,13:04:03,13.12,--,59,77408,卖盘
2074,13:04:00,13.12,--,15,19680,卖盘
2075,13:03:57,13.12,-0.01,6,7871,卖盘
2076,13:03:48,13.13,0.01,20,26260,买盘
2077,13:03:45,13.12,--,17,22304,卖盘
2078,13:03:42,13.12,-0.01,4,5248,卖盘
2079,13:03:39,13.13,0.01,1,1313,买盘
2080,13:03:36,13.12,--,2,2624,卖盘
2081,13:03:33,13.12,-0.01,47,61663,卖盘
2082,13:03:30,13.13,0.01,49,64337,买盘
2083,13:03:27,13.12,-0.01,9,11808,卖盘
2084,13:03:21,13.13,--,7,9191,买盘
2085,13:03:18,13.13,0.01,12,15756,买盘
2086,13:03:15,13.12,--,91,119392,卖盘
2087,13:03:12,13.12,--,7,9184,卖盘
2088,13:03:06,13.12,0.01,61,80989,买盘
2089,13:03:03,13.11,-0.01,12,15732,卖盘
2090,13:03:00,13.12,0.01,33,43296,买盘
2091,13:02:57,13.11,-0.01,55,72105,卖盘
2092,13:02:54,13.12,-0.01,189,248322,卖盘
2093,13:02:51,13.13,0.01,58,76154,买盘
2094,13:02:48,13.12,--,2,2624,卖盘
2095,13:02:45,13.12,--,12,15743,卖盘
2096,13:02:42,13.12,-0.01,16,20992,卖盘
2097,13:02:39,13.13,0.01,38,49894,买盘
2098,13:02:36,13.12,--,42,55104,卖盘
2099,13:02:33,13.12,--,102,133824,卖盘
2100,13:02:30,13.12,--,16,20992,卖盘
2101,13:02:27,13.12,--,5,6560,卖盘
2102,13:02:18,13.12,--,100,131200,卖盘
2103,13:02:15,13.12,--,12,15743,卖盘
2104,13:02:12,13.12,-0.01,50,65600,卖盘
2105,13:02:06,13.13,0.01,35,45955,买盘
2106,13:02:03,13.12,--,736,965632,卖盘
2107,13:02:00,13.12,-0.01,105,137760,卖盘
2108,13:01:57,13.13,--,44,57772,卖盘
2109,13:01:54,13.13,--,4,5252,卖盘
2110,13:01:51,13.13,--,70,91910,卖盘
2111,13:01:48,13.13,--,17,22321,卖盘
2112,13:01:42,13.13,--,16,21008,卖盘
2113,13:01:39,13.13,--,2,2626,卖盘
2114,13:01:36,13.13,--,57,74841,卖盘
2115,13:01:33,13.13,--,56,73528,卖盘
2116,13:01:30,13.13,--,12,15756,卖盘
2117,13:01:27,13.13,--,5,6565,卖盘
2118,13:01:24,13.13,--,100,131300,卖盘
2119,13:01:21,13.13,--,14,18382,卖盘
2120,13:01:12,13.13,--,86,112918,卖盘
2121,13:01:03,13.13,--,16,21008,卖盘
2122,13:01:00,13.13,-0.01,13,17069,卖盘
2123,13:00:57,13.14,0.01,17,22338,买盘
2124,13:00:54,13.13,--,28,36764,卖盘
2125,13:00:51,13.13,--,3,3939,卖盘
2126,13:00:48,13.13,-0.01,8,10504,卖盘
2127,13:00:45,13.14,0.01,62,81468,买盘
2128,13:00:42,13.13,--,18,23634,卖盘
2129,13:00:39,13.13,--,33,43329,卖盘
2130,13:00:36,13.13,--,47,61711,卖盘
2131,13:00:33,13.13,--,34,44642,卖盘
2132,13:00:30,13.13,-0.02,345,452985,卖盘
2133,13:00:21,13.15,0.01,13,17095,买盘
2134,13:00:15,13.14,-0.01,1,1314,卖盘
2135,13:00:09,13.15,--,25,32875,买盘
2136,13:00:06,13.15,0.01,221,290615,买盘
2137,13:00:03,13.14,-0.01,613,805968,卖盘
2138,13:00:00,13.15,--,0,0,卖盘
2139,11:30:00,13.15,--,12,15780,卖盘
2140,11:29:57,13.15,--,53,69695,卖盘
2141,11:29:51,13.15,--,2,2630,卖盘
2142,11:29:48,13.15,-0.01,14,18410,卖盘
2143,11:29:45,13.16,0.01,17,22372,买盘
2144,11:29:42,13.15,--,12,15780,卖盘
2145,11:29:39,13.15,-0.01,5,6575,卖盘
2146,11:29:36,13.16,0.01,244,321104,买盘
2147,11:29:33,13.15,-0.01,34,44710,卖盘
2148,11:29:30,13.16,0.01,4,5264,买盘
2149,11:29:27,13.15,-0.01,16,21040,卖盘
2150,11:29:21,13.16,0.01,1,1316,买盘
2151,11:29:15,13.15,0.02,219,288813,买盘
2152,11:29:12,13.13,-0.01,150,196950,卖盘
2153,11:29:09,13.14,--,10,13140,买盘
2154,11:29:06,13.14,0.01,10,13140,买盘
2155,11:29:03,13.13,-0.01,13,17069,卖盘
2156,11:29:00,13.14,--,53,69642,卖盘
2157,11:28:57,13.14,--,105,137970,卖盘
2158,11:28:54,13.14,--,12,15768,卖盘
2159,11:28:48,13.14,--,2,2628,卖盘
2160,11:28:42,13.14,--,12,15768,卖盘
2161,11:28:39,13.14,--,4,5256,卖盘
2162,11:28:36,13.14,-0.01,41,53874,卖盘
2163,11:28:33,13.15,0.02,58,76270,买盘
2164,11:28:27,13.13,-0.01,90,118170,卖盘
2165,11:28:18,13.14,0.01,7,9198,中性盘
2166,11:28:15,13.13,--,66,86658,卖盘
2167,11:28:12,13.13,-0.01,15,20653,卖盘
2168,11:28:09,13.14,--,15,19710,买盘
2169,11:28:06,13.14,--,2,2628,买盘
2170,11:28:03,13.14,--,69,90666,买盘
2171,11:28:00,13.14,--,1,1314,买盘
2172,11:27:57,13.14,0.01,20,26280,买盘
2173,11:27:54,13.13,-0.01,51,66963,卖盘
2174,11:27:51,13.14,--,11,14454,买盘
2175,11:27:48,13.14,0.01,19,24966,买盘
2176,11:27:42,13.13,--,42,55146,卖盘
2177,11:27:39,13.13,--,4,5252,卖盘
2178,11:27:33,13.13,-0.01,42,55146,卖盘
2179,11:27:30,13.14,--,127,167758,卖盘
2180,11:27:27,13.14,-0.01,13,17082,卖盘
2181,11:27:24,13.15,0.01,134,176210,买盘
2182,11:27:18,13.14,--,113,148482,卖盘
2183,11:27:12,13.14,--,26,34164,卖盘
2184,11:27:09,13.14,-0.01,3,3942,卖盘
2185,11:27:06,13.15,0.01,1,1315,买盘
2186,11:26:57,13.14,--,26,34164,卖盘
2187,11:26:54,13.14,--,92,120888,卖盘
2188,11:26:51,13.14,--,20,26280,卖盘
2189,11:26:45,13.14,--,10,13140,卖盘
2190,11:26:42,13.14,-0.01,12,15768,卖盘
2191,11:26:39,13.15,0.01,5,6575,买盘
2192,11:26:33,13.14,-0.01,67,88038,卖盘
2193,11:26:30,13.15,0.01,3,3945,买盘
2194,11:26:27,13.14,-0.01,62,81468,卖盘
2195,11:26:24,13.15,--,50,65750,买盘
2196,11:26:21,13.15,--,1,1315,买盘
2197,11:26:18,13.15,0.02,162,213463,买盘
2198,11:26:09,13.13,-0.01,12,15756,卖盘
2199,11:26:06,13.14,0.01,151,198414,买盘
2200,11:26:03,13.13,--,36,47268,卖盘
2201,11:25:57,13.13,-0.02,13,17069,卖盘
2202,11:25:54,13.15,0.01,100,131500,买盘
2203,11:25:51,13.14,-0.01,2,2628,买盘
2204,11:25:48,13.15,0.02,11,14465,买盘
2205,11:25:42,13.13,-0.01,12,15756,卖盘
2206,11:25:39,13.14,--,27,35478,卖盘
2207,11:25:36,13.14,--,10,13140,卖盘
2208,11:25:33,13.14,--,51,67014,卖盘
2209,11:25:27,13.14,--,13,17082,卖盘
2210,11:25:24,13.14,-0.01,43,56502,卖盘
2211,11:25:21,13.15,--,14,18410,买盘
2212,11:25:18,13.15,0.02,50,65750,买盘
2213,11:25:15,13.13,--,112,147056,卖盘
2214,11:25:12,13.13,--,35,45955,卖盘
2215,11:25:09,13.13,-0.01,214,280982,卖盘
2216,11:25:06,13.14,-0.01,6,7884,卖盘
2217,11:25:03,13.15,0.01,2,2630,买盘
2218,11:25:00,13.14,0.01,15,19710,买盘
2219,11:24:57,13.13,--,26,34138,卖盘
2220,11:24:54,13.13,-0.01,10,13130,卖盘
2221,11:24:48,13.14,--,106,139284,卖盘
2222,11:24:45,13.14,0.01,157,206298,买盘
2223,11:24:39,13.13,-0.01,62,81406,卖盘
2224,11:24:36,13.14,0.01,16,21024,买盘
2225,11:24:33,13.13,-0.01,64,84032,卖盘
2226,11:24:30,13.14,0.01,49,64386,买盘
2227,11:24:27,13.13,-0.01,12,15756,卖盘
2228,11:24:24,13.14,0.01,16,21024,买盘
2229,11:24:21,13.13,--,1,1313,卖盘
2230,11:24:18,13.13,--,107,140491,卖盘
2231,11:24:15,13.13,0.01,232,304616,买盘
2232,11:24:12,13.12,--,2,2624,卖盘
2233,11:24:09,13.12,-0.01,121,158752,卖盘
2234,11:24:06,13.13,0.01,1,1313,买盘
2235,11:24:03,13.12,--,1,1312,卖盘
2236,11:24:00,13.12,0.01,15,19680,买盘
2237,11:23:57,13.11,-0.01,48,62928,卖盘
2238,11:23:54,13.12,--,3,3935,买盘
2239,11:23:51,13.12,--,21,27552,买盘
2240,11:23:48,13.12,--,30,39360,买盘
2241,11:23:45,13.12,--,21,27552,买盘
2242,11:23:42,13.12,--,51,66912,买盘
2243,11:23:39,13.12,--,12,15743,买盘
2244,11:23:36,13.12,--,88,115456,卖盘
2245,11:23:33,13.12,-0.01,54,70848,卖盘
2246,11:23:30,13.13,0.01,1,1313,买盘
2247,11:23:27,13.12,-0.01,32,41984,卖盘
2248,11:23:24,13.13,--,1,1313,买盘
2249,11:23:21,13.13,--,11,14443,买盘
2250,11:23:18,13.13,--,19,24947,买盘
2251,11:23:15,13.13,0.01,3,3939,买盘
2252,11:23:12,13.12,--,62,81344,卖盘
2253,11:23:09,13.12,0.01,73,95776,买盘
2254,11:23:06,13.11,-0.01,10,13110,卖盘
2255,11:23:03,13.12,0.01,10,13120,买盘
2256,11:23:00,13.11,--,11,14421,卖盘
2257,11:22:57,13.11,--,19,24909,卖盘
2258,11:22:51,13.11,--,26,34086,卖盘
2259,11:22:42,13.11,--,12,15732,卖盘
2260,11:22:39,13.11,--,4,5244,卖盘
2261,11:22:33,13.11,-0.02,380,498180,卖盘
2262,11:22:30,13.13,--,38,49894,买盘
2263,11:22:27,13.13,0.02,2,2626,买盘
2264,11:22:24,13.11,--,29,38019,卖盘
2265,11:22:21,13.11,--,22,28842,卖盘
2266,11:22:18,13.11,--,50,65550,卖盘
2267,11:22:12,13.11,--,12,15732,卖盘
2268,11:22:09,13.11,-0.01,408,534888,卖盘
2269,11:22:03,13.12,--,2,2624,买盘
2270,11:22:00,13.12,0.01,179,234848,买盘
2271,11:21:57,13.11,--,15,19665,卖盘
2272,11:21:54,13.11,--,25,32775,卖盘
2273,11:21:51,13.11,-0.01,12,15732,中性盘
2274,11:21:48,13.12,0.01,80,104960,买盘
2275,11:21:45,13.11,0.01,14,18354,买盘
2276,11:21:42,13.1,--,24,31440,卖盘
2277,11:21:39,13.1,-0.01,51,66810,卖盘
2278,11:21:36,13.11,0.01,20,26220,中性盘
2279,11:21:33,13.1,-0.02,41,53710,卖盘
2280,11:21:30,13.12,0.02,80,104960,买盘
2281,11:21:27,13.1,--,7,9170,卖盘
2282,11:21:21,13.1,-0.02,417,546270,卖盘
2283,11:21:18,13.12,0.01,42,55104,买盘
2284,11:21:15,13.11,--,38,49818,卖盘
2285,11:21:09,13.11,--,12,15732,卖盘
2286,11:21:06,13.11,--,35,45885,卖盘
2287,11:21:03,13.11,--,490,642390,卖盘
2288,11:20:54,13.11,--,12,15732,卖盘
2289,11:20:51,13.11,--,104,136344,卖盘
2290,11:20:48,13.11,--,7,9177,卖盘
2291,11:20:45,13.11,-0.01,50,65550,卖盘
2292,11:20:42,13.12,0.01,22,28864,买盘
2293,11:20:39,13.11,--,9,11799,卖盘
2294,11:20:36,13.11,--,10,13110,卖盘
2295,11:20:33,13.11,--,48,62928,卖盘
2296,11:20:24,13.11,-0.01,13,17043,卖盘
2297,11:20:21,13.12,-0.01,33,43296,卖盘
2298,11:20:18,13.13,0.01,64,84032,买盘
2299,11:20:15,13.12,--,1,1312,卖盘
2300,11:20:12,13.12,--,21,27552,卖盘
2301,11:20:09,13.12,--,12,15743,卖盘
2302,11:20:06,13.12,--,57,74784,卖盘
2303,11:20:03,13.12,--,2,2624,卖盘
2304,11:20:00,13.12,--,8,10496,卖盘
2305,11:19:57,13.12,--,28,36736,卖盘
2306,11:19:54,13.12,0.01,10,13120,中性盘
2307,11:19:51,13.11,-0.02,124,162564,卖盘
2308,11:19:42,13.13,0.01,13,17069,买盘
2309,11:19:39,13.12,--,26,34112,卖盘
2310,11:19:36,13.12,--,46,60352,卖盘
2311,11:19:33,13.12,--,205,268960,卖盘
2312,11:19:30,13.12,-0.01,12,15743,卖盘
2313,11:19:24,13.13,0.01,23,30199,买盘
2314,11:19:21,13.12,-0.01,15,19680,卖盘
2315,11:19:18,13.13,--,3,3939,买盘
2316,11:19:15,13.13,0.01,1,1313,买盘
2317,11:19:12,13.12,--,12,15743,卖盘
2318,11:19:09,13.12,-0.01,32,41984,卖盘
2319,11:19:06,13.13,0.01,28,36764,买盘
2320,11:19:03,13.12,-0.01,34,44608,卖盘
2321,11:19:00,13.13,--,10,13130,买盘
2322,11:18:57,13.13,--,1,1313,买盘
2323,11:18:54,13.13,0.01,17,22321,买盘
2324,11:18:51,13.12,-0.01,12,15743,卖盘
2325,11:18:48,13.13,0.01,39,51207,买盘
2326,11:18:42,13.12,--,2,2624,卖盘
2327,11:18:39,13.12,-0.01,16,20992,卖盘
2328,11:18:33,13.13,0.01,69,90597,买盘
2329,11:18:30,13.12,--,180,236160,买盘
2330,11:18:27,13.12,--,15,19680,买盘
2331,11:18:24,13.12,-0.01,101,132512,卖盘
2332,11:18:21,13.13,0.01,14,18382,买盘
2333,11:18:18,13.12,--,4,5248,卖盘
2334,11:18:12,13.12,--,26,34112,买盘
2335,11:18:09,13.12,--,14,18368,买盘
2336,11:18:06,13.12,--,28,36736,买盘
2337,11:18:03,13.12,--,10,13120,买盘
2338,11:18:00,13.12,0.01,81,106272,买盘
2339,11:17:57,13.11,-0.01,59,77349,卖盘
2340,11:17:54,13.12,--,65,85280,买盘
2341,11:17:51,13.12,--,1,1312,买盘
2342,11:17:48,13.12,-0.01,28,36736,中性盘
2343,11:17:45,13.13,0.01,263,345319,买盘
2344,11:17:39,13.12,0.01,78,102336,买盘
2345,11:17:36,13.11,-0.01,28,36708,卖盘
2346,11:17:33,13.12,--,58,76096,买盘
2347,11:17:30,13.12,0.01,36,47232,买盘
2348,11:17:27,13.11,-0.01,18,23598,卖盘
2349,11:17:24,13.12,--,16,20992,卖盘
2350,11:17:21,13.12,--,220,288640,卖盘
2351,11:17:18,13.12,--,1,1312,卖盘
2352,11:17:15,13.12,--,1,1312,卖盘
2353,11:17:12,13.12,--,4,5248,卖盘
2354,11:17:09,13.12,--,14,18368,卖盘
2355,11:17:06,13.12,-0.01,12,15743,卖盘
2356,11:17:00,13.13,0.01,5,6565,买盘
2357,11:16:57,13.12,-0.01,25,32800,卖盘
2358,11:16:54,13.13,--,26,34138,买盘
2359,11:16:51,13.13,0.01,146,191698,买盘
2360,11:16:48,13.12,-0.01,112,146944,卖盘
2361,11:16:45,13.13,--,39,51207,买盘
2362,11:16:42,13.13,0.01,8,10504,买盘
2363,11:16:39,13.12,--,4,5248,卖盘
2364,11:16:36,13.12,--,12,15743,卖盘
2365,11:16:33,13.12,--,10,13120,卖盘
2366,11:16:30,13.12,--,55,72160,卖盘
2367,11:16:27,13.12,-0.02,12,15743,卖盘
2368,11:16:24,13.14,0.01,480,630720,买盘
2369,11:16:21,13.13,--,54,70902,卖盘
2370,11:16:18,13.13,-0.01,149,195637,卖盘
2371,11:16:15,13.14,0.01,162,212868,买盘
2372,11:16:12,13.13,--,5,6565,卖盘
2373,11:16:09,13.13,--,56,73528,卖盘
2374,11:16:06,13.13,-0.01,12,15756,卖盘
2375,11:16:03,13.14,0.01,110,144540,买盘
2376,11:16:00,13.13,--,15,19695,卖盘
2377,11:15:57,13.13,--,15,19695,卖盘
2378,11:15:54,13.13,--,16,21008,卖盘
2379,11:15:51,13.13,-0.01,13,17069,卖盘
2380,11:15:48,13.14,0.01,63,82782,买盘
2381,11:15:42,13.13,--,20,26260,卖盘
2382,11:15:39,13.13,--,50,65650,卖盘
2383,11:15:36,13.13,--,96,126048,卖盘
2384,11:15:33,13.13,-0.01,9,11817,卖盘
2385,11:15:30,13.14,--,103,135342,卖盘
2386,11:15:27,13.14,--,145,190530,卖盘
2387,11:15:24,13.14,-0.01,30,39420,卖盘
2388,11:15:21,13.15,0.01,517,679855,买盘
2389,11:15:18,13.14,-0.01,1,1314,卖盘
2390,11:15:15,13.15,--,11,14465,买盘
2391,11:15:06,13.15,--,941,1237901,卖盘
2392,11:15:03,13.15,--,13,17095,卖盘
2393,11:15:00,13.15,--,2,2630,卖盘
2394,11:14:57,13.15,-0.01,69,90735,卖盘
2395,11:14:51,13.16,0.01,25,32900,买盘
2396,11:14:48,13.15,--,71,93365,卖盘
2397,11:14:45,13.15,--,10,13150,卖盘
2398,11:14:39,13.15,-0.01,60,78900,卖盘
2399,11:14:36,13.16,0.01,16,21056,买盘
2400,11:14:33,13.15,--,39,51285,卖盘
2401,11:14:30,13.15,--,247,324805,卖盘
2402,11:14:27,13.15,--,1,1315,卖盘
2403,11:14:21,13.15,--,12,15780,卖盘
2404,11:14:18,13.15,-0.01,1,1315,卖盘
2405,11:14:15,13.16,0.01,1,1316,买盘
2406,11:14:09,13.15,-0.01,67,88105,卖盘
2407,11:14:06,13.16,0.01,20,26320,买盘
2408,11:14:03,13.15,-0.01,58,76270,卖盘
2409,11:14:00,13.16,--,8,10528,买盘
2410,11:13:57,13.16,--,50,65800,买盘
2411,11:13:54,13.16,0.01,16,21056,买盘
2412,11:13:51,13.15,--,20,26300,卖盘
2413,11:13:48,13.15,-0.01,12,15780,卖盘
2414,11:13:45,13.16,--,66,86856,买盘
2415,11:13:42,13.16,0.01,9,11844,买盘
2416,11:13:39,13.15,--,14,18410,卖盘
2417,11:13:36,13.15,-0.01,16,21040,卖盘
2418,11:13:33,13.16,--,42,55272,买盘
2419,11:13:30,13.16,--,46,60536,买盘
2420,11:13:27,13.16,--,268,353569,卖盘
2421,11:13:24,13.16,--,200,263200,卖盘
2422,11:13:21,13.16,-0.01,3,3948,卖盘
2423,11:13:18,13.17,0.01,396,521532,买盘
2424,11:13:15,13.16,--,4,5264,卖盘
2425,11:13:12,13.16,--,86,113610,卖盘
2426,11:13:09,13.16,-0.01,5,6580,卖盘
2427,11:13:06,13.17,0.01,1,1317,买盘
2428,11:13:03,13.16,--,162,213192,买盘
2429,11:13:00,13.16,--,5,6580,买盘
2430,11:12:54,13.16,0.01,11,15305,买盘
2431,11:12:48,13.15,-0.01,18,23670,卖盘
2432,11:12:45,13.16,0.01,126,165816,中性盘
2433,11:12:36,13.15,--,16,21040,卖盘
2434,11:12:33,13.15,-0.01,24,31560,卖盘
2435,11:12:30,13.16,0.01,82,107912,买盘
2436,11:12:27,13.15,-0.01,20,26300,卖盘
2437,11:12:24,13.16,--,62,81592,卖盘
2438,11:12:21,13.16,0.01,15,19740,买盘
2439,11:12:15,13.15,-0.02,52,68380,卖盘
2440,11:12:09,13.17,0.02,5,6585,买盘
2441,11:12:06,13.15,-0.02,36,47340,卖盘
2442,11:12:03,13.17,--,64,84288,买盘
2443,11:11:57,13.17,0.01,153,201501,买盘
2444,11:11:54,13.16,--,49,64484,买盘
2445,11:11:51,13.16,--,99,130284,卖盘
2446,11:11:48,13.16,-0.01,213,280308,卖盘
2447,11:11:45,13.17,--,50,65850,买盘
2448,11:11:42,13.17,--,150,197550,买盘
2449,11:11:36,13.17,0.01,54,71118,买盘
2450,11:11:30,13.16,--,51,67116,卖盘
2451,11:11:24,13.16,--,82,107912,买盘
2452,11:11:21,13.16,0.01,242,318472,买盘
2453,11:11:18,13.15,--,13,17095,卖盘
2454,11:11:15,13.15,-0.01,10,13150,卖盘
2455,11:11:09,13.16,--,14,18424,买盘
2456,11:11:06,13.16,--,117,153972,买盘
2457,11:11:03,13.16,--,164,215824,卖盘
2458,11:11:00,13.16,-0.01,513,675108,卖盘
2459,11:10:57,13.17,0.01,1,1317,买盘
2460,11:10:51,13.16,--,23,30268,卖盘
2461,11:10:48,13.16,-0.01,1,1316,卖盘
2462,11:10:45,13.17,--,40,52680,买盘
2463,11:10:42,13.17,0.01,54,71118,买盘
2464,11:10:36,13.16,--,33,43428,卖盘
2465,11:10:30,13.16,--,61,80276,卖盘
2466,11:10:27,13.16,--,2,2632,卖盘
2467,11:10:24,13.16,--,19,25004,卖盘
2468,11:10:21,13.16,-0.01,12,15792,卖盘
2469,11:10:18,13.17,0.01,2,2634,买盘
2470,11:10:12,13.16,-0.01,63,82908,卖盘
2471,11:10:09,13.17,0.01,106,139602,买盘
2472,11:10:06,13.16,-0.01,12,15792,卖盘
2473,11:10:03,13.17,--,14,18438,买盘
2474,11:10:00,13.17,0.01,2,2634,买盘
2475,11:09:57,13.16,--,37,48692,卖盘
2476,11:09:54,13.16,-0.01,5,6580,卖盘
2477,11:09:51,13.17,0.01,128,168576,买盘
2478,11:09:48,13.16,--,28,36848,卖盘
2479,11:09:45,13.16,--,22,28952,卖盘
2480,11:09:42,13.16,--,70,92120,卖盘
2481,11:09:39,13.16,--,10,13160,卖盘
2482,11:09:36,13.16,--,4,5264,卖盘
2483,11:09:33,13.16,--,66,86856,卖盘
2484,11:09:30,13.16,-0.01,44,57904,卖盘
2485,11:09:27,13.17,0.01,12,15804,买盘
2486,11:09:21,13.16,--,2,2632,卖盘
2487,11:09:15,13.16,--,18,23688,卖盘
2488,11:09:12,13.16,--,1,1316,卖盘
2489,11:09:03,13.16,-0.01,12,15792,卖盘
2490,11:09:00,13.17,0.01,1,1317,买盘
2491,11:08:57,13.16,-0.01,15,19740,卖盘
2492,11:08:54,13.17,0.01,5,6585,买盘
2493,11:08:51,13.16,--,13,17108,卖盘
2494,11:08:48,13.16,-0.01,13,17108,卖盘
2495,11:08:45,13.17,0.01,1,1317,买盘
2496,11:08:42,13.16,-0.01,14,18424,卖盘
2497,11:08:39,13.17,--,10,13170,买盘
2498,11:08:36,13.17,--,5,6585,买盘
2499,11:08:33,13.17,--,62,81654,买盘
2500,11:08:30,13.17,0.01,44,57948,买盘
2501,11:08:27,13.16,--,27,35532,卖盘
2502,11:08:24,13.16,-0.01,21,27636,卖盘
2503,11:08:21,13.17,--,102,134334,买盘
2504,11:08:18,13.17,0.01,13,17121,买盘
2505,11:08:15,13.16,-0.01,11,14476,卖盘
2506,11:08:12,13.17,0.01,12,15804,买盘
2507,11:08:09,13.16,--,16,21056,卖盘
2508,11:08:06,13.16,--,5,6580,卖盘
2509,11:08:03,13.16,-0.01,22,28952,卖盘
2510,11:08:00,13.17,0.01,100,131700,买盘
2511,11:07:57,13.16,-0.01,37,48692,卖盘
2512,11:07:54,13.17,0.01,25,32925,买盘
2513,11:07:51,13.16,--,5,6580,卖盘
2514,11:07:48,13.16,--,18,23688,卖盘
2515,11:07:42,13.16,-0.01,4,5264,卖盘
2516,11:07:39,13.17,0.01,101,133017,买盘
2517,11:07:36,13.16,--,31,40796,卖盘
2518,11:07:33,13.16,--,16,21056,卖盘
2519,11:07:30,13.16,--,41,53956,卖盘
2520,11:07:27,13.16,-0.01,22,28952,卖盘
2521,11:07:21,13.17,0.02,1,1317,买盘
2522,11:07:18,13.15,-0.01,22,28930,卖盘
2523,11:07:15,13.16,0.01,10,13160,中性盘
2524,11:07:09,13.15,--,84,110460,卖盘
2525,11:07:06,13.15,--,401,527315,卖盘
2526,11:07:00,13.15,-0.01,12,15780,卖盘
2527,11:06:57,13.16,--,6,7896,买盘
2528,11:06:54,13.16,0.01,64,84224,买盘
2529,11:06:51,13.15,--,90,118350,卖盘
2530,11:06:48,13.15,--,110,144650,卖盘
2531,11:06:45,13.15,-0.01,13,17095,卖盘
2532,11:06:42,13.16,--,38,50008,买盘
2533,11:06:39,13.16,0.01,247,325052,买盘
2534,11:06:36,13.15,-0.01,58,76270,卖盘
2535,11:06:33,13.16,0.01,13,17108,买盘
2536,11:06:30,13.15,--,55,72325,卖盘
2537,11:06:27,13.15,-0.01,42,55230,卖盘
2538,11:06:24,13.16,--,1,1316,买盘
2539,11:06:21,13.16,0.01,10,13160,买盘
2540,11:06:18,13.15,-0.01,3,3945,卖盘
2541,11:06:15,13.16,0.01,66,86856,买盘
2542,11:06:12,13.15,--,38,49970,卖盘
2543,11:06:06,13.15,-0.01,43,56545,卖盘
2544,11:06:03,13.16,--,198,260568,卖盘
2545,11:06:00,13.16,-0.01,62,81592,卖盘
2546,11:05:57,13.17,0.01,104,136968,买盘
2547,11:05:54,13.16,-0.01,2,2632,卖盘
2548,11:05:51,13.17,0.01,2,2634,买盘
2549,11:05:48,13.16,--,133,175028,卖盘
2550,11:05:45,13.16,-0.01,631,830659,卖盘
2551,11:05:42,13.17,--,469,617673,卖盘
2552,11:05:39,13.17,--,15,19755,卖盘
2553,11:05:36,13.17,--,34,44778,卖盘
2554,11:05:33,13.17,--,24,31608,卖盘
2555,11:05:30,13.17,--,36,47412,卖盘
2556,11:05:27,13.17,-0.01,56,74278,卖盘
2557,11:05:24,13.18,0.01,40,52720,买盘
2558,11:05:18,13.17,--,2,2634,卖盘
2559,11:05:15,13.17,-0.01,42,55314,卖盘
2560,11:05:12,13.18,--,47,61946,买盘
2561,11:05:09,13.18,0.01,4,5272,买盘
2562,11:05:06,13.17,-0.01,117,154089,卖盘
2563,11:05:03,13.18,--,89,117302,卖盘
2564,11:05:00,13.18,-0.01,12,15816,卖盘
2565,11:04:57,13.19,0.01,58,76502,买盘
2566,11:04:54,13.18,0.01,137,180566,买盘
2567,11:04:51,13.17,-0.01,182,239694,卖盘
2568,11:04:48,13.18,--,33,43494,买盘
2569,11:04:45,13.18,--,18,23724,买盘
2570,11:04:42,13.18,--,110,144980,买盘
2571,11:04:39,13.18,--,4,5272,买盘
2572,11:04:36,13.18,0.01,102,134436,买盘
2573,11:04:33,13.17,--,24,31608,卖盘
2574,11:04:30,13.17,0.01,501,660343,买盘
2575,11:04:27,13.16,--,14,18424,卖盘
2576,11:04:24,13.16,-0.01,123,161868,卖盘
2577,11:04:21,13.17,--,44,57948,买盘
2578,11:04:18,13.17,0.01,2,2634,买盘
2579,11:04:15,13.16,--,21,27636,卖盘
2580,11:04:12,13.16,-0.01,40,52640,卖盘
2581,11:04:06,13.17,0.01,45,59265,买盘
2582,11:04:03,13.16,--,22,28952,买盘
2583,11:04:00,13.16,--,17,22372,买盘
2584,11:03:57,13.16,-0.01,167,219772,卖盘
2585,11:03:54,13.17,0.01,201,264717,买盘
2586,11:03:51,13.16,0.01,10,13160,买盘
2587,11:03:48,13.15,-0.01,28,36820,卖盘
2588,11:03:45,13.16,--,26,34216,买盘
2589,11:03:42,13.16,--,10,13160,买盘
2590,11:03:39,13.16,--,10,13160,买盘
2591,11:03:36,13.16,-0.01,43,56588,买盘
2592,11:03:33,13.17,0.01,20,26340,买盘
2593,11:03:30,13.16,--,102,134232,买盘
2594,11:03:27,13.16,--,51,67116,买盘
2595,11:03:24,13.16,--,79,103964,买盘
2596,11:03:21,13.16,--,35,46060,买盘
2597,11:03:18,13.16,--,454,597464,买盘
2598,11:03:15,13.16,--,77,101332,买盘
2599,11:03:12,13.16,0.01,136,178976,买盘
2600,11:03:06,13.15,-0.01,102,134130,卖盘
2601,11:03:03,13.16,0.01,769,1012004,买盘
2602,11:02:57,13.15,--,28,36820,卖盘
2603,11:02:51,13.15,--,131,172265,卖盘
2604,11:02:48,13.15,--,1,1315,卖盘
2605,11:02:45,13.15,--,12,15780,卖盘
2606,11:02:42,13.15,--,276,362940,买盘
2607,11:02:39,13.15,0.01,1,1315,买盘
2608,11:02:33,13.14,--,104,136656,卖盘
2609,11:02:27,13.14,--,566,743724,卖盘
2610,11:02:24,13.14,-0.01,14,18396,卖盘
2611,11:02:21,13.15,0.01,5,6575,买盘
2612,11:02:18,13.14,-0.01,5,6570,卖盘
2613,11:02:15,13.15,0.01,114,149910,买盘
2614,11:02:12,13.14,-0.01,2,2628,卖盘
2615,11:02:09,13.15,--,105,138075,买盘
2616,11:02:06,13.15,0.01,10,13150,买盘
2617,11:02:00,13.14,--,15,19710,卖盘
2618,11:01:57,13.14,--,290,381060,买盘
2619,11:01:54,13.14,--,12,15768,买盘
2620,11:01:51,13.14,0.01,5,6570,买盘
2621,11:01:48,13.13,-0.01,1,1313,卖盘
2622,11:01:45,13.14,--,52,68328,买盘
2623,11:01:42,13.14,--,6,7884,买盘
2624,11:01:39,13.14,--,13,17082,买盘
2625,11:01:36,13.14,-0.01,107,140598,卖盘
2626,11:01:33,13.15,0.01,49,64435,买盘
2627,11:01:30,13.14,--,3,3942,卖盘
2628,11:01:27,13.14,--,23,30222,卖盘
2629,11:01:24,13.14,-0.01,108,141912,卖盘
2630,11:01:21,13.15,0.02,24,31560,买盘
2631,11:01:18,13.13,-0.01,2,2626,卖盘
2632,11:01:15,13.14,--,37,48618,买盘
2633,11:01:12,13.14,0.01,13,17082,买盘
2634,11:01:09,13.13,-0.01,7,9191,卖盘
2635,11:01:06,13.14,--,8,10512,买盘
2636,11:01:03,13.14,0.01,25,32850,买盘
2637,11:01:00,13.13,-0.01,55,72215,卖盘
2638,11:00:57,13.14,0.01,73,95922,买盘
2639,11:00:54,13.13,-0.01,64,84032,卖盘
2640,11:00:51,13.14,0.01,3,3942,买盘
2641,11:00:48,13.13,-0.01,1,1313,卖盘
2642,11:00:45,13.14,--,36,47304,买盘
2643,11:00:42,13.14,--,35,45990,买盘
2644,11:00:39,13.14,0.01,29,38106,买盘
2645,11:00:33,13.13,--,5,6565,卖盘
2646,11:00:30,13.13,--,17,22321,卖盘
2647,11:00:27,13.13,--,51,66963,卖盘
2648,11:00:24,13.13,-0.01,17,22321,卖盘
2649,11:00:18,13.14,--,37,48618,买盘
2650,11:00:15,13.14,--,90,118260,买盘
2651,11:00:12,13.14,--,26,34164,买盘
2652,11:00:09,13.14,--,37,48618,买盘
2653,11:00:06,13.14,--,12,15768,买盘
2654,11:00:00,13.14,--,257,337698,卖盘
2655,10:59:57,13.14,--,38,49932,卖盘
2656,10:59:54,13.14,--,12,15768,卖盘
2657,10:59:48,13.14,--,339,445446,卖盘
2658,10:59:42,13.14,--,18,23652,卖盘
2659,10:59:39,13.14,-0.01,29,38106,卖盘
2660,10:59:36,13.15,--,22,28930,买盘
2661,10:59:33,13.15,--,26,34190,买盘
2662,10:59:30,13.15,0.02,10,13150,买盘
2663,10:59:27,13.13,-0.02,20,26260,卖盘
2664,10:59:24,13.15,--,348,457620,买盘
2665,10:59:21,13.15,0.01,14,18410,买盘
2666,10:59:18,13.14,--,24,31536,卖盘
2667,10:59:15,13.14,--,1,1314,卖盘
2668,10:59:12,13.14,--,148,194472,买盘
2669,10:59:09,13.14,0.01,44,57816,买盘
2670,10:59:06,13.13,--,50,65650,卖盘
2671,10:59:03,13.13,0.01,156,204828,买盘
2672,10:59:00,13.12,--,129,169248,卖盘
2673,10:58:57,13.12,--,17,22304,卖盘
2674,10:58:54,13.12,-0.01,96,125951,卖盘
2675,10:58:51,13.13,0.01,4,5252,买盘
2676,10:58:48,13.12,-0.01,10,13120,卖盘
2677,10:58:45,13.13,0.01,37,48581,买盘
2678,10:58:42,13.12,--,22,28864,卖盘
2679,10:58:39,13.12,-0.01,20,26240,卖盘
2680,10:58:36,13.13,0.01,143,187759,买盘
2681,10:58:33,13.12,--,4,5248,卖盘
2682,10:58:30,13.12,-0.01,3,3935,卖盘
2683,10:58:27,13.13,--,42,55146,买盘
2684,10:58:24,13.13,0.01,8,10504,买盘
2685,10:58:21,13.12,--,2,2624,卖盘
2686,10:58:18,13.12,-0.01,10,13120,卖盘
2687,10:58:15,13.13,0.02,4,5252,买盘
2688,10:58:09,13.11,--,13,17043,卖盘
2689,10:58:06,13.11,-0.01,101,132411,卖盘
2690,10:58:03,13.12,0.01,46,60352,中性盘
2691,10:58:00,13.11,--,1057,1385727,卖盘
2692,10:57:57,13.11,--,31,40641,卖盘
2693,10:57:54,13.11,-0.01,107,140906,卖盘
2694,10:57:51,13.12,--,17,22304,买盘
2695,10:57:48,13.12,--,37,48544,买盘
2696,10:57:42,13.12,--,40,52480,买盘
2697,10:57:39,13.12,--,180,236160,买盘
2698,10:57:36,13.12,--,567,743904,买盘
2699,10:57:33,13.12,0.01,119,156128,买盘
2700,10:57:30,13.11,--,18,23598,卖盘
2701,10:57:27,13.11,-0.01,95,124545,卖盘
2702,10:57:24,13.12,--,108,141696,买盘
2703,10:57:21,13.12,--,62,81344,买盘
2704,10:57:18,13.12,--,2,2624,买盘
2705,10:57:15,13.12,--,173,226976,买盘
2706,10:57:12,13.12,0.01,24,31487,买盘
2707,10:57:09,13.11,-0.01,25,32775,卖盘
2708,10:57:06,13.12,--,14,18368,买盘
2709,10:57:03,13.12,0.01,102,133824,买盘
2710,10:57:00,13.11,--,68,89148,卖盘
2711,10:56:57,13.11,-0.01,64,83904,卖盘
2712,10:56:54,13.12,0.01,30,39360,买盘
2713,10:56:48,13.11,--,102,133722,买盘
2714,10:56:45,13.11,--,20,26220,买盘
2715,10:56:42,13.11,0.01,26,34086,买盘
2716,10:56:39,13.1,--,5,6550,卖盘
2717,10:56:36,13.1,-0.01,12,15720,卖盘
2718,10:56:33,13.11,0.01,8,10488,买盘
2719,10:56:30,13.1,--,10,13100,卖盘
2720,10:56:27,13.1,--,32,41920,卖盘
2721,10:56:24,13.1,-0.01,19,24890,卖盘
2722,10:56:21,13.11,--,251,329061,卖盘
2723,10:56:18,13.11,-0.01,2,2622,卖盘
2724,10:56:15,13.12,0.01,18,23616,买盘
2725,10:56:09,13.11,-0.01,124,162564,卖盘
2726,10:56:06,13.12,0.01,13,17056,买盘
2727,10:56:03,13.11,--,31,40641,卖盘
2728,10:56:00,13.11,0.01,191,250401,买盘
2729,10:55:57,13.1,--,266,348460,卖盘
2730,10:55:54,13.1,-0.01,107,140170,卖盘
2731,10:55:51,13.11,0.01,7,9177,买盘
2732,10:55:48,13.1,-0.01,107,140170,卖盘
2733,10:55:45,13.11,0.01,118,154698,买盘
2734,10:55:42,13.1,--,34,44540,卖盘
2735,10:55:39,13.1,-0.01,77,100870,卖盘
2736,10:55:36,13.11,0.01,3,3933,买盘
2737,10:55:33,13.1,-0.01,17,22270,卖盘
2738,10:55:30,13.11,0.01,55,72105,买盘
2739,10:55:27,13.1,--,204,267240,卖盘
2740,10:55:24,13.1,-0.01,26,34060,卖盘
2741,10:55:21,13.11,0.01,18,23598,买盘
2742,10:55:18,13.1,--,10,13100,卖盘
2743,10:55:15,13.1,--,56,73360,卖盘
2744,10:55:12,13.1,--,23,30130,卖盘
2745,10:55:09,13.1,-0.01,90,117900,卖盘
2746,10:55:06,13.11,--,17,22287,买盘
2747,10:55:03,13.11,--,41,53751,买盘
2748,10:55:00,13.11,--,58,76038,买盘
2749,10:54:57,13.11,--,5,6555,买盘
2750,10:54:54,13.11,0.01,50,65550,买盘
2751,10:54:51,13.1,--,11,14410,卖盘
2752,10:54:48,13.1,--,3,3930,卖盘
2753,10:54:45,13.1,-0.01,1,1310,卖盘
2754,10:54:42,13.11,0.01,2,2622,买盘
2755,10:54:36,13.1,-0.01,12,15720,卖盘
2756,10:54:33,13.11,--,42,55062,买盘
2757,10:54:30,13.11,--,7,9177,买盘
2758,10:54:27,13.11,--,11,14421,买盘
2759,10:54:24,13.11,--,14,18354,买盘
2760,10:54:21,13.11,--,11,14421,卖盘
2761,10:54:18,13.11,--,82,107502,卖盘
2762,10:54:15,13.11,--,33,43263,卖盘
2763,10:54:12,13.11,--,22,28842,卖盘
2764,10:54:09,13.11,--,67,87837,卖盘
2765,10:54:06,13.11,--,18,23598,卖盘
2766,10:54:03,13.11,--,46,60306,卖盘
2767,10:54:00,13.11,0.01,143,187473,买盘
2768,10:53:57,13.1,-0.01,32,41920,卖盘
2769,10:53:51,13.11,--,16,20976,买盘
2770,10:53:48,13.11,0.01,19,24909,买盘
2771,10:53:45,13.1,-0.01,1002,1312620,卖盘
2772,10:53:42,13.11,--,7,9177,买盘
2773,10:53:39,13.11,0.01,13,17043,买盘
2774,10:53:36,13.1,-0.01,13,17030,卖盘
2775,10:53:33,13.11,0.01,7,9177,买盘
2776,10:53:30,13.1,--,6,7860,卖盘
2777,10:53:27,13.1,--,29,38618,买盘
2778,10:53:24,13.1,0.01,28,36680,买盘
2779,10:53:21,13.09,-0.01,20,26180,卖盘
2780,10:53:18,13.1,0.01,45,58950,买盘
2781,10:53:15,13.09,-0.01,71,92939,卖盘
2782,10:53:12,13.1,-0.01,37,49151,卖盘
2783,10:53:09,13.11,0.01,102,133722,买盘
