,time,price,change,volume,amount,type
0,15:00:03,7.2,--,12354,8894880,买盘
1,14:57:00,7.2,--,816,587520,买盘
2,14:56:57,7.2,0.01,466,335520,买盘
3,14:56:54,7.19,--,54,38826,卖盘
4,14:56:51,7.19,-0.01,258,185502,卖盘
5,14:56:48,7.2,--,289,208080,买盘
6,14:56:45,7.2,--,97,69840,买盘
7,14:56:42,7.2,--,32,23040,买盘
8,14:56:39,7.2,0.01,40,28800,买盘
9,14:56:36,7.19,-0.01,19,13661,卖盘
10,14:56:33,7.2,--,73,52560,买盘
11,14:56:30,7.2,--,317,228240,买盘
12,14:56:27,7.2,0.01,714,514080,买盘
13,14:56:24,7.19,-0.01,304,218576,卖盘
14,14:56:21,7.2,--,51,36720,买盘
15,14:56:18,7.2,0.01,64,46080,买盘
16,14:56:15,7.19,-0.01,441,317079,卖盘
17,14:56:12,7.2,--,61,43920,买盘
18,14:56:09,7.2,--,165,118800,买盘
19,14:56:06,7.2,--,439,316598,买盘
20,14:56:03,7.2,--,73,52560,买盘
21,14:56:00,7.2,--,166,119520,买盘
22,14:55:57,7.2,--,689,496080,买盘
23,14:55:54,7.2,--,51,36720,买盘
24,14:55:51,7.2,--,169,121680,卖盘
25,14:55:48,7.2,0.01,106,76320,卖盘
26,14:55:45,7.19,-0.01,834,599646,卖盘
27,14:55:42,7.2,--,494,355680,买盘
28,14:55:39,7.2,--,207,149040,买盘
29,14:55:36,7.2,-0.01,312,224640,卖盘
30,14:55:33,7.21,0.01,215,155015,买盘
31,14:55:30,7.2,-0.01,248,178560,卖盘
32,14:55:27,7.21,0.01,482,347522,买盘
33,14:55:24,7.2,-0.01,18,12960,卖盘
34,14:55:21,7.21,0.01,392,282632,买盘
35,14:55:18,7.2,--,67,48240,卖盘
36,14:55:15,7.2,-0.01,502,361440,卖盘
37,14:55:12,7.21,0.01,33,23793,买盘
38,14:55:09,7.2,--,322,231840,卖盘
39,14:55:06,7.2,--,564,406080,卖盘
40,14:55:03,7.2,-0.01,1062,764640,卖盘
41,14:55:00,7.21,--,17,12257,买盘
42,14:54:57,7.21,--,18,12978,买盘
43,14:54:54,7.21,--,130,93730,买盘
44,14:54:51,7.21,0.01,522,376362,买盘
45,14:54:48,7.2,-0.01,528,380160,卖盘
46,14:54:45,7.21,0.01,44,31724,买盘
47,14:54:42,7.2,-0.01,61,43920,卖盘
48,14:54:39,7.21,0.01,52,37492,买盘
49,14:54:36,7.2,-0.01,61,43920,卖盘
50,14:54:33,7.21,--,218,157178,买盘
51,14:54:30,7.21,--,450,324450,买盘
52,14:54:27,7.21,0.01,54,38934,买盘
53,14:54:24,7.2,--,331,238320,卖盘
54,14:54:21,7.2,-0.01,131,94320,卖盘
55,14:54:18,7.21,0.01,102,73542,买盘
56,14:54:15,7.2,--,108,77760,卖盘
57,14:54:12,7.2,--,427,307440,卖盘
58,14:54:09,7.2,--,62,44640,卖盘
59,14:54:06,7.2,--,350,252000,卖盘
60,14:54:03,7.2,--,200,144000,卖盘
61,14:54:00,7.2,--,89,64080,卖盘
62,14:53:57,7.2,--,133,95760,卖盘
63,14:53:54,7.2,0.01,1944,1399680,买盘
64,14:53:51,7.19,-0.01,170,122230,卖盘
65,14:53:48,7.2,--,228,164160,买盘
66,14:53:45,7.2,--,70,50400,买盘
67,14:53:42,7.2,--,13,9360,买盘
68,14:53:39,7.2,--,39,28080,买盘
69,14:53:36,7.2,--,5,3600,买盘
70,14:53:33,7.2,--,113,81360,买盘
71,14:53:30,7.2,--,1425,1026000,买盘
72,14:53:27,7.2,0.01,58,41760,买盘
73,14:53:24,7.19,-0.01,148,106412,卖盘
74,14:53:21,7.2,--,174,125280,买盘
75,14:53:18,7.2,0.01,979,704880,买盘
76,14:53:15,7.19,-0.01,28,20132,卖盘
77,14:53:12,7.2,--,1099,791280,买盘
78,14:53:09,7.2,--,84,60480,买盘
79,14:53:06,7.2,--,132,95040,买盘
80,14:53:03,7.2,--,23,16560,买盘
81,14:53:00,7.2,--,30,21600,买盘
82,14:52:57,7.2,0.01,85,61200,买盘
83,14:52:54,7.19,--,1086,780834,卖盘
84,14:52:51,7.19,--,47,33793,卖盘
85,14:52:48,7.19,--,32,23008,卖盘
86,14:52:45,7.19,-0.01,147,105693,卖盘
87,14:52:42,7.2,0.01,73,52560,买盘
88,14:52:39,7.19,-0.01,148,106412,卖盘
89,14:52:36,7.2,--,23,16560,买盘
90,14:52:33,7.2,--,90,64800,买盘
91,14:52:30,7.2,--,1323,952560,买盘
92,14:52:27,7.2,--,87,62640,买盘
93,14:52:24,7.2,--,226,162720,卖盘
94,14:52:21,7.2,--,2304,1658880,卖盘
95,14:52:18,7.2,--,121,87120,卖盘
96,14:52:15,7.2,--,120,86400,卖盘
97,14:52:12,7.2,-0.01,256,184320,卖盘
98,14:52:09,7.21,--,215,155015,买盘
99,14:52:06,7.21,--,28,20188,买盘
100,14:52:03,7.21,0.01,13,9373,买盘
101,14:52:00,7.2,-0.01,668,480960,卖盘
102,14:51:57,7.21,0.01,39,28119,买盘
103,14:51:54,7.2,--,63,45360,卖盘
104,14:51:51,7.2,-0.01,110,79200,卖盘
105,14:51:48,7.21,0.01,325,234325,买盘
106,14:51:45,7.2,--,333,239760,卖盘
107,14:51:42,7.2,--,51,36720,卖盘
108,14:51:39,7.2,--,15,10800,卖盘
109,14:51:36,7.2,--,167,120240,卖盘
110,14:51:33,7.2,--,62,44640,卖盘
111,14:51:30,7.2,--,50,36000,卖盘
112,14:51:27,7.2,-0.01,102,73440,卖盘
113,14:51:24,7.21,0.01,130,93730,买盘
114,14:51:21,7.2,-0.01,1,720,卖盘
115,14:51:18,7.21,--,34,24514,买盘
116,14:51:15,7.21,0.01,65,46865,买盘
117,14:51:09,7.2,-0.01,15,10800,卖盘
118,14:51:06,7.21,--,292,210532,买盘
119,14:51:03,7.21,--,33,23793,买盘
120,14:51:00,7.21,--,246,177366,买盘
121,14:50:57,7.21,0.01,100,72100,买盘
122,14:50:54,7.2,--,67,48240,卖盘
123,14:50:51,7.2,-0.01,13,9360,卖盘
124,14:50:48,7.21,--,113,81473,买盘
125,14:50:45,7.21,--,25,18025,买盘
126,14:50:42,7.21,--,1091,787238,卖盘
127,14:50:39,7.21,-0.01,77,55517,卖盘
128,14:50:36,7.22,0.01,116,83752,买盘
129,14:50:33,7.21,--,147,105987,卖盘
130,14:50:30,7.21,--,169,121849,卖盘
131,14:50:27,7.21,--,36,25956,卖盘
132,14:50:24,7.21,-0.01,23,16583,卖盘
133,14:50:21,7.22,0.01,10,7220,买盘
134,14:50:18,7.21,-0.01,136,98056,卖盘
135,14:50:15,7.22,0.01,55,39710,买盘
136,14:50:12,7.21,-0.01,1532,1104572,卖盘
137,14:50:09,7.22,0.01,56,40432,买盘
138,14:50:06,7.21,--,29,20909,卖盘
139,14:50:03,7.21,--,136,98056,卖盘
140,14:50:00,7.21,-0.01,117,84357,卖盘
141,14:49:57,7.22,0.01,103,74366,买盘
142,14:49:54,7.21,-0.01,50,36050,卖盘
143,14:49:51,7.22,--,32,23104,买盘
144,14:49:48,7.22,0.01,219,158118,买盘
145,14:49:45,7.21,-0.01,39,28119,卖盘
146,14:49:42,7.22,--,77,55594,买盘
147,14:49:39,7.22,--,22,15884,买盘
148,14:49:36,7.22,0.01,204,147288,买盘
149,14:49:33,7.21,-0.01,49,35329,卖盘
150,14:49:27,7.22,--,264,190608,买盘
151,14:49:24,7.22,0.01,322,232484,买盘
152,14:49:21,7.21,-0.01,101,72821,卖盘
153,14:49:18,7.22,--,50,36100,买盘
154,14:49:15,7.22,--,84,60648,买盘
155,14:49:12,7.22,0.01,2783,2009326,买盘
156,14:49:09,7.21,-0.01,102,73542,卖盘
157,14:49:06,7.22,--,85,61370,买盘
158,14:49:03,7.22,--,123,88806,买盘
159,14:49:00,7.22,--,26,18772,买盘
160,14:48:57,7.22,0.01,2,1444,买盘
161,14:48:54,7.21,-0.01,63,45423,卖盘
162,14:48:51,7.22,--,10,7220,买盘
163,14:48:48,7.22,--,137,98914,买盘
164,14:48:45,7.22,--,35,25270,买盘
165,14:48:42,7.22,0.01,317,228874,买盘
166,14:48:39,7.21,--,505,364105,卖盘
167,14:48:36,7.21,--,73,52633,卖盘
168,14:48:33,7.21,-0.01,20,14420,卖盘
169,14:48:30,7.22,--,7,5054,买盘
170,14:48:27,7.22,--,46,33212,买盘
171,14:48:24,7.22,--,258,186276,买盘
172,14:48:21,7.22,0.01,220,158840,买盘
173,14:48:18,7.21,--,49,35329,卖盘
174,14:48:15,7.21,--,8,5768,卖盘
175,14:48:12,7.21,--,58,41818,卖盘
176,14:48:09,7.21,-0.01,513,369873,卖盘
177,14:48:06,7.22,0.01,82,59204,买盘
178,14:48:03,7.21,--,209,150689,卖盘
179,14:48:00,7.21,-0.01,10,7210,卖盘
180,14:47:57,7.22,--,49,35378,买盘
181,14:47:51,7.22,--,287,207214,买盘
182,14:47:48,7.22,--,36,25992,买盘
183,14:47:45,7.22,-0.01,2816,2033152,卖盘
184,14:47:42,7.23,0.01,214,154722,买盘
185,14:47:39,7.22,--,20,14440,卖盘
186,14:47:36,7.22,--,410,296020,卖盘
187,14:47:33,7.22,-0.01,67,48374,卖盘
188,14:47:30,7.23,0.01,152,109896,买盘
189,14:47:27,7.22,-0.01,12,8664,卖盘
190,14:47:24,7.23,0.01,151,109173,买盘
191,14:47:21,7.22,-0.01,117,84474,卖盘
192,14:47:18,7.23,0.01,262,189426,买盘
193,14:47:15,7.22,--,79,57038,卖盘
194,14:47:12,7.22,-0.01,139,100358,卖盘
195,14:47:09,7.23,--,27,19521,买盘
196,14:47:06,7.23,--,66,47718,买盘
197,14:47:03,7.23,--,913,660099,买盘
198,14:47:00,7.23,0.01,334,241482,买盘
199,14:46:57,7.22,--,170,122740,卖盘
200,14:46:54,7.22,-0.01,2452,1770344,卖盘
201,14:46:51,7.23,--,100,72300,买盘
202,14:46:48,7.23,--,85,61455,买盘
203,14:46:45,7.23,--,66,47718,买盘
204,14:46:42,7.23,0.01,55,39765,买盘
205,14:46:39,7.22,--,397,286634,卖盘
206,14:46:36,7.22,-0.01,593,428146,卖盘
207,14:46:33,7.23,0.01,73,52779,买盘
208,14:46:30,7.22,--,21,15162,卖盘
209,14:46:27,7.22,-0.01,61,44042,卖盘
210,14:46:24,7.23,--,45,32535,买盘
211,14:46:21,7.23,0.01,148,107004,买盘
212,14:46:18,7.22,-0.01,121,87362,卖盘
213,14:46:15,7.23,--,54,39042,买盘
214,14:46:12,7.23,0.01,41,29643,买盘
215,14:46:09,7.22,-0.01,659,475798,卖盘
216,14:46:06,7.23,--,56,40488,买盘
217,14:46:03,7.23,0.01,92,66516,买盘
218,14:46:00,7.22,--,635,458470,卖盘
219,14:45:57,7.22,-0.01,38,27436,卖盘
220,14:45:54,7.23,--,7,5061,买盘
221,14:45:51,7.23,--,113,81699,买盘
222,14:45:48,7.23,--,138,99774,买盘
223,14:45:45,7.23,0.01,85,61455,买盘
224,14:45:42,7.22,-0.01,68,49096,卖盘
225,14:45:39,7.23,--,6,4338,买盘
226,14:45:36,7.23,--,74,53502,买盘
227,14:45:33,7.23,--,48,34704,买盘
228,14:45:30,7.23,0.01,128,92544,买盘
229,14:45:27,7.22,--,14,10108,卖盘
230,14:45:24,7.22,-0.01,75,54150,卖盘
231,14:45:21,7.23,0.01,507,366561,买盘
232,14:45:18,7.22,--,32,23104,卖盘
233,14:45:15,7.22,--,52,37544,卖盘
234,14:45:12,7.22,-0.01,1,722,卖盘
235,14:45:09,7.23,--,32,23136,买盘
236,14:45:06,7.23,--,65,46995,买盘
237,14:45:03,7.23,0.01,126,91098,买盘
238,14:45:00,7.22,--,665,480130,卖盘
239,14:44:57,7.22,-0.01,80,57760,卖盘
240,14:44:54,7.23,0.01,129,93267,买盘
241,14:44:51,7.22,-0.01,23,16606,卖盘
242,14:44:48,7.23,0.01,20,14460,买盘
243,14:44:45,7.22,--,101,72922,卖盘
244,14:44:42,7.22,--,872,629584,买盘
245,14:44:39,7.22,--,105,75810,买盘
246,14:44:36,7.22,--,78,56316,买盘
247,14:44:33,7.22,--,15,10830,买盘
248,14:44:30,7.22,--,79,57038,卖盘
249,14:44:27,7.22,--,27,19494,卖盘
250,14:44:24,7.22,--,90,64980,卖盘
251,14:44:21,7.22,-0.01,3431,2477182,卖盘
252,14:44:18,7.23,0.01,194,140262,买盘
253,14:44:15,7.22,-0.01,174,125628,卖盘
254,14:44:12,7.23,--,8,5784,买盘
255,14:44:09,7.23,--,183,132309,买盘
256,14:44:06,7.23,--,115,83145,买盘
257,14:44:03,7.23,--,24,17352,买盘
258,14:44:00,7.23,--,321,232083,买盘
259,14:43:57,7.23,--,157,113511,买盘
260,14:43:54,7.23,--,110,79530,买盘
261,14:43:51,7.23,--,753,544419,买盘
262,14:43:48,7.23,0.01,1287,930501,买盘
263,14:43:45,7.22,-0.01,174,125628,卖盘
264,14:43:42,7.23,0.01,507,366561,买盘
265,14:43:39,7.22,-0.01,133,96026,卖盘
266,14:43:36,7.23,--,1040,751920,买盘
267,14:43:33,7.23,0.01,889,642747,买盘
268,14:43:30,7.22,-0.01,17,12274,卖盘
269,14:43:27,7.23,--,55,39765,买盘
270,14:43:24,7.23,--,191,138093,买盘
271,14:43:21,7.23,--,110,79530,买盘
272,14:43:18,7.23,--,81,58563,买盘
273,14:43:15,7.23,--,116,83868,买盘
274,14:43:12,7.23,--,44,31812,买盘
275,14:43:09,7.23,--,71,51333,买盘
276,14:43:06,7.23,--,217,156891,买盘
277,14:43:03,7.23,--,40,28920,买盘
278,14:43:00,7.23,--,828,598644,买盘
279,14:42:57,7.23,0.01,162,117126,买盘
280,14:42:54,7.22,-0.01,168,121296,卖盘
281,14:42:51,7.23,--,256,185088,买盘
282,14:42:48,7.23,--,944,682512,买盘
283,14:42:45,7.23,--,114,82422,买盘
284,14:42:42,7.23,--,3,2169,买盘
285,14:42:39,7.23,--,89,64347,买盘
286,14:42:36,7.23,0.01,18,13014,买盘
287,14:42:33,7.22,-0.01,570,411540,卖盘
288,14:42:30,7.23,--,467,337641,买盘
289,14:42:27,7.23,--,27,19521,买盘
290,14:42:24,7.23,--,42,30366,买盘
291,14:42:21,7.23,0.01,56,40488,买盘
292,14:42:18,7.22,-0.01,39,28158,卖盘
293,14:42:15,7.23,0.01,92,66516,买盘
294,14:42:12,7.22,--,44,31768,卖盘
295,14:42:09,7.22,--,546,394212,卖盘
296,14:42:06,7.22,-0.01,6,4332,卖盘
297,14:42:03,7.23,0.01,34,24582,买盘
298,14:42:00,7.22,--,188,135736,买盘
299,14:41:57,7.22,--,242,174724,买盘
300,14:41:54,7.22,--,543,392046,买盘
301,14:41:51,7.22,--,41,29602,买盘
302,14:41:48,7.22,--,495,357390,买盘
303,14:41:45,7.22,--,631,455582,买盘
304,14:41:42,7.22,--,2113,1525586,买盘
305,14:41:39,7.22,--,121,87362,买盘
306,14:41:36,7.22,--,3664,2645408,买盘
307,14:41:33,7.22,--,20,14440,买盘
308,14:41:27,7.22,--,73,52706,买盘
309,14:41:24,7.22,--,20,14440,买盘
310,14:41:21,7.22,--,20,14440,买盘
311,14:41:18,7.22,--,278,200716,买盘
312,14:41:15,7.22,--,58,41876,买盘
313,14:41:12,7.22,--,6,4332,买盘
314,14:41:09,7.22,--,30,21660,买盘
315,14:41:06,7.22,--,18,12996,买盘
316,14:41:03,7.22,--,382,275804,买盘
317,14:41:00,7.22,0.01,38,27436,买盘
318,14:40:57,7.21,-0.01,1203,867363,卖盘
319,14:40:54,7.22,--,42,30324,买盘
320,14:40:51,7.22,--,9,6498,买盘
321,14:40:48,7.22,--,740,534280,买盘
322,14:40:45,7.22,--,10,7220,买盘
323,14:40:42,7.22,0.01,33,23826,买盘
324,14:40:39,7.21,-0.01,11,7931,卖盘
325,14:40:36,7.22,--,108,77976,买盘
326,14:40:33,7.22,--,525,379050,买盘
327,14:40:30,7.22,--,28,20216,买盘
328,14:40:27,7.22,--,140,101080,买盘
329,14:40:24,7.22,--,32,23104,买盘
330,14:40:21,7.22,--,13,9386,买盘
331,14:40:18,7.22,0.01,14,10108,买盘
332,14:40:12,7.21,--,8,5768,卖盘
333,14:40:09,7.21,--,46,33166,卖盘
334,14:40:06,7.21,-0.01,63,45423,卖盘
335,14:40:03,7.22,0.01,12,8664,买盘
336,14:40:00,7.21,-0.01,40,28840,卖盘
337,14:39:57,7.22,0.01,11,7942,买盘
338,14:39:54,7.21,--,811,584731,卖盘
339,14:39:51,7.21,-0.01,24,17304,卖盘
340,14:39:48,7.22,0.01,28,20216,买盘
341,14:39:45,7.21,-0.01,54,38934,卖盘
342,14:39:42,7.22,0.01,162,116964,买盘
343,14:39:39,7.21,--,768,553821,买盘
344,14:39:36,7.21,--,456,328776,买盘
345,14:39:33,7.21,--,520,374920,买盘
346,14:39:30,7.21,--,413,297773,买盘
347,14:39:27,7.21,--,83,59843,买盘
348,14:39:24,7.21,--,92,66332,买盘
349,14:39:21,7.21,0.01,2096,1511216,买盘
350,14:39:18,7.2,-0.01,143,102960,卖盘
351,14:39:15,7.21,0.01,6,4326,买盘
352,14:39:12,7.2,-0.01,96,69120,卖盘
353,14:39:09,7.21,--,139,100219,买盘
354,14:39:06,7.21,--,200,144200,买盘
355,14:39:03,7.21,--,65,46865,买盘
356,14:39:00,7.21,0.01,49,35329,买盘
357,14:38:57,7.2,-0.01,475,342000,卖盘
358,14:38:54,7.21,--,66,47586,买盘
359,14:38:51,7.21,--,200,144200,买盘
360,14:38:48,7.21,--,219,157899,买盘
361,14:38:45,7.21,--,22,15862,买盘
362,14:38:42,7.21,--,2174,1567454,买盘
363,14:38:39,7.21,--,349,251629,买盘
364,14:38:33,7.21,--,437,315077,买盘
365,14:38:30,7.21,--,2097,1511937,买盘
366,14:38:27,7.21,--,184,132664,买盘
367,14:38:24,7.21,--,36,25956,买盘
368,14:38:21,7.21,--,37,26677,买盘
369,14:38:18,7.21,0.01,613,441973,买盘
370,14:38:15,7.2,--,177,127440,卖盘
371,14:38:12,7.2,--,7,5040,卖盘
372,14:38:09,7.2,-0.01,13,9360,卖盘
373,14:38:06,7.21,--,15,10815,买盘
374,14:38:03,7.21,--,38,27398,买盘
375,14:38:00,7.21,0.01,301,217021,买盘
376,14:37:57,7.2,-0.01,255,183600,卖盘
377,14:37:54,7.21,0.01,105,75705,买盘
378,14:37:51,7.2,-0.01,121,87120,卖盘
379,14:37:45,7.21,--,11,7931,买盘
380,14:37:42,7.21,0.01,18,12978,买盘
381,14:37:39,7.2,-0.01,154,110880,卖盘
382,14:37:36,7.21,--,56,40376,买盘
383,14:37:33,7.21,--,36,25956,买盘
384,14:37:30,7.21,0.01,11,7931,买盘
385,14:37:27,7.2,-0.01,227,163440,卖盘
386,14:37:24,7.21,--,34,24514,买盘
387,14:37:21,7.21,--,44,31724,买盘
388,14:37:18,7.21,0.01,677,488117,买盘
389,14:37:15,7.2,--,14,10080,卖盘
390,14:37:12,7.2,-0.01,20,14400,卖盘
391,14:37:09,7.21,0.01,37,26677,买盘
392,14:37:06,7.2,-0.01,28,20160,卖盘
393,14:37:03,7.21,0.01,61,43981,买盘
394,14:37:00,7.2,-0.01,30,21600,卖盘
395,14:36:57,7.21,0.01,19,13699,买盘
396,14:36:54,7.2,--,637,458640,卖盘
397,14:36:51,7.2,--,51,36720,卖盘
398,14:36:48,7.2,--,46,33120,卖盘
399,14:36:45,7.2,-0.01,223,160560,卖盘
400,14:36:42,7.21,0.01,45,32445,买盘
401,14:36:39,7.2,-0.01,11,7920,卖盘
402,14:36:36,7.21,0.01,67,48307,买盘
403,14:36:33,7.2,--,1,720,卖盘
404,14:36:27,7.2,--,193,138960,卖盘
405,14:36:24,7.2,-0.01,1,720,卖盘
406,14:36:21,7.21,--,8,5768,买盘
407,14:36:18,7.21,0.01,252,181692,买盘
408,14:36:15,7.2,-0.01,2,1440,卖盘
409,14:36:12,7.21,--,17,12257,买盘
410,14:36:09,7.21,0.01,150,108150,买盘
411,14:36:06,7.2,--,108,77760,卖盘
412,14:36:03,7.2,-0.01,555,399600,卖盘
413,14:35:57,7.21,0.01,6,4326,买盘
414,14:35:54,7.2,--,366,263520,卖盘
415,14:35:51,7.2,--,6,4320,卖盘
416,14:35:48,7.2,--,113,81360,卖盘
417,14:35:45,7.2,-0.01,20,14400,卖盘
418,14:35:42,7.21,0.01,13,9373,买盘
419,14:35:39,7.2,--,983,707760,买盘
420,14:35:36,7.2,--,215,154800,买盘
421,14:35:33,7.2,--,12,8640,买盘
422,14:35:30,7.2,--,73,52560,买盘
423,14:35:27,7.2,--,1134,816480,卖盘
424,14:35:24,7.2,-0.01,93,66960,卖盘
425,14:35:21,7.21,0.01,137,98777,买盘
426,14:35:18,7.2,--,447,321840,卖盘
427,14:35:15,7.2,--,680,489600,买盘
428,14:35:12,7.2,--,18,12960,买盘
429,14:35:09,7.2,--,678,488160,买盘
430,14:35:06,7.2,--,61,43920,买盘
431,14:35:03,7.2,--,57,41040,买盘
432,14:35:00,7.2,0.01,241,173520,买盘
433,14:34:57,7.19,--,60,43140,卖盘
434,14:34:54,7.19,-0.01,10,7190,卖盘
435,14:34:51,7.2,0.01,62,44640,买盘
436,14:34:48,7.19,-0.01,223,160337,卖盘
437,14:34:45,7.2,0.01,65,46800,买盘
438,14:34:42,7.19,-0.01,14,10066,卖盘
439,14:34:39,7.2,--,52,37440,买盘
440,14:34:36,7.2,--,271,195120,卖盘
441,14:34:33,7.2,0.01,96,69120,买盘
442,14:34:30,7.19,-0.01,267,191973,卖盘
443,14:34:27,7.2,0.01,24,17280,买盘
444,14:34:21,7.19,-0.01,1,719,卖盘
445,14:34:18,7.2,0.01,24,17280,买盘
446,14:34:15,7.19,-0.01,796,572324,卖盘
447,14:34:12,7.2,--,67,48240,买盘
448,14:34:06,7.2,--,111,79920,买盘
449,14:34:03,7.2,--,1,720,买盘
450,14:34:00,7.2,--,158,113760,买盘
451,14:33:57,7.2,--,114,82080,买盘
452,14:33:54,7.2,--,50,36000,买盘
453,14:33:51,7.2,--,307,221040,买盘
454,14:33:48,7.2,--,281,202320,买盘
455,14:33:45,7.2,--,417,300240,买盘
456,14:33:42,7.2,0.01,755,543600,买盘
457,14:33:39,7.19,-0.01,112,80528,卖盘
458,14:33:36,7.2,--,116,83520,买盘
459,14:33:30,7.2,0.01,215,154800,买盘
460,14:33:27,7.19,-0.01,2143,1540817,卖盘
461,14:33:24,7.2,--,36,25920,买盘
462,14:33:21,7.2,--,179,128880,买盘
463,14:33:18,7.2,--,5,3600,买盘
464,14:33:15,7.2,--,4,2880,买盘
465,14:33:12,7.2,--,110,79200,买盘
466,14:33:09,7.2,--,19,13680,买盘
467,14:33:06,7.2,--,146,105120,买盘
468,14:33:03,7.2,0.01,36,25920,买盘
469,14:32:57,7.19,--,62,44578,卖盘
470,14:32:54,7.19,--,761,547159,卖盘
471,14:32:51,7.19,-0.01,1,719,卖盘
472,14:32:48,7.2,--,2,1440,买盘
473,14:32:45,7.2,0.01,56,40320,买盘
474,14:32:42,7.19,-0.01,5,3595,卖盘
475,14:32:39,7.2,--,1,720,买盘
476,14:32:36,7.2,0.01,161,115920,买盘
477,14:32:33,7.19,-0.01,66,47454,卖盘
478,14:32:30,7.2,0.01,11,7920,买盘
479,14:32:27,7.19,-0.01,1,719,卖盘
480,14:32:21,7.2,--,129,92880,买盘
481,14:32:18,7.2,--,79,56880,买盘
482,14:32:12,7.2,--,5,3600,买盘
483,14:32:09,7.2,--,20,14400,买盘
484,14:32:06,7.2,--,135,97200,买盘
485,14:32:03,7.2,--,39,28080,买盘
486,14:32:00,7.2,--,78,56160,买盘
487,14:31:54,7.2,--,103,74160,买盘
488,14:31:51,7.2,--,85,61200,买盘
489,14:31:48,7.2,--,1051,756720,买盘
490,14:31:45,7.2,--,6,4320,买盘
491,14:31:42,7.2,0.01,113,81360,买盘
492,14:31:39,7.19,-0.01,87,62553,卖盘
493,14:31:36,7.2,--,3,2160,买盘
494,14:31:33,7.2,--,123,88560,买盘
495,14:31:30,7.2,0.01,12,8640,买盘
496,14:31:27,7.19,-0.01,36,25884,卖盘
497,14:31:24,7.2,--,79,56880,买盘
498,14:31:21,7.2,--,1000,720000,买盘
499,14:31:18,7.2,0.01,13,9360,买盘
500,14:31:15,7.19,-0.01,71,51049,卖盘
501,14:31:12,7.2,0.01,101,72720,买盘
502,14:31:09,7.19,-0.01,46,33074,卖盘
503,14:31:06,7.2,--,6,4320,买盘
504,14:31:03,7.2,--,5,3600,买盘
505,14:31:00,7.2,--,29,20880,买盘
506,14:30:57,7.2,--,53,38160,买盘
507,14:30:54,7.2,0.01,1600,1152000,买盘
508,14:30:51,7.19,-0.01,26,18694,卖盘
509,14:30:48,7.2,--,61,43920,买盘
510,14:30:45,7.2,--,245,176400,买盘
511,14:30:42,7.2,--,2,1440,买盘
512,14:30:39,7.2,--,230,165600,买盘
513,14:30:36,7.2,--,252,181440,买盘
514,14:30:33,7.2,--,20,14400,买盘
515,14:30:27,7.2,--,9,6480,买盘
516,14:30:21,7.2,--,11,7920,买盘
517,14:30:18,7.2,--,11,7920,买盘
518,14:30:15,7.2,--,56,40320,买盘
519,14:30:12,7.2,--,8,5760,买盘
520,14:30:09,7.2,--,103,74160,买盘
521,14:30:06,7.2,0.01,14,10080,买盘
522,14:30:03,7.19,-0.01,432,310608,卖盘
523,14:30:00,7.2,--,46,33120,买盘
524,14:29:57,7.2,--,18,12960,买盘
525,14:29:51,7.2,--,173,124560,买盘
526,14:29:48,7.2,--,1,720,买盘
527,14:29:45,7.2,--,27,19440,买盘
528,14:29:42,7.2,--,1273,916560,买盘
529,14:29:39,7.2,--,35,25200,买盘
530,14:29:36,7.2,--,2,1440,买盘
531,14:29:30,7.2,--,136,97920,卖盘
532,14:29:27,7.2,--,182,131040,卖盘
533,14:29:24,7.2,-0.01,37,26640,卖盘
534,14:29:21,7.21,--,2,1442,买盘
535,14:29:18,7.21,0.01,24,17304,买盘
536,14:29:15,7.2,--,212,152640,卖盘
537,14:29:12,7.2,-0.01,108,77760,卖盘
538,14:29:09,7.21,--,14,10094,买盘
539,14:29:06,7.21,0.01,51,36771,买盘
540,14:29:03,7.2,-0.01,165,118800,卖盘
541,14:29:00,7.21,0.01,1,721,买盘
542,14:28:57,7.2,--,20,14400,卖盘
543,14:28:54,7.2,-0.01,95,68400,卖盘
544,14:28:51,7.21,0.01,14,10094,买盘
545,14:28:48,7.2,-0.01,168,120960,卖盘
546,14:28:45,7.21,0.02,170,122570,买盘
547,14:28:42,7.19,-0.01,1674,1203606,卖盘
548,14:28:39,7.2,--,14,10080,买盘
549,14:28:36,7.2,--,92,66240,买盘
550,14:28:33,7.2,--,67,48240,买盘
551,14:28:30,7.2,--,49,35280,卖盘
552,14:28:27,7.2,--,138,99360,卖盘
553,14:28:24,7.2,--,162,116640,卖盘
554,14:28:21,7.2,--,10,7200,卖盘
555,14:28:18,7.2,--,35,25200,卖盘
556,14:28:15,7.2,-0.01,11,7920,卖盘
557,14:28:12,7.21,0.01,5,3605,买盘
558,14:28:09,7.2,-0.01,100,72000,卖盘
559,14:28:06,7.21,--,36,25956,买盘
560,14:28:03,7.21,--,251,180971,买盘
561,14:28:00,7.21,0.01,5,3605,买盘
562,14:27:54,7.2,--,61,43920,卖盘
563,14:27:51,7.2,-0.01,21,15120,卖盘
564,14:27:48,7.21,0.02,66,47586,买盘
565,14:27:45,7.19,-0.02,1675,1204325,卖盘
566,14:27:42,7.21,0.01,383,276143,买盘
567,14:27:39,7.2,--,37,26640,买盘
568,14:27:36,7.2,--,117,84240,买盘
569,14:27:33,7.2,--,50,36000,卖盘
570,14:27:30,7.2,--,79,56880,卖盘
571,14:27:27,7.2,--,22,15840,卖盘
572,14:27:24,7.2,-0.01,8,5760,卖盘
573,14:27:21,7.21,0.01,1,721,买盘
574,14:27:18,7.2,0.01,159,114480,卖盘
575,14:27:15,7.19,--,335,240865,卖盘
576,14:27:12,7.19,-0.01,1,719,卖盘
577,14:27:09,7.2,--,21,15120,买盘
578,14:27:06,7.2,-0.01,105,75600,中性盘
579,14:27:03,7.21,0.01,41,29561,买盘
580,14:27:00,7.2,-0.01,28,20160,卖盘
581,14:26:57,7.21,0.01,208,149968,买盘
582,14:26:54,7.2,--,510,367200,卖盘
583,14:26:51,7.2,--,9,6480,卖盘
584,14:26:48,7.2,--,160,115200,卖盘
585,14:26:45,7.2,--,275,198000,买盘
586,14:26:42,7.2,--,56,40320,买盘
587,14:26:39,7.2,--,56,40320,买盘
588,14:26:36,7.2,--,1,720,买盘
589,14:26:33,7.2,--,116,83520,买盘
590,14:26:30,7.2,--,1,720,买盘
591,14:26:27,7.2,--,76,54720,买盘
592,14:26:21,7.2,--,8,5760,买盘
593,14:26:18,7.2,--,34,24480,买盘
594,14:26:15,7.2,--,41,29520,买盘
595,14:26:12,7.2,--,21,15120,买盘
596,14:26:06,7.2,--,401,288720,买盘
597,14:26:03,7.2,--,5,3600,买盘
598,14:26:00,7.2,--,10,7200,买盘
599,14:25:57,7.2,0.01,30,21600,买盘
600,14:25:54,7.19,-0.01,202,145238,卖盘
601,14:25:51,7.2,--,325,234000,买盘
602,14:25:48,7.2,--,1,720,买盘
603,14:25:45,7.2,--,29,20880,买盘
604,14:25:42,7.2,--,28,20160,买盘
605,14:25:39,7.2,--,800,576000,买盘
606,14:25:36,7.2,--,107,77040,买盘
607,14:25:33,7.2,--,80,57600,买盘
608,14:25:30,7.2,0.01,85,61200,买盘
609,14:25:27,7.19,-0.01,173,124387,卖盘
610,14:25:24,7.2,-0.01,3,2160,卖盘
611,14:25:21,7.21,0.01,176,126896,买盘
612,14:25:18,7.2,--,71,51120,买盘
613,14:25:15,7.2,--,13,9360,买盘
614,14:25:12,7.2,-0.01,903,650160,卖盘
615,14:25:09,7.21,0.01,5,3605,买盘
616,14:25:06,7.2,-0.01,45,32400,卖盘
617,14:25:03,7.21,0.01,23,16583,买盘
618,14:25:00,7.2,-0.01,3,2160,卖盘
619,14:24:54,7.21,--,91,65611,买盘
620,14:24:48,7.21,--,68,49028,买盘
621,14:24:45,7.21,--,53,38213,买盘
622,14:24:42,7.21,--,41,29561,买盘
623,14:24:39,7.21,0.01,16,11536,买盘
624,14:24:36,7.2,--,103,74160,卖盘
625,14:24:30,7.2,-0.01,23,16560,中性盘
626,14:24:27,7.21,0.01,1203,867363,买盘
627,14:24:24,7.2,--,23,16560,买盘
628,14:24:21,7.2,-0.01,182,131040,卖盘
629,14:24:18,7.21,0.01,7,5047,买盘
630,14:24:15,7.2,--,146,105120,卖盘
631,14:24:12,7.2,-0.01,68,48960,卖盘
632,14:24:06,7.21,--,83,59843,买盘
633,14:24:03,7.21,--,43,31003,买盘
634,14:23:57,7.21,0.01,11,7931,买盘
635,14:23:54,7.2,-0.01,37,26640,卖盘
636,14:23:51,7.21,0.01,74,53354,买盘
637,14:23:48,7.2,--,10,7200,卖盘
638,14:23:45,7.2,-0.01,22,15840,卖盘
639,14:23:42,7.21,0.01,22,15862,买盘
640,14:23:39,7.2,--,86,61920,卖盘
641,14:23:36,7.2,--,40,28800,卖盘
642,14:23:33,7.2,--,56,40320,卖盘
643,14:23:30,7.2,--,25,18000,卖盘
644,14:23:27,7.2,--,30,21600,卖盘
645,14:23:24,7.2,-0.01,14,10080,卖盘
646,14:23:21,7.21,0.01,1,721,买盘
647,14:23:18,7.2,--,23,16560,买盘
648,14:23:15,7.2,--,31,22320,买盘
649,14:23:06,7.2,-0.01,22,15840,卖盘
650,14:23:03,7.21,0.01,205,147805,买盘
651,14:23:00,7.2,-0.01,173,124560,卖盘
652,14:22:57,7.21,0.01,100,72100,买盘
653,14:22:54,7.2,--,100,72000,买盘
654,14:22:51,7.2,--,32,23040,买盘
655,14:22:48,7.2,--,26,18720,买盘
656,14:22:45,7.2,--,1286,925920,卖盘
657,14:22:42,7.2,-0.01,130,93600,卖盘
658,14:22:39,7.21,--,11,7931,买盘
659,14:22:36,7.21,--,43,31003,买盘
660,14:22:33,7.21,--,24,17304,买盘
661,14:22:30,7.21,--,20,14420,买盘
662,14:22:27,7.21,0.01,8,5768,买盘
663,14:22:24,7.2,-0.01,84,60480,卖盘
664,14:22:21,7.21,0.01,21,15141,买盘
665,14:22:18,7.2,--,52,37440,卖盘
666,14:22:15,7.2,--,192,138240,卖盘
667,14:22:12,7.2,-0.01,11,7920,卖盘
668,14:22:09,7.21,0.01,20,14420,买盘
669,14:22:06,7.2,-0.01,26,18720,卖盘
670,14:22:03,7.21,--,8,5768,买盘
671,14:22:00,7.21,0.01,91,65611,买盘
672,14:21:57,7.2,-0.01,35,25200,卖盘
673,14:21:48,7.21,--,23,16583,买盘
674,14:21:45,7.21,--,87,62727,买盘
675,14:21:42,7.21,0.01,149,107429,买盘
676,14:21:39,7.2,--,300,216000,卖盘
677,14:21:36,7.2,-0.01,41,29520,卖盘
678,14:21:27,7.21,--,23,16583,买盘
679,14:21:24,7.21,0.01,60,43260,买盘
680,14:21:21,7.2,-0.01,17,12240,卖盘
681,14:21:18,7.21,0.01,91,65611,买盘
682,14:21:15,7.2,-0.01,35,25200,卖盘
683,14:21:12,7.21,0.01,253,182413,买盘
684,14:21:09,7.2,0.01,129,92880,买盘
685,14:21:06,7.19,-0.01,81,58239,卖盘
686,14:21:03,7.2,--,66,47520,买盘
687,14:21:00,7.2,--,15,10800,买盘
688,14:20:57,7.2,--,164,118080,买盘
689,14:20:48,7.2,--,22,15840,买盘
690,14:20:45,7.2,--,91,65520,买盘
691,14:20:42,7.2,--,26,18720,买盘
692,14:20:39,7.2,--,275,198000,卖盘
693,14:20:36,7.2,-0.01,56,40320,卖盘
694,14:20:33,7.21,--,33,23793,买盘
695,14:20:30,7.21,--,24,17304,买盘
696,14:20:27,7.21,0.01,111,80031,买盘
697,14:20:24,7.2,--,14,10080,买盘
698,14:20:21,7.2,-0.01,15,10800,中性盘
699,14:20:18,7.21,--,820,591263,买盘
700,14:20:15,7.21,--,225,162225,买盘
701,14:20:12,7.21,0.01,69,49749,买盘
702,14:20:09,7.2,--,56,40320,卖盘
703,14:20:06,7.2,-0.01,39,28080,卖盘
704,14:20:03,7.21,--,89,64169,买盘
705,14:20:00,7.21,--,44,31724,买盘
706,14:19:57,7.21,0.01,4,2884,买盘
707,14:19:54,7.2,--,93,66960,卖盘
708,14:19:51,7.2,-0.01,36,25920,卖盘
709,14:19:48,7.21,0.01,50,36050,买盘
710,14:19:45,7.2,-0.01,110,79200,卖盘
711,14:19:42,7.21,--,549,395829,买盘
712,14:19:39,7.21,--,60,43260,买盘
713,14:19:36,7.21,0.01,42,30282,买盘
714,14:19:33,7.2,-0.01,30,21600,卖盘
715,14:19:30,7.21,--,36,25956,买盘
716,14:19:24,7.21,--,17,12257,买盘
717,14:19:21,7.21,0.01,520,375597,买盘
718,14:19:18,7.2,--,87,62640,买盘
719,14:19:15,7.2,0.01,317,228240,买盘
720,14:19:12,7.19,-0.01,211,151709,卖盘
721,14:19:09,7.2,0.01,202,145440,买盘
722,14:19:06,7.19,-0.01,160,115040,卖盘
723,14:19:03,7.2,--,155,111600,买盘
724,14:19:00,7.2,--,132,95040,买盘
725,14:18:57,7.2,--,669,481680,买盘
726,14:18:54,7.2,--,112,80640,买盘
727,14:18:51,7.2,--,32,23040,买盘
728,14:18:48,7.2,--,129,92880,买盘
729,14:18:45,7.2,--,462,332640,买盘
730,14:18:42,7.2,--,5,3600,买盘
731,14:18:39,7.2,--,65,46800,买盘
732,14:18:36,7.2,--,333,239760,买盘
733,14:18:33,7.2,--,60,43200,买盘
734,14:18:30,7.2,--,487,350640,买盘
735,14:18:27,7.2,--,287,206640,买盘
736,14:18:24,7.2,--,28,20160,买盘
737,14:18:21,7.2,0.01,20,14400,买盘
738,14:18:18,7.19,-0.01,184,132296,卖盘
739,14:18:15,7.2,--,315,226800,买盘
740,14:18:12,7.2,--,23,16560,买盘
741,14:18:09,7.2,0.01,2221,1599120,买盘
742,14:18:06,7.19,-0.01,26,18694,卖盘
743,14:18:03,7.2,--,45,32400,买盘
744,14:18:00,7.2,--,104,74880,买盘
745,14:17:57,7.2,--,84,60480,买盘
746,14:17:54,7.2,--,2,1440,买盘
747,14:17:51,7.2,0.01,86,61920,买盘
748,14:17:48,7.19,-0.01,138,99222,卖盘
749,14:17:45,7.2,--,313,225360,买盘
750,14:17:42,7.2,--,1,720,买盘
751,14:17:36,7.2,0.01,60,43200,买盘
752,14:17:33,7.19,--,21,15099,卖盘
753,14:17:30,7.19,--,21,15099,卖盘
754,14:17:27,7.19,-0.01,156,112164,卖盘
755,14:17:24,7.2,--,184,132480,买盘
756,14:17:21,7.2,--,35,25200,买盘
757,14:17:18,7.2,--,49,35280,买盘
758,14:17:12,7.2,0.02,328,236498,买盘
759,14:17:09,7.18,-0.01,6067,4356486,卖盘
760,14:17:06,7.19,-0.01,321,230799,买盘
761,14:17:03,7.2,0.01,698,502560,买盘
762,14:17:00,7.19,--,228,163932,卖盘
763,14:16:57,7.19,-0.01,161,115759,卖盘
764,14:16:54,7.2,--,104,74880,买盘
765,14:16:51,7.2,0.01,4,2880,买盘
766,14:16:48,7.19,-0.01,42,30198,卖盘
767,14:16:45,7.2,0.01,105,75600,买盘
768,14:16:42,7.19,0.01,10087,7252553,买盘
769,14:16:39,7.18,--,69,49542,卖盘
770,14:16:36,7.18,-0.01,98,70364,卖盘
771,14:16:33,7.19,--,164,117916,卖盘
772,14:16:30,7.19,--,158,113602,卖盘
773,14:16:27,7.19,--,93,66867,卖盘
774,14:16:24,7.19,-0.01,101,72619,卖盘
775,14:16:21,7.2,--,183,131760,买盘
776,14:16:18,7.2,0.01,32,23040,买盘
777,14:16:15,7.19,--,37,26603,卖盘
778,14:16:12,7.19,--,1,719,卖盘
779,14:16:09,7.19,-0.01,1,719,卖盘
780,14:16:06,7.2,0.01,71,51120,买盘
781,14:16:03,7.19,--,171,122949,买盘
782,14:15:57,7.19,0.01,1,719,买盘
783,14:15:54,7.18,-0.01,40,28720,卖盘
784,14:15:51,7.19,-0.01,271,194849,卖盘
785,14:15:48,7.2,0.01,1788,1287360,买盘
786,14:15:45,7.19,-0.01,397,285443,卖盘
787,14:15:42,7.2,0.01,5,3600,买盘
788,14:15:39,7.19,--,29,20851,卖盘
789,14:15:36,7.19,-0.01,54,38826,卖盘
790,14:15:33,7.2,0.01,194,139680,买盘
791,14:15:30,7.19,--,66,47454,卖盘
792,14:15:27,7.19,--,139,99941,卖盘
793,14:15:24,7.19,--,100,71900,卖盘
794,14:15:21,7.19,--,14,10066,卖盘
795,14:15:18,7.19,--,86,61834,卖盘
796,14:15:15,7.19,--,219,157461,卖盘
797,14:15:12,7.19,--,84,60396,卖盘
798,14:15:09,7.19,-0.01,37,26603,卖盘
799,14:15:06,7.2,0.01,259,186480,买盘
800,14:15:03,7.19,--,210,150990,买盘
801,14:15:00,7.19,--,116,83404,卖盘
802,14:14:57,7.19,--,323,232237,卖盘
803,14:14:54,7.19,--,134,96346,卖盘
804,14:14:51,7.19,--,115,82685,卖盘
805,14:14:48,7.19,-0.01,82,58958,卖盘
806,14:14:45,7.2,--,220,158400,买盘
807,14:14:42,7.2,0.01,31,22320,买盘
808,14:14:39,7.19,--,10,7190,卖盘
809,14:14:36,7.19,--,40,28760,卖盘
810,14:14:33,7.19,--,15,10785,卖盘
811,14:14:30,7.19,--,25,17975,卖盘
812,14:14:27,7.19,--,49,35231,买盘
813,14:14:24,7.19,--,127,91313,买盘
814,14:14:21,7.19,--,96,69024,买盘
815,14:14:18,7.19,--,189,135891,买盘
816,14:14:15,7.19,-0.01,688,494672,卖盘
817,14:14:12,7.2,0.01,1,720,买盘
818,14:14:09,7.19,-0.01,2,1438,卖盘
819,14:14:06,7.2,--,24,17280,买盘
820,14:14:03,7.2,--,41,29520,买盘
821,14:14:00,7.2,0.01,105,75600,买盘
822,14:13:57,7.19,--,99,71181,卖盘
823,14:13:54,7.19,-0.01,161,115759,卖盘
824,14:13:48,7.2,--,1,720,买盘
825,14:13:45,7.2,--,291,209520,买盘
826,14:13:42,7.2,0.01,402,289440,买盘
827,14:13:39,7.19,--,54,38826,卖盘
828,14:13:36,7.19,--,89,63991,卖盘
829,14:13:33,7.19,--,206,148114,买盘
830,14:13:30,7.19,0.01,21,15099,买盘
831,14:13:27,7.18,-0.01,53,38054,卖盘
832,14:13:24,7.19,--,27,19413,买盘
833,14:13:21,7.19,--,36,25884,买盘
834,14:13:18,7.19,--,32,23008,买盘
835,14:13:15,7.19,--,1,719,买盘
836,14:13:12,7.19,--,21,15099,买盘
837,14:13:09,7.19,--,262,188378,买盘
838,14:13:06,7.19,-0.01,1086,780834,卖盘
839,14:13:03,7.2,--,43,30960,买盘
840,14:12:57,7.2,--,1,720,买盘
841,14:12:54,7.2,--,1,720,买盘
842,14:12:51,7.2,--,109,78480,买盘
843,14:12:48,7.2,0.01,418,300960,买盘
844,14:12:45,7.19,--,12,8628,卖盘
845,14:12:42,7.19,-0.01,72,51768,卖盘
846,14:12:39,7.2,0.01,24,17280,买盘
847,14:12:36,7.19,--,82,58958,卖盘
848,14:12:33,7.19,--,56,40264,卖盘
849,14:12:30,7.19,--,71,51049,卖盘
850,14:12:27,7.19,--,3,2157,卖盘
851,14:12:24,7.19,-0.01,26,18694,卖盘
852,14:12:21,7.2,--,22,15840,买盘
853,14:12:18,7.2,0.01,16,11520,买盘
854,14:12:15,7.19,--,5,3595,卖盘
855,14:12:12,7.19,--,248,178312,买盘
856,14:12:09,7.19,--,232,166808,卖盘
857,14:12:06,7.19,--,257,184783,卖盘
858,14:12:03,7.19,--,70,50330,卖盘
859,14:12:00,7.19,-0.01,391,281129,卖盘
860,14:11:57,7.2,0.01,160,115200,买盘
861,14:11:54,7.19,--,205,147395,卖盘
862,14:11:51,7.19,-0.01,103,74057,卖盘
863,14:11:45,7.2,--,54,38880,买盘
864,14:11:42,7.2,--,2,1440,买盘
865,14:11:39,7.2,0.01,20,14400,买盘
866,14:11:36,7.19,-0.01,317,227923,卖盘
867,14:11:33,7.2,--,15,10800,买盘
868,14:11:27,7.2,0.01,7,5040,买盘
869,14:11:24,7.19,--,664,477416,买盘
870,14:11:21,7.19,0.01,17,12223,买盘
871,14:11:18,7.18,-0.01,25,17950,卖盘
872,14:11:15,7.19,--,24,17256,买盘
873,14:11:12,7.19,0.01,1,719,买盘
874,14:11:09,7.18,-0.01,50,35900,卖盘
875,14:11:06,7.19,--,136,97784,买盘
876,14:10:57,7.19,--,65,46735,买盘
877,14:10:51,7.19,0.01,100,71900,买盘
878,14:10:48,7.18,-0.01,1,718,卖盘
879,14:10:45,7.19,--,1,719,买盘
880,14:10:42,7.19,0.01,88,63272,买盘
881,14:10:39,7.18,-0.01,5,3590,卖盘
882,14:10:36,7.19,--,13,9347,买盘
883,14:10:33,7.19,0.01,70,50330,买盘
884,14:10:30,7.18,-0.01,210,150780,卖盘
885,14:10:27,7.19,0.01,161,115759,买盘
886,14:10:24,7.18,-0.01,601,431518,卖盘
887,14:10:21,7.19,0.01,203,145957,买盘
888,14:10:18,7.18,--,1,718,卖盘
889,14:10:15,7.18,-0.01,41,29438,卖盘
890,14:10:12,7.19,--,6,4314,买盘
891,14:10:09,7.19,0.01,100,71900,买盘
892,14:10:06,7.18,--,124,89032,卖盘
893,14:10:03,7.18,-0.01,38,27284,卖盘
894,14:10:00,7.19,0.01,12,8628,买盘
895,14:09:57,7.18,-0.01,2,1436,卖盘
896,14:09:54,7.19,--,60,43140,买盘
897,14:09:51,7.19,--,4,2876,买盘
898,14:09:48,7.19,--,39,28041,买盘
899,14:09:42,7.19,0.01,1,719,买盘
900,14:09:36,7.18,--,4,2872,卖盘
901,14:09:33,7.18,-0.01,32,22976,卖盘
902,14:09:21,7.19,--,21,15099,买盘
903,14:09:18,7.19,--,14,10066,买盘
904,14:09:15,7.19,--,1,719,买盘
905,14:09:12,7.19,0.01,18,12942,买盘
906,14:09:06,7.18,-0.01,30,21540,卖盘
907,14:09:03,7.19,0.01,29,20851,买盘
908,14:09:00,7.18,-0.01,231,165858,卖盘
909,14:08:51,7.19,--,11,7909,买盘
910,14:08:48,7.19,--,46,33074,买盘
911,14:08:45,7.19,0.01,1,719,买盘
912,14:08:42,7.18,-0.01,58,41644,卖盘
913,14:08:33,7.19,--,124,89156,卖盘
914,14:08:30,7.19,--,105,75495,卖盘
915,14:08:27,7.19,--,1,719,卖盘
916,14:08:24,7.19,--,430,309170,买盘
917,14:08:21,7.19,--,3634,2612846,买盘
918,14:08:18,7.19,--,40,28760,买盘
919,14:08:15,7.19,--,75,53925,买盘
920,14:08:12,7.19,--,9,6471,买盘
921,14:08:09,7.19,--,633,455127,卖盘
922,14:08:06,7.19,-0.01,23,16537,卖盘
923,14:08:00,7.2,--,84,60480,买盘
924,14:07:57,7.2,0.01,114,82080,买盘
925,14:07:54,7.19,--,1102,792338,卖盘
926,14:07:51,7.19,--,51,36669,卖盘
927,14:07:45,7.19,--,35,25165,卖盘
928,14:07:42,7.19,-0.01,52,37388,卖盘
929,14:07:39,7.2,0.01,102,73440,买盘
930,14:07:36,7.19,-0.01,8,5752,卖盘
931,14:07:33,7.2,0.01,33,23760,买盘
932,14:07:30,7.19,-0.01,915,657885,卖盘
933,14:07:27,7.2,--,51,36720,买盘
934,14:07:24,7.2,--,6,4320,买盘
935,14:07:21,7.2,--,308,221760,买盘
936,14:07:18,7.2,0.01,3,2160,买盘
937,14:07:15,7.19,--,62,44578,卖盘
938,14:07:12,7.19,-0.01,96,69024,卖盘
939,14:07:09,7.2,0.01,11,7920,买盘
940,14:07:06,7.19,-0.01,40,28760,卖盘
941,14:07:03,7.2,--,412,296640,买盘
942,14:07:00,7.2,--,605,435600,买盘
943,14:06:51,7.2,--,53,38160,买盘
944,14:06:48,7.2,0.01,42,30240,买盘
945,14:06:45,7.19,--,20,14380,卖盘
946,14:06:42,7.19,-0.01,103,74057,卖盘
947,14:06:33,7.2,--,10,7200,买盘
948,14:06:30,7.2,--,29,20880,买盘
949,14:06:27,7.2,0.01,9,6480,买盘
950,14:06:24,7.19,-0.01,602,432838,卖盘
951,14:06:21,7.2,--,67,48240,买盘
952,14:06:18,7.2,0.01,152,109440,买盘
953,14:06:12,7.19,--,1,719,卖盘
954,14:06:09,7.19,--,15,10785,卖盘
955,14:06:06,7.19,-0.01,30,21570,卖盘
956,14:06:03,7.2,0.01,28,20160,买盘
957,14:06:00,7.19,-0.01,47,33793,卖盘
958,14:05:57,7.2,0.01,6,4320,买盘
959,14:05:54,7.19,--,89,64134,中性盘
960,14:05:51,7.19,--,55,39545,卖盘
961,14:05:48,7.19,-0.01,45,32355,卖盘
962,14:05:42,7.2,0.02,183,131760,买盘
963,14:05:39,7.18,-0.01,93,66774,卖盘
964,14:05:36,7.19,--,66,47454,买盘
965,14:05:33,7.19,0.01,159,114321,买盘
966,14:05:30,7.18,-0.01,6,4308,卖盘
967,14:05:27,7.19,--,2,1438,买盘
968,14:05:24,7.19,--,316,227204,卖盘
969,14:05:21,7.19,-0.01,90,64710,卖盘
970,14:05:18,7.2,0.01,30,21600,买盘
971,14:05:15,7.19,-0.01,400,287600,卖盘
972,14:05:09,7.2,0.01,1,720,买盘
973,14:05:06,7.19,-0.01,21,15099,卖盘
974,14:05:03,7.2,--,44,31680,买盘
975,14:05:00,7.2,--,101,72720,买盘
976,14:04:57,7.2,--,14,10080,买盘
977,14:04:54,7.2,--,25,18000,买盘
978,14:04:51,7.2,--,101,72720,买盘
979,14:04:45,7.2,--,217,156240,买盘
980,14:04:42,7.2,--,1,720,买盘
981,14:04:39,7.2,0.01,10,7200,买盘
982,14:04:33,7.19,-0.01,132,94908,卖盘
983,14:04:24,7.2,--,33,23760,买盘
984,14:04:21,7.2,0.01,127,91440,买盘
985,14:04:18,7.19,-0.01,87,62553,卖盘
986,14:04:15,7.2,0.01,2,1440,买盘
987,14:04:12,7.19,--,1,719,卖盘
988,14:04:09,7.19,--,16,11504,卖盘
989,14:04:06,7.19,-0.01,43,30917,卖盘
990,14:04:03,7.2,--,5,3600,买盘
991,14:04:00,7.2,0.01,61,43920,买盘
992,14:03:54,7.19,--,63,45297,卖盘
993,14:03:51,7.19,--,41,29479,卖盘
994,14:03:48,7.19,--,38,27322,卖盘
995,14:03:45,7.19,--,9,6471,卖盘
996,14:03:42,7.19,-0.01,79,56801,卖盘
997,14:03:39,7.2,0.01,5,3600,买盘
998,14:03:36,7.19,-0.01,20,14380,卖盘
999,14:03:33,7.2,0.01,20,14400,买盘
1000,14:03:30,7.19,-0.01,317,227923,卖盘
1001,14:03:27,7.2,0.01,52,37440,买盘
1002,14:03:24,7.19,-0.01,110,79090,卖盘
1003,14:03:21,7.2,0.01,12,8640,买盘
1004,14:03:15,7.19,-0.01,112,80528,中性盘
1005,14:03:09,7.2,0.02,257,185040,买盘
1006,14:03:06,7.18,-0.01,41,29438,卖盘
1007,14:03:03,7.19,--,1500,1078500,买盘
1008,14:03:00,7.19,--,10,7190,买盘
1009,14:02:57,7.19,--,3,2157,买盘
1010,14:02:54,7.19,0.01,3,2157,买盘
1011,14:02:51,7.18,--,5,3590,卖盘
1012,14:02:48,7.18,-0.01,148,106264,卖盘
1013,14:02:45,7.19,--,16,11504,买盘
1014,14:02:42,7.19,--,7,5033,买盘
1015,14:02:39,7.19,0.01,267,191973,买盘
1016,14:02:36,7.18,-0.01,130,93340,卖盘
1017,14:02:33,7.19,--,20,14380,买盘
1018,14:02:27,7.19,0.01,50,35950,买盘
1019,14:02:24,7.18,-0.01,10,7180,卖盘
1020,14:02:21,7.19,--,37,26603,买盘
1021,14:02:18,7.19,0.01,170,122230,买盘
1022,14:02:15,7.18,--,70,50260,卖盘
1023,14:02:12,7.18,-0.01,3,2154,卖盘
1024,14:02:09,7.19,0.01,7,5033,买盘
1025,14:02:06,7.18,-0.01,71,50978,卖盘
1026,14:02:03,7.19,0.01,85,61115,买盘
1027,14:02:00,7.18,--,31,22258,卖盘
1028,14:01:57,7.18,--,50,35900,卖盘
1029,14:01:54,7.18,-0.01,81,58158,卖盘
1030,14:01:51,7.19,--,143,102817,买盘
1031,14:01:48,7.19,--,16,11504,买盘
1032,14:01:45,7.19,--,10,7190,买盘
1033,14:01:42,7.19,0.01,1,719,买盘
1034,14:01:39,7.18,--,1,718,卖盘
1035,14:01:36,7.18,-0.01,302,216836,卖盘
1036,14:01:33,7.19,--,60,43140,买盘
1037,14:01:30,7.19,0.01,58,41702,买盘
1038,14:01:27,7.18,--,399,286482,卖盘
1039,14:01:24,7.18,-0.01,329,236222,卖盘
1040,14:01:21,7.19,--,2,1438,买盘
1041,14:01:18,7.19,--,16,11504,买盘
1042,14:01:15,7.19,0.01,10,7190,买盘
1043,14:01:12,7.18,-0.01,111,79698,卖盘
1044,14:01:09,7.19,0.01,54,38826,买盘
1045,14:01:06,7.18,-0.01,120,86160,卖盘
1046,14:01:03,7.19,0.01,21,15099,买盘
1047,14:01:00,7.18,-0.01,800,574400,卖盘
1048,14:00:57,7.19,--,50,35950,买盘
1049,14:00:51,7.19,0.01,70,50330,买盘
1050,14:00:48,7.18,-0.01,74,53132,卖盘
1051,14:00:45,7.19,--,5,3595,买盘
1052,14:00:42,7.19,--,513,368847,买盘
1053,14:00:39,7.19,--,5,3595,买盘
1054,14:00:36,7.19,--,61,43859,买盘
1055,14:00:33,7.19,0.01,61,43859,买盘
1056,14:00:30,7.18,-0.01,35,25130,卖盘
1057,14:00:27,7.19,0.01,12,8628,买盘
1058,14:00:24,7.18,-0.01,10,7180,卖盘
1059,14:00:21,7.19,0.01,293,210667,买盘
1060,14:00:18,7.18,-0.01,30,21540,卖盘
1061,14:00:15,7.19,--,472,339368,买盘
1062,14:00:12,7.19,--,104,74776,买盘
1063,14:00:09,7.19,--,11,7909,买盘
1064,14:00:06,7.19,--,421,302699,买盘
1065,14:00:03,7.19,--,335,240865,买盘
1066,14:00:00,7.19,0.01,2,1438,买盘
1067,13:59:57,7.18,-0.01,6,4308,卖盘
1068,13:59:54,7.19,0.01,50,35950,买盘
1069,13:59:51,7.18,-0.01,51,36618,卖盘
1070,13:59:45,7.19,--,5,3595,买盘
1071,13:59:42,7.19,0.01,201,144519,买盘
1072,13:59:39,7.18,-0.01,206,147908,卖盘
1073,13:59:36,7.19,0.01,23,16537,买盘
1074,13:59:33,7.18,--,1055,757683,买盘
1075,13:59:30,7.18,--,245,175910,买盘
1076,13:59:27,7.18,--,345,248234,卖盘
1077,13:59:24,7.18,--,7,5026,卖盘
1078,13:59:21,7.18,-0.01,10,7180,卖盘
1079,13:59:18,7.19,--,24,17256,买盘
1080,13:59:15,7.19,0.01,252,181188,买盘
1081,13:59:12,7.18,-0.01,33,23694,卖盘
1082,13:59:09,7.19,--,46,33074,买盘
1083,13:59:06,7.19,--,3043,2187917,买盘
1084,13:59:03,7.19,0.01,1,719,买盘
1085,13:59:00,7.18,--,10,7180,卖盘
1086,13:58:57,7.18,-0.01,26,18668,卖盘
1087,13:58:51,7.19,--,25,17975,买盘
1088,13:58:48,7.19,--,96,69024,买盘
1089,13:58:45,7.19,--,3,2157,买盘
1090,13:58:42,7.19,0.01,135,97065,买盘
1091,13:58:39,7.18,-0.01,40,28720,卖盘
1092,13:58:36,7.19,--,1,719,买盘
1093,13:58:33,7.19,0.01,31,22289,买盘
1094,13:58:30,7.18,--,590,423620,卖盘
1095,13:58:27,7.18,-0.01,172,123496,卖盘
1096,13:58:24,7.19,--,13,9347,买盘
1097,13:58:21,7.19,0.01,1035,744165,买盘
1098,13:58:18,7.18,-0.01,222,159396,卖盘
1099,13:58:15,7.19,--,6,4314,买盘
1100,13:58:12,7.19,--,488,350872,买盘
1101,13:58:09,7.19,--,8,5752,买盘
1102,13:58:06,7.19,0.01,559,401921,买盘
1103,13:58:00,7.18,-0.01,1,718,卖盘
1104,13:57:57,7.19,--,38,27322,买盘
1105,13:57:54,7.19,--,10,7190,买盘
1106,13:57:51,7.19,--,11,7909,买盘
1107,13:57:48,7.19,--,79,56801,买盘
1108,13:57:45,7.19,--,26,18694,买盘
1109,13:57:42,7.19,--,301,216419,买盘
1110,13:57:36,7.19,--,50,35950,买盘
1111,13:57:33,7.19,--,10,7190,买盘
1112,13:57:30,7.19,--,10,7190,买盘
1113,13:57:27,7.19,--,131,94189,买盘
1114,13:57:24,7.19,--,32,23008,买盘
1115,13:57:21,7.19,--,243,174717,买盘
1116,13:57:18,7.19,0.01,31,22289,买盘
1117,13:57:15,7.18,--,127,91186,卖盘
1118,13:57:12,7.18,-0.01,432,310176,卖盘
1119,13:57:06,7.19,--,108,77652,买盘
1120,13:57:03,7.19,0.01,30,21570,买盘
1121,13:57:00,7.18,-0.01,151,108418,卖盘
1122,13:56:57,7.19,0.01,21,15099,买盘
1123,13:56:54,7.18,-0.01,30,21540,卖盘
1124,13:56:51,7.19,--,100,71900,买盘
1125,13:56:42,7.19,0.01,12,8628,买盘
1126,13:56:36,7.18,-0.01,100,71800,卖盘
1127,13:56:33,7.19,--,52,37388,买盘
1128,13:56:30,7.19,--,106,76214,买盘
1129,13:56:27,7.19,--,486,349434,买盘
1130,13:56:24,7.19,--,1,719,买盘
1131,13:56:21,7.19,--,1,719,买盘
1132,13:56:18,7.19,--,100,71900,买盘
1133,13:56:15,7.19,0.01,706,507614,买盘
1134,13:56:12,7.18,-0.01,303,217554,卖盘
1135,13:56:09,7.19,--,15,10785,买盘
1136,13:56:06,7.19,--,34,24446,买盘
1137,13:56:03,7.19,0.01,56,40264,买盘
1138,13:56:00,7.18,--,459,329562,卖盘
1139,13:55:57,7.18,-0.01,171,122778,卖盘
1140,13:55:54,7.19,--,108,77652,买盘
1141,13:55:51,7.19,--,55,39545,买盘
1142,13:55:45,7.19,--,56,40264,买盘
1143,13:55:42,7.19,--,124,89156,买盘
1144,13:55:39,7.19,--,72,51768,买盘
1145,13:55:36,7.19,--,32,23008,买盘
1146,13:55:33,7.19,--,28,20132,买盘
1147,13:55:30,7.19,0.01,11,7909,买盘
1148,13:55:27,7.18,-0.01,135,96930,卖盘
1149,13:55:24,7.19,--,13,9347,买盘
1150,13:55:21,7.19,--,31,22289,买盘
1151,13:55:18,7.19,--,98,70462,买盘
1152,13:55:15,7.19,--,11,7909,买盘
1153,13:55:12,7.19,--,6,4314,买盘
1154,13:55:09,7.19,--,207,148833,买盘
1155,13:55:06,7.19,0.01,41,29479,买盘
1156,13:55:03,7.18,-0.01,11,7898,卖盘
1157,13:55:00,7.19,--,31,22289,买盘
1158,13:54:57,7.19,--,396,284724,买盘
1159,13:54:54,7.19,--,11,7909,买盘
1160,13:54:51,7.19,--,162,116478,买盘
1161,13:54:48,7.19,0.01,26,18694,买盘
1162,13:54:45,7.18,-0.01,1,718,卖盘
1163,13:54:42,7.19,--,322,231518,买盘
1164,13:54:39,7.19,--,110,79090,买盘
1165,13:54:36,7.19,--,604,434276,买盘
1166,13:54:33,7.19,--,71,51049,买盘
1167,13:54:21,7.19,0.01,11,7909,买盘
1168,13:54:18,7.18,-0.01,14,10052,卖盘
1169,13:54:15,7.19,--,316,227520,买盘
1170,13:54:09,7.19,--,16,11504,买盘
1171,13:54:06,7.19,--,466,335054,买盘
1172,13:54:03,7.19,0.01,55,39545,买盘
1173,13:53:57,7.18,-0.01,2,1436,卖盘
1174,13:53:54,7.19,--,2,1438,买盘
1175,13:53:51,7.19,--,36,25884,买盘
1176,13:53:48,7.19,--,11,7909,买盘
1177,13:53:45,7.19,--,75,53925,买盘
1178,13:53:42,7.19,--,15,10785,买盘
1179,13:53:33,7.19,0.01,2,1438,买盘
1180,13:53:27,7.18,-0.01,9,6462,卖盘
1181,13:53:24,7.19,--,30,21570,买盘
1182,13:53:21,7.19,--,4,2876,买盘
1183,13:53:18,7.19,--,23,16537,买盘
1184,13:53:15,7.19,--,20,14380,买盘
1185,13:53:12,7.19,-0.01,205,147395,卖盘
1186,13:53:09,7.2,--,30,21600,买盘
1187,13:53:06,7.2,0.01,25,18000,买盘
1188,13:53:03,7.19,--,47,33793,卖盘
1189,13:53:00,7.19,--,35,25165,卖盘
1190,13:52:57,7.19,-0.01,13,9347,卖盘
1191,13:52:54,7.2,0.01,151,108720,买盘
1192,13:52:51,7.19,-0.01,47,33793,卖盘
1193,13:52:48,7.2,0.01,61,43920,买盘
1194,13:52:45,7.19,-0.01,130,93470,卖盘
1195,13:52:42,7.2,--,17,12240,买盘
1196,13:52:36,7.2,--,59,42480,买盘
1197,13:52:33,7.2,--,55,39600,买盘
1198,13:52:30,7.2,0.01,8,5760,买盘
1199,13:52:27,7.19,-0.01,25,17975,卖盘
1200,13:52:24,7.2,--,19,13680,买盘
1201,13:52:21,7.2,0.01,88,63360,买盘
1202,13:52:18,7.19,--,21,15099,卖盘
1203,13:52:15,7.19,--,303,217857,卖盘
1204,13:52:12,7.19,--,7,5033,卖盘
1205,13:52:09,7.19,--,25,17975,卖盘
1206,13:52:06,7.19,--,163,117197,卖盘
1207,13:52:03,7.19,--,1,719,卖盘
1208,13:51:57,7.19,--,5,3595,卖盘
1209,13:51:51,7.19,--,94,67586,卖盘
1210,13:51:48,7.19,--,58,41702,卖盘
1211,13:51:45,7.19,-0.01,35,25165,卖盘
1212,13:51:42,7.2,0.01,226,162720,买盘
1213,13:51:39,7.19,--,2,1438,卖盘
1214,13:51:36,7.19,--,114,81966,卖盘
1215,13:51:33,7.19,--,40,28760,卖盘
1216,13:51:30,7.19,0.01,9,6471,买盘
1217,13:51:27,7.18,-0.01,6,4308,卖盘
1218,13:51:24,7.19,--,151,108569,买盘
1219,13:51:21,7.19,--,70,50330,卖盘
1220,13:51:18,7.19,-0.01,20,14380,卖盘
1221,13:51:15,7.2,--,5,3600,买盘
1222,13:51:12,7.2,0.01,73,52560,买盘
1223,13:51:09,7.19,-0.01,56,40264,中性盘
1224,13:51:06,7.2,--,367,264240,买盘
1225,13:51:03,7.2,0.01,30,21600,买盘
1226,13:51:00,7.19,0.01,6,4314,卖盘
1227,13:50:57,7.18,-0.02,1,718,卖盘
1228,13:50:54,7.2,0.02,12,8640,买盘
1229,13:50:51,7.18,--,67,48106,卖盘
1230,13:50:48,7.18,-0.01,1,718,卖盘
1231,13:50:45,7.19,-0.01,92,66148,卖盘
1232,13:50:42,7.2,0.01,26,18720,买盘
1233,13:50:39,7.19,--,49,35231,买盘
1234,13:50:36,7.19,-0.01,128,92032,卖盘
1235,13:50:33,7.2,0.01,2,1440,买盘
1236,13:50:27,7.19,--,66,47454,卖盘
1237,13:50:24,7.19,-0.01,304,218576,卖盘
1238,13:50:21,7.2,--,64,46080,买盘
1239,13:50:18,7.2,0.01,23,16560,买盘
1240,13:50:15,7.19,-0.01,44,31636,卖盘
1241,13:50:12,7.2,0.01,8,5760,买盘
1242,13:50:09,7.19,0.01,117,84123,中性盘
1243,13:50:06,7.18,-0.01,624,448161,卖盘
1244,13:50:03,7.19,--,923,663637,买盘
1245,13:50:00,7.19,0.01,19,13661,买盘
1246,13:49:57,7.18,-0.01,30,21877,卖盘
1247,13:49:54,7.19,--,11,7909,买盘
1248,13:49:51,7.19,0.01,215,154585,买盘
1249,13:49:48,7.18,-0.01,84,60312,卖盘
1250,13:49:45,7.19,--,49,35231,买盘
1251,13:49:42,7.19,--,2,1438,买盘
1252,13:49:39,7.19,--,8,5752,买盘
1253,13:49:36,7.19,--,22,15818,买盘
1254,13:49:33,7.19,--,64,46016,买盘
1255,13:49:30,7.19,--,31,22289,买盘
1256,13:49:27,7.19,--,74,53206,买盘
1257,13:49:24,7.19,--,9,6471,买盘
1258,13:49:21,7.19,0.01,1,719,买盘
1259,13:49:18,7.18,-0.01,26,18668,卖盘
1260,13:49:15,7.19,--,31,22289,买盘
1261,13:49:12,7.19,--,118,84842,买盘
1262,13:49:09,7.19,-0.01,1511,1086854,卖盘
1263,13:49:06,7.2,--,28,20160,买盘
1264,13:49:03,7.2,0.01,21,15120,买盘
1265,13:49:00,7.19,--,100,72475,卖盘
1266,13:48:57,7.19,--,80,57520,卖盘
1267,13:48:54,7.19,--,256,184064,卖盘
1268,13:48:51,7.19,-0.01,64,46016,卖盘
1269,13:48:48,7.2,--,26,18720,买盘
1270,13:48:45,7.2,--,20,14400,买盘
1271,13:48:42,7.2,0.01,13,9360,买盘
1272,13:48:39,7.19,-0.01,306,220014,卖盘
1273,13:48:30,7.2,0.01,10,7200,买盘
1274,13:48:27,7.19,-0.01,2,1438,卖盘
1275,13:48:24,7.2,--,8,5760,买盘
1276,13:48:21,7.2,--,92,66240,买盘
1277,13:48:18,7.2,0.01,219,157680,买盘
1278,13:48:15,7.19,-0.01,14,10066,卖盘
1279,13:48:09,7.2,--,31,22320,买盘
1280,13:48:06,7.2,--,22,15840,买盘
1281,13:48:03,7.2,--,108,77760,买盘
1282,13:48:00,7.2,--,54,38880,买盘
1283,13:47:57,7.2,--,20,14400,买盘
1284,13:47:54,7.2,--,135,97200,买盘
1285,13:47:51,7.2,--,216,155520,买盘
1286,13:47:48,7.2,0.01,31,22320,买盘
1287,13:47:45,7.19,-0.01,10,7190,卖盘
1288,13:47:42,7.2,--,18,12960,买盘
1289,13:47:39,7.2,--,186,133920,买盘
1290,13:47:36,7.2,--,29,20880,买盘
1291,13:47:33,7.2,0.01,24,17280,买盘
1292,13:47:30,7.19,-0.01,31,22289,卖盘
1293,13:47:27,7.2,0.01,43,30960,买盘
1294,13:47:24,7.19,-0.01,4,2876,卖盘
1295,13:47:21,7.2,--,20,14400,买盘
1296,13:47:18,7.2,0.01,42,30240,买盘
1297,13:47:15,7.19,-0.01,1,719,卖盘
1298,13:47:12,7.2,--,18,12960,买盘
1299,13:47:09,7.2,--,41,29520,买盘
1300,13:47:06,7.2,--,41,29520,买盘
1301,13:47:03,7.2,--,37,26640,买盘
1302,13:47:00,7.2,0.01,50,36000,买盘
1303,13:46:57,7.19,--,70,50330,卖盘
1304,13:46:54,7.19,-0.01,14,10066,卖盘
1305,13:46:51,7.2,0.01,14,10080,买盘
1306,13:46:48,7.19,--,63,45297,卖盘
1307,13:46:45,7.19,-0.01,5,3595,卖盘
1308,13:46:42,7.2,--,1,720,买盘
1309,13:46:39,7.2,--,66,47520,买盘
1310,13:46:36,7.2,--,10,7200,买盘
1311,13:46:33,7.2,--,24,17280,买盘
1312,13:46:30,7.2,--,1,720,买盘
1313,13:46:27,7.2,0.01,20,14400,买盘
1314,13:46:24,7.19,-0.01,53,38107,卖盘
1315,13:46:21,7.2,--,6,4320,买盘
1316,13:46:18,7.2,0.01,45,32400,买盘
1317,13:46:15,7.19,--,5,3595,卖盘
1318,13:46:12,7.19,-0.01,122,87718,卖盘
1319,13:46:09,7.2,0.01,22,15840,买盘
1320,13:46:06,7.19,-0.01,34,24446,卖盘
1321,13:46:03,7.2,--,10,7200,买盘
1322,13:46:00,7.2,0.01,1,720,买盘
1323,13:45:57,7.19,-0.01,31,22289,卖盘
1324,13:45:54,7.2,--,117,84240,买盘
1325,13:45:51,7.2,--,92,66240,买盘
1326,13:45:48,7.2,--,23,16560,买盘
1327,13:45:45,7.2,--,56,40320,买盘
1328,13:45:42,7.2,0.01,13,9360,买盘
1329,13:45:39,7.19,-0.01,50,35950,卖盘
1330,13:45:36,7.2,0.01,25,18000,买盘
1331,13:45:33,7.19,--,210,150990,卖盘
1332,13:45:30,7.19,--,12,8628,卖盘
1333,13:45:27,7.19,--,62,44578,卖盘
1334,13:45:24,7.19,-0.01,55,39545,卖盘
1335,13:45:21,7.2,--,4,2880,买盘
1336,13:45:15,7.2,--,9,6480,买盘
1337,13:45:12,7.2,--,11,7920,买盘
1338,13:45:09,7.2,0.01,72,51840,买盘
1339,13:45:06,7.19,-0.01,41,29479,卖盘
1340,13:45:03,7.2,0.01,31,22320,买盘
1341,13:45:00,7.19,--,2,1438,卖盘
1342,13:44:57,7.19,-0.01,71,51049,卖盘
1343,13:44:54,7.2,0.01,722,520257,买盘
1344,13:44:51,7.19,--,6,4314,卖盘
1345,13:44:48,7.19,--,6,4314,卖盘
1346,13:44:45,7.19,--,334,240146,买盘
1347,13:44:42,7.19,--,7,5033,买盘
1348,13:44:39,7.19,--,229,164651,卖盘
1349,13:44:36,7.19,0.01,88,63458,买盘
1350,13:44:33,7.18,--,129,92622,卖盘
1351,13:44:30,7.18,--,207,148626,卖盘
1352,13:44:27,7.18,--,119,85442,卖盘
1353,13:44:24,7.18,-0.01,73,52859,卖盘
1354,13:44:21,7.19,--,295,212105,买盘
1355,13:44:18,7.19,--,70,50330,买盘
1356,13:44:15,7.19,--,582,418458,买盘
1357,13:44:12,7.19,0.01,7,5033,买盘
1358,13:44:09,7.18,--,209,150062,卖盘
1359,13:44:06,7.18,-0.01,22,15796,卖盘
1360,13:44:03,7.19,--,311,223609,买盘
1361,13:44:00,7.19,--,46,33074,买盘
1362,13:43:57,7.19,0.01,507,365180,买盘
1363,13:43:54,7.18,--,17,12206,卖盘
1364,13:43:51,7.18,--,304,218272,卖盘
1365,13:43:48,7.18,--,257,184526,卖盘
1366,13:43:45,7.18,-0.01,620,445160,卖盘
1367,13:43:42,7.19,0.01,1,719,买盘
1368,13:43:39,7.18,-0.01,2,1436,卖盘
1369,13:43:36,7.19,0.01,16,11504,买盘
1370,13:43:33,7.18,--,180,129584,卖盘
1371,13:43:30,7.18,--,139,99802,卖盘
1372,13:43:27,7.18,--,15,10770,卖盘
1373,13:43:24,7.18,--,12,8616,卖盘
1374,13:43:21,7.18,-0.01,53,38054,卖盘
1375,13:43:12,7.19,--,83,59677,买盘
1376,13:43:09,7.19,--,1,719,买盘
1377,13:43:06,7.19,0.01,26,18694,买盘
1378,13:43:03,7.18,-0.01,74,53132,卖盘
1379,13:43:00,7.19,--,301,216419,买盘
1380,13:42:57,7.19,0.01,7,5033,买盘
1381,13:42:54,7.18,-0.01,1,718,卖盘
1382,13:42:51,7.19,0.01,4,2876,买盘
1383,13:42:48,7.18,--,26,18797,卖盘
1384,13:42:45,7.18,-0.01,104,75002,卖盘
1385,13:42:42,7.19,0.01,98,70462,买盘
1386,13:42:39,7.18,--,8,5744,卖盘
1387,13:42:30,7.18,--,26,18668,卖盘
1388,13:42:27,7.18,-0.01,3,2154,卖盘
1389,13:42:24,7.19,--,5,3595,买盘
1390,13:42:21,7.19,--,30,21570,买盘
1391,13:42:18,7.19,0.01,13,9347,买盘
1392,13:42:15,7.18,-0.01,11,7898,卖盘
1393,13:42:12,7.19,0.01,23,16537,买盘
1394,13:42:09,7.18,-0.01,503,361154,卖盘
1395,13:42:06,7.19,0.01,26,18694,买盘
1396,13:42:03,7.18,--,409,294150,卖盘
1397,13:42:00,7.18,-0.01,373,267814,卖盘
1398,13:41:57,7.19,--,63,45297,买盘
1399,13:41:54,7.19,--,12,8628,买盘
1400,13:41:51,7.19,0.01,164,117916,买盘
1401,13:41:48,7.18,-0.01,613,440134,卖盘
1402,13:41:45,7.19,--,126,90594,买盘
1403,13:41:42,7.19,--,19,13661,买盘
1404,13:41:39,7.19,--,302,217138,买盘
1405,13:41:36,7.19,--,3,2157,买盘
1406,13:41:33,7.19,--,3,2157,买盘
1407,13:41:27,7.19,--,6,4314,买盘
1408,13:41:24,7.19,--,157,112883,买盘
1409,13:41:21,7.19,--,16,11504,买盘
1410,13:41:18,7.19,--,127,91313,买盘
1411,13:41:12,7.19,--,339,243741,买盘
1412,13:41:09,7.19,--,11,7909,买盘
1413,13:41:06,7.19,--,181,130139,买盘
1414,13:41:03,7.19,0.01,1,719,买盘
1415,13:41:00,7.18,-0.01,139,99802,卖盘
1416,13:40:54,7.19,0.01,167,120073,买盘
1417,13:40:51,7.18,--,9,6462,卖盘
1418,13:40:48,7.18,--,35,25130,卖盘
1419,13:40:42,7.18,--,1,718,卖盘
1420,13:40:39,7.18,--,2,1436,卖盘
1421,13:40:36,7.18,--,16,11488,卖盘
1422,13:40:33,7.18,--,51,36618,卖盘
1423,13:40:30,7.18,--,2,1436,卖盘
1424,13:40:27,7.18,-0.01,2,1436,卖盘
1425,13:40:24,7.19,--,55,39545,买盘
1426,13:40:21,7.19,0.01,13,9347,买盘
1427,13:40:18,7.18,--,600,430800,卖盘
1428,13:40:15,7.18,-0.01,10,7180,卖盘
1429,13:40:12,7.19,0.01,10,7190,买盘
1430,13:40:09,7.18,-0.01,102,73236,卖盘
1431,13:40:06,7.19,--,75,53925,买盘
1432,13:40:03,7.19,0.01,1,1207,买盘
1433,13:40:00,7.18,--,51,37077,卖盘
1434,13:39:54,7.18,-0.01,21,15365,卖盘
1435,13:39:51,7.19,--,10,7190,买盘
1436,13:39:48,7.19,0.01,24,17256,买盘
1437,13:39:45,7.18,-0.01,12,8616,卖盘
1438,13:39:42,7.19,0.01,11,7909,买盘
1439,13:39:39,7.18,--,12,8616,卖盘
1440,13:39:36,7.18,--,201,144318,卖盘
1441,13:39:30,7.18,-0.01,13,9334,卖盘
1442,13:39:27,7.19,--,111,79809,买盘
1443,13:39:24,7.19,--,12,8628,买盘
1444,13:39:21,7.19,--,1,719,买盘
1445,13:39:18,7.19,--,246,176874,买盘
1446,13:39:15,7.19,0.01,62,45210,买盘
1447,13:39:12,7.18,--,2,1436,卖盘
1448,13:39:06,7.18,-0.01,32,22976,卖盘
1449,13:39:03,7.19,--,115,82814,卖盘
1450,13:39:00,7.19,--,526,378194,卖盘
1451,13:38:57,7.19,--,110,79090,卖盘
1452,13:38:54,7.19,-0.01,510,366690,卖盘
1453,13:38:51,7.2,0.01,6,4320,买盘
1454,13:38:48,7.19,--,203,145957,卖盘
1455,13:38:45,7.19,--,57,40983,卖盘
1456,13:38:42,7.19,--,7,5033,卖盘
1457,13:38:36,7.19,--,1,719,卖盘
1458,13:38:30,7.19,-0.01,200,143800,卖盘
1459,13:38:27,7.2,0.01,7,5040,买盘
1460,13:38:24,7.19,-0.01,2,1438,卖盘
1461,13:38:21,7.2,0.01,2,1440,买盘
1462,13:38:18,7.19,-0.01,48,34512,卖盘
1463,13:38:12,7.2,0.01,13,9360,买盘
1464,13:38:09,7.19,-0.01,798,573762,卖盘
1465,13:38:06,7.2,0.01,74,53280,买盘
1466,13:38:03,7.19,--,12,8628,卖盘
1467,13:38:00,7.19,--,2,1438,卖盘
1468,13:37:57,7.19,-0.01,5,3595,卖盘
1469,13:37:54,7.2,--,137,98640,买盘
1470,13:37:51,7.2,0.01,411,295920,买盘
1471,13:37:48,7.19,--,28,20132,卖盘
1472,13:37:42,7.19,-0.01,82,58958,卖盘
1473,13:37:39,7.2,0.01,2,1440,买盘
1474,13:37:36,7.19,--,1,719,卖盘
1475,13:37:33,7.19,-0.01,32,23008,卖盘
1476,13:37:30,7.2,0.01,4,2880,买盘
1477,13:37:27,7.19,-0.01,22,15818,卖盘
1478,13:37:24,7.2,--,6,4320,买盘
1479,13:37:21,7.2,--,119,85680,买盘
1480,13:37:18,7.2,--,13,9360,买盘
1481,13:37:15,7.2,0.01,20,14400,买盘
1482,13:37:12,7.19,-0.01,11,7909,卖盘
1483,13:37:09,7.2,--,9,6480,买盘
1484,13:37:06,7.2,0.01,23,16560,买盘
1485,13:37:03,7.19,--,27,19413,卖盘
1486,13:36:57,7.19,-0.01,20,14380,卖盘
1487,13:36:54,7.2,0.01,3,2160,买盘
1488,13:36:48,7.19,-0.01,29,20851,卖盘
1489,13:36:45,7.2,--,3,2160,买盘
1490,13:36:42,7.2,--,1,720,买盘
1491,13:36:39,7.2,--,24,17280,买盘
1492,13:36:36,7.2,0.01,5,4190,买盘
1493,13:36:33,7.19,--,3,2157,卖盘
1494,13:36:27,7.19,--,13,9347,卖盘
1495,13:36:24,7.19,--,35,25165,卖盘
1496,13:36:21,7.19,--,58,41702,卖盘
1497,13:36:18,7.19,-0.01,5,3595,卖盘
1498,13:36:15,7.2,--,41,29520,买盘
1499,13:36:12,7.2,--,4,2880,买盘
1500,13:36:09,7.2,0.01,24,17280,买盘
1501,13:36:06,7.19,-0.01,41,29479,卖盘
1502,13:36:03,7.2,--,29,20880,买盘
1503,13:36:00,7.2,--,450,324000,买盘
1504,13:35:57,7.2,0.01,20,14400,买盘
1505,13:35:54,7.19,--,550,395450,卖盘
1506,13:35:51,7.19,--,2,1438,卖盘
1507,13:35:48,7.19,-0.01,37,26603,卖盘
1508,13:35:45,7.2,--,150,108000,买盘
1509,13:35:42,7.2,--,49,35280,买盘
1510,13:35:39,7.2,0.01,10,7200,买盘
1511,13:35:33,7.19,-0.01,163,117197,卖盘
1512,13:35:30,7.2,0.01,26,18720,买盘
1513,13:35:27,7.19,--,82,58958,卖盘
1514,13:35:24,7.19,-0.01,80,57520,卖盘
1515,13:35:21,7.2,--,3,2160,买盘
1516,13:35:18,7.2,0.01,24,17280,买盘
1517,13:35:15,7.19,-0.01,45,32355,卖盘
1518,13:35:12,7.2,--,2,1440,买盘
1519,13:35:09,7.2,0.01,32,23040,买盘
1520,13:35:06,7.19,-0.01,66,47454,卖盘
1521,13:35:03,7.2,--,3,2160,买盘
1522,13:35:00,7.2,--,43,30960,买盘
1523,13:34:57,7.2,--,7,5040,买盘
1524,13:34:54,7.2,--,20,14400,买盘
1525,13:34:51,7.2,0.01,22,15840,买盘
1526,13:34:48,7.19,--,3,2157,卖盘
1527,13:34:45,7.19,--,8,5752,卖盘
1528,13:34:42,7.19,--,30,21570,卖盘
1529,13:34:39,7.19,-0.01,2,1438,卖盘
1530,13:34:36,7.2,--,7,5040,买盘
1531,13:34:33,7.2,0.01,196,141120,买盘
1532,13:34:30,7.19,--,28,20132,卖盘
1533,13:34:27,7.19,--,1,719,卖盘
1534,13:34:21,7.19,-0.01,86,61834,卖盘
1535,13:34:12,7.2,--,39,28080,买盘
1536,13:34:09,7.2,--,24,17280,买盘
1537,13:34:06,7.2,0.01,23,16560,买盘
1538,13:34:03,7.19,--,32,23008,卖盘
1539,13:34:00,7.19,--,33,23727,卖盘
1540,13:33:57,7.19,-0.01,359,258121,卖盘
1541,13:33:54,7.2,--,1,720,买盘
1542,13:33:51,7.2,--,22,15840,买盘
1543,13:33:48,7.2,0.01,85,61200,买盘
1544,13:33:45,7.19,-0.01,3,2157,卖盘
1545,13:33:42,7.2,--,1,720,买盘
1546,13:33:39,7.2,0.01,5,3600,买盘
1547,13:33:36,7.19,--,82,58958,卖盘
1548,13:33:33,7.19,-0.01,257,184783,卖盘
1549,13:33:30,7.2,0.01,129,92880,买盘
1550,13:33:27,7.19,--,50,35950,卖盘
1551,13:33:24,7.19,-0.01,3,2157,卖盘
1552,13:33:21,7.2,0.01,10,7200,买盘
1553,13:33:18,7.19,--,4,2876,卖盘
1554,13:33:12,7.19,-0.01,7,5033,卖盘
1555,13:33:09,7.2,0.01,69,49680,买盘
1556,13:33:06,7.19,-0.01,47,33793,卖盘
1557,13:33:03,7.2,0.01,104,74880,买盘
1558,13:33:00,7.19,-0.01,120,86280,卖盘
1559,13:32:54,7.2,0.01,57,41040,买盘
1560,13:32:51,7.19,--,62,44578,卖盘
1561,13:32:48,7.19,-0.01,29,20851,卖盘
1562,13:32:45,7.2,--,312,224640,买盘
1563,13:32:42,7.2,--,1,720,买盘
1564,13:32:39,7.2,--,210,151200,买盘
1565,13:32:36,7.2,0.01,533,383760,买盘
1566,13:32:33,7.19,-0.01,43,30917,卖盘
1567,13:32:30,7.2,0.01,204,146880,买盘
1568,13:32:27,7.19,-0.01,2,1438,卖盘
1569,13:32:21,7.2,0.01,42,30240,买盘
1570,13:32:18,7.19,-0.01,27,19413,卖盘
1571,13:32:15,7.2,0.01,21,15120,买盘
1572,13:32:12,7.19,-0.01,136,97784,卖盘
1573,13:32:09,7.2,0.01,8,5760,买盘
1574,13:32:06,7.19,-0.01,94,67586,卖盘
1575,13:32:03,7.2,0.01,40,28800,买盘
1576,13:32:00,7.19,-0.01,87,62553,卖盘
1577,13:31:57,7.2,--,145,104400,买盘
1578,13:31:54,7.2,--,1,720,买盘
1579,13:31:51,7.2,0.01,6,4320,买盘
1580,13:31:48,7.19,-0.01,48,34512,卖盘
1581,13:31:45,7.2,--,10,7200,买盘
1582,13:31:42,7.2,0.01,6,4320,买盘
1583,13:31:39,7.19,--,398,286162,卖盘
1584,13:31:36,7.19,-0.01,34,24446,卖盘
1585,13:31:33,7.2,0.01,84,60480,买盘
1586,13:31:30,7.19,-0.01,83,59677,卖盘
1587,13:31:27,7.2,0.01,17,12240,买盘
1588,13:31:24,7.19,-0.01,8,5752,卖盘
1589,13:31:21,7.2,--,44,31680,买盘
1590,13:31:18,7.2,0.01,78,56160,买盘
1591,13:31:15,7.19,--,2,1438,卖盘
1592,13:31:12,7.19,--,80,57520,卖盘
1593,13:31:09,7.19,--,50,35950,卖盘
1594,13:31:06,7.19,-0.01,20,14380,卖盘
1595,13:31:03,7.2,--,40,28800,买盘
1596,13:31:00,7.2,--,8,5760,买盘
1597,13:30:57,7.2,--,57,41040,买盘
1598,13:30:54,7.2,0.01,36,25920,买盘
1599,13:30:51,7.19,-0.01,10,7190,卖盘
1600,13:30:48,7.2,0.01,112,80640,买盘
1601,13:30:45,7.19,-0.01,1,719,卖盘
1602,13:30:42,7.2,0.01,7,5040,买盘
1603,13:30:39,7.19,--,10,7190,卖盘
1604,13:30:36,7.19,--,50,35950,卖盘
1605,13:30:30,7.19,-0.01,44,31636,卖盘
1606,13:30:27,7.2,0.01,113,81360,买盘
1607,13:30:24,7.19,-0.01,2,1438,卖盘
1608,13:30:21,7.2,0.01,14,10080,买盘
1609,13:30:18,7.19,--,10,7190,卖盘
1610,13:30:15,7.19,--,57,40983,卖盘
1611,13:30:09,7.19,--,10,7190,卖盘
1612,13:30:03,7.19,-0.01,45,32355,卖盘
1613,13:30:00,7.2,--,9,6480,买盘
1614,13:29:57,7.2,--,230,165600,买盘
1615,13:29:54,7.2,0.01,100,72000,买盘
1616,13:29:51,7.19,--,87,62553,卖盘
1617,13:29:48,7.19,--,3,2157,卖盘
1618,13:29:45,7.19,-0.01,11,7909,卖盘
1619,13:29:42,7.2,0.01,112,80640,买盘
1620,13:29:36,7.19,--,141,101379,卖盘
1621,13:29:33,7.19,-0.01,210,150990,卖盘
1622,13:29:30,7.2,--,21,15120,买盘
1623,13:29:27,7.2,--,6,4320,买盘
1624,13:29:24,7.2,--,30,21600,买盘
1625,13:29:21,7.2,--,71,51120,买盘
1626,13:29:18,7.2,0.01,42,30240,买盘
1627,13:29:15,7.19,-0.01,1,719,卖盘
1628,13:29:12,7.2,0.01,73,52560,买盘
1629,13:29:09,7.19,-0.01,263,189097,卖盘
1630,13:29:03,7.2,--,232,167040,买盘
1631,13:29:00,7.2,0.01,5,3600,买盘
1632,13:28:54,7.19,-0.01,10,7190,卖盘
1633,13:28:51,7.2,0.01,84,60480,买盘
1634,13:28:48,7.19,--,172,123668,卖盘
1635,13:28:45,7.19,-0.01,118,85057,卖盘
1636,13:28:42,7.2,0.01,2,1440,买盘
1637,13:28:39,7.19,--,3,2157,卖盘
1638,13:28:33,7.19,-0.01,53,38107,卖盘
1639,13:28:30,7.2,--,18,12960,买盘
1640,13:28:27,7.2,0.01,38,27360,买盘
1641,13:28:24,7.19,-0.01,172,124271,卖盘
1642,13:28:21,7.2,--,9,6480,买盘
1643,13:28:18,7.2,--,5,3600,买盘
1644,13:28:15,7.2,--,50,36000,买盘
1645,13:28:12,7.2,0.01,113,81360,买盘
1646,13:28:06,7.19,--,65,46735,卖盘
1647,13:28:03,7.19,--,122,87718,卖盘
1648,13:28:00,7.19,--,59,42421,卖盘
1649,13:27:54,7.19,-0.01,21,15099,卖盘
1650,13:27:51,7.2,0.01,25,18000,买盘
1651,13:27:48,7.19,-0.01,58,41702,卖盘
1652,13:27:42,7.2,0.01,20,14400,买盘
1653,13:27:39,7.19,-0.01,41,29479,卖盘
1654,13:27:36,7.2,--,2,1440,买盘
1655,13:27:33,7.2,--,6,4320,买盘
1656,13:27:30,7.2,0.01,91,65520,买盘
1657,13:27:24,7.19,-0.01,261,188320,卖盘
1658,13:27:21,7.2,0.01,16,11520,买盘
1659,13:27:15,7.19,--,13,9347,卖盘
1660,13:27:12,7.19,-0.01,30,21570,卖盘
1661,13:27:09,7.2,--,3,2160,买盘
1662,13:27:06,7.2,0.01,111,79920,买盘
1663,13:27:03,7.19,--,57,40983,卖盘
1664,13:27:00,7.19,-0.01,109,78371,卖盘
1665,13:26:54,7.2,0.01,56,40320,买盘
1666,13:26:51,7.19,--,39,28041,卖盘
1667,13:26:48,7.19,--,109,78371,卖盘
1668,13:26:45,7.19,-0.01,227,163443,卖盘
1669,13:26:42,7.2,0.01,4,2880,买盘
1670,13:26:39,7.19,--,20,14380,卖盘
1671,13:26:36,7.19,-0.01,151,108569,卖盘
1672,13:26:30,7.2,--,27,19440,买盘
1673,13:26:27,7.2,--,36,25920,买盘
1674,13:26:24,7.2,0.01,118,84960,买盘
1675,13:26:21,7.19,-0.01,393,282674,卖盘
1676,13:26:18,7.2,0.01,85,61200,买盘
1677,13:26:15,7.19,--,7,5033,卖盘
1678,13:26:12,7.19,-0.01,32,23008,卖盘
1679,13:26:09,7.2,0.01,1,720,买盘
1680,13:26:03,7.19,--,20,14380,卖盘
1681,13:26:00,7.19,--,10,7190,卖盘
1682,13:25:51,7.19,-0.01,21,15099,卖盘
1683,13:25:42,7.2,--,46,33120,买盘
1684,13:25:39,7.2,0.01,30,21600,买盘
1685,13:25:36,7.19,-0.01,31,22289,卖盘
1686,13:25:33,7.2,0.01,24,17280,买盘
1687,13:25:30,7.19,--,68,48892,卖盘
1688,13:25:27,7.19,-0.01,1006,723314,卖盘
1689,13:25:24,7.2,--,12,8640,买盘
1690,13:25:21,7.2,--,1,720,买盘
1691,13:25:18,7.2,--,8,5760,买盘
1692,13:25:15,7.2,0.01,13,9360,买盘
1693,13:25:12,7.19,-0.01,1,719,卖盘
1694,13:25:09,7.2,-0.01,244,175680,卖盘
1695,13:25:06,7.21,0.01,6,4326,买盘
1696,13:25:03,7.2,--,283,203760,卖盘
1697,13:24:54,7.2,--,206,148320,卖盘
1698,13:24:51,7.2,--,530,381600,买盘
1699,13:24:48,7.2,--,30,21600,买盘
1700,13:24:45,7.2,--,9,6480,买盘
1701,13:24:42,7.2,0.01,87,62640,买盘
1702,13:24:39,7.19,-0.01,1,719,卖盘
1703,13:24:36,7.2,-0.01,12,8640,买盘
1704,13:24:33,7.21,--,1058,762818,买盘
1705,13:24:30,7.21,0.01,15,10815,买盘
1706,13:24:27,7.2,--,670,482832,卖盘
1707,13:24:24,7.2,-0.01,4,2880,卖盘
1708,13:24:21,7.21,0.01,427,308155,买盘
1709,13:24:18,7.2,-0.01,1519,1093680,卖盘
1710,13:24:15,7.21,0.01,144,103824,买盘
1711,13:24:12,7.2,-0.01,2001,1440720,卖盘
1712,13:24:09,7.21,--,5,3605,买盘
1713,13:24:06,7.21,0.01,355,255955,买盘
1714,13:24:03,7.2,--,45,32400,卖盘
1715,13:23:57,7.2,-0.01,7,5040,卖盘
1716,13:23:54,7.21,0.01,25,18025,买盘
1717,13:23:48,7.2,-0.01,69,49680,卖盘
1718,13:23:45,7.21,0.01,400,288400,买盘
1719,13:23:42,7.2,--,186,133920,卖盘
1720,13:23:39,7.2,--,40,28800,卖盘
1721,13:23:36,7.2,-0.01,1,720,卖盘
1722,13:23:33,7.21,--,27,19467,买盘
1723,13:23:30,7.21,--,24,17304,买盘
1724,13:23:27,7.21,0.01,10,7210,买盘
1725,13:23:24,7.2,--,1,720,卖盘
1726,13:23:21,7.2,-0.01,125,90000,卖盘
1727,13:23:18,7.21,--,100,72100,买盘
1728,13:23:15,7.21,--,100,72100,买盘
1729,13:23:09,7.21,--,42,30282,买盘
1730,13:23:06,7.21,0.01,6,4326,买盘
1731,13:23:03,7.2,-0.01,65,46800,卖盘
1732,13:23:00,7.21,0.01,56,40376,买盘
1733,13:22:57,7.2,--,21,15120,卖盘
1734,13:22:54,7.2,-0.01,14,10080,卖盘
1735,13:22:51,7.21,--,22,15862,买盘
1736,13:22:48,7.21,0.01,101,72821,买盘
1737,13:22:45,7.2,-0.01,50,36000,卖盘
1738,13:22:42,7.21,--,6,4326,买盘
1739,13:22:39,7.21,--,1,721,买盘
1740,13:22:36,7.21,0.01,43,31003,买盘
1741,13:22:33,7.2,-0.01,101,72720,卖盘
1742,13:22:27,7.21,--,6,4326,买盘
1743,13:22:21,7.21,--,44,31724,买盘
1744,13:22:18,7.21,0.01,6,4326,买盘
1745,13:22:15,7.2,-0.01,301,216720,卖盘
1746,13:22:12,7.21,--,24,17304,买盘
1747,13:22:09,7.21,0.01,37,26677,买盘
1748,13:22:03,7.2,-0.01,124,89280,卖盘
1749,13:22:00,7.21,0.01,111,80031,买盘
1750,13:21:57,7.2,-0.02,766,551599,卖盘
1751,13:21:54,7.22,0.01,6,4332,买盘
1752,13:21:51,7.21,--,401,289121,卖盘
1753,13:21:48,7.21,--,85,61285,卖盘
1754,13:21:45,7.21,-0.01,123,88791,卖盘
1755,13:21:42,7.22,--,13,9386,买盘
1756,13:21:39,7.22,0.01,10,7220,买盘
1757,13:21:36,7.21,--,160,115360,卖盘
1758,13:21:33,7.21,-0.01,5,3605,卖盘
1759,13:21:30,7.22,--,22,15884,买盘
1760,13:21:27,7.22,--,2,1444,买盘
1761,13:21:24,7.22,--,20,14440,买盘
1762,13:21:21,7.22,--,82,59204,买盘
1763,13:21:18,7.22,--,96,69312,买盘
1764,13:21:15,7.22,0.01,8,5776,买盘
1765,13:21:12,7.21,--,510,367753,卖盘
1766,13:21:09,7.21,--,54,38934,卖盘
1767,13:21:06,7.21,--,16,11536,卖盘
1768,13:21:03,7.21,--,199,143479,卖盘
1769,13:21:00,7.21,--,1771,1277381,买盘
1770,13:20:51,7.21,--,22,15862,买盘
1771,13:20:48,7.21,--,221,159341,买盘
1772,13:20:45,7.21,--,185,133385,买盘
1773,13:20:42,7.21,--,1,721,买盘
1774,13:20:36,7.21,--,138,99498,买盘
1775,13:20:33,7.21,--,25,18025,买盘
1776,13:20:30,7.21,--,12,8652,买盘
1777,13:20:27,7.21,--,24,17304,买盘
1778,13:20:24,7.21,-0.01,1522,1097938,卖盘
1779,13:20:18,7.22,--,27,19494,买盘
1780,13:20:15,7.22,0.01,38,27436,买盘
1781,13:20:12,7.21,-0.01,109,78589,卖盘
1782,13:20:09,7.22,--,96,69312,买盘
1783,13:20:06,7.22,--,44,31768,买盘
1784,13:20:03,7.22,0.01,123,88806,买盘
1785,13:20:00,7.21,-0.01,64,46144,卖盘
1786,13:19:57,7.22,--,17,12274,买盘
1787,13:19:54,7.22,--,18,12996,买盘
1788,13:19:51,7.22,--,12,8664,买盘
1789,13:19:48,7.22,--,1,722,买盘
1790,13:19:45,7.22,--,5,3610,买盘
1791,13:19:42,7.22,0.01,11,7942,买盘
1792,13:19:39,7.21,--,23,16583,卖盘
1793,13:19:36,7.21,-0.01,5,3605,卖盘
1794,13:19:33,7.22,0.01,51,36822,买盘
1795,13:19:30,7.21,--,1406,1013870,买盘
1796,13:19:27,7.21,0.01,431,310751,买盘
1797,13:19:24,7.2,-0.01,1,720,卖盘
1798,13:19:21,7.21,--,91,65611,买盘
1799,13:19:15,7.21,--,58,41818,买盘
1800,13:19:12,7.21,--,32,23072,买盘
1801,13:19:09,7.21,--,36,25956,买盘
1802,13:19:06,7.21,--,6,4326,买盘
1803,13:19:03,7.21,--,261,188181,买盘
1804,13:19:00,7.21,--,40,28840,买盘
1805,13:18:57,7.21,--,10,7210,买盘
1806,13:18:54,7.21,0.01,29,20909,买盘
1807,13:18:48,7.2,--,28,20160,卖盘
1808,13:18:45,7.2,--,20,14400,卖盘
1809,13:18:42,7.2,-0.01,36,25920,卖盘
1810,13:18:39,7.21,--,71,51191,买盘
1811,13:18:36,7.21,--,21,15141,买盘
1812,13:18:33,7.21,--,38,27398,买盘
1813,13:18:30,7.21,0.01,41,29561,买盘
1814,13:18:27,7.2,--,100,72000,卖盘
1815,13:18:24,7.2,-0.01,5,3600,卖盘
1816,13:18:21,7.21,--,12,8652,买盘
1817,13:18:15,7.21,0.01,34,24514,买盘
1818,13:18:12,7.2,--,230,165600,卖盘
1819,13:18:09,7.2,--,126,90720,卖盘
1820,13:18:03,7.2,-0.01,103,74160,卖盘
1821,13:18:00,7.21,0.01,51,36771,买盘
1822,13:17:57,7.2,--,39,28080,卖盘
1823,13:17:54,7.2,-0.01,74,53280,卖盘
1824,13:17:51,7.21,--,22,15862,买盘
1825,13:17:48,7.21,--,8,5768,买盘
1826,13:17:45,7.21,0.01,54,38934,买盘
1827,13:17:42,7.2,--,29,20880,卖盘
1828,13:17:39,7.2,-0.01,55,39600,卖盘
1829,13:17:36,7.21,--,453,326613,买盘
1830,13:17:33,7.21,--,16,11536,买盘
1831,13:17:30,7.21,0.01,15,10815,买盘
1832,13:17:27,7.2,-0.01,36,25920,卖盘
1833,13:17:24,7.21,--,70,50470,买盘
1834,13:17:21,7.21,--,103,74263,买盘
1835,13:17:18,7.21,0.01,28,20188,买盘
1836,13:17:15,7.2,-0.01,43,30960,卖盘
1837,13:17:09,7.21,--,25,18025,买盘
1838,13:17:06,7.21,0.01,2,1442,买盘
1839,13:17:03,7.2,--,31,22320,卖盘
1840,13:17:00,7.2,-0.01,1,720,卖盘
1841,13:16:57,7.21,--,63,45423,买盘
1842,13:16:54,7.21,0.01,78,56238,买盘
1843,13:16:51,7.2,--,932,671040,卖盘
1844,13:16:48,7.2,-0.01,17,12240,卖盘
1845,13:16:45,7.21,0.01,39,28176,买盘
1846,13:16:42,7.2,--,151,108720,买盘
1847,13:16:39,7.2,--,19,13680,买盘
1848,13:16:36,7.2,0.01,1062,764640,买盘
1849,13:16:33,7.19,-0.01,98,70462,卖盘
1850,13:16:30,7.2,--,11,7920,买盘
1851,13:16:27,7.2,--,31,22320,买盘
1852,13:16:24,7.2,--,640,460800,买盘
1853,13:16:21,7.2,--,74,53280,买盘
1854,13:16:18,7.2,-0.01,1372,987991,卖盘
1855,13:16:15,7.21,0.01,58,41818,买盘
1856,13:16:12,7.2,-0.01,29,20880,卖盘
1857,13:16:09,7.21,--,835,602035,买盘
1858,13:16:06,7.21,0.01,20,14420,买盘
1859,13:16:00,7.2,-0.01,58,41760,卖盘
1860,13:15:57,7.21,--,12,8652,买盘
1861,13:15:51,7.21,--,18,12978,买盘
1862,13:15:48,7.21,0.01,570,410970,买盘
1863,13:15:45,7.2,-0.01,10,7200,卖盘
1864,13:15:42,7.21,--,18,12978,买盘
1865,13:15:39,7.21,--,68,49028,买盘
1866,13:15:36,7.21,0.01,46,33166,买盘
1867,13:15:33,7.2,--,50,36000,卖盘
1868,13:15:30,7.2,-0.01,1,720,卖盘
1869,13:15:24,7.21,--,145,104545,买盘
1870,13:15:21,7.21,0.01,58,41818,买盘
1871,13:15:18,7.2,--,316,227520,卖盘
1872,13:15:15,7.2,-0.01,2,1440,卖盘
1873,13:15:12,7.21,0.01,9,6489,买盘
1874,13:15:09,7.2,--,53,38160,卖盘
1875,13:15:06,7.2,-0.01,20,14400,卖盘
1876,13:15:03,7.21,--,28,20188,买盘
1877,13:14:57,7.21,--,60,43260,买盘
1878,13:14:54,7.21,0.01,3,2163,买盘
1879,13:14:51,7.2,-0.01,1,720,卖盘
1880,13:14:48,7.21,--,18,12978,买盘
1881,13:14:45,7.21,--,22,15862,买盘
1882,13:14:42,7.21,--,4,2884,买盘
1883,13:14:39,7.21,--,45,32445,买盘
1884,13:14:36,7.21,--,294,211974,买盘
1885,13:14:33,7.21,0.01,51,36771,买盘
1886,13:14:30,7.2,-0.01,13,9360,卖盘
1887,13:14:24,7.21,--,61,43981,买盘
1888,13:14:21,7.21,0.01,16,11536,买盘
1889,13:14:18,7.2,-0.01,89,64080,卖盘
1890,13:14:15,7.21,--,90,64890,买盘
1891,13:14:12,7.21,--,1042,751282,买盘
1892,13:14:09,7.21,--,131,94451,买盘
1893,13:14:06,7.21,--,30,21630,买盘
1894,13:14:03,7.21,--,2,1442,买盘
1895,13:14:00,7.21,--,336,242256,买盘
1896,13:13:57,7.21,--,34,24514,买盘
1897,13:13:54,7.21,-0.01,2472,1782888,卖盘
1898,13:13:48,7.22,--,315,227430,买盘
1899,13:13:45,7.22,--,42,30324,买盘
1900,13:13:42,7.22,--,464,335008,买盘
1901,13:13:39,7.22,0.01,43,31046,买盘
1902,13:13:33,7.21,-0.01,82,59122,卖盘
1903,13:13:30,7.22,--,10,7220,买盘
1904,13:13:27,7.22,0.01,1,722,买盘
1905,13:13:24,7.21,-0.01,12,8652,卖盘
1906,13:13:21,7.22,--,37,26714,买盘
1907,13:13:18,7.22,--,75,54150,买盘
1908,13:13:12,7.22,--,30,21660,买盘
1909,13:13:09,7.22,0.01,29,20938,买盘
1910,13:13:03,7.21,-0.01,66,47586,卖盘
1911,13:13:00,7.22,--,15,10830,买盘
1912,13:12:57,7.22,0.01,328,236816,买盘
1913,13:12:51,7.21,-0.01,30,21630,卖盘
1914,13:12:48,7.22,--,33,23826,买盘
1915,13:12:45,7.22,0.01,150,108300,买盘
1916,13:12:42,7.21,-0.01,3,2163,卖盘
1917,13:12:39,7.22,--,55,39710,买盘
1918,13:12:36,7.22,--,4,2888,买盘
1919,13:12:33,7.22,--,36,25992,买盘
1920,13:12:30,7.22,--,48,34656,买盘
1921,13:12:27,7.22,--,279,201438,买盘
1922,13:12:24,7.22,--,20,14440,买盘
1923,13:12:21,7.22,--,107,77254,买盘
1924,13:12:18,7.22,--,191,137902,买盘
1925,13:12:15,7.22,0.01,1,722,买盘
1926,13:12:12,7.21,-0.01,68,49028,卖盘
1927,13:12:09,7.22,0.01,574,414428,买盘
1928,13:12:06,7.21,-0.01,20,14420,卖盘
1929,13:12:03,7.22,--,35,25270,买盘
1930,13:12:00,7.22,--,1,722,买盘
1931,13:11:57,7.22,--,10,7220,买盘
1932,13:11:54,7.22,--,52,37544,买盘
1933,13:11:51,7.22,0.01,29,20938,买盘
1934,13:11:48,7.21,--,12,8652,卖盘
1935,13:11:45,7.21,--,18,12978,卖盘
1936,13:11:42,7.21,-0.01,58,41818,卖盘
1937,13:11:39,7.22,--,256,184976,买盘
1938,13:11:36,7.22,--,24,17328,买盘
1939,13:11:30,7.22,--,126,90972,买盘
1940,13:11:27,7.22,0.01,318,229596,买盘
1941,13:11:24,7.21,-0.01,77,55517,卖盘
1942,13:11:21,7.22,--,11,7942,买盘
1943,13:11:18,7.22,0.01,89,64258,买盘
1944,13:11:15,7.21,-0.01,44,31724,卖盘
1945,13:11:12,7.22,--,55,39710,买盘
1946,13:11:09,7.22,--,44,31768,买盘
1947,13:11:06,7.22,--,259,186998,买盘
1948,13:11:03,7.22,--,88,63536,买盘
1949,13:11:00,7.22,0.01,56,40432,买盘
1950,13:10:57,7.21,-0.01,3,2163,卖盘
1951,13:10:54,7.22,--,6,4332,买盘
1952,13:10:51,7.22,0.01,15,10830,买盘
1953,13:10:48,7.21,-0.01,249,179529,卖盘
1954,13:10:45,7.22,--,6,4332,买盘
1955,13:10:42,7.22,0.01,263,189886,买盘
1956,13:10:39,7.21,-0.01,45,32445,卖盘
1957,13:10:36,7.22,--,44,31768,买盘
1958,13:10:33,7.22,--,24,17328,买盘
1959,13:10:27,7.22,0.01,83,59926,买盘
1960,13:10:24,7.21,--,3,2163,买盘
1961,13:10:21,7.21,--,114,82194,买盘
1962,13:10:18,7.21,--,26,18746,买盘
1963,13:10:15,7.21,--,59,42539,买盘
1964,13:10:12,7.21,--,87,62727,买盘
1965,13:10:09,7.21,--,416,299936,买盘
1966,13:10:06,7.21,-0.01,52,37492,卖盘
1967,13:10:03,7.22,0.01,1,722,买盘
1968,13:09:54,7.21,0.01,143,103103,买盘
1969,13:09:51,7.2,-0.01,19,13680,卖盘
1970,13:09:48,7.21,--,66,47586,买盘
1971,13:09:45,7.21,--,3,2163,买盘
1972,13:09:42,7.21,--,11,7931,买盘
1973,13:09:39,7.21,--,25,18025,买盘
1974,13:09:36,7.21,--,10,7210,买盘
1975,13:09:33,7.21,--,1,721,买盘
1976,13:09:30,7.21,--,15,10815,买盘
1977,13:09:27,7.21,-0.01,1005,724605,卖盘
1978,13:09:24,7.22,--,30,21660,买盘
1979,13:09:21,7.22,--,3,2166,买盘
1980,13:09:18,7.22,0.01,229,165338,买盘
1981,13:09:15,7.21,-0.01,37,26677,卖盘
1982,13:09:12,7.22,0.01,60,43320,买盘
1983,13:09:09,7.21,--,56,40376,卖盘
1984,13:09:06,7.21,-0.01,26,18746,卖盘
1985,13:09:03,7.22,0.01,26,18772,买盘
1986,13:09:00,7.21,--,64,46144,卖盘
1987,13:08:57,7.21,--,190,136990,卖盘
1988,13:08:54,7.21,--,3,2163,卖盘
1989,13:08:51,7.21,-0.01,21,15141,卖盘
1990,13:08:48,7.22,--,46,33212,买盘
1991,13:08:45,7.22,0.01,37,26714,买盘
1992,13:08:42,7.21,-0.01,8,5768,卖盘
1993,13:08:39,7.22,0.01,40,28880,买盘
1994,13:08:36,7.21,-0.01,121,87241,卖盘
1995,13:08:33,7.22,--,153,110466,买盘
1996,13:08:30,7.22,0.01,13,9386,买盘
1997,13:08:27,7.21,-0.01,47,33887,卖盘
1998,13:08:24,7.22,--,81,58482,买盘
1999,13:08:21,7.22,--,89,64258,买盘
2000,13:08:18,7.22,--,33,23826,买盘
2001,13:08:15,7.22,--,666,480852,买盘
2002,13:08:12,7.22,--,236,170392,买盘
2003,13:08:09,7.22,0.01,42,30324,买盘
2004,13:08:06,7.21,-0.01,36,25956,卖盘
2005,13:08:03,7.22,--,5,3610,买盘
2006,13:08:00,7.22,--,40,28880,买盘
2007,13:07:57,7.22,--,16,11552,买盘
2008,13:07:54,7.22,--,150,108300,买盘
2009,13:07:51,7.22,--,38,27436,买盘
2010,13:07:48,7.22,--,36,25992,买盘
2011,13:07:45,7.22,--,39,28158,买盘
2012,13:07:42,7.22,0.01,491,354502,买盘
2013,13:07:39,7.21,--,19,13699,卖盘
2014,13:07:36,7.21,--,350,252350,卖盘
2015,13:07:33,7.21,-0.01,192,138432,卖盘
2016,13:07:30,7.22,--,20,14440,买盘
2017,13:07:27,7.22,--,153,110466,买盘
2018,13:07:24,7.22,--,48,34656,买盘
2019,13:07:21,7.22,--,180,129960,买盘
2020,13:07:18,7.22,--,70,50540,买盘
2021,13:07:15,7.22,--,40,28880,买盘
2022,13:07:12,7.22,--,163,117686,买盘
2023,13:07:09,7.22,--,37,26714,买盘
2024,13:07:06,7.22,--,219,158118,买盘
2025,13:07:03,7.22,--,23,16606,买盘
2026,13:07:00,7.22,--,547,394934,买盘
2027,13:06:57,7.22,--,89,64258,买盘
2028,13:06:54,7.22,--,62,44764,买盘
2029,13:06:51,7.22,--,142,102524,买盘
2030,13:06:48,7.22,--,429,309738,买盘
2031,13:06:45,7.22,--,160,115520,买盘
2032,13:06:42,7.22,--,29,20938,买盘
2033,13:06:39,7.22,0.01,599,432478,买盘
2034,13:06:36,7.21,-0.01,30,21630,卖盘
2035,13:06:33,7.22,0.01,12,8664,买盘
2036,13:06:30,7.21,--,46,33166,卖盘
2037,13:06:27,7.21,-0.01,2,1442,卖盘
2038,13:06:24,7.22,--,72,51984,买盘
2039,13:06:21,7.22,0.01,1176,849072,买盘
2040,13:06:18,7.21,0.01,582,419622,买盘
2041,13:06:15,7.2,--,10,7200,卖盘
2042,13:06:12,7.2,-0.01,15,10800,卖盘
2043,13:06:09,7.21,0.01,41,29561,买盘
2044,13:06:06,7.2,-0.01,68,48960,卖盘
2045,13:06:03,7.21,--,69,49749,买盘
2046,13:06:00,7.21,--,26,18746,买盘
2047,13:05:57,7.21,--,63,45423,买盘
2048,13:05:54,7.21,--,18,12978,买盘
2049,13:05:51,7.21,--,5,3605,买盘
2050,13:05:45,7.21,--,22,15862,买盘
2051,13:05:42,7.21,--,46,33166,买盘
2052,13:05:39,7.21,0.01,29,20909,买盘
2053,13:05:36,7.2,-0.01,5,3600,卖盘
2054,13:05:33,7.21,0.01,10,7210,买盘
2055,13:05:30,7.2,-0.01,100,72000,卖盘
2056,13:05:27,7.21,--,1,721,买盘
2057,13:05:24,7.21,0.01,28,20188,买盘
2058,13:05:21,7.2,-0.01,63,45360,卖盘
2059,13:05:18,7.21,0.01,139,100219,买盘
2060,13:05:15,7.2,--,49,35280,卖盘
2061,13:05:12,7.2,--,63,45360,卖盘
2062,13:05:09,7.2,--,116,83520,卖盘
2063,13:05:06,7.2,-0.01,136,97920,卖盘
2064,13:05:03,7.21,--,47,33887,买盘
2065,13:05:00,7.21,--,166,119686,买盘
2066,13:04:57,7.21,0.01,55,39655,买盘
2067,13:04:54,7.2,-0.01,32,23040,卖盘
2068,13:04:51,7.21,0.01,10,7210,买盘
2069,13:04:48,7.2,-0.01,45,32400,卖盘
2070,13:04:45,7.21,--,5,3605,买盘
2071,13:04:42,7.21,--,450,324450,买盘
2072,13:04:33,7.21,0.01,83,59843,买盘
2073,13:04:30,7.2,--,5789,4168137,买盘
2074,13:04:24,7.2,--,29,20880,买盘
2075,13:04:21,7.2,--,86,61920,买盘
2076,13:04:18,7.2,--,46,33120,买盘
2077,13:04:12,7.2,0.01,1,720,买盘
2078,13:04:09,7.19,--,16,11504,卖盘
2079,13:04:06,7.19,-0.01,63,45297,卖盘
2080,13:04:03,7.2,--,17,12240,买盘
2081,13:04:00,7.2,--,76,54720,买盘
2082,13:03:57,7.2,--,50,36000,买盘
2083,13:03:54,7.2,--,32,23040,买盘
2084,13:03:51,7.2,--,107,77040,买盘
2085,13:03:48,7.2,0.01,224,161280,买盘
2086,13:03:45,7.19,-0.01,95,68305,卖盘
2087,13:03:42,7.2,--,41,29520,买盘
2088,13:03:39,7.2,--,10,7200,买盘
2089,13:03:36,7.2,--,82,59040,买盘
2090,13:03:30,7.2,0.01,7,5040,买盘
2091,13:03:24,7.19,-0.01,100,71900,卖盘
2092,13:03:21,7.2,0.01,1,720,买盘
2093,13:03:18,7.19,--,53,38107,卖盘
2094,13:03:15,7.19,0.01,840,604276,买盘
2095,13:03:12,7.18,-0.01,99,71082,卖盘
2096,13:03:09,7.19,0.01,48,34512,买盘
2097,13:03:06,7.18,-0.01,68,48824,卖盘
2098,13:03:03,7.19,--,23,16537,买盘
2099,13:03:00,7.19,--,107,76933,买盘
2100,13:02:54,7.19,0.01,1,719,买盘
2101,13:02:51,7.18,-0.01,20,14360,卖盘
2102,13:02:48,7.19,--,2,1438,买盘
2103,13:02:45,7.19,0.01,83,59677,买盘
2104,13:02:42,7.18,-0.01,60,43080,卖盘
2105,13:02:39,7.19,--,8,5752,买盘
2106,13:02:36,7.19,--,158,113602,买盘
2107,13:02:33,7.19,--,88,63272,买盘
2108,13:02:30,7.19,--,75,53925,买盘
2109,13:02:27,7.19,--,8,5752,买盘
2110,13:02:24,7.19,--,30,21570,买盘
2111,13:02:21,7.19,--,28,20132,买盘
2112,13:02:18,7.19,--,34,24446,买盘
2113,13:02:15,7.19,--,36,25884,买盘
2114,13:02:12,7.19,--,125,89875,买盘
2115,13:02:09,7.19,--,24,17256,买盘
2116,13:02:06,7.19,--,378,271782,买盘
2117,13:02:03,7.19,--,37,26603,买盘
2118,13:02:00,7.19,--,62,44578,买盘
2119,13:01:57,7.19,0.01,150,107850,买盘
2120,13:01:54,7.18,-0.01,32,22976,卖盘
2121,13:01:51,7.19,--,15,10785,买盘
2122,13:01:48,7.19,--,17,12223,买盘
2123,13:01:45,7.19,--,226,162494,买盘
2124,13:01:42,7.19,--,68,48892,买盘
2125,13:01:39,7.19,--,41,29479,买盘
2126,13:01:36,7.19,--,45,32355,买盘
2127,13:01:33,7.19,0.01,106,76214,买盘
2128,13:01:27,7.18,--,74,53132,买盘
2129,13:01:18,7.18,--,7,5026,买盘
2130,13:01:15,7.18,--,18,12924,买盘
2131,13:01:12,7.18,--,37,26566,买盘
2132,13:01:09,7.18,--,125,89750,卖盘
2133,13:01:06,7.18,-0.01,20,14360,卖盘
2134,13:01:03,7.19,--,138,99222,买盘
2135,13:01:00,7.19,0.02,236,169684,买盘
2136,13:00:51,7.17,--,35,25095,卖盘
2137,13:00:48,7.17,-0.01,87,62379,卖盘
2138,13:00:45,7.18,--,50,35900,买盘
2139,13:00:42,7.18,--,6,4308,买盘
2140,13:00:39,7.18,--,4,2872,买盘
2141,13:00:36,7.18,-0.01,1,718,中性盘
2142,13:00:30,7.19,0.02,26,18694,买盘
2143,13:00:27,7.17,-0.01,93,66681,卖盘
2144,13:00:24,7.18,--,11,7898,买盘
2145,13:00:21,7.18,0.01,773,555014,买盘
2146,13:00:15,7.17,--,315,225855,卖盘
2147,13:00:12,7.17,--,413,296121,卖盘
2148,13:00:09,7.17,--,169,121173,卖盘
2149,13:00:06,7.17,--,904,648168,卖盘
2150,13:00:03,7.17,0.01,7665,5496091,买盘
2151,13:00:00,7.16,-0.01,6,4296,卖盘
2152,11:30:00,7.17,--,425,304725,买盘
2153,11:29:57,7.17,--,46,32982,买盘
2154,11:29:54,7.17,0.01,20,14340,买盘
2155,11:29:51,7.16,--,226,161816,卖盘
2156,11:29:48,7.16,-0.01,15,10740,卖盘
2157,11:29:45,7.17,--,38,27246,买盘
2158,11:29:42,7.17,--,32,22944,买盘
2159,11:29:39,7.17,0.01,9,6453,买盘
2160,11:29:33,7.16,-0.01,13,9308,卖盘
2161,11:29:30,7.17,--,31,22227,买盘
2162,11:29:27,7.17,0.01,32,22944,买盘
2163,11:29:24,7.16,-0.01,10,7160,卖盘
2164,11:29:21,7.17,--,46,32982,买盘
2165,11:29:18,7.17,0.01,24,17208,买盘
2166,11:29:15,7.16,--,194,138904,卖盘
2167,11:29:12,7.16,-0.01,13,9308,卖盘
2168,11:29:09,7.17,--,117,83889,买盘
2169,11:29:06,7.17,--,85,60945,买盘
2170,11:29:03,7.17,--,19,13623,买盘
2171,11:29:00,7.17,--,22,15774,买盘
2172,11:28:57,7.17,--,1427,1023703,卖盘
2173,11:28:54,7.17,-0.01,21,15057,卖盘
2174,11:28:51,7.18,--,16,11488,买盘
2175,11:28:45,7.18,0.01,48,34464,买盘
2176,11:28:42,7.17,-0.01,26,18642,卖盘
2177,11:28:39,7.18,--,12,8616,买盘
2178,11:28:33,7.18,--,1,718,买盘
2179,11:28:30,7.18,0.01,45,32310,买盘
2180,11:28:27,7.17,-0.01,8,5736,卖盘
2181,11:28:24,7.18,--,50,35900,买盘
2182,11:28:21,7.18,--,4,2872,买盘
2183,11:28:18,7.18,0.01,5,3590,买盘
2184,11:28:15,7.17,-0.01,60,43020,卖盘
2185,11:28:12,7.18,--,1,718,买盘
2186,11:28:06,7.18,0.01,363,260806,买盘
2187,11:28:03,7.17,--,23,16491,买盘
2188,11:28:00,7.17,--,1,717,买盘
2189,11:27:57,7.17,--,16,11472,买盘
2190,11:27:54,7.17,--,193,138381,买盘
2191,11:27:51,7.17,--,281,201477,买盘
2192,11:27:48,7.17,--,9,6453,买盘
2193,11:27:45,7.17,--,269,193417,卖盘
2194,11:27:42,7.17,--,11,7887,卖盘
2195,11:27:39,7.17,--,96,68832,卖盘
2196,11:27:36,7.17,--,211,151287,卖盘
2197,11:27:33,7.17,--,223,159891,卖盘
2198,11:27:30,7.17,-0.01,221,158457,卖盘
2199,11:27:27,7.18,--,89,63902,买盘
2200,11:27:24,7.18,--,7,5026,买盘
2201,11:27:21,7.18,0.02,354,254344,买盘
2202,11:27:15,7.16,-0.01,342,244872,卖盘
2203,11:27:12,7.17,--,549,393633,买盘
2204,11:27:09,7.17,--,405,290385,买盘
2205,11:27:06,7.17,0.01,388,278196,买盘
2206,11:27:03,7.16,--,26,18616,卖盘
2207,11:27:00,7.16,--,71,50836,卖盘
2208,11:26:57,7.16,-0.01,185,132460,卖盘
2209,11:26:54,7.17,--,68,48756,买盘
2210,11:26:51,7.17,--,51,36567,买盘
2211,11:26:48,7.17,--,41,29397,买盘
2212,11:26:45,7.17,--,133,95361,买盘
2213,11:26:42,7.17,0.01,135,96795,买盘
2214,11:26:39,7.16,-0.01,87,62292,卖盘
2215,11:26:36,7.17,--,10,7170,买盘
2216,11:26:33,7.17,--,42,30114,买盘
2217,11:26:30,7.17,--,113,81021,买盘
2218,11:26:27,7.17,--,60,43020,买盘
2219,11:26:24,7.17,--,124,88908,买盘
2220,11:26:21,7.17,0.01,42,30114,买盘
2221,11:26:18,7.16,-0.01,1086,777576,卖盘
2222,11:26:15,7.17,0.01,61,43737,买盘
2223,11:26:12,7.16,-0.01,2,1432,卖盘
2224,11:26:09,7.17,--,1,717,买盘
2225,11:26:06,7.17,--,26,18642,买盘
2226,11:26:03,7.17,--,165,118305,买盘
2227,11:26:00,7.17,--,8,5736,买盘
2228,11:25:57,7.17,--,34,24378,买盘
2229,11:25:54,7.17,--,29,20793,买盘
2230,11:25:51,7.17,--,36,25812,买盘
2231,11:25:48,7.17,-0.01,108,77980,卖盘
2232,11:25:45,7.18,0.01,1141,819238,买盘
2233,11:25:42,7.17,--,10,7170,卖盘
2234,11:25:39,7.17,--,61,43737,卖盘
2235,11:25:36,7.17,-0.01,912,653904,卖盘
2236,11:25:33,7.18,0.01,105,75390,买盘
2237,11:25:30,7.17,--,111,79587,卖盘
2238,11:25:24,7.17,--,11,7887,卖盘
2239,11:25:21,7.17,-0.01,103,73851,卖盘
2240,11:25:18,7.18,0.01,26,18668,买盘
2241,11:25:15,7.17,-0.01,8,5736,卖盘
2242,11:25:12,7.18,0.01,141,101238,买盘
2243,11:25:09,7.17,--,12,8604,卖盘
2244,11:25:06,7.17,-0.01,198,141966,卖盘
2245,11:25:03,7.18,--,219,157414,买盘
2246,11:25:00,7.18,--,36,25848,买盘
2247,11:24:54,7.18,--,34,24412,买盘
2248,11:24:51,7.18,--,62,44516,买盘
2249,11:24:48,7.18,--,291,208938,买盘
2250,11:24:45,7.18,--,58,41644,买盘
2251,11:24:42,7.18,--,139,99802,买盘
2252,11:24:39,7.18,--,10,7180,买盘
2253,11:24:36,7.18,0.01,85,61030,买盘
2254,11:24:33,7.17,--,219,157023,卖盘
2255,11:24:30,7.17,--,53,38001,卖盘
2256,11:24:27,7.17,--,14,10038,卖盘
2257,11:24:24,7.17,--,318,228006,卖盘
2258,11:24:21,7.17,-0.01,37,26529,卖盘
2259,11:24:18,7.18,0.01,5,3590,买盘
2260,11:24:15,7.17,--,181,129777,卖盘
2261,11:24:12,7.17,--,247,177099,卖盘
2262,11:24:09,7.17,--,10,7170,卖盘
2263,11:24:06,7.17,--,36,25812,卖盘
2264,11:24:03,7.17,--,69,49473,卖盘
2265,11:24:00,7.17,-0.01,142,101814,卖盘
2266,11:23:57,7.18,--,49,35182,买盘
2267,11:23:51,7.18,0.01,9,6462,买盘
2268,11:23:48,7.17,-0.01,110,78870,卖盘
2269,11:23:45,7.18,--,20,14360,买盘
2270,11:23:42,7.18,0.01,51,36618,买盘
2271,11:23:39,7.17,-0.01,2,1434,卖盘
2272,11:23:36,7.18,0.01,5,3590,买盘
2273,11:23:33,7.17,--,514,368538,卖盘
2274,11:23:30,7.17,-0.01,25,17925,卖盘
2275,11:23:27,7.18,--,198,142164,买盘
2276,11:23:24,7.18,--,16,11488,买盘
2277,11:23:21,7.18,0.01,38,27284,买盘
2278,11:23:18,7.17,-0.01,51,36567,卖盘
2279,11:23:15,7.18,--,49,35182,买盘
2280,11:23:12,7.18,0.01,51,36618,买盘
2281,11:23:09,7.17,-0.01,9,6453,卖盘
2282,11:23:06,7.18,--,8,5744,买盘
2283,11:23:03,7.18,--,145,104110,买盘
2284,11:23:00,7.18,--,115,82570,买盘
2285,11:22:57,7.18,--,36,25848,买盘
2286,11:22:54,7.18,--,37,26566,买盘
2287,11:22:51,7.18,--,90,64620,买盘
2288,11:22:45,7.18,--,36,25848,买盘
2289,11:22:42,7.18,--,40,28720,买盘
2290,11:22:39,7.18,--,53,38054,买盘
2291,11:22:36,7.18,--,12,8616,买盘
2292,11:22:33,7.18,--,785,563630,卖盘
2293,11:22:30,7.18,-0.01,264,189552,卖盘
2294,11:22:27,7.19,--,9,6471,买盘
2295,11:22:24,7.19,0.01,15,10785,买盘
2296,11:22:21,7.18,--,147,105546,买盘
2297,11:22:18,7.18,--,56,40208,买盘
2298,11:22:15,7.18,--,50,35900,买盘
2299,11:22:12,7.18,-0.01,38,27284,卖盘
2300,11:22:09,7.19,--,40,28760,买盘
2301,11:22:06,7.19,--,141,101379,买盘
2302,11:22:03,7.19,--,6,4314,买盘
2303,11:22:00,7.19,--,325,233675,买盘
2304,11:21:57,7.19,--,226,162494,买盘
2305,11:21:54,7.19,--,200,143800,买盘
2306,11:21:48,7.19,0.01,79,56801,买盘
2307,11:21:45,7.18,-0.01,116,83288,卖盘
2308,11:21:42,7.19,--,2,1438,买盘
2309,11:21:39,7.19,0.01,15,10785,买盘
2310,11:21:36,7.18,-0.01,31,22258,卖盘
2311,11:21:33,7.19,0.01,250,179750,买盘
2312,11:21:30,7.18,--,76,54568,卖盘
2313,11:21:24,7.18,--,3,2154,卖盘
2314,11:21:21,7.18,--,21,15078,卖盘
2315,11:21:15,7.18,--,70,50260,买盘
2316,11:21:12,7.18,--,78,56004,买盘
2317,11:21:09,7.18,0.01,10,7180,买盘
2318,11:21:06,7.17,--,218,156306,卖盘
2319,11:21:03,7.17,-0.01,150,107550,卖盘
2320,11:21:00,7.18,--,44,31592,买盘
2321,11:20:57,7.18,--,66,47388,买盘
2322,11:20:54,7.18,--,117,84006,买盘
2323,11:20:51,7.18,--,80,57440,买盘
2324,11:20:48,7.18,0.01,200,143600,买盘
2325,11:20:45,7.17,-0.01,37,26529,卖盘
2326,11:20:42,7.18,--,1089,781902,买盘
2327,11:20:39,7.18,--,235,168730,买盘
2328,11:20:36,7.18,--,326,234068,买盘
2329,11:20:33,7.18,0.01,70,50260,买盘
2330,11:20:30,7.17,-0.01,21,15057,卖盘
2331,11:20:27,7.18,0.01,10,7180,买盘
2332,11:20:24,7.17,-0.01,5,3585,卖盘
2333,11:20:21,7.18,--,33,23694,买盘
2334,11:20:18,7.18,--,73,52414,买盘
2335,11:20:15,7.18,--,74,53132,买盘
2336,11:20:12,7.18,0.01,19,13642,买盘
2337,11:20:09,7.17,--,22,15774,卖盘
2338,11:20:06,7.17,--,30,21510,卖盘
2339,11:20:03,7.17,-0.01,37,26529,卖盘
2340,11:20:00,7.18,0.01,43,30874,买盘
2341,11:19:57,7.17,0.01,160,114720,买盘
2342,11:19:54,7.16,--,1040,744640,卖盘
2343,11:19:51,7.16,-0.01,21,15036,卖盘
2344,11:19:48,7.17,--,10,7170,买盘
2345,11:19:45,7.17,--,24,17208,买盘
2346,11:19:42,7.17,--,436,312612,买盘
2347,11:19:39,7.17,0.01,38,27246,买盘
2348,11:19:36,7.16,-0.01,556,398096,卖盘
2349,11:19:33,7.17,--,588,421596,买盘
2350,11:19:30,7.17,--,358,256686,买盘
2351,11:19:27,7.17,--,206,147702,买盘
2352,11:19:24,7.17,--,78,55926,买盘
2353,11:19:21,7.17,0.01,140,100380,买盘
2354,11:19:18,7.16,-0.01,1,716,卖盘
2355,11:19:15,7.17,--,205,146985,买盘
2356,11:19:12,7.17,--,199,142683,买盘
2357,11:19:09,7.17,0.01,80,57360,买盘
2358,11:19:06,7.16,--,192,137472,卖盘
2359,11:19:03,7.16,-0.01,407,291412,卖盘
2360,11:19:00,7.17,--,27,19359,买盘
2361,11:18:57,7.17,0.01,128,91776,买盘
2362,11:18:54,7.16,--,860,615760,卖盘
2363,11:18:51,7.16,-0.01,273,195468,卖盘
2364,11:18:48,7.17,0.01,734,526278,买盘
2365,11:18:45,7.16,--,656,469696,卖盘
2366,11:18:42,7.16,-0.01,7,5012,卖盘
2367,11:18:39,7.17,0.01,252,180684,买盘
2368,11:18:36,7.16,-0.01,31,22196,卖盘
2369,11:18:33,7.17,--,137,98229,买盘
2370,11:18:30,7.17,--,317,227289,买盘
2371,11:18:24,7.17,--,78,55926,买盘
2372,11:18:18,7.17,--,73,52341,买盘
2373,11:18:15,7.17,--,423,303291,买盘
2374,11:18:12,7.17,0.01,39,27963,买盘
2375,11:18:09,7.16,-0.01,678,485448,卖盘
2376,11:18:06,7.17,--,123,88191,买盘
2377,11:18:03,7.17,--,21,15057,买盘
2378,11:18:00,7.17,--,63,45171,买盘
2379,11:17:57,7.17,--,283,202911,卖盘
2380,11:17:54,7.17,--,190,136230,买盘
2381,11:17:51,7.17,--,36,25812,买盘
2382,11:17:48,7.17,--,127,91059,买盘
2383,11:17:45,7.17,--,271,194307,买盘
2384,11:17:42,7.17,--,50,35850,买盘
2385,11:17:39,7.17,--,12,8604,买盘
2386,11:17:36,7.17,--,96,68832,卖盘
2387,11:17:33,7.17,-0.01,59,42303,卖盘
2388,11:17:30,7.18,--,31,22258,买盘
2389,11:17:27,7.18,--,104,74672,买盘
2390,11:17:24,7.18,0.02,77,55286,买盘
2391,11:17:21,7.16,-0.02,4201,3007916,卖盘
2392,11:17:18,7.18,--,2,1436,买盘
2393,11:17:15,7.18,--,27,19386,买盘
2394,11:17:12,7.18,--,101,72518,买盘
2395,11:17:09,7.18,-0.01,1873,1344814,卖盘
2396,11:17:06,7.19,0.01,509,365971,买盘
2397,11:17:03,7.18,--,541,388438,卖盘
2398,11:17:00,7.18,--,633,454494,卖盘
2399,11:16:57,7.18,-0.01,544,390592,卖盘
2400,11:16:54,7.19,0.01,127,91313,买盘
2401,11:16:51,7.18,-0.01,103,73954,卖盘
2402,11:16:48,7.19,--,43,30917,买盘
2403,11:16:45,7.19,--,56,40264,买盘
2404,11:16:42,7.19,0.01,35,25165,买盘
2405,11:16:36,7.18,-0.01,37,26566,卖盘
2406,11:16:33,7.19,0.01,227,163213,买盘
2407,11:16:30,7.18,-0.01,96,68928,卖盘
2408,11:16:27,7.19,--,234,168821,卖盘
2409,11:16:24,7.19,--,293,210667,卖盘
2410,11:16:21,7.19,--,591,424929,卖盘
2411,11:16:18,7.19,--,543,390417,卖盘
2412,11:16:15,7.19,--,16,11504,卖盘
2413,11:16:12,7.19,--,501,360219,卖盘
2414,11:16:09,7.19,-0.01,314,225766,卖盘
2415,11:16:06,7.2,--,510,367200,买盘
2416,11:16:03,7.2,0.01,90,64800,买盘
2417,11:16:00,7.19,--,600,431400,卖盘
2418,11:15:54,7.19,--,76,54644,卖盘
2419,11:15:51,7.19,--,26,18694,卖盘
2420,11:15:48,7.19,-0.01,111,79809,卖盘
2421,11:15:45,7.2,--,377,271440,买盘
2422,11:15:42,7.2,--,266,191520,买盘
2423,11:15:39,7.2,--,25,18000,买盘
2424,11:15:33,7.2,0.01,43,30960,买盘
2425,11:15:30,7.19,-0.01,21,15099,卖盘
2426,11:15:27,7.2,--,24,17280,买盘
2427,11:15:24,7.2,--,84,60480,买盘
2428,11:15:21,7.2,0.01,100,72000,买盘
2429,11:15:15,7.19,--,29,20851,卖盘
2430,11:15:12,7.19,-0.01,266,191254,卖盘
2431,11:15:09,7.2,--,8,5760,买盘
2432,11:15:03,7.2,--,89,64080,买盘
2433,11:15:00,7.2,--,44,31680,买盘
2434,11:14:57,7.2,--,41,29520,买盘
2435,11:14:54,7.2,--,1,720,买盘
2436,11:14:51,7.2,--,35,25200,买盘
2437,11:14:48,7.2,--,28,20160,买盘
2438,11:14:45,7.2,--,183,131760,买盘
2439,11:14:42,7.2,--,51,36720,买盘
2440,11:14:39,7.2,--,30,21600,买盘
2441,11:14:36,7.2,--,5,3600,买盘
2442,11:14:33,7.2,0.01,38,27360,买盘
2443,11:14:30,7.19,--,20,14955,卖盘
2444,11:14:27,7.19,-0.01,23,16537,卖盘
2445,11:14:24,7.2,--,84,60480,买盘
2446,11:14:21,7.2,--,1,720,买盘
2447,11:14:18,7.2,0.01,8,5760,买盘
2448,11:14:15,7.19,-0.01,301,216419,卖盘
2449,11:14:12,7.2,0.01,18,12960,买盘
2450,11:14:09,7.19,--,55,39545,卖盘
2451,11:14:06,7.19,--,200,143800,卖盘
2452,11:14:03,7.19,-0.01,29,20851,卖盘
2453,11:14:00,7.2,--,83,59760,买盘
2454,11:13:57,7.2,--,57,41040,买盘
2455,11:13:54,7.2,0.01,105,75600,买盘
2456,11:13:51,7.19,-0.01,15,10785,卖盘
2457,11:13:48,7.2,0.01,294,211680,买盘
2458,11:13:45,7.19,--,141,101379,卖盘
2459,11:13:42,7.19,-0.01,1139,818941,卖盘
2460,11:13:39,7.2,--,92,66240,买盘
2461,11:13:36,7.2,--,40,28800,买盘
2462,11:13:33,7.2,--,88,63360,买盘
2463,11:13:30,7.2,0.01,248,178560,买盘
2464,11:13:27,7.19,-0.01,84,60396,卖盘
2465,11:13:21,7.2,0.01,16,11520,买盘
2466,11:13:18,7.19,-0.01,18,12942,卖盘
2467,11:13:15,7.2,--,6,4320,买盘
2468,11:13:12,7.2,--,301,216720,买盘
2469,11:13:09,7.2,0.01,1,720,买盘
2470,11:13:06,7.19,-0.01,100,71900,卖盘
2471,11:13:03,7.2,--,83,59760,买盘
2472,11:12:57,7.2,--,5,3600,买盘
2473,11:12:54,7.2,0.01,229,164880,买盘
2474,11:12:51,7.19,--,200,143800,卖盘
2475,11:12:48,7.19,--,69,49611,卖盘
2476,11:12:45,7.19,-0.01,583,419177,卖盘
2477,11:12:42,7.2,--,149,107280,买盘
2478,11:12:39,7.2,--,108,77760,买盘
2479,11:12:36,7.2,--,11,7920,买盘
2480,11:12:33,7.2,0.01,53,38160,买盘
2481,11:12:30,7.19,--,61,43859,卖盘
2482,11:12:27,7.19,-0.01,102,73338,卖盘
2483,11:12:24,7.2,--,62,44640,买盘
2484,11:12:21,7.2,--,302,217440,买盘
2485,11:12:18,7.2,--,5,3600,买盘
2486,11:12:15,7.2,--,73,52560,买盘
2487,11:12:12,7.2,0.01,26,18720,买盘
2488,11:12:09,7.19,--,217,156023,卖盘
2489,11:12:06,7.19,-0.01,2,1438,卖盘
2490,11:12:03,7.2,--,21,15120,买盘
2491,11:12:00,7.2,--,122,87840,买盘
2492,11:11:57,7.2,--,57,41040,买盘
2493,11:11:54,7.2,--,48,34560,买盘
2494,11:11:51,7.2,--,10,7200,买盘
2495,11:11:48,7.2,--,22,15840,买盘
2496,11:11:42,7.2,--,97,69840,买盘
2497,11:11:39,7.2,0.01,67,48240,买盘
2498,11:11:36,7.19,-0.01,8,5752,卖盘
2499,11:11:30,7.2,--,61,43920,买盘
2500,11:11:27,7.2,--,123,88560,买盘
2501,11:11:21,7.2,--,12,8640,买盘
2502,11:11:18,7.2,--,150,108000,买盘
2503,11:11:15,7.2,--,114,82080,买盘
2504,11:11:12,7.2,--,37,26640,买盘
2505,11:11:09,7.2,-0.01,2570,1850400,卖盘
2506,11:11:03,7.21,--,65,46865,买盘
2507,11:11:00,7.21,--,123,88683,买盘
2508,11:10:57,7.21,--,8,5768,买盘
2509,11:10:54,7.21,--,1,721,买盘
2510,11:10:51,7.21,--,20,14420,买盘
2511,11:10:48,7.21,--,67,48307,买盘
2512,11:10:45,7.21,--,141,101661,买盘
2513,11:10:42,7.21,-0.01,1693,1220653,卖盘
2514,11:10:39,7.22,--,68,49096,买盘
2515,11:10:36,7.22,--,28,20216,买盘
2516,11:10:30,7.22,0.01,46,33212,买盘
2517,11:10:27,7.21,-0.01,105,75705,卖盘
2518,11:10:24,7.22,--,36,25992,买盘
2519,11:10:21,7.22,0.01,19,13718,买盘
2520,11:10:18,7.21,--,6,4326,卖盘
2521,11:10:15,7.21,-0.01,1,721,卖盘
2522,11:10:09,7.22,--,11,7942,买盘
2523,11:10:03,7.22,0.01,58,41876,买盘
2524,11:10:00,7.21,--,20,14420,卖盘
2525,11:09:57,7.21,-0.01,6,4326,卖盘
2526,11:09:54,7.22,0.01,26,18772,买盘
2527,11:09:51,7.21,-0.01,204,147084,卖盘
2528,11:09:45,7.22,--,29,20938,买盘
2529,11:09:42,7.22,--,19,13718,买盘
2530,11:09:39,7.22,0.01,5,3610,买盘
2531,11:09:36,7.21,-0.01,174,125454,卖盘
2532,11:09:33,7.22,--,26,18772,买盘
2533,11:09:30,7.22,0.01,109,78698,买盘
2534,11:09:27,7.21,-0.01,589,424669,卖盘
2535,11:09:24,7.22,--,36,25992,买盘
2536,11:09:21,7.22,--,17,12274,买盘
2537,11:09:18,7.22,--,7,5054,买盘
2538,11:09:15,7.22,0.01,7,5054,买盘
2539,11:09:12,7.21,-0.01,191,137711,卖盘
2540,11:09:09,7.22,0.01,1,722,买盘
2541,11:09:06,7.21,-0.01,107,77147,卖盘
2542,11:09:03,7.22,--,133,96026,买盘
2543,11:09:00,7.22,--,207,149454,买盘
2544,11:08:57,7.22,--,6,4332,买盘
2545,11:08:54,7.22,--,57,41154,买盘
2546,11:08:51,7.22,--,55,39710,买盘
2547,11:08:48,7.22,--,29,20938,买盘
2548,11:08:45,7.22,--,120,86640,买盘
2549,11:08:42,7.22,--,69,49818,买盘
2550,11:08:39,7.22,--,255,184110,买盘
2551,11:08:36,7.22,--,2,1444,买盘
2552,11:08:33,7.22,--,237,171114,买盘
2553,11:08:30,7.22,--,67,48374,买盘
2554,11:08:27,7.22,0.01,7,5054,买盘
2555,11:08:24,7.21,-0.01,32,23072,卖盘
2556,11:08:21,7.22,--,79,57038,买盘
2557,11:08:18,7.22,--,95,68590,买盘
2558,11:08:15,7.22,0.01,73,52706,买盘
2559,11:08:12,7.21,-0.01,39,28119,卖盘
2560,11:08:09,7.22,0.01,170,122740,买盘
2561,11:08:06,7.21,--,123,88683,卖盘
2562,11:08:03,7.21,--,230,165830,卖盘
2563,11:08:00,7.21,--,5,3605,卖盘
2564,11:07:57,7.21,--,40,28840,卖盘
2565,11:07:54,7.21,-0.01,2,1442,卖盘
2566,11:07:51,7.22,--,269,194218,买盘
2567,11:07:48,7.22,0.01,87,62814,买盘
2568,11:07:45,7.21,--,10,7210,卖盘
2569,11:07:42,7.21,-0.01,29,20909,卖盘
2570,11:07:39,7.22,--,24,17328,买盘
2571,11:07:36,7.22,0.01,149,107578,买盘
2572,11:07:33,7.21,--,102,73542,卖盘
2573,11:07:30,7.21,--,176,126896,卖盘
2574,11:07:27,7.21,-0.01,8,5768,卖盘
2575,11:07:24,7.22,--,13,9386,买盘
2576,11:07:21,7.22,--,58,41876,买盘
2577,11:07:18,7.22,--,7,5054,买盘
2578,11:07:15,7.22,--,29,20938,买盘
2579,11:07:12,7.22,--,14,10108,买盘
2580,11:07:09,7.22,0.01,70,50540,买盘
2581,11:07:06,7.21,--,224,161792,卖盘
2582,11:07:03,7.21,--,141,101661,卖盘
2583,11:07:00,7.21,--,1,721,卖盘
2584,11:06:57,7.21,--,45,32445,卖盘
2585,11:06:54,7.21,-0.01,4,2884,卖盘
2586,11:06:51,7.22,--,129,93138,买盘
2587,11:06:45,7.22,--,80,57760,买盘
2588,11:06:42,7.22,0.01,208,150176,买盘
2589,11:06:39,7.21,--,361,260281,卖盘
2590,11:06:36,7.21,-0.01,11,7931,卖盘
2591,11:06:33,7.22,--,36,25992,买盘
2592,11:06:30,7.22,0.01,57,41154,买盘
2593,11:06:27,7.21,--,34,24514,卖盘
2594,11:06:24,7.21,-0.01,5,3605,卖盘
2595,11:06:21,7.22,--,29,20938,买盘
2596,11:06:18,7.22,--,52,37544,买盘
2597,11:06:15,7.22,0.01,24,17328,买盘
2598,11:06:12,7.21,--,32,23072,卖盘
2599,11:06:09,7.21,--,31,22351,卖盘
2600,11:06:06,7.21,-0.01,32,23072,卖盘
2601,11:06:03,7.22,0.01,7,5054,买盘
2602,11:06:00,7.21,--,192,138432,买盘
2603,11:05:57,7.21,0.01,69,49749,买盘
2604,11:05:51,7.2,-0.01,276,198720,卖盘
2605,11:05:48,7.21,0.01,30,21630,买盘
2606,11:05:45,7.2,-0.01,19,13680,卖盘
2607,11:05:42,7.21,--,235,169435,买盘
2608,11:05:39,7.21,--,93,67053,买盘
2609,11:05:36,7.21,--,11,7931,买盘
2610,11:05:33,7.21,0.01,4,2884,买盘
2611,11:05:30,7.2,--,203,146160,卖盘
2612,11:05:27,7.2,--,858,617760,卖盘
2613,11:05:24,7.2,-0.01,34,24480,卖盘
2614,11:05:21,7.21,--,48,34608,买盘
2615,11:05:18,7.21,--,13,9373,买盘
2616,11:05:15,7.21,0.01,115,82915,中性盘
2617,11:05:12,7.2,-0.02,870,626400,卖盘
2618,11:05:09,7.22,0.01,5,3610,买盘
2619,11:05:06,7.21,0.01,215,155015,买盘
2620,11:05:03,7.2,--,21,15120,卖盘
2621,11:05:00,7.2,-0.01,101,72720,卖盘
2622,11:04:57,7.21,--,16,11536,卖盘
2623,11:04:54,7.21,--,46,33166,买盘
2624,11:04:51,7.21,--,70,50470,买盘
2625,11:04:48,7.21,--,15,10815,中性盘
2626,11:04:45,7.21,--,20,14420,买盘
2627,11:04:42,7.21,-0.01,40,28840,卖盘
2628,11:04:39,7.22,0.01,41,29602,买盘
2629,11:04:36,7.21,--,14,10094,买盘
2630,11:04:33,7.21,--,31,22351,买盘
2631,11:04:30,7.21,-0.01,78,56238,卖盘
2632,11:04:27,7.22,--,56,40432,买盘
2633,11:04:24,7.22,--,67,48374,买盘
2634,11:04:21,7.22,--,21,15162,买盘
2635,11:04:18,7.22,0.01,76,54872,买盘
2636,11:04:15,7.21,-0.01,299,215579,卖盘
2637,11:04:12,7.22,0.01,1,722,买盘
2638,11:04:09,7.21,--,29,20909,卖盘
2639,11:04:06,7.21,--,40,28840,卖盘
2640,11:04:03,7.21,--,100,72100,卖盘
2641,11:04:00,7.21,--,5,3605,卖盘
2642,11:03:57,7.21,--,98,70658,买盘
2643,11:03:54,7.21,--,230,165830,买盘
2644,11:03:51,7.21,0.01,119,85799,买盘
2645,11:03:48,7.2,-0.01,36,25920,卖盘
2646,11:03:45,7.21,0.01,26,18746,买盘
2647,11:03:42,7.2,-0.01,10,7200,卖盘
2648,11:03:39,7.21,--,14,10094,买盘
2649,11:03:36,7.21,0.01,41,29561,中性盘
2650,11:03:30,7.2,-0.02,39,28080,卖盘
2651,11:03:27,7.22,0.01,90,64980,买盘
2652,11:03:24,7.21,--,8,5768,买盘
2653,11:03:21,7.21,--,63,45423,买盘
2654,11:03:18,7.21,-0.01,15,10815,卖盘
2655,11:03:15,7.22,0.01,206,148732,买盘
2656,11:03:12,7.21,-0.01,60,43260,卖盘
2657,11:03:09,7.22,--,1,722,买盘
2658,11:03:06,7.22,0.02,12,8664,买盘
2659,11:03:03,7.2,-0.01,96,69120,卖盘
2660,11:03:00,7.21,--,55,39655,买盘
2661,11:02:57,7.21,-0.01,76,54796,中性盘
2662,11:02:51,7.22,0.01,101,72922,买盘
2663,11:02:48,7.21,--,54,38934,买盘
2664,11:02:45,7.21,--,121,87241,买盘
2665,11:02:42,7.21,--,645,465045,卖盘
2666,11:02:39,7.21,--,11,7931,卖盘
2667,11:02:36,7.21,--,25,18025,买盘
2668,11:02:33,7.21,0.01,140,100940,买盘
2669,11:02:30,7.2,--,100,72000,卖盘
2670,11:02:27,7.2,-0.01,18,12960,卖盘
2671,11:02:24,7.21,--,82,59122,买盘
2672,11:02:21,7.21,--,15,10815,买盘
2673,11:02:18,7.21,-0.01,380,273980,卖盘
2674,11:02:15,7.22,0.01,163,117686,买盘
2675,11:02:12,7.21,-0.01,395,284795,卖盘
2676,11:02:09,7.22,0.01,846,610812,买盘
2677,11:02:06,7.21,-0.01,500,360500,卖盘
2678,11:02:03,7.22,--,45,32490,买盘
2679,11:02:00,7.22,--,346,249812,买盘
2680,11:01:57,7.22,--,206,148732,买盘
2681,11:01:54,7.22,0.01,12,8664,买盘
2682,11:01:51,7.21,--,54,38934,卖盘
2683,11:01:45,7.21,-0.01,127,91567,卖盘
2684,11:01:42,7.22,0.01,3,2166,买盘
2685,11:01:39,7.21,-0.01,50,36050,卖盘
2686,11:01:36,7.22,0.01,43,31046,买盘
2687,11:01:33,7.21,-0.01,65,46865,卖盘
2688,11:01:30,7.22,--,39,28158,买盘
2689,11:01:27,7.22,--,46,33212,买盘
2690,11:01:24,7.22,--,36,25992,买盘
2691,11:01:21,7.22,0.01,206,148732,买盘
2692,11:01:18,7.21,-0.01,13,9373,卖盘
2693,11:01:15,7.22,--,128,92416,买盘
2694,11:01:12,7.22,--,24,17328,买盘
2695,11:01:09,7.22,--,422,304684,买盘
2696,11:01:06,7.22,--,30,21660,买盘
2697,11:01:03,7.22,--,6,4332,买盘
2698,11:01:00,7.22,--,52,37544,买盘
2699,11:00:57,7.22,0.01,100,72200,买盘
2700,11:00:54,7.21,--,32,23072,卖盘
2701,11:00:51,7.21,-0.01,15,10815,卖盘
2702,11:00:48,7.22,--,11,7942,买盘
2703,11:00:45,7.22,--,23,16606,买盘
2704,11:00:42,7.22,0.01,262,189164,买盘
2705,11:00:39,7.21,--,21,15141,卖盘
2706,11:00:36,7.21,-0.01,86,62006,卖盘
2707,11:00:33,7.22,0.01,78,56316,买盘
2708,11:00:30,7.21,--,336,242256,卖盘
2709,11:00:27,7.21,-0.01,78,56238,卖盘
2710,11:00:24,7.22,0.01,7,5054,买盘
2711,11:00:21,7.21,-0.01,78,56238,卖盘
2712,11:00:18,7.22,--,27,19494,买盘
2713,11:00:15,7.22,--,7,5054,买盘
2714,11:00:12,7.22,--,11,7942,买盘
2715,11:00:09,7.22,--,45,32490,买盘
2716,11:00:06,7.22,0.01,56,40432,买盘
2717,11:00:03,7.21,--,58,41818,卖盘
2718,11:00:00,7.21,--,56,40376,卖盘
2719,10:59:57,7.21,-0.01,5,3605,卖盘
2720,10:59:51,7.22,--,50,36100,买盘
2721,10:59:48,7.22,--,6,4332,买盘
2722,10:59:45,7.22,--,5,3610,买盘
2723,10:59:42,7.22,0.01,102,73644,买盘
2724,10:59:39,7.21,-0.01,101,72821,卖盘
2725,10:59:36,7.22,--,215,155230,买盘
2726,10:59:33,7.22,0.01,104,75088,买盘
2727,10:59:30,7.21,-0.01,48,34608,卖盘
2728,10:59:24,7.22,--,97,70034,买盘
2729,10:59:21,7.22,0.01,6,4332,买盘
2730,10:59:18,7.21,--,63,45423,卖盘
2731,10:59:15,7.21,-0.01,29,20909,卖盘
2732,10:59:12,7.22,--,141,101802,买盘
2733,10:59:09,7.22,--,136,98192,买盘
2734,10:59:06,7.22,--,56,40432,买盘
2735,10:59:03,7.22,0.01,13,9386,买盘
2736,10:59:00,7.21,-0.01,17,12257,卖盘
2737,10:58:57,7.22,--,30,21660,买盘
2738,10:58:54,7.22,--,65,46930,买盘
2739,10:58:51,7.22,0.01,21,15162,买盘
2740,10:58:45,7.21,--,39,28119,买盘
2741,10:58:42,7.21,--,37,26677,买盘
2742,10:58:39,7.21,--,56,40376,买盘
2743,10:58:36,7.21,--,60,43260,买盘
2744,10:58:33,7.21,0.01,1034,745514,买盘
2745,10:58:30,7.2,-0.01,238,171360,卖盘
2746,10:58:27,7.21,--,87,62727,买盘
2747,10:58:24,7.21,--,248,178808,买盘
2748,10:58:21,7.21,--,338,243698,买盘
2749,10:58:18,7.21,--,72,51912,买盘
2750,10:58:15,7.21,--,258,186018,买盘
2751,10:58:12,7.21,--,62,44702,买盘
2752,10:58:09,7.21,--,95,68495,买盘
2753,10:58:06,7.21,--,45,32445,买盘
2754,10:58:03,7.21,--,147,105987,买盘
2755,10:58:00,7.21,--,105,75705,买盘
2756,10:57:57,7.21,0.01,26,18746,买盘
2757,10:57:54,7.2,-0.01,10,7200,卖盘
2758,10:57:48,7.21,--,48,34608,买盘
2759,10:57:45,7.21,--,53,38213,买盘
2760,10:57:42,7.21,0.01,44,31724,买盘
2761,10:57:39,7.2,--,70,50400,卖盘
2762,10:57:36,7.2,--,20,14400,卖盘
2763,10:57:33,7.2,-0.01,103,74160,卖盘
2764,10:57:30,7.21,0.01,132,95172,买盘
2765,10:57:27,7.2,-0.01,69,49680,卖盘
2766,10:57:24,7.21,--,5,3605,买盘
2767,10:57:21,7.21,--,119,85799,买盘
2768,10:57:18,7.21,--,3,2163,买盘
2769,10:57:15,7.21,0.02,239,172319,买盘
2770,10:57:12,7.19,-0.01,49,35231,卖盘
2771,10:57:09,7.2,--,21,15120,买盘
2772,10:57:06,7.2,-0.01,53,38160,卖盘
2773,10:57:03,7.21,0.01,205,147805,买盘
2774,10:57:00,7.2,0.01,42,30240,卖盘
2775,10:56:54,7.19,-0.01,33,23727,卖盘
2776,10:56:51,7.2,-0.01,55,39600,卖盘
2777,10:56:48,7.21,0.01,155,111755,买盘
2778,10:56:45,7.2,-0.01,2272,1635840,卖盘
2779,10:56:42,7.21,0.01,32,23072,买盘
2780,10:56:39,7.2,--,125,90000,卖盘
2781,10:56:36,7.2,-0.01,429,308880,卖盘
2782,10:56:33,7.21,--,91,65611,买盘
2783,10:56:30,7.21,0.01,25,18025,买盘
2784,10:56:27,7.2,-0.01,410,295200,卖盘
2785,10:56:24,7.21,0.01,38,27398,买盘
2786,10:56:21,7.2,-0.01,167,120240,卖盘
2787,10:56:18,7.21,0.01,16,11536,买盘
2788,10:56:15,7.2,-0.01,53,38160,卖盘
2789,10:56:12,7.21,0.01,66,47586,买盘
2790,10:56:09,7.2,--,63,45360,卖盘
2791,10:56:06,7.2,-0.01,205,147600,卖盘
2792,10:56:03,7.21,0.01,42,30282,买盘
2793,10:56:00,7.2,--,70,50400,卖盘
2794,10:55:57,7.2,-0.01,28,20160,卖盘
2795,10:55:54,7.21,0.01,60,43260,买盘
2796,10:55:51,7.2,-0.01,4,2880,卖盘
2797,10:55:48,7.21,--,8,5768,买盘
2798,10:55:45,7.21,--,312,224952,买盘
2799,10:55:42,7.21,--,1,721,买盘
2800,10:55:39,7.21,--,5,3605,买盘
2801,10:55:36,7.21,--,269,194237,买盘
2802,10:55:33,7.21,--,160,115360,买盘
2803,10:55:30,7.21,-0.01,3586,2585506,卖盘
2804,10:55:27,7.22,--,51,36822,卖盘
2805,10:55:24,7.22,--,1,722,卖盘
2806,10:55:21,7.22,--,64,46208,卖盘
2807,10:55:18,7.22,--,183,132126,买盘
2808,10:55:15,7.22,--,92,66424,买盘
2809,10:55:12,7.22,--,124,89528,买盘
2810,10:55:09,7.22,--,33,23826,卖盘
2811,10:55:06,7.22,--,4,2888,买盘
2812,10:55:03,7.22,-0.01,9,6498,卖盘
2813,10:55:00,7.23,--,36,26028,买盘
2814,10:54:57,7.23,0.01,221,159783,买盘
2815,10:54:54,7.22,--,8,5776,买盘
2816,10:54:51,7.22,0.01,12,8664,买盘
2817,10:54:48,7.21,--,974,702254,买盘
2818,10:54:45,7.21,--,84,60564,买盘
2819,10:54:42,7.21,--,56,40376,买盘
2820,10:54:39,7.21,-0.01,85,61285,中性盘
2821,10:54:36,7.22,0.02,5,3610,买盘
2822,10:54:33,7.2,-0.02,306,220320,卖盘
2823,10:54:30,7.22,0.01,35,25270,买盘
2824,10:54:27,7.21,--,55,39655,卖盘
2825,10:54:24,7.21,0.01,41,29561,中性盘
2826,10:54:21,7.2,-0.01,453,326160,卖盘
2827,10:54:18,7.21,-0.01,98,70658,卖盘
2828,10:54:15,7.22,0.01,122,88084,买盘
2829,10:54:12,7.21,--,181,130501,买盘
2830,10:54:09,7.21,0.01,43,31003,买盘
2831,10:54:06,7.2,--,137,98640,卖盘
2832,10:54:03,7.2,--,37,26640,卖盘
2833,10:54:00,7.2,--,158,113760,卖盘
2834,10:53:57,7.2,--,875,630000,买盘
2835,10:53:54,7.2,--,18,12960,买盘
2836,10:53:51,7.2,--,320,230400,买盘
2837,10:53:48,7.2,--,73,52560,买盘
2838,10:53:45,7.2,--,152,109440,买盘
2839,10:53:42,7.2,--,682,491040,买盘
2840,10:53:39,7.2,0.01,42,30240,买盘
2841,10:53:36,7.19,-0.01,104,74776,卖盘
2842,10:53:33,7.2,0.01,44,31680,买盘
2843,10:53:30,7.19,--,1,719,卖盘
2844,10:53:27,7.19,--,8,5752,卖盘
2845,10:53:24,7.19,0.01,416,299104,买盘
2846,10:53:21,7.18,-0.01,1137,816366,卖盘
2847,10:53:18,7.19,0.01,109,78371,买盘
2848,10:53:15,7.18,-0.01,295,211810,卖盘
2849,10:53:12,7.19,--,376,270344,买盘
2850,10:53:09,7.19,--,303,217857,买盘
2851,10:53:06,7.19,--,453,325707,买盘
2852,10:53:03,7.19,0.01,52,37388,买盘
2853,10:53:00,7.18,--,208,149344,卖盘
2854,10:52:57,7.18,-0.01,549,394182,卖盘
2855,10:52:54,7.19,0.01,101,72619,买盘
2856,10:52:51,7.18,-0.01,21,15078,卖盘
2857,10:52:48,7.19,--,134,96346,买盘
2858,10:52:45,7.19,--,483,347277,卖盘
2859,10:52:42,7.19,--,395,284005,买盘
2860,10:52:39,7.19,--,395,284005,卖盘
2861,10:52:36,7.19,--,173,124387,卖盘
2862,10:52:33,7.19,-0.01,411,295509,卖盘
2863,10:52:30,7.2,--,619,445680,买盘
2864,10:52:27,7.2,0.01,249,179280,买盘
2865,10:52:24,7.19,--,39,28041,卖盘
2866,10:52:21,7.19,--,126,90594,卖盘
2867,10:52:18,7.19,-0.01,64,46016,卖盘
2868,10:52:15,7.2,--,271,195120,买盘
2869,10:52:12,7.2,0.01,208,149760,买盘
2870,10:52:09,7.19,--,382,274658,卖盘
2871,10:52:06,7.19,--,155,111445,卖盘
2872,10:52:03,7.19,-0.01,174,125106,卖盘
2873,10:52:00,7.2,0.01,36,25920,买盘
2874,10:51:57,7.19,--,12,8628,卖盘
2875,10:51:54,7.19,-0.01,225,161775,卖盘
2876,10:51:51,7.2,--,125,90000,买盘
2877,10:51:48,7.2,--,655,471600,买盘
2878,10:51:45,7.2,--,107,77040,买盘
2879,10:51:42,7.2,-0.01,4049,2915280,卖盘
2880,10:51:39,7.21,0.01,42,30282,买盘
2881,10:51:36,7.2,-0.01,125,90000,卖盘
2882,10:51:30,7.21,--,41,29561,买盘
2883,10:51:27,7.21,--,31,22351,买盘
2884,10:51:24,7.21,-0.01,63,45423,卖盘
