,time,price,change,volume,amount,type
0,15:00:03,10.46,-0.02,8986,9399356,卖盘
1,14:57:00,10.48,0.01,12,12576,买盘
2,14:56:57,10.47,--,298,312006,卖盘
3,14:56:54,10.47,-0.01,72,75384,卖盘
4,14:56:51,10.48,0.01,510,534480,买盘
5,14:56:48,10.47,-0.01,11,11517,卖盘
6,14:56:45,10.48,0.01,10,10480,买盘
7,14:56:42,10.47,--,124,129828,卖盘
8,14:56:39,10.47,--,19,19893,卖盘
9,14:56:36,10.47,-0.01,152,159144,卖盘
10,14:56:33,10.48,0.01,165,172920,买盘
11,14:56:30,10.47,--,121,126687,卖盘
12,14:56:27,10.47,--,220,230340,卖盘
13,14:56:24,10.47,--,218,228246,买盘
14,14:56:21,10.47,--,20,20940,买盘
15,14:56:18,10.47,-0.01,130,136110,卖盘
16,14:56:15,10.48,0.01,29,30392,买盘
17,14:56:12,10.47,--,10,10470,卖盘
18,14:56:09,10.47,-0.01,110,115170,卖盘
19,14:56:06,10.48,0.01,562,588976,买盘
20,14:56:03,10.47,--,36,37692,卖盘
21,14:56:00,10.47,--,55,57585,卖盘
22,14:55:57,10.47,--,25,26175,卖盘
23,14:55:54,10.47,--,114,119358,卖盘
24,14:55:51,10.47,--,52,54444,卖盘
25,14:55:48,10.47,--,39,40833,卖盘
26,14:55:45,10.47,-0.01,4,4188,卖盘
27,14:55:42,10.48,0.02,123,128904,买盘
28,14:55:39,10.46,-0.01,98,102508,卖盘
29,14:55:36,10.47,--,104,108888,买盘
30,14:55:33,10.47,0.01,804,841788,买盘
31,14:55:30,10.46,-0.01,30,31380,卖盘
32,14:55:27,10.47,0.01,287,300489,买盘
33,14:55:24,10.46,--,50,52300,卖盘
34,14:55:21,10.46,--,68,71128,卖盘
35,14:55:18,10.46,0.01,1,1046,买盘
36,14:55:15,10.45,-0.01,329,343805,卖盘
37,14:55:12,10.46,--,111,116534,买盘
38,14:55:09,10.46,0.01,7,7322,买盘
39,14:55:06,10.45,--,105,109724,卖盘
40,14:55:03,10.45,-0.01,11,11495,卖盘
41,14:55:00,10.46,0.01,87,91002,买盘
42,14:54:57,10.45,-0.01,149,155705,卖盘
43,14:54:54,10.46,--,119,125091,卖盘
44,14:54:51,10.46,0.01,185,193938,买盘
45,14:54:48,10.45,-0.01,99,103455,卖盘
46,14:54:45,10.46,0.01,17,17782,买盘
47,14:54:42,10.45,--,10,10450,卖盘
48,14:54:39,10.45,--,11,11495,卖盘
49,14:54:36,10.45,--,45,47025,卖盘
50,14:54:30,10.45,-0.01,90,94050,卖盘
51,14:54:27,10.46,--,20,20920,买盘
52,14:54:24,10.46,--,56,58576,买盘
53,14:54:21,10.46,0.01,202,211292,买盘
54,14:54:18,10.45,--,5,5225,卖盘
55,14:54:15,10.45,--,4,4180,卖盘
56,14:54:12,10.45,-0.01,5,5225,卖盘
57,14:54:09,10.46,--,90,94140,买盘
58,14:54:03,10.46,0.01,25,26150,买盘
59,14:54:00,10.45,-0.01,324,338580,卖盘
60,14:53:57,10.46,--,101,105865,卖盘
61,14:53:54,10.46,--,201,210246,卖盘
62,14:53:51,10.46,--,152,159818,买盘
63,14:53:48,10.46,--,17,17782,买盘
64,14:53:45,10.46,--,10,10460,买盘
65,14:53:42,10.46,--,45,47070,买盘
66,14:53:39,10.46,--,27,28242,买盘
67,14:53:36,10.46,--,48,50208,买盘
68,14:53:33,10.46,0.01,71,74266,买盘
69,14:53:30,10.45,-0.01,96,100320,卖盘
70,14:53:27,10.46,--,5,5230,买盘
71,14:53:24,10.46,--,16,16736,买盘
72,14:53:21,10.46,--,62,64852,买盘
73,14:53:18,10.46,--,264,276144,买盘
74,14:53:15,10.46,--,30,31380,买盘
75,14:53:09,10.46,-0.01,410,428860,卖盘
76,14:53:06,10.47,--,55,57585,买盘
77,14:53:00,10.47,0.01,115,120405,买盘
78,14:52:57,10.46,-0.01,68,71128,卖盘
79,14:52:54,10.47,0.01,252,263844,买盘
80,14:52:51,10.46,-0.01,10,10460,卖盘
81,14:52:45,10.47,0.01,122,127734,买盘
82,14:52:42,10.46,--,108,112968,卖盘
83,14:52:39,10.46,-0.01,254,265684,卖盘
84,14:52:36,10.47,--,39,40833,买盘
85,14:52:33,10.47,--,41,42927,买盘
86,14:52:30,10.47,--,33,34551,买盘
87,14:52:27,10.47,--,688,720336,卖盘
88,14:52:24,10.47,-0.01,611,639717,卖盘
89,14:52:21,10.48,0.01,226,236848,买盘
90,14:52:18,10.47,--,10,10470,卖盘
91,14:52:15,10.47,0.01,915,958005,买盘
92,14:52:12,10.46,-0.01,171,178866,卖盘
93,14:52:09,10.47,0.01,82,85854,买盘
94,14:52:06,10.46,-0.01,24,25104,中性盘
95,14:52:03,10.47,0.02,1854,1941138,买盘
96,14:52:00,10.45,--,85,88825,卖盘
97,14:51:57,10.45,--,43,44935,卖盘
98,14:51:54,10.45,--,13,13584,卖盘
99,14:51:51,10.45,--,5,5225,卖盘
100,14:51:48,10.45,--,33,34485,卖盘
101,14:51:45,10.45,--,446,466979,买盘
102,14:51:42,10.45,--,286,298870,买盘
103,14:51:39,10.45,--,766,800470,买盘
104,14:51:36,10.45,0.01,133,138985,买盘
105,14:51:33,10.44,-0.01,1383,1443852,卖盘
106,14:51:30,10.45,--,30,31349,买盘
107,14:51:27,10.45,0.01,32,33440,买盘
108,14:51:24,10.44,--,7,7308,卖盘
109,14:51:21,10.44,--,6,6264,卖盘
110,14:51:18,10.44,-0.01,1,1044,卖盘
111,14:51:15,10.45,0.01,49,52176,买盘
112,14:51:12,10.44,--,134,139969,买盘
113,14:51:09,10.44,0.01,106,110664,买盘
114,14:51:06,10.43,-0.01,263,274309,卖盘
115,14:51:03,10.44,--,2,2088,买盘
116,14:51:00,10.44,--,18,18792,买盘
117,14:50:57,10.44,--,72,75168,买盘
118,14:50:54,10.44,0.01,1025,1070100,买盘
119,14:50:48,10.43,--,11,11473,卖盘
120,14:50:45,10.43,--,164,171052,卖盘
121,14:50:42,10.43,--,66,68838,卖盘
122,14:50:39,10.43,--,138,143934,卖盘
123,14:50:36,10.43,--,18,18774,卖盘
124,14:50:33,10.43,--,107,111601,卖盘
125,14:50:27,10.43,--,128,133504,卖盘
126,14:50:24,10.43,0.01,57,59451,买盘
127,14:50:21,10.42,-0.01,5,5210,卖盘
128,14:50:18,10.43,--,26,27118,买盘
129,14:50:15,10.43,--,621,647703,买盘
130,14:50:12,10.43,--,530,552790,买盘
131,14:50:09,10.43,--,367,382781,买盘
132,14:50:06,10.43,--,74,77182,买盘
133,14:50:00,10.43,--,130,135590,买盘
134,14:49:57,10.43,0.01,10,10430,买盘
135,14:49:54,10.42,--,22,22924,卖盘
136,14:49:45,10.42,--,14,14588,卖盘
137,14:49:42,10.42,--,6,6252,卖盘
138,14:49:39,10.42,-0.01,1,1042,卖盘
139,14:49:36,10.43,0.01,6,6258,买盘
140,14:49:30,10.42,-0.01,23,23966,卖盘
141,14:49:27,10.43,0.01,17,17731,买盘
142,14:49:24,10.42,-0.01,51,53142,卖盘
143,14:49:21,10.43,0.01,80,83440,买盘
144,14:49:18,10.42,-0.01,33,34386,卖盘
145,14:49:09,10.43,0.01,5,5215,买盘
146,14:49:06,10.42,-0.01,118,122956,卖盘
147,14:49:00,10.43,0.01,100,104300,买盘
148,14:48:57,10.42,--,21,21882,卖盘
149,14:48:51,10.42,-0.01,5,5210,卖盘
150,14:48:45,10.43,--,38,39634,买盘
151,14:48:39,10.43,--,9,9387,买盘
152,14:48:36,10.43,0.01,20,20860,买盘
153,14:48:33,10.42,-0.01,26,27092,卖盘
154,14:48:24,10.43,--,32,33376,买盘
155,14:48:18,10.43,0.01,42,43806,买盘
156,14:48:12,10.42,--,1,1042,卖盘
157,14:48:09,10.42,-0.01,3,3126,卖盘
158,14:47:57,10.43,0.01,26,27118,买盘
159,14:47:54,10.42,-0.01,12,12504,卖盘
160,14:47:45,10.43,0.01,46,47978,买盘
161,14:47:36,10.42,-0.01,100,104200,卖盘
162,14:47:33,10.43,0.01,40,41720,买盘
163,14:47:24,10.42,--,108,112536,卖盘
164,14:47:21,10.42,-0.01,1,1042,卖盘
165,14:47:15,10.43,--,1,1043,买盘
166,14:47:12,10.43,0.01,110,114730,买盘
167,14:47:09,10.42,-0.01,16,16672,卖盘
168,14:47:03,10.43,--,100,104300,买盘
169,14:47:00,10.43,--,44,45892,买盘
170,14:46:57,10.43,0.01,120,125160,买盘
171,14:46:54,10.42,--,10,10420,卖盘
172,14:46:51,10.42,--,4,4168,卖盘
173,14:46:45,10.42,--,5,5210,卖盘
174,14:46:42,10.42,-0.02,12,12504,卖盘
175,14:46:39,10.44,0.01,2,2088,买盘
176,14:46:36,10.43,0.01,10,10430,买盘
177,14:46:33,10.42,-0.01,6,6252,卖盘
178,14:46:21,10.43,-0.01,3,3129,卖盘
179,14:46:18,10.44,0.01,28,29232,买盘
180,14:46:15,10.43,-0.01,2,2086,卖盘
181,14:46:12,10.44,--,439,458316,买盘
182,14:46:09,10.44,--,40,41760,买盘
183,14:46:06,10.44,--,114,119016,买盘
184,14:46:03,10.44,--,15,15660,买盘
185,14:46:00,10.44,--,53,55332,买盘
186,14:45:54,10.44,0.01,29,30276,买盘
187,14:45:51,10.43,-0.01,25,26075,卖盘
188,14:45:45,10.44,--,7,7308,买盘
189,14:45:42,10.44,0.01,26,27144,买盘
190,14:45:33,10.43,--,138,143934,卖盘
191,14:45:30,10.43,-0.01,9,9387,卖盘
192,14:45:27,10.44,0.01,472,492768,买盘
193,14:45:24,10.43,--,10,10430,卖盘
194,14:45:18,10.43,--,5,5215,卖盘
195,14:45:12,10.43,--,64,66752,卖盘
196,14:45:06,10.43,-0.01,128,133504,卖盘
197,14:45:03,10.44,--,4,4176,买盘
198,14:44:57,10.44,0.01,29,30276,买盘
199,14:44:54,10.43,--,20,20860,卖盘
200,14:44:51,10.43,-0.01,40,41720,卖盘
201,14:44:48,10.44,0.01,113,117972,买盘
202,14:44:42,10.43,-0.01,1,1043,卖盘
203,14:44:39,10.44,0.01,1,1044,买盘
204,14:44:30,10.43,--,85,88655,卖盘
205,14:44:27,10.43,--,10,10430,卖盘
206,14:44:24,10.43,--,1,1043,卖盘
207,14:44:21,10.43,--,1,1043,卖盘
208,14:44:15,10.43,-0.01,1,1043,卖盘
209,14:44:12,10.44,--,10,10440,买盘
210,14:44:09,10.44,--,16,16704,买盘
211,14:44:06,10.44,--,23,24012,买盘
212,14:44:03,10.44,--,8,8352,买盘
213,14:43:57,10.44,--,20,20880,买盘
214,14:43:54,10.44,0.01,35,36540,买盘
215,14:43:51,10.43,-0.01,39,40677,卖盘
216,14:43:45,10.44,0.01,2,2088,买盘
217,14:43:36,10.43,-0.01,6,6258,卖盘
218,14:43:33,10.44,--,5,5220,买盘
219,14:43:30,10.44,0.01,20,20880,买盘
220,14:43:27,10.43,-0.01,18,18774,卖盘
221,14:43:24,10.44,0.01,10,10440,买盘
222,14:43:21,10.43,-0.01,40,41720,卖盘
223,14:43:18,10.44,0.01,45,46980,买盘
224,14:43:12,10.43,--,1,1043,卖盘
225,14:43:09,10.43,-0.01,1,1043,卖盘
226,14:43:06,10.44,0.01,3,3132,买盘
227,14:43:00,10.43,--,15,15645,卖盘
228,14:42:57,10.43,-0.01,22,22946,卖盘
229,14:42:54,10.44,0.01,21,21924,买盘
230,14:42:51,10.43,--,100,104300,卖盘
231,14:42:42,10.43,--,70,73010,卖盘
232,14:42:39,10.43,--,200,208600,卖盘
233,14:42:33,10.43,-0.01,15,15645,卖盘
234,14:42:30,10.44,0.01,1,1044,买盘
235,14:42:27,10.43,--,10,10430,卖盘
236,14:42:24,10.43,-0.01,1,1043,卖盘
237,14:42:21,10.44,0.01,110,114840,买盘
238,14:42:15,10.43,--,1,1043,卖盘
239,14:42:12,10.43,-0.01,49,51107,卖盘
240,14:42:09,10.44,--,52,54288,买盘
241,14:42:06,10.44,--,100,104400,买盘
242,14:42:03,10.44,0.01,52,54288,买盘
243,14:42:00,10.43,-0.01,110,114730,卖盘
244,14:41:54,10.44,0.01,1,1044,买盘
245,14:41:51,10.43,-0.01,1,1043,卖盘
246,14:41:48,10.44,0.01,2,2088,买盘
247,14:41:45,10.43,-0.01,20,20860,卖盘
248,14:41:42,10.44,--,287,299628,买盘
249,14:41:30,10.44,--,250,261970,卖盘
250,14:41:27,10.44,--,269,280836,卖盘
251,14:41:24,10.44,--,35,36540,卖盘
252,14:41:18,10.44,--,78,81432,卖盘
253,14:41:15,10.44,--,1,1044,卖盘
254,14:41:12,10.44,--,84,87696,卖盘
255,14:41:09,10.44,--,23,24012,卖盘
256,14:41:06,10.44,--,98,102938,卖盘
257,14:41:03,10.44,--,131,136764,卖盘
258,14:41:00,10.44,--,25,26100,卖盘
259,14:40:57,10.44,-0.01,39,40716,卖盘
260,14:40:54,10.45,0.01,2,2090,买盘
261,14:40:51,10.44,--,30,31320,卖盘
262,14:40:48,10.44,--,143,149292,卖盘
263,14:40:42,10.44,--,344,359136,卖盘
264,14:40:39,10.44,--,33,34452,卖盘
265,14:40:36,10.44,--,10,10440,卖盘
266,14:40:33,10.44,-0.01,21,21924,卖盘
267,14:40:27,10.45,0.01,45,47025,买盘
268,14:40:24,10.44,--,5,5220,卖盘
269,14:40:21,10.44,-0.01,16,16704,卖盘
270,14:40:18,10.45,--,62,64789,买盘
271,14:40:15,10.45,--,184,192280,买盘
272,14:40:12,10.45,0.01,82,85690,买盘
273,14:40:09,10.44,-0.01,17,17748,卖盘
274,14:40:06,10.45,--,59,61654,买盘
275,14:40:03,10.45,0.01,15,15674,买盘
276,14:40:00,10.44,-0.01,24,25056,卖盘
277,14:39:57,10.45,--,51,53295,买盘
278,14:39:54,10.45,0.01,3,3135,买盘
279,14:39:51,10.44,-0.01,235,245340,卖盘
280,14:39:48,10.45,--,227,237214,买盘
281,14:39:45,10.45,--,165,172425,买盘
282,14:39:42,10.45,--,21,21945,买盘
283,14:39:39,10.45,--,123,128534,买盘
284,14:39:36,10.45,0.01,56,58519,买盘
285,14:39:33,10.44,--,17,17748,卖盘
286,14:39:30,10.44,-0.01,24,25056,卖盘
287,14:39:27,10.45,--,47,49115,买盘
288,14:39:21,10.45,--,280,292600,买盘
289,14:39:18,10.45,--,651,680295,买盘
290,14:39:15,10.45,--,310,323950,买盘
291,14:39:12,10.45,--,55,57474,买盘
292,14:39:09,10.45,--,66,68970,买盘
293,14:39:06,10.45,--,53,55384,买盘
294,14:39:00,10.45,--,73,76285,买盘
295,14:38:57,10.45,--,102,106590,买盘
296,14:38:54,10.45,--,325,339625,买盘
297,14:38:51,10.45,0.01,54,56429,买盘
298,14:38:48,10.44,--,5,5220,卖盘
299,14:38:42,10.44,--,10,10440,卖盘
300,14:38:36,10.44,--,563,588262,买盘
301,14:38:33,10.44,--,30,31320,买盘
302,14:38:30,10.44,--,130,135720,买盘
303,14:38:27,10.44,--,204,212976,买盘
304,14:38:24,10.44,--,10,10440,买盘
305,14:38:21,10.44,--,66,68904,买盘
306,14:38:15,10.44,0.01,184,192096,买盘
307,14:38:12,10.43,-0.01,80,83440,卖盘
308,14:38:09,10.44,--,38,39672,买盘
309,14:38:06,10.44,--,10,10440,买盘
310,14:38:03,10.44,0.01,20,20880,买盘
311,14:38:00,10.43,-0.01,10,10430,卖盘
312,14:37:57,10.44,--,176,183744,买盘
313,14:37:54,10.44,0.01,60,62640,买盘
314,14:37:51,10.43,-0.01,24,25032,卖盘
315,14:37:48,10.44,--,43,44892,买盘
316,14:37:45,10.44,0.01,52,54288,买盘
317,14:37:39,10.43,-0.01,50,52150,卖盘
318,14:37:36,10.44,0.01,54,56376,买盘
319,14:37:33,10.43,-0.01,88,91784,卖盘
320,14:37:30,10.44,--,2,2088,买盘
321,14:37:27,10.44,--,2,2088,买盘
322,14:37:24,10.44,--,231,241164,买盘
323,14:37:18,10.44,--,5,5220,买盘
324,14:37:12,10.44,--,8,8352,买盘
325,14:37:06,10.44,0.01,1096,1144224,买盘
326,14:37:00,10.43,--,40,41720,买盘
327,14:36:57,10.43,--,5,5215,买盘
328,14:36:54,10.43,--,42,43806,买盘
329,14:36:51,10.43,-0.01,290,302470,卖盘
330,14:36:48,10.44,0.01,31,32364,买盘
331,14:36:45,10.43,0.01,81,84483,买盘
332,14:36:42,10.42,-0.02,71,73982,卖盘
333,14:36:39,10.44,0.01,1007,1051308,买盘
334,14:36:33,10.43,0.01,166,173138,买盘
335,14:36:30,10.42,-0.01,80,83360,卖盘
336,14:36:27,10.43,0.01,80,83440,买盘
337,14:36:21,10.42,--,60,62520,卖盘
338,14:36:18,10.42,-0.01,145,151090,卖盘
339,14:36:15,10.43,0.01,36,37548,买盘
340,14:36:09,10.42,--,10,10420,卖盘
341,14:36:06,10.42,-0.01,66,68772,中性盘
342,14:36:03,10.43,--,33,34419,买盘
343,14:36:00,10.43,0.01,359,374437,买盘
344,14:35:57,10.42,-0.01,10,10763,卖盘
345,14:35:54,10.43,0.01,12,13214,买盘
346,14:35:51,10.42,--,138,144139,卖盘
347,14:35:48,10.42,--,14,14588,卖盘
348,14:35:45,10.42,-0.01,24,25008,卖盘
349,14:35:42,10.43,0.01,5,5215,买盘
350,14:35:39,10.42,-0.01,38,39596,卖盘
351,14:35:36,10.43,0.01,1,1043,买盘
352,14:35:33,10.42,--,405,422010,卖盘
353,14:35:30,10.42,--,41,42722,卖盘
354,14:35:24,10.42,--,26,27092,卖盘
355,14:35:21,10.42,--,21,21882,卖盘
356,14:35:18,10.42,-0.01,30,31260,卖盘
357,14:35:12,10.43,--,60,62580,买盘
358,14:35:09,10.43,--,40,41720,买盘
359,14:35:06,10.43,--,56,58408,买盘
360,14:35:03,10.43,--,128,133504,买盘
361,14:35:00,10.43,--,195,203385,买盘
362,14:34:54,10.43,--,8,8344,买盘
363,14:34:48,10.43,0.01,38,39634,买盘
364,14:34:45,10.42,0.02,1275,1329248,买盘
365,14:34:42,10.4,-0.01,419,435760,卖盘
366,14:34:36,10.41,0.01,500,520500,买盘
367,14:34:33,10.4,--,12,12480,卖盘
368,14:34:30,10.4,--,526,547040,卖盘
369,14:34:27,10.4,--,31,32240,卖盘
370,14:34:24,10.4,--,1502,1562080,卖盘
371,14:34:18,10.4,--,355,369200,卖盘
372,14:34:15,10.4,--,1,1040,卖盘
373,14:34:12,10.4,-0.01,53,55120,卖盘
374,14:34:09,10.41,0.01,58,60378,买盘
375,14:34:06,10.4,-0.01,18,18720,卖盘
376,14:34:03,10.41,0.01,47,48927,买盘
377,14:34:00,10.4,-0.01,12,12480,卖盘
378,14:33:54,10.41,0.01,1010,1051410,买盘
379,14:33:45,10.4,--,80,83200,买盘
380,14:33:42,10.4,--,66,68640,买盘
381,14:33:33,10.4,--,181,188240,买盘
382,14:33:30,10.4,--,7,7280,买盘
383,14:33:24,10.4,--,2,2080,买盘
384,14:33:21,10.4,--,2,2080,买盘
385,14:33:18,10.4,0.01,15,15600,买盘
386,14:33:15,10.39,-0.01,10,10390,卖盘
387,14:33:12,10.4,--,51,53040,买盘
388,14:33:06,10.4,0.02,1115,1159600,买盘
389,14:33:00,10.38,--,1001,1039038,卖盘
390,14:32:57,10.38,-0.01,3,3114,卖盘
391,14:32:54,10.39,0.01,1,1039,买盘
392,14:32:48,10.38,--,8,8304,卖盘
393,14:32:42,10.38,--,1,1038,买盘
394,14:32:33,10.38,-0.01,5,5190,买盘
395,14:32:30,10.39,--,1,1039,买盘
396,14:32:27,10.39,--,10,10390,买盘
397,14:32:24,10.39,0.02,12,12468,买盘
398,14:32:21,10.37,-0.02,1,1037,卖盘
399,14:32:09,10.39,0.02,400,415600,买盘
400,14:32:03,10.37,-0.02,163,169031,卖盘
401,14:31:57,10.39,0.01,1000,1039000,买盘
402,14:31:54,10.38,--,1,1038,买盘
403,14:31:48,10.38,0.01,2,2076,买盘
404,14:31:45,10.37,-0.01,17,17629,卖盘
405,14:31:33,10.38,0.01,1,1038,买盘
406,14:31:30,10.37,-0.01,163,169031,卖盘
407,14:31:21,10.38,--,6,6228,买盘
408,14:31:18,10.38,--,49,50862,卖盘
409,14:31:15,10.38,-0.01,5,5190,买盘
410,14:31:09,10.39,0.01,1000,1039000,买盘
411,14:31:06,10.38,--,14,14532,买盘
412,14:31:03,10.38,--,9,9342,买盘
413,14:31:00,10.38,-0.01,51,52938,卖盘
414,14:30:57,10.39,--,1,1039,买盘
415,14:30:54,10.39,--,9,9351,买盘
416,14:30:42,10.39,0.01,10,10390,买盘
417,14:30:36,10.38,--,32,33216,卖盘
418,14:30:30,10.38,--,164,170232,卖盘
419,14:30:09,10.38,-0.01,8,8304,卖盘
420,14:30:03,10.39,--,1,1039,买盘
421,14:30:00,10.39,--,213,221307,买盘
422,14:29:51,10.39,0.02,2,2078,买盘
423,14:29:48,10.37,-0.02,2,2074,卖盘
424,14:29:45,10.39,0.02,1000,1039000,买盘
425,14:29:33,10.37,-0.01,10,10370,卖盘
426,14:29:30,10.38,--,263,272994,买盘
427,14:29:24,10.38,0.01,5,5190,买盘
428,14:29:21,10.37,--,30,31109,卖盘
429,14:29:12,10.37,-0.01,1,1037,卖盘
430,14:29:06,10.38,--,3,3114,买盘
431,14:28:57,10.38,-0.01,63,65394,卖盘
432,14:28:54,10.39,0.01,1,1039,买盘
433,14:28:51,10.38,--,5,5190,卖盘
434,14:28:36,10.38,--,15,15570,卖盘
435,14:28:30,10.38,--,83,86154,卖盘
436,14:28:27,10.38,-0.01,163,169194,卖盘
437,14:28:18,10.39,0.01,7,7273,买盘
438,14:28:15,10.38,--,2,2076,卖盘
439,14:28:06,10.38,--,335,348736,卖盘
440,14:28:03,10.38,--,38,39444,买盘
441,14:28:00,10.38,0.01,12,12456,卖盘
442,14:27:57,10.37,-0.02,164,170068,卖盘
443,14:27:54,10.39,0.01,1000,1039000,买盘
444,14:27:51,10.38,--,1,1038,买盘
445,14:27:48,10.38,0.01,20,20760,买盘
446,14:27:42,10.37,-0.01,10,10370,卖盘
447,14:27:39,10.38,0.01,22,22836,买盘
448,14:27:33,10.37,-0.01,2,2074,卖盘
449,14:27:30,10.38,0.01,17,17646,买盘
450,14:27:27,10.37,-0.01,163,169031,卖盘
451,14:27:21,10.38,--,3,3114,买盘
452,14:27:15,10.38,--,26,26988,买盘
453,14:27:12,10.38,--,2,2076,买盘
454,14:27:09,10.38,--,6,6228,买盘
455,14:26:54,10.38,-0.01,192,199296,卖盘
456,14:26:48,10.39,0.01,1,1039,买盘
457,14:26:45,10.38,--,5,5190,卖盘
458,14:26:42,10.38,-0.01,1,1038,卖盘
459,14:26:36,10.39,0.01,3,3117,买盘
460,14:26:27,10.38,--,1,1038,卖盘
461,14:26:24,10.38,-0.01,166,172308,卖盘
462,14:26:18,10.39,--,1,1039,买盘
463,14:26:12,10.39,--,4,4156,买盘
464,14:26:00,10.39,--,1008,1047312,买盘
465,14:25:57,10.39,--,1,1039,买盘
466,14:25:54,10.39,--,171,177669,买盘
467,14:25:51,10.39,--,2,2078,买盘
468,14:25:48,10.39,--,4,4156,买盘
469,14:25:42,10.39,--,10,10390,买盘
470,14:25:36,10.39,--,170,176630,买盘
471,14:25:33,10.39,0.01,57,59223,买盘
472,14:25:30,10.38,--,9,9342,卖盘
473,14:25:24,10.38,-0.01,184,190992,卖盘
474,14:25:15,10.39,0.02,6,6234,买盘
475,14:25:09,10.37,-0.02,10,10370,买盘
476,14:25:06,10.39,0.02,1006,1045234,买盘
477,14:24:57,10.37,--,51,52886,买盘
478,14:24:54,10.37,-0.01,102,105773,卖盘
479,14:24:48,10.38,0.01,1,1038,买盘
480,14:24:39,10.37,-0.01,100,103699,卖盘
481,14:24:36,10.38,--,4,4152,买盘
482,14:24:33,10.38,--,5,5190,买盘
483,14:24:30,10.38,--,1,1038,买盘
484,14:24:24,10.38,0.02,1003,1041114,买盘
485,14:24:21,10.36,-0.01,163,168868,卖盘
486,14:24:18,10.37,--,35,36295,买盘
487,14:24:15,10.37,--,295,305915,买盘
488,14:24:12,10.37,0.01,6,6221,买盘
489,14:24:09,10.36,-0.01,1,1036,卖盘
490,14:24:06,10.37,--,7,7258,买盘
491,14:24:03,10.37,--,50,51849,买盘
492,14:24:00,10.37,--,2,2074,买盘
493,14:23:57,10.37,--,7,7258,卖盘
494,14:23:51,10.37,--,4,4148,买盘
495,14:23:45,10.37,--,97,100588,买盘
496,14:23:36,10.37,--,26,26961,买盘
497,14:23:33,10.37,--,3,3110,买盘
498,14:23:27,10.37,--,28,29035,卖盘
499,14:23:15,10.37,-0.01,17,17629,卖盘
500,14:23:12,10.38,0.01,6,6228,买盘
501,14:23:03,10.37,-0.01,54,55997,中性盘
502,14:22:51,10.38,0.03,2,2076,中性盘
503,14:22:42,10.35,-0.04,155,160425,卖盘
504,14:22:39,10.39,0.03,1011,1050429,买盘
505,14:22:18,10.36,--,8,8288,买盘
506,14:22:12,10.36,--,11,11396,买盘
507,14:22:09,10.36,--,39,40404,买盘
508,14:22:06,10.36,--,10,10360,买盘
509,14:22:03,10.36,--,6,6216,买盘
510,14:22:00,10.36,-0.01,41,42476,卖盘
511,14:21:57,10.37,0.02,8,8296,买盘
512,14:21:51,10.35,-0.02,82,84870,卖盘
513,14:21:48,10.37,0.02,28,29035,买盘
514,14:21:42,10.35,-0.02,166,171810,卖盘
515,14:21:36,10.37,0.02,4,4148,买盘
516,14:21:21,10.35,--,10,10350,卖盘
517,14:21:18,10.35,0.01,20,20700,买盘
518,14:21:12,10.34,-0.01,155,160270,卖盘
519,14:21:09,10.35,--,38,39516,买盘
520,14:21:06,10.35,--,53,54855,买盘
521,14:21:00,10.35,--,10,10350,买盘
522,14:20:57,10.35,--,1,1035,买盘
523,14:20:54,10.35,0.01,5,5175,买盘
524,14:20:51,10.34,-0.01,1,1034,卖盘
525,14:20:48,10.35,--,4,4140,买盘
526,14:20:45,10.35,--,100,103500,买盘
527,14:20:42,10.35,--,183,189405,买盘
528,14:20:36,10.35,-0.03,475,492473,卖盘
529,14:20:33,10.38,0.01,3,3114,买盘
530,14:20:30,10.37,--,6,6221,卖盘
531,14:20:24,10.37,0.01,769,798282,买盘
532,14:20:21,10.36,--,11,11396,买盘
533,14:20:18,10.36,--,4,4144,买盘
534,14:20:15,10.36,0.01,10,10360,买盘
535,14:20:09,10.35,-0.01,155,160425,卖盘
536,14:20:06,10.36,--,6,6216,买盘
537,14:20:03,10.36,0.01,11,11396,买盘
538,14:19:51,10.35,-0.01,50,51750,卖盘
539,14:19:48,10.36,--,11,11396,买盘
540,14:19:42,10.36,--,19,19684,买盘
541,14:19:39,10.36,-0.01,65,67340,卖盘
542,14:19:36,10.37,0.01,4,4148,买盘
543,14:19:33,10.36,-0.01,5,5180,中性盘
544,14:19:18,10.37,0.01,97,100588,买盘
545,14:19:09,10.36,--,155,160580,卖盘
546,14:19:06,10.36,--,11,11396,卖盘
547,14:18:54,10.36,-0.01,4,4144,卖盘
548,14:18:51,10.37,--,32,33184,买盘
549,14:18:48,10.37,0.01,2,2074,买盘
550,14:18:42,10.36,--,4,4144,卖盘
551,14:18:39,10.36,-0.01,160,165760,卖盘
552,14:18:33,10.37,0.01,11,11407,买盘
553,14:18:30,10.36,--,5,5180,卖盘
554,14:18:21,10.36,-0.01,20,20720,卖盘
555,14:18:12,10.37,0.01,156,161772,买盘
556,14:18:06,10.36,-0.01,155,160580,卖盘
557,14:18:03,10.37,0.01,6,6221,买盘
558,14:17:51,10.36,-0.01,1,1036,卖盘
559,14:17:48,10.37,--,1,1037,买盘
560,14:17:36,10.37,-0.01,61,63256,卖盘
561,14:17:33,10.38,0.01,3,3114,买盘
562,14:17:30,10.37,-0.01,20,20740,卖盘
563,14:17:24,10.38,--,10,10380,买盘
564,14:17:21,10.38,--,50,51900,买盘
565,14:17:12,10.38,--,13,13494,买盘
566,14:17:09,10.38,--,11,11418,买盘
567,14:17:06,10.38,-0.01,6,6228,卖盘
568,14:17:03,10.39,0.01,6,6234,买盘
569,14:16:57,10.38,--,11,11418,卖盘
570,14:16:51,10.38,-0.01,14,14532,中性盘
571,14:16:48,10.39,0.01,1003,1042117,买盘
572,14:16:42,10.38,0.01,6,6228,买盘
573,14:16:39,10.37,0.01,4,4148,买盘
574,14:16:36,10.36,-0.02,155,160580,卖盘
575,14:16:30,10.38,0.02,30,31140,买盘
576,14:16:27,10.36,-0.02,74,76664,卖盘
577,14:16:09,10.38,0.02,550,570900,买盘
578,14:16:06,10.36,--,406,420616,买盘
579,14:16:00,10.36,0.01,8,8288,买盘
580,14:15:51,10.35,-0.01,36,37260,卖盘
581,14:15:48,10.36,--,1,1036,买盘
582,14:15:33,10.36,--,3,3108,买盘
583,14:15:30,10.36,0.01,10,10360,买盘
584,14:15:27,10.35,-0.02,40,41400,卖盘
585,14:15:24,10.37,--,7,7258,卖盘
586,14:15:21,10.37,--,5,5185,卖盘
587,14:15:18,10.37,0.02,1,1037,中性盘
588,14:15:03,10.35,-0.03,156,161460,卖盘
589,14:15:00,10.38,0.01,1000,1038000,买盘
590,14:14:57,10.37,0.01,6,6221,买盘
591,14:14:51,10.36,-0.01,2,2072,卖盘
592,14:14:48,10.37,0.02,22,23208,买盘
593,14:14:45,10.35,-0.01,22,22770,卖盘
594,14:14:39,10.36,--,4,4144,买盘
595,14:14:36,10.36,--,5,5180,买盘
596,14:14:33,10.36,--,125,129520,卖盘
597,14:14:27,10.36,--,5,5180,卖盘
598,14:14:21,10.36,-0.01,10,10360,卖盘
599,14:14:06,10.37,--,10,10370,买盘
600,14:14:03,10.37,--,206,213621,买盘
601,14:13:57,10.37,--,6,6221,买盘
602,14:13:48,10.37,--,6,6221,买盘
603,14:13:36,10.37,0.01,7,7258,买盘
604,14:13:33,10.36,--,155,160580,卖盘
605,14:13:27,10.36,--,17,17612,卖盘
606,14:13:21,10.36,-0.01,2,2072,卖盘
607,14:13:12,10.37,--,2,2074,买盘
608,14:13:09,10.37,0.01,1,1037,买盘
609,14:13:06,10.36,-0.01,12,12432,卖盘
610,14:12:54,10.37,0.01,6,6221,买盘
611,14:12:48,10.36,-0.01,1,1036,卖盘
612,14:12:45,10.37,0.01,1,1037,买盘
613,14:12:36,10.36,-0.01,40,41440,卖盘
614,14:12:27,10.37,--,9,9333,买盘
615,14:12:18,10.37,--,10,10370,买盘
616,14:12:15,10.37,0.01,1,1037,买盘
617,14:12:12,10.36,-0.01,40,41440,卖盘
618,14:12:06,10.37,--,5,5185,买盘
619,14:12:03,10.37,0.01,1,1037,买盘
620,14:12:00,10.36,-0.01,50,51800,卖盘
621,14:11:54,10.37,0.01,6,6221,买盘
622,14:11:51,10.36,-0.01,6,6216,卖盘
623,14:11:45,10.37,0.01,63,65330,买盘
624,14:11:33,10.36,--,20,20720,卖盘
625,14:11:30,10.36,-0.01,119,123284,卖盘
626,14:11:24,10.37,0.01,2,2074,买盘
627,14:11:21,10.36,--,19,19684,卖盘
628,14:11:15,10.36,-0.01,6,6216,卖盘
629,14:11:12,10.37,--,23,23851,买盘
630,14:11:06,10.37,0.01,27,27998,买盘
631,14:11:00,10.36,-0.01,30,31080,卖盘
632,14:10:54,10.37,--,6,6221,买盘
633,14:10:48,10.37,--,9,9333,买盘
634,14:10:45,10.37,--,2,2074,买盘
635,14:10:42,10.37,0.01,23,23851,买盘
636,14:10:39,10.36,--,118,122248,卖盘
637,14:10:30,10.36,--,52,53872,卖盘
638,14:10:15,10.36,-0.01,2,2072,卖盘
639,14:10:12,10.37,--,27,27998,买盘
640,14:09:51,10.37,--,6,6221,买盘
641,14:09:48,10.37,--,1,1037,买盘
642,14:09:45,10.37,0.01,2,2074,买盘
643,14:09:39,10.36,-0.01,3,3108,卖盘
644,14:09:30,10.37,--,1,1037,买盘
645,14:09:12,10.37,0.01,3,3110,买盘
646,14:09:03,10.36,--,5,5180,卖盘
647,14:09:00,10.36,--,1,1036,卖盘
648,14:08:54,10.36,-0.01,59,61124,卖盘
649,14:08:48,10.37,0.01,37,38369,买盘
650,14:08:18,10.36,-0.01,6,6216,卖盘
651,14:07:48,10.37,--,11,11407,买盘
652,14:07:45,10.37,--,6,6221,买盘
653,14:07:36,10.37,0.01,2,2074,买盘
654,14:07:03,10.36,-0.01,50,51800,卖盘
655,14:06:45,10.37,--,7,7258,买盘
656,14:06:39,10.37,--,224,232910,卖盘
657,14:06:36,10.37,--,400,414799,卖盘
658,14:06:27,10.37,--,1,1037,卖盘
659,14:06:21,10.37,--,38,39820,卖盘
660,14:06:15,10.37,-0.01,6,6221,卖盘
661,14:06:00,10.38,0.01,55,57090,买盘
662,14:05:51,10.37,-0.01,46,47702,卖盘
663,14:05:48,10.38,0.01,20,20760,买盘
664,14:05:45,10.37,-0.01,7,7258,卖盘
665,14:05:42,10.38,--,21,21798,买盘
666,14:05:39,10.38,--,29,30102,买盘
667,14:05:36,10.38,--,5,5190,买盘
668,14:05:33,10.38,--,9,9342,买盘
669,14:05:27,10.38,--,35,36330,买盘
670,14:05:24,10.38,-0.01,548,568824,卖盘
671,14:05:21,10.39,0.01,22,22858,买盘
672,14:05:18,10.38,-0.01,20,20760,卖盘
673,14:05:15,10.39,0.01,14,14546,买盘
674,14:05:12,10.38,-0.01,11,11418,卖盘
675,14:04:54,10.39,--,65,67535,买盘
676,14:04:51,10.39,0.01,11,11429,买盘
677,14:04:45,10.38,--,65,67470,卖盘
678,14:04:42,10.38,--,16,16608,卖盘
679,14:04:39,10.38,--,24,24912,卖盘
680,14:04:36,10.38,-0.01,219,227322,卖盘
681,14:04:21,10.39,--,10,10390,买盘
682,14:04:09,10.39,0.01,10,10390,买盘
683,14:04:00,10.38,0.01,121,125598,买盘
684,14:03:57,10.37,-0.01,1,1037,卖盘
685,14:03:48,10.38,--,2,2076,买盘
686,14:03:39,10.38,--,6,6228,买盘
687,14:03:36,10.38,--,40,41520,买盘
688,14:03:30,10.38,--,10,10380,买盘
689,14:03:24,10.38,--,4,4152,买盘
690,14:03:15,10.38,--,5,5190,买盘
691,14:03:09,10.38,-0.01,385,399630,卖盘
692,14:03:03,10.39,-0.01,5,5195,中性盘
693,14:02:57,10.4,--,11,11440,买盘
694,14:02:51,10.4,--,17,17680,买盘
695,14:02:45,10.4,--,4,4160,买盘
696,14:02:39,10.4,--,6,6240,买盘
697,14:02:33,10.4,--,160,166400,买盘
698,14:02:03,10.4,0.01,1000,1040000,买盘
699,14:02:00,10.39,--,28,29092,买盘
700,14:01:48,10.39,0.01,10,10390,买盘
701,14:01:45,10.38,--,6,6228,卖盘
702,14:01:39,10.38,-0.01,274,284412,卖盘
703,14:01:36,10.39,--,30,31170,买盘
704,14:01:33,10.39,--,1,1039,买盘
705,14:01:27,10.39,0.01,9,9351,买盘
706,14:01:24,10.38,-0.01,143,148434,卖盘
707,14:01:12,10.39,-0.01,170,176630,卖盘
708,14:01:03,10.4,0.01,106,110240,买盘
709,14:00:54,10.39,-0.01,10,10390,卖盘
710,14:00:51,10.4,--,3,3120,买盘
711,14:00:45,10.4,0.01,2,2080,买盘
712,14:00:33,10.39,--,77,80003,买盘
713,14:00:30,10.39,--,97,100783,买盘
714,14:00:27,10.39,--,2,2078,买盘
715,14:00:18,10.39,--,368,382352,买盘
716,14:00:12,10.39,0.01,18,18702,买盘
717,14:00:09,10.38,-0.01,1,1038,卖盘
718,13:59:51,10.39,--,19,19741,买盘
719,13:59:48,10.39,--,68,70652,买盘
720,13:59:45,10.39,--,1,1039,买盘
721,13:59:33,10.39,--,46,47794,买盘
722,13:59:24,10.39,--,60,62340,买盘
723,13:59:21,10.39,0.01,519,539241,买盘
724,13:59:06,10.38,-0.01,2,2076,卖盘
725,13:59:00,10.39,0.01,8,8312,买盘
726,13:58:57,10.38,-0.01,42,43596,卖盘
727,13:58:54,10.39,0.01,13,13507,买盘
728,13:58:51,10.38,-0.01,1,1038,卖盘
729,13:58:48,10.39,--,165,171435,买盘
730,13:58:42,10.39,0.01,1,1039,买盘
731,13:58:39,10.38,-0.01,1,1038,卖盘
732,13:58:30,10.39,0.01,6,6234,买盘
733,13:58:18,10.38,-0.01,1,1038,卖盘
734,13:58:15,10.39,--,20,20780,买盘
735,13:58:09,10.39,--,23,23897,买盘
736,13:57:45,10.39,0.01,1,1039,买盘
737,13:57:36,10.38,-0.01,1,1038,卖盘
738,13:57:33,10.39,--,32,33248,买盘
739,13:57:30,10.39,--,6,6234,买盘
740,13:57:24,10.39,--,9,9351,买盘
741,13:57:15,10.39,--,4,4156,买盘
742,13:57:12,10.39,0.01,49,50911,买盘
743,13:57:09,10.38,--,101,104838,卖盘
744,13:57:06,10.38,--,10,10380,卖盘
745,13:56:48,10.38,--,5,5190,买盘
746,13:56:45,10.38,--,2,2076,买盘
747,13:56:39,10.38,-0.01,4,4152,买盘
748,13:56:36,10.39,--,654,679506,买盘
749,13:56:30,10.39,--,1,1039,买盘
750,13:56:27,10.39,--,6,6234,买盘
751,13:56:21,10.39,--,93,96627,买盘
752,13:56:12,10.39,0.01,200,207800,买盘
753,13:56:06,10.38,-0.01,580,602040,卖盘
754,13:56:03,10.39,0.01,1,1039,买盘
755,13:55:45,10.38,--,6,6228,卖盘
756,13:55:30,10.38,-0.01,2,2076,卖盘
757,13:55:27,10.39,--,26,27014,买盘
758,13:55:21,10.39,--,10,10390,买盘
759,13:55:18,10.39,--,3,3117,买盘
760,13:55:15,10.39,0.01,2,2078,买盘
761,13:55:09,10.38,--,6,6228,卖盘
762,13:55:06,10.38,-0.01,1,1038,卖盘
763,13:54:54,10.39,0.01,24,24936,买盘
764,13:54:51,10.38,-0.01,3,3114,卖盘
765,13:54:42,10.39,0.01,1,1039,买盘
766,13:54:36,10.38,-0.01,2,2076,卖盘
767,13:54:24,10.39,0.01,7,7273,买盘
768,13:54:18,10.38,-0.01,50,51900,卖盘
769,13:54:06,10.39,0.01,10,10390,买盘
770,13:54:00,10.38,--,45,46710,卖盘
771,13:53:54,10.38,--,2,2076,卖盘
772,13:53:48,10.38,-0.01,6,6228,卖盘
773,13:53:45,10.39,--,5,5195,买盘
774,13:53:42,10.39,0.01,2,2078,买盘
775,13:53:30,10.38,-0.01,10,10380,卖盘
776,13:53:24,10.39,0.01,6,6234,买盘
777,13:53:18,10.38,--,74,76812,卖盘
778,13:53:15,10.38,--,20,20760,卖盘
779,13:53:00,10.38,--,2,2076,卖盘
780,13:52:48,10.38,--,16,16608,卖盘
781,13:52:45,10.38,-0.01,5,5190,卖盘
782,13:52:42,10.39,0.01,1,1039,买盘
783,13:52:39,10.38,--,7,7266,卖盘
784,13:52:36,10.38,--,2,2076,卖盘
785,13:52:33,10.38,-0.01,1,1038,卖盘
786,13:52:21,10.39,0.01,5,5195,买盘
787,13:52:12,10.38,--,20,20760,卖盘
788,13:52:09,10.38,--,16,16608,卖盘
789,13:52:03,10.38,--,10,10380,卖盘
790,13:51:48,10.38,-0.01,20,20760,卖盘
791,13:51:45,10.39,0.01,1,1039,买盘
792,13:51:39,10.38,--,33,34254,卖盘
793,13:51:30,10.38,-0.01,1,1038,卖盘
794,13:51:27,10.39,0.01,5,5195,买盘
795,13:51:21,10.38,-0.01,50,51900,卖盘
796,13:51:18,10.39,0.01,6,6234,买盘
797,13:51:12,10.38,-0.01,9,9342,卖盘
798,13:50:57,10.39,0.01,8,8312,买盘
799,13:50:51,10.38,-0.01,14,14532,卖盘
800,13:50:48,10.39,--,10,10390,买盘
801,13:50:45,10.39,--,99,102861,买盘
802,13:50:42,10.39,--,1,1039,买盘
803,13:50:33,10.39,0.01,6,6234,买盘
804,13:50:27,10.38,-0.01,14,14532,卖盘
805,13:50:18,10.39,--,9,9351,买盘
806,13:50:15,10.39,0.01,1,1039,买盘
807,13:50:12,10.38,0.01,66,68508,买盘
808,13:50:09,10.37,-0.01,15,15554,卖盘
809,13:50:03,10.38,0.01,3,3114,买盘
810,13:50:00,10.37,-0.01,1,1037,卖盘
811,13:49:51,10.38,--,7,7266,买盘
812,13:49:48,10.38,0.01,7,7266,买盘
813,13:49:45,10.37,--,5,5185,卖盘
814,13:49:42,10.37,-0.01,3,3110,卖盘
815,13:49:39,10.38,--,33,34254,买盘
816,13:49:36,10.38,--,10,10380,买盘
817,13:49:30,10.38,--,32,33216,卖盘
818,13:49:24,10.38,-0.01,40,41520,卖盘
819,13:49:21,10.39,0.01,29,30131,买盘
820,13:49:18,10.38,-0.01,34,35292,卖盘
821,13:49:15,10.39,--,7,7273,买盘
822,13:49:00,10.39,0.01,5,5195,买盘
823,13:48:51,10.38,--,1,1038,卖盘
824,13:48:45,10.38,-0.01,1,1038,卖盘
825,13:48:42,10.39,--,13,13507,买盘
826,13:48:33,10.39,0.01,10,10390,买盘
827,13:48:30,10.38,--,87,90306,买盘
828,13:48:27,10.38,--,23,23874,买盘
829,13:48:15,10.38,0.01,6,6228,买盘
830,13:48:06,10.37,-0.02,4,4148,卖盘
831,13:48:03,10.39,-0.01,44,45716,中性盘
832,13:47:39,10.4,0.03,551,573040,买盘
833,13:47:36,10.37,--,10,10370,卖盘
834,13:47:18,10.37,-0.02,8,8296,卖盘
835,13:47:12,10.39,0.02,5,5195,买盘
836,13:47:06,10.37,-0.02,5,5185,卖盘
837,13:46:54,10.39,--,10,10390,买盘
838,13:46:48,10.39,0.02,118,122602,买盘
839,13:46:45,10.37,-0.02,5,5185,卖盘
840,13:46:42,10.39,--,1,1039,买盘
841,13:46:36,10.39,--,11,11429,买盘
842,13:46:33,10.39,--,340,353260,买盘
843,13:46:15,10.39,0.01,48,49872,买盘
844,13:46:12,10.38,0.01,71,73698,买盘
845,13:46:09,10.37,-0.02,51,52886,卖盘
846,13:45:54,10.39,--,68,70652,买盘
847,13:45:39,10.39,0.01,376,390664,买盘
848,13:45:27,10.38,--,6,6228,买盘
849,13:45:24,10.38,--,25,25950,卖盘
850,13:45:18,10.38,--,75,77850,买盘
851,13:45:12,10.38,0.01,271,281298,买盘
852,13:45:09,10.37,--,3,3110,买盘
853,13:45:03,10.37,-0.01,4,4148,中性盘
854,13:44:42,10.38,--,1,1038,买盘
855,13:44:33,10.38,0.02,113,117294,买盘
856,13:44:24,10.36,-0.01,126,130536,卖盘
857,13:44:21,10.37,--,100,104249,中性盘
858,13:44:09,10.37,--,8,8296,买盘
859,13:44:03,10.37,0.01,20,20740,买盘
860,13:43:57,10.36,-0.01,13,13468,卖盘
861,13:43:45,10.37,--,1,1037,卖盘
862,13:43:42,10.37,-0.01,1,1037,卖盘
863,13:43:24,10.38,--,525,544950,买盘
864,13:43:18,10.38,0.01,10,10380,买盘
865,13:43:15,10.37,-0.01,4,4148,卖盘
866,13:43:12,10.38,--,20,20760,买盘
867,13:43:06,10.38,--,5,5190,买盘
868,13:43:00,10.38,--,6,6228,买盘
869,13:42:54,10.38,0.01,10,10380,买盘
870,13:42:39,10.37,--,1,1037,卖盘
871,13:42:36,10.37,-0.01,3,3110,卖盘
872,13:42:33,10.38,--,1,1038,买盘
873,13:42:30,10.38,0.01,1,1038,买盘
874,13:42:27,10.37,-0.01,1,1037,卖盘
875,13:42:18,10.38,--,1,1038,卖盘
876,13:42:15,10.38,-0.01,30,31140,卖盘
877,13:42:06,10.39,--,11,11429,买盘
878,13:42:03,10.39,--,8,8312,买盘
879,13:41:45,10.39,--,14,14546,买盘
880,13:41:36,10.39,0.01,2,2078,买盘
881,13:41:33,10.38,-0.01,40,41520,卖盘
882,13:41:27,10.39,--,67,69613,买盘
883,13:41:24,10.39,--,13,13507,买盘
884,13:41:15,10.39,--,5,5195,买盘
885,13:41:12,10.39,--,5,5195,买盘
886,13:41:03,10.39,0.01,5,5195,买盘
887,13:40:57,10.38,--,20,20760,卖盘
888,13:40:54,10.38,--,1,1038,卖盘
889,13:40:51,10.38,-0.01,503,522114,卖盘
890,13:40:45,10.39,--,83,86237,买盘
891,13:40:21,10.39,0.01,5,5195,买盘
892,13:40:15,10.38,--,82,85116,卖盘
893,13:40:12,10.38,-0.01,12,12456,卖盘
894,13:40:09,10.39,--,19,19741,买盘
895,13:40:06,10.39,0.01,34,35326,买盘
896,13:40:03,10.38,-0.01,10,10380,卖盘
897,13:40:00,10.39,0.01,5,5195,买盘
898,13:39:54,10.38,--,1,1038,卖盘
899,13:39:51,10.38,--,31,32178,卖盘
900,13:39:45,10.38,--,40,41520,卖盘
901,13:39:42,10.38,-0.01,10,10380,卖盘
902,13:39:36,10.39,--,78,81042,买盘
903,13:39:30,10.39,0.01,32,33248,买盘
904,13:39:12,10.38,-0.01,1,1038,卖盘
905,13:39:09,10.39,--,34,35326,买盘
906,13:39:00,10.39,--,5,5195,买盘
907,13:38:45,10.39,0.01,8,8312,买盘
908,13:38:42,10.38,--,20,20760,卖盘
909,13:38:39,10.38,-0.01,1,1038,卖盘
910,13:38:36,10.39,--,2,2078,买盘
911,13:38:18,10.39,--,15,15585,买盘
912,13:38:15,10.39,--,1,1039,买盘
913,13:38:09,10.39,--,13,13507,买盘
914,13:38:00,10.39,--,2,2078,买盘
915,13:37:57,10.39,0.01,8,8312,买盘
916,13:37:51,10.38,--,27,28026,卖盘
917,13:37:48,10.38,--,23,23874,卖盘
918,13:37:45,10.38,--,8,8304,卖盘
919,13:37:27,10.38,--,1,1038,卖盘
920,13:37:24,10.38,-0.01,1,1038,卖盘
921,13:37:15,10.39,0.01,21,21819,买盘
922,13:37:12,10.38,-0.01,10,10380,卖盘
923,13:37:09,10.39,0.01,12,12468,买盘
924,13:37:06,10.38,--,40,41520,卖盘
925,13:37:03,10.38,-0.01,47,48786,卖盘
926,13:36:57,10.39,0.01,5,5195,买盘
927,13:36:51,10.38,--,10,10380,卖盘
928,13:36:48,10.38,--,2,2076,卖盘
929,13:36:39,10.38,--,7,7266,卖盘
930,13:36:30,10.38,--,10,10380,卖盘
931,13:36:21,10.38,-0.01,95,98610,卖盘
932,13:36:09,10.39,0.01,19,19741,买盘
933,13:36:06,10.38,-0.01,11,11418,卖盘
934,13:35:54,10.39,--,5,5195,买盘
935,13:35:48,10.39,--,20,20780,买盘
936,13:35:39,10.39,--,19,19741,买盘
937,13:35:36,10.39,--,30,31170,买盘
938,13:35:27,10.39,--,9,9351,买盘
939,13:35:21,10.39,0.01,30,31170,买盘
940,13:35:18,10.38,--,84,87192,卖盘
941,13:35:12,10.38,-0.01,12,12456,卖盘
942,13:35:09,10.39,0.01,18,18702,买盘
943,13:35:06,10.38,-0.01,25,25950,卖盘
944,13:35:03,10.39,--,5,5195,买盘
945,13:34:54,10.39,--,47,48833,买盘
946,13:34:51,10.39,-0.01,338,351878,卖盘
947,13:34:48,10.4,0.01,1,1040,买盘
948,13:34:45,10.39,-0.01,9,9351,卖盘
949,13:34:39,10.4,0.01,18,18720,买盘
950,13:34:30,10.39,--,713,741149,买盘
951,13:34:24,10.39,--,5,5195,买盘
952,13:34:15,10.39,--,2,2078,买盘
953,13:34:09,10.39,0.01,23,23897,买盘
954,13:33:51,10.38,-0.01,6,6228,卖盘
955,13:33:48,10.39,--,23,23897,买盘
956,13:33:39,10.39,0.01,20,20780,买盘
957,13:33:36,10.38,-0.01,1,1038,卖盘
958,13:33:21,10.39,--,10,10390,买盘
959,13:33:18,10.39,--,840,873611,卖盘
960,13:33:06,10.39,-0.01,0,561,卖盘
961,13:32:54,10.4,--,4,4160,买盘
962,13:32:51,10.4,--,5,5200,买盘
963,13:32:48,10.4,0.01,30,31200,买盘
964,13:32:42,10.39,--,9,9351,卖盘
965,13:32:39,10.39,--,7,7273,卖盘
966,13:32:27,10.39,-0.01,12,12468,卖盘
967,13:32:24,10.4,0.01,20,20800,买盘
968,13:32:21,10.39,-0.01,3,3117,卖盘
969,13:32:03,10.4,0.01,91,94640,买盘
970,13:32:00,10.39,-0.01,508,527812,卖盘
971,13:31:51,10.4,--,300,312000,买盘
972,13:31:48,10.4,0.01,5,5200,买盘
973,13:31:45,10.39,-0.01,22,22858,卖盘
974,13:31:36,10.4,--,54,56160,买盘
975,13:31:33,10.4,--,200,208000,买盘
976,13:31:27,10.4,0.01,12,12480,买盘
977,13:31:24,10.39,-0.01,19,20011,卖盘
978,13:31:18,10.4,--,28,29120,买盘
979,13:31:12,10.4,--,110,115232,买盘
980,13:31:09,10.4,0.01,10,10400,买盘
981,13:31:03,10.39,-0.01,1,1039,卖盘
982,13:31:00,10.4,0.01,24,24960,买盘
983,13:30:57,10.39,--,15,15585,卖盘
984,13:30:51,10.39,-0.01,5,5195,卖盘
985,13:30:48,10.4,--,45,46800,买盘
986,13:30:45,10.4,--,11,11440,买盘
987,13:30:42,10.4,--,4,4160,买盘
988,13:30:39,10.4,0.01,16,16640,买盘
989,13:30:30,10.39,--,7,7273,卖盘
990,13:30:27,10.39,--,6,6234,卖盘
991,13:30:21,10.39,-0.01,34,35326,卖盘
992,13:30:18,10.4,--,20,20800,买盘
993,13:29:54,10.4,0.01,2,2080,买盘
994,13:29:51,10.39,--,20,20780,卖盘
995,13:29:48,10.39,-0.01,97,100783,卖盘
996,13:29:45,10.4,0.01,5,5200,买盘
997,13:29:42,10.39,-0.01,11,11429,卖盘
998,13:29:39,10.4,0.01,2,2080,买盘
999,13:29:33,10.39,--,19,19741,卖盘
1000,13:29:30,10.39,--,1,1039,卖盘
1001,13:29:27,10.39,--,11,11429,卖盘
1002,13:29:24,10.39,--,4,4270,卖盘
1003,13:29:21,10.39,-0.01,7,7428,卖盘
1004,13:29:18,10.4,0.01,60,62400,买盘
1005,13:29:15,10.39,-0.01,1,1039,卖盘
1006,13:29:12,10.4,0.01,1,1040,买盘
1007,13:29:06,10.39,-0.01,40,41560,卖盘
1008,13:29:00,10.4,0.01,29,30160,买盘
1009,13:28:51,10.39,--,30,31170,卖盘
1010,13:28:45,10.39,-0.01,6,6234,卖盘
1011,13:28:42,10.4,0.01,5,5200,买盘
1012,13:28:33,10.39,--,2,2078,卖盘
1013,13:28:30,10.39,--,3,3117,卖盘
1014,13:28:21,10.39,--,7,7273,卖盘
1015,13:28:15,10.39,-0.01,1,1039,卖盘
1016,13:28:12,10.4,--,1,1040,买盘
1017,13:27:57,10.4,--,25,26000,买盘
1018,13:27:48,10.4,--,2,2080,买盘
1019,13:27:45,10.4,-0.01,1106,1150510,卖盘
1020,13:27:42,10.41,--,5,5205,买盘
1021,13:27:30,10.41,--,25,26025,买盘
1022,13:27:27,10.41,--,1,1041,买盘
1023,13:27:24,10.41,--,10,10410,买盘
1024,13:27:21,10.41,0.01,13,13803,买盘
1025,13:27:18,10.4,-0.01,1,1040,卖盘
1026,13:27:15,10.41,--,11,11451,买盘
1027,13:26:48,10.41,0.01,1,1041,买盘
1028,13:26:45,10.4,-0.01,1,1040,卖盘
1029,13:26:42,10.41,-0.01,507,528557,卖盘
1030,13:26:39,10.42,--,6,6252,买盘
1031,13:26:36,10.42,0.01,5,5210,买盘
1032,13:26:27,10.41,--,10,10410,卖盘
1033,13:26:24,10.41,--,10,10410,卖盘
1034,13:26:21,10.41,--,22,22902,卖盘
1035,13:26:09,10.41,-0.01,7,7287,卖盘
1036,13:26:03,10.42,0.01,12,12504,买盘
1037,13:26:00,10.41,--,1,1041,卖盘
1038,13:25:57,10.41,-0.01,13,13533,卖盘
1039,13:25:54,10.42,--,14,14588,买盘
1040,13:25:51,10.42,--,5,5210,买盘
1041,13:25:48,10.42,0.01,28,29176,买盘
1042,13:25:45,10.41,-0.01,5,5205,卖盘
1043,13:25:42,10.42,--,54,56268,买盘
1044,13:25:39,10.42,0.01,45,46890,买盘
1045,13:25:21,10.41,--,9,9774,卖盘
1046,13:25:18,10.41,--,110,115415,卖盘
1047,13:25:09,10.41,-0.01,8,8328,卖盘
1048,13:25:03,10.42,0.01,1,1042,买盘
1049,13:25:00,10.41,--,21,21861,卖盘
1050,13:24:57,10.41,--,28,29148,买盘
1051,13:24:54,10.41,--,11,11451,买盘
1052,13:24:51,10.41,--,2,2082,买盘
1053,13:24:48,10.41,-0.01,11,11451,中性盘
1054,13:24:45,10.42,0.02,801,834642,买盘
1055,13:24:42,10.4,-0.01,5,5200,卖盘
1056,13:24:36,10.41,--,7,7287,买盘
1057,13:24:33,10.41,0.01,30,31230,买盘
1058,13:24:30,10.4,-0.01,30,31200,卖盘
1059,13:24:27,10.41,0.01,59,61419,买盘
1060,13:24:24,10.4,--,323,335920,卖盘
1061,13:24:15,10.4,-0.01,1,1040,卖盘
1062,13:24:09,10.41,--,10,10410,买盘
1063,13:24:06,10.41,0.01,77,80157,买盘
1064,13:24:00,10.4,-0.01,7,7280,卖盘
1065,13:23:51,10.41,--,9,9369,买盘
1066,13:23:48,10.41,--,3,3123,买盘
1067,13:23:45,10.41,0.01,31,32271,买盘
1068,13:23:39,10.4,--,10,10400,卖盘
1069,13:23:36,10.4,-0.01,6,6240,卖盘
1070,13:23:33,10.41,0.01,5,5205,买盘
1071,13:23:30,10.4,--,1,1040,卖盘
1072,13:23:24,10.4,--,7,7280,卖盘
1073,13:23:18,10.4,--,12,12750,卖盘
1074,13:23:15,10.4,-0.01,1,1040,卖盘
1075,13:23:09,10.41,0.01,5,5205,买盘
1076,13:23:06,10.4,-0.01,50,52000,卖盘
1077,13:23:03,10.41,--,17,17697,买盘
1078,13:23:00,10.41,0.01,28,29148,买盘
1079,13:22:57,10.4,-0.01,40,41600,卖盘
1080,13:22:51,10.41,--,15,15615,买盘
1081,13:22:48,10.41,0.01,8,8328,买盘
1082,13:22:45,10.4,-0.01,58,60320,卖盘
1083,13:22:42,10.41,--,5,5205,买盘
1084,13:22:39,10.41,--,63,65583,买盘
1085,13:22:36,10.41,--,21,21861,买盘
1086,13:22:33,10.41,--,44,45804,买盘
1087,13:22:30,10.41,--,91,94731,买盘
1088,13:22:24,10.41,--,10,10410,买盘
1089,13:22:21,10.41,0.01,51,53091,买盘
1090,13:22:18,10.4,--,2,2496,卖盘
1091,13:22:15,10.4,--,3,3120,卖盘
1092,13:22:12,10.4,-0.01,101,105040,卖盘
1093,13:22:06,10.41,--,15,15615,买盘
1094,13:22:03,10.41,0.01,47,48927,买盘
1095,13:22:00,10.4,-0.01,19,19760,卖盘
1096,13:21:57,10.41,--,4,4164,买盘
1097,13:21:54,10.41,--,53,55173,买盘
1098,13:21:51,10.41,--,118,122838,买盘
1099,13:21:48,10.41,0.01,1,1041,买盘
1100,13:21:45,10.4,-0.01,5,5200,卖盘
1101,13:21:42,10.41,--,10,10410,买盘
1102,13:21:39,10.41,--,44,45804,买盘
1103,13:21:33,10.41,--,50,52050,买盘
1104,13:21:30,10.41,--,6,6246,买盘
1105,13:21:27,10.41,0.01,19,19779,买盘
1106,13:21:21,10.4,-0.01,1,1040,卖盘
1107,13:21:18,10.41,0.01,44,45897,买盘
1108,13:21:15,10.4,--,17,17856,卖盘
1109,13:21:03,10.4,--,351,365622,买盘
1110,13:21:00,10.4,--,110,114400,买盘
1111,13:20:57,10.4,--,22,22880,买盘
1112,13:20:54,10.4,--,260,270400,买盘
1113,13:20:51,10.4,--,3,3120,买盘
1114,13:20:48,10.4,--,530,551200,买盘
1115,13:20:45,10.4,--,109,113360,买盘
1116,13:20:42,10.4,--,5,5200,买盘
1117,13:20:39,10.4,--,30,31200,买盘
1118,13:20:36,10.4,--,345,358800,买盘
1119,13:20:33,10.4,--,305,317200,买盘
1120,13:20:30,10.4,0.01,6,6240,买盘
1121,13:20:21,10.39,-0.01,11,11429,卖盘
1122,13:20:18,10.4,--,466,484640,买盘
1123,13:20:15,10.4,--,50,52000,买盘
1124,13:20:03,10.4,--,1,1040,买盘
1125,13:20:00,10.4,--,1,1040,买盘
1126,13:19:57,10.4,0.01,500,520000,买盘
1127,13:19:51,10.39,--,1,1039,卖盘
1128,13:19:48,10.39,--,29,30463,买盘
1129,13:19:45,10.39,0.01,214,222346,买盘
1130,13:19:42,10.38,-0.01,2,2076,卖盘
1131,13:19:39,10.39,--,322,334558,买盘
1132,13:19:33,10.39,--,979,1017181,买盘
1133,13:19:27,10.39,--,5,5195,买盘
1134,13:19:21,10.39,--,155,161045,买盘
1135,13:19:18,10.39,0.01,10,10390,买盘
1136,13:19:15,10.38,-0.01,124,128981,卖盘
1137,13:19:03,10.39,0.01,22,22858,买盘
1138,13:18:51,10.38,-0.01,1,1038,卖盘
1139,13:18:48,10.39,--,1,1039,买盘
1140,13:18:42,10.39,--,14,14546,买盘
1141,13:18:27,10.39,0.01,6,6234,买盘
1142,13:18:21,10.38,-0.01,1,1038,卖盘
1143,13:18:18,10.39,--,24,24936,买盘
1144,13:18:12,10.39,--,20,20780,买盘
1145,13:18:06,10.39,0.01,50,51950,买盘
1146,13:18:00,10.38,-0.01,1,1038,卖盘
1147,13:17:57,10.39,0.01,10,10390,买盘
1148,13:17:51,10.38,--,1,1038,卖盘
1149,13:17:39,10.38,--,42,43596,买盘
1150,13:17:30,10.38,-0.01,5,5190,卖盘
1151,13:17:24,10.39,0.01,4,4156,买盘
1152,13:17:21,10.38,--,522,542541,卖盘
1153,13:17:18,10.38,--,12,12456,卖盘
1154,13:17:15,10.38,--,13,13774,卖盘
1155,13:17:12,10.38,--,7,8293,卖盘
1156,13:17:09,10.38,-0.01,9,9342,卖盘
1157,13:17:03,10.39,--,5,5195,买盘
1158,13:17:00,10.39,--,10,10390,买盘
1159,13:16:57,10.39,--,17,17663,买盘
1160,13:16:48,10.39,0.01,2,2078,买盘
1161,13:16:45,10.38,-0.01,5,5190,卖盘
1162,13:16:42,10.39,--,13,13507,买盘
1163,13:16:33,10.39,0.01,14,14546,买盘
1164,13:16:27,10.38,-0.01,1,1038,卖盘
1165,13:16:24,10.39,0.01,5,5195,买盘
1166,13:16:21,10.38,--,1,1038,卖盘
1167,13:16:09,10.38,-0.01,27,28026,卖盘
1168,13:16:06,10.39,0.01,1,1039,买盘
1169,13:15:54,10.38,-0.01,1,1038,卖盘
1170,13:15:51,10.39,--,3,3117,买盘
1171,13:15:48,10.39,--,1,1039,买盘
1172,13:15:42,10.39,--,50,51950,买盘
1173,13:15:39,10.39,0.01,10,10390,买盘
1174,13:15:33,10.38,-0.01,12,12456,卖盘
1175,13:15:24,10.39,--,92,95588,买盘
1176,13:15:21,10.39,0.01,23,23897,买盘
1177,13:15:18,10.38,--,6,6228,卖盘
1178,13:15:15,10.38,--,3,3778,卖盘
1179,13:15:12,10.38,--,7,7909,卖盘
1180,13:15:09,10.38,0.01,1087,1129136,买盘
1181,13:15:03,10.37,-0.01,125,129624,卖盘
1182,13:15:00,10.38,0.01,35,36330,买盘
1183,13:14:54,10.37,-0.01,48,49775,卖盘
1184,13:14:51,10.38,0.01,23,23874,买盘
1185,13:14:48,10.37,-0.01,49,50812,卖盘
1186,13:14:45,10.38,--,3,3114,买盘
1187,13:14:39,10.38,--,31,32178,买盘
1188,13:14:36,10.38,0.01,3,3114,买盘
1189,13:14:30,10.37,--,114,118217,卖盘
1190,13:14:24,10.37,-0.01,20,20740,卖盘
1191,13:14:21,10.38,--,5,5190,买盘
1192,13:14:18,10.38,0.01,7,7266,买盘
1193,13:14:15,10.37,-0.01,1,1037,卖盘
1194,13:14:06,10.38,0.01,10,10380,买盘
1195,13:13:57,10.37,-0.01,12,12443,卖盘
1196,13:13:54,10.38,--,5,5190,买盘
1197,13:13:48,10.38,--,2,2076,买盘
1198,13:13:45,10.38,0.01,25,25950,买盘
1199,13:13:33,10.37,--,10,10370,卖盘
1200,13:13:24,10.37,--,1,1037,卖盘
1201,13:13:21,10.37,-0.01,2,2074,卖盘
1202,13:13:18,10.38,0.01,6,6228,买盘
1203,13:13:15,10.37,-0.01,9,9333,卖盘
1204,13:13:12,10.38,0.01,20,21434,买盘
1205,13:13:09,10.37,-0.01,7,7891,卖盘
1206,13:13:06,10.38,0.01,10,10380,买盘
1207,13:13:00,10.37,--,7,7258,卖盘
1208,13:12:57,10.37,--,7,7258,卖盘
1209,13:12:54,10.37,--,94,97747,买盘
1210,13:12:48,10.37,0.01,22,22814,买盘
1211,13:12:45,10.36,--,1,1036,卖盘
1212,13:12:36,10.36,-0.01,1,1036,卖盘
1213,13:12:33,10.37,--,30,31109,买盘
1214,13:12:30,10.37,--,191,198834,卖盘
1215,13:12:21,10.37,-0.01,10,10370,卖盘
1216,13:12:18,10.38,0.01,5,5190,买盘
1217,13:12:09,10.37,--,13,13480,卖盘
1218,13:12:03,10.37,--,4,4148,卖盘
1219,13:11:57,10.37,--,1,1037,卖盘
1220,13:11:45,10.37,-0.01,1,1037,卖盘
1221,13:11:30,10.38,0.01,5,5190,买盘
1222,13:11:24,10.37,-0.01,2,2074,卖盘
1223,13:11:18,10.38,--,73,75774,买盘
1224,13:11:15,10.38,0.01,6,6228,买盘
1225,13:11:12,10.37,--,3,3556,卖盘
1226,13:11:09,10.37,--,7,8119,卖盘
1227,13:11:00,10.37,--,10,10370,卖盘
1228,13:10:54,10.37,--,1,1037,卖盘
1229,13:10:51,10.37,--,1,1037,卖盘
1230,13:10:45,10.37,--,5,5185,卖盘
1231,13:10:36,10.37,-0.01,1,1037,卖盘
1232,13:10:30,10.38,--,10,10380,卖盘
1233,13:10:27,10.38,--,5,5190,卖盘
1234,13:10:21,10.38,-0.01,24,24912,卖盘
1235,13:10:15,10.39,0.01,5,5195,买盘
1236,13:10:06,10.38,--,5,5190,卖盘
1237,13:10:03,10.38,--,17,17646,卖盘
1238,13:09:51,10.38,--,3,3114,卖盘
1239,13:09:39,10.38,0.01,11,11418,买盘
1240,13:09:36,10.37,-0.01,1,1037,卖盘
1241,13:09:33,10.38,--,52,53976,买盘
1242,13:09:21,10.38,--,5,5190,买盘
1243,13:09:18,10.38,0.01,267,277146,买盘
1244,13:09:15,10.37,-0.01,1,1037,卖盘
1245,13:09:12,10.38,0.01,5,5190,买盘
1246,13:09:09,10.37,--,4,4324,卖盘
1247,13:09:06,10.37,-0.01,8,8389,卖盘
1248,13:09:03,10.38,0.01,200,207600,买盘
1249,13:08:51,10.37,--,7,7258,卖盘
1250,13:08:48,10.37,--,22,22814,卖盘
1251,13:08:45,10.37,--,3,3110,卖盘
1252,13:08:39,10.37,--,1,1037,卖盘
1253,13:08:30,10.37,--,40,41480,卖盘
1254,13:08:21,10.37,-0.01,1,1037,卖盘
1255,13:08:18,10.38,0.01,20,20760,买盘
1256,13:08:15,10.37,-0.01,182,188734,卖盘
1257,13:08:12,10.38,0.01,5,5190,买盘
1258,13:07:51,10.37,-0.01,5,5185,卖盘
1259,13:07:48,10.38,0.01,50,51900,买盘
1260,13:07:45,10.37,--,6,6221,卖盘
1261,13:07:42,10.37,--,2,2074,卖盘
1262,13:07:39,10.37,-0.01,3,3110,卖盘
1263,13:07:36,10.38,0.01,9,9342,买盘
1264,13:07:30,10.37,--,3,3110,卖盘
1265,13:07:27,10.37,--,1,1037,卖盘
1266,13:07:24,10.37,--,5,5185,卖盘
1267,13:07:12,10.37,-0.01,10,10370,卖盘
1268,13:07:09,10.38,0.01,4,4421,买盘
1269,13:07:06,10.37,--,12,12713,卖盘
1270,13:07:03,10.37,-0.01,1,1037,卖盘
1271,13:06:51,10.38,--,11,12186,卖盘
1272,13:06:45,10.38,--,5,5190,卖盘
1273,13:06:42,10.38,--,7,7266,卖盘
1274,13:06:39,10.38,--,1,1038,卖盘
1275,13:06:33,10.38,--,11,11418,卖盘
1276,13:06:30,10.38,-0.01,10,10380,卖盘
1277,13:06:24,10.39,0.01,10,10390,买盘
1278,13:06:21,10.38,--,551,571938,卖盘
1279,13:06:15,10.38,-0.01,50,51900,卖盘
1280,13:06:09,10.39,0.01,5,5195,买盘
1281,13:06:06,10.38,--,50,51900,卖盘
1282,13:06:03,10.38,-0.01,1,1038,卖盘
1283,13:05:57,10.39,0.01,1,1039,买盘
1284,13:05:51,10.38,--,32,33216,卖盘
1285,13:05:48,10.38,--,1,1038,卖盘
1286,13:05:36,10.38,-0.01,1,1038,卖盘
1287,13:05:33,10.39,--,20,20780,买盘
1288,13:05:21,10.39,--,7,7273,买盘
1289,13:05:15,10.39,0.01,2,2078,买盘
1290,13:05:12,10.38,-0.01,15,15570,卖盘
1291,13:05:09,10.39,0.01,5,5195,买盘
1292,13:05:06,10.38,--,3,3757,卖盘
1293,13:05:03,10.38,--,7,7930,卖盘
1294,13:05:00,10.38,-0.01,13,13494,卖盘
1295,13:04:57,10.39,0.01,2,2078,买盘
1296,13:04:51,10.38,--,1,1038,卖盘
1297,13:04:48,10.38,--,5,5190,卖盘
1298,13:04:45,10.38,--,5,5190,卖盘
1299,13:04:36,10.38,0.01,2,2076,买盘
1300,13:04:33,10.37,-0.01,2,2074,卖盘
1301,13:04:30,10.38,-0.01,43,44634,卖盘
1302,13:04:27,10.39,--,20,20780,买盘
1303,13:04:15,10.39,--,50,51950,买盘
1304,13:04:09,10.39,--,220,228580,买盘
1305,13:04:06,10.39,--,5,5195,买盘
1306,13:04:00,10.39,--,16,16624,买盘
1307,13:03:57,10.39,0.03,10,10390,买盘
1308,13:03:48,10.36,-0.03,1,1036,卖盘
1309,13:03:45,10.39,0.03,17,17663,买盘
1310,13:03:42,10.36,-0.03,1374,1423464,卖盘
1311,13:03:39,10.39,-0.01,26,27014,卖盘
1312,13:03:36,10.4,0.01,37,38480,买盘
1313,13:03:30,10.39,--,5,5195,卖盘
1314,13:03:24,10.39,--,5,5195,卖盘
1315,13:03:21,10.39,--,1,1039,卖盘
1316,13:03:15,10.39,--,93,96627,卖盘
1317,13:03:12,10.39,--,1925,2000075,买盘
1318,13:03:06,10.39,--,50,51950,买盘
1319,13:03:03,10.39,--,41,42869,买盘
1320,13:03:00,10.39,0.01,13,13507,买盘
1321,13:02:51,10.38,-0.01,1,1038,卖盘
1322,13:02:42,10.39,--,3,3117,买盘
1323,13:02:39,10.39,--,189,196371,买盘
1324,13:02:27,10.39,--,12,12468,买盘
1325,13:02:24,10.39,0.01,11,11429,买盘
1326,13:02:21,10.38,-0.01,8,8304,卖盘
1327,13:02:15,10.39,--,20,20780,买盘
1328,13:02:06,10.39,--,10,10390,买盘
1329,13:02:03,10.39,0.01,31,32209,买盘
1330,13:02:00,10.38,-0.01,1,1038,卖盘
1331,13:01:57,10.39,--,2,2078,买盘
1332,13:01:54,10.39,--,30,31170,买盘
1333,13:01:51,10.39,--,2,2078,买盘
1334,13:01:48,10.39,0.01,50,51950,买盘
1335,13:01:45,10.38,--,296,307248,卖盘
1336,13:01:42,10.38,--,140,145320,卖盘
1337,13:01:36,10.38,--,1,1038,卖盘
1338,13:01:30,10.38,--,179,186528,买盘
1339,13:01:27,10.38,--,21,21798,买盘
1340,13:01:12,10.38,--,1,1038,买盘
1341,13:01:09,10.38,--,54,56052,买盘
1342,13:01:03,10.38,0.01,1,1038,买盘
1343,13:01:00,10.37,-0.01,16,16861,卖盘
1344,13:00:51,10.38,0.01,6,6228,买盘
1345,13:00:48,10.37,--,1,1037,卖盘
1346,13:00:45,10.37,-0.01,5,5185,卖盘
1347,13:00:42,10.38,--,6,6228,买盘
1348,13:00:33,10.38,0.01,5,5190,买盘
1349,13:00:27,10.37,--,1,1037,卖盘
1350,13:00:24,10.37,--,9,9333,卖盘
1351,13:00:12,10.37,--,7,7258,卖盘
1352,13:00:09,10.37,--,4,4148,卖盘
1353,13:00:06,10.37,--,1,1037,卖盘
1354,13:00:03,10.37,0.01,3212,3331590,买盘
1355,13:00:00,10.36,--,0,0,买盘
1356,11:30:00,10.36,--,0,0,买盘
1357,11:29:57,10.36,--,203,210308,买盘
1358,11:29:54,10.36,0.01,278,288008,买盘
1359,11:29:45,10.35,-0.01,1,1035,中性盘
1360,11:29:18,10.36,0.02,21,21756,买盘
1361,11:29:12,10.34,--,1,1034,卖盘
1362,11:29:03,10.34,--,1,1902,卖盘
1363,11:29:00,10.34,--,16,16812,卖盘
1364,11:28:57,10.34,--,16,16544,卖盘
1365,11:28:54,10.34,-0.02,30,31020,卖盘
1366,11:28:45,10.36,0.02,1000,1036000,买盘
1367,11:28:30,10.34,--,1,1034,卖盘
1368,11:28:27,10.34,-0.01,7,7238,卖盘
1369,11:28:18,10.35,--,14,14490,买盘
1370,11:28:15,10.35,--,16,16560,买盘
1371,11:28:12,10.35,-0.01,3,3105,卖盘
1372,11:28:09,10.36,--,200,207200,买盘
1373,11:27:57,10.36,0.02,5,5180,买盘
1374,11:27:54,10.34,-0.01,16,16544,卖盘
1375,11:27:48,10.35,--,1,1035,卖盘
1376,11:27:45,10.35,--,20,20700,卖盘
1377,11:27:42,10.35,--,2,2070,卖盘
1378,11:27:39,10.35,--,2,2070,卖盘
1379,11:27:33,10.35,--,11,11385,卖盘
1380,11:27:30,10.35,--,1,1035,卖盘
1381,11:27:27,10.35,--,13,13455,卖盘
1382,11:27:21,10.35,--,4,4140,卖盘
1383,11:27:18,10.35,--,90,93957,买盘
1384,11:27:00,10.35,0.01,10,10350,买盘
1385,11:26:57,10.34,-0.01,11,11642,卖盘
1386,11:26:54,10.35,0.01,5,5175,买盘
1387,11:26:51,10.34,--,16,16544,卖盘
1388,11:26:48,10.34,-0.01,1,1034,卖盘
1389,11:26:45,10.35,0.01,2,2070,买盘
1390,11:26:27,10.34,-0.01,1,1034,卖盘
1391,11:26:24,10.35,--,10,10350,买盘
1392,11:26:18,10.35,--,10,10350,买盘
1393,11:26:15,10.35,--,27,28172,卖盘
1394,11:26:03,10.35,--,205,212175,卖盘
1395,11:25:57,10.35,-0.01,31,32085,卖盘
1396,11:25:54,10.36,0.01,5,5180,买盘
1397,11:25:48,10.35,--,27,27945,卖盘
1398,11:25:39,10.35,--,392,406527,买盘
1399,11:25:33,10.35,--,20,20700,买盘
1400,11:25:27,10.35,--,5,5175,买盘
1401,11:25:24,10.35,--,82,85097,卖盘
1402,11:25:18,10.35,-0.01,13,13455,卖盘
1403,11:25:12,10.36,0.01,231,239316,买盘
1404,11:24:57,10.35,--,4,4429,卖盘
1405,11:24:54,10.35,--,13,14469,卖盘
1406,11:24:51,10.35,--,2,2070,卖盘
1407,11:24:48,10.35,--,1,1035,卖盘
1408,11:24:45,10.35,--,10,10350,卖盘
1409,11:24:39,10.35,--,7,7783,买盘
1410,11:24:33,10.35,-0.01,3,3601,卖盘
1411,11:24:21,10.36,0.01,5,5180,买盘
1412,11:24:18,10.35,--,21,21735,卖盘
1413,11:24:15,10.35,--,37,38295,卖盘
1414,11:24:09,10.35,--,7,7245,卖盘
1415,11:24:00,10.35,--,13,13455,卖盘
1416,11:23:54,10.35,-0.01,20,20700,卖盘
1417,11:23:51,10.36,0.01,5,5180,买盘
1418,11:23:48,10.35,-0.01,25,25875,卖盘
1419,11:23:45,10.36,0.01,1,1036,买盘
1420,11:23:21,10.35,--,1,1035,卖盘
1421,11:23:18,10.35,-0.01,28,28980,卖盘
1422,11:23:03,10.36,--,8,8288,买盘
1423,11:23:00,10.36,--,1,1036,买盘
1424,11:22:57,10.36,--,13,13468,买盘
1425,11:22:54,10.36,--,28,29277,买盘
1426,11:22:48,10.36,0.01,15,15540,买盘
1427,11:22:45,10.35,--,6,6210,卖盘
1428,11:22:15,10.35,--,1,1035,卖盘
1429,11:22:00,10.35,--,1,1035,卖盘
1430,11:21:57,10.35,--,7,7245,卖盘
1431,11:21:51,10.35,-0.01,24,24840,卖盘
1432,11:21:48,10.36,0.01,22,22792,买盘
1433,11:21:33,10.35,--,11,11385,卖盘
1434,11:21:30,10.35,--,20,20700,卖盘
1435,11:21:21,10.35,-0.01,4,4140,卖盘
1436,11:21:18,10.36,--,10,10360,买盘
1437,11:21:15,10.36,--,1,1036,买盘
1438,11:21:12,10.36,--,25,25900,买盘
1439,11:21:06,10.36,--,550,569800,买盘
1440,11:21:03,10.36,--,5,5180,买盘
1441,11:20:54,10.36,0.01,4,5138,买盘
1442,11:20:51,10.35,--,12,12730,卖盘
1443,11:20:48,10.35,-0.01,6,6210,卖盘
1444,11:20:42,10.36,0.01,43,44548,买盘
1445,11:20:27,10.35,--,10,10350,卖盘
1446,11:20:21,10.35,0.01,1,1035,中性盘
1447,11:20:09,10.34,-0.02,1,1034,卖盘
1448,11:20:00,10.36,--,10,10360,买盘
1449,11:19:48,10.36,0.02,1507,1561252,买盘
1450,11:19:45,10.34,-0.01,7,7238,卖盘
1451,11:19:42,10.35,0.01,21,21735,买盘
1452,11:19:18,10.34,-0.01,13,13442,卖盘
1453,11:19:12,10.35,--,14,14490,买盘
1454,11:19:09,10.35,0.01,25,25875,买盘
1455,11:18:57,10.34,--,3,3102,卖盘
1456,11:18:51,10.34,--,4,4477,卖盘
1457,11:18:48,10.34,--,6,7165,卖盘
1458,11:18:45,10.34,--,6,6204,卖盘
1459,11:18:30,10.34,-0.01,11,11374,卖盘
1460,11:18:15,10.35,--,55,56925,买盘
1461,11:18:12,10.35,--,3,3105,买盘
1462,11:18:09,10.35,--,134,138690,买盘
1463,11:18:06,10.35,0.01,5,5175,买盘
1464,11:17:51,10.34,--,1,1034,卖盘
1465,11:17:48,10.34,-0.01,1,1034,卖盘
1466,11:17:42,10.35,0.01,5,5175,买盘
1467,11:17:39,10.34,-0.01,12,12408,卖盘
1468,11:17:33,10.35,0.01,5,5175,买盘
1469,11:17:30,10.34,-0.01,9,9306,中性盘
1470,11:17:24,10.35,--,2,2070,买盘
1471,11:17:15,10.35,--,50,51750,买盘
1472,11:17:03,10.35,--,194,200790,买盘
1473,11:17:00,10.35,0.01,16,16560,买盘
1474,11:16:57,10.34,--,7,8003,卖盘
1475,11:16:51,10.34,--,4,4198,卖盘
1476,11:16:48,10.34,-0.01,8,8478,卖盘
1477,11:16:45,10.35,--,3,3105,买盘
1478,11:16:42,10.35,0.01,5,5175,买盘
1479,11:16:12,10.34,--,10,10340,卖盘
1480,11:16:03,10.34,--,22,22748,买盘
1481,11:16:00,10.34,0.01,117,120978,买盘
1482,11:15:51,10.33,-0.01,29,29957,卖盘
1483,11:15:48,10.34,--,2,2068,买盘
1484,11:15:39,10.34,0.01,5,5170,买盘
1485,11:15:30,10.33,-0.02,14,14462,卖盘
1486,11:15:27,10.35,0.01,100,104390,买盘
1487,11:15:24,10.34,--,43,44606,买盘
1488,11:15:21,10.34,--,56,57904,买盘
1489,11:15:12,10.34,--,10,10340,买盘
1490,11:15:09,10.34,0.01,4,4136,买盘
1491,11:15:03,10.33,-0.01,10,10330,卖盘
1492,11:15:00,10.34,0.01,550,568700,买盘
1493,11:14:51,10.33,--,6,6838,卖盘
1494,11:14:48,10.33,--,12,12664,卖盘
1495,11:14:42,10.33,-0.01,21,21693,卖盘
1496,11:14:39,10.34,0.01,5,5170,买盘
1497,11:14:21,10.33,--,1,1033,卖盘
1498,11:14:18,10.33,-0.01,1,1033,卖盘
1499,11:14:00,10.34,0.01,241,249194,买盘
1500,11:13:57,10.33,-0.01,6,6198,卖盘
1501,11:13:51,10.34,0.01,54,55836,买盘
1502,11:13:36,10.33,-0.01,1,1033,买盘
1503,11:13:18,10.34,0.01,658,680372,买盘
1504,11:13:09,10.33,--,143,147719,买盘
1505,11:13:06,10.33,0.01,104,107432,买盘
1506,11:12:48,10.32,--,3,3467,卖盘
1507,11:12:45,10.32,--,8,9184,卖盘
1508,11:12:36,10.32,-0.01,15,15480,卖盘
1509,11:12:33,10.33,0.01,21,21693,买盘
1510,11:12:30,10.32,-0.01,11,11352,卖盘
1511,11:12:18,10.33,--,2,2066,买盘
1512,11:12:03,10.33,--,50,51650,买盘
1513,11:12:00,10.33,--,25,25825,买盘
1514,11:11:57,10.33,-0.01,2,2066,中性盘
1515,11:11:42,10.34,--,100,103400,买盘
1516,11:11:36,10.34,0.01,6,6204,买盘
1517,11:11:33,10.33,-0.01,34,35617,卖盘
1518,11:11:27,10.34,--,2,2068,买盘
1519,11:11:15,10.34,0.01,30,31020,买盘
1520,11:11:09,10.33,-0.01,7,7231,卖盘
1521,11:11:03,10.34,0.01,14,14476,买盘
1522,11:10:57,10.33,--,1,1033,卖盘
1523,11:10:54,10.33,--,25,25825,卖盘
1524,11:10:48,10.33,--,1,1033,卖盘
1525,11:10:45,10.33,--,298,308030,卖盘
1526,11:10:42,10.33,-0.01,7,7303,卖盘
1527,11:10:33,10.34,0.01,5,5170,买盘
1528,11:10:27,10.33,--,5,5165,卖盘
1529,11:10:18,10.33,--,1,1033,卖盘
1530,11:10:12,10.33,--,20,20660,卖盘
1531,11:10:00,10.33,-0.01,3,3099,卖盘
1532,11:09:51,10.34,0.01,10,10340,买盘
1533,11:09:48,10.33,--,1,1033,卖盘
1534,11:09:30,10.33,--,25,25825,卖盘
1535,11:09:21,10.33,--,2,2066,卖盘
1536,11:09:18,10.33,--,1,1033,卖盘
1537,11:09:12,10.33,-0.01,25,25825,卖盘
1538,11:09:03,10.34,0.01,10,10340,买盘
1539,11:09:00,10.33,--,1,1033,卖盘
1540,11:08:57,10.33,-0.01,30,30990,卖盘
1541,11:08:51,10.34,0.01,5,5170,买盘
1542,11:08:45,10.33,--,3,3543,卖盘
1543,11:08:42,10.33,--,8,9121,卖盘
1544,11:08:39,10.33,--,30,30990,卖盘
1545,11:08:33,10.33,-0.01,30,30990,卖盘
1546,11:08:30,10.34,--,5,5170,买盘
1547,11:08:15,10.34,--,5,5170,买盘
1548,11:08:00,10.34,0.01,5,5170,买盘
1549,11:07:54,10.33,--,105,108465,卖盘
1550,11:07:24,10.33,0.01,34,35122,买盘
1551,11:07:15,10.32,--,1,1032,卖盘
1552,11:07:12,10.32,-0.01,9,9288,卖盘
1553,11:07:06,10.33,0.01,20,20660,买盘
1554,11:07:00,10.32,--,5,5160,卖盘
1555,11:06:57,10.32,--,43,44376,卖盘
1556,11:06:54,10.32,--,37,38184,卖盘
1557,11:06:51,10.32,--,100,103200,卖盘
1558,11:06:48,10.32,--,7,7224,卖盘
1559,11:06:45,10.32,--,25,25800,卖盘
1560,11:06:42,10.32,--,11,11620,卖盘
1561,11:06:30,10.32,--,11,11352,卖盘
1562,11:06:27,10.32,-0.01,10,10320,卖盘
1563,11:06:18,10.33,--,20,20660,买盘
1564,11:06:15,10.33,--,10,10330,买盘
1565,11:06:03,10.33,--,64,66277,卖盘
1566,11:05:57,10.33,--,2,2066,卖盘
1567,11:05:54,10.33,--,1,1033,卖盘
1568,11:05:51,10.33,--,17,17829,卖盘
1569,11:05:48,10.33,--,3,3099,卖盘
1570,11:05:45,10.33,-0.01,20,20660,卖盘
1571,11:05:42,10.34,0.01,10,10340,买盘
1572,11:05:39,10.33,--,100,103300,卖盘
1573,11:05:36,10.33,-0.01,20,20660,卖盘
1574,11:05:30,10.34,0.01,112,115808,买盘
1575,11:05:27,10.33,-0.01,30,30990,卖盘
1576,11:05:24,10.34,--,5,5170,买盘
1577,11:05:21,10.34,0.01,10,10340,买盘
1578,11:05:18,10.33,--,150,154950,卖盘
1579,11:05:06,10.33,--,20,20660,卖盘
1580,11:04:57,10.33,-0.01,1,1033,卖盘
1581,11:04:48,10.34,--,15,15737,卖盘
1582,11:04:45,10.34,--,20,20680,卖盘
1583,11:04:39,10.34,--,17,17578,卖盘
1584,11:04:33,10.34,-0.01,1,1034,卖盘
1585,11:04:24,10.35,--,5,5175,买盘
1586,11:04:18,10.35,0.01,1,1035,买盘
1587,11:04:12,10.34,--,16,16544,卖盘
1588,11:04:09,10.34,--,15,15510,卖盘
1589,11:04:00,10.34,--,1,1034,卖盘
1590,11:03:57,10.34,--,1,1034,卖盘
1591,11:03:51,10.34,--,13,13710,卖盘
1592,11:03:48,10.34,-0.01,1002,1036068,卖盘
1593,11:03:45,10.35,--,1,1035,卖盘
1594,11:03:42,10.35,--,25,25875,卖盘
1595,11:03:36,10.35,--,55,56925,卖盘
1596,11:03:33,10.35,--,108,111780,卖盘
1597,11:03:30,10.35,--,16,16560,卖盘
1598,11:03:27,10.35,--,6,6210,卖盘
1599,11:03:24,10.35,-0.01,20,20700,卖盘
1600,11:03:21,10.36,--,5,5180,买盘
1601,11:03:15,10.36,0.01,55,56980,买盘
1602,11:03:12,10.35,--,33,34155,卖盘
1603,11:03:00,10.35,--,1,1035,卖盘
1604,11:02:57,10.35,--,28,28980,卖盘
1605,11:02:51,10.35,-0.01,1,1035,卖盘
1606,11:02:39,10.36,--,4,4144,买盘
1607,11:02:36,10.36,--,207,215394,卖盘
1608,11:02:27,10.36,--,87,90132,卖盘
1609,11:02:21,10.36,--,6,6216,卖盘
1610,11:02:12,10.36,-0.01,38,39368,卖盘
1611,11:02:09,10.37,0.01,4,4148,买盘
1612,11:01:57,10.36,--,11,11396,卖盘
1613,11:01:54,10.36,--,19,19684,卖盘
1614,11:01:51,10.36,0.01,3,3201,买盘
1615,11:01:48,10.35,--,3,3498,卖盘
1616,11:01:45,10.35,-0.01,7,8155,卖盘
1617,11:01:30,10.36,--,20,21662,卖盘
1618,11:01:24,10.36,-0.01,20,20720,卖盘
1619,11:01:18,10.37,--,6,6221,买盘
1620,11:01:06,10.37,--,57,59108,买盘
1621,11:01:03,10.37,0.01,3,3110,买盘
1622,11:00:54,10.36,--,1,1036,卖盘
1623,11:00:48,10.36,--,25,26904,卖盘
1624,11:00:42,10.36,0.01,635,657984,买盘
1625,11:00:33,10.35,--,36,38025,卖盘
1626,11:00:30,10.35,--,11,11385,卖盘
1627,11:00:21,10.35,--,1,1035,卖盘
1628,11:00:18,10.35,0.01,44,45809,买盘
1629,11:00:03,10.34,-0.01,28,29717,卖盘
1630,10:59:57,10.35,--,1,1035,卖盘
1631,10:59:51,10.35,-0.01,2,2070,卖盘
1632,10:59:48,10.36,0.01,19,20678,买盘
1633,10:59:45,10.35,--,7,7555,卖盘
1634,10:59:21,10.35,--,22,22770,卖盘
1635,10:59:18,10.35,-0.01,55,56925,卖盘
1636,10:59:15,10.36,0.01,14,14504,买盘
1637,10:58:57,10.35,-0.01,1,1035,卖盘
1638,10:58:39,10.36,0.01,15,15540,买盘
1639,10:58:30,10.35,--,13,13455,买盘
1640,10:58:27,10.35,0.01,30,31050,买盘
1641,10:58:24,10.34,-0.01,1,1034,卖盘
1642,10:58:21,10.35,--,9,9315,卖盘
1643,10:58:15,10.35,--,5,5175,买盘
1644,10:58:09,10.35,--,2,2070,卖盘
1645,10:58:03,10.35,0.01,9,9315,买盘
1646,10:58:00,10.34,--,2,2068,卖盘
1647,10:57:45,10.34,--,11,11642,卖盘
1648,10:57:36,10.34,-0.01,120,124080,卖盘
1649,10:57:33,10.35,--,7,7245,买盘
1650,10:57:27,10.35,0.01,10,10350,卖盘
1651,10:57:15,10.34,-0.02,81,83754,卖盘
1652,10:57:12,10.36,--,15,15540,买盘
1653,10:57:06,10.36,0.01,117,121212,买盘
1654,10:57:03,10.35,--,17,17595,买盘
1655,10:57:00,10.35,--,429,444159,卖盘
1656,10:56:57,10.35,--,10,10350,卖盘
1657,10:56:51,10.35,--,1,1035,卖盘
1658,10:56:45,10.35,--,2,2070,卖盘
1659,10:56:39,10.35,--,1,1035,卖盘
1660,10:56:36,10.35,--,70,72450,卖盘
1661,10:56:30,10.35,-0.01,3,3105,卖盘
1662,10:56:27,10.36,0.01,10,10360,买盘
1663,10:56:15,10.35,-0.01,10,10350,卖盘
1664,10:56:12,10.36,0.01,24,24864,买盘
1665,10:56:06,10.35,--,50,51750,卖盘
1666,10:55:57,10.35,--,7,7245,卖盘
1667,10:55:51,10.35,--,1,1035,卖盘
1668,10:55:48,10.35,--,2,2070,卖盘
1669,10:55:45,10.35,--,13,14427,卖盘
1670,10:55:42,10.35,--,7,7576,卖盘
1671,10:55:33,10.35,-0.01,30,31050,卖盘
1672,10:55:27,10.36,--,50,51800,买盘
1673,10:55:24,10.36,0.01,4,4144,买盘
1674,10:55:21,10.35,-0.01,1,1035,卖盘
1675,10:55:12,10.36,--,22,22792,买盘
1676,10:55:09,10.36,0.01,5,5180,买盘
1677,10:55:03,10.35,--,1,1035,卖盘
1678,10:55:00,10.35,-0.01,1,1035,卖盘
1679,10:54:57,10.36,--,204,211344,买盘
1680,10:54:51,10.36,-0.01,29,30044,卖盘
1681,10:54:48,10.37,0.01,16,16592,买盘
1682,10:54:45,10.36,--,8,8288,卖盘
1683,10:54:30,10.36,--,11,11396,卖盘
1684,10:54:27,10.36,--,36,37296,卖盘
1685,10:54:21,10.36,--,15,15540,买盘
1686,10:54:18,10.36,--,3,3108,买盘
1687,10:54:15,10.36,--,4,4144,买盘
1688,10:54:12,10.36,-0.01,12,12432,卖盘
1689,10:54:09,10.37,0.01,13,13480,买盘
1690,10:53:48,10.36,--,7,7252,卖盘
1691,10:53:45,10.36,0.01,20,20720,买盘
1692,10:53:42,10.35,--,15,15732,卖盘
1693,10:53:39,10.35,-0.01,7,7307,卖盘
1694,10:53:36,10.36,--,10,10360,买盘
1695,10:53:30,10.36,--,30,31080,买盘
1696,10:53:21,10.36,--,5,5180,买盘
1697,10:53:09,10.36,--,4,4144,买盘
1698,10:53:06,10.36,--,6,6216,买盘
1699,10:53:03,10.36,0.01,167,173012,买盘
1700,10:52:51,10.35,-0.01,1,1035,卖盘
1701,10:52:45,10.36,--,47,49002,卖盘
1702,10:52:39,10.36,-0.01,597,618492,卖盘
1703,10:52:36,10.37,0.01,19,19703,买盘
1704,10:52:30,10.36,--,7,7252,卖盘
1705,10:52:24,10.36,-0.01,5,5180,卖盘
1706,10:52:21,10.37,--,2,2074,买盘
1707,10:52:15,10.37,--,3,3110,买盘
1708,10:52:06,10.37,0.01,5,5185,买盘
1709,10:52:03,10.36,--,2,2072,卖盘
1710,10:51:54,10.36,--,1,1036,卖盘
1711,10:51:51,10.36,-0.01,1,1036,卖盘
1712,10:51:48,10.37,0.01,29,30072,买盘
1713,10:51:42,10.36,--,3,3273,卖盘
1714,10:51:39,10.36,--,15,15643,卖盘
1715,10:51:30,10.36,--,11,11396,卖盘
1716,10:51:24,10.36,-0.01,1,1036,卖盘
1717,10:51:21,10.37,--,6,6221,买盘
1718,10:51:12,10.37,--,50,51849,买盘
1719,10:51:06,10.37,--,2,2074,买盘
1720,10:51:03,10.37,0.01,6,6221,买盘
1721,10:50:57,10.36,-0.01,1,1036,卖盘
1722,10:50:54,10.37,--,10,10370,买盘
1723,10:50:51,10.37,--,11,11407,买盘
1724,10:50:39,10.37,--,190,197029,买盘
1725,10:50:36,10.37,--,79,81923,买盘
1726,10:50:33,10.37,--,38,39426,卖盘
1727,10:50:30,10.37,-0.01,1500,1555499,卖盘
1728,10:50:27,10.38,--,166,172308,买盘
1729,10:50:24,10.38,0.01,29,30102,买盘
1730,10:50:21,10.37,-0.01,104,107847,卖盘
1731,10:50:18,10.38,--,5,5190,买盘
1732,10:50:15,10.38,--,87,90306,买盘
1733,10:50:12,10.38,--,1058,1098204,买盘
1734,10:50:09,10.38,--,29,30102,买盘
1735,10:50:03,10.38,0.01,26,26988,买盘
1736,10:49:57,10.37,--,1,1037,卖盘
1737,10:49:51,10.37,--,13,13480,卖盘
1738,10:49:48,10.37,--,627,651215,买盘
1739,10:49:45,10.37,0.01,6,6221,买盘
1740,10:49:42,10.36,--,9,9324,卖盘
1741,10:49:39,10.36,--,11,11665,卖盘
1742,10:49:27,10.36,--,93,96348,卖盘
1743,10:49:24,10.36,-0.01,24,24864,卖盘
1744,10:49:21,10.37,--,333,345321,买盘
1745,10:49:15,10.37,--,199,206362,买盘
1746,10:49:12,10.37,0.01,135,139995,买盘
1747,10:49:09,10.36,0.01,67,69598,买盘
1748,10:49:06,10.35,-0.01,1,1035,卖盘
1749,10:49:03,10.36,--,86,89096,买盘
1750,10:49:00,10.36,0.01,358,370888,买盘
1751,10:48:51,10.35,-0.01,10,10350,卖盘
1752,10:48:36,10.36,--,86,89096,买盘
1753,10:48:33,10.36,0.01,16,16576,买盘
1754,10:48:30,10.35,-0.01,9,9315,卖盘
1755,10:48:27,10.36,--,437,453581,卖盘
1756,10:48:21,10.36,--,1,1036,卖盘
1757,10:48:15,10.36,--,1,1036,卖盘
1758,10:48:12,10.36,--,1,1036,卖盘
1759,10:48:09,10.36,--,10,10360,卖盘
1760,10:48:03,10.36,--,52,54058,买盘
1761,10:48:00,10.36,0.01,8,8288,买盘
1762,10:47:57,10.35,--,39,40365,卖盘
1763,10:47:51,10.35,--,1603,1659105,卖盘
1764,10:47:48,10.35,--,1,1035,卖盘
1765,10:47:45,10.35,--,18,18630,卖盘
1766,10:47:39,10.35,--,107,111159,卖盘
1767,10:47:36,10.35,--,17,18485,卖盘
1768,10:47:24,10.35,--,25,25875,卖盘
1769,10:47:21,10.35,--,29,30015,卖盘
1770,10:47:18,10.35,-0.01,21,21735,卖盘
1771,10:47:00,10.36,--,5,5180,买盘
1772,10:46:57,10.36,--,6,6216,买盘
1773,10:46:54,10.36,0.01,12,12432,买盘
1774,10:46:51,10.35,--,1,1035,卖盘
1775,10:46:33,10.35,--,39,40365,卖盘
1776,10:46:24,10.35,--,143,148087,买盘
1777,10:46:18,10.35,0.01,11,11385,买盘
1778,10:46:15,10.34,-0.01,10,10340,卖盘
1779,10:46:12,10.35,0.01,13,13455,买盘
1780,10:46:06,10.34,-0.01,1,1034,卖盘
1781,10:46:03,10.35,0.01,3,3105,买盘
1782,10:46:00,10.34,-0.01,14,14476,卖盘
1783,10:45:57,10.35,--,18,18630,买盘
1784,10:45:54,10.35,0.01,30,31050,买盘
1785,10:45:51,10.34,-0.01,1,1034,卖盘
1786,10:45:48,10.35,--,10,10350,买盘
1787,10:45:45,10.35,--,5,5175,买盘
1788,10:45:39,10.35,0.01,504,521960,买盘
1789,10:45:36,10.34,-0.01,64,67158,卖盘
1790,10:45:30,10.35,--,700,725452,卖盘
1791,10:45:24,10.35,--,4,4140,卖盘
1792,10:45:21,10.35,--,16,16560,卖盘
1793,10:45:09,10.35,--,7,7245,卖盘
1794,10:45:06,10.35,-0.01,10,10432,卖盘
1795,10:44:57,10.36,0.01,16,16576,买盘
1796,10:44:51,10.35,--,13,13455,卖盘
1797,10:44:48,10.35,-0.01,24,24840,卖盘
1798,10:44:45,10.36,0.01,3,3108,买盘
1799,10:44:42,10.35,--,36,37260,买盘
1800,10:44:39,10.35,--,117,121095,买盘
1801,10:44:36,10.35,--,296,306360,买盘
1802,10:44:33,10.35,--,660,683100,买盘
1803,10:44:24,10.35,--,26,26910,买盘
1804,10:44:21,10.35,0.01,6,6210,买盘
1805,10:44:15,10.34,-0.01,4,4136,卖盘
1806,10:44:12,10.35,--,11,11385,买盘
1807,10:44:03,10.35,--,1,1035,买盘
1808,10:44:00,10.35,--,37,38295,买盘
1809,10:43:57,10.35,0.01,8,8280,买盘
1810,10:43:54,10.34,--,16,16544,卖盘
1811,10:43:51,10.34,--,2,2068,卖盘
1812,10:43:42,10.34,--,12,12542,卖盘
1813,10:43:39,10.34,-0.01,27,28052,卖盘
1814,10:43:36,10.35,--,256,264960,买盘
1815,10:43:33,10.35,--,15,15525,买盘
1816,10:43:30,10.35,--,162,167670,买盘
1817,10:43:27,10.35,0.01,5,5175,买盘
1818,10:43:21,10.34,-0.01,60,62040,卖盘
1819,10:43:18,10.35,--,13,13455,买盘
1820,10:43:06,10.35,--,5,5175,买盘
1821,10:43:03,10.35,--,207,214245,买盘
1822,10:43:00,10.35,0.01,17,17595,买盘
1823,10:42:57,10.34,-0.01,3,3102,卖盘
1824,10:42:51,10.35,--,79,81765,买盘
1825,10:42:48,10.35,0.01,8,8280,买盘
1826,10:42:39,10.34,-0.01,5,5170,卖盘
1827,10:42:36,10.35,0.01,16,16560,买盘
1828,10:42:33,10.34,-0.01,1,1034,卖盘
1829,10:42:30,10.35,--,26,26910,买盘
1830,10:42:21,10.35,--,1,1035,买盘
1831,10:42:18,10.35,--,300,310500,买盘
1832,10:42:09,10.35,--,43,44505,买盘
1833,10:42:06,10.35,--,156,161460,买盘
1834,10:41:57,10.35,--,5,5175,买盘
1835,10:41:51,10.35,0.01,6,6210,买盘
1836,10:41:45,10.34,--,52,53768,卖盘
1837,10:41:42,10.34,--,31,32054,卖盘
1838,10:41:33,10.34,-0.01,121,125382,卖盘
1839,10:41:27,10.35,0.01,13,13455,买盘
1840,10:41:06,10.34,-0.01,40,41360,卖盘
1841,10:41:03,10.35,0.01,100,103500,买盘
1842,10:40:57,10.34,--,1,1034,卖盘
1843,10:40:51,10.34,-0.01,8,8272,卖盘
1844,10:40:48,10.35,--,196,202860,买盘
1845,10:40:39,10.35,--,5,5175,买盘
1846,10:40:33,10.35,0.01,4,4140,买盘
1847,10:40:18,10.34,-0.01,1,1034,卖盘
1848,10:40:12,10.35,--,43,44505,买盘
1849,10:40:00,10.35,--,3,3105,买盘
1850,10:39:54,10.35,0.01,12,12420,买盘
1851,10:39:48,10.34,--,12,12408,买盘
1852,10:39:39,10.34,--,30,31020,买盘
1853,10:39:33,10.34,--,91,94135,卖盘
1854,10:39:30,10.34,--,87,90412,卖盘
1855,10:39:27,10.34,--,7,7238,卖盘
1856,10:39:21,10.34,--,10,10340,卖盘
1857,10:39:18,10.34,--,1,1034,卖盘
1858,10:39:06,10.34,--,1,1034,卖盘
1859,10:39:00,10.34,0.01,39,40863,买盘
1860,10:38:57,10.33,-0.01,21,22188,卖盘
1861,10:38:54,10.34,--,1,1034,卖盘
1862,10:38:51,10.34,--,480,496857,买盘
1863,10:38:48,10.34,--,5,5170,买盘
1864,10:38:39,10.34,0.01,300,310200,买盘
1865,10:38:36,10.33,-0.01,9,9297,卖盘
1866,10:38:21,10.34,--,250,258996,卖盘
1867,10:38:18,10.34,-0.01,1,1034,卖盘
1868,10:38:03,10.35,--,37,38295,买盘
1869,10:37:48,10.35,--,21,21735,买盘
1870,10:37:45,10.35,--,5,5175,买盘
1871,10:37:42,10.35,--,7,7245,买盘
1872,10:37:33,10.35,0.01,18,18630,买盘
1873,10:37:30,10.34,-0.01,11,11642,卖盘
1874,10:37:27,10.35,--,8,8280,买盘
1875,10:37:21,10.35,--,11,11385,买盘
1876,10:37:18,10.35,0.01,9,9315,买盘
1877,10:37:09,10.34,--,13,13710,买盘
1878,10:37:06,10.34,--,16,16544,买盘
1879,10:37:03,10.34,0.01,22,22748,买盘
1880,10:37:00,10.33,-0.01,1,1033,卖盘
1881,10:36:57,10.34,--,11,12201,买盘
1882,10:36:54,10.34,--,7,7238,买盘
1883,10:36:51,10.34,0.01,8,8272,买盘
1884,10:36:48,10.33,-0.01,1,1033,卖盘
1885,10:36:45,10.34,0.01,5,5170,买盘
1886,10:36:39,10.33,-0.01,10,10330,卖盘
1887,10:36:18,10.34,--,3,3102,买盘
1888,10:36:15,10.34,0.01,101,104434,买盘
1889,10:36:09,10.33,-0.01,75,77475,卖盘
1890,10:36:06,10.34,--,10,10340,买盘
1891,10:36:03,10.34,--,3,3102,买盘
1892,10:36:00,10.34,--,29,29986,买盘
1893,10:35:54,10.34,--,2,2068,买盘
1894,10:35:51,10.34,--,1,1034,买盘
1895,10:35:48,10.34,--,16,16544,买盘
1896,10:35:42,10.34,--,5,5170,买盘
1897,10:35:39,10.34,--,11,11374,买盘
1898,10:35:36,10.34,--,10,10340,买盘
1899,10:35:30,10.34,0.01,57,58938,买盘
1900,10:35:27,10.33,-0.01,11,11631,卖盘
1901,10:35:24,10.34,0.01,201,207834,买盘
1902,10:35:21,10.33,-0.01,19,19627,卖盘
1903,10:35:18,10.34,0.01,14,14476,买盘
1904,10:35:15,10.33,-0.01,25,25825,卖盘
1905,10:35:03,10.34,--,3,3102,买盘
1906,10:35:00,10.34,0.01,10,10340,买盘
1907,10:34:57,10.33,-0.01,16,16528,卖盘
1908,10:34:54,10.34,0.01,1,1034,买盘
1909,10:34:51,10.33,--,10,10330,卖盘
1910,10:34:45,10.33,-0.01,112,115696,卖盘
1911,10:34:42,10.34,0.01,5,5170,买盘
1912,10:34:36,10.33,--,2,2066,卖盘
1913,10:34:24,10.33,-0.01,2,2066,卖盘
1914,10:34:18,10.34,--,16,16544,买盘
1915,10:34:09,10.34,0.01,5,5170,买盘
1916,10:34:06,10.33,--,1,1033,卖盘
1917,10:34:00,10.33,-0.01,1,1033,卖盘
1918,10:33:48,10.34,--,97,100298,买盘
1919,10:33:39,10.34,--,556,574904,买盘
1920,10:33:36,10.34,--,11,11374,买盘
1921,10:33:33,10.34,--,3,3102,买盘
1922,10:33:30,10.34,0.01,3,3102,买盘
1923,10:33:27,10.33,--,3,3987,卖盘
1924,10:33:24,10.33,--,47,48964,卖盘
1925,10:33:18,10.33,-0.01,1,1033,卖盘
1926,10:33:15,10.34,0.01,1,1034,买盘
1927,10:32:54,10.33,--,2,2066,卖盘
1928,10:32:51,10.33,-0.01,4,4132,卖盘
1929,10:32:48,10.34,0.01,66,68244,买盘
1930,10:32:45,10.33,--,11,11363,卖盘
1931,10:32:39,10.33,--,7,7231,卖盘
1932,10:32:18,10.33,-0.01,1,1033,卖盘
1933,10:32:15,10.34,0.01,13,13442,买盘
1934,10:31:57,10.33,--,6,6198,卖盘
1935,10:31:54,10.33,--,1,1033,卖盘
1936,10:31:51,10.33,--,2,2066,卖盘
1937,10:31:45,10.33,-0.01,1,1033,卖盘
1938,10:31:42,10.34,--,5,5170,买盘
1939,10:31:36,10.34,--,34,35156,买盘
1940,10:31:33,10.34,--,15,15510,买盘
1941,10:31:27,10.34,0.01,40,41577,买盘
1942,10:31:24,10.33,-0.01,8,8315,卖盘
1943,10:31:21,10.34,--,5,5170,买盘
1944,10:31:12,10.34,0.01,30,31020,买盘
1945,10:31:09,10.33,--,7,7231,卖盘
1946,10:30:57,10.33,-0.01,1,1033,卖盘
1947,10:30:48,10.34,--,10,10340,买盘
1948,10:30:36,10.34,0.01,5,5170,买盘
1949,10:30:33,10.33,-0.01,30,30990,卖盘
1950,10:30:18,10.34,--,577,597383,卖盘
1951,10:30:15,10.34,--,7,7238,卖盘
1952,10:30:12,10.34,--,1,1034,卖盘
1953,10:30:09,10.34,--,1,1034,卖盘
1954,10:30:06,10.34,--,144,148896,卖盘
1955,10:30:00,10.34,--,2,2068,卖盘
1956,10:29:36,10.34,-0.01,5,5170,卖盘
1957,10:29:33,10.35,0.01,5,5175,买盘
1958,10:29:24,10.34,--,3,4032,卖盘
1959,10:29:21,10.34,-0.01,7,7610,卖盘
1960,10:29:18,10.35,--,50,51750,买盘
1961,10:29:15,10.35,-0.01,1,1035,买盘
1962,10:28:48,10.36,--,3,3108,买盘
1963,10:28:45,10.36,0.01,24,24864,买盘
1964,10:28:42,10.35,-0.01,28,29207,卖盘
1965,10:28:33,10.36,0.01,5,5180,买盘
1966,10:28:27,10.35,--,10,10350,卖盘
1967,10:28:21,10.35,--,1,1035,卖盘
1968,10:28:18,10.35,--,61,63135,卖盘
1969,10:28:15,10.35,-0.01,20,20700,卖盘
1970,10:28:06,10.36,0.01,20,20720,买盘
1971,10:27:57,10.35,--,20,20700,卖盘
1972,10:27:54,10.35,--,1,1035,卖盘
1973,10:27:51,10.35,--,1,1035,卖盘
1974,10:27:42,10.35,-0.01,3,3105,卖盘
1975,10:27:30,10.36,0.01,5,5180,买盘
1976,10:27:27,10.35,--,12,12420,卖盘
1977,10:27:24,10.35,--,144,149547,卖盘
1978,10:27:21,10.35,--,26,27706,卖盘
1979,10:27:18,10.35,--,1,1035,卖盘
1980,10:27:09,10.35,--,20,20700,卖盘
1981,10:27:00,10.35,--,60,62100,卖盘
1982,10:26:54,10.35,--,1,1035,卖盘
1983,10:26:51,10.35,--,14,14490,卖盘
1984,10:26:48,10.35,--,20,20700,卖盘
1985,10:26:45,10.35,--,1,1035,卖盘
1986,10:26:39,10.35,-0.01,51,52785,卖盘
1987,10:26:36,10.36,--,2,2072,买盘
1988,10:26:30,10.36,--,5,5180,买盘
1989,10:26:27,10.36,--,19,19684,买盘
1990,10:26:24,10.36,0.01,49,50764,买盘
1991,10:26:21,10.35,--,100,103500,卖盘
1992,10:26:18,10.35,--,1,1035,卖盘
1993,10:26:12,10.35,--,10,10350,卖盘
1994,10:26:00,10.35,--,78,80730,卖盘
1995,10:25:48,10.35,--,3,3105,卖盘
1996,10:25:45,10.35,-0.01,5,5175,卖盘
1997,10:25:42,10.36,0.01,7,7252,买盘
1998,10:25:30,10.35,--,28,28980,卖盘
1999,10:25:24,10.35,--,20,20700,卖盘
2000,10:25:21,10.35,--,3,3446,卖盘
2001,10:25:18,10.35,--,8,9242,卖盘
2002,10:25:15,10.35,--,55,56925,卖盘
2003,10:25:12,10.35,-0.01,20,20700,卖盘
2004,10:25:09,10.36,--,5,5180,买盘
2005,10:25:03,10.36,0.01,10,10360,买盘
2006,10:25:00,10.35,--,5,5175,卖盘
2007,10:24:54,10.35,-0.01,1,1035,卖盘
2008,10:24:51,10.36,--,5,5180,买盘
2009,10:24:42,10.36,--,3,3108,买盘
2010,10:24:36,10.36,--,5,5180,买盘
2011,10:24:33,10.36,--,21,21756,买盘
2012,10:24:27,10.36,--,5,5180,买盘
2013,10:24:24,10.36,--,133,138409,卖盘
2014,10:24:18,10.36,--,1,1036,卖盘
2015,10:24:15,10.36,0.01,65,67754,买盘
2016,10:24:06,10.35,-0.01,2,2070,卖盘
2017,10:24:03,10.36,--,1,1036,买盘
2018,10:24:00,10.36,--,5,5180,买盘
2019,10:23:54,10.36,--,11,11396,买盘
2020,10:23:45,10.36,--,2,2072,买盘
2021,10:23:39,10.36,--,117,121212,买盘
2022,10:23:36,10.36,--,113,117068,买盘
2023,10:23:24,10.36,--,5,5180,买盘
2024,10:23:21,10.36,0.01,35,36260,买盘
2025,10:23:18,10.35,--,11,11654,卖盘
2026,10:23:06,10.35,-0.01,6,6210,卖盘
2027,10:23:03,10.36,0.01,16,16576,买盘
2028,10:23:00,10.35,--,5,5175,卖盘
2029,10:22:45,10.35,-0.01,1,1035,卖盘
2030,10:22:39,10.36,0.01,10,10360,买盘
2031,10:22:36,10.35,-0.01,135,139725,卖盘
2032,10:22:30,10.36,0.01,5,5180,买盘
2033,10:22:24,10.35,-0.01,256,264960,卖盘
2034,10:22:21,10.36,--,2,2072,买盘
2035,10:22:18,10.36,--,2,2072,买盘
2036,10:22:15,10.36,--,11,11396,买盘
2037,10:22:06,10.36,--,20,20720,买盘
2038,10:22:03,10.36,--,22,22792,买盘
2039,10:22:00,10.36,--,1,1036,买盘
2040,10:21:57,10.36,--,176,182336,买盘
2041,10:21:54,10.36,--,1,1036,买盘
2042,10:21:51,10.36,--,38,39368,买盘
2043,10:21:45,10.36,--,16,16576,买盘
2044,10:21:39,10.36,--,340,352240,买盘
2045,10:21:36,10.36,--,5,5180,买盘
2046,10:21:33,10.36,--,56,58016,买盘
2047,10:21:30,10.36,--,14,14504,买盘
2048,10:21:24,10.36,--,5,5180,买盘
2049,10:21:18,10.36,0.01,580,600880,买盘
2050,10:21:15,10.35,--,10,10350,卖盘
2051,10:21:06,10.35,-0.01,3,3105,卖盘
2052,10:20:57,10.36,--,35,36260,买盘
2053,10:20:42,10.36,--,3,3108,买盘
2054,10:20:39,10.36,0.01,128,132608,买盘
2055,10:20:36,10.35,-0.01,1,1035,卖盘
2056,10:20:27,10.36,--,45,46620,买盘
2057,10:20:21,10.36,0.01,30,31080,买盘
2058,10:20:18,10.35,-0.01,1,1035,卖盘
2059,10:20:15,10.36,--,350,362600,买盘
2060,10:20:12,10.36,0.01,1,1036,买盘
2061,10:20:09,10.35,-0.01,506,523710,卖盘
2062,10:20:06,10.36,--,30,31080,买盘
2063,10:19:57,10.36,0.01,10,10360,买盘
2064,10:19:48,10.35,--,1,1035,卖盘
2065,10:19:45,10.35,-0.01,10,10350,卖盘
2066,10:19:42,10.36,--,25,25900,买盘
2067,10:19:39,10.36,--,8,8288,买盘
2068,10:19:36,10.36,--,2,2072,买盘
2069,10:19:33,10.36,0.01,15,15540,买盘
2070,10:19:30,10.35,--,60,62100,卖盘
2071,10:19:27,10.35,--,36,37260,卖盘
2072,10:19:21,10.35,--,30,31050,卖盘
2073,10:19:18,10.35,-0.01,1,1035,卖盘
2074,10:19:15,10.36,--,40,41440,买盘
2075,10:19:09,10.36,0.01,118,122248,买盘
2076,10:19:06,10.35,--,114,117990,卖盘
2077,10:18:48,10.35,--,20,20700,卖盘
2078,10:18:45,10.35,-0.01,20,20700,卖盘
2079,10:18:42,10.36,--,2,2072,买盘
2080,10:18:36,10.36,--,54,55944,买盘
2081,10:18:30,10.36,0.01,62,64232,买盘
2082,10:18:21,10.35,-0.01,120,124200,卖盘
2083,10:18:18,10.36,--,6,6216,买盘
2084,10:18:06,10.36,0.01,10,10360,买盘
2085,10:18:03,10.35,--,30,31050,卖盘
2086,10:17:57,10.35,--,10,10350,卖盘
2087,10:17:54,10.35,-0.01,16,16560,卖盘
2088,10:17:51,10.36,0.01,2,2072,买盘
2089,10:17:36,10.35,-0.01,50,51750,卖盘
2090,10:17:33,10.36,0.01,82,84952,买盘
2091,10:17:30,10.35,-0.01,10,10350,卖盘
2092,10:17:18,10.36,--,46,47656,买盘
2093,10:17:15,10.36,--,6,6216,买盘
2094,10:17:12,10.36,--,9,9324,买盘
2095,10:17:09,10.36,--,30,31080,买盘
2096,10:17:03,10.36,0.01,19,19684,买盘
2097,10:17:00,10.35,-0.01,26,26910,卖盘
2098,10:16:57,10.36,--,69,71484,买盘
2099,10:16:51,10.36,--,30,31080,买盘
2100,10:16:45,10.36,--,1,1036,买盘
2101,10:16:36,10.36,0.01,10,10360,买盘
2102,10:16:30,10.35,--,10,10350,卖盘
2103,10:16:18,10.35,--,35,36225,卖盘
2104,10:16:09,10.35,--,4,4140,卖盘
2105,10:16:03,10.35,--,35,36225,卖盘
2106,10:16:00,10.35,--,1,1035,卖盘
2107,10:15:45,10.35,-0.01,19,19665,卖盘
2108,10:15:42,10.36,0.01,67,69412,买盘
2109,10:15:33,10.35,-0.01,121,125235,卖盘
2110,10:15:30,10.36,--,10,10360,买盘
2111,10:15:27,10.36,--,12,12432,买盘
2112,10:15:24,10.36,--,8,8288,买盘
2113,10:15:15,10.36,--,5,5180,买盘
2114,10:15:09,10.36,--,1,1036,买盘
2115,10:15:06,10.36,-0.01,243,251748,卖盘
2116,10:15:03,10.37,--,100,103699,买盘
2117,10:14:57,10.37,0.01,19,19703,买盘
2118,10:14:51,10.36,--,20,20720,卖盘
2119,10:14:39,10.36,--,27,27972,卖盘
2120,10:14:30,10.36,-0.01,20,20720,卖盘
2121,10:14:27,10.37,--,19,19703,买盘
2122,10:14:21,10.37,0.01,29,30072,买盘
2123,10:14:18,10.36,-0.01,3,3108,卖盘
2124,10:14:15,10.37,0.01,5,5185,买盘
2125,10:14:06,10.36,--,151,156436,买盘
2126,10:14:03,10.36,0.01,3,3108,买盘
2127,10:14:00,10.35,-0.01,10,10350,卖盘
2128,10:13:51,10.36,--,92,95312,卖盘
2129,10:13:48,10.36,--,104,107744,卖盘
2130,10:13:45,10.36,--,3,3108,卖盘
2131,10:13:42,10.36,--,43,44548,买盘
2132,10:13:39,10.36,--,58,60088,卖盘
2133,10:13:36,10.36,--,108,111888,买盘
2134,10:13:33,10.36,--,62,64232,卖盘
2135,10:13:30,10.36,--,10,10360,卖盘
2136,10:13:21,10.36,--,4,4144,卖盘
2137,10:13:18,10.36,--,51,52836,卖盘
2138,10:13:12,10.36,-0.01,24,24864,卖盘
2139,10:13:09,10.37,0.01,50,51849,买盘
2140,10:13:03,10.36,-0.01,508,526288,卖盘
2141,10:13:00,10.37,0.01,70,72590,买盘
2142,10:12:48,10.36,-0.01,15,15540,卖盘
2143,10:12:39,10.37,0.01,10,10370,买盘
2144,10:12:36,10.36,-0.01,1000,1036000,卖盘
2145,10:12:33,10.37,--,3,3110,买盘
2146,10:12:27,10.37,--,20,20740,买盘
2147,10:12:24,10.37,0.01,5,5185,买盘
2148,10:12:18,10.36,-0.01,1,1036,卖盘
2149,10:12:12,10.37,--,5,5185,买盘
2150,10:12:09,10.37,--,9,9333,买盘
2151,10:12:00,10.37,--,20,20740,买盘
2152,10:11:57,10.37,--,213,221326,卖盘
2153,10:11:54,10.37,--,3,3110,卖盘
2154,10:11:48,10.37,--,6,6221,卖盘
2155,10:11:45,10.37,--,22,22814,卖盘
2156,10:11:39,10.37,-0.01,198,205325,卖盘
2157,10:11:36,10.38,0.01,49,50862,买盘
2158,10:11:33,10.37,--,20,20740,卖盘
2159,10:11:21,10.37,--,13,13480,卖盘
2160,10:11:18,10.37,--,1,1037,卖盘
2161,10:11:15,10.37,--,10,10370,卖盘
2162,10:11:12,10.37,-0.01,5,5185,卖盘
2163,10:11:09,10.38,0.01,60,62280,买盘
2164,10:11:06,10.37,--,11,11407,卖盘
2165,10:11:03,10.37,--,5,5185,卖盘
2166,10:10:57,10.37,--,81,83997,卖盘
2167,10:10:48,10.37,--,551,571387,卖盘
2168,10:10:45,10.37,--,266,276433,卖盘
2169,10:10:39,10.37,-0.01,10,10370,卖盘
2170,10:10:30,10.38,--,20,20760,买盘
2171,10:10:18,10.38,--,173,180093,卖盘
2172,10:10:15,10.38,-0.01,35,36330,卖盘
2173,10:10:12,10.39,0.01,150,155850,买盘
2174,10:10:09,10.38,--,54,56851,卖盘
2175,10:10:06,10.38,--,520,539760,卖盘
2176,10:09:51,10.38,--,1,1038,卖盘
2177,10:09:39,10.38,-0.01,108,112104,卖盘
2178,10:09:30,10.39,--,11,11429,买盘
2179,10:09:27,10.39,0.01,62,64418,买盘
2180,10:09:21,10.38,--,13,13494,卖盘
2181,10:09:18,10.38,--,21,21798,卖盘
2182,10:09:15,10.38,-0.01,3,3114,卖盘
2183,10:09:06,10.39,0.01,15,15585,买盘
2184,10:09:03,10.38,--,10,10380,卖盘
2185,10:09:00,10.38,-0.01,75,77850,卖盘
2186,10:08:54,10.39,0.01,129,134031,买盘
2187,10:08:45,10.38,--,30,31140,卖盘
2188,10:08:42,10.38,--,12,12456,卖盘
2189,10:08:36,10.38,--,5,5190,卖盘
2190,10:08:27,10.38,-0.01,1,1038,卖盘
2191,10:08:24,10.39,0.01,50,51950,买盘
2192,10:08:21,10.38,--,72,74736,卖盘
2193,10:08:18,10.38,-0.01,1,1038,卖盘
2194,10:08:06,10.39,0.01,5,5195,买盘
2195,10:08:03,10.38,-0.01,31,32178,卖盘
2196,10:08:00,10.39,0.01,3,3117,买盘
2197,10:07:48,10.38,--,30,31140,卖盘
2198,10:07:36,10.38,--,10,10380,卖盘
2199,10:07:24,10.38,--,3,3114,卖盘
2200,10:07:15,10.38,--,88,92101,卖盘
2201,10:07:12,10.38,--,55,57090,卖盘
2202,10:07:06,10.38,--,50,51900,卖盘
2203,10:07:03,10.38,--,40,41520,卖盘
2204,10:07:00,10.38,--,9,9342,卖盘
2205,10:06:51,10.38,-0.01,4,4152,卖盘
2206,10:06:48,10.39,--,10,10390,买盘
2207,10:06:42,10.39,--,13,13507,买盘
2208,10:06:39,10.39,--,40,41560,买盘
2209,10:06:24,10.39,--,2,2078,买盘
2210,10:06:21,10.39,--,12,12468,买盘
2211,10:06:18,10.39,--,89,92471,买盘
2212,10:06:12,10.39,--,33,34287,买盘
2213,10:06:03,10.39,0.01,5,5195,买盘
2214,10:05:57,10.38,-0.01,20,20760,卖盘
2215,10:05:51,10.39,--,3,3117,买盘
2216,10:05:48,10.39,0.01,19,19741,买盘
2217,10:05:45,10.38,-0.01,249,258462,卖盘
2218,10:05:42,10.39,0.01,1,1039,买盘
2219,10:05:39,10.38,--,14,14532,卖盘
2220,10:05:36,10.38,-0.01,30,31140,卖盘
2221,10:05:33,10.39,--,168,174552,买盘
2222,10:05:27,10.39,--,5,5195,买盘
2223,10:05:24,10.39,--,3,3117,买盘
2224,10:05:21,10.39,--,5,5195,买盘
2225,10:05:18,10.39,0.01,16,16624,买盘
2226,10:05:12,10.38,-0.01,4,4152,卖盘
2227,10:05:03,10.39,--,10,10390,买盘
2228,10:05:00,10.39,0.01,5,5195,买盘
2229,10:04:51,10.38,--,6,6228,卖盘
2230,10:04:48,10.38,-0.01,13,13494,卖盘
2231,10:04:45,10.39,--,12,12468,买盘
2232,10:04:39,10.39,0.02,76,78964,买盘
2233,10:04:36,10.37,-0.01,15,15554,卖盘
2234,10:04:33,10.38,--,31,32178,买盘
2235,10:04:27,10.38,--,63,65394,买盘
2236,10:04:24,10.38,0.01,7,7266,买盘
2237,10:04:15,10.37,-0.01,20,20740,卖盘
2238,10:04:09,10.38,0.01,26,26988,买盘
2239,10:04:06,10.37,-0.01,59,61182,卖盘
2240,10:04:03,10.38,--,3,3114,买盘
2241,10:04:00,10.38,--,5,5190,买盘
2242,10:03:57,10.38,--,506,525228,买盘
2243,10:03:54,10.38,--,100,103800,买盘
2244,10:03:51,10.38,--,1,1038,买盘
2245,10:03:48,10.38,0.01,11,11418,买盘
2246,10:03:42,10.37,--,20,20740,卖盘
2247,10:03:33,10.37,--,10,10370,卖盘
2248,10:03:30,10.37,-0.01,49,50812,卖盘
2249,10:03:27,10.38,--,1,1038,买盘
2250,10:03:24,10.38,--,2,2076,买盘
2251,10:03:21,10.38,0.01,9,9342,买盘
2252,10:03:18,10.37,-0.01,20,20740,卖盘
2253,10:03:15,10.38,--,3,3114,买盘
2254,10:03:12,10.38,--,36,37368,买盘
2255,10:03:09,10.38,--,10,10380,买盘
2256,10:03:06,10.38,--,27,28026,买盘
2257,10:03:03,10.38,--,10,10380,买盘
2258,10:03:00,10.38,--,5,5190,买盘
2259,10:02:42,10.38,--,57,59166,买盘
2260,10:02:36,10.38,--,64,66432,买盘
2261,10:02:33,10.38,--,10,10380,买盘
2262,10:02:30,10.38,--,120,124560,买盘
2263,10:02:27,10.38,0.01,30,31140,买盘
2264,10:02:24,10.37,-0.01,1,1037,卖盘
2265,10:02:21,10.38,--,550,570900,买盘
2266,10:02:09,10.38,--,20,20760,买盘
2267,10:02:00,10.38,--,4,4152,买盘
2268,10:01:57,10.38,--,25,25950,买盘
2269,10:01:39,10.38,--,19,19722,买盘
2270,10:01:36,10.38,--,15,15570,买盘
2271,10:01:33,10.38,--,15,15570,买盘
2272,10:01:27,10.38,-0.01,38,39444,卖盘
2273,10:01:24,10.39,0.01,70,72730,买盘
2274,10:01:21,10.38,-0.01,70,72660,卖盘
2275,10:01:18,10.39,0.01,30,31170,买盘
2276,10:01:09,10.38,-0.01,20,20760,卖盘
2277,10:01:00,10.39,--,2,2078,买盘
2278,10:00:57,10.39,--,5,5195,买盘
2279,10:00:48,10.39,--,2,2078,买盘
2280,10:00:45,10.39,0.01,30,31170,买盘
2281,10:00:42,10.38,-0.01,3,3114,中性盘
2282,10:00:30,10.39,--,7,7273,买盘
2283,10:00:24,10.39,--,6,6234,买盘
2284,10:00:21,10.39,0.01,304,315856,买盘
2285,10:00:18,10.38,-0.01,933,968454,卖盘
2286,10:00:15,10.39,-0.01,129,134031,卖盘
2287,10:00:12,10.4,0.01,9,9360,买盘
2288,10:00:06,10.39,-0.01,8,8312,卖盘
2289,10:00:03,10.4,0.01,516,536640,买盘
2290,10:00:00,10.39,-0.01,92,95588,卖盘
2291,09:59:57,10.4,0.01,8,8320,买盘
2292,09:59:51,10.39,--,78,81042,买盘
2293,09:59:48,10.39,--,813,844707,买盘
2294,09:59:45,10.39,--,37,38443,买盘
2295,09:59:39,10.39,--,108,112212,买盘
2296,09:59:36,10.39,--,500,519500,买盘
2297,09:59:33,10.39,0.01,12,12468,买盘
2298,09:59:27,10.38,-0.01,1,1038,卖盘
2299,09:59:24,10.39,--,11,11429,买盘
2300,09:59:21,10.39,--,15,15585,买盘
2301,09:59:15,10.39,--,31,32209,买盘
2302,09:59:09,10.39,--,44,45716,买盘
2303,09:59:06,10.39,--,7,7273,买盘
2304,09:59:03,10.39,--,30,31170,买盘
2305,09:59:00,10.39,--,75,77925,买盘
2306,09:58:57,10.39,--,10,10390,买盘
2307,09:58:54,10.39,--,8,8312,买盘
2308,09:58:48,10.39,--,50,51950,买盘
2309,09:58:45,10.39,--,17,17663,买盘
2310,09:58:39,10.39,--,10,10390,买盘
2311,09:58:33,10.39,--,77,80003,买盘
2312,09:58:24,10.39,--,134,139226,买盘
2313,09:58:18,10.39,-0.01,413,429107,卖盘
2314,09:58:15,10.4,--,254,264160,买盘
2315,09:58:09,10.4,0.01,10,10400,买盘
2316,09:58:06,10.39,0.01,214,222346,买盘
2317,09:58:03,10.38,-0.01,881,914478,卖盘
2318,09:58:00,10.39,--,165,171435,买盘
2319,09:57:54,10.39,--,511,530929,买盘
2320,09:57:51,10.39,0.01,309,321051,买盘
2321,09:57:48,10.38,--,14,14532,卖盘
2322,09:57:45,10.38,-0.01,44,45672,卖盘
2323,09:57:36,10.39,--,100,103900,买盘
2324,09:57:33,10.39,--,47,48833,买盘
2325,09:57:30,10.39,--,24,24936,买盘
2326,09:57:27,10.39,--,163,169357,买盘
2327,09:57:24,10.39,--,46,47794,买盘
2328,09:57:21,10.39,0.01,5,5195,买盘
2329,09:57:18,10.38,--,18,18684,卖盘
2330,09:57:15,10.38,-0.01,38,39444,卖盘
2331,09:57:12,10.39,0.01,191,198449,买盘
2332,09:57:09,10.38,-0.01,39,40482,卖盘
2333,09:57:06,10.39,--,26,27014,买盘
2334,09:57:03,10.39,--,5,5195,买盘
2335,09:57:00,10.39,--,24,24936,买盘
2336,09:56:54,10.39,--,15,15585,买盘
2337,09:56:51,10.39,--,5,5195,买盘
2338,09:56:45,10.39,--,73,75847,买盘
2339,09:56:36,10.39,--,4,4156,买盘
2340,09:56:33,10.39,--,9,9351,买盘
2341,09:56:30,10.39,0.01,2,2078,买盘
2342,09:56:27,10.38,--,6,6228,买盘
2343,09:56:24,10.38,0.01,37,38406,买盘
2344,09:56:21,10.37,-0.01,1,1037,卖盘
2345,09:56:18,10.38,--,31,32178,卖盘
2346,09:56:15,10.38,--,19,19722,卖盘
2347,09:56:12,10.38,--,4,4152,卖盘
2348,09:56:09,10.38,--,1,1038,卖盘
2349,09:56:06,10.38,-0.01,9,9342,卖盘
2350,09:56:03,10.39,--,80,83120,买盘
2351,09:55:57,10.39,--,2,2078,买盘
2352,09:55:54,10.39,--,16,16624,买盘
2353,09:55:51,10.39,--,3,3117,买盘
2354,09:55:48,10.39,--,135,140265,买盘
2355,09:55:45,10.39,--,23,23897,买盘
2356,09:55:42,10.39,--,6,6234,买盘
2357,09:55:33,10.39,--,117,121563,买盘
2358,09:55:24,10.39,0.01,85,88315,买盘
2359,09:55:18,10.38,-0.01,141,146358,卖盘
2360,09:55:15,10.39,--,27,28053,买盘
2361,09:55:12,10.39,--,74,76886,卖盘
2362,09:55:09,10.39,--,135,140265,卖盘
2363,09:55:06,10.39,-0.01,20,20780,卖盘
2364,09:55:03,10.4,--,57,59280,买盘
2365,09:55:00,10.4,0.01,132,137280,买盘
2366,09:54:57,10.39,--,1,1039,卖盘
2367,09:54:54,10.39,--,18,18702,卖盘
2368,09:54:48,10.39,--,15,15585,卖盘
2369,09:54:45,10.39,-0.01,55,57145,卖盘
2370,09:54:42,10.4,0.01,9,9360,买盘
2371,09:54:39,10.39,-0.01,52,54028,卖盘
2372,09:54:33,10.4,--,45,46800,买盘
2373,09:54:30,10.4,0.01,82,85280,买盘
2374,09:54:27,10.39,--,124,128836,卖盘
2375,09:54:24,10.39,-0.01,43,44677,卖盘
2376,09:54:21,10.4,--,9,9360,买盘
2377,09:54:18,10.4,--,50,52000,买盘
2378,09:54:15,10.4,0.01,67,69680,买盘
2379,09:54:12,10.39,--,1,1039,卖盘
2380,09:54:06,10.39,--,81,84159,买盘
2381,09:54:03,10.39,--,30,31170,买盘
2382,09:54:00,10.39,--,48,49872,买盘
2383,09:53:57,10.39,--,5,5195,买盘
2384,09:53:54,10.39,-0.01,57,59223,中性盘
2385,09:53:48,10.4,--,4,4160,买盘
2386,09:53:45,10.4,--,40,41600,买盘
2387,09:53:42,10.4,0.01,18,18720,买盘
2388,09:53:39,10.39,--,115,119485,卖盘
2389,09:53:36,10.39,-0.01,2,2078,卖盘
2390,09:53:33,10.4,0.01,57,59280,买盘
2391,09:53:27,10.39,--,145,150655,买盘
2392,09:53:24,10.39,--,127,131953,买盘
2393,09:53:21,10.39,--,11,11429,买盘
2394,09:53:18,10.39,--,28,29092,买盘
2395,09:53:15,10.39,0.01,238,247282,买盘
2396,09:53:12,10.38,-0.01,40,41520,卖盘
2397,09:53:06,10.39,--,10,10390,买盘
2398,09:53:03,10.39,0.01,668,694052,买盘
2399,09:53:00,10.38,--,240,249120,买盘
2400,09:52:57,10.38,-0.01,760,789191,卖盘
2401,09:52:54,10.39,--,677,703403,买盘
2402,09:52:51,10.39,--,40,41560,买盘
2403,09:52:48,10.39,--,127,131953,买盘
2404,09:52:45,10.39,--,90,93510,买盘
2405,09:52:42,10.39,-0.01,1491,1549149,卖盘
2406,09:52:39,10.4,--,2,2080,买盘
2407,09:52:36,10.4,-0.01,497,516880,卖盘
2408,09:52:33,10.41,--,179,186339,买盘
2409,09:52:30,10.41,--,96,99936,买盘
2410,09:52:27,10.41,-0.01,282,293936,卖盘
2411,09:52:24,10.42,--,117,121914,买盘
2412,09:52:21,10.42,--,266,277172,买盘
2413,09:52:18,10.42,--,164,170888,买盘
2414,09:52:15,10.42,--,2,2084,买盘
2415,09:52:12,10.42,-0.01,94,97948,卖盘
2416,09:52:09,10.43,--,18,18774,买盘
2417,09:52:06,10.43,--,18,18774,买盘
2418,09:52:03,10.43,0.01,60,62580,买盘
2419,09:52:00,10.42,-0.01,20,20840,卖盘
2420,09:51:57,10.43,0.01,137,142891,买盘
2421,09:51:54,10.42,--,164,170888,买盘
2422,09:51:51,10.42,--,531,553968,买盘
2423,09:51:48,10.42,0.01,30,31260,买盘
2424,09:51:45,10.41,-0.01,5,5205,卖盘
2425,09:51:42,10.42,--,36,37512,买盘
2426,09:51:39,10.42,--,50,52100,买盘
2427,09:51:36,10.42,0.01,29,30218,买盘
2428,09:51:33,10.41,--,22,22902,买盘
2429,09:51:30,10.41,--,66,68706,买盘
2430,09:51:27,10.41,0.01,30,31230,买盘
2431,09:51:24,10.4,--,5,5200,卖盘
2432,09:51:21,10.4,--,117,121680,买盘
2433,09:51:18,10.4,--,132,137280,买盘
2434,09:51:15,10.4,--,525,546000,买盘
2435,09:51:12,10.4,--,529,550160,买盘
2436,09:51:09,10.4,--,385,400400,买盘
2437,09:51:06,10.4,--,492,511680,买盘
2438,09:51:03,10.4,0.01,455,473200,买盘
2439,09:51:00,10.39,--,520,540280,买盘
2440,09:50:57,10.39,--,970,1007830,买盘
2441,09:50:54,10.39,--,67,69613,买盘
2442,09:50:51,10.39,0.01,225,234502,买盘
2443,09:50:48,10.38,--,526,545988,买盘
2444,09:50:45,10.38,--,57,59166,买盘
2445,09:50:42,10.38,-0.01,346,359459,卖盘
2446,09:50:39,10.39,--,100,103900,买盘
2447,09:50:36,10.39,-0.01,381,395859,卖盘
2448,09:50:33,10.4,0.01,473,491920,买盘
2449,09:50:30,10.39,0.01,722,750158,买盘
2450,09:50:24,10.38,-0.01,132,137016,卖盘
2451,09:50:21,10.39,--,17,17663,买盘
2452,09:50:18,10.39,0.01,55,57145,买盘
2453,09:50:15,10.38,-0.01,581,603078,卖盘
2454,09:50:12,10.39,--,297,308583,买盘
2455,09:50:09,10.39,--,375,389625,买盘
2456,09:50:03,10.39,0.02,204,212683,买盘
2457,09:50:00,10.37,-0.01,100,103699,卖盘
2458,09:49:57,10.38,--,285,295830,买盘
2459,09:49:54,10.38,0.01,10,10380,买盘
2460,09:49:51,10.37,--,401,415836,卖盘
2461,09:49:48,10.37,-0.01,24,24887,卖盘
2462,09:49:42,10.38,0.01,1020,1058760,买盘
2463,09:49:36,10.37,--,288,298656,买盘
2464,09:49:33,10.37,-0.01,172,178364,卖盘
2465,09:49:30,10.38,--,146,151548,买盘
2466,09:49:27,10.38,--,94,97572,买盘
2467,09:49:24,10.38,--,127,132137,卖盘
2468,09:49:21,10.38,--,1524,1582638,买盘
2469,09:49:18,10.38,--,1150,1193700,买盘
2470,09:49:15,10.38,--,50,51900,买盘
2471,09:49:12,10.38,--,1,1038,买盘
2472,09:49:09,10.38,--,21,21798,买盘
2473,09:49:06,10.38,--,81,84078,买盘
2474,09:49:00,10.38,--,5,5190,买盘
2475,09:48:57,10.38,--,22,22836,买盘
2476,09:48:54,10.38,--,200,207600,买盘
2477,09:48:51,10.38,--,139,144282,买盘
2478,09:48:48,10.38,0.02,417,432846,买盘
2479,09:48:45,10.36,-0.02,22,22792,卖盘
2480,09:48:42,10.38,0.02,28,29064,买盘
2481,09:48:39,10.36,--,36,37296,卖盘
2482,09:48:33,10.36,-0.02,10,10360,中性盘
2483,09:48:30,10.38,0.03,4807,4989666,买盘
2484,09:48:27,10.35,-0.01,116,120060,卖盘
2485,09:48:21,10.36,0.01,27,27972,买盘
2486,09:48:18,10.35,-0.01,9,9315,卖盘
2487,09:48:15,10.36,--,128,132608,买盘
2488,09:48:09,10.36,--,5,5180,买盘
2489,09:48:06,10.36,--,3,3108,买盘
2490,09:48:00,10.36,0.01,15,15540,买盘
2491,09:47:57,10.35,-0.01,13,13455,卖盘
2492,09:47:54,10.36,--,38,39368,买盘
2493,09:47:51,10.36,--,2,2072,买盘
2494,09:47:48,10.36,--,6,6216,买盘
2495,09:47:45,10.36,--,50,51800,买盘
2496,09:47:42,10.36,--,10,10360,买盘
2497,09:47:39,10.36,--,5,5180,买盘
2498,09:47:36,10.36,0.01,20,20720,买盘
2499,09:47:33,10.35,--,1,1035,卖盘
2500,09:47:30,10.35,-0.02,50,51750,卖盘
2501,09:47:27,10.37,0.01,2522,2615314,买盘
2502,09:47:24,10.36,0.01,100,103600,买盘
2503,09:47:21,10.35,--,220,227700,卖盘
2504,09:47:18,10.35,-0.01,122,126270,卖盘
2505,09:47:09,10.36,-0.01,417,432012,卖盘
2506,09:47:06,10.37,--,21,21777,买盘
2507,09:47:00,10.37,--,10,10370,买盘
2508,09:46:57,10.37,--,60,62219,买盘
2509,09:46:51,10.37,--,208,215695,买盘
2510,09:46:48,10.37,--,463,480773,卖盘
2511,09:46:45,10.37,--,12,12443,卖盘
2512,09:46:42,10.37,--,297,308383,买盘
2513,09:46:39,10.37,0.01,50,51849,买盘
2514,09:46:36,10.36,--,8,8288,卖盘
2515,09:46:33,10.36,--,272,281792,卖盘
2516,09:46:30,10.36,--,91,94276,卖盘
2517,09:46:27,10.36,--,20,20720,卖盘
2518,09:46:21,10.36,--,53,54908,卖盘
2519,09:46:18,10.36,-0.01,36,37296,卖盘
2520,09:46:15,10.37,--,209,216732,买盘
2521,09:46:12,10.37,0.01,55,57034,买盘
2522,09:46:09,10.36,--,4,4144,卖盘
2523,09:46:06,10.36,--,2,2072,卖盘
2524,09:46:03,10.36,--,55,56980,卖盘
2525,09:45:57,10.36,--,352,364672,买盘
2526,09:45:51,10.36,0.01,262,271432,买盘
2527,09:45:48,10.35,-0.01,9,9315,卖盘
2528,09:45:45,10.36,--,40,41440,买盘
2529,09:45:42,10.36,--,88,91168,卖盘
2530,09:45:39,10.36,--,388,401968,买盘
2531,09:45:36,10.36,0.01,13,13468,买盘
2532,09:45:33,10.35,-0.01,10,10350,卖盘
2533,09:45:30,10.36,0.01,500,518000,买盘
2534,09:45:27,10.35,--,45,46575,卖盘
2535,09:45:24,10.35,-0.01,13,13455,卖盘
2536,09:45:21,10.36,--,43,44548,买盘
2537,09:45:18,10.36,--,320,331520,买盘
2538,09:45:15,10.36,--,1,1036,买盘
2539,09:45:12,10.36,--,157,162652,买盘
2540,09:45:09,10.36,-0.01,435,451302,卖盘
2541,09:45:03,10.37,-0.01,96,99551,卖盘
2542,09:45:00,10.38,--,60,62280,买盘
2543,09:44:57,10.38,--,56,58128,买盘
2544,09:44:54,10.38,0.01,40,41520,买盘
2545,09:44:51,10.37,--,172,178364,买盘
2546,09:44:48,10.37,0.01,313,324581,买盘
2547,09:44:42,10.36,0.01,755,782573,买盘
2548,09:44:39,10.35,--,11,11385,卖盘
2549,09:44:36,10.35,-0.01,29,30015,卖盘
2550,09:44:33,10.36,--,110,113960,买盘
2551,09:44:30,10.36,0.01,20,20720,买盘
2552,09:44:27,10.35,-0.01,32,33120,卖盘
2553,09:44:24,10.36,--,82,84952,买盘
2554,09:44:21,10.36,0.01,50,51800,买盘
2555,09:44:18,10.35,--,1,1035,卖盘
2556,09:44:15,10.35,--,157,162495,卖盘
2557,09:44:12,10.35,--,37,38295,买盘
2558,09:44:09,10.35,--,197,203895,买盘
2559,09:44:06,10.35,0.01,46,47610,买盘
2560,09:44:03,10.34,--,14,14476,卖盘
2561,09:44:00,10.34,-0.01,464,479776,卖盘
2562,09:43:57,10.35,--,10,10350,买盘
2563,09:43:54,10.35,0.01,72,74520,买盘
2564,09:43:51,10.34,-0.01,30,31020,卖盘
2565,09:43:45,10.35,--,3,3105,买盘
2566,09:43:42,10.35,0.01,524,542340,买盘
2567,09:43:39,10.34,-0.01,34,35156,卖盘
2568,09:43:36,10.35,0.01,29,30015,买盘
2569,09:43:33,10.34,--,7,7238,卖盘
2570,09:43:27,10.34,--,10,10340,卖盘
2571,09:43:24,10.34,--,447,462198,买盘
2572,09:43:18,10.34,--,318,328812,买盘
2573,09:43:15,10.34,--,141,145794,买盘
2574,09:43:12,10.34,--,5,5170,买盘
2575,09:43:09,10.34,--,35,36190,买盘
2576,09:43:06,10.34,--,220,227480,买盘
2577,09:43:03,10.34,-0.01,34,35156,卖盘
2578,09:43:00,10.35,0.01,7,7245,买盘
2579,09:42:54,10.34,-0.01,5,5170,卖盘
2580,09:42:51,10.35,--,31,32085,买盘
2581,09:42:48,10.35,--,2,2070,买盘
2582,09:42:45,10.35,--,800,828000,买盘
2583,09:42:42,10.35,0.01,22,22770,买盘
2584,09:42:39,10.34,--,14,14476,买盘
2585,09:42:33,10.34,--,884,914056,买盘
2586,09:42:30,10.34,0.01,5,5170,买盘
2587,09:42:27,10.33,--,86,89447,买盘
2588,09:42:21,10.33,--,867,895611,买盘
2589,09:42:18,10.33,--,107,110531,买盘
2590,09:42:15,10.33,--,33,34089,买盘
2591,09:42:12,10.33,--,1,1033,买盘
2592,09:42:09,10.33,--,220,227260,卖盘
2593,09:42:03,10.33,--,112,115696,卖盘
2594,09:42:00,10.33,0.01,297,306801,买盘
2595,09:41:57,10.32,-0.01,468,482976,卖盘
2596,09:41:54,10.33,--,12,12396,买盘
2597,09:41:51,10.33,--,21,21693,买盘
2598,09:41:48,10.33,--,17,17561,买盘
2599,09:41:45,10.33,0.01,20,20660,买盘
2600,09:41:39,10.32,-0.01,18,18576,卖盘
2601,09:41:33,10.33,--,20,20660,买盘
2602,09:41:30,10.33,--,23,23759,买盘
2603,09:41:27,10.33,--,2,2066,买盘
2604,09:41:24,10.33,0.01,42,43386,买盘
2605,09:41:21,10.32,--,46,47472,卖盘
2606,09:41:15,10.32,--,18,18576,卖盘
2607,09:41:12,10.32,-0.01,20,20640,卖盘
2608,09:41:09,10.33,0.01,26,26858,买盘
2609,09:41:03,10.32,--,49,50568,卖盘
2610,09:41:00,10.32,0.01,35,36120,买盘
2611,09:40:54,10.31,-0.02,80,82480,卖盘
2612,09:40:51,10.33,0.01,78,80574,买盘
2613,09:40:48,10.32,0.01,192,198144,买盘
2614,09:40:42,10.31,-0.01,2,2062,卖盘
2615,09:40:36,10.32,--,30,30960,买盘
2616,09:40:33,10.32,--,16,16512,买盘
2617,09:40:30,10.32,--,36,37152,买盘
2618,09:40:27,10.32,--,30,30960,买盘
2619,09:40:24,10.32,--,122,125904,卖盘
2620,09:40:18,10.32,--,4,4128,卖盘
2621,09:40:15,10.32,--,84,86688,卖盘
2622,09:40:03,10.32,--,150,154800,卖盘
2623,09:40:00,10.32,-0.01,5,5160,卖盘
2624,09:39:57,10.33,0.01,2,2066,买盘
2625,09:39:54,10.32,-0.01,817,843144,卖盘
2626,09:39:51,10.33,0.01,22,22726,买盘
2627,09:39:45,10.32,-0.01,200,206400,卖盘
2628,09:39:42,10.33,0.01,43,44419,买盘
2629,09:39:39,10.32,-0.01,1,1032,卖盘
2630,09:39:33,10.33,--,210,216930,买盘
2631,09:39:30,10.33,--,3,3099,买盘
2632,09:39:27,10.33,0.01,1,1033,买盘
2633,09:39:24,10.32,0.02,646,666672,买盘
2634,09:39:21,10.3,--,126,129780,买盘
2635,09:39:18,10.3,--,52,53560,卖盘
2636,09:39:15,10.3,-0.02,13,13390,卖盘
2637,09:39:12,10.32,0.02,97,100104,买盘
2638,09:39:06,10.3,--,26,26780,买盘
2639,09:39:03,10.3,--,431,443930,买盘
2640,09:39:00,10.3,--,166,170980,买盘
2641,09:38:57,10.3,--,22,22660,买盘
2642,09:38:54,10.3,-0.02,855,880650,卖盘
2643,09:38:51,10.32,0.01,902,930864,买盘
2644,09:38:48,10.31,-0.01,269,277339,卖盘
2645,09:38:45,10.32,--,246,253872,买盘
2646,09:38:42,10.32,--,30,30960,买盘
2647,09:38:39,10.32,--,10,10320,买盘
2648,09:38:33,10.32,0.02,19,19608,买盘
2649,09:38:30,10.3,--,30,30900,卖盘
2650,09:38:12,10.3,-0.02,75,77250,卖盘
2651,09:38:09,10.32,0.02,734,757488,买盘
2652,09:38:06,10.3,--,52,53560,卖盘
2653,09:38:00,10.3,--,155,159650,买盘
2654,09:37:57,10.3,--,1,1030,买盘
2655,09:37:54,10.3,0.01,111,114330,买盘
2656,09:37:51,10.29,-0.01,13,13376,卖盘
2657,09:37:48,10.3,--,49,50470,买盘
2658,09:37:45,10.3,--,101,104030,买盘
2659,09:37:42,10.3,0.01,116,119480,买盘
2660,09:37:36,10.29,--,77,79233,卖盘
2661,09:37:33,10.29,-0.01,10,10290,卖盘
2662,09:37:30,10.3,--,10,10300,买盘
2663,09:37:27,10.3,--,16,16480,买盘
2664,09:37:21,10.3,--,118,121540,卖盘
2665,09:37:18,10.3,--,29,29870,卖盘
2666,09:37:09,10.3,0.01,20,20600,买盘
2667,09:37:06,10.29,-0.01,30,30869,卖盘
2668,09:37:03,10.3,-0.01,20,20600,卖盘
2669,09:37:00,10.31,--,3,3093,买盘
2670,09:36:57,10.31,0.02,2,2062,买盘
2671,09:36:54,10.29,-0.01,83,85407,卖盘
2672,09:36:51,10.3,--,10,10300,卖盘
2673,09:36:48,10.3,--,572,589160,买盘
2674,09:36:42,10.3,--,60,61800,买盘
2675,09:36:39,10.3,--,3,3090,买盘
2676,09:36:36,10.3,--,100,103000,买盘
2677,09:36:33,10.3,--,8,8240,买盘
2678,09:36:27,10.3,-0.01,224,230720,卖盘
2679,09:36:24,10.31,0.01,48,49488,买盘
2680,09:36:21,10.3,-0.01,70,72100,卖盘
2681,09:36:09,10.31,-0.01,11,11341,卖盘
2682,09:36:03,10.32,0.01,37,38184,买盘
2683,09:36:00,10.31,-0.01,119,122689,中性盘
2684,09:35:57,10.32,0.02,103,106296,买盘
2685,09:35:54,10.3,0.01,30,30900,中性盘
2686,09:35:48,10.29,--,21,21609,卖盘
2687,09:35:45,10.29,--,10,10290,卖盘
2688,09:35:39,10.29,-0.01,2,2058,卖盘
2689,09:35:30,10.3,--,25,25750,买盘
2690,09:35:27,10.3,-0.03,1017,1048457,卖盘
2691,09:35:24,10.33,--,89,91937,卖盘
2692,09:35:21,10.33,0.01,202,208748,中性盘
2693,09:35:15,10.32,-0.01,31,31992,卖盘
2694,09:35:12,10.33,--,551,569183,买盘
2695,09:35:09,10.33,--,59,60947,买盘
2696,09:35:06,10.33,--,2,2066,买盘
2697,09:35:03,10.33,--,125,129125,买盘
2698,09:35:00,10.33,--,18,18594,买盘
2699,09:34:57,10.33,-0.01,30,30990,卖盘
2700,09:34:54,10.34,-0.01,63,65142,买盘
2701,09:34:51,10.35,0.01,1081,1119166,买盘
2702,09:34:48,10.34,-0.01,119,123046,卖盘
2703,09:34:45,10.35,--,62,64170,买盘
2704,09:34:42,10.35,--,40,41400,买盘
2705,09:34:33,10.35,0.01,34,35190,买盘
2706,09:34:27,10.34,-0.01,31,32054,卖盘
2707,09:34:24,10.35,0.01,60,62100,买盘
2708,09:34:21,10.34,0.01,276,285384,卖盘
2709,09:34:18,10.33,-0.02,30,30990,卖盘
2710,09:34:15,10.35,0.01,70,72450,买盘
2711,09:34:12,10.34,-0.01,19,19646,中性盘
2712,09:34:09,10.35,0.01,112,115920,买盘
2713,09:34:06,10.34,-0.01,940,972053,卖盘
2714,09:34:03,10.35,--,463,479205,卖盘
2715,09:34:00,10.35,-0.01,134,138690,卖盘
2716,09:33:57,10.36,0.01,3,3108,买盘
2717,09:33:54,10.35,--,80,82800,卖盘
2718,09:33:51,10.35,--,227,234945,卖盘
2719,09:33:48,10.35,0.01,115,119025,买盘
2720,09:33:42,10.34,--,218,225412,卖盘
2721,09:33:36,10.34,-0.01,154,159236,卖盘
2722,09:33:33,10.35,--,133,138596,买盘
2723,09:33:30,10.35,--,235,243225,买盘
2724,09:33:27,10.35,--,93,96255,买盘
2725,09:33:24,10.35,0.01,5,5175,买盘
2726,09:33:18,10.34,-0.01,20,20680,卖盘
2727,09:33:15,10.35,--,13,13455,买盘
2728,09:33:12,10.35,0.01,651,673785,买盘
2729,09:33:09,10.34,--,21,21714,买盘
2730,09:33:03,10.34,-0.01,21,21714,卖盘
2731,09:33:00,10.35,--,24,24840,买盘
2732,09:32:57,10.35,0.01,11,11385,买盘
2733,09:32:54,10.34,--,50,51700,买盘
2734,09:32:51,10.34,--,595,615230,买盘
2735,09:32:48,10.34,--,30,31020,买盘
2736,09:32:45,10.34,--,74,76516,卖盘
2737,09:32:42,10.34,--,1,1034,卖盘
2738,09:32:39,10.34,--,16,16544,买盘
2739,09:32:36,10.34,-0.01,46,47564,卖盘
2740,09:32:33,10.35,0.01,127,131445,买盘
2741,09:32:30,10.34,-0.01,710,734140,卖盘
2742,09:32:27,10.35,0.01,8,8280,买盘
2743,09:32:24,10.34,-0.01,111,114774,卖盘
2744,09:32:21,10.35,--,131,135585,买盘
2745,09:32:18,10.35,0.02,30,31050,买盘
2746,09:32:15,10.33,-0.02,218,225194,卖盘
2747,09:32:12,10.35,0.02,106,109710,买盘
2748,09:32:09,10.33,-0.01,22,22726,卖盘
2749,09:32:06,10.34,-0.01,130,134420,卖盘
2750,09:32:03,10.35,0.01,66,68310,买盘
2751,09:32:00,10.34,--,206,213004,卖盘
2752,09:31:54,10.34,--,61,63074,卖盘
2753,09:31:51,10.34,--,23,23782,买盘
2754,09:31:48,10.34,--,100,103400,买盘
2755,09:31:45,10.34,0.01,35,36190,买盘
2756,09:31:42,10.33,-0.01,120,123960,卖盘
2757,09:31:39,10.34,--,2,2068,买盘
2758,09:31:33,10.34,-0.01,353,365002,卖盘
2759,09:31:27,10.35,0.01,18,18630,买盘
2760,09:31:24,10.34,-0.01,87,89958,卖盘
2761,09:31:18,10.35,-0.01,86,89010,中性盘
2762,09:31:12,10.36,--,211,218596,买盘
2763,09:31:09,10.36,0.01,181,187516,买盘
2764,09:31:06,10.35,-0.01,229,237015,中性盘
2765,09:31:00,10.36,0.03,347,359492,买盘
2766,09:30:57,10.33,-0.03,405,418365,卖盘
2767,09:30:54,10.36,0.01,488,505568,买盘
2768,09:30:51,10.35,0.02,37,38295,买盘
2769,09:30:48,10.33,-0.02,66,68178,卖盘
2770,09:30:45,10.35,-0.01,69,71415,卖盘
2771,09:30:42,10.36,--,65,67340,买盘
2772,09:30:39,10.36,--,55,56980,买盘
2773,09:30:33,10.36,--,210,217560,卖盘
2774,09:30:30,10.36,0.01,284,294224,买盘
2775,09:30:27,10.35,-0.01,51,52785,卖盘
2776,09:30:24,10.36,--,122,126392,买盘
2777,09:30:21,10.36,--,371,384356,买盘
2778,09:30:18,10.36,--,210,217560,买盘
2779,09:30:15,10.36,0.01,300,310800,买盘
2780,09:30:12,10.35,-0.01,34,35190,卖盘
2781,09:30:09,10.36,0.01,325,336700,买盘
2782,09:30:06,10.35,0.02,209,216315,买盘
2783,09:30:03,10.33,0.01,2802,2895168,买盘
2784,09:30:00,10.32,--,0,0,卖盘
2785,09:25:03,10.32,10.32,1816,1874112,买盘
