,time,price,change,volume,amount,type
0,15:00:03,10.57,--,6283,6641131,卖盘
1,14:57:00,10.57,-0.01,40,42280,卖盘
2,14:56:57,10.58,0.01,10,10580,买盘
3,14:56:54,10.57,-0.01,13,13741,卖盘
4,14:56:51,10.58,--,66,69828,买盘
5,14:56:48,10.58,--,40,42320,买盘
6,14:56:45,10.58,--,44,46552,买盘
7,14:56:42,10.58,0.01,5,5290,买盘
8,14:56:39,10.57,--,10,10570,卖盘
9,14:56:36,10.57,--,57,60249,卖盘
10,14:56:33,10.57,0.01,69,73028,买盘
11,14:56:30,10.56,--,114,120384,卖盘
12,14:56:27,10.56,-0.01,58,61248,卖盘
13,14:56:24,10.57,--,3055,3229135,买盘
14,14:56:21,10.57,--,5,5285,买盘
15,14:56:18,10.57,0.01,13,13741,买盘
16,14:56:12,10.56,-0.01,39,41184,卖盘
17,14:56:09,10.57,--,8,8456,买盘
18,14:56:06,10.57,0.01,8,8456,买盘
19,14:56:03,10.56,-0.01,60,63360,卖盘
20,14:56:00,10.57,--,23,24311,买盘
21,14:55:57,10.57,--,51,53907,买盘
22,14:55:54,10.57,-0.01,124,132029,卖盘
23,14:55:51,10.58,0.01,31,32798,买盘
24,14:55:48,10.57,--,232,245224,卖盘
25,14:55:45,10.57,--,0,665,卖盘
26,14:55:42,10.57,-0.01,100,105700,卖盘
27,14:55:39,10.58,--,27,28566,买盘
28,14:55:36,10.58,0.01,64,67712,买盘
29,14:55:33,10.57,--,65,68705,卖盘
30,14:55:30,10.57,--,2,2114,卖盘
31,14:55:27,10.57,-0.01,70,73990,卖盘
32,14:55:24,10.58,0.01,106,112148,买盘
33,14:55:21,10.57,-0.01,6,6342,卖盘
34,14:55:18,10.58,--,12,12696,买盘
35,14:55:15,10.58,0.01,86,90988,买盘
36,14:55:12,10.57,--,20,21140,卖盘
37,14:55:09,10.57,--,40,42280,卖盘
38,14:55:06,10.57,--,90,95130,卖盘
39,14:55:03,10.57,--,260,274820,卖盘
40,14:55:00,10.57,-0.01,2,2114,卖盘
41,14:54:57,10.58,--,39,41262,买盘
42,14:54:54,10.58,0.01,84,88872,买盘
43,14:54:51,10.57,-0.01,1,1057,卖盘
44,14:54:48,10.58,--,5,5290,买盘
45,14:54:42,10.58,--,13,14240,买盘
46,14:54:39,10.58,--,607,642206,买盘
47,14:54:36,10.58,0.01,86,90988,买盘
48,14:54:33,10.57,-0.01,20,21140,卖盘
49,14:54:30,10.58,0.01,351,371358,买盘
50,14:54:21,10.57,0.01,28,29596,买盘
51,14:54:18,10.56,-0.01,219,231264,卖盘
52,14:54:15,10.57,--,318,336126,买盘
53,14:54:12,10.57,--,88,93016,买盘
54,14:54:09,10.57,-0.01,89,94073,卖盘
55,14:54:06,10.58,--,27,28566,买盘
56,14:54:03,10.58,0.01,19,20102,买盘
57,14:54:00,10.57,--,55,58135,卖盘
58,14:53:57,10.57,-0.01,54,57078,卖盘
59,14:53:54,10.58,0.01,65,68770,买盘
60,14:53:51,10.57,--,10,10570,卖盘
61,14:53:48,10.57,--,18,19026,买盘
62,14:53:42,10.57,--,84,88788,卖盘
63,14:53:36,10.57,-0.01,46,48622,卖盘
64,14:53:33,10.58,--,44,46552,买盘
65,14:53:30,10.58,0.01,130,137540,买盘
66,14:53:27,10.57,--,203,214571,卖盘
67,14:53:24,10.57,-0.01,33,34881,中性盘
68,14:53:21,10.58,0.02,33,34914,买盘
69,14:53:18,10.56,-0.01,307,324192,卖盘
70,14:53:15,10.57,--,70,73990,卖盘
71,14:53:12,10.57,-0.01,29,30653,卖盘
72,14:53:09,10.58,0.01,34,35972,买盘
73,14:53:06,10.57,-0.01,107,113099,卖盘
74,14:53:03,10.58,--,20,21160,买盘
75,14:53:00,10.58,0.02,77,81466,买盘
76,14:52:57,10.56,-0.02,10,10560,卖盘
77,14:52:51,10.58,--,21,22218,买盘
78,14:52:48,10.58,--,57,60306,买盘
79,14:52:45,10.58,--,77,81466,买盘
80,14:52:36,10.58,--,56,59248,买盘
81,14:52:33,10.58,--,34,35972,买盘
82,14:52:30,10.58,--,49,51842,买盘
83,14:52:27,10.58,--,211,223238,卖盘
84,14:52:24,10.58,--,12,12696,卖盘
85,14:52:21,10.58,--,71,75118,卖盘
86,14:52:18,10.58,--,46,48668,卖盘
87,14:52:15,10.58,--,85,89930,买盘
88,14:52:12,10.58,--,48,50784,卖盘
89,14:52:09,10.58,-0.01,30,31740,卖盘
90,14:52:06,10.59,0.01,15,15885,买盘
91,14:52:03,10.58,--,106,112148,买盘
92,14:52:00,10.58,--,8,8464,中性盘
93,14:51:51,10.58,--,51,53958,买盘
94,14:51:48,10.58,-0.01,4,4232,买盘
95,14:51:45,10.59,0.01,20,21180,买盘
96,14:51:42,10.58,--,20,21160,卖盘
97,14:51:39,10.58,--,61,64538,买盘
98,14:51:36,10.58,0.02,5,5290,买盘
99,14:51:33,10.56,--,50,52800,卖盘
100,14:51:27,10.56,--,1,1056,卖盘
101,14:51:21,10.56,-0.02,77,81312,卖盘
102,14:51:18,10.58,0.02,36,38088,买盘
103,14:51:15,10.56,-0.03,11,11616,卖盘
104,14:51:12,10.59,0.01,54,57186,买盘
105,14:51:09,10.58,--,1028,1087624,卖盘
106,14:51:06,10.58,--,182,192556,卖盘
107,14:51:03,10.58,--,17,17986,卖盘
108,14:51:00,10.58,--,47,49726,卖盘
109,14:50:57,10.58,--,24,25392,卖盘
110,14:50:54,10.58,--,110,116380,卖盘
111,14:50:51,10.58,--,14,14812,卖盘
112,14:50:48,10.58,--,23,24334,卖盘
113,14:50:45,10.58,--,41,43378,卖盘
114,14:50:42,10.58,-0.01,20,21160,卖盘
115,14:50:39,10.59,0.01,13,13767,买盘
116,14:50:36,10.58,--,203,214774,买盘
117,14:50:33,10.58,--,4,4232,买盘
118,14:50:30,10.58,-0.01,28,29624,卖盘
119,14:50:27,10.59,0.01,23,24357,买盘
120,14:50:24,10.58,--,10,10580,卖盘
121,14:50:21,10.58,-0.01,107,113206,卖盘
122,14:50:18,10.59,--,15,15885,买盘
123,14:50:15,10.59,0.02,27,28593,买盘
124,14:50:12,10.57,-0.01,167,176519,卖盘
125,14:50:09,10.58,0.01,4,4232,买盘
126,14:50:06,10.57,-0.01,109,115213,卖盘
127,14:50:03,10.58,0.01,10,10580,买盘
128,14:50:00,10.57,-0.01,47,49679,卖盘
129,14:49:57,10.58,0.01,24,25392,买盘
130,14:49:54,10.57,-0.01,1,1057,卖盘
131,14:49:51,10.58,--,14,14812,买盘
132,14:49:45,10.58,-0.01,3,3174,卖盘
133,14:49:42,10.59,--,16,16944,买盘
134,14:49:39,10.59,--,28,29652,买盘
135,14:49:36,10.59,0.01,34,36006,买盘
136,14:49:33,10.58,--,97,102626,卖盘
137,14:49:30,10.58,-0.01,31,32798,卖盘
138,14:49:27,10.59,0.01,100,105900,买盘
139,14:49:24,10.58,-0.01,157,166106,卖盘
140,14:49:21,10.59,0.01,107,113313,买盘
141,14:49:18,10.58,-0.01,10,10580,卖盘
142,14:49:15,10.59,0.01,41,43419,买盘
143,14:49:12,10.58,0.01,16,16928,买盘
144,14:49:09,10.57,-0.02,98,103586,卖盘
145,14:49:06,10.59,0.01,36,38124,买盘
146,14:49:03,10.58,-0.01,85,89930,卖盘
147,14:49:00,10.59,--,37,39183,买盘
148,14:48:54,10.59,--,18,19062,买盘
149,14:48:51,10.59,0.01,116,122844,买盘
150,14:48:48,10.58,--,36,38088,卖盘
151,14:48:45,10.58,-0.01,1,1058,卖盘
152,14:48:42,10.59,0.01,22,23298,买盘
153,14:48:39,10.58,--,28,29624,卖盘
154,14:48:36,10.58,--,30,31740,买盘
155,14:48:33,10.58,--,10,10580,买盘
156,14:48:30,10.58,--,28,29624,买盘
157,14:48:27,10.58,--,27,28566,买盘
158,14:48:24,10.58,--,28,29624,卖盘
159,14:48:21,10.58,--,80,84640,卖盘
160,14:48:18,10.58,--,100,105800,卖盘
161,14:48:15,10.58,-0.01,252,266616,卖盘
162,14:48:12,10.59,--,19,20121,买盘
163,14:48:09,10.59,--,224,237216,买盘
164,14:48:06,10.59,0.01,12,12708,买盘
165,14:48:03,10.58,-0.01,22,23276,卖盘
166,14:48:00,10.59,--,10,10590,买盘
167,14:47:57,10.59,--,47,49773,买盘
168,14:47:54,10.59,0.01,227,240393,买盘
169,14:47:51,10.58,--,173,183034,卖盘
170,14:47:48,10.58,-0.01,30,31740,卖盘
171,14:47:45,10.59,--,94,99546,买盘
172,14:47:42,10.59,0.01,65,68835,买盘
173,14:47:39,10.58,-0.01,225,238050,卖盘
174,14:47:36,10.59,0.01,5,5295,买盘
175,14:47:33,10.58,-0.01,11,11638,卖盘
176,14:47:24,10.59,--,14,14826,买盘
177,14:47:21,10.59,--,20,21180,买盘
178,14:47:18,10.59,--,18,19062,买盘
179,14:47:15,10.59,--,41,43419,卖盘
180,14:47:12,10.59,--,9,9531,买盘
181,14:47:06,10.59,-0.01,6,6354,买盘
182,14:47:03,10.6,0.02,58,61480,买盘
183,14:47:00,10.58,-0.01,126,133308,卖盘
184,14:46:57,10.59,-0.01,218,230862,卖盘
185,14:46:51,10.6,0.01,15,15900,买盘
186,14:46:48,10.59,-0.01,9,9531,卖盘
187,14:46:45,10.6,0.01,53,56180,买盘
188,14:46:42,10.59,--,223,236157,卖盘
189,14:46:39,10.59,--,779,824961,买盘
190,14:46:36,10.59,--,19,20121,买盘
191,14:46:33,10.59,--,37,39183,买盘
192,14:46:30,10.59,0.01,6,6354,买盘
193,14:46:27,10.58,-0.01,23,24334,卖盘
194,14:46:24,10.59,--,6,6354,买盘
195,14:46:18,10.59,0.01,94,99546,买盘
196,14:46:15,10.58,-0.01,16,16928,卖盘
197,14:46:12,10.59,--,59,62481,买盘
198,14:46:09,10.59,0.01,23,24357,买盘
199,14:46:06,10.58,-0.01,65,68770,卖盘
200,14:46:03,10.59,0.01,28,29652,买盘
201,14:46:00,10.58,-0.01,123,130134,卖盘
202,14:45:57,10.59,0.01,18,19062,买盘
203,14:45:54,10.58,-0.01,34,35972,卖盘
204,14:45:51,10.59,0.01,29,30711,买盘
205,14:45:48,10.58,-0.01,39,41262,卖盘
206,14:45:45,10.59,--,84,88956,买盘
207,14:45:42,10.59,--,43,45537,买盘
208,14:45:36,10.59,0.01,17,18003,买盘
209,14:45:30,10.58,-0.01,19,20102,卖盘
210,14:45:27,10.59,0.01,17,18003,中性盘
211,14:45:24,10.58,-0.01,38,40204,卖盘
212,14:45:21,10.59,--,10,10590,卖盘
213,14:45:15,10.59,--,224,237216,卖盘
214,14:45:12,10.59,-0.01,37,39183,卖盘
215,14:45:09,10.6,0.02,1050,1113000,买盘
216,14:45:06,10.58,-0.01,8,8464,卖盘
217,14:45:03,10.59,--,41,43419,买盘
218,14:45:00,10.59,--,39,41301,买盘
219,14:44:57,10.59,--,138,146142,买盘
220,14:44:54,10.59,0.01,26,27534,买盘
221,14:44:51,10.58,-0.01,33,34914,卖盘
222,14:44:48,10.59,0.01,60,63540,买盘
223,14:44:45,10.58,--,74,78292,卖盘
224,14:44:42,10.58,--,18,19044,卖盘
225,14:44:39,10.58,--,39,41262,卖盘
226,14:44:36,10.58,--,37,39146,卖盘
227,14:44:33,10.58,-0.01,82,86756,买盘
228,14:44:30,10.59,--,12,12708,买盘
229,14:44:27,10.59,0.02,62,65658,买盘
230,14:44:24,10.57,--,25,26425,卖盘
231,14:44:21,10.57,-0.02,361,381577,卖盘
232,14:44:18,10.59,0.01,323,342057,买盘
233,14:44:12,10.58,-0.01,26,27508,中性盘
234,14:44:09,10.59,0.02,17,18003,买盘
235,14:44:06,10.57,-0.01,50,52850,卖盘
236,14:44:03,10.58,--,67,70886,买盘
237,14:44:00,10.58,--,105,111090,买盘
238,14:43:57,10.58,0.01,32,33856,买盘
239,14:43:54,10.57,-0.01,275,290675,卖盘
240,14:43:51,10.58,--,76,80408,买盘
241,14:43:48,10.58,--,74,78292,买盘
242,14:43:42,10.58,--,38,40204,买盘
243,14:43:39,10.58,--,119,125902,买盘
244,14:43:36,10.58,--,5,5290,买盘
245,14:43:33,10.58,0.01,1,1058,买盘
246,14:43:30,10.57,--,23,24311,卖盘
247,14:43:27,10.57,--,9,9513,卖盘
248,14:43:24,10.57,--,41,43337,买盘
249,14:43:18,10.57,--,68,71876,买盘
250,14:43:15,10.57,--,132,139524,买盘
251,14:43:12,10.57,0.01,26,27482,中性盘
252,14:43:09,10.56,-0.02,40,42240,卖盘
253,14:43:06,10.58,0.01,50,52900,买盘
254,14:43:03,10.57,--,115,121555,卖盘
255,14:42:54,10.57,-0.01,202,213514,卖盘
256,14:42:48,10.58,0.01,25,26450,买盘
257,14:42:42,10.57,--,7,7399,买盘
258,14:42:39,10.57,--,36,38052,买盘
259,14:42:36,10.57,--,23,24311,买盘
260,14:42:30,10.57,-0.01,65,68705,卖盘
261,14:42:27,10.58,0.01,29,30682,买盘
262,14:42:21,10.57,--,108,114156,买盘
263,14:42:18,10.57,--,9,9513,买盘
264,14:42:15,10.57,--,16,16912,买盘
265,14:42:12,10.57,-0.01,71,75047,卖盘
266,14:42:09,10.58,--,26,27508,买盘
267,14:42:06,10.58,--,132,139656,买盘
268,14:42:03,10.58,0.01,15,15870,买盘
269,14:41:57,10.57,-0.01,32,33824,卖盘
270,14:41:54,10.58,--,16,16928,买盘
271,14:41:51,10.58,0.01,2,2116,买盘
272,14:41:48,10.57,--,41,43337,买盘
273,14:41:45,10.57,--,57,60249,买盘
274,14:41:42,10.57,--,17,17969,买盘
275,14:41:39,10.57,--,6,6342,买盘
276,14:41:36,10.57,0.01,17,17969,买盘
277,14:41:33,10.56,--,78,82368,买盘
278,14:41:30,10.56,--,94,99264,买盘
279,14:41:27,10.56,--,18,19008,买盘
280,14:41:24,10.56,0.01,2,2112,买盘
281,14:41:21,10.55,-0.01,131,138205,卖盘
282,14:41:18,10.56,--,38,40128,买盘
283,14:41:15,10.56,--,81,85536,买盘
284,14:41:12,10.56,--,22,23232,买盘
285,14:41:09,10.56,0.01,1,1056,买盘
286,14:41:06,10.55,-0.01,18,18990,卖盘
287,14:41:03,10.56,0.01,42,44352,买盘
288,14:41:00,10.55,0.01,153,161415,买盘
289,14:40:54,10.54,-0.01,32,33728,卖盘
290,14:40:51,10.55,--,305,321775,卖盘
291,14:40:48,10.55,--,1469,1549795,卖盘
292,14:40:45,10.55,0.01,15,15825,卖盘
293,14:40:42,10.54,-0.01,340,358360,卖盘
294,14:40:39,10.55,0.01,46,48530,买盘
295,14:40:36,10.54,--,30,31619,卖盘
296,14:40:33,10.54,-0.01,22,23187,卖盘
297,14:40:30,10.55,--,10,10550,买盘
298,14:40:27,10.55,0.01,28,29540,买盘
299,14:40:24,10.54,-0.01,1,1054,卖盘
300,14:40:21,10.55,--,67,70685,买盘
301,14:40:18,10.55,--,23,24265,买盘
302,14:40:15,10.55,0.01,27,28485,买盘
303,14:40:12,10.54,--,5,5270,卖盘
304,14:40:09,10.54,0.01,62,66328,买盘
305,14:40:06,10.53,-0.01,15,15794,卖盘
306,14:40:00,10.54,0.01,10,10540,买盘
307,14:39:57,10.53,-0.01,1,1053,卖盘
308,14:39:54,10.54,0.01,34,35836,买盘
309,14:39:51,10.53,0.01,167,175851,买盘
310,14:39:48,10.52,-0.01,27,28404,卖盘
311,14:39:45,10.53,--,23,24219,买盘
312,14:39:42,10.53,--,58,61073,买盘
313,14:39:39,10.53,--,88,92664,买盘
314,14:39:36,10.53,--,66,69498,买盘
315,14:39:33,10.53,--,227,239031,卖盘
316,14:39:30,10.53,--,115,121094,卖盘
317,14:39:27,10.53,--,157,165321,卖盘
318,14:39:24,10.53,0.01,278,292734,买盘
319,14:39:21,10.52,-0.01,11,11572,卖盘
320,14:39:18,10.53,--,70,73710,买盘
321,14:39:15,10.53,--,126,132678,买盘
322,14:39:12,10.53,--,38,40014,卖盘
323,14:39:09,10.53,--,232,244295,卖盘
324,14:39:06,10.53,0.01,59,62126,买盘
325,14:39:03,10.52,--,47,49444,卖盘
326,14:39:00,10.52,-0.02,7,7364,卖盘
327,14:38:57,10.54,0.01,24,25295,买盘
328,14:38:54,10.53,--,41,43173,卖盘
329,14:38:51,10.53,--,69,72657,卖盘
330,14:38:48,10.53,--,164,172692,买盘
331,14:38:45,10.53,0.01,70,73710,买盘
332,14:38:42,10.52,--,273,287196,卖盘
333,14:38:39,10.52,--,123,129396,卖盘
334,14:38:36,10.52,-0.01,47,49444,卖盘
335,14:38:33,10.53,--,25,26325,买盘
336,14:38:30,10.53,--,72,75816,买盘
337,14:38:27,10.53,--,175,184275,卖盘
338,14:38:24,10.53,-0.01,5,5265,卖盘
339,14:38:21,10.54,0.01,24,25295,买盘
340,14:38:18,10.53,--,90,94770,卖盘
341,14:38:15,10.53,-0.01,27,28431,卖盘
342,14:38:12,10.54,--,31,32673,买盘
343,14:38:09,10.54,--,14,14755,买盘
344,14:38:06,10.54,--,62,65347,买盘
345,14:38:03,10.54,0.01,35,36890,买盘
346,14:38:00,10.53,-0.01,50,52650,卖盘
347,14:37:54,10.54,--,19,20026,买盘
348,14:37:51,10.54,-0.01,51,53827,卖盘
349,14:37:48,10.55,--,12,12660,买盘
350,14:37:45,10.55,--,66,69630,买盘
351,14:37:42,10.55,0.01,142,149810,买盘
352,14:37:39,10.54,-0.01,87,91697,卖盘
353,14:37:33,10.55,--,148,156140,买盘
354,14:37:30,10.55,--,690,727950,卖盘
355,14:37:27,10.55,--,60,63300,卖盘
356,14:37:24,10.55,--,116,123361,卖盘
357,14:37:18,10.55,--,78,82290,卖盘
358,14:37:15,10.55,--,198,208890,卖盘
359,14:37:12,10.55,--,76,80180,卖盘
360,14:37:09,10.55,--,25,26375,卖盘
361,14:37:06,10.55,-0.01,84,88620,卖盘
362,14:37:03,10.56,0.01,16,16896,买盘
363,14:37:00,10.55,-0.01,30,31650,卖盘
364,14:36:57,10.56,0.01,29,30624,买盘
365,14:36:54,10.55,-0.01,172,181460,卖盘
366,14:36:51,10.56,--,63,66528,买盘
367,14:36:48,10.56,--,38,40128,买盘
368,14:36:42,10.56,--,56,59136,买盘
369,14:36:39,10.56,-0.01,288,304128,卖盘
370,14:36:36,10.57,--,3,3171,卖盘
371,14:36:33,10.57,--,39,41223,买盘
372,14:36:30,10.57,--,97,102529,买盘
373,14:36:27,10.57,--,16,16912,买盘
374,14:36:24,10.57,0.01,23,24311,卖盘
375,14:36:21,10.56,-0.01,13,13728,卖盘
376,14:36:18,10.57,--,37,39109,卖盘
377,14:36:15,10.57,0.01,39,41223,中性盘
378,14:36:12,10.56,-0.01,52,54912,卖盘
379,14:36:09,10.57,--,44,46508,买盘
380,14:36:06,10.57,--,32,33824,买盘
381,14:36:03,10.57,0.01,5,5285,中性盘
382,14:36:00,10.56,-0.02,23,24288,卖盘
383,14:35:57,10.58,0.01,62,65596,买盘
384,14:35:54,10.57,--,283,299131,买盘
385,14:35:51,10.57,0.01,33,34881,买盘
386,14:35:48,10.56,-0.01,40,42240,卖盘
387,14:35:45,10.57,0.01,43,45451,买盘
388,14:35:42,10.56,--,105,110880,卖盘
389,14:35:39,10.56,-0.01,27,28512,卖盘
390,14:35:33,10.57,--,79,83503,买盘
391,14:35:30,10.57,--,46,48622,买盘
392,14:35:27,10.57,0.01,79,83503,买盘
393,14:35:24,10.56,--,228,240768,卖盘
394,14:35:21,10.56,--,224,236544,卖盘
395,14:35:18,10.56,-0.01,13,13728,卖盘
396,14:35:15,10.57,--,22,23254,买盘
397,14:35:12,10.57,0.01,26,27482,买盘
398,14:35:09,10.56,-0.01,127,134112,卖盘
399,14:35:06,10.57,--,42,44394,买盘
400,14:35:03,10.57,0.01,12,12684,买盘
401,14:35:00,10.56,--,6,6336,卖盘
402,14:34:57,10.56,--,1,1056,卖盘
403,14:34:54,10.56,--,1,1056,卖盘
404,14:34:51,10.56,--,100,105600,卖盘
405,14:34:48,10.56,-0.01,13,13728,卖盘
406,14:34:42,10.57,--,115,121555,卖盘
407,14:34:39,10.57,--,37,39109,卖盘
408,14:34:36,10.57,-0.01,291,307587,卖盘
409,14:34:33,10.58,0.01,6,6348,买盘
410,14:34:30,10.57,--,20,21140,卖盘
411,14:34:27,10.57,--,2,2114,卖盘
412,14:34:24,10.57,-0.01,13,13741,卖盘
413,14:34:18,10.58,--,8,8464,买盘
414,14:34:15,10.58,--,2,2116,买盘
415,14:34:12,10.58,-0.01,208,220064,卖盘
416,14:34:09,10.59,--,70,74130,买盘
417,14:34:03,10.59,--,10,10590,买盘
418,14:33:57,10.59,--,22,23298,买盘
419,14:33:54,10.59,--,4,4236,买盘
420,14:33:51,10.59,--,14,14826,买盘
421,14:33:48,10.59,0.01,25,26475,买盘
422,14:33:42,10.58,-0.01,36,38088,卖盘
423,14:33:39,10.59,0.01,10,10590,买盘
424,14:33:36,10.58,-0.01,100,105800,卖盘
425,14:33:33,10.59,--,36,38124,买盘
426,14:33:30,10.59,--,24,25416,买盘
427,14:33:27,10.59,--,25,26475,买盘
428,14:33:24,10.59,0.01,3,3177,买盘
429,14:33:21,10.58,--,20,21160,卖盘
430,14:33:18,10.58,-0.01,47,49726,卖盘
431,14:33:12,10.59,0.01,16,16944,买盘
432,14:33:09,10.58,-0.01,10,10580,卖盘
433,14:33:03,10.59,--,6,6354,买盘
434,14:33:00,10.59,0.01,222,235098,买盘
435,14:32:51,10.58,--,170,179860,卖盘
436,14:32:48,10.58,-0.01,1,1058,卖盘
437,14:32:45,10.59,0.01,3,3177,买盘
438,14:32:42,10.58,--,26,27508,卖盘
439,14:32:39,10.58,--,10,10580,卖盘
440,14:32:36,10.58,-0.01,50,52900,卖盘
441,14:32:33,10.59,0.01,37,39183,买盘
442,14:32:24,10.58,-0.01,16,16928,卖盘
443,14:32:18,10.59,--,115,121785,卖盘
444,14:32:12,10.59,--,56,59304,卖盘
445,14:32:06,10.59,-0.01,5,5295,卖盘
446,14:32:03,10.6,0.01,15,15900,买盘
447,14:32:00,10.59,-0.01,4,4236,卖盘
448,14:31:57,10.6,--,19,20140,买盘
449,14:31:54,10.6,0.01,40,42400,买盘
450,14:31:51,10.59,-0.01,50,52950,卖盘
451,14:31:45,10.6,--,61,64660,买盘
452,14:31:36,10.6,--,40,42400,买盘
453,14:31:33,10.6,0.01,335,355100,买盘
454,14:31:27,10.59,-0.01,40,42360,卖盘
455,14:31:24,10.6,--,55,58300,买盘
456,14:31:21,10.6,--,11,11660,买盘
457,14:31:18,10.6,0.01,65,68900,买盘
458,14:31:15,10.59,-0.01,14,14826,卖盘
459,14:31:12,10.6,--,135,143100,买盘
460,14:31:06,10.6,--,1,1060,买盘
461,14:31:03,10.6,--,14,14840,买盘
462,14:31:00,10.6,--,5,5300,买盘
463,14:30:57,10.6,--,14,14840,买盘
464,14:30:51,10.6,0.01,33,34980,买盘
465,14:30:48,10.59,-0.01,6,6354,卖盘
466,14:30:45,10.6,--,225,238500,买盘
467,14:30:39,10.6,--,13,13780,买盘
468,14:30:36,10.6,--,300,318000,卖盘
469,14:30:33,10.6,--,19,20140,卖盘
470,14:30:30,10.6,--,12,12720,卖盘
471,14:30:27,10.6,--,54,57240,卖盘
472,14:30:24,10.6,--,7,7420,卖盘
473,14:30:21,10.6,--,25,26500,卖盘
474,14:30:18,10.6,--,14,14840,卖盘
475,14:30:12,10.6,--,5,5300,卖盘
476,14:30:09,10.6,--,24,25440,卖盘
477,14:30:06,10.6,--,79,83740,卖盘
478,14:30:03,10.6,--,274,290440,买盘
479,14:30:00,10.6,0.01,74,78440,买盘
480,14:29:57,10.59,-0.01,11,11649,卖盘
481,14:29:54,10.6,--,61,64660,买盘
482,14:29:45,10.6,--,36,38160,买盘
483,14:29:36,10.6,--,26,27560,买盘
484,14:29:33,10.6,--,37,39220,买盘
485,14:29:30,10.6,--,10,10600,买盘
486,14:29:27,10.6,--,108,114480,卖盘
487,14:29:24,10.6,-0.01,160,169600,卖盘
488,14:29:21,10.61,--,14,14854,买盘
489,14:29:18,10.61,0.01,25,26525,买盘
490,14:29:15,10.6,--,28,29680,卖盘
491,14:29:12,10.6,--,59,62540,卖盘
492,14:29:09,10.6,-0.01,70,74200,卖盘
493,14:29:06,10.61,--,38,40318,买盘
494,14:29:03,10.61,0.01,136,144296,买盘
495,14:29:00,10.6,0.01,443,469580,买盘
496,14:28:57,10.59,--,102,108018,买盘
497,14:28:54,10.59,--,29,30711,卖盘
498,14:28:51,10.59,--,91,96369,卖盘
499,14:28:48,10.59,--,120,127080,卖盘
500,14:28:45,10.59,--,10,10590,卖盘
501,14:28:42,10.59,--,11,11649,卖盘
502,14:28:39,10.59,-0.01,1,1059,卖盘
503,14:28:33,10.6,0.01,17,18020,买盘
504,14:28:27,10.59,--,12,12708,卖盘
505,14:28:18,10.59,--,7,7413,卖盘
506,14:28:15,10.59,-0.01,100,105900,卖盘
507,14:28:12,10.6,--,21,22260,卖盘
508,14:28:09,10.6,--,145,153700,买盘
509,14:28:03,10.6,0.01,28,29680,买盘
510,14:28:00,10.59,-0.01,50,52950,卖盘
511,14:27:57,10.6,--,95,100700,买盘
512,14:27:48,10.6,--,47,49820,买盘
513,14:27:45,10.6,-0.01,7,7420,中性盘
514,14:27:39,10.61,0.01,803,852036,买盘
515,14:27:36,10.6,-0.01,3,3180,卖盘
516,14:27:33,10.61,0.01,187,198407,买盘
517,14:27:30,10.6,-0.01,211,223660,卖盘
518,14:27:27,10.61,0.01,36,38196,买盘
519,14:27:24,10.6,-0.01,416,440960,卖盘
520,14:27:21,10.61,0.01,35,37135,买盘
521,14:27:18,10.6,0.01,353,375187,买盘
522,14:27:15,10.59,--,10,10590,买盘
523,14:27:09,10.59,--,50,52950,买盘
524,14:27:06,10.59,--,21,22239,买盘
525,14:27:03,10.59,--,66,69894,买盘
526,14:26:57,10.59,--,12,12708,卖盘
527,14:26:54,10.59,--,2,2118,卖盘
528,14:26:51,10.59,-0.01,8,8472,买盘
529,14:26:45,10.6,--,54,57240,买盘
530,14:26:42,10.6,--,202,214120,买盘
531,14:26:36,10.6,-0.01,43,45633,卖盘
532,14:26:33,10.61,0.01,44,46684,买盘
533,14:26:30,10.6,-0.01,2,2120,卖盘
534,14:26:24,10.61,--,100,106100,买盘
535,14:26:21,10.61,0.01,91,96551,买盘
536,14:26:18,10.6,-0.01,52,55120,卖盘
537,14:26:15,10.61,--,67,71087,买盘
538,14:26:12,10.61,0.01,969,1028109,买盘
539,14:26:09,10.6,--,11,11660,卖盘
540,14:26:06,10.6,-0.01,31,32860,卖盘
541,14:26:03,10.61,--,6,6366,买盘
542,14:26:00,10.61,--,2552,2707672,买盘
543,14:25:57,10.61,0.01,16,16976,买盘
544,14:25:54,10.6,--,1,1060,卖盘
545,14:25:51,10.6,-0.01,137,146099,卖盘
546,14:25:45,10.61,--,29,30769,卖盘
547,14:25:42,10.61,0.01,327,347127,买盘
548,14:25:36,10.6,-0.01,17,18020,卖盘
549,14:25:33,10.61,0.01,6,6366,买盘
550,14:25:27,10.6,-0.01,23,24380,卖盘
551,14:25:24,10.61,--,7,7427,买盘
552,14:25:21,10.61,0.01,32,33952,买盘
553,14:25:18,10.6,--,1,1060,卖盘
554,14:25:12,10.6,-0.01,99,104940,卖盘
555,14:25:09,10.61,--,132,140052,买盘
556,14:25:06,10.61,--,203,215383,买盘
557,14:25:03,10.61,0.01,6,6366,买盘
558,14:25:00,10.6,-0.01,6,6360,卖盘
559,14:24:57,10.61,0.01,27,28647,买盘
560,14:24:54,10.6,--,20,21200,卖盘
561,14:24:51,10.6,-0.01,30,31800,卖盘
562,14:24:48,10.61,--,46,48806,买盘
563,14:24:45,10.61,--,17,18037,买盘
564,14:24:42,10.61,0.01,12,12732,买盘
565,14:24:39,10.6,--,85,90100,卖盘
566,14:24:36,10.6,-0.01,46,48760,卖盘
567,14:24:33,10.61,--,28,29708,买盘
568,14:24:30,10.61,--,615,652515,买盘
569,14:24:27,10.61,--,1,1061,买盘
570,14:24:24,10.61,--,50,53050,买盘
571,14:24:21,10.61,--,12,12732,买盘
572,14:24:18,10.61,--,35,37135,买盘
573,14:24:15,10.61,0.01,31,32891,买盘
574,14:24:09,10.6,-0.01,50,53000,卖盘
575,14:24:06,10.61,--,110,116710,买盘
576,14:24:03,10.61,--,11,11671,买盘
577,14:23:57,10.61,--,1,1061,买盘
578,14:23:48,10.61,--,11,11671,买盘
579,14:23:45,10.61,--,195,206895,买盘
580,14:23:42,10.61,--,19,20159,买盘
581,14:23:39,10.61,0.01,32,33952,买盘
582,14:23:36,10.6,-0.01,48,50880,卖盘
583,14:23:33,10.61,0.01,173,183553,买盘
584,14:23:30,10.6,--,5,5300,卖盘
585,14:23:27,10.6,-0.01,526,557560,卖盘
586,14:23:18,10.61,--,20,21220,买盘
587,14:23:15,10.61,--,112,118832,买盘
588,14:23:12,10.61,0.01,13,13793,买盘
589,14:23:06,10.6,-0.01,415,439900,卖盘
590,14:23:03,10.61,0.01,6,6366,买盘
591,14:23:00,10.6,-0.01,11,11660,卖盘
592,14:22:57,10.61,0.01,1,1061,买盘
593,14:22:54,10.6,--,51,54060,卖盘
594,14:22:51,10.6,--,461,489667,买盘
595,14:22:45,10.6,--,71,75260,买盘
596,14:22:42,10.6,--,73,77380,买盘
597,14:22:36,10.6,--,5,5300,买盘
598,14:22:33,10.6,0.01,108,114480,买盘
599,14:22:30,10.59,--,30,31770,卖盘
600,14:22:27,10.59,--,99,104841,卖盘
601,14:22:24,10.59,-0.01,9,9531,卖盘
602,14:22:21,10.6,0.01,522,553722,买盘
603,14:22:09,10.59,-0.01,6,7010,卖盘
604,14:22:06,10.6,0.01,47,50138,买盘
605,14:22:03,10.59,-0.01,68,72012,卖盘
606,14:22:00,10.6,0.01,11,11660,买盘
607,14:21:57,10.59,--,537,568683,卖盘
608,14:21:54,10.59,--,4,4236,卖盘
609,14:21:51,10.59,--,14,14826,卖盘
610,14:21:48,10.59,--,17,18003,卖盘
611,14:21:42,10.59,--,25,26559,买盘
612,14:21:39,10.59,0.01,100,105900,买盘
613,14:21:33,10.58,--,6,6348,买盘
614,14:21:30,10.58,-0.01,267,283459,卖盘
615,14:21:27,10.59,--,1,1059,买盘
616,14:21:24,10.59,0.01,1,1059,买盘
617,14:21:21,10.58,--,1010,1068580,卖盘
618,14:21:18,10.58,-0.01,7,7406,卖盘
619,14:21:15,10.59,-0.01,78,82602,中性盘
620,14:21:12,10.6,--,20,21200,买盘
621,14:21:09,10.6,--,116,122960,买盘
622,14:21:06,10.6,--,10,10600,买盘
623,14:21:03,10.6,--,14,14840,买盘
624,14:20:57,10.6,0.01,2,2120,买盘
625,14:20:54,10.59,--,25,26475,卖盘
626,14:20:51,10.59,-0.01,28,29652,卖盘
627,14:20:48,10.6,--,3,3180,买盘
628,14:20:45,10.6,0.01,110,116600,买盘
629,14:20:42,10.59,--,20,21180,卖盘
630,14:20:39,10.59,--,39,41301,卖盘
631,14:20:36,10.59,-0.01,163,172617,卖盘
632,14:20:33,10.6,--,5,5300,买盘
633,14:20:30,10.6,0.01,1,1060,买盘
634,14:20:27,10.59,-0.01,123,130257,卖盘
635,14:20:21,10.6,0.01,595,630700,买盘
636,14:20:18,10.59,--,15,15885,卖盘
637,14:20:15,10.59,--,100,105900,卖盘
638,14:20:09,10.59,-0.01,5,5295,卖盘
639,14:20:06,10.6,--,306,324360,买盘
640,14:20:03,10.6,0.01,6,6360,买盘
641,14:19:57,10.59,--,68,72012,卖盘
642,14:19:51,10.59,--,105,111195,卖盘
643,14:19:48,10.59,0.01,235,248865,买盘
644,14:19:42,10.58,-0.01,110,116380,卖盘
645,14:19:36,10.59,--,11,11649,买盘
646,14:19:33,10.59,--,19,20121,买盘
647,14:19:30,10.59,-0.01,172,182148,卖盘
648,14:19:27,10.6,--,11,11660,买盘
649,14:19:24,10.6,--,7,7420,买盘
650,14:19:21,10.6,--,35,37100,买盘
651,14:19:18,10.6,0.01,410,434600,买盘
652,14:19:15,10.59,-0.01,37,39183,卖盘
653,14:19:09,10.6,--,13,13780,买盘
654,14:19:06,10.6,0.01,40,42400,买盘
655,14:19:03,10.59,--,31,32829,买盘
656,14:18:57,10.59,-0.01,1,1059,中性盘
657,14:18:54,10.6,0.01,49,51940,买盘
658,14:18:51,10.59,-0.01,19,20121,中性盘
659,14:18:48,10.6,0.01,510,540600,买盘
660,14:18:45,10.59,--,2,2118,卖盘
661,14:18:42,10.59,--,47,49773,买盘
662,14:18:36,10.59,--,17,18003,买盘
663,14:18:33,10.59,--,11,11649,卖盘
664,14:18:27,10.59,--,6,6354,买盘
665,14:18:24,10.59,--,3,3177,卖盘
666,14:18:21,10.59,0.01,9,9531,买盘
667,14:18:18,10.58,-0.01,7,7406,卖盘
668,14:18:15,10.59,--,38,40242,卖盘
669,14:18:12,10.59,--,42,44478,卖盘
670,14:18:09,10.59,-0.01,10,10590,卖盘
671,14:18:03,10.6,0.01,310,328600,买盘
672,14:17:57,10.59,-0.01,65,68835,卖盘
673,14:17:54,10.6,0.01,71,75260,买盘
674,14:17:51,10.59,--,11,11649,卖盘
675,14:17:48,10.59,-0.01,5,5295,卖盘
676,14:17:45,10.6,--,102,108120,买盘
677,14:17:33,10.6,0.01,11,11660,买盘
678,14:17:30,10.59,-0.01,10,10590,卖盘
679,14:17:27,10.6,0.01,2,2120,买盘
680,14:17:24,10.59,--,10,10590,卖盘
681,14:17:21,10.59,--,150,158850,卖盘
682,14:17:12,10.59,--,41,43419,卖盘
683,14:17:06,10.59,--,5,5295,卖盘
684,14:17:03,10.59,--,119,126021,买盘
685,14:17:00,10.59,--,224,237216,买盘
686,14:16:57,10.59,0.01,1,1059,买盘
687,14:16:54,10.58,--,2,2116,卖盘
688,14:16:48,10.58,--,3,3174,卖盘
689,14:16:45,10.58,--,19,20102,卖盘
690,14:16:42,10.58,--,7,7406,卖盘
691,14:16:39,10.58,--,307,324890,卖盘
692,14:16:36,10.58,-0.01,30,31740,卖盘
693,14:16:33,10.59,--,7,7413,买盘
694,14:16:30,10.59,0.01,200,211800,买盘
695,14:16:27,10.58,-0.01,3,3174,卖盘
696,14:16:24,10.59,--,16,16944,买盘
697,14:16:21,10.59,0.01,9,9531,买盘
698,14:16:18,10.58,-0.01,4,4232,卖盘
699,14:16:15,10.59,--,124,131316,买盘
700,14:16:12,10.59,0.01,25,26475,买盘
701,14:16:09,10.58,--,15,15870,卖盘
702,14:16:06,10.58,-0.01,158,167164,卖盘
703,14:16:03,10.59,0.01,6,6354,买盘
704,14:16:00,10.58,-0.01,19,20102,卖盘
705,14:15:54,10.59,0.01,36,38124,买盘
706,14:15:51,10.58,-0.01,17,17986,卖盘
707,14:15:45,10.59,--,52,55068,卖盘
708,14:15:42,10.59,--,64,67776,卖盘
709,14:15:39,10.59,--,1,1059,卖盘
710,14:15:36,10.59,--,25,26475,卖盘
711,14:15:33,10.59,--,327,346293,买盘
712,14:15:30,10.59,--,127,134493,买盘
713,14:15:27,10.59,--,1,1059,买盘
714,14:15:24,10.59,--,16,16944,买盘
715,14:15:18,10.59,--,30,31770,买盘
716,14:15:15,10.59,--,21,22239,卖盘
717,14:15:12,10.59,--,24,25416,买盘
718,14:15:09,10.59,--,1,1059,买盘
719,14:15:03,10.59,--,16,16944,买盘
720,14:14:57,10.59,-0.01,4,4236,卖盘
721,14:14:54,10.6,0.02,10,10600,买盘
722,14:14:51,10.58,-0.02,3,3174,卖盘
723,14:14:42,10.6,--,12,12720,买盘
724,14:14:36,10.6,--,21,22260,买盘
725,14:14:33,10.6,0.01,75,79500,买盘
726,14:14:30,10.59,--,23,24357,卖盘
727,14:14:27,10.59,--,140,148260,卖盘
728,14:14:24,10.59,-0.01,3,3177,卖盘
729,14:14:18,10.6,--,1,1060,买盘
730,14:14:15,10.6,0.01,315,333900,买盘
731,14:14:09,10.59,-0.01,45,47655,卖盘
732,14:14:06,10.6,0.01,42,44520,买盘
733,14:14:03,10.59,-0.01,56,59304,卖盘
734,14:13:57,10.6,0.01,1,1060,买盘
735,14:13:51,10.59,--,120,127080,卖盘
736,14:13:48,10.59,--,39,41301,卖盘
737,14:13:42,10.59,--,11,11649,卖盘
738,14:13:36,10.59,-0.01,10,10590,卖盘
739,14:13:33,10.6,--,6,6360,买盘
740,14:13:30,10.6,--,12,12720,买盘
741,14:13:24,10.6,--,7,7420,买盘
742,14:13:21,10.6,--,99,104940,买盘
743,14:13:18,10.6,--,107,113420,买盘
744,14:13:15,10.6,--,21,22260,买盘
745,14:13:12,10.6,--,20,21200,买盘
746,14:13:06,10.6,--,8,8480,买盘
747,14:13:03,10.6,--,25,26500,买盘
748,14:13:00,10.6,--,1,1060,买盘
749,14:12:57,10.6,--,15,15900,买盘
750,14:12:51,10.6,0.01,275,291500,买盘
751,14:12:48,10.59,-0.01,35,37065,卖盘
752,14:12:45,10.6,0.01,293,310580,买盘
753,14:12:42,10.59,-0.01,351,371709,卖盘
754,14:12:39,10.6,--,48,50880,卖盘
755,14:12:33,10.6,0.01,74,78440,买盘
756,14:12:30,10.59,-0.01,95,100605,卖盘
757,14:12:27,10.6,--,20,21200,买盘
758,14:12:24,10.6,--,4,4240,买盘
759,14:12:21,10.6,--,138,146280,买盘
760,14:12:15,10.6,--,40,42400,买盘
761,14:12:12,10.6,--,35,37100,买盘
762,14:12:09,10.6,0.01,5,5300,买盘
763,14:12:06,10.59,-0.01,6,6354,卖盘
764,14:12:03,10.6,--,8,8480,买盘
765,14:11:57,10.6,--,13,13780,买盘
766,14:11:54,10.6,0.01,2,2120,买盘
767,14:11:51,10.59,-0.01,50,52950,卖盘
768,14:11:45,10.6,--,1,1060,买盘
769,14:11:42,10.6,--,17,18020,买盘
770,14:11:39,10.6,0.01,35,37100,买盘
771,14:11:33,10.59,-0.01,211,223449,卖盘
772,14:11:30,10.6,--,6,6360,买盘
773,14:11:24,10.6,--,1,1060,买盘
774,14:11:21,10.6,--,1,1060,买盘
775,14:11:18,10.6,--,39,41340,买盘
776,14:11:15,10.6,0.01,358,379480,买盘
777,14:11:06,10.59,-0.01,100,105900,卖盘
778,14:11:03,10.6,0.01,5,5300,买盘
779,14:11:00,10.59,--,20,21180,卖盘
780,14:10:57,10.59,--,6,6354,卖盘
781,14:10:54,10.59,-0.01,1,1059,卖盘
782,14:10:51,10.6,0.01,16,16960,买盘
783,14:10:48,10.59,-0.01,1,1059,卖盘
784,14:10:45,10.6,--,40,42400,买盘
785,14:10:42,10.6,--,24,25440,买盘
786,14:10:39,10.6,--,24,25440,买盘
787,14:10:36,10.6,--,48,50880,买盘
788,14:10:33,10.6,--,11,11660,买盘
789,14:10:30,10.6,--,1,1060,买盘
790,14:10:21,10.6,0.01,2,2120,买盘
791,14:10:12,10.59,--,1,1059,卖盘
792,14:10:09,10.59,-0.01,8,8472,卖盘
793,14:10:06,10.6,--,15,15900,买盘
794,14:10:03,10.6,--,10,10600,买盘
795,14:10:00,10.6,--,5,5300,买盘
796,14:09:57,10.6,--,10,10600,买盘
797,14:09:54,10.6,0.01,59,62540,买盘
798,14:09:51,10.59,-0.01,64,67776,卖盘
799,14:09:45,10.6,0.01,20,21200,买盘
800,14:09:39,10.59,-0.01,10,10590,卖盘
801,14:09:36,10.6,--,16,16960,买盘
802,14:09:33,10.6,--,9,9540,买盘
803,14:09:27,10.6,--,73,77380,买盘
804,14:09:24,10.6,--,3,3180,买盘
805,14:09:15,10.6,--,1,1060,买盘
806,14:09:12,10.6,--,98,103880,卖盘
807,14:09:09,10.6,-0.01,86,91160,卖盘
808,14:09:03,10.61,0.01,5,5305,买盘
809,14:09:00,10.6,-0.01,22,23320,卖盘
810,14:08:57,10.61,0.01,37,39257,买盘
811,14:08:54,10.6,--,69,73140,卖盘
812,14:08:51,10.6,--,374,396440,卖盘
813,14:08:48,10.6,-0.01,50,53000,卖盘
814,14:08:45,10.61,0.01,101,107161,买盘
815,14:08:36,10.6,-0.01,5,5300,卖盘
816,14:08:33,10.61,--,7,7427,买盘
817,14:08:30,10.61,--,74,78514,买盘
818,14:08:27,10.61,0.01,1,1061,买盘
819,14:08:24,10.6,--,40,42400,卖盘
820,14:08:18,10.6,-0.01,4,4240,卖盘
821,14:08:15,10.61,--,5,5305,买盘
822,14:08:12,10.61,0.01,29,30769,买盘
823,14:08:06,10.6,-0.01,53,56180,卖盘
824,14:08:03,10.61,0.01,6,6366,买盘
825,14:08:00,10.6,--,110,116600,卖盘
826,14:07:57,10.6,--,22,23320,买盘
827,14:07:54,10.6,-0.01,8,8480,买盘
828,14:07:51,10.61,0.02,1010,1071610,买盘
829,14:07:48,10.59,-0.01,2,2118,卖盘
830,14:07:45,10.6,--,43,45580,卖盘
831,14:07:42,10.6,-0.01,212,224720,卖盘
832,14:07:36,10.61,--,100,106100,买盘
833,14:07:33,10.61,--,38,40318,买盘
834,14:07:30,10.61,--,25,26525,买盘
835,14:07:24,10.61,--,702,745702,卖盘
836,14:07:21,10.61,--,21,22281,卖盘
837,14:07:18,10.61,--,35,37135,卖盘
838,14:07:15,10.61,-0.01,79,83819,卖盘
839,14:07:12,10.62,--,40,42480,买盘
840,14:07:09,10.62,--,122,129563,买盘
841,14:07:06,10.62,--,29,30797,买盘
842,14:07:03,10.62,--,13,13805,买盘
843,14:07:00,10.62,0.01,30,31859,买盘
844,14:06:57,10.61,-0.01,44,46684,卖盘
845,14:06:54,10.62,--,100,106199,买盘
846,14:06:51,10.62,--,15,15929,买盘
847,14:06:48,10.62,--,7,7433,买盘
848,14:06:45,10.62,0.01,10,10620,买盘
849,14:06:42,10.61,-0.01,450,477450,卖盘
850,14:06:39,10.62,0.01,14,14867,买盘
851,14:06:36,10.61,-0.01,60,63660,卖盘
852,14:06:33,10.62,--,16,16992,买盘
853,14:06:30,10.62,--,67,71154,买盘
854,14:06:24,10.62,--,83,88146,买盘
855,14:06:18,10.62,--,484,514007,买盘
856,14:06:15,10.62,--,22,23364,买盘
857,14:06:12,10.62,--,20,21240,买盘
858,14:06:06,10.62,--,4,4248,买盘
859,14:06:03,10.62,0.01,21,22302,买盘
860,14:05:57,10.61,--,16,16976,卖盘
861,14:05:54,10.61,0.02,2546,2701486,买盘
862,14:05:51,10.59,--,5,5295,卖盘
863,14:05:48,10.59,--,1,1059,卖盘
864,14:05:45,10.59,--,70,74130,买盘
865,14:05:42,10.59,--,124,131316,买盘
866,14:05:39,10.59,--,729,772011,买盘
867,14:05:36,10.59,--,236,249924,买盘
868,14:05:33,10.59,0.01,650,688350,买盘
869,14:05:30,10.58,--,35,37030,买盘
870,14:05:27,10.58,--,1,1058,买盘
871,14:05:24,10.58,--,10,10580,买盘
872,14:05:21,10.58,0.01,171,180918,买盘
873,14:05:18,10.57,-0.01,88,93016,卖盘
874,14:05:12,10.58,0.01,11,11638,买盘
875,14:05:09,10.57,-0.01,207,218799,卖盘
876,14:05:06,10.58,--,20,21160,买盘
877,14:05:03,10.58,--,35,37030,买盘
878,14:05:00,10.58,--,32,33856,卖盘
879,14:04:57,10.58,0.01,79,83582,买盘
880,14:04:54,10.57,-0.01,107,113099,卖盘
881,14:04:51,10.58,--,81,85698,买盘
882,14:04:45,10.58,--,5,5290,买盘
883,14:04:42,10.58,--,40,42320,买盘
884,14:04:39,10.58,--,12,12696,买盘
885,14:04:36,10.58,--,15,15870,买盘
886,14:04:33,10.58,--,11,11638,买盘
887,14:04:27,10.58,--,1,1058,买盘
888,14:04:24,10.58,--,21,22218,买盘
889,14:04:21,10.58,0.01,255,270107,买盘
890,14:04:15,10.57,--,20,21140,卖盘
891,14:04:12,10.57,--,1,1057,卖盘
892,14:04:09,10.57,-0.01,23,24311,卖盘
893,14:04:06,10.58,--,12,12696,买盘
894,14:04:03,10.58,--,6,6348,买盘
895,14:03:57,10.58,--,13,13754,买盘
896,14:03:54,10.58,--,45,47610,卖盘
897,14:03:51,10.58,-0.01,41,43378,卖盘
898,14:03:48,10.59,0.01,37,39183,买盘
899,14:03:45,10.58,--,11,11638,卖盘
900,14:03:42,10.58,--,13,13754,卖盘
901,14:03:39,10.58,--,11,11638,卖盘
902,14:03:36,10.58,--,37,39146,卖盘
903,14:03:33,10.58,--,23,24334,卖盘
904,14:03:30,10.58,-0.01,108,114264,卖盘
905,14:03:27,10.59,--,19,20121,买盘
906,14:03:24,10.59,0.01,7,7413,买盘
907,14:03:21,10.58,-0.01,381,403098,卖盘
908,14:03:18,10.59,0.01,46,48714,买盘
909,14:03:15,10.58,--,69,73002,卖盘
910,14:03:12,10.58,--,42,44436,卖盘
911,14:03:06,10.58,--,2,2116,卖盘
912,14:03:03,10.58,-0.01,15,15870,卖盘
913,14:03:00,10.59,0.01,35,37065,买盘
914,14:02:57,10.58,-0.01,112,118496,卖盘
915,14:02:51,10.59,--,29,30711,买盘
916,14:02:42,10.59,--,26,27534,买盘
917,14:02:39,10.59,-0.01,111,117549,卖盘
918,14:02:36,10.6,--,11,11660,买盘
919,14:02:33,10.6,--,6,6360,买盘
920,14:02:30,10.6,0.01,13,13780,买盘
921,14:02:27,10.59,--,26,27534,卖盘
922,14:02:21,10.59,-0.01,29,30711,卖盘
923,14:02:18,10.6,0.02,21,22260,买盘
924,14:02:12,10.58,-0.02,8,8464,卖盘
925,14:02:06,10.6,--,835,885100,买盘
926,14:02:03,10.6,0.01,21,22260,买盘
927,14:02:00,10.59,-0.01,148,156732,卖盘
928,14:01:54,10.6,0.01,33,34980,买盘
929,14:01:48,10.59,--,44,46596,买盘
930,14:01:45,10.59,-0.01,5,5295,中性盘
931,14:01:42,10.6,0.01,359,380540,买盘
932,14:01:39,10.59,--,10,10590,卖盘
933,14:01:36,10.59,--,85,90015,卖盘
934,14:01:33,10.59,--,13,13767,卖盘
935,14:01:30,10.59,-0.01,12,12708,卖盘
936,14:01:27,10.6,0.01,16,16960,买盘
937,14:01:24,10.59,--,5,5295,卖盘
938,14:01:21,10.59,-0.01,7,7413,卖盘
939,14:01:18,10.6,0.01,196,207760,买盘
940,14:01:15,10.59,--,64,67776,卖盘
941,14:01:12,10.59,--,24,25416,卖盘
942,14:01:09,10.59,-0.01,40,42360,卖盘
943,14:01:06,10.6,0.01,45,47700,买盘
944,14:01:03,10.59,-0.01,116,122844,卖盘
945,14:01:00,10.6,--,30,31800,买盘
946,14:00:57,10.6,--,15,15900,买盘
947,14:00:51,10.6,--,3,3180,买盘
948,14:00:48,10.6,--,526,557962,卖盘
949,14:00:45,10.6,--,635,673100,卖盘
950,14:00:42,10.6,-0.01,305,323300,卖盘
951,14:00:39,10.61,--,40,42440,买盘
952,14:00:36,10.61,--,34,36074,买盘
953,14:00:33,10.61,--,91,96551,买盘
954,14:00:30,10.61,--,8,8488,买盘
955,14:00:27,10.61,--,24,25464,买盘
956,14:00:24,10.61,--,157,166577,卖盘
957,14:00:21,10.61,--,50,53050,卖盘
958,14:00:18,10.61,--,78,82758,卖盘
959,14:00:15,10.61,-0.01,32,33952,卖盘
960,14:00:12,10.62,0.01,92,97704,买盘
961,14:00:06,10.61,--,138,146418,买盘
962,14:00:03,10.61,--,71,75331,买盘
963,14:00:00,10.61,--,16,16976,买盘
964,13:59:57,10.61,--,12,12732,买盘
965,13:59:54,10.61,--,268,284348,卖盘
966,13:59:51,10.61,--,60,63660,卖盘
967,13:59:48,10.61,--,10,10610,卖盘
968,13:59:39,10.61,--,160,169760,买盘
969,13:59:36,10.61,--,85,90185,买盘
970,13:59:33,10.61,--,40,42440,买盘
971,13:59:30,10.61,--,10,10610,买盘
972,13:59:27,10.61,--,16,16976,买盘
973,13:59:24,10.61,-0.01,302,320422,中性盘
974,13:59:18,10.62,--,31,33176,买盘
975,13:59:15,10.62,--,150,159300,买盘
976,13:59:12,10.62,0.01,54,57347,买盘
977,13:59:09,10.61,--,160,169760,卖盘
978,13:59:06,10.61,-0.01,46,48806,卖盘
979,13:59:03,10.62,0.01,21,22302,买盘
980,13:59:00,10.61,--,30,31830,卖盘
981,13:58:57,10.61,-0.01,60,63660,卖盘
982,13:58:51,10.62,--,84,89208,买盘
983,13:58:45,10.62,--,5,5310,买盘
984,13:58:42,10.62,0.01,22,23364,买盘
985,13:58:39,10.61,--,83,88063,卖盘
986,13:58:36,10.61,--,40,43246,卖盘
987,13:58:33,10.61,--,56,59416,卖盘
988,13:58:30,10.61,--,465,493365,买盘
989,13:58:27,10.61,--,293,310873,买盘
990,13:58:24,10.61,--,3,3183,买盘
991,13:58:21,10.61,--,258,273738,买盘
992,13:58:18,10.61,--,3,3183,买盘
993,13:58:15,10.61,--,61,64721,买盘
994,13:58:12,10.61,--,79,83819,买盘
995,13:58:09,10.61,0.01,192,203712,买盘
996,13:58:06,10.6,-0.01,70,74200,卖盘
997,13:58:03,10.61,--,13,13793,买盘
998,13:58:00,10.61,--,3,3183,买盘
999,13:57:57,10.61,--,230,244030,买盘
1000,13:57:54,10.61,--,9,9549,买盘
1001,13:57:51,10.61,--,38,40318,买盘
1002,13:57:48,10.61,--,25,26525,买盘
1003,13:57:45,10.61,--,5,5305,买盘
1004,13:57:42,10.61,-0.01,136,144296,卖盘
1005,13:57:39,10.62,0.01,427,453473,买盘
1006,13:57:36,10.61,-0.01,21,22281,卖盘
1007,13:57:33,10.62,--,48,50975,买盘
1008,13:57:30,10.62,0.01,46,48852,买盘
1009,13:57:27,10.61,-0.01,45,47745,卖盘
1010,13:57:24,10.62,0.01,187,198593,买盘
1011,13:57:21,10.61,--,31,32891,卖盘
1012,13:57:18,10.61,--,520,551720,卖盘
1013,13:57:15,10.61,--,186,197346,买盘
1014,13:57:12,10.61,--,240,254640,买盘
1015,13:57:09,10.61,--,516,547476,买盘
1016,13:57:06,10.61,--,1012,1073732,买盘
1017,13:57:03,10.61,--,225,239276,买盘
1018,13:57:00,10.61,--,83,88063,买盘
1019,13:56:57,10.61,--,44,46684,买盘
1020,13:56:54,10.61,--,9,9549,买盘
1021,13:56:51,10.61,--,14,14854,买盘
1022,13:56:48,10.61,--,8,8488,买盘
1023,13:56:45,10.61,0.01,56,59416,买盘
1024,13:56:42,10.6,--,442,468520,卖盘
1025,13:56:39,10.6,--,43,45580,卖盘
1026,13:56:36,10.6,-0.01,2,2120,卖盘
1027,13:56:33,10.61,0.01,51,54111,买盘
1028,13:56:30,10.6,--,100,106000,卖盘
1029,13:56:27,10.6,--,723,766486,买盘
1030,13:56:24,10.6,--,20,21200,买盘
1031,13:56:21,10.6,--,111,117660,买盘
1032,13:56:18,10.6,--,30,31800,买盘
1033,13:56:15,10.6,--,95,100700,买盘
1034,13:56:12,10.6,0.01,85,90100,买盘
1035,13:56:09,10.59,-0.02,122,130151,卖盘
1036,13:56:06,10.61,0.01,19,20265,买盘
1037,13:56:03,10.6,--,151,160060,买盘
1038,13:56:00,10.6,--,203,215180,买盘
1039,13:55:57,10.6,--,15,15900,买盘
1040,13:55:54,10.6,--,203,215180,买盘
1041,13:55:51,10.6,0.01,295,312700,买盘
1042,13:55:48,10.59,-0.01,740,783660,卖盘
1043,13:55:45,10.6,--,370,392200,买盘
1044,13:55:42,10.6,--,49,51940,买盘
1045,13:55:39,10.6,--,925,980500,买盘
1046,13:55:36,10.6,--,99,104940,买盘
1047,13:55:33,10.6,--,965,1022900,买盘
1048,13:55:30,10.6,--,11,11660,买盘
1049,13:55:24,10.6,--,100,106000,买盘
1050,13:55:21,10.6,--,77,81620,买盘
1051,13:55:18,10.6,0.01,21,22260,买盘
1052,13:55:15,10.59,--,22,23298,卖盘
1053,13:55:12,10.59,-0.01,55,58245,卖盘
1054,13:55:09,10.6,--,99,104940,买盘
1055,13:55:06,10.6,--,69,73140,买盘
1056,13:55:03,10.6,--,72,76320,买盘
1057,13:55:00,10.6,--,417,442020,买盘
1058,13:54:57,10.6,0.01,178,188680,买盘
1059,13:54:54,10.59,-0.01,5,5295,卖盘
1060,13:54:51,10.6,--,40,42400,买盘
1061,13:54:48,10.6,--,32,33920,买盘
1062,13:54:45,10.6,--,18,19080,买盘
1063,13:54:42,10.6,--,42,44520,买盘
1064,13:54:36,10.6,0.01,200,212000,买盘
1065,13:54:33,10.59,-0.01,976,1033584,卖盘
1066,13:54:30,10.6,--,2,2120,买盘
1067,13:54:27,10.6,0.02,316,334960,买盘
1068,13:54:24,10.58,--,15,15870,卖盘
1069,13:54:21,10.58,--,50,52900,卖盘
1070,13:54:18,10.58,-0.01,52,55016,卖盘
1071,13:54:12,10.59,--,225,238275,买盘
1072,13:54:09,10.59,--,73,77307,买盘
1073,13:54:03,10.59,--,223,236157,买盘
1074,13:54:00,10.59,--,257,272163,买盘
1075,13:53:57,10.59,-0.01,94,99546,卖盘
1076,13:53:54,10.6,0.01,310,328600,买盘
1077,13:53:48,10.59,--,28,29652,买盘
1078,13:53:45,10.59,--,289,306051,卖盘
1079,13:53:42,10.59,--,5,5295,卖盘
1080,13:53:39,10.59,-0.01,90,95310,卖盘
1081,13:53:36,10.6,--,108,114480,买盘
1082,13:53:33,10.6,0.01,5,5300,买盘
1083,13:53:30,10.59,--,120,127080,卖盘
1084,13:53:27,10.59,--,190,201210,卖盘
1085,13:53:24,10.59,-0.01,13,13767,卖盘
1086,13:53:21,10.6,0.01,140,148400,买盘
1087,13:53:18,10.59,--,708,749772,卖盘
1088,13:53:15,10.59,0.01,139,147201,买盘
1089,13:53:12,10.58,-0.01,158,167164,中性盘
1090,13:53:09,10.59,0.01,56,59304,买盘
1091,13:53:06,10.58,-0.02,87,92046,卖盘
1092,13:53:03,10.6,0.01,173,183380,买盘
1093,13:53:00,10.59,--,284,300756,买盘
1094,13:52:57,10.59,--,191,202269,买盘
1095,13:52:54,10.59,0.01,305,322995,买盘
1096,13:52:51,10.58,-0.01,144,152352,卖盘
1097,13:52:48,10.59,--,1143,1210437,买盘
1098,13:52:45,10.59,0.01,173,183207,买盘
1099,13:52:42,10.58,-0.01,110,116380,卖盘
1100,13:52:39,10.59,0.01,1247,1320573,买盘
1101,13:52:36,10.58,-0.01,57,60306,卖盘
1102,13:52:33,10.59,0.01,6,6354,买盘
1103,13:52:30,10.58,0.01,2805,2967690,买盘
1104,13:52:27,10.57,-0.01,20,21140,卖盘
1105,13:52:24,10.58,0.01,30,31740,买盘
1106,13:52:21,10.57,--,247,261079,买盘
1107,13:52:18,10.57,0.01,471,497847,买盘
1108,13:52:15,10.56,-0.01,64,67584,卖盘
1109,13:52:12,10.57,--,76,80332,买盘
1110,13:52:09,10.57,--,70,73990,买盘
1111,13:52:06,10.57,--,514,543298,买盘
1112,13:52:03,10.57,0.01,6,6342,买盘
1113,13:52:00,10.56,-0.01,62,65472,卖盘
1114,13:51:57,10.57,0.01,139,146923,买盘
1115,13:51:51,10.56,-0.01,14,14784,卖盘
1116,13:51:48,10.57,--,13,13741,买盘
1117,13:51:39,10.57,0.01,230,243110,买盘
1118,13:51:36,10.56,-0.01,333,351648,卖盘
1119,13:51:33,10.57,0.01,31,32767,买盘
1120,13:51:30,10.56,--,5,5280,卖盘
1121,13:51:27,10.56,--,80,84480,卖盘
1122,13:51:24,10.56,-0.01,748,789888,中性盘
1123,13:51:21,10.57,0.01,133,140919,买盘
1124,13:51:18,10.56,--,793,838200,买盘
1125,13:51:15,10.56,0.01,119,125664,买盘
1126,13:51:12,10.55,--,120,126600,卖盘
1127,13:51:09,10.55,--,4,4220,卖盘
1128,13:51:06,10.55,-0.01,7,7385,卖盘
1129,13:51:03,10.56,0.01,66,69696,买盘
1130,13:51:00,10.55,--,11,11605,卖盘
1131,13:50:57,10.55,--,22,23210,卖盘
1132,13:50:54,10.55,--,130,137150,卖盘
1133,13:50:51,10.55,--,13,13715,卖盘
1134,13:50:45,10.55,--,240,253200,卖盘
1135,13:50:39,10.55,--,9,9495,卖盘
1136,13:50:33,10.55,-0.01,206,217330,卖盘
1137,13:50:24,10.56,0.01,4,4224,买盘
1138,13:50:18,10.55,--,10,10550,卖盘
1139,13:50:09,10.55,-0.01,77,81235,卖盘
1140,13:50:06,10.56,--,18,19008,买盘
1141,13:50:03,10.56,0.01,35,36960,买盘
1142,13:49:57,10.55,--,56,59080,卖盘
1143,13:49:51,10.55,--,27,28485,卖盘
1144,13:49:42,10.55,-0.01,15,15825,卖盘
1145,13:49:39,10.56,--,20,21120,买盘
1146,13:49:36,10.56,--,35,36960,买盘
1147,13:49:33,10.56,0.01,199,210144,买盘
1148,13:49:27,10.55,-0.01,5,5275,卖盘
1149,13:49:24,10.56,--,15,15840,买盘
1150,13:49:21,10.56,--,4,4224,买盘
1151,13:49:18,10.56,0.01,1,1056,买盘
1152,13:49:15,10.55,--,1,1055,卖盘
1153,13:49:12,10.55,-0.01,20,21100,卖盘
1154,13:49:09,10.56,0.01,9,9504,买盘
1155,13:49:06,10.55,--,14,14770,卖盘
1156,13:49:03,10.55,--,18,18990,卖盘
1157,13:49:00,10.55,--,1,1055,卖盘
1158,13:48:54,10.55,-0.01,491,518595,卖盘
1159,13:48:51,10.56,--,26,27456,买盘
1160,13:48:48,10.56,0.01,100,105600,买盘
1161,13:48:45,10.55,-0.01,103,108665,卖盘
1162,13:48:42,10.56,0.01,14,14784,买盘
1163,13:48:39,10.55,-0.01,20,21100,卖盘
1164,13:48:33,10.56,--,480,506880,买盘
1165,13:48:24,10.56,0.01,20,21120,买盘
1166,13:48:21,10.55,-0.01,41,43255,卖盘
1167,13:48:09,10.56,--,10,10560,买盘
1168,13:48:06,10.56,--,121,127776,买盘
1169,13:48:03,10.56,0.01,5,5280,买盘
1170,13:48:00,10.55,--,2,2110,卖盘
1171,13:47:57,10.55,-0.01,361,380855,卖盘
1172,13:47:45,10.56,0.01,5,5280,买盘
1173,13:47:42,10.55,-0.01,20,21100,卖盘
1174,13:47:33,10.56,0.01,43,45408,买盘
1175,13:47:30,10.55,-0.01,106,111830,卖盘
1176,13:47:27,10.56,--,20,21120,买盘
1177,13:47:21,10.56,0.01,4,4224,买盘
1178,13:47:18,10.55,-0.01,121,127655,卖盘
1179,13:47:15,10.56,0.01,1,1056,买盘
1180,13:47:06,10.55,-0.01,653,688915,卖盘
1181,13:47:03,10.56,--,6,6336,买盘
1182,13:47:00,10.56,--,35,36960,买盘
1183,13:46:54,10.56,--,27,28512,买盘
1184,13:46:48,10.56,--,2,2112,买盘
1185,13:46:45,10.56,--,8,8448,买盘
1186,13:46:42,10.56,--,24,25344,买盘
1187,13:46:39,10.56,--,32,33792,买盘
1188,13:46:36,10.56,0.01,44,46464,买盘
1189,13:46:33,10.55,-0.01,56,59080,卖盘
1190,13:46:30,10.56,0.01,10,10560,买盘
1191,13:46:21,10.55,-0.01,64,67520,卖盘
1192,13:46:18,10.56,--,14,14784,买盘
1193,13:46:15,10.56,--,40,42240,卖盘
1194,13:46:12,10.56,--,30,31680,卖盘
1195,13:46:09,10.56,--,50,52800,卖盘
1196,13:46:03,10.56,--,185,195360,卖盘
1197,13:46:00,10.56,-0.01,28,29568,卖盘
1198,13:45:57,10.57,0.01,205,216685,买盘
1199,13:45:51,10.56,--,11,11616,卖盘
1200,13:45:48,10.56,-0.01,10,10560,卖盘
1201,13:45:42,10.57,0.01,10,10570,买盘
1202,13:45:39,10.56,--,10,10560,卖盘
1203,13:45:33,10.56,--,26,27456,卖盘
1204,13:45:30,10.56,--,2,2112,卖盘
1205,13:45:27,10.56,--,13,13728,中性盘
1206,13:45:21,10.56,--,201,212256,卖盘
1207,13:45:18,10.56,--,53,55968,卖盘
1208,13:45:15,10.56,-0.01,36,38016,卖盘
1209,13:45:09,10.57,0.01,14,14798,买盘
1210,13:45:06,10.56,0.01,90,95040,买盘
1211,13:45:03,10.55,-0.01,65,68575,卖盘
1212,13:44:57,10.56,0.01,2,2112,买盘
1213,13:44:54,10.55,-0.01,15,15825,卖盘
1214,13:44:45,10.56,--,282,297792,买盘
1215,13:44:42,10.56,0.01,11,11616,买盘
1216,13:44:39,10.55,--,12,12660,卖盘
1217,13:44:36,10.55,--,100,105500,卖盘
1218,13:44:33,10.55,-0.01,36,37980,卖盘
1219,13:44:24,10.56,0.01,52,54912,买盘
1220,13:44:21,10.55,--,15,15825,卖盘
1221,13:44:18,10.55,-0.01,59,62245,卖盘
1222,13:44:15,10.56,0.01,3,3168,买盘
1223,13:44:12,10.55,--,60,63300,卖盘
1224,13:44:06,10.55,-0.01,7,7385,卖盘
1225,13:44:03,10.56,--,5,5280,买盘
1226,13:44:00,10.56,--,22,23232,买盘
1227,13:43:57,10.56,--,7,7392,买盘
1228,13:43:54,10.56,--,10,10560,买盘
1229,13:43:51,10.56,--,2,2112,买盘
1230,13:43:48,10.56,0.01,1,1056,买盘
1231,13:43:45,10.55,-0.01,1,1055,卖盘
1232,13:43:33,10.56,--,26,27456,买盘
1233,13:43:30,10.56,0.01,19,20064,买盘
1234,13:43:21,10.55,-0.01,108,113940,卖盘
1235,13:43:15,10.56,0.01,1,1056,买盘
1236,13:43:12,10.55,-0.01,1,1055,卖盘
1237,13:43:06,10.56,--,78,82368,买盘
1238,13:43:03,10.56,--,31,32736,买盘
1239,13:42:54,10.56,0.01,40,42240,买盘
1240,13:42:51,10.55,-0.01,10,10550,卖盘
1241,13:42:48,10.56,0.01,5,5280,买盘
1242,13:42:45,10.55,-0.01,10,10550,卖盘
1243,13:42:42,10.56,--,4,4224,买盘
1244,13:42:36,10.56,--,41,43296,买盘
1245,13:42:33,10.56,--,6,6336,买盘
1246,13:42:30,10.56,--,24,25344,买盘
1247,13:42:24,10.56,--,1,1056,买盘
1248,13:42:21,10.56,0.01,84,88704,买盘
1249,13:42:18,10.55,-0.01,23,24265,卖盘
1250,13:42:09,10.56,--,1,1056,买盘
1251,13:42:06,10.56,--,10,10560,买盘
1252,13:42:03,10.56,0.01,5,5280,买盘
1253,13:42:00,10.55,-0.01,21,22155,卖盘
1254,13:41:57,10.56,--,30,31680,买盘
1255,13:41:54,10.56,--,25,26400,买盘
1256,13:41:45,10.56,-0.01,44,46749,卖盘
1257,13:41:42,10.57,0.01,209,220913,买盘
1258,13:41:39,10.56,--,220,232320,卖盘
1259,13:41:36,10.56,--,226,238656,卖盘
1260,13:41:33,10.56,--,232,244992,卖盘
1261,13:41:30,10.56,-0.01,220,232320,卖盘
1262,13:41:27,10.57,0.01,11,11627,买盘
1263,13:41:24,10.56,-0.01,20,21120,卖盘
1264,13:41:18,10.57,0.01,190,200830,买盘
1265,13:41:15,10.56,-0.01,4,4224,卖盘
1266,13:41:06,10.57,--,14,14798,买盘
1267,13:41:03,10.57,0.01,6,6342,买盘
1268,13:40:57,10.56,-0.01,16,16896,卖盘
1269,13:40:51,10.57,0.01,11,11627,买盘
1270,13:40:42,10.56,-0.01,10,10560,卖盘
1271,13:40:33,10.57,0.01,117,123669,买盘
1272,13:40:27,10.56,--,10,10560,卖盘
1273,13:40:24,10.56,--,11,11616,卖盘
1274,13:40:21,10.56,--,116,123266,买盘
1275,13:40:18,10.56,0.01,100,105600,买盘
1276,13:40:15,10.55,--,21,22155,卖盘
1277,13:40:12,10.55,-0.01,20,21100,卖盘
1278,13:40:09,10.56,--,11,11616,买盘
1279,13:40:03,10.56,--,25,26400,买盘
1280,13:40:00,10.56,0.01,9,9504,买盘
1281,13:39:54,10.55,--,5,5275,卖盘
1282,13:39:51,10.55,-0.01,8,8440,卖盘
1283,13:39:48,10.56,--,20,21120,买盘
1284,13:39:45,10.56,0.01,158,166848,买盘
1285,13:39:42,10.55,--,48,50640,卖盘
1286,13:39:36,10.55,-0.01,10,10550,卖盘
1287,13:39:33,10.56,--,6,6336,买盘
1288,13:39:30,10.56,0.01,4,4224,买盘
1289,13:39:27,10.55,-0.01,13,13715,卖盘
1290,13:39:24,10.56,--,1,1056,买盘
1291,13:39:21,10.56,--,4,4224,买盘
1292,13:39:09,10.56,--,69,73149,卖盘
1293,13:39:06,10.56,-0.01,122,128832,卖盘
1294,13:39:03,10.57,0.01,6,6342,买盘
1295,13:38:54,10.56,--,1,1056,卖盘
1296,13:38:51,10.56,-0.01,20,21120,卖盘
1297,13:38:45,10.57,0.01,98,103586,买盘
1298,13:38:42,10.56,-0.01,44,46464,卖盘
1299,13:38:39,10.57,0.01,41,43337,买盘
1300,13:38:36,10.56,-0.01,5,5280,卖盘
1301,13:38:33,10.57,0.01,82,86674,买盘
1302,13:38:30,10.56,--,20,21120,卖盘
1303,13:38:24,10.56,--,153,161568,卖盘
1304,13:38:21,10.56,-0.01,47,49632,卖盘
1305,13:38:18,10.57,--,1,1057,买盘
1306,13:38:15,10.57,0.01,50,52850,买盘
1307,13:38:12,10.56,--,124,130944,卖盘
1308,13:38:06,10.56,-0.01,69,72864,卖盘
1309,13:38:03,10.57,--,26,27482,买盘
1310,13:38:00,10.57,--,6,6342,买盘
1311,13:37:57,10.57,--,103,108871,买盘
1312,13:37:51,10.57,0.01,42,45165,买盘
1313,13:37:45,10.56,--,26,27456,买盘
1314,13:37:42,10.56,--,18,19008,买盘
1315,13:37:39,10.56,--,46,48576,买盘
1316,13:37:36,10.56,-0.01,151,159667,卖盘
1317,13:37:33,10.57,--,78,82446,买盘
1318,13:37:27,10.57,--,58,61306,买盘
1319,13:37:24,10.57,--,81,85617,买盘
1320,13:37:21,10.57,--,212,224084,买盘
1321,13:37:18,10.57,--,139,146923,买盘
1322,13:37:15,10.57,--,30,31710,买盘
1323,13:37:12,10.57,--,33,34881,买盘
1324,13:37:09,10.57,--,80,84560,买盘
1325,13:37:06,10.57,--,30,31710,买盘
1326,13:37:03,10.57,0.01,6,6342,买盘
1327,13:37:00,10.56,--,2,2112,卖盘
1328,13:36:57,10.56,-0.01,31,32736,卖盘
1329,13:36:54,10.57,--,100,105700,买盘
1330,13:36:51,10.57,0.01,70,73990,买盘
1331,13:36:48,10.56,-0.01,105,110880,卖盘
1332,13:36:45,10.57,0.01,7,7399,买盘
1333,13:36:42,10.56,-0.01,31,32736,卖盘
1334,13:36:39,10.57,--,65,68705,买盘
1335,13:36:36,10.57,0.01,82,86674,买盘
1336,13:36:33,10.56,--,15,15840,卖盘
1337,13:36:30,10.56,-0.01,415,438240,卖盘
1338,13:36:27,10.57,0.01,13,13741,买盘
1339,13:36:24,10.56,--,55,58080,卖盘
1340,13:36:21,10.56,--,167,177196,买盘
1341,13:36:18,10.56,--,65,68640,买盘
1342,13:36:15,10.56,--,101,106656,买盘
1343,13:36:12,10.56,0.01,16,16896,买盘
1344,13:36:09,10.55,--,5,5275,卖盘
1345,13:36:06,10.55,--,110,116050,卖盘
1346,13:36:03,10.55,-0.01,26,27430,卖盘
1347,13:36:00,10.56,0.01,6,6336,买盘
1348,13:35:57,10.55,--,32,33760,卖盘
1349,13:35:54,10.55,-0.01,498,525390,卖盘
1350,13:35:51,10.56,--,2,2112,买盘
1351,13:35:48,10.56,--,394,416064,买盘
1352,13:35:45,10.56,0.01,3,3168,买盘
1353,13:35:42,10.55,-0.01,2,2110,卖盘
1354,13:35:39,10.56,--,80,84480,买盘
1355,13:35:33,10.56,0.01,34,35904,买盘
1356,13:35:30,10.55,-0.01,117,123435,卖盘
1357,13:35:27,10.56,--,99,104544,买盘
1358,13:35:24,10.56,0.01,10,10560,买盘
1359,13:35:21,10.55,--,5,5275,卖盘
1360,13:35:18,10.55,--,59,62245,卖盘
1361,13:35:15,10.55,--,19,20045,卖盘
1362,13:35:12,10.55,--,38,40090,卖盘
1363,13:35:03,10.55,--,1501,1584008,买盘
1364,13:35:00,10.55,--,11,11605,买盘
1365,13:34:54,10.55,--,6,6330,买盘
1366,13:34:48,10.55,--,27,28485,买盘
1367,13:34:45,10.55,0.01,55,58025,买盘
1368,13:34:42,10.54,-0.01,115,121209,卖盘
1369,13:34:39,10.55,--,26,27430,买盘
1370,13:34:36,10.55,--,72,75960,买盘
1371,13:34:33,10.55,0.01,15,15825,买盘
1372,13:34:30,10.54,-0.01,68,71672,卖盘
1373,13:34:27,10.55,--,200,211000,买盘
1374,13:34:24,10.55,--,89,93895,买盘
1375,13:34:12,10.55,0.01,37,39035,买盘
1376,13:34:06,10.54,0.01,60,63239,中性盘
1377,13:34:03,10.53,-0.02,27,28431,卖盘
1378,13:34:00,10.55,--,300,316500,买盘
1379,13:33:57,10.55,--,129,136095,买盘
1380,13:33:51,10.55,0.01,2504,2641720,买盘
1381,13:33:48,10.54,--,120,126479,买盘
1382,13:33:42,10.54,--,592,623968,买盘
1383,13:33:39,10.54,--,279,294424,卖盘
1384,13:33:36,10.54,--,25,26349,卖盘
1385,13:33:33,10.54,--,126,132804,卖盘
1386,13:33:30,10.54,--,65,68510,卖盘
1387,13:33:27,10.54,-0.01,182,192576,卖盘
1388,13:33:24,10.55,0.01,2,2110,买盘
1389,13:33:21,10.54,-0.01,25,26349,卖盘
1390,13:33:18,10.55,--,30,31650,买盘
1391,13:33:03,10.55,--,6,6330,买盘
1392,13:33:00,10.55,0.01,34,35870,买盘
1393,13:32:57,10.54,--,30,31619,卖盘
1394,13:32:54,10.54,--,172,182289,买盘
1395,13:32:51,10.54,--,1,1054,买盘
1396,13:32:48,10.54,0.01,6,6323,买盘
1397,13:32:45,10.53,--,14,14742,卖盘
1398,13:32:42,10.53,-0.01,43,45279,卖盘
1399,13:32:39,10.54,0.01,825,869549,买盘
1400,13:32:36,10.53,-0.01,10,10530,卖盘
1401,13:32:33,10.54,0.01,25,26349,买盘
1402,13:32:30,10.53,-0.01,22,23166,卖盘
1403,13:32:27,10.54,--,21,22134,买盘
1404,13:32:24,10.54,--,2,2108,买盘
1405,13:32:15,10.54,0.01,31,32673,买盘
1406,13:32:12,10.53,--,6,6318,卖盘
1407,13:32:09,10.53,--,1,1053,卖盘
1408,13:32:06,10.53,--,4,4212,卖盘
1409,13:32:03,10.53,--,16,17500,买盘
1410,13:32:00,10.53,0.01,5,5265,买盘
1411,13:31:57,10.52,-0.01,39,41028,卖盘
1412,13:31:54,10.53,-0.01,49,51997,卖盘
1413,13:31:51,10.54,0.01,188,198151,买盘
1414,13:31:48,10.53,--,20,21060,卖盘
1415,13:31:39,10.53,-0.01,25,26325,卖盘
1416,13:31:36,10.54,--,58,61131,买盘
1417,13:31:33,10.54,0.01,14,14755,买盘
1418,13:31:30,10.53,--,10,10530,卖盘
1419,13:31:27,10.53,--,3,3159,卖盘
1420,13:31:21,10.53,--,5,5265,卖盘
1421,13:31:15,10.53,--,5,5265,卖盘
1422,13:31:09,10.53,-0.01,49,51597,卖盘
1423,13:31:06,10.54,0.01,5,5270,买盘
1424,13:31:03,10.53,--,71,74763,卖盘
1425,13:30:57,10.53,--,84,88452,卖盘
1426,13:30:48,10.53,--,5,5265,卖盘
1427,13:30:45,10.53,--,3,3159,卖盘
1428,13:30:42,10.53,--,290,305370,卖盘
1429,13:30:39,10.53,--,1,1053,卖盘
1430,13:30:33,10.53,--,20,21060,卖盘
1431,13:30:27,10.53,--,1,1053,卖盘
1432,13:30:15,10.53,--,2,2106,卖盘
1433,13:30:09,10.53,--,9,10108,卖盘
1434,13:30:06,10.53,-0.01,199,209547,卖盘
1435,13:30:03,10.54,0.01,47,49537,买盘
1436,13:29:57,10.53,--,52,54756,卖盘
1437,13:29:54,10.53,-0.01,3,3159,卖盘
1438,13:29:48,10.54,0.01,1,1054,买盘
1439,13:29:42,10.53,-0.01,878,924534,卖盘
1440,13:29:39,10.54,--,1,1054,买盘
1441,13:29:36,10.54,--,100,105399,买盘
1442,13:29:33,10.54,--,33,34782,买盘
1443,13:29:30,10.54,0.01,5,5270,买盘
1444,13:29:27,10.53,--,20,21060,卖盘
1445,13:29:24,10.53,-0.01,20,21123,卖盘
1446,13:29:18,10.54,0.01,10,10540,买盘
1447,13:29:12,10.53,-0.01,47,49491,卖盘
1448,13:29:09,10.54,0.01,6,6323,买盘
1449,13:29:06,10.53,--,15,15794,卖盘
1450,13:29:03,10.53,-0.01,146,153738,卖盘
1451,13:29:00,10.54,--,1,1054,买盘
1452,13:28:57,10.54,--,35,36890,买盘
1453,13:28:54,10.54,0.01,2,2108,买盘
1454,13:28:45,10.53,-0.01,17,17901,卖盘
1455,13:28:33,10.54,--,5,5270,买盘
1456,13:28:30,10.54,--,411,433193,买盘
1457,13:28:27,10.54,0.01,100,105399,买盘
1458,13:28:21,10.53,-0.01,10,10530,卖盘
1459,13:28:18,10.54,0.01,55,57969,买盘
1460,13:28:12,10.53,--,1,1053,卖盘
1461,13:28:03,10.53,--,19,20007,卖盘
1462,13:28:00,10.53,--,229,241136,卖盘
1463,13:27:57,10.53,-0.01,6,6318,卖盘
1464,13:27:54,10.54,--,300,316200,买盘
1465,13:27:51,10.54,0.01,1,1054,买盘
1466,13:27:48,10.53,--,30,31589,卖盘
1467,13:27:42,10.53,--,574,605432,买盘
1468,13:27:39,10.53,--,321,338013,买盘
1469,13:27:33,10.53,0.01,7,7371,买盘
1470,13:27:30,10.52,-0.01,5,5260,卖盘
1471,13:27:24,10.53,--,10,10530,买盘
1472,13:27:18,10.53,--,82,86346,买盘
1473,13:27:09,10.53,--,10,10530,买盘
1474,13:27:06,10.53,--,62,65285,买盘
1475,13:27:03,10.53,0.01,66,69498,买盘
1476,13:27:00,10.52,-0.01,20,21040,卖盘
1477,13:26:57,10.53,--,91,95823,买盘
1478,13:26:51,10.53,0.01,1,1053,买盘
1479,13:26:48,10.52,--,31,32612,卖盘
1480,13:26:45,10.52,--,2,2104,卖盘
1481,13:26:42,10.52,--,20,21040,卖盘
1482,13:26:36,10.52,-0.01,4,4208,卖盘
1483,13:26:33,10.53,0.01,5,5265,买盘
1484,13:26:30,10.52,--,60,63120,卖盘
1485,13:26:24,10.52,--,11,11572,买盘
1486,13:26:21,10.52,-0.01,69,72588,卖盘
1487,13:26:09,10.53,0.01,1,1053,买盘
1488,13:26:03,10.52,-0.01,39,41028,中性盘
1489,13:25:57,10.53,0.01,70,73710,买盘
1490,13:25:54,10.52,-0.01,362,380824,卖盘
1491,13:25:33,10.53,0.01,6,6318,买盘
1492,13:25:30,10.52,--,15,15780,卖盘
1493,13:25:24,10.52,--,10,10520,卖盘
1494,13:25:21,10.52,--,8,8416,卖盘
1495,13:25:18,10.52,-0.01,30,31560,卖盘
1496,13:25:06,10.53,0.01,1,1053,买盘
1497,13:25:03,10.52,--,20,21040,卖盘
1498,13:24:57,10.52,-0.01,222,233544,卖盘
1499,13:24:54,10.53,--,5,5265,买盘
1500,13:24:51,10.53,0.01,1,1053,买盘
1501,13:24:48,10.52,--,10,10520,卖盘
1502,13:24:42,10.52,-0.01,5,5260,卖盘
1503,13:24:39,10.53,0.01,2,2106,买盘
1504,13:24:36,10.52,-0.01,107,112564,卖盘
1505,13:24:33,10.53,0.01,6,6318,买盘
1506,13:24:30,10.52,--,5,5260,卖盘
1507,13:24:24,10.52,--,53,55756,卖盘
1508,13:24:21,10.52,--,25,26300,卖盘
1509,13:24:12,10.52,-0.01,6,6312,卖盘
1510,13:24:09,10.53,--,25,26325,买盘
1511,13:24:03,10.53,--,49,51597,买盘
1512,13:24:00,10.53,0.01,40,42120,买盘
1513,13:23:54,10.52,--,17,17884,卖盘
1514,13:23:51,10.52,0.01,5,5260,买盘
1515,13:23:45,10.51,-0.02,55,57805,卖盘
1516,13:23:39,10.53,0.01,400,421200,买盘
1517,13:23:33,10.52,--,37,38924,买盘
1518,13:23:30,10.52,--,17,17884,买盘
1519,13:23:27,10.52,0.01,32,33664,买盘
1520,13:23:18,10.51,-0.01,4,4204,卖盘
1521,13:23:15,10.52,--,24,25248,买盘
1522,13:23:09,10.52,--,1,1052,买盘
1523,13:23:03,10.52,0.01,5,5260,买盘
1524,13:22:57,10.51,--,12,12612,卖盘
1525,13:22:54,10.51,--,28,29428,卖盘
1526,13:22:42,10.51,-0.01,8,8408,卖盘
1527,13:22:33,10.52,--,6,6312,买盘
1528,13:22:24,10.52,--,14,14728,买盘
1529,13:22:09,10.52,--,10,10520,买盘
1530,13:22:03,10.52,--,6,6312,买盘
1531,13:21:51,10.52,--,3,3156,买盘
1532,13:21:45,10.52,--,13,14107,卖盘
1533,13:21:42,10.52,--,7,7364,卖盘
1534,13:21:39,10.52,--,39,41028,卖盘
1535,13:21:36,10.52,--,20,21040,卖盘
1536,13:21:33,10.52,--,7,7364,卖盘
1537,13:21:30,10.52,--,10,10520,卖盘
1538,13:21:27,10.52,--,34,35768,卖盘
1539,13:21:24,10.52,--,2,2104,卖盘
1540,13:21:18,10.52,--,21,22092,卖盘
1541,13:21:15,10.52,--,10,10520,卖盘
1542,13:21:06,10.52,--,101,106872,买盘
1543,13:21:03,10.52,0.01,22,23144,买盘
1544,13:21:00,10.51,--,10,10510,卖盘
1545,13:20:57,10.51,-0.01,1,1051,卖盘
1546,13:20:45,10.52,-0.01,10,10520,中性盘
1547,13:20:42,10.53,0.01,10,10530,买盘
1548,13:20:39,10.52,--,25,26300,买盘
1549,13:20:36,10.52,--,5,5260,买盘
1550,13:20:33,10.52,--,6,6312,买盘
1551,13:20:27,10.52,--,2,2104,卖盘
1552,13:20:15,10.52,--,50,52600,卖盘
1553,13:20:12,10.52,-0.01,6,6312,卖盘
1554,13:20:09,10.53,0.01,1,1053,买盘
1555,13:20:06,10.52,--,191,200932,买盘
1556,13:20:03,10.52,-0.01,286,300872,卖盘
1557,13:20:00,10.53,--,54,56862,买盘
1558,13:19:54,10.53,0.01,1,1053,买盘
1559,13:19:51,10.52,-0.01,23,24196,卖盘
1560,13:19:48,10.53,0.01,1,1053,买盘
1561,13:19:36,10.52,-0.01,4,4208,卖盘
1562,13:19:33,10.53,--,6,6318,买盘
1563,13:19:30,10.53,--,78,82134,买盘
1564,13:19:24,10.53,0.01,7,7371,买盘
1565,13:19:21,10.52,-0.01,48,50496,卖盘
1566,13:19:15,10.53,--,1,1053,买盘
1567,13:19:09,10.53,0.01,46,48438,买盘
1568,13:19:06,10.52,-0.01,4,4208,卖盘
1569,13:19:03,10.53,--,11,11583,买盘
1570,13:19:00,10.53,0.01,38,40014,买盘
1571,13:18:57,10.52,-0.01,110,115720,卖盘
1572,13:18:54,10.53,--,15,15794,买盘
1573,13:18:51,10.53,--,12,12636,买盘
1574,13:18:39,10.53,--,7,7371,买盘
1575,13:18:36,10.53,--,11,11583,买盘
1576,13:18:33,10.53,--,26,27378,买盘
1577,13:18:30,10.53,0.01,26,27378,买盘
1578,13:18:27,10.52,-0.01,1,1052,卖盘
1579,13:18:24,10.53,--,5,5265,买盘
1580,13:18:21,10.53,--,5,5265,买盘
1581,13:18:18,10.53,--,34,35802,买盘
1582,13:18:15,10.53,--,21,22113,买盘
1583,13:18:09,10.53,0.01,4,4212,买盘
1584,13:18:03,10.52,--,8,8416,卖盘
1585,13:18:00,10.52,-0.01,87,91524,卖盘
1586,13:17:54,10.53,--,97,102141,买盘
1587,13:17:36,10.53,--,102,107406,买盘
1588,13:17:33,10.53,--,6,6318,买盘
1589,13:17:27,10.53,0.01,25,26325,买盘
1590,13:17:24,10.52,--,27,28404,卖盘
1591,13:17:12,10.52,-0.01,4,4208,卖盘
1592,13:17:06,10.53,0.01,1,1053,买盘
1593,13:17:03,10.52,--,46,48392,买盘
1594,13:17:00,10.52,--,10,10520,买盘
1595,13:16:57,10.52,--,3,3156,买盘
1596,13:16:54,10.52,0.01,1,1052,买盘
1597,13:16:51,10.51,-0.02,1,1051,卖盘
1598,13:16:42,10.53,0.02,74,77922,买盘
1599,13:16:39,10.51,-0.02,46,48346,卖盘
1600,13:16:33,10.53,--,6,6318,买盘
1601,13:16:27,10.53,--,130,136890,买盘
1602,13:16:21,10.53,0.02,102,107406,买盘
1603,13:16:18,10.51,-0.02,375,394125,卖盘
1604,13:16:12,10.53,0.01,17,17901,买盘
1605,13:16:06,10.52,-0.01,82,86264,卖盘
1606,13:16:03,10.53,0.01,100,105300,买盘
1607,13:15:48,10.52,--,40,42080,卖盘
1608,13:15:45,10.52,--,5,5260,卖盘
1609,13:15:39,10.52,--,8,8416,卖盘
1610,13:15:33,10.52,--,18,18936,卖盘
1611,13:15:27,10.52,--,32,33664,卖盘
1612,13:15:21,10.52,-0.01,6,6312,卖盘
1613,13:15:18,10.53,0.01,76,80028,买盘
1614,13:15:15,10.52,-0.01,3,3156,卖盘
1615,13:15:03,10.53,0.01,5,5265,买盘
1616,13:15:00,10.52,0.01,29,30508,买盘
1617,13:14:54,10.51,-0.01,47,49397,卖盘
1618,13:14:51,10.52,0.01,10,10520,买盘
1619,13:14:45,10.51,-0.01,6,6306,卖盘
1620,13:14:42,10.52,--,87,91524,买盘
1621,13:14:36,10.52,--,67,70484,买盘
1622,13:14:33,10.52,0.02,6,6312,买盘
1623,13:14:27,10.5,-0.01,158,165900,卖盘
1624,13:14:24,10.51,--,50,52550,买盘
1625,13:14:06,10.51,--,6,6306,买盘
1626,13:14:03,10.51,--,106,111406,买盘
1627,13:13:57,10.51,-0.01,76,79876,卖盘
1628,13:13:54,10.52,--,6,6312,买盘
1629,13:13:51,10.52,--,20,21040,买盘
1630,13:13:36,10.52,--,5,5260,买盘
1631,13:13:33,10.52,--,6,6312,买盘
1632,13:13:30,10.52,0.01,40,42080,买盘
1633,13:13:27,10.51,--,5,5255,买盘
1634,13:13:24,10.51,-0.01,115,120865,卖盘
1635,13:13:18,10.52,--,23,24196,买盘
1636,13:13:15,10.52,-0.01,68,71536,卖盘
1637,13:13:06,10.53,--,7,7371,买盘
1638,13:13:03,10.53,0.01,201,211653,买盘
1639,13:13:00,10.52,-0.01,56,58912,卖盘
1640,13:12:57,10.53,0.01,5,5265,买盘
1641,13:12:54,10.52,-0.01,122,128344,卖盘
1642,13:12:51,10.53,0.01,51,53703,买盘
1643,13:12:48,10.52,-0.01,310,326120,卖盘
1644,13:12:45,10.53,0.01,30,31589,买盘
1645,13:12:42,10.52,-0.01,134,140968,卖盘
1646,13:12:36,10.53,--,16,16848,买盘
1647,13:12:33,10.53,--,6,6318,买盘
1648,13:12:27,10.53,0.01,10,10530,买盘
1649,13:12:24,10.52,-0.01,152,159904,卖盘
1650,13:12:18,10.53,0.01,75,78975,买盘
1651,13:12:12,10.52,-0.01,10,10520,卖盘
1652,13:12:06,10.53,--,22,23166,买盘
1653,13:12:03,10.53,--,42,44226,买盘
1654,13:11:57,10.53,0.01,10,10530,买盘
1655,13:11:54,10.52,-0.01,175,184100,卖盘
1656,13:11:48,10.53,--,1,1053,买盘
1657,13:11:42,10.53,0.01,130,136890,买盘
1658,13:11:39,10.52,-0.01,20,21040,卖盘
1659,13:11:36,10.53,--,5,5265,买盘
1660,13:11:33,10.53,--,60,63179,买盘
1661,13:11:27,10.53,0.01,4,4212,买盘
1662,13:11:24,10.52,-0.01,132,138864,卖盘
1663,13:11:09,10.53,--,5,5265,买盘
1664,13:11:06,10.53,--,5,5265,买盘
1665,13:11:03,10.53,--,6,6318,买盘
1666,13:11:00,10.53,-0.01,73,76869,卖盘
1667,13:10:54,10.54,0.01,14,14755,买盘
1668,13:10:51,10.53,-0.01,122,128465,卖盘
1669,13:10:45,10.54,0.01,40,42160,买盘
1670,13:10:36,10.53,--,16,16848,卖盘
1671,13:10:33,10.53,--,99,104247,卖盘
1672,13:10:24,10.53,--,10,10530,卖盘
1673,13:10:15,10.53,0.01,27,28431,买盘
1674,13:10:12,10.52,--,2,2104,卖盘
1675,13:10:06,10.52,-0.01,7,7364,卖盘
1676,13:10:03,10.53,--,6,6318,买盘
1677,13:10:00,10.53,--,82,86346,买盘
1678,13:09:57,10.53,--,135,142155,买盘
1679,13:09:51,10.53,--,3,3159,买盘
1680,13:09:48,10.53,--,9,9477,买盘
1681,13:09:45,10.53,--,60,63179,买盘
1682,13:09:42,10.53,--,19,20007,买盘
1683,13:09:39,10.53,--,3,3159,买盘
1684,13:09:36,10.53,--,5,5265,买盘
1685,13:09:33,10.53,--,7,7371,买盘
1686,13:09:27,10.53,--,35,36855,买盘
1687,13:09:24,10.53,0.01,71,74763,买盘
1688,13:09:21,10.52,-0.01,19,19988,卖盘
1689,13:09:18,10.53,--,3,3159,买盘
1690,13:09:15,10.53,--,10,10530,买盘
1691,13:09:12,10.53,--,4,4212,买盘
1692,13:09:09,10.53,--,36,37908,买盘
1693,13:09:06,10.53,--,6,6318,买盘
1694,13:09:03,10.53,--,6,6318,买盘
1695,13:09:00,10.53,--,33,34749,买盘
1696,13:08:57,10.53,--,62,65285,买盘
1697,13:08:54,10.53,--,1,1053,买盘
1698,13:08:51,10.53,--,1,1053,买盘
1699,13:08:48,10.53,0.01,70,73710,买盘
1700,13:08:45,10.52,-0.01,44,46288,卖盘
1701,13:08:42,10.53,0.01,10,10530,买盘
1702,13:08:39,10.52,-0.01,2,2104,卖盘
1703,13:08:36,10.53,--,5,5265,买盘
1704,13:08:33,10.53,0.01,23,24219,买盘
1705,13:08:30,10.52,--,5,5260,卖盘
1706,13:08:24,10.52,-0.01,27,28404,卖盘
1707,13:08:21,10.53,0.01,19,20007,买盘
1708,13:08:15,10.52,--,20,21040,卖盘
1709,13:08:09,10.52,-0.01,32,33664,卖盘
1710,13:08:06,10.53,--,6,6318,买盘
1711,13:08:03,10.53,0.01,6,6318,买盘
1712,13:08:00,10.52,-0.01,10,10520,卖盘
1713,13:07:57,10.53,0.01,57,60020,买盘
1714,13:07:51,10.52,--,6,6312,卖盘
1715,13:07:45,10.52,--,3,3156,卖盘
1716,13:07:36,10.52,-0.01,159,167268,卖盘
1717,13:07:33,10.53,--,108,113724,买盘
1718,13:07:30,10.53,--,20,21060,买盘
1719,13:07:21,10.53,0.01,200,210600,买盘
1720,13:07:12,10.52,--,5,5260,卖盘
1721,13:07:09,10.52,--,130,136760,卖盘
1722,13:07:06,10.52,-0.01,25,26300,卖盘
1723,13:07:03,10.53,--,8,8424,买盘
1724,13:06:39,10.53,--,10,10530,买盘
1725,13:06:36,10.53,--,5,5265,买盘
1726,13:06:33,10.53,--,140,147420,买盘
1727,13:06:24,10.53,--,20,21060,买盘
1728,13:06:09,10.53,--,2,2106,买盘
1729,13:06:06,10.53,0.01,6,6318,买盘
1730,13:06:03,10.52,-0.01,16,16832,卖盘
1731,13:05:54,10.53,0.01,1,1053,买盘
1732,13:05:48,10.52,--,10,10520,卖盘
1733,13:05:42,10.52,--,12,12624,卖盘
1734,13:05:36,10.52,-0.01,8,8416,卖盘
1735,13:05:33,10.53,--,5,5265,买盘
1736,13:05:30,10.53,0.01,20,21060,买盘
1737,13:05:27,10.52,-0.01,95,99940,卖盘
1738,13:05:24,10.53,0.01,28,29484,买盘
1739,13:05:18,10.52,--,22,23144,卖盘
1740,13:05:15,10.52,-0.01,20,21040,卖盘
1741,13:05:06,10.53,--,5,5265,买盘
1742,13:05:03,10.53,0.01,6,6318,买盘
1743,13:05:00,10.52,-0.01,50,52600,卖盘
1744,13:04:51,10.53,0.01,1,1053,中性盘
1745,13:04:45,10.52,-0.02,25,26300,卖盘
1746,13:04:36,10.54,0.02,6,6323,买盘
1747,13:04:33,10.52,--,338,355576,卖盘
1748,13:04:27,10.52,-0.01,8,8416,卖盘
1749,13:04:24,10.53,-0.01,67,70551,卖盘
1750,13:04:21,10.54,0.01,2,2108,买盘
1751,13:04:15,10.53,-0.01,20,21060,卖盘
1752,13:04:06,10.54,--,5,5270,买盘
1753,13:04:03,10.54,0.01,6,6323,买盘
1754,13:04:00,10.53,-0.01,20,21060,卖盘
1755,13:03:57,10.54,--,21,22134,买盘
1756,13:03:54,10.54,0.01,111,116993,买盘
1757,13:03:51,10.53,--,20,21060,卖盘
1758,13:03:48,10.53,--,1,1053,卖盘
1759,13:03:45,10.53,--,10,10530,卖盘
1760,13:03:42,10.53,-0.01,5,5265,卖盘
1761,13:03:39,10.54,0.01,253,266662,买盘
1762,13:03:36,10.53,-0.01,106,111618,卖盘
1763,13:03:33,10.54,0.01,25,26349,买盘
1764,13:03:30,10.53,--,27,28431,卖盘
1765,13:03:27,10.53,-0.01,5,5265,卖盘
1766,13:03:24,10.54,--,20,21080,买盘
1767,13:03:21,10.54,--,8,8432,买盘
1768,13:03:12,10.54,--,50,52699,买盘
1769,13:03:06,10.54,--,10,10540,买盘
1770,13:03:03,10.54,--,26,27403,买盘
1771,13:02:57,10.54,--,24,25295,买盘
1772,13:02:54,10.54,--,40,42160,买盘
1773,13:02:48,10.54,--,38,40052,买盘
1774,13:02:39,10.54,--,21,22134,买盘
1775,13:02:36,10.54,--,207,218177,卖盘
1776,13:02:33,10.54,--,23,24241,卖盘
1777,13:02:21,10.54,-0.01,60,63239,卖盘
1778,13:02:18,10.55,--,2,2110,买盘
1779,13:02:15,10.55,0.01,108,113940,买盘
1780,13:02:06,10.54,-0.01,10,10540,卖盘
1781,13:02:03,10.55,0.01,238,251090,买盘
1782,13:02:00,10.54,--,10,10540,卖盘
1783,13:01:57,10.54,-0.01,73,76942,卖盘
1784,13:01:51,10.55,--,6,6330,买盘
1785,13:01:48,10.55,0.01,11,11605,买盘
1786,13:01:45,10.54,--,189,199205,卖盘
1787,13:01:42,10.54,-0.01,87,91697,卖盘
1788,13:01:36,10.55,--,10,10550,买盘
1789,13:01:33,10.55,--,5,5275,买盘
1790,13:01:30,10.55,0.02,20,21100,买盘
1791,13:01:24,10.53,--,40,42120,卖盘
1792,13:01:18,10.53,-0.02,18,18954,卖盘
1793,13:01:15,10.55,--,7,7385,买盘
1794,13:01:09,10.55,--,35,36925,买盘
1795,13:01:06,10.55,0.01,55,58025,买盘
1796,13:01:03,10.54,0.01,115,121209,中性盘
1797,13:01:00,10.53,--,42,44226,卖盘
1798,13:00:57,10.53,--,2,2106,卖盘
1799,13:00:51,10.53,0.02,2542,2676726,买盘
1800,13:00:45,10.51,-0.01,45,47295,卖盘
1801,13:00:42,10.52,--,1,1052,买盘
1802,13:00:39,10.52,-0.01,19,19988,中性盘
1803,13:00:36,10.53,--,376,395928,买盘
1804,13:00:33,10.53,--,11,11583,买盘
1805,13:00:27,10.53,0.01,48,50544,买盘
1806,13:00:24,10.52,-0.01,81,85212,卖盘
1807,13:00:21,10.53,0.01,7,7371,买盘
1808,13:00:09,10.52,--,64,67328,卖盘
1809,13:00:06,10.52,--,122,128344,卖盘
1810,13:00:03,10.52,0.01,1360,1431572,买盘
1811,13:00:00,10.51,0.01,260,273260,买盘
1812,11:30:00,10.5,--,0,0,买盘
1813,11:29:57,10.5,--,82,86100,买盘
1814,11:29:54,10.5,--,61,64050,买盘
1815,11:29:51,10.5,0.01,89,93450,买盘
1816,11:29:39,10.49,-0.01,6,6294,卖盘
1817,11:29:33,10.5,--,5,5250,买盘
1818,11:29:30,10.5,--,1,1050,买盘
1819,11:29:24,10.5,0.01,10,10500,买盘
1820,11:29:18,10.49,-0.01,60,62940,卖盘
1821,11:29:15,10.5,0.01,150,157500,买盘
1822,11:29:09,10.49,-0.01,20,20980,卖盘
1823,11:29:06,10.5,--,1,1050,买盘
1824,11:29:03,10.5,0.01,5,5250,买盘
1825,11:28:57,10.49,-0.01,22,23078,卖盘
1826,11:28:45,10.5,--,201,211050,买盘
1827,11:28:39,10.5,--,127,133350,买盘
1828,11:28:33,10.5,0.01,10,10500,买盘
1829,11:28:27,10.49,-0.01,6,6294,卖盘
1830,11:28:18,10.5,0.01,20,21000,买盘
1831,11:28:12,10.49,--,5,5245,卖盘
1832,11:28:09,10.49,--,17,17833,卖盘
1833,11:28:06,10.49,-0.01,249,261201,卖盘
1834,11:28:03,10.5,--,5,5250,买盘
1835,11:27:48,10.5,0.01,2,2100,买盘
1836,11:27:45,10.49,-0.01,27,28323,卖盘
1837,11:27:42,10.5,--,4,4200,买盘
1838,11:27:39,10.5,0.01,10,10500,买盘
1839,11:27:36,10.49,-0.01,116,121684,卖盘
1840,11:27:33,10.5,0.01,5,5250,买盘
1841,11:27:21,10.49,--,6,6294,卖盘
1842,11:27:15,10.49,--,4,4196,卖盘
1843,11:27:06,10.49,-0.01,122,127978,卖盘
1844,11:27:03,10.5,--,36,37800,买盘
1845,11:27:00,10.5,0.01,200,210000,买盘
1846,11:26:45,10.49,-0.01,2,2098,卖盘
1847,11:26:39,10.5,0.01,20,21000,买盘
1848,11:26:36,10.49,-0.01,116,121684,卖盘
1849,11:26:33,10.5,--,35,36750,买盘
1850,11:26:30,10.5,--,6,6300,买盘
1851,11:26:24,10.5,0.01,20,21000,买盘
1852,11:26:21,10.49,--,100,104900,卖盘
1853,11:26:03,10.49,--,122,127978,卖盘
1854,11:25:57,10.49,-0.01,5,5245,卖盘
1855,11:25:54,10.5,--,80,84000,买盘
1856,11:25:51,10.5,--,1,1050,买盘
1857,11:25:45,10.5,--,5,5250,买盘
1858,11:25:33,10.5,0.01,121,127050,买盘
1859,11:25:27,10.49,--,2,2098,卖盘
1860,11:25:21,10.49,--,24,25511,买盘
1861,11:25:03,10.49,-0.01,93,98270,卖盘
1862,11:24:54,10.5,--,5,5250,买盘
1863,11:24:39,10.5,0.01,43,45150,买盘
1864,11:24:36,10.49,-0.01,23,24462,卖盘
1865,11:24:33,10.5,0.01,121,127050,买盘
1866,11:24:27,10.49,--,2,2098,卖盘
1867,11:24:18,10.49,-0.01,1,1049,卖盘
1868,11:24:03,10.5,--,122,128100,买盘
1869,11:23:48,10.5,--,8,8662,卖盘
1870,11:23:45,10.5,-0.01,14,14700,卖盘
1871,11:23:39,10.51,0.01,41,43091,买盘
1872,11:23:36,10.5,-0.01,10,10500,卖盘
1873,11:23:33,10.51,0.01,5,5255,买盘
1874,11:23:30,10.5,--,216,226800,卖盘
1875,11:23:24,10.5,--,10,10500,卖盘
1876,11:23:18,10.5,--,3,3150,卖盘
1877,11:23:12,10.5,-0.02,10,10500,卖盘
1878,11:23:09,10.52,0.01,106,111512,买盘
1879,11:23:03,10.51,--,6,6306,买盘
1880,11:23:00,10.51,-0.01,48,50448,卖盘
1881,11:22:54,10.52,0.01,1,1052,买盘
1882,11:22:51,10.51,--,70,73570,卖盘
1883,11:22:48,10.51,-0.01,1,1051,卖盘
1884,11:22:33,10.52,0.01,43,45236,买盘
1885,11:22:30,10.51,--,162,170262,卖盘
1886,11:22:27,10.51,--,12,12612,卖盘
1887,11:22:24,10.51,--,2,2102,卖盘
1888,11:22:18,10.51,--,10,10510,卖盘
1889,11:22:12,10.51,--,164,172364,卖盘
1890,11:22:09,10.51,--,10,10510,卖盘
1891,11:22:06,10.51,-0.01,9,9459,卖盘
1892,11:22:03,10.52,0.01,231,243012,买盘
1893,11:22:00,10.51,--,116,121916,卖盘
1894,11:21:57,10.51,--,6,6306,卖盘
1895,11:21:51,10.51,--,31,32581,卖盘
1896,11:21:45,10.51,--,2,2102,卖盘
1897,11:21:42,10.51,--,55,57805,买盘
1898,11:21:33,10.51,--,5,5255,买盘
1899,11:21:30,10.51,--,117,122967,卖盘
1900,11:21:24,10.51,--,12,12612,卖盘
1901,11:21:21,10.51,--,4,4992,买盘
1902,11:21:18,10.51,--,7,7357,买盘
1903,11:21:12,10.51,--,55,57805,买盘
1904,11:21:03,10.51,--,5,5255,买盘
1905,11:20:57,10.51,--,88,92750,卖盘
1906,11:20:54,10.51,--,3,3153,卖盘
1907,11:20:48,10.51,--,100,105100,卖盘
1908,11:20:45,10.51,-0.01,30,31530,卖盘
1909,11:20:39,10.52,--,100,105200,买盘
1910,11:20:36,10.52,--,111,116772,买盘
1911,11:20:33,10.52,--,5,5260,买盘
1912,11:20:30,10.52,0.01,89,93628,买盘
1913,11:20:27,10.51,-0.01,136,142936,卖盘
1914,11:20:24,10.52,--,9,9468,买盘
1915,11:20:15,10.52,0.01,27,28404,买盘
1916,11:20:06,10.51,-0.01,7,7357,卖盘
1917,11:20:03,10.52,--,5,5260,买盘
1918,11:20:00,10.52,--,65,68380,买盘
1919,11:19:51,10.52,--,89,93628,卖盘
1920,11:19:48,10.52,--,10,10520,卖盘
1921,11:19:39,10.52,--,105,110460,卖盘
1922,11:19:36,10.52,-0.01,206,216712,卖盘
1923,11:19:33,10.53,0.01,32,33696,买盘
1924,11:19:30,10.52,-0.01,15,15780,卖盘
1925,11:19:27,10.53,--,219,230607,买盘
1926,11:19:24,10.53,0.01,25,26325,买盘
1927,11:19:21,10.52,--,20,21040,卖盘
1928,11:19:18,10.52,-0.01,10,10520,卖盘
1929,11:19:12,10.53,0.01,223,234819,买盘
1930,11:19:09,10.52,--,26,27352,卖盘
1931,11:19:06,10.52,--,79,83108,卖盘
1932,11:19:03,10.52,0.01,1025,1078300,买盘
1933,11:19:00,10.51,-0.01,155,162905,卖盘
1934,11:18:57,10.52,0.01,263,276676,买盘
1935,11:18:54,10.51,--,32,33632,卖盘
1936,11:18:51,10.51,--,245,257495,卖盘
1937,11:18:48,10.51,-0.01,9,9459,卖盘
1938,11:18:45,10.52,--,3,3156,买盘
1939,11:18:42,10.52,0.01,1,1052,买盘
1940,11:18:39,10.51,--,110,115610,卖盘
1941,11:18:36,10.51,-0.01,44,46244,卖盘
1942,11:18:33,10.52,0.01,41,43132,买盘
1943,11:18:30,10.51,--,72,75672,卖盘
1944,11:18:27,10.51,--,24,25224,卖盘
1945,11:18:24,10.51,-0.01,137,143987,卖盘
1946,11:18:18,10.52,--,12,12624,买盘
1947,11:18:15,10.52,--,760,799520,买盘
1948,11:18:12,10.52,0.01,440,462880,买盘
1949,11:18:09,10.51,-0.01,45,47295,卖盘
1950,11:18:06,10.52,--,25,26300,买盘
1951,11:18:03,10.52,0.01,113,118876,买盘
1952,11:18:00,10.51,-0.01,109,114559,卖盘
1953,11:17:57,10.52,--,50,52600,买盘
1954,11:17:54,10.52,--,71,74692,买盘
1955,11:17:51,10.52,--,180,189360,买盘
1956,11:17:48,10.52,--,5,5260,买盘
1957,11:17:45,10.52,--,136,143072,买盘
1958,11:17:42,10.52,0.01,152,159904,买盘
1959,11:17:36,10.51,-0.01,30,31530,卖盘
1960,11:17:33,10.52,0.01,25,26300,买盘
1961,11:17:24,10.51,--,1184,1245172,买盘
1962,11:17:21,10.51,--,30,31530,买盘
1963,11:17:09,10.51,0.01,13,13663,买盘
1964,11:17:03,10.5,--,86,90300,卖盘
1965,11:17:00,10.5,--,10,10500,卖盘
1966,11:16:54,10.5,--,118,123900,买盘
1967,11:16:51,10.5,--,81,85050,买盘
1968,11:16:48,10.5,--,3,3150,买盘
1969,11:16:45,10.5,--,500,525000,买盘
1970,11:16:42,10.5,--,218,228900,卖盘
1971,11:16:39,10.5,-0.01,88,92400,卖盘
1972,11:16:33,10.51,0.01,5,5255,买盘
1973,11:16:30,10.5,-0.01,10,10500,卖盘
1974,11:16:27,10.51,0.01,3,3153,买盘
1975,11:16:21,10.5,--,10,10500,卖盘
1976,11:16:15,10.5,-0.01,9,9450,卖盘
1977,11:16:09,10.51,--,10,10510,买盘
1978,11:16:06,10.51,--,32,33632,买盘
1979,11:16:03,10.51,0.01,15,15765,买盘
1980,11:15:57,10.5,--,49,51450,卖盘
1981,11:15:51,10.5,0.01,4,4200,买盘
1982,11:15:48,10.49,-0.01,715,750035,卖盘
1983,11:15:42,10.5,0.01,17,17850,买盘
1984,11:15:39,10.49,-0.01,261,273789,卖盘
1985,11:15:36,10.5,--,1200,1260000,买盘
1986,11:15:33,10.5,--,5,5250,买盘
1987,11:15:30,10.5,--,63,66150,买盘
1988,11:15:21,10.5,--,20,21000,买盘
1989,11:15:18,10.5,--,4,4200,买盘
1990,11:15:15,10.5,--,1,1050,买盘
1991,11:15:12,10.5,0.01,11,11550,买盘
1992,11:15:09,10.49,-0.01,5,5245,卖盘
1993,11:15:06,10.5,--,77,80850,买盘
1994,11:15:03,10.5,--,16,16800,买盘
1995,11:15:00,10.5,--,2,2100,买盘
1996,11:14:54,10.5,0.01,201,211050,买盘
1997,11:14:51,10.49,--,3,3147,卖盘
1998,11:14:45,10.49,--,210,220290,卖盘
1999,11:14:36,10.49,-0.01,20,20980,卖盘
2000,11:14:33,10.5,--,25,26250,买盘
2001,11:14:30,10.5,--,5,5250,买盘
2002,11:14:27,10.5,--,15,15750,买盘
2003,11:14:21,10.5,0.01,83,87150,买盘
2004,11:14:18,10.49,-0.01,10,10490,卖盘
2005,11:14:15,10.5,--,400,420000,买盘
2006,11:14:12,10.5,--,1,1050,买盘
2007,11:14:09,10.5,--,22,23100,买盘
2008,11:14:03,10.5,--,19,20380,买盘
2009,11:14:00,10.5,0.01,36,37800,买盘
2010,11:13:54,10.49,0.01,1907,2001429,买盘
2011,11:13:36,10.48,--,19,19912,买盘
2012,11:13:33,10.48,0.01,17,17816,买盘
2013,11:13:30,10.47,--,1,1047,卖盘
2014,11:13:27,10.47,--,19,19893,卖盘
2015,11:13:12,10.47,-0.01,23,24081,卖盘
2016,11:13:09,10.48,--,3,3144,买盘
2017,11:13:03,10.48,--,13,13624,买盘
2018,11:13:00,10.48,--,18,18864,买盘
2019,11:12:54,10.48,--,8,8384,买盘
2020,11:12:36,10.48,--,15,16474,卖盘
2021,11:12:33,10.48,--,38,39824,卖盘
2022,11:12:30,10.48,--,7,7336,卖盘
2023,11:12:27,10.48,--,80,83840,卖盘
2024,11:12:24,10.48,--,1,1048,卖盘
2025,11:12:21,10.48,-0.01,4,4192,卖盘
2026,11:12:09,10.49,0.01,5,5245,买盘
2027,11:12:06,10.48,-0.01,630,660240,卖盘
2028,11:12:03,10.49,0.01,14,14686,买盘
2029,11:12:00,10.48,-0.01,60,62880,卖盘
2030,11:11:54,10.49,--,10,10490,买盘
2031,11:11:51,10.49,--,1,1049,买盘
2032,11:11:42,10.49,0.01,1,1049,买盘
2033,11:11:39,10.48,--,5,5240,卖盘
2034,11:11:36,10.48,-0.01,150,157200,卖盘
2035,11:11:33,10.49,0.01,42,44058,买盘
2036,11:11:30,10.48,-0.01,10,10480,卖盘
2037,11:11:24,10.49,--,2,2098,买盘
2038,11:11:21,10.49,--,15,15735,买盘
2039,11:11:15,10.49,--,10,10490,买盘
2040,11:11:12,10.49,--,13,13637,买盘
2041,11:11:09,10.49,--,1,1049,买盘
2042,11:11:03,10.49,0.01,13,13637,买盘
2043,11:11:00,10.48,--,23,24104,卖盘
2044,11:10:54,10.48,--,27,28589,买盘
2045,11:10:48,10.48,0.01,226,236848,买盘
2046,11:10:42,10.47,--,804,841788,卖盘
2047,11:10:39,10.47,--,1,1047,卖盘
2048,11:10:36,10.47,-0.01,10,10470,卖盘
2049,11:10:33,10.48,--,6,6288,买盘
2050,11:10:30,10.48,0.01,480,503040,买盘
2051,11:10:24,10.47,--,1,1047,卖盘
2052,11:10:18,10.47,--,2,2094,卖盘
2053,11:10:15,10.47,--,83,86901,卖盘
2054,11:10:12,10.47,--,1,1047,卖盘
2055,11:10:09,10.47,--,28,29316,卖盘
2056,11:10:06,10.47,-0.01,4,4188,卖盘
2057,11:10:03,10.48,--,163,170824,买盘
2058,11:09:48,10.48,--,1,1048,买盘
2059,11:09:33,10.48,--,5,5240,买盘
2060,11:09:27,10.48,0.01,150,157200,买盘
2061,11:09:21,10.47,--,20,20940,卖盘
2062,11:09:18,10.47,-0.01,110,115170,卖盘
2063,11:09:12,10.48,0.01,5,5240,买盘
2064,11:09:09,10.47,-0.01,1,1047,卖盘
2065,11:09:06,10.48,--,11,11528,买盘
2066,11:09:03,10.48,--,5,5240,买盘
2067,11:09:00,10.48,0.01,11,11528,买盘
2068,11:08:48,10.47,-0.01,10,10470,卖盘
2069,11:08:42,10.48,0.01,9,9432,买盘
2070,11:08:39,10.47,-0.01,2,2094,卖盘
2071,11:08:33,10.48,--,5,5240,买盘
2072,11:08:30,10.48,0.01,175,183400,买盘
2073,11:08:24,10.47,--,40,41880,卖盘
2074,11:08:09,10.47,--,100,104700,卖盘
2075,11:08:06,10.47,--,96,100512,买盘
2076,11:08:03,10.47,--,35,36645,买盘
2077,11:07:57,10.47,--,100,104700,买盘
2078,11:07:54,10.47,--,3,3141,买盘
2079,11:07:45,10.47,0.01,50,52350,买盘
2080,11:07:42,10.46,-0.01,10,10460,卖盘
2081,11:07:39,10.47,--,10,10470,买盘
2082,11:07:33,10.47,0.01,55,57585,买盘
2083,11:07:27,10.46,--,20,20920,卖盘
2084,11:07:24,10.46,-0.01,143,149578,卖盘
2085,11:07:21,10.47,--,42,43974,买盘
2086,11:07:12,10.47,--,219,229293,买盘
2087,11:07:03,10.47,0.01,15,15705,买盘
2088,11:07:00,10.46,0.01,17,17782,买盘
2089,11:06:54,10.45,-0.01,20,20900,卖盘
2090,11:06:51,10.46,--,7,7322,买盘
2091,11:06:48,10.46,--,29,30334,买盘
2092,11:06:39,10.46,--,56,58576,买盘
2093,11:06:36,10.46,--,10,10460,买盘
2094,11:06:33,10.46,--,85,88910,买盘
2095,11:06:21,10.46,--,10,10460,买盘
2096,11:06:15,10.46,-0.01,207,216522,卖盘
2097,11:06:12,10.47,--,60,62820,买盘
2098,11:06:09,10.47,--,15,15705,买盘
2099,11:06:03,10.47,--,6,6282,买盘
2100,11:06:00,10.47,--,5,5235,买盘
2101,11:05:57,10.47,--,16,16752,买盘
2102,11:05:45,10.47,--,3,3141,买盘
2103,11:05:36,10.47,--,35,36645,买盘
2104,11:05:33,10.47,0.01,33,34551,买盘
2105,11:05:30,10.46,--,34,35564,买盘
2106,11:05:24,10.46,--,10,10460,买盘
2107,11:05:21,10.46,-0.01,337,352502,卖盘
2108,11:05:15,10.47,--,10,10470,买盘
2109,11:05:06,10.47,--,18,18846,买盘
2110,11:05:03,10.47,--,5,5235,买盘
2111,11:04:48,10.47,--,154,161238,买盘
2112,11:04:33,10.47,--,5,5235,买盘
2113,11:04:27,10.47,--,8,8376,买盘
2114,11:04:21,10.47,0.01,300,314100,买盘
2115,11:04:18,10.46,--,65,67990,买盘
2116,11:04:15,10.46,--,10,10460,买盘
2117,11:04:12,10.46,--,5,5230,买盘
2118,11:04:06,10.46,-0.01,69,72174,卖盘
2119,11:04:03,10.47,0.01,5,5235,买盘
2120,11:03:57,10.46,--,2,2092,卖盘
2121,11:03:54,10.46,--,2,2092,卖盘
2122,11:03:51,10.46,-0.01,6,6276,卖盘
2123,11:03:48,10.47,0.01,11,11517,买盘
2124,11:03:45,10.46,--,26,27196,买盘
2125,11:03:33,10.46,--,5,5230,买盘
2126,11:03:21,10.46,0.01,2,2092,买盘
2127,11:03:18,10.45,-0.01,39,40755,卖盘
2128,11:03:15,10.46,--,5,5230,买盘
2129,11:03:09,10.46,--,20,20920,买盘
2130,11:03:03,10.46,0.01,5,5230,买盘
2131,11:02:57,10.45,--,3,3135,卖盘
2132,11:02:54,10.45,--,5,5225,卖盘
2133,11:02:45,10.45,-0.01,200,209000,卖盘
2134,11:02:33,10.46,--,15,15690,买盘
2135,11:02:21,10.46,--,30,31380,卖盘
2136,11:02:09,10.46,--,50,52300,卖盘
2137,11:02:06,10.46,--,183,191418,买盘
2138,11:02:03,10.46,--,5,5230,买盘
2139,11:01:57,10.46,--,30,31380,买盘
2140,11:01:51,10.46,--,1,1046,买盘
2141,11:01:33,10.46,0.01,6,6276,买盘
2142,11:01:27,10.45,-0.01,10,10450,卖盘
2143,11:01:24,10.46,0.01,26,27196,买盘
2144,11:01:21,10.45,-0.01,7,7314,卖盘
2145,11:01:15,10.46,0.01,12,12552,买盘
2146,11:01:06,10.45,-0.01,27,28214,卖盘
2147,11:01:03,10.46,--,5,5230,买盘
2148,11:01:00,10.46,--,3,3138,买盘
2149,11:00:54,10.46,--,94,98324,卖盘
2150,11:00:51,10.46,--,5,5230,卖盘
2151,11:00:48,10.46,--,104,108784,卖盘
2152,11:00:36,10.46,-0.01,30,31380,卖盘
2153,11:00:33,10.47,--,5,5235,买盘
2154,11:00:24,10.47,0.01,4,4188,买盘
2155,11:00:18,10.46,--,5,5230,卖盘
2156,11:00:12,10.46,-0.01,4,4184,卖盘
2157,11:00:06,10.47,--,25,26175,买盘
2158,11:00:03,10.47,--,5,5235,买盘
2159,10:59:57,10.47,0.01,1,1047,买盘
2160,10:59:39,10.46,--,2,2092,卖盘
2161,10:59:36,10.46,-0.01,4,4184,卖盘
2162,10:59:33,10.47,0.01,54,56538,买盘
2163,10:59:18,10.46,--,7,7322,卖盘
2164,10:59:15,10.46,--,14,14644,卖盘
2165,10:59:09,10.46,--,10,10460,卖盘
2166,10:59:06,10.46,-0.01,4,4184,卖盘
2167,10:59:03,10.47,--,5,5235,买盘
2168,10:59:00,10.47,0.01,4,4188,买盘
2169,10:58:57,10.46,--,2,2092,卖盘
2170,10:58:51,10.46,-0.01,58,60668,卖盘
2171,10:58:48,10.47,--,1,1047,买盘
2172,10:58:45,10.47,0.01,47,49209,买盘
2173,10:58:42,10.46,-0.01,446,466516,卖盘
2174,10:58:39,10.47,--,5,5235,买盘
2175,10:58:33,10.47,--,5,5235,买盘
2176,10:58:30,10.47,--,12,12564,买盘
2177,10:58:18,10.47,--,66,69102,买盘
2178,10:58:15,10.47,--,6,6282,买盘
2179,10:58:09,10.47,0.01,15,15705,买盘
2180,10:58:06,10.46,-0.01,14,14644,卖盘
2181,10:58:03,10.47,--,5,5235,买盘
2182,10:57:54,10.47,--,15,15705,买盘
2183,10:57:51,10.47,--,52,54444,买盘
2184,10:57:48,10.47,--,10,10470,买盘
2185,10:57:42,10.47,--,37,38739,买盘
2186,10:57:39,10.47,--,160,167520,买盘
2187,10:57:36,10.47,-0.01,18,18846,卖盘
2188,10:57:33,10.48,0.01,5,5240,买盘
2189,10:57:30,10.47,0.01,1,1047,卖盘
2190,10:57:18,10.46,-0.02,200,209200,卖盘
2191,10:57:15,10.48,0.01,5,5240,买盘
2192,10:57:12,10.47,--,1,1047,卖盘
2193,10:57:06,10.47,--,207,216729,买盘
2194,10:57:03,10.47,--,16,16752,买盘
2195,10:57:00,10.47,--,232,242904,买盘
2196,10:56:57,10.47,0.01,1,1047,买盘
2197,10:56:51,10.46,-0.01,4,4184,卖盘
2198,10:56:48,10.47,0.01,23,24081,买盘
2199,10:56:45,10.46,-0.01,2,2092,卖盘
2200,10:56:42,10.47,0.01,9,9423,买盘
2201,10:56:39,10.46,--,1,1046,卖盘
2202,10:56:36,10.46,-0.01,2,2092,卖盘
2203,10:56:33,10.47,0.01,5,5235,买盘
2204,10:56:27,10.46,-0.01,24,25104,卖盘
2205,10:56:24,10.47,--,1,1047,买盘
2206,10:56:18,10.47,0.01,10,10470,买盘
2207,10:56:12,10.46,-0.01,5,5230,卖盘
2208,10:56:09,10.47,--,2,2094,买盘
2209,10:56:03,10.47,--,5,5235,买盘
2210,10:56:00,10.47,--,1,1047,买盘
2211,10:55:54,10.47,0.01,4,4188,买盘
2212,10:55:51,10.46,-0.01,10,10460,卖盘
2213,10:55:45,10.47,--,47,49209,买盘
2214,10:55:36,10.47,0.01,101,105747,买盘
2215,10:55:33,10.46,-0.01,125,130750,卖盘
2216,10:55:27,10.47,0.01,10,10470,买盘
2217,10:55:24,10.46,--,360,376560,卖盘
2218,10:55:21,10.46,-0.01,5,5230,卖盘
2219,10:55:18,10.47,0.01,9,9423,买盘
2220,10:55:12,10.46,-0.01,4,4184,卖盘
2221,10:55:09,10.47,0.01,10,10470,买盘
2222,10:55:06,10.46,-0.01,3,3138,卖盘
2223,10:55:03,10.47,0.01,35,36645,买盘
2224,10:55:00,10.46,-0.01,30,31380,卖盘
2225,10:54:48,10.47,--,11,11517,买盘
2226,10:54:45,10.47,--,2,2094,买盘
2227,10:54:42,10.47,0.01,1,1047,买盘
2228,10:54:36,10.46,-0.01,4,4184,卖盘
2229,10:54:33,10.47,--,5,5235,买盘
2230,10:54:30,10.47,--,7,7329,买盘
2231,10:54:21,10.47,0.01,3,3141,买盘
2232,10:54:09,10.46,--,200,209200,卖盘
2233,10:54:06,10.46,-0.01,4,4184,卖盘
2234,10:54:03,10.47,0.01,5,5235,买盘
2235,10:53:57,10.46,-0.01,12,12552,卖盘
2236,10:53:54,10.47,--,3,3141,买盘
2237,10:53:51,10.47,--,57,59679,买盘
2238,10:53:45,10.47,0.01,102,106794,买盘
2239,10:53:39,10.46,-0.01,2,2092,卖盘
2240,10:53:36,10.47,--,201,210447,买盘
2241,10:53:33,10.47,--,9,9423,买盘
2242,10:53:30,10.47,--,49,51303,买盘
2243,10:53:24,10.47,--,20,20940,买盘
2244,10:53:21,10.47,0.01,1,1047,买盘
2245,10:53:15,10.46,--,15,15690,卖盘
2246,10:53:12,10.46,-0.01,1,1046,卖盘
2247,10:53:03,10.47,--,14,14658,买盘
2248,10:53:00,10.47,0.01,9,9423,买盘
2249,10:52:51,10.46,--,7,7322,卖盘
2250,10:52:48,10.46,-0.01,1,1046,卖盘
2251,10:52:42,10.47,--,2,2094,买盘
2252,10:52:39,10.47,--,200,209400,买盘
2253,10:52:36,10.47,0.01,40,41880,买盘
2254,10:52:33,10.46,--,18,18828,卖盘
2255,10:52:30,10.46,--,9,9414,卖盘
2256,10:52:21,10.46,-0.01,29,30334,卖盘
2257,10:52:15,10.47,0.01,9,9423,买盘
2258,10:52:12,10.46,--,2,2092,卖盘
2259,10:52:09,10.46,-0.01,1,1046,卖盘
2260,10:52:06,10.47,--,2,2094,买盘
2261,10:52:03,10.47,--,48,50256,买盘
2262,10:51:54,10.47,0.01,5,5235,买盘
2263,10:51:51,10.46,-0.01,7,7322,卖盘
2264,10:51:45,10.47,0.01,82,85854,买盘
2265,10:51:39,10.46,--,15,15690,卖盘
2266,10:51:36,10.46,--,188,196648,买盘
2267,10:51:33,10.46,--,5,5230,买盘
2268,10:51:30,10.46,--,8,8368,买盘
2269,10:51:27,10.46,--,33,34518,买盘
2270,10:51:24,10.46,0.01,3,3138,买盘
2271,10:51:18,10.45,-0.01,10,10450,卖盘
2272,10:51:12,10.46,--,110,115060,买盘
2273,10:51:03,10.46,--,5,5230,买盘
2274,10:51:00,10.46,0.01,117,122382,买盘
2275,10:50:57,10.45,-0.01,16,16720,卖盘
2276,10:50:54,10.46,--,1,1046,买盘
2277,10:50:51,10.46,0.01,101,105646,买盘
2278,10:50:48,10.45,-0.01,4,4180,卖盘
2279,10:50:36,10.46,--,1,1046,买盘
2280,10:50:33,10.46,--,5,5230,买盘
2281,10:50:24,10.46,--,50,52300,买盘
2282,10:50:18,10.46,0.01,1,1046,中性盘
2283,10:50:06,10.45,-0.02,1,1045,卖盘
2284,10:50:03,10.47,--,5,5235,买盘
2285,10:49:48,10.47,--,3,3141,买盘
2286,10:49:45,10.47,--,35,36645,买盘
2287,10:49:42,10.47,0.01,103,107841,买盘
2288,10:49:39,10.46,-0.01,110,115060,卖盘
2289,10:49:33,10.47,0.01,9,9423,买盘
2290,10:49:27,10.46,-0.01,6,6276,卖盘
2291,10:49:06,10.47,--,60,62820,买盘
2292,10:49:03,10.47,--,214,224058,买盘
2293,10:48:54,10.47,--,44,46068,买盘
2294,10:48:51,10.47,0.01,7,7329,买盘
2295,10:48:48,10.46,-0.01,44,46024,卖盘
2296,10:48:33,10.47,0.01,5,5235,买盘
2297,10:48:30,10.46,--,25,26150,卖盘
2298,10:48:27,10.46,--,1,1046,卖盘
2299,10:48:24,10.46,-0.01,40,41840,卖盘
2300,10:48:21,10.47,--,2,2094,买盘
2301,10:48:18,10.47,0.01,295,308865,买盘
2302,10:48:06,10.46,-0.01,100,104600,卖盘
2303,10:48:03,10.47,--,48,50256,买盘
2304,10:48:00,10.47,0.01,6,6282,买盘
2305,10:47:57,10.46,-0.01,10,10460,卖盘
2306,10:47:54,10.47,0.01,2,2094,买盘
2307,10:47:45,10.46,--,215,224890,卖盘
2308,10:47:42,10.46,--,7,7322,卖盘
2309,10:47:39,10.46,--,200,209200,卖盘
2310,10:47:36,10.46,--,7,7322,卖盘
2311,10:47:33,10.46,-0.01,15,15690,卖盘
2312,10:47:24,10.47,0.01,61,63867,买盘
2313,10:47:12,10.46,-0.01,29,30334,卖盘
2314,10:47:03,10.47,--,5,5235,买盘
2315,10:46:57,10.47,0.01,10,10470,买盘
2316,10:46:54,10.46,-0.01,111,116106,卖盘
2317,10:46:39,10.47,0.01,4,4188,买盘
2318,10:46:33,10.46,0.01,6,6276,买盘
2319,10:46:30,10.45,--,6,6270,卖盘
2320,10:46:21,10.45,-0.02,6,6270,卖盘
2321,10:46:18,10.47,0.01,821,859587,买盘
2322,10:46:15,10.46,--,28,30124,买盘
2323,10:46:03,10.46,0.01,5,5230,买盘
2324,10:46:00,10.45,--,2,2090,卖盘
2325,10:45:57,10.45,-0.01,10,10450,卖盘
2326,10:45:51,10.46,0.01,5,5230,买盘
2327,10:45:48,10.45,--,9,9405,卖盘
2328,10:45:42,10.45,-0.01,2,2090,卖盘
2329,10:45:33,10.46,0.01,20,20920,买盘
2330,10:45:30,10.45,-0.01,10,10450,卖盘
2331,10:45:24,10.46,--,1,1046,买盘
2332,10:45:21,10.46,--,60,62760,买盘
2333,10:45:03,10.46,0.01,5,5230,买盘
2334,10:45:00,10.45,--,13,13584,卖盘
2335,10:44:57,10.45,-0.01,162,169290,卖盘
2336,10:44:54,10.46,0.01,239,249994,买盘
2337,10:44:51,10.45,-0.01,1,1045,卖盘
2338,10:44:45,10.46,--,4,4184,买盘
2339,10:44:33,10.46,--,13,13598,买盘
2340,10:44:03,10.46,--,5,5230,买盘
2341,10:44:00,10.46,--,217,226982,买盘
2342,10:43:36,10.46,--,143,149578,买盘
2343,10:43:33,10.46,--,1043,1090978,卖盘
2344,10:43:30,10.46,--,332,347272,卖盘
2345,10:43:27,10.46,--,28,29288,卖盘
2346,10:43:12,10.46,-0.01,60,62760,卖盘
2347,10:43:03,10.47,0.01,5,5235,买盘
2348,10:42:54,10.46,-0.01,3,3138,卖盘
2349,10:42:51,10.47,--,1,1047,买盘
2350,10:42:48,10.47,0.01,5,5235,买盘
2351,10:42:45,10.46,-0.01,184,192464,卖盘
2352,10:42:42,10.47,--,2,2094,买盘
2353,10:42:39,10.47,--,106,110982,买盘
2354,10:42:36,10.47,--,8,8376,买盘
2355,10:42:33,10.47,0.01,5,5235,买盘
2356,10:42:24,10.46,-0.01,3,3138,卖盘
2357,10:42:18,10.47,--,31,32457,买盘
2358,10:42:15,10.47,0.01,94,98418,买盘
2359,10:42:12,10.46,-0.01,15,15690,卖盘
2360,10:42:03,10.47,0.01,5,5235,买盘
2361,10:42:00,10.46,--,1,1046,卖盘
2362,10:41:42,10.46,-0.01,10,10460,卖盘
2363,10:41:39,10.47,--,3,3141,买盘
2364,10:41:36,10.47,--,5,5235,买盘
2365,10:41:33,10.47,0.01,5,5235,买盘
2366,10:41:30,10.46,-0.01,205,214430,卖盘
2367,10:41:24,10.47,--,21,21987,买盘
2368,10:41:03,10.47,--,95,99465,买盘
2369,10:40:54,10.47,--,2,2094,买盘
2370,10:40:51,10.47,--,381,399660,卖盘
2371,10:40:48,10.47,0.02,854,894431,买盘
2372,10:40:45,10.45,-0.01,60,62699,卖盘
2373,10:40:42,10.46,--,9,9414,买盘
2374,10:40:33,10.46,--,5,5230,买盘
2375,10:40:24,10.46,0.01,500,523000,买盘
2376,10:40:21,10.45,--,10,10450,买盘
2377,10:40:18,10.45,--,1,1045,买盘
2378,10:40:15,10.45,--,1,1045,买盘
2379,10:40:09,10.45,--,12,12540,买盘
2380,10:40:03,10.45,--,5,5225,买盘
2381,10:40:00,10.45,0.01,9,9405,买盘
2382,10:39:57,10.44,--,28,29252,买盘
2383,10:39:54,10.44,--,1,1044,买盘
2384,10:39:51,10.44,--,1,1044,买盘
2385,10:39:48,10.44,--,5,5220,买盘
2386,10:39:45,10.44,--,5,5220,买盘
2387,10:39:39,10.44,--,10,10440,买盘
2388,10:39:36,10.44,--,40,41760,买盘
2389,10:39:33,10.44,--,5,5220,买盘
2390,10:39:21,10.44,--,2,2088,买盘
2391,10:39:12,10.44,--,58,60552,买盘
2392,10:39:09,10.44,--,9,9396,买盘
2393,10:39:06,10.44,--,2,2088,买盘
2394,10:39:03,10.44,0.01,5,5220,买盘
2395,10:38:48,10.43,-0.01,9,9387,卖盘
2396,10:38:45,10.44,0.01,50,52200,买盘
2397,10:38:39,10.43,--,70,73010,卖盘
2398,10:38:36,10.43,-0.01,1,1043,卖盘
2399,10:38:33,10.44,--,6,6264,买盘
2400,10:38:27,10.44,--,3,3132,买盘
2401,10:38:21,10.44,--,24,25056,买盘
2402,10:38:15,10.44,0.01,82,85608,买盘
2403,10:38:12,10.43,-0.01,2,2086,卖盘
2404,10:38:09,10.44,--,2,2088,买盘
2405,10:38:06,10.44,--,23,24012,买盘
2406,10:38:03,10.44,0.01,5,5220,买盘
2407,10:38:00,10.43,-0.01,17,17731,卖盘
2408,10:37:54,10.44,0.01,1,1044,买盘
2409,10:37:45,10.43,-0.01,9,9387,卖盘
2410,10:37:33,10.44,0.01,5,5220,买盘
2411,10:37:09,10.43,--,50,52150,卖盘
2412,10:37:03,10.43,--,25,26075,卖盘
2413,10:37:00,10.43,-0.01,97,101171,卖盘
2414,10:36:51,10.44,--,1,1044,买盘
2415,10:36:39,10.44,--,38,40695,卖盘
2416,10:36:36,10.44,--,0,20,卖盘
2417,10:36:33,10.44,-0.01,27,28188,卖盘
2418,10:36:30,10.45,-0.01,272,284240,卖盘
2419,10:36:24,10.46,--,5,5230,买盘
2420,10:36:18,10.46,--,109,114014,买盘
2421,10:36:09,10.46,0.01,300,313800,买盘
2422,10:36:06,10.45,-0.01,1,1045,卖盘
2423,10:36:03,10.46,0.01,5,5230,买盘
2424,10:35:57,10.45,--,299,312455,买盘
2425,10:35:54,10.45,--,4,4180,买盘
2426,10:35:51,10.45,0.01,17,17765,买盘
2427,10:35:45,10.44,--,151,157644,卖盘
2428,10:35:42,10.44,0.01,309,323493,买盘
2429,10:35:39,10.43,--,216,225288,买盘
2430,10:35:33,10.43,0.01,32,33376,买盘
2431,10:35:24,10.42,-0.01,7,7294,卖盘
2432,10:35:18,10.43,--,13,13559,买盘
2433,10:35:03,10.43,--,5,5215,买盘
2434,10:35:00,10.43,--,3,3129,买盘
2435,10:34:57,10.43,--,1,1043,买盘
2436,10:34:51,10.43,0.01,1,1043,买盘
2437,10:34:42,10.42,--,1,1042,卖盘
2438,10:34:39,10.42,--,88,91696,卖盘
2439,10:34:36,10.42,-0.01,1,1042,卖盘
2440,10:34:33,10.43,--,16,16688,买盘
2441,10:34:18,10.43,--,80,83440,买盘
2442,10:34:12,10.43,0.01,1,1043,买盘
2443,10:34:09,10.42,--,55,57310,卖盘
2444,10:34:06,10.42,-0.02,2,2084,卖盘
2445,10:34:03,10.44,--,6,6264,买盘
2446,10:34:00,10.44,--,36,37730,买盘
2447,10:33:57,10.44,0.01,41,42804,买盘
2448,10:33:51,10.43,--,11,12369,买盘
2449,10:33:48,10.43,--,2,2086,买盘
2450,10:33:45,10.43,--,12,12516,买盘
2451,10:33:42,10.43,--,22,23092,卖盘
2452,10:33:36,10.43,-0.01,16,16688,卖盘
2453,10:33:33,10.44,0.01,11,11484,买盘
2454,10:33:30,10.43,0.01,20,21756,买盘
2455,10:33:27,10.42,-0.01,195,203190,卖盘
2456,10:33:24,10.43,--,40,41720,买盘
2457,10:33:18,10.43,--,20,20860,买盘
2458,10:33:15,10.43,0.01,55,57365,买盘
2459,10:33:12,10.42,-0.01,8,8336,卖盘
2460,10:33:06,10.43,--,194,202342,买盘
2461,10:33:03,10.43,--,5,5215,买盘
2462,10:33:00,10.43,0.01,1,1043,买盘
2463,10:32:45,10.42,--,5,5210,买盘
2464,10:32:36,10.42,--,5,5210,买盘
2465,10:32:33,10.42,0.01,15,15630,买盘
2466,10:32:30,10.41,-0.01,9,9369,卖盘
2467,10:32:27,10.42,--,112,116704,买盘
2468,10:32:21,10.42,--,5,5210,买盘
2469,10:32:18,10.42,--,97,101074,买盘
2470,10:32:15,10.42,0.01,10,10420,买盘
2471,10:32:12,10.41,-0.01,10,10410,卖盘
2472,10:32:09,10.42,0.01,100,104200,买盘
2473,10:32:06,10.41,-0.01,1,1041,卖盘
2474,10:32:03,10.42,0.01,6,6252,买盘
2475,10:32:00,10.41,-0.01,1,1041,卖盘
2476,10:31:57,10.42,-0.01,357,371994,卖盘
2477,10:31:51,10.43,0.01,52,54236,买盘
2478,10:31:45,10.42,-0.01,10,10420,卖盘
2479,10:31:36,10.43,--,24,25032,买盘
2480,10:31:33,10.43,0.01,5,5215,买盘
2481,10:31:21,10.42,--,186,193812,卖盘
2482,10:31:18,10.42,--,154,160468,卖盘
2483,10:31:12,10.42,--,107,111494,买盘
2484,10:31:09,10.42,--,112,116704,卖盘
2485,10:31:06,10.42,--,14,14588,卖盘
2486,10:31:03,10.42,0.01,77,80671,买盘
2487,10:31:00,10.41,-0.01,28,29148,卖盘
2488,10:30:57,10.42,0.01,70,72940,买盘
2489,10:30:54,10.41,-0.01,211,219651,卖盘
2490,10:30:51,10.42,--,1,1042,买盘
2491,10:30:48,10.42,--,10,10420,买盘
2492,10:30:45,10.42,--,42,43764,买盘
2493,10:30:39,10.42,--,100,104200,买盘
2494,10:30:36,10.42,0.01,10,10420,买盘
2495,10:30:33,10.41,--,50,52050,卖盘
2496,10:30:27,10.41,--,83,86403,卖盘
2497,10:30:24,10.41,0.01,1820,1895598,买盘
2498,10:30:18,10.4,-0.01,9,9360,卖盘
2499,10:30:06,10.41,0.01,5,5205,买盘
2500,10:30:03,10.4,--,55,57200,卖盘
2501,10:29:57,10.4,-0.01,8,8320,卖盘
2502,10:29:54,10.41,--,10,10410,买盘
2503,10:29:51,10.41,--,663,690245,卖盘
2504,10:29:45,10.41,-0.01,261,271701,卖盘
2505,10:29:39,10.42,0.01,10,10420,买盘
2506,10:29:36,10.41,--,8,8328,卖盘
2507,10:29:33,10.41,-0.01,77,80157,卖盘
2508,10:29:30,10.42,--,30,31260,买盘
2509,10:29:27,10.42,0.01,5,5210,买盘
2510,10:29:24,10.41,-0.01,15,15615,卖盘
2511,10:29:21,10.42,--,10,10420,买盘
2512,10:29:18,10.42,--,3,3126,买盘
2513,10:29:12,10.42,-0.01,259,270482,卖盘
2514,10:29:06,10.43,--,16,16688,买盘
2515,10:29:03,10.43,0.01,5,5215,买盘
2516,10:28:57,10.42,-0.01,8,8336,卖盘
2517,10:28:48,10.43,0.01,10,10430,买盘
2518,10:28:42,10.42,-0.01,252,262584,卖盘
2519,10:28:39,10.43,--,1,1043,买盘
2520,10:28:36,10.43,0.01,17,17731,买盘
2521,10:28:33,10.42,--,11,11462,卖盘
2522,10:28:30,10.42,-0.01,8,8336,卖盘
2523,10:28:27,10.43,0.01,65,67795,买盘
2524,10:28:24,10.42,-0.01,43,44806,卖盘
2525,10:28:15,10.43,--,207,215901,卖盘
2526,10:28:12,10.43,-0.01,157,163751,卖盘
2527,10:28:03,10.44,--,5,5220,买盘
2528,10:27:54,10.44,--,84,87696,买盘
2529,10:27:48,10.44,--,299,313085,卖盘
2530,10:27:45,10.44,--,87,90828,卖盘
2531,10:27:39,10.44,--,76,79344,卖盘
2532,10:27:36,10.44,-0.01,54,56376,卖盘
2533,10:27:33,10.45,0.01,14,14629,买盘
2534,10:27:27,10.44,--,69,72036,卖盘
2535,10:27:18,10.44,-0.01,6,6264,卖盘
2536,10:27:15,10.45,0.01,20,20900,买盘
2537,10:27:12,10.44,--,6,6264,卖盘
2538,10:27:09,10.44,--,42,43848,卖盘
2539,10:27:06,10.44,-0.01,1,1085,卖盘
2540,10:27:03,10.45,--,15,15674,买盘
2541,10:27:00,10.45,--,16,16720,买盘
2542,10:26:57,10.45,--,20,20900,买盘
2543,10:26:54,10.45,--,16,16720,买盘
2544,10:26:51,10.45,0.01,54,56429,买盘
2545,10:26:48,10.44,-0.01,79,82476,卖盘
2546,10:26:42,10.45,--,25,26125,买盘
2547,10:26:33,10.45,0.01,7,7314,买盘
2548,10:26:30,10.44,-0.01,10,10440,卖盘
2549,10:26:27,10.45,0.01,5,5225,买盘
2550,10:26:24,10.44,-0.01,123,128412,卖盘
2551,10:26:21,10.45,0.01,9,9405,买盘
2552,10:26:15,10.44,--,100,104400,卖盘
2553,10:26:12,10.44,--,5,5220,卖盘
2554,10:26:06,10.44,--,0,135,卖盘
2555,10:26:03,10.44,--,8,9333,卖盘
2556,10:26:00,10.44,--,31,32364,买盘
2557,10:25:57,10.44,0.01,10,10440,买盘
2558,10:25:54,10.43,-0.01,33,34419,卖盘
2559,10:25:51,10.44,--,19,19836,买盘
2560,10:25:48,10.44,--,4,4176,买盘
2561,10:25:45,10.44,--,22,22968,买盘
2562,10:25:42,10.44,--,9,9396,买盘
2563,10:25:39,10.44,--,3,3132,买盘
2564,10:25:33,10.44,--,25,26100,买盘
2565,10:25:30,10.44,0.01,1,1044,买盘
2566,10:25:24,10.43,--,90,93870,卖盘
2567,10:25:18,10.43,--,33,34419,买盘
2568,10:25:15,10.43,--,12,12516,买盘
2569,10:25:12,10.43,--,60,62580,买盘
2570,10:25:09,10.43,--,36,37548,买盘
2571,10:25:06,10.43,--,10,10596,买盘
2572,10:25:03,10.43,0.01,104,108472,买盘
2573,10:25:00,10.42,-0.01,2,3032,卖盘
2574,10:24:54,10.43,--,19,19817,买盘
2575,10:24:51,10.43,--,45,46935,买盘
2576,10:24:48,10.43,--,105,109515,买盘
2577,10:24:45,10.43,--,24,25032,买盘
2578,10:24:42,10.43,--,10,10430,买盘
2579,10:24:39,10.43,0.01,50,52150,买盘
2580,10:24:36,10.42,-0.01,37,38554,卖盘
2581,10:24:33,10.43,--,270,281610,买盘
2582,10:24:24,10.43,--,35,36505,买盘
2583,10:24:15,10.43,0.01,29,30247,买盘
2584,10:24:12,10.42,--,5,5210,卖盘
2585,10:24:06,10.42,-0.01,22,22924,卖盘
2586,10:24:03,10.43,0.01,18,18774,买盘
2587,10:24:00,10.42,-0.01,7,7366,卖盘
2588,10:23:57,10.43,--,275,286825,买盘
2589,10:23:51,10.43,--,41,42763,买盘
2590,10:23:48,10.43,--,42,43806,买盘
2591,10:23:45,10.43,--,64,66752,买盘
2592,10:23:39,10.43,--,15,15645,买盘
2593,10:23:36,10.43,--,10,10430,买盘
2594,10:23:33,10.43,--,11,11473,买盘
2595,10:23:30,10.43,--,5,5215,买盘
2596,10:23:27,10.43,--,13,13559,买盘
2597,10:23:24,10.43,--,10,10430,买盘
2598,10:23:21,10.43,--,10,10430,买盘
2599,10:23:18,10.43,--,1,1043,买盘
2600,10:23:15,10.43,--,9,9387,买盘
2601,10:23:09,10.43,0.01,56,58408,买盘
2602,10:23:03,10.42,--,9,9378,卖盘
2603,10:23:00,10.42,--,0,20,卖盘
2604,10:22:57,10.42,-0.01,12,12556,卖盘
2605,10:22:54,10.43,--,11,11473,买盘
2606,10:22:51,10.43,0.01,5,5215,买盘
2607,10:22:48,10.42,-0.01,5,5210,卖盘
2608,10:22:45,10.43,0.01,68,70924,买盘
2609,10:22:42,10.42,-0.01,20,20840,卖盘
2610,10:22:39,10.43,0.01,9,9387,买盘
2611,10:22:33,10.42,--,9,9378,卖盘
2612,10:22:30,10.42,--,80,83360,卖盘
2613,10:22:27,10.42,--,10,10420,卖盘
2614,10:22:24,10.42,--,83,86486,卖盘
2615,10:22:21,10.42,--,16,16672,卖盘
2616,10:22:18,10.42,--,2,2084,卖盘
2617,10:22:12,10.42,--,137,142754,卖盘
2618,10:22:09,10.42,--,44,46473,卖盘
2619,10:22:06,10.42,--,723,754001,买盘
2620,10:22:03,10.42,0.01,6,6252,买盘
2621,10:22:00,10.41,-0.01,4,4164,卖盘
2622,10:21:57,10.42,--,10,10492,买盘
2623,10:21:51,10.42,--,1,1042,买盘
2624,10:21:48,10.42,--,11,11462,买盘
2625,10:21:45,10.42,0.01,9,9378,买盘
2626,10:21:42,10.41,--,100,104100,卖盘
2627,10:21:39,10.41,--,49,51009,卖盘
2628,10:21:36,10.41,-0.01,6,6246,卖盘
2629,10:21:33,10.42,--,105,109410,买盘
2630,10:21:30,10.42,0.01,10,10420,买盘
2631,10:21:21,10.41,--,30,31230,卖盘
2632,10:21:18,10.41,--,42,43722,卖盘
2633,10:21:12,10.41,--,11,11451,卖盘
2634,10:21:06,10.41,-0.01,1,1041,卖盘
2635,10:21:03,10.42,0.01,36,37512,买盘
2636,10:21:00,10.41,-0.01,15,16374,卖盘
2637,10:20:57,10.42,0.01,209,217955,买盘
2638,10:20:54,10.41,--,10,11346,卖盘
2639,10:20:48,10.41,--,1,1041,卖盘
2640,10:20:45,10.41,--,2,2082,卖盘
2641,10:20:42,10.41,--,12,12492,卖盘
2642,10:20:39,10.41,-0.01,3,3123,卖盘
2643,10:20:33,10.42,0.01,31,32302,买盘
2644,10:20:21,10.41,-0.01,62,64542,卖盘
2645,10:20:18,10.42,0.01,6,6252,买盘
2646,10:20:15,10.41,--,106,110346,卖盘
2647,10:20:12,10.41,--,164,170724,卖盘
2648,10:20:06,10.41,-0.01,5,5205,卖盘
2649,10:20:03,10.42,0.01,45,46890,买盘
2650,10:19:57,10.41,--,10,10410,卖盘
2651,10:19:54,10.41,--,0,187,卖盘
2652,10:19:51,10.41,--,11,12377,卖盘
2653,10:19:48,10.41,--,101,105141,卖盘
2654,10:19:42,10.41,--,23,23943,卖盘
2655,10:19:36,10.41,--,83,86403,卖盘
2656,10:19:33,10.41,--,135,140535,卖盘
2657,10:19:30,10.41,-0.01,14,14574,卖盘
2658,10:19:24,10.42,0.01,120,125040,买盘
2659,10:19:18,10.41,--,9,9369,卖盘
2660,10:19:15,10.41,--,40,41640,卖盘
2661,10:19:12,10.41,--,11,11451,卖盘
2662,10:19:06,10.41,-0.01,147,153027,卖盘
2663,10:19:03,10.42,0.01,75,78150,买盘
2664,10:19:00,10.41,--,37,38517,卖盘
2665,10:18:57,10.41,-0.01,133,138453,卖盘
2666,10:18:54,10.42,0.01,31,32302,买盘
2667,10:18:48,10.41,-0.01,16,16728,卖盘
2668,10:18:42,10.42,0.01,30,31260,买盘
2669,10:18:33,10.41,--,273,284193,卖盘
2670,10:18:30,10.41,-0.01,19,19779,卖盘
2671,10:18:27,10.42,--,17,17714,买盘
2672,10:18:24,10.42,0.01,10,10420,买盘
2673,10:18:18,10.41,-0.01,5,5205,卖盘
2674,10:18:15,10.42,0.01,15,15630,买盘
2675,10:18:12,10.41,-0.01,5,5205,卖盘
2676,10:18:09,10.42,--,4,4168,买盘
2677,10:18:06,10.42,--,10,10420,买盘
2678,10:18:03,10.42,0.01,73,76066,买盘
2679,10:18:00,10.41,--,112,116592,卖盘
2680,10:17:57,10.41,--,50,52050,卖盘
2681,10:17:54,10.41,-0.01,10,10410,卖盘
2682,10:17:51,10.42,0.01,40,41752,买盘
2683,10:17:45,10.41,-0.01,12,12492,卖盘
2684,10:17:39,10.42,--,21,21882,买盘
2685,10:17:36,10.42,-0.01,162,169210,卖盘
2686,10:17:33,10.43,0.01,158,164794,买盘
2687,10:17:30,10.42,-0.01,10,10420,卖盘
2688,10:17:24,10.43,0.01,20,20860,买盘
2689,10:17:21,10.42,-0.01,50,52100,卖盘
2690,10:17:15,10.43,--,220,229460,买盘
2691,10:17:03,10.43,--,28,29204,买盘
2692,10:17:00,10.43,--,131,136633,买盘
2693,10:16:57,10.43,--,48,50064,卖盘
2694,10:16:54,10.43,--,70,73010,卖盘
2695,10:16:51,10.43,--,82,85526,卖盘
2696,10:16:48,10.43,--,215,224443,买盘
2697,10:16:45,10.43,0.01,100,105217,中性盘
2698,10:16:39,10.42,-0.01,161,167762,卖盘
2699,10:16:33,10.43,--,82,86089,买盘
2700,10:16:30,10.43,--,22,22946,买盘
2701,10:16:27,10.43,-0.01,122,127725,卖盘
2702,10:16:18,10.44,0.01,35,36540,买盘
2703,10:16:15,10.43,--,5,5215,卖盘
2704,10:16:12,10.43,-0.01,10,10430,卖盘
2705,10:16:09,10.44,0.01,14,14616,买盘
2706,10:16:03,10.43,--,9,9387,卖盘
2707,10:16:00,10.43,-0.01,69,71967,卖盘
2708,10:15:57,10.44,0.01,205,214020,买盘
2709,10:15:54,10.43,-0.01,19,19817,卖盘
2710,10:15:48,10.44,0.01,12,12528,买盘
2711,10:15:42,10.43,-0.01,197,205544,卖盘
2712,10:15:39,10.44,--,32,33408,买盘
2713,10:15:33,10.44,0.01,5,5220,买盘
2714,10:15:30,10.43,--,68,70924,卖盘
2715,10:15:24,10.43,--,39,41094,卖盘
2716,10:15:21,10.43,--,1,1043,卖盘
2717,10:15:18,10.43,--,20,20860,卖盘
2718,10:15:09,10.43,0.01,122,127319,买盘
2719,10:15:03,10.42,-0.01,214,222988,卖盘
2720,10:15:00,10.43,--,254,264922,买盘
2721,10:14:57,10.43,--,199,207557,买盘
2722,10:14:54,10.43,--,330,344190,买盘
2723,10:14:51,10.43,--,242,252406,买盘
2724,10:14:48,10.43,-0.01,370,386879,卖盘
2725,10:14:42,10.44,0.01,55,57420,买盘
2726,10:14:39,10.43,-0.01,2,2159,卖盘
2727,10:14:33,10.44,0.01,5,5220,买盘
2728,10:14:27,10.43,-0.01,68,70924,卖盘
2729,10:14:21,10.44,0.01,1,1044,买盘
2730,10:14:18,10.43,--,110,114730,卖盘
2731,10:14:09,10.43,--,10,10430,卖盘
2732,10:14:06,10.43,-0.01,16,16688,卖盘
2733,10:14:03,10.44,0.01,5,5220,买盘
2734,10:13:57,10.43,-0.01,68,70924,卖盘
2735,10:13:48,10.44,-0.01,43,45173,卖盘
2736,10:13:45,10.45,--,71,74195,买盘
2737,10:13:42,10.45,0.01,4,4180,买盘
2738,10:13:39,10.44,-0.01,25,26173,卖盘
2739,10:13:33,10.45,0.01,15,15674,买盘
2740,10:13:30,10.44,--,58,60552,卖盘
2741,10:13:27,10.44,-0.01,68,70992,卖盘
2742,10:13:21,10.45,--,10,10450,买盘
2743,10:13:12,10.45,0.01,97,101365,买盘
2744,10:13:09,10.44,--,12,12528,卖盘
2745,10:13:06,10.44,-0.01,20,20880,卖盘
2746,10:13:03,10.45,0.01,25,26125,买盘
2747,10:13:00,10.44,--,15,15660,卖盘
2748,10:12:57,10.44,--,68,70992,卖盘
2749,10:12:54,10.44,--,65,67860,卖盘
2750,10:12:51,10.44,--,13,13572,卖盘
2751,10:12:45,10.44,--,107,111708,卖盘
2752,10:12:36,10.44,-0.02,16,16777,卖盘
2753,10:12:33,10.46,0.01,5,5230,买盘
2754,10:12:24,10.45,--,68,71060,卖盘
2755,10:12:21,10.45,--,10,10450,卖盘
2756,10:12:09,10.45,-0.01,92,96140,卖盘
2757,10:12:03,10.46,--,5,5230,买盘
2758,10:12:00,10.46,0.01,13,13598,买盘
2759,10:11:54,10.45,-0.01,104,108679,卖盘
2760,10:11:48,10.46,--,9,9414,买盘
2761,10:11:42,10.46,0.01,18,18828,买盘
2762,10:11:39,10.45,-0.01,4,4180,卖盘
2763,10:11:36,10.46,0.01,50,52300,买盘
2764,10:11:33,10.45,--,8,8433,卖盘
2765,10:11:30,10.45,-0.01,10,10450,卖盘
2766,10:11:27,10.46,0.01,22,23012,买盘
2767,10:11:24,10.45,--,68,71060,卖盘
2768,10:11:21,10.45,-0.01,1,1045,卖盘
2769,10:11:09,10.46,0.01,38,39748,买盘
2770,10:11:06,10.45,--,64,66880,卖盘
2771,10:11:03,10.45,--,15,15674,卖盘
2772,10:10:54,10.45,--,69,72105,卖盘
2773,10:10:48,10.45,-0.01,12,12540,卖盘
2774,10:10:45,10.46,0.01,1,1046,买盘
2775,10:10:42,10.45,--,36,37620,卖盘
2776,10:10:33,10.45,--,55,57569,卖盘
2777,10:10:30,10.45,--,1,2069,卖盘
2778,10:10:24,10.45,-0.01,98,102410,卖盘
2779,10:10:21,10.46,--,18,18828,买盘
2780,10:10:15,10.46,--,10,10460,买盘
2781,10:10:03,10.46,0.01,5,5230,买盘
2782,10:10:00,10.45,--,31,32394,卖盘
2783,10:09:54,10.45,0.01,45,47171,买盘
2784,10:09:51,10.44,-0.01,112,116928,卖盘
2785,10:09:45,10.45,0.01,93,97185,买盘
2786,10:09:42,10.44,--,30,31320,卖盘
2787,10:09:39,10.44,-0.01,5,5220,卖盘
2788,10:09:36,10.45,--,32,33440,买盘
2789,10:09:33,10.45,--,6,6364,买盘
2790,10:09:30,10.45,--,11,12519,买盘
2791,10:09:27,10.45,--,19,19855,买盘
2792,10:09:21,10.45,-0.01,161,169143,卖盘
2793,10:09:18,10.46,--,5,5230,买盘
2794,10:09:15,10.46,0.01,3,3138,买盘
2795,10:09:12,10.45,-0.01,70,73150,卖盘
2796,10:09:03,10.46,0.01,117,122382,买盘
2797,10:09:00,10.45,-0.01,93,97185,卖盘
2798,10:08:54,10.46,--,14,14644,买盘
2799,10:08:51,10.46,--,66,69036,卖盘
2800,10:08:48,10.46,-0.01,20,20920,卖盘
2801,10:08:45,10.47,0.01,45,47115,买盘
2802,10:08:42,10.46,--,10,10460,买盘
2803,10:08:39,10.46,--,269,282053,卖盘
2804,10:08:36,10.46,-0.01,67,70082,卖盘
2805,10:08:33,10.47,0.01,5,5235,买盘
2806,10:08:30,10.46,--,12,12625,卖盘
2807,10:08:27,10.46,-0.01,10,10460,卖盘
2808,10:08:24,10.47,0.01,13,13611,买盘
2809,10:08:21,10.46,--,68,71128,卖盘
2810,10:08:15,10.46,-0.01,6,6276,卖盘
2811,10:08:12,10.47,--,10,10470,买盘
2812,10:08:09,10.47,--,56,58632,买盘
2813,10:08:03,10.47,--,5,5235,买盘
2814,10:08:00,10.47,--,11,11517,买盘
