,time,price,change,volume,amount,type
0,15:00:03,11.28,--,7533,8497291,买盘
1,14:57:00,11.28,0.01,20,22560,买盘
2,14:56:57,11.27,0.01,5,5635,中性盘
3,14:56:51,11.26,-0.02,34,38284,卖盘
4,14:56:48,11.28,--,80,90240,买盘
5,14:56:45,11.28,--,150,169200,买盘
6,14:56:42,11.28,0.02,27,30456,买盘
7,14:56:33,11.26,0.01,10,11260,卖盘
8,14:56:30,11.25,-0.01,1074,1209015,卖盘
9,14:56:27,11.26,-0.02,34,38284,卖盘
10,14:56:24,11.28,--,28,31584,买盘
11,14:56:21,11.28,-0.01,15,17980,卖盘
12,14:56:18,11.29,0.01,1,1129,买盘
13,14:56:12,11.28,0.03,0,67,中性盘
14,14:56:03,11.25,0.01,16,18000,卖盘
15,14:56:00,11.24,-0.06,1003,1127372,卖盘
16,14:55:57,11.3,0.05,1462,1652161,买盘
17,14:55:54,11.25,--,24,27101,买盘
18,14:55:51,11.25,--,200,225900,买盘
19,14:55:48,11.25,--,10,11250,买盘
20,14:55:45,11.25,--,127,142875,买盘
21,14:55:42,11.25,-0.02,1807,2033898,卖盘
22,14:55:39,11.27,--,5,5635,卖盘
23,14:55:36,11.27,--,2,2254,卖盘
24,14:55:33,11.27,--,14,15879,买盘
25,14:55:30,11.27,0.01,121,136367,买盘
26,14:55:27,11.26,-0.01,20,22520,卖盘
27,14:55:24,11.27,-0.01,228,257959,卖盘
28,14:55:21,11.28,0.01,21,23688,买盘
29,14:55:18,11.27,--,376,423752,卖盘
30,14:55:15,11.27,-0.01,2,2377,卖盘
31,14:55:12,11.28,0.01,65,73320,买盘
32,14:55:09,11.27,-0.01,36,40572,卖盘
33,14:55:06,11.28,--,30,33840,买盘
34,14:55:03,11.28,--,664,748992,买盘
35,14:55:00,11.28,--,1131,1276602,卖盘
36,14:54:57,11.28,-0.01,10,11280,卖盘
37,14:54:54,11.29,0.01,144,162576,买盘
38,14:54:51,11.28,-0.01,121,136521,卖盘
39,14:54:45,11.29,0.01,122,137738,买盘
40,14:54:42,11.28,-0.01,20,22560,卖盘
41,14:54:39,11.29,0.01,20,22580,买盘
42,14:54:36,11.28,--,69,77832,卖盘
43,14:54:33,11.28,--,41,46248,卖盘
44,14:54:30,11.28,--,33,37359,卖盘
45,14:54:27,11.28,-0.01,147,165816,卖盘
46,14:54:24,11.29,--,11,12418,买盘
47,14:54:21,11.29,0.01,23,25966,买盘
48,14:54:18,11.28,--,35,39480,卖盘
49,14:54:15,11.28,-0.01,33,37224,卖盘
50,14:54:12,11.29,--,36,40644,买盘
51,14:54:09,11.29,--,9,10330,买盘
52,14:54:06,11.29,--,28,31611,买盘
53,14:54:03,11.29,0.01,33,37257,买盘
54,14:54:00,11.28,-0.01,14,15792,卖盘
55,14:53:57,11.29,--,287,324023,买盘
56,14:53:54,11.29,0.01,39,44031,买盘
57,14:53:51,11.28,-0.01,97,109416,卖盘
58,14:53:48,11.29,-0.01,123,138912,卖盘
59,14:53:45,11.3,--,4,4520,买盘
60,14:53:42,11.3,--,59,66670,买盘
61,14:53:39,11.3,--,17,19210,买盘
62,14:53:36,11.3,--,114,129904,买盘
63,14:53:33,11.3,0.01,3036,3430680,买盘
64,14:53:30,11.29,-0.01,35,39515,卖盘
65,14:53:27,11.3,0.01,59,66670,买盘
66,14:53:24,11.29,--,26,29353,卖盘
67,14:53:21,11.29,--,24,27095,卖盘
68,14:53:18,11.29,--,217,245094,卖盘
69,14:53:15,11.29,--,5018,5665322,卖盘
70,14:53:12,11.29,-0.01,20,22580,卖盘
71,14:53:09,11.3,--,21,23730,买盘
72,14:53:06,11.3,--,110,124300,买盘
73,14:53:03,11.3,0.01,27,30510,买盘
74,14:53:00,11.29,-0.01,220,248379,卖盘
75,14:52:57,11.3,--,63,71190,买盘
76,14:52:54,11.3,0.01,120,135600,买盘
77,14:52:51,11.29,-0.01,53,59916,卖盘
78,14:52:45,11.3,0.01,215,243356,买盘
79,14:52:42,11.29,-0.01,41,46289,卖盘
80,14:52:39,11.3,--,32,36160,买盘
81,14:52:36,11.3,--,4,4520,买盘
82,14:52:33,11.3,--,65,73450,买盘
83,14:52:30,11.3,--,33,37290,买盘
84,14:52:27,11.3,0.01,46,52059,买盘
85,14:52:24,11.29,--,54,60965,卖盘
86,14:52:21,11.29,--,33,37257,卖盘
87,14:52:18,11.29,-0.01,33,37257,卖盘
88,14:52:15,11.3,--,10,11300,买盘
89,14:52:12,11.3,0.01,84,94920,买盘
90,14:52:09,11.29,--,7,7902,卖盘
91,14:52:06,11.29,--,30,33870,卖盘
92,14:52:03,11.29,--,24,27976,卖盘
93,14:52:00,11.29,-0.01,14,15805,卖盘
94,14:51:57,11.3,--,36,40680,买盘
95,14:51:54,11.3,--,27,30510,买盘
96,14:51:51,11.3,--,17,19210,买盘
97,14:51:48,11.3,--,100,113000,买盘
98,14:51:45,11.3,0.01,5,5650,买盘
99,14:51:42,11.29,--,21,23709,卖盘
100,14:51:39,11.29,--,6,6773,卖盘
101,14:51:36,11.29,-0.01,1,1185,卖盘
102,14:51:33,11.3,0.01,6,6780,买盘
103,14:51:30,11.29,--,36,40644,卖盘
104,14:51:27,11.29,--,14,15805,卖盘
105,14:51:24,11.29,--,13,14676,卖盘
106,14:51:21,11.29,--,18,20322,卖盘
107,14:51:18,11.29,--,4,4516,卖盘
108,14:51:12,11.29,--,17,19193,卖盘
109,14:51:09,11.29,--,104,117495,卖盘
110,14:51:03,11.29,--,15,16935,卖盘
111,14:51:00,11.29,--,70,79030,卖盘
112,14:50:54,11.29,--,13,14676,卖盘
113,14:50:51,11.29,--,20,22580,卖盘
114,14:50:42,11.29,-0.01,14,15918,卖盘
115,14:50:39,11.3,0.01,69,77970,买盘
116,14:50:36,11.29,--,182,205477,卖盘
117,14:50:33,11.29,--,6,6773,卖盘
118,14:50:30,11.29,-0.01,37,41773,卖盘
119,14:50:27,11.3,--,53,59890,买盘
120,14:50:24,11.3,0.01,226,255380,买盘
121,14:50:21,11.29,-0.01,65,73385,卖盘
122,14:50:18,11.3,--,80,90400,买盘
123,14:50:15,11.3,0.01,19,21470,买盘
124,14:50:12,11.29,--,15,16935,卖盘
125,14:50:09,11.29,-0.01,1413,1595276,卖盘
126,14:50:06,11.3,0.01,61,68930,买盘
127,14:50:03,11.29,-0.01,49,55320,卖盘
128,14:50:00,11.3,--,55,62150,买盘
129,14:49:57,11.3,--,2,2260,买盘
130,14:49:54,11.3,0.01,235,266408,买盘
131,14:49:51,11.29,--,19,21451,卖盘
132,14:49:48,11.29,-0.01,8,9088,卖盘
133,14:49:42,11.3,--,27,30510,买盘
134,14:49:39,11.3,--,16,18080,买盘
135,14:49:36,11.3,--,6,6780,买盘
136,14:49:33,11.3,--,16,18080,买盘
137,14:49:30,11.3,--,57,64410,买盘
138,14:49:27,11.3,0.01,13,14690,买盘
139,14:49:24,11.29,-0.01,108,121988,卖盘
140,14:49:21,11.3,0.01,136,153680,买盘
141,14:49:15,11.29,-0.01,8,9032,卖盘
142,14:49:12,11.3,--,132,149160,买盘
143,14:49:09,11.3,--,9,10170,买盘
144,14:49:06,11.3,0.01,220,248600,买盘
145,14:49:03,11.29,--,16,18176,卖盘
146,14:49:00,11.29,-0.01,70,79030,卖盘
147,14:48:57,11.3,0.01,129,145770,买盘
148,14:48:54,11.29,-0.01,181,204348,卖盘
149,14:48:51,11.3,-0.01,152,171760,卖盘
150,14:48:48,11.31,0.01,397,449007,买盘
151,14:48:45,11.3,--,7,7910,卖盘
152,14:48:42,11.3,0.01,76,85880,卖盘
153,14:48:39,11.29,--,7,7902,卖盘
154,14:48:36,11.29,-0.01,1000,1129824,卖盘
155,14:48:30,11.3,-0.01,50,56500,卖盘
156,14:48:27,11.31,0.01,1,1131,买盘
157,14:48:24,11.3,--,7,7910,卖盘
158,14:48:21,11.3,--,15,16950,卖盘
159,14:48:15,11.3,-0.01,108,122751,卖盘
160,14:48:12,11.31,--,20,22620,买盘
161,14:48:09,11.31,--,14,16263,买盘
162,14:48:06,11.31,0.01,44,49764,买盘
163,14:48:03,11.3,--,17,19210,卖盘
164,14:48:00,11.3,--,15,16950,卖盘
165,14:47:57,11.3,--,206,232780,买盘
166,14:47:54,11.3,--,27,30510,买盘
167,14:47:51,11.3,--,64,72320,买盘
168,14:47:48,11.3,0.01,8,9040,买盘
169,14:47:42,11.29,-0.01,21,23709,卖盘
170,14:47:39,11.3,--,1527,1725510,买盘
171,14:47:36,11.3,0.01,5,5650,买盘
172,14:47:30,11.29,-0.01,127,143383,卖盘
173,14:47:27,11.3,--,1,1130,买盘
174,14:47:24,11.3,--,10,11300,买盘
175,14:47:21,11.3,0.01,171,193230,买盘
176,14:47:18,11.29,--,38,42902,卖盘
177,14:47:15,11.29,-0.01,6,6773,卖盘
178,14:47:12,11.3,--,18,20340,买盘
179,14:47:09,11.3,--,12,13560,买盘
180,14:47:06,11.3,0.01,5,5650,买盘
181,14:47:03,11.29,--,23,25966,卖盘
182,14:47:00,11.29,-0.01,15,16935,卖盘
183,14:46:57,11.3,--,10,11300,买盘
184,14:46:54,11.3,0.01,60,67800,买盘
185,14:46:51,11.29,--,14,15805,卖盘
186,14:46:48,11.29,--,69,77901,卖盘
187,14:46:42,11.29,-0.01,15,16935,卖盘
188,14:46:39,11.3,--,14,15820,买盘
189,14:46:33,11.3,--,120,136119,卖盘
190,14:46:30,11.3,--,8,9040,卖盘
191,14:46:27,11.3,-0.01,22,24860,卖盘
192,14:46:24,11.31,0.01,15,17575,买盘
193,14:46:21,11.3,--,85,96660,卖盘
194,14:46:18,11.3,-0.01,635,717550,卖盘
195,14:46:15,11.31,0.01,70,79170,买盘
196,14:46:12,11.3,--,170,192100,卖盘
197,14:46:09,11.3,-0.01,51,57630,卖盘
198,14:46:06,11.31,0.01,3,3393,买盘
199,14:46:03,11.3,--,25,28250,卖盘
200,14:46:00,11.3,--,16,18080,卖盘
201,14:45:57,11.3,-0.01,10,11300,卖盘
202,14:45:54,11.31,0.01,97,109707,买盘
203,14:45:51,11.3,--,786,888180,卖盘
204,14:45:48,11.3,-0.01,112,126560,卖盘
205,14:45:45,11.31,--,18,20358,买盘
206,14:45:42,11.31,0.01,570,644670,买盘
207,14:45:39,11.3,--,7,7910,卖盘
208,14:45:33,11.3,--,77,87010,卖盘
209,14:45:30,11.3,--,14,15820,卖盘
210,14:45:27,11.3,-0.01,107,120910,卖盘
211,14:45:24,11.31,--,7,7917,卖盘
212,14:45:21,11.31,0.01,122,138773,买盘
213,14:45:18,11.3,--,61,68975,卖盘
214,14:45:12,11.3,-0.01,15,16950,卖盘
215,14:45:09,11.31,--,170,192609,卖盘
216,14:45:06,11.31,--,29,32799,卖盘
217,14:45:03,11.31,--,43,48633,卖盘
218,14:45:00,11.31,--,14,15834,卖盘
219,14:44:57,11.31,--,6,6786,卖盘
220,14:44:54,11.31,--,67,75777,卖盘
221,14:44:51,11.31,--,15,16965,卖盘
222,14:44:48,11.31,-0.01,12,13572,卖盘
223,14:44:45,11.32,0.01,234,265680,买盘
224,14:44:42,11.31,--,14,15834,卖盘
225,14:44:39,11.31,--,10,11310,卖盘
226,14:44:36,11.31,--,18,20358,卖盘
227,14:44:33,11.31,--,32,36192,卖盘
228,14:44:30,11.31,--,15,16965,卖盘
229,14:44:27,11.31,--,24,27144,卖盘
230,14:44:24,11.31,--,7,7917,卖盘
231,14:44:21,11.31,--,14,15834,卖盘
232,14:44:18,11.31,--,1,1131,卖盘
233,14:44:15,11.31,--,10,11310,卖盘
234,14:44:12,11.31,--,15,16965,卖盘
235,14:44:09,11.31,-0.01,25,28275,卖盘
236,14:44:06,11.32,0.01,2,2716,买盘
237,14:44:03,11.31,--,553,625443,卖盘
238,14:44:00,11.31,--,14,15834,卖盘
239,14:43:57,11.31,--,53,59943,卖盘
240,14:43:54,11.31,--,86,97266,卖盘
241,14:43:51,11.31,-0.01,110,124410,卖盘
242,14:43:45,11.32,--,21,24009,买盘
243,14:43:42,11.32,--,41,46412,买盘
244,14:43:39,11.32,--,44,49808,买盘
245,14:43:36,11.32,--,10,11320,买盘
246,14:43:33,11.32,--,115,130180,买盘
247,14:43:27,11.32,0.01,19,22617,买盘
248,14:43:24,11.31,--,307,347217,卖盘
249,14:43:21,11.31,-0.01,14,15834,卖盘
250,14:43:18,11.32,0.01,5,5660,买盘
251,14:43:15,11.31,--,6,6786,卖盘
252,14:43:12,11.31,-0.01,20,22620,卖盘
253,14:43:09,11.32,--,19,21508,买盘
254,14:43:06,11.32,0.01,1,1132,买盘
255,14:43:00,11.31,--,14,15834,卖盘
256,14:42:57,11.31,-0.01,100,113100,买盘
257,14:42:54,11.32,0.02,69,78108,买盘
258,14:42:51,11.3,--,202,228915,卖盘
259,14:42:42,11.3,-0.01,14,15820,卖盘
260,14:42:39,11.31,--,32,36192,买盘
261,14:42:36,11.31,--,30,33930,买盘
262,14:42:33,11.31,--,62,70122,买盘
263,14:42:30,11.31,--,20,22620,买盘
264,14:42:24,11.31,--,132,149292,买盘
265,14:42:21,11.31,--,18,20358,买盘
266,14:42:18,11.31,--,2,2262,买盘
267,14:42:12,11.31,0.01,17,19227,买盘
268,14:42:09,11.3,--,10,11300,卖盘
269,14:42:06,11.3,-0.01,81,91688,卖盘
270,14:42:03,11.31,0.01,10,11310,买盘
271,14:42:00,11.3,-0.01,14,15820,卖盘
272,14:41:57,11.31,0.01,60,67860,买盘
273,14:41:54,11.3,-0.01,7,7910,卖盘
274,14:41:51,11.31,--,25,28275,买盘
275,14:41:48,11.31,--,50,56550,买盘
276,14:41:42,11.31,--,17,19227,买盘
277,14:41:39,11.31,-0.01,215,243640,卖盘
278,14:41:36,11.32,--,2,2264,买盘
279,14:41:33,11.32,0.01,5,5660,买盘
280,14:41:30,11.31,-0.01,15,16965,卖盘
281,14:41:27,11.32,0.01,10,11320,买盘
282,14:41:24,11.31,--,349,394719,卖盘
283,14:41:21,11.31,--,26,29406,卖盘
284,14:41:12,11.31,--,15,16965,卖盘
285,14:41:09,11.31,-0.01,9,10179,卖盘
286,14:41:06,11.32,--,11,12452,买盘
287,14:41:03,11.32,0.01,29,32828,买盘
288,14:41:00,11.31,--,28,31668,卖盘
289,14:40:57,11.31,--,38,42978,卖盘
290,14:40:54,11.31,-0.01,78,88218,卖盘
291,14:40:51,11.32,0.01,271,307134,买盘
292,14:40:42,11.31,--,14,15834,卖盘
293,14:40:39,11.31,-0.01,7,7917,卖盘
294,14:40:36,11.32,--,2,2264,买盘
295,14:40:33,11.32,0.01,11,12452,买盘
296,14:40:30,11.31,--,15,16965,卖盘
297,14:40:27,11.31,--,20,22620,卖盘
298,14:40:24,11.31,--,27,30537,卖盘
299,14:40:21,11.31,-0.01,14,15834,卖盘
300,14:40:18,11.32,0.01,14,15848,买盘
301,14:40:12,11.31,--,15,16965,卖盘
302,14:40:09,11.31,-0.01,12,13572,卖盘
303,14:40:06,11.32,--,3,3396,买盘
304,14:40:03,11.32,0.01,10,11320,买盘
305,14:40:00,11.31,-0.01,55,62205,卖盘
306,14:39:57,11.32,--,222,251598,卖盘
307,14:39:54,11.32,--,81,91692,卖盘
308,14:39:51,11.32,-0.01,47,53204,卖盘
309,14:39:48,11.33,--,50,56650,买盘
310,14:39:45,11.33,0.01,167,189211,买盘
311,14:39:42,11.32,-0.01,58,65656,卖盘
312,14:39:39,11.33,0.01,216,245056,买盘
313,14:39:36,11.32,--,46,52581,卖盘
314,14:39:33,11.32,-0.01,20,22640,卖盘
315,14:39:27,11.33,--,2,2266,买盘
316,14:39:24,11.33,0.02,63,72058,买盘
317,14:39:21,11.31,--,36,41462,卖盘
318,14:39:18,11.31,-0.01,25,29258,卖盘
319,14:39:15,11.32,--,174,197115,买盘
320,14:39:12,11.32,--,142,161842,卖盘
321,14:39:09,11.32,-0.01,51,58264,卖盘
322,14:39:06,11.33,0.01,11,12678,买盘
323,14:39:03,11.32,--,121,137888,卖盘
324,14:39:00,11.32,-0.01,195,220943,卖盘
325,14:38:57,11.33,--,59,67277,买盘
326,14:38:54,11.33,0.01,37,41921,买盘
327,14:38:51,11.32,--,14,15848,卖盘
328,14:38:48,11.32,--,3,3396,卖盘
329,14:38:42,11.32,--,21,23772,卖盘
330,14:38:39,11.32,-0.01,7,7924,卖盘
331,14:38:36,11.33,--,42,47586,买盘
332,14:38:33,11.33,0.01,80,90640,买盘
333,14:38:30,11.32,--,14,15848,卖盘
334,14:38:24,11.32,--,7,7924,卖盘
335,14:38:21,11.32,--,15,16980,卖盘
336,14:38:15,11.32,0.01,273,309036,买盘
337,14:38:12,11.31,--,14,15834,卖盘
338,14:38:09,11.31,-0.01,38,42978,卖盘
339,14:38:06,11.32,0.01,24,27168,买盘
340,14:38:03,11.31,0.01,116,131196,买盘
341,14:37:54,11.3,--,6,6780,卖盘
342,14:37:51,11.3,--,25,28250,卖盘
343,14:37:48,11.3,--,0,146,卖盘
344,14:37:45,11.3,--,3,3695,卖盘
345,14:37:42,11.3,--,19,22374,卖盘
346,14:37:39,11.3,-0.03,91,103089,卖盘
347,14:37:36,11.33,0.03,2500,2832500,买盘
348,14:37:33,11.3,--,1,1209,卖盘
349,14:37:30,11.3,-0.01,64,72320,卖盘
350,14:37:27,11.31,0.01,1,1131,买盘
351,14:37:24,11.3,-0.01,7,7910,卖盘
352,14:37:21,11.31,0.01,57,64467,买盘
353,14:37:12,11.3,--,29,32770,卖盘
354,14:37:09,11.3,-0.01,23,25990,卖盘
355,14:37:06,11.31,--,8,9048,买盘
356,14:37:03,11.31,0.01,81,91611,买盘
357,14:37:00,11.3,--,15,16950,卖盘
358,14:36:57,11.3,--,21,23763,卖盘
359,14:36:54,11.3,--,13,14690,卖盘
360,14:36:51,11.3,--,17,19210,卖盘
361,14:36:48,11.3,--,35,39550,卖盘
362,14:36:42,11.3,--,15,16950,卖盘
363,14:36:39,11.3,--,301,340288,卖盘
364,14:36:36,11.3,--,30,34046,卖盘
365,14:36:33,11.3,--,3,3435,卖盘
366,14:36:30,11.3,--,18,20758,卖盘
367,14:36:27,11.3,--,26,30374,卖盘
368,14:36:24,11.3,--,39,44442,卖盘
369,14:36:21,11.3,--,38,43968,卖盘
370,14:36:18,11.3,--,73,82490,卖盘
371,14:36:15,11.3,--,358,404946,卖盘
372,14:36:12,11.3,--,318,359340,卖盘
373,14:36:09,11.3,-0.01,310,350300,卖盘
374,14:36:06,11.31,--,275,311025,买盘
375,14:36:03,11.31,--,152,171912,买盘
376,14:36:00,11.31,0.01,29,32799,买盘
377,14:35:57,11.3,-0.01,2,2350,卖盘
378,14:35:54,11.31,0.01,50,56550,买盘
379,14:35:51,11.3,-0.01,48,54240,卖盘
380,14:35:48,11.31,--,9,10179,买盘
381,14:35:42,11.31,0.01,35,39585,买盘
382,14:35:39,11.3,--,13,14690,卖盘
383,14:35:33,11.3,--,10,11300,卖盘
384,14:35:30,11.3,-0.01,14,15820,卖盘
385,14:35:27,11.31,--,10,11310,买盘
386,14:35:24,11.31,0.01,10,11411,买盘
387,14:35:21,11.3,--,15,16950,卖盘
388,14:35:18,11.3,--,156,176280,卖盘
389,14:35:12,11.3,-0.01,14,15820,卖盘
390,14:35:09,11.31,--,62,70122,买盘
391,14:35:06,11.31,--,1,1131,买盘
392,14:35:03,11.31,0.01,50,56550,买盘
393,14:35:00,11.3,-0.01,41,46330,卖盘
394,14:34:57,11.31,--,13,14703,买盘
395,14:34:54,11.31,--,10,11310,买盘
396,14:34:51,11.31,--,67,75777,买盘
397,14:34:48,11.31,--,30,33930,买盘
398,14:34:45,11.31,0.01,50,56550,买盘
399,14:34:42,11.3,--,25,28250,卖盘
400,14:34:39,11.3,-0.01,6,6780,卖盘
401,14:34:36,11.31,--,2,2262,买盘
402,14:34:33,11.31,0.01,51,57681,买盘
403,14:34:30,11.3,-0.01,14,15820,卖盘
404,14:34:27,11.31,--,73,82563,买盘
405,14:34:24,11.31,0.01,14,15834,买盘
406,14:34:21,11.3,--,48,54240,卖盘
407,14:34:18,11.3,-0.01,6,6904,卖盘
408,14:34:15,11.31,0.01,108,122148,买盘
409,14:34:12,11.3,--,19,21470,卖盘
410,14:34:09,11.3,-0.01,18,20340,卖盘
411,14:34:06,11.31,--,29,32799,买盘
412,14:34:03,11.31,--,116,131196,买盘
413,14:34:00,11.31,--,46,52026,买盘
414,14:33:54,11.31,0.01,14,15834,买盘
415,14:33:51,11.3,--,29,32770,卖盘
416,14:33:42,11.3,--,68,76840,卖盘
417,14:33:39,11.3,--,7,7910,卖盘
418,14:33:36,11.3,-0.01,17,19210,卖盘
419,14:33:33,11.31,0.01,22,24882,买盘
420,14:33:30,11.3,--,22,24860,卖盘
421,14:33:27,11.3,-0.01,75,84750,卖盘
422,14:33:24,11.31,0.01,16,18096,买盘
423,14:33:21,11.3,--,115,129950,卖盘
424,14:33:18,11.3,-0.01,8,9040,卖盘
425,14:33:15,11.31,--,317,358821,买盘
426,14:33:12,11.31,0.01,41,47468,买盘
427,14:33:09,11.3,-0.01,10,11842,卖盘
428,14:33:06,11.31,--,15,17021,买盘
429,14:33:03,11.31,--,66,75358,买盘
430,14:33:00,11.31,0.01,47,53371,买盘
431,14:32:57,11.3,--,4,5491,卖盘
432,14:32:54,11.3,--,34,39459,卖盘
433,14:32:51,11.3,--,68,76840,卖盘
434,14:32:48,11.3,--,0,192,卖盘
435,14:32:45,11.3,--,4,4915,卖盘
436,14:32:42,11.3,--,22,25368,卖盘
437,14:32:39,11.3,--,7,8350,卖盘
438,14:32:36,11.3,-0.01,9,10768,卖盘
439,14:32:33,11.31,--,50,56550,买盘
440,14:32:30,11.31,--,21,23751,买盘
441,14:32:24,11.31,--,9,10179,买盘
442,14:32:21,11.31,--,176,199056,买盘
443,14:32:18,11.31,--,8,9048,买盘
444,14:32:15,11.31,0.01,15,16965,买盘
445,14:32:12,11.3,--,15,16950,卖盘
446,14:32:09,11.3,-0.01,9,10170,卖盘
447,14:32:06,11.31,--,21,23751,买盘
448,14:32:03,11.31,0.01,438,495378,买盘
449,14:32:00,11.3,--,14,15820,卖盘
450,14:31:57,11.3,--,68,76840,卖盘
451,14:31:54,11.3,--,37,41810,卖盘
452,14:31:51,11.3,-0.01,21,23730,卖盘
453,14:31:48,11.31,0.01,5,5655,买盘
454,14:31:45,11.3,--,0,870,卖盘
455,14:31:42,11.3,--,14,15820,卖盘
456,14:31:39,11.3,--,157,177410,卖盘
457,14:31:33,11.3,--,88,99620,卖盘
458,14:31:30,11.3,--,132,149160,卖盘
459,14:31:27,11.3,-0.01,7,7910,卖盘
460,14:31:24,11.31,0.01,10,11310,买盘
461,14:31:21,11.3,--,18,20340,卖盘
462,14:31:18,11.3,--,10,11300,卖盘
463,14:31:12,11.3,0.01,210,237300,买盘
464,14:31:09,11.29,-0.01,8,9032,卖盘
465,14:31:06,11.3,0.01,5,5650,买盘
466,14:31:03,11.29,--,5,5645,卖盘
467,14:31:00,11.29,0.01,222,251586,买盘
468,14:30:57,11.28,-0.01,9,11099,卖盘
469,14:30:54,11.29,0.01,26,29907,买盘
470,14:30:51,11.28,-0.01,21,24240,卖盘
471,14:30:48,11.29,--,30,34107,买盘
472,14:30:45,11.29,0.01,23,25978,买盘
473,14:30:42,11.28,-0.01,17,19818,卖盘
474,14:30:39,11.29,0.01,19,21778,买盘
475,14:30:36,11.28,--,15,17901,卖盘
476,14:30:33,11.28,-0.01,85,96116,卖盘
477,14:30:30,11.29,--,364,411147,买盘
478,14:30:27,11.29,--,388,438797,卖盘
479,14:30:24,11.29,-0.01,13,14676,卖盘
480,14:30:21,11.3,--,118,133724,买盘
481,14:30:18,11.3,--,997,1126610,买盘
482,14:30:15,11.3,--,100,113000,买盘
483,14:30:12,11.3,0.01,30,33900,买盘
484,14:30:09,11.29,-0.01,229,258540,卖盘
485,14:30:06,11.3,--,39,44070,买盘
486,14:30:03,11.3,--,8,9040,买盘
487,14:30:00,11.3,-0.01,556,628280,卖盘
488,14:29:57,11.31,0.01,64,72384,买盘
489,14:29:54,11.3,--,17,19210,卖盘
490,14:29:51,11.3,--,16,18080,卖盘
491,14:29:48,11.3,--,4,4520,卖盘
492,14:29:45,11.3,--,204,230520,卖盘
493,14:29:42,11.3,-0.01,14,15820,卖盘
494,14:29:39,11.31,--,207,234117,买盘
495,14:29:36,11.31,0.01,55,62205,买盘
496,14:29:33,11.3,-0.01,15,16950,卖盘
497,14:29:30,11.31,--,747,844857,买盘
498,14:29:27,11.31,0.01,47,53157,买盘
499,14:29:24,11.3,-0.01,29,32770,卖盘
500,14:29:21,11.31,0.01,177,200187,买盘
501,14:29:15,11.3,-0.01,2,2260,卖盘
502,14:29:12,11.31,0.01,30,33930,买盘
503,14:29:09,11.3,-0.01,7,7910,卖盘
504,14:29:06,11.31,--,19,21489,买盘
505,14:29:03,11.31,0.01,11,12441,买盘
506,14:29:00,11.3,-0.01,17,19210,卖盘
507,14:28:57,11.31,0.01,50,56550,买盘
508,14:28:54,11.3,--,90,101700,卖盘
509,14:28:51,11.3,--,45,50850,买盘
510,14:28:48,11.3,0.01,362,409060,买盘
511,14:28:45,11.29,--,50,56449,卖盘
512,14:28:42,11.29,-0.01,14,15805,卖盘
513,14:28:39,11.3,--,13,14690,买盘
514,14:28:33,11.3,0.01,27,30510,买盘
515,14:28:30,11.29,--,35,39515,卖盘
516,14:28:24,11.29,-0.01,7,7902,卖盘
517,14:28:21,11.3,0.01,27,30510,买盘
518,14:28:18,11.29,-0.01,300,338700,卖盘
519,14:28:12,11.3,0.01,26,29380,买盘
520,14:28:09,11.29,-0.01,8,9032,卖盘
521,14:28:06,11.3,--,7,7910,买盘
522,14:28:03,11.3,0.02,33,37290,买盘
523,14:28:00,11.28,-0.01,244,275232,卖盘
524,14:27:57,11.29,--,41,46289,买盘
525,14:27:54,11.29,--,469,529975,卖盘
526,14:27:51,11.29,-0.01,34,38386,卖盘
527,14:27:48,11.3,--,8,9040,买盘
528,14:27:45,11.3,--,58,65540,买盘
529,14:27:42,11.3,0.01,18,20340,买盘
530,14:27:39,11.29,-0.01,7,7902,卖盘
531,14:27:33,11.3,0.01,1,1130,买盘
532,14:27:30,11.29,--,23,25966,卖盘
533,14:27:24,11.29,--,12,13547,卖盘
534,14:27:21,11.29,-0.01,15,16935,卖盘
535,14:27:18,11.3,0.01,26,29380,中性盘
536,14:27:15,11.29,--,7,7902,卖盘
537,14:27:12,11.29,0.01,193,218551,买盘
538,14:27:09,11.28,--,7,7896,卖盘
539,14:27:06,11.28,-0.01,115,129719,卖盘
540,14:27:03,11.29,--,64,72256,买盘
541,14:27:00,11.29,-0.01,737,832547,卖盘
542,14:26:54,11.3,--,20,22600,卖盘
543,14:26:51,11.3,-0.01,14,15820,卖盘
544,14:26:48,11.31,0.01,5,5655,买盘
545,14:26:42,11.3,0.01,984,1111920,买盘
546,14:26:39,11.29,-0.01,7,7902,卖盘
547,14:26:36,11.3,--,163,184190,买盘
548,14:26:33,11.3,--,75,84750,买盘
549,14:26:30,11.3,--,23,25990,买盘
550,14:26:27,11.3,--,23,25990,买盘
551,14:26:24,11.3,--,336,379680,卖盘
552,14:26:21,11.3,-0.02,55,62150,卖盘
553,14:26:18,11.32,0.02,5,5660,买盘
554,14:26:15,11.3,-0.02,967,1092710,卖盘
555,14:26:12,11.32,0.01,26,29432,买盘
556,14:26:09,11.31,0.01,39,44109,卖盘
557,14:26:06,11.3,-0.01,42,47460,卖盘
558,14:26:03,11.31,-0.01,135,152685,卖盘
559,14:26:00,11.32,0.01,11,12452,买盘
560,14:25:57,11.31,--,9,10179,卖盘
561,14:25:54,11.31,0.01,215,243165,买盘
562,14:25:51,11.3,-0.01,14,15820,卖盘
563,14:25:48,11.31,--,6,6786,买盘
564,14:25:45,11.31,--,1,1131,买盘
565,14:25:42,11.31,0.01,30,33930,买盘
566,14:25:39,11.3,-0.01,7,7910,卖盘
567,14:25:36,11.31,0.01,27,30537,买盘
568,14:25:30,11.3,-0.01,31,35030,中性盘
569,14:25:27,11.31,0.01,79,89349,买盘
570,14:25:24,11.3,--,8,9040,卖盘
571,14:25:21,11.3,--,33,37290,卖盘
572,14:25:18,11.3,--,28,31640,卖盘
573,14:25:15,11.3,--,166,187580,买盘
574,14:25:12,11.3,--,171,193230,买盘
575,14:25:09,11.3,--,17,19210,买盘
576,14:25:06,11.3,0.01,17,19210,买盘
577,14:25:00,11.29,-0.01,15,16935,卖盘
578,14:24:57,11.3,0.01,118,133340,买盘
579,14:24:54,11.29,-0.01,36,40644,卖盘
580,14:24:51,11.3,--,17,19210,买盘
581,14:24:48,11.3,0.01,769,869625,买盘
582,14:24:45,11.29,--,293,330797,买盘
583,14:24:42,11.29,0.01,514,580893,买盘
584,14:24:39,11.28,-0.01,27,30963,卖盘
585,14:24:36,11.29,0.01,64,72549,买盘
586,14:24:33,11.28,--,26,29361,卖盘
587,14:24:30,11.28,--,50,56400,卖盘
588,14:24:27,11.28,-0.01,23,25944,中性盘
589,14:24:24,11.29,0.01,36,40644,买盘
590,14:24:21,11.28,-0.01,92,103776,卖盘
591,14:24:18,11.29,0.01,24,27095,买盘
592,14:24:15,11.28,-0.01,24,27072,卖盘
593,14:24:12,11.29,0.01,40,45160,买盘
594,14:24:09,11.28,-0.01,62,69936,卖盘
595,14:24:06,11.29,0.01,10,11290,买盘
596,14:24:00,11.28,-0.01,20,22560,卖盘
597,14:23:57,11.29,0.01,25,28224,买盘
598,14:23:54,11.28,--,26,29328,卖盘
599,14:23:51,11.28,0.01,25,28200,买盘
600,14:23:48,11.27,-0.01,5,5635,卖盘
601,14:23:45,11.28,--,50,56400,买盘
602,14:23:42,11.28,0.01,42,47376,买盘
603,14:23:39,11.27,-0.01,13,14651,卖盘
604,14:23:36,11.28,--,7,7896,买盘
605,14:23:33,11.28,0.01,40,45120,买盘
606,14:23:30,11.27,--,112,126224,买盘
607,14:23:27,11.27,0.01,3,3381,买盘
608,14:23:24,11.26,-0.01,19,21394,卖盘
609,14:23:21,11.27,-0.01,50,56350,卖盘
610,14:23:18,11.28,0.01,28,31584,买盘
611,14:23:15,11.27,--,187,210749,买盘
612,14:23:12,11.27,--,156,176815,买盘
613,14:23:09,11.27,--,14,16442,买盘
614,14:23:06,11.27,0.01,10,12126,买盘
615,14:23:03,11.26,--,50,56446,卖盘
616,14:23:00,11.26,--,16,18871,卖盘
617,14:22:57,11.26,--,27,31021,卖盘
618,14:22:54,11.26,-0.01,181,204301,卖盘
619,14:22:51,11.27,0.01,509,573710,买盘
620,14:22:48,11.26,-0.02,1132,1275172,卖盘
621,14:22:45,11.28,--,38,43382,买盘
622,14:22:42,11.28,0.01,182,205296,买盘
623,14:22:39,11.27,-0.01,58,65366,卖盘
624,14:22:36,11.28,--,10,11280,买盘
625,14:22:33,11.28,0.01,37,41736,买盘
626,14:22:30,11.27,-0.01,1,1127,卖盘
627,14:22:27,11.28,0.01,112,126369,买盘
628,14:22:24,11.27,--,13,15270,卖盘
629,14:22:21,11.27,-0.01,23,26484,卖盘
630,14:22:18,11.28,--,8,9666,买盘
631,14:22:15,11.28,0.01,10,11640,买盘
632,14:22:12,11.27,--,25,28896,卖盘
633,14:22:09,11.27,-0.01,216,244367,卖盘
634,14:22:06,11.28,-0.01,974,1098672,卖盘
635,14:22:03,11.29,0.01,20,23336,买盘
636,14:22:00,11.28,-0.01,39,44341,卖盘
637,14:21:57,11.29,0.01,16,18899,买盘
638,14:21:54,11.28,--,36,41217,卖盘
639,14:21:51,11.28,-0.01,39,44544,卖盘
640,14:21:48,11.29,0.01,105,118680,买盘
641,14:21:45,11.28,--,3,3508,卖盘
642,14:21:42,11.28,--,20,22661,卖盘
643,14:21:39,11.28,-0.01,123,139014,卖盘
644,14:21:36,11.29,-0.01,569,642875,卖盘
645,14:21:33,11.3,0.01,16,18080,买盘
646,14:21:30,11.29,-0.01,15,16935,卖盘
647,14:21:27,11.3,--,23,25990,买盘
648,14:21:24,11.3,--,23,25990,买盘
649,14:21:21,11.3,0.01,23,25990,买盘
650,14:21:18,11.29,--,42,47801,买盘
651,14:21:15,11.29,0.01,11,12622,买盘
652,14:21:12,11.28,--,21,24534,卖盘
653,14:21:09,11.28,-0.01,46,51888,卖盘
654,14:21:06,11.29,--,1,1129,买盘
655,14:21:03,11.29,--,34,38386,买盘
656,14:21:00,11.29,--,8,9032,买盘
657,14:20:57,11.29,--,17,19193,买盘
658,14:20:54,11.29,0.01,10,11290,买盘
659,14:20:51,11.28,-0.01,32,36096,卖盘
660,14:20:48,11.29,--,8,9032,买盘
661,14:20:45,11.29,0.01,379,428421,买盘
662,14:20:42,11.28,--,188,212267,买盘
663,14:20:39,11.28,--,13,14957,买盘
664,14:20:36,11.28,-0.01,27,31347,买盘
665,14:20:33,11.29,0.01,224,253934,买盘
666,14:20:30,11.28,-0.01,127,144113,卖盘
667,14:20:27,11.29,--,37,42822,买盘
668,14:20:24,11.29,--,15,17284,买盘
669,14:20:21,11.29,--,42,48388,买盘
670,14:20:18,11.29,--,44,50342,买盘
671,14:20:15,11.29,--,15,17115,买盘
672,14:20:12,11.29,--,64,72538,买盘
673,14:20:09,11.29,--,313,354483,买盘
674,14:20:06,11.29,-0.01,1200,1355759,卖盘
675,14:20:03,11.3,0.01,85,96095,买盘
676,14:20:00,11.29,-0.01,43,49179,卖盘
677,14:19:57,11.3,0.01,162,183986,买盘
678,14:19:54,11.29,-0.01,121,137433,卖盘
679,14:19:51,11.3,-0.02,487,550310,卖盘
680,14:19:48,11.32,--,3,3396,买盘
681,14:19:45,11.32,0.01,140,158480,买盘
682,14:19:42,11.31,--,61,68991,买盘
683,14:19:39,11.31,0.01,1,1131,中性盘
684,14:19:36,11.3,--,23,25990,卖盘
685,14:19:33,11.3,-0.01,23,25990,卖盘
686,14:19:27,11.31,0.01,9,10179,买盘
687,14:19:24,11.3,--,103,116390,卖盘
688,14:19:21,11.3,-0.01,21,23730,卖盘
689,14:19:18,11.31,--,114,128934,买盘
690,14:19:15,11.31,--,39,44109,买盘
691,14:19:12,11.31,--,156,176436,买盘
692,14:19:09,11.31,--,12,13572,买盘
693,14:19:06,11.31,--,42,47502,买盘
694,14:19:03,11.31,--,65,73515,买盘
695,14:19:00,11.31,--,25,28275,买盘
696,14:18:57,11.31,--,22,24882,买盘
697,14:18:54,11.31,0.01,49,55419,买盘
698,14:18:51,11.3,-0.01,44,49720,卖盘
699,14:18:48,11.31,--,163,184353,卖盘
700,14:18:45,11.31,-0.01,199,225069,卖盘
701,14:18:42,11.32,0.01,65,73580,买盘
702,14:18:39,11.31,-0.01,10,11310,卖盘
703,14:18:36,11.32,0.01,11,12452,买盘
704,14:18:30,11.31,-0.01,106,119886,卖盘
705,14:18:27,11.32,0.01,41,46412,买盘
706,14:18:24,11.31,--,41,46371,卖盘
707,14:18:21,11.31,--,174,196794,卖盘
708,14:18:18,11.31,0.01,383,433173,买盘
709,14:18:12,11.3,--,29,32770,卖盘
710,14:18:09,11.3,--,118,133340,买盘
711,14:18:06,11.3,0.01,1,1130,买盘
712,14:18:00,11.29,--,19,21451,卖盘
713,14:17:57,11.29,-0.01,7,7902,卖盘
714,14:17:54,11.3,0.01,3,3390,买盘
715,14:17:51,11.29,--,15,16935,卖盘
716,14:17:45,11.29,--,818,923521,买盘
717,14:17:42,11.29,--,126,142254,买盘
718,14:17:39,11.29,--,107,120802,买盘
719,14:17:36,11.29,--,109,123060,买盘
720,14:17:33,11.29,--,115,129834,买盘
721,14:17:30,11.29,0.01,10,11290,买盘
722,14:17:27,11.28,-0.01,6,6768,卖盘
723,14:17:24,11.29,0.01,1,1129,买盘
724,14:17:21,11.28,--,25,28200,卖盘
725,14:17:18,11.28,-0.01,17,19176,卖盘
726,14:17:15,11.29,--,101,114028,买盘
727,14:17:12,11.29,--,38,42902,买盘
728,14:17:09,11.29,--,1,1129,买盘
729,14:17:06,11.29,--,328,370312,卖盘
730,14:17:00,11.29,--,14,15805,卖盘
731,14:16:57,11.29,--,7,7902,卖盘
732,14:16:54,11.29,--,30,33870,卖盘
733,14:16:51,11.29,-0.01,466,526114,卖盘
734,14:16:45,11.3,--,54,61020,买盘
735,14:16:42,11.3,0.02,122,137860,买盘
736,14:16:39,11.28,-0.01,6,6768,卖盘
737,14:16:36,11.29,--,90,101609,买盘
738,14:16:33,11.29,0.01,826,932712,买盘
739,14:16:30,11.28,--,3,4218,卖盘
740,14:16:27,11.28,--,19,21522,卖盘
741,14:16:24,11.28,-0.01,27,30613,卖盘
742,14:16:21,11.29,--,135,152663,买盘
743,14:16:18,11.29,--,23,25978,买盘
744,14:16:15,11.29,--,89,100876,买盘
745,14:16:12,11.29,--,330,372829,买盘
746,14:16:09,11.29,-0.01,339,382731,卖盘
747,14:16:06,11.3,--,45,51720,买盘
748,14:16:03,11.3,0.01,81,91643,买盘
749,14:16:00,11.29,--,166,187414,卖盘
750,14:15:57,11.29,--,55,62094,卖盘
751,14:15:54,11.29,-0.01,18,20322,卖盘
752,14:15:51,11.3,0.01,299,337881,买盘
753,14:15:48,11.29,0.01,0,135,卖盘
754,14:15:45,11.28,-0.02,2,3361,卖盘
755,14:15:42,11.3,0.01,38,43968,买盘
756,14:15:39,11.29,--,39,44392,买盘
757,14:15:36,11.29,0.01,303,342087,买盘
758,14:15:33,11.28,-0.01,14,15792,卖盘
759,14:15:30,11.29,-0.01,8,9032,中性盘
760,14:15:24,11.3,0.04,245,277392,买盘
761,14:15:21,11.26,-0.04,279,315077,卖盘
762,14:15:18,11.3,0.04,163,184190,买盘
763,14:15:15,11.26,-0.04,1004,1130504,卖盘
764,14:15:12,11.3,0.01,287,325067,买盘
765,14:15:09,11.29,-0.01,996,1124517,卖盘
766,14:15:06,11.3,--,144,162720,买盘
767,14:15:03,11.3,0.01,877,991010,买盘
768,14:15:00,11.29,--,24,27095,卖盘
769,14:14:54,11.29,--,7,7902,卖盘
770,14:14:51,11.29,--,15,16935,卖盘
771,14:14:42,11.29,0.01,1159,1308511,买盘
772,14:14:39,11.28,--,328,369984,卖盘
773,14:14:36,11.28,-0.01,110,124080,卖盘
774,14:14:33,11.29,0.01,1,1129,买盘
775,14:14:30,11.28,--,44,49632,卖盘
776,14:14:27,11.28,0.01,21,23688,买盘
777,14:14:24,11.27,0.01,106,119462,中性盘
778,14:14:21,11.26,--,15,16890,卖盘
779,14:14:15,11.26,-0.02,15,16890,卖盘
780,14:14:12,11.28,0.01,319,359832,买盘
781,14:14:09,11.27,0.01,8,9016,卖盘
782,14:14:03,11.26,--,115,129490,卖盘
783,14:13:54,11.26,--,7,7882,卖盘
784,14:13:51,11.26,--,63,70938,卖盘
785,14:13:48,11.26,--,1,1126,卖盘
786,14:13:45,11.26,0.01,403,453778,买盘
787,14:13:42,11.25,--,15,16875,卖盘
788,14:13:39,11.25,--,7,7875,卖盘
789,14:13:36,11.25,--,106,119250,买盘
790,14:13:33,11.25,0.01,435,489375,买盘
791,14:13:30,11.24,-0.01,273,306852,卖盘
792,14:13:27,11.25,--,15,16875,买盘
793,14:13:24,11.25,0.01,9,10125,买盘
794,14:13:21,11.24,-0.04,572,642928,卖盘
795,14:13:15,11.28,0.02,5,5640,买盘
796,14:13:12,11.26,-0.01,14,15764,卖盘
797,14:13:09,11.27,-0.02,12,13524,中性盘
798,14:13:03,11.29,0.03,71,80159,买盘
799,14:13:00,11.26,-0.02,27,30402,卖盘
800,14:12:57,11.28,0.03,205,231240,买盘
801,14:12:54,11.25,-0.03,93,104625,买盘
802,14:12:51,11.28,0.03,1077,1214856,买盘
803,14:12:45,11.25,--,30,33750,买盘
804,14:12:42,11.25,--,67,75375,买盘
805,14:12:39,11.25,--,263,295875,买盘
806,14:12:36,11.25,--,222,249750,买盘
807,14:12:33,11.25,0.01,174,195750,买盘
808,14:12:30,11.24,-0.01,19,21356,卖盘
809,14:12:27,11.25,--,45,50625,买盘
810,14:12:24,11.25,--,174,195828,买盘
811,14:12:21,11.25,--,30,33750,买盘
812,14:12:12,11.25,0.01,57,64125,买盘
813,14:12:09,11.24,-0.01,14,15736,卖盘
814,14:12:06,11.25,0.01,4,4500,买盘
815,14:12:03,11.24,-0.01,15,16860,卖盘
816,14:12:00,11.25,--,20,22500,买盘
817,14:11:54,11.25,0.01,32,36000,买盘
818,14:11:51,11.24,--,23,25852,卖盘
819,14:11:45,11.24,--,21,23873,卖盘
820,14:11:42,11.24,--,118,132924,卖盘
821,14:11:39,11.24,-0.01,553,622651,卖盘
822,14:11:36,11.25,--,163,183892,买盘
823,14:11:33,11.25,0.01,255,287538,买盘
824,14:11:30,11.24,-0.01,216,243458,卖盘
825,14:11:27,11.25,0.01,85,96356,买盘
826,14:11:24,11.24,--,30,33787,卖盘
827,14:11:21,11.24,--,15,16871,卖盘
828,14:11:18,11.24,--,0,134,卖盘
829,14:11:15,11.24,--,3,3372,卖盘
830,14:11:12,11.24,-0.01,17,19681,卖盘
831,14:11:09,11.25,--,17,19800,买盘
832,14:11:06,11.25,0.01,6,7548,买盘
833,14:11:03,11.24,--,23,26076,卖盘
834,14:11:00,11.24,-0.01,3,4192,卖盘
835,14:10:57,11.25,--,29,32681,买盘
836,14:10:54,11.25,0.01,75,85353,买盘
837,14:10:51,11.24,--,14,15736,卖盘
838,14:10:48,11.24,--,0,213,卖盘
839,14:10:45,11.24,--,4,5181,卖盘
840,14:10:42,11.24,--,28,32315,卖盘
841,14:10:39,11.24,--,41,46792,卖盘
842,14:10:36,11.24,--,24,27953,卖盘
843,14:10:33,11.24,--,14,15983,卖盘
844,14:10:30,11.24,--,1,1584,卖盘
845,14:10:27,11.24,-0.01,10,11509,卖盘
846,14:10:24,11.25,--,66,75116,买盘
847,14:10:21,11.25,--,103,116527,买盘
848,14:10:18,11.25,0.01,15,16953,买盘
849,14:10:15,11.24,-0.01,19,21558,卖盘
850,14:10:12,11.25,0.01,26,29801,买盘
851,14:10:09,11.24,-0.01,8,9643,卖盘
852,14:10:06,11.25,--,10,12037,买盘
853,14:10:03,11.25,0.01,30,34413,买盘
854,14:10:00,11.24,-0.01,97,109455,卖盘
855,14:09:57,11.25,--,288,324000,卖盘
856,14:09:54,11.25,--,84,94500,卖盘
857,14:09:51,11.25,--,15,16875,卖盘
858,14:09:48,11.25,--,2,2250,卖盘
859,14:09:42,11.25,0.01,112,126922,买盘
860,14:09:39,11.24,--,289,325139,卖盘
861,14:09:36,11.24,--,1231,1384385,卖盘
862,14:09:33,11.24,-0.01,116,130811,卖盘
863,14:09:30,11.25,--,341,383625,卖盘
864,14:09:27,11.25,--,102,114750,卖盘
865,14:09:24,11.25,--,144,162000,买盘
866,14:09:21,11.25,-0.03,721,811901,卖盘
867,14:09:15,11.28,0.03,33,37224,买盘
868,14:09:12,11.25,-0.03,1002,1127250,卖盘
869,14:09:09,11.28,--,8,9024,买盘
870,14:09:03,11.28,0.01,11,12408,买盘
871,14:09:00,11.27,-0.01,18,20286,卖盘
872,14:08:57,11.28,0.01,67,75576,买盘
873,14:08:54,11.27,-0.01,7,7889,卖盘
874,14:08:51,11.28,-0.01,33,37472,卖盘
875,14:08:48,11.29,0.01,14,15805,买盘
876,14:08:45,11.28,--,86,97887,卖盘
877,14:08:42,11.28,--,14,15792,卖盘
878,14:08:39,11.28,--,33,37224,卖盘
879,14:08:36,11.28,--,2,2256,卖盘
880,14:08:30,11.28,--,27,30456,卖盘
881,14:08:24,11.28,--,7,7896,卖盘
882,14:08:21,11.28,-0.01,222,250416,卖盘
883,14:08:18,11.29,0.01,3,3386,买盘
884,14:08:15,11.28,-0.01,29,32711,卖盘
885,14:08:12,11.29,0.01,48,54191,买盘
886,14:08:09,11.28,--,18,20304,买盘
887,14:08:06,11.28,--,94,106494,卖盘
888,14:08:03,11.28,0.01,507,572561,买盘
889,14:08:00,11.27,-0.01,14,15778,卖盘
890,14:07:57,11.28,0.01,51,57528,买盘
891,14:07:54,11.27,--,6,6762,卖盘
892,14:07:51,11.27,--,15,16905,卖盘
893,14:07:48,11.27,-0.01,1,1127,卖盘
894,14:07:45,11.28,0.01,50,56400,买盘
895,14:07:42,11.27,-0.01,24,27048,卖盘
896,14:07:39,11.28,--,161,181608,买盘
897,14:07:36,11.28,0.01,50,56400,买盘
898,14:07:30,11.27,--,16,18032,卖盘
899,14:07:27,11.27,--,25,28175,卖盘
900,14:07:24,11.27,-0.01,7,7889,卖盘
901,14:07:21,11.28,0.01,20,22560,买盘
902,14:07:18,11.27,-0.01,5,5635,中性盘
903,14:07:12,11.28,0.01,88,99264,买盘
904,14:07:09,11.27,0.01,11,12397,买盘
905,14:07:06,11.26,-0.01,6,6756,卖盘
906,14:07:03,11.27,0.01,1,1127,买盘
907,14:07:00,11.26,--,21,23646,卖盘
908,14:06:57,11.26,-0.01,278,313028,卖盘
909,14:06:54,11.27,0.01,13,14651,买盘
910,14:06:51,11.26,--,815,917690,卖盘
911,14:06:48,11.26,0.02,2489,2802794,买盘
912,14:06:45,11.24,--,46,51827,卖盘
913,14:06:42,11.24,--,230,259509,卖盘
914,14:06:39,11.24,-0.01,44,49804,卖盘
915,14:06:36,11.25,0.01,65,73271,买盘
916,14:06:33,11.24,--,3,3686,卖盘
917,14:06:30,11.24,-0.01,16,18231,卖盘
918,14:06:27,11.25,0.01,1,1552,买盘
919,14:06:24,11.24,--,5,6339,卖盘
920,14:06:21,11.24,-0.01,25,28470,卖盘
921,14:06:18,11.25,0.01,17,19541,买盘
922,14:06:15,11.24,-0.01,34,38407,卖盘
923,14:06:12,11.25,--,168,189202,卖盘
924,14:06:09,11.25,--,8,9562,卖盘
925,14:06:06,11.25,-0.01,8,9697,卖盘
926,14:06:03,11.26,0.01,15,17847,买盘
927,14:06:00,11.25,--,48,54843,卖盘
928,14:05:57,11.25,--,18,20913,卖盘
929,14:05:54,11.25,--,94,106335,卖盘
930,14:05:51,11.25,--,22,24952,卖盘
931,14:05:48,11.25,-0.01,4,5062,卖盘
932,14:05:45,11.26,--,26,29625,买盘
933,14:05:42,11.26,--,81,91206,卖盘
934,14:05:36,11.26,-0.01,7,7882,卖盘
935,14:05:33,11.27,0.01,5,5635,买盘
936,14:05:30,11.26,-0.01,16,18016,卖盘
937,14:05:24,11.27,0.01,70,78890,买盘
938,14:05:21,11.26,-0.01,29,32654,卖盘
939,14:05:15,11.27,0.01,87,98049,买盘
940,14:05:12,11.26,-0.01,2,2252,卖盘
941,14:05:09,11.27,0.03,13,14651,买盘
942,14:05:06,11.24,-0.01,102,114648,卖盘
943,14:05:03,11.25,0.01,12,13500,买盘
944,14:05:00,11.24,-0.01,35,39340,卖盘
945,14:04:57,11.25,0.01,1,1125,买盘
946,14:04:54,11.24,-0.01,219,246156,卖盘
947,14:04:51,11.25,0.01,1290,1451688,买盘
948,14:04:48,11.24,--,18,21311,卖盘
949,14:04:45,11.24,--,24,27549,卖盘
950,14:04:42,11.24,--,148,166352,卖盘
951,14:04:39,11.24,--,24,26976,卖盘
952,14:04:36,11.24,-0.01,42,47208,卖盘
953,14:04:33,11.25,--,26,29250,买盘
954,14:04:30,11.25,-0.01,104,117000,卖盘
955,14:04:24,11.26,--,25,28150,买盘
956,14:04:21,11.26,-0.01,2,2252,卖盘
957,14:04:18,11.27,--,1,1127,买盘
958,14:04:15,11.27,0.02,41,46207,买盘
959,14:04:12,11.25,-0.02,7,7875,卖盘
960,14:04:09,11.27,0.03,15,16905,买盘
961,14:04:06,11.24,-0.03,21,23604,卖盘
962,14:04:03,11.27,--,39,43953,买盘
963,14:04:00,11.27,0.03,17,19159,买盘
964,14:03:57,11.24,-0.03,28,31472,卖盘
965,14:03:54,11.27,--,67,75509,买盘
966,14:03:51,11.27,--,45,50715,买盘
967,14:03:48,11.27,0.04,5,5635,买盘
968,14:03:45,11.23,--,12,13476,卖盘
969,14:03:42,11.23,--,30,33690,卖盘
970,14:03:36,11.23,--,8,8984,卖盘
971,14:03:33,11.23,--,183,206384,买盘
972,14:03:30,11.23,--,301,338797,买盘
973,14:03:27,11.23,--,144,162228,买盘
974,14:03:24,11.23,0.01,95,106797,买盘
975,14:03:21,11.22,-0.01,100,112996,卖盘
976,14:03:18,11.23,--,345,388479,买盘
977,14:03:15,11.23,--,581,652620,买盘
978,14:03:12,11.23,--,128,144283,买盘
979,14:03:09,11.23,0.01,269,302895,买盘
980,14:03:06,11.22,-0.01,567,636858,卖盘
981,14:03:03,11.23,--,356,399788,买盘
982,14:03:00,11.23,-0.04,2177,2445029,卖盘
983,14:02:57,11.27,0.01,39,43953,买盘
984,14:02:54,11.26,--,2,2252,买盘
985,14:02:51,11.26,-0.01,3,3378,卖盘
986,14:02:48,11.27,--,7,7889,买盘
987,14:02:45,11.27,0.02,37,41699,买盘
988,14:02:42,11.25,0.01,44,50096,买盘
989,14:02:36,11.24,--,189,212525,卖盘
990,14:02:33,11.24,--,500,562000,卖盘
991,14:02:30,11.24,--,22,24728,卖盘
992,14:02:27,11.24,-0.01,2,2248,卖盘
993,14:02:24,11.25,0.01,47,53021,买盘
994,14:02:21,11.24,--,2,3225,卖盘
995,14:02:18,11.24,--,24,27122,买盘
996,14:02:15,11.24,0.01,143,161473,买盘
997,14:02:12,11.23,-0.01,237,266566,卖盘
998,14:02:09,11.24,-0.01,397,447273,卖盘
999,14:02:06,11.25,--,392,441843,买盘
1000,14:02:03,11.25,--,236,265860,买盘
1001,14:02:00,11.25,-0.02,724,815028,卖盘
1002,14:01:57,11.27,--,276,311052,买盘
1003,14:01:54,11.27,0.02,1187,1338842,买盘
1004,14:01:51,11.25,--,36,40500,卖盘
1005,14:01:48,11.25,-0.03,1300,1462635,卖盘
1006,14:01:45,11.28,--,126,142522,买盘
1007,14:01:42,11.28,--,34,39446,买盘
1008,14:01:39,11.28,--,25,28933,买盘
1009,14:01:36,11.28,0.01,8,9396,买盘
1010,14:01:33,11.27,--,8,9230,卖盘
1011,14:01:30,11.27,--,40,45102,卖盘
1012,14:01:27,11.27,--,0,822,卖盘
1013,14:01:24,11.27,-0.01,18,20466,卖盘
1014,14:01:21,11.28,--,91,103651,买盘
1015,14:01:18,11.28,0.01,19,21578,买盘
1016,14:01:15,11.27,--,2,3279,卖盘
1017,14:01:12,11.27,--,15,17445,卖盘
1018,14:01:09,11.27,-0.01,12,13602,卖盘
1019,14:01:06,11.28,--,36,41329,买盘
1020,14:01:03,11.28,0.02,59,67070,买盘
1021,14:01:00,11.26,-0.02,232,261232,卖盘
1022,14:00:57,11.28,--,18,20304,买盘
1023,14:00:54,11.28,0.02,31,34968,买盘
1024,14:00:51,11.26,-0.02,27,30402,卖盘
1025,14:00:48,11.28,--,36,40608,买盘
1026,14:00:45,11.28,0.02,24,27072,买盘
1027,14:00:42,11.26,--,75,84945,买盘
1028,14:00:39,11.26,--,36,41312,买盘
1029,14:00:36,11.26,--,135,152561,买盘
1030,14:00:33,11.26,--,92,103637,买盘
1031,14:00:30,11.26,--,22,24884,买盘
1032,14:00:27,11.26,--,77,86803,买盘
1033,14:00:24,11.26,0.01,36,40952,买盘
1034,14:00:21,11.25,-0.01,101,114615,卖盘
1035,14:00:18,11.26,0.01,14,16068,买盘
1036,14:00:15,11.25,-0.01,6,7425,卖盘
1037,14:00:12,11.26,--,33,37597,买盘
1038,14:00:09,11.26,--,10,11597,买盘
1039,14:00:06,11.26,--,24,27924,买盘
1040,14:00:03,11.26,0.01,29,33295,买盘
1041,14:00:00,11.25,-0.01,45,50715,卖盘
1042,13:59:57,11.26,--,50,56649,买盘
1043,13:59:54,11.26,--,28,32372,买盘
1044,13:59:51,11.26,--,179,201554,卖盘
1045,13:59:42,11.26,--,132,148981,买盘
1046,13:59:39,11.26,-0.01,105,118230,卖盘
1047,13:59:36,11.27,0.02,34,38892,买盘
1048,13:59:33,11.25,--,12,14242,卖盘
1049,13:59:30,11.25,-0.01,82,93172,卖盘
1050,13:59:27,11.26,--,127,143452,卖盘
1051,13:59:24,11.26,--,4,5202,卖盘
1052,13:59:21,11.26,--,24,28127,卖盘
1053,13:59:18,11.26,-0.01,2,2252,卖盘
1054,13:59:15,11.27,0.01,27,31240,买盘
1055,13:59:12,11.26,0.01,23,26123,中性盘
1056,13:59:09,11.25,-0.02,5,5805,卖盘
1057,13:59:06,11.27,--,30,33900,买盘
1058,13:59:03,11.27,-0.01,57,64599,买盘
1059,13:59:00,11.28,0.03,13,14664,买盘
1060,13:58:57,11.25,--,24,27000,卖盘
1061,13:58:54,11.25,-0.01,228,256500,卖盘
1062,13:58:51,11.26,--,43,48418,买盘
1063,13:58:48,11.26,--,124,139736,买盘
1064,13:58:45,11.26,-0.02,260,293705,卖盘
1065,13:58:42,11.28,0.03,49,55993,买盘
1066,13:58:39,11.25,-0.01,3,4432,卖盘
1067,13:58:36,11.26,--,12,13512,卖盘
1068,13:58:33,11.26,--,30,33847,买盘
1069,13:58:30,11.26,--,54,60871,卖盘
1070,13:58:27,11.26,--,0,349,卖盘
1071,13:58:24,11.26,-0.01,7,8906,卖盘
1072,13:58:21,11.27,0.01,45,50962,买盘
1073,13:58:18,11.26,-0.01,41,46424,卖盘
1074,13:58:15,11.27,0.01,14,16172,买盘
1075,13:58:12,11.26,-0.01,22,24862,卖盘
1076,13:58:09,11.27,0.01,41,46702,买盘
1077,13:58:06,11.26,--,7,8163,卖盘
1078,13:58:03,11.26,0.01,6,6924,卖盘
1079,13:58:00,11.25,--,30,33975,卖盘
1080,13:57:57,11.25,-0.02,5,5703,卖盘
1081,13:57:54,11.27,0.02,36,40932,买盘
1082,13:57:51,11.25,-0.02,73,83002,卖盘
1083,13:57:48,11.27,0.02,43,49542,买盘
1084,13:57:45,11.25,-0.02,1,1226,卖盘
1085,13:57:42,11.27,0.02,132,149541,买盘
1086,13:57:39,11.25,-0.02,9,10406,卖盘
1087,13:57:36,11.27,--,24,27893,买盘
1088,13:57:33,11.27,--,14,16555,买盘
1089,13:57:30,11.27,--,78,88728,买盘
1090,13:57:27,11.27,--,76,85922,买盘
1091,13:57:24,11.27,0.02,32,36300,买盘
1092,13:57:21,11.25,--,40,45585,卖盘
1093,13:57:18,11.25,-0.02,12,14490,卖盘
1094,13:57:15,11.27,--,32,36064,买盘
1095,13:57:12,11.27,0.01,116,131588,买盘
1096,13:57:09,11.26,--,0,889,卖盘
1097,13:57:06,11.26,-0.01,10,11473,卖盘
1098,13:57:03,11.27,0.01,17,20139,买盘
1099,13:57:00,11.26,0.01,14,15932,卖盘
1100,13:56:57,11.25,-0.02,3,4286,卖盘
1101,13:56:54,11.27,0.02,21,24050,买盘
1102,13:56:51,11.25,--,17,19631,卖盘
1103,13:56:48,11.25,--,7,8156,卖盘
1104,13:56:45,11.25,-0.02,6,7132,卖盘
1105,13:56:42,11.27,0.02,31,35015,买盘
1106,13:56:39,11.25,--,1,1991,卖盘
1107,13:56:36,11.25,--,15,16875,卖盘
1108,13:56:33,11.25,--,60,67770,卖盘
1109,13:56:30,11.25,--,41,46428,卖盘
1110,13:56:27,11.25,--,127,142875,卖盘
1111,13:56:24,11.25,--,234,263250,卖盘
1112,13:56:21,11.25,--,32,36000,卖盘
1113,13:56:18,11.25,--,60,67500,卖盘
1114,13:56:12,11.25,-0.02,15,16875,卖盘
1115,13:56:09,11.27,--,33,37191,买盘
1116,13:56:06,11.27,0.02,50,56350,买盘
1117,13:56:03,11.25,-0.01,8,9000,卖盘
1118,13:56:00,11.26,-0.01,25,28150,卖盘
1119,13:55:57,11.27,0.01,28,31556,买盘
1120,13:55:54,11.26,0.01,5,5630,买盘
1121,13:55:51,11.25,--,25,28125,卖盘
1122,13:55:48,11.25,--,32,36000,卖盘
1123,13:55:45,11.25,-0.01,28,31500,卖盘
1124,13:55:42,11.26,-0.01,14,15764,卖盘
1125,13:55:36,11.27,0.01,15,16905,买盘
1126,13:55:33,11.26,--,7,7882,卖盘
1127,13:55:30,11.26,-0.01,15,16890,中性盘
1128,13:55:24,11.27,0.02,24,27048,买盘
1129,13:55:21,11.25,--,20,22500,卖盘
1130,13:55:18,11.25,-0.02,6,6750,中性盘
1131,13:55:15,11.27,--,18,20286,买盘
1132,13:55:12,11.27,0.02,68,76636,买盘
1133,13:55:09,11.25,--,598,672750,买盘
1134,13:55:06,11.25,0.01,20,22500,买盘
1135,13:55:03,11.24,--,44,49456,卖盘
1136,13:55:00,11.24,--,16,17984,卖盘
1137,13:54:57,11.24,-0.01,5,5620,卖盘
1138,13:54:54,11.25,--,4,4500,买盘
1139,13:54:51,11.25,0.01,35,39375,买盘
1140,13:54:48,11.24,-0.01,8,8992,卖盘
1141,13:54:42,11.25,0.01,30,33750,买盘
1142,13:54:33,11.24,--,17,19108,卖盘
1143,13:54:30,11.24,--,32,35968,卖盘
1144,13:54:27,11.24,--,29,32596,买盘
1145,13:54:24,11.24,--,1,1124,买盘
1146,13:54:21,11.24,-0.01,68,76836,卖盘
1147,13:54:18,11.25,--,56,63033,买盘
1148,13:54:15,11.25,--,57,64811,买盘
1149,13:54:12,11.25,--,25,28440,买盘
1150,13:54:09,11.25,0.01,16,18090,买盘
1151,13:54:06,11.24,--,2,2248,卖盘
1152,13:54:03,11.24,--,21,23851,卖盘
1153,13:54:00,11.24,-0.01,79,89470,卖盘
1154,13:53:57,11.25,--,68,76646,买盘
1155,13:53:54,11.25,0.01,92,103837,买盘
1156,13:53:51,11.24,--,323,363647,卖盘
1157,13:53:48,11.24,--,27,30505,卖盘
1158,13:53:45,11.24,-0.01,3,3945,卖盘
1159,13:53:42,11.25,--,21,24311,买盘
1160,13:53:39,11.25,--,45,51738,买盘
1161,13:53:36,11.25,0.01,113,127653,买盘
1162,13:53:33,11.24,--,8,9138,卖盘
1163,13:53:30,11.24,-0.01,15,16860,卖盘
1164,13:53:27,11.25,--,5,5625,买盘
1165,13:53:24,11.25,0.01,17,19125,买盘
1166,13:53:21,11.24,--,16,17984,卖盘
1167,13:53:18,11.24,-0.01,27,30348,卖盘
1168,13:53:12,11.25,0.01,39,43875,买盘
1169,13:53:09,11.24,--,6,6845,卖盘
1170,13:53:06,11.24,--,38,42712,卖盘
1171,13:53:03,11.24,--,105,118143,卖盘
1172,13:53:00,11.24,-0.01,287,323464,卖盘
1173,13:52:57,11.25,0.01,55,62448,买盘
1174,13:52:54,11.24,--,21,24716,卖盘
1175,13:52:51,11.24,--,30,34180,卖盘
1176,13:52:48,11.24,-0.01,10,11835,卖盘
1177,13:52:45,11.25,0.01,26,30105,买盘
1178,13:52:42,11.24,-0.01,82,92583,卖盘
1179,13:52:39,11.25,--,366,411772,卖盘
1180,13:52:36,11.25,-0.01,500,562500,卖盘
1181,13:52:33,11.26,0.01,80,90080,买盘
1182,13:52:30,11.25,-0.01,14,15750,卖盘
1183,13:52:27,11.26,--,18,20268,买盘
1184,13:52:24,11.26,0.01,7,7882,买盘
1185,13:52:21,11.25,--,15,16875,卖盘
1186,13:52:18,11.25,--,72,81000,卖盘
1187,13:52:15,11.25,-0.01,65,73293,卖盘
1188,13:52:12,11.26,-0.01,46,51796,中性盘
1189,13:52:06,11.27,0.02,17,19159,买盘
1190,13:52:03,11.25,--,7,7875,卖盘
1191,13:52:00,11.25,-0.02,6,6750,卖盘
1192,13:51:57,11.27,0.02,18,20286,买盘
1193,13:51:54,11.25,-0.01,80,90000,卖盘
1194,13:51:51,11.26,--,14,15764,卖盘
1195,13:51:48,11.26,-0.01,7,7882,卖盘
1196,13:51:45,11.27,0.01,17,19159,买盘
1197,13:51:42,11.26,-0.01,15,16890,卖盘
1198,13:51:39,11.27,0.01,1,1127,买盘
1199,13:51:36,11.26,--,30,33780,买盘
1200,13:51:33,11.26,0.01,267,300642,买盘
1201,13:51:30,11.25,-0.01,23,25875,卖盘
1202,13:51:24,11.26,0.01,16,18016,买盘
1203,13:51:21,11.25,--,15,16875,卖盘
1204,13:51:18,11.25,-0.01,34,38250,卖盘
1205,13:51:15,11.26,0.01,8,9008,买盘
1206,13:51:12,11.25,--,35,39375,卖盘
1207,13:51:03,11.25,--,7,7875,卖盘
1208,13:51:00,11.25,--,33,37125,卖盘
1209,13:50:51,11.25,--,31,34875,卖盘
1210,13:50:48,11.25,-0.01,13,15210,卖盘
1211,13:50:45,11.26,--,7,7882,买盘
1212,13:50:42,11.26,0.01,32,36583,买盘
1213,13:50:39,11.25,--,17,19226,卖盘
1214,13:50:36,11.25,--,2,2373,卖盘
1215,13:50:33,11.25,--,24,27056,卖盘
1216,13:50:30,11.25,-0.01,109,123266,卖盘
1217,13:50:27,11.26,--,159,179247,卖盘
1218,13:50:24,11.26,--,1,2038,卖盘
1219,13:50:21,11.26,--,15,16890,卖盘
1220,13:50:18,11.26,--,21,23646,卖盘
1221,13:50:12,11.26,-0.01,14,15764,卖盘
1222,13:50:06,11.27,0.02,16,18032,买盘
1223,13:50:03,11.25,--,7,7875,卖盘
1224,13:50:00,11.25,-0.02,17,19125,卖盘
1225,13:49:54,11.27,0.02,17,19159,买盘
1226,13:49:51,11.25,--,14,15750,卖盘
1227,13:49:48,11.25,--,7,7875,卖盘
1228,13:49:45,11.25,--,21,23625,卖盘
1229,13:49:42,11.25,--,15,16875,卖盘
1230,13:49:39,11.25,0.01,9,10125,中性盘
1231,13:49:36,11.24,-0.03,43,48332,卖盘
1232,13:49:33,11.27,0.03,39,43953,买盘
1233,13:49:30,11.24,-0.01,2,2248,卖盘
1234,13:49:24,11.25,-0.02,60,68186,卖盘
1235,13:49:21,11.27,0.02,32,36424,买盘
1236,13:49:18,11.25,--,29,32872,卖盘
1237,13:49:15,11.25,-0.01,110,124818,卖盘
1238,13:49:12,11.26,--,76,85576,卖盘
1239,13:49:09,11.26,--,8,9008,买盘
1240,13:49:03,11.26,--,222,250805,买盘
1241,13:49:00,11.26,0.01,116,130672,卖盘
1242,13:48:57,11.25,--,1,1338,卖盘
1243,13:48:54,11.25,--,9,10440,卖盘
1244,13:48:51,11.25,-0.01,24,27573,卖盘
1245,13:48:48,11.26,0.01,22,24828,买盘
1246,13:48:45,11.25,--,1,1788,卖盘
1247,13:48:42,11.25,-0.02,14,15750,卖盘
1248,13:48:39,11.27,0.02,17,19159,买盘
1249,13:48:36,11.25,-0.01,6,6750,卖盘
1250,13:48:33,11.26,0.01,42,47787,买盘
1251,13:48:30,11.25,-0.01,138,155250,卖盘
1252,13:48:27,11.26,0.01,24,27024,卖盘
1253,13:48:24,11.25,--,8,9000,卖盘
1254,13:48:21,11.25,--,14,15750,卖盘
1255,13:48:18,11.25,-0.01,7,7875,卖盘
1256,13:48:15,11.26,0.01,50,56795,买盘
1257,13:48:12,11.25,-0.01,160,181091,卖盘
1258,13:48:09,11.26,-0.01,10,11260,卖盘
1259,13:48:06,11.27,0.02,19,21999,买盘
1260,13:48:03,11.25,--,22,25177,卖盘
1261,13:48:00,11.25,--,9,10755,卖盘
1262,13:47:57,11.25,-0.02,49,55563,卖盘
1263,13:47:54,11.27,0.02,19,21548,买盘
1264,13:47:51,11.25,--,16,18326,卖盘
1265,13:47:48,11.25,--,7,8426,卖盘
1266,13:47:45,11.25,-0.02,12,14186,卖盘
1267,13:47:42,11.27,0.02,33,37675,买盘
1268,13:47:39,11.25,--,35,40252,卖盘
1269,13:47:36,11.25,-0.01,191,214875,卖盘
1270,13:47:33,11.26,--,58,65308,卖盘
1271,13:47:30,11.26,--,5,5630,卖盘
1272,13:47:27,11.26,--,206,232372,买盘
1273,13:47:24,11.26,--,391,440266,卖盘
1274,13:47:21,11.26,0.01,49,55995,买盘
1275,13:47:18,11.25,--,23,25875,卖盘
1276,13:47:15,11.25,-0.01,51,57375,卖盘
1277,13:47:12,11.26,--,90,101340,买盘
1278,13:47:09,11.26,0.01,21,23646,买盘
1279,13:47:03,11.25,--,7,7875,卖盘
1280,13:47:00,11.25,--,29,32625,卖盘
1281,13:46:54,11.25,--,2,2666,卖盘
1282,13:46:51,11.25,-0.01,15,16875,卖盘
1283,13:46:48,11.26,0.01,20,22520,买盘
1284,13:46:45,11.25,--,17,19800,买盘
1285,13:46:42,11.25,-0.01,7,7875,中性盘
1286,13:46:36,11.26,0.02,18,20268,买盘
1287,13:46:30,11.24,-0.02,22,24728,卖盘
1288,13:46:24,11.26,0.02,19,21394,买盘
1289,13:46:21,11.24,--,14,15736,卖盘
1290,13:46:15,11.24,--,49,55076,卖盘
1291,13:46:12,11.24,-0.02,15,16860,卖盘
1292,13:46:09,11.26,--,25,28150,买盘
1293,13:46:03,11.26,0.02,22,25166,买盘
1294,13:46:00,11.24,0.01,22,25076,中性盘
1295,13:45:54,11.23,-0.03,48,53904,卖盘
1296,13:45:51,11.26,--,32,36032,买盘
1297,13:45:48,11.26,0.03,50,56300,买盘
1298,13:45:45,11.23,--,14,15722,卖盘
1299,13:45:42,11.23,-0.01,173,194279,卖盘
1300,13:45:39,11.24,--,38,43543,卖盘
1301,13:45:36,11.24,--,10,11880,卖盘
1302,13:45:33,11.24,--,58,65394,卖盘
1303,13:45:30,11.24,--,48,54210,卖盘
1304,13:45:27,11.24,--,50,56346,卖盘
1305,13:45:24,11.24,--,3,3686,卖盘
1306,13:45:21,11.24,-0.02,20,22626,卖盘
1307,13:45:18,11.26,0.02,66,74969,买盘
1308,13:45:15,11.24,--,335,376540,卖盘
1309,13:45:12,11.24,--,15,16860,卖盘
1310,13:45:09,11.24,-0.01,24,26976,卖盘
1311,13:45:06,11.25,--,8,9000,卖盘
1312,13:45:03,11.25,0.01,2,2250,中性盘
1313,13:45:00,11.24,-0.02,21,23604,卖盘
1314,13:44:57,11.26,0.01,22,24772,买盘
1315,13:44:54,11.25,0.01,72,81922,买盘
1316,13:44:51,11.24,--,21,24121,卖盘
1317,13:44:48,11.24,--,20,23424,卖盘
1318,13:44:45,11.24,--,26,29583,卖盘
1319,13:44:42,11.24,-0.01,25,28268,卖盘
1320,13:44:39,11.25,--,56,63641,买盘
1321,13:44:36,11.25,0.01,37,41625,中性盘
1322,13:44:30,11.24,-0.01,22,24728,卖盘
1323,13:44:27,11.25,--,12,14096,买盘
1324,13:44:24,11.25,0.01,66,74250,买盘
1325,13:44:21,11.24,-0.01,17,19433,卖盘
1326,13:44:18,11.25,--,16,18438,买盘
1327,13:44:15,11.25,-0.01,17,19125,卖盘
1328,13:44:12,11.26,0.01,31,34906,买盘
1329,13:44:06,11.25,-0.01,3,3375,买盘
1330,13:44:03,11.26,0.02,21,23646,买盘
1331,13:44:00,11.24,--,35,39340,卖盘
1332,13:43:51,11.24,-0.01,40,44960,卖盘
1333,13:43:48,11.25,0.01,106,120037,买盘
1334,13:43:45,11.24,--,13,15308,卖盘
1335,13:43:42,11.24,--,33,38047,卖盘
1336,13:43:39,11.24,--,17,19377,卖盘
1337,13:43:36,11.24,-0.01,59,66316,卖盘
1338,13:43:30,11.25,-0.01,37,41625,中性盘
1339,13:43:27,11.26,0.02,28,31696,买盘
1340,13:43:24,11.24,--,3,4406,卖盘
1341,13:43:21,11.24,-0.02,40,45342,卖盘
1342,13:43:18,11.26,0.01,23,26213,买盘
1343,13:43:15,11.25,-0.01,10,11497,卖盘
1344,13:43:12,11.26,-0.01,125,140750,卖盘
1345,13:43:09,11.27,0.01,18,21187,买盘
1346,13:43:06,11.26,-0.01,20,23589,中性盘
1347,13:43:03,11.27,0.02,48,55020,买盘
1348,13:43:00,11.25,--,214,241188,卖盘
1349,13:42:57,11.25,--,32,36393,卖盘
1350,13:42:54,11.25,--,8,9978,卖盘
1351,13:42:51,11.25,--,14,15930,卖盘
1352,13:42:48,11.25,-0.02,4,4871,卖盘
1353,13:42:45,11.27,0.01,21,24478,买盘
1354,13:42:42,11.26,-0.01,12,13512,卖盘
1355,13:42:33,11.27,0.01,19,21413,买盘
1356,13:42:30,11.26,-0.01,24,27024,中性盘
1357,13:42:24,11.27,--,19,22100,买盘
1358,13:42:21,11.27,0.02,29,32976,买盘
1359,13:42:18,11.25,--,56,63731,买盘
1360,13:42:15,11.25,-0.02,96,108000,卖盘
1361,13:42:12,11.27,0.02,53,59978,买盘
1362,13:42:09,11.25,--,888,999967,卖盘
1363,13:42:06,11.25,-0.01,16,18236,卖盘
1364,13:42:03,11.26,--,223,251356,卖盘
1365,13:42:00,11.26,--,32,36200,卖盘
1366,13:41:57,11.26,--,20,23623,卖盘
1367,13:41:54,11.26,--,118,133757,卖盘
1368,13:41:51,11.26,--,442,497692,卖盘
1369,13:41:45,11.26,--,7,7960,卖盘
1370,13:41:42,11.26,-0.01,46,51796,卖盘
1371,13:41:39,11.27,0.01,18,20286,买盘
1372,13:41:30,11.26,-0.01,37,41662,卖盘
1373,13:41:27,11.27,--,37,41699,买盘
1374,13:41:24,11.27,0.01,2,2254,买盘
1375,13:41:21,11.26,--,15,16890,卖盘
1376,13:41:18,11.26,--,23,25898,卖盘
1377,13:41:15,11.26,--,7,7882,卖盘
1378,13:41:12,11.26,-0.01,23,25898,卖盘
1379,13:41:09,11.27,--,6,6762,买盘
1380,13:41:06,11.27,0.01,61,68747,买盘
1381,13:41:00,11.26,-0.01,22,24772,卖盘
1382,13:40:57,11.27,--,4,4508,买盘
1383,13:40:54,11.27,0.01,19,21413,买盘
1384,13:40:51,11.26,--,14,15764,卖盘
1385,13:40:48,11.26,-0.01,3,3378,卖盘
1386,13:40:45,11.27,0.01,11,12397,买盘
1387,13:40:42,11.26,--,21,23646,卖盘
1388,13:40:36,11.26,--,6,6756,卖盘
1389,13:40:30,11.26,--,21,23646,卖盘
1390,13:40:27,11.26,--,51,57426,卖盘
1391,13:40:24,11.26,--,297,334613,卖盘
1392,13:40:21,11.26,--,21,24670,卖盘
1393,13:40:18,11.26,--,10,11699,卖盘
1394,13:40:15,11.26,--,8,10010,卖盘
1395,13:40:12,11.26,--,14,16281,卖盘
1396,13:40:09,11.26,--,11,12982,卖盘
1397,13:40:06,11.26,--,61,69474,卖盘
1398,13:40:03,11.26,--,44,49757,卖盘
1399,13:40:00,11.26,-0.01,70,79777,卖盘
1400,13:39:57,11.27,0.01,9,10266,买盘
1401,13:39:54,11.26,--,2,3231,卖盘
1402,13:39:51,11.26,--,14,15842,卖盘
1403,13:39:48,11.26,--,1,1947,卖盘
1404,13:39:45,11.26,-0.01,14,16169,卖盘
1405,13:39:42,11.27,0.01,36,40583,买盘
1406,13:39:39,11.26,--,0,157,卖盘
1407,13:39:36,11.26,--,3,3817,卖盘
1408,13:39:33,11.26,--,18,21213,卖盘
1409,13:39:30,11.26,--,24,27879,卖盘
1410,13:39:27,11.26,--,68,77052,卖盘
1411,13:39:24,11.26,--,10,12262,卖盘
1412,13:39:21,11.26,--,27,31077,卖盘
1413,13:39:18,11.26,--,24,27451,卖盘
1414,13:39:15,11.26,--,30,34590,卖盘
1415,13:39:12,11.26,-0.01,119,134804,卖盘
1416,13:39:09,11.27,0.01,39,44505,买盘
1417,13:39:06,11.26,-0.01,101,113827,卖盘
1418,13:39:03,11.27,0.01,22,25808,买盘
1419,13:39:00,11.26,--,107,120650,卖盘
1420,13:38:57,11.26,--,3,4357,卖盘
1421,13:38:54,11.26,--,22,25121,卖盘
1422,13:38:51,11.26,--,21,24242,卖盘
1423,13:38:48,11.26,--,11,12791,卖盘
1424,13:38:45,11.26,--,220,248384,卖盘
1425,13:38:42,11.26,-0.01,1016,1144308,卖盘
1426,13:38:39,11.27,0.01,11,12397,买盘
1427,13:38:36,11.26,--,0,213,卖盘
1428,13:38:33,11.26,--,4,5303,卖盘
1429,13:38:30,11.26,--,31,35086,卖盘
1430,13:38:27,11.26,-0.01,56,63866,卖盘
1431,13:38:24,11.27,--,45,50861,卖盘
1432,13:38:21,11.27,--,16,18313,卖盘
1433,13:38:18,11.27,-0.01,6,7674,卖盘
1434,13:38:15,11.28,0.01,27,30456,买盘
1435,13:38:12,11.27,--,15,16905,卖盘
1436,13:38:09,11.27,--,2,2254,卖盘
1437,13:38:00,11.27,--,16,18032,卖盘
1438,13:37:57,11.27,--,7,7889,卖盘
1439,13:37:51,11.27,-0.01,14,15778,卖盘
1440,13:37:48,11.28,--,1,1128,买盘
1441,13:37:45,11.28,0.01,35,39480,买盘
1442,13:37:42,11.27,-0.01,21,23667,卖盘
1443,13:37:36,11.28,--,5,5640,买盘
1444,13:37:33,11.28,0.01,1,1128,买盘
1445,13:37:30,11.27,--,122,138553,买盘
1446,13:37:27,11.27,--,478,538773,卖盘
1447,13:37:21,11.27,-0.01,14,15778,卖盘
1448,13:37:18,11.28,--,11,12408,买盘
1449,13:37:15,11.28,0.01,1,1128,买盘
1450,13:37:12,11.27,--,21,23667,卖盘
1451,13:37:09,11.27,-0.01,74,83814,卖盘
1452,13:37:06,11.28,--,36,41318,卖盘
1453,13:37:03,11.28,-0.01,36,40608,卖盘
1454,13:37:00,11.29,0.01,1,1129,买盘
1455,13:36:57,11.28,--,10,11280,卖盘
1456,13:36:51,11.28,-0.01,14,15792,卖盘
1457,13:36:45,11.29,0.01,58,65481,买盘
1458,13:36:42,11.28,--,95,107160,买盘
1459,13:36:39,11.28,--,100,112800,买盘
1460,13:36:36,11.28,--,17,19176,买盘
1461,13:36:33,11.28,--,44,49632,卖盘
1462,13:36:30,11.28,--,15,16920,卖盘
1463,13:36:27,11.28,-0.01,17,19176,卖盘
1464,13:36:24,11.29,0.01,19,21451,买盘
1465,13:36:21,11.28,-0.01,7,7896,卖盘
1466,13:36:18,11.29,0.01,4,4516,买盘
1467,13:36:15,11.28,--,4,4579,买盘
1468,13:36:12,11.28,--,99,111672,卖盘
1469,13:36:09,11.28,--,147,165816,卖盘
1470,13:36:06,11.28,--,196,221088,买盘
1471,13:36:03,11.28,0.01,1,1128,卖盘
1472,13:36:00,11.27,--,175,197225,卖盘
1473,13:35:57,11.27,-0.01,1149,1296038,卖盘
1474,13:35:54,11.28,0.01,53,60810,买盘
1475,13:35:51,11.27,--,239,269533,卖盘
1476,13:35:48,11.27,-0.01,4,4620,卖盘
1477,13:35:45,11.28,0.01,24,27444,买盘
1478,13:35:42,11.27,--,26,29549,卖盘
1479,13:35:39,11.27,-0.01,5,6074,卖盘
1480,13:35:36,11.28,--,27,31335,买盘
1481,13:35:33,11.28,0.01,11,13017,买盘
1482,13:35:30,11.27,--,18,21119,卖盘
1483,13:35:27,11.27,--,14,16059,卖盘
1484,13:35:24,11.27,--,37,42228,卖盘
1485,13:35:21,11.27,--,142,160034,卖盘
1486,13:35:18,11.27,--,38,42826,买盘
1487,13:35:12,11.27,0.01,633,713391,买盘
1488,13:35:09,11.26,-0.01,278,313028,卖盘
1489,13:35:06,11.27,0.01,5,5635,买盘
1490,13:35:03,11.26,--,111,124986,买盘
1491,13:35:00,11.26,0.01,18,20887,买盘
1492,13:34:57,11.25,-0.01,9,11182,卖盘
1493,13:34:54,11.26,0.01,20,22531,买盘
1494,13:34:51,11.25,--,35,39723,卖盘
1495,13:34:48,11.25,-0.01,32,37091,卖盘
1496,13:34:45,11.26,--,173,195529,卖盘
1497,13:34:42,11.26,-0.01,78,88481,卖盘
1498,13:34:39,11.27,0.01,24,27104,买盘
1499,13:34:36,11.26,-0.01,0,968,卖盘
1500,13:34:33,11.27,--,17,19925,买盘
1501,13:34:30,11.27,0.01,75,84525,卖盘
1502,13:34:27,11.26,--,62,70532,卖盘
1503,13:34:24,11.26,--,722,812972,卖盘
1504,13:34:21,11.26,-0.01,20,22520,卖盘
1505,13:34:18,11.27,--,222,250194,买盘
1506,13:34:15,11.27,--,30,33810,买盘
1507,13:34:12,11.27,--,38,42826,买盘
1508,13:34:09,11.27,--,42,47334,买盘
1509,13:34:06,11.27,--,26,29302,买盘
1510,13:34:03,11.27,0.01,79,89033,买盘
1511,13:34:00,11.26,--,15,16890,卖盘
1512,13:33:57,11.26,--,23,25898,卖盘
1513,13:33:51,11.26,--,16,18016,卖盘
1514,13:33:48,11.26,-0.01,6,6756,卖盘
1515,13:33:45,11.27,--,60,67620,买盘
1516,13:33:42,11.27,--,26,29302,买盘
1517,13:33:36,11.27,--,8,9016,买盘
1518,13:33:33,11.27,0.01,74,83398,中性盘
1519,13:33:30,11.26,--,33,37158,卖盘
1520,13:33:27,11.26,-0.01,12,13512,卖盘
1521,13:33:21,11.27,--,31,34937,买盘
1522,13:33:18,11.27,--,68,76636,买盘
1523,13:33:15,11.27,0.02,272,307242,买盘
1524,13:33:12,11.25,-0.01,38,43008,卖盘
1525,13:33:09,11.26,--,10,11428,买盘
1526,13:33:06,11.26,0.01,25,29118,买盘
1527,13:33:03,11.25,--,9,10372,卖盘
1528,13:33:00,11.25,--,31,35876,卖盘
1529,13:32:57,11.25,-0.01,18,20880,卖盘
1530,13:32:54,11.26,0.01,79,89280,买盘
1531,13:32:51,11.25,-0.01,295,331875,卖盘
1532,13:32:48,11.26,0.01,72,81072,买盘
1533,13:32:45,11.25,--,13,14625,买盘
1534,13:32:42,11.25,--,123,138375,买盘
1535,13:32:39,11.25,--,47,52875,买盘
1536,13:32:36,11.25,--,31,34875,买盘
1537,13:32:33,11.25,0.01,25,28125,买盘
1538,13:32:30,11.24,-0.01,17,19108,卖盘
1539,13:32:27,11.25,--,93,104625,买盘
1540,13:32:24,11.25,0.01,2,2250,买盘
1541,13:32:21,11.24,-0.01,59,66316,卖盘
1542,13:32:18,11.25,--,16,18000,买盘
1543,13:32:15,11.25,--,20,22500,买盘
1544,13:32:12,11.25,0.01,72,81000,买盘
1545,13:32:09,11.24,-0.01,417,469191,卖盘
1546,13:32:06,11.25,0.01,18,20790,买盘
1547,13:32:03,11.24,--,12,14600,卖盘
1548,13:32:00,11.24,--,64,72430,卖盘
1549,13:31:57,11.24,-0.01,11,13162,卖盘
1550,13:31:54,11.25,0.01,33,37125,买盘
1551,13:31:51,11.24,-0.01,19,21356,卖盘
1552,13:31:45,11.25,0.01,24,27000,买盘
1553,13:31:42,11.24,--,28,31472,卖盘
1554,13:31:39,11.24,-0.01,1,1798,卖盘
1555,13:31:33,11.25,0.01,24,27000,买盘
1556,13:31:30,11.24,--,14,15736,卖盘
1557,13:31:27,11.24,-0.01,7,7868,卖盘
1558,13:31:24,11.25,0.01,12,13500,买盘
1559,13:31:21,11.24,--,34,38216,卖盘
1560,13:31:12,11.24,-0.01,50,56200,卖盘
1561,13:31:06,11.25,0.01,24,27000,买盘
1562,13:31:03,11.24,--,1,1124,卖盘
1563,13:31:00,11.24,--,31,34844,卖盘
1564,13:30:57,11.24,-0.01,7,7868,卖盘
1565,13:30:54,11.25,0.01,12,13500,买盘
1566,13:30:51,11.24,-0.01,18,20232,卖盘
1567,13:30:48,11.25,0.01,19,21375,买盘
1568,13:30:45,11.24,-0.01,48,53952,卖盘
1569,13:30:42,11.25,--,31,34875,买盘
1570,13:30:39,11.25,--,37,41625,买盘
1571,13:30:36,11.25,--,37,41996,买盘
1572,13:30:33,11.25,0.01,57,65137,买盘
1573,13:30:30,11.24,-0.01,23,26324,卖盘
1574,13:30:27,11.25,--,54,61188,买盘
1575,13:30:24,11.25,0.01,30,34706,买盘
1576,13:30:21,11.24,--,15,17410,卖盘
1577,13:30:18,11.24,-0.01,6,7238,卖盘
1578,13:30:15,11.25,0.01,26,29430,买盘
1579,13:30:12,11.24,-0.01,27,30348,卖盘
1580,13:30:09,11.25,--,45,50625,买盘
1581,13:30:06,11.25,0.01,17,19125,买盘
1582,13:30:03,11.24,--,1,1124,卖盘
1583,13:30:00,11.24,-0.01,17,19108,卖盘
1584,13:29:57,11.25,--,29,32625,买盘
1585,13:29:54,11.25,0.01,19,21375,买盘
1586,13:29:51,11.24,-0.01,14,15736,卖盘
1587,13:29:42,11.25,0.01,52,58500,买盘
1588,13:29:39,11.24,--,29,33090,卖盘
1589,13:29:36,11.24,--,80,89920,卖盘
1590,13:29:33,11.24,--,19,21356,卖盘
1591,13:29:30,11.24,-0.01,74,83176,卖盘
1592,13:29:27,11.25,--,71,79875,买盘
1593,13:29:24,11.25,--,12,13500,买盘
1594,13:29:21,11.25,--,67,76241,卖盘
1595,13:29:18,11.25,--,9,10428,卖盘
1596,13:29:15,11.25,--,23,25976,卖盘
1597,13:29:12,11.25,-0.01,127,142875,卖盘
1598,13:29:09,11.26,0.01,21,23646,买盘
1599,13:29:06,11.25,--,16,18000,卖盘
1600,13:29:03,11.25,--,5,5625,卖盘
1601,13:29:00,11.25,--,33,37125,卖盘
1602,13:28:57,11.25,--,9,10125,卖盘
1603,13:28:54,11.25,--,7,7875,卖盘
1604,13:28:51,11.25,-0.01,14,15750,卖盘
1605,13:28:48,11.26,0.01,24,27024,买盘
1606,13:28:42,11.25,-0.01,23,25875,卖盘
1607,13:28:39,11.26,--,140,158563,买盘
1608,13:28:36,11.26,0.01,21,23702,买盘
1609,13:28:33,11.25,--,28,32546,卖盘
1610,13:28:30,11.25,--,154,174206,卖盘
1611,13:28:27,11.25,--,80,90911,卖盘
1612,13:28:24,11.25,--,19,22365,卖盘
1613,13:28:21,11.25,--,31,35088,卖盘
1614,13:28:18,11.25,-0.01,7,8392,卖盘
1615,13:28:15,11.26,0.01,41,47246,买盘
1616,13:28:12,11.25,--,19,21813,卖盘
1617,13:28:09,11.25,--,23,26853,卖盘
1618,13:28:06,11.25,-0.01,8,9708,卖盘
1619,13:28:03,11.26,0.01,27,30773,买盘
1620,13:28:00,11.25,-0.01,21,23782,卖盘
1621,13:27:57,11.26,--,27,31021,买盘
1622,13:27:54,11.26,--,42,47292,买盘
1623,13:27:51,11.26,--,57,64182,买盘
1624,13:27:48,11.26,--,38,42788,买盘
1625,13:27:45,11.26,--,19,21394,买盘
1626,13:27:42,11.26,0.01,53,60049,买盘
1627,13:27:39,11.25,-0.01,164,184691,卖盘
1628,13:27:36,11.26,--,71,80835,买盘
1629,13:27:33,11.26,0.01,39,44702,买盘
1630,13:27:30,11.25,--,232,261000,卖盘
1631,13:27:24,11.25,-0.01,11,12375,卖盘
1632,13:27:21,11.26,--,29,32654,买盘
1633,13:27:18,11.26,-0.01,28,31528,中性盘
1634,13:27:15,11.27,0.02,15,17028,买盘
1635,13:27:12,11.25,--,49,55901,卖盘
1636,13:27:09,11.25,--,115,129723,卖盘
1637,13:27:06,11.25,-0.01,69,77625,卖盘
1638,13:27:03,11.26,0.01,24,27125,买盘
1639,13:27:00,11.25,-0.01,25,28406,卖盘
1640,13:26:57,11.26,0.01,31,35502,买盘
1641,13:26:54,11.25,-0.01,65,73552,卖盘
1642,13:26:51,11.26,0.01,60,68089,中性盘
1643,13:26:48,11.25,-0.02,18,21082,卖盘
1644,13:26:45,11.27,--,110,125029,买盘
1645,13:26:42,11.27,0.03,21,23667,买盘
1646,13:26:39,11.24,-0.03,7,7868,卖盘
1647,13:26:36,11.27,--,16,18032,买盘
1648,13:26:33,11.27,0.03,41,47018,买盘
1649,13:26:30,11.24,-0.03,17,19108,卖盘
1650,13:26:27,11.27,0.01,19,21413,买盘
1651,13:26:24,11.26,-0.01,16,18016,中性盘
1652,13:26:21,11.27,0.01,86,96922,买盘
1653,13:26:18,11.26,0.02,198,223815,买盘
1654,13:26:15,11.24,-0.01,11,12408,中性盘
1655,13:26:12,11.25,--,44,50512,买盘
1656,13:26:09,11.25,--,16,19035,买盘
1657,13:26:06,11.25,--,18,20722,买盘
1658,13:26:03,11.25,--,46,52852,买盘
1659,13:26:00,11.25,--,19,22263,买盘
1660,13:25:57,11.25,0.01,106,119486,买盘
1661,13:25:54,11.24,0.01,22,25481,买盘
1662,13:25:51,11.23,-0.02,36,40821,卖盘
1663,13:25:48,11.25,0.02,8,9427,买盘
1664,13:25:45,11.23,-0.01,14,16463,卖盘
1665,13:25:42,11.24,--,80,89964,卖盘
1666,13:25:39,11.24,-0.01,26,30123,卖盘
1667,13:25:36,11.25,--,59,66555,买盘
1668,13:25:33,11.25,0.01,4,4500,中性盘
1669,13:25:30,11.24,-0.02,75,84300,卖盘
1670,13:25:27,11.26,0.02,89,100214,买盘
1671,13:25:24,11.24,-0.02,96,107904,中性盘
1672,13:25:21,11.26,--,26,29276,买盘
1673,13:25:18,11.26,0.03,131,147506,买盘
1674,13:25:15,11.23,--,7,7861,卖盘
1675,13:25:12,11.23,--,36,40428,卖盘
1676,13:25:09,11.23,-0.02,14,15722,卖盘
1677,13:25:06,11.25,0.02,16,18000,买盘
1678,13:25:03,11.23,--,5,5615,卖盘
1679,13:25:00,11.23,-0.02,104,116792,卖盘
1680,13:24:57,11.25,0.01,18,20250,买盘
1681,13:24:54,11.24,--,12,13488,买盘
1682,13:24:51,11.24,--,86,96664,卖盘
1683,13:24:45,11.24,--,33,37092,卖盘
1684,13:24:42,11.24,--,15,16860,卖盘
1685,13:24:39,11.24,-0.01,13,14612,卖盘
1686,13:24:36,11.25,0.02,38,42750,买盘
1687,13:24:33,11.23,--,1,1123,卖盘
1688,13:24:30,11.23,-0.01,51,57273,卖盘
1689,13:24:27,11.24,--,91,102284,卖盘
1690,13:24:24,11.24,0.01,23,25852,中性盘
1691,13:24:21,11.23,-0.01,238,267274,卖盘
1692,13:24:18,11.24,0.01,37,41588,买盘
1693,13:24:15,11.23,-0.01,45,50535,卖盘
1694,13:24:12,11.24,0.01,34,38216,买盘
1695,13:24:09,11.23,--,17,19091,卖盘
1696,13:24:06,11.23,--,5,5615,卖盘
1697,13:24:03,11.23,--,1,1123,卖盘
1698,13:24:00,11.23,-0.02,29,32567,卖盘
1699,13:23:57,11.25,0.02,51,57375,买盘
1700,13:23:54,11.23,-0.01,106,119038,卖盘
1701,13:23:51,11.24,--,24,26976,卖盘
1702,13:23:48,11.24,--,226,254024,卖盘
1703,13:23:45,11.24,0.01,277,311348,买盘
1704,13:23:42,11.23,-0.01,15,16845,卖盘
1705,13:23:39,11.24,0.01,54,60696,买盘
1706,13:23:33,11.23,--,40,44920,卖盘
1707,13:23:30,11.23,-0.01,34,38182,卖盘
1708,13:23:27,11.24,0.01,233,261892,买盘
1709,13:23:24,11.23,0.01,8,8984,买盘
1710,13:23:21,11.22,-0.01,20,22440,卖盘
1711,13:23:18,11.23,0.01,37,41551,买盘
1712,13:23:15,11.22,--,3,3366,卖盘
1713,13:23:12,11.22,-0.01,16,17952,卖盘
1714,13:23:09,11.23,--,39,43797,买盘
1715,13:23:06,11.23,0.01,67,75241,买盘
1716,13:23:03,11.22,--,4,4488,卖盘
1717,13:23:00,11.22,--,241,270402,卖盘
1718,13:22:57,11.22,-0.01,126,141394,卖盘
1719,13:22:54,11.23,--,99,112277,卖盘
1720,13:22:51,11.23,-0.02,247,277381,卖盘
1721,13:22:48,11.25,--,46,51750,买盘
1722,13:22:45,11.25,0.02,54,60750,买盘
1723,13:22:42,11.23,-0.01,7,7861,卖盘
1724,13:22:39,11.24,--,10,11240,买盘
1725,13:22:36,11.24,--,5,5620,买盘
1726,13:22:33,11.24,0.01,18,20232,买盘
1727,13:22:30,11.23,--,15,16845,卖盘
1728,13:22:27,11.23,-0.01,44,49412,卖盘
1729,13:22:24,11.24,--,24,26976,卖盘
1730,13:22:21,11.24,--,29,32596,卖盘
1731,13:22:18,11.24,-0.01,28,31472,中性盘
1732,13:22:15,11.25,0.01,122,137250,买盘
1733,13:22:12,11.24,0.01,38,42712,买盘
1734,13:22:09,11.23,--,11,12353,卖盘
1735,13:22:00,11.23,-0.01,31,34813,卖盘
1736,13:21:57,11.24,0.01,20,22480,买盘
1737,13:21:54,11.23,--,7,7861,卖盘
1738,13:21:51,11.23,-0.01,136,152728,卖盘
1739,13:21:48,11.24,--,16,17984,卖盘
1740,13:21:42,11.24,-0.01,17,19108,卖盘
1741,13:21:39,11.25,--,25,28125,买盘
1742,13:21:33,11.25,0.02,4,4500,买盘
1743,13:21:30,11.23,-0.02,61,68503,卖盘
1744,13:21:27,11.25,0.02,18,20250,买盘
1745,13:21:24,11.23,--,7,7861,卖盘
1746,13:21:21,11.23,-0.02,91,102193,卖盘
1747,13:21:15,11.25,0.02,16,18000,买盘
1748,13:21:12,11.23,--,16,17968,卖盘
1749,13:21:09,11.23,-0.01,27,30321,卖盘
1750,13:21:06,11.24,0.01,24,26976,中性盘
1751,13:21:00,11.23,--,19,21337,卖盘
1752,13:20:57,11.23,--,20,22460,卖盘
1753,13:20:54,11.23,--,28,31466,卖盘
1754,13:20:51,11.23,-0.02,65,72995,卖盘
1755,13:20:42,11.25,0.02,30,33750,买盘
1756,13:20:39,11.23,--,9,10107,卖盘
1757,13:20:36,11.23,0.01,2,2246,买盘
1758,13:20:33,11.22,-0.01,19,21318,卖盘
1759,13:20:30,11.23,--,8,8984,卖盘
1760,13:20:24,11.23,-0.02,27,30321,卖盘
1761,13:20:21,11.25,--,38,42750,买盘
1762,13:20:18,11.25,0.01,247,277875,买盘
1763,13:20:15,11.24,--,82,92168,买盘
1764,13:20:12,11.24,0.01,63,70812,买盘
1765,13:20:09,11.23,0.01,122,137006,买盘
1766,13:20:03,11.22,--,29,32538,卖盘
1767,13:20:00,11.22,-0.02,32,35904,卖盘
1768,13:19:54,11.24,0.02,12,13488,买盘
1769,13:19:51,11.22,--,100,112200,买盘
1770,13:19:48,11.22,-0.01,646,724812,卖盘
1771,13:19:42,11.23,--,86,96578,卖盘
1772,13:19:39,11.23,-0.01,12,13476,卖盘
1773,13:19:36,11.24,0.02,16,17984,买盘
1774,13:19:33,11.22,--,20,22440,卖盘
1775,13:19:30,11.22,-0.01,15,16830,卖盘
1776,13:19:27,11.23,--,17,19091,买盘
1777,13:19:21,11.23,-0.01,5,5615,卖盘
1778,13:19:18,11.24,0.01,152,170848,买盘
1779,13:19:15,11.23,0.01,42,47166,买盘
1780,13:19:12,11.22,-0.01,14,15708,卖盘
1781,13:19:09,11.23,0.01,78,87594,买盘
1782,13:19:06,11.22,-0.01,107,120054,卖盘
1783,13:19:03,11.23,0.01,26,29198,买盘
1784,13:19:00,11.22,-0.01,19,21318,卖盘
1785,13:18:57,11.23,--,5,5615,买盘
1786,13:18:54,11.23,0.01,19,21337,买盘
1787,13:18:51,11.22,-0.01,27,30294,卖盘
1788,13:18:45,11.23,--,1,1123,买盘
1789,13:18:42,11.23,0.01,32,35936,买盘
1790,13:18:36,11.22,--,7,7854,卖盘
1791,13:18:30,11.22,--,30,33660,卖盘
1792,13:18:27,11.22,-0.01,4,4488,卖盘
1793,13:18:24,11.23,0.01,2,2246,买盘
1794,13:18:21,11.22,-0.01,39,43758,卖盘
1795,13:18:18,11.23,0.01,10,11230,买盘
1796,13:18:12,11.22,-0.01,14,15708,卖盘
1797,13:18:09,11.23,0.01,17,19091,买盘
1798,13:18:06,11.22,--,7,7854,卖盘
1799,13:18:00,11.22,-0.01,16,17952,卖盘
1800,13:17:57,11.23,0.01,17,19091,买盘
1801,13:17:54,11.22,--,20,22440,卖盘
1802,13:17:51,11.22,-0.01,21,23562,卖盘
1803,13:17:48,11.23,--,17,19091,买盘
1804,13:17:45,11.23,--,10,11230,买盘
1805,13:17:42,11.23,--,11,12353,卖盘
1806,13:17:39,11.23,0.01,1,1123,卖盘
1807,13:17:36,11.22,--,22,24684,卖盘
1808,13:17:30,11.22,-0.02,38,42636,卖盘
1809,13:17:27,11.24,--,15,16860,买盘
1810,13:17:24,11.24,0.02,99,111276,买盘
1811,13:17:21,11.22,-0.01,112,125664,卖盘
1812,13:17:18,11.23,--,76,85348,买盘
1813,13:17:15,11.23,0.01,17,19091,买盘
1814,13:17:12,11.22,--,14,15708,卖盘
1815,13:17:06,11.22,-0.01,7,7854,卖盘
1816,13:17:03,11.23,0.01,17,19091,买盘
1817,13:17:00,11.22,-0.01,58,65076,卖盘
1818,13:16:54,11.23,--,2,2246,买盘
1819,13:16:51,11.23,--,92,103316,买盘
1820,13:16:45,11.23,0.01,50,56150,买盘
1821,13:16:42,11.22,-0.01,46,51612,卖盘
1822,13:16:36,11.23,--,64,71872,卖盘
1823,13:16:33,11.23,--,20,22460,卖盘
1824,13:16:30,11.23,-0.01,64,71872,卖盘
1825,13:16:27,11.24,0.01,15,16860,买盘
1826,13:16:21,11.23,-0.01,32,35936,卖盘
1827,13:16:18,11.24,0.01,68,76432,买盘
1828,13:16:12,11.23,--,19,21337,卖盘
1829,13:16:09,11.23,--,177,198771,卖盘
1830,13:16:06,11.23,-0.01,107,120161,卖盘
1831,13:16:03,11.24,0.01,167,187708,买盘
1832,13:16:00,11.23,--,1450,1628350,买盘
1833,13:15:57,11.23,--,23,25829,买盘
1834,13:15:54,11.23,0.01,3,3369,买盘
1835,13:15:51,11.22,-0.01,22,24684,卖盘
1836,13:15:48,11.23,--,59,66257,买盘
1837,13:15:45,11.23,0.01,16,17968,买盘
1838,13:15:42,11.22,--,14,15708,卖盘
1839,13:15:39,11.22,--,7,7854,卖盘
1840,13:15:36,11.22,--,25,28050,卖盘
1841,13:15:30,11.22,-0.01,15,16830,卖盘
1842,13:15:24,11.23,--,41,46043,买盘
1843,13:15:21,11.23,--,71,79733,买盘
1844,13:15:12,11.23,0.01,47,52781,买盘
1845,13:15:06,11.22,-0.01,6,6732,卖盘
1846,13:15:03,11.23,0.01,166,186418,买盘
1847,13:15:00,11.22,--,65,72930,卖盘
1848,13:14:57,11.22,0.01,5,5610,中性盘
1849,13:14:51,11.21,-0.02,42,47082,卖盘
1850,13:14:45,11.23,--,67,75241,买盘
1851,13:14:42,11.23,--,45,50535,买盘
1852,13:14:39,11.23,0.02,51,57273,买盘
1853,13:14:36,11.21,-0.02,7,7847,卖盘
1854,13:14:33,11.23,0.02,3,3369,买盘
1855,13:14:30,11.21,-0.01,61,68381,卖盘
1856,13:14:27,11.22,--,161,180642,卖盘
1857,13:14:24,11.22,--,1,1122,卖盘
1858,13:14:21,11.22,--,181,203082,买盘
1859,13:14:18,11.22,--,95,106590,买盘
1860,13:14:15,11.22,--,1,1122,买盘
1861,13:14:12,11.22,-0.01,469,526218,卖盘
1862,13:14:09,11.23,--,2,2246,买盘
1863,13:14:06,11.23,0.01,27,30321,买盘
1864,13:14:00,11.22,--,156,175032,买盘
1865,13:13:54,11.22,--,21,23562,买盘
1866,13:13:51,11.22,--,24,26928,买盘
1867,13:13:48,11.22,-0.01,337,378114,卖盘
1868,13:13:45,11.23,0.01,65,72995,买盘
1869,13:13:42,11.22,-0.01,14,15708,卖盘
1870,13:13:39,11.23,0.01,91,102193,买盘
1871,13:13:36,11.22,-0.01,26,29172,卖盘
1872,13:13:33,11.23,0.01,36,40428,买盘
1873,13:13:30,11.22,-0.01,16,17952,卖盘
1874,13:13:27,11.23,0.01,11,12353,买盘
1875,13:13:24,11.22,--,23,25806,卖盘
1876,13:13:21,11.22,-0.01,21,23562,卖盘
1877,13:13:18,11.23,0.01,3,3369,买盘
1878,13:13:12,11.22,0.01,225,252450,买盘
1879,13:13:09,11.21,--,12,13452,卖盘
1880,13:13:06,11.21,--,45,50445,卖盘
1881,13:13:00,11.21,--,37,41477,卖盘
1882,13:12:51,11.21,-0.01,33,36993,卖盘
1883,13:12:48,11.22,0.01,18,20196,买盘
1884,13:12:42,11.21,--,14,15694,卖盘
1885,13:12:39,11.21,--,109,122189,卖盘
1886,13:12:36,11.21,--,6,6726,卖盘
1887,13:12:33,11.21,-0.01,54,60534,卖盘
1888,13:12:30,11.22,--,22,24684,买盘
1889,13:12:27,11.22,--,17,19074,买盘
1890,13:12:24,11.22,0.01,57,63954,买盘
1891,13:12:21,11.21,-0.01,21,23541,卖盘
1892,13:12:18,11.22,--,29,32538,买盘
1893,13:12:12,11.22,0.01,23,25806,买盘
1894,13:12:09,11.21,-0.01,301,337421,卖盘
1895,13:12:06,11.22,0.01,24,26928,买盘
1896,13:12:03,11.21,--,13,14573,卖盘
1897,13:12:00,11.21,-0.01,14,15694,卖盘
1898,13:11:54,11.22,0.01,67,75174,买盘
1899,13:11:51,11.21,-0.01,22,24662,卖盘
1900,13:11:48,11.22,--,2,2244,买盘
1901,13:11:45,11.22,0.01,31,34782,买盘
1902,13:11:42,11.21,-0.01,18,20178,卖盘
1903,13:11:39,11.22,--,25,28050,买盘
1904,13:11:36,11.22,--,19,21318,买盘
1905,13:11:33,11.22,--,18,20196,买盘
1906,13:11:30,11.22,--,113,126786,卖盘
1907,13:11:27,11.22,0.02,9,10098,买盘
1908,13:11:21,11.2,-0.02,21,23520,卖盘
1909,13:11:18,11.22,--,3,3366,买盘
1910,13:11:12,11.22,0.02,17,19074,买盘
1911,13:11:09,11.2,--,3,3360,卖盘
1912,13:11:06,11.2,-0.01,227,254239,卖盘
1913,13:11:03,11.21,--,1,1121,卖盘
1914,13:11:00,11.21,-0.01,14,15694,中性盘
1915,13:10:57,11.22,0.02,71,79662,买盘
1916,13:10:54,11.2,--,4,4480,卖盘
1917,13:10:51,11.2,-0.01,42,47040,卖盘
1918,13:10:45,11.21,0.01,182,204022,买盘
1919,13:10:42,11.2,-0.01,15,17024,卖盘
1920,13:10:36,11.21,0.01,89,99769,买盘
1921,13:10:33,11.2,--,101,113120,卖盘
1922,13:10:30,11.2,--,15,16800,卖盘
1923,13:10:24,11.2,--,9,10080,卖盘
1924,13:10:21,11.2,-0.01,21,23520,卖盘
1925,13:10:18,11.21,--,14,15694,买盘
1926,13:10:15,11.21,0.01,2,2242,买盘
1927,13:10:12,11.2,--,35,39200,卖盘
1928,13:10:09,11.2,--,31,34720,卖盘
1929,13:10:06,11.2,--,6,6720,卖盘
1930,13:10:03,11.2,--,151,169120,卖盘
1931,13:10:00,11.2,-0.01,15,16800,卖盘
1932,13:09:57,11.21,--,100,112100,买盘
1933,13:09:54,11.21,0.01,21,23541,买盘
1934,13:09:51,11.2,--,17,19040,卖盘
1935,13:09:48,11.2,--,7,7839,卖盘
1936,13:09:42,11.2,--,14,15679,卖盘
1937,13:09:39,11.2,--,2,2240,卖盘
1938,13:09:36,11.2,--,50,56000,卖盘
1939,13:09:33,11.2,--,8,8960,卖盘
1940,13:09:30,11.2,-0.01,15,16800,卖盘
1941,13:09:24,11.21,--,2,2242,买盘
1942,13:09:21,11.21,0.02,130,145730,买盘
1943,13:09:18,11.19,-0.01,94,105186,卖盘
1944,13:09:15,11.2,--,281,314720,买盘
1945,13:09:12,11.2,--,989,1107680,买盘
1946,13:09:06,11.2,0.01,56,62719,买盘
1947,13:09:03,11.19,--,47,52593,卖盘
1948,13:09:00,11.19,-0.01,19,21261,卖盘
1949,13:08:54,11.2,0.01,43,48160,买盘
1950,13:08:51,11.19,-0.01,108,120852,卖盘
1951,13:08:48,11.2,--,13,14559,买盘
1952,13:08:45,11.2,0.01,1,1120,买盘
1953,13:08:42,11.19,-0.01,554,619926,卖盘
1954,13:08:39,11.2,0.01,110,123199,买盘
1955,13:08:33,11.19,--,57,63783,卖盘
1956,13:08:30,11.19,-0.01,34,38046,卖盘
1957,13:08:24,11.2,0.01,2,2240,买盘
1958,13:08:21,11.19,-0.01,15,16785,卖盘
1959,13:08:18,11.2,0.01,12,13440,买盘
1960,13:08:15,11.19,--,153,171207,卖盘
1961,13:08:12,11.19,--,14,15666,卖盘
1962,13:08:03,11.19,--,73,81687,卖盘
1963,13:08:00,11.19,-0.01,39,43641,卖盘
1964,13:07:57,11.2,--,66,73920,买盘
1965,13:07:54,11.2,--,15,16800,买盘
1966,13:07:51,11.2,0.01,16,17920,买盘
1967,13:07:48,11.19,--,7,7833,卖盘
1968,13:07:45,11.19,--,6,6714,卖盘
1969,13:07:42,11.19,-0.01,115,128685,卖盘
1970,13:07:36,11.2,0.01,14,15679,买盘
1971,13:07:33,11.19,--,7,7833,卖盘
1972,13:07:30,11.19,-0.01,14,15666,卖盘
1973,13:07:27,11.2,0.01,1,1120,买盘
1974,13:07:24,11.19,--,1,1119,卖盘
1975,13:07:21,11.19,-0.01,25,27975,卖盘
1976,13:07:18,11.2,--,10,11200,买盘
1977,13:07:15,11.2,--,1,1120,买盘
1978,13:07:12,11.2,--,39,43680,买盘
1979,13:07:09,11.2,0.01,16,17920,买盘
1980,13:07:06,11.19,--,0,67,卖盘
1981,13:07:03,11.19,--,15,16785,卖盘
1982,13:07:00,11.19,-0.01,21,23499,卖盘
1983,13:06:57,11.2,0.01,5,5600,买盘
1984,13:06:54,11.19,-0.01,231,258489,卖盘
1985,13:06:51,11.2,--,21,23520,买盘
1986,13:06:48,11.2,0.01,50,56000,买盘
1987,13:06:42,11.19,--,15,16785,卖盘
1988,13:06:36,11.19,--,20,22380,卖盘
1989,13:06:33,11.19,--,8,8952,卖盘
1990,13:06:30,11.19,-0.01,23,25737,卖盘
1991,13:06:27,11.2,--,50,56000,买盘
1992,13:06:24,11.2,--,5,5600,买盘
1993,13:06:21,11.2,--,214,239679,买盘
1994,13:06:18,11.2,--,37,41440,卖盘
1995,13:06:12,11.2,0.01,14,15679,卖盘
1996,13:06:06,11.19,-0.01,488,546072,卖盘
1997,13:06:03,11.2,--,8,8960,卖盘
1998,13:06:00,11.2,-0.01,16,17920,卖盘
1999,13:05:57,11.21,0.01,2,2242,买盘
2000,13:05:54,11.2,--,95,106400,卖盘
2001,13:05:51,11.2,-0.01,21,23520,卖盘
2002,13:05:48,11.21,0.01,72,81821,买盘
2003,13:05:45,11.2,--,53,59359,买盘
2004,13:05:42,11.2,0.01,42,47040,买盘
2005,13:05:39,11.19,--,102,114138,卖盘
2006,13:05:33,11.19,--,8,8952,卖盘
2007,13:05:30,11.19,-0.01,24,26856,卖盘
2008,13:05:27,11.2,--,3,3360,买盘
2009,13:05:24,11.2,0.01,3,3360,买盘
2010,13:05:21,11.19,-0.01,15,16785,卖盘
2011,13:05:18,11.2,--,412,461451,卖盘
2012,13:05:12,11.2,--,19,21280,卖盘
2013,13:05:09,11.2,-0.01,5,5600,卖盘
2014,13:05:06,11.21,0.01,2,2242,买盘
2015,13:05:03,11.2,0.01,637,714548,买盘
2016,13:05:00,11.19,-0.01,80,89520,卖盘
2017,13:04:57,11.2,--,114,127679,买盘
2018,13:04:54,11.2,--,1,1120,买盘
2019,13:04:51,11.2,-0.01,46,51990,卖盘
2020,13:04:48,11.21,0.01,13,14573,买盘
2021,13:04:45,11.2,--,46,52169,买盘
2022,13:04:42,11.2,--,21,23520,买盘
2023,13:04:39,11.2,--,30,33600,买盘
2024,13:04:36,11.2,--,24,26880,买盘
2025,13:04:33,11.2,--,10,11200,买盘
2026,13:04:30,11.2,--,17,19040,买盘
2027,13:04:27,11.2,--,84,94080,买盘
2028,13:04:24,11.2,--,125,140000,买盘
2029,13:04:21,11.2,--,64,71680,买盘
2030,13:04:18,11.2,0.01,63,70560,买盘
2031,13:04:15,11.19,-0.01,111,124209,卖盘
2032,13:04:12,11.2,--,122,136640,买盘
2033,13:04:06,11.2,--,4,4480,买盘
2034,13:04:03,11.2,0.01,53,59359,买盘
2035,13:04:00,11.19,--,14,15666,卖盘
2036,13:03:57,11.19,-0.01,5,5595,卖盘
2037,13:03:54,11.2,0.01,34,38080,买盘
2038,13:03:51,11.19,--,15,16785,卖盘
2039,13:03:48,11.19,-0.01,8,8952,卖盘
2040,13:03:42,11.2,--,16,17920,买盘
2041,13:03:36,11.2,0.01,38,42560,买盘
2042,13:03:33,11.19,--,169,189111,卖盘
2043,13:03:30,11.19,-0.01,98,109662,卖盘
2044,13:03:27,11.2,--,235,263200,买盘
2045,13:03:24,11.2,--,94,105750,卖盘
2046,13:03:21,11.2,--,73,82409,买盘
2047,13:03:18,11.2,--,14,15679,买盘
2048,13:03:15,11.2,0.01,71,79520,买盘
2049,13:03:12,11.19,-0.01,113,126447,卖盘
2050,13:03:09,11.2,--,10,11200,买盘
2051,13:03:06,11.2,--,6,6720,买盘
2052,13:03:03,11.2,0.01,30,33600,买盘
2053,13:03:00,11.19,-0.01,14,15666,卖盘
2054,13:02:57,11.2,--,29,32479,买盘
2055,13:02:54,11.2,--,36,40790,卖盘
2056,13:02:51,11.2,--,15,16800,卖盘
2057,13:02:48,11.2,-0.01,7,7839,卖盘
2058,13:02:42,11.21,0.01,69,77349,买盘
2059,13:02:39,11.2,--,112,126089,买盘
2060,13:02:36,11.2,--,1,1120,买盘
2061,13:02:33,11.2,--,712,797440,买盘
2062,13:02:30,11.2,--,152,170240,买盘
2063,13:02:27,11.2,--,10,11200,买盘
2064,13:02:24,11.2,--,6,6720,买盘
2065,13:02:21,11.2,--,38,42560,买盘
2066,13:02:18,11.2,--,16,17920,买盘
2067,13:02:15,11.2,0.01,39,43680,买盘
2068,13:02:12,11.19,-0.01,41,45879,卖盘
2069,13:02:06,11.2,0.01,5,5600,买盘
2070,13:02:03,11.19,--,12,13428,卖盘
2071,13:02:00,11.19,--,14,15822,卖盘
2072,13:01:57,11.19,--,21,23499,卖盘
2073,13:01:54,11.19,--,1,1119,卖盘
2074,13:01:51,11.19,--,15,16785,卖盘
2075,13:01:48,11.19,--,27,30213,卖盘
2076,13:01:45,11.19,--,6,6714,卖盘
2077,13:01:42,11.19,--,25,27975,卖盘
2078,13:01:39,11.19,--,5,5595,卖盘
2079,13:01:33,11.19,-0.01,27,30213,买盘
2080,13:01:30,11.2,0.01,79,89017,买盘
2081,13:01:27,11.19,--,200,223800,卖盘
2082,13:01:24,11.19,--,11,12309,卖盘
2083,13:01:21,11.19,-0.01,27,30213,卖盘
2084,13:01:18,11.2,0.01,47,52640,买盘
2085,13:01:15,11.19,--,22,25199,卖盘
2086,13:01:12,11.19,--,16,17904,卖盘
2087,13:01:06,11.19,--,44,49236,卖盘
2088,13:01:03,11.19,--,67,74973,卖盘
2089,13:01:00,11.19,--,74,82806,卖盘
2090,13:00:57,11.19,--,39,43641,卖盘
2091,13:00:54,11.19,--,72,80568,卖盘
2092,13:00:51,11.19,-0.01,39,43641,卖盘
2093,13:00:48,11.2,--,69,77280,买盘
2094,13:00:45,11.2,--,20,22400,买盘
2095,13:00:42,11.2,--,81,90720,卖盘
2096,13:00:39,11.2,-0.01,26,29119,卖盘
2097,13:00:36,11.21,0.01,76,85196,买盘
2098,13:00:33,11.2,--,84,94080,卖盘
2099,13:00:30,11.2,--,217,243039,卖盘
2100,13:00:21,11.2,--,88,98560,卖盘
2101,13:00:18,11.2,--,4,4480,卖盘
2102,13:00:15,11.2,-0.01,69,77280,卖盘
2103,13:00:12,11.21,--,211,236531,卖盘
2104,13:00:09,11.21,-0.01,322,360962,买盘
2105,13:00:06,11.22,--,837,939114,买盘
2106,13:00:03,11.22,0.01,2647,2969934,买盘
2107,13:00:00,11.21,--,0,0,卖盘
2108,11:30:00,11.21,--,1,1121,卖盘
2109,11:29:57,11.21,-0.02,80,89680,卖盘
2110,11:29:54,11.23,--,106,119038,卖盘
2111,11:29:51,11.23,--,19,21337,买盘
2112,11:29:48,11.23,--,13,14599,买盘
2113,11:29:45,11.23,--,55,61765,买盘
2114,11:29:42,11.23,0.01,6,6738,买盘
2115,11:29:39,11.22,0.01,26,29172,买盘
2116,11:29:36,11.21,--,47,52687,卖盘
2117,11:29:30,11.21,-0.02,94,105374,卖盘
2118,11:29:27,11.23,0.02,90,101070,买盘
2119,11:29:24,11.21,-0.01,24,26904,卖盘
2120,11:29:18,11.22,0.01,10,11220,买盘
2121,11:29:12,11.21,-0.01,11,12331,卖盘
2122,11:29:06,11.22,0.01,2,2244,买盘
2123,11:29:00,11.21,0.01,124,139004,卖盘
2124,11:28:48,11.2,-0.03,88,99456,卖盘
2125,11:28:42,11.23,0.03,44,49412,买盘
2126,11:28:39,11.2,--,2,2240,卖盘
2127,11:28:36,11.2,-0.01,18,20160,卖盘
2128,11:28:33,11.21,--,137,153577,买盘
2129,11:28:30,11.21,--,251,281371,买盘
2130,11:28:24,11.21,--,32,35872,买盘
2131,11:28:18,11.21,0.01,72,80712,买盘
2132,11:28:15,11.2,--,16,17920,卖盘
2133,11:28:12,11.2,--,6,6720,卖盘
2134,11:28:09,11.2,--,22,24640,卖盘
2135,11:28:06,11.2,--,8,8960,卖盘
2136,11:28:03,11.2,--,65,72800,卖盘
2137,11:28:00,11.2,--,29,32479,卖盘
2138,11:27:57,11.2,--,69,77280,买盘
2139,11:27:54,11.2,--,33,36960,买盘
2140,11:27:51,11.2,0.01,164,183680,买盘
2141,11:27:48,11.19,--,18,20142,卖盘
2142,11:27:45,11.19,--,2,2238,卖盘
2143,11:27:42,11.19,--,71,79449,买盘
2144,11:27:39,11.19,--,3,3357,买盘
2145,11:27:36,11.19,0.01,118,132042,买盘
2146,11:27:33,11.18,-0.01,42,46956,卖盘
2147,11:27:30,11.19,--,26,29094,买盘
2148,11:27:27,11.19,--,109,121971,买盘
2149,11:27:24,11.19,--,2,2238,买盘
2150,11:27:21,11.19,0.01,16,17904,买盘
2151,11:27:18,11.18,-0.01,86,96148,卖盘
2152,11:27:15,11.19,--,126,140994,买盘
2153,11:27:12,11.19,-0.01,1254,1403226,卖盘
2154,11:27:09,11.2,--,194,217280,买盘
2155,11:27:06,11.2,0.01,129,144480,买盘
2156,11:27:03,11.19,-0.01,871,974649,卖盘
2157,11:27:00,11.2,--,80,89600,买盘
2158,11:26:57,11.2,--,122,136640,买盘
2159,11:26:54,11.2,--,77,86240,买盘
2160,11:26:51,11.2,-0.02,303,339360,卖盘
2161,11:26:48,11.22,0.01,82,92004,买盘
2162,11:26:45,11.21,--,38,42598,卖盘
2163,11:26:42,11.21,0.01,84,94164,买盘
2164,11:26:39,11.2,--,28,31359,卖盘
2165,11:26:36,11.2,-0.01,345,386400,卖盘
2166,11:26:33,11.21,0.01,12,13452,买盘
2167,11:26:30,11.2,-0.01,595,666400,卖盘
2168,11:26:27,11.21,--,178,199538,卖盘
2169,11:26:24,11.21,--,100,112100,卖盘
2170,11:26:21,11.21,0.01,981,1099701,中性盘
2171,11:26:18,11.2,--,148,165760,卖盘
2172,11:26:15,11.2,--,901,1009119,卖盘
2173,11:26:12,11.2,-0.01,248,277760,卖盘
2174,11:26:09,11.21,--,2351,2635471,买盘
2175,11:26:06,11.21,-0.01,135,151996,卖盘
2176,11:26:03,11.22,0.01,258,289476,买盘
2177,11:26:00,11.21,-0.01,502,562742,卖盘
2178,11:25:57,11.22,-0.01,1145,1285150,卖盘
2179,11:25:54,11.23,0.01,19,21337,买盘
2180,11:25:51,11.22,--,101,113322,买盘
2181,11:25:48,11.22,--,6,6732,买盘
2182,11:25:42,11.22,--,216,242352,买盘
2183,11:25:39,11.22,0.01,654,733788,买盘
2184,11:25:36,11.21,-0.01,191,214111,卖盘
2185,11:25:33,11.22,0.01,87,97614,买盘
2186,11:25:30,11.21,--,519,581799,卖盘
2187,11:25:27,11.21,-0.01,289,323969,卖盘
2188,11:25:24,11.22,--,245,274890,买盘
2189,11:25:21,11.22,-0.01,1702,1910160,卖盘
2190,11:25:18,11.23,--,53,59519,买盘
2191,11:25:15,11.23,0.01,31,34813,买盘
2192,11:25:12,11.22,-0.01,559,627198,卖盘
2193,11:25:09,11.23,--,82,92164,卖盘
2194,11:25:06,11.23,--,124,140296,买盘
2195,11:25:03,11.23,0.01,3,3369,买盘
2196,11:25:00,11.22,-0.01,26,29172,卖盘
2197,11:24:57,11.23,--,20,22460,买盘
2198,11:24:54,11.23,--,77,86471,买盘
2199,11:24:51,11.23,0.01,1015,1139845,买盘
2200,11:24:48,11.22,-0.01,867,972852,卖盘
2201,11:24:42,11.23,--,224,252371,卖盘
2202,11:24:39,11.23,-0.01,245,275135,卖盘
2203,11:24:36,11.24,0.01,220,247280,买盘
2204,11:24:33,11.23,--,204,229092,卖盘
2205,11:24:30,11.23,-0.01,323,362729,卖盘
2206,11:24:27,11.24,--,831,934347,卖盘
2207,11:24:24,11.24,--,308,346192,卖盘
2208,11:24:21,11.24,-0.01,123,138252,卖盘
2209,11:24:18,11.25,--,418,471082,卖盘
2210,11:24:15,11.25,-0.01,572,643500,卖盘
2211,11:24:12,11.26,--,8,9008,买盘
2212,11:24:09,11.26,0.01,1,1126,买盘
2213,11:24:06,11.25,--,2,2250,卖盘
2214,11:24:03,11.25,--,361,406125,卖盘
2215,11:24:00,11.25,--,206,231750,卖盘
2216,11:23:57,11.25,-0.01,108,121500,卖盘
2217,11:23:54,11.26,--,18,20268,买盘
2218,11:23:51,11.26,--,10,11260,买盘
2219,11:23:42,11.26,--,18,20268,买盘
2220,11:23:39,11.26,0.01,20,22520,买盘
2221,11:23:36,11.25,--,11,12375,卖盘
2222,11:23:33,11.25,-0.01,3,3375,卖盘
2223,11:23:30,11.26,--,17,19142,买盘
2224,11:23:24,11.26,--,1,1126,买盘
2225,11:23:21,11.26,--,23,25898,买盘
2226,11:23:09,11.26,0.01,17,19142,买盘
2227,11:23:06,11.25,--,10,11250,卖盘
2228,11:23:00,11.25,-0.01,8,9000,卖盘
2229,11:22:57,11.26,--,132,148632,买盘
2230,11:22:54,11.26,--,3,3378,买盘
2231,11:22:48,11.26,--,28,31528,买盘
2232,11:22:45,11.26,--,12,13512,买盘
2233,11:22:42,11.26,--,19,21394,买盘
2234,11:22:39,11.26,-0.01,150,168900,卖盘
2235,11:22:36,11.27,0.01,16,18032,买盘
2236,11:22:33,11.26,--,20,22520,卖盘
2237,11:22:27,11.26,-0.01,8,9008,卖盘
2238,11:22:24,11.27,0.01,21,23667,买盘
2239,11:22:21,11.26,-0.01,22,24772,卖盘
2240,11:22:15,11.27,0.01,15,16905,买盘
2241,11:22:09,11.26,-0.01,1,1126,卖盘
2242,11:22:03,11.27,--,16,18032,买盘
2243,11:21:57,11.27,--,1,1127,买盘
2244,11:21:51,11.27,--,24,27048,买盘
2245,11:21:48,11.27,--,1,1127,买盘
2246,11:21:45,11.27,--,2,2254,买盘
2247,11:21:42,11.27,0.01,19,21413,买盘
2248,11:21:39,11.26,--,32,36032,卖盘
2249,11:21:36,11.26,-0.01,90,101340,卖盘
2250,11:21:33,11.27,--,12,13524,买盘
2251,11:21:30,11.27,--,17,19159,买盘
2252,11:21:27,11.27,0.01,1,1127,买盘
2253,11:21:24,11.26,-0.01,7,7882,卖盘
2254,11:21:18,11.27,0.01,16,18032,买盘
2255,11:21:15,11.26,-0.01,48,54048,卖盘
2256,11:21:12,11.27,-0.01,15,16905,买盘
2257,11:21:09,11.28,0.01,16,18048,买盘
2258,11:21:06,11.27,--,1,1127,买盘
2259,11:21:03,11.27,0.01,16,18032,买盘
2260,11:21:00,11.26,-0.01,1,1126,卖盘
2261,11:20:57,11.27,0.01,15,16905,买盘
2262,11:20:48,11.26,-0.01,16,18016,卖盘
2263,11:20:45,11.27,0.01,19,21413,买盘
2264,11:20:39,11.26,-0.01,8,9008,卖盘
2265,11:20:36,11.27,--,31,34937,买盘
2266,11:20:33,11.27,0.01,1,1127,买盘
2267,11:20:30,11.26,-0.01,1,1126,卖盘
2268,11:20:24,11.27,0.01,15,16905,买盘
2269,11:20:21,11.26,--,19,21394,卖盘
2270,11:20:18,11.26,-0.02,1,1126,卖盘
2271,11:20:15,11.28,0.02,17,19176,买盘
2272,11:20:12,11.26,--,19,21394,卖盘
2273,11:20:09,11.26,--,90,101340,卖盘
2274,11:20:06,11.26,-0.01,5,5630,卖盘
2275,11:20:03,11.27,0.01,16,18032,买盘
2276,11:20:00,11.26,--,7,7882,卖盘
2277,11:19:57,11.26,-0.02,7,7882,卖盘
2278,11:19:51,11.28,0.01,18,20304,买盘
2279,11:19:48,11.27,--,3,3381,买盘
2280,11:19:45,11.27,0.01,3,3381,买盘
2281,11:19:42,11.26,-0.01,31,34906,卖盘
2282,11:19:39,11.27,0.01,43,48461,中性盘
2283,11:19:36,11.26,--,241,271366,卖盘
2284,11:19:33,11.26,-0.02,1,1126,卖盘
2285,11:19:30,11.28,0.02,17,19176,买盘
2286,11:19:27,11.26,-0.01,1,1126,卖盘
2287,11:19:18,11.27,--,30,33810,买盘
2288,11:19:15,11.27,0.01,11,12397,买盘
2289,11:19:12,11.26,-0.01,2,2252,卖盘
2290,11:19:09,11.27,--,1,1127,买盘
2291,11:19:06,11.27,--,18,20286,买盘
2292,11:19:03,11.27,-0.01,1,1127,买盘
2293,11:19:00,11.28,0.02,1,1128,买盘
2294,11:18:57,11.26,-0.02,19,21394,卖盘
2295,11:18:54,11.28,--,10,11280,买盘
2296,11:18:51,11.28,0.02,1,1128,买盘
2297,11:18:48,11.26,-0.02,1,1126,中性盘
2298,11:18:45,11.28,0.02,111,125208,买盘
2299,11:18:42,11.26,-0.02,5,5630,卖盘
2300,11:18:39,11.28,0.02,1,1128,买盘
2301,11:18:36,11.26,-0.02,20,22520,卖盘
2302,11:18:33,11.28,0.02,20,23124,买盘
2303,11:18:30,11.26,-0.01,211,237586,卖盘
2304,11:18:27,11.27,-0.01,1,1127,中性盘
2305,11:18:24,11.28,0.02,15,16920,买盘
2306,11:18:18,11.26,-0.02,1,1126,卖盘
2307,11:18:12,11.28,--,17,19176,买盘
2308,11:18:06,11.28,--,1,1128,买盘
2309,11:18:03,11.28,--,1,1128,买盘
2310,11:18:00,11.28,0.01,19,21432,买盘
2311,11:17:48,11.27,0.01,17,19159,中性盘
2312,11:17:45,11.26,-0.02,30,33780,卖盘
2313,11:17:39,11.28,0.02,15,16920,买盘
2314,11:17:30,11.26,-0.02,2,2252,卖盘
2315,11:17:27,11.28,0.02,19,21432,买盘
2316,11:17:21,11.26,-0.02,24,27024,卖盘
2317,11:17:18,11.28,0.02,20,22560,买盘
2318,11:17:06,11.26,--,19,21394,卖盘
2319,11:17:00,11.26,--,6,6756,卖盘
2320,11:16:57,11.26,-0.01,4,4504,卖盘
2321,11:16:54,11.27,--,15,16905,买盘
2322,11:16:45,11.27,0.01,17,19159,买盘
2323,11:16:39,11.26,--,25,28150,卖盘
2324,11:16:36,11.26,-0.01,6,6756,卖盘
2325,11:16:33,11.27,--,42,47334,买盘
2326,11:16:30,11.27,-0.01,22,24794,卖盘
2327,11:16:27,11.28,--,7,7896,买盘
2328,11:16:21,11.28,0.02,18,20304,买盘
2329,11:16:15,11.26,--,24,27024,卖盘
2330,11:16:12,11.26,-0.01,68,76568,卖盘
2331,11:16:09,11.27,-0.01,2,2254,卖盘
2332,11:16:06,11.28,0.01,4,4512,买盘
2333,11:16:03,11.27,--,35,39445,卖盘
2334,11:16:00,11.27,--,44,49599,卖盘
2335,11:15:57,11.27,-0.01,25,28175,卖盘
2336,11:15:51,11.28,--,2,2256,买盘
2337,11:15:48,11.28,--,17,19176,买盘
2338,11:15:45,11.28,0.01,2,2256,买盘
2339,11:15:42,11.27,--,7,7889,卖盘
2340,11:15:39,11.27,0.01,18,20286,中性盘
2341,11:15:33,11.26,--,6,6756,卖盘
2342,11:15:30,11.26,-0.02,22,24772,卖盘
2343,11:15:27,11.28,--,15,16920,买盘
2344,11:15:21,11.28,--,1,1128,买盘
2345,11:15:15,11.28,0.02,41,46248,买盘
2346,11:15:12,11.26,-0.01,1,1126,卖盘
2347,11:15:06,11.27,-0.01,23,25921,卖盘
2348,11:15:03,11.28,0.01,1,1128,买盘
2349,11:15:00,11.27,--,30,34057,买盘
2350,11:14:57,11.27,--,11,12397,买盘
2351,11:14:54,11.27,--,18,20286,买盘
2352,11:14:45,11.27,--,7,7889,买盘
2353,11:14:42,11.27,0.01,18,21018,买盘
2354,11:14:39,11.26,-0.01,29,32654,卖盘
2355,11:14:36,11.27,--,49,55223,买盘
2356,11:14:33,11.27,--,37,41699,买盘
2357,11:14:30,11.27,0.01,8,9016,买盘
2358,11:14:24,11.26,-0.01,12,13512,卖盘
2359,11:14:21,11.27,--,29,32683,买盘
2360,11:14:18,11.27,0.01,7,7889,买盘
2361,11:14:15,11.26,-0.01,30,33780,卖盘
2362,11:14:09,11.27,0.01,18,20286,买盘
2363,11:14:00,11.26,--,24,27024,卖盘
2364,11:13:57,11.26,--,5,5630,卖盘
2365,11:13:48,11.26,-0.01,1038,1168788,卖盘
2366,11:13:45,11.27,--,2,2254,买盘
2367,11:13:42,11.27,0.01,15,16905,买盘
2368,11:13:39,11.26,-0.01,1,1126,卖盘
2369,11:13:36,11.27,--,46,51842,买盘
2370,11:13:33,11.27,0.01,11,12397,买盘
2371,11:13:30,11.26,-0.01,15,16890,卖盘
2372,11:13:27,11.27,--,27,30429,买盘
2373,11:13:24,11.27,--,2,2254,买盘
2374,11:13:21,11.27,--,1,1127,买盘
2375,11:13:18,11.27,0.01,3,3381,买盘
2376,11:13:15,11.26,-0.01,23,25898,卖盘
2377,11:13:12,11.27,--,76,85652,买盘
2378,11:13:09,11.27,-0.01,22,24794,卖盘
2379,11:13:06,11.28,--,216,243648,卖盘
2380,11:13:03,11.28,0.01,262,295536,买盘
2381,11:13:00,11.27,0.01,13,14651,买盘
2382,11:12:57,11.26,-0.01,11,12386,卖盘
2383,11:12:54,11.27,--,21,23667,买盘
2384,11:12:51,11.27,--,45,50715,卖盘
2385,11:12:45,11.27,--,7,7889,卖盘
2386,11:12:42,11.27,--,28,31556,买盘
2387,11:12:39,11.27,0.01,1,1127,买盘
2388,11:12:36,11.26,-0.01,2,2252,卖盘
2389,11:12:33,11.27,-0.01,1,1127,中性盘
2390,11:12:30,11.28,0.01,71,80088,买盘
2391,11:12:27,11.27,-0.01,50,56350,卖盘
2392,11:12:24,11.28,0.02,15,16920,中性盘
2393,11:12:21,11.26,-0.03,31,34906,卖盘
2394,11:12:18,11.29,0.02,64,72256,买盘
2395,11:12:15,11.27,-0.01,63,71001,卖盘
2396,11:12:12,11.28,-0.01,41,46248,卖盘
2397,11:12:09,11.29,0.02,18,20322,买盘
2398,11:12:03,11.27,0.01,7,7889,买盘
2399,11:12:00,11.26,-0.01,142,159892,卖盘
2400,11:11:57,11.27,-0.01,65,73255,卖盘
2401,11:11:54,11.28,--,7,7896,卖盘
2402,11:11:51,11.28,--,10,11280,买盘
2403,11:11:48,11.28,--,123,138744,买盘
2404,11:11:45,11.28,--,17,19176,买盘
2405,11:11:39,11.28,0.01,47,53816,买盘
2406,11:11:36,11.27,-0.01,20,22540,卖盘
2407,11:11:33,11.28,--,1441,1625448,买盘
2408,11:11:30,11.28,0.01,5,5640,买盘
2409,11:11:27,11.27,-0.01,23,25921,卖盘
2410,11:11:24,11.28,--,23,25944,买盘
2411,11:11:21,11.28,0.01,13,14664,买盘
2412,11:11:18,11.27,-0.01,24,27048,卖盘
2413,11:11:15,11.28,0.01,16,18048,买盘
2414,11:11:12,11.27,--,1,1127,卖盘
2415,11:11:06,11.27,-0.01,1,1127,卖盘
2416,11:11:03,11.28,--,19,21432,买盘
2417,11:11:00,11.28,0.01,2,2256,买盘
2418,11:10:57,11.27,--,1,1127,卖盘
2419,11:10:54,11.27,-0.01,1,1127,卖盘
2420,11:10:51,11.28,0.01,16,18048,买盘
2421,11:10:45,11.27,--,43,48461,卖盘
2422,11:10:42,11.27,-0.01,2,2254,卖盘
2423,11:10:39,11.28,--,16,18048,买盘
2424,11:10:36,11.28,--,2,2256,买盘
2425,11:10:33,11.28,0.01,2,2256,买盘
2426,11:10:30,11.27,--,56,63112,卖盘
2427,11:10:27,11.27,--,1,1127,卖盘
2428,11:10:24,11.27,-0.01,1,1127,卖盘
2429,11:10:18,11.28,0.01,16,18048,买盘
2430,11:10:15,11.27,--,103,116081,卖盘
2431,11:10:12,11.27,-0.02,24,27048,卖盘
2432,11:10:09,11.29,--,2,2258,买盘
2433,11:10:06,11.29,0.01,19,21451,买盘
2434,11:10:03,11.28,-0.01,1,1128,买盘
2435,11:10:00,11.29,0.02,1,1129,买盘
2436,11:09:57,11.27,-0.01,19,21413,卖盘
2437,11:09:54,11.28,--,267,301176,买盘
2438,11:09:51,11.28,--,6,6768,买盘
2439,11:09:48,11.28,--,6,6768,买盘
2440,11:09:45,11.28,0.02,25,28200,买盘
2441,11:09:42,11.26,--,6,6756,卖盘
2442,11:09:39,11.26,-0.01,1,1126,卖盘
2443,11:09:36,11.27,--,181,204640,买盘
2444,11:09:33,11.27,0.01,118,132986,买盘
2445,11:09:27,11.26,--,7,7882,卖盘
2446,11:09:24,11.26,--,262,295496,卖盘
2447,11:09:21,11.26,--,13,14638,卖盘
2448,11:09:18,11.26,--,19,21394,卖盘
2449,11:09:15,11.26,--,10,11260,卖盘
2450,11:09:12,11.26,--,18,20268,卖盘
2451,11:09:09,11.26,--,55,61930,卖盘
2452,11:09:06,11.26,-0.01,109,122734,卖盘
2453,11:09:03,11.27,0.01,16,18032,买盘
2454,11:09:00,11.26,--,1,1126,卖盘
2455,11:08:57,11.26,-0.01,4,4504,卖盘
2456,11:08:54,11.27,0.01,15,16905,买盘
2457,11:08:51,11.26,--,20,22520,卖盘
2458,11:08:48,11.26,-0.01,3,3378,卖盘
2459,11:08:45,11.27,0.01,8,9016,买盘
2460,11:08:42,11.26,-0.01,14,15764,卖盘
2461,11:08:39,11.27,0.01,15,16905,买盘
2462,11:08:36,11.26,-0.01,21,23646,卖盘
2463,11:08:33,11.27,--,85,95795,买盘
2464,11:08:30,11.27,--,92,103684,买盘
2465,11:08:27,11.27,0.01,2,2254,买盘
2466,11:08:24,11.26,-0.01,27,30402,卖盘
2467,11:08:21,11.27,--,26,29302,买盘
2468,11:08:18,11.27,--,52,58604,买盘
2469,11:08:15,11.27,--,76,85652,买盘
2470,11:08:12,11.27,--,19,21413,买盘
2471,11:08:09,11.27,--,30,33810,买盘
2472,11:08:06,11.27,--,18,20286,买盘
2473,11:08:03,11.27,0.01,38,42826,买盘
2474,11:08:00,11.26,--,25,28150,卖盘
2475,11:07:57,11.26,-0.01,45,50670,卖盘
2476,11:07:54,11.27,--,81,91287,买盘
2477,11:07:51,11.27,0.01,20,22540,买盘
2478,11:07:45,11.26,-0.01,17,19142,卖盘
2479,11:07:42,11.27,0.01,32,36064,买盘
2480,11:07:39,11.26,--,26,29276,卖盘
2481,11:07:36,11.26,-0.01,2,2252,中性盘
2482,11:07:33,11.27,0.02,52,58604,买盘
2483,11:07:30,11.25,-0.01,35,40185,卖盘
2484,11:07:27,11.26,-0.01,186,209436,卖盘
2485,11:07:24,11.27,0.01,276,311052,买盘
2486,11:07:21,11.26,-0.01,2,2252,卖盘
2487,11:07:18,11.27,0.01,8,9083,买盘
2488,11:07:15,11.26,--,27,31111,卖盘
2489,11:07:12,11.26,-0.01,44,49645,卖盘
2490,11:07:09,11.27,0.01,66,74787,买盘
2491,11:07:06,11.26,-0.01,83,93458,卖盘
2492,11:07:03,11.27,--,2,2254,买盘
2493,11:07:00,11.27,0.01,18,20286,买盘
2494,11:06:57,11.26,--,1,1126,卖盘
2495,11:06:54,11.26,0.01,91,103569,买盘
2496,11:06:51,11.25,--,38,42750,卖盘
2497,11:06:48,11.25,-0.01,33,37125,卖盘
2498,11:06:45,11.26,--,42,47460,买盘
2499,11:06:42,11.26,--,34,38779,买盘
2500,11:06:39,11.26,--,80,90665,买盘
2501,11:06:36,11.26,--,66,74316,卖盘
2502,11:06:33,11.26,-0.01,1,1126,卖盘
2503,11:06:27,11.27,0.01,35,39445,买盘
2504,11:06:24,11.26,--,68,76568,卖盘
2505,11:06:21,11.26,0.01,261,293886,卖盘
2506,11:06:18,11.25,-0.01,1,1125,卖盘
2507,11:06:15,11.26,--,18,20268,买盘
2508,11:06:06,11.26,--,25,28150,买盘
2509,11:06:03,11.26,0.01,42,47292,买盘
2510,11:05:57,11.25,-0.01,6,6750,卖盘
2511,11:05:54,11.26,0.01,24,27024,买盘
2512,11:05:51,11.25,-0.01,75,84375,卖盘
2513,11:05:48,11.26,--,101,113726,买盘
2514,11:05:45,11.26,--,10,11260,买盘
2515,11:05:42,11.26,0.01,38,42788,买盘
2516,11:05:39,11.25,--,28,32411,卖盘
2517,11:05:36,11.25,-0.01,36,41096,卖盘
2518,11:05:33,11.26,0.01,62,70904,买盘
2519,11:05:30,11.25,--,25,29137,卖盘
2520,11:05:27,11.25,-0.01,58,65250,卖盘
2521,11:05:24,11.26,--,103,115978,买盘
2522,11:05:21,11.26,0.01,17,19142,买盘
2523,11:05:18,11.25,-0.01,8,9000,卖盘
2524,11:05:15,11.26,0.01,13,14638,买盘
2525,11:05:12,11.25,-0.01,16,18000,卖盘
2526,11:05:09,11.26,0.02,17,19142,买盘
2527,11:05:06,11.24,-0.02,1,1124,卖盘
2528,11:05:03,11.26,--,20,22520,买盘
2529,11:05:00,11.26,--,17,19142,买盘
2530,11:04:57,11.26,--,54,61502,买盘
2531,11:04:54,11.26,0.01,26,30323,买盘
2532,11:04:51,11.25,-0.01,33,37631,卖盘
2533,11:04:48,11.26,0.02,28,31786,买盘
2534,11:04:45,11.24,--,9,10678,卖盘
2535,11:04:42,11.24,-0.02,33,37092,卖盘
2536,11:04:39,11.26,0.02,42,47292,买盘
2537,11:04:36,11.24,-0.01,357,401268,卖盘
2538,11:04:33,11.25,--,6,6750,买盘
2539,11:04:30,11.25,--,109,122748,买盘
2540,11:04:27,11.25,--,54,61233,买盘
2541,11:04:24,11.25,--,309,347658,买盘
2542,11:04:21,11.25,--,1157,1302075,卖盘
2543,11:04:18,11.25,-0.01,4,4713,卖盘
2544,11:04:15,11.26,0.01,18,20279,买盘
2545,11:04:12,11.25,-0.01,0,393,卖盘
2546,11:04:09,11.26,--,9,11192,买盘
2547,11:04:06,11.26,--,54,61243,买盘
2548,11:04:03,11.26,0.01,89,100472,买盘
2549,11:04:00,11.25,-0.01,115,129397,卖盘
2550,11:03:57,11.26,-0.01,630,710415,卖盘
2551,11:03:54,11.27,0.01,24,27115,买盘
2552,11:03:51,11.26,--,49,55782,卖盘
2553,11:03:48,11.26,--,30,34737,卖盘
2554,11:03:45,11.26,-0.01,6,7600,卖盘
2555,11:03:42,11.27,0.01,39,44437,买盘
2556,11:03:39,11.26,--,25,28251,卖盘
2557,11:03:36,11.26,--,4,4976,卖盘
2558,11:03:33,11.26,-0.01,1,1126,卖盘
2559,11:03:30,11.27,0.01,26,30406,买盘
2560,11:03:27,11.26,-0.01,2,2567,卖盘
2561,11:03:24,11.27,--,13,14865,买盘
2562,11:03:21,11.27,--,15,16905,买盘
2563,11:03:09,11.27,0.01,21,24726,买盘
2564,11:03:06,11.26,-0.01,0,709,卖盘
2565,11:03:03,11.27,--,5,5668,买盘
2566,11:03:00,11.27,0.01,44,49802,买盘
2567,11:02:57,11.26,--,48,54205,卖盘
2568,11:02:54,11.26,-0.01,11,12386,卖盘
2569,11:02:48,11.27,0.01,1,1138,买盘
2570,11:02:45,11.26,--,0,484,卖盘
2571,11:02:42,11.26,-0.01,0,146,卖盘
2572,11:02:39,11.27,0.01,2,2637,买盘
2573,11:02:36,11.26,--,16,18973,卖盘
2574,11:02:33,11.26,-0.01,82,92500,卖盘
2575,11:02:30,11.27,0.01,159,180297,买盘
2576,11:02:27,11.26,--,590,664340,买盘
2577,11:02:24,11.26,--,84,94584,卖盘
2578,11:02:21,11.26,--,124,139781,买盘
2579,11:02:18,11.26,--,124,140220,卖盘
2580,11:02:15,11.26,--,376,423770,卖盘
2581,11:02:12,11.26,--,250,281691,卖盘
2582,11:02:09,11.26,--,142,160094,卖盘
2583,11:02:06,11.26,--,1,1531,卖盘
2584,11:02:03,11.26,--,2,2285,卖盘
2585,11:02:00,11.26,--,1,1925,卖盘
2586,11:01:57,11.26,--,14,15977,卖盘
2587,11:01:54,11.26,-0.01,2,3355,卖盘
2588,11:01:51,11.27,0.01,107,121152,买盘
2589,11:01:48,11.26,-0.02,451,507949,卖盘
2590,11:01:45,11.28,--,49,55655,买盘
2591,11:01:42,11.28,--,60,68322,买盘
2592,11:01:39,11.28,--,358,403824,卖盘
2593,11:01:33,11.28,--,2,2256,卖盘
2594,11:01:27,11.28,--,24,27072,卖盘
2595,11:01:24,11.28,-0.01,13,14664,卖盘
2596,11:01:18,11.29,0.01,1,1129,买盘
2597,11:01:12,11.28,-0.01,1,1173,卖盘
2598,11:01:09,11.29,--,3,3386,买盘
2599,11:01:06,11.29,--,1,1129,买盘
2600,11:01:03,11.29,--,4,4516,买盘
2601,11:01:00,11.29,0.01,10,11290,买盘
2602,11:00:57,11.28,--,7,7896,卖盘
2603,11:00:51,11.28,-0.01,1,1128,卖盘
2604,11:00:42,11.29,0.01,11,12418,买盘
2605,11:00:39,11.28,-0.01,25,28200,卖盘
2606,11:00:36,11.29,0.01,2,2258,买盘
2607,11:00:33,11.28,--,1,1128,卖盘
2608,11:00:30,11.28,--,1,1319,卖盘
2609,11:00:21,11.28,-0.01,1,1128,卖盘
2610,11:00:12,11.29,0.01,5,5645,买盘
2611,11:00:09,11.28,--,1,1128,卖盘
2612,11:00:03,11.28,--,1,1128,卖盘
2613,11:00:00,11.28,--,7,7896,卖盘
2614,10:59:57,11.28,--,6,6768,卖盘
2615,10:59:51,11.28,-0.01,1,1128,卖盘
2616,10:59:42,11.29,0.01,1,1129,买盘
2617,10:59:39,11.28,--,26,29328,卖盘
2618,10:59:33,11.28,--,55,62040,卖盘
2619,10:59:30,11.28,0.01,5,5640,卖盘
2620,10:59:24,11.27,-0.01,149,167923,卖盘
2621,10:59:21,11.28,--,1,1128,卖盘
2622,10:59:18,11.28,--,41,47353,买盘
2623,10:59:15,11.28,0.01,40,45120,买盘
2624,10:59:12,11.27,--,27,30429,卖盘
2625,10:59:09,11.27,-0.01,52,58604,卖盘
2626,10:59:03,11.28,--,11,12408,买盘
2627,10:59:00,11.28,--,182,205318,卖盘
2628,10:58:57,11.28,--,1,1128,卖盘
2629,10:58:54,11.28,--,9,10152,卖盘
2630,10:58:51,11.28,--,31,34968,卖盘
2631,10:58:42,11.28,--,1,1128,卖盘
2632,10:58:39,11.28,-0.01,100,112800,卖盘
2633,10:58:36,11.29,0.01,1,1129,买盘
2634,10:58:33,11.28,-0.01,31,34968,卖盘
2635,10:58:30,11.29,0.01,26,29353,买盘
2636,10:58:27,11.28,-0.01,143,161304,卖盘
2637,10:58:24,11.29,--,1,1129,买盘
2638,10:58:21,11.29,--,22,24837,买盘
2639,10:58:15,11.29,--,2,2258,买盘
2640,10:58:12,11.29,--,30,33870,买盘
2641,10:58:09,11.29,--,7,7902,买盘
2642,10:58:06,11.29,-0.01,189,213380,卖盘
2643,10:58:03,11.3,0.01,65,73450,买盘
2644,10:58:00,11.29,--,24,27095,买盘
2645,10:57:57,11.29,--,31,34999,买盘
2646,10:57:54,11.29,--,14,15805,买盘
2647,10:57:51,11.29,0.01,436,492243,买盘
2648,10:57:48,11.28,--,26,29328,卖盘
2649,10:57:45,11.28,-0.01,5,5718,卖盘
2650,10:57:42,11.29,--,21,23709,买盘
2651,10:57:39,11.29,--,8,9032,买盘
2652,10:57:36,11.29,--,1,1129,买盘
2653,10:57:33,11.29,--,25,28224,买盘
2654,10:57:30,11.29,--,1,1129,买盘
2655,10:57:24,11.29,0.01,14,15805,买盘
2656,10:57:12,11.28,--,1,1128,卖盘
2657,10:57:09,11.28,-0.01,2,2289,卖盘
2658,10:57:06,11.29,--,46,51933,买盘
2659,10:57:03,11.29,--,2,2258,买盘
2660,10:57:00,11.29,0.01,289,326281,买盘
2661,10:56:51,11.28,--,20,22560,卖盘
2662,10:56:45,11.28,--,5,5640,卖盘
2663,10:56:42,11.28,-0.01,102,115056,卖盘
2664,10:56:39,11.29,0.01,1,1129,买盘
2665,10:56:33,11.28,-0.01,3,3417,卖盘
2666,10:56:24,11.29,0.01,1,1129,买盘
2667,10:56:21,11.28,-0.01,2,2256,卖盘
2668,10:56:18,11.29,--,2,2258,买盘
2669,10:56:15,11.29,0.01,17,19193,买盘
2670,10:56:12,11.28,--,1,1128,卖盘
2671,10:56:09,11.28,-0.01,11,12408,卖盘
2672,10:56:06,11.29,--,30,33870,买盘
2673,10:56:03,11.29,0.01,3,3386,买盘
2674,10:56:00,11.28,-0.01,12,13536,卖盘
2675,10:55:57,11.29,0.01,110,124189,买盘
2676,10:55:54,11.28,--,8,9069,卖盘
2677,10:55:48,11.28,--,30,33840,卖盘
2678,10:55:42,11.28,--,1,1128,卖盘
2679,10:55:39,11.28,-0.01,34,38352,卖盘
2680,10:55:36,11.29,0.01,25,28224,买盘
2681,10:55:33,11.28,--,6,6768,卖盘
2682,10:55:27,11.28,-0.02,3,3384,卖盘
2683,10:55:24,11.3,0.02,2,2260,买盘
2684,10:55:15,11.28,-0.01,312,351936,卖盘
2685,10:55:12,11.29,--,21,23709,卖盘
2686,10:55:09,11.29,-0.01,2,2303,卖盘
2687,10:55:03,11.3,--,60,67800,买盘
2688,10:55:00,11.3,--,53,59890,买盘
2689,10:54:57,11.3,--,2,2260,买盘
2690,10:54:51,11.3,--,25,28250,买盘
2691,10:54:48,11.3,--,1,1130,买盘
2692,10:54:45,11.3,0.01,10,11300,买盘
2693,10:54:42,11.29,-0.01,31,34999,卖盘
2694,10:54:39,11.3,--,22,24860,买盘
2695,10:54:36,11.3,--,3,3390,买盘
2696,10:54:33,11.3,0.01,3,3390,买盘
2697,10:54:30,11.29,-0.01,157,177332,卖盘
2698,10:54:24,11.3,0.01,15,16950,买盘
2699,10:54:15,11.29,--,8,9032,卖盘
2700,10:54:12,11.29,--,6,6773,卖盘
2701,10:54:06,11.29,-0.01,17,19193,卖盘
2702,10:54:03,11.3,--,16,18080,买盘
2703,10:54:00,11.3,0.01,17,19210,买盘
2704,10:53:57,11.29,-0.01,24,27095,卖盘
2705,10:53:54,11.3,--,19,21470,买盘
2706,10:53:48,11.3,--,17,19277,买盘
2707,10:53:45,11.3,0.01,1,1130,买盘
2708,10:53:42,11.29,-0.01,1,1129,卖盘
2709,10:53:39,11.3,-0.01,214,242305,卖盘
2710,10:53:36,11.31,--,17,19227,买盘
2711,10:53:33,11.31,0.01,2,2262,买盘
2712,10:53:30,11.3,--,248,280240,卖盘
2713,10:53:27,11.3,-0.01,5,5650,卖盘
2714,10:53:24,11.31,0.01,17,19227,买盘
2715,10:53:21,11.3,--,13,14690,卖盘
2716,10:53:15,11.3,--,26,29380,卖盘
2717,10:53:12,11.3,--,24,27120,卖盘
2718,10:53:06,11.3,-0.01,7,7966,卖盘
2719,10:53:03,11.31,--,18,20358,买盘
2720,10:52:54,11.31,--,20,22620,买盘
2721,10:52:51,11.31,0.01,15,16965,买盘
2722,10:52:42,11.3,-0.01,22,24860,卖盘
2723,10:52:39,11.31,--,1,1131,买盘
2724,10:52:36,11.31,--,28,31668,买盘
2725,10:52:30,11.31,0.01,23,26092,买盘
2726,10:52:27,11.3,-0.01,24,27120,卖盘
2727,10:52:24,11.31,--,1,1131,买盘
2728,10:52:21,11.31,--,17,19227,买盘
2729,10:52:18,11.31,--,65,73515,买盘
2730,10:52:15,11.31,--,10,11310,买盘
2731,10:52:12,11.31,--,5,5655,买盘
2732,10:52:09,11.31,--,19,21489,买盘
2733,10:52:06,11.31,0.01,1,1131,买盘
2734,10:52:03,11.3,--,15,16950,卖盘
2735,10:52:00,11.3,--,15,16950,卖盘
2736,10:51:57,11.3,--,29,32770,卖盘
2737,10:51:54,11.3,-0.01,8,9073,卖盘
2738,10:51:51,11.31,0.01,8,9048,买盘
2739,10:51:48,11.3,-0.01,53,59890,卖盘
2740,10:51:45,11.31,--,17,19227,买盘
2741,10:51:42,11.31,--,117,132327,买盘
2742,10:51:36,11.31,--,17,19227,买盘
2743,10:51:33,11.31,--,2,2262,买盘
2744,10:51:24,11.31,0.01,17,19227,买盘
2745,10:51:18,11.3,--,1,1197,卖盘
2746,10:51:15,11.3,-0.01,6,6780,卖盘
2747,10:51:12,11.31,0.01,31,35061,买盘
2748,10:51:09,11.3,--,5,5650,卖盘
2749,10:51:06,11.3,-0.01,1,1130,卖盘
2750,10:51:03,11.31,0.01,18,20358,买盘
2751,10:50:57,11.3,-0.01,7,7910,卖盘
2752,10:50:51,11.31,--,16,18096,买盘
2753,10:50:48,11.31,0.01,71,80301,买盘
2754,10:50:45,11.3,-0.01,16,19142,卖盘
2755,10:50:39,11.31,--,37,41847,买盘
2756,10:50:30,11.31,--,22,24882,买盘
2757,10:50:18,11.31,0.01,202,228462,买盘
2758,10:50:15,11.3,--,20,22600,卖盘
2759,10:50:12,11.3,--,6,6780,卖盘
2760,10:50:09,11.3,-0.01,9,10170,卖盘
2761,10:50:06,11.31,--,53,59943,买盘
2762,10:50:03,11.31,0.01,110,124410,买盘
2763,10:50:00,11.3,--,10,11300,卖盘
2764,10:49:57,11.3,-0.01,45,50850,卖盘
2765,10:49:51,11.31,0.01,31,35061,买盘
2766,10:49:48,11.3,-0.01,9,10644,卖盘
2767,10:49:45,11.31,--,269,304239,买盘
2768,10:49:42,11.31,--,28,31668,买盘
2769,10:49:36,11.31,--,6,6786,买盘
2770,10:49:33,11.31,--,18,20358,买盘
2771,10:49:27,11.31,--,60,67860,买盘
2772,10:49:24,11.31,0.01,129,146260,买盘
2773,10:49:21,11.3,--,27,30510,卖盘
2774,10:49:15,11.3,-0.01,9,10170,卖盘
2775,10:49:12,11.31,--,17,19227,买盘
2776,10:49:09,11.31,0.01,6,7487,买盘
2777,10:49:06,11.3,--,12,13560,卖盘
2778,10:49:03,11.3,-0.01,24,27120,卖盘
2779,10:49:00,11.31,0.01,16,18096,买盘
2780,10:48:57,11.3,--,42,47460,卖盘
2781,10:48:54,11.3,-0.01,213,241786,卖盘
2782,10:48:51,11.31,0.01,33,37356,买盘
2783,10:48:48,11.3,-0.01,4,4520,卖盘
2784,10:48:45,11.31,--,2,2262,买盘
2785,10:48:42,11.31,--,7,7917,买盘
2786,10:48:39,11.31,0.01,16,18096,买盘
2787,10:48:36,11.3,-0.01,1,1130,中性盘
2788,10:48:33,11.31,0.01,90,101790,买盘
2789,10:48:30,11.3,--,174,196620,买盘
2790,10:48:27,11.3,0.01,23,25990,卖盘
2791,10:48:24,11.29,-0.02,6,6773,卖盘
2792,10:48:18,11.31,0.02,37,41847,买盘
2793,10:48:12,11.29,-0.02,8,9032,卖盘
2794,10:48:06,11.31,0.02,17,19227,买盘
2795,10:48:03,11.29,--,60,67740,买盘
2796,10:47:57,11.29,0.01,19,21451,买盘
2797,10:47:54,11.28,--,4,4512,卖盘
2798,10:47:51,11.28,-0.01,9,10152,卖盘
