,time,price,change,volume,amount,type
0,15:00:03,8.01,--,9591,7682815,买盘
1,14:57:00,8.01,0.01,239,191439,买盘
2,14:56:57,8.0,--,184,147200,卖盘
3,14:56:54,8.0,--,222,177600,卖盘
4,14:56:51,8.0,--,30,24000,卖盘
5,14:56:48,8.0,0.01,141,112800,买盘
6,14:56:45,7.99,-0.01,480,383520,卖盘
7,14:56:42,8.0,--,680,544000,买盘
8,14:56:36,8.0,--,232,185600,买盘
9,14:56:33,8.0,--,191,152800,买盘
10,14:56:30,8.0,--,230,184000,买盘
11,14:56:27,8.0,--,276,220800,买盘
12,14:56:24,8.0,0.01,164,131200,买盘
13,14:56:21,7.99,-0.01,4,3196,卖盘
14,14:56:18,8.0,--,130,104000,买盘
15,14:56:15,8.0,0.01,35,28000,买盘
16,14:56:12,7.99,-0.02,482,385118,卖盘
17,14:56:09,8.01,0.01,27,21627,买盘
18,14:56:06,8.0,--,151,120800,卖盘
19,14:56:03,8.0,-0.01,66,52800,卖盘
20,14:56:00,8.01,0.01,114,91314,买盘
21,14:55:57,8.0,--,330,264000,卖盘
22,14:55:54,8.0,-0.01,10,8000,卖盘
23,14:55:51,8.01,0.01,198,158598,买盘
24,14:55:48,8.0,-0.01,179,143200,卖盘
25,14:55:45,8.01,0.01,165,132165,买盘
26,14:55:42,8.0,--,58,46400,卖盘
27,14:55:39,8.0,--,748,598400,卖盘
28,14:55:36,8.0,--,367,293600,卖盘
29,14:55:33,8.0,--,151,120800,卖盘
30,14:55:30,8.0,--,33,26400,卖盘
31,14:55:27,8.0,-0.01,364,291200,卖盘
32,14:55:24,8.01,--,154,123354,买盘
33,14:55:21,8.01,0.01,470,376470,买盘
34,14:55:18,8.0,-0.01,146,116800,卖盘
35,14:55:15,8.01,--,304,243504,买盘
36,14:55:12,8.01,0.01,59,47259,买盘
37,14:55:09,8.0,--,16,12800,卖盘
38,14:55:06,8.0,--,21,16800,卖盘
39,14:55:03,8.0,--,29,23200,卖盘
40,14:55:00,8.0,--,59,47200,卖盘
41,14:54:57,8.0,--,1486,1188800,买盘
42,14:54:54,8.0,0.01,240,192000,买盘
43,14:54:51,7.99,-0.01,1105,882895,卖盘
44,14:54:48,8.0,--,49,39200,买盘
45,14:54:45,8.0,0.01,40,32000,买盘
46,14:54:39,7.99,--,43,34357,卖盘
47,14:54:36,7.99,--,216,172584,卖盘
48,14:54:33,7.99,0.01,82,65518,买盘
49,14:54:27,7.98,-0.02,28,22344,卖盘
50,14:54:24,8.0,0.01,142,113600,买盘
51,14:54:21,7.99,--,287,229313,买盘
52,14:54:18,7.99,0.01,7,5593,买盘
53,14:54:15,7.98,-0.01,57,45486,卖盘
54,14:54:12,7.99,--,121,96679,卖盘
55,14:54:09,7.99,--,2,1598,卖盘
56,14:54:06,7.99,--,15,11985,卖盘
57,14:54:03,7.99,0.02,47,37553,卖盘
58,14:54:00,7.97,-0.01,803,639991,卖盘
59,14:53:57,7.98,-0.02,3660,2920680,卖盘
60,14:53:54,8.0,0.01,367,293600,买盘
61,14:53:51,7.99,-0.01,89,71111,卖盘
62,14:53:48,8.0,0.01,313,250400,买盘
63,14:53:45,7.99,-0.01,42,33558,卖盘
64,14:53:42,8.0,0.01,30,24000,买盘
65,14:53:39,7.99,--,86,68714,卖盘
66,14:53:36,7.99,-0.01,695,555305,卖盘
67,14:53:33,8.0,0.01,170,136000,买盘
68,14:53:30,7.99,--,45,35955,卖盘
69,14:53:27,7.99,-0.01,172,137428,卖盘
70,14:53:24,8.0,--,185,148000,买盘
71,14:53:21,8.0,--,38,30400,买盘
72,14:53:18,8.0,--,75,60000,买盘
73,14:53:15,8.0,0.01,80,64000,买盘
74,14:53:12,7.99,--,15,11985,卖盘
75,14:53:09,7.99,-0.01,269,214931,卖盘
76,14:53:06,8.0,0.01,63,50400,买盘
77,14:53:03,7.99,--,95,75905,卖盘
78,14:53:00,7.99,-0.01,288,230112,卖盘
79,14:52:57,8.0,0.01,705,564000,买盘
80,14:52:54,7.99,--,191,152609,卖盘
81,14:52:48,7.99,--,149,119051,卖盘
82,14:52:45,7.99,0.01,72,58079,买盘
83,14:52:42,7.98,--,6,4788,卖盘
84,14:52:39,7.98,--,10,7980,卖盘
85,14:52:36,7.98,--,841,671118,卖盘
86,14:52:33,7.98,--,220,175560,卖盘
87,14:52:30,7.98,-0.01,894,713412,卖盘
88,14:52:27,7.99,--,24,19176,买盘
89,14:52:24,7.99,--,292,233308,买盘
90,14:52:21,7.99,--,36,28764,买盘
91,14:52:18,7.99,0.01,125,99875,买盘
92,14:52:15,7.98,-0.01,1383,1103634,卖盘
93,14:52:12,7.99,--,16,12784,买盘
94,14:52:09,7.99,0.01,568,453832,买盘
95,14:52:06,7.98,-0.01,655,522690,卖盘
96,14:52:03,7.99,0.01,118,94282,买盘
97,14:52:00,7.98,--,145,115710,卖盘
98,14:51:57,7.98,--,33,26334,卖盘
99,14:51:54,7.98,-0.01,322,256956,卖盘
100,14:51:51,7.99,0.01,161,128639,买盘
101,14:51:48,7.98,--,61,48678,卖盘
102,14:51:45,7.98,--,954,761292,买盘
103,14:51:42,7.98,0.01,58,46284,买盘
104,14:51:39,7.97,-0.01,38,30286,卖盘
105,14:51:36,7.98,--,62,49476,买盘
106,14:51:33,7.98,0.01,73,58254,买盘
107,14:51:30,7.97,-0.01,216,172152,卖盘
108,14:51:27,7.98,--,52,41496,买盘
109,14:51:24,7.98,--,75,59850,买盘
110,14:51:21,7.98,--,259,206682,卖盘
111,14:51:18,7.98,--,3,2394,卖盘
112,14:51:15,7.98,-0.01,97,77406,卖盘
113,14:51:12,7.99,0.01,7,5593,买盘
114,14:51:09,7.98,--,315,251370,卖盘
115,14:51:06,7.98,-0.01,115,91770,卖盘
116,14:51:03,7.99,--,264,210936,买盘
117,14:51:00,7.99,0.01,103,82297,买盘
118,14:50:57,7.98,--,33,26334,卖盘
119,14:50:54,7.98,--,27,21546,卖盘
120,14:50:51,7.98,--,34,27132,卖盘
121,14:50:48,7.98,--,148,118104,卖盘
122,14:50:45,7.98,--,54,43092,卖盘
123,14:50:42,7.98,--,77,61446,卖盘
124,14:50:39,7.98,--,187,149226,卖盘
125,14:50:36,7.98,--,26,20748,卖盘
126,14:50:33,7.98,--,165,131670,卖盘
127,14:50:30,7.98,0.01,1123,896154,买盘
128,14:50:27,7.97,-0.01,33,26301,卖盘
129,14:50:24,7.98,--,35,27930,买盘
130,14:50:21,7.98,--,113,90174,买盘
131,14:50:15,7.98,--,109,86982,买盘
132,14:50:12,7.98,0.01,70,55860,买盘
133,14:50:09,7.97,-0.01,39,31083,卖盘
134,14:50:06,7.98,0.01,17,13566,买盘
135,14:50:03,7.97,-0.01,81,64557,卖盘
136,14:50:00,7.98,--,103,82194,买盘
137,14:49:57,7.98,0.01,77,61446,买盘
138,14:49:54,7.97,-0.01,148,117956,卖盘
139,14:49:51,7.98,--,179,142842,买盘
140,14:49:48,7.98,0.01,26,20748,买盘
141,14:49:45,7.97,-0.01,33,26301,卖盘
142,14:49:42,7.98,--,70,55860,买盘
143,14:49:39,7.98,--,11,8778,买盘
144,14:49:36,7.98,--,70,55860,买盘
145,14:49:33,7.98,--,27,21546,买盘
146,14:49:30,7.98,--,147,117306,卖盘
147,14:49:27,7.98,--,163,130074,卖盘
148,14:49:24,7.98,--,635,506730,卖盘
149,14:49:21,7.98,--,80,63840,卖盘
150,14:49:18,7.98,--,23,18354,卖盘
151,14:49:15,7.98,-0.01,33,26334,卖盘
152,14:49:12,7.99,0.01,129,103071,买盘
153,14:49:09,7.98,--,79,63042,卖盘
154,14:49:06,7.98,-0.01,42,33516,卖盘
155,14:49:03,7.99,0.01,55,43945,买盘
156,14:49:00,7.98,-0.01,119,94962,卖盘
157,14:48:57,7.99,0.01,45,35955,买盘
158,14:48:54,7.98,-0.01,12,9576,卖盘
159,14:48:51,7.99,0.01,10,7990,买盘
160,14:48:48,7.98,--,35,27930,卖盘
161,14:48:45,7.98,--,54,43092,卖盘
162,14:48:42,7.98,-0.01,53,42294,卖盘
163,14:48:39,7.99,0.01,37,29563,买盘
164,14:48:36,7.98,--,176,140448,卖盘
165,14:48:33,7.98,-0.01,109,86982,卖盘
166,14:48:30,7.99,0.01,111,88689,买盘
167,14:48:27,7.98,--,5,3990,卖盘
168,14:48:24,7.98,-0.01,182,145236,卖盘
169,14:48:18,7.99,0.01,186,148614,买盘
170,14:48:15,7.98,--,33,26334,卖盘
171,14:48:12,7.98,--,105,83790,卖盘
172,14:48:09,7.98,--,56,44688,卖盘
173,14:48:06,7.98,--,23,18354,卖盘
174,14:48:03,7.98,--,50,39900,卖盘
175,14:48:00,7.98,-0.01,103,82194,卖盘
176,14:47:57,7.99,0.01,140,111860,买盘
177,14:47:54,7.98,-0.01,33,26334,卖盘
178,14:47:51,7.99,--,13,10387,买盘
179,14:47:48,7.99,0.01,97,77503,买盘
180,14:47:45,7.98,--,5,3990,卖盘
181,14:47:42,7.98,--,192,153216,卖盘
182,14:47:39,7.98,--,217,173166,卖盘
183,14:47:36,7.98,--,32,25536,卖盘
184,14:47:33,7.98,--,120,95760,卖盘
185,14:47:30,7.98,--,78,62244,卖盘
186,14:47:27,7.98,--,100,79800,卖盘
187,14:47:24,7.98,-0.01,77,61446,卖盘
188,14:47:21,7.99,0.01,20,15980,买盘
189,14:47:18,7.98,--,50,39900,卖盘
190,14:47:15,7.98,--,17,13566,卖盘
191,14:47:12,7.98,--,64,51072,卖盘
192,14:47:09,7.98,--,201,160398,买盘
193,14:47:06,7.98,--,120,95760,买盘
194,14:47:03,7.98,0.01,200,159600,买盘
195,14:47:00,7.97,--,492,392124,卖盘
196,14:46:57,7.97,-0.01,16,12752,卖盘
197,14:46:54,7.98,0.01,254,202692,买盘
198,14:46:51,7.97,-0.01,78,62166,卖盘
199,14:46:48,7.98,--,237,189126,买盘
200,14:46:45,7.98,--,264,210672,买盘
201,14:46:42,7.98,0.01,107,85386,买盘
202,14:46:39,7.97,--,249,198453,卖盘
203,14:46:36,7.97,--,56,44632,卖盘
204,14:46:33,7.97,-0.01,117,93249,卖盘
205,14:46:30,7.98,--,12,9576,买盘
206,14:46:27,7.98,0.01,63,50274,买盘
207,14:46:24,7.97,-0.01,197,157009,卖盘
208,14:46:21,7.98,--,39,31122,买盘
209,14:46:18,7.98,0.01,123,98154,买盘
210,14:46:15,7.97,-0.01,21,16737,卖盘
211,14:46:12,7.98,--,142,113316,买盘
212,14:46:09,7.98,--,5,3990,买盘
213,14:46:06,7.98,--,143,114114,买盘
214,14:46:03,7.98,0.01,25,19950,买盘
215,14:46:00,7.97,--,0,127,卖盘
216,14:45:57,7.97,--,29,23113,卖盘
217,14:45:54,7.97,--,852,679044,卖盘
218,14:45:51,7.97,--,19,15143,卖盘
219,14:45:48,7.97,-0.01,81,64557,卖盘
220,14:45:45,7.98,--,380,303240,买盘
221,14:45:42,7.98,0.01,20,15960,买盘
222,14:45:39,7.97,--,155,123535,卖盘
223,14:45:36,7.97,--,84,66948,卖盘
224,14:45:33,7.97,--,71,56587,卖盘
225,14:45:30,7.97,-0.01,2103,1676091,卖盘
226,14:45:27,7.98,--,59,47082,买盘
227,14:45:24,7.98,0.01,2,1596,买盘
228,14:45:21,7.97,-0.01,121,96437,卖盘
229,14:45:18,7.98,--,526,419748,买盘
230,14:45:15,7.98,--,123,98154,买盘
231,14:45:12,7.98,0.01,60,47880,买盘
232,14:45:09,7.97,-0.01,68,54196,卖盘
233,14:45:06,7.98,0.01,62,49476,买盘
234,14:45:03,7.97,--,158,125926,卖盘
235,14:45:00,7.97,--,23,18331,卖盘
236,14:44:57,7.97,--,99,78903,卖盘
237,14:44:54,7.97,--,44,35068,卖盘
238,14:44:51,7.97,--,105,83685,卖盘
239,14:44:48,7.97,--,71,56587,卖盘
240,14:44:45,7.97,--,11,8767,卖盘
241,14:44:42,7.97,--,59,47023,卖盘
242,14:44:39,7.97,--,48,38256,卖盘
243,14:44:36,7.97,--,66,52602,卖盘
244,14:44:33,7.97,--,60,47820,卖盘
245,14:44:30,7.97,-0.01,258,205626,卖盘
246,14:44:27,7.98,--,140,111720,买盘
247,14:44:24,7.98,0.01,164,130872,买盘
248,14:44:21,7.97,--,30,23910,卖盘
249,14:44:18,7.97,-0.01,109,86873,卖盘
250,14:44:15,7.98,0.01,16,12768,买盘
251,14:44:12,7.97,-0.01,135,107595,卖盘
252,14:44:09,7.98,--,158,126084,买盘
253,14:44:06,7.98,0.01,46,36708,买盘
254,14:44:03,7.97,-0.01,155,123535,卖盘
255,14:44:00,7.98,0.01,15,11970,买盘
256,14:43:57,7.97,--,16,12752,卖盘
257,14:43:54,7.97,--,13,10361,卖盘
258,14:43:51,7.97,-0.01,116,92452,卖盘
259,14:43:48,7.98,--,315,251370,卖盘
260,14:43:45,7.98,--,29,23142,卖盘
261,14:43:42,7.98,--,108,86184,卖盘
262,14:43:39,7.98,--,30,23940,卖盘
263,14:43:36,7.98,--,43,34314,卖盘
264,14:43:33,7.98,--,7,5586,卖盘
265,14:43:27,7.98,--,20,15960,卖盘
266,14:43:24,7.98,0.01,404,322392,买盘
267,14:43:21,7.97,-0.01,11,8767,卖盘
268,14:43:18,7.98,0.01,15,11970,买盘
269,14:43:15,7.97,--,46,36662,卖盘
270,14:43:12,7.97,-0.01,105,83685,卖盘
271,14:43:09,7.98,-0.01,76,60648,卖盘
272,14:43:06,7.99,0.01,44,35156,买盘
273,14:43:03,7.98,-0.01,104,82992,卖盘
274,14:43:00,7.99,--,39,31161,买盘
275,14:42:57,7.99,0.01,1,799,买盘
276,14:42:54,7.98,--,60,47880,卖盘
277,14:42:51,7.98,--,432,344736,卖盘
278,14:42:48,7.98,--,22,17556,卖盘
279,14:42:42,7.98,--,15,11970,卖盘
280,14:42:39,7.98,--,63,50274,卖盘
281,14:42:36,7.98,--,54,43092,卖盘
282,14:42:33,7.98,-0.01,57,45486,卖盘
283,14:42:30,7.99,0.01,117,93483,买盘
284,14:42:27,7.98,--,53,42294,卖盘
285,14:42:24,7.98,-0.01,60,47880,卖盘
286,14:42:21,7.99,0.01,390,311610,买盘
287,14:42:18,7.98,--,4,3192,卖盘
288,14:42:12,7.98,--,41,32718,卖盘
289,14:42:09,7.98,0.01,17,13566,买盘
290,14:42:06,7.97,-0.01,89,70933,卖盘
291,14:42:03,7.98,0.01,342,272916,买盘
292,14:42:00,7.97,--,66,52602,卖盘
293,14:41:57,7.97,--,41,32677,卖盘
294,14:41:54,7.97,-0.01,265,211205,卖盘
295,14:41:51,7.98,--,95,75810,买盘
296,14:41:48,7.98,--,10,7980,买盘
297,14:41:42,7.98,0.01,64,51072,买盘
298,14:41:36,7.97,-0.01,607,483779,卖盘
299,14:41:33,7.98,--,605,482790,卖盘
300,14:41:30,7.98,--,43,34314,卖盘
301,14:41:27,7.98,0.01,18,14364,买盘
302,14:41:21,7.97,-0.01,65,51805,卖盘
303,14:41:18,7.98,--,6,4788,卖盘
304,14:41:15,7.98,0.01,374,298452,买盘
305,14:41:12,7.97,--,33,26301,卖盘
306,14:41:09,7.97,-0.01,31,24707,卖盘
307,14:41:06,7.98,0.01,8,6384,买盘
308,14:41:03,7.97,--,38,30286,卖盘
309,14:41:00,7.97,--,119,94843,卖盘
310,14:40:57,7.97,-0.02,45,35865,卖盘
311,14:40:54,7.99,0.02,1181,943619,买盘
312,14:40:51,7.97,-0.01,55,44313,卖盘
313,14:40:48,7.98,--,19,15162,卖盘
314,14:40:45,7.98,--,629,501942,卖盘
315,14:40:42,7.98,-0.01,54,43092,卖盘
316,14:40:39,7.99,0.01,753,601647,买盘
317,14:40:36,7.98,--,8,6384,卖盘
318,14:40:33,7.98,--,7,5586,卖盘
319,14:40:30,7.98,-0.01,32,25536,卖盘
320,14:40:27,7.99,0.01,12,9588,买盘
321,14:40:24,7.98,--,9,7182,卖盘
322,14:40:21,7.98,--,11,8778,卖盘
323,14:40:18,7.98,--,52,41496,卖盘
324,14:40:12,7.98,--,55,43890,卖盘
325,14:40:09,7.98,-0.01,47,37506,卖盘
326,14:40:06,7.99,0.01,673,537727,买盘
327,14:40:03,7.98,-0.01,132,105336,卖盘
328,14:39:57,7.99,0.01,1,799,买盘
329,14:39:54,7.98,--,36,28728,卖盘
330,14:39:51,7.98,--,230,183540,卖盘
331,14:39:48,7.98,--,11,8778,卖盘
332,14:39:45,7.98,--,163,130074,卖盘
333,14:39:42,7.98,--,5,3990,卖盘
334,14:39:39,7.98,-0.01,27,21546,卖盘
335,14:39:36,7.99,0.01,123,98277,买盘
336,14:39:33,7.98,--,107,85386,卖盘
337,14:39:30,7.98,-0.01,36,28728,卖盘
338,14:39:27,7.99,0.01,110,87890,买盘
339,14:39:24,7.98,--,53,42294,卖盘
340,14:39:21,7.98,--,188,150024,卖盘
341,14:39:18,7.98,--,5,3990,卖盘
342,14:39:15,7.98,--,8,6384,卖盘
343,14:39:12,7.98,--,28,22344,卖盘
344,14:39:06,7.98,-0.01,49,39102,卖盘
345,14:39:03,7.99,0.01,20,15980,买盘
346,14:39:00,7.98,-0.01,252,201096,卖盘
347,14:38:57,7.99,0.01,45,35955,买盘
348,14:38:54,7.98,--,141,112518,卖盘
349,14:38:51,7.98,-0.01,1394,1112412,卖盘
350,14:38:48,7.99,0.01,17,13583,买盘
351,14:38:45,7.98,--,103,82194,卖盘
352,14:38:42,7.98,--,227,181146,卖盘
353,14:38:39,7.98,--,143,114114,卖盘
354,14:38:36,7.98,-0.01,67,53466,卖盘
355,14:38:33,7.99,--,80,63920,买盘
356,14:38:30,7.99,0.01,84,67116,买盘
357,14:38:27,7.98,--,161,128478,卖盘
358,14:38:24,7.98,--,61,48678,卖盘
359,14:38:21,7.98,-0.01,58,46284,卖盘
360,14:38:18,7.99,0.01,134,107066,买盘
361,14:38:15,7.98,--,80,63840,卖盘
362,14:38:12,7.98,--,100,79800,卖盘
363,14:38:09,7.98,-0.01,536,427728,卖盘
364,14:38:06,7.99,0.01,143,114257,买盘
365,14:38:03,7.98,--,1486,1185828,卖盘
366,14:38:00,7.98,--,17,13566,卖盘
367,14:37:57,7.98,--,43,34314,卖盘
368,14:37:54,7.98,--,34,27132,卖盘
369,14:37:51,7.98,--,48,38304,卖盘
370,14:37:48,7.98,--,54,43092,卖盘
371,14:37:45,7.98,--,62,49476,卖盘
372,14:37:42,7.98,-0.01,9,7182,卖盘
373,14:37:39,7.99,0.01,178,142222,买盘
374,14:37:36,7.98,-0.01,819,653562,卖盘
375,14:37:33,7.99,0.01,504,402696,买盘
376,14:37:30,7.98,--,223,177954,卖盘
377,14:37:27,7.98,--,268,213864,卖盘
378,14:37:24,7.98,--,146,116508,卖盘
379,14:37:21,7.98,--,5,3990,卖盘
380,14:37:18,7.98,--,2,1596,卖盘
381,14:37:15,7.98,--,72,57456,卖盘
382,14:37:12,7.98,--,7,5586,卖盘
383,14:37:09,7.98,-0.01,30,23940,卖盘
384,14:37:06,7.99,0.01,29,23171,买盘
385,14:37:03,7.98,--,13,10374,卖盘
386,14:36:54,7.98,--,60,47880,卖盘
387,14:36:51,7.98,-0.01,5,3990,卖盘
388,14:36:48,7.99,--,168,134232,卖盘
389,14:36:45,7.99,--,32,25568,卖盘
390,14:36:42,7.99,0.01,100,79900,买盘
391,14:36:36,7.98,--,97,77406,卖盘
392,14:36:33,7.98,-0.01,70,55860,卖盘
393,14:36:27,7.99,0.01,2,1598,买盘
394,14:36:24,7.98,--,144,114912,卖盘
395,14:36:21,7.98,-0.01,63,50274,卖盘
396,14:36:18,7.99,--,5,3995,买盘
397,14:36:15,7.99,--,217,173383,卖盘
398,14:36:12,7.99,--,143,114257,买盘
399,14:36:09,7.99,--,107,85493,买盘
400,14:36:06,7.99,--,7,5593,买盘
401,14:36:03,7.99,--,386,308414,买盘
402,14:36:00,7.99,--,164,131036,买盘
403,14:35:57,7.99,0.01,74,59126,买盘
404,14:35:54,7.98,--,10,7980,卖盘
405,14:35:51,7.98,-0.01,5,3990,卖盘
406,14:35:48,7.99,0.01,53,42347,买盘
407,14:35:45,7.98,--,33,26334,卖盘
408,14:35:42,7.98,--,4,3192,卖盘
409,14:35:39,7.98,--,1,798,卖盘
410,14:35:36,7.98,-0.01,4,3192,卖盘
411,14:35:33,7.99,--,123,98277,买盘
412,14:35:30,7.99,--,50,39950,卖盘
413,14:35:27,7.99,0.01,9,7191,中性盘
414,14:35:24,7.98,-0.02,2442,1948716,卖盘
415,14:35:21,8.0,0.01,25,20000,买盘
416,14:35:18,7.99,--,2,1598,卖盘
417,14:35:15,7.99,--,96,76704,卖盘
418,14:35:12,7.99,-0.01,8,6392,卖盘
419,14:35:09,8.0,--,110,88000,买盘
420,14:35:06,8.0,0.01,34,27200,买盘
421,14:35:03,7.99,-0.01,6,4794,卖盘
422,14:34:57,8.0,0.01,2,1600,买盘
423,14:34:54,7.99,--,7,5593,卖盘
424,14:34:51,7.99,--,107,85493,卖盘
425,14:34:45,7.99,-0.01,63,50337,卖盘
426,14:34:42,8.0,0.01,9,7200,买盘
427,14:34:39,7.99,--,10,7990,卖盘
428,14:34:36,7.99,--,5,3995,卖盘
429,14:34:33,7.99,--,29,23171,卖盘
430,14:34:30,7.99,-0.01,74,59126,卖盘
431,14:34:27,8.0,0.01,83,66400,买盘
432,14:34:24,7.99,--,24,19176,卖盘
433,14:34:21,7.99,-0.01,59,47141,卖盘
434,14:34:18,8.0,--,26,20800,买盘
435,14:34:15,8.0,0.01,11,8800,买盘
436,14:34:12,7.99,--,82,65518,卖盘
437,14:34:09,7.99,-0.01,2,1598,卖盘
438,14:34:06,8.0,0.01,237,189600,买盘
439,14:34:03,7.99,--,3,2397,卖盘
440,14:34:00,7.99,--,50,39950,卖盘
441,14:33:57,7.99,--,128,102272,卖盘
442,14:33:54,7.99,--,64,51136,卖盘
443,14:33:51,7.99,-0.01,33,26367,卖盘
444,14:33:48,8.0,0.01,170,136000,买盘
445,14:33:45,7.99,--,1917,1531683,卖盘
446,14:33:42,7.99,--,3,2397,卖盘
447,14:33:39,7.99,--,150,119850,买盘
448,14:33:36,7.99,--,30,23970,买盘
449,14:33:33,7.99,0.01,37,29563,买盘
450,14:33:30,7.98,-0.01,150,119700,卖盘
451,14:33:27,7.99,--,4,3196,买盘
452,14:33:24,7.99,--,172,137428,卖盘
453,14:33:21,7.99,--,5,3995,卖盘
454,14:33:18,7.99,-0.01,128,102272,卖盘
455,14:33:15,8.0,0.01,120,96000,买盘
456,14:33:12,7.99,--,107,85493,卖盘
457,14:33:09,7.99,-0.01,25,19975,卖盘
458,14:33:06,8.0,0.01,50,40000,买盘
459,14:33:03,7.99,-0.01,51,40749,卖盘
460,14:33:00,8.0,0.01,295,236000,买盘
461,14:32:54,7.99,--,71,56729,卖盘
462,14:32:51,7.99,--,25,19975,卖盘
463,14:32:45,7.99,-0.01,204,162996,卖盘
464,14:32:42,8.0,--,6,4800,买盘
465,14:32:39,8.0,0.01,258,206400,买盘
466,14:32:36,7.99,--,13,10387,卖盘
467,14:32:33,7.99,--,18,14382,卖盘
468,14:32:30,7.99,--,65,51935,卖盘
469,14:32:27,7.99,--,104,83096,卖盘
470,14:32:24,7.99,--,34,27166,卖盘
471,14:32:21,7.99,--,67,53533,卖盘
472,14:32:18,7.99,-0.01,2,1598,卖盘
473,14:32:15,8.0,0.01,19,15200,买盘
474,14:32:12,7.99,--,7,5593,卖盘
475,14:32:09,7.99,-0.01,64,51136,卖盘
476,14:32:06,8.0,0.01,20,16000,买盘
477,14:32:03,7.99,--,8,6392,卖盘
478,14:31:57,7.99,-0.01,221,176579,卖盘
479,14:31:54,8.0,0.01,66,52800,买盘
480,14:31:51,7.99,-0.01,55,43945,卖盘
481,14:31:48,8.0,0.01,11,8800,买盘
482,14:31:45,7.99,-0.01,22,17578,卖盘
483,14:31:42,8.0,0.01,20,16000,买盘
484,14:31:39,7.99,--,26,20774,卖盘
485,14:31:36,7.99,--,65,51935,买盘
486,14:31:33,7.99,--,21,16779,买盘
487,14:31:30,7.99,--,66,52734,卖盘
488,14:31:27,7.99,--,3,2397,卖盘
489,14:31:24,7.99,0.01,20,15980,卖盘
490,14:31:21,7.98,-0.02,5,3990,卖盘
491,14:31:18,8.0,0.02,928,742400,买盘
492,14:31:15,7.98,--,1352,1079215,卖盘
493,14:31:12,7.98,--,311,248178,卖盘
494,14:31:09,7.98,-0.01,1424,1136352,卖盘
495,14:31:06,7.99,--,49,39151,买盘
496,14:31:03,7.99,0.01,34,27166,买盘
497,14:30:57,7.98,--,3,2394,卖盘
498,14:30:54,7.98,--,18,14364,卖盘
499,14:30:51,7.98,-0.01,36,28728,卖盘
500,14:30:48,7.99,--,155,123845,买盘
501,14:30:45,7.99,--,78,62322,买盘
502,14:30:42,7.99,--,14,11186,买盘
503,14:30:39,7.99,0.01,76,60724,买盘
504,14:30:36,7.98,--,8,6384,卖盘
505,14:30:33,7.98,-0.01,19,15162,卖盘
506,14:30:30,7.99,--,167,133433,买盘
507,14:30:27,7.99,--,54,43146,买盘
508,14:30:24,7.99,-0.01,610,487390,卖盘
509,14:30:21,8.0,0.01,69,55200,买盘
510,14:30:18,7.99,-0.01,62,49538,卖盘
511,14:30:15,8.0,0.01,1,800,买盘
512,14:30:12,7.99,-0.01,7,5593,卖盘
513,14:30:06,8.0,0.01,2,1600,买盘
514,14:30:03,7.99,-0.01,7,5593,卖盘
515,14:30:00,8.0,--,11,8800,买盘
516,14:29:54,8.0,0.01,9,7200,买盘
517,14:29:51,7.99,--,48,38352,卖盘
518,14:29:48,7.99,-0.01,50,39950,卖盘
519,14:29:45,8.0,--,1,800,买盘
520,14:29:42,8.0,0.01,1,800,买盘
521,14:29:36,7.99,--,185,147815,卖盘
522,14:29:33,7.99,--,223,178177,卖盘
523,14:29:30,7.99,--,80,63920,卖盘
524,14:29:27,7.99,--,134,107066,卖盘
525,14:29:24,7.99,--,17,13583,卖盘
526,14:29:18,7.99,--,17,13583,卖盘
527,14:29:12,7.99,--,7,5593,卖盘
528,14:29:09,7.99,--,1,799,卖盘
529,14:29:06,7.99,--,24,19176,卖盘
530,14:29:03,7.99,--,3,2397,卖盘
531,14:28:57,7.99,--,209,166991,买盘
532,14:28:54,7.99,0.01,8,6392,买盘
533,14:28:51,7.98,-0.01,304,242592,卖盘
534,14:28:48,7.99,--,11,8789,买盘
535,14:28:45,7.99,--,1,799,买盘
536,14:28:42,7.99,--,30,23970,买盘
537,14:28:39,7.99,--,834,666366,卖盘
538,14:28:36,7.99,--,81,64719,卖盘
539,14:28:33,7.99,--,30,23970,卖盘
540,14:28:30,7.99,--,3,2397,卖盘
541,14:28:27,7.99,--,6,4794,卖盘
542,14:28:24,7.99,--,30,23970,卖盘
543,14:28:21,7.99,-0.01,15,11985,卖盘
544,14:28:18,8.0,--,101,80800,买盘
545,14:28:15,8.0,--,306,244800,买盘
546,14:28:12,8.0,--,22,17600,买盘
547,14:28:09,8.0,--,15,12000,买盘
548,14:28:06,8.0,--,7,5600,买盘
549,14:28:03,8.0,--,36,28800,买盘
550,14:28:00,8.0,0.01,6,4800,买盘
551,14:27:57,7.99,--,8,6392,卖盘
552,14:27:54,7.99,--,9,7191,卖盘
553,14:27:51,7.99,--,242,193358,卖盘
554,14:27:45,7.99,--,64,51136,卖盘
555,14:27:39,7.99,--,32,25568,卖盘
556,14:27:36,7.99,--,62,49538,卖盘
557,14:27:33,7.99,--,145,115855,卖盘
558,14:27:30,7.99,--,3,2397,卖盘
559,14:27:27,7.99,--,28,22372,卖盘
560,14:27:24,7.99,-0.01,31,24769,卖盘
561,14:27:21,8.0,--,9,7200,买盘
562,14:27:18,8.0,--,90,72000,买盘
563,14:27:15,8.0,0.01,35,28000,买盘
564,14:27:12,7.99,-0.01,8,6392,卖盘
565,14:27:09,8.0,--,103,82400,买盘
566,14:27:06,8.0,--,63,50400,买盘
567,14:27:03,8.0,0.01,1,800,买盘
568,14:27:00,7.99,--,5,3995,卖盘
569,14:26:57,7.99,-0.01,18,14382,卖盘
570,14:26:54,8.0,--,626,500800,买盘
571,14:26:51,8.0,--,28,22400,买盘
572,14:26:45,8.0,0.01,1,800,买盘
573,14:26:42,7.99,-0.01,102,81498,卖盘
574,14:26:39,8.0,0.01,175,140000,买盘
575,14:26:36,7.99,--,104,83096,卖盘
576,14:26:33,7.99,--,200,159800,卖盘
577,14:26:30,7.99,-0.01,75,59925,卖盘
578,14:26:27,8.0,--,2,1600,买盘
579,14:26:24,8.0,0.01,191,152800,买盘
580,14:26:21,7.99,--,62,49538,卖盘
581,14:26:18,7.99,-0.01,11,8789,卖盘
582,14:26:15,8.0,0.01,8,6400,买盘
583,14:26:12,7.99,-0.01,316,252484,卖盘
584,14:26:09,8.0,--,127,101600,买盘
585,14:26:06,8.0,0.01,28,22400,买盘
586,14:26:03,7.99,--,5,3995,卖盘
587,14:26:00,7.99,--,89,71111,卖盘
588,14:25:54,7.99,--,18,14382,卖盘
589,14:25:51,7.99,-0.01,14,11186,卖盘
590,14:25:45,8.0,0.01,198,158400,买盘
591,14:25:42,7.99,-0.01,4,3196,卖盘
592,14:25:36,8.0,0.01,19,15200,买盘
593,14:25:33,7.99,--,26,20774,卖盘
594,14:25:30,7.99,-0.01,13,10387,卖盘
595,14:25:27,8.0,--,59,47200,买盘
596,14:25:24,8.0,0.01,18,14400,买盘
597,14:25:21,7.99,--,94,75106,卖盘
598,14:25:18,7.99,-0.01,99,79101,卖盘
599,14:25:15,8.0,0.01,3,2400,买盘
600,14:25:12,7.99,--,37,29563,卖盘
601,14:25:09,7.99,-0.01,20,15980,卖盘
602,14:25:06,8.0,0.01,115,92000,买盘
603,14:25:03,7.99,--,6,4794,卖盘
604,14:25:00,7.99,-0.01,13,10387,卖盘
605,14:24:57,8.0,0.01,8,6400,买盘
606,14:24:51,7.99,--,7,5593,卖盘
607,14:24:48,7.99,--,4,3196,卖盘
608,14:24:45,7.99,--,43,34357,卖盘
609,14:24:42,7.99,-0.01,3,2397,卖盘
610,14:24:39,8.0,--,32,25600,买盘
611,14:24:36,8.0,0.01,10,8000,买盘
612,14:24:33,7.99,--,13,10387,卖盘
613,14:24:30,7.99,--,41,32759,卖盘
614,14:24:27,7.99,--,57,45543,卖盘
615,14:24:24,7.99,-0.01,125,99875,卖盘
616,14:24:21,8.0,0.01,48,38400,买盘
617,14:24:18,7.99,-0.01,31,24769,卖盘
618,14:24:15,8.0,0.01,3,2400,买盘
619,14:24:12,7.99,-0.01,50,39950,卖盘
620,14:24:09,8.0,--,32,25600,买盘
621,14:24:06,8.0,0.01,3,2400,买盘
622,14:24:03,7.99,--,5,3995,卖盘
623,14:24:00,7.99,-0.01,3,2397,卖盘
624,14:23:57,8.0,--,72,57600,买盘
625,14:23:54,8.0,0.01,6,4800,买盘
626,14:23:51,7.99,--,20,15980,卖盘
627,14:23:48,7.99,--,2,1598,卖盘
628,14:23:45,7.99,--,328,262072,卖盘
629,14:23:39,7.99,--,454,362746,卖盘
630,14:23:36,7.99,--,28,22372,卖盘
631,14:23:33,7.99,-0.01,65,51935,卖盘
632,14:23:30,8.0,--,4,3200,买盘
633,14:23:27,8.0,0.01,30,24000,买盘
634,14:23:24,7.99,-0.01,3,2397,卖盘
635,14:23:21,8.0,--,16,12800,买盘
636,14:23:18,8.0,0.01,26,20800,买盘
637,14:23:15,7.99,--,112,89488,卖盘
638,14:23:12,7.99,-0.01,471,376329,卖盘
639,14:23:09,8.0,--,5,4000,买盘
640,14:23:06,8.0,--,156,124800,买盘
641,14:23:03,8.0,--,21,16800,买盘
642,14:23:00,8.0,0.01,100,80000,买盘
643,14:22:57,7.99,-0.01,181,144619,卖盘
644,14:22:54,8.0,--,45,36000,卖盘
645,14:22:51,8.0,--,209,167200,卖盘
646,14:22:48,8.0,--,35,28000,卖盘
647,14:22:45,8.0,-0.01,234,187200,卖盘
648,14:22:42,8.01,0.01,10,8010,买盘
649,14:22:36,8.0,--,87,69600,卖盘
650,14:22:33,8.0,-0.01,67,53600,卖盘
651,14:22:30,8.01,0.01,130,104130,买盘
652,14:22:27,8.0,--,789,631200,买盘
653,14:22:21,8.0,0.01,8,6400,买盘
654,14:22:18,7.99,-0.01,24,19176,卖盘
655,14:22:15,8.0,0.01,10,8000,买盘
656,14:22:12,7.99,-0.01,7,5593,卖盘
657,14:22:09,8.0,--,1,800,买盘
658,14:22:06,8.0,--,8,6400,买盘
659,14:22:03,8.0,--,415,332000,卖盘
660,14:22:00,8.0,-0.01,13,10400,卖盘
661,14:21:57,8.01,--,3,2403,买盘
662,14:21:54,8.01,0.01,306,245106,买盘
663,14:21:51,8.0,--,27,21600,卖盘
664,14:21:48,8.0,-0.01,87,69600,卖盘
665,14:21:45,8.01,0.01,1,801,买盘
666,14:21:42,8.0,--,1011,808800,卖盘
667,14:21:36,8.0,--,5,4000,卖盘
668,14:21:33,8.0,-0.01,7,5600,卖盘
669,14:21:30,8.01,--,4,3204,买盘
670,14:21:27,8.01,0.01,599,479799,买盘
671,14:21:24,8.0,-0.01,48,38400,卖盘
672,14:21:21,8.01,0.01,9,7209,买盘
673,14:21:18,8.0,-0.01,7,5600,卖盘
674,14:21:15,8.01,0.01,100,80100,买盘
675,14:21:12,8.0,-0.01,8,6400,卖盘
676,14:21:09,8.01,0.01,470,376470,买盘
677,14:21:06,8.0,--,7,5600,卖盘
678,14:21:03,8.0,--,8,6400,卖盘
679,14:20:57,8.0,--,72,57600,卖盘
680,14:20:54,8.0,--,22,17600,卖盘
681,14:20:51,8.0,-0.01,14,11200,卖盘
682,14:20:48,8.01,--,6,4806,买盘
683,14:20:45,8.01,--,30,24030,买盘
684,14:20:36,8.01,--,35,28035,买盘
685,14:20:33,8.01,--,105,84105,买盘
686,14:20:30,8.01,--,4,3204,买盘
687,14:20:27,8.01,--,152,121752,卖盘
688,14:20:24,8.01,--,79,63279,买盘
689,14:20:21,8.01,0.01,6,4806,买盘
690,14:20:18,8.0,--,22,17600,卖盘
691,14:20:15,8.0,-0.01,358,286936,卖盘
692,14:20:09,8.01,--,5,4005,买盘
693,14:20:06,8.01,0.01,2,1602,买盘
694,14:20:03,8.0,--,69,55200,卖盘
695,14:20:00,8.0,-0.01,12,9864,卖盘
696,14:19:57,8.01,--,39,31239,卖盘
697,14:19:54,8.01,--,49,39249,卖盘
698,14:19:51,8.01,--,73,58473,卖盘
699,14:19:48,8.01,--,5,4005,卖盘
700,14:19:45,8.01,--,89,71289,卖盘
701,14:19:42,8.01,--,517,414117,卖盘
702,14:19:39,8.01,--,40,32040,卖盘
703,14:19:33,8.01,--,471,377271,卖盘
704,14:19:30,8.01,--,21,16821,卖盘
705,14:19:27,8.01,-0.01,5,4005,卖盘
706,14:19:24,8.02,0.01,7,5614,买盘
707,14:19:18,8.01,-0.01,20,16020,卖盘
708,14:19:15,8.02,0.01,89,71378,买盘
709,14:19:12,8.01,--,8,6408,卖盘
710,14:19:09,8.01,-0.01,11,8811,卖盘
711,14:19:06,8.02,0.01,5,4010,买盘
712,14:19:03,8.01,--,33,26433,卖盘
713,14:19:00,8.01,--,70,56070,卖盘
714,14:18:57,8.01,--,25,20025,卖盘
715,14:18:54,8.01,--,74,59274,卖盘
716,14:18:51,8.01,--,16,12816,卖盘
717,14:18:48,8.01,--,12,9612,卖盘
718,14:18:45,8.01,--,3,2403,卖盘
719,14:18:39,8.01,-0.01,7,5607,卖盘
720,14:18:36,8.02,0.01,11,8822,买盘
721,14:18:33,8.01,-0.01,57,45657,卖盘
722,14:18:30,8.02,--,76,60952,买盘
723,14:18:27,8.02,0.01,2,1604,买盘
724,14:18:24,8.01,--,122,97722,卖盘
725,14:18:21,8.01,--,3,2403,卖盘
726,14:18:18,8.01,--,40,32040,卖盘
727,14:18:12,8.01,-0.01,171,136971,卖盘
728,14:18:09,8.02,0.01,30,24060,买盘
729,14:18:06,8.01,--,75,60075,卖盘
730,14:18:03,8.01,--,5,4005,卖盘
731,14:17:57,8.01,-0.01,7,5607,卖盘
732,14:17:54,8.02,0.01,114,91428,买盘
733,14:17:51,8.01,--,4,3204,卖盘
734,14:17:48,8.01,--,13,10413,卖盘
735,14:17:45,8.01,-0.01,13,10413,卖盘
736,14:17:42,8.02,0.01,84,67368,买盘
737,14:17:36,8.01,--,85,68085,卖盘
738,14:17:33,8.01,--,55,44055,卖盘
739,14:17:30,8.01,--,4,3204,卖盘
740,14:17:27,8.01,--,3,2403,卖盘
741,14:17:24,8.01,--,1,801,卖盘
742,14:17:21,8.01,--,68,54468,卖盘
743,14:17:18,8.01,-0.01,5,4005,卖盘
744,14:17:15,8.02,0.01,40,32080,买盘
745,14:17:09,8.01,-0.01,15,12015,卖盘
746,14:17:06,8.02,0.01,25,20050,买盘
747,14:17:03,8.01,-0.01,7,5607,卖盘
748,14:17:00,8.02,0.01,31,24862,买盘
749,14:16:57,8.01,--,34,27234,卖盘
750,14:16:54,8.01,-0.01,6,4806,卖盘
751,14:16:51,8.02,0.01,164,131528,买盘
752,14:16:48,8.01,--,11,8811,卖盘
753,14:16:45,8.01,-0.01,5,4005,卖盘
754,14:16:42,8.02,0.01,10,8020,买盘
755,14:16:33,8.01,--,6,4806,卖盘
756,14:16:30,8.01,--,141,112941,卖盘
757,14:16:27,8.01,--,59,47259,卖盘
758,14:16:21,8.01,--,77,61677,卖盘
759,14:16:18,8.01,-0.01,44,35244,卖盘
760,14:16:15,8.02,--,10,8020,买盘
761,14:16:09,8.02,0.01,80,64160,买盘
762,14:16:06,8.01,--,128,102528,卖盘
763,14:16:03,8.01,-0.01,5,4005,卖盘
764,14:15:57,8.02,--,16,12832,买盘
765,14:15:54,8.02,0.01,1,802,买盘
766,14:15:51,8.01,-0.01,27,21627,卖盘
767,14:15:45,8.02,0.01,139,111478,买盘
768,14:15:42,8.01,-0.01,2,1602,卖盘
769,14:15:39,8.02,0.01,15,12030,买盘
770,14:15:36,8.01,--,20,16020,卖盘
771,14:15:33,8.01,-0.01,4,3204,卖盘
772,14:15:30,8.02,--,1,802,买盘
773,14:15:27,8.02,0.01,8,6416,买盘
774,14:15:24,8.01,--,118,94518,卖盘
775,14:15:18,8.01,--,6,4806,卖盘
776,14:15:15,8.01,--,4,3204,卖盘
777,14:15:06,8.01,-0.02,59,47259,卖盘
778,14:15:03,8.03,0.02,7,5621,买盘
779,14:15:00,8.01,--,5,4005,卖盘
780,14:14:54,8.01,-0.01,35,28035,卖盘
781,14:14:51,8.02,-0.01,424,340048,卖盘
782,14:14:48,8.03,0.01,52,41756,买盘
783,14:14:45,8.02,--,365,292730,卖盘
784,14:14:42,8.02,-0.01,25,20050,卖盘
785,14:14:39,8.03,--,3,2409,买盘
786,14:14:36,8.03,--,2,2192,买盘
787,14:14:33,8.03,0.01,18,14566,买盘
788,14:14:30,8.02,--,36,28872,卖盘
789,14:14:27,8.02,-0.01,2,1604,卖盘
790,14:14:21,8.03,--,53,42559,买盘
791,14:14:18,8.03,--,30,24089,买盘
792,14:14:15,8.03,0.01,20,16059,买盘
793,14:14:12,8.02,-0.01,181,145162,卖盘
794,14:14:09,8.03,--,11,8833,卖盘
795,14:14:06,8.03,--,487,391060,卖盘
796,14:14:03,8.03,--,5,4014,卖盘
797,14:14:00,8.03,--,10,8029,卖盘
798,14:13:57,8.03,--,4,3211,卖盘
799,14:13:54,8.03,--,194,155782,卖盘
800,14:13:51,8.03,--,1,802,卖盘
801,14:13:48,8.03,-0.01,5,4014,卖盘
802,14:13:45,8.04,0.01,50,40199,买盘
803,14:13:42,8.03,-0.01,105,84315,卖盘
804,14:13:39,8.04,0.01,4,3215,买盘
805,14:13:36,8.03,--,3,2409,卖盘
806,14:13:33,8.03,--,87,69861,买盘
807,14:13:27,8.03,--,284,228051,买盘
808,14:13:24,8.03,--,15,12044,卖盘
809,14:13:21,8.03,--,145,116434,卖盘
810,14:13:18,8.03,--,91,73073,买盘
811,14:13:15,8.03,--,117,93950,卖盘
812,14:13:12,8.03,-0.01,77,61830,中性盘
813,14:13:09,8.04,--,13,10451,买盘
814,14:13:06,8.04,0.02,2,1607,买盘
815,14:13:03,8.02,-0.01,150,120300,卖盘
816,14:12:57,8.03,--,266,213597,买盘
817,14:12:54,8.03,0.01,3,2409,买盘
818,14:12:48,8.02,--,10,8020,卖盘
819,14:12:45,8.02,-0.01,10,8020,卖盘
820,14:12:39,8.03,0.01,2,1605,买盘
821,14:12:36,8.02,-0.01,4,3208,卖盘
822,14:12:33,8.03,--,45,36135,卖盘
823,14:12:27,8.03,--,441,354765,买盘
824,14:12:24,8.03,0.01,101,81103,买盘
825,14:12:21,8.02,-0.01,1,802,卖盘
826,14:12:18,8.03,--,6,4818,买盘
827,14:12:15,8.03,--,196,157388,买盘
828,14:12:12,8.03,0.01,26,20878,买盘
829,14:12:09,8.02,--,5,4010,卖盘
830,14:12:06,8.02,-0.01,8,6416,卖盘
831,14:12:03,8.03,--,30,24089,买盘
832,14:12:00,8.03,0.01,185,148555,买盘
833,14:11:57,8.02,--,5,4010,卖盘
834,14:11:51,8.02,--,23,18446,卖盘
835,14:11:48,8.02,-0.01,5,4010,卖盘
836,14:11:39,8.03,0.01,12,9636,买盘
837,14:11:33,8.02,--,249,199698,买盘
838,14:11:27,8.02,--,9,7218,买盘
839,14:11:21,8.02,--,20,16040,买盘
840,14:11:18,8.02,--,30,24060,卖盘
841,14:11:15,8.02,-0.01,84,67368,卖盘
842,14:11:12,8.03,-0.01,55,44165,中性盘
843,14:11:06,8.04,0.02,19,15275,买盘
844,14:11:03,8.02,--,11,8822,卖盘
845,14:11:00,8.02,-0.01,119,95438,卖盘
846,14:10:57,8.03,0.01,10,8029,中性盘
847,14:10:48,8.02,-0.01,156,125112,卖盘
848,14:10:45,8.03,--,28,22484,卖盘
849,14:10:42,8.03,-0.01,48,38544,卖盘
850,14:10:39,8.04,--,2,1607,买盘
851,14:10:36,8.04,0.01,70,56279,买盘
852,14:10:33,8.03,-0.01,97,77891,卖盘
853,14:10:30,8.04,--,15,12059,买盘
854,14:10:27,8.04,--,86,69143,买盘
855,14:10:24,8.04,--,8,6431,买盘
856,14:10:21,8.04,0.01,320,257279,买盘
857,14:10:18,8.03,-0.01,35,28104,卖盘
858,14:10:15,8.04,0.01,15,12059,买盘
859,14:10:12,8.03,--,6,4818,卖盘
860,14:10:09,8.03,--,14,11242,卖盘
861,14:10:06,8.03,-0.01,11,8833,卖盘
862,14:10:03,8.04,0.02,65,52259,买盘
863,14:10:00,8.02,-0.01,100,80200,卖盘
864,14:09:57,8.03,0.01,12,9636,买盘
865,14:09:54,8.02,--,2,1604,卖盘
866,14:09:51,8.02,-0.02,10,8020,卖盘
867,14:09:48,8.04,0.02,2005,1612019,买盘
868,14:09:45,8.02,--,122,97844,买盘
869,14:09:39,8.02,--,33,26466,买盘
870,14:09:36,8.02,--,56,44912,买盘
871,14:09:33,8.02,--,7,5614,买盘
872,14:09:30,8.02,--,1,802,买盘
873,14:09:27,8.02,0.01,119,95438,买盘
874,14:09:24,8.01,-0.01,275,220275,卖盘
875,14:09:21,8.02,--,6,4812,买盘
876,14:09:18,8.02,--,18,14436,买盘
877,14:09:15,8.02,0.01,254,203708,买盘
878,14:09:09,8.01,--,4,3204,卖盘
879,14:09:06,8.01,-0.01,5,4005,卖盘
880,14:09:03,8.02,--,205,164410,买盘
881,14:09:00,8.02,0.01,10,8020,买盘
882,14:08:57,8.01,--,7,5607,卖盘
883,14:08:54,8.01,-0.01,3,2403,卖盘
884,14:08:48,8.02,--,38,30476,买盘
885,14:08:45,8.02,--,1007,807614,买盘
886,14:08:39,8.02,--,128,102656,买盘
887,14:08:36,8.02,--,12,9624,买盘
888,14:08:33,8.02,0.01,37,29674,买盘
889,14:08:27,8.01,-0.01,41,32841,卖盘
890,14:08:24,8.02,--,53,42506,买盘
891,14:08:21,8.02,0.01,7,5614,买盘
892,14:08:18,8.01,-0.01,10,8010,卖盘
893,14:08:15,8.02,--,25,20050,买盘
894,14:08:09,8.02,--,194,155588,卖盘
895,14:08:06,8.02,-0.01,11,8822,卖盘
896,14:08:03,8.03,0.01,288,231263,买盘
897,14:08:00,8.02,--,738,591876,买盘
898,14:07:57,8.02,--,10,8020,买盘
899,14:07:54,8.02,--,27,21654,买盘
900,14:07:51,8.02,0.01,22,17644,买盘
901,14:07:48,8.01,-0.01,4,3204,卖盘
902,14:07:45,8.02,0.01,10,8020,买盘
903,14:07:39,8.01,-0.01,7,5607,卖盘
904,14:07:33,8.02,--,37,29674,买盘
905,14:07:30,8.02,--,1,802,买盘
906,14:07:27,8.02,0.01,215,172430,买盘
907,14:07:24,8.01,--,79,63279,卖盘
908,14:07:21,8.01,--,10,8010,卖盘
909,14:07:18,8.01,--,29,23229,卖盘
910,14:07:15,8.01,--,107,85707,卖盘
911,14:07:12,8.01,0.01,304,243504,卖盘
912,14:07:09,8.0,-0.01,115,92000,卖盘
913,14:07:06,8.01,-0.01,31,24831,卖盘
914,14:07:03,8.02,0.01,35,28230,买盘
915,14:07:00,8.01,--,182,145782,买盘
916,14:06:57,8.01,--,71,56871,买盘
917,14:06:54,8.01,--,18,14418,买盘
918,14:06:48,8.01,0.01,27,21627,买盘
919,14:06:45,8.0,--,6,4800,卖盘
920,14:06:42,8.0,0.01,116,92800,买盘
921,14:06:39,7.99,-0.01,1970,1574030,卖盘
922,14:06:36,8.0,0.01,64,51200,买盘
923,14:06:33,7.99,-0.01,130,103870,卖盘
924,14:06:30,8.0,--,81,64800,买盘
925,14:06:27,8.0,--,495,396000,买盘
926,14:06:24,8.0,--,12,9600,买盘
927,14:06:18,8.0,--,56,44800,买盘
928,14:06:15,8.0,--,44,35200,买盘
929,14:06:09,8.0,0.01,33,26400,买盘
930,14:06:06,7.99,-0.01,72,57528,卖盘
931,14:06:03,8.0,0.01,145,116000,买盘
932,14:06:00,7.99,--,51,40749,卖盘
933,14:05:57,7.99,-0.01,86,68714,卖盘
934,14:05:54,8.0,--,9,7200,买盘
935,14:05:51,8.0,0.01,23,18400,买盘
936,14:05:48,7.99,--,5,3995,卖盘
937,14:05:45,7.99,-0.01,23,18377,卖盘
938,14:05:42,8.0,0.01,9,7200,买盘
939,14:05:39,7.99,-0.01,3,2397,卖盘
940,14:05:33,8.0,0.02,36,28800,买盘
941,14:05:30,7.98,-0.02,100,79800,卖盘
942,14:05:27,8.0,0.01,5,4000,买盘
943,14:05:24,7.99,--,4,3196,卖盘
944,14:05:21,7.99,--,2,1598,卖盘
945,14:05:18,7.99,--,23,18496,买盘
946,14:05:15,7.99,--,125,99875,买盘
947,14:05:12,7.99,--,2,1598,买盘
948,14:05:09,7.99,0.01,503,401897,买盘
949,14:05:06,7.98,-0.01,137,109326,卖盘
950,14:05:03,7.99,0.01,150,119850,买盘
951,14:05:00,7.98,--,8,6384,卖盘
952,14:04:57,7.98,-0.01,104,82992,卖盘
953,14:04:54,7.99,0.01,280,223720,买盘
954,14:04:48,7.98,--,72,57456,卖盘
955,14:04:45,7.98,-0.01,10,7980,卖盘
956,14:04:42,7.99,--,3,2397,买盘
957,14:04:39,7.99,0.02,2,1598,买盘
958,14:04:36,7.97,-0.01,576,459072,卖盘
959,14:04:33,7.98,0.01,150,119700,买盘
960,14:04:30,7.97,-0.01,319,254243,卖盘
961,14:04:27,7.98,--,24,19152,买盘
962,14:04:24,7.98,--,54,43092,买盘
963,14:04:18,7.98,--,15,11970,买盘
964,14:04:15,7.98,0.01,20,15960,买盘
965,14:04:12,7.97,--,61,48617,卖盘
966,14:04:09,7.97,-0.01,11,8767,卖盘
967,14:04:06,7.98,--,103,82194,买盘
968,14:04:03,7.98,0.01,26,20748,买盘
969,14:04:00,7.97,-0.01,28,22316,卖盘
970,14:03:57,7.98,0.01,60,47880,买盘
971,14:03:54,7.97,-0.01,3,2391,卖盘
972,14:03:51,7.98,0.01,230,183540,买盘
973,14:03:48,7.97,-0.01,71,56587,卖盘
974,14:03:45,7.98,0.01,396,316008,买盘
975,14:03:42,7.97,-0.01,300,239100,卖盘
976,14:03:39,7.98,0.01,120,95760,买盘
977,14:03:36,7.97,-0.01,32,25504,卖盘
978,14:03:33,7.98,0.01,17,13566,买盘
979,14:03:30,7.97,-0.01,632,503704,卖盘
980,14:03:27,7.98,0.01,102,81396,买盘
981,14:03:24,7.97,--,48,38256,卖盘
982,14:03:18,7.97,--,43,34271,卖盘
983,14:03:15,7.97,--,125,99625,卖盘
984,14:03:12,7.97,-0.01,133,106001,卖盘
985,14:03:09,7.98,0.01,14,11172,买盘
986,14:03:06,7.97,-0.01,120,95640,卖盘
987,14:03:03,7.98,--,43,34314,买盘
988,14:02:57,7.98,0.01,10,7980,买盘
989,14:02:54,7.97,--,99,78903,卖盘
990,14:02:51,7.97,-0.01,28,22316,卖盘
991,14:02:48,7.98,0.01,15,11970,买盘
992,14:02:45,7.97,-0.01,71,56587,卖盘
993,14:02:42,7.98,--,86,68628,买盘
994,14:02:36,7.98,0.01,1,798,买盘
995,14:02:33,7.97,--,25,19925,卖盘
996,14:02:30,7.97,--,24,19128,卖盘
997,14:02:27,7.97,--,34,27098,卖盘
998,14:02:24,7.97,--,104,82888,卖盘
999,14:02:21,7.97,--,224,178528,卖盘
1000,14:02:18,7.97,--,35,27895,卖盘
1001,14:02:15,7.97,-0.01,108,86076,卖盘
1002,14:02:12,7.98,0.01,46,36708,买盘
1003,14:02:09,7.97,-0.01,73,58181,卖盘
1004,14:02:03,7.98,0.01,176,140448,买盘
1005,14:02:00,7.97,--,22,17534,卖盘
1006,14:01:57,7.97,--,4,3188,卖盘
1007,14:01:54,7.97,--,3,2391,卖盘
1008,14:01:51,7.97,--,25,19925,买盘
1009,14:01:48,7.97,--,82,65354,买盘
1010,14:01:45,7.97,--,21,16737,买盘
1011,14:01:42,7.97,--,1,797,买盘
1012,14:01:39,7.97,0.01,16,12752,买盘
1013,14:01:36,7.96,--,34,27064,卖盘
1014,14:01:33,7.96,--,5,3980,卖盘
1015,14:01:30,7.96,-0.01,20,15920,卖盘
1016,14:01:27,7.97,--,27,21519,买盘
1017,14:01:24,7.97,0.01,27,21519,中性盘
1018,14:01:18,7.96,--,16,12736,卖盘
1019,14:01:15,7.96,-0.01,590,469640,卖盘
1020,14:01:12,7.97,0.01,157,125129,买盘
1021,14:01:09,7.96,-0.01,6,4776,卖盘
1022,14:01:06,7.97,--,117,93249,买盘
1023,14:01:03,7.97,0.01,915,729255,买盘
1024,14:01:00,7.96,--,27,21492,卖盘
1025,14:00:57,7.96,--,604,480784,卖盘
1026,14:00:54,7.96,-0.01,4,3184,卖盘
1027,14:00:51,7.97,--,103,82091,买盘
1028,14:00:48,7.97,--,28,22316,买盘
1029,14:00:39,7.97,0.01,164,130708,中性盘
1030,14:00:36,7.96,-0.01,5662,4506952,卖盘
1031,14:00:33,7.97,--,10,7970,卖盘
1032,14:00:30,7.97,--,12,9564,卖盘
1033,14:00:27,7.97,-0.01,54,43038,卖盘
1034,14:00:24,7.98,0.01,71,56658,买盘
1035,14:00:18,7.97,--,103,82091,卖盘
1036,14:00:15,7.97,-0.01,24,19128,卖盘
1037,14:00:12,7.98,0.01,58,46284,买盘
1038,14:00:09,7.97,--,15,11955,卖盘
1039,14:00:06,7.97,--,25,19925,卖盘
1040,14:00:03,7.97,--,273,217581,卖盘
1041,14:00:00,7.97,--,13,10361,卖盘
1042,13:59:57,7.97,-0.01,10,7970,卖盘
1043,13:59:54,7.98,0.01,85,67830,买盘
1044,13:59:51,7.97,--,8,6376,卖盘
1045,13:59:48,7.97,--,360,286920,卖盘
1046,13:59:45,7.97,--,59,47023,卖盘
1047,13:59:42,7.97,-0.01,38,30286,卖盘
1048,13:59:39,7.98,0.01,89,71022,买盘
1049,13:59:33,7.97,--,31,24707,卖盘
1050,13:59:27,7.97,-0.01,7,5579,卖盘
1051,13:59:24,7.98,--,13,10374,买盘
1052,13:59:21,7.98,0.01,38,30324,买盘
1053,13:59:18,7.97,--,31,24707,卖盘
1054,13:59:15,7.97,0.01,342,272574,买盘
1055,13:59:12,7.96,-0.01,30,23880,卖盘
1056,13:59:09,7.97,--,51,40647,买盘
1057,13:59:03,7.97,0.01,8,6376,买盘
1058,13:59:00,7.96,--,116,92336,卖盘
1059,13:58:57,7.96,-0.01,108,85968,卖盘
1060,13:58:54,7.97,0.01,13,10361,买盘
1061,13:58:51,7.96,-0.01,30,23880,卖盘
1062,13:58:48,7.97,0.01,116,92452,买盘
1063,13:58:45,7.96,-0.01,270,214920,卖盘
1064,13:58:42,7.97,0.01,650,518050,买盘
1065,13:58:39,7.96,--,218,173528,卖盘
1066,13:58:33,7.96,-0.01,84,66864,卖盘
1067,13:58:30,7.97,0.01,10,7970,买盘
1068,13:58:24,7.96,--,118,93928,卖盘
1069,13:58:18,7.96,--,7,5572,卖盘
1070,13:58:15,7.96,--,34,27064,卖盘
1071,13:58:12,7.96,-0.01,200,159200,卖盘
1072,13:58:09,7.97,0.01,20,15940,买盘
1073,13:58:06,7.96,-0.01,62,49352,卖盘
1074,13:58:03,7.97,0.01,17,13549,买盘
1075,13:58:00,7.96,-0.01,27,21492,卖盘
1076,13:57:57,7.97,--,3,2391,买盘
1077,13:57:54,7.97,0.01,71,56587,买盘
1078,13:57:51,7.96,-0.01,29,23084,卖盘
1079,13:57:48,7.97,0.01,535,426395,买盘
1080,13:57:45,7.96,--,76,60496,卖盘
1081,13:57:42,7.96,-0.01,225,179100,卖盘
1082,13:57:39,7.97,0.01,47,37459,买盘
1083,13:57:33,7.96,-0.01,27,21492,卖盘
1084,13:57:30,7.97,0.01,19,15143,买盘
1085,13:57:27,7.96,-0.01,15,11940,卖盘
1086,13:57:24,7.97,0.01,11,8767,买盘
1087,13:57:21,7.96,--,12,9552,卖盘
1088,13:57:18,7.96,--,29,23084,卖盘
1089,13:57:15,7.96,-0.01,43,34228,卖盘
1090,13:57:12,7.97,0.01,193,153821,买盘
1091,13:57:06,7.96,-0.01,166,132136,卖盘
1092,13:57:03,7.97,--,93,74527,买盘
1093,13:57:00,7.97,-0.01,49,39443,卖盘
1094,13:56:57,7.98,0.02,247,197512,买盘
1095,13:56:54,7.96,-0.01,86,68456,卖盘
1096,13:56:51,7.97,-0.01,110,88060,卖盘
1097,13:56:48,7.98,0.01,28,22344,买盘
1098,13:56:45,7.97,--,44,35068,卖盘
1099,13:56:42,7.97,--,8,6376,卖盘
1100,13:56:39,7.97,--,10,7970,卖盘
1101,13:56:36,7.97,-0.01,138,109986,卖盘
1102,13:56:33,7.98,0.01,187,149226,买盘
1103,13:56:30,7.97,--,31,24707,卖盘
1104,13:56:27,7.97,--,39,31083,卖盘
1105,13:56:24,7.97,--,334,266198,卖盘
1106,13:56:21,7.97,-0.01,106,84482,卖盘
1107,13:56:18,7.98,0.01,141,112518,买盘
1108,13:56:15,7.97,--,75,59775,卖盘
1109,13:56:12,7.97,--,78,62166,卖盘
1110,13:56:09,7.97,--,133,106001,卖盘
1111,13:56:06,7.97,--,120,95640,卖盘
1112,13:56:03,7.97,-0.01,250,199250,卖盘
1113,13:56:00,7.98,--,66,52668,买盘
1114,13:55:57,7.98,0.01,5,3990,买盘
1115,13:55:54,7.97,--,159,126723,卖盘
1116,13:55:51,7.97,--,144,114768,卖盘
1117,13:55:48,7.97,-0.01,15,11955,卖盘
1118,13:55:45,7.98,0.01,149,118902,买盘
1119,13:55:42,7.97,--,3,2391,卖盘
1120,13:55:39,7.97,--,47,37459,卖盘
1121,13:55:36,7.97,--,93,74121,卖盘
1122,13:55:33,7.97,--,151,120347,卖盘
1123,13:55:27,7.97,--,37,29489,卖盘
1124,13:55:24,7.97,--,76,60572,卖盘
1125,13:55:21,7.97,-0.01,50,39850,卖盘
1126,13:55:18,7.98,0.01,35,27930,买盘
1127,13:55:15,7.97,-0.01,35,27895,卖盘
1128,13:55:12,7.98,--,148,118104,买盘
1129,13:55:09,7.98,0.01,22,17556,买盘
1130,13:55:06,7.97,-0.01,25,19925,卖盘
1131,13:55:03,7.98,0.01,13,10374,买盘
1132,13:55:00,7.97,-0.01,205,163385,卖盘
1133,13:54:57,7.98,--,14,11172,买盘
1134,13:54:54,7.98,--,41,32718,买盘
1135,13:54:51,7.98,0.01,78,62244,买盘
1136,13:54:48,7.97,--,51,40647,卖盘
1137,13:54:45,7.97,--,21,16737,卖盘
1138,13:54:42,7.97,--,8,6376,卖盘
1139,13:54:39,7.97,--,20,15940,卖盘
1140,13:54:36,7.97,-0.01,88,70136,卖盘
1141,13:54:33,7.98,--,70,55860,买盘
1142,13:54:30,7.98,0.01,11,8778,买盘
1143,13:54:27,7.97,-0.01,163,129911,卖盘
1144,13:54:24,7.98,--,2,1596,买盘
1145,13:54:21,7.98,--,3,2394,买盘
1146,13:54:18,7.98,0.01,15,11970,买盘
1147,13:54:15,7.97,-0.01,83,66151,卖盘
1148,13:54:12,7.98,--,232,185136,买盘
1149,13:54:09,7.98,--,19,15162,买盘
1150,13:54:06,7.98,--,5,3990,买盘
1151,13:54:03,7.98,0.01,15,11970,买盘
1152,13:54:00,7.97,-0.01,97,77309,卖盘
1153,13:53:57,7.98,--,274,218652,卖盘
1154,13:53:54,7.98,-0.01,12,9576,卖盘
1155,13:53:51,7.99,0.01,41,32759,买盘
1156,13:53:48,7.98,0.01,33,26334,卖盘
1157,13:53:45,7.97,-0.01,342,272574,卖盘
1158,13:53:42,7.98,0.01,97,77884,买盘
1159,13:53:39,7.97,-0.01,43,34271,卖盘
1160,13:53:36,7.98,0.01,126,100548,买盘
1161,13:53:33,7.97,-0.01,15,11955,卖盘
1162,13:53:30,7.98,0.01,50,39900,买盘
1163,13:53:27,7.97,-0.01,72,57384,卖盘
1164,13:53:24,7.98,--,220,175560,买盘
1165,13:53:21,7.98,--,27,21546,买盘
1166,13:53:18,7.98,--,18,14364,买盘
1167,13:53:15,7.98,0.01,112,89376,买盘
1168,13:53:12,7.97,-0.01,66,52602,卖盘
1169,13:53:09,7.98,--,19,15162,买盘
1170,13:53:06,7.98,--,13,10374,买盘
1171,13:53:03,7.98,0.01,73,58254,买盘
1172,13:53:00,7.97,--,19,15143,卖盘
1173,13:52:57,7.97,-0.01,22,17534,卖盘
1174,13:52:54,7.98,--,15,11970,买盘
1175,13:52:51,7.98,0.01,19,15162,买盘
1176,13:52:48,7.97,--,36,28692,卖盘
1177,13:52:45,7.97,-0.01,34,27098,卖盘
1178,13:52:42,7.98,0.01,12,9576,买盘
1179,13:52:39,7.97,-0.01,21,16737,卖盘
1180,13:52:36,7.98,0.01,219,174762,买盘
1181,13:52:33,7.97,-0.01,66,52602,卖盘
1182,13:52:30,7.98,0.01,43,34314,买盘
1183,13:52:27,7.97,-0.01,29,23113,卖盘
1184,13:52:24,7.98,--,42,33516,买盘
1185,13:52:21,7.98,--,38,30324,买盘
1186,13:52:18,7.98,0.01,121,96558,买盘
1187,13:52:15,7.97,-0.01,15,11955,卖盘
1188,13:52:12,7.98,--,34,27132,买盘
1189,13:52:09,7.98,--,36,28728,买盘
1190,13:52:06,7.98,--,70,55860,买盘
1191,13:52:03,7.98,--,27,21546,买盘
1192,13:52:00,7.98,--,59,47082,买盘
1193,13:51:54,7.98,--,13,10374,买盘
1194,13:51:51,7.98,0.01,4,3192,买盘
1195,13:51:48,7.97,--,8,6376,卖盘
1196,13:51:45,7.97,--,47,37459,卖盘
1197,13:51:42,7.97,--,520,414440,卖盘
1198,13:51:39,7.97,--,31,25432,买盘
1199,13:51:36,7.97,--,369,294093,买盘
1200,13:51:33,7.97,--,142,113174,买盘
1201,13:51:30,7.97,0.01,1555,1239335,买盘
1202,13:51:27,7.96,-0.01,107,85172,卖盘
1203,13:51:24,7.97,--,202,160994,买盘
1204,13:51:21,7.97,--,23,18331,买盘
1205,13:51:18,7.97,0.01,172,137084,买盘
1206,13:51:15,7.96,-0.01,106,84376,卖盘
1207,13:51:12,7.97,0.01,111,88467,买盘
1208,13:51:09,7.96,-0.01,12,9552,卖盘
1209,13:51:06,7.97,0.01,50,39850,买盘
1210,13:51:03,7.96,--,39,31044,卖盘
1211,13:51:00,7.96,--,415,330340,卖盘
1212,13:50:57,7.96,-0.01,10,7960,卖盘
1213,13:50:54,7.97,--,22,17534,买盘
1214,13:50:51,7.97,0.01,333,265401,买盘
1215,13:50:48,7.96,--,45,35820,卖盘
1216,13:50:45,7.96,--,257,204572,卖盘
1217,13:50:42,7.96,--,27,21492,卖盘
1218,13:50:39,7.96,-0.01,104,82784,卖盘
1219,13:50:36,7.97,0.01,30,23910,买盘
1220,13:50:33,7.96,-0.01,35,27860,卖盘
1221,13:50:30,7.97,--,8,6376,买盘
1222,13:50:27,7.97,--,105,83685,买盘
1223,13:50:24,7.97,0.01,259,206423,买盘
1224,13:50:21,7.96,-0.01,69,55234,卖盘
1225,13:50:18,7.97,0.01,103,82091,买盘
1226,13:50:15,7.96,-0.01,6,4776,卖盘
1227,13:50:12,7.97,0.01,51,40647,买盘
1228,13:50:09,7.96,-0.01,24,19104,卖盘
1229,13:50:06,7.97,--,140,111580,买盘
1230,13:50:03,7.97,0.01,29,23113,买盘
1231,13:50:00,7.96,--,318,253311,卖盘
1232,13:49:57,7.96,--,132,105072,卖盘
1233,13:49:54,7.96,-0.01,29,23084,卖盘
1234,13:49:51,7.97,0.01,445,354665,买盘
1235,13:49:48,7.96,--,85,67660,卖盘
1236,13:49:45,7.96,--,47,37412,卖盘
1237,13:49:42,7.96,--,120,95520,卖盘
1238,13:49:39,7.96,--,129,102994,卖盘
1239,13:49:36,7.96,--,123,97908,卖盘
1240,13:49:33,7.96,--,100,79600,卖盘
1241,13:49:30,7.96,--,1369,1089724,卖盘
1242,13:49:27,7.96,--,22,17512,卖盘
1243,13:49:24,7.96,-0.01,48,38208,卖盘
1244,13:49:21,7.97,0.01,10,7970,买盘
1245,13:49:18,7.96,--,70,55720,卖盘
1246,13:49:15,7.96,--,69,54924,卖盘
1247,13:49:12,7.96,-0.01,40,31840,卖盘
1248,13:49:09,7.97,--,16,13517,买盘
1249,13:49:06,7.97,0.01,85,67745,买盘
1250,13:49:03,7.96,--,54,42984,卖盘
1251,13:49:00,7.96,--,34,27064,卖盘
1252,13:48:57,7.96,--,192,152832,卖盘
1253,13:48:54,7.96,--,54,42984,卖盘
1254,13:48:51,7.96,--,52,41392,卖盘
1255,13:48:48,7.96,-0.01,6,4776,卖盘
1256,13:48:45,7.97,0.01,53,42241,买盘
1257,13:48:42,7.96,--,157,124972,卖盘
1258,13:48:39,7.96,--,101,80396,卖盘
1259,13:48:36,7.96,--,431,343784,卖盘
1260,13:48:33,7.96,-0.01,112,89152,卖盘
1261,13:48:30,7.97,0.01,4,3188,买盘
1262,13:48:27,7.96,--,295,234820,卖盘
1263,13:48:24,7.96,-0.01,5,3980,卖盘
1264,13:48:21,7.97,0.01,52,41444,买盘
1265,13:48:18,7.96,--,145,115420,卖盘
1266,13:48:15,7.96,-0.01,15,11940,卖盘
1267,13:48:12,7.97,0.01,141,112377,买盘
1268,13:48:09,7.96,-0.01,109,86795,卖盘
1269,13:48:06,7.97,-0.01,231,184107,卖盘
1270,13:48:03,7.98,0.01,142,113316,买盘
1271,13:48:00,7.97,--,61,48617,卖盘
1272,13:47:57,7.97,--,41,32677,卖盘
1273,13:47:54,7.97,--,554,441824,卖盘
1274,13:47:51,7.97,--,106,84482,卖盘
1275,13:47:48,7.97,--,182,145054,卖盘
1276,13:47:45,7.97,--,20,15940,卖盘
1277,13:47:42,7.97,--,825,657525,卖盘
1278,13:47:39,7.97,--,173,137881,卖盘
1279,13:47:36,7.97,--,308,245476,卖盘
1280,13:47:33,7.97,--,173,138112,卖盘
1281,13:47:30,7.97,--,36,28692,卖盘
1282,13:47:27,7.97,-0.01,77,61369,卖盘
1283,13:47:24,7.98,0.01,59,47082,买盘
1284,13:47:21,7.97,-0.01,51,40647,卖盘
1285,13:47:18,7.98,0.01,91,72618,买盘
1286,13:47:15,7.97,--,60,47820,卖盘
1287,13:47:12,7.97,--,324,258475,卖盘
1288,13:47:09,7.97,-0.01,37,29489,卖盘
1289,13:47:06,7.98,0.01,409,326382,买盘
1290,13:47:03,7.97,--,6,4782,卖盘
1291,13:47:00,7.97,--,4,3188,卖盘
1292,13:46:57,7.97,--,170,135490,卖盘
1293,13:46:54,7.97,-0.01,39,31083,卖盘
1294,13:46:51,7.98,--,22,17875,卖盘
1295,13:46:48,7.98,--,427,340746,卖盘
1296,13:46:45,7.98,--,311,248178,卖盘
1297,13:46:42,7.98,--,78,62244,卖盘
1298,13:46:39,7.98,-0.01,71,56658,卖盘
1299,13:46:36,7.99,0.01,32,25568,买盘
1300,13:46:33,7.98,--,157,125286,卖盘
1301,13:46:30,7.98,--,93,74700,卖盘
1302,13:46:27,7.98,--,18,14364,卖盘
1303,13:46:24,7.98,--,26,20748,卖盘
1304,13:46:21,7.98,--,71,56658,卖盘
1305,13:46:18,7.98,--,341,272118,卖盘
1306,13:46:15,7.98,--,133,106134,卖盘
1307,13:46:12,7.98,--,17,13566,卖盘
1308,13:46:09,7.98,-0.01,62,49499,卖盘
1309,13:46:06,7.99,0.01,1,799,买盘
1310,13:46:03,7.98,--,44,35112,卖盘
1311,13:46:00,7.98,--,55,43890,卖盘
1312,13:45:54,7.98,--,13,10374,卖盘
1313,13:45:51,7.98,--,35,27930,卖盘
1314,13:45:48,7.98,--,76,61278,卖盘
1315,13:45:45,7.98,--,132,105551,卖盘
1316,13:45:42,7.98,--,27,21546,卖盘
1317,13:45:39,7.98,--,3,2394,卖盘
1318,13:45:36,7.98,--,1,798,卖盘
1319,13:45:33,7.98,-0.01,38,30324,卖盘
1320,13:45:30,7.99,0.01,50,39950,买盘
1321,13:45:27,7.98,--,156,124488,卖盘
1322,13:45:24,7.98,--,157,125716,卖盘
1323,13:45:21,7.98,-0.01,10,7980,卖盘
1324,13:45:18,7.99,--,52,41548,买盘
1325,13:45:15,7.99,0.01,113,90287,买盘
1326,13:45:12,7.98,--,28,22344,卖盘
1327,13:45:09,7.98,--,30,23940,卖盘
1328,13:45:06,7.98,--,170,135779,卖盘
1329,13:45:03,7.98,--,20,15960,卖盘
1330,13:45:00,7.98,--,15,11970,卖盘
1331,13:44:54,7.98,--,69,55062,卖盘
1332,13:44:51,7.98,-0.01,35,27930,卖盘
1333,13:44:48,7.99,0.01,2,1598,买盘
1334,13:44:45,7.98,--,28,22344,卖盘
1335,13:44:42,7.98,--,54,43818,卖盘
1336,13:44:39,7.98,--,74,59052,卖盘
1337,13:44:36,7.98,-0.01,23,18354,卖盘
1338,13:44:33,7.99,0.01,1,799,买盘
1339,13:44:30,7.98,--,13,10374,卖盘
1340,13:44:27,7.98,--,8,6384,卖盘
1341,13:44:24,7.98,-0.01,36,28728,卖盘
1342,13:44:21,7.99,--,113,90287,买盘
1343,13:44:18,7.99,--,92,73508,买盘
1344,13:44:15,7.99,--,203,162197,买盘
1345,13:44:09,7.99,0.01,26,20774,卖盘
1346,13:44:06,7.98,--,1,798,卖盘
1347,13:44:03,7.98,-0.01,152,121575,卖盘
1348,13:44:00,7.99,--,9,7191,卖盘
1349,13:43:57,7.99,0.01,26,20774,买盘
1350,13:43:54,7.98,-0.01,41,32718,卖盘
1351,13:43:51,7.99,0.01,30,23970,买盘
1352,13:43:45,7.98,-0.01,31,24738,卖盘
1353,13:43:42,7.99,0.01,57,45543,买盘
1354,13:43:39,7.98,--,35,27930,卖盘
1355,13:43:36,7.98,-0.01,31,24738,卖盘
1356,13:43:33,7.99,0.01,46,36754,买盘
1357,13:43:30,7.98,--,29,23142,卖盘
1358,13:43:27,7.98,--,86,68628,卖盘
1359,13:43:24,7.98,-0.01,89,71022,卖盘
1360,13:43:21,7.99,--,9,7191,卖盘
1361,13:43:18,7.99,--,76,60724,卖盘
1362,13:43:15,7.99,--,28,22372,卖盘
1363,13:43:12,7.99,--,162,129438,卖盘
1364,13:43:09,7.99,-0.01,6,4794,卖盘
1365,13:43:06,8.0,0.01,1,800,买盘
1366,13:43:03,7.99,--,31,24769,卖盘
1367,13:43:00,7.99,0.01,365,291826,买盘
1368,13:42:57,7.98,--,95,75810,卖盘
1369,13:42:54,7.98,-0.01,11,8778,卖盘
1370,13:42:51,7.99,--,100,79900,买盘
1371,13:42:48,7.99,0.01,6,4794,买盘
1372,13:42:45,7.98,-0.01,9,7182,卖盘
1373,13:42:42,7.99,0.01,1,799,买盘
1374,13:42:39,7.98,--,104,82992,卖盘
1375,13:42:33,7.98,-0.01,65,51870,卖盘
1376,13:42:30,7.99,0.01,26,20774,买盘
1377,13:42:27,7.98,-0.01,16,12768,卖盘
1378,13:42:24,7.99,0.01,133,106267,买盘
1379,13:42:21,7.98,-0.01,22,17556,卖盘
1380,13:42:18,7.99,0.01,81,64719,买盘
1381,13:42:15,7.98,--,6,4788,卖盘
1382,13:42:12,7.98,-0.01,50,39900,卖盘
1383,13:42:06,7.99,--,44,35156,买盘
1384,13:42:03,7.99,0.01,37,29563,买盘
1385,13:42:00,7.98,--,36,28728,卖盘
1386,13:41:57,7.98,--,23,18354,卖盘
1387,13:41:54,7.98,-0.01,23,18354,卖盘
1388,13:41:48,7.99,0.01,53,42347,买盘
1389,13:41:45,7.98,--,4,3192,卖盘
1390,13:41:42,7.98,--,77,61446,卖盘
1391,13:41:39,7.98,--,15,11970,卖盘
1392,13:41:33,7.98,--,4,3192,卖盘
1393,13:41:30,7.98,0.01,79,63608,买盘
1394,13:41:27,7.97,-0.01,111,88467,卖盘
1395,13:41:24,7.98,--,169,134862,买盘
1396,13:41:21,7.98,--,9,7182,买盘
1397,13:41:18,7.98,--,75,59850,买盘
1398,13:41:15,7.98,--,40,31920,买盘
1399,13:41:12,7.98,--,48,38304,买盘
1400,13:41:09,7.98,-0.01,2448,1953575,卖盘
1401,13:41:06,7.99,--,24,19176,买盘
1402,13:41:03,7.99,0.01,65,51935,买盘
1403,13:41:00,7.98,--,5,3990,卖盘
1404,13:40:57,7.98,--,1,798,卖盘
1405,13:40:54,7.98,--,11,8778,卖盘
1406,13:40:51,7.98,--,19,15162,卖盘
1407,13:40:48,7.98,--,11,8778,卖盘
1408,13:40:45,7.98,-0.01,84,67032,卖盘
1409,13:40:42,7.99,0.01,26,20774,买盘
1410,13:40:39,7.98,-0.01,2,1596,卖盘
1411,13:40:36,7.99,0.01,145,115855,买盘
1412,13:40:33,7.98,-0.01,9,7182,卖盘
1413,13:40:30,7.99,0.01,166,132634,买盘
1414,13:40:27,7.98,-0.01,91,72618,卖盘
1415,13:40:24,7.99,--,1,799,买盘
1416,13:40:21,7.99,-0.02,929,742878,卖盘
1417,13:40:18,8.01,0.01,184,147384,买盘
1418,13:40:15,8.0,--,895,716112,买盘
1419,13:40:12,8.0,--,27,21600,买盘
1420,13:40:09,8.0,--,50,40000,买盘
1421,13:40:06,8.0,0.01,1,800,买盘
1422,13:40:03,7.99,-0.01,3,2397,卖盘
1423,13:40:00,8.0,--,71,56800,买盘
1424,13:39:57,8.0,0.01,137,109600,买盘
1425,13:39:54,7.99,--,1,799,卖盘
1426,13:39:48,7.99,--,336,268464,卖盘
1427,13:39:45,7.99,--,77,61523,卖盘
1428,13:39:42,7.99,--,27,21573,卖盘
1429,13:39:39,7.99,-0.01,1,799,卖盘
1430,13:39:36,8.0,0.01,51,40800,买盘
1431,13:39:33,7.99,0.01,892,712787,买盘
1432,13:39:30,7.98,-0.01,5,3990,卖盘
1433,13:39:27,7.99,0.01,41,32759,买盘
1434,13:39:24,7.98,-0.01,67,53466,卖盘
1435,13:39:21,7.99,--,3,2397,买盘
1436,13:39:18,7.99,--,71,56729,卖盘
1437,13:39:15,7.99,-0.01,62,49538,卖盘
1438,13:39:12,8.0,0.01,115,92000,买盘
1439,13:39:09,7.99,--,155,123845,买盘
1440,13:39:06,7.99,0.01,6,4794,中性盘
1441,13:39:03,7.98,-0.01,64,51072,卖盘
1442,13:39:00,7.99,--,19,15181,卖盘
1443,13:38:57,7.99,--,37,29563,卖盘
1444,13:38:54,7.99,--,169,135031,卖盘
1445,13:38:51,7.99,--,26,20774,卖盘
1446,13:38:48,7.99,--,4,3196,卖盘
1447,13:38:45,7.99,--,36,28764,卖盘
1448,13:38:42,7.99,--,235,187765,卖盘
1449,13:38:39,7.99,0.01,222,177378,买盘
1450,13:38:36,7.98,--,1633,1303134,卖盘
1451,13:38:33,7.98,--,217,173166,卖盘
1452,13:38:30,7.98,--,131,104538,卖盘
1453,13:38:27,7.98,--,8,6384,卖盘
1454,13:38:24,7.98,-0.01,272,217056,卖盘
1455,13:38:21,7.99,--,108,86292,买盘
1456,13:38:18,7.99,0.01,112,89488,买盘
1457,13:38:15,7.98,--,43,34314,卖盘
1458,13:38:12,7.98,-0.01,64,51072,卖盘
1459,13:38:09,7.99,--,68,54332,买盘
1460,13:38:06,7.99,0.01,69,55131,买盘
1461,13:38:03,7.98,--,61,48678,卖盘
1462,13:38:00,7.98,-0.01,1313,1047774,卖盘
1463,13:37:57,7.99,0.01,225,179775,买盘
1464,13:37:54,7.98,--,10,7980,卖盘
1465,13:37:51,7.98,--,121,96558,卖盘
1466,13:37:48,7.98,--,32,25536,卖盘
1467,13:37:45,7.98,--,54,43092,卖盘
1468,13:37:42,7.98,--,10,7980,卖盘
1469,13:37:39,7.98,-0.01,5,3990,卖盘
1470,13:37:36,7.99,--,60,47940,买盘
1471,13:37:33,7.99,0.01,10,7990,买盘
1472,13:37:30,7.98,--,212,169176,卖盘
1473,13:37:27,7.98,-0.01,21,16758,卖盘
1474,13:37:24,7.99,0.01,176,140624,买盘
1475,13:37:21,7.98,--,44,35112,卖盘
1476,13:37:18,7.98,--,76,60648,卖盘
1477,13:37:15,7.98,-0.01,108,86184,卖盘
1478,13:37:09,7.99,--,63,50337,买盘
1479,13:37:06,7.99,--,41,32759,买盘
1480,13:37:03,7.99,--,245,195755,买盘
1481,13:37:00,7.99,--,67,53533,买盘
1482,13:36:57,7.99,--,78,62322,买盘
1483,13:36:54,7.99,--,7,5593,买盘
1484,13:36:51,7.99,0.01,72,57528,买盘
1485,13:36:48,7.98,--,205,163590,卖盘
1486,13:36:45,7.98,-0.01,89,71022,卖盘
1487,13:36:42,7.99,0.01,50,39950,买盘
1488,13:36:39,7.98,--,46,36708,卖盘
1489,13:36:36,7.98,--,1,798,卖盘
1490,13:36:33,7.98,--,13,10374,卖盘
1491,13:36:30,7.98,-0.01,37,29526,卖盘
1492,13:36:27,7.99,--,77,61523,买盘
1493,13:36:24,7.99,0.01,20,15980,买盘
1494,13:36:21,7.98,--,43,34314,卖盘
1495,13:36:18,7.98,--,177,141246,卖盘
1496,13:36:15,7.98,--,246,196308,卖盘
1497,13:36:12,7.98,-0.01,78,62244,卖盘
1498,13:36:09,7.99,--,15,11985,买盘
1499,13:36:06,7.99,--,18,14382,买盘
1500,13:36:03,7.99,0.01,63,50337,买盘
1501,13:36:00,7.98,-0.01,53,42294,卖盘
1502,13:35:57,7.99,0.01,52,41548,买盘
1503,13:35:54,7.98,--,198,158004,卖盘
1504,13:35:51,7.98,--,27,21992,卖盘
1505,13:35:48,7.98,--,100,79800,卖盘
1506,13:35:45,7.98,--,33,26334,卖盘
1507,13:35:42,7.98,--,239,190722,卖盘
1508,13:35:39,7.98,-0.01,115,91770,卖盘
1509,13:35:36,7.99,0.01,54,43146,买盘
1510,13:35:33,7.98,--,45,35910,卖盘
1511,13:35:30,7.98,--,30,24698,卖盘
1512,13:35:27,7.98,--,75,59850,卖盘
1513,13:35:24,7.98,--,801,639198,卖盘
1514,13:35:21,7.98,--,180,143640,卖盘
1515,13:35:18,7.98,-0.01,267,213066,卖盘
1516,13:35:15,7.99,--,76,60724,买盘
1517,13:35:12,7.99,--,619,494581,买盘
1518,13:35:09,7.99,0.01,42,33558,买盘
1519,13:35:06,7.98,-0.01,75,59850,卖盘
1520,13:35:03,7.99,0.01,14,11186,买盘
1521,13:35:00,7.98,-0.01,544,434112,卖盘
1522,13:34:54,7.99,-0.01,163,130237,卖盘
1523,13:34:51,8.0,0.01,184,147200,买盘
1524,13:34:48,7.99,--,311,248489,卖盘
1525,13:34:45,7.99,-0.01,369,294831,卖盘
1526,13:34:42,8.0,--,21,16800,买盘
1527,13:34:39,8.0,0.01,290,232000,买盘
1528,13:34:36,7.99,-0.01,23,18377,卖盘
1529,13:34:33,8.0,--,333,267088,卖盘
1530,13:34:30,8.0,--,3009,2407200,卖盘
1531,13:34:27,8.0,--,312,249600,卖盘
1532,13:34:24,8.0,--,72,57600,卖盘
1533,13:34:21,8.0,--,2047,1637912,卖盘
1534,13:34:18,8.0,--,171,136800,卖盘
1535,13:34:15,8.0,-0.01,185,148000,卖盘
1536,13:34:12,8.01,--,42,33642,买盘
1537,13:34:09,8.01,0.01,25,20025,买盘
1538,13:34:06,8.0,--,272,217600,卖盘
1539,13:34:03,8.0,--,40,32000,卖盘
1540,13:33:57,8.0,-0.01,70,56000,卖盘
1541,13:33:54,8.01,0.01,117,93717,买盘
1542,13:33:51,8.0,-0.01,706,564800,卖盘
1543,13:33:48,8.01,-0.01,2009,1609209,卖盘
1544,13:33:42,8.02,0.01,56,44912,买盘
1545,13:33:39,8.01,--,30,24030,卖盘
1546,13:33:36,8.01,-0.01,34,27234,卖盘
1547,13:33:33,8.02,--,110,88220,买盘
1548,13:33:30,8.02,0.01,41,32882,买盘
1549,13:33:27,8.01,--,317,253917,卖盘
1550,13:33:24,8.01,-0.01,121,96921,卖盘
1551,13:33:21,8.02,0.01,67,53734,买盘
1552,13:33:18,8.01,--,84,67284,卖盘
1553,13:33:15,8.01,-0.01,94,75294,卖盘
1554,13:33:12,8.02,--,2,1604,买盘
1555,13:33:09,8.02,0.01,34,27268,买盘
1556,13:33:06,8.01,--,85,68085,卖盘
1557,13:33:03,8.01,--,59,47259,卖盘
1558,13:33:00,8.01,--,22,17622,卖盘
1559,13:32:57,8.01,--,5,4005,卖盘
1560,13:32:54,8.01,--,26,20826,卖盘
1561,13:32:51,8.01,-0.01,34,27234,卖盘
1562,13:32:48,8.02,0.01,10,8020,买盘
1563,13:32:45,8.01,--,79,63279,卖盘
1564,13:32:42,8.01,--,12,9612,卖盘
1565,13:32:39,8.01,-0.01,15,12015,卖盘
1566,13:32:36,8.02,--,20,16040,买盘
1567,13:32:33,8.02,--,64,51328,买盘
1568,13:32:30,8.02,0.01,5,4010,买盘
1569,13:32:27,8.01,--,18,14418,卖盘
1570,13:32:24,8.01,--,28,22428,卖盘
1571,13:32:21,8.01,-0.01,131,104931,卖盘
1572,13:32:18,8.02,--,49,39298,中性盘
1573,13:32:15,8.02,0.01,8,6416,买盘
1574,13:32:12,8.01,-0.02,6,4806,卖盘
1575,13:32:09,8.03,0.01,45,36135,买盘
1576,13:32:06,8.02,--,10,8020,卖盘
1577,13:32:03,8.02,--,69,55338,卖盘
1578,13:31:57,8.02,--,87,69774,卖盘
1579,13:31:54,8.02,--,162,129924,卖盘
1580,13:31:51,8.02,--,26,20852,卖盘
1581,13:31:48,8.02,--,113,90626,卖盘
1582,13:31:45,8.02,--,100,80200,卖盘
1583,13:31:42,8.02,0.01,85,68170,买盘
1584,13:31:39,8.01,-0.02,45,36045,卖盘
1585,13:31:36,8.03,0.01,1866,1498397,买盘
1586,13:31:33,8.02,--,1,802,卖盘
1587,13:31:30,8.02,--,15,12030,卖盘
1588,13:31:27,8.02,--,202,162004,卖盘
1589,13:31:24,8.02,--,28,22456,卖盘
1590,13:31:21,8.02,0.01,233,186866,买盘
1591,13:31:18,8.01,--,116,92916,卖盘
1592,13:31:15,8.01,--,57,45657,卖盘
1593,13:31:12,8.01,-0.01,4,3204,卖盘
1594,13:31:09,8.02,--,13,10426,买盘
1595,13:31:06,8.02,0.01,9,7218,买盘
1596,13:31:03,8.01,-0.01,29,23229,卖盘
1597,13:31:00,8.02,--,204,163608,卖盘
1598,13:30:57,8.02,--,35,28070,卖盘
1599,13:30:54,8.02,--,107,85814,卖盘
1600,13:30:51,8.02,--,32,25664,卖盘
1601,13:30:48,8.02,--,1487,1192574,卖盘
1602,13:30:45,8.02,--,124,99448,卖盘
1603,13:30:42,8.02,--,24,19248,卖盘
1604,13:30:39,8.02,--,110,88220,卖盘
1605,13:30:36,8.02,--,61,48922,卖盘
1606,13:30:33,8.02,--,103,82606,卖盘
1607,13:30:30,8.02,--,139,111478,卖盘
1608,13:30:27,8.02,--,56,44912,卖盘
1609,13:30:24,8.02,--,60,48120,卖盘
1610,13:30:21,8.02,0.01,535,429070,买盘
1611,13:30:18,8.01,--,57,45657,卖盘
1612,13:30:15,8.01,--,141,112941,卖盘
1613,13:30:12,8.01,-0.01,32,25632,卖盘
1614,13:30:09,8.02,0.01,25,20050,买盘
1615,13:30:06,8.01,-0.01,7,5607,卖盘
1616,13:30:00,8.02,0.01,9,7218,卖盘
1617,13:29:57,8.01,-0.01,1450,1161450,卖盘
1618,13:29:54,8.02,-0.01,44,35288,卖盘
1619,13:29:51,8.03,0.01,98,78694,买盘
1620,13:29:48,8.02,-0.01,20,16040,卖盘
1621,13:29:45,8.03,--,2,1605,买盘
1622,13:29:42,8.03,0.01,37,29710,买盘
1623,13:29:39,8.02,--,9,7218,卖盘
1624,13:29:36,8.02,--,5,4010,卖盘
1625,13:29:33,8.02,-0.01,161,129122,卖盘
1626,13:29:30,8.03,0.01,26,20878,买盘
1627,13:29:27,8.02,--,13,10426,卖盘
1628,13:29:24,8.02,--,10,8020,卖盘
1629,13:29:21,8.02,-0.01,97,77794,卖盘
1630,13:29:18,8.03,--,52,41756,买盘
1631,13:29:15,8.03,0.01,3,2409,买盘
1632,13:29:12,8.02,-0.01,305,244610,卖盘
1633,13:29:09,8.03,--,31,24892,买盘
1634,13:29:06,8.03,--,20,16059,买盘
1635,13:29:03,8.03,--,46,36938,买盘
1636,13:29:00,8.03,0.01,30,24089,买盘
1637,13:28:57,8.02,--,5,4010,卖盘
1638,13:28:54,8.02,-0.01,52,41704,卖盘
1639,13:28:51,8.03,--,23,18469,买盘
1640,13:28:48,8.03,0.01,76,61027,买盘
1641,13:28:45,8.02,-0.01,59,47318,卖盘
1642,13:28:42,8.03,0.01,457,366970,买盘
1643,13:28:39,8.02,-0.01,380,304760,卖盘
1644,13:28:36,8.03,--,100,80300,买盘
1645,13:28:30,8.03,0.01,110,88330,买盘
1646,13:28:27,8.02,-0.01,24,19248,卖盘
1647,13:28:24,8.03,--,44,35332,卖盘
1648,13:28:21,8.03,-0.01,124,99571,卖盘
1649,13:28:18,8.04,0.02,74,59495,买盘
1650,13:28:15,8.02,--,385,308770,卖盘
1651,13:28:12,8.02,-0.02,12,9624,卖盘
1652,13:28:09,8.04,--,22,17687,买盘
1653,13:28:06,8.04,0.01,1,803,买盘
1654,13:28:03,8.03,--,2,1605,卖盘
1655,13:28:00,8.03,--,5,4014,卖盘
1656,13:27:57,8.03,--,168,134904,卖盘
1657,13:27:54,8.03,--,27,21681,卖盘
1658,13:27:51,8.03,--,4,3211,卖盘
1659,13:27:48,8.03,-0.01,28,22484,卖盘
1660,13:27:45,8.04,--,5,4019,买盘
1661,13:27:42,8.04,0.01,7,5627,买盘
1662,13:27:39,8.03,-0.01,11,8833,卖盘
1663,13:27:36,8.04,0.01,117,94067,买盘
1664,13:27:33,8.03,--,153,122858,卖盘
1665,13:27:27,8.03,--,47,37741,卖盘
1666,13:27:24,8.03,--,36,28907,卖盘
1667,13:27:21,8.03,-0.01,40,32119,卖盘
1668,13:27:18,8.04,0.01,324,260495,买盘
1669,13:27:15,8.03,--,102,81906,卖盘
1670,13:27:12,8.03,-0.01,21,16863,卖盘
1671,13:27:09,8.04,0.01,55,44219,买盘
1672,13:27:06,8.03,--,20,16059,卖盘
1673,13:27:03,8.03,--,16,12847,卖盘
1674,13:27:00,8.03,-0.01,114,91541,卖盘
1675,13:26:57,8.04,0.01,118,94871,买盘
1676,13:26:54,8.03,--,70,56209,卖盘
1677,13:26:51,8.03,-0.01,1,802,卖盘
1678,13:26:45,8.04,--,16,12863,买盘
1679,13:26:42,8.04,0.01,114,91655,买盘
1680,13:26:39,8.03,-0.01,50,40150,卖盘
1681,13:26:36,8.04,--,72,57887,买盘
1682,13:26:33,8.04,--,1115,896459,买盘
1683,13:26:30,8.04,--,1,803,买盘
1684,13:26:27,8.04,--,82,65928,买盘
1685,13:26:24,8.04,--,29,23315,买盘
1686,13:26:21,8.04,0.01,532,427727,买盘
1687,13:26:18,8.03,-0.01,32,25695,卖盘
1688,13:26:15,8.04,0.01,52,41807,买盘
1689,13:26:12,8.03,--,54,43362,卖盘
1690,13:26:09,8.03,--,74,59421,卖盘
1691,13:26:06,8.03,--,159,127676,卖盘
1692,13:26:00,8.03,-0.01,44,35332,卖盘
1693,13:25:57,8.04,0.01,4,3215,买盘
1694,13:25:54,8.03,--,29,23286,卖盘
1695,13:25:51,8.03,--,68,54603,卖盘
1696,13:25:48,8.03,--,42,33726,卖盘
1697,13:25:45,8.03,--,7,5621,卖盘
1698,13:25:42,8.03,--,243,195128,卖盘
1699,13:25:39,8.03,--,14,11242,卖盘
1700,13:25:36,8.03,-0.01,211,169433,卖盘
1701,13:25:33,8.04,0.01,174,139895,买盘
1702,13:25:27,8.03,--,1054,846361,卖盘
1703,13:25:24,8.03,-0.01,16,12847,卖盘
1704,13:25:21,8.04,--,62,49847,买盘
1705,13:25:18,8.04,--,154,123815,买盘
1706,13:25:15,8.04,--,1989,1599155,卖盘
1707,13:25:12,8.04,-0.01,16,12863,卖盘
1708,13:25:09,8.05,--,59,47495,买盘
1709,13:25:06,8.05,0.01,9,7245,买盘
1710,13:25:03,8.04,--,13,10451,卖盘
1711,13:25:00,8.04,--,150,120599,卖盘
1712,13:24:57,8.04,--,24,19295,卖盘
1713,13:24:54,8.04,--,88,70751,卖盘
1714,13:24:51,8.04,--,32,25727,买盘
1715,13:24:48,8.04,--,127,102107,买盘
1716,13:24:45,8.04,--,6,4823,买盘
1717,13:24:42,8.04,0.01,74,59495,买盘
1718,13:24:39,8.03,-0.01,23,18469,卖盘
1719,13:24:36,8.04,--,46,36983,卖盘
1720,13:24:33,8.04,-0.01,6,4823,卖盘
1721,13:24:30,8.05,--,26,20930,买盘
1722,13:24:27,8.05,0.01,207,166635,买盘
1723,13:24:24,8.04,--,224,180095,卖盘
1724,13:24:21,8.04,--,33,26531,卖盘
1725,13:24:18,8.04,-0.01,78,62711,卖盘
1726,13:24:15,8.05,0.01,6,4830,买盘
1727,13:24:12,8.04,--,10,8039,卖盘
1728,13:24:09,8.04,-0.01,11,8843,卖盘
1729,13:24:06,8.05,--,13,10465,买盘
1730,13:24:03,8.05,0.01,225,181125,买盘
1731,13:24:00,8.04,-0.01,32,25727,卖盘
1732,13:23:57,8.05,--,238,191590,买盘
1733,13:23:54,8.05,0.01,5,4025,买盘
1734,13:23:51,8.04,-0.01,69,55475,卖盘
1735,13:23:45,8.05,--,457,367885,买盘
1736,13:23:42,8.05,0.01,3,2415,买盘
1737,13:23:39,8.04,-0.01,25,20099,卖盘
1738,13:23:36,8.05,0.02,25,20125,买盘
1739,13:23:33,8.03,-0.01,102,81906,卖盘
1740,13:23:30,8.04,-0.01,127,102107,卖盘
1741,13:23:27,8.05,--,354,284970,卖盘
1742,13:23:24,8.05,--,17,13685,卖盘
1743,13:23:21,8.05,--,8,6440,卖盘
1744,13:23:18,8.05,--,22,17710,卖盘
1745,13:23:15,8.05,0.01,451,363055,买盘
1746,13:23:12,8.04,-0.01,429,344915,卖盘
1747,13:23:09,8.05,--,54,43470,买盘
1748,13:23:06,8.05,--,852,685860,买盘
1749,13:23:03,8.05,--,66,53130,买盘
1750,13:22:57,8.05,0.01,3,2415,买盘
1751,13:22:54,8.04,--,33,26531,卖盘
1752,13:22:51,8.04,--,30,24119,卖盘
1753,13:22:48,8.04,--,890,715559,卖盘
1754,13:22:45,8.04,--,29,23315,卖盘
1755,13:22:42,8.04,--,5,4019,卖盘
1756,13:22:39,8.04,--,8,6431,卖盘
1757,13:22:36,8.04,0.01,400,321720,买盘
1758,13:22:33,8.03,--,39,31316,卖盘
1759,13:22:30,8.03,-0.01,351,281853,卖盘
1760,13:22:27,8.04,--,7,5627,买盘
1761,13:22:24,8.04,--,510,410039,买盘
1762,13:22:21,8.04,0.01,29,23315,买盘
1763,13:22:18,8.03,--,71,57012,卖盘
1764,13:22:12,8.03,-0.01,407,326821,卖盘
1765,13:22:09,8.04,0.01,60,48239,买盘
1766,13:22:06,8.03,--,35,28104,卖盘
1767,13:22:03,8.03,--,73,58618,卖盘
1768,13:22:00,8.03,--,63,50588,卖盘
1769,13:21:57,8.03,--,4,3211,卖盘
1770,13:21:54,8.03,--,191,153373,卖盘
1771,13:21:51,8.03,-0.01,30,24089,卖盘
1772,13:21:48,8.04,0.01,20,16079,买盘
1773,13:21:42,8.03,--,6,4818,卖盘
1774,13:21:39,8.03,-0.02,80,64239,卖盘
1775,13:21:36,8.05,0.01,1,805,买盘
1776,13:21:33,8.04,0.01,113,90851,买盘
1777,13:21:30,8.03,-0.01,150,120449,卖盘
1778,13:21:27,8.04,0.01,6,4823,买盘
1779,13:21:24,8.03,--,39,31316,卖盘
1780,13:21:21,8.03,--,41,32923,卖盘
1781,13:21:18,8.03,-0.02,51,41434,卖盘
1782,13:21:15,8.05,0.02,70,56350,买盘
1783,13:21:12,8.03,-0.01,2087,1675860,卖盘
1784,13:21:09,8.04,0.01,37,29747,中性盘
1785,13:21:06,8.03,-0.01,1975,1585924,卖盘
1786,13:21:03,8.04,--,36,28943,卖盘
1787,13:21:00,8.04,--,30,24119,卖盘
1788,13:20:57,8.04,--,125,100499,卖盘
1789,13:20:54,8.04,--,122,98087,卖盘
1790,13:20:51,8.04,--,108,86831,卖盘
1791,13:20:48,8.04,--,25,20099,卖盘
1792,13:20:45,8.04,-0.01,92,73967,卖盘
1793,13:20:42,8.05,0.01,21,16905,买盘
1794,13:20:39,8.04,--,25,20099,卖盘
1795,13:20:36,8.04,--,1023,822491,卖盘
1796,13:20:33,8.04,--,54,43415,卖盘
1797,13:20:30,8.04,-0.01,28,22511,卖盘
1798,13:20:27,8.05,0.01,197,158585,买盘
1799,13:20:24,8.04,--,186,149543,卖盘
1800,13:20:21,8.04,-0.01,41,32964,卖盘
1801,13:20:18,8.05,0.01,109,87745,买盘
1802,13:20:15,8.04,-0.01,39,31355,卖盘
1803,13:20:12,8.05,--,47,37835,买盘
1804,13:20:09,8.05,--,110,88550,买盘
1805,13:20:06,8.05,--,8,6440,买盘
1806,13:20:03,8.05,--,1,805,买盘
1807,13:20:00,8.05,0.01,244,196420,买盘
1808,13:19:57,8.04,--,16,12863,卖盘
1809,13:19:54,8.04,-0.01,97,77987,卖盘
1810,13:19:51,8.05,0.01,20,16100,买盘
1811,13:19:48,8.04,--,26,20903,卖盘
1812,13:19:45,8.04,-0.01,2,1607,卖盘
1813,13:19:42,8.05,--,65,52325,买盘
1814,13:19:39,8.05,0.01,37,29785,买盘
1815,13:19:36,8.04,-0.01,41,32964,卖盘
1816,13:19:33,8.05,0.01,3,2415,买盘
1817,13:19:30,8.04,--,42,33768,卖盘
1818,13:19:27,8.04,--,27,21707,卖盘
1819,13:19:24,8.04,--,29,23315,卖盘
1820,13:19:21,8.04,-0.01,59,47435,卖盘
1821,13:19:18,8.05,0.01,125,100625,买盘
1822,13:19:15,8.04,-0.01,27,21707,卖盘
1823,13:19:12,8.05,0.01,24,19320,买盘
1824,13:19:09,8.04,--,5,4019,卖盘
1825,13:19:06,8.04,--,8,6431,卖盘
1826,13:19:03,8.04,--,29,23315,卖盘
1827,13:19:00,8.04,--,40,32159,卖盘
1828,13:18:57,8.04,--,20,16079,卖盘
1829,13:18:54,8.04,--,13,10451,卖盘
1830,13:18:51,8.04,-0.01,30,24119,卖盘
1831,13:18:48,8.05,0.01,14,11270,买盘
1832,13:18:45,8.04,--,93,74771,卖盘
1833,13:18:42,8.04,--,6,4823,卖盘
1834,13:18:39,8.04,--,24,19295,卖盘
1835,13:18:36,8.04,--,221,177683,卖盘
1836,13:18:33,8.04,--,10,8039,卖盘
1837,13:18:30,8.04,--,8,6431,卖盘
1838,13:18:27,8.04,--,45,36179,买盘
1839,13:18:24,8.04,0.01,300,241199,买盘
1840,13:18:21,8.03,--,22,17666,卖盘
1841,13:18:18,8.03,-0.01,52,41756,卖盘
1842,13:18:15,8.04,--,67,53867,卖盘
1843,13:18:12,8.04,--,32,25727,卖盘
1844,13:18:09,8.04,--,56,45023,卖盘
1845,13:18:06,8.04,--,2,1607,卖盘
1846,13:18:03,8.04,--,3,2411,卖盘
1847,13:18:00,8.04,--,10,8039,卖盘
1848,13:17:57,8.04,--,41,32964,卖盘
1849,13:17:54,8.04,--,245,196979,买盘
1850,13:17:51,8.04,--,89,71555,买盘
1851,13:17:45,8.04,--,78,62711,卖盘
1852,13:17:42,8.04,--,28,22511,卖盘
1853,13:17:39,8.04,--,24,19295,卖盘
1854,13:17:36,8.04,--,149,119795,卖盘
1855,13:17:30,8.04,--,8,6431,卖盘
1856,13:17:27,8.04,--,47,37787,卖盘
1857,13:17:24,8.04,--,23,18491,卖盘
1858,13:17:18,8.04,-0.01,433,348131,卖盘
1859,13:17:15,8.05,0.01,62,49910,买盘
1860,13:17:12,8.04,-0.01,57,45827,卖盘
1861,13:17:09,8.05,--,6,4830,买盘
1862,13:17:06,8.05,0.01,1,805,买盘
1863,13:17:03,8.04,--,27,21707,卖盘
1864,13:17:00,8.04,-0.01,43,34571,卖盘
1865,13:16:57,8.05,0.01,133,107065,买盘
1866,13:16:54,8.04,--,76,61103,卖盘
1867,13:16:51,8.04,--,49,39395,卖盘
1868,13:16:48,8.04,-0.01,89,71555,卖盘
1869,13:16:45,8.05,--,16,12880,买盘
1870,13:16:42,8.05,0.01,22,17710,买盘
1871,13:16:39,8.04,-0.02,349,280595,卖盘
1872,13:16:36,8.06,--,44,35464,买盘
1873,13:16:33,8.06,0.01,27,21762,买盘
1874,13:16:30,8.05,-0.01,8,6440,卖盘
1875,13:16:27,8.06,--,126,101556,买盘
1876,13:16:24,8.06,0.01,122,98332,买盘
1877,13:16:21,8.05,-0.01,10,8050,卖盘
1878,13:16:18,8.06,0.01,55,44330,买盘
1879,13:16:12,8.05,-0.01,40,32200,卖盘
1880,13:16:09,8.06,0.01,29,23374,买盘
1881,13:16:06,8.05,-0.01,378,304290,卖盘
1882,13:16:03,8.06,0.01,753,606918,买盘
1883,13:16:00,8.05,--,46,37030,卖盘
1884,13:15:57,8.05,-0.01,76,61180,卖盘
1885,13:15:54,8.06,0.01,79,63674,买盘
1886,13:15:51,8.05,-0.01,56,45080,卖盘
1887,13:15:48,8.06,0.01,156,125736,买盘
1888,13:15:45,8.05,--,5,4025,卖盘
1889,13:15:42,8.05,--,34,27370,卖盘
1890,13:15:39,8.05,--,144,115920,卖盘
1891,13:15:36,8.05,--,23,18515,卖盘
1892,13:15:33,8.05,--,206,165830,卖盘
1893,13:15:30,8.05,--,8,6440,卖盘
1894,13:15:27,8.05,-0.01,20,16100,卖盘
1895,13:15:24,8.06,--,80,64480,买盘
1896,13:15:21,8.06,--,45,36270,买盘
1897,13:15:18,8.06,--,461,371566,买盘
1898,13:15:15,8.06,0.01,318,256308,买盘
1899,13:15:12,8.05,-0.01,241,194005,卖盘
1900,13:15:09,8.06,0.01,254,204724,买盘
1901,13:15:06,8.05,--,23,18515,卖盘
1902,13:15:03,8.05,--,80,64400,卖盘
1903,13:15:00,8.05,-0.01,14,11270,卖盘
1904,13:14:57,8.06,--,60,48360,卖盘
1905,13:14:54,8.06,--,127,102362,卖盘
1906,13:14:51,8.06,--,78,62868,卖盘
1907,13:14:48,8.06,--,220,177320,卖盘
1908,13:14:45,8.06,--,84,67704,卖盘
1909,13:14:42,8.06,--,11,8866,卖盘
1910,13:14:39,8.06,--,194,156364,卖盘
1911,13:14:36,8.06,--,91,73346,卖盘
1912,13:14:33,8.06,--,2,1612,卖盘
1913,13:14:30,8.06,-0.01,9,7254,卖盘
1914,13:14:27,8.07,0.01,219,176733,买盘
1915,13:14:24,8.06,-0.01,10,8060,卖盘
1916,13:14:21,8.07,--,1153,930471,卖盘
1917,13:14:18,8.07,--,70,56490,卖盘
1918,13:14:15,8.07,--,165,133155,卖盘
1919,13:14:12,8.07,--,112,90384,卖盘
1920,13:14:09,8.07,--,17,13719,卖盘
1921,13:14:06,8.07,--,76,61332,卖盘
1922,13:14:03,8.07,-0.01,10,8070,卖盘
1923,13:14:00,8.08,0.01,203,164024,买盘
1924,13:13:57,8.07,--,107,86349,卖盘
1925,13:13:54,8.07,--,167,134769,卖盘
1926,13:13:51,8.07,--,10,8070,卖盘
1927,13:13:45,8.07,-0.01,26,20982,卖盘
1928,13:13:42,8.08,0.01,20,16160,买盘
1929,13:13:39,8.07,-0.01,405,326835,卖盘
1930,13:13:36,8.08,0.01,11,8888,买盘
1931,13:13:30,8.07,-0.01,8,6456,卖盘
1932,13:13:27,8.08,--,8,6464,买盘
1933,13:13:24,8.08,0.01,71,57368,买盘
1934,13:13:21,8.07,--,20,16140,卖盘
1935,13:13:18,8.07,-0.01,12,9684,卖盘
1936,13:13:15,8.08,--,61,49288,买盘
1937,13:13:09,8.08,--,25,20200,买盘
1938,13:13:06,8.08,--,1715,1385720,卖盘
1939,13:13:03,8.08,--,101,81608,卖盘
1940,13:13:00,8.08,--,8,6464,卖盘
1941,13:12:57,8.08,--,24,19392,卖盘
1942,13:12:54,8.08,--,131,105848,卖盘
1943,13:12:51,8.08,-0.01,7,5656,卖盘
1944,13:12:48,8.09,0.01,5,4045,买盘
1945,13:12:45,8.08,--,20,16160,卖盘
1946,13:12:42,8.08,--,50,40400,卖盘
1947,13:12:39,8.08,--,9,7272,卖盘
1948,13:12:36,8.08,--,50,40400,卖盘
1949,13:12:33,8.08,--,25,20200,卖盘
1950,13:12:30,8.08,-0.01,109,88072,卖盘
1951,13:12:27,8.09,0.01,35,28315,买盘
1952,13:12:24,8.08,-0.01,120,96960,卖盘
1953,13:12:21,8.09,0.01,60,48540,买盘
1954,13:12:18,8.08,--,34,27472,卖盘
1955,13:12:15,8.08,--,134,108272,卖盘
1956,13:12:12,8.08,-0.01,57,46056,卖盘
1957,13:12:09,8.09,0.01,86,69574,买盘
1958,13:12:06,8.08,-0.01,34,27472,卖盘
1959,13:12:03,8.09,--,39,31551,买盘
1960,13:12:00,8.09,0.01,25,20225,买盘
1961,13:11:57,8.08,--,31,25048,卖盘
1962,13:11:54,8.08,-0.01,10,8080,卖盘
1963,13:11:51,8.09,0.01,49,39641,买盘
1964,13:11:48,8.08,-0.01,42,33936,卖盘
1965,13:11:45,8.09,0.01,78,63102,买盘
1966,13:11:39,8.08,--,9,7272,卖盘
1967,13:11:36,8.08,--,55,44440,卖盘
1968,13:11:33,8.08,--,39,31512,卖盘
1969,13:11:30,8.08,--,8,6464,卖盘
1970,13:11:27,8.08,--,30,24240,卖盘
1971,13:11:24,8.08,-0.01,15,12120,卖盘
1972,13:11:18,8.09,0.01,3,2427,买盘
1973,13:11:12,8.08,-0.01,12,9696,卖盘
1974,13:11:09,8.09,0.01,54,43686,买盘
1975,13:11:06,8.08,-0.01,52,42016,卖盘
1976,13:11:03,8.09,--,6,4854,买盘
1977,13:11:00,8.09,--,35,28315,买盘
1978,13:10:57,8.09,--,46,37214,买盘
1979,13:10:54,8.09,--,37,29933,买盘
1980,13:10:51,8.09,0.01,14,11326,买盘
1981,13:10:48,8.08,-0.01,24,19392,卖盘
1982,13:10:45,8.09,--,4,3236,买盘
1983,13:10:42,8.09,0.01,44,35596,买盘
1984,13:10:39,8.08,-0.01,5,4040,卖盘
1985,13:10:33,8.09,0.01,14,11326,买盘
1986,13:10:30,8.08,--,8,6464,卖盘
1987,13:10:27,8.08,-0.01,112,90496,卖盘
1988,13:10:24,8.09,0.01,56,45304,买盘
1989,13:10:21,8.08,-0.01,16,12928,卖盘
1990,13:10:18,8.09,0.01,6,4854,买盘
1991,13:10:15,8.08,-0.01,71,57368,卖盘
1992,13:10:12,8.09,--,1,809,买盘
1993,13:10:09,8.09,0.01,28,22652,买盘
1994,13:10:06,8.08,-0.01,30,24240,卖盘
1995,13:10:03,8.09,0.01,87,70383,买盘
1996,13:10:00,8.08,-0.01,58,46864,卖盘
1997,13:09:57,8.09,--,27,21843,买盘
1998,13:09:54,8.09,0.01,11,8899,买盘
1999,13:09:51,8.08,-0.01,228,184224,卖盘
2000,13:09:48,8.09,--,64,51776,买盘
2001,13:09:45,8.09,--,44,35596,买盘
2002,13:09:42,8.09,0.01,51,41259,买盘
2003,13:09:39,8.08,-0.01,37,29896,卖盘
2004,13:09:36,8.09,--,219,177171,买盘
2005,13:09:33,8.09,0.01,24,19416,买盘
2006,13:09:30,8.08,-0.01,96,77568,卖盘
2007,13:09:27,8.09,0.01,254,205486,买盘
2008,13:09:24,8.08,-0.01,128,103424,卖盘
2009,13:09:21,8.09,--,1,809,买盘
2010,13:09:18,8.09,--,6,4854,买盘
2011,13:09:15,8.09,0.01,488,394792,买盘
2012,13:09:12,8.08,--,578,467024,卖盘
2013,13:09:09,8.08,-0.01,6,4848,卖盘
2014,13:09:06,8.09,0.01,71,57439,买盘
2015,13:09:03,8.08,-0.01,140,113120,卖盘
2016,13:08:57,8.09,--,25,20225,买盘
2017,13:08:54,8.09,0.01,34,27506,买盘
2018,13:08:48,8.08,--,137,110696,卖盘
2019,13:08:45,8.08,-0.01,13,10504,卖盘
2020,13:08:42,8.09,--,3,2427,买盘
2021,13:08:39,8.09,--,30,24270,买盘
2022,13:08:36,8.09,0.01,122,98698,买盘
2023,13:08:33,8.08,--,21,16968,卖盘
2024,13:08:30,8.08,-0.01,17,13736,卖盘
2025,13:08:27,8.09,0.01,106,85754,买盘
2026,13:08:24,8.08,-0.01,135,109080,卖盘
2027,13:08:21,8.09,--,59,47731,买盘
2028,13:08:18,8.09,--,172,139148,买盘
2029,13:08:15,8.09,0.01,694,561446,买盘
2030,13:08:12,8.08,--,2,1616,卖盘
2031,13:08:09,8.08,--,116,93728,卖盘
2032,13:08:06,8.08,--,51,41208,卖盘
2033,13:08:03,8.08,--,34,27472,卖盘
2034,13:08:00,8.08,-0.01,4,3232,卖盘
2035,13:07:57,8.09,--,35,28315,买盘
2036,13:07:54,8.09,--,12,9708,买盘
2037,13:07:51,8.09,--,59,47731,买盘
2038,13:07:48,8.09,--,20,16180,买盘
2039,13:07:45,8.09,0.01,92,74428,买盘
2040,13:07:39,8.08,-0.01,30,24240,中性盘
2041,13:07:36,8.09,0.02,1120,906080,买盘
2042,13:07:33,8.07,--,10,8070,卖盘
2043,13:07:30,8.07,--,8,6456,卖盘
2044,13:07:27,8.07,--,2,1614,卖盘
2045,13:07:24,8.07,--,5,4035,卖盘
2046,13:07:21,8.07,--,204,164628,卖盘
2047,13:07:18,8.07,-0.01,766,618162,卖盘
2048,13:07:15,8.08,--,167,134936,买盘
2049,13:07:09,8.08,--,138,111504,买盘
2050,13:07:06,8.08,0.01,122,98576,买盘
2051,13:07:03,8.07,--,185,149295,卖盘
2052,13:07:00,8.07,-0.01,21,16947,卖盘
2053,13:06:57,8.08,0.01,20,16160,买盘
2054,13:06:54,8.07,-0.01,117,94419,卖盘
2055,13:06:51,8.08,--,51,41208,买盘
2056,13:06:48,8.08,--,181,146248,买盘
2057,13:06:42,8.08,0.01,114,92112,买盘
2058,13:06:39,8.07,--,39,31473,卖盘
2059,13:06:36,8.07,--,16,12912,卖盘
2060,13:06:30,8.07,--,96,77472,卖盘
2061,13:06:27,8.07,--,23,18561,卖盘
2062,13:06:24,8.07,-0.01,5,4035,卖盘
2063,13:06:21,8.08,--,333,269064,买盘
2064,13:06:18,8.08,--,27,21816,买盘
2065,13:06:12,8.08,0.01,123,99384,买盘
2066,13:06:09,8.07,--,163,131541,卖盘
2067,13:06:06,8.07,--,22,17754,卖盘
2068,13:06:03,8.07,-0.01,57,45999,卖盘
2069,13:05:57,8.08,0.01,30,24240,买盘
2070,13:05:54,8.07,--,22,17754,卖盘
2071,13:05:51,8.07,-0.01,26,20982,卖盘
2072,13:05:48,8.08,0.01,7,5656,买盘
2073,13:05:42,8.07,--,33,26631,卖盘
2074,13:05:39,8.07,-0.01,292,235644,卖盘
2075,13:05:36,8.08,0.01,98,79184,买盘
2076,13:05:33,8.07,--,3,2421,卖盘
2077,13:05:30,8.07,-0.01,85,68595,卖盘
2078,13:05:27,8.08,--,329,265832,买盘
2079,13:05:24,8.08,--,250,202000,买盘
2080,13:05:21,8.08,0.01,2226,1798608,买盘
2081,13:05:18,8.07,-0.01,72,58104,卖盘
2082,13:05:15,8.08,--,30,24240,买盘
2083,13:05:12,8.08,0.01,173,139784,买盘
2084,13:05:09,8.07,--,50,40350,卖盘
2085,13:05:06,8.07,-0.01,38,30666,卖盘
2086,13:05:03,8.08,--,133,107464,买盘
2087,13:05:00,8.08,0.01,88,71104,买盘
2088,13:04:57,8.07,--,68,54876,卖盘
2089,13:04:54,8.07,-0.01,5,4035,卖盘
2090,13:04:51,8.08,0.01,62,50096,买盘
2091,13:04:45,8.07,--,46,37122,卖盘
2092,13:04:42,8.07,--,34,27438,卖盘
2093,13:04:39,8.07,--,5,4035,卖盘
2094,13:04:36,8.07,0.01,34,27438,买盘
2095,13:04:33,8.06,--,64,51584,卖盘
2096,13:04:30,8.06,-0.01,320,257920,卖盘
2097,13:04:27,8.07,--,27,21789,卖盘
2098,13:04:24,8.07,-0.01,30,24210,卖盘
2099,13:04:21,8.08,0.01,33,26664,买盘
2100,13:04:18,8.07,0.01,30,24210,买盘
2101,13:04:15,8.06,-0.01,91,73346,卖盘
2102,13:04:12,8.07,0.01,27,21789,买盘
2103,13:04:09,8.06,--,52,41912,卖盘
2104,13:04:03,8.06,-0.02,119,95914,卖盘
2105,13:03:57,8.08,0.01,20,16160,买盘
2106,13:03:54,8.07,-0.01,6,4842,卖盘
2107,13:03:51,8.08,0.01,106,85648,买盘
2108,13:03:48,8.07,--,103,83121,卖盘
2109,13:03:45,8.07,--,19,15333,卖盘
2110,13:03:42,8.07,--,128,103296,卖盘
2111,13:03:39,8.07,--,91,73437,卖盘
2112,13:03:36,8.07,--,5,4035,卖盘
2113,13:03:33,8.07,--,21,16947,卖盘
2114,13:03:30,8.07,0.01,390,314730,买盘
2115,13:03:27,8.06,--,66,53196,卖盘
2116,13:03:24,8.06,-0.01,5,4030,卖盘
2117,13:03:21,8.07,0.01,65,52455,买盘
2118,13:03:18,8.06,-0.01,839,676234,卖盘
2119,13:03:15,8.07,--,1,807,买盘
2120,13:03:12,8.07,--,40,32280,买盘
2121,13:03:09,8.07,--,37,29859,买盘
2122,13:03:06,8.07,--,10,8070,买盘
2123,13:03:03,8.07,--,6,4842,买盘
2124,13:02:57,8.07,--,28,22596,买盘
2125,13:02:54,8.07,0.01,37,29859,买盘
2126,13:02:51,8.06,--,156,125736,卖盘
2127,13:02:48,8.06,--,15,12090,卖盘
2128,13:02:45,8.06,-0.01,28,22568,卖盘
2129,13:02:42,8.07,0.01,102,82314,买盘
2130,13:02:39,8.06,--,5,4030,卖盘
2131,13:02:36,8.06,0.01,23,18538,买盘
2132,13:02:33,8.05,-0.02,62,49910,卖盘
2133,13:02:27,8.07,--,7,5649,买盘
2134,13:02:24,8.07,0.01,127,102489,买盘
2135,13:02:21,8.06,-0.01,24,19344,卖盘
2136,13:02:18,8.07,--,3,2421,买盘
2137,13:02:15,8.07,0.02,140,112980,买盘
2138,13:02:12,8.05,-0.01,27,21735,卖盘
2139,13:02:09,8.06,-0.01,33,26598,卖盘
2140,13:02:06,8.07,0.02,8,6456,买盘
2141,13:02:00,8.05,-0.01,25,20125,卖盘
2142,13:01:57,8.06,--,54,43524,卖盘
2143,13:01:54,8.06,--,94,75764,卖盘
2144,13:01:51,8.06,--,58,46748,卖盘
2145,13:01:48,8.06,-0.01,29,23374,卖盘
2146,13:01:45,8.07,--,595,480165,买盘
2147,13:01:42,8.07,--,225,181575,买盘
2148,13:01:39,8.07,0.01,39,31473,买盘
2149,13:01:36,8.06,-0.01,34,27404,卖盘
2150,13:01:30,8.07,--,11,8877,买盘
2151,13:01:27,8.07,0.01,454,366378,买盘
2152,13:01:24,8.06,--,5,4030,卖盘
2153,13:01:18,8.06,-0.01,27,21762,卖盘
2154,13:01:12,8.07,0.01,13,10491,买盘
2155,13:01:09,8.06,-0.01,58,46748,卖盘
2156,13:01:06,8.07,0.01,54,43578,买盘
2157,13:01:03,8.06,--,22,17732,卖盘
2158,13:01:00,8.06,-0.02,96,77376,卖盘
2159,13:00:57,8.08,0.01,672,542976,买盘
2160,13:00:54,8.07,--,12,9684,卖盘
2161,13:00:51,8.07,--,76,61332,卖盘
2162,13:00:42,8.07,--,67,54069,卖盘
2163,13:00:39,8.07,--,147,118629,卖盘
2164,13:00:36,8.07,0.01,227,183189,买盘
2165,13:00:33,8.06,--,3,2418,卖盘
2166,13:00:30,8.06,--,58,46748,卖盘
2167,13:00:27,8.06,-0.01,381,307086,卖盘
2168,13:00:24,8.07,--,90,72630,买盘
2169,13:00:21,8.07,--,62,50034,买盘
2170,13:00:12,8.07,--,35,28245,买盘
2171,13:00:09,8.07,0.01,34,27438,买盘
2172,13:00:06,8.06,-0.01,824,664788,卖盘
2173,13:00:03,8.07,--,3375,2723625,买盘
2174,13:00:00,8.07,--,0,0,买盘
2175,11:30:00,8.07,--,64,51648,卖盘
2176,11:29:57,8.07,--,29,23403,卖盘
2177,11:29:54,8.07,--,178,143646,买盘
2178,11:29:48,8.07,0.01,30,24210,买盘
2179,11:29:45,8.06,-0.01,24,19344,卖盘
2180,11:29:39,8.07,0.01,49,39543,买盘
2181,11:29:36,8.06,-0.01,30,24180,卖盘
2182,11:29:33,8.07,0.01,50,40350,买盘
2183,11:29:30,8.06,--,5,4030,卖盘
2184,11:29:27,8.06,--,154,124124,卖盘
2185,11:29:24,8.06,--,46,37076,卖盘
2186,11:29:18,8.06,--,81,65286,卖盘
2187,11:29:15,8.06,-0.01,36,29016,卖盘
2188,11:29:09,8.07,--,62,50034,买盘
2189,11:29:06,8.07,--,2,1614,买盘
2190,11:29:03,8.07,--,41,33087,买盘
2191,11:28:57,8.07,--,64,51648,买盘
2192,11:28:54,8.07,--,129,104103,买盘
2193,11:28:51,8.07,--,10,8070,买盘
2194,11:28:48,8.07,0.01,20,16140,买盘
2195,11:28:39,8.06,--,75,60450,卖盘
2196,11:28:36,8.06,--,3,2418,卖盘
2197,11:28:30,8.06,--,35,28210,卖盘
2198,11:28:27,8.06,-0.01,5,4030,卖盘
2199,11:28:24,8.07,0.01,3,2421,买盘
2200,11:28:18,8.06,--,224,180544,卖盘
2201,11:28:15,8.06,-0.01,10,8060,卖盘
2202,11:28:09,8.07,0.01,32,25824,买盘
2203,11:28:06,8.06,--,430,346580,卖盘
2204,11:27:57,8.06,-0.02,52,41912,卖盘
2205,11:27:54,8.08,0.01,74,59792,买盘
2206,11:27:51,8.07,--,237,191259,卖盘
2207,11:27:48,8.07,--,124,100068,卖盘
2208,11:27:45,8.07,--,520,419640,卖盘
2209,11:27:42,8.07,-0.01,1,807,卖盘
2210,11:27:39,8.08,--,100,80800,买盘
2211,11:27:36,8.08,0.01,632,510656,买盘
2212,11:27:33,8.07,--,49,39543,卖盘
2213,11:27:30,8.07,-0.01,29,23403,卖盘
2214,11:27:27,8.08,0.01,64,51712,买盘
2215,11:27:24,8.07,--,118,95226,卖盘
2216,11:27:21,8.07,--,241,194487,卖盘
2217,11:27:18,8.07,--,46,37122,卖盘
2218,11:27:15,8.07,-0.01,20,16140,卖盘
2219,11:27:12,8.08,0.01,8,6464,买盘
2220,11:27:09,8.07,--,40,32280,卖盘
2221,11:27:06,8.07,-0.01,253,204171,卖盘
2222,11:27:03,8.08,0.01,44,35552,买盘
2223,11:27:00,8.07,-0.01,17,13719,卖盘
2224,11:26:57,8.08,0.01,41,33128,买盘
2225,11:26:54,8.07,--,81,65367,卖盘
2226,11:26:51,8.07,-0.01,151,121857,卖盘
2227,11:26:48,8.08,0.01,89,71912,买盘
2228,11:26:45,8.07,--,51,41157,卖盘
2229,11:26:42,8.07,-0.01,10,8070,卖盘
2230,11:26:36,8.08,0.01,10,8080,买盘
2231,11:26:33,8.07,-0.01,5,4035,卖盘
2232,11:26:30,8.08,0.01,1785,1442280,买盘
2233,11:26:27,8.07,-0.01,58,46806,卖盘
2234,11:26:24,8.08,--,20,16160,买盘
2235,11:26:21,8.08,0.01,24,19392,买盘
2236,11:26:18,8.07,-0.01,40,32280,卖盘
2237,11:26:15,8.08,--,21,16968,买盘
2238,11:26:12,8.08,--,57,46056,买盘
2239,11:26:09,8.08,--,52,42016,买盘
2240,11:26:06,8.08,--,25,20200,买盘
2241,11:26:03,8.08,0.01,140,113120,买盘
2242,11:26:00,8.07,-0.01,21,16947,卖盘
2243,11:25:57,8.08,--,20,16160,买盘
2244,11:25:54,8.08,--,165,133320,买盘
2245,11:25:51,8.08,--,22,17776,买盘
2246,11:25:48,8.08,--,45,36360,买盘
2247,11:25:45,8.08,--,561,453288,买盘
2248,11:25:42,8.08,0.01,21,16968,买盘
2249,11:25:39,8.07,-0.01,70,56490,卖盘
2250,11:25:36,8.08,0.01,3,2424,买盘
2251,11:25:33,8.07,--,4,3228,卖盘
2252,11:25:30,8.07,-0.01,30,24210,卖盘
2253,11:25:27,8.08,0.01,17,13736,买盘
2254,11:25:24,8.07,-0.01,30,24210,卖盘
2255,11:25:21,8.08,--,15,12120,买盘
2256,11:25:18,8.08,--,62,50096,买盘
2257,11:25:15,8.08,--,98,79184,买盘
2258,11:25:12,8.08,0.01,12,9696,买盘
2259,11:25:09,8.07,-0.01,326,263082,卖盘
2260,11:25:06,8.08,0.01,1,808,买盘
2261,11:25:03,8.07,-0.01,689,556023,卖盘
2262,11:25:00,8.08,--,23,18584,买盘
2263,11:24:57,8.08,--,75,60600,买盘
2264,11:24:54,8.08,--,37,29896,买盘
2265,11:24:51,8.08,--,10,8080,买盘
2266,11:24:48,8.08,--,51,41208,买盘
2267,11:24:45,8.08,0.01,25,20200,买盘
2268,11:24:42,8.07,-0.01,13,10491,卖盘
2269,11:24:39,8.08,0.01,163,131704,买盘
2270,11:24:36,8.07,--,55,44385,卖盘
2271,11:24:33,8.07,-0.01,550,443850,卖盘
2272,11:24:27,8.08,0.01,37,29896,买盘
2273,11:24:24,8.07,-0.01,30,24210,卖盘
2274,11:24:21,8.08,--,236,190688,买盘
2275,11:24:18,8.08,--,886,716534,卖盘
2276,11:24:15,8.08,--,24,19392,卖盘
2277,11:24:12,8.08,-0.01,201,162408,卖盘
2278,11:24:09,8.09,0.01,604,488636,买盘
2279,11:24:06,8.08,--,71,57368,卖盘
2280,11:23:57,8.08,-0.01,32,25856,卖盘
2281,11:23:54,8.09,0.01,64,51776,买盘
2282,11:23:51,8.08,--,254,205232,卖盘
2283,11:23:48,8.08,--,173,139784,卖盘
2284,11:23:45,8.08,--,1096,885729,买盘
2285,11:23:42,8.08,--,25,20200,买盘
2286,11:23:39,8.08,--,230,185840,买盘
2287,11:23:36,8.08,--,76,61408,买盘
2288,11:23:33,8.08,0.01,42,33936,买盘
2289,11:23:30,8.07,--,41,33087,卖盘
2290,11:23:27,8.07,-0.01,87,70209,卖盘
2291,11:23:24,8.08,--,300,242400,买盘
2292,11:23:21,8.08,--,202,163216,买盘
2293,11:23:18,8.08,--,49,39592,买盘
2294,11:23:15,8.08,--,207,167256,买盘
2295,11:23:12,8.08,--,464,374912,买盘
2296,11:23:09,8.08,0.01,169,136552,买盘
2297,11:23:03,8.07,-0.01,105,84735,卖盘
2298,11:23:00,8.08,--,330,266640,买盘
2299,11:22:57,8.08,--,69,55752,买盘
2300,11:22:54,8.08,--,459,370872,买盘
2301,11:22:51,8.08,--,257,207656,买盘
2302,11:22:48,8.08,--,35,28280,买盘
2303,11:22:45,8.08,0.01,184,148672,买盘
2304,11:22:42,8.07,-0.01,86,69402,卖盘
2305,11:22:39,8.08,--,85,68680,买盘
2306,11:22:36,8.08,0.01,109,88072,买盘
2307,11:22:33,8.07,-0.01,64,51648,卖盘
2308,11:22:30,8.08,0.01,36,29088,买盘
2309,11:22:27,8.07,--,234,188838,卖盘
2310,11:22:24,8.07,--,248,200136,卖盘
2311,11:22:21,8.07,--,193,155751,卖盘
2312,11:22:18,8.07,--,13,10491,卖盘
2313,11:22:15,8.07,--,43,34701,卖盘
2314,11:22:12,8.07,--,98,79086,买盘
2315,11:22:09,8.07,--,130,104910,买盘
2316,11:22:06,8.07,0.01,4,3228,买盘
2317,11:22:03,8.06,-0.02,195,157170,卖盘
2318,11:22:00,8.08,--,192,155136,买盘
2319,11:21:57,8.08,--,16,12928,买盘
2320,11:21:54,8.08,0.01,25,20200,买盘
2321,11:21:51,8.07,--,270,217890,卖盘
2322,11:21:48,8.07,--,44,35508,卖盘
2323,11:21:45,8.07,--,111,89577,卖盘
2324,11:21:42,8.07,--,27,21789,卖盘
2325,11:21:39,8.07,0.01,1838,1483266,买盘
2326,11:21:36,8.06,-0.01,278,224068,卖盘
2327,11:21:33,8.07,--,38,30666,买盘
2328,11:21:30,8.07,0.01,60,48420,买盘
2329,11:21:27,8.06,-0.01,651,524706,卖盘
2330,11:21:24,8.07,0.01,41,33087,买盘
2331,11:21:21,8.06,--,34,27404,卖盘
2332,11:21:12,8.06,--,200,161200,卖盘
2333,11:21:09,8.06,-0.01,3,2418,卖盘
2334,11:21:06,8.07,0.01,49,39543,买盘
2335,11:21:03,8.06,--,22,17732,卖盘
2336,11:21:00,8.06,-0.01,6,4836,卖盘
2337,11:20:57,8.07,0.01,97,78279,买盘
2338,11:20:54,8.06,--,11,8866,卖盘
2339,11:20:51,8.06,--,275,221650,买盘
2340,11:20:48,8.06,--,358,288548,买盘
2341,11:20:45,8.06,--,76,61256,买盘
2342,11:20:42,8.06,0.01,626,504556,买盘
2343,11:20:39,8.05,-0.01,62,49910,卖盘
2344,11:20:36,8.06,--,50,40300,买盘
2345,11:20:33,8.06,0.01,10,8060,买盘
2346,11:20:30,8.05,-0.01,77,61985,卖盘
2347,11:20:27,8.06,--,24,19344,买盘
2348,11:20:24,8.06,0.01,109,87854,买盘
2349,11:20:21,8.05,-0.01,16,12880,卖盘
2350,11:20:18,8.06,0.01,12,9672,买盘
2351,11:20:15,8.05,--,261,210105,卖盘
2352,11:20:09,8.05,-0.01,149,119945,卖盘
2353,11:20:06,8.06,--,108,87048,买盘
2354,11:20:03,8.06,--,92,74152,买盘
2355,11:20:00,8.06,--,554,446524,买盘
2356,11:19:57,8.06,--,29,23374,买盘
2357,11:19:54,8.06,--,221,178126,买盘
2358,11:19:51,8.06,0.01,501,403806,买盘
2359,11:19:48,8.05,-0.01,51,41055,卖盘
2360,11:19:45,8.06,--,2,1612,买盘
2361,11:19:42,8.06,--,143,115258,买盘
2362,11:19:39,8.06,0.01,2,1612,买盘
2363,11:19:36,8.05,-0.01,24,19320,卖盘
2364,11:19:33,8.06,0.01,17,13702,买盘
2365,11:19:30,8.05,--,26,20930,卖盘
2366,11:19:27,8.05,-0.01,131,105455,卖盘
2367,11:19:24,8.06,--,5,4030,买盘
2368,11:19:21,8.06,--,574,462644,买盘
2369,11:19:18,8.06,0.01,115,92690,买盘
2370,11:19:15,8.05,--,200,161000,卖盘
2371,11:19:12,8.05,-0.01,145,116725,卖盘
2372,11:19:09,8.06,0.01,10,8060,买盘
2373,11:19:03,8.05,--,25,20125,卖盘
2374,11:19:00,8.05,--,11,8855,卖盘
2375,11:18:57,8.05,--,51,41650,买盘
2376,11:18:54,8.05,0.01,49,39445,买盘
2377,11:18:51,8.04,-0.01,212,170447,卖盘
2378,11:18:48,8.05,--,98,78890,买盘
2379,11:18:45,8.05,0.01,32,25760,买盘
2380,11:18:42,8.04,-0.01,231,185723,卖盘
2381,11:18:39,8.05,--,210,169050,买盘
2382,11:18:36,8.05,--,613,493465,买盘
2383,11:18:33,8.05,--,43,34615,买盘
2384,11:18:30,8.05,--,123,99015,买盘
2385,11:18:27,8.05,0.01,35,28175,买盘
2386,11:18:24,8.04,--,15,12059,卖盘
2387,11:18:21,8.04,--,23,18491,卖盘
2388,11:18:18,8.04,-0.01,7,5627,卖盘
2389,11:18:15,8.05,--,132,106260,买盘
2390,11:18:12,8.05,0.01,4000,3220000,买盘
2391,11:18:09,8.04,--,23,18491,卖盘
2392,11:18:06,8.04,--,126,101303,卖盘
2393,11:18:00,8.04,--,1,803,卖盘
2394,11:17:57,8.04,0.01,351,282203,买盘
2395,11:17:54,8.03,--,21,16863,卖盘
2396,11:17:51,8.03,--,41,32923,卖盘
2397,11:17:48,8.03,-0.01,132,105995,卖盘
2398,11:17:42,8.04,--,115,92459,买盘
2399,11:17:39,8.04,0.01,183,147131,买盘
2400,11:17:36,8.03,--,25,20075,卖盘
2401,11:17:33,8.03,-0.01,113,90739,卖盘
2402,11:17:30,8.04,0.01,85,68340,买盘
2403,11:17:27,8.03,--,14,11242,卖盘
2404,11:17:24,8.03,-0.01,148,118843,卖盘
2405,11:17:21,8.04,0.01,1,803,买盘
2406,11:17:15,8.03,--,161,129282,卖盘
2407,11:17:12,8.03,--,34,27301,卖盘
2408,11:17:09,8.03,-0.01,32,25695,卖盘
2409,11:17:03,8.04,0.01,24,19295,买盘
2410,11:17:00,8.03,--,10,8029,卖盘
2411,11:16:57,8.03,--,32,25695,卖盘
2412,11:16:54,8.03,-0.01,167,134101,卖盘
2413,11:16:51,8.04,--,85,68340,买盘
2414,11:16:45,8.04,0.01,118,94871,买盘
2415,11:16:39,8.03,--,236,189507,卖盘
2416,11:16:30,8.03,--,16,12847,卖盘
2417,11:16:27,8.03,-0.01,20,16059,卖盘
2418,11:16:24,8.04,--,421,338483,买盘
2419,11:16:21,8.04,--,6,4823,买盘
2420,11:16:18,8.04,--,243,195371,买盘
2421,11:16:15,8.04,--,97,77987,买盘
2422,11:16:12,8.04,0.01,82,65928,买盘
2423,11:16:09,8.03,-0.01,302,242505,卖盘
2424,11:16:06,8.04,--,28,22511,买盘
2425,11:16:03,8.04,--,1,803,买盘
2426,11:16:00,8.04,0.01,36,28943,买盘
2427,11:15:57,8.03,--,170,136510,卖盘
2428,11:15:54,8.03,-0.01,87,69861,卖盘
2429,11:15:51,8.04,0.01,58,46631,买盘
2430,11:15:48,8.03,-0.01,120,96359,卖盘
2431,11:15:45,8.04,--,89,71555,买盘
2432,11:15:42,8.04,0.01,285,229139,买盘
2433,11:15:39,8.03,-0.01,1,802,卖盘
2434,11:15:36,8.04,--,39,31355,买盘
2435,11:15:33,8.04,--,147,118187,买盘
2436,11:15:30,8.04,--,20,16079,买盘
2437,11:15:27,8.04,--,135,108539,买盘
2438,11:15:24,8.04,0.01,13,10451,买盘
2439,11:15:21,8.03,--,54,43362,卖盘
2440,11:15:18,8.03,-0.01,32,25695,卖盘
2441,11:15:15,8.04,0.01,4,3215,买盘
2442,11:15:12,8.03,-0.01,7,5621,卖盘
2443,11:15:09,8.04,0.01,189,151955,买盘
2444,11:15:06,8.03,--,34,27301,卖盘
2445,11:15:00,8.03,-0.01,42,33726,卖盘
2446,11:14:57,8.04,--,71,57083,买盘
2447,11:14:54,8.04,--,8,6431,买盘
2448,11:14:51,8.04,0.01,28,22511,买盘
2449,11:14:48,8.03,-0.01,81,65042,卖盘
2450,11:14:42,8.04,0.01,4,3215,买盘
2451,11:14:39,8.03,-0.01,165,132495,卖盘
2452,11:14:36,8.04,0.01,96,77183,买盘
2453,11:14:33,8.03,-0.01,56,44968,卖盘
2454,11:14:30,8.04,--,10,8039,买盘
2455,11:14:27,8.04,0.01,111,89243,买盘
2456,11:14:24,8.03,-0.01,20,16059,卖盘
2457,11:14:21,8.04,0.01,40,32159,买盘
2458,11:14:18,8.03,--,29,23286,卖盘
2459,11:14:15,8.03,--,7,5621,卖盘
2460,11:14:09,8.03,-0.01,210,168630,卖盘
2461,11:14:06,8.04,0.01,249,200195,买盘
2462,11:14:00,8.03,-0.01,22,17666,卖盘
2463,11:13:57,8.04,--,5,4019,买盘
2464,11:13:54,8.04,0.01,29,23315,买盘
2465,11:13:51,8.03,--,10,8029,卖盘
2466,11:13:48,8.03,-0.01,100,80300,卖盘
2467,11:13:42,8.04,0.01,11,8843,买盘
2468,11:13:39,8.03,-0.01,102,81906,卖盘
2469,11:13:36,8.04,0.01,35,28139,买盘
2470,11:13:33,8.03,--,1,802,卖盘
2471,11:13:30,8.03,--,28,22965,买盘
2472,11:13:27,8.03,-0.01,518,416275,卖盘
2473,11:13:24,8.04,0.01,65,52259,买盘
2474,11:13:21,8.03,--,158,126873,卖盘
2475,11:13:18,8.03,-0.01,85,68255,卖盘
2476,11:13:15,8.04,0.01,39,31355,买盘
2477,11:13:12,8.03,-0.01,18,14453,卖盘
2478,11:13:09,8.04,0.01,42,33768,买盘
2479,11:13:06,8.03,-0.01,43,34529,卖盘
2480,11:13:03,8.04,0.01,25,20099,买盘
2481,11:13:00,8.03,-0.01,382,306746,卖盘
2482,11:12:57,8.04,--,108,86831,买盘
2483,11:12:54,8.04,--,20,16079,买盘
2484,11:12:51,8.04,--,41,32964,买盘
2485,11:12:45,8.04,--,80,64319,买盘
2486,11:12:42,8.04,--,27,21707,买盘
2487,11:12:39,8.04,0.01,103,82811,买盘
2488,11:12:36,8.03,--,147,118040,卖盘
2489,11:12:33,8.03,-0.01,1,802,卖盘
2490,11:12:30,8.04,0.01,17,13667,买盘
2491,11:12:27,8.03,-0.01,132,105995,卖盘
2492,11:12:24,8.04,0.01,105,84419,买盘
2493,11:12:18,8.03,-0.01,3,2409,卖盘
2494,11:12:15,8.04,0.01,35,28622,买盘
2495,11:12:12,8.03,--,10,8029,卖盘
2496,11:12:09,8.03,--,9,7226,卖盘
2497,11:12:06,8.03,--,23,18469,卖盘
2498,11:12:03,8.03,--,8,6423,卖盘
2499,11:12:00,8.03,0.01,144,115631,买盘
2500,11:11:57,8.02,-0.01,11,8822,卖盘
2501,11:11:54,8.03,0.01,48,38544,买盘
2502,11:11:51,8.02,-0.01,18,14436,卖盘
2503,11:11:48,8.03,0.01,23,18469,买盘
2504,11:11:45,8.02,-0.02,4,3208,卖盘
2505,11:11:42,8.04,0.01,70,56279,买盘
2506,11:11:39,8.03,--,556,446467,买盘
2507,11:11:36,8.03,--,22,17666,买盘
2508,11:11:33,8.03,--,85,68255,买盘
2509,11:11:30,8.03,0.01,152,122055,买盘
2510,11:11:27,8.02,--,1,802,卖盘
2511,11:11:21,8.02,-0.01,27,21654,卖盘
2512,11:11:18,8.03,0.01,222,178266,买盘
2513,11:11:15,8.02,--,7,5614,卖盘
2514,11:11:12,8.02,-0.01,9,7218,卖盘
2515,11:11:09,8.03,--,23,18469,买盘
2516,11:11:06,8.03,--,9,7226,买盘
2517,11:11:03,8.03,--,124,99571,买盘
2518,11:11:00,8.03,--,16,12847,买盘
2519,11:10:57,8.03,--,324,260171,买盘
2520,11:10:54,8.03,--,427,342881,买盘
2521,11:10:51,8.03,0.01,18,14453,买盘
2522,11:10:48,8.02,-0.01,104,83408,卖盘
2523,11:10:45,8.03,0.01,70,56209,买盘
2524,11:10:42,8.02,--,8,6416,卖盘
2525,11:10:39,8.02,-0.01,150,120300,卖盘
2526,11:10:36,8.03,0.01,35,28104,买盘
2527,11:10:33,8.02,--,170,136340,卖盘
2528,11:10:27,8.02,-0.01,28,22456,卖盘
2529,11:10:24,8.03,0.01,102,81906,买盘
2530,11:10:21,8.02,--,11,8822,卖盘
2531,11:10:18,8.02,--,24,19248,卖盘
2532,11:10:15,8.02,--,27,21654,卖盘
2533,11:10:12,8.02,--,15,12030,卖盘
2534,11:10:09,8.02,--,20,16040,卖盘
2535,11:10:06,8.02,--,22,17644,卖盘
2536,11:10:03,8.02,--,23,18446,卖盘
2537,11:10:00,8.02,--,2,1604,卖盘
2538,11:09:57,8.02,-0.01,30,24060,卖盘
2539,11:09:54,8.03,--,19,15256,买盘
2540,11:09:51,8.03,0.01,43,34529,买盘
2541,11:09:48,8.02,-0.01,1,802,卖盘
2542,11:09:45,8.03,0.01,2,1605,买盘
2543,11:09:42,8.02,--,58,46516,卖盘
2544,11:09:33,8.02,--,3,2406,卖盘
2545,11:09:30,8.02,-0.01,172,137944,卖盘
2546,11:09:24,8.03,0.01,14,11242,买盘
2547,11:09:21,8.02,-0.01,218,174836,卖盘
2548,11:09:18,8.03,--,58,46573,买盘
2549,11:09:15,8.03,0.01,33,26498,买盘
2550,11:09:12,8.02,--,2001,1604802,卖盘
2551,11:09:09,8.02,--,53,42506,卖盘
2552,11:09:03,8.02,-0.01,44,35288,卖盘
2553,11:09:00,8.03,0.01,227,182281,买盘
2554,11:08:57,8.02,-0.01,30,24060,卖盘
2555,11:08:54,8.03,--,20,16059,买盘
2556,11:08:51,8.03,0.01,78,62633,买盘
2557,11:08:48,8.02,-0.01,35,28070,卖盘
2558,11:08:45,8.03,0.01,62,49785,买盘
2559,11:08:42,8.02,--,150,120300,卖盘
2560,11:08:39,8.02,-0.01,49,39298,卖盘
2561,11:08:36,8.03,0.01,1,802,买盘
2562,11:08:33,8.02,--,34,27268,卖盘
2563,11:08:30,8.02,--,2,1604,卖盘
2564,11:08:24,8.02,-0.01,31,24862,卖盘
2565,11:08:21,8.03,--,159,127676,买盘
2566,11:08:18,8.03,0.01,28,22484,买盘
2567,11:08:15,8.02,--,20,16040,卖盘
2568,11:08:12,8.02,-0.01,36,28872,卖盘
2569,11:08:09,8.03,0.01,125,100374,买盘
2570,11:08:06,8.02,--,212,170024,卖盘
2571,11:08:03,8.02,-0.01,63,50526,卖盘
2572,11:08:00,8.03,--,28,22484,买盘
2573,11:07:57,8.03,--,2,1605,买盘
2574,11:07:54,8.03,0.01,20,16059,买盘
2575,11:07:51,8.02,-0.01,164,131528,卖盘
2576,11:07:48,8.03,--,15,12044,买盘
2577,11:07:45,8.03,0.01,79,63436,买盘
2578,11:07:42,8.02,-0.01,25,20050,卖盘
2579,11:07:39,8.03,0.01,2,1605,买盘
2580,11:07:36,8.02,-0.01,4,3208,卖盘
2581,11:07:33,8.03,0.01,155,124464,买盘
2582,11:07:30,8.02,-0.01,67,53734,卖盘
2583,11:07:27,8.03,--,32,25695,买盘
2584,11:07:24,8.03,--,33,26498,买盘
2585,11:07:21,8.03,--,262,210385,买盘
2586,11:07:18,8.03,0.01,225,180675,买盘
2587,11:07:15,8.02,--,2,1604,卖盘
2588,11:07:12,8.02,--,18,14436,卖盘
2589,11:07:09,8.02,--,162,129924,卖盘
2590,11:07:06,8.02,--,109,87418,卖盘
2591,11:07:03,8.02,--,153,122706,卖盘
2592,11:07:00,8.02,--,31,24862,卖盘
2593,11:06:57,8.02,-0.01,29,23258,卖盘
2594,11:06:54,8.03,0.01,33,26498,买盘
2595,11:06:51,8.02,-0.01,226,181252,卖盘
2596,11:06:48,8.03,--,172,138116,买盘
2597,11:06:45,8.03,--,63,50588,买盘
2598,11:06:42,8.03,0.01,60,48179,买盘
2599,11:06:39,8.02,--,44,35288,卖盘
2600,11:06:36,8.02,--,5,4010,卖盘
2601,11:06:33,8.02,-0.01,31,24862,卖盘
2602,11:06:30,8.03,0.01,290,232869,买盘
2603,11:06:27,8.02,--,102,81804,卖盘
2604,11:06:24,8.02,--,73,58546,卖盘
2605,11:06:21,8.02,--,14,11228,卖盘
2606,11:06:18,8.02,--,11,8822,卖盘
2607,11:06:15,8.02,--,34,27268,卖盘
2608,11:06:12,8.02,-0.01,137,109874,卖盘
2609,11:06:09,8.03,0.01,20,16059,买盘
2610,11:06:06,8.02,--,11,8822,卖盘
2611,11:06:03,8.02,--,396,317592,卖盘
2612,11:06:00,8.02,--,68,54536,卖盘
2613,11:05:57,8.02,-0.01,13,10426,卖盘
2614,11:05:54,8.03,0.01,78,62633,买盘
2615,11:05:51,8.02,--,105,84210,卖盘
2616,11:05:48,8.02,-0.01,82,65764,卖盘
2617,11:05:45,8.03,--,133,106798,买盘
2618,11:05:39,8.03,0.01,2,1605,买盘
2619,11:05:36,8.02,--,43,34486,卖盘
2620,11:05:33,8.02,-0.01,3,2406,卖盘
2621,11:05:27,8.03,0.01,76,61027,买盘
2622,11:05:24,8.02,--,3,2406,卖盘
2623,11:05:21,8.02,-0.01,26,20852,卖盘
2624,11:05:18,8.03,0.01,1,802,买盘
2625,11:05:15,8.02,--,110,88220,卖盘
2626,11:05:12,8.02,--,3,2406,卖盘
2627,11:05:06,8.02,-0.01,44,35288,卖盘
2628,11:05:03,8.03,--,529,424786,买盘
2629,11:05:00,8.03,--,153,122858,买盘
2630,11:04:57,8.03,--,20,16059,买盘
2631,11:04:54,8.03,0.01,128,102783,买盘
2632,11:04:51,8.02,--,24,19248,卖盘
2633,11:04:48,8.02,--,44,35288,卖盘
2634,11:04:45,8.02,-0.01,85,68170,卖盘
2635,11:04:42,8.03,0.01,204,163812,买盘
2636,11:04:39,8.02,--,100,80200,卖盘
2637,11:04:36,8.02,--,37,29674,卖盘
2638,11:04:33,8.02,--,322,258244,卖盘
2639,11:04:30,8.02,--,186,149172,卖盘
2640,11:04:27,8.02,--,3,2406,卖盘
2641,11:04:24,8.02,-0.01,247,198094,卖盘
2642,11:04:21,8.03,0.01,108,86724,买盘
2643,11:04:18,8.02,--,33,26786,卖盘
2644,11:04:15,8.02,--,11,8822,卖盘
2645,11:04:12,8.02,--,77,61754,卖盘
2646,11:04:09,8.02,--,52,41704,卖盘
2647,11:04:06,8.02,--,14,11228,卖盘
2648,11:04:03,8.02,-0.01,9,7218,卖盘
2649,11:04:00,8.03,0.01,59,47376,买盘
2650,11:03:57,8.02,--,22,18285,买盘
2651,11:03:54,8.02,0.01,20,16040,买盘
2652,11:03:51,8.01,-0.01,82,65682,卖盘
2653,11:03:48,8.02,--,9,7218,买盘
2654,11:03:45,8.02,--,1,802,买盘
2655,11:03:42,8.02,--,163,130886,卖盘
2656,11:03:39,8.02,--,407,326414,卖盘
2657,11:03:33,8.02,--,100,80200,卖盘
2658,11:03:30,8.02,-0.01,100,80200,卖盘
2659,11:03:27,8.03,--,2,1605,买盘
2660,11:03:24,8.03,0.01,71,57012,买盘
2661,11:03:21,8.02,--,92,73784,卖盘
2662,11:03:15,8.02,-0.01,270,216540,卖盘
2663,11:03:12,8.03,--,3,2409,买盘
2664,11:03:09,8.03,--,42,33726,买盘
2665,11:03:06,8.03,0.01,12,9636,买盘
2666,11:03:03,8.02,--,1384,1110609,买盘
2667,11:03:00,8.02,--,33,26466,买盘
2668,11:02:57,8.02,--,441,353682,买盘
2669,11:02:54,8.02,0.01,166,133132,买盘
2670,11:02:48,8.01,-0.01,13,10413,卖盘
2671,11:02:45,8.02,--,3,2406,买盘
2672,11:02:39,8.02,--,20,16040,买盘
2673,11:02:33,8.02,--,22,17644,买盘
2674,11:02:24,8.02,0.01,50,40100,买盘
2675,11:02:21,8.01,--,28,22428,卖盘
2676,11:02:18,8.01,--,2,1602,卖盘
2677,11:02:15,8.01,--,5,4005,卖盘
2678,11:02:12,8.01,-0.01,117,93717,卖盘
2679,11:02:06,8.02,0.01,104,83408,买盘
2680,11:02:03,8.01,--,15,12015,卖盘
2681,11:02:00,8.01,-0.01,30,24030,卖盘
2682,11:01:57,8.02,--,37,29674,买盘
2683,11:01:54,8.02,0.01,20,16040,买盘
2684,11:01:51,8.01,--,12,9612,卖盘
2685,11:01:48,8.01,--,14,11214,卖盘
2686,11:01:45,8.01,--,17,13617,卖盘
2687,11:01:42,8.01,--,40,32040,卖盘
2688,11:01:39,8.01,-0.01,60,48060,卖盘
2689,11:01:33,8.02,--,32,25664,买盘
2690,11:01:30,8.02,--,80,64160,买盘
2691,11:01:27,8.02,0.01,10,8020,买盘
2692,11:01:24,8.01,--,14,11214,卖盘
2693,11:01:21,8.01,-0.01,127,101727,卖盘
2694,11:01:18,8.02,--,12,9624,买盘
2695,11:01:12,8.02,0.01,104,83408,买盘
2696,11:01:09,8.01,--,46,36846,卖盘
2697,11:01:06,8.01,--,104,83304,卖盘
2698,11:01:03,8.01,--,30,24030,卖盘
2699,11:01:00,8.01,--,12,9612,卖盘
2700,11:00:57,8.01,--,28,22428,卖盘
2701,11:00:54,8.01,-0.01,9,7209,卖盘
2702,11:00:51,8.02,0.01,3,2406,买盘
2703,11:00:48,8.01,-0.01,2,1602,卖盘
2704,11:00:45,8.02,--,409,328018,买盘
2705,11:00:42,8.02,0.01,5,4010,买盘
2706,11:00:39,8.01,--,183,146583,卖盘
2707,11:00:36,8.01,--,8,6408,卖盘
2708,11:00:33,8.01,--,67,53667,卖盘
2709,11:00:30,8.01,--,57,45657,卖盘
2710,11:00:27,8.01,--,22,17622,卖盘
2711,11:00:24,8.01,--,2,1602,卖盘
2712,11:00:21,8.01,-0.01,530,424530,卖盘
2713,11:00:18,8.02,--,62,49724,买盘
2714,11:00:15,8.02,--,134,107468,买盘
2715,11:00:12,8.02,0.01,29,23258,买盘
2716,11:00:09,8.01,-0.01,100,80100,卖盘
2717,11:00:06,8.02,0.01,14,11228,买盘
2718,11:00:03,8.01,--,61,48861,卖盘
2719,10:59:57,8.01,-0.01,7,5607,卖盘
2720,10:59:54,8.02,--,212,170024,买盘
2721,10:59:51,8.02,--,10,8020,买盘
2722,10:59:48,8.02,--,12,9624,买盘
2723,10:59:45,8.02,0.01,12,9624,买盘
2724,10:59:42,8.01,--,172,137772,卖盘
2725,10:59:39,8.01,-0.01,90,72090,卖盘
2726,10:59:33,8.02,--,23,18446,买盘
2727,10:59:30,8.02,0.01,34,27268,买盘
2728,10:59:27,8.01,-0.01,9,7209,卖盘
2729,10:59:24,8.02,0.01,126,101052,买盘
2730,10:59:21,8.01,--,16,12816,卖盘
2731,10:59:18,8.01,-0.01,113,90513,卖盘
2732,10:59:15,8.02,--,190,152380,买盘
2733,10:59:12,8.02,0.01,39,31278,买盘
2734,10:59:09,8.01,--,51,40851,卖盘
2735,10:59:06,8.01,-0.01,23,18423,卖盘
2736,10:59:03,8.02,--,51,40902,买盘
2737,10:59:00,8.02,--,24,19408,卖盘
2738,10:58:57,8.02,--,66,52932,卖盘
2739,10:58:54,8.02,--,145,116931,买盘
2740,10:58:51,8.02,0.01,127,101854,买盘
2741,10:58:45,8.01,-0.01,35,28035,卖盘
2742,10:58:39,8.02,--,10,8020,买盘
2743,10:58:36,8.02,0.01,120,96240,买盘
2744,10:58:33,8.01,--,2,1602,卖盘
2745,10:58:30,8.01,-0.01,11,8811,卖盘
2746,10:58:27,8.02,--,507,406614,买盘
2747,10:58:24,8.02,--,116,93032,买盘
2748,10:58:21,8.02,--,99,79398,买盘
2749,10:58:18,8.02,--,51,40902,买盘
2750,10:58:15,8.02,0.01,20,16040,买盘
2751,10:58:12,8.01,-0.01,118,94518,卖盘
2752,10:58:09,8.02,--,153,122706,买盘
2753,10:58:06,8.02,--,38,30476,买盘
2754,10:58:03,8.02,--,206,165212,买盘
2755,10:58:00,8.02,--,106,85012,买盘
2756,10:57:57,8.02,0.01,100,80200,买盘
2757,10:57:54,8.01,-0.01,15,12015,卖盘
2758,10:57:51,8.02,--,218,174836,买盘
2759,10:57:48,8.02,--,100,80200,买盘
2760,10:57:45,8.02,--,49,39298,买盘
2761,10:57:42,8.02,--,210,168420,买盘
2762,10:57:39,8.02,--,35,28070,买盘
2763,10:57:36,8.02,0.01,44,35288,买盘
2764,10:57:33,8.01,-0.01,115,92115,卖盘
2765,10:57:30,8.02,0.01,48,38496,买盘
2766,10:57:27,8.01,-0.01,61,48861,卖盘
2767,10:57:24,8.02,--,25,20050,买盘
2768,10:57:21,8.02,0.01,21,16842,买盘
2769,10:57:18,8.01,--,36,28836,卖盘
2770,10:57:15,8.01,-0.01,100,80100,卖盘
2771,10:57:12,8.02,0.01,118,94636,买盘
2772,10:57:09,8.01,--,200,160200,卖盘
2773,10:57:06,8.01,--,60,48060,卖盘
2774,10:57:03,8.01,--,284,227484,买盘
2775,10:57:00,8.01,0.01,166,132966,买盘
2776,10:56:57,8.0,--,3,2400,卖盘
2777,10:56:54,8.0,-0.01,35,28000,卖盘
2778,10:56:51,8.01,--,20,16020,买盘
2779,10:56:48,8.01,--,111,88911,买盘
2780,10:56:45,8.01,--,193,154593,买盘
2781,10:56:42,8.01,--,216,173016,买盘
2782,10:56:39,8.01,--,30,24030,买盘
2783,10:56:36,8.01,0.01,650,520650,买盘
2784,10:56:33,8.0,-0.01,48,38400,卖盘
2785,10:56:30,8.01,--,9,7209,买盘
2786,10:56:27,8.01,0.01,632,506232,买盘
2787,10:56:24,8.0,--,23,18400,卖盘
2788,10:56:21,8.0,-0.01,60,48000,卖盘
2789,10:56:12,8.01,0.01,29,23229,买盘
2790,10:56:09,8.0,--,175,140000,买盘
2791,10:56:06,8.0,0.01,15,12000,买盘
2792,10:56:03,7.99,--,88,70312,卖盘
2793,10:56:00,7.99,-0.01,27,21573,卖盘
2794,10:55:57,8.0,--,31,24800,买盘
2795,10:55:54,8.0,--,12,9600,买盘
2796,10:55:51,8.0,0.01,1209,967200,买盘
2797,10:55:48,7.99,--,37,29563,卖盘
2798,10:55:45,7.99,--,1,799,卖盘
2799,10:55:42,7.99,-0.01,8,6392,卖盘
2800,10:55:39,8.0,--,28,22400,买盘
2801,10:55:36,8.0,0.01,27,21600,买盘
2802,10:55:33,7.99,-0.01,5,3995,卖盘
2803,10:55:30,8.0,0.01,63,50400,买盘
2804,10:55:27,7.99,--,83,66317,卖盘
2805,10:55:24,7.99,-0.01,5,3995,卖盘
2806,10:55:21,8.0,0.01,15,12000,买盘
2807,10:55:18,7.99,--,22,17578,卖盘
2808,10:55:15,7.99,--,28,22372,卖盘
2809,10:55:06,7.99,--,8,6392,卖盘
2810,10:55:03,7.99,--,28,22372,卖盘
2811,10:55:00,7.99,--,199,159001,卖盘
2812,10:54:57,7.99,--,8,6392,卖盘
2813,10:54:54,7.99,--,27,21573,卖盘
2814,10:54:48,7.99,--,32,25568,卖盘
2815,10:54:45,7.99,-0.01,46,36754,卖盘
2816,10:54:42,8.0,0.01,9,7200,买盘
2817,10:54:36,7.99,--,8,6392,卖盘
2818,10:54:33,7.99,--,45,35955,卖盘
2819,10:54:30,7.99,-0.01,338,270062,卖盘
2820,10:54:27,8.0,0.01,50,40000,买盘
2821,10:54:24,7.99,-0.01,35,27965,卖盘
2822,10:54:21,8.0,0.01,47,37600,买盘
2823,10:54:15,7.99,--,8,6392,卖盘
2824,10:54:12,7.99,--,10,7990,卖盘
2825,10:54:09,7.99,-0.01,98,78302,卖盘
2826,10:54:06,8.0,0.01,50,40000,买盘
2827,10:54:03,7.99,--,52,41548,卖盘
2828,10:54:00,7.99,--,54,43146,卖盘
2829,10:53:57,7.99,--,2,1598,卖盘
2830,10:53:54,7.99,--,104,83096,卖盘
2831,10:53:48,7.99,--,31,24769,卖盘
2832,10:53:39,7.99,--,27,21573,卖盘
2833,10:53:33,7.99,--,87,69513,卖盘
2834,10:53:30,7.99,--,32,25568,卖盘
2835,10:53:27,7.99,-0.01,26,20774,卖盘
2836,10:53:24,8.0,--,10,8000,买盘
2837,10:53:18,8.0,0.01,50,40000,买盘
2838,10:53:15,7.99,--,33,26367,卖盘
2839,10:53:12,7.99,-0.01,228,182172,卖盘
2840,10:53:09,8.0,0.01,310,248000,买盘
2841,10:53:06,7.99,--,324,258876,卖盘
2842,10:53:03,7.99,-0.01,144,115056,卖盘
2843,10:53:00,8.0,0.01,13,10400,买盘
2844,10:52:57,7.99,--,29,23650,卖盘
2845,10:52:54,7.99,--,3,2397,卖盘
2846,10:52:51,7.99,--,27,21573,卖盘
2847,10:52:48,7.99,--,78,62322,卖盘
2848,10:52:45,7.99,--,20,15980,卖盘
2849,10:52:42,7.99,--,126,100674,卖盘
2850,10:52:39,7.99,-0.01,36,28764,卖盘
2851,10:52:36,8.0,0.01,15,12000,买盘
2852,10:52:33,7.99,--,50,39950,卖盘
2853,10:52:30,7.99,--,27,21573,卖盘
2854,10:52:27,7.99,--,275,219725,卖盘
2855,10:52:21,7.99,-0.01,22,17578,卖盘
2856,10:52:18,8.0,0.01,13,10400,中性盘
2857,10:52:09,7.99,-0.01,498,397902,卖盘
2858,10:52:03,8.0,0.01,22,17600,卖盘
2859,10:52:00,7.99,--,6,4794,卖盘
2860,10:51:57,7.99,-0.01,747,597492,卖盘
2861,10:51:54,8.0,0.01,145,116000,买盘
2862,10:51:51,7.99,--,23,18377,卖盘
2863,10:51:48,7.99,--,13,10387,卖盘
2864,10:51:45,7.99,--,31,24769,卖盘
