,time,price,change,volume,amount,type
0,15:00:03,11.68,-0.01,2414,2819552,卖盘
1,14:57:00,11.69,--,89,104041,买盘
2,14:56:57,11.69,0.01,42,49098,买盘
3,14:56:54,11.68,-0.01,29,33872,卖盘
4,14:56:51,11.69,0.01,143,167167,买盘
5,14:56:48,11.68,--,19,22192,卖盘
6,14:56:45,11.68,--,88,102784,卖盘
7,14:56:42,11.68,-0.01,80,93440,卖盘
8,14:56:39,11.69,0.01,5,5845,买盘
9,14:56:36,11.68,--,20,23360,卖盘
10,14:56:33,11.68,-0.01,34,39712,中性盘
11,14:56:30,11.69,0.01,278,324982,买盘
12,14:56:27,11.68,0.01,43,50224,买盘
13,14:56:24,11.67,--,259,302253,卖盘
14,14:56:21,11.67,-0.01,195,227565,卖盘
15,14:56:15,11.68,--,6,7008,买盘
16,14:56:12,11.68,--,31,36208,买盘
17,14:56:09,11.68,--,89,103952,买盘
18,14:56:06,11.68,-0.01,262,306716,卖盘
19,14:56:03,11.69,--,119,139111,买盘
20,14:56:00,11.69,0.01,222,259518,买盘
21,14:55:57,11.68,--,326,380768,卖盘
22,14:55:54,11.68,--,4,4672,卖盘
23,14:55:51,11.68,-0.01,54,63072,卖盘
24,14:55:48,11.69,0.01,67,78323,买盘
25,14:55:45,11.68,-0.01,50,58400,卖盘
26,14:55:42,11.69,0.01,150,175350,买盘
27,14:55:39,11.68,-0.01,182,212576,卖盘
28,14:55:36,11.69,0.01,137,160153,买盘
29,14:55:33,11.68,--,258,301344,卖盘
30,14:55:30,11.68,--,3,3504,卖盘
31,14:55:27,11.68,--,442,516256,卖盘
32,14:55:24,11.68,-0.01,345,402960,卖盘
33,14:55:21,11.69,--,100,116900,买盘
34,14:55:18,11.69,--,60,70140,买盘
35,14:55:15,11.69,0.01,19,22211,买盘
36,14:55:12,11.68,--,102,119603,买盘
37,14:55:09,11.68,--,230,268640,买盘
38,14:55:06,11.68,--,70,81760,买盘
39,14:55:03,11.68,--,336,392448,买盘
40,14:55:00,11.68,--,79,92272,买盘
41,14:54:57,11.68,-0.01,217,254156,卖盘
42,14:54:54,11.69,0.01,5,5845,买盘
43,14:54:51,11.68,--,72,84096,卖盘
44,14:54:48,11.68,-0.01,31,36208,卖盘
45,14:54:45,11.69,--,39,45591,买盘
46,14:54:42,11.69,0.01,16,18704,买盘
47,14:54:39,11.68,--,14,16352,卖盘
48,14:54:36,11.68,--,90,105120,卖盘
49,14:54:33,11.68,-0.01,37,43216,卖盘
50,14:54:30,11.69,0.01,7,8183,买盘
51,14:54:27,11.68,--,114,133152,卖盘
52,14:54:24,11.68,-0.01,55,64240,卖盘
53,14:54:21,11.69,0.01,56,65931,买盘
54,14:54:18,11.68,-0.01,87,102316,卖盘
55,14:54:15,11.69,--,39,45591,买盘
56,14:54:12,11.69,--,251,293419,买盘
57,14:54:09,11.69,0.01,11,12859,买盘
58,14:54:06,11.68,--,54,63072,卖盘
59,14:54:03,11.68,-0.01,5,5840,卖盘
60,14:54:00,11.69,0.01,38,44422,买盘
61,14:53:57,11.68,--,30,35507,买盘
62,14:53:54,11.68,--,100,116800,买盘
63,14:53:51,11.68,--,87,102316,卖盘
64,14:53:48,11.68,-0.01,32,37376,卖盘
65,14:53:45,11.69,0.01,12,14495,买盘
66,14:53:42,11.68,0.01,37,43216,买盘
67,14:53:39,11.67,-0.01,104,121368,卖盘
68,14:53:36,11.68,-0.01,201,234768,卖盘
69,14:53:33,11.69,0.01,34,39746,买盘
70,14:53:30,11.68,-0.01,190,221920,卖盘
71,14:53:27,11.69,--,9,10521,买盘
72,14:53:24,11.69,--,140,163660,买盘
73,14:53:21,11.69,--,213,248997,买盘
74,14:53:18,11.69,0.01,40,46760,买盘
75,14:53:15,11.68,--,359,419312,卖盘
76,14:53:12,11.68,--,80,93440,卖盘
77,14:53:06,11.68,-0.01,33,38544,卖盘
78,14:53:00,11.69,0.01,14,16366,买盘
79,14:52:57,11.68,--,10,11680,卖盘
80,14:52:54,11.68,--,108,126144,卖盘
81,14:52:51,11.68,--,26,30368,买盘
82,14:52:48,11.68,--,185,216080,买盘
83,14:52:45,11.68,--,51,59568,买盘
84,14:52:42,11.68,--,949,1108432,卖盘
85,14:52:39,11.68,-0.01,100,116800,卖盘
86,14:52:36,11.69,--,20,23380,买盘
87,14:52:33,11.69,--,107,125083,买盘
88,14:52:27,11.69,--,24,28056,买盘
89,14:52:21,11.69,0.01,64,74816,买盘
90,14:52:18,11.68,--,8,9344,卖盘
91,14:52:15,11.68,--,10,11680,卖盘
92,14:52:12,11.68,-0.01,41,47888,卖盘
93,14:52:06,11.69,--,12,14028,买盘
94,14:52:03,11.69,--,63,73647,买盘
95,14:52:00,11.69,0.01,35,40915,买盘
96,14:51:57,11.68,--,39,45552,卖盘
97,14:51:54,11.68,-0.01,40,46720,卖盘
98,14:51:51,11.69,0.01,80,93520,买盘
99,14:51:48,11.68,--,29,33872,卖盘
100,14:51:45,11.68,--,100,116800,卖盘
101,14:51:42,11.68,-0.01,109,127312,卖盘
102,14:51:39,11.69,0.01,104,121576,买盘
103,14:51:36,11.68,--,35,40880,卖盘
104,14:51:33,11.68,-0.01,17,19856,卖盘
105,14:51:30,11.69,--,62,72478,买盘
106,14:51:27,11.69,0.01,27,31563,买盘
107,14:51:24,11.68,--,33,38544,卖盘
108,14:51:21,11.68,--,58,67744,卖盘
109,14:51:18,11.68,-0.01,11,12848,卖盘
110,14:51:15,11.69,--,24,28056,买盘
111,14:51:12,11.69,0.01,14,16366,买盘
112,14:51:09,11.68,-0.01,16,18688,卖盘
113,14:51:03,11.69,--,14,16366,买盘
114,14:51:00,11.69,--,96,112224,买盘
115,14:50:57,11.69,0.01,56,65464,买盘
116,14:50:54,11.68,--,15,17520,卖盘
117,14:50:51,11.68,-0.01,30,35040,卖盘
118,14:50:48,11.69,0.01,117,136773,买盘
119,14:50:45,11.68,-0.01,199,232432,卖盘
120,14:50:42,11.69,0.01,44,51436,买盘
121,14:50:39,11.68,--,128,149504,卖盘
122,14:50:36,11.68,--,26,30368,卖盘
123,14:50:33,11.68,-0.01,107,124976,卖盘
124,14:50:30,11.69,--,15,17535,买盘
125,14:50:27,11.69,0.01,6,7014,买盘
126,14:50:24,11.68,-0.01,3,3504,卖盘
127,14:50:21,11.69,0.01,25,29225,买盘
128,14:50:18,11.68,--,10,11680,卖盘
129,14:50:12,11.68,-0.01,17,19856,卖盘
130,14:50:09,11.69,0.01,5,5845,买盘
131,14:50:06,11.68,--,41,47888,卖盘
132,14:50:00,11.68,--,97,113296,买盘
133,14:49:57,11.68,--,10,11680,买盘
134,14:49:54,11.68,--,74,86432,买盘
135,14:49:51,11.68,0.01,152,177536,卖盘
136,14:49:48,11.67,-0.01,14,16338,卖盘
137,14:49:45,11.68,-0.01,408,476544,卖盘
138,14:49:42,11.69,--,24,28056,买盘
139,14:49:39,11.69,0.01,32,37408,买盘
140,14:49:36,11.68,--,6,7008,卖盘
141,14:49:33,11.68,--,184,214912,卖盘
142,14:49:30,11.68,-0.01,258,301344,卖盘
143,14:49:27,11.69,0.01,130,151970,买盘
144,14:49:24,11.68,-0.01,108,126459,卖盘
145,14:49:21,11.69,0.01,69,80661,买盘
146,14:49:18,11.68,--,211,246448,卖盘
147,14:49:15,11.68,--,1,1168,卖盘
148,14:49:12,11.68,-0.01,60,70080,卖盘
149,14:49:09,11.69,0.01,10,11690,买盘
150,14:49:03,11.68,-0.01,13,15184,卖盘
151,14:49:00,11.69,0.01,104,121576,买盘
152,14:48:57,11.68,--,26,30368,卖盘
153,14:48:54,11.68,--,21,24528,买盘
154,14:48:51,11.68,--,14,16352,买盘
155,14:48:48,11.68,--,56,65408,卖盘
156,14:48:45,11.68,--,39,45552,卖盘
157,14:48:42,11.68,--,207,241776,买盘
158,14:48:39,11.68,--,39,45552,买盘
159,14:48:36,11.68,0.01,49,57232,买盘
160,14:48:33,11.67,--,255,297585,卖盘
161,14:48:30,11.67,-0.01,5,5835,卖盘
162,14:48:27,11.68,0.01,317,370256,买盘
163,14:48:24,11.67,-0.01,169,197223,卖盘
164,14:48:21,11.68,--,106,123808,买盘
165,14:48:18,11.68,--,54,63072,买盘
166,14:48:15,11.68,--,35,40880,买盘
167,14:48:12,11.68,--,92,107456,买盘
168,14:48:09,11.68,--,50,58400,买盘
169,14:48:06,11.68,--,5,5840,买盘
170,14:48:03,11.68,--,20,23360,买盘
171,14:48:00,11.68,0.01,14,16352,买盘
172,14:47:57,11.67,-0.01,24,28008,卖盘
173,14:47:54,11.68,--,35,40880,买盘
174,14:47:51,11.68,--,226,263968,买盘
175,14:47:48,11.68,0.01,130,151840,买盘
176,14:47:45,11.67,--,231,269577,卖盘
177,14:47:42,11.67,-0.01,45,52515,卖盘
178,14:47:39,11.68,0.01,56,65408,买盘
179,14:47:36,11.67,--,53,61851,卖盘
180,14:47:33,11.67,-0.01,120,140040,卖盘
181,14:47:30,11.68,--,279,325872,买盘
182,14:47:27,11.68,0.01,103,120304,买盘
183,14:47:24,11.67,-0.01,133,155211,卖盘
184,14:47:21,11.68,0.01,173,202064,买盘
185,14:47:18,11.67,--,123,143541,卖盘
186,14:47:15,11.67,--,260,303420,卖盘
187,14:47:12,11.67,--,104,121368,卖盘
188,14:47:09,11.67,-0.01,177,206559,卖盘
189,14:47:06,11.68,0.01,22,25696,买盘
190,14:47:03,11.67,-0.01,15,17505,卖盘
191,14:47:00,11.68,--,315,367920,买盘
192,14:46:57,11.68,--,574,670432,买盘
193,14:46:51,11.68,0.01,58,67744,买盘
194,14:46:48,11.67,--,14,16338,卖盘
195,14:46:45,11.67,--,23,26841,卖盘
196,14:46:42,11.67,--,248,290501,卖盘
197,14:46:39,11.67,--,105,122535,卖盘
198,14:46:36,11.67,--,110,128370,卖盘
199,14:46:33,11.67,-0.01,107,124869,卖盘
200,14:46:30,11.68,--,155,181040,买盘
201,14:46:27,11.68,--,169,197392,买盘
202,14:46:24,11.68,-0.01,525,613200,卖盘
203,14:46:21,11.69,0.01,139,162491,买盘
204,14:46:18,11.68,--,879,1026672,卖盘
205,14:46:15,11.68,--,89,103952,卖盘
206,14:46:12,11.68,-0.01,311,363248,卖盘
207,14:46:09,11.69,0.01,39,45591,买盘
208,14:46:06,11.68,-0.01,3,3504,卖盘
209,14:46:03,11.69,--,160,187040,买盘
210,14:46:00,11.69,--,308,360052,买盘
211,14:45:57,11.69,--,415,485135,买盘
212,14:45:54,11.69,0.01,57,66633,买盘
213,14:45:51,11.68,--,313,365584,卖盘
214,14:45:48,11.68,-0.01,10,11680,卖盘
215,14:45:45,11.69,--,93,108717,买盘
216,14:45:42,11.69,--,164,191716,买盘
217,14:45:39,11.69,--,63,73647,买盘
218,14:45:36,11.69,-0.01,35,40915,中性盘
219,14:45:33,11.7,0.01,80,93600,买盘
220,14:45:30,11.69,--,129,150801,买盘
221,14:45:27,11.69,0.01,33,38577,中性盘
222,14:45:24,11.68,-0.01,116,135488,卖盘
223,14:45:21,11.69,0.01,20,23380,中性盘
224,14:45:18,11.68,--,73,85264,卖盘
225,14:45:15,11.68,-0.02,16,18688,卖盘
226,14:45:12,11.7,--,93,108810,买盘
227,14:45:09,11.7,0.01,459,537030,买盘
228,14:45:06,11.69,-0.01,71,82999,卖盘
229,14:45:03,11.7,--,56,65519,买盘
230,14:45:00,11.7,--,41,47970,买盘
231,14:44:57,11.7,0.01,100,117000,买盘
232,14:44:54,11.69,-0.01,10,11690,卖盘
233,14:44:51,11.7,0.01,389,455130,买盘
234,14:44:48,11.69,--,1070,1250830,卖盘
235,14:44:45,11.69,-0.01,70,81830,卖盘
236,14:44:42,11.7,--,29,33930,买盘
237,14:44:39,11.7,0.01,24,28080,买盘
238,14:44:36,11.69,--,126,147294,卖盘
239,14:44:33,11.69,-0.01,382,446558,卖盘
240,14:44:30,11.7,-0.01,72,84240,中性盘
241,14:44:27,11.71,0.01,288,337248,买盘
242,14:44:24,11.7,--,276,322920,买盘
243,14:44:21,11.7,-0.01,33,38610,卖盘
244,14:44:18,11.71,0.01,326,381746,买盘
245,14:44:15,11.7,--,157,183690,买盘
246,14:44:12,11.7,--,98,114660,买盘
247,14:44:09,11.7,--,21,24570,买盘
248,14:44:06,11.7,--,12,14040,买盘
249,14:44:03,11.7,--,142,166140,卖盘
250,14:44:00,11.7,--,7,8189,卖盘
251,14:43:57,11.7,--,45,52650,卖盘
252,14:43:51,11.7,--,213,249209,买盘
253,14:43:48,11.7,--,136,159120,买盘
254,14:43:45,11.7,--,5,5850,买盘
255,14:43:42,11.7,--,84,98280,买盘
256,14:43:39,11.7,0.01,102,119340,买盘
257,14:43:36,11.69,-0.01,91,106379,卖盘
258,14:43:30,11.7,0.01,152,177840,买盘
259,14:43:27,11.69,--,2,2338,卖盘
260,14:43:24,11.69,--,63,73647,卖盘
261,14:43:21,11.69,-0.01,28,32732,卖盘
262,14:43:15,11.7,--,32,37440,买盘
263,14:43:12,11.7,0.01,277,324090,买盘
264,14:43:09,11.69,--,21,24549,卖盘
265,14:43:06,11.69,-0.01,2,2338,卖盘
266,14:43:00,11.7,--,188,219960,买盘
267,14:42:57,11.7,--,20,23400,买盘
268,14:42:54,11.7,0.01,82,95940,买盘
269,14:42:51,11.69,-0.01,113,132097,卖盘
270,14:42:48,11.7,--,49,57330,买盘
271,14:42:45,11.7,--,168,196560,买盘
272,14:42:42,11.7,--,26,30419,买盘
273,14:42:39,11.7,--,126,147420,买盘
274,14:42:36,11.7,--,32,37440,买盘
275,14:42:33,11.7,--,1,1170,买盘
276,14:42:30,11.7,--,65,76050,卖盘
277,14:42:27,11.7,--,11,12870,卖盘
278,14:42:24,11.7,--,14,16379,买盘
279,14:42:21,11.7,--,64,74880,买盘
280,14:42:18,11.7,--,10,11700,买盘
281,14:42:15,11.7,-0.01,184,215280,卖盘
282,14:42:12,11.71,--,64,74944,买盘
283,14:42:09,11.71,0.01,118,138178,买盘
284,14:42:06,11.7,--,50,58500,买盘
285,14:42:03,11.7,--,88,102960,买盘
286,14:42:00,11.7,-0.01,274,320580,卖盘
287,14:41:57,11.71,--,80,93680,买盘
288,14:41:51,11.71,--,14,16394,买盘
289,14:41:48,11.71,0.01,5,5855,卖盘
290,14:41:45,11.7,-0.01,31,36270,卖盘
291,14:41:42,11.71,0.01,17,19907,买盘
292,14:41:39,11.7,--,59,69030,卖盘
293,14:41:36,11.7,--,160,187200,卖盘
294,14:41:33,11.7,-0.01,273,319410,中性盘
295,14:41:30,11.71,--,114,133494,买盘
296,14:41:27,11.71,--,614,718994,买盘
297,14:41:24,11.71,--,1,1171,买盘
298,14:41:21,11.71,--,15,17565,中性盘
299,14:41:15,11.71,-0.01,10,11710,卖盘
300,14:41:12,11.72,0.01,14,16408,买盘
301,14:41:09,11.71,0.01,2,2342,卖盘
302,14:41:06,11.7,-0.01,221,258979,卖盘
303,14:41:03,11.71,-0.01,26,31207,卖盘
304,14:41:00,11.72,0.01,2,2344,买盘
305,14:40:57,11.71,--,4,4684,卖盘
306,14:40:51,11.71,0.01,74,87063,买盘
307,14:40:48,11.7,--,47,54990,卖盘
308,14:40:45,11.7,-0.01,51,59670,卖盘
309,14:40:42,11.71,0.01,106,124126,买盘
310,14:40:39,11.7,-0.01,127,149350,卖盘
311,14:40:36,11.71,0.01,10,11710,买盘
312,14:40:33,11.7,-0.01,30,35100,卖盘
313,14:40:30,11.71,0.01,40,46840,买盘
314,14:40:27,11.7,--,89,104130,卖盘
315,14:40:21,11.7,--,153,179419,买盘
316,14:40:18,11.7,--,1,1170,买盘
317,14:40:15,11.7,--,310,362700,买盘
318,14:40:12,11.7,--,115,134550,买盘
319,14:40:09,11.7,--,32,37440,买盘
320,14:40:06,11.7,-0.02,371,434772,卖盘
321,14:40:03,11.72,0.01,98,114856,买盘
322,14:40:00,11.71,--,38,44498,买盘
323,14:39:57,11.71,--,198,231858,买盘
324,14:39:51,11.71,0.01,72,84312,买盘
325,14:39:48,11.7,-0.01,20,23400,卖盘
326,14:39:42,11.71,0.01,24,28104,中性盘
327,14:39:39,11.7,--,87,101790,卖盘
328,14:39:36,11.7,-0.02,71,83070,卖盘
329,14:39:33,11.72,--,43,50396,买盘
330,14:39:30,11.72,--,834,977448,买盘
331,14:39:27,11.72,0.02,22,25784,买盘
332,14:39:24,11.7,-0.01,200,234000,卖盘
333,14:39:21,11.71,--,22,25762,买盘
334,14:39:18,11.71,0.01,23,26933,买盘
335,14:39:12,11.7,-0.02,103,120509,卖盘
336,14:39:09,11.72,0.02,10,11720,买盘
337,14:39:06,11.7,-0.02,535,625950,卖盘
338,14:39:03,11.72,-0.01,127,148844,中性盘
339,14:39:00,11.73,0.01,55,64515,买盘
340,14:38:57,11.72,--,150,175800,卖盘
341,14:38:54,11.72,--,686,803992,买盘
342,14:38:51,11.72,0.01,14,16408,买盘
343,14:38:48,11.71,--,7,8197,卖盘
344,14:38:45,11.71,--,14,16394,买盘
345,14:38:42,11.71,--,39,45669,买盘
346,14:38:39,11.71,--,344,402824,买盘
347,14:38:36,11.71,--,187,218977,买盘
348,14:38:33,11.71,--,159,186189,买盘
349,14:38:30,11.71,0.01,73,85483,买盘
350,14:38:27,11.7,-0.01,11,12870,卖盘
351,14:38:24,11.71,--,2,2342,买盘
352,14:38:21,11.71,--,216,252936,买盘
353,14:38:18,11.71,0.01,88,103048,买盘
354,14:38:15,11.7,-0.01,35,40950,卖盘
355,14:38:12,11.71,0.01,69,80799,买盘
356,14:38:09,11.7,--,46,53820,卖盘
357,14:38:06,11.7,-0.01,136,159120,卖盘
358,14:38:03,11.71,--,143,167453,买盘
359,14:38:00,11.71,--,32,37472,买盘
360,14:37:57,11.71,--,60,70260,买盘
361,14:37:54,11.71,-0.01,292,341932,卖盘
362,14:37:51,11.72,0.01,29,33988,买盘
363,14:37:48,11.71,-0.01,26,30446,卖盘
364,14:37:45,11.72,0.01,64,75008,买盘
365,14:37:42,11.71,-0.01,26,30446,卖盘
366,14:37:39,11.72,--,10,11720,买盘
367,14:37:36,11.72,--,1,1172,买盘
368,14:37:33,11.72,--,28,32816,买盘
369,14:37:30,11.72,0.01,15,17580,买盘
370,14:37:27,11.71,-0.01,147,172137,卖盘
371,14:37:24,11.72,--,12,14064,买盘
372,14:37:21,11.72,0.01,119,139468,买盘
373,14:37:18,11.71,-0.01,10,11710,卖盘
374,14:37:15,11.72,--,100,117200,买盘
375,14:37:12,11.72,0.01,14,16408,买盘
376,14:37:09,11.71,--,8,9368,买盘
377,14:37:06,11.71,--,92,107732,卖盘
378,14:37:03,11.71,--,15,17565,卖盘
379,14:37:00,11.71,--,5,5855,买盘
380,14:36:57,11.71,--,39,45669,卖盘
381,14:36:54,11.71,--,66,77286,卖盘
382,14:36:51,11.71,0.01,371,434441,买盘
383,14:36:48,11.7,-0.01,139,162630,卖盘
384,14:36:45,11.71,--,120,140988,买盘
385,14:36:42,11.71,0.01,36,42156,买盘
386,14:36:39,11.7,--,1,1170,卖盘
387,14:36:36,11.7,-0.01,18,21060,卖盘
388,14:36:33,11.71,--,80,93680,买盘
389,14:36:30,11.71,0.01,68,79628,买盘
390,14:36:27,11.7,--,25,29250,卖盘
391,14:36:24,11.7,-0.01,95,111150,卖盘
392,14:36:21,11.71,--,88,103048,卖盘
393,14:36:18,11.71,-0.01,46,53866,卖盘
394,14:36:15,11.72,--,220,257840,买盘
395,14:36:12,11.72,0.01,103,120716,买盘
396,14:36:09,11.71,--,12,14052,卖盘
397,14:36:06,11.71,--,8,9368,卖盘
398,14:36:03,11.71,-0.01,50,58550,卖盘
399,14:36:00,11.72,--,46,53912,买盘
400,14:35:57,11.72,0.01,174,203928,买盘
401,14:35:54,11.71,--,20,23420,卖盘
402,14:35:51,11.71,--,380,444980,卖盘
403,14:35:48,11.71,--,107,125297,卖盘
404,14:35:45,11.71,--,210,245910,卖盘
405,14:35:42,11.71,-0.01,134,156914,卖盘
406,14:35:39,11.72,0.01,58,67976,买盘
407,14:35:36,11.71,--,64,74944,卖盘
408,14:35:33,11.71,--,33,38643,卖盘
409,14:35:30,11.71,-0.01,138,161598,卖盘
410,14:35:27,11.72,--,120,140640,买盘
411,14:35:24,11.72,0.01,191,223852,买盘
412,14:35:21,11.71,--,153,179163,卖盘
413,14:35:18,11.71,--,267,312657,卖盘
414,14:35:12,11.71,--,74,86654,卖盘
415,14:35:09,11.71,--,65,76115,卖盘
416,14:35:06,11.71,-0.01,30,35130,卖盘
417,14:35:03,11.72,--,117,137124,买盘
418,14:35:00,11.72,--,74,86728,买盘
419,14:34:57,11.72,0.01,182,213304,买盘
420,14:34:54,11.71,-0.01,6,7026,卖盘
421,14:34:51,11.72,0.01,74,86728,买盘
422,14:34:48,11.71,-0.01,93,108903,卖盘
423,14:34:45,11.72,-0.01,39,45708,卖盘
424,14:34:42,11.73,0.01,20,23460,买盘
425,14:34:39,11.72,--,96,112512,卖盘
426,14:34:36,11.72,-0.01,10,11720,卖盘
427,14:34:33,11.73,--,43,50439,买盘
428,14:34:30,11.73,0.01,46,53958,买盘
429,14:34:27,11.72,--,23,26956,卖盘
430,14:34:24,11.72,-0.01,10,11720,卖盘
431,14:34:21,11.73,0.01,112,131376,买盘
432,14:34:18,11.72,-0.01,32,37504,卖盘
433,14:34:15,11.73,--,518,607614,买盘
434,14:34:12,11.73,--,355,416415,买盘
435,14:34:06,11.73,--,2074,2433505,卖盘
436,14:34:03,11.73,-0.01,130,152490,卖盘
437,14:34:00,11.74,0.01,66,77484,买盘
438,14:33:57,11.73,--,17,19941,卖盘
439,14:33:54,11.73,--,681,798813,卖盘
440,14:33:51,11.73,-0.01,64,75072,卖盘
441,14:33:48,11.74,0.01,59,69266,买盘
442,14:33:42,11.73,-0.01,115,134895,卖盘
443,14:33:39,11.74,0.01,209,245366,买盘
444,14:33:36,11.73,-0.01,12,14076,卖盘
445,14:33:30,11.74,0.01,35,41090,买盘
446,14:33:27,11.73,--,88,103224,卖盘
447,14:33:24,11.73,-0.01,31,36363,卖盘
448,14:33:21,11.74,0.01,14,16436,买盘
449,14:33:18,11.73,--,264,309672,卖盘
450,14:33:15,11.73,-0.01,15,17595,卖盘
451,14:33:12,11.74,--,35,41090,买盘
452,14:33:09,11.74,0.01,1,1174,买盘
453,14:33:06,11.73,-0.01,709,831657,卖盘
454,14:33:03,11.74,-0.01,203,238322,卖盘
455,14:33:00,11.75,--,44,51700,买盘
456,14:32:57,11.75,--,92,108100,买盘
457,14:32:54,11.75,--,2,2350,买盘
458,14:32:51,11.75,--,14,16450,买盘
459,14:32:48,11.75,--,81,95175,买盘
460,14:32:42,11.75,0.01,18,21150,买盘
461,14:32:39,11.74,-0.01,53,62222,卖盘
462,14:32:36,11.75,0.01,63,74025,买盘
463,14:32:33,11.74,-0.01,22,25828,卖盘
464,14:32:30,11.75,0.01,14,16450,买盘
465,14:32:27,11.74,--,20,23480,卖盘
466,14:32:24,11.74,-0.01,10,11740,卖盘
467,14:32:21,11.75,0.01,24,28200,买盘
468,14:32:18,11.74,--,50,58700,卖盘
469,14:32:15,11.74,--,127,149098,卖盘
470,14:32:12,11.74,-0.01,121,142054,卖盘
471,14:32:09,11.75,0.01,6,7050,买盘
472,14:32:06,11.74,-0.01,499,585826,卖盘
473,14:32:03,11.75,--,14,16450,买盘
474,14:32:00,11.75,--,37,43475,买盘
475,14:31:57,11.75,0.01,2,2350,买盘
476,14:31:54,11.74,--,319,374506,买盘
477,14:31:51,11.74,--,173,203102,卖盘
478,14:31:45,11.74,-0.01,7,8218,卖盘
479,14:31:42,11.75,--,14,16450,买盘
480,14:31:39,11.75,0.01,22,25850,卖盘
481,14:31:36,11.74,-0.01,75,88050,卖盘
482,14:31:33,11.75,-0.01,30,35250,卖盘
483,14:31:30,11.76,0.01,21,24696,买盘
484,14:31:27,11.75,-0.01,2,2350,卖盘
485,14:31:21,11.76,--,19,22344,买盘
486,14:31:12,11.76,0.01,14,16464,买盘
487,14:31:09,11.75,0.02,1,1175,中性盘
488,14:31:06,11.73,-0.02,204,239292,卖盘
489,14:31:03,11.75,-0.01,67,78725,卖盘
490,14:31:00,11.76,0.01,109,128184,买盘
491,14:30:54,11.75,--,11,12925,买盘
492,14:30:51,11.75,0.02,29,34075,中性盘
493,14:30:48,11.73,-0.03,2238,2625174,卖盘
494,14:30:42,11.76,0.01,16,18816,中性盘
495,14:30:36,11.75,-0.02,138,162150,卖盘
496,14:30:30,11.77,0.01,456,536712,买盘
497,14:30:21,11.76,--,40,47040,卖盘
498,14:30:18,11.76,--,6,7056,卖盘
499,14:30:15,11.76,0.01,10,11760,买盘
500,14:30:12,11.75,-0.01,83,97525,卖盘
501,14:30:09,11.76,0.01,247,290472,买盘
502,14:30:06,11.75,--,143,168025,卖盘
503,14:30:03,11.75,-0.01,102,119850,卖盘
504,14:30:00,11.76,--,40,47040,买盘
505,14:29:57,11.76,0.01,21,24696,买盘
506,14:29:54,11.75,-0.01,1,1175,卖盘
507,14:29:51,11.76,0.01,24,28224,买盘
508,14:29:48,11.75,-0.01,12,14100,卖盘
509,14:29:45,11.76,--,20,23520,买盘
510,14:29:42,11.76,0.01,64,75264,买盘
511,14:29:36,11.75,--,5,5875,卖盘
512,14:29:33,11.75,-0.01,146,171550,卖盘
513,14:29:30,11.76,0.01,15,17640,买盘
514,14:29:27,11.75,-0.01,45,52875,卖盘
515,14:29:24,11.76,--,43,50568,买盘
516,14:29:21,11.76,--,43,50568,买盘
517,14:29:12,11.76,--,14,16464,买盘
518,14:29:09,11.76,0.01,2,2352,买盘
519,14:29:03,11.75,--,29,34075,卖盘
520,14:29:00,11.75,--,111,130425,卖盘
521,14:28:57,11.75,--,141,166145,买盘
522,14:28:54,11.75,--,231,271425,买盘
523,14:28:51,11.75,--,90,105750,买盘
524,14:28:48,11.75,--,600,705000,买盘
525,14:28:45,11.75,0.01,158,185650,买盘
526,14:28:42,11.74,-0.01,17,19958,卖盘
527,14:28:39,11.75,0.01,620,728500,买盘
528,14:28:36,11.74,-0.01,58,68092,卖盘
529,14:28:33,11.75,--,110,129250,买盘
530,14:28:30,11.75,--,24,28200,买盘
531,14:28:21,11.75,--,76,89300,买盘
532,14:28:18,11.75,0.01,6,7050,买盘
533,14:28:15,11.74,--,25,29350,卖盘
534,14:28:12,11.74,-0.01,18,21132,卖盘
535,14:28:09,11.75,0.01,17,19975,买盘
536,14:28:06,11.74,-0.01,71,83354,卖盘
537,14:28:03,11.75,--,21,24675,买盘
538,14:28:00,11.75,0.01,10,11750,买盘
539,14:27:57,11.74,-0.01,12,14088,卖盘
540,14:27:54,11.75,--,5,5875,买盘
541,14:27:51,11.75,0.01,20,23500,买盘
542,14:27:45,11.74,--,2,2348,卖盘
543,14:27:42,11.74,--,96,112704,卖盘
544,14:27:39,11.74,--,9,10566,卖盘
545,14:27:36,11.74,-0.01,15,17610,卖盘
546,14:27:30,11.75,0.01,14,16450,买盘
547,14:27:27,11.74,--,10,11740,卖盘
548,14:27:24,11.74,-0.01,47,55178,卖盘
549,14:27:21,11.75,0.01,29,34075,买盘
550,14:27:15,11.74,-0.01,15,17610,卖盘
551,14:27:12,11.75,0.01,15,17625,买盘
552,14:27:06,11.74,-0.01,116,136184,卖盘
553,14:27:03,11.75,0.01,381,447675,买盘
554,14:27:00,11.74,--,62,72788,买盘
555,14:26:57,11.74,--,190,223060,买盘
556,14:26:54,11.74,--,72,84528,卖盘
557,14:26:51,11.74,--,10,11740,买盘
558,14:26:48,11.74,-0.01,30,35220,卖盘
559,14:26:45,11.75,0.01,10,11750,买盘
560,14:26:42,11.74,--,6,7044,买盘
561,14:26:39,11.74,--,21,24654,买盘
562,14:26:36,11.74,-0.01,17,19958,中性盘
563,14:26:30,11.75,0.02,24,28200,买盘
564,14:26:27,11.73,-0.02,114,133722,卖盘
565,14:26:24,11.75,0.01,308,361900,买盘
566,14:26:21,11.74,--,14,16436,买盘
567,14:26:18,11.74,-0.01,445,522430,卖盘
568,14:26:15,11.75,0.01,184,216200,买盘
569,14:26:12,11.74,--,225,264150,卖盘
570,14:26:09,11.74,--,237,278238,卖盘
571,14:26:06,11.74,-0.01,122,143228,卖盘
572,14:26:03,11.75,--,1000,1175000,买盘
573,14:26:00,11.75,--,18,21150,买盘
574,14:25:57,11.75,0.01,13,15275,买盘
575,14:25:54,11.74,-0.01,31,36394,卖盘
576,14:25:51,11.75,0.01,44,51700,买盘
577,14:25:48,11.74,-0.01,85,99790,卖盘
578,14:25:45,11.75,--,54,63450,买盘
579,14:25:42,11.75,--,27,31725,买盘
580,14:25:39,11.75,--,77,90475,买盘
581,14:25:36,11.75,0.01,8,9400,买盘
582,14:25:33,11.74,-0.01,86,100964,卖盘
583,14:25:30,11.75,0.01,17,19975,买盘
584,14:25:27,11.74,--,79,92746,卖盘
585,14:25:24,11.74,-0.01,126,147924,卖盘
586,14:25:21,11.75,0.01,22,25850,买盘
587,14:25:15,11.74,-0.01,13,15262,卖盘
588,14:25:12,11.75,0.01,44,51700,买盘
589,14:25:06,11.74,--,17,19958,卖盘
590,14:25:03,11.74,-0.01,191,224234,卖盘
591,14:25:00,11.75,-0.01,1417,1665680,卖盘
592,14:24:57,11.76,--,256,301526,买盘
593,14:24:51,11.76,--,14,16464,买盘
594,14:24:48,11.76,--,11,12936,买盘
595,14:24:45,11.76,--,84,98784,买盘
596,14:24:42,11.76,--,200,235200,买盘
597,14:24:39,11.76,0.01,23,27048,买盘
598,14:24:36,11.75,--,86,101050,卖盘
599,14:24:33,11.75,-0.01,20,23500,卖盘
600,14:24:30,11.76,--,100,117600,买盘
601,14:24:27,11.76,--,60,70560,买盘
602,14:24:24,11.76,--,5,5880,买盘
603,14:24:21,11.76,0.01,18,21168,买盘
604,14:24:18,11.75,--,27,31725,卖盘
605,14:24:15,11.75,-0.01,157,184475,卖盘
606,14:24:12,11.76,0.01,24,28224,买盘
607,14:24:06,11.75,--,201,236175,买盘
608,14:24:03,11.75,--,64,75200,买盘
609,14:24:00,11.75,--,145,170375,买盘
610,14:23:57,11.75,0.01,15,17625,买盘
611,14:23:54,11.74,-0.01,751,881674,卖盘
612,14:23:51,11.75,-0.01,186,218550,卖盘
613,14:23:48,11.76,--,120,141120,买盘
614,14:23:45,11.76,--,97,114072,买盘
615,14:23:42,11.76,0.01,14,16464,买盘
616,14:23:39,11.75,--,51,59925,卖盘
617,14:23:36,11.75,-0.01,15,17625,卖盘
618,14:23:33,11.76,--,36,42336,买盘
619,14:23:30,11.76,0.01,25,29400,买盘
620,14:23:27,11.75,--,2,2350,卖盘
621,14:23:24,11.75,--,22,25850,卖盘
622,14:23:21,11.75,0.01,159,186825,买盘
623,14:23:18,11.74,--,22,25828,卖盘
624,14:23:12,11.74,--,33,38742,卖盘
625,14:23:09,11.74,-0.01,6,7044,卖盘
626,14:23:06,11.75,0.01,46,54050,卖盘
627,14:23:03,11.74,-0.01,114,133836,卖盘
628,14:23:00,11.75,--,3,3525,卖盘
629,14:22:57,11.75,--,101,118675,买盘
630,14:22:54,11.75,--,6,7050,买盘
631,14:22:51,11.75,--,58,68150,买盘
632,14:22:48,11.75,0.01,84,98700,买盘
633,14:22:45,11.74,-0.01,2,2348,卖盘
634,14:22:42,11.75,0.02,15,17625,买盘
635,14:22:39,11.73,-0.01,9,10557,卖盘
636,14:22:36,11.74,--,108,126792,买盘
637,14:22:33,11.74,--,131,153794,买盘
638,14:22:30,11.74,0.01,14,16436,买盘
639,14:22:27,11.73,-0.01,56,65688,卖盘
640,14:22:24,11.74,--,9,10566,买盘
641,14:22:21,11.74,--,103,120922,买盘
642,14:22:18,11.74,0.01,19,22306,买盘
643,14:22:15,11.73,-0.01,10,11730,卖盘
644,14:22:12,11.74,-0.01,27,31698,卖盘
645,14:22:09,11.75,0.01,59,69325,买盘
646,14:22:06,11.74,-0.01,70,82180,卖盘
647,14:22:00,11.75,--,25,29375,买盘
648,14:21:57,11.75,0.03,209,245575,买盘
649,14:21:54,11.72,-0.01,309,362148,卖盘
650,14:21:51,11.73,--,16,18768,卖盘
651,14:21:48,11.73,-0.02,90,105570,卖盘
652,14:21:45,11.75,-0.01,30,35250,卖盘
653,14:21:42,11.76,0.02,119,139944,买盘
654,14:21:39,11.74,-0.01,53,62222,卖盘
655,14:21:36,11.75,-0.01,26,30550,中性盘
656,14:21:33,11.76,-0.01,37,43512,卖盘
657,14:21:30,11.77,0.01,2348,2764302,买盘
658,14:21:27,11.76,--,378,444528,卖盘
659,14:21:24,11.76,-0.01,2,2352,卖盘
660,14:21:21,11.77,--,116,136532,买盘
661,14:21:18,11.77,0.01,2,2354,买盘
662,14:21:15,11.76,--,83,97608,卖盘
663,14:21:12,11.76,-0.01,65,76440,卖盘
664,14:21:09,11.77,--,145,170665,卖盘
665,14:21:06,11.77,--,55,64735,卖盘
666,14:21:03,11.77,-0.01,98,115346,卖盘
667,14:21:00,11.78,--,388,457064,卖盘
668,14:20:57,11.78,--,214,252092,卖盘
669,14:20:54,11.78,-0.01,10,11780,卖盘
670,14:20:51,11.79,0.01,14,16506,买盘
671,14:20:48,11.78,--,89,104842,卖盘
672,14:20:42,11.78,-0.02,276,325128,卖盘
673,14:20:39,11.8,0.01,31,36580,买盘
674,14:20:36,11.79,--,135,159165,卖盘
675,14:20:33,11.79,-0.01,35,41265,卖盘
676,14:20:30,11.8,--,1,1180,买盘
677,14:20:27,11.8,--,100,118000,买盘
678,14:20:24,11.8,--,254,299720,卖盘
679,14:20:21,11.8,--,464,547520,卖盘
680,14:20:18,11.8,--,71,83780,卖盘
681,14:20:15,11.8,--,117,138060,卖盘
682,14:20:12,11.8,--,82,96760,卖盘
683,14:20:09,11.8,--,99,116820,卖盘
684,14:20:06,11.8,--,13,15340,卖盘
685,14:20:03,11.8,-0.01,67,79060,卖盘
686,14:20:00,11.81,0.01,14,16534,买盘
687,14:19:57,11.8,--,15,17700,卖盘
688,14:19:54,11.8,--,8,9440,卖盘
689,14:19:51,11.8,--,21,24780,卖盘
690,14:19:48,11.8,-0.01,1,1180,卖盘
691,14:19:45,11.81,0.01,20,23620,买盘
692,14:19:42,11.8,-0.01,16,18880,卖盘
693,14:19:39,11.81,0.01,1,1181,买盘
694,14:19:36,11.8,-0.01,87,102660,卖盘
695,14:19:33,11.81,--,10,11810,买盘
696,14:19:30,11.81,--,291,343671,买盘
697,14:19:27,11.81,0.01,27,31887,买盘
698,14:19:24,11.8,-0.01,22,25960,卖盘
699,14:19:21,11.81,--,21,24801,买盘
700,14:19:18,11.81,0.01,25,29525,买盘
701,14:19:15,11.8,-0.01,21,24780,卖盘
702,14:19:12,11.81,0.01,25,29525,买盘
703,14:19:09,11.8,-0.01,10,11800,卖盘
704,14:19:06,11.81,--,325,383825,买盘
705,14:19:00,11.81,0.01,26,30706,买盘
706,14:18:57,11.8,--,20,23600,卖盘
707,14:18:54,11.8,--,27,31860,卖盘
708,14:18:51,11.8,--,67,79060,卖盘
709,14:18:48,11.8,--,134,158120,卖盘
710,14:18:45,11.8,0.01,157,185260,买盘
711,14:18:42,11.79,-0.01,69,81351,卖盘
712,14:18:39,11.8,0.01,3,3540,买盘
713,14:18:36,11.79,-0.01,57,67203,卖盘
714,14:18:33,11.8,--,58,68440,买盘
715,14:18:30,11.8,--,62,73160,卖盘
716,14:18:27,11.8,--,10,11800,卖盘
717,14:18:24,11.8,--,58,68440,卖盘
718,14:18:21,11.8,--,31,36580,中性盘
719,14:18:18,11.8,--,13,15340,卖盘
720,14:18:12,11.8,0.01,25,29500,卖盘
721,14:18:09,11.79,-0.02,1,1179,卖盘
722,14:18:03,11.81,0.01,70,82670,买盘
723,14:18:00,11.8,--,76,89680,卖盘
724,14:17:57,11.8,--,187,220660,买盘
725,14:17:54,11.8,--,10,11800,买盘
726,14:17:51,11.8,--,97,114460,卖盘
727,14:17:48,11.8,--,15,17700,卖盘
728,14:17:45,11.8,--,74,87320,卖盘
729,14:17:42,11.8,--,19,22420,卖盘
730,14:17:39,11.8,--,21,24780,卖盘
731,14:17:36,11.8,--,2,2360,卖盘
732,14:17:33,11.8,-0.01,115,135700,卖盘
733,14:17:30,11.81,0.01,104,122824,买盘
734,14:17:27,11.8,--,78,92040,卖盘
735,14:17:24,11.8,-0.01,46,54280,卖盘
736,14:17:21,11.81,--,14,16534,买盘
737,14:17:18,11.81,--,10,11810,买盘
738,14:17:12,11.81,0.01,14,16534,买盘
739,14:17:09,11.8,--,1,1180,卖盘
740,14:17:03,11.8,-0.01,105,123900,卖盘
741,14:17:00,11.81,0.01,103,121643,买盘
742,14:16:57,11.8,--,216,254880,卖盘
743,14:16:54,11.8,--,28,33040,买盘
744,14:16:51,11.8,--,14,16520,买盘
745,14:16:48,11.8,0.01,1,1180,中性盘
746,14:16:45,11.79,-0.02,210,247589,卖盘
747,14:16:42,11.81,0.01,14,16534,买盘
748,14:16:39,11.8,--,1,1180,卖盘
749,14:16:30,11.8,--,219,258420,买盘
750,14:16:27,11.8,--,58,68440,买盘
751,14:16:24,11.8,--,67,79060,卖盘
752,14:16:21,11.8,--,36,42480,买盘
753,14:16:18,11.8,-0.03,2966,3499880,卖盘
754,14:16:15,11.83,0.01,10,11830,买盘
755,14:16:12,11.82,--,110,130020,卖盘
756,14:16:09,11.82,--,6,7092,卖盘
757,14:16:06,11.82,-0.01,1,1182,卖盘
758,14:16:03,11.83,--,109,128947,买盘
759,14:16:00,11.83,0.01,142,167986,买盘
760,14:15:57,11.82,--,80,94560,卖盘
761,14:15:54,11.82,-0.01,42,49644,卖盘
762,14:15:51,11.83,0.01,143,169169,买盘
763,14:15:42,11.82,--,15,17730,卖盘
764,14:15:39,11.82,--,87,102834,卖盘
765,14:15:36,11.82,-0.01,7,8274,卖盘
766,14:15:30,11.83,0.01,19,22477,买盘
767,14:15:24,11.82,-0.01,27,31914,卖盘
768,14:15:21,11.83,0.01,72,85176,买盘
769,14:15:18,11.82,-0.01,5,5910,卖盘
770,14:15:15,11.83,--,41,48503,买盘
771,14:15:12,11.83,0.01,14,16562,买盘
772,14:15:06,11.82,-0.01,86,101652,卖盘
773,14:15:03,11.83,--,40,47320,买盘
774,14:15:00,11.83,0.01,81,95823,买盘
775,14:14:57,11.82,-0.01,2,2364,卖盘
776,14:14:51,11.83,0.01,16,18928,买盘
777,14:14:45,11.82,-0.01,4,4728,卖盘
778,14:14:42,11.83,0.01,53,62699,买盘
779,14:14:39,11.82,--,4,4728,卖盘
780,14:14:36,11.82,-0.01,40,47280,卖盘
781,14:14:30,11.83,0.01,18,21294,买盘
782,14:14:27,11.82,--,52,61464,卖盘
783,14:14:24,11.82,-0.01,28,33096,卖盘
784,14:14:21,11.83,--,16,18928,买盘
785,14:14:18,11.83,0.01,50,59150,买盘
786,14:14:15,11.82,-0.01,1,1182,卖盘
787,14:14:12,11.83,--,14,16562,买盘
788,14:14:09,11.83,0.01,174,205842,买盘
789,14:14:06,11.82,--,10,11820,卖盘
790,14:14:03,11.82,-0.01,1,1182,卖盘
791,14:14:00,11.83,0.01,14,16562,买盘
792,14:13:57,11.82,--,49,57918,卖盘
793,14:13:54,11.82,--,38,44916,卖盘
794,14:13:51,11.82,-0.01,101,119382,卖盘
795,14:13:48,11.83,0.01,104,123032,买盘
796,14:13:45,11.82,-0.01,10,11820,卖盘
797,14:13:42,11.83,--,14,16562,买盘
798,14:13:33,11.83,-0.01,30,35490,卖盘
799,14:13:30,11.84,0.01,18,21312,买盘
800,14:13:27,11.83,--,11,13013,卖盘
801,14:13:24,11.83,-0.01,335,396305,卖盘
802,14:13:21,11.84,0.02,61,72224,买盘
803,14:13:18,11.82,--,85,100470,卖盘
804,14:13:15,11.82,-0.01,100,118200,卖盘
805,14:13:12,11.83,0.01,15,17745,中性盘
806,14:13:03,11.82,-0.02,88,104016,卖盘
807,14:13:00,11.84,0.02,14,16576,买盘
808,14:12:57,11.82,-0.01,46,54372,卖盘
809,14:12:54,11.83,-0.01,87,102921,中性盘
810,14:12:51,11.84,0.01,69,82536,买盘
811,14:12:48,11.83,--,17,20111,卖盘
812,14:12:45,11.83,--,77,91091,卖盘
813,14:12:42,11.83,--,162,191646,卖盘
814,14:12:39,11.83,--,83,98189,卖盘
815,14:12:36,11.83,-0.01,21,24843,卖盘
816,14:12:33,11.84,0.01,100,118400,买盘
817,14:12:30,11.83,--,100,118643,买盘
818,14:12:27,11.83,--,75,89564,卖盘
819,14:12:24,11.83,-0.01,76,89908,卖盘
820,14:12:21,11.84,0.01,114,134976,买盘
821,14:12:18,11.83,--,55,65065,卖盘
822,14:12:15,11.83,--,46,54418,卖盘
823,14:12:12,11.83,--,30,35490,卖盘
824,14:12:09,11.83,-0.01,41,48503,卖盘
825,14:12:06,11.84,0.01,122,144448,买盘
826,14:12:03,11.83,-0.01,89,105287,卖盘
827,14:12:00,11.84,--,43,50912,买盘
828,14:11:57,11.84,0.01,314,371776,买盘
829,14:11:54,11.83,--,10,11830,卖盘
830,14:11:51,11.83,-0.01,64,75712,卖盘
831,14:11:48,11.84,--,111,131424,买盘
832,14:11:45,11.84,--,496,587264,买盘
833,14:11:42,11.84,0.01,349,413216,买盘
834,14:11:39,11.83,--,66,78078,卖盘
835,14:11:36,11.83,--,2,2366,卖盘
836,14:11:33,11.83,-0.01,15,17745,卖盘
837,14:11:30,11.84,0.01,82,97088,买盘
838,14:11:27,11.83,--,48,56784,卖盘
839,14:11:24,11.83,-0.01,23,27209,卖盘
840,14:11:21,11.84,--,89,105376,买盘
841,14:11:18,11.84,0.01,4,4736,买盘
842,14:11:12,11.83,-0.01,154,182182,卖盘
843,14:11:09,11.84,--,192,227328,买盘
844,14:11:06,11.84,0.01,125,148000,买盘
845,14:11:03,11.83,-0.01,70,82810,卖盘
846,14:11:00,11.84,0.01,45,53280,买盘
847,14:10:57,11.83,-0.01,48,56784,卖盘
848,14:10:54,11.84,--,26,30784,买盘
849,14:10:51,11.84,--,120,142080,买盘
850,14:10:48,11.84,--,167,197728,买盘
851,14:10:45,11.84,--,171,202464,买盘
852,14:10:42,11.84,--,36,42624,买盘
853,14:10:39,11.84,0.01,68,80512,买盘
854,14:10:36,11.83,--,30,35490,卖盘
855,14:10:33,11.83,-0.01,40,47320,卖盘
856,14:10:30,11.84,0.01,38,44992,买盘
857,14:10:27,11.83,--,86,101738,卖盘
858,14:10:24,11.83,-0.01,13,15379,卖盘
859,14:10:21,11.84,0.01,21,24864,买盘
860,14:10:18,11.83,--,257,304031,卖盘
861,14:10:15,11.83,--,1468,1736987,买盘
862,14:10:12,11.83,--,87,102921,买盘
863,14:10:06,11.83,--,20,23660,买盘
864,14:10:03,11.83,--,62,73346,买盘
865,14:10:00,11.83,0.01,102,120666,买盘
866,14:09:57,11.82,--,31,36642,卖盘
867,14:09:51,11.82,0.01,16,18912,卖盘
868,14:09:48,11.81,-0.02,87,102747,卖盘
869,14:09:45,11.83,0.01,1,1183,买盘
870,14:09:42,11.82,--,676,799032,买盘
871,14:09:39,11.82,--,34,40188,买盘
872,14:09:36,11.82,-0.01,51,61227,卖盘
873,14:09:33,11.83,--,13,15379,买盘
874,14:09:30,11.83,0.01,22,26026,买盘
875,14:09:27,11.82,-0.01,40,47280,卖盘
876,14:09:24,11.83,--,88,104104,买盘
877,14:09:21,11.83,--,49,57967,买盘
878,14:09:15,11.83,--,131,154973,买盘
879,14:09:12,11.83,0.01,47,55601,买盘
880,14:09:09,11.82,-0.01,20,23640,卖盘
881,14:09:06,11.83,--,7,8281,买盘
882,14:09:03,11.83,--,213,251979,买盘
883,14:09:00,11.83,0.01,271,320593,买盘
884,14:08:57,11.82,--,220,260276,买盘
885,14:08:54,11.82,--,153,180846,买盘
886,14:08:51,11.82,--,14,16548,买盘
887,14:08:48,11.82,-0.01,33,39951,卖盘
888,14:08:45,11.83,--,33,39039,买盘
889,14:08:42,11.83,0.01,37,44007,买盘
890,14:08:39,11.82,--,11,13947,卖盘
891,14:08:36,11.82,--,3,3782,买盘
892,14:08:33,11.82,--,10,11820,买盘
893,14:08:30,11.82,--,41,49407,卖盘
894,14:08:27,11.82,--,1,1182,卖盘
895,14:08:24,11.82,--,110,130256,买盘
896,14:08:21,11.82,--,37,43734,买盘
897,14:08:18,11.82,0.01,58,68556,买盘
898,14:08:15,11.81,-0.01,34,40154,卖盘
899,14:08:12,11.82,--,14,16548,买盘
900,14:08:09,11.82,-0.01,60,71865,卖盘
901,14:08:06,11.83,--,42,49686,买盘
902,14:08:03,11.83,--,20,23660,买盘
903,14:08:00,11.83,0.01,62,73346,买盘
904,14:07:57,11.82,--,45,53190,卖盘
905,14:07:54,11.82,--,26,30732,卖盘
906,14:07:51,11.82,--,28,33096,卖盘
907,14:07:48,11.82,--,175,207086,买盘
908,14:07:45,11.82,--,54,63828,买盘
909,14:07:42,11.82,--,72,85104,买盘
910,14:07:39,11.82,0.01,30,35460,买盘
911,14:07:36,11.81,--,17,20077,卖盘
912,14:07:33,11.81,-0.01,46,55270,卖盘
913,14:07:30,11.82,--,38,45152,买盘
914,14:07:27,11.82,--,83,98106,买盘
915,14:07:24,11.82,--,40,47280,买盘
916,14:07:21,11.82,--,46,54372,买盘
917,14:07:18,11.82,--,125,147750,买盘
918,14:07:15,11.82,--,68,80376,买盘
919,14:07:12,11.82,--,397,469254,买盘
920,14:07:09,11.82,--,6,7092,买盘
921,14:07:06,11.82,--,105,124110,买盘
922,14:07:00,11.82,0.01,35,41370,买盘
923,14:06:57,11.81,-0.01,95,112195,卖盘
924,14:06:54,11.82,0.01,80,94560,买盘
925,14:06:51,11.81,--,216,255096,卖盘
926,14:06:48,11.81,-0.01,31,36611,卖盘
927,14:06:45,11.82,--,20,23640,买盘
928,14:06:42,11.82,--,55,65010,买盘
929,14:06:33,11.82,--,60,70920,买盘
930,14:06:30,11.82,--,16,18912,买盘
931,14:06:27,11.82,--,46,54372,买盘
932,14:06:24,11.82,0.01,2,2364,买盘
933,14:06:21,11.81,-0.01,80,94480,卖盘
934,14:06:18,11.82,--,7,8274,买盘
935,14:06:15,11.82,--,40,47280,买盘
936,14:06:12,11.82,--,41,48462,买盘
937,14:06:09,11.82,--,133,157206,买盘
938,14:06:06,11.82,0.01,9,10638,买盘
939,14:06:03,11.81,-0.01,26,30706,卖盘
940,14:06:00,11.82,0.01,90,106380,买盘
941,14:05:57,11.81,--,3,3543,卖盘
942,14:05:54,11.81,--,25,29525,卖盘
943,14:05:51,11.81,--,41,48421,卖盘
944,14:05:48,11.81,--,81,95661,卖盘
945,14:05:45,11.81,-0.01,9,10629,卖盘
946,14:05:42,11.82,0.01,15,17730,买盘
947,14:05:36,11.81,--,51,60231,买盘
948,14:05:33,11.81,--,226,266906,买盘
949,14:05:30,11.81,-0.01,323,381463,卖盘
950,14:05:27,11.82,--,236,278952,买盘
951,14:05:24,11.82,--,13,15366,买盘
952,14:05:21,11.82,0.01,45,53190,买盘
953,14:05:18,11.81,--,22,25982,卖盘
954,14:05:12,11.81,-0.01,115,135815,卖盘
955,14:05:09,11.82,0.01,753,890046,买盘
956,14:05:03,11.81,--,121,142901,买盘
957,14:05:00,11.81,--,67,79127,买盘
958,14:04:57,11.81,--,113,133453,买盘
959,14:04:51,11.81,--,284,335404,买盘
960,14:04:48,11.81,--,17,20077,买盘
961,14:04:45,11.81,--,168,198408,买盘
962,14:04:42,11.81,0.01,15,17715,买盘
963,14:04:39,11.8,-0.01,1,1180,卖盘
964,14:04:36,11.81,0.01,13,15353,买盘
965,14:04:33,11.8,-0.01,17,20060,卖盘
966,14:04:30,11.81,0.01,33,38973,买盘
967,14:04:27,11.8,-0.01,50,59000,卖盘
968,14:04:24,11.81,--,14,16534,买盘
969,14:04:21,11.81,0.01,39,46059,买盘
970,14:04:18,11.8,--,22,25960,卖盘
971,14:04:15,11.8,-0.01,20,23600,卖盘
972,14:04:12,11.81,--,64,75584,买盘
973,14:04:09,11.81,--,6,7086,买盘
974,14:04:06,11.81,--,123,145263,买盘
975,14:04:00,11.81,0.01,15,17715,买盘
976,14:03:57,11.8,-0.01,8,9440,卖盘
977,14:03:54,11.81,--,6,7086,买盘
978,14:03:51,11.81,--,54,63774,买盘
979,14:03:48,11.81,0.01,7,8267,买盘
980,14:03:45,11.8,-0.01,47,55460,卖盘
981,14:03:42,11.81,0.01,14,16534,买盘
982,14:03:39,11.8,--,7,8260,卖盘
983,14:03:33,11.8,-0.01,19,22420,卖盘
984,14:03:30,11.81,0.01,29,34249,买盘
985,14:03:27,11.8,--,66,77880,买盘
986,14:03:21,11.8,0.01,14,16520,买盘
987,14:03:18,11.79,--,1,1179,卖盘
988,14:03:15,11.79,--,20,23580,卖盘
989,14:03:12,11.79,--,273,321867,卖盘
990,14:03:09,11.79,--,3,3536,卖盘
991,14:03:06,11.79,-0.01,60,70740,卖盘
992,14:03:00,11.8,--,65,76700,买盘
993,14:02:57,11.8,--,113,133340,买盘
994,14:02:54,11.8,--,30,35400,买盘
995,14:02:51,11.8,--,14,16520,买盘
996,14:02:48,11.8,0.01,9,10620,买盘
997,14:02:45,11.79,-0.01,2,2358,卖盘
998,14:02:42,11.8,--,20,23600,买盘
999,14:02:39,11.8,0.01,29,34220,买盘
1000,14:02:36,11.79,--,30,35370,卖盘
1001,14:02:33,11.79,-0.01,20,23580,卖盘
1002,14:02:30,11.8,--,15,17700,买盘
1003,14:02:27,11.8,--,15,17700,买盘
1004,14:02:21,11.8,0.01,31,36580,买盘
1005,14:02:18,11.79,--,15,17685,买盘
1006,14:02:15,11.79,--,1,1179,买盘
1007,14:02:12,11.79,--,23,27116,买盘
1008,14:02:09,11.79,-0.02,389,458630,卖盘
1009,14:02:06,11.81,0.01,157,185417,买盘
1010,14:02:03,11.8,-0.01,97,114507,卖盘
1011,14:02:00,11.81,0.01,45,53853,买盘
1012,14:01:57,11.8,--,2,2360,卖盘
1013,14:01:54,11.8,--,111,130980,卖盘
1014,14:01:51,11.8,--,23,27140,卖盘
1015,14:01:48,11.8,--,3,3540,卖盘
1016,14:01:45,11.8,--,1,1180,卖盘
1017,14:01:42,11.8,--,49,57820,卖盘
1018,14:01:39,11.8,-0.01,46,54280,卖盘
1019,14:01:30,11.81,--,21,24801,买盘
1020,14:01:27,11.81,--,72,85032,买盘
1021,14:01:21,11.81,--,20,23620,买盘
1022,14:01:12,11.81,0.01,93,109833,买盘
1023,14:01:06,11.8,-0.01,1,1180,卖盘
1024,14:01:03,11.81,--,38,44878,买盘
1025,14:01:00,11.81,--,133,157073,买盘
1026,14:00:57,11.81,0.01,154,181874,买盘
1027,14:00:54,11.8,-0.01,70,82600,卖盘
1028,14:00:51,11.81,0.01,15,17715,买盘
1029,14:00:45,11.8,--,32,37760,卖盘
1030,14:00:42,11.8,--,130,153400,卖盘
1031,14:00:39,11.8,--,60,70800,卖盘
1032,14:00:36,11.8,--,31,36580,卖盘
1033,14:00:33,11.8,-0.01,202,238360,卖盘
1034,14:00:30,11.81,--,123,145263,买盘
1035,14:00:24,11.81,--,97,114557,买盘
1036,14:00:21,11.81,0.01,65,76765,买盘
1037,14:00:18,11.8,-0.01,3,3540,卖盘
1038,14:00:15,11.81,0.01,5,5905,买盘
1039,14:00:12,11.8,--,97,114460,卖盘
1040,14:00:09,11.8,--,124,146320,卖盘
1041,14:00:03,11.8,-0.01,26,30680,卖盘
1042,14:00:00,11.81,-0.01,14,16534,买盘
1043,13:59:57,11.82,0.01,21,24822,买盘
1044,13:59:54,11.81,-0.01,195,230295,卖盘
1045,13:59:51,11.82,0.01,15,17730,买盘
1046,13:59:48,11.81,0.01,149,175969,买盘
1047,13:59:45,11.8,-0.01,33,39364,卖盘
1048,13:59:42,11.81,--,105,124005,买盘
1049,13:59:39,11.81,--,235,277535,买盘
1050,13:59:33,11.81,--,290,342490,买盘
1051,13:59:30,11.81,0.01,56,66136,买盘
1052,13:59:27,11.8,-0.01,56,66080,卖盘
1053,13:59:24,11.81,0.01,6,7086,买盘
1054,13:59:21,11.8,-0.01,67,79060,卖盘
1055,13:59:18,11.81,--,35,41335,买盘
1056,13:59:15,11.81,--,19,22439,买盘
1057,13:59:12,11.81,0.01,15,17715,买盘
1058,13:59:09,11.8,--,101,119180,卖盘
1059,13:59:06,11.8,--,2,2360,卖盘
1060,13:59:03,11.8,-0.01,10,11800,卖盘
1061,13:59:00,11.81,0.01,50,59050,买盘
1062,13:58:57,11.8,--,59,69620,买盘
1063,13:58:54,11.8,--,140,165200,买盘
1064,13:58:51,11.8,0.01,738,870840,买盘
1065,13:58:48,11.79,--,30,35370,卖盘
1066,13:58:45,11.79,--,1,1179,卖盘
1067,13:58:42,11.79,--,1,1179,买盘
1068,13:58:39,11.79,--,161,189819,买盘
1069,13:58:36,11.79,--,68,80172,买盘
1070,13:58:33,11.79,--,39,45981,买盘
1071,13:58:30,11.79,--,15,17685,买盘
1072,13:58:27,11.79,-0.01,73,86067,卖盘
1073,13:58:24,11.8,--,3,3540,买盘
1074,13:58:21,11.8,--,18,21240,买盘
1075,13:58:18,11.8,0.01,23,27140,买盘
1076,13:58:15,11.79,-0.01,15,17685,卖盘
1077,13:58:12,11.8,--,29,34220,买盘
1078,13:58:09,11.8,0.01,1412,1666160,买盘
1079,13:58:06,11.79,0.01,20,23580,买盘
1080,13:58:03,11.78,--,111,130758,买盘
1081,13:58:00,11.78,0.01,28,32984,买盘
1082,13:57:57,11.77,--,8,9416,卖盘
1083,13:57:51,11.77,--,36,42372,买盘
1084,13:57:48,11.77,--,9,10593,买盘
1085,13:57:45,11.77,--,23,27071,买盘
1086,13:57:42,11.77,-0.01,800,941600,卖盘
1087,13:57:39,11.78,-0.01,22,25916,卖盘
1088,13:57:36,11.79,0.01,102,120257,买盘
1089,13:57:33,11.78,--,89,104842,买盘
1090,13:57:30,11.78,0.01,319,375782,买盘
1091,13:57:27,11.77,--,30,35310,卖盘
1092,13:57:24,11.77,--,10,11770,卖盘
1093,13:57:21,11.77,0.02,25,29425,买盘
1094,13:57:18,11.75,-0.02,211,247925,卖盘
1095,13:57:15,11.77,--,189,222794,买盘
1096,13:57:12,11.77,0.02,14,16478,买盘
1097,13:57:09,11.75,--,18,21150,卖盘
1098,13:57:06,11.75,-0.02,59,69325,卖盘
1099,13:57:03,11.77,0.02,15,17655,买盘
1100,13:57:00,11.75,-0.01,227,266725,卖盘
1101,13:56:57,11.76,--,2,2352,买盘
1102,13:56:54,11.76,--,33,38808,卖盘
1103,13:56:51,11.76,0.01,16,18816,买盘
1104,13:56:48,11.75,-0.01,87,102225,卖盘
1105,13:56:45,11.76,--,17,19992,买盘
1106,13:56:42,11.76,0.01,37,43512,买盘
1107,13:56:39,11.75,-0.01,3,3525,卖盘
1108,13:56:36,11.76,0.01,103,121128,中性盘
1109,13:56:33,11.75,-0.01,20,23500,卖盘
1110,13:56:30,11.76,--,80,94080,买盘
1111,13:56:27,11.76,-0.01,434,510384,卖盘
1112,13:56:24,11.77,--,28,32956,买盘
1113,13:56:21,11.77,0.01,102,120054,买盘
1114,13:56:18,11.76,-0.01,13,15288,卖盘
1115,13:56:15,11.77,0.01,8,9416,买盘
1116,13:56:12,11.76,-0.01,44,51744,卖盘
1117,13:56:09,11.77,--,5,5885,买盘
1118,13:56:06,11.77,--,69,81213,买盘
1119,13:56:03,11.77,-0.01,257,302489,卖盘
1120,13:56:00,11.78,0.01,67,78926,买盘
1121,13:55:57,11.77,--,33,38841,卖盘
1122,13:55:54,11.77,--,3,3531,卖盘
1123,13:55:51,11.77,--,109,128293,卖盘
1124,13:55:48,11.77,--,5,5885,卖盘
1125,13:55:45,11.77,-0.01,160,188320,卖盘
1126,13:55:42,11.78,--,14,16492,买盘
1127,13:55:36,11.78,-0.01,6,7068,买盘
1128,13:55:33,11.79,0.01,262,308898,买盘
1129,13:55:30,11.78,--,32,37696,买盘
1130,13:55:27,11.78,--,59,69502,买盘
1131,13:55:24,11.78,-0.01,933,1099074,卖盘
1132,13:55:21,11.79,--,14,16506,买盘
1133,13:55:15,11.79,--,15,17685,买盘
1134,13:55:12,11.79,--,69,81351,卖盘
1135,13:55:09,11.79,-0.01,112,132048,卖盘
1136,13:55:06,11.8,0.01,37,43660,买盘
1137,13:55:03,11.79,-0.01,66,77814,卖盘
1138,13:55:00,11.8,0.01,65,76700,买盘
1139,13:54:57,11.79,--,50,58949,卖盘
1140,13:54:54,11.79,--,116,136764,卖盘
1141,13:54:51,11.79,-0.01,200,235799,卖盘
1142,13:54:48,11.8,0.01,5,5900,买盘
1143,13:54:45,11.79,-0.01,1,1179,卖盘
1144,13:54:42,11.8,--,14,16520,买盘
1145,13:54:36,11.8,--,191,225380,买盘
1146,13:54:33,11.8,-0.01,19,22420,中性盘
1147,13:54:30,11.81,--,14,16534,买盘
1148,13:54:27,11.81,0.01,110,129910,买盘
1149,13:54:24,11.8,-0.01,34,40120,卖盘
1150,13:54:21,11.81,--,32,37792,买盘
1151,13:54:18,11.81,0.01,267,315327,买盘
1152,13:54:15,11.8,--,8,9440,卖盘
1153,13:54:12,11.8,-0.01,138,162840,卖盘
1154,13:54:09,11.81,0.01,53,62593,买盘
1155,13:54:06,11.8,--,185,218300,卖盘
1156,13:54:03,11.8,-0.01,111,130980,卖盘
1157,13:54:00,11.81,--,103,121643,买盘
1158,13:53:57,11.81,0.01,40,47240,买盘
1159,13:53:54,11.8,--,126,148680,卖盘
1160,13:53:51,11.8,--,131,154580,卖盘
1161,13:53:48,11.8,--,20,23600,卖盘
1162,13:53:45,11.8,--,322,379960,卖盘
1163,13:53:42,11.8,--,24,28320,卖盘
1164,13:53:39,11.8,--,2,2360,卖盘
1165,13:53:36,11.8,--,92,108560,卖盘
1166,13:53:33,11.8,-0.01,50,59000,卖盘
1167,13:53:30,11.81,0.01,27,31887,买盘
1168,13:53:27,11.8,-0.02,20,23600,卖盘
1169,13:53:21,11.82,0.01,52,61464,买盘
1170,13:53:18,11.81,--,412,486572,卖盘
1171,13:53:15,11.81,--,26,30706,卖盘
1172,13:53:12,11.81,-0.01,25,29525,卖盘
1173,13:53:09,11.82,--,27,31914,买盘
1174,13:53:06,11.82,--,2,2364,买盘
1175,13:53:03,11.82,--,59,69738,买盘
1176,13:53:00,11.82,-0.01,29,34278,卖盘
1177,13:52:57,11.83,0.01,64,75712,买盘
1178,13:52:54,11.82,--,83,98106,卖盘
1179,13:52:51,11.82,--,46,54372,卖盘
1180,13:52:48,11.82,--,33,39006,卖盘
1181,13:52:45,11.82,--,224,264768,卖盘
1182,13:52:42,11.82,--,49,57918,卖盘
1183,13:52:39,11.82,--,491,580362,卖盘
1184,13:52:36,11.82,--,43,50826,卖盘
1185,13:52:33,11.82,-0.01,54,63828,卖盘
1186,13:52:30,11.83,--,167,197561,买盘
1187,13:52:24,11.83,0.01,13,15379,买盘
1188,13:52:21,11.82,--,239,282498,卖盘
1189,13:52:18,11.82,--,10,11820,卖盘
1190,13:52:15,11.82,-0.01,11,13002,卖盘
1191,13:52:12,11.83,--,20,23660,买盘
1192,13:52:09,11.83,0.01,9,10647,买盘
1193,13:52:06,11.82,-0.01,112,132384,卖盘
1194,13:52:03,11.83,--,90,106470,买盘
1195,13:52:00,11.83,--,14,16562,买盘
1196,13:51:54,11.83,0.01,3,3549,买盘
1197,13:51:51,11.82,-0.01,29,34278,卖盘
1198,13:51:48,11.83,--,16,18928,买盘
1199,13:51:45,11.83,--,77,91091,买盘
1200,13:51:42,11.83,0.01,61,72163,买盘
1201,13:51:36,11.82,-0.01,33,39006,卖盘
1202,13:51:30,11.83,0.01,418,494494,买盘
1203,13:51:27,11.82,--,1,1182,卖盘
1204,13:51:24,11.82,-0.01,20,23640,卖盘
1205,13:51:21,11.83,0.01,28,33124,买盘
1206,13:51:18,11.82,--,1,1182,卖盘
1207,13:51:15,11.82,--,50,59100,卖盘
1208,13:51:12,11.82,--,413,488166,买盘
1209,13:51:06,11.82,--,22,26004,买盘
1210,13:51:03,11.82,--,78,92196,买盘
1211,13:51:00,11.82,--,24,28368,买盘
1212,13:50:57,11.82,--,85,100470,卖盘
1213,13:50:54,11.82,-0.01,140,165480,卖盘
1214,13:50:51,11.83,0.01,297,351351,买盘
1215,13:50:48,11.82,--,21,24822,卖盘
1216,13:50:45,11.82,--,100,118200,卖盘
1217,13:50:42,11.82,--,103,121746,买盘
1218,13:50:39,11.82,--,71,83922,卖盘
1219,13:50:36,11.82,--,11,13002,卖盘
1220,13:50:33,11.82,-0.01,175,206850,卖盘
1221,13:50:30,11.83,0.01,166,196378,买盘
1222,13:50:27,11.82,-0.01,10,11820,卖盘
1223,13:50:24,11.83,0.01,73,86359,买盘
1224,13:50:21,11.82,--,55,65010,卖盘
1225,13:50:15,11.82,--,36,42552,卖盘
1226,13:50:12,11.82,-0.01,177,209214,卖盘
1227,13:50:09,11.83,--,39,46137,买盘
1228,13:50:06,11.83,--,55,65065,买盘
1229,13:50:03,11.83,--,3,3549,买盘
1230,13:50:00,11.83,0.01,35,41405,买盘
1231,13:49:54,11.82,-0.01,110,130020,卖盘
1232,13:49:51,11.83,0.01,33,39039,买盘
1233,13:49:48,11.82,-0.01,30,35460,卖盘
1234,13:49:45,11.83,0.01,21,24843,买盘
1235,13:49:42,11.82,-0.01,120,141840,卖盘
1236,13:49:39,11.83,--,116,137228,买盘
1237,13:49:36,11.83,--,76,89908,买盘
1238,13:49:33,11.83,--,20,23660,买盘
1239,13:49:30,11.83,0.01,141,166803,买盘
1240,13:49:27,11.82,-0.01,62,73284,卖盘
1241,13:49:24,11.83,0.01,24,28392,中性盘
1242,13:49:21,11.82,--,181,213942,卖盘
1243,13:49:18,11.82,-0.01,208,245856,卖盘
1244,13:49:15,11.83,--,72,85176,买盘
1245,13:49:12,11.83,--,634,750022,买盘
1246,13:49:09,11.83,0.01,15,17745,买盘
1247,13:49:06,11.82,-0.01,51,60282,卖盘
1248,13:49:03,11.83,--,183,216489,买盘
1249,13:49:00,11.83,0.01,104,123032,买盘
1250,13:48:57,11.82,--,11,13002,卖盘
1251,13:48:54,11.82,--,111,131202,卖盘
1252,13:48:51,11.82,--,44,52008,卖盘
1253,13:48:48,11.82,--,112,132384,卖盘
1254,13:48:45,11.82,-0.01,3,3546,卖盘
1255,13:48:42,11.83,--,24,28392,买盘
1256,13:48:39,11.83,--,14,16562,买盘
1257,13:48:36,11.83,0.01,27,31941,买盘
1258,13:48:33,11.82,-0.01,65,76830,卖盘
1259,13:48:30,11.83,--,67,79261,买盘
1260,13:48:27,11.83,--,11,13013,买盘
1261,13:48:24,11.83,--,69,81627,买盘
1262,13:48:21,11.83,--,45,53235,买盘
1263,13:48:18,11.83,--,33,39039,卖盘
1264,13:48:15,11.83,--,94,111202,卖盘
1265,13:48:12,11.83,--,25,29575,卖盘
1266,13:48:09,11.83,--,203,240149,卖盘
1267,13:48:06,11.83,--,422,499226,卖盘
1268,13:48:03,11.83,-0.01,315,372645,卖盘
1269,13:48:00,11.84,0.01,24,28416,买盘
1270,13:47:57,11.83,--,262,309946,卖盘
1271,13:47:54,11.83,-0.01,3,3549,卖盘
1272,13:47:51,11.84,0.01,26,30784,买盘
1273,13:47:48,11.83,-0.01,43,50869,卖盘
1274,13:47:45,11.84,--,54,63936,买盘
1275,13:47:42,11.84,0.01,105,124320,买盘
1276,13:47:39,11.83,-0.01,173,204659,卖盘
1277,13:47:36,11.84,--,69,81696,买盘
1278,13:47:33,11.84,--,191,226144,买盘
1279,13:47:30,11.84,0.01,60,71040,买盘
1280,13:47:27,11.83,-0.01,25,29575,卖盘
1281,13:47:24,11.84,--,188,222592,买盘
1282,13:47:21,11.84,0.01,397,470048,买盘
1283,13:47:18,11.83,--,115,136045,卖盘
1284,13:47:15,11.83,-0.01,50,59150,卖盘
1285,13:47:12,11.84,0.01,89,105376,买盘
1286,13:47:09,11.83,--,211,249613,卖盘
1287,13:47:06,11.83,--,26,30758,卖盘
1288,13:47:03,11.83,-0.01,42,49686,卖盘
1289,13:47:00,11.84,0.01,48,56832,买盘
1290,13:46:57,11.83,--,17,20111,卖盘
1291,13:46:54,11.83,-0.01,27,31941,卖盘
1292,13:46:51,11.84,0.01,20,23680,买盘
1293,13:46:45,11.83,-0.01,14,16562,卖盘
1294,13:46:42,11.84,--,103,121952,买盘
1295,13:46:39,11.84,--,54,63936,买盘
1296,13:46:36,11.84,0.01,52,61568,买盘
1297,13:46:33,11.83,-0.01,57,67431,卖盘
1298,13:46:30,11.84,--,37,43808,买盘
1299,13:46:27,11.84,--,68,80512,买盘
1300,13:46:24,11.84,0.01,48,56832,买盘
1301,13:46:21,11.83,-0.01,51,60333,卖盘
1302,13:46:18,11.84,--,290,343360,买盘
1303,13:46:15,11.84,--,102,120768,买盘
1304,13:46:12,11.84,-0.01,154,182336,买盘
1305,13:46:09,11.85,0.01,51,60435,买盘
1306,13:46:06,11.84,--,151,178784,买盘
1307,13:46:03,11.84,--,366,433344,卖盘
1308,13:46:00,11.84,--,21,24864,卖盘
1309,13:45:57,11.84,--,479,567136,买盘
1310,13:45:54,11.84,--,50,59200,买盘
1311,13:45:51,11.84,0.01,360,426240,买盘
1312,13:45:48,11.83,-0.01,282,333606,卖盘
1313,13:45:45,11.84,0.01,21,24864,买盘
1314,13:45:42,11.83,-0.01,31,36673,卖盘
1315,13:45:39,11.84,0.01,2692,3187328,买盘
1316,13:45:36,11.83,--,34,40222,买盘
1317,13:45:33,11.83,--,305,360815,买盘
1318,13:45:30,11.83,--,77,91091,买盘
1319,13:45:27,11.83,--,95,112385,买盘
1320,13:45:24,11.83,0.01,256,302848,买盘
1321,13:45:21,11.82,--,43,50826,卖盘
1322,13:45:18,11.82,--,674,796668,买盘
1323,13:45:15,11.82,--,165,195030,买盘
1324,13:45:12,11.82,--,204,241128,买盘
1325,13:45:09,11.82,--,108,127656,买盘
1326,13:45:06,11.82,0.01,175,206850,买盘
1327,13:45:03,11.81,-0.01,290,342490,卖盘
1328,13:45:00,11.82,0.01,175,206850,买盘
1329,13:44:57,11.81,--,144,170064,卖盘
1330,13:44:54,11.81,-0.01,5,5905,中性盘
1331,13:44:51,11.82,--,14,16548,买盘
1332,13:44:48,11.82,0.02,1701,2010582,买盘
1333,13:44:45,11.8,--,556,656221,买盘
1334,13:44:42,11.8,--,630,743400,买盘
1335,13:44:39,11.8,0.01,4159,4907620,买盘
1336,13:44:36,11.79,-0.01,10,11790,卖盘
1337,13:44:30,11.8,0.01,16,18880,买盘
1338,13:44:24,11.79,--,10,11790,卖盘
1339,13:44:21,11.79,--,536,632745,买盘
1340,13:44:18,11.79,--,4,4716,买盘
1341,13:44:15,11.79,--,27,31832,买盘
1342,13:44:12,11.79,--,890,1049310,买盘
1343,13:44:09,11.79,0.01,96,113183,买盘
1344,13:44:06,11.78,-0.01,23,27094,卖盘
1345,13:44:03,11.79,--,1510,1780289,买盘
1346,13:44:00,11.79,--,15,17685,买盘
1347,13:43:57,11.79,--,2,2358,买盘
1348,13:43:51,11.79,0.01,14,16506,买盘
1349,13:43:48,11.78,-0.01,28,32984,卖盘
1350,13:43:45,11.79,--,28,33012,买盘
1351,13:43:42,11.79,0.01,14,16506,买盘
1352,13:43:36,11.78,--,25,29450,卖盘
1353,13:43:33,11.78,-0.01,73,85994,卖盘
1354,13:43:30,11.79,0.01,17,20043,买盘
1355,13:43:27,11.78,-0.01,45,53010,卖盘
1356,13:43:24,11.79,--,2,2358,买盘
1357,13:43:21,11.79,--,224,264096,买盘
1358,13:43:18,11.79,--,128,150912,买盘
1359,13:43:12,11.79,0.01,64,75456,买盘
1360,13:43:09,11.78,-0.01,1031,1214518,卖盘
1361,13:43:06,11.79,--,16,18864,买盘
1362,13:43:03,11.79,--,147,173313,买盘
1363,13:43:00,11.79,0.01,17,20043,买盘
1364,13:42:57,11.78,--,19,22382,卖盘
1365,13:42:54,11.78,-0.01,73,85994,卖盘
1366,13:42:51,11.79,--,14,16506,买盘
1367,13:42:48,11.79,--,61,71919,买盘
1368,13:42:45,11.79,0.01,29,34191,买盘
1369,13:42:42,11.78,-0.01,44,51832,卖盘
1370,13:42:36,11.79,--,110,129689,买盘
1371,13:42:30,11.79,0.01,34,40086,买盘
1372,13:42:27,11.78,--,10,11780,卖盘
1373,13:42:24,11.78,-0.01,5,5890,卖盘
1374,13:42:21,11.79,0.01,15,17685,买盘
1375,13:42:18,11.78,0.01,188,221464,买盘
1376,13:42:15,11.77,-0.01,11,12947,卖盘
1377,13:42:12,11.78,--,647,762166,买盘
1378,13:42:03,11.78,--,2,2356,买盘
1379,13:42:00,11.78,0.01,36,42408,买盘
1380,13:41:57,11.77,-0.01,40,47080,卖盘
1381,13:41:54,11.78,--,180,212040,买盘
1382,13:41:51,11.78,0.01,18,21204,买盘
1383,13:41:48,11.77,--,51,60027,卖盘
1384,13:41:45,11.77,-0.01,1,1177,卖盘
1385,13:41:42,11.78,0.01,91,107198,买盘
1386,13:41:36,11.77,-0.01,34,40018,卖盘
1387,13:41:30,11.78,0.01,34,40052,买盘
1388,13:41:27,11.77,-0.01,17,20009,卖盘
1389,13:41:24,11.78,--,19,22382,买盘
1390,13:41:21,11.78,--,15,17670,买盘
1391,13:41:18,11.78,0.01,190,223820,买盘
1392,13:41:12,11.77,--,32,37664,卖盘
1393,13:41:09,11.77,-0.01,20,23540,卖盘
1394,13:41:06,11.78,--,61,71858,买盘
1395,13:41:00,11.78,--,43,50654,买盘
1396,13:40:57,11.78,--,3,3534,买盘
1397,13:40:51,11.78,--,50,58900,买盘
1398,13:40:48,11.78,--,2,2356,买盘
1399,13:40:45,11.78,--,4,4712,买盘
1400,13:40:42,11.78,0.01,14,16492,买盘
1401,13:40:33,11.77,-0.01,1,1177,卖盘
1402,13:40:30,11.78,--,35,41230,买盘
1403,13:40:27,11.78,--,5,5890,买盘
1404,13:40:24,11.78,--,22,25916,买盘
1405,13:40:21,11.78,0.01,15,17670,买盘
1406,13:40:18,11.77,-0.01,20,23540,卖盘
1407,13:40:15,11.78,--,204,240312,买盘
1408,13:40:12,11.78,--,46,54188,买盘
1409,13:40:09,11.78,--,9,10602,买盘
1410,13:40:06,11.78,--,200,235600,买盘
1411,13:40:03,11.78,--,11,12958,买盘
1412,13:40:00,11.78,--,238,280364,买盘
1413,13:39:57,11.78,0.01,17,20026,买盘
1414,13:39:54,11.77,-0.01,36,42372,卖盘
1415,13:39:51,11.78,--,14,16492,买盘
1416,13:39:48,11.78,0.01,57,67146,买盘
1417,13:39:45,11.77,-0.01,13,15301,卖盘
1418,13:39:42,11.78,0.01,547,644366,买盘
1419,13:39:39,11.77,-0.01,248,291896,卖盘
1420,13:39:36,11.78,--,275,323950,买盘
1421,13:39:33,11.78,0.01,25,29450,买盘
1422,13:39:30,11.77,-0.01,221,260117,卖盘
1423,13:39:24,11.78,0.01,5,5890,买盘
1424,13:39:21,11.77,-0.01,50,58850,卖盘
1425,13:39:18,11.78,0.01,11,12958,买盘
1426,13:39:15,11.77,-0.01,6,7062,卖盘
1427,13:39:12,11.78,0.01,204,240312,买盘
1428,13:39:09,11.77,--,68,80036,卖盘
1429,13:39:06,11.77,-0.01,102,120054,卖盘
1430,13:39:03,11.78,--,2,2356,买盘
1431,13:39:00,11.78,0.01,54,63612,买盘
1432,13:38:57,11.77,-0.01,50,58850,卖盘
1433,13:38:51,11.78,0.01,30,35340,买盘
1434,13:38:48,11.77,-0.01,16,18832,卖盘
1435,13:38:42,11.78,0.01,15,17670,买盘
1436,13:38:39,11.77,--,10,11770,卖盘
1437,13:38:36,11.77,--,20,23540,卖盘
1438,13:38:33,11.77,-0.01,13,15301,卖盘
1439,13:38:30,11.78,0.01,141,166098,买盘
1440,13:38:27,11.77,-0.01,343,403711,卖盘
1441,13:38:24,11.78,--,22,25916,买盘
1442,13:38:21,11.78,--,39,45942,买盘
1443,13:38:18,11.78,--,9,10602,买盘
1444,13:38:15,11.78,--,52,61256,买盘
1445,13:38:12,11.78,--,114,134292,买盘
1446,13:38:09,11.78,--,94,110732,买盘
1447,13:38:03,11.78,--,82,96596,买盘
1448,13:38:00,11.78,--,68,80104,买盘
1449,13:37:57,11.78,--,1,1178,买盘
1450,13:37:51,11.78,0.01,110,129580,买盘
1451,13:37:48,11.77,-0.01,20,23540,卖盘
1452,13:37:45,11.78,--,94,110732,买盘
1453,13:37:42,11.78,--,15,17670,买盘
1454,13:37:36,11.78,--,25,29450,买盘
1455,13:37:30,11.78,--,153,180234,买盘
1456,13:37:24,11.78,--,23,27094,买盘
1457,13:37:21,11.78,--,121,142538,买盘
1458,13:37:18,11.78,0.01,28,32984,买盘
1459,13:37:15,11.77,--,16,18832,卖盘
1460,13:37:12,11.77,--,86,101222,卖盘
1461,13:37:09,11.77,-0.01,202,237754,卖盘
1462,13:37:06,11.78,--,190,223820,买盘
1463,13:37:03,11.78,--,7,8246,买盘
1464,13:37:00,11.78,--,29,34162,买盘
1465,13:36:54,11.78,--,42,49476,买盘
1466,13:36:51,11.78,0.01,16,18848,买盘
1467,13:36:48,11.77,-0.01,5,5885,卖盘
1468,13:36:45,11.78,0.01,1,1178,买盘
1469,13:36:42,11.77,--,51,60027,卖盘
1470,13:36:39,11.77,-0.01,6,7062,卖盘
1471,13:36:36,11.78,0.01,3,3534,买盘
1472,13:36:33,11.77,-0.01,87,102399,卖盘
1473,13:36:30,11.78,0.01,29,34162,买盘
1474,13:36:24,11.77,-0.01,204,240108,卖盘
1475,13:36:21,11.78,--,27,31806,买盘
1476,13:36:18,11.78,--,1,1178,买盘
1477,13:36:12,11.78,--,14,16492,买盘
1478,13:36:09,11.78,--,5,5890,买盘
1479,13:36:06,11.78,--,203,239134,买盘
1480,13:36:03,11.78,0.01,48,56544,买盘
1481,13:36:00,11.77,--,1,1177,卖盘
1482,13:35:54,11.77,--,34,40724,买盘
1483,13:35:51,11.77,--,139,163603,买盘
1484,13:35:48,11.77,--,1,1177,买盘
1485,13:35:45,11.77,--,57,67089,买盘
1486,13:35:42,11.77,0.01,65,76505,买盘
1487,13:35:39,11.76,-0.01,6,7056,卖盘
1488,13:35:36,11.77,--,18,21186,买盘
1489,13:35:30,11.77,0.01,34,40018,买盘
1490,13:35:24,11.76,-0.01,2,2352,卖盘
1491,13:35:21,11.77,0.01,40,47080,买盘
1492,13:35:15,11.76,-0.01,219,257544,卖盘
1493,13:35:12,11.77,0.01,18,21186,买盘
1494,13:35:09,11.76,--,4,4704,卖盘
1495,13:35:03,11.76,--,15,17640,买盘
1496,13:35:00,11.76,--,1250,1470000,买盘
1497,13:34:57,11.76,--,1,1176,买盘
1498,13:34:54,11.76,--,30,35280,买盘
1499,13:34:51,11.76,--,14,16464,买盘
1500,13:34:48,11.76,0.01,244,286944,买盘
1501,13:34:42,11.75,-0.01,63,74025,卖盘
1502,13:34:36,11.76,0.01,7,8232,买盘
1503,13:34:33,11.75,-0.01,15,17625,卖盘
1504,13:34:30,11.76,0.01,2,2352,买盘
1505,13:34:27,11.75,--,115,135125,卖盘
1506,13:34:24,11.75,-0.01,1,1175,卖盘
1507,13:34:21,11.76,--,15,17640,买盘
1508,13:34:18,11.76,0.01,38,44688,买盘
1509,13:34:15,11.75,-0.01,21,24675,卖盘
1510,13:34:12,11.76,0.01,14,16464,买盘
1511,13:34:09,11.75,--,4,4700,卖盘
1512,13:34:06,11.75,-0.01,3,3525,卖盘
1513,13:34:03,11.76,--,190,223440,买盘
1514,13:34:00,11.76,--,19,22344,买盘
1515,13:33:54,11.76,--,2,2352,买盘
1516,13:33:51,11.76,0.01,17,19992,买盘
1517,13:33:45,11.75,--,48,56400,买盘
1518,13:33:42,11.75,--,44,51700,买盘
1519,13:33:33,11.75,--,95,111625,买盘
1520,13:33:30,11.75,0.01,34,39950,买盘
1521,13:33:27,11.74,-0.01,1,1174,卖盘
1522,13:33:24,11.75,--,65,76375,卖盘
1523,13:33:21,11.75,--,101,118675,卖盘
1524,13:33:18,11.75,--,1,1175,卖盘
1525,13:33:15,11.75,-0.01,5,5875,卖盘
1526,13:33:12,11.76,0.01,15,17640,买盘
1527,13:33:09,11.75,--,4,4700,卖盘
1528,13:33:06,11.75,--,37,43475,卖盘
1529,13:33:03,11.75,--,35,41125,卖盘
1530,13:33:00,11.75,--,107,125725,买盘
1531,13:32:57,11.75,--,15,17625,买盘
1532,13:32:51,11.75,-0.01,15,17625,中性盘
1533,13:32:48,11.76,0.02,673,791448,买盘
1534,13:32:42,11.74,-0.01,16,18784,卖盘
1535,13:32:36,11.75,--,60,70500,买盘
1536,13:32:33,11.75,--,14,16450,买盘
1537,13:32:30,11.75,0.01,21,24675,买盘
1538,13:32:24,11.74,-0.01,3,3522,卖盘
1539,13:32:21,11.75,--,14,16450,买盘
1540,13:32:18,11.75,--,153,180715,卖盘
1541,13:32:12,11.75,--,63,74025,卖盘
1542,13:32:09,11.75,--,10,11750,卖盘
1543,13:32:03,11.75,--,10,11750,卖盘
1544,13:32:00,11.75,--,86,101285,买盘
1545,13:31:57,11.75,--,92,108100,买盘
1546,13:31:51,11.75,0.01,16,18800,买盘
1547,13:31:48,11.74,-0.01,109,127966,卖盘
1548,13:31:45,11.75,0.01,22,25850,买盘
1549,13:31:42,11.74,-0.01,87,102138,卖盘
1550,13:31:36,11.75,0.01,6,7050,买盘
1551,13:31:33,11.74,-0.01,6,7044,卖盘
1552,13:31:30,11.75,--,55,64625,买盘
1553,13:31:27,11.75,--,19,22325,买盘
1554,13:31:24,11.75,-0.01,35,42065,卖盘
1555,13:31:21,11.76,0.01,14,16464,买盘
1556,13:31:18,11.75,--,200,235000,卖盘
1557,13:31:15,11.75,--,20,23500,卖盘
1558,13:31:12,11.75,--,29,34075,卖盘
1559,13:31:09,11.75,--,20,23500,卖盘
1560,13:31:06,11.75,--,358,420885,买盘
1561,13:31:00,11.75,0.01,16,18800,买盘
1562,13:30:57,11.74,-0.01,240,281760,卖盘
1563,13:30:51,11.75,0.01,14,16450,买盘
1564,13:30:48,11.74,-0.01,11,12914,卖盘
1565,13:30:42,11.75,--,27,31725,买盘
1566,13:30:39,11.75,0.01,91,106925,买盘
1567,13:30:33,11.74,-0.01,15,17610,卖盘
1568,13:30:30,11.75,--,15,17625,买盘
1569,13:30:27,11.75,0.01,2,2350,买盘
1570,13:30:24,11.74,--,2,2348,卖盘
1571,13:30:21,11.74,--,15,17610,卖盘
1572,13:30:18,11.74,-0.01,305,358070,卖盘
1573,13:30:15,11.75,--,61,71675,买盘
1574,13:30:12,11.75,--,15,17625,买盘
1575,13:30:09,11.75,--,30,36190,卖盘
1576,13:30:06,11.75,-0.01,7,8225,卖盘
1577,13:30:00,11.76,0.01,25,29400,买盘
1578,13:29:57,11.75,--,86,101050,卖盘
1579,13:29:54,11.75,--,158,185885,买盘
1580,13:29:51,11.75,--,14,16450,买盘
1581,13:29:48,11.75,0.01,11,12925,买盘
1582,13:29:45,11.74,-0.01,1,1174,卖盘
1583,13:29:42,11.75,--,55,64625,买盘
1584,13:29:30,11.75,--,16,18800,买盘
1585,13:29:27,11.75,0.01,46,54050,买盘
1586,13:29:24,11.74,-0.01,11,12914,中性盘
1587,13:29:21,11.75,0.02,28,32900,买盘
1588,13:29:15,11.73,-0.02,10,11730,卖盘
1589,13:29:12,11.75,0.02,83,97525,买盘
1590,13:29:09,11.73,-0.02,4,4692,卖盘
1591,13:29:06,11.75,--,14,16450,买盘
1592,13:29:03,11.75,--,36,42300,买盘
1593,13:29:00,11.75,0.02,18,21150,买盘
1594,13:28:57,11.73,-0.02,20,23460,卖盘
1595,13:28:54,11.75,--,99,116325,买盘
1596,13:28:51,11.75,--,772,907570,买盘
1597,13:28:48,11.75,--,11,12925,买盘
1598,13:28:45,11.75,--,30,35250,买盘
1599,13:28:42,11.75,0.01,19,22325,买盘
1600,13:28:39,11.74,-0.01,16,18784,卖盘
1601,13:28:36,11.75,0.01,42,49350,买盘
1602,13:28:33,11.74,--,76,89224,卖盘
1603,13:28:30,11.74,-0.01,77,90398,卖盘
1604,13:28:27,11.75,0.01,14,16450,买盘
1605,13:28:24,11.74,-0.01,18,21132,卖盘
1606,13:28:21,11.75,--,18,21150,买盘
1607,13:28:15,11.75,--,27,31725,买盘
1608,13:28:12,11.75,0.01,50,58750,买盘
1609,13:28:09,11.74,--,65,77014,买盘
1610,13:28:06,11.74,--,20,23480,买盘
1611,13:28:03,11.74,0.01,59,69266,买盘
1612,13:28:00,11.73,-0.01,128,150613,卖盘
1613,13:27:57,11.74,--,13,15262,卖盘
1614,13:27:51,11.74,--,80,94624,买盘
1615,13:27:48,11.74,0.01,21,24654,买盘
1616,13:27:42,11.73,0.01,40,46920,买盘
1617,13:27:39,11.72,--,7,8204,卖盘
1618,13:27:36,11.72,-0.01,2,2344,卖盘
1619,13:27:33,11.73,--,56,65688,买盘
1620,13:27:30,11.73,--,23,26979,卖盘
1621,13:27:27,11.73,--,21,24633,卖盘
1622,13:27:24,11.73,0.01,12,14076,中性盘
1623,13:27:21,11.72,-0.01,395,462940,卖盘
1624,13:27:15,11.73,-0.01,62,72726,卖盘
1625,13:27:12,11.74,0.01,14,16436,买盘
1626,13:27:09,11.73,-0.01,14,16422,卖盘
1627,13:27:06,11.74,0.01,12,14088,买盘
1628,13:27:03,11.73,--,66,77418,买盘
1629,13:27:00,11.73,--,21,24633,买盘
1630,13:26:51,11.73,--,68,79764,买盘
1631,13:26:48,11.73,0.01,299,350727,买盘
1632,13:26:45,11.72,--,141,165252,卖盘
1633,13:26:42,11.72,--,38,44536,卖盘
1634,13:26:39,11.72,--,1,1172,卖盘
1635,13:26:33,11.72,-0.01,208,243776,卖盘
1636,13:26:30,11.73,0.01,20,24398,买盘
1637,13:26:27,11.72,--,2,2344,卖盘
1638,13:26:24,11.72,-0.02,2,2344,卖盘
1639,13:26:21,11.74,0.01,65,76310,买盘
1640,13:26:18,11.73,-0.01,77,90790,卖盘
1641,13:26:12,11.74,0.01,31,36394,买盘
1642,13:26:09,11.73,-0.01,38,44574,卖盘
1643,13:26:06,11.74,0.01,20,23480,买盘
1644,13:26:03,11.73,-0.01,100,117300,卖盘
1645,13:26:00,11.74,0.01,34,39916,买盘
1646,13:25:57,11.73,-0.01,505,592365,卖盘
1647,13:25:54,11.74,--,68,79832,卖盘
1648,13:25:51,11.74,--,7,8922,买盘
1649,13:25:45,11.74,--,192,225408,买盘
1650,13:25:42,11.74,--,180,211320,卖盘
1651,13:25:39,11.74,-0.01,100,117400,卖盘
1652,13:25:36,11.75,0.01,10,11750,买盘
1653,13:25:33,11.74,--,19,22306,卖盘
1654,13:25:30,11.74,--,6,7044,卖盘
1655,13:25:27,11.74,--,40,46960,卖盘
1656,13:25:24,11.74,--,11,12914,卖盘
1657,13:25:21,11.74,--,121,142054,卖盘
1658,13:25:18,11.74,--,239,280586,买盘
1659,13:25:15,11.74,--,58,68092,买盘
1660,13:25:12,11.74,--,15,17610,买盘
1661,13:25:09,11.74,--,13,15262,卖盘
1662,13:25:06,11.74,-0.01,1,1174,卖盘
1663,13:25:00,11.75,0.01,15,17625,买盘
1664,13:24:57,11.74,-0.01,32,37568,卖盘
1665,13:24:51,11.75,0.01,14,16450,买盘
1666,13:24:48,11.74,--,100,117400,卖盘
1667,13:24:45,11.74,0.01,54,63396,买盘
1668,13:24:42,11.73,-0.01,133,156009,卖盘
1669,13:24:33,11.74,-0.01,4,4696,中性盘
1670,13:24:30,11.75,0.01,33,38775,买盘
1671,13:24:27,11.74,--,21,24654,卖盘
1672,13:24:24,11.74,--,42,49308,卖盘
1673,13:24:21,11.74,--,234,274716,卖盘
1674,13:24:18,11.74,--,82,96268,卖盘
1675,13:24:15,11.74,-0.01,10,11740,卖盘
1676,13:24:12,11.75,--,80,94000,买盘
1677,13:24:09,11.75,0.01,125,146875,中性盘
1678,13:24:06,11.74,-0.01,96,112704,卖盘
1679,13:24:00,11.75,--,15,17625,买盘
1680,13:23:51,11.75,0.01,14,16450,买盘
1681,13:23:48,11.74,--,1,1174,卖盘
1682,13:23:45,11.74,-0.02,20,23480,卖盘
1683,13:23:42,11.76,0.02,239,281064,买盘
1684,13:23:39,11.74,--,4,4696,卖盘
1685,13:23:36,11.74,-0.02,2,2348,卖盘
1686,13:23:30,11.76,0.02,15,17640,买盘
1687,13:23:27,11.74,--,47,55178,卖盘
1688,13:23:24,11.74,-0.02,3,3522,卖盘
1689,13:23:21,11.76,0.02,24,28224,买盘
1690,13:23:18,11.74,-0.01,510,598740,卖盘
1691,13:23:15,11.75,--,100,117500,卖盘
1692,13:23:12,11.75,--,18,21150,卖盘
1693,13:23:09,11.75,--,104,122200,卖盘
1694,13:23:06,11.75,--,72,84600,买盘
1695,13:23:03,11.75,--,14,16450,买盘
1696,13:23:00,11.75,--,25,29375,卖盘
1697,13:22:57,11.75,--,6,7050,卖盘
1698,13:22:51,11.75,--,47,55225,买盘
1699,13:22:45,11.75,--,1,1175,买盘
1700,13:22:42,11.75,--,206,242050,买盘
1701,13:22:39,11.75,0.01,20,23500,买盘
1702,13:22:33,11.74,-0.01,31,36394,卖盘
1703,13:22:30,11.75,--,15,17625,买盘
1704,13:22:27,11.75,--,12,14100,买盘
1705,13:22:24,11.75,-0.01,2,2350,买盘
1706,13:22:21,11.76,0.01,15,17640,买盘
1707,13:22:18,11.75,--,11,12925,卖盘
1708,13:22:12,11.75,0.01,6,7050,买盘
1709,13:22:09,11.74,--,5,5870,卖盘
1710,13:22:06,11.74,-0.01,5,5870,卖盘
1711,13:22:00,11.75,-0.01,16,18800,中性盘
1712,13:21:54,11.76,0.02,59,69384,买盘
1713,13:21:51,11.74,--,52,61048,卖盘
1714,13:21:48,11.74,--,20,23480,卖盘
1715,13:21:45,11.74,-0.01,2,2348,卖盘
1716,13:21:42,11.75,-0.01,41,48175,卖盘
1717,13:21:39,11.76,0.01,189,222264,买盘
1718,13:21:30,11.75,0.01,3,3525,买盘
1719,13:21:27,11.74,--,1,1174,卖盘
1720,13:21:24,11.74,-0.01,1,1174,卖盘
1721,13:21:21,11.75,--,15,17625,买盘
1722,13:21:18,11.75,-0.01,15,17625,中性盘
1723,13:21:12,11.76,0.02,14,16464,买盘
1724,13:21:09,11.74,-0.02,104,122096,卖盘
1725,13:21:00,11.76,--,18,21168,买盘
1726,13:20:54,11.76,--,40,47040,买盘
1727,13:20:51,11.76,--,15,17640,买盘
1728,13:20:48,11.76,--,2,2352,买盘
1729,13:20:45,11.76,0.02,4,4704,买盘
1730,13:20:42,11.74,-0.02,61,72494,卖盘
1731,13:20:39,11.76,--,25,29694,买盘
1732,13:20:36,11.76,0.01,191,224616,买盘
1733,13:20:33,11.75,-0.01,593,697656,卖盘
1734,13:20:30,11.76,0.01,14,16464,买盘
1735,13:20:27,11.75,--,3,3525,卖盘
1736,13:20:24,11.75,-0.01,13,15275,卖盘
1737,13:20:21,11.76,--,15,17640,买盘
1738,13:20:18,11.76,--,20,23520,买盘
1739,13:20:12,11.76,-0.01,55,64680,卖盘
1740,13:20:09,11.77,0.01,8,9416,买盘
1741,13:20:03,11.76,-0.01,10,11760,卖盘
1742,13:20:00,11.77,0.01,66,77682,买盘
1743,13:19:57,11.76,--,25,29400,买盘
1744,13:19:51,11.76,--,44,51744,买盘
1745,13:19:48,11.76,--,2,2352,买盘
1746,13:19:42,11.76,--,14,16464,买盘
1747,13:19:39,11.76,--,40,47040,买盘
1748,13:19:36,11.76,0.01,200,235200,买盘
1749,13:19:33,11.75,-0.01,7,8225,卖盘
1750,13:19:30,11.76,0.01,14,16464,买盘
1751,13:19:27,11.75,--,1,1175,卖盘
1752,13:19:24,11.75,-0.01,1,1175,卖盘
1753,13:19:21,11.76,0.01,15,17640,买盘
1754,13:19:15,11.75,-0.01,32,37600,卖盘
1755,13:19:12,11.76,--,16,18816,买盘
1756,13:19:09,11.76,0.01,33,38808,买盘
1757,13:19:06,11.75,-0.01,1,1175,卖盘
1758,13:19:03,11.76,--,58,68208,买盘
1759,13:19:00,11.76,--,17,19992,买盘
1760,13:18:51,11.76,--,15,17640,买盘
1761,13:18:48,11.76,-0.01,28,32928,卖盘
1762,13:18:42,11.77,0.01,52,61204,买盘
1763,13:18:39,11.76,--,23,27048,卖盘
1764,13:18:33,11.76,--,166,195216,买盘
1765,13:18:30,11.76,--,174,204624,买盘
1766,13:18:27,11.76,-0.01,188,221088,卖盘
1767,13:18:24,11.77,-0.01,9,10593,卖盘
1768,13:18:21,11.78,0.01,14,16492,买盘
1769,13:18:18,11.77,--,10,11770,中性盘
1770,13:18:12,11.77,0.01,16,18832,中性盘
1771,13:18:09,11.76,--,3,3528,卖盘
1772,13:18:06,11.76,--,1,1176,卖盘
1773,13:18:03,11.76,-0.01,50,58800,卖盘
1774,13:18:00,11.77,0.02,156,183612,买盘
1775,13:17:57,11.75,-0.01,2005,2355875,卖盘
1776,13:17:54,11.76,-0.01,2,2352,卖盘
1777,13:17:51,11.77,--,14,16478,买盘
1778,13:17:45,11.77,--,12,14124,卖盘
1779,13:17:42,11.77,--,16,18832,卖盘
1780,13:17:39,11.77,-0.01,34,40018,卖盘
1781,13:17:36,11.78,0.01,21,24738,买盘
1782,13:17:33,11.77,0.01,21,24717,买盘
1783,13:17:30,11.76,--,228,268128,卖盘
1784,13:17:27,11.76,--,21,24696,卖盘
1785,13:17:24,11.76,-0.01,1,1176,卖盘
1786,13:17:21,11.77,0.01,14,16478,买盘
1787,13:17:18,11.76,-0.01,20,23520,卖盘
1788,13:17:12,11.77,--,15,17655,买盘
1789,13:17:09,11.77,0.01,111,130647,买盘
1790,13:17:06,11.76,-0.01,1,1176,卖盘
1791,13:17:03,11.77,--,10,11770,买盘
1792,13:17:00,11.77,--,15,17655,买盘
1793,13:16:57,11.77,0.01,1,1177,买盘
1794,13:16:51,11.76,--,93,109368,卖盘
1795,13:16:45,11.76,--,50,58800,卖盘
1796,13:16:42,11.76,-0.01,35,41160,卖盘
1797,13:16:39,11.77,--,7,8239,买盘
1798,13:16:30,11.77,0.01,209,245993,买盘
1799,13:16:27,11.76,-0.01,1,1176,卖盘
1800,13:16:24,11.77,0.01,3,3531,买盘
1801,13:16:21,11.76,--,36,42336,卖盘
1802,13:16:18,11.76,-0.01,3,3528,卖盘
1803,13:16:15,11.77,0.01,25,29425,买盘
1804,13:16:12,11.76,--,34,39984,卖盘
1805,13:16:09,11.76,--,199,234024,卖盘
1806,13:16:06,11.76,--,123,144648,卖盘
1807,13:16:03,11.76,-0.01,26,30576,卖盘
1808,13:16:00,11.77,0.01,16,18832,买盘
1809,13:15:57,11.76,-0.01,5,5880,卖盘
1810,13:15:54,11.77,--,7,8239,买盘
1811,13:15:51,11.77,0.01,18,21186,买盘
1812,13:15:45,11.76,-0.01,385,452760,卖盘
1813,13:15:42,11.77,--,14,16478,买盘
1814,13:15:36,11.77,--,167,196559,买盘
1815,13:15:33,11.77,--,62,73680,买盘
1816,13:15:30,11.77,--,349,410773,卖盘
1817,13:15:27,11.77,-0.01,192,225984,卖盘
1818,13:15:24,11.78,--,60,70680,买盘
1819,13:15:21,11.78,0.01,22,25916,买盘
1820,13:15:18,11.77,-0.01,1,1177,卖盘
1821,13:15:15,11.78,--,4,4712,买盘
1822,13:15:12,11.78,0.01,24,28272,买盘
1823,13:15:09,11.77,--,4,4708,卖盘
1824,13:15:06,11.77,-0.01,3,3531,卖盘
1825,13:15:00,11.78,0.01,22,25916,买盘
1826,13:14:57,11.77,--,11,12947,卖盘
1827,13:14:54,11.77,-0.01,46,54142,卖盘
1828,13:14:51,11.78,--,14,16492,买盘
1829,13:14:42,11.78,--,14,16492,买盘
1830,13:14:30,11.78,0.01,15,17670,买盘
1831,13:14:27,11.77,-0.01,71,83567,卖盘
1832,13:14:24,11.78,--,201,236778,买盘
1833,13:14:21,11.78,--,44,51832,买盘
1834,13:14:18,11.78,0.01,101,118978,买盘
1835,13:14:15,11.77,-0.01,27,31779,卖盘
1836,13:14:12,11.78,0.01,14,16492,买盘
1837,13:14:09,11.77,--,11,12947,卖盘
1838,13:14:06,11.77,-0.01,1,1177,卖盘
1839,13:14:00,11.78,--,25,29450,买盘
1840,13:13:54,11.78,--,5,5890,买盘
1841,13:13:51,11.78,--,15,17670,买盘
1842,13:13:48,11.78,--,1,1178,买盘
1843,13:13:42,11.78,--,222,261516,买盘
1844,13:13:30,11.78,0.01,120,141360,买盘
1845,13:13:27,11.77,--,21,24717,卖盘
1846,13:13:24,11.77,-0.01,201,236577,卖盘
1847,13:13:21,11.78,--,73,85994,买盘
1848,13:13:18,11.78,--,21,24738,买盘
1849,13:13:15,11.78,--,82,96596,买盘
1850,13:13:12,11.78,0.01,14,16492,买盘
1851,13:13:09,11.77,--,21,24717,卖盘
1852,13:13:06,11.77,-0.01,316,371932,卖盘
1853,13:13:00,11.78,0.01,19,22382,买盘
1854,13:12:57,11.77,-0.01,1,1177,卖盘
1855,13:12:51,11.78,0.01,15,17670,买盘
1856,13:12:48,11.77,--,94,110638,卖盘
1857,13:12:45,11.77,--,10,11770,卖盘
1858,13:12:42,11.77,-0.01,52,61204,卖盘
1859,13:12:39,11.78,0.01,1232,1451296,买盘
1860,13:12:36,11.77,--,18,21186,卖盘
1861,13:12:33,11.77,-0.01,1,1177,卖盘
1862,13:12:30,11.78,0.01,14,16492,买盘
1863,13:12:27,11.77,-0.01,11,12947,卖盘
1864,13:12:24,11.78,--,50,58900,买盘
1865,13:12:21,11.78,0.01,268,315704,买盘
1866,13:12:18,11.77,-0.01,34,40018,卖盘
1867,13:12:12,11.78,--,81,95418,买盘
1868,13:12:09,11.78,0.01,16,18848,买盘
1869,13:12:06,11.77,--,1,1177,卖盘
1870,13:12:03,11.77,--,54,63558,卖盘
1871,13:12:00,11.77,-0.01,1,1177,卖盘
1872,13:11:57,11.78,--,6,7068,买盘
1873,13:11:51,11.78,--,76,89528,买盘
1874,13:11:48,11.78,--,43,50654,买盘
1875,13:11:42,11.78,0.01,14,16492,买盘
1876,13:11:39,11.77,--,2,2354,卖盘
1877,13:11:36,11.77,--,1,1177,卖盘
1878,13:11:33,11.77,--,138,162426,卖盘
1879,13:11:30,11.77,--,25,29425,卖盘
1880,13:11:27,11.77,--,1,1177,卖盘
1881,13:11:24,11.77,-0.01,25,29425,卖盘
1882,13:11:21,11.78,--,14,16492,买盘
1883,13:11:18,11.78,--,190,223820,买盘
1884,13:11:12,11.78,0.01,15,17670,买盘
1885,13:11:06,11.77,--,1,1177,卖盘
1886,13:11:03,11.77,-0.01,5,5885,卖盘
1887,13:11:00,11.78,0.01,154,181412,买盘
1888,13:10:57,11.77,--,12,14124,卖盘
1889,13:10:51,11.77,-0.01,25,29425,卖盘
1890,13:10:48,11.78,--,2,2356,买盘
1891,13:10:45,11.78,--,5,5890,买盘
1892,13:10:42,11.78,--,15,17670,买盘
1893,13:10:39,11.78,--,15,17670,买盘
1894,13:10:36,11.78,--,58,68324,买盘
1895,13:10:33,11.78,--,1,1178,买盘
1896,13:10:30,11.78,--,311,366358,卖盘
1897,13:10:27,11.78,--,1,1178,卖盘
1898,13:10:24,11.78,-0.01,14,16492,卖盘
1899,13:10:21,11.79,0.01,24,28295,买盘
1900,13:10:18,11.78,--,310,365180,卖盘
1901,13:10:12,11.78,--,1015,1195670,卖盘
1902,13:10:06,11.78,--,1,1178,卖盘
1903,13:10:03,11.78,--,12,14136,卖盘
1904,13:10:00,11.78,0.01,180,212040,买盘
1905,13:09:57,11.77,--,9,10593,卖盘
1906,13:09:51,11.77,-0.01,142,167134,卖盘
1907,13:09:48,11.78,--,321,378138,买盘
1908,13:09:45,11.78,--,20,23560,买盘
1909,13:09:42,11.78,--,14,16492,买盘
1910,13:09:36,11.78,--,243,286254,卖盘
1911,13:09:33,11.78,-0.01,20,23560,卖盘
1912,13:09:30,11.79,0.01,16,18864,买盘
1913,13:09:27,11.78,--,2,2356,卖盘
1914,13:09:24,11.78,-0.01,1,1178,卖盘
1915,13:09:21,11.79,0.01,27,31832,买盘
1916,13:09:18,11.78,--,21,24738,卖盘
1917,13:09:15,11.78,-0.01,230,270940,卖盘
1918,13:09:12,11.79,0.01,14,16506,买盘
1919,13:09:06,11.78,-0.01,32,37696,买盘
1920,13:09:03,11.79,0.01,96,113183,买盘
1921,13:08:57,11.78,--,1,1178,卖盘
1922,13:08:51,11.78,--,346,407588,卖盘
1923,13:08:48,11.78,--,27,31806,卖盘
1924,13:08:45,11.78,--,10,11780,卖盘
1925,13:08:42,11.78,--,19,22382,卖盘
1926,13:08:36,11.78,--,3,3534,卖盘
1927,13:08:33,11.78,-0.01,6,7068,卖盘
1928,13:08:30,11.79,0.01,15,17685,买盘
1929,13:08:24,11.78,-0.01,1,1178,卖盘
1930,13:08:21,11.79,0.01,14,16506,买盘
1931,13:08:15,11.78,--,557,656146,买盘
1932,13:08:12,11.78,0.01,204,240312,买盘
1933,13:08:03,11.77,-0.01,158,185966,卖盘
1934,13:08:00,11.78,0.01,15,17670,买盘
1935,13:07:57,11.77,-0.01,143,168311,卖盘
1936,13:07:54,11.78,--,69,81282,买盘
1937,13:07:51,11.78,--,14,16492,买盘
1938,13:07:48,11.78,0.01,132,155496,买盘
1939,13:07:42,11.77,-0.01,20,23540,卖盘
1940,13:07:36,11.78,--,10,11780,买盘
1941,13:07:33,11.78,0.01,11,12958,买盘
1942,13:07:30,11.77,-0.01,16,18832,卖盘
1943,13:07:27,11.78,--,1,1178,买盘
1944,13:07:24,11.78,--,72,84816,买盘
1945,13:07:21,11.78,0.01,759,894102,买盘
1946,13:07:18,11.77,-0.01,73,85921,卖盘
1947,13:07:15,11.78,--,11,12958,买盘
1948,13:07:12,11.78,--,203,239134,买盘
1949,13:07:03,11.78,--,14,16492,买盘
1950,13:07:00,11.78,--,22,25916,卖盘
1951,13:06:57,11.78,--,5,5890,卖盘
1952,13:06:54,11.78,--,21,24738,卖盘
1953,13:06:51,11.78,--,62,73036,买盘
1954,13:06:48,11.78,-0.01,38,44764,卖盘
1955,13:06:45,11.79,0.01,27,31832,买盘
1956,13:06:42,11.78,-0.01,40,47120,卖盘
1957,13:06:36,11.79,--,907,1069353,买盘
1958,13:06:33,11.79,0.01,14,16506,买盘
1959,13:06:30,11.78,--,11,12958,卖盘
1960,13:06:27,11.78,--,1,1178,卖盘
1961,13:06:24,11.78,0.01,1170,1378260,买盘
1962,13:06:21,11.77,0.01,4,4708,买盘
1963,13:06:18,11.76,-0.02,169,198744,卖盘
1964,13:06:15,11.78,--,3,3534,买盘
1965,13:06:12,11.78,0.01,15,17670,买盘
1966,13:06:09,11.77,-0.01,198,233046,卖盘
1967,13:06:06,11.78,--,20,23560,买盘
1968,13:06:00,11.78,0.01,14,16492,买盘
1969,13:05:57,11.77,--,6,7062,卖盘
1970,13:05:54,11.77,-0.01,14,16478,卖盘
1971,13:05:51,11.78,0.01,15,17670,买盘
1972,13:05:48,11.77,--,118,138886,买盘
1973,13:05:45,11.77,--,38,44726,买盘
1974,13:05:42,11.77,--,34,40018,买盘
1975,13:05:36,11.77,--,29,34133,卖盘
1976,13:05:33,11.77,-0.01,14,16478,卖盘
1977,13:05:30,11.78,0.01,24,28272,买盘
1978,13:05:24,11.77,--,15,17655,卖盘
1979,13:05:21,11.77,-0.01,6,7062,买盘
1980,13:05:18,11.78,0.01,15,17670,买盘
1981,13:05:15,11.77,-0.01,4,4708,卖盘
1982,13:05:12,11.78,0.02,15,17670,买盘
1983,13:05:09,11.76,-0.02,100,117600,卖盘
1984,13:05:06,11.78,--,158,186124,买盘
1985,13:05:00,11.78,0.01,14,16492,买盘
1986,13:04:57,11.77,-0.01,2,2354,卖盘
1987,13:04:51,11.78,0.02,14,16492,买盘
1988,13:04:45,11.76,-0.01,82,97196,卖盘
1989,13:04:42,11.77,--,58,68266,买盘
1990,13:04:39,11.77,--,59,69443,买盘
1991,13:04:36,11.77,--,5,5885,买盘
1992,13:04:33,11.77,-0.02,484,570079,卖盘
1993,13:04:30,11.79,0.01,18,21222,买盘
1994,13:04:27,11.78,-0.01,201,236778,卖盘
1995,13:04:24,11.79,--,2,2358,买盘
1996,13:04:21,11.79,--,14,16506,买盘
1997,13:04:18,11.79,0.01,23,27116,买盘
1998,13:04:15,11.78,-0.01,67,78926,卖盘
1999,13:04:12,11.79,0.01,15,17685,买盘
2000,13:04:09,11.78,-0.01,13,15314,卖盘
2001,13:04:06,11.79,0.01,248,292392,买盘
2002,13:04:03,11.78,-0.01,300,353400,卖盘
2003,13:04:00,11.79,0.01,14,16506,买盘
2004,13:03:57,11.78,-0.01,3,3534,卖盘
2005,13:03:51,11.79,--,30,35370,买盘
2006,13:03:48,11.79,--,1,1179,买盘
2007,13:03:42,11.79,--,142,167559,卖盘
2008,13:03:39,11.79,--,50,58949,卖盘
2009,13:03:36,11.79,--,0,1037,买盘
2010,13:03:33,11.79,--,51,60128,买盘
2011,13:03:30,11.79,--,157,185633,买盘
2012,13:03:27,11.79,0.01,7,8253,买盘
2013,13:03:24,11.78,--,1,1178,卖盘
2014,13:03:21,11.78,-0.01,17,20026,卖盘
2015,13:03:12,11.79,0.01,64,75456,买盘
2016,13:03:09,11.78,-0.01,1,1178,卖盘
2017,13:03:06,11.79,--,3,3536,买盘
2018,13:03:03,11.79,-0.01,646,761775,卖盘
2019,13:03:00,11.8,--,34,40120,买盘
2020,13:02:57,11.8,--,15,17700,买盘
2021,13:02:51,11.8,--,114,134520,买盘
2022,13:02:45,11.8,--,13,15340,买盘
2023,13:02:42,11.8,--,50,59000,买盘
2024,13:02:39,11.8,--,29,34220,买盘
2025,13:02:36,11.8,--,101,119180,买盘
2026,13:02:33,11.8,-0.01,23,27140,卖盘
2027,13:02:30,11.81,0.01,50,59050,买盘
2028,13:02:27,11.8,-0.01,515,607700,卖盘
2029,13:02:21,11.81,--,22,25982,买盘
2030,13:02:18,11.81,--,18,21258,买盘
2031,13:02:15,11.81,0.01,9,10629,买盘
2032,13:02:12,11.8,-0.01,79,93220,卖盘
2033,13:02:09,11.81,0.01,5,5905,买盘
2034,13:02:06,11.8,--,53,62540,卖盘
2035,13:02:03,11.8,-0.01,23,27140,卖盘
2036,13:02:00,11.81,0.01,204,240924,买盘
2037,13:01:57,11.8,-0.01,51,60180,卖盘
2038,13:01:54,11.81,--,358,422798,买盘
2039,13:01:51,11.81,--,14,16534,买盘
2040,13:01:48,11.81,0.01,42,49602,买盘
2041,13:01:42,11.8,-0.01,82,96760,卖盘
2042,13:01:39,11.81,--,10,11810,买盘
2043,13:01:36,11.81,--,56,66136,买盘
2044,13:01:33,11.81,--,50,59050,买盘
2045,13:01:30,11.81,0.01,48,56688,买盘
2046,13:01:27,11.8,-0.01,122,143960,卖盘
2047,13:01:24,11.81,--,326,385006,买盘
2048,13:01:21,11.81,--,30,35430,买盘
2049,13:01:18,11.81,0.01,22,25982,买盘
2050,13:01:15,11.8,-0.01,120,141600,卖盘
2051,13:01:12,11.81,--,98,115738,买盘
2052,13:01:09,11.81,--,6,7086,买盘
2053,13:01:06,11.81,--,50,59050,买盘
2054,13:01:03,11.81,--,8,9448,买盘
2055,13:01:00,11.81,--,110,129910,买盘
2056,13:00:57,11.81,--,49,57869,买盘
2057,13:00:54,11.81,--,96,113376,买盘
2058,13:00:51,11.81,--,28,33068,买盘
2059,13:00:48,11.81,--,91,107471,买盘
2060,13:00:45,11.81,--,54,63774,买盘
2061,13:00:42,11.81,--,19,22439,买盘
2062,13:00:39,11.81,0.01,54,63774,买盘
2063,13:00:33,11.8,0.01,811,956980,买盘
2064,13:00:30,11.79,--,152,180245,买盘
2065,13:00:27,11.79,--,35,41265,买盘
2066,13:00:24,11.79,--,9,10611,买盘
2067,13:00:21,11.79,--,15,17685,买盘
2068,13:00:18,11.79,--,5,5895,买盘
2069,13:00:15,11.79,-0.02,293,345588,卖盘
2070,13:00:12,11.81,0.01,14,16534,买盘
2071,13:00:09,11.8,0.01,25,29500,买盘
2072,13:00:06,11.79,--,296,348984,卖盘
2073,13:00:03,11.79,0.01,11213,13221164,买盘
2074,13:00:00,11.78,-0.01,3,3534,卖盘
2075,11:30:00,11.79,--,2,2358,买盘
2076,11:29:57,11.79,0.01,195,229904,买盘
2077,11:29:54,11.78,-0.01,6,7068,卖盘
2078,11:29:51,11.79,--,14,16506,买盘
2079,11:29:48,11.79,--,5,5895,买盘
2080,11:29:45,11.79,0.01,58,68382,买盘
2081,11:29:42,11.78,--,15,17670,卖盘
2082,11:29:36,11.78,-0.01,12,14136,卖盘
2083,11:29:33,11.79,--,1417,1670878,买盘
2084,11:29:30,11.79,0.01,42,49518,买盘
2085,11:29:27,11.78,-0.01,10,11780,卖盘
2086,11:29:24,11.79,0.01,47,55412,买盘
2087,11:29:21,11.78,-0.01,216,254448,卖盘
2088,11:29:15,11.79,0.01,12,14147,买盘
2089,11:29:12,11.78,--,296,348688,卖盘
2090,11:29:09,11.78,--,80,94240,卖盘
2091,11:29:06,11.78,--,89,104842,卖盘
2092,11:29:03,11.78,-0.01,25,29450,卖盘
2093,11:29:00,11.79,0.01,186,219293,买盘
2094,11:28:57,11.78,-0.01,20,23560,卖盘
2095,11:28:54,11.79,0.01,203,239336,买盘
2096,11:28:51,11.78,-0.01,19,22382,卖盘
2097,11:28:48,11.79,0.02,1409,1661210,买盘
2098,11:28:42,11.77,-0.01,34,40018,卖盘
2099,11:28:33,11.78,--,114,134292,买盘
2100,11:28:30,11.78,--,73,85994,买盘
2101,11:28:24,11.78,--,22,25916,买盘
2102,11:28:21,11.78,--,138,162564,卖盘
2103,11:28:15,11.78,-0.01,350,412300,卖盘
2104,11:28:12,11.79,--,14,16506,买盘
2105,11:28:09,11.79,0.01,14,16506,买盘
2106,11:28:03,11.78,--,25,29450,卖盘
2107,11:28:00,11.78,--,16,18848,卖盘
2108,11:27:57,11.78,--,82,96596,买盘
2109,11:27:54,11.78,--,117,137826,买盘
2110,11:27:51,11.78,--,108,127224,买盘
2111,11:27:48,11.78,-0.01,1914,2254692,卖盘
2112,11:27:42,11.79,--,25,29474,买盘
2113,11:27:39,11.79,--,112,132048,买盘
2114,11:27:30,11.79,0.01,34,40086,买盘
2115,11:27:27,11.78,-0.01,100,117800,卖盘
2116,11:27:24,11.79,--,35,41265,买盘
2117,11:27:21,11.79,--,54,63665,买盘
2118,11:27:18,11.79,0.01,72,84888,买盘
2119,11:27:12,11.78,--,24,28272,卖盘
2120,11:27:09,11.78,--,15,17670,卖盘
2121,11:27:06,11.78,--,193,227354,买盘
2122,11:27:03,11.78,--,7,8246,买盘
2123,11:27:00,11.78,--,33,38874,卖盘
2124,11:26:57,11.78,--,104,122512,卖盘
2125,11:26:51,11.78,--,127,149606,买盘
2126,11:26:48,11.78,--,100,117800,买盘
2127,11:26:45,11.78,--,5,5890,买盘
2128,11:26:42,11.78,0.01,24,28272,买盘
2129,11:26:39,11.77,-0.01,20,23540,卖盘
2130,11:26:36,11.78,--,26,30628,买盘
2131,11:26:33,11.78,--,7,8246,卖盘
2132,11:26:30,11.78,--,9,10602,买盘
2133,11:26:27,11.78,--,8,9424,卖盘
2134,11:26:24,11.78,0.01,10,11780,卖盘
2135,11:26:21,11.77,-0.01,125,147125,卖盘
2136,11:26:18,11.78,--,20,23560,买盘
2137,11:26:15,11.78,--,26,30628,买盘
2138,11:26:12,11.78,--,36,42408,买盘
2139,11:26:09,11.78,--,20,23560,买盘
2140,11:26:06,11.78,--,3,3534,中性盘
2141,11:26:03,11.78,--,128,150784,买盘
2142,11:26:00,11.78,--,14,16492,买盘
2143,11:25:57,11.78,--,12,14136,买盘
2144,11:25:54,11.78,--,20,23560,买盘
2145,11:25:51,11.78,0.01,55,64790,买盘
2146,11:25:48,11.77,-0.02,426,501402,卖盘
2147,11:25:45,11.79,0.01,56,66024,买盘
2148,11:25:42,11.78,0.01,20,23560,中性盘
2149,11:25:39,11.77,-0.01,9,10593,卖盘
2150,11:25:36,11.78,--,152,179056,买盘
2151,11:25:33,11.78,--,178,209684,买盘
2152,11:25:30,11.78,--,24,28272,买盘
2153,11:25:27,11.78,--,14,16492,买盘
2154,11:25:24,11.78,--,11,12958,买盘
2155,11:25:21,11.78,--,276,325128,卖盘
2156,11:25:18,11.78,-0.01,8,9424,卖盘
2157,11:25:12,11.79,0.01,129,152091,买盘
2158,11:25:09,11.78,--,10,11780,卖盘
2159,11:25:06,11.78,-0.01,21,24738,卖盘
2160,11:25:03,11.79,0.01,29,34191,买盘
2161,11:25:00,11.78,-0.01,39,45942,卖盘
2162,11:24:57,11.79,0.01,28,33012,买盘
2163,11:24:54,11.78,-0.01,161,189658,卖盘
2164,11:24:51,11.79,0.01,14,16506,买盘
2165,11:24:48,11.78,--,5,5890,卖盘
2166,11:24:45,11.78,--,20,23560,买盘
2167,11:24:42,11.78,0.01,134,157852,买盘
2168,11:24:39,11.77,-0.01,1,1177,卖盘
2169,11:24:36,11.78,--,21,24738,买盘
2170,11:24:33,11.78,--,20,23560,买盘
2171,11:24:30,11.78,--,14,16492,买盘
2172,11:24:27,11.78,--,20,23560,买盘
2173,11:24:24,11.78,--,43,50654,买盘
2174,11:24:21,11.78,--,14,16492,买盘
2175,11:24:18,11.78,--,10,11780,买盘
2176,11:24:15,11.78,--,40,47120,买盘
2177,11:24:12,11.78,--,24,28272,买盘
2178,11:24:09,11.78,0.01,80,94240,买盘
2179,11:24:06,11.77,-0.01,7,8239,卖盘
2180,11:24:03,11.78,--,20,23560,买盘
2181,11:24:00,11.78,--,100,117800,买盘
2182,11:23:57,11.78,--,282,332196,买盘
2183,11:23:54,11.78,--,7,8246,买盘
2184,11:23:51,11.78,--,21,24738,买盘
2185,11:23:48,11.78,--,11,12958,买盘
2186,11:23:45,11.78,--,369,434682,买盘
2187,11:23:42,11.78,--,16,18848,买盘
2188,11:23:39,11.78,--,244,287432,买盘
2189,11:23:36,11.78,--,13,15314,买盘
2190,11:23:33,11.78,--,364,428792,买盘
2191,11:23:30,11.78,0.01,16,18848,买盘
2192,11:23:27,11.77,--,8,9416,卖盘
2193,11:23:24,11.77,-0.01,73,85921,卖盘
2194,11:23:21,11.78,--,139,163742,买盘
2195,11:23:18,11.78,--,58,68324,买盘
2196,11:23:15,11.78,0.01,18,21204,买盘
2197,11:23:12,11.77,-0.01,26,30602,卖盘
2198,11:23:09,11.78,0.01,38,44764,买盘
2199,11:23:00,11.77,--,353,415481,买盘
2200,11:22:57,11.77,--,10,11770,买盘
2201,11:22:54,11.77,--,171,201267,买盘
2202,11:22:51,11.77,--,37,43549,买盘
2203,11:22:48,11.77,0.01,50,58850,买盘
2204,11:22:45,11.76,-0.01,202,237552,卖盘
2205,11:22:42,11.77,0.01,258,303666,买盘
2206,11:22:36,11.76,--,10,11760,卖盘
2207,11:22:33,11.76,-0.01,399,469224,卖盘
2208,11:22:30,11.77,--,34,40018,买盘
2209,11:22:27,11.77,--,20,23540,买盘
2210,11:22:24,11.77,--,138,162426,买盘
2211,11:22:21,11.77,--,14,16478,买盘
2212,11:22:12,11.77,--,24,28248,买盘
2213,11:22:06,11.77,--,8,9416,买盘
2214,11:22:03,11.77,0.01,14,16478,买盘
2215,11:21:54,11.76,-0.01,54,63504,卖盘
2216,11:21:51,11.77,0.01,56,65912,买盘
2217,11:21:48,11.76,--,538,632688,卖盘
2218,11:21:42,11.76,-0.01,44,51744,卖盘
2219,11:21:39,11.77,0.01,52,61204,买盘
2220,11:21:36,11.76,--,78,91728,买盘
2221,11:21:33,11.76,--,8,9408,买盘
2222,11:21:30,11.76,--,126,148176,买盘
2223,11:21:27,11.76,--,32,37632,买盘
2224,11:21:24,11.76,--,40,47040,买盘
2225,11:21:21,11.76,--,24,28224,买盘
2226,11:21:18,11.76,--,28,32928,卖盘
2227,11:21:15,11.76,--,167,196392,买盘
2228,11:21:12,11.76,--,31,36456,买盘
2229,11:21:09,11.76,0.01,400,470400,买盘
2230,11:21:06,11.75,-0.01,27,31725,卖盘
2231,11:21:03,11.76,--,35,41160,买盘
2232,11:21:00,11.76,--,170,199920,买盘
2233,11:20:57,11.76,--,18,21168,买盘
2234,11:20:54,11.76,0.01,62,72912,买盘
2235,11:20:51,11.75,-0.01,84,98700,卖盘
2236,11:20:45,11.76,--,50,58800,买盘
2237,11:20:42,11.76,0.01,102,119952,买盘
2238,11:20:39,11.75,-0.01,214,251450,卖盘
2239,11:20:36,11.76,--,55,64680,买盘
2240,11:20:33,11.76,--,61,71736,买盘
2241,11:20:30,11.76,0.01,89,104664,买盘
2242,11:20:27,11.75,--,190,223250,卖盘
2243,11:20:24,11.75,-0.01,4,4700,卖盘
2244,11:20:21,11.76,--,24,28224,买盘
2245,11:20:18,11.76,0.02,1577,1854552,买盘
2246,11:20:15,11.74,-0.01,31,36394,卖盘
2247,11:20:12,11.75,0.01,22,25850,买盘
2248,11:20:09,11.74,--,6,7044,卖盘
2249,11:20:03,11.74,-0.01,23,27002,卖盘
2250,11:20:00,11.75,0.01,19,22325,买盘
2251,11:19:57,11.74,--,10,11740,卖盘
2252,11:19:51,11.74,-0.01,44,51656,卖盘
2253,11:19:42,11.75,--,14,16450,买盘
2254,11:19:39,11.75,--,54,63450,买盘
2255,11:19:36,11.75,--,190,223250,买盘
2256,11:19:30,11.75,--,14,16450,买盘
2257,11:19:24,11.75,0.01,20,23500,买盘
2258,11:19:21,11.74,--,34,39916,卖盘
2259,11:19:18,11.74,-0.01,79,92746,卖盘
2260,11:19:15,11.75,0.01,28,32900,买盘
2261,11:19:12,11.74,-0.01,39,45786,卖盘
2262,11:19:06,11.75,0.01,14,16450,买盘
2263,11:19:03,11.74,-0.01,1,1174,卖盘
2264,11:19:00,11.75,--,74,86950,买盘
2265,11:18:57,11.75,--,120,141000,买盘
2266,11:18:54,11.75,--,5,5875,买盘
2267,11:18:51,11.75,--,26,30550,买盘
2268,11:18:42,11.75,--,132,155100,买盘
2269,11:18:39,11.75,-0.01,43,50525,卖盘
2270,11:18:36,11.76,--,99,116424,买盘
2271,11:18:33,11.76,--,112,131712,买盘
2272,11:18:30,11.76,0.01,44,51744,买盘
2273,11:18:27,11.75,-0.01,563,661525,卖盘
2274,11:18:21,11.76,0.01,25,29400,买盘
2275,11:18:18,11.75,-0.01,343,403025,卖盘
2276,11:18:15,11.76,--,4,4704,买盘
2277,11:18:12,11.76,0.01,17,19992,买盘
2278,11:18:09,11.75,--,92,108100,卖盘
2279,11:18:06,11.75,-0.01,12,14100,卖盘
2280,11:18:03,11.76,0.01,88,103488,买盘
2281,11:18:00,11.75,-0.01,378,444150,卖盘
2282,11:17:57,11.76,--,65,76440,买盘
2283,11:17:54,11.76,--,62,72912,买盘
2284,11:17:51,11.76,--,21,24696,买盘
2285,11:17:48,11.76,0.01,8,9408,买盘
2286,11:17:45,11.75,-0.01,1,1175,卖盘
2287,11:17:42,11.76,0.01,15,17640,买盘
2288,11:17:39,11.75,-0.01,121,142175,卖盘
2289,11:17:36,11.76,--,19,22344,买盘
2290,11:17:33,11.76,--,190,223440,买盘
2291,11:17:30,11.76,0.01,45,52920,买盘
2292,11:17:27,11.75,-0.01,14,16450,卖盘
2293,11:17:24,11.76,--,121,142296,买盘
2294,11:17:21,11.76,--,230,270480,买盘
2295,11:17:18,11.76,0.01,12,14112,买盘
2296,11:17:15,11.75,-0.01,63,74025,卖盘
2297,11:17:12,11.76,--,27,31752,买盘
2298,11:17:06,11.76,0.01,16,18816,买盘
2299,11:17:03,11.75,0.01,95,111625,买盘
2300,11:17:00,11.74,--,59,69266,卖盘
2301,11:16:57,11.74,-0.01,125,146750,卖盘
2302,11:16:54,11.75,--,11,12925,买盘
2303,11:16:51,11.75,--,153,179775,买盘
2304,11:16:48,11.75,--,63,74025,买盘
2305,11:16:45,11.75,--,193,226775,买盘
2306,11:16:42,11.75,--,206,242050,买盘
2307,11:16:39,11.75,--,37,43475,买盘
2308,11:16:36,11.75,--,34,39950,买盘
2309,11:16:33,11.75,--,327,384225,买盘
2310,11:16:30,11.75,--,268,314900,买盘
2311,11:16:27,11.75,--,151,177425,买盘
2312,11:16:24,11.75,--,105,123375,买盘
2313,11:16:21,11.75,--,35,41125,买盘
2314,11:16:18,11.75,--,1096,1287800,买盘
2315,11:16:15,11.75,--,39,45825,买盘
2316,11:16:12,11.75,--,16,18800,买盘
2317,11:16:09,11.75,--,130,152750,买盘
2318,11:16:03,11.75,--,135,158625,买盘
2319,11:16:00,11.75,0.01,36,42300,买盘
2320,11:15:57,11.74,-0.01,80,93920,卖盘
2321,11:15:54,11.75,--,3,3525,买盘
2322,11:15:51,11.75,--,14,16450,买盘
2323,11:15:48,11.75,--,19,22325,买盘
2324,11:15:42,11.75,0.01,47,55225,买盘
2325,11:15:36,11.74,--,175,205450,买盘
2326,11:15:33,11.74,--,5,5870,买盘
2327,11:15:30,11.74,--,15,17610,买盘
2328,11:15:27,11.74,--,190,223060,买盘
2329,11:15:21,11.74,--,34,39916,买盘
2330,11:15:15,11.74,--,41,48134,买盘
2331,11:15:12,11.74,--,132,154968,买盘
2332,11:15:06,11.74,--,263,308762,买盘
2333,11:15:03,11.74,--,143,167882,买盘
2334,11:15:00,11.74,0.01,5,5870,买盘
2335,11:14:57,11.73,-0.01,298,349554,卖盘
2336,11:14:51,11.74,--,14,16436,买盘
2337,11:14:48,11.74,--,6,7044,买盘
2338,11:14:45,11.74,0.01,16,18784,买盘
2339,11:14:42,11.73,-0.01,185,217005,卖盘
2340,11:14:36,11.74,0.01,25,29350,买盘
2341,11:14:33,11.73,-0.01,97,113781,卖盘
2342,11:14:30,11.74,--,16,18784,买盘
2343,11:14:27,11.74,0.01,211,247714,买盘
2344,11:14:24,11.73,-0.01,0,46,卖盘
2345,11:14:21,11.74,--,14,16436,买盘
2346,11:14:18,11.74,--,90,105660,买盘
2347,11:14:15,11.74,--,4,4696,买盘
2348,11:14:12,11.74,--,47,55178,买盘
2349,11:14:09,11.74,--,10,11740,买盘
2350,11:14:03,11.74,--,6,7044,买盘
2351,11:14:00,11.74,--,20,23480,买盘
2352,11:13:57,11.74,--,352,413248,买盘
2353,11:13:54,11.74,--,3,3522,买盘
2354,11:13:51,11.74,--,14,16436,买盘
2355,11:13:45,11.74,--,26,30524,买盘
2356,11:13:42,11.74,--,14,16436,买盘
2357,11:13:39,11.74,--,10,11740,买盘
2358,11:13:33,11.74,0.01,14,16436,买盘
2359,11:13:30,11.73,-0.01,2,2346,卖盘
2360,11:13:24,11.74,--,1,1174,买盘
2361,11:13:21,11.74,0.01,27,31862,买盘
2362,11:13:18,11.73,--,10,11730,买盘
2363,11:13:15,11.73,--,27,31671,买盘
2364,11:13:12,11.73,0.01,195,228735,买盘
2365,11:13:09,11.72,-0.01,129,151188,卖盘
2366,11:13:03,11.73,--,53,62169,买盘
2367,11:13:00,11.73,--,16,18768,买盘
2368,11:12:57,11.73,0.01,10,11730,买盘
2369,11:12:54,11.72,-0.01,20,23440,卖盘
2370,11:12:51,11.73,--,14,16422,买盘
2371,11:12:48,11.73,--,112,131376,买盘
2372,11:12:45,11.73,--,104,121992,买盘
2373,11:12:42,11.73,--,95,111435,买盘
2374,11:12:39,11.73,--,292,342516,买盘
2375,11:12:36,11.73,--,437,512601,买盘
2376,11:12:33,11.73,--,25,29325,买盘
2377,11:12:30,11.73,--,11,12903,买盘
2378,11:12:27,11.73,0.01,51,59823,买盘
2379,11:12:24,11.72,-0.01,5,5860,卖盘
2380,11:12:21,11.73,--,210,246330,买盘
2381,11:12:18,11.73,0.01,4,4692,买盘
2382,11:12:15,11.72,-0.01,38,44536,卖盘
2383,11:12:12,11.73,--,14,16422,买盘
2384,11:12:09,11.73,--,45,52785,买盘
2385,11:12:06,11.73,--,23,26979,买盘
2386,11:12:03,11.73,--,8,9384,买盘
2387,11:12:00,11.73,0.01,16,18768,买盘
2388,11:11:57,11.72,-0.01,23,26956,卖盘
2389,11:11:51,11.73,0.01,24,28152,买盘
2390,11:11:48,11.72,--,11,12892,卖盘
2391,11:11:42,11.72,-0.01,49,57428,卖盘
2392,11:11:39,11.73,--,15,17595,买盘
2393,11:11:36,11.73,--,1,1173,买盘
2394,11:11:33,11.73,--,34,39882,买盘
2395,11:11:30,11.73,--,353,414069,买盘
2396,11:11:27,11.73,--,55,64515,买盘
2397,11:11:21,11.73,0.01,211,247503,买盘
2398,11:11:18,11.72,--,5,5860,卖盘
2399,11:11:15,11.72,-0.01,34,39848,卖盘
2400,11:11:12,11.73,--,16,18768,买盘
2401,11:11:09,11.73,--,10,11730,买盘
2402,11:11:06,11.73,--,78,91494,买盘
2403,11:11:03,11.73,0.01,14,16422,买盘
2404,11:11:00,11.72,--,50,58600,卖盘
2405,11:10:54,11.72,-0.01,15,17580,卖盘
2406,11:10:51,11.73,--,28,32844,买盘
2407,11:10:42,11.73,--,101,118473,买盘
2408,11:10:33,11.73,0.01,14,16422,买盘
2409,11:10:30,11.72,--,34,39848,卖盘
2410,11:10:27,11.72,-0.01,5,5860,卖盘
2411,11:10:24,11.73,--,209,245157,买盘
2412,11:10:21,11.73,--,21,24633,买盘
2413,11:10:18,11.73,--,200,234600,买盘
2414,11:10:12,11.73,0.01,14,16422,买盘
2415,11:10:09,11.72,--,28,32816,卖盘
2416,11:10:06,11.72,-0.01,1,1172,卖盘
2417,11:10:03,11.73,0.01,15,17595,买盘
2418,11:10:00,11.72,--,2,2344,卖盘
2419,11:09:57,11.72,-0.01,78,91416,卖盘
2420,11:09:54,11.73,--,250,293250,买盘
2421,11:09:51,11.73,--,103,120819,买盘
2422,11:09:48,11.73,--,10,11730,买盘
2423,11:09:42,11.73,--,20,23460,买盘
2424,11:09:36,11.73,0.01,119,139587,买盘
2425,11:09:33,11.72,-0.01,6,7032,卖盘
2426,11:09:30,11.73,0.01,14,16422,买盘
2427,11:09:27,11.72,--,26,30472,卖盘
2428,11:09:24,11.72,--,37,43364,卖盘
2429,11:09:21,11.72,--,24,29089,买盘
2430,11:09:18,11.72,--,300,351600,买盘
2431,11:09:15,11.72,0.01,190,222680,买盘
2432,11:09:12,11.71,--,62,72602,卖盘
2433,11:09:06,11.71,-0.01,8,9368,卖盘
2434,11:09:00,11.72,--,14,16408,买盘
2435,11:08:57,11.72,0.01,21,24612,买盘
2436,11:08:54,11.71,-0.01,45,52695,卖盘
2437,11:08:51,11.72,0.01,14,16408,买盘
2438,11:08:45,11.71,--,4,4684,卖盘
2439,11:08:42,11.71,--,191,223661,卖盘
2440,11:08:39,11.71,-0.01,18,21078,卖盘
2441,11:08:33,11.72,0.01,15,17580,买盘
2442,11:08:30,11.71,-0.01,248,291344,卖盘
2443,11:08:21,11.72,0.01,17,19924,买盘
2444,11:08:18,11.71,-0.01,23,26933,卖盘
2445,11:08:15,11.72,--,211,247292,买盘
2446,11:08:12,11.72,--,14,16408,买盘
2447,11:08:09,11.72,0.01,3,3516,买盘
2448,11:08:06,11.71,--,20,23420,卖盘
2449,11:08:03,11.71,-0.01,26,30446,卖盘
2450,11:08:00,11.72,0.01,20,23440,买盘
2451,11:07:57,11.71,--,21,24591,卖盘
2452,11:07:54,11.71,-0.01,1,1171,卖盘
2453,11:07:51,11.72,--,49,57428,买盘
2454,11:07:42,11.72,--,14,16408,买盘
2455,11:07:39,11.72,--,4,4688,买盘
2456,11:07:36,11.72,0.01,10,11720,买盘
2457,11:07:33,11.71,-0.01,21,24591,卖盘
2458,11:07:30,11.72,--,10,11720,买盘
2459,11:07:21,11.72,--,14,16408,买盘
2460,11:07:15,11.72,--,3,3516,买盘
2461,11:07:12,11.72,0.01,306,358632,买盘
2462,11:07:09,11.71,--,1,1171,卖盘
2463,11:07:06,11.71,--,800,936800,卖盘
2464,11:07:03,11.71,-0.01,78,91338,卖盘
2465,11:07:00,11.72,0.01,2,2344,买盘
2466,11:06:54,11.71,-0.01,11,12881,卖盘
2467,11:06:51,11.72,0.01,49,57428,买盘
2468,11:06:48,11.71,--,11,12881,卖盘
2469,11:06:45,11.71,-0.01,25,29275,卖盘
2470,11:06:42,11.72,--,14,16408,买盘
2471,11:06:39,11.72,0.01,12,14064,买盘
2472,11:06:36,11.71,-0.01,8,9368,卖盘
2473,11:06:33,11.72,--,51,59772,买盘
2474,11:06:30,11.72,0.01,16,18752,买盘
2475,11:06:27,11.71,-0.01,28,32788,卖盘
2476,11:06:24,11.72,0.01,17,19924,买盘
2477,11:06:21,11.71,-0.01,24,28104,卖盘
2478,11:06:15,11.72,--,30,35160,买盘
2479,11:06:12,11.72,--,14,16408,买盘
2480,11:06:09,11.72,--,224,262528,买盘
2481,11:06:03,11.72,0.01,15,17580,买盘
2482,11:06:00,11.71,-0.01,79,92509,卖盘
2483,11:05:54,11.72,--,35,41020,买盘
2484,11:05:51,11.72,--,14,16408,买盘
2485,11:05:48,11.72,--,29,33988,买盘
2486,11:05:42,11.72,0.01,16,18752,买盘
2487,11:05:39,11.71,-0.01,1,1171,卖盘
2488,11:05:33,11.72,--,35,41020,买盘
2489,11:05:30,11.72,--,23,26956,买盘
2490,11:05:24,11.72,--,1,1172,买盘
2491,11:05:21,11.72,--,14,16408,买盘
2492,11:05:18,11.72,--,14,16408,买盘
2493,11:05:15,11.72,--,9,10548,买盘
2494,11:05:12,11.72,--,16,18752,买盘
2495,11:05:09,11.72,--,192,225024,买盘
2496,11:05:06,11.72,--,103,120716,买盘
2497,11:05:03,11.72,--,6,7032,买盘
2498,11:05:00,11.72,--,32,37504,买盘
2499,11:04:57,11.72,0.01,246,288312,买盘
2500,11:04:54,11.71,-0.01,11,12881,卖盘
2501,11:04:51,11.72,--,27,31644,买盘
2502,11:04:48,11.72,0.01,106,124232,买盘
2503,11:04:45,11.71,-0.01,116,135836,卖盘
2504,11:04:42,11.72,--,134,157048,买盘
2505,11:04:39,11.72,--,2,2344,买盘
2506,11:04:36,11.72,--,21,24612,买盘
2507,11:04:33,11.72,--,15,17580,买盘
2508,11:04:30,11.72,--,1,1172,买盘
2509,11:04:27,11.72,--,10,11720,买盘
2510,11:04:24,11.72,--,42,49224,买盘
2511,11:04:21,11.72,0.01,14,16408,买盘
2512,11:04:18,11.71,-0.01,14,16394,卖盘
2513,11:04:12,11.72,0.01,14,16408,买盘
2514,11:04:09,11.71,-0.01,6,7026,卖盘
2515,11:04:06,11.72,--,223,261356,买盘
2516,11:04:03,11.72,0.01,14,16408,买盘
2517,11:03:57,11.71,-0.01,235,275185,卖盘
2518,11:03:54,11.72,0.01,11,12892,买盘
2519,11:03:51,11.71,-0.01,16,18736,卖盘
2520,11:03:48,11.72,0.01,3,3516,买盘
2521,11:03:45,11.71,--,60,70494,买盘
2522,11:03:42,11.71,--,20,23420,买盘
2523,11:03:39,11.71,--,400,468400,买盘
2524,11:03:36,11.71,--,14,16394,买盘
2525,11:03:33,11.71,--,24,28104,买盘
2526,11:03:30,11.71,0.01,149,174479,买盘
2527,11:03:27,11.7,-0.01,10,11700,卖盘
2528,11:03:24,11.71,--,91,106561,买盘
2529,11:03:21,11.71,--,15,17565,买盘
2530,11:03:18,11.71,--,112,131152,买盘
2531,11:03:12,11.71,--,14,16394,买盘
2532,11:03:09,11.71,0.01,670,784570,买盘
2533,11:03:06,11.7,-0.01,66,77220,卖盘
2534,11:03:03,11.71,0.01,190,222490,买盘
2535,11:03:00,11.7,--,162,189540,卖盘
2536,11:02:54,11.7,-0.01,2,2340,卖盘
2537,11:02:51,11.71,0.01,14,16394,买盘
2538,11:02:48,11.7,-0.01,5,5850,卖盘
2539,11:02:42,11.71,0.01,101,118271,买盘
2540,11:02:39,11.7,--,32,37440,买盘
2541,11:02:36,11.7,--,20,23400,买盘
2542,11:02:33,11.7,-0.01,75,87750,卖盘
2543,11:02:30,11.71,0.01,2,2342,买盘
2544,11:02:27,11.7,-0.01,118,138060,卖盘
2545,11:02:24,11.71,--,100,117100,买盘
2546,11:02:21,11.71,0.01,17,19907,买盘
2547,11:02:18,11.7,-0.01,2,2340,卖盘
2548,11:02:15,11.71,0.01,10,11710,买盘
2549,11:02:12,11.7,--,22,25740,卖盘
2550,11:02:09,11.7,--,7,8189,卖盘
2551,11:02:06,11.7,--,46,53820,卖盘
2552,11:02:03,11.7,--,211,246869,卖盘
2553,11:01:57,11.7,--,70,81900,卖盘
2554,11:01:54,11.7,--,111,129869,买盘
2555,11:01:51,11.7,--,32,37440,买盘
2556,11:01:48,11.7,--,191,223470,卖盘
2557,11:01:45,11.7,--,21,24605,买盘
2558,11:01:42,11.7,--,48,57294,卖盘
2559,11:01:39,11.7,--,3,3510,卖盘
2560,11:01:36,11.7,--,10,11700,卖盘
2561,11:01:33,11.7,--,54,63179,卖盘
2562,11:01:30,11.7,--,74,86615,买盘
2563,11:01:27,11.7,--,49,57330,买盘
2564,11:01:21,11.7,--,40,46800,买盘
2565,11:01:18,11.7,--,212,248039,买盘
2566,11:01:15,11.7,--,1,1170,买盘
2567,11:01:12,11.7,--,15,17550,买盘
2568,11:01:09,11.7,--,93,108810,买盘
2569,11:01:06,11.7,--,10,11700,买盘
2570,11:01:03,11.7,--,207,242189,买盘
2571,11:01:00,11.7,0.01,205,239849,买盘
2572,11:00:57,11.69,-0.01,39,45591,卖盘
2573,11:00:54,11.7,--,5,5850,买盘
2574,11:00:51,11.7,--,14,16379,买盘
2575,11:00:48,11.7,0.01,123,143910,买盘
2576,11:00:45,11.69,-0.01,10,11690,卖盘
2577,11:00:42,11.7,0.01,17,19890,买盘
2578,11:00:33,11.69,-0.01,28,32732,卖盘
2579,11:00:30,11.7,0.01,97,113490,买盘
2580,11:00:27,11.69,--,47,54943,卖盘
2581,11:00:24,11.69,-0.01,1,1169,卖盘
2582,11:00:21,11.7,--,24,28080,买盘
2583,11:00:18,11.7,--,30,36234,卖盘
2584,11:00:15,11.7,-0.01,150,175535,卖盘
2585,11:00:12,11.71,0.01,141,165111,买盘
2586,11:00:06,11.7,--,19,22230,卖盘
2587,11:00:03,11.7,--,24,28080,卖盘
2588,10:59:57,11.7,0.01,74,86580,买盘
2589,10:59:54,11.69,-0.01,20,23380,卖盘
2590,10:59:51,11.7,--,117,136890,买盘
2591,10:59:48,11.7,--,342,400140,卖盘
2592,10:59:42,11.7,--,52,60839,卖盘
2593,10:59:39,11.7,--,6,7020,卖盘
2594,10:59:36,11.7,0.01,643,752310,买盘
2595,10:59:33,11.69,-0.01,132,154308,卖盘
2596,10:59:30,11.7,--,13,15209,买盘
2597,10:59:27,11.7,0.01,101,118170,买盘
2598,10:59:24,11.69,-0.01,50,58450,卖盘
2599,10:59:21,11.7,--,136,159120,买盘
2600,10:59:18,11.7,0.01,3,3510,买盘
2601,10:59:15,11.69,--,1,1169,卖盘
2602,10:59:12,11.69,--,27,31563,卖盘
2603,10:59:09,11.69,--,52,60788,卖盘
2604,10:59:06,11.69,--,12,14028,卖盘
2605,10:59:03,11.69,-0.01,20,23380,卖盘
2606,10:59:00,11.7,--,35,40950,买盘
2607,10:58:57,11.7,0.01,199,232830,买盘
2608,10:58:54,11.69,-0.01,44,51436,卖盘
2609,10:58:51,11.7,--,14,16379,买盘
2610,10:58:42,11.7,--,20,23400,买盘
2611,10:58:36,11.7,--,202,236340,买盘
2612,10:58:33,11.7,--,118,138060,买盘
2613,10:58:30,11.7,0.01,21,24570,买盘
2614,10:58:27,11.69,--,729,852201,卖盘
2615,10:58:21,11.69,--,19,22211,卖盘
2616,10:58:18,11.69,--,27,31563,卖盘
2617,10:58:15,11.69,-0.01,228,267210,卖盘
2618,10:58:12,11.7,--,30,35100,卖盘
2619,10:58:09,11.7,-0.01,16,18720,卖盘
2620,10:58:06,11.71,0.01,2,2342,买盘
2621,10:58:03,11.7,-0.01,13,15209,卖盘
2622,10:58:00,11.71,0.01,54,63234,买盘
2623,10:57:57,11.7,--,19,22230,卖盘
2624,10:57:54,11.7,--,228,266760,卖盘
2625,10:57:51,11.7,--,42,49140,卖盘
2626,10:57:45,11.7,--,25,29250,卖盘
2627,10:57:42,11.7,--,19,22230,卖盘
2628,10:57:39,11.7,--,26,30419,卖盘
2629,10:57:36,11.7,--,30,35100,卖盘
2630,10:57:33,11.7,-0.01,319,373721,卖盘
2631,10:57:30,11.71,--,46,53866,买盘
2632,10:57:24,11.71,0.01,30,35130,买盘
2633,10:57:21,11.7,--,81,94770,买盘
2634,10:57:18,11.7,0.01,239,279630,买盘
2635,10:57:15,11.69,-0.01,306,357714,卖盘
2636,10:57:12,11.7,0.01,34,39780,买盘
2637,10:57:09,11.69,-0.01,50,58450,卖盘
2638,10:57:06,11.7,--,1,1170,买盘
2639,10:57:03,11.7,--,16,18720,买盘
2640,10:57:00,11.7,0.01,14,16379,买盘
2641,10:56:51,11.69,-0.01,445,520205,卖盘
2642,10:56:48,11.7,--,137,160290,卖盘
2643,10:56:45,11.7,--,4,4680,卖盘
2644,10:56:42,11.7,--,42,49140,买盘
2645,10:56:39,11.7,0.01,30,35100,买盘
2646,10:56:36,11.69,-0.02,26,30394,卖盘
2647,10:56:33,11.71,0.02,14,16394,买盘
2648,10:56:30,11.69,--,100,116900,卖盘
2649,10:56:27,11.69,-0.01,113,132097,卖盘
2650,10:56:24,11.7,--,10,11700,买盘
2651,10:56:21,11.7,0.01,26,30419,买盘
2652,10:56:18,11.69,-0.01,33,38577,卖盘
2653,10:56:12,11.7,0.01,14,16379,买盘
2654,10:56:09,11.69,--,22,25718,卖盘
2655,10:56:03,11.69,-0.02,158,184702,卖盘
2656,10:56:00,11.71,0.02,15,17565,买盘
2657,10:55:57,11.69,-0.02,10,11690,卖盘
2658,10:55:51,11.71,0.02,204,238884,买盘
2659,10:55:48,11.69,--,5,5845,卖盘
2660,10:55:45,11.69,-0.01,23,26887,卖盘
2661,10:55:42,11.7,--,62,72540,买盘
2662,10:55:33,11.7,--,8,9360,买盘
2663,10:55:30,11.7,--,14,16379,买盘
2664,10:55:27,11.7,--,44,51480,买盘
2665,10:55:24,11.7,--,30,35100,买盘
2666,10:55:21,11.7,--,44,51480,买盘
2667,10:55:18,11.7,--,5,5850,中性盘
2668,10:55:15,11.7,-0.01,2,2340,卖盘
2669,10:55:12,11.71,0.01,38,44498,买盘
2670,10:55:09,11.7,-0.01,263,307710,卖盘
2671,10:55:06,11.71,--,145,169795,买盘
2672,10:55:03,11.71,--,3,3513,买盘
2673,10:55:00,11.71,0.01,14,16394,买盘
2674,10:54:57,11.7,-0.01,57,66690,卖盘
2675,10:54:51,11.71,0.01,14,16394,买盘
2676,10:54:48,11.7,0.01,22,25740,买盘
2677,10:54:45,11.69,-0.01,92,107548,卖盘
2678,10:54:42,11.7,0.01,25,29250,买盘
2679,10:54:39,11.69,-0.01,20,23380,卖盘
2680,10:54:36,11.7,0.01,8,9360,买盘
2681,10:54:33,11.69,-0.01,37,43253,卖盘
2682,10:54:27,11.7,--,18,21060,买盘
2683,10:54:24,11.7,--,33,38610,买盘
2684,10:54:21,11.7,--,14,16379,买盘
2685,10:54:18,11.7,--,3,3510,买盘
2686,10:54:12,11.7,--,53,62009,买盘
2687,10:54:03,11.7,0.01,14,16379,买盘
2688,10:54:00,11.69,--,1,1169,卖盘
2689,10:53:57,11.69,-0.01,1,1169,卖盘
2690,10:53:54,11.7,-0.01,124,145080,卖盘
2691,10:53:51,11.71,0.01,14,16394,买盘
2692,10:53:48,11.7,--,20,23400,卖盘
2693,10:53:45,11.7,--,52,60839,买盘
2694,10:53:42,11.7,--,43,50310,买盘
2695,10:53:36,11.7,--,26,30419,买盘
2696,10:53:33,11.7,--,10,11700,买盘
2697,10:53:30,11.7,-0.01,463,541710,卖盘
2698,10:53:27,11.71,0.01,8,9368,买盘
2699,10:53:21,11.7,--,26,30419,卖盘
2700,10:53:18,11.7,--,5,5850,卖盘
2701,10:53:15,11.7,-0.01,11,12870,卖盘
2702,10:53:12,11.71,0.01,14,16394,买盘
2703,10:53:09,11.7,--,45,52650,卖盘
2704,10:53:06,11.7,-0.01,144,168480,卖盘
2705,10:53:03,11.71,0.01,14,16394,买盘
2706,10:53:00,11.7,-0.01,4,4680,卖盘
2707,10:52:54,11.71,0.01,17,19907,买盘
2708,10:52:51,11.7,--,69,80730,卖盘
2709,10:52:48,11.7,-0.01,47,54990,卖盘
2710,10:52:45,11.71,--,209,244739,买盘
2711,10:52:42,11.71,0.01,35,40985,买盘
2712,10:52:39,11.7,-0.01,5,5850,卖盘
2713,10:52:33,11.71,0.01,14,16394,买盘
2714,10:52:30,11.7,--,21,24570,卖盘
2715,10:52:27,11.7,-0.01,19,22230,卖盘
2716,10:52:21,11.71,--,14,16394,买盘
2717,10:52:18,11.71,--,45,52695,买盘
2718,10:52:12,11.71,--,54,63234,买盘
2719,10:52:09,11.71,--,2,2342,买盘
2720,10:52:00,11.71,0.01,14,16394,买盘
2721,10:51:57,11.7,--,30,35100,卖盘
2722,10:51:54,11.7,-0.01,15,17550,卖盘
2723,10:51:51,11.71,0.01,15,17565,买盘
2724,10:51:42,11.7,--,122,142740,买盘
2725,10:51:39,11.7,--,9,10530,买盘
2726,10:51:36,11.7,--,146,170820,买盘
2727,10:51:30,11.7,--,14,16379,买盘
2728,10:51:27,11.7,--,60,70200,买盘
2729,10:51:24,11.7,-0.01,5,5850,中性盘
2730,10:51:21,11.71,0.01,60,70260,买盘
2731,10:51:18,11.7,--,39,45630,买盘
2732,10:51:12,11.7,--,16,18720,买盘
2733,10:51:09,11.7,0.01,1,1170,卖盘
2734,10:51:06,11.69,-0.02,34,39746,卖盘
2735,10:51:03,11.71,0.01,44,51524,买盘
2736,10:51:00,11.7,0.01,4,4680,买盘
2737,10:50:57,11.69,-0.01,10,11690,卖盘
2738,10:50:54,11.7,0.01,5,5850,中性盘
2739,10:50:51,11.69,-0.02,30,35070,卖盘
2740,10:50:42,11.71,--,14,16394,买盘
2741,10:50:39,11.71,0.02,226,264646,买盘
2742,10:50:33,11.69,-0.01,20,23380,卖盘
2743,10:50:30,11.7,-0.01,4,4680,买盘
2744,10:50:27,11.71,--,230,269330,买盘
2745,10:50:21,11.71,0.01,20,23420,买盘
2746,10:50:15,11.7,-0.01,360,421200,卖盘
2747,10:50:12,11.71,0.01,62,72602,买盘
2748,10:50:09,11.7,--,20,23400,卖盘
2749,10:50:06,11.7,--,103,120509,卖盘
2750,10:50:03,11.7,--,80,93600,卖盘
2751,10:50:00,11.7,0.01,7,8189,买盘
2752,10:49:57,11.69,--,4,4676,卖盘
2753,10:49:54,11.69,--,1,1169,卖盘
2754,10:49:51,11.69,--,28,32732,卖盘
2755,10:49:45,11.69,-0.02,100,116900,卖盘
2756,10:49:42,11.71,0.01,14,16394,买盘
2757,10:49:39,11.7,--,102,119340,买盘
2758,10:49:33,11.7,0.01,15,17550,中性盘
2759,10:49:30,11.69,--,532,621908,卖盘
2760,10:49:21,11.69,-0.01,34,39746,卖盘
2761,10:49:15,11.7,--,2,2340,买盘
2762,10:49:12,11.7,--,25,29250,买盘
2763,10:49:09,11.7,--,28,32759,买盘
2764,10:49:00,11.7,0.01,18,21060,买盘
2765,10:48:57,11.69,-0.01,4,4676,卖盘
2766,10:48:54,11.7,--,2,2340,买盘
2767,10:48:51,11.7,--,24,28080,买盘
2768,10:48:42,11.7,--,14,16379,买盘
2769,10:48:39,11.7,--,10,11700,买盘
2770,10:48:36,11.7,--,192,224640,买盘
2771,10:48:30,11.7,--,214,250379,买盘
2772,10:48:27,11.7,0.01,45,52650,买盘
2773,10:48:24,11.69,-0.01,54,63827,卖盘
2774,10:48:21,11.7,0.01,14,16379,买盘
2775,10:48:18,11.69,--,79,92351,卖盘
2776,10:48:15,11.69,-0.01,6,7014,卖盘
2777,10:48:12,11.7,0.01,14,16379,买盘
2778,10:48:09,11.69,--,13,15197,卖盘
2779,10:48:06,11.69,-0.01,24,28056,卖盘
