,time,price,change,volume,amount,type
0,15:00:03,11.45,0.01,3908,4475576,买盘
1,14:57:00,11.44,--,30,34320,卖盘
2,14:56:57,11.44,-0.01,20,22880,卖盘
3,14:56:51,11.45,--,81,92745,买盘
4,14:56:48,11.45,--,81,92745,买盘
5,14:56:45,11.45,0.01,16,18320,买盘
6,14:56:42,11.44,-0.01,18,20592,卖盘
7,14:56:39,11.45,0.01,170,194672,买盘
8,14:56:36,11.44,-0.01,2,2288,卖盘
9,14:56:33,11.45,--,12,13740,买盘
10,14:56:30,11.45,0.01,33,37785,买盘
11,14:56:27,11.44,-0.01,84,96096,卖盘
12,14:56:24,11.45,0.01,38,43510,买盘
13,14:56:21,11.44,-0.01,215,245960,卖盘
14,14:56:18,11.45,--,637,729365,买盘
15,14:56:15,11.45,0.01,2,2290,买盘
16,14:56:12,11.44,--,1,1144,卖盘
17,14:56:09,11.44,-0.01,5,5720,卖盘
18,14:56:00,11.45,0.01,109,124804,买盘
19,14:55:57,11.44,-0.01,121,138424,卖盘
20,14:55:54,11.45,0.01,1000,1145000,买盘
21,14:55:51,11.44,0.01,172,196768,中性盘
22,14:55:48,11.43,-0.01,212,242316,卖盘
23,14:55:42,11.44,--,49,56056,买盘
24,14:55:39,11.44,0.01,114,130416,买盘
25,14:55:36,11.43,-0.01,10,11430,卖盘
26,14:55:33,11.44,--,22,25168,买盘
27,14:55:30,11.44,0.01,63,72072,买盘
28,14:55:27,11.43,--,113,129159,买盘
29,14:55:24,11.43,--,49,56007,买盘
30,14:55:21,11.43,--,113,129159,买盘
31,14:55:18,11.43,--,249,284607,卖盘
32,14:55:15,11.43,--,122,139446,卖盘
33,14:55:12,11.43,0.01,53,60579,买盘
34,14:55:09,11.42,-0.01,144,164448,卖盘
35,14:55:06,11.43,-0.01,301,344043,中性盘
36,14:55:03,11.44,0.01,257,294008,买盘
37,14:55:00,11.43,-0.01,303,346329,中性盘
38,14:54:57,11.44,0.01,678,775632,买盘
39,14:54:54,11.43,--,295,337185,买盘
40,14:54:51,11.43,--,65,74295,买盘
41,14:54:48,11.43,--,5,5715,买盘
42,14:54:45,11.43,--,61,69723,买盘
43,14:54:39,11.43,-0.01,19,21717,买盘
44,14:54:33,11.44,0.01,481,550264,买盘
45,14:54:30,11.43,-0.01,103,117729,卖盘
46,14:54:27,11.44,0.01,23,26312,买盘
47,14:54:24,11.43,--,25,28575,卖盘
48,14:54:21,11.43,-0.01,211,241173,卖盘
49,14:54:18,11.44,0.01,12,13728,买盘
50,14:54:15,11.43,-0.01,64,73152,卖盘
51,14:54:12,11.44,--,39,44616,买盘
52,14:54:09,11.44,--,8,9152,买盘
53,14:54:06,11.44,0.01,27,30888,买盘
54,14:54:00,11.43,-0.01,89,101727,卖盘
55,14:53:57,11.44,--,68,77792,买盘
56,14:53:54,11.44,--,26,29744,买盘
57,14:53:51,11.44,--,14,16016,买盘
58,14:53:48,11.44,0.01,19,21736,买盘
59,14:53:45,11.43,--,793,906399,买盘
60,14:53:39,11.43,--,133,152019,买盘
61,14:53:36,11.43,0.01,123,141274,买盘
62,14:53:33,11.42,--,3,3426,买盘
63,14:53:30,11.42,--,240,274080,买盘
64,14:53:27,11.42,--,2,2284,买盘
65,14:53:24,11.42,--,357,407694,买盘
66,14:53:18,11.42,--,325,371150,买盘
67,14:53:15,11.42,0.01,400,456800,买盘
68,14:53:09,11.41,--,27,30807,卖盘
69,14:53:06,11.41,--,30,34230,买盘
70,14:53:03,11.41,--,230,262430,买盘
71,14:53:00,11.41,--,13,14833,买盘
72,14:52:57,11.41,--,119,135779,买盘
73,14:52:51,11.41,0.01,5,5705,买盘
74,14:52:48,11.4,-0.01,148,168720,卖盘
75,14:52:45,11.41,0.01,4,4564,买盘
76,14:52:42,11.4,--,13,14820,卖盘
77,14:52:39,11.4,--,42,47994,买盘
78,14:52:36,11.4,--,81,92340,买盘
79,14:52:33,11.4,--,193,220020,买盘
80,14:52:30,11.4,--,42,47880,买盘
81,14:52:27,11.4,--,210,239400,买盘
82,14:52:24,11.4,--,190,216600,卖盘
83,14:52:21,11.4,-0.01,34,38760,卖盘
84,14:52:18,11.41,0.01,33,37653,买盘
85,14:52:15,11.4,--,11,12540,卖盘
86,14:52:09,11.4,--,11,12540,卖盘
87,14:52:06,11.4,--,260,296400,买盘
88,14:52:03,11.4,--,768,875520,买盘
89,14:52:00,11.4,--,167,190380,买盘
90,14:51:57,11.4,--,242,275880,买盘
91,14:51:54,11.4,--,7,7980,买盘
92,14:51:51,11.4,--,42,47880,买盘
93,14:51:48,11.4,--,72,82080,买盘
94,14:51:45,11.4,--,189,215460,买盘
95,14:51:42,11.4,--,33,37620,买盘
96,14:51:39,11.4,--,27,30780,买盘
97,14:51:36,11.4,--,80,91200,买盘
98,14:51:33,11.4,0.01,204,232560,买盘
99,14:51:30,11.39,-0.01,177,201603,卖盘
100,14:51:27,11.4,--,33,37620,买盘
101,14:51:24,11.4,--,34,38760,买盘
102,14:51:21,11.4,--,21,23940,买盘
103,14:51:18,11.4,--,25,28500,买盘
104,14:51:09,11.4,0.01,86,98040,买盘
105,14:51:06,11.39,--,241,274499,买盘
106,14:51:03,11.39,0.01,215,244885,买盘
107,14:51:00,11.38,--,19,21622,卖盘
108,14:50:57,11.38,-0.01,152,172976,卖盘
109,14:50:54,11.39,0.01,52,59228,买盘
110,14:50:51,11.38,-0.01,63,71694,卖盘
111,14:50:48,11.39,--,53,60367,买盘
112,14:50:45,11.39,--,19,21641,买盘
113,14:50:42,11.39,--,111,126429,买盘
114,14:50:39,11.39,--,8,9112,买盘
115,14:50:33,11.39,--,200,227800,买盘
116,14:50:30,11.39,--,79,89981,买盘
117,14:50:27,11.39,--,73,83147,买盘
118,14:50:24,11.39,--,8,9112,买盘
119,14:50:21,11.39,0.01,26,29614,买盘
120,14:50:18,11.38,--,30,34140,买盘
121,14:50:15,11.38,--,31,35278,买盘
122,14:50:12,11.38,--,78,88764,买盘
123,14:50:09,11.38,--,18,20484,买盘
124,14:50:06,11.38,--,100,113800,买盘
125,14:50:03,11.38,--,741,843258,卖盘
126,14:50:00,11.38,--,2,2276,卖盘
127,14:49:57,11.38,-0.01,6,6828,卖盘
128,14:49:45,11.39,--,95,108205,买盘
129,14:49:42,11.39,--,8,9112,买盘
130,14:49:39,11.39,--,350,398650,买盘
131,14:49:33,11.39,0.01,18,20502,买盘
132,14:49:30,11.38,-0.01,10,11380,卖盘
133,14:49:24,11.39,--,28,31892,买盘
134,14:49:18,11.39,--,1,1139,买盘
135,14:49:15,11.39,--,20,22780,买盘
136,14:49:12,11.39,--,24,27336,买盘
137,14:49:09,11.39,--,57,64923,买盘
138,14:49:06,11.39,0.01,274,312086,买盘
139,14:49:03,11.38,--,320,364160,卖盘
140,14:48:57,11.38,--,10,11380,买盘
141,14:48:54,11.38,--,63,71694,买盘
142,14:48:48,11.38,--,61,69418,买盘
143,14:48:42,11.38,0.01,15,17070,买盘
144,14:48:39,11.37,-0.01,53,60260,卖盘
145,14:48:30,11.38,--,47,53486,买盘
146,14:48:27,11.38,--,1,1138,买盘
147,14:48:24,11.38,--,57,64866,买盘
148,14:48:21,11.38,-0.01,226,257188,卖盘
149,14:48:18,11.39,0.01,204,232356,买盘
150,14:48:12,11.38,--,34,38692,买盘
151,14:48:09,11.38,-0.01,16,18208,卖盘
152,14:48:06,11.39,--,18,20502,买盘
153,14:48:03,11.39,0.01,217,247163,买盘
154,14:48:00,11.38,--,10,11380,买盘
155,14:47:57,11.38,0.01,1,1138,买盘
156,14:47:48,11.37,-0.01,2,2274,卖盘
157,14:47:45,11.38,--,29,33002,买盘
158,14:47:39,11.38,--,37,42106,买盘
159,14:47:33,11.38,--,10,11380,买盘
160,14:47:30,11.38,0.01,143,162734,买盘
161,14:47:27,11.37,--,1,1137,买盘
162,14:47:21,11.37,-0.01,1364,1550868,卖盘
163,14:47:18,11.38,--,77,87626,买盘
164,14:47:12,11.38,--,48,54624,买盘
165,14:47:06,11.38,--,1,1138,买盘
166,14:47:03,11.38,--,127,144526,买盘
167,14:47:00,11.38,--,38,43244,买盘
168,14:46:51,11.38,0.01,80,91040,买盘
169,14:46:48,11.37,-0.01,13,14780,卖盘
170,14:46:45,11.38,--,5,5690,买盘
171,14:46:39,11.38,--,19,21622,买盘
172,14:46:33,11.38,--,13,14794,买盘
173,14:46:30,11.38,-0.01,445,506410,卖盘
174,14:46:27,11.39,--,32,36448,买盘
175,14:46:24,11.39,--,29,33031,买盘
176,14:46:18,11.39,0.01,10,11390,买盘
177,14:46:12,11.38,--,15,17070,卖盘
178,14:46:03,11.38,0.01,151,171838,买盘
179,14:46:00,11.37,-0.01,54,61397,卖盘
180,14:45:57,11.38,--,145,165010,买盘
181,14:45:54,11.38,--,26,29588,买盘
182,14:45:51,11.38,--,296,336848,卖盘
183,14:45:45,11.38,-0.01,27,30726,卖盘
184,14:45:39,11.39,0.01,9,10251,买盘
185,14:45:36,11.38,-0.01,9,10242,卖盘
186,14:45:33,11.39,--,59,67201,买盘
187,14:45:27,11.39,--,26,29614,买盘
188,14:45:24,11.39,--,55,62645,买盘
189,14:45:21,11.39,--,500,569500,买盘
190,14:45:15,11.39,0.01,18,20502,买盘
191,14:45:06,11.38,--,462,525756,买盘
192,14:45:00,11.38,--,50,56900,买盘
193,14:44:57,11.38,--,1,1138,买盘
194,14:44:51,11.38,--,14,15932,买盘
195,14:44:48,11.38,-0.01,146,166148,卖盘
196,14:44:42,11.39,--,16,18224,买盘
197,14:44:36,11.39,--,20,22780,买盘
198,14:44:33,11.39,0.01,1,1139,买盘
199,14:44:30,11.38,-0.01,130,147940,卖盘
200,14:44:24,11.39,--,49,55811,买盘
201,14:44:21,11.39,--,88,100232,买盘
202,14:44:15,11.39,0.01,312,355368,买盘
203,14:44:12,11.38,--,225,256050,买盘
204,14:44:09,11.38,--,4,4552,买盘
205,14:44:03,11.38,--,43,48934,买盘
206,14:44:00,11.38,-0.01,29,33002,卖盘
207,14:43:57,11.39,0.01,11,12529,买盘
208,14:43:54,11.38,-0.01,149,169562,卖盘
209,14:43:51,11.39,--,8,9112,买盘
210,14:43:45,11.39,--,45,51255,买盘
211,14:43:42,11.39,--,34,38726,买盘
212,14:43:39,11.39,--,10,11390,买盘
213,14:43:36,11.39,0.01,18,20502,买盘
214,14:43:30,11.38,0.01,5,5690,中性盘
215,14:43:27,11.37,-0.01,180,204660,卖盘
216,14:43:24,11.38,-0.01,3,3414,卖盘
217,14:43:21,11.39,--,80,91120,买盘
218,14:43:15,11.39,0.01,200,227800,买盘
219,14:43:12,11.38,--,274,311812,买盘
220,14:43:09,11.38,--,15,17070,买盘
221,14:43:06,11.38,--,76,86488,买盘
222,14:43:03,11.38,--,43,48934,买盘
223,14:43:00,11.38,--,134,152492,中性盘
224,14:42:48,11.38,--,224,254912,买盘
225,14:42:45,11.38,--,5,5690,买盘
226,14:42:42,11.38,--,233,265154,买盘
227,14:42:39,11.38,--,62,70556,买盘
228,14:42:36,11.38,--,36,40968,买盘
229,14:42:33,11.38,--,59,67142,买盘
230,14:42:30,11.38,-0.01,424,482512,卖盘
231,14:42:27,11.39,-0.01,8,9112,中性盘
232,14:42:21,11.4,0.02,32,36480,买盘
233,14:42:18,11.38,-0.01,68,77384,卖盘
234,14:42:12,11.39,--,78,88842,买盘
235,14:42:09,11.39,--,8,9112,买盘
236,14:42:06,11.39,--,43,48977,买盘
237,14:42:03,11.39,--,39,44421,买盘
238,14:42:00,11.39,0.01,8,9112,买盘
239,14:41:57,11.38,--,3,3414,卖盘
240,14:41:48,11.38,--,33,37554,买盘
241,14:41:45,11.38,--,319,363022,买盘
242,14:41:39,11.38,--,12,13656,买盘
243,14:41:36,11.38,--,52,59176,买盘
244,14:41:33,11.38,--,38,43244,买盘
245,14:41:30,11.38,--,17,19346,买盘
246,14:41:27,11.38,--,5,5690,买盘
247,14:41:21,11.38,--,88,100144,买盘
248,14:41:18,11.38,--,286,325468,买盘
249,14:41:15,11.38,--,1,1138,买盘
250,14:41:09,11.38,--,3,3414,买盘
251,14:41:06,11.38,--,9,10242,买盘
252,14:41:03,11.38,--,52,59176,买盘
253,14:41:00,11.38,--,16,18208,买盘
254,14:40:57,11.38,--,31,35278,买盘
255,14:40:54,11.38,--,25,28450,买盘
256,14:40:51,11.38,--,49,55762,买盘
257,14:40:48,11.38,--,10,11380,买盘
258,14:40:45,11.38,-0.01,999,1136862,卖盘
259,14:40:42,11.39,0.01,411,468129,买盘
260,14:40:36,11.38,-0.01,15,17070,卖盘
261,14:40:33,11.39,--,33,37587,买盘
262,14:40:30,11.39,--,31,35309,买盘
263,14:40:27,11.39,0.01,40,45560,买盘
264,14:40:24,11.38,-0.01,62,70556,卖盘
265,14:40:21,11.39,--,30,34170,买盘
266,14:40:18,11.39,--,224,255136,买盘
267,14:40:15,11.39,--,52,59228,买盘
268,14:40:12,11.39,--,5,5695,买盘
269,14:40:09,11.39,0.01,19,21641,买盘
270,14:40:03,11.38,--,77,87626,卖盘
271,14:40:00,11.38,--,66,75108,卖盘
272,14:39:57,11.38,-0.01,73,83074,卖盘
273,14:39:54,11.39,0.01,26,29614,买盘
274,14:39:51,11.38,-0.01,40,45520,卖盘
275,14:39:48,11.39,--,23,26197,买盘
276,14:39:42,11.39,--,2,2278,买盘
277,14:39:39,11.39,--,17,19363,买盘
278,14:39:36,11.39,--,70,79730,买盘
279,14:39:33,11.39,--,55,62645,买盘
280,14:39:30,11.39,0.01,10,11390,买盘
281,14:39:27,11.38,-0.01,105,119490,卖盘
282,14:39:24,11.39,--,20,22780,买盘
283,14:39:21,11.39,--,9,10251,买盘
284,14:39:18,11.39,--,27,30753,买盘
285,14:39:15,11.39,--,84,95676,买盘
286,14:39:12,11.39,0.01,13,14807,买盘
287,14:39:06,11.38,--,253,287914,买盘
288,14:39:03,11.38,--,100,113800,买盘
289,14:38:54,11.38,--,22,25036,买盘
290,14:38:45,11.38,--,3,3414,买盘
291,14:38:42,11.38,-0.01,235,267430,卖盘
292,14:38:39,11.39,--,6,6834,买盘
293,14:38:36,11.39,-0.01,201,228939,卖盘
294,14:38:33,11.4,0.01,12,13680,买盘
295,14:38:30,11.39,-0.01,27,30753,卖盘
296,14:38:24,11.4,--,19,21660,买盘
297,14:38:21,11.4,0.02,22,25080,买盘
298,14:38:18,11.38,--,11,12518,买盘
299,14:38:15,11.38,--,196,223048,买盘
300,14:38:03,11.38,--,197,224186,买盘
301,14:38:00,11.38,--,379,431302,买盘
302,14:37:51,11.38,-0.02,260,295880,卖盘
303,14:37:48,11.4,--,15,17100,买盘
304,14:37:39,11.4,--,242,275880,买盘
305,14:37:33,11.4,0.01,500,570000,买盘
306,14:37:21,11.39,0.01,9,10251,买盘
307,14:37:15,11.38,--,17,19346,卖盘
308,14:37:12,11.38,--,771,877398,买盘
309,14:37:09,11.38,--,73,83074,买盘
310,14:37:03,11.38,0.01,30,34140,买盘
311,14:37:00,11.37,-0.01,2,2274,卖盘
312,14:36:51,11.38,--,13,14794,买盘
313,14:36:48,11.38,0.01,67,76246,买盘
314,14:36:45,11.37,--,35,39795,买盘
315,14:36:42,11.37,--,100,113699,买盘
316,14:36:39,11.37,--,470,534390,买盘
317,14:36:30,11.37,--,17,19329,买盘
318,14:36:15,11.37,-0.01,755,858434,卖盘
319,14:36:12,11.38,--,23,26174,买盘
320,14:36:09,11.38,--,118,134284,买盘
321,14:36:03,11.38,0.01,30,34140,买盘
322,14:36:00,11.37,-0.01,3,3410,卖盘
323,14:35:54,11.38,--,20,22760,买盘
324,14:35:45,11.38,--,11,12518,买盘
325,14:35:42,11.38,0.01,12,13656,买盘
326,14:35:39,11.37,-0.01,1,1137,中性盘
327,14:35:36,11.38,--,65,73970,买盘
328,14:35:33,11.38,--,29,33002,买盘
329,14:35:30,11.38,0.01,26,29588,买盘
330,14:35:27,11.37,-0.01,21,23877,卖盘
331,14:35:24,11.38,--,20,22760,买盘
332,14:35:15,11.38,--,13,14794,买盘
333,14:35:12,11.38,--,24,27312,买盘
334,14:35:09,11.38,--,82,93316,买盘
335,14:35:06,11.38,0.01,56,63728,买盘
336,14:35:03,11.37,0.01,56,63671,买盘
337,14:35:00,11.36,--,1,1136,买盘
338,14:34:57,11.36,--,36,40896,买盘
339,14:34:54,11.36,-0.02,738,838368,卖盘
340,14:34:51,11.38,0.01,17,19346,买盘
341,14:34:42,11.37,--,10,11370,卖盘
342,14:34:36,11.37,-0.01,26,29561,卖盘
343,14:34:21,11.38,--,11,12518,买盘
344,14:34:18,11.38,--,423,481374,买盘
345,14:34:15,11.38,--,6,6828,买盘
346,14:34:12,11.38,--,10,11380,买盘
347,14:34:09,11.38,--,32,36416,买盘
348,14:34:06,11.38,--,48,54624,买盘
349,14:34:03,11.38,0.01,32,36416,买盘
350,14:34:00,11.37,-0.01,61,69357,卖盘
351,14:33:54,11.38,--,24,27312,买盘
352,14:33:51,11.38,--,9,10242,买盘
353,14:33:48,11.38,0.01,1,1138,买盘
354,14:33:39,11.37,-0.01,21,23877,卖盘
355,14:33:36,11.38,--,16,18208,买盘
356,14:33:33,11.38,--,25,28450,买盘
357,14:33:30,11.38,--,102,116076,买盘
358,14:33:15,11.38,0.01,88,100144,买盘
359,14:33:09,11.37,--,95,108014,买盘
360,14:33:06,11.37,--,20,22740,买盘
361,14:33:03,11.37,--,104,118247,买盘
362,14:33:00,11.37,--,27,30698,买盘
363,14:32:57,11.37,--,8,9096,买盘
364,14:32:51,11.37,--,7,7958,买盘
365,14:32:48,11.37,--,75,85275,买盘
366,14:32:42,11.37,0.01,17,19329,买盘
367,14:32:36,11.36,0.02,56,63616,中性盘
368,14:32:27,11.34,-0.03,499,565866,卖盘
369,14:32:24,11.37,--,6,6821,买盘
370,14:32:21,11.37,0.02,147,167139,买盘
371,14:32:18,11.35,--,21,23835,卖盘
372,14:32:12,11.35,-0.01,5,5675,卖盘
373,14:32:06,11.36,--,26,29536,买盘
374,14:32:03,11.36,0.01,54,61344,买盘
375,14:32:00,11.35,--,418,474430,买盘
376,14:31:57,11.35,-0.01,1082,1228070,卖盘
377,14:31:51,11.36,--,993,1128048,卖盘
378,14:31:42,11.36,-0.01,11,12496,卖盘
379,14:31:36,11.37,--,5,5685,买盘
380,14:31:33,11.37,0.01,2,2274,买盘
381,14:31:18,11.36,-0.01,23,26128,卖盘
382,14:31:15,11.37,--,10,11370,买盘
383,14:31:06,11.37,--,50,56849,买盘
384,14:31:03,11.37,--,110,125069,买盘
385,14:30:57,11.37,--,24,27287,买盘
386,14:30:42,11.37,-0.01,1003,1140411,卖盘
387,14:30:36,11.38,--,20,22760,买盘
388,14:30:24,11.38,--,187,212806,卖盘
389,14:30:12,11.38,--,54,61452,买盘
390,14:30:09,11.38,--,28,31864,买盘
391,14:30:06,11.38,--,33,37554,买盘
392,14:30:03,11.38,--,60,68280,买盘
393,14:30:00,11.38,--,48,54624,买盘
394,14:29:45,11.38,--,25,28450,买盘
395,14:29:42,11.38,--,200,227600,买盘
396,14:29:33,11.38,--,87,99006,买盘
397,14:29:30,11.38,--,257,292466,买盘
398,14:29:27,11.38,--,3,3414,买盘
399,14:29:24,11.38,--,2,2276,买盘
400,14:29:18,11.38,0.01,11,12518,买盘
401,14:29:15,11.37,-0.01,12,13643,卖盘
402,14:29:06,11.38,--,18,20484,买盘
403,14:29:03,11.38,--,61,69418,买盘
404,14:29:00,11.38,--,10,11380,买盘
405,14:28:57,11.38,--,49,55762,买盘
406,14:28:51,11.38,0.01,71,80798,买盘
407,14:28:45,11.37,-0.01,20,22740,卖盘
408,14:28:42,11.38,--,78,88764,买盘
409,14:28:39,11.38,--,1,1138,买盘
410,14:28:36,11.38,--,18,20484,买盘
411,14:28:27,11.38,--,2,2276,买盘
412,14:28:21,11.38,-0.01,892,1015096,卖盘
413,14:28:18,11.39,--,10,11390,买盘
414,14:28:12,11.39,--,16,18224,买盘
415,14:28:09,11.39,--,2,2278,买盘
416,14:28:06,11.39,--,35,39865,买盘
417,14:28:03,11.39,--,82,93398,买盘
418,14:28:00,11.39,--,69,78591,买盘
419,14:27:57,11.39,0.01,5,5695,买盘
420,14:27:42,11.38,-0.01,10,11380,卖盘
421,14:27:30,11.39,--,1,1139,买盘
422,14:27:24,11.39,0.01,17,19363,买盘
423,14:27:21,11.38,--,455,517790,买盘
424,14:27:18,11.38,--,545,620210,卖盘
425,14:27:06,11.38,-0.01,7,7966,卖盘
426,14:27:03,11.39,--,35,39865,买盘
427,14:27:00,11.39,--,28,31892,买盘
428,14:26:57,11.39,--,52,59228,买盘
429,14:26:51,11.39,--,20,22780,买盘
430,14:26:48,11.39,--,60,68340,买盘
431,14:26:45,11.39,--,43,48977,买盘
432,14:26:36,11.39,--,25,28475,买盘
433,14:26:33,11.39,--,2,2278,买盘
434,14:26:30,11.39,--,10,11390,买盘
435,14:26:15,11.39,--,17,19363,买盘
436,14:26:03,11.39,0.01,31,35309,买盘
437,14:26:00,11.38,-0.01,10,11380,卖盘
438,14:25:57,11.39,--,26,29614,买盘
439,14:25:51,11.39,0.01,61,69479,买盘
440,14:25:48,11.38,-0.01,32,36416,卖盘
441,14:25:45,11.39,--,29,33031,买盘
442,14:25:39,11.39,--,5,5695,买盘
443,14:25:36,11.39,--,23,26197,买盘
444,14:25:33,11.39,-0.01,383,436237,卖盘
445,14:25:30,11.4,--,5,5700,买盘
446,14:25:24,11.4,--,33,37620,买盘
447,14:25:21,11.4,--,5,5700,买盘
448,14:25:18,11.4,--,194,221160,买盘
449,14:25:15,11.4,--,493,563046,卖盘
450,14:25:09,11.4,--,52,59280,卖盘
451,14:25:06,11.4,-0.01,20,22800,卖盘
452,14:25:03,11.41,0.01,49,55909,买盘
453,14:25:00,11.4,-0.01,27,30780,卖盘
454,14:24:54,11.41,0.01,30,34230,买盘
455,14:24:51,11.4,0.01,1503,1713534,买盘
456,14:24:30,11.39,-0.01,1,1139,卖盘
457,14:24:27,11.4,--,85,96900,买盘
458,14:24:24,11.4,--,3,3420,买盘
459,14:24:21,11.4,--,5,5700,买盘
460,14:24:06,11.4,--,5,5700,买盘
461,14:24:03,11.4,0.01,32,36936,买盘
462,14:24:00,11.39,-0.01,1,1139,卖盘
463,14:23:54,11.4,--,26,29640,买盘
464,14:23:51,11.4,--,59,67260,买盘
465,14:23:48,11.4,--,200,228000,买盘
466,14:23:45,11.4,--,31,35340,买盘
467,14:23:42,11.4,--,10,11400,买盘
468,14:23:36,11.4,--,74,84360,买盘
469,14:23:33,11.4,0.01,8,9120,买盘
470,14:23:30,11.39,-0.01,10,11390,卖盘
471,14:23:27,11.4,0.01,6,6840,买盘
472,14:23:15,11.39,-0.01,73,83147,卖盘
473,14:23:12,11.4,--,14,15960,买盘
474,14:23:09,11.4,--,27,30780,买盘
475,14:23:06,11.4,--,5,5700,买盘
476,14:23:03,11.4,--,29,33060,买盘
477,14:23:00,11.4,--,92,105906,卖盘
478,14:22:57,11.4,--,29,33174,买盘
479,14:22:54,11.4,-0.02,653,744420,卖盘
480,14:22:51,11.42,0.02,48,54816,买盘
481,14:22:45,11.4,0.01,1078,1228920,买盘
482,14:22:42,11.39,-0.01,268,305252,卖盘
483,14:22:39,11.4,--,1,1140,买盘
484,14:22:30,11.4,--,53,60420,买盘
485,14:22:24,11.4,--,7,7980,买盘
486,14:22:21,11.4,--,102,116280,买盘
487,14:22:18,11.4,--,10,11400,买盘
488,14:22:15,11.4,--,11,12540,买盘
489,14:22:12,11.4,-0.02,2745,3129300,卖盘
490,14:22:03,11.42,--,2,2284,买盘
491,14:22:00,11.42,0.02,62,70804,买盘
492,14:21:57,11.4,-0.01,218,248520,卖盘
493,14:21:54,11.41,0.02,9,10269,卖盘
494,14:21:51,11.39,-0.01,389,443071,卖盘
495,14:21:48,11.4,--,48,54720,买盘
496,14:21:45,11.4,0.02,2000,2280000,买盘
497,14:21:39,11.38,--,529,602002,买盘
498,14:21:33,11.38,--,8,9104,买盘
499,14:21:30,11.38,0.01,56,63728,买盘
500,14:21:27,11.37,--,5,5685,买盘
501,14:21:24,11.37,--,176,200112,买盘
502,14:21:18,11.37,0.01,516,586692,买盘
503,14:21:15,11.36,--,4,4544,卖盘
504,14:21:12,11.36,-0.01,18,20448,卖盘
505,14:21:03,11.37,0.01,54,61397,买盘
506,14:21:00,11.36,--,40,45440,卖盘
507,14:20:54,11.36,-0.01,3,3408,卖盘
508,14:20:51,11.37,0.01,32,36384,买盘
509,14:20:48,11.36,-0.01,10,11360,卖盘
510,14:20:45,11.37,0.02,48,54575,买盘
511,14:20:39,11.35,-0.02,248,281480,卖盘
512,14:20:36,11.37,0.01,12,13643,买盘
513,14:20:33,11.36,-0.01,125,142000,卖盘
514,14:20:18,11.37,0.02,95,108014,买盘
515,14:20:15,11.35,--,95,108551,买盘
516,14:20:12,11.35,--,436,494860,买盘
517,14:20:09,11.35,--,320,363200,买盘
518,14:20:06,11.35,-0.01,1148,1303388,卖盘
519,14:20:03,11.36,--,3,4135,买盘
520,14:19:57,11.36,--,40,45440,买盘
521,14:19:54,11.36,--,54,61344,买盘
522,14:19:51,11.36,--,10,11360,买盘
523,14:19:48,11.36,--,187,212432,买盘
524,14:19:45,11.36,--,39,44304,买盘
525,14:19:42,11.36,0.01,54,61344,买盘
526,14:19:39,11.35,-0.01,290,329150,卖盘
527,14:19:36,11.36,0.01,84,95424,买盘
528,14:19:30,11.35,--,50,56750,卖盘
529,14:19:24,11.35,-0.01,94,106690,卖盘
530,14:19:18,11.36,0.02,1,1136,买盘
531,14:19:09,11.34,-0.01,117,132678,卖盘
532,14:19:06,11.35,--,116,131660,买盘
533,14:19:03,11.35,--,50,56750,买盘
534,14:19:00,11.35,0.01,2,2270,买盘
535,14:18:57,11.34,--,1,1134,卖盘
536,14:18:51,11.34,--,40,45360,买盘
537,14:18:48,11.34,--,68,77112,买盘
538,14:18:45,11.34,--,73,82782,买盘
539,14:18:42,11.34,--,57,64638,买盘
540,14:18:39,11.34,--,265,300510,买盘
541,14:18:36,11.34,--,200,226800,买盘
542,14:18:30,11.34,--,24,27216,买盘
543,14:18:27,11.34,-0.01,1198,1358532,卖盘
544,14:18:24,11.35,--,5,5675,买盘
545,14:18:18,11.35,--,101,114635,买盘
546,14:18:15,11.35,--,50,56750,买盘
547,14:18:12,11.35,--,20,22700,买盘
548,14:18:06,11.35,--,15,17025,买盘
549,14:18:03,11.35,0.01,30,34050,买盘
550,14:18:00,11.34,-0.01,2,2268,卖盘
551,14:17:51,11.35,--,24,27240,买盘
552,14:17:48,11.35,--,67,76045,买盘
553,14:17:45,11.35,--,28,31780,买盘
554,14:17:42,11.35,--,52,59020,买盘
555,14:17:39,11.35,--,267,303045,买盘
556,14:17:36,11.35,--,10,11350,买盘
557,14:17:30,11.35,--,49,55615,买盘
558,14:17:27,11.35,--,28,31780,买盘
559,14:17:24,11.35,--,2,2270,买盘
560,14:17:21,11.35,--,5,5675,买盘
561,14:17:18,11.35,--,1250,1418750,买盘
562,14:17:15,11.35,--,41,46535,买盘
563,14:17:09,11.35,--,29,32915,买盘
564,14:17:06,11.35,--,70,79450,买盘
565,14:17:03,11.35,0.01,33,37455,买盘
566,14:17:00,11.34,-0.01,1,1134,卖盘
567,14:16:48,11.35,0.01,32,36320,买盘
568,14:16:45,11.34,-0.01,72,81648,卖盘
569,14:16:42,11.35,0.01,48,54480,买盘
570,14:16:39,11.34,0.01,180,204120,买盘
571,14:16:36,11.33,-0.01,254,287782,卖盘
572,14:16:33,11.34,--,10,11340,买盘
573,14:16:30,11.34,--,1,1134,买盘
574,14:16:24,11.34,--,2,2268,买盘
575,14:16:21,11.34,--,25,28350,买盘
576,14:16:18,11.34,--,30,34020,买盘
577,14:16:15,11.34,-0.01,313,354942,卖盘
578,14:16:06,11.35,--,1,1135,买盘
579,14:16:03,11.35,0.01,59,66965,买盘
580,14:16:00,11.34,-0.01,7,7938,卖盘
581,14:15:57,11.35,--,15,17025,买盘
582,14:15:54,11.35,--,24,27240,买盘
583,14:15:48,11.35,--,6,6810,买盘
584,14:15:45,11.35,--,3,3405,买盘
585,14:15:42,11.35,--,26,29510,买盘
586,14:15:39,11.35,--,6,6810,买盘
587,14:15:36,11.35,0.01,304,345040,买盘
588,14:15:33,11.34,-0.01,175,198450,卖盘
589,14:15:30,11.35,0.01,50,56750,买盘
590,14:15:27,11.34,-0.01,500,567000,卖盘
591,14:15:24,11.35,--,2,2270,买盘
592,14:15:15,11.35,--,10,11350,买盘
593,14:15:12,11.35,--,23,26105,买盘
594,14:15:06,11.35,0.01,485,550475,买盘
595,14:15:03,11.34,-0.01,1804,2045736,卖盘
596,14:14:51,11.35,-0.01,446,506618,卖盘
597,14:14:48,11.36,--,3,3408,买盘
598,14:14:45,11.36,--,3,3408,买盘
599,14:14:39,11.36,0.01,1354,1538871,买盘
600,14:14:36,11.35,0.01,298,338230,买盘
601,14:14:33,11.34,--,102,115668,卖盘
602,14:14:30,11.34,-0.01,34,38556,卖盘
603,14:14:27,11.35,--,40,45400,买盘
604,14:14:24,11.35,0.01,1,1135,买盘
605,14:14:21,11.34,-0.01,11,12474,中性盘
606,14:14:09,11.35,0.01,69,78315,买盘
607,14:14:06,11.34,--,2,2268,买盘
608,14:14:03,11.34,--,30,34020,买盘
609,14:14:00,11.34,-0.01,950,1077708,卖盘
610,14:13:51,11.35,--,50,56750,买盘
611,14:13:48,11.35,--,52,59020,买盘
612,14:13:45,11.35,--,10,11350,买盘
613,14:13:39,11.35,--,45,51075,买盘
614,14:13:36,11.35,0.01,58,65830,买盘
615,14:13:33,11.34,--,249,282366,卖盘
616,14:13:30,11.34,-0.01,30,34020,卖盘
617,14:13:27,11.35,--,102,115770,买盘
618,14:13:24,11.35,--,3,3405,买盘
619,14:13:21,11.35,--,6,6810,买盘
620,14:13:18,11.35,--,54,61290,买盘
621,14:13:15,11.35,--,31,35185,买盘
622,14:13:12,11.35,--,2,2270,买盘
623,14:13:09,11.35,--,4,4540,买盘
624,14:13:06,11.35,--,9,10215,买盘
625,14:13:03,11.35,--,32,36320,买盘
626,14:12:57,11.35,--,24,27240,买盘
627,14:12:54,11.35,--,3,3405,买盘
628,14:12:51,11.35,--,18,20430,买盘
629,14:12:48,11.35,--,6,6810,买盘
630,14:12:45,11.35,--,4,4540,买盘
631,14:12:36,11.35,0.01,56,63560,买盘
632,14:12:33,11.34,-0.01,249,282366,卖盘
633,14:12:30,11.35,--,49,55615,买盘
634,14:12:27,11.35,-0.01,1117,1267795,卖盘
635,14:12:24,11.36,--,29,32944,买盘
636,14:12:21,11.36,-0.02,210,238560,卖盘
637,14:12:18,11.38,--,28,31864,买盘
638,14:12:15,11.38,0.02,24,27312,买盘
639,14:12:12,11.36,-0.02,13,14768,卖盘
640,14:12:09,11.38,--,22,25036,买盘
641,14:12:03,11.38,0.02,30,34140,买盘
642,14:11:51,11.36,-0.02,1,1136,卖盘
643,14:11:45,11.38,--,10,11380,买盘
644,14:11:39,11.38,--,23,26174,买盘
645,14:11:33,11.38,0.03,80,91040,买盘
646,14:11:27,11.35,--,1,1135,卖盘
647,14:11:15,11.35,--,82,93070,买盘
648,14:11:12,11.35,--,579,657165,买盘
649,14:11:09,11.35,--,34,38590,买盘
650,14:11:06,11.35,--,1,1135,买盘
651,14:11:03,11.35,-0.01,270,306450,卖盘
652,14:11:00,11.36,--,42,47712,卖盘
653,14:10:51,11.36,-0.02,519,589584,卖盘
654,14:10:48,11.38,--,25,28450,买盘
655,14:10:42,11.38,0.02,105,119490,买盘
656,14:10:36,11.36,0.01,36,40896,买盘
657,14:10:33,11.35,0.01,52,59042,买盘
658,14:10:30,11.34,-0.01,259,293706,卖盘
659,14:10:27,11.35,--,100,113500,买盘
660,14:10:21,11.35,-0.01,688,781992,卖盘
661,14:10:12,11.36,--,58,65888,买盘
662,14:10:09,11.36,--,16,18176,买盘
663,14:10:06,11.36,-0.01,327,371472,卖盘
664,14:10:03,11.37,--,14,15917,买盘
665,14:10:00,11.37,-0.01,21,23877,中性盘
666,14:09:45,11.38,--,23,26174,买盘
667,14:09:42,11.38,--,15,17070,买盘
668,14:09:33,11.38,0.03,25,28450,买盘
669,14:09:30,11.35,-0.02,216,245160,卖盘
670,14:09:27,11.37,-0.01,87,98919,卖盘
671,14:09:24,11.38,0.01,23,26174,买盘
672,14:09:03,11.37,--,109,123932,卖盘
673,14:09:00,11.37,--,2,2274,卖盘
674,14:08:54,11.37,-0.01,11,12507,卖盘
675,14:08:42,11.38,--,23,26174,买盘
676,14:08:39,11.38,0.01,11,12518,买盘
677,14:08:36,11.37,--,2,2296,买盘
678,14:08:33,11.37,--,28,31835,买盘
679,14:08:30,11.37,0.02,52,59123,买盘
680,14:08:27,11.35,-0.02,249,282615,卖盘
681,14:08:24,11.37,0.01,100,113699,买盘
682,14:08:18,11.36,-0.01,5,5680,卖盘
683,14:08:15,11.37,--,462,525294,买盘
684,14:08:03,11.37,0.01,41,46617,买盘
685,14:08:00,11.36,-0.01,1,1136,中性盘
686,14:07:54,11.37,--,27,30698,买盘
687,14:07:45,11.37,--,29,32973,买盘
688,14:07:33,11.37,--,24,27287,买盘
689,14:07:30,11.37,0.02,29,32973,买盘
690,14:07:27,11.35,-0.02,69,78315,卖盘
691,14:07:24,11.37,--,230,261509,买盘
692,14:07:21,11.37,--,300,341100,买盘
693,14:07:18,11.37,--,4,4548,买盘
694,14:07:12,11.37,0.01,25,28424,买盘
695,14:07:03,11.36,-0.01,4,4544,中性盘
696,14:06:54,11.37,--,8,9096,买盘
697,14:06:51,11.37,0.03,81,92097,买盘
698,14:06:33,11.34,--,800,907200,卖盘
699,14:06:30,11.34,-0.03,2,2268,卖盘
700,14:06:27,11.37,0.03,33,37521,买盘
701,14:06:24,11.34,-0.02,331,375354,卖盘
702,14:06:18,11.36,--,1502,1706999,买盘
703,14:06:15,11.36,--,124,140864,买盘
704,14:06:12,11.36,--,283,321488,买盘
705,14:06:03,11.36,--,53,60208,买盘
706,14:06:00,11.36,-0.01,323,368041,卖盘
707,14:05:57,11.37,--,10,11370,买盘
708,14:05:54,11.37,--,10,11370,买盘
709,14:05:51,11.37,--,24,27287,买盘
710,14:05:48,11.37,--,40,45480,买盘
711,14:05:42,11.37,0.01,35,39795,买盘
712,14:05:27,11.36,-0.01,33,37488,卖盘
713,14:05:24,11.37,0.01,316,359292,买盘
714,14:05:21,11.36,--,100,113622,买盘
715,14:05:18,11.36,--,68,77248,买盘
716,14:05:15,11.36,--,300,340800,买盘
717,14:05:12,11.36,--,2,2272,买盘
718,14:05:03,11.36,0.01,41,46576,买盘
719,14:05:00,11.35,-0.01,27,30645,卖盘
720,14:04:57,11.36,-0.01,556,632729,卖盘
721,14:04:51,11.37,-0.01,295,335415,中性盘
722,14:04:39,11.38,--,25,28450,买盘
723,14:04:30,11.38,0.01,31,35278,买盘
724,14:04:27,11.37,--,76,86412,买盘
725,14:04:21,11.37,--,333,378621,买盘
726,14:04:18,11.37,0.01,25,28424,买盘
727,14:04:15,11.36,-0.01,60,68160,卖盘
728,14:04:12,11.37,--,188,213755,买盘
729,14:04:03,11.37,0.01,35,39795,买盘
730,14:04:00,11.36,-0.01,8,9088,卖盘
731,14:03:57,11.37,--,24,27287,买盘
732,14:03:54,11.37,--,165,187605,买盘
733,14:03:51,11.37,-0.02,224,254687,卖盘
734,14:03:45,11.39,--,27,30753,买盘
735,14:03:39,11.39,--,11,12529,买盘
736,14:03:36,11.39,0.03,26,29614,买盘
737,14:03:33,11.36,--,180,204502,买盘
738,14:03:30,11.36,--,28,31808,买盘
739,14:03:27,11.36,--,63,71568,买盘
740,14:03:24,11.36,-0.01,529,602057,卖盘
741,14:03:21,11.37,0.01,328,372958,买盘
742,14:03:18,11.36,--,242,274912,买盘
743,14:03:15,11.36,-0.01,761,864496,卖盘
744,14:03:12,11.37,--,60,68220,买盘
745,14:03:09,11.37,--,2,2274,买盘
746,14:03:06,11.37,--,130,147810,买盘
747,14:03:03,11.37,--,30,34110,买盘
748,14:03:00,11.37,-0.01,117,134143,卖盘
749,14:02:57,11.38,--,385,438152,买盘
750,14:02:54,11.38,--,23,26174,买盘
751,14:02:45,11.38,--,11,12518,买盘
752,14:02:42,11.38,--,4,4552,买盘
753,14:02:39,11.38,--,13,14794,买盘
754,14:02:36,11.38,--,6,6828,买盘
755,14:02:33,11.38,--,31,35278,买盘
756,14:02:30,11.38,--,32,36416,买盘
757,14:02:24,11.38,--,72,81936,买盘
758,14:02:21,11.38,0.01,281,319778,买盘
759,14:02:18,11.37,--,74,84138,买盘
760,14:02:12,11.37,--,100,113699,买盘
761,14:02:03,11.37,--,38,43206,买盘
762,14:02:00,11.37,--,7,7958,买盘
763,14:01:57,11.37,--,94,106877,买盘
764,14:01:54,11.37,0.01,10,11370,买盘
765,14:01:36,11.36,--,341,387376,买盘
766,14:01:33,11.36,--,10,11360,买盘
767,14:01:27,11.36,--,104,118144,买盘
768,14:01:21,11.36,--,267,303312,买盘
769,14:01:15,11.36,--,54,61344,买盘
770,14:01:06,11.36,--,3,3408,买盘
771,14:01:03,11.36,0.01,44,49984,买盘
772,14:01:00,11.35,-0.01,41,46535,卖盘
773,14:00:54,11.36,--,24,27264,买盘
774,14:00:51,11.36,--,89,101104,买盘
775,14:00:48,11.36,--,5,5680,买盘
776,14:00:45,11.36,--,1,1136,买盘
777,14:00:42,11.36,0.01,187,212432,卖盘
778,14:00:36,11.35,-0.02,1501,1703635,卖盘
779,14:00:33,11.37,--,24,27287,买盘
780,14:00:30,11.37,0.01,37,42069,买盘
781,14:00:24,11.36,--,23,26128,买盘
782,14:00:21,11.36,0.01,30,34080,买盘
783,14:00:18,11.35,-0.01,333,377955,卖盘
784,14:00:15,11.36,--,27,30672,买盘
785,14:00:12,11.36,--,219,248784,买盘
786,14:00:06,11.36,--,5,5680,买盘
787,14:00:03,11.36,--,50,56800,买盘
788,14:00:00,11.36,--,18,20448,买盘
789,13:59:57,11.36,--,111,126096,买盘
790,13:59:54,11.36,--,15,17040,买盘
791,13:59:51,11.36,--,30,34080,买盘
792,13:59:48,11.36,--,2,2272,买盘
793,13:59:45,11.36,-0.01,468,531648,卖盘
794,13:59:42,11.37,--,11,12507,买盘
795,13:59:39,11.37,-0.01,100,113699,买盘
796,13:59:30,11.38,0.02,24,27312,买盘
797,13:59:24,11.36,--,228,259008,买盘
798,13:59:21,11.36,--,57,64752,买盘
799,13:59:18,11.36,--,331,376016,买盘
800,13:59:15,11.36,--,10,11360,买盘
801,13:59:12,11.36,--,59,67024,买盘
802,13:59:09,11.36,--,11,12496,买盘
803,13:59:06,11.36,-0.02,505,573680,卖盘
804,13:59:03,11.38,0.01,25,28450,买盘
805,13:58:57,11.37,--,504,573048,买盘
806,13:58:48,11.37,--,183,208071,买盘
807,13:58:42,11.37,0.01,169,192153,中性盘
808,13:58:30,11.36,--,600,681600,买盘
809,13:58:27,11.36,--,95,107920,买盘
810,13:58:21,11.36,--,27,30672,买盘
811,13:58:18,11.36,--,311,353296,卖盘
812,13:58:15,11.36,-0.01,248,281728,卖盘
813,13:58:12,11.37,--,28,31835,买盘
814,13:58:09,11.37,--,72,81864,买盘
815,13:58:03,11.37,--,37,42069,买盘
816,13:58:00,11.37,0.01,134,152358,买盘
817,13:57:51,11.36,-0.01,102,115872,卖盘
818,13:57:45,11.37,--,92,104604,买盘
819,13:57:39,11.37,--,24,27287,买盘
820,13:57:33,11.37,--,100,113699,买盘
821,13:57:30,11.37,--,10,11370,买盘
822,13:57:27,11.37,--,4,4548,买盘
823,13:57:24,11.37,-0.01,142,161454,卖盘
824,13:57:21,11.38,--,10,11380,买盘
825,13:57:18,11.38,--,24,27312,买盘
826,13:57:15,11.38,--,356,406243,卖盘
827,13:57:12,11.38,--,38,43266,买盘
828,13:57:09,11.38,--,54,61452,买盘
829,13:57:06,11.38,--,48,54624,买盘
830,13:57:03,11.38,-0.02,418,476799,卖盘
831,13:56:57,11.4,--,84,95760,买盘
832,13:56:54,11.4,0.01,3,3420,买盘
833,13:56:51,11.39,-0.01,0,22,卖盘
834,13:56:48,11.4,--,13,14820,买盘
835,13:56:45,11.4,--,2,2280,买盘
836,13:56:42,11.4,0.01,19,21660,买盘
837,13:56:39,11.39,-0.01,5,5695,卖盘
838,13:56:36,11.4,--,92,104880,买盘
839,13:56:27,11.4,--,34,38760,买盘
840,13:56:21,11.4,--,51,58140,买盘
841,13:56:15,11.4,0.01,69,78660,买盘
842,13:56:09,11.39,--,107,121873,买盘
843,13:56:06,11.39,--,11,12529,买盘
844,13:56:03,11.39,--,63,71757,买盘
845,13:56:00,11.39,--,10,11390,买盘
846,13:55:54,11.39,--,24,27336,买盘
847,13:55:45,11.39,--,32,36448,买盘
848,13:55:39,11.39,--,3,3417,买盘
849,13:55:36,11.39,--,5,5695,买盘
850,13:55:33,11.39,0.01,24,27336,买盘
851,13:55:30,11.38,--,200,227600,卖盘
852,13:55:27,11.38,--,9,10242,卖盘
853,13:55:18,11.38,-0.01,37,42106,卖盘
854,13:55:15,11.39,--,32,36448,买盘
855,13:55:12,11.39,--,24,27336,买盘
856,13:55:09,11.39,--,81,92259,买盘
857,13:55:03,11.39,--,29,33031,买盘
858,13:54:57,11.39,--,2,2278,买盘
859,13:54:51,11.39,0.01,40,45560,买盘
860,13:54:36,11.38,--,64,72832,买盘
861,13:54:33,11.38,--,34,38692,买盘
862,13:54:30,11.38,--,23,26174,买盘
863,13:54:24,11.38,--,107,121766,买盘
864,13:54:21,11.38,--,10,11380,买盘
865,13:54:18,11.38,--,90,102420,买盘
866,13:54:15,11.38,--,148,168424,买盘
867,13:54:12,11.38,--,51,58038,买盘
868,13:54:09,11.38,--,23,26174,买盘
869,13:54:06,11.38,--,109,124042,买盘
870,13:54:03,11.38,--,30,34140,买盘
871,13:54:00,11.38,--,333,378954,买盘
872,13:53:57,11.38,--,2,2276,买盘
873,13:53:54,11.38,--,40,45520,买盘
874,13:53:51,11.38,--,32,36416,买盘
875,13:53:48,11.38,--,25,28450,买盘
876,13:53:42,11.38,--,22,25036,买盘
877,13:53:39,11.38,--,6,6828,买盘
878,13:53:33,11.38,--,114,129732,买盘
879,13:53:30,11.38,--,33,37554,买盘
880,13:53:27,11.38,--,24,27312,买盘
881,13:53:24,11.38,--,28,31864,买盘
882,13:53:21,11.38,--,16,18208,买盘
883,13:53:12,11.38,--,23,26174,买盘
884,13:53:09,11.38,--,22,25036,买盘
885,13:53:06,11.38,0.01,205,233290,买盘
886,13:53:03,11.37,0.01,198,225125,买盘
887,13:52:57,11.36,--,57,64752,买盘
888,13:52:54,11.36,--,104,118144,买盘
889,13:52:51,11.36,--,143,162448,买盘
890,13:52:48,11.36,0.01,33,37488,买盘
891,13:52:45,11.35,-0.01,160,181600,卖盘
892,13:52:42,11.36,--,75,85200,买盘
893,13:52:39,11.36,--,54,61344,买盘
894,13:52:36,11.36,--,29,32944,买盘
895,13:52:30,11.36,0.01,48,54528,买盘
896,13:52:27,11.35,-0.01,10,11350,卖盘
897,13:52:24,11.36,--,24,27264,买盘
898,13:52:21,11.36,--,38,43168,买盘
899,13:52:18,11.36,--,14,15904,买盘
900,13:52:15,11.36,0.01,169,191984,买盘
901,13:52:12,11.35,-0.01,73,82855,卖盘
902,13:52:09,11.36,--,1,1136,买盘
903,13:52:03,11.36,0.01,52,59072,买盘
904,13:52:00,11.35,-0.01,4,4540,卖盘
905,13:51:57,11.36,--,3,3408,买盘
906,13:51:51,11.36,0.01,2,2272,买盘
907,13:51:45,11.35,-0.01,121,137335,卖盘
908,13:51:42,11.36,--,26,29536,买盘
909,13:51:33,11.36,--,10,11360,买盘
910,13:51:30,11.36,--,33,37488,买盘
911,13:51:24,11.36,--,105,119280,买盘
912,13:51:18,11.36,--,34,38624,买盘
913,13:51:15,11.36,--,80,90880,买盘
914,13:51:12,11.36,--,3,3408,买盘
915,13:51:06,11.36,--,23,26128,买盘
916,13:51:03,11.36,0.01,87,98832,买盘
917,13:51:00,11.35,-0.01,2,2270,卖盘
918,13:50:57,11.36,--,22,24992,买盘
919,13:50:39,11.36,--,3,3408,买盘
920,13:50:36,11.36,0.01,50,56800,买盘
921,13:50:27,11.35,--,10,11350,卖盘
922,13:50:12,11.35,--,68,77180,买盘
923,13:50:09,11.35,--,7,7945,买盘
924,13:50:06,11.35,--,110,124850,买盘
925,13:50:03,11.35,--,124,140740,买盘
926,13:50:00,11.35,--,57,64695,买盘
927,13:49:57,11.35,--,24,27240,买盘
928,13:49:51,11.35,-0.01,810,919350,卖盘
929,13:49:36,11.36,--,23,26128,买盘
930,13:49:15,11.36,--,25,28400,买盘
931,13:49:09,11.36,-0.02,586,665696,卖盘
932,13:49:00,11.38,0.01,57,64866,买盘
933,13:48:57,11.37,--,17,19329,买盘
934,13:48:54,11.37,--,24,27287,买盘
935,13:48:51,11.37,--,3,3410,买盘
936,13:48:48,11.37,--,22,25014,买盘
937,13:48:42,11.37,--,11,12507,买盘
938,13:48:39,11.37,--,4,4548,买盘
939,13:48:36,11.37,-0.01,3,3410,中性盘
940,13:48:33,11.38,0.01,45,51210,买盘
941,13:48:30,11.37,--,195,221714,卖盘
942,13:48:18,11.37,-0.01,28,31835,卖盘
943,13:48:12,11.38,--,22,25036,买盘
944,13:48:09,11.38,--,82,93316,买盘
945,13:48:03,11.38,--,30,34140,买盘
946,13:48:00,11.38,--,37,42106,买盘
947,13:47:57,11.38,0.01,52,59176,买盘
948,13:47:51,11.37,0.01,24,27287,买盘
949,13:47:48,11.36,--,57,64752,卖盘
950,13:47:36,11.36,--,473,537328,买盘
951,13:47:33,11.36,--,22,24992,买盘
952,13:47:30,11.36,--,3,3408,买盘
953,13:47:27,11.36,0.01,20,22720,买盘
954,13:47:21,11.35,--,56,63560,卖盘
955,13:47:12,11.35,--,5,5675,卖盘
956,13:47:06,11.35,--,35,39725,买盘
957,13:47:03,11.35,--,57,64695,买盘
958,13:47:00,11.35,--,24,27240,买盘
959,13:46:57,11.35,--,13,14755,买盘
960,13:46:54,11.35,--,55,62425,买盘
961,13:46:51,11.35,-0.01,820,930700,卖盘
962,13:46:48,11.36,--,3,3408,买盘
963,13:46:45,11.36,-0.01,282,320352,卖盘
964,13:46:42,11.37,-0.01,2,2274,卖盘
965,13:46:39,11.38,0.01,46,52348,买盘
966,13:46:30,11.37,-0.01,3,3410,中性盘
967,13:46:18,11.38,--,29,33002,买盘
968,13:46:15,11.38,--,11,12518,买盘
969,13:46:12,11.38,0.02,52,59176,买盘
970,13:46:09,11.36,-0.02,14,15904,卖盘
971,13:46:03,11.38,--,30,34140,买盘
972,13:45:57,11.38,--,24,27312,买盘
973,13:45:54,11.38,0.01,87,99006,买盘
974,13:45:51,11.37,--,34,38658,买盘
975,13:45:30,11.37,--,23,26151,买盘
976,13:45:09,11.37,--,42,47754,买盘
977,13:45:03,11.37,--,52,59123,买盘
978,13:44:57,11.37,-0.01,160,181920,卖盘
979,13:44:54,11.38,--,158,179804,买盘
980,13:44:48,11.38,--,23,26174,买盘
981,13:44:39,11.38,--,12,13656,买盘
982,13:44:36,11.38,-0.01,102,116076,卖盘
983,13:44:27,11.39,0.01,43,49387,买盘
984,13:44:24,11.38,--,20,23488,买盘
985,13:44:18,11.38,--,14,15932,买盘
986,13:44:15,11.38,--,14,15932,买盘
987,13:44:12,11.38,--,860,978680,买盘
988,13:44:09,11.38,0.01,22,25036,买盘
989,13:44:06,11.37,-0.01,88,100056,卖盘
990,13:44:03,11.38,--,29,33002,买盘
991,13:43:57,11.38,0.01,29,33002,买盘
992,13:43:54,11.37,-0.01,5,5685,买盘
993,13:43:51,11.38,0.01,51,58038,买盘
994,13:43:45,11.37,--,23,26151,买盘
995,13:43:39,11.37,--,4,4548,买盘
996,13:43:36,11.37,0.01,8,9096,买盘
997,13:43:24,11.36,-0.01,30,34080,卖盘
998,13:43:15,11.37,0.01,80,90960,买盘
999,13:43:09,11.36,--,10,11360,买盘
1000,13:43:06,11.36,--,5,5680,买盘
1001,13:43:03,11.36,--,55,62480,买盘
1002,13:43:00,11.36,--,373,423728,买盘
1003,13:42:54,11.36,--,38,43168,买盘
1004,13:42:51,11.36,--,55,62480,买盘
1005,13:42:42,11.36,--,24,27264,买盘
1006,13:42:36,11.36,0.01,50,56800,买盘
1007,13:42:30,11.35,-0.01,15,17025,卖盘
1008,13:42:27,11.36,--,21,23856,买盘
1009,13:42:21,11.36,--,24,27264,买盘
1010,13:42:06,11.36,--,1,1136,买盘
1011,13:42:03,11.36,--,30,34080,买盘
1012,13:42:00,11.36,--,26,29536,买盘
1013,13:41:57,11.36,--,1,1136,买盘
1014,13:41:51,11.36,--,32,36352,买盘
1015,13:41:48,11.36,0.01,53,60208,买盘
1016,13:41:45,11.35,--,300,340500,买盘
1017,13:41:42,11.35,--,2,2270,买盘
1018,13:41:39,11.35,--,41,46535,买盘
1019,13:41:36,11.35,--,441,500535,卖盘
1020,13:41:27,11.35,-0.01,1,1135,卖盘
1021,13:41:24,11.36,--,5,5680,买盘
1022,13:41:18,11.36,--,48,54528,卖盘
1023,13:41:15,11.36,-0.01,30,34080,卖盘
1024,13:41:09,11.37,--,16,18192,买盘
1025,13:41:06,11.37,--,1,1137,买盘
1026,13:41:03,11.37,--,432,491183,买盘
1027,13:40:57,11.37,0.02,25,28424,买盘
1028,13:40:54,11.35,-0.02,32,36320,卖盘
1029,13:40:48,11.37,0.01,80,90960,买盘
1030,13:40:39,11.36,--,10,11360,买盘
1031,13:40:36,11.36,--,25,28400,买盘
1032,13:40:33,11.36,--,8,9088,买盘
1033,13:40:27,11.36,--,20,22720,买盘
1034,13:40:24,11.36,--,3,3408,买盘
1035,13:40:21,11.36,-0.01,1874,2128864,卖盘
1036,13:40:18,11.37,--,14,15917,买盘
1037,13:40:15,11.37,-0.01,706,803631,卖盘
1038,13:40:12,11.38,--,57,64866,买盘
1039,13:40:09,11.38,--,15,17070,买盘
1040,13:40:03,11.38,0.01,30,34140,买盘
1041,13:40:00,11.37,-0.01,20,22740,卖盘
1042,13:39:57,11.38,--,101,114938,买盘
1043,13:39:54,11.38,--,24,27312,买盘
1044,13:39:48,11.38,--,24,27312,买盘
1045,13:39:45,11.38,--,84,95592,买盘
1046,13:39:42,11.38,--,11,12518,买盘
1047,13:39:33,11.38,0.01,78,88764,买盘
1048,13:39:30,11.37,--,2,2274,卖盘
1049,13:39:24,11.37,-0.01,1,1137,卖盘
1050,13:39:18,11.38,--,30,34140,买盘
1051,13:39:12,11.38,--,232,264016,买盘
1052,13:39:09,11.38,--,12,13656,买盘
1053,13:39:06,11.38,-0.01,28,31864,卖盘
1054,13:39:03,11.39,--,43,48977,买盘
1055,13:38:51,11.39,--,24,27336,买盘
1056,13:38:48,11.39,0.01,26,29614,买盘
1057,13:38:45,11.38,--,128,145664,买盘
1058,13:38:39,11.38,--,5,5690,买盘
1059,13:38:36,11.38,--,89,101282,买盘
1060,13:38:33,11.38,--,13,14794,买盘
1061,13:38:30,11.38,--,26,29588,买盘
1062,13:38:15,11.38,--,8,9104,买盘
1063,13:38:12,11.38,--,4,4552,买盘
1064,13:38:06,11.38,-0.01,277,315226,卖盘
1065,13:38:03,11.39,0.01,67,76313,买盘
1066,13:37:54,11.38,--,2,2276,卖盘
1067,13:37:48,11.38,-0.01,41,46658,卖盘
1068,13:37:45,11.39,--,29,33031,买盘
1069,13:37:42,11.39,--,99,112761,买盘
1070,13:37:39,11.39,--,9,10251,买盘
1071,13:37:33,11.39,--,37,42143,买盘
1072,13:37:27,11.39,0.01,22,25058,买盘
1073,13:37:24,11.38,-0.01,8,9104,卖盘
1074,13:37:21,11.39,0.01,25,28475,买盘
1075,13:37:18,11.38,-0.01,10,11380,卖盘
1076,13:37:09,11.39,-0.01,21,23919,卖盘
1077,13:37:06,11.4,--,2,2280,买盘
1078,13:37:03,11.4,0.01,43,49020,买盘
1079,13:37:00,11.39,-0.01,30,34170,卖盘
1080,13:36:54,11.4,0.01,17,19380,买盘
1081,13:36:45,11.39,0.02,28,31892,买盘
1082,13:36:42,11.37,-0.02,20,22740,卖盘
1083,13:36:39,11.39,0.01,78,88842,买盘
1084,13:36:33,11.38,--,38,43244,买盘
1085,13:36:21,11.38,--,34,38692,买盘
1086,13:36:18,11.38,0.01,39,44382,买盘
1087,13:36:12,11.37,-0.01,173,196701,卖盘
1088,13:36:09,11.38,--,1,1138,买盘
1089,13:36:03,11.38,0.01,43,48934,买盘
1090,13:36:00,11.37,-0.01,32,36384,卖盘
1091,13:35:57,11.38,--,89,101282,买盘
1092,13:35:54,11.38,--,22,25036,买盘
1093,13:35:45,11.38,--,212,241256,买盘
1094,13:35:39,11.38,--,57,64866,买盘
1095,13:35:36,11.38,--,23,26174,买盘
1096,13:35:33,11.38,--,13,14794,买盘
1097,13:35:27,11.38,-0.01,193,219634,卖盘
1098,13:35:24,11.39,--,30,34170,买盘
1099,13:35:21,11.39,--,10,11390,买盘
1100,13:35:18,11.39,--,1,1139,买盘
1101,13:35:09,11.39,--,25,28475,买盘
1102,13:35:03,11.39,--,43,48977,买盘
1103,13:35:00,11.39,--,1,1139,买盘
1104,13:34:57,11.39,0.01,17,19363,买盘
1105,13:34:54,11.38,--,35,39830,卖盘
1106,13:34:51,11.38,--,666,757908,买盘
1107,13:34:48,11.38,--,114,129732,买盘
1108,13:34:39,11.38,--,60,68280,买盘
1109,13:34:36,11.38,--,51,58038,买盘
1110,13:34:33,11.38,0.01,13,14794,买盘
1111,13:34:27,11.37,-0.01,96,109151,卖盘
1112,13:34:18,11.38,--,4,4552,买盘
1113,13:34:12,11.38,--,27,30726,买盘
1114,13:34:06,11.38,--,24,27312,买盘
1115,13:34:03,11.38,0.01,48,54624,买盘
1116,13:34:00,11.37,--,2,2274,卖盘
1117,13:33:57,11.37,--,16,18419,买盘
1118,13:33:45,11.37,--,24,27287,买盘
1119,13:33:42,11.37,--,8,9096,买盘
1120,13:33:39,11.37,--,33,37521,买盘
1121,13:33:33,11.37,0.01,68,77316,买盘
1122,13:33:24,11.36,-0.01,43,48848,卖盘
1123,13:33:21,11.37,--,10,11370,买盘
1124,13:33:15,11.37,--,15,17055,买盘
1125,13:33:12,11.37,--,41,46617,买盘
1126,13:33:09,11.37,--,200,227399,买盘
1127,13:33:06,11.37,--,20,22740,买盘
1128,13:33:03,11.37,--,67,76179,买盘
1129,13:33:00,11.37,--,36,40932,买盘
1130,13:32:57,11.37,--,3,3410,买盘
1131,13:32:48,11.37,--,7,7958,买盘
1132,13:32:45,11.37,--,100,113699,买盘
1133,13:32:42,11.37,--,24,27287,买盘
1134,13:32:39,11.37,--,2,2274,买盘
1135,13:32:36,11.37,--,23,26151,买盘
1136,13:32:33,11.37,--,70,79590,买盘
1137,13:32:30,11.37,--,798,908235,卖盘
1138,13:32:27,11.37,-0.01,163,185331,卖盘
1139,13:32:21,11.38,--,24,27312,买盘
1140,13:32:18,11.38,0.01,14,15932,买盘
1141,13:32:15,11.37,-0.01,30,34110,卖盘
1142,13:32:12,11.38,--,2,2276,买盘
1143,13:32:09,11.38,--,80,91040,买盘
1144,13:32:03,11.38,--,44,50072,买盘
1145,13:32:00,11.38,0.01,25,28450,买盘
1146,13:31:54,11.37,--,8,9323,卖盘
1147,13:31:45,11.37,0.01,25,28424,买盘
1148,13:31:39,11.36,-0.01,34,38624,卖盘
1149,13:31:36,11.37,--,23,26151,买盘
1150,13:31:33,11.37,--,70,79590,买盘
1151,13:31:24,11.37,-0.01,1109,1260933,卖盘
1152,13:31:21,11.38,-0.02,336,382368,卖盘
1153,13:31:18,11.4,0.01,24,27360,买盘
1154,13:31:15,11.39,0.01,21,23919,买盘
1155,13:31:09,11.38,--,1,1138,卖盘
1156,13:31:06,11.38,-0.01,7,7966,卖盘
1157,13:31:03,11.39,--,46,52394,买盘
1158,13:31:00,11.39,--,1,1139,买盘
1159,13:30:57,11.39,0.01,24,27336,买盘
1160,13:30:42,11.38,-0.01,30,34140,卖盘
1161,13:30:39,11.39,--,12,13668,买盘
1162,13:30:33,11.39,--,114,129846,买盘
1163,13:30:30,11.39,--,68,77452,买盘
1164,13:30:27,11.39,--,2,2278,买盘
1165,13:30:24,11.39,-0.01,2035,2317865,卖盘
1166,13:30:21,11.4,--,7,7980,买盘
1167,13:30:18,11.4,--,47,53580,买盘
1168,13:30:15,11.4,--,2,2280,买盘
1169,13:30:03,11.4,0.01,44,50160,买盘
1170,13:30:00,11.39,-0.01,1,1139,卖盘
1171,13:29:54,11.4,--,10,11400,买盘
1172,13:29:51,11.4,0.01,30,34200,买盘
1173,13:29:45,11.39,-0.01,10,11390,卖盘
1174,13:29:39,11.4,0.01,60,68400,买盘
1175,13:29:36,11.39,-0.01,32,36448,卖盘
1176,13:29:33,11.4,--,71,80940,买盘
1177,13:29:30,11.4,0.01,152,173280,卖盘
1178,13:29:27,11.39,-0.01,150,170850,卖盘
1179,13:29:24,11.4,--,3,3420,卖盘
1180,13:29:21,11.4,--,21,23940,买盘
1181,13:29:15,11.4,0.02,21,23940,买盘
1182,13:29:09,11.38,-0.01,320,364160,卖盘
1183,13:29:03,11.39,--,710,808690,卖盘
1184,13:29:00,11.39,--,18,20502,卖盘
1185,13:28:54,11.39,-0.01,9,10251,卖盘
1186,13:28:51,11.4,--,30,34200,买盘
1187,13:28:48,11.4,0.01,10,11400,买盘
1188,13:28:45,11.39,--,75,85425,卖盘
1189,13:28:42,11.39,--,7,7973,卖盘
1190,13:28:36,11.39,-0.01,7,7973,卖盘
1191,13:28:33,11.4,--,39,44460,买盘
1192,13:28:30,11.4,--,25,28500,买盘
1193,13:28:27,11.4,0.01,54,61560,买盘
1194,13:28:24,11.39,--,4,4556,买盘
1195,13:28:21,11.39,--,13,14807,买盘
1196,13:28:18,11.39,-0.01,73,83147,中性盘
1197,13:28:09,11.4,--,83,94620,买盘
1198,13:28:06,11.4,--,11,12540,买盘
1199,13:28:03,11.4,0.02,43,49020,买盘
1200,13:27:57,11.38,--,38,43244,买盘
1201,13:27:48,11.38,-0.02,112,127456,卖盘
1202,13:27:42,11.4,--,25,28500,买盘
1203,13:27:39,11.4,--,16,18240,买盘
1204,13:27:36,11.4,--,52,59280,买盘
1205,13:27:33,11.4,--,13,14820,买盘
1206,13:27:30,11.4,--,26,29640,买盘
1207,13:27:27,11.4,--,82,93480,买盘
1208,13:27:21,11.4,--,1,1140,买盘
1209,13:27:18,11.4,--,28,31920,买盘
1210,13:27:15,11.4,-0.01,224,255360,卖盘
1211,13:27:12,11.41,--,10,11410,买盘
1212,13:27:06,11.41,--,29,33089,买盘
1213,13:27:03,11.41,--,926,1056566,卖盘
1214,13:27:00,11.41,--,2,2282,卖盘
1215,13:26:54,11.41,--,119,135779,买盘
1216,13:26:51,11.41,--,38,43358,买盘
1217,13:26:48,11.41,--,175,199675,买盘
1218,13:26:45,11.41,0.01,23,26243,买盘
1219,13:26:39,11.4,0.02,8,9120,买盘
1220,13:26:36,11.38,-0.02,6,6828,卖盘
1221,13:26:33,11.4,--,13,14820,买盘
1222,13:26:30,11.4,--,36,41040,买盘
1223,13:26:24,11.4,--,84,95760,买盘
1224,13:26:15,11.4,--,1,1140,买盘
1225,13:26:09,11.4,0.02,753,858420,买盘
1226,13:26:06,11.38,--,9,10242,买盘
1227,13:26:03,11.38,--,198,225324,买盘
1228,13:26:00,11.38,--,15,17070,买盘
1229,13:25:54,11.38,--,7,7966,买盘
1230,13:25:51,11.38,--,50,56900,买盘
1231,13:25:48,11.38,--,188,213944,买盘
1232,13:25:45,11.38,--,46,52348,买盘
1233,13:25:42,11.38,0.01,25,28450,买盘
1234,13:25:36,11.37,-0.02,100,113699,卖盘
1235,13:25:33,11.39,--,26,29614,买盘
1236,13:25:27,11.39,0.01,527,600253,买盘
1237,13:25:24,11.38,--,82,93316,买盘
1238,13:25:21,11.38,--,24,27312,买盘
1239,13:25:18,11.38,0.01,59,67142,买盘
1240,13:25:12,11.37,-0.01,7,7958,卖盘
1241,13:25:06,11.38,--,1,1138,买盘
1242,13:25:03,11.38,--,44,50072,买盘
1243,13:25:00,11.38,--,51,58038,买盘
1244,13:24:51,11.38,0.01,5,5690,买盘
1245,13:24:42,11.37,-0.01,3,3410,卖盘
1246,13:24:39,11.38,--,23,26174,买盘
1247,13:24:36,11.38,--,23,26174,买盘
1248,13:24:27,11.38,--,25,28450,买盘
1249,13:24:24,11.38,--,55,62590,买盘
1250,13:24:18,11.38,--,38,43244,买盘
1251,13:24:12,11.38,--,1,1138,买盘
1252,13:24:03,11.38,0.01,53,60314,买盘
1253,13:24:00,11.37,-0.01,4,4548,卖盘
1254,13:23:57,11.38,--,105,119490,买盘
1255,13:23:48,11.38,--,4,4552,买盘
1256,13:23:45,11.38,--,80,91040,买盘
1257,13:23:42,11.38,--,54,61452,买盘
1258,13:23:39,11.38,--,1,1138,买盘
1259,13:23:36,11.38,--,24,27312,买盘
1260,13:23:33,11.38,--,13,14794,买盘
1261,13:23:24,11.38,--,144,163872,卖盘
1262,13:23:21,11.38,-0.01,68,77384,卖盘
1263,13:23:15,11.39,0.01,25,28475,买盘
1264,13:23:12,11.38,0.02,444,505272,买盘
1265,13:23:06,11.36,--,45,51120,买盘
1266,13:23:03,11.36,--,53,60208,买盘
1267,13:23:00,11.36,0.01,113,128368,买盘
1268,13:22:57,11.35,-0.01,5,5675,卖盘
1269,13:22:54,11.36,--,25,28400,买盘
1270,13:22:48,11.36,--,12,13632,买盘
1271,13:22:45,11.36,-0.02,590,670240,卖盘
1272,13:22:33,11.38,--,35,39830,买盘
1273,13:22:27,11.38,--,25,28450,买盘
1274,13:22:21,11.38,--,27,30726,买盘
1275,13:22:18,11.38,--,55,62590,买盘
1276,13:22:12,11.38,0.01,24,27312,买盘
1277,13:22:09,11.37,-0.01,8,9096,卖盘
1278,13:22:06,11.38,--,2,2276,买盘
1279,13:22:03,11.38,0.01,43,48934,买盘
1280,13:22:00,11.37,-0.01,4,4548,卖盘
1281,13:21:51,11.38,0.01,25,28450,买盘
1282,13:21:39,11.37,-0.01,5,5685,卖盘
1283,13:21:33,11.38,--,13,14794,买盘
1284,13:21:30,11.38,--,63,71694,买盘
1285,13:21:21,11.38,--,32,36416,买盘
1286,13:21:18,11.38,0.01,53,60314,买盘
1287,13:21:15,11.37,-0.01,30,34110,卖盘
1288,13:21:12,11.38,--,2,2276,买盘
1289,13:21:09,11.38,-0.01,23,26174,中性盘
1290,13:21:03,11.39,--,46,52394,买盘
1291,13:21:00,11.39,--,6,6834,买盘
1292,13:20:57,11.39,--,10,11390,买盘
1293,13:20:48,11.39,--,22,25058,买盘
1294,13:20:45,11.39,--,6,6834,买盘
1295,13:20:36,11.39,--,31,35309,买盘
1296,13:20:27,11.39,0.03,25,28475,买盘
1297,13:20:18,11.36,--,42,47712,买盘
1298,13:20:15,11.36,--,56,63616,买盘
1299,13:20:06,11.36,--,109,123824,买盘
1300,13:20:03,11.36,-0.01,723,821328,卖盘
1301,13:20:00,11.37,--,14,15917,卖盘
1302,13:19:54,11.37,--,2,2274,卖盘
1303,13:19:51,11.37,-0.01,1,1137,卖盘
1304,13:19:48,11.38,-0.02,36,40968,买盘
1305,13:19:45,11.4,--,24,27360,买盘
1306,13:19:39,11.4,0.02,66,75240,买盘
1307,13:19:36,11.38,-0.01,482,548641,卖盘
1308,13:19:30,11.39,--,51,59102,买盘
1309,13:19:27,11.39,--,23,26197,买盘
1310,13:19:24,11.39,--,71,80869,买盘
1311,13:19:21,11.39,--,77,87703,买盘
1312,13:19:18,11.39,--,26,29614,买盘
1313,13:19:15,11.39,--,1015,1156210,卖盘
1314,13:19:12,11.39,--,153,174267,卖盘
1315,13:19:09,11.39,-0.02,1,1139,卖盘
1316,13:19:03,11.41,0.02,94,108269,买盘
1317,13:19:00,11.39,--,1,1139,买盘
1318,13:18:57,11.39,--,5,5695,买盘
1319,13:18:54,11.39,-0.01,117,133388,卖盘
1320,13:18:51,11.4,--,14,15960,卖盘
1321,13:18:48,11.4,--,954,1088574,买盘
1322,13:18:42,11.4,--,223,254220,买盘
1323,13:18:33,11.4,--,20,22800,买盘
1324,13:18:27,11.4,--,50,57000,买盘
1325,13:18:21,11.4,--,24,27360,买盘
1326,13:18:18,11.4,--,68,77520,买盘
1327,13:18:15,11.4,0.01,57,64980,买盘
1328,13:18:12,11.39,0.01,1,1139,买盘
1329,13:18:03,11.38,--,596,678248,买盘
1330,13:18:00,11.38,--,25,28450,买盘
1331,13:17:51,11.38,--,9,10242,买盘
1332,13:17:45,11.38,0.01,7,7966,买盘
1333,13:17:39,11.37,-0.01,27,30698,卖盘
1334,13:17:33,11.38,0.01,23,26174,买盘
1335,13:17:30,11.37,--,69,78453,买盘
1336,13:17:27,11.37,--,410,466169,卖盘
1337,13:17:24,11.37,-0.01,1,1137,卖盘
1338,13:17:21,11.38,--,11,12518,买盘
1339,13:17:18,11.38,--,22,25036,买盘
1340,13:17:15,11.38,0.01,3,3414,买盘
1341,13:17:12,11.37,--,59,67083,卖盘
1342,13:17:09,11.37,--,732,832284,买盘
1343,13:17:06,11.37,--,30,34110,买盘
1344,13:17:03,11.37,--,30,34110,买盘
1345,13:17:00,11.37,-0.01,25,28424,卖盘
1346,13:16:54,11.38,--,3,3414,买盘
1347,13:16:39,11.38,-0.02,134,152492,卖盘
1348,13:16:36,11.4,0.01,37,42180,买盘
1349,13:16:27,11.39,--,10,11390,卖盘
1350,13:16:21,11.39,-0.01,6,6834,卖盘
1351,13:16:18,11.4,--,14,15960,买盘
1352,13:16:15,11.4,0.01,24,27360,买盘
1353,13:16:12,11.39,-0.01,36,41004,卖盘
1354,13:16:09,11.4,--,52,59280,买盘
1355,13:16:03,11.4,0.01,30,34200,买盘
1356,13:16:00,11.39,-0.01,12,13668,卖盘
1357,13:15:57,11.4,--,3,3420,买盘
1358,13:15:54,11.4,--,24,27360,买盘
1359,13:15:51,11.4,--,150,171000,买盘
1360,13:15:45,11.4,0.02,14,15960,买盘
1361,13:15:36,11.38,-0.02,137,155906,卖盘
1362,13:15:33,11.4,0.01,24,27360,买盘
1363,13:15:30,11.39,0.01,10,11390,买盘
1364,13:15:15,11.38,-0.01,8,9104,卖盘
1365,13:15:12,11.39,0.01,51,58089,买盘
1366,13:15:09,11.38,--,300,341400,买盘
1367,13:15:06,11.38,--,53,60314,买盘
1368,13:15:03,11.38,--,30,34140,买盘
1369,13:14:54,11.38,-0.02,69,78522,卖盘
1370,13:14:51,11.4,0.01,25,28500,买盘
1371,13:14:45,11.39,--,411,468129,卖盘
1372,13:14:42,11.39,--,53,60367,买盘
1373,13:14:33,11.39,--,4,4556,买盘
1374,13:14:30,11.39,-0.01,23,26197,中性盘
1375,13:14:18,11.4,0.05,1000,1140000,买盘
1376,13:14:12,11.35,-0.03,6,6810,卖盘
1377,13:14:09,11.38,--,51,58038,买盘
1378,13:14:06,11.38,--,52,59176,买盘
1379,13:14:03,11.38,--,30,34140,买盘
1380,13:13:57,11.38,0.03,15,17070,买盘
1381,13:13:54,11.35,-0.03,798,905854,卖盘
1382,13:13:48,11.38,--,25,28450,买盘
1383,13:13:42,11.38,0.02,17,19346,买盘
1384,13:13:30,11.36,--,8,9088,卖盘
1385,13:13:27,11.36,-0.01,156,177216,卖盘
1386,13:13:24,11.37,--,20,22740,买盘
1387,13:13:18,11.37,-0.01,14,15917,卖盘
1388,13:13:15,11.38,0.01,1,1138,买盘
1389,13:13:12,11.37,-0.01,6,6821,卖盘
1390,13:13:09,11.38,0.01,27,30726,买盘
1391,13:13:06,11.37,0.01,69,79464,买盘
1392,13:13:03,11.36,--,33,37488,买盘
1393,13:12:57,11.36,0.01,28,31808,买盘
1394,13:12:51,11.35,-0.01,107,121445,卖盘
1395,13:12:45,11.36,--,26,29536,买盘
1396,13:12:42,11.36,--,1,1136,买盘
1397,13:12:39,11.36,--,2,2272,买盘
1398,13:12:27,11.36,-0.01,674,765788,卖盘
1399,13:12:18,11.37,--,19,21603,卖盘
1400,13:12:09,11.37,-0.01,27,30698,卖盘
1401,13:12:03,11.38,--,84,95592,买盘
1402,13:11:51,11.38,--,50,56900,买盘
1403,13:11:48,11.38,0.01,110,125180,买盘
1404,13:11:45,11.37,--,112,127343,卖盘
1405,13:11:42,11.37,-0.01,6,6821,卖盘
1406,13:11:39,11.38,0.01,24,27312,买盘
1407,13:11:36,11.37,0.01,2,2274,买盘
1408,13:11:24,11.36,--,50,56800,卖盘
1409,13:11:21,11.36,--,1,1136,卖盘
1410,13:11:18,11.36,--,18,21459,买盘
1411,13:11:12,11.36,--,9,10224,买盘
1412,13:11:09,11.36,--,29,32944,买盘
1413,13:11:03,11.36,0.01,403,457808,买盘
1414,13:11:00,11.35,--,2,2270,卖盘
1415,13:10:57,11.35,-0.01,7,7945,卖盘
1416,13:10:54,11.36,--,31,35216,买盘
1417,13:10:48,11.36,--,40,45440,买盘
1418,13:10:39,11.36,--,51,57936,买盘
1419,13:10:33,11.36,--,304,345468,卖盘
1420,13:10:24,11.36,--,1,1136,卖盘
1421,13:10:18,11.36,-0.02,3,3408,卖盘
1422,13:10:06,11.38,0.01,25,28450,买盘
1423,13:10:03,11.37,--,29,33984,买盘
1424,13:10:00,11.37,--,77,87549,买盘
1425,13:09:57,11.37,--,6,6947,卖盘
1426,13:09:51,11.37,-0.01,525,596925,卖盘
1427,13:09:48,11.38,--,24,27312,卖盘
1428,13:09:45,11.38,--,18,20484,卖盘
1429,13:09:42,11.38,--,11,12518,卖盘
1430,13:09:39,11.38,-0.01,20,22760,卖盘
1431,13:09:36,11.39,0.02,37,42143,买盘
1432,13:09:09,11.37,-0.02,1,1137,卖盘
1433,13:09:03,11.39,--,57,64923,买盘
1434,13:09:00,11.39,0.02,61,69479,买盘
1435,13:08:57,11.37,-0.02,100,113699,卖盘
1436,13:08:48,11.39,0.02,4,4556,买盘
1437,13:08:45,11.37,--,2,2274,卖盘
1438,13:08:33,11.37,--,7,8970,买盘
1439,13:08:30,11.37,--,5,5685,买盘
1440,13:08:27,11.37,0.01,4,4548,买盘
1441,13:08:24,11.36,-0.01,1,1136,卖盘
1442,13:08:21,11.37,--,3,3410,买盘
1443,13:08:18,11.37,--,14,15917,买盘
1444,13:08:12,11.37,-0.02,266,303021,卖盘
1445,13:08:06,11.39,--,25,28475,买盘
1446,13:08:03,11.39,--,24,27336,买盘
1447,13:08:00,11.39,0.01,57,64923,买盘
1448,13:07:54,11.38,0.01,26,29588,买盘
1449,13:07:51,11.37,-0.01,26,29561,卖盘
1450,13:07:45,11.38,--,100,113800,买盘
1451,13:07:42,11.38,--,1,1138,买盘
1452,13:07:39,11.38,--,22,25036,买盘
1453,13:07:30,11.38,--,25,28450,买盘
1454,13:07:21,11.38,--,51,58038,卖盘
1455,13:07:09,11.38,-0.02,1,1138,卖盘
1456,13:07:06,11.4,--,1,1140,买盘
1457,13:07:03,11.4,--,30,34200,买盘
1458,13:07:00,11.4,--,36,41040,买盘
1459,13:06:57,11.4,0.02,158,180120,买盘
1460,13:06:54,11.38,--,86,97868,买盘
1461,13:06:51,11.38,--,170,193460,买盘
1462,13:06:48,11.38,-0.02,141,160458,卖盘
1463,13:06:45,11.4,--,78,88920,买盘
1464,13:06:42,11.4,0.02,28,31920,买盘
1465,13:06:33,11.38,-0.02,162,184356,卖盘
1466,13:06:24,11.4,0.01,100,114000,买盘
1467,13:06:15,11.39,0.01,28,31892,买盘
1468,13:06:12,11.38,-0.01,1,1138,卖盘
1469,13:06:06,11.39,--,100,113900,买盘
1470,13:06:03,11.39,--,30,34170,买盘
1471,13:06:00,11.39,--,31,35309,买盘
1472,13:05:57,11.39,0.01,149,169711,买盘
1473,13:05:54,11.38,-0.01,3,3414,卖盘
1474,13:05:42,11.39,0.01,28,31892,买盘
1475,13:05:39,11.38,-0.01,12,13656,卖盘
1476,13:05:36,11.39,0.01,100,113900,买盘
1477,13:05:30,11.38,--,169,192322,买盘
1478,13:05:21,11.38,0.01,68,77384,买盘
1479,13:05:18,11.37,-0.01,1,1137,卖盘
1480,13:05:12,11.38,0.01,100,113800,买盘
1481,13:05:06,11.37,-0.01,20,22740,卖盘
1482,13:05:03,11.38,--,130,147940,买盘
1483,13:05:00,11.38,0.01,23,26174,买盘
1484,13:04:57,11.37,-0.01,1,1137,卖盘
1485,13:04:54,11.38,--,66,75108,买盘
1486,13:04:42,11.38,-0.01,17,19346,中性盘
1487,13:04:27,11.39,0.02,40,45560,买盘
1488,13:04:21,11.37,-0.02,1,1137,卖盘
1489,13:04:18,11.39,--,14,15946,买盘
1490,13:04:06,11.39,--,1,1139,买盘
1491,13:04:03,11.39,0.02,30,34170,买盘
1492,13:04:00,11.37,-0.02,1,1137,卖盘
1493,13:03:57,11.39,--,31,35309,买盘
1494,13:03:54,11.39,0.03,49,55811,买盘
1495,13:03:48,11.36,--,37,42588,买盘
1496,13:03:45,11.36,-0.01,962,1093411,卖盘
1497,13:03:39,11.37,--,25,28868,买盘
1498,13:03:33,11.37,-0.01,114,130311,卖盘
1499,13:03:30,11.38,--,10,11380,卖盘
1500,13:03:27,11.38,0.01,63,72137,买盘
1501,13:03:18,11.37,--,108,122795,买盘
1502,13:03:12,11.37,0.01,2,2274,买盘
1503,13:03:06,11.36,-0.01,1,1136,卖盘
1504,13:03:03,11.37,--,30,34110,买盘
1505,13:03:00,11.37,--,17,19329,买盘
1506,13:02:57,11.37,--,32,36384,买盘
1507,13:02:54,11.37,--,5,5685,买盘
1508,13:02:51,11.37,--,48,54575,买盘
1509,13:02:45,11.37,--,278,316086,卖盘
1510,13:02:42,11.37,--,1,1137,卖盘
1511,13:02:36,11.37,--,198,225125,买盘
1512,13:02:27,11.37,0.01,155,176235,买盘
1513,13:02:21,11.36,--,1,1136,卖盘
1514,13:02:15,11.36,-0.01,3,3408,卖盘
1515,13:02:12,11.37,--,18,20466,买盘
1516,13:02:03,11.37,--,30,34110,买盘
1517,13:01:54,11.37,--,31,35247,买盘
1518,13:01:51,11.37,0.01,49,55712,买盘
1519,13:01:48,11.36,--,2,2272,卖盘
1520,13:01:27,11.36,--,8,9088,卖盘
1521,13:01:24,11.36,-0.02,134,152224,卖盘
1522,13:01:18,11.38,--,23,26174,买盘
1523,13:01:12,11.38,--,108,122904,买盘
1524,13:01:09,11.38,--,46,52348,买盘
1525,13:01:03,11.38,--,37,42106,买盘
1526,13:01:00,11.38,--,56,63728,买盘
1527,13:00:54,11.38,--,23,26174,买盘
1528,13:00:48,11.38,--,81,92178,卖盘
1529,13:00:45,11.38,-0.01,51,58038,中性盘
1530,13:00:36,11.39,0.02,26,29614,买盘
1531,13:00:30,11.37,-0.02,1,1137,卖盘
1532,13:00:27,11.39,--,2,2278,买盘
1533,13:00:18,11.39,0.02,14,15946,买盘
1534,13:00:06,11.37,--,82,93234,买盘
1535,13:00:03,11.37,0.01,708,804996,买盘
1536,13:00:00,11.36,-0.01,3,3408,卖盘
1537,11:30:00,11.37,--,97,110300,买盘
1538,11:29:57,11.37,--,18,20466,买盘
1539,11:29:54,11.37,--,14,15917,买盘
1540,11:29:51,11.37,-0.01,94,106877,卖盘
1541,11:29:36,11.38,0.01,1,1138,中性盘
1542,11:29:15,11.37,0.01,1,1137,中性盘
1543,11:29:09,11.36,-0.03,188,213704,卖盘
1544,11:29:06,11.39,--,1,1139,买盘
1545,11:29:03,11.39,--,59,67201,买盘
1546,11:29:00,11.39,0.01,55,62645,买盘
1547,11:28:57,11.38,0.02,3,3414,买盘
1548,11:28:54,11.36,--,200,227200,卖盘
1549,11:28:51,11.36,0.01,545,620221,买盘
1550,11:28:48,11.35,-0.01,696,790799,卖盘
1551,11:28:45,11.36,--,199,226064,买盘
1552,11:28:42,11.36,-0.02,179,203673,卖盘
1553,11:28:36,11.38,--,9,10242,买盘
1554,11:28:33,11.38,0.01,1,1138,买盘
1555,11:28:27,11.37,-0.01,23,26151,卖盘
1556,11:28:24,11.38,0.01,3,3414,买盘
1557,11:28:21,11.37,0.01,26,29561,买盘
1558,11:28:18,11.36,-0.01,1,1136,卖盘
1559,11:28:15,11.37,--,33,37521,卖盘
1560,11:28:06,11.37,--,3,3410,卖盘
1561,11:28:03,11.37,--,9,10233,买盘
1562,11:28:00,11.37,0.01,37,42069,买盘
1563,11:27:57,11.36,-0.01,78,88608,卖盘
1564,11:27:54,11.37,0.01,30,34110,卖盘
1565,11:27:39,11.36,-0.03,48,54528,卖盘
1566,11:27:33,11.39,0.02,4,4556,买盘
1567,11:27:27,11.37,--,8,9096,卖盘
1568,11:27:12,11.37,-0.01,57,64808,卖盘
1569,11:27:03,11.38,--,17,20153,买盘
1570,11:27:00,11.38,--,7,7966,买盘
1571,11:26:57,11.38,--,80,91040,买盘
1572,11:26:54,11.38,--,4,4552,买盘
1573,11:26:45,11.38,--,1,1138,买盘
1574,11:26:42,11.38,0.03,5,5690,买盘
1575,11:26:27,11.35,--,1,1135,卖盘
1576,11:26:24,11.35,-0.03,8,9375,卖盘
1577,11:26:21,11.38,0.02,139,158182,买盘
1578,11:26:18,11.36,--,120,136320,买盘
1579,11:26:15,11.36,--,65,73840,买盘
1580,11:26:12,11.36,--,15,17040,买盘
1581,11:26:09,11.36,--,6,6816,买盘
1582,11:26:06,11.36,--,54,61344,买盘
1583,11:26:03,11.36,--,31,35216,买盘
1584,11:25:57,11.36,--,25,28400,买盘
1585,11:25:54,11.36,--,55,62480,买盘
1586,11:25:45,11.36,--,50,56800,买盘
1587,11:25:42,11.36,0.02,2,2272,买盘
1588,11:25:39,11.34,-0.02,53,60102,中性盘
1589,11:25:27,11.36,0.02,174,197664,买盘
1590,11:25:24,11.34,--,40,45360,买盘
1591,11:25:21,11.34,--,130,147420,买盘
1592,11:25:18,11.34,--,24,27216,买盘
1593,11:25:15,11.34,-0.02,597,676998,卖盘
1594,11:25:06,11.36,--,20,22720,买盘
1595,11:25:03,11.36,--,31,35216,买盘
1596,11:25:00,11.36,--,91,103376,买盘
1597,11:24:57,11.36,--,7,7952,买盘
1598,11:24:54,11.36,--,80,90880,买盘
1599,11:24:45,11.36,-0.02,330,374880,卖盘
1600,11:24:42,11.38,--,23,26174,买盘
1601,11:24:36,11.38,0.01,7,7966,买盘
1602,11:24:27,11.37,--,7,7958,卖盘
1603,11:24:21,11.37,--,14,15917,卖盘
1604,11:24:09,11.37,--,43,48891,卖盘
1605,11:24:06,11.37,-0.01,4,4548,卖盘
1606,11:24:03,11.38,--,32,36416,买盘
1607,11:23:54,11.38,--,33,37554,买盘
1608,11:23:51,11.38,--,60,68280,买盘
1609,11:23:48,11.38,--,3,3414,买盘
1610,11:23:42,11.38,-0.01,204,232152,卖盘
1611,11:23:39,11.39,0.01,20,22780,中性盘
1612,11:23:24,11.38,-0.01,400,455200,卖盘
1613,11:23:12,11.39,-0.01,15,17085,卖盘
1614,11:23:09,11.4,--,9,10260,买盘
1615,11:23:03,11.4,--,34,38760,买盘
1616,11:23:00,11.4,--,7,7980,买盘
1617,11:22:54,11.4,--,35,39900,买盘
1618,11:22:51,11.4,--,50,57000,买盘
1619,11:22:36,11.4,--,4,4560,买盘
1620,11:22:33,11.4,0.01,4,4560,买盘
1621,11:22:09,11.39,-0.01,17,19363,中性盘
1622,11:22:03,11.4,--,30,34200,买盘
1623,11:21:57,11.4,--,7,7980,买盘
1624,11:21:51,11.4,--,28,31920,买盘
1625,11:21:48,11.4,0.01,52,59280,买盘
1626,11:21:42,11.39,--,1,1139,买盘
1627,11:21:36,11.39,0.01,4,4556,买盘
1628,11:21:24,11.38,--,329,374402,买盘
1629,11:21:18,11.38,0.01,5,5690,买盘
1630,11:21:15,11.37,-0.01,10,11370,卖盘
1631,11:21:12,11.38,0.01,11,12518,买盘
1632,11:21:06,11.37,-0.01,9,10233,卖盘
1633,11:21:03,11.38,--,31,35278,买盘
1634,11:20:57,11.38,-0.02,426,484788,卖盘
1635,11:20:51,11.4,--,33,37620,买盘
1636,11:20:45,11.4,0.01,54,61560,买盘
1637,11:20:42,11.39,-0.01,50,56950,卖盘
1638,11:20:33,11.4,0.01,1,1140,买盘
1639,11:20:21,11.39,-0.01,20,22780,卖盘
1640,11:20:18,11.4,--,6,6840,买盘
1641,11:20:15,11.4,--,19,21660,买盘
1642,11:20:12,11.4,0.01,6,6840,买盘
1643,11:20:06,11.39,--,10,11390,卖盘
1644,11:20:03,11.39,-0.01,35,39865,卖盘
1645,11:20:00,11.4,--,29,33060,买盘
1646,11:19:54,11.4,0.01,152,173280,买盘
1647,11:19:51,11.39,--,5,5695,买盘
1648,11:19:45,11.39,--,18,20502,买盘
1649,11:19:42,11.39,--,19,21641,卖盘
1650,11:19:39,11.39,-0.01,1,1139,卖盘
1651,11:19:33,11.4,0.01,1,1140,买盘
1652,11:19:30,11.39,-0.01,100,113900,卖盘
1653,11:19:18,11.4,--,13,14820,买盘
1654,11:19:12,11.4,0.01,7,7980,买盘
1655,11:19:06,11.39,-0.01,98,111622,卖盘
1656,11:19:03,11.4,0.01,29,33060,买盘
1657,11:19:00,11.39,-0.01,29,33031,卖盘
1658,11:18:57,11.4,0.01,48,54720,买盘
1659,11:18:54,11.39,-0.01,8,9112,卖盘
1660,11:18:51,11.4,--,66,75240,买盘
1661,11:18:48,11.4,--,81,92340,买盘
1662,11:18:45,11.4,--,20,22800,买盘
1663,11:18:42,11.4,--,46,52440,买盘
1664,11:18:39,11.4,--,84,95760,卖盘
1665,11:18:30,11.4,--,30,34200,卖盘
1666,11:18:27,11.4,--,932,1062480,买盘
1667,11:18:09,11.4,--,25,28500,买盘
1668,11:18:06,11.4,--,13,14820,买盘
1669,11:18:03,11.4,0.01,30,34200,买盘
1670,11:18:00,11.39,-0.01,48,54672,卖盘
1671,11:17:57,11.4,-0.01,3,3420,卖盘
1672,11:17:51,11.41,--,35,39935,买盘
1673,11:17:48,11.41,--,40,45640,买盘
1674,11:17:45,11.41,--,45,51345,买盘
1675,11:17:42,11.41,0.02,55,62755,买盘
1676,11:17:30,11.39,-0.01,31,35309,卖盘
1677,11:17:27,11.4,-0.01,23,26220,中性盘
1678,11:17:21,11.41,0.01,15,17115,买盘
1679,11:17:15,11.4,-0.01,18,21204,卖盘
1680,11:17:12,11.41,--,14,15974,买盘
1681,11:17:09,11.41,--,4,4564,买盘
1682,11:17:06,11.41,0.01,27,30807,买盘
1683,11:17:03,11.4,--,18,20976,买盘
1684,11:17:00,11.4,--,28,31920,买盘
1685,11:16:57,11.4,--,52,59280,买盘
1686,11:16:54,11.4,--,2,2280,买盘
1687,11:16:45,11.4,--,12,13680,买盘
1688,11:16:42,11.4,--,5,5700,买盘
1689,11:16:39,11.4,0.02,16,18240,买盘
1690,11:16:36,11.38,-0.02,14,15932,卖盘
1691,11:16:33,11.4,--,37,42180,买盘
1692,11:16:30,11.4,--,5,5700,买盘
1693,11:16:27,11.4,--,20,22800,买盘
1694,11:16:24,11.4,0.03,5,5700,买盘
1695,11:16:21,11.37,--,71,80727,卖盘
1696,11:16:18,11.37,-0.01,20,22740,卖盘
1697,11:16:12,11.38,--,515,586070,买盘
1698,11:16:03,11.38,--,31,35278,买盘
1699,11:15:57,11.38,--,31,35278,买盘
1700,11:15:54,11.38,--,56,63728,买盘
1701,11:15:51,11.38,--,11,12518,买盘
1702,11:15:48,11.38,--,57,64866,买盘
1703,11:15:45,11.38,--,1,1138,买盘
1704,11:15:42,11.38,--,8,9104,买盘
1705,11:15:39,11.38,--,11,12518,买盘
1706,11:15:33,11.38,-0.02,152,172976,卖盘
1707,11:15:30,11.4,--,13,14820,买盘
1708,11:15:24,11.4,--,11,12540,买盘
1709,11:15:21,11.4,0.01,66,75240,买盘
1710,11:15:18,11.39,-0.01,10,11390,卖盘
1711,11:15:15,11.4,--,485,552900,买盘
1712,11:15:12,11.4,0.01,26,29640,买盘
1713,11:15:09,11.39,-0.01,83,94537,卖盘
1714,11:15:06,11.4,--,285,324900,买盘
1715,11:15:03,11.4,--,42,47880,买盘
1716,11:15:00,11.4,--,184,209760,买盘
1717,11:14:57,11.4,--,142,161880,买盘
1718,11:14:54,11.4,--,259,295260,买盘
1719,11:14:51,11.4,0.01,14,15960,买盘
1720,11:14:48,11.39,-0.01,10,11390,卖盘
1721,11:14:45,11.4,--,78,88920,买盘
1722,11:14:42,11.4,--,112,127680,买盘
1723,11:14:39,11.4,--,185,210900,买盘
1724,11:14:36,11.4,--,73,83220,买盘
1725,11:14:33,11.4,--,34,38760,买盘
1726,11:14:30,11.4,0.01,187,213180,买盘
1727,11:14:27,11.39,--,70,79730,买盘
1728,11:14:21,11.39,--,29,33031,买盘
1729,11:14:15,11.39,--,35,39865,买盘
1730,11:14:12,11.39,0.01,256,291584,买盘
1731,11:14:03,11.38,--,38,43244,买盘
1732,11:14:00,11.38,--,4,4552,买盘
1733,11:13:57,11.38,--,13,14794,买盘
1734,11:13:42,11.38,--,27,30726,买盘
1735,11:13:36,11.38,0.03,77,87626,买盘
1736,11:13:33,11.35,--,35,39725,买盘
1737,11:13:18,11.35,--,85,96475,买盘
1738,11:13:09,11.35,--,78,88530,买盘
1739,11:13:03,11.35,--,32,36320,买盘
1740,11:13:00,11.35,--,9,10215,买盘
1741,11:12:57,11.35,--,33,37455,买盘
1742,11:12:51,11.35,-0.02,488,554107,卖盘
1743,11:12:48,11.37,--,3,3410,卖盘
1744,11:12:39,11.37,0.01,9,11142,买盘
1745,11:12:36,11.36,0.01,17,19312,买盘
1746,11:12:33,11.35,-0.01,8,9080,卖盘
1747,11:12:24,11.36,--,80,90880,买盘
1748,11:12:21,11.36,--,53,60208,买盘
1749,11:12:12,11.36,--,17,19312,买盘
1750,11:12:06,11.36,--,100,113600,买盘
1751,11:12:03,11.36,--,30,34080,买盘
1752,11:12:00,11.36,--,5,5680,买盘
1753,11:11:51,11.36,--,20,22720,买盘
1754,11:11:45,11.36,--,18,20448,买盘
1755,11:11:42,11.36,-0.02,173,196755,卖盘
1756,11:11:39,11.38,--,24,27312,买盘
1757,11:11:36,11.38,0.01,57,64866,买盘
1758,11:11:21,11.37,--,2,3183,买盘
1759,11:11:18,11.37,-0.01,17,19556,卖盘
1760,11:11:15,11.38,--,27,30726,买盘
1761,11:11:12,11.38,--,7,7966,买盘
1762,11:11:09,11.38,--,8,9104,买盘
1763,11:11:03,11.38,--,43,48934,买盘
1764,11:11:00,11.38,0.01,7,7966,买盘
1765,11:10:42,11.37,-0.01,4,4548,卖盘
1766,11:10:39,11.38,--,1,1138,买盘
1767,11:10:36,11.38,--,29,33002,买盘
1768,11:10:33,11.38,--,52,59176,买盘
1769,11:10:21,11.38,--,308,350504,卖盘
1770,11:10:12,11.38,-0.01,22,25036,卖盘
1771,11:10:09,11.39,--,23,26197,买盘
1772,11:10:06,11.39,--,68,77452,买盘
1773,11:10:03,11.39,-0.01,31,35309,买盘
1774,11:09:57,11.4,0.01,42,47880,买盘
1775,11:09:54,11.39,--,5,5695,买盘
1776,11:09:45,11.39,--,3,3417,买盘
1777,11:09:42,11.39,--,26,29614,买盘
1778,11:09:36,11.39,--,60,68340,买盘
1779,11:09:33,11.39,--,18,20502,买盘
1780,11:09:30,11.39,--,50,56950,买盘
1781,11:09:27,11.39,--,24,27336,买盘
1782,11:09:18,11.39,--,33,37587,买盘
1783,11:09:15,11.39,--,29,33031,买盘
1784,11:09:09,11.39,--,18,20502,买盘
1785,11:09:03,11.39,--,31,35309,买盘
1786,11:08:48,11.39,-0.01,63,71757,卖盘
1787,11:08:45,11.4,0.01,50,57000,买盘
1788,11:08:39,11.39,-0.01,42,47838,卖盘
1789,11:08:36,11.4,--,55,62700,买盘
1790,11:08:33,11.4,--,30,34200,买盘
1791,11:08:30,11.4,0.01,83,94620,买盘
1792,11:08:27,11.39,-0.01,36,41004,卖盘
1793,11:08:15,11.4,0.01,8,9120,买盘
1794,11:08:06,11.39,-0.01,7,7973,卖盘
1795,11:08:03,11.4,--,4,4560,买盘
1796,11:08:00,11.4,0.01,500,570000,买盘
1797,11:07:48,11.39,-0.01,18,20502,中性盘
1798,11:07:45,11.4,--,530,604200,买盘
1799,11:07:36,11.4,--,15,17100,买盘
1800,11:07:30,11.4,--,93,106020,买盘
1801,11:07:27,11.4,--,685,780900,买盘
1802,11:07:21,11.4,0.03,915,1043100,买盘
1803,11:07:15,11.37,-0.02,30,34110,卖盘
1804,11:07:12,11.39,0.02,36,41004,买盘
1805,11:07:06,11.37,-0.02,6,6821,卖盘
1806,11:07:03,11.39,0.01,30,34170,买盘
1807,11:07:00,11.38,-0.01,17,19346,卖盘
1808,11:06:57,11.39,--,281,320059,买盘
1809,11:06:48,11.39,--,19,21641,买盘
1810,11:06:45,11.39,--,17,19363,买盘
1811,11:06:36,11.39,--,32,36448,买盘
1812,11:06:33,11.39,--,2,2278,买盘
1813,11:06:30,11.39,--,41,46699,买盘
1814,11:06:27,11.39,--,51,58089,买盘
1815,11:06:18,11.39,--,29,33031,买盘
1816,11:06:15,11.39,--,17,19363,买盘
1817,11:06:12,11.39,--,11,12529,买盘
1818,11:06:09,11.39,0.03,47,54444,买盘
1819,11:06:06,11.36,-0.02,36,40896,卖盘
1820,11:06:03,11.38,--,32,36416,买盘
1821,11:06:00,11.38,-0.01,114,129959,卖盘
1822,11:05:54,11.39,--,16,18224,买盘
1823,11:05:51,11.39,0.01,201,229850,买盘
1824,11:05:45,11.38,--,38,43244,买盘
1825,11:05:39,11.38,--,1,1138,买盘
1826,11:05:30,11.38,--,26,29588,买盘
1827,11:05:24,11.38,0.02,54,61452,买盘
1828,11:05:18,11.36,--,9,10224,卖盘
1829,11:05:12,11.36,--,294,333984,买盘
1830,11:05:06,11.36,--,28,31808,买盘
1831,11:05:03,11.36,--,49,55664,买盘
1832,11:04:57,11.36,-0.02,131,148816,卖盘
1833,11:04:54,11.38,0.01,10,11380,买盘
1834,11:04:48,11.37,-0.01,5,5685,卖盘
1835,11:04:39,11.38,0.01,8,9104,买盘
1836,11:04:33,11.37,-0.01,6,6821,卖盘
1837,11:04:30,11.38,--,14,15932,买盘
1838,11:04:27,11.38,0.01,54,61452,买盘
1839,11:04:24,11.37,0.03,40,45480,买盘
1840,11:04:03,11.34,-0.03,36,40824,卖盘
1841,11:03:57,11.37,0.03,40,45480,买盘
1842,11:03:54,11.34,-0.02,127,144018,卖盘
1843,11:03:51,11.36,-0.01,10,11360,卖盘
1844,11:03:45,11.37,--,26,29561,买盘
1845,11:03:42,11.37,0.01,38,43206,买盘
1846,11:03:39,11.36,-0.01,1,1136,中性盘
1847,11:03:36,11.37,--,9,10233,买盘
1848,11:03:24,11.37,0.02,176,200112,买盘
1849,11:03:18,11.35,0.01,1,1135,买盘
1850,11:03:12,11.34,-0.01,15,17010,卖盘
1851,11:03:09,11.35,--,14,15890,买盘
1852,11:03:06,11.35,--,12,13620,买盘
1853,11:03:03,11.35,0.01,6,6810,买盘
1854,11:03:00,11.34,--,3,3402,买盘
1855,11:02:48,11.34,-0.01,13,14742,中性盘
1856,11:02:45,11.35,0.02,40,45400,买盘
1857,11:02:42,11.33,--,41,46453,买盘
1858,11:02:33,11.33,--,42,47586,买盘
1859,11:02:30,11.33,--,6,6798,买盘
1860,11:02:27,11.33,--,25,28325,买盘
1861,11:02:24,11.33,--,166,188078,买盘
1862,11:02:18,11.33,-0.01,239,270787,卖盘
1863,11:02:15,11.34,--,100,113400,买盘
1864,11:02:12,11.34,--,200,226800,买盘
1865,11:02:09,11.34,--,300,340200,买盘
1866,11:02:06,11.34,--,10,11340,买盘
1867,11:02:03,11.34,0.01,30,34020,买盘
1868,11:02:00,11.33,-0.01,7,7931,卖盘
1869,11:01:54,11.34,--,7,7938,买盘
1870,11:01:45,11.34,--,42,47628,买盘
1871,11:01:42,11.34,-0.01,174,197316,卖盘
1872,11:01:39,11.35,0.01,42,47670,买盘
1873,11:01:36,11.34,-0.01,48,54432,卖盘
1874,11:01:33,11.35,0.01,50,56750,买盘
1875,11:01:24,11.34,-0.01,6,6804,卖盘
1876,11:01:18,11.35,0.01,34,38590,买盘
1877,11:01:15,11.34,-0.01,5,5670,卖盘
1878,11:01:06,11.35,--,15,17025,买盘
1879,11:01:03,11.35,0.01,30,34050,买盘
1880,11:01:00,11.34,--,5,5670,卖盘
1881,11:00:42,11.34,-0.01,35,39690,卖盘
1882,11:00:39,11.35,--,1,1135,买盘
1883,11:00:36,11.35,--,53,60155,买盘
1884,11:00:30,11.35,--,8,9080,买盘
1885,11:00:21,11.35,--,35,39725,买盘
1886,11:00:06,11.35,--,7,7945,买盘
1887,11:00:03,11.35,--,31,35185,买盘
1888,10:59:51,11.35,--,27,30645,买盘
1889,10:59:45,11.35,--,2,2270,买盘
1890,10:59:42,11.35,-0.02,58,65830,卖盘
1891,10:59:39,11.37,0.02,66,75042,买盘
1892,10:59:36,11.35,-0.02,68,77180,卖盘
1893,10:59:27,11.37,0.01,13,14780,买盘
1894,10:59:24,11.36,--,2,2272,买盘
1895,10:59:21,11.36,0.01,9,10224,中性盘
1896,10:59:15,11.35,-0.02,68,77180,卖盘
1897,10:59:12,11.37,--,43,48891,买盘
1898,10:59:06,11.37,--,1,1137,买盘
1899,10:59:03,11.37,--,47,53438,买盘
1900,10:59:00,11.37,--,42,47754,买盘
1901,10:58:51,11.37,0.01,291,330867,买盘
1902,10:58:39,11.36,--,47,53392,买盘
1903,10:58:36,11.36,--,4,4544,买盘
1904,10:58:33,11.36,--,91,103376,卖盘
1905,10:58:30,11.36,--,4,4544,卖盘
1906,10:58:27,11.36,-0.01,99,112464,卖盘
1907,10:58:24,11.37,0.01,47,53438,买盘
1908,10:58:18,11.36,--,153,173808,买盘
1909,10:58:15,11.36,--,17,19312,买盘
1910,10:58:12,11.36,--,34,38624,买盘
1911,10:58:03,11.36,--,335,380560,买盘
1912,10:57:57,11.36,0.01,34,38624,买盘
1913,10:57:54,11.35,--,125,142726,买盘
1914,10:57:48,11.35,--,25,28375,买盘
1915,10:57:45,11.35,--,60,68100,买盘
1916,10:57:42,11.35,0.01,123,139605,买盘
1917,10:57:39,11.34,-0.01,90,102060,卖盘
1918,10:57:36,11.35,--,46,52210,买盘
1919,10:57:33,11.35,0.01,45,51075,买盘
1920,10:57:30,11.34,--,20,22680,卖盘
1921,10:57:24,11.34,--,9,10206,卖盘
1922,10:57:21,11.34,0.01,110,124740,买盘
1923,10:57:18,11.33,--,37,41921,买盘
1924,10:57:15,11.33,--,118,133694,买盘
1925,10:57:06,11.33,--,20,22660,买盘
1926,10:57:03,11.33,--,109,123497,卖盘
1927,10:57:00,11.33,0.01,79,89507,买盘
1928,10:56:54,11.32,--,27,30564,卖盘
1929,10:56:42,11.32,--,111,126036,买盘
1930,10:56:33,11.32,--,64,72448,买盘
1931,10:56:30,11.32,0.01,38,43016,买盘
1932,10:56:27,11.31,-0.01,10,11310,卖盘
1933,10:56:24,11.32,--,24,27168,买盘
1934,10:56:21,11.32,--,10,11320,买盘
1935,10:56:18,11.32,--,30,33960,买盘
1936,10:56:12,11.32,0.01,140,158480,买盘
1937,10:56:09,11.31,-0.01,10,11310,卖盘
1938,10:56:03,11.32,--,32,36224,买盘
1939,10:55:54,11.32,--,17,19244,买盘
1940,10:55:51,11.32,0.01,25,28300,买盘
1941,10:55:48,11.31,--,5,5655,卖盘
1942,10:55:45,11.31,-0.01,22,24882,卖盘
1943,10:55:42,11.32,--,43,48676,买盘
1944,10:55:39,11.32,--,1,1132,买盘
1945,10:55:33,11.32,0.01,23,26036,买盘
1946,10:55:30,11.31,-0.01,48,54288,卖盘
1947,10:55:27,11.32,--,39,44148,买盘
1948,10:55:24,11.32,--,307,347524,卖盘
1949,10:55:21,11.32,-0.01,22,24904,卖盘
1950,10:55:12,11.33,--,7,7931,买盘
1951,10:55:09,11.33,--,2,2266,买盘
1952,10:55:03,11.33,--,31,35123,买盘
1953,10:55:00,11.33,0.01,9,10197,买盘
1954,10:54:54,11.32,--,10,11320,卖盘
1955,10:54:45,11.32,0.01,5,5660,卖盘
1956,10:54:42,11.31,-0.01,12,13572,卖盘
1957,10:54:39,11.32,--,35,40729,买盘
1958,10:54:36,11.32,0.01,31,35092,买盘
1959,10:54:33,11.31,--,22,24882,卖盘
1960,10:54:30,11.31,-0.01,74,83694,卖盘
1961,10:54:27,11.32,0.01,50,56600,买盘
1962,10:54:24,11.31,--,7,7917,卖盘
1963,10:54:12,11.31,-0.01,11,12441,卖盘
1964,10:54:06,11.32,-0.01,372,421126,卖盘
1965,10:54:03,11.33,0.01,31,35123,买盘
1966,10:54:00,11.32,--,53,59996,卖盘
1967,10:53:57,11.32,--,50,56600,卖盘
1968,10:53:54,11.32,0.01,30,35069,买盘
1969,10:53:51,11.31,-0.01,10,11310,卖盘
1970,10:53:42,11.32,0.01,7,7924,买盘
1971,10:53:39,11.31,-0.01,22,24882,卖盘
1972,10:53:36,11.32,--,6,6792,买盘
1973,10:53:30,11.32,--,22,24904,买盘
1974,10:53:27,11.32,--,42,47544,买盘
1975,10:53:21,11.32,--,50,56600,买盘
1976,10:53:15,11.32,--,182,206046,卖盘
1977,10:53:06,11.32,-0.01,10,11320,卖盘
1978,10:53:03,11.33,0.01,30,33990,买盘
1979,10:52:57,11.32,-0.01,263,297716,卖盘
1980,10:52:51,11.33,0.01,12,13596,买盘
1981,10:52:48,11.32,--,5,5660,卖盘
1982,10:52:30,11.32,-0.01,8,9056,卖盘
1983,10:52:27,11.33,-0.01,77,87241,卖盘
1984,10:52:24,11.34,0.01,39,44226,买盘
1985,10:52:18,11.33,--,27,30591,卖盘
1986,10:52:12,11.33,-0.01,21,23793,卖盘
1987,10:52:06,11.34,--,14,15876,买盘
1988,10:52:03,11.34,--,31,35154,买盘
1989,10:51:54,11.34,--,1,1134,买盘
1990,10:51:48,11.34,0.02,10,11340,买盘
1991,10:51:27,11.32,-0.02,35,39620,卖盘
1992,10:51:24,11.34,0.02,44,49896,买盘
1993,10:51:15,11.32,0.01,55,63369,买盘
1994,10:51:12,11.31,-0.01,130,147030,卖盘
1995,10:51:03,11.32,--,32,36224,买盘
1996,10:51:00,11.32,0.01,262,296584,买盘
1997,10:50:57,11.31,-0.01,83,93873,卖盘
1998,10:50:54,11.32,--,17,19244,买盘
1999,10:50:42,11.32,--,18,20376,买盘
2000,10:50:39,11.32,--,5,5660,买盘
2001,10:50:36,11.32,--,6,6792,买盘
2002,10:50:33,11.32,--,16,18112,买盘
2003,10:50:27,11.32,0.01,160,181120,买盘
2004,10:50:24,11.31,--,18,20358,买盘
2005,10:50:21,11.31,--,46,52026,买盘
2006,10:50:15,11.31,--,30,33930,买盘
2007,10:50:09,11.31,--,14,15834,买盘
2008,10:50:03,11.31,0.01,115,130065,买盘
2009,10:49:54,11.3,--,40,45200,卖盘
2010,10:49:51,11.3,--,50,56500,买盘
2011,10:49:48,11.3,--,463,523190,买盘
2012,10:49:45,11.3,--,50,56500,买盘
2013,10:49:42,11.3,--,56,63280,买盘
2014,10:49:39,11.3,--,134,151420,买盘
2015,10:49:36,11.3,--,6,6780,买盘
2016,10:49:33,11.3,0.01,120,135600,买盘
2017,10:49:30,11.29,--,11,12418,卖盘
2018,10:49:27,11.29,--,596,672884,卖盘
2019,10:49:24,11.29,-0.01,96,108383,卖盘
2020,10:49:21,11.3,--,38,42940,买盘
2021,10:49:15,11.3,0.01,5,5650,买盘
2022,10:49:03,11.29,--,70,79030,买盘
2023,10:49:00,11.29,--,351,396278,买盘
2024,10:48:57,11.29,--,10,11290,买盘
2025,10:48:54,11.29,--,40,45160,买盘
2026,10:48:51,11.29,-0.01,1015,1145935,卖盘
2027,10:48:48,11.3,--,2,2260,买盘
2028,10:48:45,11.3,--,32,36160,买盘
2029,10:48:42,11.3,0.01,44,49720,买盘
2030,10:48:39,11.29,-0.01,39,44031,卖盘
2031,10:48:36,11.3,--,20,22600,买盘
2032,10:48:33,11.3,--,141,159330,买盘
2033,10:48:30,11.3,--,42,47460,买盘
2034,10:48:24,11.3,--,128,144640,买盘
2035,10:48:21,11.3,--,90,101700,买盘
2036,10:48:18,11.3,0.01,213,240690,买盘
2037,10:48:15,11.29,--,10,11290,卖盘
2038,10:48:12,11.29,--,5,5645,卖盘
2039,10:48:09,11.29,-0.01,41,46289,卖盘
2040,10:48:03,11.3,0.01,30,33900,买盘
2041,10:48:00,11.29,-0.01,2,2258,卖盘
2042,10:47:57,11.3,0.01,30,33900,买盘
2043,10:47:54,11.29,-0.01,74,83546,卖盘
2044,10:47:48,11.3,--,88,99440,买盘
2045,10:47:45,11.3,-0.01,751,848630,卖盘
2046,10:47:42,11.31,--,33,37323,买盘
2047,10:47:39,11.31,-0.01,654,739674,卖盘
2048,10:47:36,11.32,0.01,110,124520,买盘
2049,10:47:33,11.31,--,13,14703,卖盘
2050,10:47:30,11.31,-0.01,26,29406,卖盘
2051,10:47:24,11.32,--,10,11320,买盘
2052,10:47:21,11.32,--,23,26036,买盘
2053,10:47:18,11.32,--,58,65656,买盘
2054,10:47:12,11.32,0.01,7,7924,买盘
2055,10:47:09,11.31,--,21,23751,卖盘
2056,10:47:03,11.31,--,43,48633,卖盘
2057,10:47:00,11.31,--,10,11310,卖盘
2058,10:46:51,11.31,--,3,3393,卖盘
2059,10:46:45,11.31,-0.01,2,2262,卖盘
2060,10:46:42,11.32,0.02,360,407520,买盘
2061,10:46:39,11.3,-0.01,76,85880,卖盘
2062,10:46:36,11.31,--,221,249951,卖盘
2063,10:46:30,11.31,--,3,3393,卖盘
2064,10:46:27,11.31,-0.01,7,7917,卖盘
2065,10:46:24,11.32,--,1,1132,买盘
2066,10:46:21,11.32,0.01,25,28300,买盘
2067,10:46:18,11.31,-0.01,12,13572,卖盘
2068,10:46:15,11.32,--,88,99616,买盘
2069,10:46:12,11.32,0.01,5,5660,买盘
2070,10:46:09,11.31,--,26,29406,买盘
2071,10:46:03,11.31,--,45,50895,卖盘
2072,10:46:00,11.31,-0.01,72,81432,卖盘
2073,10:45:51,11.32,0.01,47,53204,买盘
2074,10:45:48,11.31,0.01,110,124410,买盘
2075,10:45:42,11.3,-0.01,1500,1695000,卖盘
2076,10:45:39,11.31,-0.01,420,475020,卖盘
2077,10:45:36,11.32,--,2,2264,买盘
2078,10:45:33,11.32,-0.03,27,30564,中性盘
2079,10:45:21,11.35,0.01,19,21565,买盘
2080,10:45:18,11.34,--,19,21829,卖盘
2081,10:45:15,11.34,0.04,25,29200,买盘
2082,10:45:06,11.3,-0.01,30,33900,卖盘
2083,10:45:03,11.31,0.01,7,7917,买盘
2084,10:45:00,11.3,-0.01,9,10170,卖盘
2085,10:44:57,11.31,--,4,4524,买盘
2086,10:44:54,11.31,-0.02,2192,2479152,卖盘
2087,10:44:51,11.33,--,3,3399,买盘
2088,10:44:48,11.33,-0.01,278,315257,卖盘
2089,10:44:42,11.34,--,2,2268,中性盘
2090,10:44:36,11.34,--,14,15876,卖盘
2091,10:44:24,11.34,--,4,4536,买盘
2092,10:44:18,11.34,-0.01,64,72576,卖盘
2093,10:44:15,11.35,--,42,47670,买盘
2094,10:44:12,11.35,0.01,101,114635,买盘
2095,10:44:09,11.34,--,1204,1366186,卖盘
2096,10:44:06,11.34,--,7,7938,卖盘
2097,10:44:03,11.34,--,36,40824,卖盘
2098,10:43:57,11.34,--,10,11340,卖盘
2099,10:43:54,11.34,--,32,36288,卖盘
2100,10:43:51,11.34,--,95,107730,卖盘
2101,10:43:48,11.34,--,25,28350,卖盘
2102,10:43:39,11.34,-0.01,28,31752,卖盘
2103,10:43:36,11.35,0.01,33,37455,买盘
2104,10:43:30,11.34,--,8,9072,卖盘
2105,10:43:21,11.34,-0.01,8,9072,卖盘
2106,10:43:18,11.35,--,29,32915,买盘
2107,10:43:15,11.35,--,40,45400,买盘
2108,10:43:12,11.35,--,7,7945,买盘
2109,10:43:06,11.35,0.01,100,113500,买盘
2110,10:43:03,11.34,--,31,35154,买盘
2111,10:43:00,11.34,--,7,7938,买盘
2112,10:42:57,11.34,-0.01,730,827820,卖盘
2113,10:42:54,11.35,--,6,6810,买盘
2114,10:42:48,11.35,--,1,1135,买盘
2115,10:42:45,11.35,--,30,34050,买盘
2116,10:42:39,11.35,--,118,133930,买盘
2117,10:42:36,11.35,--,10,11350,买盘
2118,10:42:33,11.35,-0.01,480,544800,卖盘
2119,10:42:27,11.36,0.01,10,11360,买盘
2120,10:42:24,11.35,-0.01,52,59020,卖盘
2121,10:42:21,11.36,--,10,11360,买盘
2122,10:42:15,11.36,--,22,24992,买盘
2123,10:42:12,11.36,--,61,69296,买盘
2124,10:42:03,11.36,0.01,30,34080,买盘
2125,10:41:51,11.35,-0.01,14,15890,卖盘
2126,10:41:45,11.36,0.01,17,19312,买盘
2127,10:41:30,11.35,-0.01,89,101015,卖盘
2128,10:41:27,11.36,--,50,56800,买盘
2129,10:41:24,11.36,0.01,14,15904,买盘
2130,10:41:18,11.35,-0.01,25,28375,卖盘
2131,10:41:15,11.36,--,153,173808,买盘
2132,10:41:12,11.36,--,39,44304,买盘
2133,10:41:03,11.36,--,181,205616,买盘
2134,10:41:00,11.36,--,20,22720,买盘
2135,10:40:57,11.36,--,19,21584,买盘
2136,10:40:51,11.36,-0.01,58,65888,卖盘
2137,10:40:48,11.37,--,153,173961,买盘
2138,10:40:45,11.37,0.01,13,14780,买盘
2139,10:40:39,11.36,-0.01,4,4544,卖盘
2140,10:40:27,11.37,--,367,417279,卖盘
2141,10:40:18,11.37,0.02,229,260372,买盘
2142,10:40:15,11.35,-0.02,50,56750,卖盘
2143,10:40:09,11.37,0.01,165,187605,买盘
2144,10:40:06,11.36,--,42,47712,买盘
2145,10:40:03,11.36,--,69,78384,买盘
2146,10:40:00,11.36,0.01,153,173808,买盘
2147,10:39:54,11.35,-0.01,39,44265,卖盘
2148,10:39:45,11.36,--,144,163584,买盘
2149,10:39:36,11.36,--,1,1136,买盘
2150,10:39:33,11.36,-0.01,455,516880,卖盘
2151,10:39:21,11.37,--,30,34110,买盘
2152,10:39:12,11.37,--,7,7958,买盘
2153,10:39:09,11.37,--,30,34110,买盘
2154,10:39:06,11.37,--,39,44343,买盘
2155,10:39:03,11.37,--,2,2274,买盘
2156,10:39:00,11.37,0.01,47,53438,买盘
2157,10:38:57,11.36,--,42,47712,卖盘
2158,10:38:54,11.36,--,65,73840,卖盘
2159,10:38:51,11.36,--,14,15904,卖盘
2160,10:38:39,11.36,-0.01,5,5680,卖盘
2161,10:38:36,11.37,0.01,4,4548,买盘
2162,10:38:33,11.36,-0.01,25,28400,卖盘
2163,10:38:30,11.37,--,6,6821,买盘
2164,10:38:21,11.37,-0.01,427,485498,卖盘
2165,10:38:15,11.38,--,48,54624,买盘
2166,10:38:12,11.38,-0.01,291,332079,卖盘
2167,10:38:09,11.39,0.01,20,22780,买盘
2168,10:38:06,11.38,--,70,79876,买盘
2169,10:38:03,11.38,--,62,70556,买盘
2170,10:38:00,11.38,--,59,67142,买盘
2171,10:37:57,11.38,--,5,5690,买盘
2172,10:37:48,11.38,--,5,5690,买盘
2173,10:37:45,11.38,0.01,33,37554,买盘
2174,10:37:42,11.37,--,7,7958,卖盘
2175,10:37:39,11.37,-0.01,16,18192,卖盘
2176,10:37:36,11.38,--,120,136560,买盘
2177,10:37:33,11.38,--,200,227600,买盘
2178,10:37:30,11.38,--,10,11380,买盘
2179,10:37:27,11.38,0.01,91,103558,买盘
2180,10:37:24,11.37,-0.01,1,1137,卖盘
2181,10:37:18,11.38,--,376,428809,卖盘
2182,10:37:15,11.38,-0.01,16,18208,卖盘
2183,10:37:06,11.39,--,64,72896,买盘
2184,10:37:03,11.39,--,1,1139,买盘
2185,10:37:00,11.39,--,35,39865,买盘
2186,10:36:57,11.39,0.02,226,257630,买盘
2187,10:36:54,11.37,--,73,83001,买盘
2188,10:36:48,11.37,--,31,35247,买盘
2189,10:36:45,11.37,-0.01,481,547670,卖盘
2190,10:36:39,11.38,--,364,414232,买盘
2191,10:36:33,11.38,-0.01,133,151354,卖盘
2192,10:36:30,11.39,--,1,1139,卖盘
2193,10:36:27,11.39,-0.01,50,56950,卖盘
2194,10:36:24,11.4,0.01,9,10260,买盘
2195,10:36:21,11.39,-0.01,21,23919,卖盘
2196,10:36:15,11.4,0.01,30,34200,买盘
2197,10:36:12,11.39,-0.01,64,72896,卖盘
2198,10:36:06,11.4,--,28,31920,买盘
2199,10:36:03,11.4,0.01,44,50160,买盘
2200,10:36:00,11.39,-0.01,112,127568,卖盘
2201,10:35:54,11.4,--,617,703380,买盘
2202,10:35:51,11.4,0.01,263,299820,买盘
2203,10:35:48,11.39,-0.01,20,22780,卖盘
2204,10:35:45,11.4,0.01,13,14820,买盘
2205,10:35:42,11.39,--,10,11390,卖盘
2206,10:35:36,11.39,0.01,2,2278,卖盘
2207,10:35:33,11.38,0.01,337,383506,买盘
2208,10:35:27,11.37,-0.02,53,60260,卖盘
2209,10:35:21,11.39,0.02,850,968514,买盘
2210,10:35:12,11.37,--,7,7958,买盘
2211,10:35:09,11.37,--,17,19329,买盘
2212,10:35:06,11.37,--,2,2274,买盘
2213,10:35:03,11.37,--,28,31835,买盘
2214,10:35:00,11.37,0.01,211,239906,买盘
2215,10:34:57,11.36,-0.01,132,149952,卖盘
2216,10:34:51,11.37,-0.02,351,399860,卖盘
2217,10:34:48,11.39,0.01,500,569500,买盘
2218,10:34:45,11.38,0.01,192,218621,买盘
2219,10:34:39,11.37,--,50,56849,卖盘
2220,10:34:36,11.37,-0.01,14,15917,卖盘
2221,10:34:33,11.38,--,1,1138,买盘
2222,10:34:27,11.38,--,40,45520,买盘
2223,10:34:18,11.38,--,2,2276,买盘
2224,10:34:09,11.38,--,90,103432,卖盘
2225,10:34:06,11.38,-0.01,12,13656,卖盘
2226,10:34:03,11.39,0.01,26,29614,买盘
2227,10:34:00,11.38,--,73,83074,卖盘
2228,10:33:57,11.38,--,161,183343,买盘
2229,10:33:54,11.38,--,207,235566,买盘
2230,10:33:51,11.38,0.01,22,25036,买盘
2231,10:33:36,11.37,--,300,341100,卖盘
2232,10:33:30,11.37,-0.01,20,22740,卖盘
2233,10:33:24,11.38,--,10,11380,买盘
2234,10:33:21,11.38,-0.01,630,717952,卖盘
2235,10:33:18,11.39,--,17,19363,买盘
2236,10:33:15,11.39,--,194,220966,买盘
2237,10:33:12,11.39,--,5,5695,买盘
2238,10:33:09,11.39,--,296,337144,买盘
2239,10:33:03,11.39,--,24,27336,买盘
2240,10:33:00,11.39,--,33,37587,买盘
2241,10:32:57,11.39,--,41,46699,买盘
2242,10:32:54,11.39,--,210,239190,买盘
2243,10:32:51,11.39,0.01,1,1139,买盘
2244,10:32:39,11.38,--,8,9104,卖盘
2245,10:32:36,11.38,-0.01,10,11380,卖盘
2246,10:32:33,11.39,--,25,28475,买盘
2247,10:32:27,11.39,--,61,69479,买盘
2248,10:32:24,11.39,-0.01,109,124151,卖盘
2249,10:32:21,11.4,--,35,39900,买盘
2250,10:32:15,11.4,0.02,49,55860,买盘
2251,10:32:09,11.38,-0.02,1,1138,卖盘
2252,10:32:06,11.4,-0.01,62,70680,卖盘
2253,10:32:03,11.41,--,1,1141,买盘
2254,10:32:00,11.41,0.01,545,621845,买盘
2255,10:31:57,11.4,-0.01,10,11400,卖盘
2256,10:31:45,11.41,-0.01,167,190547,卖盘
2257,10:31:42,11.42,0.01,25,28550,买盘
2258,10:31:39,11.41,--,27,30807,卖盘
2259,10:31:36,11.41,--,11,12551,卖盘
2260,10:31:33,11.41,--,9,10269,卖盘
2261,10:31:30,11.41,--,33,37653,卖盘
2262,10:31:27,11.41,--,119,135779,买盘
2263,10:31:24,11.41,-0.01,27,30807,中性盘
2264,10:31:18,11.42,0.02,74,84508,买盘
2265,10:31:15,11.4,--,27,30780,卖盘
2266,10:31:12,11.4,-0.01,23,26220,卖盘
2267,10:31:06,11.41,-0.01,18,20538,卖盘
2268,10:31:03,11.42,--,16,18272,买盘
2269,10:31:00,11.42,0.01,36,41112,买盘
2270,10:30:57,11.41,--,16,18256,卖盘
2271,10:30:54,11.41,-0.01,28,31948,卖盘
2272,10:30:51,11.42,--,17,19414,买盘
2273,10:30:48,11.42,0.01,15,17130,买盘
2274,10:30:39,11.41,-0.01,8,9128,卖盘
2275,10:30:36,11.42,--,113,129046,买盘
2276,10:30:33,11.42,0.01,1,1142,买盘
2277,10:30:30,11.41,--,4,4564,卖盘
2278,10:30:24,11.41,--,50,57050,买盘
2279,10:30:18,11.41,--,149,170009,买盘
2280,10:30:15,11.41,0.01,52,59332,买盘
2281,10:30:12,11.4,--,116,132240,买盘
2282,10:30:09,11.4,0.01,2,2280,买盘
2283,10:30:06,11.39,--,30,34170,买盘
2284,10:30:03,11.39,--,370,421430,卖盘
2285,10:30:00,11.39,-0.01,31,35309,卖盘
2286,10:29:54,11.4,--,13,14820,买盘
2287,10:29:51,11.4,0.01,35,39900,买盘
2288,10:29:48,11.39,-0.01,2,2278,卖盘
2289,10:29:42,11.4,0.01,5,5700,买盘
2290,10:29:39,11.39,--,175,199325,买盘
2291,10:29:33,11.39,0.01,2,2278,买盘
2292,10:29:27,11.38,--,18,20484,卖盘
2293,10:29:21,11.38,-0.01,4,4552,卖盘
2294,10:29:18,11.39,--,25,28475,买盘
2295,10:29:12,11.39,--,98,111622,买盘
2296,10:29:03,11.39,--,2,2278,买盘
2297,10:29:00,11.39,--,144,164016,买盘
2298,10:28:54,11.39,0.01,114,129846,买盘
2299,10:28:51,11.38,0.01,94,107097,买盘
2300,10:28:48,11.37,-0.01,2,2512,卖盘
2301,10:28:45,11.38,--,15,17070,买盘
2302,10:28:39,11.38,--,88,100144,买盘
2303,10:28:36,11.38,--,104,118352,买盘
2304,10:28:33,11.38,-0.02,10,11380,中性盘
2305,10:28:30,11.4,0.03,87,99180,买盘
2306,10:28:27,11.37,-0.01,29,32973,卖盘
2307,10:28:15,11.38,-0.02,596,678248,卖盘
2308,10:28:12,11.4,0.01,52,59280,买盘
2309,10:28:06,11.39,-0.01,29,33031,卖盘
2310,10:28:03,11.4,0.01,186,212040,买盘
2311,10:28:00,11.39,--,32,36448,卖盘
2312,10:27:57,11.39,--,5,5695,买盘
2313,10:27:48,11.39,--,4,4556,买盘
2314,10:27:45,11.39,--,5,5695,买盘
2315,10:27:39,11.39,0.02,16,18224,买盘
2316,10:27:36,11.37,-0.03,28,31835,卖盘
2317,10:27:27,11.4,--,29,33060,买盘
2318,10:27:24,11.4,0.02,1403,1599420,买盘
2319,10:27:21,11.38,-0.02,196,223048,卖盘
2320,10:27:15,11.4,--,26,29640,买盘
2321,10:27:12,11.4,--,29,33060,买盘
2322,10:27:09,11.4,--,51,58915,卖盘
2323,10:27:06,11.4,--,431,491704,买盘
2324,10:27:03,11.4,--,17,19380,买盘
2325,10:27:00,11.4,0.01,53,60420,买盘
2326,10:26:54,11.39,0.01,225,256275,买盘
2327,10:26:48,11.38,--,3,3414,买盘
2328,10:26:42,11.38,0.02,131,149078,买盘
2329,10:26:39,11.36,-0.01,35,39760,卖盘
2330,10:26:30,11.37,--,82,93234,买盘
2331,10:26:27,11.37,--,5,5685,买盘
2332,10:26:18,11.37,-0.01,434,493457,卖盘
2333,10:26:12,11.38,--,28,31864,买盘
2334,10:26:06,11.38,-0.01,836,951368,卖盘
2335,10:26:03,11.39,--,9,10251,买盘
2336,10:26:00,11.39,0.01,103,117317,买盘
2337,10:25:57,11.38,-0.01,53,60314,卖盘
2338,10:25:54,11.39,--,20,22780,买盘
2339,10:25:51,11.39,--,10,11390,买盘
2340,10:25:48,11.39,-0.01,409,465851,卖盘
2341,10:25:45,11.4,0.01,74,84360,买盘
2342,10:25:42,11.39,-0.01,37,42143,卖盘
2343,10:25:39,11.4,--,22,25080,买盘
2344,10:25:33,11.4,0.01,30,34200,买盘
2345,10:25:30,11.39,-0.01,32,36448,卖盘
2346,10:25:27,11.4,0.01,15,17100,买盘
2347,10:25:24,11.39,-0.01,13,14807,卖盘
2348,10:25:21,11.4,--,20,22800,买盘
2349,10:25:18,11.4,--,56,63840,买盘
2350,10:25:09,11.4,--,1,1140,买盘
2351,10:25:06,11.4,--,50,57000,买盘
2352,10:25:03,11.4,0.01,1,1140,买盘
2353,10:25:00,11.39,-0.01,43,48977,卖盘
2354,10:24:54,11.4,--,30,34200,买盘
2355,10:24:45,11.4,--,24,27360,买盘
2356,10:24:42,11.4,--,1,1140,买盘
2357,10:24:39,11.4,--,1,1140,买盘
2358,10:24:33,11.4,--,14,15960,买盘
2359,10:24:30,11.4,0.01,1,1140,买盘
2360,10:24:21,11.39,0.01,8,9112,中性盘
2361,10:24:18,11.38,-0.01,30,34140,卖盘
2362,10:24:15,11.39,-0.01,1,1139,中性盘
2363,10:24:09,11.4,0.02,28,31920,买盘
2364,10:24:06,11.38,-0.01,54,61452,卖盘
2365,10:24:03,11.39,0.01,18,20502,买盘
2366,10:24:00,11.38,0.01,155,176390,买盘
2367,10:23:57,11.37,--,376,427511,卖盘
2368,10:23:45,11.37,-0.01,35,39795,卖盘
2369,10:23:42,11.38,--,120,136560,买盘
2370,10:23:39,11.38,--,5,5690,买盘
2371,10:23:36,11.38,--,7,7966,买盘
2372,10:23:33,11.38,--,17,19346,买盘
2373,10:23:27,11.38,--,17,19346,买盘
2374,10:23:21,11.38,--,78,88764,卖盘
2375,10:23:18,11.38,-0.02,106,120628,卖盘
2376,10:23:12,11.4,--,7,7980,买盘
2377,10:23:09,11.4,0.01,1,1140,买盘
2378,10:23:06,11.39,-0.01,52,59228,卖盘
2379,10:23:03,11.4,0.01,48,54720,买盘
2380,10:23:00,11.39,-0.01,90,102510,卖盘
2381,10:22:57,11.4,--,3,3420,买盘
2382,10:22:51,11.4,--,5,5700,买盘
2383,10:22:48,11.4,--,1001,1141140,买盘
2384,10:22:39,11.4,0.01,24,27360,买盘
2385,10:22:36,11.39,-0.01,2,2278,卖盘
2386,10:22:33,11.4,--,20,22800,买盘
2387,10:22:27,11.4,--,5,5700,买盘
2388,10:22:24,11.4,--,200,228000,买盘
2389,10:22:18,11.4,--,972,1108855,卖盘
2390,10:22:15,11.4,--,1195,1362300,卖盘
2391,10:22:12,11.4,0.01,1100,1254364,买盘
2392,10:22:06,11.39,0.01,493,561527,买盘
2393,10:22:03,11.38,0.01,54,61452,买盘
2394,10:22:00,11.37,-0.01,236,268332,卖盘
2395,10:21:57,11.38,--,37,42106,买盘
2396,10:21:51,11.38,--,20,22760,买盘
2397,10:21:48,11.38,--,22,25036,买盘
2398,10:21:45,11.38,--,18,20484,买盘
2399,10:21:42,11.38,0.01,2,2276,买盘
2400,10:21:39,11.37,-0.01,39,44343,卖盘
2401,10:21:36,11.38,--,6,6828,买盘
2402,10:21:30,11.38,--,3,3414,买盘
2403,10:21:27,11.38,--,99,112662,买盘
2404,10:21:24,11.38,-0.01,272,309536,卖盘
2405,10:21:21,11.39,--,22,25058,买盘
2406,10:21:18,11.39,--,19,21641,买盘
2407,10:21:15,11.39,--,23,26197,买盘
2408,10:21:12,11.39,--,20,22780,买盘
2409,10:21:09,11.39,--,39,44421,买盘
2410,10:21:03,11.39,--,48,54672,买盘
2411,10:21:00,11.39,--,103,117317,买盘
2412,10:20:57,11.39,0.01,38,43282,买盘
2413,10:20:54,11.38,-0.01,50,56900,卖盘
2414,10:20:51,11.39,--,10,11390,买盘
2415,10:20:45,11.39,--,23,26197,买盘
2416,10:20:39,11.39,0.01,11,12529,买盘
2417,10:20:36,11.38,-0.01,12,13656,卖盘
2418,10:20:33,11.39,--,326,371314,买盘
2419,10:20:30,11.39,--,1,1139,买盘
2420,10:20:27,11.39,--,10,11390,买盘
2421,10:20:21,11.39,--,5,5695,买盘
2422,10:20:18,11.39,0.01,126,143514,买盘
2423,10:20:15,11.38,-0.01,27,30726,卖盘
2424,10:20:12,11.39,0.01,9,10251,买盘
2425,10:20:09,11.38,-0.01,29,33002,卖盘
2426,10:20:03,11.39,0.01,33,37587,买盘
2427,10:20:00,11.38,--,176,200288,买盘
2428,10:19:57,11.38,0.01,67,76246,买盘
2429,10:19:51,11.37,0.01,152,172824,卖盘
2430,10:19:42,11.36,-0.02,195,221520,卖盘
2431,10:19:39,11.38,--,4,4552,买盘
2432,10:19:36,11.38,0.01,333,379909,买盘
2433,10:19:33,11.37,--,40,45480,买盘
2434,10:19:30,11.37,--,24,27287,买盘
2435,10:19:27,11.37,--,16,18192,买盘
2436,10:19:24,11.37,0.01,145,164865,买盘
2437,10:19:15,11.36,-0.01,25,28400,卖盘
2438,10:19:12,11.37,-0.01,52,59305,卖盘
2439,10:19:09,11.38,0.01,6,6828,买盘
2440,10:19:06,11.37,0.01,300,342055,买盘
2441,10:19:03,11.36,-0.01,456,518197,卖盘
2442,10:19:00,11.37,0.01,51,57986,买盘
2443,10:18:57,11.36,--,268,305402,买盘
2444,10:18:54,11.36,--,30,34080,买盘
2445,10:18:51,11.36,--,11,12496,买盘
2446,10:18:48,11.36,--,91,103376,买盘
2447,10:18:45,11.36,0.01,48,54528,买盘
2448,10:18:42,11.35,-0.01,28,31780,卖盘
2449,10:18:39,11.36,--,7,7952,买盘
2450,10:18:33,11.36,--,53,60389,卖盘
2451,10:18:30,11.36,--,1,1136,卖盘
2452,10:18:27,11.36,0.01,64,73658,买盘
2453,10:18:24,11.35,--,57,64695,买盘
2454,10:18:21,11.35,--,59,66965,买盘
2455,10:18:18,11.35,-0.01,48,54480,卖盘
2456,10:18:15,11.36,--,27,30672,买盘
2457,10:18:12,11.36,--,32,36352,买盘
2458,10:18:09,11.36,0.01,12,13632,买盘
2459,10:18:03,11.35,-0.01,155,175925,卖盘
2460,10:18:00,11.36,--,35,39760,买盘
2461,10:17:57,11.36,0.01,134,152224,买盘
2462,10:17:54,11.35,0.01,15,17025,买盘
2463,10:17:48,11.34,--,180,204120,卖盘
2464,10:17:45,11.34,-0.01,7,7938,卖盘
2465,10:17:42,11.35,0.01,62,70370,买盘
2466,10:17:39,11.34,-0.01,38,43092,卖盘
2467,10:17:36,11.35,0.01,10,11350,买盘
2468,10:17:33,11.34,--,151,171234,卖盘
2469,10:17:30,11.34,-0.01,88,99792,卖盘
2470,10:17:24,11.35,--,182,206570,卖盘
2471,10:17:18,11.35,--,13,14755,卖盘
2472,10:17:15,11.35,--,10,11350,卖盘
2473,10:17:12,11.35,--,12,13620,卖盘
2474,10:17:09,11.35,--,8,9080,买盘
2475,10:17:06,11.35,-0.01,85,96475,卖盘
2476,10:17:03,11.36,--,23,26128,买盘
2477,10:17:00,11.36,--,104,118144,买盘
2478,10:16:57,11.36,--,10,11360,买盘
2479,10:16:54,11.36,0.02,68,77248,买盘
2480,10:16:48,11.34,-0.01,505,572670,卖盘
2481,10:16:45,11.35,--,156,177060,买盘
2482,10:16:42,11.35,--,92,104420,买盘
2483,10:16:39,11.35,--,16,18160,买盘
2484,10:16:36,11.35,0.01,56,63560,买盘
2485,10:16:33,11.34,-0.01,20,22680,卖盘
2486,10:16:30,11.35,--,85,96475,买盘
2487,10:16:27,11.35,--,4,4540,卖盘
2488,10:16:24,11.35,-0.01,100,113500,卖盘
2489,10:16:21,11.36,0.01,87,98832,买盘
2490,10:16:18,11.35,--,259,293965,买盘
2491,10:16:15,11.35,--,4,4540,买盘
2492,10:16:12,11.35,-0.01,290,329331,卖盘
2493,10:16:06,11.36,0.01,1,1136,买盘
2494,10:16:00,11.35,--,112,128073,买盘
2495,10:15:57,11.35,--,26,29510,买盘
2496,10:15:54,11.35,--,215,244025,买盘
2497,10:15:51,11.35,--,24,27240,买盘
2498,10:15:45,11.35,-0.01,484,549521,卖盘
2499,10:15:42,11.36,--,10,11360,买盘
2500,10:15:39,11.36,-0.01,6,6816,卖盘
2501,10:15:36,11.37,0.02,1,1137,买盘
2502,10:15:33,11.35,-0.01,100,113500,卖盘
2503,10:15:30,11.36,--,38,43168,卖盘
2504,10:15:27,11.36,--,28,31808,卖盘
2505,10:15:24,11.36,-0.01,11,12496,卖盘
2506,10:15:21,11.37,0.01,30,34110,买盘
2507,10:15:18,11.36,0.01,10,11360,买盘
2508,10:15:12,11.35,--,59,66965,卖盘
2509,10:15:09,11.35,-0.01,5,5675,卖盘
2510,10:15:06,11.36,--,1,1136,买盘
2511,10:15:03,11.36,--,5,5680,买盘
2512,10:15:00,11.36,-0.01,272,308992,卖盘
2513,10:14:57,11.37,--,5,5685,买盘
2514,10:14:54,11.37,--,37,42069,买盘
2515,10:14:51,11.37,--,17,19329,买盘
2516,10:14:48,11.37,--,64,72768,买盘
2517,10:14:42,11.37,--,18,20466,买盘
2518,10:14:39,11.37,--,12,13643,买盘
2519,10:14:36,11.37,--,1,1137,买盘
2520,10:14:30,11.37,-0.01,118,134166,卖盘
2521,10:14:27,11.38,0.01,5,5690,买盘
2522,10:14:12,11.37,-0.01,45,51165,卖盘
2523,10:14:09,11.38,--,132,150216,买盘
2524,10:14:06,11.38,--,8,9104,买盘
2525,10:14:03,11.38,--,12,13656,买盘
2526,10:14:00,11.38,0.01,63,71694,买盘
2527,10:13:57,11.37,--,41,46617,买盘
2528,10:13:54,11.37,--,74,84138,买盘
2529,10:13:51,11.37,-0.01,194,220577,卖盘
2530,10:13:48,11.38,--,67,76246,买盘
2531,10:13:45,11.38,0.01,24,27312,买盘
2532,10:13:39,11.37,-0.01,114,129617,卖盘
2533,10:13:36,11.38,0.01,33,37554,买盘
2534,10:13:33,11.37,--,47,53438,买盘
2535,10:13:30,11.37,--,116,131892,买盘
2536,10:13:27,11.37,--,31,35247,买盘
2537,10:13:24,11.37,--,30,34110,买盘
2538,10:13:21,11.37,0.01,51,57986,买盘
2539,10:13:15,11.36,--,19,21584,买盘
2540,10:13:09,11.36,0.01,21,23856,中性盘
2541,10:13:06,11.35,-0.01,11,12485,卖盘
2542,10:13:03,11.36,--,1,1136,买盘
2543,10:13:00,11.36,0.01,91,103376,买盘
2544,10:12:54,11.35,-0.01,14,15890,卖盘
2545,10:12:51,11.36,--,103,117008,买盘
2546,10:12:48,11.36,--,30,34080,买盘
2547,10:12:45,11.36,0.01,70,80474,买盘
2548,10:12:42,11.35,--,43,48805,买盘
2549,10:12:39,11.35,--,16,18160,买盘
2550,10:12:36,11.35,--,842,955851,卖盘
2551,10:12:30,11.35,--,174,197490,卖盘
2552,10:12:27,11.35,--,100,113500,卖盘
2553,10:12:21,11.35,-0.01,1,1135,卖盘
2554,10:12:18,11.36,0.01,10,11360,买盘
2555,10:12:15,11.35,--,23,26105,卖盘
2556,10:12:12,11.35,-0.01,50,56750,卖盘
2557,10:12:09,11.36,-0.01,19,21584,卖盘
2558,10:12:06,11.37,0.01,2,2274,买盘
2559,10:12:03,11.36,-0.01,51,57936,卖盘
2560,10:12:00,11.37,0.01,30,34110,买盘
2561,10:11:57,11.36,-0.01,2,2272,卖盘
2562,10:11:54,11.37,--,10,11370,买盘
2563,10:11:48,11.37,0.01,25,28424,买盘
2564,10:11:45,11.36,--,55,62480,买盘
2565,10:11:42,11.36,--,20,22720,买盘
2566,10:11:39,11.36,-0.01,524,595264,卖盘
2567,10:11:36,11.37,0.01,1,1137,买盘
2568,10:11:27,11.36,-0.01,22,24992,卖盘
2569,10:11:15,11.37,0.01,28,31835,买盘
2570,10:11:12,11.36,-0.01,58,65888,卖盘
2571,10:11:06,11.37,--,23,26151,买盘
2572,10:11:03,11.37,--,54,61397,买盘
2573,10:11:00,11.37,-0.01,100,113699,卖盘
2574,10:10:57,11.38,0.01,3,3414,买盘
2575,10:10:54,11.37,--,17,19329,买盘
2576,10:10:51,11.37,-0.01,24,27287,卖盘
2577,10:10:48,11.38,--,55,62590,买盘
2578,10:10:42,11.38,--,552,628176,买盘
2579,10:10:36,11.38,--,3,3414,买盘
2580,10:10:33,11.38,0.01,52,59176,买盘
2581,10:10:27,11.37,--,40,45480,买盘
2582,10:10:09,11.37,--,477,542349,卖盘
2583,10:10:06,11.37,-0.01,262,297894,卖盘
2584,10:10:03,11.38,--,13,14794,买盘
2585,10:10:00,11.38,--,30,34140,买盘
2586,10:09:48,11.38,--,32,36416,买盘
2587,10:09:45,11.38,-0.01,110,125180,卖盘
2588,10:09:42,11.39,--,52,59228,买盘
2589,10:09:36,11.39,0.01,1,1139,买盘
2590,10:09:33,11.38,--,132,150216,买盘
2591,10:09:21,11.38,--,11,12518,买盘
2592,10:09:18,11.38,-0.02,100,113800,卖盘
2593,10:09:15,11.4,--,18,20520,买盘
2594,10:09:06,11.4,--,1,1140,买盘
2595,10:09:03,11.4,0.01,11,12540,买盘
2596,10:09:00,11.39,-0.01,32,36448,卖盘
2597,10:08:57,11.4,--,11,12540,买盘
2598,10:08:54,11.4,0.01,17,19380,买盘
2599,10:08:51,11.39,--,154,175406,买盘
2600,10:08:48,11.39,--,37,42143,买盘
2601,10:08:45,11.39,--,102,116178,买盘
2602,10:08:42,11.39,0.01,53,60367,买盘
2603,10:08:39,11.38,-0.01,1,1138,卖盘
2604,10:08:36,11.39,0.01,1,1139,买盘
2605,10:08:33,11.38,--,124,141112,卖盘
2606,10:08:27,11.38,-0.01,206,234428,卖盘
2607,10:08:24,11.39,--,30,34170,买盘
2608,10:08:18,11.39,0.01,1,1139,买盘
2609,10:08:09,11.38,-0.01,122,138836,卖盘
2610,10:08:06,11.39,--,1,1139,买盘
2611,10:08:03,11.39,--,3,3417,买盘
2612,10:08:00,11.39,--,59,67201,买盘
2613,10:07:57,11.39,--,5,5695,买盘
2614,10:07:54,11.39,-0.01,86,97954,卖盘
2615,10:07:51,11.4,--,5,5700,买盘
2616,10:07:45,11.4,0.01,32,36480,买盘
2617,10:07:42,11.39,-0.01,24,27336,买盘
2618,10:07:39,11.4,0.01,53,60420,买盘
2619,10:07:36,11.39,--,34,38726,买盘
2620,10:07:27,11.39,-0.01,237,269943,卖盘
2621,10:07:21,11.4,--,16,18240,买盘
2622,10:07:18,11.4,--,6,6840,买盘
2623,10:07:12,11.4,0.01,37,42180,买盘
2624,10:07:06,11.39,-0.01,22,25058,卖盘
2625,10:07:03,11.4,--,5,5700,买盘
2626,10:07:00,11.4,--,64,72960,买盘
2627,10:06:57,11.4,--,80,91200,买盘
2628,10:06:51,11.4,--,59,67260,买盘
2629,10:06:48,11.4,--,21,23940,买盘
2630,10:06:45,11.4,--,11,12540,买盘
2631,10:06:42,11.4,--,33,37620,买盘
2632,10:06:39,11.4,0.01,54,61560,买盘
2633,10:06:36,11.39,-0.01,5,5695,卖盘
2634,10:06:33,11.4,--,7,7980,买盘
2635,10:06:24,11.4,--,3,3420,买盘
2636,10:06:21,11.4,0.01,8,9120,买盘
2637,10:06:09,11.39,-0.01,80,91120,卖盘
2638,10:06:06,11.4,--,27,30780,买盘
2639,10:06:03,11.4,--,2,2280,买盘
2640,10:06:00,11.4,--,43,49020,买盘
2641,10:05:57,11.4,0.01,20,22800,买盘
2642,10:05:54,11.39,-0.01,10,11390,卖盘
2643,10:05:51,11.4,0.01,3,3420,买盘
2644,10:05:45,11.39,-0.01,36,41004,卖盘
2645,10:05:42,11.4,--,55,62700,买盘
2646,10:05:39,11.4,--,5,5700,买盘
2647,10:05:36,11.4,--,50,57000,买盘
2648,10:05:33,11.4,--,20,22800,买盘
2649,10:05:24,11.4,--,10,11400,买盘
2650,10:05:18,11.4,0.01,5,5700,买盘
2651,10:05:12,11.39,-0.01,92,104788,卖盘
2652,10:05:06,11.4,--,1,1140,买盘
2653,10:05:03,11.4,--,8,9120,买盘
2654,10:05:00,11.4,--,30,34200,买盘
2655,10:04:57,11.4,--,122,139080,买盘
2656,10:04:54,11.4,0.01,19,21660,买盘
2657,10:04:48,11.39,--,5,5695,卖盘
2658,10:04:45,11.39,-0.01,27,30753,卖盘
2659,10:04:42,11.4,0.01,6,6840,买盘
2660,10:04:39,11.39,-0.01,41,46699,卖盘
2661,10:04:36,11.4,--,1,1140,买盘
2662,10:04:33,11.4,0.01,78,88920,买盘
2663,10:04:30,11.39,-0.01,6,6834,卖盘
2664,10:04:24,11.4,0.01,4,4560,买盘
2665,10:04:21,11.39,-0.01,3,3417,卖盘
2666,10:04:18,11.4,0.01,30,34200,买盘
2667,10:04:12,11.39,-0.01,14,15946,卖盘
2668,10:04:09,11.4,--,30,34200,买盘
2669,10:04:06,11.4,--,18,20520,买盘
2670,10:04:03,11.4,--,50,57000,买盘
2671,10:04:00,11.4,--,30,34200,买盘
2672,10:03:57,11.4,0.01,3,3420,买盘
2673,10:03:51,11.39,-0.01,11,12529,卖盘
2674,10:03:48,11.4,0.01,40,45600,买盘
2675,10:03:45,11.39,-0.01,7,7973,卖盘
2676,10:03:39,11.4,--,11,12540,买盘
2677,10:03:36,11.4,--,80,91200,买盘
2678,10:03:33,11.4,--,51,58140,买盘
2679,10:03:30,11.4,--,901,1027140,买盘
2680,10:03:27,11.4,--,17,19380,买盘
2681,10:03:24,11.4,--,1,1140,买盘
2682,10:03:21,11.4,--,20,22800,买盘
2683,10:03:12,11.4,--,57,64980,买盘
2684,10:03:06,11.4,--,17,19380,买盘
2685,10:03:00,11.4,0.02,38,43320,买盘
2686,10:02:54,11.38,-0.02,100,113800,卖盘
2687,10:02:51,11.4,--,1,1140,买盘
2688,10:02:45,11.4,--,17,19380,买盘
2689,10:02:36,11.4,--,25,28500,买盘
2690,10:02:33,11.4,0.01,55,62700,买盘
2691,10:02:30,11.39,--,15,17085,卖盘
2692,10:02:27,11.39,-0.01,19,21641,卖盘
2693,10:02:24,11.4,--,16,18240,买盘
2694,10:02:21,11.4,--,36,41040,买盘
2695,10:02:18,11.4,0.01,1,1140,买盘
2696,10:02:09,11.39,-0.01,31,35309,卖盘
2697,10:02:06,11.4,0.01,1,1140,买盘
2698,10:02:03,11.39,-0.01,30,34170,卖盘
2699,10:02:00,11.4,0.01,30,34200,买盘
2700,10:01:57,11.39,0.01,19,21641,中性盘
2701,10:01:33,11.38,-0.01,44,50072,卖盘
2702,10:01:30,11.39,--,7,7973,买盘
2703,10:01:27,11.39,0.01,55,62645,买盘
2704,10:01:21,11.38,-0.01,12,13656,卖盘
2705,10:01:15,11.39,--,1,1139,买盘
2706,10:01:09,11.39,0.01,2,2278,买盘
2707,10:01:06,11.38,-0.01,2,2276,卖盘
2708,10:01:03,11.39,--,2,2278,买盘
2709,10:01:00,11.39,--,30,34170,买盘
2710,10:00:54,11.39,0.01,16,18224,买盘
2711,10:00:51,11.38,-0.01,11,12518,卖盘
2712,10:00:48,11.39,--,10,11390,买盘
2713,10:00:45,11.39,--,28,31892,买盘
2714,10:00:42,11.39,--,15,17085,买盘
2715,10:00:39,11.39,--,17,19363,买盘
2716,10:00:36,11.39,--,25,28475,买盘
2717,10:00:33,11.39,-0.01,26,29614,卖盘
2718,10:00:30,11.4,0.01,85,96900,买盘
2719,10:00:27,11.39,--,14,15946,卖盘
2720,10:00:24,11.39,--,1,1139,卖盘
2721,10:00:18,11.39,0.01,12,13668,买盘
2722,10:00:12,11.38,-0.01,26,29588,卖盘
2723,10:00:09,11.39,0.01,10,11390,中性盘
2724,10:00:06,11.38,-0.01,50,56900,卖盘
2725,10:00:00,11.39,--,20,22780,买盘
2726,09:59:57,11.39,0.02,17,19363,买盘
2727,09:59:54,11.37,-0.01,10,11370,卖盘
2728,09:59:51,11.38,0.01,120,136560,买盘
2729,09:59:45,11.37,-0.01,100,113699,卖盘
2730,09:59:36,11.38,--,21,23898,买盘
2731,09:59:33,11.38,--,13,14794,买盘
2732,09:59:30,11.38,0.01,28,31864,买盘
2733,09:59:27,11.37,-0.01,55,62534,卖盘
2734,09:59:24,11.38,0.01,18,20484,买盘
2735,09:59:21,11.37,-0.01,12,13643,卖盘
2736,09:59:18,11.38,--,10,11380,买盘
2737,09:59:15,11.38,--,131,149078,买盘
2738,09:59:12,11.38,0.03,7,7966,买盘
2739,09:59:06,11.35,-0.02,573,651308,卖盘
2740,09:59:03,11.37,-0.01,45,51165,卖盘
2741,09:59:00,11.38,--,92,104696,买盘
2742,09:58:57,11.38,--,37,42106,买盘
2743,09:58:54,11.38,--,1,1138,买盘
2744,09:58:48,11.38,0.01,2,2276,买盘
2745,09:58:45,11.37,0.01,145,164865,买盘
2746,09:58:42,11.36,-0.02,74,84064,卖盘
2747,09:58:39,11.38,0.01,119,135422,买盘
2748,09:58:36,11.37,-0.01,102,115973,卖盘
2749,09:58:33,11.38,--,4,4552,买盘
2750,09:58:27,11.38,-0.01,341,388058,卖盘
2751,09:58:24,11.39,0.01,152,173128,买盘
2752,09:58:21,11.38,--,30,34140,买盘
2753,09:58:18,11.38,0.01,25,28450,买盘
2754,09:58:15,11.37,-0.01,10,11370,卖盘
2755,09:58:12,11.38,--,363,413094,卖盘
2756,09:58:09,11.38,--,47,53486,买盘
2757,09:58:06,11.38,--,2,2276,买盘
2758,09:58:03,11.38,--,2,2276,买盘
2759,09:58:00,11.38,--,62,70556,买盘
2760,09:57:57,11.38,--,10,11380,买盘
2761,09:57:51,11.38,-0.02,1983,2256654,卖盘
2762,09:57:48,11.4,--,8,9120,买盘
2763,09:57:45,11.4,--,29,33060,买盘
2764,09:57:42,11.4,--,7,7980,买盘
2765,09:57:39,11.4,0.01,100,114000,买盘
2766,09:57:33,11.39,--,8,9112,卖盘
2767,09:57:27,11.39,-0.04,72,82008,卖盘
2768,09:57:24,11.43,0.03,43,49149,买盘
2769,09:57:21,11.4,0.01,49,55860,买盘
2770,09:57:18,11.39,--,5,5695,卖盘
2771,09:57:15,11.39,--,22,25058,买盘
2772,09:57:12,11.39,--,32,36448,卖盘
2773,09:57:06,11.39,-0.01,31,35309,卖盘
2774,09:57:03,11.4,--,28,31920,买盘
2775,09:57:00,11.4,-0.03,1562,1781227,卖盘
2776,09:56:57,11.43,--,3,3429,卖盘
2777,09:56:54,11.43,--,31,35433,卖盘
2778,09:56:51,11.43,--,1,1143,卖盘
2779,09:56:45,11.43,--,10,11430,卖盘
2780,09:56:42,11.43,-0.01,7,8001,卖盘
2781,09:56:39,11.44,0.01,2,2288,买盘
2782,09:56:33,11.43,-0.01,183,209169,卖盘
2783,09:56:30,11.44,0.01,6,6864,买盘
2784,09:56:24,11.43,-0.01,30,34290,卖盘
2785,09:56:21,11.44,--,78,89232,买盘
2786,09:56:18,11.44,--,72,82368,买盘
2787,09:56:03,11.44,--,2,2288,买盘
2788,09:56:00,11.44,-0.01,30,34320,中性盘
2789,09:55:54,11.45,0.01,16,18320,买盘
2790,09:55:51,11.44,-0.01,694,794954,卖盘
2791,09:55:45,11.45,0.01,5,5725,买盘
2792,09:55:36,11.44,-0.01,8,9152,卖盘
2793,09:55:27,11.45,--,50,57250,买盘
2794,09:55:24,11.45,0.01,66,75570,买盘
2795,09:55:21,11.44,-0.01,16,18304,卖盘
2796,09:55:18,11.45,--,88,100760,买盘
2797,09:55:12,11.45,--,7,8014,买盘
2798,09:55:03,11.45,--,28,32059,买盘
2799,09:55:00,11.45,--,36,41220,买盘
2800,09:54:57,11.45,--,27,30914,买盘
2801,09:54:54,11.45,0.01,16,18320,买盘
2802,09:54:48,11.44,-0.01,18,20592,卖盘
2803,09:54:45,11.45,--,5,5725,买盘
2804,09:54:39,11.45,--,1,1145,买盘
2805,09:54:36,11.45,--,16,18320,买盘
2806,09:54:33,11.45,-0.01,442,506089,卖盘
2807,09:54:24,11.46,--,57,65322,买盘
2808,09:54:21,11.46,0.01,36,41256,买盘
2809,09:54:18,11.45,-0.01,124,141980,卖盘
2810,09:54:15,11.46,--,50,57300,买盘
