,time,price,change,volume,amount,type
0,15:00:03,9.97,-0.01,2647,2639487,卖盘
1,14:57:00,9.98,--,0,0,买盘
2,14:56:57,9.98,0.01,368,367264,买盘
3,14:56:54,9.97,--,101,100697,买盘
4,14:56:51,9.97,--,80,79760,买盘
5,14:56:48,9.97,-0.01,115,114655,卖盘
6,14:56:45,9.98,0.01,204,203592,买盘
7,14:56:42,9.97,-0.01,48,47856,卖盘
8,14:56:39,9.98,--,4,3992,买盘
9,14:56:33,9.98,--,4,3992,买盘
10,14:56:30,9.98,0.01,15,14970,买盘
11,14:56:27,9.97,--,200,199400,卖盘
12,14:56:24,9.97,--,13,12961,卖盘
13,14:56:21,9.97,-0.01,202,201394,卖盘
14,14:56:15,9.98,0.02,226,225548,买盘
15,14:56:12,9.96,-0.02,200,199200,卖盘
16,14:56:09,9.98,0.01,92,91816,买盘
17,14:56:06,9.97,-0.01,241,240277,买盘
18,14:56:03,9.98,0.01,149,148702,买盘
19,14:56:00,9.97,--,182,181952,卖盘
20,14:55:57,9.97,--,10,9970,卖盘
21,14:55:54,9.97,-0.01,212,211364,卖盘
22,14:55:51,9.98,0.01,13,12974,买盘
23,14:55:48,9.97,-0.01,5,4985,卖盘
24,14:55:45,9.98,--,111,110778,买盘
25,14:55:42,9.98,0.01,10,9980,买盘
26,14:55:39,9.97,--,2000,1994000,卖盘
27,14:55:36,9.97,-0.01,1,997,卖盘
28,14:55:33,9.98,--,1,998,买盘
29,14:55:27,9.98,--,633,631734,卖盘
30,14:55:24,9.98,-0.01,20,19960,卖盘
31,14:55:21,9.99,0.01,284,283716,买盘
32,14:55:18,9.98,-0.01,1,998,卖盘
33,14:55:15,9.99,--,81,80919,买盘
34,14:55:12,9.99,--,10,9990,买盘
35,14:55:09,9.99,0.01,541,540459,买盘
36,14:55:06,9.98,-0.01,1,998,卖盘
37,14:55:00,9.99,0.01,73,72927,买盘
38,14:54:54,9.98,--,550,548900,卖盘
39,14:54:51,9.98,--,55,54890,卖盘
40,14:54:48,9.98,--,50,49900,卖盘
41,14:54:45,9.98,--,50,49900,卖盘
42,14:54:42,9.98,--,2,1996,卖盘
43,14:54:39,9.98,-0.01,50,49900,卖盘
44,14:54:33,9.99,--,94,93906,买盘
45,14:54:30,9.99,--,11,10989,买盘
46,14:54:27,9.99,0.01,33,32967,买盘
47,14:54:24,9.98,-0.01,1,998,卖盘
48,14:54:18,9.99,--,59,58941,买盘
49,14:54:15,9.99,0.01,1,999,买盘
50,14:54:06,9.98,--,43,42914,卖盘
51,14:54:00,9.98,-0.01,339,338322,卖盘
52,14:53:51,9.99,--,10,9990,买盘
53,14:53:48,9.99,--,203,202797,买盘
54,14:53:45,9.99,--,11,10989,买盘
55,14:53:33,9.99,0.01,47,46953,买盘
56,14:53:30,9.98,--,131,130738,卖盘
57,14:53:21,9.98,--,118,118532,买盘
58,14:53:18,9.98,--,1,998,买盘
59,14:53:15,9.98,--,55,54890,买盘
60,14:53:12,9.98,0.01,26,25948,买盘
61,14:53:09,9.97,-0.01,37,37118,卖盘
62,14:53:03,9.98,--,14,13972,卖盘
63,14:53:00,9.98,--,93,93582,买盘
64,14:52:57,9.98,--,245,244510,买盘
65,14:52:54,9.98,--,45,44910,买盘
66,14:52:51,9.98,--,581,579838,买盘
67,14:52:48,9.98,--,122,121756,买盘
68,14:52:45,9.98,--,7,6986,买盘
69,14:52:42,9.98,--,16,15968,买盘
70,14:52:39,9.98,--,14,13972,买盘
71,14:52:33,9.98,0.01,10,9980,买盘
72,14:52:30,9.97,-0.01,19,18943,卖盘
73,14:52:27,9.98,0.01,13,12974,买盘
74,14:52:18,9.97,-0.01,9,8973,卖盘
75,14:52:15,9.98,0.01,27,26946,买盘
76,14:52:12,9.97,-0.01,89,88733,卖盘
77,14:52:06,9.98,--,3,2994,买盘
78,14:52:00,9.98,--,28,27944,买盘
79,14:51:57,9.98,--,10,9980,买盘
80,14:51:54,9.98,0.01,10,9980,买盘
81,14:51:51,9.97,--,10,9970,卖盘
82,14:51:48,9.97,-0.01,4,3988,卖盘
83,14:51:45,9.98,0.01,30,29940,买盘
84,14:51:42,9.97,-0.01,25,24925,卖盘
85,14:51:39,9.98,--,6,5988,买盘
86,14:51:30,9.98,--,10,9980,买盘
87,14:51:24,9.98,--,5,4990,买盘
88,14:51:18,9.98,--,16,15968,买盘
89,14:51:15,9.98,--,41,40918,买盘
90,14:51:12,9.98,--,473,472283,卖盘
91,14:51:06,9.98,--,6,5988,卖盘
92,14:51:03,9.98,-0.01,10,9980,卖盘
93,14:50:57,9.99,0.01,6,5994,买盘
94,14:50:48,9.98,-0.01,21,20958,卖盘
95,14:50:42,9.99,0.01,51,50949,买盘
96,14:50:39,9.98,--,50,49900,卖盘
97,14:50:36,9.98,--,52,51896,卖盘
98,14:50:33,9.98,--,86,85828,卖盘
99,14:50:27,9.98,-0.01,56,55888,卖盘
100,14:50:24,9.99,0.01,9,8991,买盘
101,14:50:18,9.98,--,150,149700,卖盘
102,14:50:12,9.98,--,22,21956,卖盘
103,14:50:03,9.98,--,3,2994,卖盘
104,14:50:00,9.98,-0.01,25,24950,卖盘
105,14:49:54,9.99,0.01,41,40959,买盘
106,14:49:51,9.98,--,10,10748,买盘
107,14:49:45,9.98,--,9,8982,买盘
108,14:49:42,9.98,--,48,47904,买盘
109,14:49:39,9.98,--,21,20958,买盘
110,14:49:36,9.98,--,8,7984,买盘
111,14:49:33,9.98,--,109,108782,买盘
112,14:49:30,9.98,--,35,34930,买盘
113,14:49:27,9.98,--,117,116766,买盘
114,14:49:24,9.98,--,7,6986,买盘
115,14:49:18,9.98,--,6,5988,买盘
116,14:49:15,9.98,0.01,30,29940,买盘
117,14:49:12,9.97,-0.01,102,101694,卖盘
118,14:49:06,9.98,--,46,45908,买盘
119,14:49:03,9.98,0.01,9,8982,买盘
120,14:48:54,9.97,-0.01,3,2991,卖盘
121,14:48:51,9.98,0.01,110,109780,买盘
122,14:48:45,9.97,-0.01,220,219340,卖盘
123,14:48:42,9.98,--,106,105788,买盘
124,14:48:36,9.98,--,30,29940,买盘
125,14:48:33,9.98,0.01,6,5988,买盘
126,14:48:30,9.97,-0.01,3,2991,卖盘
127,14:48:27,9.98,-0.01,954,952321,卖盘
128,14:48:21,9.99,--,44,43956,买盘
129,14:48:15,9.99,--,83,82917,卖盘
130,14:48:12,9.99,--,122,121878,买盘
131,14:48:03,9.99,0.01,6,5994,买盘
132,14:48:00,9.98,-0.01,4,3992,卖盘
133,14:47:51,9.99,--,10,9990,买盘
134,14:47:48,9.99,--,3,2997,中性盘
135,14:47:45,9.99,0.01,3,2997,卖盘
136,14:47:42,9.98,-0.01,121,120758,卖盘
137,14:47:30,9.99,-0.02,303,302697,卖盘
138,14:47:27,10.01,0.01,194,194194,买盘
139,14:47:21,10.0,--,41,41000,卖盘
140,14:47:12,10.0,--,224,224000,卖盘
141,14:47:09,10.0,--,20,20000,卖盘
142,14:46:54,10.0,--,6,6000,卖盘
143,14:46:45,10.0,--,20,20000,卖盘
144,14:46:42,10.0,0.01,1164,1164730,买盘
145,14:46:39,9.99,-0.01,50,49950,卖盘
146,14:46:36,10.0,0.01,509,509000,买盘
147,14:46:33,9.99,0.01,5,4995,卖盘
148,14:46:27,9.98,-0.01,1899,1895202,卖盘
149,14:46:21,9.99,-0.01,5,4995,卖盘
150,14:46:18,10.0,0.01,14,14000,买盘
151,14:46:15,9.99,--,9,8991,卖盘
152,14:46:12,9.99,-0.01,9,8991,卖盘
153,14:46:03,10.0,--,7,7000,买盘
154,14:46:00,10.0,--,15,15000,买盘
155,14:45:54,10.0,--,41,41000,买盘
156,14:45:51,10.0,--,1,1000,买盘
157,14:45:48,10.0,0.01,1,1000,买盘
158,14:45:42,9.99,-0.01,14,13986,卖盘
159,14:45:39,10.0,--,6,6000,买盘
160,14:45:33,10.0,0.01,5,5000,买盘
161,14:45:24,9.99,-0.01,5,4995,卖盘
162,14:45:21,10.0,--,9,9000,买盘
163,14:45:18,10.0,0.01,90,90000,买盘
164,14:45:15,9.99,--,10,9990,卖盘
165,14:45:12,9.99,-0.01,14,13986,卖盘
166,14:45:09,10.0,--,45,45000,买盘
167,14:45:06,10.0,--,1,1000,买盘
168,14:45:03,10.0,--,25,25000,买盘
169,14:44:51,10.0,0.01,12,12000,买盘
170,14:44:45,9.99,--,13,12987,卖盘
171,14:44:42,9.99,-0.01,9,8991,卖盘
172,14:44:27,10.0,0.01,20,20000,买盘
173,14:44:18,9.99,-0.01,23,22977,卖盘
174,14:44:15,10.0,0.01,41,41000,买盘
175,14:44:12,9.99,-0.01,12,11988,卖盘
176,14:44:09,10.0,0.01,5,5000,买盘
177,14:44:00,9.99,-0.01,7,6993,卖盘
178,14:43:57,10.0,0.01,1,1000,买盘
179,14:43:54,9.99,-0.01,32,31968,卖盘
180,14:43:48,10.0,--,12,12000,买盘
181,14:43:45,10.0,0.01,10,10000,买盘
182,14:43:42,9.99,-0.01,5,4995,卖盘
183,14:43:36,10.0,0.01,1,1000,买盘
184,14:43:33,9.99,--,16,16103,卖盘
185,14:43:30,9.99,-0.01,25,25584,卖盘
186,14:43:27,10.0,--,12,12000,买盘
187,14:43:24,10.0,--,43,43000,买盘
188,14:43:21,10.0,0.01,10,10000,买盘
189,14:43:15,9.99,--,4,3996,卖盘
190,14:43:12,9.99,-0.01,27,26973,卖盘
191,14:43:03,10.0,--,4,4000,买盘
192,14:42:51,10.0,--,11,11270,卖盘
193,14:42:45,10.0,-0.01,37,37000,卖盘
194,14:42:42,10.01,0.01,16,16016,买盘
195,14:42:36,10.0,--,10,10000,卖盘
196,14:42:30,10.0,-0.01,54,54730,卖盘
197,14:42:27,10.01,0.01,46,46046,买盘
198,14:42:24,10.0,--,5,5000,卖盘
199,14:42:15,10.0,--,228,228000,卖盘
200,14:42:12,10.0,-0.01,14,14000,卖盘
201,14:42:09,10.01,0.01,10,10010,买盘
202,14:42:06,10.0,--,200,200000,卖盘
203,14:42:00,10.0,--,2,2000,卖盘
204,14:41:57,10.0,-0.01,100,100000,卖盘
205,14:41:54,10.01,0.01,3,3003,买盘
206,14:41:48,10.0,--,2,2400,卖盘
207,14:41:42,10.0,--,6,6000,卖盘
208,14:41:33,10.0,-0.01,12,12770,卖盘
209,14:41:30,10.01,0.01,47,47047,买盘
210,14:41:27,10.0,--,28,28960,卖盘
211,14:41:12,10.0,--,24,24000,卖盘
212,14:41:03,10.0,--,14,14000,卖盘
213,14:40:54,10.0,--,10,10000,卖盘
214,14:40:48,10.0,--,7,7000,卖盘
215,14:40:45,10.0,--,4,4000,卖盘
216,14:40:42,10.0,-0.01,6,6000,卖盘
217,14:40:36,10.01,0.01,41,41041,买盘
218,14:40:33,10.0,-0.01,29,29930,卖盘
219,14:40:27,10.01,--,25,25425,卖盘
220,14:40:21,10.01,0.01,47,47047,买盘
221,14:40:12,10.0,--,40,40000,卖盘
222,14:40:06,10.0,--,9,9000,卖盘
223,14:40:00,10.0,--,14,14000,卖盘
224,14:39:54,10.0,--,4,4000,卖盘
225,14:39:51,10.0,-0.02,1,1000,卖盘
226,14:39:42,10.02,0.01,70,70140,买盘
227,14:39:39,10.01,0.01,10,10010,卖盘
228,14:39:30,10.0,-0.01,12,12910,卖盘
229,14:39:27,10.01,--,48,48868,卖盘
230,14:39:24,10.01,-0.01,37,37037,卖盘
231,14:39:21,10.02,0.01,78,78156,买盘
232,14:39:18,10.01,--,6,6006,卖盘
233,14:39:15,10.01,--,32,32032,卖盘
234,14:39:12,10.01,--,27,27027,卖盘
235,14:39:09,10.01,--,50,50050,卖盘
236,14:39:06,10.01,-0.01,20,20020,卖盘
237,14:39:00,10.02,--,3,3006,买盘
238,14:38:54,10.02,0.01,20,20040,买盘
239,14:38:42,10.01,0.01,54,54054,买盘
240,14:38:39,10.0,-0.01,34,34000,卖盘
241,14:38:36,10.01,0.01,10,10010,买盘
242,14:38:33,10.0,--,5,5000,卖盘
243,14:38:24,10.0,--,12,12770,卖盘
244,14:38:21,10.0,--,54,54960,卖盘
245,14:38:18,10.0,-0.01,10,10000,卖盘
246,14:38:15,10.01,--,5,5005,买盘
247,14:38:12,10.01,--,32,32032,卖盘
248,14:38:03,10.01,--,2,2002,卖盘
249,14:38:00,10.01,-0.01,10,10010,卖盘
250,14:37:54,10.02,0.02,1,1002,买盘
251,14:37:51,10.0,-0.02,1,1000,卖盘
252,14:37:45,10.02,0.02,55,55110,买盘
253,14:37:42,10.0,-0.01,62,62000,卖盘
254,14:37:39,10.01,--,1,1001,买盘
255,14:37:36,10.01,0.01,5,5005,买盘
256,14:37:27,10.0,--,24,24000,卖盘
257,14:37:24,10.0,--,41,41730,卖盘
258,14:37:21,10.0,--,0,600,卖盘
259,14:37:12,10.0,-0.02,30,30000,卖盘
260,14:37:03,10.02,--,10,10020,买盘
261,14:36:54,10.02,0.01,48,48096,买盘
262,14:36:51,10.01,-0.01,298,298298,卖盘
263,14:36:33,10.02,--,2,2785,卖盘
264,14:36:30,10.02,--,46,46092,卖盘
265,14:36:24,10.02,0.01,19,19078,买盘
266,14:36:21,10.01,-0.01,44,44954,卖盘
267,14:36:18,10.02,--,100,100200,买盘
268,14:36:15,10.02,--,10,10020,买盘
269,14:36:12,10.02,--,15,15030,买盘
270,14:35:51,10.02,--,52,52104,买盘
271,14:35:45,10.02,--,10,10020,买盘
272,14:35:42,10.02,0.01,58,58116,买盘
273,14:35:39,10.01,-0.01,25,25025,卖盘
274,14:35:36,10.02,--,2,2004,买盘
275,14:35:30,10.02,0.01,10,10020,买盘
276,14:35:21,10.01,--,16,16436,卖盘
277,14:35:18,10.01,--,54,54364,卖盘
278,14:35:15,10.01,--,6,6006,卖盘
279,14:35:12,10.01,-0.01,44,44044,卖盘
280,14:35:09,10.02,--,2,2004,买盘
281,14:35:06,10.02,--,89,89178,买盘
282,14:34:57,10.02,--,7,7014,买盘
283,14:34:42,10.02,0.01,54,54108,买盘
284,14:34:39,10.01,-0.01,29,29029,卖盘
285,14:34:27,10.02,0.01,10,10020,买盘
286,14:34:21,10.01,--,160,161060,卖盘
287,14:34:18,10.01,-0.01,53,53883,卖盘
288,14:34:15,10.02,0.01,10,10020,买盘
289,14:34:12,10.01,--,11,11011,卖盘
290,14:34:09,10.01,-0.01,37,37037,卖盘
291,14:34:06,10.02,--,7,7014,买盘
292,14:34:00,10.02,--,2,2004,买盘
293,14:33:51,10.02,0.01,10,10020,买盘
294,14:33:45,10.01,-0.01,12,12012,卖盘
295,14:33:42,10.02,0.01,7,7014,买盘
296,14:33:39,10.01,-0.01,26,26026,卖盘
297,14:33:33,10.02,0.01,45,45090,买盘
298,14:33:30,10.01,--,17,17017,卖盘
299,14:33:18,10.01,--,41,41771,卖盘
300,14:33:15,10.01,--,6,6006,卖盘
301,14:33:12,10.01,--,107,107107,卖盘
302,14:33:03,10.01,--,33,33033,卖盘
303,14:33:00,10.01,--,96,96096,卖盘
304,14:32:57,10.01,-0.01,2,2002,卖盘
305,14:32:48,10.02,0.01,22,22044,买盘
306,14:32:45,10.01,--,13,13013,卖盘
307,14:32:42,10.01,-0.01,5,5005,卖盘
308,14:32:30,10.02,0.01,47,47094,买盘
309,14:32:27,10.01,--,371,371371,卖盘
310,14:32:24,10.01,--,51,51051,卖盘
311,14:32:21,10.01,0.01,643,644623,买盘
312,14:32:18,10.0,--,14,14150,卖盘
313,14:32:12,10.0,-0.01,70,70580,卖盘
314,14:32:09,10.01,0.01,2,2002,买盘
315,14:32:03,10.0,--,46,46000,卖盘
316,14:32:00,10.0,--,24,24000,卖盘
317,14:31:42,10.0,-0.01,13,13000,卖盘
318,14:31:33,10.01,0.01,29,29029,买盘
319,14:31:30,10.0,-0.01,10,10000,卖盘
320,14:31:27,10.01,0.01,11,11011,买盘
321,14:31:24,10.0,-0.01,200,200000,卖盘
322,14:31:21,10.01,--,20,20020,买盘
323,14:31:18,10.01,0.01,42,42042,买盘
324,14:31:15,10.0,-0.01,14,14870,卖盘
325,14:31:12,10.01,--,67,67927,买盘
326,14:31:06,10.01,-0.01,55,55055,卖盘
327,14:31:00,10.02,0.01,11,11022,买盘
328,14:30:54,10.01,-0.01,37,37037,卖盘
329,14:30:48,10.02,0.01,15,15030,买盘
330,14:30:42,10.01,-0.01,2,2002,卖盘
331,14:30:33,10.02,0.01,10,10020,买盘
332,14:30:21,10.01,--,30,30030,卖盘
333,14:30:15,10.01,--,64,64064,买盘
334,14:30:12,10.01,0.01,79,79929,买盘
335,14:30:09,10.0,--,24,24880,卖盘
336,14:30:00,10.0,-0.01,8,8000,卖盘
337,14:29:51,10.01,-0.01,3,3003,卖盘
338,14:29:48,10.02,0.01,1,1002,买盘
339,14:29:45,10.01,-0.01,10,10010,卖盘
340,14:29:42,10.02,0.01,38,38076,买盘
341,14:29:33,10.01,--,5,5005,卖盘
342,14:29:30,10.01,--,97,97097,买盘
343,14:29:15,10.01,--,18,18018,买盘
344,14:29:12,10.01,0.01,45,45945,中性盘
345,14:29:06,10.0,--,35,35830,卖盘
346,14:29:00,10.0,-0.01,93,93000,卖盘
347,14:28:57,10.01,--,20,20020,买盘
348,14:28:51,10.01,--,4,4004,买盘
349,14:28:45,10.01,--,13,13013,买盘
350,14:28:42,10.01,--,23,23023,卖盘
351,14:28:30,10.01,--,10,10010,卖盘
352,14:28:27,10.01,--,1,1001,卖盘
353,14:28:24,10.01,--,37,37037,买盘
354,14:28:18,10.01,0.01,8,8008,买盘
355,14:28:12,10.0,--,1,1000,卖盘
356,14:28:09,10.0,--,16,16770,卖盘
357,14:28:06,10.0,--,28,28960,卖盘
358,14:28:00,10.0,-0.01,3,3000,卖盘
359,14:27:48,10.01,0.01,5,5005,买盘
360,14:27:45,10.0,-0.02,10,10000,卖盘
361,14:27:42,10.02,0.01,49,49098,买盘
362,14:27:39,10.01,--,15,15015,买盘
363,14:27:33,10.01,--,30,30030,买盘
364,14:27:27,10.01,0.01,1,1001,买盘
365,14:27:15,10.0,--,21,21000,卖盘
366,14:27:12,10.0,--,1,1000,卖盘
367,14:27:06,10.0,--,41,41730,卖盘
368,14:26:54,10.0,-0.01,10,10000,卖盘
369,14:26:51,10.01,--,40,40040,买盘
370,14:26:48,10.01,0.01,24,24024,买盘
371,14:26:45,10.0,--,40,40000,卖盘
372,14:26:42,10.0,--,27,27000,卖盘
373,14:26:39,10.0,-0.01,5,5000,卖盘
374,14:26:36,10.01,--,1,1001,买盘
375,14:26:33,10.01,--,16,16016,买盘
376,14:26:30,10.01,0.01,41,41041,买盘
377,14:26:27,10.0,--,5,5000,卖盘
378,14:26:12,10.0,--,39,39000,卖盘
379,14:26:06,10.0,--,14,14840,卖盘
380,14:26:03,10.0,--,26,26890,卖盘
381,14:25:57,10.0,--,100,100000,卖盘
382,14:25:54,10.0,-0.01,7,7000,卖盘
383,14:25:48,10.01,0.01,5,5005,买盘
384,14:25:42,10.0,-0.01,9,9000,卖盘
385,14:25:27,10.01,-0.01,59,59329,卖盘
386,14:25:24,10.02,--,6,6012,买盘
387,14:25:15,10.02,0.01,142,142284,买盘
388,14:25:12,10.01,--,24,24024,卖盘
389,14:25:06,10.01,--,11,11501,卖盘
390,14:25:00,10.01,-0.01,43,43283,卖盘
391,14:24:54,10.02,--,10,10020,买盘
392,14:24:48,10.02,0.01,4,4008,买盘
393,14:24:39,10.01,--,24,24024,卖盘
394,14:24:27,10.01,--,11,11011,卖盘
395,14:24:21,10.01,--,1,1001,卖盘
396,14:24:12,10.01,--,11,11011,卖盘
397,14:24:03,10.01,--,15,15475,卖盘
398,14:24:00,10.01,--,80,80150,买盘
399,14:23:57,10.01,--,3,3003,买盘
400,14:23:51,10.01,--,20,20020,买盘
401,14:23:48,10.01,0.01,5,5005,买盘
402,14:23:42,10.0,-0.01,30,30000,卖盘
403,14:23:30,10.01,--,6,6006,买盘
404,14:23:21,10.01,0.01,17,17017,买盘
405,14:23:12,10.0,-0.01,13,13000,卖盘
406,14:23:03,10.01,--,18,18858,买盘
407,14:23:00,10.01,--,40,40930,买盘
408,14:22:57,10.01,--,24,24024,买盘
409,14:22:51,10.01,--,10,10010,买盘
410,14:22:48,10.01,--,5,5005,买盘
411,14:22:45,10.01,0.01,41,41041,买盘
412,14:22:42,10.0,-0.01,8,8000,卖盘
413,14:22:36,10.01,0.01,38,38038,买盘
414,14:22:30,10.0,-0.01,2,2000,卖盘
415,14:22:24,10.01,0.01,23,23023,买盘
416,14:22:18,10.0,--,15,15000,卖盘
417,14:22:12,10.0,--,7,7000,卖盘
418,14:22:03,10.0,-0.01,15,15250,卖盘
419,14:22:00,10.01,0.01,1,1001,买盘
420,14:21:57,10.0,-0.01,26,26480,卖盘
421,14:21:48,10.01,--,15,15015,买盘
422,14:21:45,10.01,-0.01,1,1001,中性盘
423,14:21:36,10.02,0.01,45,45090,买盘
424,14:21:33,10.01,--,6,6006,买盘
425,14:21:18,10.01,0.01,10,10010,中性盘
426,14:21:06,10.0,--,8,8000,卖盘
427,14:21:00,10.0,--,40,40000,卖盘
428,14:20:57,10.0,-0.01,25,25300,卖盘
429,14:20:54,10.01,--,37,37197,买盘
430,14:20:51,10.01,--,17,17287,卖盘
431,14:20:45,10.01,--,7,7007,卖盘
432,14:20:42,10.01,--,12,12012,卖盘
433,14:20:39,10.01,--,23,23753,买盘
434,14:20:33,10.01,--,5,5005,买盘
435,14:20:30,10.01,0.01,50,50050,买盘
436,14:20:27,10.0,-0.01,11,11000,卖盘
437,14:20:18,10.01,0.01,43,43043,买盘
438,14:20:15,10.0,--,5,5000,卖盘
439,14:20:00,10.0,--,16,16430,卖盘
440,14:19:57,10.0,-0.01,25,25300,卖盘
441,14:19:54,10.01,0.01,50,50050,买盘
442,14:19:51,10.0,--,24,24000,卖盘
443,14:19:42,10.0,-0.01,24,24000,卖盘
444,14:19:39,10.01,--,1,1001,买盘
445,14:19:30,10.01,0.01,7,7007,买盘
446,14:19:12,10.0,-0.01,4,4000,卖盘
447,14:19:09,10.01,--,14,14014,买盘
448,14:19:00,10.01,0.01,43,43043,买盘
449,14:18:57,10.0,--,12,12990,卖盘
450,14:18:51,10.0,-0.01,28,28740,卖盘
451,14:18:48,10.01,0.01,5,5005,买盘
452,14:18:45,10.0,--,14,14000,卖盘
453,14:18:42,10.0,--,29,29000,卖盘
454,14:18:36,10.0,--,30,30000,卖盘
455,14:18:27,10.0,--,1,1000,卖盘
456,14:18:21,10.0,--,5,5000,卖盘
457,14:18:15,10.0,--,5,5000,卖盘
458,14:18:12,10.0,-0.01,17,17000,卖盘
459,14:18:00,10.01,0.01,19,19019,买盘
460,14:17:57,10.0,--,29,29090,卖盘
461,14:17:54,10.0,--,35,35000,卖盘
462,14:17:51,10.0,-0.01,26,26640,卖盘
463,14:17:48,10.01,--,18,18018,买盘
464,14:17:45,10.01,0.01,43,43043,买盘
465,14:17:42,10.0,--,11,11000,卖盘
466,14:17:36,10.0,--,153,153000,卖盘
467,14:17:30,10.0,-0.01,7,7000,卖盘
468,14:17:21,10.01,0.01,23,23023,买盘
469,14:17:15,10.0,--,8,8000,卖盘
470,14:17:12,10.0,-0.01,1,1000,卖盘
471,14:16:57,10.01,0.01,2,2002,买盘
472,14:16:51,10.0,--,20,20630,卖盘
473,14:16:48,10.0,-0.01,26,26100,卖盘
474,14:16:45,10.01,0.01,43,43043,买盘
475,14:16:42,10.0,--,5,5000,卖盘
476,14:16:15,10.0,--,7,7000,买盘
477,14:16:12,10.0,--,19,19000,买盘
478,14:16:03,10.0,--,13,13000,买盘
479,14:15:54,10.0,0.01,1,1000,买盘
480,14:15:51,9.99,-0.01,15,15884,卖盘
481,14:15:48,10.0,0.01,29,29830,中性盘
482,14:15:42,9.99,-0.01,19,18981,卖盘
483,14:15:33,10.0,-0.01,1,1000,中性盘
484,14:15:24,10.01,--,65,65065,买盘
485,14:15:21,10.01,0.01,23,23023,买盘
486,14:15:03,10.0,--,11,11000,买盘
487,14:14:57,10.0,--,10,10000,买盘
488,14:14:51,10.0,0.01,5,5000,买盘
489,14:14:48,9.99,-0.01,41,41688,卖盘
490,14:14:45,10.0,0.01,50,50000,买盘
491,14:14:42,9.99,-0.01,23,22977,卖盘
492,14:14:39,10.0,0.01,2,2000,买盘
493,14:14:33,9.99,--,10,9990,卖盘
494,14:14:30,9.99,--,7,6993,卖盘
495,14:14:27,9.99,--,21,20979,卖盘
496,14:14:24,9.99,--,20,19980,卖盘
497,14:14:12,9.99,-0.01,39,38961,卖盘
498,14:14:09,10.0,--,1,1000,买盘
499,14:14:06,10.0,--,11,11000,买盘
500,14:13:54,10.0,--,14,14000,买盘
501,14:13:51,10.0,0.01,46,46000,买盘
502,14:13:48,9.99,-0.01,41,41688,卖盘
503,14:13:42,10.0,--,20,20000,卖盘
504,14:13:36,10.0,--,9,9000,卖盘
505,14:13:33,10.0,--,4,4000,卖盘
506,14:13:30,10.0,0.01,48,48960,买盘
507,14:13:27,9.99,-0.01,60,59940,卖盘
508,14:13:21,10.0,--,2,2000,买盘
509,14:13:18,10.0,0.01,107,107000,买盘
510,14:13:15,9.99,--,14,13986,卖盘
511,14:13:12,9.99,--,2,1998,卖盘
512,14:13:03,9.99,-0.01,8,7992,卖盘
513,14:12:57,10.0,--,3,3000,买盘
514,14:12:48,10.0,0.01,17,17180,买盘
515,14:12:45,9.99,--,75,74925,卖盘
516,14:12:42,9.99,--,111,111438,卖盘
517,14:12:30,9.99,--,25,24975,卖盘
518,14:12:27,9.99,--,58,57942,卖盘
519,14:12:06,9.99,--,50,49950,卖盘
520,14:12:00,9.99,--,25,24975,卖盘
521,14:11:51,9.99,-0.01,50,49950,卖盘
522,14:11:48,10.0,--,4,4000,买盘
523,14:11:45,10.0,--,53,53620,买盘
524,14:11:42,10.0,0.01,537,537110,买盘
525,14:11:39,9.99,-0.01,50,49950,卖盘
526,14:11:30,10.0,--,13,13000,买盘
527,14:11:27,10.0,0.01,107,107000,买盘
528,14:11:24,9.99,--,40,39960,卖盘
529,14:11:12,9.99,-0.01,74,73926,卖盘
530,14:11:09,10.0,--,180,180000,买盘
531,14:11:00,10.0,--,5,5000,买盘
532,14:10:57,10.0,-0.01,549,549040,卖盘
533,14:10:54,10.01,--,4,4004,买盘
534,14:10:51,10.01,0.01,5,5005,买盘
535,14:10:48,10.0,--,194,194000,卖盘
536,14:10:45,10.0,--,10,10000,卖盘
537,14:10:42,10.0,--,25,25610,卖盘
538,14:10:39,10.0,-0.01,76,76120,卖盘
539,14:10:30,10.01,--,11,11011,买盘
540,14:10:21,10.01,0.01,12,12012,买盘
541,14:10:18,10.0,-0.01,153,153270,卖盘
542,14:10:09,10.01,-0.01,20,20020,卖盘
543,14:10:03,10.02,--,41,41082,买盘
544,14:10:00,10.02,--,10,10020,买盘
545,14:09:54,10.02,--,1,1002,买盘
546,14:09:48,10.02,0.01,5,5010,买盘
547,14:09:45,10.01,--,18,18528,卖盘
548,14:09:39,10.01,-0.01,28,28248,卖盘
549,14:09:24,10.02,0.01,2,2004,买盘
550,14:09:21,10.01,--,20,20020,卖盘
551,14:09:18,10.01,-0.01,25,25025,卖盘
552,14:09:12,10.02,--,35,35070,买盘
553,14:09:09,10.02,0.01,6,6012,买盘
554,14:09:06,10.01,--,10,10010,卖盘
555,14:09:00,10.01,--,11,11011,买盘
556,14:08:57,10.01,0.01,12,12012,买盘
557,14:08:51,10.0,-0.01,48,48000,卖盘
558,14:08:48,10.01,0.01,5,5005,买盘
559,14:08:42,10.0,--,14,14370,卖盘
560,14:08:36,10.0,-0.01,91,91360,卖盘
561,14:08:27,10.01,--,27,27027,买盘
562,14:08:18,10.01,--,5,5005,买盘
563,14:07:48,10.01,--,32,32032,买盘
564,14:07:42,10.01,0.01,19,19019,买盘
565,14:07:39,10.0,--,15,15630,卖盘
566,14:07:36,10.0,-0.01,119,119100,卖盘
567,14:07:33,10.01,0.01,21,21021,买盘
568,14:07:24,10.0,-0.01,28,28000,卖盘
569,14:07:06,10.01,0.01,5,5005,买盘
570,14:07:03,10.0,--,5,5000,卖盘
571,14:07:00,10.0,-0.01,19,19000,卖盘
572,14:06:48,10.01,0.01,5,5005,买盘
573,14:06:45,10.0,--,9,9000,卖盘
574,14:06:36,10.0,-0.01,16,16490,卖盘
575,14:06:33,10.01,--,25,25265,卖盘
576,14:06:30,10.01,--,15,15015,卖盘
577,14:06:24,10.01,--,5,5005,卖盘
578,14:06:21,10.01,--,61,61061,卖盘
579,14:06:18,10.01,--,1,1001,卖盘
580,14:06:12,10.01,--,100,100100,卖盘
581,14:06:09,10.01,--,5,5005,卖盘
582,14:06:00,10.01,--,7,7007,卖盘
583,14:05:54,10.01,-0.01,20,20020,卖盘
584,14:05:48,10.02,0.02,5,5010,买盘
585,14:05:39,10.0,-0.01,122,122000,卖盘
586,14:05:36,10.01,0.01,20,20020,买盘
587,14:05:33,10.0,--,41,41730,卖盘
588,14:05:24,10.0,-0.01,29,29000,卖盘
589,14:05:15,10.01,--,8,8008,买盘
590,14:05:09,10.01,--,42,42042,买盘
591,14:05:06,10.01,0.01,20,20020,买盘
592,14:04:57,10.0,-0.01,1,1000,卖盘
593,14:04:51,10.01,0.01,5,5005,买盘
594,14:04:45,10.0,--,51,51000,卖盘
595,14:04:36,10.0,--,12,12680,卖盘
596,14:04:30,10.0,-0.01,35,35050,卖盘
597,14:04:27,10.01,--,15,15015,卖盘
598,14:04:21,10.01,-0.01,15,15015,卖盘
599,14:04:18,10.02,--,2,2004,买盘
600,14:04:15,10.02,0.01,41,41082,买盘
601,14:04:12,10.01,--,15,15015,卖盘
602,14:04:00,10.01,-0.01,15,15015,卖盘
603,14:03:51,10.02,--,10,10020,买盘
604,14:03:48,10.02,--,6,6012,买盘
605,14:03:39,10.02,0.02,60,60120,买盘
606,14:03:30,10.0,--,16,16130,卖盘
607,14:03:27,10.0,-0.01,68,68600,卖盘
608,14:03:24,10.01,-0.01,5,5005,中性盘
609,14:03:12,10.02,0.01,10,10020,买盘
610,14:03:03,10.01,--,15,15015,卖盘
611,14:03:00,10.01,--,8,8008,卖盘
612,14:02:57,10.01,-0.01,8,8008,卖盘
613,14:02:48,10.02,0.01,10,10020,买盘
614,14:02:36,10.01,0.01,10,10010,中性盘
615,14:02:30,10.0,-0.01,16,16650,卖盘
616,14:02:27,10.01,--,67,67147,卖盘
617,14:02:24,10.01,--,20,20020,卖盘
618,14:02:21,10.01,--,5,5005,卖盘
619,14:02:18,10.01,--,10,10010,卖盘
620,14:02:12,10.01,--,10,10010,卖盘
621,14:02:03,10.01,-0.01,10,10010,卖盘
622,14:01:54,10.02,--,3,3006,中性盘
623,14:01:48,10.02,-0.01,5,5010,买盘
624,14:01:39,10.03,0.01,4,4011,买盘
625,14:01:36,10.02,-0.01,7,7014,卖盘
626,14:01:33,10.03,0.01,44,44132,买盘
627,14:01:30,10.02,0.01,15,15661,中性盘
628,14:01:24,10.01,-0.02,37,37137,卖盘
629,14:01:15,10.03,--,2,2005,买盘
630,14:01:12,10.03,0.01,8,8023,买盘
631,14:01:09,10.02,--,18,19017,卖盘
632,14:01:06,10.02,--,20,20040,卖盘
633,14:01:00,10.02,-0.01,19,19038,卖盘
634,14:00:54,10.03,0.01,2,2005,买盘
635,14:00:51,10.02,-0.01,20,20040,卖盘
636,14:00:48,10.03,0.01,7,7021,买盘
637,14:00:42,10.02,-0.01,20,20040,卖盘
638,14:00:39,10.03,0.01,43,43129,买盘
639,14:00:36,10.02,-0.01,29,29058,卖盘
640,14:00:33,10.03,0.01,10,10030,买盘
641,14:00:27,10.02,0.01,40,40100,买盘
642,14:00:21,10.01,--,27,27737,卖盘
643,14:00:12,10.01,--,6,6006,卖盘
644,14:00:09,10.01,-0.01,3,3003,卖盘
645,14:00:03,10.02,--,9,9018,买盘
646,14:00:00,10.02,0.01,2,2004,买盘
647,13:59:51,10.01,-0.01,1,1001,卖盘
648,13:59:48,10.02,0.01,4,4008,买盘
649,13:59:42,10.01,--,6,6006,卖盘
650,13:59:30,10.01,--,52,52052,卖盘
651,13:59:27,10.01,--,11,11761,卖盘
652,13:59:21,10.01,--,29,30009,卖盘
653,13:59:03,10.01,-0.01,20,20020,卖盘
654,13:58:54,10.02,--,1,1002,买盘
655,13:58:51,10.02,--,61,61122,买盘
656,13:58:48,10.02,--,5,5010,买盘
657,13:58:45,10.02,0.01,12,12024,中性盘
658,13:58:24,10.01,-0.01,14,14454,卖盘
659,13:58:21,10.02,-0.01,29,29348,卖盘
660,13:58:09,10.03,0.01,19,19057,买盘
661,13:58:03,10.02,-0.01,60,60120,卖盘
662,13:58:00,10.03,--,1,1002,买盘
663,13:57:57,10.03,--,42,42126,买盘
664,13:57:54,10.03,--,11,11033,买盘
665,13:57:48,10.03,--,105,105315,买盘
666,13:57:45,10.03,--,80,80420,卖盘
667,13:57:42,10.03,--,80,80240,卖盘
668,13:57:39,10.03,--,50,50150,卖盘
669,13:57:30,10.03,--,204,204612,卖盘
670,13:57:27,10.03,-0.01,10,10030,卖盘
671,13:57:24,10.04,0.01,12,12047,买盘
672,13:57:21,10.03,--,13,13901,卖盘
673,13:57:18,10.03,-0.01,27,27953,卖盘
674,13:57:09,10.04,0.01,22,22087,买盘
675,13:57:06,10.03,--,50,50150,卖盘
676,13:57:00,10.03,-0.01,10,10030,卖盘
677,13:56:54,10.04,--,3,3011,买盘
678,13:56:51,10.04,--,5,5020,买盘
679,13:56:48,10.04,0.01,16,16063,买盘
680,13:56:45,10.03,--,7,7021,卖盘
681,13:56:42,10.03,--,29,29086,卖盘
682,13:56:33,10.03,--,40,40120,卖盘
683,13:56:24,10.03,--,72,72216,卖盘
684,13:56:21,10.03,--,14,14132,卖盘
685,13:56:18,10.03,0.01,1,1002,中性盘
686,13:56:15,10.02,-0.01,316,317002,卖盘
687,13:56:09,10.03,0.01,1,1002,买盘
688,13:56:00,10.02,--,10,10020,卖盘
689,13:55:51,10.02,-0.01,10,10020,卖盘
690,13:55:48,10.03,--,5,5015,买盘
691,13:55:39,10.03,--,4,4011,买盘
692,13:55:36,10.03,0.02,60,60179,买盘
693,13:55:30,10.01,-0.02,52,52052,卖盘
694,13:55:27,10.03,0.02,1,1002,买盘
695,13:55:18,10.01,-0.02,12,12492,卖盘
696,13:55:15,10.03,--,41,41373,买盘
697,13:55:12,10.03,0.02,4,4011,买盘
698,13:54:57,10.01,-0.02,8,8008,卖盘
699,13:54:51,10.03,--,59,59176,买盘
700,13:54:48,10.03,--,4,4011,买盘
701,13:54:33,10.03,--,3,3009,买盘
702,13:54:18,10.03,--,24,24693,卖盘
703,13:54:15,10.03,--,10,10030,卖盘
704,13:54:12,10.03,--,33,33480,卖盘
705,13:54:09,10.03,0.02,38,38114,买盘
706,13:54:06,10.01,-0.02,4,4004,卖盘
707,13:54:03,10.03,--,61,61182,卖盘
708,13:54:00,10.03,-0.02,30,30089,中性盘
709,13:53:48,10.05,--,5,5025,买盘
710,13:53:45,10.05,0.04,500,502500,买盘
711,13:53:42,10.01,-0.01,533,533533,卖盘
712,13:53:24,10.02,0.01,24,24048,买盘
713,13:53:21,10.01,--,10,10010,卖盘
714,13:53:18,10.01,-0.01,15,15055,卖盘
715,13:53:15,10.02,0.01,41,41082,买盘
716,13:53:12,10.01,--,35,35725,卖盘
717,13:53:09,10.01,-0.01,35,35035,卖盘
718,13:53:06,10.02,0.01,3,3006,买盘
719,13:53:03,10.01,-0.01,15,15015,卖盘
720,13:52:51,10.02,--,305,305610,买盘
721,13:52:39,10.02,0.01,18,18036,买盘
722,13:52:30,10.01,--,2,2002,买盘
723,13:52:27,10.01,--,10,10010,买盘
724,13:52:24,10.01,--,27,27027,卖盘
725,13:52:21,10.01,--,33,33033,卖盘
726,13:52:15,10.01,--,19,19979,卖盘
727,13:52:12,10.01,--,41,41811,买盘
728,13:52:09,10.01,-0.01,36,36036,卖盘
729,13:52:06,10.02,0.01,55,55110,买盘
730,13:52:03,10.01,--,5,5005,卖盘
731,13:51:51,10.01,--,368,368368,买盘
732,13:51:48,10.01,--,12,12012,买盘
733,13:51:45,10.01,--,43,43043,买盘
734,13:51:42,10.01,--,1,1001,买盘
735,13:51:27,10.01,--,6,6006,买盘
736,13:51:15,10.01,0.01,50,50050,中性盘
737,13:51:12,10.0,--,11,11450,卖盘
738,13:51:09,10.0,-0.01,30,30280,卖盘
739,13:51:06,10.01,--,311,312151,买盘
740,13:51:03,10.01,0.01,21,21021,买盘
741,13:50:51,10.0,-0.01,129,129000,卖盘
742,13:50:48,10.01,--,4,4004,买盘
743,13:50:39,10.01,--,2,2002,买盘
744,13:50:36,10.01,--,202,202202,买盘
745,13:50:27,10.01,--,2,2002,买盘
746,13:50:21,10.01,0.01,18,18018,买盘
747,13:50:15,10.0,--,20,20000,卖盘
748,13:50:12,10.0,-0.01,12,12250,卖盘
749,13:50:09,10.01,0.01,43,43043,买盘
750,13:50:06,10.0,--,29,29480,卖盘
751,13:50:03,10.0,-0.01,1,1000,卖盘
752,13:50:00,10.01,--,11,11011,买盘
753,13:49:51,10.01,0.01,5,5005,买盘
754,13:49:48,10.0,--,35,35000,卖盘
755,13:49:45,10.0,--,5,5000,卖盘
756,13:49:33,10.0,-0.01,10,10000,卖盘
757,13:49:30,10.01,--,82,82082,买盘
758,13:49:15,10.01,0.01,57,57057,买盘
759,13:49:09,10.0,--,16,16270,卖盘
760,13:49:06,10.0,--,25,25460,卖盘
761,13:48:54,10.0,-0.01,5,5000,卖盘
762,13:48:51,10.01,--,44,44044,买盘
763,13:48:48,10.01,0.01,8,8008,买盘
764,13:48:30,10.0,--,2,2000,卖盘
765,13:48:24,10.0,--,8,8000,卖盘
766,13:48:15,10.0,--,3,3000,买盘
767,13:48:12,10.0,0.01,19,19430,中性盘
768,13:48:09,9.99,--,78,77922,卖盘
769,13:48:06,9.99,-0.02,29,29270,卖盘
770,13:48:03,10.01,0.01,8,8008,买盘
771,13:48:00,10.0,0.01,20,20000,买盘
772,13:47:57,9.99,-0.01,1,999,卖盘
773,13:47:51,10.0,--,10,10000,买盘
774,13:47:48,10.0,--,15,15000,买盘
775,13:47:45,10.0,--,34,34220,卖盘
776,13:47:42,10.0,--,50,50000,卖盘
777,13:47:39,10.0,-0.01,52,52000,卖盘
778,13:47:30,10.01,--,200,200200,买盘
779,13:47:24,10.01,--,54,54054,买盘
780,13:47:21,10.01,0.01,200,200200,买盘
781,13:47:06,10.0,--,15,15900,卖盘
782,13:47:03,10.0,--,26,26830,卖盘
783,13:47:00,10.0,--,87,87050,买盘
784,13:46:57,10.0,--,47,47000,买盘
785,13:46:54,10.0,--,10,10000,买盘
786,13:46:48,10.0,0.01,304,304000,买盘
787,13:46:36,9.99,--,27,26973,卖盘
788,13:46:24,9.99,-0.01,5,4995,卖盘
789,13:46:21,10.0,0.01,3,3000,买盘
790,13:46:12,9.99,--,10,9990,卖盘
791,13:46:06,9.99,--,15,15554,卖盘
792,13:46:03,9.99,--,64,64095,卖盘
793,13:45:57,9.99,-0.01,40,39960,卖盘
794,13:45:48,10.0,--,47,47000,买盘
795,13:45:45,10.0,--,22,22000,买盘
796,13:45:30,10.0,--,10,10000,买盘
797,13:45:27,10.0,--,1200,1200000,买盘
798,13:45:21,10.0,0.01,47,47000,买盘
799,13:45:18,9.99,-0.01,50,49950,卖盘
800,13:45:09,10.0,--,4,4000,买盘
801,13:45:06,10.0,--,94,94700,买盘
802,13:45:03,10.0,--,3,3000,买盘
803,13:45:00,10.0,--,36,36030,买盘
804,13:44:57,10.0,--,118,118000,买盘
805,13:44:48,10.0,--,12,12000,买盘
806,13:44:33,10.0,--,44,44000,买盘
807,13:44:30,10.0,0.01,17,17000,买盘
808,13:44:18,9.99,--,1,999,卖盘
809,13:44:09,9.99,--,25,24975,卖盘
810,13:44:03,9.99,-0.01,11,11758,卖盘
811,13:44:00,10.0,0.01,25,25000,买盘
812,13:43:57,9.99,-0.01,54,54905,卖盘
813,13:43:54,10.0,--,4,4000,买盘
814,13:43:51,10.0,--,68,68000,买盘
815,13:43:48,10.0,--,5,5000,买盘
816,13:43:45,10.0,0.01,2,2000,买盘
817,13:43:30,9.99,--,31,30969,卖盘
818,13:43:21,9.99,-0.01,15,14985,卖盘
819,13:43:15,10.0,0.01,52,52000,买盘
820,13:43:12,9.99,-0.01,19,18981,卖盘
821,13:43:09,10.0,0.01,52,52000,买盘
822,13:43:00,9.99,-0.01,41,41688,卖盘
823,13:42:48,10.0,0.01,4,4000,买盘
824,13:42:42,9.99,--,10,9990,卖盘
825,13:42:36,9.99,--,34,33966,买盘
826,13:42:30,9.99,0.01,12,11988,买盘
827,13:42:27,9.98,--,10,9980,卖盘
828,13:42:06,9.98,-0.02,1,998,卖盘
829,13:42:03,10.0,0.02,42,42000,买盘
830,13:42:00,9.98,--,44,44171,卖盘
831,13:41:57,9.98,-0.01,26,26417,卖盘
832,13:41:54,9.99,--,38,37962,买盘
833,13:41:51,9.99,--,29,28971,买盘
834,13:41:48,9.99,0.01,105,104895,买盘
835,13:41:42,9.98,--,1,998,卖盘
836,13:41:36,9.98,-0.01,11,10978,卖盘
837,13:41:30,9.99,0.01,21,20979,买盘
838,13:41:27,9.98,-0.01,10,9980,卖盘
839,13:41:24,9.99,--,11,10989,买盘
840,13:41:21,9.99,0.01,30,29970,买盘
841,13:41:18,9.98,-0.01,9,9481,卖盘
842,13:41:00,9.99,0.01,2,1998,买盘
843,13:40:57,9.98,--,12,12634,卖盘
844,13:40:54,9.98,-0.01,34,34001,卖盘
845,13:40:51,9.99,--,43,42957,买盘
846,13:40:48,9.99,0.01,5,4995,买盘
847,13:40:42,9.98,-0.01,10,9980,卖盘
848,13:40:39,9.99,--,253,252747,买盘
849,13:40:36,9.99,--,40,39960,买盘
850,13:40:30,9.99,0.01,2,1998,买盘
851,13:40:21,9.98,--,5,4990,卖盘
852,13:40:18,9.98,-0.01,100,99800,卖盘
853,13:40:09,9.99,--,40,39960,买盘
854,13:40:06,9.99,--,105,105854,卖盘
855,13:40:03,9.99,--,58,57981,买盘
856,13:40:00,9.99,--,13,12987,买盘
857,13:39:57,9.99,--,48,48181,买盘
858,13:39:54,9.99,--,172,172327,买盘
859,13:39:48,9.99,--,5,4995,买盘
860,13:39:45,9.99,--,20,19980,买盘
861,13:39:39,9.99,--,44,43956,买盘
862,13:39:36,9.99,0.01,14,13986,买盘
863,13:39:24,9.98,-0.01,8,7984,卖盘
864,13:39:18,9.99,--,50,49950,买盘
865,13:39:15,9.99,--,10,9990,买盘
866,13:39:09,9.99,0.01,5,4995,买盘
867,13:38:54,9.98,--,24,24411,卖盘
868,13:38:51,9.98,-0.02,164,163901,卖盘
869,13:38:48,10.0,0.01,87,87000,买盘
870,13:38:33,9.99,--,15,15024,买盘
871,13:38:27,9.99,--,20,19980,买盘
872,13:38:24,9.99,--,44,43956,买盘
873,13:38:21,9.99,-0.01,207,207062,卖盘
874,13:38:06,10.0,--,11,11000,买盘
875,13:37:54,10.0,--,33,33220,买盘
876,13:37:48,10.0,--,30,30510,买盘
877,13:37:45,10.0,--,9,9000,买盘
878,13:37:36,10.0,0.01,10,10000,买盘
879,13:37:33,9.99,-0.01,5,4995,卖盘
880,13:37:30,10.0,0.01,11,11000,买盘
881,13:37:18,9.99,--,16,15984,卖盘
882,13:37:15,9.99,--,1,999,卖盘
883,13:37:12,9.99,--,9,8991,买盘
884,13:37:09,9.99,--,92,91908,买盘
885,13:37:03,9.99,--,51,50949,买盘
886,13:37:00,9.99,0.01,3,2997,卖盘
887,13:36:51,9.98,-0.01,15,15109,卖盘
888,13:36:48,9.99,--,31,31558,卖盘
889,13:36:45,9.99,--,9,8991,卖盘
890,13:36:39,9.99,--,3,2997,卖盘
891,13:36:21,9.99,--,8,7992,卖盘
892,13:36:15,9.99,0.01,3,2997,中性盘
893,13:36:00,9.98,-0.02,3,2994,卖盘
894,13:35:51,10.0,0.02,51,51000,买盘
895,13:35:48,9.98,--,96,96536,卖盘
896,13:35:42,9.98,--,60,59880,卖盘
897,13:35:39,9.98,--,13,12974,卖盘
898,13:35:33,9.98,--,20,19960,卖盘
899,13:35:21,9.98,-0.01,21,20958,卖盘
900,13:35:15,9.99,0.01,1,999,买盘
901,13:35:09,9.98,-0.01,397,396206,卖盘
902,13:35:00,9.99,--,9,8991,买盘
903,13:34:54,9.99,--,10,9990,买盘
904,13:34:51,9.99,0.01,10,9990,中性盘
905,13:34:48,9.98,-0.02,45,45638,卖盘
906,13:34:39,10.0,--,43,43000,买盘
907,13:34:36,10.0,0.02,53,53000,买盘
908,13:34:21,9.98,-0.01,220,220128,卖盘
909,13:34:00,9.99,--,53,52947,卖盘
910,13:33:54,9.99,--,1,999,卖盘
911,13:33:48,9.99,--,21,21148,卖盘
912,13:33:45,9.99,--,25,25534,卖盘
913,13:33:42,9.99,--,15,14985,卖盘
914,13:33:39,9.99,-0.01,100,99900,卖盘
915,13:33:33,10.0,--,42,42000,买盘
916,13:33:30,10.0,0.01,11,11000,买盘
917,13:33:18,9.99,--,91,90909,买盘
918,13:33:15,9.99,--,10,9990,买盘
919,13:33:12,9.99,0.01,50,49950,买盘
920,13:33:09,9.98,-0.01,11,10978,卖盘
921,13:33:06,9.99,--,102,101898,买盘
922,13:33:03,9.99,--,10,9990,买盘
923,13:33:00,9.99,--,703,702297,买盘
924,13:32:57,9.99,--,5,4995,买盘
925,13:32:54,9.99,--,16,15984,买盘
926,13:32:51,9.99,--,2,1998,买盘
927,13:32:48,9.99,--,8,7992,买盘
928,13:32:45,9.99,0.01,19,19560,买盘
929,13:32:42,9.98,-0.01,26,26097,卖盘
930,13:32:36,9.99,--,2,1998,买盘
931,13:32:33,9.99,0.01,17,16983,买盘
932,13:32:30,9.98,-0.01,50,49900,卖盘
933,13:32:27,9.99,--,41,40959,买盘
934,13:32:24,9.99,--,51,50949,买盘
935,13:32:21,9.99,--,57,56943,买盘
936,13:32:18,9.99,--,4,3996,买盘
937,13:32:15,9.99,--,2,1998,买盘
938,13:32:09,9.99,--,15,14985,买盘
939,13:32:03,9.99,--,10,9990,买盘
940,13:31:48,9.99,--,20,19980,买盘
941,13:31:45,9.99,--,31,31768,买盘
942,13:31:42,9.99,--,66,65934,买盘
943,13:31:39,9.99,--,72,72857,买盘
944,13:31:36,9.99,--,17,16983,买盘
945,13:31:27,9.99,--,12,11988,买盘
946,13:31:24,9.99,--,44,43956,买盘
947,13:31:21,9.99,--,82,81918,买盘
948,13:31:12,9.99,--,6,5994,买盘
949,13:31:09,9.99,-0.01,108,107892,卖盘
950,13:31:06,10.0,0.01,50,50000,买盘
951,13:31:03,9.99,-0.01,4,3996,卖盘
952,13:31:00,10.0,0.02,100,100000,买盘
953,13:30:57,9.98,-0.02,27,26946,卖盘
954,13:30:48,10.0,--,6,6000,买盘
955,13:30:45,10.0,--,15,15940,买盘
956,13:30:39,10.0,0.01,40,40790,买盘
957,13:30:33,9.99,-0.01,7,6993,卖盘
958,13:30:21,10.0,0.01,51,51000,买盘
959,13:30:18,9.99,0.01,3,2997,中性盘
960,13:30:03,9.98,--,6,5988,卖盘
961,13:29:57,9.98,--,50,49900,卖盘
962,13:29:54,9.98,--,27,26946,卖盘
963,13:29:48,9.98,--,5,4990,卖盘
964,13:29:42,9.98,--,13,13223,卖盘
965,13:29:39,9.98,--,28,28423,卖盘
966,13:29:36,9.98,--,52,52035,买盘
967,13:29:30,9.98,--,30,29940,买盘
968,13:29:21,9.98,--,9,8982,买盘
969,13:29:18,9.98,--,202,201596,买盘
970,13:29:15,9.98,0.01,34,33932,买盘
971,13:29:12,9.97,-0.01,200,199400,卖盘
972,13:29:09,9.98,--,80,79840,买盘
973,13:29:06,9.98,--,20,19960,买盘
974,13:29:03,9.98,--,62,62734,卖盘
975,13:28:57,9.98,-0.02,100,99800,卖盘
976,13:28:54,10.0,0.02,43,43000,买盘
977,13:28:51,9.98,--,27,26946,卖盘
978,13:28:45,9.98,--,300,299400,卖盘
979,13:28:39,9.98,0.01,281,281356,买盘
980,13:28:36,9.97,-0.01,28,28863,卖盘
981,13:28:33,9.98,0.01,27,26946,买盘
982,13:28:30,9.97,--,50,49850,卖盘
983,13:28:27,9.97,-0.01,5,4985,卖盘
984,13:28:24,9.98,--,2,1996,买盘
985,13:28:18,9.98,--,15,14970,买盘
986,13:28:15,9.98,--,10,9980,买盘
987,13:28:12,9.98,-0.01,701,700456,卖盘
988,13:28:09,9.99,0.01,2,2727,买盘
989,13:27:57,9.98,--,13,12974,卖盘
990,13:27:48,9.98,--,27,26946,卖盘
991,13:27:39,9.98,-0.01,26,26047,卖盘
992,13:27:36,9.99,0.01,50,49950,买盘
993,13:27:33,9.98,-0.01,25,25578,卖盘
994,13:27:27,9.99,--,42,41958,买盘
995,13:27:24,9.99,--,177,177092,卖盘
996,13:27:09,9.99,--,1,999,卖盘
997,13:26:45,9.99,-0.01,27,26973,卖盘
998,13:26:42,10.0,0.01,1,1000,卖盘
999,13:26:36,9.99,--,12,11997,卖盘
1000,13:26:33,9.99,-0.02,29,29690,卖盘
1001,13:26:27,10.01,0.01,5,5005,买盘
1002,13:26:21,10.0,0.02,5,5000,买盘
1003,13:26:15,9.98,-0.01,2000,1996000,卖盘
1004,13:26:12,9.99,--,115,114994,买盘
1005,13:26:09,9.99,--,1,999,买盘
1006,13:26:03,9.99,--,72,71928,买盘
1007,13:26:00,9.99,--,321,320679,买盘
1008,13:25:54,9.99,--,13,12987,买盘
1009,13:25:51,9.99,--,103,102897,买盘
1010,13:25:48,9.99,--,50,49950,买盘
1011,13:25:45,9.99,--,334,334555,卖盘
1012,13:25:42,9.99,-0.02,26,25974,卖盘
1013,13:25:36,10.01,0.02,64,64654,买盘
1014,13:25:30,9.99,-0.02,27,27112,卖盘
1015,13:25:27,10.01,0.02,2,2002,买盘
1016,13:25:24,9.99,-0.01,1000,999000,卖盘
1017,13:25:21,10.0,--,1,1000,卖盘
1018,13:25:15,10.0,--,48,48000,买盘
1019,13:25:12,10.0,--,32,32000,买盘
1020,13:25:09,10.0,--,2,2000,买盘
1021,13:25:03,10.0,--,6,6000,买盘
1022,13:25:00,10.0,0.01,20,20000,买盘
1023,13:24:57,9.99,--,50,49950,卖盘
1024,13:24:39,9.99,-0.01,27,26973,卖盘
1025,13:24:36,10.0,0.01,41,41000,买盘
1026,13:24:33,9.99,--,27,27252,卖盘
1027,13:24:30,9.99,-0.01,30,30419,卖盘
1028,13:24:24,10.0,--,9,9000,买盘
1029,13:24:21,10.0,0.01,18,18000,买盘
1030,13:24:15,9.99,-0.01,5,4995,卖盘
1031,13:24:00,10.0,0.01,5,5000,买盘
1032,13:23:36,9.99,-0.01,27,26973,卖盘
1033,13:23:33,10.0,0.01,32,32500,买盘
1034,13:23:30,9.99,-0.01,29,29200,卖盘
1035,13:23:21,10.0,--,60,60000,买盘
1036,13:23:12,10.0,--,1,1000,买盘
1037,13:23:09,10.0,--,2,2000,买盘
1038,13:23:03,10.0,-0.01,41,41000,卖盘
1039,13:22:57,10.01,--,45,45045,买盘
1040,13:22:54,10.01,0.01,48,48048,买盘
1041,13:22:48,10.0,--,21,21000,卖盘
1042,13:22:42,10.0,--,8,8000,卖盘
1043,13:22:33,10.0,--,30,30000,卖盘
1044,13:22:30,10.0,--,14,14770,卖盘
1045,13:22:27,10.0,--,26,26960,卖盘
1046,13:21:30,10.0,--,143,143600,卖盘
1047,13:21:27,10.0,-0.01,45,45130,卖盘
1048,13:21:21,10.01,0.01,141,141141,买盘
1049,13:21:18,10.0,--,5,5000,卖盘
1050,13:21:15,10.0,--,16,16000,卖盘
1051,13:21:06,10.0,--,9,9000,卖盘
1052,13:20:36,10.0,0.01,1,1000,中性盘
1053,13:20:27,9.99,--,38,38631,卖盘
1054,13:20:24,9.99,-0.01,30,30029,卖盘
1055,13:20:18,10.0,-0.01,5,5000,卖盘
1056,13:20:15,10.01,0.01,7,7007,买盘
1057,13:20:06,10.0,-0.01,200,200000,卖盘
1058,13:20:03,10.01,--,50,50050,买盘
1059,13:20:00,10.01,--,6,6006,买盘
1060,13:19:27,10.01,--,19,19459,卖盘
1061,13:19:24,10.01,--,27,27027,卖盘
1062,13:19:21,10.01,-0.01,24,24854,卖盘
1063,13:18:39,10.02,0.01,9,9018,买盘
1064,13:18:36,10.01,--,2,2002,卖盘
1065,13:18:24,10.01,--,12,12402,卖盘
1066,13:18:21,10.01,--,56,56396,卖盘
1067,13:18:18,10.01,--,3,3003,卖盘
1068,13:18:12,10.01,-0.01,36,36036,中性盘
1069,13:18:06,10.02,--,44,44088,买盘
1070,13:18:03,10.02,0.02,13,13026,买盘
1071,13:17:48,10.0,--,5,5000,卖盘
1072,13:17:45,10.0,--,5,5000,卖盘
1073,13:17:42,10.0,--,100,100000,卖盘
1074,13:17:33,10.0,--,5,5000,卖盘
1075,13:17:21,10.0,-0.01,15,15080,卖盘
1076,13:17:18,10.01,-0.01,31,31681,卖盘
1077,13:16:57,10.02,0.01,55,55110,买盘
1078,13:16:51,10.01,--,10,10010,卖盘
1079,13:16:42,10.01,--,8,8008,买盘
1080,13:16:39,10.01,0.01,16,16016,买盘
1081,13:16:21,10.0,-0.01,13,13200,卖盘
1082,13:16:18,10.01,0.01,41,41041,买盘
1083,13:16:15,10.0,-0.01,28,28530,卖盘
1084,13:16:12,10.01,--,4,4004,买盘
1085,13:16:09,10.01,--,2,2002,买盘
1086,13:15:51,10.01,--,11,11011,买盘
1087,13:15:39,10.01,--,26,26026,买盘
1088,13:15:33,10.01,--,40,40040,买盘
1089,13:15:30,10.01,0.01,30,30030,买盘
1090,13:15:21,10.0,--,13,13580,卖盘
1091,13:15:15,10.0,--,34,34150,卖盘
1092,13:15:12,10.0,--,1,1000,卖盘
1093,13:15:00,10.0,0.01,153,153000,买盘
1094,13:14:54,9.99,-0.01,2,1998,卖盘
1095,13:14:51,10.0,--,1,1000,买盘
1096,13:14:45,10.0,--,3,3000,买盘
1097,13:14:42,10.0,0.01,43,43000,买盘
1098,13:14:39,9.99,-0.01,6,5994,卖盘
1099,13:14:24,10.0,0.01,1,1000,买盘
1100,13:14:18,9.99,--,19,19830,卖盘
1101,13:14:15,9.99,--,26,26853,卖盘
1102,13:13:51,9.99,-0.01,5,4995,卖盘
1103,13:13:36,10.0,--,100,100000,买盘
1104,13:13:33,10.0,0.01,24,24000,买盘
1105,13:13:21,9.99,--,10,9990,卖盘
1106,13:13:18,9.99,--,12,12927,卖盘
1107,13:13:12,9.99,-0.01,28,28761,卖盘
1108,13:12:57,10.0,--,44,44000,买盘
1109,13:12:54,10.0,0.01,18,18000,买盘
1110,13:12:36,9.99,-0.01,5,4995,卖盘
1111,13:12:30,10.0,0.02,4,4000,买盘
1112,13:12:15,9.98,-0.01,512,511335,卖盘
1113,13:12:09,9.99,-0.01,29,29340,卖盘
1114,13:12:06,10.0,0.01,2,2000,买盘
1115,13:12:03,9.99,-0.01,1,999,卖盘
1116,13:11:51,10.0,--,3,3000,买盘
1117,13:11:36,10.0,--,1,1000,买盘
1118,13:11:30,10.0,--,2,2000,买盘
1119,13:11:21,10.0,--,4,4000,买盘
1120,13:11:15,10.0,0.01,10,10000,买盘
1121,13:11:12,9.99,--,12,12727,卖盘
1122,13:11:09,9.99,-0.01,36,36953,卖盘
1123,13:11:03,10.0,--,42,42000,买盘
1124,13:11:00,10.0,--,3,3000,买盘
1125,13:10:51,10.0,0.01,30,30000,买盘
1126,13:10:39,9.99,--,5,4995,卖盘
1127,13:10:12,9.99,--,33,33016,卖盘
1128,13:10:09,9.99,--,26,26653,卖盘
1129,13:09:57,9.99,--,1,999,卖盘
1130,13:09:54,9.99,--,239,238761,卖盘
1131,13:09:18,9.99,-0.01,99,98901,卖盘
1132,13:09:15,10.0,--,10,10000,买盘
1133,13:09:12,10.0,0.01,3,3000,买盘
1134,13:09:09,9.99,--,34,34435,卖盘
1135,13:09:06,9.99,--,27,27232,卖盘
1136,13:08:51,9.99,-0.01,50,49950,卖盘
1137,13:08:39,10.0,0.01,10,10000,买盘
1138,13:08:33,9.99,--,150,149850,卖盘
1139,13:08:27,9.99,--,150,149850,卖盘
1140,13:08:21,9.99,-0.01,150,149850,卖盘
1141,13:08:15,10.0,--,2,2000,买盘
1142,13:08:12,10.0,--,3,3000,买盘
1143,13:08:09,10.0,--,215,215280,买盘
1144,13:08:06,10.0,--,31,31450,买盘
1145,13:07:51,10.0,0.01,44,44000,买盘
1146,13:07:48,9.99,-0.01,1,999,卖盘
1147,13:07:21,10.0,0.01,50,50000,买盘
1148,13:07:06,9.99,--,30,30959,卖盘
1149,13:07:03,9.99,0.01,25,25714,卖盘
1150,13:06:51,9.98,--,300,299400,卖盘
1151,13:06:48,9.98,--,105,104790,卖盘
1152,13:06:45,9.98,-0.02,450,449100,卖盘
1153,13:06:39,10.0,--,119,119000,卖盘
1154,13:06:36,10.0,-0.01,50,50000,卖盘
1155,13:06:27,10.01,--,22,22022,买盘
1156,13:06:24,10.01,0.01,9,9009,卖盘
1157,13:06:06,10.0,--,12,12160,卖盘
1158,13:06:03,10.0,-0.02,29,29570,卖盘
1159,13:05:51,10.02,0.01,43,43086,买盘
1160,13:05:48,10.01,--,1,1001,买盘
1161,13:05:39,10.01,--,2,2002,买盘
1162,13:05:36,10.01,-0.01,7,7007,买盘
1163,13:05:24,10.02,0.02,18,18036,买盘
1164,13:05:18,10.0,--,1,1000,卖盘
1165,13:05:15,10.0,0.01,38,38730,买盘
1166,13:05:06,9.99,-0.01,12,12717,卖盘
1167,13:05:03,10.0,0.01,5,5000,买盘
1168,13:05:00,9.99,-0.01,38,37962,卖盘
1169,13:04:54,10.0,--,3,3000,买盘
1170,13:04:42,10.0,--,3,3000,买盘
1171,13:04:30,10.0,-0.02,14,14270,卖盘
1172,13:04:27,10.02,0.02,44,44088,买盘
1173,13:04:24,10.0,0.01,0,730,买盘
1174,13:04:03,9.99,--,12,12107,卖盘
1175,13:04:00,9.99,--,29,29580,卖盘
1176,13:03:39,9.99,--,300,299700,卖盘
1177,13:03:33,9.99,--,5,4995,卖盘
1178,13:03:30,9.99,-0.01,64,63936,卖盘
1179,13:03:03,10.0,0.01,53,53480,买盘
1180,13:03:00,9.99,-0.01,29,29220,卖盘
1181,13:02:57,10.0,--,10,10000,买盘
1182,13:02:51,10.0,--,2,2000,买盘
1183,13:02:45,10.0,--,3,3000,买盘
1184,13:02:42,10.0,--,4,4000,买盘
1185,13:02:27,10.0,--,1,1000,买盘
1186,13:02:21,10.0,-0.02,57,57270,卖盘
1187,13:02:12,10.02,0.02,13,13026,买盘
1188,13:02:00,10.0,-0.01,14,14380,卖盘
1189,13:01:57,10.01,--,33,33383,买盘
1190,13:01:51,10.01,--,41,41041,买盘
1191,13:01:48,10.01,--,9,9009,买盘
1192,13:01:39,10.01,0.02,5,5005,买盘
1193,13:01:36,9.99,-0.01,11,10989,卖盘
1194,13:01:30,10.0,--,9,9000,买盘
1195,13:01:24,10.0,--,2,2000,买盘
1196,13:01:09,10.0,--,6,6000,买盘
1197,13:01:06,10.0,--,30,30000,买盘
1198,13:01:00,10.0,--,60,60000,卖盘
1199,13:00:48,10.0,-0.01,24,24000,卖盘
1200,13:00:45,10.01,--,48,48048,买盘
1201,13:00:42,10.01,--,3,3003,买盘
1202,13:00:24,10.01,0.01,2,2002,买盘
1203,13:00:12,10.0,--,30,30000,卖盘
1204,13:00:09,10.0,--,4,4000,卖盘
1205,13:00:03,10.0,0.01,471,471000,买盘
1206,13:00:00,9.99,--,120,119880,卖盘
1207,11:30:00,9.99,--,0,0,卖盘
1208,11:29:48,9.99,--,41,40968,买盘
1209,11:29:42,9.99,--,1,999,买盘
1210,11:29:39,9.99,--,87,87902,卖盘
1211,11:29:18,9.99,--,10,9990,卖盘
1212,11:29:12,9.99,--,20,19989,买盘
1213,11:29:06,9.99,--,43,42957,买盘
1214,11:29:03,9.99,--,232,231768,买盘
1215,11:28:54,9.99,-0.01,321,321668,卖盘
1216,11:28:42,10.0,0.01,10,10000,买盘
1217,11:28:39,9.99,--,16,15984,卖盘
1218,11:28:36,9.99,--,40,39960,卖盘
1219,11:28:09,9.99,-0.01,30,29970,卖盘
1220,11:27:54,10.0,--,50,50000,买盘
1221,11:27:27,10.0,--,26,26000,买盘
1222,11:27:24,10.0,0.01,44,44000,买盘
1223,11:27:21,9.99,--,111,110889,卖盘
1224,11:27:12,9.99,--,10,9990,卖盘
1225,11:27:03,9.99,--,3,2997,卖盘
1226,11:26:36,9.99,--,91,90909,卖盘
1227,11:26:33,9.99,--,21,20988,买盘
1228,11:26:27,9.99,--,8,7992,买盘
1229,11:26:24,9.99,--,11,10989,买盘
1230,11:26:21,9.99,--,15,14985,买盘
1231,11:26:18,9.99,--,25,24975,买盘
1232,11:26:15,9.99,--,10,9990,买盘
1233,11:26:12,9.99,--,134,133866,买盘
1234,11:26:09,9.99,--,5,4995,买盘
1235,11:26:00,9.99,--,15,14985,买盘
1236,11:25:57,9.99,--,162,162827,卖盘
1237,11:25:51,9.99,--,2,1998,卖盘
1238,11:25:48,9.99,-0.01,300,299700,卖盘
1239,11:25:45,10.0,--,55,55000,买盘
1240,11:25:42,10.0,--,43,43000,买盘
1241,11:25:39,10.0,--,10,10000,买盘
1242,11:25:30,10.0,--,10,10000,买盘
1243,11:25:24,10.0,-0.01,14,14000,买盘
1244,11:25:12,10.01,0.01,10,10010,买盘
1245,11:25:09,10.0,--,11,11000,买盘
1246,11:25:06,10.0,--,13,13900,卖盘
1247,11:24:57,10.0,--,100,100000,卖盘
1248,11:24:54,10.0,-0.01,400,400000,卖盘
1249,11:24:51,10.01,--,1,1001,买盘
1250,11:24:48,10.01,--,7,7007,买盘
1251,11:24:39,10.01,0.01,24,24024,买盘
1252,11:24:30,10.0,--,51,51000,卖盘
1253,11:24:24,10.0,--,5,5000,卖盘
1254,11:24:21,10.0,-0.01,4,4000,卖盘
1255,11:24:12,10.01,--,2,2002,买盘
1256,11:24:06,10.01,--,20,20020,买盘
1257,11:24:03,10.01,0.01,35,35035,买盘
1258,11:24:00,10.0,-0.01,19,19000,卖盘
1259,11:23:54,10.01,--,92,92092,买盘
1260,11:23:51,10.01,--,10,10010,买盘
1261,11:23:45,10.01,0.01,6,6006,买盘
1262,11:23:36,10.0,--,40,40000,卖盘
1263,11:23:30,10.0,-0.01,216,216000,卖盘
1264,11:23:21,10.01,0.01,1,1001,买盘
1265,11:23:12,10.0,-0.01,23,23000,卖盘
1266,11:23:09,10.01,0.01,2,2002,买盘
1267,11:23:03,10.0,--,21,21000,卖盘
1268,11:23:00,10.0,-0.01,5,5000,卖盘
1269,11:22:57,10.01,--,5,5005,买盘
1270,11:22:54,10.01,--,24,24024,买盘
1271,11:22:51,10.01,--,2,2002,买盘
1272,11:22:48,10.01,0.01,2,2002,买盘
1273,11:22:45,10.0,-0.01,350,350000,卖盘
1274,11:22:39,10.01,--,9,9009,买盘
1275,11:22:36,10.01,0.01,2,2002,买盘
1276,11:22:27,10.0,-0.01,62,62000,卖盘
1277,11:22:24,10.01,--,12,12012,买盘
1278,11:22:18,10.01,--,10,10010,买盘
1279,11:22:15,10.01,--,14,14014,买盘
1280,11:22:12,10.01,--,3,3003,买盘
1281,11:22:09,10.01,--,26,26026,买盘
1282,11:22:06,10.01,--,1,1001,买盘
1283,11:21:54,10.01,--,120,120120,买盘
1284,11:21:45,10.01,--,2,2002,买盘
1285,11:21:39,10.01,--,149,149149,买盘
1286,11:21:36,10.01,0.01,9,9009,买盘
1287,11:21:33,10.0,-0.01,1,1000,卖盘
1288,11:21:30,10.01,--,10,10010,买盘
1289,11:21:27,10.01,0.01,1,1001,买盘
1290,11:21:21,10.0,--,83,83000,卖盘
1291,11:21:18,10.0,--,104,104000,卖盘
1292,11:21:12,10.0,--,148,148000,卖盘
1293,11:21:09,10.0,-0.01,61,61000,卖盘
1294,11:21:06,10.01,--,2,2002,买盘
1295,11:21:00,10.01,--,166,166166,买盘
1296,11:20:57,10.01,0.01,3,3003,买盘
1297,11:20:54,10.0,--,20,20000,卖盘
1298,11:20:48,10.0,-0.01,102,102000,卖盘
1299,11:20:45,10.01,--,9,9009,买盘
1300,11:20:42,10.01,--,2,2002,买盘
1301,11:20:39,10.01,--,8,8008,买盘
1302,11:20:36,10.01,0.01,5,5005,买盘
1303,11:20:27,10.0,-0.01,21,21000,卖盘
1304,11:20:21,10.01,--,72,72072,买盘
1305,11:20:18,10.01,--,5,5005,买盘
1306,11:20:15,10.01,--,2,2002,买盘
1307,11:20:12,10.01,--,29,29029,买盘
1308,11:20:03,10.01,--,2,2002,买盘
1309,11:20:00,10.01,--,8,8008,买盘
1310,11:19:54,10.01,--,1,1001,买盘
1311,11:19:51,10.01,--,2,2002,买盘
1312,11:19:39,10.01,-0.01,25,25025,中性盘
1313,11:19:36,10.02,0.01,5,5010,买盘
1314,11:19:30,10.01,--,102,102102,买盘
1315,11:19:24,10.01,0.01,19,19019,买盘
1316,11:19:18,10.0,-0.01,3,3100,卖盘
1317,11:19:12,10.01,--,10,10010,买盘
1318,11:19:09,10.01,--,1,1001,买盘
1319,11:19:03,10.01,--,95,95095,卖盘
1320,11:18:54,10.01,--,35,35035,卖盘
1321,11:18:51,10.01,-0.01,5,5005,中性盘
1322,11:18:45,10.02,0.01,2,2004,买盘
1323,11:18:39,10.01,--,8,8008,买盘
1324,11:18:36,10.01,--,1,1001,买盘
1325,11:18:27,10.01,--,10,10010,中性盘
1326,11:18:24,10.01,--,2,2002,买盘
1327,11:18:15,10.01,0.01,2,2002,买盘
1328,11:18:12,10.0,-0.01,300,300000,卖盘
1329,11:18:00,10.01,--,2,2002,买盘
1330,11:17:57,10.01,--,10,10010,买盘
1331,11:17:51,10.01,--,1,1001,买盘
1332,11:17:45,10.01,--,10,10010,买盘
1333,11:17:42,10.01,--,5,5005,买盘
1334,11:17:39,10.01,--,4,4004,买盘
1335,11:17:30,10.01,--,26,26026,买盘
1336,11:17:27,10.01,--,2,2002,买盘
1337,11:17:18,10.01,--,1,1001,买盘
1338,11:17:15,10.01,--,46,46046,买盘
1339,11:17:12,10.01,--,1,1001,买盘
1340,11:17:09,10.01,--,10,10010,买盘
1341,11:17:06,10.01,--,332,332332,卖盘
1342,11:16:54,10.01,-0.01,3,3003,卖盘
1343,11:16:51,10.02,--,1,1002,买盘
1344,11:16:42,10.02,0.01,17,17034,买盘
1345,11:16:39,10.01,-0.01,6,6006,卖盘
1346,11:16:36,10.02,--,221,221442,买盘
1347,11:16:24,10.02,0.01,2,2004,买盘
1348,11:16:21,10.01,-0.01,53,53053,卖盘
1349,11:16:12,10.02,0.01,2,2004,买盘
1350,11:16:09,10.01,-0.01,23,23023,卖盘
1351,11:16:06,10.02,--,6,6012,买盘
1352,11:16:00,10.02,--,3,3006,买盘
1353,11:15:54,10.02,--,1,1002,买盘
1354,11:15:51,10.02,0.01,2,2004,买盘
1355,11:15:39,10.01,-0.01,10,10010,卖盘
1356,11:15:36,10.02,0.01,105,105210,买盘
1357,11:15:30,10.01,-0.01,300,300300,卖盘
1358,11:15:27,10.02,0.01,2,2004,买盘
1359,11:15:24,10.01,-0.01,10,10010,卖盘
1360,11:15:21,10.02,--,6,6012,买盘
1361,11:15:15,10.02,--,11,11022,买盘
1362,11:15:06,10.02,--,3,3006,买盘
1363,11:15:03,10.02,0.01,10,10020,买盘
1364,11:14:54,10.01,-0.01,11,11011,卖盘
1365,11:14:51,10.02,0.01,70,70140,买盘
1366,11:14:48,10.01,--,200,200200,卖盘
1367,11:14:45,10.01,-0.01,200,200200,卖盘
1368,11:14:42,10.02,0.01,2,2004,买盘
1369,11:14:39,10.01,-0.01,5,5005,卖盘
1370,11:14:36,10.02,0.01,5,5010,买盘
1371,11:14:30,10.01,-0.01,32,32032,卖盘
1372,11:14:18,10.02,--,12,12024,买盘
1373,11:14:12,10.02,--,144,144288,买盘
1374,11:14:09,10.02,--,50,50100,买盘
1375,11:14:03,10.02,--,30,30060,买盘
1376,11:14:00,10.02,0.01,11,11022,买盘
1377,11:13:57,10.01,--,85,85085,卖盘
1378,11:13:54,10.01,-0.01,5,5005,卖盘
1379,11:13:51,10.02,--,5,5010,买盘
1380,11:13:48,10.02,--,1,1002,买盘
1381,11:13:42,10.02,--,15,15030,买盘
1382,11:13:36,10.02,--,7,7014,买盘
1383,11:13:30,10.02,--,19,19038,买盘
1384,11:13:21,10.02,--,30,30060,买盘
1385,11:13:12,10.02,-0.01,477,477954,卖盘
1386,11:13:03,10.03,0.01,6,6018,买盘
1387,11:12:42,10.02,-0.01,6,6012,卖盘
1388,11:12:39,10.03,0.01,4,4011,买盘
1389,11:12:36,10.02,-0.01,19,19038,卖盘
1390,11:12:33,10.03,--,36,36108,买盘
1391,11:12:12,10.03,--,26,26078,买盘
1392,11:12:09,10.03,-0.01,43,43129,中性盘
1393,11:11:54,10.04,--,50,50199,买盘
1394,11:11:48,10.04,0.02,43,43171,买盘
1395,11:11:42,10.02,-0.02,10,10020,卖盘
1396,11:11:39,10.04,0.01,5,5020,买盘
1397,11:11:36,10.03,--,45,45135,买盘
1398,11:11:27,10.03,0.01,43,43129,买盘
1399,11:11:24,10.02,--,161,161322,买盘
1400,11:11:21,10.02,--,20,20040,买盘
1401,11:11:15,10.02,--,64,64128,买盘
1402,11:11:09,10.02,0.01,67,67134,买盘
1403,11:10:54,10.01,--,6,6006,卖盘
1404,11:10:48,10.01,-0.01,208,208208,卖盘
1405,11:10:45,10.02,--,1,1002,买盘
1406,11:10:42,10.02,0.01,14,14028,买盘
1407,11:10:39,10.01,-0.01,5,5005,卖盘
1408,11:10:36,10.02,--,5,5010,买盘
1409,11:10:30,10.02,--,36,36072,买盘
1410,11:10:27,10.02,--,2,2004,买盘
1411,11:10:24,10.02,--,6,6012,买盘
1412,11:10:18,10.02,--,11,11022,买盘
1413,11:10:09,10.02,--,50,50100,买盘
1414,11:10:00,10.02,--,12,12024,买盘
1415,11:09:54,10.02,--,7,7014,买盘
1416,11:09:51,10.02,--,50,50100,买盘
1417,11:09:48,10.02,-0.01,571,572142,卖盘
1418,11:09:42,10.03,0.01,1,1002,买盘
1419,11:09:39,10.02,-0.01,43,43086,卖盘
1420,11:09:36,10.03,--,10,10030,买盘
1421,11:09:33,10.03,0.01,35,35105,买盘
1422,11:09:30,10.02,-0.01,26,26052,卖盘
1423,11:09:27,10.03,--,52,52156,买盘
1424,11:09:24,10.03,0.01,52,52156,买盘
1425,11:09:18,10.02,--,82,82164,卖盘
1426,11:09:15,10.02,-0.01,5,5010,卖盘
1427,11:09:09,10.03,--,1,1002,买盘
1428,11:08:51,10.03,0.01,3,3009,买盘
1429,11:08:39,10.02,--,9,9018,卖盘
1430,11:08:27,10.02,--,17,17034,卖盘
1431,11:08:18,10.02,--,51,51102,卖盘
1432,11:08:15,10.02,-0.01,153,153306,卖盘
1433,11:08:09,10.03,--,40,40120,买盘
1434,11:08:06,10.03,--,7,7021,买盘
1435,11:08:00,10.03,--,2,2005,买盘
1436,11:07:54,10.03,0.01,58,58173,买盘
1437,11:07:51,10.02,-0.01,5,5010,卖盘
1438,11:07:48,10.03,--,16,16047,买盘
1439,11:07:45,10.03,0.01,32,32095,买盘
1440,11:07:42,10.02,-0.01,10,10020,卖盘
1441,11:07:39,10.03,--,29,29086,买盘
1442,11:07:27,10.03,--,26,26078,买盘
1443,11:07:24,10.03,0.01,2,2005,买盘
1444,11:07:18,10.02,-0.01,13,13026,卖盘
1445,11:07:15,10.03,--,23,23069,买盘
1446,11:07:12,10.03,0.01,6,6018,买盘
1447,11:07:06,10.02,-0.01,29,29058,卖盘
1448,11:07:03,10.03,--,20,20060,买盘
1449,11:07:00,10.03,--,25,25075,买盘
1450,11:06:57,10.03,--,5,5015,买盘
1451,11:06:42,10.03,--,6,6018,买盘
1452,11:06:39,10.03,--,5,5015,买盘
1453,11:06:12,10.03,--,5,5015,买盘
1454,11:06:09,10.03,0.01,21,21063,买盘
1455,11:05:54,10.02,--,1,1002,卖盘
1456,11:05:48,10.02,-0.01,11,11022,卖盘
1457,11:05:45,10.03,--,99,99297,买盘
1458,11:05:42,10.03,--,21,21063,买盘
1459,11:05:39,10.03,--,261,261782,买盘
1460,11:05:30,10.03,--,2,2005,买盘
1461,11:05:27,10.03,0.01,22,22066,买盘
1462,11:05:24,10.02,-0.01,10,10020,卖盘
1463,11:05:21,10.03,--,3,3009,买盘
1464,11:05:15,10.03,--,4,4011,买盘
1465,11:05:00,10.03,0.01,8,8023,买盘
1466,11:04:57,10.02,--,20,20040,卖盘
1467,11:04:51,10.02,--,30,30060,卖盘
1468,11:04:42,10.02,-0.01,5,5010,卖盘
1469,11:04:36,10.03,0.01,4,4011,买盘
1470,11:04:27,10.02,-0.01,5,5010,卖盘
1471,11:04:24,10.03,--,20,20060,买盘
1472,11:04:09,10.03,--,1,1002,买盘
1473,11:04:03,10.03,--,1,1002,买盘
1474,11:03:57,10.03,0.01,6,6018,买盘
1475,11:03:39,10.02,-0.01,8,8016,卖盘
1476,11:03:36,10.03,0.01,5,5015,买盘
1477,11:03:24,10.02,--,12,12024,卖盘
1478,11:03:21,10.02,--,11,11022,卖盘
1479,11:03:09,10.02,-0.01,52,52104,卖盘
1480,11:03:06,10.03,--,75,75225,买盘
1481,11:03:00,10.03,--,30,30089,买盘
1482,11:02:51,10.03,0.01,6,6018,买盘
1483,11:02:45,10.02,--,20,20040,卖盘
1484,11:02:42,10.02,--,10,10020,卖盘
1485,11:02:39,10.02,-0.01,29,29058,卖盘
1486,11:02:21,10.03,0.01,5,5015,买盘
1487,11:02:12,10.02,--,67,67134,卖盘
1488,11:02:09,10.02,-0.01,202,202404,卖盘
1489,11:01:54,10.03,0.01,52,52156,买盘
1490,11:01:42,10.02,-0.01,5,5010,卖盘
1491,11:01:39,10.03,--,15,15044,买盘
1492,11:01:33,10.03,--,7,7021,买盘
1493,11:01:30,10.03,--,50,50150,买盘
1494,11:01:24,10.03,--,31,31092,买盘
1495,11:01:21,10.03,0.01,40,40120,买盘
1496,11:01:18,10.02,--,5,5010,卖盘
1497,11:01:15,10.02,-0.01,16,16032,卖盘
1498,11:00:45,10.03,0.01,3,3009,买盘
1499,11:00:42,10.02,-0.01,5,5010,卖盘
1500,11:00:39,10.03,--,18,18054,买盘
1501,11:00:36,10.03,--,53,53159,卖盘
1502,11:00:33,10.03,0.01,200,200600,中性盘
1503,11:00:03,10.02,--,15,15030,卖盘
1504,10:59:51,10.02,--,61,61122,卖盘
1505,10:59:48,10.02,--,4,4008,卖盘
1506,10:59:42,10.02,--,15,15030,卖盘
1507,10:59:39,10.02,-0.01,20,20040,卖盘
1508,10:59:36,10.03,--,1,1002,买盘
1509,10:59:33,10.03,--,7,7021,买盘
1510,10:59:30,10.03,--,97,97291,买盘
1511,10:59:27,10.03,--,147,147441,卖盘
1512,10:59:09,10.03,-0.01,106,106318,卖盘
1513,10:59:06,10.04,0.01,1,1003,买盘
1514,10:59:03,10.03,--,2,2005,卖盘
1515,10:59:00,10.03,--,49,49147,卖盘
1516,10:58:57,10.03,--,10,10030,卖盘
1517,10:58:45,10.03,-0.01,50,50150,卖盘
1518,10:58:42,10.04,--,365,366459,买盘
1519,10:58:39,10.04,--,5,5020,买盘
1520,10:58:36,10.04,0.01,2,2007,买盘
1521,10:58:24,10.03,-0.01,6,6018,卖盘
1522,10:58:21,10.04,--,106,106423,买盘
1523,10:58:15,10.04,0.01,12,12047,买盘
1524,10:58:12,10.03,--,150,150450,卖盘
1525,10:58:06,10.03,--,150,150450,卖盘
1526,10:58:00,10.03,--,5,5015,卖盘
1527,10:57:57,10.03,--,127,127380,卖盘
1528,10:57:42,10.03,--,100,100300,卖盘
1529,10:57:39,10.03,-0.01,12,12036,卖盘
1530,10:57:30,10.04,--,6,6023,买盘
1531,10:57:27,10.04,--,229,229915,卖盘
1532,10:57:24,10.04,--,2,2007,卖盘
1533,10:57:21,10.04,-0.01,10,10040,卖盘
1534,10:57:18,10.05,--,3,3015,买盘
1535,10:57:15,10.05,0.01,15,15075,买盘
1536,10:57:06,10.04,--,32,32127,卖盘
1537,10:56:54,10.04,-0.01,33,33132,卖盘
1538,10:56:51,10.05,0.01,6,6030,买盘
1539,10:56:39,10.04,--,9,9036,卖盘
1540,10:56:18,10.04,--,32,32127,卖盘
1541,10:56:15,10.04,--,10,10040,卖盘
1542,10:56:03,10.04,--,111,111443,卖盘
1543,10:55:51,10.04,--,27,27107,卖盘
1544,10:55:39,10.04,-0.01,5,5020,卖盘
1545,10:55:36,10.05,--,5,5025,买盘
1546,10:55:30,10.05,--,2,2010,买盘
1547,10:55:24,10.05,--,8,8040,买盘
1548,10:55:18,10.05,--,10,10050,买盘
1549,10:55:00,10.05,--,15,15075,买盘
1550,10:54:51,10.05,0.01,15,15075,买盘
1551,10:54:48,10.04,-0.01,27,27107,卖盘
1552,10:54:39,10.05,-0.01,38,38190,卖盘
1553,10:54:36,10.06,--,5,5030,买盘
1554,10:54:27,10.06,0.01,10,10060,买盘
1555,10:54:18,10.05,--,80,80400,卖盘
1556,10:54:06,10.05,--,12,12060,卖盘
1557,10:53:45,10.05,--,27,27135,卖盘
1558,10:53:42,10.05,-0.01,5,5025,卖盘
1559,10:53:39,10.06,0.02,5,5030,买盘
1560,10:53:30,10.04,--,201,201803,卖盘
1561,10:53:18,10.04,-0.02,1,1003,卖盘
1562,10:53:15,10.06,0.01,12,12072,买盘
1563,10:53:09,10.05,--,23,23115,买盘
1564,10:52:57,10.05,--,9,9045,买盘
1565,10:52:54,10.05,--,97,97485,买盘
1566,10:52:45,10.05,0.01,7,7035,买盘
1567,10:52:42,10.04,-0.01,32,32127,卖盘
1568,10:52:36,10.05,--,19,19095,买盘
1569,10:52:33,10.05,--,4,4020,买盘
1570,10:52:21,10.05,0.01,5,5025,买盘
1571,10:52:06,10.04,-0.01,10,10040,卖盘
1572,10:52:03,10.05,--,7,7035,买盘
1573,10:51:57,10.05,0.01,23,23115,买盘
1574,10:51:48,10.04,-0.01,12,12047,卖盘
1575,10:51:42,10.05,0.01,31,31155,买盘
1576,10:51:39,10.04,--,37,37148,卖盘
1577,10:51:30,10.04,--,150,150600,卖盘
1578,10:51:27,10.04,--,8,8031,卖盘
1579,10:51:21,10.04,-0.01,31,31123,卖盘
1580,10:51:18,10.05,--,3,3015,买盘
1581,10:51:15,10.05,--,1,1005,买盘
1582,10:51:12,10.05,--,21,21105,买盘
1583,10:50:51,10.05,0.01,1,1005,买盘
1584,10:50:39,10.04,--,17,17068,卖盘
1585,10:50:36,10.04,-0.01,127,127507,卖盘
1586,10:50:24,10.05,--,3,3015,买盘
1587,10:50:15,10.05,--,7,7035,买盘
1588,10:50:12,10.05,0.01,1,1005,买盘
1589,10:50:03,10.04,-0.01,1,1003,卖盘
1590,10:50:00,10.05,0.01,2,2010,买盘
1591,10:49:57,10.04,--,22,22087,卖盘
1592,10:49:39,10.04,-0.01,5,5020,卖盘
1593,10:49:36,10.05,0.01,5,5025,买盘
1594,10:49:33,10.04,--,27,27107,卖盘
1595,10:49:30,10.04,--,5,5020,卖盘
1596,10:49:27,10.04,-0.01,5,5020,卖盘
1597,10:49:24,10.05,--,2,2010,买盘
1598,10:49:12,10.05,--,13,13065,买盘
1599,10:49:06,10.05,--,10,10050,买盘
1600,10:48:51,10.05,0.01,1,1005,买盘
1601,10:48:42,10.04,-0.01,5,5020,卖盘
1602,10:48:39,10.05,0.01,5,5025,买盘
1603,10:48:30,10.04,-0.01,27,27107,卖盘
1604,10:48:27,10.05,-0.01,203,204708,卖盘
1605,10:48:24,10.06,--,1,1006,买盘
1606,10:48:18,10.06,--,21,21126,买盘
1607,10:48:15,10.06,--,119,119714,买盘
1608,10:48:06,10.06,--,7,7042,买盘
1609,10:48:00,10.06,--,20,20120,买盘
1610,10:47:48,10.06,0.01,3,3018,买盘
1611,10:47:42,10.05,-0.01,5,5025,卖盘
1612,10:47:39,10.06,--,1,1006,买盘
1613,10:47:36,10.06,0.01,4,4024,买盘
1614,10:47:27,10.05,-0.01,29,29145,卖盘
1615,10:47:18,10.06,--,2,2012,买盘
1616,10:47:12,10.06,0.01,1,1006,买盘
1617,10:47:09,10.05,--,20,20100,卖盘
1618,10:46:57,10.05,--,2,2010,卖盘
1619,10:46:54,10.05,-0.01,55,55275,卖盘
1620,10:46:51,10.06,--,76,76456,买盘
1621,10:46:48,10.06,0.01,6,6036,买盘
1622,10:46:42,10.05,--,5,5025,卖盘
1623,10:46:39,10.05,-0.01,7,7035,卖盘
1624,10:46:36,10.06,--,1,1006,买盘
1625,10:46:24,10.06,0.01,32,32192,买盘
1626,10:46:21,10.05,0.01,1175,1181186,买盘
1627,10:46:18,10.04,-0.01,1,1003,卖盘
1628,10:46:00,10.05,--,8,8040,买盘
1629,10:45:57,10.05,0.01,7,7035,买盘
1630,10:45:51,10.04,--,7,7027,卖盘
1631,10:45:42,10.04,-0.01,5,5020,卖盘
1632,10:45:39,10.05,--,14,14070,买盘
1633,10:45:36,10.05,0.01,1,1005,买盘
1634,10:45:15,10.04,-0.01,8,8031,卖盘
1635,10:45:12,10.05,--,17,17085,买盘
1636,10:45:00,10.05,0.01,1,1005,买盘
1637,10:44:51,10.04,--,10,10040,卖盘
1638,10:44:39,10.04,-0.01,11,11043,卖盘
1639,10:44:27,10.05,--,6,6030,买盘
1640,10:44:24,10.05,--,7,7035,买盘
1641,10:44:09,10.05,0.01,2,2010,买盘
1642,10:44:06,10.04,--,150,150600,卖盘
1643,10:43:45,10.04,--,9,9036,卖盘
1644,10:43:39,10.04,--,9,9036,卖盘
1645,10:43:30,10.04,--,14,14055,卖盘
1646,10:43:21,10.04,--,1,1003,卖盘
1647,10:43:12,10.04,--,5,5020,卖盘
1648,10:43:06,10.04,-0.01,71,71284,卖盘
1649,10:43:03,10.05,--,30,30150,买盘
1650,10:43:00,10.05,--,3,3015,买盘
1651,10:42:54,10.05,--,7,7035,买盘
1652,10:42:42,10.05,0.01,14,14070,买盘
1653,10:42:39,10.04,-0.01,10,10040,卖盘
1654,10:42:24,10.05,--,6,6030,买盘
1655,10:42:18,10.05,--,20,20100,买盘
1656,10:41:51,10.05,--,1,1005,买盘
1657,10:41:48,10.05,0.01,1,1005,买盘
1658,10:41:45,10.04,--,6,6023,卖盘
1659,10:41:42,10.04,-0.01,5,5020,卖盘
1660,10:41:36,10.05,--,5,5025,买盘
1661,10:41:33,10.05,--,5,5025,买盘
1662,10:41:18,10.05,--,10,10050,买盘
1663,10:41:12,10.05,--,153,153765,买盘
1664,10:41:03,10.05,--,20,20100,买盘
1665,10:41:00,10.05,--,10,10050,买盘
1666,10:40:57,10.05,0.01,8,8040,买盘
1667,10:40:45,10.04,-0.01,1,1003,卖盘
1668,10:40:42,10.05,--,28,28140,买盘
1669,10:40:36,10.05,--,5,5025,买盘
1670,10:40:33,10.05,--,100,100500,买盘
1671,10:40:27,10.05,--,18,18090,买盘
1672,10:40:24,10.05,--,60,60300,买盘
1673,10:40:21,10.05,--,7,7035,买盘
1674,10:40:18,10.05,--,9,9045,买盘
1675,10:40:15,10.05,--,8,8040,买盘
1676,10:40:12,10.05,--,33,33165,买盘
1677,10:40:09,10.05,--,45,45225,卖盘
1678,10:40:03,10.05,--,1,1005,卖盘
1679,10:40:00,10.05,0.01,64,64320,买盘
1680,10:39:57,10.04,--,34,34136,买盘
1681,10:39:54,10.04,0.01,179,179715,买盘
1682,10:39:42,10.03,-0.01,5,5015,卖盘
1683,10:39:39,10.04,--,12,12047,买盘
1684,10:39:33,10.04,0.01,33,33132,买盘
1685,10:39:30,10.03,-0.01,10,10030,卖盘
1686,10:39:27,10.04,0.01,3,3011,买盘
1687,10:39:24,10.03,-0.01,5,5015,卖盘
1688,10:39:21,10.04,0.01,3,3011,买盘
1689,10:39:18,10.03,--,4,4011,卖盘
1690,10:39:12,10.03,--,1,1002,卖盘
1691,10:38:42,10.03,-0.01,5,5015,卖盘
1692,10:38:36,10.04,0.01,5,5020,买盘
1693,10:38:33,10.03,-0.01,150,150450,卖盘
1694,10:38:18,10.04,--,343,344371,卖盘
1695,10:38:15,10.04,--,67,67268,卖盘
1696,10:38:12,10.04,-0.01,102,102407,卖盘
1697,10:38:09,10.05,--,5,5025,买盘
1698,10:38:06,10.05,--,5,5025,买盘
1699,10:38:00,10.05,--,452,454762,卖盘
1700,10:37:48,10.05,-0.01,110,110550,卖盘
1701,10:37:45,10.06,--,50,50300,买盘
1702,10:37:42,10.06,--,8,8048,买盘
1703,10:37:39,10.06,--,122,123235,买盘
1704,10:37:27,10.06,0.01,5,5030,买盘
1705,10:37:18,10.05,--,5,5025,卖盘
1706,10:37:15,10.05,-0.01,5,5025,卖盘
1707,10:37:12,10.06,--,50,50300,买盘
1708,10:37:06,10.06,--,3,3018,买盘
1709,10:36:45,10.06,0.01,3,3018,买盘
1710,10:36:42,10.05,-0.01,5,5025,卖盘
1711,10:36:39,10.06,0.01,5,5030,买盘
1712,10:36:33,10.05,-0.01,8,8040,卖盘
1713,10:36:24,10.06,0.01,10,10060,买盘
1714,10:36:12,10.05,-0.01,5,5025,卖盘
1715,10:36:03,10.06,--,30,30180,买盘
1716,10:36:00,10.06,--,1,1006,买盘
1717,10:35:54,10.06,--,3,3018,买盘
1718,10:35:45,10.06,--,166,166996,卖盘
1719,10:35:42,10.06,-0.01,135,135810,卖盘
1720,10:35:39,10.07,--,4,4028,买盘
1721,10:35:24,10.07,0.01,4,4028,买盘
1722,10:35:12,10.06,-0.01,5,5030,卖盘
1723,10:35:09,10.07,--,1,1007,买盘
1724,10:35:00,10.07,--,174,175218,卖盘
1725,10:34:57,10.07,--,160,161120,卖盘
1726,10:34:54,10.07,--,80,80560,卖盘
1727,10:34:51,10.07,-0.01,10,10070,卖盘
1728,10:34:45,10.08,0.01,1,1008,买盘
1729,10:34:42,10.07,--,5,5035,卖盘
1730,10:34:39,10.07,-0.01,71,71497,卖盘
1731,10:34:36,10.08,--,6,6048,买盘
1732,10:34:21,10.08,--,28,28224,买盘
1733,10:34:12,10.08,--,1,1008,买盘
1734,10:34:09,10.08,--,7,7056,买盘
1735,10:34:06,10.08,0.01,44,44352,买盘
1736,10:34:03,10.07,-0.01,7,7049,卖盘
1737,10:33:51,10.08,--,6,6048,买盘
1738,10:33:48,10.08,0.01,91,91728,买盘
1739,10:33:42,10.07,-0.01,6,6042,卖盘
1740,10:33:39,10.08,--,12,12096,买盘
1741,10:33:36,10.08,--,6,6048,买盘
1742,10:33:30,10.08,--,40,40320,买盘
1743,10:33:27,10.08,--,8,8064,买盘
1744,10:33:18,10.08,0.01,11,11088,买盘
1745,10:33:12,10.07,-0.01,11,11077,卖盘
1746,10:33:09,10.08,--,49,49392,买盘
1747,10:33:06,10.08,--,16,16128,买盘
1748,10:33:03,10.08,--,38,38304,买盘
1749,10:33:00,10.08,0.01,60,60480,买盘
1750,10:32:51,10.07,--,20,20140,卖盘
1751,10:32:48,10.07,-0.01,1,1007,卖盘
1752,10:32:45,10.08,0.01,2,2016,买盘
1753,10:32:42,10.07,--,337,339359,买盘
1754,10:32:39,10.07,0.01,5,5035,买盘
1755,10:32:33,10.06,-0.01,2,2012,卖盘
1756,10:32:27,10.07,--,1500,1510500,买盘
1757,10:32:24,10.07,0.01,7,7049,买盘
1758,10:32:21,10.06,--,426,428556,买盘
1759,10:32:18,10.06,--,12,12072,买盘
1760,10:32:06,10.06,--,10,10060,买盘
1761,10:31:54,10.06,--,8,8048,买盘
1762,10:31:48,10.06,--,97,97582,买盘
1763,10:31:45,10.06,--,7,7042,买盘
1764,10:31:42,10.06,--,6,6036,买盘
1765,10:31:39,10.06,--,2,2012,买盘
1766,10:31:36,10.06,--,4,4024,买盘
1767,10:31:30,10.06,--,1,1006,买盘
1768,10:31:27,10.06,--,69,69414,买盘
1769,10:31:21,10.06,--,1,1006,买盘
1770,10:31:18,10.06,--,60,60360,买盘
1771,10:31:09,10.06,--,6,6036,买盘
1772,10:31:06,10.06,--,12,12072,买盘
1773,10:31:03,10.06,0.01,120,120720,买盘
1774,10:30:57,10.05,-0.01,5,5025,卖盘
1775,10:30:54,10.06,--,4,4024,买盘
1776,10:30:48,10.06,--,50,50300,买盘
1777,10:30:45,10.06,0.01,7,7042,买盘
1778,10:30:42,10.05,-0.01,6,6030,卖盘
1779,10:30:36,10.06,--,5,5030,买盘
1780,10:30:33,10.06,--,7,7042,买盘
1781,10:30:30,10.06,--,8,8048,买盘
1782,10:30:27,10.06,--,1,1006,买盘
1783,10:30:21,10.06,--,2,2012,买盘
1784,10:30:18,10.06,--,7,7042,买盘
1785,10:30:15,10.06,--,8,8048,买盘
1786,10:30:06,10.06,--,6,6036,买盘
1787,10:30:03,10.06,--,61,61366,买盘
1788,10:30:00,10.06,--,12,12072,买盘
1789,10:29:57,10.06,--,12,12072,买盘
1790,10:29:54,10.06,0.01,1,1006,买盘
1791,10:29:51,10.05,0.01,6,6030,买盘
1792,10:29:45,10.04,--,10,10040,卖盘
1793,10:29:42,10.04,-0.01,5,5020,卖盘
1794,10:29:39,10.05,--,5,5025,买盘
1795,10:29:36,10.05,0.01,2,2010,中性盘
1796,10:29:33,10.04,-0.02,17,17068,卖盘
1797,10:29:24,10.06,0.02,32,32192,买盘
1798,10:29:15,10.04,-0.02,20,20080,卖盘
1799,10:29:12,10.06,--,7,7042,买盘
1800,10:29:09,10.06,0.01,72,72432,买盘
1801,10:29:06,10.05,--,20,20100,买盘
1802,10:29:00,10.05,--,2,2010,买盘
1803,10:28:54,10.05,0.01,2,2010,中性盘
1804,10:28:45,10.04,--,14,14055,卖盘
1805,10:28:42,10.04,-0.01,40,40160,卖盘
1806,10:28:39,10.05,--,82,82410,买盘
1807,10:28:36,10.05,0.01,123,123615,买盘
1808,10:28:33,10.04,-0.01,5,5020,卖盘
1809,10:28:30,10.05,--,20,20100,买盘
1810,10:28:24,10.05,--,296,297480,买盘
1811,10:28:21,10.05,0.01,87,87435,买盘
1812,10:28:18,10.04,-0.01,12,12047,卖盘
1813,10:28:15,10.05,--,8,8040,买盘
1814,10:28:12,10.05,--,27,27135,买盘
1815,10:28:09,10.05,--,7,7035,买盘
1816,10:28:06,10.05,--,19,19095,买盘
1817,10:28:03,10.05,--,545,547725,买盘
1818,10:28:00,10.05,--,3,3015,买盘
1819,10:27:51,10.05,--,15,15075,买盘
1820,10:27:42,10.05,--,105,105525,买盘
1821,10:27:39,10.05,--,1,1005,买盘
1822,10:27:36,10.05,--,24,24120,买盘
1823,10:27:33,10.05,--,2,2010,买盘
1824,10:27:30,10.05,0.01,54,54270,买盘
1825,10:27:27,10.04,--,2,2007,卖盘
1826,10:27:21,10.04,-0.01,5,5020,卖盘
1827,10:27:12,10.05,0.01,2,2010,买盘
1828,10:27:06,10.04,--,92,92367,卖盘
1829,10:27:03,10.04,--,1,1003,卖盘
1830,10:26:54,10.04,-0.01,67,67268,卖盘
1831,10:26:48,10.05,--,9,9045,买盘
1832,10:26:45,10.05,0.01,8,8040,买盘
1833,10:26:42,10.04,-0.01,5,5020,卖盘
1834,10:26:36,10.05,--,35,35175,买盘
1835,10:26:30,10.05,--,105,105525,买盘
1836,10:26:12,10.05,0.01,6,6030,买盘
1837,10:26:09,10.04,-0.01,5,5020,卖盘
1838,10:26:06,10.05,0.01,7,7035,买盘
1839,10:25:45,10.04,--,2,2007,卖盘
1840,10:25:42,10.04,--,4,4015,卖盘
1841,10:25:39,10.04,-0.01,17,17068,卖盘
1842,10:25:36,10.05,--,8,8040,买盘
1843,10:25:27,10.05,--,8,8040,买盘
1844,10:25:18,10.05,0.01,23,23115,买盘
1845,10:25:15,10.04,--,223,223891,买盘
1846,10:25:03,10.04,0.01,28,28111,买盘
1847,10:24:57,10.03,-0.01,13,13640,卖盘
1848,10:24:51,10.04,--,11,11043,买盘
1849,10:24:45,10.04,0.01,6,6023,买盘
1850,10:24:42,10.03,--,5,5015,卖盘
1851,10:24:36,10.03,--,1,1002,卖盘
1852,10:24:27,10.03,--,3,3009,卖盘
1853,10:24:06,10.03,-0.01,79,79237,卖盘
1854,10:24:03,10.04,0.01,4,4015,买盘
1855,10:23:57,10.03,--,20,20060,卖盘
1856,10:23:45,10.03,--,5,5015,卖盘
1857,10:23:42,10.03,--,5,5015,卖盘
1858,10:23:27,10.03,-0.01,4,4011,卖盘
1859,10:23:24,10.04,0.01,1,1003,买盘
1860,10:23:21,10.03,--,200,200600,卖盘
1861,10:23:18,10.03,-0.01,19,19057,卖盘
1862,10:23:12,10.04,--,11,11043,买盘
1863,10:23:09,10.04,--,10,10040,买盘
1864,10:22:57,10.04,--,3,3011,买盘
1865,10:22:54,10.04,--,41,41164,买盘
1866,10:22:48,10.04,-0.01,93,93371,卖盘
1867,10:22:45,10.05,0.01,186,186930,买盘
1868,10:22:42,10.04,--,5,5020,卖盘
1869,10:22:39,10.04,-0.01,138,138552,卖盘
1870,10:22:33,10.05,--,200,201000,买盘
1871,10:22:27,10.05,0.01,12,12060,买盘
1872,10:22:24,10.04,--,84,84336,卖盘
1873,10:22:18,10.04,-0.01,13,13051,卖盘
1874,10:21:57,10.05,--,30,30150,买盘
1875,10:21:51,10.05,0.01,157,157785,买盘
1876,10:21:42,10.04,-0.01,9,9036,卖盘
1877,10:21:39,10.05,--,6,6030,买盘
1878,10:21:33,10.05,--,2,2010,买盘
1879,10:21:24,10.05,0.01,1,1005,买盘
1880,10:21:21,10.04,--,9,9036,卖盘
1881,10:21:18,10.04,-0.01,5,5020,卖盘
1882,10:21:15,10.05,0.01,31,31155,买盘
1883,10:21:09,10.04,--,6,6023,卖盘
1884,10:20:42,10.04,-0.01,11,11043,卖盘
1885,10:20:39,10.05,0.01,3,3015,买盘
1886,10:20:30,10.04,--,4,4015,卖盘
1887,10:20:21,10.04,-0.01,25,25099,卖盘
1888,10:20:15,10.05,--,13,13065,买盘
1889,10:20:09,10.05,--,1,1005,买盘
1890,10:20:00,10.05,0.01,4,4020,买盘
1891,10:19:54,10.04,--,69,69276,卖盘
1892,10:19:48,10.04,--,10,10040,卖盘
1893,10:19:45,10.04,--,2,2007,卖盘
1894,10:19:42,10.04,--,5,5020,卖盘
1895,10:19:15,10.04,-0.01,6,6023,卖盘
1896,10:19:12,10.05,0.01,2,2010,买盘
1897,10:19:06,10.04,--,100,100399,卖盘
1898,10:19:00,10.04,--,5,5020,卖盘
1899,10:18:48,10.04,-0.01,24,24095,卖盘
1900,10:18:45,10.05,0.01,15,15075,买盘
1901,10:18:42,10.04,-0.01,4,4015,卖盘
1902,10:18:39,10.05,0.01,2,2010,买盘
1903,10:18:36,10.04,-0.01,24,24095,卖盘
1904,10:18:33,10.05,--,20,20100,买盘
1905,10:18:21,10.05,0.01,36,36180,买盘
1906,10:18:18,10.04,-0.01,231,231923,卖盘
1907,10:18:12,10.05,0.01,90,90450,买盘
1908,10:18:09,10.04,--,1,1003,卖盘
1909,10:17:57,10.04,-0.01,10,10040,卖盘
1910,10:17:45,10.05,0.01,2,2010,买盘
1911,10:17:42,10.04,-0.01,6,6023,卖盘
1912,10:17:36,10.05,0.01,28,28140,买盘
1913,10:17:30,10.04,--,5,5020,卖盘
1914,10:17:27,10.04,-0.01,6,6023,卖盘
1915,10:17:24,10.05,--,100,100500,买盘
1916,10:17:15,10.05,--,2,2010,买盘
1917,10:17:12,10.05,--,5,5025,买盘
1918,10:17:00,10.05,--,11,11055,买盘
1919,10:16:57,10.05,--,1,1005,买盘
1920,10:16:45,10.05,--,10,10050,买盘
1921,10:16:42,10.05,--,324,325620,卖盘
1922,10:16:39,10.05,--,5,5025,卖盘
1923,10:16:36,10.05,--,7,7035,卖盘
1924,10:16:33,10.05,--,33,33165,卖盘
1925,10:16:30,10.05,--,4,4020,卖盘
1926,10:16:27,10.05,-0.01,9,9045,卖盘
1927,10:16:21,10.06,0.01,3,3018,买盘
1928,10:16:00,10.05,-0.01,1,1005,卖盘
1929,10:15:54,10.06,0.01,235,236410,买盘
1930,10:15:51,10.05,--,20,20100,卖盘
1931,10:15:48,10.05,--,8,8040,卖盘
1932,10:15:42,10.05,--,5,5025,卖盘
1933,10:15:24,10.05,-0.01,257,258285,卖盘
1934,10:15:21,10.06,--,6,6036,买盘
1935,10:15:18,10.06,--,69,69414,卖盘
1936,10:15:15,10.06,-0.01,101,101606,卖盘
1937,10:15:06,10.07,0.01,5,5035,买盘
1938,10:15:03,10.06,--,14,14084,卖盘
1939,10:14:45,10.06,--,10,10060,卖盘
1940,10:14:42,10.06,-0.01,11,11066,卖盘
1941,10:14:36,10.07,--,101,101707,买盘
1942,10:14:33,10.07,0.01,1,1007,买盘
1943,10:14:27,10.06,--,1,1006,卖盘
1944,10:14:24,10.06,--,45,45270,卖盘
1945,10:14:21,10.06,-0.01,2,2012,卖盘
1946,10:14:06,10.07,--,5,5035,买盘
1947,10:14:03,10.07,--,39,39273,买盘
1948,10:13:57,10.07,--,49,49343,买盘
1949,10:13:54,10.07,--,2,2014,买盘
1950,10:13:45,10.07,0.01,2,2014,买盘
1951,10:13:42,10.06,--,5,5030,卖盘
1952,10:13:39,10.06,--,16,16096,卖盘
1953,10:13:24,10.06,--,73,73438,卖盘
1954,10:13:21,10.06,--,39,39234,卖盘
1955,10:13:18,10.06,--,100,100600,卖盘
1956,10:13:06,10.06,--,121,121726,卖盘
1957,10:13:00,10.06,--,35,35210,卖盘
1958,10:12:57,10.06,--,201,202206,卖盘
1959,10:12:48,10.06,-0.01,15,15090,卖盘
1960,10:12:45,10.07,0.01,273,274911,买盘
1961,10:12:42,10.06,-0.01,5,5030,卖盘
1962,10:12:39,10.07,0.01,20,20140,买盘
1963,10:12:36,10.06,--,1,1006,卖盘
1964,10:12:27,10.06,-0.01,10,10060,卖盘
1965,10:12:15,10.07,--,6,6042,买盘
1966,10:12:06,10.07,0.01,1,1007,买盘
1967,10:12:03,10.06,--,153,153918,卖盘
1968,10:12:00,10.06,-0.01,25,25150,卖盘
1969,10:11:42,10.07,--,24,24168,买盘
1970,10:11:39,10.07,--,7,7049,买盘
1971,10:11:33,10.07,--,12,12084,买盘
1972,10:11:18,10.07,--,5,5035,买盘
1973,10:11:03,10.07,--,6,6042,买盘
1974,10:10:57,10.07,--,17,17119,买盘
1975,10:10:54,10.07,0.01,41,41287,买盘
1976,10:10:48,10.06,--,10,10060,卖盘
1977,10:10:42,10.06,-0.01,5,5030,卖盘
1978,10:10:39,10.07,0.01,5,5035,买盘
1979,10:10:30,10.06,-0.01,21,21126,卖盘
1980,10:10:24,10.07,0.01,7,7049,买盘
1981,10:10:15,10.06,-0.01,23,23138,卖盘
1982,10:10:09,10.07,--,17,17119,买盘
1983,10:10:00,10.07,--,10,10070,买盘
1984,10:09:48,10.07,0.01,5,5035,买盘
1985,10:09:42,10.06,-0.01,6,6036,卖盘
1986,10:09:36,10.07,0.01,2,2014,买盘
1987,10:09:33,10.06,-0.01,5,5030,卖盘
1988,10:09:30,10.07,--,4,4028,买盘
1989,10:09:21,10.07,0.01,10,10070,买盘
1990,10:09:09,10.06,--,50,50300,卖盘
1991,10:09:06,10.06,-0.01,4,4024,卖盘
1992,10:09:03,10.07,--,1,1007,买盘
1993,10:08:51,10.07,0.01,1,1007,买盘
1994,10:08:42,10.06,--,11,11066,卖盘
1995,10:08:39,10.06,--,10,10060,卖盘
1996,10:08:36,10.06,--,116,116696,卖盘
1997,10:08:33,10.06,-0.01,10,10060,卖盘
1998,10:08:27,10.07,0.01,90,90630,买盘
1999,10:08:24,10.06,-0.01,39,39234,卖盘
2000,10:08:21,10.07,0.01,53,53371,买盘
2001,10:08:18,10.06,-0.01,2,2012,卖盘
2002,10:08:15,10.07,0.01,10,10070,买盘
2003,10:08:12,10.06,--,6,6036,卖盘
2004,10:08:03,10.06,-0.01,119,119714,卖盘
2005,10:07:54,10.07,--,2,2014,买盘
2006,10:07:51,10.07,-0.01,741,746187,卖盘
2007,10:07:48,10.08,0.01,744,749952,买盘
2008,10:07:42,10.07,0.02,27,27189,中性盘
2009,10:07:12,10.05,-0.01,1250,1256250,卖盘
2010,10:07:06,10.06,-0.01,157,157942,卖盘
2011,10:07:03,10.07,--,6,6042,卖盘
2012,10:07:00,10.07,0.01,202,203414,买盘
2013,10:06:57,10.06,--,3,3018,卖盘
2014,10:06:54,10.06,-0.01,10,10060,卖盘
2015,10:06:51,10.07,--,8,8056,买盘
2016,10:06:48,10.07,--,7,7049,买盘
2017,10:06:45,10.07,0.01,1,1007,买盘
2018,10:06:42,10.06,-0.01,5,5030,卖盘
2019,10:06:39,10.07,0.01,13,13091,买盘
2020,10:06:30,10.06,-0.01,0,583,卖盘
2021,10:06:15,10.07,--,1,1007,买盘
2022,10:06:12,10.07,--,4,4028,买盘
2023,10:06:09,10.07,0.01,2,2014,买盘
2024,10:06:03,10.06,-0.01,2,2012,卖盘
2025,10:06:00,10.07,0.01,8,8056,买盘
2026,10:05:54,10.06,--,79,79474,卖盘
2027,10:05:51,10.06,-0.01,25,25150,卖盘
2028,10:05:45,10.07,0.01,21,21147,买盘
2029,10:05:42,10.06,--,5,5030,卖盘
2030,10:05:33,10.06,-0.01,3,3018,卖盘
2031,10:05:27,10.07,0.01,10,10070,买盘
2032,10:05:09,10.06,--,100,100600,卖盘
2033,10:05:06,10.06,-0.01,20,20120,卖盘
2034,10:05:00,10.07,--,11,11077,买盘
2035,10:04:57,10.07,--,36,36252,买盘
2036,10:04:54,10.07,--,84,84588,卖盘
2037,10:04:51,10.07,--,52,52364,卖盘
2038,10:04:48,10.07,--,2,2014,卖盘
2039,10:04:42,10.07,--,7,7049,卖盘
2040,10:04:36,10.07,--,5,5035,卖盘
2041,10:04:27,10.07,--,17,17119,卖盘
2042,10:04:21,10.07,--,20,20140,卖盘
2043,10:04:06,10.07,--,55,55385,卖盘
2044,10:04:03,10.07,-0.01,20,20140,卖盘
2045,10:04:00,10.08,0.01,3,3024,买盘
2046,10:03:54,10.07,--,10,10070,卖盘
2047,10:03:51,10.07,-0.01,2,2014,卖盘
2048,10:03:48,10.08,--,10,10080,买盘
2049,10:03:45,10.08,0.01,11,11088,买盘
2050,10:03:42,10.07,--,5,5035,卖盘
2051,10:03:36,10.07,-0.01,62,62434,卖盘
2052,10:03:30,10.08,--,5,5040,卖盘
2053,10:03:27,10.08,--,6,6048,卖盘
2054,10:03:24,10.08,--,43,43344,卖盘
2055,10:03:21,10.08,--,146,147168,卖盘
2056,10:03:18,10.08,--,19,19152,卖盘
2057,10:03:15,10.08,--,215,216720,卖盘
2058,10:03:12,10.08,--,24,24192,卖盘
2059,10:03:09,10.08,--,2,2016,卖盘
2060,10:03:06,10.08,--,20,20160,卖盘
2061,10:03:03,10.08,--,100,100800,卖盘
2062,10:03:00,10.08,--,40,40320,卖盘
2063,10:02:57,10.08,--,10,10080,卖盘
2064,10:02:54,10.08,--,7,7056,卖盘
2065,10:02:51,10.08,--,84,84672,卖盘
2066,10:02:42,10.08,--,5,5040,卖盘
2067,10:02:39,10.08,--,4,4032,卖盘
2068,10:02:33,10.08,-0.01,20,20160,卖盘
2069,10:02:30,10.09,0.01,3,3027,买盘
2070,10:02:27,10.08,-0.01,109,109872,卖盘
2071,10:02:24,10.09,--,21,21189,买盘
2072,10:02:21,10.09,--,5,5045,买盘
2073,10:02:18,10.09,--,17,17153,买盘
2074,10:02:15,10.09,--,15,15135,买盘
2075,10:02:12,10.09,--,3,3027,买盘
2076,10:02:09,10.09,0.01,2,2018,买盘
2077,10:02:06,10.08,-0.01,10,10080,卖盘
2078,10:02:00,10.09,--,9,9081,卖盘
2079,10:01:57,10.09,--,96,96864,卖盘
2080,10:01:54,10.09,--,562,567058,卖盘
2081,10:01:51,10.09,--,15,15135,卖盘
2082,10:01:42,10.09,-0.01,230,232070,卖盘
2083,10:01:33,10.1,--,11,11110,买盘
2084,10:01:30,10.1,0.01,52,52520,买盘
2085,10:01:24,10.09,--,60,60540,卖盘
2086,10:01:21,10.09,--,100,100900,卖盘
2087,10:01:18,10.09,--,50,50450,卖盘
2088,10:01:15,10.09,-0.01,25,25225,卖盘
2089,10:01:12,10.1,0.01,723,730230,买盘
2090,10:01:09,10.09,--,30,30270,卖盘
2091,10:01:06,10.09,--,5,5045,卖盘
2092,10:01:03,10.09,--,15,15135,卖盘
2093,10:01:00,10.09,--,20,20180,卖盘
2094,10:00:57,10.09,--,223,225007,卖盘
2095,10:00:48,10.09,--,17,17153,卖盘
2096,10:00:45,10.09,--,70,70630,卖盘
2097,10:00:42,10.09,--,25,25225,卖盘
2098,10:00:39,10.09,-0.01,100,100900,卖盘
2099,10:00:36,10.1,--,7,7070,买盘
2100,10:00:33,10.1,--,78,78780,买盘
2101,10:00:30,10.1,--,35,35350,买盘
2102,10:00:27,10.1,--,9,9090,买盘
2103,10:00:24,10.1,--,2,2020,买盘
2104,10:00:21,10.1,0.01,21,21210,买盘
2105,10:00:12,10.09,-0.01,11,11099,卖盘
2106,10:00:03,10.1,--,234,236340,买盘
2107,10:00:00,10.1,0.01,6,6060,买盘
2108,09:59:54,10.09,--,70,70630,卖盘
2109,09:59:45,10.09,-0.01,83,83747,卖盘
2110,09:59:42,10.1,0.01,9,9090,买盘
2111,09:59:39,10.09,--,32,32288,卖盘
2112,09:59:36,10.09,--,746,752714,买盘
2113,09:59:33,10.09,--,57,57513,买盘
2114,09:59:27,10.09,0.01,26,26234,买盘
2115,09:59:21,10.08,-0.01,10,10080,卖盘
2116,09:59:18,10.09,--,49,49441,买盘
2117,09:59:09,10.09,0.01,55,55495,买盘
2118,09:59:06,10.08,--,27,27417,卖盘
2119,09:59:03,10.08,--,4,4032,卖盘
2120,09:59:00,10.08,--,55,55440,卖盘
2121,09:58:51,10.08,-0.01,51,51408,卖盘
2122,09:58:48,10.09,0.01,15,15135,买盘
2123,09:58:42,10.08,-0.01,6,6048,卖盘
2124,09:58:39,10.09,--,3,3027,买盘
2125,09:58:36,10.09,0.01,100,100900,买盘
2126,09:58:30,10.08,-0.01,5,5040,卖盘
2127,09:58:27,10.09,--,2,2018,买盘
2128,09:58:24,10.09,0.01,158,159422,买盘
2129,09:58:18,10.08,-0.01,25,25200,卖盘
2130,09:58:15,10.09,--,15,15135,买盘
2131,09:58:06,10.09,--,20,20180,买盘
2132,09:58:03,10.09,--,17,17153,卖盘
2133,09:58:00,10.09,--,10,10090,卖盘
2134,09:57:57,10.09,--,23,23207,卖盘
2135,09:57:54,10.09,--,26,26234,卖盘
2136,09:57:51,10.09,--,16,16144,卖盘
2137,09:57:45,10.09,--,5,5045,买盘
2138,09:57:42,10.09,0.01,75,75675,买盘
2139,09:57:36,10.08,-0.01,76,76608,卖盘
2140,09:57:33,10.09,--,31,31279,买盘
2141,09:57:30,10.09,--,103,103927,买盘
2142,09:57:21,10.09,--,49,49441,买盘
2143,09:57:18,10.09,--,75,75675,买盘
2144,09:57:15,10.09,--,6,6054,买盘
2145,09:57:12,10.09,--,1,1009,买盘
2146,09:57:09,10.09,--,30,30270,买盘
2147,09:57:03,10.09,0.01,1262,1273358,买盘
2148,09:57:00,10.08,--,10,10080,卖盘
2149,09:56:57,10.08,--,1,1008,卖盘
2150,09:56:54,10.08,--,10,10080,卖盘
2151,09:56:48,10.08,--,214,215712,卖盘
2152,09:56:45,10.08,--,5,5040,卖盘
2153,09:56:42,10.08,-0.01,125,126000,卖盘
2154,09:56:39,10.09,0.01,7,7063,买盘
2155,09:56:33,10.08,--,32,32256,卖盘
2156,09:56:30,10.08,--,9,9072,卖盘
2157,09:56:24,10.08,-0.01,5,5040,卖盘
2158,09:56:21,10.09,--,13,13117,买盘
2159,09:56:15,10.09,--,220,221980,买盘
2160,09:56:09,10.09,0.01,54,54486,买盘
2161,09:56:06,10.08,-0.01,13,13104,卖盘
2162,09:56:03,10.09,--,11,11099,买盘
2163,09:56:00,10.09,--,10,10090,买盘
2164,09:55:54,10.09,0.01,18,18162,买盘
2165,09:55:48,10.08,-0.01,26,26208,卖盘
2166,09:55:45,10.09,0.01,43,43387,买盘
2167,09:55:42,10.08,--,28,28224,卖盘
2168,09:55:39,10.08,--,37,37296,卖盘
2169,09:55:33,10.08,-0.01,20,20160,卖盘
2170,09:55:30,10.09,--,141,142269,卖盘
2171,09:55:27,10.09,--,20,20180,卖盘
2172,09:55:24,10.09,0.01,221,222989,买盘
2173,09:55:21,10.08,-0.01,8,8064,卖盘
2174,09:55:18,10.09,0.01,3,3027,买盘
2175,09:55:15,10.08,--,7,7056,卖盘
2176,09:55:12,10.08,--,17,17136,卖盘
2177,09:55:09,10.08,--,515,519120,卖盘
2178,09:55:06,10.08,-0.01,65,65520,卖盘
2179,09:55:03,10.09,-0.01,12,12108,中性盘
2180,09:55:00,10.1,0.01,593,598930,买盘
2181,09:54:57,10.09,--,2,2018,买盘
2182,09:54:54,10.09,0.01,905,913145,买盘
2183,09:54:51,10.08,-0.01,3,3024,卖盘
2184,09:54:48,10.09,0.01,100,100900,买盘
2185,09:54:42,10.08,-0.01,19,19152,卖盘
2186,09:54:33,10.09,0.01,4,4036,买盘
2187,09:54:30,10.08,--,40,40320,卖盘
2188,09:54:27,10.08,--,40,40320,卖盘
2189,09:54:24,10.08,--,157,158256,买盘
2190,09:54:21,10.08,--,401,404208,买盘
2191,09:54:18,10.08,0.01,103,103824,买盘
2192,09:54:15,10.07,--,2,2014,卖盘
2193,09:54:12,10.07,--,11,11077,卖盘
2194,09:54:09,10.07,--,82,82574,卖盘
2195,09:54:06,10.07,--,260,261820,买盘
2196,09:54:03,10.07,--,100,100700,买盘
2197,09:54:00,10.07,0.01,30,30210,买盘
2198,09:53:51,10.06,--,20,20120,卖盘
2199,09:53:48,10.06,--,19,19114,卖盘
2200,09:53:45,10.06,--,42,42252,卖盘
2201,09:53:42,10.06,-0.01,6,6036,卖盘
2202,09:53:39,10.07,0.01,100,100700,买盘
2203,09:53:36,10.06,--,25,25150,卖盘
2204,09:53:33,10.06,--,49,49294,卖盘
2205,09:53:24,10.06,-0.01,43,43258,卖盘
2206,09:53:18,10.07,--,25,25175,卖盘
2207,09:53:15,10.07,--,39,39273,卖盘
2208,09:53:09,10.07,--,15,15105,买盘
2209,09:53:06,10.07,0.01,25,25175,买盘
2210,09:52:57,10.06,-0.01,5,5030,卖盘
2211,09:52:54,10.07,--,22,22154,买盘
2212,09:52:51,10.07,-0.01,464,467248,卖盘
2213,09:52:48,10.08,0.01,2,2016,买盘
2214,09:52:45,10.07,-0.01,10,10070,卖盘
2215,09:52:42,10.08,--,176,177408,买盘
2216,09:52:33,10.08,--,664,669312,买盘
2217,09:52:30,10.08,0.01,163,164304,买盘
2218,09:52:27,10.07,-0.01,2,2014,卖盘
2219,09:52:24,10.08,--,2,2016,买盘
2220,09:52:21,10.08,0.01,40,40320,买盘
2221,09:52:18,10.07,--,5,5035,卖盘
2222,09:52:12,10.07,--,21,21147,卖盘
2223,09:52:06,10.07,-0.01,267,268869,卖盘
2224,09:52:03,10.08,0.01,50,50400,买盘
2225,09:52:00,10.07,-0.01,1,1007,卖盘
2226,09:51:57,10.08,0.02,768,774144,买盘
2227,09:51:54,10.06,-0.01,155,155930,卖盘
2228,09:51:51,10.07,--,30,30210,买盘
2229,09:51:42,10.07,0.01,25,25175,买盘
2230,09:51:39,10.06,--,5,5653,买盘
2231,09:51:36,10.06,--,94,94564,买盘
2232,09:51:33,10.06,--,1,1006,买盘
2233,09:51:30,10.06,--,239,240434,买盘
2234,09:51:27,10.06,--,2,2012,买盘
2235,09:51:24,10.06,0.01,3,3018,买盘
2236,09:51:21,10.05,-0.01,1,1005,卖盘
2237,09:51:18,10.06,0.01,1,1006,买盘
2238,09:51:12,10.05,--,60,60300,卖盘
2239,09:51:09,10.05,--,100,100500,卖盘
2240,09:51:00,10.05,--,15,15075,卖盘
2241,09:50:57,10.05,--,277,279189,买盘
2242,09:50:54,10.05,--,138,138690,买盘
2243,09:50:51,10.05,0.01,30,30150,买盘
2244,09:50:48,10.04,--,8,8031,卖盘
2245,09:50:45,10.04,--,50,50199,卖盘
2246,09:50:42,10.04,--,6,6023,卖盘
2247,09:50:39,10.04,-0.01,100,100399,卖盘
2248,09:50:36,10.05,0.01,59,59295,买盘
2249,09:50:33,10.04,--,9,9036,卖盘
2250,09:50:30,10.04,--,5,5020,卖盘
2251,09:50:21,10.04,--,436,437743,买盘
2252,09:50:18,10.04,--,29,29115,买盘
2253,09:50:15,10.04,--,23,23091,买盘
2254,09:50:09,10.04,--,24,24095,买盘
2255,09:50:06,10.04,0.01,41,41164,买盘
2256,09:50:00,10.03,-0.01,10,10030,卖盘
2257,09:49:54,10.04,--,5,5020,买盘
2258,09:49:45,10.04,0.01,10,10040,买盘
2259,09:49:42,10.03,-0.01,5,5015,卖盘
2260,09:49:36,10.04,0.01,34,34136,买盘
2261,09:49:33,10.03,-0.01,1,1002,卖盘
2262,09:49:30,10.04,0.01,5,5020,买盘
2263,09:49:27,10.03,-0.01,190,190570,卖盘
2264,09:49:24,10.04,--,6,6023,买盘
2265,09:49:15,10.04,0.01,281,282124,买盘
2266,09:49:09,10.03,--,205,205615,买盘
2267,09:49:06,10.03,--,2,2005,买盘
2268,09:49:03,10.03,--,3,3009,买盘
2269,09:48:57,10.03,0.01,23,23069,买盘
2270,09:48:54,10.02,-0.01,1,1002,卖盘
2271,09:48:48,10.03,0.01,222,222666,买盘
2272,09:48:42,10.02,-0.01,5,5010,卖盘
2273,09:48:39,10.03,--,6,6018,买盘
2274,09:48:36,10.03,--,3,3009,买盘
2275,09:48:27,10.03,--,2,2005,买盘
2276,09:48:21,10.03,0.01,1,1002,买盘
2277,09:48:18,10.02,--,40,40080,卖盘
2278,09:48:15,10.02,--,8,8016,卖盘
2279,09:48:12,10.02,--,22,22044,卖盘
2280,09:48:09,10.02,--,17,17034,卖盘
2281,09:48:06,10.02,-0.01,20,20040,卖盘
2282,09:48:03,10.03,0.01,29,29086,买盘
2283,09:48:00,10.02,-0.01,4,4008,卖盘
2284,09:47:57,10.03,--,33,33099,买盘
2285,09:47:54,10.03,--,20,20060,买盘
2286,09:47:48,10.03,--,13,13039,买盘
2287,09:47:45,10.03,--,15,15044,买盘
2288,09:47:42,10.03,--,125,125374,买盘
2289,09:47:39,10.03,--,57,57170,买盘
2290,09:47:15,10.03,--,15,15044,买盘
2291,09:47:12,10.03,--,23,23069,买盘
2292,09:47:06,10.03,--,20,20060,买盘
2293,09:47:03,10.03,0.01,6,6018,买盘
2294,09:46:57,10.02,--,41,41082,卖盘
2295,09:46:54,10.02,-0.01,30,30060,卖盘
2296,09:46:51,10.03,--,46,46138,买盘
2297,09:46:48,10.03,--,22,22066,买盘
2298,09:46:45,10.03,--,67,67201,卖盘
2299,09:46:42,10.03,--,35,35105,卖盘
2300,09:46:39,10.03,-0.01,20,20060,卖盘
2301,09:46:33,10.04,--,9,9036,买盘
2302,09:46:24,10.04,--,70,70280,买盘
2303,09:46:21,10.04,--,80,80320,买盘
2304,09:46:18,10.04,--,2,2007,买盘
2305,09:46:15,10.04,--,31,31123,卖盘
2306,09:46:12,10.04,--,15,15059,卖盘
2307,09:46:09,10.04,--,51,51203,卖盘
2308,09:46:06,10.04,--,130,130519,卖盘
2309,09:46:03,10.04,--,38,38152,卖盘
2310,09:46:00,10.04,--,100,100399,卖盘
2311,09:45:54,10.04,--,6,6023,买盘
2312,09:45:51,10.04,--,197,197787,买盘
2313,09:45:48,10.04,--,6,6023,买盘
2314,09:45:45,10.04,--,7,7027,买盘
2315,09:45:42,10.04,--,55,55219,买盘
2316,09:45:36,10.04,0.01,1,1003,买盘
2317,09:45:33,10.03,--,3,3009,卖盘
2318,09:45:30,10.03,-0.01,38,38114,卖盘
2319,09:45:24,10.04,0.01,115,115459,买盘
2320,09:45:21,10.03,--,2,2005,买盘
2321,09:45:18,10.03,-0.01,8,8023,中性盘
2322,09:45:12,10.04,0.01,500,501999,买盘
2323,09:45:06,10.03,0.01,15,15044,买盘
2324,09:44:57,10.02,--,14,14028,卖盘
2325,09:44:54,10.02,--,1,1002,卖盘
2326,09:44:51,10.02,--,5,5010,卖盘
2327,09:44:48,10.02,--,60,60120,卖盘
2328,09:44:42,10.02,--,27,27054,买盘
2329,09:44:39,10.02,--,30,30060,买盘
2330,09:44:36,10.02,--,10,10020,买盘
2331,09:44:33,10.02,--,104,104208,买盘
2332,09:44:30,10.02,0.01,20,20040,买盘
2333,09:44:27,10.01,-0.01,9,9009,卖盘
2334,09:44:15,10.02,--,1,1002,买盘
2335,09:44:03,10.02,0.01,251,251502,买盘
2336,09:44:00,10.01,--,48,48048,买盘
2337,09:43:54,10.01,--,30,30030,买盘
2338,09:43:45,10.01,0.01,20,20020,买盘
2339,09:43:42,10.0,--,5,5000,卖盘
2340,09:43:36,10.0,--,86,86000,卖盘
2341,09:43:33,10.0,-0.01,163,163000,卖盘
2342,09:43:30,10.01,--,103,103103,买盘
2343,09:43:24,10.01,--,12,12012,买盘
2344,09:43:21,10.01,--,50,50050,买盘
2345,09:43:18,10.01,--,25,25025,买盘
2346,09:43:15,10.01,--,200,200200,买盘
2347,09:43:12,10.01,--,115,115115,买盘
2348,09:43:00,10.01,--,13,13013,买盘
2349,09:42:54,10.01,--,1,1001,买盘
2350,09:42:51,10.01,--,30,30030,买盘
2351,09:42:45,10.01,0.01,78,78078,买盘
2352,09:42:42,10.0,--,5,5000,卖盘
2353,09:42:36,10.0,-0.01,10,10000,卖盘
2354,09:42:30,10.01,--,53,53053,买盘
2355,09:42:27,10.01,--,1,1001,买盘
2356,09:42:15,10.01,0.01,21,21021,买盘
2357,09:42:09,10.0,--,17,17000,卖盘
2358,09:41:45,10.0,--,9,9000,卖盘
2359,09:41:42,10.0,--,58,58000,卖盘
2360,09:41:39,10.0,--,18,18630,买盘
2361,09:41:36,10.0,--,10,10000,买盘
2362,09:41:33,10.0,--,50,50000,买盘
2363,09:41:27,10.0,0.01,17,17000,买盘
2364,09:41:24,9.99,-0.01,13,12987,卖盘
2365,09:41:18,10.0,0.01,40,40000,买盘
2366,09:41:15,9.99,-0.01,109,108891,卖盘
2367,09:41:12,10.0,0.01,27,27000,买盘
2368,09:40:54,9.99,-0.01,60,59940,卖盘
2369,09:40:45,10.0,--,35,35000,买盘
2370,09:40:42,10.0,--,33,33000,买盘
2371,09:40:36,10.0,--,2,2000,买盘
2372,09:40:24,10.0,--,3,3000,买盘
2373,09:40:21,10.0,--,50,50000,买盘
2374,09:40:18,10.0,0.01,8,8000,买盘
2375,09:40:09,9.99,--,148,147852,卖盘
2376,09:40:03,9.99,-0.01,5,4995,卖盘
2377,09:40:00,10.0,0.01,90,90000,买盘
2378,09:39:57,9.99,--,10,9990,卖盘
2379,09:39:54,9.99,--,112,111888,卖盘
2380,09:39:42,9.99,-0.01,6,5994,卖盘
2381,09:39:39,10.0,0.01,11,11000,买盘
2382,09:39:30,9.99,--,8,7992,卖盘
2383,09:39:27,9.99,--,91,90909,卖盘
2384,09:39:18,9.99,-0.01,2,1998,卖盘
2385,09:39:15,10.0,0.01,12,12000,买盘
2386,09:39:06,9.99,--,201,200799,卖盘
2387,09:39:03,9.99,--,5,4995,卖盘
2388,09:38:57,9.99,--,7,6993,卖盘
2389,09:38:51,9.99,-0.01,7,6993,卖盘
2390,09:38:48,10.0,0.01,19,19000,买盘
2391,09:38:45,9.99,--,20,19980,卖盘
2392,09:38:42,9.99,--,5,4995,卖盘
2393,09:38:39,9.99,-0.01,5,4995,卖盘
2394,09:38:36,10.0,--,20,20000,买盘
2395,09:38:27,10.0,--,10,10000,买盘
2396,09:38:24,10.0,0.01,5,5000,买盘
2397,09:38:15,9.99,-0.01,40,39960,卖盘
2398,09:38:09,10.0,--,90,90000,买盘
2399,09:38:03,10.0,0.01,10,10000,买盘
2400,09:38:00,9.99,-0.01,310,309690,卖盘
2401,09:37:57,10.0,--,11,11000,买盘
2402,09:37:48,10.0,--,6,6000,买盘
2403,09:37:45,10.0,--,3,3000,买盘
2404,09:37:42,10.0,--,2,2000,买盘
2405,09:37:39,10.0,-0.01,55,55000,卖盘
2406,09:37:36,10.01,0.01,10,10010,买盘
2407,09:37:30,10.0,--,41,41000,买盘
2408,09:37:27,10.0,--,20,20000,买盘
2409,09:37:21,10.0,0.01,4,4000,买盘
2410,09:37:18,9.99,--,35,34965,卖盘
2411,09:37:15,9.99,-0.01,1,999,卖盘
2412,09:37:12,10.0,--,100,100000,买盘
2413,09:37:03,10.0,0.01,83,83000,买盘
2414,09:37:00,9.99,--,229,228771,卖盘
2415,09:36:57,9.99,--,230,229770,卖盘
2416,09:36:54,9.99,--,5,4995,卖盘
2417,09:36:42,9.99,--,6,5994,卖盘
2418,09:36:39,9.99,--,171,170838,买盘
2419,09:36:36,9.99,--,24,23976,买盘
2420,09:36:24,9.99,--,16,15984,买盘
2421,09:36:21,9.99,--,22,21978,买盘
2422,09:36:18,9.99,0.01,50,49950,买盘
2423,09:36:06,9.98,-0.01,11,10978,卖盘
2424,09:36:03,9.99,0.01,10,9990,买盘
2425,09:35:54,9.98,-0.01,5,4990,卖盘
2426,09:35:51,9.99,--,7,6993,买盘
2427,09:35:42,9.99,--,135,135854,卖盘
2428,09:35:39,9.99,--,38,37971,买盘
2429,09:35:30,9.99,--,24,23976,买盘
2430,09:35:24,9.99,--,5,4995,买盘
2431,09:35:18,9.99,-0.01,117,117872,卖盘
2432,09:35:15,10.0,0.01,20,20000,买盘
2433,09:35:12,9.99,--,5,4995,卖盘
2434,09:35:06,9.99,-0.01,35,34965,卖盘
2435,09:35:00,10.0,--,30,30000,买盘
2436,09:34:51,10.0,0.01,15,15000,买盘
2437,09:34:48,9.99,0.01,8,8001,买盘
2438,09:34:45,9.98,--,50,49900,卖盘
2439,09:34:42,9.98,-0.01,2,1996,卖盘
2440,09:34:39,9.99,0.01,58,57942,买盘
2441,09:34:36,9.98,-0.01,1,998,卖盘
2442,09:34:33,9.99,--,65,64935,买盘
2443,09:34:30,9.99,--,66,65934,买盘
2444,09:34:24,9.99,--,6,5994,买盘
2445,09:34:21,9.99,--,16,15984,买盘
2446,09:34:18,9.99,--,27,26973,买盘
2447,09:34:06,9.99,--,80,79920,买盘
2448,09:34:00,9.99,--,10,9990,买盘
2449,09:33:57,9.99,--,107,106893,买盘
2450,09:33:54,9.99,--,8,7992,买盘
2451,09:33:51,9.99,-0.01,58,58931,卖盘
2452,09:33:45,10.0,0.01,3,3000,买盘
2453,09:33:42,9.99,--,15,14994,买盘
2454,09:33:39,9.99,--,53,53936,卖盘
2455,09:33:36,9.99,-0.01,8,7992,卖盘
2456,09:33:30,10.0,--,2,2000,卖盘
2457,09:33:27,10.0,-0.01,2,2000,卖盘
2458,09:33:24,10.01,--,8,8008,买盘
2459,09:33:15,10.01,0.02,3,3003,买盘
2460,09:33:12,9.99,-0.01,22,21987,卖盘
2461,09:33:09,10.0,-0.01,14,14990,卖盘
2462,09:33:06,10.01,0.01,3,3003,买盘
2463,09:33:00,10.0,-0.01,33,33000,卖盘
2464,09:32:57,10.01,0.01,31,31031,买盘
2465,09:32:51,10.0,--,10,10000,卖盘
2466,09:32:42,10.0,--,14,14010,买盘
2467,09:32:30,10.0,0.01,81,81000,买盘
2468,09:32:15,9.99,--,9,8991,买盘
2469,09:32:12,9.99,--,291,291698,卖盘
2470,09:32:09,9.99,-0.01,8,7992,卖盘
2471,09:32:06,10.0,0.01,6,6000,买盘
2472,09:31:57,9.99,0.01,196,195813,买盘
2473,09:31:51,9.98,-0.01,13,13962,卖盘
2474,09:31:48,9.99,0.01,16,15984,买盘
2475,09:31:45,9.98,--,4,4001,卖盘
2476,09:31:42,9.98,--,13,12974,卖盘
2477,09:31:39,9.98,0.01,2,1996,中性盘
2478,09:31:24,9.97,--,82,81754,买盘
2479,09:31:21,9.97,0.01,111,110667,卖盘
2480,09:31:18,9.96,-0.02,116,115536,卖盘
2481,09:31:15,9.98,-0.01,20,19960,买盘
2482,09:31:09,9.99,--,10,9990,买盘
2483,09:31:00,9.99,--,1,999,买盘
2484,09:30:57,9.99,0.02,1,999,买盘
2485,09:30:54,9.97,-0.02,9,8973,卖盘
2486,09:30:51,9.99,0.02,10,9990,买盘
2487,09:30:45,9.97,-0.02,3,2991,卖盘
2488,09:30:42,9.99,0.02,110,109890,买盘
2489,09:30:36,9.97,-0.02,6,5982,卖盘
2490,09:30:33,9.99,--,3,2997,买盘
2491,09:30:27,9.99,--,4,3996,买盘
2492,09:30:18,9.99,0.03,5,4995,中性盘
2493,09:30:06,9.96,--,94,94420,买盘
2494,09:30:03,9.96,-0.09,518,516127,卖盘
2495,09:30:00,10.05,0.09,445,447225,买盘
2496,09:25:03,9.96,9.96,312,311548,买盘
