,time,price,change,volume,amount,type
0,15:00:03,8.73,0.04,25069,21885237,买盘
1,14:57:00,8.69,-0.01,191,165979,卖盘
2,14:56:57,8.7,0.01,95,82650,买盘
3,14:56:54,8.69,--,1362,1183578,卖盘
4,14:56:51,8.69,--,41,35629,卖盘
5,14:56:48,8.69,-0.01,28,24332,卖盘
6,14:56:45,8.7,--,299,260129,买盘
7,14:56:42,8.7,--,197,171390,买盘
8,14:56:39,8.7,0.01,235,204449,买盘
9,14:56:36,8.69,--,284,246796,卖盘
10,14:56:33,8.69,-0.01,135,117315,卖盘
11,14:56:30,8.7,0.01,121,105269,买盘
12,14:56:27,8.69,--,30,26070,卖盘
13,14:56:24,8.69,-0.01,566,491854,卖盘
14,14:56:21,8.7,0.01,290,252299,买盘
15,14:56:18,8.69,--,422,366718,卖盘
16,14:56:15,8.69,--,1102,957638,卖盘
17,14:56:12,8.69,-0.01,99,86031,卖盘
18,14:56:09,8.7,--,257,223589,买盘
19,14:56:06,8.7,0.01,58,50459,买盘
20,14:56:03,8.69,-0.01,463,402347,卖盘
21,14:56:00,8.7,--,118,102659,买盘
22,14:55:57,8.7,0.01,357,310590,买盘
23,14:55:54,8.69,-0.01,255,221595,卖盘
24,14:55:51,8.7,0.01,128,111359,买盘
25,14:55:48,8.69,-0.01,2048,1779712,卖盘
26,14:55:45,8.7,--,253,220109,买盘
27,14:55:42,8.7,--,24,20880,买盘
28,14:55:39,8.7,--,150,130499,买盘
29,14:55:36,8.7,--,35,30449,买盘
30,14:55:33,8.7,0.01,56,48719,买盘
31,14:55:30,8.69,--,73,63437,卖盘
32,14:55:27,8.69,-0.01,511,444302,卖盘
33,14:55:24,8.7,0.01,118,102659,买盘
34,14:55:21,8.69,--,531,461439,买盘
35,14:55:18,8.69,--,37,32152,买盘
36,14:55:15,8.69,--,73,63437,买盘
37,14:55:12,8.69,--,2091,1817079,卖盘
38,14:55:09,8.69,--,143,124267,卖盘
39,14:55:06,8.69,--,483,419727,卖盘
40,14:55:03,8.69,-0.01,50,43450,卖盘
41,14:55:00,8.7,--,80,69600,买盘
42,14:54:57,8.7,--,217,188789,买盘
43,14:54:54,8.7,0.01,132,114839,买盘
44,14:54:51,8.69,-0.01,18,15642,卖盘
45,14:54:48,8.7,--,122,106139,买盘
46,14:54:45,8.7,--,21,18270,买盘
47,14:54:42,8.7,--,130,113099,买盘
48,14:54:39,8.7,--,40,34800,买盘
49,14:54:36,8.7,--,278,241859,买盘
50,14:54:33,8.7,--,36,31319,买盘
51,14:54:30,8.7,0.01,27,23489,买盘
52,14:54:27,8.69,-0.01,245,212905,卖盘
53,14:54:24,8.7,--,409,355830,买盘
54,14:54:21,8.7,--,198,172260,买盘
55,14:54:18,8.7,0.01,173,150510,买盘
56,14:54:15,8.69,-0.01,157,136433,卖盘
57,14:54:12,8.7,--,609,529830,买盘
58,14:54:09,8.7,--,163,141810,买盘
59,14:54:06,8.7,--,566,492419,买盘
60,14:54:03,8.7,0.01,308,267960,买盘
61,14:54:00,8.69,-0.01,29,25201,卖盘
62,14:53:57,8.7,--,102,88740,买盘
63,14:53:54,8.7,--,176,153120,买盘
64,14:53:51,8.7,0.01,1,869,买盘
65,14:53:48,8.69,--,12,10428,卖盘
66,14:53:45,8.69,-0.01,254,220726,卖盘
67,14:53:42,8.7,0.01,732,636840,买盘
68,14:53:39,8.69,-0.01,136,118184,卖盘
69,14:53:36,8.7,--,221,192269,买盘
70,14:53:33,8.7,0.01,1,869,买盘
71,14:53:30,8.69,-0.01,383,332827,卖盘
72,14:53:27,8.7,0.01,32,27839,买盘
73,14:53:24,8.69,-0.01,70,60830,卖盘
74,14:53:21,8.7,--,55,47849,买盘
75,14:53:18,8.7,--,74,64379,买盘
76,14:53:15,8.7,0.01,304,264480,买盘
77,14:53:12,8.69,-0.01,68,59092,卖盘
78,14:53:09,8.7,0.01,177,153990,买盘
79,14:53:06,8.69,0.01,613,532697,买盘
80,14:53:03,8.68,--,38,32984,卖盘
81,14:53:00,8.68,--,249,216132,卖盘
82,14:52:57,8.68,-0.01,154,133672,卖盘
83,14:52:54,8.69,0.01,1059,920271,买盘
84,14:52:51,8.68,-0.01,538,466984,卖盘
85,14:52:45,8.69,0.01,25,21725,买盘
86,14:52:42,8.68,-0.01,972,843696,卖盘
87,14:52:39,8.69,--,86,74734,买盘
88,14:52:36,8.69,0.01,4,3476,买盘
89,14:52:33,8.68,-0.01,10,8680,卖盘
90,14:52:30,8.69,--,156,135564,买盘
91,14:52:27,8.69,--,292,253748,买盘
92,14:52:24,8.69,--,25,21725,卖盘
93,14:52:21,8.69,--,1089,946341,卖盘
94,14:52:18,8.69,--,163,141647,买盘
95,14:52:15,8.69,0.01,1199,1041930,买盘
96,14:52:12,8.68,-0.01,49,42532,卖盘
97,14:52:09,8.69,-0.01,113,98197,卖盘
98,14:52:06,8.7,0.01,135,117449,买盘
99,14:52:03,8.69,-0.01,42,36498,卖盘
100,14:52:00,8.7,0.02,86,74820,买盘
101,14:51:57,8.68,-0.01,1267,1099756,卖盘
102,14:51:54,8.69,0.01,57,49533,买盘
103,14:51:51,8.68,--,20,17360,卖盘
104,14:51:48,8.68,-0.01,188,163184,卖盘
105,14:51:45,8.69,--,186,161634,买盘
106,14:51:42,8.69,--,161,139909,买盘
107,14:51:39,8.69,--,32,27808,买盘
108,14:51:36,8.69,--,639,555291,买盘
109,14:51:33,8.69,--,52,45188,买盘
110,14:51:30,8.69,--,14,12166,买盘
111,14:51:27,8.69,--,31,26939,买盘
112,14:51:24,8.69,--,444,385836,卖盘
113,14:51:21,8.69,--,39,33891,卖盘
114,14:51:18,8.69,-0.01,138,119922,卖盘
115,14:51:15,8.7,--,141,122669,买盘
116,14:51:12,8.7,0.01,120,104399,买盘
117,14:51:09,8.69,-0.01,1171,1017598,卖盘
118,14:51:06,8.7,--,223,194009,买盘
119,14:51:03,8.7,--,458,398459,买盘
120,14:51:00,8.7,--,35,30449,买盘
121,14:50:57,8.7,0.01,532,462839,买盘
122,14:50:54,8.69,--,100,86900,卖盘
123,14:50:51,8.69,--,61,53009,卖盘
124,14:50:48,8.69,-0.01,340,295460,卖盘
125,14:50:45,8.7,--,422,367139,买盘
126,14:50:42,8.7,--,323,281010,买盘
127,14:50:39,8.7,--,408,354960,买盘
128,14:50:36,8.7,--,46,40020,买盘
129,14:50:33,8.7,--,179,155730,买盘
130,14:50:30,8.7,--,283,246209,买盘
131,14:50:27,8.7,--,150,130499,买盘
132,14:50:24,8.7,--,159,138330,买盘
133,14:50:21,8.7,--,1,869,买盘
134,14:50:18,8.7,--,172,149640,买盘
135,14:50:15,8.7,-0.01,41,36296,卖盘
136,14:50:12,8.71,0.01,161,140474,买盘
137,14:50:09,8.7,--,458,398459,卖盘
138,14:50:06,8.7,0.01,104,90479,中性盘
139,14:50:03,8.69,-0.01,3591,3121100,卖盘
140,14:50:00,8.7,-0.01,147,127889,卖盘
141,14:49:57,8.71,0.01,119,103649,买盘
142,14:49:54,8.7,-0.01,17,14789,中性盘
143,14:49:51,8.71,0.01,324,282204,买盘
144,14:49:48,8.7,-0.01,1999,1739443,卖盘
145,14:49:45,8.71,--,364,317044,买盘
146,14:49:42,8.71,0.01,116,101036,买盘
147,14:49:39,8.7,-0.01,20,17400,卖盘
148,14:49:36,8.71,0.01,24,20904,买盘
149,14:49:33,8.7,--,62,53939,卖盘
150,14:49:30,8.7,-0.01,253,220109,卖盘
151,14:49:27,8.71,0.01,40,34840,买盘
152,14:49:24,8.7,--,277,240989,卖盘
153,14:49:21,8.7,-0.01,155,134850,卖盘
154,14:49:18,8.71,0.01,59,51389,买盘
155,14:49:15,8.7,-0.01,181,157470,卖盘
156,14:49:12,8.71,--,130,113230,买盘
157,14:49:09,8.71,0.01,109,94939,买盘
158,14:49:06,8.7,-0.01,38,33060,卖盘
159,14:49:03,8.71,--,1321,1150591,买盘
160,14:49:00,8.71,--,101,87971,买盘
161,14:48:57,8.71,--,346,301366,买盘
162,14:48:54,8.71,--,102,88842,买盘
163,14:48:51,8.71,--,74,64454,买盘
164,14:48:48,8.71,--,55,47905,买盘
165,14:48:45,8.71,--,87,75777,买盘
166,14:48:42,8.71,--,152,132392,买盘
167,14:48:39,8.71,--,118,102778,买盘
168,14:48:36,8.71,--,1287,1120977,买盘
169,14:48:33,8.71,--,82,71422,买盘
170,14:48:30,8.71,--,104,90584,买盘
171,14:48:27,8.71,--,815,709865,买盘
172,14:48:24,8.71,--,737,641927,买盘
173,14:48:21,8.71,0.01,22,19162,买盘
174,14:48:18,8.7,-0.01,84,73080,卖盘
175,14:48:15,8.71,--,393,342303,买盘
176,14:48:12,8.71,--,163,141973,买盘
177,14:48:09,8.71,--,87,75777,买盘
178,14:48:06,8.71,--,257,223847,买盘
179,14:48:03,8.71,0.01,364,317044,买盘
180,14:48:00,8.7,--,52,45239,卖盘
181,14:47:57,8.7,-0.01,150,130499,卖盘
182,14:47:54,8.71,0.01,35,30485,买盘
183,14:47:51,8.7,-0.01,64,55679,卖盘
184,14:47:48,8.71,0.01,115,100165,买盘
185,14:47:45,8.7,--,52,45239,卖盘
186,14:47:42,8.7,-0.01,141,122669,卖盘
187,14:47:39,8.71,--,300,261300,卖盘
188,14:47:36,8.71,0.01,86,74906,买盘
189,14:47:33,8.7,-0.01,306,266220,卖盘
190,14:47:30,8.71,0.01,192,167232,买盘
191,14:47:27,8.7,--,258,224807,卖盘
192,14:47:24,8.7,-0.01,119,103529,卖盘
193,14:47:21,8.71,0.01,178,155038,买盘
194,14:47:18,8.7,--,181,157470,卖盘
195,14:47:15,8.7,-0.01,968,842159,卖盘
196,14:47:12,8.71,0.01,97,84487,买盘
197,14:47:09,8.7,-0.01,120,104399,卖盘
198,14:47:06,8.71,0.01,278,242138,买盘
199,14:47:03,8.7,--,488,424559,卖盘
200,14:47:00,8.7,-0.01,813,707310,卖盘
201,14:46:57,8.71,--,30,26130,买盘
202,14:46:54,8.71,0.01,120,104520,买盘
203,14:46:51,8.7,-0.01,146,127019,卖盘
204,14:46:48,8.71,--,21,18291,买盘
205,14:46:45,8.71,0.01,338,294398,买盘
206,14:46:42,8.7,-0.01,59,51329,卖盘
207,14:46:39,8.71,--,47,40937,买盘
208,14:46:36,8.71,--,318,277152,卖盘
209,14:46:33,8.71,--,126,109746,卖盘
210,14:46:30,8.71,--,176,153296,卖盘
211,14:46:27,8.71,--,266,231686,卖盘
212,14:46:24,8.71,--,150,130650,卖盘
213,14:46:21,8.71,--,515,448565,卖盘
214,14:46:18,8.71,--,373,325579,卖盘
215,14:46:15,8.71,-0.01,262,228202,卖盘
216,14:46:12,8.72,0.01,21,18312,买盘
217,14:46:09,8.71,-0.01,63,54873,卖盘
218,14:46:06,8.72,0.01,208,181376,买盘
219,14:46:03,8.71,--,437,380627,卖盘
220,14:46:00,8.71,--,41,35711,卖盘
221,14:45:57,8.71,-0.01,92,80132,卖盘
222,14:45:54,8.72,0.01,165,143880,买盘
223,14:45:51,8.71,--,394,343174,卖盘
224,14:45:48,8.71,--,608,529568,卖盘
225,14:45:45,8.71,-0.01,111,96681,卖盘
226,14:45:42,8.72,--,100,87200,买盘
227,14:45:39,8.72,--,179,156088,买盘
228,14:45:36,8.72,0.01,313,272936,买盘
229,14:45:33,8.71,-0.01,247,215137,卖盘
230,14:45:30,8.72,--,300,261600,买盘
231,14:45:27,8.72,0.01,135,117720,买盘
232,14:45:24,8.71,--,136,118456,卖盘
233,14:45:21,8.71,-0.01,141,122811,卖盘
234,14:45:18,8.72,0.01,239,208408,买盘
235,14:45:15,8.71,--,226,196846,卖盘
236,14:45:12,8.71,-0.01,77,67067,卖盘
237,14:45:09,8.72,--,160,139520,卖盘
238,14:45:06,8.72,--,245,213640,卖盘
239,14:45:03,8.72,--,299,260728,卖盘
240,14:45:00,8.72,--,293,255496,卖盘
241,14:44:57,8.72,-0.01,53,46216,卖盘
242,14:44:54,8.73,0.01,227,198171,买盘
243,14:44:51,8.72,--,695,606040,买盘
244,14:44:48,8.72,--,463,403736,卖盘
245,14:44:45,8.72,-0.01,168,146496,卖盘
246,14:44:42,8.73,0.01,658,574434,买盘
247,14:44:39,8.72,--,73,63656,买盘
248,14:44:36,8.72,--,187,163064,买盘
249,14:44:33,8.72,--,372,324384,买盘
250,14:44:30,8.72,--,215,187480,买盘
251,14:44:27,8.72,--,219,190968,买盘
252,14:44:24,8.72,-0.01,51,44472,中性盘
253,14:44:21,8.73,0.01,163,142299,买盘
254,14:44:18,8.72,--,216,188352,中性盘
255,14:44:15,8.72,--,42,36624,买盘
256,14:44:12,8.72,-0.01,1751,1526872,卖盘
257,14:44:09,8.73,0.01,565,493245,买盘
258,14:44:06,8.72,-0.01,159,138648,卖盘
259,14:44:03,8.73,0.01,94,82062,买盘
260,14:44:00,8.72,--,986,859792,买盘
261,14:43:57,8.72,--,793,691496,买盘
262,14:43:54,8.72,--,474,413328,买盘
263,14:43:51,8.72,--,390,340080,买盘
264,14:43:48,8.72,--,96,83712,买盘
265,14:43:45,8.72,--,495,431640,买盘
266,14:43:42,8.72,-0.01,602,524944,卖盘
267,14:43:39,8.73,--,950,829350,买盘
268,14:43:36,8.73,--,1157,1010061,买盘
269,14:43:33,8.73,--,513,447849,买盘
270,14:43:30,8.73,--,120,104760,买盘
271,14:43:27,8.73,--,676,590148,买盘
272,14:43:24,8.73,--,617,538641,买盘
273,14:43:21,8.73,--,384,335232,买盘
274,14:43:18,8.73,--,335,292455,买盘
275,14:43:15,8.73,0.01,167,145791,买盘
276,14:43:12,8.72,--,363,316536,卖盘
277,14:43:09,8.72,0.01,854,744688,买盘
278,14:43:06,8.71,-0.01,154,134134,卖盘
279,14:43:03,8.72,--,667,581624,买盘
280,14:43:00,8.72,0.01,328,286016,买盘
281,14:42:57,8.71,-0.01,128,111488,卖盘
282,14:42:54,8.72,--,185,161320,买盘
283,14:42:51,8.72,--,651,567672,卖盘
284,14:42:48,8.72,--,295,257240,卖盘
285,14:42:45,8.72,0.01,4623,4031256,买盘
286,14:42:42,8.71,--,217,189007,买盘
287,14:42:39,8.71,--,359,312689,买盘
288,14:42:36,8.71,--,288,250848,买盘
289,14:42:33,8.71,--,1319,1148849,买盘
290,14:42:30,8.71,--,36,31356,买盘
291,14:42:27,8.71,0.01,206,179426,买盘
292,14:42:24,8.7,--,5,4350,卖盘
293,14:42:21,8.7,--,163,141810,卖盘
294,14:42:18,8.7,--,873,759718,买盘
295,14:42:15,8.7,--,1025,891749,买盘
296,14:42:12,8.7,--,1529,1330230,买盘
297,14:42:09,8.7,--,166,144420,买盘
298,14:42:06,8.7,--,35,30449,买盘
299,14:42:03,8.7,--,228,198359,买盘
300,14:42:00,8.7,--,84,73080,买盘
301,14:41:57,8.7,0.01,100,87000,买盘
302,14:41:54,8.69,-0.01,319,277211,卖盘
303,14:41:51,8.7,0.01,834,725579,买盘
304,14:41:48,8.69,--,184,159896,卖盘
305,14:41:45,8.69,--,164,142516,卖盘
306,14:41:42,8.69,--,1929,1676301,买盘
307,14:41:39,8.69,--,27,23463,买盘
308,14:41:36,8.69,--,26,22594,买盘
309,14:41:33,8.69,--,287,249403,买盘
310,14:41:30,8.69,--,72,62568,买盘
311,14:41:27,8.69,0.01,716,622204,买盘
312,14:41:24,8.68,-0.01,320,277760,卖盘
313,14:41:21,8.69,0.01,1325,1151425,买盘
314,14:41:18,8.68,-0.01,49,42532,卖盘
315,14:41:15,8.69,0.01,57,49533,买盘
316,14:41:12,8.68,-0.01,53,46004,卖盘
317,14:41:09,8.69,0.01,212,184228,买盘
318,14:41:06,8.68,-0.01,55,47740,卖盘
319,14:41:03,8.69,--,735,638715,买盘
320,14:41:00,8.69,0.01,150,130349,买盘
321,14:40:57,8.68,-0.01,461,400148,卖盘
322,14:40:54,8.69,0.01,118,102542,买盘
323,14:40:51,8.68,-0.01,46,39928,卖盘
324,14:40:48,8.69,--,536,465784,买盘
325,14:40:45,8.69,0.01,17,14773,买盘
326,14:40:42,8.68,--,61,52948,卖盘
327,14:40:39,8.68,-0.01,38,32984,卖盘
328,14:40:36,8.69,--,624,542256,买盘
329,14:40:33,8.69,--,67,58223,买盘
330,14:40:30,8.69,--,617,536173,买盘
331,14:40:27,8.69,0.01,153,132957,买盘
332,14:40:24,8.68,--,20,17360,卖盘
333,14:40:21,8.68,-0.01,76,65968,卖盘
334,14:40:18,8.69,--,124,107756,买盘
335,14:40:15,8.69,0.01,146,126874,买盘
336,14:40:12,8.68,-0.01,87,75516,卖盘
337,14:40:09,8.69,--,203,176407,买盘
338,14:40:06,8.69,0.01,73,63437,买盘
339,14:40:03,8.68,--,313,271684,卖盘
340,14:40:00,8.68,-0.01,42,36456,卖盘
341,14:39:57,8.69,--,144,125136,买盘
342,14:39:54,8.69,--,161,139909,买盘
343,14:39:51,8.69,--,2,1738,买盘
344,14:39:48,8.69,0.01,63,54747,买盘
345,14:39:45,8.68,--,30,26040,卖盘
346,14:39:42,8.68,--,27,23436,卖盘
347,14:39:39,8.68,-0.01,132,114576,卖盘
348,14:39:36,8.69,0.01,12,10428,买盘
349,14:39:33,8.68,-0.01,107,92876,卖盘
350,14:39:30,8.69,--,84,72996,买盘
351,14:39:27,8.69,--,378,328482,买盘
352,14:39:24,8.69,0.01,231,200739,买盘
353,14:39:21,8.68,-0.01,476,413168,卖盘
354,14:39:18,8.69,--,130,112970,买盘
355,14:39:15,8.69,0.01,227,197263,买盘
356,14:39:12,8.68,-0.01,83,72044,卖盘
357,14:39:09,8.69,0.01,47,40843,买盘
358,14:39:06,8.68,--,59,51212,卖盘
359,14:39:03,8.68,--,146,126728,卖盘
360,14:39:00,8.68,-0.01,146,126728,卖盘
361,14:38:57,8.69,--,110,95590,买盘
362,14:38:54,8.69,--,209,181621,卖盘
363,14:38:51,8.69,--,205,178145,卖盘
364,14:38:48,8.69,--,6,5214,卖盘
365,14:38:45,8.69,--,62,53878,卖盘
366,14:38:42,8.69,0.01,586,509233,买盘
367,14:38:39,8.68,-0.01,62,53816,卖盘
368,14:38:36,8.69,-0.01,1058,919402,买盘
369,14:38:33,8.7,0.01,422,367139,买盘
370,14:38:30,8.69,--,16,13904,买盘
371,14:38:27,8.69,--,741,643929,买盘
372,14:38:24,8.69,--,1842,1600698,卖盘
373,14:38:21,8.69,-0.01,2613,2270697,卖盘
374,14:38:18,8.7,--,83,72210,买盘
375,14:38:15,8.7,--,96,83520,买盘
376,14:38:12,8.7,--,519,451529,买盘
377,14:38:09,8.7,--,845,735149,卖盘
378,14:38:06,8.7,--,443,385409,卖盘
379,14:38:03,8.7,--,261,227069,卖盘
380,14:38:00,8.7,--,659,573330,买盘
381,14:37:57,8.7,--,698,607260,买盘
382,14:37:54,8.7,--,611,531570,买盘
383,14:37:51,8.7,--,1292,1124040,买盘
384,14:37:48,8.7,--,168,146160,买盘
385,14:37:45,8.7,0.01,993,863909,买盘
386,14:37:42,8.69,-0.01,372,323268,卖盘
387,14:37:39,8.7,--,1388,1207560,买盘
388,14:37:36,8.7,0.01,237,206189,买盘
389,14:37:33,8.69,--,173,150337,卖盘
390,14:37:30,8.69,--,1363,1184447,卖盘
391,14:37:27,8.69,--,367,318923,卖盘
392,14:37:24,8.69,--,1221,1061049,卖盘
393,14:37:21,8.69,--,397,344993,卖盘
394,14:37:18,8.69,0.01,2706,2351514,买盘
395,14:37:15,8.68,-0.01,309,268212,卖盘
396,14:37:12,8.69,0.01,452,392788,买盘
397,14:37:09,8.68,-0.01,352,305536,卖盘
398,14:37:06,8.69,0.01,95,82555,买盘
399,14:37:03,8.68,-0.01,634,550312,卖盘
400,14:37:00,8.69,--,358,311102,买盘
401,14:36:57,8.69,0.01,164,142516,买盘
402,14:36:54,8.68,--,863,749084,买盘
403,14:36:51,8.68,--,1055,915740,买盘
404,14:36:48,8.68,--,2033,1764644,买盘
405,14:36:45,8.68,0.01,372,322896,买盘
406,14:36:42,8.67,--,72,62424,卖盘
407,14:36:39,8.67,--,295,255765,卖盘
408,14:36:36,8.67,--,1531,1327897,买盘
409,14:36:33,8.67,0.01,1335,1157445,买盘
410,14:36:30,8.66,-0.01,158,136828,卖盘
411,14:36:27,8.67,0.01,67,58089,买盘
412,14:36:24,8.66,--,1042,903064,买盘
413,14:36:21,8.66,--,55,47630,买盘
414,14:36:18,8.66,--,1147,993302,买盘
415,14:36:15,8.66,--,52,45032,买盘
416,14:36:12,8.66,0.01,54,46764,买盘
417,14:36:09,8.65,-0.01,45,38925,卖盘
418,14:36:06,8.66,0.01,34,29444,买盘
419,14:36:03,8.65,-0.01,159,137535,卖盘
420,14:36:00,8.66,0.01,190,164540,买盘
421,14:35:57,8.65,-0.01,19,16435,卖盘
422,14:35:54,8.66,--,18,15588,买盘
423,14:35:51,8.66,--,5,4330,买盘
424,14:35:48,8.66,--,197,170602,买盘
425,14:35:45,8.66,--,26,22516,买盘
426,14:35:42,8.66,0.01,114,98724,买盘
427,14:35:39,8.65,-0.01,403,348595,卖盘
428,14:35:36,8.66,--,165,142890,买盘
429,14:35:33,8.66,--,334,289244,买盘
430,14:35:30,8.66,0.01,193,167138,买盘
431,14:35:27,8.65,-0.01,27,23355,卖盘
432,14:35:24,8.66,--,399,345534,买盘
433,14:35:21,8.66,--,10,8660,买盘
434,14:35:18,8.66,0.01,20,17320,买盘
435,14:35:15,8.65,-0.01,533,461045,卖盘
436,14:35:12,8.66,0.01,72,62352,买盘
437,14:35:09,8.65,--,83,71795,卖盘
438,14:35:06,8.65,-0.01,542,468830,卖盘
439,14:35:03,8.66,0.01,18,15588,买盘
440,14:35:00,8.65,-0.01,491,424715,卖盘
441,14:34:57,8.66,0.01,98,84868,买盘
442,14:34:54,8.65,-0.01,51,44115,卖盘
443,14:34:51,8.66,--,94,81404,买盘
444,14:34:48,8.66,--,29,25114,买盘
445,14:34:45,8.66,--,151,130766,买盘
446,14:34:42,8.66,--,50,43300,买盘
447,14:34:39,8.66,--,3,2598,买盘
448,14:34:36,8.66,--,158,136828,买盘
449,14:34:33,8.66,--,233,201778,买盘
450,14:34:30,8.66,--,607,525662,卖盘
451,14:34:27,8.66,--,472,408752,买盘
452,14:34:24,8.66,--,58,50228,买盘
453,14:34:21,8.66,--,431,373246,买盘
454,14:34:18,8.66,-0.01,360,311760,卖盘
455,14:34:15,8.67,--,101,87567,买盘
456,14:34:12,8.67,0.01,342,296514,买盘
457,14:34:09,8.66,--,373,323018,卖盘
458,14:34:06,8.66,--,1002,867732,卖盘
459,14:34:03,8.66,-0.01,168,145488,卖盘
460,14:34:00,8.67,--,279,241893,买盘
461,14:33:57,8.67,-0.01,408,353736,卖盘
462,14:33:54,8.68,--,274,237832,买盘
463,14:33:51,8.68,0.01,261,226548,买盘
464,14:33:48,8.67,-0.01,775,671925,卖盘
465,14:33:45,8.68,0.01,944,819392,买盘
466,14:33:42,8.67,--,1049,909483,买盘
467,14:33:39,8.67,--,21,18207,买盘
468,14:33:36,8.67,--,196,169932,买盘
469,14:33:33,8.67,--,576,499392,买盘
470,14:33:30,8.67,--,2141,1856247,买盘
471,14:33:27,8.67,--,483,418761,买盘
472,14:33:24,8.67,0.01,189,163863,买盘
473,14:33:21,8.66,-0.01,82,71012,卖盘
474,14:33:18,8.67,--,95,82365,买盘
475,14:33:15,8.67,--,122,105774,买盘
476,14:33:12,8.67,--,353,306051,买盘
477,14:33:09,8.67,--,174,150858,买盘
478,14:33:06,8.67,0.02,70,60690,买盘
479,14:33:03,8.65,-0.01,3704,3203960,卖盘
480,14:33:00,8.66,--,709,613994,买盘
481,14:32:57,8.66,0.01,139,120374,买盘
482,14:32:54,8.65,--,289,249985,卖盘
483,14:32:51,8.65,-0.01,47,40655,买盘
484,14:32:48,8.66,0.02,3095,2680270,买盘
485,14:32:45,8.64,-0.01,266,229824,卖盘
486,14:32:42,8.65,0.01,96,83040,买盘
487,14:32:39,8.64,--,22,19008,卖盘
488,14:32:36,8.64,--,284,245376,卖盘
489,14:32:33,8.64,--,1056,912384,买盘
490,14:32:30,8.64,--,900,777600,买盘
491,14:32:27,8.64,--,524,452736,买盘
492,14:32:24,8.64,--,105,90720,买盘
493,14:32:21,8.64,0.01,356,307584,买盘
494,14:32:18,8.63,-0.01,15,12945,卖盘
495,14:32:15,8.64,0.01,4,3456,买盘
496,14:32:12,8.63,--,44,37972,卖盘
497,14:32:09,8.63,--,488,421144,买盘
498,14:32:06,8.63,0.01,242,208846,买盘
499,14:32:03,8.62,-0.01,159,137058,卖盘
500,14:32:00,8.63,--,925,798275,买盘
501,14:31:57,8.63,0.01,739,637757,买盘
502,14:31:54,8.62,-0.01,368,317216,卖盘
503,14:31:51,8.63,0.01,45,38835,买盘
504,14:31:48,8.62,-0.01,180,155160,卖盘
505,14:31:45,8.63,--,62,53506,买盘
506,14:31:42,8.63,--,45,38835,买盘
507,14:31:39,8.63,--,26,22438,买盘
508,14:31:36,8.63,0.01,642,554046,买盘
509,14:31:33,8.62,--,202,174123,卖盘
510,14:31:30,8.62,--,90,77580,卖盘
511,14:31:27,8.62,-0.01,77,66374,卖盘
512,14:31:24,8.63,--,44,37972,买盘
513,14:31:21,8.63,--,154,132902,买盘
514,14:31:18,8.63,--,264,227832,买盘
515,14:31:15,8.63,0.01,59,50917,买盘
516,14:31:12,8.62,-0.01,154,132920,卖盘
517,14:31:09,8.63,0.01,60,51780,买盘
518,14:31:06,8.62,-0.01,153,131886,卖盘
519,14:31:03,8.63,--,89,76807,买盘
520,14:31:00,8.63,0.01,317,273571,买盘
521,14:30:57,8.62,-0.01,152,131023,卖盘
522,14:30:54,8.63,--,2,1726,买盘
523,14:30:51,8.63,--,59,50917,买盘
524,14:30:48,8.63,--,463,399569,买盘
525,14:30:45,8.63,--,96,82848,买盘
526,14:30:42,8.63,--,3,2589,买盘
527,14:30:39,8.63,--,319,275297,买盘
528,14:30:36,8.63,0.01,100,86300,买盘
529,14:30:33,8.62,-0.01,163,140506,卖盘
530,14:30:30,8.63,--,145,125135,买盘
531,14:30:27,8.63,--,174,150162,买盘
532,14:30:24,8.63,--,34,29342,买盘
533,14:30:18,8.63,--,17,14671,买盘
534,14:30:15,8.63,--,73,62999,买盘
535,14:30:12,8.63,0.01,9,7767,买盘
536,14:30:09,8.62,--,50,43099,卖盘
537,14:30:06,8.62,--,28,24135,卖盘
538,14:30:03,8.62,--,288,248255,买盘
539,14:30:00,8.62,--,832,717183,买盘
540,14:29:57,8.62,--,90,77580,买盘
541,14:29:54,8.62,--,428,368935,买盘
542,14:29:51,8.62,0.01,1,861,买盘
543,14:29:48,8.61,--,5,4305,卖盘
544,14:29:45,8.61,--,108,92988,卖盘
545,14:29:42,8.61,0.01,2246,1933805,买盘
546,14:29:39,8.6,--,339,292056,买盘
547,14:29:36,8.6,0.01,70,60200,买盘
548,14:29:33,8.59,-0.01,117,100503,卖盘
549,14:29:30,8.6,--,169,145340,买盘
550,14:29:27,8.6,--,1168,1004480,买盘
551,14:29:24,8.6,--,103,88580,买盘
552,14:29:18,8.6,--,46,39560,买盘
553,14:29:12,8.6,0.01,179,153940,买盘
554,14:29:09,8.59,-0.01,46,39514,卖盘
555,14:29:03,8.6,0.01,28,24080,买盘
556,14:28:57,8.59,-0.01,32,27488,卖盘
557,14:28:51,8.6,0.01,2,1720,买盘
558,14:28:45,8.59,-0.01,665,571235,卖盘
559,14:28:42,8.6,0.01,43,36980,买盘
560,14:28:39,8.59,--,29,24911,卖盘
561,14:28:36,8.59,--,19,16321,卖盘
562,14:28:33,8.59,-0.01,1,859,卖盘
563,14:28:30,8.6,--,11,9460,买盘
564,14:28:27,8.6,0.01,20,17200,买盘
565,14:28:24,8.59,--,67,57553,卖盘
566,14:28:21,8.59,--,80,68720,卖盘
567,14:28:18,8.59,--,298,255982,卖盘
568,14:28:15,8.59,-0.01,323,277457,卖盘
569,14:28:12,8.6,--,58,49880,买盘
570,14:28:09,8.6,0.01,100,86000,买盘
571,14:28:06,8.59,-0.01,13,11167,卖盘
572,14:28:03,8.6,0.01,15,12900,买盘
573,14:28:00,8.59,-0.01,17,14603,卖盘
574,14:27:57,8.6,--,60,51600,买盘
575,14:27:54,8.6,--,42,36120,买盘
576,14:27:51,8.6,0.01,57,49020,买盘
577,14:27:48,8.59,-0.01,185,158915,卖盘
578,14:27:45,8.6,--,112,96320,买盘
579,14:27:42,8.6,--,199,171140,买盘
580,14:27:39,8.6,--,1,860,买盘
581,14:27:36,8.6,--,198,170280,买盘
582,14:27:33,8.6,--,6,5160,买盘
583,14:27:30,8.6,--,52,44720,买盘
584,14:27:27,8.6,--,12,10320,买盘
585,14:27:24,8.6,--,247,212420,买盘
586,14:27:21,8.6,--,76,65360,买盘
587,14:27:18,8.6,--,13,11180,买盘
588,14:27:15,8.6,--,2,1720,买盘
589,14:27:12,8.6,--,18,15480,卖盘
590,14:27:09,8.6,--,52,44720,卖盘
591,14:27:06,8.6,--,35,30100,买盘
592,14:27:03,8.6,--,186,159960,卖盘
593,14:27:00,8.6,--,8,6880,卖盘
594,14:26:54,8.6,--,194,166840,买盘
595,14:26:51,8.6,--,112,96320,买盘
596,14:26:48,8.6,0.01,109,93740,买盘
597,14:26:45,8.59,-0.01,83,71297,卖盘
598,14:26:42,8.6,--,286,245960,买盘
599,14:26:39,8.6,--,7,6020,买盘
600,14:26:36,8.6,--,2,1720,买盘
601,14:26:33,8.6,--,178,153080,卖盘
602,14:26:30,8.6,--,26,22360,卖盘
603,14:26:27,8.6,--,12,10320,卖盘
604,14:26:24,8.6,-0.01,7,6020,卖盘
605,14:26:21,8.61,0.02,2,1722,买盘
606,14:26:18,8.59,-0.01,482,414038,卖盘
607,14:26:15,8.6,--,428,368080,卖盘
608,14:26:12,8.6,--,3,2580,卖盘
609,14:26:09,8.6,--,9,7740,卖盘
610,14:26:06,8.6,--,2,1720,卖盘
611,14:26:03,8.6,--,8,6880,卖盘
612,14:26:00,8.6,-0.01,9,7740,卖盘
613,14:25:57,8.61,0.01,46,39606,买盘
614,14:25:54,8.6,--,79,68258,买盘
615,14:25:51,8.6,--,42,36120,买盘
616,14:25:48,8.6,-0.01,107,92561,卖盘
617,14:25:45,8.61,0.01,31,26691,买盘
618,14:25:42,8.6,--,276,237678,买盘
619,14:25:39,8.6,--,14,12040,买盘
620,14:25:36,8.6,--,414,356212,卖盘
621,14:25:33,8.6,--,442,380808,买盘
622,14:25:30,8.6,--,1,860,买盘
623,14:25:27,8.6,-0.01,119,102512,卖盘
624,14:25:24,8.61,--,595,512294,买盘
625,14:25:21,8.61,--,234,201474,买盘
626,14:25:18,8.61,--,418,359898,买盘
627,14:25:15,8.61,--,68,58547,买盘
628,14:25:12,8.61,--,1,861,买盘
629,14:25:09,8.61,--,366,315126,买盘
630,14:25:06,8.61,--,77,66297,买盘
631,14:25:03,8.61,-0.01,1473,1268253,卖盘
632,14:25:00,8.62,--,1,861,买盘
633,14:24:57,8.62,--,4,3447,买盘
634,14:24:54,8.62,--,21,18102,买盘
635,14:24:51,8.62,--,114,98267,买盘
636,14:24:48,8.62,--,97,83613,买盘
637,14:24:45,8.62,--,21,18102,买盘
638,14:24:42,8.62,--,347,299114,买盘
639,14:24:39,8.62,--,66,56891,买盘
640,14:24:36,8.62,--,43,37066,买盘
641,14:24:33,8.62,--,48,41375,买盘
642,14:24:30,8.62,--,201,173261,买盘
643,14:24:27,8.62,--,44,37928,买盘
644,14:24:24,8.62,--,46,39652,买盘
645,14:24:21,8.62,--,112,96543,买盘
646,14:24:18,8.62,--,619,533578,卖盘
647,14:24:15,8.62,--,428,368935,卖盘
648,14:24:12,8.62,--,244,210327,卖盘
649,14:24:09,8.62,-0.01,27,23273,卖盘
650,14:24:06,8.63,0.01,60,51780,买盘
651,14:24:03,8.62,-0.01,344,296528,卖盘
652,14:24:00,8.63,0.01,101,87163,买盘
653,14:23:57,8.62,-0.01,150,129299,卖盘
654,14:23:54,8.63,--,6,5178,买盘
655,14:23:51,8.63,0.01,3,2589,买盘
656,14:23:48,8.62,--,445,383589,卖盘
657,14:23:45,8.62,-0.01,26,22411,卖盘
658,14:23:42,8.63,0.01,55,47465,买盘
659,14:23:39,8.62,-0.01,39,33618,卖盘
660,14:23:36,8.63,--,99,85437,买盘
661,14:23:33,8.63,--,42,36246,买盘
662,14:23:30,8.63,0.01,21,18123,买盘
663,14:23:27,8.62,-0.01,29,24997,卖盘
664,14:23:24,8.63,--,95,81985,买盘
665,14:23:21,8.63,0.01,4,3452,买盘
666,14:23:18,8.62,-0.01,20,17240,卖盘
667,14:23:15,8.63,--,14,12082,买盘
668,14:23:12,8.63,--,593,511759,买盘
669,14:23:09,8.63,--,153,132039,买盘
670,14:23:06,8.63,--,170,146710,买盘
671,14:23:03,8.63,-0.01,86,74218,卖盘
672,14:23:00,8.64,--,107,92448,买盘
673,14:22:57,8.64,0.01,64,55296,买盘
674,14:22:54,8.63,-0.01,120,103560,卖盘
675,14:22:51,8.64,0.01,96,82944,买盘
676,14:22:45,8.63,--,1058,913054,买盘
677,14:22:42,8.63,--,1107,955341,买盘
678,14:22:39,8.63,--,108,93204,买盘
679,14:22:36,8.63,0.01,28,24164,买盘
680,14:22:33,8.62,--,23,19826,卖盘
681,14:22:30,8.62,--,42,36204,卖盘
682,14:22:27,8.62,-0.01,55,47409,卖盘
683,14:22:24,8.63,--,215,185545,买盘
684,14:22:21,8.63,--,27,23301,买盘
685,14:22:18,8.63,0.01,80,69040,买盘
686,14:22:15,8.62,-0.01,55,47409,卖盘
687,14:22:12,8.63,--,32,27616,买盘
688,14:22:09,8.63,0.01,28,24164,买盘
689,14:22:06,8.62,--,29,24997,卖盘
690,14:22:03,8.62,--,19,16377,卖盘
691,14:22:00,8.62,--,48,41375,卖盘
692,14:21:57,8.62,-0.01,218,187915,卖盘
693,14:21:54,8.63,--,42,36246,买盘
694,14:21:51,8.63,--,113,97519,买盘
695,14:21:48,8.63,--,61,52643,买盘
696,14:21:45,8.63,--,86,74218,买盘
697,14:21:42,8.63,0.01,204,176052,买盘
698,14:21:39,8.62,-0.01,13,11205,卖盘
699,14:21:36,8.63,--,211,182093,买盘
700,14:21:33,8.63,--,43,37109,买盘
701,14:21:30,8.63,0.01,183,157929,买盘
702,14:21:27,8.62,--,11,9482,买盘
703,14:21:24,8.62,--,45,38790,卖盘
704,14:21:21,8.62,-0.01,21,18102,中性盘
705,14:21:18,8.63,0.01,1000,863000,买盘
706,14:21:15,8.62,--,379,326697,买盘
707,14:21:12,8.62,--,58,49995,买盘
708,14:21:09,8.62,--,157,135334,买盘
709,14:21:06,8.62,0.01,5,4310,买盘
710,14:21:03,8.61,-0.01,104,89544,卖盘
711,14:21:00,8.62,0.01,2,1723,买盘
712,14:20:57,8.61,-0.01,104,89544,卖盘
713,14:20:54,8.62,--,77,66374,买盘
714,14:20:51,8.62,--,9,7757,买盘
715,14:20:48,8.62,0.01,761,655981,买盘
716,14:20:45,8.61,-0.01,214,184254,卖盘
717,14:20:42,8.62,--,248,213775,买盘
718,14:20:39,8.62,--,33,28445,买盘
719,14:20:33,8.62,0.01,700,603400,买盘
720,14:20:30,8.61,--,10,8610,买盘
721,14:20:27,8.61,-0.01,249,214389,卖盘
722,14:20:21,8.62,0.01,3,2585,买盘
723,14:20:18,8.61,-0.01,535,460634,卖盘
724,14:20:15,8.62,--,296,255151,买盘
725,14:20:12,8.62,--,110,94819,买盘
726,14:20:09,8.62,--,457,393933,卖盘
727,14:20:06,8.62,--,22,18964,卖盘
728,14:20:03,8.62,-0.01,21,18102,卖盘
729,14:20:00,8.63,--,259,223517,买盘
730,14:19:57,8.63,0.01,62,53506,买盘
731,14:19:54,8.62,--,209,180157,买盘
732,14:19:51,8.62,--,363,312906,卖盘
733,14:19:48,8.62,--,75,64649,卖盘
734,14:19:45,8.62,-0.01,584,503407,卖盘
735,14:19:42,8.63,0.01,45,38835,买盘
736,14:19:39,8.62,-0.01,307,264634,卖盘
737,14:19:36,8.63,--,10,8630,买盘
738,14:19:33,8.63,--,3,2589,买盘
739,14:19:30,8.63,--,93,80259,卖盘
740,14:19:27,8.63,--,250,215750,卖盘
741,14:19:24,8.63,--,155,133765,卖盘
742,14:19:21,8.63,--,363,313269,卖盘
743,14:19:18,8.63,--,209,180367,卖盘
744,14:19:15,8.63,-0.01,27,23301,卖盘
745,14:19:12,8.64,0.01,223,192672,买盘
746,14:19:09,8.63,-0.01,220,189860,卖盘
747,14:19:06,8.64,--,312,269568,买盘
748,14:19:03,8.64,--,37,31968,买盘
749,14:19:00,8.64,--,336,290304,买盘
750,14:18:57,8.64,--,1265,1092960,买盘
751,14:18:54,8.64,-0.01,1119,966816,卖盘
752,14:18:51,8.65,--,601,519865,买盘
753,14:18:48,8.65,--,237,205005,买盘
754,14:18:45,8.65,--,1370,1185050,卖盘
755,14:18:42,8.65,--,535,462775,卖盘
756,14:18:39,8.65,-0.01,79,68335,卖盘
757,14:18:36,8.66,--,50,43300,买盘
758,14:18:33,8.66,0.01,73,63218,买盘
759,14:18:30,8.65,--,2314,2001610,买盘
760,14:18:27,8.65,--,173,149645,买盘
761,14:18:24,8.65,--,10,8650,买盘
762,14:18:21,8.65,--,913,789745,买盘
763,14:18:18,8.65,0.01,449,388385,买盘
764,14:18:15,8.64,-0.01,260,224640,卖盘
765,14:18:12,8.65,0.01,33,28545,买盘
766,14:18:09,8.64,-0.01,500,432000,卖盘
767,14:18:06,8.65,0.01,1632,1411680,买盘
768,14:18:03,8.64,0.01,768,663552,买盘
769,14:18:00,8.63,0.01,480,414930,买盘
770,14:17:57,8.62,-0.01,686,591332,卖盘
771,14:17:54,8.63,0.01,898,774974,买盘
772,14:17:51,8.62,-0.01,57,49133,卖盘
773,14:17:48,8.63,--,53,45739,买盘
774,14:17:45,8.63,0.01,1269,1095147,买盘
775,14:17:42,8.62,--,1089,938717,买盘
776,14:17:39,8.62,--,53,45685,买盘
777,14:17:36,8.62,0.01,506,436171,买盘
778,14:17:33,8.61,--,90,77490,卖盘
779,14:17:30,8.61,-0.01,17,14636,卖盘
780,14:17:27,8.62,0.01,650,560300,买盘
781,14:17:24,8.61,--,7,6027,买盘
782,14:17:21,8.61,-0.01,39,33579,卖盘
783,14:17:18,8.62,--,92,79304,买盘
784,14:17:15,8.62,0.01,59,50857,买盘
785,14:17:12,8.61,0.01,59,50799,买盘
786,14:17:09,8.6,-0.01,95,81700,卖盘
787,14:17:06,8.61,--,74,63713,买盘
788,14:17:03,8.61,--,300,258299,买盘
789,14:17:00,8.61,0.01,36,30995,买盘
790,14:16:57,8.6,-0.01,494,424840,卖盘
791,14:16:54,8.61,--,147,126566,买盘
792,14:16:51,8.61,--,27,23247,买盘
793,14:16:48,8.61,--,45,38745,买盘
794,14:16:45,8.61,0.01,118,101598,买盘
795,14:16:42,8.6,-0.01,288,247680,卖盘
796,14:16:39,8.61,--,73,62852,卖盘
797,14:16:36,8.61,0.01,655,563955,买盘
798,14:16:33,8.6,-0.01,153,131580,卖盘
799,14:16:30,8.61,--,67,57686,买盘
800,14:16:27,8.61,--,204,175644,买盘
801,14:16:24,8.61,--,29,24969,买盘
802,14:16:21,8.61,--,20,17220,买盘
803,14:16:18,8.61,--,109,93849,买盘
804,14:16:15,8.61,--,190,163590,买盘
805,14:16:12,8.61,--,336,289296,买盘
806,14:16:09,8.61,--,50,43050,买盘
807,14:16:06,8.61,--,156,134316,买盘
808,14:16:03,8.61,--,177,152397,卖盘
809,14:16:00,8.61,--,20,17220,中性盘
810,14:15:57,8.61,--,894,769734,买盘
811,14:15:54,8.61,--,1124,967763,卖盘
812,14:15:51,8.61,--,881,758541,买盘
813,14:15:48,8.61,--,622,535542,卖盘
814,14:15:45,8.61,--,1738,1496418,卖盘
815,14:15:42,8.61,--,1140,981539,买盘
816,14:15:39,8.61,--,330,284130,买盘
817,14:15:36,8.61,--,144,123983,买盘
818,14:15:33,8.61,0.01,45,38745,买盘
819,14:15:30,8.6,-0.01,269,231340,卖盘
820,14:15:27,8.61,0.01,211,181671,买盘
821,14:15:24,8.6,-0.01,304,261440,卖盘
822,14:15:21,8.61,0.01,8,6888,买盘
823,14:15:18,8.6,0.01,2018,1736168,买盘
824,14:15:15,8.59,-0.01,1066,915694,卖盘
825,14:15:12,8.6,0.01,105,90300,买盘
826,14:15:09,8.59,--,100,85900,卖盘
827,14:15:06,8.59,--,122,104798,卖盘
828,14:15:03,8.59,-0.01,859,737881,卖盘
829,14:15:00,8.6,0.01,40,34400,买盘
830,14:14:57,8.59,--,109,93631,卖盘
831,14:14:54,8.59,--,157,134863,买盘
832,14:14:51,8.59,0.01,181,155479,买盘
833,14:14:48,8.58,-0.01,952,816816,卖盘
834,14:14:45,8.59,--,116,99644,买盘
835,14:14:42,8.59,0.01,61,52399,买盘
836,14:14:39,8.58,--,565,484770,卖盘
837,14:14:36,8.58,--,803,689488,买盘
838,14:14:33,8.58,--,235,201630,买盘
839,14:14:30,8.58,--,69,59202,买盘
840,14:14:27,8.58,0.01,649,556842,买盘
841,14:14:24,8.57,-0.01,14,11998,卖盘
842,14:14:21,8.58,--,411,352638,买盘
843,14:14:18,8.58,--,32,27456,买盘
844,14:14:15,8.58,0.01,24,20592,买盘
845,14:14:12,8.57,0.01,7,5999,卖盘
846,14:14:09,8.56,-0.02,118,101008,卖盘
847,14:14:06,8.58,0.01,61,52338,买盘
848,14:14:03,8.57,--,105,89985,买盘
849,14:14:00,8.57,--,333,285381,买盘
850,14:13:57,8.57,--,95,81415,买盘
851,14:13:54,8.57,--,313,268241,买盘
852,14:13:51,8.57,--,1,857,买盘
853,14:13:48,8.57,0.01,118,101126,买盘
854,14:13:45,8.56,--,254,217424,买盘
855,14:13:42,8.56,--,52,44512,买盘
856,14:13:39,8.56,--,131,112136,买盘
857,14:13:36,8.56,--,52,44512,买盘
858,14:13:33,8.56,--,168,143808,买盘
859,14:13:30,8.56,--,23,19688,买盘
860,14:13:27,8.56,--,281,240536,买盘
861,14:13:24,8.56,0.01,43,36808,买盘
862,14:13:21,8.55,--,842,720252,买盘
863,14:13:18,8.55,--,116,99180,买盘
864,14:13:15,8.55,--,236,201780,买盘
865,14:13:12,8.55,0.01,233,199215,买盘
866,14:13:09,8.54,--,8,6831,卖盘
867,14:13:06,8.54,-0.01,155,132370,卖盘
868,14:13:03,8.55,--,21,17955,买盘
869,14:13:00,8.55,0.01,25,21375,买盘
870,14:12:57,8.54,--,565,482509,买盘
871,14:12:54,8.54,--,39,33306,买盘
872,14:12:51,8.54,--,387,330497,买盘
873,14:12:48,8.54,--,71,60633,买盘
874,14:12:45,8.54,--,40,34160,买盘
875,14:12:42,8.54,--,48,40991,买盘
876,14:12:39,8.54,--,6,5123,买盘
877,14:12:36,8.54,0.01,355,303169,买盘
878,14:12:33,8.53,-0.01,1,852,卖盘
879,14:12:30,8.54,--,147,125537,买盘
880,14:12:27,8.54,0.01,46,39283,买盘
881,14:12:24,8.53,--,105,89565,买盘
882,14:12:21,8.53,-0.01,193,164629,卖盘
883,14:12:18,8.54,--,138,117851,买盘
884,14:12:12,8.54,0.01,25,21349,买盘
885,14:12:09,8.53,0.01,171,145863,买盘
886,14:12:06,8.52,-0.01,175,149100,卖盘
887,14:12:03,8.53,--,225,191925,买盘
888,14:12:00,8.53,--,83,70799,买盘
889,14:11:57,8.53,-0.01,27,23031,卖盘
890,14:11:54,8.54,0.01,408,348431,买盘
891,14:11:51,8.53,0.01,11,9383,买盘
892,14:11:48,8.52,-0.01,37,31524,卖盘
893,14:11:45,8.53,0.01,30,25589,买盘
894,14:11:42,8.52,-0.01,44,37488,卖盘
895,14:11:39,8.53,--,41,34973,买盘
896,14:11:36,8.53,--,161,137333,买盘
897,14:11:33,8.53,0.01,24,20472,买盘
898,14:11:30,8.52,-0.01,187,159324,卖盘
899,14:11:27,8.53,--,130,110889,买盘
900,14:11:24,8.53,0.01,258,220073,买盘
901,14:11:21,8.52,-0.01,50,42600,卖盘
902,14:11:18,8.53,--,43,36679,买盘
903,14:11:15,8.53,0.01,54,46062,买盘
904,14:11:12,8.52,--,128,109056,卖盘
905,14:11:06,8.52,-0.01,207,176364,卖盘
906,14:11:03,8.53,--,20,17060,买盘
907,14:10:57,8.53,--,10,8530,买盘
908,14:10:51,8.53,--,35,29854,买盘
909,14:10:48,8.53,0.01,23,19619,买盘
910,14:10:45,8.52,-0.01,23,19596,卖盘
911,14:10:42,8.53,--,1,852,买盘
912,14:10:39,8.53,--,11,9383,买盘
913,14:10:33,8.53,0.01,26,22178,买盘
914,14:10:30,8.52,-0.01,129,109908,卖盘
915,14:10:24,8.53,0.01,439,374467,买盘
916,14:10:21,8.52,--,2,1704,买盘
917,14:10:18,8.52,--,125,106500,买盘
918,14:10:15,8.52,-0.01,145,123540,卖盘
919,14:10:12,8.53,--,42,35826,买盘
920,14:10:09,8.53,0.01,186,158658,买盘
921,14:10:06,8.52,--,11,9372,卖盘
922,14:10:03,8.52,--,39,33228,卖盘
923,14:10:00,8.52,--,2,1704,卖盘
924,14:09:57,8.52,-0.01,27,23004,卖盘
925,14:09:54,8.53,0.01,148,126243,买盘
926,14:09:51,8.52,-0.01,4,3408,卖盘
927,14:09:48,8.53,--,69,58856,买盘
928,14:09:42,8.53,0.01,24,20472,买盘
929,14:09:39,8.52,--,8,6816,卖盘
930,14:09:36,8.52,--,67,57084,买盘
931,14:09:33,8.52,0.01,21,17892,买盘
932,14:09:30,8.51,-0.01,210,178710,卖盘
933,14:09:27,8.52,--,1,852,买盘
934,14:09:24,8.52,--,66,56232,买盘
935,14:09:21,8.52,-0.01,1645,1401540,卖盘
936,14:09:18,8.53,--,2,1705,买盘
937,14:09:15,8.53,--,15,12794,买盘
938,14:09:12,8.53,--,8,6823,买盘
939,14:09:09,8.53,0.01,2,1705,买盘
940,14:09:06,8.52,--,600,511200,卖盘
941,14:09:03,8.52,-0.01,154,131208,卖盘
942,14:08:57,8.53,0.01,68,58003,买盘
943,14:08:54,8.52,--,24,20448,卖盘
944,14:08:45,8.52,--,10,8520,卖盘
945,14:08:42,8.52,--,130,110760,卖盘
946,14:08:39,8.52,0.01,485,413220,买盘
947,14:08:36,8.51,-0.01,119,101269,卖盘
948,14:08:33,8.52,--,683,581916,买盘
949,14:08:30,8.52,0.01,457,389364,买盘
950,14:08:27,8.51,-0.01,238,202538,卖盘
951,14:08:24,8.52,--,19,16188,买盘
952,14:08:21,8.52,--,1453,1237956,买盘
953,14:08:18,8.52,--,43,36636,买盘
954,14:08:15,8.52,--,180,153360,买盘
955,14:08:12,8.52,--,6,5112,买盘
956,14:08:09,8.52,0.01,48,40896,买盘
957,14:08:06,8.51,-0.01,19,16169,卖盘
958,14:08:03,8.52,--,84,71568,买盘
959,14:08:00,8.52,--,45,38340,买盘
960,14:07:57,8.52,0.01,158,134616,买盘
961,14:07:54,8.51,--,60,51060,卖盘
962,14:07:51,8.51,--,182,154882,卖盘
963,14:07:48,8.51,--,23,19573,卖盘
964,14:07:45,8.51,-0.01,100,85100,卖盘
965,14:07:42,8.52,--,107,91164,买盘
966,14:07:39,8.52,--,62,52824,买盘
967,14:07:36,8.52,--,123,104796,买盘
968,14:07:33,8.52,--,27,23004,买盘
969,14:07:30,8.52,0.01,106,90312,买盘
970,14:07:24,8.51,-0.01,150,127650,卖盘
971,14:07:18,8.52,0.01,33,28116,买盘
972,14:07:15,8.51,-0.01,20,17020,卖盘
973,14:07:12,8.52,--,1,852,买盘
974,14:07:09,8.52,0.01,12,10224,买盘
975,14:07:06,8.51,--,69,58719,卖盘
976,14:07:03,8.51,--,1,851,卖盘
977,14:06:57,8.51,--,21,17871,卖盘
978,14:06:54,8.51,-0.01,37,31487,卖盘
979,14:06:51,8.52,--,24,20448,买盘
980,14:06:48,8.52,--,34,28968,买盘
981,14:06:42,8.52,--,13,11076,买盘
982,14:06:39,8.52,--,3,2556,买盘
983,14:06:36,8.52,--,18,15336,买盘
984,14:06:33,8.52,--,28,23856,买盘
985,14:06:27,8.52,0.01,146,124392,买盘
986,14:06:24,8.51,--,1,851,卖盘
987,14:06:21,8.51,-0.01,10,8510,卖盘
988,14:06:18,8.52,--,258,219816,买盘
989,14:06:15,8.52,--,21,17892,买盘
990,14:06:12,8.52,--,1,852,买盘
991,14:06:09,8.52,--,13,11076,买盘
992,14:06:06,8.52,0.01,56,47712,买盘
993,14:06:03,8.51,-0.01,109,92759,卖盘
994,14:06:00,8.52,--,20,17551,买盘
995,14:05:57,8.52,0.01,764,650928,买盘
996,14:05:51,8.51,--,30,25530,卖盘
997,14:05:48,8.51,-0.01,22,18722,卖盘
998,14:05:42,8.52,--,58,49416,买盘
999,14:05:39,8.52,0.01,232,197664,买盘
1000,14:05:33,8.51,-0.01,30,25530,卖盘
1001,14:05:30,8.52,0.01,40,34080,买盘
1002,14:05:27,8.51,-0.01,180,153180,卖盘
1003,14:05:24,8.52,--,159,135468,买盘
1004,14:05:21,8.52,0.01,285,242820,买盘
1005,14:05:18,8.51,--,455,387205,卖盘
1006,14:05:15,8.51,-0.01,19,16169,卖盘
1007,14:05:12,8.52,--,3,2556,买盘
1008,14:05:09,8.52,0.01,15,12780,买盘
1009,14:05:06,8.51,-0.01,38,32338,卖盘
1010,14:05:03,8.52,0.01,4,3408,买盘
1011,14:04:57,8.51,--,500,425500,卖盘
1012,14:04:54,8.51,--,27,22977,卖盘
1013,14:04:48,8.51,--,5,4255,卖盘
1014,14:04:45,8.51,--,360,306360,卖盘
1015,14:04:42,8.51,--,166,141266,卖盘
1016,14:04:39,8.51,-0.01,20,17020,卖盘
1017,14:04:36,8.52,--,10,8520,买盘
1018,14:04:30,8.52,0.01,7,5964,买盘
1019,14:04:27,8.51,--,62,52762,卖盘
1020,14:04:24,8.51,--,201,171051,卖盘
1021,14:04:21,8.51,--,280,238280,卖盘
1022,14:04:18,8.51,-0.01,10,8510,卖盘
1023,14:04:15,8.52,0.01,31,26412,买盘
1024,14:04:12,8.51,--,36,30636,卖盘
1025,14:04:09,8.51,-0.01,2,1702,卖盘
1026,14:04:06,8.52,0.01,19,16188,买盘
1027,14:04:03,8.51,-0.01,26,22126,卖盘
1028,14:04:00,8.52,0.01,84,71568,买盘
1029,14:03:57,8.51,-0.01,120,102120,卖盘
1030,14:03:54,8.52,0.01,1,852,买盘
1031,14:03:51,8.51,--,12,10212,卖盘
1032,14:03:48,8.51,--,60,51060,卖盘
1033,14:03:45,8.51,0.01,84,71484,卖盘
1034,14:03:42,8.5,-0.01,56,47600,卖盘
1035,14:03:39,8.51,--,217,184667,买盘
1036,14:03:36,8.51,--,4,3404,买盘
1037,14:03:33,8.51,--,122,103822,买盘
1038,14:03:30,8.51,--,59,50209,买盘
1039,14:03:27,8.51,--,30,25530,买盘
1040,14:03:24,8.51,--,24,20424,买盘
1041,14:03:21,8.51,--,14,11914,买盘
1042,14:03:18,8.51,--,626,532726,买盘
1043,14:03:15,8.51,--,19,16169,买盘
1044,14:03:12,8.51,0.01,15,12765,买盘
1045,14:03:09,8.5,-0.01,30,25500,卖盘
1046,14:03:06,8.51,--,234,199134,买盘
1047,14:03:03,8.51,--,136,115736,买盘
1048,14:03:00,8.51,--,106,90206,买盘
1049,14:02:57,8.51,--,2,1702,买盘
1050,14:02:54,8.51,--,22,18722,买盘
1051,14:02:51,8.51,--,145,123395,卖盘
1052,14:02:48,8.51,-0.01,201,171051,卖盘
1053,14:02:45,8.52,0.01,8,6816,买盘
1054,14:02:42,8.51,--,8,6808,买盘
1055,14:02:39,8.51,--,11,9361,卖盘
1056,14:02:36,8.51,--,15,12765,买盘
1057,14:02:33,8.51,--,17,14467,买盘
1058,14:02:30,8.51,--,188,159988,卖盘
1059,14:02:27,8.51,--,12,10212,买盘
1060,14:02:24,8.51,--,669,569319,买盘
1061,14:02:21,8.51,--,17,14467,买盘
1062,14:02:18,8.51,--,310,263810,买盘
1063,14:02:15,8.51,--,100,85100,买盘
1064,14:02:12,8.51,--,22,18722,买盘
1065,14:02:09,8.51,--,811,690161,买盘
1066,14:02:06,8.51,0.01,64,54464,买盘
1067,14:02:03,8.5,--,5,4250,卖盘
1068,14:02:00,8.5,-0.01,22,18700,卖盘
1069,14:01:54,8.51,--,131,111481,买盘
1070,14:01:51,8.51,--,3,2553,买盘
1071,14:01:48,8.51,0.01,504,428904,买盘
1072,14:01:45,8.5,-0.01,25,21250,卖盘
1073,14:01:42,8.51,--,9,7659,买盘
1074,14:01:39,8.51,0.01,40,34040,买盘
1075,14:01:36,8.5,--,55,46750,卖盘
1076,14:01:27,8.5,--,25,21250,卖盘
1077,14:01:24,8.5,-0.01,1,850,卖盘
1078,14:01:21,8.51,0.01,37,31487,买盘
1079,14:01:15,8.5,-0.01,19,16150,卖盘
1080,14:01:12,8.51,0.01,165,140415,买盘
1081,14:01:09,8.5,-0.01,80,68000,卖盘
1082,14:01:06,8.51,0.01,2,1702,买盘
1083,14:01:03,8.5,--,66,56100,卖盘
1084,14:01:00,8.5,--,1,850,卖盘
1085,14:00:57,8.5,--,74,62900,卖盘
1086,14:00:54,8.5,-0.01,20,17000,卖盘
1087,14:00:51,8.51,0.01,6,5106,买盘
1088,14:00:48,8.5,-0.01,20,17000,卖盘
1089,14:00:45,8.51,--,130,110630,买盘
1090,14:00:42,8.51,--,47,39997,买盘
1091,14:00:39,8.51,0.01,442,376142,买盘
1092,14:00:36,8.5,-0.01,244,207400,卖盘
1093,14:00:33,8.51,--,5,4255,买盘
1094,14:00:30,8.51,--,11,9361,买盘
1095,14:00:27,8.51,0.01,1600,1361600,买盘
1096,14:00:24,8.5,--,2,1700,卖盘
1097,14:00:21,8.5,0.01,82,69700,卖盘
1098,14:00:15,8.49,-0.01,106,90503,卖盘
1099,14:00:12,8.5,--,306,260100,买盘
1100,14:00:09,8.5,--,22,18700,买盘
1101,14:00:06,8.5,0.01,27,22950,买盘
1102,14:00:03,8.49,-0.01,204,173196,卖盘
1103,14:00:00,8.5,--,13,11050,买盘
1104,13:59:57,8.5,--,11,9350,买盘
1105,13:59:54,8.5,--,569,483990,卖盘
1106,13:59:51,8.5,--,59,50150,卖盘
1107,13:59:48,8.5,--,211,179350,卖盘
1108,13:59:45,8.5,--,73,62050,卖盘
1109,13:59:42,8.5,-0.01,1,850,卖盘
1110,13:59:39,8.51,0.01,78,66378,买盘
1111,13:59:36,8.5,-0.01,94,79900,卖盘
1112,13:59:30,8.51,--,421,358271,买盘
1113,13:59:27,8.51,--,2,1702,买盘
1114,13:59:24,8.51,--,5,4255,买盘
1115,13:59:21,8.51,--,288,245088,买盘
1116,13:59:18,8.51,0.01,106,90206,买盘
1117,13:59:15,8.5,--,101,85850,卖盘
1118,13:59:12,8.5,--,30,25500,卖盘
1119,13:59:09,8.5,-0.01,590,501500,卖盘
1120,13:59:06,8.51,--,23,19573,买盘
1121,13:59:03,8.51,--,185,157435,买盘
1122,13:58:57,8.51,0.01,14,11914,买盘
1123,13:58:51,8.5,--,34,28900,卖盘
1124,13:58:48,8.5,--,2,1700,卖盘
1125,13:58:42,8.5,--,61,51850,卖盘
1126,13:58:39,8.5,--,38,32300,卖盘
1127,13:58:36,8.5,--,54,45900,卖盘
1128,13:58:33,8.5,--,476,404600,卖盘
1129,13:58:30,8.5,--,19,16150,卖盘
1130,13:58:27,8.5,-0.01,50,42500,卖盘
1131,13:58:24,8.51,0.01,17,14467,买盘
1132,13:58:21,8.5,--,121,103360,买盘
1133,13:58:18,8.5,--,101,86190,卖盘
1134,13:58:15,8.5,--,70,59500,卖盘
1135,13:58:12,8.5,--,497,422450,卖盘
1136,13:58:09,8.5,--,273,232050,卖盘
1137,13:58:06,8.5,-0.01,46,39100,卖盘
1138,13:58:03,8.51,--,61,51911,买盘
1139,13:58:00,8.51,0.01,715,608465,买盘
1140,13:57:57,8.5,--,80,68000,卖盘
1141,13:57:48,8.5,--,261,222360,买盘
1142,13:57:45,8.5,0.01,70,59500,买盘
1143,13:57:42,8.49,-0.01,171,145518,卖盘
1144,13:57:39,8.5,-0.01,74,62900,卖盘
1145,13:57:36,8.51,0.01,16,13616,买盘
1146,13:57:33,8.5,--,69,59160,买盘
1147,13:57:30,8.5,0.01,30,25500,买盘
1148,13:57:27,8.49,-0.01,97,82353,卖盘
1149,13:57:24,8.5,0.01,659,560150,买盘
1150,13:57:21,8.49,-0.01,79,67071,卖盘
1151,13:57:18,8.5,0.01,10,8500,买盘
1152,13:57:15,8.49,-0.01,1100,933900,卖盘
1153,13:57:12,8.5,0.01,355,301750,买盘
1154,13:57:09,8.49,-0.01,1,849,卖盘
1155,13:57:06,8.5,0.01,52,44200,买盘
1156,13:57:03,8.49,--,251,213099,卖盘
1157,13:57:00,8.49,-0.01,20,16980,卖盘
1158,13:56:57,8.5,--,2,1700,买盘
1159,13:56:54,8.5,--,76,64600,买盘
1160,13:56:51,8.5,0.01,6,5100,买盘
1161,13:56:48,8.49,-0.01,66,56034,卖盘
1162,13:56:45,8.5,--,30,25500,买盘
1163,13:56:42,8.5,0.01,37,31450,买盘
1164,13:56:39,8.49,-0.01,31,26319,卖盘
1165,13:56:36,8.5,--,130,110500,买盘
1166,13:56:33,8.5,0.01,1822,1548700,买盘
1167,13:56:30,8.49,--,120,101880,卖盘
1168,13:56:27,8.49,-0.01,2154,1828746,卖盘
1169,13:56:24,8.5,0.01,260,221000,买盘
1170,13:56:21,8.49,-0.01,59,50091,卖盘
1171,13:56:18,8.5,0.01,35,29750,买盘
1172,13:56:15,8.49,--,2077,1763373,卖盘
1173,13:56:12,8.49,-0.01,316,268284,卖盘
1174,13:56:09,8.5,--,242,205700,买盘
1175,13:56:06,8.5,--,15,12750,买盘
1176,13:56:03,8.5,--,240,204000,买盘
1177,13:56:00,8.5,--,6,5100,买盘
1178,13:55:57,8.5,--,121,102850,买盘
1179,13:55:54,8.5,--,128,108800,买盘
1180,13:55:51,8.5,--,525,446250,买盘
1181,13:55:48,8.5,--,70,59500,买盘
1182,13:55:45,8.5,0.01,70,59500,买盘
1183,13:55:42,8.49,-0.01,18,15282,卖盘
1184,13:55:39,8.5,0.01,22,18700,买盘
1185,13:55:36,8.49,-0.01,139,118011,卖盘
1186,13:55:33,8.5,--,163,138550,买盘
1187,13:55:30,8.5,--,65,55250,买盘
1188,13:55:27,8.5,--,48,40800,买盘
1189,13:55:24,8.5,--,125,106250,买盘
1190,13:55:21,8.5,-0.01,2369,2013990,卖盘
1191,13:55:18,8.51,0.01,16,13616,买盘
1192,13:55:15,8.5,--,1093,929050,卖盘
1193,13:55:12,8.5,--,5,4250,卖盘
1194,13:55:09,8.5,-0.01,88,74800,卖盘
1195,13:55:06,8.51,0.01,120,102120,买盘
1196,13:55:03,8.5,-0.01,335,284750,卖盘
1197,13:55:00,8.51,--,52,44252,买盘
1198,13:54:57,8.51,--,76,64676,买盘
1199,13:54:54,8.51,0.01,123,104673,买盘
1200,13:54:51,8.5,-0.01,141,120190,卖盘
1201,13:54:48,8.51,--,34,28934,买盘
1202,13:54:45,8.51,--,32,27232,买盘
1203,13:54:42,8.51,0.01,233,198283,买盘
1204,13:54:39,8.5,-0.01,170,144500,卖盘
1205,13:54:36,8.51,--,288,245088,买盘
1206,13:54:30,8.51,--,524,445924,买盘
1207,13:54:27,8.51,--,32,27402,买盘
1208,13:54:21,8.51,--,132,112332,买盘
1209,13:54:18,8.51,0.01,405,344655,买盘
1210,13:54:15,8.5,-0.01,20,17000,卖盘
1211,13:54:12,8.51,0.01,6,5106,买盘
1212,13:54:09,8.5,-0.01,11,9350,卖盘
1213,13:54:06,8.51,0.01,1003,853553,买盘
1214,13:54:03,8.5,-0.01,126,107100,卖盘
1215,13:54:00,8.51,--,59,50209,买盘
1216,13:53:57,8.51,--,6,5106,买盘
1217,13:53:54,8.51,--,15,12765,买盘
1218,13:53:51,8.51,--,40,34040,买盘
1219,13:53:48,8.51,-0.01,451,383801,卖盘
1220,13:53:45,8.52,--,34,28968,买盘
1221,13:53:42,8.52,0.01,20,17040,买盘
1222,13:53:39,8.51,-0.01,5,4255,卖盘
1223,13:53:36,8.52,--,181,154212,买盘
1224,13:53:33,8.52,--,32,27264,买盘
1225,13:53:27,8.52,0.01,440,374880,买盘
1226,13:53:24,8.51,--,216,183816,卖盘
1227,13:53:18,8.51,-0.01,410,348910,卖盘
1228,13:53:12,8.52,0.01,22,18744,买盘
1229,13:53:09,8.51,--,82,69782,卖盘
1230,13:53:06,8.51,-0.01,9,7659,卖盘
1231,13:53:03,8.52,0.01,23,19596,买盘
1232,13:53:00,8.51,--,526,447626,卖盘
1233,13:52:57,8.51,--,63,53613,卖盘
1234,13:52:54,8.51,-0.01,12,10212,卖盘
1235,13:52:51,8.52,0.01,42,35784,买盘
1236,13:52:48,8.51,--,32,27232,卖盘
1237,13:52:45,8.51,--,3,2553,卖盘
1238,13:52:39,8.51,--,24,20424,卖盘
1239,13:52:33,8.51,0.01,1288,1096088,买盘
1240,13:52:30,8.5,--,35,29750,卖盘
1241,13:52:27,8.5,-0.01,13,11050,卖盘
1242,13:52:24,8.51,--,73,62123,买盘
1243,13:52:21,8.51,--,15,12765,买盘
1244,13:52:18,8.51,--,53,45103,买盘
1245,13:52:15,8.51,--,13,11063,买盘
1246,13:52:12,8.51,--,50,42550,买盘
1247,13:52:09,8.51,--,30,25530,买盘
1248,13:52:06,8.51,--,85,72335,买盘
1249,13:52:03,8.51,--,77,65527,买盘
1250,13:52:00,8.51,--,921,783771,买盘
1251,13:51:57,8.51,0.01,1161,988011,买盘
1252,13:51:54,8.5,--,13,11050,卖盘
1253,13:51:51,8.5,--,1,850,卖盘
1254,13:51:48,8.5,--,102,86700,卖盘
1255,13:51:45,8.5,--,59,50150,卖盘
1256,13:51:42,8.5,--,14,11900,卖盘
1257,13:51:39,8.5,--,10,8500,卖盘
1258,13:51:36,8.5,--,23,19550,卖盘
1259,13:51:33,8.5,--,8,6800,卖盘
1260,13:51:30,8.5,--,569,483650,买盘
1261,13:51:27,8.5,--,82,69700,买盘
1262,13:51:24,8.5,--,118,100300,买盘
1263,13:51:21,8.5,0.01,170,144500,买盘
1264,13:51:18,8.49,-0.01,102,86598,卖盘
1265,13:51:15,8.5,--,141,119850,买盘
1266,13:51:12,8.5,--,910,773500,买盘
1267,13:51:09,8.5,--,116,98600,买盘
1268,13:51:06,8.5,0.01,89,75650,买盘
1269,13:51:03,8.49,-0.01,164,139236,卖盘
1270,13:51:00,8.5,--,364,309400,买盘
1271,13:50:57,8.5,--,252,214200,买盘
1272,13:50:54,8.5,--,56,47600,买盘
1273,13:50:51,8.5,-0.01,6510,5533500,卖盘
1274,13:50:48,8.51,0.01,32,27232,买盘
1275,13:50:45,8.5,--,694,589900,卖盘
1276,13:50:42,8.5,--,318,270300,卖盘
1277,13:50:39,8.5,--,189,160650,卖盘
1278,13:50:36,8.5,--,76,64600,卖盘
1279,13:50:33,8.5,-0.01,3060,2601000,卖盘
1280,13:50:30,8.51,--,100,85100,买盘
1281,13:50:27,8.51,--,224,190624,买盘
1282,13:50:24,8.51,--,66,56166,买盘
1283,13:50:21,8.51,--,35,29785,买盘
1284,13:50:15,8.51,--,5,4255,买盘
1285,13:50:12,8.51,0.01,73,62123,买盘
1286,13:50:09,8.5,--,98,83300,卖盘
1287,13:50:06,8.5,-0.01,265,225250,卖盘
1288,13:50:03,8.51,0.01,37,31487,买盘
1289,13:50:00,8.5,--,349,296650,卖盘
1290,13:49:54,8.5,-0.01,233,198050,卖盘
1291,13:49:51,8.51,--,67,57017,买盘
1292,13:49:45,8.51,--,22,18722,买盘
1293,13:49:42,8.51,--,67,57017,买盘
1294,13:49:39,8.51,--,10479,8917629,卖盘
1295,13:49:36,8.51,--,465,395715,卖盘
1296,13:49:33,8.51,--,2092,1780292,卖盘
1297,13:49:30,8.51,-0.01,59,50209,卖盘
1298,13:49:27,8.52,--,183,155916,买盘
1299,13:49:24,8.52,--,7,5964,买盘
1300,13:49:21,8.52,--,75,63900,买盘
1301,13:49:18,8.52,--,5,4260,买盘
1302,13:49:12,8.52,0.01,185,157620,买盘
1303,13:49:09,8.51,-0.01,23,19573,卖盘
1304,13:49:06,8.52,0.01,22,18744,买盘
1305,13:49:03,8.51,--,612,520812,卖盘
1306,13:49:00,8.51,--,78,66378,卖盘
1307,13:48:57,8.51,--,2,1702,卖盘
1308,13:48:54,8.51,--,196,166796,卖盘
1309,13:48:48,8.51,-0.01,25,21275,卖盘
1310,13:48:45,8.52,0.01,240,204480,买盘
1311,13:48:42,8.51,-0.01,29,24679,卖盘
1312,13:48:39,8.52,--,21,17892,买盘
1313,13:48:36,8.52,--,6,5112,买盘
1314,13:48:33,8.52,--,213,181476,买盘
1315,13:48:30,8.52,0.01,196,166992,买盘
1316,13:48:27,8.51,-0.01,19,16169,卖盘
1317,13:48:21,8.52,0.01,86,73272,买盘
1318,13:48:18,8.51,--,418,355718,卖盘
1319,13:48:15,8.51,--,63,53613,卖盘
1320,13:48:12,8.51,-0.01,1,851,卖盘
1321,13:48:09,8.52,--,37,31524,买盘
1322,13:48:06,8.52,--,89,75828,买盘
1323,13:48:03,8.52,--,121,103092,买盘
1324,13:48:00,8.52,--,5,4260,买盘
1325,13:47:57,8.52,0.01,54,46008,买盘
1326,13:47:54,8.51,-0.01,7,5957,卖盘
1327,13:47:51,8.52,--,109,92868,买盘
1328,13:47:48,8.52,-0.01,1120,954640,卖盘
1329,13:47:45,8.53,0.01,429,365937,买盘
1330,13:47:42,8.52,--,1,852,卖盘
1331,13:47:39,8.52,--,95,80940,卖盘
1332,13:47:36,8.52,-0.01,79,67308,卖盘
1333,13:47:33,8.53,0.01,46,39238,买盘
1334,13:47:30,8.52,-0.01,4,3408,卖盘
1335,13:47:27,8.53,0.01,122,104065,买盘
1336,13:47:24,8.52,--,1793,1527636,卖盘
1337,13:47:21,8.52,-0.01,10,8520,卖盘
1338,13:47:18,8.53,0.01,102,87006,买盘
1339,13:47:12,8.52,-0.01,10,8520,卖盘
1340,13:47:09,8.53,--,470,400909,买盘
1341,13:47:06,8.53,0.01,7,5971,买盘
1342,13:47:03,8.52,--,109,92868,卖盘
1343,13:47:00,8.52,--,49,41748,卖盘
1344,13:46:57,8.52,-0.01,203,172956,卖盘
1345,13:46:54,8.53,--,326,278078,买盘
1346,13:46:51,8.53,0.01,15,12794,买盘
1347,13:46:48,8.52,--,21,17892,卖盘
1348,13:46:45,8.52,--,34,28968,卖盘
1349,13:46:42,8.52,--,23,19596,卖盘
1350,13:46:39,8.52,-0.01,60,51120,卖盘
1351,13:46:36,8.53,--,2,1705,买盘
1352,13:46:33,8.53,--,59,50326,买盘
1353,13:46:30,8.53,0.01,12,10236,买盘
1354,13:46:27,8.52,-0.02,242,206184,卖盘
1355,13:46:24,8.54,0.01,40,34160,买盘
1356,13:46:21,8.53,--,171,145863,卖盘
1357,13:46:15,8.53,-0.01,68,58003,卖盘
1358,13:46:12,8.54,0.01,80,68320,买盘
1359,13:46:09,8.53,-0.01,50,42650,卖盘
1360,13:46:06,8.54,0.01,43,36721,买盘
1361,13:46:03,8.53,--,120,102359,卖盘
1362,13:46:00,8.53,--,3,2559,卖盘
1363,13:45:54,8.53,--,45,38385,卖盘
1364,13:45:51,8.53,--,1,852,卖盘
1365,13:45:48,8.53,0.01,592,504975,买盘
1366,13:45:45,8.52,--,119,101388,卖盘
1367,13:45:42,8.52,-0.01,20,17040,卖盘
1368,13:45:39,8.53,--,217,185101,买盘
1369,13:45:36,8.53,--,55,46915,买盘
1370,13:45:33,8.53,--,53,45209,买盘
1371,13:45:30,8.53,0.01,186,158658,买盘
1372,13:45:27,8.52,-0.01,371,316092,卖盘
1373,13:45:21,8.53,--,33,28148,买盘
1374,13:45:12,8.53,0.01,12,10236,买盘
1375,13:45:09,8.52,-0.01,66,56232,卖盘
1376,13:45:06,8.53,0.01,5,4265,买盘
1377,13:45:03,8.52,-0.01,99,84348,卖盘
1378,13:45:00,8.53,0.01,58,49473,买盘
1379,13:44:51,8.52,-0.01,60,51120,卖盘
1380,13:44:48,8.53,--,63,53738,买盘
1381,13:44:45,8.53,--,60,51179,买盘
1382,13:44:42,8.53,0.01,10,8530,买盘
1383,13:44:39,8.52,-0.01,25,21300,卖盘
1384,13:44:36,8.53,0.01,37,31560,买盘
1385,13:44:33,8.52,-0.01,80,68160,卖盘
1386,13:44:30,8.53,0.01,5,4265,买盘
1387,13:44:27,8.52,-0.01,9,7668,卖盘
1388,13:44:24,8.53,--,130,110889,买盘
1389,13:44:21,8.53,--,6,5118,买盘
1390,13:44:18,8.53,--,9,7676,买盘
1391,13:44:15,8.53,--,67,57150,买盘
1392,13:44:12,8.53,--,27,23031,买盘
1393,13:44:09,8.53,0.01,63,53738,买盘
1394,13:44:06,8.52,--,53,45156,卖盘
1395,13:44:03,8.52,-0.01,74,63048,卖盘
1396,13:44:00,8.53,--,5,4265,买盘
1397,13:43:57,8.53,-0.01,585,499004,卖盘
1398,13:43:54,8.54,--,87,74297,买盘
1399,13:43:51,8.54,0.01,62,52947,买盘
1400,13:43:48,8.53,--,10,8530,卖盘
1401,13:43:45,8.53,-0.01,1380,1177140,卖盘
1402,13:43:42,8.54,0.01,82,70028,买盘
1403,13:43:39,8.53,-0.01,83,70799,卖盘
1404,13:43:36,8.54,--,11,9393,买盘
1405,13:43:33,8.54,0.01,1,853,买盘
1406,13:43:30,8.53,--,123,104918,卖盘
1407,13:43:27,8.53,--,5,4265,卖盘
1408,13:43:21,8.53,-0.01,35,29854,卖盘
1409,13:43:18,8.54,--,108,92231,买盘
1410,13:43:15,8.54,0.01,1,853,买盘
1411,13:43:12,8.53,-0.01,459,391526,卖盘
1412,13:43:09,8.54,--,22,18787,买盘
1413,13:43:06,8.54,--,223,190441,买盘
1414,13:43:03,8.54,--,90,76859,买盘
1415,13:43:00,8.54,0.01,4,3415,买盘
1416,13:42:57,8.53,-0.01,9,7676,卖盘
1417,13:42:54,8.54,--,23,19641,买盘
1418,13:42:51,8.54,--,35,29889,买盘
1419,13:42:48,8.54,0.01,331,282674,买盘
1420,13:42:45,8.53,-0.01,9,7676,卖盘
1421,13:42:42,8.54,--,44,37575,买盘
1422,13:42:39,8.54,--,16,13663,买盘
1423,13:42:36,8.54,--,36,30743,买盘
1424,13:42:33,8.54,--,105,89669,买盘
1425,13:42:30,8.54,0.01,563,480801,买盘
1426,13:42:27,8.53,--,2,1705,卖盘
1427,13:42:24,8.53,--,9,7676,卖盘
1428,13:42:21,8.53,--,30,25589,卖盘
1429,13:42:18,8.53,-0.01,49,41797,卖盘
1430,13:42:15,8.54,--,29,24765,买盘
1431,13:42:12,8.54,--,118,100771,买盘
1432,13:42:09,8.54,--,24,20495,买盘
1433,13:42:06,8.54,--,131,111873,买盘
1434,13:42:03,8.54,--,10,8540,买盘
1435,13:42:00,8.54,--,49,41845,卖盘
1436,13:41:57,8.54,-0.01,100,85399,卖盘
1437,13:41:54,8.55,0.01,23,19665,买盘
1438,13:41:51,8.54,-0.01,25,21349,买盘
1439,13:41:48,8.55,0.01,511,436905,买盘
1440,13:41:45,8.54,0.01,1283,1095682,买盘
1441,13:41:42,8.53,-0.01,15,12794,卖盘
1442,13:41:39,8.54,--,239,204105,买盘
1443,13:41:36,8.54,0.01,140,119559,买盘
1444,13:41:33,8.53,--,109,92977,卖盘
1445,13:41:30,8.53,--,21,17913,卖盘
1446,13:41:27,8.53,--,20,17060,卖盘
1447,13:41:24,8.53,--,4,3411,卖盘
1448,13:41:18,8.53,--,13,11089,卖盘
1449,13:41:15,8.53,-0.01,53,45209,卖盘
1450,13:41:12,8.54,--,40,34160,买盘
1451,13:41:09,8.54,0.01,111,94793,买盘
1452,13:41:06,8.53,-0.01,14,11942,卖盘
1453,13:41:03,8.54,--,41,35014,买盘
1454,13:41:00,8.54,--,12,10247,买盘
1455,13:40:57,8.54,0.01,855,730169,买盘
1456,13:40:54,8.53,-0.01,100,85300,卖盘
1457,13:40:48,8.54,0.01,1,853,买盘
1458,13:40:45,8.53,--,16,13647,卖盘
1459,13:40:42,8.53,--,1,852,卖盘
1460,13:40:39,8.53,--,39,33267,卖盘
1461,13:40:33,8.53,-0.01,120,102359,卖盘
1462,13:40:30,8.54,0.01,787,672097,买盘
1463,13:40:27,8.53,0.01,36,30707,买盘
1464,13:40:24,8.52,-0.01,20,17040,卖盘
1465,13:40:18,8.53,--,13,11089,买盘
1466,13:40:15,8.53,-0.01,813,693489,卖盘
1467,13:40:12,8.54,0.01,63,53801,买盘
1468,13:40:06,8.53,--,454,387262,买盘
1469,13:40:03,8.53,--,79,67387,买盘
1470,13:40:00,8.53,--,45,38385,买盘
1471,13:39:57,8.53,--,3,2559,买盘
1472,13:39:54,8.53,--,75,63974,买盘
1473,13:39:51,8.53,--,63,53738,买盘
1474,13:39:48,8.53,--,110,93830,买盘
1475,13:39:45,8.53,0.01,26,22178,买盘
1476,13:39:42,8.52,-0.01,31,26412,卖盘
1477,13:39:39,8.53,--,178,151834,买盘
1478,13:39:36,8.53,-0.01,995,848734,卖盘
1479,13:39:33,8.54,0.01,85,72590,买盘
1480,13:39:30,8.53,-0.01,10,8530,卖盘
1481,13:39:24,8.54,--,74,63195,买盘
1482,13:39:21,8.54,0.01,2,1707,买盘
1483,13:39:18,8.53,--,148,126243,卖盘
1484,13:39:15,8.53,-0.01,748,638044,卖盘
1485,13:39:12,8.54,0.01,112,95647,买盘
1486,13:39:09,8.53,0.01,456,388967,买盘
1487,13:39:06,8.52,-0.01,189,161028,卖盘
1488,13:39:03,8.53,--,66,56297,卖盘
1489,13:38:57,8.53,--,25,21325,卖盘
1490,13:38:54,8.53,-0.01,837,713961,卖盘
1491,13:38:51,8.54,--,132,112727,买盘
1492,13:38:48,8.54,--,5,4270,买盘
1493,13:38:45,8.54,0.01,153,130661,买盘
1494,13:38:42,8.53,--,10,8530,卖盘
1495,13:38:39,8.53,--,24,20472,卖盘
1496,13:38:36,8.53,--,312,266136,卖盘
1497,13:38:33,8.53,--,12,10236,卖盘
1498,13:38:30,8.53,--,571,487062,买盘
1499,13:38:24,8.53,0.01,95,81035,买盘
1500,13:38:21,8.52,-0.01,104,88608,卖盘
1501,13:38:18,8.53,--,61,52032,买盘
1502,13:38:15,8.53,--,11,9383,买盘
1503,13:38:12,8.53,--,96,81888,卖盘
1504,13:38:09,8.53,-0.01,313,266989,卖盘
1505,13:38:06,8.54,0.01,109,93085,买盘
1506,13:38:03,8.53,--,46,39238,卖盘
1507,13:38:00,8.53,-0.01,30,25589,卖盘
1508,13:37:57,8.54,0.01,39,33306,买盘
1509,13:37:54,8.53,--,24,20472,买盘
1510,13:37:51,8.53,--,45,38385,买盘
1511,13:37:48,8.53,-0.01,661,563833,卖盘
1512,13:37:42,8.54,0.01,24,20495,买盘
1513,13:37:39,8.53,--,679,579187,买盘
1514,13:37:36,8.53,--,22,18766,买盘
1515,13:37:30,8.53,0.01,8,6823,买盘
1516,13:37:27,8.52,-0.01,892,759984,卖盘
1517,13:37:21,8.53,--,6,5118,卖盘
1518,13:37:18,8.53,--,30,25589,卖盘
1519,13:37:15,8.53,--,358,305374,买盘
1520,13:37:12,8.53,--,6,5118,买盘
1521,13:37:09,8.53,0.01,121,103212,买盘
1522,13:37:06,8.52,-0.01,47,40044,卖盘
1523,13:37:03,8.53,--,1,852,买盘
1524,13:37:00,8.53,0.01,124,105771,买盘
1525,13:36:57,8.52,-0.01,7,5964,卖盘
1526,13:36:54,8.53,0.01,73,62268,买盘
1527,13:36:51,8.52,--,1,852,卖盘
1528,13:36:48,8.52,-0.01,69,58788,卖盘
1529,13:36:45,8.53,0.01,10,8530,买盘
1530,13:36:42,8.52,--,61,51972,卖盘
1531,13:36:39,8.52,-0.01,24,20448,卖盘
1532,13:36:36,8.53,0.01,7,5971,买盘
1533,13:36:33,8.52,--,1,852,卖盘
1534,13:36:30,8.52,--,583,496716,卖盘
1535,13:36:24,8.52,--,34,28968,卖盘
1536,13:36:21,8.52,--,36,31123,买盘
1537,13:36:18,8.52,--,115,97980,买盘
1538,13:36:15,8.52,--,22,18744,买盘
1539,13:36:12,8.52,--,29,24708,买盘
1540,13:36:09,8.52,--,414,352728,买盘
1541,13:36:06,8.52,--,89,75828,买盘
1542,13:36:03,8.52,--,376,320752,卖盘
1543,13:36:00,8.52,--,6,5112,卖盘
1544,13:35:57,8.52,-0.01,7,5964,卖盘
1545,13:35:54,8.53,0.01,15,12794,买盘
1546,13:35:51,8.52,--,9,7668,卖盘
1547,13:35:48,8.52,-0.01,28,23856,卖盘
1548,13:35:45,8.53,0.01,63,53738,买盘
1549,13:35:42,8.52,--,20,17040,卖盘
1550,13:35:39,8.52,--,222,189595,买盘
1551,13:35:36,8.52,--,128,109056,买盘
1552,13:35:33,8.52,--,223,189996,买盘
1553,13:35:30,8.52,--,48,40896,买盘
1554,13:35:27,8.52,--,164,139728,买盘
1555,13:35:24,8.52,--,97,82644,买盘
1556,13:35:18,8.52,--,12,10224,买盘
1557,13:35:15,8.52,--,536,456672,买盘
1558,13:35:12,8.52,0.01,73,62196,买盘
1559,13:35:09,8.51,-0.01,104,88504,卖盘
1560,13:35:06,8.52,--,19,16188,买盘
1561,13:35:03,8.52,0.01,25,21300,买盘
1562,13:35:00,8.51,--,67,57017,卖盘
1563,13:34:57,8.51,-0.01,6,5106,卖盘
1564,13:34:54,8.52,0.01,186,158472,买盘
1565,13:34:51,8.51,-0.01,10,8510,卖盘
1566,13:34:48,8.52,--,172,146544,买盘
1567,13:34:45,8.52,0.01,140,119280,买盘
1568,13:34:42,8.51,-0.01,8,6808,卖盘
1569,13:34:39,8.52,--,48,40896,买盘
1570,13:34:36,8.52,--,36,30672,买盘
1571,13:34:33,8.52,0.01,2,1704,买盘
1572,13:34:30,8.51,-0.01,74,62974,卖盘
1573,13:34:27,8.52,--,15,12780,买盘
1574,13:34:24,8.52,--,208,177216,买盘
1575,13:34:21,8.52,0.01,31,26412,买盘
1576,13:34:18,8.51,-0.01,60,51060,卖盘
1577,13:34:15,8.52,0.01,138,117576,买盘
1578,13:34:09,8.51,--,45,38295,卖盘
1579,13:34:06,8.51,-0.01,230,195730,卖盘
1580,13:34:03,8.52,--,9,7668,买盘
1581,13:34:00,8.52,0.01,9,7668,买盘
1582,13:33:57,8.51,--,9,7659,卖盘
1583,13:33:54,8.51,-0.01,47,39997,卖盘
1584,13:33:51,8.52,0.01,50,42600,买盘
1585,13:33:48,8.51,--,4,3404,卖盘
1586,13:33:45,8.51,-0.01,92,78292,卖盘
1587,13:33:42,8.52,--,100,85200,买盘
1588,13:33:39,8.52,--,44,37488,买盘
1589,13:33:36,8.52,--,60,51120,买盘
1590,13:33:33,8.52,--,62,52824,买盘
1591,13:33:30,8.52,--,151,129052,卖盘
1592,13:33:24,8.52,--,116,98832,卖盘
1593,13:33:21,8.52,--,82,69864,卖盘
1594,13:33:15,8.52,0.01,9,8119,买盘
1595,13:33:12,8.51,-0.01,24,20424,卖盘
1596,13:33:09,8.52,--,29,24708,买盘
1597,13:33:06,8.52,-0.01,872,743344,卖盘
1598,13:33:03,8.53,--,13,11089,买盘
1599,13:33:00,8.53,0.01,5,4265,买盘
1600,13:32:57,8.52,-0.01,1035,881820,卖盘
1601,13:32:54,8.53,0.01,2,1705,买盘
1602,13:32:51,8.52,--,187,159324,卖盘
1603,13:32:48,8.52,-0.01,48,41177,卖盘
1604,13:32:45,8.53,--,21,17913,买盘
1605,13:32:42,8.53,--,46,39238,买盘
1606,13:32:39,8.53,--,35,29854,买盘
1607,13:32:36,8.53,--,54,46062,买盘
1608,13:32:33,8.53,--,1,852,买盘
1609,13:32:30,8.53,--,44,37532,买盘
1610,13:32:27,8.53,--,215,183395,买盘
1611,13:32:24,8.53,0.01,17,14500,买盘
1612,13:32:18,8.52,--,274,233448,卖盘
1613,13:32:15,8.52,--,16,13632,卖盘
1614,13:32:12,8.52,--,120,102240,卖盘
1615,13:32:09,8.52,--,14,11928,卖盘
1616,13:32:06,8.52,--,38,32376,卖盘
1617,13:32:03,8.52,-0.01,33,28116,卖盘
1618,13:32:00,8.53,0.01,74,63121,买盘
1619,13:31:57,8.52,-0.01,10,8520,卖盘
1620,13:31:51,8.53,--,3,2559,买盘
1621,13:31:48,8.53,--,10,8530,买盘
1622,13:31:45,8.53,0.01,107,91271,买盘
1623,13:31:42,8.52,--,160,136320,卖盘
1624,13:31:39,8.52,--,15,12780,卖盘
1625,13:31:33,8.52,-0.01,185,157620,卖盘
1626,13:31:30,8.53,--,145,123684,买盘
1627,13:31:27,8.53,--,42,35826,买盘
1628,13:31:24,8.53,--,20,17060,买盘
1629,13:31:21,8.53,0.01,2,1705,买盘
1630,13:31:12,8.52,--,8,6816,卖盘
1631,13:31:09,8.52,--,33,28116,卖盘
1632,13:31:06,8.52,--,14,11928,卖盘
1633,13:31:03,8.52,--,53,45156,卖盘
1634,13:31:00,8.52,--,11,9372,卖盘
1635,13:30:57,8.52,--,6,5112,卖盘
1636,13:30:54,8.52,-0.01,10,8520,卖盘
1637,13:30:51,8.53,0.01,179,152687,买盘
1638,13:30:48,8.52,--,16,13632,卖盘
1639,13:30:45,8.52,--,211,179772,卖盘
1640,13:30:39,8.52,-0.01,12,10224,卖盘
1641,13:30:36,8.53,--,52,44356,买盘
1642,13:30:33,8.53,--,4,3411,买盘
1643,13:30:30,8.53,0.01,10,8530,买盘
1644,13:30:27,8.52,--,19,16188,卖盘
1645,13:30:24,8.52,--,42,35784,卖盘
1646,13:30:21,8.52,--,4,3408,卖盘
1647,13:30:18,8.52,--,131,111612,卖盘
1648,13:30:15,8.52,--,9,7668,卖盘
1649,13:30:12,8.52,--,368,313706,买盘
1650,13:30:09,8.52,--,1661,1415853,卖盘
1651,13:30:06,8.52,--,17,14484,卖盘
1652,13:30:03,8.52,-0.01,11,9372,卖盘
1653,13:30:00,8.53,0.01,5,4265,买盘
1654,13:29:57,8.52,-0.01,741,631332,卖盘
1655,13:29:54,8.53,--,189,161217,买盘
1656,13:29:51,8.53,--,12,10236,买盘
1657,13:29:48,8.53,--,87,74211,买盘
1658,13:29:45,8.53,0.01,17,14500,买盘
1659,13:29:42,8.52,--,9,7668,卖盘
1660,13:29:39,8.52,-0.01,106,90312,卖盘
1661,13:29:36,8.53,--,32,27295,买盘
1662,13:29:33,8.53,--,31,26442,买盘
1663,13:29:30,8.53,0.01,3,2559,买盘
1664,13:29:27,8.52,--,2,1704,卖盘
1665,13:29:21,8.52,--,46,39192,卖盘
1666,13:29:18,8.52,--,71,60492,卖盘
1667,13:29:15,8.52,-0.01,250,213000,卖盘
1668,13:29:12,8.53,0.01,314,267842,买盘
1669,13:29:09,8.52,-0.01,18,15336,卖盘
1670,13:29:03,8.53,--,25,21325,买盘
1671,13:29:00,8.53,--,243,207278,买盘
1672,13:28:57,8.53,--,24,20472,买盘
1673,13:28:54,8.53,--,122,104065,买盘
1674,13:28:48,8.53,-0.01,57,48620,卖盘
1675,13:28:42,8.54,0.01,3,2561,买盘
1676,13:28:39,8.53,0.01,47,40091,买盘
1677,13:28:36,8.52,--,143,121836,卖盘
1678,13:28:33,8.52,-0.01,21,17892,卖盘
1679,13:28:30,8.53,--,27,23031,买盘
1680,13:28:27,8.53,--,36,30707,买盘
1681,13:28:24,8.53,--,129,110036,买盘
1682,13:28:21,8.53,0.01,6,5118,买盘
1683,13:28:15,8.52,-0.01,9,7668,卖盘
1684,13:28:12,8.53,--,50,42650,买盘
1685,13:28:09,8.53,--,82,69946,买盘
1686,13:28:06,8.53,0.01,63,53738,买盘
1687,13:28:03,8.52,-0.01,15,12780,卖盘
1688,13:28:00,8.53,-0.01,335,285755,卖盘
1689,13:27:57,8.54,--,62,52947,买盘
1690,13:27:54,8.54,--,27,23057,买盘
1691,13:27:48,8.54,0.01,26,22203,买盘
1692,13:27:45,8.53,-0.01,30,25589,卖盘
1693,13:27:42,8.54,0.01,287,245097,买盘
1694,13:27:39,8.53,-0.01,754,643162,卖盘
1695,13:27:36,8.54,0.01,236,201543,买盘
1696,13:27:33,8.53,--,6,5118,卖盘
1697,13:27:30,8.53,--,22,18766,卖盘
1698,13:27:27,8.53,--,2,1705,卖盘
1699,13:27:21,8.53,--,398,339494,卖盘
1700,13:27:18,8.53,-0.01,1,852,卖盘
1701,13:27:15,8.54,--,1,853,买盘
1702,13:27:12,8.54,0.01,100,85399,买盘
1703,13:27:09,8.53,--,185,157805,买盘
1704,13:27:06,8.53,--,30,25589,买盘
1705,13:27:03,8.53,--,1,852,买盘
1706,13:27:00,8.53,--,20,17060,买盘
1707,13:26:57,8.53,-0.01,300,255899,卖盘
1708,13:26:54,8.54,0.02,51,43553,买盘
1709,13:26:48,8.52,-0.02,166,141432,卖盘
1710,13:26:45,8.54,0.01,84,71736,买盘
1711,13:26:42,8.53,0.01,16,13647,买盘
1712,13:26:39,8.52,-0.01,157,133764,卖盘
1713,13:26:36,8.53,--,450,383850,买盘
1714,13:26:33,8.53,--,143,121978,买盘
1715,13:26:30,8.53,--,335,285755,卖盘
1716,13:26:27,8.53,--,51,43503,卖盘
1717,13:26:24,8.53,--,12,10236,卖盘
1718,13:26:21,8.53,-0.01,7,5971,卖盘
1719,13:26:18,8.54,0.01,124,105895,买盘
1720,13:26:15,8.53,-0.01,12,10236,卖盘
1721,13:26:12,8.54,0.01,42,35868,买盘
1722,13:26:09,8.53,--,103,87859,卖盘
1723,13:26:06,8.53,0.01,136,116007,买盘
1724,13:26:03,8.52,-0.01,8,6816,卖盘
1725,13:26:00,8.53,0.01,530,452089,买盘
1726,13:25:57,8.52,-0.01,21,17892,卖盘
1727,13:25:54,8.53,0.01,64,54591,买盘
1728,13:25:51,8.52,--,19,16188,卖盘
1729,13:25:42,8.52,-0.01,37,31524,卖盘
1730,13:25:39,8.53,0.01,5,4265,买盘
1731,13:25:36,8.52,-0.01,23,19596,卖盘
1732,13:25:33,8.53,0.01,457,389820,买盘
1733,13:25:30,8.52,--,54,46008,卖盘
1734,13:25:27,8.52,--,13,11076,卖盘
1735,13:25:24,8.52,--,1,852,卖盘
1736,13:25:21,8.52,--,1,852,卖盘
1737,13:25:18,8.52,-0.01,81,69012,卖盘
1738,13:25:15,8.53,0.01,1,852,买盘
1739,13:25:12,8.52,--,12,10224,卖盘
1740,13:25:09,8.52,-0.01,11,9372,卖盘
1741,13:25:06,8.53,0.01,33,28148,买盘
1742,13:25:03,8.52,-0.01,146,124392,卖盘
1743,13:25:00,8.53,0.01,93,79329,买盘
1744,13:24:57,8.52,-0.01,36,30672,卖盘
1745,13:24:51,8.53,--,32,27295,买盘
1746,13:24:48,8.53,--,167,142451,卖盘
1747,13:24:45,8.53,--,621,529713,卖盘
1748,13:24:42,8.53,--,10,8530,卖盘
1749,13:24:36,8.53,--,9,7676,卖盘
1750,13:24:33,8.53,0.01,288,245663,买盘
1751,13:24:30,8.52,-0.01,46,39192,卖盘
1752,13:24:27,8.53,0.01,44,37532,买盘
1753,13:24:24,8.52,-0.01,838,713976,卖盘
1754,13:24:21,8.53,0.01,6,5118,中性盘
1755,13:24:15,8.52,--,8,6816,卖盘
1756,13:24:12,8.52,-0.01,261,222372,卖盘
1757,13:24:09,8.53,--,50,42650,卖盘
1758,13:24:06,8.53,0.01,252,215638,买盘
1759,13:24:03,8.52,--,35,29820,卖盘
1760,13:24:00,8.52,--,15,12780,卖盘
1761,13:23:57,8.52,-0.01,1,852,卖盘
1762,13:23:54,8.53,0.01,26,22178,买盘
1763,13:23:51,8.52,-0.01,23,19596,卖盘
1764,13:23:42,8.53,0.01,1,852,买盘
1765,13:23:39,8.52,-0.01,146,124392,卖盘
1766,13:23:36,8.53,--,10,8530,买盘
1767,13:23:33,8.53,0.01,647,551891,买盘
1768,13:23:30,8.52,--,27,23004,卖盘
1769,13:23:27,8.52,--,41,34932,卖盘
1770,13:23:24,8.52,--,59,50268,卖盘
1771,13:23:21,8.52,--,12,10224,卖盘
1772,13:23:18,8.52,--,9,7668,卖盘
1773,13:23:15,8.52,--,15,12780,卖盘
1774,13:23:12,8.52,--,1,852,卖盘
1775,13:23:09,8.52,--,95,80940,卖盘
1776,13:23:06,8.52,-0.01,38,32376,卖盘
1777,13:23:03,8.53,--,48,40944,买盘
1778,13:23:00,8.53,--,705,601535,卖盘
1779,13:22:57,8.53,--,348,296844,卖盘
1780,13:22:54,8.53,--,107,91271,卖盘
1781,13:22:51,8.53,--,874,745522,卖盘
1782,13:22:48,8.53,--,60,51179,卖盘
1783,13:22:45,8.53,--,540,460619,卖盘
1784,13:22:42,8.53,--,715,609895,卖盘
1785,13:22:39,8.53,--,48,40944,卖盘
1786,13:22:33,8.53,--,71,60562,卖盘
1787,13:22:30,8.53,-0.01,70,59709,卖盘
1788,13:22:27,8.54,0.01,51,43553,买盘
1789,13:22:24,8.53,--,119,101506,卖盘
1790,13:22:21,8.53,--,19,16206,卖盘
1791,13:22:18,8.53,-0.01,13,11089,卖盘
1792,13:22:15,8.54,0.01,17,14517,买盘
1793,13:22:12,8.53,--,29,24736,卖盘
1794,13:22:09,8.53,--,16,13647,卖盘
1795,13:22:06,8.53,-0.01,28,23884,卖盘
1796,13:22:03,8.54,--,68,58071,买盘
1797,13:22:00,8.54,--,9,7685,买盘
1798,13:21:57,8.54,--,5,4270,买盘
1799,13:21:54,8.54,--,19,16225,买盘
1800,13:21:51,8.54,0.01,20,17080,买盘
1801,13:21:48,8.53,-0.01,12,10236,卖盘
1802,13:21:45,8.54,--,36,30743,买盘
1803,13:21:42,8.54,0.01,72,61487,买盘
1804,13:21:39,8.53,-0.01,169,144157,卖盘
1805,13:21:36,8.54,-0.01,122,104187,卖盘
1806,13:21:33,8.55,--,17,14535,买盘
1807,13:21:30,8.55,0.01,18,15390,买盘
1808,13:21:27,8.54,-0.01,46,39283,卖盘
1809,13:21:24,8.55,--,10,8550,买盘
1810,13:21:21,8.55,0.01,81,69255,买盘
1811,13:21:18,8.54,--,194,165675,卖盘
1812,13:21:15,8.54,--,22,18787,卖盘
1813,13:21:12,8.54,--,13,11101,卖盘
1814,13:21:09,8.54,--,7,5977,卖盘
1815,13:21:06,8.54,--,40,34160,卖盘
1816,13:21:03,8.54,--,72,61487,卖盘
1817,13:21:00,8.54,-0.01,24,20495,卖盘
1818,13:20:57,8.55,0.01,59,50445,买盘
1819,13:20:54,8.54,-0.01,91,77713,卖盘
1820,13:20:51,8.55,0.01,61,52155,买盘
1821,13:20:48,8.54,-0.01,150,128099,卖盘
1822,13:20:45,8.55,0.01,30,25650,买盘
1823,13:20:42,8.54,-0.01,9,7685,卖盘
1824,13:20:39,8.55,--,130,111150,买盘
1825,13:20:36,8.55,0.01,307,262485,买盘
1826,13:20:33,8.54,--,20,17080,卖盘
1827,13:20:30,8.54,-0.01,24,20495,卖盘
1828,13:20:24,8.55,0.01,219,187245,买盘
1829,13:20:21,8.54,-0.01,513,438101,卖盘
1830,13:20:18,8.55,0.01,21,17955,买盘
1831,13:20:15,8.54,-0.01,97,82837,卖盘
1832,13:20:12,8.55,0.01,174,148770,买盘
1833,13:20:09,8.54,-0.01,102,87107,卖盘
1834,13:20:06,8.55,--,27,23085,买盘
1835,13:20:03,8.55,--,40,34200,买盘
1836,13:20:00,8.55,--,15,12825,买盘
1837,13:19:57,8.55,--,8,6840,买盘
1838,13:19:54,8.55,--,8,6840,买盘
1839,13:19:51,8.55,0.01,23,19665,买盘
1840,13:19:48,8.54,-0.01,9,7685,卖盘
1841,13:19:45,8.55,0.01,2,1710,买盘
1842,13:19:42,8.54,--,6,5123,卖盘
1843,13:19:39,8.54,--,18,15371,卖盘
1844,13:19:36,8.54,--,16,13663,卖盘
1845,13:19:33,8.54,-0.02,5,4270,卖盘
1846,13:19:30,8.56,--,15,12840,买盘
1847,13:19:27,8.56,0.01,73,62488,买盘
1848,13:19:24,8.55,--,96,82080,买盘
1849,13:19:21,8.55,--,8,6840,买盘
1850,13:19:18,8.55,--,26,22230,买盘
1851,13:19:15,8.55,--,62,53010,买盘
1852,13:19:12,8.55,--,3,2565,买盘
1853,13:19:09,8.55,--,44,37620,买盘
1854,13:19:06,8.55,--,96,82080,卖盘
1855,13:19:03,8.55,-0.01,9,7695,卖盘
1856,13:18:57,8.56,0.01,6,5136,买盘
1857,13:18:54,8.55,-0.01,18,15390,卖盘
1858,13:18:51,8.56,--,24,20544,买盘
1859,13:18:45,8.56,0.01,45,38520,买盘
1860,13:18:42,8.55,0.01,143,122265,买盘
1861,13:18:39,8.54,-0.01,88,75151,卖盘
1862,13:18:36,8.55,--,2,1710,买盘
1863,13:18:33,8.55,0.01,7,5985,买盘
1864,13:18:30,8.54,-0.01,4,3415,卖盘
1865,13:18:27,8.55,--,2,1710,买盘
1866,13:18:24,8.55,0.01,10,8550,买盘
1867,13:18:21,8.54,-0.01,12,10247,卖盘
1868,13:18:18,8.55,--,10,8550,买盘
1869,13:18:15,8.55,--,36,30780,买盘
1870,13:18:12,8.55,0.01,99,84645,买盘
1871,13:18:09,8.54,--,38,32451,卖盘
1872,13:18:06,8.54,-0.01,19,16225,卖盘
1873,13:18:03,8.55,--,43,36765,买盘
1874,13:18:00,8.55,--,18,15390,买盘
1875,13:17:57,8.55,--,62,53010,买盘
1876,13:17:54,8.55,-0.01,86,73530,卖盘
1877,13:17:51,8.56,0.01,4,3424,买盘
1878,13:17:48,8.55,-0.01,8,6840,卖盘
1879,13:17:45,8.56,0.01,22,18832,买盘
1880,13:17:42,8.55,-0.01,52,44460,卖盘
1881,13:17:39,8.56,0.01,4,3424,买盘
1882,13:17:36,8.55,-0.01,73,62415,卖盘
1883,13:17:33,8.56,0.01,182,155792,买盘
1884,13:17:30,8.55,-0.01,79,67545,卖盘
1885,13:17:27,8.56,0.01,14,11984,买盘
1886,13:17:24,8.55,-0.01,7,5985,卖盘
1887,13:17:21,8.56,--,3,2568,买盘
1888,13:17:18,8.56,0.01,11,9416,买盘
1889,13:17:15,8.55,--,15,12825,卖盘
1890,13:17:12,8.55,--,47,40185,卖盘
1891,13:17:09,8.55,--,82,70110,卖盘
1892,13:17:06,8.55,--,9,7695,卖盘
1893,13:17:03,8.55,--,50,42750,卖盘
1894,13:17:00,8.55,-0.01,86,73530,卖盘
1895,13:16:57,8.56,--,2,1712,买盘
1896,13:16:54,8.56,0.01,4,3424,买盘
1897,13:16:51,8.55,--,95,81225,卖盘
1898,13:16:48,8.55,--,203,173565,卖盘
1899,13:16:45,8.55,-0.01,26,22230,卖盘
1900,13:16:42,8.56,0.01,86,73616,买盘
1901,13:16:39,8.55,-0.01,100,85500,卖盘
1902,13:16:36,8.56,--,12,10272,买盘
1903,13:16:33,8.56,--,46,39376,买盘
1904,13:16:30,8.56,0.01,45,38520,买盘
1905,13:16:27,8.55,--,37,31635,卖盘
1906,13:16:24,8.55,-0.01,85,72675,卖盘
1907,13:16:21,8.56,0.01,8,6848,买盘
1908,13:16:18,8.55,--,22,18810,卖盘
1909,13:16:15,8.55,-0.01,28,23940,卖盘
1910,13:16:12,8.56,0.01,46,39376,买盘
1911,13:16:09,8.55,--,20,17100,卖盘
1912,13:16:06,8.55,--,35,29925,卖盘
1913,13:16:03,8.55,-0.01,21,17955,卖盘
1914,13:16:00,8.56,0.01,77,65912,买盘
1915,13:15:57,8.55,--,180,153900,买盘
1916,13:15:54,8.55,--,43,36765,买盘
1917,13:15:51,8.55,--,100,85500,买盘
1918,13:15:48,8.55,0.01,19,16245,买盘
1919,13:15:45,8.54,--,44,37575,卖盘
1920,13:15:42,8.54,-0.01,12,10247,卖盘
1921,13:15:39,8.55,--,4,3420,买盘
1922,13:15:36,8.55,0.01,18,15390,买盘
1923,13:15:33,8.54,-0.01,43,36721,卖盘
1924,13:15:30,8.55,--,7,5985,买盘
1925,13:15:27,8.55,0.01,4,3420,买盘
1926,13:15:24,8.54,--,11,9393,卖盘
1927,13:15:21,8.54,--,20,17080,卖盘
1928,13:15:18,8.54,--,77,65758,卖盘
1929,13:15:15,8.54,--,115,98209,卖盘
1930,13:15:12,8.54,--,80,68320,买盘
1931,13:15:09,8.54,--,134,114435,卖盘
1932,13:15:06,8.54,--,72,61487,卖盘
1933,13:15:03,8.54,--,11,9393,卖盘
1934,13:15:00,8.54,-0.01,13,11101,中性盘
1935,13:14:54,8.55,0.02,9,7695,买盘
1936,13:14:51,8.53,-0.01,22,18766,卖盘
1937,13:14:48,8.54,0.01,48,40991,卖盘
1938,13:14:45,8.53,-0.02,109,92977,卖盘
1939,13:14:42,8.55,0.02,46,39330,买盘
1940,13:14:39,8.53,--,99,84447,卖盘
1941,13:14:36,8.53,-0.01,22,18766,卖盘
1942,13:14:33,8.54,--,21,17934,买盘
1943,13:14:30,8.54,0.01,6,5123,买盘
1944,13:14:27,8.53,-0.01,8,6823,卖盘
1945,13:14:24,8.54,--,1,853,买盘
1946,13:14:21,8.54,0.01,7,5977,卖盘
1947,13:14:18,8.53,-0.02,13,11089,卖盘
1948,13:14:15,8.55,0.02,19,16245,买盘
1949,13:14:12,8.53,-0.02,30,25589,卖盘
1950,13:14:09,8.55,0.01,15,12825,买盘
1951,13:14:06,8.54,-0.01,40,34160,卖盘
1952,13:14:03,8.55,--,11,9405,买盘
1953,13:13:57,8.55,0.01,7,5985,买盘
1954,13:13:54,8.54,0.01,26,22203,中性盘
1955,13:13:51,8.53,-0.02,20,17060,卖盘
1956,13:13:48,8.55,0.01,4,3420,买盘
1957,13:13:45,8.54,-0.01,53,45261,中性盘
1958,13:13:42,8.55,0.02,130,111150,买盘
1959,13:13:39,8.53,-0.02,61,52032,卖盘
1960,13:13:36,8.55,0.02,4,3420,买盘
1961,13:13:33,8.53,-0.01,18,15353,卖盘
1962,13:13:30,8.54,0.01,29,24765,买盘
1963,13:13:27,8.53,--,13,11089,卖盘
1964,13:13:24,8.53,--,33,28148,卖盘
1965,13:13:21,8.53,-0.01,75,63974,卖盘
1966,13:13:18,8.54,--,4,3415,买盘
1967,13:13:15,8.54,0.01,13,11101,买盘
1968,13:13:12,8.53,-0.01,9,7676,卖盘
1969,13:13:09,8.54,0.01,3,2561,买盘
1970,13:13:06,8.53,--,14,11942,卖盘
1971,13:13:03,8.53,-0.01,36,30707,卖盘
1972,13:13:00,8.54,0.01,40,34160,买盘
1973,13:12:57,8.53,-0.01,77,65681,卖盘
1974,13:12:54,8.54,--,25,21349,买盘
1975,13:12:51,8.54,0.01,4,3415,买盘
1976,13:12:48,8.53,-0.01,9,7676,卖盘
1977,13:12:45,8.54,--,1,853,买盘
1978,13:12:42,8.54,--,37,31597,买盘
1979,13:12:39,8.54,--,100,85399,买盘
1980,13:12:36,8.54,0.01,70,59779,买盘
1981,13:12:33,8.53,-0.01,44,37532,卖盘
1982,13:12:30,8.54,0.01,12,10247,买盘
1983,13:12:27,8.53,-0.01,17,14500,卖盘
1984,13:12:24,8.54,--,5,4270,买盘
1985,13:12:21,8.54,--,47,40137,买盘
1986,13:12:18,8.54,--,98,83691,卖盘
1987,13:12:15,8.54,--,35,29889,买盘
1988,13:12:12,8.54,--,247,210937,卖盘
1989,13:12:09,8.54,--,529,451765,卖盘
1990,13:12:06,8.54,--,127,108457,卖盘
1991,13:12:03,8.54,--,267,228017,卖盘
1992,13:12:00,8.54,--,83,70882,卖盘
1993,13:11:57,8.54,0.01,12,10247,中性盘
1994,13:11:54,8.53,--,163,139039,卖盘
1995,13:11:51,8.53,-0.01,367,313051,卖盘
1996,13:11:48,8.54,--,9,7685,买盘
1997,13:11:45,8.54,0.01,12,10247,买盘
1998,13:11:42,8.53,-0.01,82,69946,卖盘
1999,13:11:39,8.54,--,130,111019,买盘
2000,13:11:36,8.54,--,46,39283,买盘
2001,13:11:33,8.54,0.01,90,76859,买盘
2002,13:11:30,8.53,-0.01,25,21325,卖盘
2003,13:11:27,8.54,--,18,15371,买盘
2004,13:11:24,8.54,--,38,32451,卖盘
2005,13:11:21,8.54,-0.01,9,7685,卖盘
2006,13:11:18,8.55,0.02,256,218880,买盘
2007,13:11:15,8.53,-0.02,596,508387,卖盘
2008,13:11:12,8.55,0.01,3,2565,买盘
2009,13:11:09,8.54,--,13,11101,卖盘
2010,13:11:06,8.54,-0.01,53,45261,卖盘
2011,13:11:03,8.55,--,107,91485,买盘
2012,13:11:00,8.55,0.01,25,21375,买盘
2013,13:10:57,8.54,--,70,59779,卖盘
2014,13:10:54,8.54,-0.01,42,35868,卖盘
2015,13:10:51,8.55,0.01,34,29070,买盘
2016,13:10:48,8.54,-0.01,10,8540,卖盘
2017,13:10:45,8.55,--,25,21375,买盘
2018,13:10:42,8.55,--,60,51300,买盘
2019,13:10:39,8.55,0.01,4,3420,买盘
2020,13:10:36,8.54,--,22,18787,卖盘
2021,13:10:33,8.54,-0.01,29,24765,卖盘
2022,13:10:27,8.55,0.01,10,8550,买盘
2023,13:10:24,8.54,--,23,19641,卖盘
2024,13:10:21,8.54,-0.01,1,853,卖盘
2025,13:10:18,8.55,0.01,387,330885,买盘
2026,13:10:15,8.54,--,909,776285,卖盘
2027,13:10:12,8.54,-0.01,15,12809,卖盘
2028,13:10:09,8.55,--,17,14535,买盘
2029,13:10:06,8.55,--,68,58140,买盘
2030,13:10:03,8.55,--,67,57285,买盘
2031,13:10:00,8.55,--,15,12825,买盘
2032,13:09:57,8.55,--,35,29925,买盘
2033,13:09:54,8.55,0.01,6,5130,买盘
2034,13:09:51,8.54,-0.02,12,10247,卖盘
2035,13:09:45,8.56,0.01,27,23112,买盘
2036,13:09:42,8.55,--,76,64980,买盘
2037,13:09:39,8.55,--,35,29925,买盘
2038,13:09:36,8.55,-0.01,13,11115,买盘
2039,13:09:33,8.56,0.02,339,290184,买盘
2040,13:09:30,8.54,-0.02,795,678929,卖盘
2041,13:09:27,8.56,0.01,47,40232,买盘
2042,13:09:24,8.55,--,55,47025,卖盘
2043,13:09:21,8.55,--,15,12825,卖盘
2044,13:09:18,8.55,--,32,27360,卖盘
2045,13:09:15,8.55,--,60,51300,卖盘
2046,13:09:12,8.55,--,27,23085,卖盘
2047,13:09:09,8.55,--,29,24795,卖盘
2048,13:09:06,8.55,-0.01,51,43605,卖盘
2049,13:09:03,8.56,--,13,11128,买盘
2050,13:09:00,8.56,--,17,14552,买盘
2051,13:08:57,8.56,--,41,35096,买盘
2052,13:08:54,8.56,0.01,55,47080,买盘
2053,13:08:51,8.55,-0.01,119,101745,卖盘
2054,13:08:48,8.56,0.01,157,134392,买盘
2055,13:08:45,8.55,-0.01,399,341145,卖盘
2056,13:08:42,8.56,--,111,95016,买盘
2057,13:08:39,8.56,--,9,7704,买盘
2058,13:08:36,8.56,0.01,39,33384,买盘
2059,13:08:33,8.55,-0.01,47,40185,卖盘
2060,13:08:30,8.56,--,7,5992,买盘
2061,13:08:27,8.56,0.01,125,107000,买盘
2062,13:08:24,8.55,-0.02,272,232560,卖盘
2063,13:08:21,8.57,--,4,3428,买盘
2064,13:08:18,8.57,0.01,12,10284,买盘
2065,13:08:15,8.56,--,8,6848,卖盘
2066,13:08:12,8.56,-0.01,6,5136,卖盘
2067,13:08:09,8.57,0.01,53,45421,买盘
2068,13:08:06,8.56,--,147,125832,买盘
2069,13:08:03,8.56,--,62,53072,买盘
2070,13:08:00,8.56,--,16,13696,买盘
2071,13:07:57,8.56,--,23,19688,买盘
2072,13:07:54,8.56,0.01,321,274776,买盘
2073,13:07:51,8.55,-0.01,716,612180,卖盘
2074,13:07:48,8.56,-0.01,4,3424,卖盘
2075,13:07:45,8.57,--,2,1714,买盘
2076,13:07:42,8.57,0.01,5,4285,买盘
2077,13:07:39,8.56,-0.01,11,9416,卖盘
2078,13:07:36,8.57,--,40,34280,买盘
2079,13:07:33,8.57,0.01,113,96841,买盘
2080,13:07:30,8.56,--,50,42800,买盘
2081,13:07:27,8.56,--,12,10272,卖盘
2082,13:07:24,8.56,-0.01,10,8560,买盘
2083,13:07:21,8.57,0.02,14,11998,买盘
2084,13:07:18,8.55,-0.01,127,108585,卖盘
2085,13:07:15,8.56,-0.01,230,196880,卖盘
2086,13:07:12,8.57,--,4,3428,买盘
2087,13:07:09,8.57,0.01,17,14569,买盘
2088,13:07:06,8.56,-0.01,24,20544,卖盘
2089,13:07:03,8.57,--,12,10284,买盘
2090,13:07:00,8.57,--,13,11141,买盘
2091,13:06:57,8.57,--,30,25710,买盘
2092,13:06:54,8.57,0.02,3,2571,买盘
2093,13:06:51,8.55,-0.02,5,4275,卖盘
2094,13:06:48,8.57,0.02,3,2571,买盘
2095,13:06:45,8.55,-0.01,34,29070,卖盘
2096,13:06:42,8.56,--,73,62488,买盘
2097,13:06:39,8.56,--,37,31672,买盘
2098,13:06:36,8.56,0.01,35,29960,买盘
2099,13:06:33,8.55,-0.01,25,21375,卖盘
2100,13:06:30,8.56,--,10,8560,买盘
2101,13:06:27,8.56,--,89,76184,买盘
2102,13:06:24,8.56,--,179,153737,卖盘
2103,13:06:21,8.56,-0.01,479,410024,卖盘
2104,13:06:18,8.57,--,1005,861285,买盘
2105,13:06:15,8.57,0.01,13,11141,买盘
2106,13:06:12,8.56,-0.01,13,11128,卖盘
2107,13:06:09,8.57,--,4,3428,买盘
2108,13:06:06,8.57,--,26,22282,买盘
2109,13:06:03,8.57,0.01,56,47992,买盘
2110,13:06:00,8.56,--,262,224272,卖盘
2111,13:05:57,8.56,-0.01,505,432280,卖盘
2112,13:05:54,8.57,--,17,14569,买盘
2113,13:05:51,8.57,--,11,9427,买盘
2114,13:05:45,8.57,0.01,7,5999,买盘
2115,13:05:42,8.56,--,22,18832,卖盘
2116,13:05:39,8.56,--,20,17120,卖盘
2117,13:05:36,8.56,-0.01,208,178048,卖盘
2118,13:05:33,8.57,0.02,445,381707,买盘
2119,13:05:30,8.55,--,34,29070,卖盘
2120,13:05:27,8.55,-0.01,40,34200,卖盘
2121,13:05:21,8.56,0.01,12,10272,买盘
2122,13:05:18,8.55,-0.01,49,41895,卖盘
2123,13:05:15,8.56,0.02,77,65912,买盘
2124,13:05:12,8.54,--,73,62341,卖盘
2125,13:05:09,8.54,-0.01,79,67466,卖盘
2126,13:05:06,8.55,0.01,118,100890,买盘
2127,13:05:03,8.54,-0.01,63,53801,卖盘
2128,13:05:00,8.55,--,60,51300,买盘
2129,13:04:57,8.55,0.01,144,123120,买盘
2130,13:04:54,8.54,-0.01,15,12809,卖盘
2131,13:04:51,8.55,--,12,10260,买盘
2132,13:04:48,8.55,--,35,29925,买盘
2133,13:04:45,8.55,--,20,17100,买盘
2134,13:04:42,8.55,--,1,855,买盘
2135,13:04:39,8.55,-0.01,2,1710,买盘
2136,13:04:36,8.56,0.02,4,3424,买盘
2137,13:04:33,8.54,-0.01,51,43553,卖盘
2138,13:04:30,8.55,--,96,82080,买盘
2139,13:04:27,8.55,--,35,29925,买盘
2140,13:04:24,8.55,0.01,92,78660,买盘
2141,13:04:21,8.54,-0.01,33,28181,卖盘
2142,13:04:18,8.55,--,20,17100,买盘
2143,13:04:12,8.55,0.01,8,6840,买盘
2144,13:04:09,8.54,--,48,40991,卖盘
2145,13:04:06,8.54,--,79,67466,卖盘
2146,13:04:03,8.54,--,18,15371,卖盘
2147,13:04:00,8.54,-0.01,9,7685,卖盘
2148,13:03:54,8.55,0.01,35,29925,买盘
2149,13:03:51,8.54,--,98,83691,卖盘
2150,13:03:48,8.54,--,69,58925,卖盘
2151,13:03:45,8.54,-0.01,74,63195,卖盘
2152,13:03:42,8.55,--,60,51300,买盘
2153,13:03:39,8.55,0.01,155,132525,买盘
2154,13:03:36,8.54,--,32,27327,卖盘
2155,13:03:33,8.54,-0.01,16,13663,卖盘
2156,13:03:30,8.55,--,33,28215,买盘
2157,13:03:27,8.55,--,15,12825,买盘
2158,13:03:18,8.55,0.01,3,2565,买盘
2159,13:03:15,8.54,-0.01,8,6831,卖盘
2160,13:03:09,8.55,0.01,1,855,买盘
2161,13:03:06,8.54,--,15,12809,卖盘
2162,13:03:03,8.54,-0.01,162,138348,卖盘
2163,13:03:00,8.55,--,365,312588,卖盘
2164,13:02:57,8.55,--,156,133380,卖盘
2165,13:02:54,8.55,-0.01,62,53010,卖盘
2166,13:02:51,8.56,0.01,48,41088,买盘
2167,13:02:48,8.55,-0.01,112,95760,卖盘
2168,13:02:45,8.56,0.01,20,17120,买盘
2169,13:02:42,8.55,-0.01,43,36765,卖盘
2170,13:02:36,8.56,--,3,2568,买盘
2171,13:02:33,8.56,0.01,11,9416,买盘
2172,13:02:30,8.55,-0.01,33,28215,卖盘
2173,13:02:27,8.56,-0.01,68,58208,卖盘
2174,13:02:24,8.57,0.01,9,7713,买盘
2175,13:02:21,8.56,--,17,14552,卖盘
2176,13:02:18,8.56,--,16,13696,买盘
2177,13:02:12,8.56,0.01,14,11984,买盘
2178,13:02:09,8.55,-0.01,50,42750,卖盘
2179,13:02:06,8.56,-0.01,42,35952,买盘
2180,13:02:03,8.57,0.01,895,767015,买盘
2181,13:02:00,8.56,0.01,2099,1796744,买盘
2182,13:01:57,8.55,-0.01,33,28215,卖盘
2183,13:01:54,8.56,--,17,14552,买盘
2184,13:01:51,8.56,-0.01,69,59064,买盘
2185,13:01:48,8.57,0.01,171,146547,买盘
2186,13:01:45,8.56,-0.01,257,219992,卖盘
2187,13:01:42,8.57,--,26,22282,买盘
2188,13:01:39,8.57,0.02,13,11141,买盘
2189,13:01:36,8.55,-0.02,50,42750,卖盘
2190,13:01:33,8.57,--,42,35994,买盘
2191,13:01:30,8.57,--,15,12855,买盘
2192,13:01:27,8.57,0.01,98,83986,买盘
2193,13:01:24,8.56,-0.01,164,140384,卖盘
2194,13:01:21,8.57,0.01,1,857,买盘
2195,13:01:18,8.56,-0.01,8,6848,卖盘
2196,13:01:15,8.57,--,16,13712,买盘
2197,13:01:09,8.57,--,1,857,买盘
2198,13:01:06,8.57,0.01,20,17140,买盘
2199,13:01:03,8.56,--,79,67624,卖盘
2200,13:01:00,8.56,-0.01,101,86456,卖盘
2201,13:00:57,8.57,--,174,149118,买盘
2202,13:00:54,8.57,0.01,405,347085,买盘
2203,13:00:51,8.56,-0.01,32,27392,卖盘
2204,13:00:48,8.57,0.01,59,50563,买盘
2205,13:00:45,8.56,--,28,23968,卖盘
2206,13:00:42,8.56,-0.01,19,16264,卖盘
2207,13:00:33,8.57,--,9,7713,买盘
2208,13:00:30,8.57,0.01,25,21425,买盘
2209,13:00:27,8.56,-0.01,8,6848,卖盘
2210,13:00:24,8.57,--,5,4285,买盘
2211,13:00:21,8.57,0.01,12,10284,买盘
2212,13:00:18,8.56,-0.01,23,19688,卖盘
2213,13:00:15,8.57,--,39,33423,买盘
2214,13:00:12,8.57,0.01,101,86557,买盘
2215,13:00:09,8.56,--,391,335209,卖盘
2216,13:00:06,8.56,-0.01,1135,972244,卖盘
2217,13:00:03,8.57,--,1641,1406337,买盘
2218,13:00:00,8.57,--,0,0,买盘
2219,11:30:00,8.57,0.02,4,3428,买盘
2220,11:29:57,8.55,-0.02,9,7695,卖盘
2221,11:29:54,8.57,--,11,9427,买盘
2222,11:29:51,8.57,-0.01,22,18854,卖盘
2223,11:29:48,8.58,0.02,4,3432,买盘
2224,11:29:45,8.56,-0.02,8,6848,卖盘
2225,11:29:42,8.58,0.03,257,220506,买盘
2226,11:29:39,8.55,-0.03,605,517275,卖盘
2227,11:29:36,8.58,--,12,10296,买盘
2228,11:29:30,8.58,0.02,193,165594,买盘
2229,11:29:27,8.56,--,454,388624,卖盘
2230,11:29:24,8.56,-0.01,12,10272,卖盘
2231,11:29:21,8.57,--,4,3428,买盘
2232,11:29:18,8.57,--,3,2571,买盘
2233,11:29:15,8.57,0.01,10,8570,买盘
2234,11:29:12,8.56,--,6,5136,卖盘
2235,11:29:09,8.56,-0.01,4,3424,卖盘
2236,11:29:06,8.57,0.01,46,39422,买盘
2237,11:29:03,8.56,--,162,138672,卖盘
2238,11:29:00,8.56,-0.01,122,104432,卖盘
2239,11:28:57,8.57,--,19,16283,买盘
2240,11:28:54,8.57,0.01,84,71988,买盘
2241,11:28:51,8.56,-0.01,111,95016,卖盘
2242,11:28:48,8.57,--,8,6856,买盘
2243,11:28:45,8.57,--,15,12855,买盘
2244,11:28:42,8.57,0.01,13,11141,买盘
2245,11:28:39,8.56,-0.01,10,8560,卖盘
2246,11:28:36,8.57,--,63,53991,买盘
2247,11:28:33,8.57,--,153,131121,买盘
2248,11:28:30,8.57,--,37,31709,买盘
2249,11:28:27,8.57,0.01,5,4285,买盘
2250,11:28:24,8.56,-0.01,16,13696,卖盘
2251,11:28:21,8.57,0.01,53,45421,买盘
2252,11:28:18,8.56,-0.01,61,52216,卖盘
2253,11:28:15,8.57,--,7,5999,买盘
2254,11:28:12,8.57,0.01,23,19711,买盘
2255,11:28:09,8.56,--,57,48792,卖盘
2256,11:28:06,8.56,--,44,37664,卖盘
2257,11:28:03,8.56,--,112,95872,卖盘
2258,11:28:00,8.56,-0.01,67,57352,卖盘
2259,11:27:57,8.57,0.01,6,5142,买盘
2260,11:27:54,8.56,-0.01,25,21400,卖盘
2261,11:27:51,8.57,--,31,26567,买盘
2262,11:27:48,8.57,0.01,36,30852,买盘
2263,11:27:45,8.56,-0.01,620,530720,卖盘
2264,11:27:42,8.57,--,1302,1115814,买盘
2265,11:27:39,8.57,--,64,54848,买盘
2266,11:27:36,8.57,--,180,154260,买盘
2267,11:27:33,8.57,--,159,136263,买盘
2268,11:27:30,8.57,0.01,252,215964,买盘
2269,11:27:27,8.56,-0.01,122,104432,卖盘
2270,11:27:24,8.57,--,89,76273,买盘
2271,11:27:21,8.57,--,80,68560,买盘
2272,11:27:18,8.57,--,138,118266,买盘
2273,11:27:15,8.57,--,59,50563,买盘
2274,11:27:12,8.57,0.01,92,78844,买盘
2275,11:27:09,8.56,-0.01,27,23112,卖盘
2276,11:27:06,8.57,--,63,53991,买盘
2277,11:27:03,8.57,0.01,5,4285,买盘
2278,11:27:00,8.56,--,9,7704,卖盘
2279,11:26:57,8.56,-0.01,1,856,卖盘
2280,11:26:54,8.57,0.01,7,5999,买盘
2281,11:26:51,8.56,--,18,15408,卖盘
2282,11:26:48,8.56,-0.01,6,5136,卖盘
2283,11:26:45,8.57,--,68,58276,买盘
2284,11:26:42,8.57,-0.01,153,131121,卖盘
2285,11:26:39,8.58,--,8,6864,买盘
2286,11:26:36,8.58,--,7,6006,买盘
2287,11:26:33,8.58,--,16,13728,买盘
2288,11:26:30,8.58,--,29,24882,买盘
2289,11:26:27,8.58,--,68,58344,买盘
2290,11:26:24,8.58,0.01,2,1716,买盘
2291,11:26:21,8.57,--,478,409646,买盘
2292,11:26:18,8.57,--,1112,953669,卖盘
2293,11:26:15,8.57,-0.01,16,13712,卖盘
2294,11:26:12,8.58,--,17,14586,买盘
2295,11:26:09,8.58,0.01,30,25740,买盘
2296,11:26:06,8.57,-0.01,17,14569,卖盘
2297,11:26:03,8.58,0.01,8,6864,买盘
2298,11:26:00,8.57,--,67,57419,卖盘
2299,11:25:54,8.57,--,9,7713,卖盘
2300,11:25:51,8.57,--,50,42850,卖盘
2301,11:25:48,8.57,-0.01,115,98555,卖盘
2302,11:25:45,8.58,0.01,34,29172,买盘
2303,11:25:42,8.57,--,6,5142,卖盘
2304,11:25:39,8.57,--,213,182712,买盘
2305,11:25:36,8.57,--,3,2571,买盘
2306,11:25:33,8.57,0.01,18,15426,买盘
2307,11:25:30,8.56,-0.01,30,25680,卖盘
2308,11:25:27,8.57,--,40,34280,买盘
2309,11:25:24,8.57,0.01,41,35137,买盘
2310,11:25:21,8.56,-0.01,7,5992,卖盘
2311,11:25:18,8.57,--,1,857,买盘
2312,11:25:15,8.57,0.01,2,1714,买盘
2313,11:25:09,8.56,-0.01,10,8560,卖盘
2314,11:25:06,8.57,0.01,7,5999,买盘
2315,11:25:03,8.56,--,28,23968,卖盘
2316,11:25:00,8.56,-0.01,133,113848,卖盘
2317,11:24:57,8.57,0.01,5,4285,买盘
2318,11:24:51,8.56,-0.01,126,107856,卖盘
2319,11:24:48,8.57,--,13,11141,买盘
2320,11:24:45,8.57,--,4,3428,买盘
2321,11:24:42,8.57,--,46,39422,买盘
2322,11:24:39,8.57,0.01,43,36851,买盘
2323,11:24:36,8.56,--,72,61632,卖盘
2324,11:24:30,8.56,-0.01,7,5992,卖盘
2325,11:24:27,8.57,--,111,95127,买盘
2326,11:24:24,8.57,0.01,34,29138,买盘
2327,11:24:21,8.56,-0.01,102,87312,卖盘
2328,11:24:18,8.57,0.01,10,8570,买盘
2329,11:24:15,8.56,--,17,14552,卖盘
2330,11:24:12,8.56,--,20,17120,卖盘
2331,11:24:09,8.56,--,12,10272,卖盘
2332,11:24:06,8.56,--,5,4280,卖盘
2333,11:24:03,8.56,-0.01,34,29104,卖盘
2334,11:24:00,8.57,0.01,2,1714,买盘
2335,11:23:57,8.56,--,10,8560,卖盘
2336,11:23:54,8.56,-0.01,10,8560,卖盘
2337,11:23:51,8.57,--,37,31709,买盘
2338,11:23:48,8.57,--,29,24853,买盘
2339,11:23:45,8.57,--,35,29995,买盘
2340,11:23:42,8.57,--,13,11141,买盘
2341,11:23:39,8.57,0.01,18,15426,买盘
2342,11:23:36,8.56,-0.01,63,53928,卖盘
2343,11:23:33,8.57,0.01,72,61704,买盘
2344,11:23:30,8.56,-0.01,8,6848,卖盘
2345,11:23:27,8.57,--,29,24853,买盘
2346,11:23:24,8.57,0.01,796,682172,买盘
2347,11:23:21,8.56,-0.01,20,17120,卖盘
2348,11:23:15,8.57,--,2,1714,买盘
2349,11:23:12,8.57,0.01,6,5142,买盘
2350,11:23:09,8.56,-0.01,15,12840,卖盘
2351,11:23:06,8.57,--,9,7713,买盘
2352,11:23:03,8.57,0.01,6,5142,买盘
2353,11:23:00,8.56,--,8,6848,卖盘
2354,11:22:57,8.56,-0.01,80,68480,卖盘
2355,11:22:51,8.57,--,25,21425,买盘
2356,11:22:48,8.57,-0.02,2085,1787530,卖盘
2357,11:22:42,8.59,0.01,5,4295,买盘
2358,11:22:39,8.58,--,1,858,卖盘
2359,11:22:36,8.58,-0.01,42,36036,卖盘
2360,11:22:33,8.59,0.01,34,29206,买盘
2361,11:22:30,8.58,-0.01,128,109824,卖盘
2362,11:22:27,8.59,0.01,3,2577,买盘
2363,11:22:24,8.58,-0.01,10,8580,卖盘
2364,11:22:21,8.59,0.01,2,1718,买盘
2365,11:22:15,8.58,-0.01,48,41184,卖盘
2366,11:22:09,8.59,0.01,26,22334,买盘
2367,11:22:06,8.58,--,53,45474,卖盘
2368,11:22:03,8.58,--,97,83226,卖盘
2369,11:22:00,8.58,--,94,80652,卖盘
2370,11:21:57,8.58,-0.01,20,17160,卖盘
2371,11:21:54,8.59,--,32,27488,买盘
2372,11:21:51,8.59,0.01,15,12885,买盘
2373,11:21:48,8.58,--,63,54054,卖盘
2374,11:21:39,8.58,-0.01,47,40326,卖盘
2375,11:21:36,8.59,--,5,4295,买盘
2376,11:21:33,8.59,0.01,30,25770,买盘
2377,11:21:30,8.58,-0.01,8,6864,卖盘
2378,11:21:27,8.59,--,56,48104,买盘
2379,11:21:24,8.59,--,318,273162,买盘
2380,11:21:21,8.59,--,2,1718,买盘
2381,11:21:18,8.59,0.01,114,97926,买盘
2382,11:21:15,8.58,--,36,30888,卖盘
2383,11:21:12,8.58,--,61,52338,卖盘
2384,11:21:09,8.58,--,16,13728,卖盘
2385,11:21:06,8.58,--,5,4290,卖盘
2386,11:21:03,8.58,--,1,858,卖盘
2387,11:21:00,8.58,--,28,24024,卖盘
2388,11:20:57,8.58,-0.01,436,374088,卖盘
2389,11:20:51,8.59,0.01,20,17180,买盘
2390,11:20:48,8.58,-0.01,90,77220,卖盘
2391,11:20:45,8.59,0.01,11,9449,买盘
2392,11:20:39,8.58,-0.01,126,108108,卖盘
2393,11:20:36,8.59,0.01,3,2577,买盘
2394,11:20:33,8.58,-0.01,58,49764,卖盘
2395,11:20:30,8.59,0.01,12,10308,买盘
2396,11:20:27,8.58,--,2,1716,卖盘
2397,11:20:24,8.58,-0.01,149,127842,卖盘
2398,11:20:18,8.59,0.01,5,4295,买盘
2399,11:20:15,8.58,--,26,22308,卖盘
2400,11:20:12,8.58,--,50,42900,卖盘
2401,11:20:09,8.58,--,1,858,卖盘
2402,11:20:03,8.58,--,6,5148,卖盘
2403,11:20:00,8.58,--,19,16302,卖盘
2404,11:19:57,8.58,-0.01,88,75504,卖盘
2405,11:19:54,8.59,0.01,10,8590,买盘
2406,11:19:51,8.58,--,41,35178,卖盘
2407,11:19:48,8.58,-0.01,140,120120,卖盘
2408,11:19:45,8.59,0.01,17,14603,买盘
2409,11:19:39,8.58,-0.01,375,321750,卖盘
2410,11:19:36,8.59,--,97,83323,买盘
2411,11:19:33,8.59,0.01,6,5154,买盘
2412,11:19:30,8.58,--,145,124410,卖盘
2413,11:19:27,8.58,--,12,10296,卖盘
2414,11:19:18,8.58,-0.01,40,34320,卖盘
2415,11:19:09,8.59,0.01,3,2577,买盘
2416,11:19:06,8.58,-0.01,10,8580,卖盘
2417,11:19:03,8.59,--,7,6013,买盘
2418,11:19:00,8.59,--,2,1718,买盘
2419,11:18:57,8.59,--,143,122837,买盘
2420,11:18:54,8.59,--,165,141735,买盘
2421,11:18:51,8.59,--,3,2577,买盘
2422,11:18:48,8.59,0.01,468,402012,买盘
2423,11:18:45,8.58,--,8,6864,卖盘
2424,11:18:42,8.58,--,100,85800,卖盘
2425,11:18:39,8.58,-0.01,30,25740,卖盘
2426,11:18:36,8.59,0.01,4,3436,买盘
2427,11:18:33,8.58,-0.01,345,296696,卖盘
2428,11:18:30,8.59,--,2,1718,买盘
2429,11:18:24,8.59,0.01,70,60130,买盘
2430,11:18:21,8.58,-0.01,8,6864,卖盘
2431,11:18:18,8.59,0.01,81,69579,买盘
2432,11:18:15,8.58,--,115,98670,卖盘
2433,11:18:12,8.58,-0.01,65,55770,卖盘
2434,11:18:09,8.59,--,51,43809,买盘
2435,11:18:06,8.59,--,495,425548,买盘
2436,11:18:03,8.59,0.01,6,5154,买盘
2437,11:18:00,8.58,--,10,8580,卖盘
2438,11:17:57,8.58,--,13,11154,卖盘
2439,11:17:54,8.58,--,15,12870,卖盘
2440,11:17:51,8.58,--,10,8580,卖盘
2441,11:17:48,8.58,--,93,79794,卖盘
2442,11:17:45,8.58,-0.01,12,10296,卖盘
2443,11:17:42,8.59,0.01,16,13744,买盘
2444,11:17:39,8.58,-0.01,11,9438,卖盘
2445,11:17:33,8.59,-0.01,23,19757,卖盘
2446,11:17:30,8.6,0.02,28,24080,买盘
2447,11:17:27,8.58,-0.01,180,154440,卖盘
2448,11:17:24,8.59,--,122,104798,卖盘
2449,11:17:21,8.59,--,46,39514,卖盘
2450,11:17:18,8.59,--,10,8590,卖盘
2451,11:17:15,8.59,--,53,45527,卖盘
2452,11:17:12,8.59,--,30,25770,卖盘
2453,11:17:09,8.59,--,2,1718,卖盘
2454,11:17:06,8.59,--,206,176954,卖盘
2455,11:17:03,8.59,--,357,306663,买盘
2456,11:17:00,8.59,--,64,54976,买盘
2457,11:16:57,8.59,--,19,16321,买盘
2458,11:16:54,8.59,--,254,218186,买盘
2459,11:16:48,8.59,0.01,1,859,买盘
2460,11:16:45,8.58,--,3,2574,卖盘
2461,11:16:42,8.58,-0.01,26,22308,卖盘
2462,11:16:39,8.59,--,38,32642,买盘
2463,11:16:36,8.59,--,130,111670,买盘
2464,11:16:33,8.59,--,25,21475,买盘
2465,11:16:30,8.59,--,21,18039,买盘
2466,11:16:27,8.59,--,22,18898,买盘
2467,11:16:24,8.59,0.01,11,9449,买盘
2468,11:16:21,8.58,--,16,13728,卖盘
2469,11:16:18,8.58,-0.01,31,26598,卖盘
2470,11:16:15,8.59,0.01,5,4295,买盘
2471,11:16:12,8.58,--,24,20592,卖盘
2472,11:16:09,8.58,--,41,35178,卖盘
2473,11:16:06,8.58,-0.01,50,42900,卖盘
2474,11:16:03,8.59,--,255,219045,买盘
2475,11:16:00,8.59,--,19,16321,买盘
2476,11:15:57,8.59,--,19,16321,买盘
2477,11:15:48,8.59,--,35,30065,买盘
2478,11:15:45,8.59,--,2,1718,买盘
2479,11:15:42,8.59,--,9,7731,买盘
2480,11:15:39,8.59,0.01,9,7731,买盘
2481,11:15:36,8.58,-0.01,12,10296,卖盘
2482,11:15:30,8.59,--,40,34360,买盘
2483,11:15:27,8.59,0.01,25,21475,买盘
2484,11:15:24,8.58,-0.01,11,9438,卖盘
2485,11:15:21,8.59,0.01,16,13744,买盘
2486,11:15:18,8.58,--,47,40326,卖盘
2487,11:15:15,8.58,-0.01,43,36894,卖盘
2488,11:15:12,8.59,0.01,10,8590,买盘
2489,11:15:09,8.58,-0.01,23,19734,卖盘
2490,11:15:06,8.59,0.01,17,14603,买盘
2491,11:15:03,8.58,-0.01,1109,951522,卖盘
2492,11:14:57,8.59,0.01,2,1718,买盘
2493,11:14:54,8.58,--,1,858,卖盘
2494,11:14:51,8.58,--,8,6864,卖盘
2495,11:14:48,8.58,--,6,5148,卖盘
2496,11:14:42,8.58,-0.01,8,6864,卖盘
2497,11:14:39,8.59,--,5,4295,买盘
2498,11:14:36,8.59,--,1,859,买盘
2499,11:14:33,8.59,0.01,8,6872,买盘
2500,11:14:30,8.58,--,88,75504,卖盘
2501,11:14:27,8.58,-0.01,23,19734,卖盘
2502,11:14:21,8.59,0.01,8,6872,买盘
2503,11:14:18,8.58,-0.01,8,6864,卖盘
2504,11:14:15,8.59,0.01,27,23193,买盘
2505,11:14:12,8.58,0.01,5,4290,买盘
2506,11:14:09,8.57,-0.02,10,8570,卖盘
2507,11:14:03,8.59,0.01,22,18898,买盘
2508,11:14:00,8.58,--,9,7722,卖盘
2509,11:13:57,8.58,--,211,181038,卖盘
2510,11:13:51,8.58,--,12,10296,卖盘
2511,11:13:45,8.58,-0.01,15,12870,卖盘
2512,11:13:42,8.59,0.01,42,36078,买盘
2513,11:13:39,8.58,--,15,12870,卖盘
2514,11:13:36,8.58,-0.01,9,7722,卖盘
2515,11:13:33,8.59,--,4,3436,买盘
2516,11:13:27,8.59,0.01,3,2577,买盘
2517,11:13:24,8.58,--,112,96096,买盘
2518,11:13:21,8.58,--,4,3432,买盘
2519,11:13:18,8.58,--,18,15444,买盘
2520,11:13:15,8.58,0.01,90,77220,买盘
2521,11:13:12,8.57,-0.01,9,7713,卖盘
2522,11:13:06,8.58,0.01,5,4290,买盘
2523,11:13:03,8.57,--,65,55705,卖盘
2524,11:13:00,8.57,-0.01,164,140548,卖盘
2525,11:12:57,8.58,--,54,46332,买盘
2526,11:12:51,8.58,0.01,438,375804,买盘
2527,11:12:48,8.57,--,3,2571,买盘
2528,11:12:42,8.57,--,74,63418,卖盘
2529,11:12:39,8.57,--,16,13712,卖盘
2530,11:12:33,8.57,--,10,8570,卖盘
2531,11:12:30,8.57,--,9,7713,卖盘
2532,11:12:27,8.57,--,2,1714,买盘
2533,11:12:24,8.57,--,6,5142,买盘
2534,11:12:21,8.57,0.01,27,23139,买盘
2535,11:12:18,8.56,-0.01,9,7704,卖盘
2536,11:12:15,8.57,--,91,77987,买盘
2537,11:12:12,8.57,0.01,67,57419,买盘
2538,11:12:09,8.56,--,3,2568,卖盘
2539,11:12:06,8.56,--,21,17976,卖盘
2540,11:12:03,8.56,--,16,13696,卖盘
2541,11:11:57,8.56,-0.01,8,6848,卖盘
2542,11:11:54,8.57,--,2,1714,买盘
2543,11:11:48,8.57,0.01,25,21425,买盘
2544,11:11:45,8.56,-0.01,57,48792,卖盘
2545,11:11:42,8.57,0.01,32,27424,买盘
2546,11:11:36,8.56,--,72,61632,卖盘
2547,11:11:33,8.56,--,34,29104,卖盘
2548,11:11:30,8.56,-0.01,18,15408,卖盘
2549,11:11:27,8.57,--,38,32566,买盘
2550,11:11:24,8.57,--,33,28281,买盘
2551,11:11:21,8.57,--,3,2571,买盘
2552,11:11:18,8.57,0.01,5,4285,买盘
2553,11:11:12,8.56,-0.01,9,7704,卖盘
2554,11:11:09,8.57,--,35,29995,买盘
2555,11:11:03,8.57,0.01,82,70274,买盘
2556,11:11:00,8.56,--,14,11984,卖盘
2557,11:10:54,8.56,--,80,68480,卖盘
2558,11:10:51,8.56,--,8,6848,卖盘
2559,11:10:48,8.56,-0.01,37,31672,卖盘
2560,11:10:45,8.57,--,5,4285,买盘
2561,11:10:42,8.57,0.01,522,447354,买盘
2562,11:10:39,8.56,--,55,47080,卖盘
2563,11:10:36,8.56,-0.01,21,17976,卖盘
2564,11:10:30,8.57,0.01,9,7713,买盘
2565,11:10:27,8.56,--,10,8560,卖盘
2566,11:10:24,8.56,--,31,26536,买盘
2567,11:10:21,8.56,--,16,13696,买盘
2568,11:10:18,8.56,--,216,184896,买盘
2569,11:10:09,8.56,0.01,31,26536,买盘
2570,11:10:06,8.55,-0.01,314,268470,卖盘
2571,11:10:00,8.56,--,66,56496,买盘
2572,11:09:57,8.56,0.01,122,104432,买盘
2573,11:09:54,8.55,--,17,14535,卖盘
2574,11:09:45,8.55,-0.01,9,7695,卖盘
2575,11:09:42,8.56,--,1,856,买盘
2576,11:09:39,8.56,--,41,35096,买盘
2577,11:09:36,8.56,0.01,60,51360,买盘
2578,11:09:33,8.55,-0.01,196,167580,卖盘
2579,11:09:27,8.56,--,85,72760,买盘
2580,11:09:24,8.56,0.01,30,25680,买盘
2581,11:09:21,8.55,-0.01,9,7695,卖盘
2582,11:09:18,8.56,0.01,17,14552,买盘
2583,11:09:12,8.55,--,21,17955,卖盘
2584,11:09:09,8.55,-0.01,1,855,卖盘
2585,11:09:06,8.56,-0.02,3091,2645896,卖盘
2586,11:09:03,8.58,0.01,247,211926,买盘
2587,11:09:00,8.57,--,14,11998,卖盘
2588,11:08:57,8.57,--,30,25710,卖盘
2589,11:08:54,8.57,--,39,33423,卖盘
2590,11:08:51,8.57,--,7,5999,卖盘
2591,11:08:48,8.57,-0.01,8,6856,卖盘
2592,11:08:45,8.58,0.01,1,858,买盘
2593,11:08:42,8.57,-0.01,219,187683,卖盘
2594,11:08:39,8.58,--,19,16302,买盘
2595,11:08:36,8.58,--,54,46332,买盘
2596,11:08:33,8.58,--,80,68640,买盘
2597,11:08:30,8.58,--,23,19734,买盘
2598,11:08:27,8.58,0.01,11,9438,买盘
2599,11:08:24,8.57,--,1,857,卖盘
2600,11:08:15,8.57,--,9,7713,卖盘
2601,11:08:09,8.57,--,1,857,卖盘
2602,11:08:06,8.57,--,1,857,卖盘
2603,11:08:03,8.57,-0.01,8,6856,卖盘
2604,11:07:57,8.58,--,5,4290,买盘
2605,11:07:54,8.58,0.01,22,18876,买盘
2606,11:07:45,8.57,--,19,16283,卖盘
2607,11:07:42,8.57,--,8,6856,卖盘
2608,11:07:39,8.57,--,2,1714,卖盘
2609,11:07:36,8.57,--,101,86557,卖盘
2610,11:07:33,8.57,0.01,165,141405,买盘
2611,11:07:30,8.56,--,20,17120,卖盘
2612,11:07:27,8.56,--,59,50504,卖盘
2613,11:07:21,8.56,--,8,6848,卖盘
2614,11:07:18,8.56,-0.01,200,171200,卖盘
2615,11:07:15,8.57,0.01,110,94270,买盘
2616,11:07:09,8.56,-0.01,82,70192,卖盘
2617,11:07:06,8.57,0.01,2,1714,买盘
2618,11:07:03,8.56,--,1,856,卖盘
2619,11:07:00,8.56,--,68,58208,卖盘
2620,11:06:57,8.56,-0.01,209,178904,卖盘
2621,11:06:54,8.57,0.01,188,161116,买盘
2622,11:06:51,8.56,--,92,78752,卖盘
2623,11:06:48,8.56,-0.01,51,43656,卖盘
2624,11:06:45,8.57,0.01,123,105411,买盘
2625,11:06:42,8.56,-0.01,31,26536,卖盘
2626,11:06:36,8.57,0.01,47,40279,买盘
2627,11:06:33,8.56,--,10,8560,卖盘
2628,11:06:30,8.56,-0.01,7,5992,卖盘
2629,11:06:27,8.57,--,113,96841,买盘
2630,11:06:24,8.57,--,58,49706,买盘
2631,11:06:21,8.57,--,2,1714,买盘
2632,11:06:18,8.57,0.01,33,28281,买盘
2633,11:06:15,8.56,--,9,7704,卖盘
2634,11:06:12,8.56,-0.01,20,17120,卖盘
2635,11:06:09,8.57,--,124,106268,买盘
2636,11:06:06,8.57,--,84,71988,买盘
2637,11:06:03,8.57,--,29,24853,买盘
2638,11:06:00,8.57,--,12,10284,买盘
2639,11:05:57,8.57,--,5,4285,买盘
2640,11:05:54,8.57,0.01,5,4285,买盘
2641,11:05:51,8.56,-0.01,64,54784,卖盘
2642,11:05:48,8.57,0.01,21,17997,买盘
2643,11:05:42,8.56,-0.01,8,6848,卖盘
2644,11:05:39,8.57,--,26,22282,买盘
2645,11:05:36,8.57,--,39,33423,买盘
2646,11:05:33,8.57,0.01,10,8570,买盘
2647,11:05:30,8.56,-0.01,31,26536,卖盘
2648,11:05:24,8.57,--,31,26567,买盘
2649,11:05:21,8.57,0.01,15,12855,买盘
2650,11:05:18,8.56,-0.01,41,35096,卖盘
2651,11:05:15,8.57,-0.01,386,330802,卖盘
2652,11:05:12,8.58,--,19,16302,买盘
2653,11:05:09,8.58,--,14,12012,买盘
2654,11:05:06,8.58,0.01,127,108966,买盘
2655,11:05:03,8.57,-0.01,1,857,卖盘
2656,11:05:00,8.58,0.01,13,11154,买盘
2657,11:04:57,8.57,-0.01,78,66846,卖盘
2658,11:04:54,8.58,0.01,7,6006,买盘
2659,11:04:51,8.57,-0.01,52,44564,卖盘
2660,11:04:48,8.58,0.01,27,23166,买盘
2661,11:04:45,8.57,--,90,77130,卖盘
2662,11:04:42,8.57,-0.01,221,189397,卖盘
2663,11:04:39,8.58,--,30,25740,买盘
2664,11:04:36,8.58,--,41,35178,买盘
2665,11:04:33,8.58,0.01,56,48048,买盘
2666,11:04:30,8.57,-0.01,383,328231,卖盘
2667,11:04:27,8.58,0.01,30,25740,买盘
2668,11:04:24,8.57,--,11,9427,卖盘
2669,11:04:15,8.57,--,29,24853,卖盘
2670,11:04:12,8.57,-0.01,66,56562,卖盘
2671,11:04:09,8.58,0.01,30,25740,买盘
2672,11:04:03,8.57,-0.01,8,6856,卖盘
2673,11:04:00,8.58,--,212,181896,买盘
2674,11:03:54,8.58,0.01,1,858,买盘
2675,11:03:51,8.57,-0.01,9,7713,卖盘
2676,11:03:45,8.58,--,26,22308,买盘
2677,11:03:42,8.58,0.01,6,5148,买盘
2678,11:03:39,8.57,-0.01,9,7713,卖盘
2679,11:03:33,8.58,--,4,3432,买盘
2680,11:03:30,8.58,0.01,22,18876,买盘
2681,11:03:27,8.57,--,3,2571,卖盘
2682,11:03:24,8.57,-0.01,2,1714,卖盘
2683,11:03:21,8.58,0.01,16,13728,买盘
2684,11:03:18,8.57,-0.01,9,7713,卖盘
2685,11:03:15,8.58,--,83,71214,买盘
2686,11:03:12,8.58,0.01,3,2574,买盘
2687,11:03:09,8.57,--,1,857,卖盘
2688,11:03:06,8.57,-0.01,31,26567,卖盘
2689,11:03:03,8.58,0.01,130,111540,买盘
2690,11:03:00,8.57,--,129,110553,买盘
2691,11:02:57,8.57,--,80,68560,买盘
2692,11:02:51,8.57,-0.01,713,611041,卖盘
2693,11:02:48,8.58,0.01,9,7722,买盘
2694,11:02:45,8.57,--,7,5999,卖盘
2695,11:02:42,8.57,-0.01,10,8570,卖盘
2696,11:02:39,8.58,0.01,127,108966,买盘
2697,11:02:36,8.57,--,416,356512,买盘
2698,11:02:33,8.57,--,63,53991,买盘
2699,11:02:30,8.57,--,411,352227,卖盘
2700,11:02:24,8.57,--,492,421644,卖盘
2701,11:02:21,8.57,-0.01,38,32566,卖盘
2702,11:02:18,8.58,0.01,6,5148,买盘
2703,11:02:15,8.57,-0.01,12,10284,卖盘
2704,11:02:12,8.58,0.01,235,201630,买盘
2705,11:02:09,8.57,-0.01,1,857,卖盘
2706,11:02:06,8.58,0.01,19,16302,买盘
2707,11:02:03,8.57,--,68,58276,卖盘
2708,11:02:00,8.57,--,49,41993,卖盘
2709,11:01:54,8.57,--,123,105411,买盘
2710,11:01:51,8.57,0.01,17,14569,买盘
2711,11:01:48,8.56,-0.01,16,13696,卖盘
2712,11:01:45,8.57,0.01,73,62561,买盘
2713,11:01:42,8.56,-0.01,81,69336,卖盘
2714,11:01:39,8.57,--,35,29995,卖盘
2715,11:01:36,8.57,--,15,12855,卖盘
2716,11:01:33,8.57,-0.01,63,53991,卖盘
2717,11:01:30,8.58,0.01,7,6006,买盘
2718,11:01:27,8.57,--,7,5999,卖盘
2719,11:01:24,8.57,--,32,27424,买盘
2720,11:01:21,8.57,0.01,200,171400,买盘
2721,11:01:18,8.56,--,10,8560,卖盘
2722,11:01:15,8.56,-0.01,9,7704,卖盘
2723,11:01:12,8.57,0.01,14,11998,买盘
2724,11:01:09,8.56,-0.02,7,5992,卖盘
2725,11:01:06,8.58,--,36,30888,买盘
2726,11:01:03,8.58,0.01,61,52338,买盘
2727,11:01:00,8.57,--,6,5142,买盘
2728,11:00:57,8.57,0.01,40,34280,卖盘
2729,11:00:54,8.56,-0.02,10,8560,卖盘
2730,11:00:51,8.58,--,129,110682,买盘
2731,11:00:48,8.58,0.01,60,51480,买盘
2732,11:00:45,8.57,0.01,119,101983,买盘
2733,11:00:42,8.56,-0.02,149,127544,卖盘
2734,11:00:39,8.58,--,12,10296,买盘
2735,11:00:36,8.58,0.01,17,14586,买盘
2736,11:00:33,8.57,-0.01,9,7713,卖盘
2737,11:00:30,8.58,--,15,12870,买盘
2738,11:00:27,8.58,--,267,229086,买盘
2739,11:00:24,8.58,--,10,8580,买盘
2740,11:00:21,8.58,--,22,18876,买盘
2741,11:00:18,8.58,--,1,858,买盘
2742,11:00:15,8.58,--,54,46332,买盘
2743,11:00:12,8.58,-0.01,819,703388,卖盘
2744,11:00:09,8.59,0.01,16,13744,买盘
2745,11:00:06,8.58,-0.01,338,290004,卖盘
2746,11:00:03,8.59,0.01,13,11167,买盘
2747,11:00:00,8.58,--,31,26598,卖盘
2748,10:59:57,8.58,-0.01,421,361218,卖盘
2749,10:59:51,8.59,0.01,10,8590,买盘
2750,10:59:48,8.58,-0.01,10,8580,卖盘
2751,10:59:45,8.59,0.01,45,38655,买盘
2752,10:59:36,8.58,-0.01,29,24882,卖盘
2753,10:59:33,8.59,0.01,105,90195,买盘
2754,10:59:30,8.58,--,48,41184,卖盘
2755,10:59:27,8.58,-0.01,203,174174,卖盘
2756,10:59:24,8.59,--,36,30924,买盘
2757,10:59:21,8.59,--,80,68720,买盘
2758,10:59:15,8.59,--,12,10308,买盘
2759,10:59:12,8.59,--,26,22334,买盘
2760,10:59:09,8.59,--,31,26629,买盘
2761,10:59:06,8.59,0.01,14,12026,买盘
2762,10:59:03,8.58,-0.01,65,55770,卖盘
2763,10:59:00,8.59,0.01,21,18039,买盘
2764,10:58:57,8.58,-0.01,58,49764,卖盘
2765,10:58:54,8.59,0.01,10,8590,买盘
2766,10:58:51,8.58,-0.01,5,4290,卖盘
2767,10:58:48,8.59,0.01,30,25770,买盘
2768,10:58:45,8.58,-0.01,22,18876,卖盘
2769,10:58:42,8.59,0.01,72,61848,卖盘
2770,10:58:36,8.58,-0.01,154,132132,卖盘
2771,10:58:33,8.59,--,416,357344,卖盘
2772,10:58:30,8.59,--,176,151184,卖盘
2773,10:58:21,8.59,-0.01,30,25770,卖盘
2774,10:58:18,8.6,0.01,20,17200,买盘
2775,10:58:12,8.59,-0.01,64,54976,卖盘
2776,10:58:09,8.6,0.01,47,40420,买盘
2777,10:58:06,8.59,-0.01,67,57553,卖盘
2778,10:58:03,8.6,0.01,161,138460,买盘
2779,10:57:57,8.59,--,305,261995,卖盘
2780,10:57:51,8.59,--,9,7731,卖盘
2781,10:57:48,8.59,--,34,29206,卖盘
2782,10:57:45,8.59,-0.01,24,20616,卖盘
2783,10:57:42,8.6,0.01,1,860,买盘
2784,10:57:39,8.59,--,129,110982,卖盘
2785,10:57:36,8.59,--,17,14603,卖盘
2786,10:57:33,8.59,-0.01,36,30924,卖盘
2787,10:57:30,8.6,--,49,42140,买盘
2788,10:57:27,8.6,0.01,3,2580,买盘
2789,10:57:24,8.59,--,132,113388,卖盘
2790,10:57:21,8.59,--,6,5154,卖盘
2791,10:57:18,8.59,--,20,17180,卖盘
2792,10:57:15,8.59,--,196,168364,卖盘
2793,10:57:12,8.59,--,76,65284,卖盘
2794,10:57:09,8.59,--,1,859,卖盘
2795,10:57:06,8.59,--,39,33501,卖盘
2796,10:57:03,8.59,--,11,9449,卖盘
2797,10:57:00,8.59,--,210,180390,卖盘
2798,10:56:57,8.59,-0.01,281,241379,卖盘
2799,10:56:54,8.6,0.01,294,252840,买盘
2800,10:56:51,8.59,-0.01,34,29206,卖盘
2801,10:56:48,8.6,--,53,45580,买盘
2802,10:56:45,8.6,0.01,18,15480,买盘
2803,10:56:42,8.59,--,1,859,卖盘
2804,10:56:39,8.59,--,101,86759,卖盘
2805,10:56:36,8.59,--,28,24052,卖盘
2806,10:56:30,8.59,-0.01,6,5154,卖盘
2807,10:56:27,8.6,--,122,104920,买盘
2808,10:56:21,8.6,--,13,11180,买盘
2809,10:56:18,8.6,--,31,26660,买盘
2810,10:56:15,8.6,0.01,18,15480,买盘
2811,10:56:12,8.59,--,7,6013,卖盘
2812,10:56:09,8.59,--,16,13744,卖盘
2813,10:56:06,8.59,-0.01,125,107375,卖盘
2814,10:56:03,8.6,--,22,18920,买盘
2815,10:56:00,8.6,--,6,5160,买盘
2816,10:55:57,8.6,--,13,11180,买盘
2817,10:55:54,8.6,0.01,64,55040,买盘
2818,10:55:51,8.59,-0.01,10,8590,卖盘
2819,10:55:48,8.6,0.01,17,14620,买盘
2820,10:55:45,8.59,--,10,8590,卖盘
2821,10:55:42,8.59,-0.01,27,23193,卖盘
2822,10:55:39,8.6,0.01,10,8600,买盘
2823,10:55:36,8.59,--,1,859,卖盘
2824,10:55:33,8.59,-0.01,51,43809,卖盘
2825,10:55:30,8.6,--,17,14620,买盘
2826,10:55:24,8.6,--,57,49020,买盘
2827,10:55:18,8.6,0.01,103,88580,买盘
2828,10:55:15,8.59,--,48,41232,卖盘
2829,10:55:12,8.59,--,69,59271,卖盘
2830,10:55:03,8.59,--,52,44668,卖盘
2831,10:55:00,8.59,--,23,19757,卖盘
2832,10:54:57,8.59,-0.01,12,10308,卖盘
2833,10:54:54,8.6,0.01,50,43000,买盘
2834,10:54:51,8.59,--,9,7731,卖盘
2835,10:54:48,8.59,--,16,13744,卖盘
2836,10:54:42,8.59,-0.01,4,3436,卖盘
2837,10:54:39,8.6,--,28,24080,买盘
2838,10:54:36,8.6,--,60,51600,买盘
2839,10:54:33,8.6,--,197,169420,买盘
2840,10:54:30,8.6,--,138,118680,买盘
2841,10:54:27,8.6,0.01,67,57620,买盘
2842,10:54:18,8.59,-0.01,140,120260,卖盘
2843,10:54:15,8.6,0.01,100,86000,买盘
2844,10:54:12,8.59,-0.01,65,55835,卖盘
2845,10:54:09,8.6,0.01,564,485040,买盘
2846,10:54:06,8.59,--,9,7731,卖盘
2847,10:54:03,8.59,-0.01,2,1718,卖盘
2848,10:54:00,8.6,--,16,13760,买盘
2849,10:53:57,8.6,0.01,51,43860,买盘
2850,10:53:54,8.59,-0.01,46,39514,卖盘
2851,10:53:48,8.6,--,50,43000,买盘
2852,10:53:45,8.6,--,28,24080,买盘
