,time,price,change,volume,amount,type
0,15:00:03,11.56,--,2887,3337845,买盘
1,14:57:00,11.56,--,5,5780,买盘
2,14:56:57,11.56,0.01,80,92480,买盘
3,14:56:54,11.55,--,6,6930,卖盘
4,14:56:48,11.55,-0.01,131,151305,卖盘
5,14:56:45,11.56,--,16,18496,卖盘
6,14:56:42,11.56,--,2,2312,卖盘
7,14:56:39,11.56,0.01,180,208080,买盘
8,14:56:36,11.55,-0.01,15,17325,卖盘
9,14:56:33,11.56,--,853,986068,买盘
10,14:56:30,11.56,--,152,175712,买盘
11,14:56:27,11.56,0.01,5,5780,买盘
12,14:56:24,11.55,-0.01,55,63525,卖盘
13,14:56:18,11.56,--,15,17340,买盘
14,14:56:15,11.56,0.01,86,99416,买盘
15,14:56:12,11.55,--,162,187110,卖盘
16,14:56:09,11.55,-0.01,50,57750,卖盘
17,14:56:06,11.56,0.01,10,11560,买盘
18,14:56:03,11.55,--,12,13860,卖盘
19,14:56:00,11.55,--,47,54285,卖盘
20,14:55:57,11.55,--,143,165165,卖盘
21,14:55:54,11.55,--,20,23100,卖盘
22,14:55:51,11.55,--,30,34650,卖盘
23,14:55:48,11.55,--,50,57750,卖盘
24,14:55:45,11.55,--,6,6930,卖盘
25,14:55:42,11.55,--,120,138600,卖盘
26,14:55:39,11.55,--,51,58905,卖盘
27,14:55:36,11.55,--,5,5775,卖盘
28,14:55:33,11.55,--,1094,1263570,买盘
29,14:55:30,11.55,0.02,4,4620,买盘
30,14:55:27,11.53,-0.02,355,409315,卖盘
31,14:55:24,11.55,0.01,126,145530,买盘
32,14:55:18,11.54,--,88,101551,买盘
33,14:55:15,11.54,0.01,162,186948,买盘
34,14:55:12,11.53,--,25,28825,卖盘
35,14:55:09,11.53,-0.01,50,57650,卖盘
36,14:55:06,11.54,--,14,16155,买盘
37,14:55:03,11.54,0.01,375,432749,买盘
38,14:54:57,11.53,-0.01,193,222529,卖盘
39,14:54:54,11.54,--,11,12693,买盘
40,14:54:51,11.54,0.01,25,28849,买盘
41,14:54:48,11.53,-0.01,61,70333,卖盘
42,14:54:45,11.54,--,30,34620,买盘
43,14:54:42,11.54,--,4,4616,买盘
44,14:54:39,11.54,0.01,186,214643,买盘
45,14:54:36,11.53,--,21,24213,卖盘
46,14:54:33,11.53,--,130,149890,卖盘
47,14:54:30,11.53,--,31,35743,卖盘
48,14:54:27,11.53,--,83,95699,卖盘
49,14:54:24,11.53,--,110,126830,卖盘
50,14:54:21,11.53,--,25,28825,卖盘
51,14:54:18,11.53,--,69,79557,卖盘
52,14:54:15,11.53,--,40,46120,卖盘
53,14:54:12,11.53,--,35,40355,卖盘
54,14:54:09,11.53,--,151,174103,卖盘
55,14:54:06,11.53,--,47,54191,卖盘
56,14:54:03,11.53,--,347,400091,卖盘
57,14:53:57,11.53,-0.01,50,57650,卖盘
58,14:53:54,11.54,--,30,34620,买盘
59,14:53:51,11.54,0.01,9,10386,买盘
60,14:53:48,11.53,-0.01,79,91087,卖盘
61,14:53:45,11.54,--,21,24234,买盘
62,14:53:42,11.54,--,4,4616,买盘
63,14:53:39,11.54,0.01,83,95782,买盘
64,14:53:36,11.53,-0.01,9,10377,卖盘
65,14:53:33,11.54,--,33,38082,买盘
66,14:53:30,11.54,--,45,51929,卖盘
67,14:53:27,11.54,--,50,57699,卖盘
68,14:53:24,11.54,0.01,10,11540,中性盘
69,14:53:21,11.53,--,11,12683,卖盘
70,14:53:18,11.53,--,64,74368,卖盘
71,14:53:15,11.53,-0.01,184,212728,卖盘
72,14:53:12,11.54,--,26,30003,卖盘
73,14:53:09,11.54,--,163,188102,买盘
74,14:53:03,11.54,0.01,39,45006,买盘
75,14:53:00,11.53,--,21,24213,卖盘
76,14:52:57,11.53,-0.01,143,164879,卖盘
77,14:52:54,11.54,--,3,3461,卖盘
78,14:52:51,11.54,--,20,23080,卖盘
79,14:52:48,11.54,--,52,60007,卖盘
80,14:52:45,11.54,--,18,20772,卖盘
81,14:52:42,11.54,0.01,845,975453,买盘
82,14:52:39,11.53,--,52,59956,卖盘
83,14:52:36,11.53,-0.01,15,17295,卖盘
84,14:52:33,11.54,0.01,9,10386,买盘
85,14:52:30,11.53,--,170,196010,卖盘
86,14:52:27,11.53,--,60,69180,卖盘
87,14:52:24,11.53,--,10,11530,卖盘
88,14:52:21,11.53,-0.01,18,20754,卖盘
89,14:52:18,11.54,--,61,70394,买盘
90,14:52:15,11.54,--,20,23080,买盘
91,14:52:12,11.54,0.01,40,46160,买盘
92,14:52:09,11.53,--,186,214458,卖盘
93,14:52:06,11.53,-0.01,227,261731,卖盘
94,14:52:03,11.54,--,11,12693,买盘
95,14:52:00,11.54,0.01,121,139634,买盘
96,14:51:57,11.53,-0.01,40,46120,卖盘
97,14:51:54,11.54,0.01,152,175408,买盘
98,14:51:51,11.53,-0.01,12,13836,卖盘
99,14:51:48,11.54,0.01,49,56545,买盘
100,14:51:42,11.53,-0.01,610,703330,卖盘
101,14:51:39,11.54,--,153,176562,买盘
102,14:51:36,11.54,0.01,5,5770,买盘
103,14:51:33,11.53,--,9,10377,卖盘
104,14:51:27,11.53,--,71,81863,卖盘
105,14:51:24,11.53,--,11,12683,卖盘
106,14:51:21,11.53,--,11,12683,卖盘
107,14:51:18,11.53,--,66,76098,卖盘
108,14:51:15,11.53,--,11,12683,卖盘
109,14:51:12,11.53,--,65,74945,卖盘
110,14:51:09,11.53,--,19,21907,卖盘
111,14:51:06,11.53,--,3,3459,卖盘
112,14:51:03,11.53,--,34,39202,卖盘
113,14:51:00,11.53,--,220,253660,买盘
114,14:50:57,11.53,0.01,17,19601,买盘
115,14:50:54,11.52,-0.01,30,34560,卖盘
116,14:50:51,11.53,--,16,18448,买盘
117,14:50:48,11.53,--,167,192551,买盘
118,14:50:45,11.53,--,316,364348,买盘
119,14:50:42,11.53,0.01,16,18448,买盘
120,14:50:39,11.52,--,15,17280,卖盘
121,14:50:36,11.52,--,104,119808,卖盘
122,14:50:30,11.52,--,12,13824,卖盘
123,14:50:27,11.52,0.01,780,899470,买盘
124,14:50:24,11.51,--,70,80570,卖盘
125,14:50:21,11.51,--,15,17265,卖盘
126,14:50:18,11.51,--,110,126610,卖盘
127,14:50:15,11.51,--,315,362565,买盘
128,14:50:12,11.51,--,22,25322,买盘
129,14:50:09,11.51,--,77,88627,买盘
130,14:50:06,11.51,0.01,26,29926,买盘
131,14:50:03,11.5,-0.01,96,110400,卖盘
132,14:50:00,11.51,--,46,52946,买盘
133,14:49:57,11.51,0.01,140,161140,买盘
134,14:49:54,11.5,-0.01,40,46000,卖盘
135,14:49:51,11.51,--,69,79419,买盘
136,14:49:48,11.51,--,15,17265,买盘
137,14:49:45,11.51,--,23,26473,买盘
138,14:49:42,11.51,--,129,148479,买盘
139,14:49:39,11.51,--,182,209482,卖盘
140,14:49:36,11.51,--,93,107043,卖盘
141,14:49:33,11.51,--,152,174952,卖盘
142,14:49:30,11.51,--,10,11510,卖盘
143,14:49:27,11.51,-0.01,62,71362,卖盘
144,14:49:24,11.52,0.01,150,172800,买盘
145,14:49:21,11.51,0.01,502,577802,买盘
146,14:49:18,11.5,-0.01,111,127650,卖盘
147,14:49:15,11.51,0.01,27,31077,买盘
148,14:49:12,11.5,--,8,9200,卖盘
149,14:49:09,11.5,--,89,102350,卖盘
150,14:49:06,11.5,--,1405,1615750,卖盘
151,14:49:00,11.5,-0.01,92,105800,卖盘
152,14:48:57,11.51,0.01,29,33379,买盘
153,14:48:54,11.5,--,202,232300,卖盘
154,14:48:51,11.5,-0.01,2,2300,卖盘
155,14:48:48,11.51,0.01,72,82872,买盘
156,14:48:45,11.5,--,25,28750,卖盘
157,14:48:42,11.5,--,3,3450,卖盘
158,14:48:39,11.5,-0.02,4,4600,卖盘
159,14:48:36,11.52,0.01,50,57600,买盘
160,14:48:33,11.51,--,73,84023,卖盘
161,14:48:30,11.51,--,68,78268,卖盘
162,14:48:27,11.51,--,75,86325,卖盘
163,14:48:24,11.51,--,140,161140,卖盘
164,14:48:21,11.51,--,51,58701,卖盘
165,14:48:18,11.51,--,847,974897,买盘
166,14:48:15,11.51,0.01,91,104741,买盘
167,14:48:12,11.5,--,18,20700,卖盘
168,14:48:09,11.5,--,28,32200,卖盘
169,14:48:06,11.5,-0.01,499,573850,卖盘
170,14:48:03,11.51,0.01,110,126610,买盘
171,14:48:00,11.5,-0.01,88,101200,卖盘
172,14:47:51,11.51,--,39,44889,卖盘
173,14:47:48,11.51,--,30,34530,卖盘
174,14:47:45,11.51,--,356,409756,卖盘
175,14:47:42,11.51,--,290,333790,卖盘
176,14:47:39,11.51,--,333,383283,卖盘
177,14:47:33,11.51,--,203,233653,卖盘
178,14:47:30,11.51,-0.01,132,151932,卖盘
179,14:47:27,11.52,0.01,16,18432,买盘
180,14:47:24,11.51,--,125,143875,卖盘
181,14:47:21,11.51,--,154,177254,卖盘
182,14:47:18,11.51,-0.01,25,28775,卖盘
183,14:47:12,11.52,--,67,77184,买盘
184,14:47:09,11.52,--,49,56448,买盘
185,14:47:00,11.52,--,1582,1822705,卖盘
186,14:46:57,11.52,-0.01,81,93312,卖盘
187,14:46:48,11.53,--,29,33437,买盘
188,14:46:45,11.53,--,5,5765,买盘
189,14:46:42,11.53,--,40,46120,买盘
190,14:46:39,11.53,--,503,579959,卖盘
191,14:46:33,11.53,--,105,121065,卖盘
192,14:46:30,11.53,--,20,23060,卖盘
193,14:46:27,11.53,--,48,55344,卖盘
194,14:46:24,11.53,-0.01,49,56497,卖盘
195,14:46:21,11.54,0.01,10,11540,买盘
196,14:46:18,11.53,--,100,115300,卖盘
197,14:46:15,11.53,--,56,64568,卖盘
198,14:46:12,11.53,--,21,24213,卖盘
199,14:46:09,11.53,--,58,66874,卖盘
200,14:46:06,11.53,--,62,71486,卖盘
201,14:46:03,11.53,0.01,109,125677,买盘
202,14:46:00,11.52,--,1,1152,卖盘
203,14:45:57,11.52,--,90,103680,卖盘
204,14:45:54,11.52,-0.01,11,12672,卖盘
205,14:45:51,11.53,--,123,141819,买盘
206,14:45:45,11.53,-0.01,427,492331,卖盘
207,14:45:42,11.54,0.01,66,76164,买盘
208,14:45:39,11.53,--,78,89934,卖盘
209,14:45:36,11.53,--,3,3459,卖盘
210,14:45:33,11.53,--,263,303239,卖盘
211,14:45:30,11.53,--,43,49579,卖盘
212,14:45:27,11.53,--,120,138360,卖盘
213,14:45:24,11.53,--,40,46120,卖盘
214,14:45:21,11.53,--,11,12683,卖盘
215,14:45:18,11.53,--,1,1153,卖盘
216,14:45:15,11.53,--,30,34590,卖盘
217,14:45:12,11.53,-0.01,20,23060,卖盘
218,14:45:09,11.54,0.01,28,32311,买盘
219,14:45:06,11.53,--,13,14989,卖盘
220,14:45:03,11.53,-0.01,15,17295,卖盘
221,14:45:00,11.54,0.01,54,62315,买盘
222,14:44:57,11.53,--,6,6918,卖盘
223,14:44:54,11.53,-0.01,52,59956,卖盘
224,14:44:51,11.54,--,10,11540,买盘
225,14:44:45,11.54,--,18,20772,卖盘
226,14:44:42,11.54,--,221,255033,卖盘
227,14:44:39,11.54,--,31,35774,卖盘
228,14:44:36,11.54,-0.01,9,10386,卖盘
229,14:44:30,11.55,0.01,16,18480,买盘
230,14:44:27,11.54,--,158,182332,卖盘
231,14:44:24,11.54,--,73,84242,卖盘
232,14:44:21,11.54,-0.01,1,1154,卖盘
233,14:44:18,11.55,0.01,78,90090,买盘
234,14:44:15,11.54,--,77,88858,卖盘
235,14:44:12,11.54,--,8,9232,卖盘
236,14:44:09,11.54,-0.01,26,30003,卖盘
237,14:44:06,11.55,0.01,100,115500,买盘
238,14:43:57,11.54,--,10,11540,卖盘
239,14:43:54,11.54,--,34,39236,卖盘
240,14:43:48,11.54,--,1,1154,卖盘
241,14:43:45,11.54,--,11,12693,卖盘
242,14:43:42,11.54,-0.01,10,11540,卖盘
243,14:43:39,11.55,0.01,10,11550,买盘
244,14:43:33,11.54,--,11,12693,卖盘
245,14:43:30,11.54,--,10,11540,卖盘
246,14:43:27,11.54,--,43,49621,卖盘
247,14:43:21,11.54,-0.01,4,4616,卖盘
248,14:43:18,11.55,0.01,30,34650,买盘
249,14:43:15,11.54,--,10,11540,卖盘
250,14:43:12,11.54,--,335,386590,卖盘
251,14:43:09,11.54,--,1,1154,卖盘
252,14:43:06,11.54,-0.01,36,41544,卖盘
253,14:43:03,11.55,--,5,5775,买盘
254,14:43:00,11.55,--,210,242550,买盘
255,14:42:57,11.55,--,30,34650,买盘
256,14:42:54,11.55,0.01,28,32340,买盘
257,14:42:48,11.54,-0.01,15,17310,卖盘
258,14:42:45,11.55,0.01,42,49087,买盘
259,14:42:36,11.54,--,68,79049,卖盘
260,14:42:33,11.54,--,20,23080,卖盘
261,14:42:30,11.54,--,8,9232,卖盘
262,14:42:27,11.54,--,3,3461,卖盘
263,14:42:24,11.54,--,17,19618,卖盘
264,14:42:18,11.54,--,40,46160,卖盘
265,14:42:15,11.54,--,131,151174,卖盘
266,14:42:12,11.54,-0.01,65,75010,卖盘
267,14:42:06,11.55,0.01,10,11550,买盘
268,14:42:03,11.54,-0.01,61,70394,卖盘
269,14:42:00,11.55,0.01,3,3465,买盘
270,14:41:57,11.54,--,6,6923,卖盘
271,14:41:54,11.54,--,161,185794,卖盘
272,14:41:51,11.54,--,47,54237,卖盘
273,14:41:48,11.54,--,1,1154,卖盘
274,14:41:45,11.54,-0.01,11,12693,卖盘
275,14:41:42,11.55,--,49,56595,买盘
276,14:41:36,11.55,0.01,2,2310,买盘
277,14:41:33,11.54,-0.01,30,34620,卖盘
278,14:41:30,11.55,0.01,44,50820,买盘
279,14:41:27,11.54,--,2,2308,卖盘
280,14:41:24,11.54,-0.01,14,16155,卖盘
281,14:41:18,11.55,0.01,32,36960,买盘
282,14:41:15,11.54,--,27,31157,卖盘
283,14:41:12,11.54,--,246,283884,卖盘
284,14:41:09,11.54,-0.01,12,13847,卖盘
285,14:41:06,11.55,0.01,13,15015,买盘
286,14:41:03,11.54,--,32,36928,卖盘
287,14:41:00,11.54,--,50,57699,卖盘
288,14:40:57,11.54,-0.01,20,23080,卖盘
289,14:40:54,11.55,0.01,6,6930,买盘
290,14:40:51,11.54,-0.01,80,92320,卖盘
291,14:40:48,11.55,0.01,10,11550,买盘
292,14:40:45,11.54,--,7,8077,卖盘
293,14:40:39,11.54,--,1,1154,卖盘
294,14:40:36,11.54,-0.01,9,10386,卖盘
295,14:40:33,11.55,0.01,10,11550,买盘
296,14:40:30,11.54,--,7,8077,卖盘
297,14:40:27,11.54,--,25,28849,卖盘
298,14:40:24,11.54,--,14,16155,卖盘
299,14:40:21,11.54,--,71,81934,买盘
300,14:40:18,11.54,--,510,588540,买盘
301,14:40:15,11.54,--,158,182332,买盘
302,14:40:12,11.54,0.01,6,6923,买盘
303,14:40:06,11.53,-0.01,1,1153,卖盘
304,14:40:03,11.54,--,9,10386,买盘
305,14:40:00,11.54,0.01,13,15001,买盘
306,14:39:57,11.53,-0.01,1,1153,卖盘
307,14:39:54,11.54,--,15,17310,买盘
308,14:39:51,11.54,0.01,66,76164,买盘
309,14:39:48,11.53,-0.01,11,12683,卖盘
310,14:39:45,11.54,--,112,129247,买盘
311,14:39:42,11.54,--,24,27695,买盘
312,14:39:39,11.54,--,108,124631,买盘
313,14:39:36,11.54,0.01,3,3461,买盘
314,14:39:33,11.53,-0.01,99,114147,卖盘
315,14:39:30,11.54,--,20,23080,买盘
316,14:39:27,11.54,--,28,32311,买盘
317,14:39:24,11.54,--,6,6923,买盘
318,14:39:21,11.54,-0.01,280,323120,卖盘
319,14:39:18,11.55,0.01,510,589050,买盘
320,14:39:12,11.54,--,53,61161,卖盘
321,14:39:09,11.54,--,11,12693,卖盘
322,14:39:06,11.54,--,12,13847,卖盘
323,14:39:03,11.54,--,31,35774,卖盘
324,14:39:00,11.54,-0.01,151,174254,卖盘
325,14:38:57,11.55,--,20,23100,买盘
326,14:38:54,11.55,--,11,12705,买盘
327,14:38:51,11.55,--,214,247863,卖盘
328,14:38:45,11.55,--,563,650727,卖盘
329,14:38:42,11.55,--,110,127050,卖盘
330,14:38:39,11.55,--,13,15015,卖盘
331,14:38:36,11.55,-0.01,3,3465,卖盘
332,14:38:33,11.56,0.01,1,1156,买盘
333,14:38:30,11.55,-0.01,8,9240,卖盘
334,14:38:27,11.56,0.01,10,11560,买盘
335,14:38:24,11.55,--,41,47355,卖盘
336,14:38:18,11.55,-0.01,33,38115,卖盘
337,14:38:15,11.56,--,18,20808,买盘
338,14:38:12,11.56,0.01,21,24276,买盘
339,14:38:09,11.55,--,112,129360,卖盘
340,14:38:03,11.55,--,6,6930,卖盘
341,14:38:00,11.55,-0.01,51,58905,卖盘
342,14:37:57,11.56,0.01,61,70516,买盘
343,14:37:54,11.55,-0.01,11,12705,卖盘
344,14:37:51,11.56,--,1,1156,买盘
345,14:37:48,11.56,0.01,2,2312,买盘
346,14:37:45,11.55,--,39,45045,卖盘
347,14:37:42,11.55,-0.01,80,92400,卖盘
348,14:37:36,11.56,--,11,12716,买盘
349,14:37:33,11.56,0.01,71,82076,买盘
350,14:37:27,11.55,-0.01,3,3465,卖盘
351,14:37:24,11.56,0.01,71,82076,买盘
352,14:37:21,11.55,-0.01,1,1155,卖盘
353,14:37:15,11.56,--,8,9248,买盘
354,14:37:12,11.56,-0.01,1,1156,中性盘
355,14:37:09,11.57,0.02,9,10413,买盘
356,14:37:06,11.55,--,18,20790,卖盘
357,14:37:03,11.55,-0.02,49,56595,卖盘
358,14:37:00,11.57,0.01,1,1157,买盘
359,14:36:57,11.56,--,31,35836,卖盘
360,14:36:54,11.56,--,40,46240,卖盘
361,14:36:51,11.56,0.01,974,1125944,买盘
362,14:36:48,11.55,--,3,3465,卖盘
363,14:36:42,11.55,-0.01,550,635250,卖盘
364,14:36:39,11.56,--,61,70516,买盘
365,14:36:33,11.56,0.01,94,108664,买盘
366,14:36:30,11.55,-0.01,52,60060,卖盘
367,14:36:27,11.56,0.01,172,198832,买盘
368,14:36:24,11.55,--,36,41580,卖盘
369,14:36:21,11.55,--,6,6930,卖盘
370,14:36:18,11.55,--,10,11550,卖盘
371,14:36:15,11.55,--,3,3465,卖盘
372,14:36:12,11.55,--,20,23100,卖盘
373,14:36:09,11.55,--,15,17325,卖盘
374,14:36:06,11.55,0.01,201,232155,买盘
375,14:36:03,11.54,-0.01,71,81934,卖盘
376,14:36:00,11.55,0.01,40,46200,买盘
377,14:35:57,11.54,--,5,5770,卖盘
378,14:35:54,11.54,-0.01,26,30003,卖盘
379,14:35:51,11.55,0.01,56,64680,买盘
380,14:35:48,11.54,--,11,12693,卖盘
381,14:35:45,11.54,0.01,10,11540,中性盘
382,14:35:42,11.53,-0.01,124,142972,卖盘
383,14:35:39,11.54,--,81,93474,卖盘
384,14:35:36,11.54,-0.01,566,653164,卖盘
385,14:35:33,11.55,0.01,125,144375,买盘
386,14:35:30,11.54,--,10,11540,卖盘
387,14:35:27,11.54,--,34,39236,卖盘
388,14:35:24,11.54,--,20,23080,卖盘
389,14:35:21,11.54,-0.01,30,34620,卖盘
390,14:35:18,11.55,0.01,1,1155,买盘
391,14:35:15,11.54,-0.01,338,390052,卖盘
392,14:35:09,11.55,0.01,32,36960,买盘
393,14:35:06,11.54,--,40,46160,卖盘
394,14:35:03,11.54,--,7,8077,卖盘
395,14:35:00,11.54,--,3,3461,卖盘
396,14:34:57,11.54,-0.01,1,1154,卖盘
397,14:34:54,11.55,--,36,41580,买盘
398,14:34:51,11.55,0.01,196,226380,买盘
399,14:34:48,11.54,-0.01,50,57699,卖盘
400,14:34:45,11.55,0.01,30,34650,买盘
401,14:34:42,11.54,--,6,6923,卖盘
402,14:34:36,11.54,--,208,240031,卖盘
403,14:34:33,11.54,--,105,121169,卖盘
404,14:34:30,11.54,-0.01,3,3461,卖盘
405,14:34:27,11.55,--,62,71610,买盘
406,14:34:24,11.55,--,176,203280,卖盘
407,14:34:21,11.55,-0.01,7,8085,卖盘
408,14:34:18,11.56,--,32,36992,买盘
409,14:34:15,11.56,--,74,85544,买盘
410,14:34:09,11.56,--,31,35836,卖盘
411,14:34:06,11.56,0.01,175,202300,中性盘
412,14:33:57,11.55,-0.01,33,38115,卖盘
413,14:33:54,11.56,0.01,461,532916,买盘
414,14:33:51,11.55,--,18,20790,卖盘
415,14:33:48,11.55,-0.01,263,303765,卖盘
416,14:33:45,11.56,--,308,356048,买盘
417,14:33:42,11.56,0.01,50,57800,买盘
418,14:33:39,11.55,-0.01,115,132825,卖盘
419,14:33:36,11.56,--,101,116756,买盘
420,14:33:33,11.56,--,1,1156,买盘
421,14:33:30,11.56,--,13,15028,买盘
422,14:33:27,11.56,--,130,150280,买盘
423,14:33:21,11.56,--,10,11560,买盘
424,14:33:18,11.56,--,113,130628,卖盘
425,14:33:15,11.56,--,125,144500,卖盘
426,14:33:12,11.56,--,1,1156,卖盘
427,14:33:09,11.56,--,143,165308,卖盘
428,14:33:06,11.56,--,10,11560,卖盘
429,14:33:03,11.56,--,19,21964,卖盘
430,14:33:00,11.56,--,40,46240,卖盘
431,14:32:57,11.56,--,115,132940,卖盘
432,14:32:48,11.56,-0.01,19,21964,卖盘
433,14:32:45,11.57,--,35,40495,买盘
434,14:32:39,11.57,--,27,31921,卖盘
435,14:32:36,11.57,-0.01,33,38181,卖盘
436,14:32:27,11.58,0.01,31,35898,买盘
437,14:32:24,11.57,--,120,138840,卖盘
438,14:32:21,11.57,--,11,12727,卖盘
439,14:32:15,11.57,--,1,1157,卖盘
440,14:32:12,11.57,--,7,8099,卖盘
441,14:32:09,11.57,-0.01,3,3471,卖盘
442,14:32:06,11.58,--,43,49794,买盘
443,14:32:03,11.58,--,1,1158,买盘
444,14:31:48,11.58,--,19,22430,卖盘
445,14:31:42,11.58,--,20,23160,卖盘
446,14:31:39,11.58,0.01,34,40101,买盘
447,14:31:36,11.57,--,23,26611,卖盘
448,14:31:33,11.57,-0.01,7,8099,卖盘
449,14:31:30,11.58,--,91,105806,卖盘
450,14:31:27,11.58,--,129,149382,卖盘
451,14:31:24,11.58,--,272,314976,卖盘
452,14:31:12,11.58,--,6,6948,卖盘
453,14:31:09,11.58,--,21,24318,卖盘
454,14:31:06,11.58,--,13,15054,卖盘
455,14:31:03,11.58,--,26,30108,卖盘
456,14:31:00,11.58,-0.01,40,46320,卖盘
457,14:30:57,11.59,0.01,32,37088,买盘
458,14:30:54,11.58,--,49,56742,卖盘
459,14:30:51,11.58,-0.01,21,24318,卖盘
460,14:30:45,11.59,--,3,3477,买盘
461,14:30:39,11.59,0.01,32,37088,买盘
462,14:30:36,11.58,--,7,8106,卖盘
463,14:30:33,11.58,-0.01,5,5790,卖盘
464,14:30:30,11.59,0.01,11,12749,买盘
465,14:30:24,11.58,-0.01,1,1158,卖盘
466,14:30:21,11.59,--,47,54473,买盘
467,14:30:18,11.59,--,35,40565,买盘
468,14:30:15,11.59,--,91,105469,买盘
469,14:30:12,11.59,0.01,33,38247,买盘
470,14:30:09,11.58,--,17,19686,卖盘
471,14:30:06,11.58,-0.01,15,17370,卖盘
472,14:29:57,11.59,--,35,40565,买盘
473,14:29:45,11.59,--,64,74176,卖盘
474,14:29:39,11.59,0.01,103,119377,中性盘
475,14:29:36,11.58,-0.01,1400,1621200,卖盘
476,14:29:30,11.59,--,8,9272,卖盘
477,14:29:27,11.59,--,17,19703,卖盘
478,14:29:21,11.59,-0.01,22,25498,卖盘
479,14:29:18,11.6,--,30,34800,买盘
480,14:29:06,11.6,0.01,32,37120,买盘
481,14:28:57,11.59,-0.01,1,1159,卖盘
482,14:28:48,11.6,0.01,16,18560,买盘
483,14:28:45,11.59,-0.01,3,3477,卖盘
484,14:28:36,11.6,0.01,40,46400,买盘
485,14:28:33,11.59,-0.01,1,1159,卖盘
486,14:28:30,11.6,--,4,4640,买盘
487,14:28:27,11.6,--,5,5800,买盘
488,14:28:15,11.6,0.01,16,18560,买盘
489,14:28:12,11.59,--,10,11590,卖盘
490,14:28:09,11.59,--,1,1159,卖盘
491,14:28:03,11.59,-0.01,67,77653,卖盘
492,14:27:45,11.6,--,125,145000,买盘
493,14:27:42,11.6,0.01,35,40600,买盘
494,14:27:27,11.59,--,7,8113,卖盘
495,14:27:24,11.59,--,100,115900,卖盘
496,14:27:21,11.59,-0.01,2,2318,卖盘
497,14:27:15,11.6,0.01,62,71920,买盘
498,14:27:09,11.59,--,275,318725,卖盘
499,14:27:06,11.59,--,9,10431,卖盘
500,14:27:03,11.59,-0.01,20,23180,卖盘
501,14:27:00,11.6,0.01,42,48720,买盘
502,14:26:48,11.59,--,9,10431,卖盘
503,14:26:45,11.59,-0.01,1,1159,卖盘
504,14:26:39,11.6,0.01,36,41760,买盘
505,14:26:36,11.59,-0.01,35,40565,卖盘
506,14:26:33,11.6,-0.01,189,219240,卖盘
507,14:26:30,11.61,0.01,32,37152,买盘
508,14:26:21,11.6,--,100,116000,卖盘
509,14:26:06,11.6,--,8,9280,卖盘
510,14:26:03,11.6,--,52,60320,卖盘
511,14:25:57,11.6,--,3,3480,卖盘
512,14:25:54,11.6,--,30,34800,卖盘
513,14:25:51,11.6,--,110,127600,卖盘
514,14:25:48,11.6,-0.01,16,18560,卖盘
515,14:25:45,11.61,0.01,29,33669,买盘
516,14:25:42,11.6,--,10,11600,卖盘
517,14:25:39,11.6,--,28,32480,卖盘
518,14:25:30,11.6,-0.01,5,5800,卖盘
519,14:25:27,11.61,0.02,51,59211,买盘
520,14:25:24,11.59,-0.01,41,47519,卖盘
521,14:25:21,11.6,--,286,331760,买盘
522,14:25:15,11.6,0.01,199,230840,买盘
523,14:25:12,11.59,--,10,11590,卖盘
524,14:25:09,11.59,--,11,12749,卖盘
525,14:25:00,11.59,--,73,84607,卖盘
526,14:24:57,11.59,--,80,92720,卖盘
527,14:24:51,11.59,--,10,11590,卖盘
528,14:24:48,11.59,--,47,54473,卖盘
529,14:24:45,11.59,-0.01,18,20862,卖盘
530,14:24:36,11.6,0.01,38,44080,买盘
531,14:24:33,11.59,--,134,155306,卖盘
532,14:24:30,11.59,--,10,11590,卖盘
533,14:24:27,11.59,-0.01,3,3477,卖盘
534,14:24:15,11.6,--,49,56840,买盘
535,14:24:12,11.6,0.01,67,77720,买盘
536,14:24:06,11.59,--,45,52155,卖盘
537,14:24:03,11.59,--,21,24339,卖盘
538,14:23:57,11.59,--,3,3477,卖盘
539,14:23:54,11.59,-0.01,6,6954,卖盘
540,14:23:51,11.6,--,41,47560,买盘
541,14:23:45,11.6,0.01,7,8120,买盘
542,14:23:42,11.59,-0.01,7,8113,卖盘
543,14:23:36,11.6,--,49,56840,买盘
544,14:23:33,11.6,0.01,177,205320,买盘
545,14:23:21,11.59,--,67,77653,卖盘
546,14:23:18,11.59,--,40,46360,卖盘
547,14:23:12,11.59,--,85,98515,卖盘
548,14:23:09,11.59,--,182,210938,买盘
549,14:23:00,11.59,--,47,54473,买盘
550,14:22:57,11.59,--,138,159942,卖盘
551,14:22:54,11.59,--,82,95038,卖盘
552,14:22:51,11.59,--,1,1159,卖盘
553,14:22:45,11.59,--,38,44042,卖盘
554,14:22:42,11.59,-0.01,7,8113,卖盘
555,14:22:39,11.6,0.01,63,73080,买盘
556,14:22:36,11.59,--,194,224846,买盘
557,14:22:33,11.59,--,10,11590,买盘
558,14:22:30,11.59,0.01,32,37088,买盘
559,14:22:27,11.58,--,2,2316,卖盘
560,14:22:24,11.58,-0.01,3,3474,卖盘
561,14:22:18,11.59,--,19,22021,买盘
562,14:22:03,11.59,0.01,33,38247,买盘
563,14:22:00,11.58,-0.01,250,289500,卖盘
564,14:21:57,11.59,0.01,393,456217,买盘
565,14:21:45,11.58,--,18,20844,卖盘
566,14:21:36,11.58,0.01,308,357451,买盘
567,14:21:30,11.57,-0.01,2,2314,卖盘
568,14:21:27,11.58,0.01,82,94956,买盘
569,14:21:24,11.57,-0.01,59,68263,卖盘
570,14:21:21,11.58,0.01,72,83376,买盘
571,14:21:18,11.57,--,31,35867,卖盘
572,14:21:15,11.57,--,7,8099,卖盘
573,14:21:12,11.57,--,10,11570,卖盘
574,14:21:09,11.57,--,15,17355,卖盘
575,14:21:06,11.57,--,5,5785,卖盘
576,14:21:03,11.57,--,1,1157,卖盘
577,14:21:00,11.57,--,18,20826,卖盘
578,14:20:54,11.57,--,1,1157,卖盘
579,14:20:48,11.57,-0.01,3,3471,卖盘
580,14:20:45,11.58,--,18,20844,买盘
581,14:20:42,11.58,0.01,30,34740,买盘
582,14:20:39,11.57,-0.02,169,195833,卖盘
583,14:20:36,11.59,0.01,1,1159,买盘
584,14:20:33,11.58,--,70,81060,卖盘
585,14:20:30,11.58,--,168,194544,卖盘
586,14:20:15,11.58,-0.01,9,10422,卖盘
587,14:20:09,11.59,--,2,2318,买盘
588,14:20:06,11.59,--,47,54473,买盘
589,14:20:03,11.59,0.01,124,143716,买盘
590,14:20:00,11.58,--,23,26634,卖盘
591,14:19:57,11.58,-0.01,1,1158,卖盘
592,14:19:48,11.59,--,50,57950,买盘
593,14:19:42,11.59,--,18,20862,买盘
594,14:19:39,11.59,0.01,9,10431,买盘
595,14:19:36,11.58,-0.01,35,40530,卖盘
596,14:19:21,11.59,--,63,73017,卖盘
597,14:19:15,11.59,--,76,88084,卖盘
598,14:19:12,11.59,--,20,23180,卖盘
599,14:19:09,11.59,--,3,3477,卖盘
600,14:19:00,11.59,--,10,11590,卖盘
601,14:18:57,11.59,-0.01,50,57950,卖盘
602,14:18:54,11.6,0.01,10,11600,买盘
603,14:18:51,11.59,--,100,115900,卖盘
604,14:18:39,11.59,-0.01,2,2318,卖盘
605,14:18:36,11.6,0.01,10,11600,买盘
606,14:18:33,11.59,-0.01,1,1159,卖盘
607,14:18:27,11.6,0.01,32,37120,买盘
608,14:18:21,11.59,--,96,111264,卖盘
609,14:18:18,11.59,--,42,48678,卖盘
610,14:18:12,11.59,-0.01,3,3477,卖盘
611,14:18:06,11.6,--,19,22040,买盘
612,14:18:03,11.6,0.01,6,6960,买盘
613,14:18:00,11.59,--,15,17385,卖盘
614,14:17:54,11.59,-0.01,18,20862,卖盘
615,14:17:51,11.6,0.01,30,34800,买盘
616,14:17:48,11.59,--,14,16226,卖盘
617,14:17:42,11.59,--,7,8113,卖盘
618,14:17:39,11.59,-0.01,17,19703,卖盘
619,14:17:27,11.6,--,20,23200,买盘
620,14:17:24,11.6,0.01,42,48720,买盘
621,14:17:21,11.59,-0.01,3,3477,卖盘
622,14:17:18,11.6,0.01,4,4640,买盘
623,14:17:12,11.59,-0.01,9,10431,卖盘
624,14:17:06,11.6,--,51,59160,买盘
625,14:17:03,11.6,0.01,3,3480,买盘
626,14:17:00,11.59,-0.01,7,8113,卖盘
627,14:16:57,11.6,--,11,12760,买盘
628,14:16:51,11.6,0.01,18,20880,买盘
629,14:16:45,11.59,-0.01,1,1159,卖盘
630,14:16:39,11.6,--,18,20880,买盘
631,14:16:36,11.6,0.01,17,19720,买盘
632,14:16:33,11.59,-0.01,11,12749,卖盘
633,14:16:30,11.6,0.01,30,34800,买盘
634,14:16:27,11.59,-0.01,1,1159,卖盘
635,14:16:24,11.6,0.01,79,91640,买盘
636,14:16:18,11.59,-0.01,7,8113,卖盘
637,14:16:15,11.6,--,25,29000,卖盘
638,14:16:09,11.6,--,3,3480,卖盘
639,14:16:06,11.6,-0.01,9,10440,卖盘
640,14:16:03,11.61,0.01,19,22059,买盘
641,14:15:51,11.6,-0.01,1,1160,卖盘
642,14:15:48,11.61,0.01,24,27864,买盘
643,14:15:45,11.6,--,51,59160,卖盘
644,14:15:42,11.6,--,37,42920,卖盘
645,14:15:36,11.6,--,10,11600,卖盘
646,14:15:33,11.6,--,7,8120,卖盘
647,14:15:27,11.6,-0.01,38,44080,卖盘
648,14:15:12,11.61,--,1,1161,买盘
649,14:15:03,11.61,0.02,3,3483,买盘
650,14:14:57,11.59,--,13,15067,卖盘
651,14:14:54,11.59,-0.03,1,1159,卖盘
652,14:14:30,11.62,0.03,20,23240,买盘
653,14:14:27,11.59,-0.02,19,22021,卖盘
654,14:14:24,11.61,--,122,141642,买盘
655,14:14:21,11.61,0.02,29,33669,买盘
656,14:14:18,11.59,--,50,57950,卖盘
657,14:14:15,11.59,-0.01,120,139080,卖盘
658,14:14:12,11.6,--,13,15080,买盘
659,14:14:06,11.6,--,9,10440,卖盘
660,14:14:03,11.6,--,280,324800,卖盘
661,14:14:00,11.6,--,7,8120,卖盘
662,14:13:57,11.6,--,12,13920,卖盘
663,14:13:54,11.6,--,64,74240,卖盘
664,14:13:48,11.6,--,18,20880,卖盘
665,14:13:39,11.6,--,50,58000,卖盘
666,14:13:33,11.6,--,11,12760,卖盘
667,14:13:30,11.6,--,9,10440,卖盘
668,14:13:27,11.6,0.01,110,127600,买盘
669,14:13:24,11.59,--,7,8113,卖盘
670,14:13:21,11.59,--,3,3477,卖盘
671,14:13:12,11.59,--,43,49837,买盘
672,14:13:09,11.59,0.01,200,231800,买盘
673,14:13:06,11.58,-0.01,1,1158,卖盘
674,14:13:03,11.59,0.01,2,2318,买盘
675,14:13:00,11.58,-0.01,121,140118,卖盘
676,14:12:57,11.59,-0.01,10,11590,中性盘
677,14:12:54,11.6,0.02,2,2320,买盘
678,14:12:48,11.58,--,7,8106,卖盘
679,14:12:45,11.58,-0.01,7,8106,卖盘
680,14:12:42,11.59,-0.01,7,8113,卖盘
681,14:12:39,11.6,--,8,9280,买盘
682,14:12:36,11.6,0.01,96,111360,买盘
683,14:12:33,11.59,0.01,5,5795,中性盘
684,14:12:30,11.58,-0.01,1000,1158000,卖盘
685,14:12:27,11.59,--,4,4636,卖盘
686,14:12:12,11.59,-0.01,17,19703,卖盘
687,14:12:03,11.6,0.01,3,3480,买盘
688,14:12:00,11.59,-0.01,7,8113,卖盘
689,14:11:57,11.6,0.01,4,4640,买盘
690,14:11:51,11.59,-0.01,1,1159,买盘
691,14:11:45,11.6,-0.01,12,13920,中性盘
692,14:11:39,11.61,0.01,1071,1243431,买盘
693,14:11:27,11.6,--,8,9280,卖盘
694,14:11:24,11.6,--,1,1160,卖盘
695,14:11:18,11.6,--,7,8120,卖盘
696,14:11:15,11.6,-0.01,60,69600,卖盘
697,14:11:09,11.61,0.01,42,48762,买盘
698,14:11:03,11.6,--,26,30160,卖盘
699,14:11:00,11.6,-0.01,20,23200,卖盘
700,14:10:48,11.61,0.01,20,23220,买盘
701,14:10:45,11.6,--,8,9280,卖盘
702,14:10:39,11.6,-0.01,7,8120,卖盘
703,14:10:36,11.61,--,2,2322,买盘
704,14:10:24,11.61,--,151,175311,买盘
705,14:10:21,11.61,--,103,119583,买盘
706,14:10:03,11.61,0.01,3,3483,买盘
707,14:09:57,11.6,--,8,9280,卖盘
708,14:09:54,11.6,-0.01,85,98600,卖盘
709,14:09:42,11.61,0.01,200,232200,买盘
710,14:09:36,11.6,--,2,2320,卖盘
711,14:09:30,11.6,-0.01,24,27840,卖盘
712,14:09:24,11.61,--,4,4644,买盘
713,14:09:18,11.61,0.01,17,19737,买盘
714,14:09:15,11.6,--,19,22040,卖盘
715,14:09:12,11.6,--,507,588120,卖盘
716,14:09:09,11.6,-0.01,12,13920,卖盘
717,14:09:03,11.61,0.01,3,3483,买盘
718,14:09:00,11.6,--,1,1160,卖盘
719,14:08:54,11.6,--,8,9280,卖盘
720,14:08:42,11.6,--,200,232000,卖盘
721,14:08:39,11.6,--,2,2320,卖盘
722,14:08:33,11.6,-0.01,78,90480,卖盘
723,14:08:30,11.61,--,20,23220,卖盘
724,14:08:15,11.61,--,188,218268,买盘
725,14:08:03,11.61,--,73,84753,买盘
726,14:08:00,11.61,-0.01,63,73143,中性盘
727,14:07:57,11.62,--,2034,2363508,买盘
728,14:07:51,11.62,--,44,51128,买盘
729,14:07:48,11.62,0.01,37,42994,买盘
730,14:07:42,11.61,--,7,8127,卖盘
731,14:07:39,11.61,-0.01,101,117261,卖盘
732,14:07:36,11.62,--,3,3485,买盘
733,14:07:33,11.62,--,10,11620,买盘
734,14:07:24,11.62,0.01,70,81340,买盘
735,14:07:09,11.61,--,182,211302,卖盘
736,14:07:03,11.61,--,25,29025,卖盘
737,14:07:00,11.61,-0.01,6,6966,卖盘
738,14:06:54,11.62,0.01,28,32535,买盘
739,14:06:51,11.61,--,2,2322,卖盘
740,14:06:42,11.61,--,7,8127,卖盘
741,14:06:27,11.61,--,5,5805,卖盘
742,14:06:24,11.61,--,2,2322,卖盘
743,14:06:21,11.61,--,8,9288,卖盘
744,14:06:18,11.61,-0.01,1,1161,卖盘
745,14:06:03,11.62,0.01,3,3485,买盘
746,14:05:57,11.61,--,3,3483,卖盘
747,14:05:45,11.61,-0.01,25,29025,卖盘
748,14:05:42,11.62,0.01,2,2324,买盘
749,14:05:33,11.61,--,26,30186,卖盘
750,14:05:30,11.61,--,30,34830,卖盘
751,14:05:21,11.61,--,19,22059,卖盘
752,14:05:12,11.61,-0.01,1,1161,卖盘
753,14:05:03,11.62,0.01,3,3485,买盘
754,14:04:54,11.61,--,1,1161,卖盘
755,14:04:51,11.61,--,7,8127,卖盘
756,14:04:48,11.61,-0.01,10,11610,卖盘
757,14:04:36,11.62,0.01,17,19754,买盘
758,14:04:27,11.61,-0.01,5,5805,卖盘
759,14:04:24,11.62,--,70,81340,买盘
760,14:04:15,11.62,0.01,10,11620,买盘
761,14:04:06,11.61,-0.01,8,9288,卖盘
762,14:04:03,11.62,0.01,11,12782,买盘
763,14:03:48,11.61,-0.01,10,11610,卖盘
764,14:03:42,11.62,0.01,10,11620,买盘
765,14:03:39,11.61,--,6,6966,卖盘
766,14:03:33,11.61,-0.01,7,8127,卖盘
767,14:03:27,11.62,0.01,2,2324,买盘
768,14:03:21,11.61,-0.01,27,31347,卖盘
769,14:03:18,11.62,--,77,89474,买盘
770,14:03:15,11.62,--,400,464799,买盘
771,14:03:06,11.62,--,5,5810,买盘
772,14:03:03,11.62,--,3,3485,买盘
773,14:02:54,11.62,0.01,39,45318,买盘
774,14:02:51,11.61,--,43,49923,卖盘
775,14:02:42,11.61,--,7,8127,卖盘
776,14:02:39,11.61,--,200,232200,卖盘
777,14:02:33,11.61,--,10,11610,卖盘
778,14:02:27,11.61,--,3,3483,卖盘
779,14:02:24,11.61,--,6,6989,卖盘
780,14:02:15,11.61,--,8,9288,卖盘
781,14:02:12,11.61,--,1,1161,卖盘
782,14:02:09,11.61,--,9,10449,卖盘
783,14:02:03,11.61,0.01,403,467883,买盘
784,14:02:00,11.6,--,15,17400,卖盘
785,14:01:45,11.6,--,10,11600,卖盘
786,14:01:33,11.6,--,395,458374,卖盘
787,14:01:30,11.6,-0.01,25,29000,卖盘
788,14:01:24,11.61,--,22,25542,买盘
789,14:01:21,11.61,--,14,16254,买盘
790,14:01:18,11.61,0.01,1,1161,买盘
791,14:01:12,11.6,--,7,8120,卖盘
792,14:01:09,11.6,-0.01,60,69600,卖盘
793,14:01:03,11.61,0.01,3,3483,买盘
794,14:01:00,11.6,-0.01,7,8120,卖盘
795,14:00:54,11.61,0.01,46,53406,买盘
796,14:00:48,11.6,-0.01,2,2320,卖盘
797,14:00:39,11.61,0.01,10,11610,买盘
798,14:00:36,11.6,--,5,5800,卖盘
799,14:00:30,11.6,--,8,9280,卖盘
800,14:00:27,11.6,-0.01,2,2320,卖盘
801,14:00:18,11.61,0.01,16,18576,买盘
802,14:00:12,11.6,-0.01,3,3480,卖盘
803,14:00:09,11.61,--,71,82431,买盘
804,14:00:03,11.61,0.01,3,3483,买盘
805,14:00:00,11.6,--,41,47560,卖盘
806,13:59:51,11.6,--,18,20880,卖盘
807,13:59:48,11.6,--,161,186760,买盘
808,13:59:30,11.6,0.01,24,27840,买盘
809,13:59:27,11.59,-0.01,20,23180,卖盘
810,13:59:24,11.6,--,53,61480,买盘
811,13:59:21,11.6,--,20,23200,买盘
812,13:59:18,11.6,--,1,1160,买盘
813,13:59:15,11.6,--,38,44080,买盘
814,13:59:09,11.6,0.01,16,18560,买盘
815,13:59:06,11.59,-0.01,67,77653,卖盘
816,13:59:03,11.6,0.01,3,3480,买盘
817,13:58:57,11.59,--,7,8113,卖盘
818,13:58:54,11.59,--,21,24339,卖盘
819,13:58:51,11.59,-0.01,8,9272,卖盘
820,13:58:48,11.6,--,1,1160,买盘
821,13:58:45,11.6,--,16,18560,买盘
822,13:58:42,11.6,0.01,3,3480,买盘
823,13:58:39,11.59,-0.01,5,5795,卖盘
824,13:58:33,11.6,--,7,8120,买盘
825,13:58:24,11.6,--,574,665840,卖盘
826,13:58:21,11.6,--,8,9280,卖盘
827,13:58:18,11.6,--,81,93960,卖盘
828,13:58:06,11.6,-0.01,1,1160,卖盘
829,13:58:03,11.61,0.01,20,23684,买盘
830,13:58:00,11.6,-0.01,18,20880,卖盘
831,13:57:57,11.61,0.01,7,8127,买盘
832,13:57:54,11.6,--,2,2320,卖盘
833,13:57:48,11.6,-0.01,111,128760,卖盘
834,13:57:45,11.61,--,40,46440,买盘
835,13:57:42,11.61,--,3,3483,买盘
836,13:57:39,11.61,0.01,27,31347,买盘
837,13:57:33,11.6,--,8,9280,卖盘
838,13:57:30,11.6,-0.01,10,11600,卖盘
839,13:57:18,11.61,0.01,1,1161,买盘
840,13:57:06,11.6,--,3,3480,卖盘
841,13:57:03,11.6,-0.01,94,109040,卖盘
842,13:56:57,11.61,--,1,1161,买盘
843,13:56:51,11.61,0.01,1,1161,买盘
844,13:56:48,11.6,--,8,9280,卖盘
845,13:56:45,11.6,--,1,1160,卖盘
846,13:56:30,11.6,-0.01,10,11600,卖盘
847,13:56:27,11.61,0.01,1,1161,买盘
848,13:56:15,11.6,--,25,29000,卖盘
849,13:56:12,11.6,-0.01,11,12760,卖盘
850,13:56:09,11.61,--,133,154413,买盘
851,13:56:03,11.61,0.01,71,82431,买盘
852,13:55:57,11.6,-0.01,46,53360,卖盘
853,13:55:54,11.61,--,20,23220,买盘
854,13:55:45,11.61,--,2,2322,买盘
855,13:55:42,11.61,--,10,11610,买盘
856,13:55:39,11.61,--,29,33669,买盘
857,13:55:33,11.61,--,5,5805,买盘
858,13:55:27,11.61,0.01,5,5805,买盘
859,13:55:21,11.6,--,51,59160,卖盘
860,13:55:12,11.6,--,5,5800,卖盘
861,13:55:09,11.6,--,13,15080,卖盘
862,13:55:06,11.6,-0.01,3,3480,卖盘
863,13:55:03,11.61,--,3,3483,买盘
864,13:54:57,11.61,0.01,1,1161,买盘
865,13:54:36,11.6,-0.01,12,13920,卖盘
866,13:54:33,11.61,0.01,79,91719,买盘
867,13:54:30,11.6,-0.01,7,8120,卖盘
868,13:54:27,11.61,--,1,1161,买盘
869,13:54:21,11.61,0.01,7,8127,买盘
870,13:54:18,11.6,--,18,20880,卖盘
871,13:54:06,11.6,-0.01,25,29000,卖盘
872,13:54:03,11.61,0.01,3,3483,买盘
873,13:54:00,11.6,-0.01,1,1160,卖盘
874,13:53:57,11.61,0.01,11,12771,买盘
875,13:53:54,11.6,--,69,80040,卖盘
876,13:53:48,11.6,--,8,9280,卖盘
877,13:53:45,11.6,--,4,4640,卖盘
878,13:53:30,11.6,-0.01,7,8120,卖盘
879,13:53:27,11.61,0.01,25,29025,买盘
880,13:53:15,11.6,--,335,389296,买盘
881,13:53:09,11.6,--,2,2320,买盘
882,13:53:06,11.6,0.01,40,46400,买盘
883,13:53:03,11.59,-0.01,10,11590,卖盘
884,13:53:00,11.6,-0.01,213,247544,卖盘
885,13:52:57,11.61,0.01,1,1161,买盘
886,13:52:51,11.6,--,19,22040,卖盘
887,13:52:48,11.6,-0.01,549,636840,卖盘
888,13:52:45,11.61,0.01,3,3483,买盘
889,13:52:39,11.6,--,1,1160,卖盘
890,13:52:36,11.6,--,451,523160,卖盘
891,13:52:27,11.6,-0.01,4,4640,卖盘
892,13:52:24,11.61,0.01,3,3483,买盘
893,13:52:21,11.6,--,17,19720,卖盘
894,13:52:18,11.6,-0.01,7,8120,卖盘
895,13:52:15,11.61,0.01,5,5805,买盘
896,13:52:12,11.6,--,8,9280,卖盘
897,13:52:09,11.6,-0.01,30,34800,卖盘
898,13:52:06,11.61,0.01,54,62694,买盘
899,13:52:03,11.6,-0.02,49,56840,卖盘
900,13:51:57,11.62,0.02,1,1162,买盘
901,13:51:54,11.6,--,1,1160,卖盘
902,13:51:48,11.6,--,1,1160,卖盘
903,13:51:45,11.6,--,10,11600,卖盘
904,13:51:42,11.6,-0.02,8,9280,卖盘
905,13:51:39,11.62,0.01,23,26726,买盘
906,13:51:30,11.61,0.01,20,23220,买盘
907,13:51:27,11.6,-0.01,9,10440,卖盘
908,13:51:24,11.61,0.01,204,236844,买盘
909,13:51:15,11.6,--,1,1160,卖盘
910,13:51:09,11.6,-0.01,1,1160,卖盘
911,13:51:06,11.61,--,31,35991,买盘
912,13:51:03,11.61,0.01,3,3483,买盘
913,13:50:57,11.6,--,122,142216,卖盘
914,13:50:54,11.6,--,9,10440,卖盘
915,13:50:36,11.6,--,78,90480,买盘
916,13:50:33,11.6,--,56,64960,买盘
917,13:50:30,11.6,--,143,165880,买盘
918,13:50:27,11.6,--,1,1160,买盘
919,13:50:21,11.6,0.01,8,9280,买盘
920,13:50:15,11.59,-0.01,29,33611,卖盘
921,13:50:09,11.6,0.01,1,1160,买盘
922,13:50:06,11.59,-0.01,9,10431,卖盘
923,13:50:03,11.6,--,35,40600,买盘
924,13:49:57,11.6,--,2,2320,买盘
925,13:49:54,11.6,0.01,9,10440,买盘
926,13:49:51,11.59,--,10,11590,卖盘
927,13:49:45,11.59,--,59,68381,卖盘
928,13:49:39,11.59,-0.01,20,23180,卖盘
929,13:49:33,11.6,0.01,160,185600,买盘
930,13:49:27,11.59,--,10,11590,卖盘
931,13:49:24,11.59,-0.01,134,155306,卖盘
932,13:49:21,11.6,--,1,1160,买盘
933,13:49:18,11.6,--,1,1160,买盘
934,13:49:09,11.6,--,25,29000,买盘
935,13:49:03,11.6,0.01,3,3480,买盘
936,13:49:00,11.59,-0.01,77,89243,卖盘
937,13:48:57,11.6,--,70,81200,买盘
938,13:48:54,11.6,0.01,286,331760,买盘
939,13:48:45,11.59,--,7,8113,卖盘
940,13:48:42,11.59,--,5,5795,卖盘
941,13:48:39,11.59,-0.01,27,31293,卖盘
942,13:48:36,11.6,0.01,11,12760,买盘
943,13:48:33,11.59,-0.01,1,1159,卖盘
944,13:48:27,11.6,0.01,1,1160,买盘
945,13:48:24,11.59,-0.01,8,9272,卖盘
946,13:48:18,11.6,0.01,74,85840,买盘
947,13:48:15,11.59,-0.01,47,54473,卖盘
948,13:48:12,11.6,0.01,100,116000,买盘
949,13:48:06,11.59,-0.01,44,50996,卖盘
950,13:48:03,11.6,--,3,3480,买盘
951,13:47:54,11.6,--,95,110200,买盘
952,13:47:45,11.6,--,32,37120,买盘
953,13:47:42,11.6,--,65,75400,买盘
954,13:47:36,11.6,--,68,78880,买盘
955,13:47:27,11.6,--,27,31320,买盘
956,13:47:24,11.6,--,542,628720,卖盘
957,13:47:18,11.6,-0.02,18,20880,卖盘
958,13:47:15,11.62,--,61,70882,买盘
959,13:47:12,11.62,0.02,304,353248,买盘
960,13:47:09,11.6,-0.01,1,1160,卖盘
961,13:47:06,11.61,0.01,1,1161,买盘
962,13:47:03,11.6,--,22,25520,卖盘
963,13:46:51,11.6,--,2,2320,卖盘
964,13:46:48,11.6,-0.01,59,68440,卖盘
965,13:46:45,11.61,0.01,23,26703,买盘
966,13:46:36,11.6,--,8,9280,卖盘
967,13:46:33,11.6,-0.01,10,11600,卖盘
968,13:46:30,11.61,--,79,91719,买盘
969,13:46:24,11.61,--,11,12771,买盘
970,13:46:18,11.61,--,1,1161,买盘
971,13:46:06,11.61,--,14,16254,买盘
972,13:46:03,11.61,0.01,3,3483,买盘
973,13:46:00,11.6,--,10,11600,卖盘
974,13:45:57,11.6,-0.01,7,8120,卖盘
975,13:45:54,11.61,--,23,26703,买盘
976,13:45:48,11.61,--,65,75465,买盘
977,13:45:45,11.61,0.01,364,422604,买盘
978,13:45:42,11.6,--,25,29000,卖盘
979,13:45:39,11.6,--,60,69600,卖盘
980,13:45:36,11.6,--,11,12760,卖盘
981,13:45:33,11.6,--,14,16240,卖盘
982,13:45:30,11.6,-0.01,475,551000,卖盘
983,13:45:27,11.61,0.01,5,5805,买盘
984,13:45:24,11.6,--,7,8120,卖盘
985,13:45:18,11.6,--,71,82360,卖盘
986,13:45:15,11.6,--,67,77720,卖盘
987,13:45:12,11.6,--,453,525480,卖盘
988,13:45:06,11.6,-0.01,11,12760,卖盘
989,13:45:03,11.61,0.01,3,3483,买盘
990,13:44:54,11.6,--,17,19720,卖盘
991,13:44:51,11.6,-0.01,7,8120,卖盘
992,13:44:45,11.61,0.01,67,77787,买盘
993,13:44:39,11.6,--,2,2320,卖盘
994,13:44:36,11.6,-0.01,12,13920,卖盘
995,13:44:33,11.61,0.01,17,19737,买盘
996,13:44:27,11.6,-0.01,1,1160,卖盘
997,13:44:24,11.61,--,2,2322,买盘
998,13:44:18,11.61,--,1,1161,买盘
999,13:44:03,11.61,--,3,3483,买盘
1000,13:44:00,11.61,0.01,9,10449,买盘
1001,13:43:54,11.6,-0.01,7,8120,卖盘
1002,13:43:51,11.61,0.01,10,11610,买盘
1003,13:43:48,11.6,--,69,80040,卖盘
1004,13:43:45,11.6,--,20,23200,卖盘
1005,13:43:42,11.6,-0.01,16,18560,卖盘
1006,13:43:36,11.61,0.01,1,1161,买盘
1007,13:43:33,11.6,-0.01,34,39440,卖盘
1008,13:43:27,11.61,0.01,2,2322,买盘
1009,13:43:24,11.6,--,70,81200,卖盘
1010,13:43:15,11.6,--,7,8120,卖盘
1011,13:43:12,11.6,-0.01,11,12760,卖盘
1012,13:43:06,11.61,0.01,1,1161,买盘
1013,13:43:03,11.6,--,11,12760,卖盘
1014,13:42:57,11.6,--,50,58000,卖盘
1015,13:42:54,11.6,--,10,11600,卖盘
1016,13:42:45,11.6,--,9,10440,卖盘
1017,13:42:42,11.6,--,4,4640,卖盘
1018,13:42:36,11.6,--,7,8120,卖盘
1019,13:42:33,11.6,-0.01,8,9280,卖盘
1020,13:42:30,11.61,0.01,50,58050,买盘
1021,13:42:21,11.6,-0.01,5,5800,卖盘
1022,13:42:18,11.61,0.01,8,9288,买盘
1023,13:42:15,11.6,-0.01,53,61480,卖盘
1024,13:42:06,11.61,--,1,1161,买盘
1025,13:42:03,11.61,--,3,3483,买盘
1026,13:41:57,11.61,0.01,30,34830,买盘
1027,13:41:45,11.6,--,7,8120,卖盘
1028,13:41:42,11.6,-0.01,3,3480,卖盘
1029,13:41:39,11.61,--,20,23220,买盘
1030,13:41:36,11.61,--,24,27864,买盘
1031,13:41:33,11.61,--,30,34830,买盘
1032,13:41:30,11.61,--,30,34830,买盘
1033,13:41:24,11.61,0.01,12,13932,买盘
1034,13:41:15,11.6,-0.01,20,23200,卖盘
1035,13:41:12,11.61,0.01,30,34830,买盘
1036,13:41:06,11.6,-0.01,25,29000,卖盘
1037,13:41:03,11.61,0.01,11,12771,买盘
1038,13:40:57,11.6,-0.01,90,104400,卖盘
1039,13:40:51,11.61,0.01,2,2322,买盘
1040,13:40:42,11.6,-0.01,8,9280,卖盘
1041,13:40:36,11.61,0.01,11,12771,买盘
1042,13:40:24,11.6,--,17,19720,卖盘
1043,13:40:21,11.6,--,1,1160,卖盘
1044,13:40:18,11.6,--,1,1160,卖盘
1045,13:40:09,11.6,-0.01,15,17400,卖盘
1046,13:40:06,11.61,--,1,1161,买盘
1047,13:40:03,11.61,0.01,3,3483,买盘
1048,13:40:00,11.6,--,45,52200,买盘
1049,13:39:51,11.6,--,2,2320,买盘
1050,13:39:48,11.6,0.01,40,46400,买盘
1051,13:39:42,11.59,-0.01,49,56791,卖盘
1052,13:39:39,11.6,--,31,35960,买盘
1053,13:39:36,11.6,--,110,127600,买盘
1054,13:39:33,11.6,--,2,2320,买盘
1055,13:39:27,11.6,--,17,19720,卖盘
1056,13:39:24,11.6,-0.01,34,39440,卖盘
1057,13:39:15,11.61,0.01,9,10449,买盘
1058,13:39:12,11.6,--,33,38280,卖盘
1059,13:39:09,11.6,--,14,16240,卖盘
1060,13:39:03,11.6,--,11,12760,卖盘
1061,13:39:00,11.6,-0.01,1,1160,卖盘
1062,13:38:57,11.61,0.01,1,1161,买盘
1063,13:38:54,11.6,0.01,4,4640,中性盘
1064,13:38:51,11.59,--,58,67222,卖盘
1065,13:38:48,11.59,--,7,8113,卖盘
1066,13:38:45,11.59,-0.01,60,69540,卖盘
1067,13:38:42,11.6,--,248,287680,买盘
1068,13:38:39,11.6,-0.01,1458,1691280,卖盘
1069,13:38:27,11.61,--,9,10449,买盘
1070,13:38:24,11.61,0.01,20,23220,买盘
1071,13:38:21,11.6,--,7,8120,卖盘
1072,13:38:18,11.6,-0.01,3,3480,卖盘
1073,13:38:15,11.61,0.01,4,4644,买盘
1074,13:38:12,11.6,-0.01,41,47560,卖盘
1075,13:38:09,11.61,--,13,15093,买盘
1076,13:38:06,11.61,--,2,2322,买盘
1077,13:38:03,11.61,0.01,3,3483,买盘
1078,13:38:00,11.6,--,1633,1894280,买盘
1079,13:37:57,11.6,0.01,1,1160,买盘
1080,13:37:54,11.59,--,17,19703,卖盘
1081,13:37:48,11.59,--,13,15067,卖盘
1082,13:37:45,11.59,--,7,8113,卖盘
1083,13:37:42,11.59,--,7,8113,卖盘
1084,13:37:36,11.59,-0.01,241,279319,卖盘
1085,13:37:33,11.6,--,326,378160,卖盘
1086,13:37:30,11.6,--,12,13920,卖盘
1087,13:37:27,11.6,--,306,354960,买盘
1088,13:37:24,11.6,--,24,27840,买盘
1089,13:37:12,11.6,0.01,57,66120,买盘
1090,13:37:09,11.59,--,575,666425,买盘
1091,13:37:03,11.59,0.01,3,3477,买盘
1092,13:37:00,11.58,-0.01,8,9264,卖盘
1093,13:36:57,11.59,--,1,1159,买盘
1094,13:36:45,11.59,--,78,90402,买盘
1095,13:36:42,11.59,-0.01,232,268888,卖盘
1096,13:36:39,11.6,--,34,39440,买盘
1097,13:36:36,11.6,0.01,169,196040,买盘
1098,13:36:33,11.59,-0.01,57,66063,卖盘
1099,13:36:27,11.6,--,11,12760,买盘
1100,13:36:24,11.6,--,30,34800,买盘
1101,13:36:21,11.6,--,19,22040,买盘
1102,13:36:18,11.6,0.01,46,53360,买盘
1103,13:36:15,11.59,--,42,48678,卖盘
1104,13:36:12,11.59,-0.01,36,41724,卖盘
1105,13:36:09,11.6,--,9,10440,买盘
1106,13:36:06,11.6,--,31,35960,买盘
1107,13:36:03,11.6,--,3,3480,买盘
1108,13:36:00,11.6,--,214,248240,买盘
1109,13:35:57,11.6,--,560,649600,买盘
1110,13:35:54,11.6,-0.01,344,399040,卖盘
1111,13:35:51,11.61,--,20,23220,卖盘
1112,13:35:36,11.61,-0.01,1,1161,中性盘
1113,13:35:24,11.62,--,50,58099,买盘
1114,13:35:18,11.62,--,136,158032,买盘
1115,13:35:15,11.62,0.02,403,469006,买盘
1116,13:35:12,11.6,-0.02,1888,2190520,卖盘
1117,13:35:06,11.62,0.01,2,2324,买盘
1118,13:35:03,11.61,--,26,30186,卖盘
1119,13:34:54,11.61,--,31,35991,卖盘
1120,13:34:51,11.61,-0.01,8,9288,卖盘
1121,13:34:48,11.62,--,13,15105,买盘
1122,13:34:45,11.62,0.01,1,1162,买盘
1123,13:34:42,11.61,-0.01,24,27864,卖盘
1124,13:34:33,11.62,--,32,37184,买盘
1125,13:34:30,11.62,--,50,58099,买盘
1126,13:34:15,11.62,--,1,1162,买盘
1127,13:34:06,11.62,--,15,17430,买盘
1128,13:34:03,11.62,--,4,4648,买盘
1129,13:33:57,11.62,--,14,16267,买盘
1130,13:33:48,11.62,--,27,31373,买盘
1131,13:33:45,11.62,-0.01,148,172347,卖盘
1132,13:33:42,11.63,0.01,30,34890,买盘
1133,13:33:39,11.62,--,103,119685,卖盘
1134,13:33:30,11.62,--,12,13943,卖盘
1135,13:33:18,11.62,--,25,29049,卖盘
1136,13:33:15,11.62,-0.01,5,5810,卖盘
1137,13:33:09,11.63,--,11,12793,买盘
1138,13:33:03,11.63,0.01,3,3489,买盘
1139,13:33:00,11.62,-0.01,43,49966,卖盘
1140,13:32:54,11.63,0.01,2,2326,买盘
1141,13:32:48,11.62,-0.01,169,197168,卖盘
1142,13:32:30,11.63,--,6,6978,买盘
1143,13:32:27,11.63,--,19,22097,买盘
1144,13:32:18,11.63,0.01,65,75595,买盘
1145,13:32:12,11.62,--,2,2324,卖盘
1146,13:32:09,11.62,-0.01,6,6971,卖盘
1147,13:32:06,11.63,--,13,15119,买盘
1148,13:32:03,11.63,0.01,3,3489,买盘
1149,13:32:00,11.62,--,48,55775,卖盘
1150,13:31:57,11.62,-0.01,10,11620,卖盘
1151,13:31:54,11.63,--,31,36053,买盘
1152,13:31:51,11.63,0.01,193,224459,买盘
1153,13:31:48,11.62,-0.01,1,1162,卖盘
1154,13:31:36,11.63,--,21,24423,买盘
1155,13:31:33,11.63,--,29,33727,买盘
1156,13:31:27,11.63,--,12,13956,买盘
1157,13:31:18,11.63,0.01,21,24423,买盘
1158,13:31:15,11.62,--,10,11620,卖盘
1159,13:31:12,11.62,-0.01,28,32535,卖盘
1160,13:31:09,11.63,--,1,1163,买盘
1161,13:31:03,11.63,--,2,2326,买盘
1162,13:30:57,11.63,0.01,12,13956,买盘
1163,13:30:51,11.62,--,1,1162,卖盘
1164,13:30:48,11.62,-0.01,1,1162,卖盘
1165,13:30:39,11.63,--,1,1163,买盘
1166,13:30:36,11.63,--,4,4652,买盘
1167,13:30:24,11.63,0.01,12,13956,买盘
1168,13:30:18,11.62,-0.01,1,1162,卖盘
1169,13:30:15,11.63,--,3,3489,买盘
1170,13:30:09,11.63,--,18,20934,买盘
1171,13:30:06,11.63,0.01,38,44194,买盘
1172,13:30:03,11.62,-0.01,85,98770,卖盘
1173,13:30:00,11.63,0.01,66,76758,买盘
1174,13:29:57,11.62,-0.01,44,51128,卖盘
1175,13:29:54,11.63,--,20,23260,买盘
1176,13:29:51,11.63,--,12,13956,买盘
1177,13:29:45,11.63,--,22,25586,买盘
1178,13:29:39,11.63,--,21,24423,买盘
1179,13:29:27,11.63,0.01,47,54661,买盘
1180,13:29:24,11.62,--,31,36022,卖盘
1181,13:29:21,11.62,--,3,3485,卖盘
1182,13:29:09,11.62,--,17,19754,卖盘
1183,13:29:03,11.62,-0.01,20,23240,卖盘
1184,13:28:57,11.63,0.01,1,1163,买盘
1185,13:28:54,11.62,-0.01,52,60423,卖盘
1186,13:28:51,11.63,--,32,37216,买盘
1187,13:28:39,11.63,0.01,12,13956,买盘
1188,13:28:36,11.62,--,1,1162,卖盘
1189,13:28:33,11.62,-0.01,10,11620,卖盘
1190,13:28:27,11.63,0.01,10,11630,买盘
1191,13:28:21,11.62,--,50,58099,卖盘
1192,13:28:18,11.62,--,3,3485,卖盘
1193,13:28:15,11.62,-0.01,1,1162,卖盘
1194,13:28:09,11.63,--,36,41868,买盘
1195,13:28:06,11.63,0.01,45,52335,买盘
1196,13:28:03,11.62,--,149,173138,买盘
1197,13:28:00,11.62,--,12,13943,买盘
1198,13:27:57,11.62,0.01,1,1162,买盘
1199,13:27:54,11.61,-0.01,8,9288,卖盘
1200,13:27:45,11.62,-0.01,44,51128,卖盘
1201,13:27:39,11.63,--,20,23260,买盘
1202,13:27:36,11.63,--,21,24423,买盘
1203,13:27:27,11.63,0.01,1,1163,买盘
1204,13:27:24,11.62,-0.01,28,32535,卖盘
1205,13:27:15,11.63,0.01,18,20934,买盘
1206,13:27:09,11.62,--,26,30211,买盘
1207,13:26:57,11.62,--,1,1162,买盘
1208,13:26:51,11.62,--,1,1162,买盘
1209,13:26:45,11.62,0.01,1,1162,买盘
1210,13:26:42,11.61,-0.01,9,10449,卖盘
1211,13:26:33,11.62,0.01,39,45318,卖盘
1212,13:26:27,11.61,-0.01,200,232200,卖盘
1213,13:26:24,11.62,0.01,19,22078,买盘
1214,13:26:21,11.61,--,24,27864,卖盘
1215,13:26:06,11.61,-0.01,3,3483,卖盘
1216,13:26:03,11.62,--,35,40670,买盘
1217,13:26:00,11.62,--,161,187082,买盘
1218,13:25:57,11.62,--,21,24402,买盘
1219,13:25:54,11.62,--,12,13943,买盘
1220,13:25:42,11.62,--,47,54613,卖盘
1221,13:25:39,11.62,--,6,6971,卖盘
1222,13:25:36,11.62,-0.01,5,5810,卖盘
1223,13:25:27,11.63,--,1,1163,买盘
1224,13:25:24,11.63,0.01,18,20934,买盘
1225,13:25:18,11.62,--,1,1162,卖盘
1226,13:25:15,11.62,-0.01,17,19754,中性盘
1227,13:25:09,11.63,0.02,7,8141,买盘
1228,13:24:57,11.61,-0.02,5,5805,卖盘
1229,13:24:48,11.63,0.02,1,1163,买盘
1230,13:24:45,11.61,-0.02,40,46440,卖盘
1231,13:24:42,11.63,--,12,13956,买盘
1232,13:24:24,11.63,--,19,22097,买盘
1233,13:24:18,11.63,--,16,18608,买盘
1234,13:24:15,11.63,0.01,62,72106,买盘
1235,13:24:12,11.62,0.01,23,26726,买盘
1236,13:24:09,11.61,--,516,600178,卖盘
1237,13:24:06,11.61,--,200,232200,卖盘
1238,13:24:00,11.61,-0.01,2,2322,卖盘
1239,13:23:57,11.62,0.01,26,30211,买盘
1240,13:23:54,11.61,-0.01,100,116100,卖盘
1241,13:23:48,11.62,--,1,1162,买盘
1242,13:23:45,11.62,0.01,20,23240,买盘
1243,13:23:42,11.61,-0.01,61,70821,卖盘
1244,13:23:24,11.62,--,1,1162,买盘
1245,13:23:18,11.62,--,1,1162,买盘
1246,13:23:12,11.62,--,12,13943,中性盘
1247,13:23:03,11.62,-0.01,1,1162,卖盘
1248,13:23:00,11.63,0.01,26,30238,买盘
1249,13:22:57,11.62,--,28,32535,买盘
1250,13:22:54,11.62,--,40,46480,卖盘
1251,13:22:51,11.62,-0.01,30,34860,卖盘
1252,13:22:48,11.63,0.01,30,34890,买盘
1253,13:22:45,11.62,--,25,29049,买盘
1254,13:22:42,11.62,0.01,13,15105,买盘
1255,13:22:36,11.61,--,1,1161,卖盘
1256,13:22:33,11.61,-0.01,1,1161,卖盘
1257,13:22:18,11.62,0.01,1,1162,买盘
1258,13:22:15,11.61,-0.01,25,29025,卖盘
1259,13:22:12,11.62,--,12,13943,买盘
1260,13:22:09,11.62,--,8,9296,买盘
1261,13:22:03,11.62,--,23,26726,卖盘
1262,13:22:00,11.62,--,22,25564,卖盘
1263,13:21:48,11.62,--,6,6971,卖盘
1264,13:21:42,11.62,--,82,95284,买盘
1265,13:21:39,11.62,-0.01,375,435749,卖盘
1266,13:21:36,11.63,--,26,30238,买盘
1267,13:21:33,11.63,--,38,44194,买盘
1268,13:21:30,11.63,--,100,116300,买盘
1269,13:21:24,11.63,--,42,48846,买盘
1270,13:21:18,11.63,0.01,1,1163,买盘
1271,13:21:15,11.62,-0.01,1,1162,卖盘
1272,13:21:12,11.63,--,25,29075,买盘
1273,13:21:09,11.63,0.01,13,15119,买盘
1274,13:21:06,11.62,--,2,2324,卖盘
1275,13:21:00,11.62,--,3,3485,卖盘
1276,13:20:54,11.62,--,8,9296,卖盘
1277,13:20:45,11.62,-0.01,7,8133,卖盘
1278,13:20:42,11.63,--,21,24423,买盘
1279,13:20:39,11.63,--,1,1163,买盘
1280,13:20:36,11.63,--,10,11630,买盘
1281,13:20:27,11.63,--,10,11630,买盘
1282,13:20:24,11.63,0.01,54,62802,买盘
1283,13:20:21,11.62,-0.01,62,72044,卖盘
1284,13:20:06,11.63,--,1,1163,买盘
1285,13:20:03,11.63,--,2,2326,买盘
1286,13:19:51,11.63,--,78,90714,买盘
1287,13:19:48,11.63,-0.01,268,311684,卖盘
1288,13:19:45,11.64,0.01,29,33756,买盘
1289,13:19:39,11.63,-0.01,70,81410,卖盘
1290,13:19:36,11.64,--,12,13968,买盘
1291,13:19:24,11.64,0.01,22,25608,买盘
1292,13:19:18,11.63,--,16,18608,卖盘
1293,13:19:15,11.63,-0.01,20,23260,卖盘
1294,13:19:12,11.64,--,4,4656,买盘
1295,13:19:06,11.64,--,13,15132,买盘
1296,13:19:03,11.64,--,2,2328,买盘
1297,13:18:57,11.64,--,28,32592,买盘
1298,13:18:48,11.64,0.01,12,13968,买盘
1299,13:18:45,11.63,-0.01,3,3489,卖盘
1300,13:18:42,11.64,--,10,11640,买盘
1301,13:18:39,11.64,--,25,29100,买盘
1302,13:18:36,11.64,--,39,45396,买盘
1303,13:18:33,11.64,0.01,66,76824,买盘
1304,13:18:30,11.63,--,1,1163,卖盘
1305,13:18:27,11.63,-0.01,10,11630,卖盘
1306,13:18:24,11.64,0.01,11,12804,买盘
1307,13:18:21,11.63,-0.01,6,6978,卖盘
1308,13:18:18,11.64,--,12,13968,买盘
1309,13:18:15,11.64,--,27,31428,买盘
1310,13:18:12,11.64,0.01,24,27936,买盘
1311,13:18:09,11.63,-0.01,34,39542,卖盘
1312,13:18:06,11.64,0.01,1,1164,买盘
1313,13:18:03,11.63,--,20,23260,卖盘
1314,13:18:00,11.63,--,3,3489,买盘
1315,13:17:57,11.63,--,131,152353,卖盘
1316,13:17:54,11.63,-0.01,55,63965,卖盘
1317,13:17:51,11.64,0.01,29,33756,买盘
1318,13:17:45,11.63,-0.01,73,84899,卖盘
1319,13:17:36,11.64,--,64,74496,买盘
1320,13:17:33,11.64,--,25,29100,买盘
1321,13:17:30,11.64,0.01,50,58200,买盘
1322,13:17:24,11.63,--,2,2326,卖盘
1323,13:17:09,11.63,-0.01,9,10467,卖盘
1324,13:17:03,11.64,--,70,81480,买盘
1325,13:17:00,11.64,--,10,11640,买盘
1326,13:16:57,11.64,--,27,31428,买盘
1327,13:16:54,11.64,0.01,34,39576,买盘
1328,13:16:51,11.63,-0.01,51,59313,卖盘
1329,13:16:48,11.64,0.01,123,143172,买盘
1330,13:16:45,11.63,0.01,197,229111,买盘
1331,13:16:42,11.62,--,94,109227,卖盘
1332,13:16:39,11.62,-0.01,84,97608,卖盘
1333,13:16:27,11.63,--,1,1163,买盘
1334,13:16:24,11.63,--,12,13956,买盘
1335,13:16:18,11.63,--,10,11630,买盘
1336,13:15:57,11.63,--,1,1163,买盘
1337,13:15:51,11.63,0.01,30,34890,买盘
1338,13:15:48,11.62,-0.01,1,1162,卖盘
1339,13:15:42,11.63,--,12,13956,买盘
1340,13:15:39,11.63,--,29,33727,买盘
1341,13:15:27,11.63,--,8,9304,买盘
1342,13:15:18,11.63,--,1,1163,买盘
1343,13:15:15,11.63,0.01,55,63965,买盘
1344,13:15:12,11.62,--,236,274232,买盘
1345,13:15:09,11.62,0.01,3,3485,买盘
1346,13:15:00,11.61,--,4,4644,卖盘
1347,13:14:57,11.61,--,4,4644,卖盘
1348,13:14:54,11.61,-0.01,35,40635,卖盘
1349,13:14:51,11.62,--,38,44156,买盘
1350,13:14:48,11.62,--,106,123171,买盘
1351,13:14:45,11.62,--,6,6971,买盘
1352,13:14:39,11.62,0.01,4,4648,买盘
1353,13:14:36,11.61,--,2,2322,卖盘
1354,13:14:33,11.61,--,30,34830,卖盘
1355,13:14:30,11.61,-0.01,72,83592,卖盘
1356,13:14:27,11.62,--,23,26726,买盘
1357,13:14:24,11.62,0.01,108,125495,买盘
1358,13:14:18,11.61,--,2,2322,卖盘
1359,13:14:12,11.61,--,125,145125,卖盘
1360,13:14:09,11.61,--,275,319275,卖盘
1361,13:14:00,11.61,--,51,59211,卖盘
1362,13:13:54,11.61,-0.01,4,4644,卖盘
1363,13:13:48,11.62,--,23,26726,买盘
1364,13:13:42,11.62,--,50,58099,买盘
1365,13:13:39,11.62,--,5,5810,买盘
1366,13:13:27,11.62,--,25,29049,买盘
1367,13:13:24,11.62,0.01,49,56937,买盘
1368,13:13:21,11.61,--,9,10449,卖盘
1369,13:13:18,11.61,--,5,5805,卖盘
1370,13:13:12,11.61,--,2,2322,卖盘
1371,13:13:03,11.61,-0.01,19,22059,卖盘
1372,13:13:00,11.62,--,5,5810,买盘
1373,13:12:54,11.62,--,12,13943,买盘
1374,13:12:48,11.62,0.01,134,155708,买盘
1375,13:12:45,11.61,--,148,171828,卖盘
1376,13:12:42,11.61,-0.01,70,81270,卖盘
1377,13:12:30,11.62,--,36,41832,买盘
1378,13:12:27,11.62,--,328,381136,买盘
1379,13:12:24,11.62,0.01,512,594944,买盘
1380,13:12:18,11.61,--,35,40635,买盘
1381,13:12:15,11.61,--,120,139320,买盘
1382,13:12:06,11.61,--,3,3483,买盘
1383,13:11:54,11.61,--,51,59211,买盘
1384,13:11:51,11.61,0.01,10,11610,买盘
1385,13:11:42,11.6,-0.01,1,1160,卖盘
1386,13:11:39,11.61,--,25,29025,买盘
1387,13:11:27,11.61,--,18,20898,买盘
1388,13:11:21,11.61,0.01,7,8127,买盘
1389,13:11:15,11.6,--,5,5800,卖盘
1390,13:11:12,11.6,-0.01,40,46400,卖盘
1391,13:11:09,11.61,--,10,11610,卖盘
1392,13:11:06,11.61,--,10,11923,买盘
1393,13:10:57,11.61,--,42,48762,买盘
1394,13:10:54,11.61,--,23,26703,买盘
1395,13:10:51,11.61,--,8,9288,买盘
1396,13:10:48,11.61,--,69,80109,买盘
1397,13:10:45,11.61,0.01,51,59211,买盘
1398,13:10:39,11.6,--,5,5800,卖盘
1399,13:10:33,11.6,-0.01,47,54520,卖盘
1400,13:10:24,11.61,0.01,30,34830,买盘
1401,13:10:18,11.6,-0.01,1,1160,卖盘
1402,13:10:12,11.61,--,10,11610,买盘
1403,13:10:09,11.61,0.01,10,11610,买盘
1404,13:10:06,11.6,-0.01,27,31320,卖盘
1405,13:10:03,11.61,0.01,6,6966,买盘
1406,13:09:57,11.6,-0.01,29,33640,卖盘
1407,13:09:54,11.61,--,9,10449,买盘
1408,13:09:51,11.61,0.01,13,15093,买盘
1409,13:09:48,11.6,--,39,45240,卖盘
1410,13:09:45,11.6,--,4,4640,卖盘
1411,13:09:39,11.6,-0.01,16,18560,卖盘
1412,13:09:33,11.61,--,19,22059,买盘
1413,13:09:18,11.61,0.01,2,2322,买盘
1414,13:09:15,11.6,-0.01,6,6960,卖盘
1415,13:09:09,11.61,0.01,12,13932,买盘
1416,13:09:03,11.6,--,151,175160,卖盘
1417,13:09:00,11.6,--,32,37120,卖盘
1418,13:08:57,11.6,--,1,1160,卖盘
1419,13:08:54,11.6,--,10,11600,卖盘
1420,13:08:48,11.6,--,5,5800,卖盘
1421,13:08:36,11.6,--,8,9280,卖盘
1422,13:08:33,11.6,--,9,10440,卖盘
1423,13:08:18,11.6,-0.01,69,80040,卖盘
1424,13:08:15,11.61,0.01,10,11610,买盘
1425,13:08:12,11.6,-0.01,92,106720,卖盘
1426,13:08:06,11.61,--,2,2322,买盘
1427,13:08:03,11.61,--,14,16254,买盘
1428,13:08:00,11.61,--,5,5805,买盘
1429,13:07:54,11.61,--,8,9288,买盘
1430,13:07:51,11.61,--,44,51931,卖盘
1431,13:07:39,11.61,--,8,9288,卖盘
1432,13:07:36,11.61,--,59,68812,买盘
1433,13:07:33,11.61,--,345,401392,卖盘
1434,13:07:30,11.61,-0.01,39,45279,卖盘
1435,13:07:27,11.62,0.01,73,84826,买盘
1436,13:07:24,11.61,-0.01,454,527407,卖盘
1437,13:07:18,11.62,--,12,13943,买盘
1438,13:07:09,11.62,0.01,4,4648,买盘
1439,13:07:03,11.61,-0.01,20,23220,卖盘
1440,13:06:51,11.62,0.01,13,15105,买盘
1441,13:06:48,11.61,--,106,123066,卖盘
1442,13:06:45,11.61,-0.01,7,8127,卖盘
1443,13:06:42,11.62,--,3,3485,买盘
1444,13:06:39,11.62,--,16,18592,卖盘
1445,13:06:33,11.62,-0.01,20,23240,卖盘
1446,13:06:21,11.63,--,1,1163,买盘
1447,13:06:18,11.63,--,3,3489,卖盘
1448,13:06:12,11.63,--,8,9304,买盘
1449,13:06:09,11.63,--,92,106996,买盘
1450,13:06:00,11.63,--,473,550099,卖盘
1451,13:05:57,11.63,-0.01,17,19771,卖盘
1452,13:05:54,11.64,0.01,76,88464,买盘
1453,13:05:51,11.63,--,136,158168,买盘
1454,13:05:42,11.63,0.01,5,5815,买盘
1455,13:05:39,11.62,-0.01,57,66234,卖盘
1456,13:05:24,11.63,--,21,24423,买盘
1457,13:05:21,11.63,0.01,26,30238,买盘
1458,13:05:18,11.62,--,5,5810,卖盘
1459,13:05:12,11.62,-0.01,1,1162,卖盘
1460,13:04:57,11.63,--,16,18608,买盘
1461,13:04:51,11.63,--,2,2326,买盘
1462,13:04:48,11.63,-0.01,98,113974,卖盘
1463,13:04:39,11.64,--,5,5820,买盘
1464,13:04:36,11.64,--,20,23280,买盘
1465,13:04:30,11.64,0.01,32,37248,买盘
1466,13:04:27,11.63,--,116,134908,卖盘
1467,13:04:24,11.63,--,99,115137,买盘
1468,13:04:21,11.63,--,1,1163,买盘
1469,13:04:18,11.63,--,12,13956,买盘
1470,13:04:15,11.63,--,24,27912,买盘
1471,13:04:03,11.63,-0.01,236,274468,卖盘
1472,13:04:00,11.64,--,4,4656,买盘
1473,13:03:57,11.64,--,24,27936,买盘
1474,13:03:54,11.64,--,4,4656,买盘
1475,13:03:51,11.64,0.02,18,20952,买盘
1476,13:03:39,11.62,-0.02,5,5810,卖盘
1477,13:03:30,11.64,--,40,46560,买盘
1478,13:03:27,11.64,--,260,302640,买盘
1479,13:03:21,11.64,--,1,1164,买盘
1480,13:03:18,11.64,0.04,66,76824,买盘
1481,13:03:15,11.6,-0.04,1102,1278320,卖盘
1482,13:03:12,11.64,--,6,6984,买盘
1483,13:03:09,11.64,0.02,23,26772,买盘
1484,13:03:06,11.62,-0.02,5,5810,卖盘
1485,13:03:00,11.64,0.02,45,52380,买盘
1486,13:02:57,11.62,--,9,10458,卖盘
1487,13:02:54,11.62,-0.01,275,319550,卖盘
1488,13:02:51,11.63,0.01,32,37216,买盘
1489,13:02:48,11.62,-0.01,50,58099,卖盘
1490,13:02:45,11.63,--,5,5815,买盘
1491,13:02:42,11.63,0.01,1,1163,买盘
1492,13:02:30,11.62,--,0,464,卖盘
1493,13:02:27,11.62,--,7,8133,卖盘
1494,13:02:18,11.62,-0.01,19,22078,卖盘
1495,13:02:12,11.63,0.01,1,1163,买盘
1496,13:02:06,11.62,--,1,1162,卖盘
1497,13:02:00,11.62,-0.01,10,11620,卖盘
1498,13:01:54,11.63,--,20,23260,买盘
1499,13:01:45,11.63,0.01,12,13956,买盘
1500,13:01:42,11.62,-0.01,154,178948,卖盘
1501,13:01:39,11.63,0.01,4,4652,买盘
1502,13:01:36,11.62,--,20,23240,卖盘
1503,13:01:21,11.62,-0.01,7,8133,卖盘
1504,13:01:18,11.63,--,3,3489,买盘
1505,13:01:15,11.63,--,12,13956,买盘
1506,13:01:12,11.63,--,9,10467,买盘
1507,13:01:09,11.63,0.01,50,58150,买盘
1508,13:01:03,11.62,-0.01,3,3485,卖盘
1509,13:00:51,11.63,--,4,4652,买盘
1510,13:00:48,11.63,0.01,25,29075,买盘
1511,13:00:45,11.62,-0.01,1,1162,卖盘
1512,13:00:42,11.63,0.01,3,3489,买盘
1513,13:00:39,11.62,-0.01,12,13943,卖盘
1514,13:00:36,11.63,0.01,12,13956,买盘
1515,13:00:30,11.62,-0.01,1,1162,卖盘
1516,13:00:27,11.63,--,2,2326,买盘
1517,13:00:24,11.63,--,14,16282,买盘
1518,13:00:18,11.63,-0.01,1,1163,卖盘
1519,13:00:15,11.64,--,12,13968,买盘
1520,13:00:12,11.64,--,86,100104,买盘
1521,13:00:09,11.64,0.01,26,30264,买盘
1522,13:00:06,11.63,--,206,239578,卖盘
1523,13:00:03,11.63,-0.01,325,377975,卖盘
1524,13:00:00,11.64,--,0,0,买盘
1525,11:30:00,11.64,--,24,27936,买盘
1526,11:29:54,11.64,0.02,14,16296,买盘
1527,11:29:51,11.62,-0.02,97,112713,卖盘
1528,11:29:45,11.64,0.01,12,13968,买盘
1529,11:29:42,11.63,-0.01,6,6978,买盘
1530,11:29:39,11.64,--,17,19788,买盘
1531,11:29:36,11.64,--,133,154812,买盘
1532,11:29:33,11.64,--,100,116400,买盘
1533,11:29:24,11.64,--,10,11640,买盘
1534,11:29:21,11.64,0.01,70,81480,买盘
1535,11:29:15,11.63,-0.01,13,15119,中性盘
1536,11:29:06,11.64,0.02,110,128040,买盘
1537,11:29:03,11.62,0.01,486,564732,买盘
1538,11:28:57,11.61,-0.01,20,23220,卖盘
1539,11:28:45,11.62,0.01,12,13943,买盘
1540,11:28:42,11.61,--,5,5805,买盘
1541,11:28:39,11.61,--,27,31347,买盘
1542,11:28:36,11.61,--,24,27864,买盘
1543,11:28:33,11.61,0.01,15,17415,买盘
1544,11:28:30,11.6,-0.01,2,2320,卖盘
1545,11:28:27,11.61,--,2,2322,买盘
1546,11:28:24,11.61,0.01,28,32508,买盘
1547,11:28:21,11.6,-0.01,1,1160,卖盘
1548,11:28:12,11.61,--,5,5805,买盘
1549,11:28:09,11.61,--,1,1161,买盘
1550,11:28:06,11.61,--,5,5805,买盘
1551,11:28:03,11.61,0.01,11,12771,买盘
1552,11:28:00,11.6,-0.01,2,2320,卖盘
1553,11:27:45,11.61,0.01,24,27864,买盘
1554,11:27:42,11.6,-0.01,3,3480,卖盘
1555,11:27:39,11.61,--,1,1161,买盘
1556,11:27:33,11.61,0.01,39,45279,买盘
1557,11:27:30,11.6,-0.01,68,78880,卖盘
1558,11:27:27,11.61,0.02,358,415638,买盘
1559,11:27:18,11.59,-0.01,3,3477,卖盘
1560,11:27:09,11.6,0.01,1,1160,买盘
1561,11:27:00,11.59,-0.01,1,1159,卖盘
1562,11:26:57,11.6,0.01,14,16240,买盘
1563,11:26:54,11.59,-0.01,40,46360,卖盘
1564,11:26:42,11.6,--,31,35960,买盘
1565,11:26:39,11.6,--,42,48720,买盘
1566,11:26:27,11.6,0.01,146,169360,买盘
1567,11:26:15,11.59,-0.01,30,34770,卖盘
1568,11:26:09,11.6,0.01,17,19720,买盘
1569,11:26:03,11.59,-0.01,2,2318,卖盘
1570,11:25:57,11.6,--,2,2320,买盘
1571,11:25:48,11.6,0.01,3,3480,买盘
1572,11:25:45,11.59,-0.01,10,11590,卖盘
1573,11:25:39,11.6,0.01,41,47560,买盘
1574,11:25:33,11.59,-0.01,1,1159,卖盘
1575,11:25:27,11.6,--,2,2320,买盘
1576,11:25:21,11.6,--,2,2320,买盘
1577,11:25:06,11.6,--,20,23200,买盘
1578,11:25:00,11.6,--,15,17400,买盘
1579,11:24:57,11.6,--,2,2320,买盘
1580,11:24:54,11.6,0.01,76,88160,买盘
1581,11:24:51,11.59,--,151,175009,卖盘
1582,11:24:42,11.59,--,1,1159,卖盘
1583,11:24:39,11.59,--,75,86925,卖盘
1584,11:24:36,11.59,--,333,385947,卖盘
1585,11:24:33,11.59,--,2,2318,卖盘
1586,11:24:30,11.59,-0.01,26,30134,卖盘
1587,11:24:27,11.6,0.01,1,1160,买盘
1588,11:24:24,11.59,-0.01,50,57950,卖盘
1589,11:24:18,11.6,0.01,51,59160,买盘
1590,11:24:03,11.59,-0.01,2,2318,卖盘
1591,11:23:57,11.6,0.01,67,77720,买盘
1592,11:23:54,11.59,-0.01,25,28975,卖盘
1593,11:23:51,11.6,--,16,18560,买盘
1594,11:23:48,11.6,--,18,20880,买盘
1595,11:23:39,11.6,--,34,39440,买盘
1596,11:23:36,11.6,--,65,75400,买盘
1597,11:23:30,11.6,0.01,1,1160,买盘
1598,11:23:27,11.59,-0.01,1,1159,卖盘
1599,11:23:24,11.6,--,1,1160,买盘
1600,11:23:21,11.6,--,12,13920,买盘
1601,11:23:18,11.6,--,1,1160,买盘
1602,11:23:15,11.6,0.01,5,5800,买盘
1603,11:23:09,11.59,--,1,1159,卖盘
1604,11:23:03,11.59,--,1,1159,卖盘
1605,11:23:00,11.59,--,86,99674,买盘
1606,11:22:57,11.59,--,17,19703,买盘
1607,11:22:51,11.59,--,25,28975,买盘
1608,11:22:48,11.59,0.01,122,141398,买盘
1609,11:22:42,11.58,--,12,13896,卖盘
1610,11:22:39,11.58,-0.01,30,34740,卖盘
1611,11:22:36,11.59,0.01,100,115900,买盘
1612,11:22:33,11.58,--,1,1158,卖盘
1613,11:22:30,11.58,-0.01,9,10422,卖盘
1614,11:22:27,11.59,--,41,47519,买盘
1615,11:22:21,11.59,0.01,42,48678,买盘
1616,11:22:18,11.58,--,29,33582,卖盘
1617,11:22:15,11.58,--,10,11580,卖盘
1618,11:22:09,11.58,--,3,3474,卖盘
1619,11:22:00,11.58,-0.01,1,1158,卖盘
1620,11:21:57,11.59,0.01,1,1159,买盘
1621,11:21:51,11.58,-0.01,1,1158,卖盘
1622,11:21:48,11.59,--,1,1159,买盘
1623,11:21:42,11.59,--,12,13908,买盘
1624,11:21:27,11.59,0.01,30,34770,买盘
1625,11:21:21,11.58,-0.01,150,173700,卖盘
1626,11:21:18,11.59,0.01,1,1159,买盘
1627,11:21:12,11.58,--,13,15054,卖盘
1628,11:21:06,11.58,-0.01,98,113484,卖盘
1629,11:21:03,11.59,0.01,20,23180,买盘
1630,11:20:57,11.58,--,55,63690,卖盘
1631,11:20:51,11.58,-0.01,75,86850,卖盘
1632,11:20:48,11.59,0.01,1,1159,买盘
1633,11:20:39,11.58,-0.01,1,1158,卖盘
1634,11:20:36,11.59,--,1,1159,买盘
1635,11:20:33,11.59,0.01,25,28975,买盘
1636,11:20:30,11.58,-0.01,85,98430,卖盘
1637,11:20:27,11.59,--,13,15067,买盘
1638,11:20:18,11.59,0.01,32,37088,买盘
1639,11:19:51,11.58,-0.01,14,16212,卖盘
1640,11:19:48,11.59,0.01,13,15067,买盘
1641,11:19:36,11.58,--,15,17370,卖盘
1642,11:19:30,11.58,-0.01,9,10422,卖盘
1643,11:19:24,11.59,--,18,20862,买盘
1644,11:19:18,11.59,0.01,26,30134,买盘
1645,11:19:15,11.58,-0.01,1,1158,卖盘
1646,11:19:12,11.59,--,16,18544,买盘
1647,11:19:09,11.59,--,12,13908,买盘
1648,11:19:00,11.59,0.01,1,1159,买盘
1649,11:18:51,11.58,-0.01,7,8106,卖盘
1650,11:18:48,11.59,0.01,1,1159,买盘
1651,11:18:36,11.58,-0.01,38,44004,卖盘
1652,11:18:30,11.59,0.01,1,1159,买盘
1653,11:18:27,11.58,-0.01,9,10422,卖盘
1654,11:18:21,11.59,--,12,13908,买盘
1655,11:18:18,11.59,--,1,1159,买盘
1656,11:18:15,11.59,--,20,23180,买盘
1657,11:18:09,11.59,0.01,4,4636,买盘
1658,11:18:06,11.58,--,76,88008,卖盘
1659,11:18:03,11.58,-0.01,9,10422,卖盘
1660,11:18:00,11.59,--,3,3477,买盘
1661,11:17:57,11.59,--,10,11590,买盘
1662,11:17:36,11.59,--,21,24339,买盘
1663,11:17:33,11.59,--,1,1159,买盘
1664,11:17:21,11.59,0.01,12,13908,买盘
1665,11:17:09,11.58,--,107,123906,卖盘
1666,11:17:06,11.58,-0.01,1,1158,卖盘
1667,11:17:00,11.59,--,20,23180,买盘
1668,11:16:57,11.59,0.01,4,4636,买盘
1669,11:16:54,11.58,-0.01,10,11580,卖盘
1670,11:16:51,11.59,--,17,19703,买盘
1671,11:16:42,11.59,-0.01,24,27816,卖盘
1672,11:16:39,11.6,--,76,88160,买盘
1673,11:16:36,11.6,0.01,23,26680,买盘
1674,11:16:33,11.59,--,75,86925,卖盘
1675,11:16:12,11.59,-0.01,30,34770,卖盘
1676,11:16:09,11.6,0.01,26,30160,买盘
1677,11:16:03,11.59,-0.01,3,3477,卖盘
1678,11:16:00,11.6,0.01,11,12760,买盘
1679,11:15:51,11.59,--,21,24339,卖盘
1680,11:15:48,11.59,--,3,3477,卖盘
1681,11:15:45,11.59,--,1,1159,卖盘
1682,11:15:42,11.59,-0.01,20,23180,卖盘
1683,11:15:39,11.6,0.01,1,1160,买盘
1684,11:15:33,11.59,--,2,2318,卖盘
1685,11:15:27,11.59,--,10,11590,卖盘
1686,11:15:24,11.59,-0.01,87,100833,卖盘
1687,11:15:09,11.6,--,2,2320,买盘
1688,11:15:06,11.6,0.01,40,46400,买盘
1689,11:15:03,11.59,0.01,283,327997,买盘
1690,11:15:00,11.58,--,5,5790,卖盘
1691,11:14:57,11.58,--,42,48636,卖盘
1692,11:14:36,11.58,-0.01,7,8106,卖盘
1693,11:14:27,11.59,0.01,12,13908,买盘
1694,11:14:21,11.58,-0.01,1,1158,卖盘
1695,11:14:18,11.59,--,26,30134,买盘
1696,11:14:09,11.59,--,32,37088,买盘
1697,11:13:57,11.59,--,3,3477,买盘
1698,11:13:54,11.59,--,37,42883,买盘
1699,11:13:51,11.59,--,37,42883,买盘
1700,11:13:42,11.59,--,30,34770,卖盘
1701,11:13:33,11.59,--,6,6954,买盘
1702,11:13:12,11.59,0.01,8,9272,中性盘
1703,11:13:06,11.58,-0.01,26,30108,卖盘
1704,11:13:03,11.59,--,2,2318,卖盘
1705,11:13:00,11.59,--,1,1159,卖盘
1706,11:12:57,11.59,--,46,54020,买盘
1707,11:12:54,11.59,-0.01,14,16678,卖盘
1708,11:12:51,11.6,--,12,13920,买盘
1709,11:12:48,11.6,0.01,39,45240,买盘
1710,11:12:45,11.59,0.01,139,161807,买盘
1711,11:12:30,11.58,-0.01,3,3474,卖盘
1712,11:12:24,11.59,0.01,24,27816,买盘
1713,11:12:21,11.58,-0.01,8,9264,卖盘
1714,11:12:18,11.59,--,1,1159,买盘
1715,11:12:15,11.59,--,13,15067,买盘
1716,11:12:00,11.59,0.01,27,31293,买盘
1717,11:11:57,11.58,--,6,6948,卖盘
1718,11:11:39,11.58,-0.01,2,2316,卖盘
1719,11:11:27,11.59,--,58,67222,买盘
1720,11:11:21,11.59,--,30,34770,买盘
1721,11:11:18,11.59,--,6,6954,买盘
1722,11:11:09,11.59,--,21,24339,买盘
1723,11:11:00,11.59,--,15,17385,买盘
1724,11:10:57,11.59,--,27,31293,买盘
1725,11:10:54,11.59,--,5,5795,买盘
1726,11:10:51,11.59,--,1,1159,买盘
1727,11:10:48,11.59,--,40,46360,买盘
1728,11:10:45,11.59,--,230,266570,买盘
1729,11:10:39,11.59,--,1,1159,买盘
1730,11:10:33,11.59,0.01,25,28975,买盘
1731,11:10:30,11.58,-0.01,2,2316,中性盘
1732,11:10:24,11.59,0.02,6,6954,买盘
1733,11:10:21,11.57,--,22,25454,卖盘
1734,11:10:18,11.57,-0.01,15,17355,卖盘
1735,11:10:15,11.58,-0.01,1,1158,中性盘
1736,11:10:12,11.59,0.02,70,81130,买盘
1737,11:10:09,11.57,--,462,534534,卖盘
1738,11:10:06,11.57,-0.01,75,86775,卖盘
1739,11:10:03,11.58,--,3,3474,买盘
1740,11:10:00,11.58,--,12,13896,买盘
1741,11:09:51,11.58,0.01,5,5790,买盘
1742,11:09:48,11.57,-0.01,11,12727,卖盘
1743,11:09:45,11.58,--,57,66006,买盘
1744,11:09:42,11.58,--,7,8106,买盘
1745,11:09:39,11.58,--,50,57900,卖盘
1746,11:09:36,11.58,--,20,23160,卖盘
1747,11:09:27,11.58,--,1,1158,卖盘
1748,11:09:21,11.58,--,8,9264,买盘
1749,11:09:18,11.58,0.01,22,25476,买盘
1750,11:09:15,11.57,-0.01,1,1157,卖盘
1751,11:09:12,11.58,-0.01,9,10422,卖盘
1752,11:09:09,11.59,0.01,22,25498,买盘
1753,11:09:06,11.58,--,37,42846,卖盘
1754,11:08:54,11.58,-0.01,1,1158,卖盘
1755,11:08:51,11.59,--,8,9272,买盘
1756,11:08:48,11.59,--,12,13908,买盘
1757,11:08:39,11.59,0.01,33,38247,买盘
1758,11:08:27,11.58,-0.01,9,10422,卖盘
1759,11:08:18,11.59,--,32,37088,买盘
1760,11:08:15,11.59,--,11,12749,买盘
1761,11:08:12,11.59,--,12,13908,买盘
1762,11:08:09,11.59,--,15,17385,买盘
1763,11:08:06,11.59,--,1,1159,买盘
1764,11:07:57,11.59,--,2,2318,买盘
1765,11:07:54,11.59,--,33,38247,买盘
1766,11:07:45,11.59,0.02,77,89243,买盘
1767,11:07:42,11.57,-0.01,21,24297,卖盘
1768,11:07:39,11.58,--,16,18528,买盘
1769,11:07:36,11.58,0.01,35,40530,买盘
1770,11:07:33,11.57,-0.01,1,1157,卖盘
1771,11:07:27,11.58,0.01,2,2316,买盘
1772,11:07:21,11.57,--,10,11570,卖盘
1773,11:07:15,11.57,-0.01,8,9256,卖盘
1774,11:07:00,11.58,-0.01,36,42730,卖盘
1775,11:06:57,11.59,0.01,21,24339,买盘
1776,11:06:54,11.58,0.01,20,23275,买盘
1777,11:06:42,11.57,--,11,12727,卖盘
1778,11:06:39,11.57,--,10,11570,卖盘
1779,11:06:36,11.57,-0.01,41,47437,卖盘
1780,11:06:33,11.58,--,93,107694,买盘
1781,11:06:30,11.58,--,24,27792,买盘
1782,11:06:27,11.58,--,1,1158,买盘
1783,11:06:21,11.58,0.01,6,6948,买盘
1784,11:06:15,11.57,-0.01,121,139997,卖盘
1785,11:06:12,11.58,0.01,11,12738,买盘
1786,11:06:09,11.57,-0.01,40,46280,卖盘
1787,11:06:00,11.58,--,90,104220,买盘
1788,11:05:57,11.58,0.01,121,140118,买盘
1789,11:05:54,11.57,--,27,31239,卖盘
1790,11:05:51,11.57,--,11,12727,卖盘
1791,11:05:48,11.57,-0.01,54,62478,卖盘
1792,11:05:42,11.58,--,50,57900,买盘
1793,11:05:39,11.58,0.01,3,3474,买盘
1794,11:05:36,11.57,-0.01,8,9256,卖盘
1795,11:05:30,11.58,--,6,6948,买盘
1796,11:05:27,11.58,--,1,1158,买盘
1797,11:05:24,11.58,0.01,53,61374,买盘
1798,11:05:15,11.57,-0.01,7,8099,卖盘
1799,11:05:06,11.58,0.01,12,13896,买盘
1800,11:05:03,11.57,--,2,2314,卖盘
1801,11:04:57,11.57,--,6,6942,卖盘
1802,11:04:54,11.57,--,2,2314,卖盘
1803,11:04:48,11.57,--,11,12727,卖盘
1804,11:04:33,11.57,-0.01,2,2314,卖盘
1805,11:04:30,11.58,--,11,12738,买盘
1806,11:04:27,11.58,--,1,1158,买盘
1807,11:04:24,11.58,--,5,5790,买盘
1808,11:04:15,11.58,--,21,24318,买盘
1809,11:04:09,11.58,0.01,26,30108,买盘
1810,11:04:06,11.57,--,45,52065,买盘
1811,11:04:03,11.57,--,30,34710,买盘
1812,11:04:00,11.57,--,10,11570,买盘
1813,11:03:57,11.57,0.01,1,1157,买盘
1814,11:03:51,11.56,--,32,36992,卖盘
1815,11:03:42,11.56,--,32,36992,卖盘
1816,11:03:36,11.56,--,13,15028,卖盘
1817,11:03:30,11.56,--,3,3468,卖盘
1818,11:03:27,11.56,-0.01,11,12716,卖盘
1819,11:03:24,11.57,0.01,13,15041,买盘
1820,11:03:21,11.56,-0.01,6,6936,卖盘
1821,11:03:18,11.57,0.01,1,1157,买盘
1822,11:03:09,11.56,--,6,6936,卖盘
1823,11:02:57,11.56,-0.01,20,23120,卖盘
1824,11:02:54,11.57,--,18,21867,卖盘
1825,11:02:51,11.57,--,15,17470,买盘
1826,11:02:48,11.57,0.01,32,37024,买盘
1827,11:02:42,11.56,-0.02,17,19652,卖盘
1828,11:02:33,11.58,0.01,6,6948,买盘
1829,11:02:30,11.57,--,11,12727,卖盘
1830,11:02:18,11.57,--,1,1157,买盘
1831,11:02:15,11.57,--,35,40495,买盘
1832,11:02:09,11.57,--,5,5785,买盘
1833,11:02:06,11.57,--,28,32396,买盘
1834,11:01:57,11.57,0.01,8,9256,买盘
1835,11:01:54,11.56,-0.01,47,54332,卖盘
1836,11:01:51,11.57,--,6,6942,买盘
1837,11:01:48,11.57,--,21,24297,买盘
1838,11:01:45,11.57,--,16,18512,买盘
1839,11:01:39,11.57,0.01,12,13884,买盘
1840,11:01:33,11.56,-0.01,20,23120,卖盘
1841,11:01:24,11.57,--,37,42809,买盘
1842,11:01:21,11.57,--,51,59007,买盘
1843,11:01:15,11.57,--,42,48594,买盘
1844,11:01:12,11.57,--,83,96031,买盘
1845,11:01:06,11.57,0.01,9,10413,买盘
1846,11:01:03,11.56,-0.01,7,8092,卖盘
1847,11:00:57,11.57,0.01,28,32396,买盘
1848,11:00:51,11.56,-0.01,10,11560,卖盘
1849,11:00:48,11.57,0.01,189,218673,买盘
1850,11:00:45,11.56,0.01,1009,1166404,买盘
1851,11:00:42,11.55,-0.01,2,2310,卖盘
1852,11:00:39,11.56,0.01,34,39304,买盘
1853,11:00:24,11.55,-0.01,71,82005,中性盘
1854,11:00:18,11.56,--,8,9248,买盘
1855,11:00:15,11.56,--,101,116756,买盘
1856,11:00:12,11.56,--,4,4624,买盘
1857,11:00:03,11.56,--,50,57800,卖盘
1858,10:59:54,11.56,-0.01,28,32368,卖盘
1859,10:59:51,11.57,0.01,2,2314,买盘
1860,10:59:48,11.56,-0.01,3,3468,卖盘
1861,10:59:45,11.57,0.01,1,1157,买盘
1862,10:59:42,11.56,--,188,217328,卖盘
1863,10:59:39,11.56,--,14,16184,买盘
1864,10:59:36,11.56,--,25,28900,买盘
1865,10:59:30,11.56,--,5,5780,买盘
1866,10:59:27,11.56,0.01,5,5780,买盘
1867,10:59:24,11.55,0.01,1,1155,中性盘
1868,10:59:18,11.54,--,9,10386,卖盘
1869,10:59:15,11.54,-0.02,900,1038599,卖盘
1870,10:59:12,11.56,0.01,75,86700,买盘
1871,10:59:09,11.55,-0.01,7,8085,卖盘
1872,10:59:06,11.56,--,1,1156,买盘
1873,10:59:00,11.56,--,85,98260,买盘
1874,10:58:57,11.56,0.02,73,85393,买盘
1875,10:58:48,11.54,--,129,148866,卖盘
1876,10:58:45,11.54,-0.01,130,150020,卖盘
1877,10:58:39,11.55,--,30,34650,买盘
1878,10:58:36,11.55,--,1,1155,买盘
1879,10:58:33,11.55,--,60,69300,买盘
1880,10:58:27,11.55,--,5,5775,买盘
1881,10:58:24,11.55,--,112,129360,买盘
1882,10:58:21,11.55,--,120,138600,买盘
1883,10:58:18,11.55,0.01,15,17325,买盘
1884,10:58:15,11.54,-0.01,113,130401,卖盘
1885,10:58:12,11.55,0.01,10,11550,买盘
1886,10:58:09,11.54,-0.01,140,161560,卖盘
1887,10:58:06,11.55,0.01,11,12705,买盘
1888,10:58:03,11.54,-0.01,137,158098,卖盘
1889,10:58:00,11.55,0.01,147,169785,买盘
1890,10:57:57,11.54,--,4,4616,卖盘
1891,10:57:54,11.54,-0.01,10,11540,卖盘
1892,10:57:48,11.55,0.01,22,25410,买盘
1893,10:57:36,11.54,--,46,53083,卖盘
1894,10:57:33,11.54,-0.01,11,12693,卖盘
1895,10:57:30,11.55,--,75,86625,买盘
1896,10:57:27,11.55,--,15,17325,买盘
1897,10:57:21,11.55,--,3,3465,买盘
1898,10:57:12,11.55,--,27,31185,买盘
1899,10:57:09,11.55,--,35,40425,买盘
1900,10:57:06,11.55,0.01,1,1155,买盘
1901,10:57:03,11.54,--,3,3461,卖盘
1902,10:57:00,11.54,0.01,24,27695,买盘
1903,10:56:57,11.53,--,5,5765,卖盘
1904,10:56:54,11.53,0.01,10,11530,卖盘
1905,10:56:48,11.52,-0.02,600,691200,卖盘
1906,10:56:42,11.54,--,197,227337,买盘
1907,10:56:36,11.54,--,12,13847,卖盘
1908,10:56:33,11.54,-0.01,1,1154,卖盘
1909,10:56:30,11.55,0.01,72,83160,买盘
1910,10:56:27,11.54,-0.01,51,58853,卖盘
1911,10:56:24,11.55,--,418,482790,买盘
1912,10:56:21,11.55,--,2001,2312067,买盘
1913,10:56:18,11.55,0.01,65,75075,买盘
1914,10:56:15,11.54,-0.01,8,9232,卖盘
1915,10:56:09,11.55,--,93,107415,买盘
1916,10:56:06,11.55,0.01,11,12705,买盘
1917,10:56:03,11.54,-0.01,3,3461,卖盘
1918,10:56:00,11.55,0.01,169,195195,买盘
1919,10:55:57,11.54,-0.01,14,16155,卖盘
1920,10:55:54,11.55,0.01,5,5775,买盘
1921,10:55:51,11.54,-0.01,60,69240,卖盘
1922,10:55:48,11.55,--,14,16170,买盘
1923,10:55:45,11.55,--,93,107415,买盘
1924,10:55:42,11.55,--,23,26565,买盘
1925,10:55:39,11.55,--,10,11550,买盘
1926,10:55:36,11.55,--,1,1155,买盘
1927,10:55:33,11.55,--,4,4620,买盘
1928,10:55:30,11.55,--,40,46200,买盘
1929,10:55:27,11.55,--,77,88935,买盘
1930,10:55:24,11.55,--,15,17325,买盘
1931,10:55:18,11.55,0.01,229,264495,买盘
1932,10:55:15,11.54,-0.01,4,4616,卖盘
1933,10:55:12,11.55,--,90,103950,买盘
1934,10:55:09,11.55,0.01,4,4620,买盘
1935,10:55:03,11.54,--,22,25387,卖盘
1936,10:55:00,11.54,-0.01,7,8077,卖盘
1937,10:54:54,11.55,0.01,7,8085,买盘
1938,10:54:51,11.54,-0.01,16,18464,卖盘
1939,10:54:48,11.55,0.01,1,1155,买盘
1940,10:54:45,11.54,--,3,3461,卖盘
1941,10:54:39,11.54,--,7,8077,卖盘
1942,10:54:33,11.54,-0.01,41,47314,卖盘
1943,10:54:27,11.55,0.01,17,19635,买盘
1944,10:54:24,11.54,-0.01,35,40390,卖盘
1945,10:54:21,11.55,--,10,11550,买盘
1946,10:54:15,11.55,--,270,311850,买盘
1947,10:54:12,11.55,0.01,13,15015,买盘
1948,10:54:03,11.54,-0.01,2,2308,卖盘
1949,10:53:54,11.55,--,83,95865,买盘
1950,10:53:51,11.55,0.01,7,8085,买盘
1951,10:53:48,11.54,-0.01,7,8077,卖盘
1952,10:53:45,11.55,0.01,8,9240,买盘
1953,10:53:42,11.54,--,20,23080,卖盘
1954,10:53:39,11.54,--,6,6923,卖盘
1955,10:53:36,11.54,--,10,11540,卖盘
1956,10:53:33,11.54,--,4,4616,卖盘
1957,10:53:30,11.54,-0.01,15,17310,卖盘
1958,10:53:27,11.55,--,5,5775,买盘
1959,10:53:24,11.55,--,14,16170,买盘
1960,10:53:21,11.55,--,1,1155,买盘
1961,10:53:18,11.55,--,3,3465,买盘
1962,10:53:15,11.55,--,27,31185,买盘
1963,10:53:12,11.55,--,10,11550,买盘
1964,10:53:09,11.55,--,5,5775,买盘
1965,10:53:06,11.55,0.01,10,11550,买盘
1966,10:53:03,11.54,-0.01,16,18464,卖盘
1967,10:52:57,11.55,--,5,5775,买盘
1968,10:52:54,11.55,--,8,9240,买盘
1969,10:52:51,11.55,--,100,115500,买盘
1970,10:52:48,11.55,--,5,5775,买盘
1971,10:52:45,11.55,-0.01,346,399630,卖盘
1972,10:52:42,11.56,0.01,9,10404,买盘
1973,10:52:36,11.55,--,7,8085,卖盘
1974,10:52:33,11.55,--,35,40425,卖盘
1975,10:52:30,11.55,-0.01,1,1155,卖盘
1976,10:52:27,11.56,--,10,11560,买盘
1977,10:52:24,11.56,--,17,19652,买盘
1978,10:52:18,11.56,-0.01,283,327148,卖盘
1979,10:52:09,11.57,0.01,10,11570,买盘
1980,10:52:06,11.56,--,90,104040,卖盘
1981,10:52:03,11.56,-0.01,2,2312,卖盘
1982,10:52:00,11.57,0.01,48,55536,买盘
1983,10:51:54,11.56,--,25,28900,卖盘
1984,10:51:48,11.56,--,1,1156,卖盘
1985,10:51:45,11.56,-0.01,16,18496,卖盘
1986,10:51:36,11.57,0.01,5,5785,买盘
1987,10:51:33,11.56,--,1,1156,卖盘
1988,10:51:30,11.56,--,15,17340,卖盘
1989,10:51:27,11.56,--,7,8092,卖盘
1990,10:51:09,11.56,--,1,1156,卖盘
1991,10:51:06,11.56,--,17,19652,卖盘
1992,10:51:03,11.56,-0.01,1,1156,卖盘
1993,10:50:57,11.57,0.01,3,3471,买盘
1994,10:50:54,11.56,-0.01,28,32368,卖盘
1995,10:50:48,11.57,--,40,46280,买盘
1996,10:50:45,11.57,--,10,11570,买盘
1997,10:50:42,11.57,--,20,23140,买盘
1998,10:50:39,11.57,--,34,39338,买盘
1999,10:50:36,11.57,0.01,13,15041,买盘
2000,10:50:33,11.56,--,1,1156,卖盘
2001,10:50:30,11.56,-0.01,33,38148,卖盘
2002,10:50:06,11.57,0.01,12,13884,买盘
2003,10:50:00,11.56,-0.01,21,24276,卖盘
2004,10:49:54,11.57,0.01,3,3471,买盘
2005,10:49:48,11.56,--,6,6936,卖盘
2006,10:49:42,11.56,-0.01,10,11560,卖盘
2007,10:49:39,11.57,--,62,71734,买盘
2008,10:49:36,11.57,0.01,60,69420,买盘
2009,10:49:30,11.56,-0.01,9,10404,中性盘
2010,10:49:27,11.57,0.01,37,42809,买盘
2011,10:49:21,11.56,--,124,143344,买盘
2012,10:49:18,11.56,--,20,23120,买盘
2013,10:49:12,11.56,--,12,13872,买盘
2014,10:49:09,11.56,--,39,45084,买盘
2015,10:49:06,11.56,--,48,55488,买盘
2016,10:49:00,11.56,--,212,245072,买盘
2017,10:48:57,11.56,--,12,13872,买盘
2018,10:48:54,11.56,0.01,1,1156,买盘
2019,10:48:51,11.55,-0.01,10,11550,卖盘
2020,10:48:45,11.56,0.01,11,12716,买盘
2021,10:48:36,11.55,--,10,11550,卖盘
2022,10:48:33,11.55,--,108,124740,卖盘
2023,10:48:30,11.55,--,162,187341,买盘
2024,10:48:27,11.55,0.01,22,25410,买盘
2025,10:48:24,11.54,--,1,1154,卖盘
2026,10:48:21,11.54,-0.01,1,1154,卖盘
2027,10:48:18,11.55,0.01,31,35805,买盘
2028,10:48:15,11.54,-0.01,19,21926,卖盘
2029,10:48:12,11.55,--,383,442365,买盘
2030,10:48:09,11.55,0.01,23,26565,买盘
2031,10:48:06,11.54,--,108,124631,卖盘
2032,10:48:03,11.54,--,2,2308,卖盘
2033,10:48:00,11.54,--,13,15001,卖盘
2034,10:47:57,11.54,-0.01,1,1154,卖盘
2035,10:47:54,11.55,0.01,40,46200,买盘
2036,10:47:51,11.54,--,30,34620,卖盘
2037,10:47:33,11.54,-0.01,4,4616,卖盘
2038,10:47:30,11.55,0.01,30,34650,买盘
2039,10:47:27,11.54,--,7,8077,卖盘
2040,10:47:24,11.54,-0.01,58,66932,卖盘
2041,10:47:18,11.55,0.01,113,130515,买盘
2042,10:47:15,11.54,--,4,4616,卖盘
2043,10:47:12,11.54,-0.01,56,64623,卖盘
2044,10:47:09,11.55,0.01,130,150150,买盘
2045,10:47:06,11.54,--,20,23080,卖盘
2046,10:47:03,11.54,-0.01,6,6923,卖盘
2047,10:47:00,11.55,--,5,5775,买盘
2048,10:46:57,11.55,--,12,13860,买盘
2049,10:46:48,11.55,--,748,864864,卖盘
2050,10:46:45,11.55,--,53,61215,卖盘
2051,10:46:42,11.55,--,47,54285,卖盘
2052,10:46:39,11.55,--,6,6930,卖盘
2053,10:46:33,11.55,-0.01,5,5775,卖盘
2054,10:46:30,11.56,0.01,12,13872,买盘
2055,10:46:18,11.55,-0.01,118,136290,卖盘
2056,10:46:09,11.56,0.01,16,18496,买盘
2057,10:46:03,11.55,-0.01,7,8085,卖盘
2058,10:46:00,11.56,0.01,38,43928,买盘
2059,10:45:51,11.55,--,110,127050,卖盘
2060,10:45:42,11.55,--,77,89166,卖盘
2061,10:45:36,11.55,--,16,18480,卖盘
2062,10:45:33,11.55,--,10,11550,卖盘
2063,10:45:30,11.55,--,3,3465,卖盘
2064,10:45:24,11.55,--,5,5775,卖盘
2065,10:45:18,11.55,--,28,32340,卖盘
2066,10:45:09,11.55,--,37,42735,卖盘
2067,10:45:06,11.55,-0.01,32,36960,卖盘
2068,10:45:03,11.56,0.01,10,11560,买盘
2069,10:44:54,11.55,-0.01,28,32340,卖盘
2070,10:44:51,11.56,0.01,13,15028,买盘
2071,10:44:48,11.55,--,7,8085,卖盘
2072,10:44:42,11.55,-0.01,25,28875,卖盘
2073,10:44:30,11.56,0.01,10,11560,买盘
2074,10:44:27,11.55,--,40,46200,卖盘
2075,10:44:24,11.55,-0.01,48,55440,卖盘
2076,10:44:21,11.56,--,18,20808,买盘
2077,10:44:18,11.56,0.01,22,25432,买盘
2078,10:44:09,11.55,--,14,16170,卖盘
2079,10:44:06,11.55,--,2,2310,卖盘
2080,10:44:03,11.55,-0.01,210,242550,卖盘
2081,10:44:00,11.56,0.01,20,23120,买盘
2082,10:43:57,11.55,--,71,82005,卖盘
2083,10:43:54,11.55,--,5,5775,卖盘
2084,10:43:51,11.55,-0.01,53,61215,卖盘
2085,10:43:45,11.56,0.01,11,12716,买盘
2086,10:43:42,11.55,-0.01,54,62370,卖盘
2087,10:43:36,11.56,--,5,5780,买盘
2088,10:43:33,11.56,0.01,1,1156,买盘
2089,10:43:30,11.55,--,9,10395,卖盘
2090,10:43:27,11.55,-0.01,13,15015,卖盘
2091,10:43:21,11.56,0.01,30,34680,买盘
2092,10:43:12,11.55,--,51,58905,卖盘
2093,10:43:00,11.55,--,5,5775,卖盘
2094,10:42:57,11.55,-0.01,1,1155,卖盘
2095,10:42:54,11.56,--,60,69360,买盘
2096,10:42:42,11.56,--,10,11560,买盘
2097,10:42:39,11.56,--,18,20808,买盘
2098,10:42:36,11.56,--,50,57800,买盘
2099,10:42:24,11.56,0.01,32,36992,买盘
2100,10:42:21,11.55,-0.01,44,50820,卖盘
2101,10:42:15,11.56,--,10,11560,买盘
2102,10:42:09,11.56,--,10,11560,买盘
2103,10:42:06,11.56,--,26,30056,卖盘
2104,10:42:03,11.56,-0.01,20,23120,卖盘
2105,10:42:00,11.57,0.01,5,5785,买盘
2106,10:41:57,11.56,0.01,7,8092,中性盘
2107,10:41:54,11.55,-0.02,28,32340,卖盘
2108,10:41:51,11.57,0.01,58,67106,买盘
2109,10:41:45,11.56,--,12,13872,买盘
2110,10:41:42,11.56,0.01,30,34680,买盘
2111,10:41:36,11.55,-0.01,1,1155,卖盘
2112,10:41:30,11.56,0.01,41,47396,买盘
2113,10:41:27,11.55,--,24,27720,卖盘
2114,10:41:24,11.55,--,25,28875,卖盘
2115,10:41:18,11.55,-0.01,56,64680,卖盘
2116,10:41:15,11.56,0.01,3,3468,中性盘
2117,10:40:54,11.55,--,30,34650,卖盘
2118,10:40:51,11.55,--,9,10395,卖盘
2119,10:40:48,11.55,--,30,34650,卖盘
2120,10:40:45,11.55,--,43,49665,卖盘
2121,10:40:42,11.55,-0.01,55,63525,卖盘
2122,10:40:39,11.56,0.01,31,35836,买盘
2123,10:40:36,11.55,--,17,19635,卖盘
2124,10:40:33,11.55,-0.01,2,2310,卖盘
2125,10:40:30,11.56,--,12,13872,买盘
2126,10:40:24,11.56,--,11,12716,买盘
2127,10:40:21,11.56,--,10,11560,买盘
2128,10:40:18,11.56,--,3,3468,买盘
2129,10:40:15,11.56,0.01,14,16184,买盘
2130,10:40:12,11.55,-0.01,50,57750,卖盘
2131,10:40:06,11.56,--,20,23120,买盘
2132,10:40:03,11.56,0.01,12,13872,买盘
2133,10:40:00,11.55,-0.01,41,47355,卖盘
2134,10:39:57,11.56,--,10,11560,买盘
2135,10:39:54,11.56,0.01,14,16184,买盘
2136,10:39:48,11.55,-0.01,10,11550,卖盘
2137,10:39:39,11.56,--,68,78608,买盘
2138,10:39:33,11.56,--,48,55488,买盘
2139,10:39:30,11.56,--,12,13872,买盘
2140,10:39:24,11.56,0.01,12,13872,买盘
2141,10:39:21,11.55,--,82,94710,卖盘
2142,10:39:18,11.55,--,5,5775,卖盘
2143,10:39:15,11.55,--,20,23100,卖盘
2144,10:39:12,11.55,--,5,5775,买盘
2145,10:39:09,11.55,--,211,243705,买盘
2146,10:39:06,11.55,--,5,5775,买盘
2147,10:39:03,11.55,--,7,8085,买盘
2148,10:39:00,11.55,--,10,11550,买盘
2149,10:38:57,11.55,-0.01,610,704550,卖盘
2150,10:38:54,11.56,0.01,33,38148,买盘
2151,10:38:51,11.55,-0.01,1,1155,卖盘
2152,10:38:48,11.56,--,52,60112,买盘
2153,10:38:45,11.56,0.01,21,24276,买盘
2154,10:38:39,11.55,-0.01,200,231000,卖盘
2155,10:38:36,11.56,0.01,5,5780,买盘
2156,10:38:33,11.55,-0.01,10,11550,卖盘
2157,10:38:30,11.56,--,108,124848,卖盘
2158,10:38:27,11.56,--,13,15028,买盘
2159,10:38:24,11.56,--,33,38148,卖盘
2160,10:38:21,11.56,--,4,4624,卖盘
2161,10:38:15,11.56,--,5,5780,卖盘
2162,10:38:12,11.56,--,2,2312,卖盘
2163,10:38:09,11.56,--,209,241604,卖盘
2164,10:38:06,11.56,--,479,553724,买盘
2165,10:38:03,11.56,--,32,36992,买盘
2166,10:38:00,11.56,--,21,24276,买盘
2167,10:37:57,11.56,--,264,305184,买盘
2168,10:37:54,11.56,--,3,3468,买盘
2169,10:37:51,11.56,--,12,13872,买盘
2170,10:37:48,11.56,--,5,5780,买盘
2171,10:37:45,11.56,--,40,46240,买盘
2172,10:37:42,11.56,--,14,16184,买盘
2173,10:37:36,11.56,0.01,120,138720,买盘
2174,10:37:33,11.55,-0.01,4,4620,卖盘
2175,10:37:30,11.56,--,61,70516,买盘
2176,10:37:27,11.56,--,5,5780,买盘
2177,10:37:24,11.56,0.01,169,195364,买盘
2178,10:37:21,11.55,--,20,23100,卖盘
2179,10:37:12,11.55,-0.01,1,1155,卖盘
2180,10:37:09,11.56,--,107,123692,买盘
2181,10:37:06,11.56,0.01,234,270504,买盘
2182,10:37:03,11.55,--,40,46200,卖盘
2183,10:36:57,11.55,--,103,118965,卖盘
2184,10:36:54,11.55,--,35,40425,卖盘
2185,10:36:51,11.55,--,20,23100,卖盘
2186,10:36:48,11.55,-0.01,4,4620,卖盘
2187,10:36:45,11.56,0.01,3,3468,买盘
2188,10:36:42,11.55,--,12,13860,卖盘
2189,10:36:36,11.55,--,11,12705,卖盘
2190,10:36:33,11.55,--,2,2310,卖盘
2191,10:36:27,11.55,-0.01,7,8085,卖盘
2192,10:36:24,11.56,0.02,50,57800,买盘
2193,10:36:21,11.54,--,32,36928,卖盘
2194,10:36:18,11.54,-0.01,18,20772,卖盘
2195,10:36:15,11.55,--,80,92400,卖盘
2196,10:36:09,11.55,-0.01,21,24255,中性盘
2197,10:36:06,11.56,0.02,630,728280,买盘
2198,10:36:03,11.54,-0.01,2,2308,卖盘
2199,10:36:00,11.55,--,5,5775,买盘
2200,10:35:54,11.55,--,68,78540,买盘
2201,10:35:51,11.55,0.01,25,28875,买盘
2202,10:35:48,11.54,--,1,1154,卖盘
2203,10:35:45,11.54,-0.01,62,71548,卖盘
2204,10:35:42,11.55,--,12,13860,买盘
2205,10:35:39,11.55,0.01,23,26565,买盘
2206,10:35:33,11.54,-0.01,164,189256,卖盘
2207,10:35:30,11.55,0.02,72,83160,买盘
2208,10:35:27,11.53,-0.01,333,383949,卖盘
2209,10:35:21,11.54,--,41,47314,买盘
2210,10:35:18,11.54,--,150,173100,买盘
2211,10:35:15,11.54,--,220,253879,买盘
2212,10:35:12,11.54,-0.01,24,27695,中性盘
2213,10:35:09,11.55,--,62,71610,买盘
2214,10:35:03,11.55,0.02,739,853545,买盘
2215,10:35:00,11.53,--,61,70333,卖盘
2216,10:34:57,11.53,--,60,69180,卖盘
2217,10:34:54,11.53,--,52,59956,卖盘
2218,10:34:51,11.53,-0.01,107,123371,卖盘
2219,10:34:48,11.54,--,57,65778,买盘
2220,10:34:45,11.54,0.01,100,115399,卖盘
2221,10:34:42,11.53,-0.01,645,743685,卖盘
2222,10:34:39,11.54,0.01,130,150020,买盘
2223,10:34:36,11.53,-0.01,13,14989,卖盘
2224,10:34:33,11.54,0.01,1,1154,中性盘
2225,10:34:30,11.53,-0.01,190,219070,卖盘
2226,10:34:27,11.54,--,50,57699,卖盘
2227,10:34:24,11.54,0.01,144,166176,买盘
2228,10:34:21,11.53,-0.01,7,8071,卖盘
2229,10:34:18,11.54,0.01,38,43852,买盘
2230,10:34:15,11.53,--,21,24213,卖盘
2231,10:34:12,11.53,--,11,12683,卖盘
2232,10:34:06,11.53,-0.01,301,347053,卖盘
2233,10:34:03,11.54,0.01,20,23080,买盘
2234,10:34:00,11.53,-0.02,42,48426,卖盘
2235,10:33:54,11.55,--,4,4620,买盘
2236,10:33:51,11.55,0.01,102,117810,买盘
2237,10:33:48,11.54,--,170,196180,卖盘
2238,10:33:42,11.54,--,250,288500,卖盘
2239,10:33:39,11.54,--,5,5770,卖盘
2240,10:33:30,11.54,-0.01,50,57699,卖盘
2241,10:33:24,11.55,--,65,75075,买盘
2242,10:33:21,11.55,--,8,9240,中性盘
2243,10:33:15,11.55,--,10,11550,卖盘
2244,10:33:12,11.55,-0.01,20,23100,卖盘
2245,10:33:09,11.56,0.01,41,47396,买盘
2246,10:33:06,11.55,--,128,147840,卖盘
2247,10:33:03,11.55,--,652,753060,卖盘
2248,10:33:00,11.55,--,62,71610,卖盘
2249,10:32:57,11.55,--,60,69300,卖盘
2250,10:32:54,11.55,--,83,95865,卖盘
2251,10:32:51,11.55,--,106,122430,卖盘
2252,10:32:48,11.55,--,18,20790,卖盘
2253,10:32:42,11.55,--,125,144375,卖盘
2254,10:32:36,11.55,--,356,411180,卖盘
2255,10:32:33,11.55,--,2,2310,卖盘
2256,10:32:30,11.55,-0.01,28,32340,卖盘
2257,10:32:24,11.56,--,2,2312,买盘
2258,10:32:21,11.56,--,3,3468,买盘
2259,10:32:18,11.56,--,20,23120,买盘
2260,10:32:15,11.56,0.01,4,4624,买盘
2261,10:32:12,11.55,-0.01,39,45045,卖盘
2262,10:32:06,11.56,0.01,42,48552,买盘
2263,10:32:03,11.55,--,70,80850,卖盘
2264,10:32:00,11.55,--,42,48510,卖盘
2265,10:31:57,11.55,--,14,16170,卖盘
2266,10:31:54,11.55,-0.01,5,5775,卖盘
2267,10:31:51,11.56,0.01,5,5780,买盘
2268,10:31:48,11.55,-0.01,100,115500,卖盘
2269,10:31:45,11.56,--,35,40460,卖盘
2270,10:31:39,11.56,--,80,92480,卖盘
2271,10:31:36,11.56,--,40,46240,卖盘
2272,10:31:33,11.56,0.01,99,114444,买盘
2273,10:31:30,11.55,--,164,189420,卖盘
2274,10:31:27,11.55,--,3,3465,卖盘
2275,10:31:24,11.55,-0.01,173,199815,卖盘
2276,10:31:21,11.56,0.01,56,64736,买盘
2277,10:31:18,11.55,-0.01,74,85470,卖盘
2278,10:31:15,11.56,0.01,68,78608,买盘
2279,10:31:12,11.55,-0.01,20,23100,卖盘
2280,10:31:09,11.56,--,383,442748,买盘
2281,10:31:06,11.56,0.01,56,64736,买盘
2282,10:31:03,11.55,--,22,25410,卖盘
2283,10:31:00,11.55,--,21,24255,卖盘
2284,10:30:57,11.55,-0.01,3,3465,卖盘
2285,10:30:54,11.56,--,111,128316,买盘
2286,10:30:51,11.56,--,12,13872,买盘
2287,10:30:48,11.56,--,30,34680,卖盘
2288,10:30:45,11.56,--,57,65892,卖盘
2289,10:30:42,11.56,--,70,80920,卖盘
2290,10:30:39,11.56,--,6,6936,卖盘
2291,10:30:36,11.56,--,584,675104,卖盘
2292,10:30:33,11.56,--,120,138720,卖盘
2293,10:30:30,11.56,--,43,49708,卖盘
2294,10:30:27,11.56,--,209,241604,卖盘
2295,10:30:24,11.56,--,35,40460,卖盘
2296,10:30:21,11.56,--,14,16184,卖盘
2297,10:30:18,11.56,--,310,358360,卖盘
2298,10:30:15,11.56,--,118,136408,卖盘
2299,10:30:12,11.56,--,3,3468,卖盘
2300,10:30:06,11.56,--,5,5780,卖盘
2301,10:30:03,11.56,--,2,2312,卖盘
2302,10:30:00,11.56,--,5,5780,卖盘
2303,10:29:57,11.56,--,42,48552,卖盘
2304,10:29:54,11.56,-0.01,28,32368,卖盘
2305,10:29:51,11.57,--,1,1157,买盘
2306,10:29:45,11.57,--,9,10413,买盘
2307,10:29:42,11.57,--,3,3471,买盘
2308,10:29:39,11.57,--,126,145782,卖盘
2309,10:29:36,11.57,--,98,113386,卖盘
2310,10:29:33,11.57,-0.01,3,3471,卖盘
2311,10:29:30,11.58,--,20,23160,买盘
2312,10:29:24,11.58,0.01,81,93798,买盘
2313,10:29:21,11.57,--,20,23140,卖盘
2314,10:29:18,11.57,-0.01,57,65949,卖盘
2315,10:29:15,11.58,0.01,2,2316,买盘
2316,10:29:12,11.57,-0.01,50,57850,卖盘
2317,10:29:09,11.58,0.01,32,37056,买盘
2318,10:29:06,11.57,--,5,5785,卖盘
2319,10:29:03,11.57,-0.01,48,55536,卖盘
2320,10:29:00,11.58,0.01,74,85692,买盘
2321,10:28:57,11.57,--,30,34710,卖盘
2322,10:28:54,11.57,--,20,23140,卖盘
2323,10:28:51,11.57,-0.01,60,69420,卖盘
2324,10:28:48,11.58,0.01,3,3474,买盘
2325,10:28:45,11.57,--,58,67106,卖盘
2326,10:28:36,11.57,-0.01,10,11570,卖盘
2327,10:28:33,11.58,0.01,54,62532,买盘
2328,10:28:30,11.57,--,53,61321,卖盘
2329,10:28:27,11.57,--,17,19669,卖盘
2330,10:28:24,11.57,--,130,150410,卖盘
2331,10:28:21,11.57,--,44,50908,卖盘
2332,10:28:18,11.57,--,3,3471,卖盘
2333,10:28:15,11.57,0.01,559,646994,买盘
2334,10:28:06,11.56,--,217,250852,卖盘
2335,10:28:03,11.56,--,231,267036,卖盘
2336,10:27:57,11.56,-0.01,14,16184,卖盘
2337,10:27:54,11.57,--,729,843453,卖盘
2338,10:27:51,11.57,--,92,106444,卖盘
2339,10:27:48,11.57,--,14,16198,卖盘
2340,10:27:45,11.57,--,9,10413,卖盘
2341,10:27:39,11.57,--,100,115700,卖盘
2342,10:27:36,11.57,-0.01,80,92560,卖盘
2343,10:27:33,11.58,--,34,39372,买盘
2344,10:27:30,11.58,--,9,10422,买盘
2345,10:27:27,11.58,--,406,471190,卖盘
2346,10:27:24,11.58,--,78,90324,卖盘
2347,10:27:21,11.58,-0.01,31,35898,卖盘
2348,10:27:18,11.59,0.01,29,33611,买盘
2349,10:27:12,11.58,--,198,229284,卖盘
2350,10:27:03,11.58,--,9,10422,卖盘
2351,10:27:00,11.58,--,100,115800,卖盘
2352,10:26:54,11.58,-0.01,28,32424,卖盘
2353,10:26:51,11.59,0.01,2,2318,买盘
2354,10:26:45,11.58,--,20,23160,卖盘
2355,10:26:42,11.58,--,62,71796,卖盘
2356,10:26:39,11.58,--,38,44004,卖盘
2357,10:26:36,11.58,--,11,12738,卖盘
2358,10:26:33,11.58,--,8,9264,卖盘
2359,10:26:24,11.58,--,19,22002,卖盘
2360,10:26:21,11.58,-0.01,3,3474,卖盘
2361,10:26:18,11.59,0.01,16,18544,买盘
2362,10:26:09,11.58,--,39,45162,卖盘
2363,10:26:03,11.58,--,39,45162,卖盘
2364,10:25:57,11.58,--,144,166752,卖盘
2365,10:25:54,11.58,--,200,231600,卖盘
2366,10:25:48,11.58,--,4,4632,卖盘
2367,10:25:39,11.58,--,1,1158,卖盘
2368,10:25:36,11.58,-0.01,10,11580,卖盘
2369,10:25:33,11.59,0.01,23,26657,买盘
2370,10:25:24,11.58,--,44,50952,卖盘
2371,10:25:21,11.58,-0.01,20,23160,卖盘
2372,10:25:15,11.59,0.01,4,4636,买盘
2373,10:25:12,11.58,--,144,166752,卖盘
2374,10:25:09,11.58,-0.01,18,20844,卖盘
2375,10:25:03,11.59,0.01,10,11590,买盘
2376,10:24:57,11.58,-0.01,442,511836,卖盘
2377,10:24:54,11.59,--,94,108946,卖盘
2378,10:24:48,11.59,-0.01,32,37088,卖盘
2379,10:24:45,11.6,0.01,46,53360,买盘
2380,10:24:42,11.59,--,30,34770,卖盘
2381,10:24:39,11.59,--,52,60268,卖盘
2382,10:24:33,11.59,--,10,11590,卖盘
2383,10:24:30,11.59,--,115,133285,卖盘
2384,10:24:18,11.59,-0.01,276,319884,卖盘
2385,10:24:15,11.6,0.01,55,63800,买盘
2386,10:24:12,11.59,--,15,17385,卖盘
2387,10:24:09,11.59,--,363,420717,卖盘
2388,10:24:03,11.59,--,35,40565,卖盘
2389,10:24:00,11.59,--,27,31293,卖盘
2390,10:23:57,11.59,--,5,5795,卖盘
2391,10:23:54,11.59,--,29,33611,卖盘
2392,10:23:51,11.59,--,11,12749,卖盘
2393,10:23:48,11.59,--,102,118218,卖盘
2394,10:23:45,11.59,-0.01,8,9272,卖盘
2395,10:23:42,11.6,0.01,10,11600,买盘
2396,10:23:33,11.59,-0.01,12,13908,卖盘
2397,10:23:30,11.6,0.01,21,24360,买盘
2398,10:23:24,11.59,--,1,1159,卖盘
2399,10:23:21,11.59,-0.01,9,10431,卖盘
2400,10:23:18,11.6,--,49,56840,买盘
2401,10:23:12,11.6,0.01,10,11600,买盘
2402,10:23:09,11.59,--,32,37088,卖盘
2403,10:23:03,11.59,--,19,22021,卖盘
2404,10:23:00,11.59,--,13,15067,卖盘
2405,10:22:54,11.59,--,27,31293,卖盘
2406,10:22:51,11.59,--,123,142557,卖盘
2407,10:22:48,11.59,--,1,1159,卖盘
2408,10:22:45,11.59,-0.01,11,12749,卖盘
2409,10:22:42,11.6,--,10,11600,买盘
2410,10:22:39,11.6,--,2,2320,买盘
2411,10:22:36,11.6,0.01,1,1160,买盘
2412,10:22:33,11.59,-0.01,2,2318,卖盘
2413,10:22:30,11.6,--,4,4640,买盘
2414,10:22:27,11.6,0.01,93,107880,买盘
2415,10:22:21,11.59,--,5,5795,卖盘
2416,10:22:15,11.59,--,2,2318,卖盘
2417,10:22:09,11.59,--,3,3477,卖盘
2418,10:22:06,11.59,--,9,10431,卖盘
2419,10:22:03,11.59,0.01,543,629789,买盘
2420,10:21:54,11.58,-0.01,50,57900,卖盘
2421,10:21:51,11.59,0.01,1,1159,买盘
2422,10:21:48,11.58,--,9,10422,卖盘
2423,10:21:45,11.58,--,1,1158,卖盘
2424,10:21:42,11.58,-0.01,0,1007,卖盘
2425,10:21:39,11.59,--,4,4636,买盘
2426,10:21:36,11.59,--,287,333606,买盘
2427,10:21:30,11.59,0.01,38,44042,买盘
2428,10:21:27,11.58,--,10,11580,卖盘
2429,10:21:24,11.58,-0.01,69,79902,卖盘
2430,10:21:18,11.59,--,113,130967,买盘
2431,10:21:15,11.59,--,199,230641,买盘
2432,10:21:12,11.59,--,11,12749,买盘
2433,10:21:06,11.59,--,190,220685,卖盘
2434,10:21:03,11.59,--,74,85766,卖盘
2435,10:21:00,11.59,--,18,20862,卖盘
2436,10:20:57,11.59,--,108,125172,卖盘
2437,10:20:54,11.59,--,118,136762,卖盘
2438,10:20:51,11.59,-0.01,33,38247,卖盘
2439,10:20:39,11.6,0.01,131,151960,买盘
2440,10:20:33,11.59,--,21,24339,卖盘
2441,10:20:30,11.59,--,60,69540,卖盘
2442,10:20:27,11.59,-0.01,20,23180,卖盘
2443,10:20:24,11.6,--,1,1160,买盘
2444,10:20:21,11.6,--,101,117160,买盘
2445,10:20:18,11.6,0.01,29,33640,买盘
2446,10:20:09,11.59,-0.01,55,63745,卖盘
2447,10:20:03,11.6,0.01,24,27840,买盘
2448,10:20:00,11.59,-0.01,48,55632,卖盘
2449,10:19:54,11.6,0.01,1,1160,买盘
2450,10:19:45,11.59,--,2,2318,卖盘
2451,10:19:42,11.59,--,39,45201,卖盘
2452,10:19:39,11.59,--,37,42883,卖盘
2453,10:19:36,11.59,--,5,5795,卖盘
2454,10:19:33,11.59,--,72,83448,卖盘
2455,10:19:27,11.59,-0.01,83,96197,卖盘
2456,10:19:24,11.6,0.01,239,277240,买盘
2457,10:19:21,11.59,--,39,45201,卖盘
2458,10:19:12,11.59,--,2,2318,卖盘
2459,10:19:03,11.59,-0.01,151,175009,卖盘
2460,10:19:00,11.6,0.01,90,104400,买盘
2461,10:18:57,11.59,-0.01,8,9272,卖盘
2462,10:18:51,11.6,--,18,20880,买盘
2463,10:18:45,11.6,--,31,35960,买盘
2464,10:18:39,11.6,--,76,88160,买盘
2465,10:18:36,11.6,0.01,80,92800,买盘
2466,10:18:33,11.59,--,29,33611,卖盘
2467,10:18:30,11.59,--,1,1159,卖盘
2468,10:18:27,11.59,--,8,9272,卖盘
2469,10:18:24,11.59,--,53,61427,卖盘
2470,10:18:21,11.59,-0.01,7,8113,卖盘
2471,10:18:18,11.6,0.01,63,73080,买盘
2472,10:18:15,11.59,-0.01,7,8113,卖盘
2473,10:18:12,11.6,0.01,40,46400,买盘
2474,10:18:09,11.59,--,2,2318,卖盘
2475,10:18:06,11.59,--,102,118218,卖盘
2476,10:18:03,11.59,-0.01,30,34770,卖盘
2477,10:18:00,11.6,--,1,1160,买盘
2478,10:17:57,11.6,0.01,4,4640,买盘
2479,10:17:54,11.59,--,26,30134,卖盘
2480,10:17:51,11.59,-0.01,28,32452,卖盘
2481,10:17:48,11.6,--,50,58000,买盘
2482,10:17:42,11.6,--,45,52200,卖盘
2483,10:17:39,11.6,--,123,142680,卖盘
2484,10:17:36,11.6,0.01,597,692520,买盘
2485,10:17:33,11.59,-0.01,28,32452,卖盘
2486,10:17:30,11.6,0.01,7,8120,买盘
2487,10:17:21,11.59,--,10,11590,卖盘
2488,10:17:15,11.59,--,10,11590,卖盘
2489,10:17:12,11.59,-0.01,27,31293,卖盘
2490,10:17:09,11.6,--,53,61480,买盘
2491,10:17:06,11.6,0.01,20,23200,买盘
2492,10:17:03,11.59,-0.01,23,26657,卖盘
2493,10:16:57,11.6,--,413,479080,卖盘
2494,10:16:51,11.6,-0.01,51,59160,卖盘
2495,10:16:45,11.61,0.01,61,70821,买盘
2496,10:16:36,11.6,-0.01,18,20880,卖盘
2497,10:16:30,11.61,0.01,15,17415,买盘
2498,10:16:27,11.6,-0.01,62,71920,卖盘
2499,10:16:15,11.61,0.01,50,58050,买盘
2500,10:16:06,11.6,--,32,37120,卖盘
2501,10:16:00,11.6,-0.01,6,6960,卖盘
2502,10:15:57,11.61,--,12,13932,买盘
2503,10:15:54,11.61,0.01,10,11610,买盘
2504,10:15:51,11.6,-0.01,67,77720,卖盘
2505,10:15:45,11.61,--,2,2322,买盘
2506,10:15:42,11.61,0.01,38,44118,买盘
2507,10:15:39,11.6,-0.01,16,18560,卖盘
2508,10:15:36,11.61,--,105,121905,买盘
2509,10:15:33,11.61,--,93,107973,卖盘
2510,10:15:30,11.61,--,5,5805,卖盘
2511,10:15:27,11.61,--,17,19737,买盘
2512,10:15:24,11.61,0.01,56,65016,买盘
2513,10:15:18,11.6,--,23,26680,卖盘
2514,10:15:12,11.6,-0.01,778,902480,卖盘
2515,10:15:09,11.61,0.01,66,76626,买盘
2516,10:15:06,11.6,--,92,106720,卖盘
2517,10:15:00,11.6,-0.01,10,11600,卖盘
2518,10:14:57,11.61,0.01,35,40635,买盘
2519,10:14:51,11.6,-0.01,28,32480,卖盘
2520,10:14:42,11.61,0.01,75,87075,买盘
2521,10:14:39,11.6,--,32,37120,卖盘
2522,10:14:36,11.6,-0.01,75,87000,卖盘
2523,10:14:30,11.61,0.01,15,17415,买盘
2524,10:14:27,11.6,--,51,59160,卖盘
2525,10:14:21,11.6,--,10,11600,卖盘
2526,10:14:18,11.6,--,1,1160,卖盘
2527,10:14:12,11.6,-0.01,2,2320,卖盘
2528,10:14:09,11.61,0.01,14,16254,买盘
2529,10:14:03,11.6,--,19,22040,卖盘
2530,10:14:00,11.6,--,9,10440,卖盘
2531,10:13:57,11.6,--,13,15080,卖盘
2532,10:13:54,11.6,--,97,112520,买盘
2533,10:13:51,11.6,0.01,42,48720,买盘
2534,10:13:48,11.59,--,100,115900,卖盘
2535,10:13:42,11.59,--,14,16226,卖盘
2536,10:13:39,11.59,--,65,75335,卖盘
2537,10:13:36,11.59,--,324,375516,卖盘
2538,10:13:30,11.59,-0.01,18,20862,卖盘
2539,10:13:27,11.6,0.01,5,5800,买盘
2540,10:13:18,11.59,-0.01,7,8113,卖盘
2541,10:13:15,11.6,--,79,91640,买盘
2542,10:13:12,11.6,0.01,10,11600,买盘
2543,10:13:06,11.59,--,7,8113,卖盘
2544,10:13:00,11.59,--,10,11590,卖盘
2545,10:12:57,11.59,-0.01,1,1159,卖盘
2546,10:12:54,11.6,0.01,70,81200,买盘
2547,10:12:51,11.59,--,13,15067,卖盘
2548,10:12:45,11.59,--,30,34770,卖盘
2549,10:12:42,11.59,--,89,103834,买盘
2550,10:12:39,11.59,--,22,25498,买盘
2551,10:12:36,11.59,--,212,245708,买盘
2552,10:12:33,11.59,--,6,6954,买盘
2553,10:12:27,11.59,--,88,101992,买盘
2554,10:12:24,11.59,0.01,84,97356,买盘
2555,10:12:21,11.58,-0.01,39,45162,卖盘
2556,10:12:18,11.59,--,30,34770,买盘
2557,10:12:15,11.59,0.01,5,5795,买盘
2558,10:12:12,11.58,-0.01,125,144750,卖盘
2559,10:12:09,11.59,--,62,71858,买盘
2560,10:12:06,11.59,--,183,212572,卖盘
2561,10:12:03,11.59,-0.02,6,6954,卖盘
2562,10:12:00,11.61,0.02,4,4644,买盘
2563,10:11:57,11.59,-0.02,127,147876,卖盘
2564,10:11:54,11.61,0.02,24,27864,买盘
2565,10:11:51,11.59,-0.01,38,44042,卖盘
2566,10:11:48,11.6,--,10,11600,买盘
2567,10:11:39,11.6,0.01,42,48720,买盘
2568,10:11:33,11.59,-0.01,13,15067,卖盘
2569,10:11:30,11.6,--,7,8120,买盘
2570,10:11:27,11.6,--,8,9280,买盘
2571,10:11:21,11.6,--,11,12760,买盘
2572,10:11:12,11.6,--,18,20880,卖盘
2573,10:11:09,11.6,-0.01,3,3480,卖盘
2574,10:11:06,11.61,--,7,8127,买盘
2575,10:11:03,11.61,--,39,45279,买盘
2576,10:11:00,11.61,0.03,8,9288,买盘
2577,10:10:57,11.58,-0.02,2514,2911212,卖盘
2578,10:10:54,11.6,--,26,30160,卖盘
2579,10:10:48,11.6,--,27,31320,卖盘
2580,10:10:45,11.6,-0.01,8,9280,卖盘
2581,10:10:42,11.61,0.01,21,24381,买盘
2582,10:10:39,11.6,-0.01,15,17400,卖盘
2583,10:10:36,11.61,--,269,312309,买盘
2584,10:10:33,11.61,--,37,42957,买盘
2585,10:10:30,11.61,0.01,271,314631,买盘
2586,10:10:27,11.6,-0.01,5,5800,卖盘
2587,10:10:24,11.61,0.01,6,6966,买盘
2588,10:10:18,11.6,--,7,8120,卖盘
2589,10:10:15,11.6,--,169,196040,卖盘
2590,10:10:12,11.6,-0.01,173,200680,卖盘
2591,10:10:09,11.61,--,54,62694,买盘
2592,10:10:06,11.61,0.01,312,362232,买盘
2593,10:10:03,11.6,--,52,60320,卖盘
2594,10:09:57,11.6,--,4,4640,卖盘
2595,10:09:54,11.6,--,34,39440,卖盘
2596,10:09:51,11.6,-0.01,112,129920,卖盘
2597,10:09:48,11.61,--,18,20898,买盘
2598,10:09:45,11.61,0.01,5,5805,买盘
2599,10:09:42,11.6,--,1,1160,卖盘
2600,10:09:39,11.6,--,51,59160,卖盘
2601,10:09:36,11.6,--,3,3480,卖盘
2602,10:09:33,11.6,--,158,183280,卖盘
2603,10:09:30,11.6,--,119,138040,卖盘
2604,10:09:21,11.6,--,12,13920,卖盘
2605,10:09:18,11.6,-0.01,38,44080,卖盘
2606,10:09:15,11.61,--,17,19737,买盘
2607,10:09:12,11.61,--,132,153252,买盘
2608,10:09:09,11.61,0.01,80,92880,买盘
2609,10:09:06,11.6,--,221,256360,卖盘
2610,10:09:03,11.6,--,2,2320,卖盘
2611,10:09:00,11.6,--,49,56840,卖盘
2612,10:08:57,11.6,--,5,5800,卖盘
2613,10:08:51,11.6,--,140,162400,卖盘
2614,10:08:48,11.6,--,264,306240,卖盘
2615,10:08:45,11.6,-0.01,11,12760,卖盘
2616,10:08:42,11.61,0.01,10,11610,买盘
2617,10:08:39,11.6,-0.01,60,69600,卖盘
2618,10:08:36,11.61,0.01,47,54567,买盘
2619,10:08:33,11.6,--,31,35960,卖盘
2620,10:08:30,11.6,--,2,2320,卖盘
2621,10:08:27,11.6,--,14,16240,卖盘
2622,10:08:24,11.6,0.01,74,85840,买盘
2623,10:08:21,11.59,-0.01,20,23180,卖盘
2624,10:08:12,11.6,--,17,19720,卖盘
2625,10:08:09,11.6,--,11,12760,卖盘
2626,10:08:06,11.6,--,6,6960,卖盘
2627,10:08:03,11.6,--,133,154280,买盘
2628,10:08:00,11.6,0.01,5,5800,买盘
2629,10:07:54,11.59,--,30,34770,卖盘
2630,10:07:51,11.59,-0.01,31,35929,卖盘
2631,10:07:48,11.6,--,20,23200,买盘
2632,10:07:45,11.6,--,41,47560,买盘
2633,10:07:42,11.6,--,11,12760,买盘
2634,10:07:39,11.6,0.01,76,88160,买盘
2635,10:07:36,11.59,-0.01,441,511119,卖盘
2636,10:07:33,11.6,--,14,16240,买盘
2637,10:07:30,11.6,--,6,6960,卖盘
2638,10:07:27,11.6,--,17,19720,卖盘
2639,10:07:24,11.6,--,109,126440,卖盘
2640,10:07:21,11.6,--,135,156600,卖盘
2641,10:07:18,11.6,--,49,56840,卖盘
2642,10:07:15,11.6,--,153,177480,卖盘
2643,10:07:12,11.6,0.01,34,39440,买盘
2644,10:07:09,11.59,-0.01,204,236436,卖盘
2645,10:07:06,11.6,--,28,32480,卖盘
2646,10:07:03,11.6,-0.01,123,142680,卖盘
2647,10:07:00,11.61,0.01,1,1161,买盘
2648,10:06:57,11.6,--,12,13920,卖盘
2649,10:06:54,11.6,--,13,15080,卖盘
2650,10:06:51,11.6,-0.01,8,9280,卖盘
2651,10:06:48,11.61,0.02,32,37152,买盘
2652,10:06:45,11.59,--,144,167823,买盘
2653,10:06:42,11.59,-0.01,1787,2071364,卖盘
2654,10:06:39,11.6,-0.01,153,177480,卖盘
2655,10:06:36,11.61,0.01,327,379647,买盘
2656,10:06:33,11.6,--,11,12760,卖盘
2657,10:06:30,11.6,-0.01,35,40600,卖盘
2658,10:06:27,11.61,0.01,64,74304,买盘
2659,10:06:24,11.6,--,55,63800,卖盘
2660,10:06:21,11.6,-0.01,17,19720,卖盘
2661,10:06:18,11.61,--,30,34830,买盘
2662,10:06:15,11.61,--,168,195048,买盘
2663,10:06:12,11.61,--,4,4644,买盘
2664,10:06:09,11.61,0.01,28,32508,买盘
2665,10:06:06,11.6,--,136,157760,卖盘
2666,10:06:03,11.6,-0.01,24,27840,卖盘
2667,10:06:00,11.61,0.01,3,3483,买盘
2668,10:05:57,11.6,-0.01,19,22040,卖盘
2669,10:05:54,11.61,--,121,140481,买盘
2670,10:05:51,11.61,0.01,186,215946,买盘
2671,10:05:48,11.6,--,9,10440,卖盘
2672,10:05:45,11.6,--,45,53128,卖盘
2673,10:05:42,11.6,-0.01,6,6960,卖盘
2674,10:05:39,11.61,0.01,3,3483,买盘
2675,10:05:36,11.6,--,11,12760,卖盘
2676,10:05:33,11.6,-0.01,15,17400,卖盘
2677,10:05:30,11.61,--,33,38313,买盘
2678,10:05:27,11.61,--,209,242649,买盘
2679,10:05:24,11.61,0.01,648,752328,买盘
2680,10:05:21,11.6,--,48,55680,卖盘
2681,10:05:18,11.6,--,300,348000,卖盘
2682,10:05:15,11.6,--,10,11600,卖盘
2683,10:05:12,11.6,--,10,11600,卖盘
2684,10:05:09,11.6,--,22,25520,卖盘
2685,10:05:06,11.6,--,5,5800,卖盘
2686,10:05:03,11.6,--,40,46400,卖盘
2687,10:05:00,11.6,--,6,6960,卖盘
2688,10:04:57,11.6,--,71,82360,卖盘
2689,10:04:54,11.6,--,10,11600,卖盘
2690,10:04:51,11.6,--,14,16240,卖盘
2691,10:04:48,11.6,--,76,88160,买盘
2692,10:04:45,11.6,--,9,10440,买盘
2693,10:04:42,11.6,--,10,11600,买盘
2694,10:04:39,11.6,--,51,59160,买盘
2695,10:04:33,11.6,0.01,80,92800,买盘
2696,10:04:30,11.59,-0.01,64,74176,卖盘
2697,10:04:27,11.6,--,1,1160,买盘
2698,10:04:24,11.6,--,5,5800,买盘
2699,10:04:21,11.6,--,2,2320,买盘
2700,10:04:18,11.6,--,46,53360,买盘
2701,10:04:15,11.6,0.01,232,269120,买盘
2702,10:04:12,11.59,--,117,135603,卖盘
2703,10:04:09,11.59,-0.01,53,61427,卖盘
2704,10:04:06,11.6,0.01,50,58000,买盘
2705,10:04:03,11.59,--,14,16226,卖盘
2706,10:04:00,11.59,--,3,3477,卖盘
2707,10:03:57,11.59,-0.01,5,5795,卖盘
2708,10:03:54,11.6,--,36,41760,买盘
2709,10:03:51,11.6,0.01,140,162400,买盘
2710,10:03:48,11.59,--,34,39406,卖盘
2711,10:03:39,11.59,-0.01,129,149511,卖盘
2712,10:03:36,11.6,--,208,241280,卖盘
2713,10:03:33,11.6,-0.01,603,699480,卖盘
2714,10:03:30,11.61,0.01,186,215946,买盘
2715,10:03:27,11.6,--,47,54520,卖盘
2716,10:03:24,11.6,--,115,133400,卖盘
2717,10:03:18,11.6,-0.01,74,85840,卖盘
2718,10:03:15,11.61,0.01,63,73143,买盘
2719,10:03:12,11.6,--,20,23200,卖盘
2720,10:03:09,11.6,--,10,11600,卖盘
2721,10:03:06,11.6,--,33,38280,卖盘
2722,10:03:03,11.6,--,77,89320,卖盘
2723,10:03:00,11.6,--,233,270280,卖盘
2724,10:02:54,11.6,--,4,4640,卖盘
2725,10:02:51,11.6,-0.01,28,32480,卖盘
2726,10:02:45,11.61,-0.01,169,197137,卖盘
2727,10:02:42,11.62,--,1,1162,买盘
2728,10:02:39,11.62,--,41,47642,卖盘
2729,10:02:36,11.62,-0.01,2,2324,卖盘
2730,10:02:33,11.63,-0.01,6,6978,卖盘
2731,10:02:30,11.64,--,2011,2340804,买盘
2732,10:02:27,11.64,0.01,50,58200,买盘
2733,10:02:24,11.63,-0.01,7,8141,卖盘
2734,10:02:21,11.64,--,1,1164,买盘
2735,10:02:18,11.64,0.01,70,81480,买盘
2736,10:02:12,11.63,--,6,7210,卖盘
2737,10:02:09,11.63,--,10,11630,卖盘
2738,10:02:06,11.63,--,25,29075,卖盘
2739,10:02:03,11.63,-0.01,19,22097,卖盘
2740,10:02:00,11.64,0.01,11,12804,买盘
2741,10:01:57,11.63,--,56,65128,卖盘
2742,10:01:54,11.63,-0.01,44,51172,卖盘
2743,10:01:51,11.64,0.01,5,5820,买盘
2744,10:01:48,11.63,--,36,41868,卖盘
2745,10:01:33,11.63,--,65,75595,买盘
2746,10:01:30,11.63,--,8,9304,买盘
2747,10:01:27,11.63,0.01,39,45357,卖盘
2748,10:01:24,11.62,--,220,255639,卖盘
2749,10:01:18,11.62,-0.01,50,58099,卖盘
2750,10:01:15,11.63,--,7,8141,卖盘
2751,10:01:12,11.63,-0.01,10,11630,中性盘
2752,10:01:09,11.64,0.01,351,408564,买盘
2753,10:01:06,11.63,0.01,5,5815,买盘
2754,10:01:03,11.62,--,19,22078,卖盘
2755,10:01:00,11.62,-0.01,102,118523,卖盘
2756,10:00:57,11.63,--,36,41868,买盘
2757,10:00:54,11.63,--,1,1163,买盘
2758,10:00:51,11.63,0.01,1,1163,买盘
2759,10:00:48,11.62,-0.01,12,13943,卖盘
2760,10:00:42,11.63,-0.01,6,6978,买盘
2761,10:00:39,11.64,0.01,76,88464,买盘
2762,10:00:36,11.63,--,63,73269,卖盘
2763,10:00:33,11.63,0.01,9,10467,卖盘
2764,10:00:24,11.62,--,6,6971,卖盘
2765,10:00:21,11.62,--,1,1162,卖盘
2766,10:00:18,11.62,-0.01,121,140602,卖盘
2767,10:00:12,11.63,0.01,7,8141,买盘
2768,10:00:09,11.62,--,332,385784,卖盘
2769,10:00:06,11.62,--,60,69720,卖盘
2770,10:00:03,11.62,-0.01,225,261449,卖盘
2771,10:00:00,11.63,0.01,10,11630,买盘
2772,09:59:57,11.62,--,20,23240,卖盘
2773,09:59:54,11.62,--,87,101094,卖盘
2774,09:59:51,11.62,-0.01,58,67396,卖盘
2775,09:59:48,11.63,--,126,146538,买盘
2776,09:59:45,11.63,0.01,10,11630,买盘
2777,09:59:42,11.62,--,51,59261,卖盘
2778,09:59:36,11.62,--,30,34860,卖盘
2779,09:59:33,11.62,--,2,2324,卖盘
2780,09:59:30,11.62,-0.01,41,47642,卖盘
2781,09:59:27,11.63,0.01,41,47683,买盘
2782,09:59:24,11.62,--,15,17430,卖盘
2783,09:59:21,11.62,--,23,26726,卖盘
2784,09:59:18,11.62,--,1,1162,卖盘
2785,09:59:15,11.62,-0.01,46,53452,卖盘
2786,09:59:12,11.63,0.01,256,297728,买盘
2787,09:59:09,11.62,0.01,59,68558,买盘
2788,09:59:06,11.61,--,158,183438,卖盘
2789,09:59:03,11.61,--,29,33669,卖盘
2790,09:59:00,11.61,-0.01,30,34830,卖盘
2791,09:58:57,11.62,--,6,6971,买盘
2792,09:58:54,11.62,--,113,131306,买盘
2793,09:58:51,11.62,0.01,10,11620,买盘
2794,09:58:48,11.61,-0.01,154,178794,卖盘
2795,09:58:45,11.62,--,23,26726,买盘
2796,09:58:42,11.62,--,209,242857,卖盘
2797,09:58:39,11.62,-0.01,68,79016,卖盘
2798,09:58:36,11.63,0.01,23,26749,买盘
2799,09:58:33,11.62,--,19,22078,卖盘
2800,09:58:30,11.62,--,2,2324,卖盘
2801,09:58:27,11.62,--,4,4648,卖盘
2802,09:58:24,11.62,-0.01,44,51128,卖盘
2803,09:58:21,11.63,--,17,19771,买盘
2804,09:58:15,11.63,--,9,10467,卖盘
2805,09:58:12,11.63,--,9,10467,卖盘
2806,09:58:09,11.63,--,4,4652,卖盘
2807,09:58:06,11.63,--,12,13956,卖盘
2808,09:58:03,11.63,--,132,153516,卖盘
2809,09:58:00,11.63,--,405,471015,卖盘
2810,09:57:57,11.63,--,13,15119,卖盘
2811,09:57:54,11.63,-0.01,8,9304,卖盘
2812,09:57:51,11.64,0.01,1,1164,买盘
2813,09:57:48,11.63,-0.01,14,16282,卖盘
2814,09:57:39,11.64,--,30,34920,买盘
2815,09:57:36,11.64,--,137,159468,卖盘
2816,09:57:33,11.64,--,1,1164,卖盘
2817,09:57:30,11.64,-0.01,65,75660,卖盘
2818,09:57:27,11.65,-0.01,15,17475,卖盘
2819,09:57:24,11.66,--,138,160908,买盘
2820,09:57:09,11.66,-0.01,1137,1325742,卖盘
2821,09:57:03,11.67,--,10,11670,买盘
2822,09:57:00,11.67,--,40,46680,卖盘
2823,09:56:57,11.67,--,105,122535,卖盘
2824,09:56:54,11.67,--,2,2334,卖盘
2825,09:56:51,11.67,-0.01,29,33843,卖盘
2826,09:56:48,11.68,0.01,1,1168,买盘
2827,09:56:45,11.67,--,4,4668,卖盘
2828,09:56:42,11.67,--,13,15171,卖盘
2829,09:56:39,11.67,--,25,29175,卖盘
2830,09:56:33,11.67,--,13,15171,卖盘
2831,09:56:30,11.67,-0.01,76,88692,卖盘
