,time,price,change,volume,amount,type
0,15:00:03,7.42,0.01,8721,6471160,买盘
1,14:57:00,7.41,-0.01,304,225264,卖盘
2,14:56:57,7.42,--,47,34874,买盘
3,14:56:54,7.42,0.01,31,23002,买盘
4,14:56:51,7.41,-0.01,150,111150,卖盘
5,14:56:48,7.42,--,30,22260,买盘
6,14:56:45,7.42,--,355,263973,卖盘
7,14:56:42,7.42,-0.01,65,48230,卖盘
8,14:56:39,7.43,--,86,63898,买盘
9,14:56:36,7.43,--,231,171633,买盘
10,14:56:33,7.43,--,371,275653,买盘
11,14:56:30,7.43,--,3738,2777913,买盘
12,14:56:27,7.43,--,44,32692,买盘
13,14:56:24,7.43,--,69,51267,买盘
14,14:56:21,7.43,--,23,17089,买盘
15,14:56:18,7.43,--,233,173119,买盘
16,14:56:15,7.43,0.01,2,1486,买盘
17,14:56:12,7.42,--,31,23002,卖盘
18,14:56:09,7.42,--,42,31164,卖盘
19,14:56:06,7.42,--,627,465234,卖盘
20,14:56:03,7.42,--,30,22260,卖盘
21,14:56:00,7.42,-0.01,265,196630,卖盘
22,14:55:57,7.43,0.01,19,14117,买盘
23,14:55:54,7.42,--,40,29680,卖盘
24,14:55:51,7.42,-0.01,362,268604,卖盘
25,14:55:48,7.43,0.01,40,29720,买盘
26,14:55:45,7.42,-0.01,106,78652,卖盘
27,14:55:42,7.43,0.01,4,2972,买盘
28,14:55:39,7.42,--,50,37100,卖盘
29,14:55:33,7.42,-0.01,38,28196,卖盘
30,14:55:30,7.43,--,99,73557,买盘
31,14:55:24,7.43,--,20,14860,买盘
32,14:55:21,7.43,0.01,3,2229,买盘
33,14:55:18,7.42,-0.01,101,74942,卖盘
34,14:55:15,7.43,--,138,102534,买盘
35,14:55:12,7.43,--,390,289770,买盘
36,14:55:09,7.43,--,41,30463,买盘
37,14:55:06,7.43,0.01,17,12631,买盘
38,14:55:03,7.42,--,147,109074,卖盘
39,14:55:00,7.42,-0.01,24,17808,卖盘
40,14:54:57,7.43,--,17,12631,买盘
41,14:54:51,7.43,--,9,6687,买盘
42,14:54:48,7.43,--,5,3715,买盘
43,14:54:45,7.43,0.01,2,1486,买盘
44,14:54:42,7.42,-0.01,99,73458,卖盘
45,14:54:39,7.43,--,387,287541,买盘
46,14:54:36,7.43,--,50,37150,买盘
47,14:54:33,7.43,--,7,5201,买盘
48,14:54:30,7.43,--,189,140427,买盘
49,14:54:27,7.43,--,14,10402,卖盘
50,14:54:24,7.43,--,39,28977,买盘
51,14:54:21,7.43,--,118,87674,买盘
52,14:54:18,7.43,--,88,65384,买盘
53,14:54:15,7.43,-0.01,790,586970,卖盘
54,14:54:12,7.44,0.01,3,2232,买盘
55,14:54:09,7.43,-0.01,360,267480,卖盘
56,14:54:06,7.44,0.01,148,110112,买盘
57,14:54:03,7.43,--,251,186493,卖盘
58,14:53:54,7.43,--,74,54982,卖盘
59,14:53:51,7.43,--,55,40865,卖盘
60,14:53:48,7.43,--,64,47552,卖盘
61,14:53:45,7.43,--,8,5944,卖盘
62,14:53:42,7.43,--,20,14860,卖盘
63,14:53:39,7.43,--,116,86188,买盘
64,14:53:36,7.43,--,185,137455,买盘
65,14:53:30,7.43,--,16,11888,买盘
66,14:53:27,7.43,--,134,99562,卖盘
67,14:53:24,7.43,0.01,87,64641,买盘
68,14:53:21,7.42,--,26,19781,卖盘
69,14:53:18,7.42,-0.01,6,4452,卖盘
70,14:53:15,7.43,--,68,50524,买盘
71,14:53:12,7.43,0.01,8,5944,中性盘
72,14:53:09,7.42,-0.01,90,66780,卖盘
73,14:53:06,7.43,--,31,23033,中性盘
74,14:53:03,7.43,--,72,53496,卖盘
75,14:53:00,7.43,--,148,109964,买盘
76,14:52:57,7.43,0.01,54,40122,买盘
77,14:52:54,7.42,--,390,289380,卖盘
78,14:52:51,7.42,-0.01,107,79394,卖盘
79,14:52:48,7.43,--,92,68356,买盘
80,14:52:45,7.43,--,117,86931,买盘
81,14:52:42,7.43,--,43,31949,买盘
82,14:52:39,7.43,--,96,71328,买盘
83,14:52:36,7.43,--,114,84702,买盘
84,14:52:33,7.43,--,11,8173,买盘
85,14:52:30,7.43,--,341,253363,卖盘
86,14:52:27,7.43,-0.01,491,364813,卖盘
87,14:52:24,7.44,0.01,10,7440,买盘
88,14:52:21,7.43,--,318,236274,卖盘
89,14:52:18,7.43,--,21,15603,卖盘
90,14:52:15,7.43,-0.01,6,4458,卖盘
91,14:52:12,7.44,0.01,62,46128,买盘
92,14:52:09,7.43,--,120,89160,卖盘
93,14:52:06,7.43,-0.01,36,26748,卖盘
94,14:52:03,7.44,0.01,674,501456,买盘
95,14:52:00,7.43,--,91,67613,卖盘
96,14:51:57,7.43,-0.01,667,495581,卖盘
97,14:51:51,7.44,--,11,8184,买盘
98,14:51:48,7.44,0.01,56,41664,买盘
99,14:51:45,7.43,--,156,115908,卖盘
100,14:51:42,7.43,-0.01,70,52010,卖盘
101,14:51:39,7.44,--,15,11160,买盘
102,14:51:36,7.44,0.01,4,2976,买盘
103,14:51:33,7.43,-0.01,4,2972,卖盘
104,14:51:30,7.44,--,10,7440,买盘
105,14:51:27,7.44,--,5,3720,买盘
106,14:51:24,7.44,0.01,83,61752,买盘
107,14:51:21,7.43,--,21,15603,卖盘
108,14:51:18,7.43,-0.01,30,22290,卖盘
109,14:51:12,7.44,0.01,9,6696,买盘
110,14:51:09,7.43,--,17,12631,卖盘
111,14:51:06,7.43,--,128,95104,卖盘
112,14:51:03,7.43,--,30,22290,卖盘
113,14:51:00,7.43,--,166,123338,卖盘
114,14:50:54,7.43,--,20,14860,卖盘
115,14:50:51,7.43,-0.01,1309,972587,卖盘
116,14:50:48,7.44,0.01,433,322152,买盘
117,14:50:42,7.43,-0.01,240,178320,卖盘
118,14:50:39,7.44,0.01,829,616776,买盘
119,14:50:36,7.43,--,208,154544,卖盘
120,14:50:33,7.43,--,252,187236,卖盘
121,14:50:30,7.43,--,856,636008,卖盘
122,14:50:27,7.43,-0.01,41,30463,卖盘
123,14:50:24,7.44,0.01,27,20088,买盘
124,14:50:21,7.43,--,63,46809,卖盘
125,14:50:18,7.43,--,130,96590,卖盘
126,14:50:15,7.43,-0.01,131,97333,卖盘
127,14:50:12,7.44,0.01,46,34224,买盘
128,14:50:09,7.43,--,119,88417,卖盘
129,14:50:06,7.43,--,770,572110,卖盘
130,14:50:03,7.43,--,68,50524,卖盘
131,14:50:00,7.43,--,13,9659,卖盘
132,14:49:57,7.43,--,220,163460,卖盘
133,14:49:54,7.43,--,41,30463,卖盘
134,14:49:48,7.43,--,4,2972,卖盘
135,14:49:45,7.43,--,50,37150,卖盘
136,14:49:42,7.43,--,1,743,卖盘
137,14:49:39,7.43,--,89,66127,卖盘
138,14:49:36,7.43,--,287,213241,卖盘
139,14:49:33,7.43,-0.01,296,219928,卖盘
140,14:49:30,7.44,0.01,64,47616,买盘
141,14:49:27,7.43,--,32,23776,卖盘
142,14:49:24,7.43,--,50,37150,卖盘
143,14:49:21,7.43,-0.01,130,96590,卖盘
144,14:49:18,7.44,0.01,65,48360,买盘
145,14:49:15,7.43,--,2,1486,卖盘
146,14:49:12,7.43,-0.01,10,7430,卖盘
147,14:49:06,7.44,--,319,237336,买盘
148,14:49:03,7.44,0.01,11,8184,买盘
149,14:49:00,7.43,--,15,11145,卖盘
150,14:48:57,7.43,--,16,11888,卖盘
151,14:48:54,7.43,--,180,133740,卖盘
152,14:48:51,7.43,--,151,112193,卖盘
153,14:48:48,7.43,--,200,148600,卖盘
154,14:48:45,7.43,--,14,10402,卖盘
155,14:48:42,7.43,--,5,3715,卖盘
156,14:48:39,7.43,--,4,2972,卖盘
157,14:48:36,7.43,-0.01,52,38636,卖盘
158,14:48:33,7.44,0.01,196,145824,买盘
159,14:48:30,7.43,--,14,10402,卖盘
160,14:48:27,7.43,--,119,88417,卖盘
161,14:48:24,7.43,--,32,23776,卖盘
162,14:48:21,7.43,-0.01,16,11888,卖盘
163,14:48:18,7.44,--,5,3720,买盘
164,14:48:15,7.44,--,221,164424,买盘
165,14:48:09,7.44,0.01,61,45384,买盘
166,14:48:06,7.43,--,8,5944,卖盘
167,14:48:03,7.43,--,13,9659,卖盘
168,14:47:57,7.43,--,31,23033,卖盘
169,14:47:54,7.43,-0.01,4,2972,卖盘
170,14:47:51,7.44,0.01,5,3720,买盘
171,14:47:48,7.43,--,121,89903,卖盘
172,14:47:45,7.43,--,18,13374,卖盘
173,14:47:42,7.43,-0.01,34,25262,卖盘
174,14:47:39,7.44,0.01,228,169632,买盘
175,14:47:33,7.43,--,105,78015,卖盘
176,14:47:30,7.43,--,14,10402,卖盘
177,14:47:27,7.43,-0.01,2,1486,卖盘
178,14:47:15,7.44,--,33,24552,买盘
179,14:47:09,7.44,--,25,18600,买盘
180,14:47:06,7.44,0.01,12,8928,买盘
181,14:47:03,7.43,--,85,63155,卖盘
182,14:47:00,7.43,--,34,25262,卖盘
183,14:46:57,7.43,--,123,91389,卖盘
184,14:46:54,7.43,--,254,188722,卖盘
185,14:46:51,7.43,--,51,37893,卖盘
186,14:46:48,7.43,--,7,5201,卖盘
187,14:46:42,7.43,-0.01,24,17832,卖盘
188,14:46:39,7.44,--,5,3720,买盘
189,14:46:36,7.44,0.01,161,119784,买盘
190,14:46:33,7.43,-0.01,10,7430,卖盘
191,14:46:24,7.44,--,95,70680,买盘
192,14:46:21,7.44,--,10,7440,买盘
193,14:46:15,7.44,0.01,4,2976,买盘
194,14:46:06,7.43,--,13,9659,买盘
195,14:46:03,7.43,--,10,7430,买盘
196,14:46:00,7.43,--,136,101048,买盘
197,14:45:57,7.43,-0.01,46,34178,卖盘
198,14:45:54,7.44,0.01,63,46872,买盘
199,14:45:51,7.43,--,11,8173,买盘
200,14:45:48,7.43,--,50,37150,买盘
201,14:45:45,7.43,-0.01,1506,1118958,卖盘
202,14:45:39,7.44,0.01,1,744,买盘
203,14:45:36,7.43,--,51,37893,卖盘
204,14:45:33,7.43,--,58,43094,卖盘
205,14:45:30,7.43,-0.01,2,1486,卖盘
206,14:45:27,7.44,0.01,103,76632,买盘
207,14:45:24,7.43,-0.01,142,105506,卖盘
208,14:45:21,7.44,--,12,8928,买盘
209,14:45:18,7.44,--,1,744,买盘
210,14:45:15,7.44,0.01,21,15624,买盘
211,14:45:12,7.43,-0.01,2,1486,卖盘
212,14:45:06,7.44,--,10,7440,买盘
213,14:45:03,7.44,--,16,11904,买盘
214,14:45:00,7.44,0.01,11,8184,买盘
215,14:44:57,7.43,--,40,29720,卖盘
216,14:44:54,7.43,--,159,118137,卖盘
217,14:44:51,7.43,--,143,106249,卖盘
218,14:44:48,7.43,-0.01,4,2972,卖盘
219,14:44:45,7.44,--,35,26040,买盘
220,14:44:42,7.44,--,11,8184,买盘
221,14:44:39,7.44,--,14,10416,买盘
222,14:44:36,7.44,--,202,150288,买盘
223,14:44:33,7.44,0.01,101,75144,买盘
224,14:44:30,7.43,-0.01,646,479978,卖盘
225,14:44:27,7.44,--,8,5952,买盘
226,14:44:24,7.44,--,37,27528,买盘
227,14:44:21,7.44,--,11,8184,买盘
228,14:44:15,7.44,0.01,103,76632,买盘
229,14:44:12,7.43,--,23,17089,卖盘
230,14:44:09,7.43,-0.01,17,12631,卖盘
231,14:44:06,7.44,--,18,13392,买盘
232,14:44:03,7.44,--,223,165912,买盘
233,14:44:00,7.44,--,202,150288,买盘
234,14:43:57,7.44,--,76,56544,买盘
235,14:43:54,7.44,--,30,22320,买盘
236,14:43:51,7.44,--,15,11160,买盘
237,14:43:48,7.44,--,191,142104,买盘
238,14:43:45,7.44,--,10,7440,买盘
239,14:43:42,7.44,--,33,24552,买盘
240,14:43:39,7.44,--,16,11904,买盘
241,14:43:36,7.44,0.01,16,11904,买盘
242,14:43:33,7.43,-0.01,60,44580,卖盘
243,14:43:30,7.44,--,1,744,买盘
244,14:43:27,7.44,--,480,357120,买盘
245,14:43:24,7.44,0.01,10,7440,买盘
246,14:43:18,7.43,-0.01,65,48295,卖盘
247,14:43:15,7.44,0.02,2,1488,买盘
248,14:43:12,7.42,-0.01,222,164724,卖盘
249,14:43:09,7.43,--,105,78609,买盘
250,14:43:06,7.43,0.01,91,67613,买盘
251,14:43:03,7.42,--,3,2226,卖盘
252,14:43:00,7.42,-0.01,2,1484,卖盘
253,14:42:57,7.43,--,65,48295,买盘
254,14:42:54,7.43,0.01,91,67613,买盘
255,14:42:51,7.42,-0.01,24,17808,卖盘
256,14:42:48,7.43,-0.01,2294,1704590,卖盘
257,14:42:45,7.44,0.01,537,399528,买盘
258,14:42:42,7.43,-0.01,13,9659,卖盘
259,14:42:39,7.44,--,25,18600,买盘
260,14:42:36,7.44,0.01,10,7440,买盘
261,14:42:33,7.43,-0.01,61,45323,卖盘
262,14:42:30,7.44,--,11,8184,买盘
263,14:42:27,7.44,--,18,13392,买盘
264,14:42:24,7.44,--,26,19344,买盘
265,14:42:21,7.44,--,22,16368,买盘
266,14:42:18,7.44,--,31,23064,买盘
267,14:42:15,7.44,--,3,2232,买盘
268,14:42:12,7.44,0.01,112,83923,买盘
269,14:42:09,7.43,--,563,418309,卖盘
270,14:42:06,7.43,--,26,19318,卖盘
271,14:42:03,7.43,--,404,300172,卖盘
272,14:42:00,7.43,--,10,7430,卖盘
273,14:41:54,7.43,--,4,2972,卖盘
274,14:41:51,7.43,--,505,375215,买盘
275,14:41:48,7.43,0.01,98,72814,买盘
276,14:41:45,7.42,-0.01,26,19292,卖盘
277,14:41:42,7.43,--,51,37893,买盘
278,14:41:39,7.43,0.01,31,23033,买盘
279,14:41:36,7.42,--,186,138012,卖盘
280,14:41:33,7.42,--,53,39326,卖盘
281,14:41:30,7.42,--,3,2226,卖盘
282,14:41:27,7.42,--,74,54908,买盘
283,14:41:24,7.42,--,719,533498,买盘
284,14:41:21,7.42,--,1880,1394960,买盘
285,14:41:18,7.42,--,148,109816,买盘
286,14:41:15,7.42,--,285,211470,买盘
287,14:41:12,7.42,--,377,279734,买盘
288,14:41:09,7.42,0.01,97,71974,买盘
289,14:41:06,7.41,--,147,108927,卖盘
290,14:41:03,7.41,--,84,62244,卖盘
291,14:41:00,7.41,--,32,23712,卖盘
292,14:40:57,7.41,--,44,32604,卖盘
293,14:40:54,7.41,--,368,272688,卖盘
294,14:40:51,7.41,-0.01,544,403104,卖盘
295,14:40:48,7.42,--,83,61586,买盘
296,14:40:45,7.42,--,466,345772,买盘
297,14:40:42,7.42,0.01,1000,742000,买盘
298,14:40:39,7.41,-0.01,1355,1004055,卖盘
299,14:40:36,7.42,--,593,440006,买盘
300,14:40:33,7.42,--,320,237440,买盘
301,14:40:30,7.42,--,52,38584,买盘
302,14:40:27,7.42,--,33,24486,买盘
303,14:40:24,7.42,--,62,46004,买盘
304,14:40:21,7.42,--,280,207760,买盘
305,14:40:18,7.42,-0.01,375,278250,卖盘
306,14:40:15,7.43,--,80,59440,买盘
307,14:40:12,7.43,-0.01,82,60926,卖盘
308,14:40:09,7.44,0.02,107,79608,买盘
309,14:40:06,7.42,-0.02,7128,5288976,卖盘
310,14:40:03,7.44,0.02,48,35712,买盘
311,14:40:00,7.42,-0.01,275,204050,卖盘
312,14:39:57,7.43,0.01,53,39379,买盘
313,14:39:54,7.42,--,104,77168,买盘
314,14:39:51,7.42,--,71,52682,买盘
315,14:39:48,7.42,--,673,499366,买盘
316,14:39:45,7.42,-0.01,2392,1774864,卖盘
317,14:39:42,7.43,0.01,15,11145,买盘
318,14:39:39,7.42,-0.01,171,126882,卖盘
319,14:39:36,7.43,--,109,80987,买盘
320,14:39:33,7.43,--,6,4458,买盘
321,14:39:30,7.43,--,527,391561,买盘
322,14:39:27,7.43,--,527,391561,卖盘
323,14:39:24,7.43,--,172,127796,卖盘
324,14:39:21,7.43,--,449,333607,卖盘
325,14:39:18,7.43,--,246,182778,卖盘
326,14:39:15,7.43,--,1234,916862,卖盘
327,14:39:12,7.43,-0.01,68,50524,卖盘
328,14:39:09,7.44,0.01,112,83328,买盘
329,14:39:06,7.43,-0.01,364,270452,卖盘
330,14:39:03,7.44,--,56,41664,买盘
331,14:39:00,7.44,--,2663,1981272,买盘
332,14:38:57,7.44,0.01,203,151032,买盘
333,14:38:54,7.43,-0.01,2000,1486000,卖盘
334,14:38:51,7.44,--,32,23808,买盘
335,14:38:48,7.44,--,937,697128,买盘
336,14:38:45,7.44,--,10,7440,买盘
337,14:38:42,7.44,--,140,104160,买盘
338,14:38:39,7.44,--,3887,2891928,卖盘
339,14:38:36,7.44,-0.01,76,56544,卖盘
340,14:38:33,7.45,--,25,18625,买盘
341,14:38:30,7.45,0.01,9,6705,买盘
342,14:38:27,7.44,--,116,86304,卖盘
343,14:38:24,7.44,-0.01,140,104160,卖盘
344,14:38:15,7.45,0.01,12,8940,买盘
345,14:38:09,7.44,-0.01,121,90024,卖盘
346,14:38:06,7.45,--,85,63325,买盘
347,14:38:03,7.45,0.01,170,126650,买盘
348,14:38:00,7.44,-0.01,4,2976,卖盘
349,14:37:57,7.45,--,63,46935,买盘
350,14:37:54,7.45,--,150,111750,卖盘
351,14:37:51,7.45,--,598,445510,卖盘
352,14:37:48,7.45,--,30,22350,卖盘
353,14:37:45,7.45,-0.01,238,177310,卖盘
354,14:37:42,7.46,0.01,47,35062,买盘
355,14:37:39,7.45,-0.01,451,335995,卖盘
356,14:37:36,7.46,--,50,37300,买盘
357,14:37:33,7.46,0.01,21,15666,买盘
358,14:37:30,7.45,-0.01,1501,1118245,卖盘
359,14:37:27,7.46,0.01,76,56696,买盘
360,14:37:24,7.45,-0.01,49,36505,卖盘
361,14:37:18,7.46,--,25,18650,买盘
362,14:37:15,7.46,--,2,1492,买盘
363,14:37:12,7.46,0.01,36,26856,买盘
364,14:37:09,7.45,-0.01,230,171350,卖盘
365,14:37:06,7.46,--,10,7460,买盘
366,14:37:03,7.46,0.01,321,239466,买盘
367,14:37:00,7.45,--,676,503620,卖盘
368,14:36:57,7.45,-0.01,425,316625,卖盘
369,14:36:54,7.46,--,10,7460,买盘
370,14:36:51,7.46,0.01,20,14920,买盘
371,14:36:48,7.45,-0.01,6,4470,卖盘
372,14:36:45,7.46,0.01,50,37300,买盘
373,14:36:42,7.45,--,463,344935,卖盘
374,14:36:39,7.45,-0.01,11,8195,卖盘
375,14:36:33,7.46,0.01,391,291686,买盘
376,14:36:30,7.45,-0.01,33,24585,卖盘
377,14:36:27,7.46,--,11,8206,买盘
378,14:36:24,7.46,--,9,6714,买盘
379,14:36:21,7.46,0.01,7,5222,买盘
380,14:36:18,7.45,-0.01,363,270435,卖盘
381,14:36:15,7.46,0.01,102,76092,买盘
382,14:36:12,7.45,-0.01,55,40975,卖盘
383,14:36:09,7.46,--,18,13428,买盘
384,14:36:06,7.46,--,25,18650,买盘
385,14:36:03,7.46,0.01,28,20888,买盘
386,14:36:00,7.45,--,6,4470,卖盘
387,14:35:57,7.45,--,59,43955,卖盘
388,14:35:51,7.45,-0.01,22,16390,卖盘
389,14:35:48,7.46,--,428,319288,买盘
390,14:35:45,7.46,--,447,333462,买盘
391,14:35:39,7.46,0.01,39,29094,买盘
392,14:35:36,7.45,--,300,223500,卖盘
393,14:35:33,7.45,--,1540,1147300,卖盘
394,14:35:30,7.45,-0.01,5,3725,卖盘
395,14:35:27,7.46,--,237,176802,买盘
396,14:35:24,7.46,0.01,4,2984,买盘
397,14:35:21,7.45,-0.01,79,58855,卖盘
398,14:35:18,7.46,--,16,11936,买盘
399,14:35:15,7.46,0.01,35,26110,买盘
400,14:35:12,7.45,-0.01,10,7450,卖盘
401,14:35:09,7.46,0.01,222,165612,买盘
402,14:35:06,7.45,-0.01,14,10430,卖盘
403,14:35:03,7.46,0.01,36,26856,买盘
404,14:34:57,7.45,-0.01,55,40975,卖盘
405,14:34:54,7.46,--,2,1492,买盘
406,14:34:48,7.46,0.01,60,44760,买盘
407,14:34:45,7.45,-0.01,81,60345,卖盘
408,14:34:42,7.46,--,16,11936,买盘
409,14:34:39,7.46,0.01,126,93996,买盘
410,14:34:36,7.45,--,43,32035,卖盘
411,14:34:33,7.45,-0.01,113,84185,卖盘
412,14:34:30,7.46,0.01,22,16412,买盘
413,14:34:27,7.45,--,130,96850,卖盘
414,14:34:24,7.45,-0.01,19,14155,卖盘
415,14:34:21,7.46,0.01,69,51474,买盘
416,14:34:18,7.45,-0.01,20,14900,卖盘
417,14:34:15,7.46,0.01,34,25364,买盘
418,14:34:12,7.45,--,23,17135,卖盘
419,14:34:09,7.45,-0.01,120,89400,卖盘
420,14:34:06,7.46,--,76,56696,买盘
421,14:34:03,7.46,--,18,13428,买盘
422,14:34:00,7.46,0.01,163,121598,买盘
423,14:33:57,7.45,-0.01,1405,1046725,卖盘
424,14:33:54,7.46,--,103,76838,买盘
425,14:33:48,7.46,--,236,176056,买盘
426,14:33:45,7.46,0.01,13,9698,买盘
427,14:33:42,7.45,-0.01,5,3725,卖盘
428,14:33:36,7.46,--,45,33570,买盘
429,14:33:33,7.46,--,7,5222,买盘
430,14:33:30,7.46,--,26,19396,买盘
431,14:33:27,7.46,--,4,2984,买盘
432,14:33:21,7.46,--,26,19396,买盘
433,14:33:18,7.46,--,2102,1568092,买盘
434,14:33:15,7.46,--,7,5222,买盘
435,14:33:12,7.46,0.01,102,76092,买盘
436,14:33:09,7.45,-0.01,8,5960,卖盘
437,14:33:06,7.46,--,2,1492,买盘
438,14:33:03,7.46,--,58,43268,买盘
439,14:33:00,7.46,0.01,3,2238,买盘
440,14:32:57,7.45,-0.01,17,12665,卖盘
441,14:32:54,7.46,0.01,12,8952,买盘
442,14:32:51,7.45,--,610,454450,卖盘
443,14:32:48,7.45,-0.01,49,36505,卖盘
444,14:32:45,7.46,--,31,23126,买盘
445,14:32:42,7.46,0.01,56,41776,买盘
446,14:32:39,7.45,--,88,65560,卖盘
447,14:32:36,7.45,-0.01,42,31290,卖盘
448,14:32:33,7.46,--,113,84298,买盘
449,14:32:30,7.46,--,16,11936,买盘
450,14:32:27,7.46,--,10,7460,买盘
451,14:32:24,7.46,--,601,448346,买盘
452,14:32:21,7.46,--,10,7460,买盘
453,14:32:18,7.46,--,2,1492,买盘
454,14:32:15,7.46,--,133,99218,买盘
455,14:32:12,7.46,0.01,2048,1527808,买盘
456,14:32:09,7.45,-0.01,5,3725,卖盘
457,14:32:06,7.46,--,19,14174,买盘
458,14:32:03,7.46,--,21,15666,买盘
459,14:32:00,7.46,--,2,1492,买盘
460,14:31:57,7.46,0.01,132,98472,买盘
461,14:31:51,7.45,-0.01,128,95360,卖盘
462,14:31:48,7.46,--,20,14920,买盘
463,14:31:45,7.46,--,15,11190,买盘
464,14:31:42,7.46,-0.01,1360,1014709,卖盘
465,14:31:39,7.47,0.01,148,110556,买盘
466,14:31:36,7.46,-0.01,542,404332,卖盘
467,14:31:33,7.47,--,1,747,买盘
468,14:31:30,7.47,0.01,7,5229,买盘
469,14:31:27,7.46,--,44,32824,卖盘
470,14:31:21,7.46,--,11,8206,卖盘
471,14:31:18,7.46,-0.01,512,381952,卖盘
472,14:31:15,7.47,0.01,69,51543,买盘
473,14:31:12,7.46,--,4,2984,卖盘
474,14:31:09,7.46,-0.01,135,100710,卖盘
475,14:31:03,7.47,0.01,9,6723,买盘
476,14:31:00,7.46,-0.01,54,40284,卖盘
477,14:30:57,7.47,0.01,68,50796,买盘
478,14:30:54,7.46,--,67,49982,卖盘
479,14:30:51,7.46,-0.01,91,67886,卖盘
480,14:30:48,7.47,0.01,48,35856,买盘
481,14:30:45,7.46,--,501,373746,卖盘
482,14:30:42,7.46,-0.01,6,4476,卖盘
483,14:30:39,7.47,--,238,177786,买盘
484,14:30:36,7.47,--,6,4482,买盘
485,14:30:33,7.47,--,205,153732,买盘
486,14:30:30,7.47,--,76,56772,买盘
487,14:30:27,7.47,0.01,33,24651,买盘
488,14:30:24,7.46,-0.01,10,7460,卖盘
489,14:30:21,7.47,--,50,37350,买盘
490,14:30:18,7.47,--,176,131472,买盘
491,14:30:15,7.47,0.01,7,5229,买盘
492,14:30:12,7.46,--,24,17904,卖盘
493,14:30:09,7.46,--,632,471472,卖盘
494,14:30:06,7.46,-0.01,89,66394,卖盘
495,14:30:03,7.47,--,2,1494,买盘
496,14:30:00,7.47,0.01,13,9711,买盘
497,14:29:57,7.46,--,330,246180,卖盘
498,14:29:54,7.46,--,150,111900,卖盘
499,14:29:48,7.46,-0.01,10,7460,卖盘
500,14:29:45,7.47,0.01,122,91134,买盘
501,14:29:42,7.46,--,12,8952,卖盘
502,14:29:39,7.46,-0.01,163,121598,卖盘
503,14:29:33,7.47,0.01,78,58266,买盘
504,14:29:30,7.46,--,35,26110,卖盘
505,14:29:27,7.46,--,1748,1304008,卖盘
506,14:29:24,7.46,--,78,58188,卖盘
507,14:29:21,7.46,--,2,1492,卖盘
508,14:29:15,7.46,--,5,3730,卖盘
509,14:29:12,7.46,--,206,153676,卖盘
510,14:29:09,7.46,-0.01,132,98472,卖盘
511,14:29:06,7.47,--,8,5976,买盘
512,14:29:03,7.47,0.01,2,1494,买盘
513,14:29:00,7.46,--,85,63410,卖盘
514,14:28:57,7.46,--,130,96980,卖盘
515,14:28:54,7.46,--,8,5968,卖盘
516,14:28:51,7.46,--,70,52220,卖盘
517,14:28:48,7.46,-0.01,30,22380,卖盘
518,14:28:42,7.47,0.01,5,3735,买盘
519,14:28:39,7.46,--,220,164120,卖盘
520,14:28:36,7.46,-0.01,5,3730,卖盘
521,14:28:33,7.47,0.01,33,24651,买盘
522,14:28:30,7.46,--,126,93996,卖盘
523,14:28:27,7.46,-0.01,67,49982,卖盘
524,14:28:18,7.47,--,178,132966,买盘
525,14:28:15,7.47,0.01,2,1494,买盘
526,14:28:12,7.46,-0.01,145,108170,卖盘
527,14:28:09,7.47,0.01,64,47808,买盘
528,14:28:06,7.46,--,68,50728,卖盘
529,14:28:03,7.46,--,2,1492,卖盘
530,14:28:00,7.46,-0.01,8,5968,卖盘
531,14:27:57,7.47,0.01,10,7470,卖盘
532,14:27:54,7.46,--,71,52966,卖盘
533,14:27:51,7.46,-0.01,28,20888,卖盘
534,14:27:48,7.47,--,88,65736,买盘
535,14:27:45,7.47,--,74,55278,买盘
536,14:27:42,7.47,0.01,60,44820,买盘
537,14:27:39,7.46,-0.01,132,98472,卖盘
538,14:27:36,7.47,0.01,13,9711,买盘
539,14:27:33,7.46,-0.01,73,54458,卖盘
540,14:27:30,7.47,--,43,32121,卖盘
541,14:27:27,7.47,--,5,3735,卖盘
542,14:27:21,7.47,--,69,51543,卖盘
543,14:27:18,7.47,-0.01,5,3735,卖盘
544,14:27:15,7.48,0.01,2,1496,买盘
545,14:27:12,7.47,--,150,112050,卖盘
546,14:27:09,7.47,--,68,50796,卖盘
547,14:27:06,7.47,--,16,11952,卖盘
548,14:27:03,7.47,--,14,10458,卖盘
549,14:27:00,7.47,--,267,199449,买盘
550,14:26:57,7.47,0.01,110,82170,买盘
551,14:26:54,7.46,-0.01,8,5968,卖盘
552,14:26:51,7.47,0.01,18,13446,买盘
553,14:26:48,7.46,-0.01,72,53712,卖盘
554,14:26:45,7.47,--,59,44073,买盘
555,14:26:42,7.47,0.01,53,39591,买盘
556,14:26:39,7.46,--,132,98472,卖盘
557,14:26:36,7.46,-0.01,97,72362,卖盘
558,14:26:33,7.47,--,1,747,买盘
559,14:26:30,7.47,0.01,2,1494,买盘
560,14:26:27,7.46,--,40,29840,卖盘
561,14:26:24,7.46,-0.02,73,54458,卖盘
562,14:26:21,7.48,0.02,3830,2864840,买盘
563,14:26:18,7.46,-0.01,9,6714,卖盘
564,14:26:15,7.47,--,66,49302,买盘
565,14:26:12,7.47,0.01,6,4482,买盘
566,14:26:09,7.46,-0.01,226,168596,卖盘
567,14:26:06,7.47,--,13,9711,卖盘
568,14:26:03,7.47,-0.01,202,150894,卖盘
569,14:26:00,7.48,--,82,61336,买盘
570,14:25:57,7.48,0.01,36,26928,买盘
571,14:25:54,7.47,--,942,703674,买盘
572,14:25:51,7.47,--,2,1494,买盘
573,14:25:48,7.47,0.01,5,3735,买盘
574,14:25:45,7.46,-0.01,49,36554,卖盘
575,14:25:42,7.47,0.01,179,133713,买盘
576,14:25:39,7.46,--,271,202166,卖盘
577,14:25:36,7.46,-0.01,20,14920,卖盘
578,14:25:33,7.47,0.01,78,58266,买盘
579,14:25:30,7.46,--,68,50728,卖盘
580,14:25:24,7.46,--,204,152184,卖盘
581,14:25:21,7.46,-0.01,73,54458,卖盘
582,14:25:18,7.47,--,15,11205,买盘
583,14:25:15,7.47,0.01,10,7470,买盘
584,14:25:12,7.46,--,23,17158,卖盘
585,14:25:09,7.46,-0.01,199,148454,卖盘
586,14:25:06,7.47,0.01,8,5976,买盘
587,14:25:03,7.46,-0.01,177,132042,卖盘
588,14:25:00,7.47,0.01,2,1494,买盘
589,14:24:57,7.46,--,67,49982,卖盘
590,14:24:54,7.46,-0.01,14,10444,卖盘
591,14:24:51,7.47,--,1,747,买盘
592,14:24:48,7.47,0.01,7,5229,买盘
593,14:24:45,7.46,-0.01,235,175310,卖盘
594,14:24:42,7.47,0.01,103,76941,买盘
595,14:24:36,7.46,--,87,64902,卖盘
596,14:24:33,7.46,-0.01,190,141740,卖盘
597,14:24:30,7.47,0.01,8,5976,买盘
598,14:24:24,7.46,-0.01,85,63410,卖盘
599,14:24:21,7.47,--,10,7470,买盘
600,14:24:18,7.47,--,701,523647,买盘
601,14:24:15,7.47,0.01,2,1494,买盘
602,14:24:12,7.46,--,71,52966,卖盘
603,14:24:09,7.46,--,165,123090,卖盘
604,14:24:06,7.46,--,132,98472,卖盘
605,14:24:03,7.46,-0.01,101,75346,卖盘
606,14:24:00,7.47,0.01,2,1494,买盘
607,14:23:57,7.46,-0.01,11,8206,卖盘
608,14:23:54,7.47,--,198,147906,卖盘
609,14:23:51,7.47,0.01,446,333162,买盘
610,14:23:48,7.46,--,1,746,卖盘
611,14:23:45,7.46,--,1,746,卖盘
612,14:23:42,7.46,--,23,17158,卖盘
613,14:23:39,7.46,-0.01,201,149946,卖盘
614,14:23:36,7.47,--,36,26892,买盘
615,14:23:33,7.47,0.01,1,747,买盘
616,14:23:30,7.46,--,80,59680,卖盘
617,14:23:27,7.46,--,84,62664,卖盘
618,14:23:24,7.46,-0.01,3,2238,卖盘
619,14:23:21,7.47,0.01,1,747,买盘
620,14:23:18,7.46,-0.01,79,58934,卖盘
621,14:23:15,7.47,-0.01,4,2988,中性盘
622,14:23:12,7.48,0.02,6,4488,买盘
623,14:23:09,7.46,--,208,155168,卖盘
624,14:23:06,7.46,-0.02,233,173818,卖盘
625,14:23:03,7.48,--,12,8976,买盘
626,14:23:00,7.48,0.02,2,1496,买盘
627,14:22:57,7.46,-0.02,67,49982,卖盘
628,14:22:54,7.48,--,22,16456,买盘
629,14:22:48,7.48,0.02,111,83028,买盘
630,14:22:45,7.46,--,381,284226,卖盘
631,14:22:42,7.46,--,4,2984,卖盘
632,14:22:39,7.46,-0.01,156,116376,卖盘
633,14:22:36,7.47,--,399,298053,卖盘
634,14:22:33,7.47,-0.01,185,138195,卖盘
635,14:22:30,7.48,0.01,3,2244,买盘
636,14:22:27,7.47,-0.01,3,2241,卖盘
637,14:22:24,7.48,--,69,51612,买盘
638,14:22:21,7.48,0.01,1,748,买盘
639,14:22:18,7.47,-0.01,13,9711,卖盘
640,14:22:15,7.48,0.01,7,5236,买盘
641,14:22:12,7.47,--,77,57519,卖盘
642,14:22:09,7.47,--,371,277137,卖盘
643,14:22:06,7.47,--,35,26145,卖盘
644,14:22:03,7.47,-0.01,73,54531,卖盘
645,14:22:00,7.48,--,67,50116,买盘
646,14:21:57,7.48,0.01,5,3740,买盘
647,14:21:54,7.47,--,1,747,卖盘
648,14:21:51,7.47,--,75,56025,卖盘
649,14:21:48,7.47,--,20,14940,卖盘
650,14:21:39,7.47,-0.01,199,148653,卖盘
651,14:21:36,7.48,--,20,14960,买盘
652,14:21:30,7.48,0.02,23,17204,买盘
653,14:21:27,7.46,-0.01,1066,795236,卖盘
654,14:21:21,7.47,-0.01,27,20169,卖盘
655,14:21:18,7.48,0.01,6,4488,买盘
656,14:21:15,7.47,--,70,52290,卖盘
657,14:21:12,7.47,0.01,130,97110,中性盘
658,14:21:09,7.46,--,132,98472,卖盘
659,14:21:06,7.46,--,67,49982,卖盘
660,14:21:03,7.46,-0.02,10,7460,卖盘
661,14:20:57,7.48,0.02,58,43384,买盘
662,14:20:54,7.46,-0.02,384,286464,卖盘
663,14:20:48,7.48,0.02,6,4488,买盘
664,14:20:42,7.46,--,91,67886,卖盘
665,14:20:39,7.46,--,132,98472,卖盘
666,14:20:36,7.46,-0.01,1,746,卖盘
667,14:20:33,7.47,0.01,77,57519,买盘
668,14:20:27,7.46,--,30,22380,卖盘
669,14:20:24,7.46,--,3,2238,卖盘
670,14:20:21,7.46,-0.02,67,49982,卖盘
671,14:20:18,7.48,0.01,6,4488,买盘
672,14:20:15,7.47,0.01,70,52290,买盘
673,14:20:12,7.46,--,99,73854,卖盘
674,14:20:09,7.46,--,200,149200,卖盘
675,14:20:06,7.46,-0.02,1,746,卖盘
676,14:20:03,7.48,0.02,3,2244,买盘
677,14:20:00,7.46,-0.01,71,52966,卖盘
678,14:19:54,7.47,--,2,1494,卖盘
679,14:19:51,7.47,0.01,60,44820,中性盘
680,14:19:48,7.46,-0.01,144,107424,卖盘
681,14:19:45,7.47,0.01,52,38844,买盘
682,14:19:42,7.46,--,18,13428,卖盘
683,14:19:39,7.46,-0.01,160,119360,卖盘
684,14:19:36,7.47,0.01,182,135954,买盘
685,14:19:33,7.46,--,31,23126,卖盘
686,14:19:27,7.46,--,66,49236,卖盘
687,14:19:24,7.46,-0.02,11,8206,卖盘
688,14:19:18,7.48,0.01,148,110704,买盘
689,14:19:15,7.47,--,116,86652,卖盘
690,14:19:06,7.47,0.01,22,16434,买盘
691,14:19:03,7.46,-0.01,72,53712,卖盘
692,14:19:00,7.47,--,5,3735,买盘
693,14:18:57,7.47,0.01,161,120267,买盘
694,14:18:54,7.46,-0.01,113,84298,卖盘
695,14:18:51,7.47,--,36,26892,买盘
696,14:18:48,7.47,--,86,64242,买盘
697,14:18:42,7.47,--,73,54531,买盘
698,14:18:39,7.47,-0.01,517,386199,卖盘
699,14:18:36,7.48,--,1,748,卖盘
700,14:18:30,7.48,--,64,47872,卖盘
701,14:18:24,7.48,-0.01,1,748,中性盘
702,14:18:21,7.49,--,70,52430,买盘
703,14:18:18,7.49,0.02,203,152047,买盘
704,14:18:15,7.47,--,95,70965,卖盘
705,14:18:09,7.47,--,66,49302,卖盘
706,14:18:06,7.47,-0.01,1,747,卖盘
707,14:18:03,7.48,--,1,748,卖盘
708,14:17:57,7.48,-0.01,282,210936,卖盘
709,14:17:54,7.49,0.01,10,7490,买盘
710,14:17:51,7.48,0.02,720,538560,买盘
711,14:17:48,7.46,--,66,49236,卖盘
712,14:17:45,7.46,-0.02,6,4476,卖盘
713,14:17:42,7.48,--,14,10472,买盘
714,14:17:39,7.48,0.02,173,129404,买盘
715,14:17:36,7.46,-0.01,972,725112,卖盘
716,14:17:33,7.47,-0.01,19,14193,卖盘
717,14:17:30,7.48,0.01,5,3740,买盘
718,14:17:27,7.47,0.02,391,292278,买盘
719,14:17:24,7.45,--,110,81950,卖盘
720,14:17:21,7.45,-0.01,8,5960,卖盘
721,14:17:18,7.46,--,420,313320,买盘
722,14:17:15,7.46,--,108,80568,买盘
723,14:17:12,7.46,-0.01,4382,3269516,卖盘
724,14:17:09,7.47,--,2,1494,卖盘
725,14:17:03,7.47,-0.01,90,67230,卖盘
726,14:16:57,7.48,--,203,151844,买盘
727,14:16:54,7.48,0.01,5,3740,买盘
728,14:16:51,7.47,--,89,66483,卖盘
729,14:16:48,7.47,0.01,2,1494,中性盘
730,14:16:42,7.46,--,86,64156,卖盘
731,14:16:39,7.46,--,122,91012,卖盘
732,14:16:36,7.46,--,257,191722,卖盘
733,14:16:33,7.46,--,19,14174,卖盘
734,14:16:30,7.46,--,89,66394,卖盘
735,14:16:27,7.46,-0.01,7,5222,卖盘
736,14:16:24,7.47,--,62,46314,买盘
737,14:16:21,7.47,0.01,6,4482,中性盘
738,14:16:18,7.46,--,228,170088,卖盘
739,14:16:15,7.46,-0.01,104,77584,卖盘
740,14:16:09,7.47,-0.01,63,47061,卖盘
741,14:16:03,7.48,--,12,8976,买盘
742,14:16:00,7.48,0.01,36,26928,买盘
743,14:15:57,7.47,0.01,229,171063,买盘
744,14:15:48,7.46,--,50,37300,卖盘
745,14:15:45,7.46,--,132,98472,卖盘
746,14:15:42,7.46,-0.01,103,76838,卖盘
747,14:15:39,7.47,--,169,126243,买盘
748,14:15:36,7.47,0.01,78,58266,买盘
749,14:15:33,7.46,-0.01,58,43268,卖盘
750,14:15:30,7.47,--,103,76941,买盘
751,14:15:27,7.47,-0.01,4,2988,中性盘
752,14:15:24,7.48,0.02,71,53108,买盘
753,14:15:21,7.46,-0.02,138,102948,卖盘
754,14:15:18,7.48,--,323,241604,买盘
755,14:15:15,7.48,0.02,316,236368,买盘
756,14:15:12,7.46,-0.02,76,56696,卖盘
757,14:15:09,7.48,0.01,196,146608,买盘
758,14:15:06,7.47,--,478,357066,买盘
759,14:15:03,7.47,--,3,2241,买盘
760,14:15:00,7.47,--,120,89640,买盘
761,14:14:57,7.47,0.01,161,120267,买盘
762,14:14:51,7.46,--,16,11936,卖盘
763,14:14:48,7.46,--,115,85790,卖盘
764,14:14:42,7.46,--,39,29094,卖盘
765,14:14:39,7.46,-0.01,242,180532,卖盘
766,14:14:36,7.47,--,510,380970,买盘
767,14:14:33,7.47,0.01,100,74700,买盘
768,14:14:30,7.46,--,33,24618,卖盘
769,14:14:27,7.46,-0.01,102,76092,卖盘
770,14:14:24,7.47,--,194,144918,买盘
771,14:14:21,7.47,0.01,191,142677,买盘
772,14:14:15,7.46,-0.01,98,73108,卖盘
773,14:14:12,7.47,-0.01,621,463887,卖盘
774,14:14:09,7.48,0.01,5,3740,买盘
775,14:14:06,7.47,-0.01,142,106074,卖盘
776,14:14:03,7.48,--,224,167552,买盘
777,14:13:57,7.48,0.01,32,23936,买盘
778,14:13:54,7.47,-0.01,76,56772,卖盘
779,14:13:48,7.48,0.01,5,3740,买盘
780,14:13:45,7.47,--,66,49302,卖盘
781,14:13:42,7.47,--,95,70965,卖盘
782,14:13:39,7.47,--,40,29880,卖盘
783,14:13:36,7.47,-0.01,5,3735,卖盘
784,14:13:33,7.48,0.01,99,74052,买盘
785,14:13:30,7.47,--,12,8964,卖盘
786,14:13:27,7.47,--,123,91881,卖盘
787,14:13:24,7.47,--,13,9711,卖盘
788,14:13:21,7.47,-0.01,100,74700,卖盘
789,14:13:18,7.48,0.01,43,32164,买盘
790,14:13:15,7.47,--,12,8964,卖盘
791,14:13:12,7.47,--,10,7470,卖盘
792,14:13:09,7.47,-0.01,68,50796,卖盘
793,14:13:06,7.48,0.01,55,41140,买盘
794,14:13:03,7.47,--,33,24651,卖盘
795,14:13:00,7.47,-0.01,69,51543,卖盘
796,14:12:57,7.48,0.01,1,748,买盘
797,14:12:54,7.47,--,54,40338,卖盘
798,14:12:48,7.47,--,79,59013,卖盘
799,14:12:45,7.47,-0.01,302,225594,卖盘
800,14:12:42,7.48,--,10,7480,买盘
801,14:12:39,7.48,0.01,23,17204,买盘
802,14:12:36,7.47,--,163,121761,卖盘
803,14:12:33,7.47,-0.01,27,20169,卖盘
804,14:12:30,7.48,0.01,6,4488,买盘
805,14:12:27,7.47,-0.01,190,141930,卖盘
806,14:12:24,7.48,0.01,64,47872,买盘
807,14:12:21,7.47,--,53,39591,卖盘
808,14:12:18,7.47,--,5,3735,卖盘
809,14:12:15,7.47,-0.01,84,62748,卖盘
810,14:12:06,7.48,0.01,10,7480,买盘
811,14:12:03,7.47,--,64,47808,卖盘
812,14:11:57,7.47,-0.01,47,35109,卖盘
813,14:11:54,7.48,0.01,82,61336,买盘
814,14:11:51,7.47,--,20,14940,卖盘
815,14:11:48,7.47,-0.01,28,20916,卖盘
816,14:11:45,7.48,0.01,59,44132,买盘
817,14:11:42,7.47,-0.01,62,46314,卖盘
818,14:11:39,7.48,0.01,10,7480,买盘
819,14:11:36,7.47,--,1,747,卖盘
820,14:11:33,7.47,--,50,37350,卖盘
821,14:11:30,7.47,--,128,95616,卖盘
822,14:11:27,7.47,-0.01,74,55278,卖盘
823,14:11:24,7.48,0.01,17,12716,买盘
824,14:11:21,7.47,-0.01,80,59760,卖盘
825,14:11:12,7.48,0.01,20,14960,买盘
826,14:11:09,7.47,--,87,64989,卖盘
827,14:11:06,7.47,-0.01,70,52290,卖盘
828,14:11:03,7.48,--,34,25432,买盘
829,14:11:00,7.48,0.01,3,2244,买盘
830,14:10:57,7.47,--,82,61254,卖盘
831,14:10:54,7.47,--,12,8964,卖盘
832,14:10:48,7.47,-0.02,83,62001,卖盘
833,14:10:45,7.49,0.01,5,3745,买盘
834,14:10:42,7.48,0.01,48,35904,买盘
835,14:10:36,7.47,--,70,52290,卖盘
836,14:10:30,7.47,--,141,105327,卖盘
837,14:10:24,7.47,--,134,100098,卖盘
838,14:10:21,7.47,--,1,747,卖盘
839,14:10:15,7.47,-0.01,68,50796,卖盘
840,14:10:12,7.48,--,59,44132,卖盘
841,14:10:09,7.48,-0.01,10,7480,卖盘
842,14:10:06,7.49,--,10,7490,买盘
843,14:10:03,7.49,--,186,139314,买盘
844,14:09:57,7.49,--,19,14231,买盘
845,14:09:54,7.49,0.02,9,6741,买盘
846,14:09:51,7.47,-0.02,70,52290,卖盘
847,14:09:48,7.49,--,105,78645,买盘
848,14:09:42,7.49,0.01,73,54677,买盘
849,14:09:39,7.48,--,57,42636,卖盘
850,14:09:36,7.48,--,4,2992,卖盘
851,14:09:33,7.48,--,129,96492,买盘
852,14:09:30,7.48,--,89,66572,买盘
853,14:09:27,7.48,--,36,26928,买盘
854,14:09:24,7.48,0.01,14,10472,买盘
855,14:09:21,7.47,--,1,747,卖盘
856,14:09:18,7.47,-0.02,107,79929,卖盘
857,14:09:12,7.49,0.02,5,3745,买盘
858,14:09:09,7.47,--,64,47808,卖盘
859,14:09:06,7.47,-0.02,407,304029,卖盘
860,14:09:03,7.49,0.01,27,20223,买盘
861,14:09:00,7.48,0.01,1747,1306756,买盘
862,14:08:57,7.47,--,70,52290,卖盘
863,14:08:54,7.47,-0.01,3,2241,卖盘
864,14:08:51,7.48,0.01,14,10472,买盘
865,14:08:48,7.47,0.01,10,7470,买盘
866,14:08:45,7.46,-0.01,79,58934,卖盘
867,14:08:42,7.47,-0.01,53,39591,卖盘
868,14:08:39,7.48,0.01,7,5236,买盘
869,14:08:36,7.47,0.01,429,320463,买盘
870,14:08:33,7.46,-0.01,194,144724,卖盘
871,14:08:30,7.47,0.01,19,14193,买盘
872,14:08:27,7.46,--,205,152930,卖盘
873,14:08:24,7.46,--,67,49982,卖盘
874,14:08:21,7.46,--,217,161882,卖盘
875,14:08:15,7.46,--,11,8206,卖盘
876,14:08:12,7.46,-0.01,77,57442,卖盘
877,14:08:09,7.47,--,42,31374,买盘
878,14:08:06,7.47,--,125,93375,买盘
879,14:08:03,7.47,0.01,1,747,买盘
880,14:08:00,7.46,-0.01,105,78330,卖盘
881,14:07:57,7.47,0.01,50,37350,买盘
882,14:07:54,7.46,-0.01,81,60426,卖盘
883,14:07:51,7.47,0.01,79,59013,买盘
884,14:07:45,7.46,-0.01,50,37300,卖盘
885,14:07:42,7.47,0.01,25,18675,买盘
886,14:07:39,7.46,-0.01,82,61172,卖盘
887,14:07:36,7.47,--,151,112797,买盘
888,14:07:33,7.47,0.01,1,747,买盘
889,14:07:27,7.46,-0.01,259,193214,卖盘
890,14:07:24,7.47,--,25,18675,卖盘
891,14:07:21,7.47,-0.01,991,740277,卖盘
892,14:07:18,7.48,0.01,10,7480,买盘
893,14:07:15,7.47,--,507,378729,卖盘
894,14:07:09,7.47,-0.01,27,20169,卖盘
895,14:07:06,7.48,--,105,78540,买盘
896,14:07:03,7.48,0.01,19,14212,买盘
897,14:07:00,7.47,--,535,399645,卖盘
898,14:06:57,7.47,--,7,5229,卖盘
899,14:06:54,7.47,--,130,97110,卖盘
900,14:06:51,7.47,-0.01,74,55278,卖盘
901,14:06:48,7.48,0.01,33,24684,买盘
902,14:06:45,7.47,0.01,3150,2353050,买盘
903,14:06:39,7.46,--,64,47744,卖盘
904,14:06:36,7.46,--,274,204404,卖盘
905,14:06:33,7.46,--,70,52220,卖盘
906,14:06:30,7.46,-0.01,6,4476,卖盘
907,14:06:27,7.47,0.01,68,50796,买盘
908,14:06:24,7.46,--,1,746,卖盘
909,14:06:21,7.46,-0.01,76,56696,卖盘
910,14:06:18,7.47,--,455,339885,买盘
911,14:06:12,7.47,--,121,90387,买盘
912,14:06:09,7.47,--,3,2241,买盘
913,14:06:06,7.47,--,10,7470,买盘
914,14:06:03,7.47,0.01,177,132219,买盘
915,14:06:00,7.46,--,71,52966,卖盘
916,14:05:57,7.46,--,40,29840,卖盘
917,14:05:54,7.46,--,8,5968,卖盘
918,14:05:51,7.46,--,139,103694,卖盘
919,14:05:48,7.46,-0.01,697,520409,卖盘
920,14:05:45,7.47,0.01,18,13446,买盘
921,14:05:42,7.46,--,140,104440,卖盘
922,14:05:39,7.46,-0.01,196,146216,卖盘
923,14:05:36,7.47,0.01,5,3735,买盘
924,14:05:33,7.46,-0.01,81,60426,卖盘
925,14:05:30,7.47,0.01,165,123255,买盘
926,14:05:27,7.46,-0.01,90,67140,卖盘
927,14:05:24,7.47,0.01,41,30627,买盘
928,14:05:21,7.46,-0.01,101,75346,卖盘
929,14:05:18,7.47,0.01,11,8217,买盘
930,14:05:15,7.46,--,97,72362,卖盘
931,14:05:12,7.46,--,19,14174,卖盘
932,14:05:09,7.46,--,301,224546,卖盘
933,14:05:06,7.46,--,244,182024,卖盘
934,14:05:03,7.46,--,24,17904,卖盘
935,14:05:00,7.46,--,19,14174,卖盘
936,14:04:57,7.46,-0.01,1325,988450,卖盘
937,14:04:54,7.47,0.01,92,68724,买盘
938,14:04:51,7.46,-0.01,839,625894,卖盘
939,14:04:48,7.47,--,439,327933,买盘
940,14:04:45,7.47,0.01,51,38097,买盘
941,14:04:42,7.46,--,299,223054,卖盘
942,14:04:39,7.46,--,145,108170,卖盘
943,14:04:36,7.46,--,8,5968,卖盘
944,14:04:33,7.46,--,20,14920,卖盘
945,14:04:30,7.46,-0.01,83,61918,卖盘
946,14:04:24,7.47,0.01,25,18675,买盘
947,14:04:21,7.46,-0.01,85,63410,卖盘
948,14:04:18,7.47,--,1,747,买盘
949,14:04:15,7.47,0.01,50,37350,买盘
950,14:04:12,7.46,--,28,20888,卖盘
951,14:04:09,7.46,-0.01,82,61172,卖盘
952,14:04:06,7.47,0.01,48,35856,买盘
953,14:04:03,7.46,--,34,25364,卖盘
954,14:03:57,7.46,--,122,91012,卖盘
955,14:03:54,7.46,--,370,276020,卖盘
956,14:03:51,7.46,--,5,3730,卖盘
957,14:03:48,7.46,-0.01,101,75346,卖盘
958,14:03:45,7.47,--,81,60507,买盘
959,14:03:42,7.47,--,207,154629,买盘
960,14:03:39,7.47,0.01,61,45567,买盘
961,14:03:36,7.46,--,473,352858,卖盘
962,14:03:33,7.46,--,66,49236,卖盘
963,14:03:30,7.46,-0.01,251,187246,卖盘
964,14:03:27,7.47,0.01,1,747,买盘
965,14:03:24,7.46,--,71,52966,卖盘
966,14:03:21,7.46,-0.01,1,746,卖盘
967,14:03:18,7.47,--,5,3735,买盘
968,14:03:15,7.47,--,163,121761,买盘
969,14:03:12,7.47,--,205,153135,买盘
970,14:03:09,7.47,0.01,129,96363,买盘
971,14:03:06,7.46,--,57,42522,卖盘
972,14:03:03,7.46,-0.01,67,49982,卖盘
973,14:03:00,7.47,0.01,238,177786,买盘
974,14:02:57,7.46,--,188,140248,卖盘
975,14:02:54,7.46,--,250,186500,卖盘
976,14:02:51,7.46,--,96,71616,卖盘
977,14:02:48,7.46,--,101,75346,卖盘
978,14:02:45,7.46,--,115,85790,卖盘
979,14:02:42,7.46,-0.01,92,68632,卖盘
980,14:02:39,7.47,--,1,747,买盘
981,14:02:36,7.47,--,10,7470,买盘
982,14:02:33,7.47,0.01,196,146412,买盘
983,14:02:30,7.46,-0.01,773,576658,卖盘
984,14:02:27,7.47,0.01,102,76194,买盘
985,14:02:24,7.46,--,107,79822,卖盘
986,14:02:21,7.46,--,313,233498,卖盘
987,14:02:18,7.46,--,218,162628,卖盘
988,14:02:15,7.46,--,10,7460,卖盘
989,14:02:12,7.46,-0.01,259,193214,卖盘
990,14:02:09,7.47,0.01,78,58266,买盘
991,14:02:06,7.46,--,325,242450,卖盘
992,14:02:03,7.46,--,62,46252,卖盘
993,14:02:00,7.46,-0.01,27,20142,卖盘
994,14:01:57,7.47,--,100,74700,卖盘
995,14:01:54,7.47,--,82,61754,买盘
996,14:01:51,7.47,0.01,189,141183,买盘
997,14:01:48,7.46,--,120,89520,卖盘
998,14:01:45,7.46,--,238,177548,卖盘
999,14:01:42,7.46,--,171,127566,卖盘
1000,14:01:33,7.46,-0.01,295,220070,卖盘
1001,14:01:30,7.47,--,40,29880,买盘
1002,14:01:27,7.47,--,28,20916,买盘
1003,14:01:24,7.47,-0.01,2640,1972326,卖盘
1004,14:01:21,7.48,--,2,1496,买盘
1005,14:01:15,7.48,0.01,5,3740,买盘
1006,14:01:12,7.47,-0.01,256,191232,卖盘
1007,14:01:09,7.48,--,251,187748,买盘
1008,14:01:06,7.48,0.01,8,5984,买盘
1009,14:01:03,7.47,--,709,529623,卖盘
1010,14:01:00,7.47,-0.01,69,51543,卖盘
1011,14:00:57,7.48,--,9,6732,买盘
1012,14:00:54,7.48,--,5,3740,买盘
1013,14:00:51,7.48,-0.01,292,218416,卖盘
1014,14:00:48,7.49,--,132,98868,买盘
1015,14:00:42,7.49,0.02,21,15729,买盘
1016,14:00:39,7.47,-0.02,2024,1511928,卖盘
1017,14:00:33,7.49,--,6,4494,买盘
1018,14:00:30,7.49,0.01,193,144557,买盘
1019,14:00:27,7.48,--,119,89012,卖盘
1020,14:00:24,7.48,-0.01,1,748,卖盘
1021,14:00:21,7.49,0.01,13,9737,买盘
1022,14:00:18,7.48,-0.01,78,58344,卖盘
1023,14:00:15,7.49,--,13,9737,买盘
1024,14:00:12,7.49,--,188,140812,买盘
1025,14:00:09,7.49,0.01,9,6741,买盘
1026,14:00:06,7.48,--,83,62084,卖盘
1027,14:00:03,7.48,-0.01,15,11220,卖盘
1028,13:59:57,7.49,0.01,3,2247,买盘
1029,13:59:54,7.48,-0.01,83,62084,卖盘
1030,13:59:51,7.49,0.01,259,193991,买盘
1031,13:59:48,7.48,--,131,97988,卖盘
1032,13:59:45,7.48,--,66,49368,卖盘
1033,13:59:39,7.48,-0.02,24,17952,卖盘
1034,13:59:36,7.5,0.02,1,750,买盘
1035,13:59:33,7.48,--,257,192236,卖盘
1036,13:59:30,7.48,--,1,748,卖盘
1037,13:59:27,7.48,--,1,748,卖盘
1038,13:59:21,7.48,-0.02,67,50116,卖盘
1039,13:59:18,7.5,--,7,5250,买盘
1040,13:59:15,7.5,--,210,157500,买盘
1041,13:59:12,7.5,0.01,259,194250,买盘
1042,13:59:09,7.49,--,50,37450,买盘
1043,13:59:03,7.49,0.01,7,5243,买盘
1044,13:59:00,7.48,-0.01,79,59092,卖盘
1045,13:58:57,7.49,0.01,239,179011,买盘
1046,13:58:51,7.48,--,319,238612,卖盘
1047,13:58:48,7.48,--,300,224400,卖盘
1048,13:58:45,7.48,--,80,59840,卖盘
1049,13:58:39,7.48,-0.01,61,45628,卖盘
1050,13:58:36,7.49,--,1,749,买盘
1051,13:58:33,7.49,0.01,5,3745,买盘
1052,13:58:30,7.48,-0.01,485,362780,卖盘
1053,13:58:27,7.49,--,1,749,买盘
1054,13:58:24,7.49,0.01,5,3745,买盘
1055,13:58:21,7.48,-0.01,201,150348,卖盘
1056,13:58:18,7.49,0.01,10,7490,买盘
1057,13:58:15,7.48,-0.01,67,50116,卖盘
1058,13:58:12,7.49,0.01,3,2247,买盘
1059,13:58:09,7.48,--,16,11968,卖盘
1060,13:58:06,7.48,-0.01,63,47124,卖盘
1061,13:58:03,7.49,0.01,2,1498,买盘
1062,13:57:54,7.48,--,148,110704,卖盘
1063,13:57:51,7.48,--,795,594660,卖盘
1064,13:57:48,7.48,-0.01,58,43384,卖盘
1065,13:57:45,7.49,0.01,19,14231,买盘
1066,13:57:42,7.48,--,1659,1240932,卖盘
1067,13:57:39,7.48,--,76,56848,卖盘
1068,13:57:33,7.48,-0.01,66,49368,卖盘
1069,13:57:30,7.49,--,1,749,买盘
1070,13:57:27,7.49,--,9,6741,买盘
1071,13:57:24,7.49,0.01,9,6741,买盘
1072,13:57:21,7.48,-0.01,352,263296,卖盘
1073,13:57:18,7.49,--,14,10486,买盘
1074,13:57:15,7.49,0.01,20,14980,买盘
1075,13:57:09,7.48,-0.01,76,56848,卖盘
1076,13:57:03,7.49,0.01,11,8239,买盘
1077,13:57:00,7.48,--,176,131648,卖盘
1078,13:56:57,7.48,--,101,75548,卖盘
1079,13:56:54,7.48,-0.01,128,95744,卖盘
1080,13:56:51,7.49,0.01,8,5992,买盘
1081,13:56:48,7.48,-0.01,64,47872,卖盘
1082,13:56:45,7.49,0.01,4,2996,买盘
1083,13:56:42,7.48,-0.01,22,16456,卖盘
1084,13:56:39,7.49,0.01,5,3745,买盘
1085,13:56:36,7.48,-0.01,63,47124,卖盘
1086,13:56:33,7.49,--,2,1498,买盘
1087,13:56:30,7.49,0.01,3,2247,买盘
1088,13:56:27,7.48,--,65,48620,卖盘
1089,13:56:24,7.48,-0.01,30,22440,卖盘
1090,13:56:15,7.49,0.01,183,137067,买盘
1091,13:56:12,7.48,-0.01,92,68816,卖盘
1092,13:56:09,7.49,0.01,100,74900,买盘
1093,13:56:06,7.48,--,174,130152,卖盘
1094,13:56:03,7.48,--,159,118932,卖盘
1095,13:55:57,7.48,--,131,97988,卖盘
1096,13:55:54,7.48,--,85,63580,卖盘
1097,13:55:51,7.48,--,65,48620,卖盘
1098,13:55:48,7.48,--,75,56100,卖盘
1099,13:55:45,7.48,--,11,8228,卖盘
1100,13:55:42,7.48,--,114,85272,卖盘
1101,13:55:36,7.48,-0.01,10,7480,卖盘
1102,13:55:33,7.49,--,57,42693,买盘
1103,13:55:30,7.49,--,163,122087,买盘
1104,13:55:27,7.49,--,4,2996,买盘
1105,13:55:24,7.49,--,22,16478,买盘
1106,13:55:21,7.49,--,14,10486,买盘
1107,13:55:18,7.49,0.01,997,746753,买盘
1108,13:55:15,7.48,--,29,21692,卖盘
1109,13:55:12,7.48,-0.01,11,8228,卖盘
1110,13:55:09,7.49,--,176,131824,买盘
1111,13:55:06,7.49,--,118,88382,买盘
1112,13:55:03,7.49,--,2,1498,买盘
1113,13:55:00,7.49,--,6,4494,买盘
1114,13:54:57,7.49,--,195,146055,买盘
1115,13:54:51,7.49,0.01,20,14980,买盘
1116,13:54:48,7.48,--,3,2244,卖盘
1117,13:54:45,7.48,--,66,49368,卖盘
1118,13:54:42,7.48,-0.01,2,1496,卖盘
1119,13:54:36,7.49,--,217,162533,买盘
1120,13:54:33,7.49,0.01,2,1498,买盘
1121,13:54:30,7.48,-0.01,4,2992,卖盘
1122,13:54:27,7.49,--,11,8239,买盘
1123,13:54:24,7.49,--,77,57673,买盘
1124,13:54:21,7.49,0.01,6,4494,买盘
1125,13:54:18,7.48,--,100,74800,卖盘
1126,13:54:15,7.48,--,10,7480,卖盘
1127,13:54:12,7.48,--,70,52360,卖盘
1128,13:54:03,7.48,--,67,50116,卖盘
1129,13:54:00,7.48,--,52,38896,卖盘
1130,13:53:57,7.48,-0.01,181,135388,卖盘
1131,13:53:54,7.49,--,25,18725,买盘
1132,13:53:51,7.49,--,109,81641,买盘
1133,13:53:48,7.49,0.01,9,6741,买盘
1134,13:53:42,7.48,--,1,748,卖盘
1135,13:53:39,7.48,--,75,56100,卖盘
1136,13:53:33,7.48,--,12,8976,卖盘
1137,13:53:30,7.48,-0.02,74,55352,卖盘
1138,13:53:27,7.5,0.02,174,130500,买盘
1139,13:53:18,7.48,-0.02,74,55352,卖盘
1140,13:53:15,7.5,0.02,9,6750,买盘
1141,13:53:12,7.48,-0.02,1,748,卖盘
1142,13:53:09,7.5,0.02,21,15750,买盘
1143,13:53:06,7.48,-0.01,256,191488,卖盘
1144,13:53:03,7.49,--,2,1498,买盘
1145,13:53:00,7.49,0.01,128,95872,卖盘
1146,13:52:57,7.48,-0.02,67,50116,卖盘
1147,13:52:54,7.5,0.02,1,750,买盘
1148,13:52:51,7.48,-0.02,33,24684,卖盘
1149,13:52:48,7.5,0.02,16,12000,买盘
1150,13:52:45,7.48,--,252,188496,卖盘
1151,13:52:42,7.48,-0.02,1,748,卖盘
1152,13:52:39,7.5,0.02,40,30000,买盘
1153,13:52:33,7.48,--,63,47124,卖盘
1154,13:52:30,7.48,-0.02,32,23936,卖盘
1155,13:52:27,7.5,--,5,3750,买盘
1156,13:52:24,7.5,0.01,257,192750,买盘
1157,13:52:21,7.49,-0.01,79,59171,中性盘
1158,13:52:12,7.5,--,95,71250,买盘
1159,13:52:06,7.5,--,188,141000,买盘
1160,13:52:03,7.5,0.01,97,72750,买盘
1161,13:52:00,7.49,-0.01,196,146804,卖盘
1162,13:51:57,7.5,0.01,15,11250,买盘
1163,13:51:51,7.49,--,104,77896,买盘
1164,13:51:48,7.49,--,15,11235,买盘
1165,13:51:45,7.49,0.01,196,146804,买盘
1166,13:51:42,7.48,-0.01,19,14212,卖盘
1167,13:51:39,7.49,0.01,84,62916,买盘
1168,13:51:36,7.48,--,139,103972,卖盘
1169,13:51:33,7.48,-0.01,2,1548,卖盘
1170,13:51:30,7.49,0.01,1,749,买盘
1171,13:51:27,7.48,-0.02,67,50116,卖盘
1172,13:51:24,7.5,0.01,203,152250,买盘
1173,13:51:21,7.49,--,10,7490,买盘
1174,13:51:18,7.49,0.01,71,53179,买盘
1175,13:51:15,7.48,-0.01,10,7480,卖盘
1176,13:51:12,7.49,--,20,14980,买盘
1177,13:51:09,7.49,0.01,39,29211,买盘
1178,13:51:06,7.48,--,250,187000,卖盘
1179,13:51:03,7.48,-0.01,130,97240,卖盘
1180,13:50:57,7.49,0.01,18,13482,买盘
1181,13:50:54,7.48,-0.01,79,59092,卖盘
1182,13:50:51,7.49,--,5,3745,买盘
1183,13:50:48,7.49,--,189,141561,买盘
1184,13:50:45,7.49,0.01,238,178262,买盘
1185,13:50:42,7.48,-0.01,1,748,卖盘
1186,13:50:39,7.49,0.01,16,11984,买盘
1187,13:50:36,7.48,-0.01,18,13464,卖盘
1188,13:50:33,7.49,--,471,352779,卖盘
1189,13:50:30,7.49,-0.01,153,114597,买盘
1190,13:50:27,7.5,0.01,188,141000,买盘
1191,13:50:24,7.49,0.01,16,11984,买盘
1192,13:50:21,7.48,-0.01,63,47124,卖盘
1193,13:50:18,7.49,--,18,13482,买盘
1194,13:50:15,7.49,-0.01,6,4494,中性盘
1195,13:50:12,7.5,--,62,46500,买盘
1196,13:50:09,7.5,0.02,21,15750,买盘
1197,13:50:06,7.48,-0.01,320,239360,卖盘
1198,13:50:03,7.49,0.01,10,7490,买盘
1199,13:50:00,7.48,-0.01,83,62084,卖盘
1200,13:49:57,7.49,--,5,3745,买盘
1201,13:49:54,7.49,--,30,22470,买盘
1202,13:49:51,7.49,--,6,4494,买盘
1203,13:49:48,7.49,--,70,52430,买盘
1204,13:49:45,7.49,0.01,189,141561,买盘
1205,13:49:42,7.48,-0.01,5,3740,卖盘
1206,13:49:39,7.49,--,91,68159,买盘
1207,13:49:36,7.49,--,11,8239,买盘
1208,13:49:30,7.49,--,146,109354,买盘
1209,13:49:27,7.49,--,103,77147,买盘
1210,13:49:24,7.49,--,213,159537,买盘
1211,13:49:21,7.49,--,8,5992,买盘
1212,13:49:18,7.49,0.01,165,123585,买盘
1213,13:49:15,7.48,--,67,50116,卖盘
1214,13:49:12,7.48,--,300,224400,卖盘
1215,13:49:09,7.48,--,79,59092,卖盘
1216,13:49:06,7.48,-0.01,383,286484,卖盘
1217,13:49:03,7.49,--,10,7490,买盘
1218,13:48:57,7.49,--,141,105609,买盘
1219,13:48:54,7.49,--,89,66661,买盘
1220,13:48:51,7.49,--,8,5992,买盘
1221,13:48:48,7.49,--,11,8239,买盘
1222,13:48:45,7.49,--,386,289114,卖盘
1223,13:48:42,7.49,--,102,76398,卖盘
1224,13:48:39,7.49,--,29,21721,卖盘
1225,13:48:36,7.49,-0.01,16,11984,卖盘
1226,13:48:33,7.5,0.01,351,263250,买盘
1227,13:48:30,7.49,--,73,54677,卖盘
1228,13:48:27,7.49,--,91,68159,买盘
1229,13:48:24,7.49,0.01,95,71155,买盘
1230,13:48:21,7.48,-0.01,2484,1858032,卖盘
1231,13:48:18,7.49,--,7,5243,买盘
1232,13:48:15,7.49,--,2,1498,买盘
1233,13:48:12,7.49,0.01,1,749,买盘
1234,13:48:09,7.48,--,279,208692,卖盘
1235,13:48:06,7.48,-0.01,13,9724,卖盘
1236,13:48:03,7.49,--,2,1498,买盘
1237,13:48:00,7.49,--,14,10486,买盘
1238,13:47:57,7.49,--,341,255409,买盘
1239,13:47:54,7.49,--,16,11984,买盘
1240,13:47:51,7.49,--,10,7490,买盘
1241,13:47:48,7.49,0.01,72,53928,买盘
1242,13:47:42,7.48,-0.01,5,3740,卖盘
1243,13:47:39,7.49,0.01,27,20223,买盘
1244,13:47:36,7.48,-0.01,233,174284,卖盘
1245,13:47:33,7.49,--,17,12733,买盘
1246,13:47:30,7.49,--,27,20223,买盘
1247,13:47:27,7.49,0.01,213,159537,买盘
1248,13:47:24,7.48,-0.01,124,92752,卖盘
1249,13:47:21,7.49,0.01,110,82390,买盘
1250,13:47:18,7.48,-0.01,125,93500,卖盘
1251,13:47:15,7.49,0.01,109,81641,买盘
1252,13:47:12,7.48,--,44,32912,卖盘
1253,13:47:09,7.48,-0.01,120,89760,卖盘
1254,13:47:06,7.49,0.01,11,8239,买盘
1255,13:47:03,7.48,-0.01,65,48620,卖盘
1256,13:47:00,7.49,--,104,77896,买盘
1257,13:46:57,7.49,--,187,140063,买盘
1258,13:46:54,7.49,0.01,100,74900,买盘
1259,13:46:51,7.48,-0.01,70,52360,卖盘
1260,13:46:48,7.49,0.01,31,23219,买盘
1261,13:46:45,7.48,--,74,55352,卖盘
1262,13:46:42,7.48,--,84,62832,卖盘
1263,13:46:39,7.48,-0.01,18,13464,卖盘
1264,13:46:36,7.49,--,26,19474,买盘
1265,13:46:33,7.49,--,3,2247,买盘
1266,13:46:30,7.49,--,78,58422,买盘
1267,13:46:27,7.49,--,171,128079,买盘
1268,13:46:24,7.49,--,293,219457,买盘
1269,13:46:21,7.49,0.01,1,749,买盘
1270,13:46:18,7.48,-0.01,145,108460,卖盘
1271,13:46:15,7.49,0.01,682,510818,买盘
1272,13:46:12,7.48,-0.01,283,211684,卖盘
1273,13:46:09,7.49,0.01,80,59920,买盘
1274,13:46:06,7.48,--,416,311168,卖盘
1275,13:46:03,7.48,-0.01,25,18700,卖盘
1276,13:46:00,7.49,0.01,15,11235,买盘
1277,13:45:57,7.48,-0.01,245,183260,卖盘
1278,13:45:54,7.49,0.01,16,11984,买盘
1279,13:45:48,7.48,--,2,1496,卖盘
1280,13:45:45,7.48,--,106,79288,卖盘
1281,13:45:42,7.48,-0.01,2,1496,卖盘
1282,13:45:39,7.49,--,26,19474,买盘
1283,13:45:36,7.49,--,97,72653,买盘
1284,13:45:33,7.49,--,2,1498,买盘
1285,13:45:27,7.49,--,149,111601,买盘
1286,13:45:24,7.49,0.01,253,189497,买盘
1287,13:45:21,7.48,--,380,284240,卖盘
1288,13:45:18,7.48,-0.01,23,17204,卖盘
1289,13:45:15,7.49,0.01,92,68908,买盘
1290,13:45:12,7.48,-0.01,213,159324,卖盘
1291,13:45:09,7.49,--,16,11984,买盘
1292,13:45:06,7.49,--,28,20972,买盘
1293,13:45:03,7.49,0.01,99,74151,买盘
1294,13:45:00,7.48,-0.01,112,83776,卖盘
1295,13:44:57,7.49,0.01,140,104860,买盘
1296,13:44:54,7.48,--,27,20196,卖盘
1297,13:44:51,7.48,--,62,46376,卖盘
1298,13:44:45,7.48,-0.01,76,56848,卖盘
1299,13:44:42,7.49,0.01,28,20972,买盘
1300,13:44:39,7.48,-0.01,112,83776,卖盘
1301,13:44:36,7.49,--,10,7490,买盘
1302,13:44:33,7.49,--,243,182007,买盘
1303,13:44:30,7.49,--,215,161035,买盘
1304,13:44:27,7.49,0.01,5,3745,买盘
1305,13:44:24,7.48,-0.01,132,98736,卖盘
1306,13:44:21,7.49,0.01,21,15729,买盘
1307,13:44:18,7.48,-0.01,75,56100,卖盘
1308,13:44:15,7.49,--,168,125832,买盘
1309,13:44:12,7.49,--,55,41195,买盘
1310,13:44:09,7.49,--,88,65912,买盘
1311,13:44:06,7.49,--,134,100366,买盘
1312,13:44:03,7.49,0.01,159,119091,买盘
1313,13:44:00,7.48,-0.01,19,14212,卖盘
1314,13:43:57,7.49,0.01,79,59171,买盘
1315,13:43:54,7.48,--,173,129404,卖盘
1316,13:43:51,7.48,--,3,2244,卖盘
1317,13:43:48,7.48,--,213,159772,卖盘
1318,13:43:45,7.48,--,101,75548,卖盘
1319,13:43:42,7.48,-0.01,1,748,卖盘
1320,13:43:39,7.49,--,22,16478,买盘
1321,13:43:36,7.49,--,128,95872,买盘
1322,13:43:33,7.49,--,130,97370,买盘
1323,13:43:30,7.49,--,13,9737,买盘
1324,13:43:27,7.49,--,140,104860,买盘
1325,13:43:24,7.49,--,86,64414,买盘
1326,13:43:21,7.49,--,74,55426,买盘
1327,13:43:18,7.49,0.01,143,107107,买盘
1328,13:43:15,7.48,-0.01,121,90508,卖盘
1329,13:43:12,7.49,--,106,79394,买盘
1330,13:43:09,7.49,0.01,16,11984,买盘
1331,13:43:03,7.48,--,10,7480,卖盘
1332,13:43:00,7.48,-0.01,68,50864,卖盘
1333,13:42:57,7.49,--,146,109354,买盘
1334,13:42:54,7.49,0.01,20,14980,买盘
1335,13:42:51,7.48,--,68,50864,卖盘
1336,13:42:45,7.48,--,1,748,卖盘
1337,13:42:42,7.48,-0.01,30,22440,卖盘
1338,13:42:39,7.49,--,105,78645,卖盘
1339,13:42:33,7.49,--,21,15729,卖盘
1340,13:42:30,7.49,--,170,127330,买盘
1341,13:42:27,7.49,0.01,120,89880,买盘
1342,13:42:24,7.48,-0.01,34,25432,卖盘
1343,13:42:21,7.49,0.01,9,6741,买盘
1344,13:42:18,7.48,--,149,111452,卖盘
1345,13:42:15,7.48,--,200,149600,卖盘
1346,13:42:09,7.48,--,31,23188,卖盘
1347,13:42:06,7.48,-0.01,67,50116,卖盘
1348,13:42:03,7.49,-0.01,28,20972,卖盘
1349,13:42:00,7.5,0.01,16,12000,买盘
1350,13:41:57,7.49,0.01,222,166278,买盘
1351,13:41:54,7.48,-0.01,82,61336,卖盘
1352,13:41:51,7.49,--,50,37450,买盘
1353,13:41:45,7.49,0.01,1,749,中性盘
1354,13:41:42,7.48,-0.02,76,56848,卖盘
1355,13:41:39,7.5,0.02,16,12000,买盘
1356,13:41:36,7.48,-0.02,174,130152,卖盘
1357,13:41:33,7.5,--,1078,808500,买盘
1358,13:41:30,7.5,--,5,3750,买盘
1359,13:41:27,7.5,0.01,143,107250,买盘
1360,13:41:24,7.49,--,142,106358,卖盘
1361,13:41:21,7.49,--,194,145306,卖盘
1362,13:41:18,7.49,-0.01,2,1498,卖盘
1363,13:41:12,7.5,0.01,3,2250,买盘
1364,13:41:09,7.49,-0.01,83,62167,卖盘
1365,13:41:06,7.5,0.01,5,3750,买盘
1366,13:41:03,7.49,--,2,1498,卖盘
1367,13:41:00,7.49,-0.01,63,47187,卖盘
1368,13:40:57,7.5,0.01,141,105750,买盘
1369,13:40:54,7.49,-0.01,19,14231,卖盘
1370,13:40:51,7.5,0.01,1,750,买盘
1371,13:40:48,7.49,--,86,64414,卖盘
1372,13:40:45,7.49,--,123,92127,卖盘
1373,13:40:42,7.49,--,2,1498,卖盘
1374,13:40:39,7.49,--,28,20972,卖盘
1375,13:40:36,7.49,-0.01,684,512316,卖盘
1376,13:40:30,7.5,--,1,750,买盘
1377,13:40:27,7.5,--,213,159750,买盘
1378,13:40:24,7.5,0.01,16,12000,买盘
1379,13:40:21,7.49,-0.01,131,98119,卖盘
1380,13:40:18,7.5,0.01,8,6000,买盘
1381,13:40:15,7.49,--,74,55426,卖盘
1382,13:40:12,7.49,-0.01,2,1498,卖盘
1383,13:40:09,7.5,--,16,12000,买盘
1384,13:40:06,7.5,0.01,25,18750,买盘
1385,13:40:03,7.49,-0.01,135,101115,卖盘
1386,13:39:57,7.5,--,148,111000,买盘
1387,13:39:54,7.5,0.01,93,69750,买盘
1388,13:39:51,7.49,--,400,299600,卖盘
1389,13:39:48,7.49,--,60,44940,卖盘
1390,13:39:45,7.49,--,23,17227,卖盘
1391,13:39:42,7.49,-0.01,85,63665,卖盘
1392,13:39:39,7.5,0.01,42,31500,买盘
1393,13:39:36,7.49,-0.01,79,59171,卖盘
1394,13:39:33,7.5,0.01,1,750,买盘
1395,13:39:30,7.49,--,69,51681,卖盘
1396,13:39:27,7.49,--,2,1498,卖盘
1397,13:39:24,7.49,--,151,113099,卖盘
1398,13:39:21,7.49,--,67,50183,卖盘
1399,13:39:18,7.49,-0.01,2,1498,卖盘
1400,13:39:15,7.5,--,36,27000,买盘
1401,13:39:12,7.5,0.01,1001,750750,买盘
1402,13:39:09,7.49,-0.01,90,67410,卖盘
1403,13:39:06,7.5,0.01,49,36750,买盘
1404,13:39:03,7.49,--,28,20972,卖盘
1405,13:39:00,7.49,--,5,3745,卖盘
1406,13:38:57,7.49,-0.01,73,54677,卖盘
1407,13:38:54,7.5,--,119,89250,买盘
1408,13:38:51,7.5,--,21,15750,买盘
1409,13:38:48,7.5,--,147,110250,买盘
1410,13:38:45,7.5,--,49,36750,买盘
1411,13:38:42,7.5,0.01,39,29250,买盘
1412,13:38:39,7.49,-0.01,38,28462,卖盘
1413,13:38:36,7.5,--,35,26250,买盘
1414,13:38:33,7.5,--,72,54000,买盘
1415,13:38:30,7.5,--,208,156000,买盘
1416,13:38:27,7.5,0.01,11,8250,买盘
1417,13:38:24,7.49,-0.01,28,20972,卖盘
1418,13:38:21,7.5,--,41,30750,买盘
1419,13:38:18,7.5,--,3,2250,买盘
1420,13:38:15,7.5,--,2,1500,买盘
1421,13:38:12,7.5,--,1,750,买盘
1422,13:38:09,7.5,0.01,63,47250,买盘
1423,13:38:06,7.49,-0.01,91,68159,卖盘
1424,13:38:03,7.5,0.01,21,15750,买盘
1425,13:38:00,7.49,-0.01,68,50932,卖盘
1426,13:37:57,7.5,--,1795,1346250,买盘
1427,13:37:54,7.5,0.01,18,13500,买盘
1428,13:37:51,7.49,-0.01,33,24717,卖盘
1429,13:37:48,7.5,--,72,54000,买盘
1430,13:37:42,7.5,--,2,1500,买盘
1431,13:37:39,7.5,--,18,13500,买盘
1432,13:37:36,7.5,0.01,43,32250,买盘
1433,13:37:33,7.49,--,19,14231,卖盘
1434,13:37:30,7.49,--,96,71904,卖盘
1435,13:37:27,7.49,-0.01,63,47187,卖盘
1436,13:37:24,7.5,--,17,12750,买盘
1437,13:37:21,7.5,--,65,48750,买盘
1438,13:37:15,7.5,--,44,33000,买盘
1439,13:37:09,7.5,--,20,15000,买盘
1440,13:37:03,7.5,0.01,42,31500,买盘
1441,13:37:00,7.49,-0.01,5,3745,卖盘
1442,13:36:54,7.5,0.01,57,42750,买盘
1443,13:36:51,7.49,-0.01,22,16478,卖盘
1444,13:36:48,7.5,-0.01,1,750,买盘
1445,13:36:42,7.51,0.02,41,30791,买盘
1446,13:36:39,7.49,--,28,20972,卖盘
1447,13:36:36,7.49,-0.02,56,41944,卖盘
1448,13:36:33,7.51,--,31,23281,买盘
1449,13:36:30,7.51,--,243,182493,买盘
1450,13:36:27,7.51,--,2,1502,买盘
1451,13:36:24,7.51,0.01,16,12016,买盘
1452,13:36:21,7.5,-0.01,10,7500,卖盘
1453,13:36:18,7.51,--,60,45060,买盘
1454,13:36:15,7.51,--,1,751,买盘
1455,13:36:12,7.51,0.01,1,751,买盘
1456,13:36:09,7.5,-0.01,45,33750,卖盘
1457,13:36:06,7.51,--,26,19526,买盘
1458,13:36:03,7.51,--,589,442339,买盘
1459,13:36:00,7.51,--,46,34546,买盘
1460,13:35:57,7.51,0.01,381,286131,买盘
1461,13:35:54,7.5,--,52,39000,卖盘
1462,13:35:51,7.5,--,2029,1521750,卖盘
1463,13:35:48,7.5,-0.01,22,16500,卖盘
1464,13:35:42,7.51,0.01,1,751,买盘
1465,13:35:39,7.5,--,34,25500,卖盘
1466,13:35:36,7.5,--,161,120750,卖盘
1467,13:35:33,7.5,--,23,17250,卖盘
1468,13:35:30,7.5,--,109,81750,卖盘
1469,13:35:27,7.5,-0.01,5,3750,卖盘
1470,13:35:24,7.51,--,16,12016,买盘
1471,13:35:21,7.51,0.01,1,751,买盘
1472,13:35:18,7.5,--,11,8250,卖盘
1473,13:35:15,7.5,-0.01,38,28500,卖盘
1474,13:35:09,7.51,0.01,16,12016,买盘
1475,13:35:06,7.5,-0.01,5,3750,卖盘
1476,13:35:03,7.51,--,11,8261,买盘
1477,13:35:00,7.51,--,16,12016,买盘
1478,13:34:57,7.51,--,1221,916971,买盘
1479,13:34:54,7.51,0.01,23,17273,买盘
1480,13:34:51,7.5,-0.01,23,17250,卖盘
1481,13:34:48,7.51,0.01,1,751,买盘
1482,13:34:45,7.5,--,29,21750,卖盘
1483,13:34:39,7.5,-0.01,1,750,卖盘
1484,13:34:36,7.51,0.01,1,751,买盘
1485,13:34:33,7.5,--,196,147000,卖盘
1486,13:34:30,7.5,--,697,522750,卖盘
1487,13:34:27,7.5,-0.01,3,2250,卖盘
1488,13:34:24,7.51,0.01,8,6008,买盘
1489,13:34:18,7.5,-0.01,2,1500,卖盘
1490,13:34:15,7.51,0.01,1,751,买盘
1491,13:34:12,7.5,--,2,1500,卖盘
1492,13:34:06,7.5,-0.01,13,9750,卖盘
1493,13:34:03,7.51,--,228,171228,买盘
1494,13:34:00,7.51,--,3,2253,买盘
1495,13:33:51,7.51,0.01,2,1502,买盘
1496,13:33:48,7.5,-0.01,22,16500,卖盘
1497,13:33:42,7.51,--,3,2253,买盘
1498,13:33:36,7.51,0.01,8,6008,买盘
1499,13:33:33,7.5,-0.01,139,104250,卖盘
1500,13:33:30,7.51,0.01,1,751,买盘
1501,13:33:27,7.5,-0.01,27,20250,卖盘
1502,13:33:21,7.51,0.01,1,751,买盘
1503,13:33:18,7.5,-0.01,2,1500,卖盘
1504,13:33:15,7.51,0.01,38,28538,买盘
1505,13:33:06,7.5,-0.01,4,3000,卖盘
1506,13:33:03,7.51,--,9,6759,买盘
1507,13:32:51,7.51,0.01,112,84112,买盘
1508,13:32:48,7.5,-0.01,22,16500,卖盘
1509,13:32:45,7.51,0.01,20,15020,买盘
1510,13:32:39,7.5,--,10,7500,卖盘
1511,13:32:36,7.5,-0.01,224,168000,卖盘
1512,13:32:33,7.51,--,52,39052,买盘
1513,13:32:30,7.51,--,5,3755,买盘
1514,13:32:27,7.51,0.01,107,80357,买盘
1515,13:32:21,7.5,-0.01,30,22500,卖盘
1516,13:32:18,7.51,0.01,20,15020,买盘
1517,13:32:09,7.5,-0.01,15,11250,卖盘
1518,13:32:03,7.51,0.01,56,42056,买盘
1519,13:32:00,7.5,--,79,59250,卖盘
1520,13:31:57,7.5,--,2,1500,卖盘
1521,13:31:45,7.5,-0.01,22,16500,卖盘
1522,13:31:39,7.51,0.01,107,80357,买盘
1523,13:31:36,7.5,-0.01,33,24750,卖盘
1524,13:31:27,7.51,--,26,19526,买盘
1525,13:31:24,7.51,--,8,6008,买盘
1526,13:31:21,7.51,--,212,159234,卖盘
1527,13:31:15,7.51,--,30,22530,卖盘
1528,13:31:09,7.51,--,9,6759,卖盘
1529,13:31:06,7.51,--,5,4475,卖盘
1530,13:31:03,7.51,--,1,751,卖盘
1531,13:30:54,7.51,--,4,3004,卖盘
1532,13:30:45,7.51,--,40,30047,卖盘
1533,13:30:39,7.51,--,131,98381,卖盘
1534,13:30:30,7.51,--,20,15020,卖盘
1535,13:30:24,7.51,--,26,19526,卖盘
1536,13:30:12,7.51,--,12,9012,卖盘
1537,13:30:06,7.51,--,5,3755,卖盘
1538,13:30:03,7.51,--,2,1502,卖盘
1539,13:30:00,7.51,--,41,30791,卖盘
1540,13:29:57,7.51,-0.01,4,3004,卖盘
1541,13:29:45,7.52,0.01,4,3008,买盘
1542,13:29:42,7.51,--,129,96879,卖盘
1543,13:29:36,7.51,--,5,3755,卖盘
1544,13:29:33,7.51,--,7,5257,卖盘
1545,13:29:30,7.51,--,57,42807,卖盘
1546,13:29:18,7.51,--,1,751,卖盘
1547,13:29:15,7.51,-0.01,5,3755,卖盘
1548,13:29:12,7.52,0.01,8,6016,买盘
1549,13:29:06,7.51,--,200,150200,卖盘
1550,13:29:03,7.51,--,18,13518,卖盘
1551,13:29:00,7.51,--,12,9012,卖盘
1552,13:28:54,7.51,-0.01,10,7510,卖盘
1553,13:28:48,7.52,0.01,197,148144,买盘
1554,13:28:45,7.51,--,21,15771,卖盘
1555,13:28:42,7.51,-0.01,140,105140,卖盘
1556,13:28:39,7.52,--,44,33088,买盘
1557,13:28:21,7.52,0.01,1,752,买盘
1558,13:28:18,7.51,--,34,25534,卖盘
1559,13:28:15,7.51,--,12,9012,卖盘
1560,13:28:06,7.51,--,11,8261,卖盘
1561,13:28:03,7.51,--,1,751,卖盘
1562,13:28:00,7.51,--,3,2253,卖盘
1563,13:27:45,7.51,--,119,89369,卖盘
1564,13:27:42,7.51,--,14,10514,卖盘
1565,13:27:24,7.51,-0.01,97,72847,卖盘
1566,13:27:21,7.52,0.01,9,6768,买盘
1567,13:27:18,7.51,--,9,6759,卖盘
1568,13:27:15,7.51,-0.01,16,12016,卖盘
1569,13:27:06,7.52,0.01,52,39104,买盘
1570,13:27:03,7.51,-0.01,1,751,卖盘
1571,13:27:00,7.52,0.01,7,5264,买盘
1572,13:26:57,7.51,-0.01,3,2253,卖盘
1573,13:26:51,7.52,0.01,40,30080,买盘
1574,13:26:45,7.51,--,287,215537,卖盘
1575,13:26:42,7.51,-0.01,15,11265,卖盘
1576,13:26:36,7.52,--,11,8272,买盘
1577,13:26:24,7.52,--,10,7520,买盘
1578,13:26:21,7.52,0.01,25,19514,买盘
1579,13:26:18,7.51,--,106,79606,买盘
1580,13:26:09,7.51,-0.01,383,287670,卖盘
1581,13:26:06,7.52,--,1,752,买盘
1582,13:26:03,7.52,--,8,6016,买盘
1583,13:26:00,7.52,--,4,3008,买盘
1584,13:25:57,7.52,--,6,4512,买盘
1585,13:25:54,7.52,0.01,15,11280,买盘
1586,13:25:48,7.51,-0.01,126,94626,卖盘
1587,13:25:45,7.52,--,10,7520,买盘
1588,13:25:42,7.52,--,53,39856,买盘
1589,13:25:33,7.52,--,1,752,买盘
1590,13:25:30,7.52,0.01,199,149648,买盘
1591,13:25:27,7.51,--,5,3755,卖盘
1592,13:25:21,7.51,--,49,36799,卖盘
1593,13:25:12,7.51,-0.01,16,12016,卖盘
1594,13:25:09,7.52,0.01,44,33088,买盘
1595,13:25:06,7.51,--,100,75100,卖盘
1596,13:25:03,7.51,-0.01,5,3755,卖盘
1597,13:24:57,7.52,0.01,41,30832,买盘
1598,13:24:51,7.51,--,65,48815,卖盘
1599,13:24:48,7.51,-0.01,103,77353,卖盘
1600,13:24:45,7.52,--,10,7520,买盘
1601,13:24:36,7.52,--,88,66176,买盘
1602,13:24:33,7.52,--,29,21808,买盘
1603,13:24:27,7.52,--,9,6768,买盘
1604,13:24:24,7.52,0.01,47,35344,买盘
1605,13:24:21,7.51,-0.01,35,26285,卖盘
1606,13:24:15,7.52,0.01,42,31584,买盘
1607,13:24:06,7.51,-0.01,17,12767,卖盘
1608,13:24:03,7.52,--,83,62416,买盘
1609,13:23:54,7.52,--,1,752,买盘
1610,13:23:51,7.52,-0.01,173,130095,买盘
1611,13:23:48,7.53,0.01,10,7530,买盘
1612,13:23:42,7.52,--,42,31584,买盘
1613,13:23:33,7.52,0.01,47,35344,卖盘
1614,13:23:30,7.51,-0.01,1014,761514,卖盘
1615,13:23:27,7.52,0.01,4,3008,买盘
1616,13:23:21,7.51,-0.01,2,1502,卖盘
1617,13:23:18,7.52,--,41,30832,买盘
1618,13:23:09,7.52,--,1,752,买盘
1619,13:23:06,7.52,0.01,46,34592,买盘
1620,13:23:03,7.51,-0.01,3,2253,卖盘
1621,13:22:57,7.52,--,41,30832,买盘
1622,13:22:54,7.52,--,7,5264,卖盘
1623,13:22:51,7.52,-0.01,1,752,卖盘
1624,13:22:48,7.53,--,21,15813,买盘
1625,13:22:45,7.53,--,1975,1487175,买盘
1626,13:22:36,7.53,--,1,753,买盘
1627,13:22:33,7.53,--,37,27861,买盘
1628,13:22:30,7.53,--,8,6024,买盘
1629,13:22:27,7.53,--,9,6777,买盘
1630,13:22:24,7.53,0.02,38,28614,买盘
1631,13:22:21,7.51,--,1,751,卖盘
1632,13:22:15,7.51,-0.02,12,9012,卖盘
1633,13:22:12,7.53,0.02,39,29367,买盘
1634,13:22:06,7.51,-0.02,4,3004,卖盘
1635,13:22:03,7.53,--,6,4518,买盘
1636,13:22:00,7.53,0.02,39,29367,买盘
1637,13:21:57,7.51,--,76,57076,卖盘
1638,13:21:54,7.51,-0.02,54,40554,卖盘
1639,13:21:51,7.53,0.02,42,31626,买盘
1640,13:21:48,7.51,-0.02,13,9763,卖盘
1641,13:21:45,7.53,--,33,24849,买盘
1642,13:21:42,7.53,--,1,753,买盘
1643,13:21:39,7.53,--,61,45933,买盘
1644,13:21:30,7.53,--,5,3765,买盘
1645,13:21:27,7.53,--,44,33132,买盘
1646,13:21:24,7.53,0.02,5,3765,买盘
1647,13:21:21,7.51,-0.02,506,380006,卖盘
1648,13:21:18,7.53,0.01,142,106926,买盘
1649,13:21:09,7.52,--,9,6768,买盘
1650,13:21:06,7.52,--,39,29328,买盘
1651,13:20:57,7.52,-0.01,91,68432,卖盘
1652,13:20:54,7.53,--,44,33132,买盘
1653,13:20:48,7.53,--,9,6777,买盘
1654,13:20:45,7.53,0.01,46,34638,买盘
1655,13:20:39,7.52,-0.01,2,1504,卖盘
1656,13:20:33,7.53,0.02,39,29367,买盘
1657,13:20:30,7.51,-0.01,8,6008,卖盘
1658,13:20:27,7.52,--,51,38352,买盘
1659,13:20:24,7.52,0.01,1,752,买盘
1660,13:20:21,7.51,--,43,32293,卖盘
1661,13:20:15,7.51,-0.01,18,13518,卖盘
1662,13:20:12,7.52,0.01,49,36848,买盘
1663,13:20:09,7.51,-0.01,10,7510,卖盘
1664,13:20:06,7.52,0.01,27,20304,买盘
1665,13:20:03,7.51,--,5,3755,卖盘
1666,13:20:00,7.51,--,63,47313,卖盘
1667,13:19:57,7.51,-0.01,130,97630,卖盘
1668,13:19:51,7.52,0.01,51,38352,买盘
1669,13:19:48,7.51,--,1810,1360023,买盘
1670,13:19:45,7.51,0.01,4,3004,买盘
1671,13:19:42,7.5,--,100,75000,卖盘
1672,13:19:39,7.5,--,41,30750,卖盘
1673,13:19:33,7.5,-0.01,3,2250,卖盘
1674,13:19:30,7.51,--,14,10514,买盘
1675,13:19:27,7.51,0.01,39,29289,买盘
1676,13:19:21,7.5,--,3,2250,卖盘
1677,13:19:18,7.5,-0.01,6,4500,卖盘
1678,13:19:15,7.51,--,38,28538,买盘
1679,13:19:12,7.51,0.01,4,3004,买盘
1680,13:19:09,7.5,-0.01,51,38250,卖盘
1681,13:19:06,7.51,0.01,40,30040,买盘
1682,13:19:00,7.5,--,130,97500,卖盘
1683,13:18:57,7.5,-0.01,10,7500,卖盘
1684,13:18:54,7.51,--,55,41305,买盘
1685,13:18:51,7.51,--,44,33044,买盘
1686,13:18:48,7.51,0.01,3,2253,买盘
1687,13:18:45,7.5,-0.01,22,16500,卖盘
1688,13:18:42,7.51,0.01,43,32293,买盘
1689,13:18:39,7.5,-0.01,1,750,卖盘
1690,13:18:36,7.51,0.01,10,7510,买盘
1691,13:18:33,7.5,--,59,44250,卖盘
1692,13:18:21,7.5,-0.01,43,32250,卖盘
1693,13:18:18,7.51,--,10,7510,买盘
1694,13:18:12,7.51,--,14,10514,买盘
1695,13:18:09,7.51,--,40,30040,买盘
1696,13:18:06,7.51,0.01,18,13518,买盘
1697,13:18:03,7.5,--,71,53250,卖盘
1698,13:18:00,7.5,-0.01,354,265500,卖盘
1699,13:17:51,7.51,--,5,3755,买盘
1700,13:17:48,7.51,0.01,39,29289,买盘
1701,13:17:45,7.5,--,15,11250,卖盘
1702,13:17:42,7.5,--,4,3000,卖盘
1703,13:17:39,7.5,-0.01,37,27750,卖盘
1704,13:17:36,7.51,--,238,178738,买盘
1705,13:17:33,7.51,--,100,75100,买盘
1706,13:17:30,7.51,--,12,9012,买盘
1707,13:17:27,7.51,0.01,38,28538,买盘
1708,13:17:24,7.5,--,5,3750,卖盘
1709,13:17:21,7.5,--,31,23250,卖盘
1710,13:17:18,7.5,-0.01,2,1500,卖盘
1711,13:17:15,7.51,0.01,50,37550,买盘
1712,13:17:12,7.5,-0.01,3,2250,卖盘
1713,13:17:09,7.51,--,8,6008,买盘
1714,13:17:06,7.51,0.01,111,83361,买盘
1715,13:17:03,7.5,--,229,171750,卖盘
1716,13:17:00,7.5,-0.01,172,129000,卖盘
1717,13:16:57,7.51,--,18,13518,买盘
1718,13:16:54,7.51,--,41,30791,买盘
1719,13:16:51,7.51,--,39,29289,买盘
1720,13:16:42,7.51,0.01,38,28538,买盘
1721,13:16:36,7.5,-0.01,3,2250,卖盘
1722,13:16:33,7.51,0.01,8,6008,买盘
1723,13:16:30,7.5,-0.01,67,50610,卖盘
1724,13:16:27,7.51,--,10,7510,买盘
1725,13:16:24,7.51,0.01,8,6008,买盘
1726,13:16:21,7.5,-0.02,665,499132,卖盘
1727,13:16:18,7.52,--,43,32335,买盘
1728,13:16:15,7.52,0.01,2,1504,买盘
1729,13:16:12,7.51,--,175,131425,卖盘
1730,13:16:09,7.51,--,45,33795,卖盘
1731,13:16:06,7.51,--,130,97630,卖盘
1732,13:16:00,7.51,-0.01,31,23281,卖盘
1733,13:15:57,7.52,--,57,42864,买盘
1734,13:15:54,7.52,0.01,46,34592,买盘
1735,13:15:51,7.51,--,35,26285,卖盘
1736,13:15:45,7.51,--,41,30813,卖盘
1737,13:15:42,7.51,--,2,1502,卖盘
1738,13:15:39,7.51,--,4,3004,卖盘
1739,13:15:36,7.51,-0.01,44,33044,卖盘
1740,13:15:30,7.52,0.01,13,9776,买盘
1741,13:15:27,7.51,--,1004,754004,卖盘
1742,13:15:24,7.51,--,41,30836,卖盘
1743,13:15:21,7.51,-0.01,68,51068,卖盘
1744,13:15:18,7.52,0.01,10,7520,买盘
1745,13:15:12,7.51,--,43,32293,卖盘
1746,13:15:06,7.51,-0.01,130,97630,卖盘
1747,13:15:03,7.52,--,44,33088,买盘
1748,13:15:00,7.52,--,89,66928,买盘
1749,13:14:51,7.52,0.01,43,32335,买盘
1750,13:14:48,7.51,-0.01,1,751,卖盘
1751,13:14:45,7.52,0.01,8,6016,买盘
1752,13:14:42,7.51,-0.01,8,6008,卖盘
1753,13:14:39,7.52,--,38,28576,买盘
1754,13:14:30,7.52,0.01,42,31584,买盘
1755,13:14:24,7.51,--,68,51068,卖盘
1756,13:14:21,7.51,-0.01,1,751,卖盘
1757,13:14:18,7.52,0.01,39,29328,买盘
1758,13:14:15,7.51,-0.01,3,2253,卖盘
1759,13:14:12,7.52,--,11,8272,买盘
1760,13:14:09,7.52,--,136,102272,买盘
1761,13:14:06,7.52,--,394,296588,买盘
1762,13:14:00,7.52,0.01,52,39104,买盘
1763,13:13:57,7.51,--,54,40554,卖盘
1764,13:13:54,7.51,--,20,15020,卖盘
1765,13:13:51,7.51,-0.01,16,12016,卖盘
1766,13:13:45,7.52,0.01,42,31584,买盘
1767,13:13:42,7.51,-0.01,4,3004,卖盘
1768,13:13:36,7.52,--,1,752,买盘
1769,13:13:33,7.52,0.01,41,30832,买盘
1770,13:13:27,7.51,-0.01,13,9763,卖盘
1771,13:13:24,7.52,0.01,40,30080,买盘
1772,13:13:21,7.51,--,1,751,卖盘
1773,13:13:18,7.51,-0.01,40,30040,卖盘
1774,13:13:15,7.52,0.01,2,1504,买盘
1775,13:13:12,7.51,--,98,73598,卖盘
1776,13:13:09,7.51,-0.01,85,63835,卖盘
1777,13:13:03,7.52,--,41,30832,买盘
1778,13:13:00,7.52,--,54,40608,买盘
1779,13:12:57,7.52,--,17,12784,卖盘
1780,13:12:51,7.52,--,40,30080,买盘
1781,13:12:45,7.52,--,3,2256,买盘
1782,13:12:42,7.52,-0.01,98,74169,卖盘
1783,13:12:39,7.53,--,43,32379,买盘
1784,13:12:36,7.53,--,9,6777,买盘
1785,13:12:30,7.53,--,8,6024,买盘
1786,13:12:27,7.53,--,40,30120,买盘
1787,13:12:24,7.53,0.01,30,22590,买盘
1788,13:12:21,7.52,-0.01,21,15792,卖盘
1789,13:12:18,7.53,0.01,41,30873,买盘
1790,13:12:15,7.52,--,4,3008,卖盘
1791,13:12:12,7.52,-0.01,132,99264,卖盘
1792,13:12:09,7.53,0.01,1,753,买盘
1793,13:12:06,7.52,--,52,39104,卖盘
1794,13:12:03,7.52,-0.01,6,4512,卖盘
1795,13:12:00,7.53,0.01,10,7530,买盘
1796,13:11:57,7.52,-0.01,19,14288,卖盘
1797,13:11:54,7.53,--,42,31626,买盘
1798,13:11:51,7.53,--,8,6024,买盘
1799,13:11:48,7.53,0.01,2,1506,买盘
1800,13:11:45,7.52,-0.01,156,117312,卖盘
1801,13:11:36,7.53,--,1,753,买盘
1802,13:11:33,7.53,0.01,41,30873,买盘
1803,13:11:24,7.52,--,4,3008,卖盘
1804,13:11:21,7.52,-0.01,38,28576,卖盘
1805,13:11:18,7.53,0.01,5,3765,买盘
1806,13:11:15,7.52,-0.01,126,94752,卖盘
1807,13:11:12,7.53,--,1,753,买盘
1808,13:11:09,7.53,--,44,33132,买盘
1809,13:11:06,7.53,--,6,4518,买盘
1810,13:11:03,7.53,--,1,753,买盘
1811,13:11:00,7.53,--,44,33132,买盘
1812,13:10:51,7.53,0.01,1,753,买盘
1813,13:10:48,7.52,-0.01,41,30832,卖盘
1814,13:10:36,7.53,--,37,27861,买盘
1815,13:10:27,7.53,0.01,37,27861,买盘
1816,13:10:21,7.52,-0.01,1,752,卖盘
1817,13:10:18,7.53,0.01,5,3765,买盘
1818,13:10:15,7.52,--,185,139120,卖盘
1819,13:10:12,7.52,--,154,115808,卖盘
1820,13:10:09,7.52,-0.01,2,1504,卖盘
1821,13:10:06,7.53,--,21,15813,买盘
1822,13:10:03,7.53,--,41,30873,买盘
1823,13:10:00,7.53,--,149,112197,买盘
1824,13:09:57,7.53,0.01,11,8283,买盘
1825,13:09:54,7.52,--,46,34592,卖盘
1826,13:09:51,7.52,--,27,20304,卖盘
1827,13:09:45,7.52,-0.01,1,752,卖盘
1828,13:09:42,7.53,0.01,37,27861,买盘
1829,13:09:39,7.52,-0.01,9,6768,卖盘
1830,13:09:36,7.53,0.01,1,753,买盘
1831,13:09:33,7.52,-0.01,17,12784,卖盘
1832,13:09:30,7.53,0.01,37,27861,买盘
1833,13:09:24,7.52,--,33,24816,卖盘
1834,13:09:21,7.52,--,44,33088,卖盘
1835,13:09:18,7.52,-0.01,132,99264,卖盘
1836,13:09:15,7.53,--,23,17319,买盘
1837,13:09:12,7.53,--,1,753,买盘
1838,13:09:09,7.53,--,46,34638,买盘
1839,13:09:00,7.53,--,14,10542,买盘
1840,13:08:57,7.53,0.01,53,39909,买盘
1841,13:08:51,7.52,-0.01,4,3008,卖盘
1842,13:08:48,7.53,0.01,40,30120,买盘
1843,13:08:39,7.52,-0.01,1,752,卖盘
1844,13:08:36,7.53,--,46,34638,买盘
1845,13:08:27,7.53,--,1,753,买盘
1846,13:08:24,7.53,0.01,52,39156,买盘
1847,13:08:21,7.52,--,19,14288,卖盘
1848,13:08:18,7.52,--,159,119568,卖盘
1849,13:08:15,7.52,-0.01,42,31584,卖盘
1850,13:08:06,7.53,--,1,753,买盘
1851,13:08:03,7.53,0.01,38,28614,买盘
1852,13:07:57,7.52,--,1,752,卖盘
1853,13:07:54,7.52,-0.01,4,3008,卖盘
1854,13:07:51,7.53,--,42,31626,买盘
1855,13:07:48,7.53,0.01,1,753,买盘
1856,13:07:45,7.52,-0.01,40,30080,卖盘
1857,13:07:42,7.53,0.01,39,29367,买盘
1858,13:07:39,7.52,-0.01,1,752,卖盘
1859,13:07:36,7.53,--,1,753,买盘
1860,13:07:33,7.53,0.01,101,76053,买盘
1861,13:07:30,7.52,-0.01,81,60912,卖盘
1862,13:07:24,7.53,0.01,2,1506,买盘
1863,13:07:21,7.52,-0.01,141,106137,卖盘
1864,13:07:18,7.53,0.01,52,39156,买盘
1865,13:07:09,7.52,--,43,32335,卖盘
1866,13:07:06,7.52,-0.01,10,7520,卖盘
1867,13:07:00,7.53,--,1,753,买盘
1868,13:06:57,7.53,0.01,42,31626,买盘
1869,13:06:54,7.52,-0.01,3,2256,卖盘
1870,13:06:45,7.53,--,40,30120,买盘
1871,13:06:42,7.53,0.01,11,8283,买盘
1872,13:06:39,7.52,-0.01,8,6016,卖盘
1873,13:06:36,7.53,--,41,30873,买盘
1874,13:06:30,7.53,--,3,2259,买盘
1875,13:06:27,7.53,0.01,1,753,买盘
1876,13:06:24,7.52,--,133,100016,卖盘
1877,13:06:21,7.52,--,38,28576,卖盘
1878,13:06:18,7.52,-0.01,3,2256,卖盘
1879,13:06:15,7.53,--,4,3012,买盘
1880,13:06:12,7.53,--,42,31626,买盘
1881,13:06:06,7.53,0.01,10,7530,买盘
1882,13:06:03,7.52,--,50,37600,卖盘
1883,13:06:00,7.52,--,0,172,卖盘
1884,13:05:57,7.52,-0.01,4,3008,卖盘
1885,13:05:54,7.53,0.01,1,753,买盘
1886,13:05:51,7.52,--,57,42864,卖盘
1887,13:05:42,7.52,-0.01,2,1504,卖盘
1888,13:05:39,7.53,--,51,38403,买盘
1889,13:05:30,7.53,--,37,27861,买盘
1890,13:05:27,7.53,0.01,2,1506,买盘
1891,13:05:24,7.52,-0.01,129,97008,卖盘
1892,13:05:21,7.53,0.01,7,5271,买盘
1893,13:05:18,7.52,-0.01,44,33088,卖盘
1894,13:05:15,7.53,--,1,753,买盘
1895,13:05:12,7.53,--,42,31626,买盘
1896,13:05:06,7.53,0.01,40,30120,买盘
1897,13:05:00,7.52,-0.01,5,3760,卖盘
1898,13:04:57,7.53,--,54,41317,卖盘
1899,13:04:54,7.53,--,2,1506,卖盘
1900,13:04:51,7.53,--,3,2356,买盘
1901,13:04:48,7.53,--,1,753,买盘
1902,13:04:45,7.53,0.01,147,110691,买盘
1903,13:04:42,7.52,-0.01,1,752,卖盘
1904,13:04:36,7.53,--,1,753,买盘
1905,13:04:33,7.53,0.01,42,31626,买盘
1906,13:04:30,7.52,--,21,15792,卖盘
1907,13:04:27,7.52,--,135,101520,卖盘
1908,13:04:24,7.52,-0.01,45,33840,卖盘
1909,13:04:18,7.53,-0.01,39,29367,卖盘
1910,13:04:15,7.54,--,1,754,买盘
1911,13:04:12,7.54,0.01,54,40716,买盘
1912,13:04:06,7.53,--,50,37650,卖盘
1913,13:04:03,7.53,--,12,9036,卖盘
1914,13:04:00,7.53,0.01,42,31626,买盘
1915,13:03:51,7.52,-0.01,9,6768,卖盘
1916,13:03:48,7.53,0.01,38,28614,买盘
1917,13:03:45,7.52,--,37,27824,卖盘
1918,13:03:42,7.52,-0.01,1,752,卖盘
1919,13:03:39,7.53,--,41,30873,买盘
1920,13:03:36,7.53,--,7,5271,买盘
1921,13:03:27,7.53,-0.01,42,31626,卖盘
1922,13:03:24,7.54,--,104,78416,买盘
1923,13:03:15,7.54,--,52,39208,买盘
1924,13:03:09,7.54,--,5,3770,买盘
1925,13:03:06,7.54,0.01,42,31668,买盘
1926,13:03:03,7.53,-0.01,4,3012,卖盘
1927,13:02:57,7.54,0.01,30,22620,买盘
1928,13:02:54,7.53,-0.01,83,62499,卖盘
1929,13:02:45,7.54,--,5,3770,买盘
1930,13:02:42,7.54,--,38,28652,买盘
1931,13:02:36,7.54,0.01,142,107068,买盘
1932,13:02:33,7.53,--,73,54969,买盘
1933,13:02:30,7.53,--,60,45180,卖盘
1934,13:02:27,7.53,--,1,753,卖盘
1935,13:02:24,7.53,--,4,3012,卖盘
1936,13:02:21,7.53,-0.01,43,32379,中性盘
1937,13:02:15,7.54,0.02,10,7540,买盘
1938,13:02:12,7.52,-0.02,143,107536,卖盘
1939,13:02:09,7.54,0.02,37,27898,买盘
1940,13:02:06,7.52,--,12,9024,卖盘
1941,13:02:03,7.52,-0.02,4,3008,卖盘
1942,13:02:00,7.54,--,43,32422,买盘
1943,13:01:48,7.54,--,44,33176,买盘
1944,13:01:45,7.54,0.02,8,6032,买盘
1945,13:01:42,7.52,-0.02,191,143632,卖盘
1946,13:01:36,7.54,--,39,29406,买盘
1947,13:01:33,7.54,--,43,32422,买盘
1948,13:01:30,7.54,--,341,257114,买盘
1949,13:01:27,7.54,0.02,37,27898,买盘
1950,13:01:24,7.52,-0.02,4,3008,卖盘
1951,13:01:15,7.54,--,37,27898,买盘
1952,13:01:12,7.54,--,8,6032,买盘
1953,13:01:09,7.54,0.02,189,142506,买盘
1954,13:01:06,7.52,-0.02,3,2256,卖盘
1955,13:01:03,7.54,0.01,77,58058,买盘
1956,13:01:00,7.53,--,1221,919413,买盘
1957,13:00:57,7.53,--,2,1506,买盘
1958,13:00:54,7.53,-0.01,52,39156,卖盘
1959,13:00:51,7.54,--,6,4524,买盘
1960,13:00:48,7.54,--,188,141752,买盘
1961,13:00:45,7.54,0.02,3,2262,买盘
1962,13:00:42,7.52,-0.02,42,31584,卖盘
1963,13:00:36,7.54,0.02,15,11310,买盘
1964,13:00:33,7.52,-0.02,131,98512,卖盘
1965,13:00:30,7.54,0.02,47,35438,买盘
1966,13:00:27,7.52,-0.01,193,145136,卖盘
1967,13:00:24,7.53,--,1,753,买盘
1968,13:00:21,7.53,--,40,30120,买盘
1969,13:00:18,7.53,--,5,3765,买盘
1970,13:00:15,7.53,--,128,96384,买盘
1971,13:00:12,7.53,--,58,43674,买盘
1972,13:00:09,7.53,--,266,200298,买盘
1973,13:00:06,7.53,--,201,151353,买盘
1974,13:00:03,7.53,-0.01,853,642309,卖盘
1975,13:00:00,7.54,--,0,0,买盘
1976,11:30:00,7.54,--,49,36946,买盘
1977,11:29:57,7.54,--,43,32422,买盘
1978,11:29:54,7.54,--,6,4524,买盘
1979,11:29:51,7.54,--,188,141752,买盘
1980,11:29:48,7.54,--,43,32422,买盘
1981,11:29:45,7.54,0.01,18,13572,买盘
1982,11:29:39,7.53,--,2,1506,卖盘
1983,11:29:36,7.53,-0.01,172,129516,卖盘
1984,11:29:33,7.54,--,1,754,买盘
1985,11:29:30,7.54,0.01,202,152308,买盘
1986,11:29:27,7.53,-0.01,4,3012,卖盘
1987,11:29:24,7.54,--,41,30914,买盘
1988,11:29:21,7.54,--,10,7540,买盘
1989,11:29:18,7.54,0.01,9,6786,买盘
1990,11:29:15,7.53,-0.01,38,28614,卖盘
1991,11:29:12,7.54,0.01,24,18096,买盘
1992,11:29:09,7.53,-0.02,202,152106,卖盘
1993,11:29:03,7.55,0.01,44,33220,买盘
1994,11:29:00,7.54,--,1,754,买盘
1995,11:28:51,7.54,-0.01,36,27144,中性盘
1996,11:28:48,7.55,--,7,5285,买盘
1997,11:28:45,7.55,0.01,190,143450,买盘
1998,11:28:42,7.54,--,44,33176,买盘
1999,11:28:39,7.54,--,1,754,买盘
2000,11:28:36,7.54,0.02,38,28652,卖盘
2001,11:28:30,7.52,--,100,75200,卖盘
2002,11:28:27,7.52,--,192,144384,卖盘
2003,11:28:24,7.52,-0.01,19,14288,卖盘
2004,11:28:21,7.53,--,226,170178,买盘
2005,11:28:18,7.53,--,16,12048,买盘
2006,11:28:15,7.53,-0.01,1,753,中性盘
2007,11:28:06,7.54,0.01,271,204334,买盘
2008,11:28:03,7.53,--,40,30120,卖盘
2009,11:28:00,7.53,--,33,24849,卖盘
2010,11:27:57,7.53,--,10,7530,卖盘
2011,11:27:51,7.53,--,10,7530,买盘
2012,11:27:48,7.53,0.01,250,188250,买盘
2013,11:27:42,7.52,-0.01,300,225600,卖盘
2014,11:27:39,7.53,--,40,30120,买盘
2015,11:27:36,7.53,-0.02,415,312495,卖盘
2016,11:27:33,7.55,0.01,21,15855,买盘
2017,11:27:30,7.54,-0.01,3,2262,卖盘
2018,11:27:27,7.55,--,192,144960,买盘
2019,11:27:24,7.55,0.01,5,3775,买盘
2020,11:27:21,7.54,--,85,64090,卖盘
2021,11:27:15,7.54,--,20,15080,卖盘
2022,11:27:12,7.54,-0.01,1,754,卖盘
2023,11:27:09,7.55,0.01,189,142695,买盘
2024,11:26:54,7.54,-0.01,89,67106,卖盘
2025,11:26:51,7.55,--,81,61155,买盘
2026,11:26:48,7.55,0.01,189,142695,买盘
2027,11:26:45,7.54,--,32,24128,卖盘
2028,11:26:42,7.54,--,127,95758,卖盘
2029,11:26:39,7.54,--,116,87464,卖盘
2030,11:26:36,7.54,--,617,465218,买盘
2031,11:26:30,7.54,--,16,12064,买盘
2032,11:26:27,7.54,0.01,226,170404,买盘
2033,11:26:24,7.53,-0.01,3,2259,卖盘
2034,11:26:21,7.54,--,8,6032,买盘
2035,11:26:15,7.54,-0.01,1,754,卖盘
2036,11:26:12,7.55,0.01,6,4530,买盘
2037,11:26:09,7.54,--,189,142506,买盘
2038,11:26:06,7.54,--,23,17342,卖盘
2039,11:26:03,7.54,--,12,9048,买盘
2040,11:26:00,7.54,--,5,3770,卖盘
2041,11:25:48,7.54,0.01,95,71630,买盘
2042,11:25:45,7.53,--,2,1506,卖盘
2043,11:25:42,7.53,--,64,48192,卖盘
2044,11:25:39,7.53,-0.01,73,54969,卖盘
2045,11:25:36,7.54,0.01,145,109330,买盘
2046,11:25:33,7.53,-0.01,3,2259,卖盘
2047,11:25:30,7.54,0.01,15,11310,买盘
2048,11:25:24,7.53,-0.01,24,18072,卖盘
2049,11:25:21,7.54,0.01,6,4524,买盘
2050,11:25:18,7.53,-0.01,113,85089,卖盘
2051,11:25:15,7.54,--,82,61828,卖盘
2052,11:25:12,7.54,--,6,4524,卖盘
2053,11:25:06,7.54,0.01,154,116116,中性盘
2054,11:24:48,7.53,-0.02,1,753,卖盘
2055,11:24:45,7.55,0.01,89,67195,买盘
2056,11:24:42,7.54,--,110,82940,卖盘
2057,11:24:39,7.54,--,31,23374,买盘
2058,11:24:36,7.54,0.01,84,63336,买盘
2059,11:24:33,7.53,--,198,149094,卖盘
2060,11:24:27,7.53,-0.01,21,15813,卖盘
2061,11:24:24,7.54,0.01,15,11310,买盘
2062,11:24:21,7.53,--,2,1506,卖盘
2063,11:24:18,7.53,--,2,1506,卖盘
2064,11:24:15,7.53,-0.02,2,1506,卖盘
2065,11:24:12,7.55,--,5,3775,买盘
2066,11:24:09,7.55,0.02,141,106455,买盘
2067,11:24:06,7.53,--,20,15060,卖盘
2068,11:24:03,7.53,-0.02,17,12801,卖盘
2069,11:24:00,7.55,0.02,20,15100,买盘
2070,11:23:57,7.53,-0.01,79,59487,卖盘
2071,11:23:51,7.54,--,37,27898,卖盘
2072,11:23:48,7.54,--,1,754,卖盘
2073,11:23:45,7.54,-0.01,201,151554,卖盘
2074,11:23:39,7.55,--,17,12835,买盘
2075,11:23:36,7.55,0.01,175,132125,买盘
2076,11:23:33,7.54,0.01,341,257114,买盘
2077,11:23:30,7.53,-0.01,4,3012,卖盘
2078,11:23:24,7.54,--,57,42978,买盘
2079,11:23:21,7.54,--,5,3770,买盘
2080,11:23:18,7.54,0.01,226,170404,买盘
2081,11:23:12,7.53,-0.01,153,115209,卖盘
2082,11:23:03,7.54,--,147,110838,买盘
2083,11:23:00,7.54,0.01,123,92742,买盘
2084,11:22:57,7.53,--,16,12048,卖盘
2085,11:22:51,7.53,--,2,1506,卖盘
2086,11:22:48,7.53,--,56,42168,卖盘
2087,11:22:45,7.53,--,80,60240,卖盘
2088,11:22:36,7.53,-0.01,4,3012,卖盘
2089,11:22:33,7.54,0.01,140,105560,买盘
2090,11:22:30,7.53,--,15,11295,卖盘
2091,11:22:24,7.53,--,68,51204,卖盘
2092,11:22:18,7.53,-0.01,37,27861,卖盘
2093,11:22:12,7.54,0.01,5,3770,买盘
2094,11:22:09,7.53,--,150,112950,卖盘
2095,11:22:06,7.53,--,277,208581,卖盘
2096,11:22:03,7.53,-0.01,17,12801,卖盘
2097,11:21:54,7.54,--,29,21866,买盘
2098,11:21:51,7.54,0.01,21,15834,买盘
2099,11:21:48,7.53,--,151,113703,卖盘
2100,11:21:39,7.53,--,8,6024,卖盘
2101,11:21:36,7.53,--,195,146835,卖盘
2102,11:21:30,7.53,--,4,3012,卖盘
2103,11:21:27,7.53,--,65,48945,卖盘
2104,11:21:21,7.53,--,10,7530,卖盘
2105,11:21:18,7.53,--,48,36144,卖盘
2106,11:21:15,7.53,--,12,9036,卖盘
2107,11:21:12,7.53,-0.01,16,12048,卖盘
2108,11:21:09,7.54,--,6,4524,买盘
2109,11:21:06,7.54,0.01,140,105560,买盘
2110,11:21:03,7.53,--,16,12048,卖盘
2111,11:21:00,7.53,--,16,12048,卖盘
2112,11:20:57,7.53,--,122,91866,卖盘
2113,11:20:51,7.53,-0.01,125,94125,买盘
2114,11:20:48,7.54,--,15,11310,买盘
2115,11:20:42,7.54,--,5,3770,买盘
2116,11:20:39,7.54,0.01,5,3770,买盘
2117,11:20:36,7.53,--,144,108432,卖盘
2118,11:20:33,7.53,-0.01,3,2259,卖盘
2119,11:20:24,7.54,--,2,1508,买盘
2120,11:20:21,7.54,0.01,20,15080,买盘
2121,11:20:18,7.53,-0.01,1805,1359165,卖盘
2122,11:20:15,7.54,--,8,6032,买盘
2123,11:20:12,7.54,--,25,18850,买盘
2124,11:20:09,7.54,0.01,5,3770,买盘
2125,11:20:06,7.53,-0.01,224,168672,卖盘
2126,11:20:03,7.54,--,10,7540,买盘
2127,11:20:00,7.54,-0.01,256,193024,卖盘
2128,11:19:57,7.55,0.01,6,4530,买盘
2129,11:19:54,7.54,--,173,130442,卖盘
2130,11:19:51,7.54,--,173,130442,卖盘
2131,11:19:48,7.54,0.01,16,12064,卖盘
2132,11:19:42,7.53,-0.02,113,85089,卖盘
2133,11:19:39,7.55,0.01,74,55870,买盘
2134,11:19:36,7.54,0.01,69,52026,买盘
2135,11:19:33,7.53,--,90,67770,卖盘
2136,11:19:30,7.53,-0.01,52,39156,卖盘
2137,11:19:21,7.54,--,221,166634,买盘
2138,11:19:18,7.54,--,44,33176,买盘
2139,11:19:15,7.54,--,22,16588,买盘
2140,11:19:09,7.54,0.01,14,10556,买盘
2141,11:19:06,7.53,-0.02,197,148341,卖盘
2142,11:19:03,7.55,--,252,190260,买盘
2143,11:18:54,7.55,--,134,101170,买盘
2144,11:18:48,7.55,0.01,5,3775,买盘
2145,11:18:45,7.54,--,203,153062,卖盘
2146,11:18:42,7.54,--,10,7540,卖盘
2147,11:18:39,7.54,--,13,9802,卖盘
2148,11:18:36,7.54,-0.01,9,6786,卖盘
2149,11:18:33,7.55,--,197,148735,买盘
2150,11:18:30,7.55,--,300,226500,买盘
2151,11:18:21,7.55,--,39,29445,买盘
2152,11:18:12,7.55,0.01,37,27935,买盘
2153,11:18:06,7.54,--,154,116116,买盘
2154,11:18:00,7.54,--,41,30914,买盘
2155,11:17:57,7.54,0.01,7,5278,买盘
2156,11:17:54,7.53,-0.01,328,246984,卖盘
2157,11:17:51,7.54,--,3,2262,买盘
2158,11:17:48,7.54,--,56,42224,买盘
2159,11:17:42,7.54,--,38,28652,买盘
2160,11:17:39,7.54,--,68,51272,卖盘
2161,11:17:36,7.54,--,23,17342,卖盘
2162,11:17:33,7.54,0.01,108,81432,买盘
2163,11:17:30,7.53,-0.01,5,3765,卖盘
2164,11:17:27,7.54,0.01,38,28652,买盘
2165,11:17:24,7.53,-0.01,28,21084,卖盘
2166,11:17:18,7.54,--,25,18850,买盘
2167,11:17:15,7.54,0.01,77,58058,买盘
2168,11:17:09,7.53,--,4,3012,卖盘
2169,11:17:06,7.53,--,45,33885,卖盘
2170,11:17:03,7.53,-0.01,144,108432,卖盘
2171,11:17:00,7.54,0.01,7,5278,买盘
2172,11:16:57,7.53,-0.01,128,96384,卖盘
2173,11:16:54,7.54,--,43,32422,买盘
2174,11:16:48,7.54,--,10,7540,买盘
2175,11:16:45,7.54,0.01,37,27898,买盘
2176,11:16:42,7.53,--,4,3012,卖盘
2177,11:16:39,7.53,-0.01,13,9789,卖盘
2178,11:16:36,7.54,0.01,5,3770,买盘
2179,11:16:33,7.53,--,60,45180,卖盘
2180,11:16:30,7.53,-0.01,2,1506,卖盘
2181,11:16:24,7.54,--,20,15080,买盘
2182,11:16:21,7.54,--,256,193024,买盘
2183,11:16:15,7.54,0.01,85,64090,买盘
2184,11:16:12,7.53,-0.01,56,42168,卖盘
2185,11:16:09,7.54,--,9,6786,买盘
2186,11:16:06,7.54,0.01,759,572286,买盘
2187,11:16:03,7.53,-0.01,1,753,卖盘
2188,11:16:00,7.54,0.01,127,95758,买盘
2189,11:15:57,7.53,-0.01,47,35391,卖盘
2190,11:15:48,7.54,0.01,40,30160,买盘
2191,11:15:42,7.53,--,8,6024,卖盘
2192,11:15:39,7.53,-0.01,44,33132,卖盘
2193,11:15:27,7.54,--,43,32422,买盘
2194,11:15:24,7.54,--,37,27898,买盘
2195,11:15:15,7.54,--,41,30914,买盘
2196,11:15:12,7.54,0.01,13,9802,买盘
2197,11:15:06,7.53,-0.01,1,753,卖盘
2198,11:15:03,7.54,0.01,41,30914,买盘
2199,11:15:00,7.53,-0.01,155,116715,卖盘
2200,11:14:57,7.54,--,9,6786,买盘
2201,11:14:54,7.54,--,440,331760,买盘
2202,11:14:51,7.54,0.01,8,6032,买盘
2203,11:14:45,7.53,-0.01,13,9789,卖盘
2204,11:14:42,7.54,--,73,55042,买盘
2205,11:14:36,7.54,--,5,3770,买盘
2206,11:14:33,7.54,--,230,173420,买盘
2207,11:14:30,7.54,0.01,63,47502,买盘
2208,11:14:24,7.53,--,20,15060,卖盘
2209,11:14:21,7.53,-0.01,76,57228,卖盘
2210,11:14:18,7.54,0.01,8,6032,买盘
2211,11:14:12,7.53,-0.01,100,75300,卖盘
2212,11:14:09,7.54,0.01,48,36192,买盘
2213,11:14:06,7.53,--,6,4518,卖盘
2214,11:14:03,7.53,0.01,123,92619,中性盘
2215,11:14:00,7.52,-0.01,149,112048,卖盘
2216,11:13:57,7.53,--,87,65511,卖盘
2217,11:13:54,7.53,-0.01,100,75300,卖盘
2218,11:13:48,7.54,--,5,3770,买盘
2219,11:13:45,7.54,0.01,99,74646,买盘
2220,11:13:42,7.53,-0.01,8,6024,卖盘
2221,11:13:39,7.54,--,14,10556,买盘
2222,11:13:36,7.54,0.01,64,48256,买盘
2223,11:13:33,7.53,--,36,27108,卖盘
2224,11:13:27,7.53,-0.01,46,34638,卖盘
2225,11:13:24,7.54,0.01,71,53534,买盘
2226,11:13:15,7.53,-0.01,36,27108,卖盘
2227,11:13:12,7.54,0.01,45,33930,买盘
2228,11:13:09,7.53,--,43,32379,卖盘
2229,11:13:06,7.53,--,293,220629,卖盘
2230,11:13:03,7.53,--,228,171684,卖盘
2231,11:13:00,7.53,--,17,12801,卖盘
2232,11:12:57,7.53,-0.01,6,4518,卖盘
2233,11:12:51,7.54,0.01,39,29406,买盘
2234,11:12:48,7.53,--,4,3012,卖盘
2235,11:12:45,7.53,-0.01,3,2259,卖盘
2236,11:12:42,7.54,--,1,754,买盘
2237,11:12:39,7.54,0.01,41,30914,买盘
2238,11:12:36,7.53,-0.01,36,27108,卖盘
2239,11:12:33,7.54,0.01,10,7540,买盘
2240,11:12:30,7.53,-0.01,75,56475,卖盘
2241,11:12:27,7.54,0.01,5,3770,买盘
2242,11:12:24,7.53,-0.01,193,145329,卖盘
2243,11:12:18,7.54,0.01,76,57304,买盘
2244,11:12:12,7.53,--,92,69276,卖盘
2245,11:12:09,7.53,-0.01,42,31626,卖盘
2246,11:12:06,7.54,0.01,217,163618,买盘
2247,11:12:03,7.53,--,20,15060,卖盘
2248,11:12:00,7.53,-0.01,10,7530,卖盘
2249,11:11:57,7.54,--,38,28652,买盘
2250,11:11:54,7.54,0.01,5,3770,买盘
2251,11:11:51,7.53,-0.01,39,29367,卖盘
2252,11:11:45,7.54,0.01,45,33930,买盘
2253,11:11:42,7.53,-0.01,40,30120,卖盘
2254,11:11:39,7.54,--,81,61074,买盘
2255,11:11:33,7.54,--,88,66352,买盘
2256,11:11:24,7.54,--,38,28652,买盘
2257,11:11:21,7.54,--,6,4524,买盘
2258,11:11:18,7.54,--,123,92742,买盘
2259,11:11:12,7.54,--,58,43732,买盘
2260,11:11:09,7.54,0.01,18,13572,买盘
2261,11:11:06,7.53,-0.01,139,104667,卖盘
2262,11:11:00,7.54,0.01,43,32422,买盘
2263,11:10:54,7.53,-0.01,4,3012,卖盘
2264,11:10:51,7.54,--,39,29406,买盘
2265,11:10:45,7.54,0.01,7,5278,买盘
2266,11:10:42,7.53,-0.01,3,2259,卖盘
2267,11:10:39,7.54,--,42,31668,买盘
2268,11:10:30,7.54,--,45,33930,买盘
2269,11:10:21,7.54,--,9,6786,买盘
2270,11:10:18,7.54,0.01,40,30160,买盘
2271,11:10:12,7.53,--,1,753,卖盘
2272,11:10:09,7.53,--,128,96384,卖盘
2273,11:10:06,7.53,-0.01,41,30873,卖盘
2274,11:09:54,7.54,0.01,42,31668,买盘
2275,11:09:48,7.53,-0.01,4,3012,卖盘
2276,11:09:45,7.54,0.01,38,28652,买盘
2277,11:09:42,7.53,--,16,12048,卖盘
2278,11:09:33,7.53,--,52,39156,卖盘
2279,11:09:30,7.53,--,1,753,卖盘
2280,11:09:27,7.53,-0.01,11,8283,卖盘
2281,11:09:21,7.54,--,39,29406,买盘
2282,11:09:18,7.54,--,24,18096,买盘
2283,11:09:15,7.54,--,10,7540,买盘
2284,11:09:12,7.54,0.01,286,215644,买盘
2285,11:09:09,7.53,--,29,21837,卖盘
2286,11:09:06,7.53,-0.01,1,753,卖盘
2287,11:09:00,7.54,0.01,45,33930,买盘
2288,11:08:57,7.53,-0.01,3,2259,卖盘
2289,11:08:48,7.54,--,44,33176,买盘
2290,11:08:42,7.54,--,16,12064,买盘
2291,11:08:39,7.54,--,39,29406,买盘
2292,11:08:33,7.54,--,9,6786,买盘
2293,11:08:30,7.54,--,20,15080,买盘
2294,11:08:27,7.54,0.01,43,32422,买盘
2295,11:08:18,7.53,-0.01,20,15060,卖盘
2296,11:08:15,7.54,0.01,43,32422,买盘
2297,11:08:12,7.53,-0.01,127,95631,卖盘
2298,11:08:09,7.54,0.01,2,1508,买盘
2299,11:08:06,7.53,--,153,115209,卖盘
2300,11:07:57,7.53,-0.01,4,3012,卖盘
2301,11:07:54,7.54,--,42,31668,买盘
2302,11:07:51,7.54,--,8,6032,买盘
2303,11:07:48,7.54,0.01,15,11310,买盘
2304,11:07:45,7.53,-0.01,4,3012,卖盘
2305,11:07:42,7.54,0.01,40,30160,买盘
2306,11:07:36,7.53,-0.01,24,18072,卖盘
2307,11:07:30,7.54,--,44,33176,买盘
2308,11:07:27,7.54,--,200,150800,买盘
2309,11:07:21,7.54,0.01,37,27898,买盘
2310,11:07:15,7.53,--,45,33885,卖盘
2311,11:07:12,7.53,-0.01,86,64758,卖盘
2312,11:07:09,7.54,0.01,39,29406,买盘
2313,11:07:06,7.53,--,1,753,卖盘
2314,11:07:00,7.53,-0.01,24,18072,卖盘
2315,11:06:57,7.54,--,91,68614,买盘
2316,11:06:54,7.54,0.01,1934,1458236,买盘
2317,11:06:51,7.53,-0.01,10,7530,卖盘
2318,11:06:48,7.54,0.01,39,29406,买盘
2319,11:06:39,7.53,-0.01,51,38403,卖盘
2320,11:06:36,7.54,0.01,47,35438,买盘
2321,11:06:33,7.53,--,88,66264,买盘
2322,11:06:27,7.53,--,3,2259,买盘
2323,11:06:24,7.53,0.01,38,28614,买盘
2324,11:06:21,7.52,-0.01,5,3760,卖盘
2325,11:06:15,7.53,0.01,59,44427,中性盘
2326,11:06:06,7.52,-0.02,61,45872,卖盘
2327,11:06:03,7.54,--,165,124410,买盘
2328,11:06:00,7.54,--,6,4524,买盘
2329,11:05:51,7.54,0.02,43,32422,买盘
2330,11:05:48,7.52,-0.02,185,139120,卖盘
2331,11:05:42,7.54,--,51,38454,买盘
2332,11:05:36,7.54,0.02,47,35438,买盘
2333,11:05:33,7.52,--,1,752,卖盘
2334,11:05:30,7.52,-0.02,40,30080,卖盘
2335,11:05:27,7.54,--,5,3770,买盘
2336,11:05:18,7.54,--,188,141752,买盘
2337,11:05:15,7.54,--,9,6786,买盘
2338,11:05:12,7.54,--,420,316680,买盘
2339,11:05:09,7.54,0.01,117,88218,买盘
2340,11:05:06,7.53,--,41,30873,买盘
2341,11:05:00,7.53,-0.01,13,9789,卖盘
2342,11:04:57,7.54,0.01,45,33930,买盘
2343,11:04:54,7.53,-0.01,14,10542,卖盘
2344,11:04:45,7.54,--,47,35438,买盘
2345,11:04:36,7.54,--,41,30914,买盘
2346,11:04:33,7.54,--,7,5278,买盘
2347,11:04:30,7.54,0.01,89,67106,买盘
2348,11:04:27,7.53,--,346,260989,买盘
2349,11:04:24,7.53,0.01,48,36144,买盘
2350,11:04:18,7.52,-0.01,132,99264,卖盘
2351,11:04:15,7.53,--,64,48192,买盘
2352,11:04:12,7.53,0.01,50,37650,买盘
2353,11:04:06,7.52,--,24,18048,卖盘
2354,11:04:03,7.52,--,237,178224,卖盘
2355,11:03:57,7.52,-0.01,120,90240,卖盘
2356,11:03:51,7.53,--,53,39909,买盘
2357,11:03:45,7.53,--,12,9036,买盘
2358,11:03:39,7.53,0.01,42,31626,买盘
2359,11:03:33,7.52,-0.01,46,34592,卖盘
2360,11:03:30,7.53,0.01,37,27861,买盘
2361,11:03:27,7.52,-0.01,73,54896,卖盘
2362,11:03:24,7.53,--,27,20331,买盘
2363,11:03:21,7.53,--,409,307977,买盘
2364,11:03:18,7.53,0.01,43,32379,买盘
2365,11:03:09,7.52,-0.01,4,3008,卖盘
2366,11:03:06,7.53,--,46,34638,买盘
2367,11:03:00,7.53,--,6,4518,买盘
2368,11:02:57,7.53,0.01,352,265056,买盘
2369,11:02:51,7.52,--,12,9024,卖盘
2370,11:02:45,7.52,-0.01,154,115808,卖盘
2371,11:02:36,7.53,--,3,2259,买盘
2372,11:02:33,7.53,--,46,34638,买盘
2373,11:02:30,7.53,0.01,7,5271,买盘
2374,11:02:27,7.52,-0.01,1,752,卖盘
2375,11:02:24,7.53,--,5,3765,买盘
2376,11:02:21,7.53,0.01,170,128010,买盘
2377,11:02:18,7.52,-0.01,161,121072,卖盘
2378,11:02:12,7.53,0.01,36,27108,买盘
2379,11:02:09,7.52,--,19,14288,卖盘
2380,11:02:06,7.52,-0.01,13,9776,卖盘
2381,11:02:00,7.53,--,39,29367,买盘
2382,11:01:57,7.53,--,7,5271,买盘
2383,11:01:54,7.53,--,300,225900,买盘
2384,11:01:51,7.53,--,14,10542,买盘
2385,11:01:48,7.53,--,38,28614,买盘
2386,11:01:39,7.53,--,52,39156,买盘
2387,11:01:27,7.53,0.01,50,37650,买盘
2388,11:01:24,7.52,-0.01,128,96256,卖盘
2389,11:01:21,7.53,0.01,114,85842,买盘
2390,11:01:18,7.52,-0.01,61,45872,卖盘
2391,11:01:15,7.53,0.01,49,36897,买盘
2392,11:01:09,7.52,--,4,3008,卖盘
2393,11:01:06,7.52,--,45,33840,卖盘
2394,11:01:03,7.52,-0.01,125,94000,卖盘
2395,11:00:57,7.53,--,3,2259,买盘
2396,11:00:54,7.53,--,42,31626,买盘
2397,11:00:51,7.53,--,9,6777,买盘
2398,11:00:42,7.53,0.01,36,27108,买盘
2399,11:00:39,7.52,--,1,752,卖盘
2400,11:00:36,7.52,-0.01,46,34592,卖盘
2401,11:00:33,7.53,0.01,46,34638,买盘
2402,11:00:30,7.52,-0.01,21,15792,卖盘
2403,11:00:27,7.53,0.01,179,134787,买盘
2404,11:00:24,7.52,-0.01,104,78208,卖盘
2405,11:00:21,7.53,--,47,35391,买盘
2406,11:00:15,7.53,0.01,12,9036,买盘
2407,11:00:12,7.52,-0.01,4,3008,卖盘
2408,11:00:09,7.53,--,37,27861,买盘
2409,11:00:06,7.53,0.01,1,753,买盘
2410,11:00:03,7.52,-0.01,52,39104,卖盘
2411,11:00:00,7.53,--,45,33885,买盘
2412,10:59:57,7.53,0.01,143,107679,买盘
2413,10:59:54,7.52,-0.01,100,75200,卖盘
2414,10:59:51,7.53,--,36,27108,买盘
2415,10:59:48,7.53,0.01,57,42921,买盘
2416,10:59:42,7.52,-0.01,1,752,卖盘
2417,10:59:36,7.53,0.01,43,32379,买盘
2418,10:59:30,7.52,--,105,78960,卖盘
2419,10:59:27,7.52,-0.01,514,386528,卖盘
2420,10:59:21,7.53,--,9,6777,买盘
2421,10:59:18,7.53,--,5,3765,买盘
2422,10:59:15,7.53,--,47,35391,买盘
2423,10:59:09,7.53,--,1,753,买盘
2424,10:59:03,7.53,--,39,29367,买盘
2425,10:59:00,7.53,--,10,7530,买盘
2426,10:58:54,7.53,0.01,42,31626,买盘
2427,10:58:51,7.52,--,14,10528,卖盘
2428,10:58:48,7.52,-0.01,7,5264,买盘
2429,10:58:42,7.53,0.02,38,28614,买盘
2430,10:58:33,7.51,-0.02,111,83361,卖盘
2431,10:58:30,7.53,--,170,128010,买盘
2432,10:58:27,7.53,0.01,369,277857,买盘
2433,10:58:24,7.52,-0.01,7,5264,卖盘
2434,10:58:21,7.53,--,59,44427,买盘
2435,10:58:18,7.53,0.01,776,584328,买盘
2436,10:58:15,7.52,-0.01,4,3008,卖盘
2437,10:58:09,7.53,--,39,29367,买盘
2438,10:57:57,7.53,--,182,137046,买盘
2439,10:57:48,7.53,0.01,40,30120,买盘
2440,10:57:45,7.52,--,52,39104,买盘
2441,10:57:36,7.52,--,40,30080,买盘
2442,10:57:30,7.52,-0.01,98,73696,卖盘
2443,10:57:27,7.53,0.01,178,134034,买盘
2444,10:57:24,7.52,-0.01,90,67680,卖盘
2445,10:57:18,7.53,--,13,9789,买盘
2446,10:57:15,7.53,--,47,35391,买盘
2447,10:57:03,7.53,0.01,43,32379,买盘
2448,10:56:57,7.52,-0.01,3,2256,中性盘
2449,10:56:51,7.53,0.01,39,29367,买盘
2450,10:56:48,7.52,--,9,6768,买盘
2451,10:56:45,7.52,0.01,10,7520,买盘
2452,10:56:42,7.51,-0.01,71,53321,卖盘
2453,10:56:39,7.52,--,5,3760,买盘
2454,10:56:36,7.52,0.01,72,54144,买盘
2455,10:56:33,7.51,-0.01,91,68341,卖盘
2456,10:56:30,7.52,--,45,33840,卖盘
2457,10:56:27,7.52,-0.01,196,147392,卖盘
2458,10:56:21,7.53,--,9,6777,买盘
2459,10:56:18,7.53,--,39,29367,买盘
2460,10:56:12,7.53,--,5,3765,买盘
2461,10:56:09,7.53,0.01,43,32379,买盘
2462,10:56:00,7.52,0.01,2,1504,卖盘
2463,10:55:57,7.51,-0.01,185,138935,卖盘
2464,10:55:54,7.52,--,1,752,买盘
2465,10:55:48,7.52,--,9,6768,买盘
2466,10:55:45,7.52,--,38,28576,买盘
2467,10:55:42,7.52,--,15,11280,买盘
2468,10:55:39,7.52,0.01,53,39856,买盘
2469,10:55:36,7.51,-0.01,163,122413,卖盘
2470,10:55:33,7.52,-0.01,107,80464,卖盘
2471,10:55:30,7.53,0.01,3,2259,买盘
2472,10:55:27,7.52,-0.01,1,752,卖盘
2473,10:55:24,7.53,--,178,134034,买盘
2474,10:55:21,7.53,--,10,7530,买盘
2475,10:55:18,7.53,--,19,14307,买盘
2476,10:55:12,7.53,--,74,55722,买盘
2477,10:55:06,7.53,--,12,9036,买盘
2478,10:55:00,7.53,0.01,49,36897,买盘
2479,10:54:57,7.52,-0.01,156,117312,卖盘
2480,10:54:54,7.53,--,9,6777,买盘
2481,10:54:51,7.53,0.01,42,31626,买盘
2482,10:54:48,7.52,--,1,752,卖盘
2483,10:54:45,7.52,-0.01,200,150400,卖盘
2484,10:54:39,7.53,0.01,46,34638,买盘
2485,10:54:36,7.52,-0.01,131,98512,卖盘
2486,10:54:27,7.53,--,51,38403,买盘
2487,10:54:24,7.53,0.01,141,106173,买盘
2488,10:54:21,7.52,-0.01,20,15040,卖盘
2489,10:54:18,7.53,0.01,39,29367,买盘
2490,10:54:15,7.52,--,299,224878,买盘
2491,10:54:09,7.52,--,16,12032,买盘
2492,10:54:06,7.52,--,49,36848,买盘
2493,10:54:03,7.52,-0.01,0,721,卖盘
2494,10:54:00,7.53,0.01,5,3765,买盘
2495,10:53:57,7.52,--,139,104558,买盘
2496,10:53:54,7.52,--,50,37600,买盘
2497,10:53:51,7.52,--,200,150400,买盘
2498,10:53:48,7.52,--,9,6768,买盘
2499,10:53:45,7.52,--,49,36848,买盘
2500,10:53:42,7.52,--,99,75169,卖盘
2501,10:53:39,7.52,--,69,51888,卖盘
2502,10:53:36,7.52,--,93,69936,卖盘
2503,10:53:33,7.52,--,286,215102,买盘
2504,10:53:30,7.52,0.01,65,48880,买盘
2505,10:53:27,7.51,--,142,106642,卖盘
2506,10:53:24,7.51,-0.01,3,2253,卖盘
2507,10:53:21,7.52,0.01,42,31584,买盘
2508,10:53:18,7.51,--,16,12016,卖盘
2509,10:53:15,7.51,-0.01,10,7510,卖盘
2510,10:53:12,7.52,0.01,70,52640,买盘
2511,10:53:00,7.51,-0.01,56,42056,中性盘
2512,10:52:54,7.52,--,9,6768,买盘
2513,10:52:48,7.52,0.01,47,35344,买盘
2514,10:52:42,7.51,--,33,24783,卖盘
2515,10:52:39,7.51,--,129,96879,卖盘
2516,10:52:27,7.51,-0.01,7,5257,卖盘
2517,10:52:24,7.52,--,140,105280,买盘
2518,10:52:06,7.52,0.01,2,1504,买盘
2519,10:52:03,7.51,-0.01,12,9012,卖盘
2520,10:52:00,7.52,0.01,13,9776,买盘
2521,10:51:57,7.51,-0.01,57,42807,卖盘
2522,10:51:54,7.52,0.01,141,106032,买盘
2523,10:51:51,7.51,-0.01,2,1502,卖盘
2524,10:51:45,7.52,0.01,8,6016,买盘
2525,10:51:42,7.51,--,128,96128,卖盘
2526,10:51:39,7.51,--,100,75100,卖盘
2527,10:51:27,7.51,-0.01,195,146445,卖盘
2528,10:51:15,7.52,0.01,17,12784,买盘
2529,10:51:09,7.51,--,3,2253,卖盘
2530,10:51:03,7.51,-0.01,22,16522,卖盘
2531,10:50:57,7.52,--,5,3760,买盘
2532,10:50:54,7.52,0.01,141,106032,买盘
2533,10:50:51,7.51,0.01,121,90871,买盘
2534,10:50:48,7.5,-0.01,16,12000,卖盘
2535,10:50:45,7.51,--,5,3755,买盘
2536,10:50:42,7.51,--,23,17273,卖盘
2537,10:50:39,7.51,--,1,751,卖盘
2538,10:50:33,7.51,0.01,22,16522,买盘
2539,10:50:30,7.5,--,9,6750,卖盘
2540,10:50:27,7.5,--,37,27750,卖盘
2541,10:50:24,7.5,-0.01,16,12000,卖盘
2542,10:50:21,7.51,0.01,1,751,买盘
2543,10:50:15,7.5,-0.01,31,23250,卖盘
2544,10:50:12,7.51,--,31,23281,卖盘
2545,10:50:09,7.51,--,29,21779,卖盘
2546,10:50:03,7.51,--,50,37550,卖盘
2547,10:49:54,7.51,--,5,3755,卖盘
2548,10:49:51,7.51,-0.01,20,15020,卖盘
2549,10:49:48,7.52,0.01,8,6016,买盘
2550,10:49:45,7.51,--,350,263450,买盘
2551,10:49:42,7.51,0.01,142,106642,买盘
2552,10:49:39,7.5,-0.01,57,42750,卖盘
2553,10:49:33,7.51,0.01,102,76602,买盘
2554,10:49:30,7.5,--,33,24750,卖盘
2555,10:49:27,7.5,-0.01,1,750,卖盘
2556,10:49:18,7.51,0.01,5,3755,买盘
2557,10:49:15,7.5,--,3,2250,卖盘
2558,10:49:12,7.5,-0.01,6,4500,卖盘
2559,10:49:06,7.51,0.01,8,6008,买盘
2560,10:49:03,7.5,--,600,450000,卖盘
2561,10:49:00,7.5,-0.01,9,6750,卖盘
2562,10:48:57,7.51,--,32,24032,买盘
2563,10:48:54,7.51,--,30,22530,买盘
2564,10:48:51,7.51,--,18,13518,买盘
2565,10:48:48,7.51,--,141,106041,卖盘
2566,10:48:45,7.51,-0.01,630,473130,卖盘
2567,10:48:42,7.52,--,38,28576,买盘
2568,10:48:39,7.52,--,10,7520,买盘
2569,10:48:36,7.52,0.01,9,6768,买盘
2570,10:48:33,7.51,-0.01,24,18024,卖盘
2571,10:48:30,7.52,--,10,7520,买盘
2572,10:48:27,7.52,--,132,99264,买盘
2573,10:48:18,7.52,--,196,147392,买盘
2574,10:48:12,7.52,--,10,7520,买盘
2575,10:48:03,7.52,--,19,14288,买盘
2576,10:47:57,7.52,--,21,15792,买盘
2577,10:47:51,7.52,0.01,6,4512,买盘
2578,10:47:48,7.51,-0.01,157,117907,卖盘
2579,10:47:45,7.52,--,7,5264,买盘
2580,10:47:42,7.52,0.01,5,3760,买盘
2581,10:47:33,7.51,--,18,13518,卖盘
2582,10:47:30,7.51,-0.01,163,123013,卖盘
2583,10:47:27,7.52,0.01,3,2256,买盘
2584,10:47:21,7.51,--,109,81859,卖盘
2585,10:47:18,7.51,--,49,36799,卖盘
2586,10:47:12,7.51,-0.01,50,37550,卖盘
2587,10:47:09,7.52,--,2,1504,买盘
2588,10:47:06,7.52,0.01,5,3760,买盘
2589,10:47:03,7.51,--,61,45811,卖盘
2590,10:46:57,7.51,--,31,23281,卖盘
2591,10:46:51,7.51,--,46,34546,卖盘
2592,10:46:48,7.51,--,197,147947,卖盘
2593,10:46:36,7.51,--,3,2253,卖盘
2594,10:46:24,7.51,--,9,6759,卖盘
2595,10:46:18,7.51,-0.01,110,82610,卖盘
2596,10:46:09,7.52,0.01,26,19552,买盘
2597,10:46:06,7.51,-0.01,30,22530,卖盘
2598,10:46:03,7.52,--,1,752,买盘
2599,10:45:57,7.52,--,13,9776,买盘
2600,10:45:54,7.52,--,17,12784,买盘
2601,10:45:51,7.52,--,54,40608,卖盘
2602,10:45:48,7.52,--,5,3760,买盘
2603,10:45:39,7.52,0.01,7,5264,买盘
2604,10:45:27,7.51,-0.02,2,1502,卖盘
2605,10:45:24,7.53,0.02,70,52710,买盘
2606,10:45:21,7.51,-0.02,157,117907,卖盘
2607,10:45:12,7.53,0.01,106,79818,买盘
2608,10:45:09,7.52,--,165,124080,卖盘
2609,10:45:06,7.52,--,270,203040,买盘
2610,10:45:03,7.52,--,1,752,买盘
2611,10:45:00,7.52,--,5,3760,买盘
2612,10:44:57,7.52,0.01,7,5264,买盘
2613,10:44:54,7.51,-0.01,500,375500,卖盘
2614,10:44:48,7.52,-0.01,4,3008,卖盘
2615,10:44:45,7.53,0.01,7,5271,买盘
2616,10:44:42,7.52,--,24,18048,卖盘
2617,10:44:36,7.52,--,8,6016,卖盘
2618,10:44:33,7.52,--,13,9776,卖盘
2619,10:44:30,7.52,--,24,18048,卖盘
2620,10:44:27,7.52,--,112,84224,买盘
2621,10:44:24,7.52,--,5,3760,买盘
2622,10:44:21,7.52,0.01,270,203040,买盘
2623,10:44:15,7.51,--,16,12016,卖盘
2624,10:44:12,7.51,-0.01,116,87116,卖盘
2625,10:44:03,7.52,0.01,13,9776,买盘
2626,10:43:57,7.51,-0.01,107,80357,卖盘
2627,10:43:54,7.52,0.01,467,351184,买盘
2628,10:43:48,7.51,-0.01,1,751,卖盘
2629,10:43:45,7.52,0.01,11,8272,买盘
2630,10:43:42,7.51,-0.01,1003,753253,卖盘
2631,10:43:36,7.52,--,8,6016,买盘
2632,10:43:33,7.52,--,588,442176,买盘
2633,10:43:30,7.52,0.01,1,752,买盘
2634,10:43:24,7.51,--,73,54823,卖盘
2635,10:43:21,7.51,-0.01,20,15020,卖盘
2636,10:43:18,7.52,--,37,27824,买盘
2637,10:43:06,7.52,0.01,33,24816,买盘
2638,10:43:03,7.51,--,230,172730,卖盘
2639,10:42:57,7.51,-0.01,128,96128,卖盘
2640,10:42:54,7.52,0.01,20,15040,买盘
2641,10:42:51,7.51,--,11,8261,卖盘
2642,10:42:48,7.51,--,1,751,卖盘
2643,10:42:45,7.51,--,51,38301,卖盘
2644,10:42:39,7.51,-0.01,1,751,卖盘
2645,10:42:36,7.52,--,10,7520,买盘
2646,10:42:27,7.52,0.01,16,12032,买盘
2647,10:42:24,7.51,-0.01,196,147196,卖盘
2648,10:42:21,7.52,0.01,12,9024,买盘
2649,10:42:18,7.51,--,2,1502,卖盘
2650,10:42:15,7.51,-0.01,65,48815,卖盘
2651,10:42:12,7.52,0.01,19,14288,买盘
2652,10:42:09,7.51,--,36,27036,卖盘
2653,10:42:06,7.51,--,1,751,卖盘
2654,10:42:03,7.51,-0.01,3,2253,卖盘
2655,10:42:00,7.52,0.01,40,30080,买盘
2656,10:41:57,7.51,-0.01,137,102887,卖盘
2657,10:41:54,7.52,0.01,7,5264,买盘
2658,10:41:51,7.51,-0.01,80,60080,卖盘
2659,10:41:48,7.52,--,17,12784,卖盘
2660,10:41:45,7.52,0.01,4,3008,中性盘
2661,10:41:42,7.51,-0.01,1,751,卖盘
2662,10:41:39,7.52,-0.01,2,1504,中性盘
2663,10:41:33,7.53,0.02,5,3765,买盘
2664,10:41:30,7.51,-0.01,46,34546,卖盘
2665,10:41:27,7.52,--,10,7520,买盘
2666,10:41:24,7.52,--,1,752,买盘
2667,10:41:18,7.52,--,59,44368,卖盘
2668,10:41:15,7.52,--,41,30832,买盘
2669,10:41:12,7.52,-0.01,7,5264,卖盘
2670,10:41:06,7.53,0.01,3,2259,买盘
2671,10:41:03,7.52,--,120,90240,卖盘
2672,10:41:00,7.52,-0.01,187,140624,卖盘
2673,10:40:57,7.53,--,6,4518,买盘
2674,10:40:54,7.53,0.01,525,395325,买盘
2675,10:40:51,7.52,--,294,221088,卖盘
2676,10:40:48,7.52,--,6,4512,卖盘
2677,10:40:45,7.52,--,3,2256,卖盘
2678,10:40:39,7.52,-0.01,1,752,卖盘
2679,10:40:24,7.53,0.01,16,12048,买盘
2680,10:40:18,7.52,--,2,1504,卖盘
2681,10:40:15,7.52,--,100,75200,卖盘
2682,10:40:12,7.52,-0.01,89,66928,卖盘
2683,10:40:09,7.53,--,50,37650,买盘
2684,10:40:06,7.53,--,6,4518,买盘
2685,10:40:03,7.53,0.01,147,110691,买盘
2686,10:40:00,7.52,--,3,2256,卖盘
2687,10:39:57,7.52,--,7,5264,卖盘
2688,10:39:54,7.52,--,27,20304,卖盘
2689,10:39:48,7.52,-0.01,286,215072,卖盘
2690,10:39:45,7.53,0.01,32,24096,买盘
2691,10:39:42,7.52,--,6,4512,卖盘
2692,10:39:39,7.52,-0.01,1,752,卖盘
2693,10:39:36,7.53,0.01,20,15060,买盘
2694,10:39:30,7.52,--,38,28576,卖盘
2695,10:39:21,7.52,--,85,63920,卖盘
2696,10:39:18,7.52,--,1,752,卖盘
2697,10:39:15,7.52,--,13,9776,卖盘
2698,10:39:06,7.52,--,6,4512,卖盘
2699,10:39:03,7.52,--,139,104528,卖盘
2700,10:38:51,7.52,-0.01,149,112048,卖盘
2701,10:38:48,7.53,0.01,6,4518,买盘
2702,10:38:45,7.52,-0.01,33,24816,卖盘
2703,10:38:42,7.53,--,13,9789,买盘
2704,10:38:39,7.53,--,25,18825,买盘
2705,10:38:36,7.53,0.01,5,3765,买盘
2706,10:38:33,7.52,-0.01,90,67680,卖盘
2707,10:38:27,7.53,0.01,88,66264,买盘
2708,10:38:15,7.52,-0.01,1,752,卖盘
2709,10:38:09,7.53,--,100,75300,买盘
2710,10:38:06,7.53,--,128,96384,买盘
2711,10:38:03,7.53,--,1,753,买盘
2712,10:37:57,7.53,--,6,4518,买盘
2713,10:37:54,7.53,--,199,149847,卖盘
2714,10:37:51,7.53,--,21,15813,卖盘
2715,10:37:48,7.53,--,1,753,卖盘
2716,10:37:45,7.53,--,16,12048,卖盘
2717,10:37:42,7.53,--,201,151353,卖盘
2718,10:37:39,7.53,--,113,85089,卖盘
2719,10:37:36,7.53,--,102,76806,卖盘
2720,10:37:33,7.53,-0.01,92,69276,卖盘
2721,10:37:30,7.54,0.01,16,12064,买盘
2722,10:37:24,7.53,--,2,1506,卖盘
2723,10:37:21,7.53,--,11,8283,卖盘
2724,10:37:15,7.53,--,320,240960,卖盘
2725,10:37:12,7.53,--,16,12048,卖盘
2726,10:37:09,7.53,-0.01,5,3765,卖盘
2727,10:37:06,7.54,0.01,159,119886,买盘
2728,10:37:03,7.53,--,12,9036,卖盘
2729,10:37:00,7.53,--,48,36144,卖盘
2730,10:36:57,7.53,--,28,21084,卖盘
2731,10:36:54,7.53,--,3,2259,卖盘
2732,10:36:51,7.53,--,38,28614,卖盘
2733,10:36:48,7.53,-0.01,49,36897,卖盘
2734,10:36:45,7.54,0.01,1,754,买盘
2735,10:36:42,7.53,--,63,47439,卖盘
2736,10:36:39,7.53,-0.01,5,3765,卖盘
2737,10:36:36,7.54,0.01,10,7540,买盘
2738,10:36:33,7.53,-0.01,5,3765,卖盘
2739,10:36:30,7.54,0.01,11,8294,买盘
2740,10:36:27,7.53,-0.01,118,88854,卖盘
2741,10:36:24,7.54,0.01,33,24882,买盘
2742,10:36:12,7.53,--,2,1506,卖盘
2743,10:36:09,7.53,-0.01,241,181473,卖盘
2744,10:36:03,7.54,--,1,754,买盘
2745,10:36:00,7.54,--,69,52026,买盘
2746,10:35:54,7.54,0.01,5,3770,买盘
2747,10:35:51,7.53,--,115,86595,卖盘
2748,10:35:48,7.53,-0.01,31,23343,卖盘
2749,10:35:45,7.54,0.01,25,18850,买盘
2750,10:35:36,7.53,-0.01,4,3012,卖盘
2751,10:35:33,7.54,--,10,7540,买盘
2752,10:35:30,7.54,0.01,5,3770,买盘
2753,10:35:27,7.53,--,18,13554,卖盘
2754,10:35:24,7.53,-0.01,100,75300,卖盘
2755,10:35:18,7.54,0.01,31,23374,买盘
2756,10:35:15,7.53,-0.01,48,36144,卖盘
2757,10:35:12,7.54,0.01,22,16588,买盘
2758,10:35:09,7.53,-0.01,36,27108,卖盘
2759,10:35:03,7.54,0.01,8,6032,买盘
2760,10:35:00,7.53,--,5,3765,卖盘
2761,10:34:57,7.53,--,25,18825,卖盘
2762,10:34:51,7.53,--,5,3765,卖盘
2763,10:34:48,7.53,-0.01,67,50451,卖盘
2764,10:34:45,7.54,0.01,536,404144,买盘
2765,10:34:42,7.53,--,2,1506,买盘
2766,10:34:39,7.53,--,3,2259,买盘
2767,10:34:36,7.53,-0.01,19,14307,卖盘
2768,10:34:33,7.54,0.01,7,5278,买盘
2769,10:34:30,7.53,--,30,22590,卖盘
2770,10:34:27,7.53,--,5,3765,卖盘
2771,10:34:24,7.53,--,35,26355,卖盘
2772,10:34:21,7.53,--,168,126504,买盘
2773,10:34:15,7.53,0.01,10,7530,买盘
2774,10:34:12,7.52,-0.01,130,97760,卖盘
2775,10:34:09,7.53,--,90,67770,买盘
2776,10:34:06,7.53,--,8,6024,买盘
2777,10:34:03,7.53,--,718,540654,买盘
2778,10:34:00,7.53,0.01,27,20331,买盘
2779,10:33:57,7.52,--,743,558736,卖盘
2780,10:33:54,7.52,-0.01,10,7520,卖盘
2781,10:33:48,7.53,0.01,221,166413,买盘
2782,10:33:45,7.52,-0.01,12,9024,卖盘
2783,10:33:42,7.53,0.01,8,6024,买盘
2784,10:33:33,7.52,--,10,7520,卖盘
2785,10:33:27,7.52,--,8,6016,卖盘
2786,10:33:24,7.52,-0.01,89,66928,卖盘
2787,10:33:21,7.53,0.01,5,3765,买盘
2788,10:33:18,7.52,--,92,69184,卖盘
2789,10:33:15,7.52,--,83,62416,卖盘
2790,10:33:12,7.52,-0.01,46,34592,卖盘
2791,10:33:06,7.53,0.01,6,4518,买盘
2792,10:33:00,7.52,--,4,3008,卖盘
2793,10:32:57,7.52,-0.01,4,3008,卖盘
2794,10:32:51,7.53,0.01,2,1506,买盘
2795,10:32:48,7.52,--,1,752,卖盘
2796,10:32:42,7.52,--,16,12032,卖盘
2797,10:32:39,7.52,--,48,36096,买盘
2798,10:32:36,7.52,--,23,17296,买盘
2799,10:32:33,7.52,--,54,40608,卖盘
2800,10:32:30,7.52,--,17,12784,卖盘
2801,10:32:24,7.52,--,1,752,卖盘
2802,10:32:21,7.52,-0.01,1,752,卖盘
2803,10:32:18,7.53,0.01,56,42168,买盘
2804,10:32:15,7.52,--,169,127088,卖盘
2805,10:32:12,7.52,-0.01,221,166192,卖盘
2806,10:32:06,7.53,0.01,6,4518,买盘
2807,10:32:03,7.52,0.01,9,6768,卖盘
2808,10:32:00,7.51,-0.02,6,4506,卖盘
2809,10:31:48,7.53,0.02,120,90360,买盘
2810,10:31:45,7.51,--,210,157710,卖盘
2811,10:31:36,7.51,--,32,24032,卖盘
2812,10:31:30,7.51,--,90,67590,卖盘
2813,10:31:24,7.51,--,25,18775,卖盘
2814,10:31:21,7.51,--,30,22530,卖盘
2815,10:31:18,7.51,--,51,38301,卖盘
2816,10:31:15,7.51,--,35,26285,卖盘
2817,10:31:12,7.51,-0.02,100,75100,卖盘
2818,10:31:09,7.53,0.01,6,4518,买盘
2819,10:31:06,7.52,--,100,75200,买盘
2820,10:31:03,7.52,0.01,388,291776,买盘
2821,10:31:00,7.51,--,697,523447,卖盘
2822,10:30:51,7.51,-0.01,3,2253,卖盘
2823,10:30:48,7.52,--,19,14288,买盘
2824,10:30:45,7.52,0.01,5,3760,买盘
2825,10:30:42,7.51,-0.01,11,8261,卖盘
2826,10:30:39,7.52,--,308,231616,买盘
2827,10:30:36,7.52,--,8,6016,买盘
2828,10:30:33,7.52,--,413,310576,卖盘
2829,10:30:30,7.52,--,20,15040,卖盘
2830,10:30:24,7.52,0.02,79,59408,买盘
2831,10:30:21,7.5,-0.02,127,95250,卖盘
2832,10:30:18,7.52,--,135,101520,买盘
2833,10:30:12,7.52,-0.01,22,16544,中性盘
2834,10:30:09,7.53,0.01,952,716856,买盘
2835,10:30:06,7.52,-0.01,1,752,卖盘
2836,10:30:03,7.53,--,31,23343,买盘
2837,10:30:00,7.53,0.01,8,6024,买盘
2838,10:29:45,7.52,--,30,22560,卖盘
2839,10:29:42,7.52,--,4,3008,卖盘
2840,10:29:39,7.52,--,164,123328,买盘
2841,10:29:36,7.52,-0.01,5,3760,买盘
2842,10:29:33,7.53,0.02,71,53463,买盘
2843,10:29:27,7.51,-0.02,1,751,卖盘
2844,10:29:21,7.53,0.01,211,158883,买盘
2845,10:29:18,7.52,0.01,22,16544,买盘
2846,10:29:15,7.51,-0.02,6,4506,卖盘
2847,10:29:12,7.53,0.01,125,94125,买盘
2848,10:29:09,7.52,0.01,497,373744,买盘
2849,10:29:06,7.51,--,1,751,卖盘
2850,10:29:03,7.51,--,23,17273,卖盘
2851,10:28:57,7.51,--,126,94626,卖盘
2852,10:28:48,7.51,--,25,18775,卖盘
2853,10:28:45,7.51,--,125,93875,买盘
2854,10:28:39,7.51,0.01,23,17273,买盘
2855,10:28:36,7.5,--,15,11250,卖盘
2856,10:28:33,7.5,--,30,22500,卖盘
2857,10:28:24,7.5,--,29,21750,卖盘
2858,10:28:21,7.5,-0.01,107,80250,卖盘
2859,10:28:18,7.51,-0.01,45,33795,卖盘
2860,10:28:15,7.52,--,4,3008,买盘
2861,10:28:12,7.52,0.01,105,78960,买盘
2862,10:28:06,7.51,0.01,27,20277,中性盘
2863,10:28:03,7.5,-0.01,2125,1594350,卖盘
2864,10:28:00,7.51,-0.01,10,7510,卖盘
2865,10:27:57,7.52,--,3,2256,买盘
2866,10:27:54,7.52,0.01,8,6016,买盘
2867,10:27:42,7.51,-0.01,109,81859,卖盘
2868,10:27:39,7.52,--,183,137616,买盘
2869,10:27:36,7.52,--,6,4512,买盘
2870,10:27:24,7.52,0.01,100,75200,买盘
2871,10:27:21,7.51,-0.01,166,124666,卖盘
2872,10:27:12,7.52,0.01,10,7520,买盘
2873,10:27:06,7.51,--,1,751,卖盘
2874,10:27:00,7.51,--,15,11265,卖盘
2875,10:26:54,7.51,--,100,75100,卖盘
2876,10:26:51,7.51,-0.01,12,9012,卖盘
2877,10:26:48,7.52,0.01,3,2256,买盘
2878,10:26:42,7.51,--,122,91622,卖盘
2879,10:26:36,7.51,--,50,37550,卖盘
