,time,price,change,volume,amount,type
0,15:00:03,7.74,0.01,4643,3594053,买盘
1,14:57:00,7.73,-0.01,743,574339,卖盘
2,14:56:57,7.74,0.01,236,182664,买盘
3,14:56:54,7.73,--,223,172379,卖盘
4,14:56:51,7.73,-0.01,30,23190,卖盘
5,14:56:48,7.74,--,61,47214,买盘
6,14:56:42,7.74,--,40,30960,买盘
7,14:56:39,7.74,--,96,74304,买盘
8,14:56:36,7.74,--,560,433440,买盘
9,14:56:33,7.74,--,159,123066,买盘
10,14:56:30,7.74,--,54,41796,买盘
11,14:56:27,7.74,0.01,784,606816,买盘
12,14:56:24,7.73,-0.01,228,176244,卖盘
13,14:56:21,7.74,--,278,215172,买盘
14,14:56:18,7.74,--,38,29412,卖盘
15,14:56:15,7.74,--,11,8514,中性盘
16,14:56:12,7.74,-0.01,95,73530,中性盘
17,14:56:09,7.75,0.01,121,93775,买盘
18,14:56:06,7.74,--,439,339786,卖盘
19,14:56:03,7.74,--,169,130806,卖盘
20,14:56:00,7.74,--,374,289476,买盘
21,14:55:57,7.74,--,124,95976,买盘
22,14:55:54,7.74,--,497,384678,买盘
23,14:55:51,7.74,--,69,53406,买盘
24,14:55:48,7.74,0.01,117,90558,买盘
25,14:55:45,7.73,-0.01,141,108993,卖盘
26,14:55:42,7.74,--,306,236844,买盘
27,14:55:39,7.74,--,484,374616,买盘
28,14:55:36,7.74,--,103,79722,买盘
29,14:55:33,7.74,0.01,10,7740,买盘
30,14:55:30,7.73,--,122,94306,卖盘
31,14:55:27,7.73,-0.01,6,4638,卖盘
32,14:55:24,7.74,0.01,81,62694,买盘
33,14:55:21,7.73,-0.01,767,592891,卖盘
34,14:55:18,7.74,--,87,67338,买盘
35,14:55:15,7.74,--,10,7740,买盘
36,14:55:12,7.74,0.01,65,50310,买盘
37,14:55:09,7.73,-0.01,75,57975,卖盘
38,14:55:06,7.74,--,73,56502,买盘
39,14:55:03,7.74,--,193,149382,买盘
40,14:55:00,7.74,--,10,7740,买盘
41,14:54:54,7.74,0.01,779,602946,买盘
42,14:54:51,7.73,-0.01,21,16233,卖盘
43,14:54:48,7.74,--,74,57276,买盘
44,14:54:42,7.74,--,16,12384,买盘
45,14:54:39,7.74,--,696,538704,买盘
46,14:54:36,7.74,--,529,409446,买盘
47,14:54:33,7.74,--,188,145512,买盘
48,14:54:30,7.74,--,65,50310,买盘
49,14:54:27,7.74,--,282,218268,卖盘
50,14:54:24,7.74,--,72,55728,卖盘
51,14:54:21,7.74,--,48,37152,卖盘
52,14:54:18,7.74,--,12,9288,卖盘
53,14:54:15,7.74,--,285,220590,卖盘
54,14:54:12,7.74,-0.01,190,147060,卖盘
55,14:54:09,7.75,--,52,40300,买盘
56,14:54:06,7.75,0.01,1729,1339975,买盘
57,14:54:03,7.74,-0.01,11,8514,卖盘
58,14:54:00,7.75,0.01,36,27900,买盘
59,14:53:57,7.74,-0.01,13,10062,卖盘
60,14:53:54,7.75,0.01,24,18600,买盘
61,14:53:51,7.74,-0.01,174,134676,卖盘
62,14:53:48,7.75,--,18,13950,买盘
63,14:53:45,7.75,0.01,101,78275,买盘
64,14:53:39,7.74,--,70,54180,卖盘
65,14:53:36,7.74,-0.01,71,54954,卖盘
66,14:53:33,7.75,0.01,321,248775,买盘
67,14:53:30,7.74,--,94,72756,卖盘
68,14:53:27,7.74,--,83,64242,卖盘
69,14:53:24,7.74,-0.01,241,186534,卖盘
70,14:53:21,7.75,--,9,6975,买盘
71,14:53:18,7.75,0.01,48,37200,买盘
72,14:53:15,7.74,--,34,26316,卖盘
73,14:53:12,7.74,-0.01,15,11610,卖盘
74,14:53:09,7.75,--,246,190650,买盘
75,14:53:06,7.75,0.01,130,100750,买盘
76,14:53:03,7.74,-0.01,50,38700,卖盘
77,14:53:00,7.75,0.01,143,110825,买盘
78,14:52:57,7.74,--,10,7740,卖盘
79,14:52:54,7.74,--,150,116100,卖盘
80,14:52:51,7.74,-0.01,49,37926,卖盘
81,14:52:48,7.75,--,37,28675,买盘
82,14:52:42,7.75,--,64,49600,买盘
83,14:52:39,7.75,0.01,23,17825,买盘
84,14:52:36,7.74,--,79,61146,卖盘
85,14:52:33,7.74,-0.01,340,263160,卖盘
86,14:52:30,7.75,0.01,35,27125,买盘
87,14:52:24,7.74,-0.01,11,8514,卖盘
88,14:52:21,7.75,--,19,14725,买盘
89,14:52:18,7.75,0.01,115,89125,买盘
90,14:52:15,7.74,-0.01,33,25542,卖盘
91,14:52:12,7.75,--,10,7750,买盘
92,14:52:06,7.75,--,295,228625,买盘
93,14:52:03,7.75,--,18,13950,买盘
94,14:52:00,7.75,0.01,5,3875,买盘
95,14:51:57,7.74,-0.01,63,48762,卖盘
96,14:51:54,7.75,--,7,5425,买盘
97,14:51:51,7.75,--,100,77500,买盘
98,14:51:48,7.75,0.01,90,69750,买盘
99,14:51:45,7.74,--,2,1548,卖盘
100,14:51:42,7.74,--,6,4644,卖盘
101,14:51:39,7.74,-0.01,62,47988,卖盘
102,14:51:36,7.75,0.01,91,70525,中性盘
103,14:51:30,7.74,-0.01,81,62694,卖盘
104,14:51:27,7.75,0.01,68,52700,买盘
105,14:51:24,7.74,-0.01,5,3870,卖盘
106,14:51:18,7.75,--,10,7750,卖盘
107,14:51:15,7.75,--,143,110825,卖盘
108,14:51:12,7.75,--,8,6200,卖盘
109,14:51:09,7.75,--,194,150350,买盘
110,14:51:06,7.75,0.01,194,150350,买盘
111,14:51:03,7.74,-0.01,82,63468,卖盘
112,14:51:00,7.75,--,8,6200,买盘
113,14:50:57,7.75,--,161,124775,买盘
114,14:50:54,7.75,--,277,214675,卖盘
115,14:50:48,7.75,-0.01,220,170500,卖盘
116,14:50:45,7.76,0.01,15,11640,买盘
117,14:50:42,7.75,--,34,26350,卖盘
118,14:50:39,7.75,--,116,89900,卖盘
119,14:50:36,7.75,-0.01,79,61225,卖盘
120,14:50:33,7.76,--,38,29488,买盘
121,14:50:30,7.76,0.01,30,23280,买盘
122,14:50:27,7.75,--,79,61225,卖盘
123,14:50:24,7.75,-0.01,6,4650,卖盘
124,14:50:21,7.76,0.02,13,10088,买盘
125,14:50:18,7.74,--,432,334368,卖盘
126,14:50:15,7.74,-0.01,4696,3634704,卖盘
127,14:50:12,7.75,--,142,110050,卖盘
128,14:50:09,7.75,--,166,128650,卖盘
129,14:50:06,7.75,--,178,137950,买盘
130,14:50:03,7.75,--,299,231725,买盘
131,14:50:00,7.75,--,257,199175,买盘
132,14:49:57,7.75,0.01,1249,967975,买盘
133,14:49:54,7.74,-0.01,62,47988,卖盘
134,14:49:51,7.75,0.01,37,28675,买盘
135,14:49:48,7.74,-0.01,45,34830,卖盘
136,14:49:45,7.75,--,163,126325,买盘
137,14:49:42,7.75,--,4,3100,买盘
138,14:49:39,7.75,0.01,230,178250,买盘
139,14:49:36,7.74,-0.01,138,106812,卖盘
140,14:49:33,7.75,--,51,39525,买盘
141,14:49:30,7.75,--,53,41075,买盘
142,14:49:27,7.75,--,19,14725,买盘
143,14:49:24,7.75,--,307,237925,买盘
144,14:49:21,7.75,0.01,14,10850,买盘
145,14:49:18,7.74,--,86,66564,卖盘
146,14:49:12,7.74,--,6,4644,卖盘
147,14:49:09,7.74,-0.01,66,51084,卖盘
148,14:49:06,7.75,--,102,79050,买盘
149,14:49:03,7.75,0.01,307,237925,买盘
150,14:49:00,7.74,-0.01,20,15480,卖盘
151,14:48:57,7.75,--,3,2325,买盘
152,14:48:54,7.75,--,41,31775,买盘
153,14:48:51,7.75,0.01,85,65875,买盘
154,14:48:48,7.74,-0.01,61,47214,卖盘
155,14:48:45,7.75,0.01,11,8525,买盘
156,14:48:42,7.74,--,21,16254,卖盘
157,14:48:39,7.74,--,18,13932,卖盘
158,14:48:36,7.74,-0.01,89,68886,卖盘
159,14:48:30,7.75,0.01,96,74400,买盘
160,14:48:24,7.74,-0.01,23,17802,卖盘
161,14:48:21,7.75,0.01,20,15500,买盘
162,14:48:18,7.74,-0.01,43,33282,卖盘
163,14:48:15,7.75,--,18,13950,买盘
164,14:48:12,7.75,--,5,3875,买盘
165,14:48:09,7.75,--,18,13950,买盘
166,14:48:06,7.75,--,79,61225,买盘
167,14:48:03,7.75,0.01,12,9300,买盘
168,14:48:00,7.74,-0.01,17,13158,卖盘
169,14:47:57,7.75,0.01,391,303025,买盘
170,14:47:54,7.74,-0.01,100,77400,卖盘
171,14:47:51,7.75,--,248,192200,买盘
172,14:47:48,7.75,0.01,79,61225,买盘
173,14:47:45,7.74,--,30,23220,卖盘
174,14:47:42,7.74,-0.01,37,28638,卖盘
175,14:47:39,7.75,0.01,6,4650,买盘
176,14:47:36,7.74,--,2,1548,卖盘
177,14:47:33,7.74,-0.01,5,3870,卖盘
178,14:47:30,7.75,0.01,23,17825,买盘
179,14:47:27,7.74,--,33,25542,卖盘
180,14:47:24,7.74,--,23,17802,卖盘
181,14:47:21,7.74,-0.01,1065,824310,卖盘
182,14:47:18,7.75,--,22,17050,买盘
183,14:47:15,7.75,0.01,15,11625,买盘
184,14:47:12,7.74,-0.01,87,67338,卖盘
185,14:47:06,7.75,--,67,51925,买盘
186,14:47:03,7.75,--,386,299150,买盘
187,14:47:00,7.75,0.01,108,83700,买盘
188,14:46:57,7.74,-0.01,28,21672,卖盘
189,14:46:54,7.75,--,1,775,买盘
190,14:46:51,7.75,--,9,6975,买盘
191,14:46:48,7.75,--,51,39525,买盘
192,14:46:45,7.75,0.01,24,18600,买盘
193,14:46:42,7.74,-0.01,47,36378,卖盘
194,14:46:39,7.75,0.01,20,15500,买盘
195,14:46:36,7.74,--,41,31734,卖盘
196,14:46:33,7.74,--,35,27090,卖盘
197,14:46:30,7.74,--,15,11610,卖盘
198,14:46:27,7.74,--,20,15480,卖盘
199,14:46:24,7.74,-0.01,3,2322,卖盘
200,14:46:21,7.75,0.01,15,11625,买盘
201,14:46:18,7.74,--,532,411768,卖盘
202,14:46:15,7.74,-0.01,67,51858,卖盘
203,14:46:12,7.75,--,82,63550,买盘
204,14:46:09,7.75,--,1,775,买盘
205,14:46:06,7.75,0.01,18,13950,买盘
206,14:46:03,7.74,-0.01,45,34830,卖盘
207,14:46:00,7.75,0.01,41,31775,卖盘
208,14:45:57,7.74,-0.01,4,3096,卖盘
209,14:45:54,7.75,--,26,20150,买盘
210,14:45:51,7.75,--,69,53475,卖盘
211,14:45:48,7.75,--,26,20150,买盘
212,14:45:45,7.75,--,93,72075,卖盘
213,14:45:42,7.75,-0.01,1131,876525,卖盘
214,14:45:36,7.76,0.01,4,3104,买盘
215,14:45:33,7.75,-0.01,21,16275,卖盘
216,14:45:30,7.76,0.01,19,14744,买盘
217,14:45:27,7.75,--,423,327825,卖盘
218,14:45:24,7.75,--,164,127100,卖盘
219,14:45:21,7.75,--,156,120900,卖盘
220,14:45:18,7.75,-0.01,39,30225,卖盘
221,14:45:15,7.76,--,21,16296,买盘
222,14:45:12,7.76,--,10,7760,买盘
223,14:45:09,7.76,--,3,2328,买盘
224,14:45:06,7.76,--,564,437664,买盘
225,14:45:03,7.76,0.01,115,89240,买盘
226,14:45:00,7.75,--,23,17825,卖盘
227,14:44:57,7.75,--,6953,5388575,卖盘
228,14:44:54,7.75,-0.01,19,14725,卖盘
229,14:44:51,7.76,0.01,100,77600,买盘
230,14:44:48,7.75,--,14,10850,卖盘
231,14:44:45,7.75,-0.01,16,12400,卖盘
232,14:44:42,7.76,--,350,271600,买盘
233,14:44:39,7.76,0.01,7,5432,买盘
234,14:44:36,7.75,-0.01,28,21700,卖盘
235,14:44:33,7.76,--,17,13192,买盘
236,14:44:30,7.76,0.01,12,9312,买盘
237,14:44:27,7.75,-0.01,34,26350,卖盘
238,14:44:24,7.76,--,41,31816,买盘
239,14:44:21,7.76,--,59,45784,买盘
240,14:44:18,7.76,0.01,3,2328,买盘
241,14:44:12,7.75,--,2,1550,卖盘
242,14:44:09,7.75,-0.01,37,28675,卖盘
243,14:44:06,7.76,0.01,39,30264,买盘
244,14:44:03,7.75,--,43,33325,卖盘
245,14:44:00,7.75,-0.01,119,92225,卖盘
246,14:43:54,7.76,--,165,128040,买盘
247,14:43:51,7.76,--,20,15520,买盘
248,14:43:48,7.76,--,26,20176,买盘
249,14:43:45,7.76,--,4,3104,买盘
250,14:43:42,7.76,--,1,776,买盘
251,14:43:39,7.76,0.01,5,3880,买盘
252,14:43:36,7.75,--,100,77500,卖盘
253,14:43:33,7.75,-0.01,38,29450,卖盘
254,14:43:30,7.76,--,12,9312,买盘
255,14:43:27,7.76,--,113,87688,买盘
256,14:43:24,7.76,--,7,5432,买盘
257,14:43:21,7.76,--,1,776,买盘
258,14:43:15,7.76,--,1,776,买盘
259,14:43:12,7.76,-0.01,21,16296,卖盘
260,14:43:09,7.77,--,1,777,买盘
261,14:43:06,7.77,0.01,2,1554,买盘
262,14:43:03,7.76,--,108,83808,卖盘
263,14:43:00,7.76,0.01,62,48112,买盘
264,14:42:57,7.75,-0.01,28,21700,卖盘
265,14:42:54,7.76,--,92,71392,买盘
266,14:42:51,7.76,--,30,23280,买盘
267,14:42:48,7.76,--,93,72168,买盘
268,14:42:45,7.76,--,22,17072,买盘
269,14:42:42,7.76,--,13,10088,买盘
270,14:42:39,7.76,--,170,131920,卖盘
271,14:42:36,7.76,--,81,62856,卖盘
272,14:42:30,7.76,--,21,16296,卖盘
273,14:42:27,7.76,--,345,267720,买盘
274,14:42:24,7.76,0.01,33,25608,买盘
275,14:42:21,7.75,-0.01,37,28675,卖盘
276,14:42:18,7.76,--,2,1552,买盘
277,14:42:15,7.76,--,203,157528,买盘
278,14:42:12,7.76,--,51,39576,买盘
279,14:42:09,7.76,--,13,10088,买盘
280,14:42:06,7.76,0.01,9,6984,买盘
281,14:42:03,7.75,-0.01,35,27125,卖盘
282,14:42:00,7.76,-0.01,147,114072,卖盘
283,14:41:57,7.77,0.01,117,90909,买盘
284,14:41:54,7.76,--,110,85360,卖盘
285,14:41:51,7.76,-0.01,311,241336,卖盘
286,14:41:48,7.77,0.01,12,9324,买盘
287,14:41:45,7.76,-0.01,2,1552,卖盘
288,14:41:42,7.77,--,62,48174,买盘
289,14:41:39,7.77,0.01,51,39627,买盘
290,14:41:36,7.76,-0.01,5,3880,卖盘
291,14:41:33,7.77,0.01,1,777,买盘
292,14:41:30,7.76,--,9,6984,卖盘
293,14:41:27,7.76,-0.01,2,1552,卖盘
294,14:41:24,7.77,0.01,55,42735,买盘
295,14:41:18,7.76,--,10,7760,卖盘
296,14:41:15,7.76,-0.01,7,5432,卖盘
297,14:41:12,7.77,0.01,3,2331,买盘
298,14:41:09,7.76,-0.01,319,247544,卖盘
299,14:41:06,7.77,--,57,44289,买盘
300,14:41:03,7.77,--,10,7770,买盘
301,14:40:57,7.77,0.01,2,1554,买盘
302,14:40:54,7.76,--,2,1552,卖盘
303,14:40:51,7.76,-0.01,25,19400,卖盘
304,14:40:48,7.77,--,23,17871,买盘
305,14:40:45,7.77,0.01,28,21756,买盘
306,14:40:42,7.76,-0.01,221,171496,卖盘
307,14:40:39,7.77,0.01,1,777,买盘
308,14:40:36,7.76,--,304,235904,卖盘
309,14:40:30,7.76,-0.01,22,17072,卖盘
310,14:40:27,7.77,--,1,777,买盘
311,14:40:24,7.77,--,9,6993,买盘
312,14:40:21,7.77,0.01,30,23310,买盘
313,14:40:18,7.76,--,10,7760,卖盘
314,14:40:15,7.76,-0.01,272,211072,卖盘
315,14:40:12,7.77,0.01,4,3108,买盘
316,14:40:09,7.76,--,113,87688,卖盘
317,14:40:06,7.76,--,99,76824,卖盘
318,14:40:03,7.76,--,208,161408,卖盘
319,14:40:00,7.76,--,30,23280,卖盘
320,14:39:54,7.76,--,33,25608,卖盘
321,14:39:48,7.76,--,93,72168,卖盘
322,14:39:45,7.76,-0.01,10,7760,卖盘
323,14:39:42,7.77,0.01,4,3108,买盘
324,14:39:39,7.76,--,31,24056,卖盘
325,14:39:36,7.76,--,446,346096,买盘
326,14:39:33,7.76,--,100,77600,买盘
327,14:39:30,7.76,--,20,15520,买盘
328,14:39:27,7.76,0.01,72,55872,买盘
329,14:39:24,7.75,-0.01,61,47275,卖盘
330,14:39:21,7.76,-0.01,59,45784,卖盘
331,14:39:18,7.77,0.01,173,134421,买盘
332,14:39:15,7.76,--,7,5432,卖盘
333,14:39:12,7.76,-0.01,8,6208,卖盘
334,14:39:09,7.77,0.01,115,89355,买盘
335,14:39:06,7.76,--,6,4656,买盘
336,14:39:03,7.76,-0.01,34,26384,中性盘
337,14:39:00,7.77,0.01,61,47397,买盘
338,14:38:57,7.76,--,16,12416,买盘
339,14:38:54,7.76,--,92,71392,买盘
340,14:38:51,7.76,--,10,7760,买盘
341,14:38:48,7.76,0.01,16,12416,中性盘
342,14:38:42,7.75,--,4,3100,卖盘
343,14:38:36,7.75,-0.01,102,79050,卖盘
344,14:38:33,7.76,--,272,211072,买盘
345,14:38:30,7.76,--,15,11640,买盘
346,14:38:27,7.76,--,85,65960,买盘
347,14:38:24,7.76,--,15,11640,买盘
348,14:38:21,7.76,--,199,154757,卖盘
349,14:38:15,7.76,--,511,396536,卖盘
350,14:38:12,7.76,--,202,156752,卖盘
351,14:38:09,7.76,-0.01,5,3880,卖盘
352,14:38:06,7.77,0.01,4,3108,买盘
353,14:38:03,7.76,--,9,6984,卖盘
354,14:37:57,7.76,-0.01,182,141232,卖盘
355,14:37:48,7.77,0.01,37,28749,买盘
356,14:37:45,7.76,-0.01,9,6984,卖盘
357,14:37:42,7.77,0.01,1,777,买盘
358,14:37:39,7.76,--,604,468704,卖盘
359,14:37:36,7.76,--,258,200208,卖盘
360,14:37:33,7.76,--,2,1552,卖盘
361,14:37:30,7.76,--,38,29488,卖盘
362,14:37:27,7.76,-0.01,500,388000,卖盘
363,14:37:24,7.77,--,46,36114,买盘
364,14:37:21,7.77,--,100,77700,买盘
365,14:37:18,7.77,--,96,74592,买盘
366,14:37:15,7.77,0.01,20,15540,买盘
367,14:37:12,7.76,--,34,26384,卖盘
368,14:37:09,7.76,-0.01,2,1552,卖盘
369,14:37:06,7.77,0.01,5,3885,买盘
370,14:37:03,7.76,-0.01,39,30264,卖盘
371,14:37:00,7.77,0.01,182,141414,买盘
372,14:36:54,7.76,-0.01,2,1552,卖盘
373,14:36:51,7.77,0.01,6,4662,买盘
374,14:36:48,7.76,--,16,12485,买盘
375,14:36:45,7.76,-0.01,112,87618,卖盘
376,14:36:42,7.77,0.01,238,184926,买盘
377,14:36:39,7.76,-0.01,19,14744,卖盘
378,14:36:36,7.77,--,17,13209,买盘
379,14:36:33,7.77,0.01,115,89424,买盘
380,14:36:30,7.76,0.01,63,48888,买盘
381,14:36:27,7.75,-0.01,2,1550,卖盘
382,14:36:24,7.76,--,22,17072,买盘
383,14:36:21,7.76,--,285,221866,卖盘
384,14:36:18,7.76,--,10,7760,卖盘
385,14:36:15,7.76,--,131,101656,卖盘
386,14:36:12,7.76,--,162,125712,卖盘
387,14:36:09,7.76,--,61,47336,卖盘
388,14:36:06,7.76,-0.01,220,170720,卖盘
389,14:36:03,7.77,0.01,7,5439,买盘
390,14:36:00,7.76,--,60,46560,卖盘
391,14:35:57,7.76,--,27,20952,卖盘
392,14:35:54,7.76,--,100,77600,卖盘
393,14:35:51,7.76,-0.01,57,44232,卖盘
394,14:35:48,7.77,--,21,16317,买盘
395,14:35:45,7.77,0.01,110,85470,买盘
396,14:35:42,7.76,--,383,297208,卖盘
397,14:35:39,7.76,--,3,2328,卖盘
398,14:35:36,7.76,--,36,27936,卖盘
399,14:35:33,7.76,--,485,376360,卖盘
400,14:35:30,7.76,--,44,34144,卖盘
401,14:35:27,7.76,-0.01,6,4656,卖盘
402,14:35:21,7.77,0.01,250,194250,买盘
403,14:35:18,7.76,--,8,6208,卖盘
404,14:35:15,7.76,-0.01,37,28712,卖盘
405,14:35:12,7.77,0.01,37,28749,买盘
406,14:35:09,7.76,-0.01,61,47336,卖盘
407,14:35:06,7.77,--,128,99456,买盘
408,14:35:03,7.77,--,101,78477,买盘
409,14:34:57,7.77,0.01,46,35742,买盘
410,14:34:54,7.76,--,302,234352,卖盘
411,14:34:51,7.76,--,5,3880,卖盘
412,14:34:48,7.76,--,4,3104,卖盘
413,14:34:45,7.76,-0.01,78,60528,卖盘
414,14:34:42,7.77,--,3,2331,买盘
415,14:34:39,7.77,--,4,3108,买盘
416,14:34:36,7.77,0.01,50,38850,买盘
417,14:34:33,7.76,-0.01,28,21728,卖盘
418,14:34:30,7.77,0.01,3,2331,买盘
419,14:34:27,7.76,-0.01,10,7760,卖盘
420,14:34:24,7.77,0.01,522,405594,买盘
421,14:34:21,7.76,--,5,3880,卖盘
422,14:34:18,7.76,-0.01,85,65960,卖盘
423,14:34:15,7.77,0.01,17,13209,买盘
424,14:34:12,7.76,--,142,110192,卖盘
425,14:34:09,7.76,-0.01,2,1552,卖盘
426,14:34:06,7.77,--,1,777,买盘
427,14:34:03,7.77,--,2,1554,买盘
428,14:34:00,7.77,0.01,11,8547,买盘
429,14:33:57,7.76,-0.01,32,24832,卖盘
430,14:33:54,7.77,0.01,1221,948717,买盘
431,14:33:51,7.76,-0.01,16,12416,卖盘
432,14:33:48,7.77,--,14,10878,买盘
433,14:33:45,7.77,0.01,10,7770,买盘
434,14:33:42,7.76,--,27,20952,卖盘
435,14:33:39,7.76,--,27,20952,卖盘
436,14:33:36,7.76,-0.01,3300,2560800,卖盘
437,14:33:33,7.77,0.01,2,1554,买盘
438,14:33:30,7.76,--,6,4656,卖盘
439,14:33:27,7.76,--,2,1552,卖盘
440,14:33:24,7.76,-0.01,3,2328,卖盘
441,14:33:21,7.77,--,87,67599,买盘
442,14:33:18,7.77,0.01,9,6993,买盘
443,14:33:15,7.76,-0.01,394,305744,卖盘
444,14:33:12,7.77,0.01,5,3885,买盘
445,14:33:06,7.76,--,4,3104,卖盘
446,14:33:03,7.76,--,5,3880,卖盘
447,14:32:54,7.76,-0.01,28,21728,卖盘
448,14:32:51,7.77,--,96,74592,买盘
449,14:32:48,7.77,--,40,31080,买盘
450,14:32:42,7.77,--,6,4662,买盘
451,14:32:39,7.77,--,116,90132,买盘
452,14:32:27,7.77,--,335,260295,买盘
453,14:32:21,7.77,--,38,29526,买盘
454,14:32:18,7.77,--,60,46620,买盘
455,14:32:15,7.77,--,110,85470,买盘
456,14:32:09,7.77,--,70,54390,买盘
457,14:32:06,7.77,--,455,353535,买盘
458,14:32:03,7.77,--,469,364413,买盘
459,14:32:00,7.77,--,24,18648,买盘
460,14:31:57,7.77,0.01,850,660450,买盘
461,14:31:54,7.76,-0.01,133,103208,卖盘
462,14:31:51,7.77,--,53,41181,买盘
463,14:31:48,7.77,--,1,777,买盘
464,14:31:42,7.77,0.01,1,777,买盘
465,14:31:39,7.76,--,54,41904,卖盘
466,14:31:36,7.76,--,50,38800,卖盘
467,14:31:33,7.76,--,13,10088,卖盘
468,14:31:30,7.76,--,21,16296,卖盘
469,14:31:27,7.76,--,96,74496,卖盘
470,14:31:24,7.76,--,100,77600,卖盘
471,14:31:21,7.76,-0.01,102,79152,卖盘
472,14:31:18,7.77,0.01,8,6216,买盘
473,14:31:15,7.76,-0.01,61,47336,卖盘
474,14:31:12,7.77,--,136,105672,买盘
475,14:31:06,7.77,--,15,11655,买盘
476,14:31:03,7.77,--,4,3108,买盘
477,14:30:57,7.77,--,624,485236,卖盘
478,14:30:54,7.77,--,113,87801,卖盘
479,14:30:51,7.77,--,55,42735,卖盘
480,14:30:48,7.77,--,388,301476,卖盘
481,14:30:45,7.77,--,283,219891,卖盘
482,14:30:42,7.77,--,3,2331,卖盘
483,14:30:39,7.77,--,21,16317,卖盘
484,14:30:36,7.77,--,227,176379,卖盘
485,14:30:30,7.77,-0.01,33,25641,卖盘
486,14:30:27,7.78,0.01,38,29564,买盘
487,14:30:24,7.77,--,5,3885,卖盘
488,14:30:21,7.77,-0.01,101,78477,卖盘
489,14:30:18,7.78,--,14,10892,买盘
490,14:30:15,7.78,--,1996,1552888,买盘
491,14:30:12,7.78,0.01,52,40456,买盘
492,14:30:09,7.77,-0.01,110,85470,卖盘
493,14:30:06,7.78,--,23,17894,买盘
494,14:30:03,7.78,0.01,143,111254,买盘
495,14:30:00,7.77,-0.01,610,473970,卖盘
496,14:29:57,7.78,0.01,135,105030,买盘
497,14:29:54,7.77,-0.01,100,77700,卖盘
498,14:29:51,7.78,0.01,6,4668,买盘
499,14:29:45,7.77,--,38,29526,卖盘
500,14:29:42,7.77,-0.01,64,49728,卖盘
501,14:29:39,7.78,--,52,41156,买盘
502,14:29:36,7.78,0.01,28,21784,买盘
503,14:29:33,7.77,--,34,26418,卖盘
504,14:29:30,7.77,--,36,27972,卖盘
505,14:29:27,7.77,-0.01,16,12432,卖盘
506,14:29:24,7.78,0.01,48,37344,买盘
507,14:29:18,7.77,--,12,9324,卖盘
508,14:29:15,7.77,--,504,391608,卖盘
509,14:29:09,7.77,-0.01,30,23310,卖盘
510,14:29:06,7.78,--,20,15560,买盘
511,14:29:03,7.78,--,28,21784,买盘
512,14:29:00,7.78,0.01,12,9336,买盘
513,14:28:54,7.77,--,2,1554,卖盘
514,14:28:51,7.77,--,10,7770,卖盘
515,14:28:42,7.77,-0.01,3,2331,卖盘
516,14:28:39,7.78,0.01,37,28786,买盘
517,14:28:36,7.77,--,2,1554,卖盘
518,14:28:33,7.77,--,16,12432,卖盘
519,14:28:30,7.77,--,2,1554,卖盘
520,14:28:24,7.77,-0.01,21,16317,卖盘
521,14:28:21,7.78,--,1004,781112,买盘
522,14:28:18,7.78,--,104,80912,买盘
523,14:28:15,7.78,0.01,150,116700,买盘
524,14:28:09,7.77,-0.01,142,110334,卖盘
525,14:28:03,7.78,--,143,111254,买盘
526,14:28:00,7.78,0.01,53,41234,买盘
527,14:27:54,7.77,--,33,25641,卖盘
528,14:27:48,7.77,-0.01,12,9324,卖盘
529,14:27:45,7.78,--,10,7780,买盘
530,14:27:42,7.78,0.01,4,3112,买盘
531,14:27:36,7.77,-0.01,6,4662,卖盘
532,14:27:33,7.78,0.01,98,76244,买盘
533,14:27:30,7.77,--,32,24864,卖盘
534,14:27:27,7.77,-0.01,2,1554,卖盘
535,14:27:21,7.78,--,19,14782,买盘
536,14:27:18,7.78,--,13,10114,买盘
537,14:27:15,7.78,0.01,44,34232,买盘
538,14:27:12,7.77,--,9,6993,卖盘
539,14:27:09,7.77,-0.01,5,3885,卖盘
540,14:27:06,7.78,--,22,17116,买盘
541,14:27:03,7.78,0.01,27,21006,买盘
542,14:27:00,7.77,-0.01,25,19425,卖盘
543,14:26:57,7.78,0.01,10,7780,买盘
544,14:26:54,7.77,-0.01,2,1554,卖盘
545,14:26:48,7.78,--,100,77800,买盘
546,14:26:45,7.78,0.01,175,136150,买盘
547,14:26:42,7.77,--,14,10878,卖盘
548,14:26:39,7.77,-0.01,7,5439,卖盘
549,14:26:36,7.78,--,20,15560,买盘
550,14:26:33,7.78,0.01,11,8558,买盘
551,14:26:30,7.77,--,1,777,卖盘
552,14:26:27,7.77,-0.01,2,1554,卖盘
553,14:26:24,7.78,--,56,43568,买盘
554,14:26:21,7.78,--,7,5446,买盘
555,14:26:18,7.78,--,27,21006,买盘
556,14:26:15,7.78,0.01,52,40456,买盘
557,14:26:12,7.77,--,3,2331,卖盘
558,14:26:09,7.77,-0.01,4,3108,卖盘
559,14:26:06,7.78,--,21,16338,买盘
560,14:26:03,7.78,--,212,164936,买盘
561,14:26:00,7.78,0.01,4,3112,买盘
562,14:25:57,7.77,-0.01,4,3108,卖盘
563,14:25:54,7.78,--,1,778,买盘
564,14:25:51,7.78,--,5,3890,买盘
565,14:25:48,7.78,0.01,1,778,买盘
566,14:25:45,7.77,-0.01,116,90132,卖盘
567,14:25:39,7.78,0.01,13,10114,买盘
568,14:25:36,7.77,--,95,73815,卖盘
569,14:25:33,7.77,-0.01,24,18648,卖盘
570,14:25:30,7.78,--,20,15560,买盘
571,14:25:27,7.78,0.01,1,778,买盘
572,14:25:24,7.77,--,2,1554,卖盘
573,14:25:21,7.77,--,2,1554,卖盘
574,14:25:18,7.77,--,29,22533,卖盘
575,14:25:12,7.77,-0.01,6,4662,卖盘
576,14:25:09,7.78,--,122,94916,买盘
577,14:25:06,7.78,--,2,1556,买盘
578,14:25:03,7.78,--,4,3112,买盘
579,14:25:00,7.78,--,1,778,买盘
580,14:24:57,7.78,0.01,15,11670,买盘
581,14:24:54,7.77,--,3,2331,卖盘
582,14:24:51,7.77,--,61,47397,卖盘
583,14:24:48,7.77,-0.01,24,18648,卖盘
584,14:24:45,7.78,0.01,16,12448,买盘
585,14:24:42,7.77,--,15,11655,卖盘
586,14:24:39,7.77,--,53,41181,卖盘
587,14:24:30,7.77,-0.01,2,1554,卖盘
588,14:24:27,7.78,0.01,72,56016,买盘
589,14:24:24,7.77,--,32,24864,卖盘
590,14:24:21,7.77,-0.01,20,15540,卖盘
591,14:24:18,7.78,0.01,75,58350,买盘
592,14:24:15,7.77,--,122,94794,卖盘
593,14:24:12,7.77,-0.01,5,3885,卖盘
594,14:24:09,7.78,0.01,1,778,买盘
595,14:24:06,7.77,-0.01,24,18648,卖盘
596,14:24:03,7.78,--,62,48236,买盘
597,14:24:00,7.78,--,20,15560,买盘
598,14:23:57,7.78,0.01,28,21784,买盘
599,14:23:54,7.77,-0.01,16,12432,卖盘
600,14:23:51,7.78,0.01,9,7002,买盘
601,14:23:48,7.77,--,102,79254,卖盘
602,14:23:45,7.77,--,105,81585,卖盘
603,14:23:42,7.77,-0.01,86,66822,卖盘
604,14:23:39,7.78,--,4,3112,买盘
605,14:23:33,7.78,0.01,2,1556,买盘
606,14:23:27,7.77,--,13,10101,卖盘
607,14:23:24,7.77,--,14,10878,卖盘
608,14:23:21,7.77,-0.01,5,3885,卖盘
609,14:23:18,7.78,--,39,30342,买盘
610,14:23:15,7.78,--,127,98806,买盘
611,14:23:12,7.78,--,51,39678,买盘
612,14:23:09,7.78,--,5,3890,买盘
613,14:23:06,7.78,0.01,13,10114,买盘
614,14:23:03,7.77,--,12,9324,卖盘
615,14:23:00,7.77,-0.01,4,3108,卖盘
616,14:22:57,7.78,0.01,26,20228,买盘
617,14:22:51,7.77,-0.01,2,1554,卖盘
618,14:22:48,7.78,0.01,1,778,买盘
619,14:22:45,7.77,-0.01,14,10878,卖盘
620,14:22:42,7.78,0.01,5,3890,买盘
621,14:22:39,7.77,--,1,777,卖盘
622,14:22:36,7.77,-0.01,3,2331,卖盘
623,14:22:30,7.78,0.01,50,38900,买盘
624,14:22:27,7.77,--,2,1554,卖盘
625,14:22:24,7.77,-0.01,11,8547,卖盘
626,14:22:21,7.78,0.01,10,7780,买盘
627,14:22:18,7.77,--,5,3885,卖盘
628,14:22:15,7.77,-0.01,23,17871,卖盘
629,14:22:09,7.78,0.01,8,6224,买盘
630,14:22:06,7.77,-0.01,43,33411,卖盘
631,14:22:03,7.78,0.01,34,26452,买盘
632,14:21:57,7.77,--,10,7770,卖盘
633,14:21:54,7.77,-0.01,22,17094,卖盘
634,14:21:51,7.78,0.01,4,3112,买盘
635,14:21:48,7.77,-0.01,3,2331,卖盘
636,14:21:45,7.78,--,16,12448,买盘
637,14:21:42,7.78,0.01,46,35788,买盘
638,14:21:39,7.77,--,141,109557,卖盘
639,14:21:36,7.77,--,22,17094,卖盘
640,14:21:33,7.77,--,2,1554,卖盘
641,14:21:30,7.77,-0.01,33,25641,卖盘
642,14:21:27,7.78,0.01,10,7780,买盘
643,14:21:24,7.77,--,11,8547,卖盘
644,14:21:21,7.77,-0.01,1,777,卖盘
645,14:21:18,7.78,0.01,14,10892,买盘
646,14:21:15,7.77,--,9,6993,卖盘
647,14:21:12,7.77,-0.01,2,1554,卖盘
648,14:21:09,7.78,--,50,38900,买盘
649,14:21:06,7.78,0.01,15,11670,买盘
650,14:21:03,7.77,--,22,17094,卖盘
651,14:21:00,7.77,-0.02,33,25641,卖盘
652,14:20:57,7.79,--,10,7790,买盘
653,14:20:51,7.79,0.01,1,779,买盘
654,14:20:48,7.78,--,16,12448,卖盘
655,14:20:45,7.78,--,14,10892,卖盘
656,14:20:42,7.78,--,52,40456,卖盘
657,14:20:39,7.78,-0.01,7,5446,卖盘
658,14:20:36,7.79,--,10,7790,买盘
659,14:20:33,7.79,0.02,51,39729,买盘
660,14:20:30,7.77,--,92,71484,卖盘
661,14:20:27,7.77,--,2,1554,卖盘
662,14:20:24,7.77,-0.01,11,8547,卖盘
663,14:20:18,7.78,0.01,125,97872,买盘
664,14:20:15,7.77,-0.01,2,1554,卖盘
665,14:20:12,7.78,--,1,778,买盘
666,14:20:09,7.78,--,1,778,买盘
667,14:20:06,7.78,--,330,256895,卖盘
668,14:20:03,7.78,--,236,183608,卖盘
669,14:20:00,7.78,--,15,11670,卖盘
670,14:19:54,7.78,--,47,36566,卖盘
671,14:19:48,7.78,--,4,3112,卖盘
672,14:19:45,7.78,--,21,16338,卖盘
673,14:19:42,7.78,--,131,101918,卖盘
674,14:19:39,7.78,--,218,169604,卖盘
675,14:19:36,7.78,--,244,189832,卖盘
676,14:19:33,7.78,--,21,16338,卖盘
677,14:19:30,7.78,-0.01,2,1556,卖盘
678,14:19:27,7.79,0.01,4,3116,买盘
679,14:19:24,7.78,--,246,191388,卖盘
680,14:19:21,7.78,-0.01,6,4668,卖盘
681,14:19:18,7.79,0.01,2,1558,买盘
682,14:19:12,7.78,--,38,29564,卖盘
683,14:19:09,7.78,-0.01,52,40456,卖盘
684,14:19:06,7.79,--,6,4674,买盘
685,14:19:03,7.79,0.01,15,11685,买盘
686,14:19:00,7.78,--,3,2334,卖盘
687,14:18:57,7.78,--,39,30342,卖盘
688,14:18:54,7.78,--,12,9336,卖盘
689,14:18:51,7.78,--,4,3112,卖盘
690,14:18:48,7.78,--,2,1556,卖盘
691,14:18:45,7.78,-0.01,61,47458,卖盘
692,14:18:42,7.79,--,50,38950,买盘
693,14:18:39,7.79,0.01,24,18696,买盘
694,14:18:36,7.78,--,10,7780,卖盘
695,14:18:30,7.78,--,7,5446,卖盘
696,14:18:24,7.78,--,2,1556,卖盘
697,14:18:21,7.78,-0.01,3,2334,卖盘
698,14:18:18,7.79,0.01,14,10906,买盘
699,14:18:15,7.78,-0.01,11,8558,卖盘
700,14:18:12,7.79,--,11,8569,买盘
701,14:18:06,7.79,0.01,28,21812,买盘
702,14:18:03,7.78,--,13,10114,卖盘
703,14:18:00,7.78,-0.01,79,61462,卖盘
704,14:17:57,7.79,0.01,1200,934800,买盘
705,14:17:54,7.78,--,53,41234,卖盘
706,14:17:51,7.78,--,22,17116,卖盘
707,14:17:48,7.78,--,100,77800,卖盘
708,14:17:42,7.78,--,1,778,卖盘
709,14:17:39,7.78,--,63,49014,卖盘
710,14:17:36,7.78,--,2,1556,卖盘
711,14:17:33,7.78,--,14,11514,买盘
712,14:17:30,7.78,0.01,130,101140,买盘
713,14:17:27,7.77,-0.01,3,2331,卖盘
714,14:17:24,7.78,0.01,167,129926,买盘
715,14:17:21,7.77,--,14,10878,卖盘
716,14:17:18,7.77,-0.01,129,100233,卖盘
717,14:17:09,7.78,--,13,10114,买盘
718,14:17:06,7.78,--,45,35010,买盘
719,14:17:03,7.78,--,43,33454,买盘
720,14:17:00,7.78,--,8,6224,买盘
721,14:16:57,7.78,--,45,35010,买盘
722,14:16:54,7.78,--,101,78578,买盘
723,14:16:51,7.78,--,50,38900,买盘
724,14:16:48,7.78,0.01,51,39678,买盘
725,14:16:45,7.77,-0.01,2,1554,卖盘
726,14:16:42,7.78,0.01,39,30342,买盘
727,14:16:36,7.77,-0.01,47,36519,卖盘
728,14:16:33,7.78,--,89,69242,买盘
729,14:16:30,7.78,--,96,74688,买盘
730,14:16:27,7.78,0.01,7,5446,买盘
731,14:16:24,7.77,-0.01,5,3885,卖盘
732,14:16:21,7.78,--,94,73132,买盘
733,14:16:18,7.78,0.01,10,7780,买盘
734,14:16:12,7.77,-0.01,80,62160,卖盘
735,14:16:09,7.78,--,21,16338,买盘
736,14:16:06,7.78,--,22,17116,买盘
737,14:16:03,7.78,--,76,59128,买盘
738,14:16:00,7.78,--,100,77800,买盘
739,14:15:54,7.78,--,392,305131,卖盘
740,14:15:51,7.78,-0.01,8,6224,卖盘
741,14:15:48,7.79,0.01,6,4674,买盘
742,14:15:45,7.78,--,110,85580,卖盘
743,14:15:42,7.78,--,355,276190,卖盘
744,14:15:39,7.78,--,2,1556,卖盘
745,14:15:30,7.78,--,26,20228,卖盘
746,14:15:27,7.78,-0.01,536,417008,卖盘
747,14:15:24,7.79,0.01,1316,1025164,买盘
748,14:15:21,7.78,-0.01,42,32676,卖盘
749,14:15:18,7.79,0.01,45,35055,买盘
750,14:15:15,7.78,--,50,38900,卖盘
751,14:15:12,7.78,--,6,4668,卖盘
752,14:15:06,7.78,-0.01,173,134594,卖盘
753,14:15:03,7.79,0.01,64,49856,买盘
754,14:15:00,7.78,--,3481,2708840,买盘
755,14:14:57,7.78,0.01,42,32676,买盘
756,14:14:48,7.77,--,44,34809,卖盘
757,14:14:45,7.77,--,29,22533,卖盘
758,14:14:42,7.77,-0.01,66,51282,卖盘
759,14:14:39,7.78,--,48,37344,买盘
760,14:14:36,7.78,0.01,3,2334,买盘
761,14:14:33,7.77,-0.01,28,21756,卖盘
762,14:14:30,7.78,0.01,400,311200,买盘
763,14:14:27,7.77,--,27,20979,卖盘
764,14:14:24,7.77,--,2,1554,卖盘
765,14:14:21,7.77,--,270,209790,卖盘
766,14:14:18,7.77,--,14,10878,卖盘
767,14:14:15,7.77,-0.01,29,22533,卖盘
768,14:14:12,7.78,0.01,4,3112,买盘
769,14:14:09,7.77,-0.01,14,10878,卖盘
770,14:14:06,7.78,--,416,323648,买盘
771,14:14:03,7.78,0.01,15,11670,买盘
772,14:14:00,7.77,-0.01,6,4662,卖盘
773,14:13:54,7.78,0.01,6,4668,买盘
774,14:13:51,7.77,-0.01,10,7770,卖盘
775,14:13:48,7.78,--,4,3112,买盘
776,14:13:45,7.78,0.01,27,21006,买盘
777,14:13:42,7.77,--,300,233100,卖盘
778,14:13:39,7.77,--,205,159285,卖盘
779,14:13:33,7.77,-0.01,4,3108,卖盘
780,14:13:30,7.78,0.01,1,778,买盘
781,14:13:27,7.77,-0.01,28,21756,卖盘
782,14:13:24,7.78,--,21,16338,买盘
783,14:13:21,7.78,0.01,2,1556,买盘
784,14:13:18,7.77,--,30,23310,卖盘
785,14:13:15,7.77,-0.01,29,22533,卖盘
786,14:13:09,7.78,--,46,35788,买盘
787,14:13:06,7.78,0.01,1,778,买盘
788,14:13:03,7.77,-0.01,106,82362,卖盘
789,14:13:00,7.78,0.01,10,7780,买盘
790,14:12:57,7.77,-0.01,3,2331,卖盘
791,14:12:54,7.78,--,24,18672,买盘
792,14:12:51,7.78,--,4,3112,买盘
793,14:12:48,7.78,--,6,4668,买盘
794,14:12:45,7.78,0.01,28,21784,买盘
795,14:12:42,7.77,--,2,1554,卖盘
796,14:12:36,7.77,--,2,1554,卖盘
797,14:12:33,7.77,-0.01,102,79254,卖盘
798,14:12:27,7.78,--,4,3112,买盘
799,14:12:24,7.78,--,37,28786,买盘
800,14:12:21,7.78,--,6,4668,买盘
801,14:12:18,7.78,--,53,41234,买盘
802,14:12:12,7.78,0.01,39,30342,买盘
803,14:12:09,7.77,-0.01,7,5439,卖盘
804,14:12:06,7.78,--,57,44346,买盘
805,14:12:03,7.78,0.01,3,2334,买盘
806,14:12:00,7.77,--,19,14763,卖盘
807,14:11:57,7.77,-0.01,4,3108,卖盘
808,14:11:51,7.78,--,45,35010,买盘
809,14:11:48,7.78,--,118,91804,买盘
810,14:11:45,7.78,0.01,43,33454,买盘
811,14:11:42,7.77,--,290,225330,买盘
812,14:11:39,7.77,--,74,57498,买盘
813,14:11:36,7.77,-0.01,85,66045,卖盘
814,14:11:33,7.78,0.01,40,31120,买盘
815,14:11:30,7.77,--,2,1554,卖盘
816,14:11:27,7.77,--,45,34965,买盘
817,14:11:24,7.77,--,62,48174,买盘
818,14:11:21,7.77,--,254,197358,买盘
819,14:11:18,7.77,--,297,230769,买盘
820,14:11:15,7.77,--,148,114996,买盘
821,14:11:12,7.77,0.01,47,36519,买盘
822,14:11:09,7.76,-0.01,99,76824,卖盘
823,14:11:06,7.77,0.01,1,777,买盘
824,14:11:03,7.76,-0.01,17,13192,卖盘
825,14:11:00,7.77,0.01,401,311577,买盘
826,14:10:57,7.76,--,129,100104,卖盘
827,14:10:54,7.76,-0.01,9,6984,卖盘
828,14:10:51,7.77,--,68,52836,买盘
829,14:10:48,7.77,--,88,68376,买盘
830,14:10:45,7.77,--,68,52836,买盘
831,14:10:42,7.77,0.01,59,45843,买盘
832,14:10:39,7.76,-0.01,24,18624,卖盘
833,14:10:30,7.77,0.01,7,5439,买盘
834,14:10:27,7.76,-0.01,103,79928,卖盘
835,14:10:24,7.77,--,10,7770,买盘
836,14:10:21,7.77,0.01,10,7770,买盘
837,14:10:18,7.76,-0.01,1,776,卖盘
838,14:10:15,7.77,0.01,33,25641,买盘
839,14:10:12,7.76,-0.01,27,20952,卖盘
840,14:10:09,7.77,--,102,79254,买盘
841,14:10:06,7.77,--,28,21756,买盘
842,14:10:03,7.77,--,29,22533,买盘
843,14:10:00,7.77,0.01,3,2331,买盘
844,14:09:57,7.76,--,59,45784,卖盘
845,14:09:54,7.76,-0.01,4,3104,卖盘
846,14:09:51,7.77,0.01,26,20202,买盘
847,14:09:48,7.76,-0.01,1,776,卖盘
848,14:09:45,7.77,--,17,13209,买盘
849,14:09:42,7.77,--,13,10101,买盘
850,14:09:39,7.77,0.01,58,45066,买盘
851,14:09:36,7.76,--,5,3880,卖盘
852,14:09:33,7.76,--,7,5432,卖盘
853,14:09:30,7.76,--,10,7760,卖盘
854,14:09:24,7.76,-0.01,11,8536,卖盘
855,14:09:21,7.77,--,1,777,买盘
856,14:09:18,7.77,0.01,3,2331,买盘
857,14:09:15,7.76,--,110,85360,卖盘
858,14:09:12,7.76,--,5,3880,卖盘
859,14:09:09,7.76,-0.01,22,17072,卖盘
860,14:09:06,7.77,--,3,2331,买盘
861,14:09:03,7.77,0.01,4,3108,买盘
862,14:09:00,7.76,-0.01,18,13968,卖盘
863,14:08:54,7.77,0.01,103,80031,买盘
864,14:08:51,7.76,-0.01,38,29488,卖盘
865,14:08:48,7.77,--,966,750582,买盘
866,14:08:45,7.77,0.01,33,25641,买盘
867,14:08:42,7.76,--,5,3880,卖盘
868,14:08:33,7.76,--,15,11640,卖盘
869,14:08:30,7.76,--,61,47336,卖盘
870,14:08:24,7.76,-0.01,10,7760,卖盘
871,14:08:21,7.77,0.01,4,3108,买盘
872,14:08:18,7.76,--,10,7760,卖盘
873,14:08:15,7.76,-0.01,4,3104,卖盘
874,14:08:09,7.77,--,503,390831,买盘
875,14:08:03,7.77,0.01,4,3108,买盘
876,14:08:00,7.76,--,10,7760,卖盘
877,14:07:57,7.76,--,2,1552,卖盘
878,14:07:54,7.76,--,42,32592,卖盘
879,14:07:51,7.76,-0.01,16,12416,卖盘
880,14:07:48,7.77,0.01,51,39627,买盘
881,14:07:45,7.76,--,33,25608,卖盘
882,14:07:42,7.76,-0.01,79,61304,卖盘
883,14:07:39,7.77,0.01,33,25641,买盘
884,14:07:36,7.76,-0.01,2,1552,卖盘
885,14:07:33,7.77,0.01,20,15540,买盘
886,14:07:24,7.76,-0.01,2,1552,卖盘
887,14:07:21,7.77,--,24,18648,买盘
888,14:07:18,7.77,0.01,42,32634,买盘
889,14:07:15,7.76,--,3,2328,卖盘
890,14:07:12,7.76,-0.01,103,79928,卖盘
891,14:07:09,7.77,--,6,4662,买盘
892,14:07:06,7.77,--,3,2331,买盘
893,14:07:03,7.77,0.01,3,2331,买盘
894,14:07:00,7.76,-0.01,35,27160,卖盘
895,14:06:57,7.77,--,2,1554,买盘
896,14:06:54,7.77,0.01,298,231546,买盘
897,14:06:51,7.76,--,5,3880,卖盘
898,14:06:48,7.76,-0.01,3,2328,卖盘
899,14:06:39,7.77,0.01,51,39627,买盘
900,14:06:36,7.76,--,11,8536,卖盘
901,14:06:33,7.76,--,1,776,卖盘
902,14:06:27,7.76,-0.01,2,1552,卖盘
903,14:06:24,7.77,--,46,35742,买盘
904,14:06:21,7.77,--,7,5439,买盘
905,14:06:18,7.77,0.01,28,21756,买盘
906,14:06:15,7.76,--,14,10864,卖盘
907,14:06:12,7.76,-0.01,5,3880,卖盘
908,14:06:06,7.77,--,4,3108,买盘
909,14:06:03,7.77,--,197,153069,买盘
910,14:06:00,7.77,0.01,19,14763,买盘
911,14:05:57,7.76,--,4,3104,卖盘
912,14:05:54,7.76,-0.01,151,117176,卖盘
913,14:05:51,7.77,0.01,121,94017,买盘
914,14:05:48,7.76,--,3,2328,卖盘
915,14:05:45,7.76,-0.01,2,1552,卖盘
916,14:05:36,7.77,-0.01,61,47397,卖盘
917,14:05:33,7.78,0.01,3,2334,买盘
918,14:05:30,7.77,--,300,233100,卖盘
919,14:05:27,7.77,--,15,11655,卖盘
920,14:05:24,7.77,-0.01,15,11655,卖盘
921,14:05:21,7.78,0.01,23,17894,买盘
922,14:05:18,7.77,--,27,20979,卖盘
923,14:05:15,7.77,-0.01,7,5439,卖盘
924,14:05:12,7.78,0.02,9,7002,买盘
925,14:05:09,7.76,-0.02,425,329800,卖盘
926,14:05:06,7.78,--,1,778,买盘
927,14:05:03,7.78,--,3,2334,买盘
928,14:05:00,7.78,0.01,4,3112,买盘
929,14:04:57,7.77,--,32,24864,卖盘
930,14:04:51,7.77,0.01,65,50815,买盘
931,14:04:48,7.76,-0.01,39,30264,卖盘
932,14:04:45,7.77,--,10,7770,买盘
933,14:04:42,7.77,--,48,37296,买盘
934,14:04:39,7.77,--,37,28749,买盘
935,14:04:36,7.77,--,27,20979,买盘
936,14:04:33,7.77,--,721,560217,买盘
937,14:04:30,7.77,--,3,2331,买盘
938,14:04:27,7.77,--,21,16317,买盘
939,14:04:24,7.77,--,24,18648,买盘
940,14:04:21,7.77,0.01,541,420357,买盘
941,14:04:18,7.76,--,24,18624,卖盘
942,14:04:15,7.76,-0.01,2,1552,卖盘
943,14:04:12,7.77,--,12,9324,买盘
944,14:04:09,7.77,--,1,777,买盘
945,14:04:06,7.77,--,5,3885,买盘
946,14:04:03,7.77,0.01,22,17094,买盘
947,14:04:00,7.76,--,15,11640,卖盘
948,14:03:57,7.76,--,3,2328,卖盘
949,14:03:54,7.76,-0.01,15,11640,卖盘
950,14:03:51,7.77,--,21,16317,买盘
951,14:03:48,7.77,--,18,13986,买盘
952,14:03:45,7.77,0.01,10,7770,买盘
953,14:03:42,7.76,-0.01,7,5432,卖盘
954,14:03:39,7.77,--,1,777,买盘
955,14:03:36,7.77,0.01,100,77700,买盘
956,14:03:33,7.76,-0.01,8,6208,卖盘
957,14:03:30,7.77,--,24,18648,买盘
958,14:03:24,7.77,0.01,110,85470,买盘
959,14:03:21,7.76,-0.01,38,29488,卖盘
960,14:03:18,7.77,0.01,103,80031,买盘
961,14:03:15,7.76,--,235,182360,卖盘
962,14:03:09,7.76,-0.01,2,1552,卖盘
963,14:03:06,7.77,--,23,17871,买盘
964,14:03:03,7.77,0.01,8,6216,买盘
965,14:03:00,7.76,--,2,1552,卖盘
966,14:02:57,7.76,--,2,1552,卖盘
967,14:02:54,7.76,--,3,2328,卖盘
968,14:02:48,7.76,-0.01,95,73720,卖盘
969,14:02:45,7.77,0.01,17,13209,买盘
970,14:02:42,7.76,--,3,2328,卖盘
971,14:02:36,7.76,-0.01,3,2328,卖盘
972,14:02:33,7.77,0.01,1,777,买盘
973,14:02:27,7.76,-0.01,13,10088,卖盘
974,14:02:21,7.77,0.01,1,777,买盘
975,14:02:18,7.76,-0.01,8,6208,卖盘
976,14:02:15,7.77,0.01,791,614607,买盘
977,14:02:12,7.76,-0.01,4,3104,卖盘
978,14:02:09,7.77,--,1,777,买盘
979,14:02:06,7.77,0.01,11,8547,买盘
980,14:02:03,7.76,-0.01,21,16296,卖盘
981,14:02:00,7.77,0.01,25,19425,买盘
982,14:01:57,7.76,--,4,3104,卖盘
983,14:01:54,7.76,--,2,1552,卖盘
984,14:01:51,7.76,--,20,15520,卖盘
985,14:01:48,7.76,--,13,10088,卖盘
986,14:01:45,7.76,--,80,62080,卖盘
987,14:01:42,7.76,--,2,1552,卖盘
988,14:01:39,7.76,-0.01,10,7760,卖盘
989,14:01:36,7.77,--,3,2331,买盘
990,14:01:33,7.77,0.01,11,8547,买盘
991,14:01:30,7.76,-0.01,6,4656,卖盘
992,14:01:27,7.77,--,26,20202,买盘
993,14:01:24,7.77,0.01,8,6216,买盘
994,14:01:21,7.76,--,59,45784,卖盘
995,14:01:18,7.76,--,5,3880,卖盘
996,14:01:15,7.76,--,2,1552,卖盘
997,14:01:09,7.76,--,16,12416,卖盘
998,14:01:06,7.76,-0.01,22,17072,卖盘
999,14:01:03,7.77,--,8,6216,买盘
1000,14:01:00,7.77,0.01,1,777,买盘
1001,14:00:57,7.76,-0.01,207,160632,卖盘
1002,14:00:54,7.77,0.01,26,20202,买盘
1003,14:00:51,7.76,--,48,37248,卖盘
1004,14:00:48,7.76,--,11,8536,卖盘
1005,14:00:45,7.76,--,2,1552,卖盘
1006,14:00:42,7.76,--,15,11640,卖盘
1007,14:00:39,7.76,--,20,15520,卖盘
1008,14:00:36,7.76,--,28,21728,卖盘
1009,14:00:30,7.76,--,106,82256,卖盘
1010,14:00:27,7.76,-0.01,15,11640,卖盘
1011,14:00:24,7.77,--,8,6216,买盘
1012,14:00:21,7.77,0.01,1,777,买盘
1013,14:00:18,7.76,-0.01,5,3880,卖盘
1014,14:00:12,7.77,0.01,6,4662,买盘
1015,14:00:09,7.76,-0.01,20,15520,卖盘
1016,14:00:06,7.77,0.01,13,10101,买盘
1017,14:00:03,7.76,--,74,57424,卖盘
1018,14:00:00,7.76,--,3,2328,卖盘
1019,13:59:54,7.76,--,29,22504,卖盘
1020,13:59:51,7.76,--,14,10864,卖盘
1021,13:59:48,7.76,--,12,9312,卖盘
1022,13:59:42,7.76,--,1,776,卖盘
1023,13:59:39,7.76,--,2,1552,卖盘
1024,13:59:36,7.76,--,1,1466,卖盘
1025,13:59:33,7.76,--,274,212624,卖盘
1026,13:59:30,7.76,--,2,1552,卖盘
1027,13:59:27,7.76,-0.01,50,38800,卖盘
1028,13:59:24,7.77,--,7,5439,买盘
1029,13:59:21,7.77,0.01,1,777,买盘
1030,13:59:18,7.76,--,6,4656,卖盘
1031,13:59:15,7.76,--,17,13192,卖盘
1032,13:59:12,7.76,-0.01,2,1552,卖盘
1033,13:59:09,7.77,0.01,27,20979,买盘
1034,13:59:06,7.76,--,17,13192,卖盘
1035,13:59:03,7.76,-0.01,10,7760,卖盘
1036,13:59:00,7.77,0.01,105,81585,买盘
1037,13:58:57,7.76,--,66,51216,卖盘
1038,13:58:54,7.76,--,42,32592,卖盘
1039,13:58:48,7.76,--,33,25608,卖盘
1040,13:58:45,7.76,-0.01,1,776,卖盘
1041,13:58:33,7.77,--,88,68376,买盘
1042,13:58:30,7.77,--,4,3108,买盘
1043,13:58:27,7.77,--,11,8547,买盘
1044,13:58:24,7.77,--,29,22533,买盘
1045,13:58:21,7.77,0.01,7,5439,买盘
1046,13:58:18,7.76,--,4,3104,卖盘
1047,13:58:15,7.76,-0.01,20,15520,卖盘
1048,13:58:12,7.77,0.01,103,80031,买盘
1049,13:58:09,7.76,--,1,776,卖盘
1050,13:58:06,7.76,-0.01,199,154424,卖盘
1051,13:58:03,7.77,0.01,12,9324,买盘
1052,13:58:00,7.76,-0.01,9,6984,卖盘
1053,13:57:54,7.77,0.01,23,17871,买盘
1054,13:57:51,7.76,-0.01,5,4500,卖盘
1055,13:57:48,7.77,0.01,11,8547,买盘
1056,13:57:45,7.76,--,10,7760,卖盘
1057,13:57:42,7.76,--,20,15520,卖盘
1058,13:57:39,7.76,-0.01,22,17072,卖盘
1059,13:57:36,7.77,0.01,138,107226,买盘
1060,13:57:33,7.76,--,3,2328,卖盘
1061,13:57:30,7.76,--,702,544752,卖盘
1062,13:57:27,7.76,-0.01,1,776,卖盘
1063,13:57:24,7.77,--,36,27972,买盘
1064,13:57:21,7.77,--,23,17871,买盘
1065,13:57:18,7.77,--,13,10101,买盘
1066,13:57:12,7.77,0.01,50,38850,买盘
1067,13:57:09,7.76,--,3,2328,卖盘
1068,13:57:06,7.76,--,3,2328,卖盘
1069,13:57:03,7.76,--,8,6208,卖盘
1070,13:56:54,7.76,--,3,2328,卖盘
1071,13:56:51,7.76,-0.01,34,26384,卖盘
1072,13:56:48,7.77,0.01,29,22533,买盘
1073,13:56:45,7.76,--,1,776,卖盘
1074,13:56:39,7.76,--,2,1552,卖盘
1075,13:56:36,7.76,--,5,3880,卖盘
1076,13:56:33,7.76,-0.01,2,1552,卖盘
1077,13:56:30,7.77,--,38,29526,买盘
1078,13:56:27,7.77,--,6,4662,买盘
1079,13:56:24,7.77,--,8,6216,买盘
1080,13:56:21,7.77,--,58,45066,买盘
1081,13:56:15,7.77,--,50,38850,买盘
1082,13:56:12,7.77,--,899,698523,卖盘
1083,13:56:09,7.77,--,252,195804,卖盘
1084,13:56:06,7.77,-0.01,150,116550,卖盘
1085,13:56:03,7.78,0.01,6,4668,买盘
1086,13:56:00,7.77,--,1,777,卖盘
1087,13:55:57,7.77,--,32,24864,卖盘
1088,13:55:54,7.77,--,2269,1763013,卖盘
1089,13:55:51,7.77,--,112,87024,卖盘
1090,13:55:48,7.77,--,9,6993,卖盘
1091,13:55:45,7.77,-0.01,49,38073,卖盘
1092,13:55:42,7.78,0.01,120,93360,买盘
1093,13:55:39,7.77,-0.01,16,12432,卖盘
1094,13:55:33,7.78,--,1,778,买盘
1095,13:55:30,7.78,0.01,8,6224,买盘
1096,13:55:27,7.77,-0.01,69,53613,卖盘
1097,13:55:24,7.78,0.01,8,6224,买盘
1098,13:55:21,7.77,-0.01,35,27195,卖盘
1099,13:55:18,7.78,0.01,22,17116,买盘
1100,13:55:15,7.77,--,3,2331,卖盘
1101,13:55:09,7.77,-0.01,4,3108,卖盘
1102,13:55:06,7.78,--,26,20228,买盘
1103,13:55:03,7.78,0.01,6,4668,买盘
1104,13:55:00,7.77,-0.01,207,160839,卖盘
1105,13:54:57,7.78,0.01,50,38900,买盘
1106,13:54:54,7.77,--,26,20202,卖盘
1107,13:54:51,7.77,-0.01,34,26418,卖盘
1108,13:54:45,7.78,0.01,7,5446,买盘
1109,13:54:42,7.77,-0.01,28,21756,卖盘
1110,13:54:39,7.78,0.01,132,102696,买盘
1111,13:54:36,7.77,--,1,777,卖盘
1112,13:54:33,7.77,-0.01,2,1554,卖盘
1113,13:54:30,7.78,--,67,52126,买盘
1114,13:54:24,7.78,--,13,10114,买盘
1115,13:54:21,7.78,0.01,43,33454,买盘
1116,13:54:18,7.77,--,72,55944,卖盘
1117,13:54:15,7.77,--,4,3108,卖盘
1118,13:54:09,7.77,-0.01,2,1554,卖盘
1119,13:54:06,7.78,--,2,1556,买盘
1120,13:54:03,7.78,--,7,5446,买盘
1121,13:54:00,7.78,0.01,15,11670,买盘
1122,13:53:57,7.77,-0.01,9,6993,卖盘
1123,13:53:54,7.78,--,5,3890,买盘
1124,13:53:48,7.78,0.01,8,6224,买盘
1125,13:53:42,7.77,-0.01,4,3108,卖盘
1126,13:53:39,7.78,--,1,778,买盘
1127,13:53:36,7.78,--,5,3890,买盘
1128,13:53:27,7.78,0.01,78,60684,买盘
1129,13:53:24,7.77,-0.01,1,777,卖盘
1130,13:53:21,7.78,--,27,21006,买盘
1131,13:53:18,7.78,0.01,14,10892,买盘
1132,13:53:15,7.77,--,3,2331,卖盘
1133,13:53:12,7.77,-0.01,3,2331,卖盘
1134,13:53:09,7.78,--,1,778,买盘
1135,13:53:06,7.78,--,14,10892,买盘
1136,13:53:03,7.78,--,15,11670,买盘
1137,13:52:54,7.78,0.01,25,19450,买盘
1138,13:52:51,7.77,-0.01,84,65268,卖盘
1139,13:52:48,7.78,--,108,84024,买盘
1140,13:52:45,7.78,--,51,39678,买盘
1141,13:52:42,7.78,--,12,9336,买盘
1142,13:52:30,7.78,0.01,383,297974,买盘
1143,13:52:27,7.77,--,50,38850,卖盘
1144,13:52:21,7.77,--,29,22533,卖盘
1145,13:52:18,7.77,-0.01,6,4662,卖盘
1146,13:52:15,7.78,--,1,778,买盘
1147,13:52:12,7.78,--,1,778,买盘
1148,13:52:09,7.78,0.01,54,42012,买盘
1149,13:52:06,7.77,-0.01,25,19425,卖盘
1150,13:52:03,7.78,--,13,10114,买盘
1151,13:52:00,7.78,0.01,56,43568,买盘
1152,13:51:57,7.77,--,12,9324,卖盘
1153,13:51:48,7.77,--,21,16317,卖盘
1154,13:51:45,7.77,-0.01,16,12432,卖盘
1155,13:51:42,7.78,0.01,22,17116,买盘
1156,13:51:39,7.77,-0.01,1,777,卖盘
1157,13:51:36,7.78,--,2,1556,买盘
1158,13:51:30,7.78,0.01,9,7002,买盘
1159,13:51:27,7.77,-0.01,5,3885,卖盘
1160,13:51:24,7.78,0.01,11,8558,买盘
1161,13:51:21,7.77,--,28,21756,卖盘
1162,13:51:15,7.77,--,94,73038,卖盘
1163,13:51:12,7.77,--,2,1554,卖盘
1164,13:51:09,7.77,-0.01,7,5439,卖盘
1165,13:51:06,7.78,--,2,1556,买盘
1166,13:51:03,7.78,--,16,12448,买盘
1167,13:51:00,7.78,--,13,10114,买盘
1168,13:50:57,7.78,0.01,15,11670,买盘
1169,13:50:54,7.77,--,11,8547,卖盘
1170,13:50:51,7.77,--,30,23310,卖盘
1171,13:50:48,7.77,--,3,2331,卖盘
1172,13:50:45,7.77,-0.01,3,2331,卖盘
1173,13:50:42,7.78,0.01,9,7002,买盘
1174,13:50:39,7.77,--,312,242424,卖盘
1175,13:50:36,7.77,--,20,15540,卖盘
1176,13:50:33,7.77,--,49,38073,卖盘
1177,13:50:30,7.77,--,28,21756,卖盘
1178,13:50:24,7.77,--,19,14763,卖盘
1179,13:50:21,7.77,--,52,40404,卖盘
1180,13:50:18,7.77,--,6,4662,卖盘
1181,13:50:15,7.77,-0.01,2,1554,卖盘
1182,13:50:12,7.78,--,11,8558,买盘
1183,13:50:09,7.78,--,80,62240,买盘
1184,13:50:06,7.78,--,3,2334,买盘
1185,13:50:03,7.78,0.01,2,1556,买盘
1186,13:50:00,7.77,--,35,27195,卖盘
1187,13:49:57,7.77,-0.01,52,40404,卖盘
1188,13:49:54,7.78,0.01,20,15560,买盘
1189,13:49:51,7.77,-0.01,24,18648,卖盘
1190,13:49:48,7.78,0.01,91,70798,买盘
1191,13:49:45,7.77,-0.01,2,1554,卖盘
1192,13:49:42,7.78,--,5,3890,买盘
1193,13:49:39,7.78,0.01,72,56016,买盘
1194,13:49:33,7.77,--,201,156177,卖盘
1195,13:49:30,7.77,--,5,3885,卖盘
1196,13:49:24,7.77,-0.01,3,2331,卖盘
1197,13:49:21,7.78,--,35,27230,买盘
1198,13:49:18,7.78,--,35,27230,买盘
1199,13:49:15,7.78,0.01,72,56016,买盘
1200,13:49:12,7.77,--,2,1554,卖盘
1201,13:49:09,7.77,-0.01,516,400932,卖盘
1202,13:49:06,7.78,--,73,56794,买盘
1203,13:49:03,7.78,0.01,33,25674,买盘
1204,13:49:00,7.77,-0.01,51,39627,卖盘
1205,13:48:57,7.78,--,23,17894,买盘
1206,13:48:54,7.78,0.01,32,24896,买盘
1207,13:48:51,7.77,--,24,18648,卖盘
1208,13:48:48,7.77,-0.01,42,32634,卖盘
1209,13:48:42,7.78,0.01,1,778,买盘
1210,13:48:39,7.77,-0.01,3,2331,卖盘
1211,13:48:36,7.78,0.01,37,28786,买盘
1212,13:48:30,7.77,--,5,3885,卖盘
1213,13:48:27,7.77,--,9,6993,卖盘
1214,13:48:24,7.77,-0.01,86,66822,卖盘
1215,13:48:21,7.78,--,1,778,买盘
1216,13:48:18,7.78,--,5,3890,买盘
1217,13:48:15,7.78,0.01,8,6224,买盘
1218,13:48:12,7.77,--,2,1554,卖盘
1219,13:48:09,7.77,-0.01,14,10878,卖盘
1220,13:48:06,7.78,--,131,101918,买盘
1221,13:48:03,7.78,--,32,24896,买盘
1222,13:48:00,7.78,--,1,778,买盘
1223,13:47:57,7.78,0.01,5,3890,买盘
1224,13:47:54,7.77,--,17,13209,卖盘
1225,13:47:51,7.77,--,5,3885,卖盘
1226,13:47:48,7.77,--,40,31080,卖盘
1227,13:47:45,7.77,--,11,8547,卖盘
1228,13:47:42,7.77,-0.01,3,2331,卖盘
1229,13:47:36,7.78,--,22,17116,买盘
1230,13:47:33,7.78,--,12,9336,买盘
1231,13:47:30,7.78,0.01,12,9336,买盘
1232,13:47:27,7.77,-0.01,3,2331,卖盘
1233,13:47:24,7.78,--,7,5446,买盘
1234,13:47:21,7.78,--,31,24118,买盘
1235,13:47:18,7.78,--,1,778,买盘
1236,13:47:15,7.78,0.01,50,38900,买盘
1237,13:47:09,7.77,-0.01,57,44289,卖盘
1238,13:47:06,7.78,--,31,24118,买盘
1239,13:47:03,7.78,0.01,31,24118,买盘
1240,13:47:00,7.77,-0.01,2,1554,卖盘
1241,13:46:54,7.78,0.01,68,52904,买盘
1242,13:46:48,7.77,-0.01,2,1554,卖盘
1243,13:46:45,7.78,--,22,17116,买盘
1244,13:46:42,7.78,0.01,1,778,买盘
1245,13:46:39,7.77,--,6,4662,卖盘
1246,13:46:36,7.77,-0.01,11,8547,卖盘
1247,13:46:33,7.78,--,5,3890,买盘
1248,13:46:27,7.78,--,7,5694,卖盘
1249,13:46:24,7.78,--,30,23340,卖盘
1250,13:46:21,7.78,--,17,13226,卖盘
1251,13:46:18,7.78,-0.01,38,29564,卖盘
1252,13:46:15,7.79,0.01,9,7011,买盘
1253,13:46:09,7.78,--,72,56016,卖盘
1254,13:46:06,7.78,--,52,40456,卖盘
1255,13:46:03,7.78,-0.01,34,26452,卖盘
1256,13:46:00,7.79,0.01,349,271871,买盘
1257,13:45:57,7.78,--,14,10892,卖盘
1258,13:45:54,7.78,--,74,58101,买盘
1259,13:45:48,7.78,--,26,20228,买盘
1260,13:45:42,7.78,--,18,14004,买盘
1261,13:45:39,7.78,--,12,9336,买盘
1262,13:45:36,7.78,--,1,778,买盘
1263,13:45:33,7.78,--,128,99584,卖盘
1264,13:45:30,7.78,--,5,3890,卖盘
1265,13:45:24,7.78,--,21,16338,卖盘
1266,13:45:21,7.78,--,22,17116,卖盘
1267,13:45:18,7.78,-0.01,21,16338,卖盘
1268,13:45:15,7.79,--,111,86469,买盘
1269,13:45:12,7.79,0.01,43,33497,买盘
1270,13:45:09,7.78,-0.01,25,19450,卖盘
1271,13:45:06,7.79,--,58,45182,买盘
1272,13:45:03,7.79,0.01,88,68552,买盘
1273,13:45:00,7.78,--,13,10114,卖盘
1274,13:44:57,7.78,--,52,40456,卖盘
1275,13:44:51,7.78,0.01,819,637182,买盘
1276,13:44:48,7.77,-0.01,60,46620,卖盘
1277,13:44:45,7.78,--,81,63018,买盘
1278,13:44:42,7.78,--,311,241958,买盘
1279,13:44:36,7.78,0.01,11,8558,买盘
1280,13:44:33,7.77,--,3,2331,卖盘
1281,13:44:27,7.77,--,20,15540,卖盘
1282,13:44:24,7.77,--,9,6993,卖盘
1283,13:44:21,7.77,-0.01,37,28749,卖盘
1284,13:44:18,7.78,0.01,8,6224,买盘
1285,13:44:15,7.77,--,2,1554,卖盘
1286,13:44:12,7.77,-0.01,6,4662,卖盘
1287,13:44:09,7.78,--,2,1556,买盘
1288,13:44:06,7.78,0.01,34,26452,买盘
1289,13:44:03,7.77,--,47,36519,卖盘
1290,13:44:00,7.77,--,503,390831,卖盘
1291,13:43:54,7.77,--,966,750582,卖盘
1292,13:43:51,7.77,-0.01,32,24864,卖盘
1293,13:43:45,7.78,--,8,6224,买盘
1294,13:43:42,7.78,0.01,75,58350,买盘
1295,13:43:36,7.77,-0.01,13,10101,卖盘
1296,13:43:33,7.78,--,1,778,买盘
1297,13:43:30,7.78,0.01,10,7780,买盘
1298,13:43:27,7.77,-0.01,1,777,卖盘
1299,13:43:24,7.78,--,16,12448,买盘
1300,13:43:21,7.78,0.01,10,7780,买盘
1301,13:43:18,7.77,-0.01,5,3885,卖盘
1302,13:43:15,7.78,0.01,30,23340,买盘
1303,13:43:09,7.77,-0.01,8,6216,卖盘
1304,13:43:06,7.78,0.01,132,102696,买盘
1305,13:43:03,7.77,--,40,31080,卖盘
1306,13:43:00,7.77,--,5,3885,卖盘
1307,13:42:57,7.77,--,2,1554,卖盘
1308,13:42:51,7.77,--,23,18632,卖盘
1309,13:42:48,7.77,--,2,1554,卖盘
1310,13:42:45,7.77,-0.01,1,777,卖盘
1311,13:42:42,7.78,--,1,778,买盘
1312,13:42:36,7.78,--,42,32831,卖盘
1313,13:42:33,7.78,--,125,97250,卖盘
1314,13:42:27,7.78,-0.01,2,1556,卖盘
1315,13:42:24,7.79,0.01,287,223573,买盘
1316,13:42:21,7.78,--,129,100362,卖盘
1317,13:42:18,7.78,--,21,16338,卖盘
1318,13:42:15,7.78,--,44,34232,卖盘
1319,13:42:12,7.78,--,6,4668,卖盘
1320,13:42:09,7.78,-0.01,37,28786,卖盘
1321,13:42:06,7.79,0.01,71,55309,买盘
1322,13:42:03,7.78,--,87,67686,卖盘
1323,13:42:00,7.78,--,15,11670,卖盘
1324,13:41:57,7.78,--,2,1556,卖盘
1325,13:41:54,7.78,--,11,8558,卖盘
1326,13:41:51,7.78,-0.01,23,17894,卖盘
1327,13:41:48,7.79,--,163,126977,买盘
1328,13:41:45,7.79,--,9,7011,买盘
1329,13:41:42,7.79,0.01,1,779,买盘
1330,13:41:39,7.78,--,19,14782,卖盘
1331,13:41:36,7.78,--,280,217840,卖盘
1332,13:41:30,7.78,--,16,12448,卖盘
1333,13:41:27,7.78,-0.01,445,346210,卖盘
1334,13:41:24,7.79,0.01,62,48298,买盘
1335,13:41:21,7.78,-0.01,19,14782,卖盘
1336,13:41:18,7.79,--,4,3116,买盘
1337,13:41:15,7.79,0.01,7,5453,买盘
1338,13:41:12,7.78,-0.01,2,1556,卖盘
1339,13:41:09,7.79,--,2,1558,买盘
1340,13:41:06,7.79,--,58,45182,买盘
1341,13:41:03,7.79,--,46,35834,买盘
1342,13:41:00,7.79,--,519,404301,买盘
1343,13:40:57,7.79,0.01,4,3116,买盘
1344,13:40:54,7.78,--,2,1556,卖盘
1345,13:40:51,7.78,-0.01,20,15560,卖盘
1346,13:40:48,7.79,0.01,9,7011,买盘
1347,13:40:45,7.78,--,1,778,卖盘
1348,13:40:42,7.78,--,17,13226,卖盘
1349,13:40:39,7.78,--,85,66130,卖盘
1350,13:40:36,7.78,--,2,1556,卖盘
1351,13:40:33,7.78,--,2,1556,卖盘
1352,13:40:27,7.78,-0.01,1,778,卖盘
1353,13:40:24,7.79,0.01,22,17138,买盘
1354,13:40:21,7.78,--,129,100362,卖盘
1355,13:40:18,7.78,--,12,9336,卖盘
1356,13:40:15,7.78,-0.01,22,17116,卖盘
1357,13:40:12,7.79,--,7,5453,买盘
1358,13:40:09,7.79,--,1,779,买盘
1359,13:40:06,7.79,0.01,49,38171,买盘
1360,13:40:03,7.78,--,39,30342,卖盘
1361,13:40:00,7.78,--,1,778,卖盘
1362,13:39:57,7.78,-0.01,2,1556,卖盘
1363,13:39:54,7.79,0.01,8,6232,买盘
1364,13:39:51,7.78,-0.01,49,38122,卖盘
1365,13:39:48,7.79,0.01,13,10127,买盘
1366,13:39:45,7.78,--,37,28786,卖盘
1367,13:39:42,7.78,--,7,5446,卖盘
1368,13:39:39,7.78,-0.01,2,1556,卖盘
1369,13:39:36,7.79,--,1,779,买盘
1370,13:39:30,7.79,--,14,10906,买盘
1371,13:39:27,7.79,--,121,94259,买盘
1372,13:39:24,7.79,0.01,9,7011,买盘
1373,13:39:21,7.78,-0.01,21,16338,卖盘
1374,13:39:18,7.79,0.01,1,779,买盘
1375,13:39:15,7.78,-0.01,19,14782,卖盘
1376,13:39:12,7.79,0.01,13,10127,买盘
1377,13:39:09,7.78,--,14,10892,卖盘
1378,13:39:06,7.78,-0.01,43,33454,卖盘
1379,13:39:03,7.79,--,41,31939,买盘
1380,13:39:00,7.79,--,3,2337,买盘
1381,13:38:57,7.79,0.01,136,105944,买盘
1382,13:38:54,7.78,-0.01,1,778,卖盘
1383,13:38:51,7.79,0.01,44,34276,买盘
1384,13:38:45,7.78,--,3,2334,卖盘
1385,13:38:42,7.78,--,17,13226,卖盘
1386,13:38:33,7.78,--,20,15560,卖盘
1387,13:38:30,7.78,-0.01,5,3890,卖盘
1388,13:38:27,7.79,--,88,68552,买盘
1389,13:38:24,7.79,0.01,40,31160,买盘
1390,13:38:21,7.78,-0.01,86,66908,卖盘
1391,13:38:18,7.79,0.01,3,2337,买盘
1392,13:38:15,7.78,--,5,3890,卖盘
1393,13:38:12,7.78,0.01,288,224686,买盘
1394,13:38:09,7.77,-0.01,3,2331,卖盘
1395,13:38:06,7.78,0.01,34,26452,买盘
1396,13:38:03,7.77,-0.01,39,30303,卖盘
1397,13:38:00,7.78,0.01,3,2334,买盘
1398,13:37:51,7.77,-0.01,16,12432,卖盘
1399,13:37:48,7.78,0.01,44,34232,买盘
1400,13:37:45,7.77,-0.01,179,139083,卖盘
1401,13:37:42,7.78,0.01,1,778,买盘
1402,13:37:36,7.77,-0.01,5,3885,卖盘
1403,13:37:33,7.78,--,19,14782,买盘
1404,13:37:30,7.78,0.01,40,31120,买盘
1405,13:37:27,7.77,-0.01,2,1554,卖盘
1406,13:37:24,7.78,--,8,6224,买盘
1407,13:37:21,7.78,0.01,1,778,买盘
1408,13:37:18,7.77,-0.01,58,45066,卖盘
1409,13:37:15,7.78,--,16,12448,买盘
1410,13:37:09,7.78,--,1,778,买盘
1411,13:37:06,7.78,0.01,65,50570,买盘
1412,13:37:03,7.77,--,41,31857,卖盘
1413,13:37:00,7.77,--,229,177933,卖盘
1414,13:36:57,7.77,--,43,33411,卖盘
1415,13:36:54,7.77,-0.01,102,79254,卖盘
1416,13:36:51,7.78,--,4,3112,买盘
1417,13:36:48,7.78,0.01,31,24118,买盘
1418,13:36:45,7.77,-0.01,3,2331,卖盘
1419,13:36:42,7.78,--,13,10114,买盘
1420,13:36:36,7.78,0.01,5,3890,买盘
1421,13:36:33,7.77,--,34,26418,卖盘
1422,13:36:30,7.77,-0.01,51,39627,卖盘
1423,13:36:24,7.78,0.01,8,6224,买盘
1424,13:36:21,7.77,--,2,1554,卖盘
1425,13:36:15,7.77,-0.01,91,70707,卖盘
1426,13:36:12,7.78,0.01,134,104252,买盘
1427,13:36:09,7.77,-0.01,3,2331,卖盘
1428,13:36:06,7.78,--,31,24118,买盘
1429,13:36:03,7.78,--,39,30342,买盘
1430,13:36:00,7.78,0.01,10,7780,买盘
1431,13:35:57,7.77,--,154,119658,卖盘
1432,13:35:54,7.77,-0.01,80,62160,卖盘
1433,13:35:51,7.78,0.01,2,1556,买盘
1434,13:35:48,7.77,-0.01,191,148407,卖盘
1435,13:35:45,7.78,--,99,77022,买盘
1436,13:35:42,7.78,0.01,65,50570,买盘
1437,13:35:39,7.77,-0.01,84,65268,卖盘
1438,13:35:36,7.78,0.01,81,63018,买盘
1439,13:35:33,7.77,-0.01,12,9324,卖盘
1440,13:35:30,7.78,--,22,17116,买盘
1441,13:35:27,7.78,--,73,56794,买盘
1442,13:35:24,7.78,--,10,7780,买盘
1443,13:35:21,7.78,--,206,160268,买盘
1444,13:35:18,7.78,0.01,3,2334,买盘
1445,13:35:15,7.77,--,12,9324,卖盘
1446,13:35:12,7.77,-0.01,2,1554,卖盘
1447,13:35:06,7.78,--,31,24118,买盘
1448,13:35:03,7.78,--,45,35010,买盘
1449,13:34:57,7.78,0.01,110,85580,买盘
1450,13:34:54,7.77,-0.01,16,12432,卖盘
1451,13:34:51,7.78,0.01,94,73132,买盘
1452,13:34:48,7.77,-0.01,14,10878,卖盘
1453,13:34:45,7.78,0.01,60,46680,买盘
1454,13:34:42,7.77,--,39,30303,卖盘
1455,13:34:39,7.77,-0.01,21,16317,卖盘
1456,13:34:33,7.78,0.01,50,38900,买盘
1457,13:34:30,7.77,--,5,3885,卖盘
1458,13:34:27,7.77,--,10,7770,卖盘
1459,13:34:24,7.77,--,33,25641,卖盘
1460,13:34:18,7.77,-0.01,72,55944,卖盘
1461,13:34:15,7.78,--,11,8558,买盘
1462,13:34:12,7.78,--,11,8558,买盘
1463,13:34:09,7.78,--,1,778,买盘
1464,13:34:06,7.78,--,76,59128,买盘
1465,13:34:03,7.78,--,100,77800,买盘
1466,13:34:00,7.78,0.01,5,3890,买盘
1467,13:33:57,7.77,-0.01,2,1554,卖盘
1468,13:33:54,7.78,0.01,6,4668,买盘
1469,13:33:51,7.77,--,4,3108,卖盘
1470,13:33:48,7.77,-0.01,19,14763,卖盘
1471,13:33:45,7.78,--,6,4668,买盘
1472,13:33:42,7.78,0.01,9,7002,买盘
1473,13:33:39,7.77,--,4,3108,卖盘
1474,13:33:33,7.77,-0.01,13,10101,卖盘
1475,13:33:30,7.78,--,6,4668,买盘
1476,13:33:27,7.78,--,7,5446,买盘
1477,13:33:24,7.78,0.01,7,5446,买盘
1478,13:33:21,7.77,-0.01,46,35742,卖盘
1479,13:33:15,7.78,0.01,1,778,买盘
1480,13:33:12,7.77,-0.01,51,39627,卖盘
1481,13:33:06,7.78,--,170,132260,买盘
1482,13:33:03,7.78,0.01,31,24118,买盘
1483,13:33:00,7.77,--,11,8547,卖盘
1484,13:32:57,7.77,--,409,317793,卖盘
1485,13:32:54,7.77,--,28,21756,卖盘
1486,13:32:51,7.77,--,2,1554,卖盘
1487,13:32:48,7.77,-0.01,28,21756,卖盘
1488,13:32:45,7.78,--,4,3112,买盘
1489,13:32:39,7.78,--,24,18672,买盘
1490,13:32:36,7.78,0.01,15,11670,买盘
1491,13:32:33,7.77,-0.01,31,24087,卖盘
1492,13:32:30,7.78,--,707,550046,买盘
1493,13:32:27,7.78,--,23,17894,买盘
1494,13:32:24,7.78,--,56,43568,买盘
1495,13:32:21,7.78,0.01,17,13226,买盘
1496,13:32:18,7.77,-0.01,1,777,卖盘
1497,13:32:15,7.78,--,12,9336,买盘
1498,13:32:09,7.78,--,29,22562,买盘
1499,13:32:06,7.78,-0.01,435,338430,卖盘
1500,13:32:03,7.79,0.01,33,25707,买盘
1501,13:31:57,7.78,--,3,2334,卖盘
1502,13:31:54,7.78,--,2,1556,卖盘
1503,13:31:51,7.78,-0.01,136,105808,卖盘
1504,13:31:48,7.79,--,400,311600,买盘
1505,13:31:45,7.79,0.01,7,5453,买盘
1506,13:31:42,7.78,--,70,54460,卖盘
1507,13:31:39,7.78,--,114,88692,卖盘
1508,13:31:36,7.78,--,13,10114,卖盘
1509,13:31:33,7.78,-0.01,3,2334,卖盘
1510,13:31:30,7.79,0.01,1,779,买盘
1511,13:31:27,7.78,--,10,7780,卖盘
1512,13:31:24,7.78,--,47,36566,卖盘
1513,13:31:21,7.78,--,121,94138,卖盘
1514,13:31:15,7.78,--,29,22562,卖盘
1515,13:31:12,7.78,-0.01,140,108920,卖盘
1516,13:31:09,7.79,--,1,779,买盘
1517,13:31:06,7.79,--,30,23370,买盘
1518,13:31:03,7.79,--,32,24928,买盘
1519,13:31:00,7.79,--,64,49856,买盘
1520,13:30:57,7.79,0.01,53,41287,买盘
1521,13:30:54,7.78,--,12,9336,卖盘
1522,13:30:51,7.78,--,16,12448,卖盘
1523,13:30:48,7.78,-0.01,8,6224,卖盘
1524,13:30:45,7.79,--,1,779,买盘
1525,13:30:39,7.79,0.01,12,9348,买盘
1526,13:30:33,7.78,0.01,959,746102,买盘
1527,13:30:27,7.77,--,95,73815,卖盘
1528,13:30:24,7.77,-0.01,5,3885,卖盘
1529,13:30:21,7.78,--,16,12448,买盘
1530,13:30:18,7.78,0.01,101,78578,买盘
1531,13:30:15,7.77,--,3,2331,卖盘
1532,13:30:09,7.77,-0.01,22,17560,卖盘
1533,13:30:06,7.78,0.01,93,72354,买盘
1534,13:30:03,7.77,--,34,26418,卖盘
1535,13:30:00,7.77,-0.01,24,18648,卖盘
1536,13:29:57,7.78,--,28,21784,买盘
1537,13:29:54,7.78,--,10,7780,买盘
1538,13:29:48,7.78,0.01,57,44346,买盘
1539,13:29:45,7.77,-0.01,353,274281,卖盘
1540,13:29:42,7.78,--,95,73910,买盘
1541,13:29:39,7.78,--,114,88692,买盘
1542,13:29:36,7.78,0.01,6,4668,买盘
1543,13:29:33,7.77,--,2,1554,卖盘
1544,13:29:30,7.77,-0.01,3,2331,卖盘
1545,13:29:24,7.78,--,5,3890,买盘
1546,13:29:21,7.78,--,13,10114,买盘
1547,13:29:18,7.78,0.01,4,3112,买盘
1548,13:29:15,7.77,-0.01,31,24087,卖盘
1549,13:29:09,7.78,--,21,16338,卖盘
1550,13:29:06,7.78,0.01,71,55238,中性盘
1551,13:29:03,7.77,-0.01,75,58275,卖盘
1552,13:29:00,7.78,--,222,172716,卖盘
1553,13:28:57,7.78,--,16,12448,卖盘
1554,13:28:54,7.78,--,40,31120,卖盘
1555,13:28:51,7.78,--,115,89470,卖盘
1556,13:28:48,7.78,--,20,15560,卖盘
1557,13:28:45,7.78,--,201,156378,卖盘
1558,13:28:39,7.78,--,100,77800,卖盘
1559,13:28:36,7.78,--,12,9336,卖盘
1560,13:28:30,7.78,--,153,119034,卖盘
1561,13:28:24,7.78,--,47,36566,卖盘
1562,13:28:21,7.78,--,47,36566,卖盘
1563,13:28:18,7.78,--,23,17894,卖盘
1564,13:28:15,7.78,--,270,210060,卖盘
1565,13:28:12,7.78,--,2,1556,卖盘
1566,13:28:09,7.78,--,37,28786,卖盘
1567,13:28:06,7.78,--,41,31898,卖盘
1568,13:28:03,7.78,--,66,51348,卖盘
1569,13:28:00,7.78,--,9,7002,卖盘
1570,13:27:57,7.78,--,13,10114,卖盘
1571,13:27:54,7.78,--,9,7002,卖盘
1572,13:27:51,7.78,--,21,16338,卖盘
1573,13:27:48,7.78,-0.01,9,7002,卖盘
1574,13:27:45,7.79,0.01,1,779,买盘
1575,13:27:42,7.78,--,68,52904,卖盘
1576,13:27:39,7.78,--,72,56016,卖盘
1577,13:27:36,7.78,-0.01,24,18672,卖盘
1578,13:27:33,7.79,0.01,9,7011,买盘
1579,13:27:30,7.78,-0.01,2,1556,卖盘
1580,13:27:27,7.79,0.01,10,7790,买盘
1581,13:27:24,7.78,--,3,2334,卖盘
1582,13:27:18,7.78,--,3,2334,卖盘
1583,13:27:15,7.78,--,54,42012,卖盘
1584,13:27:12,7.78,-0.01,30,23340,卖盘
1585,13:27:09,7.79,0.01,31,24149,买盘
1586,13:27:06,7.78,-0.01,55,42790,卖盘
1587,13:27:03,7.79,0.01,43,33497,买盘
1588,13:27:00,7.78,-0.01,15,11670,卖盘
1589,13:26:57,7.79,0.01,32,24928,买盘
1590,13:26:54,7.78,-0.01,39,30342,卖盘
1591,13:26:51,7.79,--,55,42845,买盘
1592,13:26:48,7.79,0.01,33,25707,买盘
1593,13:26:45,7.78,-0.01,33,25674,卖盘
1594,13:26:42,7.79,0.01,24,18696,买盘
1595,13:26:39,7.78,--,36,28008,卖盘
1596,13:26:36,7.78,-0.01,35,27230,卖盘
1597,13:26:30,7.79,0.01,53,41287,买盘
1598,13:26:27,7.78,0.01,172,133816,买盘
1599,13:26:24,7.77,-0.01,13,10101,卖盘
1600,13:26:21,7.78,--,118,91804,买盘
1601,13:26:18,7.78,--,22,17116,卖盘
1602,13:26:15,7.78,--,3,2334,买盘
1603,13:26:12,7.78,--,32,24896,卖盘
1604,13:26:09,7.78,--,43,33454,买盘
1605,13:26:06,7.78,--,101,78578,买盘
1606,13:26:03,7.78,--,159,123702,卖盘
1607,13:26:00,7.78,-0.01,4,3112,卖盘
1608,13:25:57,7.79,0.01,7,5453,买盘
1609,13:25:54,7.78,--,1,778,卖盘
1610,13:25:51,7.78,--,29,22562,买盘
1611,13:25:48,7.78,0.01,12,9336,卖盘
1612,13:25:45,7.77,-0.01,108,83916,卖盘
1613,13:25:42,7.78,--,95,73910,卖盘
1614,13:25:39,7.78,--,80,62240,卖盘
1615,13:25:36,7.78,--,45,35010,卖盘
1616,13:25:33,7.78,--,23,17894,卖盘
1617,13:25:30,7.78,--,116,90559,卖盘
1618,13:25:27,7.78,-0.01,37,28786,卖盘
1619,13:25:24,7.79,0.01,39,30381,买盘
1620,13:25:21,7.78,--,2,1556,卖盘
1621,13:25:18,7.78,--,7,5446,卖盘
1622,13:25:15,7.78,--,56,43568,买盘
1623,13:25:12,7.78,0.01,157,122146,买盘
1624,13:25:09,7.77,-0.02,30,23310,卖盘
1625,13:25:06,7.79,0.01,102,79458,买盘
1626,13:25:03,7.78,0.01,1884,1465752,买盘
1627,13:25:00,7.77,--,24,18648,卖盘
1628,13:24:57,7.77,--,16,12432,卖盘
1629,13:24:54,7.77,--,50,38850,卖盘
1630,13:24:51,7.77,--,1,777,卖盘
1631,13:24:48,7.77,-0.01,44,34188,卖盘
1632,13:24:45,7.78,0.01,21,16338,买盘
1633,13:24:42,7.77,-0.01,13,10101,卖盘
1634,13:24:39,7.78,0.01,20,15560,买盘
1635,13:24:33,7.77,-0.01,117,90909,卖盘
1636,13:24:30,7.78,0.01,1,778,买盘
1637,13:24:27,7.77,-0.01,14,10878,卖盘
1638,13:24:24,7.78,0.01,136,105808,买盘
1639,13:24:21,7.77,--,51,39627,卖盘
1640,13:24:15,7.77,-0.01,62,48174,卖盘
1641,13:24:12,7.78,0.01,9,7002,买盘
1642,13:24:09,7.77,-0.01,7,5439,卖盘
1643,13:24:06,7.78,0.01,34,26452,买盘
1644,13:24:03,7.77,-0.01,188,146076,卖盘
1645,13:24:00,7.78,0.01,78,60684,买盘
1646,13:23:57,7.77,-0.01,30,23310,卖盘
1647,13:23:54,7.78,0.01,136,105808,买盘
1648,13:23:51,7.77,--,19,14763,卖盘
1649,13:23:48,7.77,-0.01,45,34965,卖盘
1650,13:23:45,7.78,0.01,30,23340,买盘
1651,13:23:42,7.77,-0.01,34,26418,卖盘
1652,13:23:39,7.78,0.01,29,22562,买盘
1653,13:23:30,7.77,--,100,77700,卖盘
1654,13:23:27,7.77,-0.01,11,8547,卖盘
1655,13:23:24,7.78,--,100,77800,买盘
1656,13:23:21,7.78,0.01,17,13226,买盘
1657,13:23:15,7.77,-0.01,33,25641,卖盘
1658,13:23:12,7.78,0.01,5,3890,买盘
1659,13:23:09,7.77,--,2,1554,卖盘
1660,13:23:06,7.77,--,62,48174,卖盘
1661,13:23:03,7.77,-0.01,81,62937,卖盘
1662,13:23:00,7.78,0.01,1,778,买盘
1663,13:22:57,7.77,-0.01,30,23310,卖盘
1664,13:22:54,7.78,-0.01,529,411562,卖盘
1665,13:22:51,7.79,0.01,95,74316,买盘
1666,13:22:48,7.78,--,209,162602,买盘
1667,13:22:45,7.78,--,13,10114,买盘
1668,13:22:42,7.78,--,81,63018,买盘
1669,13:22:39,7.78,--,34,26452,买盘
1670,13:22:36,7.78,--,153,119500,卖盘
1671,13:22:33,7.78,0.01,34,26763,买盘
1672,13:22:30,7.77,-0.01,34,26418,卖盘
1673,13:22:27,7.78,--,501,389778,买盘
1674,13:22:24,7.78,--,7,5446,买盘
1675,13:22:21,7.78,0.01,239,185942,买盘
1676,13:22:15,7.77,-0.01,26,20202,卖盘
1677,13:22:12,7.78,0.01,10,7780,买盘
1678,13:22:09,7.77,-0.01,7,5439,卖盘
1679,13:22:06,7.78,0.01,107,83246,买盘
1680,13:22:03,7.77,--,568,441336,卖盘
1681,13:22:00,7.77,--,104,80808,卖盘
1682,13:21:57,7.77,--,202,156954,卖盘
1683,13:21:54,7.77,--,210,163170,卖盘
1684,13:21:51,7.77,-0.01,44,34188,卖盘
1685,13:21:48,7.78,--,21,16338,买盘
1686,13:21:45,7.78,0.01,118,91804,买盘
1687,13:21:39,7.77,-0.01,11,8547,卖盘
1688,13:21:36,7.78,--,17,13226,买盘
1689,13:21:33,7.78,0.01,42,32676,买盘
1690,13:21:30,7.77,--,38,29526,卖盘
1691,13:21:27,7.77,-0.01,10,7770,卖盘
1692,13:21:24,7.78,0.01,9,7002,买盘
1693,13:21:21,7.77,-0.01,5,4351,卖盘
1694,13:21:18,7.78,--,1406,1093868,卖盘
1695,13:21:15,7.78,-0.01,17,13226,卖盘
1696,13:21:12,7.79,0.01,98,76342,买盘
1697,13:21:09,7.78,-0.01,101,78578,卖盘
1698,13:21:06,7.79,0.01,107,83353,买盘
1699,13:21:03,7.78,--,51,39678,卖盘
1700,13:21:00,7.78,-0.01,138,107364,卖盘
1701,13:20:57,7.79,--,1,779,买盘
1702,13:20:54,7.79,0.01,101,78679,买盘
1703,13:20:51,7.78,--,430,334540,卖盘
1704,13:20:48,7.78,-0.01,310,241180,卖盘
1705,13:20:45,7.79,0.01,18,14022,买盘
1706,13:20:42,7.78,--,2,1556,卖盘
1707,13:20:36,7.78,--,20,15560,卖盘
1708,13:20:33,7.78,--,210,163380,卖盘
1709,13:20:30,7.78,-0.01,2,1556,卖盘
1710,13:20:27,7.79,0.01,11,8569,买盘
1711,13:20:24,7.78,--,28,21784,卖盘
1712,13:20:18,7.78,-0.01,16,12448,卖盘
1713,13:20:15,7.79,--,31,24149,买盘
1714,13:20:12,7.79,0.01,1,779,买盘
1715,13:20:09,7.78,-0.01,63,49014,卖盘
1716,13:20:06,7.79,--,30,23370,买盘
1717,13:20:03,7.79,--,53,41287,买盘
1718,13:20:00,7.79,--,526,409754,买盘
1719,13:19:57,7.79,--,101,78679,买盘
1720,13:19:54,7.79,0.01,55,42845,买盘
1721,13:19:51,7.78,--,19,14782,卖盘
1722,13:19:48,7.78,--,81,63018,卖盘
1723,13:19:45,7.78,-0.01,48,37499,卖盘
1724,13:19:42,7.79,--,1,779,卖盘
1725,13:19:39,7.79,-0.01,1047,815613,卖盘
1726,13:19:36,7.8,0.01,38,29640,买盘
1727,13:19:33,7.79,--,4,3116,卖盘
1728,13:19:30,7.79,-0.01,235,183065,卖盘
1729,13:19:27,7.8,0.01,6,4680,买盘
1730,13:19:24,7.79,-0.01,26,20254,卖盘
1731,13:19:21,7.8,0.01,812,633360,买盘
1732,13:19:18,7.79,--,45,35055,卖盘
1733,13:19:15,7.79,-0.01,128,99712,卖盘
1734,13:19:12,7.8,0.01,6,4680,买盘
1735,13:19:09,7.79,--,876,683027,买盘
1736,13:19:06,7.79,--,57,44403,买盘
1737,13:19:03,7.79,--,59,45961,买盘
1738,13:19:00,7.79,--,106,82574,买盘
1739,13:18:54,7.79,--,181,141154,卖盘
1740,13:18:51,7.79,-0.01,850,662150,卖盘
1741,13:18:48,7.8,0.01,117,91260,买盘
1742,13:18:45,7.79,--,216,168264,卖盘
1743,13:18:42,7.79,--,5,3895,卖盘
1744,13:18:39,7.79,--,806,627874,卖盘
1745,13:18:36,7.79,-0.01,21,16359,卖盘
1746,13:18:30,7.8,0.01,4,3120,买盘
1747,13:18:27,7.79,-0.01,3,2337,卖盘
1748,13:18:24,7.8,--,387,301860,买盘
1749,13:18:21,7.8,0.01,14,10920,买盘
1750,13:18:18,7.79,-0.01,4,3116,卖盘
1751,13:18:12,7.8,0.01,1,780,买盘
1752,13:18:06,7.79,--,65,50635,卖盘
1753,13:18:03,7.79,-0.01,137,106723,卖盘
1754,13:18:00,7.8,--,100,78000,买盘
1755,13:17:57,7.8,0.01,6,4680,买盘
1756,13:17:54,7.79,-0.01,3,2337,卖盘
1757,13:17:51,7.8,0.01,2,1560,买盘
1758,13:17:48,7.79,-0.01,55,42845,卖盘
1759,13:17:45,7.8,0.01,10,7800,买盘
1760,13:17:36,7.79,--,227,176833,卖盘
1761,13:17:33,7.79,-0.01,23,17917,卖盘
1762,13:17:24,7.8,--,12,9360,买盘
1763,13:17:21,7.8,0.01,341,265980,买盘
1764,13:17:18,7.79,-0.01,101,78679,卖盘
1765,13:17:12,7.8,--,3,2340,买盘
1766,13:17:06,7.8,0.01,61,47580,买盘
1767,13:17:03,7.79,--,37,28823,卖盘
1768,13:17:00,7.79,--,12,9348,卖盘
1769,13:16:57,7.79,-0.01,13,10127,卖盘
1770,13:16:54,7.8,--,3,2340,买盘
1771,13:16:51,7.8,0.01,19,14820,买盘
1772,13:16:48,7.79,--,17,13243,卖盘
1773,13:16:45,7.79,--,10,7790,卖盘
1774,13:16:42,7.79,--,2,1558,卖盘
1775,13:16:39,7.79,--,2,1558,卖盘
1776,13:16:33,7.79,--,20,15580,卖盘
1777,13:16:27,7.79,-0.01,62,48298,卖盘
1778,13:16:24,7.8,--,45,35100,买盘
1779,13:16:21,7.8,0.01,1,780,买盘
1780,13:16:18,7.79,-0.01,136,105944,卖盘
1781,13:16:15,7.8,--,31,24180,买盘
1782,13:16:12,7.8,--,21,16380,买盘
1783,13:16:06,7.8,--,111,86580,买盘
1784,13:16:03,7.8,0.01,79,61620,买盘
1785,13:15:57,7.79,--,20,15580,卖盘
1786,13:15:54,7.79,--,2,1558,卖盘
1787,13:15:51,7.79,--,4,3116,卖盘
1788,13:15:48,7.79,-0.01,20,15580,卖盘
1789,13:15:45,7.8,--,38,29640,买盘
1790,13:15:42,7.8,0.01,13,10140,买盘
1791,13:15:39,7.79,--,61,47519,卖盘
1792,13:15:33,7.79,-0.01,32,24928,卖盘
1793,13:15:30,7.8,0.01,11,8580,买盘
1794,13:15:27,7.79,-0.01,104,81016,卖盘
1795,13:15:24,7.8,--,13,10140,买盘
1796,13:15:21,7.8,0.01,6,4680,买盘
1797,13:15:18,7.79,--,21,16359,卖盘
1798,13:15:15,7.79,-0.01,4,3116,卖盘
1799,13:15:12,7.8,0.01,1,780,买盘
1800,13:15:09,7.79,-0.01,124,96596,卖盘
1801,13:15:06,7.8,--,46,35880,买盘
1802,13:15:03,7.8,0.01,51,39780,买盘
1803,13:15:00,7.79,-0.01,43,33497,卖盘
1804,13:14:54,7.8,0.01,13,10140,买盘
1805,13:14:48,7.79,-0.01,8,6232,卖盘
1806,13:14:45,7.8,--,1,780,买盘
1807,13:14:42,7.8,--,500,390000,买盘
1808,13:14:39,7.8,--,10,7800,买盘
1809,13:14:36,7.8,0.01,44,34320,买盘
1810,13:14:33,7.79,--,102,79458,卖盘
1811,13:14:30,7.79,--,3,2337,卖盘
1812,13:14:27,7.79,-0.01,7,5453,卖盘
1813,13:14:24,7.8,--,46,35880,买盘
1814,13:14:21,7.8,--,151,117780,买盘
1815,13:14:18,7.8,0.01,44,34320,买盘
1816,13:14:15,7.79,-0.01,36,28044,卖盘
1817,13:14:12,7.8,0.01,1,780,买盘
1818,13:14:09,7.79,-0.01,21,16359,卖盘
1819,13:14:06,7.8,0.01,31,24180,买盘
1820,13:14:03,7.79,--,106,82574,卖盘
1821,13:14:00,7.79,--,27,21033,卖盘
1822,13:13:57,7.79,--,100,77900,卖盘
1823,13:13:54,7.79,-0.01,2,1558,卖盘
1824,13:13:51,7.8,--,59,46020,买盘
1825,13:13:48,7.8,--,103,80340,买盘
1826,13:13:45,7.8,0.01,150,117000,买盘
1827,13:13:42,7.79,--,1,779,卖盘
1828,13:13:39,7.79,-0.01,154,119966,卖盘
1829,13:13:36,7.8,0.01,4,3120,买盘
1830,13:13:33,7.79,--,5,3895,卖盘
1831,13:13:30,7.79,-0.01,2,1558,卖盘
1832,13:13:27,7.8,--,96,74880,买盘
1833,13:13:24,7.8,--,17,13260,买盘
1834,13:13:21,7.8,--,114,88920,买盘
1835,13:13:18,7.8,0.01,13,10140,买盘
1836,13:13:15,7.79,--,11,8569,卖盘
1837,13:13:12,7.79,--,36,28044,卖盘
1838,13:13:09,7.79,-0.01,2,1558,卖盘
1839,13:13:06,7.8,--,32,24960,买盘
1840,13:13:03,7.8,--,45,35100,买盘
1841,13:13:00,7.8,0.01,3,2340,买盘
1842,13:12:57,7.79,--,22,17138,卖盘
1843,13:12:54,7.79,--,10,7790,卖盘
1844,13:12:51,7.79,--,49,38171,卖盘
1845,13:12:48,7.79,-0.01,2,1558,卖盘
1846,13:12:45,7.8,--,26,20280,买盘
1847,13:12:42,7.8,--,1,780,买盘
1848,13:12:39,7.8,0.01,11,8580,买盘
1849,13:12:36,7.79,--,68,52972,卖盘
1850,13:12:33,7.79,-0.01,3,2337,卖盘
1851,13:12:30,7.8,0.01,1,780,买盘
1852,13:12:27,7.79,--,110,85690,卖盘
1853,13:12:24,7.79,-0.01,58,45182,卖盘
1854,13:12:21,7.8,--,104,81120,买盘
1855,13:12:18,7.8,--,162,126360,买盘
1856,13:12:15,7.8,--,52,40560,买盘
1857,13:12:12,7.8,0.01,1,780,买盘
1858,13:12:09,7.79,-0.01,4,3116,卖盘
1859,13:12:06,7.8,0.01,33,25740,买盘
1860,13:12:03,7.79,--,56,43624,卖盘
1861,13:12:00,7.79,-0.01,31,24149,卖盘
1862,13:11:57,7.8,--,110,85800,买盘
1863,13:11:54,7.8,0.01,10,7800,买盘
1864,13:11:51,7.79,-0.01,4,3116,卖盘
1865,13:11:48,7.8,0.01,13,10140,买盘
1866,13:11:45,7.79,-0.01,78,60762,卖盘
1867,13:11:42,7.8,--,5,3900,买盘
1868,13:11:39,7.8,--,10,7800,买盘
1869,13:11:36,7.8,0.01,9,7020,买盘
1870,13:11:30,7.79,-0.01,12,9348,卖盘
1871,13:11:27,7.8,--,32,24960,买盘
1872,13:11:24,7.8,--,7,5460,买盘
1873,13:11:21,7.8,0.01,1,780,买盘
1874,13:11:18,7.79,--,101,78679,卖盘
1875,13:11:15,7.79,-0.01,29,22591,卖盘
1876,13:11:12,7.8,0.01,10,7800,买盘
1877,13:11:09,7.79,-0.01,5,3895,卖盘
1878,13:11:06,7.8,0.01,30,23400,买盘
1879,13:11:03,7.79,-0.01,37,28823,卖盘
1880,13:11:00,7.8,0.01,51,39780,买盘
1881,13:10:57,7.79,--,4,3116,卖盘
1882,13:10:51,7.79,--,100,77900,卖盘
1883,13:10:45,7.79,--,4,3116,卖盘
1884,13:10:39,7.79,--,3,2337,卖盘
1885,13:10:36,7.79,-0.01,1,779,卖盘
1886,13:10:33,7.8,0.01,835,651300,买盘
1887,13:10:30,7.79,--,37,28823,卖盘
1888,13:10:24,7.79,-0.01,11,8569,卖盘
1889,13:10:21,7.8,--,16,12480,买盘
1890,13:10:18,7.8,0.01,1,780,买盘
1891,13:10:15,7.79,--,105,81795,卖盘
1892,13:10:12,7.79,-0.01,8,6232,卖盘
1893,13:10:06,7.8,0.01,30,23400,买盘
1894,13:10:03,7.79,--,32,24928,卖盘
1895,13:10:00,7.79,-0.01,100,77900,卖盘
1896,13:09:57,7.8,0.01,5,3900,买盘
1897,13:09:51,7.79,-0.01,17,13243,卖盘
1898,13:09:48,7.8,--,312,243360,买盘
1899,13:09:45,7.8,0.01,113,88140,买盘
1900,13:09:42,7.79,--,82,63878,卖盘
1901,13:09:39,7.79,-0.01,12,9348,卖盘
1902,13:09:36,7.8,0.01,86,67080,买盘
1903,13:09:30,7.79,--,35,27265,卖盘
1904,13:09:27,7.79,-0.01,21,16359,卖盘
1905,13:09:21,7.8,--,30,23400,买盘
1906,13:09:18,7.8,--,23,17940,买盘
1907,13:09:15,7.8,0.01,11,8580,买盘
1908,13:09:12,7.79,--,11,8569,卖盘
1909,13:09:09,7.79,--,85,66215,卖盘
1910,13:09:06,7.79,--,132,102828,卖盘
1911,13:09:03,7.79,--,58,45182,卖盘
1912,13:08:54,7.79,--,61,47519,卖盘
1913,13:08:48,7.79,-0.01,1,779,卖盘
1914,13:08:45,7.8,0.01,43,33540,买盘
1915,13:08:42,7.79,--,3,2337,卖盘
1916,13:08:39,7.79,--,1010,786790,卖盘
1917,13:08:33,7.79,-0.01,18,14022,卖盘
1918,13:08:30,7.8,--,10,7800,买盘
1919,13:08:24,7.8,0.01,352,274560,买盘
1920,13:08:21,7.79,-0.01,3,2337,卖盘
1921,13:08:18,7.8,0.01,11,8580,买盘
1922,13:08:12,7.79,-0.01,22,17138,卖盘
1923,13:08:09,7.8,--,9,7020,买盘
1924,13:08:06,7.8,--,44,34320,买盘
1925,13:08:03,7.8,0.01,56,43680,买盘
1926,13:08:00,7.79,-0.01,3,2337,卖盘
1927,13:07:57,7.8,--,12,9360,买盘
1928,13:07:54,7.8,--,50,39000,买盘
1929,13:07:51,7.8,0.01,20,15600,买盘
1930,13:07:48,7.79,-0.01,3,2337,卖盘
1931,13:07:45,7.8,0.01,35,27300,买盘
1932,13:07:42,7.79,-0.01,109,84911,卖盘
1933,13:07:39,7.8,0.01,43,33540,买盘
1934,13:07:36,7.79,-0.01,38,30225,卖盘
1935,13:07:33,7.8,--,27,21060,买盘
1936,13:07:30,7.8,--,5,3900,买盘
1937,13:07:27,7.8,--,20,15600,买盘
1938,13:07:24,7.8,--,30,23400,买盘
1939,13:07:21,7.8,--,1,780,买盘
1940,13:07:18,7.8,0.01,2,1560,买盘
1941,13:07:15,7.79,-0.01,28,21812,卖盘
1942,13:07:09,7.8,--,2,1560,买盘
1943,13:07:06,7.8,--,42,32760,买盘
1944,13:07:03,7.8,--,84,65520,买盘
1945,13:07:00,7.8,0.01,108,84240,买盘
1946,13:06:54,7.79,--,155,120745,卖盘
1947,13:06:51,7.79,--,42,32718,卖盘
1948,13:06:48,7.79,--,50,38950,卖盘
1949,13:06:45,7.79,--,3,2337,卖盘
1950,13:06:42,7.79,--,98,76342,卖盘
1951,13:06:39,7.79,--,1,779,卖盘
1952,13:06:36,7.79,--,20,15580,卖盘
1953,13:06:33,7.79,--,2,1558,卖盘
1954,13:06:30,7.79,--,85,66215,买盘
1955,13:06:27,7.79,--,40,31160,买盘
1956,13:06:21,7.79,--,2,1558,买盘
1957,13:06:18,7.79,--,42,32718,买盘
1958,13:06:15,7.79,--,29,22591,卖盘
1959,13:06:09,7.79,-0.01,10,7790,卖盘
1960,13:06:06,7.8,0.01,30,23400,买盘
1961,13:06:03,7.79,-0.01,54,42066,卖盘
1962,13:06:00,7.8,--,63,49140,买盘
1963,13:05:54,7.8,0.01,2,1560,买盘
1964,13:05:51,7.79,--,39,30381,卖盘
1965,13:05:48,7.79,-0.01,4,3116,卖盘
1966,13:05:45,7.8,--,1,780,买盘
1967,13:05:42,7.8,--,10,7800,买盘
1968,13:05:39,7.8,0.01,2,1560,买盘
1969,13:05:36,7.79,--,55,42845,卖盘
1970,13:05:33,7.79,--,301,234479,卖盘
1971,13:05:27,7.79,--,2,1558,卖盘
1972,13:05:24,7.79,-0.01,2,1558,卖盘
1973,13:05:21,7.8,0.02,21,16380,买盘
1974,13:05:18,7.78,--,16,12448,卖盘
1975,13:05:15,7.78,--,2229,1734317,卖盘
1976,13:05:12,7.78,-0.01,3,2334,卖盘
1977,13:05:09,7.79,--,10,7790,买盘
1978,13:05:06,7.79,0.01,115,89585,买盘
1979,13:05:03,7.78,-0.01,40,31120,卖盘
1980,13:05:00,7.79,--,1,779,买盘
1981,13:04:57,7.79,--,11,8569,买盘
1982,13:04:54,7.79,0.01,73,56867,买盘
1983,13:04:51,7.78,--,42,32676,卖盘
1984,13:04:42,7.78,--,6,4668,卖盘
1985,13:04:33,7.78,--,20,15560,卖盘
1986,13:04:30,7.78,-0.01,2,1556,卖盘
1987,13:04:24,7.79,--,31,24149,买盘
1988,13:04:21,7.79,0.01,14,10906,买盘
1989,13:04:18,7.78,--,34,26452,卖盘
1990,13:04:15,7.78,-0.01,1,778,卖盘
1991,13:04:09,7.79,--,5,3895,买盘
1992,13:04:06,7.79,--,115,89585,买盘
1993,13:04:03,7.79,0.01,62,48298,买盘
1994,13:04:00,7.78,--,5,3890,卖盘
1995,13:03:57,7.78,-0.01,2,1556,卖盘
1996,13:03:54,7.79,--,5,3895,买盘
1997,13:03:51,7.79,0.01,203,158137,买盘
1998,13:03:48,7.78,-0.01,13,10114,卖盘
1999,13:03:45,7.79,--,7,5453,买盘
2000,13:03:42,7.79,0.01,24,18696,买盘
2001,13:03:36,7.78,--,12,9336,卖盘
2002,13:03:33,7.78,-0.01,11,8558,卖盘
2003,13:03:27,7.79,0.01,1,779,买盘
2004,13:03:24,7.78,-0.01,7,5446,卖盘
2005,13:03:21,7.79,--,17,13243,买盘
2006,13:03:18,7.79,--,3,2337,买盘
2007,13:03:15,7.79,0.01,8,6232,买盘
2008,13:03:12,7.78,--,13,10114,卖盘
2009,13:03:09,7.78,-0.01,28,21784,卖盘
2010,13:03:06,7.79,--,30,23370,买盘
2011,13:03:03,7.79,--,102,79458,买盘
2012,13:03:00,7.79,0.01,10,7790,买盘
2013,13:02:57,7.78,-0.01,3,2334,卖盘
2014,13:02:54,7.79,--,45,35055,买盘
2015,13:02:51,7.79,--,26,20254,买盘
2016,13:02:48,7.79,--,114,88806,买盘
2017,13:02:45,7.79,--,10,7790,买盘
2018,13:02:42,7.79,0.01,13,10127,买盘
2019,13:02:39,7.78,-0.01,1,778,卖盘
2020,13:02:36,7.79,--,10,7790,买盘
2021,13:02:33,7.79,--,18,14022,买盘
2022,13:02:30,7.79,0.01,18,14022,买盘
2023,13:02:27,7.78,--,3,2334,卖盘
2024,13:02:18,7.78,--,3,2334,卖盘
2025,13:02:15,7.78,--,35,27230,卖盘
2026,13:02:06,7.78,-0.01,32,24896,卖盘
2027,13:02:03,7.79,--,37,28823,买盘
2028,13:02:00,7.79,0.01,66,51414,买盘
2029,13:01:57,7.78,--,146,113588,卖盘
2030,13:01:54,7.78,-0.01,7,5446,卖盘
2031,13:01:51,7.79,0.01,12,9348,买盘
2032,13:01:48,7.78,--,20,15560,卖盘
2033,13:01:45,7.78,-0.01,2,1556,卖盘
2034,13:01:42,7.79,0.01,97,75563,买盘
2035,13:01:39,7.78,--,16,12448,卖盘
2036,13:01:33,7.78,--,2,1556,卖盘
2037,13:01:30,7.78,-0.01,117,91026,卖盘
2038,13:01:27,7.79,0.01,13,10127,买盘
2039,13:01:24,7.78,-0.01,2,1556,卖盘
2040,13:01:21,7.79,--,1,779,买盘
2041,13:01:12,7.79,--,29,22591,买盘
2042,13:01:06,7.79,0.01,30,23370,买盘
2043,13:01:03,7.78,--,30,23340,卖盘
2044,13:01:00,7.78,-0.01,5,3890,卖盘
2045,13:00:57,7.79,0.01,1,779,买盘
2046,13:00:51,7.78,-0.01,40,31120,卖盘
2047,13:00:48,7.79,--,5,3895,买盘
2048,13:00:45,7.79,0.01,8,6232,买盘
2049,13:00:42,7.78,--,2,1556,卖盘
2050,13:00:39,7.78,-0.01,1,778,卖盘
2051,13:00:36,7.79,0.01,1,779,买盘
2052,13:00:30,7.78,--,3,2334,卖盘
2053,13:00:27,7.78,--,5,3890,卖盘
2054,13:00:21,7.78,-0.01,7,5446,卖盘
2055,13:00:18,7.79,--,92,71668,买盘
2056,13:00:12,7.79,0.01,4,3116,买盘
2057,13:00:09,7.78,-0.01,15,11670,卖盘
2058,13:00:06,7.79,0.01,1368,1065672,买盘
2059,13:00:03,7.78,0.01,1436,1117363,买盘
2060,13:00:00,7.77,--,0,0,卖盘
2061,11:30:00,7.77,--,3,2331,卖盘
2062,11:29:54,7.77,-0.01,12,9324,卖盘
2063,11:29:51,7.78,--,1,778,买盘
2064,11:29:48,7.78,0.01,1,778,买盘
2065,11:29:45,7.77,-0.01,2,1554,卖盘
2066,11:29:42,7.78,--,102,79356,买盘
2067,11:29:39,7.78,--,5,3890,买盘
2068,11:29:36,7.78,0.01,50,38900,买盘
2069,11:29:33,7.77,-0.01,9,6993,卖盘
2070,11:29:30,7.78,--,3,2334,买盘
2071,11:29:24,7.78,0.01,1,778,买盘
2072,11:29:21,7.77,--,2,1554,卖盘
2073,11:29:18,7.77,--,21,16317,卖盘
2074,11:29:15,7.77,--,1,777,卖盘
2075,11:29:12,7.77,--,2,1554,卖盘
2076,11:29:09,7.77,-0.01,182,141414,卖盘
2077,11:29:06,7.78,0.01,1,778,买盘
2078,11:29:03,7.77,-0.01,36,27972,卖盘
2079,11:29:00,7.78,--,22,17116,卖盘
2080,11:28:57,7.78,--,29,22562,卖盘
2081,11:28:54,7.78,--,26,20228,买盘
2082,11:28:51,7.78,0.01,20,15560,买盘
2083,11:28:48,7.77,-0.01,3,2331,卖盘
2084,11:28:45,7.78,0.01,89,69242,买盘
2085,11:28:39,7.77,--,2,1554,卖盘
2086,11:28:36,7.77,--,2,1554,卖盘
2087,11:28:27,7.77,-0.01,52,40404,卖盘
2088,11:28:21,7.78,0.01,1,778,中性盘
2089,11:28:15,7.77,--,51,39627,卖盘
2090,11:28:12,7.77,-0.02,1,777,卖盘
2091,11:28:09,7.79,0.02,40,31160,买盘
2092,11:28:06,7.77,-0.01,44,34188,卖盘
2093,11:28:03,7.78,--,101,78578,卖盘
2094,11:28:00,7.78,--,34,26452,卖盘
2095,11:27:54,7.78,--,12,9336,卖盘
2096,11:27:48,7.78,--,5,3890,卖盘
2097,11:27:45,7.78,--,50,38900,卖盘
2098,11:27:42,7.78,--,2,1556,卖盘
2099,11:27:39,7.78,--,10,7780,卖盘
2100,11:27:36,7.78,--,48,37344,卖盘
2101,11:27:33,7.78,--,4,3112,卖盘
2102,11:27:30,7.78,--,29,22562,卖盘
2103,11:27:21,7.78,--,22,17116,卖盘
2104,11:27:18,7.78,--,10,7780,卖盘
2105,11:27:12,7.78,--,4,3112,卖盘
2106,11:27:09,7.78,0.01,32,24896,卖盘
2107,11:27:06,7.77,-0.01,31,24087,卖盘
2108,11:27:03,7.78,--,64,49792,卖盘
2109,11:27:00,7.78,-0.01,370,287860,卖盘
2110,11:26:57,7.79,0.02,49,38482,买盘
2111,11:26:54,7.77,-0.01,1,777,卖盘
2112,11:26:51,7.78,-0.01,52,40922,卖盘
2113,11:26:48,7.79,0.01,98,76342,买盘
2114,11:26:45,7.78,--,28,21784,卖盘
2115,11:26:39,7.78,--,3,2334,卖盘
2116,11:26:36,7.78,--,35,27230,卖盘
2117,11:26:33,7.78,--,3,2334,卖盘
2118,11:26:30,7.78,--,107,83246,卖盘
2119,11:26:27,7.78,-0.01,2,1556,卖盘
2120,11:26:24,7.79,0.01,90,70110,买盘
2121,11:26:21,7.78,--,35,27230,卖盘
2122,11:26:15,7.78,--,22,17116,卖盘
2123,11:26:12,7.78,-0.01,7,5446,卖盘
2124,11:26:09,7.79,0.01,30,23370,买盘
2125,11:26:06,7.78,--,55,42790,卖盘
2126,11:26:03,7.78,--,3,2334,卖盘
2127,11:25:57,7.78,--,30,23340,卖盘
2128,11:25:51,7.78,-0.01,75,58350,卖盘
2129,11:25:48,7.79,--,1,779,买盘
2130,11:25:45,7.79,0.01,10,7790,买盘
2131,11:25:42,7.78,--,16,12448,卖盘
2132,11:25:39,7.78,0.01,112,87447,买盘
2133,11:25:36,7.77,-0.01,10,7770,卖盘
2134,11:25:33,7.78,--,21,16804,卖盘
2135,11:25:30,7.78,--,4,3423,买盘
2136,11:25:27,7.78,--,47,36566,买盘
2137,11:25:24,7.78,--,140,108920,买盘
2138,11:25:21,7.78,0.01,1,778,买盘
2139,11:25:18,7.77,-0.01,2,1554,卖盘
2140,11:25:15,7.78,--,62,48702,卖盘
2141,11:25:12,7.78,0.01,140,109231,买盘
2142,11:25:09,7.77,--,36,27972,卖盘
2143,11:25:06,7.77,-0.01,30,23310,卖盘
2144,11:25:03,7.78,--,891,693664,卖盘
2145,11:25:00,7.78,--,60,46680,卖盘
2146,11:24:57,7.78,--,12,9336,卖盘
2147,11:24:54,7.78,--,1005,781890,卖盘
2148,11:24:51,7.78,-0.01,37,28786,卖盘
2149,11:24:48,7.79,0.01,1,779,买盘
2150,11:24:45,7.78,--,138,107364,卖盘
2151,11:24:39,7.78,-0.01,2,1556,卖盘
2152,11:24:36,7.79,0.01,3,2337,买盘
2153,11:24:33,7.78,--,900,700200,卖盘
2154,11:24:30,7.78,-0.01,168,130704,卖盘
2155,11:24:27,7.79,0.01,139,108281,买盘
2156,11:24:24,7.78,--,2,1556,卖盘
2157,11:24:21,7.78,--,20,15560,卖盘
2158,11:24:18,7.78,--,9,7002,卖盘
2159,11:24:15,7.78,--,12,9336,卖盘
2160,11:24:12,7.78,-0.01,131,101918,卖盘
2161,11:24:09,7.79,0.01,30,23370,买盘
2162,11:24:06,7.78,--,30,23340,卖盘
2163,11:24:03,7.78,-0.01,10,7780,卖盘
2164,11:24:00,7.79,--,1,779,买盘
2165,11:23:57,7.79,0.01,5,3895,买盘
2166,11:23:51,7.78,--,20,15560,卖盘
2167,11:23:48,7.78,--,9,7002,卖盘
2168,11:23:45,7.78,-0.01,23,17894,卖盘
2169,11:23:42,7.79,0.01,6,4674,买盘
2170,11:23:39,7.78,--,20,15560,卖盘
2171,11:23:36,7.78,-0.01,500,389000,卖盘
2172,11:23:33,7.79,0.01,100,77900,买盘
2173,11:23:30,7.78,-0.01,8,6224,卖盘
2174,11:23:27,7.79,0.01,8,6232,买盘
2175,11:23:24,7.78,--,5,3890,卖盘
2176,11:23:21,7.78,--,444,345432,卖盘
2177,11:23:18,7.78,-0.01,3,2334,卖盘
2178,11:23:15,7.79,0.01,42,32718,买盘
2179,11:23:12,7.78,-0.01,12,9336,卖盘
2180,11:23:09,7.79,0.01,75,58425,买盘
2181,11:23:06,7.78,-0.01,33,25674,卖盘
2182,11:23:03,7.79,--,7,5453,买盘
2183,11:22:57,7.79,--,36,28044,买盘
2184,11:22:51,7.79,0.01,27,21033,买盘
2185,11:22:48,7.78,--,3032,2358896,卖盘
2186,11:22:45,7.78,--,5,3890,卖盘
2187,11:22:33,7.78,-0.01,8,6224,卖盘
2188,11:22:27,7.79,--,16,12464,买盘
2189,11:22:24,7.79,0.01,18,14022,买盘
2190,11:22:21,7.78,-0.01,105,81690,卖盘
2191,11:22:18,7.79,0.01,219,170601,买盘
2192,11:22:15,7.78,--,15,11670,卖盘
2193,11:22:12,7.78,-0.01,33,25674,卖盘
2194,11:22:09,7.79,--,33,25707,买盘
2195,11:22:06,7.79,--,40,31160,买盘
2196,11:22:03,7.79,0.01,49,38171,买盘
2197,11:22:00,7.78,--,72,56016,卖盘
2198,11:21:51,7.78,-0.01,2,1556,卖盘
2199,11:21:48,7.79,--,19,14801,买盘
2200,11:21:45,7.79,--,42,32718,买盘
2201,11:21:42,7.79,0.01,28,21812,买盘
2202,11:21:39,7.78,-0.01,21,16338,卖盘
2203,11:21:36,7.79,0.01,14,10906,买盘
2204,11:21:30,7.78,--,10,7780,卖盘
2205,11:21:27,7.78,-0.01,8,6224,卖盘
2206,11:21:24,7.79,0.01,10,7790,买盘
2207,11:21:21,7.78,--,16,12448,卖盘
2208,11:21:18,7.78,-0.01,4,3112,卖盘
2209,11:21:15,7.79,0.01,1,779,买盘
2210,11:21:09,7.78,--,31,24118,卖盘
2211,11:21:06,7.78,-0.01,32,24896,卖盘
2212,11:21:03,7.79,--,9,7011,买盘
2213,11:21:00,7.79,--,311,242269,买盘
2214,11:20:57,7.79,0.01,4,3116,买盘
2215,11:20:54,7.78,-0.01,2,1556,卖盘
2216,11:20:51,7.79,0.01,60,46740,买盘
2217,11:20:48,7.78,--,30,23340,卖盘
2218,11:20:45,7.78,-0.01,2,1556,卖盘
2219,11:20:36,7.79,0.01,50,38950,买盘
2220,11:20:33,7.78,-0.01,37,28786,卖盘
2221,11:20:24,7.79,0.01,13,10127,买盘
2222,11:20:21,7.78,--,15,11670,卖盘
2223,11:20:18,7.78,-0.01,8,6224,卖盘
2224,11:20:15,7.79,0.01,15,11685,买盘
2225,11:20:12,7.78,-0.01,1,778,卖盘
2226,11:20:09,7.79,0.01,30,23370,买盘
2227,11:20:06,7.78,-0.01,35,27230,卖盘
2228,11:20:03,7.79,0.01,9,7011,买盘
2229,11:20:00,7.78,-0.01,2,1556,卖盘
2230,11:19:57,7.79,0.01,2,1558,买盘
2231,11:19:54,7.78,--,20,15560,卖盘
2232,11:19:51,7.78,--,50,38900,卖盘
2233,11:19:48,7.78,-0.01,26,20228,卖盘
2234,11:19:45,7.79,0.01,139,108281,买盘
2235,11:19:42,7.78,--,17,13226,卖盘
2236,11:19:39,7.78,--,50,38900,卖盘
2237,11:19:36,7.78,--,31,24118,卖盘
2238,11:19:30,7.78,--,16,12448,卖盘
2239,11:19:27,7.78,--,30,23340,卖盘
2240,11:19:24,7.78,-0.01,12,9336,卖盘
2241,11:19:21,7.79,--,5,3895,买盘
2242,11:19:18,7.79,--,2,1558,买盘
2243,11:19:15,7.79,--,39,30381,买盘
2244,11:19:12,7.79,0.01,1,779,买盘
2245,11:19:09,7.78,--,40,31120,卖盘
2246,11:19:06,7.78,-0.01,82,63796,卖盘
2247,11:19:03,7.79,--,28,21812,买盘
2248,11:19:00,7.79,0.01,115,89585,买盘
2249,11:18:57,7.78,--,33,25674,卖盘
2250,11:18:54,7.78,-0.01,5,3890,卖盘
2251,11:18:51,7.79,--,5,3895,买盘
2252,11:18:48,7.79,--,38,29602,买盘
2253,11:18:45,7.79,0.01,16,12464,买盘
2254,11:18:42,7.78,-0.01,1,778,卖盘
2255,11:18:39,7.79,0.01,1,779,买盘
2256,11:18:36,7.78,--,20,15560,卖盘
2257,11:18:33,7.78,--,26,20228,卖盘
2258,11:18:30,7.78,-0.01,29,22562,卖盘
2259,11:18:27,7.79,--,5,3895,买盘
2260,11:18:24,7.79,0.01,42,32718,买盘
2261,11:18:21,7.78,--,2,1556,卖盘
2262,11:18:18,7.78,-0.01,3,2334,卖盘
2263,11:18:15,7.79,0.01,15,11685,买盘
2264,11:18:09,7.78,--,122,94916,卖盘
2265,11:18:06,7.78,-0.01,30,23340,卖盘
2266,11:18:03,7.79,--,41,31939,买盘
2267,11:18:00,7.79,0.01,24,18696,买盘
2268,11:17:57,7.78,--,5,3890,卖盘
2269,11:17:54,7.78,-0.01,124,96472,卖盘
2270,11:17:51,7.79,--,1,779,买盘
2271,11:17:48,7.79,--,120,93480,买盘
2272,11:17:45,7.79,--,10,7790,买盘
2273,11:17:42,7.79,--,2,1558,买盘
2274,11:17:39,7.79,0.01,230,179170,买盘
2275,11:17:36,7.78,--,2,1556,卖盘
2276,11:17:30,7.78,-0.01,35,27230,卖盘
2277,11:17:27,7.79,0.01,3,2337,买盘
2278,11:17:24,7.78,--,63,49014,卖盘
2279,11:17:21,7.78,-0.01,80,62240,卖盘
2280,11:17:18,7.79,0.01,60,46740,买盘
2281,11:17:15,7.78,--,1,778,卖盘
2282,11:17:12,7.78,-0.01,1,778,卖盘
2283,11:17:09,7.79,0.01,40,31160,买盘
2284,11:17:06,7.78,--,63,49014,卖盘
2285,11:17:03,7.78,-0.01,17,13226,卖盘
2286,11:17:00,7.79,0.01,123,95817,买盘
2287,11:16:57,7.78,--,38,29564,卖盘
2288,11:16:54,7.78,--,5,3890,卖盘
2289,11:16:51,7.78,-0.01,85,66130,卖盘
2290,11:16:48,7.79,--,41,31939,买盘
2291,11:16:45,7.79,0.01,40,31160,买盘
2292,11:16:42,7.78,-0.01,66,51348,卖盘
2293,11:16:33,7.79,0.01,154,119966,买盘
2294,11:16:30,7.78,--,32,24896,卖盘
2295,11:16:27,7.78,-0.01,4,3112,卖盘
2296,11:16:24,7.79,--,20,15580,买盘
2297,11:16:21,7.79,0.01,14,10906,买盘
2298,11:16:18,7.78,-0.01,109,84802,卖盘
2299,11:16:15,7.79,--,15,11685,买盘
2300,11:16:12,7.79,--,100,77900,买盘
2301,11:16:09,7.79,--,53,41287,买盘
2302,11:16:06,7.79,--,33,25707,买盘
2303,11:16:03,7.79,0.01,37,28823,买盘
2304,11:16:00,7.78,-0.01,3,2334,卖盘
2305,11:15:57,7.79,--,111,86469,买盘
2306,11:15:54,7.79,--,54,42066,买盘
2307,11:15:51,7.79,--,189,147231,买盘
2308,11:15:48,7.79,--,20,15580,买盘
2309,11:15:45,7.79,--,66,51414,买盘
2310,11:15:42,7.79,--,244,190076,买盘
2311,11:15:39,7.79,--,30,23370,买盘
2312,11:15:36,7.79,--,842,655918,买盘
2313,11:15:33,7.79,0.01,65,50635,买盘
2314,11:15:30,7.78,-0.01,4,3112,卖盘
2315,11:15:27,7.79,--,23,17917,买盘
2316,11:15:24,7.79,--,373,290567,买盘
2317,11:15:21,7.79,--,30,23370,买盘
2318,11:15:18,7.79,0.01,153,119187,买盘
2319,11:15:15,7.78,-0.01,10,7780,卖盘
2320,11:15:12,7.79,--,95,74005,买盘
2321,11:15:09,7.79,0.01,47,36613,买盘
2322,11:15:06,7.78,-0.01,136,105808,卖盘
2323,11:15:03,7.79,0.01,114,88806,买盘
2324,11:15:00,7.78,-0.01,3,2334,卖盘
2325,11:14:57,7.79,--,140,109060,买盘
2326,11:14:51,7.79,--,18,14022,买盘
2327,11:14:48,7.79,--,19,14801,买盘
2328,11:14:45,7.79,--,112,87248,买盘
2329,11:14:42,7.79,0.01,110,85690,买盘
2330,11:14:39,7.78,--,252,196056,卖盘
2331,11:14:33,7.78,--,4,3112,卖盘
2332,11:14:30,7.78,-0.01,8,6224,卖盘
2333,11:14:24,7.79,--,97,75563,买盘
2334,11:14:21,7.79,--,10,7790,买盘
2335,11:14:18,7.79,0.01,42,32718,买盘
2336,11:14:15,7.78,--,214,166492,卖盘
2337,11:14:12,7.78,-0.01,287,223286,卖盘
2338,11:14:09,7.79,0.01,30,23370,买盘
2339,11:14:06,7.78,-0.01,33,25674,卖盘
2340,11:14:03,7.79,0.01,7,5453,买盘
2341,11:14:00,7.78,--,3,2334,卖盘
2342,11:13:54,7.78,--,35,27230,卖盘
2343,11:13:51,7.78,--,21,16338,卖盘
2344,11:13:45,7.78,-0.01,8,6224,卖盘
2345,11:13:42,7.79,--,1,779,买盘
2346,11:13:36,7.79,0.01,14,10906,买盘
2347,11:13:33,7.78,-0.01,2,1556,卖盘
2348,11:13:30,7.79,0.01,21,16359,买盘
2349,11:13:27,7.78,-0.01,15,11670,卖盘
2350,11:13:24,7.79,--,15,11685,买盘
2351,11:13:21,7.79,0.01,53,41287,买盘
2352,11:13:18,7.78,-0.01,814,633292,卖盘
2353,11:13:15,7.79,0.01,18,14022,买盘
2354,11:13:12,7.78,-0.01,67,52126,卖盘
2355,11:13:09,7.79,--,34,26486,买盘
2356,11:13:06,7.79,0.01,648,504792,买盘
2357,11:13:03,7.78,--,3,2334,卖盘
2358,11:13:00,7.78,-0.01,2,1556,卖盘
2359,11:12:57,7.79,--,44,34276,买盘
2360,11:12:48,7.79,0.01,7,5453,买盘
2361,11:12:45,7.78,-0.01,97,75466,卖盘
2362,11:12:42,7.79,0.01,10,7790,买盘
2363,11:12:39,7.78,--,11,8558,卖盘
2364,11:12:36,7.78,--,283,220174,卖盘
2365,11:12:33,7.78,-0.01,3,2334,卖盘
2366,11:12:30,7.79,--,23,17917,买盘
2367,11:12:27,7.79,--,138,107502,买盘
2368,11:12:24,7.79,0.01,57,44403,买盘
2369,11:12:18,7.78,--,50,38900,卖盘
2370,11:12:15,7.78,-0.01,66,51348,卖盘
2371,11:12:09,7.79,--,44,34587,买盘
2372,11:12:06,7.79,0.01,233,181507,买盘
2373,11:12:03,7.78,-0.01,23,17894,卖盘
2374,11:12:00,7.79,--,2,1558,买盘
2375,11:11:57,7.79,0.01,30,23370,买盘
2376,11:11:54,7.78,-0.01,51,39678,卖盘
2377,11:11:51,7.79,--,53,41287,买盘
2378,11:11:48,7.79,--,9,7011,买盘
2379,11:11:45,7.79,0.01,17,13243,买盘
2380,11:11:42,7.78,--,3,2334,卖盘
2381,11:11:39,7.78,--,1,778,卖盘
2382,11:11:36,7.78,-0.01,3,2334,卖盘
2383,11:11:33,7.79,--,31,24149,买盘
2384,11:11:30,7.79,0.01,51,39729,买盘
2385,11:11:27,7.78,-0.01,21,16338,卖盘
2386,11:11:24,7.79,0.01,11,8569,买盘
2387,11:11:21,7.78,--,2,1556,卖盘
2388,11:11:15,7.78,-0.01,80,62240,卖盘
2389,11:11:09,7.79,--,42,32718,买盘
2390,11:11:06,7.79,--,34,26486,买盘
2391,11:11:03,7.79,0.01,13,10127,买盘
2392,11:11:00,7.78,--,2,1556,卖盘
2393,11:10:57,7.78,-0.01,38,29564,卖盘
2394,11:10:54,7.79,0.01,20,15580,买盘
2395,11:10:51,7.78,--,23,17894,卖盘
2396,11:10:48,7.78,-0.01,21,16338,卖盘
2397,11:10:45,7.79,0.01,55,42845,买盘
2398,11:10:42,7.78,-0.01,2,1556,卖盘
2399,11:10:39,7.79,0.01,11,8569,买盘
2400,11:10:36,7.78,-0.01,1,778,卖盘
2401,11:10:33,7.79,0.01,10,7790,买盘
2402,11:10:27,7.78,-0.01,10,7780,卖盘
2403,11:10:24,7.79,0.01,72,56088,买盘
2404,11:10:21,7.78,--,109,84802,卖盘
2405,11:10:18,7.78,--,50,38900,卖盘
2406,11:10:15,7.78,-0.01,26,20228,卖盘
2407,11:10:09,7.79,--,43,33497,买盘
2408,11:10:06,7.79,0.01,43,33497,买盘
2409,11:10:03,7.78,--,22,17116,卖盘
2410,11:10:00,7.78,-0.01,26,20228,卖盘
2411,11:09:57,7.79,--,17,13243,买盘
2412,11:09:54,7.79,--,40,31160,买盘
2413,11:09:48,7.79,0.01,13,10127,买盘
2414,11:09:42,7.78,-0.01,7,5446,卖盘
2415,11:09:39,7.79,-0.01,1639,1276781,卖盘
2416,11:09:36,7.8,--,20,15600,买盘
2417,11:09:33,7.8,0.01,5,3900,买盘
2418,11:09:30,7.79,-0.01,225,175275,卖盘
2419,11:09:27,7.8,--,43,33540,买盘
2420,11:09:24,7.8,0.01,203,158340,买盘
2421,11:09:21,7.79,--,150,116850,卖盘
2422,11:09:18,7.79,-0.01,437,340423,卖盘
2423,11:09:15,7.8,--,70,54600,买盘
2424,11:09:12,7.8,0.01,28,21840,买盘
2425,11:09:09,7.79,-0.01,32,24928,卖盘
2426,11:09:06,7.8,0.01,31,24180,买盘
2427,11:09:03,7.79,--,35,27265,卖盘
2428,11:09:00,7.79,--,152,118408,卖盘
2429,11:08:57,7.79,--,102,79458,卖盘
2430,11:08:54,7.79,--,10,7790,卖盘
2431,11:08:51,7.79,-0.01,73,56867,卖盘
2432,11:08:48,7.8,0.01,13,10140,买盘
2433,11:08:42,7.79,-0.01,45,35055,卖盘
2434,11:08:36,7.8,0.01,10,7800,买盘
2435,11:08:30,7.79,-0.01,5,3895,卖盘
2436,11:08:27,7.8,--,18,14040,买盘
2437,11:08:24,7.8,0.01,35,27300,买盘
2438,11:08:21,7.79,--,40,31160,卖盘
2439,11:08:18,7.79,--,3,2337,卖盘
2440,11:08:15,7.79,-0.01,91,70889,卖盘
2441,11:08:12,7.8,--,1,780,买盘
2442,11:08:09,7.8,--,32,24960,买盘
2443,11:08:06,7.8,0.01,63,49140,买盘
2444,11:08:03,7.79,--,21,16359,卖盘
2445,11:08:00,7.79,--,76,59204,卖盘
2446,11:07:57,7.79,--,7,5453,卖盘
2447,11:07:51,7.79,-0.01,301,234479,卖盘
2448,11:07:48,7.8,--,11,8580,买盘
2449,11:07:45,7.8,0.01,83,64740,买盘
2450,11:07:42,7.79,-0.01,12,9348,卖盘
2451,11:07:39,7.8,0.01,1,780,买盘
2452,11:07:33,7.79,-0.01,70,54530,卖盘
2453,11:07:30,7.8,--,89,69420,买盘
2454,11:07:27,7.8,0.01,127,99060,买盘
2455,11:07:24,7.79,--,53,41287,卖盘
2456,11:07:21,7.79,--,92,71668,卖盘
2457,11:07:18,7.79,--,46,35834,卖盘
2458,11:07:12,7.79,--,7,5453,卖盘
2459,11:07:09,7.79,-0.01,50,38950,卖盘
2460,11:07:06,7.8,0.01,32,24960,买盘
2461,11:07:03,7.79,--,24,18696,卖盘
2462,11:07:00,7.79,-0.01,84,65436,卖盘
2463,11:06:57,7.8,0.01,78,60840,买盘
2464,11:06:54,7.79,-0.01,107,83353,卖盘
2465,11:06:48,7.8,0.01,11,8580,买盘
2466,11:06:45,7.79,--,70,54530,卖盘
2467,11:06:33,7.79,--,3,2337,卖盘
2468,11:06:30,7.79,-0.01,17,13243,卖盘
2469,11:06:27,7.8,0.01,29,22620,买盘
2470,11:06:24,7.79,-0.01,183,142557,卖盘
2471,11:06:21,7.8,--,639,498420,买盘
2472,11:06:18,7.8,--,17,13260,买盘
2473,11:06:15,7.8,0.01,65,50700,买盘
2474,11:06:12,7.79,-0.01,22,17138,卖盘
2475,11:06:09,7.8,--,132,102960,买盘
2476,11:06:06,7.8,--,31,24180,买盘
2477,11:06:03,7.8,0.01,24,18720,买盘
2478,11:06:00,7.79,-0.01,32,24928,卖盘
2479,11:05:54,7.8,0.01,38,29640,买盘
2480,11:05:51,7.79,--,97,75563,卖盘
2481,11:05:48,7.79,--,22,17138,卖盘
2482,11:05:45,7.79,-0.01,54,42066,卖盘
2483,11:05:42,7.8,--,32,24960,买盘
2484,11:05:39,7.8,--,49,38220,买盘
2485,11:05:33,7.8,0.01,40,31200,买盘
2486,11:05:30,7.79,--,21,16359,卖盘
2487,11:05:27,7.79,-0.01,2,1558,卖盘
2488,11:05:24,7.8,0.01,299,233220,买盘
2489,11:05:21,7.79,-0.01,50,38950,卖盘
2490,11:05:18,7.8,--,17,13260,买盘
2491,11:05:15,7.8,--,16,12480,买盘
2492,11:05:12,7.8,--,175,136500,买盘
2493,11:05:09,7.8,--,84,65520,买盘
2494,11:05:06,7.8,0.01,110,85800,买盘
2495,11:05:03,7.79,-0.01,59,45961,卖盘
2496,11:05:00,7.8,0.01,2,1560,买盘
2497,11:04:57,7.79,-0.01,23,17917,卖盘
2498,11:04:54,7.8,0.01,8,6240,买盘
2499,11:04:48,7.79,--,19,14801,卖盘
2500,11:04:45,7.79,--,2,1558,卖盘
2501,11:04:42,7.79,--,10,7790,卖盘
2502,11:04:33,7.79,-0.01,1,779,卖盘
2503,11:04:30,7.8,--,191,148980,买盘
2504,11:04:27,7.8,--,45,35100,买盘
2505,11:04:24,7.8,0.01,114,88920,买盘
2506,11:04:21,7.79,-0.01,2,1558,卖盘
2507,11:04:18,7.8,0.01,63,49140,买盘
2508,11:04:15,7.79,--,11,8569,卖盘
2509,11:04:12,7.79,-0.01,2,1558,卖盘
2510,11:04:09,7.8,--,36,28080,买盘
2511,11:04:06,7.8,--,94,73320,买盘
2512,11:04:03,7.8,--,10,7800,买盘
2513,11:04:00,7.8,0.01,28,21840,买盘
2514,11:03:57,7.79,-0.01,10,7790,卖盘
2515,11:03:54,7.8,0.01,17,13260,买盘
2516,11:03:51,7.79,--,111,86469,卖盘
2517,11:03:48,7.79,-0.01,1,779,卖盘
2518,11:03:45,7.8,--,6,4680,买盘
2519,11:03:42,7.8,0.01,3,2340,买盘
2520,11:03:39,7.79,-0.01,2,1558,卖盘
2521,11:03:36,7.8,--,1,780,买盘
2522,11:03:33,7.8,0.01,37,28860,买盘
2523,11:03:30,7.79,-0.01,636,495444,卖盘
2524,11:03:27,7.8,0.01,360,280800,买盘
2525,11:03:24,7.79,-0.01,898,699542,卖盘
2526,11:03:21,7.8,--,14,10920,买盘
2527,11:03:18,7.8,0.01,52,40560,买盘
2528,11:03:15,7.79,-0.01,102,79458,卖盘
2529,11:03:09,7.8,--,35,27300,买盘
2530,11:03:06,7.8,0.01,52,40560,买盘
2531,11:03:00,7.79,--,2,1558,卖盘
2532,11:02:54,7.79,-0.01,33,25707,卖盘
2533,11:02:51,7.8,--,32,24960,买盘
2534,11:02:48,7.8,0.01,9,7020,买盘
2535,11:02:45,7.79,--,7,5453,卖盘
2536,11:02:42,7.79,-0.01,11,8569,卖盘
2537,11:02:39,7.8,0.01,50,39000,买盘
2538,11:02:36,7.79,-0.01,51,39729,卖盘
2539,11:02:33,7.8,0.01,14,10920,买盘
2540,11:02:30,7.79,--,60,46740,卖盘
2541,11:02:27,7.79,-0.01,20,15580,卖盘
2542,11:02:24,7.8,0.01,4,3120,买盘
2543,11:02:21,7.79,-0.01,19,14801,卖盘
2544,11:02:15,7.8,0.01,3,2340,买盘
2545,11:02:12,7.79,-0.01,16,12464,卖盘
2546,11:02:09,7.8,--,71,55380,买盘
2547,11:02:06,7.8,0.01,31,24180,买盘
2548,11:02:03,7.79,--,45,35055,卖盘
2549,11:02:00,7.79,-0.01,5,3895,卖盘
2550,11:01:57,7.8,--,70,54600,买盘
2551,11:01:54,7.8,0.01,1,780,买盘
2552,11:01:48,7.79,--,12,9348,卖盘
2553,11:01:42,7.79,--,12,9348,卖盘
2554,11:01:39,7.79,-0.01,66,51414,卖盘
2555,11:01:36,7.8,--,7,5460,买盘
2556,11:01:33,7.8,--,48,37440,买盘
2557,11:01:30,7.8,0.01,15,11700,买盘
2558,11:01:27,7.79,--,2,1558,卖盘
2559,11:01:21,7.79,--,200,155800,卖盘
2560,11:01:15,7.79,-0.01,272,211888,卖盘
2561,11:01:12,7.8,0.01,8,6240,买盘
2562,11:01:09,7.79,--,211,164369,卖盘
2563,11:01:06,7.79,-0.01,57,44403,卖盘
2564,11:01:03,7.8,0.01,91,70980,买盘
2565,11:01:00,7.79,--,94,73226,卖盘
2566,11:00:57,7.79,-0.01,29,22591,卖盘
2567,11:00:54,7.8,0.01,63,49140,买盘
2568,11:00:51,7.79,--,37,28823,卖盘
2569,11:00:48,7.79,--,39,30381,卖盘
2570,11:00:45,7.79,--,185,144115,卖盘
2571,11:00:42,7.79,--,16,12464,卖盘
2572,11:00:39,7.79,-0.01,55,42845,卖盘
2573,11:00:36,7.8,0.01,15,11700,买盘
2574,11:00:33,7.79,--,8,6232,卖盘
2575,11:00:30,7.79,-0.01,13,10127,卖盘
2576,11:00:27,7.8,--,1,780,买盘
2577,11:00:24,7.8,--,146,113880,买盘
2578,11:00:21,7.8,--,5,3900,买盘
2579,11:00:18,7.8,--,5,3900,买盘
2580,11:00:15,7.8,0.01,17,13260,买盘
2581,11:00:12,7.79,--,511,398069,卖盘
2582,11:00:09,7.79,-0.01,286,222794,卖盘
2583,11:00:06,7.8,--,309,241020,买盘
2584,11:00:03,7.8,--,20,15600,买盘
2585,11:00:00,7.8,0.01,10,7800,买盘
2586,10:59:57,7.79,-0.01,74,57646,卖盘
2587,10:59:54,7.8,0.01,535,417300,买盘
2588,10:59:51,7.79,-0.01,1,779,卖盘
2589,10:59:45,7.8,0.01,86,67080,买盘
2590,10:59:42,7.79,-0.01,14,10906,卖盘
2591,10:59:39,7.8,--,3,2340,买盘
2592,10:59:36,7.8,--,87,67860,买盘
2593,10:59:33,7.8,--,10,7800,买盘
2594,10:59:30,7.8,0.01,86,67080,买盘
2595,10:59:27,7.79,--,26,20254,卖盘
2596,10:59:24,7.79,-0.01,2,1558,卖盘
2597,10:59:21,7.8,--,9,7020,买盘
2598,10:59:18,7.8,--,12,9360,买盘
2599,10:59:15,7.8,0.01,96,74880,买盘
2600,10:59:12,7.79,-0.01,62,48298,卖盘
2601,10:59:09,7.8,--,35,27300,买盘
2602,10:59:06,7.8,--,341,265980,买盘
2603,10:59:03,7.8,--,12,9360,买盘
2604,10:59:00,7.8,--,98,76440,买盘
2605,10:58:57,7.8,0.01,166,129480,买盘
2606,10:58:54,7.79,--,30,23370,卖盘
2607,10:58:51,7.79,-0.01,105,81795,卖盘
2608,10:58:48,7.8,--,98,76440,买盘
2609,10:58:45,7.8,0.01,37,28860,买盘
2610,10:58:42,7.79,--,50,38950,卖盘
2611,10:58:39,7.79,-0.01,105,81795,卖盘
2612,10:58:36,7.8,--,60,46800,买盘
2613,10:58:33,7.8,--,40,31200,买盘
2614,10:58:30,7.8,--,223,174096,卖盘
2615,10:58:27,7.8,--,65,50700,卖盘
2616,10:58:24,7.8,--,104,81744,买盘
2617,10:58:21,7.8,--,250,195000,买盘
2618,10:58:18,7.8,--,63,49140,买盘
2619,10:58:12,7.8,--,77,60060,买盘
2620,10:58:09,7.8,--,306,238680,买盘
2621,10:58:06,7.8,--,1485,1158456,卖盘
2622,10:58:03,7.8,-0.01,1311,1022580,卖盘
2623,10:58:00,7.81,--,153,119493,买盘
2624,10:57:57,7.81,--,10,7810,买盘
2625,10:57:54,7.81,--,15,11715,买盘
2626,10:57:51,7.81,--,45,35145,买盘
2627,10:57:48,7.81,--,76,59356,买盘
2628,10:57:45,7.81,0.01,27,21087,买盘
2629,10:57:42,7.8,--,113,88140,卖盘
2630,10:57:39,7.8,-0.01,7,5460,卖盘
2631,10:57:36,7.81,0.01,242,189002,买盘
2632,10:57:33,7.8,-0.01,51,39780,卖盘
2633,10:57:30,7.81,0.01,495,386595,买盘
2634,10:57:27,7.8,-0.01,173,134940,卖盘
2635,10:57:24,7.81,--,61,47641,买盘
2636,10:57:21,7.81,--,81,63261,买盘
2637,10:57:18,7.81,0.01,84,65604,买盘
2638,10:57:15,7.8,-0.01,821,640692,卖盘
2639,10:57:12,7.81,--,23,17963,卖盘
2640,10:57:09,7.81,--,2965,2316133,买盘
2641,10:57:06,7.81,0.01,363,283503,买盘
2642,10:57:03,7.8,-0.01,128,99840,卖盘
2643,10:57:00,7.81,--,392,306152,买盘
2644,10:56:57,7.81,--,202,157762,买盘
2645,10:56:54,7.81,0.01,1016,793496,买盘
2646,10:56:51,7.8,-0.01,32,24960,卖盘
2647,10:56:48,7.81,--,118,92158,买盘
2648,10:56:45,7.81,--,354,276474,买盘
2649,10:56:42,7.81,--,81,63261,买盘
2650,10:56:39,7.81,--,259,202279,买盘
2651,10:56:36,7.81,--,155,121055,买盘
2652,10:56:33,7.81,--,38,29678,买盘
2653,10:56:30,7.81,--,706,551386,买盘
2654,10:56:27,7.81,0.01,159,124179,买盘
2655,10:56:24,7.8,--,36,28080,卖盘
2656,10:56:21,7.8,-0.01,22,17160,卖盘
2657,10:56:18,7.81,0.01,211,164791,买盘
2658,10:56:15,7.8,--,15,11700,卖盘
2659,10:56:12,7.8,0.01,2690,2098824,买盘
2660,10:56:09,7.79,-0.01,8037,6260823,卖盘
2661,10:56:06,7.8,0.01,66,51480,买盘
2662,10:56:03,7.79,-0.01,462,359898,卖盘
2663,10:56:00,7.8,0.01,376,293280,买盘
2664,10:55:57,7.79,-0.01,4,3116,卖盘
2665,10:55:54,7.8,--,25,19500,买盘
2666,10:55:51,7.8,--,45,35100,买盘
2667,10:55:48,7.8,--,9,7020,买盘
2668,10:55:45,7.8,--,139,108420,买盘
2669,10:55:42,7.8,--,13,10140,买盘
2670,10:55:39,7.8,--,334,260520,买盘
2671,10:55:36,7.8,0.01,50,39000,买盘
2672,10:55:33,7.79,-0.01,2,1558,卖盘
2673,10:55:30,7.8,--,34,26520,买盘
2674,10:55:27,7.8,--,81,63180,买盘
2675,10:55:24,7.8,--,147,114660,买盘
2676,10:55:21,7.8,--,54,42120,买盘
2677,10:55:18,7.8,0.01,22,17160,买盘
2678,10:55:15,7.79,-0.01,26,20254,卖盘
2679,10:55:12,7.8,--,30,23400,买盘
2680,10:55:09,7.8,0.01,117,91260,买盘
2681,10:55:06,7.79,--,50,38950,卖盘
2682,10:55:03,7.79,-0.01,14,10906,卖盘
2683,10:55:00,7.8,0.01,17,13260,买盘
2684,10:54:57,7.79,--,7,5453,卖盘
2685,10:54:54,7.79,-0.01,20,15580,卖盘
2686,10:54:51,7.8,0.01,26,20280,买盘
2687,10:54:48,7.79,-0.01,71,55309,卖盘
2688,10:54:45,7.8,0.01,9,7020,买盘
2689,10:54:42,7.79,--,80,62320,卖盘
2690,10:54:39,7.79,--,15,11685,卖盘
2691,10:54:36,7.79,--,945,736155,卖盘
2692,10:54:33,7.79,-0.01,1,779,卖盘
2693,10:54:30,7.8,--,168,131040,买盘
2694,10:54:27,7.8,0.01,154,120120,买盘
2695,10:54:24,7.79,-0.01,59,45961,卖盘
2696,10:54:21,7.8,--,3,2340,买盘
2697,10:54:18,7.8,0.01,2,1560,买盘
2698,10:54:15,7.79,--,1,779,卖盘
2699,10:54:12,7.79,-0.01,75,58425,卖盘
2700,10:54:09,7.8,--,40,31200,买盘
2701,10:54:06,7.8,0.01,94,73320,买盘
2702,10:54:03,7.79,-0.01,39,30381,卖盘
2703,10:54:00,7.8,0.01,64,49920,买盘
2704,10:53:57,7.79,--,13,10127,卖盘
2705,10:53:54,7.79,--,196,152684,卖盘
2706,10:53:51,7.79,-0.01,835,650465,卖盘
2707,10:53:48,7.8,--,2,1560,买盘
2708,10:53:45,7.8,0.01,8,6240,买盘
2709,10:53:42,7.79,--,279,217341,卖盘
2710,10:53:39,7.79,-0.01,37,28823,卖盘
2711,10:53:33,7.8,0.01,20,15600,买盘
2712,10:53:30,7.79,-0.01,517,402743,卖盘
2713,10:53:27,7.8,--,69,53820,买盘
2714,10:53:24,7.8,--,55,42900,买盘
2715,10:53:21,7.8,--,130,101400,买盘
2716,10:53:18,7.8,--,435,339300,买盘
2717,10:53:15,7.8,0.01,20,15600,买盘
2718,10:53:12,7.79,--,60,46740,卖盘
2719,10:53:09,7.79,-0.01,46,35834,卖盘
2720,10:53:06,7.8,0.01,206,161304,买盘
2721,10:53:00,7.79,--,839,653581,卖盘
2722,10:52:57,7.79,-0.01,143,111397,卖盘
2723,10:52:54,7.8,--,112,87360,买盘
2724,10:52:48,7.8,0.01,41,31980,买盘
2725,10:52:42,7.79,--,41,31939,卖盘
2726,10:52:39,7.79,-0.01,313,243827,卖盘
2727,10:52:36,7.8,0.01,1503,1172340,买盘
2728,10:52:33,7.79,--,844,657476,买盘
2729,10:52:30,7.79,--,601,468179,买盘
2730,10:52:27,7.79,0.01,2809,2188211,买盘
2731,10:52:24,7.78,--,3,2334,卖盘
2732,10:52:21,7.78,--,203,157934,卖盘
2733,10:52:18,7.78,--,242,188276,卖盘
2734,10:52:15,7.78,-0.01,2,1556,卖盘
2735,10:52:09,7.79,0.01,959,747061,买盘
2736,10:52:06,7.78,-0.01,30,23340,卖盘
2737,10:52:03,7.79,--,19,14801,买盘
2738,10:52:00,7.79,0.01,252,196308,买盘
2739,10:51:57,7.78,-0.01,10,7780,卖盘
2740,10:51:54,7.79,0.01,176,137104,买盘
2741,10:51:51,7.78,-0.01,3,2334,卖盘
2742,10:51:48,7.79,0.01,16,12464,买盘
2743,10:51:42,7.78,-0.01,21,16338,卖盘
2744,10:51:39,7.79,0.01,427,332633,买盘
2745,10:51:36,7.78,--,16,12448,卖盘
2746,10:51:33,7.78,--,17,13226,卖盘
2747,10:51:30,7.78,-0.01,25,19450,卖盘
2748,10:51:27,7.79,--,2,1558,买盘
2749,10:51:24,7.79,--,19,14801,买盘
2750,10:51:21,7.79,0.01,644,501676,买盘
2751,10:51:18,7.78,--,5,3890,卖盘
2752,10:51:15,7.78,--,34,26452,卖盘
2753,10:51:12,7.78,-0.01,4,3112,卖盘
2754,10:51:09,7.79,0.01,48,37392,买盘
2755,10:51:06,7.78,-0.01,248,192944,卖盘
2756,10:51:03,7.79,--,35,27265,买盘
2757,10:51:00,7.79,--,3,2337,买盘
2758,10:50:57,7.79,--,169,131651,买盘
2759,10:50:54,7.79,--,21,16359,买盘
2760,10:50:51,7.79,--,77,59983,买盘
2761,10:50:48,7.79,0.01,1,779,买盘
2762,10:50:45,7.78,-0.01,3,2334,卖盘
2763,10:50:42,7.79,--,62,48298,买盘
2764,10:50:39,7.79,--,1,779,买盘
2765,10:50:36,7.79,--,3,2337,买盘
2766,10:50:33,7.79,--,166,129314,买盘
2767,10:50:30,7.79,0.01,43,33497,买盘
2768,10:50:27,7.78,-0.01,8,6224,卖盘
2769,10:50:24,7.79,0.01,9,7011,买盘
2770,10:50:18,7.78,--,5,3890,卖盘
2771,10:50:15,7.78,--,3,2334,卖盘
2772,10:50:12,7.78,-0.01,2,1556,卖盘
2773,10:50:09,7.79,0.01,62,48298,买盘
2774,10:50:06,7.78,-0.01,30,23340,卖盘
2775,10:50:03,7.79,0.01,18,14022,买盘
2776,10:50:00,7.78,-0.01,337,262186,卖盘
2777,10:49:57,7.79,--,22,17138,买盘
2778,10:49:54,7.79,0.01,1,779,买盘
2779,10:49:51,7.78,-0.01,20,15560,卖盘
2780,10:49:48,7.79,0.01,3,2337,买盘
2781,10:49:45,7.78,-0.01,249,193722,卖盘
2782,10:49:42,7.79,--,10,7790,买盘
2783,10:49:39,7.79,0.01,86,66994,买盘
2784,10:49:36,7.78,--,9,7002,卖盘
2785,10:49:30,7.78,--,3,2334,卖盘
2786,10:49:27,7.78,-0.01,51,39678,卖盘
2787,10:49:24,7.79,--,38,29602,买盘
2788,10:49:21,7.79,0.01,35,27265,买盘
2789,10:49:18,7.78,--,140,108920,卖盘
2790,10:49:15,7.78,--,41,31898,卖盘
2791,10:49:12,7.78,-0.01,3,2334,卖盘
2792,10:49:09,7.79,0.02,57,44403,买盘
2793,10:49:06,7.77,-0.01,117,90909,卖盘
2794,10:49:03,7.78,--,367,285526,买盘
2795,10:49:00,7.78,0.01,3,2334,买盘
2796,10:48:57,7.77,-0.01,52,40404,卖盘
2797,10:48:54,7.78,--,54,42012,买盘
2798,10:48:51,7.78,--,40,31120,买盘
2799,10:48:48,7.78,0.01,256,199168,买盘
2800,10:48:45,7.77,-0.01,863,670551,卖盘
2801,10:48:42,7.78,--,45,35010,买盘
2802,10:48:39,7.78,--,22,17116,买盘
2803,10:48:36,7.78,0.01,205,159490,买盘
2804,10:48:33,7.77,-0.01,4,3108,卖盘
2805,10:48:30,7.78,--,459,357102,买盘
2806,10:48:27,7.78,--,48,37344,买盘
2807,10:48:24,7.78,--,182,141596,买盘
2808,10:48:21,7.78,--,72,56016,买盘
2809,10:48:18,7.78,0.01,2,1556,买盘
2810,10:48:12,7.77,-0.01,2,1554,卖盘
2811,10:48:09,7.78,--,11,8558,买盘
2812,10:48:06,7.78,--,74,57572,买盘
2813,10:48:03,7.78,0.01,54,42012,买盘
2814,10:48:00,7.77,-0.01,15,11655,卖盘
2815,10:47:57,7.78,--,5,3890,买盘
2816,10:47:54,7.78,0.01,78,60684,买盘
2817,10:47:51,7.77,-0.01,1,777,卖盘
2818,10:47:48,7.78,0.01,494,384332,买盘
2819,10:47:45,7.77,-0.01,43,33411,卖盘
2820,10:47:42,7.78,--,209,162602,卖盘
2821,10:47:39,7.78,-0.01,15,11670,卖盘
2822,10:47:33,7.79,--,46,35834,买盘
2823,10:47:30,7.79,0.01,1,779,买盘
2824,10:47:27,7.78,--,57,44346,卖盘
2825,10:47:24,7.78,--,27,21006,卖盘
2826,10:47:21,7.78,--,4,3112,卖盘
2827,10:47:18,7.78,-0.01,10,7780,卖盘
2828,10:47:15,7.79,0.01,415,324056,买盘
2829,10:47:12,7.78,--,12,9336,买盘
2830,10:47:09,7.78,--,26,20228,买盘
2831,10:47:06,7.78,--,251,195278,买盘
2832,10:47:03,7.78,--,166,129148,买盘
2833,10:47:00,7.78,0.01,121,94138,买盘
2834,10:46:57,7.77,-0.01,132,102564,卖盘
2835,10:46:54,7.78,--,40,31120,买盘
2836,10:46:48,7.78,--,66,51348,买盘
2837,10:46:45,7.78,0.01,12,9336,买盘
2838,10:46:42,7.77,-0.01,72,55944,卖盘
2839,10:46:39,7.78,--,38,29564,买盘
2840,10:46:36,7.78,0.01,164,127592,买盘
2841,10:46:33,7.77,-0.01,2,1554,卖盘
2842,10:46:30,7.78,0.01,465,361770,买盘
2843,10:46:27,7.77,-0.01,501,389277,卖盘
2844,10:46:24,7.78,--,9,7002,买盘
2845,10:46:21,7.78,0.01,22,17116,买盘
2846,10:46:18,7.77,--,10,7770,卖盘
2847,10:46:12,7.77,--,843,655011,卖盘
2848,10:46:09,7.77,--,13,10101,卖盘
2849,10:46:06,7.77,--,48,37296,卖盘
2850,10:46:03,7.77,-0.01,10,7770,卖盘
2851,10:46:00,7.78,--,49,38122,买盘
2852,10:45:57,7.78,0.01,23,17894,买盘
2853,10:45:54,7.77,-0.01,1,777,卖盘
2854,10:45:51,7.78,0.01,27,21006,买盘
2855,10:45:48,7.77,--,23,17871,卖盘
2856,10:45:45,7.77,--,5,3885,卖盘
2857,10:45:42,7.77,--,38,29526,卖盘
2858,10:45:36,7.77,-0.01,2,1554,卖盘
2859,10:45:33,7.78,--,44,34232,买盘
2860,10:45:30,7.78,--,44,34232,买盘
2861,10:45:27,7.78,--,3,2334,买盘
2862,10:45:24,7.78,--,1,778,买盘
2863,10:45:15,7.78,0.01,63,49014,买盘
2864,10:45:12,7.77,-0.01,10,7770,卖盘
2865,10:45:09,7.78,0.01,10,7780,买盘
2866,10:45:03,7.77,-0.01,35,27195,卖盘
2867,10:45:00,7.78,--,82,63796,买盘
2868,10:44:57,7.78,--,270,210060,买盘
2869,10:44:54,7.78,0.01,55,42790,买盘
2870,10:44:51,7.77,-0.01,35,27195,卖盘
2871,10:44:48,7.78,0.01,61,47458,买盘
2872,10:44:45,7.77,--,10,7770,卖盘
2873,10:44:42,7.77,-0.01,2,1554,卖盘
2874,10:44:39,7.78,--,1,778,买盘
2875,10:44:36,7.78,0.01,27,21006,买盘
2876,10:44:33,7.77,--,4,3108,卖盘
2877,10:44:30,7.77,--,16,12432,卖盘
2878,10:44:27,7.77,--,137,106449,卖盘
2879,10:44:21,7.77,-0.01,26,20202,卖盘
2880,10:44:18,7.78,--,41,31898,买盘
2881,10:44:09,7.78,0.01,54,42012,买盘
2882,10:44:06,7.77,-0.01,14,10878,卖盘
2883,10:44:03,7.78,--,200,155600,买盘
2884,10:44:00,7.78,0.01,2,1556,买盘
2885,10:43:57,7.77,-0.01,293,227661,卖盘
2886,10:43:54,7.78,--,1,778,买盘
2887,10:43:48,7.78,--,3,2334,买盘
2888,10:43:45,7.78,--,9,7002,买盘
2889,10:43:42,7.78,0.01,557,433346,买盘
2890,10:43:39,7.77,--,15,11655,卖盘
2891,10:43:36,7.77,-0.01,11,8547,卖盘
2892,10:43:33,7.78,--,2,1556,买盘
2893,10:43:30,7.78,--,11,8558,买盘
2894,10:43:27,7.78,--,14,10892,买盘
2895,10:43:24,7.78,0.01,63,49014,买盘
2896,10:43:21,7.77,-0.01,3,2331,卖盘
2897,10:43:18,7.78,--,1,778,买盘
2898,10:43:15,7.78,0.01,7,5446,买盘
2899,10:43:12,7.77,-0.01,43,33411,卖盘
2900,10:43:09,7.78,0.01,11,8558,买盘
2901,10:43:06,7.77,--,15,11655,卖盘
2902,10:43:03,7.77,--,84,65268,卖盘
2903,10:43:00,7.77,-0.01,127,98679,卖盘
