,time,price,change,volume,amount,type
0,15:00:03,6.92,--,15213,10527396,买盘
1,14:57:00,6.92,0.01,296,204832,买盘
2,14:56:57,6.91,--,93,64263,卖盘
3,14:56:54,6.91,--,20,14476,卖盘
4,14:56:51,6.91,--,653,451561,买盘
5,14:56:48,6.91,--,67,46297,买盘
6,14:56:45,6.91,--,239,165149,买盘
7,14:56:42,6.91,0.01,1,691,买盘
8,14:56:39,6.9,-0.01,1443,995670,卖盘
9,14:56:36,6.91,--,61,42151,买盘
10,14:56:33,6.91,--,241,166531,买盘
11,14:56:30,6.91,0.01,144,99504,买盘
12,14:56:27,6.9,-0.01,425,293250,卖盘
13,14:56:24,6.91,--,273,188643,买盘
14,14:56:21,6.91,--,146,100886,买盘
15,14:56:18,6.91,0.01,40,27640,买盘
16,14:56:15,6.9,-0.01,21,14490,卖盘
17,14:56:12,6.91,0.01,59,40769,买盘
18,14:56:09,6.9,-0.01,37,25530,卖盘
19,14:56:06,6.91,0.01,20,13820,买盘
20,14:56:03,6.9,--,279,192510,卖盘
21,14:56:00,6.9,-0.01,662,456780,卖盘
22,14:55:57,6.91,--,38,26258,卖盘
23,14:55:54,6.91,--,235,162385,卖盘
24,14:55:51,6.91,--,3061,2115151,卖盘
25,14:55:48,6.91,--,93,64263,卖盘
26,14:55:45,6.91,--,238,164458,卖盘
27,14:55:42,6.91,--,376,259898,买盘
28,14:55:39,6.91,0.01,152,105032,买盘
29,14:55:36,6.9,-0.01,150,103500,卖盘
30,14:55:33,6.91,0.01,211,145801,卖盘
31,14:55:30,6.9,-0.01,415,286350,卖盘
32,14:55:27,6.91,--,43,29713,卖盘
33,14:55:24,6.91,--,1185,818835,买盘
34,14:55:21,6.91,--,256,176896,买盘
35,14:55:18,6.91,--,116,80156,买盘
36,14:55:15,6.91,-0.01,1904,1315664,卖盘
37,14:55:12,6.92,--,114,78888,买盘
38,14:55:09,6.92,--,68,47056,买盘
39,14:55:06,6.92,--,377,260884,买盘
40,14:55:03,6.92,0.01,18,12456,买盘
41,14:55:00,6.91,-0.01,58,40078,卖盘
42,14:54:57,6.92,0.01,433,299636,买盘
43,14:54:54,6.91,--,204,140964,卖盘
44,14:54:51,6.91,0.01,1385,957035,买盘
45,14:54:48,6.9,-0.01,1081,745890,卖盘
46,14:54:45,6.91,--,133,91903,买盘
47,14:54:42,6.91,--,123,84993,买盘
48,14:54:39,6.91,--,165,114015,买盘
49,14:54:36,6.91,--,1081,746971,买盘
50,14:54:33,6.91,--,21,14511,买盘
51,14:54:30,6.91,-0.01,294,203154,卖盘
52,14:54:27,6.92,0.01,58,40136,买盘
53,14:54:24,6.91,--,214,147874,买盘
54,14:54:21,6.91,--,119,82229,买盘
55,14:54:18,6.91,--,257,177587,买盘
56,14:54:15,6.91,-0.01,2384,1647344,卖盘
57,14:54:12,6.92,--,370,256040,买盘
58,14:54:09,6.92,--,779,539068,买盘
59,14:54:06,6.92,0.01,29,20068,买盘
60,14:54:03,6.91,-0.01,137,94667,卖盘
61,14:54:00,6.92,--,79,54668,买盘
62,14:53:57,6.92,--,89,61588,买盘
63,14:53:54,6.92,--,55,38060,买盘
64,14:53:51,6.92,--,1773,1226916,买盘
65,14:53:48,6.92,--,14,9688,买盘
66,14:53:45,6.92,--,1874,1296808,卖盘
67,14:53:42,6.92,-0.01,601,415892,卖盘
68,14:53:39,6.93,0.01,65,45045,买盘
69,14:53:36,6.92,-0.01,97,67124,卖盘
70,14:53:33,6.93,--,11,7623,买盘
71,14:53:30,6.93,--,323,223839,买盘
72,14:53:27,6.93,--,232,160776,买盘
73,14:53:24,6.93,--,81,56133,买盘
74,14:53:21,6.93,--,62,42966,买盘
75,14:53:18,6.93,--,24,16632,买盘
76,14:53:15,6.93,--,109,75537,买盘
77,14:53:12,6.93,0.01,153,106029,买盘
78,14:53:09,6.92,-0.01,787,544604,卖盘
79,14:53:06,6.93,--,93,64449,买盘
80,14:53:03,6.93,--,10,6930,买盘
81,14:53:00,6.93,--,163,112959,买盘
82,14:52:57,6.93,--,346,239778,买盘
83,14:52:54,6.93,0.01,1040,720720,买盘
84,14:52:51,6.92,-0.01,58,40136,卖盘
85,14:52:48,6.93,--,2,1386,买盘
86,14:52:45,6.93,--,7,4851,买盘
87,14:52:42,6.93,0.01,4229,2930697,买盘
88,14:52:39,6.92,-0.01,102,70584,卖盘
89,14:52:36,6.93,--,889,616728,卖盘
90,14:52:33,6.93,-0.01,255,176715,卖盘
91,14:52:30,6.94,--,30,20820,买盘
92,14:52:27,6.94,0.01,25,17350,买盘
93,14:52:24,6.93,--,14,9702,卖盘
94,14:52:21,6.93,-0.01,205,142065,卖盘
95,14:52:18,6.94,0.01,843,585083,买盘
96,14:52:15,6.93,--,652,451836,买盘
97,14:52:12,6.93,--,95,65835,买盘
98,14:52:09,6.93,--,251,173943,卖盘
99,14:52:06,6.93,--,640,443520,买盘
100,14:52:03,6.93,--,363,251559,买盘
101,14:52:00,6.93,--,591,409563,买盘
102,14:51:57,6.93,--,743,514899,买盘
103,14:51:54,6.93,--,27,18711,买盘
104,14:51:51,6.93,--,226,156618,买盘
105,14:51:48,6.93,--,1381,957033,卖盘
106,14:51:45,6.93,--,113,78309,卖盘
107,14:51:42,6.93,--,89,61677,卖盘
108,14:51:39,6.93,-0.01,105,72765,卖盘
109,14:51:36,6.94,--,445,308830,买盘
110,14:51:33,6.94,0.01,13,9022,买盘
111,14:51:30,6.93,--,487,337491,卖盘
112,14:51:27,6.93,--,45,31185,卖盘
113,14:51:24,6.93,--,441,305613,买盘
114,14:51:21,6.93,--,156,108108,买盘
115,14:51:18,6.93,--,1216,842688,买盘
116,14:51:15,6.93,0.01,16,11088,买盘
117,14:51:12,6.92,--,730,505160,卖盘
118,14:51:09,6.92,-0.01,301,208292,卖盘
119,14:51:06,6.93,--,88,60984,买盘
120,14:51:03,6.93,--,141,97713,买盘
121,14:51:00,6.93,0.01,264,182952,买盘
122,14:50:57,6.92,-0.01,1728,1195776,卖盘
123,14:50:54,6.93,--,1,693,卖盘
124,14:50:51,6.93,--,179,124047,买盘
125,14:50:48,6.93,0.01,1980,1372140,买盘
126,14:50:45,6.92,-0.01,1601,1107892,卖盘
127,14:50:42,6.93,--,711,492723,买盘
128,14:50:36,6.93,0.01,63,43659,买盘
129,14:50:33,6.92,--,155,107260,卖盘
130,14:50:30,6.92,--,448,310016,买盘
131,14:50:27,6.92,--,181,125252,买盘
132,14:50:24,6.92,--,161,111412,买盘
133,14:50:21,6.92,--,1902,1316184,买盘
134,14:50:18,6.92,0.01,20,13840,买盘
135,14:50:15,6.91,-0.01,183,126453,卖盘
136,14:50:12,6.92,--,39,26988,买盘
137,14:50:09,6.92,-0.01,348,240816,卖盘
138,14:50:06,6.93,0.01,45,31185,买盘
139,14:50:03,6.92,--,407,281644,卖盘
140,14:50:00,6.92,-0.01,10,6920,卖盘
141,14:49:57,6.93,0.01,170,117810,买盘
142,14:49:54,6.92,--,355,245660,买盘
143,14:49:51,6.92,--,77,53284,买盘
144,14:49:48,6.92,--,79,54668,卖盘
145,14:49:45,6.92,--,484,334928,买盘
146,14:49:42,6.92,-0.01,787,544604,卖盘
147,14:49:39,6.93,--,7,4851,买盘
148,14:49:36,6.93,--,504,349272,买盘
149,14:49:33,6.93,--,1110,769230,买盘
150,14:49:30,6.93,--,433,300069,买盘
151,14:49:27,6.93,--,5,3465,买盘
152,14:49:24,6.93,--,414,286902,买盘
153,14:49:21,6.93,--,30,20790,买盘
154,14:49:18,6.93,--,29,20097,买盘
155,14:49:15,6.93,--,152,105336,买盘
156,14:49:09,6.93,--,43,29799,买盘
157,14:49:06,6.93,0.01,30,20790,买盘
158,14:49:03,6.92,--,124,85808,卖盘
159,14:49:00,6.92,0.01,298,206216,卖盘
160,14:48:57,6.91,-0.01,1315,908665,卖盘
161,14:48:54,6.92,0.01,502,347384,买盘
162,14:48:51,6.91,--,20,13820,卖盘
163,14:48:48,6.91,-0.01,448,309568,卖盘
164,14:48:45,6.92,0.01,725,501700,买盘
165,14:48:42,6.91,--,322,222502,卖盘
166,14:48:36,6.91,--,731,505121,卖盘
167,14:48:33,6.91,-0.01,1,691,中性盘
168,14:48:30,6.92,0.01,1269,878148,买盘
169,14:48:27,6.91,-0.01,211,145801,卖盘
170,14:48:24,6.92,0.01,128,88576,买盘
171,14:48:21,6.91,--,20,13820,卖盘
172,14:48:18,6.91,--,122,84302,卖盘
173,14:48:15,6.91,--,64,44224,卖盘
174,14:48:09,6.91,--,181,125623,买盘
175,14:48:06,6.91,--,186,128526,买盘
176,14:48:03,6.91,--,101,69791,买盘
177,14:48:00,6.91,--,404,279164,买盘
178,14:47:57,6.91,--,91,62881,买盘
179,14:47:54,6.91,--,30,20730,买盘
180,14:47:51,6.91,--,12,8292,买盘
181,14:47:48,6.91,--,128,88448,买盘
182,14:47:45,6.91,--,628,433948,买盘
183,14:47:42,6.91,--,668,461588,卖盘
184,14:47:39,6.91,-0.01,571,394561,卖盘
185,14:47:36,6.92,--,712,492704,买盘
186,14:47:33,6.92,--,2225,1539700,买盘
187,14:47:30,6.92,--,403,278876,买盘
188,14:47:27,6.92,-0.01,261,180612,卖盘
189,14:47:24,6.93,0.01,2029,1406097,买盘
190,14:47:21,6.92,-0.01,203,140476,卖盘
191,14:47:18,6.93,0.01,79,54747,买盘
192,14:47:15,6.92,-0.01,19,13148,卖盘
193,14:47:12,6.93,--,117,81607,卖盘
194,14:47:09,6.93,--,374,259348,买盘
195,14:47:06,6.93,--,233,161995,卖盘
196,14:47:03,6.93,--,246,170478,卖盘
197,14:47:00,6.93,-0.01,103,71379,卖盘
198,14:46:57,6.94,0.01,69,47886,买盘
199,14:46:54,6.93,--,248,171864,卖盘
200,14:46:51,6.93,--,72,49896,卖盘
201,14:46:48,6.93,-0.01,365,252945,卖盘
202,14:46:45,6.94,0.01,646,448324,买盘
203,14:46:42,6.93,-0.01,51,35343,卖盘
204,14:46:39,6.94,--,14,9716,买盘
205,14:46:36,6.94,--,231,160314,买盘
206,14:46:30,6.94,--,302,209588,卖盘
207,14:46:27,6.94,--,529,367126,卖盘
208,14:46:24,6.94,--,43,29842,卖盘
209,14:46:21,6.94,--,57,39558,卖盘
210,14:46:18,6.94,--,76,52744,买盘
211,14:46:15,6.94,-0.01,62,43028,卖盘
212,14:46:12,6.95,0.01,1700,1181500,买盘
213,14:46:09,6.94,--,355,246370,买盘
214,14:46:06,6.94,-0.01,50,34700,买盘
215,14:46:03,6.95,0.01,493,342635,买盘
216,14:46:00,6.94,--,330,229020,卖盘
217,14:45:57,6.94,--,476,330344,卖盘
218,14:45:54,6.94,--,67,46498,卖盘
219,14:45:51,6.94,--,89,61766,卖盘
220,14:45:48,6.94,0.01,304,210976,买盘
221,14:45:45,6.93,-0.01,75,51975,卖盘
222,14:45:42,6.94,--,168,116592,买盘
223,14:45:39,6.94,--,150,104100,买盘
224,14:45:36,6.94,--,37,25678,买盘
225,14:45:33,6.94,0.01,91,63154,中性盘
226,14:45:30,6.93,-0.01,527,365211,卖盘
227,14:45:27,6.94,--,177,122838,卖盘
228,14:45:24,6.94,--,144,99936,卖盘
229,14:45:21,6.94,0.01,210,146156,中性盘
230,14:45:18,6.93,-0.01,3532,2447676,卖盘
231,14:45:15,6.94,--,469,325486,买盘
232,14:45:12,6.94,--,855,593370,买盘
233,14:45:09,6.94,--,389,269966,买盘
234,14:45:06,6.94,--,168,116592,买盘
235,14:45:03,6.94,--,6,4164,买盘
236,14:45:00,6.94,--,30,20820,买盘
237,14:44:57,6.94,-0.01,1161,805734,卖盘
238,14:44:54,6.95,0.01,130,90350,买盘
239,14:44:51,6.94,-0.01,1333,925102,卖盘
240,14:44:48,6.95,0.01,571,396845,买盘
241,14:44:45,6.94,--,73,50662,卖盘
242,14:44:42,6.94,--,800,555200,买盘
243,14:44:39,6.94,--,423,293562,买盘
244,14:44:36,6.94,0.01,152,105488,买盘
245,14:44:33,6.93,-0.01,164,113652,卖盘
246,14:44:30,6.94,--,122,84668,买盘
247,14:44:27,6.94,--,150,104100,买盘
248,14:44:24,6.94,--,175,121450,买盘
249,14:44:21,6.94,-0.01,110,76340,中性盘
250,14:44:18,6.95,--,2677,1860515,买盘
251,14:44:15,6.95,--,161,111895,买盘
252,14:44:12,6.95,--,163,113285,买盘
253,14:44:09,6.95,--,690,479550,买盘
254,14:44:06,6.95,--,60,41700,买盘
255,14:44:03,6.95,-0.01,245,170275,卖盘
256,14:44:00,6.96,0.02,552,384192,买盘
257,14:43:57,6.94,-0.01,213,147822,卖盘
258,14:43:54,6.95,--,327,227265,卖盘
259,14:43:51,6.95,--,1105,767975,买盘
260,14:43:48,6.95,--,225,156375,买盘
261,14:43:45,6.95,0.01,49,34055,买盘
262,14:43:42,6.94,-0.01,71,49274,卖盘
263,14:43:39,6.95,0.01,230,159850,买盘
264,14:43:36,6.94,-0.01,322,223468,卖盘
265,14:43:33,6.95,-0.01,210,145950,卖盘
266,14:43:30,6.96,0.02,2876,2001696,买盘
267,14:43:27,6.94,-0.01,2415,1676010,卖盘
268,14:43:24,6.95,--,80,55600,买盘
269,14:43:21,6.95,--,190,132050,买盘
270,14:43:18,6.95,-0.01,763,530285,卖盘
271,14:43:15,6.96,0.01,174,121104,买盘
272,14:43:12,6.95,-0.01,1416,984120,卖盘
273,14:43:09,6.96,0.01,185,128760,买盘
274,14:43:06,6.95,-0.01,150,104250,卖盘
275,14:43:03,6.96,0.01,390,271440,买盘
276,14:43:00,6.95,-0.01,28,19460,卖盘
277,14:42:57,6.96,0.01,190,132240,买盘
278,14:42:54,6.95,-0.01,1453,1009835,卖盘
279,14:42:51,6.96,--,527,366792,买盘
280,14:42:48,6.96,--,234,162864,买盘
281,14:42:45,6.96,0.01,829,576984,买盘
282,14:42:42,6.95,--,1013,704035,卖盘
283,14:42:39,6.95,-0.01,1272,884040,卖盘
284,14:42:36,6.96,--,519,361224,买盘
285,14:42:33,6.96,--,1182,822672,买盘
286,14:42:30,6.96,--,959,667464,买盘
287,14:42:27,6.96,--,564,392544,买盘
288,14:42:24,6.96,--,1171,815016,买盘
289,14:42:21,6.96,--,558,388368,买盘
290,14:42:18,6.96,--,971,675816,买盘
291,14:42:15,6.96,--,1999,1391304,买盘
292,14:42:12,6.96,--,1026,714235,买盘
293,14:42:09,6.96,--,647,450868,卖盘
294,14:42:06,6.96,-0.02,821,571416,卖盘
295,14:42:03,6.98,0.02,1462,1020476,买盘
296,14:42:00,6.96,-0.01,892,620832,卖盘
297,14:41:57,6.97,-0.01,1634,1138898,卖盘
298,14:41:54,6.98,0.01,3654,2550492,买盘
299,14:41:51,6.97,0.01,2160,1505520,买盘
300,14:41:48,6.96,--,3234,2250864,卖盘
301,14:41:45,6.96,0.01,673,468547,买盘
302,14:41:42,6.95,--,1921,1335095,卖盘
303,14:41:39,6.95,--,425,295375,卖盘
304,14:41:36,6.95,--,2464,1712480,买盘
305,14:41:33,6.95,--,1423,988985,买盘
306,14:41:30,6.95,0.01,1368,950760,买盘
307,14:41:27,6.94,--,243,168642,卖盘
308,14:41:24,6.94,--,744,516336,卖盘
309,14:41:21,6.94,--,2351,1631899,买盘
310,14:41:18,6.94,0.01,499,346306,买盘
311,14:41:15,6.93,--,1026,711018,卖盘
312,14:41:12,6.93,--,112,77616,卖盘
313,14:41:09,6.93,--,192,133056,卖盘
314,14:41:06,6.93,--,980,679140,卖盘
315,14:41:03,6.93,--,510,353430,买盘
316,14:41:00,6.93,--,217,150381,买盘
317,14:40:57,6.93,--,693,480249,卖盘
318,14:40:54,6.93,--,145,100485,买盘
319,14:40:51,6.93,0.01,58,40194,中性盘
320,14:40:48,6.92,-0.01,6047,4184524,卖盘
321,14:40:45,6.93,--,98,67914,卖盘
322,14:40:42,6.93,0.01,40,27720,中性盘
323,14:40:39,6.92,-0.01,631,436652,卖盘
324,14:40:36,6.93,0.01,503,348579,买盘
325,14:40:33,6.92,--,379,262268,卖盘
326,14:40:30,6.92,--,307,212444,卖盘
327,14:40:27,6.92,--,73,50516,卖盘
328,14:40:24,6.92,--,457,316244,卖盘
329,14:40:21,6.92,-0.01,568,393056,卖盘
330,14:40:18,6.93,--,328,227304,买盘
331,14:40:12,6.93,0.01,55,38115,买盘
332,14:40:09,6.92,-0.02,466,322472,卖盘
333,14:40:06,6.94,0.01,1174,814756,买盘
334,14:40:03,6.93,--,240,166320,卖盘
335,14:40:00,6.93,-0.01,678,469854,卖盘
336,14:39:57,6.94,--,838,581572,买盘
337,14:39:54,6.94,--,384,266496,买盘
338,14:39:51,6.94,--,229,158926,买盘
339,14:39:48,6.94,-0.01,3635,2522690,卖盘
340,14:39:45,6.95,--,739,513605,买盘
341,14:39:42,6.95,--,152,105640,买盘
342,14:39:39,6.95,--,479,332905,买盘
343,14:39:36,6.95,--,551,382945,卖盘
344,14:39:33,6.95,--,1104,767280,买盘
345,14:39:30,6.95,--,472,328040,买盘
346,14:39:27,6.95,--,2685,1866075,买盘
347,14:39:24,6.95,--,893,620635,买盘
348,14:39:21,6.95,--,698,485666,卖盘
349,14:39:18,6.95,--,788,547660,卖盘
350,14:39:15,6.95,0.01,6625,4604514,买盘
351,14:39:12,6.94,--,134,92996,买盘
352,14:39:09,6.94,--,87,60378,买盘
353,14:39:06,6.94,0.01,30,20820,买盘
354,14:39:03,6.93,--,226,156618,买盘
355,14:39:00,6.93,--,547,379071,买盘
356,14:38:57,6.93,--,502,347886,买盘
357,14:38:54,6.93,--,379,262647,买盘
358,14:38:51,6.93,0.01,11,7623,买盘
359,14:38:48,6.92,--,39,27126,卖盘
360,14:38:45,6.92,0.01,113,78196,买盘
361,14:38:42,6.91,-0.01,5052,3490932,卖盘
362,14:38:39,6.92,--,214,148088,买盘
363,14:38:36,6.92,--,600,415200,买盘
364,14:38:33,6.92,0.01,550,380600,买盘
365,14:38:30,6.91,--,24,16584,卖盘
366,14:38:27,6.91,--,22,15202,卖盘
367,14:38:24,6.91,--,956,660596,买盘
368,14:38:21,6.91,--,409,282619,买盘
369,14:38:18,6.91,0.01,14,9674,买盘
370,14:38:15,6.9,-0.01,1412,974280,卖盘
371,14:38:12,6.91,0.01,270,186570,买盘
372,14:38:09,6.9,-0.01,2125,1466250,卖盘
373,14:38:06,6.91,0.01,271,187261,买盘
374,14:38:03,6.9,--,20,13800,卖盘
375,14:38:00,6.9,--,1265,872850,买盘
376,14:37:57,6.9,--,714,492660,买盘
377,14:37:54,6.9,0.01,251,173190,买盘
378,14:37:51,6.89,--,2202,1517178,卖盘
379,14:37:48,6.89,--,130,89570,卖盘
380,14:37:45,6.89,--,2319,1598204,买盘
381,14:37:42,6.89,0.01,120,82680,买盘
382,14:37:39,6.88,--,422,290336,卖盘
383,14:37:36,6.88,-0.01,450,309600,卖盘
384,14:37:33,6.89,--,351,241839,买盘
385,14:37:30,6.89,0.01,464,319696,买盘
386,14:37:27,6.88,-0.01,9,6192,卖盘
387,14:37:24,6.89,0.01,166,114374,买盘
388,14:37:21,6.88,-0.01,1053,724464,卖盘
389,14:37:18,6.89,--,4,2756,买盘
390,14:37:15,6.89,--,87,59943,买盘
391,14:37:12,6.89,--,73,50297,买盘
392,14:37:09,6.89,--,53,36517,买盘
393,14:37:06,6.89,--,86,59254,买盘
394,14:37:03,6.89,--,456,314184,买盘
395,14:37:00,6.89,--,307,211523,买盘
396,14:36:57,6.89,--,134,92326,买盘
397,14:36:54,6.89,--,37,25493,买盘
398,14:36:51,6.89,--,106,73034,买盘
399,14:36:48,6.89,--,7,4823,买盘
400,14:36:45,6.89,--,142,97838,买盘
401,14:36:42,6.89,--,69,47541,买盘
402,14:36:39,6.89,--,3,2067,买盘
403,14:36:36,6.89,--,31,21359,买盘
404,14:36:33,6.89,--,1,689,买盘
405,14:36:30,6.89,0.01,48,33072,买盘
406,14:36:27,6.88,--,37,25456,卖盘
407,14:36:24,6.88,--,299,205712,卖盘
408,14:36:21,6.88,--,45,30960,买盘
409,14:36:18,6.88,0.01,3,2064,买盘
410,14:36:15,6.87,-0.01,53,36411,卖盘
411,14:36:12,6.88,--,1146,788448,买盘
412,14:36:09,6.88,--,49,33712,买盘
413,14:36:06,6.88,--,219,150672,买盘
414,14:36:03,6.88,--,1261,867568,买盘
415,14:36:00,6.88,--,22,15136,买盘
416,14:35:57,6.88,--,25,17200,买盘
417,14:35:54,6.88,--,48,33024,买盘
418,14:35:51,6.88,--,1018,700384,买盘
419,14:35:48,6.88,0.01,69,47472,买盘
420,14:35:45,6.87,-0.01,110,75570,卖盘
421,14:35:42,6.88,--,3,2064,买盘
422,14:35:39,6.88,0.01,282,194016,买盘
423,14:35:36,6.87,-0.01,153,105111,卖盘
424,14:35:33,6.88,0.01,3,2064,买盘
425,14:35:30,6.87,-0.01,81,55647,卖盘
426,14:35:27,6.88,0.01,55,37840,买盘
427,14:35:24,6.87,--,160,109920,卖盘
428,14:35:21,6.87,--,233,160071,卖盘
429,14:35:18,6.87,--,10,6870,卖盘
430,14:35:15,6.87,-0.01,323,221901,卖盘
431,14:35:12,6.88,0.01,65,44720,买盘
432,14:35:09,6.87,--,223,153201,卖盘
433,14:35:06,6.87,-0.01,45,30915,卖盘
434,14:35:03,6.88,0.01,299,205712,买盘
435,14:35:00,6.87,--,3,2061,买盘
436,14:34:57,6.87,--,2,1374,买盘
437,14:34:54,6.87,0.01,57,39159,买盘
438,14:34:51,6.86,-0.01,544,373184,卖盘
439,14:34:48,6.87,--,18,12366,买盘
440,14:34:45,6.87,--,136,93432,买盘
441,14:34:42,6.87,--,203,139461,买盘
442,14:34:39,6.87,--,31,21297,买盘
443,14:34:36,6.87,0.01,154,105798,买盘
444,14:34:33,6.86,-0.01,44,30184,卖盘
445,14:34:30,6.87,--,928,637536,买盘
446,14:34:27,6.87,--,3,2061,买盘
447,14:34:24,6.87,--,160,109920,买盘
448,14:34:21,6.87,--,33,22671,买盘
449,14:34:18,6.87,0.01,13,8931,买盘
450,14:34:15,6.86,-0.01,2,1372,卖盘
451,14:34:12,6.87,--,12,8244,买盘
452,14:34:09,6.87,0.01,138,94806,买盘
453,14:34:06,6.86,-0.01,687,471282,卖盘
454,14:34:03,6.87,--,36,24732,买盘
455,14:34:00,6.87,--,19,13053,买盘
456,14:33:57,6.87,--,310,212970,买盘
457,14:33:54,6.87,--,22,15114,买盘
458,14:33:51,6.87,--,266,182742,买盘
459,14:33:48,6.87,0.01,636,436932,买盘
460,14:33:45,6.86,-0.02,98,67228,卖盘
461,14:33:42,6.88,0.01,203,139664,买盘
462,14:33:39,6.87,--,80,54960,买盘
463,14:33:36,6.87,0.01,86,59082,买盘
464,14:33:33,6.86,-0.01,40,27440,卖盘
465,14:33:30,6.87,0.01,5,3435,买盘
466,14:33:27,6.86,-0.01,202,138572,卖盘
467,14:33:24,6.87,--,1019,700053,卖盘
468,14:33:21,6.87,--,40,27480,卖盘
469,14:33:18,6.87,--,32,21984,卖盘
470,14:33:15,6.87,--,101,69387,卖盘
471,14:33:12,6.87,--,60,41220,卖盘
472,14:33:09,6.87,-0.01,265,182055,卖盘
473,14:33:06,6.88,0.01,667,458896,买盘
474,14:33:03,6.87,--,2,1374,卖盘
475,14:33:00,6.87,--,26,17862,卖盘
476,14:32:54,6.87,--,125,85875,卖盘
477,14:32:51,6.87,-0.01,200,137400,卖盘
478,14:32:48,6.88,--,114,78432,买盘
479,14:32:45,6.88,0.01,33,22704,买盘
480,14:32:42,6.87,--,4,2748,卖盘
481,14:32:39,6.87,--,813,558805,卖盘
482,14:32:36,6.87,-0.01,36,24732,卖盘
483,14:32:33,6.88,0.01,155,106640,买盘
484,14:32:30,6.87,-0.01,402,276174,卖盘
485,14:32:27,6.88,--,5,3440,买盘
486,14:32:24,6.88,--,19,13072,买盘
487,14:32:21,6.88,--,70,48160,买盘
488,14:32:18,6.88,0.01,3,2064,买盘
489,14:32:15,6.87,-0.01,62,42594,卖盘
490,14:32:12,6.88,0.01,180,123840,买盘
491,14:32:09,6.87,-0.01,654,449298,卖盘
492,14:32:06,6.88,--,31,21328,买盘
493,14:32:03,6.88,--,101,69488,买盘
494,14:32:00,6.88,--,39,26832,买盘
495,14:31:57,6.88,0.01,5,3440,买盘
496,14:31:54,6.87,--,19,13053,卖盘
497,14:31:51,6.87,-0.01,165,113355,中性盘
498,14:31:48,6.88,0.01,374,257312,买盘
499,14:31:45,6.87,--,338,232206,买盘
500,14:31:42,6.87,--,1,687,买盘
501,14:31:39,6.87,--,55,37785,买盘
502,14:31:36,6.87,--,100,68700,买盘
503,14:31:33,6.87,--,146,100302,买盘
504,14:31:30,6.87,--,540,370980,卖盘
505,14:31:27,6.87,--,147,100989,卖盘
506,14:31:24,6.87,--,206,141522,卖盘
507,14:31:21,6.87,-0.01,37,25419,卖盘
508,14:31:18,6.88,--,214,147232,买盘
509,14:31:15,6.88,0.01,23,15824,买盘
510,14:31:12,6.87,-0.01,128,87936,卖盘
511,14:31:09,6.88,--,700,481600,买盘
512,14:31:06,6.88,0.01,804,553152,买盘
513,14:31:03,6.87,--,3,2061,买盘
514,14:31:00,6.87,0.01,110,75570,买盘
515,14:30:57,6.86,-0.01,85,58310,卖盘
516,14:30:54,6.87,--,97,66639,买盘
517,14:30:51,6.87,0.01,594,408078,买盘
518,14:30:48,6.86,-0.01,14,9604,卖盘
519,14:30:45,6.87,--,43,29541,买盘
520,14:30:42,6.87,--,32,21984,买盘
521,14:30:39,6.87,0.01,20,13740,买盘
522,14:30:36,6.86,-0.01,36,24696,卖盘
523,14:30:33,6.87,--,1,687,买盘
524,14:30:30,6.87,0.01,3,2061,买盘
525,14:30:27,6.86,--,7,4802,卖盘
526,14:30:24,6.86,-0.01,51,34986,卖盘
527,14:30:21,6.87,--,55,37785,买盘
528,14:30:18,6.87,0.01,103,70761,买盘
529,14:30:15,6.86,-0.01,1,686,卖盘
530,14:30:12,6.87,--,715,491205,买盘
531,14:30:09,6.87,0.01,385,264495,买盘
532,14:30:06,6.86,--,42,28812,卖盘
533,14:30:03,6.86,--,12,8232,卖盘
534,14:30:00,6.86,--,101,69286,卖盘
535,14:29:57,6.86,--,1,686,卖盘
536,14:29:54,6.86,--,155,106330,卖盘
537,14:29:51,6.86,--,205,140630,卖盘
538,14:29:48,6.86,--,247,169442,卖盘
539,14:29:45,6.86,-0.01,225,154350,卖盘
540,14:29:42,6.87,0.01,53,36411,买盘
541,14:29:39,6.86,--,70,48020,卖盘
542,14:29:36,6.86,--,45,30870,卖盘
543,14:29:33,6.86,--,1,699,卖盘
544,14:29:30,6.86,--,4,3093,卖盘
545,14:29:27,6.86,--,59,40474,卖盘
546,14:29:24,6.86,--,63,43218,卖盘
547,14:29:21,6.86,-0.01,224,153664,卖盘
548,14:29:18,6.87,0.01,1,687,买盘
549,14:29:15,6.86,-0.01,90,61740,卖盘
550,14:29:12,6.87,0.01,719,493953,买盘
551,14:29:09,6.86,--,8,5488,卖盘
552,14:29:06,6.86,--,34,23324,卖盘
553,14:29:03,6.86,-0.01,86,58996,卖盘
554,14:29:00,6.87,0.01,70,48090,买盘
555,14:28:57,6.86,-0.01,63,43218,卖盘
556,14:28:54,6.87,--,227,155949,买盘
557,14:28:51,6.87,--,50,34350,买盘
558,14:28:48,6.87,0.01,1,687,买盘
559,14:28:45,6.86,--,25,17150,卖盘
560,14:28:42,6.86,--,34,23324,卖盘
561,14:28:39,6.86,--,163,111818,卖盘
562,14:28:36,6.86,--,32,21952,买盘
563,14:28:33,6.86,--,112,76832,卖盘
564,14:28:30,6.86,--,49,33614,买盘
565,14:28:27,6.86,--,2,1372,买盘
566,14:28:24,6.86,--,230,157780,买盘
567,14:28:21,6.86,--,135,92610,买盘
568,14:28:18,6.86,--,145,99470,卖盘
569,14:28:15,6.86,--,1122,769692,卖盘
570,14:28:09,6.86,--,4,2744,卖盘
571,14:28:06,6.86,--,33,22638,卖盘
572,14:28:03,6.86,-0.01,29,19894,卖盘
573,14:28:00,6.87,0.01,46,31602,买盘
574,14:27:57,6.86,--,263,180418,卖盘
575,14:27:54,6.86,--,63,43218,卖盘
576,14:27:51,6.86,-0.01,15,10290,卖盘
577,14:27:48,6.87,0.01,142,97554,买盘
578,14:27:45,6.86,--,150,102900,卖盘
579,14:27:42,6.86,--,34,23324,卖盘
580,14:27:39,6.86,-0.01,39,26754,卖盘
581,14:27:36,6.87,0.01,175,120225,买盘
582,14:27:33,6.86,--,432,296352,卖盘
583,14:27:30,6.86,-0.01,102,69972,卖盘
584,14:27:27,6.87,0.01,126,86562,买盘
585,14:27:24,6.86,--,22,15092,卖盘
586,14:27:21,6.86,-0.01,109,74774,卖盘
587,14:27:18,6.87,--,382,262434,买盘
588,14:27:15,6.87,0.01,439,301593,买盘
589,14:27:12,6.86,-0.01,106,72716,卖盘
590,14:27:06,6.87,0.01,288,197856,买盘
591,14:27:03,6.86,0.01,10,6860,买盘
592,14:27:00,6.85,-0.01,353,241805,卖盘
593,14:26:57,6.86,--,89,61054,买盘
594,14:26:54,6.86,--,226,155036,买盘
595,14:26:51,6.86,--,76,52136,买盘
596,14:26:48,6.86,0.01,17,11662,买盘
597,14:26:45,6.85,--,40,27400,卖盘
598,14:26:42,6.85,-0.01,59,40415,卖盘
599,14:26:39,6.86,--,41,28126,买盘
600,14:26:36,6.86,--,224,153664,买盘
601,14:26:33,6.86,--,20,13720,买盘
602,14:26:30,6.86,--,131,89866,买盘
603,14:26:27,6.86,0.01,656,450016,买盘
604,14:26:24,6.85,-0.01,18,12330,卖盘
605,14:26:21,6.86,--,29,19894,买盘
606,14:26:18,6.86,--,760,521360,买盘
607,14:26:15,6.86,--,123,84378,买盘
608,14:26:12,6.86,--,11,7546,买盘
609,14:26:09,6.86,--,20,13720,买盘
610,14:26:06,6.86,--,758,519988,买盘
611,14:26:03,6.86,--,71,48706,买盘
612,14:26:00,6.86,0.01,144,98784,买盘
613,14:25:57,6.85,-0.01,102,69870,卖盘
614,14:25:54,6.86,--,40,27440,买盘
615,14:25:51,6.86,--,14,9604,买盘
616,14:25:45,6.86,--,13,8918,买盘
617,14:25:42,6.86,--,142,97412,买盘
618,14:25:39,6.86,0.01,64,43904,买盘
619,14:25:36,6.85,-0.01,105,71925,卖盘
620,14:25:33,6.86,-0.01,1860,1275960,卖盘
621,14:25:30,6.87,--,15,10305,买盘
622,14:25:27,6.87,--,33,22671,买盘
623,14:25:24,6.87,0.01,570,391590,买盘
624,14:25:18,6.86,--,124,85064,买盘
625,14:25:15,6.86,--,156,107016,买盘
626,14:25:12,6.86,--,31,21266,买盘
627,14:25:09,6.86,0.01,47,32242,买盘
628,14:25:06,6.85,-0.01,238,163030,卖盘
629,14:25:03,6.86,--,65,44590,买盘
630,14:25:00,6.86,--,58,39788,买盘
631,14:24:54,6.86,--,312,214032,卖盘
632,14:24:51,6.86,-0.01,32,21952,卖盘
633,14:24:48,6.87,0.01,16,10992,买盘
634,14:24:45,6.86,-0.01,1,686,卖盘
635,14:24:42,6.87,0.02,64,43968,买盘
636,14:24:39,6.85,-0.02,3,2055,卖盘
637,14:24:36,6.87,0.02,90,61830,买盘
638,14:24:33,6.85,-0.01,1930,1322508,卖盘
639,14:24:30,6.86,--,32,21952,买盘
640,14:24:27,6.86,0.01,39,26754,买盘
641,14:24:24,6.85,-0.01,1,685,卖盘
642,14:24:21,6.86,--,827,567322,买盘
643,14:24:18,6.86,--,65,44590,买盘
644,14:24:15,6.86,--,2,1372,买盘
645,14:24:12,6.86,0.01,19,13034,买盘
646,14:24:09,6.85,-0.01,103,70555,卖盘
647,14:24:06,6.86,--,32,21952,买盘
648,14:24:03,6.86,0.01,114,78204,买盘
649,14:24:00,6.85,--,76,52060,卖盘
650,14:23:57,6.85,--,199,136315,卖盘
651,14:23:54,6.85,--,24,16440,卖盘
652,14:23:51,6.85,--,14,9590,卖盘
653,14:23:48,6.85,-0.01,11,7535,卖盘
654,14:23:45,6.86,0.01,302,207172,买盘
655,14:23:42,6.85,--,1,685,卖盘
656,14:23:39,6.85,0.01,414,283590,买盘
657,14:23:36,6.84,-0.01,59,40356,卖盘
658,14:23:30,6.85,0.01,292,200020,买盘
659,14:23:24,6.84,-0.01,111,75924,卖盘
660,14:23:21,6.85,0.01,789,540465,买盘
661,14:23:18,6.84,-0.01,102,69768,卖盘
662,14:23:15,6.85,--,58,39730,买盘
663,14:23:12,6.85,0.01,602,412370,买盘
664,14:23:09,6.84,-0.01,144,98496,卖盘
665,14:23:06,6.85,0.01,122,83570,买盘
666,14:22:57,6.84,--,20,13680,买盘
667,14:22:54,6.84,--,104,71136,买盘
668,14:22:51,6.84,0.01,252,172368,买盘
669,14:22:48,6.83,--,14,9562,卖盘
670,14:22:45,6.83,-0.01,38,25954,卖盘
671,14:22:42,6.84,--,1,684,买盘
672,14:22:39,6.84,--,60,41040,买盘
673,14:22:36,6.84,--,283,193572,卖盘
674,14:22:33,6.84,--,107,73188,卖盘
675,14:22:30,6.84,-0.01,30,20520,买盘
676,14:22:27,6.85,0.01,220,150700,买盘
677,14:22:24,6.84,--,1211,828324,卖盘
678,14:22:21,6.84,0.01,519,354996,买盘
679,14:22:18,6.83,-0.01,126,86058,卖盘
680,14:22:15,6.84,--,141,96444,买盘
681,14:22:12,6.84,--,350,239400,买盘
682,14:22:09,6.84,--,321,219564,买盘
683,14:22:06,6.84,--,432,295488,买盘
684,14:22:03,6.84,--,19,12996,买盘
685,14:22:00,6.84,--,92,62928,买盘
686,14:21:57,6.84,-0.01,3170,2168280,卖盘
687,14:21:54,6.85,--,62,42470,买盘
688,14:21:51,6.85,0.01,30,20550,买盘
689,14:21:48,6.84,-0.01,4,2736,卖盘
690,14:21:45,6.85,0.01,58,39730,买盘
691,14:21:42,6.84,-0.01,10,6840,卖盘
692,14:21:39,6.85,0.01,92,63020,买盘
693,14:21:36,6.84,-0.01,274,187416,卖盘
694,14:21:33,6.85,--,5,3425,买盘
695,14:21:30,6.85,--,169,115765,买盘
696,14:21:27,6.85,--,68,46580,买盘
697,14:21:24,6.85,0.01,709,485665,买盘
698,14:21:21,6.84,-0.01,20,13680,卖盘
699,14:21:18,6.85,0.01,115,78775,买盘
700,14:21:15,6.84,-0.01,1,684,卖盘
701,14:21:12,6.85,0.01,108,73980,买盘
702,14:21:09,6.84,-0.01,36,24624,卖盘
703,14:21:06,6.85,0.01,148,101380,买盘
704,14:21:03,6.84,--,100,68400,卖盘
705,14:20:57,6.84,--,3,2052,卖盘
706,14:20:54,6.84,-0.01,12,8208,卖盘
707,14:20:48,6.85,--,1,685,买盘
708,14:20:45,6.85,0.01,3,2055,买盘
709,14:20:42,6.84,-0.01,3,2052,卖盘
710,14:20:36,6.85,0.01,154,105490,买盘
711,14:20:33,6.84,--,42,28728,卖盘
712,14:20:30,6.84,--,272,186048,买盘
713,14:20:27,6.84,--,610,417240,买盘
714,14:20:24,6.84,--,503,344052,买盘
715,14:20:21,6.84,--,24,16416,买盘
716,14:20:18,6.84,--,15,10260,买盘
717,14:20:15,6.84,--,230,157320,买盘
718,14:20:09,6.84,0.01,303,207252,买盘
719,14:20:06,6.83,--,67,45761,卖盘
720,14:20:03,6.83,-0.01,193,131819,卖盘
721,14:20:00,6.84,--,4,2736,买盘
722,14:19:57,6.84,--,5,3420,买盘
723,14:19:54,6.84,--,156,106704,买盘
724,14:19:51,6.84,0.01,16,10944,买盘
725,14:19:48,6.83,-0.01,29,19807,卖盘
726,14:19:45,6.84,--,79,54036,买盘
727,14:19:42,6.84,0.01,13,8892,买盘
728,14:19:39,6.83,--,128,87424,卖盘
729,14:19:36,6.83,--,233,159139,卖盘
730,14:19:33,6.83,--,63,43029,卖盘
731,14:19:30,6.83,-0.01,113,77179,卖盘
732,14:19:27,6.84,--,621,424764,买盘
733,14:19:24,6.84,--,759,519156,买盘
734,14:19:21,6.84,0.01,14,9576,买盘
735,14:19:18,6.83,-0.01,508,346964,卖盘
736,14:19:15,6.84,0.01,213,145692,买盘
737,14:19:12,6.83,--,192,131136,卖盘
738,14:19:09,6.83,-0.01,61,41663,卖盘
739,14:19:06,6.84,0.01,84,57456,买盘
740,14:19:03,6.83,-0.01,51,34833,卖盘
741,14:18:54,6.84,0.01,62,42408,买盘
742,14:18:51,6.83,-0.01,41,28003,卖盘
743,14:18:48,6.84,0.01,6,4104,买盘
744,14:18:45,6.83,--,103,70349,卖盘
745,14:18:42,6.83,--,194,132502,卖盘
746,14:18:39,6.83,-0.01,219,149577,卖盘
747,14:18:36,6.84,0.01,38,25992,买盘
748,14:18:33,6.83,-0.01,3,2049,卖盘
749,14:18:30,6.84,--,614,419976,买盘
750,14:18:27,6.84,0.01,238,162792,买盘
751,14:18:24,6.83,-0.01,1422,971226,卖盘
752,14:18:21,6.84,0.01,9,6156,买盘
753,14:18:18,6.83,-0.01,169,115427,卖盘
754,14:18:15,6.84,0.01,304,207936,买盘
755,14:18:12,6.83,--,193,131819,卖盘
756,14:18:09,6.83,-0.01,201,137283,卖盘
757,14:18:06,6.84,0.01,122,83448,买盘
758,14:18:03,6.83,--,4,2732,卖盘
759,14:18:00,6.83,--,81,55323,卖盘
760,14:17:57,6.83,-0.01,477,325791,卖盘
761,14:17:54,6.84,0.01,2,1368,买盘
762,14:17:48,6.83,-0.01,259,176897,卖盘
763,14:17:45,6.84,0.01,56,38304,买盘
764,14:17:39,6.83,-0.01,77,52591,卖盘
765,14:17:36,6.84,0.01,33,22572,买盘
766,14:17:33,6.83,-0.01,618,422094,卖盘
767,14:17:30,6.84,--,249,170316,买盘
768,14:17:27,6.84,--,24,16416,买盘
769,14:17:24,6.84,--,35,23940,买盘
770,14:17:21,6.84,0.01,9,6156,中性盘
771,14:17:18,6.83,-0.01,80,54640,卖盘
772,14:17:15,6.84,--,97,66348,卖盘
773,14:17:12,6.84,--,48,32832,卖盘
774,14:17:09,6.84,--,14,9576,卖盘
775,14:17:06,6.84,0.01,32,21888,买盘
776,14:17:03,6.83,-0.01,217,148211,卖盘
777,14:17:00,6.84,--,15,10260,卖盘
778,14:16:57,6.84,--,5,3420,买盘
779,14:16:54,6.84,--,192,131328,卖盘
780,14:16:51,6.84,--,294,201096,买盘
781,14:16:48,6.84,--,56,38304,买盘
782,14:16:45,6.84,--,351,240084,买盘
783,14:16:42,6.84,--,18,12312,买盘
784,14:16:39,6.84,--,241,164844,买盘
785,14:16:36,6.84,--,152,103968,买盘
786,14:16:33,6.84,--,986,674424,卖盘
787,14:16:30,6.84,--,184,125856,卖盘
788,14:16:27,6.84,--,134,91656,卖盘
789,14:16:24,6.84,-0.01,259,177156,卖盘
790,14:16:21,6.85,0.02,466,319210,买盘
791,14:16:18,6.83,-0.01,20,13660,卖盘
792,14:16:15,6.84,--,155,106020,卖盘
793,14:16:09,6.84,--,6,4104,买盘
794,14:16:06,6.84,--,109,74556,买盘
795,14:16:03,6.84,--,31,21204,买盘
796,14:15:57,6.84,--,112,76608,买盘
797,14:15:54,6.84,--,7,4788,买盘
798,14:15:51,6.84,--,52,35568,买盘
799,14:15:48,6.84,0.01,315,215460,买盘
800,14:15:45,6.83,--,2,1366,卖盘
801,14:15:42,6.83,-0.01,269,183727,卖盘
802,14:15:39,6.84,--,254,173736,买盘
803,14:15:36,6.84,--,118,80712,买盘
804,14:15:33,6.84,--,700,478800,买盘
805,14:15:30,6.84,--,67,45828,买盘
806,14:15:27,6.84,0.01,31,21204,买盘
807,14:15:24,6.83,--,193,131819,卖盘
808,14:15:21,6.83,--,202,137966,卖盘
809,14:15:18,6.83,-0.01,5,3415,卖盘
810,14:15:15,6.84,--,92,62928,买盘
811,14:15:12,6.84,0.01,50,34200,买盘
812,14:15:09,6.83,-0.01,252,172116,卖盘
813,14:15:06,6.84,0.01,30,20520,买盘
814,14:15:03,6.83,-0.01,116,79228,卖盘
815,14:14:57,6.84,--,11,7524,买盘
816,14:14:54,6.84,--,8,5472,买盘
817,14:14:51,6.84,--,5,3420,买盘
818,14:14:48,6.84,0.01,31,21204,买盘
819,14:14:45,6.83,-0.01,91,62153,卖盘
820,14:14:42,6.84,-0.01,165,112860,卖盘
821,14:14:39,6.85,0.01,7,4795,买盘
822,14:14:36,6.84,-0.01,535,365940,卖盘
823,14:14:33,6.85,--,727,497995,买盘
824,14:14:27,6.85,0.01,71,48635,买盘
825,14:14:24,6.84,-0.01,217,148428,卖盘
826,14:14:21,6.85,--,24,16440,买盘
827,14:14:18,6.85,--,155,106175,买盘
828,14:14:15,6.85,--,12,8220,买盘
829,14:14:09,6.85,--,93,63705,买盘
830,14:14:06,6.85,0.01,37,25345,买盘
831,14:14:03,6.84,-0.01,21,14364,卖盘
832,14:14:00,6.85,--,1,685,买盘
833,14:13:57,6.85,0.01,8,5480,买盘
834,14:13:54,6.84,-0.01,1,684,卖盘
835,14:13:51,6.85,0.01,71,48635,买盘
836,14:13:48,6.84,--,5,3420,卖盘
837,14:13:45,6.84,--,27,18468,卖盘
838,14:13:42,6.84,--,50,34200,卖盘
839,14:13:36,6.84,0.01,93,63612,买盘
840,14:13:33,6.83,-0.01,202,137966,卖盘
841,14:13:27,6.84,-0.01,156,106704,卖盘
842,14:13:24,6.85,0.02,3,2055,买盘
843,14:13:21,6.83,-0.01,66,45078,卖盘
844,14:13:18,6.84,0.01,142,97128,买盘
845,14:13:15,6.83,-0.02,107,73081,卖盘
846,14:13:12,6.85,0.01,280,191800,买盘
847,14:13:09,6.84,--,5,3420,买盘
848,14:13:06,6.84,--,141,96444,买盘
849,14:13:03,6.84,--,8,5472,买盘
850,14:13:00,6.84,--,20,13680,买盘
851,14:12:57,6.84,--,123,84132,买盘
852,14:12:54,6.84,-0.01,14,9576,卖盘
853,14:12:48,6.85,--,2,1370,买盘
854,14:12:45,6.85,--,208,142480,买盘
855,14:12:42,6.85,--,113,77405,买盘
856,14:12:39,6.85,--,177,121245,买盘
857,14:12:36,6.85,0.01,666,456210,买盘
858,14:12:33,6.84,--,94,64296,中性盘
859,14:12:30,6.84,--,9078,6209352,卖盘
860,14:12:27,6.84,--,10,6840,卖盘
861,14:12:24,6.84,-0.01,1,684,卖盘
862,14:12:21,6.85,0.01,97,66445,买盘
863,14:12:18,6.84,-0.01,75,51300,卖盘
864,14:12:15,6.85,0.01,163,111655,买盘
865,14:12:12,6.84,-0.01,65,44460,卖盘
866,14:12:09,6.85,--,10,6850,买盘
867,14:12:06,6.85,--,34,23290,买盘
868,14:12:03,6.85,--,19,13015,买盘
869,14:11:57,6.85,--,107,73295,买盘
870,14:11:54,6.85,--,103,70555,买盘
871,14:11:48,6.85,0.01,54,36990,买盘
872,14:11:45,6.84,-0.01,56,38304,卖盘
873,14:11:42,6.85,--,115,78775,买盘
874,14:11:39,6.85,--,793,543205,买盘
875,14:11:36,6.85,--,33,22605,买盘
876,14:11:33,6.85,--,299,204815,买盘
877,14:11:30,6.85,--,1,685,买盘
878,14:11:27,6.85,0.01,97,66445,买盘
879,14:11:24,6.84,-0.01,139,95076,卖盘
880,14:11:21,6.85,--,225,154125,买盘
881,14:11:18,6.85,--,28,19180,买盘
882,14:11:15,6.85,--,34,23290,买盘
883,14:11:12,6.85,--,7,4795,买盘
884,14:11:09,6.85,--,1,685,买盘
885,14:11:06,6.85,0.01,32,21920,买盘
886,14:11:03,6.84,-0.01,97,66348,卖盘
887,14:11:00,6.85,--,24,16440,买盘
888,14:10:54,6.85,0.01,22,15070,买盘
889,14:10:51,6.84,-0.01,69,47196,卖盘
890,14:10:48,6.85,0.01,1305,893925,买盘
891,14:10:45,6.84,-0.01,72,49248,卖盘
892,14:10:42,6.85,--,683,467855,买盘
893,14:10:39,6.85,--,729,499365,买盘
894,14:10:36,6.85,0.01,235,160975,买盘
895,14:10:33,6.84,-0.01,214,146376,卖盘
896,14:10:30,6.85,--,1,685,买盘
897,14:10:27,6.85,--,108,73980,买盘
898,14:10:24,6.85,--,249,170565,买盘
899,14:10:21,6.85,--,70,47950,买盘
900,14:10:18,6.85,--,49,33565,买盘
901,14:10:15,6.85,0.01,41,28085,买盘
902,14:10:12,6.84,--,20,13680,卖盘
903,14:10:09,6.84,-0.01,220,150480,卖盘
904,14:10:06,6.85,0.01,93,63705,买盘
905,14:10:03,6.84,-0.01,4,2736,卖盘
906,14:10:00,6.85,--,60,41100,买盘
907,14:09:57,6.85,--,1,685,买盘
908,14:09:54,6.85,--,15,10275,买盘
909,14:09:51,6.85,--,94,64390,买盘
910,14:09:48,6.85,0.01,20,13700,买盘
911,14:09:45,6.84,-0.01,15,10260,卖盘
912,14:09:42,6.85,--,401,274685,买盘
913,14:09:39,6.85,0.01,312,213720,买盘
914,14:09:36,6.84,--,33,22572,卖盘
915,14:09:33,6.84,-0.01,96,65664,卖盘
916,14:09:30,6.85,--,941,644585,卖盘
917,14:09:27,6.85,--,113,77405,卖盘
918,14:09:24,6.85,0.01,589,403465,买盘
919,14:09:21,6.84,--,185,126540,卖盘
920,14:09:18,6.84,-0.01,620,424080,卖盘
921,14:09:15,6.85,--,117,80145,买盘
922,14:09:12,6.85,0.01,33,22605,买盘
923,14:09:09,6.84,-0.01,91,62244,卖盘
924,14:09:06,6.85,--,33,22605,买盘
925,14:09:03,6.85,0.01,279,191115,买盘
926,14:08:57,6.84,-0.01,70,47880,卖盘
927,14:08:54,6.85,--,3,2055,买盘
928,14:08:51,6.85,0.01,67,45895,买盘
929,14:08:45,6.84,-0.01,90,61560,卖盘
930,14:08:42,6.85,--,620,424700,买盘
931,14:08:39,6.85,0.01,174,119190,买盘
932,14:08:36,6.84,--,40,27360,卖盘
933,14:08:33,6.84,-0.01,386,264024,卖盘
934,14:08:30,6.85,0.01,289,197965,买盘
935,14:08:27,6.84,-0.01,249,170316,卖盘
936,14:08:24,6.85,--,2,1370,买盘
937,14:08:21,6.85,--,71,48635,买盘
938,14:08:15,6.85,0.01,24,16440,买盘
939,14:08:12,6.84,-0.01,33,22572,卖盘
940,14:08:09,6.85,--,36,24660,买盘
941,14:08:06,6.85,--,52,35620,买盘
942,14:08:03,6.85,--,125,85625,买盘
943,14:08:00,6.85,--,16,10960,买盘
944,14:07:57,6.85,--,11,7535,买盘
945,14:07:54,6.85,--,43,29455,买盘
946,14:07:51,6.85,0.01,4,2740,买盘
947,14:07:48,6.84,--,200,136800,卖盘
948,14:07:45,6.84,-0.01,1402,958968,卖盘
949,14:07:42,6.85,0.01,113,77405,买盘
950,14:07:39,6.84,-0.01,30,20520,卖盘
951,14:07:36,6.85,--,33,22605,买盘
952,14:07:33,6.85,--,3,2055,买盘
953,14:07:27,6.85,--,181,123985,买盘
954,14:07:24,6.85,0.01,22,15070,买盘
955,14:07:21,6.84,--,3,2052,卖盘
956,14:07:18,6.84,-0.01,31,21204,卖盘
957,14:07:15,6.85,0.01,24,16440,买盘
958,14:07:12,6.84,-0.01,6,4104,卖盘
959,14:07:09,6.85,0.01,185,126725,买盘
960,14:07:06,6.84,--,156,106704,卖盘
961,14:07:03,6.84,-0.01,5,3420,卖盘
962,14:07:00,6.85,--,25,17125,买盘
963,14:06:57,6.85,--,10,6850,买盘
964,14:06:54,6.85,0.01,30,20550,买盘
965,14:06:51,6.84,-0.01,92,62928,卖盘
966,14:06:48,6.85,--,88,60280,买盘
967,14:06:45,6.85,0.01,649,444565,中性盘
968,14:06:42,6.84,-0.01,65,44460,卖盘
969,14:06:39,6.85,--,554,379490,买盘
970,14:06:36,6.85,0.01,32,21920,买盘
971,14:06:33,6.84,-0.01,131,89604,卖盘
972,14:06:30,6.85,--,93,63705,买盘
973,14:06:24,6.85,--,63,43155,买盘
974,14:06:21,6.85,--,52,35620,买盘
975,14:06:18,6.85,--,11,7535,买盘
976,14:06:15,6.85,--,82,56170,卖盘
977,14:06:12,6.85,-0.01,25,17125,中性盘
978,14:06:09,6.86,0.01,163,111818,买盘
979,14:06:06,6.85,--,30,20550,买盘
980,14:06:03,6.85,--,797,545945,卖盘
981,14:05:57,6.85,--,170,116450,卖盘
982,14:05:54,6.85,-0.01,1,685,卖盘
983,14:05:48,6.86,0.01,922,632492,买盘
984,14:05:42,6.85,--,8,5480,卖盘
985,14:05:39,6.85,-0.01,92,63020,卖盘
986,14:05:36,6.86,--,799,548114,买盘
987,14:05:33,6.86,0.01,91,62426,买盘
988,14:05:30,6.85,-0.01,112,76720,卖盘
989,14:05:24,6.86,0.01,2,1372,买盘
990,14:05:21,6.85,--,112,76720,卖盘
991,14:05:18,6.85,--,12,8220,卖盘
992,14:05:15,6.85,-0.01,43,29455,卖盘
993,14:05:12,6.86,--,2,1372,买盘
994,14:05:09,6.86,--,94,64484,买盘
995,14:05:06,6.86,0.01,30,20580,买盘
996,14:05:03,6.85,-0.01,134,91790,卖盘
997,14:05:00,6.86,--,17,11662,买盘
998,14:04:57,6.86,0.01,15,10290,买盘
999,14:04:54,6.85,-0.01,1,685,卖盘
1000,14:04:51,6.86,--,102,69972,买盘
1001,14:04:48,6.86,0.01,645,442470,买盘
1002,14:04:45,6.85,--,154,105490,卖盘
1003,14:04:42,6.85,-0.01,1,685,卖盘
1004,14:04:36,6.86,--,30,20580,买盘
1005,14:04:33,6.86,0.01,94,64484,买盘
1006,14:04:30,6.85,--,14,9590,卖盘
1007,14:04:27,6.85,--,104,71240,卖盘
1008,14:04:24,6.85,-0.01,1,685,卖盘
1009,14:04:21,6.86,0.01,31,21266,买盘
1010,14:04:15,6.85,-0.01,1,685,卖盘
1011,14:04:12,6.86,0.01,11,7546,买盘
1012,14:04:09,6.85,-0.01,113,77405,卖盘
1013,14:04:06,6.86,0.01,29,19894,买盘
1014,14:04:03,6.85,--,1,685,卖盘
1015,14:04:00,6.85,0.01,105,71925,买盘
1016,14:03:57,6.84,-0.01,31,21204,卖盘
1017,14:03:54,6.85,-0.01,21,14385,中性盘
1018,14:03:51,6.86,--,638,438059,买盘
1019,14:03:48,6.86,0.01,109,74774,买盘
1020,14:03:42,6.85,-0.01,113,77405,卖盘
1021,14:03:39,6.86,--,8,5488,买盘
1022,14:03:36,6.86,--,29,19894,买盘
1023,14:03:33,6.86,--,179,122794,买盘
1024,14:03:30,6.86,0.01,10,6860,买盘
1025,14:03:27,6.85,--,60,41100,卖盘
1026,14:03:24,6.85,-0.01,101,69185,卖盘
1027,14:03:21,6.86,0.01,1,686,买盘
1028,14:03:15,6.85,-0.01,1,685,卖盘
1029,14:03:12,6.86,--,107,73402,买盘
1030,14:03:09,6.86,0.01,7,4802,买盘
1031,14:03:06,6.85,--,240,164400,卖盘
1032,14:03:03,6.85,--,1,685,卖盘
1033,14:03:00,6.85,--,16,10960,卖盘
1034,14:02:57,6.85,--,50,34250,卖盘
1035,14:02:54,6.85,--,71,48635,卖盘
1036,14:02:51,6.85,--,392,268814,买盘
1037,14:02:48,6.85,--,610,417850,买盘
1038,14:02:45,6.85,-0.01,2047,1402585,卖盘
1039,14:02:42,6.86,--,393,269598,买盘
1040,14:02:39,6.86,--,52,35672,买盘
1041,14:02:36,6.86,--,1027,704522,买盘
1042,14:02:33,6.86,--,78,53508,买盘
1043,14:02:30,6.86,0.01,16,10976,买盘
1044,14:02:27,6.85,-0.01,4,2740,卖盘
1045,14:02:24,6.86,--,202,138572,买盘
1046,14:02:21,6.86,--,31,21266,买盘
1047,14:02:18,6.86,0.01,240,164640,买盘
1048,14:02:15,6.85,--,35,23975,卖盘
1049,14:02:12,6.85,-0.01,1,685,卖盘
1050,14:02:09,6.86,--,33,22638,买盘
1051,14:02:06,6.86,--,139,95354,买盘
1052,14:02:03,6.86,--,46,32077,卖盘
1053,14:02:00,6.86,--,202,138572,卖盘
1054,14:01:57,6.86,--,21,14406,卖盘
1055,14:01:54,6.86,--,412,282796,买盘
1056,14:01:51,6.86,--,290,198940,买盘
1057,14:01:48,6.86,0.01,51,34986,买盘
1058,14:01:42,6.85,--,1,685,卖盘
1059,14:01:39,6.85,-0.01,214,146590,卖盘
1060,14:01:36,6.86,--,118,80948,买盘
1061,14:01:33,6.86,--,37,25382,买盘
1062,14:01:27,6.86,--,70,48020,买盘
1063,14:01:24,6.86,--,108,74088,买盘
1064,14:01:21,6.86,--,154,105644,买盘
1065,14:01:18,6.86,--,24,16464,买盘
1066,14:01:15,6.86,0.01,32,21952,买盘
1067,14:01:12,6.85,-0.01,1,685,卖盘
1068,14:01:09,6.86,--,26,17836,买盘
1069,14:01:06,6.86,--,432,296873,卖盘
1070,14:01:03,6.86,--,1,686,卖盘
1071,14:01:00,6.86,--,5,3430,卖盘
1072,14:00:57,6.86,--,11,7546,卖盘
1073,14:00:54,6.86,0.01,521,357570,买盘
1074,14:00:51,6.85,-0.01,10,6850,卖盘
1075,14:00:48,6.86,--,43,29498,买盘
1076,14:00:45,6.86,0.01,4,2744,买盘
1077,14:00:42,6.85,-0.01,1,685,卖盘
1078,14:00:39,6.86,--,99,67914,买盘
1079,14:00:36,6.86,--,74,50764,买盘
1080,14:00:33,6.86,0.01,35,24010,买盘
1081,14:00:30,6.85,-0.01,138,94530,卖盘
1082,14:00:27,6.86,--,144,98784,买盘
1083,14:00:24,6.86,--,167,114562,买盘
1084,14:00:21,6.86,--,68,46648,买盘
1085,14:00:18,6.86,--,47,32242,买盘
1086,14:00:15,6.86,--,412,282632,买盘
1087,14:00:12,6.86,--,58,39788,买盘
1088,14:00:06,6.86,0.01,110,75460,买盘
1089,14:00:03,6.85,-0.01,2,1370,卖盘
1090,13:59:57,6.86,--,911,624946,买盘
1091,13:59:54,6.86,--,21,14406,买盘
1092,13:59:51,6.86,--,187,128282,买盘
1093,13:59:48,6.86,--,14,9604,买盘
1094,13:59:45,6.86,--,114,78204,买盘
1095,13:59:42,6.86,--,181,124166,买盘
1096,13:59:39,6.86,0.01,96,65856,买盘
1097,13:59:36,6.85,--,145,99325,卖盘
1098,13:59:33,6.85,--,51,34935,卖盘
1099,13:59:30,6.85,-0.01,96,65760,卖盘
1100,13:59:27,6.86,--,32,21952,买盘
1101,13:59:24,6.86,--,9,6174,买盘
1102,13:59:21,6.86,--,198,135828,买盘
1103,13:59:18,6.86,--,10,6860,买盘
1104,13:59:15,6.86,0.01,24,16464,买盘
1105,13:59:12,6.85,-0.01,1,685,卖盘
1106,13:59:09,6.86,--,12,8232,买盘
1107,13:59:06,6.86,0.01,35,24010,买盘
1108,13:59:03,6.85,-0.01,1,685,卖盘
1109,13:59:00,6.86,--,999,685314,买盘
1110,13:58:57,6.86,--,627,430122,买盘
1111,13:58:54,6.86,0.01,27,18522,买盘
1112,13:58:51,6.85,-0.01,70,47950,卖盘
1113,13:58:45,6.86,0.01,8,5488,买盘
1114,13:58:42,6.85,-0.01,91,62335,卖盘
1115,13:58:39,6.86,--,51,34986,买盘
1116,13:58:36,6.86,0.01,72,49392,买盘
1117,13:58:33,6.85,--,1,685,卖盘
1118,13:58:30,6.85,-0.01,12,8220,卖盘
1119,13:58:24,6.86,0.01,9,6174,买盘
1120,13:58:21,6.85,-0.01,829,567865,卖盘
1121,13:58:18,6.86,0.01,83,56938,买盘
1122,13:58:15,6.85,--,179,122615,卖盘
1123,13:58:12,6.85,-0.01,146,100010,卖盘
1124,13:58:09,6.86,--,51,34986,买盘
1125,13:58:06,6.86,--,51,34986,买盘
1126,13:58:03,6.86,--,107,73402,买盘
1127,13:58:00,6.86,--,661,453446,买盘
1128,13:57:57,6.86,--,50,34300,买盘
1129,13:57:54,6.86,--,3,2058,买盘
1130,13:57:51,6.86,--,52,35672,买盘
1131,13:57:48,6.86,--,53,36358,买盘
1132,13:57:45,6.86,-0.01,1143,784098,卖盘
1133,13:57:42,6.87,--,472,324264,买盘
1134,13:57:39,6.87,--,12,8244,买盘
1135,13:57:36,6.87,--,582,399834,买盘
1136,13:57:33,6.87,--,52,35724,买盘
1137,13:57:30,6.87,--,114,78318,买盘
1138,13:57:27,6.87,--,234,160758,买盘
1139,13:57:24,6.87,--,71,48777,买盘
1140,13:57:21,6.87,--,14,9618,买盘
1141,13:57:18,6.87,--,16,10992,买盘
1142,13:57:15,6.87,0.01,60,41220,买盘
1143,13:57:12,6.86,-0.01,2,1372,卖盘
1144,13:57:09,6.87,0.01,16,10992,买盘
1145,13:57:06,6.86,-0.01,145,99470,卖盘
1146,13:57:03,6.87,--,94,64578,买盘
1147,13:57:00,6.87,0.01,623,428001,买盘
1148,13:56:57,6.86,-0.01,6,4116,卖盘
1149,13:56:54,6.87,0.01,2,1374,买盘
1150,13:56:51,6.86,-0.01,8,5488,卖盘
1151,13:56:45,6.87,0.01,317,217779,买盘
1152,13:56:42,6.86,-0.01,129,88542,卖盘
1153,13:56:39,6.87,--,12,8244,买盘
1154,13:56:36,6.87,--,59,40533,买盘
1155,13:56:33,6.87,0.01,4,2748,买盘
1156,13:56:30,6.86,-0.01,34,23324,卖盘
1157,13:56:24,6.87,0.01,2,1374,买盘
1158,13:56:21,6.86,--,10,6860,卖盘
1159,13:56:18,6.86,0.01,1432,982619,买盘
1160,13:56:15,6.85,--,17,11645,卖盘
1161,13:56:12,6.85,-0.01,76,52060,卖盘
1162,13:56:09,6.86,--,35,24010,买盘
1163,13:56:06,6.86,--,81,55566,买盘
1164,13:56:03,6.86,--,404,277144,买盘
1165,13:56:00,6.86,--,382,262052,买盘
1166,13:55:57,6.86,0.01,11,7546,买盘
1167,13:55:54,6.85,--,12,8220,卖盘
1168,13:55:51,6.85,--,20,13700,卖盘
1169,13:55:48,6.85,--,69,47265,卖盘
1170,13:55:45,6.85,--,291,199335,卖盘
1171,13:55:42,6.85,-0.01,21,14385,卖盘
1172,13:55:39,6.86,--,310,212660,买盘
1173,13:55:36,6.86,--,29,19894,买盘
1174,13:55:33,6.86,--,7,4802,买盘
1175,13:55:30,6.86,--,4,2744,买盘
1176,13:55:27,6.86,0.01,2,1372,买盘
1177,13:55:21,6.85,--,31,21235,卖盘
1178,13:55:18,6.85,--,26,17810,卖盘
1179,13:55:15,6.85,-0.01,54,36990,卖盘
1180,13:55:12,6.86,--,167,114562,买盘
1181,13:55:09,6.86,--,34,23324,买盘
1182,13:55:06,6.86,--,113,77518,买盘
1183,13:55:03,6.86,--,722,495292,买盘
1184,13:55:00,6.86,0.01,100,68600,买盘
1185,13:54:57,6.85,-0.01,14,9590,卖盘
1186,13:54:54,6.86,0.01,2,1372,买盘
1187,13:54:51,6.85,-0.01,18,12330,卖盘
1188,13:54:48,6.86,0.01,108,74088,买盘
1189,13:54:45,6.85,-0.01,34,23290,卖盘
1190,13:54:42,6.86,--,116,79576,买盘
1191,13:54:39,6.86,--,51,34986,买盘
1192,13:54:36,6.86,--,282,193452,买盘
1193,13:54:33,6.86,--,107,73402,买盘
1194,13:54:30,6.86,--,66,45276,买盘
1195,13:54:27,6.86,--,1,686,买盘
1196,13:54:24,6.86,0.01,104,71344,买盘
1197,13:54:21,6.85,--,2,1370,卖盘
1198,13:54:18,6.85,--,27,19015,卖盘
1199,13:54:15,6.85,--,18,12330,卖盘
1200,13:54:12,6.85,--,21,14385,卖盘
1201,13:54:09,6.85,-0.01,348,238380,卖盘
1202,13:54:06,6.86,--,543,372498,买盘
1203,13:54:03,6.86,--,199,136514,买盘
1204,13:54:00,6.86,0.01,2,1372,买盘
1205,13:53:57,6.85,-0.01,400,274000,卖盘
1206,13:53:54,6.86,0.01,10,6860,买盘
1207,13:53:51,6.85,-0.01,9,6165,卖盘
1208,13:53:48,6.86,--,106,72716,买盘
1209,13:53:45,6.86,0.01,82,56252,买盘
1210,13:53:42,6.85,-0.01,1,685,卖盘
1211,13:53:36,6.86,0.01,35,24469,买盘
1212,13:53:33,6.85,--,370,253450,买盘
1213,13:53:30,6.85,--,96,65760,买盘
1214,13:53:27,6.85,--,121,82885,买盘
1215,13:53:24,6.85,0.01,117,80145,买盘
1216,13:53:21,6.84,-0.01,107,73188,卖盘
1217,13:53:18,6.85,--,280,191800,买盘
1218,13:53:15,6.85,--,81,55485,买盘
1219,13:53:12,6.85,--,7,4795,买盘
1220,13:53:09,6.85,--,96,65760,买盘
1221,13:53:06,6.85,--,663,454155,买盘
1222,13:53:03,6.85,--,101,69185,买盘
1223,13:53:00,6.85,0.01,18,12330,买盘
1224,13:52:57,6.84,-0.01,6,4104,卖盘
1225,13:52:54,6.85,0.01,181,123985,买盘
1226,13:52:51,6.84,-0.01,149,101916,卖盘
1227,13:52:48,6.85,--,6,4110,买盘
1228,13:52:45,6.85,0.01,25,17125,买盘
1229,13:52:42,6.84,--,58,39672,卖盘
1230,13:52:39,6.84,-0.01,39,26676,卖盘
1231,13:52:36,6.85,0.01,35,23975,买盘
1232,13:52:33,6.84,-0.01,102,69768,卖盘
1233,13:52:30,6.85,0.01,11,7535,买盘
1234,13:52:24,6.84,-0.01,1,684,卖盘
1235,13:52:21,6.85,0.01,7,4795,买盘
1236,13:52:18,6.84,-0.01,1002,685368,卖盘
1237,13:52:15,6.85,0.01,29,19865,买盘
1238,13:52:12,6.84,-0.01,418,285912,卖盘
1239,13:52:09,6.85,0.01,718,491830,买盘
1240,13:52:06,6.84,--,162,110808,卖盘
1241,13:52:03,6.84,--,22,15048,卖盘
1242,13:51:57,6.84,--,115,78660,卖盘
1243,13:51:54,6.84,--,3,2052,卖盘
1244,13:51:51,6.84,-0.01,99,67716,卖盘
1245,13:51:42,6.85,--,2,1370,买盘
1246,13:51:36,6.85,--,59,40415,买盘
1247,13:51:33,6.85,0.01,117,80145,买盘
1248,13:51:30,6.84,--,60,41040,卖盘
1249,13:51:27,6.84,--,18,12312,卖盘
1250,13:51:24,6.84,-0.01,11,7524,卖盘
1251,13:51:21,6.85,0.01,22,15070,买盘
1252,13:51:15,6.84,-0.01,40,27360,卖盘
1253,13:51:12,6.85,0.01,2,1370,买盘
1254,13:51:09,6.84,--,152,103968,买盘
1255,13:51:06,6.84,--,29,19836,买盘
1256,13:51:03,6.84,--,65,44460,买盘
1257,13:51:00,6.84,--,203,138852,卖盘
1258,13:50:57,6.84,-0.01,20,13680,卖盘
1259,13:50:54,6.85,0.01,91,62335,买盘
1260,13:50:48,6.84,--,8,5472,买盘
1261,13:50:45,6.84,--,43,29412,买盘
1262,13:50:42,6.84,-0.01,35,23940,卖盘
1263,13:50:39,6.85,--,14,9590,买盘
1264,13:50:36,6.85,0.01,519,355515,买盘
1265,13:50:33,6.84,--,6,4104,卖盘
1266,13:50:30,6.84,-0.01,36,24624,卖盘
1267,13:50:27,6.85,0.01,1,685,买盘
1268,13:50:24,6.84,--,1,684,卖盘
1269,13:50:21,6.84,-0.01,40,27360,卖盘
1270,13:50:18,6.85,0.01,162,110970,买盘
1271,13:50:15,6.84,--,57,38988,卖盘
1272,13:50:12,6.84,--,55,37620,买盘
1273,13:50:09,6.84,--,140,95760,买盘
1274,13:50:06,6.84,--,953,651852,买盘
1275,13:50:03,6.84,--,300,205200,买盘
1276,13:50:00,6.84,--,35,23940,买盘
1277,13:49:54,6.84,0.01,126,86320,买盘
1278,13:49:48,6.83,-0.01,6,4098,卖盘
1279,13:49:45,6.84,0.01,10,6840,买盘
1280,13:49:42,6.83,-0.01,16,10928,卖盘
1281,13:49:39,6.84,--,98,67032,买盘
1282,13:49:36,6.84,--,165,112860,买盘
1283,13:49:33,6.84,--,12,8208,买盘
1284,13:49:24,6.84,0.01,13,8892,买盘
1285,13:49:21,6.83,-0.01,104,71032,卖盘
1286,13:49:18,6.84,--,4,2736,买盘
1287,13:49:15,6.84,--,94,64296,买盘
1288,13:49:12,6.84,--,647,442548,买盘
1289,13:49:09,6.84,--,1611,1101924,买盘
1290,13:49:06,6.84,--,115,78660,卖盘
1291,13:49:03,6.84,-0.01,7,4788,卖盘
1292,13:49:00,6.85,0.01,3,2055,买盘
1293,13:48:57,6.84,--,56,38304,买盘
1294,13:48:54,6.84,--,15,10260,买盘
1295,13:48:51,6.84,--,55,37620,买盘
1296,13:48:48,6.84,--,245,167580,买盘
1297,13:48:45,6.84,--,6,4104,买盘
1298,13:48:42,6.84,-0.01,181,123804,卖盘
1299,13:48:39,6.85,--,2,1370,买盘
1300,13:48:36,6.85,--,31,21235,买盘
1301,13:48:33,6.85,--,4,2740,买盘
1302,13:48:30,6.85,0.01,2,1370,买盘
1303,13:48:27,6.84,--,11,7524,买盘
1304,13:48:24,6.84,-0.01,23,15732,卖盘
1305,13:48:21,6.85,--,9,6165,买盘
1306,13:48:18,6.85,0.01,19,13015,买盘
1307,13:48:15,6.84,--,745,509580,买盘
1308,13:48:12,6.84,--,5,3420,买盘
1309,13:48:09,6.84,--,120,82080,买盘
1310,13:48:06,6.84,--,32,21888,买盘
1311,13:48:03,6.84,--,89,60876,买盘
1312,13:48:00,6.84,--,2,1368,买盘
1313,13:47:57,6.84,--,120,82080,买盘
1314,13:47:54,6.84,--,347,237348,买盘
1315,13:47:51,6.84,--,39,26676,买盘
1316,13:47:48,6.84,--,1,684,买盘
1317,13:47:45,6.84,--,3,2052,买盘
1318,13:47:42,6.84,--,170,116280,买盘
1319,13:47:39,6.84,--,104,71136,买盘
1320,13:47:36,6.84,0.01,72,49248,买盘
1321,13:47:33,6.83,-0.01,44,30052,卖盘
1322,13:47:30,6.84,0.01,3,2052,买盘
1323,13:47:27,6.83,-0.01,148,101084,卖盘
1324,13:47:24,6.84,0.01,64,43776,买盘
1325,13:47:21,6.83,--,6,4098,卖盘
1326,13:47:18,6.83,-0.01,96,65568,卖盘
1327,13:47:15,6.84,0.01,657,449388,买盘
1328,13:47:12,6.83,-0.01,8,5464,卖盘
1329,13:47:09,6.84,--,2,1368,买盘
1330,13:47:06,6.84,--,49,33516,买盘
1331,13:47:03,6.84,--,91,62244,买盘
1332,13:47:00,6.84,--,95,64980,买盘
1333,13:46:57,6.84,--,3,2052,买盘
1334,13:46:54,6.84,--,37,25308,买盘
1335,13:46:51,6.84,--,21,14364,买盘
1336,13:46:48,6.84,--,132,90288,买盘
1337,13:46:45,6.84,--,146,99864,买盘
1338,13:46:42,6.84,--,133,90972,买盘
1339,13:46:39,6.84,--,3,2052,买盘
1340,13:46:36,6.84,--,32,21888,买盘
1341,13:46:33,6.84,--,298,203832,卖盘
1342,13:46:30,6.84,-0.01,11,7524,卖盘
1343,13:46:27,6.85,--,124,84940,买盘
1344,13:46:24,6.85,0.01,147,100695,买盘
1345,13:46:21,6.84,-0.01,10,6840,卖盘
1346,13:46:18,6.85,--,742,508270,买盘
1347,13:46:15,6.85,--,4,2740,买盘
1348,13:46:12,6.85,--,3,2055,买盘
1349,13:46:09,6.85,--,4,2740,买盘
1350,13:46:06,6.85,0.01,41,28085,买盘
1351,13:46:03,6.84,-0.01,192,131328,卖盘
1352,13:46:00,6.85,--,224,153440,买盘
1353,13:45:57,6.85,0.01,201,137685,买盘
1354,13:45:54,6.84,-0.01,3,2052,卖盘
1355,13:45:51,6.85,0.01,5,3425,买盘
1356,13:45:48,6.84,-0.01,2,1368,卖盘
1357,13:45:45,6.85,--,109,74665,买盘
1358,13:45:42,6.85,0.01,1067,730895,买盘
1359,13:45:39,6.84,-0.01,112,76608,卖盘
1360,13:45:36,6.85,--,38,26030,买盘
1361,13:45:33,6.85,0.01,62,42470,买盘
1362,13:45:30,6.84,--,40,27360,卖盘
1363,13:45:27,6.84,-0.01,50,34200,卖盘
1364,13:45:24,6.85,0.01,10,6850,买盘
1365,13:45:21,6.84,--,1,684,卖盘
1366,13:45:18,6.84,0.01,40,27360,买盘
1367,13:45:15,6.83,-0.01,275,187825,卖盘
1368,13:45:12,6.84,--,892,610128,买盘
1369,13:45:09,6.84,--,61,41724,买盘
1370,13:45:06,6.84,--,39,26676,买盘
1371,13:45:03,6.84,0.01,121,82764,买盘
1372,13:45:00,6.83,-0.01,522,356526,卖盘
1373,13:44:57,6.84,--,143,97812,买盘
1374,13:44:54,6.84,0.01,51,34884,买盘
1375,13:44:51,6.83,-0.01,1,683,卖盘
1376,13:44:48,6.84,0.01,1053,720252,买盘
1377,13:44:42,6.83,-0.01,70,47810,卖盘
1378,13:44:39,6.84,-0.01,20,13680,买盘
1379,13:44:36,6.85,0.01,160,109600,买盘
1380,13:44:33,6.84,--,56,38304,买盘
1381,13:44:30,6.84,--,423,289557,卖盘
1382,13:44:27,6.84,--,87,59508,卖盘
1383,13:44:24,6.84,--,2,1368,卖盘
1384,13:44:21,6.84,--,331,226862,买盘
1385,13:44:18,6.84,0.01,355,242820,买盘
1386,13:44:15,6.83,--,127,86741,卖盘
1387,13:44:12,6.83,-0.01,250,170750,卖盘
1388,13:44:09,6.84,--,96,65664,买盘
1389,13:44:06,6.84,0.01,49,33516,买盘
1390,13:44:03,6.83,-0.01,180,122940,卖盘
1391,13:43:57,6.84,--,15,10260,买盘
1392,13:43:54,6.84,0.01,53,36252,买盘
1393,13:43:51,6.83,-0.02,1363,931154,卖盘
1394,13:43:48,6.85,0.01,17,11645,买盘
1395,13:43:45,6.84,--,82,56088,卖盘
1396,13:43:42,6.84,-0.01,4,2736,卖盘
1397,13:43:36,6.85,--,50,34250,买盘
1398,13:43:33,6.85,--,37,25345,买盘
1399,13:43:30,6.85,0.01,35,23975,买盘
1400,13:43:27,6.84,--,57,38988,卖盘
1401,13:43:24,6.84,--,310,212040,卖盘
1402,13:43:21,6.84,--,634,433656,卖盘
1403,13:43:18,6.84,--,316,216144,卖盘
1404,13:43:15,6.84,-0.01,41,28044,卖盘
1405,13:43:12,6.85,0.01,4,2740,买盘
1406,13:43:09,6.84,-0.01,34,23256,卖盘
1407,13:43:06,6.85,--,117,80145,买盘
1408,13:43:03,6.85,0.01,52,35620,买盘
1409,13:43:00,6.84,-0.01,90,61560,卖盘
1410,13:42:57,6.85,--,78,53430,买盘
1411,13:42:54,6.85,0.01,1,685,买盘
1412,13:42:51,6.84,--,40,27360,卖盘
1413,13:42:48,6.84,--,30,20520,卖盘
1414,13:42:45,6.84,-0.01,189,129276,卖盘
1415,13:42:42,6.85,--,37,25345,买盘
1416,13:42:39,6.85,0.01,50,34250,买盘
1417,13:42:36,6.84,--,41,28044,卖盘
1418,13:42:30,6.84,--,199,136574,买盘
1419,13:42:27,6.84,--,73,50157,卖盘
1420,13:42:24,6.84,0.01,721,493622,买盘
1421,13:42:21,6.83,-0.01,195,133185,卖盘
1422,13:42:18,6.84,0.01,40,27360,买盘
1423,13:42:15,6.83,-0.01,17,11611,卖盘
1424,13:42:12,6.84,0.01,47,32148,买盘
1425,13:42:09,6.83,-0.01,41,28003,卖盘
1426,13:42:06,6.84,0.01,406,277704,买盘
1427,13:42:03,6.83,--,63,43029,卖盘
1428,13:42:00,6.83,--,620,423460,卖盘
1429,13:41:57,6.83,-0.01,20,13660,卖盘
1430,13:41:54,6.84,--,312,213408,买盘
1431,13:41:51,6.84,--,26,17784,买盘
1432,13:41:48,6.84,0.01,27,18468,买盘
1433,13:41:42,6.83,-0.01,112,76496,卖盘
1434,13:41:39,6.84,0.01,114,77976,买盘
1435,13:41:36,6.83,-0.01,1542,1053186,卖盘
1436,13:41:33,6.84,--,523,357732,买盘
1437,13:41:30,6.84,--,13,8892,买盘
1438,13:41:27,6.84,--,395,270180,买盘
1439,13:41:24,6.84,0.01,387,264708,买盘
1440,13:41:21,6.83,-0.01,19,12977,卖盘
1441,13:41:18,6.84,--,237,162108,买盘
1442,13:41:15,6.84,0.01,303,207252,买盘
1443,13:41:12,6.83,-0.01,143,97669,卖盘
1444,13:41:09,6.84,--,94,64296,买盘
1445,13:41:06,6.84,--,44,30096,买盘
1446,13:41:03,6.84,--,108,73872,买盘
1447,13:41:00,6.84,--,96,65664,买盘
1448,13:40:54,6.84,--,2,1368,买盘
1449,13:40:51,6.84,-0.01,1576,1078209,卖盘
1450,13:40:48,6.85,--,67,45895,买盘
1451,13:40:45,6.85,0.01,9,6165,买盘
1452,13:40:42,6.84,--,1,684,卖盘
1453,13:40:39,6.84,--,24,16416,卖盘
1454,13:40:36,6.84,--,310,212231,卖盘
1455,13:40:33,6.84,--,12,8208,卖盘
1456,13:40:30,6.84,--,20,13680,卖盘
1457,13:40:27,6.84,--,533,364838,买盘
1458,13:40:24,6.84,--,394,269496,买盘
1459,13:40:21,6.84,--,80,54720,买盘
1460,13:40:18,6.84,0.01,28,19152,买盘
1461,13:40:15,6.83,-0.01,90,61470,卖盘
1462,13:40:12,6.84,0.01,111,75924,买盘
1463,13:40:09,6.83,-0.01,338,231427,卖盘
1464,13:40:06,6.84,--,62,42408,买盘
1465,13:40:03,6.84,0.01,16,10944,买盘
1466,13:40:00,6.83,--,12,8196,卖盘
1467,13:39:57,6.83,-0.01,100,68300,卖盘
1468,13:39:54,6.84,0.01,41,28044,买盘
1469,13:39:51,6.83,-0.01,71,48493,卖盘
1470,13:39:48,6.84,0.01,52,35568,买盘
1471,13:39:45,6.83,-0.01,32,21856,卖盘
1472,13:39:42,6.84,--,2,1368,买盘
1473,13:39:39,6.84,0.01,945,646380,买盘
1474,13:39:36,6.83,--,818,558919,卖盘
1475,13:39:33,6.83,-0.01,15,10245,卖盘
1476,13:39:30,6.84,0.01,730,499320,买盘
1477,13:39:27,6.83,-0.01,332,226756,卖盘
1478,13:39:24,6.84,0.01,159,108756,买盘
1479,13:39:21,6.83,-0.01,16,10928,卖盘
1480,13:39:18,6.84,0.01,107,73188,买盘
1481,13:39:15,6.83,-0.01,500,341500,卖盘
1482,13:39:12,6.84,--,224,153216,买盘
1483,13:39:09,6.84,--,58,39672,买盘
1484,13:39:06,6.84,--,83,56772,买盘
1485,13:39:03,6.84,--,49,33516,买盘
1486,13:39:00,6.84,--,7,4788,买盘
1487,13:38:57,6.84,--,67,45828,买盘
1488,13:38:54,6.84,0.01,118,80712,买盘
1489,13:38:51,6.83,-0.01,146,99718,卖盘
1490,13:38:48,6.84,--,117,80028,买盘
1491,13:38:45,6.84,--,650,444600,买盘
1492,13:38:42,6.84,--,42,28728,买盘
1493,13:38:39,6.84,0.01,9,6156,买盘
1494,13:38:36,6.83,--,47,32101,卖盘
1495,13:38:33,6.83,-0.01,1,683,卖盘
1496,13:38:30,6.84,--,730,499320,买盘
1497,13:38:27,6.84,--,28,19152,买盘
1498,13:38:24,6.84,0.01,92,62928,买盘
1499,13:38:21,6.83,-0.01,8,5464,卖盘
1500,13:38:18,6.84,--,18,12312,买盘
1501,13:38:15,6.84,0.01,119,81396,买盘
1502,13:38:12,6.83,--,395,269785,卖盘
1503,13:38:09,6.83,-0.01,3,2049,卖盘
1504,13:38:06,6.84,--,134,91656,买盘
1505,13:38:03,6.84,0.01,274,187874,买盘
1506,13:38:00,6.83,--,70,47810,卖盘
1507,13:37:57,6.83,-0.01,4065,2776395,卖盘
1508,13:37:54,6.84,0.01,34,23256,买盘
1509,13:37:51,6.83,--,50,34150,卖盘
1510,13:37:48,6.83,--,15,10245,卖盘
1511,13:37:42,6.83,--,23,15709,卖盘
1512,13:37:39,6.83,-0.01,170,116670,卖盘
1513,13:37:36,6.84,--,44,30096,买盘
1514,13:37:33,6.84,--,317,216828,买盘
1515,13:37:30,6.84,0.01,480,328320,买盘
1516,13:37:27,6.83,-0.01,32,21856,卖盘
1517,13:37:24,6.84,--,61,41724,买盘
1518,13:37:21,6.84,--,17,11628,买盘
1519,13:37:15,6.84,--,88,60192,买盘
1520,13:37:12,6.84,--,39,26676,买盘
1521,13:37:09,6.84,--,30,20520,买盘
1522,13:37:06,6.84,0.01,39,26676,买盘
1523,13:37:03,6.83,--,71,48493,卖盘
1524,13:37:00,6.83,--,528,360624,卖盘
1525,13:36:57,6.83,-0.01,11,7513,卖盘
1526,13:36:54,6.84,0.01,199,136116,买盘
1527,13:36:51,6.83,--,33,22539,卖盘
1528,13:36:45,6.83,--,208,142064,卖盘
1529,13:36:42,6.83,--,3,2049,卖盘
1530,13:36:36,6.83,-0.01,168,114744,卖盘
1531,13:36:33,6.84,--,668,456912,买盘
1532,13:36:30,6.84,--,120,82080,买盘
1533,13:36:27,6.84,--,4,2736,买盘
1534,13:36:24,6.84,0.01,63,43092,买盘
1535,13:36:21,6.83,--,101,68983,卖盘
1536,13:36:18,6.83,--,514,351328,卖盘
1537,13:36:15,6.83,--,30,20490,卖盘
1538,13:36:12,6.83,--,38,25954,卖盘
1539,13:36:06,6.83,-0.01,50,34150,卖盘
1540,13:36:03,6.84,0.01,2,1368,买盘
1541,13:36:00,6.83,--,13,8879,卖盘
1542,13:35:57,6.83,--,47,32101,卖盘
1543,13:35:54,6.83,--,188,129039,卖盘
1544,13:35:51,6.83,--,9,6147,卖盘
1545,13:35:48,6.83,--,19,12977,卖盘
1546,13:35:42,6.83,--,640,437120,卖盘
1547,13:35:39,6.83,-0.01,12,8196,卖盘
1548,13:35:36,6.84,--,617,422028,买盘
1549,13:35:33,6.84,0.01,397,271684,买盘
1550,13:35:30,6.83,-0.01,302,206266,卖盘
1551,13:35:27,6.84,--,52,35568,买盘
1552,13:35:24,6.84,0.01,58,39672,买盘
1553,13:35:21,6.83,--,88,60104,卖盘
1554,13:35:18,6.83,-0.01,107,73081,卖盘
1555,13:35:15,6.84,--,22,15048,买盘
1556,13:35:12,6.84,--,14,9576,买盘
1557,13:35:06,6.84,0.01,40,27360,买盘
1558,13:35:03,6.83,-0.01,36,24588,卖盘
1559,13:35:00,6.84,0.01,1,684,买盘
1560,13:34:57,6.83,-0.01,43,29369,卖盘
1561,13:34:54,6.84,0.01,331,226404,买盘
1562,13:34:51,6.83,--,2,1366,卖盘
1563,13:34:48,6.83,--,388,265461,卖盘
1564,13:34:45,6.83,-0.01,14,9562,卖盘
1565,13:34:42,6.84,0.01,228,155952,买盘
1566,13:34:39,6.83,-0.01,149,101767,卖盘
1567,13:34:36,6.84,--,661,452124,买盘
1568,13:34:33,6.84,0.01,10,6840,买盘
1569,13:34:30,6.83,-0.01,40,27320,卖盘
1570,13:34:27,6.84,--,5,3420,买盘
1571,13:34:24,6.84,0.01,12,8208,买盘
1572,13:34:21,6.83,--,100,68300,卖盘
1573,13:34:18,6.83,--,51,34833,卖盘
1574,13:34:15,6.83,--,93,63519,卖盘
1575,13:34:12,6.83,--,14,9562,卖盘
1576,13:34:09,6.83,-0.01,184,125672,卖盘
1577,13:34:06,6.84,0.01,87,59508,买盘
1578,13:34:03,6.83,-0.01,244,166652,卖盘
1579,13:34:00,6.84,--,30,20520,买盘
1580,13:33:57,6.84,--,50,34200,买盘
1581,13:33:54,6.84,0.01,31,21204,买盘
1582,13:33:51,6.83,--,69,47127,卖盘
1583,13:33:48,6.83,-0.01,62,42346,卖盘
1584,13:33:45,6.84,--,169,115596,买盘
1585,13:33:42,6.84,--,188,128592,买盘
1586,13:33:39,6.84,0.01,759,519156,买盘
1587,13:33:36,6.83,--,57,38931,卖盘
1588,13:33:33,6.83,--,32,21856,卖盘
1589,13:33:30,6.83,--,358,244514,卖盘
1590,13:33:27,6.83,--,21,14343,卖盘
1591,13:33:24,6.83,-0.01,210,143430,卖盘
1592,13:33:21,6.84,0.01,596,407664,买盘
1593,13:33:15,6.83,-0.01,782,534106,卖盘
1594,13:33:12,6.84,--,145,99180,买盘
1595,13:33:09,6.84,0.01,40,27360,买盘
1596,13:33:06,6.83,-0.01,248,169384,卖盘
1597,13:33:03,6.84,0.01,3,2052,买盘
1598,13:33:00,6.83,-0.01,234,159822,卖盘
1599,13:32:57,6.84,0.01,323,220932,买盘
1600,13:32:54,6.83,--,38,25954,卖盘
1601,13:32:51,6.83,-0.01,1,683,卖盘
1602,13:32:48,6.84,--,2,1368,买盘
1603,13:32:45,6.84,0.01,11,7524,买盘
1604,13:32:42,6.83,-0.01,921,629043,卖盘
1605,13:32:39,6.84,--,622,425448,买盘
1606,13:32:36,6.84,0.01,74,50616,买盘
1607,13:32:33,6.83,--,350,239295,卖盘
1608,13:32:30,6.83,-0.01,21,14343,卖盘
1609,13:32:27,6.84,--,109,74556,买盘
1610,13:32:24,6.84,0.01,90,61560,买盘
1611,13:32:21,6.83,--,20,13660,卖盘
1612,13:32:18,6.83,--,320,218560,卖盘
1613,13:32:12,6.83,-0.01,27,18441,卖盘
1614,13:32:09,6.84,0.01,3,2052,买盘
1615,13:32:06,6.83,-0.01,82,56006,卖盘
1616,13:32:03,6.84,0.01,71,48564,买盘
1617,13:32:00,6.83,-0.01,134,91522,卖盘
1618,13:31:57,6.84,-0.01,1214,830512,卖盘
1619,13:31:54,6.85,0.01,1240,849400,买盘
1620,13:31:51,6.84,--,270,184680,卖盘
1621,13:31:48,6.84,-0.01,46,31464,卖盘
1622,13:31:45,6.85,--,98,67130,买盘
1623,13:31:42,6.85,--,755,517175,买盘
1624,13:31:39,6.85,0.01,13,8905,买盘
1625,13:31:36,6.84,--,136,93024,卖盘
1626,13:31:33,6.84,-0.01,15,10260,卖盘
1627,13:31:24,6.85,0.01,109,74665,买盘
1628,13:31:21,6.84,--,12,8208,卖盘
1629,13:31:18,6.84,-0.01,16,10944,卖盘
1630,13:31:15,6.85,0.01,31,21235,买盘
1631,13:31:12,6.84,-0.01,1,684,卖盘
1632,13:31:09,6.85,--,201,137685,买盘
1633,13:31:06,6.85,0.01,33,22605,买盘
1634,13:31:03,6.84,-0.01,1,684,卖盘
1635,13:31:00,6.85,0.01,247,169195,买盘
1636,13:30:57,6.84,-0.01,100,68400,卖盘
1637,13:30:54,6.85,0.01,16,10960,买盘
1638,13:30:51,6.84,--,258,176472,卖盘
1639,13:30:48,6.84,--,554,378936,卖盘
1640,13:30:45,6.84,--,96,65664,卖盘
1641,13:30:42,6.84,-0.01,674,461016,卖盘
1642,13:30:39,6.85,--,14,9590,买盘
1643,13:30:36,6.85,0.01,29,19865,买盘
1644,13:30:30,6.84,--,1,684,卖盘
1645,13:30:27,6.84,--,92,63475,卖盘
1646,13:30:24,6.84,--,21,14364,卖盘
1647,13:30:21,6.84,--,123,84132,卖盘
1648,13:30:15,6.84,0.01,235,160740,买盘
1649,13:30:12,6.83,-0.01,81,55323,卖盘
1650,13:30:09,6.84,-0.01,632,432288,卖盘
1651,13:30:06,6.85,0.01,69,47265,买盘
1652,13:30:03,6.84,--,16,10944,卖盘
1653,13:30:00,6.84,-0.01,1,684,卖盘
1654,13:29:57,6.85,--,9,6165,买盘
1655,13:29:54,6.85,0.01,53,36305,买盘
1656,13:29:51,6.84,--,37,25308,卖盘
1657,13:29:48,6.84,--,80,54720,卖盘
1658,13:29:45,6.84,--,632,432288,买盘
1659,13:29:42,6.84,--,320,218880,买盘
1660,13:29:39,6.84,0.01,463,316692,买盘
1661,13:29:36,6.83,-0.01,278,189874,卖盘
1662,13:29:33,6.84,0.01,19,12996,买盘
1663,13:29:30,6.83,-0.01,43,29369,卖盘
1664,13:29:27,6.84,--,292,199728,买盘
1665,13:29:24,6.84,--,25,17100,买盘
1666,13:29:21,6.84,0.01,112,76608,买盘
1667,13:29:18,6.83,-0.01,56,38248,卖盘
1668,13:29:15,6.84,--,51,34884,买盘
1669,13:29:12,6.84,--,13,8892,买盘
1670,13:29:09,6.84,--,580,396720,买盘
1671,13:29:06,6.84,--,45,30780,买盘
1672,13:29:03,6.84,0.01,11,7524,买盘
1673,13:29:00,6.83,--,60,40980,卖盘
1674,13:28:57,6.83,-0.01,55,37565,卖盘
1675,13:28:54,6.84,--,212,145008,买盘
1676,13:28:51,6.84,--,122,83448,买盘
1677,13:28:48,6.84,--,277,189468,买盘
1678,13:28:45,6.84,0.01,797,545148,买盘
1679,13:28:42,6.83,-0.01,42,28686,卖盘
1680,13:28:39,6.84,0.01,2,1368,买盘
1681,13:28:36,6.83,-0.01,385,262955,卖盘
1682,13:28:33,6.84,0.01,257,175788,买盘
1683,13:28:30,6.83,-0.01,252,172116,卖盘
1684,13:28:27,6.84,0.01,50,34200,买盘
1685,13:28:24,6.83,-0.01,81,55323,卖盘
1686,13:28:21,6.84,--,20,13680,买盘
1687,13:28:18,6.84,0.01,198,135432,买盘
1688,13:28:15,6.83,-0.01,24,16392,卖盘
1689,13:28:12,6.84,0.01,114,77976,买盘
1690,13:28:09,6.83,-0.01,1,683,卖盘
1691,13:28:06,6.84,0.01,104,71136,买盘
1692,13:28:03,6.83,--,31,21173,卖盘
1693,13:28:00,6.83,--,144,98352,卖盘
1694,13:27:57,6.83,-0.01,30,20490,卖盘
1695,13:27:54,6.84,0.01,23,15732,买盘
1696,13:27:51,6.83,-0.01,1009,689147,卖盘
1697,13:27:48,6.84,0.01,725,495900,买盘
1698,13:27:45,6.83,--,1,683,卖盘
1699,13:27:42,6.83,--,13,8879,卖盘
1700,13:27:39,6.83,--,2,1366,卖盘
1701,13:27:36,6.83,--,33,22539,卖盘
1702,13:27:33,6.83,-0.01,34,23222,卖盘
1703,13:27:30,6.84,0.01,106,72504,买盘
1704,13:27:27,6.83,--,1,683,卖盘
1705,13:27:24,6.83,-0.01,22,15026,卖盘
1706,13:27:21,6.84,--,69,47196,买盘
1707,13:27:18,6.84,0.01,449,307116,买盘
1708,13:27:15,6.83,-0.01,1,683,卖盘
1709,13:27:12,6.84,--,13,8892,买盘
1710,13:27:09,6.84,0.01,55,37620,买盘
1711,13:27:06,6.83,--,53,36199,卖盘
1712,13:27:03,6.83,-0.01,1,683,卖盘
1713,13:27:00,6.84,0.01,64,43776,买盘
1714,13:26:57,6.83,-0.01,14,9562,卖盘
1715,13:26:54,6.84,--,83,56772,买盘
1716,13:26:51,6.84,--,496,339264,买盘
1717,13:26:48,6.84,0.01,490,335160,买盘
1718,13:26:45,6.83,--,13,8879,卖盘
1719,13:26:42,6.83,--,55,37565,卖盘
1720,13:26:39,6.83,--,1,683,卖盘
1721,13:26:36,6.83,-0.01,40,27320,卖盘
1722,13:26:33,6.84,0.01,89,60876,买盘
1723,13:26:30,6.83,--,3,2049,卖盘
1724,13:26:27,6.83,-0.01,56,38248,卖盘
1725,13:26:24,6.84,0.01,9,6156,买盘
1726,13:26:21,6.83,-0.01,49,33467,卖盘
1727,13:26:18,6.84,--,9,6156,买盘
1728,13:26:15,6.84,--,73,49932,买盘
1729,13:26:12,6.84,0.01,43,29412,买盘
1730,13:26:09,6.83,-0.01,43,29369,卖盘
1731,13:26:06,6.84,--,130,88920,买盘
1732,13:26:03,6.84,--,68,46512,买盘
1733,13:26:00,6.84,--,13,8892,买盘
1734,13:25:57,6.84,--,349,238716,买盘
1735,13:25:54,6.84,--,85,58140,买盘
1736,13:25:51,6.84,0.01,645,441180,买盘
1737,13:25:48,6.83,--,22,15026,卖盘
1738,13:25:45,6.83,--,44,30052,卖盘
1739,13:25:42,6.83,--,141,96303,卖盘
1740,13:25:39,6.83,-0.01,44,30052,卖盘
1741,13:25:36,6.84,--,443,303012,买盘
1742,13:25:33,6.84,0.01,159,108756,买盘
1743,13:25:30,6.83,-0.01,37,25271,卖盘
1744,13:25:27,6.84,--,17,11628,买盘
1745,13:25:24,6.84,--,962,658008,买盘
1746,13:25:21,6.84,--,9,6156,买盘
1747,13:25:18,6.84,--,25,17100,买盘
1748,13:25:15,6.84,0.01,219,149796,买盘
1749,13:25:12,6.83,-0.01,15,10245,卖盘
1750,13:25:09,6.84,--,5,3420,买盘
1751,13:25:06,6.84,0.01,30,20520,买盘
1752,13:25:03,6.83,--,43,29369,卖盘
1753,13:25:00,6.83,-0.01,103,70349,卖盘
1754,13:24:57,6.84,--,2,1368,买盘
1755,13:24:54,6.84,--,115,78660,买盘
1756,13:24:51,6.84,--,630,430920,买盘
1757,13:24:48,6.84,--,50,34200,买盘
1758,13:24:45,6.84,--,31,21204,买盘
1759,13:24:42,6.84,0.01,2,1368,买盘
1760,13:24:39,6.83,-0.01,71,48493,卖盘
1761,13:24:36,6.84,0.01,124,84816,买盘
1762,13:24:33,6.83,--,31,21173,卖盘
1763,13:24:30,6.83,-0.01,8,5464,卖盘
1764,13:24:27,6.84,--,103,70452,买盘
1765,13:24:24,6.84,0.01,40,27360,买盘
1766,13:24:21,6.83,-0.01,99,67617,卖盘
1767,13:24:18,6.84,--,203,138852,买盘
1768,13:24:15,6.84,0.01,23,15732,买盘
1769,13:24:12,6.83,-0.01,45,30735,卖盘
1770,13:24:09,6.84,0.01,65,44460,买盘
1771,13:24:06,6.83,--,36,24588,卖盘
1772,13:24:03,6.83,--,38,25954,卖盘
1773,13:24:00,6.83,--,192,131136,买盘
1774,13:23:57,6.83,--,9,6147,买盘
1775,13:23:54,6.83,--,1135,775205,买盘
1776,13:23:51,6.83,0.01,39,26637,买盘
1777,13:23:48,6.82,-0.01,2,1364,卖盘
1778,13:23:45,6.83,--,20,13660,买盘
1779,13:23:42,6.83,--,127,86741,买盘
1780,13:23:39,6.83,--,48,32784,买盘
1781,13:23:36,6.83,--,141,96303,买盘
1782,13:23:33,6.83,0.01,335,228805,买盘
1783,13:23:30,6.82,-0.01,71,48422,卖盘
1784,13:23:27,6.83,--,23,15709,买盘
1785,13:23:24,6.83,0.01,4,2732,买盘
1786,13:23:21,6.82,-0.01,157,107074,卖盘
1787,13:23:18,6.83,--,56,38248,买盘
1788,13:23:15,6.83,--,201,137283,买盘
1789,13:23:12,6.83,--,436,297788,买盘
1790,13:23:09,6.83,0.01,28,19124,买盘
1791,13:23:06,6.82,-0.01,1152,785664,卖盘
1792,13:23:03,6.83,0.01,1292,882436,买盘
1793,13:23:00,6.82,-0.01,5,3410,卖盘
1794,13:22:57,6.83,--,203,138649,买盘
1795,13:22:54,6.83,0.01,647,441901,买盘
1796,13:22:51,6.82,-0.01,117,79794,卖盘
1797,13:22:48,6.83,--,172,117476,买盘
1798,13:22:45,6.83,0.01,15,10245,买盘
1799,13:22:42,6.82,--,488,332816,卖盘
1800,13:22:39,6.82,-0.01,90,61380,卖盘
1801,13:22:36,6.83,--,162,110646,买盘
1802,13:22:33,6.83,--,241,164603,买盘
1803,13:22:30,6.83,--,3090,2110470,买盘
1804,13:22:27,6.83,0.01,1,683,买盘
1805,13:22:24,6.82,--,58,39556,卖盘
1806,13:22:21,6.82,--,274,186868,卖盘
1807,13:22:18,6.82,-0.01,25,17050,卖盘
1808,13:22:15,6.83,0.01,114,77862,买盘
1809,13:22:12,6.82,-0.01,658,448756,卖盘
1810,13:22:09,6.83,--,100,68300,买盘
1811,13:22:06,6.83,--,60,40980,买盘
1812,13:22:03,6.83,--,4,2732,买盘
1813,13:22:00,6.83,-0.01,9012,6155196,卖盘
1814,13:21:57,6.84,--,724,495216,买盘
1815,13:21:54,6.84,--,23,15732,买盘
1816,13:21:51,6.84,--,33,22572,买盘
1817,13:21:48,6.84,--,865,592166,卖盘
1818,13:21:45,6.84,--,96,65664,卖盘
1819,13:21:42,6.84,--,187,127908,卖盘
1820,13:21:39,6.84,-0.01,155,106020,卖盘
1821,13:21:36,6.85,--,59,40963,买盘
1822,13:21:33,6.85,0.01,2,1370,买盘
1823,13:21:30,6.84,-0.01,566,387144,卖盘
1824,13:21:27,6.85,--,1,685,买盘
1825,13:21:24,6.85,--,193,132205,买盘
1826,13:21:21,6.85,--,103,70555,买盘
1827,13:21:15,6.85,--,98,67130,买盘
1828,13:21:12,6.85,0.01,52,35620,买盘
1829,13:21:09,6.84,--,81,55404,卖盘
1830,13:21:06,6.84,-0.01,75,51300,卖盘
1831,13:21:03,6.85,0.01,18,12330,买盘
1832,13:21:00,6.84,-0.01,394,269496,卖盘
1833,13:20:57,6.85,--,472,323320,买盘
1834,13:20:54,6.85,--,44,30140,买盘
1835,13:20:51,6.85,0.01,18,12330,买盘
1836,13:20:48,6.84,-0.01,1429,977750,卖盘
1837,13:20:45,6.85,--,43,29455,买盘
1838,13:20:42,6.85,--,142,97270,买盘
1839,13:20:39,6.85,--,45,30825,买盘
1840,13:20:36,6.85,--,79,54115,买盘
1841,13:20:33,6.85,--,66,45210,买盘
1842,13:20:30,6.85,--,3,2055,买盘
1843,13:20:27,6.85,0.01,159,108915,买盘
1844,13:20:24,6.84,-0.01,316,216144,卖盘
1845,13:20:21,6.85,0.01,81,55485,买盘
1846,13:20:18,6.84,-0.01,168,114912,卖盘
1847,13:20:15,6.85,0.01,363,248655,买盘
1848,13:20:12,6.84,-0.01,9,6156,卖盘
1849,13:20:09,6.85,--,12,8220,卖盘
1850,13:20:06,6.85,--,44,30140,买盘
1851,13:20:03,6.85,-0.01,113,77405,买盘
1852,13:20:00,6.86,0.01,2069,1419773,买盘
1853,13:19:57,6.85,-0.01,10,6850,卖盘
1854,13:19:54,6.86,--,14,9604,买盘
1855,13:19:51,6.86,--,86,58996,买盘
1856,13:19:48,6.86,0.01,2,1372,买盘
1857,13:19:45,6.85,--,101,69185,卖盘
1858,13:19:42,6.85,--,3,2055,卖盘
1859,13:19:39,6.85,--,471,322881,买盘
1860,13:19:36,6.85,--,243,166455,买盘
1861,13:19:33,6.85,--,1,685,买盘
1862,13:19:30,6.85,--,4,2740,买盘
1863,13:19:27,6.85,0.01,159,108915,买盘
1864,13:19:24,6.84,-0.01,21,14364,卖盘
1865,13:19:21,6.85,--,1392,953958,卖盘
1866,13:19:18,6.85,-0.01,1,685,卖盘
1867,13:19:15,6.86,0.01,53,36358,买盘
1868,13:19:12,6.85,--,501,343185,卖盘
1869,13:19:09,6.85,-0.02,15,10275,卖盘
1870,13:19:06,6.87,0.01,2231,1532697,买盘
1871,13:19:03,6.86,--,79,54194,卖盘
1872,13:19:00,6.86,--,223,152978,买盘
1873,13:18:57,6.86,0.01,50,34300,买盘
1874,13:18:54,6.85,--,16,10960,卖盘
1875,13:18:51,6.85,-0.01,321,219885,卖盘
1876,13:18:48,6.86,--,38,26068,买盘
1877,13:18:45,6.86,--,95,65170,买盘
1878,13:18:42,6.86,--,156,107016,卖盘
1879,13:18:39,6.86,--,15,10290,卖盘
1880,13:18:36,6.86,-0.01,31,21266,卖盘
1881,13:18:33,6.87,0.01,18,12366,买盘
1882,13:18:30,6.86,0.01,113,77518,买盘
1883,13:18:27,6.85,--,33,22605,卖盘
1884,13:18:21,6.85,--,184,126286,卖盘
1885,13:18:18,6.85,--,14,9590,卖盘
1886,13:18:15,6.85,--,98,67130,卖盘
1887,13:18:12,6.85,-0.01,3,2055,卖盘
1888,13:18:09,6.86,--,12,8232,买盘
1889,13:18:06,6.86,--,31,21266,买盘
1890,13:18:03,6.86,0.01,740,507640,买盘
1891,13:18:00,6.85,-0.01,1622,1111070,卖盘
1892,13:17:57,6.86,-0.01,13,8918,卖盘
1893,13:17:54,6.87,--,2,1374,买盘
1894,13:17:51,6.87,0.01,2,1374,买盘
1895,13:17:48,6.86,-0.01,98,67228,卖盘
1896,13:17:45,6.87,0.01,43,29541,买盘
1897,13:17:42,6.86,--,23,15778,卖盘
1898,13:17:39,6.86,-0.01,71,48706,卖盘
1899,13:17:36,6.87,0.01,40,27480,买盘
1900,13:17:33,6.86,-0.01,56,38416,卖盘
1901,13:17:30,6.87,--,149,102363,买盘
1902,13:17:24,6.87,0.01,35,24045,买盘
1903,13:17:21,6.86,-0.01,14,9604,卖盘
1904,13:17:18,6.87,0.01,20,13740,买盘
1905,13:17:12,6.86,--,13,8918,卖盘
1906,13:17:09,6.86,--,81,55566,卖盘
1907,13:17:06,6.86,-0.01,118,80948,卖盘
1908,13:17:03,6.87,0.01,647,444489,买盘
1909,13:17:00,6.86,-0.01,98,67228,卖盘
1910,13:16:57,6.87,--,25,17175,买盘
1911,13:16:54,6.87,0.01,32,21984,买盘
1912,13:16:51,6.86,-0.01,25,17150,卖盘
1913,13:16:48,6.87,--,97,66639,买盘
1914,13:16:42,6.87,0.01,13,8931,买盘
1915,13:16:39,6.86,--,12,8232,卖盘
1916,13:16:36,6.86,-0.01,37,25382,卖盘
1917,13:16:33,6.87,0.01,153,105111,买盘
1918,13:16:30,6.86,-0.01,6,4116,卖盘
1919,13:16:24,6.87,0.01,72,49464,买盘
1920,13:16:21,6.86,--,55,37730,卖盘
1921,13:16:18,6.86,-0.01,3,2058,卖盘
1922,13:16:15,6.87,--,67,46029,买盘
1923,13:16:12,6.87,0.01,17,11679,买盘
1924,13:16:09,6.86,-0.01,11,7546,卖盘
1925,13:16:06,6.87,--,29,19923,买盘
1926,13:16:03,6.87,--,6,4122,买盘
1927,13:16:00,6.87,--,509,349683,买盘
1928,13:15:57,6.87,0.01,4,2748,买盘
1929,13:15:54,6.86,-0.01,306,209916,卖盘
1930,13:15:51,6.87,--,402,276174,买盘
1931,13:15:48,6.87,0.01,6,4122,买盘
1932,13:15:45,6.86,--,81,55566,卖盘
1933,13:15:42,6.86,--,199,136514,卖盘
1934,13:15:39,6.86,--,3,2058,卖盘
1935,13:15:36,6.86,-0.01,260,178360,卖盘
1936,13:15:33,6.87,0.01,1,687,买盘
1937,13:15:30,6.86,-0.01,52,35672,卖盘
1938,13:15:27,6.87,--,3,2061,买盘
1939,13:15:24,6.87,0.01,7,4809,买盘
1940,13:15:21,6.86,--,51,34986,卖盘
1941,13:15:18,6.86,-0.01,6,4116,卖盘
1942,13:15:15,6.87,--,206,141522,买盘
1943,13:15:12,6.87,--,4,2748,买盘
1944,13:15:09,6.87,--,38,26106,买盘
1945,13:15:06,6.87,--,29,19923,买盘
1946,13:15:03,6.87,--,461,316707,卖盘
1947,13:15:00,6.87,0.01,243,166941,买盘
1948,13:14:54,6.86,-0.01,14,9604,卖盘
1949,13:14:51,6.87,0.01,89,61143,买盘
1950,13:14:48,6.86,--,1,686,卖盘
1951,13:14:45,6.86,-0.01,62,42532,卖盘
1952,13:14:42,6.87,-0.01,3,2061,卖盘
1953,13:14:39,6.88,0.02,3,2064,买盘
1954,13:14:36,6.86,--,348,238728,卖盘
1955,13:14:30,6.86,--,2,1372,卖盘
1956,13:14:27,6.86,--,17,11662,卖盘
1957,13:14:24,6.86,-0.01,7,4802,卖盘
1958,13:14:21,6.87,--,36,24732,买盘
1959,13:14:18,6.87,--,3,2061,买盘
1960,13:14:15,6.87,0.01,12,8244,买盘
1961,13:14:12,6.86,--,53,36358,卖盘
1962,13:14:09,6.86,-0.01,52,35672,卖盘
1963,13:14:06,6.87,0.01,30,20610,买盘
1964,13:14:03,6.86,0.01,339,233116,买盘
1965,13:14:00,6.85,-0.01,34,23290,卖盘
1966,13:13:57,6.86,--,59,40474,买盘
1967,13:13:54,6.86,--,112,76832,买盘
1968,13:13:51,6.86,--,1819,1247957,卖盘
1969,13:13:45,6.86,--,11,7546,卖盘
1970,13:13:42,6.86,--,117,80262,卖盘
1971,13:13:39,6.86,--,2365,1622952,买盘
1972,13:13:36,6.86,0.01,49,33614,买盘
1973,13:13:33,6.85,--,3,2055,卖盘
1974,13:13:30,6.85,-0.01,8,5480,卖盘
1975,13:13:27,6.86,0.01,94,64484,买盘
1976,13:13:24,6.85,--,6,4110,卖盘
1977,13:13:21,6.85,-0.01,1,685,卖盘
1978,13:13:18,6.86,0.01,38,26068,买盘
1979,13:13:15,6.85,-0.01,7,4795,卖盘
1980,13:13:12,6.86,0.01,30,20580,买盘
1981,13:13:09,6.85,-0.02,1482,1015170,卖盘
1982,13:13:06,6.87,--,129,88623,买盘
1983,13:13:03,6.87,--,85,58395,买盘
1984,13:13:00,6.87,--,21,14427,买盘
1985,13:12:57,6.87,--,2,1374,买盘
1986,13:12:54,6.87,--,94,64578,买盘
1987,13:12:51,6.87,--,162,111294,买盘
1988,13:12:48,6.87,0.01,2,1374,买盘
1989,13:12:45,6.86,-0.01,138,94668,卖盘
1990,13:12:42,6.87,0.01,15,10305,买盘
1991,13:12:39,6.86,-0.01,148,101528,卖盘
1992,13:12:36,6.87,--,32,21984,买盘
1993,13:12:30,6.87,0.01,5,3435,买盘
1994,13:12:27,6.86,-0.01,2,1372,卖盘
1995,13:12:24,6.87,--,141,96867,买盘
1996,13:12:21,6.87,0.01,7,4809,买盘
1997,13:12:18,6.86,--,49,33614,卖盘
1998,13:12:15,6.86,-0.01,4,2744,卖盘
1999,13:12:12,6.87,0.01,2,1374,买盘
2000,13:12:09,6.86,-0.01,103,70658,卖盘
2001,13:12:06,6.87,--,745,511815,买盘
2002,13:12:03,6.87,0.01,34,23358,买盘
2003,13:12:00,6.86,--,1,686,卖盘
2004,13:11:57,6.86,--,73,50078,买盘
2005,13:11:54,6.86,0.01,4,2744,中性盘
2006,13:11:51,6.85,-0.02,43,29455,卖盘
2007,13:11:48,6.87,0.02,3,2061,买盘
2008,13:11:45,6.85,--,2,1370,卖盘
2009,13:11:42,6.85,--,174,119190,卖盘
2010,13:11:39,6.85,-0.01,1,685,卖盘
2011,13:11:36,6.86,0.01,47,32242,买盘
2012,13:11:33,6.85,--,5,3425,卖盘
2013,13:11:30,6.85,--,6,4110,卖盘
2014,13:11:27,6.85,-0.01,49,33565,卖盘
2015,13:11:24,6.86,0.01,66,45276,买盘
2016,13:11:21,6.85,-0.01,51,34935,卖盘
2017,13:11:18,6.86,0.01,2,1372,买盘
2018,13:11:15,6.85,-0.01,108,73980,卖盘
2019,13:11:12,6.86,0.01,1,686,买盘
2020,13:11:09,6.85,--,3,2055,卖盘
2021,13:11:06,6.85,--,604,413740,买盘
2022,13:11:03,6.85,--,115,78775,买盘
2023,13:11:00,6.85,--,125,85625,买盘
2024,13:10:57,6.85,--,113,77405,买盘
2025,13:10:54,6.85,--,32,21920,买盘
2026,13:10:51,6.85,-0.01,1443,988455,卖盘
2027,13:10:48,6.86,0.01,822,563892,买盘
2028,13:10:45,6.85,-0.01,354,242490,卖盘
2029,13:10:42,6.86,0.01,3,2058,买盘
2030,13:10:39,6.85,-0.01,13,8905,卖盘
2031,13:10:36,6.86,--,29,19894,买盘
2032,13:10:33,6.86,--,3,2058,买盘
2033,13:10:30,6.86,0.01,10,6860,买盘
2034,13:10:27,6.85,-0.01,2,1370,卖盘
2035,13:10:24,6.86,0.01,9,6174,买盘
2036,13:10:21,6.85,-0.01,222,152070,卖盘
2037,13:10:18,6.86,0.01,2,1372,买盘
2038,13:10:15,6.85,--,3,2055,卖盘
2039,13:10:09,6.85,--,110,75350,买盘
2040,13:10:06,6.85,--,64,43840,买盘
2041,13:10:03,6.85,--,104,71240,买盘
2042,13:10:00,6.85,0.01,190,130150,买盘
2043,13:09:57,6.84,-0.01,6,4104,卖盘
2044,13:09:54,6.85,0.01,312,213720,买盘
2045,13:09:51,6.84,-0.01,1,684,卖盘
2046,13:09:48,6.85,--,24,16440,买盘
2047,13:09:45,6.85,0.01,167,114395,买盘
2048,13:09:42,6.84,-0.01,42,28728,卖盘
2049,13:09:39,6.85,--,14,9590,买盘
2050,13:09:36,6.85,0.01,57,39045,买盘
2051,13:09:33,6.84,-0.01,19,12996,卖盘
2052,13:09:30,6.85,0.01,9,6165,买盘
2053,13:09:27,6.84,-0.01,54,36936,卖盘
2054,13:09:24,6.85,0.01,64,43840,买盘
2055,13:09:21,6.84,-0.01,21,14364,卖盘
2056,13:09:18,6.85,--,17,11645,买盘
2057,13:09:15,6.85,--,380,260300,卖盘
2058,13:09:12,6.85,--,290,198650,买盘
2059,13:09:09,6.85,0.01,185,126725,买盘
2060,13:09:06,6.84,-0.01,61,41724,卖盘
2061,13:09:03,6.85,0.01,104,71240,买盘
2062,13:09:00,6.84,--,157,107388,卖盘
2063,13:08:57,6.84,-0.01,6,4104,卖盘
2064,13:08:54,6.85,0.01,2,1370,买盘
2065,13:08:51,6.84,--,14,9576,卖盘
2066,13:08:48,6.84,--,14,9576,卖盘
2067,13:08:45,6.84,-0.01,10,6840,卖盘
2068,13:08:42,6.85,0.01,10,6850,买盘
2069,13:08:39,6.84,--,57,38988,卖盘
2070,13:08:36,6.84,--,40,27360,卖盘
2071,13:08:33,6.84,-0.01,48,32832,卖盘
2072,13:08:30,6.85,0.01,38,26030,买盘
2073,13:08:27,6.84,--,1,684,卖盘
2074,13:08:24,6.84,--,19,12996,卖盘
2075,13:08:21,6.84,-0.01,206,140904,卖盘
2076,13:08:18,6.85,0.01,12,8220,买盘
2077,13:08:15,6.84,--,1,684,卖盘
2078,13:08:12,6.84,0.01,105,71820,买盘
2079,13:08:09,6.83,-0.01,601,410483,卖盘
2080,13:08:06,6.84,--,73,49932,买盘
2081,13:08:03,6.84,0.01,107,73188,买盘
2082,13:08:00,6.83,-0.01,24,16392,卖盘
2083,13:07:57,6.84,-0.01,176,120384,卖盘
2084,13:07:54,6.85,--,638,437030,买盘
2085,13:07:51,6.85,--,5,3425,买盘
2086,13:07:48,6.85,0.01,1,685,买盘
2087,13:07:45,6.84,--,13,8892,卖盘
2088,13:07:42,6.84,-0.01,81,55404,卖盘
2089,13:07:39,6.85,--,5,3425,买盘
2090,13:07:36,6.85,0.01,75,51375,买盘
2091,13:07:33,6.84,--,16,10944,卖盘
2092,13:07:30,6.84,-0.01,2,1368,卖盘
2093,13:07:27,6.85,0.01,20,13700,买盘
2094,13:07:24,6.84,--,4,2736,卖盘
2095,13:07:21,6.84,--,56,38304,卖盘
2096,13:07:18,6.84,--,29,19836,卖盘
2097,13:07:12,6.84,0.01,290,198360,买盘
2098,13:07:09,6.83,-0.01,79,53957,卖盘
2099,13:07:06,6.84,--,29,19836,买盘
2100,13:07:03,6.84,--,204,139536,买盘
2101,13:07:00,6.84,--,315,215460,买盘
2102,13:06:57,6.84,--,13,8892,买盘
2103,13:06:54,6.84,0.01,26,17784,买盘
2104,13:06:51,6.83,--,3,2049,卖盘
2105,13:06:48,6.83,-0.02,1170,799110,卖盘
2106,13:06:45,6.85,0.01,12,8220,卖盘
2107,13:06:42,6.84,-0.02,9,6156,卖盘
2108,13:06:39,6.86,0.01,39,26754,买盘
2109,13:06:36,6.85,0.01,20,13700,中性盘
2110,13:06:33,6.84,-0.02,41,28044,卖盘
2111,13:06:30,6.86,--,4,2744,买盘
2112,13:06:27,6.86,0.02,14,9604,买盘
2113,13:06:24,6.84,-0.01,13,8892,卖盘
2114,13:06:21,6.85,--,9,6165,卖盘
2115,13:06:18,6.85,0.01,11,7535,中性盘
2116,13:06:15,6.84,--,741,506844,卖盘
2117,13:06:12,6.84,--,11,7524,卖盘
2118,13:06:09,6.84,-0.01,4,2736,卖盘
2119,13:06:06,6.85,0.01,131,89735,买盘
2120,13:06:03,6.84,--,19,12996,卖盘
2121,13:06:00,6.84,-0.01,42,28728,卖盘
2122,13:05:57,6.85,0.01,4,2740,买盘
2123,13:05:54,6.84,--,15,10260,卖盘
2124,13:05:51,6.84,--,41,28044,卖盘
2125,13:05:48,6.84,--,2,1368,卖盘
2126,13:05:42,6.84,--,30,20520,卖盘
2127,13:05:39,6.84,-0.01,27,18468,卖盘
2128,13:05:36,6.85,0.01,44,30140,买盘
2129,13:05:33,6.84,-0.01,13,8892,卖盘
2130,13:05:30,6.85,--,21,14385,买盘
2131,13:05:27,6.85,0.01,4,2740,买盘
2132,13:05:24,6.84,--,19,12996,卖盘
2133,13:05:21,6.84,--,4,2736,卖盘
2134,13:05:18,6.84,-0.01,429,293436,卖盘
2135,13:05:15,6.85,--,323,221255,买盘
2136,13:05:12,6.85,--,2,1370,买盘
2137,13:05:09,6.85,--,75,51375,买盘
2138,13:05:06,6.85,0.01,73,50005,买盘
2139,13:05:03,6.84,--,1,684,卖盘
2140,13:05:00,6.84,-0.01,20,13680,卖盘
2141,13:04:54,6.85,--,25,17125,买盘
2142,13:04:51,6.85,--,16,10960,买盘
2143,13:04:48,6.85,0.01,82,56170,买盘
2144,13:04:45,6.84,--,155,106020,卖盘
2145,13:04:42,6.84,-0.01,7,4788,卖盘
2146,13:04:39,6.85,0.01,4,2740,买盘
2147,13:04:36,6.84,--,61,41724,卖盘
2148,13:04:33,6.84,-0.01,1,684,卖盘
2149,13:04:30,6.85,--,2,1370,买盘
2150,13:04:27,6.85,0.01,15,10275,买盘
2151,13:04:21,6.84,-0.01,95,64980,卖盘
2152,13:04:18,6.85,0.02,552,378120,买盘
2153,13:04:15,6.83,-0.01,33,22539,卖盘
2154,13:04:12,6.84,--,11,7524,买盘
2155,13:04:09,6.84,--,22,15048,买盘
2156,13:04:06,6.84,0.01,149,101916,买盘
2157,13:04:03,6.83,-0.01,12,8196,卖盘
2158,13:04:00,6.84,--,13,8892,买盘
2159,13:03:57,6.84,--,58,39672,买盘
2160,13:03:54,6.84,0.01,1,684,买盘
2161,13:03:51,6.83,--,3,2049,卖盘
2162,13:03:48,6.83,-0.01,16,10928,卖盘
2163,13:03:45,6.84,--,122,83448,买盘
2164,13:03:42,6.84,-0.01,1458,997272,卖盘
2165,13:03:39,6.85,--,37,25345,卖盘
2166,13:03:36,6.85,-0.01,43,29455,卖盘
2167,13:03:30,6.86,-0.01,17,11662,中性盘
2168,13:03:24,6.87,0.01,373,256251,买盘
2169,13:03:21,6.86,0.01,582,399252,买盘
2170,13:03:18,6.85,--,1,685,卖盘
2171,13:03:12,6.85,--,1,685,卖盘
2172,13:03:09,6.85,--,110,75350,买盘
2173,13:03:06,6.85,0.01,69,47265,买盘
2174,13:03:03,6.84,-0.01,84,57456,卖盘
2175,13:03:00,6.85,--,83,56855,卖盘
2176,13:02:57,6.85,--,1,685,卖盘
2177,13:02:54,6.85,--,17,11645,卖盘
2178,13:02:51,6.85,--,128,87680,卖盘
2179,13:02:48,6.85,-0.01,5,3425,卖盘
2180,13:02:42,6.86,-0.01,19,13034,卖盘
2181,13:02:39,6.87,0.01,32,21984,买盘
2182,13:02:36,6.86,--,60,41160,卖盘
2183,13:02:33,6.86,-0.01,6,4116,卖盘
2184,13:02:30,6.87,0.01,37,25419,买盘
2185,13:02:27,6.86,0.01,31,21266,卖盘
2186,13:02:24,6.85,-0.01,800,548000,卖盘
2187,13:02:21,6.86,0.01,45,30870,买盘
2188,13:02:18,6.85,-0.01,5,3425,卖盘
2189,13:02:15,6.86,--,2,1372,买盘
2190,13:02:12,6.86,--,91,62426,买盘
2191,13:02:09,6.86,--,52,35672,买盘
2192,13:02:06,6.86,--,33,22638,买盘
2193,13:02:03,6.86,--,82,56252,买盘
2194,13:02:00,6.86,--,5,3430,买盘
2195,13:01:57,6.86,--,104,71344,买盘
2196,13:01:54,6.86,--,2,1372,买盘
2197,13:01:51,6.86,0.01,6,4116,买盘
2198,13:01:48,6.85,--,3,2055,卖盘
2199,13:01:45,6.85,-0.01,15,10275,卖盘
2200,13:01:42,6.86,0.01,1,686,卖盘
2201,13:01:39,6.85,-0.02,98,67130,卖盘
2202,13:01:36,6.87,--,15,10305,买盘
2203,13:01:33,6.87,0.01,16,10992,买盘
2204,13:01:30,6.86,0.01,1,686,中性盘
2205,13:01:27,6.85,-0.02,115,78775,卖盘
2206,13:01:24,6.87,0.02,643,441741,买盘
2207,13:01:21,6.85,-0.01,18,12330,卖盘
2208,13:01:18,6.86,--,2,1372,卖盘
2209,13:01:15,6.86,-0.01,16,10976,中性盘
2210,13:01:12,6.87,0.01,106,72822,买盘
2211,13:01:09,6.86,-0.01,28,19208,卖盘
2212,13:01:06,6.87,0.01,32,21984,买盘
2213,13:01:03,6.86,--,16,10976,卖盘
2214,13:01:00,6.86,--,6,4116,卖盘
2215,13:00:57,6.86,-0.01,373,255878,卖盘
2216,13:00:54,6.87,0.01,3,2061,买盘
2217,13:00:51,6.86,--,68,46648,卖盘
2218,13:00:48,6.86,-0.01,2,1372,卖盘
2219,13:00:45,6.87,0.01,6,4122,买盘
2220,13:00:42,6.86,--,18,12348,卖盘
2221,13:00:39,6.86,-0.01,13,8918,卖盘
2222,13:00:36,6.87,--,32,21984,买盘
2223,13:00:33,6.87,--,7,4809,买盘
2224,13:00:30,6.87,0.01,136,93432,买盘
2225,13:00:27,6.86,--,1,686,卖盘
2226,13:00:24,6.86,--,107,73402,买盘
2227,13:00:21,6.86,0.01,112,76832,买盘
2228,13:00:18,6.85,--,26,17810,卖盘
2229,13:00:15,6.85,--,1,685,卖盘
2230,13:00:09,6.85,--,133,91105,卖盘
2231,13:00:06,6.85,--,371,254135,卖盘
2232,13:00:03,6.85,0.01,3934,2695036,买盘
2233,13:00:00,6.84,--,0,0,卖盘
2234,11:30:00,6.84,-0.01,22,15048,卖盘
2235,11:29:57,6.85,--,4838,3314030,卖盘
2236,11:29:54,6.85,-0.01,11,7535,卖盘
2237,11:29:51,6.86,0.01,1,686,买盘
2238,11:29:48,6.85,--,28,19180,卖盘
2239,11:29:45,6.85,--,142,97270,卖盘
2240,11:29:42,6.85,--,8,5480,卖盘
2241,11:29:39,6.85,-0.01,7,4795,卖盘
2242,11:29:36,6.86,0.01,23,15778,买盘
2243,11:29:33,6.85,-0.01,80,54800,卖盘
2244,11:29:30,6.86,-0.01,19,13034,卖盘
2245,11:29:27,6.87,0.01,783,537921,买盘
2246,11:29:24,6.86,--,102,70232,卖盘
2247,11:29:18,6.86,--,22,15092,卖盘
2248,11:29:15,6.86,--,114,78629,买盘
2249,11:29:12,6.86,--,292,200572,卖盘
2250,11:29:09,6.86,--,16,10976,卖盘
2251,11:29:06,6.86,--,1,686,卖盘
2252,11:29:03,6.86,--,1,686,卖盘
2253,11:29:00,6.86,-0.01,12,8232,卖盘
2254,11:28:57,6.87,0.01,3,2061,买盘
2255,11:28:54,6.86,-0.01,502,344372,卖盘
2256,11:28:51,6.87,0.01,15,10305,买盘
2257,11:28:48,6.86,-0.01,3,2058,卖盘
2258,11:28:45,6.87,0.01,30,20610,买盘
2259,11:28:42,6.86,-0.01,1,686,卖盘
2260,11:28:39,6.87,0.01,17,11679,买盘
2261,11:28:36,6.86,-0.01,11,7546,卖盘
2262,11:28:30,6.87,--,519,356553,买盘
2263,11:28:27,6.87,0.01,262,179994,买盘
2264,11:28:24,6.86,--,231,158891,买盘
2265,11:28:21,6.86,0.01,187,128282,买盘
2266,11:28:18,6.85,-0.01,14,9590,卖盘
2267,11:28:15,6.86,0.01,131,89866,买盘
2268,11:28:12,6.85,-0.01,33,22605,卖盘
2269,11:28:09,6.86,-0.01,3140,2154588,卖盘
2270,11:28:06,6.87,--,61,41907,买盘
2271,11:28:00,6.87,0.01,35,24045,买盘
2272,11:27:57,6.86,-0.01,11,7546,卖盘
2273,11:27:54,6.87,--,66,45342,买盘
2274,11:27:51,6.87,--,18,12366,卖盘
2275,11:27:48,6.87,-0.01,3,2061,卖盘
2276,11:27:45,6.88,--,1717,1181296,卖盘
2277,11:27:42,6.88,--,12,8256,卖盘
2278,11:27:39,6.88,0.01,320,220160,买盘
2279,11:27:36,6.87,--,226,155262,买盘
2280,11:27:33,6.87,--,771,529677,卖盘
2281,11:27:30,6.87,-0.01,635,436245,卖盘
2282,11:27:27,6.88,0.01,251,172688,买盘
2283,11:27:24,6.87,--,31,21297,卖盘
2284,11:27:21,6.87,-0.01,15,10305,卖盘
2285,11:27:18,6.88,--,72,49536,买盘
2286,11:27:15,6.88,--,29,19952,买盘
2287,11:27:12,6.88,0.01,133,91504,买盘
2288,11:27:09,6.87,--,29,19923,卖盘
2289,11:27:06,6.87,--,5,3435,卖盘
2290,11:27:00,6.87,--,28,19236,卖盘
2291,11:26:57,6.87,-0.01,411,282357,卖盘
2292,11:26:54,6.88,0.01,30,20640,买盘
2293,11:26:51,6.87,--,11,7557,卖盘
2294,11:26:48,6.87,--,5,3435,卖盘
2295,11:26:45,6.87,--,41,28167,卖盘
2296,11:26:42,6.87,-0.01,166,114042,卖盘
2297,11:26:39,6.88,--,200,137875,卖盘
2298,11:26:36,6.88,--,1,688,卖盘
2299,11:26:33,6.88,0.01,573,394636,买盘
2300,11:26:30,6.87,--,4,2748,卖盘
2301,11:26:27,6.87,--,233,160071,卖盘
2302,11:26:24,6.87,-0.01,11,7557,卖盘
2303,11:26:21,6.88,--,98,67424,买盘
2304,11:26:18,6.88,0.01,15,10320,买盘
2305,11:26:15,6.87,-0.01,247,169689,卖盘
2306,11:26:12,6.88,--,682,469216,买盘
2307,11:26:09,6.88,0.01,3,2064,买盘
2308,11:26:06,6.87,-0.01,38,26106,卖盘
2309,11:26:00,6.88,0.01,132,90816,买盘
2310,11:25:57,6.87,--,54,37098,卖盘
2311,11:25:54,6.87,--,102,70074,卖盘
2312,11:25:51,6.87,--,15,10305,卖盘
2313,11:25:48,6.87,-0.01,253,173811,卖盘
2314,11:25:45,6.88,-0.01,118,81184,卖盘
2315,11:25:42,6.89,0.01,295,203255,买盘
2316,11:25:39,6.88,-0.01,3,2064,卖盘
2317,11:25:36,6.89,0.01,54,37206,买盘
2318,11:25:33,6.88,0.01,241,165808,买盘
2319,11:25:30,6.87,--,9,6183,卖盘
2320,11:25:27,6.87,--,2,1374,卖盘
2321,11:25:24,6.87,--,4,2748,卖盘
2322,11:25:21,6.87,-0.01,101,69387,卖盘
2323,11:25:18,6.88,--,34,23392,买盘
2324,11:25:15,6.88,0.01,49,33712,买盘
2325,11:25:12,6.87,--,257,176559,卖盘
2326,11:25:09,6.87,--,47,32289,卖盘
2327,11:25:06,6.87,--,6,4122,卖盘
2328,11:25:00,6.87,--,7,4809,卖盘
2329,11:24:57,6.87,-0.01,188,129156,卖盘
2330,11:24:54,6.88,--,546,375648,卖盘
2331,11:24:51,6.88,--,10,6880,卖盘
2332,11:24:48,6.88,--,3,2064,卖盘
2333,11:24:45,6.88,--,105,72240,卖盘
2334,11:24:42,6.88,-0.01,67,46096,卖盘
2335,11:24:39,6.89,0.01,4,2756,买盘
2336,11:24:36,6.88,--,51,35088,卖盘
2337,11:24:33,6.88,0.01,189,130032,买盘
2338,11:24:30,6.87,--,89,61143,卖盘
2339,11:24:27,6.87,-0.01,6,4122,卖盘
2340,11:24:24,6.88,0.01,38,26144,买盘
2341,11:24:21,6.87,-0.01,5,3435,卖盘
2342,11:24:18,6.88,0.01,438,301344,买盘
2343,11:24:15,6.87,--,289,198543,买盘
2344,11:24:12,6.87,--,181,124347,买盘
2345,11:24:09,6.87,0.01,63,43281,买盘
2346,11:24:06,6.86,-0.01,26,17836,卖盘
2347,11:24:03,6.87,-0.01,93,63891,卖盘
2348,11:24:00,6.88,--,11,7568,买盘
2349,11:23:57,6.88,--,32,22016,买盘
2350,11:23:54,6.88,--,37,25456,买盘
2351,11:23:51,6.88,0.01,7,4816,买盘
2352,11:23:48,6.87,--,65,44655,卖盘
2353,11:23:45,6.87,--,375,257625,卖盘
2354,11:23:42,6.87,-0.01,144,98928,卖盘
2355,11:23:39,6.88,--,93,63984,买盘
2356,11:23:36,6.88,--,643,442384,买盘
2357,11:23:33,6.88,0.01,1407,968016,买盘
2358,11:23:30,6.87,--,31,21297,卖盘
2359,11:23:27,6.87,-0.01,3,2061,卖盘
2360,11:23:24,6.88,0.01,92,63296,买盘
2361,11:23:21,6.87,-0.01,33,22671,卖盘
2362,11:23:18,6.88,--,5,3440,买盘
2363,11:23:15,6.88,0.01,29,19952,买盘
2364,11:23:12,6.87,-0.01,24,16488,中性盘
2365,11:23:09,6.88,--,24,16512,买盘
2366,11:23:06,6.88,0.02,67,46096,买盘
2367,11:23:03,6.86,--,82,56252,卖盘
2368,11:23:00,6.86,--,23,15778,卖盘
2369,11:22:57,6.86,-0.01,121,83006,卖盘
2370,11:22:54,6.87,--,11,7557,卖盘
2371,11:22:51,6.87,--,12,8244,卖盘
2372,11:22:48,6.87,--,176,120912,买盘
2373,11:22:45,6.87,--,186,127782,卖盘
2374,11:22:42,6.87,-0.01,4,2748,卖盘
2375,11:22:39,6.88,--,668,459584,买盘
2376,11:22:36,6.88,0.02,144,99072,买盘
2377,11:22:30,6.86,--,4,2744,卖盘
2378,11:22:27,6.86,--,171,117306,卖盘
2379,11:22:24,6.86,--,700,480200,卖盘
2380,11:22:21,6.86,-0.01,34,23324,卖盘
2381,11:22:18,6.87,0.01,260,178620,买盘
2382,11:22:15,6.86,-0.01,80,54880,卖盘
2383,11:22:12,6.87,--,5,3435,买盘
2384,11:22:09,6.87,0.01,3,2061,买盘
2385,11:22:06,6.86,-0.02,116,79576,卖盘
2386,11:22:00,6.88,0.02,9,6192,买盘
2387,11:21:57,6.86,-0.02,444,304584,卖盘
2388,11:21:54,6.88,--,144,99072,卖盘
2389,11:21:51,6.88,--,211,145168,卖盘
2390,11:21:48,6.88,--,96,66048,卖盘
2391,11:21:45,6.88,--,56,38528,卖盘
2392,11:21:42,6.88,--,108,74304,卖盘
2393,11:21:39,6.88,0.01,320,220297,买盘
2394,11:21:36,6.87,0.01,130,89310,买盘
2395,11:21:33,6.86,-0.01,156,107016,卖盘
2396,11:21:30,6.87,0.01,113,77631,买盘
2397,11:21:27,6.86,-0.02,228,156408,卖盘
2398,11:21:24,6.88,0.01,7,4816,买盘
2399,11:21:21,6.87,-0.01,54,37098,卖盘
2400,11:21:18,6.88,0.01,11,7568,买盘
2401,11:21:15,6.87,--,292,200604,卖盘
2402,11:21:12,6.87,-0.01,12,8244,卖盘
2403,11:21:09,6.88,0.01,361,248368,买盘
2404,11:21:06,6.87,-0.01,133,91371,卖盘
2405,11:21:03,6.88,--,445,306710,卖盘
2406,11:21:00,6.88,--,108,74441,买盘
2407,11:20:57,6.88,--,298,205024,买盘
2408,11:20:54,6.88,--,16,11008,买盘
2409,11:20:51,6.88,--,73,50224,买盘
2410,11:20:48,6.88,--,302,208326,卖盘
2411,11:20:45,6.88,--,31,21328,卖盘
2412,11:20:42,6.88,--,373,256761,买盘
2413,11:20:39,6.88,0.01,154,105952,买盘
2414,11:20:36,6.87,-0.01,2,1374,卖盘
2415,11:20:33,6.88,0.01,15,10320,买盘
2416,11:20:30,6.87,--,97,66639,卖盘
2417,11:20:27,6.87,--,25,17175,卖盘
2418,11:20:24,6.87,-0.01,198,136026,卖盘
2419,11:20:21,6.88,0.01,25,17200,买盘
2420,11:20:18,6.87,-0.01,19,13053,卖盘
2421,11:20:15,6.88,0.01,49,33712,买盘
2422,11:20:12,6.87,-0.01,1,687,卖盘
2423,11:20:09,6.88,0.01,39,26832,买盘
2424,11:20:06,6.87,-0.01,246,169002,卖盘
2425,11:20:03,6.88,0.01,14,9632,买盘
2426,11:20:00,6.87,-0.01,1,687,卖盘
2427,11:19:57,6.88,--,53,36464,买盘
2428,11:19:54,6.88,--,249,171312,买盘
2429,11:19:48,6.88,--,394,271072,卖盘
2430,11:19:45,6.88,--,35,24080,卖盘
2431,11:19:42,6.88,0.01,482,331616,买盘
2432,11:19:39,6.87,--,168,115416,卖盘
2433,11:19:36,6.87,--,1,687,卖盘
2434,11:19:33,6.87,--,125,85875,卖盘
2435,11:19:30,6.87,--,380,261060,买盘
2436,11:19:27,6.87,--,15,10305,买盘
2437,11:19:24,6.87,-0.01,462,317394,卖盘
2438,11:19:21,6.88,0.01,22,15136,买盘
2439,11:19:18,6.87,--,283,194421,卖盘
2440,11:19:15,6.87,--,43,29541,卖盘
2441,11:19:12,6.87,--,127,87249,卖盘
2442,11:19:09,6.87,-0.01,24,16488,卖盘
2443,11:19:06,6.88,0.01,81,55728,买盘
2444,11:19:03,6.87,--,45,30915,卖盘
2445,11:19:00,6.87,--,13,8931,卖盘
2446,11:18:57,6.87,--,8,5496,卖盘
2447,11:18:54,6.87,--,50,34350,卖盘
2448,11:18:51,6.87,--,7,4809,卖盘
2449,11:18:48,6.87,--,62,42594,卖盘
2450,11:18:45,6.87,--,308,211596,卖盘
2451,11:18:42,6.87,--,564,387468,卖盘
2452,11:18:39,6.87,--,235,161445,卖盘
2453,11:18:36,6.87,--,64,43968,卖盘
2454,11:18:33,6.87,--,582,399834,卖盘
2455,11:18:30,6.87,--,422,289914,买盘
2456,11:18:27,6.87,--,17,11679,买盘
2457,11:18:24,6.87,--,25,17175,买盘
2458,11:18:21,6.87,--,216,148392,卖盘
2459,11:18:18,6.87,--,62,42594,卖盘
2460,11:18:15,6.87,--,90,61830,卖盘
2461,11:18:12,6.87,-0.01,52,35724,卖盘
2462,11:18:09,6.88,0.01,81,55728,买盘
2463,11:18:06,6.87,-0.01,22,15114,卖盘
2464,11:18:03,6.88,--,99,68112,买盘
2465,11:17:57,6.88,0.01,88,60544,买盘
2466,11:17:54,6.87,--,61,41907,卖盘
2467,11:17:48,6.87,--,2,1374,卖盘
2468,11:17:45,6.87,--,440,302280,买盘
2469,11:17:42,6.87,0.01,63,43281,买盘
2470,11:17:39,6.86,--,81,55566,卖盘
2471,11:17:36,6.86,--,91,62426,卖盘
2472,11:17:33,6.86,--,9,6174,卖盘
2473,11:17:30,6.86,-0.01,13,8918,卖盘
2474,11:17:27,6.87,--,37,25419,买盘
2475,11:17:24,6.87,--,42,28854,买盘
2476,11:17:21,6.87,0.01,64,43968,买盘
2477,11:17:18,6.86,-0.01,5,3430,卖盘
2478,11:17:15,6.87,--,62,42594,买盘
2479,11:17:12,6.87,0.01,35,24045,买盘
2480,11:17:09,6.86,-0.01,65,44590,卖盘
2481,11:17:06,6.87,--,73,50151,买盘
2482,11:17:03,6.87,--,216,148392,买盘
2483,11:17:00,6.87,0.01,17,11679,买盘
2484,11:16:57,6.86,-0.01,499,342314,卖盘
2485,11:16:54,6.87,--,5,3435,卖盘
2486,11:16:48,6.87,--,70,48090,买盘
2487,11:16:45,6.87,--,304,208848,买盘
2488,11:16:42,6.87,--,64,43968,买盘
2489,11:16:39,6.87,-0.01,494,339378,卖盘
2490,11:16:36,6.88,--,104,71552,买盘
2491,11:16:33,6.88,0.01,6,4128,买盘
2492,11:16:30,6.87,-0.01,53,36411,卖盘
2493,11:16:27,6.88,0.01,23,15824,买盘
2494,11:16:24,6.87,--,18,12366,卖盘
2495,11:16:21,6.87,-0.01,16,10992,卖盘
2496,11:16:18,6.88,0.01,11,7568,买盘
2497,11:16:15,6.87,--,79,54273,卖盘
2498,11:16:12,6.87,-0.01,5,3435,卖盘
2499,11:16:06,6.88,--,112,77056,买盘
2500,11:16:03,6.88,0.01,88,60544,买盘
2501,11:16:00,6.87,-0.01,16,10992,卖盘
2502,11:15:57,6.88,0.01,16,11008,买盘
2503,11:15:54,6.87,--,8,5496,卖盘
2504,11:15:51,6.87,-0.01,147,100989,卖盘
2505,11:15:48,6.88,0.01,633,435504,买盘
2506,11:15:45,6.87,-0.01,63,43281,卖盘
2507,11:15:42,6.88,--,458,315104,买盘
2508,11:15:39,6.88,0.01,198,136224,买盘
2509,11:15:36,6.87,-0.01,1,687,卖盘
2510,11:15:33,6.88,0.01,8,5504,买盘
2511,11:15:30,6.87,-0.01,642,441479,卖盘
2512,11:15:27,6.88,--,120,82560,卖盘
2513,11:15:24,6.88,--,318,218784,卖盘
2514,11:15:21,6.88,--,102,70176,卖盘
2515,11:15:18,6.88,-0.01,11,7568,卖盘
2516,11:15:15,6.89,0.01,31,21359,买盘
2517,11:15:12,6.88,--,28,19264,卖盘
2518,11:15:09,6.88,--,76,52288,卖盘
2519,11:15:06,6.88,-0.01,306,210528,卖盘
2520,11:15:03,6.89,0.01,3,2067,买盘
2521,11:15:00,6.88,-0.01,515,354320,卖盘
2522,11:14:57,6.89,0.01,28,19292,买盘
2523,11:14:54,6.88,--,85,58480,卖盘
2524,11:14:51,6.88,0.01,50,34661,买盘
2525,11:14:48,6.87,--,21,14427,卖盘
2526,11:14:45,6.87,-0.01,103,70761,卖盘
2527,11:14:42,6.88,--,32,22016,买盘
2528,11:14:39,6.88,--,88,60544,买盘
2529,11:14:36,6.88,--,80,55040,买盘
2530,11:14:33,6.88,--,23,15824,买盘
2531,11:14:30,6.88,--,7,4816,买盘
2532,11:14:27,6.88,--,40,27520,买盘
2533,11:14:24,6.88,--,57,39216,买盘
2534,11:14:21,6.88,--,27,19002,卖盘
2535,11:14:18,6.88,-0.01,2,1376,卖盘
2536,11:14:15,6.89,0.01,53,36517,买盘
2537,11:14:12,6.88,-0.01,32,22016,卖盘
2538,11:14:09,6.89,0.01,17,11713,买盘
2539,11:14:06,6.88,-0.01,4,2752,卖盘
2540,11:14:03,6.89,0.01,71,49180,买盘
2541,11:14:00,6.88,--,236,162368,买盘
2542,11:13:57,6.88,0.01,141,97008,买盘
2543,11:13:54,6.87,-0.01,143,98241,卖盘
2544,11:13:51,6.88,0.01,773,531824,买盘
2545,11:13:48,6.87,--,2,1374,卖盘
2546,11:13:45,6.87,-0.01,249,171063,卖盘
2547,11:13:42,6.88,0.01,91,62608,买盘
2548,11:13:39,6.87,--,234,160758,卖盘
2549,11:13:36,6.87,-0.01,209,143583,卖盘
2550,11:13:33,6.88,0.01,453,311664,买盘
2551,11:13:27,6.87,-0.01,28,19236,卖盘
2552,11:13:24,6.88,--,1006,692128,买盘
2553,11:13:21,6.88,0.01,382,262816,买盘
2554,11:13:18,6.87,-0.02,1162,798719,卖盘
2555,11:13:15,6.89,0.01,33,22737,买盘
2556,11:13:12,6.88,--,5,3440,卖盘
2557,11:13:09,6.88,-0.01,13,8944,卖盘
2558,11:13:06,6.89,-0.01,97,66833,卖盘
2559,11:13:03,6.9,--,50,34500,买盘
2560,11:13:00,6.9,0.02,76,52440,买盘
2561,11:12:57,6.88,-0.01,151,103888,卖盘
2562,11:12:54,6.89,--,771,531219,买盘
2563,11:12:51,6.89,0.01,208,143312,买盘
2564,11:12:48,6.88,-0.01,1,688,卖盘
2565,11:12:45,6.89,--,134,92326,买盘
2566,11:12:42,6.89,--,287,197743,买盘
2567,11:12:36,6.89,--,106,73034,买盘
2568,11:12:33,6.89,--,207,142623,买盘
2569,11:12:30,6.89,0.01,30,20670,买盘
2570,11:12:27,6.88,--,195,134160,卖盘
2571,11:12:24,6.88,--,26,17888,卖盘
2572,11:12:21,6.88,-0.01,13,8944,卖盘
2573,11:12:18,6.89,0.01,4,2756,买盘
2574,11:12:15,6.88,-0.01,932,641615,卖盘
2575,11:12:12,6.89,--,32,22048,买盘
2576,11:12:09,6.89,0.01,150,103350,买盘
2577,11:12:06,6.88,-0.01,87,59856,卖盘
2578,11:12:03,6.89,--,243,167427,买盘
2579,11:12:00,6.89,0.01,226,155714,买盘
2580,11:11:57,6.88,-0.01,218,149984,卖盘
2581,11:11:54,6.89,0.01,782,538798,买盘
2582,11:11:51,6.88,--,9,6192,卖盘
2583,11:11:48,6.88,--,274,188512,卖盘
2584,11:11:45,6.88,--,121,83248,卖盘
2585,11:11:42,6.88,--,2,1376,卖盘
2586,11:11:39,6.88,--,395,271760,卖盘
2587,11:11:36,6.88,--,24,16512,卖盘
2588,11:11:33,6.88,-0.01,86,59168,卖盘
2589,11:11:30,6.89,0.01,32,22048,买盘
2590,11:11:27,6.88,-0.01,19,13072,卖盘
2591,11:11:24,6.89,--,118,81302,买盘
2592,11:11:21,6.89,0.01,26,17914,买盘
2593,11:11:18,6.88,-0.01,43,29584,卖盘
2594,11:11:15,6.89,0.01,32,22048,买盘
2595,11:11:12,6.88,--,134,92192,卖盘
2596,11:11:09,6.88,--,52,35776,卖盘
2597,11:11:06,6.88,--,84,57792,卖盘
2598,11:11:03,6.88,--,609,418992,卖盘
2599,11:11:00,6.88,-0.01,171,117648,卖盘
2600,11:10:57,6.89,0.01,750,516750,买盘
2601,11:10:54,6.88,-0.01,32,22016,卖盘
2602,11:10:51,6.89,--,15,10335,买盘
2603,11:10:48,6.89,--,12,8268,买盘
2604,11:10:45,6.89,--,172,118508,买盘
2605,11:10:42,6.89,--,137,94393,买盘
2606,11:10:39,6.89,0.01,20,13780,买盘
2607,11:10:36,6.88,-0.01,6,4128,卖盘
2608,11:10:33,6.89,0.01,291,200499,买盘
2609,11:10:27,6.88,-0.01,13,8944,卖盘
2610,11:10:24,6.89,--,12,8268,买盘
2611,11:10:21,6.89,--,82,56498,买盘
2612,11:10:18,6.89,--,23,15847,买盘
2613,11:10:15,6.89,--,56,38584,买盘
2614,11:10:12,6.89,0.01,20,13780,买盘
2615,11:10:09,6.88,-0.01,301,207088,卖盘
2616,11:10:06,6.89,--,208,143312,卖盘
2617,11:10:03,6.89,--,28,19292,买盘
2618,11:10:00,6.89,--,387,266643,买盘
2619,11:09:57,6.89,-0.01,930,640770,卖盘
2620,11:09:54,6.9,0.01,76,52440,买盘
2621,11:09:51,6.89,-0.01,56,38584,卖盘
2622,11:09:48,6.9,0.01,237,163530,买盘
2623,11:09:45,6.89,--,122,84058,卖盘
2624,11:09:42,6.89,-0.01,43,29627,卖盘
2625,11:09:36,6.9,0.01,34,23460,买盘
2626,11:09:33,6.89,-0.01,145,99905,卖盘
2627,11:09:30,6.9,--,3,2070,买盘
2628,11:09:27,6.9,0.01,16,11040,买盘
2629,11:09:24,6.89,-0.01,11,7579,卖盘
2630,11:09:21,6.9,--,5,3450,买盘
2631,11:09:18,6.9,--,30,20700,卖盘
2632,11:09:15,6.9,--,36,24840,卖盘
2633,11:09:12,6.9,0.01,20,13800,中性盘
2634,11:09:09,6.89,-0.02,149,102661,卖盘
2635,11:09:06,6.91,0.01,41,28331,买盘
2636,11:09:03,6.9,--,338,233220,卖盘
2637,11:09:00,6.9,--,486,335340,买盘
2638,11:08:57,6.9,--,48,33120,买盘
2639,11:08:54,6.9,--,137,94530,买盘
2640,11:08:51,6.9,--,105,72450,买盘
2641,11:08:48,6.9,0.01,3,2070,买盘
2642,11:08:45,6.89,--,59,40651,卖盘
2643,11:08:39,6.89,0.01,737,507793,买盘
2644,11:08:36,6.88,-0.01,35,24080,卖盘
2645,11:08:33,6.89,--,95,65455,买盘
2646,11:08:30,6.89,--,40,27560,买盘
2647,11:08:27,6.89,--,75,51675,买盘
2648,11:08:24,6.89,--,108,74412,买盘
2649,11:08:21,6.89,0.01,11,7579,买盘
2650,11:08:18,6.88,--,170,116960,卖盘
2651,11:08:15,6.88,-0.01,80,55040,卖盘
2652,11:08:12,6.89,--,220,151580,买盘
2653,11:08:09,6.89,0.01,142,97838,买盘
2654,11:08:06,6.88,-0.01,104,71552,卖盘
2655,11:08:03,6.89,--,840,578760,买盘
2656,11:08:00,6.89,0.01,230,158470,买盘
2657,11:07:57,6.88,-0.01,268,184384,卖盘
2658,11:07:54,6.89,--,997,686933,买盘
2659,11:07:51,6.89,--,122,84058,买盘
2660,11:07:48,6.89,0.01,63,43407,买盘
2661,11:07:45,6.88,-0.01,245,168560,卖盘
2662,11:07:42,6.89,--,40,27560,买盘
2663,11:07:39,6.89,--,81,55809,买盘
2664,11:07:36,6.89,--,71,48919,买盘
2665,11:07:33,6.89,0.01,4,2756,买盘
2666,11:07:30,6.88,--,84,57792,卖盘
2667,11:07:27,6.88,--,2,1376,卖盘
2668,11:07:24,6.88,-0.01,12,8256,卖盘
2669,11:07:21,6.89,--,35,24115,买盘
2670,11:07:18,6.89,0.01,1,689,买盘
2671,11:07:15,6.88,-0.01,68,46784,卖盘
2672,11:07:12,6.89,--,45,31005,买盘
2673,11:07:09,6.89,0.01,102,70278,买盘
2674,11:07:06,6.88,-0.01,140,96320,卖盘
2675,11:07:03,6.89,0.01,723,498147,买盘
2676,11:07:00,6.88,-0.01,135,92880,卖盘
2677,11:06:57,6.89,--,46,31694,买盘
2678,11:06:54,6.89,--,163,112307,买盘
2679,11:06:51,6.89,--,303,208767,买盘
2680,11:06:48,6.89,--,616,424424,买盘
2681,11:06:45,6.89,0.01,265,182585,买盘
2682,11:06:42,6.88,--,4,2752,卖盘
2683,11:06:39,6.88,--,13,8944,卖盘
2684,11:06:36,6.88,-0.01,52,35776,卖盘
2685,11:06:33,6.89,--,197,135733,买盘
2686,11:06:30,6.89,0.01,81,55809,买盘
2687,11:06:27,6.88,--,556,382528,卖盘
2688,11:06:24,6.88,--,7,4816,卖盘
2689,11:06:21,6.88,--,182,125216,卖盘
2690,11:06:18,6.88,--,116,79808,卖盘
2691,11:06:15,6.88,-0.01,71,48848,卖盘
2692,11:06:09,6.89,0.01,55,37895,买盘
2693,11:06:06,6.88,-0.01,103,70864,卖盘
2694,11:06:03,6.89,--,702,483678,买盘
2695,11:06:00,6.89,0.01,26,17914,买盘
2696,11:05:57,6.88,-0.02,1261,867568,卖盘
2697,11:05:54,6.9,--,154,106260,卖盘
2698,11:05:51,6.9,--,73,50370,买盘
2699,11:05:48,6.9,0.01,65,44850,买盘
2700,11:05:45,6.89,-0.01,135,93015,卖盘
2701,11:05:42,6.9,--,153,105570,卖盘
2702,11:05:39,6.9,--,36,24840,卖盘
2703,11:05:36,6.9,-0.01,62,42780,卖盘
2704,11:05:33,6.91,0.02,6,4146,买盘
2705,11:05:30,6.89,-0.01,106,73034,卖盘
2706,11:05:27,6.9,-0.01,103,71070,卖盘
2707,11:05:24,6.91,0.01,200,138200,买盘
2708,11:05:21,6.9,--,1212,836280,卖盘
2709,11:05:18,6.9,--,2,1380,卖盘
2710,11:05:15,6.9,-0.01,50,34500,卖盘
2711,11:05:12,6.91,--,58,40078,买盘
2712,11:05:09,6.91,--,79,54589,买盘
2713,11:05:06,6.91,0.01,649,448459,买盘
2714,11:05:03,6.9,0.01,76,52440,中性盘
2715,11:04:57,6.89,-0.02,193,132977,卖盘
2716,11:04:51,6.91,0.01,1703,1176773,买盘
2717,11:04:48,6.9,0.01,156,107640,买盘
2718,11:04:45,6.89,--,59,40651,卖盘
2719,11:04:42,6.89,--,21,14469,卖盘
2720,11:04:39,6.89,--,43,29627,卖盘
2721,11:04:36,6.89,-0.01,31,21359,卖盘
2722,11:04:33,6.9,0.01,11,7590,买盘
2723,11:04:30,6.89,--,31,21359,卖盘
2724,11:04:27,6.89,-0.01,123,84747,卖盘
2725,11:04:24,6.9,--,1,690,买盘
2726,11:04:21,6.9,--,229,158010,买盘
2727,11:04:18,6.9,--,78,53820,买盘
2728,11:04:15,6.9,--,60,41400,买盘
2729,11:04:12,6.9,--,26,17940,买盘
2730,11:04:09,6.9,--,711,490590,买盘
2731,11:04:06,6.9,0.01,27,18630,买盘
2732,11:04:03,6.89,--,40,27560,卖盘
2733,11:04:00,6.89,-0.01,72,49608,卖盘
2734,11:03:57,6.9,--,89,61410,买盘
2735,11:03:54,6.9,--,24,16560,买盘
2736,11:03:51,6.9,0.01,170,117300,买盘
2737,11:03:48,6.89,--,105,72345,卖盘
2738,11:03:45,6.89,--,97,66833,卖盘
2739,11:03:42,6.89,--,222,152958,买盘
2740,11:03:39,6.89,--,169,116441,卖盘
2741,11:03:36,6.89,--,52,35828,卖盘
2742,11:03:33,6.89,--,193,132977,卖盘
2743,11:03:30,6.89,-0.01,12,8268,卖盘
2744,11:03:27,6.9,0.01,77,53130,买盘
2745,11:03:24,6.89,--,1,689,卖盘
2746,11:03:21,6.89,0.01,244,168116,买盘
2747,11:03:18,6.88,--,74,50912,卖盘
2748,11:03:15,6.88,-0.01,82,56416,卖盘
2749,11:03:12,6.89,--,618,425802,买盘
2750,11:03:09,6.89,0.01,723,498147,买盘
2751,11:03:06,6.88,--,22,15136,卖盘
2752,11:03:03,6.88,-0.01,9,6192,卖盘
2753,11:03:00,6.89,0.01,152,104728,买盘
2754,11:02:57,6.88,-0.01,2009,1382192,卖盘
2755,11:02:54,6.89,--,159,109551,买盘
2756,11:02:51,6.89,--,421,290069,买盘
2757,11:02:48,6.89,0.01,14,9646,买盘
2758,11:02:45,6.88,--,114,78432,卖盘
2759,11:02:42,6.88,-0.01,64,44032,卖盘
2760,11:02:39,6.89,--,10,6890,买盘
2761,11:02:36,6.89,0.01,17,11713,买盘
2762,11:02:33,6.88,-0.01,30,20640,卖盘
2763,11:02:30,6.89,--,20,13780,买盘
2764,11:02:27,6.89,--,273,188097,买盘
2765,11:02:24,6.89,--,308,212212,买盘
2766,11:02:21,6.89,-0.02,1717,1183013,卖盘
2767,11:02:18,6.91,0.02,48,33168,买盘
2768,11:02:15,6.89,-0.02,281,193609,卖盘
2769,11:02:12,6.91,0.02,309,213519,买盘
2770,11:02:09,6.89,--,110,75790,卖盘
2771,11:02:06,6.89,-0.01,91,62699,卖盘
2772,11:02:03,6.9,0.01,5,3450,买盘
2773,11:02:00,6.89,-0.02,63,43407,卖盘
2774,11:01:57,6.91,0.01,414,286074,买盘
2775,11:01:51,6.9,--,764,527160,买盘
2776,11:01:48,6.9,0.01,124,85560,买盘
2777,11:01:45,6.89,-0.01,47,32383,卖盘
2778,11:01:42,6.9,--,76,52440,买盘
2779,11:01:39,6.9,0.01,77,53130,买盘
2780,11:01:36,6.89,-0.01,209,144001,卖盘
2781,11:01:33,6.9,--,35,24150,买盘
2782,11:01:30,6.9,--,38,26220,买盘
2783,11:01:27,6.9,0.01,77,53130,买盘
2784,11:01:24,6.89,-0.01,1,689,卖盘
2785,11:01:21,6.9,0.01,15,10350,买盘
2786,11:01:18,6.89,--,32,22048,卖盘
2787,11:01:15,6.89,0.01,74,50986,卖盘
2788,11:01:12,6.88,-0.01,276,189888,卖盘
2789,11:01:09,6.89,0.01,22,15158,买盘
2790,11:01:06,6.88,-0.01,65,44720,卖盘
2791,11:01:03,6.89,--,119,81991,买盘
2792,11:01:00,6.89,0.01,5,3445,买盘
2793,11:00:57,6.88,-0.01,73,50224,卖盘
2794,11:00:51,6.89,--,103,70967,买盘
2795,11:00:48,6.89,--,19,13091,买盘
2796,11:00:45,6.89,--,569,392041,买盘
2797,11:00:42,6.89,--,15,10335,买盘
2798,11:00:39,6.89,0.01,64,44096,买盘
2799,11:00:36,6.88,-0.01,299,205712,卖盘
2800,11:00:33,6.89,0.01,37,25493,买盘
2801,11:00:30,6.88,--,171,117648,卖盘
2802,11:00:27,6.88,--,4,2752,卖盘
2803,11:00:24,6.88,-0.01,87,59856,卖盘
2804,11:00:21,6.89,--,58,39962,买盘
2805,11:00:18,6.89,--,43,29627,买盘
2806,11:00:15,6.89,--,875,602875,买盘
2807,11:00:12,6.89,-0.01,3066,2112474,卖盘
2808,11:00:06,6.9,--,51,35190,买盘
2809,11:00:03,6.9,0.01,378,260820,买盘
2810,11:00:00,6.89,-0.01,35,24115,卖盘
2811,10:59:57,6.9,--,61,42090,买盘
2812,10:59:54,6.9,--,18,12420,买盘
2813,10:59:51,6.9,--,67,46230,买盘
2814,10:59:48,6.9,--,632,436080,卖盘
2815,10:59:45,6.9,-0.01,71,48990,卖盘
2816,10:59:42,6.91,0.01,144,99504,买盘
2817,10:59:39,6.9,--,153,105570,卖盘
2818,10:59:36,6.9,-0.01,35,24150,卖盘
2819,10:59:33,6.91,0.01,14,9674,买盘
2820,10:59:27,6.9,--,165,113850,卖盘
2821,10:59:24,6.9,--,73,50370,卖盘
2822,10:59:21,6.9,--,23,15870,卖盘
2823,10:59:18,6.9,0.01,25,17250,卖盘
2824,10:59:15,6.89,-0.01,104,71656,卖盘
2825,10:59:12,6.9,--,115,79350,买盘
2826,10:59:06,6.9,0.01,213,146970,买盘
2827,10:59:03,6.89,-0.01,229,157781,卖盘
2828,10:59:00,6.9,--,60,41400,卖盘
2829,10:58:57,6.9,--,86,59340,买盘
2830,10:58:54,6.9,--,23,15870,买盘
2831,10:58:51,6.9,--,78,53820,买盘
2832,10:58:48,6.9,0.01,16,11040,买盘
2833,10:58:45,6.89,-0.01,88,60632,卖盘
2834,10:58:42,6.9,0.01,74,51060,买盘
2835,10:58:39,6.89,-0.01,424,292136,卖盘
2836,10:58:36,6.9,--,245,169050,买盘
2837,10:58:33,6.9,--,40,27600,买盘
2838,10:58:30,6.9,--,5,3450,买盘
2839,10:58:27,6.9,--,35,24150,买盘
2840,10:58:24,6.9,--,88,60720,买盘
