,time,price,change,volume,amount,type
0,15:00:03,13.71,0.01,8528,11692916,买盘
1,14:57:00,13.7,0.01,26,35620,买盘
2,14:56:57,13.69,--,23,31487,卖盘
3,14:56:54,13.69,-0.01,236,323084,卖盘
4,14:56:51,13.7,--,112,153440,买盘
5,14:56:48,13.7,--,38,52060,买盘
6,14:56:45,13.7,0.01,280,383600,买盘
7,14:56:42,13.69,--,357,488733,卖盘
8,14:56:39,13.69,-0.01,61,83509,卖盘
9,14:56:36,13.7,--,131,179470,买盘
10,14:56:33,13.7,--,23,31510,买盘
11,14:56:30,13.7,--,328,449360,买盘
12,14:56:27,13.7,--,205,280850,买盘
13,14:56:24,13.7,--,159,217830,买盘
14,14:56:21,13.7,--,10,13700,买盘
15,14:56:18,13.7,--,110,150700,买盘
16,14:56:15,13.7,--,88,120560,买盘
17,14:56:12,13.7,--,83,113710,买盘
18,14:56:09,13.7,0.01,86,117820,买盘
19,14:56:06,13.69,--,14,19166,卖盘
20,14:56:03,13.69,-0.01,1062,1453878,卖盘
21,14:56:00,13.7,0.01,48,65760,买盘
22,14:55:57,13.69,-0.01,159,217671,卖盘
23,14:55:51,13.7,--,151,206870,买盘
24,14:55:48,13.7,0.01,58,79460,买盘
25,14:55:45,13.69,-0.01,58,79402,卖盘
26,14:55:42,13.7,--,160,219200,买盘
27,14:55:39,13.7,--,12,16440,买盘
28,14:55:36,13.7,0.01,287,393190,买盘
29,14:55:33,13.69,-0.01,20,27380,卖盘
30,14:55:30,13.7,--,5,6850,买盘
31,14:55:27,13.7,--,21,28770,买盘
32,14:55:24,13.7,--,63,86310,买盘
33,14:55:21,13.7,--,50,68500,买盘
34,14:55:18,13.7,--,25,34250,买盘
35,14:55:15,13.7,--,58,79460,买盘
36,14:55:12,13.7,--,22,30140,买盘
37,14:55:09,13.7,--,25,34250,买盘
38,14:55:06,13.7,--,252,345240,买盘
39,14:55:03,13.7,--,119,163030,买盘
40,14:55:00,13.7,--,34,46580,买盘
41,14:54:57,13.7,--,7,9590,买盘
42,14:54:54,13.7,--,203,278110,买盘
43,14:54:51,13.7,0.01,461,631570,买盘
44,14:54:48,13.69,-0.01,100,136900,卖盘
45,14:54:45,13.7,--,204,279480,买盘
46,14:54:42,13.7,0.01,4,5480,买盘
47,14:54:39,13.69,-0.01,43,58867,卖盘
48,14:54:36,13.7,0.01,98,134260,买盘
49,14:54:33,13.69,-0.02,79,108151,卖盘
50,14:54:30,13.71,0.01,103,141213,买盘
51,14:54:27,13.7,--,32,43840,买盘
52,14:54:24,13.7,--,19,26030,买盘
53,14:54:21,13.7,0.01,32,43840,中性盘
54,14:54:18,13.69,-0.01,214,292966,卖盘
55,14:54:15,13.7,-0.01,67,91790,卖盘
56,14:54:12,13.71,0.01,65,89115,买盘
57,14:54:09,13.7,-0.01,167,228790,卖盘
58,14:54:06,13.71,0.01,53,72663,买盘
59,14:54:03,13.7,--,623,853510,卖盘
60,14:54:00,13.7,--,55,75350,卖盘
61,14:53:57,13.7,--,22,30140,卖盘
62,14:53:54,13.7,--,10,13700,卖盘
63,14:53:51,13.7,--,578,791860,卖盘
64,14:53:48,13.7,--,59,80830,卖盘
65,14:53:45,13.7,-0.01,308,421960,卖盘
66,14:53:42,13.71,0.01,93,127503,买盘
67,14:53:39,13.7,--,1044,1430280,卖盘
68,14:53:33,13.7,-0.01,2,2740,卖盘
69,14:53:30,13.71,--,9,12339,买盘
70,14:53:27,13.71,--,15,20565,买盘
71,14:53:24,13.71,0.01,220,301620,买盘
72,14:53:21,13.7,--,5,6850,卖盘
73,14:53:18,13.7,-0.01,392,537040,卖盘
74,14:53:15,13.71,--,135,185085,买盘
75,14:53:12,13.71,--,583,799293,买盘
76,14:53:09,13.71,--,41,56211,买盘
77,14:53:06,13.71,--,7,9597,买盘
78,14:53:03,13.71,0.01,143,196053,买盘
79,14:53:00,13.7,-0.01,39,53430,卖盘
80,14:52:57,13.71,0.01,108,148068,买盘
81,14:52:54,13.7,-0.01,12,16440,卖盘
82,14:52:51,13.71,0.01,416,570336,买盘
83,14:52:48,13.7,-0.01,186,254820,卖盘
84,14:52:45,13.71,--,64,87744,买盘
85,14:52:42,13.71,--,703,963813,买盘
86,14:52:36,13.71,--,174,238554,买盘
87,14:52:33,13.71,--,5,6855,买盘
88,14:52:30,13.71,--,426,584046,买盘
89,14:52:27,13.71,--,12,16452,买盘
90,14:52:24,13.71,0.01,188,257748,买盘
91,14:52:21,13.7,-0.01,127,175003,卖盘
92,14:52:18,13.71,--,80,109680,卖盘
93,14:52:15,13.71,-0.01,567,777713,卖盘
94,14:52:12,13.72,0.01,7,9604,买盘
95,14:52:09,13.71,--,20,27420,卖盘
96,14:52:06,13.71,--,21,28791,卖盘
97,14:52:03,13.71,-0.01,3,4113,卖盘
98,14:52:00,13.72,0.01,69,94668,买盘
99,14:51:57,13.71,--,3,4113,卖盘
100,14:51:54,13.71,--,28,38388,卖盘
101,14:51:51,13.71,--,18,24678,卖盘
102,14:51:48,13.71,--,22,30162,卖盘
103,14:51:45,13.71,--,14,19194,卖盘
104,14:51:42,13.71,--,62,85002,卖盘
105,14:51:39,13.71,--,68,93228,卖盘
106,14:51:36,13.71,--,30,41130,卖盘
107,14:51:33,13.71,--,107,146697,卖盘
108,14:51:30,13.71,-0.01,62,85002,卖盘
109,14:51:27,13.72,--,50,68600,买盘
110,14:51:24,13.72,0.01,67,91924,买盘
111,14:51:21,13.71,--,26,35646,买盘
112,14:51:18,13.71,--,252,345492,卖盘
113,14:51:15,13.71,--,70,95970,卖盘
114,14:51:12,13.71,--,72,98712,卖盘
115,14:51:09,13.71,--,138,189198,卖盘
116,14:51:03,13.71,--,99,135729,卖盘
117,14:51:00,13.71,-0.01,27,37017,卖盘
118,14:50:57,13.72,0.01,50,68600,买盘
119,14:50:54,13.71,--,529,725259,买盘
120,14:50:51,13.71,0.01,16,21936,中性盘
121,14:50:48,13.7,-0.01,45,61650,卖盘
122,14:50:45,13.71,0.01,324,444204,买盘
123,14:50:42,13.7,--,175,239750,卖盘
124,14:50:39,13.7,-0.01,59,80830,卖盘
125,14:50:36,13.71,--,588,806148,买盘
126,14:50:33,13.71,--,20,27420,买盘
127,14:50:30,13.71,--,109,149439,买盘
128,14:50:27,13.71,0.01,5,6855,买盘
129,14:50:24,13.7,-0.01,71,97270,卖盘
130,14:50:21,13.71,--,259,355089,买盘
131,14:50:18,13.71,0.01,255,349605,买盘
132,14:50:15,13.7,-0.01,10,13700,卖盘
133,14:50:12,13.71,--,46,63066,买盘
134,14:50:09,13.71,--,310,425010,买盘
135,14:50:06,13.71,0.01,83,113793,买盘
136,14:50:03,13.7,-0.01,19,26030,卖盘
137,14:50:00,13.71,--,4,5484,买盘
138,14:49:57,13.71,--,121,165891,买盘
139,14:49:54,13.71,--,29,39759,买盘
140,14:49:51,13.71,--,4,5484,买盘
141,14:49:48,13.71,-0.01,279,382509,卖盘
142,14:49:45,13.72,0.01,46,63112,买盘
143,14:49:42,13.71,--,339,464769,卖盘
144,14:49:39,13.71,--,433,593643,买盘
145,14:49:36,13.71,0.01,63,86373,买盘
146,14:49:33,13.7,--,52,71240,卖盘
147,14:49:30,13.7,-0.02,17,23290,卖盘
148,14:49:27,13.72,0.01,230,315560,买盘
149,14:49:24,13.71,--,24,32904,买盘
150,14:49:21,13.71,--,5,6855,买盘
151,14:49:18,13.71,--,488,669048,买盘
152,14:49:15,13.71,--,53,72663,买盘
153,14:49:12,13.71,--,42,57582,买盘
154,14:49:09,13.71,--,785,1076235,卖盘
155,14:49:06,13.71,-0.01,2,2742,卖盘
156,14:49:03,13.72,--,322,441784,买盘
157,14:49:00,13.72,--,2,2744,买盘
158,14:48:57,13.72,0.01,10,13720,买盘
159,14:48:54,13.71,-0.01,43,58953,卖盘
160,14:48:51,13.72,0.01,309,423948,买盘
161,14:48:48,13.71,-0.01,33,45243,卖盘
162,14:48:45,13.72,--,11,15092,买盘
163,14:48:42,13.72,0.01,3,4116,买盘
164,14:48:39,13.71,-0.01,178,244038,卖盘
165,14:48:36,13.72,--,102,139944,买盘
166,14:48:33,13.72,0.01,50,68600,买盘
167,14:48:30,13.71,-0.01,184,252264,卖盘
168,14:48:27,13.72,--,16,21952,买盘
169,14:48:24,13.72,--,20,27440,买盘
170,14:48:21,13.72,0.01,12,16464,买盘
171,14:48:18,13.71,-0.01,413,566223,卖盘
172,14:48:12,13.72,0.01,9,12348,买盘
173,14:48:09,13.71,-0.01,182,249522,卖盘
174,14:48:06,13.72,0.01,2,2744,买盘
175,14:48:03,13.71,--,36,49356,卖盘
176,14:48:00,13.71,--,6,8226,卖盘
177,14:47:57,13.71,--,10,13710,卖盘
178,14:47:54,13.71,--,42,57582,卖盘
179,14:47:48,13.71,-0.01,111,152181,卖盘
180,14:47:42,13.72,--,53,72716,买盘
181,14:47:39,13.72,--,39,53508,买盘
182,14:47:33,13.72,0.01,596,817712,买盘
183,14:47:30,13.71,--,37,50727,卖盘
184,14:47:27,13.71,--,100,137100,卖盘
185,14:47:21,13.71,-0.01,194,265974,卖盘
186,14:47:18,13.72,0.01,73,100156,买盘
187,14:47:15,13.71,-0.01,9,12339,卖盘
188,14:47:12,13.72,--,403,552916,买盘
189,14:47:09,13.72,--,474,650328,买盘
190,14:47:06,13.72,0.01,11,15092,中性盘
191,14:47:03,13.71,--,216,296136,卖盘
192,14:46:57,13.71,-0.02,146,200166,卖盘
193,14:46:51,13.73,--,33,45309,买盘
194,14:46:48,13.73,--,22,30206,买盘
195,14:46:45,13.73,0.01,1,1373,买盘
196,14:46:42,13.72,0.01,4,5488,中性盘
197,14:46:39,13.71,--,239,327669,卖盘
198,14:46:36,13.71,--,68,93228,卖盘
199,14:46:33,13.71,--,1,1371,卖盘
200,14:46:30,13.71,--,56,76776,卖盘
201,14:46:27,13.71,-0.01,7,9597,卖盘
202,14:46:24,13.72,--,113,155036,买盘
203,14:46:21,13.72,-0.01,11,15092,中性盘
204,14:46:18,13.73,--,534,733182,买盘
205,14:46:15,13.73,--,518,711214,买盘
206,14:46:12,13.73,--,3,4119,买盘
207,14:46:09,13.73,0.01,12,16476,买盘
208,14:46:06,13.72,--,9,12348,卖盘
209,14:46:03,13.72,-0.01,323,443156,卖盘
210,14:46:00,13.73,--,33,45309,买盘
211,14:45:57,13.73,0.01,2,2746,买盘
212,14:45:54,13.72,-0.01,328,450016,卖盘
213,14:45:51,13.73,--,1,1373,买盘
214,14:45:48,13.73,--,37,50801,买盘
215,14:45:45,13.73,--,10,13730,买盘
216,14:45:42,13.73,0.01,4,5492,买盘
217,14:45:36,13.72,--,29,39788,卖盘
218,14:45:30,13.72,-0.01,2,2744,卖盘
219,14:45:18,13.73,-0.01,143,196339,卖盘
220,14:45:15,13.74,--,170,233580,买盘
221,14:45:12,13.74,--,2,2748,买盘
222,14:45:09,13.74,--,231,317394,买盘
223,14:45:06,13.74,0.01,61,83814,买盘
224,14:45:03,13.73,-0.01,117,160641,卖盘
225,14:45:00,13.74,--,36,49464,买盘
226,14:44:57,13.74,0.01,38,52212,买盘
227,14:44:54,13.73,-0.01,178,244394,卖盘
228,14:44:51,13.74,--,58,79692,买盘
229,14:44:48,13.74,--,25,34350,买盘
230,14:44:45,13.74,--,5,6870,买盘
231,14:44:42,13.74,--,117,160758,买盘
232,14:44:39,13.74,--,58,79692,买盘
233,14:44:33,13.74,--,40,54960,买盘
234,14:44:30,13.74,--,378,519372,买盘
235,14:44:27,13.74,0.01,10,13740,买盘
236,14:44:24,13.73,--,48,65904,卖盘
237,14:44:21,13.73,--,15,20595,卖盘
238,14:44:18,13.73,--,344,472312,卖盘
239,14:44:15,13.73,--,103,141419,买盘
240,14:44:12,13.73,--,175,240275,买盘
241,14:44:09,13.73,--,735,1009155,买盘
242,14:44:06,13.73,--,28,38444,买盘
243,14:44:03,13.73,--,83,113959,买盘
244,14:44:00,13.73,0.01,45,61785,买盘
245,14:43:57,13.72,-0.01,99,135828,卖盘
246,14:43:54,13.73,--,85,116705,买盘
247,14:43:51,13.73,--,191,262243,买盘
248,14:43:48,13.73,--,16,21968,买盘
249,14:43:45,13.73,--,48,65904,买盘
250,14:43:42,13.73,0.01,50,68650,买盘
251,14:43:39,13.72,-0.01,194,266168,卖盘
252,14:43:36,13.73,0.01,84,115332,买盘
253,14:43:33,13.72,--,179,245588,卖盘
254,14:43:30,13.72,-0.01,555,761460,卖盘
255,14:43:27,13.73,0.01,1,1373,买盘
256,14:43:24,13.72,--,49,67228,卖盘
257,14:43:21,13.72,-0.01,195,267540,卖盘
258,14:43:18,13.73,--,15,20595,买盘
259,14:43:15,13.73,--,13,17849,买盘
260,14:43:12,13.73,--,14,19222,买盘
261,14:43:09,13.73,--,28,38444,买盘
262,14:43:06,13.73,0.01,31,42563,买盘
263,14:43:00,13.72,--,39,53508,卖盘
264,14:42:57,13.72,-0.01,34,46648,卖盘
265,14:42:54,13.73,--,59,81007,买盘
266,14:42:51,13.73,0.01,368,505264,买盘
267,14:42:48,13.72,-0.01,69,94668,卖盘
268,14:42:45,13.73,0.01,30,41190,买盘
269,14:42:42,13.72,-0.01,202,277144,卖盘
270,14:42:39,13.73,--,10,13730,买盘
271,14:42:36,13.73,0.01,1,1373,买盘
272,14:42:33,13.72,-0.01,14,19208,卖盘
273,14:42:30,13.73,--,52,71396,买盘
274,14:42:27,13.73,0.01,33,45309,买盘
275,14:42:24,13.72,-0.01,51,69972,卖盘
276,14:42:21,13.73,0.01,4,5492,买盘
277,14:42:18,13.72,-0.01,64,87808,卖盘
278,14:42:15,13.73,--,16,21968,买盘
279,14:42:12,13.73,--,14,19222,买盘
280,14:42:09,13.73,--,51,70023,买盘
281,14:42:06,13.73,--,5,6865,买盘
282,14:42:03,13.73,--,72,98856,买盘
283,14:42:00,13.73,--,3,4119,买盘
284,14:41:57,13.73,--,22,30206,买盘
285,14:41:54,13.73,--,1,1373,买盘
286,14:41:51,13.73,0.01,20,27460,买盘
287,14:41:48,13.72,--,24,32928,卖盘
288,14:41:45,13.72,-0.01,63,86436,卖盘
289,14:41:42,13.73,--,51,70023,买盘
290,14:41:39,13.73,0.01,23,31579,买盘
291,14:41:36,13.72,--,5,6860,卖盘
292,14:41:24,13.72,--,8,10976,卖盘
293,14:41:21,13.72,--,222,304584,买盘
294,14:41:18,13.72,--,25,34300,买盘
295,14:41:15,13.72,--,42,57624,买盘
296,14:41:12,13.72,0.01,93,127596,买盘
297,14:41:09,13.71,-0.01,95,130245,卖盘
298,14:41:06,13.72,--,4,5488,买盘
299,14:41:03,13.72,--,20,27440,买盘
300,14:41:00,13.72,0.01,10,13720,买盘
301,14:40:54,13.71,--,2,2742,卖盘
302,14:40:51,13.71,-0.01,19,26049,中性盘
303,14:40:48,13.72,--,31,42532,买盘
304,14:40:45,13.72,--,1032,1415904,买盘
305,14:40:42,13.72,0.01,106,145432,买盘
306,14:40:36,13.71,--,66,90486,买盘
307,14:40:33,13.71,-0.01,879,1205383,卖盘
308,14:40:30,13.72,0.01,19,26068,买盘
309,14:40:27,13.71,-0.01,20,27420,卖盘
310,14:40:21,13.72,0.01,1,1372,买盘
311,14:40:18,13.71,--,32,43872,买盘
312,14:40:15,13.71,--,81,111051,买盘
313,14:40:12,13.71,--,4,5484,买盘
314,14:40:09,13.71,--,53,72663,买盘
315,14:40:06,13.71,--,76,104196,买盘
316,14:40:03,13.71,0.01,8,10968,买盘
317,14:40:00,13.7,-0.01,4,5480,卖盘
318,14:39:54,13.71,0.01,27,37017,买盘
319,14:39:51,13.7,--,13,17810,卖盘
320,14:39:48,13.7,-0.01,23,31510,卖盘
321,14:39:45,13.71,--,1,1371,买盘
322,14:39:42,13.71,--,45,61695,买盘
323,14:39:39,13.71,0.01,11,15081,买盘
324,14:39:36,13.7,-0.01,148,202760,卖盘
325,14:39:30,13.71,0.01,58,79518,买盘
326,14:39:27,13.7,--,7,9590,卖盘
327,14:39:21,13.7,-0.01,220,301400,卖盘
328,14:39:18,13.71,-0.01,2,2742,卖盘
329,14:39:15,13.72,0.01,19,26068,买盘
330,14:39:12,13.71,--,17,23307,买盘
331,14:39:06,13.71,--,48,65808,买盘
332,14:39:03,13.71,--,10,13710,买盘
333,14:39:00,13.71,--,2,2742,买盘
334,14:38:57,13.71,-0.01,44,60324,卖盘
335,14:38:54,13.72,0.01,150,205800,买盘
336,14:38:48,13.71,-0.01,27,37017,中性盘
337,14:38:42,13.72,--,424,581728,买盘
338,14:38:39,13.72,0.01,300,411600,买盘
339,14:38:36,13.71,--,190,260490,卖盘
340,14:38:33,13.71,-0.01,15,20565,卖盘
341,14:38:30,13.72,0.01,81,111132,买盘
342,14:38:24,13.71,--,10,13710,卖盘
343,14:38:21,13.71,--,74,101454,卖盘
344,14:38:18,13.71,--,302,414042,买盘
345,14:38:15,13.71,--,145,198795,买盘
346,14:38:12,13.71,--,36,49356,买盘
347,14:38:09,13.71,--,156,213876,卖盘
348,14:38:06,13.71,-0.01,7,9597,卖盘
349,14:38:03,13.72,--,123,168756,买盘
350,14:38:00,13.72,--,43,58996,买盘
351,14:37:57,13.72,--,68,93296,买盘
352,14:37:54,13.72,--,4,5488,买盘
353,14:37:45,13.72,--,1,1372,买盘
354,14:37:42,13.72,--,103,141316,买盘
355,14:37:36,13.72,--,31,42532,买盘
356,14:37:27,13.72,--,1,1372,买盘
357,14:37:24,13.72,--,31,42532,买盘
358,14:37:21,13.72,--,53,72716,买盘
359,14:37:18,13.72,--,1,1372,买盘
360,14:37:15,13.72,--,50,68600,买盘
361,14:37:12,13.72,0.01,16,21952,买盘
362,14:37:09,13.71,--,13,17823,卖盘
363,14:37:03,13.71,-0.01,19,26049,卖盘
364,14:37:00,13.72,--,63,86436,买盘
365,14:36:54,13.72,0.01,68,93296,买盘
366,14:36:51,13.71,--,2,2742,卖盘
367,14:36:48,13.71,--,59,80889,卖盘
368,14:36:45,13.71,-0.01,20,27420,卖盘
369,14:36:42,13.72,0.01,96,131712,买盘
370,14:36:39,13.71,--,220,301620,卖盘
371,14:36:36,13.71,--,43,58953,卖盘
372,14:36:33,13.71,--,20,27420,卖盘
373,14:36:30,13.71,-0.01,150,205650,卖盘
374,14:36:27,13.72,--,32,43904,买盘
375,14:36:24,13.72,0.01,3,4116,买盘
376,14:36:21,13.71,-0.01,22,30162,卖盘
377,14:36:12,13.72,0.01,22,30184,买盘
378,14:36:09,13.71,--,5,6855,卖盘
379,14:36:06,13.71,-0.01,36,49356,卖盘
380,14:36:03,13.72,0.01,30,41160,买盘
381,14:36:00,13.71,--,52,71292,卖盘
382,14:35:57,13.71,-0.01,5,6855,卖盘
383,14:35:48,13.72,0.01,2,2744,买盘
384,14:35:45,13.71,-0.01,1,1371,卖盘
385,14:35:42,13.72,--,7,9604,买盘
386,14:35:39,13.72,--,130,178360,买盘
387,14:35:36,13.72,--,125,171500,买盘
388,14:35:30,13.72,--,5,6860,买盘
389,14:35:27,13.72,0.01,7,9604,买盘
390,14:35:21,13.71,--,145,198795,买盘
391,14:35:18,13.71,-0.01,16,21936,卖盘
392,14:35:15,13.72,0.01,121,166012,买盘
393,14:35:12,13.71,-0.01,22,30162,卖盘
394,14:35:09,13.72,0.01,6,8232,买盘
395,14:35:06,13.71,-0.01,17,23307,卖盘
396,14:35:03,13.72,--,43,58996,买盘
397,14:35:00,13.72,--,26,35672,买盘
398,14:34:57,13.72,0.01,26,35672,买盘
399,14:34:54,13.71,-0.01,158,216618,卖盘
400,14:34:51,13.72,--,31,42532,买盘
401,14:34:48,13.72,--,13,17836,买盘
402,14:34:45,13.72,--,18,24696,买盘
403,14:34:42,13.72,0.01,611,838292,买盘
404,14:34:39,13.71,--,10,13710,卖盘
405,14:34:36,13.71,--,71,97341,卖盘
406,14:34:30,13.71,-0.01,208,285168,卖盘
407,14:34:27,13.72,--,22,30184,买盘
408,14:34:21,13.72,--,103,141316,买盘
409,14:34:18,13.72,--,103,141316,买盘
410,14:34:15,13.72,-0.01,278,381416,卖盘
411,14:34:12,13.73,--,16,21968,买盘
412,14:34:09,13.73,--,8,10984,买盘
413,14:34:06,13.73,0.01,193,264989,买盘
414,14:34:03,13.72,-0.01,104,142688,卖盘
415,14:33:54,13.73,0.01,128,175744,买盘
416,14:33:51,13.72,--,209,286748,卖盘
417,14:33:48,13.72,-0.01,9,12348,卖盘
418,14:33:45,13.73,0.01,243,333639,买盘
419,14:33:42,13.72,--,23,31556,卖盘
420,14:33:39,13.72,-0.01,95,130340,卖盘
421,14:33:36,13.73,0.01,3,4119,买盘
422,14:33:33,13.72,-0.01,10,13720,卖盘
423,14:33:30,13.73,--,101,138673,买盘
424,14:33:27,13.73,0.01,191,262243,买盘
425,14:33:21,13.72,--,11,15092,买盘
426,14:33:18,13.72,0.01,105,144060,买盘
427,14:33:15,13.71,--,6,8226,卖盘
428,14:33:12,13.71,-0.01,98,134358,卖盘
429,14:33:09,13.72,--,8,10976,买盘
430,14:33:06,13.72,--,63,86436,买盘
431,14:33:03,13.72,--,14,19208,买盘
432,14:33:00,13.72,--,37,50764,买盘
433,14:32:57,13.72,--,29,39788,买盘
434,14:32:51,13.72,0.01,71,97412,买盘
435,14:32:48,13.71,--,32,43872,卖盘
436,14:32:45,13.71,--,5,6855,卖盘
437,14:32:42,13.71,0.01,385,527835,买盘
438,14:32:39,13.7,-0.01,146,200020,卖盘
439,14:32:36,13.71,--,33,45243,买盘
440,14:32:33,13.71,--,33,45243,买盘
441,14:32:30,13.71,--,19,26049,买盘
442,14:32:27,13.71,0.01,1,1371,买盘
443,14:32:24,13.7,-0.01,91,124670,卖盘
444,14:32:21,13.71,0.01,3,4113,买盘
445,14:32:15,13.7,0.01,1901,2605192,买盘
446,14:32:12,13.69,0.01,3,4107,买盘
447,14:32:09,13.68,-0.01,213,291384,卖盘
448,14:32:06,13.69,--,51,69819,买盘
449,14:32:03,13.69,--,347,475043,买盘
450,14:32:00,13.69,0.01,53,72557,买盘
451,14:31:57,13.68,-0.01,66,90288,卖盘
452,14:31:54,13.69,--,251,343619,买盘
453,14:31:51,13.69,0.01,334,457246,买盘
454,14:31:45,13.68,-0.01,9,12312,卖盘
455,14:31:42,13.69,0.01,2,2738,买盘
456,14:31:39,13.68,--,27,36936,卖盘
457,14:31:36,13.68,-0.01,12,16416,卖盘
458,14:31:33,13.69,0.01,4,5476,买盘
459,14:31:30,13.68,--,3,4104,卖盘
460,14:31:27,13.68,--,60,82080,卖盘
461,14:31:24,13.68,-0.01,5,7510,卖盘
462,14:31:21,13.69,0.01,6,8214,买盘
463,14:31:18,13.68,-0.01,104,142272,卖盘
464,14:31:15,13.69,--,73,99937,买盘
465,14:31:12,13.69,0.01,19,26011,买盘
466,14:31:09,13.68,--,22,30096,卖盘
467,14:31:06,13.68,-0.01,2,2736,卖盘
468,14:31:03,13.69,0.01,7,9583,买盘
469,14:30:57,13.68,0.01,630,861840,卖盘
470,14:30:54,13.67,-0.02,521,712207,卖盘
471,14:30:51,13.69,--,250,342250,买盘
472,14:30:48,13.69,0.01,29,39701,买盘
473,14:30:45,13.68,-0.01,622,850896,卖盘
474,14:30:42,13.69,--,15,20535,买盘
475,14:30:39,13.69,0.01,18,24642,买盘
476,14:30:36,13.68,--,128,175104,卖盘
477,14:30:33,13.68,-0.01,50,68400,卖盘
478,14:30:30,13.69,--,193,264217,买盘
479,14:30:27,13.69,--,20,27380,买盘
480,14:30:24,13.69,0.01,44,60236,买盘
481,14:30:21,13.68,--,43,58824,卖盘
482,14:30:18,13.68,-0.01,25,34200,卖盘
483,14:30:15,13.69,--,221,302549,买盘
484,14:30:12,13.69,--,43,58867,买盘
485,14:30:09,13.69,0.01,56,76664,买盘
486,14:30:06,13.68,--,33,45144,卖盘
487,14:30:03,13.68,--,226,309168,卖盘
488,14:30:00,13.68,--,50,68400,卖盘
489,14:29:57,13.68,-0.01,45,61560,卖盘
490,14:29:54,13.69,0.01,1,1369,买盘
491,14:29:51,13.68,--,24,32832,卖盘
492,14:29:48,13.68,--,435,595380,买盘
493,14:29:45,13.68,--,33,45144,买盘
494,14:29:42,13.68,--,14,19152,买盘
495,14:29:39,13.68,--,400,547200,买盘
496,14:29:36,13.68,--,6,8208,买盘
497,14:29:33,13.68,0.01,119,162792,买盘
498,14:29:30,13.67,-0.01,10,13670,卖盘
499,14:29:27,13.68,--,304,415872,买盘
500,14:29:24,13.68,--,61,83448,买盘
501,14:29:18,13.68,--,216,295488,买盘
502,14:29:15,13.68,--,2,2736,买盘
503,14:29:12,13.68,--,44,60192,买盘
504,14:29:09,13.68,--,37,50616,买盘
505,14:29:06,13.68,--,211,288648,买盘
506,14:29:03,13.68,-0.01,944,1292459,卖盘
507,14:29:00,13.69,--,115,157435,买盘
508,14:28:57,13.69,0.01,215,294335,买盘
509,14:28:54,13.68,-0.01,200,273600,卖盘
510,14:28:45,13.69,0.01,206,282014,买盘
511,14:28:42,13.68,--,148,202464,卖盘
512,14:28:39,13.68,-0.01,6,8208,卖盘
513,14:28:36,13.69,--,194,265586,买盘
514,14:28:30,13.69,--,35,49010,卖盘
515,14:28:27,13.69,--,45,61605,卖盘
516,14:28:24,13.69,--,6,8214,卖盘
517,14:28:21,13.69,--,42,57498,卖盘
518,14:28:18,13.69,0.01,22,30391,买盘
519,14:28:15,13.68,--,273,373764,买盘
520,14:28:12,13.68,0.01,15,20520,买盘
521,14:28:09,13.67,-0.01,114,155838,卖盘
522,14:28:06,13.68,--,216,295488,买盘
523,14:28:03,13.68,--,300,410400,买盘
524,14:28:00,13.68,-0.01,374,512699,卖盘
525,14:27:57,13.69,0.01,122,167018,买盘
526,14:27:54,13.68,-0.01,9,12312,卖盘
527,14:27:51,13.69,--,6,8214,买盘
528,14:27:48,13.69,0.01,210,287490,买盘
529,14:27:45,13.68,-0.01,6,8208,卖盘
530,14:27:42,13.69,--,3,4107,买盘
531,14:27:39,13.69,0.01,13,17797,买盘
532,14:27:36,13.68,--,203,277704,卖盘
533,14:27:33,13.68,--,278,380304,卖盘
534,14:27:30,13.68,--,36,49248,卖盘
535,14:27:27,13.68,-0.01,1,1368,卖盘
536,14:27:24,13.69,0.02,101,138570,买盘
537,14:27:21,13.67,-0.01,37,51645,卖盘
538,14:27:18,13.68,-0.01,343,469224,卖盘
539,14:27:15,13.69,--,369,505161,买盘
540,14:27:12,13.69,0.01,65,88985,买盘
541,14:27:09,13.68,-0.01,4,5472,卖盘
542,14:27:06,13.69,--,205,280645,买盘
543,14:27:03,13.69,0.01,5,6845,买盘
544,14:27:00,13.68,-0.01,79,108072,卖盘
545,14:26:57,13.69,0.01,193,264217,买盘
546,14:26:51,13.68,-0.01,10,13680,卖盘
547,14:26:48,13.69,--,21,28749,买盘
548,14:26:45,13.69,--,191,261479,买盘
549,14:26:42,13.69,0.01,2,2738,买盘
550,14:26:39,13.68,--,52,71136,卖盘
551,14:26:36,13.68,-0.01,521,712728,卖盘
552,14:26:27,13.69,0.01,211,288859,买盘
553,14:26:21,13.68,--,4,5472,卖盘
554,14:26:18,13.68,-0.01,2,2736,卖盘
555,14:26:15,13.69,--,235,321715,买盘
556,14:26:12,13.69,--,3,4107,买盘
557,14:26:09,13.69,--,193,264217,买盘
558,14:26:06,13.69,0.01,22,30118,买盘
559,14:26:03,13.68,--,2,2736,卖盘
560,14:26:00,13.68,--,34,46512,卖盘
561,14:25:51,13.68,-0.01,78,106704,卖盘
562,14:25:48,13.69,--,164,224516,买盘
563,14:25:45,13.69,--,55,75295,买盘
564,14:25:42,13.69,0.01,4,5476,买盘
565,14:25:39,13.68,-0.01,9,12312,卖盘
566,14:25:36,13.69,--,20,27380,卖盘
567,14:25:33,13.69,-0.01,175,239575,卖盘
568,14:25:30,13.7,0.01,23,31510,买盘
569,14:25:27,13.69,0.01,123,168387,买盘
570,14:25:24,13.68,-0.01,204,279345,卖盘
571,14:25:21,13.69,0.01,5,6845,买盘
572,14:25:18,13.68,-0.01,207,283176,卖盘
573,14:25:15,13.69,--,220,301180,买盘
574,14:25:12,13.69,--,25,34225,买盘
575,14:25:09,13.69,--,110,150590,卖盘
576,14:25:06,13.69,0.01,200,273800,买盘
577,14:25:03,13.68,-0.01,21,28728,卖盘
578,14:24:57,13.69,--,51,69819,卖盘
579,14:24:48,13.69,-0.01,1,1369,卖盘
580,14:24:45,13.7,--,22,30140,买盘
581,14:24:42,13.7,0.01,37,50690,买盘
582,14:24:39,13.69,--,1,1369,卖盘
583,14:24:36,13.69,--,4,5476,卖盘
584,14:24:33,13.69,--,150,205350,卖盘
585,14:24:30,13.69,-0.01,40,54760,卖盘
586,14:24:27,13.7,0.02,11,15070,买盘
587,14:24:21,13.68,-0.01,212,290043,买盘
588,14:24:18,13.69,--,402,551679,买盘
589,14:24:15,13.69,--,1,1369,买盘
590,14:24:12,13.69,--,26,35594,买盘
591,14:24:09,13.69,--,58,79402,卖盘
592,14:24:06,13.69,0.01,149,203981,买盘
593,14:24:03,13.68,--,3,4104,卖盘
594,14:24:00,13.68,-0.01,169,231192,卖盘
595,14:23:57,13.69,0.01,94,128713,买盘
596,14:23:54,13.68,--,218,298224,卖盘
597,14:23:51,13.68,-0.01,9,12312,卖盘
598,14:23:48,13.69,0.01,2,2738,买盘
599,14:23:45,13.68,--,29,39672,买盘
600,14:23:42,13.68,--,27,36936,买盘
601,14:23:39,13.68,-0.01,112,154556,卖盘
602,14:23:36,13.69,--,154,210853,买盘
603,14:23:33,13.69,--,376,516085,卖盘
604,14:23:30,13.69,--,161,220409,卖盘
605,14:23:27,13.69,--,44,60236,卖盘
606,14:23:24,13.69,--,11,15059,卖盘
607,14:23:21,13.69,-0.01,32,43808,卖盘
608,14:23:18,13.7,0.02,1436,1967347,买盘
609,14:23:15,13.68,-0.01,1764,2413152,卖盘
610,14:23:12,13.69,0.01,106,145114,买盘
611,14:23:09,13.68,-0.01,9,12312,卖盘
612,14:23:06,13.69,0.01,226,309394,买盘
613,14:23:03,13.68,-0.01,196,268128,卖盘
614,14:23:00,13.69,--,10,13690,买盘
615,14:22:57,13.69,--,103,141007,买盘
616,14:22:54,13.69,-0.01,1639,2244188,卖盘
617,14:22:51,13.7,0.01,13,17810,买盘
618,14:22:48,13.69,--,8,10952,卖盘
619,14:22:45,13.69,-0.01,1,1369,卖盘
620,14:22:42,13.7,0.01,6,8220,买盘
621,14:22:39,13.69,--,16,21904,卖盘
622,14:22:36,13.69,--,18,24642,卖盘
623,14:22:33,13.69,--,51,69819,卖盘
624,14:22:30,13.69,-0.01,53,72557,卖盘
625,14:22:27,13.7,--,478,654860,买盘
626,14:22:24,13.7,--,14,19180,买盘
627,14:22:21,13.7,--,53,72610,买盘
628,14:22:18,13.7,--,20,27400,买盘
629,14:22:15,13.7,-0.01,598,820356,卖盘
630,14:22:12,13.71,--,3,4113,买盘
631,14:22:09,13.71,--,16,21936,买盘
632,14:22:06,13.71,--,1,1371,买盘
633,14:22:03,13.71,--,3,4113,买盘
634,14:21:57,13.71,0.01,1,1371,买盘
635,14:21:51,13.7,-0.01,50,68500,卖盘
636,14:21:48,13.71,--,31,42501,买盘
637,14:21:45,13.71,--,57,78147,买盘
638,14:21:42,13.71,0.01,62,85002,买盘
639,14:21:39,13.7,-0.01,3,4110,卖盘
640,14:21:36,13.71,0.01,1,1371,买盘
641,14:21:33,13.7,-0.01,82,112614,卖盘
642,14:21:30,13.71,--,4,5484,买盘
643,14:21:27,13.71,--,2,2742,买盘
644,14:21:21,13.71,0.01,1,1371,买盘
645,14:21:18,13.7,-0.01,8,10960,卖盘
646,14:21:15,13.71,--,10,13710,买盘
647,14:21:12,13.71,--,4,5484,买盘
648,14:21:06,13.71,0.01,13,17823,买盘
649,14:21:00,13.7,-0.01,104,142480,卖盘
650,14:20:57,13.71,--,4,5484,买盘
651,14:20:54,13.71,--,565,774615,买盘
652,14:20:51,13.71,--,10,13710,买盘
653,14:20:45,13.71,--,299,409929,买盘
654,14:20:42,13.71,--,3,4113,买盘
655,14:20:39,13.71,--,52,71292,买盘
656,14:20:36,13.71,0.01,1,1371,买盘
657,14:20:33,13.7,-0.01,16,21920,卖盘
658,14:20:30,13.71,-0.01,99,136674,卖盘
659,14:20:27,13.72,0.01,1,1372,买盘
660,14:20:24,13.71,-0.01,5,6855,卖盘
661,14:20:21,13.72,--,12,16464,买盘
662,14:20:18,13.72,0.01,2,2744,买盘
663,14:20:15,13.71,-0.01,7,9597,卖盘
664,14:20:12,13.72,--,360,494345,买盘
665,14:20:09,13.72,--,10,13720,买盘
666,14:20:06,13.72,0.01,21,28812,买盘
667,14:20:03,13.71,-0.01,169,231699,卖盘
668,14:20:00,13.72,--,10,13720,买盘
669,14:19:57,13.72,0.01,31,42532,买盘
670,14:19:54,13.71,--,6,8226,卖盘
671,14:19:51,13.71,-0.01,403,552513,卖盘
672,14:19:48,13.72,--,25,34300,买盘
673,14:19:45,13.72,--,1,1372,买盘
674,14:19:42,13.72,0.01,9,12348,买盘
675,14:19:39,13.71,-0.01,20,27420,卖盘
676,14:19:33,13.72,--,1,1372,买盘
677,14:19:27,13.72,-0.01,62,85064,卖盘
678,14:19:24,13.73,0.01,13,17849,买盘
679,14:19:21,13.72,--,4,5488,买盘
680,14:19:18,13.72,--,60,82320,卖盘
681,14:19:15,13.72,-0.01,16,21952,卖盘
682,14:19:12,13.73,0.01,12,16476,买盘
683,14:19:09,13.72,--,80,109760,卖盘
684,14:19:00,13.72,--,5,6860,卖盘
685,14:18:57,13.72,0.01,16,21952,买盘
686,14:18:54,13.71,-0.01,81,111051,卖盘
687,14:18:51,13.72,-0.01,5,6860,卖盘
688,14:18:48,13.73,0.02,8,10984,买盘
689,14:18:45,13.71,--,179,245409,卖盘
690,14:18:42,13.71,-0.02,2,2742,卖盘
691,14:18:39,13.73,--,300,411900,买盘
692,14:18:36,13.73,0.01,613,841731,买盘
693,14:18:33,13.72,--,243,333396,卖盘
694,14:18:30,13.72,--,207,284004,卖盘
695,14:18:27,13.72,--,37,50764,卖盘
696,14:18:24,13.72,-0.01,40,54880,卖盘
697,14:18:21,13.73,0.01,1,1373,买盘
698,14:18:18,13.72,--,9,12348,卖盘
699,14:18:15,13.72,-0.01,5,6860,卖盘
700,14:18:12,13.73,0.01,13,17849,买盘
701,14:18:09,13.72,--,296,406112,卖盘
702,14:18:06,13.72,-0.01,33,45276,卖盘
703,14:18:03,13.73,0.01,11,15103,买盘
704,14:18:00,13.72,-0.01,1,1372,卖盘
705,14:17:57,13.73,0.01,70,96110,买盘
706,14:17:51,13.72,-0.01,18,24696,卖盘
707,14:17:48,13.73,0.01,140,192220,买盘
708,14:17:45,13.72,--,1,1372,卖盘
709,14:17:42,13.72,-0.01,31,42532,卖盘
710,14:17:39,13.73,--,43,59039,买盘
711,14:17:36,13.73,--,1,1373,买盘
712,14:17:27,13.73,0.01,22,30206,买盘
713,14:17:24,13.72,-0.01,42,57624,卖盘
714,14:17:21,13.73,--,5,6865,买盘
715,14:17:18,13.73,--,84,115332,买盘
716,14:17:15,13.73,--,12,16476,买盘
717,14:17:12,13.73,--,17,23890,买盘
718,14:17:09,13.73,--,11,15103,买盘
719,14:17:06,13.73,--,22,30206,买盘
720,14:17:03,13.73,0.01,7,9611,买盘
721,14:17:00,13.72,-0.01,64,87808,卖盘
722,14:16:57,13.73,0.01,18,24714,买盘
723,14:16:54,13.72,-0.01,8,10976,卖盘
724,14:16:51,13.73,--,6,8238,买盘
725,14:16:48,13.73,--,20,27460,买盘
726,14:16:45,13.73,--,1,1373,买盘
727,14:16:42,13.73,0.01,79,108467,买盘
728,14:16:39,13.72,-0.01,50,68600,卖盘
729,14:16:36,13.73,0.01,1,1373,买盘
730,14:16:30,13.72,--,28,38416,卖盘
731,14:16:27,13.72,--,3,4856,买盘
732,14:16:24,13.72,0.01,2,2744,买盘
733,14:16:21,13.71,--,82,112422,卖盘
734,14:16:15,13.71,-0.01,228,312588,卖盘
735,14:16:12,13.72,--,10,13720,买盘
736,14:16:09,13.72,--,13,17836,买盘
737,14:16:06,13.72,--,24,32928,买盘
738,14:16:03,13.72,--,11,15723,卖盘
739,14:16:00,13.72,--,16,21952,卖盘
740,14:15:57,13.72,--,93,128336,买盘
741,14:15:54,13.72,--,14,19208,买盘
742,14:15:45,13.72,--,114,156408,买盘
743,14:15:42,13.72,--,45,61740,买盘
744,14:15:39,13.72,--,1,1372,买盘
745,14:15:33,13.72,--,61,84323,卖盘
746,14:15:30,13.72,--,4,5488,卖盘
747,14:15:27,13.72,0.01,364,500148,买盘
748,14:15:24,13.71,--,15,20565,卖盘
749,14:15:21,13.71,--,2,2742,卖盘
750,14:15:18,13.71,--,10,13710,卖盘
751,14:15:15,13.71,0.01,4,5484,卖盘
752,14:15:12,13.7,-0.01,213,291810,卖盘
753,14:15:09,13.71,-0.01,115,157665,卖盘
754,14:15:06,13.72,--,4,5488,买盘
755,14:15:03,13.72,0.01,266,364952,买盘
756,14:15:00,13.71,0.01,33,45243,买盘
757,14:14:57,13.7,-0.01,514,704180,卖盘
758,14:14:54,13.71,-0.01,182,249522,卖盘
759,14:14:51,13.72,--,10,13720,买盘
760,14:14:48,13.72,0.01,170,233240,买盘
761,14:14:45,13.71,-0.01,502,688242,卖盘
762,14:14:42,13.72,--,13,17836,买盘
763,14:14:39,13.72,0.01,62,85064,买盘
764,14:14:36,13.71,--,15,20565,卖盘
765,14:14:27,13.71,--,8,10968,卖盘
766,14:14:24,13.71,--,4,5484,卖盘
767,14:14:21,13.71,--,4,5484,卖盘
768,14:14:18,13.71,-0.01,9,12339,卖盘
769,14:14:12,13.72,--,3,4116,买盘
770,14:14:09,13.72,0.01,210,288120,买盘
771,14:14:03,13.71,--,5,6855,买盘
772,14:14:00,13.71,--,176,241296,卖盘
773,14:13:57,13.71,-0.01,21,28791,卖盘
774,14:13:54,13.72,0.01,60,82320,买盘
775,14:13:48,13.71,-0.01,9,12339,卖盘
776,14:13:45,13.72,--,3,4116,买盘
777,14:13:42,13.72,0.01,2,2744,买盘
778,14:13:39,13.71,-0.01,415,568965,卖盘
779,14:13:36,13.72,0.01,1,1372,买盘
780,14:13:33,13.71,--,9,12339,卖盘
781,14:13:30,13.71,-0.01,20,27420,卖盘
782,14:13:27,13.72,0.01,6,8232,买盘
783,14:13:21,13.71,--,6,8226,卖盘
784,14:13:18,13.71,--,10,13710,卖盘
785,14:13:15,13.71,-0.01,59,80889,卖盘
786,14:13:12,13.72,0.01,102,139944,买盘
787,14:13:09,13.71,-0.01,7,9597,卖盘
788,14:13:06,13.72,--,12,16464,买盘
789,14:13:03,13.72,0.01,101,138572,买盘
790,14:13:00,13.71,--,187,256377,卖盘
791,14:12:57,13.71,--,3,4113,卖盘
792,14:12:51,13.71,--,181,248151,买盘
793,14:12:48,13.71,0.01,15,20565,买盘
794,14:12:45,13.7,--,60,82200,卖盘
795,14:12:42,13.7,-0.01,75,102750,卖盘
796,14:12:39,13.71,-0.01,10,13710,卖盘
797,14:12:36,13.72,0.01,50,68600,买盘
798,14:12:33,13.71,-0.01,3,4113,卖盘
799,14:12:30,13.72,0.01,60,82320,中性盘
800,14:12:24,13.71,--,97,132987,卖盘
801,14:12:21,13.71,-0.01,18,24678,卖盘
802,14:12:18,13.72,--,11,15092,买盘
803,14:12:15,13.72,--,50,68600,买盘
804,14:12:12,13.72,0.01,37,50764,买盘
805,14:12:09,13.71,--,38,52098,卖盘
806,14:12:06,13.71,-0.01,4,5484,卖盘
807,14:12:03,13.72,0.01,72,98784,买盘
808,14:12:00,13.71,--,12,16452,卖盘
809,14:11:57,13.71,--,106,145326,卖盘
810,14:11:54,13.71,-0.01,64,87744,卖盘
811,14:11:51,13.72,--,311,426692,买盘
812,14:11:48,13.72,0.01,80,109760,买盘
813,14:11:45,13.71,-0.01,168,230478,卖盘
814,14:11:42,13.72,--,265,363580,买盘
815,14:11:39,13.72,0.01,10,13720,买盘
816,14:11:33,13.71,--,8,10968,卖盘
817,14:11:30,13.71,--,20,27420,卖盘
818,14:11:27,13.71,-0.01,7,9597,卖盘
819,14:11:18,13.72,0.01,10,13720,买盘
820,14:11:15,13.71,-0.01,46,63066,卖盘
821,14:11:12,13.72,0.01,2,2744,买盘
822,14:11:09,13.71,--,22,30162,卖盘
823,14:11:06,13.71,--,180,248000,买盘
824,14:11:03,13.71,--,213,292023,买盘
825,14:11:00,13.71,0.01,80,109680,买盘
826,14:10:57,13.7,-0.01,15,20550,卖盘
827,14:10:54,13.71,0.01,23,31533,买盘
828,14:10:51,13.7,-0.01,8,10960,卖盘
829,14:10:48,13.71,0.01,70,95970,买盘
830,14:10:45,13.7,-0.01,8,10960,卖盘
831,14:10:42,13.71,0.01,19,26049,买盘
832,14:10:39,13.7,--,135,186046,买盘
833,14:10:36,13.7,--,36,49320,买盘
834,14:10:33,13.7,--,9,12330,买盘
835,14:10:27,13.7,0.01,1,1370,买盘
836,14:10:24,13.69,--,514,703666,卖盘
837,14:10:21,13.69,--,300,410700,卖盘
838,14:10:15,13.69,-0.01,536,733784,卖盘
839,14:10:12,13.7,0.01,2,2740,买盘
840,14:10:06,13.69,-0.01,48,65712,卖盘
841,14:10:03,13.7,0.01,516,706920,买盘
842,14:10:00,13.69,--,5,6845,卖盘
843,14:09:54,13.69,--,29,39701,卖盘
844,14:09:51,13.69,-0.01,104,142376,卖盘
845,14:09:48,13.7,0.01,1,1370,买盘
846,14:09:45,13.69,--,13,17797,卖盘
847,14:09:42,13.69,-0.01,12,16428,卖盘
848,14:09:39,13.7,0.01,61,83570,买盘
849,14:09:36,13.69,-0.01,145,198505,卖盘
850,14:09:33,13.7,--,34,46580,买盘
851,14:09:30,13.7,0.01,230,315100,买盘
852,14:09:27,13.69,--,2,2738,卖盘
853,14:09:21,13.69,--,2,2738,卖盘
854,14:09:18,13.69,-0.01,10,13690,卖盘
855,14:09:15,13.7,--,1,1370,买盘
856,14:09:12,13.7,0.01,3,4110,买盘
857,14:09:09,13.69,-0.01,5,6845,卖盘
858,14:09:06,13.7,0.01,17,23290,买盘
859,14:09:03,13.69,-0.01,1,1369,卖盘
860,14:08:57,13.7,--,34,46580,买盘
861,14:08:54,13.7,--,38,52060,买盘
862,14:08:51,13.7,--,57,78090,买盘
863,14:08:48,13.7,0.01,119,163030,买盘
864,14:08:45,13.69,-0.01,41,56129,卖盘
865,14:08:42,13.7,0.01,1,1370,买盘
866,14:08:36,13.69,--,356,488335,买盘
867,14:08:33,13.69,--,76,104044,买盘
868,14:08:30,13.69,--,6,8214,买盘
869,14:08:27,13.69,--,50,68450,买盘
870,14:08:24,13.69,--,286,391534,卖盘
871,14:08:21,13.69,--,106,145114,卖盘
872,14:08:18,13.69,-0.01,4,5476,卖盘
873,14:08:15,13.7,--,13,17810,买盘
874,14:08:12,13.7,0.01,53,72610,买盘
875,14:08:09,13.69,--,14,19166,卖盘
876,14:08:03,13.69,-0.01,101,138269,卖盘
877,14:08:00,13.7,0.01,5,6850,买盘
878,14:07:57,13.69,-0.01,34,46546,卖盘
879,14:07:54,13.7,0.01,2,2740,买盘
880,14:07:48,13.69,-0.01,23,31487,卖盘
881,14:07:45,13.7,--,51,69870,买盘
882,14:07:42,13.7,0.01,6,8220,买盘
883,14:07:39,13.69,-0.01,7,9583,卖盘
884,14:07:36,13.7,0.01,3,4110,买盘
885,14:07:33,13.69,--,13,17797,买盘
886,14:07:30,13.69,-0.01,241,329929,卖盘
887,14:07:27,13.7,0.01,1,1370,买盘
888,14:07:24,13.69,--,152,208088,卖盘
889,14:07:15,13.69,-0.01,196,268324,卖盘
890,14:07:12,13.7,--,2,2740,买盘
891,14:07:06,13.7,--,4,5480,买盘
892,14:07:03,13.7,0.01,6,8220,买盘
893,14:07:00,13.69,--,77,105413,卖盘
894,14:06:57,13.69,--,15,20535,卖盘
895,14:06:54,13.69,-0.01,9,12321,卖盘
896,14:06:51,13.7,--,7,9590,买盘
897,14:06:48,13.7,0.01,279,382230,买盘
898,14:06:45,13.69,-0.01,19,26011,卖盘
899,14:06:42,13.7,--,119,163030,买盘
900,14:06:36,13.7,--,9,12330,买盘
901,14:06:33,13.7,--,68,93160,买盘
902,14:06:30,13.7,0.01,36,49320,买盘
903,14:06:27,13.69,-0.01,5,6845,卖盘
904,14:06:24,13.7,0.01,1,1370,买盘
905,14:06:21,13.69,--,12,16428,卖盘
906,14:06:18,13.69,--,21,28749,卖盘
907,14:06:15,13.69,--,95,130055,买盘
908,14:06:12,13.69,0.01,915,1252635,买盘
909,14:06:09,13.68,-0.01,62,84816,卖盘
910,14:06:06,13.69,--,9,12321,买盘
911,14:06:03,13.69,-0.01,58,79402,卖盘
912,14:06:00,13.7,--,30,41100,买盘
913,14:05:57,13.7,0.01,77,105490,买盘
914,14:05:54,13.69,--,10,13690,卖盘
915,14:05:51,13.69,--,35,47915,卖盘
916,14:05:48,13.69,--,8,10952,卖盘
917,14:05:45,13.69,--,34,46546,买盘
918,14:05:42,13.69,-0.01,4,5476,买盘
919,14:05:36,13.7,0.01,60,82200,买盘
920,14:05:33,13.69,--,218,298442,买盘
921,14:05:30,13.69,--,1,1369,买盘
922,14:05:24,13.69,0.01,207,283383,买盘
923,14:05:18,13.68,--,10,13680,卖盘
924,14:05:15,13.68,-0.01,391,534888,卖盘
925,14:05:12,13.69,--,13,17797,中性盘
926,14:05:06,13.69,--,38,52022,卖盘
927,14:05:03,13.69,0.01,186,254634,买盘
928,14:05:00,13.68,-0.01,218,298224,卖盘
929,14:04:57,13.69,--,155,212195,买盘
930,14:04:54,13.69,0.01,220,301180,买盘
931,14:04:51,13.68,--,5,6840,卖盘
932,14:04:48,13.68,--,269,367992,卖盘
933,14:04:45,13.68,--,280,383040,卖盘
934,14:04:42,13.68,-0.01,39,53352,卖盘
935,14:04:36,13.69,0.01,1,1369,买盘
936,14:04:33,13.68,--,329,450072,卖盘
937,14:04:30,13.68,-0.01,7,9576,卖盘
938,14:04:27,13.69,0.01,200,273800,买盘
939,14:04:24,13.68,--,88,120384,卖盘
940,14:04:18,13.68,-0.01,59,80712,卖盘
941,14:04:15,13.69,--,47,64343,买盘
942,14:04:12,13.69,-0.01,25,34225,卖盘
943,14:04:06,13.7,0.01,1,1370,买盘
944,14:04:00,13.69,--,40,54760,卖盘
945,14:03:57,13.69,--,29,39701,卖盘
946,14:03:54,13.69,--,2,2738,卖盘
947,14:03:51,13.69,--,2,2738,卖盘
948,14:03:48,13.69,--,29,39701,卖盘
949,14:03:45,13.69,-0.01,1,1369,卖盘
950,14:03:42,13.7,0.01,3,4110,买盘
951,14:03:39,13.69,--,10,13690,卖盘
952,14:03:30,13.69,--,56,76664,卖盘
953,14:03:27,13.69,--,8,10952,买盘
954,14:03:24,13.69,--,26,35594,卖盘
955,14:03:18,13.69,-0.01,2,2738,卖盘
956,14:03:15,13.7,0.01,168,230160,买盘
957,14:03:12,13.69,--,30,41070,中性盘
958,14:03:09,13.69,--,65,88985,卖盘
959,14:03:06,13.69,--,76,104044,卖盘
960,14:03:00,13.69,--,101,138269,卖盘
961,14:02:57,13.69,--,7,9583,卖盘
962,14:02:54,13.69,--,42,57498,买盘
963,14:02:48,13.69,--,23,31487,买盘
964,14:02:45,13.69,-0.01,154,210826,卖盘
965,14:02:42,13.7,0.01,23,31510,买盘
966,14:02:39,13.69,-0.01,1,1369,卖盘
967,14:02:33,13.7,0.01,2,2740,买盘
968,14:02:30,13.69,--,43,58867,卖盘
969,14:02:27,13.69,--,50,68450,卖盘
970,14:02:24,13.69,--,51,69819,卖盘
971,14:02:21,13.69,--,22,30118,卖盘
972,14:02:18,13.69,--,113,154697,卖盘
973,14:02:12,13.69,0.01,15,20535,买盘
974,14:02:09,13.68,-0.01,15,20520,卖盘
975,14:02:06,13.69,--,212,290228,卖盘
976,14:02:03,13.69,0.01,172,235468,买盘
977,14:02:00,13.68,-0.01,4,5472,卖盘
978,14:01:57,13.69,--,369,505161,卖盘
979,14:01:54,13.69,--,22,30118,买盘
980,14:01:51,13.69,--,484,662596,卖盘
981,14:01:48,13.69,-0.01,83,113627,卖盘
982,14:01:45,13.7,--,5,6850,买盘
983,14:01:42,13.7,--,2,2740,买盘
984,14:01:39,13.7,0.01,9,12330,买盘
985,14:01:36,13.69,--,36,49284,卖盘
986,14:01:33,13.69,-0.01,425,581825,卖盘
987,14:01:27,13.7,0.01,16,21920,买盘
988,14:01:24,13.69,--,10,13690,卖盘
989,14:01:21,13.69,--,1,1369,卖盘
990,14:01:18,13.69,-0.01,150,205350,卖盘
991,14:01:12,13.7,0.01,36,49320,买盘
992,14:01:09,13.69,--,6,8214,卖盘
993,14:01:06,13.69,-0.01,2,2738,卖盘
994,14:01:03,13.7,0.01,2,2740,买盘
995,14:01:00,13.69,--,10,13690,卖盘
996,14:00:57,13.69,--,54,73926,卖盘
997,14:00:54,13.69,--,21,28749,卖盘
998,14:00:48,13.69,-0.01,100,136900,卖盘
999,14:00:42,13.7,--,102,139740,买盘
1000,14:00:39,13.7,0.01,1,1370,买盘
1001,14:00:36,13.69,-0.01,247,338143,卖盘
1002,14:00:33,13.7,0.01,2,2740,买盘
1003,14:00:30,13.69,-0.01,218,298442,卖盘
1004,14:00:24,13.7,0.01,44,60280,买盘
1005,14:00:21,13.69,-0.01,1,1369,卖盘
1006,14:00:15,13.7,--,22,30140,买盘
1007,14:00:12,13.7,--,2,2740,买盘
1008,14:00:09,13.7,--,166,227420,卖盘
1009,14:00:06,13.7,0.01,63,86310,买盘
1010,14:00:03,13.69,-0.01,1,1369,卖盘
1011,13:59:57,13.7,--,37,50690,买盘
1012,13:59:54,13.7,--,20,27400,买盘
1013,13:59:51,13.7,--,24,32880,买盘
1014,13:59:48,13.7,--,46,63020,卖盘
1015,13:59:45,13.7,--,59,80830,买盘
1016,13:59:42,13.7,--,7,9590,买盘
1017,13:59:39,13.7,--,34,46580,买盘
1018,13:59:33,13.7,-0.01,140,191800,卖盘
1019,13:59:30,13.71,0.01,2,2742,买盘
1020,13:59:21,13.7,--,90,123300,卖盘
1021,13:59:15,13.7,-0.01,1,1370,卖盘
1022,13:59:12,13.71,0.01,18,24678,买盘
1023,13:59:09,13.7,-0.01,37,50690,卖盘
1024,13:59:06,13.71,0.01,40,54840,买盘
1025,13:59:03,13.7,--,13,17810,卖盘
1026,13:59:00,13.7,-0.01,34,46580,卖盘
1027,13:58:57,13.71,0.01,2,2742,买盘
1028,13:58:54,13.7,--,138,189060,卖盘
1029,13:58:51,13.7,--,54,73980,买盘
1030,13:58:48,13.7,0.01,11,15070,买盘
1031,13:58:45,13.69,-0.01,1,1369,卖盘
1032,13:58:42,13.7,--,1,1370,买盘
1033,13:58:39,13.7,-0.01,77,105490,卖盘
1034,13:58:36,13.71,0.01,31,42501,买盘
1035,13:58:33,13.7,--,3,4110,卖盘
1036,13:58:30,13.7,-0.01,34,46580,卖盘
1037,13:58:27,13.71,0.01,2,2742,买盘
1038,13:58:24,13.7,--,1,1370,卖盘
1039,13:58:21,13.7,--,12,16440,卖盘
1040,13:58:18,13.7,-0.01,66,90420,卖盘
1041,13:58:15,13.71,--,194,265974,买盘
1042,13:58:12,13.71,--,2,2742,买盘
1043,13:58:06,13.71,0.01,11,15081,买盘
1044,13:58:03,13.7,-0.01,16,21920,卖盘
1045,13:58:00,13.71,--,3,4113,买盘
1046,13:57:57,13.71,0.01,17,23307,买盘
1047,13:57:51,13.7,--,9,12330,卖盘
1048,13:57:48,13.7,-0.01,5,6850,卖盘
1049,13:57:45,13.71,--,81,111051,买盘
1050,13:57:42,13.71,0.01,501,686871,买盘
1051,13:57:39,13.7,-0.01,42,57540,卖盘
1052,13:57:36,13.71,0.01,21,28791,买盘
1053,13:57:33,13.7,-0.01,9,12330,卖盘
1054,13:57:27,13.71,--,143,196053,买盘
1055,13:57:24,13.71,0.01,64,87744,买盘
1056,13:57:18,13.7,--,9,12330,卖盘
1057,13:57:15,13.7,-0.01,87,119190,卖盘
1058,13:57:12,13.71,0.01,2,2742,买盘
1059,13:57:09,13.7,-0.01,8,10960,卖盘
1060,13:57:06,13.71,0.01,1,1371,买盘
1061,13:57:03,13.7,--,1,1370,卖盘
1062,13:57:00,13.7,--,10,13700,卖盘
1063,13:56:57,13.7,-0.01,8,10960,卖盘
1064,13:56:54,13.71,0.01,9,12339,买盘
1065,13:56:51,13.7,--,93,127410,卖盘
1066,13:56:48,13.7,-0.01,1,1370,卖盘
1067,13:56:45,13.71,--,20,27420,买盘
1068,13:56:42,13.71,--,58,79518,买盘
1069,13:56:39,13.71,0.01,38,52098,买盘
1070,13:56:36,13.7,--,92,126040,卖盘
1071,13:56:33,13.7,-0.01,24,32880,卖盘
1072,13:56:30,13.71,--,1,1371,买盘
1073,13:56:27,13.71,--,44,60324,买盘
1074,13:56:24,13.71,--,4,5484,买盘
1075,13:56:21,13.71,0.01,22,30162,买盘
1076,13:56:18,13.7,-0.01,1,1370,卖盘
1077,13:56:15,13.71,0.01,30,41130,买盘
1078,13:56:12,13.7,-0.01,14,19180,卖盘
1079,13:56:09,13.71,--,1,1371,买盘
1080,13:56:03,13.71,0.01,11,15081,买盘
1081,13:56:00,13.7,-0.01,47,64540,卖盘
1082,13:55:57,13.71,-0.01,5,6855,卖盘
1083,13:55:54,13.72,--,13,17836,买盘
1084,13:55:51,13.72,0.01,1,1372,买盘
1085,13:55:48,13.71,-0.01,3,4113,卖盘
1086,13:55:42,13.72,0.01,33,45276,买盘
1087,13:55:39,13.71,--,1,1371,卖盘
1088,13:55:36,13.71,-0.01,1,1371,卖盘
1089,13:55:33,13.72,0.01,3,4116,买盘
1090,13:55:30,13.71,-0.01,10,13710,卖盘
1091,13:55:27,13.72,--,14,19208,买盘
1092,13:55:24,13.72,0.01,3,4116,买盘
1093,13:55:18,13.71,--,17,24527,买盘
1094,13:55:15,13.71,--,10,13710,买盘
1095,13:55:12,13.71,0.01,2,2742,买盘
1096,13:55:09,13.7,--,300,411000,卖盘
1097,13:55:03,13.7,--,1,1370,卖盘
1098,13:55:00,13.7,-0.01,890,1219300,卖盘
1099,13:54:57,13.71,0.01,18,24678,买盘
1100,13:54:54,13.7,-0.01,92,126040,卖盘
1101,13:54:51,13.71,--,59,80889,买盘
1102,13:54:45,13.71,--,6,8226,买盘
1103,13:54:42,13.71,0.01,2,2742,买盘
1104,13:54:30,13.7,--,7,9590,卖盘
1105,13:54:27,13.7,--,54,73980,买盘
1106,13:54:24,13.7,0.01,3,4110,买盘
1107,13:54:21,13.69,-0.01,89,121841,卖盘
1108,13:54:15,13.7,--,21,28770,卖盘
1109,13:54:12,13.7,0.01,84,115080,买盘
1110,13:54:06,13.69,--,38,52022,卖盘
1111,13:54:03,13.69,-0.01,506,692714,卖盘
1112,13:53:57,13.7,--,211,289070,买盘
1113,13:53:54,13.7,--,2,2740,买盘
1114,13:53:51,13.7,0.01,5,6850,买盘
1115,13:53:48,13.69,-0.01,30,41070,卖盘
1116,13:53:45,13.7,0.01,169,231530,买盘
1117,13:53:42,13.69,-0.01,55,75295,卖盘
1118,13:53:39,13.7,--,32,43840,买盘
1119,13:53:36,13.7,--,4,5480,买盘
1120,13:53:33,13.7,--,136,186320,买盘
1121,13:53:27,13.7,--,6,8220,买盘
1122,13:53:24,13.7,--,7,9590,买盘
1123,13:53:21,13.7,--,85,116450,买盘
1124,13:53:15,13.7,--,1,1370,买盘
1125,13:53:12,13.7,0.01,12,16440,卖盘
1126,13:53:09,13.69,-0.01,79,108151,卖盘
1127,13:53:06,13.7,--,6,8220,卖盘
1128,13:53:00,13.7,-0.01,3,4110,中性盘
1129,13:52:57,13.71,--,43,58953,买盘
1130,13:52:54,13.71,0.01,57,78147,买盘
1131,13:52:48,13.7,--,21,28770,买盘
1132,13:52:45,13.7,-0.01,11,15070,买盘
1133,13:52:42,13.71,--,126,172746,买盘
1134,13:52:39,13.71,0.01,3,4113,买盘
1135,13:52:36,13.7,--,3,4110,卖盘
1136,13:52:33,13.7,-0.01,20,27400,中性盘
1137,13:52:30,13.71,--,44,60324,买盘
1138,13:52:27,13.71,0.01,61,83631,买盘
1139,13:52:24,13.7,--,33,45210,买盘
1140,13:52:21,13.7,0.01,13,17810,买盘
1141,13:52:15,13.69,-0.02,14,19166,卖盘
1142,13:52:12,13.71,0.02,467,640257,买盘
1143,13:52:09,13.69,-0.01,20,27380,卖盘
1144,13:52:06,13.7,--,11,15070,买盘
1145,13:52:03,13.7,--,260,356200,买盘
1146,13:51:54,13.7,--,34,46580,买盘
1147,13:51:48,13.7,--,50,68500,买盘
1148,13:51:45,13.7,--,10,13700,买盘
1149,13:51:42,13.7,--,17,23290,买盘
1150,13:51:39,13.7,0.01,20,27400,买盘
1151,13:51:36,13.69,-0.01,156,213564,卖盘
1152,13:51:33,13.7,0.01,12,16440,买盘
1153,13:51:30,13.69,-0.01,4,5476,卖盘
1154,13:51:27,13.7,--,255,349350,买盘
1155,13:51:24,13.7,--,31,42470,买盘
1156,13:51:18,13.7,--,22,30140,买盘
1157,13:51:15,13.7,--,13,17810,买盘
1158,13:51:12,13.7,--,116,158920,买盘
1159,13:51:09,13.7,--,13,17810,买盘
1160,13:51:06,13.7,--,13,17810,买盘
1161,13:51:00,13.7,--,63,86310,买盘
1162,13:50:57,13.7,--,19,26030,买盘
1163,13:50:54,13.7,--,359,491830,买盘
1164,13:50:51,13.7,--,4,5480,买盘
1165,13:50:48,13.7,--,1,1370,买盘
1166,13:50:45,13.7,--,1,1370,买盘
1167,13:50:42,13.7,--,3,4110,买盘
1168,13:50:36,13.7,--,2,2740,买盘
1169,13:50:33,13.7,--,72,98640,买盘
1170,13:50:27,13.7,--,130,178100,买盘
1171,13:50:24,13.7,0.01,23,31510,买盘
1172,13:50:21,13.69,--,100,136900,卖盘
1173,13:50:18,13.69,--,63,86247,卖盘
1174,13:50:15,13.69,-0.01,16,21904,卖盘
1175,13:50:12,13.7,0.01,2,2740,买盘
1176,13:50:09,13.69,-0.01,11,15059,卖盘
1177,13:50:03,13.7,--,348,476760,买盘
1178,13:49:54,13.7,--,27,36990,买盘
1179,13:49:51,13.7,-0.01,199,272780,卖盘
1180,13:49:48,13.71,0.01,2,2742,买盘
1181,13:49:45,13.7,-0.01,85,116587,卖盘
1182,13:49:42,13.71,0.01,4,5484,买盘
1183,13:49:39,13.7,--,2,2740,卖盘
1184,13:49:36,13.7,-0.01,109,149330,卖盘
1185,13:49:33,13.71,--,184,252264,买盘
1186,13:49:30,13.71,--,1,1371,买盘
1187,13:49:24,13.71,-0.01,111,152181,中性盘
1188,13:49:21,13.72,0.02,10,13720,买盘
1189,13:49:18,13.7,-0.01,9,12330,卖盘
1190,13:49:15,13.71,--,734,1007109,买盘
1191,13:49:12,13.71,0.01,189,259119,买盘
1192,13:49:09,13.7,--,120,164400,卖盘
1193,13:49:06,13.7,-0.01,3,4110,卖盘
1194,13:49:03,13.71,0.01,18,24678,买盘
1195,13:49:00,13.7,-0.01,113,154810,卖盘
1196,13:48:57,13.71,0.01,242,331782,买盘
1197,13:48:54,13.7,-0.01,34,46580,卖盘
1198,13:48:45,13.71,0.01,76,104196,买盘
1199,13:48:42,13.7,--,207,283590,卖盘
1200,13:48:39,13.7,--,9,12330,卖盘
1201,13:48:36,13.7,-0.01,2,3288,卖盘
1202,13:48:33,13.71,0.01,61,83631,买盘
1203,13:48:30,13.7,-0.01,11,15070,卖盘
1204,13:48:27,13.71,--,11,15081,买盘
1205,13:48:24,13.71,0.01,38,52098,买盘
1206,13:48:18,13.7,-0.01,1,1370,卖盘
1207,13:48:12,13.71,0.01,43,58953,买盘
1208,13:48:09,13.7,-0.01,39,53430,卖盘
1209,13:48:06,13.71,--,201,275571,卖盘
1210,13:48:03,13.71,--,4,5484,卖盘
1211,13:48:00,13.71,-0.01,73,100083,卖盘
1212,13:47:57,13.72,--,56,76832,买盘
1213,13:47:54,13.72,--,3,4116,买盘
1214,13:47:51,13.72,0.01,10,13720,买盘
1215,13:47:48,13.71,-0.01,22,30162,卖盘
1216,13:47:45,13.72,--,1,1372,买盘
1217,13:47:42,13.72,--,10,13720,买盘
1218,13:47:36,13.72,--,139,190708,买盘
1219,13:47:33,13.72,--,3,4116,买盘
1220,13:47:30,13.72,0.01,14,19208,买盘
1221,13:47:27,13.71,--,32,43872,卖盘
1222,13:47:24,13.71,--,38,52098,卖盘
1223,13:47:21,13.71,-0.01,1,1371,卖盘
1224,13:47:18,13.72,--,6,8232,买盘
1225,13:47:15,13.72,--,25,34300,买盘
1226,13:47:12,13.72,--,102,139944,买盘
1227,13:47:06,13.72,--,138,189336,买盘
1228,13:47:00,13.72,0.01,27,37044,买盘
1229,13:46:57,13.71,-0.01,297,407187,卖盘
1230,13:46:54,13.72,--,16,21952,买盘
1231,13:46:51,13.72,0.01,180,246960,买盘
1232,13:46:48,13.71,-0.01,1,1371,卖盘
1233,13:46:42,13.72,--,116,159152,买盘
1234,13:46:39,13.72,--,69,94668,买盘
1235,13:46:33,13.72,--,117,160524,买盘
1236,13:46:30,13.72,0.01,60,82320,买盘
1237,13:46:27,13.71,-0.01,219,300249,卖盘
1238,13:46:24,13.72,0.01,3,4116,买盘
1239,13:46:21,13.71,-0.01,3,4113,卖盘
1240,13:46:15,13.72,--,13,17836,买盘
1241,13:46:12,13.72,--,4,5488,买盘
1242,13:46:06,13.72,0.01,2,2744,买盘
1243,13:45:57,13.71,--,201,275571,卖盘
1244,13:45:54,13.71,-0.01,80,109680,卖盘
1245,13:45:51,13.72,0.01,8,10976,买盘
1246,13:45:48,13.71,--,16,21936,卖盘
1247,13:45:45,13.71,-0.01,94,128874,卖盘
1248,13:45:42,13.72,0.01,82,112504,买盘
1249,13:45:39,13.71,--,98,134358,买盘
1250,13:45:36,13.71,--,2,2742,买盘
1251,13:45:33,13.71,0.01,25,34275,买盘
1252,13:45:30,13.7,--,94,128780,卖盘
1253,13:45:27,13.7,-0.01,245,335650,卖盘
1254,13:45:24,13.71,--,57,78147,买盘
1255,13:45:21,13.71,--,3,4113,买盘
1256,13:45:18,13.71,--,136,186456,买盘
1257,13:45:12,13.71,0.01,2,2742,买盘
1258,13:45:06,13.7,--,13,17810,卖盘
1259,13:45:03,13.7,--,5,6850,卖盘
1260,13:45:00,13.7,--,70,95900,卖盘
1261,13:44:57,13.7,--,90,123300,卖盘
1262,13:44:54,13.7,-0.01,20,27400,卖盘
1263,13:44:51,13.71,--,4,5484,买盘
1264,13:44:48,13.71,--,1,1371,买盘
1265,13:44:45,13.71,--,1,1371,买盘
1266,13:44:42,13.71,--,203,279519,买盘
1267,13:44:39,13.71,0.01,92,126132,买盘
1268,13:44:36,13.7,-0.01,113,154810,卖盘
1269,13:44:33,13.71,--,4,5484,买盘
1270,13:44:30,13.71,0.01,2,2742,买盘
1271,13:44:27,13.7,-0.01,8,10960,卖盘
1272,13:44:21,13.71,--,21,28955,卖盘
1273,13:44:15,13.71,--,15,21771,买盘
1274,13:44:12,13.71,0.01,13,17823,买盘
1275,13:44:09,13.7,-0.01,8,10960,卖盘
1276,13:44:06,13.71,--,11,15081,买盘
1277,13:44:03,13.71,--,2,2742,买盘
1278,13:44:00,13.71,0.01,99,135729,买盘
1279,13:43:54,13.7,--,11,15070,卖盘
1280,13:43:51,13.7,-0.01,179,245230,卖盘
1281,13:43:48,13.71,0.01,63,86373,买盘
1282,13:43:45,13.7,-0.01,917,1256290,卖盘
1283,13:43:42,13.71,0.01,103,141213,买盘
1284,13:43:39,13.7,--,100,137000,卖盘
1285,13:43:36,13.7,--,41,56170,卖盘
1286,13:43:33,13.7,--,2,2740,卖盘
1287,13:43:30,13.7,0.01,49,68404,买盘
1288,13:43:27,13.69,-0.01,64,87616,卖盘
1289,13:43:21,13.7,--,9,12330,买盘
1290,13:43:18,13.7,--,10,13700,买盘
1291,13:43:15,13.7,-0.01,5,6945,卖盘
1292,13:43:12,13.71,--,524,718404,买盘
1293,13:43:06,13.71,0.01,27,37017,买盘
1294,13:43:03,13.7,-0.01,132,180840,卖盘
1295,13:42:57,13.71,0.01,8,10968,买盘
1296,13:42:54,13.7,-0.01,32,43840,卖盘
1297,13:42:51,13.71,0.01,3,4113,买盘
1298,13:42:48,13.7,--,30,41100,卖盘
1299,13:42:45,13.7,-0.01,136,187594,卖盘
1300,13:42:42,13.71,0.01,16,21936,买盘
1301,13:42:39,13.7,--,15,20550,卖盘
1302,13:42:36,13.7,-0.01,232,317840,卖盘
1303,13:42:33,13.71,--,86,117906,买盘
1304,13:42:30,13.71,0.01,1,1371,买盘
1305,13:42:27,13.7,-0.01,271,371270,卖盘
1306,13:42:21,13.71,--,16,21936,买盘
1307,13:42:18,13.71,--,46,63066,买盘
1308,13:42:15,13.71,--,1,1371,买盘
1309,13:42:12,13.71,--,4,5484,买盘
1310,13:42:09,13.71,-0.01,20,28270,卖盘
1311,13:42:06,13.72,0.01,87,119364,买盘
1312,13:42:03,13.71,-0.01,1,1371,卖盘
1313,13:42:00,13.72,--,66,90552,买盘
1314,13:41:54,13.72,-0.01,13,17836,卖盘
1315,13:41:51,13.73,0.01,4,5492,买盘
1316,13:41:48,13.72,--,249,341628,买盘
1317,13:41:45,13.72,--,1,1372,买盘
1318,13:41:42,13.72,0.01,1,1372,买盘
1319,13:41:39,13.71,-0.01,88,120648,卖盘
1320,13:41:36,13.72,--,2,2744,买盘
1321,13:41:33,13.72,0.01,21,28812,买盘
1322,13:41:30,13.71,-0.01,91,125076,卖盘
1323,13:41:27,13.72,-0.01,4,5488,买盘
1324,13:41:24,13.73,0.02,6,8238,买盘
1325,13:41:21,13.71,--,89,122019,卖盘
1326,13:41:18,13.71,-0.02,120,164520,卖盘
1327,13:41:15,13.73,0.02,502,689246,买盘
1328,13:41:12,13.71,-0.01,11,15081,卖盘
1329,13:41:09,13.72,--,11,15092,买盘
1330,13:41:06,13.72,--,29,39788,买盘
1331,13:41:03,13.72,--,15,20580,买盘
1332,13:41:00,13.72,0.01,12,16464,买盘
1333,13:40:57,13.71,-0.01,13,17823,卖盘
1334,13:40:54,13.72,--,25,34300,买盘
1335,13:40:51,13.72,0.01,15,20580,买盘
1336,13:40:48,13.71,--,27,37647,卖盘
1337,13:40:45,13.71,--,7,9597,卖盘
1338,13:40:42,13.71,--,12,16452,卖盘
1339,13:40:39,13.71,--,55,75405,卖盘
1340,13:40:36,13.71,--,1,1371,卖盘
1341,13:40:33,13.71,-0.01,102,139842,卖盘
1342,13:40:30,13.72,--,349,479884,买盘
1343,13:40:27,13.72,0.01,4,5488,买盘
1344,13:40:24,13.71,-0.01,5,6855,卖盘
1345,13:40:21,13.72,0.01,12,16464,买盘
1346,13:40:18,13.71,-0.01,6,8226,卖盘
1347,13:40:15,13.72,--,44,60368,买盘
1348,13:40:12,13.72,--,24,32928,买盘
1349,13:40:09,13.72,-0.01,185,253820,卖盘
1350,13:40:06,13.73,0.01,41,56293,买盘
1351,13:40:03,13.72,--,10,13720,卖盘
1352,13:40:00,13.72,--,44,60368,卖盘
1353,13:39:57,13.72,--,76,104272,卖盘
1354,13:39:54,13.72,-0.01,9,12348,卖盘
1355,13:39:51,13.73,--,10,13730,买盘
1356,13:39:48,13.73,--,18,24714,买盘
1357,13:39:45,13.73,--,14,19222,买盘
1358,13:39:42,13.73,--,23,31579,买盘
1359,13:39:39,13.73,0.01,16,21968,买盘
1360,13:39:33,13.72,--,4,5488,卖盘
1361,13:39:30,13.72,-0.01,1,1372,卖盘
1362,13:39:27,13.73,--,3,4119,买盘
1363,13:39:24,13.73,--,28,38444,买盘
1364,13:39:21,13.73,--,3,4119,买盘
1365,13:39:18,13.73,--,50,68650,买盘
1366,13:39:15,13.73,--,92,126316,买盘
1367,13:39:12,13.73,0.01,304,417392,买盘
1368,13:39:09,13.72,--,7,9604,卖盘
1369,13:39:06,13.72,--,5,6860,卖盘
1370,13:39:03,13.72,--,1,1372,卖盘
1371,13:39:00,13.72,-0.01,3,4116,卖盘
1372,13:38:57,13.73,0.01,2,2746,买盘
1373,13:38:54,13.72,--,12,16464,卖盘
1374,13:38:51,13.72,-0.01,19,26068,卖盘
1375,13:38:48,13.73,--,14,19222,买盘
1376,13:38:45,13.73,--,24,32952,买盘
1377,13:38:42,13.73,--,2,2746,买盘
1378,13:38:33,13.73,0.01,20,27460,买盘
1379,13:38:30,13.72,--,50,68600,卖盘
1380,13:38:27,13.72,--,1,1372,卖盘
1381,13:38:24,13.72,-0.01,6,8232,中性盘
1382,13:38:21,13.73,0.02,204,280092,买盘
1383,13:38:18,13.71,-0.01,94,128874,卖盘
1384,13:38:15,13.72,--,8,10976,买盘
1385,13:38:12,13.72,--,7,9604,买盘
1386,13:38:09,13.72,--,6,8232,买盘
1387,13:38:06,13.72,--,12,16464,买盘
1388,13:38:03,13.72,--,13,17836,买盘
1389,13:37:57,13.72,-0.01,72,98784,卖盘
1390,13:37:51,13.73,--,53,72769,买盘
1391,13:37:45,13.73,--,1,1373,买盘
1392,13:37:42,13.73,0.01,13,17849,买盘
1393,13:37:39,13.72,-0.01,6,8232,卖盘
1394,13:37:36,13.73,--,1,1373,买盘
1395,13:37:27,13.73,0.01,1,1373,买盘
1396,13:37:24,13.72,0.01,50,68600,中性盘
1397,13:37:21,13.71,--,7,9597,卖盘
1398,13:37:18,13.71,-0.01,2,2742,卖盘
1399,13:37:15,13.72,--,2,2744,买盘
1400,13:37:12,13.72,--,53,72716,买盘
1401,13:37:06,13.72,--,1,1372,买盘
1402,13:36:54,13.72,-0.01,160,219520,卖盘
1403,13:36:48,13.73,0.01,3,4119,买盘
1404,13:36:42,13.72,-0.01,23,31556,中性盘
1405,13:36:36,13.73,0.02,17,23341,买盘
1406,13:36:33,13.71,-0.02,318,436060,卖盘
1407,13:36:30,13.73,0.01,1,1373,买盘
1408,13:36:27,13.72,0.01,153,211095,买盘
1409,13:36:24,13.71,-0.01,1,1371,卖盘
1410,13:36:21,13.72,--,33,45276,买盘
1411,13:36:18,13.72,--,166,227752,买盘
1412,13:36:15,13.72,--,609,835548,买盘
1413,13:36:12,13.72,0.01,5,6860,买盘
1414,13:36:09,13.71,-0.01,3,4113,卖盘
1415,13:36:00,13.72,--,22,30184,买盘
1416,13:35:51,13.72,--,23,31556,买盘
1417,13:35:48,13.72,0.01,5,6860,买盘
1418,13:35:45,13.71,-0.01,33,45243,卖盘
1419,13:35:42,13.72,--,219,300468,买盘
1420,13:35:39,13.72,--,1,1372,买盘
1421,13:35:36,13.72,--,127,175437,卖盘
1422,13:35:33,13.72,--,96,132617,卖盘
1423,13:35:30,13.72,--,12,16464,卖盘
1424,13:35:24,13.72,--,13,17836,卖盘
1425,13:35:18,13.72,-0.01,205,281260,卖盘
1426,13:35:15,13.73,--,10,13730,买盘
1427,13:35:12,13.73,--,512,703621,买盘
1428,13:35:09,13.73,--,17,23341,买盘
1429,13:35:06,13.73,0.01,10,13730,买盘
1430,13:35:00,13.72,-0.01,33,45276,卖盘
1431,13:34:57,13.73,0.01,15,20595,买盘
1432,13:34:51,13.72,-0.01,31,42532,卖盘
1433,13:34:48,13.73,--,8,10984,买盘
1434,13:34:45,13.73,--,3,4119,买盘
1435,13:34:42,13.73,--,3,4119,买盘
1436,13:34:36,13.73,--,1,1373,买盘
1437,13:34:33,13.73,--,7,9611,买盘
1438,13:34:30,13.73,0.01,19,26087,买盘
1439,13:34:27,13.72,-0.01,24,32928,卖盘
1440,13:34:24,13.73,-0.01,11,16160,卖盘
1441,13:34:21,13.74,--,2,2748,买盘
1442,13:34:18,13.74,0.01,3,4122,买盘
1443,13:34:15,13.73,-0.01,3,4119,卖盘
1444,13:34:12,13.74,0.01,4,5496,买盘
1445,13:34:09,13.73,--,65,89478,卖盘
1446,13:34:06,13.73,0.01,36,49510,买盘
1447,13:34:03,13.72,-0.01,104,142688,卖盘
1448,13:33:57,13.73,0.01,2,2746,买盘
1449,13:33:54,13.72,--,108,148176,卖盘
1450,13:33:51,13.72,-0.01,59,80948,卖盘
1451,13:33:48,13.73,--,17,23341,买盘
1452,13:33:42,13.73,--,5,6865,买盘
1453,13:33:39,13.73,--,30,41190,买盘
1454,13:33:36,13.73,--,51,70023,买盘
1455,13:33:33,13.73,--,18,24714,买盘
1456,13:33:27,13.73,-0.01,141,193593,卖盘
1457,13:33:24,13.74,0.01,20,27480,买盘
1458,13:33:21,13.73,-0.01,1,1373,卖盘
1459,13:33:18,13.74,0.01,5,6870,买盘
1460,13:33:15,13.73,-0.01,43,59039,卖盘
1461,13:33:12,13.74,--,20,27480,买盘
1462,13:33:09,13.74,--,23,31602,买盘
1463,13:33:06,13.74,0.01,1,1374,买盘
1464,13:33:00,13.73,--,15,20595,卖盘
1465,13:32:54,13.73,--,10,13730,卖盘
1466,13:32:51,13.73,-0.01,40,54920,卖盘
1467,13:32:48,13.74,0.01,16,21984,买盘
1468,13:32:45,13.73,-0.01,42,57666,卖盘
1469,13:32:42,13.74,--,84,115416,买盘
1470,13:32:39,13.74,--,37,50838,买盘
1471,13:32:36,13.74,--,72,99175,卖盘
1472,13:32:33,13.74,--,10,13740,卖盘
1473,13:32:21,13.74,-0.01,2,2748,卖盘
1474,13:32:18,13.75,--,4,5500,买盘
1475,13:32:15,13.75,--,1,1375,买盘
1476,13:32:12,13.75,0.01,2,2750,买盘
1477,13:32:09,13.74,--,50,68700,卖盘
1478,13:32:06,13.74,--,97,134610,卖盘
1479,13:32:03,13.74,--,34,46716,卖盘
1480,13:32:00,13.74,--,90,123660,卖盘
1481,13:31:57,13.74,--,1,1374,卖盘
1482,13:31:54,13.74,-0.01,3,4122,卖盘
1483,13:31:51,13.75,--,47,64625,买盘
1484,13:31:48,13.75,--,24,33000,买盘
1485,13:31:45,13.75,-0.01,19,26125,卖盘
1486,13:31:42,13.76,--,6,8256,买盘
1487,13:31:39,13.76,0.01,386,532305,买盘
1488,13:31:36,13.75,--,8,11000,买盘
1489,13:31:30,13.75,--,74,101750,买盘
1490,13:31:27,13.75,0.01,1,1375,买盘
1491,13:31:21,13.74,--,40,54960,卖盘
1492,13:31:18,13.74,-0.01,16,21984,卖盘
1493,13:31:15,13.75,--,1,1375,买盘
1494,13:31:12,13.75,0.01,541,743875,买盘
1495,13:31:09,13.74,--,7,9618,买盘
1496,13:31:06,13.74,--,60,82440,卖盘
1497,13:31:03,13.74,-0.01,50,68700,卖盘
1498,13:31:00,13.75,--,2,2750,买盘
1499,13:30:57,13.75,--,9,12375,买盘
1500,13:30:48,13.75,0.01,330,453750,买盘
1501,13:30:45,13.74,--,5,6870,卖盘
1502,13:30:42,13.74,-0.01,140,192360,卖盘
1503,13:30:39,13.75,0.01,2,2750,买盘
1504,13:30:30,13.74,-0.01,6,8244,卖盘
1505,13:30:27,13.75,0.01,15,20625,买盘
1506,13:30:24,13.74,0.01,105,144270,买盘
1507,13:30:21,13.73,-0.01,2,2746,卖盘
1508,13:30:18,13.74,--,13,17862,买盘
1509,13:30:15,13.74,--,1,1374,买盘
1510,13:30:12,13.74,--,7,9618,买盘
1511,13:30:09,13.74,--,8,10992,买盘
1512,13:30:03,13.74,-0.01,71,97554,卖盘
1513,13:30:00,13.75,0.02,193,265375,买盘
1514,13:29:57,13.73,-0.01,50,68650,卖盘
1515,13:29:54,13.74,--,17,23358,买盘
1516,13:29:48,13.74,--,70,96180,买盘
1517,13:29:45,13.74,--,7,9618,买盘
1518,13:29:42,13.74,-0.01,39,53586,卖盘
1519,13:29:39,13.75,--,27,37125,买盘
1520,13:29:36,13.75,0.01,3,4125,买盘
1521,13:29:33,13.74,--,3,4122,卖盘
1522,13:29:30,13.74,--,125,171750,买盘
1523,13:29:27,13.74,0.01,11,15114,买盘
1524,13:29:24,13.73,-0.01,63,86499,卖盘
1525,13:29:21,13.74,0.01,3,4122,买盘
1526,13:29:18,13.73,-0.01,4,5492,卖盘
1527,13:29:15,13.74,--,10,13740,买盘
1528,13:29:12,13.74,--,2,2748,买盘
1529,13:29:09,13.74,0.01,13,17862,买盘
1530,13:29:06,13.73,--,105,144165,卖盘
1531,13:29:03,13.73,-0.01,1,1373,卖盘
1532,13:29:00,13.74,--,44,60456,买盘
1533,13:28:57,13.74,0.01,195,267930,买盘
1534,13:28:54,13.73,--,35,48055,卖盘
1535,13:28:51,13.73,--,101,138673,买盘
1536,13:28:48,13.73,0.01,333,457209,买盘
1537,13:28:45,13.72,-0.01,86,117992,卖盘
1538,13:28:42,13.73,--,15,20595,买盘
1539,13:28:36,13.73,--,29,39817,买盘
1540,13:28:30,13.73,0.02,26,35698,买盘
1541,13:28:27,13.71,-0.01,22,30162,卖盘
1542,13:28:24,13.72,--,107,146804,买盘
1543,13:28:18,13.72,--,57,78204,买盘
1544,13:28:15,13.72,--,1,1372,买盘
1545,13:28:12,13.72,0.01,17,23324,买盘
1546,13:28:03,13.71,--,1,1371,卖盘
1547,13:28:00,13.71,--,4,5484,卖盘
1548,13:27:54,13.71,-0.01,103,141213,卖盘
1549,13:27:51,13.72,--,227,311444,买盘
1550,13:27:48,13.72,0.01,10,13720,买盘
1551,13:27:45,13.71,-0.01,9,12339,卖盘
1552,13:27:42,13.72,0.01,2,2744,买盘
1553,13:27:36,13.71,-0.01,22,30162,卖盘
1554,13:27:30,13.72,--,1,1372,买盘
1555,13:27:21,13.72,0.01,4,5488,买盘
1556,13:27:18,13.71,--,4,5484,卖盘
1557,13:27:15,13.71,-0.01,24,32904,卖盘
1558,13:27:12,13.72,--,5,6860,买盘
1559,13:27:06,13.72,0.01,30,41160,买盘
1560,13:27:03,13.71,-0.01,1,1371,卖盘
1561,13:27:00,13.72,-0.01,64,87808,卖盘
1562,13:26:57,13.73,--,4,5492,买盘
1563,13:26:54,13.73,--,1,1373,买盘
1564,13:26:48,13.73,--,182,249886,买盘
1565,13:26:45,13.73,--,6,8238,买盘
1566,13:26:42,13.73,0.01,174,238902,买盘
1567,13:26:39,13.72,-0.01,83,113876,卖盘
1568,13:26:36,13.73,0.01,1,1373,买盘
1569,13:26:33,13.72,-0.01,20,27440,卖盘
1570,13:26:30,13.73,--,101,138673,买盘
1571,13:26:27,13.73,--,10,13730,买盘
1572,13:26:21,13.73,--,10,13730,买盘
1573,13:26:12,13.73,--,15,20595,买盘
1574,13:26:09,13.73,--,3,4119,买盘
1575,13:26:06,13.73,0.01,9,12357,买盘
1576,13:26:03,13.72,-0.01,1,1372,卖盘
1577,13:25:57,13.73,0.01,26,35698,买盘
1578,13:25:54,13.72,-0.01,5,6860,卖盘
1579,13:25:51,13.73,--,136,186728,买盘
1580,13:25:42,13.73,--,19,26087,买盘
1581,13:25:39,13.73,--,2,2746,买盘
1582,13:25:36,13.73,0.01,20,27460,买盘
1583,13:25:24,13.72,--,76,104272,买盘
1584,13:25:12,13.72,--,9,12348,买盘
1585,13:25:09,13.72,0.01,36,49392,买盘
1586,13:25:06,13.71,--,26,35646,卖盘
1587,13:25:03,13.71,-0.01,3,4113,卖盘
1588,13:25:00,13.72,0.01,100,137200,买盘
1589,13:24:57,13.71,--,3,4113,卖盘
1590,13:24:54,13.71,0.01,54,74034,中性盘
1591,13:24:51,13.7,-0.02,600,822000,卖盘
1592,13:24:48,13.72,--,10,13720,买盘
1593,13:24:45,13.72,-0.01,312,428064,卖盘
1594,13:24:42,13.73,0.01,3,4119,买盘
1595,13:24:39,13.72,-0.01,24,32928,卖盘
1596,13:24:36,13.73,0.01,3,4119,买盘
1597,13:24:33,13.72,--,31,42532,卖盘
1598,13:24:30,13.72,-0.01,21,28812,卖盘
1599,13:24:27,13.73,0.01,26,35698,买盘
1600,13:24:24,13.72,-0.01,230,315560,卖盘
1601,13:24:18,13.73,--,38,52174,买盘
1602,13:24:15,13.73,--,7,9611,买盘
1603,13:24:12,13.73,0.01,11,15103,买盘
1604,13:24:09,13.72,-0.01,65,89180,卖盘
1605,13:24:06,13.73,--,63,86499,买盘
1606,13:24:00,13.73,--,37,50801,买盘
1607,13:23:54,13.73,--,136,186728,卖盘
1608,13:23:51,13.73,-0.01,41,56293,卖盘
1609,13:23:48,13.74,--,38,52212,买盘
1610,13:23:45,13.74,--,10,13740,买盘
1611,13:23:42,13.74,--,54,74196,买盘
1612,13:23:39,13.74,--,3,4122,买盘
1613,13:23:33,13.74,--,14,19236,买盘
1614,13:23:24,13.74,--,12,16488,买盘
1615,13:23:21,13.74,--,50,68700,买盘
1616,13:23:18,13.74,--,12,16488,买盘
1617,13:23:12,13.74,-0.01,4,5496,中性盘
1618,13:23:09,13.75,--,4,5500,买盘
1619,13:23:06,13.75,0.01,206,283250,买盘
1620,13:23:03,13.74,--,7,9618,卖盘
1621,13:23:00,13.74,--,190,261060,买盘
1622,13:22:54,13.74,--,22,30228,买盘
1623,13:22:48,13.74,--,8,10992,买盘
1624,13:22:45,13.74,--,651,894474,买盘
1625,13:22:42,13.74,--,8,10992,买盘
1626,13:22:39,13.74,--,14,19236,买盘
1627,13:22:36,13.74,0.01,174,239076,买盘
1628,13:22:33,13.73,-0.01,5,6865,卖盘
1629,13:22:30,13.74,--,2,2748,买盘
1630,13:22:27,13.74,0.01,2,2748,买盘
1631,13:22:24,13.73,-0.01,3,4119,卖盘
1632,13:22:21,13.74,0.01,1,1374,买盘
1633,13:22:15,13.73,-0.01,100,137300,卖盘
1634,13:22:12,13.74,--,8,10992,买盘
1635,13:22:09,13.74,-0.01,81,111294,卖盘
1636,13:22:03,13.75,--,5,6875,买盘
1637,13:22:00,13.75,--,2,2750,买盘
1638,13:21:57,13.75,--,5,6875,买盘
1639,13:21:51,13.75,--,211,290125,买盘
1640,13:21:45,13.75,--,204,280500,买盘
1641,13:21:42,13.75,--,16,22000,买盘
1642,13:21:39,13.75,--,79,108625,买盘
1643,13:21:30,13.75,--,177,243375,卖盘
1644,13:21:27,13.75,0.01,159,218625,买盘
1645,13:21:21,13.74,-0.02,1,1374,卖盘
1646,13:21:18,13.76,0.01,1059,1457184,买盘
1647,13:21:15,13.75,--,14,19250,买盘
1648,13:21:12,13.75,0.01,7,9625,买盘
1649,13:21:09,13.74,--,40,54960,买盘
1650,13:21:06,13.74,--,7,9618,买盘
1651,13:21:03,13.74,--,38,52212,买盘
1652,13:21:00,13.74,--,23,31602,买盘
1653,13:20:57,13.74,--,136,186864,买盘
1654,13:20:51,13.74,--,402,552348,卖盘
1655,13:20:48,13.74,-0.01,100,137400,卖盘
1656,13:20:42,13.75,0.01,10,13750,买盘
1657,13:20:39,13.74,0.01,23,31602,买盘
1658,13:20:36,13.73,-0.01,128,175744,卖盘
1659,13:20:33,13.74,0.01,114,156636,买盘
1660,13:20:30,13.73,-0.01,1,1373,卖盘
1661,13:20:24,13.74,0.01,109,149766,买盘
1662,13:20:18,13.73,-0.01,27,37071,卖盘
1663,13:20:15,13.74,--,4,5496,买盘
1664,13:20:12,13.74,0.01,43,59082,买盘
1665,13:20:09,13.73,-0.01,17,23341,卖盘
1666,13:20:06,13.74,--,1,1374,买盘
1667,13:20:00,13.74,--,157,215718,买盘
1668,13:19:57,13.74,0.01,2,2748,买盘
1669,13:19:54,13.73,-0.01,195,267735,卖盘
1670,13:19:51,13.74,--,61,83814,买盘
1671,13:19:45,13.74,--,8,10992,买盘
1672,13:19:42,13.74,--,76,104424,买盘
1673,13:19:39,13.74,--,4,5496,买盘
1674,13:19:36,13.74,--,1,1374,买盘
1675,13:19:33,13.74,--,50,68700,买盘
1676,13:19:30,13.74,--,5,6870,买盘
1677,13:19:27,13.74,--,59,81066,买盘
1678,13:19:24,13.74,0.01,50,68700,买盘
1679,13:19:21,13.73,-0.01,22,30206,卖盘
1680,13:19:15,13.74,0.01,29,39846,买盘
1681,13:19:12,13.73,--,35,48055,买盘
1682,13:19:09,13.73,--,53,72769,买盘
1683,13:19:06,13.73,--,15,20595,买盘
1684,13:19:03,13.73,--,3,4119,买盘
1685,13:18:57,13.73,0.01,6,8238,买盘
1686,13:18:54,13.72,-0.01,10,13720,卖盘
1687,13:18:51,13.73,--,24,32952,买盘
1688,13:18:48,13.73,--,10,13730,买盘
1689,13:18:42,13.73,0.01,12,16476,买盘
1690,13:18:39,13.72,0.02,1163,1595636,买盘
1691,13:18:36,13.7,-0.01,13,17810,卖盘
1692,13:18:30,13.71,0.01,22,30162,买盘
1693,13:18:21,13.7,-0.01,12,16440,卖盘
1694,13:18:18,13.71,--,15,20565,买盘
1695,13:18:15,13.71,--,61,83631,买盘
1696,13:18:12,13.71,--,4,5484,买盘
1697,13:18:09,13.71,--,28,38388,买盘
1698,13:18:06,13.71,--,34,46614,买盘
1699,13:18:03,13.71,--,95,130245,买盘
1700,13:18:00,13.71,--,207,283797,买盘
1701,13:17:57,13.71,--,3,4113,买盘
1702,13:17:48,13.71,--,11,15081,买盘
1703,13:17:45,13.71,--,40,54840,买盘
1704,13:17:42,13.71,0.01,262,359202,买盘
1705,13:17:39,13.7,-0.01,2,2740,卖盘
1706,13:17:36,13.71,--,3,4113,买盘
1707,13:17:27,13.71,0.01,1,1371,买盘
1708,13:17:21,13.7,-0.01,4,5480,卖盘
1709,13:17:18,13.71,0.01,7,9597,买盘
1710,13:17:15,13.7,-0.01,5,6850,卖盘
1711,13:17:12,13.71,--,15,20565,买盘
1712,13:17:09,13.71,--,29,39759,买盘
1713,13:17:06,13.71,--,4,5484,买盘
1714,13:16:57,13.71,0.01,8,10968,买盘
1715,13:16:54,13.7,-0.01,19,26304,卖盘
1716,13:16:48,13.71,--,2,2742,买盘
1717,13:16:45,13.71,--,16,21936,买盘
1718,13:16:42,13.71,--,12,16452,买盘
1719,13:16:39,13.71,--,53,72663,买盘
1720,13:16:36,13.71,0.01,50,68550,买盘
1721,13:16:21,13.7,-0.01,1,1370,卖盘
1722,13:16:18,13.71,0.01,10,13710,买盘
1723,13:16:15,13.7,-0.01,120,164400,卖盘
1724,13:16:12,13.71,--,13,17823,买盘
1725,13:16:09,13.71,--,137,187827,买盘
1726,13:16:06,13.71,--,4,5484,买盘
1727,13:16:00,13.71,0.01,103,141213,买盘
1728,13:15:57,13.7,-0.01,8,10960,卖盘
1729,13:15:54,13.71,0.01,22,30162,买盘
1730,13:15:51,13.7,--,2,2740,卖盘
1731,13:15:48,13.7,-0.01,26,35620,卖盘
1732,13:15:45,13.71,--,1,1371,买盘
1733,13:15:42,13.71,0.01,32,43872,买盘
1734,13:15:39,13.7,-0.01,159,217830,卖盘
1735,13:15:36,13.71,0.01,5,6855,买盘
1736,13:15:33,13.7,-0.01,90,123300,卖盘
1737,13:15:30,13.71,--,22,30162,买盘
1738,13:15:27,13.71,0.01,1,1371,买盘
1739,13:15:24,13.7,--,191,261670,卖盘
1740,13:15:21,13.7,--,39,53430,卖盘
1741,13:15:18,13.7,-0.01,1,1370,卖盘
1742,13:15:12,13.71,--,2,2742,买盘
1743,13:15:09,13.71,--,33,45243,买盘
1744,13:15:06,13.71,--,3,4113,买盘
1745,13:15:03,13.71,--,10,13710,买盘
1746,13:15:00,13.71,--,395,541545,买盘
1747,13:14:48,13.71,--,1,1371,买盘
1748,13:14:45,13.71,--,136,186456,买盘
1749,13:14:42,13.71,0.01,166,227586,买盘
1750,13:14:39,13.7,-0.01,27,36990,卖盘
1751,13:14:36,13.71,0.01,104,142584,买盘
1752,13:14:33,13.7,-0.01,74,101380,卖盘
1753,13:14:30,13.71,--,2,2742,买盘
1754,13:14:27,13.71,--,20,27420,买盘
1755,13:14:24,13.71,--,14,19194,买盘
1756,13:14:21,13.71,--,13,17823,买盘
1757,13:14:15,13.71,--,21,28791,买盘
1758,13:14:12,13.71,--,15,20565,买盘
1759,13:14:09,13.71,-0.01,6,8226,卖盘
1760,13:14:06,13.72,--,5,6860,买盘
1761,13:14:03,13.72,--,32,43904,买盘
1762,13:13:57,13.72,--,2,2744,买盘
1763,13:13:54,13.72,0.01,10,13720,买盘
1764,13:13:51,13.71,--,3,4113,买盘
1765,13:13:42,13.71,--,12,16452,买盘
1766,13:13:36,13.71,--,42,57582,买盘
1767,13:13:33,13.71,-0.01,7,9597,卖盘
1768,13:13:30,13.72,--,1,1372,买盘
1769,13:13:24,13.72,--,5,6860,买盘
1770,13:13:21,13.72,0.02,6,8232,买盘
1771,13:13:18,13.7,-0.01,130,178100,卖盘
1772,13:13:12,13.71,--,195,267345,买盘
1773,13:13:09,13.71,0.01,278,381138,买盘
1774,13:13:06,13.7,--,5,6850,卖盘
1775,13:13:03,13.7,--,35,47950,卖盘
1776,13:13:00,13.7,--,100,137000,卖盘
1777,13:12:54,13.7,--,21,28770,卖盘
1778,13:12:51,13.7,-0.01,1,1370,卖盘
1779,13:12:45,13.71,0.01,4,5484,买盘
1780,13:12:42,13.7,--,191,261670,买盘
1781,13:12:39,13.7,--,6,8220,买盘
1782,13:12:36,13.7,--,30,41100,买盘
1783,13:12:33,13.7,0.01,45,61650,买盘
1784,13:12:30,13.69,-0.01,4,5476,卖盘
1785,13:12:27,13.7,--,15,20550,买盘
1786,13:12:24,13.7,--,40,54800,买盘
1787,13:12:21,13.7,--,13,17810,买盘
1788,13:12:18,13.7,0.01,1,1370,买盘
1789,13:12:15,13.69,-0.01,3,4107,卖盘
1790,13:12:12,13.7,--,43,58910,买盘
1791,13:12:09,13.7,--,273,374010,买盘
1792,13:12:06,13.7,--,2,2740,买盘
1793,13:12:03,13.7,0.01,51,69870,买盘
1794,13:11:57,13.69,-0.01,15,20535,卖盘
1795,13:11:54,13.7,--,197,269890,买盘
1796,13:11:51,13.7,--,18,24660,买盘
1797,13:11:42,13.7,0.01,2,2740,买盘
1798,13:11:36,13.69,--,33,45177,卖盘
1799,13:11:33,13.69,-0.01,27,36963,卖盘
1800,13:11:30,13.7,--,4,5480,买盘
1801,13:11:24,13.7,--,95,130150,买盘
1802,13:11:21,13.7,--,54,73980,买盘
1803,13:11:18,13.7,--,92,126040,买盘
1804,13:11:15,13.7,--,8,10960,买盘
1805,13:11:12,13.7,--,6,8220,买盘
1806,13:11:09,13.7,0.01,2,2740,买盘
1807,13:11:06,13.69,--,67,91723,卖盘
1808,13:11:03,13.69,--,4,5476,卖盘
1809,13:10:57,13.69,-0.01,48,65712,卖盘
1810,13:10:54,13.7,--,185,253450,买盘
1811,13:10:51,13.7,0.01,3,4110,买盘
1812,13:10:48,13.69,-0.01,15,20535,卖盘
1813,13:10:42,13.7,--,2,2740,买盘
1814,13:10:39,13.7,--,20,27400,买盘
1815,13:10:36,13.7,0.01,131,179470,买盘
1816,13:10:33,13.69,--,8,10952,卖盘
1817,13:10:30,13.69,-0.01,31,42439,卖盘
1818,13:10:27,13.7,0.01,97,132890,买盘
1819,13:10:21,13.69,--,1,1369,卖盘
1820,13:10:18,13.69,-0.01,2,2738,卖盘
1821,13:10:15,13.7,--,136,186320,买盘
1822,13:10:12,13.7,--,16,21920,买盘
1823,13:10:09,13.7,0.01,2,2740,买盘
1824,13:10:06,13.69,-0.01,5,6845,卖盘
1825,13:10:03,13.7,0.01,2,2740,买盘
1826,13:10:00,13.69,--,18,24642,卖盘
1827,13:09:57,13.69,--,3,4107,卖盘
1828,13:09:54,13.69,-0.01,4,5476,卖盘
1829,13:09:51,13.7,--,9,12330,买盘
1830,13:09:48,13.7,--,1,1370,买盘
1831,13:09:45,13.7,--,1,1370,买盘
1832,13:09:42,13.7,0.01,3,4110,买盘
1833,13:09:39,13.69,-0.01,4,5476,卖盘
1834,13:09:36,13.7,0.01,4,5480,买盘
1835,13:09:33,13.69,-0.01,27,36963,卖盘
1836,13:09:30,13.7,--,11,15070,买盘
1837,13:09:27,13.7,0.01,4,5480,买盘
1838,13:09:24,13.69,-0.01,11,15059,卖盘
1839,13:09:21,13.7,0.01,1,1370,买盘
1840,13:09:18,13.69,--,1,1369,卖盘
1841,13:09:15,13.69,-0.01,2,2738,卖盘
1842,13:09:12,13.7,--,4,5480,买盘
1843,13:09:09,13.7,--,23,31510,买盘
1844,13:09:06,13.7,--,64,87680,买盘
1845,13:09:00,13.7,--,86,117820,买盘
1846,13:08:57,13.7,--,3,4110,买盘
1847,13:08:54,13.7,--,1,1370,买盘
1848,13:08:51,13.7,--,23,31510,买盘
1849,13:08:48,13.7,0.01,32,43840,买盘
1850,13:08:45,13.69,-0.01,13,17797,卖盘
1851,13:08:42,13.7,0.01,3,4110,买盘
1852,13:08:39,13.69,-0.01,214,292966,卖盘
1853,13:08:36,13.7,0.01,4,5480,买盘
1854,13:08:33,13.69,--,20,27380,卖盘
1855,13:08:30,13.69,-0.01,28,38332,卖盘
1856,13:08:24,13.7,--,22,30140,买盘
1857,13:08:21,13.7,--,3,4110,买盘
1858,13:08:18,13.7,--,232,317840,买盘
1859,13:08:15,13.7,--,3,4110,买盘
1860,13:08:12,13.7,--,8,10960,买盘
1861,13:08:09,13.7,--,20,27400,买盘
1862,13:08:06,13.7,0.01,11,15070,买盘
1863,13:08:03,13.69,--,11,15059,卖盘
1864,13:08:00,13.69,--,17,23273,卖盘
1865,13:07:57,13.69,-0.01,20,27380,卖盘
1866,13:07:54,13.7,0.01,41,56170,买盘
1867,13:07:48,13.69,--,70,95830,卖盘
1868,13:07:42,13.69,--,15,20535,卖盘
1869,13:07:39,13.69,--,39,53391,卖盘
1870,13:07:36,13.69,--,15,20562,卖盘
1871,13:07:33,13.69,--,38,52022,卖盘
1872,13:07:30,13.69,-0.01,163,223147,卖盘
1873,13:07:27,13.7,--,8,10960,买盘
1874,13:07:24,13.7,0.01,8,10960,买盘
1875,13:07:21,13.69,-0.01,101,138269,卖盘
1876,13:07:15,13.7,--,10,13700,买盘
1877,13:07:12,13.7,0.01,2,2740,买盘
1878,13:07:09,13.69,-0.01,50,68450,卖盘
1879,13:07:03,13.7,--,10,13700,买盘
1880,13:07:00,13.7,0.01,18,24660,买盘
1881,13:06:57,13.69,-0.01,5,6845,卖盘
1882,13:06:51,13.7,--,32,43840,买盘
1883,13:06:48,13.7,--,31,42470,买盘
1884,13:06:45,13.7,--,5,6850,买盘
1885,13:06:42,13.7,0.01,46,63020,买盘
1886,13:06:39,13.69,-0.01,3,4107,卖盘
1887,13:06:36,13.7,--,1,1370,买盘
1888,13:06:33,13.7,0.01,2,2740,买盘
1889,13:06:30,13.69,--,28,38332,卖盘
1890,13:06:27,13.69,--,35,47915,卖盘
1891,13:06:24,13.69,-0.01,190,260110,卖盘
1892,13:06:18,13.7,--,1,1370,买盘
1893,13:06:12,13.7,--,42,57540,买盘
1894,13:06:09,13.7,--,20,27400,买盘
1895,13:06:06,13.7,--,15,20550,买盘
1896,13:06:03,13.7,--,35,47950,买盘
1897,13:05:57,13.7,--,40,55896,买盘
1898,13:05:51,13.7,0.01,4,5480,买盘
1899,13:05:48,13.69,-0.01,12,16428,卖盘
1900,13:05:45,13.7,--,126,172620,买盘
1901,13:05:42,13.7,--,4,5480,买盘
1902,13:05:39,13.7,0.01,1,1370,买盘
1903,13:05:36,13.69,-0.01,4,5476,卖盘
1904,13:05:33,13.7,--,3,4110,买盘
1905,13:05:30,13.7,--,66,90420,买盘
1906,13:05:27,13.7,0.01,80,109600,买盘
1907,13:05:21,13.69,--,4,5476,卖盘
1908,13:05:18,13.69,-0.01,1,1369,卖盘
1909,13:05:15,13.7,--,1,1370,买盘
1910,13:05:12,13.7,0.01,76,104120,买盘
1911,13:05:09,13.69,-0.01,60,82140,卖盘
1912,13:05:06,13.7,--,54,73980,买盘
1913,13:05:03,13.7,0.01,6,8220,买盘
1914,13:05:00,13.69,--,425,581825,卖盘
1915,13:04:57,13.69,--,50,68450,卖盘
1916,13:04:51,13.69,-0.01,2,2738,卖盘
1917,13:04:48,13.7,--,3,4110,买盘
1918,13:04:42,13.7,0.01,32,43840,买盘
1919,13:04:39,13.69,--,107,146483,卖盘
1920,13:04:36,13.69,-0.01,2,2738,卖盘
1921,13:04:33,13.7,--,28,38360,买盘
1922,13:04:30,13.7,-0.01,10,14796,卖盘
1923,13:04:27,13.71,0.01,48,65808,买盘
1924,13:04:21,13.7,-0.01,1,1370,卖盘
1925,13:04:18,13.71,0.01,113,154923,买盘
1926,13:04:15,13.7,-0.01,579,793230,卖盘
1927,13:04:12,13.71,0.01,6,8226,买盘
1928,13:04:09,13.7,-0.01,201,275370,卖盘
1929,13:04:06,13.71,--,1,1371,买盘
1930,13:04:03,13.71,0.01,105,143955,买盘
1931,13:04:00,13.7,--,21,28770,卖盘
1932,13:03:57,13.7,-0.01,10,13700,卖盘
1933,13:03:54,13.71,--,14,19194,买盘
1934,13:03:51,13.71,0.01,10,13710,买盘
1935,13:03:48,13.7,-0.01,6,8220,卖盘
1936,13:03:45,13.71,--,12,16452,买盘
1937,13:03:42,13.71,--,23,31533,买盘
1938,13:03:39,13.71,--,14,19194,买盘
1939,13:03:33,13.71,0.01,34,46614,买盘
1940,13:03:30,13.7,-0.01,32,43840,卖盘
1941,13:03:24,13.71,--,10,13710,买盘
1942,13:03:21,13.71,--,6,8226,买盘
1943,13:03:18,13.71,--,37,50727,买盘
1944,13:03:12,13.71,0.01,37,50727,买盘
1945,13:03:09,13.7,-0.01,6,8220,卖盘
1946,13:03:03,13.71,0.01,139,190569,买盘
1947,13:03:00,13.7,-0.01,126,172620,卖盘
1948,13:02:57,13.71,0.01,64,87744,买盘
1949,13:02:54,13.7,--,100,137000,卖盘
1950,13:02:51,13.7,-0.01,174,238380,卖盘
1951,13:02:48,13.71,0.01,53,72663,买盘
1952,13:02:45,13.7,-0.01,355,486350,卖盘
1953,13:02:42,13.71,0.01,12,16452,买盘
1954,13:02:39,13.7,--,56,76720,卖盘
1955,13:02:36,13.7,--,1,1370,卖盘
1956,13:02:33,13.7,--,6,8220,卖盘
1957,13:02:30,13.7,--,51,69870,卖盘
1958,13:02:27,13.7,--,46,63020,卖盘
1959,13:02:24,13.7,--,10,13700,卖盘
1960,13:02:21,13.7,--,1328,1819634,买盘
1961,13:02:18,13.7,--,19,26030,买盘
1962,13:02:15,13.7,--,132,180840,买盘
1963,13:02:12,13.7,--,2,2740,买盘
1964,13:02:06,13.7,--,43,58910,买盘
1965,13:02:03,13.7,--,83,113710,买盘
1966,13:02:00,13.7,0.01,6,8220,买盘
1967,13:01:54,13.69,--,228,312132,卖盘
1968,13:01:51,13.69,-0.01,131,179339,卖盘
1969,13:01:48,13.7,0.01,102,139740,买盘
1970,13:01:45,13.69,-0.01,295,403855,卖盘
1971,13:01:42,13.7,--,6,8220,买盘
1972,13:01:39,13.7,--,3,4110,买盘
1973,13:01:36,13.7,--,208,284960,买盘
1974,13:01:33,13.7,--,3,4110,买盘
1975,13:01:30,13.7,--,21,28770,买盘
1976,13:01:27,13.7,0.01,137,187690,买盘
1977,13:01:21,13.69,--,2,2738,卖盘
1978,13:01:18,13.69,--,214,292966,买盘
1979,13:01:15,13.69,--,410,561290,买盘
1980,13:01:12,13.69,0.01,3,4107,买盘
1981,13:01:09,13.68,-0.01,79,108072,卖盘
1982,13:01:03,13.69,0.01,275,376475,买盘
1983,13:01:00,13.68,--,30,41040,买盘
1984,13:00:57,13.68,--,80,109440,买盘
1985,13:00:54,13.68,--,24,32832,买盘
1986,13:00:51,13.68,0.01,1,1368,买盘
1987,13:00:48,13.67,-0.01,36,49212,卖盘
1988,13:00:45,13.68,--,22,30096,买盘
1989,13:00:42,13.68,0.01,103,140904,买盘
1990,13:00:39,13.67,-0.01,4,5468,卖盘
1991,13:00:36,13.68,--,1,1368,买盘
1992,13:00:33,13.68,--,3,4104,买盘
1993,13:00:30,13.68,--,1,1368,买盘
1994,13:00:27,13.68,--,6,8208,买盘
1995,13:00:24,13.68,--,4,5472,买盘
1996,13:00:21,13.68,--,10,13680,买盘
1997,13:00:15,13.68,--,2,2736,买盘
1998,13:00:12,13.68,0.01,59,80712,买盘
1999,13:00:09,13.67,--,229,313043,卖盘
2000,13:00:06,13.67,-0.01,116,158572,卖盘
2001,13:00:03,13.68,0.01,669,915192,买盘
2002,13:00:00,13.67,--,0,0,买盘
2003,11:30:00,13.67,--,48,65616,买盘
2004,11:29:54,13.67,0.01,30,41010,买盘
2005,11:29:51,13.66,-0.01,71,96986,卖盘
2006,11:29:42,13.67,--,39,53313,买盘
2007,11:29:39,13.67,0.01,168,229656,买盘
2008,11:29:36,13.66,--,117,159822,卖盘
2009,11:29:33,13.66,-0.01,8,10928,卖盘
2010,11:29:30,13.67,--,3,4101,买盘
2011,11:29:24,13.67,--,42,57414,卖盘
2012,11:29:21,13.67,--,5,6835,卖盘
2013,11:29:18,13.67,-0.01,1,1367,卖盘
2014,11:29:15,13.68,--,7,9576,买盘
2015,11:29:12,13.68,0.01,35,47880,买盘
2016,11:29:06,13.67,--,10,13670,卖盘
2017,11:29:03,13.67,--,27,36909,卖盘
2018,11:29:00,13.67,--,7,9569,卖盘
2019,11:28:57,13.67,-0.01,44,60148,卖盘
2020,11:28:54,13.68,--,1,1368,买盘
2021,11:28:42,13.68,0.01,1,1368,买盘
2022,11:28:39,13.67,0.01,55,75185,买盘
2023,11:28:36,13.66,-0.01,3,4098,卖盘
2024,11:28:33,13.67,0.01,101,138067,买盘
2025,11:28:30,13.66,--,36,49176,卖盘
2026,11:28:24,13.66,--,75,102450,卖盘
2027,11:28:21,13.66,--,153,208998,卖盘
2028,11:28:18,13.66,-0.01,2,2732,卖盘
2029,11:28:15,13.67,--,20,27340,买盘
2030,11:28:12,13.67,--,1,1367,买盘
2031,11:28:09,13.67,--,6,8202,买盘
2032,11:28:06,13.67,0.01,5,6835,买盘
2033,11:28:00,13.66,--,97,132502,卖盘
2034,11:27:57,13.66,-0.01,21,28686,卖盘
2035,11:27:54,13.67,--,56,76552,买盘
2036,11:27:51,13.67,--,10,13670,买盘
2037,11:27:48,13.67,--,37,50579,买盘
2038,11:27:45,13.67,--,21,28707,买盘
2039,11:27:42,13.67,--,16,21872,买盘
2040,11:27:39,13.67,--,151,206417,买盘
2041,11:27:36,13.67,0.01,2,2734,买盘
2042,11:27:33,13.66,-0.01,20,27320,卖盘
2043,11:27:30,13.67,--,15,20505,买盘
2044,11:27:27,13.67,--,18,24606,买盘
2045,11:27:24,13.67,0.01,36,49212,买盘
2046,11:27:21,13.66,--,196,267736,卖盘
2047,11:27:18,13.66,-0.01,18,24588,卖盘
2048,11:27:15,13.67,0.01,2,2734,买盘
2049,11:27:12,13.66,-0.01,33,45078,卖盘
2050,11:27:09,13.67,0.01,3,4101,买盘
2051,11:27:03,13.66,-0.01,200,273200,卖盘
2052,11:27:00,13.67,0.01,12,16404,买盘
2053,11:26:57,13.66,--,68,92888,卖盘
2054,11:26:54,13.66,--,72,98352,卖盘
2055,11:26:48,13.66,-0.01,205,280030,卖盘
2056,11:26:45,13.67,0.01,156,213252,买盘
2057,11:26:42,13.66,-0.01,6,8196,卖盘
2058,11:26:39,13.67,--,5,6835,买盘
2059,11:26:36,13.67,--,54,73818,买盘
2060,11:26:33,13.67,--,2,2734,买盘
2061,11:26:30,13.67,0.01,24,32808,买盘
2062,11:26:27,13.66,-0.01,4,5464,卖盘
2063,11:26:21,13.67,0.01,56,76552,买盘
2064,11:26:18,13.66,--,9,12294,卖盘
2065,11:26:15,13.66,-0.01,82,112012,卖盘
2066,11:26:12,13.67,--,1,1367,买盘
2067,11:26:09,13.67,0.01,120,164040,买盘
2068,11:26:06,13.66,-0.01,110,150260,卖盘
2069,11:26:03,13.67,-0.01,60,82020,卖盘
2070,11:26:00,13.68,0.02,28,38304,买盘
2071,11:25:57,13.66,--,1,1366,卖盘
2072,11:25:54,13.66,-0.01,3,4098,卖盘
2073,11:25:51,13.67,-0.01,2,2734,买盘
2074,11:25:48,13.68,0.01,23,31464,买盘
2075,11:25:42,13.67,0.01,2,2734,中性盘
2076,11:25:30,13.66,-0.03,5,6830,卖盘
2077,11:25:27,13.69,--,4,5476,买盘
2078,11:25:24,13.69,0.03,10,13690,买盘
2079,11:25:21,13.66,-0.03,4388,5994486,卖盘
2080,11:25:15,13.69,--,36,49284,买盘
2081,11:25:12,13.69,0.01,9,12321,买盘
2082,11:25:06,13.68,-0.01,187,255816,卖盘
2083,11:25:03,13.69,0.01,56,76664,买盘
2084,11:25:00,13.68,-0.01,10,13680,卖盘
2085,11:24:57,13.69,-0.01,259,354571,卖盘
2086,11:24:54,13.7,0.01,150,205500,买盘
2087,11:24:51,13.69,-0.01,2,2738,卖盘
2088,11:24:48,13.7,0.01,11,15070,买盘
2089,11:24:45,13.69,--,10,13690,卖盘
2090,11:24:42,13.69,--,428,585932,卖盘
2091,11:24:36,13.69,--,45,61605,卖盘
2092,11:24:33,13.69,--,20,27380,卖盘
2093,11:24:30,13.69,--,27,36963,卖盘
2094,11:24:27,13.69,-0.01,6,8214,卖盘
2095,11:24:24,13.7,0.01,36,49320,买盘
2096,11:24:21,13.69,--,13,17797,卖盘
2097,11:24:18,13.69,-0.01,2,2738,卖盘
2098,11:24:15,13.7,--,53,72610,买盘
2099,11:24:12,13.7,--,27,36990,买盘
2100,11:24:09,13.7,--,6,8220,买盘
2101,11:24:06,13.7,0.01,1,1370,买盘
2102,11:24:03,13.69,-0.01,74,101306,卖盘
2103,11:24:00,13.7,0.01,58,79460,买盘
2104,11:23:57,13.69,--,23,31487,卖盘
2105,11:23:54,13.69,-0.01,77,105413,卖盘
2106,11:23:51,13.7,--,12,16440,买盘
2107,11:23:48,13.7,--,10,13700,买盘
2108,11:23:45,13.7,--,77,105490,买盘
2109,11:23:42,13.7,--,4,5480,买盘
2110,11:23:39,13.7,--,4,5480,买盘
2111,11:23:36,13.7,--,186,254820,买盘
2112,11:23:30,13.7,--,2,2740,买盘
2113,11:23:27,13.7,--,2,2740,买盘
2114,11:23:24,13.7,--,11,15070,买盘
2115,11:23:21,13.7,--,6,8220,买盘
2116,11:23:15,13.7,--,10,13700,买盘
2117,11:23:12,13.7,--,2,2740,买盘
2118,11:23:09,13.7,--,7,9590,买盘
2119,11:23:06,13.7,--,5,6850,买盘
2120,11:23:03,13.7,--,103,141110,买盘
2121,11:22:54,13.7,0.01,181,247970,买盘
2122,11:22:51,13.69,-0.01,177,242313,卖盘
2123,11:22:48,13.7,--,45,61650,买盘
2124,11:22:45,13.7,0.01,51,69870,买盘
2125,11:22:42,13.69,--,3,4107,卖盘
2126,11:22:39,13.69,-0.01,25,34225,卖盘
2127,11:22:36,13.7,0.01,6,8220,买盘
2128,11:22:33,13.69,-0.01,15,20535,卖盘
2129,11:22:30,13.7,0.01,10,13700,买盘
2130,11:22:24,13.69,-0.01,8,10952,卖盘
2131,11:22:21,13.7,--,20,27400,买盘
2132,11:22:18,13.7,--,10,13700,买盘
2133,11:22:12,13.7,--,1,1370,买盘
2134,11:22:09,13.7,--,3,4110,买盘
2135,11:22:06,13.7,--,20,27400,买盘
2136,11:22:00,13.7,0.01,1,1370,买盘
2137,11:21:54,13.69,-0.01,10,13690,卖盘
2138,11:21:45,13.7,0.01,230,315100,买盘
2139,11:21:42,13.69,-0.01,11,15059,卖盘
2140,11:21:39,13.7,--,5,6850,买盘
2141,11:21:36,13.7,0.01,38,52060,买盘
2142,11:21:33,13.69,-0.01,25,34225,卖盘
2143,11:21:24,13.7,0.01,30,41100,买盘
2144,11:21:21,13.69,--,53,72557,卖盘
2145,11:21:18,13.69,-0.01,2,2738,卖盘
2146,11:21:12,13.7,0.01,486,665820,买盘
2147,11:21:09,13.69,-0.01,1,1369,卖盘
2148,11:21:06,13.7,--,20,27400,买盘
2149,11:21:03,13.7,0.01,3,4110,买盘
2150,11:21:00,13.69,--,10,13690,卖盘
2151,11:20:57,13.69,--,4,5476,买盘
2152,11:20:54,13.69,--,13,17797,买盘
2153,11:20:51,13.69,--,18,24642,卖盘
2154,11:20:48,13.69,--,35,47915,买盘
2155,11:20:45,13.69,--,30,41070,买盘
2156,11:20:42,13.69,--,67,91723,买盘
2157,11:20:39,13.69,--,11,15059,买盘
2158,11:20:36,13.69,--,77,105413,卖盘
2159,11:20:33,13.69,-0.01,100,136900,卖盘
2160,11:20:30,13.7,--,3,4110,买盘
2161,11:20:27,13.7,0.01,1,1370,买盘
2162,11:20:24,13.69,0.01,138,188922,买盘
2163,11:20:21,13.68,-0.01,53,72504,卖盘
2164,11:20:18,13.69,--,21,28749,买盘
2165,11:20:15,13.69,--,27,36963,卖盘
2166,11:20:12,13.69,-0.01,4,5476,卖盘
2167,11:20:06,13.7,0.02,180,246600,买盘
2168,11:20:03,13.68,-0.01,39,53352,卖盘
2169,11:20:00,13.69,0.01,3,4107,买盘
2170,11:19:54,13.68,-0.01,3,4104,卖盘
2171,11:19:51,13.69,--,73,99937,买盘
2172,11:19:48,13.69,--,7,9583,买盘
2173,11:19:45,13.69,--,11,15059,买盘
2174,11:19:39,13.69,0.01,113,154697,买盘
2175,11:19:36,13.68,-0.01,23,31464,卖盘
2176,11:19:30,13.69,0.01,2,2738,买盘
2177,11:19:27,13.68,-0.01,411,562248,卖盘
2178,11:19:24,13.69,0.01,9,12321,买盘
2179,11:19:21,13.68,--,2,2736,卖盘
2180,11:19:18,13.68,--,10,13680,卖盘
2181,11:19:12,13.68,-0.01,3,4104,卖盘
2182,11:19:06,13.69,--,17,23273,买盘
2183,11:19:03,13.69,--,107,146483,买盘
2184,11:19:00,13.69,--,28,38332,买盘
2185,11:18:57,13.69,0.01,59,80771,买盘
2186,11:18:54,13.68,--,6,8208,卖盘
2187,11:18:51,13.68,-0.01,197,269496,卖盘
2188,11:18:48,13.69,0.01,6,8214,买盘
2189,11:18:45,13.68,--,3,4104,卖盘
2190,11:18:42,13.68,-0.01,14,19152,卖盘
2191,11:18:30,13.69,--,51,69819,买盘
2192,11:18:27,13.69,--,132,180708,买盘
2193,11:18:24,13.69,0.01,178,243682,买盘
2194,11:18:21,13.68,--,1,1368,卖盘
2195,11:18:18,13.68,--,1,1368,卖盘
2196,11:18:15,13.68,-0.01,212,290016,卖盘
2197,11:18:09,13.69,--,15,20535,买盘
2198,11:18:06,13.69,0.01,4,5476,买盘
2199,11:18:03,13.68,-0.01,40,54720,卖盘
2200,11:18:00,13.69,--,14,19166,买盘
2201,11:17:57,13.69,--,5,6845,买盘
2202,11:17:54,13.69,--,102,139638,卖盘
2203,11:17:48,13.69,--,10,13690,卖盘
2204,11:17:45,13.69,0.01,68,93092,买盘
2205,11:17:42,13.68,--,1,1368,卖盘
2206,11:17:39,13.68,-0.01,229,313272,卖盘
2207,11:17:36,13.69,--,1,1369,买盘
2208,11:17:33,13.69,--,20,27380,买盘
2209,11:17:30,13.69,--,10,13690,买盘
2210,11:17:27,13.69,-0.01,137,187553,卖盘
2211,11:17:24,13.7,0.01,2,2740,买盘
2212,11:17:21,13.69,--,26,35594,买盘
2213,11:17:18,13.69,--,2,2738,买盘
2214,11:17:15,13.69,--,11,15059,买盘
2215,11:17:12,13.69,--,28,38332,买盘
2216,11:17:09,13.69,--,13,17797,买盘
2217,11:17:06,13.69,0.01,12,16428,买盘
2218,11:17:03,13.68,-0.01,193,264024,卖盘
2219,11:17:00,13.69,--,282,386058,买盘
2220,11:16:57,13.69,-0.01,7,9583,卖盘
2221,11:16:51,13.7,0.01,225,308250,买盘
2222,11:16:48,13.69,--,31,42439,卖盘
2223,11:16:45,13.69,-0.01,6,8214,卖盘
2224,11:16:42,13.7,--,172,235640,买盘
2225,11:16:39,13.7,--,216,295920,买盘
2226,11:16:36,13.7,--,21,28770,买盘
2227,11:16:30,13.7,--,248,339760,买盘
2228,11:16:27,13.7,--,275,376750,买盘
2229,11:16:24,13.7,--,106,145220,买盘
2230,11:16:21,13.7,0.01,10,13700,买盘
2231,11:16:18,13.69,--,3,4107,卖盘
2232,11:16:15,13.69,-0.01,100,136900,卖盘
2233,11:16:12,13.7,0.01,32,43840,买盘
2234,11:16:03,13.69,--,5,6845,卖盘
2235,11:16:00,13.69,-0.01,22,30118,卖盘
2236,11:15:57,13.7,0.01,136,186320,买盘
2237,11:15:54,13.69,--,189,258741,卖盘
2238,11:15:51,13.69,-0.01,203,277907,卖盘
2239,11:15:48,13.7,0.01,50,68500,买盘
2240,11:15:42,13.69,--,10,13690,卖盘
2241,11:15:39,13.69,-0.01,3,4107,卖盘
2242,11:15:27,13.7,0.01,9,12330,买盘
2243,11:15:24,13.69,-0.01,56,76664,卖盘
2244,11:15:18,13.7,0.01,10,13700,买盘
2245,11:15:15,13.69,-0.01,210,287490,卖盘
2246,11:15:12,13.7,--,18,24660,买盘
2247,11:15:09,13.7,--,60,82200,买盘
2248,11:15:03,13.7,0.01,104,142480,买盘
2249,11:15:00,13.69,-0.01,61,83509,卖盘
2250,11:14:57,13.7,0.01,38,52060,买盘
2251,11:14:54,13.69,-0.01,7,9583,卖盘
2252,11:14:51,13.7,--,1,1370,买盘
2253,11:14:48,13.7,--,27,36990,买盘
2254,11:14:45,13.7,0.01,7,9590,买盘
2255,11:14:42,13.69,-0.01,63,86247,卖盘
2256,11:14:39,13.7,0.01,216,295920,买盘
2257,11:14:36,13.69,-0.01,2,2738,卖盘
2258,11:14:33,13.7,--,141,193170,买盘
2259,11:14:30,13.7,0.01,120,164400,买盘
2260,11:14:27,13.69,-0.01,103,141007,卖盘
2261,11:14:24,13.7,--,3,4110,买盘
2262,11:14:18,13.7,--,1027,1406990,买盘
2263,11:14:15,13.7,--,39,53430,买盘
2264,11:14:12,13.7,--,12,16440,买盘
2265,11:14:09,13.7,0.01,5,6850,买盘
2266,11:14:06,13.69,--,15,20535,卖盘
2267,11:14:03,13.69,--,207,283383,卖盘
2268,11:14:00,13.69,-0.01,1,1369,卖盘
2269,11:13:57,13.7,--,68,93160,买盘
2270,11:13:54,13.7,--,73,100010,买盘
2271,11:13:51,13.7,--,62,84940,买盘
2272,11:13:45,13.7,--,154,210980,买盘
2273,11:13:42,13.7,--,48,65760,买盘
2274,11:13:36,13.7,--,59,80830,买盘
2275,11:13:33,13.7,--,97,132890,买盘
2276,11:13:30,13.7,--,22,30140,买盘
2277,11:13:27,13.7,--,1,1370,买盘
2278,11:13:24,13.7,-0.01,133,182210,卖盘
2279,11:13:21,13.71,--,1,1371,买盘
2280,11:13:18,13.71,0.01,2,2742,买盘
2281,11:13:15,13.7,0.01,45,61650,买盘
2282,11:13:12,13.69,-0.01,11,15059,卖盘
2283,11:13:06,13.7,0.01,1,1370,买盘
2284,11:13:03,13.69,-0.01,1,1369,卖盘
2285,11:13:00,13.7,0.01,488,668560,买盘
2286,11:12:57,13.69,-0.01,4,5476,卖盘
2287,11:12:54,13.7,0.01,3,4110,买盘
2288,11:12:51,13.69,-0.01,190,260110,卖盘
2289,11:12:48,13.7,0.01,2,2740,买盘
2290,11:12:45,13.69,-0.01,92,125948,卖盘
2291,11:12:42,13.7,--,10,13700,买盘
2292,11:12:36,13.7,--,14,19180,买盘
2293,11:12:30,13.7,--,2,2740,买盘
2294,11:12:24,13.7,0.01,154,210980,买盘
2295,11:12:21,13.69,-0.01,3,4107,卖盘
2296,11:12:18,13.7,--,22,30140,买盘
2297,11:12:15,13.7,-0.01,377,516490,卖盘
2298,11:12:12,13.71,0.01,15,20565,买盘
2299,11:12:03,13.7,--,2,2740,卖盘
2300,11:12:00,13.7,--,81,110970,买盘
2301,11:11:57,13.7,--,307,420590,买盘
2302,11:11:54,13.7,--,10,13700,买盘
2303,11:11:51,13.7,--,116,158920,卖盘
2304,11:11:48,13.7,-0.01,1,1370,卖盘
2305,11:11:45,13.71,--,92,126132,买盘
2306,11:11:42,13.71,0.01,5,6855,买盘
2307,11:11:39,13.7,-0.01,225,308250,卖盘
2308,11:11:36,13.71,--,70,95970,买盘
2309,11:11:30,13.71,0.01,26,35646,买盘
2310,11:11:27,13.7,-0.01,85,116450,卖盘
2311,11:11:24,13.71,0.01,13,17823,买盘
2312,11:11:21,13.7,--,2,2740,卖盘
2313,11:11:15,13.7,-0.01,56,76720,卖盘
2314,11:11:06,13.71,--,2,2742,买盘
2315,11:11:03,13.71,0.01,317,434607,买盘
2316,11:10:57,13.7,-0.01,5,6850,卖盘
2317,11:10:54,13.71,0.01,24,32904,买盘
2318,11:10:51,13.7,--,5,6850,买盘
2319,11:10:48,13.7,--,14,19180,买盘
2320,11:10:45,13.7,0.01,111,152070,买盘
2321,11:10:42,13.69,-0.01,1,1369,卖盘
2322,11:10:36,13.7,--,41,56170,买盘
2323,11:10:33,13.7,--,10,13700,买盘
2324,11:10:30,13.7,--,15,20550,买盘
2325,11:10:27,13.7,-0.01,90,123300,卖盘
2326,11:10:24,13.71,--,62,85002,买盘
2327,11:10:21,13.71,--,14,19194,买盘
2328,11:10:18,13.71,0.01,232,318072,买盘
2329,11:10:15,13.7,-0.01,201,275370,卖盘
2330,11:10:12,13.71,--,81,111051,买盘
2331,11:10:06,13.71,0.01,52,71292,买盘
2332,11:10:03,13.7,--,1,1370,卖盘
2333,11:10:00,13.7,--,596,816520,买盘
2334,11:09:57,13.7,--,187,256190,买盘
2335,11:09:51,13.7,--,209,286330,买盘
2336,11:09:48,13.7,--,43,58910,买盘
2337,11:09:45,13.7,--,2,2740,买盘
2338,11:09:42,13.7,--,60,82200,买盘
2339,11:09:39,13.7,--,6,8220,买盘
2340,11:09:36,13.7,--,51,69870,买盘
2341,11:09:33,13.7,--,20,27400,买盘
2342,11:09:30,13.7,--,53,72610,买盘
2343,11:09:27,13.7,--,1,1370,买盘
2344,11:09:24,13.7,-0.01,153,209610,卖盘
2345,11:09:21,13.71,--,9,12339,买盘
2346,11:09:18,13.71,0.01,1000,1371000,买盘
2347,11:09:15,13.7,-0.01,101,139466,卖盘
2348,11:09:12,13.71,--,5,6855,买盘
2349,11:09:09,13.71,0.01,31,42501,买盘
2350,11:09:06,13.7,-0.01,101,138370,卖盘
2351,11:09:03,13.71,--,10,13710,买盘
2352,11:09:00,13.71,--,5,6855,买盘
2353,11:08:57,13.71,0.01,5,6855,买盘
2354,11:08:54,13.7,-0.01,3,4110,卖盘
2355,11:08:48,13.71,0.01,2,2742,买盘
2356,11:08:42,13.7,0.01,987,1352464,买盘
2357,11:08:39,13.69,--,232,317608,买盘
2358,11:08:36,13.69,--,20,27380,买盘
2359,11:08:30,13.69,--,62,84878,买盘
2360,11:08:27,13.69,--,77,105413,买盘
2361,11:08:24,13.69,--,119,162911,买盘
2362,11:08:21,13.69,--,195,266955,买盘
2363,11:08:18,13.69,--,1,1369,买盘
2364,11:08:12,13.69,--,51,69819,买盘
2365,11:08:06,13.69,--,2,2738,买盘
2366,11:08:03,13.69,--,22,30118,买盘
2367,11:08:00,13.69,--,109,149221,卖盘
2368,11:07:57,13.69,-0.01,20,27380,卖盘
2369,11:07:54,13.7,--,4,5480,买盘
2370,11:07:51,13.7,0.02,11,15070,买盘
2371,11:07:45,13.68,-0.01,22,30096,卖盘
2372,11:07:42,13.69,--,1,1369,卖盘
2373,11:07:39,13.69,0.01,10,13690,买盘
2374,11:07:33,13.68,--,4,5472,卖盘
2375,11:07:30,13.68,0.01,13,17784,中性盘
2376,11:07:24,13.67,-0.03,204,278868,卖盘
2377,11:07:21,13.7,0.02,44,60280,买盘
2378,11:07:18,13.68,-0.02,84,114912,卖盘
2379,11:07:15,13.7,0.02,1003,1374110,买盘
2380,11:07:12,13.68,--,262,358416,卖盘
2381,11:07:09,13.68,--,12,16416,卖盘
2382,11:07:03,13.68,--,52,71136,买盘
2383,11:07:00,13.68,--,85,116280,买盘
2384,11:06:57,13.68,--,82,112176,买盘
2385,11:06:54,13.68,--,10,13680,买盘
2386,11:06:51,13.68,--,76,103968,买盘
2387,11:06:48,13.68,-0.01,424,580032,卖盘
2388,11:06:45,13.69,--,2,2738,买盘
2389,11:06:42,13.69,0.02,106,145114,买盘
2390,11:06:39,13.67,-0.01,5,6835,卖盘
2391,11:06:36,13.68,--,36,49248,买盘
2392,11:06:33,13.68,--,93,127224,卖盘
2393,11:06:30,13.68,-0.01,61,83448,卖盘
2394,11:06:27,13.69,--,14,19166,买盘
2395,11:06:24,13.69,0.01,22,30118,买盘
2396,11:06:21,13.68,-0.01,96,131328,卖盘
2397,11:06:18,13.69,0.01,39,53391,买盘
2398,11:06:15,13.68,--,38,51984,卖盘
2399,11:06:12,13.68,--,283,387144,买盘
2400,11:06:09,13.68,--,2,2736,买盘
2401,11:06:06,13.68,--,2,2736,买盘
2402,11:06:03,13.68,--,57,77976,买盘
2403,11:06:00,13.68,--,269,367992,卖盘
2404,11:05:57,13.68,-0.01,40,54720,卖盘
2405,11:05:54,13.69,--,156,213564,买盘
2406,11:05:51,13.69,0.01,48,65712,买盘
2407,11:05:48,13.68,--,100,136800,买盘
2408,11:05:45,13.68,--,198,270864,卖盘
2409,11:05:42,13.68,-0.01,16,21888,卖盘
2410,11:05:39,13.69,0.01,173,237932,买盘
2411,11:05:36,13.68,--,44,60192,卖盘
2412,11:05:30,13.68,--,16,22161,买盘
2413,11:05:27,13.68,--,93,127224,买盘
2414,11:05:24,13.68,--,3,4104,买盘
2415,11:05:21,13.68,--,422,577296,买盘
2416,11:05:18,13.68,--,74,101232,买盘
2417,11:05:15,13.68,--,123,168264,买盘
2418,11:05:12,13.68,--,4,5472,买盘
2419,11:05:09,13.68,0.01,20,27360,买盘
2420,11:05:06,13.67,-0.01,16,21872,卖盘
2421,11:05:03,13.68,0.01,228,311904,买盘
2422,11:04:57,13.67,--,7,9569,卖盘
2423,11:04:51,13.67,--,10,13670,卖盘
2424,11:04:48,13.67,-0.01,15,20505,卖盘
2425,11:04:45,13.68,0.01,174,238032,买盘
2426,11:04:42,13.67,--,520,710840,卖盘
2427,11:04:39,13.67,--,2,2734,卖盘
2428,11:04:36,13.67,--,93,127131,买盘
2429,11:04:33,13.67,--,31,42377,买盘
2430,11:04:30,13.67,--,203,277501,买盘
2431,11:04:27,13.67,--,43,58781,卖盘
2432,11:04:24,13.67,--,200,273400,卖盘
2433,11:04:21,13.67,-0.01,30,41010,卖盘
2434,11:04:18,13.68,--,11,15048,买盘
2435,11:04:15,13.68,--,64,87552,买盘
2436,11:04:12,13.68,0.01,17,23256,买盘
2437,11:04:09,13.67,--,23,31441,卖盘
2438,11:04:03,13.67,--,37,50579,买盘
2439,11:04:00,13.67,--,30,41010,买盘
2440,11:03:57,13.67,0.01,52,71084,买盘
2441,11:03:54,13.66,-0.01,91,124306,卖盘
2442,11:03:51,13.67,--,168,229656,买盘
2443,11:03:48,13.67,--,190,259730,买盘
2444,11:03:45,13.67,--,11,15037,买盘
2445,11:03:42,13.67,--,141,192747,买盘
2446,11:03:39,13.67,--,28,38276,买盘
2447,11:03:36,13.67,--,101,138067,买盘
2448,11:03:33,13.67,-0.01,101,139010,卖盘
2449,11:03:30,13.68,0.01,1,1368,买盘
2450,11:03:27,13.67,--,122,167197,买盘
2451,11:03:24,13.67,--,876,1198435,卖盘
2452,11:03:21,13.67,-0.01,59,80653,卖盘
2453,11:03:18,13.68,0.01,283,387144,买盘
2454,11:03:15,13.67,--,150,205050,卖盘
2455,11:03:12,13.67,--,206,281602,卖盘
2456,11:03:09,13.67,-0.01,109,149003,卖盘
2457,11:03:06,13.68,--,181,247608,卖盘
2458,11:03:00,13.68,-0.01,10,13680,卖盘
2459,11:02:57,13.69,0.02,456,624264,买盘
2460,11:02:54,13.67,-0.01,55,75185,卖盘
2461,11:02:51,13.68,--,11,15048,买盘
2462,11:02:48,13.68,--,35,47880,买盘
2463,11:02:42,13.68,--,124,169632,卖盘
2464,11:02:39,13.68,0.01,4,5472,买盘
2465,11:02:36,13.67,--,308,421036,卖盘
2466,11:02:33,13.67,-0.01,17,23239,卖盘
2467,11:02:30,13.68,--,417,570456,卖盘
2468,11:02:27,13.68,--,23,31464,卖盘
2469,11:02:21,13.68,--,170,232560,买盘
2470,11:02:18,13.68,--,21,28728,买盘
2471,11:02:15,13.68,--,224,306527,卖盘
2472,11:02:12,13.68,-0.01,119,162792,中性盘
2473,11:02:06,13.69,0.02,29,39701,买盘
2474,11:02:03,13.67,-0.02,1806,2468802,卖盘
2475,11:02:00,13.69,--,269,368261,买盘
2476,11:01:57,13.69,--,41,56129,卖盘
2477,11:01:54,13.69,--,268,366892,买盘
2478,11:01:51,13.69,--,10,13690,买盘
2479,11:01:48,13.69,--,72,98568,买盘
2480,11:01:45,13.69,--,179,245051,买盘
2481,11:01:42,13.69,--,5,6845,买盘
2482,11:01:39,13.69,--,2,2738,买盘
2483,11:01:36,13.69,0.01,50,68450,买盘
2484,11:01:33,13.68,-0.01,150,205200,卖盘
2485,11:01:30,13.69,--,100,136900,买盘
2486,11:01:27,13.69,--,105,143745,买盘
2487,11:01:24,13.69,--,146,199874,卖盘
2488,11:01:21,13.69,-0.01,112,153328,卖盘
2489,11:01:15,13.7,0.01,1,1370,买盘
2490,11:01:12,13.69,0.01,54,73926,买盘
2491,11:01:09,13.68,-0.01,10,13680,卖盘
2492,11:01:06,13.69,--,6,8214,买盘
2493,11:01:03,13.69,0.01,2,2738,卖盘
2494,11:01:00,13.68,--,27,36936,卖盘
2495,11:00:57,13.68,-0.02,126,173640,卖盘
2496,11:00:54,13.7,0.01,470,643995,买盘
2497,11:00:51,13.69,--,398,544862,卖盘
2498,11:00:48,13.69,-0.01,191,261479,卖盘
2499,11:00:45,13.7,--,122,167140,买盘
2500,11:00:42,13.7,0.01,44,60280,买盘
2501,11:00:39,13.69,-0.01,311,425759,卖盘
2502,11:00:36,13.7,--,62,86214,卖盘
2503,11:00:33,13.7,--,368,504160,卖盘
2504,11:00:30,13.7,--,139,190430,卖盘
2505,11:00:27,13.7,--,8,10960,卖盘
2506,11:00:24,13.7,0.01,261,357665,买盘
2507,11:00:21,13.69,-0.01,454,621526,卖盘
2508,11:00:18,13.7,--,11,15070,买盘
2509,11:00:15,13.7,--,117,161564,卖盘
2510,11:00:12,13.7,-0.01,298,408260,卖盘
2511,11:00:09,13.71,0.01,54,74034,买盘
2512,11:00:06,13.7,--,43,58910,卖盘
2513,11:00:00,13.7,--,97,132890,卖盘
2514,10:59:57,13.7,-0.01,2,2740,卖盘
2515,10:59:54,13.71,0.01,52,71292,买盘
2516,10:59:48,13.7,-0.01,15,20550,卖盘
2517,10:59:42,13.71,--,16,21936,买盘
2518,10:59:39,13.71,0.01,451,618321,买盘
2519,10:59:36,13.7,-0.01,205,280850,卖盘
2520,10:59:30,13.71,--,10,13710,买盘
2521,10:59:27,13.71,--,3,4113,买盘
2522,10:59:24,13.71,--,4,5484,买盘
2523,10:59:18,13.71,--,16,21936,买盘
2524,10:59:15,13.71,0.01,71,97341,买盘
2525,10:59:12,13.7,-0.01,51,69870,卖盘
2526,10:59:09,13.71,0.01,104,142584,买盘
2527,10:59:06,13.7,-0.01,10,13700,卖盘
2528,10:59:03,13.71,--,11,15081,买盘
2529,10:59:00,13.71,--,221,302991,买盘
2530,10:58:57,13.71,0.01,1,1371,买盘
2531,10:58:54,13.7,-0.01,3,4110,卖盘
2532,10:58:51,13.71,--,126,172746,买盘
2533,10:58:42,13.71,--,46,63066,卖盘
2534,10:58:39,13.71,0.01,6,8226,买盘
2535,10:58:36,13.7,-0.01,222,304140,卖盘
2536,10:58:33,13.71,--,0,95,买盘
2537,10:58:30,13.71,0.01,19,26049,买盘
2538,10:58:24,13.7,-0.01,225,308250,卖盘
2539,10:58:21,13.71,--,118,161778,买盘
2540,10:58:18,13.71,0.01,27,37017,买盘
2541,10:58:15,13.7,--,30,41100,卖盘
2542,10:58:12,13.7,-0.01,9,12330,卖盘
2543,10:58:09,13.71,0.01,54,74034,买盘
2544,10:58:06,13.7,--,46,63020,卖盘
2545,10:58:03,13.7,--,10,13700,卖盘
2546,10:58:00,13.7,--,5,6850,卖盘
2547,10:57:54,13.7,--,29,39730,卖盘
2548,10:57:51,13.7,--,36,49320,买盘
2549,10:57:48,13.7,-0.01,295,404150,卖盘
2550,10:57:45,13.71,--,6,8226,买盘
2551,10:57:42,13.71,0.01,1,1371,买盘
2552,10:57:39,13.7,-0.01,22,30140,卖盘
2553,10:57:36,13.71,0.01,91,124761,买盘
2554,10:57:33,13.7,-0.01,20,27400,卖盘
2555,10:57:30,13.71,--,11,15081,买盘
2556,10:57:27,13.71,--,188,257748,买盘
2557,10:57:21,13.71,--,15,20565,买盘
2558,10:57:18,13.71,0.02,33,45243,买盘
2559,10:57:15,13.69,-0.02,50,68450,卖盘
2560,10:57:12,13.71,0.01,519,711549,买盘
2561,10:57:09,13.7,-0.01,85,116450,卖盘
2562,10:57:06,13.71,--,14,19194,买盘
2563,10:57:03,13.71,--,41,56211,买盘
2564,10:57:00,13.71,--,301,412671,买盘
2565,10:56:57,13.71,0.01,29,39759,买盘
2566,10:56:54,13.7,--,11,15070,卖盘
2567,10:56:51,13.7,-0.01,5,6850,卖盘
2568,10:56:48,13.71,--,21,28791,买盘
2569,10:56:45,13.71,0.01,45,61695,买盘
2570,10:56:42,13.7,-0.01,73,100010,卖盘
2571,10:56:39,13.71,0.01,31,42501,买盘
2572,10:56:36,13.7,-0.02,48,67034,卖盘
2573,10:56:33,13.72,0.01,48,65856,买盘
2574,10:56:30,13.71,--,108,148163,买盘
2575,10:56:27,13.71,0.01,107,146697,买盘
2576,10:56:24,13.7,-0.01,78,106860,卖盘
2577,10:56:21,13.71,0.01,86,117906,买盘
2578,10:56:18,13.7,-0.01,77,105490,卖盘
2579,10:56:15,13.71,--,58,79518,买盘
2580,10:56:12,13.71,0.01,15,20565,买盘
2581,10:56:09,13.7,-0.01,318,435660,卖盘
2582,10:56:06,13.71,--,6,8226,买盘
2583,10:56:03,13.71,0.02,61,83631,买盘
2584,10:56:00,13.69,-0.01,177,242313,卖盘
2585,10:55:57,13.7,--,81,110970,买盘
2586,10:55:54,13.7,0.01,24,32880,买盘
2587,10:55:51,13.69,-0.01,80,109520,卖盘
2588,10:55:48,13.7,-0.01,185,253450,卖盘
2589,10:55:45,13.71,0.01,31,42501,买盘
2590,10:55:42,13.7,--,56,76720,卖盘
2591,10:55:39,13.7,--,127,173990,买盘
2592,10:55:36,13.7,-0.01,355,487624,卖盘
2593,10:55:33,13.71,0.01,4,5484,买盘
2594,10:55:30,13.7,--,191,261765,买盘
2595,10:55:27,13.7,--,25,34250,买盘
2596,10:55:24,13.7,-0.01,125,172524,卖盘
2597,10:55:21,13.71,0.01,41,56211,买盘
2598,10:55:18,13.7,--,384,526080,卖盘
2599,10:55:15,13.7,--,50,68500,卖盘
2600,10:55:12,13.7,-0.01,96,131520,卖盘
2601,10:55:09,13.71,0.01,172,235812,买盘
2602,10:55:06,13.7,-0.01,33,45210,卖盘
2603,10:55:00,13.71,--,124,170004,卖盘
2604,10:54:57,13.71,-0.01,41,56211,卖盘
2605,10:54:54,13.72,0.02,43,58996,买盘
2606,10:54:51,13.7,-0.01,150,205500,卖盘
2607,10:54:48,13.71,0.01,23,31533,中性盘
2608,10:54:45,13.7,--,199,272630,卖盘
2609,10:54:42,13.7,-0.03,8,10960,卖盘
2610,10:54:36,13.73,--,1,1373,买盘
2611,10:54:33,13.73,0.03,217,298037,买盘
2612,10:54:30,13.7,--,4,5480,买盘
2613,10:54:27,13.7,-0.02,4773,6539284,卖盘
2614,10:54:24,13.72,--,30,41160,卖盘
2615,10:54:21,13.72,--,20,27440,卖盘
2616,10:54:18,13.72,-0.01,12,16464,卖盘
2617,10:54:15,13.73,--,25,34325,买盘
2618,10:54:12,13.73,0.01,228,313044,买盘
2619,10:54:09,13.72,-0.01,9,12348,卖盘
2620,10:54:06,13.73,--,32,43936,买盘
2621,10:54:00,13.73,--,80,109840,卖盘
2622,10:53:51,13.73,0.01,71,98581,买盘
2623,10:53:48,13.72,--,310,425320,卖盘
2624,10:53:45,13.72,--,98,134456,卖盘
2625,10:53:42,13.72,--,33,45276,卖盘
2626,10:53:39,13.72,--,12,16464,卖盘
2627,10:53:36,13.72,--,198,271656,卖盘
2628,10:53:33,13.72,-0.01,8,10976,卖盘
2629,10:53:30,13.73,--,27,37071,买盘
2630,10:53:27,13.73,--,16,21968,买盘
2631,10:53:21,13.73,--,18,24714,买盘
2632,10:53:18,13.73,--,160,219680,买盘
2633,10:53:12,13.73,--,11,15103,买盘
2634,10:53:06,13.73,--,697,957255,卖盘
2635,10:53:00,13.73,--,174,238902,卖盘
2636,10:52:57,13.73,--,202,277346,卖盘
2637,10:52:54,13.73,--,8,10984,卖盘
2638,10:52:48,13.73,--,20,27460,卖盘
2639,10:52:45,13.73,--,10,13730,卖盘
2640,10:52:42,13.73,--,84,115332,卖盘
2641,10:52:39,13.73,--,11,15103,卖盘
2642,10:52:36,13.73,-0.01,11,15103,卖盘
2643,10:52:33,13.74,0.01,51,70074,买盘
2644,10:52:27,13.73,0.01,238,327872,买盘
2645,10:52:24,13.72,-0.01,37,50764,卖盘
2646,10:52:21,13.73,-0.01,1520,2087234,卖盘
2647,10:52:18,13.74,--,3,4122,卖盘
2648,10:52:15,13.74,--,108,149491,买盘
2649,10:52:12,13.74,--,125,171750,买盘
2650,10:52:09,13.74,--,130,178620,买盘
2651,10:52:06,13.74,--,179,246220,卖盘
2652,10:52:03,13.74,--,31,42594,卖盘
2653,10:52:00,13.74,--,20,27480,卖盘
2654,10:51:57,13.74,--,19,26106,卖盘
2655,10:51:54,13.74,--,440,604560,卖盘
2656,10:51:51,13.74,--,1,1374,卖盘
2657,10:51:48,13.74,--,106,145644,卖盘
2658,10:51:45,13.74,--,214,294036,卖盘
2659,10:51:42,13.74,--,679,932946,卖盘
2660,10:51:39,13.74,-0.01,233,320142,卖盘
2661,10:51:33,13.75,--,1,1375,买盘
2662,10:51:30,13.75,--,33,45375,买盘
2663,10:51:27,13.75,--,2,2750,买盘
2664,10:51:24,13.75,--,163,224125,卖盘
2665,10:51:21,13.75,--,1,1375,卖盘
2666,10:51:18,13.75,-0.01,22,30250,卖盘
2667,10:51:15,13.76,--,9,12384,买盘
2668,10:51:12,13.76,0.01,100,137600,买盘
2669,10:51:09,13.75,-0.01,268,368500,卖盘
2670,10:51:06,13.76,--,12,16512,买盘
2671,10:51:03,13.76,--,15,20640,买盘
2672,10:51:00,13.76,0.01,1,1376,买盘
2673,10:50:57,13.75,--,46,63250,卖盘
2674,10:50:54,13.75,--,117,160875,买盘
2675,10:50:51,13.75,--,17,23375,买盘
2676,10:50:48,13.75,--,2,2750,买盘
2677,10:50:45,13.75,--,83,114125,买盘
2678,10:50:42,13.75,--,221,303875,买盘
2679,10:50:39,13.75,--,50,69850,买盘
2680,10:50:36,13.75,0.01,25,34375,买盘
2681,10:50:33,13.74,-0.01,227,311898,卖盘
2682,10:50:30,13.75,--,47,64625,买盘
2683,10:50:27,13.75,--,317,435875,买盘
2684,10:50:24,13.75,--,206,283250,买盘
2685,10:50:21,13.75,--,67,92125,买盘
2686,10:50:18,13.75,0.01,95,130625,买盘
2687,10:50:15,13.74,-0.01,30,41220,卖盘
2688,10:50:12,13.75,--,53,72875,买盘
2689,10:50:09,13.75,0.01,331,455125,买盘
2690,10:50:06,13.74,--,156,214344,卖盘
2691,10:50:03,13.74,--,5,6870,卖盘
2692,10:50:00,13.74,--,7,9618,卖盘
2693,10:49:57,13.74,--,332,456168,卖盘
2694,10:49:54,13.74,--,8,10992,卖盘
2695,10:49:51,13.74,-0.01,113,155262,卖盘
2696,10:49:45,13.75,0.01,7,9625,买盘
2697,10:49:42,13.74,-0.01,36,49464,卖盘
2698,10:49:36,13.75,--,1,1375,买盘
2699,10:49:33,13.75,-0.01,72,99000,卖盘
2700,10:49:30,13.76,0.01,111,152736,买盘
2701,10:49:27,13.75,--,5,6875,卖盘
2702,10:49:24,13.75,0.01,237,325875,买盘
2703,10:49:21,13.74,--,238,327012,卖盘
2704,10:49:18,13.74,-0.01,11,15114,卖盘
2705,10:49:15,13.75,--,60,82500,买盘
2706,10:49:12,13.75,--,148,203500,卖盘
2707,10:49:09,13.75,-0.01,2,2750,卖盘
2708,10:49:06,13.76,--,6,8256,买盘
2709,10:49:03,13.76,0.01,70,96320,买盘
2710,10:49:00,13.75,--,3,4125,卖盘
2711,10:48:57,13.75,-0.01,41,56375,卖盘
2712,10:48:54,13.76,--,70,96320,买盘
2713,10:48:51,13.76,0.01,34,46784,买盘
2714,10:48:48,13.75,--,178,244750,卖盘
2715,10:48:45,13.75,-0.01,191,262625,卖盘
2716,10:48:42,13.76,0.01,7,9632,买盘
2717,10:48:39,13.75,-0.01,237,325875,卖盘
2718,10:48:36,13.76,0.01,13,17888,买盘
2719,10:48:33,13.75,-0.01,50,68750,卖盘
2720,10:48:30,13.76,0.01,29,39904,买盘
2721,10:48:27,13.75,-0.01,200,275000,卖盘
2722,10:48:24,13.76,0.01,41,56416,买盘
2723,10:48:21,13.75,-0.01,23,31625,卖盘
2724,10:48:18,13.76,--,210,288960,买盘
2725,10:48:15,13.76,--,13,17888,买盘
2726,10:48:12,13.76,0.01,10,13760,买盘
2727,10:48:09,13.75,-0.02,50,68750,卖盘
2728,10:48:06,13.77,--,6,8262,买盘
2729,10:48:03,13.77,0.01,34,46818,买盘
2730,10:48:00,13.76,-0.01,2,2752,中性盘
2731,10:47:57,13.77,--,113,155601,买盘
2732,10:47:54,13.77,-0.01,217,298809,卖盘
2733,10:47:51,13.78,0.01,80,110240,买盘
2734,10:47:48,13.77,--,101,139077,卖盘
2735,10:47:45,13.77,-0.01,6,8262,卖盘
2736,10:47:42,13.78,0.01,177,243906,买盘
2737,10:47:39,13.77,0.01,50,68850,买盘
2738,10:47:36,13.76,-0.01,12,16512,卖盘
2739,10:47:33,13.77,-0.01,14,19278,卖盘
2740,10:47:30,13.78,0.02,11,15158,买盘
2741,10:47:27,13.76,-0.02,10,13760,卖盘
2742,10:47:21,13.78,0.01,52,71656,买盘
2743,10:47:18,13.77,0.01,36,49572,买盘
2744,10:47:15,13.76,-0.01,17,23392,卖盘
2745,10:47:12,13.77,--,2,2754,买盘
2746,10:47:09,13.77,-0.01,134,184518,中性盘
2747,10:47:06,13.78,--,70,96460,买盘
2748,10:47:03,13.78,0.01,23,31694,买盘
2749,10:47:00,13.77,--,81,111537,卖盘
2750,10:46:57,13.77,-0.01,290,399330,卖盘
2751,10:46:54,13.78,--,22,30894,卖盘
2752,10:46:51,13.78,-0.01,30,41340,卖盘
2753,10:46:48,13.79,0.01,55,76644,买盘
2754,10:46:45,13.78,0.01,2,2756,买盘
2755,10:46:39,13.77,-0.01,10,13770,卖盘
2756,10:46:36,13.78,--,15,21248,卖盘
2757,10:46:30,13.78,-0.01,92,126776,卖盘
2758,10:46:27,13.79,0.01,16,22064,买盘
2759,10:46:21,13.78,--,12,16536,卖盘
2760,10:46:18,13.78,-0.01,17,23426,卖盘
2761,10:46:15,13.79,--,1,1379,买盘
2762,10:46:12,13.79,0.01,14,19306,买盘
2763,10:46:09,13.78,--,41,57297,卖盘
2764,10:46:06,13.78,0.01,230,316940,买盘
2765,10:46:03,13.77,--,25,34425,卖盘
2766,10:46:00,13.77,--,295,406215,卖盘
2767,10:45:57,13.77,--,46,63342,卖盘
2768,10:45:54,13.77,-0.01,100,137700,卖盘
2769,10:45:51,13.78,--,29,39962,买盘
2770,10:45:48,13.78,--,1,1378,买盘
2771,10:45:42,13.78,0.01,8,11024,买盘
2772,10:45:39,13.77,-0.01,1,1377,卖盘
2773,10:45:33,13.78,0.01,40,55120,买盘
2774,10:45:30,13.77,-0.01,40,55080,卖盘
2775,10:45:27,13.78,--,149,205322,买盘
2776,10:45:21,13.78,0.02,17,23426,买盘
2777,10:45:18,13.76,-0.02,12,16512,卖盘
2778,10:45:15,13.78,0.02,101,139178,买盘
2779,10:45:12,13.76,-0.02,26,35776,卖盘
2780,10:45:09,13.78,--,18,24804,买盘
2781,10:45:06,13.78,0.01,120,165360,买盘
2782,10:45:03,13.77,0.01,2,2754,买盘
2783,10:45:00,13.76,-0.01,1,1376,卖盘
2784,10:44:57,13.77,-0.01,3,4131,买盘
2785,10:44:54,13.78,0.01,20,27560,买盘
2786,10:44:51,13.77,0.01,43,59211,中性盘
2787,10:44:48,13.76,-0.02,1,1376,卖盘
2788,10:44:45,13.78,--,21,28938,买盘
2789,10:44:42,13.78,0.02,19,26182,买盘
2790,10:44:39,13.76,-0.02,48,66048,卖盘
2791,10:44:36,13.78,--,12,16536,卖盘
2792,10:44:33,13.78,-0.01,44,60632,卖盘
2793,10:44:30,13.79,0.01,123,169617,买盘
2794,10:44:27,13.78,0.02,134,184652,买盘
2795,10:44:24,13.76,-0.01,43,59168,卖盘
2796,10:44:21,13.77,--,13,17901,买盘
2797,10:44:15,13.77,-0.01,1,1377,中性盘
2798,10:44:12,13.78,--,472,650416,买盘
2799,10:44:09,13.78,0.01,73,100594,买盘
2800,10:44:06,13.77,--,35,48195,卖盘
2801,10:44:00,13.77,--,101,139077,卖盘
2802,10:43:57,13.77,-0.01,37,50949,卖盘
2803,10:43:54,13.78,--,26,35828,卖盘
2804,10:43:51,13.78,--,20,27560,卖盘
2805,10:43:48,13.78,0.01,94,129821,买盘
2806,10:43:45,13.77,-0.01,5,6885,卖盘
2807,10:43:42,13.78,0.02,80,110240,买盘
2808,10:43:39,13.76,--,5,6880,卖盘
