,time,price,change,volume,amount,type
0,15:00:03,10.22,0.01,10285,10511903,买盘
1,14:57:00,10.21,--,0,0,买盘
2,14:56:57,10.21,-0.01,46,46966,中性盘
3,14:56:54,10.22,--,4,4088,买盘
4,14:56:51,10.22,--,37,37814,买盘
5,14:56:45,10.22,--,1104,1128288,卖盘
6,14:56:39,10.22,0.03,1907,1948954,买盘
7,14:56:36,10.19,-0.01,25,25475,卖盘
8,14:56:33,10.2,--,9,9180,买盘
9,14:56:30,10.2,--,10,10200,买盘
10,14:56:24,10.2,0.02,25,25500,中性盘
11,14:56:12,10.18,-0.05,300,305400,卖盘
12,14:56:06,10.23,0.05,5020,5135460,买盘
13,14:56:03,10.18,--,1,1018,买盘
14,14:56:00,10.18,--,28,28504,买盘
15,14:55:57,10.18,-0.01,1034,1053100,卖盘
16,14:55:54,10.19,--,50,50950,买盘
17,14:55:51,10.19,--,40,41626,卖盘
18,14:55:48,10.19,--,26,26494,卖盘
19,14:55:45,10.19,--,9,9323,买盘
20,14:55:42,10.19,--,306,311814,买盘
21,14:55:39,10.19,--,20,20380,买盘
22,14:55:36,10.19,--,13,13247,买盘
23,14:55:33,10.19,0.01,21,21399,买盘
24,14:55:30,10.18,-0.01,445,453010,卖盘
25,14:55:27,10.19,--,199,202781,买盘
26,14:55:24,10.19,0.01,9,9171,买盘
27,14:55:21,10.18,--,10,10180,卖盘
28,14:55:18,10.18,--,119,121142,卖盘
29,14:55:12,10.18,-0.01,9,9162,卖盘
30,14:55:09,10.19,--,230,234370,买盘
31,14:55:03,10.19,0.01,1060,1080140,买盘
32,14:55:00,10.18,-0.01,34,35141,卖盘
33,14:54:57,10.19,--,100,101900,买盘
34,14:54:54,10.19,--,120,122280,买盘
35,14:54:51,10.19,0.01,72,73368,买盘
36,14:54:48,10.18,-0.01,118,120124,卖盘
37,14:54:42,10.19,--,4,4076,买盘
38,14:54:39,10.19,0.01,53,54007,买盘
39,14:54:36,10.18,-0.01,55,55990,卖盘
40,14:54:33,10.19,--,47,47893,买盘
41,14:54:30,10.19,--,63,64197,买盘
42,14:54:27,10.19,--,15,15285,买盘
43,14:54:24,10.19,--,625,637741,卖盘
44,14:54:21,10.19,--,20,20380,卖盘
45,14:54:18,10.19,--,30,30570,卖盘
46,14:54:15,10.19,0.01,422,430170,买盘
47,14:54:12,10.18,-0.01,18,18324,卖盘
48,14:54:06,10.19,--,7,7133,买盘
49,14:54:03,10.19,--,1679,1711767,卖盘
50,14:53:57,10.19,--,40,40760,卖盘
51,14:53:51,10.19,--,48,48912,卖盘
52,14:53:48,10.19,--,32,32608,卖盘
53,14:53:42,10.19,--,48,48912,卖盘
54,14:53:39,10.19,-0.01,80,81520,卖盘
55,14:53:36,10.2,--,36,36720,买盘
56,14:53:24,10.2,0.02,379,386733,买盘
57,14:53:21,10.18,--,148,150664,买盘
58,14:53:18,10.18,-0.01,688,700994,卖盘
59,14:53:15,10.19,--,20,20380,买盘
60,14:53:12,10.19,-0.01,511,520963,卖盘
61,14:53:09,10.2,0.01,26,26519,买盘
62,14:53:03,10.19,-0.01,3,3057,卖盘
63,14:53:00,10.2,--,25,25500,买盘
64,14:52:57,10.2,--,20,20400,买盘
65,14:52:54,10.2,--,619,631380,买盘
66,14:52:51,10.2,0.01,2,2039,买盘
67,14:52:48,10.19,-0.01,104,105976,卖盘
68,14:52:45,10.2,--,13,13259,买盘
69,14:52:42,10.2,--,61,62219,买盘
70,14:52:39,10.2,--,7,7139,买盘
71,14:52:33,10.2,0.01,20,20400,买盘
72,14:52:30,10.19,-0.01,135,137565,卖盘
73,14:52:27,10.2,--,20,20400,买盘
74,14:52:24,10.2,--,5,5100,买盘
75,14:52:21,10.2,--,20,20400,买盘
76,14:52:18,10.2,0.01,60,61199,买盘
77,14:52:12,10.19,-0.01,13,13247,卖盘
78,14:52:06,10.2,0.01,3,3060,买盘
79,14:51:54,10.19,-0.01,11,11209,卖盘
80,14:51:48,10.2,0.01,2,2039,买盘
81,14:51:42,10.19,0.01,262,267742,买盘
82,14:51:36,10.18,-0.01,46,46828,卖盘
83,14:51:33,10.19,--,11,11209,买盘
84,14:51:30,10.19,--,50,50950,买盘
85,14:51:24,10.19,--,44,44836,买盘
86,14:51:15,10.19,--,115,117185,买盘
87,14:51:12,10.19,--,17,17323,买盘
88,14:51:09,10.19,--,5,5095,买盘
89,14:51:03,10.19,--,20,20380,买盘
90,14:51:00,10.19,--,7,7133,买盘
91,14:50:57,10.19,0.01,40,40760,买盘
92,14:50:54,10.18,-0.01,50,50900,卖盘
93,14:50:51,10.19,--,8,8152,买盘
94,14:50:48,10.19,--,88,89672,买盘
95,14:50:45,10.19,0.01,1,1019,买盘
96,14:50:42,10.18,-0.01,57,58026,卖盘
97,14:50:39,10.19,0.01,45,45855,买盘
98,14:50:36,10.18,-0.01,500,509000,卖盘
99,14:50:33,10.19,--,15,15285,买盘
100,14:50:30,10.19,--,1669,1700711,买盘
101,14:50:27,10.19,--,50,50950,买盘
102,14:50:24,10.19,--,10,10190,买盘
103,14:50:21,10.19,-0.01,726,740048,卖盘
104,14:50:18,10.2,0.01,40,40800,买盘
105,14:50:12,10.19,--,302,308502,买盘
106,14:50:09,10.19,--,150,152850,买盘
107,14:50:06,10.19,0.01,62,63178,买盘
108,14:50:03,10.18,-0.01,27,27567,卖盘
109,14:50:00,10.19,--,193,196667,买盘
110,14:49:54,10.19,--,5,5095,买盘
111,14:49:51,10.19,-0.01,63,64451,卖盘
112,14:49:42,10.2,--,10,10200,买盘
113,14:49:39,10.2,0.01,43,44625,买盘
114,14:49:36,10.19,--,104,106393,卖盘
115,14:49:27,10.19,--,6,6277,卖盘
116,14:49:24,10.19,-0.01,19,19361,卖盘
117,14:49:21,10.2,--,30,30599,买盘
118,14:49:18,10.2,--,456,465119,买盘
119,14:49:15,10.2,0.01,1,1019,买盘
120,14:49:12,10.19,-0.01,13,13247,卖盘
121,14:49:09,10.2,0.02,400,408000,买盘
122,14:49:06,10.18,-0.01,2,2036,卖盘
123,14:49:03,10.19,--,10,10190,买盘
124,14:48:57,10.19,0.01,41,41779,买盘
125,14:48:51,10.18,--,2,2280,卖盘
126,14:48:48,10.18,--,3,3990,卖盘
127,14:48:42,10.18,--,1,1018,卖盘
128,14:48:36,10.18,-0.01,4,4072,卖盘
129,14:48:33,10.19,0.01,30,30570,买盘
130,14:48:21,10.18,--,34,34612,卖盘
131,14:48:18,10.18,-0.01,20,20360,卖盘
132,14:48:15,10.19,0.01,40,40760,买盘
133,14:48:12,10.18,--,19,19342,卖盘
134,14:48:09,10.18,--,10,10180,卖盘
135,14:47:57,10.18,-0.01,71,73234,卖盘
136,14:47:54,10.19,--,14,14490,买盘
137,14:47:48,10.19,--,20,20380,买盘
138,14:47:45,10.19,0.01,508,517652,买盘
139,14:47:42,10.18,-0.01,932,948979,卖盘
140,14:47:39,10.19,--,170,173230,买盘
141,14:47:36,10.19,0.01,100,101900,买盘
142,14:47:33,10.18,--,25,25450,卖盘
143,14:47:30,10.18,-0.01,200,203600,卖盘
144,14:47:27,10.19,0.01,10,10190,买盘
145,14:47:24,10.18,-0.01,12,12216,卖盘
146,14:47:18,10.19,--,3,3057,买盘
147,14:47:06,10.19,0.01,101,102919,买盘
148,14:47:03,10.18,-0.01,25,25450,卖盘
149,14:47:00,10.19,--,10,10190,买盘
150,14:46:57,10.19,0.01,41,41779,买盘
151,14:46:54,10.18,--,27,27659,卖盘
152,14:46:51,10.18,-0.01,3,4061,卖盘
153,14:46:48,10.19,--,20,20380,买盘
154,14:46:45,10.19,--,8,8152,买盘
155,14:46:39,10.19,--,5,5095,买盘
156,14:46:36,10.19,--,5,5095,买盘
157,14:46:33,10.19,0.01,15,15285,买盘
158,14:46:30,10.18,-0.01,1,1079,卖盘
159,14:46:27,10.19,--,7,7153,买盘
160,14:46:24,10.19,0.01,14,14266,买盘
161,14:46:21,10.18,-0.01,10,10180,卖盘
162,14:46:18,10.19,--,1,1019,买盘
163,14:46:15,10.19,--,266,271746,卖盘
164,14:46:12,10.19,-0.01,800,815200,卖盘
165,14:46:03,10.2,--,1,1019,买盘
166,14:45:57,10.2,--,114,116279,买盘
167,14:45:54,10.2,--,320,326400,买盘
168,14:45:45,10.2,--,76,77520,买盘
169,14:45:42,10.2,--,10,10200,买盘
170,14:45:36,10.2,--,8,8159,买盘
171,14:45:33,10.2,0.01,61,62219,买盘
172,14:45:27,10.19,--,3,3240,卖盘
173,14:45:24,10.19,-0.01,1,1936,卖盘
174,14:45:18,10.2,--,1,1019,买盘
175,14:45:12,10.2,--,85,86700,买盘
176,14:45:06,10.2,0.01,10,10200,买盘
177,14:44:57,10.19,--,7,7133,卖盘
178,14:44:54,10.19,-0.01,10,10190,卖盘
179,14:44:45,10.2,--,25,25500,买盘
180,14:44:36,10.2,0.01,15,15299,买盘
181,14:44:33,10.19,-0.01,4,4076,卖盘
182,14:44:30,10.2,--,50,51000,买盘
183,14:44:27,10.2,--,22,22633,买盘
184,14:44:24,10.2,--,158,162067,买盘
185,14:44:18,10.2,--,1,1019,买盘
186,14:44:15,10.2,--,769,784380,卖盘
187,14:44:09,10.2,--,12,12240,卖盘
188,14:44:03,10.2,-0.01,5,5100,卖盘
189,14:43:48,10.21,0.01,49,50029,买盘
190,14:43:39,10.2,--,10,10200,买盘
191,14:43:36,10.2,--,230,234599,卖盘
192,14:43:33,10.2,-0.01,1,1019,中性盘
193,14:43:30,10.21,0.01,380,387980,买盘
194,14:43:27,10.2,0.01,97,98940,买盘
195,14:43:24,10.19,-0.01,3,3138,卖盘
196,14:43:18,10.2,--,1,1019,买盘
197,14:43:12,10.2,--,72,73440,买盘
198,14:43:06,10.2,--,247,251939,买盘
199,14:43:03,10.2,--,51,52020,买盘
200,14:42:57,10.2,--,2,2039,买盘
201,14:42:51,10.2,-0.01,333,340598,卖盘
202,14:42:45,10.21,0.01,10,10210,买盘
203,14:42:42,10.2,--,70,71400,卖盘
204,14:42:33,10.2,--,14,14279,卖盘
205,14:42:24,10.2,--,1,1132,卖盘
206,14:42:21,10.2,-0.01,9,10169,卖盘
207,14:42:15,10.21,0.01,2,2042,买盘
208,14:42:12,10.2,-0.01,10,10200,卖盘
209,14:42:03,10.21,0.01,45,45945,买盘
210,14:42:00,10.2,--,1107,1129221,买盘
211,14:41:57,10.2,0.01,44,44880,买盘
212,14:41:45,10.19,-0.01,15,15285,卖盘
213,14:41:36,10.2,--,100,102000,买盘
214,14:41:30,10.2,--,2,2039,买盘
215,14:41:27,10.2,--,10,10200,买盘
216,14:41:24,10.2,--,788,804698,卖盘
217,14:41:21,10.2,-0.01,3,3141,卖盘
218,14:41:18,10.21,--,1,1021,买盘
219,14:41:06,10.21,0.01,3,3063,买盘
220,14:41:03,10.2,-0.01,22,22440,卖盘
221,14:41:00,10.21,--,40,40840,买盘
222,14:40:39,10.21,--,49,50029,买盘
223,14:40:33,10.21,--,157,160297,买盘
224,14:40:24,10.21,0.01,1,1021,买盘
225,14:40:21,10.2,--,20,20400,卖盘
226,14:40:18,10.2,-0.01,3,3141,卖盘
227,14:40:15,10.21,--,1,1021,买盘
228,14:40:12,10.21,--,10,10210,买盘
229,14:40:03,10.21,0.01,40,40840,买盘
230,14:39:57,10.2,-0.01,15,15299,卖盘
231,14:39:54,10.21,0.01,56,57176,买盘
232,14:39:48,10.2,-0.01,110,112199,卖盘
233,14:39:42,10.21,0.01,5,5105,买盘
234,14:39:39,10.2,--,28,28559,卖盘
235,14:39:18,10.2,-0.01,3,3141,卖盘
236,14:39:15,10.21,--,11,11231,买盘
237,14:39:12,10.21,0.01,15,15315,买盘
238,14:39:09,10.2,-0.01,4,4079,卖盘
239,14:39:06,10.21,--,49,50029,买盘
240,14:38:57,10.21,--,22,22462,买盘
241,14:38:51,10.21,--,4,4084,买盘
242,14:38:42,10.21,--,7,7147,买盘
243,14:38:36,10.21,--,2,2042,买盘
244,14:38:27,10.21,--,20,20420,买盘
245,14:38:24,10.21,--,67,68407,买盘
246,14:38:21,10.21,--,155,158255,买盘
247,14:38:18,10.21,0.01,27,27567,买盘
248,14:38:15,10.2,-0.01,21,21501,卖盘
249,14:38:12,10.21,--,12,12252,买盘
250,14:38:03,10.21,0.01,49,50029,买盘
251,14:38:00,10.2,-0.01,2,2039,卖盘
252,14:37:54,10.21,--,12,12252,买盘
253,14:37:51,10.21,0.01,17,17357,买盘
254,14:37:48,10.2,-0.01,23,23460,中性盘
255,14:37:39,10.21,0.01,852,869892,买盘
256,14:37:36,10.2,--,30,30599,买盘
257,14:37:30,10.2,--,80,81600,买盘
258,14:37:27,10.2,-0.01,611,623832,卖盘
259,14:37:24,10.21,--,30,30630,买盘
260,14:37:18,10.21,0.01,1,1021,买盘
261,14:37:15,10.2,--,1,1019,卖盘
262,14:37:12,10.2,--,2,2121,卖盘
263,14:37:06,10.2,-0.01,200,204000,卖盘
264,14:37:03,10.21,--,56,57176,买盘
265,14:37:00,10.21,--,40,40840,买盘
266,14:36:51,10.21,--,65,66365,买盘
267,14:36:30,10.21,--,50,51050,买盘
268,14:36:27,10.21,--,146,149433,卖盘
269,14:36:18,10.21,--,80,81680,卖盘
270,14:36:15,10.21,--,1,1184,卖盘
271,14:36:12,10.21,-0.01,1,1960,卖盘
272,14:36:09,10.22,--,3,3066,买盘
273,14:36:03,10.22,--,47,48034,买盘
274,14:35:57,10.22,0.01,40,40880,买盘
275,14:35:54,10.21,-0.01,90,91890,卖盘
276,14:35:51,10.22,0.01,194,198268,买盘
277,14:35:42,10.21,-0.01,10,10210,卖盘
278,14:35:30,10.22,0.01,8,8176,买盘
279,14:35:27,10.21,--,10,10210,卖盘
280,14:35:24,10.21,--,1,1021,卖盘
281,14:35:21,10.21,-0.01,18,18378,卖盘
282,14:35:12,10.22,0.01,4,4118,买盘
283,14:35:09,10.21,-0.01,36,36807,卖盘
284,14:34:57,10.22,0.01,40,40880,买盘
285,14:34:45,10.21,-0.01,18,18378,卖盘
286,14:34:42,10.22,0.01,5,5110,买盘
287,14:34:27,10.21,-0.01,4,4084,卖盘
288,14:34:18,10.22,--,46,47012,买盘
289,14:34:12,10.22,0.01,1,1022,买盘
290,14:34:09,10.21,--,3,3144,卖盘
291,14:34:03,10.21,--,718,733486,买盘
292,14:34:00,10.21,0.01,40,40840,买盘
293,14:33:57,10.2,--,10,10200,卖盘
294,14:33:54,10.2,--,50,51000,卖盘
295,14:33:42,10.2,--,29,29579,卖盘
296,14:33:36,10.2,--,3,3060,卖盘
297,14:33:33,10.2,-0.01,22,22440,卖盘
298,14:33:15,10.21,0.01,1,1021,买盘
299,14:33:09,10.2,--,45,46042,卖盘
300,14:33:06,10.2,-0.01,1,1978,卖盘
301,14:33:00,10.21,--,8,8168,买盘
302,14:32:57,10.21,--,41,41861,买盘
303,14:32:27,10.21,--,28,28588,买盘
304,14:32:21,10.21,--,4,4084,买盘
305,14:32:15,10.21,-0.01,1223,1249295,卖盘
306,14:32:12,10.22,--,72,74524,卖盘
307,14:32:06,10.22,--,3,3147,卖盘
308,14:32:03,10.22,-0.01,35,35770,卖盘
309,14:31:54,10.23,0.01,40,40920,买盘
310,14:31:45,10.22,--,17,17374,卖盘
311,14:31:42,10.22,-0.01,8,8176,卖盘
312,14:31:30,10.23,0.01,138,141174,买盘
313,14:31:27,10.22,--,87,88914,买盘
314,14:31:24,10.22,0.01,13,13286,卖盘
315,14:31:15,10.21,-0.02,68,69428,卖盘
316,14:31:12,10.23,--,1,1023,买盘
317,14:31:09,10.23,0.02,34,34782,买盘
318,14:31:06,10.21,--,1,1092,卖盘
319,14:31:03,10.21,--,2,2052,卖盘
320,14:31:00,10.21,-0.02,44,44924,卖盘
321,14:30:57,10.23,0.02,40,40920,买盘
322,14:30:51,10.21,-0.01,56,57176,卖盘
323,14:30:48,10.22,--,20,20440,买盘
324,14:30:42,10.22,--,6,6132,买盘
325,14:30:39,10.22,-0.01,976,998412,卖盘
326,14:30:36,10.23,--,10,10230,买盘
327,14:30:27,10.23,--,18,18414,买盘
328,14:30:21,10.23,--,20,20460,买盘
329,14:30:15,10.23,0.01,3,3069,买盘
330,14:30:06,10.22,--,1,1165,卖盘
331,14:30:03,10.22,-0.01,1,1982,卖盘
332,14:30:00,10.23,--,40,40920,买盘
333,14:29:54,10.23,--,39,39897,买盘
334,14:29:45,10.23,--,18,18414,买盘
335,14:29:42,10.23,--,10,10230,买盘
336,14:29:30,10.23,--,1,1023,买盘
337,14:29:24,10.23,--,10,10230,买盘
338,14:29:21,10.23,--,10,10230,买盘
339,14:29:12,10.23,--,1,1023,买盘
340,14:29:09,10.23,0.01,80,81840,买盘
341,14:29:03,10.22,-0.01,45,46071,卖盘
342,14:29:00,10.23,--,18,18414,买盘
343,14:28:48,10.23,0.01,2,2046,买盘
344,14:28:45,10.22,--,1,1022,买盘
345,14:28:39,10.22,--,2,2044,买盘
346,14:28:36,10.22,--,76,77672,买盘
347,14:28:33,10.22,--,214,218708,买盘
348,14:28:30,10.22,--,20,20440,买盘
349,14:28:24,10.22,--,56,57232,买盘
350,14:28:21,10.22,--,16,16352,买盘
351,14:28:15,10.22,--,94,96068,买盘
352,14:28:12,10.22,--,26,26572,买盘
353,14:28:09,10.22,--,62,63364,买盘
354,14:28:06,10.22,--,2,2044,买盘
355,14:28:03,10.22,0.01,201,205503,买盘
356,14:28:00,10.21,-0.01,50,51050,卖盘
357,14:27:57,10.22,--,8,8176,买盘
358,14:27:54,10.22,--,10,10220,买盘
359,14:27:48,10.22,0.01,15,15330,买盘
360,14:27:30,10.21,--,721,736386,买盘
361,14:27:27,10.21,--,21,21441,买盘
362,14:27:21,10.21,--,20,20420,买盘
363,14:27:15,10.21,--,23,23483,买盘
364,14:27:12,10.21,--,20,20420,买盘
365,14:27:00,10.21,--,51,53061,买盘
366,14:26:57,10.21,--,90,92002,买盘
367,14:26:51,10.21,--,101,103121,买盘
368,14:26:45,10.21,--,4,4084,买盘
369,14:26:42,10.21,--,73,74533,买盘
370,14:26:39,10.21,--,7,7147,买盘
371,14:26:30,10.21,--,10,10210,买盘
372,14:26:27,10.21,--,1,1021,买盘
373,14:26:24,10.21,--,11,11231,买盘
374,14:26:21,10.21,--,3,3063,买盘
375,14:26:18,10.21,--,37,37777,买盘
376,14:26:12,10.21,--,1,1021,买盘
377,14:26:09,10.21,--,14,14294,买盘
378,14:26:03,10.21,--,40,40840,买盘
379,14:26:00,10.21,0.01,27,27709,买盘
380,14:25:57,10.2,-0.01,1,1978,卖盘
381,14:25:51,10.21,--,5,5105,买盘
382,14:25:48,10.21,--,20,20420,买盘
383,14:25:45,10.21,--,100,102100,买盘
384,14:25:39,10.21,0.01,26,26546,买盘
385,14:25:33,10.2,-0.01,1,1019,卖盘
386,14:25:30,10.21,--,7,7147,买盘
387,14:25:27,10.21,--,8,8168,买盘
388,14:25:21,10.21,0.01,3,3063,买盘
389,14:25:15,10.2,-0.01,31,31619,卖盘
390,14:25:12,10.21,--,3,3063,买盘
391,14:25:09,10.21,--,14,14294,买盘
392,14:25:00,10.21,0.01,65,66365,买盘
393,14:24:57,10.2,-0.01,3,3141,卖盘
394,14:24:54,10.21,--,200,204200,买盘
395,14:24:51,10.21,--,28,28588,买盘
396,14:24:45,10.21,--,95,96995,买盘
397,14:24:39,10.21,--,93,94953,买盘
398,14:24:36,10.21,--,48,49008,买盘
399,14:24:33,10.21,--,2,2042,买盘
400,14:24:30,10.21,-0.01,453,463288,卖盘
401,14:24:27,10.22,--,9,9198,买盘
402,14:24:21,10.22,--,45,45990,买盘
403,14:24:12,10.22,--,2,2044,买盘
404,14:24:09,10.22,--,44,44968,买盘
405,14:24:00,10.22,0.01,219,223818,买盘
406,14:23:57,10.21,--,1,1174,卖盘
407,14:23:54,10.21,-0.01,1,1970,卖盘
408,14:23:51,10.22,--,34,34748,买盘
409,14:23:48,10.22,--,53,54166,买盘
410,14:23:45,10.22,--,3,3066,买盘
411,14:23:42,10.22,--,23,23506,买盘
412,14:23:39,10.22,--,95,97090,买盘
413,14:23:33,10.22,--,220,224840,买盘
414,14:23:30,10.22,--,58,59276,买盘
415,14:23:27,10.22,--,135,137970,买盘
416,14:23:24,10.22,--,12,12264,买盘
417,14:23:21,10.22,--,138,141036,买盘
418,14:23:12,10.22,0.01,1,1022,买盘
419,14:23:09,10.21,-0.01,336,343056,卖盘
420,14:23:06,10.22,--,2,2044,买盘
421,14:23:00,10.22,0.01,233,238126,中性盘
422,14:22:54,10.21,-0.03,11,11312,卖盘
423,14:22:51,10.24,--,66,67584,买盘
424,14:22:45,10.24,0.01,1090,1116160,买盘
425,14:22:39,10.23,--,303,309969,买盘
426,14:22:36,10.23,-0.01,380,389609,卖盘
427,14:22:33,10.24,-0.01,518,531374,卖盘
428,14:22:30,10.25,-0.01,426,437429,卖盘
429,14:22:27,10.26,--,188,192888,买盘
430,14:22:21,10.26,0.01,158,162108,买盘
431,14:22:12,10.25,--,180,184746,买盘
432,14:22:09,10.25,--,175,179375,买盘
433,14:22:06,10.25,-0.02,444,455879,卖盘
434,14:22:00,10.27,--,3,3081,买盘
435,14:21:57,10.27,0.01,2,2054,买盘
436,14:21:54,10.26,--,1,1036,卖盘
437,14:21:51,10.26,-0.01,5,5201,卖盘
438,14:21:39,10.27,--,15,15405,买盘
439,14:21:30,10.27,--,74,75998,买盘
440,14:21:21,10.27,--,14,14378,买盘
441,14:21:12,10.27,--,166,170482,买盘
442,14:21:09,10.27,0.01,70,71890,买盘
443,14:21:03,10.26,-0.01,311,319086,卖盘
444,14:21:00,10.27,0.02,14,14378,买盘
445,14:20:51,10.25,-0.01,74,75932,卖盘
446,14:20:39,10.26,0.01,7,7182,买盘
447,14:20:36,10.25,--,18,18450,卖盘
448,14:20:33,10.25,-0.02,98,100450,卖盘
449,14:20:30,10.27,0.01,11,11297,买盘
450,14:20:27,10.26,--,25,25650,买盘
451,14:20:24,10.26,--,8,8208,买盘
452,14:20:21,10.26,--,12,12312,买盘
453,14:20:18,10.26,--,33,33858,买盘
454,14:20:15,10.26,0.01,1,1026,买盘
455,14:20:12,10.25,-0.01,40,41000,卖盘
456,14:20:09,10.26,0.01,2,2052,买盘
457,14:20:06,10.25,-0.01,28,28700,卖盘
458,14:20:00,10.26,0.01,2,2052,买盘
459,14:19:51,10.25,--,5,6098,卖盘
460,14:19:48,10.25,-0.01,2,2183,卖盘
461,14:19:39,10.26,--,27,27702,买盘
462,14:19:30,10.26,--,39,40014,买盘
463,14:19:24,10.26,--,46,47196,买盘
464,14:19:21,10.26,--,192,197710,卖盘
465,14:19:12,10.26,-0.01,5,5130,卖盘
466,14:19:09,10.27,0.01,13,13433,买盘
467,14:19:06,10.26,--,20,20520,卖盘
468,14:19:03,10.26,-0.01,53,54378,卖盘
469,14:19:00,10.27,--,13,13351,买盘
470,14:18:54,10.27,--,2,2054,买盘
471,14:18:51,10.27,--,28,29700,卖盘
472,14:18:48,10.27,-0.01,28,28838,买盘
473,14:18:39,10.28,--,2,2056,买盘
474,14:18:36,10.28,0.01,50,51400,买盘
475,14:18:33,10.27,--,9,9243,买盘
476,14:18:30,10.27,--,5,5135,买盘
477,14:18:21,10.27,--,11,11297,买盘
478,14:18:15,10.27,-0.01,45,47159,卖盘
479,14:18:12,10.28,--,1,1028,买盘
480,14:18:09,10.28,0.01,7,7196,买盘
481,14:18:00,10.27,-0.01,38,39026,卖盘
482,14:17:51,10.28,0.01,29,29811,买盘
483,14:17:48,10.27,-0.01,3,3163,卖盘
484,14:17:39,10.28,--,48,49344,买盘
485,14:17:30,10.28,0.01,2,2056,买盘
486,14:17:27,10.27,--,6,6162,卖盘
487,14:17:24,10.27,-0.01,5,5135,卖盘
488,14:17:21,10.28,--,8,8224,买盘
489,14:17:12,10.28,--,1,1028,买盘
490,14:17:09,10.28,--,18,18504,买盘
491,14:17:06,10.28,0.01,22,22616,买盘
492,14:17:00,10.27,--,12,12324,买盘
493,14:16:54,10.27,--,2,2054,买盘
494,14:16:51,10.27,0.01,4,4108,买盘
495,14:16:48,10.26,--,1,1282,卖盘
496,14:16:45,10.26,-0.02,51,53177,卖盘
497,14:16:39,10.28,--,28,28784,买盘
498,14:16:30,10.28,--,4,4112,买盘
499,14:16:21,10.28,--,14,14392,买盘
500,14:16:12,10.28,--,2,2056,买盘
501,14:16:09,10.28,--,13,13364,买盘
502,14:16:06,10.28,--,56,57568,买盘
503,14:16:00,10.28,--,15,15419,买盘
504,14:15:57,10.28,--,47,49241,买盘
505,14:15:51,10.28,0.01,8,8224,买盘
506,14:15:48,10.27,--,41,42107,卖盘
507,14:15:45,10.27,--,4,4190,卖盘
508,14:15:42,10.27,-0.01,1,1027,卖盘
509,14:15:39,10.28,--,42,43176,买盘
510,14:15:33,10.28,--,100,102800,买盘
511,14:15:30,10.28,--,9,9252,买盘
512,14:15:27,10.28,--,3,3084,买盘
513,14:15:21,10.28,--,34,34952,买盘
514,14:15:18,10.28,0.01,27,27756,买盘
515,14:15:15,10.27,-0.01,17,17459,卖盘
516,14:15:12,10.28,--,2,2056,买盘
517,14:15:09,10.28,--,131,134668,买盘
518,14:15:00,10.28,--,8,8224,买盘
519,14:14:57,10.28,0.01,8,8224,买盘
520,14:14:54,10.27,-0.01,89,91403,卖盘
521,14:14:48,10.28,0.01,17,17476,买盘
522,14:14:45,10.27,0.01,24,24668,买盘
523,14:14:42,10.26,-0.02,28,28789,卖盘
524,14:14:39,10.28,0.01,30,30839,买盘
525,14:14:33,10.27,--,25,25675,买盘
526,14:14:30,10.27,--,29,29783,买盘
527,14:14:27,10.27,--,100,102700,买盘
528,14:14:24,10.27,--,10,10270,买盘
529,14:14:21,10.27,--,7,7189,买盘
530,14:14:18,10.27,--,49,50323,买盘
531,14:14:12,10.27,--,6,6162,买盘
532,14:14:09,10.27,--,16,16432,买盘
533,14:14:03,10.27,-0.01,10,10270,卖盘
534,14:14:00,10.28,--,66,67848,买盘
535,14:13:57,10.28,--,3,3084,买盘
536,14:13:48,10.28,0.01,173,177926,买盘
537,14:13:45,10.27,--,26,27646,卖盘
538,14:13:42,10.27,-0.01,3,3163,中性盘
539,14:13:39,10.28,0.01,71,72988,买盘
540,14:13:36,10.27,--,10,10270,买盘
541,14:13:33,10.27,--,55,56485,卖盘
542,14:13:30,10.27,--,118,121186,买盘
543,14:13:27,10.27,--,20,20540,买盘
544,14:13:24,10.27,0.01,20,20540,买盘
545,14:13:21,10.26,-0.01,10,10260,卖盘
546,14:13:18,10.27,--,52,53404,买盘
547,14:13:12,10.27,--,51,52377,买盘
548,14:13:09,10.27,0.01,104,106808,买盘
549,14:13:03,10.26,-0.01,105,107730,卖盘
550,14:13:00,10.27,--,15,15405,买盘
551,14:12:54,10.27,0.01,4,4108,买盘
552,14:12:51,10.26,-0.01,32,32832,卖盘
553,14:12:48,10.27,0.01,40,41080,买盘
554,14:12:39,10.26,-0.01,19,19576,中性盘
555,14:12:33,10.27,0.01,51,52377,买盘
556,14:12:30,10.26,0.01,28,28728,买盘
557,14:12:27,10.25,-0.01,5,5125,卖盘
558,14:12:24,10.26,--,85,87210,买盘
559,14:12:21,10.26,--,10,10260,买盘
560,14:12:18,10.26,--,42,43092,买盘
561,14:12:15,10.26,--,2,2052,买盘
562,14:12:12,10.26,--,19,19494,买盘
563,14:12:09,10.26,--,65,66690,买盘
564,14:12:06,10.26,0.01,5,5130,买盘
565,14:12:03,10.25,-0.01,1,1025,卖盘
566,14:12:00,10.26,0.01,73,74898,买盘
567,14:11:57,10.25,--,200,205000,买盘
568,14:11:54,10.25,--,50,51250,买盘
569,14:11:48,10.25,-0.01,160,164000,中性盘
570,14:11:39,10.26,0.02,14,14548,买盘
571,14:11:36,10.24,-0.02,2,2969,卖盘
572,14:11:30,10.26,--,25,25650,买盘
573,14:11:27,10.26,0.01,40,41040,买盘
574,14:11:24,10.25,--,5,5125,买盘
575,14:11:21,10.25,--,3,3075,买盘
576,14:11:18,10.25,--,57,58425,买盘
577,14:11:15,10.25,--,10,10250,买盘
578,14:11:09,10.25,0.01,24,24600,买盘
579,14:11:06,10.24,--,254,260096,买盘
580,14:11:03,10.24,--,8,8192,买盘
581,14:11:00,10.24,--,111,113664,买盘
582,14:10:54,10.24,--,20,20480,买盘
583,14:10:51,10.24,--,2,2048,买盘
584,14:10:48,10.24,0.01,58,59392,买盘
585,14:10:45,10.23,-0.01,10,10230,卖盘
586,14:10:39,10.24,0.01,4,4311,买盘
587,14:10:36,10.23,--,226,232026,买盘
588,14:10:30,10.23,--,15,15345,买盘
589,14:10:18,10.23,0.01,74,75702,买盘
590,14:10:12,10.22,--,100,102200,买盘
591,14:10:09,10.22,0.01,33,33726,买盘
592,14:10:06,10.21,-0.01,99,101079,卖盘
593,14:10:03,10.22,--,89,90958,买盘
594,14:10:00,10.22,--,2,2044,买盘
595,14:09:57,10.22,--,10,10220,买盘
596,14:09:51,10.22,--,1,1022,买盘
597,14:09:48,10.22,-0.01,7,7154,中性盘
598,14:09:42,10.23,0.01,30,30690,买盘
599,14:09:39,10.22,0.01,3,3066,买盘
600,14:09:36,10.21,--,1,1235,卖盘
601,14:09:33,10.21,-0.01,1,1909,卖盘
602,14:09:30,10.22,0.01,11,11242,买盘
603,14:09:27,10.21,-0.01,2,2042,卖盘
604,14:09:18,10.22,0.02,54,55188,买盘
605,14:09:09,10.2,--,68,69360,买盘
606,14:09:00,10.2,-0.02,74,75480,卖盘
607,14:08:54,10.22,--,2,2044,买盘
608,14:08:48,10.22,0.01,73,74606,买盘
609,14:08:45,10.21,-0.01,50,51050,中性盘
610,14:08:39,10.22,0.02,289,295623,买盘
611,14:08:33,10.2,--,4,4161,卖盘
612,14:08:30,10.2,-0.01,499,509653,卖盘
613,14:08:21,10.21,--,30,30630,买盘
614,14:08:18,10.21,--,64,65344,买盘
615,14:08:15,10.21,--,4,4084,买盘
616,14:08:12,10.21,--,1,1021,买盘
617,14:08:09,10.21,0.01,19,19399,买盘
618,14:08:06,10.2,-0.01,277,282540,卖盘
619,14:08:00,10.21,--,41,41861,买盘
620,14:07:48,10.21,0.01,194,198074,买盘
621,14:07:45,10.2,0.01,8,8159,买盘
622,14:07:42,10.19,-0.01,5,5095,卖盘
623,14:07:39,10.2,--,14,14279,买盘
624,14:07:33,10.2,--,951,970856,卖盘
625,14:07:30,10.2,--,68,69462,卖盘
626,14:07:21,10.2,-0.01,210,214199,卖盘
627,14:07:18,10.21,--,115,117415,买盘
628,14:07:15,10.21,--,8,8168,买盘
629,14:07:09,10.21,--,17,17357,买盘
630,14:07:00,10.21,0.01,6,6126,买盘
631,14:06:54,10.2,-0.01,26,26519,卖盘
632,14:06:51,10.21,--,2,2042,买盘
633,14:06:48,10.21,--,6,6126,买盘
634,14:06:39,10.21,0.01,2,2042,买盘
635,14:06:30,10.2,--,12,13137,卖盘
636,14:06:27,10.2,-0.01,2,2244,卖盘
637,14:06:18,10.21,--,5,5105,买盘
638,14:06:09,10.21,--,12,12252,买盘
639,14:06:00,10.21,--,55,56155,买盘
640,14:05:48,10.21,--,277,282817,买盘
641,14:05:42,10.21,0.01,97,99037,买盘
642,14:05:39,10.2,--,57,58139,买盘
643,14:05:36,10.2,--,387,395494,卖盘
644,14:05:27,10.2,-0.01,3,3141,卖盘
645,14:05:15,10.21,--,8,8168,买盘
646,14:05:09,10.21,--,50,51050,买盘
647,14:05:06,10.21,--,1,1021,买盘
648,14:05:03,10.21,-0.02,100,102794,卖盘
649,14:04:57,10.23,--,30,30690,买盘
650,14:04:51,10.23,0.02,2,2046,买盘
651,14:04:48,10.21,--,1,1021,卖盘
652,14:04:45,10.21,-0.02,15,15315,卖盘
653,14:04:42,10.23,0.02,217,221991,买盘
654,14:04:39,10.21,-0.02,50,51050,卖盘
655,14:04:30,10.23,0.02,2,2046,买盘
656,14:04:27,10.21,-0.01,7,7392,卖盘
657,14:04:24,10.22,--,5,5110,买盘
658,14:04:12,10.22,--,49,50078,买盘
659,14:04:09,10.22,--,1,1022,买盘
660,14:03:54,10.22,0.01,2,2044,买盘
661,14:03:51,10.21,-0.01,15,15315,卖盘
662,14:03:48,10.22,0.01,10,10220,买盘
663,14:03:42,10.21,--,7,7147,卖盘
664,14:03:27,10.21,--,48,49099,卖盘
665,14:03:24,10.21,-0.01,10,11220,卖盘
666,14:03:21,10.22,--,37,37814,买盘
667,14:03:06,10.22,--,1,1022,买盘
668,14:03:00,10.22,--,1,1022,买盘
669,14:02:57,10.22,-0.01,33,34584,卖盘
670,14:02:51,10.23,0.01,2,2046,买盘
671,14:02:48,10.22,--,27,27757,买盘
672,14:02:42,10.22,--,60,61320,买盘
673,14:02:39,10.22,--,2,2044,买盘
674,14:02:30,10.22,--,81,83640,卖盘
675,14:02:24,10.22,--,55,56424,卖盘
676,14:02:21,10.22,--,6,7021,卖盘
677,14:02:15,10.22,-0.01,3,3066,卖盘
678,14:02:12,10.23,0.01,281,287463,买盘
679,14:02:09,10.22,--,20,20440,卖盘
680,14:02:03,10.22,-0.01,313,319886,卖盘
681,14:02:00,10.23,--,5,5115,买盘
682,14:01:57,10.23,--,31,31713,买盘
683,14:01:51,10.23,--,7,7161,买盘
684,14:01:48,10.23,--,233,238359,买盘
685,14:01:45,10.23,--,6,6138,买盘
686,14:01:42,10.23,-0.01,11,11253,卖盘
687,14:01:39,10.24,--,164,167936,卖盘
688,14:01:33,10.24,0.01,217,222208,买盘
689,14:01:24,10.23,0.01,6,7028,买盘
690,14:01:21,10.22,--,32,32918,卖盘
691,14:01:15,10.22,-0.01,1,1022,卖盘
692,14:01:09,10.23,0.01,1,1023,买盘
693,14:01:00,10.22,-0.01,19,19418,中性盘
694,14:00:57,10.23,0.02,13,13299,买盘
695,14:00:54,10.21,-0.02,4,4084,卖盘
696,14:00:51,10.23,0.02,7,7161,买盘
697,14:00:39,10.21,-0.01,112,114352,卖盘
698,14:00:36,10.22,0.01,35,35770,买盘
699,14:00:24,10.21,0.01,562,574792,买盘
700,14:00:21,10.2,-0.01,1,1019,卖盘
701,14:00:18,10.21,--,18,18459,买盘
702,14:00:12,10.21,--,23,23483,买盘
703,14:00:09,10.21,--,41,41861,买盘
704,14:00:06,10.21,--,116,118436,买盘
705,14:00:03,10.21,-0.02,247,252217,卖盘
706,14:00:00,10.23,--,50,51150,买盘
707,13:59:57,10.23,--,2,2046,买盘
708,13:59:51,10.23,0.01,9,10219,买盘
709,13:59:48,10.22,--,5,5110,买盘
710,13:59:45,10.22,--,37,37814,买盘
711,13:59:42,10.22,--,10,10220,买盘
712,13:59:33,10.22,--,1,1022,买盘
713,13:59:30,10.22,0.01,6,6132,买盘
714,13:59:18,10.21,-0.01,8,8249,中性盘
715,13:59:09,10.22,0.01,49,50078,买盘
716,13:59:06,10.21,0.01,1,1021,买盘
717,13:59:00,10.2,--,27,27539,买盘
718,13:58:54,10.2,--,100,102000,买盘
719,13:58:51,10.2,--,2,2039,买盘
720,13:58:48,10.2,0.01,99,100980,买盘
721,13:58:42,10.19,--,245,249655,买盘
722,13:58:39,10.19,--,53,54007,买盘
723,13:58:36,10.19,--,41,41779,买盘
724,13:58:33,10.19,0.01,200,203800,买盘
725,13:58:18,10.18,--,0,916,卖盘
726,13:58:15,10.18,--,131,134029,买盘
727,13:58:12,10.18,--,4,4072,买盘
728,13:58:09,10.18,--,110,111980,买盘
729,13:58:06,10.18,0.01,1,1018,买盘
730,13:58:03,10.17,--,15,15255,卖盘
731,13:57:57,10.17,-0.01,32,32544,卖盘
732,13:57:54,10.18,--,41,41738,买盘
733,13:57:48,10.18,--,234,238212,买盘
734,13:57:45,10.18,--,60,61080,买盘
735,13:57:42,10.18,0.01,18,18324,买盘
736,13:57:21,10.17,0.01,351,357048,买盘
737,13:57:15,10.16,-0.01,26,26497,卖盘
738,13:57:12,10.17,--,20,20340,买盘
739,13:57:06,10.17,--,41,41697,买盘
740,13:57:03,10.17,--,1,1017,买盘
741,13:57:00,10.17,--,49,49833,买盘
742,13:56:57,10.17,-0.01,74,76193,卖盘
743,13:56:54,10.18,--,5,5090,买盘
744,13:56:51,10.18,--,2,2036,买盘
745,13:56:48,10.18,0.01,50,50900,买盘
746,13:56:45,10.17,-0.01,101,102717,卖盘
747,13:56:42,10.18,0.01,3,3054,买盘
748,13:56:30,10.17,-0.01,50,50850,卖盘
749,13:56:24,10.18,--,25,25450,买盘
750,13:56:21,10.18,0.01,71,72278,买盘
751,13:56:15,10.17,--,1,1240,卖盘
752,13:56:12,10.17,-0.01,1,1891,卖盘
753,13:56:06,10.18,0.03,1,1018,买盘
754,13:55:57,10.15,--,9,9135,卖盘
755,13:55:51,10.15,--,65,66472,买盘
756,13:55:48,10.15,--,151,153265,买盘
757,13:55:39,10.15,--,51,51765,买盘
758,13:55:36,10.15,-0.01,238,242087,卖盘
759,13:55:33,10.16,--,25,25400,买盘
760,13:55:24,10.16,0.01,20,20320,卖盘
761,13:55:21,10.15,-0.01,150,152250,卖盘
762,13:55:15,10.16,--,1,1046,卖盘
763,13:55:12,10.16,-0.02,2,2082,卖盘
764,13:55:09,10.18,0.02,1,1018,买盘
765,13:54:57,10.16,--,142,144434,买盘
766,13:54:51,10.16,--,12,12192,买盘
767,13:54:48,10.16,--,9,9144,买盘
768,13:54:45,10.16,--,8,8128,买盘
769,13:54:42,10.16,--,55,55880,买盘
770,13:54:36,10.16,--,23,23368,买盘
771,13:54:33,10.16,--,3,3048,买盘
772,13:54:30,10.16,--,20,20320,买盘
773,13:54:24,10.16,0.01,7,7112,买盘
774,13:54:21,10.15,--,50,50750,卖盘
775,13:54:12,10.15,--,1,1106,卖盘
776,13:54:09,10.15,--,22,22482,买盘
777,13:54:06,10.15,-0.01,479,487037,卖盘
778,13:54:03,10.16,--,3,3048,买盘
779,13:54:00,10.16,--,15,15240,买盘
780,13:53:57,10.16,--,15,15240,买盘
781,13:53:54,10.16,-0.01,228,232501,卖盘
782,13:53:51,10.17,0.01,7,7119,中性盘
783,13:53:09,10.16,-0.02,23,23449,卖盘
784,13:53:06,10.18,0.01,1,1018,买盘
785,13:53:00,10.17,--,203,206451,卖盘
786,13:52:54,10.17,-0.01,17,17289,卖盘
787,13:52:51,10.18,0.01,2,2036,买盘
788,13:52:45,10.17,--,20,20340,卖盘
789,13:52:39,10.17,0.01,10,10170,买盘
790,13:52:36,10.16,--,10,10160,卖盘
791,13:52:33,10.16,-0.01,10,10160,卖盘
792,13:52:21,10.17,0.01,52,52884,买盘
793,13:52:09,10.16,-0.01,1,1026,卖盘
794,13:52:06,10.17,--,3,3122,买盘
795,13:51:54,10.17,0.02,48,48816,买盘
796,13:51:45,10.15,--,36,36540,卖盘
797,13:51:39,10.15,--,200,203000,卖盘
798,13:51:30,10.15,--,3,3045,卖盘
799,13:51:09,10.15,--,1,1025,卖盘
800,13:51:06,10.15,--,3,3116,卖盘
801,13:50:54,10.15,-0.01,18,18270,卖盘
802,13:50:51,10.16,0.01,22,22352,买盘
803,13:50:33,10.15,--,18,18270,卖盘
804,13:50:27,10.15,--,12,12180,卖盘
805,13:50:24,10.15,--,0,81,买盘
806,13:50:21,10.15,0.01,10,10150,买盘
807,13:50:18,10.14,-0.01,13,13182,卖盘
808,13:50:09,10.15,-0.01,7,8038,卖盘
809,13:50:06,10.16,--,52,52913,卖盘
810,13:50:00,10.16,0.02,8,8128,卖盘
811,13:49:57,10.14,-0.03,94,95316,卖盘
812,13:49:54,10.17,0.02,1,1017,买盘
813,13:49:48,10.15,--,54,54810,卖盘
814,13:49:45,10.15,-0.02,60,60900,卖盘
815,13:49:42,10.17,0.02,76,77373,买盘
816,13:49:36,10.15,-0.02,67,68005,卖盘
817,13:49:33,10.17,0.01,3,3051,买盘
818,13:49:27,10.16,-0.01,90,91440,卖盘
819,13:49:21,10.17,--,20,21275,卖盘
820,13:49:18,10.17,--,61,62037,卖盘
821,13:49:06,10.17,--,1,1922,卖盘
822,13:49:03,10.17,--,101,102910,卖盘
823,13:48:54,10.17,--,2,2034,卖盘
824,13:48:51,10.17,0.01,8,8136,卖盘
825,13:48:48,10.16,--,13,13208,卖盘
826,13:48:45,10.16,--,3,3048,卖盘
827,13:48:42,10.16,-0.02,20,20320,卖盘
828,13:48:27,10.18,0.02,5,5090,买盘
829,13:48:21,10.16,--,15,15240,买盘
830,13:48:18,10.16,0.01,100,101600,买盘
831,13:48:15,10.15,-0.01,6,6090,卖盘
832,13:48:12,10.16,--,100,101600,买盘
833,13:48:06,10.16,--,1,1016,买盘
834,13:48:03,10.16,0.01,50,51785,买盘
835,13:48:00,10.15,--,2,2141,卖盘
836,13:47:57,10.15,--,7,7105,卖盘
837,13:47:54,10.15,-0.01,1,1015,卖盘
838,13:47:48,10.16,-0.01,439,446024,卖盘
839,13:47:24,10.17,--,1,1017,买盘
840,13:47:06,10.17,--,1,1017,买盘
841,13:47:03,10.17,--,296,301967,卖盘
842,13:47:00,10.17,-0.01,1,1871,卖盘
843,13:46:51,10.18,0.01,4,4072,买盘
844,13:46:42,10.17,-0.01,7,7119,卖盘
845,13:46:36,10.18,0.01,1,1018,买盘
846,13:46:33,10.17,-0.01,2,2034,卖盘
847,13:46:24,10.18,--,10,10180,买盘
848,13:46:15,10.18,-0.01,335,341885,卖盘
849,13:46:09,10.19,--,1,1019,买盘
850,13:46:03,10.19,0.01,1,1019,买盘
851,13:46:00,10.18,-0.01,4,4153,卖盘
852,13:45:57,10.19,--,37,37703,买盘
853,13:45:51,10.19,--,90,91710,买盘
854,13:45:48,10.19,-0.01,331,337289,卖盘
855,13:45:36,10.2,0.01,1,1019,买盘
856,13:45:33,10.19,-0.01,20,20380,卖盘
857,13:45:18,10.2,--,1,1019,买盘
858,13:45:09,10.2,--,5,5100,买盘
859,13:45:06,10.2,0.02,1,1019,买盘
860,13:45:00,10.18,--,1,1262,卖盘
861,13:44:57,10.18,-0.02,1,1873,卖盘
862,13:44:51,10.2,--,2,2039,买盘
863,13:44:42,10.2,0.01,5,5100,买盘
864,13:44:39,10.19,--,1019,1038361,买盘
865,13:44:36,10.19,--,1,1019,买盘
866,13:44:27,10.19,-0.01,98,100147,卖盘
867,13:44:12,10.2,--,45,45900,买盘
868,13:44:06,10.2,--,10,10200,买盘
869,13:44:03,10.2,0.01,8,8159,买盘
870,13:44:00,10.19,--,8,8152,卖盘
871,13:43:57,10.19,--,3,3138,卖盘
872,13:43:54,10.19,--,1,1019,卖盘
873,13:43:48,10.19,--,80,81520,卖盘
874,13:43:39,10.19,--,52,53395,卖盘
875,13:43:27,10.19,-0.01,60,61140,卖盘
876,13:43:03,10.2,--,81,82620,买盘
877,13:43:00,10.2,0.01,1,1019,买盘
878,13:42:57,10.19,-0.01,3,3138,卖盘
879,13:42:54,10.2,--,1,1019,买盘
880,13:42:51,10.2,--,2,2039,买盘
881,13:42:48,10.2,--,5,5100,买盘
882,13:42:45,10.2,--,20,20400,买盘
883,13:42:36,10.2,0.01,10,10200,买盘
884,13:42:33,10.19,-0.01,1,1019,卖盘
885,13:42:21,10.2,--,10,10200,买盘
886,13:42:18,10.2,0.01,45,45900,买盘
887,13:42:15,10.19,-0.01,29,29551,卖盘
888,13:42:06,10.2,--,2,2039,买盘
889,13:42:03,10.2,0.01,6,6120,买盘
890,13:42:00,10.19,--,306,311814,卖盘
891,13:41:57,10.19,--,27,27513,卖盘
892,13:41:54,10.19,--,1,1059,卖盘
893,13:41:51,10.19,--,2,2078,卖盘
894,13:41:33,10.19,-0.01,18,18342,卖盘
895,13:41:24,10.2,--,10,10200,买盘
896,13:41:15,10.2,--,51,52020,买盘
897,13:41:03,10.2,--,2410,2458200,买盘
898,13:41:00,10.2,--,1,1019,买盘
899,13:40:57,10.2,--,282,288578,卖盘
900,13:40:54,10.2,--,26,26530,卖盘
901,13:40:51,10.2,-0.01,4,4151,卖盘
902,13:40:39,10.21,0.01,100,102100,买盘
903,13:40:27,10.2,-0.01,17,17340,卖盘
904,13:40:24,10.21,--,202,207017,卖盘
905,13:40:21,10.21,-0.01,19,19399,卖盘
906,13:40:12,10.22,--,6,6132,买盘
907,13:40:06,10.22,--,10,10220,买盘
908,13:40:03,10.22,--,1,1022,买盘
909,13:40:00,10.22,0.01,1,1022,买盘
910,13:39:51,10.21,--,3,3144,卖盘
911,13:39:45,10.21,-0.01,17,17357,卖盘
912,13:39:42,10.22,--,13,13286,买盘
913,13:39:33,10.22,0.01,47,48034,买盘
914,13:39:30,10.21,--,13,13273,卖盘
915,13:39:24,10.21,-0.01,92,93932,卖盘
916,13:39:21,10.22,0.01,137,140014,买盘
917,13:39:12,10.21,--,50,51050,卖盘
918,13:39:09,10.21,-0.01,14,14294,卖盘
919,13:39:06,10.22,--,75,76650,买盘
920,13:39:00,10.22,--,1,1022,买盘
921,13:38:57,10.22,--,47,48034,买盘
922,13:38:54,10.22,--,44,44968,买盘
923,13:38:51,10.22,0.01,53,54227,买盘
924,13:38:48,10.21,-0.01,12,12272,卖盘
925,13:38:45,10.22,--,2,2044,买盘
926,13:38:42,10.22,--,6,6132,买盘
927,13:38:36,10.22,--,26,26582,卖盘
928,13:38:33,10.22,--,46,47012,卖盘
929,13:38:30,10.22,--,9,9198,卖盘
930,13:38:24,10.22,0.01,472,483395,买盘
931,13:38:12,10.21,--,140,142940,卖盘
932,13:38:06,10.21,--,10,10210,卖盘
933,13:38:03,10.21,--,205,209386,买盘
934,13:38:00,10.21,0.01,14,14294,买盘
935,13:37:54,10.2,0.01,55,56099,买盘
936,13:37:51,10.19,--,107,109033,卖盘
937,13:37:48,10.19,-0.01,50,51031,卖盘
938,13:37:45,10.2,--,117,119339,买盘
939,13:37:42,10.2,--,43,43860,买盘
940,13:37:33,10.2,--,224,228479,买盘
941,13:37:30,10.2,--,1,1019,买盘
942,13:37:21,10.2,--,10,10200,买盘
943,13:37:18,10.2,0.01,17,17340,买盘
944,13:37:15,10.19,--,1412,1438828,买盘
945,13:37:12,10.19,--,53,54007,买盘
946,13:37:09,10.19,0.01,23,23437,买盘
947,13:37:06,10.18,-0.01,11,11198,卖盘
948,13:37:03,10.19,--,47,47893,买盘
949,13:37:00,10.19,0.01,14,14266,买盘
950,13:36:51,10.18,--,4,4072,卖盘
951,13:36:48,10.18,--,11,11381,卖盘
952,13:36:45,10.18,--,1,1934,卖盘
953,13:36:42,10.18,--,28,28504,买盘
954,13:36:33,10.18,--,19,19342,买盘
955,13:36:27,10.18,--,44,44792,买盘
956,13:36:21,10.18,--,121,123178,卖盘
957,13:36:18,10.18,-0.01,86,87548,中性盘
958,13:36:15,10.19,0.01,33,33627,买盘
959,13:36:12,10.18,--,3,3054,卖盘
960,13:36:09,10.18,-0.01,60,61080,卖盘
961,13:36:03,10.19,0.01,48,48912,买盘
962,13:36:00,10.18,--,613,624034,买盘
963,13:35:51,10.18,0.01,100,101800,买盘
964,13:35:45,10.17,--,11,11309,卖盘
965,13:35:42,10.17,-0.01,1,1993,卖盘
966,13:35:33,10.18,0.01,100,101800,买盘
967,13:35:27,10.17,-0.01,14,14238,卖盘
968,13:35:24,10.18,--,5,5090,买盘
969,13:35:18,10.18,--,16,16288,买盘
970,13:35:12,10.18,--,10,10180,买盘
971,13:35:06,10.18,--,137,139466,买盘
972,13:35:03,10.18,--,3,3054,买盘
973,13:35:00,10.18,0.01,102,103836,买盘
974,13:34:57,10.17,-0.01,1,1017,卖盘
975,13:34:51,10.18,--,12,12216,买盘
976,13:34:48,10.18,0.01,4,4072,买盘
977,13:34:45,10.17,--,12,12366,卖盘
978,13:34:42,10.17,--,8,9071,卖盘
979,13:34:33,10.17,--,40,40761,买盘
980,13:34:27,10.17,--,10,10170,买盘
981,13:34:21,10.17,--,200,203400,买盘
982,13:34:15,10.17,--,50,50850,买盘
983,13:34:09,10.17,0.01,1,1017,买盘
984,13:34:03,10.16,-0.01,23,23368,卖盘
985,13:34:00,10.17,--,54,54918,买盘
986,13:33:51,10.17,0.01,54,54918,买盘
987,13:33:48,10.16,--,16,16256,卖盘
988,13:33:42,10.16,--,103,104729,卖盘
989,13:33:36,10.16,--,2,2032,卖盘
990,13:33:30,10.16,--,3,3048,卖盘
991,13:33:12,10.16,--,18,18288,卖盘
992,13:33:09,10.16,-0.01,113,114808,卖盘
993,13:33:00,10.17,0.01,9,9153,买盘
994,13:32:54,10.16,-0.01,29,29464,卖盘
995,13:32:48,10.17,0.01,12,12204,买盘
996,13:32:42,10.16,--,9,9347,卖盘
997,13:32:39,10.16,-0.01,2,2926,卖盘
998,13:32:36,10.17,--,1,1017,买盘
999,13:32:27,10.17,--,8,8136,买盘
1000,13:32:24,10.17,--,195,199250,卖盘
1001,13:32:15,10.17,-0.01,18,18306,卖盘
1002,13:32:12,10.18,--,15,15270,买盘
1003,13:32:09,10.18,--,34,34612,买盘
1004,13:32:03,10.18,--,1,1018,买盘
1005,13:32:00,10.18,--,83,84494,买盘
1006,13:31:51,10.18,0.01,10,10180,买盘
1007,13:31:48,10.17,-0.01,100,101700,卖盘
1008,13:31:39,10.18,0.01,11,11279,买盘
1009,13:31:36,10.17,-0.01,10,10170,卖盘
1010,13:31:30,10.18,--,2,2036,买盘
1011,13:31:27,10.18,--,12,12216,买盘
1012,13:31:18,10.18,--,7,7126,买盘
1013,13:31:09,10.18,--,10,10180,买盘
1014,13:31:06,10.18,--,10,10180,买盘
1015,13:31:03,10.18,--,11,11198,买盘
1016,13:31:00,10.18,--,283,288094,买盘
1017,13:30:57,10.18,--,13,13234,买盘
1018,13:30:54,10.18,--,30,30540,买盘
1019,13:30:45,10.18,--,56,57008,买盘
1020,13:30:42,10.18,--,85,87466,卖盘
1021,13:30:39,10.18,--,1,1150,卖盘
1022,13:30:36,10.18,--,1,1985,卖盘
1023,13:30:33,10.18,--,31,31558,卖盘
1024,13:30:30,10.18,0.01,1923,1957614,买盘
1025,13:30:24,10.17,0.01,8,8136,买盘
1026,13:30:18,10.16,--,167,170515,买盘
1027,13:30:15,10.16,--,8,8128,买盘
1028,13:30:03,10.16,0.01,44,44704,买盘
1029,13:30:00,10.15,--,19,19285,买盘
1030,13:29:57,10.15,--,15,15225,买盘
1031,13:29:54,10.15,--,10,10150,买盘
1032,13:29:39,10.15,--,37,37555,买盘
1033,13:29:36,10.15,-0.01,143,145145,卖盘
1034,13:29:30,10.16,--,10,10160,买盘
1035,13:29:27,10.16,--,10,10160,买盘
1036,13:29:24,10.16,0.01,9,9144,买盘
1037,13:29:21,10.15,0.01,10,10150,买盘
1038,13:29:18,10.14,-0.02,30,30420,卖盘
1039,13:29:12,10.16,--,8,8128,买盘
1040,13:29:09,10.16,0.01,13,13208,买盘
1041,13:29:06,10.15,--,5,5075,买盘
1042,13:29:03,10.15,--,51,51765,买盘
1043,13:29:00,10.15,--,15,15225,买盘
1044,13:28:51,10.15,--,41,41615,买盘
1045,13:28:45,10.15,0.01,8,8120,买盘
1046,13:28:36,10.14,0.01,10,10951,买盘
1047,13:28:33,10.13,--,9,9198,卖盘
1048,13:28:30,10.13,-0.01,5,5065,卖盘
1049,13:28:21,10.14,--,37,37518,买盘
1050,13:28:18,10.14,--,45,45630,买盘
1051,13:28:15,10.14,0.01,11,11154,买盘
1052,13:28:09,10.13,-0.01,5,5065,卖盘
1053,13:28:06,10.14,0.01,5,5070,买盘
1054,13:27:57,10.13,-0.01,38,38494,卖盘
1055,13:27:54,10.14,0.01,20,20280,买盘
1056,13:27:42,10.13,--,1,1013,卖盘
1057,13:27:39,10.13,--,344,349201,买盘
1058,13:27:36,10.13,0.01,48,48624,买盘
1059,13:27:33,10.12,-0.01,3,3116,卖盘
1060,13:27:30,10.13,0.01,2,2026,买盘
1061,13:27:24,10.12,--,10,10120,卖盘
1062,13:27:21,10.12,-0.01,72,72864,卖盘
1063,13:27:18,10.13,--,20,20260,买盘
1064,13:27:15,10.13,--,45,45585,买盘
1065,13:27:09,10.13,--,29,29377,买盘
1066,13:27:03,10.13,0.01,31,31403,买盘
1067,13:26:51,10.12,--,102,103223,卖盘
1068,13:26:48,10.12,--,142,143704,卖盘
1069,13:26:42,10.12,-0.01,50,50599,卖盘
1070,13:26:39,10.13,--,89,90157,买盘
1071,13:26:36,10.13,0.01,193,195509,买盘
1072,13:26:33,10.12,--,8,8116,卖盘
1073,13:26:30,10.12,-0.01,22,22324,卖盘
1074,13:26:24,10.13,0.01,61,61793,买盘
1075,13:26:15,10.12,-0.01,10,10120,卖盘
1076,13:26:00,10.13,--,30,30390,买盘
1077,13:25:57,10.13,--,45,45585,买盘
1078,13:25:54,10.13,--,1,1013,买盘
1079,13:25:51,10.13,0.01,46,46598,买盘
1080,13:25:48,10.12,--,3,3035,卖盘
1081,13:25:42,10.12,-0.01,47,47806,卖盘
1082,13:25:36,10.13,0.01,1,1013,买盘
1083,13:25:30,10.12,--,8,8176,卖盘
1084,13:25:24,10.12,--,18,18216,买盘
1085,13:25:21,10.12,--,5,5060,买盘
1086,13:25:18,10.12,--,116,117391,买盘
1087,13:25:15,10.12,--,60,60719,买盘
1088,13:25:12,10.12,--,7,7083,买盘
1089,13:25:09,10.12,--,2,2023,买盘
1090,13:25:06,10.12,--,12,12143,买盘
1091,13:25:00,10.12,--,116,117391,买盘
1092,13:24:57,10.12,0.01,3,3035,买盘
1093,13:24:54,10.11,-0.01,30,30330,卖盘
1094,13:24:51,10.12,--,171,173052,卖盘
1095,13:24:42,10.12,-0.01,9,9108,中性盘
1096,13:24:33,10.13,0.02,8,8104,买盘
1097,13:24:30,10.11,--,10,10999,卖盘
1098,13:24:27,10.11,-0.02,2,2224,卖盘
1099,13:24:24,10.13,--,14,14182,买盘
1100,13:24:06,10.13,0.01,11,11143,买盘
1101,13:24:03,10.12,--,60,60719,买盘
1102,13:23:51,10.12,0.01,300,303600,买盘
1103,13:23:39,10.11,--,1,1011,买盘
1104,13:23:36,10.11,--,61,61671,买盘
1105,13:23:33,10.11,0.01,57,57627,买盘
1106,13:23:30,10.1,--,70,71578,卖盘
1107,13:23:27,10.1,-0.01,3,3242,卖盘
1108,13:23:24,10.11,0.01,7,7077,买盘
1109,13:23:18,10.1,-0.01,210,212100,卖盘
1110,13:23:15,10.11,--,225,227475,买盘
1111,13:23:12,10.11,0.01,102,103122,买盘
1112,13:23:06,10.1,--,25,25250,卖盘
1113,13:23:03,10.1,-0.01,29,29290,卖盘
1114,13:23:00,10.11,0.01,100,101100,买盘
1115,13:22:57,10.1,-0.01,274,276740,卖盘
1116,13:22:54,10.11,--,7,7461,买盘
1117,13:22:51,10.11,--,2,2022,买盘
1118,13:22:48,10.11,0.01,20,20220,买盘
1119,13:22:45,10.1,--,60,60600,卖盘
1120,13:22:39,10.1,-0.01,85,85850,卖盘
1121,13:22:36,10.11,--,37,37407,买盘
1122,13:22:30,10.11,0.01,269,271959,买盘
1123,13:22:27,10.1,-0.01,45,46399,卖盘
1124,13:22:24,10.11,0.01,23,23394,买盘
1125,13:22:21,10.1,--,5,5050,卖盘
1126,13:22:18,10.1,-0.01,520,525200,卖盘
1127,13:22:09,10.11,--,139,140529,买盘
1128,13:22:03,10.11,0.01,27,27297,买盘
1129,13:22:00,10.1,0.01,10,10100,中性盘
1130,13:21:57,10.09,-0.01,282,284538,卖盘
1131,13:21:54,10.1,--,30,31269,卖盘
1132,13:21:51,10.1,--,40,40400,卖盘
1133,13:21:48,10.1,-0.01,20,20200,卖盘
1134,13:21:45,10.11,0.01,8,8088,买盘
1135,13:21:42,10.1,0.01,87,87870,买盘
1136,13:21:39,10.09,--,188,189692,卖盘
1137,13:21:36,10.09,-0.02,16,16144,卖盘
1138,13:21:33,10.11,0.02,10,10110,买盘
1139,13:21:30,10.09,--,231,233079,卖盘
1140,13:21:24,10.09,--,8,8152,卖盘
1141,13:21:18,10.09,-0.01,374,377366,卖盘
1142,13:21:15,10.1,--,5,5050,买盘
1143,13:21:12,10.1,--,37,37370,卖盘
1144,13:21:09,10.1,--,8,8080,卖盘
1145,13:21:03,10.1,0.01,17,17170,中性盘
1146,13:21:00,10.09,-0.01,399,402591,卖盘
1147,13:20:57,10.1,--,147,148884,买盘
1148,13:20:51,10.1,--,3,3030,买盘
1149,13:20:48,10.1,--,25,25845,卖盘
1150,13:20:45,10.1,--,12,12120,卖盘
1151,13:20:39,10.1,-0.01,195,196950,卖盘
1152,13:20:36,10.11,0.01,30,30330,买盘
1153,13:20:30,10.1,-0.01,60,60600,卖盘
1154,13:20:27,10.11,0.01,105,106155,买盘
1155,13:20:24,10.1,--,123,125098,卖盘
1156,13:20:21,10.1,--,102,103242,卖盘
1157,13:20:18,10.1,-0.01,500,505000,卖盘
1158,13:20:12,10.11,-0.01,10,10110,中性盘
1159,13:20:03,10.12,0.02,13,13155,买盘
1160,13:20:00,10.1,--,1021,1031210,卖盘
1161,13:19:57,10.1,-0.01,104,105040,卖盘
1162,13:19:54,10.11,--,1,1011,卖盘
1163,13:19:48,10.11,-0.01,60,60660,卖盘
1164,13:19:45,10.12,0.01,58,58695,买盘
1165,13:19:39,10.11,--,550,556050,卖盘
1166,13:19:36,10.11,--,25,25275,卖盘
1167,13:19:33,10.11,--,168,169848,卖盘
1168,13:19:30,10.11,--,101,102282,卖盘
1169,13:19:24,10.11,--,1,1011,卖盘
1170,13:19:21,10.11,--,2,2102,卖盘
1171,13:19:18,10.11,-0.01,72,72792,卖盘
1172,13:19:15,10.12,--,38,38456,卖盘
1173,13:19:12,10.12,--,30,30359,卖盘
1174,13:19:09,10.12,--,82,82984,卖盘
1175,13:19:06,10.12,--,12,12143,卖盘
1176,13:19:03,10.12,--,28,28335,卖盘
1177,13:19:00,10.12,--,208,210495,卖盘
1178,13:18:57,10.12,--,572,578864,卖盘
1179,13:18:54,10.12,-0.01,47,47563,卖盘
1180,13:18:48,10.13,--,7,7091,买盘
1181,13:18:42,10.13,--,69,70180,卖盘
1182,13:18:36,10.13,--,59,60496,买盘
1183,13:18:30,10.13,--,84,85375,卖盘
1184,13:18:27,10.13,--,1,1013,卖盘
1185,13:18:21,10.13,-0.01,9,9198,卖盘
1186,13:18:18,10.14,--,30,30420,买盘
1187,13:18:12,10.14,--,1,1014,买盘
1188,13:18:03,10.14,0.01,44,44616,买盘
1189,13:18:00,10.13,--,186,188418,卖盘
1190,13:17:54,10.13,-0.01,1,1013,卖盘
1191,13:17:51,10.14,0.01,30,30420,买盘
1192,13:17:48,10.13,--,60,60780,卖盘
1193,13:17:45,10.13,-0.01,8,8104,卖盘
1194,13:17:39,10.14,0.01,55,55770,买盘
1195,13:17:27,10.13,--,9,9117,卖盘
1196,13:17:24,10.13,--,556,563228,卖盘
1197,13:17:21,10.13,--,1,1185,卖盘
1198,13:17:18,10.13,-0.01,1,1934,卖盘
1199,13:17:15,10.14,--,2,2028,买盘
1200,13:17:06,10.14,--,51,51754,卖盘
1201,13:17:03,10.14,-0.01,5,5070,卖盘
1202,13:17:00,10.15,0.01,1,1015,买盘
1203,13:16:57,10.14,--,23,24295,买盘
1204,13:16:54,10.14,--,207,209898,买盘
1205,13:16:48,10.14,0.01,1,1014,买盘
1206,13:16:45,10.13,-0.01,30,30390,卖盘
1207,13:16:36,10.14,--,1,1014,买盘
1208,13:16:33,10.14,--,14,14196,买盘
1209,13:16:30,10.14,--,5,5070,买盘
1210,13:16:27,10.14,--,6,6084,买盘
1211,13:16:21,10.14,--,118,119692,卖盘
1212,13:16:18,10.14,--,8,8193,卖盘
1213,13:16:06,10.14,--,7,7422,买盘
1214,13:16:00,10.14,--,200,202800,买盘
1215,13:15:54,10.14,--,23,23322,买盘
1216,13:15:45,10.14,--,383,389051,卖盘
1217,13:15:42,10.14,--,3,3042,卖盘
1218,13:15:39,10.14,--,5,5070,卖盘
1219,13:15:30,10.14,--,5,5070,卖盘
1220,13:15:27,10.14,--,24,24336,卖盘
1221,13:15:24,10.14,-0.01,121,122694,卖盘
1222,13:15:21,10.15,0.01,233,236495,买盘
1223,13:15:18,10.14,--,19,20269,卖盘
1224,13:15:15,10.14,-0.01,22,22399,卖盘
1225,13:15:12,10.15,0.01,15,15225,买盘
1226,13:15:00,10.14,-0.01,6,6084,卖盘
1227,13:14:45,10.15,--,1,1015,买盘
1228,13:14:33,10.15,-0.01,282,287001,卖盘
1229,13:14:27,10.16,--,8,8128,买盘
1230,13:14:21,10.16,0.01,14,14224,买盘
1231,13:14:18,10.15,--,1,1187,卖盘
1232,13:14:15,10.15,--,1,1938,卖盘
1233,13:14:12,10.15,--,59,59885,卖盘
1234,13:14:09,10.15,-0.01,24,24360,卖盘
1235,13:14:06,10.16,0.01,26,26416,买盘
1236,13:14:03,10.15,-0.01,35,35525,卖盘
1237,13:13:51,10.16,0.01,21,21336,买盘
1238,13:13:45,10.15,--,10,10150,卖盘
1239,13:13:36,10.15,--,101,102515,卖盘
1240,13:13:27,10.15,--,14,14210,卖盘
1241,13:13:24,10.15,--,4,4060,卖盘
1242,13:13:15,10.15,--,3,3126,卖盘
1243,13:13:09,10.15,--,12,12180,卖盘
1244,13:12:57,10.15,-0.01,50,50750,卖盘
1245,13:12:54,10.16,0.01,7,7112,买盘
1246,13:12:51,10.15,-0.01,100,101500,卖盘
1247,13:12:42,10.16,0.01,7,7112,买盘
1248,13:12:39,10.15,-0.01,49,49735,卖盘
1249,13:12:36,10.16,0.01,2,2032,买盘
1250,13:12:33,10.15,--,14,14210,卖盘
1251,13:12:30,10.15,--,38,38570,卖盘
1252,13:12:24,10.15,--,4,4060,卖盘
1253,13:12:15,10.15,--,0,872,卖盘
1254,13:12:12,10.15,--,103,104768,卖盘
1255,13:12:03,10.15,-0.01,19,19285,卖盘
1256,13:12:00,10.16,0.01,20,20320,买盘
1257,13:11:57,10.15,--,1,1015,卖盘
1258,13:11:54,10.15,-0.01,19,19285,卖盘
1259,13:11:48,10.16,0.01,161,163576,买盘
1260,13:11:45,10.15,--,10,10150,卖盘
1261,13:11:36,10.15,--,5,5075,卖盘
1262,13:11:24,10.15,-0.01,4,4060,卖盘
1263,13:11:21,10.16,--,223,226822,卖盘
1264,13:11:15,10.16,--,17,17272,卖盘
1265,13:11:12,10.16,--,3,3129,卖盘
1266,13:11:09,10.16,-0.01,25,25400,卖盘
1267,13:11:06,10.17,0.01,26,26442,买盘
1268,13:10:57,10.16,0.01,54,55544,买盘
1269,13:10:54,10.15,-0.01,1,1015,卖盘
1270,13:10:51,10.16,0.01,20,20320,买盘
1271,13:10:45,10.15,--,9,9135,卖盘
1272,13:10:39,10.15,-0.01,30,30450,卖盘
1273,13:10:27,10.16,--,93,94823,卖盘
1274,13:10:24,10.16,--,49,49784,卖盘
1275,13:10:18,10.16,--,6,6096,卖盘
1276,13:10:15,10.16,--,2,2032,卖盘
1277,13:10:12,10.16,--,0,995,卖盘
1278,13:10:09,10.16,-0.01,163,165709,卖盘
1279,13:10:06,10.17,0.01,1,1017,买盘
1280,13:10:03,10.16,-0.01,8,8128,卖盘
1281,13:09:57,10.17,0.01,20,20340,买盘
1282,13:09:48,10.16,--,25,25400,卖盘
1283,13:09:45,10.16,--,3,3048,卖盘
1284,13:09:33,10.16,--,3,3048,卖盘
1285,13:09:24,10.16,--,4,4064,卖盘
1286,13:09:12,10.16,--,1,1178,卖盘
1287,13:09:09,10.16,-0.01,1,1950,卖盘
1288,13:09:00,10.17,0.01,5,5085,中性盘
1289,13:08:42,10.16,--,136,138176,卖盘
1290,13:08:39,10.16,-0.01,2,2032,卖盘
1291,13:08:33,10.17,--,200,203400,买盘
1292,13:08:27,10.17,--,2485,2527611,卖盘
1293,13:08:24,10.17,-0.01,4,4068,卖盘
1294,13:08:21,10.18,--,13,13234,买盘
1295,13:08:09,10.18,0.01,11,11208,买盘
1296,13:08:06,10.17,-0.01,2,2105,卖盘
1297,13:08:00,10.18,--,30,30540,买盘
1298,13:07:42,10.18,--,50,50900,买盘
1299,13:07:39,10.18,--,1,1018,买盘
1300,13:07:36,10.18,--,1,1018,买盘
1301,13:07:30,10.18,0.01,2,2036,买盘
1302,13:07:24,10.17,--,4,4068,卖盘
1303,13:07:18,10.17,--,12,12204,卖盘
1304,13:07:09,10.17,--,2,2257,卖盘
1305,13:07:06,10.17,-0.01,1,1891,卖盘
1306,13:07:03,10.18,--,48,48864,买盘
1307,13:07:00,10.18,0.01,1,1018,买盘
1308,13:06:33,10.17,-0.01,1,1017,卖盘
1309,13:06:30,10.18,0.01,5,5090,买盘
1310,13:06:24,10.17,-0.01,4,4068,卖盘
1311,13:06:21,10.18,--,8,8144,买盘
1312,13:06:15,10.18,0.01,1,1018,买盘
1313,13:06:06,10.17,-0.01,3,3132,卖盘
1314,13:06:03,10.18,--,10,10180,买盘
1315,13:05:54,10.18,--,10,10180,买盘
1316,13:05:51,10.18,--,23,23414,买盘
1317,13:05:45,10.18,0.01,2,2036,买盘
1318,13:05:42,10.17,-0.01,8,8136,卖盘
1319,13:05:27,10.18,0.01,55,55990,买盘
1320,13:05:24,10.17,-0.01,4,4068,卖盘
1321,13:05:21,10.18,--,2,2036,买盘
1322,13:05:18,10.18,--,22,22396,买盘
1323,13:05:15,10.18,--,2,2036,买盘
1324,13:05:06,10.18,0.01,1,1018,买盘
1325,13:05:03,10.17,--,3,3132,卖盘
1326,13:04:45,10.17,-0.01,1,1017,卖盘
1327,13:04:36,10.18,--,8,8144,买盘
1328,13:04:27,10.18,0.01,37,37666,买盘
1329,13:04:24,10.17,-0.01,4,4068,卖盘
1330,13:04:18,10.18,--,19,19342,买盘
1331,13:04:12,10.18,--,1,1018,买盘
1332,13:04:06,10.18,0.01,5,5090,买盘
1333,13:04:03,10.17,--,1,1037,卖盘
1334,13:04:00,10.17,-0.01,59,60064,卖盘
1335,13:03:54,10.18,--,59,60062,买盘
1336,13:03:48,10.18,--,43,43774,买盘
1337,13:03:42,10.18,--,20,20360,买盘
1338,13:03:27,10.18,--,29,29522,买盘
1339,13:03:12,10.18,0.01,15,15270,买盘
1340,13:03:06,10.17,--,1,1017,卖盘
1341,13:03:03,10.17,--,204,207468,卖盘
1342,13:03:00,10.17,--,7,7200,卖盘
1343,13:02:57,10.17,-0.01,21,21357,卖盘
1344,13:02:36,10.18,--,1,1018,买盘
1345,13:02:33,10.18,--,5,5090,买盘
1346,13:02:27,10.18,--,39,39702,买盘
1347,13:02:12,10.18,0.01,43,43774,买盘
1348,13:02:00,10.17,--,3,3132,卖盘
1349,13:01:54,10.17,--,1,1017,卖盘
1350,13:01:51,10.17,--,1,1017,卖盘
1351,13:01:45,10.17,--,24,24408,卖盘
1352,13:01:39,10.17,-0.01,20,20340,卖盘
1353,13:01:33,10.18,--,20,20360,买盘
1354,13:01:27,10.18,--,28,28504,买盘
1355,13:01:21,10.18,--,4,4072,买盘
1356,13:01:09,10.18,0.01,2,2036,买盘
1357,13:01:06,10.17,--,11,11187,卖盘
1358,13:00:57,10.17,-0.01,3,3132,卖盘
1359,13:00:18,10.18,0.01,13,13234,买盘
1360,13:00:06,10.17,--,95,97021,卖盘
1361,13:00:03,10.17,0.01,434,441988,买盘
1362,13:00:00,10.16,--,0,0,卖盘
1363,11:30:00,10.16,--,0,0,卖盘
1364,11:29:57,10.16,-0.01,3,3129,卖盘
1365,11:29:30,10.17,--,1,1017,买盘
1366,11:29:27,10.17,0.01,29,29493,买盘
1367,11:29:21,10.16,-0.01,5,5080,卖盘
1368,11:29:06,10.17,0.01,1,1017,买盘
1369,11:28:54,10.16,-0.01,3,3129,卖盘
1370,11:28:48,10.17,0.01,3,3051,买盘
1371,11:28:42,10.16,-0.01,1,1290,卖盘
1372,11:28:33,10.17,--,1,1017,买盘
1373,11:28:27,10.17,0.01,29,29493,买盘
1374,11:28:18,10.16,-0.01,10,10160,卖盘
1375,11:28:15,10.17,--,20,20340,买盘
1376,11:28:12,10.17,0.01,1,1017,买盘
1377,11:28:03,10.16,-0.01,1,1016,卖盘
1378,11:28:00,10.17,--,3,3051,买盘
1379,11:27:54,10.17,0.01,13,13302,买盘
1380,11:27:45,10.16,--,6,6096,卖盘
1381,11:27:30,10.16,-0.01,38,38608,卖盘
1382,11:27:27,10.17,0.01,29,29493,买盘
1383,11:27:24,10.16,--,2,2032,卖盘
1384,11:27:15,10.16,0.01,20,20320,买盘
1385,11:27:12,10.15,-0.01,1,1015,卖盘
1386,11:27:09,10.16,0.01,30,30480,买盘
1387,11:27:03,10.15,-0.01,30,30450,卖盘
1388,11:27:00,10.16,0.01,1,1016,买盘
1389,11:26:54,10.15,--,1,1035,卖盘
1390,11:26:51,10.15,-0.02,6,6150,卖盘
1391,11:26:36,10.17,0.02,2,2034,买盘
1392,11:26:30,10.15,-0.02,8,8120,卖盘
1393,11:26:27,10.17,--,29,29493,买盘
1394,11:26:21,10.17,0.01,10,10170,买盘
1395,11:26:15,10.16,--,10,10160,卖盘
1396,11:26:12,10.16,--,1,1016,卖盘
1397,11:26:09,10.16,--,19,19304,卖盘
1398,11:25:51,10.16,--,3,3129,卖盘
1399,11:25:45,10.16,--,7,7112,卖盘
1400,11:25:30,10.16,--,15,15494,买盘
1401,11:25:27,10.16,--,30,31242,卖盘
1402,11:25:24,10.16,--,13,13462,买盘
1403,11:25:09,10.16,0.01,3,3048,买盘
1404,11:25:06,10.15,-0.01,1,1015,卖盘
1405,11:25:00,10.16,-0.01,4,4826,卖盘
1406,11:24:57,10.17,--,20,20340,买盘
1407,11:24:54,10.17,0.01,10,10170,买盘
1408,11:24:51,10.16,-0.01,3,3129,中性盘
1409,11:24:42,10.17,0.01,18,18306,买盘
1410,11:24:39,10.16,0.02,10,10160,买盘
1411,11:24:36,10.14,-0.03,200,202800,卖盘
1412,11:24:27,10.17,0.01,29,29493,买盘
1413,11:24:18,10.16,--,21,21336,卖盘
1414,11:24:12,10.16,-0.01,10,10160,卖盘
1415,11:24:06,10.17,--,1,1017,买盘
1416,11:24:03,10.17,0.01,5,5085,买盘
1417,11:23:57,10.16,--,4,4064,卖盘
1418,11:23:54,10.16,0.01,48,48768,买盘
1419,11:23:48,10.15,--,13,13276,卖盘
1420,11:23:30,10.15,--,90,91350,卖盘
1421,11:23:27,10.15,-0.02,335,340025,卖盘
1422,11:23:18,10.17,0.01,135,137295,买盘
1423,11:23:09,10.16,--,20,20320,买盘
1424,11:23:06,10.16,0.01,5,5080,买盘
1425,11:23:03,10.15,--,11,11165,卖盘
1426,11:22:57,10.15,0.01,47,48638,买盘
1427,11:22:51,10.14,--,69,69966,卖盘
1428,11:22:48,10.14,-0.01,3,3123,卖盘
1429,11:22:45,10.15,--,4,4060,买盘
1430,11:22:39,10.15,--,6,6090,买盘
1431,11:22:30,10.15,--,5,5075,买盘
1432,11:22:27,10.15,--,61,61996,卖盘
1433,11:22:24,10.15,--,15,15225,卖盘
1434,11:22:21,10.15,-0.01,165,167475,卖盘
1435,11:22:15,10.16,0.01,10,10160,买盘
1436,11:22:00,10.15,--,105,107508,买盘
1437,11:21:57,10.15,--,15,15225,买盘
1438,11:21:54,10.15,--,10,10150,买盘
1439,11:21:51,10.15,--,200,203000,买盘
1440,11:21:48,10.15,0.01,1,1015,买盘
1441,11:21:45,10.14,-0.01,3,3123,卖盘
1442,11:21:36,10.15,--,8,8120,买盘
1443,11:21:27,10.15,--,29,29435,买盘
1444,11:21:21,10.15,--,3,3045,买盘
1445,11:21:15,10.15,0.01,20,20300,买盘
1446,11:21:03,10.14,--,5,5151,买盘
1447,11:20:54,10.14,--,135,137822,卖盘
1448,11:20:51,10.14,-0.01,9,9126,卖盘
1449,11:20:45,10.15,--,6,6120,买盘
1450,11:20:42,10.15,--,12,12230,买盘
1451,11:20:36,10.15,--,18,18270,买盘
1452,11:20:27,10.15,0.02,47,47705,买盘
1453,11:20:24,10.13,-0.01,153,155556,卖盘
1454,11:20:18,10.14,--,5,5070,买盘
1455,11:20:15,10.14,--,60,60840,买盘
1456,11:20:12,10.14,--,2,2028,买盘
1457,11:20:09,10.14,--,29,29406,买盘
1458,11:20:03,10.14,0.01,63,63882,买盘
1459,11:20:00,10.13,-0.01,1,1013,卖盘
1460,11:19:54,10.14,0.01,5,5070,买盘
1461,11:19:51,10.13,-0.01,14,14587,卖盘
1462,11:19:48,10.14,--,1,1014,买盘
1463,11:19:42,10.14,0.01,130,132763,买盘
1464,11:19:39,10.13,--,12,12307,卖盘
1465,11:19:36,10.13,--,20,20260,卖盘
1466,11:19:33,10.13,--,66,66858,卖盘
1467,11:19:30,10.13,-0.01,6,6078,卖盘
1468,11:19:27,10.14,--,29,29406,买盘
1469,11:19:21,10.14,--,10,10140,买盘
1470,11:19:15,10.14,0.01,20,20280,买盘
1471,11:19:12,10.13,-0.01,30,30390,卖盘
1472,11:19:06,10.14,0.01,17,17238,买盘
1473,11:18:57,10.13,-0.01,5,5065,卖盘
1474,11:18:54,10.14,0.01,41,41574,买盘
1475,11:18:48,10.13,--,4,4052,卖盘
1476,11:18:45,10.13,--,8,8104,卖盘
1477,11:18:42,10.13,--,70,71882,卖盘
1478,11:18:39,10.13,--,2,2147,卖盘
1479,11:18:36,10.13,--,100,101300,卖盘
1480,11:18:33,10.13,--,24,24393,买盘
1481,11:18:30,10.13,--,20,20260,买盘
1482,11:18:27,10.13,0.01,43,43559,买盘
1483,11:18:24,10.12,--,4,4047,卖盘
1484,11:18:21,10.12,-0.01,111,112412,卖盘
1485,11:18:12,10.13,--,39,40438,卖盘
1486,11:18:09,10.13,--,31,31403,卖盘
1487,11:17:54,10.13,-0.01,100,101300,卖盘
1488,11:17:51,10.14,--,64,65828,卖盘
1489,11:17:48,10.14,-0.01,55,55770,卖盘
1490,11:17:45,10.15,0.01,7,7105,买盘
1491,11:17:42,10.14,--,73,74022,卖盘
1492,11:17:39,10.14,--,3,3123,卖盘
1493,11:17:33,10.14,-0.01,5,5070,卖盘
1494,11:17:27,10.15,--,29,29435,买盘
1495,11:17:21,10.15,--,18,18270,买盘
1496,11:17:09,10.15,0.01,112,113680,买盘
1497,11:16:57,10.14,0.01,32,32448,买盘
1498,11:16:51,10.13,-0.01,7,7091,卖盘
1499,11:16:48,10.14,0.01,32,32448,买盘
1500,11:16:45,10.13,-0.01,20,20260,卖盘
1501,11:16:39,10.14,0.01,22,22308,买盘
1502,11:16:36,10.13,--,99,100368,卖盘
1503,11:16:33,10.13,--,10,10130,卖盘
1504,11:16:30,10.13,--,6,6078,卖盘
1505,11:16:27,10.13,--,43,43559,卖盘
1506,11:16:24,10.13,-0.01,5,5065,卖盘
1507,11:16:18,10.14,--,10,10140,买盘
1508,11:16:09,10.14,--,814,825396,卖盘
1509,11:16:06,10.14,-0.01,1,1014,卖盘
1510,11:16:03,10.15,--,1,1015,买盘
1511,11:16:00,10.15,--,10,10150,买盘
1512,11:15:54,10.15,--,17,17255,买盘
1513,11:15:51,10.15,--,319,323866,卖盘
1514,11:15:45,10.15,-0.01,125,126875,卖盘
1515,11:15:42,10.16,--,102,103632,买盘
1516,11:15:39,10.16,--,44,45151,卖盘
1517,11:15:36,10.16,--,3,3129,卖盘
1518,11:15:30,10.16,-0.01,128,130048,卖盘
1519,11:15:27,10.17,0.01,29,29493,买盘
1520,11:15:24,10.16,--,4,4064,卖盘
1521,11:15:15,10.16,--,125,127000,卖盘
1522,11:15:03,10.16,--,4,4064,卖盘
1523,11:15:00,10.16,--,1,1016,卖盘
1524,11:14:57,10.16,-0.02,126,128016,卖盘
1525,11:14:51,10.18,0.01,14,14252,买盘
1526,11:14:48,10.17,--,10,10170,买盘
1527,11:14:45,10.17,0.01,10,10170,买盘
1528,11:14:42,10.16,--,125,127000,卖盘
1529,11:14:36,10.16,-0.01,0,873,卖盘
1530,11:14:33,10.17,-0.01,23,23614,卖盘
1531,11:14:27,10.18,0.01,145,147610,买盘
1532,11:14:18,10.17,0.01,100,101700,买盘
1533,11:14:12,10.16,-0.01,26,26416,卖盘
1534,11:14:09,10.17,-0.01,17,17289,卖盘
1535,11:14:06,10.18,0.01,1,1018,买盘
1536,11:13:57,10.17,--,25,25425,卖盘
1537,11:13:54,10.17,-0.01,125,127125,卖盘
1538,11:13:51,10.18,--,2,2036,买盘
1539,11:13:45,10.18,0.01,9,9162,买盘
1540,11:13:39,10.17,--,125,127125,卖盘
1541,11:13:33,10.17,--,3,3132,卖盘
1542,11:13:30,10.17,-0.01,17,17289,卖盘
1543,11:13:27,10.18,0.01,29,29522,买盘
1544,11:13:18,10.17,--,1,1017,卖盘
1545,11:13:09,10.17,--,17,17289,卖盘
1546,11:13:03,10.17,-0.01,2,2034,卖盘
1547,11:13:00,10.18,--,3,3054,买盘
1548,11:12:57,10.18,0.01,2,2036,买盘
1549,11:12:54,10.17,-0.01,18,18306,卖盘
1550,11:12:51,10.18,--,1,1018,买盘
1551,11:12:39,10.18,--,10,10180,买盘
1552,11:12:36,10.18,0.01,21,21378,买盘
1553,11:12:33,10.17,--,23,24306,卖盘
1554,11:12:30,10.17,-0.01,3,3234,卖盘
1555,11:12:27,10.18,--,29,29522,买盘
1556,11:12:18,10.18,0.01,14,14252,买盘
1557,11:12:09,10.17,--,97,98649,卖盘
1558,11:12:06,10.17,--,188,191196,买盘
1559,11:12:03,10.17,--,10,10170,买盘
1560,11:11:54,10.17,--,103,104751,买盘
1561,11:11:51,10.17,--,1,1017,买盘
1562,11:11:48,10.17,--,10,10170,买盘
1563,11:11:36,10.17,--,10,10170,买盘
1564,11:11:33,10.17,0.01,10,10170,买盘
1565,11:11:30,10.16,-0.01,3,3129,卖盘
1566,11:11:27,10.17,--,29,29493,买盘
1567,11:11:18,10.17,--,10,10170,买盘
1568,11:11:15,10.17,--,1,1017,买盘
1569,11:11:12,10.17,--,31,31527,买盘
1570,11:11:09,10.17,--,5,5085,买盘
1571,11:11:06,10.17,0.01,34,34578,买盘
1572,11:11:03,10.16,-0.01,31,31496,卖盘
1573,11:11:00,10.17,--,10,10170,买盘
1574,11:10:57,10.17,0.01,15,15255,买盘
1575,11:10:54,10.16,-0.01,59,59944,卖盘
1576,11:10:51,10.17,--,70,71190,买盘
1577,11:10:48,10.17,--,4,4068,买盘
1578,11:10:45,10.17,0.01,20,20340,买盘
1579,11:10:39,10.16,-0.01,5,5080,卖盘
1580,11:10:33,10.17,0.01,1,1017,买盘
1581,11:10:30,10.16,-0.01,1,1036,卖盘
1582,11:10:27,10.17,--,39,39724,买盘
1583,11:10:24,10.17,0.01,4,4068,买盘
1584,11:10:21,10.16,--,107,108712,卖盘
1585,11:10:15,10.16,--,10,10160,卖盘
1586,11:10:12,10.16,-0.01,49,49784,卖盘
1587,11:10:09,10.17,--,10,10170,买盘
1588,11:10:06,10.17,--,30,30510,买盘
1589,11:10:03,10.17,--,5,5085,买盘
1590,11:09:57,10.17,--,26,26442,买盘
1591,11:09:54,10.17,--,10,10170,买盘
1592,11:09:48,10.17,--,50,50850,买盘
1593,11:09:45,10.17,0.01,12,12204,买盘
1594,11:09:42,10.16,--,10,10160,卖盘
1595,11:09:39,10.16,--,46,46736,卖盘
1596,11:09:33,10.16,--,19,19304,卖盘
1597,11:09:27,10.16,-0.01,32,32593,卖盘
1598,11:09:24,10.17,0.01,100,101700,买盘
1599,11:09:21,10.16,-0.01,40,40640,卖盘
1600,11:09:09,10.17,--,7,7119,买盘
1601,11:09:06,10.17,--,1,1017,买盘
1602,11:09:03,10.17,--,4,4068,买盘
1603,11:08:57,10.17,0.01,4,4068,买盘
1604,11:08:51,10.16,--,36,36576,卖盘
1605,11:08:48,10.16,--,102,103632,卖盘
1606,11:08:45,10.16,--,6,6096,买盘
1607,11:08:42,10.16,--,106,107696,买盘
1608,11:08:39,10.16,--,9,9144,买盘
1609,11:08:36,10.16,--,2,2032,买盘
1610,11:08:33,10.16,0.01,1,1016,买盘
1611,11:08:30,10.15,--,33,33495,卖盘
1612,11:08:27,10.15,--,30,30581,卖盘
1613,11:08:24,10.15,-0.01,1,1979,卖盘
1614,11:08:18,10.16,0.01,35,35560,买盘
1615,11:08:15,10.15,--,96,97440,卖盘
1616,11:08:12,10.15,--,10,10150,卖盘
1617,11:08:09,10.15,--,22,22330,卖盘
1618,11:08:06,10.15,-0.01,3,3045,卖盘
1619,11:08:03,10.16,--,30,30480,买盘
1620,11:08:00,10.16,--,31,31496,买盘
1621,11:07:57,10.16,0.01,5,5080,中性盘
1622,11:07:45,10.15,-0.01,57,58626,卖盘
1623,11:07:42,10.16,0.01,10,10160,买盘
1624,11:07:39,10.15,-0.01,215,218225,卖盘
1625,11:07:36,10.16,--,1,1016,买盘
1626,11:07:33,10.16,0.01,5,5080,买盘
1627,11:07:30,10.15,--,10,10150,卖盘
1628,11:07:27,10.15,--,117,118958,卖盘
1629,11:07:24,10.15,-0.01,341,347008,卖盘
1630,11:07:21,10.16,--,190,193040,买盘
1631,11:07:18,10.16,-0.01,802,815075,卖盘
1632,11:07:15,10.17,--,16,16272,买盘
1633,11:07:12,10.17,-0.01,11,11187,卖盘
1634,11:07:09,10.18,0.01,87,88566,买盘
1635,11:07:06,10.17,-0.01,8,8136,卖盘
1636,11:07:03,10.18,0.01,42,42756,买盘
1637,11:07:00,10.17,-0.01,15,15255,卖盘
1638,11:06:57,10.18,--,20,20360,买盘
1639,11:06:54,10.18,--,10,10180,买盘
1640,11:06:48,10.18,0.02,81,82458,买盘
1641,11:06:39,10.16,-0.02,5,5080,卖盘
1642,11:06:36,10.18,--,2,2036,买盘
1643,11:06:33,10.18,0.02,88,89584,买盘
1644,11:06:30,10.16,-0.02,169,171704,卖盘
1645,11:06:27,10.18,0.02,29,29522,买盘
1646,11:06:24,10.16,--,45,45801,卖盘
1647,11:06:18,10.16,-0.01,50,50800,卖盘
1648,11:06:15,10.17,0.01,14,14929,买盘
1649,11:06:09,10.16,--,11,11176,卖盘
1650,11:06:06,10.16,--,83,84328,卖盘
1651,11:06:03,10.16,--,121,122936,买盘
1652,11:05:57,10.16,--,17,17272,买盘
1653,11:05:54,10.16,--,20,20320,买盘
1654,11:05:51,10.16,--,29,29464,卖盘
1655,11:05:48,10.16,--,38,38608,卖盘
1656,11:05:45,10.16,--,30,30480,卖盘
1657,11:05:39,10.16,--,127,129032,卖盘
1658,11:05:36,10.16,-0.01,226,229616,卖盘
1659,11:05:33,10.17,--,90,91530,买盘
1660,11:05:30,10.17,-0.01,219,222845,卖盘
1661,11:05:27,10.18,0.01,29,29522,买盘
1662,11:05:24,10.17,--,10,10393,卖盘
1663,11:05:21,10.17,--,26,27316,卖盘
1664,11:05:18,10.17,--,32,32544,卖盘
1665,11:05:15,10.17,-0.01,3,3051,卖盘
1666,11:05:06,10.18,--,328,333904,买盘
1667,11:05:03,10.18,0.01,86,87548,中性盘
1668,11:05:00,10.17,-0.01,60,61833,卖盘
1669,11:04:54,10.18,--,164,166952,买盘
1670,11:04:51,10.18,--,200,203600,买盘
1671,11:04:48,10.18,-0.02,2235,2275433,卖盘
1672,11:04:45,10.2,0.01,6,6120,买盘
1673,11:04:39,10.19,-0.01,135,137565,卖盘
1674,11:04:33,10.2,--,2,2039,买盘
1675,11:04:27,10.2,0.01,28,28559,买盘
1676,11:04:24,10.19,--,10,10190,卖盘
1677,11:04:21,10.19,-0.01,21,21480,卖盘
1678,11:04:18,10.2,0.01,41,41820,买盘
1679,11:04:12,10.19,-0.01,50,50950,卖盘
1680,11:04:06,10.2,--,2,2039,买盘
1681,11:04:03,10.2,--,2,2039,买盘
1682,11:04:00,10.2,0.01,6,6120,买盘
1683,11:03:54,10.19,-0.01,30,30570,卖盘
1684,11:03:51,10.2,--,12,12240,买盘
1685,11:03:48,10.2,--,10,10200,买盘
1686,11:03:30,10.2,--,5,5100,买盘
1687,11:03:27,10.2,--,29,29579,买盘
1688,11:03:24,10.2,0.01,3,3060,买盘
1689,11:03:21,10.19,-0.01,3,3138,卖盘
1690,11:03:09,10.2,--,10,10200,买盘
1691,11:03:06,10.2,0.01,10,10200,买盘
1692,11:03:00,10.19,-0.01,6,6114,卖盘
1693,11:02:57,10.2,--,40,40800,买盘
1694,11:02:51,10.2,0.01,1,1019,买盘
1695,11:02:48,10.19,-0.01,14,14266,卖盘
1696,11:02:42,10.2,--,4,4079,买盘
1697,11:02:39,10.2,--,1,1019,买盘
1698,11:02:30,10.2,--,69,70380,买盘
1699,11:02:27,10.2,--,29,29579,买盘
1700,11:02:24,10.2,--,63,65198,卖盘
1701,11:02:21,10.2,-0.01,500,510979,卖盘
1702,11:02:18,10.21,--,11,11353,买盘
1703,11:02:09,10.21,--,5,5105,买盘
1704,11:02:00,10.21,0.01,20,20420,买盘
1705,11:01:51,10.2,-0.01,3,3060,卖盘
1706,11:01:45,10.21,-0.01,528,540027,卖盘
1707,11:01:42,10.22,-0.01,525,536560,卖盘
1708,11:01:36,10.23,--,1,1023,买盘
1709,11:01:27,10.23,0.01,30,30690,买盘
1710,11:01:18,10.22,--,3,3147,卖盘
1711,11:01:15,10.22,--,38,38836,卖盘
1712,11:01:09,10.22,-0.01,40,40880,卖盘
1713,11:01:03,10.23,--,70,71610,买盘
1714,11:01:00,10.23,--,5,5115,买盘
1715,11:00:51,10.23,0.01,24,24552,买盘
1716,11:00:48,10.22,-0.01,5,5110,卖盘
1717,11:00:45,10.23,0.01,4,4092,买盘
1718,11:00:30,10.22,-0.01,1,1022,卖盘
1719,11:00:27,10.23,0.01,29,29667,买盘
1720,11:00:18,10.22,0.01,291,298240,买盘
1721,11:00:15,10.21,-0.01,2,2215,卖盘
1722,11:00:03,10.22,--,1,1022,买盘
1723,11:00:00,10.22,--,5,5110,买盘
1724,10:59:57,10.22,0.01,1,1022,买盘
1725,10:59:39,10.21,-0.01,2,2042,卖盘
1726,10:59:27,10.22,0.01,28,28616,买盘
1727,10:59:15,10.21,-0.01,3,3144,卖盘
1728,10:59:06,10.22,0.01,1,1022,买盘
1729,10:58:54,10.21,0.01,75,76656,买盘
1730,10:58:51,10.2,-0.01,10,10200,卖盘
1731,10:58:42,10.21,0.01,108,110268,买盘
1732,10:58:39,10.2,-0.01,31,31619,卖盘
1733,10:58:36,10.21,--,300,306300,买盘
1734,10:58:33,10.21,0.01,1,1021,买盘
1735,10:58:30,10.2,--,13,13259,卖盘
1736,10:58:27,10.2,--,59,60179,卖盘
1737,10:58:24,10.2,0.01,10,10200,买盘
1738,10:58:18,10.19,--,268,273092,卖盘
1739,10:58:15,10.19,-0.02,3,3138,卖盘
1740,10:58:03,10.21,0.02,100,102100,买盘
1741,10:58:00,10.19,-0.01,250,254750,卖盘
1742,10:57:57,10.2,--,22,22440,卖盘
1743,10:57:54,10.2,-0.01,5,5100,卖盘
1744,10:57:51,10.21,0.01,28,28588,买盘
1745,10:57:48,10.2,0.01,3,3060,买盘
1746,10:57:45,10.19,--,249,253731,卖盘
1747,10:57:42,10.19,-0.01,20,20380,卖盘
1748,10:57:39,10.2,--,8,8159,买盘
1749,10:57:36,10.2,--,11,11220,买盘
1750,10:57:33,10.2,0.01,49,49980,买盘
1751,10:57:30,10.19,-0.02,16,16304,卖盘
1752,10:57:27,10.21,--,29,29609,买盘
1753,10:57:21,10.21,0.02,21,21441,买盘
1754,10:57:15,10.19,--,163,166107,卖盘
1755,10:57:12,10.19,-0.02,7,7204,卖盘
1756,10:57:03,10.21,0.01,2,2042,买盘
1757,10:57:00,10.2,--,18,18360,卖盘
1758,10:56:45,10.2,--,89,90780,卖盘
1759,10:56:42,10.2,--,16,16319,卖盘
1760,10:56:36,10.2,--,11,11220,卖盘
1761,10:56:30,10.2,0.01,47,48062,买盘
1762,10:56:27,10.19,-0.01,279,284301,卖盘
1763,10:56:24,10.2,--,12,12240,买盘
1764,10:56:21,10.2,--,43,43860,买盘
1765,10:56:18,10.2,--,7,7139,买盘
1766,10:56:15,10.2,0.01,15,15299,买盘
1767,10:56:12,10.19,--,35,35665,卖盘
1768,10:56:09,10.19,-0.02,112,115106,卖盘
1769,10:56:00,10.21,0.02,5,5105,买盘
1770,10:55:57,10.19,-0.02,215,219085,卖盘
1771,10:55:45,10.21,--,62,63302,买盘
1772,10:55:42,10.21,--,309,315489,买盘
1773,10:55:39,10.21,--,112,114352,买盘
1774,10:55:36,10.21,--,5,5105,买盘
1775,10:55:33,10.21,0.01,20,20420,买盘
1776,10:55:30,10.2,-0.01,1,1019,卖盘
1777,10:55:27,10.21,0.01,29,29609,买盘
1778,10:55:24,10.2,-0.01,250,254999,卖盘
1779,10:55:21,10.21,0.01,40,40840,买盘
1780,10:55:09,10.2,-0.01,31,31701,卖盘
1781,10:54:57,10.21,--,1,1021,买盘
1782,10:54:51,10.21,--,10,10210,买盘
1783,10:54:48,10.21,0.01,1,1021,买盘
1784,10:54:45,10.2,-0.01,17,17340,卖盘
1785,10:54:42,10.21,--,2,2042,买盘
1786,10:54:36,10.21,--,10,10210,买盘
1787,10:54:33,10.21,--,5,5105,买盘
1788,10:54:30,10.21,--,22,22462,买盘
1789,10:54:27,10.21,--,45,45945,买盘
1790,10:54:18,10.21,0.01,10,10210,买盘
1791,10:54:12,10.2,--,10,10200,卖盘
1792,10:54:06,10.2,--,4,4161,卖盘
1793,10:54:03,10.2,--,67,68340,卖盘
1794,10:53:54,10.2,-0.01,35,35700,卖盘
1795,10:53:51,10.21,--,1,1021,买盘
1796,10:53:48,10.21,--,28,28588,买盘
1797,10:53:45,10.21,--,7,8086,卖盘
1798,10:53:30,10.21,-0.01,10,10210,卖盘
1799,10:53:27,10.22,0.01,32,32785,买盘
1800,10:53:18,10.21,--,5,5105,买盘
1801,10:53:12,10.21,--,67,69346,卖盘
1802,10:53:06,10.21,--,162,166320,卖盘
1803,10:53:03,10.21,--,2,2225,卖盘
1804,10:52:51,10.21,--,28,28588,卖盘
1805,10:52:39,10.21,-0.01,5,5105,中性盘
1806,10:52:36,10.22,0.01,61,62342,买盘
1807,10:52:33,10.21,-0.01,5,5105,卖盘
1808,10:52:27,10.22,0.01,28,28616,买盘
1809,10:52:24,10.21,0.01,71,72491,买盘
1810,10:52:21,10.2,-0.01,264,269280,卖盘
1811,10:52:12,10.21,--,4,4084,买盘
1812,10:52:09,10.21,--,89,90869,买盘
1813,10:52:06,10.21,0.01,316,322768,买盘
1814,10:52:03,10.2,-0.02,2,3009,卖盘
1815,10:52:00,10.22,0.02,8,8176,买盘
1816,10:51:57,10.2,-0.02,91,92820,卖盘
1817,10:51:54,10.22,0.01,20,20440,买盘
1818,10:51:51,10.21,--,36,36756,买盘
1819,10:51:48,10.21,-0.01,26,26637,卖盘
1820,10:51:36,10.22,--,71,72562,买盘
1821,10:51:33,10.22,-0.01,1,1022,买盘
1822,10:51:30,10.23,--,44,45012,买盘
1823,10:51:27,10.23,0.02,29,29667,买盘
1824,10:51:24,10.21,-0.02,260,265460,卖盘
1825,10:51:21,10.23,0.01,1,1023,中性盘
1826,10:51:12,10.22,--,12,12264,卖盘
1827,10:51:06,10.22,--,9,9198,卖盘
1828,10:51:03,10.22,--,0,970,卖盘
1829,10:51:00,10.22,--,2,2176,中性盘
1830,10:50:57,10.22,--,16,16352,卖盘
1831,10:50:51,10.22,--,31,31682,卖盘
1832,10:50:48,10.22,-0.02,220,224840,卖盘
1833,10:50:36,10.24,--,145,148480,买盘
1834,10:50:33,10.24,0.02,185,189440,买盘
1835,10:50:30,10.22,-0.02,50,51100,卖盘
1836,10:50:27,10.24,0.02,29,29696,买盘
1837,10:50:18,10.22,--,55,56210,卖盘
1838,10:50:03,10.22,-0.01,17,17374,卖盘
1839,10:50:00,10.23,--,1,1176,卖盘
1840,10:49:57,10.23,-0.01,1,1974,中性盘
1841,10:49:51,10.24,0.02,31,31744,买盘
1842,10:49:48,10.22,-0.01,228,233016,买盘
1843,10:49:39,10.23,--,1,1023,卖盘
1844,10:49:36,10.23,0.02,124,126852,买盘
1845,10:49:30,10.21,-0.02,283,288943,卖盘
1846,10:49:27,10.23,0.02,29,29667,买盘
1847,10:49:21,10.21,-0.02,1,1021,卖盘
1848,10:49:18,10.23,0.02,114,116622,买盘
1849,10:49:15,10.21,-0.02,433,442093,卖盘
1850,10:49:09,10.23,--,2,2046,买盘
1851,10:49:06,10.23,0.01,1,1023,中性盘
1852,10:49:00,10.22,-0.01,10,10220,卖盘
1853,10:48:57,10.23,--,27,27702,买盘
1854,10:48:51,10.23,-0.01,11,11253,中性盘
1855,10:48:30,10.24,--,2,2048,买盘
1856,10:48:27,10.24,0.01,37,37888,买盘
1857,10:48:21,10.23,0.01,3,3069,买盘
1858,10:48:15,10.22,-0.01,4,4088,卖盘
1859,10:48:12,10.23,0.01,1,1023,买盘
1860,10:48:09,10.22,--,44,45162,买盘
1861,10:48:06,10.22,--,70,71540,买盘
1862,10:48:03,10.22,-0.01,190,195007,卖盘
1863,10:48:00,10.23,--,1,1023,买盘
1864,10:47:57,10.23,--,5,5196,买盘
1865,10:47:54,10.23,--,10,10230,买盘
1866,10:47:51,10.23,--,1,1023,买盘
1867,10:47:48,10.23,0.01,14,14322,买盘
1868,10:47:45,10.22,-0.01,1,1022,卖盘
1869,10:47:42,10.23,0.01,5,5115,买盘
1870,10:47:36,10.22,-0.01,3,3066,卖盘
1871,10:47:30,10.23,--,45,46035,买盘
1872,10:47:27,10.23,--,49,50127,买盘
1873,10:47:24,10.23,--,93,95139,买盘
1874,10:47:21,10.23,0.01,20,20460,买盘
1875,10:47:18,10.22,--,35,35770,卖盘
1876,10:47:15,10.22,-0.01,20,20440,卖盘
1877,10:47:12,10.23,--,49,50127,买盘
1878,10:47:09,10.23,--,10,10230,买盘
1879,10:47:03,10.23,0.01,100,102300,买盘
1880,10:46:54,10.22,--,4,4169,卖盘
1881,10:46:51,10.22,-0.01,4,4088,卖盘
1882,10:46:42,10.23,--,30,30690,买盘
1883,10:46:36,10.23,0.01,1,1023,买盘
1884,10:46:30,10.22,-0.01,19,19418,卖盘
1885,10:46:27,10.23,0.01,29,29667,买盘
1886,10:46:24,10.22,-0.01,6,6132,卖盘
1887,10:46:21,10.23,0.01,48,49104,买盘
1888,10:46:18,10.22,-0.01,85,86870,卖盘
1889,10:46:15,10.23,--,100,102300,买盘
1890,10:46:03,10.23,--,1,1023,买盘
1891,10:45:54,10.23,--,106,109399,买盘
1892,10:45:51,10.23,-0.01,423,432729,卖盘
1893,10:45:42,10.24,--,70,71680,买盘
1894,10:45:39,10.24,-0.01,231,237486,卖盘
1895,10:45:33,10.25,--,1,1025,买盘
1896,10:45:27,10.25,0.01,29,29725,买盘
1897,10:45:21,10.24,--,60,61440,卖盘
1898,10:45:15,10.24,--,28,28672,卖盘
1899,10:45:12,10.24,--,18,18432,卖盘
1900,10:45:00,10.24,-0.01,10,10240,卖盘
1901,10:44:54,10.25,0.01,1,1025,买盘
1902,10:44:51,10.24,-0.01,3,3153,卖盘
1903,10:44:39,10.25,--,53,54325,买盘
1904,10:44:33,10.25,--,27,27675,买盘
1905,10:44:27,10.25,--,28,28700,买盘
1906,10:44:09,10.25,--,58,59450,买盘
1907,10:44:06,10.25,-0.01,169,174086,卖盘
1908,10:44:03,10.26,0.01,2,2052,买盘
1909,10:43:57,10.25,--,100,102500,卖盘
1910,10:43:54,10.25,--,2,2050,卖盘
1911,10:43:51,10.25,--,0,922,卖盘
1912,10:43:48,10.25,--,75,77059,卖盘
1913,10:43:42,10.25,-0.01,10,10250,卖盘
1914,10:43:39,10.26,--,120,123120,买盘
1915,10:43:27,10.26,0.01,29,29754,买盘
1916,10:43:24,10.25,-0.01,17,17425,卖盘
1917,10:43:12,10.26,--,20,20520,买盘
1918,10:43:09,10.26,--,33,33858,买盘
1919,10:43:06,10.26,0.01,49,50274,买盘
1920,10:43:03,10.25,--,92,94382,买盘
1921,10:43:00,10.25,-0.01,1150,1179693,卖盘
1922,10:42:57,10.26,--,230,236267,卖盘
1923,10:42:54,10.26,-0.01,3,3078,卖盘
1924,10:42:51,10.27,0.01,18,18486,买盘
1925,10:42:48,10.26,-0.01,30,30862,卖盘
1926,10:42:33,10.27,--,2,2054,买盘
1927,10:42:27,10.27,0.01,71,72917,买盘
1928,10:42:24,10.26,-0.01,85,87210,卖盘
1929,10:42:18,10.27,--,74,75998,买盘
1930,10:42:15,10.27,--,68,69836,卖盘
1931,10:42:06,10.27,--,116,119132,买盘
1932,10:42:03,10.27,--,2,2054,买盘
1933,10:41:54,10.27,--,1,1027,买盘
1934,10:41:51,10.27,0.01,10,10270,买盘
1935,10:41:48,10.26,--,1,1241,卖盘
1936,10:41:45,10.26,--,1,1918,卖盘
1937,10:41:36,10.26,--,30,31354,买盘
1938,10:41:33,10.26,--,51,52326,买盘
1939,10:41:30,10.26,--,95,97470,买盘
1940,10:41:27,10.26,0.01,29,29754,买盘
1941,10:41:12,10.25,--,3,3157,买盘
1942,10:41:06,10.25,--,134,137350,买盘
1943,10:41:03,10.25,--,10,10250,买盘
1944,10:40:57,10.25,--,26,26650,买盘
1945,10:40:54,10.25,--,91,93275,买盘
1946,10:40:51,10.25,--,5,5125,买盘
1947,10:40:48,10.25,--,251,258218,卖盘
1948,10:40:45,10.25,-0.02,229,235258,卖盘
1949,10:40:42,10.27,--,370,379990,买盘
1950,10:40:33,10.27,-0.01,168,172536,卖盘
1951,10:40:30,10.28,-0.01,71,73769,卖盘
1952,10:40:27,10.29,--,29,29840,买盘
1953,10:40:24,10.29,--,82,84378,卖盘
1954,10:40:18,10.29,-0.01,5,5145,卖盘
1955,10:40:09,10.3,0.01,54,55620,买盘
1956,10:40:03,10.29,-0.01,246,253133,卖盘
1957,10:39:57,10.3,0.01,82,84460,买盘
1958,10:39:54,10.29,--,360,370439,买盘
1959,10:39:51,10.29,--,11,11318,买盘
1960,10:39:48,10.29,0.01,45,46304,买盘
1961,10:39:45,10.28,--,40,42065,卖盘
1962,10:39:42,10.28,-0.01,2,2220,卖盘
1963,10:39:39,10.29,0.01,10,10290,买盘
1964,10:39:30,10.28,-0.01,10,10280,卖盘
1965,10:39:27,10.29,0.01,30,30869,买盘
1966,10:39:24,10.28,--,3,3084,卖盘
1967,10:39:15,10.28,--,50,51400,卖盘
1968,10:39:06,10.28,-0.01,3,3084,卖盘
1969,10:39:03,10.29,--,10,10290,买盘
1970,10:39:00,10.29,--,1,1029,买盘
1971,10:38:57,10.29,0.01,1,1029,买盘
1972,10:38:48,10.28,--,11,11308,卖盘
1973,10:38:42,10.28,-0.01,3,3166,卖盘
1974,10:38:39,10.29,--,14,14405,买盘
1975,10:38:33,10.29,--,56,57623,买盘
1976,10:38:27,10.29,0.01,28,28811,买盘
1977,10:38:24,10.28,--,10,10280,卖盘
1978,10:38:18,10.28,-0.01,5,5140,卖盘
1979,10:38:12,10.29,0.01,12,12347,买盘
1980,10:38:03,10.28,--,15,15502,买盘
1981,10:37:57,10.28,-0.01,19,20477,卖盘
1982,10:37:51,10.29,0.01,5,5145,买盘
1983,10:37:45,10.28,--,20,20560,卖盘
1984,10:37:42,10.28,--,0,945,卖盘
1985,10:37:39,10.28,-0.01,23,23808,卖盘
1986,10:37:36,10.29,--,15,15434,买盘
1987,10:37:27,10.29,--,29,29840,买盘
1988,10:37:15,10.29,0.01,74,76146,买盘
1989,10:37:12,10.28,--,81,83268,买盘
1990,10:37:03,10.28,0.01,50,51400,买盘
1991,10:36:57,10.27,--,125,128375,卖盘
1992,10:36:51,10.27,--,83,85241,卖盘
1993,10:36:48,10.27,--,110,112970,卖盘
1994,10:36:39,10.27,--,56,57676,买盘
1995,10:36:36,10.27,0.01,2,2054,买盘
1996,10:36:33,10.26,-0.01,2,2052,卖盘
1997,10:36:30,10.27,--,18,18486,买盘
1998,10:36:27,10.27,--,29,29783,买盘
1999,10:36:21,10.27,--,148,152940,卖盘
2000,10:36:15,10.27,0.01,15,15487,买盘
2001,10:36:09,10.26,-0.01,24,24624,卖盘
2002,10:36:06,10.27,--,12,12324,买盘
2003,10:36:03,10.27,0.01,1,1027,买盘
2004,10:36:00,10.26,-0.01,3,3078,卖盘
2005,10:35:57,10.27,--,1,1027,买盘
2006,10:35:54,10.27,--,1,1027,买盘
2007,10:35:51,10.27,--,1,1027,买盘
2008,10:35:48,10.27,-0.01,64,66672,卖盘
2009,10:35:42,10.28,0.01,17,17476,买盘
2010,10:35:39,10.27,--,19,19513,卖盘
2011,10:35:36,10.27,-0.01,2,2136,卖盘
2012,10:35:33,10.28,--,5,5140,买盘
2013,10:35:27,10.28,0.01,28,28784,买盘
2014,10:35:06,10.27,--,3,3081,卖盘
2015,10:35:03,10.27,--,58,59566,买盘
2016,10:35:00,10.27,0.01,10,10270,买盘
2017,10:34:57,10.26,-0.01,38,38988,卖盘
2018,10:34:54,10.27,--,34,34918,买盘
2019,10:34:48,10.27,--,11,11297,买盘
2020,10:34:45,10.27,--,62,63674,买盘
2021,10:34:39,10.27,--,38,39026,买盘
2022,10:34:36,10.27,0.01,86,88404,买盘
2023,10:34:33,10.26,-0.01,51,52326,卖盘
2024,10:34:30,10.27,--,10,10270,买盘
2025,10:34:27,10.27,--,34,34918,买盘
2026,10:34:21,10.27,--,19,19513,买盘
2027,10:34:18,10.27,--,10,10270,买盘
2028,10:34:15,10.27,--,1,1027,买盘
2029,10:34:12,10.27,--,3,3081,买盘
2030,10:34:09,10.27,--,1,1027,买盘
2031,10:34:06,10.27,--,26,26702,买盘
2032,10:34:03,10.27,--,1,1027,买盘
2033,10:33:54,10.27,--,50,51350,买盘
2034,10:33:51,10.27,--,70,71890,买盘
2035,10:33:45,10.27,0.01,20,20540,买盘
2036,10:33:42,10.26,--,50,51300,卖盘
2037,10:33:33,10.26,--,23,23680,卖盘
2038,10:33:27,10.26,-0.01,62,63612,卖盘
2039,10:33:24,10.27,--,17,17459,买盘
2040,10:33:21,10.27,--,15,15405,买盘
2041,10:33:18,10.27,--,19,19513,买盘
2042,10:33:15,10.27,--,30,30810,买盘
2043,10:33:03,10.27,0.01,2,2054,买盘
2044,10:32:57,10.26,-0.01,36,36936,卖盘
2045,10:32:54,10.27,--,47,48269,买盘
2046,10:32:45,10.27,0.01,20,20540,买盘
2047,10:32:33,10.26,--,11,11491,卖盘
2048,10:32:30,10.26,--,1,1928,卖盘
2049,10:32:27,10.26,-0.01,100,102600,卖盘
2050,10:32:21,10.27,0.01,21,21567,买盘
2051,10:32:09,10.26,-0.01,25,25650,卖盘
2052,10:32:06,10.27,--,6,6162,买盘
2053,10:31:57,10.27,--,1,1027,买盘
2054,10:31:54,10.27,--,21,21567,买盘
2055,10:31:48,10.27,--,50,51350,买盘
2056,10:31:36,10.27,0.01,1,1027,买盘
2057,10:31:33,10.26,--,0,892,卖盘
2058,10:31:30,10.26,-0.02,2,2267,卖盘
2059,10:31:27,10.28,0.01,29,29811,买盘
2060,10:31:21,10.27,0.01,362,371774,买盘
2061,10:31:18,10.26,--,15,15390,卖盘
2062,10:31:09,10.26,-0.01,40,41040,卖盘
2063,10:30:54,10.27,--,10,10270,买盘
2064,10:30:51,10.27,--,50,51350,买盘
2065,10:30:45,10.27,0.01,46,47242,买盘
2066,10:30:30,10.26,-0.01,43,44200,卖盘
2067,10:30:27,10.27,--,29,29783,买盘
2068,10:30:18,10.27,--,43,44161,中性盘
2069,10:30:06,10.27,-0.01,12,12324,卖盘
2070,10:30:03,10.28,--,50,51400,买盘
2071,10:30:00,10.28,--,3,3084,买盘
2072,10:29:54,10.28,0.02,108,111024,买盘
2073,10:29:51,10.26,--,844,866026,买盘
2074,10:29:48,10.26,0.02,130,133380,买盘
2075,10:29:45,10.24,-0.02,15,15360,卖盘
2076,10:29:39,10.26,--,64,65664,买盘
2077,10:29:36,10.26,--,411,421686,买盘
2078,10:29:33,10.26,--,167,172285,买盘
2079,10:29:30,10.26,0.01,66,67716,买盘
2080,10:29:27,10.25,--,31,31857,卖盘
2081,10:29:24,10.25,--,582,596550,买盘
2082,10:29:21,10.25,--,11,11275,买盘
2083,10:29:18,10.25,--,103,105575,买盘
2084,10:29:15,10.25,--,5,5125,买盘
2085,10:29:06,10.25,--,1,1025,买盘
2086,10:28:39,10.25,--,10,10250,买盘
2087,10:28:33,10.25,0.02,2,2050,买盘
2088,10:28:27,10.23,0.01,31,31845,中性盘
2089,10:28:24,10.22,-0.01,32,33215,卖盘
2090,10:28:21,10.23,--,1,1023,卖盘
2091,10:28:18,10.23,--,3,3109,买盘
2092,10:28:15,10.23,--,6,6138,买盘
2093,10:28:09,10.23,--,17,17391,买盘
2094,10:28:06,10.23,-0.01,84,86914,卖盘
2095,10:28:03,10.24,--,20,20480,买盘
2096,10:27:54,10.24,--,24,24576,买盘
2097,10:27:51,10.24,--,10,10240,买盘
2098,10:27:48,10.24,--,20,20480,买盘
2099,10:27:42,10.24,--,31,32727,买盘
2100,10:27:39,10.24,--,10,10240,买盘
2101,10:27:36,10.24,--,15,15360,买盘
2102,10:27:33,10.24,--,34,34816,买盘
2103,10:27:27,10.24,0.01,29,29696,买盘
2104,10:27:24,10.23,-0.01,6,6219,卖盘
2105,10:27:18,10.24,--,26,26624,买盘
2106,10:27:15,10.24,0.01,50,51200,买盘
2107,10:27:06,10.23,-0.01,8,8184,卖盘
2108,10:26:54,10.24,--,7,7168,买盘
2109,10:26:51,10.24,--,10,10240,买盘
2110,10:26:48,10.24,--,50,51200,买盘
2111,10:26:36,10.24,--,1,1024,买盘
2112,10:26:33,10.24,--,50,51200,买盘
2113,10:26:30,10.24,--,11,11264,买盘
2114,10:26:27,10.24,0.02,30,30720,买盘
2115,10:26:24,10.22,--,0,970,卖盘
2116,10:26:21,10.22,-0.01,34,34880,卖盘
2117,10:26:18,10.23,-0.01,19,19437,卖盘
2118,10:26:15,10.24,--,30,30720,买盘
2119,10:25:54,10.24,--,10,10240,买盘
2120,10:25:48,10.24,0.01,2,2048,买盘
2121,10:25:45,10.23,--,6,6138,买盘
2122,10:25:27,10.23,--,28,28644,买盘
2123,10:25:21,10.23,--,9,9288,买盘
2124,10:24:54,10.23,--,2,2046,买盘
2125,10:24:51,10.23,--,33,33759,卖盘
2126,10:24:48,10.23,--,20,20460,买盘
2127,10:24:42,10.23,--,13,13299,买盘
2128,10:24:39,10.23,--,30,30690,买盘
2129,10:24:36,10.23,0.01,19,19437,买盘
2130,10:24:30,10.22,-0.01,10,10220,卖盘
2131,10:24:27,10.23,0.01,39,39897,买盘
2132,10:24:21,10.22,--,1,1113,卖盘
2133,10:24:18,10.22,-0.01,1,2033,卖盘
2134,10:24:15,10.23,0.01,1,1023,买盘
2135,10:24:12,10.22,-0.01,7,7154,卖盘
2136,10:24:06,10.23,--,1,1023,买盘
2137,10:23:57,10.23,0.01,1,1023,买盘
2138,10:23:48,10.22,--,10,10220,卖盘
2139,10:23:45,10.22,-0.01,4,4088,卖盘
2140,10:23:36,10.23,--,3,3069,买盘
2141,10:23:33,10.23,--,36,36828,买盘
2142,10:23:30,10.23,-0.01,60,61380,买盘
2143,10:23:27,10.24,0.02,29,29696,买盘
2144,10:23:18,10.22,--,3,3147,卖盘
2145,10:23:15,10.22,--,10,10220,卖盘
2146,10:22:57,10.22,-0.01,10,10240,卖盘
2147,10:22:48,10.23,0.01,9,9207,买盘
2148,10:22:45,10.22,--,2,2044,卖盘
2149,10:22:42,10.22,-0.01,2,2044,卖盘
2150,10:22:36,10.23,--,20,20460,买盘
2151,10:22:30,10.23,-0.01,1,1023,中性盘
2152,10:22:27,10.24,0.01,29,29696,买盘
2153,10:22:21,10.23,0.01,10,10230,买盘
2154,10:22:18,10.22,--,1,1083,卖盘
2155,10:22:15,10.22,--,2,2064,卖盘
2156,10:22:12,10.22,--,2,2044,卖盘
2157,10:22:09,10.22,--,1,1022,卖盘
2158,10:22:03,10.22,-0.02,17,17374,卖盘
2159,10:21:51,10.24,0.02,10,10240,买盘
2160,10:21:45,10.22,-0.02,31,31682,中性盘
2161,10:21:36,10.24,0.03,1,1024,买盘
2162,10:21:30,10.21,-0.03,11,11231,卖盘
2163,10:21:27,10.24,0.03,45,46080,买盘
2164,10:21:15,10.21,-0.03,129,131790,卖盘
2165,10:21:12,10.24,--,10,10240,买盘
2166,10:21:03,10.24,0.02,1,1024,买盘
2167,10:21:00,10.22,--,58,59276,卖盘
2168,10:20:45,10.22,-0.01,1,1022,卖盘
2169,10:20:30,10.23,-0.01,97,99231,卖盘
2170,10:20:27,10.24,0.01,29,29696,买盘
2171,10:20:21,10.23,-0.01,1,1023,卖盘
2172,10:20:18,10.24,0.01,5,5120,买盘
2173,10:20:15,10.23,--,1,1094,卖盘
2174,10:20:12,10.23,--,120,122770,卖盘
2175,10:20:09,10.23,--,1,1023,卖盘
2176,10:19:57,10.23,--,38,38874,卖盘
2177,10:19:42,10.23,-0.01,158,161634,卖盘
2178,10:19:27,10.24,0.01,147,150528,买盘
2179,10:19:24,10.23,--,1,1023,卖盘
2180,10:19:12,10.23,-0.01,36,36909,卖盘
2181,10:19:09,10.24,-0.01,12,12288,卖盘
2182,10:19:06,10.25,0.01,1,1025,买盘
2183,10:18:57,10.24,--,8,8192,卖盘
2184,10:18:51,10.24,--,4,4096,买盘
2185,10:18:45,10.24,--,5,5120,买盘
2186,10:18:42,10.24,0.01,1,1024,买盘
2187,10:18:39,10.23,-0.01,156,159588,卖盘
2188,10:18:27,10.24,0.01,63,64512,买盘
2189,10:18:24,10.23,--,156,159588,卖盘
2190,10:18:15,10.23,--,2,2046,卖盘
2191,10:18:12,10.23,--,1,1135,卖盘
2192,10:18:09,10.23,--,94,97154,卖盘
2193,10:18:03,10.23,--,21,21483,买盘
2194,10:18:00,10.23,-0.01,1,1023,中性盘
2195,10:17:54,10.24,--,16,16384,买盘
2196,10:17:51,10.24,--,1,1024,买盘
2197,10:17:45,10.24,--,2,2048,买盘
2198,10:17:42,10.24,0.01,5,5120,买盘
2199,10:17:39,10.23,-0.01,41,41943,卖盘
2200,10:17:33,10.24,-0.01,1,1024,卖盘
2201,10:17:27,10.25,0.02,28,28700,买盘
2202,10:17:24,10.23,-0.01,112,114576,卖盘
2203,10:17:15,10.24,--,3,3072,卖盘
2204,10:17:09,10.24,0.01,3,3962,买盘
2205,10:17:06,10.23,-0.01,52,53410,卖盘
2206,10:16:54,10.24,--,10,10240,买盘
2207,10:16:51,10.24,--,3,3072,买盘
2208,10:16:39,10.24,0.01,20,20480,买盘
2209,10:16:36,10.23,-0.01,3,3069,卖盘
2210,10:16:27,10.24,0.01,29,29696,买盘
2211,10:16:21,10.23,-0.01,26,26598,卖盘
2212,10:16:15,10.24,0.01,10,10240,买盘
2213,10:16:06,10.23,-0.01,3,3150,卖盘
2214,10:15:57,10.24,--,6,6144,买盘
2215,10:15:54,10.24,-0.01,47,48128,卖盘
2216,10:15:51,10.25,0.01,10,10250,买盘
2217,10:15:33,10.24,-0.01,37,37888,卖盘
2218,10:15:27,10.25,--,29,29725,买盘
2219,10:15:24,10.25,--,11,11275,买盘
2220,10:15:21,10.25,0.01,25,25625,买盘
2221,10:15:18,10.24,--,5,5120,卖盘
2222,10:15:15,10.24,0.01,51,52224,买盘
2223,10:15:06,10.23,-0.01,3,3150,卖盘
2224,10:15:00,10.24,0.01,1,1024,买盘
2225,10:14:57,10.23,--,10,10230,卖盘
2226,10:14:51,10.23,-0.01,110,112530,卖盘
2227,10:14:45,10.24,--,5,5120,买盘
2228,10:14:27,10.24,--,29,29696,买盘
2229,10:14:21,10.24,--,101,103424,买盘
2230,10:14:18,10.24,0.01,10,10240,买盘
2231,10:14:15,10.23,-0.01,18,18414,卖盘
2232,10:14:09,10.24,0.01,1,1024,买盘
2233,10:14:06,10.23,-0.01,1,1207,卖盘
2234,10:14:03,10.24,--,12,13209,买盘
2235,10:13:54,10.24,0.01,3,3072,买盘
2236,10:13:42,10.23,-0.01,10,10230,卖盘
2237,10:13:39,10.24,--,195,199680,买盘
2238,10:13:36,10.24,--,14,14336,买盘
2239,10:13:33,10.24,--,27,27648,买盘
2240,10:13:30,10.24,--,5,5120,买盘
2241,10:13:27,10.24,--,35,35840,买盘
2242,10:13:21,10.24,--,20,20480,卖盘
2243,10:13:15,10.24,0.01,1,1024,中性盘
2244,10:13:06,10.23,--,2,2046,卖盘
2245,10:13:03,10.23,-0.02,46,47139,卖盘
2246,10:12:57,10.25,--,10,10250,买盘
2247,10:12:51,10.25,0.02,20,20500,买盘
2248,10:12:48,10.23,-0.02,50,51150,卖盘
2249,10:12:45,10.25,0.01,400,410000,买盘
2250,10:12:42,10.24,0.01,1,1024,买盘
2251,10:12:39,10.23,-0.01,11,11253,卖盘
2252,10:12:36,10.24,0.01,20,20480,买盘
2253,10:12:33,10.23,-0.01,11,11253,卖盘
2254,10:12:30,10.24,--,70,71680,买盘
2255,10:12:27,10.24,0.01,30,30720,买盘
2256,10:12:18,10.23,-0.01,1,1023,卖盘
2257,10:12:12,10.24,0.01,10,10240,买盘
2258,10:12:03,10.23,--,2,2046,卖盘
2259,10:12:00,10.23,--,4,4173,卖盘
2260,10:11:57,10.23,--,2,2046,卖盘
2261,10:11:51,10.23,--,13,13299,卖盘
2262,10:11:48,10.23,-0.01,5,5115,卖盘
2263,10:11:45,10.24,0.01,20,20480,买盘
2264,10:11:36,10.23,-0.01,2,2046,卖盘
2265,10:11:33,10.24,--,1,1024,买盘
2266,10:11:27,10.24,0.01,29,29696,买盘
2267,10:11:18,10.23,--,48,49104,卖盘
2268,10:11:09,10.23,-0.01,1,1023,卖盘
2269,10:11:03,10.24,--,4,4096,买盘
2270,10:11:00,10.24,--,47,48209,买盘
2271,10:10:51,10.24,--,32,32768,买盘
2272,10:10:48,10.24,--,228,233472,卖盘
2273,10:10:36,10.24,0.01,12,12288,买盘
2274,10:10:30,10.23,-0.01,10,10230,卖盘
2275,10:10:27,10.24,0.01,32,32768,买盘
2276,10:10:21,10.23,--,11,11253,卖盘
2277,10:10:12,10.23,--,9,9207,卖盘
2278,10:10:06,10.23,--,29,29667,卖盘
2279,10:10:03,10.23,--,1,1023,卖盘
2280,10:09:57,10.23,-0.01,3,3150,卖盘
2281,10:09:54,10.24,0.01,52,53248,卖盘
2282,10:09:51,10.23,-0.02,171,174933,卖盘
2283,10:09:42,10.25,--,20,20500,中性盘
2284,10:09:36,10.25,--,79,80975,卖盘
2285,10:09:27,10.25,--,34,34850,卖盘
2286,10:09:21,10.25,--,1,1025,卖盘
2287,10:09:18,10.25,--,6,6150,卖盘
2288,10:09:15,10.25,-0.01,1,1025,卖盘
2289,10:09:03,10.26,--,1,1026,买盘
2290,10:08:57,10.26,--,4,4186,买盘
2291,10:08:54,10.26,--,10,10260,买盘
2292,10:08:51,10.26,0.01,13,13338,买盘
2293,10:08:45,10.25,0.01,15,15375,卖盘
2294,10:08:42,10.24,-0.01,134,137216,卖盘
2295,10:08:39,10.25,--,13,13325,中性盘
2296,10:08:36,10.25,--,2,2050,卖盘
2297,10:08:33,10.25,0.01,13,13325,买盘
2298,10:08:30,10.24,-0.01,1,1024,卖盘
2299,10:08:27,10.25,0.01,29,29725,买盘
2300,10:08:21,10.24,0.02,94,96256,中性盘
2301,10:08:06,10.22,-0.03,27,27594,卖盘
2302,10:08:00,10.25,0.03,9,9225,买盘
2303,10:07:57,10.22,--,0,889,卖盘
2304,10:07:54,10.22,-0.03,2,2258,中性盘
2305,10:07:39,10.25,--,8,8200,买盘
2306,10:07:33,10.25,-0.01,840,861000,卖盘
2307,10:07:27,10.26,0.01,29,29754,买盘
2308,10:07:21,10.25,0.04,661,677525,买盘
2309,10:07:15,10.21,--,51,52071,卖盘
2310,10:07:06,10.21,0.01,364,371644,买盘
2311,10:07:03,10.2,-0.01,199,202980,卖盘
2312,10:06:57,10.21,0.01,12,12252,买盘
2313,10:06:54,10.2,--,3,3141,卖盘
2314,10:06:51,10.2,-0.01,30,30599,卖盘
2315,10:06:39,10.21,-0.02,206,210326,卖盘
2316,10:06:33,10.23,0.02,1,1023,买盘
2317,10:06:30,10.21,-0.01,10,10210,卖盘
2318,10:06:27,10.22,0.01,22,22484,买盘
2319,10:06:24,10.21,--,334,341014,买盘
2320,10:06:21,10.21,--,5,5105,买盘
2321,10:06:09,10.21,--,20,20420,买盘
2322,10:06:03,10.21,0.01,33,33693,买盘
2323,10:06:00,10.2,--,51,52020,卖盘
2324,10:05:51,10.2,--,13,13341,卖盘
2325,10:05:45,10.2,--,45,45900,卖盘
2326,10:05:42,10.2,--,70,71400,卖盘
2327,10:05:39,10.2,-0.01,140,142800,卖盘
2328,10:05:33,10.21,--,10,10210,买盘
2329,10:05:27,10.21,--,28,28588,买盘
2330,10:05:24,10.21,--,5,5105,买盘
2331,10:05:21,10.21,--,15,15315,买盘
2332,10:05:18,10.21,0.01,42,42882,买盘
2333,10:05:09,10.2,-0.03,1,1019,卖盘
2334,10:05:00,10.23,--,41,41943,买盘
2335,10:04:57,10.23,--,17,17391,买盘
2336,10:04:54,10.23,0.04,10,10230,买盘
2337,10:04:51,10.19,--,1,1131,卖盘
2338,10:04:48,10.19,-0.04,368,375980,卖盘
2339,10:04:39,10.23,0.02,41,41943,买盘
2340,10:04:33,10.21,0.01,7,7147,买盘
2341,10:04:30,10.2,-0.01,10,10200,卖盘
2342,10:04:27,10.21,0.02,43,43903,买盘
2343,10:04:18,10.19,-0.02,469,477911,卖盘
2344,10:04:03,10.21,0.02,189,192969,买盘
2345,10:03:57,10.19,-0.01,364,370916,卖盘
2346,10:03:51,10.2,-0.03,1,1101,卖盘
2347,10:03:48,10.23,0.02,286,292578,买盘
2348,10:03:45,10.21,--,1,1021,卖盘
2349,10:03:42,10.21,--,10,10210,卖盘
2350,10:03:39,10.21,-0.02,42,42882,卖盘
2351,10:03:33,10.23,--,18,18414,买盘
2352,10:03:27,10.23,0.02,129,131967,买盘
2353,10:03:15,10.21,-0.02,497,507437,卖盘
2354,10:03:09,10.23,0.02,20,20460,买盘
2355,10:03:00,10.21,-0.02,469,478849,卖盘
2356,10:02:57,10.23,0.01,1,1023,买盘
2357,10:02:51,10.22,-0.01,1,1022,卖盘
2358,10:02:45,10.23,0.02,35,35805,买盘
2359,10:02:42,10.21,--,280,285880,卖盘
2360,10:02:33,10.21,--,1,1021,卖盘
2361,10:02:27,10.21,-0.01,161,164381,卖盘
2362,10:02:24,10.22,-0.01,48,49056,卖盘
2363,10:02:21,10.23,0.01,10,10230,中性盘
2364,10:02:15,10.22,-0.01,2,2044,卖盘
2365,10:02:12,10.23,--,68,69564,卖盘
2366,10:02:03,10.23,0.01,32,32736,买盘
2367,10:01:57,10.22,--,149,152278,卖盘
2368,10:01:51,10.22,-0.01,28,28616,卖盘
2369,10:01:42,10.23,--,27,27621,卖盘
2370,10:01:39,10.23,-0.01,21,21483,卖盘
2371,10:01:33,10.24,0.01,1,1024,买盘
2372,10:01:30,10.23,--,3,3069,卖盘
2373,10:01:27,10.23,--,440,450120,买盘
2374,10:01:24,10.23,0.01,30,30690,买盘
2375,10:01:21,10.22,-0.01,6,6132,卖盘
2376,10:01:15,10.23,0.01,2,2046,买盘
2377,10:01:12,10.22,--,80,81760,卖盘
2378,10:01:06,10.22,-0.01,2,2044,卖盘
2379,10:01:03,10.23,0.01,120,122760,卖盘
2380,10:00:57,10.22,-0.02,240,245280,卖盘
2381,10:00:48,10.24,--,10,10240,买盘
2382,10:00:45,10.24,0.01,5,5120,买盘
2383,10:00:42,10.23,--,87,89001,卖盘
2384,10:00:36,10.23,--,3,3069,卖盘
2385,10:00:33,10.23,-0.01,10,10230,中性盘
2386,10:00:30,10.24,0.01,10,10240,买盘
2387,10:00:27,10.23,--,77,78771,卖盘
2388,10:00:24,10.23,-0.01,30,30690,卖盘
2389,10:00:21,10.24,--,6,6144,买盘
2390,10:00:15,10.24,--,59,60416,卖盘
2391,10:00:09,10.24,-0.01,86,88064,卖盘
2392,10:00:03,10.25,0.01,1,1025,买盘
2393,10:00:00,10.24,0.01,3,3072,中性盘
2394,09:59:54,10.23,-0.01,302,308946,卖盘
2395,09:59:51,10.24,0.01,4,4096,中性盘
2396,09:59:36,10.23,-0.01,310,317130,中性盘
2397,09:59:27,10.24,0.02,37,37888,买盘
2398,09:59:21,10.22,--,38,38836,买盘
2399,09:59:18,10.22,--,25,25550,买盘
2400,09:59:15,10.22,0.01,15,15330,买盘
2401,09:59:12,10.21,0.01,13,13273,中性盘
2402,09:59:03,10.2,-0.01,167,170340,卖盘
2403,09:59:00,10.21,0.01,33,33693,买盘
2404,09:58:57,10.2,--,10,10200,卖盘
2405,09:58:54,10.2,--,5,5100,买盘
2406,09:58:51,10.2,--,61,62219,买盘
2407,09:58:48,10.2,--,261,266220,卖盘
2408,09:58:45,10.2,--,8,8159,卖盘
2409,09:58:36,10.2,0.01,56,57119,买盘
2410,09:58:33,10.19,-0.01,5,5095,卖盘
2411,09:58:30,10.2,0.01,8,8159,买盘
2412,09:58:27,10.19,-0.01,32,32608,卖盘
2413,09:58:24,10.2,0.01,10,10200,买盘
2414,09:58:21,10.19,0.01,10,10190,中性盘
2415,09:58:18,10.18,-0.02,5,5090,卖盘
2416,09:58:12,10.2,0.01,33,33660,买盘
2417,09:58:09,10.19,0.01,2,2038,中性盘
2418,09:58:06,10.18,--,1,1018,卖盘
2419,09:58:03,10.18,-0.02,10,10180,卖盘
2420,09:58:00,10.2,--,4,4079,买盘
2421,09:57:54,10.2,-0.01,186,189720,卖盘
2422,09:57:51,10.21,--,8,8168,买盘
2423,09:57:48,10.21,--,90,91890,买盘
2424,09:57:45,10.21,0.01,34,34714,买盘
2425,09:57:42,10.2,--,16,16319,卖盘
2426,09:57:39,10.2,--,37,37740,卖盘
2427,09:57:36,10.2,--,150,153000,卖盘
2428,09:57:33,10.2,-0.01,52,53039,卖盘
2429,09:57:27,10.21,0.01,9,9189,买盘
2430,09:57:24,10.2,-0.01,714,728280,卖盘
2431,09:57:21,10.21,--,10,10210,买盘
2432,09:57:18,10.21,--,2,2042,买盘
2433,09:57:15,10.21,--,15,15315,买盘
2434,09:57:12,10.21,--,10,10210,买盘
2435,09:57:09,10.21,--,263,268523,卖盘
2436,09:57:06,10.21,-0.01,411,419631,卖盘
2437,09:57:03,10.22,-0.01,3,3066,卖盘
2438,09:57:00,10.23,--,1,1023,买盘
2439,09:56:57,10.23,0.02,9,9207,买盘
2440,09:56:51,10.21,-0.01,505,515605,卖盘
2441,09:56:48,10.22,-0.01,10,10220,卖盘
2442,09:56:45,10.23,0.01,40,40920,买盘
2443,09:56:42,10.22,--,20,20440,卖盘
2444,09:56:39,10.22,-0.01,5,5110,卖盘
2445,09:56:36,10.23,--,367,375441,买盘
2446,09:56:33,10.23,--,251,256773,买盘
2447,09:56:27,10.23,--,17,17391,中性盘
2448,09:56:21,10.23,-0.01,261,267003,卖盘
2449,09:56:18,10.24,--,2,2048,买盘
2450,09:56:06,10.24,0.01,13,13312,买盘
2451,09:56:03,10.23,-0.01,73,74679,卖盘
2452,09:55:57,10.24,0.01,5,5120,买盘
2453,09:55:54,10.23,--,10,10230,卖盘
2454,09:55:51,10.23,--,2,2046,卖盘
2455,09:55:48,10.23,-0.01,12,12276,中性盘
2456,09:55:42,10.24,0.01,18,18432,买盘
2457,09:55:33,10.23,--,28,28644,卖盘
2458,09:55:30,10.23,0.01,115,117645,买盘
2459,09:55:27,10.22,-0.01,33,33726,卖盘
2460,09:55:24,10.23,--,100,102300,买盘
2461,09:55:21,10.23,0.01,43,43989,买盘
2462,09:55:18,10.22,--,413,422086,卖盘
2463,09:55:15,10.22,--,18,18396,卖盘
2464,09:55:09,10.22,--,59,60298,买盘
2465,09:55:06,10.22,--,5,5110,买盘
2466,09:55:03,10.22,0.01,58,59276,卖盘
2467,09:55:00,10.21,--,120,122520,卖盘
2468,09:54:57,10.21,-0.02,200,204200,卖盘
2469,09:54:54,10.23,--,4,4092,买盘
2470,09:54:51,10.23,0.02,40,40920,买盘
2471,09:54:48,10.21,-0.01,103,105163,卖盘
2472,09:54:42,10.22,--,26,26572,卖盘
2473,09:54:39,10.22,-0.02,36,36792,卖盘
2474,09:54:36,10.24,0.02,204,208896,买盘
2475,09:54:33,10.22,-0.02,20,20440,卖盘
2476,09:54:30,10.24,0.02,222,227328,买盘
2477,09:54:27,10.22,-0.02,2,2044,卖盘
2478,09:54:21,10.24,0.01,149,152576,买盘
2479,09:54:18,10.23,--,4,4092,卖盘
2480,09:54:12,10.23,--,10,10230,卖盘
2481,09:54:09,10.23,--,5,5115,卖盘
2482,09:54:06,10.23,--,12,12276,卖盘
2483,09:54:03,10.23,--,79,80817,买盘
2484,09:53:57,10.23,0.01,61,62403,买盘
2485,09:53:54,10.22,--,9,9198,中性盘
2486,09:53:48,10.22,--,491,501802,卖盘
2487,09:53:45,10.22,-0.02,300,306600,卖盘
2488,09:53:42,10.24,--,8,8192,买盘
2489,09:53:39,10.24,--,2,2048,卖盘
2490,09:53:36,10.24,--,18,18432,买盘
2491,09:53:33,10.24,-0.01,179,183296,卖盘
2492,09:53:30,10.25,--,63,64575,买盘
2493,09:53:27,10.25,--,20,20500,买盘
2494,09:53:24,10.25,-0.01,182,186550,卖盘
2495,09:53:21,10.26,0.01,25,25650,买盘
2496,09:53:18,10.25,-0.01,107,109675,卖盘
2497,09:53:15,10.26,-0.01,162,166212,卖盘
2498,09:53:09,10.27,--,35,35945,卖盘
2499,09:53:06,10.27,--,20,20540,卖盘
2500,09:53:03,10.27,--,176,180752,卖盘
2501,09:53:00,10.27,0.01,3,3081,买盘
2502,09:52:48,10.26,-0.02,210,215460,卖盘
2503,09:52:33,10.28,--,314,322792,买盘
2504,09:52:30,10.28,--,3,3084,买盘
2505,09:52:21,10.28,--,3,3084,卖盘
2506,09:52:18,10.28,-0.01,58,59623,卖盘
2507,09:52:06,10.29,--,43,44246,卖盘
2508,09:52:00,10.29,-0.01,500,514499,卖盘
2509,09:51:57,10.3,--,3,3090,买盘
2510,09:51:51,10.3,0.01,10,10300,买盘
2511,09:51:48,10.29,-0.01,2,2058,卖盘
2512,09:51:45,10.3,-0.01,2,2060,卖盘
2513,09:51:39,10.31,0.01,42,43302,买盘
2514,09:51:33,10.3,-0.01,124,127720,卖盘
2515,09:51:27,10.31,0.01,4,4124,买盘
2516,09:51:21,10.3,--,166,170980,卖盘
2517,09:51:18,10.3,--,24,24720,卖盘
2518,09:51:15,10.3,--,74,76220,卖盘
2519,09:51:12,10.3,-0.01,28,28840,卖盘
2520,09:51:09,10.31,--,30,30930,买盘
2521,09:51:03,10.31,--,3,3093,中性盘
2522,09:51:00,10.31,-0.01,193,198983,卖盘
2523,09:50:54,10.32,-0.01,170,175440,卖盘
2524,09:50:48,10.33,--,2,2066,卖盘
2525,09:50:45,10.33,-0.01,251,259283,卖盘
2526,09:50:42,10.34,--,13,13442,买盘
2527,09:50:33,10.34,0.01,200,206800,中性盘
2528,09:50:30,10.33,-0.01,108,111564,卖盘
2529,09:50:24,10.34,--,10,10340,卖盘
2530,09:50:18,10.34,0.01,145,149930,买盘
2531,09:50:15,10.33,--,18,18594,卖盘
2532,09:50:06,10.33,--,30,30990,卖盘
2533,09:50:03,10.33,--,1,1033,卖盘
2534,09:50:00,10.33,-0.01,1,1033,卖盘
2535,09:49:48,10.34,--,7,7238,买盘
2536,09:49:36,10.34,0.01,5,5170,买盘
2537,09:49:30,10.33,-0.01,4,4132,卖盘
2538,09:49:21,10.34,--,13,13442,买盘
2539,09:49:06,10.34,--,20,20680,买盘
2540,09:49:03,10.34,0.01,88,90992,买盘
2541,09:49:00,10.33,--,1,1033,卖盘
2542,09:48:51,10.33,--,69,71277,卖盘
2543,09:48:48,10.33,-0.01,1,1033,卖盘
2544,09:48:42,10.34,--,30,31020,买盘
2545,09:48:36,10.34,--,10,10340,买盘
2546,09:48:30,10.34,--,15,15510,买盘
2547,09:48:15,10.34,--,18,18612,卖盘
2548,09:48:12,10.34,--,43,44462,卖盘
2549,09:48:09,10.34,--,10,10340,卖盘
2550,09:48:00,10.34,--,43,44462,卖盘
2551,09:47:57,10.34,--,322,332948,买盘
2552,09:47:51,10.34,--,20,20680,买盘
2553,09:47:42,10.34,--,10,10340,买盘
2554,09:47:39,10.34,--,5,5170,买盘
2555,09:47:33,10.34,-0.01,184,190256,卖盘
2556,09:47:30,10.35,0.01,2,2070,买盘
2557,09:47:27,10.34,-0.01,1,1034,卖盘
2558,09:47:24,10.35,0.01,30,31050,买盘
2559,09:47:21,10.34,--,12,12408,卖盘
2560,09:47:12,10.34,--,5,5170,卖盘
2561,09:46:54,10.34,-0.01,7,7238,卖盘
2562,09:46:51,10.35,0.01,3,3105,买盘
2563,09:46:45,10.34,--,10,10340,卖盘
2564,09:46:39,10.34,-0.01,6,6204,卖盘
2565,09:46:30,10.35,--,5,5175,买盘
2566,09:46:27,10.35,0.01,15,15525,买盘
2567,09:46:24,10.34,-0.01,1,1034,卖盘
2568,09:46:12,10.35,0.01,2,2070,买盘
2569,09:45:57,10.34,-0.01,11,11374,卖盘
2570,09:45:54,10.35,--,17,17595,买盘
2571,09:45:51,10.35,--,2,2070,买盘
2572,09:45:45,10.35,-0.01,10,10350,买盘
2573,09:45:42,10.36,0.02,317,328412,买盘
2574,09:45:36,10.34,-0.01,59,61006,卖盘
2575,09:45:21,10.35,--,3,3105,买盘
2576,09:45:12,10.35,--,5,5175,买盘
2577,09:45:06,10.35,--,10,10350,买盘
2578,09:45:00,10.35,--,1,1035,买盘
2579,09:44:57,10.35,0.01,244,252540,买盘
2580,09:44:54,10.34,-0.01,101,104434,卖盘
2581,09:44:48,10.35,0.01,50,51750,买盘
2582,09:44:45,10.34,-0.01,10,10340,卖盘
2583,09:44:42,10.35,--,17,17595,买盘
2584,09:44:39,10.35,--,13,13455,卖盘
2585,09:44:36,10.35,--,26,26910,买盘
2586,09:44:27,10.35,--,15,15525,买盘
2587,09:44:24,10.35,--,12,12420,买盘
2588,09:44:21,10.35,--,9,9315,买盘
2589,09:44:18,10.35,--,118,122130,买盘
2590,09:44:12,10.35,--,30,31050,买盘
2591,09:44:06,10.35,--,2,2070,买盘
2592,09:43:51,10.35,0.01,29,30015,买盘
2593,09:43:45,10.34,--,123,127182,买盘
2594,09:43:39,10.34,--,22,22748,买盘
2595,09:43:36,10.34,-0.01,1,1034,中性盘
2596,09:43:27,10.35,--,13,13455,买盘
2597,09:43:24,10.35,0.02,87,90045,买盘
2598,09:43:21,10.33,-0.02,44,45452,卖盘
2599,09:43:18,10.35,--,3,3105,买盘
2600,09:43:15,10.35,--,16,16560,买盘
2601,09:43:12,10.35,--,529,547515,买盘
2602,09:43:03,10.35,0.02,197,203895,买盘
2603,09:42:54,10.33,--,15,15495,买盘
2604,09:42:51,10.33,-0.01,126,130158,卖盘
2605,09:42:48,10.34,--,11,11374,买盘
2606,09:42:42,10.34,0.01,30,31020,买盘
2607,09:42:39,10.33,--,7,7231,卖盘
2608,09:42:33,10.33,--,565,583645,买盘
2609,09:42:30,10.33,--,5,5165,买盘
2610,09:42:24,10.33,0.01,37,38221,买盘
2611,09:42:21,10.32,--,9,9288,卖盘
2612,09:42:15,10.32,--,7,7224,卖盘
2613,09:42:09,10.32,-0.01,60,61920,卖盘
2614,09:42:00,10.33,--,11,11363,买盘
2615,09:41:57,10.33,0.01,33,34089,买盘
2616,09:41:54,10.32,-0.01,40,41280,卖盘
2617,09:41:39,10.33,-0.01,20,20660,中性盘
2618,09:41:18,10.34,0.01,10,10340,买盘
2619,09:41:12,10.33,0.01,135,139455,买盘
2620,09:41:09,10.32,--,5,5160,卖盘
2621,09:41:00,10.32,-0.01,70,72240,卖盘
2622,09:40:57,10.33,-0.01,124,128092,卖盘
2623,09:40:51,10.34,0.01,14,14476,买盘
2624,09:40:42,10.33,--,7,7231,卖盘
2625,09:40:39,10.33,--,10,10330,买盘
2626,09:40:36,10.33,--,50,51650,买盘
2627,09:40:30,10.33,--,6,6198,买盘
2628,09:40:24,10.33,--,31,32023,买盘
2629,09:40:18,10.33,0.01,20,20660,买盘
2630,09:40:15,10.32,--,25,25800,卖盘
2631,09:40:12,10.32,-0.01,1,1032,卖盘
2632,09:40:09,10.33,--,12,12396,买盘
2633,09:40:06,10.33,0.01,4,4132,买盘
2634,09:40:00,10.32,--,16,16512,卖盘
2635,09:39:54,10.32,-0.01,8,8256,卖盘
2636,09:39:48,10.33,--,10,10330,买盘
2637,09:39:45,10.33,--,16,16528,买盘
2638,09:39:39,10.33,--,69,71277,买盘
2639,09:39:33,10.33,--,10,10330,买盘
2640,09:39:27,10.33,--,146,150818,卖盘
2641,09:39:21,10.33,-0.01,32,33056,卖盘
2642,09:39:09,10.34,--,6,6204,买盘
2643,09:39:06,10.34,0.01,110,113740,买盘
2644,09:39:03,10.33,-0.01,126,130158,卖盘
2645,09:39:00,10.34,0.01,1,1034,买盘
2646,09:38:51,10.33,--,90,92970,卖盘
2647,09:38:48,10.33,-0.01,194,200402,卖盘
2648,09:38:45,10.34,--,65,67210,买盘
2649,09:38:42,10.34,--,47,48598,买盘
2650,09:38:39,10.34,--,5,5170,买盘
2651,09:38:36,10.34,--,30,31020,买盘
2652,09:38:30,10.34,--,20,20680,买盘
2653,09:38:27,10.34,--,7,7238,买盘
2654,09:38:24,10.34,--,22,22748,买盘
2655,09:38:18,10.34,--,22,22748,买盘
2656,09:38:12,10.34,--,100,103400,买盘
2657,09:38:09,10.34,--,6,6204,买盘
2658,09:38:06,10.34,0.01,30,31020,买盘
2659,09:37:57,10.33,-0.01,4,4132,卖盘
2660,09:37:54,10.34,0.01,15,15510,买盘
2661,09:37:45,10.33,--,97,100201,买盘
2662,09:37:42,10.33,--,10,10330,买盘
2663,09:37:36,10.33,0.01,2,2066,买盘
2664,09:37:33,10.32,-0.01,2,2064,卖盘
2665,09:37:30,10.33,0.01,4,4132,买盘
2666,09:37:27,10.32,--,5,5160,卖盘
2667,09:37:24,10.32,-0.01,5,5160,卖盘
2668,09:37:21,10.33,0.02,48,49584,买盘
2669,09:37:09,10.31,-0.01,160,164960,卖盘
2670,09:37:06,10.32,--,6,6192,买盘
2671,09:37:00,10.32,--,300,309600,买盘
2672,09:36:57,10.32,--,2,2064,买盘
2673,09:36:51,10.32,--,300,309600,买盘
2674,09:36:45,10.32,0.01,5,5160,买盘
2675,09:36:42,10.31,-0.01,1,1031,卖盘
2676,09:36:33,10.32,0.01,10,10320,买盘
2677,09:36:24,10.31,--,103,106193,买盘
2678,09:36:21,10.31,--,10,10310,买盘
2679,09:36:18,10.31,--,11,11341,买盘
2680,09:36:15,10.31,--,1,1031,买盘
2681,09:36:03,10.31,--,1,1031,买盘
2682,09:36:00,10.31,--,2,2062,买盘
2683,09:35:57,10.31,--,82,84542,买盘
2684,09:35:51,10.31,--,1,1031,买盘
2685,09:35:48,10.31,--,73,75263,买盘
2686,09:35:45,10.31,--,5,5155,买盘
2687,09:35:42,10.31,--,20,20620,买盘
2688,09:35:30,10.31,0.01,2,2062,中性盘
2689,09:35:27,10.3,-0.01,5,5150,卖盘
2690,09:35:21,10.31,--,3,3093,买盘
2691,09:35:15,10.31,0.01,8,8248,买盘
2692,09:35:12,10.3,--,4,4120,卖盘
2693,09:35:06,10.3,--,180,185400,买盘
2694,09:34:57,10.3,--,2,2060,买盘
2695,09:34:51,10.3,--,7,7210,买盘
2696,09:34:45,10.3,--,1,1030,买盘
2697,09:34:42,10.3,--,78,80340,卖盘
2698,09:34:33,10.3,--,1,1030,卖盘
2699,09:34:30,10.3,--,36,37080,买盘
2700,09:34:27,10.3,--,9,9270,买盘
2701,09:34:24,10.3,--,1,1030,买盘
2702,09:34:21,10.3,-0.02,60,61800,卖盘
2703,09:34:18,10.32,--,15,15480,买盘
2704,09:34:15,10.32,--,51,52632,买盘
2705,09:34:12,10.32,--,31,31992,买盘
2706,09:34:09,10.32,0.04,24,24768,买盘
2707,09:34:06,10.28,-0.04,95,97660,卖盘
2708,09:34:03,10.32,--,16,16512,买盘
2709,09:34:00,10.32,--,1,1032,买盘
2710,09:33:57,10.32,--,23,23736,买盘
2711,09:33:51,10.32,--,42,43344,买盘
2712,09:33:48,10.32,--,28,28896,买盘
2713,09:33:45,10.32,--,2,2064,买盘
2714,09:33:42,10.32,--,37,38184,买盘
2715,09:33:36,10.32,--,448,462336,买盘
2716,09:33:33,10.32,0.04,31,31992,买盘
2717,09:33:30,10.28,--,276,283728,买盘
2718,09:33:27,10.28,-0.04,125,128499,卖盘
2719,09:33:21,10.32,0.02,30,30960,买盘
2720,09:33:18,10.3,0.03,17,17510,买盘
2721,09:33:15,10.27,--,139,142753,买盘
2722,09:33:12,10.27,--,35,35945,买盘
2723,09:33:06,10.27,--,30,30810,买盘
2724,09:33:03,10.27,--,12,12324,买盘
2725,09:33:00,10.27,-0.02,184,188968,卖盘
2726,09:32:57,10.29,--,11,11318,买盘
2727,09:32:54,10.29,-0.03,19,19551,中性盘
2728,09:32:51,10.32,--,22,22704,买盘
2729,09:32:45,10.32,0.01,44,45408,买盘
2730,09:32:42,10.31,0.02,19,19589,买盘
2731,09:32:39,10.29,-0.02,9,9261,卖盘
2732,09:32:36,10.31,--,38,39178,买盘
2733,09:32:33,10.31,--,75,77325,买盘
2734,09:32:30,10.31,0.02,30,30930,买盘
2735,09:32:27,10.29,--,13,13376,买盘
2736,09:32:24,10.29,-0.02,165,169785,卖盘
2737,09:32:21,10.31,--,4,4124,买盘
2738,09:32:15,10.31,-0.01,9,9279,中性盘
2739,09:32:12,10.32,0.03,7,7224,买盘
2740,09:32:09,10.29,-0.03,12,12347,卖盘
2741,09:32:06,10.32,--,15,15480,买盘
2742,09:32:00,10.32,0.01,30,30960,买盘
2743,09:31:57,10.31,--,69,71139,买盘
2744,09:31:51,10.31,--,38,39178,买盘
2745,09:31:45,10.31,-0.01,166,171146,卖盘
2746,09:31:42,10.32,--,30,30960,买盘
2747,09:31:36,10.32,0.01,81,83592,买盘
2748,09:31:33,10.31,-0.01,43,44333,卖盘
2749,09:31:30,10.32,0.01,30,30960,买盘
2750,09:31:27,10.31,--,69,71139,卖盘
2751,09:31:21,10.31,--,80,82480,卖盘
2752,09:31:18,10.31,--,156,160836,买盘
2753,09:31:12,10.31,--,1,1031,买盘
2754,09:31:09,10.31,--,3,3093,买盘
2755,09:31:03,10.31,--,7,7217,买盘
2756,09:30:57,10.31,--,15,15465,买盘
2757,09:30:54,10.31,--,30,30930,买盘
2758,09:30:48,10.31,-0.01,258,265998,卖盘
2759,09:30:45,10.32,0.01,349,360168,买盘
2760,09:30:42,10.31,--,1,1031,买盘
2761,09:30:36,10.31,-0.01,3,3093,中性盘
2762,09:30:30,10.32,--,7,7224,买盘
2763,09:30:27,10.32,--,15,15480,买盘
2764,09:30:21,10.32,-0.01,30,30960,中性盘
2765,09:30:15,10.33,0.01,30,30990,买盘
2766,09:30:12,10.32,--,30,30960,买盘
2767,09:30:09,10.32,--,391,403512,买盘
2768,09:30:06,10.32,0.01,83,85656,买盘
2769,09:30:03,10.31,--,355,366005,卖盘
2770,09:30:00,10.31,--,0,0,卖盘
2771,09:25:03,10.31,10.31,622,641282,买盘
