,time,price,change,volume,amount,type
0,15:00:03,7.53,--,1421,1070013,买盘
1,14:57:00,7.53,--,0,0,买盘
2,14:56:57,7.53,--,10,7530,买盘
3,14:56:54,7.53,0.02,30,22590,买盘
4,14:56:51,7.51,-0.02,29,21831,卖盘
5,14:56:48,7.53,0.02,1,753,买盘
6,14:56:45,7.51,-0.02,2026,1521526,卖盘
7,14:56:42,7.53,0.01,42,31626,买盘
8,14:56:39,7.52,-0.01,74,55648,卖盘
9,14:56:36,7.53,0.02,20,15060,买盘
10,14:56:30,7.51,--,1,751,卖盘
11,14:56:24,7.51,-0.01,229,171979,卖盘
12,14:56:21,7.52,-0.01,1,752,卖盘
13,14:56:18,7.53,--,140,105420,买盘
14,14:56:15,7.53,0.01,41,30873,买盘
15,14:56:12,7.52,--,59,44368,卖盘
16,14:56:09,7.52,-0.01,96,72192,卖盘
17,14:56:03,7.53,--,126,94878,卖盘
18,14:56:00,7.53,--,187,140811,买盘
19,14:55:57,7.53,--,20,15060,买盘
20,14:55:54,7.53,0.01,7,5271,买盘
21,14:55:51,7.52,--,19,14288,卖盘
22,14:55:48,7.52,0.01,53,39856,买盘
23,14:55:45,7.51,-0.02,74,55574,卖盘
24,14:55:42,7.53,0.01,123,92619,买盘
25,14:55:39,7.52,--,31,23312,卖盘
26,14:55:36,7.52,--,1,752,卖盘
27,14:55:33,7.52,--,51,38352,卖盘
28,14:55:24,7.52,-0.01,40,30080,卖盘
29,14:55:21,7.53,0.01,44,33132,买盘
30,14:55:18,7.52,--,1,752,卖盘
31,14:55:09,7.52,--,20,15040,卖盘
32,14:55:03,7.52,0.01,60,45120,中性盘
33,14:55:00,7.51,-0.02,32,24032,卖盘
34,14:54:54,7.53,--,84,63252,卖盘
35,14:54:51,7.53,--,101,76053,买盘
36,14:54:48,7.53,--,16,12048,买盘
37,14:54:45,7.53,--,5,3765,买盘
38,14:54:42,7.53,0.01,142,106926,买盘
39,14:54:39,7.52,0.01,44,33088,中性盘
40,14:54:36,7.51,-0.01,154,116254,卖盘
41,14:54:33,7.52,--,70,52640,卖盘
42,14:54:30,7.52,--,27,20304,卖盘
43,14:54:27,7.52,0.01,5,3760,卖盘
44,14:54:24,7.51,-0.03,85,63835,卖盘
45,14:54:21,7.54,--,31,23374,买盘
46,14:54:12,7.54,0.01,290,218660,买盘
47,14:54:09,7.53,0.01,80,60240,买盘
48,14:54:06,7.52,--,87,65423,卖盘
49,14:54:03,7.52,--,160,120320,买盘
50,14:54:00,7.52,--,31,23312,买盘
51,14:53:57,7.52,--,100,75200,买盘
52,14:53:54,7.52,--,44,33088,买盘
53,14:53:51,7.52,-0.01,30,22560,卖盘
54,14:53:48,7.53,0.02,362,272586,买盘
55,14:53:45,7.51,--,189,141939,卖盘
56,14:53:42,7.51,-0.01,1042,782542,卖盘
57,14:53:39,7.52,--,10,7520,买盘
58,14:53:36,7.52,--,123,92496,买盘
59,14:53:33,7.52,-0.01,290,218080,卖盘
60,14:53:30,7.53,--,20,15060,买盘
61,14:53:27,7.53,--,200,150600,买盘
62,14:53:15,7.53,0.01,15,11295,买盘
63,14:53:12,7.52,--,2,1504,卖盘
64,14:53:09,7.52,-0.01,26,19552,卖盘
65,14:53:06,7.53,0.01,1,753,买盘
66,14:53:03,7.52,--,1,752,卖盘
67,14:53:00,7.52,--,60,45120,卖盘
68,14:52:57,7.52,-0.01,429,322608,卖盘
69,14:52:54,7.53,--,520,391560,买盘
70,14:52:48,7.53,--,40,30120,买盘
71,14:52:45,7.53,--,1030,775590,买盘
72,14:52:42,7.53,0.01,35,26355,买盘
73,14:52:39,7.52,-0.01,30,22560,卖盘
74,14:52:36,7.53,0.01,17,12801,买盘
75,14:52:27,7.52,--,5,3760,卖盘
76,14:52:21,7.52,-0.01,24,18048,卖盘
77,14:52:18,7.53,0.01,29,21837,买盘
78,14:52:15,7.52,--,194,145888,卖盘
79,14:52:12,7.52,-0.01,2,1504,卖盘
80,14:52:09,7.53,0.01,3,2259,买盘
81,14:52:06,7.52,-0.01,57,42864,卖盘
82,14:52:03,7.53,--,37,27861,买盘
83,14:52:00,7.53,0.01,50,37650,买盘
84,14:51:57,7.52,--,2,1504,卖盘
85,14:51:54,7.52,-0.01,80,60160,卖盘
86,14:51:51,7.53,0.01,90,67770,买盘
87,14:51:48,7.52,-0.01,422,317344,卖盘
88,14:51:45,7.53,0.01,11,8283,买盘
89,14:51:42,7.52,-0.01,46,34592,卖盘
90,14:51:39,7.53,--,46,34638,买盘
91,14:51:36,7.53,--,10,7530,买盘
92,14:51:33,7.53,0.01,49,36897,买盘
93,14:51:30,7.52,--,48,36096,卖盘
94,14:51:27,7.52,-0.01,3,2256,卖盘
95,14:51:24,7.53,--,26,19578,买盘
96,14:51:21,7.53,--,10,7530,买盘
97,14:51:18,7.53,0.01,5,3765,买盘
98,14:51:15,7.52,--,16,12032,卖盘
99,14:51:12,7.52,-0.01,41,30832,卖盘
100,14:51:06,7.53,--,10,7530,买盘
101,14:51:03,7.53,0.01,91,68523,买盘
102,14:51:00,7.52,--,256,192512,卖盘
103,14:50:57,7.52,-0.01,11,8272,卖盘
104,14:50:54,7.53,--,117,88101,买盘
105,14:50:51,7.53,--,280,210840,买盘
106,14:50:48,7.53,--,43,32379,买盘
107,14:50:45,7.53,--,5,3765,买盘
108,14:50:36,7.53,--,10,7530,买盘
109,14:50:33,7.53,0.01,72,54216,买盘
110,14:50:30,7.52,-0.01,68,51136,卖盘
111,14:50:24,7.53,--,314,236442,买盘
112,14:50:21,7.53,0.01,10,7530,买盘
113,14:50:18,7.52,-0.01,9,6768,卖盘
114,14:50:15,7.53,0.01,22,16566,买盘
115,14:50:12,7.52,--,50,37600,卖盘
116,14:50:06,7.52,-0.01,80,60160,卖盘
117,14:50:03,7.53,--,1,753,买盘
118,14:50:00,7.53,0.01,39,29367,买盘
119,14:49:54,7.52,-0.01,11,8272,卖盘
120,14:49:51,7.53,0.01,138,103914,买盘
121,14:49:48,7.52,--,9,6768,卖盘
122,14:49:45,7.52,--,28,21056,卖盘
123,14:49:42,7.52,--,33,24816,卖盘
124,14:49:39,7.52,--,5,3760,卖盘
125,14:49:36,7.52,--,2,1504,卖盘
126,14:49:33,7.52,-0.01,1,752,卖盘
127,14:49:30,7.53,--,1,753,买盘
128,14:49:27,7.53,0.01,49,36897,买盘
129,14:49:24,7.52,-0.01,30,22560,卖盘
130,14:49:21,7.53,0.01,50,37650,买盘
131,14:49:12,7.52,--,2,1504,卖盘
132,14:49:09,7.52,-0.01,9,6768,卖盘
133,14:49:06,7.53,--,1,753,买盘
134,14:49:03,7.53,--,11,8283,买盘
135,14:49:00,7.53,0.01,56,42168,买盘
136,14:48:57,7.52,--,17,12784,卖盘
137,14:48:54,7.52,--,23,17296,卖盘
138,14:48:51,7.52,--,10,7520,卖盘
139,14:48:48,7.52,--,20,15040,卖盘
140,14:48:45,7.52,-0.01,120,90240,卖盘
141,14:48:39,7.53,0.01,10,7530,买盘
142,14:48:36,7.52,-0.01,150,112800,卖盘
143,14:48:33,7.53,--,61,45933,买盘
144,14:48:30,7.53,0.01,1,753,买盘
145,14:48:27,7.52,--,1,752,卖盘
146,14:48:24,7.52,--,153,115056,卖盘
147,14:48:21,7.52,-0.01,100,75200,卖盘
148,14:48:15,7.53,0.01,33,24849,买盘
149,14:48:09,7.52,--,1,752,卖盘
150,14:48:06,7.52,--,101,75952,卖盘
151,14:48:03,7.52,-0.01,5,3760,卖盘
152,14:48:00,7.53,0.01,3,2259,买盘
153,14:47:57,7.52,--,1,752,卖盘
154,14:47:54,7.52,--,6,4512,卖盘
155,14:47:48,7.52,-0.01,1,752,卖盘
156,14:47:45,7.53,0.01,2,1506,买盘
157,14:47:42,7.52,--,224,168448,卖盘
158,14:47:39,7.52,--,62,46624,卖盘
159,14:47:33,7.52,-0.01,1,752,卖盘
160,14:47:30,7.53,--,2,1506,买盘
161,14:47:27,7.53,--,53,39909,买盘
162,14:47:24,7.53,0.01,1,753,买盘
163,14:47:18,7.52,--,18,13536,卖盘
164,14:47:15,7.52,--,859,645968,卖盘
165,14:47:12,7.52,--,16,12032,卖盘
166,14:47:09,7.52,--,1,752,卖盘
167,14:47:06,7.52,-0.01,16,12032,卖盘
168,14:47:03,7.53,0.01,69,51957,买盘
169,14:46:57,7.52,--,1001,752752,卖盘
170,14:46:54,7.52,-0.01,176,132352,卖盘
171,14:46:51,7.53,--,10,7530,买盘
172,14:46:48,7.53,0.01,15,11295,买盘
173,14:46:42,7.52,-0.01,5,3760,卖盘
174,14:46:39,7.53,--,16,12048,买盘
175,14:46:33,7.53,--,46,34638,买盘
176,14:46:30,7.53,--,7,5271,买盘
177,14:46:24,7.53,--,1,753,买盘
178,14:46:21,7.53,0.01,10,7530,买盘
179,14:46:18,7.52,-0.01,2,1504,卖盘
180,14:46:15,7.53,--,87,65511,买盘
181,14:46:12,7.53,0.01,199,149847,买盘
182,14:46:09,7.52,--,33,24816,卖盘
183,14:46:06,7.52,-0.01,8,6016,卖盘
184,14:46:03,7.53,0.01,1,753,买盘
185,14:45:57,7.52,--,1,752,卖盘
186,14:45:54,7.52,-0.01,15,11280,卖盘
187,14:45:51,7.53,0.01,20,15060,买盘
188,14:45:48,7.52,-0.01,20,15040,卖盘
189,14:45:45,7.53,0.01,52,39156,买盘
190,14:45:42,7.52,--,10,7520,卖盘
191,14:45:39,7.52,-0.01,16,12032,卖盘
192,14:45:36,7.53,0.01,93,70029,买盘
193,14:45:33,7.52,--,29,21808,卖盘
194,14:45:30,7.52,-0.01,7,5264,卖盘
195,14:45:24,7.53,0.01,2,1506,买盘
196,14:45:21,7.52,--,222,166944,卖盘
197,14:45:18,7.52,--,237,178224,卖盘
198,14:45:15,7.52,--,45,33840,卖盘
199,14:45:12,7.52,--,328,246656,卖盘
200,14:45:09,7.52,--,1,752,卖盘
201,14:45:06,7.52,-0.01,2,1504,卖盘
202,14:45:03,7.53,--,24,18072,买盘
203,14:45:00,7.53,0.01,35,26355,买盘
204,14:44:57,7.52,--,4,3008,卖盘
205,14:44:54,7.52,--,7,5264,卖盘
206,14:44:51,7.52,--,54,40608,卖盘
207,14:44:48,7.52,-0.01,121,90992,卖盘
208,14:44:45,7.53,0.01,131,98643,买盘
209,14:44:42,7.52,-0.01,14,10528,卖盘
210,14:44:39,7.53,0.01,10,7530,买盘
211,14:44:33,7.52,--,29,21808,卖盘
212,14:44:30,7.52,--,47,35344,卖盘
213,14:44:27,7.52,-0.01,42,31584,卖盘
214,14:44:24,7.53,--,1,753,买盘
215,14:44:21,7.53,--,2,1506,买盘
216,14:44:15,7.53,0.01,33,24849,买盘
217,14:44:09,7.52,--,3,2256,卖盘
218,14:44:06,7.52,--,1,752,卖盘
219,14:44:03,7.52,--,26,19552,卖盘
220,14:44:00,7.52,-0.01,101,75952,卖盘
221,14:43:57,7.53,--,8,6024,买盘
222,14:43:45,7.53,--,37,27861,买盘
223,14:43:42,7.53,--,20,15060,买盘
224,14:43:39,7.53,--,51,38403,买盘
225,14:43:36,7.53,--,6,4518,卖盘
226,14:43:33,7.53,--,1,753,卖盘
227,14:43:30,7.53,0.01,1,753,中性盘
228,14:43:27,7.52,-0.01,337,253424,卖盘
229,14:43:24,7.53,-0.01,31,23343,买盘
230,14:43:21,7.54,0.01,46,34684,买盘
231,14:43:18,7.53,--,24,18072,买盘
232,14:43:15,7.53,--,33,24849,买盘
233,14:43:09,7.53,--,72,54216,买盘
234,14:43:06,7.53,0.01,25,18825,买盘
235,14:43:03,7.52,-0.01,73,54896,卖盘
236,14:42:57,7.53,--,102,76806,买盘
237,14:42:54,7.53,--,50,37650,买盘
238,14:42:51,7.53,--,1,753,买盘
239,14:42:48,7.53,--,20,15060,买盘
240,14:42:45,7.53,--,2,1506,买盘
241,14:42:39,7.53,--,25,18825,买盘
242,14:42:36,7.53,--,8,6024,买盘
243,14:42:33,7.53,0.01,20,15060,买盘
244,14:42:30,7.52,-0.01,7,5264,卖盘
245,14:42:24,7.53,--,8,6024,买盘
246,14:42:21,7.53,--,127,95631,卖盘
247,14:42:18,7.53,-0.01,46,34638,卖盘
248,14:42:12,7.54,0.01,59,44486,买盘
249,14:42:09,7.53,--,21,15813,卖盘
250,14:42:06,7.53,--,2,1506,卖盘
251,14:42:00,7.53,--,10,7530,卖盘
252,14:41:57,7.53,-0.01,26,19578,卖盘
253,14:41:54,7.54,0.01,84,63336,买盘
254,14:41:51,7.53,-0.01,60,45180,卖盘
255,14:41:48,7.54,--,39,29406,买盘
256,14:41:45,7.54,0.01,5,3770,买盘
257,14:41:42,7.53,--,6,4518,卖盘
258,14:41:39,7.53,-0.01,80,60240,卖盘
259,14:41:33,7.54,--,32,24128,买盘
260,14:41:30,7.54,--,8,6032,买盘
261,14:41:18,7.54,--,127,95758,买盘
262,14:41:15,7.54,--,2,1508,买盘
263,14:41:12,7.54,--,94,70876,买盘
264,14:41:09,7.54,0.01,7,5278,买盘
265,14:41:06,7.53,--,72,54216,买盘
266,14:41:03,7.53,--,4,3012,买盘
267,14:41:00,7.53,--,90,67770,卖盘
268,14:40:57,7.53,--,2,1506,卖盘
269,14:40:54,7.53,-0.01,22,16566,卖盘
270,14:40:51,7.54,--,120,90480,买盘
271,14:40:45,7.54,0.02,1,754,买盘
272,14:40:42,7.52,-0.02,52,39104,卖盘
273,14:40:39,7.54,--,10,7540,买盘
274,14:40:36,7.54,0.01,10,7540,买盘
275,14:40:33,7.53,--,17,12801,卖盘
276,14:40:30,7.53,-0.01,30,22590,中性盘
277,14:40:24,7.54,0.01,52,39208,买盘
278,14:40:21,7.53,-0.01,175,131775,卖盘
279,14:40:18,7.54,0.01,320,241280,买盘
280,14:40:15,7.53,-0.01,305,229665,卖盘
281,14:40:12,7.54,--,38,28652,买盘
282,14:40:09,7.54,0.01,8,6032,买盘
283,14:40:06,7.53,-0.01,1,753,卖盘
284,14:40:03,7.54,0.01,2,1508,买盘
285,14:40:00,7.53,--,1,753,卖盘
286,14:39:57,7.53,-0.01,29,21837,卖盘
287,14:39:54,7.54,0.01,55,41470,买盘
288,14:39:48,7.53,-0.01,3,2259,卖盘
289,14:39:45,7.54,0.01,21,15834,买盘
290,14:39:42,7.53,--,5,3765,卖盘
291,14:39:39,7.53,--,30,22590,卖盘
292,14:39:33,7.53,--,5,3765,卖盘
293,14:39:30,7.53,-0.01,146,109938,卖盘
294,14:39:24,7.54,0.01,2,1508,买盘
295,14:39:21,7.53,-0.01,80,60240,卖盘
296,14:39:18,7.54,--,31,23374,买盘
297,14:39:15,7.54,--,3,2262,买盘
298,14:39:12,7.54,0.01,39,29406,买盘
299,14:39:06,7.53,--,5,3765,卖盘
300,14:39:03,7.53,--,10,7530,卖盘
301,14:38:51,7.53,0.01,105,79065,买盘
302,14:38:48,7.52,--,41,30832,卖盘
303,14:38:45,7.52,-0.01,48,36096,卖盘
304,14:38:33,7.53,--,47,35391,买盘
305,14:38:27,7.53,--,30,22590,买盘
306,14:38:24,7.53,--,1,753,买盘
307,14:38:18,7.53,--,27,20331,买盘
308,14:38:15,7.53,0.01,33,24849,买盘
309,14:38:12,7.52,--,51,38352,卖盘
310,14:38:06,7.52,-0.01,7,5264,卖盘
311,14:38:03,7.53,0.01,3,2259,买盘
312,14:37:57,7.52,--,7,5264,卖盘
313,14:37:51,7.52,--,20,15491,买盘
314,14:37:48,7.52,-0.01,109,82268,卖盘
315,14:37:45,7.53,--,3,2259,买盘
316,14:37:42,7.53,0.01,20,15060,买盘
317,14:37:39,7.52,--,15,11280,卖盘
318,14:37:36,7.52,--,3,2256,卖盘
319,14:37:33,7.52,--,2,1955,买盘
320,14:37:27,7.52,-0.01,654,492108,卖盘
321,14:37:24,7.53,0.01,2344,1765032,买盘
322,14:37:21,7.52,--,30,22560,卖盘
323,14:37:18,7.52,-0.01,31,23312,卖盘
324,14:37:15,7.53,0.01,39,29367,买盘
325,14:37:12,7.52,--,22,16544,卖盘
326,14:37:09,7.52,--,1,752,卖盘
327,14:37:06,7.52,--,24,18048,卖盘
328,14:37:00,7.52,--,238,178976,卖盘
329,14:36:57,7.52,--,872,656195,买盘
330,14:36:54,7.52,--,20,15040,买盘
331,14:36:51,7.52,0.01,40,30080,买盘
332,14:36:48,7.51,-0.01,14,10514,卖盘
333,14:36:45,7.52,0.01,1,752,买盘
334,14:36:42,7.51,--,8,6008,卖盘
335,14:36:36,7.51,-0.01,55,41305,卖盘
336,14:36:33,7.52,--,20,15040,买盘
337,14:36:30,7.52,0.01,2501,1880752,买盘
338,14:36:27,7.51,-0.01,3,2253,卖盘
339,14:36:24,7.52,0.01,2,1504,买盘
340,14:36:18,7.51,-0.01,429,322179,卖盘
341,14:36:15,7.52,--,406,305312,买盘
342,14:36:12,7.52,--,64,48128,买盘
343,14:36:09,7.52,0.01,30,22560,买盘
344,14:36:06,7.51,-0.01,1,751,卖盘
345,14:36:03,7.52,0.01,10,7520,买盘
346,14:36:00,7.51,--,2,1502,卖盘
347,14:35:57,7.51,-0.01,1,751,卖盘
348,14:35:51,7.52,--,26,19552,买盘
349,14:35:48,7.52,--,100,75200,买盘
350,14:35:45,7.52,--,33,24816,买盘
351,14:35:42,7.52,--,479,360208,买盘
352,14:35:39,7.52,--,13,9776,买盘
353,14:35:36,7.52,--,98,73696,买盘
354,14:35:33,7.52,--,23,17296,买盘
355,14:35:24,7.52,--,124,93248,买盘
356,14:35:21,7.52,--,1,752,买盘
357,14:35:18,7.52,--,6,4512,买盘
358,14:35:15,7.52,--,17,12784,买盘
359,14:35:12,7.52,0.01,41,30832,买盘
360,14:35:09,7.51,--,252,189252,卖盘
361,14:35:06,7.51,-0.01,30,22530,卖盘
362,14:35:03,7.52,--,9,6768,买盘
363,14:34:57,7.52,--,24,18048,买盘
364,14:34:51,7.52,--,67,50384,买盘
365,14:34:45,7.52,--,10,7520,买盘
366,14:34:42,7.52,--,11,8272,买盘
367,14:34:36,7.52,0.01,21,15792,买盘
368,14:34:33,7.51,--,4,3004,卖盘
369,14:34:30,7.51,-0.01,271,203521,卖盘
370,14:34:24,7.52,--,8,6016,买盘
371,14:34:21,7.52,0.01,8,6016,买盘
372,14:34:18,7.51,--,11,8261,卖盘
373,14:34:12,7.51,-0.01,39,29289,卖盘
374,14:34:09,7.52,0.01,54,40608,买盘
375,14:34:06,7.51,--,4,3004,卖盘
376,14:34:03,7.51,--,51,38301,卖盘
377,14:34:00,7.51,--,2,1502,卖盘
378,14:33:57,7.51,-0.01,25,18775,卖盘
379,14:33:54,7.52,0.01,21,15792,买盘
380,14:33:51,7.51,--,1,751,卖盘
381,14:33:45,7.51,--,8,6008,卖盘
382,14:33:42,7.51,--,27,20277,卖盘
383,14:33:39,7.51,-0.01,3,2253,卖盘
384,14:33:36,7.52,0.01,88,66176,买盘
385,14:33:33,7.51,--,44,33044,卖盘
386,14:33:27,7.51,--,30,22530,卖盘
387,14:33:24,7.51,-0.01,24,18024,卖盘
388,14:33:21,7.52,0.01,30,22560,买盘
389,14:33:18,7.51,-0.01,2,1502,卖盘
390,14:33:15,7.52,--,50,37600,买盘
391,14:33:12,7.52,0.01,265,199280,买盘
392,14:33:09,7.51,--,86,64586,卖盘
393,14:33:06,7.51,-0.01,24,18024,卖盘
394,14:33:03,7.52,--,15,11280,买盘
395,14:33:00,7.52,0.01,45,33840,买盘
396,14:32:57,7.51,-0.01,25,18775,卖盘
397,14:32:54,7.52,--,83,62416,买盘
398,14:32:51,7.52,--,20,15040,买盘
399,14:32:48,7.52,--,7,5264,买盘
400,14:32:45,7.52,--,72,54144,买盘
401,14:32:36,7.52,0.01,125,94000,买盘
402,14:32:33,7.51,-0.01,23,17273,卖盘
403,14:32:30,7.52,--,10,7520,买盘
404,14:32:24,7.52,--,11,8272,买盘
405,14:32:15,7.52,0.01,200,150400,买盘
406,14:32:12,7.51,-0.01,29,21779,卖盘
407,14:32:09,7.52,0.01,56,42112,买盘
408,14:32:06,7.51,-0.01,28,21028,卖盘
409,14:32:03,7.52,--,11,8272,买盘
410,14:32:00,7.52,--,85,63920,买盘
411,14:31:57,7.52,0.01,703,528656,买盘
412,14:31:48,7.51,-0.01,100,75100,卖盘
413,14:31:45,7.52,0.01,1,752,买盘
414,14:31:42,7.51,-0.01,103,77353,卖盘
415,14:31:36,7.52,--,10,7520,买盘
416,14:31:33,7.52,0.01,2,1504,买盘
417,14:31:27,7.51,-0.01,12,9012,卖盘
418,14:31:24,7.52,0.01,4,3008,买盘
419,14:31:21,7.51,-0.01,10,7510,卖盘
420,14:31:18,7.52,0.01,14,10528,买盘
421,14:31:15,7.51,-0.01,143,107393,卖盘
422,14:31:12,7.52,--,27,20304,买盘
423,14:31:09,7.52,--,17,12784,买盘
424,14:31:06,7.52,--,6,4512,买盘
425,14:31:03,7.52,0.01,7,5264,买盘
426,14:31:00,7.51,-0.01,104,78104,卖盘
427,14:30:57,7.52,0.01,17,12784,买盘
428,14:30:48,7.51,-0.01,42,31542,卖盘
429,14:30:45,7.52,0.01,54,40608,买盘
430,14:30:42,7.51,--,13,9763,卖盘
431,14:30:39,7.51,-0.01,6,4506,卖盘
432,14:30:33,7.52,0.01,51,38352,买盘
433,14:30:30,7.51,-0.01,100,75100,卖盘
434,14:30:24,7.52,--,21,15792,买盘
435,14:30:21,7.52,0.01,23,17296,买盘
436,14:30:18,7.51,-0.01,419,314669,卖盘
437,14:30:12,7.52,0.01,39,29328,买盘
438,14:30:06,7.51,--,13,9763,卖盘
439,14:30:03,7.51,-0.01,106,79606,卖盘
440,14:30:00,7.52,0.01,1,752,买盘
441,14:29:51,7.51,-0.01,150,112650,卖盘
442,14:29:48,7.52,--,50,37600,买盘
443,14:29:45,7.52,--,114,85728,买盘
444,14:29:42,7.52,--,21,15792,买盘
445,14:29:39,7.52,0.01,22,16544,买盘
446,14:29:36,7.51,-0.01,3,2253,卖盘
447,14:29:33,7.52,0.01,10,7520,买盘
448,14:29:24,7.51,-0.01,333,250083,卖盘
449,14:29:21,7.52,--,106,79712,买盘
450,14:29:18,7.52,0.01,1,752,买盘
451,14:29:15,7.51,--,335,251585,卖盘
452,14:29:12,7.51,--,146,109646,卖盘
453,14:29:09,7.51,--,394,295894,卖盘
454,14:29:06,7.51,-0.01,4,3004,卖盘
455,14:29:03,7.52,--,387,291024,买盘
456,14:29:00,7.52,--,93,69936,买盘
457,14:28:57,7.52,0.01,7,5264,买盘
458,14:28:54,7.51,-0.01,10,7510,卖盘
459,14:28:51,7.52,--,26,19552,买盘
460,14:28:45,7.52,0.01,41,30832,买盘
461,14:28:42,7.51,-0.01,12,9012,卖盘
462,14:28:39,7.52,--,21,15792,买盘
463,14:28:36,7.52,--,37,27824,卖盘
464,14:28:30,7.52,0.01,216,162432,卖盘
465,14:28:27,7.51,-0.02,26,19526,卖盘
466,14:28:24,7.53,0.02,89,67017,买盘
467,14:28:21,7.51,-0.01,88,66088,卖盘
468,14:28:18,7.52,--,65,48880,卖盘
469,14:28:12,7.52,--,5,3760,卖盘
470,14:28:09,7.52,0.01,21,15792,买盘
471,14:28:06,7.51,-0.01,11,8261,卖盘
472,14:28:03,7.52,--,3,2256,卖盘
473,14:27:57,7.52,0.01,25,18800,卖盘
474,14:27:51,7.51,--,65,48815,卖盘
475,14:27:48,7.51,-0.01,366,274866,卖盘
476,14:27:45,7.52,--,22,16544,买盘
477,14:27:39,7.52,-0.01,275,206800,卖盘
478,14:27:36,7.53,0.01,58,43674,买盘
479,14:27:33,7.52,-0.01,2,1504,卖盘
480,14:27:24,7.53,--,2,1506,买盘
481,14:27:21,7.53,0.01,21,15813,买盘
482,14:27:18,7.52,-0.01,2,1504,卖盘
483,14:27:12,7.53,0.01,20,15060,买盘
484,14:27:09,7.52,0.01,24,18048,买盘
485,14:27:06,7.51,-0.01,3,2253,卖盘
486,14:27:03,7.52,-0.01,83,62416,卖盘
487,14:27:00,7.53,0.02,31,23343,买盘
488,14:26:51,7.51,-0.02,65,48815,卖盘
489,14:26:45,7.53,0.01,54,40662,买盘
490,14:26:42,7.52,--,20,15040,买盘
491,14:26:39,7.52,0.01,10,7520,买盘
492,14:26:36,7.51,--,19,14269,卖盘
493,14:26:33,7.51,-0.01,26,19526,卖盘
494,14:26:24,7.52,--,301,226352,买盘
495,14:26:21,7.52,--,10,7520,买盘
496,14:26:18,7.52,--,42,31584,买盘
497,14:26:15,7.52,0.01,33,24816,买盘
498,14:26:12,7.51,-0.01,6,4506,卖盘
499,14:26:09,7.52,0.01,183,137616,买盘
500,14:26:06,7.51,-0.01,90,67590,卖盘
501,14:26:03,7.52,--,3,2256,买盘
502,14:26:00,7.52,0.01,1,752,买盘
503,14:25:57,7.51,--,51,38301,卖盘
504,14:25:54,7.51,--,1,751,卖盘
505,14:25:51,7.51,-0.01,63,47313,卖盘
506,14:25:48,7.52,--,11,8272,买盘
507,14:25:45,7.52,0.01,42,31584,买盘
508,14:25:42,7.51,--,270,202770,卖盘
509,14:25:36,7.51,-0.01,26,19526,卖盘
510,14:25:33,7.52,0.01,6,4512,买盘
511,14:25:30,7.51,-0.01,28,21028,卖盘
512,14:25:24,7.52,0.01,12,9024,买盘
513,14:25:21,7.51,--,31,23281,卖盘
514,14:25:18,7.51,-0.01,22,16522,卖盘
515,14:25:15,7.52,0.01,3,2256,买盘
516,14:25:12,7.51,--,46,34546,卖盘
517,14:25:09,7.51,--,35,26285,卖盘
518,14:25:06,7.51,-0.01,5,3755,卖盘
519,14:25:03,7.52,--,27,20304,买盘
520,14:24:57,7.52,0.01,1,752,买盘
521,14:24:54,7.51,--,1,751,卖盘
522,14:24:51,7.51,-0.01,64,48064,卖盘
523,14:24:48,7.52,--,54,40608,买盘
524,14:24:45,7.52,--,14,10528,买盘
525,14:24:36,7.52,0.01,20,15040,买盘
526,14:24:33,7.51,--,1,751,卖盘
527,14:24:27,7.51,-0.01,82,61582,卖盘
528,14:24:24,7.52,--,101,75952,买盘
529,14:24:21,7.52,--,31,23312,买盘
530,14:24:18,7.52,0.01,21,15792,买盘
531,14:24:12,7.51,-0.01,6,4506,卖盘
532,14:24:09,7.52,0.01,42,31584,买盘
533,14:24:06,7.51,-0.01,28,21028,卖盘
534,14:24:03,7.52,0.01,3,2256,买盘
535,14:24:00,7.51,--,132,99132,卖盘
536,14:23:57,7.51,--,12,9012,卖盘
537,14:23:54,7.51,--,16,12016,卖盘
538,14:23:51,7.51,--,140,105140,卖盘
539,14:23:48,7.51,-0.01,1,751,卖盘
540,14:23:45,7.52,0.01,11,8272,买盘
541,14:23:42,7.51,-0.01,36,27636,卖盘
542,14:23:39,7.52,--,45,33840,买盘
543,14:23:33,7.52,--,1,752,买盘
544,14:23:30,7.52,--,40,30080,买盘
545,14:23:27,7.52,-0.01,84,63168,卖盘
546,14:23:24,7.53,--,13,9789,买盘
547,14:23:21,7.53,--,26,19578,买盘
548,14:23:18,7.53,0.01,1,753,买盘
549,14:23:12,7.52,-0.01,5,3760,卖盘
550,14:23:09,7.53,--,29,21837,买盘
551,14:23:06,7.53,--,38,28614,买盘
552,14:23:03,7.53,0.02,201,151353,买盘
553,14:23:00,7.51,--,52,39052,卖盘
554,14:22:57,7.51,-0.02,101,75851,卖盘
555,14:22:54,7.53,--,13,9789,买盘
556,14:22:51,7.53,--,78,58734,买盘
557,14:22:45,7.53,0.01,25,18825,买盘
558,14:22:42,7.52,--,32,24064,买盘
559,14:22:39,7.52,--,36,27072,买盘
560,14:22:36,7.52,--,25,18800,买盘
561,14:22:33,7.52,--,16,12032,买盘
562,14:22:30,7.52,0.01,26,19552,买盘
563,14:22:27,7.51,-0.01,36,27036,卖盘
564,14:22:24,7.52,--,13,9776,买盘
565,14:22:21,7.52,--,40,30080,买盘
566,14:22:18,7.52,0.01,1,752,买盘
567,14:22:12,7.51,-0.01,7,5257,卖盘
568,14:22:09,7.52,0.01,33,24816,买盘
569,14:22:06,7.51,-0.01,3,2253,卖盘
570,14:22:00,7.52,--,2,1504,买盘
571,14:21:57,7.52,--,4,3008,卖盘
572,14:21:54,7.52,--,5,3760,卖盘
573,14:21:51,7.52,-0.01,63,47376,卖盘
574,14:21:48,7.53,--,13,9789,买盘
575,14:21:45,7.53,0.01,2,1506,买盘
576,14:21:39,7.52,0.01,4,3008,买盘
577,14:21:36,7.51,--,292,219292,卖盘
578,14:21:33,7.51,--,25,18775,卖盘
579,14:21:27,7.51,-0.02,500,375500,卖盘
580,14:21:24,7.53,--,57,42921,买盘
581,14:21:21,7.53,0.01,154,115962,买盘
582,14:21:18,7.52,--,5,3760,买盘
583,14:21:15,7.52,--,73,54896,卖盘
584,14:21:12,7.52,--,5,3760,卖盘
585,14:21:06,7.52,--,76,57152,买盘
586,14:21:03,7.52,--,12,9024,卖盘
587,14:21:00,7.52,--,58,43616,卖盘
588,14:20:57,7.52,--,269,202288,卖盘
589,14:20:51,7.52,-0.01,90,67680,卖盘
590,14:20:48,7.53,--,111,83583,买盘
591,14:20:45,7.53,--,1,753,买盘
592,14:20:42,7.53,--,66,49698,买盘
593,14:20:39,7.53,0.01,4,3012,买盘
594,14:20:36,7.52,--,20,15040,卖盘
595,14:20:33,7.52,--,20,15040,卖盘
596,14:20:30,7.52,--,5,3760,卖盘
597,14:20:27,7.52,-0.01,34,25568,卖盘
598,14:20:24,7.53,--,2,1506,买盘
599,14:20:18,7.53,0.01,14,10542,买盘
600,14:20:15,7.52,--,1,752,卖盘
601,14:20:12,7.52,--,6,4512,卖盘
602,14:20:09,7.52,-0.01,3,2256,卖盘
603,14:20:06,7.53,0.01,47,35391,买盘
604,14:20:03,7.52,--,1,752,卖盘
605,14:19:57,7.52,--,82,61664,卖盘
606,14:19:54,7.52,--,40,30080,卖盘
607,14:19:51,7.52,-0.01,63,47376,卖盘
608,14:19:48,7.53,0.01,12,9036,买盘
609,14:19:45,7.52,--,54,40608,卖盘
610,14:19:42,7.52,--,21,15792,卖盘
611,14:19:39,7.52,--,1,752,卖盘
612,14:19:24,7.52,--,59,44368,卖盘
613,14:19:21,7.52,-0.01,1,752,卖盘
614,14:19:18,7.53,0.01,11,8283,买盘
615,14:19:15,7.52,--,5,3760,卖盘
616,14:19:12,7.52,--,6,4512,卖盘
617,14:19:09,7.52,--,34,25568,卖盘
618,14:19:06,7.52,--,108,81216,卖盘
619,14:19:03,7.52,--,3,2256,买盘
620,14:19:00,7.52,0.01,107,80464,买盘
621,14:18:57,7.51,--,2,1502,卖盘
622,14:18:51,7.51,-0.01,75,56325,卖盘
623,14:18:48,7.52,--,3,2256,买盘
624,14:18:45,7.52,--,4,3008,卖盘
625,14:18:42,7.52,-0.01,23,17296,卖盘
626,14:18:39,7.53,0.02,45,33885,买盘
627,14:18:24,7.51,-0.01,503,377753,卖盘
628,14:18:21,7.52,--,12,9024,买盘
629,14:18:18,7.52,--,1683,1265616,买盘
630,14:18:15,7.52,0.01,145,109040,买盘
631,14:18:12,7.51,-0.01,5,3755,卖盘
632,14:18:06,7.52,--,52,39104,买盘
633,14:18:03,7.52,--,1,752,买盘
634,14:18:00,7.52,--,156,117312,买盘
635,14:17:57,7.52,0.01,62,46624,买盘
636,14:17:54,7.51,--,3,2253,卖盘
637,14:17:51,7.51,-0.01,75,56325,卖盘
638,14:17:48,7.52,--,89,66928,买盘
639,14:17:45,7.52,--,34,25568,买盘
640,14:17:33,7.52,0.01,21,15792,买盘
641,14:17:27,7.51,-0.01,2619,1966869,卖盘
642,14:17:24,7.52,--,47,35344,买盘
643,14:17:21,7.52,--,11,8272,买盘
644,14:17:18,7.52,0.01,10,7520,买盘
645,14:17:12,7.51,-0.01,74,55574,卖盘
646,14:17:09,7.52,0.01,35,26320,买盘
647,14:17:06,7.51,-0.01,18,13518,卖盘
648,14:17:03,7.52,--,131,98512,买盘
649,14:17:00,7.52,--,30,22560,买盘
650,14:16:57,7.52,--,40,30080,买盘
651,14:16:54,7.52,0.01,30,22560,买盘
652,14:16:51,7.51,-0.01,63,47313,卖盘
653,14:16:48,7.52,--,100,75200,买盘
654,14:16:45,7.52,--,10,7520,买盘
655,14:16:39,7.52,0.01,20,15040,买盘
656,14:16:36,7.51,--,40,30040,卖盘
657,14:16:33,7.51,-0.01,35,26285,卖盘
658,14:16:30,7.52,--,10,7520,买盘
659,14:16:27,7.52,--,55,41360,买盘
660,14:16:24,7.52,--,33,24816,买盘
661,14:16:21,7.52,--,1,752,买盘
662,14:16:15,7.52,0.01,15,11280,买盘
663,14:16:12,7.51,-0.01,10,7510,卖盘
664,14:16:06,7.52,--,63,47376,买盘
665,14:16:03,7.52,-0.01,159,119568,卖盘
666,14:16:00,7.53,0.01,4,3012,买盘
667,14:15:57,7.52,--,1,752,卖盘
668,14:15:51,7.52,-0.01,76,57152,卖盘
669,14:15:48,7.53,--,5,3765,买盘
670,14:15:45,7.53,--,2,1506,买盘
671,14:15:33,7.53,0.01,21,15813,买盘
672,14:15:27,7.52,-0.01,57,42864,卖盘
673,14:15:24,7.53,--,12,9036,买盘
674,14:15:21,7.53,0.01,63,47439,买盘
675,14:15:18,7.52,0.01,349,262448,买盘
676,14:15:12,7.51,--,6,4506,卖盘
677,14:15:09,7.51,-0.01,10,7510,卖盘
678,14:15:06,7.52,--,101,75952,买盘
679,14:15:03,7.52,0.01,6,4512,买盘
680,14:15:00,7.51,--,37,27787,卖盘
681,14:14:57,7.51,-0.01,2,1502,卖盘
682,14:14:54,7.52,0.01,1,752,买盘
683,14:14:51,7.51,-0.01,69,51819,卖盘
684,14:14:48,7.52,--,22,16544,买盘
685,14:14:45,7.52,--,45,33840,买盘
686,14:14:39,7.52,--,5,3760,买盘
687,14:14:36,7.52,--,24,18048,买盘
688,14:14:33,7.52,0.01,60,45120,买盘
689,14:14:30,7.51,-0.01,106,79606,卖盘
690,14:14:27,7.52,--,5,3760,买盘
691,14:14:24,7.52,0.01,9,6768,买盘
692,14:14:21,7.51,--,150,112650,卖盘
693,14:14:18,7.51,-0.01,40,30040,卖盘
694,14:14:15,7.52,0.01,5,3760,买盘
695,14:14:12,7.51,-0.01,5,3755,卖盘
696,14:14:09,7.52,--,24,18048,买盘
697,14:14:06,7.52,--,33,24816,买盘
698,14:14:03,7.52,--,37,27824,买盘
699,14:14:00,7.52,0.01,112,84224,买盘
700,14:13:57,7.51,--,191,143441,卖盘
701,14:13:54,7.51,--,44,33044,卖盘
702,14:13:51,7.51,-0.01,105,78855,卖盘
703,14:13:48,7.52,--,102,76704,卖盘
704,14:13:45,7.52,--,4,3008,卖盘
705,14:13:42,7.52,--,645,485040,卖盘
706,14:13:36,7.52,-0.01,550,413600,卖盘
707,14:13:33,7.53,0.01,122,91866,买盘
708,14:13:30,7.52,-0.01,308,231616,卖盘
709,14:13:27,7.53,--,6,4518,买盘
710,14:13:24,7.53,--,6,4518,买盘
711,14:13:21,7.53,--,5012,3774036,买盘
712,14:13:18,7.53,0.01,6,4518,买盘
713,14:13:12,7.52,--,6,4512,卖盘
714,14:13:09,7.52,-0.01,2,1504,卖盘
715,14:13:06,7.53,--,34,25602,买盘
716,14:13:03,7.53,--,13,9789,买盘
717,14:13:00,7.53,0.01,1135,854956,买盘
718,14:12:57,7.52,--,2,1504,卖盘
719,14:12:51,7.52,--,74,55648,卖盘
720,14:12:48,7.52,-0.01,25,18800,卖盘
721,14:12:45,7.53,--,2,1506,买盘
722,14:12:42,7.53,--,14,10542,买盘
723,14:12:33,7.53,--,5,3765,买盘
724,14:12:30,7.53,0.01,20,15060,买盘
725,14:12:27,7.52,-0.01,471,354192,卖盘
726,14:12:24,7.53,--,87,65511,买盘
727,14:12:21,7.53,--,300,225900,买盘
728,14:12:18,7.53,0.01,1,753,买盘
729,14:12:12,7.52,-0.01,26,19552,卖盘
730,14:12:06,7.53,--,193,145329,买盘
731,14:12:03,7.53,--,11,8283,买盘
732,14:12:00,7.53,--,20,15060,买盘
733,14:11:57,7.53,--,20,15060,买盘
734,14:11:54,7.53,0.01,12,9036,买盘
735,14:11:51,7.52,-0.01,90,67680,卖盘
736,14:11:48,7.53,--,5,3765,买盘
737,14:11:45,7.53,--,11,8283,买盘
738,14:11:42,7.53,--,50,37650,买盘
739,14:11:39,7.53,0.01,24,18072,买盘
740,14:11:36,7.52,-0.01,35,26320,卖盘
741,14:11:33,7.53,0.01,46,34638,买盘
742,14:11:30,7.52,-0.01,102,76704,卖盘
743,14:11:27,7.53,--,11,8283,买盘
744,14:11:24,7.53,0.01,21,15813,买盘
745,14:11:21,7.52,-0.01,80,60160,卖盘
746,14:11:18,7.53,0.01,4,3012,买盘
747,14:11:12,7.52,--,25,18800,卖盘
748,14:11:09,7.52,-0.01,43,32335,卖盘
749,14:11:06,7.53,--,43,32379,买盘
750,14:11:03,7.53,0.01,137,103161,买盘
751,14:11:00,7.52,--,5,3760,卖盘
752,14:10:57,7.52,--,32,24064,卖盘
753,14:10:54,7.52,--,40,30080,卖盘
754,14:10:51,7.52,--,89,66928,卖盘
755,14:10:45,7.52,-0.01,6,4512,卖盘
756,14:10:39,7.53,0.01,598,450294,买盘
757,14:10:36,7.52,--,2,1504,卖盘
758,14:10:33,7.52,--,300,225600,卖盘
759,14:10:30,7.52,--,3,2256,卖盘
760,14:10:27,7.52,--,366,275232,卖盘
761,14:10:24,7.52,--,13,9776,卖盘
762,14:10:21,7.52,-0.01,10,7520,卖盘
763,14:10:18,7.53,0.01,10,7530,买盘
764,14:10:12,7.52,--,6,4512,卖盘
765,14:10:06,7.52,-0.01,34,25568,卖盘
766,14:10:03,7.53,--,222,167166,买盘
767,14:10:00,7.53,0.01,14,10542,买盘
768,14:09:57,7.52,-0.01,16,12032,卖盘
769,14:09:54,7.53,0.01,30,22590,买盘
770,14:09:51,7.52,--,63,47376,卖盘
771,14:09:48,7.52,--,3,2256,卖盘
772,14:09:45,7.52,--,26,19552,卖盘
773,14:09:42,7.52,--,11,8272,卖盘
774,14:09:39,7.52,-0.01,12,9024,卖盘
775,14:09:30,7.53,0.01,221,166413,买盘
776,14:09:27,7.52,--,50,37600,卖盘
777,14:09:24,7.52,--,40,30080,卖盘
778,14:09:21,7.52,--,308,231616,卖盘
779,14:09:15,7.52,--,41,30832,卖盘
780,14:09:12,7.52,--,5,3760,卖盘
781,14:09:06,7.52,--,38,28576,卖盘
782,14:09:03,7.52,0.01,29,21808,卖盘
783,14:09:00,7.51,-0.01,918,689418,卖盘
784,14:08:57,7.52,--,181,136112,买盘
785,14:08:54,7.52,--,45,33840,买盘
786,14:08:51,7.52,--,82,61664,买盘
787,14:08:48,7.52,0.01,10,7520,买盘
788,14:08:45,7.51,-0.01,25,18775,卖盘
789,14:08:42,7.52,--,1,752,买盘
790,14:08:39,7.52,-0.01,13,9776,买盘
791,14:08:36,7.53,--,221,166413,买盘
792,14:08:33,7.53,0.01,16,12048,买盘
793,14:08:30,7.52,-0.01,45,33840,中性盘
794,14:08:24,7.53,0.02,13,9789,买盘
795,14:08:21,7.51,-0.01,601,451351,卖盘
796,14:08:18,7.52,0.01,131,98512,买盘
797,14:08:15,7.51,--,146,109646,卖盘
798,14:08:12,7.51,-0.01,33,24783,卖盘
799,14:08:06,7.52,0.01,39,29328,买盘
800,14:08:03,7.51,--,36,27036,卖盘
801,14:08:00,7.51,--,371,278621,卖盘
802,14:07:57,7.51,-0.01,29,21779,卖盘
803,14:07:54,7.52,--,18,13536,卖盘
804,14:07:51,7.52,-0.01,64,48128,卖盘
805,14:07:42,7.53,--,27,20331,买盘
806,14:07:39,7.53,0.02,45,33885,买盘
807,14:07:36,7.51,-0.01,2626,1972126,卖盘
808,14:07:33,7.52,--,49,36848,卖盘
809,14:07:30,7.52,-0.01,32,24064,卖盘
810,14:07:27,7.53,--,5,3765,买盘
811,14:07:24,7.53,0.01,13,9789,买盘
812,14:07:21,7.52,-0.01,34,25568,卖盘
813,14:07:18,7.53,--,16,12048,买盘
814,14:07:12,7.53,--,16,12048,买盘
815,14:07:06,7.53,0.01,38,28614,买盘
816,14:07:03,7.52,--,58,43616,卖盘
817,14:06:57,7.52,-0.01,1948,1464896,卖盘
818,14:06:54,7.53,0.01,13,9789,买盘
819,14:06:51,7.52,-0.02,948,712896,卖盘
820,14:06:48,7.54,0.02,26,19604,买盘
821,14:06:42,7.52,-0.01,2,1504,卖盘
822,14:06:39,7.53,0.01,82,61746,中性盘
823,14:06:36,7.52,-0.02,10,7520,卖盘
824,14:06:33,7.54,0.01,218,164372,买盘
825,14:06:30,7.53,0.01,56,42168,买盘
826,14:06:27,7.52,-0.01,1,752,卖盘
827,14:06:24,7.53,--,168,126504,买盘
828,14:06:21,7.53,0.01,18,13554,买盘
829,14:06:15,7.52,-0.01,154,115808,卖盘
830,14:06:12,7.53,--,77,57981,卖盘
831,14:06:09,7.53,0.01,64,48192,买盘
832,14:06:06,7.52,--,31,23312,卖盘
833,14:06:03,7.52,--,38,28576,卖盘
834,14:06:00,7.52,-0.01,589,442928,卖盘
835,14:05:57,7.53,--,2,1506,买盘
836,14:05:54,7.53,0.01,21,15813,买盘
837,14:05:51,7.52,-0.01,144,108288,卖盘
838,14:05:48,7.53,0.01,3,2259,买盘
839,14:05:45,7.52,-0.01,346,260191,卖盘
840,14:05:42,7.53,0.01,25,18825,买盘
841,14:05:39,7.52,-0.01,90,67680,卖盘
842,14:05:36,7.53,-0.01,26,19578,中性盘
843,14:05:33,7.54,0.01,103,77662,买盘
844,14:05:27,7.53,--,61,45933,买盘
845,14:05:24,7.53,--,11,8283,买盘
846,14:05:21,7.53,--,395,297435,卖盘
847,14:05:18,7.53,--,10,7530,卖盘
848,14:05:15,7.53,--,200,150600,卖盘
849,14:05:12,7.53,-0.01,71,53463,卖盘
850,14:05:09,7.54,0.01,27,20358,买盘
851,14:05:06,7.53,-0.01,1,753,卖盘
852,14:05:03,7.54,0.01,35,26390,买盘
853,14:04:57,7.53,-0.01,1,753,卖盘
854,14:04:54,7.54,0.01,1012,763048,买盘
855,14:04:51,7.53,--,64,48192,卖盘
856,14:04:45,7.53,-0.01,152,114456,卖盘
857,14:04:42,7.54,--,2,1508,买盘
858,14:04:39,7.54,--,25,18850,买盘
859,14:04:36,7.54,--,20,15080,买盘
860,14:04:33,7.54,0.01,4,3016,买盘
861,14:04:27,7.53,-0.01,58,43674,卖盘
862,14:04:24,7.54,0.01,13,9802,买盘
863,14:04:21,7.53,--,100,75300,卖盘
864,14:04:18,7.53,--,1,753,卖盘
865,14:04:12,7.53,--,5,3765,卖盘
866,14:04:09,7.53,-0.01,29,21837,卖盘
867,14:04:06,7.54,0.01,28,21112,买盘
868,14:04:03,7.53,--,35,26355,卖盘
869,14:04:00,7.53,--,1,753,卖盘
870,14:03:54,7.53,--,17,12801,卖盘
871,14:03:51,7.53,-0.01,73,54969,卖盘
872,14:03:48,7.54,--,104,78416,买盘
873,14:03:42,7.54,--,9,6786,买盘
874,14:03:39,7.54,--,18,13572,买盘
875,14:03:36,7.54,0.01,32,24128,买盘
876,14:03:33,7.53,-0.01,50,37650,卖盘
877,14:03:30,7.54,--,21,15834,买盘
878,14:03:27,7.54,0.01,50,37700,买盘
879,14:03:24,7.53,--,40,30120,卖盘
880,14:03:21,7.53,-0.01,71,53463,卖盘
881,14:03:18,7.54,0.01,1,754,买盘
882,14:03:12,7.53,-0.01,6,4518,卖盘
883,14:03:09,7.54,0.01,27,20358,买盘
884,14:03:03,7.53,--,473,356169,买盘
885,14:03:00,7.53,--,8,6024,买盘
886,14:02:57,7.53,--,66,49698,买盘
887,14:02:54,7.53,--,12,9036,买盘
888,14:02:51,7.53,--,91,68523,买盘
889,14:02:48,7.53,--,47,35391,买盘
890,14:02:45,7.53,0.01,484,364452,买盘
891,14:02:42,7.52,-0.01,24,18048,卖盘
892,14:02:39,7.53,--,15,11295,买盘
893,14:02:36,7.53,--,50,37650,买盘
894,14:02:33,7.53,--,19,14307,卖盘
895,14:02:30,7.53,--,98,73794,买盘
896,14:02:24,7.53,--,13,9789,买盘
897,14:02:21,7.53,--,243,182979,买盘
898,14:02:15,7.53,0.01,18,13554,买盘
899,14:02:12,7.52,-0.01,18,13536,卖盘
900,14:02:09,7.53,0.01,60,45180,买盘
901,14:02:06,7.52,--,723,543696,卖盘
902,14:02:03,7.52,-0.01,2,1504,卖盘
903,14:02:00,7.53,--,20,15060,买盘
904,14:01:57,7.53,--,404,304212,买盘
905,14:01:54,7.53,0.01,399,300447,买盘
906,14:01:51,7.52,-0.03,85,63920,卖盘
907,14:01:48,7.55,0.02,38,28690,买盘
908,14:01:45,7.53,-0.02,963,725733,卖盘
909,14:01:42,7.55,0.01,1,755,买盘
910,14:01:39,7.54,-0.01,5,3770,卖盘
911,14:01:33,7.55,0.02,5,3775,买盘
912,14:01:27,7.53,-0.01,25,18825,卖盘
913,14:01:24,7.54,0.01,12,9048,中性盘
914,14:01:21,7.53,-0.01,2477,1865813,卖盘
915,14:01:18,7.54,--,100,75400,卖盘
916,14:01:12,7.54,--,3005,2265770,卖盘
917,14:01:03,7.54,-0.01,36,27144,卖盘
918,14:01:00,7.55,0.01,18,13590,买盘
919,14:00:57,7.54,--,1,754,卖盘
920,14:00:54,7.54,--,31,23374,卖盘
921,14:00:51,7.54,-0.01,114,85956,卖盘
922,14:00:42,7.55,--,16,12080,买盘
923,14:00:30,7.55,0.01,25,18875,买盘
924,14:00:27,7.54,-0.01,5,3770,卖盘
925,14:00:24,7.55,0.01,247,186485,买盘
926,14:00:21,7.54,-0.01,16,12064,卖盘
927,14:00:18,7.55,0.01,21,15855,买盘
928,14:00:15,7.54,--,20,15080,卖盘
929,14:00:12,7.54,-0.01,62,46748,卖盘
930,14:00:09,7.55,--,30,22650,买盘
931,14:00:06,7.55,0.01,116,87580,买盘
932,14:00:03,7.54,-0.01,2,1508,卖盘
933,14:00:00,7.55,0.01,5,3775,买盘
934,13:59:57,7.54,-0.01,101,76154,卖盘
935,13:59:54,7.55,0.01,3,2265,买盘
936,13:59:51,7.54,--,73,55042,卖盘
937,13:59:48,7.54,-0.01,30,22620,卖盘
938,13:59:45,7.55,--,1,755,买盘
939,13:59:42,7.55,--,36,27180,买盘
940,13:59:33,7.55,--,30,22650,买盘
941,13:59:27,7.55,--,9,6795,买盘
942,13:59:24,7.55,0.01,11,8305,买盘
943,13:59:18,7.54,-0.01,32,24128,卖盘
944,13:59:15,7.55,0.01,20,15100,买盘
945,13:59:12,7.54,--,128,96512,卖盘
946,13:59:09,7.54,--,40,30160,卖盘
947,13:59:03,7.54,--,32,24128,卖盘
948,13:59:00,7.54,--,86,64844,卖盘
949,13:58:57,7.54,-0.01,2,1508,卖盘
950,13:58:54,7.55,0.01,6,4530,买盘
951,13:58:51,7.54,-0.01,63,47502,卖盘
952,13:58:48,7.55,--,13,9815,买盘
953,13:58:45,7.55,--,1,755,买盘
954,13:58:39,7.55,0.01,133,100415,买盘
955,13:58:36,7.54,--,31,23374,卖盘
956,13:58:33,7.54,-0.01,17,12818,卖盘
957,13:58:30,7.55,0.01,7,5285,买盘
958,13:58:27,7.54,-0.02,255,192858,卖盘
959,13:58:24,7.56,0.01,1,756,买盘
960,13:58:21,7.55,-0.01,96,72480,卖盘
961,13:58:18,7.56,0.01,52,39312,买盘
962,13:58:15,7.55,--,190,143450,卖盘
963,13:58:12,7.55,--,37,27935,卖盘
964,13:58:09,7.55,-0.01,5,3775,卖盘
965,13:58:06,7.56,0.01,13,9828,买盘
966,13:58:03,7.55,--,224,169120,卖盘
967,13:58:00,7.55,--,10,7550,卖盘
968,13:57:57,7.55,-0.01,2,1510,卖盘
969,13:57:54,7.56,0.01,14,10584,买盘
970,13:57:51,7.55,-0.01,63,47565,卖盘
971,13:57:48,7.56,--,13,9828,买盘
972,13:57:45,7.56,--,31,23436,买盘
973,13:57:42,7.56,0.01,1,756,买盘
974,13:57:36,7.55,--,20,15100,卖盘
975,13:57:33,7.55,-0.01,25,18875,卖盘
976,13:57:30,7.56,--,25,18900,买盘
977,13:57:27,7.56,0.01,87,65772,买盘
978,13:57:24,7.55,-0.01,30,22650,卖盘
979,13:57:21,7.56,0.01,21,15876,买盘
980,13:57:18,7.55,-0.01,178,134390,卖盘
981,13:57:15,7.56,0.01,26,19656,买盘
982,13:57:12,7.55,-0.01,6,4530,卖盘
983,13:57:06,7.56,0.01,13,9828,买盘
984,13:57:03,7.55,--,2,1510,卖盘
985,13:57:00,7.55,--,17,12835,卖盘
986,13:56:57,7.55,-0.01,1,755,卖盘
987,13:56:54,7.56,0.01,33,24948,买盘
988,13:56:51,7.55,-0.01,144,108720,卖盘
989,13:56:45,7.56,--,18,13608,买盘
990,13:56:42,7.56,--,10,7560,买盘
991,13:56:39,7.56,0.01,72,54432,买盘
992,13:56:33,7.55,--,42,31710,卖盘
993,13:56:30,7.55,--,11,8305,卖盘
994,13:56:27,7.55,--,45,33975,卖盘
995,13:56:24,7.55,--,6,4530,卖盘
996,13:56:21,7.55,0.01,96,72646,买盘
997,13:56:18,7.54,-0.01,35,26390,卖盘
998,13:56:15,7.55,0.01,1,755,买盘
999,13:56:12,7.54,-0.01,5,3770,卖盘
1000,13:56:09,7.55,--,30,22650,买盘
1001,13:56:06,7.55,0.01,27,20385,买盘
1002,13:56:03,7.54,-0.01,35,26390,卖盘
1003,13:56:00,7.55,--,74,55870,买盘
1004,13:55:57,7.55,0.01,13,9815,买盘
1005,13:55:51,7.54,-0.01,67,50518,卖盘
1006,13:55:48,7.55,--,14,10570,买盘
1007,13:55:45,7.55,--,30,22650,买盘
1008,13:55:42,7.55,--,1,755,买盘
1009,13:55:39,7.55,--,30,22650,买盘
1010,13:55:30,7.55,--,20,15100,买盘
1011,13:55:27,7.55,--,15,11325,买盘
1012,13:55:24,7.55,--,1,755,买盘
1013,13:55:15,7.55,--,1,755,买盘
1014,13:55:12,7.55,0.01,111,83805,买盘
1015,13:55:09,7.54,-0.01,4,3016,卖盘
1016,13:55:06,7.55,0.01,13,9815,买盘
1017,13:55:03,7.54,-0.01,3,2262,卖盘
1018,13:55:00,7.55,0.01,48,36240,买盘
1019,13:54:57,7.54,-0.01,5,3770,卖盘
1020,13:54:54,7.55,--,279,211233,卖盘
1021,13:54:51,7.55,-0.01,68,51340,卖盘
1022,13:54:45,7.56,0.01,24,18144,买盘
1023,13:54:42,7.55,-0.01,4,3020,卖盘
1024,13:54:33,7.56,--,130,98280,买盘
1025,13:54:30,7.56,0.01,10,7560,买盘
1026,13:54:27,7.55,--,45,33975,卖盘
1027,13:54:24,7.55,--,132,99660,卖盘
1028,13:54:21,7.55,--,38,28690,卖盘
1029,13:54:15,7.55,--,11,8305,卖盘
1030,13:54:12,7.55,-0.01,12,9060,卖盘
1031,13:54:09,7.56,--,5,3780,买盘
1032,13:54:06,7.56,--,86,65016,买盘
1033,13:54:03,7.56,--,30,22680,买盘
1034,13:54:00,7.56,--,1,756,买盘
1035,13:53:57,7.56,0.01,6,4536,买盘
1036,13:53:51,7.55,-0.01,63,47565,卖盘
1037,13:53:45,7.56,--,14,10584,买盘
1038,13:53:42,7.56,0.01,28,21334,买盘
1039,13:53:39,7.55,--,17,13423,卖盘
1040,13:53:36,7.55,--,84,63420,卖盘
1041,13:53:33,7.55,-0.01,3,2265,卖盘
1042,13:53:30,7.56,0.01,1000,756000,买盘
1043,13:53:27,7.55,-0.01,65,49075,卖盘
1044,13:53:24,7.56,0.01,40,30240,买盘
1045,13:53:21,7.55,--,976,737046,买盘
1046,13:53:15,7.55,0.01,1,755,买盘
1047,13:53:12,7.54,-0.01,10,7540,卖盘
1048,13:53:06,7.55,0.01,13,9815,买盘
1049,13:53:03,7.54,--,5,3770,卖盘
1050,13:53:00,7.54,--,6,4524,卖盘
1051,13:52:57,7.54,-0.01,2,1508,卖盘
1052,13:52:54,7.55,0.01,20,15100,买盘
1053,13:52:51,7.54,--,64,48256,卖盘
1054,13:52:48,7.54,-0.01,9,6786,卖盘
1055,13:52:45,7.55,--,28,21140,买盘
1056,13:52:42,7.55,--,6,4530,买盘
1057,13:52:39,7.55,0.01,12,9060,买盘
1058,13:52:36,7.54,--,7,5278,卖盘
1059,13:52:33,7.54,--,30,22620,卖盘
1060,13:52:30,7.54,--,4,3016,卖盘
1061,13:52:27,7.54,-0.01,46,34684,卖盘
1062,13:52:24,7.55,0.01,104,78520,买盘
1063,13:52:21,7.54,-0.01,14,10556,卖盘
1064,13:52:18,7.55,--,40,30200,买盘
1065,13:52:15,7.55,0.01,5,3775,买盘
1066,13:52:12,7.54,-0.01,5,3770,卖盘
1067,13:52:06,7.55,0.01,13,9815,买盘
1068,13:51:57,7.54,--,7,5278,卖盘
1069,13:51:54,7.54,--,2,1508,卖盘
1070,13:51:51,7.54,--,63,47502,卖盘
1071,13:51:48,7.54,-0.01,19,14326,卖盘
1072,13:51:45,7.55,--,15,11325,买盘
1073,13:51:42,7.55,0.01,1,755,买盘
1074,13:51:27,7.54,-0.01,1,754,卖盘
1075,13:51:24,7.55,0.01,17,12835,买盘
1076,13:51:21,7.54,-0.01,29,21866,卖盘
1077,13:51:18,7.55,0.01,6,4530,买盘
1078,13:51:15,7.54,--,45,33930,卖盘
1079,13:51:12,7.54,-0.01,20,15080,卖盘
1080,13:51:09,7.55,--,14,10570,买盘
1081,13:51:06,7.55,0.01,23,17365,买盘
1082,13:51:03,7.54,--,3,2262,卖盘
1083,13:50:57,7.54,-0.01,34,25636,卖盘
1084,13:50:54,7.55,0.01,4,3020,买盘
1085,13:50:51,7.54,-0.01,66,49764,卖盘
1086,13:50:45,7.55,0.01,43,32465,买盘
1087,13:50:42,7.54,-0.01,14,10556,卖盘
1088,13:50:39,7.55,--,35,26425,买盘
1089,13:50:36,7.55,0.01,42,31710,买盘
1090,13:50:27,7.54,-0.01,2,1508,卖盘
1091,13:50:24,7.55,0.01,14,10570,买盘
1092,13:50:18,7.54,-0.01,41,30914,卖盘
1093,13:50:15,7.55,0.01,9,6795,买盘
1094,13:50:12,7.54,-0.01,6,4524,卖盘
1095,13:50:09,7.55,--,57,43035,买盘
1096,13:50:06,7.55,--,13,9815,买盘
1097,13:50:03,7.55,0.01,1,755,买盘
1098,13:49:57,7.54,-0.01,2,1508,卖盘
1099,13:49:54,7.55,0.01,8,6040,买盘
1100,13:49:51,7.54,-0.01,64,48256,卖盘
1101,13:49:48,7.55,--,8,6040,买盘
1102,13:49:45,7.55,--,15,11325,买盘
1103,13:49:42,7.55,0.01,1,755,买盘
1104,13:49:39,7.54,-0.01,14,10556,卖盘
1105,13:49:33,7.55,0.01,141,106455,买盘
1106,13:49:24,7.54,--,14,10556,卖盘
1107,13:49:21,7.54,-0.01,5,3770,卖盘
1108,13:49:15,7.55,0.01,8,6040,买盘
1109,13:49:12,7.54,-0.01,5,3770,卖盘
1110,13:49:09,7.55,0.01,100,75500,买盘
1111,13:49:06,7.54,-0.01,28,21112,卖盘
1112,13:49:03,7.55,--,1,755,买盘
1113,13:48:51,7.55,0.01,77,58135,买盘
1114,13:48:48,7.54,-0.01,40,30160,卖盘
1115,13:48:45,7.55,--,55,41525,买盘
1116,13:48:42,7.55,0.01,1,755,买盘
1117,13:48:36,7.54,--,20,15080,卖盘
1118,13:48:33,7.54,-0.01,15,11310,卖盘
1119,13:48:30,7.55,0.02,116,87580,买盘
1120,13:48:27,7.53,-0.02,1,753,卖盘
1121,13:48:24,7.55,--,18,13590,买盘
1122,13:48:21,7.55,0.01,3,2265,买盘
1123,13:48:18,7.54,-0.01,14,10556,卖盘
1124,13:48:15,7.55,0.01,1,755,买盘
1125,13:48:12,7.54,--,14,10556,卖盘
1126,13:48:09,7.54,-0.01,2,1508,卖盘
1127,13:48:06,7.55,0.02,13,9815,买盘
1128,13:48:00,7.53,--,42,31626,卖盘
1129,13:47:54,7.53,-0.02,2402,1808706,卖盘
1130,13:47:51,7.55,--,6,5118,卖盘
1131,13:47:45,7.55,--,7,5451,买盘
1132,13:47:42,7.55,--,1,755,买盘
1133,13:47:39,7.55,--,61,46055,买盘
1134,13:47:30,7.55,--,17,12835,买盘
1135,13:47:27,7.55,--,40,30200,买盘
1136,13:47:24,7.55,--,19,14345,买盘
1137,13:47:18,7.55,0.01,1,755,买盘
1138,13:47:15,7.54,--,20,15080,卖盘
1139,13:47:12,7.54,--,6,4524,卖盘
1140,13:47:09,7.54,-0.01,10,7540,卖盘
1141,13:47:06,7.55,--,22,16610,买盘
1142,13:47:03,7.55,0.01,33,24915,买盘
1143,13:46:57,7.54,--,17,12818,卖盘
1144,13:46:54,7.54,--,3,2262,卖盘
1145,13:46:51,7.54,--,70,52780,卖盘
1146,13:46:48,7.54,-0.01,50,37700,卖盘
1147,13:46:45,7.55,0.01,13,9815,买盘
1148,13:46:42,7.54,--,1,754,卖盘
1149,13:46:27,7.54,--,26,19604,卖盘
1150,13:46:24,7.54,--,33,24882,卖盘
1151,13:46:12,7.54,--,6,4524,卖盘
1152,13:46:06,7.54,-0.01,16,12064,中性盘
1153,13:46:03,7.55,--,2,1510,买盘
1154,13:46:00,7.55,0.02,40,30200,买盘
1155,13:45:57,7.53,-0.01,12,9036,卖盘
1156,13:45:54,7.54,--,7,5278,买盘
1157,13:45:51,7.54,-0.01,68,51272,卖盘
1158,13:45:45,7.55,0.01,13,9815,买盘
1159,13:45:42,7.54,--,6,4524,卖盘
1160,13:45:33,7.54,-0.01,4,3016,卖盘
1161,13:45:24,7.55,--,13,9815,买盘
1162,13:45:18,7.55,0.01,45,33975,买盘
1163,13:45:12,7.54,--,19,14914,卖盘
1164,13:45:09,7.54,--,14,10556,卖盘
1165,13:45:03,7.54,0.01,65,49175,买盘
1166,13:45:00,7.53,--,5,3765,卖盘
1167,13:44:57,7.53,-0.01,1,753,卖盘
1168,13:44:54,7.54,--,15,11310,买盘
1169,13:44:51,7.54,-0.01,9,7374,卖盘
1170,13:44:45,7.55,0.01,43,32631,买盘
1171,13:44:42,7.54,--,36,27144,买盘
1172,13:44:36,7.54,--,476,359492,卖盘
1173,13:44:30,7.54,--,68,51272,卖盘
1174,13:44:24,7.54,-0.01,8,6567,卖盘
1175,13:44:21,7.55,0.01,13,9815,买盘
1176,13:44:12,7.54,--,6,4524,卖盘
1177,13:44:09,7.54,0.01,68,51656,买盘
1178,13:44:06,7.53,--,1,753,卖盘
1179,13:44:00,7.53,--,151,113703,卖盘
1180,13:43:57,7.53,-0.01,6,4518,卖盘
1181,13:43:54,7.54,--,57,43475,卖盘
1182,13:43:51,7.54,--,76,57304,卖盘
1183,13:43:48,7.54,-0.01,500,377000,卖盘
1184,13:43:45,7.55,-0.01,14,11317,卖盘
1185,13:43:42,7.56,--,5,3780,买盘
1186,13:43:39,7.56,0.02,64,48384,买盘
1187,13:43:36,7.54,--,68,51272,卖盘
1188,13:43:30,7.54,-0.02,1,754,卖盘
1189,13:43:24,7.56,0.02,2,2154,买盘
1190,13:43:21,7.54,-0.01,105,79170,卖盘
1191,13:43:18,7.55,--,1,755,卖盘
1192,13:43:15,7.55,0.01,15,11325,买盘
1193,13:43:12,7.54,--,26,19604,卖盘
1194,13:43:09,7.54,--,11,8294,卖盘
1195,13:43:06,7.54,--,16,12064,卖盘
1196,13:43:03,7.54,--,18,13949,卖盘
1197,13:42:57,7.54,--,11,8294,卖盘
1198,13:42:51,7.54,--,76,57304,卖盘
1199,13:42:45,7.54,0.01,5,3770,中性盘
1200,13:42:42,7.53,-0.01,1006,757518,卖盘
1201,13:42:36,7.54,0.01,3,2262,卖盘
1202,13:42:33,7.53,-0.03,14,10542,卖盘
1203,13:42:30,7.56,--,1046,790776,买盘
1204,13:42:27,7.56,--,16,12353,卖盘
1205,13:42:24,7.56,0.03,2,2010,买盘
1206,13:42:18,7.53,-0.03,1000,753000,卖盘
1207,13:42:12,7.56,-0.01,7,5292,中性盘
1208,13:42:09,7.57,0.03,2031,1537467,买盘
1209,13:42:06,7.54,--,37,27898,卖盘
1210,13:42:03,7.54,--,76,57304,卖盘
1211,13:42:00,7.54,--,40,30160,买盘
1212,13:41:57,7.54,0.01,64,48256,买盘
1213,13:41:54,7.53,-0.01,3743,2818479,卖盘
1214,13:41:51,7.54,--,1116,841464,买盘
1215,13:41:45,7.54,-0.01,8,6032,卖盘
1216,13:41:42,7.55,--,55,41525,买盘
1217,13:41:39,7.55,--,2,1510,买盘
1218,13:41:36,7.55,--,37,27935,买盘
1219,13:41:33,7.55,0.01,2,1510,买盘
1220,13:41:30,7.54,-0.01,14,10556,卖盘
1221,13:41:27,7.55,--,66,49830,买盘
1222,13:41:21,7.55,0.02,54,40770,买盘
1223,13:41:18,7.53,-0.02,1000,753000,卖盘
1224,13:41:15,7.55,0.01,16,12080,买盘
1225,13:41:12,7.54,-0.01,26,19604,卖盘
1226,13:41:09,7.55,--,6,4530,买盘
1227,13:41:03,7.55,0.01,1,755,买盘
1228,13:41:00,7.54,--,14,10556,卖盘
1229,13:40:57,7.54,--,2,1508,卖盘
1230,13:40:51,7.54,-0.01,102,76908,卖盘
1231,13:40:45,7.55,--,16,12080,买盘
1232,13:40:42,7.55,0.01,1,755,买盘
1233,13:40:39,7.54,--,63,47502,卖盘
1234,13:40:36,7.54,-0.01,2,1508,卖盘
1235,13:40:33,7.55,0.01,10,7550,买盘
1236,13:40:30,7.54,--,5,3770,卖盘
1237,13:40:27,7.54,-0.01,129,97266,卖盘
1238,13:40:24,7.55,0.01,258,194790,买盘
1239,13:40:15,7.54,--,119,89726,卖盘
1240,13:40:12,7.54,--,11,8294,卖盘
1241,13:40:09,7.54,--,29,21866,卖盘
1242,13:40:06,7.54,--,130,98020,卖盘
1243,13:40:03,7.54,--,1,754,卖盘
1244,13:39:54,7.54,-0.01,14,10556,卖盘
1245,13:39:51,7.55,--,86,64930,买盘
1246,13:39:48,7.55,--,1004,758020,买盘
1247,13:39:45,7.55,0.01,2,1510,买盘
1248,13:39:42,7.54,--,66,49764,卖盘
1249,13:39:36,7.54,-0.01,1022,770588,卖盘
1250,13:39:33,7.55,-0.01,1,755,卖盘
1251,13:39:30,7.56,0.01,100,75600,买盘
1252,13:39:27,7.55,--,256,193280,卖盘
1253,13:39:24,7.55,--,15,11325,卖盘
1254,13:39:21,7.55,-0.01,3,2265,卖盘
1255,13:39:15,7.56,--,58,43848,买盘
1256,13:39:12,7.56,0.01,6,4536,买盘
1257,13:39:09,7.55,--,10,7550,卖盘
1258,13:39:06,7.55,-0.01,443,334465,卖盘
1259,13:39:03,7.56,0.01,45,34020,买盘
1260,13:38:54,7.55,--,10,7550,卖盘
1261,13:38:51,7.55,--,81,61155,卖盘
1262,13:38:42,7.55,--,5,3775,卖盘
1263,13:38:39,7.55,-0.01,8,6040,卖盘
1264,13:38:33,7.56,0.01,34,25704,买盘
1265,13:38:30,7.55,--,30,22650,卖盘
1266,13:38:27,7.55,-0.01,25,18875,卖盘
1267,13:38:24,7.56,0.01,1,756,买盘
1268,13:38:21,7.55,--,19,14345,卖盘
1269,13:38:18,7.55,--,16,12080,卖盘
1270,13:38:15,7.55,--,124,93620,卖盘
1271,13:38:12,7.55,--,211,159305,卖盘
1272,13:38:09,7.55,0.01,32,24160,买盘
1273,13:38:06,7.54,-0.01,7,5278,卖盘
1274,13:38:03,7.55,--,6,4530,买盘
1275,13:38:00,7.55,--,110,83050,买盘
1276,13:37:57,7.55,--,36,27180,买盘
1277,13:37:54,7.55,0.01,50,37750,买盘
1278,13:37:51,7.54,--,105,79170,卖盘
1279,13:37:48,7.54,-0.01,18,13572,卖盘
1280,13:37:45,7.55,--,16,12080,买盘
1281,13:37:42,7.55,-0.01,38,28690,卖盘
1282,13:37:36,7.56,0.01,15,11340,买盘
1283,13:37:33,7.55,0.01,36,27180,买盘
1284,13:37:27,7.54,--,23,17342,卖盘
1285,13:37:21,7.54,--,3,2262,卖盘
1286,13:37:18,7.54,-0.01,4,3016,卖盘
1287,13:37:15,7.55,--,15,11325,买盘
1288,13:37:12,7.55,--,45,33975,买盘
1289,13:37:06,7.55,--,9,6795,买盘
1290,13:37:03,7.55,-0.01,2,1510,买盘
1291,13:37:00,7.56,0.02,100,75600,买盘
1292,13:36:57,7.54,-0.01,12,9048,卖盘
1293,13:36:51,7.55,--,177,133635,卖盘
1294,13:36:45,7.55,-0.01,14,10570,卖盘
1295,13:36:42,7.56,--,1,756,买盘
1296,13:36:39,7.56,0.02,46,34776,买盘
1297,13:36:36,7.54,-0.01,1000,754000,卖盘
1298,13:36:33,7.55,-0.01,37,27935,卖盘
1299,13:36:30,7.56,0.01,8,6048,买盘
1300,13:36:27,7.55,--,44,33220,卖盘
1301,13:36:24,7.55,--,51,38505,卖盘
1302,13:36:21,7.55,--,4,3020,卖盘
1303,13:36:18,7.55,--,31,23405,卖盘
1304,13:36:15,7.55,--,52,39260,卖盘
1305,13:36:12,7.55,--,20,15100,卖盘
1306,13:36:09,7.55,0.01,1014,765570,买盘
1307,13:36:06,7.54,-0.01,17,12818,卖盘
1308,13:36:03,7.55,0.01,1,755,买盘
1309,13:36:00,7.54,-0.02,63,47502,卖盘
1310,13:35:51,7.56,0.01,482,364392,买盘
1311,13:35:48,7.55,-0.01,1079,815301,卖盘
1312,13:35:42,7.56,0.01,43,32508,买盘
1313,13:35:39,7.55,--,1100,830500,卖盘
1314,13:35:30,7.55,-0.01,1000,755000,卖盘
1315,13:35:27,7.56,0.01,141,106596,买盘
1316,13:35:24,7.55,-0.01,52,39260,卖盘
1317,13:35:18,7.56,--,5,3780,卖盘
1318,13:35:12,7.56,0.01,128,96768,买盘
1319,13:35:09,7.55,--,15,11325,卖盘
1320,13:35:06,7.55,-0.01,2,1510,卖盘
1321,13:35:03,7.56,--,6,4536,买盘
1322,13:35:00,7.56,--,8,6048,买盘
1323,13:34:57,7.56,--,103,77868,买盘
1324,13:34:54,7.56,0.01,19,14364,买盘
1325,13:34:51,7.55,--,64,48320,卖盘
1326,13:34:48,7.55,-0.01,104,78520,卖盘
1327,13:34:42,7.56,--,7,5292,卖盘
1328,13:34:39,7.56,--,43,32508,买盘
1329,13:34:36,7.56,0.01,74,55944,买盘
1330,13:34:33,7.55,-0.01,44,33220,卖盘
1331,13:34:24,7.56,--,1,756,买盘
1332,13:34:21,7.56,-0.01,72,54432,卖盘
1333,13:34:18,7.57,0.01,7,5299,买盘
1334,13:34:15,7.56,-0.01,104,78624,卖盘
1335,13:34:12,7.57,--,63,47691,买盘
1336,13:34:09,7.57,0.01,130,98410,买盘
1337,13:34:06,7.56,-0.01,32,24192,卖盘
1338,13:34:03,7.57,0.01,2,1514,买盘
1339,13:34:00,7.56,--,15,11340,卖盘
1340,13:33:57,7.56,--,18,13608,卖盘
1341,13:33:51,7.56,--,66,49896,卖盘
1342,13:33:48,7.56,--,79,59724,卖盘
1343,13:33:45,7.56,-0.01,60,45360,卖盘
1344,13:33:42,7.57,--,27,20439,买盘
1345,13:33:39,7.57,0.01,301,227857,买盘
1346,13:33:33,7.56,-0.01,31,23436,卖盘
1347,13:33:30,7.57,--,10,7570,买盘
1348,13:33:27,7.57,--,21,15897,买盘
1349,13:33:24,7.57,0.01,24,18168,买盘
1350,13:33:21,7.56,-0.01,4,3024,卖盘
1351,13:33:18,7.57,0.01,1,757,买盘
1352,13:33:12,7.56,-0.01,212,160272,卖盘
1353,13:33:09,7.57,0.01,43,32551,买盘
1354,13:33:06,7.56,--,31,23436,卖盘
1355,13:33:03,7.56,--,18,13608,卖盘
1356,13:33:00,7.56,-0.01,3,2268,卖盘
1357,13:32:54,7.57,--,41,31037,买盘
1358,13:32:51,7.57,0.01,72,54504,买盘
1359,13:32:48,7.56,-0.01,31,23436,卖盘
1360,13:32:45,7.57,--,63,47691,买盘
1361,13:32:42,7.57,--,1,757,买盘
1362,13:32:39,7.57,0.01,1,757,买盘
1363,13:32:33,7.56,-0.01,1,756,卖盘
1364,13:32:30,7.57,0.01,22,16654,买盘
1365,13:32:27,7.56,-0.01,48,36288,卖盘
1366,13:32:24,7.57,--,51,38607,买盘
1367,13:32:18,7.57,0.01,33,24981,买盘
1368,13:32:15,7.56,--,40,30240,卖盘
1369,13:32:09,7.56,-0.01,78,58968,卖盘
1370,13:32:06,7.57,0.01,31,23467,买盘
1371,13:32:03,7.56,--,21,15876,卖盘
1372,13:31:57,7.56,--,37,27972,卖盘
1373,13:31:54,7.56,--,3,2268,卖盘
1374,13:31:51,7.56,--,63,47628,卖盘
1375,13:31:48,7.56,--,22,16632,买盘
1376,13:31:45,7.56,--,56,42336,买盘
1377,13:31:42,7.56,--,122,92232,买盘
1378,13:31:39,7.56,--,41,30996,买盘
1379,13:31:36,7.56,--,10,7560,买盘
1380,13:31:33,7.56,0.01,302,228312,买盘
1381,13:31:30,7.55,-0.01,4,3020,卖盘
1382,13:31:24,7.56,--,16,12096,买盘
1383,13:31:21,7.56,--,132,99792,买盘
1384,13:31:18,7.56,--,245,185220,卖盘
1385,13:31:12,7.56,--,81,61236,买盘
1386,13:31:09,7.56,--,47,35532,卖盘
1387,13:31:06,7.56,--,1,756,卖盘
1388,13:31:03,7.56,0.01,57,43092,买盘
1389,13:31:00,7.55,-0.01,10,7550,卖盘
1390,13:30:57,7.56,--,10,7560,买盘
1391,13:30:51,7.56,--,42,31752,卖盘
1392,13:30:48,7.56,--,58,43848,买盘
1393,13:30:45,7.56,--,37,27972,买盘
1394,13:30:42,7.56,0.01,34,25704,买盘
1395,13:30:39,7.55,-0.01,31,23405,卖盘
1396,13:30:36,7.56,0.01,100,75600,买盘
1397,13:30:33,7.55,-0.02,4,3020,卖盘
1398,13:30:24,7.57,0.01,104,78728,买盘
1399,13:30:21,7.56,--,400,302400,买盘
1400,13:30:12,7.56,--,108,81648,卖盘
1401,13:30:09,7.56,--,14,10584,卖盘
1402,13:30:06,7.56,-0.01,2,1512,卖盘
1403,13:30:03,7.57,0.01,2,1514,买盘
1404,13:30:00,7.56,0.01,75,56700,买盘
1405,13:29:57,7.55,--,24,18120,卖盘
1406,13:29:51,7.55,-0.01,65,49075,卖盘
1407,13:29:42,7.56,0.01,16,12096,买盘
1408,13:29:39,7.55,-0.01,41,30955,卖盘
1409,13:29:36,7.56,0.01,28,21168,买盘
1410,13:29:30,7.55,--,104,78520,卖盘
1411,13:29:21,7.55,--,7,5473,卖盘
1412,13:29:15,7.55,-0.02,6,4530,卖盘
1413,13:29:06,7.57,0.01,74,56018,买盘
1414,13:29:03,7.56,0.01,694,525329,买盘
1415,13:29:00,7.55,-0.01,5,3775,卖盘
1416,13:28:54,7.56,0.01,41,30996,买盘
1417,13:28:51,7.55,--,93,70215,卖盘
1418,13:28:48,7.55,-0.01,486,366930,卖盘
1419,13:28:45,7.56,--,90,68040,买盘
1420,13:28:42,7.56,--,135,102060,买盘
1421,13:28:39,7.56,--,22,16722,卖盘
1422,13:28:36,7.56,--,9,6804,卖盘
1423,13:28:33,7.56,--,201,151956,卖盘
1424,13:28:30,7.56,--,11,8316,卖盘
1425,13:28:27,7.56,-0.01,45,34020,卖盘
1426,13:28:24,7.57,0.01,1,757,买盘
1427,13:28:21,7.56,--,47,35532,卖盘
1428,13:28:18,7.56,--,1,756,卖盘
1429,13:28:15,7.56,--,120,90720,卖盘
1430,13:28:12,7.56,--,1,756,卖盘
1431,13:28:09,7.56,--,10,7560,卖盘
1432,13:28:06,7.56,--,233,176148,卖盘
1433,13:28:03,7.56,--,42,31752,卖盘
1434,13:28:00,7.56,--,17,12852,卖盘
1435,13:27:57,7.56,--,128,96768,卖盘
1436,13:27:51,7.56,--,63,47839,卖盘
1437,13:27:48,7.56,-0.01,0,597,卖盘
1438,13:27:45,7.57,--,182,137774,买盘
1439,13:27:42,7.57,--,1,757,买盘
1440,13:27:39,7.57,0.01,10,7570,买盘
1441,13:27:36,7.56,--,63,47628,卖盘
1442,13:27:33,7.56,-0.01,41,30996,卖盘
1443,13:27:30,7.57,--,9,6813,买盘
1444,13:27:27,7.57,0.01,70,52990,买盘
1445,13:27:24,7.56,-0.01,108,81648,卖盘
1446,13:27:18,7.57,0.01,35,26495,买盘
1447,13:27:15,7.56,--,8,6048,卖盘
1448,13:27:09,7.56,-0.01,487,368172,卖盘
1449,13:27:06,7.57,0.01,30,22710,买盘
1450,13:27:03,7.56,--,34,25704,卖盘
1451,13:27:00,7.56,--,1,756,卖盘
1452,13:26:57,7.56,--,38,28728,卖盘
1453,13:26:54,7.56,--,24,18144,卖盘
1454,13:26:51,7.56,-0.01,1,756,卖盘
1455,13:26:48,7.57,--,31,23467,买盘
1456,13:26:45,7.57,0.01,171,129447,买盘
1457,13:26:33,7.56,-0.01,55,41580,卖盘
1458,13:26:24,7.57,0.01,9,6813,买盘
1459,13:26:21,7.56,--,220,166320,卖盘
1460,13:26:18,7.56,--,12,9072,卖盘
1461,13:26:15,7.56,-0.01,30,22680,卖盘
1462,13:26:12,7.57,0.01,41,31037,买盘
1463,13:26:06,7.56,--,12,9072,卖盘
1464,13:26:03,7.56,--,27,20412,卖盘
1465,13:26:00,7.56,--,52,39312,卖盘
1466,13:25:57,7.56,--,43,32508,卖盘
1467,13:25:54,7.56,--,15,11340,卖盘
1468,13:25:51,7.56,--,51,38556,卖盘
1469,13:25:45,7.56,-0.01,11,8316,卖盘
1470,13:25:42,7.57,0.01,10,7570,买盘
1471,13:25:39,7.56,--,12,9072,卖盘
1472,13:25:36,7.56,--,26,19656,卖盘
1473,13:25:33,7.56,--,38,28728,卖盘
1474,13:25:27,7.56,--,4,3024,卖盘
1475,13:25:24,7.56,--,26,19656,卖盘
1476,13:25:18,7.56,--,18,13608,卖盘
1477,13:25:15,7.56,--,47,35532,卖盘
1478,13:25:12,7.56,--,17,12852,卖盘
1479,13:25:09,7.56,--,1,756,卖盘
1480,13:25:06,7.56,--,163,123228,卖盘
1481,13:25:03,7.56,--,26,19656,卖盘
1482,13:25:00,7.56,-0.01,36,27216,卖盘
1483,13:24:57,7.57,0.01,26,19682,买盘
1484,13:24:51,7.56,--,13,9828,卖盘
1485,13:24:45,7.56,-0.01,14,10584,卖盘
1486,13:24:42,7.57,0.01,76,57532,买盘
1487,13:24:39,7.56,-0.01,78,58968,卖盘
1488,13:24:36,7.57,0.01,159,120363,买盘
1489,13:24:33,7.56,-0.01,239,180684,卖盘
1490,13:24:27,7.57,0.01,2,1514,买盘
1491,13:24:24,7.56,-0.01,3,2268,卖盘
1492,13:24:21,7.57,--,67,50719,买盘
1493,13:24:18,7.57,--,65,49205,买盘
1494,13:24:15,7.57,0.01,839,635123,买盘
1495,13:24:12,7.56,--,51,38556,卖盘
1496,13:24:06,7.56,--,32,24192,卖盘
1497,13:24:03,7.56,--,25,18900,卖盘
1498,13:24:00,7.56,-0.01,8,6048,卖盘
1499,13:23:57,7.57,--,705,533685,买盘
1500,13:23:54,7.57,0.01,218,165026,买盘
1501,13:23:51,7.56,-0.01,11,8316,卖盘
1502,13:23:45,7.57,--,64,48448,买盘
1503,13:23:42,7.57,--,15,11355,买盘
1504,13:23:36,7.57,--,142,107494,买盘
1505,13:23:33,7.57,--,41,31037,买盘
1506,13:23:30,7.57,0.01,213,161241,买盘
1507,13:23:24,7.56,--,315,238140,卖盘
1508,13:23:21,7.56,-0.02,210,158760,卖盘
1509,13:23:15,7.58,0.01,1,758,买盘
1510,13:23:12,7.57,0.01,43,32747,买盘
1511,13:23:06,7.56,-0.01,60,45919,卖盘
1512,13:23:03,7.57,0.01,200,151596,买盘
1513,13:23:00,7.56,-0.01,91,68796,卖盘
1514,13:22:54,7.57,--,205,155185,买盘
1515,13:22:51,7.57,0.01,9,6813,买盘
1516,13:22:48,7.56,--,49,37044,卖盘
1517,13:22:45,7.56,--,189,142884,卖盘
1518,13:22:42,7.56,--,2,1512,卖盘
1519,13:22:39,7.56,--,530,400680,卖盘
1520,13:22:36,7.56,--,196,148176,卖盘
1521,13:22:33,7.56,-0.01,27,20412,卖盘
1522,13:22:30,7.57,--,9,6813,买盘
1523,13:22:27,7.57,--,51,38607,买盘
1524,13:22:24,7.57,--,101,76457,买盘
1525,13:22:21,7.57,0.01,25,18925,买盘
1526,13:22:18,7.56,-0.01,7,5292,卖盘
1527,13:22:09,7.57,0.01,101,76457,买盘
1528,13:22:06,7.56,--,114,86184,卖盘
1529,13:22:03,7.56,-0.01,78,58968,卖盘
1530,13:22:00,7.57,0.01,78,59046,买盘
1531,13:21:57,7.56,-0.01,157,119251,卖盘
1532,13:21:51,7.57,--,64,48644,买盘
1533,13:21:48,7.57,--,14,11158,卖盘
1534,13:21:45,7.57,--,96,72868,买盘
1535,13:21:42,7.57,--,1,757,买盘
1536,13:21:36,7.57,0.01,20,15140,买盘
1537,13:21:33,7.56,-0.01,56,42336,卖盘
1538,13:21:30,7.57,--,101,76457,买盘
1539,13:21:27,7.57,--,40,30280,买盘
1540,13:21:24,7.57,--,300,227100,买盘
1541,13:21:21,7.57,--,72,54504,买盘
1542,13:21:18,7.57,0.01,26,19682,买盘
1543,13:21:09,7.56,--,6,4536,卖盘
1544,13:21:06,7.56,--,2,1512,卖盘
1545,13:21:03,7.56,-0.01,64,48384,卖盘
1546,13:21:00,7.57,--,51,38607,买盘
1547,13:20:57,7.57,--,15,11355,买盘
1548,13:20:51,7.57,--,17,12869,买盘
1549,13:20:48,7.57,0.01,85,64345,买盘
1550,13:20:45,7.56,-0.01,4,3024,卖盘
1551,13:20:42,7.57,--,29,22286,卖盘
1552,13:20:39,7.57,--,2,1937,卖盘
1553,13:20:36,7.57,0.01,1525,1154425,买盘
1554,13:20:33,7.56,--,26,19656,卖盘
1555,13:20:30,7.56,-0.01,1,756,卖盘
1556,13:20:27,7.57,--,49,37093,买盘
1557,13:20:24,7.57,--,101,76457,买盘
1558,13:20:21,7.57,--,62,46934,买盘
1559,13:20:18,7.57,0.01,18,13626,买盘
1560,13:20:06,7.56,--,2,1512,卖盘
1561,13:20:03,7.56,--,1073,811188,卖盘
1562,13:20:00,7.56,--,2,1512,卖盘
1563,13:19:57,7.56,-0.01,12,9072,卖盘
1564,13:19:51,7.57,--,83,62831,买盘
1565,13:19:42,7.57,--,133,100681,卖盘
1566,13:19:39,7.57,--,11,8327,卖盘
1567,13:19:36,7.57,--,106,80242,卖盘
1568,13:19:33,7.57,--,61,46177,卖盘
1569,13:19:30,7.57,--,16,12112,卖盘
1570,13:19:24,7.57,--,16,12112,买盘
1571,13:19:21,7.57,--,109,82513,买盘
1572,13:19:18,7.57,--,641,485237,买盘
1573,13:19:15,7.57,--,10,7570,买盘
1574,13:19:12,7.57,--,7,5299,买盘
1575,13:19:09,7.57,0.01,28,21196,买盘
1576,13:19:06,7.56,--,11,8316,卖盘
1577,13:19:03,7.56,--,34,25704,卖盘
1578,13:19:00,7.56,-0.01,201,151956,卖盘
1579,13:18:57,7.57,--,1,757,买盘
1580,13:18:54,7.57,--,139,105223,卖盘
1581,13:18:48,7.57,-0.01,28,21196,卖盘
1582,13:18:45,7.58,0.01,12,9096,买盘
1583,13:18:42,7.57,--,40,30280,卖盘
1584,13:18:36,7.57,--,13,9841,卖盘
1585,13:18:33,7.57,--,26,19682,卖盘
1586,13:18:30,7.57,-0.01,28,21196,卖盘
1587,13:18:27,7.58,0.01,43,32594,买盘
1588,13:18:24,7.57,--,28,21196,卖盘
1589,13:18:21,7.57,--,2358,1785006,买盘
1590,13:18:18,7.57,--,74,56018,买盘
1591,13:18:12,7.57,--,16,12112,买盘
1592,13:18:09,7.57,0.01,39,29523,买盘
1593,13:18:06,7.56,--,3,2268,卖盘
1594,13:18:03,7.56,--,31,23436,卖盘
1595,13:18:00,7.56,-0.01,267,201852,卖盘
1596,13:17:57,7.57,--,5,3785,买盘
1597,13:17:51,7.57,--,77,58289,买盘
1598,13:17:48,7.57,--,50,37850,买盘
1599,13:17:45,7.57,-0.01,1,757,买盘
1600,13:17:42,7.58,0.01,34,25772,买盘
1601,13:17:39,7.57,--,55,41635,买盘
1602,13:17:36,7.57,0.01,45,34065,买盘
1603,13:17:33,7.56,--,78,58968,卖盘
1604,13:17:30,7.56,-0.01,1,756,卖盘
1605,13:17:27,7.57,-0.01,427,323965,卖盘
1606,13:17:24,7.58,--,116,87928,买盘
1607,13:17:21,7.58,--,16,12128,买盘
1608,13:17:18,7.58,--,117,88686,买盘
1609,13:17:15,7.58,0.01,16,12128,买盘
1610,13:17:12,7.57,--,0,30,卖盘
1611,13:17:09,7.57,--,7,5299,卖盘
1612,13:17:06,7.57,-0.01,360,272520,卖盘
1613,13:17:03,7.58,0.01,6,4548,买盘
1614,13:17:00,7.57,--,101,76457,卖盘
1615,13:16:57,7.57,--,6,4542,卖盘
1616,13:16:54,7.57,-0.01,42,31794,卖盘
1617,13:16:51,7.58,0.01,37,28046,买盘
1618,13:16:45,7.57,-0.01,4,3028,卖盘
1619,13:16:42,7.58,--,1,758,买盘
1620,13:16:39,7.58,0.01,42,31836,买盘
1621,13:16:36,7.57,--,21,15897,卖盘
1622,13:16:33,7.57,--,4710,3565470,买盘
1623,13:16:27,7.57,0.01,12,9084,买盘
1624,13:16:24,7.56,--,2,1512,卖盘
1625,13:16:18,7.56,-0.01,25,18900,卖盘
1626,13:16:15,7.57,0.01,154,116578,买盘
1627,13:16:12,7.56,--,26,19656,卖盘
1628,13:16:09,7.56,--,1,756,卖盘
1629,13:16:06,7.56,0.01,858,649063,买盘
1630,13:16:00,7.55,--,1,755,卖盘
1631,13:15:57,7.55,-0.01,2,1510,卖盘
1632,13:15:51,7.56,--,1000,756000,买盘
1633,13:15:45,7.56,--,41,30996,买盘
1634,13:15:42,7.56,--,19,14364,买盘
1635,13:15:39,7.56,--,14,10584,买盘
1636,13:15:36,7.56,0.01,163,123228,买盘
1637,13:15:30,7.55,--,81,61155,卖盘
1638,13:15:27,7.55,-0.01,28,21140,卖盘
1639,13:15:24,7.56,0.01,1,756,买盘
1640,13:15:21,7.55,--,1,755,卖盘
1641,13:15:18,7.55,-0.01,10,7550,卖盘
1642,13:15:12,7.56,--,20,15120,买盘
1643,13:15:03,7.56,0.01,2,1512,买盘
1644,13:15:00,7.55,--,1,755,卖盘
1645,13:14:57,7.55,--,18,13590,卖盘
1646,13:14:54,7.55,-0.01,104,78520,卖盘
1647,13:14:51,7.56,0.01,3,2268,买盘
1648,13:14:48,7.55,-0.01,43,32465,卖盘
1649,13:14:45,7.56,--,51,38556,买盘
1650,13:14:36,7.56,0.01,11,8316,买盘
1651,13:14:33,7.55,--,1,755,卖盘
1652,13:14:30,7.55,-0.01,460,347300,卖盘
1653,13:14:27,7.56,--,4,3024,买盘
1654,13:14:24,7.56,0.01,14,10584,买盘
1655,13:14:21,7.55,-0.01,168,126840,卖盘
1656,13:14:18,7.56,--,1,756,买盘
1657,13:14:15,7.56,-0.01,1647,1245691,卖盘
1658,13:14:12,7.57,--,58,43906,买盘
1659,13:14:09,7.57,--,2730,2066610,买盘
1660,13:14:03,7.57,--,135,102195,买盘
1661,13:14:00,7.57,--,81,61317,买盘
1662,13:13:57,7.57,0.01,14,10598,买盘
1663,13:13:51,7.56,-0.01,20,15120,卖盘
1664,13:13:45,7.57,--,214,161998,买盘
1665,13:13:42,7.57,0.01,1,757,买盘
1666,13:13:39,7.56,-0.01,90,68040,卖盘
1667,13:13:36,7.57,--,40,30280,买盘
1668,13:13:33,7.57,--,1084,820588,买盘
1669,13:13:27,7.57,--,161,121877,买盘
1670,13:13:24,7.57,--,10,7570,买盘
1671,13:13:21,7.57,--,29,21953,买盘
1672,13:13:18,7.57,--,115,87055,买盘
1673,13:13:15,7.57,0.01,2,1514,买盘
1674,13:13:12,7.56,--,7,5488,卖盘
1675,13:13:06,7.56,-0.01,2,1512,卖盘
1676,13:13:03,7.57,0.01,65,49205,买盘
1677,13:13:00,7.56,-0.01,1,756,卖盘
1678,13:12:51,7.57,--,50,37971,买盘
1679,13:12:42,7.57,0.01,1,757,买盘
1680,13:12:36,7.56,--,12,9072,卖盘
1681,13:12:33,7.56,-0.01,1,756,卖盘
1682,13:12:30,7.57,--,63,47691,买盘
1683,13:12:27,7.57,--,27,20439,买盘
1684,13:12:24,7.57,--,15,11355,买盘
1685,13:12:18,7.57,--,17,12869,买盘
1686,13:12:09,7.57,--,146,110522,买盘
1687,13:12:06,7.57,0.01,106,80242,买盘
1688,13:12:03,7.56,-0.01,10,7560,卖盘
1689,13:12:00,7.57,--,718,543526,买盘
1690,13:11:57,7.57,0.01,71,53747,买盘
1691,13:11:51,7.56,-0.01,25,18900,卖盘
1692,13:11:48,7.57,0.01,1,757,买盘
1693,13:11:45,7.56,--,3599,2721297,买盘
1694,13:11:42,7.56,0.01,1,756,买盘
1695,13:11:39,7.55,-0.01,6,4530,卖盘
1696,13:11:36,7.56,0.01,328,247968,买盘
1697,13:11:33,7.55,--,17,12835,卖盘
1698,13:11:30,7.55,--,74,55870,卖盘
1699,13:11:27,7.55,--,1,755,卖盘
1700,13:11:24,7.55,--,8,6040,卖盘
1701,13:11:21,7.55,-0.01,10,7550,卖盘
1702,13:11:18,7.56,0.01,1,756,买盘
1703,13:11:12,7.55,--,25,18875,卖盘
1704,13:11:06,7.55,-0.01,1,755,卖盘
1705,13:11:03,7.56,0.01,1,756,买盘
1706,13:11:00,7.55,--,1,755,卖盘
1707,13:10:51,7.55,-0.01,100,75500,卖盘
1708,13:10:48,7.56,--,3776,2854656,买盘
1709,13:10:45,7.56,0.01,41,30996,买盘
1710,13:10:42,7.55,--,57,43035,卖盘
1711,13:10:36,7.55,--,85,64175,卖盘
1712,13:10:33,7.55,--,1,755,卖盘
1713,13:10:27,7.55,--,26,19630,卖盘
1714,13:10:24,7.55,--,52,39260,卖盘
1715,13:10:18,7.55,-0.01,1,755,卖盘
1716,13:10:03,7.56,0.01,22,16632,买盘
1717,13:10:00,7.55,--,1,755,卖盘
1718,13:09:57,7.55,--,56,42280,买盘
1719,13:09:54,7.55,--,10,7550,买盘
1720,13:09:51,7.55,--,10,7550,买盘
1721,13:09:48,7.55,--,437,329935,卖盘
1722,13:09:45,7.55,-0.01,27,20385,卖盘
1723,13:09:42,7.56,0.01,12,9072,买盘
1724,13:09:39,7.55,0.01,106,80030,买盘
1725,13:09:36,7.54,-0.01,16,12064,卖盘
1726,13:09:33,7.55,--,6,4530,买盘
1727,13:09:30,7.55,--,99,74745,买盘
1728,13:09:24,7.55,0.01,41,30955,买盘
1729,13:09:21,7.54,--,3,2262,卖盘
1730,13:09:18,7.54,-0.01,12,9048,卖盘
1731,13:09:15,7.55,-0.01,31,23405,卖盘
1732,13:09:12,7.56,0.02,1,756,买盘
1733,13:09:09,7.54,--,2,1508,卖盘
1734,13:09:06,7.54,-0.01,8,6032,卖盘
1735,13:09:03,7.55,0.01,1,755,中性盘
1736,13:09:00,7.54,-0.02,6,4524,卖盘
1737,13:08:57,7.56,0.02,3181,2404836,买盘
1738,13:08:54,7.54,-0.01,35,26390,卖盘
1739,13:08:51,7.55,0.01,1,755,买盘
1740,13:08:45,7.54,--,2,1508,卖盘
1741,13:08:42,7.54,--,9,6786,卖盘
1742,13:08:39,7.54,-0.01,11,8294,卖盘
1743,13:08:36,7.55,0.01,7,5285,买盘
1744,13:08:33,7.54,-0.01,1,754,卖盘
1745,13:08:30,7.55,--,30,22650,买盘
1746,13:08:24,7.55,--,107,80785,买盘
1747,13:08:15,7.55,0.01,7,5285,买盘
1748,13:08:12,7.54,-0.01,6,4524,卖盘
1749,13:08:03,7.55,0.01,98,73990,买盘
1750,13:08:00,7.54,--,1,754,卖盘
1751,13:07:54,7.54,--,830,625820,卖盘
1752,13:07:48,7.54,--,42,31668,卖盘
1753,13:07:45,7.54,-0.01,7,5278,卖盘
1754,13:07:42,7.55,0.01,1,755,买盘
1755,13:07:33,7.54,--,8,6032,卖盘
1756,13:07:30,7.54,--,480,362523,买盘
1757,13:07:27,7.54,0.01,179,134966,买盘
1758,13:07:24,7.53,-0.01,2,1506,卖盘
1759,13:07:18,7.54,0.01,9,6786,买盘
1760,13:07:12,7.53,-0.01,32,24096,卖盘
1761,13:07:06,7.54,0.01,781,588874,买盘
1762,13:07:03,7.53,--,6,4518,卖盘
1763,13:07:00,7.53,--,1,753,卖盘
1764,13:06:57,7.53,--,1,753,卖盘
1765,13:06:51,7.53,-0.01,8,6024,卖盘
1766,13:06:48,7.54,0.01,43,32422,买盘
1767,13:06:45,7.53,-0.01,8,6024,卖盘
1768,13:06:33,7.54,--,142,107068,卖盘
1769,13:06:27,7.54,--,27,20358,卖盘
1770,13:06:24,7.54,--,5,3770,卖盘
1771,13:06:21,7.54,--,3,2262,卖盘
1772,13:06:18,7.54,-0.01,7,5278,卖盘
1773,13:06:15,7.55,--,386,291430,买盘
1774,13:06:12,7.55,0.01,9,6795,买盘
1775,13:06:09,7.54,--,3,2262,买盘
1776,13:06:06,7.54,--,53,39962,买盘
1777,13:06:03,7.54,--,9,6786,买盘
1778,13:06:00,7.54,0.01,13,9802,买盘
1779,13:05:57,7.53,-0.01,76,57228,卖盘
1780,13:05:54,7.54,--,100,75400,买盘
1781,13:05:48,7.54,--,119,89726,买盘
1782,13:05:45,7.54,--,11,8294,买盘
1783,13:05:42,7.54,--,11,8294,买盘
1784,13:05:39,7.54,--,42,31668,买盘
1785,13:05:36,7.54,--,76,57304,卖盘
1786,13:05:33,7.54,--,1,754,卖盘
1787,13:05:30,7.54,--,53,39962,卖盘
1788,13:05:24,7.54,--,1,754,卖盘
1789,13:05:21,7.54,0.01,262,197548,买盘
1790,13:05:18,7.53,-0.01,36,27108,卖盘
1791,13:05:15,7.54,0.01,42,31668,买盘
1792,13:05:12,7.53,-0.01,31,23343,卖盘
1793,13:05:06,7.54,--,60,45240,买盘
1794,13:05:03,7.54,0.01,11,8294,买盘
1795,13:05:00,7.53,-0.01,101,76053,卖盘
1796,13:04:57,7.54,--,86,64844,买盘
1797,13:04:48,7.54,--,71,53534,买盘
1798,13:04:42,7.54,--,92,69368,卖盘
1799,13:04:39,7.54,--,28,21112,卖盘
1800,13:04:36,7.54,--,16,12064,卖盘
1801,13:04:33,7.54,--,1,754,卖盘
1802,13:04:27,7.54,--,50,37700,卖盘
1803,13:04:24,7.54,0.01,2,1508,中性盘
1804,13:04:15,7.53,-0.02,54,40662,卖盘
1805,13:04:09,7.55,--,154,116270,买盘
1806,13:04:06,7.55,0.01,93,70215,买盘
1807,13:04:03,7.54,--,1,754,卖盘
1808,13:04:00,7.54,--,1,754,卖盘
1809,13:03:48,7.54,-0.01,30,22620,卖盘
1810,13:03:45,7.55,0.01,25,18875,买盘
1811,13:03:42,7.54,--,19,14326,买盘
1812,13:03:36,7.54,--,700,527800,买盘
1813,13:03:33,7.54,--,17,12818,买盘
1814,13:03:30,7.54,0.01,5,3770,买盘
1815,13:03:24,7.53,-0.01,6,4518,卖盘
1816,13:03:21,7.54,0.01,2,1508,买盘
1817,13:03:18,7.53,-0.01,6,4518,卖盘
1818,13:03:15,7.54,0.01,7,5278,买盘
1819,13:03:12,7.53,--,3,2259,卖盘
1820,13:03:09,7.53,-0.01,39,29367,卖盘
1821,13:03:06,7.54,--,103,77662,卖盘
1822,13:03:03,7.54,--,17,12818,卖盘
1823,13:03:00,7.54,--,1,754,卖盘
1824,13:02:57,7.54,0.01,73,55042,买盘
1825,13:02:54,7.53,--,25,18825,卖盘
1826,13:02:51,7.53,-0.01,1,753,卖盘
1827,13:02:48,7.54,--,10,7540,买盘
1828,13:02:45,7.54,0.01,7,5278,中性盘
1829,13:02:39,7.53,-0.01,71,53463,卖盘
1830,13:02:36,7.54,-0.01,9,6786,卖盘
1831,13:02:33,7.55,0.01,11,8305,买盘
1832,13:02:30,7.54,--,28,21112,卖盘
1833,13:02:27,7.54,0.01,2,1508,卖盘
1834,13:02:24,7.53,-0.02,2,1506,卖盘
1835,13:02:15,7.55,0.02,7,5285,买盘
1836,13:02:09,7.53,--,37,27861,卖盘
1837,13:02:06,7.53,-0.02,81,60993,卖盘
1838,13:02:03,7.55,0.01,68,51340,买盘
1839,13:02:00,7.54,0.01,465,350610,买盘
1840,13:01:54,7.53,-0.01,9,6777,卖盘
1841,13:01:45,7.54,--,1,754,买盘
1842,13:01:42,7.54,--,22,16588,卖盘
1843,13:01:39,7.54,--,16,12064,买盘
1844,13:01:33,7.54,--,200,150800,买盘
1845,13:01:15,7.54,--,7,5278,买盘
1846,13:01:12,7.54,-0.01,125,94250,卖盘
1847,13:01:09,7.55,0.01,22,16610,买盘
1848,13:01:06,7.54,-0.01,48,36192,卖盘
1849,13:01:03,7.55,0.01,45,33975,买盘
1850,13:01:00,7.54,-0.01,1,754,卖盘
1851,13:00:45,7.55,0.01,1,755,买盘
1852,13:00:42,7.54,--,110,82940,卖盘
1853,13:00:33,7.54,--,1,754,卖盘
1854,13:00:30,7.54,--,29,21866,买盘
1855,13:00:27,7.54,--,2,1508,买盘
1856,13:00:24,7.54,0.01,32,24128,买盘
1857,13:00:21,7.53,-0.01,61,45933,卖盘
1858,13:00:09,7.54,--,50,37700,买盘
1859,13:00:06,7.54,--,347,261638,卖盘
1860,13:00:03,7.54,-0.01,1519,1145326,卖盘
1861,13:00:00,7.55,--,0,0,买盘
1862,11:30:00,7.55,0.02,44,33220,买盘
1863,11:29:57,7.53,--,24,18072,卖盘
1864,11:29:45,7.53,--,5,3765,卖盘
1865,11:29:42,7.53,--,1001,753753,卖盘
1866,11:29:33,7.53,-0.02,1005,756765,卖盘
1867,11:29:30,7.55,--,70,52850,买盘
1868,11:29:21,7.55,0.01,13,9815,买盘
1869,11:29:18,7.54,--,21,15834,卖盘
1870,11:29:15,7.54,--,70,52780,买盘
1871,11:29:09,7.54,0.01,1046,788684,买盘
1872,11:29:06,7.53,-0.01,10,7530,卖盘
1873,11:29:03,7.54,--,189,142506,卖盘
1874,11:29:00,7.54,--,1,754,卖盘
1875,11:28:57,7.54,--,13,9802,买盘
1876,11:28:51,7.54,0.01,38,28652,买盘
1877,11:28:48,7.53,-0.02,1000,753000,卖盘
1878,11:28:45,7.55,--,205,154775,买盘
1879,11:28:42,7.55,0.01,241,181955,买盘
1880,11:28:39,7.54,-0.01,1,754,卖盘
1881,11:28:36,7.55,0.01,2,1510,买盘
1882,11:28:27,7.54,--,1000,754000,卖盘
1883,11:28:24,7.54,--,35,26390,买盘
1884,11:28:21,7.54,0.01,1,754,中性盘
1885,11:28:12,7.53,-0.01,1000,753000,卖盘
1886,11:28:03,7.54,0.01,4,3016,买盘
1887,11:28:00,7.53,-0.02,1000,753000,卖盘
1888,11:27:57,7.55,--,25,18875,买盘
1889,11:27:42,7.55,--,1,755,买盘
1890,11:27:36,7.55,--,66,49830,买盘
1891,11:27:33,7.55,--,112,84560,买盘
1892,11:27:30,7.55,0.01,3,2265,买盘
1893,11:27:09,7.54,--,128,96512,卖盘
1894,11:27:03,7.54,-0.01,58,43732,卖盘
1895,11:27:00,7.55,0.01,52,39260,买盘
1896,11:26:57,7.54,--,62,46748,卖盘
1897,11:26:48,7.54,--,35,26390,卖盘
1898,11:26:45,7.54,--,1,754,卖盘
1899,11:26:42,7.54,0.01,2,1508,中性盘
1900,11:26:36,7.53,-0.02,407,306471,卖盘
1901,11:26:30,7.55,0.01,98,73990,买盘
1902,11:26:27,7.54,-0.01,15,11310,卖盘
1903,11:26:24,7.55,--,42,31710,买盘
1904,11:26:21,7.55,0.01,88,66440,买盘
1905,11:26:18,7.54,--,10,7540,卖盘
1906,11:26:15,7.54,0.01,40,30160,中性盘
1907,11:26:12,7.53,-0.01,600,451800,卖盘
1908,11:26:09,7.54,0.01,27,20358,买盘
1909,11:26:06,7.53,--,7,5271,卖盘
1910,11:26:00,7.53,-0.01,1,753,卖盘
1911,11:25:57,7.54,0.01,13,9802,中性盘
1912,11:25:48,7.53,-0.01,694,522582,卖盘
1913,11:25:45,7.54,-0.01,20,15080,卖盘
1914,11:25:42,7.55,--,1,755,买盘
1915,11:25:36,7.55,0.01,20,15100,买盘
1916,11:25:33,7.54,--,22,16588,卖盘
1917,11:25:24,7.54,-0.01,2,1508,卖盘
1918,11:25:18,7.55,--,5,3775,买盘
1919,11:25:15,7.55,0.02,44,33220,买盘
1920,11:25:12,7.53,-0.02,1000,753000,卖盘
1921,11:25:06,7.55,--,10,7550,买盘
1922,11:25:03,7.55,0.01,25,18875,买盘
1923,11:25:00,7.54,0.01,20,15080,买盘
1924,11:24:54,7.53,-0.01,1000,753000,卖盘
1925,11:24:51,7.54,--,34,25636,买盘
1926,11:24:45,7.54,0.01,10,7540,中性盘
1927,11:24:42,7.53,-0.01,1000,753000,卖盘
1928,11:24:30,7.54,-0.01,25,18850,卖盘
1929,11:24:21,7.55,--,24,18120,买盘
1930,11:24:18,7.55,0.02,16,12080,买盘
1931,11:24:15,7.53,-0.01,1000,753000,卖盘
1932,11:24:09,7.54,-0.01,30,22620,卖盘
1933,11:24:06,7.55,--,42,31710,买盘
1934,11:24:03,7.55,0.01,26,19630,买盘
1935,11:24:00,7.54,--,314,236756,卖盘
1936,11:23:45,7.54,-0.01,235,177190,卖盘
1937,11:23:42,7.55,0.01,1,755,买盘
1938,11:23:33,7.54,-0.01,10,7540,卖盘
1939,11:23:27,7.55,0.01,60,45300,买盘
1940,11:23:24,7.54,-0.01,39,29406,卖盘
1941,11:23:15,7.55,0.01,11,8305,买盘
1942,11:23:09,7.54,--,20,15080,卖盘
1943,11:23:06,7.54,-0.01,24,18096,卖盘
1944,11:23:03,7.55,0.01,44,33220,买盘
1945,11:23:00,7.54,-0.01,1,754,卖盘
1946,11:22:42,7.55,--,1,755,买盘
1947,11:22:39,7.55,0.01,21,15855,买盘
1948,11:22:30,7.54,-0.01,2,1508,卖盘
1949,11:22:27,7.55,--,2,1510,买盘
1950,11:22:21,7.55,--,10,7550,买盘
1951,11:22:12,7.55,--,2,1510,买盘
1952,11:22:03,7.55,0.01,1,755,买盘
1953,11:22:00,7.54,-0.01,1,754,卖盘
1954,11:21:57,7.55,--,43,32465,买盘
1955,11:21:54,7.55,0.01,34,25670,买盘
1956,11:21:45,7.54,--,22,16588,买盘
1957,11:21:42,7.54,--,1,754,买盘
1958,11:21:39,7.54,--,40,30160,买盘
1959,11:21:27,7.54,--,17,12818,买盘
1960,11:21:24,7.54,--,20,15080,买盘
1961,11:21:21,7.54,--,6,4524,买盘
1962,11:21:15,7.54,--,1,754,买盘
1963,11:21:12,7.54,--,33,24882,买盘
1964,11:21:09,7.54,-0.01,20,15080,买盘
1965,11:21:06,7.55,0.02,40,30200,买盘
1966,11:21:03,7.53,-0.01,465,350145,卖盘
1967,11:21:00,7.54,-0.01,1,754,卖盘
1968,11:20:45,7.55,--,63,47565,买盘
1969,11:20:42,7.55,0.01,61,46055,买盘
1970,11:20:36,7.54,-0.01,15,11310,卖盘
1971,11:20:33,7.55,0.01,20,15100,买盘
1972,11:20:30,7.54,--,14,10556,卖盘
1973,11:20:27,7.54,-0.01,9,6786,卖盘
1974,11:20:24,7.55,--,25,18875,买盘
1975,11:20:21,7.55,--,4,3020,买盘
1976,11:20:15,7.55,--,2,1510,买盘
1977,11:20:12,7.55,--,26,19630,买盘
1978,11:20:09,7.55,--,3,2265,买盘
1979,11:20:06,7.55,0.01,2,1510,买盘
1980,11:20:03,7.54,-0.01,2,1508,卖盘
1981,11:20:00,7.55,--,3,2265,买盘
1982,11:19:57,7.55,--,1,755,买盘
1983,11:19:54,7.55,0.01,13,9815,买盘
1984,11:19:51,7.54,--,91,68614,买盘
1985,11:19:48,7.54,0.01,23,17342,买盘
1986,11:19:45,7.53,-0.01,60,45180,卖盘
1987,11:19:42,7.54,--,19,14326,买盘
1988,11:19:39,7.54,--,12,9048,买盘
1989,11:19:36,7.54,--,83,62582,买盘
1990,11:19:33,7.54,--,50,37700,买盘
1991,11:19:30,7.54,--,4,3016,买盘
1992,11:19:27,7.54,--,1,754,买盘
1993,11:19:24,7.54,--,3,2262,买盘
1994,11:19:21,7.54,--,2,1508,买盘
1995,11:19:15,7.54,--,22,16588,买盘
1996,11:19:12,7.54,--,2,1508,买盘
1997,11:19:09,7.54,--,2,1508,买盘
1998,11:19:06,7.54,-0.01,21,15834,卖盘
1999,11:19:03,7.55,--,1,755,买盘
2000,11:19:00,7.55,0.01,2,1510,买盘
2001,11:18:57,7.54,-0.01,2,1508,卖盘
2002,11:18:54,7.55,--,75,56625,买盘
2003,11:18:51,7.55,--,2,1510,买盘
2004,11:18:48,7.55,--,11,8305,买盘
2005,11:18:45,7.55,--,1,755,买盘
2006,11:18:42,7.55,0.01,11,8305,买盘
2007,11:18:39,7.54,--,6,4524,买盘
2008,11:18:36,7.54,--,1,754,买盘
2009,11:18:33,7.54,--,1,754,买盘
2010,11:18:30,7.54,--,9,6786,买盘
2011,11:18:27,7.54,--,43,32422,买盘
2012,11:18:24,7.54,--,236,177944,买盘
2013,11:18:21,7.54,0.01,3,2262,买盘
2014,11:18:18,7.53,-0.01,30,22590,卖盘
2015,11:18:15,7.54,--,2,1508,买盘
2016,11:18:09,7.54,--,84,63336,买盘
2017,11:18:06,7.54,--,2,1508,买盘
2018,11:18:03,7.54,--,52,39208,买盘
2019,11:18:00,7.54,0.01,12,9048,买盘
2020,11:17:57,7.53,--,20,15060,卖盘
2021,11:17:54,7.53,-0.01,501,377253,卖盘
2022,11:17:51,7.54,--,2,1508,买盘
2023,11:17:45,7.54,--,4,3016,买盘
2024,11:17:42,7.54,--,2,1508,买盘
2025,11:17:39,7.54,--,2,1508,买盘
2026,11:17:36,7.54,--,7,5278,买盘
2027,11:17:30,7.54,--,2,1508,买盘
2028,11:17:24,7.54,--,58,43732,买盘
2029,11:17:21,7.54,--,25,18850,买盘
2030,11:17:18,7.54,--,1123,846742,买盘
2031,11:17:15,7.54,--,81,61074,买盘
2032,11:17:12,7.54,--,64,48256,买盘
2033,11:17:09,7.54,--,13,9802,买盘
2034,11:17:06,7.54,--,1004,757016,买盘
2035,11:17:03,7.54,--,2,1508,买盘
2036,11:17:00,7.54,--,3,2262,买盘
2037,11:16:57,7.54,--,1,754,买盘
2038,11:16:54,7.54,--,14,10556,买盘
2039,11:16:51,7.54,0.01,102,76908,买盘
2040,11:16:48,7.53,-0.01,30,22590,卖盘
2041,11:16:45,7.54,--,17,12818,买盘
2042,11:16:42,7.54,--,7,5278,买盘
2043,11:16:39,7.54,0.01,47,35438,买盘
2044,11:16:36,7.53,-0.01,1370,1031610,卖盘
2045,11:16:33,7.54,--,1,754,买盘
2046,11:16:30,7.54,--,102,76908,买盘
2047,11:16:24,7.54,--,6,4524,买盘
2048,11:16:21,7.54,--,8,6032,买盘
2049,11:16:18,7.54,--,13,9802,买盘
2050,11:16:15,7.54,-0.01,329,248066,卖盘
2051,11:16:12,7.55,--,13,9815,买盘
2052,11:16:09,7.55,--,65,49075,买盘
2053,11:16:06,7.55,--,20,15100,买盘
2054,11:16:03,7.55,0.01,509,384295,买盘
2055,11:16:00,7.54,-0.01,1,754,卖盘
2056,11:15:54,7.55,0.01,24,18120,买盘
2057,11:15:51,7.54,--,2,1508,卖盘
2058,11:15:48,7.54,0.01,20,15080,买盘
2059,11:15:45,7.53,-0.02,516,388548,卖盘
2060,11:15:42,7.55,0.01,1,755,买盘
2061,11:15:33,7.54,--,3,2262,买盘
2062,11:15:30,7.54,-0.01,7,5278,中性盘
2063,11:15:18,7.55,0.02,1,755,买盘
2064,11:15:15,7.53,-0.02,20,15060,卖盘
2065,11:15:12,7.55,0.01,21,15855,买盘
2066,11:15:09,7.54,--,10,7540,买盘
2067,11:15:03,7.54,-0.01,12,9048,卖盘
2068,11:15:00,7.55,0.02,63,47565,买盘
2069,11:14:57,7.53,-0.01,202,152106,卖盘
2070,11:14:51,7.54,--,30,22620,买盘
2071,11:14:48,7.54,--,26,19604,买盘
2072,11:14:42,7.54,0.01,51,38454,买盘
2073,11:14:39,7.53,-0.01,17,12801,卖盘
2074,11:14:36,7.54,0.01,38,28652,买盘
2075,11:14:33,7.53,-0.01,3,2259,卖盘
2076,11:14:27,7.54,0.01,6,4524,买盘
2077,11:14:24,7.53,-0.01,3,2259,卖盘
2078,11:14:21,7.54,--,2,1508,买盘
2079,11:14:15,7.54,--,10,7540,买盘
2080,11:14:12,7.54,--,9,6786,买盘
2081,11:14:09,7.54,--,5,3770,买盘
2082,11:14:06,7.54,0.01,286,215644,买盘
2083,11:14:03,7.53,-0.01,171,128763,卖盘
2084,11:14:00,7.54,--,1205,908570,卖盘
2085,11:13:57,7.54,-0.01,182,137228,卖盘
2086,11:13:54,7.55,--,69,52095,买盘
2087,11:13:51,7.55,--,20,15100,买盘
2088,11:13:42,7.55,--,16,12080,买盘
2089,11:13:39,7.55,0.01,10,7550,买盘
2090,11:13:33,7.54,--,4,3016,卖盘
2091,11:13:27,7.54,--,39,29406,卖盘
2092,11:13:24,7.54,-0.01,7,5278,卖盘
2093,11:13:21,7.55,--,2,1510,买盘
2094,11:13:18,7.55,--,1,755,买盘
2095,11:13:12,7.55,--,200,151000,买盘
2096,11:13:09,7.55,--,37,27935,买盘
2097,11:13:06,7.55,--,37,27935,买盘
2098,11:13:03,7.55,0.01,9,6795,买盘
2099,11:13:00,7.54,--,21,15834,卖盘
2100,11:12:57,7.54,-0.01,1,754,卖盘
2101,11:12:54,7.55,0.01,77,58135,买盘
2102,11:12:48,7.54,-0.01,16,12064,卖盘
2103,11:12:45,7.55,--,267,201585,买盘
2104,11:12:42,7.55,0.01,20,15100,买盘
2105,11:12:39,7.54,--,42,31668,卖盘
2106,11:12:36,7.54,--,2,1508,卖盘
2107,11:12:30,7.54,-0.01,228,171912,卖盘
2108,11:12:24,7.55,0.01,1,755,买盘
2109,11:12:18,7.54,-0.01,18,13572,卖盘
2110,11:12:06,7.55,0.01,5,3775,买盘
2111,11:12:03,7.54,-0.01,225,169650,卖盘
2112,11:12:00,7.55,0.01,205,154775,买盘
2113,11:11:57,7.54,-0.01,2,1508,卖盘
2114,11:11:54,7.55,--,18,13590,买盘
2115,11:11:42,7.55,0.01,1,755,买盘
2116,11:11:36,7.54,--,10,7540,卖盘
2117,11:11:33,7.54,--,9,6786,卖盘
2118,11:11:30,7.54,--,368,277652,买盘
2119,11:11:27,7.54,--,217,163618,买盘
2120,11:11:24,7.54,--,21,15834,买盘
2121,11:11:21,7.54,--,106,79924,买盘
2122,11:11:18,7.54,--,1,754,买盘
2123,11:11:15,7.54,--,7,5278,买盘
2124,11:11:12,7.54,--,586,441844,买盘
2125,11:11:03,7.54,0.01,6,4524,买盘
2126,11:10:57,7.53,--,1,753,卖盘
2127,11:10:51,7.53,--,55,41415,卖盘
2128,11:10:48,7.53,-0.01,78,58734,卖盘
2129,11:10:42,7.54,0.01,1,754,买盘
2130,11:10:39,7.53,-0.01,55,41415,卖盘
2131,11:10:30,7.54,--,49,36946,买盘
2132,11:10:27,7.54,--,216,162864,买盘
2133,11:10:24,7.54,--,90,67860,买盘
2134,11:10:21,7.54,0.01,47,35438,买盘
2135,11:10:18,7.53,-0.01,378,284634,卖盘
2136,11:10:12,7.54,--,35,26390,买盘
2137,11:10:00,7.54,0.01,5,3770,买盘
2138,11:09:57,7.53,--,90,67770,卖盘
2139,11:09:54,7.53,--,64,48192,卖盘
2140,11:09:45,7.53,-0.01,56,42168,卖盘
2141,11:09:42,7.54,--,1,754,买盘
2142,11:09:36,7.54,0.01,6,4524,买盘
2143,11:09:33,7.53,--,27,20331,卖盘
2144,11:09:24,7.53,-0.01,27,20331,卖盘
2145,11:09:21,7.54,--,1,754,买盘
2146,11:09:18,7.54,0.01,1,754,买盘
2147,11:09:12,7.53,--,49,36897,卖盘
2148,11:09:09,7.53,-0.01,10,7530,卖盘
2149,11:09:03,7.54,0.01,11,8294,买盘
2150,11:09:00,7.53,--,5,3765,卖盘
2151,11:08:57,7.53,--,1,753,卖盘
2152,11:08:48,7.53,-0.01,2,1506,卖盘
2153,11:08:45,7.54,--,1,754,买盘
2154,11:08:42,7.54,--,1,754,买盘
2155,11:08:39,7.54,--,15,11310,买盘
2156,11:08:36,7.54,--,30,22620,买盘
2157,11:08:33,7.54,--,7,5278,买盘
2158,11:08:30,7.54,0.01,45,33930,买盘
2159,11:08:27,7.53,--,10,7530,卖盘
2160,11:08:24,7.53,-0.01,32,24096,卖盘
2161,11:08:21,7.54,--,18,13572,买盘
2162,11:08:18,7.54,--,6,4524,买盘
2163,11:08:15,7.54,--,90,67860,买盘
2164,11:08:12,7.54,0.01,5,3770,买盘
2165,11:08:09,7.53,-0.01,1,753,卖盘
2166,11:08:06,7.54,--,1,754,买盘
2167,11:08:03,7.54,--,1,754,买盘
2168,11:08:00,7.54,0.01,42,31668,买盘
2169,11:07:57,7.53,-0.01,31,23343,卖盘
2170,11:07:54,7.54,--,25,18850,买盘
2171,11:07:45,7.54,--,20,15080,买盘
2172,11:07:42,7.54,--,16,12064,买盘
2173,11:07:39,7.54,--,9,6786,买盘
2174,11:07:36,7.54,--,1,754,买盘
2175,11:07:33,7.54,--,12,9048,买盘
2176,11:07:30,7.54,--,200,150800,买盘
2177,11:07:27,7.54,0.01,61,45994,买盘
2178,11:07:24,7.53,-0.01,20,15060,卖盘
2179,11:07:21,7.54,0.01,11,8294,买盘
2180,11:07:18,7.53,-0.01,12,9036,卖盘
2181,11:07:15,7.54,--,8,6032,买盘
2182,11:07:12,7.54,--,33,24882,买盘
2183,11:07:09,7.54,--,20,15080,买盘
2184,11:07:03,7.54,--,308,232232,买盘
2185,11:07:00,7.54,0.01,31,23374,买盘
2186,11:06:57,7.53,-0.01,25,18825,卖盘
2187,11:06:51,7.54,--,52,39208,买盘
2188,11:06:48,7.54,--,15,11310,买盘
2189,11:06:42,7.54,--,229,172666,买盘
2190,11:06:36,7.54,0.01,178,134212,买盘
2191,11:06:33,7.53,-0.01,321,241713,卖盘
2192,11:06:27,7.54,--,3,2262,买盘
2193,11:06:24,7.54,--,10,7540,买盘
2194,11:06:18,7.54,0.01,66,49764,买盘
2195,11:06:15,7.53,--,8,6024,卖盘
2196,11:06:12,7.53,--,20,15060,卖盘
2197,11:06:09,7.53,--,2,1506,卖盘
2198,11:06:00,7.53,--,27,20331,卖盘
2199,11:05:57,7.53,-0.01,1,753,卖盘
2200,11:05:54,7.54,--,72,54288,买盘
2201,11:05:51,7.54,0.01,1,754,买盘
2202,11:05:48,7.53,--,71,53463,卖盘
2203,11:05:45,7.53,-0.01,137,103161,卖盘
2204,11:05:42,7.54,--,242,182468,买盘
2205,11:05:39,7.54,0.01,41,30914,买盘
2206,11:05:36,7.53,--,60,45180,卖盘
2207,11:05:30,7.53,--,9,6777,卖盘
2208,11:05:24,7.53,--,24,18072,卖盘
2209,11:05:18,7.53,--,27,20331,卖盘
2210,11:05:15,7.53,--,96,72288,卖盘
2211,11:05:06,7.53,-0.01,1,753,卖盘
2212,11:05:03,7.54,0.01,21,15834,买盘
2213,11:04:57,7.53,--,12,9036,卖盘
2214,11:04:54,7.53,-0.01,5,3765,卖盘
2215,11:04:51,7.54,0.01,1,754,买盘
2216,11:04:48,7.53,--,10,7530,卖盘
2217,11:04:45,7.53,--,37,27861,卖盘
2218,11:04:42,7.53,-0.01,34,25602,卖盘
2219,11:04:39,7.54,--,525,395850,买盘
2220,11:04:36,7.54,--,44,33176,买盘
2221,11:04:33,7.54,--,30,22620,买盘
2222,11:04:27,7.54,--,26,19604,买盘
2223,11:04:24,7.54,--,8,6032,买盘
2224,11:04:21,7.54,0.01,43,32422,买盘
2225,11:04:18,7.53,-0.01,21,15813,卖盘
2226,11:04:15,7.54,0.01,11,8294,买盘
2227,11:04:06,7.53,--,10,7530,卖盘
2228,11:04:03,7.53,-0.01,23,17319,卖盘
2229,11:04:00,7.54,--,72,54288,买盘
2230,11:03:57,7.54,--,4,3016,买盘
2231,11:03:54,7.54,--,25,18850,买盘
2232,11:03:45,7.54,--,13,9802,买盘
2233,11:03:42,7.54,0.01,1,754,买盘
2234,11:03:39,7.53,-0.01,4,3012,卖盘
2235,11:03:36,7.54,--,50,37700,买盘
2236,11:03:33,7.54,0.01,247,186238,买盘
2237,11:03:18,7.53,-0.01,8,6024,卖盘
2238,11:03:15,7.54,--,3,2262,买盘
2239,11:03:03,7.54,0.01,1,754,买盘
2240,11:03:00,7.53,--,15,11295,卖盘
2241,11:02:57,7.53,--,3,2259,卖盘
2242,11:02:48,7.53,--,14,10542,卖盘
2243,11:02:45,7.53,-0.01,29,21837,卖盘
2244,11:02:42,7.54,--,1,754,买盘
2245,11:02:39,7.54,--,164,123656,买盘
2246,11:02:36,7.54,0.01,102,76908,买盘
2247,11:02:33,7.53,--,50,37650,卖盘
2248,11:02:27,7.53,-0.01,14,10542,卖盘
2249,11:02:24,7.54,--,1,754,买盘
2250,11:02:21,7.54,0.01,1,754,买盘
2251,11:02:18,7.53,--,25,18825,卖盘
2252,11:02:15,7.53,-0.01,91,68523,卖盘
2253,11:01:57,7.54,0.01,2,1508,买盘
2254,11:01:54,7.53,-0.01,15,11295,卖盘
2255,11:01:45,7.54,--,15,11310,买盘
2256,11:01:42,7.54,--,1,754,买盘
2257,11:01:36,7.54,0.01,43,32422,买盘
2258,11:01:33,7.53,--,57,42921,卖盘
2259,11:01:24,7.53,-0.01,8,6024,卖盘
2260,11:01:21,7.54,--,1,754,买盘
2261,11:01:18,7.54,--,1,754,买盘
2262,11:01:15,7.54,0.01,14,10556,买盘
2263,11:01:06,7.53,-0.01,200,150600,卖盘
2264,11:01:03,7.54,0.01,2,1508,买盘
2265,11:01:00,7.53,--,50,37650,卖盘
2266,11:00:57,7.53,--,1,753,卖盘
2267,11:00:51,7.53,--,2,1506,卖盘
2268,11:00:48,7.53,-0.01,10,7530,卖盘
2269,11:00:45,7.54,--,1,754,买盘
2270,11:00:42,7.54,0.01,5,3770,买盘
2271,11:00:39,7.53,-0.01,60,45180,卖盘
2272,11:00:36,7.54,0.01,43,32422,买盘
2273,11:00:33,7.53,--,70,52710,卖盘
2274,11:00:27,7.53,-0.01,1,753,卖盘
2275,11:00:24,7.54,0.01,10,7540,买盘
2276,11:00:18,7.53,-0.01,1,1159,卖盘
2277,11:00:15,7.54,--,77,58058,买盘
2278,11:00:09,7.54,--,5,3770,买盘
2279,11:00:03,7.54,--,26,19604,买盘
2280,11:00:00,7.54,0.01,137,103298,买盘
2281,10:59:57,7.53,-0.01,537,404361,卖盘
2282,10:59:42,7.54,0.01,2,1508,买盘
2283,10:59:36,7.53,-0.01,18,13554,卖盘
2284,10:59:33,7.54,0.01,56,42224,买盘
2285,10:59:30,7.53,-0.01,642,483426,卖盘
2286,10:59:27,7.54,--,1,754,买盘
2287,10:59:24,7.54,--,10,7540,买盘
2288,10:59:18,7.54,--,7,5278,买盘
2289,10:59:15,7.54,0.01,300,226200,买盘
2290,10:59:06,7.53,--,1,753,卖盘
2291,10:59:03,7.53,--,57,42921,卖盘
2292,10:58:57,7.53,-0.01,18,13554,卖盘
2293,10:58:54,7.54,--,20,15080,买盘
2294,10:58:42,7.54,0.01,1,754,买盘
2295,10:58:30,7.53,-0.01,30,22590,卖盘
2296,10:58:27,7.54,0.01,40,30160,买盘
2297,10:58:24,7.53,-0.01,23,17319,卖盘
2298,10:58:21,7.54,0.01,11,8294,买盘
2299,10:58:18,7.53,--,10,7530,卖盘
2300,10:58:15,7.53,-0.01,51,38403,卖盘
2301,10:58:12,7.54,--,5,3770,买盘
2302,10:58:06,7.54,0.01,50,37700,买盘
2303,10:57:57,7.53,-0.01,1,753,卖盘
2304,10:57:54,7.54,--,106,79924,买盘
2305,10:57:51,7.54,0.01,13,9802,买盘
2306,10:57:48,7.53,-0.01,4,3012,卖盘
2307,10:57:42,7.54,--,6,4524,买盘
2308,10:57:39,7.54,0.01,7,5278,买盘
2309,10:57:36,7.53,-0.01,19,14307,卖盘
2310,10:57:30,7.54,--,5,3770,买盘
2311,10:57:27,7.54,0.01,77,58058,买盘
2312,10:57:24,7.53,-0.01,5,3765,卖盘
2313,10:57:21,7.54,0.01,1,754,买盘
2314,10:57:12,7.53,--,61,45933,卖盘
2315,10:57:09,7.53,-0.01,31,23343,卖盘
2316,10:57:06,7.54,--,7,5278,买盘
2317,10:57:03,7.54,--,1,754,买盘
2318,10:56:57,7.54,--,56,42224,买盘
2319,10:56:54,7.54,0.01,1,754,买盘
2320,10:56:51,7.53,-0.01,16,12048,卖盘
2321,10:56:48,7.54,0.01,10,7540,买盘
2322,10:56:45,7.53,--,64,48192,卖盘
2323,10:56:42,7.53,--,60,45180,卖盘
2324,10:56:39,7.53,--,16,12048,卖盘
2325,10:56:36,7.53,--,24,18072,卖盘
2326,10:56:33,7.53,-0.01,2,1506,卖盘
2327,10:56:27,7.54,--,5,3770,买盘
2328,10:56:24,7.54,0.01,64,48256,买盘
2329,10:56:21,7.53,-0.01,16,12048,卖盘
2330,10:56:18,7.54,0.01,41,30914,买盘
2331,10:56:15,7.53,-0.01,1,753,卖盘
2332,10:56:12,7.54,0.01,97,73138,买盘
2333,10:56:09,7.53,-0.01,2,1506,卖盘
2334,10:56:03,7.54,--,1,754,买盘
2335,10:56:00,7.54,0.01,5,3770,买盘
2336,10:55:57,7.53,--,1,753,卖盘
2337,10:55:54,7.53,-0.01,118,88854,卖盘
2338,10:55:48,7.54,0.01,20,15080,买盘
2339,10:55:45,7.53,--,24,18072,卖盘
2340,10:55:42,7.53,-0.01,111,83583,卖盘
2341,10:55:39,7.54,0.01,7,5278,买盘
2342,10:55:36,7.53,-0.01,20,15060,卖盘
2343,10:55:30,7.54,0.01,9,6786,买盘
2344,10:55:27,7.53,--,22,16566,卖盘
2345,10:55:24,7.53,--,204,153612,卖盘
2346,10:55:21,7.53,-0.01,17,12801,卖盘
2347,10:55:18,7.54,0.01,165,124410,买盘
2348,10:55:15,7.53,--,14,10542,卖盘
2349,10:55:12,7.53,-0.01,3,2259,卖盘
2350,10:55:06,7.54,0.01,5,3770,买盘
2351,10:55:03,7.53,--,190,143070,卖盘
2352,10:55:00,7.53,-0.01,39,29367,卖盘
2353,10:54:57,7.54,0.01,21,15834,买盘
2354,10:54:54,7.53,-0.01,150,112950,卖盘
2355,10:54:51,7.54,0.01,20,15080,买盘
2356,10:54:48,7.53,-0.01,62,46686,卖盘
2357,10:54:42,7.54,--,8,6032,买盘
2358,10:54:39,7.54,0.01,562,423748,买盘
2359,10:54:36,7.53,--,16,12048,卖盘
2360,10:54:33,7.53,-0.01,61,46083,卖盘
2361,10:54:30,7.54,--,54,40716,买盘
2362,10:54:27,7.54,--,2050,1545700,买盘
2363,10:54:24,7.54,--,1,754,买盘
2364,10:54:21,7.54,0.01,21,15834,买盘
2365,10:54:18,7.53,-0.01,1,753,卖盘
2366,10:54:12,7.54,--,1,754,买盘
2367,10:54:09,7.54,0.01,100,75400,买盘
2368,10:54:03,7.53,--,82,61746,卖盘
2369,10:53:57,7.53,--,31,23343,卖盘
2370,10:53:54,7.53,--,140,105420,卖盘
2371,10:53:45,7.53,-0.01,14,10542,卖盘
2372,10:53:42,7.54,0.01,21,15834,买盘
2373,10:53:39,7.53,--,239,179967,卖盘
2374,10:53:36,7.53,--,7,5271,卖盘
2375,10:53:30,7.53,--,62,46686,卖盘
2376,10:53:27,7.53,-0.01,5,3765,卖盘
2377,10:53:24,7.54,--,10,7540,买盘
2378,10:53:21,7.54,--,16,12064,买盘
2379,10:53:15,7.54,0.01,20,15080,买盘
2380,10:53:12,7.53,--,1054,793662,卖盘
2381,10:53:09,7.53,-0.01,6,4518,卖盘
2382,10:53:03,7.54,0.01,1,754,买盘
2383,10:52:57,7.53,--,1,753,卖盘
2384,10:52:54,7.53,--,21,15813,卖盘
2385,10:52:51,7.53,--,8,6024,卖盘
2386,10:52:48,7.53,-0.01,2,1506,卖盘
2387,10:52:45,7.54,0.01,5,3770,买盘
2388,10:52:42,7.53,-0.01,47,35391,卖盘
2389,10:52:39,7.54,--,14,10556,买盘
2390,10:52:36,7.54,--,50,37700,买盘
2391,10:52:33,7.54,0.01,8,6032,买盘
2392,10:52:30,7.53,-0.01,1,753,卖盘
2393,10:52:27,7.54,0.01,41,30914,买盘
2394,10:52:24,7.53,-0.01,11,8283,卖盘
2395,10:52:21,7.54,0.01,3,2262,买盘
2396,10:52:18,7.53,--,1,753,卖盘
2397,10:52:15,7.53,--,1,753,卖盘
2398,10:52:09,7.53,--,50,37650,卖盘
2399,10:52:06,7.53,--,28,21084,卖盘
2400,10:52:03,7.53,--,24,18072,卖盘
2401,10:51:57,7.53,-0.01,4,3012,卖盘
2402,10:51:54,7.54,--,23,17342,买盘
2403,10:51:42,7.54,0.01,1,754,买盘
2404,10:51:33,7.53,--,44,33132,卖盘
2405,10:51:30,7.53,-0.01,1,753,卖盘
2406,10:51:27,7.54,--,1,754,买盘
2407,10:51:24,7.54,0.01,44,33176,买盘
2408,10:51:21,7.53,--,1,753,卖盘
2409,10:51:15,7.53,--,50,37650,卖盘
2410,10:51:12,7.53,--,47,35391,卖盘
2411,10:51:09,7.53,-0.01,15,11295,卖盘
2412,10:51:03,7.54,0.01,1,754,买盘
2413,10:51:00,7.53,--,57,42921,卖盘
2414,10:50:57,7.53,-0.01,22,16566,卖盘
2415,10:50:51,7.54,0.01,118,88972,买盘
2416,10:50:48,7.53,--,5,3765,卖盘
2417,10:50:42,7.53,-0.01,24,18072,卖盘
2418,10:50:36,7.54,--,45,33930,买盘
2419,10:50:33,7.54,--,197,148538,买盘
2420,10:50:30,7.54,--,5088,3836352,买盘
2421,10:50:27,7.54,--,10,7540,买盘
2422,10:50:21,7.54,--,72,54288,买盘
2423,10:50:18,7.54,--,61,45994,买盘
2424,10:50:15,7.54,0.01,220,165880,买盘
2425,10:50:12,7.53,-0.01,47,35391,卖盘
2426,10:50:06,7.54,0.01,69,52026,买盘
2427,10:50:03,7.53,--,1,753,卖盘
2428,10:49:57,7.53,-0.01,1,753,卖盘
2429,10:49:54,7.54,0.01,100,75400,买盘
2430,10:49:51,7.53,--,87,65511,卖盘
2431,10:49:48,7.53,--,22,16566,卖盘
2432,10:49:45,7.53,-0.01,1,753,卖盘
2433,10:49:42,7.54,0.01,80,60320,买盘
2434,10:49:39,7.53,-0.01,53,39909,卖盘
2435,10:49:33,7.54,0.01,234,176436,买盘
2436,10:49:30,7.53,-0.01,1,753,卖盘
2437,10:49:27,7.54,0.01,23,17342,买盘
2438,10:49:24,7.53,-0.01,20,15060,卖盘
2439,10:49:21,7.54,--,29,21866,买盘
2440,10:49:18,7.54,0.01,43,32422,买盘
2441,10:49:15,7.53,--,5,3765,卖盘
2442,10:49:12,7.53,-0.01,2,1506,卖盘
2443,10:49:06,7.54,--,10,7540,买盘
2444,10:49:03,7.54,0.01,1,754,买盘
2445,10:49:00,7.53,-0.01,79,59487,卖盘
2446,10:48:57,7.54,--,1030,777193,卖盘
2447,10:48:54,7.54,-0.01,21,15834,卖盘
2448,10:48:51,7.55,0.01,30,22650,买盘
2449,10:48:45,7.54,--,11,8294,卖盘
2450,10:48:39,7.54,--,16,12064,卖盘
2451,10:48:36,7.54,--,5,3770,卖盘
2452,10:48:30,7.54,--,21,15834,卖盘
2453,10:48:27,7.54,-0.01,1,754,卖盘
2454,10:48:24,7.55,--,80,60400,买盘
2455,10:48:21,7.55,0.01,384,289920,买盘
2456,10:48:18,7.54,--,2,1508,卖盘
2457,10:48:15,7.54,--,9,6786,卖盘
2458,10:48:12,7.54,-0.01,150,113100,卖盘
2459,10:48:09,7.55,0.01,5,3775,买盘
2460,10:48:06,7.54,-0.01,20,15080,卖盘
2461,10:48:03,7.55,--,1,755,买盘
2462,10:48:00,7.55,0.01,31,23405,买盘
2463,10:47:57,7.54,--,5,3770,卖盘
2464,10:47:54,7.54,--,60,45240,卖盘
2465,10:47:45,7.54,--,1,754,卖盘
2466,10:47:42,7.54,-0.01,12,9048,卖盘
2467,10:47:36,7.55,--,300,226500,买盘
2468,10:47:30,7.55,0.01,6,4530,买盘
2469,10:47:27,7.54,--,85,64090,卖盘
2470,10:47:24,7.54,--,124,93676,买盘
2471,10:47:21,7.54,--,51,39027,卖盘
2472,10:47:18,7.54,--,6,4524,卖盘
2473,10:47:15,7.54,--,1,754,卖盘
2474,10:47:12,7.54,--,3,2262,卖盘
2475,10:47:09,7.54,--,10,7540,卖盘
2476,10:47:06,7.54,-0.01,11,8294,卖盘
2477,10:47:03,7.55,0.01,1,755,买盘
2478,10:47:00,7.54,0.01,9,6966,买盘
2479,10:46:57,7.53,-0.01,48,36144,卖盘
2480,10:46:51,7.54,--,43,32995,卖盘
2481,10:46:48,7.54,--,16,12244,买盘
2482,10:46:45,7.54,--,4,3016,买盘
2483,10:46:42,7.54,--,1,754,买盘
2484,10:46:36,7.54,--,72,54288,买盘
2485,10:46:33,7.54,--,599,451646,买盘
2486,10:46:30,7.54,--,57,42978,买盘
2487,10:46:27,7.54,--,1680,1266720,买盘
2488,10:46:24,7.54,--,30,22620,买盘
2489,10:46:21,7.54,0.01,1,754,买盘
2490,10:46:18,7.53,--,4,3012,卖盘
2491,10:46:15,7.53,--,29,21837,卖盘
2492,10:46:12,7.53,-0.01,12,9036,卖盘
2493,10:46:09,7.54,--,30,22620,买盘
2494,10:46:06,7.54,--,20,15080,买盘
2495,10:46:00,7.54,0.01,74,55796,买盘
2496,10:45:57,7.53,--,12,9036,卖盘
2497,10:45:54,7.53,-0.01,20,15060,卖盘
2498,10:45:51,7.54,--,57,42978,买盘
2499,10:45:48,7.54,0.01,13,9802,买盘
2500,10:45:45,7.53,-0.01,1,753,卖盘
2501,10:45:42,7.54,--,105,79170,买盘
2502,10:45:39,7.54,--,124,93496,买盘
2503,10:45:36,7.54,-0.01,2189,1651079,卖盘
2504,10:45:30,7.55,0.01,41,30955,买盘
2505,10:45:27,7.54,-0.01,14,10556,卖盘
2506,10:45:24,7.55,--,52,39260,买盘
2507,10:45:21,7.55,0.01,1,755,买盘
2508,10:45:18,7.54,--,21,15834,卖盘
2509,10:45:15,7.54,--,1,754,卖盘
2510,10:45:12,7.54,--,1,754,卖盘
2511,10:45:09,7.54,-0.01,41,30914,卖盘
2512,10:45:03,7.55,0.01,1,755,买盘
2513,10:45:00,7.54,--,79,59566,卖盘
2514,10:44:57,7.54,--,1,754,卖盘
2515,10:44:54,7.54,--,28,21112,卖盘
2516,10:44:51,7.54,--,77,58058,卖盘
2517,10:44:45,7.54,--,197,148538,卖盘
2518,10:44:42,7.54,--,3418,2577352,买盘
2519,10:44:39,7.54,--,43,32422,买盘
2520,10:44:36,7.54,0.01,50,37700,买盘
2521,10:44:27,7.53,-0.01,2,1506,卖盘
2522,10:44:24,7.54,--,16,12064,买盘
2523,10:44:21,7.54,0.01,7,5278,买盘
2524,10:44:18,7.53,--,2,1506,卖盘
2525,10:44:15,7.53,--,9,6777,卖盘
2526,10:44:12,7.53,--,9,6777,卖盘
2527,10:44:09,7.53,-0.01,1,753,卖盘
2528,10:44:03,7.54,0.01,1,754,买盘
2529,10:44:00,7.53,-0.01,114,85842,卖盘
2530,10:43:57,7.54,0.01,71,53534,买盘
2531,10:43:54,7.53,-0.01,5,3765,卖盘
2532,10:43:51,7.54,0.01,20,15080,买盘
2533,10:43:48,7.53,-0.01,21,15813,卖盘
2534,10:43:45,7.54,0.01,11,8294,买盘
2535,10:43:42,7.53,-0.01,14,10542,卖盘
2536,10:43:39,7.54,--,42,31668,买盘
2537,10:43:36,7.54,0.01,16,12064,买盘
2538,10:43:33,7.53,-0.01,24,18072,卖盘
2539,10:43:30,7.54,0.01,10,7540,买盘
2540,10:43:27,7.53,-0.01,2,1506,卖盘
2541,10:43:24,7.54,--,10,7540,买盘
2542,10:43:21,7.54,0.01,32,24128,买盘
2543,10:43:18,7.53,--,21,15813,卖盘
2544,10:43:15,7.53,--,6,4518,卖盘
2545,10:43:12,7.53,--,1,753,卖盘
2546,10:43:09,7.53,--,7,5271,卖盘
2547,10:43:06,7.53,-0.01,13,9789,卖盘
2548,10:43:03,7.54,--,6,4524,买盘
2549,10:43:00,7.54,0.01,39,29406,买盘
2550,10:42:57,7.53,--,1,753,卖盘
2551,10:42:54,7.53,--,31,23343,卖盘
2552,10:42:51,7.53,-0.01,5,3765,卖盘
2553,10:42:45,7.54,--,46,34684,买盘
2554,10:42:42,7.54,0.01,11,8294,买盘
2555,10:42:39,7.53,--,45,33885,卖盘
2556,10:42:33,7.53,-0.01,14,10542,卖盘
2557,10:42:30,7.54,0.01,16,12064,买盘
2558,10:42:27,7.53,--,90,67770,卖盘
2559,10:42:24,7.53,-0.01,12,9036,卖盘
2560,10:42:21,7.54,--,32,24128,买盘
2561,10:42:18,7.54,--,18,13572,买盘
2562,10:42:15,7.54,--,108,81432,买盘
2563,10:42:12,7.54,--,202,152881,卖盘
2564,10:42:09,7.54,--,18,13572,卖盘
2565,10:42:00,7.54,--,6,4704,买盘
2566,10:41:57,7.54,--,201,151554,买盘
2567,10:41:54,7.54,0.01,11,8294,买盘
2568,10:41:51,7.53,-0.01,79,59487,卖盘
2569,10:41:48,7.54,--,178,134212,买盘
2570,10:41:42,7.54,--,29,21866,买盘
2571,10:41:39,7.54,--,1,754,买盘
2572,10:41:36,7.54,--,19,14326,买盘
2573,10:41:33,7.54,0.01,30,22620,买盘
2574,10:41:30,7.53,-0.01,6,4518,卖盘
2575,10:41:27,7.54,0.01,7,5278,买盘
2576,10:41:24,7.53,-0.01,25,18825,卖盘
2577,10:41:21,7.54,0.01,1,754,买盘
2578,10:41:18,7.53,-0.01,41,30873,卖盘
2579,10:41:15,7.54,0.01,30,22620,买盘
2580,10:41:12,7.53,-0.01,1,753,卖盘
2581,10:41:09,7.54,0.01,20,15080,买盘
2582,10:41:06,7.53,-0.01,1,753,卖盘
2583,10:41:03,7.54,0.01,1,754,买盘
2584,10:41:00,7.53,-0.01,34,25602,卖盘
2585,10:40:57,7.54,--,43,32422,买盘
2586,10:40:54,7.54,--,10,7540,买盘
2587,10:40:51,7.54,--,12,9048,买盘
2588,10:40:48,7.54,0.01,130,98020,买盘
2589,10:40:45,7.53,--,119,89607,卖盘
2590,10:40:42,7.53,--,1,753,卖盘
2591,10:40:39,7.53,-0.01,153,115209,卖盘
2592,10:40:36,7.54,0.01,8,6032,买盘
2593,10:40:27,7.53,--,4,3012,卖盘
2594,10:40:24,7.53,-0.01,1,753,卖盘
2595,10:40:21,7.54,0.01,6,4524,买盘
2596,10:40:18,7.53,-0.01,39,29367,卖盘
2597,10:40:12,7.54,-0.01,20,15653,卖盘
2598,10:40:09,7.55,0.01,17,12835,买盘
2599,10:40:06,7.54,-0.01,47,35438,卖盘
2600,10:40:03,7.55,0.01,48,36240,买盘
2601,10:40:00,7.54,-0.01,579,436566,卖盘
2602,10:39:57,7.55,--,379,286145,买盘
2603,10:39:51,7.55,--,26,19630,买盘
2604,10:39:48,7.55,--,8,6040,买盘
2605,10:39:45,7.55,0.01,83,62665,买盘
2606,10:39:42,7.54,--,2,1508,卖盘
2607,10:39:39,7.54,--,10,7540,卖盘
2608,10:39:36,7.54,--,1,754,卖盘
2609,10:39:27,7.54,-0.01,7,5278,卖盘
2610,10:39:24,7.55,--,231,174405,买盘
2611,10:39:21,7.55,0.01,43,32465,买盘
2612,10:39:18,7.54,--,11,8294,卖盘
2613,10:39:12,7.54,-0.01,106,79924,卖盘
2614,10:39:09,7.55,0.01,45,33975,买盘
2615,10:39:06,7.54,--,1,754,卖盘
2616,10:39:03,7.54,--,16,12064,卖盘
2617,10:39:00,7.54,--,38,28652,卖盘
2618,10:38:57,7.54,-0.01,1,754,卖盘
2619,10:38:51,7.55,0.01,1,755,买盘
2620,10:38:48,7.54,-0.01,60,45240,卖盘
2621,10:38:45,7.55,0.01,41,30955,买盘
2622,10:38:42,7.54,--,7,5278,卖盘
2623,10:38:36,7.54,--,1,754,卖盘
2624,10:38:33,7.54,--,16,12064,卖盘
2625,10:38:30,7.54,--,459,346086,卖盘
2626,10:38:27,7.54,-0.01,1,754,卖盘
2627,10:38:21,7.55,0.01,97,73235,买盘
2628,10:38:18,7.54,--,2,1508,卖盘
2629,10:38:15,7.54,--,29,21866,卖盘
2630,10:38:12,7.54,-0.01,26,19604,卖盘
2631,10:38:09,7.55,--,44,33220,买盘
2632,10:38:06,7.55,0.01,20,15100,买盘
2633,10:38:03,7.54,--,15,11310,卖盘
2634,10:38:00,7.54,--,5,3770,卖盘
2635,10:37:57,7.54,-0.01,36,27144,卖盘
2636,10:37:54,7.55,--,10,7550,买盘
2637,10:37:51,7.55,0.01,5,3775,买盘
2638,10:37:45,7.54,--,69,52026,卖盘
2639,10:37:42,7.54,--,33,24882,卖盘
2640,10:37:39,7.54,--,132,99528,卖盘
2641,10:37:36,7.54,--,14,10556,卖盘
2642,10:37:33,7.54,-0.01,9,6786,卖盘
2643,10:37:30,7.55,--,81,61155,买盘
2644,10:37:27,7.55,--,12,9060,买盘
2645,10:37:24,7.55,--,46,34730,买盘
2646,10:37:21,7.55,--,11,8305,买盘
2647,10:37:15,7.55,0.01,11,8305,买盘
2648,10:37:12,7.54,-0.01,10,7540,卖盘
2649,10:37:09,7.55,0.01,8,6040,买盘
2650,10:37:06,7.54,--,343,258622,卖盘
2651,10:37:03,7.54,-0.01,41,30914,卖盘
2652,10:37:00,7.55,--,98,73990,买盘
2653,10:36:57,7.55,0.01,33,24915,买盘
2654,10:36:54,7.54,-0.01,4,3016,卖盘
2655,10:36:48,7.55,0.01,26,19630,买盘
2656,10:36:45,7.54,-0.01,18,13572,卖盘
2657,10:36:42,7.55,--,191,144205,买盘
2658,10:36:39,7.55,--,4,3020,买盘
2659,10:36:36,7.55,0.01,6,4530,买盘
2660,10:36:33,7.54,-0.01,68,51272,卖盘
2661,10:36:30,7.55,0.01,54,40770,买盘
2662,10:36:27,7.54,-0.01,6,4524,卖盘
2663,10:36:21,7.55,0.01,1,755,买盘
2664,10:36:18,7.54,-0.01,25,18850,卖盘
2665,10:36:15,7.55,0.01,42,31710,买盘
2666,10:36:12,7.54,--,8,6032,卖盘
2667,10:36:09,7.54,-0.01,28,21112,卖盘
2668,10:36:06,7.55,--,2,1510,买盘
2669,10:36:03,7.55,--,2,1510,买盘
2670,10:36:00,7.55,0.01,13,9815,买盘
2671,10:35:57,7.54,--,11,8294,卖盘
2672,10:35:54,7.54,--,5,3770,卖盘
2673,10:35:48,7.54,-0.01,1,754,卖盘
2674,10:35:45,7.55,--,53,40015,买盘
2675,10:35:42,7.55,0.01,33,24915,买盘
2676,10:35:39,7.54,--,51,38454,卖盘
2677,10:35:36,7.54,-0.01,67,50518,卖盘
2678,10:35:30,7.55,0.01,6,4530,买盘
2679,10:35:27,7.54,--,24,18096,卖盘
2680,10:35:24,7.54,--,19,14326,卖盘
2681,10:35:21,7.54,-0.01,619,466726,卖盘
2682,10:35:18,7.55,--,65,49075,买盘
2683,10:35:12,7.55,--,100,75500,买盘
2684,10:35:06,7.55,--,216,163080,卖盘
2685,10:35:03,7.55,-0.01,51,38505,中性盘
2686,10:34:57,7.56,0.01,70,52920,买盘
2687,10:34:54,7.55,--,104,78520,买盘
2688,10:34:51,7.55,0.01,239,180445,买盘
2689,10:34:48,7.54,-0.01,180,135720,卖盘
2690,10:34:45,7.55,0.01,8,6040,买盘
2691,10:34:42,7.54,-0.01,65,49010,卖盘
2692,10:34:39,7.55,0.01,26,19630,买盘
2693,10:34:33,7.54,--,41,30914,卖盘
2694,10:34:30,7.54,--,18,13572,卖盘
2695,10:34:27,7.54,-0.01,114,85956,卖盘
2696,10:34:21,7.55,0.01,277,209135,买盘
2697,10:34:15,7.54,--,1,754,卖盘
2698,10:34:12,7.54,-0.01,83,62582,卖盘
2699,10:34:09,7.55,0.01,84,63420,买盘
2700,10:34:00,7.54,-0.01,18,13572,卖盘
2701,10:33:57,7.55,--,80,60400,买盘
2702,10:33:54,7.55,0.01,8,6040,买盘
2703,10:33:51,7.54,-0.01,15,11310,卖盘
2704,10:33:48,7.55,--,100,75500,买盘
2705,10:33:45,7.55,--,54,41253,买盘
2706,10:33:42,7.55,--,16,12080,买盘
2707,10:33:39,7.55,--,47,35485,买盘
2708,10:33:36,7.55,0.01,5,3775,买盘
2709,10:33:33,7.54,--,180,136172,卖盘
2710,10:33:30,7.54,--,27,20358,卖盘
2711,10:33:27,7.54,-0.01,1,754,卖盘
2712,10:33:21,7.55,--,27,20385,买盘
2713,10:33:15,7.55,--,5,3775,买盘
2714,10:33:12,7.55,0.01,21,15855,买盘
2715,10:33:09,7.54,--,15,11310,卖盘
2716,10:33:06,7.54,-0.01,16,12064,卖盘
2717,10:33:03,7.55,0.01,1,755,买盘
2718,10:32:57,7.54,--,7,5278,卖盘
2719,10:32:51,7.54,--,12,9048,卖盘
2720,10:32:48,7.54,-0.01,23,17342,卖盘
2721,10:32:45,7.55,0.01,7,5285,买盘
2722,10:32:42,7.54,--,5,3770,卖盘
2723,10:32:30,7.54,--,4,3016,卖盘
2724,10:32:27,7.54,--,77,58058,卖盘
2725,10:32:24,7.54,-0.01,33,24882,卖盘
2726,10:32:21,7.55,0.01,1,755,买盘
2727,10:32:18,7.54,--,29,21866,卖盘
2728,10:32:15,7.54,-0.01,202,152308,卖盘
2729,10:32:12,7.55,-0.01,995,751225,卖盘
2730,10:32:09,7.56,--,22,16632,买盘
2731,10:32:03,7.56,0.01,1,756,买盘
2732,10:32:00,7.55,--,23,17365,卖盘
2733,10:31:57,7.55,-0.01,139,104945,卖盘
2734,10:31:54,7.56,0.01,42,31752,买盘
2735,10:31:48,7.55,--,53,40015,卖盘
2736,10:31:45,7.55,-0.01,300,226500,卖盘
2737,10:31:42,7.56,--,24,18144,买盘
2738,10:31:39,7.56,--,3,2268,买盘
2739,10:31:36,7.56,0.01,9,6804,买盘
2740,10:31:24,7.55,-0.01,90,67950,卖盘
2741,10:31:21,7.56,--,21,15876,买盘
2742,10:31:18,7.56,--,700,529200,买盘
2743,10:31:15,7.56,0.01,21,15876,买盘
2744,10:31:09,7.55,-0.01,60,45300,卖盘
2745,10:31:06,7.56,--,24,18144,买盘
2746,10:31:03,7.56,--,1,756,买盘
2747,10:31:00,7.56,0.01,37,27972,买盘
2748,10:30:51,7.55,--,10,7550,卖盘
2749,10:30:48,7.55,-0.01,30,22650,卖盘
2750,10:30:42,7.56,--,14,10584,买盘
2751,10:30:39,7.56,0.01,104,78624,买盘
2752,10:30:36,7.55,--,88,66440,卖盘
2753,10:30:33,7.55,-0.01,40,30200,卖盘
2754,10:30:30,7.56,0.01,2,1512,买盘
2755,10:30:27,7.55,-0.01,1,755,卖盘
2756,10:30:24,7.56,--,8,6048,买盘
2757,10:30:21,7.56,0.01,548,414288,买盘
2758,10:30:18,7.55,--,9,6795,卖盘
2759,10:30:15,7.55,--,6,4530,卖盘
2760,10:30:09,7.55,--,114,86070,卖盘
2761,10:30:06,7.55,--,24,18120,卖盘
2762,10:30:00,7.55,--,43,32465,卖盘
2763,10:29:54,7.55,-0.01,15,11325,卖盘
2764,10:29:51,7.56,0.01,45,34020,买盘
2765,10:29:48,7.55,--,86,64930,卖盘
2766,10:29:45,7.55,-0.01,11,8305,卖盘
2767,10:29:42,7.56,0.01,9,6804,买盘
2768,10:29:39,7.55,--,151,114005,卖盘
2769,10:29:36,7.55,-0.01,73,55115,卖盘
2770,10:29:33,7.56,0.01,63,47628,买盘
2771,10:29:30,7.55,-0.01,1,755,卖盘
2772,10:29:27,7.56,0.01,50,37800,买盘
2773,10:29:24,7.55,-0.01,55,41525,卖盘
2774,10:29:21,7.56,0.01,149,112644,买盘
2775,10:29:18,7.55,--,12,9060,卖盘
2776,10:29:12,7.55,-0.01,28,21140,卖盘
2777,10:29:06,7.56,0.01,76,57456,买盘
2778,10:29:03,7.55,--,61,46055,卖盘
2779,10:29:00,7.55,--,110,83050,卖盘
2780,10:28:57,7.55,--,45,33975,卖盘
2781,10:28:45,7.55,-0.01,9,6795,卖盘
2782,10:28:42,7.56,--,18,13608,买盘
2783,10:28:36,7.56,0.01,5,3780,买盘
2784,10:28:33,7.55,--,233,175915,卖盘
2785,10:28:30,7.55,-0.01,213,160815,卖盘
2786,10:28:24,7.56,--,5,3780,买盘
2787,10:28:21,7.56,--,39,29484,买盘
2788,10:28:18,7.56,0.01,8,6048,买盘
2789,10:28:15,7.55,--,387,292185,卖盘
2790,10:28:12,7.55,--,117,88335,卖盘
2791,10:28:09,7.55,-0.01,201,151755,卖盘
2792,10:28:03,7.56,--,6,4536,买盘
2793,10:27:57,7.56,--,43,32508,买盘
2794,10:27:54,7.56,--,100,75600,买盘
2795,10:27:48,7.56,0.01,218,164808,买盘
2796,10:27:45,7.55,-0.01,28,21140,卖盘
2797,10:27:42,7.56,0.01,34,25704,买盘
2798,10:27:36,7.55,--,27,20385,卖盘
2799,10:27:33,7.55,-0.01,38,28690,卖盘
2800,10:27:30,7.56,0.01,110,83160,买盘
2801,10:27:18,7.55,-0.01,201,151755,卖盘
2802,10:27:15,7.56,0.01,27,20412,买盘
2803,10:27:12,7.55,-0.01,30,22650,卖盘
2804,10:27:09,7.56,--,129,97524,买盘
2805,10:27:06,7.56,--,5,3780,买盘
2806,10:27:03,7.56,--,160,120960,买盘
2807,10:26:57,7.56,--,30,22680,买盘
2808,10:26:54,7.56,0.01,10,7560,买盘
2809,10:26:51,7.55,--,2,1510,卖盘
2810,10:26:48,7.55,--,53,40015,卖盘
2811,10:26:45,7.55,--,16,12080,卖盘
2812,10:26:42,7.55,--,31,23405,卖盘
2813,10:26:39,7.55,-0.01,9,6795,卖盘
2814,10:26:36,7.56,--,50,37800,买盘
2815,10:26:30,7.56,--,32,24192,买盘
2816,10:26:27,7.56,--,48,36288,买盘
2817,10:26:24,7.56,--,33,24948,买盘
2818,10:26:21,7.56,0.01,2,1512,买盘
2819,10:26:15,7.55,-0.01,1,755,卖盘
2820,10:26:12,7.56,0.01,46,34776,买盘
2821,10:26:09,7.55,-0.01,112,84560,卖盘
2822,10:26:00,7.56,0.01,44,33264,买盘
2823,10:25:57,7.55,-0.01,2,1510,卖盘
2824,10:25:54,7.56,0.01,39,29484,买盘
2825,10:25:51,7.55,-0.01,56,42280,卖盘
2826,10:25:45,7.56,--,200,151200,买盘
2827,10:25:42,7.56,--,11,8316,买盘
2828,10:25:39,7.56,--,17,12852,买盘
2829,10:25:36,7.56,--,658,497448,买盘
2830,10:25:33,7.56,--,52,39312,买盘
2831,10:25:30,7.56,--,32,24192,买盘
2832,10:25:24,7.56,--,31,23436,买盘
2833,10:25:21,7.56,--,334,252504,买盘
2834,10:25:18,7.56,--,16,12096,买盘
2835,10:25:15,7.56,0.01,52,39312,买盘
2836,10:25:12,7.55,--,33,24915,卖盘
2837,10:25:09,7.55,-0.01,9,6795,卖盘
2838,10:25:06,7.56,0.01,16,12096,买盘
2839,10:25:03,7.55,-0.01,28,21140,卖盘
2840,10:25:00,7.56,0.01,575,434700,买盘
2841,10:24:57,7.55,-0.01,1,755,卖盘
2842,10:24:54,7.56,0.01,58,43848,买盘
2843,10:24:51,7.55,--,1098,828990,买盘
2844,10:24:48,7.55,0.01,4,3020,买盘
2845,10:24:45,7.54,-0.01,26,19604,卖盘
2846,10:24:42,7.55,--,26,19630,买盘
2847,10:24:39,7.55,--,18,13590,买盘
2848,10:24:36,7.55,--,75,56625,买盘
2849,10:24:33,7.55,0.01,5,3775,买盘
2850,10:24:30,7.54,-0.01,371,279734,卖盘
2851,10:24:21,7.55,--,16,12080,买盘
2852,10:24:18,7.55,0.01,57,43035,买盘
2853,10:24:15,7.54,-0.01,1,754,卖盘
2854,10:24:12,7.55,--,5,3775,买盘
2855,10:24:09,7.55,--,5,3775,买盘
2856,10:24:06,7.55,--,109,82295,买盘
2857,10:24:03,7.55,0.01,1,755,买盘
2858,10:24:00,7.54,--,47,35438,卖盘
2859,10:23:57,7.54,--,17,12818,卖盘
2860,10:23:48,7.54,-0.01,1,754,卖盘
2861,10:23:42,7.55,--,9,6795,买盘
2862,10:23:39,7.55,0.01,268,202340,买盘
2863,10:23:36,7.54,--,50,37700,卖盘
2864,10:23:33,7.54,-0.01,9,6786,卖盘
2865,10:23:30,7.55,0.01,6,4530,买盘
2866,10:23:27,7.54,-0.01,190,143260,卖盘
2867,10:23:18,7.55,0.01,1,755,买盘
2868,10:23:12,7.54,-0.01,1,754,卖盘
2869,10:23:06,7.55,--,17,12835,买盘
2870,10:23:03,7.55,0.01,8,6040,买盘
2871,10:23:00,7.54,-0.01,43,32422,卖盘
2872,10:22:57,7.55,0.01,51,38505,买盘
2873,10:22:54,7.54,-0.01,24,18096,卖盘
2874,10:22:42,7.55,0.01,9,6795,买盘
2875,10:22:39,7.54,-0.01,1,754,卖盘
2876,10:22:30,7.55,0.01,5,3775,买盘
2877,10:22:27,7.54,--,39,29406,卖盘
2878,10:22:24,7.54,-0.01,31,23374,卖盘
2879,10:22:21,7.55,--,10,7550,买盘
2880,10:22:18,7.55,0.01,70,52850,买盘
2881,10:22:15,7.54,-0.01,21,15834,卖盘
2882,10:22:09,7.55,0.01,21,15855,买盘
2883,10:22:06,7.54,--,26,19604,卖盘
2884,10:22:03,7.54,-0.01,1,754,卖盘
2885,10:22:00,7.55,0.01,14,10570,买盘
2886,10:21:57,7.54,-0.01,78,58812,卖盘
2887,10:21:54,7.55,--,14,10570,买盘
2888,10:21:51,7.55,0.01,30,22650,买盘
2889,10:21:48,7.54,-0.01,54,40716,卖盘
2890,10:21:45,7.55,--,1,755,买盘
2891,10:21:42,7.55,0.01,49,36995,买盘
2892,10:21:39,7.54,--,5,3770,卖盘
2893,10:21:27,7.54,--,10,7540,卖盘
2894,10:21:24,7.54,-0.01,49,36946,卖盘
2895,10:21:21,7.55,--,19,14345,买盘
2896,10:21:15,7.55,0.01,20,15100,买盘
2897,10:21:12,7.54,-0.01,65,49010,卖盘
2898,10:21:09,7.55,0.01,65,49075,买盘
2899,10:21:06,7.54,-0.01,52,39208,卖盘
2900,10:21:03,7.55,0.01,1,755,买盘
2901,10:21:00,7.54,--,9,6786,卖盘
2902,10:20:54,7.54,-0.01,3,2262,卖盘
2903,10:20:48,7.55,0.01,9,6795,买盘
2904,10:20:45,7.54,-0.01,412,310648,卖盘
