,time,price,change,volume,amount,type
0,15:00:03,11.33,-0.02,4793,5430469,卖盘
1,14:57:00,11.35,0.02,133,150955,买盘
2,14:56:57,11.33,-0.01,428,484924,卖盘
3,14:56:54,11.34,--,36,40824,卖盘
4,14:56:51,11.34,--,9,10206,卖盘
5,14:56:48,11.34,-0.01,12,13608,卖盘
6,14:56:45,11.35,--,36,40860,买盘
7,14:56:39,11.35,0.01,11,12485,买盘
8,14:56:36,11.34,--,69,78246,卖盘
9,14:56:33,11.34,--,10,11340,卖盘
10,14:56:30,11.34,--,175,198450,卖盘
11,14:56:27,11.34,--,55,62370,卖盘
12,14:56:24,11.34,--,205,232470,卖盘
13,14:56:21,11.34,-0.01,10,11340,卖盘
14,14:56:18,11.35,0.01,53,60745,买盘
15,14:56:15,11.34,-0.01,6,7348,卖盘
16,14:56:12,11.35,0.01,55,62425,买盘
17,14:56:09,11.34,--,112,127008,卖盘
18,14:56:06,11.34,-0.01,80,90720,卖盘
19,14:56:03,11.35,--,91,103875,买盘
20,14:56:00,11.35,0.02,88,99880,买盘
21,14:55:51,11.33,--,39,44187,卖盘
22,14:55:48,11.33,-0.01,431,488323,卖盘
23,14:55:45,11.34,--,95,107730,买盘
24,14:55:42,11.34,--,15,17010,卖盘
25,14:55:39,11.34,--,249,282366,卖盘
26,14:55:36,11.34,-0.01,13,14742,卖盘
27,14:55:33,11.35,--,23,26105,买盘
28,14:55:30,11.35,--,7,7945,买盘
29,14:55:27,11.35,0.02,91,103285,买盘
30,14:55:24,11.33,-0.02,275,311575,卖盘
31,14:55:21,11.35,0.01,66,74910,买盘
32,14:55:18,11.34,-0.01,53,60102,卖盘
33,14:55:15,11.35,0.01,54,61290,买盘
34,14:55:12,11.34,-0.01,227,257418,卖盘
35,14:55:09,11.35,--,81,91935,买盘
36,14:55:06,11.35,--,47,53345,买盘
37,14:55:03,11.35,--,5,5675,买盘
38,14:55:00,11.35,--,206,233810,买盘
39,14:54:57,11.35,--,80,90800,买盘
40,14:54:54,11.35,--,1,1135,买盘
41,14:54:51,11.35,0.01,20,22700,买盘
42,14:54:48,11.34,--,15,17010,卖盘
43,14:54:45,11.34,-0.01,212,240408,卖盘
44,14:54:42,11.35,--,37,41995,买盘
45,14:54:39,11.35,0.01,134,152090,买盘
46,14:54:36,11.34,-0.01,10,11340,卖盘
47,14:54:33,11.35,0.01,29,32915,买盘
48,14:54:30,11.34,-0.01,37,41958,卖盘
49,14:54:27,11.35,--,1083,1229205,买盘
50,14:54:24,11.35,--,196,222460,买盘
51,14:54:21,11.35,--,100,113500,买盘
52,14:54:18,11.35,0.01,33,37455,买盘
53,14:54:12,11.34,-0.01,45,51030,卖盘
54,14:54:09,11.35,0.01,319,362065,买盘
55,14:54:06,11.34,--,143,162162,买盘
56,14:54:03,11.34,--,25,28350,买盘
57,14:54:00,11.34,--,26,29484,买盘
58,14:53:57,11.34,--,107,121338,买盘
59,14:53:54,11.34,--,13,14742,买盘
60,14:53:51,11.34,0.01,40,45360,买盘
61,14:53:48,11.33,-0.01,9,10197,卖盘
62,14:53:45,11.34,0.01,33,37422,买盘
63,14:53:42,11.33,--,64,72512,卖盘
64,14:53:39,11.33,--,99,112167,卖盘
65,14:53:36,11.33,--,35,39655,卖盘
66,14:53:33,11.33,-0.01,48,54384,卖盘
67,14:53:30,11.34,0.01,35,39690,买盘
68,14:53:27,11.33,-0.01,12,13596,卖盘
69,14:53:24,11.34,--,6,6804,买盘
70,14:53:21,11.34,--,20,22680,买盘
71,14:53:18,11.34,0.01,10,11340,买盘
72,14:53:15,11.33,-0.01,22,24926,卖盘
73,14:53:12,11.34,-0.01,9,10206,卖盘
74,14:53:09,11.35,0.01,64,72640,买盘
75,14:53:06,11.34,-0.01,11,12474,卖盘
76,14:53:03,11.35,0.01,106,120310,买盘
77,14:53:00,11.34,-0.01,31,35154,中性盘
78,14:52:57,11.35,0.02,104,118040,买盘
79,14:52:54,11.33,--,27,30591,卖盘
80,14:52:51,11.33,-0.02,152,172216,卖盘
81,14:52:48,11.35,--,264,299640,卖盘
82,14:52:45,11.35,--,60,68100,卖盘
83,14:52:42,11.35,--,83,94205,卖盘
84,14:52:39,11.35,0.02,68,77180,中性盘
85,14:52:36,11.33,--,83,94039,卖盘
86,14:52:33,11.33,-0.02,1167,1323185,卖盘
87,14:52:30,11.35,--,29,32915,卖盘
88,14:52:27,11.35,--,82,93070,卖盘
89,14:52:24,11.35,--,344,390440,卖盘
90,14:52:21,11.35,-0.01,76,86260,卖盘
91,14:52:18,11.36,--,20,22720,买盘
92,14:52:15,11.36,--,1,1136,买盘
93,14:52:06,11.36,0.01,64,72704,买盘
94,14:52:03,11.35,-0.01,64,72640,卖盘
95,14:52:00,11.36,--,5,5680,买盘
96,14:51:57,11.36,--,155,176080,买盘
97,14:51:54,11.36,--,22,24992,买盘
98,14:51:51,11.36,--,119,135184,卖盘
99,14:51:48,11.36,-0.01,97,110192,卖盘
100,14:51:45,11.37,0.01,32,36384,买盘
101,14:51:42,11.36,--,244,277184,卖盘
102,14:51:39,11.36,-0.01,219,248784,卖盘
103,14:51:36,11.37,0.01,193,219440,买盘
104,14:51:33,11.36,-0.01,79,89744,卖盘
105,14:51:30,11.37,0.01,14,15917,买盘
106,14:51:27,11.36,-0.01,10,11360,卖盘
107,14:51:24,11.37,0.01,55,62534,买盘
108,14:51:21,11.36,-0.01,28,31808,卖盘
109,14:51:18,11.37,--,12,13643,买盘
110,14:51:12,11.37,--,370,420690,卖盘
111,14:51:09,11.37,--,210,238769,卖盘
112,14:51:06,11.37,--,171,194427,卖盘
113,14:51:03,11.37,-0.01,6,6821,卖盘
114,14:51:00,11.38,0.01,50,56900,买盘
115,14:50:57,11.37,-0.01,349,396813,卖盘
116,14:50:54,11.38,--,1154,1313252,卖盘
117,14:50:45,11.38,-0.01,26,29588,卖盘
118,14:50:42,11.39,--,2,2278,买盘
119,14:50:36,11.39,--,3,3417,卖盘
120,14:50:30,11.39,--,2,2278,卖盘
121,14:50:27,11.39,-0.01,96,109344,卖盘
122,14:50:24,11.4,0.01,1,1140,买盘
123,14:50:21,11.39,--,1,1139,卖盘
124,14:50:18,11.39,-0.01,25,28475,卖盘
125,14:50:15,11.4,0.01,65,74100,买盘
126,14:50:12,11.39,-0.01,122,138958,卖盘
127,14:50:09,11.4,--,76,86640,买盘
128,14:50:03,11.4,--,78,88920,买盘
129,14:49:57,11.4,0.01,58,66120,买盘
130,14:49:54,11.39,--,137,156043,卖盘
131,14:49:51,11.39,--,63,71757,卖盘
132,14:49:48,11.39,0.01,118,134402,中性盘
133,14:49:42,11.38,-0.01,118,134284,卖盘
134,14:49:39,11.39,0.01,31,35309,买盘
135,14:49:36,11.38,--,19,21622,卖盘
136,14:49:30,11.38,-0.01,31,35278,卖盘
137,14:49:27,11.39,0.01,12,13668,买盘
138,14:49:24,11.38,-0.02,30,34140,卖盘
139,14:49:21,11.4,0.01,72,82080,买盘
140,14:49:18,11.39,0.01,4,4556,买盘
141,14:49:15,11.38,-0.01,68,77384,卖盘
142,14:49:12,11.39,--,292,332588,卖盘
143,14:49:09,11.39,--,73,83147,卖盘
144,14:49:06,11.39,--,36,41004,买盘
145,14:49:03,11.39,0.01,72,82008,买盘
146,14:49:00,11.38,--,98,111524,卖盘
147,14:48:57,11.38,-0.02,61,69418,卖盘
148,14:48:54,11.4,0.02,216,246240,买盘
149,14:48:51,11.38,--,15,17070,卖盘
150,14:48:48,11.38,-0.01,71,80798,卖盘
151,14:48:45,11.39,0.01,23,26197,买盘
152,14:48:42,11.38,--,61,69418,卖盘
153,14:48:39,11.38,-0.01,239,271982,卖盘
154,14:48:36,11.39,0.01,10,11390,买盘
155,14:48:33,11.38,-0.01,35,39830,卖盘
156,14:48:27,11.39,0.01,60,68340,买盘
157,14:48:24,11.38,--,29,33002,卖盘
158,14:48:21,11.38,--,200,227600,卖盘
159,14:48:18,11.38,--,253,287914,卖盘
160,14:48:06,11.38,-0.01,10,11380,卖盘
161,14:48:03,11.39,--,11,12529,买盘
162,14:48:00,11.39,--,12,13668,买盘
163,14:47:57,11.39,--,74,84286,卖盘
164,14:47:51,11.39,--,85,96815,卖盘
165,14:47:48,11.39,--,200,227800,卖盘
166,14:47:45,11.39,--,23,26197,卖盘
167,14:47:39,11.39,--,5,5695,卖盘
168,14:47:36,11.39,-0.01,66,75174,买盘
169,14:47:33,11.4,--,208,237120,买盘
170,14:47:30,11.4,0.01,124,141360,买盘
171,14:47:27,11.39,-0.01,1,1139,卖盘
172,14:47:21,11.4,0.01,102,116280,买盘
173,14:47:18,11.39,--,713,812107,卖盘
174,14:47:15,11.39,--,66,75174,卖盘
175,14:47:12,11.39,-0.02,1,1139,卖盘
176,14:47:09,11.41,0.01,44,50204,买盘
177,14:47:06,11.4,0.01,20,22800,买盘
178,14:47:03,11.39,--,47,53533,卖盘
179,14:47:00,11.39,-0.01,434,494326,卖盘
180,14:46:57,11.4,-0.01,85,96900,卖盘
181,14:46:54,11.41,0.01,10,11410,买盘
182,14:46:51,11.4,-0.01,15,17100,卖盘
183,14:46:48,11.41,--,1,1141,卖盘
184,14:46:45,11.41,--,40,45640,卖盘
185,14:46:42,11.41,0.01,59,67319,买盘
186,14:46:39,11.4,--,50,57000,卖盘
187,14:46:36,11.4,--,7,7980,卖盘
188,14:46:33,11.4,--,95,108300,卖盘
189,14:46:30,11.4,-0.01,131,149340,卖盘
190,14:46:27,11.41,--,36,41076,卖盘
191,14:46:21,11.41,--,7,7987,卖盘
192,14:46:18,11.41,--,20,22820,卖盘
193,14:46:15,11.41,--,154,175714,买盘
194,14:46:12,11.41,0.01,5,5705,买盘
195,14:46:09,11.4,--,15,17100,卖盘
196,14:46:06,11.4,-0.01,93,106020,卖盘
197,14:46:03,11.41,0.01,14,15974,买盘
198,14:46:00,11.4,--,35,39900,卖盘
199,14:45:57,11.4,--,4,4560,卖盘
200,14:45:51,11.4,--,7,7980,卖盘
201,14:45:48,11.4,--,76,86640,卖盘
202,14:45:42,11.4,-0.02,665,758100,卖盘
203,14:45:39,11.42,0.01,32,36544,买盘
204,14:45:36,11.41,--,2,2282,卖盘
205,14:45:33,11.41,-0.01,15,17115,卖盘
206,14:45:30,11.42,0.01,30,34260,买盘
207,14:45:27,11.41,--,2,2282,卖盘
208,14:45:18,11.41,-0.01,47,53627,卖盘
209,14:45:09,11.42,--,39,44538,卖盘
210,14:45:06,11.42,--,51,58242,卖盘
211,14:45:00,11.42,--,9,10278,卖盘
212,14:44:57,11.42,0.01,301,343742,买盘
213,14:44:54,11.41,0.01,39,44499,买盘
214,14:44:51,11.4,--,19,21660,卖盘
215,14:44:39,11.4,-0.02,14,15960,卖盘
216,14:44:33,11.42,--,36,41112,买盘
217,14:44:27,11.42,0.01,6,6852,买盘
218,14:44:21,11.41,--,5,5705,卖盘
219,14:44:18,11.41,-0.01,20,22820,中性盘
220,14:44:12,11.42,0.02,48,54816,买盘
221,14:44:09,11.4,--,10,11400,卖盘
222,14:44:06,11.4,-0.01,396,451440,卖盘
223,14:44:03,11.41,0.01,4,4564,买盘
224,14:43:57,11.4,-0.01,34,38760,卖盘
225,14:43:54,11.41,--,108,123228,卖盘
226,14:43:48,11.41,--,17,19397,卖盘
227,14:43:45,11.41,--,4,4564,卖盘
228,14:43:42,11.41,--,24,27384,中性盘
229,14:43:36,11.41,-0.01,4,4564,卖盘
230,14:43:33,11.42,0.01,7,7994,买盘
231,14:43:30,11.41,--,2,2282,卖盘
232,14:43:27,11.41,0.01,125,142625,中性盘
233,14:43:12,11.4,-0.02,28,31920,卖盘
234,14:43:09,11.42,0.01,61,69662,买盘
235,14:43:06,11.41,0.01,173,197393,买盘
236,14:43:03,11.4,--,3,3420,卖盘
237,14:43:00,11.4,--,33,37620,卖盘
238,14:42:57,11.4,--,39,44460,卖盘
239,14:42:54,11.4,--,20,22800,卖盘
240,14:42:45,11.4,--,15,17100,卖盘
241,14:42:39,11.4,--,28,31920,卖盘
242,14:42:36,11.4,--,202,230280,卖盘
243,14:42:30,11.4,--,18,20520,卖盘
244,14:42:27,11.4,--,108,123120,卖盘
245,14:42:24,11.4,--,46,52440,卖盘
246,14:42:21,11.4,--,1,1140,卖盘
247,14:42:18,11.4,--,14,15960,卖盘
248,14:42:15,11.4,--,45,51300,卖盘
249,14:42:09,11.4,--,4,4560,卖盘
250,14:42:06,11.4,--,58,66120,卖盘
251,14:42:03,11.4,-0.01,94,107160,卖盘
252,14:42:00,11.41,0.01,1,1141,买盘
253,14:41:48,11.4,--,40,45600,卖盘
254,14:41:39,11.4,-0.01,20,22800,卖盘
255,14:41:36,11.41,0.01,140,159740,买盘
256,14:41:33,11.4,--,17,19380,卖盘
257,14:41:27,11.4,--,51,58140,卖盘
258,14:41:24,11.4,--,431,491340,卖盘
259,14:41:21,11.4,--,32,36480,卖盘
260,14:41:18,11.4,--,22,25080,卖盘
261,14:41:15,11.4,--,161,183540,卖盘
262,14:41:09,11.4,--,40,45600,卖盘
263,14:41:06,11.4,--,32,36480,卖盘
264,14:41:03,11.4,--,172,196080,卖盘
265,14:41:00,11.4,-0.01,100,114000,卖盘
266,14:40:57,11.41,0.01,6,6846,买盘
267,14:40:54,11.4,--,17,19380,卖盘
268,14:40:51,11.4,--,77,87780,卖盘
269,14:40:48,11.4,-0.02,700,798000,卖盘
270,14:40:45,11.42,--,10,11420,买盘
271,14:40:42,11.42,0.01,19,21698,买盘
272,14:40:39,11.41,-0.01,70,79870,卖盘
273,14:40:36,11.42,--,100,114200,买盘
274,14:40:33,11.42,--,4,4568,买盘
275,14:40:30,11.42,--,22,25124,买盘
276,14:40:27,11.42,--,67,76514,卖盘
277,14:40:24,11.42,-0.01,3,3426,卖盘
278,14:40:18,11.43,0.01,4,4572,买盘
279,14:40:15,11.42,0.01,9,10278,买盘
280,14:40:12,11.41,--,11,12551,卖盘
281,14:40:09,11.41,-0.01,8,9128,卖盘
282,14:40:06,11.42,-0.01,47,53674,卖盘
283,14:40:03,11.43,0.01,4,4572,买盘
284,14:39:57,11.42,--,13,14846,卖盘
285,14:39:54,11.42,--,8,9136,卖盘
286,14:39:51,11.42,0.01,32,36544,买盘
287,14:39:48,11.41,--,11,12551,卖盘
288,14:39:42,11.41,--,11,12551,卖盘
289,14:39:39,11.41,-0.01,22,25102,卖盘
290,14:39:36,11.42,--,29,33118,买盘
291,14:39:33,11.42,--,100,114200,买盘
292,14:39:27,11.42,--,20,22840,买盘
293,14:39:21,11.42,0.01,5,5710,买盘
294,14:39:15,11.41,-0.01,36,41076,卖盘
295,14:39:12,11.42,0.01,88,100496,中性盘
296,14:39:06,11.41,--,23,26243,卖盘
297,14:39:03,11.41,--,151,172291,卖盘
298,14:39:00,11.41,--,50,57050,卖盘
299,14:38:57,11.41,-0.01,665,758765,卖盘
300,14:38:51,11.42,--,3,3426,买盘
301,14:38:48,11.42,0.01,8,9136,买盘
302,14:38:42,11.41,-0.01,11,12551,卖盘
303,14:38:39,11.42,--,1,1142,卖盘
304,14:38:36,11.42,0.01,15,17130,卖盘
305,14:38:33,11.41,--,2,2282,卖盘
306,14:38:30,11.41,-0.01,1,1141,卖盘
307,14:38:24,11.42,--,28,31976,卖盘
308,14:38:21,11.42,0.01,10,11420,中性盘
309,14:38:18,11.41,-0.03,3,3423,卖盘
310,14:38:15,11.44,--,3,3432,买盘
311,14:38:12,11.44,0.03,71,81224,买盘
312,14:38:09,11.41,--,38,43358,卖盘
313,14:38:06,11.41,--,545,621845,卖盘
314,14:38:03,11.41,--,15,17115,卖盘
315,14:38:00,11.41,-0.01,55,62755,卖盘
316,14:37:57,11.42,--,547,624674,卖盘
317,14:37:54,11.42,--,145,165590,卖盘
318,14:37:48,11.42,0.01,115,131330,买盘
319,14:37:42,11.41,--,110,125510,卖盘
320,14:37:39,11.41,-0.01,665,758765,卖盘
321,14:37:33,11.42,--,17,19414,卖盘
322,14:37:30,11.42,-0.01,13,14846,卖盘
323,14:37:27,11.43,0.01,33,37719,买盘
324,14:37:24,11.42,-0.01,1,1142,卖盘
325,14:37:15,11.43,0.01,2,2286,买盘
326,14:37:12,11.42,--,93,106206,卖盘
327,14:37:06,11.42,-0.01,12,13704,卖盘
328,14:37:03,11.43,--,54,61722,卖盘
329,14:37:00,11.43,-0.01,34,38862,卖盘
330,14:36:57,11.44,0.01,30,34320,买盘
331,14:36:54,11.43,-0.01,8,9144,卖盘
332,14:36:51,11.44,0.01,1,1144,买盘
333,14:36:48,11.43,--,10,11430,买盘
334,14:36:45,11.43,0.01,114,130302,买盘
335,14:36:42,11.42,-0.01,14,15988,卖盘
336,14:36:39,11.43,0.01,6,6858,卖盘
337,14:36:30,11.42,--,83,94786,卖盘
338,14:36:24,11.42,-0.02,665,759430,卖盘
339,14:36:21,11.44,0.01,17,19448,中性盘
340,14:36:18,11.43,--,12,13716,卖盘
341,14:36:03,11.43,-0.02,6,6858,卖盘
342,14:36:00,11.45,0.02,47,53815,买盘
343,14:35:54,11.43,0.01,10,11430,中性盘
344,14:35:51,11.42,-0.02,200,228400,卖盘
345,14:35:48,11.44,0.01,4,4576,买盘
346,14:35:45,11.43,-0.01,10,11430,卖盘
347,14:35:42,11.44,--,14,16016,买盘
348,14:35:39,11.44,--,7,8008,买盘
349,14:35:36,11.44,--,22,25168,卖盘
350,14:35:30,11.44,-0.01,18,20592,卖盘
351,14:35:24,11.45,0.02,2,2290,买盘
352,14:35:21,11.43,--,13,14859,卖盘
353,14:35:18,11.43,-0.01,58,66294,卖盘
354,14:35:15,11.44,0.02,19,21736,买盘
355,14:35:09,11.42,-0.01,678,774276,卖盘
356,14:35:06,11.43,-0.01,12,13716,卖盘
357,14:35:03,11.44,--,24,27456,买盘
358,14:35:00,11.44,0.01,13,14872,买盘
359,14:34:57,11.43,-0.01,4,4572,卖盘
360,14:34:54,11.44,--,5,5720,买盘
361,14:34:51,11.44,0.01,1,1144,买盘
362,14:34:27,11.43,-0.01,4,4572,卖盘
363,14:34:21,11.44,0.01,14,16016,买盘
364,14:34:15,11.43,-0.01,15,17145,卖盘
365,14:34:00,11.44,0.01,20,22880,买盘
366,14:33:57,11.43,-0.01,4,4572,卖盘
367,14:33:51,11.44,0.01,25,28600,买盘
368,14:33:48,11.43,-0.01,204,233172,卖盘
369,14:33:45,11.44,--,2,2288,卖盘
370,14:33:39,11.44,-0.01,9,10296,卖盘
371,14:33:36,11.45,0.01,2,2290,买盘
372,14:33:27,11.44,--,4,4576,卖盘
373,14:33:21,11.44,--,1,1144,卖盘
374,14:33:18,11.44,--,5,5720,卖盘
375,14:33:15,11.44,--,7,8008,卖盘
376,14:33:09,11.44,--,10,11440,卖盘
377,14:33:06,11.44,--,1,1144,卖盘
378,14:33:03,11.44,0.01,23,26312,买盘
379,14:33:00,11.43,--,90,102870,卖盘
380,14:32:57,11.43,--,4,4572,卖盘
381,14:32:54,11.43,-0.01,27,30861,卖盘
382,14:32:51,11.44,0.01,31,35464,买盘
383,14:32:39,11.43,--,10,11430,卖盘
384,14:32:27,11.43,--,10,11430,卖盘
385,14:32:24,11.43,--,10,11430,卖盘
386,14:32:21,11.43,--,6,6858,卖盘
387,14:32:15,11.43,--,15,17145,卖盘
388,14:32:12,11.43,-0.01,50,57150,卖盘
389,14:32:03,11.44,--,1,1144,买盘
390,14:32:00,11.44,0.01,10,11440,买盘
391,14:31:57,11.43,--,4,4572,卖盘
392,14:31:51,11.43,--,1,1143,卖盘
393,14:31:42,11.43,-0.02,61,69723,卖盘
394,14:31:39,11.45,0.02,1,1145,买盘
395,14:31:33,11.43,-0.02,9,10287,卖盘
396,14:31:30,11.45,0.02,2,2290,买盘
397,14:31:24,11.43,-0.02,4,4572,卖盘
398,14:31:15,11.45,0.02,1,1145,买盘
399,14:31:12,11.43,-0.02,45,51435,卖盘
400,14:30:57,11.45,0.02,558,638910,买盘
401,14:30:54,11.43,--,76,86868,卖盘
402,14:30:51,11.43,--,2,2286,卖盘
403,14:30:48,11.43,0.01,41,46863,买盘
404,14:30:45,11.42,-0.01,1,1142,卖盘
405,14:30:39,11.43,--,42,48006,买盘
406,14:30:36,11.43,--,18,20574,中性盘
407,14:30:30,11.43,--,10,11430,卖盘
408,14:30:27,11.43,--,17,19431,卖盘
409,14:30:24,11.43,-0.01,6,6858,卖盘
410,14:30:18,11.44,0.01,4,4576,买盘
411,14:30:15,11.43,-0.01,36,41148,卖盘
412,14:30:12,11.44,--,71,81224,买盘
413,14:30:09,11.44,0.01,1,1144,买盘
414,14:30:06,11.43,--,63,72009,买盘
415,14:29:57,11.43,0.01,5,5715,买盘
416,14:29:54,11.42,-0.01,4,4568,卖盘
417,14:29:51,11.43,--,1,1143,买盘
418,14:29:48,11.43,0.01,31,35433,买盘
419,14:29:45,11.42,-0.01,16,18272,卖盘
420,14:29:42,11.43,--,10,11430,买盘
421,14:29:39,11.43,--,4,4572,买盘
422,14:29:36,11.43,--,2,2286,买盘
423,14:29:30,11.43,--,8,9144,买盘
424,14:29:24,11.43,--,91,104013,买盘
425,14:29:09,11.43,--,10,11430,买盘
426,14:29:00,11.43,--,1,1143,买盘
427,14:28:57,11.43,--,11,12573,卖盘
428,14:28:54,11.43,--,27,30861,卖盘
429,14:28:48,11.43,--,103,118014,买盘
430,14:28:45,11.43,--,30,34290,买盘
431,14:28:42,11.43,0.01,2,2286,买盘
432,14:28:39,11.42,--,152,173584,卖盘
433,14:28:36,11.42,-0.01,14,15988,卖盘
434,14:28:33,11.43,0.01,300,342900,买盘
435,14:28:30,11.42,--,3,3426,卖盘
436,14:28:24,11.42,--,4,4568,卖盘
437,14:28:15,11.42,--,1,1142,卖盘
438,14:28:03,11.42,-0.01,202,230684,卖盘
439,14:28:00,11.43,--,1,1143,买盘
440,14:27:57,11.43,0.01,93,106299,买盘
441,14:27:54,11.42,-0.01,41,46822,卖盘
442,14:27:51,11.43,0.01,1,1143,买盘
443,14:27:45,11.42,-0.01,60,68520,卖盘
444,14:27:39,11.43,--,30,34290,买盘
445,14:27:36,11.43,0.01,10,11430,买盘
446,14:27:33,11.42,--,50,57100,卖盘
447,14:27:21,11.42,-0.01,18,20556,卖盘
448,14:27:18,11.43,0.01,6,6858,买盘
449,14:27:06,11.42,-0.01,38,43396,卖盘
450,14:26:54,11.43,0.01,34,38862,买盘
451,14:26:51,11.42,--,5,5710,卖盘
452,14:26:39,11.42,--,1,1142,卖盘
453,14:26:30,11.42,--,12,13726,买盘
454,14:26:24,11.42,--,44,51367,卖盘
455,14:26:21,11.42,0.01,22,25146,买盘
456,14:26:15,11.41,-0.01,221,252161,卖盘
457,14:26:09,11.42,--,1,1142,买盘
458,14:26:06,11.42,--,20,22840,买盘
459,14:26:03,11.42,--,16,18272,买盘
460,14:26:00,11.42,--,6,7971,卖盘
461,14:25:54,11.42,--,1,1142,卖盘
462,14:25:51,11.42,--,47,53674,卖盘
463,14:25:48,11.42,0.01,246,280954,买盘
464,14:25:42,11.41,-0.01,21,23961,卖盘
465,14:25:39,11.42,--,4,4568,买盘
466,14:25:33,11.42,0.01,6,6852,买盘
467,14:25:21,11.41,--,14,15974,卖盘
468,14:25:12,11.41,-0.01,60,68460,卖盘
469,14:25:09,11.42,--,21,23982,买盘
470,14:25:06,11.42,0.01,2,2284,买盘
471,14:25:03,11.41,--,1,1141,卖盘
472,14:25:00,11.41,--,3,3423,卖盘
473,14:24:57,11.41,--,116,132356,卖盘
474,14:24:54,11.41,-0.01,109,124369,卖盘
475,14:24:51,11.42,0.01,5,5710,买盘
476,14:24:45,11.41,--,150,171150,卖盘
477,14:24:42,11.41,-0.01,21,23961,卖盘
478,14:24:36,11.42,0.01,137,156454,买盘
479,14:24:33,11.41,-0.01,446,508886,卖盘
480,14:24:30,11.42,0.01,1,1142,买盘
481,14:24:27,11.41,-0.01,51,58191,卖盘
482,14:24:24,11.42,0.01,7,7994,买盘
483,14:24:21,11.41,-0.01,4,4564,卖盘
484,14:24:18,11.42,0.01,50,57100,买盘
485,14:24:15,11.41,-0.01,45,51345,卖盘
486,14:24:12,11.42,--,8,9136,买盘
487,14:24:09,11.42,0.01,636,726312,买盘
488,14:24:06,11.41,--,17,19397,卖盘
489,14:24:03,11.41,--,1,1141,卖盘
490,14:23:54,11.41,--,4,4564,卖盘
491,14:23:51,11.41,--,8,9128,卖盘
492,14:23:42,11.41,--,97,110677,卖盘
493,14:23:39,11.41,-0.01,50,57050,卖盘
494,14:23:36,11.42,0.01,55,62810,买盘
495,14:23:27,11.41,--,34,38794,卖盘
496,14:23:24,11.41,--,80,91280,卖盘
497,14:23:21,11.41,-0.01,9,10269,卖盘
498,14:23:18,11.42,--,1,1142,买盘
499,14:23:15,11.42,--,156,179271,卖盘
500,14:23:12,11.42,--,10,11420,卖盘
501,14:23:06,11.42,--,18,20556,卖盘
502,14:22:51,11.42,-0.01,393,448828,卖盘
503,14:22:48,11.43,--,1,1143,买盘
504,14:22:45,11.43,0.01,7,8001,买盘
505,14:22:42,11.42,-0.01,43,49106,卖盘
506,14:22:39,11.43,0.01,42,48006,买盘
507,14:22:36,11.42,--,27,30834,卖盘
508,14:22:33,11.42,-0.01,10,11420,卖盘
509,14:22:30,11.43,0.01,6,6858,买盘
510,14:22:27,11.42,-0.01,1,1142,卖盘
511,14:22:24,11.43,0.01,5,5715,买盘
512,14:22:21,11.42,--,39,44538,卖盘
513,14:22:18,11.42,-0.01,23,26266,卖盘
514,14:22:09,11.43,0.01,2,2286,买盘
515,14:22:06,11.42,--,18,20556,卖盘
516,14:22:03,11.42,--,72,82224,卖盘
517,14:22:00,11.42,--,7,7994,卖盘
518,14:21:57,11.42,--,17,19414,卖盘
519,14:21:54,11.42,--,20,22840,卖盘
520,14:21:51,11.42,--,24,27408,卖盘
521,14:21:48,11.42,-0.02,10,11420,卖盘
522,14:21:45,11.44,0.01,14,16016,买盘
523,14:21:39,11.43,--,5,5715,买盘
524,14:21:36,11.43,--,3,3429,卖盘
525,14:21:33,11.43,-0.01,103,117729,卖盘
526,14:21:30,11.44,--,201,229944,买盘
527,14:21:27,11.44,0.01,15,17160,买盘
528,14:21:24,11.43,--,4,4572,卖盘
529,14:21:21,11.43,--,4,4572,卖盘
530,14:21:12,11.43,--,35,40005,卖盘
531,14:21:09,11.43,0.01,28,32004,买盘
532,14:21:06,11.42,--,97,110774,卖盘
533,14:21:00,11.42,-0.02,22,25124,卖盘
534,14:20:57,11.44,0.02,51,58344,买盘
535,14:20:54,11.42,-0.01,20,22840,卖盘
536,14:20:48,11.43,--,11,13430,卖盘
537,14:20:45,11.43,--,15,17145,卖盘
538,14:20:36,11.43,--,17,19431,卖盘
539,14:20:33,11.43,--,80,91440,卖盘
540,14:20:30,11.43,--,82,93726,卖盘
541,14:20:27,11.43,--,40,45720,卖盘
542,14:20:24,11.43,--,3,3429,卖盘
543,14:20:18,11.43,--,73,83439,卖盘
544,14:20:12,11.43,-0.01,1,1143,卖盘
545,14:20:09,11.44,0.01,2,2288,买盘
546,14:20:06,11.43,--,185,211455,卖盘
547,14:20:03,11.43,--,97,110871,卖盘
548,14:20:00,11.43,-0.01,7,8001,卖盘
549,14:19:51,11.44,--,8,9152,买盘
550,14:19:48,11.44,0.01,6,6864,买盘
551,14:19:42,11.43,--,100,114300,卖盘
552,14:19:39,11.43,--,78,89154,卖盘
553,14:19:36,11.43,--,17,19431,卖盘
554,14:19:33,11.43,--,7,8001,卖盘
555,14:19:30,11.43,--,80,91474,卖盘
556,14:19:27,11.43,-0.01,104,118872,卖盘
557,14:19:24,11.44,--,1,1144,买盘
558,14:19:21,11.44,--,47,53768,买盘
559,14:19:18,11.44,0.01,6,6864,买盘
560,14:19:09,11.43,--,3,3429,卖盘
561,14:19:06,11.43,--,17,19431,卖盘
562,14:19:03,11.43,--,3,3429,卖盘
563,14:19:00,11.43,--,88,100584,卖盘
564,14:18:51,11.43,--,82,93726,卖盘
565,14:18:48,11.43,--,4,4572,卖盘
566,14:18:42,11.43,-0.01,1,1143,卖盘
567,14:18:39,11.44,0.01,2,2288,买盘
568,14:18:36,11.43,--,17,19431,卖盘
569,14:18:33,11.43,--,40,45720,卖盘
570,14:18:30,11.43,--,86,98298,卖盘
571,14:18:27,11.43,--,79,90297,卖盘
572,14:18:24,11.43,--,7,8001,卖盘
573,14:18:18,11.43,-0.01,4,4572,卖盘
574,14:18:09,11.44,0.01,53,60632,买盘
575,14:18:06,11.43,--,22,25146,卖盘
576,14:18:03,11.43,--,112,128016,卖盘
577,14:17:54,11.43,--,10,11430,卖盘
578,14:17:48,11.43,--,10,11430,卖盘
579,14:17:45,11.43,--,9,10287,卖盘
580,14:17:39,11.43,0.01,178,203705,买盘
581,14:17:33,11.42,-0.01,17,19414,卖盘
582,14:17:30,11.43,0.01,2,2286,买盘
583,14:17:27,11.42,-0.01,10,11420,卖盘
584,14:17:24,11.43,--,7,8001,买盘
585,14:17:21,11.43,--,6,6858,买盘
586,14:17:18,11.43,0.01,33,37719,买盘
587,14:17:15,11.42,-0.01,94,107348,卖盘
588,14:17:09,11.43,0.01,40,45720,买盘
589,14:17:06,11.42,--,1,1142,卖盘
590,14:17:03,11.42,--,118,134756,卖盘
591,14:17:00,11.42,-0.01,67,76514,卖盘
592,14:16:57,11.43,--,25,28575,买盘
593,14:16:54,11.43,--,160,182880,买盘
594,14:16:51,11.43,--,80,91440,买盘
595,14:16:48,11.43,--,42,48006,买盘
596,14:16:45,11.43,--,55,62865,买盘
597,14:16:42,11.43,--,1,1143,买盘
598,14:16:39,11.43,0.01,4,4572,买盘
599,14:16:36,11.42,--,330,376860,卖盘
600,14:16:33,11.42,-0.01,23,26266,卖盘
601,14:16:30,11.43,--,70,80010,买盘
602,14:16:24,11.43,--,15,17145,买盘
603,14:16:21,11.43,--,4,4572,买盘
604,14:16:18,11.43,0.01,54,61722,买盘
605,14:16:15,11.42,-0.01,17,19414,卖盘
606,14:16:09,11.43,0.01,16,18288,买盘
607,14:16:03,11.42,-0.01,40,45680,卖盘
608,14:16:00,11.43,--,4,4572,买盘
609,14:15:57,11.43,--,2,2286,买盘
610,14:15:48,11.43,0.01,2,2286,买盘
611,14:15:45,11.42,-0.01,4,4568,卖盘
612,14:15:42,11.43,--,20,22860,买盘
613,14:15:33,11.43,--,20,22860,买盘
614,14:15:30,11.43,--,1,1143,买盘
615,14:15:24,11.43,0.01,11,12573,买盘
616,14:15:21,11.42,-0.01,6,6852,卖盘
617,14:15:18,11.43,0.01,1,1143,买盘
618,14:15:15,11.42,-0.01,4,4568,卖盘
619,14:15:09,11.43,--,4,4572,买盘
620,14:15:06,11.43,0.01,5,5715,买盘
621,14:15:03,11.42,-0.01,68,77656,卖盘
622,14:15:00,11.43,--,25,28575,买盘
623,14:14:54,11.43,--,79,90297,买盘
624,14:14:51,11.43,0.01,11,12573,买盘
625,14:14:45,11.42,--,4,4568,卖盘
626,14:14:42,11.42,--,57,65094,卖盘
627,14:14:39,11.42,-0.01,41,46822,卖盘
628,14:14:36,11.43,--,17,19431,买盘
629,14:14:33,11.43,0.01,30,34290,买盘
630,14:14:24,11.42,--,31,35402,卖盘
631,14:14:21,11.42,--,85,97070,卖盘
632,14:14:18,11.42,-0.01,4,4568,卖盘
633,14:14:15,11.43,0.01,11,12573,买盘
634,14:14:12,11.42,--,5,5710,卖盘
635,14:14:09,11.42,--,3,3426,卖盘
636,14:14:06,11.42,--,100,114200,卖盘
637,14:14:03,11.42,--,89,101638,卖盘
638,14:14:00,11.42,-0.01,12,13704,卖盘
639,14:13:57,11.43,--,201,229743,买盘
640,14:13:54,11.43,0.01,53,60579,买盘
641,14:13:51,11.42,--,7,7994,卖盘
642,14:13:48,11.42,--,81,92502,卖盘
643,14:13:42,11.42,--,40,45680,卖盘
644,14:13:39,11.42,--,213,243246,卖盘
645,14:13:33,11.42,-0.01,17,19414,卖盘
646,14:13:27,11.43,0.01,3,3429,买盘
647,14:13:24,11.42,-0.01,210,239820,卖盘
648,14:13:21,11.43,0.01,2,2286,买盘
649,14:13:15,11.42,--,80,91360,卖盘
650,14:13:12,11.42,-0.01,4,4568,卖盘
651,14:13:06,11.43,0.01,29,33147,买盘
652,14:13:03,11.42,-0.01,23,26266,卖盘
653,14:13:00,11.43,-0.01,1062,1213866,卖盘
654,14:12:57,11.44,0.01,1,1144,买盘
655,14:12:51,11.43,--,100,114300,卖盘
656,14:12:48,11.43,--,18,20574,卖盘
657,14:12:45,11.43,-0.01,7,8001,卖盘
658,14:12:42,11.44,0.01,18,20592,买盘
659,14:12:39,11.43,--,6,6858,卖盘
660,14:12:33,11.43,--,22,25146,卖盘
661,14:12:30,11.43,--,10,11430,卖盘
662,14:12:24,11.43,--,10,11430,卖盘
663,14:12:18,11.43,--,104,118872,买盘
664,14:12:15,11.43,-0.01,20,22860,买盘
665,14:12:12,11.44,0.01,6,6864,买盘
666,14:12:09,11.43,--,451,515493,卖盘
667,14:12:06,11.43,--,2,2286,卖盘
668,14:12:03,11.43,--,21,24003,卖盘
669,14:12:00,11.43,--,20,22860,卖盘
670,14:11:57,11.43,-0.01,4,4572,卖盘
671,14:11:54,11.44,0.01,201,229944,买盘
672,14:11:51,11.43,-0.01,3,3429,卖盘
673,14:11:48,11.44,0.01,1,1144,买盘
674,14:11:45,11.43,--,28,32004,卖盘
675,14:11:42,11.43,--,55,62865,卖盘
676,14:11:39,11.43,--,182,208026,卖盘
677,14:11:33,11.43,--,22,25146,卖盘
678,14:11:30,11.43,--,50,57150,卖盘
679,14:11:27,11.43,-0.01,69,78867,卖盘
680,14:11:24,11.44,0.01,13,14872,买盘
681,14:11:21,11.43,--,78,89154,卖盘
682,14:11:15,11.43,--,11,12573,卖盘
683,14:11:09,11.43,-0.01,7,8001,卖盘
684,14:11:06,11.44,0.01,4,4576,买盘
685,14:11:03,11.43,-0.01,126,144018,卖盘
686,14:11:00,11.44,--,4,4576,买盘
687,14:10:51,11.44,-0.01,81,93441,卖盘
688,14:10:48,11.45,--,256,293120,买盘
689,14:10:45,11.45,0.01,778,890810,买盘
690,14:10:39,11.44,-0.01,20,22880,卖盘
691,14:10:36,11.45,0.01,291,333653,买盘
692,14:10:33,11.44,--,24,27456,卖盘
693,14:10:30,11.44,--,130,148720,卖盘
694,14:10:27,11.44,-0.01,8,9152,卖盘
695,14:10:24,11.45,0.01,13,14884,买盘
696,14:10:18,11.44,--,16,18304,卖盘
697,14:10:15,11.44,--,21,24024,卖盘
698,14:10:12,11.44,--,78,89232,卖盘
699,14:10:09,11.44,--,11,12584,卖盘
700,14:10:06,11.44,--,2,2288,卖盘
701,14:10:03,11.44,--,96,109824,卖盘
702,14:10:00,11.44,-0.01,11,12584,卖盘
703,14:09:57,11.45,0.01,1,1145,买盘
704,14:09:54,11.44,--,44,50336,卖盘
705,14:09:51,11.44,-0.01,130,148720,卖盘
706,14:09:45,11.45,--,2,2290,买盘
707,14:09:42,11.45,0.01,2,2290,买盘
708,14:09:33,11.44,--,30,34320,卖盘
709,14:09:30,11.44,-0.01,12,13728,卖盘
710,14:09:27,11.45,--,5,5725,买盘
711,14:09:24,11.45,--,35,40075,买盘
712,14:09:21,11.45,0.01,1,1145,买盘
713,14:09:18,11.44,-0.01,101,115544,卖盘
714,14:09:15,11.45,0.01,7,8014,买盘
715,14:09:12,11.44,-0.01,8,9152,卖盘
716,14:09:06,11.45,0.01,12,13740,买盘
717,14:09:03,11.44,-0.01,17,19448,卖盘
718,14:09:00,11.45,--,11,12595,买盘
719,14:08:57,11.45,0.01,90,103050,买盘
720,14:08:54,11.44,--,8,9152,卖盘
721,14:08:48,11.44,--,31,35464,卖盘
722,14:08:42,11.44,--,120,137280,卖盘
723,14:08:36,11.44,--,41,46904,卖盘
724,14:08:33,11.44,--,23,26312,卖盘
725,14:08:30,11.44,--,17,19448,卖盘
726,14:08:24,11.44,-0.01,33,37752,卖盘
727,14:08:21,11.45,--,16,18320,买盘
728,14:08:18,11.45,0.01,1,1145,买盘
729,14:08:15,11.44,--,5,5720,卖盘
730,14:08:09,11.44,--,3,3432,卖盘
731,14:08:06,11.44,--,1,1144,卖盘
732,14:08:03,11.44,--,17,19448,卖盘
733,14:08:00,11.44,-0.01,16,18304,卖盘
734,14:07:57,11.45,0.01,1,1145,买盘
735,14:07:54,11.44,-0.01,45,51480,卖盘
736,14:07:48,11.45,0.01,1,1145,买盘
737,14:07:45,11.44,-0.01,21,24024,卖盘
738,14:07:39,11.45,0.01,4,4580,买盘
739,14:07:33,11.44,-0.01,182,208208,卖盘
740,14:07:27,11.45,--,1,1145,买盘
741,14:07:24,11.45,--,13,14884,买盘
742,14:07:18,11.45,--,2,2290,买盘
743,14:07:09,11.45,--,22,25190,买盘
744,14:07:06,11.45,0.01,1,1145,买盘
745,14:07:03,11.44,--,19,21736,卖盘
746,14:07:00,11.44,-0.01,1,1144,卖盘
747,14:06:57,11.45,0.01,1,1145,买盘
748,14:06:54,11.44,-0.01,4,4576,卖盘
749,14:06:51,11.45,0.01,2,2290,买盘
750,14:06:48,11.44,--,21,24024,卖盘
751,14:06:36,11.44,0.01,42,49100,买盘
752,14:06:33,11.43,--,17,19431,卖盘
753,14:06:30,11.43,-0.01,120,137160,卖盘
754,14:06:24,11.44,--,25,28600,买盘
755,14:06:15,11.44,--,2,2288,买盘
756,14:06:12,11.44,--,598,684112,买盘
757,14:06:09,11.44,0.01,7,8008,买盘
758,14:06:06,11.43,--,14,16002,卖盘
759,14:06:03,11.43,-0.01,17,19431,卖盘
760,14:06:00,11.44,--,7,8008,买盘
761,14:05:57,11.44,--,1,1144,买盘
762,14:05:51,11.44,--,10,11440,买盘
763,14:05:45,11.44,--,1,1144,买盘
764,14:05:39,11.44,--,2,2288,买盘
765,14:05:36,11.44,--,86,98475,卖盘
766,14:05:33,11.44,--,17,19448,卖盘
767,14:05:27,11.44,--,30,34320,卖盘
768,14:05:24,11.44,--,9,10296,卖盘
769,14:05:21,11.44,--,35,40040,卖盘
770,14:05:18,11.44,--,56,64064,卖盘
771,14:05:15,11.44,--,100,114400,卖盘
772,14:05:12,11.44,-0.01,138,157872,卖盘
773,14:05:09,11.45,--,31,35495,买盘
774,14:05:06,11.45,0.01,1,1145,买盘
775,14:05:03,11.44,--,19,21736,卖盘
776,14:04:54,11.44,--,6,6864,卖盘
777,14:04:51,11.44,-0.01,20,22880,卖盘
778,14:04:36,11.45,0.01,1,1145,买盘
779,14:04:33,11.44,--,83,94952,卖盘
780,14:04:30,11.44,--,48,54912,卖盘
781,14:04:27,11.44,--,1,1144,卖盘
782,14:04:24,11.44,-0.01,4,4576,卖盘
783,14:04:21,11.45,0.01,3,3435,买盘
784,14:04:18,11.44,-0.01,8,9152,卖盘
785,14:04:12,11.45,0.01,50,57250,买盘
786,14:04:03,11.44,--,17,19448,卖盘
787,14:04:00,11.44,-0.01,18,20592,卖盘
788,14:03:57,11.45,0.01,1,1145,买盘
789,14:03:54,11.44,--,4,4576,卖盘
790,14:03:48,11.44,--,5,5720,卖盘
791,14:03:42,11.44,-0.01,19,21736,卖盘
792,14:03:36,11.45,0.01,9,10305,买盘
793,14:03:33,11.44,-0.01,18,20592,卖盘
794,14:03:24,11.45,0.01,56,64119,买盘
795,14:03:18,11.44,--,123,140712,卖盘
796,14:03:12,11.44,--,211,241384,卖盘
797,14:03:09,11.44,--,1,1144,卖盘
798,14:03:06,11.44,--,24,27456,卖盘
799,14:03:03,11.44,--,67,76648,卖盘
800,14:02:54,11.44,--,151,172744,卖盘
801,14:02:51,11.44,--,10,11440,卖盘
802,14:02:48,11.44,-0.01,12,13728,卖盘
803,14:02:45,11.45,0.01,51,58395,买盘
804,14:02:42,11.44,--,195,223080,卖盘
805,14:02:36,11.44,--,95,108680,卖盘
806,14:02:33,11.44,--,17,19448,卖盘
807,14:02:24,11.44,--,30,34320,卖盘
808,14:02:21,11.44,-0.01,3,3432,卖盘
809,14:02:18,11.45,--,26,29769,买盘
810,14:02:15,11.45,--,2,2290,买盘
811,14:02:12,11.45,0.01,1,1145,买盘
812,14:02:03,11.44,-0.01,17,19448,卖盘
813,14:01:57,11.45,--,461,527845,卖盘
814,14:01:51,11.45,-0.01,79,90455,卖盘
815,14:01:48,11.46,--,2,2292,买盘
816,14:01:39,11.46,--,13,14898,买盘
817,14:01:36,11.46,0.01,1,1146,买盘
818,14:01:33,11.45,--,20,22900,卖盘
819,14:01:30,11.45,-0.01,11,12595,卖盘
820,14:01:18,11.46,0.01,40,45840,买盘
821,14:01:12,11.45,--,10,11450,卖盘
822,14:01:06,11.45,--,6,6870,卖盘
823,14:01:03,11.45,--,22,25190,卖盘
824,14:00:57,11.45,--,44,50380,卖盘
825,14:00:51,11.45,0.01,128,146560,买盘
826,14:00:42,11.44,0.01,295,338532,买盘
827,14:00:39,11.43,-0.01,44,50292,卖盘
828,14:00:36,11.44,0.01,23,26312,买盘
829,14:00:33,11.43,-0.01,17,19431,卖盘
830,14:00:27,11.44,--,54,61776,买盘
831,14:00:24,11.44,--,10,11440,买盘
832,13:59:54,11.44,--,18,20592,买盘
833,13:59:51,11.44,--,743,849992,卖盘
834,13:59:45,11.44,-0.01,60,68640,卖盘
835,13:59:42,11.45,0.01,8,9160,买盘
836,13:59:36,11.44,-0.01,45,51480,卖盘
837,13:59:33,11.45,0.01,30,34350,买盘
838,13:59:30,11.44,-0.01,2,2288,卖盘
839,13:59:27,11.45,--,28,32059,买盘
840,13:59:24,11.45,0.01,1,1145,买盘
841,13:59:21,11.44,-0.01,44,50336,卖盘
842,13:59:15,11.45,--,15,17175,买盘
843,13:59:12,11.45,--,1,1145,买盘
844,13:59:09,11.45,--,852,975539,卖盘
845,13:59:03,11.45,--,15,17175,卖盘
846,13:58:57,11.45,--,2,2290,卖盘
847,13:58:54,11.45,--,8,9160,卖盘
848,13:58:51,11.45,-0.01,120,137400,卖盘
849,13:58:45,11.46,0.01,1,1146,买盘
850,13:58:39,11.45,--,1,1145,卖盘
851,13:58:36,11.45,--,162,185490,卖盘
852,13:58:27,11.45,-0.01,145,166025,卖盘
853,13:58:21,11.46,--,24,27504,买盘
854,13:58:15,11.46,--,81,92826,买盘
855,13:58:03,11.46,--,1,1146,买盘
856,13:57:57,11.46,--,1,1146,买盘
857,13:57:54,11.46,0.01,11,12606,买盘
858,13:57:48,11.45,--,10,11450,卖盘
859,13:57:42,11.45,--,8,9160,卖盘
860,13:57:39,11.45,-0.01,15,17175,卖盘
861,13:57:36,11.46,--,27,30942,买盘
862,13:57:33,11.46,--,29,33234,买盘
863,13:57:15,11.46,--,10,11460,买盘
864,13:57:12,11.46,--,5,5730,买盘
865,13:57:03,11.46,0.01,4,4584,买盘
866,13:56:57,11.45,-0.01,10,11450,卖盘
867,13:56:54,11.46,--,55,63030,买盘
868,13:56:51,11.46,--,40,45840,买盘
869,13:56:45,11.46,--,1,1146,买盘
870,13:56:39,11.46,--,1,1146,买盘
871,13:56:36,11.46,--,93,106578,买盘
872,13:56:33,11.46,--,8,9168,买盘
873,13:56:24,11.46,0.01,12,13752,买盘
874,13:56:12,11.45,-0.01,11,12595,卖盘
875,13:56:09,11.46,--,80,91680,买盘
876,13:56:06,11.46,--,51,58446,买盘
877,13:55:54,11.46,--,1,1146,买盘
878,13:55:48,11.46,--,563,645198,卖盘
879,13:55:42,11.46,-0.01,1,1146,卖盘
880,13:55:39,11.47,0.01,5,5735,买盘
881,13:55:36,11.46,-0.01,7,8022,卖盘
882,13:55:27,11.47,0.01,1,1147,买盘
883,13:55:24,11.46,--,5,5730,卖盘
884,13:55:12,11.46,-0.01,1,1146,卖盘
885,13:55:09,11.47,-0.01,1,1147,卖盘
886,13:55:06,11.48,0.01,2,2296,买盘
887,13:55:03,11.47,--,3,3441,卖盘
888,13:54:51,11.47,-0.01,17,19499,卖盘
889,13:54:45,11.48,--,1,1148,买盘
890,13:54:39,11.48,--,61,70028,买盘
891,13:54:30,11.48,--,1,1148,买盘
892,13:54:27,11.48,--,7,8036,买盘
893,13:54:24,11.48,--,9,10332,买盘
894,13:54:15,11.48,--,7,8036,买盘
895,13:54:12,11.48,0.02,49,56252,买盘
896,13:54:09,11.46,-0.01,30,34380,卖盘
897,13:54:00,11.47,--,3,3441,买盘
898,13:53:57,11.47,--,1,1147,买盘
899,13:53:54,11.47,0.01,5,5735,买盘
900,13:53:51,11.46,-0.01,1,1146,卖盘
901,13:53:33,11.47,0.01,1,1147,买盘
902,13:53:30,11.46,-0.02,1,1146,卖盘
903,13:53:24,11.48,--,78,89544,买盘
904,13:53:21,11.48,0.01,37,42476,买盘
905,13:53:18,11.47,0.01,5,5735,买盘
906,13:53:15,11.46,--,86,98556,卖盘
907,13:53:12,11.46,-0.01,1,1146,卖盘
908,13:53:06,11.47,0.01,45,51615,买盘
909,13:53:03,11.46,--,1,1146,卖盘
910,13:53:00,11.46,--,66,75636,卖盘
911,13:52:57,11.46,--,119,136374,卖盘
912,13:52:54,11.46,--,3,3438,卖盘
913,13:52:51,11.46,--,1,1146,卖盘
914,13:52:48,11.46,-0.01,222,254412,卖盘
915,13:52:45,11.47,--,2,2294,买盘
916,13:52:42,11.47,--,10,11470,买盘
917,13:52:30,11.47,--,208,238576,卖盘
918,13:52:27,11.47,--,10,11470,卖盘
919,13:52:21,11.47,--,4,4588,卖盘
920,13:52:15,11.47,--,261,299367,卖盘
921,13:52:09,11.47,-0.01,1,1147,卖盘
922,13:52:06,11.48,0.01,1,1148,买盘
923,13:52:03,11.47,--,2,2294,卖盘
924,13:52:00,11.47,-0.01,282,323454,卖盘
925,13:51:57,11.48,0.01,50,57400,买盘
926,13:51:54,11.47,-0.01,10,11470,卖盘
927,13:51:36,11.48,--,40,45920,买盘
928,13:51:33,11.48,--,1,1148,买盘
929,13:51:12,11.48,--,1,1148,买盘
930,13:51:09,11.48,--,15,17220,买盘
931,13:50:57,11.48,0.01,41,47068,买盘
932,13:50:51,11.47,-0.01,1,1147,卖盘
933,13:50:39,11.48,--,34,39032,买盘
934,13:50:30,11.48,--,31,35588,买盘
935,13:50:24,11.48,-0.01,1,1148,中性盘
936,13:50:00,11.49,--,2,2298,买盘
937,13:49:57,11.49,--,7,8043,买盘
938,13:49:51,11.49,0.02,34,39066,买盘
939,13:49:48,11.47,-0.01,14,16058,卖盘
940,13:49:45,11.48,--,44,50512,买盘
941,13:49:42,11.48,--,50,57400,买盘
942,13:49:39,11.48,--,10,11480,买盘
943,13:49:36,11.48,--,3,3444,买盘
944,13:49:24,11.48,--,1,1148,买盘
945,13:49:15,11.48,--,10,11480,买盘
946,13:49:12,11.48,--,1,1148,买盘
947,13:49:09,11.48,--,247,283556,卖盘
948,13:49:06,11.48,--,1,1148,卖盘
949,13:49:03,11.48,--,2,2296,卖盘
950,13:49:00,11.48,--,23,26404,买盘
951,13:48:57,11.48,--,10,11480,买盘
952,13:48:48,11.48,--,2,2296,买盘
953,13:48:45,11.48,--,2,2296,买盘
954,13:48:39,11.48,--,21,24108,卖盘
955,13:48:21,11.48,-0.01,201,230748,卖盘
956,13:48:18,11.49,--,2,2298,买盘
957,13:48:15,11.49,--,1,1149,买盘
958,13:48:09,11.49,--,13,14937,买盘
959,13:48:06,11.49,--,1,1149,买盘
960,13:48:03,11.49,--,40,45960,买盘
961,13:48:00,11.49,--,3,3447,买盘
962,13:47:57,11.49,--,6,6894,买盘
963,13:47:54,11.49,--,6,6894,买盘
964,13:47:51,11.49,--,41,47109,买盘
965,13:47:48,11.49,--,26,29874,买盘
966,13:47:45,11.49,--,5,5745,买盘
967,13:47:42,11.49,--,36,41364,买盘
968,13:47:39,11.49,--,3,3447,买盘
969,13:47:36,11.49,--,12,13788,买盘
970,13:47:33,11.49,--,2,2298,买盘
971,13:47:27,11.49,--,27,31023,买盘
972,13:47:18,11.49,--,50,57450,买盘
973,13:47:06,11.49,-0.01,2,2298,中性盘
974,13:47:03,11.5,--,3,3450,买盘
975,13:47:00,11.5,--,2,2300,买盘
976,13:46:57,11.5,--,10,11500,买盘
977,13:46:54,11.5,--,1,1150,买盘
978,13:46:51,11.5,--,1,1150,买盘
979,13:46:48,11.5,--,8,9200,买盘
980,13:46:45,11.5,--,2,2300,买盘
981,13:46:42,11.5,--,2,2300,买盘
982,13:46:39,11.5,--,6,6900,买盘
983,13:46:36,11.5,--,1,1150,买盘
984,13:46:33,11.5,--,12,13800,买盘
985,13:46:30,11.5,0.01,246,282900,买盘
986,13:46:27,11.49,--,1,1149,买盘
987,13:46:03,11.49,--,54,62046,买盘
988,13:45:57,11.49,--,1,1149,买盘
989,13:45:54,11.49,0.01,3,3447,买盘
990,13:45:45,11.48,-0.01,2,2296,卖盘
991,13:45:39,11.49,--,3,3447,买盘
992,13:45:36,11.49,0.01,20,22980,买盘
993,13:45:33,11.48,-0.01,12,13776,中性盘
994,13:45:27,11.49,--,158,181542,买盘
995,13:45:15,11.49,--,20,22980,买盘
996,13:45:06,11.49,0.01,1,1149,买盘
997,13:45:03,11.48,-0.02,30,34440,卖盘
998,13:45:00,11.5,0.01,254,292100,买盘
999,13:44:45,11.49,0.01,36,41364,买盘
1000,13:44:42,11.48,-0.01,40,45920,卖盘
1001,13:44:36,11.49,--,1,1149,买盘
1002,13:44:30,11.49,--,34,39066,买盘
1003,13:44:27,11.49,--,200,229800,买盘
1004,13:44:24,11.49,--,30,34470,买盘
1005,13:44:21,11.49,--,1,1149,买盘
1006,13:44:18,11.49,--,2,2298,买盘
1007,13:44:15,11.49,--,1,1149,买盘
1008,13:44:09,11.49,--,20,22980,买盘
1009,13:44:06,11.49,--,1,1149,买盘
1010,13:44:00,11.49,--,34,39066,买盘
1011,13:43:57,11.49,--,1,1149,买盘
1012,13:43:54,11.49,0.01,3,3447,买盘
1013,13:43:51,11.48,-0.01,35,40180,卖盘
1014,13:43:48,11.49,0.01,7,8043,买盘
1015,13:43:42,11.48,--,1,1148,卖盘
1016,13:43:39,11.48,--,5,5740,买盘
1017,13:43:36,11.48,0.01,3,3444,买盘
1018,13:43:33,11.47,-0.02,2,2294,卖盘
1019,13:43:30,11.49,--,15,17235,买盘
1020,13:43:21,11.49,0.01,43,49407,买盘
1021,13:43:12,11.48,-0.01,1,1148,卖盘
1022,13:43:09,11.49,--,2,2298,买盘
1023,13:43:06,11.49,--,1,1149,买盘
1024,13:43:00,11.49,0.01,80,91920,买盘
1025,13:42:54,11.48,--,45,51660,买盘
1026,13:42:45,11.48,--,4,4592,买盘
1027,13:42:27,11.48,--,2,2296,买盘
1028,13:42:24,11.48,--,17,19516,买盘
1029,13:42:21,11.48,--,1,1148,买盘
1030,13:42:18,11.48,--,12,13776,买盘
1031,13:42:09,11.48,0.01,34,39032,买盘
1032,13:42:03,11.47,-0.01,203,232841,卖盘
1033,13:41:54,11.48,0.01,1,1148,买盘
1034,13:41:51,11.47,-0.01,17,19499,卖盘
1035,13:41:45,11.48,--,1,1148,买盘
1036,13:41:39,11.48,--,3,3444,买盘
1037,13:41:30,11.48,--,1,1148,买盘
1038,13:41:21,11.48,--,34,39032,买盘
1039,13:41:15,11.48,--,1,1148,买盘
1040,13:41:12,11.48,--,3,3444,买盘
1041,13:41:09,11.48,--,3,3444,买盘
1042,13:41:06,11.48,--,3,3444,买盘
1043,13:40:57,11.48,--,1,1148,买盘
1044,13:40:45,11.48,--,35,40180,买盘
1045,13:40:39,11.48,0.01,18,20664,买盘
1046,13:40:24,11.47,--,16,18352,买盘
1047,13:40:21,11.47,0.01,5,5735,买盘
1048,13:40:18,11.46,-0.01,41,46986,卖盘
1049,13:40:15,11.47,--,10,11470,买盘
1050,13:40:12,11.47,--,7,8029,买盘
1051,13:40:09,11.47,--,7,8029,买盘
1052,13:40:00,11.47,--,200,229400,买盘
1053,13:39:57,11.47,--,1,1147,买盘
1054,13:39:48,11.47,--,3,3441,买盘
1055,13:39:36,11.47,--,2,2294,买盘
1056,13:39:30,11.47,--,34,38998,买盘
1057,13:39:24,11.47,--,9,10323,买盘
1058,13:39:15,11.47,--,36,41292,买盘
1059,13:39:06,11.47,--,1,1147,买盘
1060,13:39:03,11.47,--,17,19499,买盘
1061,13:39:00,11.47,0.01,7,8029,买盘
1062,13:38:54,11.46,--,56,64176,卖盘
1063,13:38:51,11.46,-0.01,10,11460,卖盘
1064,13:38:42,11.47,--,1,1147,买盘
1065,13:38:39,11.47,--,10,11470,买盘
1066,13:38:27,11.47,0.01,1,1147,买盘
1067,13:38:21,11.46,--,2,2292,卖盘
1068,13:38:06,11.46,--,1,1146,卖盘
1069,13:38:03,11.46,--,1,1146,卖盘
1070,13:38:00,11.46,-0.01,1,1146,卖盘
1071,13:37:57,11.47,--,157,180079,买盘
1072,13:37:54,11.47,--,1,1147,买盘
1073,13:37:51,11.47,0.01,22,25234,买盘
1074,13:37:45,11.46,--,56,64176,卖盘
1075,13:37:42,11.46,-0.01,1,1146,卖盘
1076,13:37:36,11.47,0.01,1,1147,买盘
1077,13:37:33,11.46,-0.01,1,1146,卖盘
1078,13:37:27,11.47,--,2,2294,买盘
1079,13:37:24,11.47,--,5,5735,买盘
1080,13:37:15,11.47,--,2,2294,买盘
1081,13:37:12,11.47,--,7,8029,买盘
1082,13:37:09,11.47,0.01,13,14911,买盘
1083,13:36:51,11.46,-0.01,4,4584,卖盘
1084,13:36:45,11.47,0.01,1,1147,买盘
1085,13:36:39,11.46,--,72,82512,买盘
1086,13:36:33,11.46,0.02,1,1146,买盘
1087,13:36:27,11.44,--,1,1144,卖盘
1088,13:36:15,11.44,--,41,46904,卖盘
1089,13:36:12,11.44,-0.02,2,2288,卖盘
1090,13:36:03,11.46,--,8,9168,买盘
1091,13:36:00,11.46,--,13,14898,买盘
1092,13:35:57,11.46,--,6,6876,买盘
1093,13:35:54,11.46,--,21,24066,买盘
1094,13:35:51,11.46,--,40,45840,买盘
1095,13:35:36,11.46,--,1,1146,买盘
1096,13:35:33,11.46,0.02,1,1146,买盘
1097,13:35:30,11.44,-0.01,201,229944,卖盘
1098,13:35:24,11.45,--,21,24045,卖盘
1099,13:35:21,11.45,-0.01,109,124804,卖盘
1100,13:35:18,11.46,0.01,6,6876,买盘
1101,13:35:15,11.45,--,1,1145,卖盘
1102,13:35:09,11.45,--,1,1145,卖盘
1103,13:35:06,11.45,--,2,2290,卖盘
1104,13:35:03,11.45,--,3,3435,卖盘
1105,13:34:48,11.45,-0.01,2,2290,卖盘
1106,13:34:45,11.46,0.01,19,21774,买盘
1107,13:34:39,11.45,-0.02,1,1145,卖盘
1108,13:34:36,11.47,0.02,13,14911,买盘
1109,13:34:33,11.45,-0.01,39,44655,卖盘
1110,13:34:30,11.46,-0.01,76,87096,卖盘
1111,13:34:24,11.47,--,1,1147,买盘
1112,13:34:21,11.47,--,6,6882,买盘
1113,13:34:18,11.47,--,31,35557,买盘
1114,13:34:06,11.47,--,6,6882,买盘
1115,13:34:03,11.47,--,20,22940,买盘
1116,13:34:00,11.47,--,6,6882,买盘
1117,13:33:57,11.47,--,44,50468,买盘
1118,13:33:54,11.47,0.01,212,243164,买盘
1119,13:33:51,11.46,-0.01,30,34380,卖盘
1120,13:33:48,11.47,0.01,8,9176,买盘
1121,13:33:45,11.46,--,17,19482,卖盘
1122,13:33:42,11.46,-0.01,4,4584,中性盘
1123,13:33:30,11.47,--,8,9176,买盘
1124,13:33:21,11.47,0.01,14,16058,买盘
1125,13:33:18,11.46,--,7,8022,买盘
1126,13:33:15,11.46,--,23,26358,买盘
1127,13:33:12,11.46,--,11,12606,买盘
1128,13:33:09,11.46,0.01,18,20628,买盘
1129,13:33:06,11.45,-0.02,205,234724,卖盘
1130,13:33:03,11.47,--,11,12617,买盘
1131,13:32:57,11.47,--,23,26381,买盘
1132,13:32:54,11.47,--,6,6882,买盘
1133,13:32:45,11.47,0.01,15,17205,买盘
1134,13:32:36,11.46,-0.01,1,1146,卖盘
1135,13:32:33,11.47,0.01,11,12617,买盘
1136,13:32:30,11.46,--,25,28650,买盘
1137,13:32:24,11.46,--,7,8022,买盘
1138,13:32:21,11.46,--,10,11460,买盘
1139,13:32:18,11.46,0.01,6,6876,买盘
1140,13:32:15,11.45,-0.01,26,29769,卖盘
1141,13:32:12,11.46,0.01,2,2292,买盘
1142,13:32:06,11.45,--,2,2290,买盘
1143,13:32:03,11.45,--,2,2290,买盘
1144,13:31:54,11.45,--,2,2290,买盘
1145,13:31:51,11.45,-0.01,15,17175,卖盘
1146,13:31:48,11.46,0.01,2,2292,买盘
1147,13:31:45,11.45,--,14,16029,买盘
1148,13:31:36,11.45,0.01,8,9160,中性盘
1149,13:31:33,11.44,-0.02,20,22880,卖盘
1150,13:31:30,11.46,0.01,17,19482,买盘
1151,13:31:27,11.45,--,93,106485,买盘
1152,13:31:24,11.45,--,6,6870,买盘
1153,13:31:21,11.45,0.01,22,25190,买盘
1154,13:31:18,11.44,-0.01,13,14872,卖盘
1155,13:31:12,11.45,0.01,4,4580,买盘
1156,13:31:09,11.44,-0.01,61,69784,卖盘
1157,13:31:06,11.45,--,15,17175,买盘
1158,13:31:03,11.45,--,1,1145,买盘
1159,13:31:00,11.45,--,20,22900,买盘
1160,13:30:54,11.45,--,8,9160,买盘
1161,13:30:42,11.45,--,7,8014,买盘
1162,13:30:39,11.45,--,22,25190,买盘
1163,13:30:36,11.45,--,87,99615,买盘
1164,13:30:33,11.45,--,8,9160,买盘
1165,13:30:30,11.45,--,11,12595,买盘
1166,13:30:27,11.45,--,20,22900,买盘
1167,13:30:24,11.45,--,12,13740,买盘
1168,13:30:21,11.45,--,50,57250,买盘
1169,13:30:15,11.45,--,21,24045,买盘
1170,13:30:12,11.45,--,93,106485,买盘
1171,13:30:09,11.45,--,18,20610,买盘
1172,13:30:06,11.45,--,25,28625,买盘
1173,13:30:03,11.45,--,10,11450,买盘
1174,13:30:00,11.45,--,30,34350,买盘
1175,13:29:48,11.45,0.01,11,12595,买盘
1176,13:29:45,11.44,-0.01,7,8008,卖盘
1177,13:29:39,11.45,--,10,11450,买盘
1178,13:29:36,11.45,--,41,46945,买盘
1179,13:29:30,11.45,--,6,6870,买盘
1180,13:29:27,11.45,0.01,3,3435,买盘
1181,13:29:21,11.44,-0.01,33,37752,卖盘
1182,13:29:18,11.45,0.01,140,160300,买盘
1183,13:29:15,11.44,-0.01,63,72072,卖盘
1184,13:29:12,11.45,--,5,5725,买盘
1185,13:29:09,11.45,0.01,24,27480,买盘
1186,13:29:06,11.44,--,37,42328,卖盘
1187,13:29:03,11.44,--,3,3432,卖盘
1188,13:29:00,11.44,-0.01,64,73216,卖盘
1189,13:28:51,11.45,--,80,91600,买盘
1190,13:28:48,11.45,--,5,5725,买盘
1191,13:28:45,11.45,0.01,10,11450,买盘
1192,13:28:42,11.44,-0.01,5,5720,卖盘
1193,13:28:39,11.45,--,28,32059,买盘
1194,13:28:36,11.45,0.01,2,2290,买盘
1195,13:28:27,11.44,--,69,78936,买盘
1196,13:28:24,11.44,0.01,84,96096,买盘
1197,13:28:21,11.43,-0.01,5,5715,卖盘
1198,13:28:18,11.44,--,12,13728,买盘
1199,13:28:12,11.44,--,50,57200,买盘
1200,13:28:09,11.44,--,30,34320,买盘
1201,13:28:06,11.44,0.01,6,6864,买盘
1202,13:28:03,11.43,-0.01,48,54864,卖盘
1203,13:27:54,11.44,--,13,14872,买盘
1204,13:27:48,11.44,--,77,88088,买盘
1205,13:27:36,11.44,0.01,6,6864,买盘
1206,13:27:30,11.43,-0.01,44,50292,卖盘
1207,13:27:27,11.44,--,12,13728,买盘
1208,13:27:24,11.44,--,60,68640,买盘
1209,13:27:15,11.44,--,10,11440,买盘
1210,13:27:00,11.44,--,15,17160,买盘
1211,13:26:45,11.44,--,5,5720,买盘
1212,13:26:36,11.44,0.01,10,11440,买盘
1213,13:26:33,11.43,--,136,155448,卖盘
1214,13:26:30,11.43,--,10,11430,卖盘
1215,13:26:24,11.43,--,5,5715,卖盘
1216,13:26:06,11.43,-0.02,7,8001,卖盘
1217,13:25:54,11.45,0.02,21,24045,买盘
1218,13:25:48,11.43,-0.01,402,459486,卖盘
1219,13:25:45,11.44,--,24,27456,卖盘
1220,13:25:42,11.44,-0.01,4,4576,卖盘
1221,13:25:33,11.45,0.01,1,1145,买盘
1222,13:25:30,11.44,-0.01,106,121264,卖盘
1223,13:25:27,11.45,0.01,26,29769,买盘
1224,13:25:21,11.44,--,157,179608,买盘
1225,13:25:15,11.44,--,50,57200,买盘
1226,13:25:12,11.44,--,56,64064,买盘
1227,13:25:06,11.44,--,321,367224,卖盘
1228,13:25:00,11.44,--,1,1144,卖盘
1229,13:24:57,11.44,-0.01,7,8008,卖盘
1230,13:24:51,11.45,--,1,1145,买盘
1231,13:24:42,11.45,--,5,5725,买盘
1232,13:24:39,11.45,--,3,3435,买盘
1233,13:24:33,11.45,--,541,619445,买盘
1234,13:24:30,11.45,-0.01,2865,3280425,卖盘
1235,13:24:24,11.46,-0.01,10,11460,卖盘
1236,13:24:21,11.47,--,1,1147,买盘
1237,13:24:12,11.47,--,66,75702,买盘
1238,13:23:51,11.47,0.01,1,1147,买盘
1239,13:23:39,11.46,--,68,77928,卖盘
1240,13:23:36,11.46,-0.01,4,4584,卖盘
1241,13:23:30,11.47,0.01,1,1147,买盘
1242,13:23:27,11.46,-0.01,12,13752,卖盘
1243,13:23:21,11.47,--,1,1147,买盘
1244,13:23:18,11.47,--,20,22940,买盘
1245,13:23:12,11.47,--,1,1147,买盘
1246,13:23:03,11.47,--,12,13764,买盘
1247,13:22:51,11.47,--,1,1147,买盘
1248,13:22:45,11.47,0.01,3,3441,买盘
1249,13:22:27,11.46,-0.01,15,17190,卖盘
1250,13:22:21,11.47,0.01,1,1147,买盘
1251,13:22:18,11.46,--,210,240660,卖盘
1252,13:22:09,11.46,-0.01,10,11460,卖盘
1253,13:22:06,11.47,0.01,19,21793,买盘
1254,13:22:03,11.46,--,37,42402,卖盘
1255,13:21:54,11.46,--,30,34380,卖盘
1256,13:21:51,11.46,-0.01,159,182214,卖盘
1257,13:21:48,11.47,0.01,2,2294,买盘
1258,13:21:45,11.46,--,9,10314,卖盘
1259,13:21:39,11.46,--,100,114600,卖盘
1260,13:21:36,11.46,--,39,44694,卖盘
1261,13:21:27,11.46,-0.01,15,17190,卖盘
1262,13:21:24,11.47,--,17,19499,买盘
1263,13:21:21,11.47,0.01,2,2294,买盘
1264,13:21:03,11.46,-0.01,1,1146,卖盘
1265,13:20:51,11.47,0.01,1,1147,买盘
1266,13:20:36,11.46,--,2,2292,卖盘
1267,13:20:27,11.46,-0.01,16,18336,卖盘
1268,13:20:24,11.47,0.01,217,248899,买盘
1269,13:20:21,11.46,0.01,0,538,买盘
1270,13:20:18,11.45,-0.01,40,45800,卖盘
1271,13:20:15,11.46,--,1215,1392997,卖盘
1272,13:20:12,11.46,-0.01,153,175338,卖盘
1273,13:19:51,11.47,--,1,1147,买盘
1274,13:19:48,11.47,0.01,48,55056,买盘
1275,13:19:45,11.46,-0.01,257,294522,卖盘
1276,13:19:36,11.47,--,11,12617,买盘
1277,13:19:21,11.47,--,1,1147,买盘
1278,13:19:18,11.47,--,10,11470,买盘
1279,13:19:12,11.47,--,54,61938,买盘
1280,13:19:09,11.47,--,170,194990,卖盘
1281,13:19:03,11.47,-0.01,13,14911,卖盘
1282,13:19:00,11.48,0.01,1,1148,买盘
1283,13:18:48,11.47,-0.01,1,1147,卖盘
1284,13:18:45,11.48,0.01,16,18368,买盘
1285,13:18:42,11.47,--,94,107818,买盘
1286,13:18:39,11.47,--,33,37851,买盘
1287,13:18:36,11.47,--,133,152551,买盘
1288,13:18:30,11.47,--,1,1147,买盘
1289,13:18:27,11.47,0.01,1,1147,买盘
1290,13:18:21,11.46,-0.01,17,19482,卖盘
1291,13:18:15,11.47,--,7,8029,买盘
1292,13:18:06,11.47,--,34,38998,买盘
1293,13:18:03,11.47,--,12,13764,买盘
1294,13:18:00,11.47,--,4,4588,买盘
1295,13:17:45,11.47,--,3,3441,买盘
1296,13:17:39,11.47,--,26,29822,买盘
1297,13:17:36,11.47,0.01,2,2294,买盘
1298,13:17:33,11.46,-0.01,35,40110,卖盘
1299,13:17:30,11.47,0.01,2,2294,买盘
1300,13:17:24,11.46,-0.01,31,35526,卖盘
1301,13:17:15,11.47,--,15,17205,买盘
1302,13:17:09,11.47,0.01,8,9176,买盘
1303,13:17:03,11.46,-0.01,2,2292,卖盘
1304,13:17:00,11.47,--,1,1147,买盘
1305,13:16:51,11.47,-0.01,174,199578,卖盘
1306,13:16:45,11.48,--,1,1148,买盘
1307,13:16:30,11.48,0.01,1,1148,买盘
1308,13:16:21,11.47,--,1,1147,卖盘
1309,13:16:18,11.47,-0.01,50,57350,卖盘
1310,13:16:15,11.48,0.01,1,1148,买盘
1311,13:16:09,11.47,-0.01,21,24087,卖盘
1312,13:16:00,11.48,--,1,1148,买盘
1313,13:15:45,11.48,0.01,1,1148,买盘
1314,13:15:39,11.47,-0.01,12,13764,卖盘
1315,13:15:30,11.48,0.01,1,1148,买盘
1316,13:15:27,11.47,-0.01,222,254634,卖盘
1317,13:15:21,11.48,--,13,14924,买盘
1318,13:15:15,11.48,--,1,1148,买盘
1319,13:15:12,11.48,--,17,19516,买盘
1320,13:15:06,11.48,0.01,38,43624,买盘
1321,13:15:03,11.47,--,1,1147,卖盘
1322,13:15:00,11.47,-0.01,3,3441,卖盘
1323,13:14:57,11.48,--,2,2296,买盘
1324,13:14:54,11.48,0.01,5,5740,买盘
1325,13:14:51,11.47,--,4,4588,卖盘
1326,13:14:48,11.47,-0.01,10,11470,卖盘
1327,13:14:45,11.48,--,1,1148,买盘
1328,13:14:30,11.48,--,1,1148,买盘
1329,13:14:27,11.48,--,2,2296,买盘
1330,13:14:15,11.48,0.01,1,1148,买盘
1331,13:14:12,11.47,-0.01,7,8029,卖盘
1332,13:14:06,11.48,--,1,1148,买盘
1333,13:14:03,11.48,--,14,16072,买盘
1334,13:13:57,11.48,0.01,1,1148,买盘
1335,13:13:54,11.47,--,142,162874,卖盘
1336,13:13:45,11.47,-0.01,15,17205,卖盘
1337,13:13:42,11.48,0.01,3,3444,买盘
1338,13:13:36,11.47,-0.01,12,13764,卖盘
1339,13:13:33,11.48,--,3,3444,买盘
1340,13:13:30,11.48,--,10,11480,买盘
1341,13:13:27,11.48,0.01,1,1148,买盘
1342,13:13:21,11.47,--,1,1147,卖盘
1343,13:13:18,11.47,-0.01,1,1147,卖盘
1344,13:13:00,11.48,--,6,6888,买盘
1345,13:12:54,11.48,0.01,1,1148,买盘
1346,13:12:51,11.47,-0.01,23,26381,卖盘
1347,13:12:48,11.48,0.01,1,1148,买盘
1348,13:12:39,11.47,-0.01,69,79143,卖盘
1349,13:12:27,11.48,--,12,13776,买盘
1350,13:12:24,11.48,--,25,28700,卖盘
1351,13:12:15,11.48,-0.01,26,29848,卖盘
1352,13:12:06,11.49,0.02,120,137880,买盘
1353,13:12:03,11.47,-0.02,1,1147,卖盘
1354,13:11:54,11.49,0.01,1,1149,买盘
1355,13:11:48,11.48,--,1,1148,买盘
1356,13:11:45,11.48,-0.01,45,51660,中性盘
1357,13:11:24,11.49,0.02,200,229800,买盘
1358,13:11:12,11.47,0.01,1,1147,买盘
1359,13:11:09,11.46,-0.03,14,16044,卖盘
1360,13:11:03,11.49,0.02,1001,1150149,买盘
1361,13:10:54,11.47,0.01,201,230547,买盘
1362,13:10:51,11.46,-0.01,46,52716,卖盘
1363,13:10:45,11.47,--,112,128464,买盘
1364,13:10:36,11.47,--,56,64232,卖盘
1365,13:10:30,11.47,--,46,52762,卖盘
1366,13:10:27,11.47,-0.01,22,25234,卖盘
1367,13:10:24,11.48,0.01,2,2296,买盘
1368,13:10:15,11.47,-0.01,1,1147,卖盘
1369,13:10:06,11.48,--,1,1148,买盘
1370,13:09:54,11.48,0.01,1,1148,买盘
1371,13:09:42,11.47,--,130,149110,买盘
1372,13:09:39,11.47,--,42,48174,买盘
1373,13:09:33,11.47,--,82,94054,买盘
1374,13:09:24,11.47,--,206,236282,买盘
1375,13:09:18,11.47,--,2,2294,买盘
1376,13:09:15,11.47,0.01,8,9176,买盘
1377,13:09:06,11.46,-0.01,1,1146,卖盘
1378,13:09:03,11.47,0.01,6,6882,买盘
1379,13:09:00,11.46,--,1,1146,卖盘
1380,13:08:57,11.46,-0.01,3,3438,卖盘
1381,13:08:54,11.47,--,20,22940,买盘
1382,13:08:51,11.47,--,3,3441,买盘
1383,13:08:48,11.47,--,3,3441,买盘
1384,13:08:45,11.47,--,10,11470,买盘
1385,13:08:30,11.47,--,2,2294,买盘
1386,13:08:27,11.47,0.01,32,36704,买盘
1387,13:08:24,11.46,--,2,2292,卖盘
1388,13:08:21,11.46,-0.01,10,11460,卖盘
1389,13:08:06,11.47,--,201,230547,买盘
1390,13:08:00,11.47,--,6,6882,买盘
1391,13:07:54,11.47,--,1,1147,买盘
1392,13:07:51,11.47,-0.01,87,99789,卖盘
1393,13:07:42,11.48,0.01,2,2296,买盘
1394,13:07:39,11.47,--,5,5735,卖盘
1395,13:07:33,11.47,-0.01,1,1147,卖盘
1396,13:07:24,11.48,0.01,1,1148,买盘
1397,13:07:21,11.47,--,5,5735,卖盘
1398,13:07:18,11.47,--,9,10323,卖盘
1399,13:07:15,11.47,--,67,76849,卖盘
1400,13:07:12,11.47,0.01,126,144522,买盘
1401,13:07:06,11.46,-0.01,2,2292,卖盘
1402,13:06:57,11.47,--,23,26381,买盘
1403,13:06:54,11.47,0.01,1,1147,中性盘
1404,13:06:48,11.46,-0.02,239,273894,卖盘
1405,13:06:45,11.48,--,6,6888,买盘
1406,13:06:24,11.48,--,1,1148,买盘
1407,13:06:12,11.48,0.02,6,6888,买盘
1408,13:06:09,11.46,-0.02,81,92826,卖盘
1409,13:06:00,11.48,0.01,271,311108,买盘
1410,13:05:54,11.47,-0.01,5,5735,卖盘
1411,13:05:51,11.48,--,6,6888,买盘
1412,13:05:48,11.48,--,1,1148,买盘
1413,13:05:33,11.48,--,1,1148,买盘
1414,13:05:24,11.48,0.01,1,1148,买盘
1415,13:05:15,11.47,--,63,72261,卖盘
1416,13:05:12,11.47,--,1,1147,卖盘
1417,13:05:06,11.47,-0.01,7,8029,卖盘
1418,13:05:03,11.48,--,1,1148,买盘
1419,13:05:00,11.48,-0.01,1,1148,中性盘
1420,13:04:33,11.49,0.02,1,1149,买盘
1421,13:04:27,11.47,--,1,1147,卖盘
1422,13:04:24,11.47,-0.02,4,4588,卖盘
1423,13:04:21,11.49,0.02,1,1149,买盘
1424,13:04:15,11.47,--,1,1147,卖盘
1425,13:04:06,11.47,-0.02,10,11470,卖盘
1426,13:04:03,11.49,--,3,3447,买盘
1427,13:03:51,11.49,0.01,80,91920,买盘
1428,13:03:33,11.48,--,1,1148,买盘
1429,13:03:24,11.48,--,1,1148,买盘
1430,13:03:21,11.48,--,8,9184,卖盘
1431,13:03:12,11.48,0.01,12,13776,买盘
1432,13:03:09,11.47,-0.01,5,5735,卖盘
1433,13:03:06,11.48,0.01,12,13776,买盘
1434,13:03:03,11.47,--,2,2294,卖盘
1435,13:02:48,11.47,-0.01,24,27528,卖盘
1436,13:02:33,11.48,0.01,1,1148,中性盘
1437,13:02:27,11.47,-0.01,50,57350,卖盘
1438,13:02:24,11.48,--,1,1148,卖盘
1439,13:02:18,11.48,0.01,173,198604,买盘
1440,13:02:09,11.47,-0.01,2,2294,卖盘
1441,13:02:03,11.48,--,1,1148,买盘
1442,13:02:00,11.48,0.01,150,172200,买盘
1443,13:01:30,11.47,-0.01,81,92907,卖盘
1444,13:01:21,11.48,--,27,30996,买盘
1445,13:00:57,11.48,--,4,4592,买盘
1446,13:00:39,11.48,--,300,344400,买盘
1447,13:00:36,11.48,0.01,2,2296,买盘
1448,13:00:27,11.47,--,10,11470,卖盘
1449,13:00:21,11.47,--,1,1147,卖盘
1450,13:00:12,11.47,--,2,2294,卖盘
1451,13:00:09,11.47,--,2,2294,卖盘
1452,13:00:06,11.47,--,10,11470,卖盘
1453,13:00:03,11.47,0.01,336,385460,买盘
1454,13:00:00,11.46,--,0,0,卖盘
1455,11:30:00,11.46,--,0,0,卖盘
1456,11:29:57,11.46,-0.02,10,11460,卖盘
1457,11:29:45,11.48,0.01,50,57400,买盘
1458,11:29:42,11.47,0.01,4,4588,买盘
1459,11:29:39,11.46,-0.01,1,1146,卖盘
1460,11:29:36,11.47,--,3,3441,买盘
1461,11:29:27,11.47,0.01,13,14911,中性盘
1462,11:29:21,11.46,-0.02,5,5730,卖盘
1463,11:29:09,11.48,0.02,21,24108,买盘
1464,11:29:06,11.46,--,1,1146,卖盘
1465,11:29:03,11.46,--,18,20628,卖盘
1466,11:28:48,11.46,-0.01,69,79074,卖盘
1467,11:28:42,11.47,0.01,210,240870,买盘
1468,11:28:39,11.46,-0.02,18,20628,卖盘
1469,11:28:30,11.48,0.01,2,2296,买盘
1470,11:28:27,11.47,--,10,11470,卖盘
1471,11:28:24,11.47,--,5,5735,买盘
1472,11:28:18,11.47,0.01,5,5735,买盘
1473,11:28:15,11.46,-0.01,9,10314,卖盘
1474,11:28:09,11.47,--,3,3441,买盘
1475,11:27:54,11.47,--,5,5735,买盘
1476,11:27:51,11.47,--,45,51615,买盘
1477,11:27:45,11.47,--,2,2294,买盘
1478,11:27:39,11.47,0.01,31,35557,买盘
1479,11:27:36,11.46,--,19,21774,卖盘
1480,11:27:27,11.46,-0.01,2,2292,卖盘
1481,11:27:21,11.47,0.01,1,1147,买盘
1482,11:27:18,11.46,-0.01,1,1146,卖盘
1483,11:27:15,11.47,0.01,636,729962,买盘
1484,11:27:09,11.46,--,25,28650,买盘
1485,11:27:06,11.46,0.01,1,1146,买盘
1486,11:27:03,11.45,--,1,1145,卖盘
1487,11:26:54,11.45,-0.01,45,51525,卖盘
1488,11:26:48,11.46,--,10,11460,买盘
1489,11:26:45,11.46,0.01,4,4584,买盘
1490,11:26:42,11.45,--,40,45800,卖盘
1491,11:26:39,11.45,--,7,8014,卖盘
1492,11:26:36,11.45,--,3,3435,卖盘
1493,11:26:27,11.45,-0.01,5,5725,卖盘
1494,11:26:24,11.46,--,19,21774,买盘
1495,11:26:21,11.46,--,1,1146,买盘
1496,11:26:18,11.46,--,2,2292,买盘
1497,11:26:15,11.46,--,10,11460,买盘
1498,11:26:00,11.46,0.01,32,36672,买盘
1499,11:25:51,11.45,-0.01,10,11450,卖盘
1500,11:25:48,11.46,0.01,1,1146,买盘
1501,11:25:45,11.45,-0.01,20,22900,卖盘
1502,11:25:42,11.46,--,40,45840,买盘
1503,11:25:36,11.46,--,3,3438,买盘
1504,11:25:30,11.46,--,103,118038,买盘
1505,11:25:24,11.46,-0.01,1291,1480162,卖盘
1506,11:25:18,11.47,--,1,1147,买盘
1507,11:25:12,11.47,--,3,3441,买盘
1508,11:25:09,11.47,0.01,2,2294,买盘
1509,11:25:03,11.46,--,2,2292,卖盘
1510,11:25:00,11.46,-0.01,6,6876,卖盘
1511,11:24:48,11.47,--,2,2294,买盘
1512,11:24:45,11.47,--,2,2294,买盘
1513,11:24:42,11.47,0.01,5,5735,买盘
1514,11:24:33,11.46,--,50,57300,卖盘
1515,11:24:30,11.46,-0.01,10,11460,卖盘
1516,11:24:27,11.47,--,13,14911,买盘
1517,11:24:21,11.47,--,1,1147,买盘
1518,11:24:18,11.47,0.01,3,3441,买盘
1519,11:24:12,11.46,--,2,2292,卖盘
1520,11:24:00,11.46,-0.01,2,2292,卖盘
1521,11:23:57,11.47,--,5,5735,买盘
1522,11:23:48,11.47,--,1,1147,买盘
1523,11:23:27,11.47,--,1,1147,买盘
1524,11:23:24,11.47,--,2,2294,买盘
1525,11:23:18,11.47,0.01,1,1147,买盘
1526,11:23:15,11.46,--,1,1146,卖盘
1527,11:23:09,11.46,-0.01,790,905340,卖盘
1528,11:23:06,11.47,--,2,2294,卖盘
1529,11:23:03,11.47,--,2,2294,卖盘
1530,11:23:00,11.47,0.01,4,4588,中性盘
1531,11:22:57,11.46,--,1,1146,卖盘
1532,11:22:51,11.46,-0.02,44,50424,卖盘
1533,11:22:48,11.48,0.01,15,17220,买盘
1534,11:22:42,11.47,--,1,1147,买盘
1535,11:22:36,11.47,0.01,2,2294,买盘
1536,11:22:33,11.46,-0.02,20,22920,卖盘
1537,11:22:27,11.48,--,8,9184,买盘
1538,11:22:24,11.48,--,23,26404,买盘
1539,11:22:18,11.48,--,1,1148,买盘
1540,11:22:15,11.48,--,2,2296,买盘
1541,11:22:12,11.48,0.02,2,2296,买盘
1542,11:22:03,11.46,-0.02,660,756360,卖盘
1543,11:21:57,11.48,0.01,13,14924,买盘
1544,11:21:54,11.47,-0.01,1,1147,卖盘
1545,11:21:51,11.48,--,3,3444,买盘
1546,11:21:48,11.48,--,10,11480,卖盘
1547,11:21:45,11.48,--,19,21812,买盘
1548,11:21:42,11.48,--,2,2296,买盘
1549,11:21:39,11.48,0.01,23,26404,买盘
1550,11:21:33,11.47,-0.01,10,11470,卖盘
1551,11:21:30,11.48,--,1,1148,买盘
1552,11:21:27,11.48,--,134,153832,买盘
1553,11:21:21,11.48,0.01,2,2296,买盘
1554,11:21:12,11.47,-0.01,7,8029,卖盘
1555,11:21:06,11.48,--,1,1148,买盘
1556,11:21:03,11.48,0.01,4,4592,买盘
1557,11:21:00,11.47,-0.01,203,232841,卖盘
1558,11:20:57,11.48,-0.01,1,1148,中性盘
1559,11:20:48,11.49,0.02,3,3447,买盘
1560,11:20:42,11.47,-0.02,1,1147,卖盘
1561,11:20:39,11.49,0.02,164,188436,买盘
1562,11:20:27,11.47,--,362,415214,卖盘
1563,11:20:24,11.47,-0.02,3,3441,卖盘
1564,11:20:21,11.49,--,1,1149,买盘
1565,11:20:18,11.49,--,11,12639,买盘
1566,11:20:12,11.49,0.02,3,3447,买盘
1567,11:20:03,11.47,--,1,1147,卖盘
1568,11:20:00,11.47,-0.02,40,45880,卖盘
1569,11:19:57,11.49,--,1,1149,买盘
1570,11:19:54,11.49,--,1,1149,买盘
1571,11:19:51,11.49,--,20,22980,买盘
1572,11:19:48,11.49,0.01,8,9192,买盘
1573,11:19:45,11.48,--,3,3444,卖盘
1574,11:19:36,11.48,-0.01,11,12628,卖盘
1575,11:19:27,11.49,0.01,9,10341,买盘
1576,11:19:15,11.48,0.01,1,1148,中性盘
1577,11:19:03,11.47,-0.02,3,3441,卖盘
1578,11:19:00,11.49,--,2,2298,买盘
1579,11:18:57,11.49,0.02,1,1149,买盘
1580,11:18:51,11.47,-0.01,723,829281,卖盘
1581,11:18:48,11.48,--,5,5740,卖盘
1582,11:18:42,11.48,--,1,1148,卖盘
1583,11:18:39,11.48,-0.01,1,1148,卖盘
1584,11:18:36,11.49,0.01,2,2298,买盘
1585,11:18:33,11.48,--,1,1148,卖盘
1586,11:18:30,11.48,-0.01,1,1148,卖盘
1587,11:18:27,11.49,0.02,2,2298,买盘
1588,11:18:24,11.47,--,3,3441,卖盘
1589,11:18:21,11.47,--,5,5735,卖盘
1590,11:18:18,11.47,--,11,12617,卖盘
1591,11:18:15,11.47,--,22,25234,卖盘
1592,11:18:12,11.47,--,43,49321,卖盘
1593,11:18:09,11.47,-0.02,4,4588,卖盘
1594,11:17:57,11.49,--,1,1149,买盘
1595,11:17:45,11.49,0.02,1,1149,买盘
1596,11:17:42,11.47,-0.02,4,4588,卖盘
1597,11:17:39,11.49,0.02,6,6894,买盘
1598,11:17:33,11.47,-0.01,25,28675,卖盘
1599,11:17:30,11.48,--,100,114800,买盘
1600,11:17:27,11.48,0.01,1,1148,买盘
1601,11:17:21,11.47,--,14,16058,卖盘
1602,11:17:12,11.47,-0.02,774,887778,卖盘
1603,11:17:09,11.49,0.01,7,8043,买盘
1604,11:17:00,11.48,0.01,76,87248,买盘
1605,11:16:57,11.47,-0.01,9,10323,卖盘
1606,11:16:51,11.48,0.01,11,12628,买盘
1607,11:16:48,11.47,--,181,207607,卖盘
1608,11:16:45,11.47,-0.01,4,4588,卖盘
1609,11:16:42,11.48,0.01,20,22960,买盘
1610,11:16:39,11.47,-0.01,12,13764,卖盘
1611,11:16:36,11.48,--,62,71176,买盘
1612,11:16:33,11.48,--,60,68880,买盘
1613,11:16:30,11.48,-0.01,63,72324,卖盘
1614,11:16:27,11.49,--,2,2298,买盘
1615,11:16:24,11.49,0.01,6,6894,买盘
1616,11:16:12,11.48,--,2,2296,卖盘
1617,11:16:06,11.48,-0.01,4,4592,卖盘
1618,11:16:00,11.49,-0.01,2,2298,中性盘
1619,11:15:57,11.5,0.01,1,1150,买盘
1620,11:15:54,11.49,-0.01,3,4216,卖盘
1621,11:15:48,11.5,0.01,5,5750,买盘
1622,11:15:42,11.49,-0.01,3,3447,卖盘
1623,11:15:39,11.5,--,2,2300,买盘
1624,11:15:36,11.5,--,6,6900,买盘
1625,11:15:27,11.5,0.01,1,1150,买盘
1626,11:15:24,11.49,--,4,4596,卖盘
1627,11:15:18,11.49,-0.01,6,6894,卖盘
1628,11:15:15,11.5,--,3,3450,买盘
1629,11:15:12,11.5,--,2,2300,买盘
1630,11:15:06,11.5,0.01,1,1150,买盘
1631,11:15:03,11.49,--,1,1149,卖盘
1632,11:15:00,11.49,-0.01,5,6124,卖盘
1633,11:14:57,11.5,--,1,1150,买盘
1634,11:14:54,11.5,0.01,10,11500,买盘
1635,11:14:51,11.49,-0.01,4,4596,卖盘
1636,11:14:42,11.5,--,3,3450,买盘
1637,11:14:27,11.5,0.01,1,1150,买盘
1638,11:14:24,11.49,--,5,5745,卖盘
1639,11:14:21,11.49,-0.01,1,1149,卖盘
1640,11:14:18,11.5,--,94,108100,买盘
1641,11:14:12,11.5,0.04,1,1150,买盘
1642,11:14:09,11.46,-0.01,849,972954,卖盘
1643,11:14:06,11.47,--,1248,1431456,卖盘
1644,11:14:03,11.47,--,59,67673,卖盘
1645,11:14:00,11.47,-0.03,68,77996,卖盘
1646,11:13:57,11.5,--,85,97750,买盘
1647,11:13:54,11.5,0.01,105,120750,买盘
1648,11:13:51,11.49,--,122,140178,卖盘
1649,11:13:45,11.49,-0.01,5,5745,卖盘
1650,11:13:42,11.5,0.01,1,1150,买盘
1651,11:13:36,11.49,-0.01,7,8043,卖盘
1652,11:13:33,11.5,0.01,1,1150,买盘
1653,11:13:24,11.49,--,4,4596,卖盘
1654,11:13:12,11.49,-0.01,5,5745,卖盘
1655,11:13:09,11.5,--,2,2300,买盘
1656,11:13:06,11.5,--,3,3450,买盘
1657,11:12:57,11.5,--,6,6900,买盘
1658,11:12:48,11.5,--,46,52900,买盘
1659,11:12:42,11.5,--,1,1150,买盘
1660,11:12:39,11.5,--,23,26450,买盘
1661,11:12:36,11.5,0.02,8,9200,买盘
1662,11:12:33,11.48,-0.02,5,5740,卖盘
1663,11:12:27,11.5,--,4,4600,买盘
1664,11:12:24,11.5,0.02,5,5750,买盘
1665,11:12:21,11.48,-0.02,4,4592,卖盘
1666,11:12:18,11.5,--,5,5750,买盘
1667,11:12:15,11.5,--,43,49450,买盘
1668,11:12:12,11.5,--,1,1150,买盘
1669,11:12:09,11.5,--,5,5750,买盘
1670,11:12:06,11.5,--,1,1150,买盘
1671,11:12:03,11.5,--,5,5750,买盘
1672,11:11:57,11.5,0.03,1,1150,买盘
1673,11:11:54,11.47,-0.02,557,638879,卖盘
1674,11:11:42,11.49,--,1,1149,买盘
1675,11:11:36,11.49,0.02,85,97665,买盘
1676,11:11:33,11.47,-0.01,7,8029,卖盘
1677,11:11:27,11.48,--,4,4592,买盘
1678,11:11:21,11.48,--,279,320292,买盘
1679,11:11:18,11.48,--,2,2296,买盘
1680,11:11:15,11.48,--,10,11480,买盘
1681,11:11:12,11.48,0.01,8,9184,买盘
1682,11:11:06,11.47,-0.01,724,830428,卖盘
1683,11:11:03,11.48,--,10,11480,买盘
1684,11:10:57,11.48,0.01,45,51660,买盘
1685,11:10:54,11.47,-0.01,1,1147,卖盘
1686,11:10:51,11.48,--,1,1148,买盘
1687,11:10:45,11.48,0.01,2,2296,买盘
1688,11:10:42,11.47,-0.01,8,9176,卖盘
1689,11:10:36,11.48,--,1,1148,买盘
1690,11:10:33,11.48,--,1,1148,买盘
1691,11:10:30,11.48,--,10,11480,买盘
1692,11:10:21,11.48,0.01,8,9184,买盘
1693,11:10:18,11.47,--,42,48174,卖盘
1694,11:10:15,11.47,-0.01,61,69967,卖盘
1695,11:10:09,11.48,--,2,2296,买盘
1696,11:10:06,11.48,--,1,1148,买盘
1697,11:09:57,11.48,--,244,280112,买盘
1698,11:09:54,11.48,0.01,5,5740,买盘
1699,11:09:51,11.47,-0.01,9,10323,卖盘
1700,11:09:42,11.48,--,2,2296,买盘
1701,11:09:39,11.48,--,6,6888,买盘
1702,11:09:33,11.48,--,1256,1441888,买盘
1703,11:09:30,11.48,--,1,1148,买盘
1704,11:09:24,11.48,--,25,28700,买盘
1705,11:09:21,11.48,--,3,3444,买盘
1706,11:09:09,11.48,--,2,2296,买盘
1707,11:09:06,11.48,--,11,12628,买盘
1708,11:09:03,11.48,-0.01,27,30996,卖盘
1709,11:09:00,11.49,--,1,1149,买盘
1710,11:08:51,11.49,--,1,1149,买盘
1711,11:08:48,11.49,0.01,1,1149,买盘
1712,11:08:39,11.48,--,39,44772,买盘
1713,11:08:36,11.48,--,1,1148,买盘
1714,11:08:33,11.48,-0.01,10,11480,中性盘
1715,11:08:21,11.49,0.02,1,1149,买盘
1716,11:08:18,11.47,-0.02,3,3441,卖盘
1717,11:08:15,11.49,0.02,3,3447,买盘
1718,11:08:12,11.47,--,16,18352,卖盘
1719,11:08:03,11.47,-0.01,982,1126354,卖盘
1720,11:07:54,11.48,-0.01,4,4592,卖盘
1721,11:07:51,11.49,0.01,70,80430,买盘
1722,11:07:48,11.48,-0.01,831,953988,卖盘
1723,11:07:45,11.49,0.01,3,3447,买盘
1724,11:07:42,11.48,-0.01,11,12628,卖盘
1725,11:07:39,11.49,0.01,2,2298,买盘
1726,11:07:30,11.48,-0.01,20,22960,卖盘
1727,11:07:27,11.49,0.01,2,2298,买盘
1728,11:07:21,11.48,-0.01,20,22960,卖盘
1729,11:07:15,11.49,--,29,33321,买盘
1730,11:07:12,11.49,--,2,2298,买盘
1731,11:07:09,11.49,0.02,8,9192,买盘
1732,11:07:03,11.47,-0.02,1,1147,卖盘
1733,11:07:00,11.49,--,6,6894,买盘
1734,11:06:57,11.49,0.01,16,18384,买盘
1735,11:06:54,11.48,--,3,3444,买盘
1736,11:06:51,11.48,-0.01,1,1148,中性盘
1737,11:06:42,11.49,--,11,12639,买盘
1738,11:06:39,11.49,0.01,104,119496,买盘
1739,11:06:36,11.48,--,1,1148,买盘
1740,11:06:33,11.48,-0.01,8,9184,买盘
1741,11:06:30,11.49,--,4,4596,买盘
1742,11:06:27,11.49,--,4,4596,买盘
1743,11:06:24,11.49,--,103,118347,买盘
1744,11:06:21,11.49,--,1,1149,买盘
1745,11:06:18,11.49,--,4,4596,买盘
1746,11:06:15,11.49,--,3,3447,买盘
1747,11:06:12,11.49,0.02,10,11490,买盘
1748,11:06:09,11.47,-0.01,445,510415,卖盘
1749,11:06:03,11.48,--,1,1148,卖盘
1750,11:06:00,11.48,-0.01,1,1148,卖盘
1751,11:05:51,11.49,0.01,10,11490,买盘
1752,11:05:48,11.48,-0.01,8,9184,卖盘
1753,11:05:45,11.49,0.01,13,14937,买盘
1754,11:05:42,11.48,--,6,6888,卖盘
1755,11:05:39,11.48,--,4,4592,买盘
1756,11:05:33,11.48,--,1,1148,买盘
1757,11:05:30,11.48,--,3,3444,买盘
1758,11:05:24,11.48,--,4,4592,买盘
1759,11:05:21,11.48,--,1,1148,买盘
1760,11:05:18,11.48,0.01,32,36736,买盘
1761,11:05:15,11.47,-0.01,4,4588,卖盘
1762,11:05:09,11.48,--,14,16072,买盘
1763,11:05:06,11.48,0.01,15,17220,买盘
1764,11:05:03,11.47,--,1,1147,卖盘
1765,11:05:00,11.47,-0.01,2,2294,卖盘
1766,11:04:54,11.48,--,3,3444,中性盘
1767,11:04:51,11.48,0.01,1,1148,买盘
1768,11:04:48,11.47,-0.02,11,12617,卖盘
1769,11:04:42,11.49,0.02,6,6894,买盘
1770,11:04:27,11.47,-0.02,19,21793,卖盘
1771,11:04:24,11.49,--,8,9192,买盘
1772,11:04:21,11.49,0.01,167,192273,买盘
1773,11:04:18,11.48,--,93,106764,卖盘
1774,11:04:15,11.48,--,10,11480,卖盘
1775,11:04:12,11.48,-0.01,13,14924,卖盘
1776,11:04:09,11.49,0.01,2,2298,买盘
1777,11:04:03,11.48,--,15,17220,卖盘
1778,11:04:00,11.48,--,2,2296,卖盘
1779,11:03:54,11.48,-0.01,51,58548,卖盘
1780,11:03:51,11.49,0.01,11,12639,买盘
1781,11:03:42,11.48,--,13,14924,卖盘
1782,11:03:36,11.48,--,13,14924,卖盘
1783,11:03:33,11.48,--,20,22960,卖盘
1784,11:03:30,11.48,--,40,45920,卖盘
1785,11:03:24,11.48,-0.01,63,72324,卖盘
1786,11:03:21,11.49,0.01,1,1149,买盘
1787,11:03:18,11.48,--,1,1148,卖盘
1788,11:03:12,11.48,-0.01,216,247968,卖盘
1789,11:03:09,11.49,0.01,47,54003,买盘
1790,11:03:06,11.48,--,16,18368,卖盘
1791,11:03:03,11.48,--,12,13776,卖盘
1792,11:03:00,11.48,--,293,337121,买盘
1793,11:02:54,11.48,--,51,58548,买盘
1794,11:02:51,11.48,0.01,1,1148,买盘
1795,11:02:48,11.47,-0.01,8,9176,卖盘
1796,11:02:45,11.48,--,3,3444,买盘
1797,11:02:42,11.48,--,4,4592,买盘
1798,11:02:39,11.48,0.01,426,489048,买盘
1799,11:02:33,11.47,-0.01,17,19499,卖盘
1800,11:02:30,11.48,--,5,5740,买盘
1801,11:02:24,11.48,0.01,13,14924,买盘
1802,11:02:21,11.47,-0.01,6,6882,卖盘
1803,11:02:15,11.48,-0.01,840,964710,卖盘
1804,11:02:09,11.49,--,15,17235,买盘
1805,11:02:00,11.49,0.01,1,1149,买盘
1806,11:01:57,11.48,-0.01,13,14924,卖盘
1807,11:01:54,11.49,0.01,3,3447,买盘
1808,11:01:48,11.48,--,13,14924,卖盘
1809,11:01:39,11.48,-0.01,13,14924,卖盘
1810,11:01:30,11.49,0.01,1,1149,买盘
1811,11:01:27,11.48,--,16,18368,卖盘
1812,11:01:24,11.48,--,8,9184,卖盘
1813,11:01:18,11.48,--,18,20664,卖盘
1814,11:01:15,11.48,--,12,13776,卖盘
1815,11:01:09,11.48,-0.01,13,14924,卖盘
1816,11:01:06,11.49,--,5,5745,买盘
1817,11:01:00,11.49,0.01,1,1149,买盘
1818,11:00:57,11.48,--,13,14924,卖盘
1819,11:00:48,11.48,--,25,29779,卖盘
1820,11:00:42,11.48,--,18,20664,卖盘
1821,11:00:39,11.48,-0.01,14,16072,卖盘
1822,11:00:30,11.49,0.01,6,6894,买盘
1823,11:00:27,11.48,--,14,16072,卖盘
1824,11:00:18,11.48,-0.01,17,19516,卖盘
1825,11:00:15,11.49,--,2,2298,买盘
1826,11:00:09,11.49,--,14,16086,买盘
1827,11:00:06,11.49,--,2,2298,买盘
1828,11:00:00,11.49,0.01,1,1149,买盘
1829,10:59:57,11.48,-0.01,13,14924,卖盘
1830,10:59:51,11.49,0.01,36,41364,买盘
1831,10:59:48,11.48,-0.01,19,22443,卖盘
1832,10:59:45,11.49,0.01,13,14937,买盘
1833,10:59:33,11.48,-0.01,6,6888,卖盘
1834,10:59:30,11.49,--,1,1149,买盘
1835,10:59:24,11.49,0.01,9,10341,买盘
1836,10:59:12,11.48,-0.01,2,2296,卖盘
1837,10:59:09,11.49,0.01,2,2298,买盘
1838,10:59:06,11.48,--,20,22960,卖盘
1839,10:59:03,11.48,-0.01,5,5740,卖盘
1840,10:59:00,11.49,--,14,16086,买盘
1841,10:58:57,11.49,0.01,3,3447,买盘
1842,10:58:54,11.48,-0.01,12,13776,卖盘
1843,10:58:51,11.49,0.01,7,8043,买盘
1844,10:58:48,11.48,-0.01,3,4063,卖盘
1845,10:58:45,11.49,--,10,11490,买盘
1846,10:58:39,11.49,--,11,12639,买盘
1847,10:58:33,11.49,--,125,143625,买盘
1848,10:58:30,11.49,--,1,1149,买盘
1849,10:58:27,11.49,--,87,99963,买盘
1850,10:58:00,11.49,0.01,5,5745,买盘
1851,10:57:51,11.48,--,3,4075,卖盘
1852,10:57:48,11.48,--,7,8036,卖盘
1853,10:57:33,11.48,-0.01,15,17220,卖盘
1854,10:57:27,11.49,--,1,1149,买盘
1855,10:57:24,11.49,0.01,179,205671,买盘
1856,10:57:18,11.48,--,1,1148,卖盘
1857,10:57:15,11.48,--,13,14924,卖盘
1858,10:57:12,11.48,--,108,123984,卖盘
1859,10:57:09,11.48,-0.01,9,10332,卖盘
1860,10:57:00,11.49,0.01,4,4596,买盘
1861,10:56:57,11.48,--,18,20664,卖盘
1862,10:56:54,11.48,--,3,4075,卖盘
1863,10:56:48,11.48,--,7,8036,卖盘
1864,10:56:42,11.48,--,10,11480,卖盘
1865,10:56:39,11.48,--,3,3444,卖盘
1866,10:56:36,11.48,-0.01,21,24796,卖盘
1867,10:56:30,11.49,0.01,3,3447,买盘
1868,10:56:24,11.48,--,4,4592,卖盘
1869,10:56:12,11.48,-0.01,10,11480,卖盘
1870,10:56:09,11.49,0.01,2,2298,买盘
1871,10:56:06,11.48,-0.01,1,1148,卖盘
1872,10:56:03,11.49,0.01,481,552669,买盘
1873,10:56:00,11.48,--,47,53956,卖盘
1874,10:55:57,11.48,--,100,114800,卖盘
1875,10:55:51,11.48,--,13,14924,卖盘
1876,10:55:48,11.48,-0.01,3,4075,卖盘
1877,10:55:45,11.49,0.01,1,1149,买盘
1878,10:55:39,11.48,--,13,14924,卖盘
1879,10:55:33,11.48,--,6,6888,卖盘
1880,10:55:30,11.48,--,10,11480,卖盘
1881,10:55:27,11.48,-0.01,20,22960,卖盘
1882,10:55:24,11.49,--,2,2298,买盘
1883,10:55:18,11.49,0.01,1,1149,买盘
1884,10:55:09,11.48,-0.01,2,2296,卖盘
1885,10:55:06,11.49,0.01,6,6894,买盘
1886,10:54:54,11.48,-0.01,3,4063,卖盘
1887,10:54:51,11.49,--,24,27576,买盘
1888,10:54:48,11.49,--,2,2298,买盘
1889,10:54:45,11.49,0.01,10,11490,买盘
1890,10:54:39,11.48,--,8,9184,卖盘
1891,10:54:33,11.48,-0.01,11,12628,卖盘
1892,10:54:30,11.49,0.01,40,45960,买盘
1893,10:54:18,11.48,-0.01,14,16072,卖盘
1894,10:54:12,11.49,0.01,4,4596,买盘
1895,10:54:06,11.48,--,1,1148,卖盘
1896,10:54:03,11.48,--,120,137760,卖盘
1897,10:53:54,11.48,--,3,4075,卖盘
1898,10:53:48,11.48,--,6,6888,卖盘
1899,10:53:39,11.48,-0.01,22,25256,卖盘
1900,10:53:36,11.49,0.01,1,1149,买盘
1901,10:53:15,11.48,-0.01,1,1148,卖盘
1902,10:53:06,11.49,0.01,84,96516,买盘
1903,10:53:03,11.48,--,14,16072,卖盘
1904,10:52:57,11.48,--,600,688800,卖盘
1905,10:52:54,11.48,--,35,40180,卖盘
1906,10:52:51,11.48,--,3,4075,卖盘
1907,10:52:39,11.48,-0.01,2,2296,卖盘
1908,10:52:36,11.49,--,4,4596,买盘
1909,10:52:30,11.49,--,11,12639,买盘
1910,10:52:27,11.49,--,20,22980,买盘
1911,10:52:18,11.49,0.01,1,1149,买盘
1912,10:52:15,11.48,-0.01,6,6888,卖盘
1913,10:52:12,11.49,--,83,95367,买盘
1914,10:52:06,11.49,--,2,2298,买盘
1915,10:51:57,11.49,0.01,36,41364,买盘
1916,10:51:54,11.48,--,39,45403,卖盘
1917,10:51:48,11.48,-0.01,7,8036,卖盘
1918,10:51:42,11.49,--,20,22980,买盘
1919,10:51:33,11.49,0.01,7,8043,买盘
1920,10:51:30,11.48,-0.01,106,121688,卖盘
1921,10:51:21,11.49,0.01,95,109155,买盘
1922,10:51:15,11.48,-0.01,120,137760,卖盘
1923,10:51:06,11.49,0.01,2,2298,买盘
1924,10:51:00,11.48,--,12,13776,卖盘
1925,10:50:57,11.48,--,2,2296,卖盘
1926,10:50:54,11.48,-0.01,125,144119,卖盘
1927,10:50:48,11.49,0.01,1,1149,买盘
1928,10:50:42,11.48,--,25,28700,卖盘
1929,10:50:39,11.48,--,161,184828,卖盘
1930,10:50:36,11.48,--,1,1148,卖盘
1931,10:50:27,11.48,--,1,1148,卖盘
1932,10:50:24,11.48,--,84,96432,卖盘
1933,10:50:18,11.48,--,1,1148,卖盘
1934,10:50:12,11.48,--,2,2296,卖盘
1935,10:50:09,11.48,--,12,13776,卖盘
1936,10:50:03,11.48,-0.01,1,1148,卖盘
1937,10:50:00,11.49,0.01,20,22980,买盘
1938,10:49:57,11.48,--,249,285852,卖盘
1939,10:49:54,11.48,-0.01,3,4075,卖盘
1940,10:49:51,11.49,0.01,9,10341,买盘
1941,10:49:48,11.48,-0.01,4,4592,卖盘
1942,10:49:45,11.49,0.01,106,121794,买盘
1943,10:49:42,11.48,-0.01,7,8036,卖盘
1944,10:49:39,11.49,0.01,30,34470,买盘
1945,10:49:33,11.48,-0.01,11,12628,卖盘
1946,10:49:30,11.49,0.01,4,4596,买盘
1947,10:49:21,11.48,--,115,132020,卖盘
1948,10:49:18,11.48,--,6,6888,卖盘
1949,10:49:12,11.48,--,100,114800,卖盘
1950,10:49:09,11.48,-0.01,1,1148,卖盘
1951,10:49:06,11.49,0.01,2,2298,买盘
1952,10:49:03,11.48,--,3,3444,卖盘
1953,10:49:00,11.48,--,18,20664,卖盘
1954,10:48:51,11.48,--,3,4075,卖盘
1955,10:48:45,11.48,-0.01,10,11480,卖盘
1956,10:48:42,11.49,--,4,4596,买盘
1957,10:48:36,11.49,--,3,3447,买盘
1958,10:48:33,11.49,0.01,7,8043,买盘
1959,10:48:30,11.48,-0.01,9,10332,卖盘
1960,10:47:54,11.49,0.01,6,6894,买盘
1961,10:47:51,11.48,--,2,2296,卖盘
1962,10:47:48,11.48,--,12,14407,卖盘
1963,10:47:33,11.48,-0.01,2,2296,卖盘
1964,10:47:30,11.49,0.01,4,4596,买盘
1965,10:47:27,11.48,-0.01,1000,1148000,卖盘
1966,10:47:15,11.49,--,21,24129,买盘
1967,10:47:12,11.49,0.01,1,1149,买盘
1968,10:47:09,11.48,-0.01,8,9184,卖盘
1969,10:47:00,11.49,--,2,2298,买盘
1970,10:46:57,11.49,0.01,48,55152,买盘
1971,10:46:51,11.48,-0.01,103,118875,卖盘
1972,10:46:48,11.49,--,59,67791,买盘
1973,10:46:45,11.49,--,1,1149,买盘
1974,10:46:42,11.49,0.01,28,32172,买盘
1975,10:46:39,11.48,-0.01,45,51660,卖盘
1976,10:46:36,11.49,--,2,2298,买盘
1977,10:46:33,11.49,0.01,10,11490,买盘
1978,10:46:18,11.48,-0.01,100,114800,卖盘
1979,10:46:15,11.49,0.01,1,1149,买盘
1980,10:46:06,11.48,-0.01,1,1148,卖盘
1981,10:46:03,11.49,--,1,1149,买盘
1982,10:45:57,11.49,0.01,1,1149,买盘
1983,10:45:54,11.48,--,15,17220,卖盘
1984,10:45:48,11.48,-0.01,3,4063,卖盘
1985,10:45:45,11.49,--,1,1149,买盘
1986,10:45:42,11.49,--,14,16086,买盘
1987,10:45:39,11.49,--,16,18384,买盘
1988,10:45:33,11.49,--,1,1149,买盘
1989,10:45:30,11.49,--,8,9192,买盘
1990,10:45:15,11.49,0.01,4,4596,买盘
1991,10:45:12,11.48,--,51,58548,卖盘
1992,10:45:03,11.48,-0.01,30,34440,卖盘
1993,10:44:51,11.49,0.01,13,14937,买盘
1994,10:44:48,11.48,-0.01,3,4075,卖盘
1995,10:44:45,11.49,0.01,6,6894,买盘
1996,10:44:39,11.48,-0.01,21,24108,卖盘
1997,10:44:36,11.49,--,8,9192,买盘
1998,10:44:33,11.49,--,4,4596,买盘
1999,10:44:27,11.49,0.01,5,5745,买盘
2000,10:44:21,11.48,--,15,17220,卖盘
2001,10:44:18,11.48,--,40,45920,卖盘
2002,10:44:15,11.48,--,15,17220,卖盘
2003,10:44:12,11.48,--,21,24108,卖盘
2004,10:44:06,11.48,--,1,1148,卖盘
2005,10:44:03,11.48,--,5,5740,卖盘
2006,10:44:00,11.48,--,1,1148,卖盘
2007,10:43:51,11.48,-0.01,3,4075,卖盘
2008,10:43:45,11.49,0.01,1,1149,买盘
2009,10:43:42,11.48,-0.02,172,197456,卖盘
2010,10:43:30,11.5,--,51,58650,买盘
2011,10:43:27,11.5,0.01,2,2300,买盘
2012,10:43:24,11.49,--,18,20785,卖盘
2013,10:43:21,11.49,--,239,274611,卖盘
2014,10:43:18,11.49,--,239,274611,卖盘
2015,10:43:15,11.49,--,16,18384,卖盘
2016,10:43:09,11.49,--,1,1149,卖盘
2017,10:43:03,11.49,--,1,1149,卖盘
2018,10:43:00,11.49,--,1,1149,卖盘
2019,10:42:54,11.49,--,4,4596,卖盘
2020,10:42:51,11.49,-0.01,4,5216,卖盘
2021,10:42:45,11.5,0.01,1,1150,买盘
2022,10:42:33,11.49,--,25,28725,卖盘
2023,10:42:30,11.49,-0.01,29,33321,卖盘
2024,10:42:27,11.5,--,1,1150,买盘
2025,10:42:24,11.5,0.01,4,4600,买盘
2026,10:42:21,11.49,-0.01,18,20682,卖盘
2027,10:42:18,11.5,0.01,260,299000,买盘
2028,10:42:06,11.49,--,1,1149,卖盘
2029,10:41:57,11.49,-0.01,19,21831,卖盘
2030,10:41:54,11.5,0.01,5,5750,买盘
2031,10:41:51,11.49,-0.01,1,1149,卖盘
2032,10:41:48,11.5,0.01,80,92000,买盘
2033,10:41:45,11.49,-0.01,3,4078,卖盘
2034,10:41:42,11.5,0.01,20,23000,买盘
2035,10:41:39,11.49,-0.01,261,299889,卖盘
2036,10:41:36,11.5,0.01,260,299000,买盘
2037,10:41:27,11.49,-0.01,20,22980,卖盘
2038,10:41:24,11.5,--,20,23000,买盘
2039,10:41:18,11.5,--,2,2300,买盘
2040,10:41:09,11.5,0.01,1,1150,买盘
2041,10:41:06,11.49,--,70,80430,卖盘
2042,10:41:03,11.49,--,1,1149,卖盘
2043,10:40:57,11.49,-0.01,10,11490,卖盘
2044,10:40:54,11.5,--,5,5750,买盘
2045,10:40:51,11.5,--,23,27071,买盘
2046,10:40:48,11.5,--,6,6900,买盘
2047,10:40:45,11.5,--,3,3450,买盘
2048,10:40:39,11.5,--,260,299000,买盘
2049,10:40:33,11.5,0.01,2,2300,买盘
2050,10:40:27,11.49,-0.01,2,2298,卖盘
2051,10:40:24,11.5,0.01,5,5750,买盘
2052,10:40:15,11.49,-0.01,10,11490,卖盘
2053,10:40:12,11.5,0.01,2,2300,买盘
2054,10:40:00,11.49,-0.01,16,18384,卖盘
2055,10:39:54,11.5,0.01,5,5750,买盘
2056,10:39:51,11.49,--,1,1149,卖盘
2057,10:39:48,11.49,--,96,110304,卖盘
2058,10:39:45,11.49,-0.01,3,4078,卖盘
2059,10:39:42,11.5,--,2,2300,买盘
2060,10:39:39,11.5,--,158,181700,买盘
2061,10:39:30,11.5,--,1,1150,买盘
2062,10:39:24,11.5,0.01,31,35650,买盘
2063,10:39:21,11.49,--,28,32172,卖盘
2064,10:39:18,11.49,--,6,6894,卖盘
2065,10:39:12,11.49,-0.01,6,6894,卖盘
2066,10:39:06,11.5,0.01,4,4600,买盘
2067,10:39:03,11.49,--,4,4596,卖盘
2068,10:39:00,11.49,-0.01,249,286101,卖盘
2069,10:38:54,11.5,0.01,254,292100,买盘
2070,10:38:48,11.49,-0.01,7,8663,卖盘
2071,10:38:45,11.5,0.01,11,12650,买盘
2072,10:38:39,11.49,-0.01,6,6894,卖盘
2073,10:38:33,11.5,--,14,16100,买盘
2074,10:38:24,11.5,0.01,7,8050,买盘
2075,10:38:21,11.49,--,7,8043,卖盘
2076,10:38:06,11.49,-0.01,1,1149,卖盘
2077,10:38:03,11.5,0.01,28,32200,买盘
2078,10:38:00,11.49,-0.01,100,114900,卖盘
2079,10:37:54,11.5,0.01,5,5750,买盘
2080,10:37:51,11.49,--,1,1149,卖盘
2081,10:37:48,11.49,--,4,5227,卖盘
2082,10:37:45,11.49,-0.01,28,32172,卖盘
2083,10:37:42,11.5,--,1,1150,买盘
2084,10:37:33,11.5,0.01,3,3450,买盘
2085,10:37:27,11.49,-0.01,5,5745,卖盘
2086,10:37:24,11.5,--,4,4600,买盘
2087,10:37:21,11.5,--,1,1150,买盘
2088,10:37:12,11.5,0.01,3,3450,买盘
2089,10:37:06,11.49,--,2,2298,卖盘
2090,10:37:00,11.49,--,2,2298,卖盘
2091,10:36:54,11.49,--,23,26427,卖盘
2092,10:36:48,11.49,-0.01,3,4067,卖盘
2093,10:36:45,11.5,--,17,19550,买盘
2094,10:36:36,11.5,0.01,100,115000,买盘
2095,10:36:30,11.49,-0.01,75,86175,卖盘
2096,10:36:24,11.5,--,5,5750,买盘
2097,10:36:15,11.5,--,1,1150,买盘
2098,10:36:12,11.5,0.01,1,1150,买盘
2099,10:36:06,11.49,--,20,22980,卖盘
2100,10:36:00,11.49,-0.01,1,1149,卖盘
2101,10:35:54,11.5,--,5,5750,买盘
2102,10:35:51,11.5,0.01,17,20182,买盘
2103,10:35:45,11.49,--,366,420534,卖盘
2104,10:35:42,11.49,-0.01,4,4596,卖盘
2105,10:35:36,11.5,0.01,2,2300,买盘
2106,10:35:33,11.49,--,2,2298,卖盘
2107,10:35:24,11.49,-0.01,20,22980,卖盘
2108,10:35:12,11.5,0.01,3,3450,买盘
2109,10:35:09,11.49,-0.01,4,4596,卖盘
2110,10:35:06,11.5,--,5,5750,买盘
2111,10:35:03,11.5,--,3,3450,买盘
2112,10:35:00,11.5,--,43,49450,买盘
2113,10:34:54,11.5,0.01,5,5750,买盘
2114,10:34:51,11.49,-0.01,10,11490,卖盘
2115,10:34:48,11.5,0.01,2,2300,买盘
2116,10:34:45,11.49,-0.01,3,4067,卖盘
2117,10:34:42,11.5,--,5,5750,买盘
2118,10:34:27,11.5,--,2,2300,买盘
2119,10:34:24,11.5,--,47,54050,买盘
2120,10:34:18,11.5,0.01,2,2300,买盘
2121,10:34:12,11.49,-0.01,3,3447,卖盘
2122,10:34:09,11.5,--,1,1150,买盘
2123,10:34:03,11.5,0.01,19,21850,买盘
2124,10:33:54,11.49,--,20,22980,卖盘
2125,10:33:45,11.49,-0.01,38,44282,卖盘
2126,10:33:36,11.5,--,10,11500,买盘
2127,10:33:33,11.5,--,31,35650,买盘
2128,10:33:30,11.5,--,29,33350,买盘
2129,10:33:27,11.5,0.01,1,1150,买盘
2130,10:33:24,11.49,-0.01,14,16086,卖盘
2131,10:33:12,11.5,0.01,18,20700,买盘
2132,10:33:06,11.49,--,14,16086,卖盘
2133,10:32:54,11.49,-0.01,4,4596,卖盘
2134,10:32:48,11.5,0.01,7,8682,买盘
2135,10:32:45,11.49,--,4,4596,卖盘
2136,10:32:42,11.49,-0.01,0,436,卖盘
2137,10:32:33,11.5,0.01,1,1150,买盘
2138,10:32:24,11.49,--,5,5745,卖盘
2139,10:32:21,11.49,-0.01,57,65493,卖盘
2140,10:32:15,11.5,--,37,42550,买盘
2141,10:32:12,11.5,--,89,102350,买盘
2142,10:32:06,11.5,--,1,1150,买盘
2143,10:31:57,11.5,0.01,3,3450,买盘
2144,10:31:54,11.49,--,4,4596,卖盘
2145,10:31:48,11.49,-0.01,1,1149,卖盘
2146,10:31:45,11.5,0.01,16,18400,买盘
2147,10:31:42,11.49,-0.01,6,7514,卖盘
2148,10:31:36,11.5,--,11,12650,买盘
2149,10:31:33,11.5,0.01,1,1150,买盘
2150,10:31:30,11.49,--,21,24129,卖盘
2151,10:31:27,11.49,-0.01,60,68940,卖盘
2152,10:31:24,11.5,0.01,5,5750,买盘
2153,10:31:21,11.49,-0.01,55,63195,卖盘
2154,10:31:18,11.5,--,2,2300,买盘
2155,10:31:03,11.5,--,101,116150,买盘
2156,10:30:57,11.5,0.02,304,349600,买盘
2157,10:30:45,11.48,--,3,4075,卖盘
2158,10:30:42,11.48,--,1,1148,卖盘
2159,10:30:39,11.48,-0.01,4,4592,卖盘
2160,10:30:33,11.49,-0.01,1,1149,中性盘
2161,10:30:27,11.5,0.01,74,85100,买盘
2162,10:30:24,11.49,0.01,20,22980,买盘
2163,10:30:21,11.48,-0.02,5,5740,卖盘
2164,10:30:15,11.5,--,5,5750,买盘
2165,10:30:12,11.5,--,42,48300,买盘
2166,10:30:09,11.5,--,56,64400,买盘
2167,10:30:06,11.5,--,5,5750,买盘
2168,10:30:03,11.5,0.01,40,46000,买盘
2169,10:29:57,11.49,0.01,3,3447,买盘
2170,10:29:51,11.48,-0.02,7,8036,卖盘
2171,10:29:48,11.5,0.02,217,250182,买盘
2172,10:29:45,11.48,-0.01,45,51660,卖盘
2173,10:29:42,11.49,--,20,22980,买盘
2174,10:29:36,11.49,--,2,2298,买盘
2175,10:29:30,11.49,0.01,11,12639,买盘
2176,10:29:27,11.48,--,1,1148,卖盘
2177,10:29:24,11.48,--,1,1148,卖盘
2178,10:29:15,11.48,--,28,32144,卖盘
2179,10:29:09,11.48,--,30,34440,买盘
2180,10:29:06,11.48,0.01,52,59696,买盘
2181,10:29:03,11.47,--,11,12617,卖盘
2182,10:28:51,11.47,-0.01,6,6882,卖盘
2183,10:28:45,11.48,0.01,2,2296,买盘
2184,10:28:42,11.47,-0.01,3,4071,卖盘
2185,10:28:39,11.48,0.01,50,57400,买盘
2186,10:28:36,11.47,--,14,16058,卖盘
2187,10:28:30,11.47,--,275,315425,卖盘
2188,10:28:24,11.47,--,5,5735,卖盘
2189,10:28:21,11.47,--,31,35557,买盘
2190,10:28:18,11.47,0.01,22,25234,买盘
2191,10:28:15,11.46,-0.01,52,59592,卖盘
2192,10:28:12,11.47,--,101,115847,买盘
2193,10:28:03,11.47,0.01,5,5735,买盘
2194,10:28:00,11.46,-0.01,1,1146,卖盘
2195,10:27:48,11.47,--,1,1147,买盘
2196,10:27:45,11.47,0.01,3,3441,买盘
2197,10:27:42,11.46,--,3,4068,卖盘
2198,10:27:39,11.46,--,105,120330,卖盘
2199,10:27:36,11.46,--,30,34380,卖盘
2200,10:27:33,11.46,-0.01,15,17190,卖盘
2201,10:27:27,11.47,0.01,34,38998,买盘
2202,10:27:24,11.46,-0.01,38,43548,卖盘
2203,10:27:18,11.47,--,1,1147,买盘
2204,10:27:15,11.47,0.01,1,1147,买盘
2205,10:27:12,11.46,--,50,57300,卖盘
2206,10:27:09,11.46,--,47,53862,卖盘
2207,10:27:06,11.46,--,38,43548,卖盘
2208,10:27:03,11.46,--,11,12606,卖盘
2209,10:27:00,11.46,--,5,5730,卖盘
2210,10:26:57,11.46,-0.01,10,11460,卖盘
2211,10:26:51,11.47,--,42,48174,买盘
2212,10:26:48,11.47,--,1,1147,买盘
2213,10:26:45,11.47,0.01,78,90096,买盘
2214,10:26:42,11.46,--,3,3438,卖盘
2215,10:26:33,11.46,-0.01,8,9168,卖盘
2216,10:26:30,11.47,--,20,22940,买盘
2217,10:26:27,11.47,--,7,8029,买盘
2218,10:26:24,11.47,--,4,4588,买盘
2219,10:26:18,11.47,0.01,24,27528,买盘
2220,10:26:12,11.46,-0.01,60,68760,卖盘
2221,10:26:09,11.47,0.01,16,18352,买盘
2222,10:26:06,11.46,--,10,11460,卖盘
2223,10:26:03,11.46,-0.01,303,347238,卖盘
2224,10:26:00,11.47,0.01,2,2294,买盘
2225,10:25:54,11.46,-0.01,25,28650,卖盘
2226,10:25:51,11.47,--,3,3441,买盘
2227,10:25:48,11.47,--,31,35557,买盘
2228,10:25:42,11.47,-0.01,3,3441,卖盘
2229,10:25:39,11.48,0.01,491,563668,买盘
2230,10:25:36,11.47,0.01,4,4588,买盘
2231,10:25:33,11.46,-0.01,24,27504,卖盘
2232,10:25:30,11.47,0.01,15,17205,买盘
2233,10:25:27,11.46,-0.01,55,63030,卖盘
2234,10:25:18,11.47,0.01,11,12617,买盘
2235,10:25:15,11.46,-0.01,22,25212,卖盘
2236,10:25:12,11.47,--,19,21793,买盘
2237,10:25:09,11.47,0.01,52,59644,买盘
2238,10:25:06,11.46,--,9,10314,卖盘
2239,10:25:00,11.46,-0.01,190,217740,卖盘
2240,10:24:57,11.47,--,400,458800,买盘
2241,10:24:48,11.47,--,14,16058,买盘
2242,10:24:45,11.47,--,34,38998,买盘
2243,10:24:42,11.47,0.01,17,20141,买盘
2244,10:24:39,11.46,--,17,19482,卖盘
2245,10:24:36,11.46,-0.02,100,114600,卖盘
2246,10:24:27,11.48,0.01,70,80360,买盘
2247,10:24:24,11.47,--,4,4588,买盘
2248,10:24:21,11.47,0.01,3,3441,买盘
2249,10:24:18,11.46,--,4,4584,卖盘
2250,10:24:12,11.46,-0.01,600,687600,卖盘
2251,10:24:06,11.47,--,2,2294,卖盘
2252,10:24:03,11.47,--,53,60791,卖盘
2253,10:24:00,11.47,-0.01,17,19499,卖盘
2254,10:23:57,11.48,--,11,12628,买盘
2255,10:23:54,11.48,0.01,4,4592,买盘
2256,10:23:45,11.47,-0.01,3,4071,卖盘
2257,10:23:42,11.48,0.01,10,11480,买盘
2258,10:23:39,11.47,-0.01,30,34410,卖盘
2259,10:23:36,11.48,--,13,14924,买盘
2260,10:23:33,11.48,0.01,9,10332,买盘
2261,10:23:30,11.47,-0.01,16,18352,卖盘
2262,10:23:27,11.48,0.01,49,56252,买盘
2263,10:23:24,11.47,--,76,87172,卖盘
2264,10:23:21,11.47,--,13,14911,卖盘
2265,10:23:15,11.47,--,17,19499,卖盘
2266,10:23:12,11.47,-0.01,20,22940,卖盘
2267,10:23:00,11.48,--,1,1148,买盘
2268,10:22:57,11.48,--,1,1148,买盘
2269,10:22:54,11.48,0.01,7,8036,买盘
2270,10:22:45,11.47,--,9,10323,卖盘
2271,10:22:42,11.47,--,90,103860,卖盘
2272,10:22:36,11.47,--,33,37851,卖盘
2273,10:22:33,11.47,-0.01,267,306249,卖盘
2274,10:22:30,11.48,0.01,14,16072,买盘
2275,10:22:24,11.47,--,53,60791,卖盘
2276,10:22:18,11.47,--,15,17205,卖盘
2277,10:22:15,11.47,-0.01,148,169756,卖盘
2278,10:22:12,11.48,0.01,10,11480,买盘
2279,10:22:09,11.47,--,33,37851,卖盘
2280,10:22:06,11.47,-0.01,8,9176,卖盘
2281,10:22:03,11.48,--,390,448236,卖盘
2282,10:22:00,11.48,-0.01,2,2296,卖盘
2283,10:21:57,11.49,0.01,9,10341,买盘
2284,10:21:48,11.48,--,10,12111,卖盘
2285,10:21:45,11.48,--,2,2296,卖盘
2286,10:21:39,11.48,-0.02,58,66584,卖盘
2287,10:21:36,11.5,0.02,600,690000,买盘
2288,10:21:33,11.48,-0.01,81,92988,卖盘
2289,10:21:27,11.49,0.01,1,1149,买盘
2290,10:21:24,11.48,0.01,30,34440,买盘
2291,10:21:18,11.47,-0.02,17,19499,卖盘
2292,10:21:15,11.49,0.01,32,36768,买盘
2293,10:21:12,11.48,--,528,606144,买盘
2294,10:21:09,11.48,-0.01,440,505556,卖盘
2295,10:21:06,11.49,--,1,1149,买盘
2296,10:20:57,11.49,0.01,1,1149,买盘
2297,10:20:54,11.48,--,14,16072,卖盘
2298,10:20:45,11.48,--,21,24108,卖盘
2299,10:20:39,11.48,--,3,4075,卖盘
2300,10:20:36,11.48,--,125,143500,卖盘
2301,10:20:33,11.48,-0.01,1252,1437296,卖盘
2302,10:20:30,11.49,-0.01,10,11490,卖盘
2303,10:20:27,11.5,0.01,5,5750,买盘
2304,10:20:24,11.49,--,3,3447,卖盘
2305,10:20:21,11.49,-0.01,11,12639,卖盘
2306,10:20:18,11.5,0.01,40,46000,买盘
2307,10:20:09,11.49,--,16,18384,卖盘
2308,10:20:03,11.49,-0.01,1,1149,卖盘
2309,10:20:00,11.5,--,2,2300,买盘
2310,10:19:57,11.5,--,29,33350,买盘
2311,10:19:54,11.5,0.01,9,10350,买盘
2312,10:19:48,11.49,--,5,5745,卖盘
2313,10:19:45,11.49,--,3,4067,卖盘
2314,10:19:36,11.49,--,10,11490,卖盘
2315,10:19:33,11.49,-0.01,110,126390,卖盘
2316,10:19:30,11.5,0.01,30,34500,买盘
2317,10:19:27,11.49,--,11,12639,卖盘
2318,10:19:24,11.49,--,43,49407,卖盘
2319,10:19:21,11.49,--,1,1149,卖盘
2320,10:19:18,11.49,--,6,6894,卖盘
2321,10:19:15,11.49,--,20,22980,卖盘
2322,10:19:09,11.49,-0.01,31,35619,卖盘
2323,10:19:03,11.5,--,14,16100,买盘
2324,10:19:00,11.5,--,35,40250,买盘
2325,10:18:57,11.5,0.01,16,18400,买盘
2326,10:18:54,11.49,-0.01,4,4596,卖盘
2327,10:18:51,11.5,0.01,1,1150,买盘
2328,10:18:45,11.49,--,3,4067,卖盘
2329,10:18:42,11.49,--,9,10341,卖盘
2330,10:18:39,11.49,-0.01,14,16086,卖盘
2331,10:18:33,11.5,0.01,5,5750,买盘
2332,10:18:30,11.49,-0.01,1,1149,卖盘
2333,10:18:27,11.5,0.01,4,4600,买盘
2334,10:18:24,11.49,--,31,35619,卖盘
2335,10:18:06,11.49,--,2,2298,卖盘
2336,10:18:03,11.49,--,14,16086,卖盘
2337,10:18:00,11.49,-0.01,23,26427,卖盘
2338,10:17:57,11.5,0.01,16,18400,买盘
2339,10:17:54,11.49,--,4,4596,卖盘
2340,10:17:51,11.49,--,84,96516,卖盘
2341,10:17:45,11.49,--,3,4078,卖盘
2342,10:17:42,11.49,--,50,57450,卖盘
2343,10:17:39,11.49,-0.01,1,1149,卖盘
2344,10:17:36,11.5,--,11,12650,买盘
2345,10:17:30,11.5,--,21,24150,买盘
2346,10:17:27,11.5,0.01,1,1150,买盘
2347,10:17:24,11.49,--,4,4596,卖盘
2348,10:17:09,11.49,-0.01,22,25278,卖盘
2349,10:17:03,11.5,--,11,12650,买盘
2350,10:16:57,11.5,0.01,1,1150,买盘
2351,10:16:54,11.49,--,33,37917,卖盘
2352,10:16:51,11.49,-0.01,34,39066,卖盘
2353,10:16:48,11.5,0.01,330,379500,买盘
2354,10:16:45,11.49,--,32,36768,卖盘
2355,10:16:42,11.49,--,215,247655,卖盘
2356,10:16:39,11.49,--,10,11490,卖盘
2357,10:16:36,11.49,--,40,45960,卖盘
2358,10:16:33,11.49,-0.01,18,20682,卖盘
2359,10:16:30,11.5,--,103,118450,买盘
2360,10:16:27,11.5,--,1,1150,买盘
2361,10:16:24,11.5,0.01,932,1071800,买盘
2362,10:16:21,11.49,--,11,12639,卖盘
2363,10:16:18,11.49,--,58,67561,买盘
2364,10:16:15,11.49,--,10,11490,买盘
2365,10:16:12,11.49,0.01,36,41364,买盘
2366,10:16:06,11.48,-0.01,1,1148,卖盘
2367,10:16:03,11.49,--,54,62046,买盘
2368,10:15:57,11.49,--,5,5745,买盘
2369,10:15:45,11.49,0.01,3,3447,买盘
2370,10:15:42,11.48,-0.01,3,4075,卖盘
2371,10:15:39,11.49,0.01,1,1149,买盘
2372,10:15:36,11.48,-0.01,9,10332,卖盘
2373,10:15:33,11.49,0.01,105,120645,买盘
2374,10:15:30,11.48,--,1,1148,卖盘
2375,10:15:24,11.48,-0.01,40,46149,卖盘
2376,10:15:21,11.49,--,1,1149,卖盘
2377,10:15:18,11.49,-0.01,109,125241,卖盘
2378,10:15:09,11.5,0.01,1,1150,买盘
2379,10:15:06,11.49,--,1,1149,卖盘
2380,10:15:03,11.49,--,4,4596,卖盘
2381,10:14:57,11.49,--,35,40215,卖盘
2382,10:14:54,11.49,--,4,4596,卖盘
2383,10:14:51,11.49,--,39,44811,卖盘
2384,10:14:48,11.49,--,332,382387,买盘
2385,10:14:45,11.49,0.01,75,86175,买盘
2386,10:14:42,11.48,--,537,616476,卖盘
2387,10:14:39,11.48,-0.01,3,4075,卖盘
2388,10:14:36,11.49,--,66,75834,买盘
2389,10:14:30,11.49,--,15,17235,买盘
2390,10:14:27,11.49,0.01,2,2298,买盘
2391,10:14:24,11.48,-0.01,20,22960,卖盘
2392,10:14:21,11.49,0.01,30,34470,买盘
2393,10:14:12,11.48,0.01,12,13776,买盘
2394,10:14:09,11.47,-0.02,8,9176,卖盘
2395,10:14:06,11.49,--,2,2298,买盘
2396,10:14:03,11.49,0.01,1,1149,买盘
2397,10:14:00,11.48,--,20,22960,卖盘
2398,10:13:54,11.48,--,10,11480,卖盘
2399,10:13:51,11.48,--,60,68880,卖盘
2400,10:13:48,11.48,0.01,36,41328,卖盘
2401,10:13:45,11.47,--,23,27011,卖盘
2402,10:13:42,11.47,-0.01,4,4588,卖盘
2403,10:13:39,11.48,--,100,114800,买盘
2404,10:13:36,11.48,0.01,6,7347,买盘
2405,10:13:33,11.47,-0.01,10,11470,卖盘
2406,10:13:30,11.48,--,19,21812,卖盘
2407,10:13:24,11.48,--,326,374248,买盘
2408,10:13:18,11.48,--,3,3444,买盘
2409,10:13:15,11.48,0.01,14,16072,买盘
2410,10:13:12,11.47,--,131,150257,卖盘
2411,10:13:09,11.47,-0.01,132,151404,卖盘
2412,10:13:06,11.48,--,104,119392,买盘
2413,10:13:03,11.48,--,21,24108,买盘
2414,10:13:00,11.48,--,8,9184,卖盘
2415,10:12:57,11.48,--,32,36736,卖盘
2416,10:12:54,11.48,--,284,326032,买盘
2417,10:12:51,11.48,--,30,34440,买盘
2418,10:12:45,11.48,0.01,65,74620,买盘
2419,10:12:42,11.47,-0.01,14,16688,卖盘
2420,10:12:39,11.48,--,28,32144,买盘
2421,10:12:36,11.48,--,3,3444,买盘
2422,10:12:33,11.48,--,24,27552,买盘
2423,10:12:30,11.48,0.01,8,9184,买盘
2424,10:12:27,11.47,-0.01,2,2294,卖盘
2425,10:12:24,11.48,--,59,67732,买盘
2426,10:12:18,11.48,--,5,5740,买盘
2427,10:12:15,11.48,0.01,53,60844,买盘
2428,10:12:12,11.47,-0.01,202,231694,卖盘
2429,10:12:09,11.48,--,21,24108,买盘
2430,10:12:06,11.48,--,22,25256,买盘
2431,10:12:03,11.48,0.01,7,8036,买盘
2432,10:12:00,11.47,--,59,67673,卖盘
2433,10:11:57,11.47,-0.01,6,6882,卖盘
2434,10:11:51,11.48,0.01,3,3444,买盘
2435,10:11:45,11.47,--,2,2294,卖盘
2436,10:11:42,11.47,--,15,17835,卖盘
2437,10:11:39,11.47,--,2,2294,卖盘
2438,10:11:36,11.47,--,2,2294,卖盘
2439,10:11:33,11.47,--,12,13764,卖盘
2440,10:11:27,11.47,-0.01,2,2294,卖盘
2441,10:11:18,11.48,0.01,20,22960,买盘
2442,10:11:15,11.47,-0.01,86,98642,卖盘
2443,10:11:09,11.48,--,10,11480,买盘
2444,10:11:06,11.48,--,15,17220,买盘
2445,10:11:03,11.48,--,16,18368,卖盘
2446,10:10:57,11.48,--,11,12628,卖盘
2447,10:10:54,11.48,0.01,7,8036,卖盘
2448,10:10:45,11.47,-0.01,22,25864,卖盘
2449,10:10:42,11.48,--,42,48216,卖盘
2450,10:10:33,11.48,0.01,77,88396,买盘
2451,10:10:27,11.47,--,16,18352,卖盘
2452,10:10:24,11.47,--,110,126170,卖盘
2453,10:10:21,11.47,-0.01,5,5735,卖盘
2454,10:10:18,11.48,0.01,3,3444,买盘
2455,10:10:15,11.47,-0.01,2,2294,卖盘
2456,10:10:12,11.48,--,40,45920,买盘
2457,10:10:09,11.48,0.01,32,36736,买盘
2458,10:10:06,11.47,--,98,112406,卖盘
2459,10:10:03,11.47,--,35,40145,卖盘
2460,10:10:00,11.47,-0.01,10,11470,卖盘
2461,10:09:57,11.48,0.01,10,11480,买盘
2462,10:09:54,11.47,--,7,8029,卖盘
2463,10:09:51,11.47,--,18,20646,卖盘
2464,10:09:42,11.47,--,9,10953,卖盘
2465,10:09:33,11.47,--,22,25234,卖盘
2466,10:09:30,11.47,-0.01,190,217930,卖盘
2467,10:09:27,11.48,0.01,28,32144,买盘
2468,10:09:21,11.47,--,1,1147,卖盘
2469,10:09:18,11.47,--,80,91760,卖盘
2470,10:09:15,11.47,--,10,11470,卖盘
2471,10:09:09,11.47,--,30,34410,卖盘
2472,10:09:06,11.47,--,115,131905,卖盘
2473,10:08:57,11.47,--,131,150257,卖盘
2474,10:08:54,11.47,-0.01,7,8029,卖盘
2475,10:08:51,11.48,0.01,14,16072,买盘
2476,10:08:45,11.47,--,51,58497,卖盘
2477,10:08:39,11.47,--,387,444519,卖盘
2478,10:08:36,11.47,--,10,11470,卖盘
2479,10:08:30,11.47,--,3,3441,卖盘
2480,10:08:27,11.47,--,50,57350,卖盘
2481,10:08:24,11.47,-0.01,28,32116,卖盘
2482,10:08:21,11.48,--,55,63599,买盘
2483,10:08:18,11.48,--,50,57400,买盘
2484,10:08:15,11.48,--,10,11480,买盘
2485,10:08:09,11.48,--,1,1148,买盘
2486,10:08:06,11.48,0.01,19,21812,买盘
2487,10:08:03,11.47,--,3,3441,卖盘
2488,10:08:00,11.47,-0.01,4,4588,卖盘
2489,10:07:54,11.48,-0.01,45,51660,卖盘
2490,10:07:51,11.49,0.01,24,27576,买盘
2491,10:07:45,11.48,--,25,28700,卖盘
2492,10:07:42,11.48,--,94,107912,买盘
2493,10:07:36,11.48,--,108,124615,买盘
2494,10:07:33,11.48,--,1,1148,买盘
2495,10:07:30,11.48,0.01,25,28700,买盘
2496,10:07:27,11.47,--,92,105524,卖盘
2497,10:07:21,11.47,-0.01,6,6882,卖盘
2498,10:07:18,11.48,0.01,40,45920,买盘
2499,10:07:15,11.47,--,61,69967,卖盘
2500,10:07:12,11.47,--,4,4588,卖盘
2501,10:07:09,11.47,-0.01,60,68820,卖盘
2502,10:07:06,11.48,--,9,10332,买盘
2503,10:07:03,11.48,--,12,13776,买盘
2504,10:07:00,11.48,--,10,11480,买盘
2505,10:06:57,11.48,--,60,69109,卖盘
2506,10:06:54,11.48,-0.01,27,31914,卖盘
2507,10:06:51,11.49,0.01,16,18384,买盘
2508,10:06:45,11.48,--,60,68880,卖盘
2509,10:06:42,11.48,0.01,171,196939,买盘
2510,10:06:39,11.47,-0.01,33,37851,卖盘
2511,10:06:36,11.48,0.01,350,401800,买盘
2512,10:06:30,11.47,-0.01,12,13764,卖盘
2513,10:06:27,11.48,0.01,51,58548,买盘
2514,10:06:24,11.47,-0.01,107,122729,卖盘
2515,10:06:21,11.48,--,6,6888,买盘
2516,10:06:18,11.48,--,1,1148,买盘
2517,10:06:15,11.48,--,55,63140,卖盘
2518,10:06:12,11.48,--,100,114800,卖盘
2519,10:06:06,11.48,--,20,22960,卖盘
2520,10:06:03,11.48,--,52,59696,卖盘
2521,10:06:00,11.48,-0.01,12,13776,卖盘
2522,10:05:57,11.49,0.01,9,10341,买盘
2523,10:05:54,11.48,-0.01,506,580888,卖盘
2524,10:05:51,11.49,--,48,55152,买盘
2525,10:05:48,11.49,--,225,259053,卖盘
2526,10:05:42,11.49,--,233,268337,卖盘
2527,10:05:36,11.49,-0.01,12,13788,卖盘
2528,10:05:33,11.5,--,49,56350,买盘
2529,10:05:30,11.5,0.01,60,69000,买盘
2530,10:05:27,11.49,-0.01,200,229800,卖盘
2531,10:05:24,11.5,--,161,185150,卖盘
2532,10:05:18,11.5,-0.01,11,12650,卖盘
2533,10:05:12,11.51,0.01,23,26473,买盘
2534,10:05:09,11.5,--,1177,1353550,卖盘
2535,10:05:06,11.5,--,72,82800,卖盘
2536,10:05:03,11.5,--,7,8050,卖盘
2537,10:04:57,11.5,-0.01,8,9200,卖盘
2538,10:04:51,11.51,--,188,216388,卖盘
2539,10:04:48,11.51,--,5,5755,卖盘
2540,10:04:45,11.51,--,2,2302,卖盘
2541,10:04:42,11.51,0.01,31,35681,买盘
2542,10:04:36,11.5,-0.01,20,23000,卖盘
2543,10:04:33,11.51,0.01,50,57550,买盘
2544,10:04:27,11.5,-0.01,10,11500,卖盘
2545,10:04:24,11.51,0.01,3,3453,买盘
2546,10:04:18,11.5,--,4,4600,卖盘
2547,10:04:15,11.5,--,35,40250,卖盘
2548,10:04:06,11.5,--,20,23000,卖盘
2549,10:04:03,11.5,-0.01,3,3450,卖盘
2550,10:03:57,11.51,0.01,3,3453,买盘
2551,10:03:54,11.5,--,20,23000,卖盘
2552,10:03:51,11.5,-0.01,89,102350,卖盘
2553,10:03:48,11.51,0.01,12,13812,买盘
2554,10:03:42,11.5,--,20,23000,卖盘
2555,10:03:39,11.5,--,13,14950,卖盘
2556,10:03:33,11.5,-0.01,10,11500,卖盘
2557,10:03:30,11.51,--,50,57550,买盘
2558,10:03:27,11.51,0.01,11,12661,买盘
2559,10:03:24,11.5,-0.01,4,4600,卖盘
2560,10:03:21,11.51,--,20,23020,买盘
2561,10:03:15,11.51,--,60,69060,买盘
2562,10:03:09,11.51,0.01,4,4604,买盘
2563,10:03:06,11.5,--,1,1150,卖盘
2564,10:03:03,11.5,--,14,16100,卖盘
2565,10:03:00,11.5,--,7,8050,卖盘
2566,10:02:57,11.5,--,5,5750,卖盘
2567,10:02:54,11.5,-0.01,60,69000,卖盘
2568,10:02:51,11.51,0.01,26,29926,买盘
2569,10:02:48,11.5,--,12,14720,卖盘
2570,10:02:45,11.5,--,106,121900,卖盘
2571,10:02:42,11.5,-0.01,15,17250,卖盘
2572,10:02:39,11.51,--,101,116251,买盘
2573,10:02:33,11.51,--,113,130063,买盘
2574,10:02:30,11.51,--,10,11510,买盘
2575,10:02:27,11.51,--,24,27624,买盘
2576,10:02:24,11.51,0.01,50,57550,买盘
2577,10:02:18,11.5,--,49,56350,卖盘
2578,10:02:15,11.5,--,6,6900,卖盘
2579,10:02:12,11.5,--,9,10350,卖盘
2580,10:02:09,11.5,--,3,3450,卖盘
2581,10:02:06,11.5,-0.01,74,85100,卖盘
2582,10:02:00,11.51,0.01,103,118553,买盘
2583,10:01:57,11.5,--,25,28750,卖盘
2584,10:01:54,11.5,--,40,46000,卖盘
2585,10:01:51,11.5,--,72,82800,卖盘
2586,10:01:48,11.5,--,10,11500,卖盘
2587,10:01:42,11.5,--,2,2300,卖盘
2588,10:01:39,11.5,--,95,109250,卖盘
2589,10:01:36,11.5,--,85,98371,卖盘
2590,10:01:30,11.5,--,45,51750,卖盘
2591,10:01:21,11.5,--,10,11500,卖盘
2592,10:01:15,11.5,--,300,345000,卖盘
2593,10:01:09,11.5,-0.02,262,301300,卖盘
2594,10:01:00,11.52,0.01,53,61056,买盘
2595,10:00:57,11.51,--,190,218690,卖盘
2596,10:00:54,11.51,--,206,237106,卖盘
2597,10:00:48,11.51,--,4,4604,卖盘
2598,10:00:45,11.51,--,503,578953,卖盘
2599,10:00:39,11.51,-0.01,221,254992,卖盘
2600,10:00:36,11.52,-0.01,115,132480,中性盘
2601,10:00:30,11.53,0.01,311,358583,买盘
2602,10:00:27,11.52,-0.01,61,70272,卖盘
2603,10:00:24,11.53,--,75,87443,卖盘
2604,10:00:21,11.53,--,8,9224,卖盘
2605,10:00:18,11.53,--,19,22783,卖盘
2606,10:00:15,11.53,--,6,6918,卖盘
2607,10:00:12,11.53,0.02,110,127291,买盘
2608,10:00:06,11.51,-0.02,800,920800,卖盘
2609,10:00:03,11.53,0.01,34,39202,买盘
2610,10:00:00,11.52,--,2,2304,卖盘
2611,09:59:57,11.52,--,507,584064,卖盘
2612,09:59:54,11.52,--,50,57600,卖盘
2613,09:59:48,11.52,--,11,12672,卖盘
2614,09:59:45,11.52,-0.01,69,79488,卖盘
2615,09:59:39,11.53,--,3,4070,卖盘
2616,09:59:36,11.53,0.01,92,106076,买盘
2617,09:59:33,11.52,--,2,2304,卖盘
2618,09:59:30,11.52,--,10,11520,卖盘
2619,09:59:27,11.52,-0.01,23,26496,卖盘
2620,09:59:24,11.53,0.01,1,1153,买盘
2621,09:59:18,11.52,-0.01,103,118656,卖盘
2622,09:59:12,11.53,0.01,1,1153,中性盘
2623,09:59:09,11.52,-0.01,109,125568,卖盘
2624,09:59:06,11.53,--,12,13836,卖盘
2625,09:59:03,11.53,-0.01,12,13836,卖盘
2626,09:59:00,11.54,0.01,3,3461,买盘
2627,09:58:57,11.53,0.01,21,24213,买盘
2628,09:58:54,11.52,-0.01,63,72576,卖盘
2629,09:58:45,11.53,--,5,5765,卖盘
2630,09:58:42,11.53,0.01,45,51885,买盘
2631,09:58:39,11.52,--,108,124416,卖盘
2632,09:58:33,11.52,-0.01,32,36864,卖盘
2633,09:58:30,11.53,0.01,7,8071,买盘
2634,09:58:21,11.52,-0.01,89,102528,卖盘
2635,09:58:18,11.53,0.01,10,11530,买盘
2636,09:58:15,11.52,-0.01,90,103680,卖盘
2637,09:58:09,11.53,0.01,50,57650,买盘
2638,09:58:03,11.52,-0.01,1,1152,卖盘
2639,09:57:57,11.53,0.01,34,39202,买盘
2640,09:57:54,11.52,-0.01,10,11520,卖盘
2641,09:57:51,11.53,--,5,5765,买盘
2642,09:57:48,11.53,--,9,10377,买盘
2643,09:57:39,11.53,0.01,2,2306,买盘
2644,09:57:36,11.52,--,7,8064,卖盘
2645,09:57:33,11.52,--,1,1152,卖盘
2646,09:57:30,11.52,--,520,599040,卖盘
2647,09:57:27,11.52,--,8,9216,卖盘
2648,09:57:24,11.52,-0.01,20,23040,卖盘
2649,09:57:12,11.53,0.01,10,11530,买盘
2650,09:57:03,11.52,-0.01,67,77184,卖盘
2651,09:57:00,11.53,--,2,2306,买盘
2652,09:56:57,11.53,0.01,312,359736,买盘
2653,09:56:54,11.52,-0.01,159,183168,卖盘
2654,09:56:48,11.53,0.01,65,74945,买盘
2655,09:56:45,11.52,-0.01,4,4608,卖盘
2656,09:56:36,11.53,--,12,13836,买盘
2657,09:56:33,11.53,0.01,13,14989,买盘
2658,09:56:27,11.52,--,1,1152,卖盘
2659,09:56:24,11.52,--,1,1152,卖盘
2660,09:56:18,11.52,-0.01,34,39168,卖盘
2661,09:56:15,11.53,0.01,25,28825,买盘
2662,09:56:06,11.52,--,4,4608,卖盘
2663,09:56:03,11.52,-0.01,9,10368,卖盘
2664,09:56:00,11.53,--,10,11530,买盘
2665,09:55:54,11.53,--,42,48426,买盘
2666,09:55:51,11.53,0.01,2,2306,买盘
2667,09:55:45,11.52,-0.01,19,21888,卖盘
2668,09:55:42,11.53,--,29,33437,买盘
2669,09:55:36,11.53,--,34,39202,买盘
2670,09:55:27,11.53,-0.01,11,12683,卖盘
2671,09:55:24,11.54,0.01,2,2308,买盘
2672,09:55:18,11.53,--,1,1153,卖盘
2673,09:55:09,11.53,-0.01,1,1153,卖盘
2674,09:55:06,11.54,0.01,107,123477,买盘
2675,09:55:03,11.53,--,50,57650,卖盘
2676,09:55:00,11.53,-0.01,7,8071,卖盘
2677,09:54:54,11.54,--,14,16155,买盘
2678,09:54:45,11.54,0.01,22,25387,买盘
2679,09:54:42,11.53,0.01,139,160267,中性盘
2680,09:54:33,11.52,-0.01,5,5760,卖盘
2681,09:54:30,11.53,--,2,2306,卖盘
2682,09:54:24,11.53,--,20,23060,卖盘
2683,09:54:21,11.53,--,30,34590,卖盘
2684,09:54:15,11.53,--,5,5765,卖盘
2685,09:54:12,11.53,--,80,92470,买盘
2686,09:54:09,11.53,--,6,6918,买盘
2687,09:54:06,11.53,0.01,117,134901,买盘
2688,09:54:03,11.52,--,1,1152,卖盘
2689,09:54:00,11.52,--,4,4608,卖盘
2690,09:53:57,11.52,--,1,1152,卖盘
2691,09:53:54,11.52,-0.01,3,3456,卖盘
2692,09:53:48,11.53,--,13,14989,买盘
2693,09:53:45,11.53,0.01,167,192551,买盘
2694,09:53:42,11.52,--,13,14976,卖盘
2695,09:53:33,11.52,--,5,5760,卖盘
2696,09:53:30,11.52,-0.01,10,11520,卖盘
2697,09:53:27,11.53,--,7,8071,买盘
2698,09:53:09,11.53,--,318,367576,卖盘
2699,09:53:06,11.53,-0.01,61,70333,卖盘
2700,09:53:03,11.54,0.01,98,113091,买盘
2701,09:53:00,11.53,--,169,195087,卖盘
2702,09:52:57,11.53,--,1,1153,卖盘
2703,09:52:54,11.53,--,66,76098,卖盘
2704,09:52:51,11.53,--,1,1153,卖盘
2705,09:52:48,11.53,--,4,4612,卖盘
2706,09:52:45,11.53,--,15,17295,卖盘
2707,09:52:39,11.53,--,106,122218,卖盘
2708,09:52:36,11.53,--,1,1153,卖盘
2709,09:52:33,11.53,--,36,41508,卖盘
2710,09:52:30,11.53,--,11,12683,卖盘
2711,09:52:27,11.53,--,12,13836,卖盘
2712,09:52:24,11.53,--,1,1153,卖盘
2713,09:52:21,11.53,--,20,23060,卖盘
2714,09:52:15,11.53,-0.01,15,17295,卖盘
2715,09:52:09,11.54,0.01,5,5770,买盘
2716,09:52:06,11.53,--,1,1153,卖盘
2717,09:52:03,11.53,--,6,6918,卖盘
2718,09:52:00,11.53,--,5,5765,卖盘
2719,09:51:54,11.53,-0.01,808,931624,卖盘
2720,09:51:51,11.54,0.01,184,212335,买盘
2721,09:51:48,11.53,--,10,11530,卖盘
2722,09:51:39,11.53,--,18,20754,卖盘
2723,09:51:30,11.53,-0.01,41,47273,卖盘
2724,09:51:27,11.54,0.01,2,2308,买盘
2725,09:51:24,11.53,--,25,28825,卖盘
2726,09:51:18,11.53,--,9,10377,卖盘
2727,09:51:15,11.53,--,46,53038,卖盘
2728,09:51:12,11.53,-0.01,1,1153,卖盘
2729,09:51:09,11.54,0.01,12,13847,买盘
2730,09:51:06,11.53,--,7,8071,卖盘
2731,09:51:03,11.53,-0.01,4,4612,卖盘
2732,09:51:00,11.54,0.01,8,9232,买盘
2733,09:50:54,11.53,-0.01,3,3459,卖盘
2734,09:50:51,11.54,0.01,21,24234,买盘
2735,09:50:48,11.53,-0.01,28,32284,卖盘
2736,09:50:42,11.54,0.01,80,92320,买盘
2737,09:50:30,11.53,--,37,42661,卖盘
2738,09:50:24,11.53,--,31,35743,卖盘
2739,09:50:21,11.53,-0.01,1,1153,卖盘
2740,09:50:18,11.54,--,215,248109,卖盘
2741,09:50:15,11.54,-0.01,5,5770,卖盘
2742,09:50:12,11.55,0.01,164,189420,买盘
2743,09:50:06,11.54,--,33,38082,卖盘
2744,09:50:03,11.54,--,14,16155,卖盘
2745,09:50:00,11.54,--,139,160406,卖盘
2746,09:49:54,11.54,--,6,6923,卖盘
2747,09:49:39,11.54,--,10,11540,卖盘
2748,09:49:33,11.54,-0.01,1,1154,卖盘
2749,09:49:27,11.55,0.01,61,70455,买盘
2750,09:49:24,11.54,-0.01,511,589694,卖盘
2751,09:49:21,11.55,--,289,333795,买盘
2752,09:49:18,11.55,0.01,34,39270,买盘
2753,09:49:15,11.54,--,10,11540,卖盘
2754,09:49:09,11.54,--,36,41544,卖盘
2755,09:49:06,11.54,--,12,13847,卖盘
2756,09:49:03,11.54,--,4,4616,卖盘
2757,09:48:57,11.54,--,9,10386,卖盘
2758,09:48:54,11.54,-0.01,41,47314,卖盘
2759,09:48:45,11.55,0.01,10,11550,买盘
2760,09:48:39,11.54,-0.01,1,1154,卖盘
2761,09:48:36,11.55,0.01,32,36960,买盘
2762,09:48:33,11.54,-0.01,2,2308,卖盘
2763,09:48:30,11.55,0.01,35,40425,买盘
2764,09:48:27,11.54,--,1,1154,卖盘
2765,09:48:24,11.54,-0.01,43,49621,卖盘
2766,09:48:21,11.55,0.01,43,49665,买盘
2767,09:48:18,11.54,-0.01,4,4616,卖盘
2768,09:48:15,11.55,--,285,329175,卖盘
2769,09:48:12,11.55,--,6,6930,卖盘
2770,09:48:09,11.55,--,4,4620,卖盘
2771,09:48:06,11.55,--,18,20790,卖盘
2772,09:48:00,11.55,-0.01,10,11550,卖盘
2773,09:47:57,11.56,0.01,1,1156,买盘
2774,09:47:54,11.55,-0.01,55,63525,卖盘
2775,09:47:51,11.56,0.01,23,26588,买盘
2776,09:47:45,11.55,-0.01,2,2310,卖盘
2777,09:47:39,11.56,0.01,2,2312,买盘
2778,09:47:36,11.55,--,3,3465,卖盘
2779,09:47:33,11.55,--,16,18480,卖盘
2780,09:47:27,11.55,--,4,4620,卖盘
2781,09:47:24,11.55,--,13,15015,卖盘
2782,09:47:21,11.55,--,10,11550,卖盘
2783,09:47:09,11.55,--,8,9240,卖盘
2784,09:47:06,11.55,--,44,50820,卖盘
2785,09:46:54,11.55,--,5,5775,卖盘
2786,09:46:48,11.55,--,1,1155,卖盘
2787,09:46:42,11.55,-0.01,328,378840,卖盘
2788,09:46:33,11.56,0.01,45,52020,买盘
2789,09:46:30,11.55,--,12,13860,卖盘
2790,09:46:27,11.55,0.01,10,11550,中性盘
2791,09:46:24,11.54,--,463,534302,卖盘
2792,09:46:21,11.54,-0.01,2,2308,卖盘
2793,09:46:18,11.55,0.01,3,3465,卖盘
2794,09:46:15,11.54,--,9,10386,卖盘
2795,09:46:06,11.54,-0.01,87,100397,卖盘
2796,09:46:03,11.55,0.01,44,50820,买盘
2797,09:46:00,11.54,--,21,24234,卖盘
2798,09:45:57,11.54,--,7,8077,卖盘
2799,09:45:54,11.54,-0.01,51,58853,卖盘
2800,09:45:51,11.55,--,9,10395,买盘
2801,09:45:48,11.55,0.01,10,11550,买盘
2802,09:45:45,11.54,-0.01,1,1154,卖盘
2803,09:45:42,11.55,--,2,2310,买盘
2804,09:45:33,11.55,--,15,17325,买盘
2805,09:45:30,11.55,--,7,8085,买盘
2806,09:45:27,11.55,--,7,8085,买盘
2807,09:45:24,11.55,0.01,25,28875,买盘
2808,09:45:21,11.54,--,51,58853,卖盘
2809,09:45:18,11.54,--,6,6923,卖盘
2810,09:45:15,11.54,--,21,24234,卖盘
2811,09:45:12,11.54,-0.01,46,53083,卖盘
2812,09:45:09,11.55,0.01,20,23100,买盘
2813,09:45:06,11.54,-0.01,2,2308,卖盘
2814,09:45:03,11.55,--,64,73920,买盘
2815,09:45:00,11.55,0.01,421,486255,买盘
2816,09:44:54,11.54,-0.01,1,1154,卖盘
2817,09:44:51,11.55,0.01,10,11550,买盘
2818,09:44:48,11.54,--,18,20772,卖盘
2819,09:44:45,11.54,--,32,36928,卖盘
2820,09:44:42,11.54,--,85,98090,卖盘
2821,09:44:36,11.54,-0.01,1,1154,卖盘
2822,09:44:30,11.55,0.01,11,12705,买盘
2823,09:44:27,11.54,--,3,3461,卖盘
2824,09:44:24,11.54,--,44,50775,卖盘
2825,09:44:21,11.54,--,11,12693,卖盘
2826,09:44:12,11.54,0.01,15,17310,中性盘
2827,09:44:09,11.53,--,35,40355,卖盘
2828,09:44:06,11.53,-0.02,1,1153,卖盘
2829,09:44:00,11.55,0.02,17,19635,买盘
2830,09:43:54,11.53,-0.02,3,3459,卖盘
2831,09:43:51,11.55,0.02,11,12705,买盘
2832,09:43:48,11.53,-0.02,6,6918,卖盘
2833,09:43:42,11.55,--,18,20790,买盘
2834,09:43:36,11.55,0.02,13,15015,买盘
2835,09:43:33,11.53,-0.01,22,25366,卖盘
2836,09:43:30,11.54,0.01,3,3461,买盘
2837,09:43:27,11.53,--,4,4612,卖盘
2838,09:43:24,11.53,-0.01,30,34590,卖盘
2839,09:43:21,11.54,0.01,10,11540,买盘
2840,09:43:18,11.53,--,4,4612,卖盘
2841,09:43:15,11.53,-0.02,50,57650,卖盘
2842,09:43:12,11.55,0.01,78,90090,买盘
2843,09:43:09,11.54,0.01,10,11540,买盘
