,time,price,change,volume,amount,type
0,15:00:03,10.37,--,2686,2785859,卖盘
1,14:57:00,10.37,--,166,172142,卖盘
2,14:56:54,10.37,-0.01,86,89182,卖盘
3,14:56:51,10.38,--,70,72660,买盘
4,14:56:48,10.38,--,169,175422,买盘
5,14:56:45,10.38,0.01,12,12456,买盘
6,14:56:42,10.37,-0.01,142,147254,卖盘
7,14:56:39,10.38,--,29,30288,买盘
8,14:56:36,10.38,-0.01,118,122484,卖盘
9,14:56:30,10.39,0.01,30,31170,买盘
10,14:56:24,10.38,-0.01,70,72660,卖盘
11,14:56:21,10.39,0.01,6,6234,买盘
12,14:56:18,10.38,-0.01,50,51900,卖盘
13,14:56:15,10.39,--,29,30131,买盘
14,14:56:12,10.39,0.02,2,2078,买盘
15,14:56:09,10.37,-0.01,300,311100,卖盘
16,14:56:06,10.38,0.01,27,28026,买盘
17,14:56:03,10.37,-0.02,90,93330,卖盘
18,14:56:00,10.39,--,7,7273,买盘
19,14:55:57,10.39,--,1,1039,买盘
20,14:55:54,10.39,0.02,16,16624,买盘
21,14:55:51,10.37,--,150,155705,卖盘
22,14:55:48,10.37,--,10,10370,卖盘
23,14:55:45,10.37,-0.01,221,229882,卖盘
24,14:55:42,10.38,--,56,58128,买盘
25,14:55:39,10.38,0.01,156,161928,买盘
26,14:55:36,10.37,-0.01,45,46665,卖盘
27,14:55:33,10.38,--,69,71622,买盘
28,14:55:30,10.38,0.01,10,10380,买盘
29,14:55:27,10.37,-0.01,25,25924,卖盘
30,14:55:24,10.38,--,22,22836,买盘
31,14:55:21,10.38,--,52,53976,买盘
32,14:55:18,10.38,-0.01,570,592251,卖盘
33,14:55:15,10.39,--,6,6234,买盘
34,14:55:12,10.39,0.01,9,9351,中性盘
35,14:55:09,10.38,-0.02,56,58761,卖盘
36,14:55:06,10.4,--,69,72290,买盘
37,14:55:03,10.4,0.02,1,1040,买盘
38,14:55:00,10.38,-0.02,253,262614,卖盘
39,14:54:57,10.4,0.01,238,247520,买盘
40,14:54:54,10.39,--,1,1039,买盘
41,14:54:51,10.39,0.01,78,81042,买盘
42,14:54:48,10.38,--,251,260859,买盘
43,14:54:42,10.38,-0.01,157,163837,卖盘
44,14:54:36,10.39,--,73,75847,买盘
45,14:54:33,10.39,0.01,139,144421,买盘
46,14:54:30,10.38,--,96,99648,卖盘
47,14:54:27,10.38,--,399,414162,卖盘
48,14:54:24,10.38,-0.01,39,40482,卖盘
49,14:54:21,10.39,0.01,250,259750,买盘
50,14:54:18,10.38,--,12,12456,卖盘
51,14:54:15,10.38,--,29,30102,卖盘
52,14:54:12,10.38,0.01,713,740260,买盘
53,14:54:09,10.37,-0.01,44,45628,卖盘
54,14:54:06,10.38,0.01,434,451042,买盘
55,14:54:03,10.37,-0.01,48,49775,卖盘
56,14:54:00,10.38,--,86,89268,买盘
57,14:53:57,10.38,--,16,16608,买盘
58,14:53:54,10.38,--,135,141001,卖盘
59,14:53:51,10.38,--,28,29064,卖盘
60,14:53:48,10.38,-0.01,230,238906,卖盘
61,14:53:45,10.39,--,1,1039,买盘
62,14:53:42,10.39,0.01,603,626517,买盘
63,14:53:39,10.38,-0.01,241,250158,卖盘
64,14:53:36,10.39,0.01,4,4156,买盘
65,14:53:33,10.38,-0.01,80,83040,卖盘
66,14:53:30,10.39,0.01,26,27014,买盘
67,14:53:27,10.38,-0.01,22,22836,卖盘
68,14:53:24,10.39,0.01,260,270140,买盘
69,14:53:21,10.38,-0.01,201,208638,卖盘
70,14:53:18,10.39,--,149,154811,买盘
71,14:53:15,10.39,--,603,627400,卖盘
72,14:53:12,10.39,-0.01,12,12468,卖盘
73,14:53:09,10.4,--,284,295360,买盘
74,14:53:06,10.4,--,251,261040,买盘
75,14:53:03,10.4,0.01,96,99840,买盘
76,14:53:00,10.39,--,64,66496,卖盘
77,14:52:57,10.39,-0.01,351,364689,卖盘
78,14:52:54,10.4,--,35,36556,买盘
79,14:52:51,10.4,0.01,1,1040,买盘
80,14:52:48,10.39,-0.01,26,27014,卖盘
81,14:52:45,10.4,--,55,57200,买盘
82,14:52:42,10.4,-0.01,5,5200,买盘
83,14:52:39,10.41,0.01,33,34353,买盘
84,14:52:36,10.4,-0.01,1,1040,中性盘
85,14:52:33,10.41,0.01,185,193355,买盘
86,14:52:30,10.4,--,90,93600,卖盘
87,14:52:27,10.4,--,36,37440,卖盘
88,14:52:24,10.4,--,350,364000,卖盘
89,14:52:21,10.4,--,5,5200,卖盘
90,14:52:18,10.4,-0.01,90,93600,卖盘
91,14:52:15,10.41,--,376,391416,买盘
92,14:52:12,10.41,--,50,52050,买盘
93,14:52:09,10.41,0.01,1002,1043082,买盘
94,14:52:06,10.4,-0.01,69,71760,卖盘
95,14:52:03,10.41,--,28,29148,买盘
96,14:52:00,10.41,--,237,247705,买盘
97,14:51:57,10.41,--,13,13533,买盘
98,14:51:54,10.41,0.01,79,82239,买盘
99,14:51:51,10.4,-0.01,60,62722,卖盘
100,14:51:48,10.41,0.01,119,123879,买盘
101,14:51:45,10.4,-0.01,100,104000,卖盘
102,14:51:42,10.41,--,155,161355,买盘
103,14:51:39,10.41,--,719,748479,买盘
104,14:51:36,10.41,--,7,7287,买盘
105,14:51:33,10.41,--,52,54132,买盘
106,14:51:30,10.41,-0.01,227,237066,卖盘
107,14:51:27,10.42,0.01,195,203190,买盘
108,14:51:24,10.41,--,75,78075,卖盘
109,14:51:18,10.41,--,12,12492,卖盘
110,14:51:12,10.41,-0.01,13,13533,卖盘
111,14:51:09,10.42,--,110,114620,买盘
112,14:51:06,10.42,0.01,19,19798,买盘
113,14:51:03,10.41,-0.01,81,84321,卖盘
114,14:51:00,10.42,--,57,59394,买盘
115,14:50:57,10.42,0.01,23,23966,买盘
116,14:50:54,10.41,-0.01,28,29148,卖盘
117,14:50:51,10.42,0.01,49,51058,买盘
118,14:50:48,10.41,--,21,21861,卖盘
119,14:50:45,10.41,-0.01,79,82988,卖盘
120,14:50:42,10.42,0.01,8,8336,买盘
121,14:50:39,10.41,--,16,16656,卖盘
122,14:50:36,10.41,--,35,36435,卖盘
123,14:50:33,10.41,-0.01,43,44763,卖盘
124,14:50:30,10.42,0.01,49,51058,中性盘
125,14:50:24,10.41,-0.02,20,21652,卖盘
126,14:50:21,10.43,--,17,17731,买盘
127,14:50:18,10.43,--,125,130375,买盘
128,14:50:15,10.43,--,5,5215,买盘
129,14:50:12,10.43,--,112,116816,买盘
130,14:50:09,10.43,0.01,2296,2394728,买盘
131,14:50:06,10.42,-0.01,9,9690,卖盘
132,14:50:03,10.43,-0.01,32,33376,卖盘
133,14:50:00,10.44,-0.01,17,17748,买盘
134,14:49:57,10.45,0.01,50,52250,买盘
135,14:49:54,10.44,-0.01,10,10440,卖盘
136,14:49:51,10.45,0.02,6,6270,买盘
137,14:49:48,10.43,0.01,17,17731,中性盘
138,14:49:45,10.42,-0.01,38,39596,卖盘
139,14:49:42,10.43,0.01,80,83440,买盘
140,14:49:39,10.42,--,17,17714,卖盘
141,14:49:36,10.42,-0.01,79,82318,卖盘
142,14:49:33,10.43,-0.02,2,2086,卖盘
143,14:49:30,10.45,--,1,1045,买盘
144,14:49:27,10.45,0.01,36,37620,买盘
145,14:49:24,10.44,--,26,27144,卖盘
146,14:49:21,10.44,--,13,13572,买盘
147,14:49:18,10.44,--,27,28188,买盘
148,14:49:15,10.44,0.01,2,2088,买盘
149,14:49:12,10.43,0.01,56,58408,买盘
150,14:49:09,10.42,-0.02,15,15630,卖盘
151,14:49:06,10.44,0.01,25,26100,卖盘
152,14:49:03,10.43,-0.02,71,74053,卖盘
153,14:49:00,10.45,--,1,1045,买盘
154,14:48:57,10.45,0.01,293,306185,买盘
155,14:48:54,10.44,0.01,38,39672,买盘
156,14:48:51,10.43,--,7,7301,卖盘
157,14:48:48,10.43,-0.01,34,35462,卖盘
158,14:48:45,10.44,--,6,6264,买盘
159,14:48:42,10.44,--,1,1044,买盘
160,14:48:39,10.44,--,2,2088,中性盘
161,14:48:33,10.44,--,11,11484,买盘
162,14:48:30,10.44,0.02,1,1044,买盘
163,14:48:27,10.42,--,3,3126,卖盘
164,14:48:24,10.42,-0.03,7,7294,卖盘
165,14:48:21,10.45,--,13,13584,买盘
166,14:48:18,10.45,0.02,26,27169,买盘
167,14:48:15,10.43,--,5,5215,买盘
168,14:48:12,10.43,--,22,22946,买盘
169,14:48:09,10.43,-0.02,26,27118,卖盘
170,14:48:06,10.45,0.02,36,37620,买盘
171,14:48:00,10.43,--,389,405727,买盘
172,14:47:57,10.43,-0.01,34,35462,卖盘
173,14:47:51,10.44,--,22,22968,买盘
174,14:47:48,10.44,0.01,25,26100,买盘
175,14:47:45,10.43,--,10,10430,卖盘
176,14:47:42,10.43,0.01,170,177310,买盘
177,14:47:39,10.42,--,38,39596,卖盘
178,14:47:36,10.42,-0.01,0,468,卖盘
179,14:47:33,10.43,0.01,15,15645,买盘
180,14:47:30,10.42,--,7,7294,卖盘
181,14:47:27,10.42,-0.01,77,80234,卖盘
182,14:47:24,10.43,--,104,108472,买盘
183,14:47:18,10.43,--,6,6258,买盘
184,14:47:15,10.43,--,39,40677,买盘
185,14:47:12,10.43,--,168,175224,买盘
186,14:47:09,10.43,0.01,4,4172,买盘
187,14:47:06,10.42,-0.01,39,40638,卖盘
188,14:47:03,10.43,--,4,4172,买盘
189,14:47:00,10.43,--,1,1043,买盘
190,14:46:57,10.43,0.01,6,6258,买盘
191,14:46:54,10.42,-0.01,15,15630,卖盘
192,14:46:48,10.43,--,22,22946,买盘
193,14:46:45,10.43,--,15,15645,买盘
194,14:46:42,10.43,--,1,1043,买盘
195,14:46:39,10.43,0.01,13,13559,买盘
196,14:46:36,10.42,-0.01,7,7294,卖盘
197,14:46:33,10.43,--,17,17731,买盘
198,14:46:30,10.43,--,15,15645,买盘
199,14:46:27,10.43,--,13,13559,卖盘
200,14:46:24,10.43,0.01,42,43806,买盘
201,14:46:21,10.42,-0.01,21,21882,卖盘
202,14:46:18,10.43,0.01,117,122031,买盘
203,14:46:15,10.42,--,1,1042,卖盘
204,14:46:12,10.42,-0.01,58,60436,卖盘
205,14:46:09,10.43,--,21,21903,买盘
206,14:46:06,10.43,--,2,2086,买盘
207,14:46:03,10.43,--,45,46935,买盘
208,14:46:00,10.43,--,301,313943,卖盘
209,14:45:57,10.43,-0.01,110,114730,卖盘
210,14:45:54,10.44,0.01,1,1044,买盘
211,14:45:51,10.43,-0.01,20,20860,卖盘
212,14:45:45,10.44,0.01,50,52200,买盘
213,14:45:42,10.43,--,22,22946,卖盘
214,14:45:39,10.43,-0.01,44,45892,卖盘
215,14:45:36,10.44,0.01,19,19836,买盘
216,14:45:33,10.43,--,148,154364,卖盘
217,14:45:27,10.43,-0.01,22,22946,卖盘
218,14:45:24,10.44,0.01,2,2088,买盘
219,14:45:21,10.43,-0.01,270,281610,卖盘
220,14:45:18,10.44,0.01,15,15660,买盘
221,14:45:15,10.43,-0.01,23,23989,卖盘
222,14:45:12,10.44,--,6,6264,买盘
223,14:45:09,10.44,0.01,5,5220,买盘
224,14:45:06,10.43,-0.01,45,47341,卖盘
225,14:45:03,10.44,-0.01,44,45936,卖盘
226,14:45:00,10.45,--,26,27169,买盘
227,14:44:57,10.45,0.01,10,10450,买盘
228,14:44:54,10.44,--,8,8352,卖盘
229,14:44:51,10.44,--,222,231768,卖盘
230,14:44:48,10.44,-0.01,7,7308,卖盘
231,14:44:45,10.45,--,30,31349,买盘
232,14:44:42,10.45,--,4,4180,买盘
233,14:44:39,10.45,--,47,49115,买盘
234,14:44:36,10.45,0.01,68,71697,买盘
235,14:44:33,10.44,-0.01,57,59508,卖盘
236,14:44:30,10.45,-0.01,307,320815,卖盘
237,14:44:21,10.46,0.01,6,6276,买盘
238,14:44:18,10.45,-0.01,3,3135,卖盘
239,14:44:15,10.46,--,10,10460,买盘
240,14:44:12,10.46,--,47,49162,买盘
241,14:44:09,10.46,--,25,26150,买盘
242,14:44:06,10.46,--,14,14644,买盘
243,14:44:00,10.46,0.01,64,66944,买盘
244,14:43:57,10.45,--,6,6270,买盘
245,14:43:54,10.45,-0.01,9,9405,卖盘
246,14:43:48,10.46,--,5,5230,买盘
247,14:43:45,10.46,--,5,5230,买盘
248,14:43:39,10.46,--,10,10460,买盘
249,14:43:36,10.46,-0.01,20,20920,卖盘
250,14:43:33,10.47,0.01,15,15705,买盘
251,14:43:30,10.46,--,34,35564,卖盘
252,14:43:27,10.46,--,4,4184,卖盘
253,14:43:24,10.46,--,597,624462,买盘
254,14:43:21,10.46,0.01,5,5230,买盘
255,14:43:18,10.45,--,5,5225,卖盘
256,14:43:15,10.45,-0.01,9,9405,卖盘
257,14:43:12,10.46,--,53,55438,买盘
258,14:43:09,10.46,0.01,6,6276,买盘
259,14:43:06,10.45,--,36,37620,卖盘
260,14:43:03,10.45,0.01,18,18810,买盘
261,14:43:00,10.44,--,39,40716,卖盘
262,14:42:57,10.44,-0.02,9,9396,卖盘
263,14:42:54,10.46,--,5,5230,买盘
264,14:42:51,10.46,--,1,1046,买盘
265,14:42:45,10.46,0.02,54,56484,买盘
266,14:42:42,10.44,-0.02,32,33408,卖盘
267,14:42:39,10.46,0.02,6,6276,买盘
268,14:42:36,10.44,--,103,107532,卖盘
269,14:42:27,10.44,-0.02,64,66816,卖盘
270,14:42:24,10.46,0.01,15,15690,买盘
271,14:42:21,10.45,--,45,47025,卖盘
272,14:42:18,10.45,-0.01,25,26125,卖盘
273,14:42:15,10.46,0.01,3,3138,买盘
274,14:42:09,10.45,0.01,14,14629,买盘
275,14:42:06,10.44,--,19,19836,卖盘
276,14:42:00,10.44,--,19,19836,买盘
277,14:41:57,10.44,--,14,14616,买盘
278,14:41:54,10.44,0.01,1,1044,买盘
279,14:41:51,10.43,-0.01,5,5215,卖盘
280,14:41:42,10.44,-0.02,19,20097,卖盘
281,14:41:36,10.46,0.01,52,54392,买盘
282,14:41:33,10.45,-0.01,17,17765,卖盘
283,14:41:27,10.46,0.01,3,3138,买盘
284,14:41:24,10.45,-0.01,8,8360,卖盘
285,14:41:21,10.46,--,72,75312,买盘
286,14:41:12,10.46,0.01,13,13598,买盘
287,14:41:09,10.45,-0.01,1,1045,卖盘
288,14:41:06,10.46,0.01,39,40794,买盘
289,14:41:03,10.45,--,5,5225,买盘
290,14:41:00,10.45,0.01,13,13584,买盘
291,14:40:57,10.44,--,30,31320,卖盘
292,14:40:51,10.44,-0.01,101,105444,卖盘
293,14:40:48,10.45,-0.01,289,302005,卖盘
294,14:40:45,10.46,0.01,53,55438,买盘
295,14:40:42,10.45,--,273,285285,买盘
296,14:40:39,10.45,0.01,13,13584,买盘
297,14:40:36,10.44,-0.01,2,2088,卖盘
298,14:40:33,10.45,--,6,6270,买盘
299,14:40:30,10.45,0.01,5,5225,买盘
300,14:40:27,10.44,0.01,30,32103,买盘
301,14:40:18,10.43,-0.01,7,7301,卖盘
302,14:40:15,10.44,0.01,12,12528,买盘
303,14:40:12,10.43,-0.01,2,2086,卖盘
304,14:40:09,10.44,0.01,12,12528,买盘
305,14:40:06,10.43,-0.01,20,20860,卖盘
306,14:40:03,10.44,--,32,33408,买盘
307,14:40:00,10.44,--,10,10440,买盘
308,14:39:57,10.44,--,4,4176,买盘
309,14:39:54,10.44,--,33,34452,买盘
310,14:39:51,10.44,0.01,6,6264,买盘
311,14:39:48,10.43,-0.01,8,8344,卖盘
312,14:39:45,10.44,0.01,30,31320,买盘
313,14:39:42,10.43,--,71,74053,卖盘
314,14:39:36,10.43,-0.01,11,11473,卖盘
315,14:39:33,10.44,0.01,41,42804,买盘
316,14:39:27,10.43,-0.01,2,2086,卖盘
317,14:39:24,10.44,0.01,3,3132,买盘
318,14:39:15,10.43,-0.01,19,19817,卖盘
319,14:39:12,10.44,--,15,15660,买盘
320,14:39:09,10.44,0.01,1,1044,买盘
321,14:39:06,10.43,0.01,13,13559,中性盘
322,14:39:03,10.42,-0.02,2,2084,卖盘
323,14:39:00,10.44,0.02,1,1044,买盘
324,14:38:57,10.42,-0.01,124,129208,卖盘
325,14:38:54,10.43,--,3,3129,卖盘
326,14:38:51,10.43,--,29,30247,卖盘
327,14:38:48,10.43,0.01,14,14602,中性盘
328,14:38:42,10.42,--,5,5210,卖盘
329,14:38:39,10.42,--,9,9378,卖盘
330,14:38:36,10.42,-0.02,772,805309,卖盘
331,14:38:30,10.44,0.02,63,65772,买盘
332,14:38:27,10.42,-0.02,1,1042,卖盘
333,14:38:21,10.44,0.02,33,34452,买盘
334,14:38:18,10.42,-0.01,38,39596,卖盘
335,14:38:15,10.43,0.01,6,6258,买盘
336,14:38:12,10.42,-0.01,27,28134,卖盘
337,14:38:09,10.43,--,2,2086,买盘
338,14:38:06,10.43,--,18,18774,买盘
339,14:38:03,10.43,-0.01,256,267008,卖盘
340,14:37:57,10.44,--,30,31320,买盘
341,14:37:54,10.44,0.01,22,22968,买盘
342,14:37:51,10.43,-0.01,16,16688,卖盘
343,14:37:48,10.44,0.01,13,13572,买盘
344,14:37:45,10.43,-0.02,16,16688,卖盘
345,14:37:39,10.45,0.02,9,9405,买盘
346,14:37:36,10.43,-0.02,34,35462,卖盘
347,14:37:33,10.45,0.02,98,102410,买盘
348,14:37:27,10.43,--,13,13559,卖盘
349,14:37:24,10.43,--,417,434931,买盘
350,14:37:21,10.43,--,56,58408,买盘
351,14:37:18,10.43,--,191,199213,买盘
352,14:37:15,10.43,--,36,37548,买盘
353,14:37:12,10.43,--,21,21903,买盘
354,14:37:09,10.43,0.01,40,41720,买盘
355,14:37:06,10.42,-0.01,52,54184,卖盘
356,14:37:03,10.43,--,40,41720,买盘
357,14:37:00,10.43,-0.04,218,227374,卖盘
358,14:36:57,10.47,0.04,166,173802,买盘
359,14:36:54,10.43,--,43,44849,买盘
360,14:36:51,10.43,--,85,88655,买盘
361,14:36:48,10.43,-0.03,278,289954,卖盘
362,14:36:45,10.46,0.04,247,258362,买盘
363,14:36:42,10.42,-0.01,45,46890,卖盘
364,14:36:39,10.43,0.01,52,54236,中性盘
365,14:36:36,10.42,-0.04,210,219538,卖盘
366,14:36:33,10.46,0.03,128,133888,买盘
367,14:36:30,10.43,--,10,10430,卖盘
368,14:36:27,10.43,-0.02,1,1043,卖盘
369,14:36:24,10.45,0.02,2,2090,买盘
370,14:36:21,10.43,-0.02,2,2086,卖盘
371,14:36:18,10.45,0.03,100,104500,买盘
372,14:36:12,10.42,-0.03,202,210484,卖盘
373,14:36:09,10.45,0.01,1,1045,买盘
374,14:36:06,10.44,-0.01,21,21924,卖盘
375,14:36:03,10.45,0.02,4,4180,买盘
376,14:35:54,10.43,-0.02,200,208600,卖盘
377,14:35:51,10.45,0.02,3,3135,买盘
378,14:35:48,10.43,-0.02,265,276395,卖盘
379,14:35:45,10.45,0.02,53,55384,买盘
380,14:35:39,10.43,-0.01,245,256317,卖盘
381,14:35:36,10.44,-0.01,10,10440,卖盘
382,14:35:33,10.45,--,19,19855,买盘
383,14:35:30,10.45,--,59,61654,买盘
384,14:35:27,10.45,-0.01,144,150480,卖盘
385,14:35:24,10.46,--,112,117152,买盘
386,14:35:21,10.46,--,11,11506,买盘
387,14:35:18,10.46,--,5,5230,买盘
388,14:35:15,10.46,--,4,4184,买盘
389,14:35:12,10.46,--,127,132842,买盘
390,14:35:09,10.46,--,1,1046,买盘
391,14:35:06,10.46,--,38,39748,买盘
392,14:35:03,10.46,0.02,4,4184,买盘
393,14:35:00,10.44,-0.02,38,39672,卖盘
394,14:34:54,10.46,--,11,11506,买盘
395,14:34:51,10.46,-0.01,4,4184,中性盘
396,14:34:48,10.47,--,203,212541,买盘
397,14:34:39,10.47,0.01,12,12564,买盘
398,14:34:36,10.46,-0.01,10,10460,卖盘
399,14:34:33,10.47,--,54,56538,买盘
400,14:34:30,10.47,0.01,4,4188,买盘
401,14:34:27,10.46,--,28,29288,买盘
402,14:34:21,10.46,--,5,5230,买盘
403,14:34:18,10.46,--,7,7322,买盘
404,14:34:15,10.46,0.02,3,3138,买盘
405,14:34:12,10.44,-0.01,200,208800,卖盘
406,14:34:09,10.45,-0.01,15,15674,卖盘
407,14:34:06,10.46,--,1,1046,买盘
408,14:34:03,10.46,--,4,4184,买盘
409,14:34:00,10.46,0.01,4,4184,买盘
410,14:33:57,10.45,-0.02,3,3135,卖盘
411,14:33:54,10.47,0.03,10,10470,买盘
412,14:33:51,10.44,-0.02,123,128412,卖盘
413,14:33:48,10.46,-0.01,114,119244,卖盘
414,14:33:45,10.47,--,12,12564,买盘
415,14:33:42,10.47,0.01,2,2094,买盘
416,14:33:39,10.46,--,20,20920,卖盘
417,14:33:36,10.46,-0.01,67,70082,卖盘
418,14:33:33,10.47,0.01,6,6282,买盘
419,14:33:30,10.46,-0.01,3,3138,卖盘
420,14:33:27,10.47,--,292,305724,买盘
421,14:33:24,10.47,--,30,31410,买盘
422,14:33:21,10.47,0.01,50,52350,买盘
423,14:33:18,10.46,--,100,104600,卖盘
424,14:33:15,10.46,-0.01,3,3138,卖盘
425,14:33:12,10.47,--,5,5235,买盘
426,14:33:09,10.47,0.01,8,8376,买盘
427,14:33:06,10.46,-0.01,14,14644,卖盘
428,14:33:03,10.47,--,9,9423,买盘
429,14:33:00,10.47,--,36,37692,买盘
430,14:32:57,10.47,--,103,107841,买盘
431,14:32:54,10.47,--,1,1047,买盘
432,14:32:51,10.47,--,4,4188,买盘
433,14:32:48,10.47,0.01,5,5235,买盘
434,14:32:45,10.46,-0.01,25,26150,卖盘
435,14:32:42,10.47,0.01,52,54444,买盘
436,14:32:39,10.46,-0.01,8,8368,卖盘
437,14:32:36,10.47,--,17,17799,买盘
438,14:32:33,10.47,0.01,3,3141,买盘
439,14:32:27,10.46,-0.01,6,6276,卖盘
440,14:32:24,10.47,--,4,4188,买盘
441,14:32:21,10.47,--,2,2094,买盘
442,14:32:18,10.47,--,85,88995,买盘
443,14:32:15,10.47,0.01,1,1047,买盘
444,14:32:12,10.46,--,3,3138,卖盘
445,14:32:09,10.46,--,15,15690,卖盘
446,14:32:06,10.46,-0.01,311,325306,卖盘
447,14:32:03,10.47,--,4,4188,买盘
448,14:32:00,10.47,--,2,2094,买盘
449,14:31:54,10.47,0.01,56,58632,买盘
450,14:31:51,10.46,--,231,241626,卖盘
451,14:31:48,10.46,--,302,315892,买盘
452,14:31:42,10.46,0.01,12,12552,买盘
453,14:31:39,10.45,-0.01,15,15674,中性盘
454,14:31:36,10.46,--,4,4184,买盘
455,14:31:33,10.46,--,438,458148,买盘
456,14:31:30,10.46,0.01,2,2092,买盘
457,14:31:27,10.45,0.02,33,34485,买盘
458,14:31:24,10.43,-0.02,8,8344,卖盘
459,14:31:21,10.45,--,1,1045,买盘
460,14:31:15,10.45,--,19,19855,买盘
461,14:31:09,10.45,0.02,1,1045,买盘
462,14:31:06,10.43,-0.02,15,15645,卖盘
463,14:31:03,10.45,0.02,1,1045,买盘
464,14:31:00,10.43,-0.02,63,65709,卖盘
465,14:30:57,10.45,0.02,300,313500,买盘
466,14:30:54,10.43,-0.01,202,210686,卖盘
467,14:30:51,10.44,--,4,4176,买盘
468,14:30:48,10.44,0.01,34,35496,买盘
469,14:30:42,10.43,-0.02,212,221116,卖盘
470,14:30:39,10.45,0.02,45,47025,买盘
471,14:30:36,10.43,-0.02,284,296212,卖盘
472,14:30:33,10.45,0.01,7,7314,买盘
473,14:30:30,10.44,--,105,109620,买盘
474,14:30:27,10.44,-0.01,2,2088,中性盘
475,14:30:24,10.45,0.03,20,20900,买盘
476,14:30:18,10.42,-0.03,0,969,卖盘
477,14:30:15,10.45,--,208,217359,买盘
478,14:30:12,10.45,0.01,1,1045,买盘
479,14:30:09,10.44,0.01,91,95004,买盘
480,14:30:06,10.43,-0.01,46,47978,卖盘
481,14:30:03,10.44,0.01,3,3132,买盘
482,14:30:00,10.43,0.01,88,91784,买盘
483,14:29:57,10.42,-0.01,142,147964,卖盘
484,14:29:54,10.43,-0.01,2,2086,卖盘
485,14:29:51,10.44,0.01,60,62640,买盘
486,14:29:45,10.43,--,109,113687,买盘
487,14:29:42,10.43,0.01,3,3129,买盘
488,14:29:39,10.42,--,8,8336,卖盘
489,14:29:36,10.42,-0.01,25,26050,卖盘
490,14:29:33,10.43,--,203,211729,买盘
491,14:29:30,10.43,--,30,31290,卖盘
492,14:29:27,10.43,--,36,37548,买盘
493,14:29:24,10.43,--,1,1043,买盘
494,14:29:21,10.43,0.01,4,4172,买盘
495,14:29:15,10.42,-0.01,22,22924,卖盘
496,14:29:12,10.43,0.01,7,7301,买盘
497,14:29:09,10.42,0.01,15,15630,买盘
498,14:29:06,10.41,-0.01,14,14574,卖盘
499,14:29:03,10.42,--,560,583520,买盘
500,14:29:00,10.42,--,20,20840,买盘
501,14:28:57,10.42,--,2,2084,买盘
502,14:28:54,10.42,--,305,317810,买盘
503,14:28:51,10.42,-0.01,764,796942,卖盘
504,14:28:48,10.43,--,4,4172,买盘
505,14:28:42,10.43,0.01,4,4172,买盘
506,14:28:39,10.42,--,8,8336,卖盘
507,14:28:36,10.42,--,491,511809,买盘
508,14:28:33,10.42,--,5,5210,买盘
509,14:28:30,10.42,--,159,165678,买盘
510,14:28:27,10.42,0.01,7,7294,买盘
511,14:28:24,10.41,-0.01,150,156150,卖盘
512,14:28:21,10.42,--,79,82318,买盘
513,14:28:18,10.42,--,269,280298,买盘
514,14:28:15,10.42,--,227,236534,买盘
515,14:28:12,10.42,0.01,40,41680,买盘
516,14:28:09,10.41,--,42,43722,卖盘
517,14:28:06,10.41,-0.01,38,39558,卖盘
518,14:28:03,10.42,--,25,26050,买盘
519,14:28:00,10.42,0.01,28,29176,买盘
520,14:27:57,10.41,-0.01,58,60378,卖盘
521,14:27:54,10.42,0.01,513,534546,买盘
522,14:27:51,10.41,--,406,422646,卖盘
523,14:27:45,10.41,-0.01,6,6246,卖盘
524,14:27:42,10.42,-0.01,23,24820,卖盘
525,14:27:39,10.43,0.01,300,313087,买盘
526,14:27:36,10.42,-0.01,888,926275,卖盘
527,14:27:33,10.43,--,30,31290,买盘
528,14:27:30,10.43,--,4,4172,买盘
529,14:27:27,10.43,--,48,50064,买盘
530,14:27:24,10.43,--,110,114730,买盘
531,14:27:21,10.43,--,67,69881,买盘
532,14:27:12,10.43,--,13,13559,买盘
533,14:27:09,10.43,0.01,106,110558,买盘
534,14:27:06,10.42,--,71,73982,卖盘
535,14:27:03,10.42,-0.01,30,31260,卖盘
536,14:27:00,10.43,--,51,53193,买盘
537,14:26:57,10.43,--,20,20860,买盘
538,14:26:54,10.43,--,9,9387,买盘
539,14:26:51,10.43,--,173,180439,买盘
540,14:26:45,10.43,--,4,4172,买盘
541,14:26:42,10.43,--,4,4172,买盘
542,14:26:39,10.43,--,417,434931,卖盘
543,14:26:36,10.43,-0.01,34,35462,卖盘
544,14:26:33,10.44,0.01,3,3132,买盘
545,14:26:27,10.43,-0.01,5,5215,卖盘
546,14:26:24,10.44,--,10,10440,买盘
547,14:26:21,10.44,--,11,11484,买盘
548,14:26:18,10.44,--,4,4176,买盘
549,14:26:15,10.44,--,6,6264,买盘
550,14:26:12,10.44,0.01,2,2088,买盘
551,14:26:09,10.43,-0.01,21,21903,卖盘
552,14:26:06,10.44,0.02,18,18792,买盘
553,14:26:00,10.42,--,63,65646,卖盘
554,14:25:57,10.42,-0.02,166,172972,卖盘
555,14:25:54,10.44,0.01,4,4176,买盘
556,14:25:51,10.43,--,517,539231,买盘
557,14:25:48,10.43,--,2,2086,买盘
558,14:25:45,10.43,0.01,8,8344,买盘
559,14:25:42,10.42,--,50,52100,卖盘
560,14:25:39,10.42,--,125,130250,卖盘
561,14:25:36,10.42,--,11,11462,卖盘
562,14:25:33,10.42,-0.01,24,25008,卖盘
563,14:25:30,10.43,--,4,4172,买盘
564,14:25:27,10.43,0.01,6,6258,买盘
565,14:25:24,10.42,-0.01,200,208400,卖盘
566,14:25:21,10.43,0.01,583,608069,买盘
567,14:25:18,10.42,-0.01,249,259458,卖盘
568,14:25:15,10.43,0.01,18,18774,买盘
569,14:25:12,10.42,--,14,14588,卖盘
570,14:25:09,10.42,--,11,11462,卖盘
571,14:25:06,10.42,-0.01,11,11462,卖盘
572,14:25:03,10.43,--,21,21903,买盘
573,14:25:00,10.43,--,20,20860,买盘
574,14:24:57,10.43,--,7,7301,买盘
575,14:24:54,10.43,--,72,75096,买盘
576,14:24:51,10.43,--,6,6258,买盘
577,14:24:48,10.43,--,10,10430,买盘
578,14:24:45,10.43,--,231,240933,买盘
579,14:24:42,10.43,0.01,6,6258,买盘
580,14:24:39,10.42,--,19,19798,卖盘
581,14:24:36,10.42,--,12,12504,卖盘
582,14:24:33,10.42,--,11,11462,卖盘
583,14:24:30,10.42,-0.01,1,1042,卖盘
584,14:24:27,10.43,--,20,20860,买盘
585,14:24:21,10.43,--,135,140805,买盘
586,14:24:18,10.43,0.01,135,140805,买盘
587,14:24:15,10.42,-0.01,2,2084,卖盘
588,14:24:12,10.43,--,6,6258,买盘
589,14:24:09,10.43,0.01,23,23989,买盘
590,14:24:06,10.42,--,18,18756,卖盘
591,14:24:03,10.42,--,45,46952,卖盘
592,14:24:00,10.42,-0.01,22,22924,卖盘
593,14:23:57,10.43,--,7,7301,买盘
594,14:23:54,10.43,--,203,211729,买盘
595,14:23:48,10.43,--,4,4172,买盘
596,14:23:45,10.43,--,51,53193,买盘
597,14:23:42,10.43,--,45,46935,买盘
598,14:23:39,10.43,0.01,59,61537,买盘
599,14:23:36,10.42,--,24,25008,卖盘
600,14:23:33,10.42,-0.01,36,37512,卖盘
601,14:23:30,10.43,0.01,127,132461,买盘
602,14:23:24,10.42,--,35,36470,卖盘
603,14:23:21,10.42,--,3,3126,卖盘
604,14:23:18,10.42,--,5,5210,卖盘
605,14:23:12,10.42,-0.01,16,16672,卖盘
606,14:23:09,10.43,0.01,3,3129,买盘
607,14:23:06,10.42,--,55,57310,卖盘
608,14:23:03,10.42,-0.01,27,28134,卖盘
609,14:23:00,10.43,--,4,4172,买盘
610,14:22:57,10.43,0.01,255,265965,买盘
611,14:22:54,10.42,--,53,55226,卖盘
612,14:22:51,10.42,-0.01,318,331356,卖盘
613,14:22:48,10.43,0.01,14,14602,买盘
614,14:22:45,10.42,-0.01,7,7294,卖盘
615,14:22:42,10.43,0.01,9,9387,买盘
616,14:22:36,10.42,--,40,41680,卖盘
617,14:22:33,10.42,--,352,366784,卖盘
618,14:22:30,10.42,--,13,13546,卖盘
619,14:22:27,10.42,-0.01,200,208400,卖盘
620,14:22:21,10.43,--,135,140805,买盘
621,14:22:18,10.43,0.01,69,71967,买盘
622,14:22:15,10.42,-0.01,32,33344,卖盘
623,14:22:12,10.43,--,2,2086,买盘
624,14:22:09,10.43,--,11,11473,买盘
625,14:22:06,10.43,0.01,63,65709,买盘
626,14:22:03,10.42,-0.01,7,7294,卖盘
627,14:22:00,10.43,-0.01,535,558005,卖盘
628,14:21:57,10.44,--,229,239076,买盘
629,14:21:54,10.44,--,3,3132,买盘
630,14:21:48,10.44,0.01,8,8352,买盘
631,14:21:45,10.43,-0.01,32,33376,卖盘
632,14:21:42,10.44,--,2,2088,买盘
633,14:21:39,10.44,--,7,7308,买盘
634,14:21:36,10.44,0.01,52,54288,买盘
635,14:21:33,10.43,--,96,100128,买盘
636,14:21:30,10.43,--,42,43806,买盘
637,14:21:27,10.43,--,35,36505,买盘
638,14:21:24,10.43,--,120,125160,买盘
639,14:21:21,10.43,0.01,2,2086,买盘
640,14:21:18,10.42,-0.01,30,31260,卖盘
641,14:21:15,10.43,--,4,4172,买盘
642,14:21:12,10.43,0.01,4,4172,买盘
643,14:21:09,10.42,-0.01,7,7294,卖盘
644,14:21:06,10.43,--,81,84483,买盘
645,14:21:03,10.43,--,29,30247,买盘
646,14:21:00,10.43,--,30,31290,买盘
647,14:20:57,10.43,--,108,112644,买盘
648,14:20:54,10.43,--,53,55279,卖盘
649,14:20:51,10.43,--,15,15645,卖盘
650,14:20:48,10.43,--,504,525672,卖盘
651,14:20:45,10.43,--,198,206514,买盘
652,14:20:39,10.43,-0.01,106,110558,卖盘
653,14:20:36,10.44,0.01,2,2088,买盘
654,14:20:30,10.43,--,146,152278,买盘
655,14:20:27,10.43,--,13,13559,买盘
656,14:20:24,10.43,--,27,28161,买盘
657,14:20:21,10.43,--,42,43806,买盘
658,14:20:15,10.43,--,7,7301,买盘
659,14:20:12,10.43,--,27,28161,买盘
660,14:20:09,10.43,-0.01,394,410942,卖盘
661,14:20:03,10.44,--,10,10440,买盘
662,14:20:00,10.44,0.01,5,5220,买盘
663,14:19:57,10.43,--,3,3129,卖盘
664,14:19:54,10.43,-0.02,969,1010667,卖盘
665,14:19:51,10.45,0.01,31,32394,买盘
666,14:19:48,10.44,-0.01,12,12528,卖盘
667,14:19:45,10.45,--,10,10450,买盘
668,14:19:42,10.45,--,6,6270,买盘
669,14:19:39,10.45,--,5,5225,买盘
670,14:19:36,10.45,--,4,4180,买盘
671,14:19:33,10.45,0.01,19,19855,买盘
672,14:19:30,10.44,--,2,2088,买盘
673,14:19:27,10.44,--,6,6264,买盘
674,14:19:24,10.44,-0.01,9,9396,买盘
675,14:19:21,10.45,0.02,2,2090,买盘
676,14:19:18,10.43,-0.03,250,260750,卖盘
677,14:19:15,10.46,--,29,30334,买盘
678,14:19:12,10.46,0.02,9,9414,买盘
679,14:19:09,10.44,-0.02,15,15660,卖盘
680,14:19:06,10.46,--,14,14644,买盘
681,14:19:03,10.46,0.02,7,7322,买盘
682,14:19:00,10.44,-0.02,53,55332,卖盘
683,14:18:57,10.46,0.02,12,12552,买盘
684,14:18:54,10.44,-0.02,18,18792,卖盘
685,14:18:51,10.46,0.02,6,6276,买盘
686,14:18:48,10.44,--,2,2088,买盘
687,14:18:45,10.44,--,10,10440,买盘
688,14:18:42,10.44,0.01,7,7308,买盘
689,14:18:39,10.43,--,8,8344,卖盘
690,14:18:36,10.43,-0.01,37,38591,卖盘
691,14:18:30,10.44,--,5,5220,买盘
692,14:18:27,10.44,0.01,6,6264,买盘
693,14:18:24,10.43,-0.01,322,335846,卖盘
694,14:18:21,10.44,0.01,10,10440,买盘
695,14:18:18,10.43,-0.01,8,8344,卖盘
696,14:18:12,10.44,--,13,13572,买盘
697,14:18:09,10.44,--,39,40716,买盘
698,14:18:06,10.44,-0.03,1131,1181734,卖盘
699,14:18:03,10.47,--,7,7329,买盘
700,14:18:00,10.47,0.01,24,25128,买盘
701,14:17:57,10.46,0.01,40,41840,买盘
702,14:17:54,10.45,-0.01,27,28214,卖盘
703,14:17:51,10.46,--,1,1046,买盘
704,14:17:45,10.46,--,2,2092,买盘
705,14:17:42,10.46,--,42,43932,买盘
706,14:17:39,10.46,--,21,21966,买盘
707,14:17:36,10.46,0.01,8,8368,买盘
708,14:17:30,10.45,--,20,20973,买盘
709,14:17:24,10.45,--,7,7314,买盘
710,14:17:18,10.45,-0.01,87,91886,卖盘
711,14:17:15,10.46,0.01,2,2092,买盘
712,14:17:09,10.45,--,6,6270,卖盘
713,14:17:06,10.45,-0.01,5,5225,卖盘
714,14:17:03,10.46,--,6,6276,买盘
715,14:17:00,10.46,--,45,47070,买盘
716,14:16:57,10.46,0.01,9,9414,买盘
717,14:16:54,10.45,--,1,1118,卖盘
718,14:16:51,10.45,-0.01,218,227809,卖盘
719,14:16:45,10.46,--,7,7322,买盘
720,14:16:42,10.46,0.01,67,70082,买盘
721,14:16:39,10.45,--,1,1045,卖盘
722,14:16:36,10.45,--,123,128534,买盘
723,14:16:33,10.45,--,57,59564,买盘
724,14:16:30,10.45,--,11,11495,买盘
725,14:16:27,10.45,--,12,12540,买盘
726,14:16:24,10.45,--,10,10450,买盘
727,14:16:21,10.45,--,41,42845,卖盘
728,14:16:18,10.45,-0.01,2,2090,卖盘
729,14:16:15,10.46,0.01,2,2092,买盘
730,14:16:12,10.45,--,13,13584,买盘
731,14:16:09,10.45,--,2,2090,买盘
732,14:16:06,10.45,-0.01,137,143165,卖盘
733,14:16:03,10.46,--,110,115060,买盘
734,14:16:00,10.46,--,4,4184,买盘
735,14:15:57,10.46,0.01,1,1046,买盘
736,14:15:54,10.45,--,99,103455,买盘
737,14:15:51,10.45,--,2,2090,买盘
738,14:15:48,10.45,--,30,31349,买盘
739,14:15:45,10.45,--,7,7314,买盘
740,14:15:42,10.45,--,12,12540,买盘
741,14:15:39,10.45,0.01,4,4180,买盘
742,14:15:36,10.44,-0.01,109,113796,卖盘
743,14:15:33,10.45,--,23,24035,买盘
744,14:15:30,10.45,--,6,6270,买盘
745,14:15:27,10.45,0.01,34,35530,买盘
746,14:15:24,10.44,-0.01,3,3132,卖盘
747,14:15:21,10.45,--,6,6270,买盘
748,14:15:18,10.45,0.01,26,27169,买盘
749,14:15:15,10.44,-0.01,3,3132,卖盘
750,14:15:12,10.45,--,9,9405,买盘
751,14:15:09,10.45,0.01,29,30304,买盘
752,14:15:06,10.44,-0.01,77,80388,卖盘
753,14:15:03,10.45,--,3,3135,买盘
754,14:15:00,10.45,--,7,7314,买盘
755,14:14:57,10.45,--,14,14629,买盘
756,14:14:54,10.45,--,4,4180,买盘
757,14:14:51,10.45,--,8,8360,买盘
758,14:14:48,10.45,--,37,38665,买盘
759,14:14:45,10.45,--,4,4180,买盘
760,14:14:39,10.45,0.01,406,424270,买盘
761,14:14:36,10.44,-0.01,3,3132,卖盘
762,14:14:33,10.45,--,4,4180,买盘
763,14:14:30,10.45,0.01,1,1045,买盘
764,14:14:27,10.44,--,1,1044,卖盘
765,14:14:24,10.44,-0.01,18,18792,卖盘
766,14:14:21,10.45,0.01,6,6270,买盘
767,14:14:18,10.44,-0.01,115,120060,卖盘
768,14:14:15,10.45,0.01,4,4180,买盘
769,14:14:12,10.44,--,34,35496,卖盘
770,14:14:09,10.44,-0.01,24,25056,卖盘
771,14:14:06,10.45,--,10,10450,买盘
772,14:14:03,10.45,--,10,10450,买盘
773,14:14:00,10.45,--,1,1045,买盘
774,14:13:54,10.45,--,15,15674,买盘
775,14:13:51,10.45,--,248,259159,卖盘
776,14:13:48,10.45,-0.01,130,135850,卖盘
777,14:13:45,10.46,--,14,14644,买盘
778,14:13:42,10.46,--,46,48116,买盘
779,14:13:39,10.46,--,6,6276,买盘
780,14:13:36,10.46,--,28,29288,买盘
781,14:13:33,10.46,--,50,52300,买盘
782,14:13:30,10.46,0.01,5,5230,买盘
783,14:13:27,10.45,-0.01,102,106590,卖盘
784,14:13:24,10.46,--,6,6276,买盘
785,14:13:21,10.46,--,2,2092,买盘
786,14:13:18,10.46,0.01,2,2092,买盘
787,14:13:15,10.45,--,24,25080,买盘
788,14:13:12,10.45,--,20,20900,买盘
789,14:13:09,10.45,-0.02,80,83600,卖盘
790,14:13:06,10.47,--,106,110982,买盘
791,14:13:03,10.47,--,23,24081,买盘
792,14:13:00,10.47,--,7,7329,买盘
793,14:12:57,10.47,0.02,6,6282,买盘
794,14:12:51,10.45,-0.02,103,107634,卖盘
795,14:12:45,10.47,--,11,11517,买盘
796,14:12:39,10.47,--,14,14658,买盘
797,14:12:36,10.47,--,2,2094,买盘
798,14:12:33,10.47,--,7,7329,买盘
799,14:12:30,10.47,--,2,2094,买盘
800,14:12:27,10.47,--,17,17799,买盘
801,14:12:24,10.47,0.01,2,2094,买盘
802,14:12:21,10.46,-0.01,1,1046,卖盘
803,14:12:18,10.47,0.01,10,10470,买盘
804,14:12:15,10.46,-0.01,45,47070,中性盘
805,14:12:12,10.47,0.02,4,4188,买盘
806,14:12:09,10.45,-0.02,259,270655,卖盘
807,14:12:06,10.47,--,7,7329,买盘
808,14:12:03,10.47,--,3,3141,买盘
809,14:12:00,10.47,--,18,18846,买盘
810,14:11:54,10.47,--,8,8376,买盘
811,14:11:51,10.47,0.02,26,27222,买盘
812,14:11:48,10.45,--,39,40755,买盘
813,14:11:45,10.45,--,84,87780,买盘
814,14:11:42,10.45,--,9,9405,买盘
815,14:11:39,10.45,-0.02,53,56367,卖盘
816,14:11:36,10.47,0.02,2,2094,买盘
817,14:11:33,10.45,-0.02,123,128534,卖盘
818,14:11:30,10.47,0.02,193,202071,买盘
819,14:11:27,10.45,-0.01,12,12540,卖盘
820,14:11:24,10.46,-0.01,218,228028,买盘
821,14:11:21,10.47,--,1,1047,买盘
822,14:11:15,10.47,--,8,8376,买盘
823,14:11:12,10.47,--,9,9423,买盘
824,14:11:09,10.47,0.01,21,21987,买盘
825,14:11:06,10.46,-0.01,8,8368,卖盘
826,14:11:03,10.47,--,2,2094,买盘
827,14:10:57,10.47,0.02,84,87948,买盘
828,14:10:54,10.45,-0.01,2,2090,卖盘
829,14:10:51,10.46,-0.01,51,53346,卖盘
830,14:10:48,10.47,--,1,1047,买盘
831,14:10:45,10.47,0.01,8,8376,买盘
832,14:10:42,10.46,--,10,10460,卖盘
833,14:10:39,10.46,-0.01,12,12552,卖盘
834,14:10:36,10.47,--,4,4188,买盘
835,14:10:33,10.47,--,52,54444,买盘
836,14:10:30,10.47,0.02,7,7329,买盘
837,14:10:27,10.45,-0.01,210,219449,卖盘
838,14:10:24,10.46,-0.01,5,5230,中性盘
839,14:10:21,10.47,--,2,2094,买盘
840,14:10:18,10.47,--,10,10470,买盘
841,14:10:12,10.47,0.02,16,16752,买盘
842,14:10:09,10.45,-0.01,24,25080,卖盘
843,14:10:06,10.46,--,1,1046,买盘
844,14:10:03,10.46,0.01,21,21966,买盘
845,14:09:57,10.45,--,41,42907,买盘
846,14:09:54,10.45,0.01,2,2090,买盘
847,14:09:51,10.44,-0.01,25,26100,卖盘
848,14:09:48,10.45,--,31,32394,买盘
849,14:09:45,10.45,--,164,172362,卖盘
850,14:09:42,10.45,-0.01,136,142182,卖盘
851,14:09:39,10.46,0.01,2,2092,中性盘
852,14:09:33,10.45,-0.02,41,42845,卖盘
853,14:09:30,10.47,0.02,9,9423,买盘
854,14:09:27,10.45,-0.02,202,211090,卖盘
855,14:09:24,10.47,0.02,24,25128,买盘
856,14:09:18,10.45,-0.02,24,25080,卖盘
857,14:09:12,10.47,0.02,5,5235,买盘
858,14:09:09,10.45,-0.01,285,297825,卖盘
859,14:09:06,10.46,--,3,3138,买盘
860,14:09:03,10.46,0.01,27,28242,买盘
861,14:09:00,10.45,-0.02,17,17765,卖盘
862,14:08:57,10.47,--,4,4188,买盘
863,14:08:54,10.47,--,18,18846,买盘
864,14:08:51,10.47,0.02,13,13611,买盘
865,14:08:48,10.45,-0.02,222,231989,卖盘
866,14:08:45,10.47,--,17,17799,买盘
867,14:08:42,10.47,0.01,42,43974,买盘
868,14:08:39,10.46,--,18,18828,买盘
869,14:08:36,10.46,--,6,6276,买盘
870,14:08:33,10.46,-0.01,10,10460,卖盘
871,14:08:30,10.47,--,8,8376,买盘
872,14:08:27,10.47,--,24,25128,买盘
873,14:08:24,10.47,--,290,303630,买盘
874,14:08:21,10.47,--,50,52350,买盘
875,14:08:18,10.47,--,2,2094,买盘
876,14:08:15,10.47,--,8,8376,买盘
877,14:08:12,10.47,0.01,5,5235,买盘
878,14:08:09,10.46,-0.01,19,19874,卖盘
879,14:08:06,10.47,--,211,220917,买盘
880,14:08:03,10.47,--,14,14658,买盘
881,14:08:00,10.47,0.01,8,8376,买盘
882,14:07:57,10.46,-0.01,7,7322,卖盘
883,14:07:54,10.47,--,10,10470,买盘
884,14:07:51,10.47,--,101,105747,买盘
885,14:07:48,10.47,--,118,123546,买盘
886,14:07:45,10.47,--,9,9423,买盘
887,14:07:42,10.47,--,1,1047,买盘
888,14:07:39,10.47,--,99,103653,买盘
889,14:07:36,10.47,--,1,1047,买盘
890,14:07:33,10.47,--,7,7329,买盘
891,14:07:30,10.47,--,24,25128,买盘
892,14:07:27,10.47,--,64,67008,买盘
893,14:07:24,10.47,--,11,11517,买盘
894,14:07:21,10.47,--,24,25128,买盘
895,14:07:18,10.47,--,5,5235,买盘
896,14:07:15,10.47,0.01,23,24081,买盘
897,14:07:12,10.46,--,63,65898,卖盘
898,14:07:09,10.46,-0.01,25,26150,卖盘
899,14:07:06,10.47,--,15,15705,买盘
900,14:07:00,10.47,--,7,7329,买盘
901,14:06:57,10.47,-0.01,34,35598,卖盘
902,14:06:54,10.48,--,7,7336,买盘
903,14:06:51,10.48,--,6,6288,买盘
904,14:06:48,10.48,0.01,22,23056,买盘
905,14:06:42,10.47,-0.01,1,1047,卖盘
906,14:06:39,10.48,--,12,12576,买盘
907,14:06:36,10.48,--,36,37728,买盘
908,14:06:33,10.48,--,8,8384,买盘
909,14:06:24,10.48,--,12,12576,买盘
910,14:06:21,10.48,--,23,24104,买盘
911,14:06:18,10.48,0.01,48,51184,买盘
912,14:06:09,10.47,-0.01,8,8376,卖盘
913,14:06:06,10.48,--,74,77552,买盘
914,14:06:03,10.48,0.02,819,858479,买盘
915,14:06:00,10.46,--,46,48116,买盘
916,14:05:54,10.46,--,1,1046,买盘
917,14:05:51,10.46,--,56,58576,买盘
918,14:05:48,10.46,--,2,2092,买盘
919,14:05:45,10.46,--,13,13598,买盘
920,14:05:39,10.46,--,5,5230,买盘
921,14:05:36,10.46,-0.01,46,48116,卖盘
922,14:05:33,10.47,--,4,4188,买盘
923,14:05:30,10.47,0.01,19,19893,买盘
924,14:05:27,10.46,--,1,1046,买盘
925,14:05:24,10.46,-0.01,35,36610,卖盘
926,14:05:21,10.47,--,2,2094,买盘
927,14:05:18,10.47,0.01,13,13611,买盘
928,14:05:15,10.46,0.01,3,3138,买盘
929,14:05:12,10.45,-0.01,38,39710,卖盘
930,14:05:09,10.46,--,7,7322,买盘
931,14:05:06,10.46,0.01,56,58576,买盘
932,14:05:03,10.45,-0.01,53,55384,卖盘
933,14:05:00,10.46,0.01,52,54392,买盘
934,14:04:57,10.45,-0.01,13,13584,卖盘
935,14:04:54,10.46,--,72,75312,卖盘
936,14:04:48,10.46,--,38,39748,卖盘
937,14:04:45,10.46,-0.01,311,325306,卖盘
938,14:04:39,10.47,--,8,8376,买盘
939,14:04:36,10.47,--,2,2094,买盘
940,14:04:33,10.47,0.01,2,2094,买盘
941,14:04:30,10.46,-0.01,3,3138,卖盘
942,14:04:24,10.47,--,26,27222,买盘
943,14:04:21,10.47,--,6,6282,买盘
944,14:04:18,10.47,0.01,2,2094,买盘
945,14:04:15,10.46,0.01,41,42886,买盘
946,14:04:12,10.45,-0.01,13,13584,卖盘
947,14:04:09,10.46,--,26,27196,买盘
948,14:04:06,10.46,0.01,28,29288,买盘
949,14:04:03,10.45,-0.01,260,271700,卖盘
950,14:04:00,10.46,--,10,10460,买盘
951,14:03:57,10.46,--,11,11506,买盘
952,14:03:54,10.46,--,10,10460,买盘
953,14:03:51,10.46,--,1,1046,买盘
954,14:03:48,10.46,--,9,9414,买盘
955,14:03:45,10.46,-0.01,70,73220,卖盘
956,14:03:42,10.47,0.01,41,42927,买盘
957,14:03:39,10.46,-0.01,5,5230,卖盘
958,14:03:36,10.47,--,146,152862,买盘
959,14:03:33,10.47,--,1,1047,买盘
960,14:03:30,10.47,--,35,36645,买盘
961,14:03:27,10.47,--,5,5235,买盘
962,14:03:24,10.47,--,32,33504,买盘
963,14:03:18,10.47,--,1,1047,买盘
964,14:03:15,10.47,--,3,3141,买盘
965,14:03:12,10.47,--,25,26175,买盘
966,14:03:09,10.47,--,4,4188,买盘
967,14:03:06,10.47,0.01,48,50256,买盘
968,14:03:03,10.46,--,1,1046,卖盘
969,14:03:00,10.46,-0.01,8,8368,卖盘
970,14:02:57,10.47,0.01,72,75384,买盘
971,14:02:54,10.46,-0.01,153,160979,卖盘
972,14:02:51,10.47,--,7,7329,买盘
973,14:02:48,10.47,--,3,3141,买盘
974,14:02:45,10.47,--,34,35598,买盘
975,14:02:42,10.47,--,7,7329,买盘
976,14:02:39,10.47,--,1,1047,买盘
977,14:02:36,10.47,--,1,1047,买盘
978,14:02:33,10.47,--,12,12564,买盘
979,14:02:30,10.47,--,3,3141,买盘
980,14:02:27,10.47,-0.01,84,87948,卖盘
981,14:02:24,10.48,--,1,1048,买盘
982,14:02:21,10.48,--,48,50304,买盘
983,14:02:18,10.48,--,15,15720,买盘
984,14:02:15,10.48,--,5,5240,买盘
985,14:02:12,10.48,--,3,3144,买盘
986,14:02:09,10.48,--,17,17816,买盘
987,14:02:06,10.48,--,9,9432,买盘
988,14:02:03,10.48,--,32,33536,买盘
989,14:02:00,10.48,--,11,11528,买盘
990,14:01:57,10.48,--,3,3144,买盘
991,14:01:54,10.48,--,1,1048,买盘
992,14:01:51,10.48,0.02,72,75456,买盘
993,14:01:48,10.46,-0.02,11,11506,卖盘
994,14:01:45,10.48,--,3,3144,买盘
995,14:01:42,10.48,--,32,33536,买盘
996,14:01:39,10.48,0.02,1,1152,买盘
997,14:01:36,10.46,-0.01,6,6276,卖盘
998,14:01:33,10.47,--,25,26175,买盘
999,14:01:30,10.47,--,52,54444,买盘
1000,14:01:27,10.47,-0.01,69,73185,卖盘
1001,14:01:24,10.48,0.01,148,155208,买盘
1002,14:01:21,10.47,--,230,240810,买盘
1003,14:01:18,10.47,0.01,102,106794,买盘
1004,14:01:15,10.46,-0.01,69,72174,卖盘
1005,14:01:09,10.47,--,28,29316,买盘
1006,14:01:06,10.47,--,2,2094,买盘
1007,14:01:03,10.47,--,20,20940,买盘
1008,14:01:00,10.47,0.01,26,27222,买盘
1009,14:00:57,10.46,-0.01,9,9414,卖盘
1010,14:00:54,10.47,--,14,14658,买盘
1011,14:00:45,10.47,--,10,10470,买盘
1012,14:00:42,10.47,--,15,15705,买盘
1013,14:00:39,10.47,--,51,53397,买盘
1014,14:00:36,10.47,0.01,1,1047,买盘
1015,14:00:33,10.46,-0.01,48,50208,卖盘
1016,14:00:30,10.47,--,77,80619,买盘
1017,14:00:27,10.47,--,1,1047,买盘
1018,14:00:24,10.47,--,1,1047,买盘
1019,14:00:21,10.47,--,15,15705,买盘
1020,14:00:18,10.47,0.01,90,94230,买盘
1021,14:00:15,10.46,--,113,118198,买盘
1022,14:00:12,10.46,0.01,10,10460,买盘
1023,14:00:09,10.45,-0.01,75,78375,卖盘
1024,14:00:06,10.46,--,52,54392,买盘
1025,14:00:03,10.46,0.01,4,4184,买盘
1026,14:00:00,10.45,--,97,101365,买盘
1027,13:59:57,10.45,0.01,64,66880,买盘
1028,13:59:54,10.44,-0.01,11,11484,卖盘
1029,13:59:51,10.45,--,67,70015,买盘
1030,13:59:48,10.45,0.01,241,251844,买盘
1031,13:59:45,10.44,-0.01,588,613872,卖盘
1032,13:59:42,10.45,--,26,27169,买盘
1033,13:59:39,10.45,--,7,7314,买盘
1034,13:59:36,10.45,--,14,14629,买盘
1035,13:59:33,10.45,--,20,20900,买盘
1036,13:59:30,10.45,--,11,11495,买盘
1037,13:59:27,10.45,--,26,27169,买盘
1038,13:59:24,10.45,--,4,4180,买盘
1039,13:59:21,10.45,--,17,17765,买盘
1040,13:59:18,10.45,--,16,16720,买盘
1041,13:59:15,10.45,--,7,7314,买盘
1042,13:59:12,10.45,--,11,11495,买盘
1043,13:59:09,10.45,--,46,48070,买盘
1044,13:59:06,10.45,--,72,75240,买盘
1045,13:59:03,10.45,--,43,44935,买盘
1046,13:59:00,10.45,--,7,7314,买盘
1047,13:58:54,10.45,--,10,10450,买盘
1048,13:58:51,10.45,--,1,1045,买盘
1049,13:58:48,10.45,0.01,19,19855,买盘
1050,13:58:45,10.44,-0.01,47,49068,卖盘
1051,13:58:42,10.45,--,1,1045,买盘
1052,13:58:39,10.45,--,53,55384,买盘
1053,13:58:36,10.45,--,2,2090,买盘
1054,13:58:33,10.45,-0.01,230,240349,卖盘
1055,13:58:30,10.46,0.01,30,31380,买盘
1056,13:58:27,10.45,0.01,1,1045,中性盘
1057,13:58:21,10.44,-0.01,470,490680,卖盘
1058,13:58:15,10.45,--,10,10450,买盘
1059,13:58:12,10.45,--,69,72105,买盘
1060,13:58:09,10.45,0.01,8,8360,买盘
1061,13:58:06,10.44,-0.01,2,2088,卖盘
1062,13:58:03,10.45,--,29,30304,买盘
1063,13:58:00,10.45,0.01,66,68970,买盘
1064,13:57:57,10.44,-0.01,13,13572,卖盘
1065,13:57:54,10.45,--,132,137940,买盘
1066,13:57:51,10.45,--,20,20900,买盘
1067,13:57:48,10.45,--,50,52250,买盘
1068,13:57:45,10.45,--,27,28214,买盘
1069,13:57:42,10.45,--,26,27169,买盘
1070,13:57:39,10.45,--,2,2090,买盘
1071,13:57:36,10.45,--,44,45980,买盘
1072,13:57:33,10.45,--,18,18810,买盘
1073,13:57:30,10.45,--,759,793155,卖盘
1074,13:57:27,10.45,-0.01,21,21945,卖盘
1075,13:57:24,10.46,--,9,9414,买盘
1076,13:57:21,10.46,--,142,148532,买盘
1077,13:57:18,10.46,--,14,14644,买盘
1078,13:57:15,10.46,--,4,4184,买盘
1079,13:57:12,10.46,0.01,66,69036,买盘
1080,13:57:09,10.45,-0.01,4,4180,卖盘
1081,13:57:06,10.46,--,31,32426,买盘
1082,13:57:03,10.46,--,10,10460,买盘
1083,13:57:00,10.46,--,13,13598,买盘
1084,13:56:57,10.46,--,1,1046,买盘
1085,13:56:54,10.46,-0.01,39,40794,卖盘
1086,13:56:51,10.47,0.01,21,21987,买盘
1087,13:56:48,10.46,--,14,14644,卖盘
1088,13:56:45,10.46,-0.01,1,1046,卖盘
1089,13:56:42,10.47,0.01,14,14658,买盘
1090,13:56:39,10.46,-0.01,23,24058,卖盘
1091,13:56:36,10.47,--,150,157050,买盘
1092,13:56:30,10.47,--,8,8376,买盘
1093,13:56:27,10.47,--,10,10470,买盘
1094,13:56:24,10.47,--,4,4188,买盘
1095,13:56:21,10.47,--,6,6282,买盘
1096,13:56:18,10.47,--,1,1047,买盘
1097,13:56:15,10.47,--,599,627153,买盘
1098,13:56:12,10.47,0.01,9,9423,买盘
1099,13:56:09,10.46,--,16,16736,卖盘
1100,13:56:06,10.46,-0.01,2,2092,卖盘
1101,13:56:03,10.47,--,515,539205,买盘
1102,13:56:00,10.47,--,17,17799,买盘
1103,13:55:57,10.47,--,47,49209,买盘
1104,13:55:54,10.47,--,40,42822,卖盘
1105,13:55:51,10.47,--,8,8376,卖盘
1106,13:55:48,10.47,-0.01,1,1047,卖盘
1107,13:55:45,10.48,0.01,1,1048,买盘
1108,13:55:42,10.47,--,13,13715,买盘
1109,13:55:39,10.47,--,4,4188,买盘
1110,13:55:36,10.47,--,36,37692,买盘
1111,13:55:33,10.47,--,4,4188,买盘
1112,13:55:30,10.47,0.01,34,35598,买盘
1113,13:55:27,10.46,-0.01,2,2092,卖盘
1114,13:55:24,10.47,--,16,16752,买盘
1115,13:55:21,10.47,0.01,7,7329,中性盘
1116,13:55:18,10.46,-0.01,83,86880,卖盘
1117,13:55:15,10.47,0.01,32,33504,卖盘
1118,13:55:12,10.46,-0.02,341,356686,卖盘
1119,13:55:09,10.48,0.01,27,28296,买盘
1120,13:55:06,10.47,0.01,3,3141,买盘
1121,13:55:03,10.46,-0.02,33,34518,卖盘
1122,13:55:00,10.48,--,6,6288,买盘
1123,13:54:57,10.48,0.02,2,2096,买盘
1124,13:54:54,10.46,-0.01,40,41840,卖盘
1125,13:54:51,10.47,--,9,9423,买盘
1126,13:54:48,10.47,--,113,118311,买盘
1127,13:54:45,10.47,--,4,4188,买盘
1128,13:54:42,10.47,--,10,10470,买盘
1129,13:54:39,10.47,--,1,1047,买盘
1130,13:54:33,10.47,0.01,5,5235,买盘
1131,13:54:30,10.46,-0.01,4,4184,卖盘
1132,13:54:27,10.47,--,144,150768,买盘
1133,13:54:24,10.47,--,23,24081,买盘
1134,13:54:21,10.47,--,18,18846,买盘
1135,13:54:18,10.47,--,19,19893,卖盘
1136,13:54:15,10.47,-0.01,5,5235,卖盘
1137,13:54:12,10.48,0.01,32,33536,买盘
1138,13:54:09,10.47,--,447,468009,买盘
1139,13:54:06,10.47,0.01,12,12564,买盘
1140,13:54:03,10.46,-0.01,18,18828,卖盘
1141,13:54:00,10.47,--,56,58632,买盘
1142,13:53:54,10.47,--,212,221964,买盘
1143,13:53:51,10.47,--,17,17799,买盘
1144,13:53:48,10.47,--,123,128781,买盘
1145,13:53:45,10.47,--,22,23034,买盘
1146,13:53:42,10.47,--,98,102606,卖盘
1147,13:53:39,10.47,-0.01,124,129828,中性盘
1148,13:53:36,10.48,0.02,33,34584,买盘
1149,13:53:33,10.46,-0.01,140,146440,卖盘
1150,13:53:30,10.47,0.01,108,113076,买盘
1151,13:53:27,10.46,-0.01,2,2092,卖盘
1152,13:53:24,10.47,--,17,17799,买盘
1153,13:53:21,10.47,0.01,7,7329,买盘
1154,13:53:18,10.46,-0.01,7,7322,卖盘
1155,13:53:15,10.47,--,316,330852,买盘
1156,13:53:12,10.47,--,2,2094,买盘
1157,13:53:09,10.47,--,23,24081,买盘
1158,13:53:06,10.47,--,7,7329,买盘
1159,13:53:03,10.47,0.02,9,9423,买盘
1160,13:53:00,10.45,--,45,47025,卖盘
1161,13:52:57,10.45,-0.02,5,5225,卖盘
1162,13:52:54,10.47,--,2,2094,买盘
1163,13:52:51,10.47,0.01,6,6282,买盘
1164,13:52:48,10.46,0.02,43,44978,买盘
1165,13:52:45,10.44,-0.01,8,8352,卖盘
1166,13:52:42,10.45,-0.01,27,28214,卖盘
1167,13:52:36,10.46,--,3,3138,买盘
1168,13:52:33,10.46,--,7,7322,买盘
1169,13:52:30,10.46,0.02,8,8368,买盘
1170,13:52:27,10.44,--,17,17748,卖盘
1171,13:52:24,10.44,-0.01,3,3132,卖盘
1172,13:52:21,10.45,--,8,8360,买盘
1173,13:52:18,10.45,--,18,18810,买盘
1174,13:52:15,10.45,--,1,1045,买盘
1175,13:52:12,10.45,0.01,5,5225,买盘
1176,13:52:09,10.44,-0.01,4,4176,卖盘
1177,13:52:06,10.45,--,1,1045,买盘
1178,13:52:03,10.45,0.01,58,60609,买盘
1179,13:52:00,10.44,--,6,6264,卖盘
1180,13:51:57,10.44,--,424,442656,买盘
1181,13:51:54,10.44,--,3,3132,买盘
1182,13:51:51,10.44,--,177,184788,买盘
1183,13:51:48,10.44,0.01,8,8352,买盘
1184,13:51:45,10.43,-0.01,9,9387,卖盘
1185,13:51:42,10.44,--,2,2088,买盘
1186,13:51:39,10.44,--,68,70992,买盘
1187,13:51:36,10.44,--,8,8352,买盘
1188,13:51:33,10.44,--,4,4176,买盘
1189,13:51:30,10.44,--,1,1044,买盘
1190,13:51:27,10.44,0.01,491,512604,买盘
1191,13:51:24,10.43,-0.01,74,77182,卖盘
1192,13:51:21,10.44,--,3,3132,买盘
1193,13:51:18,10.44,-0.01,135,140940,卖盘
1194,13:51:15,10.45,--,1,1045,买盘
1195,13:51:12,10.45,--,3,3135,买盘
1196,13:51:09,10.45,--,7,7314,买盘
1197,13:51:06,10.45,0.02,29,30304,买盘
1198,13:51:03,10.43,-0.01,17,17731,卖盘
1199,13:51:00,10.44,--,39,40716,买盘
1200,13:50:57,10.44,--,5,5220,买盘
1201,13:50:54,10.44,--,3,3132,买盘
1202,13:50:51,10.44,--,41,42804,买盘
1203,13:50:45,10.44,0.01,22,22968,买盘
1204,13:50:42,10.43,-0.01,156,162708,卖盘
1205,13:50:39,10.44,--,37,38628,买盘
1206,13:50:36,10.44,--,32,33408,卖盘
1207,13:50:27,10.44,-0.01,200,208800,卖盘
1208,13:50:21,10.45,--,70,73150,卖盘
1209,13:50:18,10.45,0.01,35,36575,卖盘
1210,13:50:15,10.44,--,233,243252,卖盘
1211,13:50:12,10.44,--,20,20880,卖盘
1212,13:50:09,10.44,--,7,7308,卖盘
1213,13:50:06,10.44,-0.02,44,45936,卖盘
1214,13:50:00,10.46,--,11,11506,买盘
1215,13:49:57,10.46,0.02,33,34518,买盘
1216,13:49:54,10.44,--,82,85608,卖盘
1217,13:49:51,10.44,-0.01,37,38628,卖盘
1218,13:49:48,10.45,-0.01,31,32394,中性盘
1219,13:49:45,10.46,0.02,24,25104,买盘
1220,13:49:42,10.44,-0.01,12,12528,卖盘
1221,13:49:39,10.45,0.01,8,8360,买盘
1222,13:49:36,10.44,-0.02,33,35067,卖盘
1223,13:49:33,10.46,--,1,1046,买盘
1224,13:49:30,10.46,--,9,9414,买盘
1225,13:49:27,10.46,--,245,256270,买盘
1226,13:49:24,10.46,0.01,1,1046,买盘
1227,13:49:21,10.45,--,40,41800,卖盘
1228,13:49:18,10.45,-0.01,2,2090,卖盘
1229,13:49:15,10.46,0.01,9,9414,买盘
1230,13:49:12,10.45,--,36,37620,卖盘
1231,13:49:09,10.45,-0.01,23,24035,卖盘
1232,13:49:06,10.46,0.01,9,9414,买盘
1233,13:49:03,10.45,-0.01,16,16720,卖盘
1234,13:48:57,10.46,--,25,26150,买盘
1235,13:48:54,10.46,--,6,6276,买盘
1236,13:48:51,10.46,--,1,1046,买盘
1237,13:48:48,10.46,--,6,6276,买盘
1238,13:48:42,10.46,0.01,25,26150,买盘
1239,13:48:39,10.45,-0.01,185,193325,卖盘
1240,13:48:36,10.46,--,9,9414,买盘
1241,13:48:33,10.46,--,1,1046,买盘
1242,13:48:30,10.46,-0.01,297,311582,卖盘
1243,13:48:27,10.47,--,3,3141,买盘
1244,13:48:24,10.47,--,1,1047,买盘
1245,13:48:21,10.47,--,30,31410,买盘
1246,13:48:18,10.47,--,7,7329,买盘
1247,13:48:15,10.47,--,24,25128,买盘
1248,13:48:12,10.47,0.01,1,1047,买盘
1249,13:48:09,10.46,-0.01,3,3138,卖盘
1250,13:48:06,10.47,--,22,23159,买盘
1251,13:48:03,10.47,0.01,2,2094,买盘
1252,13:48:00,10.46,-0.01,10,10460,卖盘
1253,13:47:57,10.47,--,5,5235,买盘
1254,13:47:54,10.47,--,5,5235,买盘
1255,13:47:51,10.47,--,6,6282,买盘
1256,13:47:45,10.47,0.01,10,10470,买盘
1257,13:47:42,10.46,--,17,17782,卖盘
1258,13:47:39,10.46,-0.01,56,58576,卖盘
1259,13:47:33,10.47,--,31,32457,买盘
1260,13:47:30,10.47,--,1,1047,买盘
1261,13:47:21,10.47,--,6,6282,买盘
1262,13:47:18,10.47,--,10,10470,买盘
1263,13:47:15,10.47,--,14,14658,买盘
1264,13:47:12,10.47,--,26,27222,买盘
1265,13:47:09,10.47,--,3,3141,买盘
1266,13:47:06,10.47,--,2,2094,买盘
1267,13:47:03,10.47,0.01,22,23034,买盘
1268,13:47:00,10.46,--,103,107738,卖盘
1269,13:46:57,10.46,-0.01,107,111922,卖盘
1270,13:46:54,10.47,--,5,5235,买盘
1271,13:46:51,10.47,--,9,9423,买盘
1272,13:46:45,10.47,0.01,4,4188,买盘
1273,13:46:39,10.46,-0.01,100,104600,卖盘
1274,13:46:36,10.47,--,16,16752,买盘
1275,13:46:33,10.47,--,16,16752,买盘
1276,13:46:27,10.47,--,103,107841,买盘
1277,13:46:24,10.47,--,7,7329,买盘
1278,13:46:18,10.47,--,7,7329,买盘
1279,13:46:15,10.47,--,7,7329,买盘
1280,13:46:12,10.47,--,14,14658,买盘
1281,13:46:09,10.47,0.01,20,20940,买盘
1282,13:46:06,10.46,-0.01,103,107738,卖盘
1283,13:46:03,10.47,--,2,2094,买盘
1284,13:46:00,10.47,--,1,1047,买盘
1285,13:45:57,10.47,--,8,8376,买盘
1286,13:45:54,10.47,0.01,2,2094,买盘
1287,13:45:51,10.46,-0.01,1,1046,卖盘
1288,13:45:48,10.47,-0.01,17,18741,卖盘
1289,13:45:45,10.48,--,10,10480,买盘
1290,13:45:42,10.48,--,1,1048,买盘
1291,13:45:39,10.48,--,2,2096,买盘
1292,13:45:36,10.48,0.01,19,20016,买盘
1293,13:45:33,10.47,-0.01,21,22929,卖盘
1294,13:45:27,10.48,0.01,2,2096,买盘
1295,13:45:21,10.47,-0.01,102,106794,卖盘
1296,13:45:15,10.48,--,11,11528,买盘
1297,13:45:12,10.48,--,1,1048,买盘
1298,13:45:09,10.48,--,60,62880,买盘
1299,13:45:06,10.48,--,11,11528,买盘
1300,13:45:03,10.48,--,3,3144,买盘
1301,13:45:00,10.48,--,4,4192,买盘
1302,13:44:51,10.48,-0.01,7,7336,中性盘
1303,13:44:45,10.49,--,115,120635,买盘
1304,13:44:42,10.49,--,95,99655,买盘
1305,13:44:39,10.49,--,211,221339,买盘
1306,13:44:36,10.49,--,2,2098,买盘
1307,13:44:33,10.49,--,18,18882,买盘
1308,13:44:30,10.49,--,107,112243,买盘
1309,13:44:24,10.49,--,3,3147,买盘
1310,13:44:21,10.49,--,15,15735,买盘
1311,13:44:18,10.49,--,5,5245,买盘
1312,13:44:12,10.49,--,41,43009,买盘
1313,13:44:09,10.49,0.01,33,34721,买盘
1314,13:44:06,10.48,-0.01,11,11528,卖盘
1315,13:44:03,10.49,--,321,336729,买盘
1316,13:44:00,10.49,0.01,416,436384,买盘
1317,13:43:57,10.48,--,25,26200,买盘
1318,13:43:54,10.48,--,3,3144,买盘
1319,13:43:48,10.48,--,3,3144,买盘
1320,13:43:45,10.48,--,6,6288,买盘
1321,13:43:36,10.48,--,54,56592,卖盘
1322,13:43:33,10.48,-0.01,9,9432,卖盘
1323,13:43:30,10.49,--,195,204555,买盘
1324,13:43:27,10.49,--,6,6294,买盘
1325,13:43:21,10.49,0.01,1,1049,买盘
1326,13:43:15,10.48,--,31,32488,买盘
1327,13:43:12,10.48,--,2,2096,买盘
1328,13:43:09,10.48,0.01,8,8384,买盘
1329,13:43:06,10.47,-0.01,45,47115,卖盘
1330,13:43:03,10.48,--,2,2096,买盘
1331,13:43:00,10.48,--,28,29344,买盘
1332,13:42:57,10.48,--,4,4192,买盘
1333,13:42:54,10.48,--,1,1048,买盘
1334,13:42:51,10.48,--,1,1048,买盘
1335,13:42:48,10.48,0.01,3,3144,买盘
1336,13:42:45,10.47,--,90,94230,卖盘
1337,13:42:36,10.47,-0.01,21,21987,卖盘
1338,13:42:33,10.48,0.01,161,168728,买盘
1339,13:42:30,10.47,0.01,258,270126,买盘
1340,13:42:27,10.46,-0.01,1,1046,卖盘
1341,13:42:21,10.47,--,21,21987,买盘
1342,13:42:18,10.47,--,6,6282,买盘
1343,13:42:15,10.47,--,30,31410,买盘
1344,13:42:12,10.47,--,6,6282,买盘
1345,13:42:09,10.47,0.01,1,1047,买盘
1346,13:42:06,10.46,--,5,5230,卖盘
1347,13:42:03,10.46,-0.01,19,19874,卖盘
1348,13:41:57,10.47,--,5,5235,买盘
1349,13:41:54,10.47,0.01,7,7329,买盘
1350,13:41:51,10.46,-0.01,18,18828,卖盘
1351,13:41:48,10.47,0.02,105,110364,买盘
1352,13:41:45,10.45,--,21,21945,买盘
1353,13:41:42,10.45,--,1,1045,买盘
1354,13:41:39,10.45,-0.01,469,490104,卖盘
1355,13:41:36,10.46,0.01,2,2092,买盘
1356,13:41:33,10.45,-0.01,117,122264,卖盘
1357,13:41:27,10.46,--,26,27196,买盘
1358,13:41:24,10.46,--,121,126566,买盘
1359,13:41:21,10.46,0.01,38,39748,买盘
1360,13:41:18,10.45,-0.01,41,42845,卖盘
1361,13:41:15,10.46,0.01,502,525092,买盘
1362,13:41:12,10.45,--,15,15674,卖盘
1363,13:41:09,10.45,0.01,35,36575,买盘
1364,13:41:06,10.44,-0.02,4,4176,卖盘
1365,13:41:03,10.46,--,1,1046,买盘
1366,13:41:00,10.46,--,9,9414,买盘
1367,13:40:57,10.46,--,14,14644,买盘
1368,13:40:54,10.46,--,9,9414,买盘
1369,13:40:51,10.46,--,7,7322,买盘
1370,13:40:48,10.46,0.02,215,224890,买盘
1371,13:40:45,10.44,-0.01,2,2088,卖盘
1372,13:40:42,10.45,--,6,6270,买盘
1373,13:40:39,10.45,--,32,33440,买盘
1374,13:40:36,10.45,0.01,54,56429,买盘
1375,13:40:33,10.44,-0.01,1,1044,卖盘
1376,13:40:30,10.45,0.01,2,2090,买盘
1377,13:40:27,10.44,--,155,161820,买盘
1378,13:40:24,10.44,0.01,1,1044,买盘
1379,13:40:21,10.43,--,46,47978,卖盘
1380,13:40:18,10.43,--,17,17731,卖盘
1381,13:40:15,10.43,--,1,1043,卖盘
1382,13:40:12,10.43,-0.01,31,32333,卖盘
1383,13:40:09,10.44,0.01,40,41760,买盘
1384,13:40:06,10.43,-0.01,6,6258,卖盘
1385,13:40:03,10.44,0.01,25,26100,买盘
1386,13:40:00,10.43,-0.01,186,193998,卖盘
1387,13:39:57,10.44,--,16,16704,买盘
1388,13:39:54,10.44,--,3,3132,买盘
1389,13:39:48,10.44,--,30,31320,买盘
1390,13:39:45,10.44,--,86,89784,买盘
1391,13:39:42,10.44,--,3,3132,买盘
1392,13:39:33,10.44,--,1,1044,买盘
1393,13:39:30,10.44,0.01,8,8352,买盘
1394,13:39:27,10.43,--,37,38591,卖盘
1395,13:39:24,10.43,-0.01,513,535059,卖盘
1396,13:39:21,10.44,0.01,44,45936,买盘
1397,13:39:18,10.43,--,4,4172,卖盘
1398,13:39:15,10.43,-0.01,1,1043,卖盘
1399,13:39:12,10.44,--,6,6264,买盘
1400,13:39:09,10.44,--,17,17748,买盘
1401,13:39:06,10.44,-0.02,42,43848,卖盘
1402,13:39:03,10.46,0.01,75,78450,买盘
1403,13:38:57,10.45,0.02,17,17765,买盘
1404,13:38:54,10.43,-0.01,248,258664,卖盘
1405,13:38:51,10.44,--,2,2088,买盘
1406,13:38:48,10.44,0.01,55,57420,卖盘
1407,13:38:45,10.43,-0.02,2,2086,卖盘
1408,13:38:42,10.45,0.02,19,19855,买盘
1409,13:38:39,10.43,-0.02,107,111601,卖盘
1410,13:38:33,10.45,0.01,65,67925,买盘
1411,13:38:27,10.44,--,26,27144,卖盘
1412,13:38:24,10.44,-0.01,8,8352,卖盘
1413,13:38:21,10.45,0.02,99,103643,买盘
1414,13:38:18,10.43,--,55,57365,卖盘
1415,13:38:15,10.43,-0.01,111,115773,卖盘
1416,13:38:12,10.44,--,5,5220,买盘
1417,13:38:09,10.44,0.01,29,30276,买盘
1418,13:38:06,10.43,--,44,45892,卖盘
1419,13:38:03,10.43,-0.01,54,56322,卖盘
1420,13:38:00,10.44,--,77,80388,买盘
1421,13:37:57,10.44,--,12,12528,买盘
1422,13:37:54,10.44,--,20,20880,买盘
1423,13:37:51,10.44,0.01,23,24012,买盘
1424,13:37:48,10.43,-0.01,17,17731,卖盘
1425,13:37:45,10.44,--,303,316332,买盘
1426,13:37:42,10.44,--,17,17748,买盘
1427,13:37:39,10.44,--,29,30276,买盘
1428,13:37:36,10.44,--,50,52200,买盘
1429,13:37:33,10.44,--,8,8352,买盘
1430,13:37:30,10.44,--,6,6264,买盘
1431,13:37:27,10.44,0.01,13,13572,买盘
1432,13:37:24,10.43,--,15,15645,卖盘
1433,13:37:21,10.43,-0.01,75,78225,卖盘
1434,13:37:18,10.44,--,5,5220,买盘
1435,13:37:12,10.44,--,4,4176,买盘
1436,13:37:09,10.44,0.01,190,198360,买盘
1437,13:37:06,10.43,-0.01,8,8344,卖盘
1438,13:37:03,10.44,--,3,3132,买盘
1439,13:37:00,10.44,--,6,6264,买盘
1440,13:36:57,10.44,-0.01,150,157508,卖盘
1441,13:36:54,10.45,--,242,253673,买盘
1442,13:36:51,10.45,--,5,5225,买盘
1443,13:36:48,10.45,0.01,10,10450,买盘
1444,13:36:45,10.44,-0.01,12,12528,卖盘
1445,13:36:42,10.45,0.01,2,2090,买盘
1446,13:36:39,10.44,-0.01,8,8352,卖盘
1447,13:36:36,10.45,--,5,5225,买盘
1448,13:36:33,10.45,--,54,56429,买盘
1449,13:36:30,10.45,0.01,5,5225,买盘
1450,13:36:27,10.44,-0.01,31,32364,卖盘
1451,13:36:24,10.45,--,40,41800,买盘
1452,13:36:21,10.45,--,58,60609,买盘
1453,13:36:18,10.45,--,20,20900,买盘
1454,13:36:15,10.45,--,94,98230,买盘
1455,13:36:09,10.45,0.01,47,49115,买盘
1456,13:36:06,10.44,-0.01,4,4176,卖盘
1457,13:36:00,10.45,--,4,4180,买盘
1458,13:35:57,10.45,--,5,5225,买盘
1459,13:35:54,10.45,--,12,12540,买盘
1460,13:35:51,10.45,--,14,14629,买盘
1461,13:35:48,10.45,0.01,2,2090,买盘
1462,13:35:45,10.44,--,16,16704,卖盘
1463,13:35:42,10.44,-0.01,29,30276,卖盘
1464,13:35:39,10.45,--,12,12540,买盘
1465,13:35:36,10.45,0.01,6,6270,买盘
1466,13:35:33,10.44,-0.01,167,174348,卖盘
1467,13:35:30,10.45,--,14,14629,买盘
1468,13:35:27,10.45,--,15,15674,买盘
1469,13:35:24,10.45,--,2,2090,买盘
1470,13:35:21,10.45,--,11,11495,买盘
1471,13:35:18,10.45,--,28,29259,买盘
1472,13:35:15,10.45,--,18,18810,买盘
1473,13:35:12,10.45,--,5,5225,买盘
1474,13:35:09,10.45,-0.01,33,35488,卖盘
1475,13:35:06,10.46,--,6,6276,买盘
1476,13:35:03,10.46,--,29,30334,买盘
1477,13:35:00,10.46,--,90,94140,买盘
1478,13:34:57,10.46,--,44,46024,买盘
1479,13:34:54,10.46,--,2,2092,买盘
1480,13:34:51,10.46,0.01,9,9414,买盘
1481,13:34:48,10.45,--,145,151525,卖盘
1482,13:34:42,10.45,-0.01,9,9405,卖盘
1483,13:34:39,10.46,0.01,2,2092,买盘
1484,13:34:36,10.45,-0.01,1,1045,卖盘
1485,13:34:33,10.46,--,22,23012,买盘
1486,13:34:30,10.46,0.01,356,372595,买盘
1487,13:34:27,10.45,--,10,10450,买盘
1488,13:34:24,10.45,--,2,2090,买盘
1489,13:34:21,10.45,0.01,19,19855,买盘
1490,13:34:18,10.44,-0.01,56,58464,卖盘
1491,13:34:12,10.45,--,1,1045,买盘
1492,13:34:09,10.45,--,3,3135,买盘
1493,13:34:06,10.45,-0.01,84,88783,卖盘
1494,13:34:00,10.46,--,8,8368,买盘
1495,13:33:57,10.46,--,4,4184,买盘
1496,13:33:54,10.46,--,16,16777,买盘
1497,13:33:51,10.46,--,2,2092,买盘
1498,13:33:48,10.46,0.01,3,3138,买盘
1499,13:33:45,10.45,-0.01,104,108679,卖盘
1500,13:33:42,10.46,--,7,7322,买盘
1501,13:33:39,10.46,--,22,23012,买盘
1502,13:33:36,10.46,--,5,5230,买盘
1503,13:33:33,10.46,0.01,1,1046,买盘
1504,13:33:30,10.45,--,9,9405,卖盘
1505,13:33:24,10.45,--,66,68970,卖盘
1506,13:33:21,10.45,--,25,26125,卖盘
1507,13:33:18,10.45,--,50,52250,卖盘
1508,13:33:15,10.45,-0.01,58,60609,卖盘
1509,13:33:12,10.46,--,5,5230,买盘
1510,13:33:09,10.46,0.01,1,1046,买盘
1511,13:33:06,10.45,-0.01,15,15674,卖盘
1512,13:33:03,10.46,--,39,40794,买盘
1513,13:33:00,10.46,--,67,70082,买盘
1514,13:32:57,10.46,--,5,5230,买盘
1515,13:32:54,10.46,--,15,15690,买盘
1516,13:32:51,10.46,--,10,10460,买盘
1517,13:32:48,10.46,--,16,16736,买盘
1518,13:32:42,10.46,0.01,88,92267,买盘
1519,13:32:39,10.45,0.01,85,88825,买盘
1520,13:32:36,10.44,-0.01,114,119016,卖盘
1521,13:32:33,10.45,0.01,91,95095,买盘
1522,13:32:30,10.44,--,136,141984,买盘
1523,13:32:27,10.44,--,170,177480,卖盘
1524,13:32:24,10.44,-0.01,421,439524,卖盘
1525,13:32:21,10.45,--,87,90915,买盘
1526,13:32:18,10.45,--,171,178695,买盘
1527,13:32:15,10.45,--,110,114949,买盘
1528,13:32:12,10.45,--,8,8360,买盘
1529,13:32:09,10.45,0.02,3,3135,买盘
1530,13:32:06,10.43,-0.02,14,14602,卖盘
1531,13:32:03,10.45,0.01,45,47025,买盘
1532,13:32:00,10.44,--,87,90828,买盘
1533,13:31:57,10.44,--,66,68904,买盘
1534,13:31:54,10.44,-0.01,82,85879,卖盘
1535,13:31:51,10.45,0.01,3,3135,买盘
1536,13:31:48,10.44,--,62,65500,买盘
1537,13:31:45,10.44,0.01,9,9396,买盘
1538,13:31:42,10.43,-0.01,9,9387,卖盘
1539,13:31:39,10.44,--,17,17748,买盘
1540,13:31:36,10.44,0.01,6,6264,买盘
1541,13:31:33,10.43,-0.01,33,34419,卖盘
1542,13:31:30,10.44,--,8,8352,买盘
1543,13:31:27,10.44,--,11,11484,买盘
1544,13:31:24,10.44,--,2,2088,买盘
1545,13:31:21,10.44,0.01,60,62640,买盘
1546,13:31:18,10.43,--,47,49021,卖盘
1547,13:31:15,10.43,--,15,15645,卖盘
1548,13:31:12,10.43,--,6,6258,卖盘
1549,13:31:09,10.43,-0.01,88,91784,卖盘
1550,13:31:06,10.44,0.01,28,29232,买盘
1551,13:31:03,10.43,--,55,57365,卖盘
1552,13:31:00,10.43,--,1017,1060731,卖盘
1553,13:30:57,10.43,-0.01,158,164794,卖盘
1554,13:30:54,10.44,-0.01,271,282924,卖盘
1555,13:30:51,10.45,--,12,12540,买盘
1556,13:30:48,10.45,0.01,9,9405,买盘
1557,13:30:45,10.44,-0.01,232,242208,卖盘
1558,13:30:42,10.45,--,24,25080,买盘
1559,13:30:39,10.45,0.01,53,55384,买盘
1560,13:30:36,10.44,-0.01,33,34452,卖盘
1561,13:30:33,10.45,--,94,98230,卖盘
1562,13:30:30,10.45,-0.01,800,836000,卖盘
1563,13:30:27,10.46,--,11,11506,买盘
1564,13:30:24,10.46,--,10,10460,买盘
1565,13:30:21,10.46,--,25,26150,买盘
1566,13:30:18,10.46,--,7,7322,买盘
1567,13:30:15,10.46,--,21,21966,买盘
1568,13:30:12,10.46,--,20,20920,卖盘
1569,13:30:09,10.46,0.01,59,61714,买盘
1570,13:30:06,10.45,-0.01,79,82555,卖盘
1571,13:30:03,10.46,--,68,71128,买盘
1572,13:30:00,10.46,0.01,46,48116,买盘
1573,13:29:57,10.45,-0.01,10,10450,卖盘
1574,13:29:54,10.46,--,17,17782,买盘
1575,13:29:51,10.46,--,20,20920,买盘
1576,13:29:48,10.46,-0.01,43,44978,买盘
1577,13:29:42,10.47,--,92,96324,买盘
1578,13:29:39,10.47,0.01,1642,1719174,买盘
1579,13:29:36,10.46,--,6,6276,卖盘
1580,13:29:33,10.46,-0.01,24,25104,卖盘
1581,13:29:30,10.47,--,51,53397,买盘
1582,13:29:27,10.47,--,20,20940,买盘
1583,13:29:24,10.47,--,10,10470,买盘
1584,13:29:21,10.47,-0.01,297,310959,卖盘
1585,13:29:18,10.48,--,50,52400,买盘
1586,13:29:15,10.48,--,245,256760,买盘
1587,13:29:09,10.48,--,13,13624,买盘
1588,13:29:06,10.48,--,26,27248,买盘
1589,13:29:03,10.48,--,12,12576,买盘
1590,13:29:00,10.48,--,11,11528,买盘
1591,13:28:57,10.48,--,235,246280,买盘
1592,13:28:54,10.48,--,42,44016,买盘
1593,13:28:51,10.48,--,24,25152,买盘
1594,13:28:48,10.48,--,54,56592,买盘
1595,13:28:45,10.48,0.01,4,4192,买盘
1596,13:28:42,10.47,-0.01,13,13611,卖盘
1597,13:28:39,10.48,--,9,9432,买盘
1598,13:28:36,10.48,0.01,51,53448,买盘
1599,13:28:33,10.47,-0.01,700,732900,卖盘
1600,13:28:30,10.48,--,14,14672,买盘
1601,13:28:27,10.48,--,2,2777,卖盘
1602,13:28:24,10.48,-0.01,227,238189,卖盘
1603,13:28:21,10.49,0.01,4,4196,买盘
1604,13:28:18,10.48,--,7,7336,卖盘
1605,13:28:15,10.48,-0.01,17,17816,卖盘
1606,13:28:12,10.49,--,19,19931,买盘
1607,13:28:09,10.49,0.01,1,1049,买盘
1608,13:28:06,10.48,-0.01,7,7336,卖盘
1609,13:28:03,10.49,--,56,58744,买盘
1610,13:27:54,10.49,--,1,1049,买盘
1611,13:27:51,10.49,--,3,3147,买盘
1612,13:27:48,10.49,0.01,2,2098,买盘
1613,13:27:45,10.48,-0.01,24,25152,卖盘
1614,13:27:42,10.49,--,345,361905,买盘
1615,13:27:36,10.49,--,9,9441,买盘
1616,13:27:33,10.49,0.01,2,2098,买盘
1617,13:27:27,10.48,--,22,23056,卖盘
1618,13:27:24,10.48,-0.01,24,25152,卖盘
1619,13:27:21,10.49,0.01,11,11539,买盘
1620,13:27:18,10.48,--,2,2096,卖盘
1621,13:27:15,10.48,--,25,26200,卖盘
1622,13:27:12,10.48,-0.01,520,544960,卖盘
1623,13:27:09,10.49,--,1,1049,买盘
1624,13:27:06,10.49,--,8,8392,买盘
1625,13:26:57,10.49,--,2,2098,买盘
1626,13:26:51,10.49,0.01,82,86018,中性盘
1627,13:26:48,10.48,-0.01,1360,1425353,卖盘
1628,13:26:45,10.49,--,1,1049,卖盘
1629,13:26:42,10.49,-0.01,8,8392,卖盘
1630,13:26:36,10.5,--,9,9450,买盘
1631,13:26:30,10.5,0.01,44,46200,买盘
1632,13:26:27,10.49,-0.01,2,2098,卖盘
1633,13:26:21,10.5,0.01,5,5250,买盘
1634,13:26:18,10.49,-0.01,2,2098,卖盘
1635,13:26:12,10.5,-0.01,92,97114,卖盘
1636,13:26:09,10.51,0.01,47,49397,买盘
1637,13:26:06,10.5,--,96,100800,卖盘
1638,13:26:03,10.5,-0.01,1029,1080450,卖盘
1639,13:26:00,10.51,--,4,4204,买盘
1640,13:25:54,10.51,--,6,6306,买盘
1641,13:25:51,10.51,0.01,57,59907,买盘
1642,13:25:45,10.5,--,5,5250,卖盘
1643,13:25:42,10.5,--,68,71400,卖盘
1644,13:25:39,10.5,--,3,3150,卖盘
1645,13:25:36,10.5,-0.01,4,4200,卖盘
1646,13:25:33,10.51,0.01,150,157650,买盘
1647,13:25:27,10.5,-0.01,7,7350,卖盘
1648,13:25:24,10.51,-0.01,3,3153,中性盘
1649,13:25:18,10.52,0.02,43,45236,买盘
1650,13:25:15,10.5,-0.02,113,118650,卖盘
1651,13:25:09,10.52,0.02,1,1052,买盘
1652,13:25:06,10.5,-0.02,7,7350,卖盘
1653,13:25:03,10.52,--,5,5260,买盘
1654,13:24:51,10.52,--,7,7364,买盘
1655,13:24:48,10.52,0.02,29,30508,买盘
1656,13:24:45,10.5,-0.01,1,1050,卖盘
1657,13:24:42,10.51,0.01,5,5255,中性盘
1658,13:24:36,10.5,-0.01,17,17850,卖盘
1659,13:24:33,10.51,-0.01,1,1051,中性盘
1660,13:24:30,10.52,0.01,77,81004,买盘
1661,13:24:27,10.51,0.01,4,4204,买盘
1662,13:24:24,10.5,-0.01,20,21000,卖盘
1663,13:24:21,10.51,0.01,70,73570,买盘
1664,13:24:09,10.5,-0.01,211,221550,卖盘
1665,13:24:06,10.51,--,160,168160,买盘
1666,13:24:00,10.51,--,256,269592,买盘
1667,13:23:57,10.51,--,6,6306,买盘
1668,13:23:54,10.51,--,21,22974,卖盘
1669,13:23:51,10.51,--,27,28377,卖盘
1670,13:23:48,10.51,--,26,27326,卖盘
1671,13:23:45,10.51,-0.01,47,49397,卖盘
1672,13:23:42,10.52,0.01,50,52600,买盘
1673,13:23:39,10.51,--,219,230169,卖盘
1674,13:23:36,10.51,--,10,10510,卖盘
1675,13:23:33,10.51,-0.01,56,59801,卖盘
1676,13:23:30,10.52,0.01,13,13676,买盘
1677,13:23:27,10.51,-0.01,60,63060,卖盘
1678,13:23:24,10.52,0.01,10,10520,买盘
1679,13:23:12,10.51,-0.01,15,15765,卖盘
1680,13:23:09,10.52,0.01,79,83108,买盘
1681,13:23:06,10.51,-0.01,2,2102,卖盘
1682,13:23:03,10.52,--,3,3156,买盘
1683,13:23:00,10.52,0.01,51,53652,买盘
1684,13:22:57,10.51,-0.01,15,15765,卖盘
1685,13:22:54,10.52,0.01,42,44184,买盘
1686,13:22:51,10.51,-0.01,18,18918,卖盘
1687,13:22:48,10.52,0.01,4,4208,买盘
1688,13:22:45,10.51,-0.01,3,3153,卖盘
1689,13:22:36,10.52,0.01,4,4208,买盘
1690,13:22:33,10.51,--,4,4204,卖盘
1691,13:22:30,10.51,--,62,65162,卖盘
1692,13:22:27,10.51,--,5,5255,卖盘
1693,13:22:24,10.51,--,7,7357,卖盘
1694,13:22:21,10.51,-0.01,10,10510,卖盘
1695,13:22:18,10.52,--,52,54704,买盘
1696,13:22:12,10.52,--,1,1052,买盘
1697,13:22:09,10.52,--,1,1052,买盘
1698,13:22:06,10.52,0.01,6,6312,买盘
1699,13:22:03,10.51,-0.01,2,2102,卖盘
1700,13:22:00,10.52,0.01,43,45236,买盘
1701,13:21:57,10.51,--,0,273,卖盘
1702,13:21:54,10.51,--,6,6306,卖盘
1703,13:21:51,10.51,--,31,32581,卖盘
1704,13:21:48,10.51,-0.01,7,7357,卖盘
1705,13:21:45,10.52,--,54,56808,买盘
1706,13:21:42,10.52,0.01,105,110460,买盘
1707,13:21:36,10.51,--,11,11561,卖盘
1708,13:21:33,10.51,-0.01,52,54652,卖盘
1709,13:21:30,10.52,--,7,7364,买盘
1710,13:21:27,10.52,--,11,11572,买盘
1711,13:21:24,10.52,--,4,4208,买盘
1712,13:21:21,10.52,--,8,8416,买盘
1713,13:21:15,10.52,0.01,8,8416,买盘
1714,13:21:12,10.51,-0.01,8,8408,卖盘
1715,13:21:09,10.52,0.01,12,12624,买盘
1716,13:21:06,10.51,--,254,266954,卖盘
1717,13:21:03,10.51,-0.01,0,851,卖盘
1718,13:21:00,10.52,--,10,10520,买盘
1719,13:20:57,10.52,0.01,4,4208,买盘
1720,13:20:51,10.51,-0.01,15,15765,卖盘
1721,13:20:45,10.52,0.01,13,13676,买盘
1722,13:20:42,10.51,-0.01,44,46244,卖盘
1723,13:20:36,10.52,0.01,13,13676,买盘
1724,13:20:33,10.51,-0.01,5,5255,卖盘
1725,13:20:30,10.52,--,39,41028,买盘
1726,13:20:24,10.52,--,6,6312,买盘
1727,13:20:15,10.52,--,12,12624,买盘
1728,13:20:09,10.52,--,9,9468,买盘
1729,13:20:03,10.52,--,2,2104,买盘
1730,13:19:57,10.52,--,148,155696,卖盘
1731,13:19:54,10.52,-0.01,200,210400,卖盘
1732,13:19:51,10.53,--,1,1053,买盘
1733,13:19:45,10.53,--,1,1053,买盘
1734,13:19:42,10.53,--,6,6318,买盘
1735,13:19:39,10.53,--,24,25272,买盘
1736,13:19:36,10.53,-0.01,38,40014,卖盘
1737,13:19:33,10.54,-0.01,163,172487,卖盘
1738,13:19:30,10.55,0.01,4,4220,买盘
1739,13:19:24,10.54,-0.01,9,9486,卖盘
1740,13:19:18,10.55,--,45,47475,买盘
1741,13:19:12,10.55,--,4,4220,买盘
1742,13:19:09,10.55,0.01,1,1055,买盘
1743,13:19:03,10.54,0.01,59,62554,买盘
1744,13:19:00,10.53,-0.01,11,11583,中性盘
1745,13:18:54,10.54,--,10,10540,买盘
1746,13:18:51,10.54,--,1,1054,买盘
1747,13:18:45,10.54,--,4,4216,买盘
1748,13:18:42,10.54,--,4,4216,买盘
1749,13:18:39,10.54,--,8,8432,买盘
1750,13:18:36,10.54,--,13,13701,买盘
1751,13:18:33,10.54,--,114,120155,买盘
1752,13:18:24,10.54,--,9,9486,买盘
1753,13:18:15,10.54,--,6,6323,买盘
1754,13:18:12,10.54,0.02,1,1054,买盘
1755,13:18:09,10.52,--,68,71536,买盘
1756,13:18:06,10.52,--,59,62068,买盘
1757,13:18:03,10.52,--,42,44184,买盘
1758,13:18:00,10.52,--,5,5260,买盘
1759,13:17:57,10.52,--,1,1052,买盘
1760,13:17:51,10.52,--,4,4208,买盘
1761,13:17:48,10.52,--,41,43132,买盘
1762,13:17:45,10.52,-0.02,250,263000,卖盘
1763,13:17:39,10.54,--,9,9486,买盘
1764,13:17:33,10.54,--,7,7377,买盘
1765,13:17:30,10.54,--,3,3161,买盘
1766,13:17:27,10.54,--,4,4216,买盘
1767,13:17:24,10.54,--,1,1054,买盘
1768,13:17:18,10.54,--,29,30565,买盘
1769,13:17:09,10.54,--,9,9486,买盘
1770,13:17:06,10.54,--,85,89590,买盘
1771,13:17:03,10.54,--,1,1054,买盘
1772,13:17:00,10.54,0.01,5,5270,买盘
1773,13:16:54,10.53,--,49,51597,买盘
1774,13:16:51,10.53,-0.01,2,2106,中性盘
1775,13:16:48,10.54,--,4,4216,买盘
1776,13:16:36,10.54,--,4,4216,买盘
1777,13:16:24,10.54,--,3,3161,买盘
1778,13:16:21,10.54,0.02,38,40052,买盘
1779,13:16:18,10.52,-0.02,2,2104,卖盘
1780,13:16:15,10.54,--,4,4216,买盘
1781,13:16:12,10.54,--,1,1054,买盘
1782,13:16:09,10.54,--,1,1054,买盘
1783,13:16:06,10.54,--,4,4216,买盘
1784,13:16:03,10.54,--,3,3161,买盘
1785,13:15:57,10.54,--,8,8432,买盘
1786,13:15:54,10.54,--,6,6323,买盘
1787,13:15:48,10.54,--,10,10540,买盘
1788,13:15:45,10.54,--,4,4216,买盘
1789,13:15:42,10.54,--,230,242419,买盘
1790,13:15:39,10.54,0.02,290,305660,买盘
1791,13:15:33,10.52,--,2,2104,买盘
1792,13:15:30,10.52,--,4,4208,买盘
1793,13:15:27,10.52,--,10,10520,买盘
1794,13:15:24,10.52,--,5,5260,买盘
1795,13:15:21,10.52,--,4,4208,买盘
1796,13:15:12,10.52,--,23,24196,买盘
1797,13:15:09,10.52,--,15,15780,买盘
1798,13:15:06,10.52,--,5,5260,买盘
1799,13:15:03,10.52,-0.01,114,120611,卖盘
1800,13:14:57,10.53,--,4,4212,买盘
1801,13:14:54,10.53,0.01,6,6318,买盘
1802,13:14:51,10.52,--,21,22092,卖盘
1803,13:14:48,10.52,--,3,3156,卖盘
1804,13:14:45,10.52,--,17,17884,卖盘
1805,13:14:42,10.52,-0.01,146,153592,卖盘
1806,13:14:33,10.53,0.01,44,46332,买盘
1807,13:14:27,10.52,-0.01,22,23144,卖盘
1808,13:14:21,10.53,0.01,7,7371,买盘
1809,13:14:18,10.52,-0.01,2,2104,卖盘
1810,13:14:15,10.53,--,34,35802,买盘
1811,13:14:12,10.53,--,7,7371,买盘
1812,13:14:09,10.53,--,1,1053,买盘
1813,13:14:03,10.53,--,23,24219,买盘
1814,13:13:57,10.53,--,2,2106,买盘
1815,13:13:54,10.53,--,5,5265,买盘
1816,13:13:51,10.53,--,4,4212,买盘
1817,13:13:48,10.53,--,1,1053,买盘
1818,13:13:42,10.53,--,4,4212,买盘
1819,13:13:39,10.53,0.01,18,18954,买盘
1820,13:13:33,10.52,-0.01,1,1052,卖盘
1821,13:13:30,10.53,--,4,4212,买盘
1822,13:13:27,10.53,0.01,8,8424,买盘
1823,13:13:21,10.52,-0.01,10,10520,卖盘
1824,13:13:18,10.53,--,48,50544,买盘
1825,13:13:15,10.53,--,8,8424,买盘
1826,13:13:09,10.53,--,5,5265,买盘
1827,13:12:57,10.53,0.01,96,101456,买盘
1828,13:12:54,10.52,--,1,1052,买盘
1829,13:12:51,10.52,--,3,3156,买盘
1830,13:12:48,10.52,--,4,4208,买盘
1831,13:12:45,10.52,0.01,2,2104,买盘
1832,13:12:42,10.51,-0.01,10,10510,卖盘
1833,13:12:39,10.52,--,28,29456,买盘
1834,13:12:36,10.52,--,7,7364,买盘
1835,13:12:33,10.52,--,3,3156,买盘
1836,13:12:27,10.52,--,4,4271,买盘
1837,13:12:24,10.52,--,104,109408,买盘
1838,13:12:18,10.52,--,1,1052,买盘
1839,13:12:15,10.52,--,20,21040,买盘
1840,13:12:09,10.52,--,5,5260,买盘
1841,13:12:06,10.52,--,40,42080,买盘
1842,13:12:03,10.52,0.01,13,13676,买盘
1843,13:12:00,10.51,-0.01,12,12612,卖盘
1844,13:11:57,10.52,--,101,106252,卖盘
1845,13:11:54,10.52,-0.01,40,42080,卖盘
1846,13:11:51,10.53,--,1,1053,买盘
1847,13:11:48,10.53,0.01,1,1053,买盘
1848,13:11:42,10.52,--,62,65224,卖盘
1849,13:11:39,10.52,-0.01,134,140968,卖盘
1850,13:11:36,10.53,-0.01,62,65285,卖盘
1851,13:11:33,10.54,0.01,2,2108,买盘
1852,13:11:30,10.53,--,3,3159,卖盘
1853,13:11:27,10.53,-0.01,5,5265,卖盘
1854,13:11:24,10.54,--,5,5270,买盘
1855,13:11:18,10.54,--,1,1054,买盘
1856,13:11:15,10.54,-0.01,14,14861,卖盘
1857,13:11:09,10.55,--,1,1055,买盘
1858,13:11:03,10.55,0.01,1,1055,买盘
1859,13:10:57,10.54,--,10,10540,卖盘
1860,13:10:54,10.54,0.01,20,22028,买盘
1861,13:10:51,10.53,-0.01,1,1053,卖盘
1862,13:10:48,10.54,--,18,18972,买盘
1863,13:10:45,10.54,--,2,2108,买盘
1864,13:10:39,10.54,--,2,2108,买盘
1865,13:10:36,10.54,--,5,5270,买盘
1866,13:10:33,10.54,--,6,6323,买盘
1867,13:10:18,10.54,--,1,1054,买盘
1868,13:10:15,10.54,--,11,11593,买盘
1869,13:10:12,10.54,--,74,77996,买盘
1870,13:10:09,10.54,0.01,1,1054,买盘
1871,13:10:06,10.53,-0.01,2,2106,卖盘
1872,13:10:03,10.54,--,7,7377,买盘
1873,13:09:57,10.54,--,14,14755,买盘
1874,13:09:54,10.54,--,13,13701,买盘
1875,13:09:51,10.54,-0.01,23,24241,卖盘
1876,13:09:48,10.55,--,7,7385,买盘
1877,13:09:42,10.55,--,47,49585,买盘
1878,13:09:36,10.55,--,10,10550,买盘
1879,13:09:33,10.55,--,1,1055,买盘
1880,13:09:30,10.55,--,11,11605,买盘
1881,13:09:21,10.55,--,15,15825,买盘
1882,13:09:18,10.55,--,3,3165,买盘
1883,13:09:12,10.55,--,48,50640,买盘
1884,13:09:09,10.55,--,1,1055,买盘
1885,13:09:06,10.55,0.03,115,121325,买盘
1886,13:09:00,10.52,-0.03,20,21040,卖盘
1887,13:08:51,10.55,--,11,11605,买盘
1888,13:08:48,10.55,--,42,44310,买盘
1889,13:08:45,10.55,--,84,88620,买盘
1890,13:08:36,10.55,--,6,6330,买盘
1891,13:08:33,10.55,--,6,6330,买盘
1892,13:08:30,10.55,--,42,44310,买盘
1893,13:08:27,10.55,--,10,10550,买盘
1894,13:08:24,10.55,--,6,6330,买盘
1895,13:08:18,10.55,0.03,20,21100,买盘
1896,13:08:15,10.52,-0.02,15,15780,卖盘
1897,13:08:09,10.54,--,1,1054,买盘
1898,13:08:06,10.54,--,19,20026,买盘
1899,13:08:03,10.54,-0.01,1,1054,中性盘
1900,13:07:57,10.55,0.01,91,96005,买盘
1901,13:07:54,10.54,--,3,3161,买盘
1902,13:07:51,10.54,--,8,8432,买盘
1903,13:07:48,10.54,--,43,45321,买盘
1904,13:07:45,10.54,0.03,13,13701,买盘
1905,13:07:42,10.51,-0.04,2,2102,卖盘
1906,13:07:39,10.55,--,16,16880,买盘
1907,13:07:36,10.55,0.01,88,92840,买盘
1908,13:07:33,10.54,0.01,86,90643,买盘
1909,13:07:30,10.53,0.02,27,28431,买盘
1910,13:07:27,10.51,-0.03,53,55703,卖盘
1911,13:07:24,10.54,0.01,67,70618,买盘
1912,13:07:21,10.53,--,39,41067,买盘
1913,13:07:18,10.53,0.01,144,151632,买盘
1914,13:07:15,10.52,--,80,84160,买盘
1915,13:07:12,10.52,--,37,38924,买盘
1916,13:07:09,10.52,--,1,1052,买盘
1917,13:07:06,10.52,--,4,4208,买盘
1918,13:07:03,10.52,--,22,23144,买盘
1919,13:06:54,10.52,--,9,9468,买盘
1920,13:06:51,10.52,--,46,48392,买盘
1921,13:06:48,10.52,0.01,14,14728,买盘
1922,13:06:42,10.51,--,10,10510,卖盘
1923,13:06:36,10.51,-0.01,15,15765,卖盘
1924,13:06:33,10.52,-0.01,40,42080,买盘
1925,13:06:30,10.53,--,1,1053,买盘
1926,13:06:18,10.53,0.02,14,14742,买盘
1927,13:06:15,10.51,--,100,105100,卖盘
1928,13:06:12,10.51,--,12,12612,卖盘
1929,13:06:09,10.51,-0.02,37,38887,卖盘
1930,13:06:06,10.53,--,204,215443,卖盘
1931,13:06:03,10.53,0.02,168,177325,买盘
1932,13:06:00,10.51,-0.01,4,4204,卖盘
1933,13:05:57,10.52,0.01,18,18936,买盘
1934,13:05:54,10.51,-0.01,31,32581,卖盘
1935,13:05:51,10.52,-0.01,27,28404,卖盘
1936,13:05:48,10.53,0.02,48,50544,买盘
1937,13:05:42,10.51,-0.01,3,3153,卖盘
1938,13:05:39,10.52,--,10,10520,买盘
1939,13:05:33,10.52,--,7,7364,卖盘
1940,13:05:27,10.52,-0.01,8,8416,卖盘
1941,13:05:24,10.53,--,1,1053,买盘
1942,13:05:21,10.53,0.02,15,15794,买盘
1943,13:05:18,10.51,--,4,4204,卖盘
1944,13:05:12,10.51,-0.01,1,1166,卖盘
1945,13:05:09,10.52,--,1,1052,买盘
1946,13:05:03,10.52,0.01,4,4208,买盘
1947,13:04:54,10.51,--,23,24173,买盘
1948,13:04:51,10.51,--,5,5255,买盘
1949,13:04:48,10.51,--,36,37836,买盘
1950,13:04:45,10.51,--,7,7357,买盘
1951,13:04:42,10.51,0.01,13,13663,买盘
1952,13:04:39,10.5,-0.01,3,3150,卖盘
1953,13:04:36,10.51,0.01,27,28377,买盘
1954,13:04:33,10.5,-0.01,13,13650,卖盘
1955,13:04:30,10.51,0.01,27,28377,买盘
1956,13:04:27,10.5,-0.01,2,2100,卖盘
1957,13:04:24,10.51,--,20,21020,买盘
1958,13:04:21,10.51,--,7,7357,买盘
1959,13:04:18,10.51,--,26,27326,买盘
1960,13:04:15,10.51,--,16,16816,买盘
1961,13:04:12,10.51,--,4,4204,买盘
1962,13:04:09,10.51,--,2,2102,买盘
1963,13:04:06,10.51,0.01,4,4204,买盘
1964,13:04:00,10.5,-0.01,1,1050,卖盘
1965,13:03:57,10.51,0.01,3,3153,买盘
1966,13:03:54,10.5,-0.01,5,5250,卖盘
1967,13:03:51,10.51,0.01,23,24173,买盘
1968,13:03:48,10.5,--,36,37800,卖盘
1969,13:03:45,10.5,-0.01,7,7350,卖盘
1970,13:03:42,10.51,--,48,50448,买盘
1971,13:03:36,10.51,--,6,6306,买盘
1972,13:03:33,10.51,0.01,9,9459,买盘
1973,13:03:30,10.5,-0.01,22,23100,卖盘
1974,13:03:27,10.51,--,193,202843,买盘
1975,13:03:24,10.51,0.01,1,1051,买盘
1976,13:03:21,10.5,-0.01,3,3150,卖盘
1977,13:03:18,10.51,--,63,66213,买盘
1978,13:03:15,10.51,-0.01,303,319346,卖盘
1979,13:03:09,10.52,0.01,8,8416,买盘
1980,13:03:06,10.51,--,11,11561,卖盘
1981,13:03:00,10.51,--,1,1051,卖盘
1982,13:02:57,10.51,-0.01,10,10510,卖盘
1983,13:02:54,10.52,--,1,1052,买盘
1984,13:02:48,10.52,--,3,3156,买盘
1985,13:02:45,10.52,--,18,18936,买盘
1986,13:02:42,10.52,0.01,4,4208,买盘
1987,13:02:36,10.51,--,1,1051,卖盘
1988,13:02:33,10.51,-0.01,8,8408,卖盘
1989,13:02:30,10.52,0.01,41,43132,买盘
1990,13:02:27,10.51,-0.01,1,1051,卖盘
1991,13:02:24,10.52,0.01,5,5260,买盘
1992,13:02:21,10.51,--,28,29428,卖盘
1993,13:02:18,10.51,--,255,268005,卖盘
1994,13:02:15,10.51,-0.01,2,2102,卖盘
1995,13:02:12,10.52,--,14,14728,买盘
1996,13:02:09,10.52,0.01,6,6312,买盘
1997,13:02:06,10.51,--,5,5255,卖盘
1998,13:02:03,10.51,-0.01,38,39938,卖盘
1999,13:01:57,10.52,0.01,5,5260,买盘
2000,13:01:54,10.51,-0.01,1,1051,卖盘
2001,13:01:51,10.52,--,5,5260,买盘
2002,13:01:48,10.52,0.01,5,5260,买盘
2003,13:01:45,10.51,--,2,2102,卖盘
2004,13:01:42,10.51,--,17,17867,卖盘
2005,13:01:39,10.51,-0.01,80,84080,卖盘
2006,13:01:36,10.52,--,717,754441,买盘
2007,13:01:27,10.52,--,25,26300,买盘
2008,13:01:24,10.52,--,182,191464,卖盘
2009,13:01:21,10.52,-0.01,4,4208,卖盘
2010,13:01:18,10.53,0.01,56,58968,买盘
2011,13:01:15,10.52,-0.01,107,112564,卖盘
2012,13:01:12,10.53,--,17,17901,买盘
2013,13:01:09,10.53,--,6,6318,买盘
2014,13:00:57,10.53,--,1,1053,买盘
2015,13:00:54,10.53,--,3,3159,买盘
2016,13:00:48,10.53,--,1,1053,买盘
2017,13:00:42,10.53,--,2,2106,买盘
2018,13:00:39,10.53,--,6,6318,买盘
2019,13:00:36,10.53,--,18,18954,买盘
2020,13:00:30,10.53,--,5,5265,买盘
2021,13:00:27,10.53,--,7,7371,买盘
2022,13:00:24,10.53,0.01,1,1053,买盘
2023,13:00:21,10.52,-0.01,1,1052,卖盘
2024,13:00:18,10.53,--,6,6318,买盘
2025,13:00:15,10.53,0.01,15,15794,买盘
2026,13:00:12,10.52,-0.01,3,3156,卖盘
2027,13:00:09,10.53,--,110,115830,买盘
2028,13:00:06,10.53,-0.01,104,109512,中性盘
2029,13:00:03,10.54,0.01,203,213961,买盘
2030,13:00:00,10.53,--,0,0,卖盘
2031,11:30:00,10.53,-0.01,24,25272,卖盘
2032,11:29:57,10.54,--,17,17918,买盘
2033,11:29:54,10.54,--,9,9486,买盘
2034,11:29:48,10.54,--,14,14755,买盘
2035,11:29:45,10.54,--,7,7377,买盘
2036,11:29:42,10.54,--,5,5270,买盘
2037,11:29:36,10.54,-0.01,8,8432,卖盘
2038,11:29:33,10.55,--,12,12660,买盘
2039,11:29:30,10.55,0.01,26,27430,买盘
2040,11:29:24,10.54,--,4,4216,买盘
2041,11:29:21,10.54,-0.01,1,1054,卖盘
2042,11:29:15,10.55,0.01,29,30595,买盘
2043,11:29:12,10.54,--,56,59023,买盘
2044,11:29:09,10.54,0.01,1,1054,买盘
2045,11:29:06,10.53,-0.01,4,4212,卖盘
2046,11:29:03,10.54,--,4,4216,买盘
2047,11:28:57,10.54,--,4,4216,买盘
2048,11:28:54,10.54,--,42,44268,买盘
2049,11:28:51,10.54,--,26,27403,买盘
2050,11:28:48,10.54,-0.01,4,4216,中性盘
2051,11:28:39,10.55,--,89,93895,买盘
2052,11:28:33,10.55,--,2,2110,买盘
2053,11:28:30,10.55,0.02,4,4220,买盘
2054,11:28:27,10.53,-0.02,3,3159,卖盘
2055,11:28:18,10.55,--,4,4220,买盘
2056,11:28:15,10.55,--,15,15825,买盘
2057,11:28:12,10.55,--,3,3165,买盘
2058,11:28:09,10.55,--,1,1055,买盘
2059,11:28:06,10.55,-0.01,32,33760,卖盘
2060,11:28:03,10.56,0.01,63,66528,买盘
2061,11:27:51,10.55,0.02,146,154093,买盘
2062,11:27:48,10.53,--,100,105300,买盘
2063,11:27:45,10.53,-0.02,37,39950,卖盘
2064,11:27:42,10.55,--,89,93958,买盘
2065,11:27:36,10.55,--,100,105500,买盘
2066,11:27:33,10.55,--,80,84400,买盘
2067,11:27:27,10.55,--,14,14770,买盘
2068,11:27:24,10.55,--,20,21100,买盘
2069,11:27:21,10.55,--,4,4220,买盘
2070,11:27:15,10.55,--,5,5275,买盘
2071,11:27:12,10.55,--,96,101280,买盘
2072,11:27:09,10.55,--,1,1055,买盘
2073,11:27:03,10.55,--,4,4220,买盘
2074,11:27:00,10.55,--,19,20045,买盘
2075,11:26:54,10.55,--,4,4220,买盘
2076,11:26:48,10.55,-0.01,79,83345,买盘
2077,11:26:42,10.56,0.01,50,52800,买盘
2078,11:26:39,10.55,--,105,110775,买盘
2079,11:26:36,10.55,--,2,2110,买盘
2080,11:26:30,10.55,0.02,59,62245,买盘
2081,11:26:27,10.53,-0.02,27,28431,中性盘
2082,11:26:21,10.55,0.02,97,102335,买盘
2083,11:26:18,10.53,--,4,4212,买盘
2084,11:26:15,10.53,--,189,199017,买盘
2085,11:26:12,10.53,-0.02,21,22113,卖盘
2086,11:26:09,10.55,--,81,85455,买盘
2087,11:26:06,10.55,-0.01,23,24265,买盘
2088,11:26:03,10.56,0.01,21,22176,买盘
2089,11:26:00,10.55,--,62,65410,买盘
2090,11:25:57,10.55,--,7,7385,买盘
2091,11:25:54,10.55,0.02,37,39035,买盘
2092,11:25:51,10.53,-0.02,26,27378,卖盘
2093,11:25:48,10.55,--,2,2110,买盘
2094,11:25:45,10.55,--,5,5275,买盘
2095,11:25:39,10.55,0.01,55,58025,买盘
2096,11:25:36,10.54,--,85,89590,买盘
2097,11:25:33,10.54,--,4,4216,买盘
2098,11:25:30,10.54,-0.01,28,29511,卖盘
2099,11:25:27,10.55,--,18,18990,买盘
2100,11:25:24,10.55,--,26,27430,买盘
2101,11:25:21,10.55,--,10,10550,买盘
2102,11:25:18,10.55,--,50,52750,买盘
2103,11:25:15,10.55,--,20,21100,买盘
2104,11:25:09,10.55,--,1,1055,买盘
2105,11:25:03,10.55,--,4,4220,买盘
2106,11:24:57,10.55,--,9,9495,买盘
2107,11:24:51,10.55,--,3,3165,买盘
2108,11:24:48,10.55,-0.01,1,1055,中性盘
2109,11:24:39,10.56,--,58,61248,买盘
2110,11:24:36,10.56,0.01,84,88704,买盘
2111,11:24:33,10.55,--,1,1055,买盘
2112,11:24:27,10.55,--,289,304895,买盘
2113,11:24:21,10.55,--,8,8440,买盘
2114,11:24:15,10.55,--,1,1055,买盘
2115,11:24:09,10.55,--,5,5275,买盘
2116,11:24:06,10.55,--,45,47475,买盘
2117,11:23:57,10.55,--,48,50640,买盘
2118,11:23:54,10.55,0.02,14,14770,买盘
2119,11:23:51,10.53,-0.02,2,2106,卖盘
2120,11:23:48,10.55,-0.01,8,8440,中性盘
2121,11:23:42,10.56,--,1,1056,买盘
2122,11:23:39,10.56,0.03,40,42240,买盘
2123,11:23:36,10.53,-0.02,11,11709,中性盘
2124,11:23:33,10.55,0.03,104,109720,买盘
2125,11:23:30,10.52,-0.03,11,11572,卖盘
2126,11:23:27,10.55,--,4,4220,买盘
2127,11:23:21,10.55,--,1,1055,买盘
2128,11:23:15,10.55,--,1,1055,买盘
2129,11:23:12,10.55,--,5,5275,买盘
2130,11:23:06,10.55,--,25,26375,买盘
2131,11:23:03,10.55,0.03,90,94950,买盘
2132,11:23:00,10.52,-0.03,9,9468,卖盘
2133,11:22:57,10.55,--,4,4220,买盘
2134,11:22:54,10.55,--,40,42200,买盘
2135,11:22:51,10.55,--,15,15825,买盘
2136,11:22:48,10.55,0.03,1,1055,买盘
2137,11:22:45,10.52,--,1,1052,卖盘
2138,11:22:42,10.52,--,2,2104,卖盘
2139,11:22:39,10.52,-0.03,84,88368,卖盘
2140,11:22:36,10.55,--,89,93895,买盘
2141,11:22:33,10.55,0.03,123,129765,买盘
2142,11:22:30,10.52,-0.01,276,290352,卖盘
2143,11:22:27,10.53,0.01,4,4212,买盘
2144,11:22:24,10.52,-0.01,19,19988,卖盘
2145,11:22:21,10.53,0.01,86,90558,买盘
2146,11:22:18,10.52,-0.01,2,2104,卖盘
2147,11:22:15,10.53,--,1,1053,买盘
2148,11:22:12,10.53,--,9,9477,买盘
2149,11:22:09,10.53,--,48,50544,买盘
2150,11:22:06,10.53,-0.01,21,22113,卖盘
2151,11:22:03,10.54,-0.01,17,17918,买盘
2152,11:22:00,10.55,0.01,174,183570,买盘
2153,11:21:57,10.54,--,19,20026,买盘
2154,11:21:54,10.54,--,56,59023,买盘
2155,11:21:51,10.54,--,27,28457,买盘
2156,11:21:48,10.54,--,1,1054,买盘
2157,11:21:45,10.54,0.01,2,2108,买盘
2158,11:21:42,10.53,-0.01,23,24219,买盘
2159,11:21:39,10.54,0.02,103,108561,买盘
2160,11:21:36,10.52,-0.01,11,11572,中性盘
2161,11:21:33,10.53,0.01,47,49491,买盘
2162,11:21:30,10.52,--,108,113616,买盘
2163,11:21:27,10.52,--,7,7364,买盘
2164,11:21:24,10.52,0.01,33,34716,买盘
2165,11:21:21,10.51,-0.01,14,14714,卖盘
2166,11:21:18,10.52,--,93,97836,买盘
2167,11:21:15,10.52,--,7,7364,买盘
2168,11:21:12,10.52,0.01,57,59964,买盘
2169,11:21:09,10.51,-0.01,44,46244,卖盘
2170,11:21:06,10.52,--,28,29456,买盘
2171,11:21:03,10.52,--,47,49444,买盘
2172,11:21:00,10.52,--,63,66276,买盘
2173,11:20:57,10.52,--,256,269312,买盘
2174,11:20:54,10.52,-0.01,179,188308,卖盘
2175,11:20:51,10.53,--,10,10530,买盘
2176,11:20:48,10.53,--,13,13689,买盘
2177,11:20:39,10.53,-0.01,86,91547,卖盘
2178,11:20:36,10.54,--,130,137083,买盘
2179,11:20:33,10.54,0.01,104,109615,买盘
2180,11:20:30,10.53,0.01,5,5265,中性盘
2181,11:20:27,10.52,--,105,110460,中性盘
2182,11:20:21,10.52,--,11,11572,买盘
2183,11:20:15,10.52,0.01,41,43132,买盘
2184,11:20:12,10.51,-0.01,92,96692,卖盘
2185,11:20:09,10.52,0.01,90,94680,买盘
2186,11:20:06,10.51,-0.01,1,1051,卖盘
2187,11:20:03,10.52,0.01,5,5260,买盘
2188,11:20:00,10.51,-0.01,9,9459,卖盘
2189,11:19:57,10.52,--,90,94680,买盘
2190,11:19:54,10.52,--,40,42080,买盘
2191,11:19:51,10.52,--,144,151488,买盘
2192,11:19:48,10.52,0.01,11,11572,买盘
2193,11:19:45,10.51,-0.01,8,8408,卖盘
2194,11:19:42,10.52,--,5,5260,买盘
2195,11:19:39,10.52,0.01,12,12624,买盘
2196,11:19:36,10.51,--,59,62009,卖盘
2197,11:19:33,10.51,-0.01,229,240679,卖盘
2198,11:19:30,10.52,--,155,163060,买盘
2199,11:19:27,10.52,0.01,115,120980,买盘
2200,11:19:24,10.51,-0.01,1,1051,卖盘
2201,11:19:21,10.52,--,18,18936,买盘
2202,11:19:18,10.52,-0.01,89,93628,卖盘
2203,11:19:15,10.53,0.01,1,1053,买盘
2204,11:19:12,10.52,0.01,43,45236,买盘
2205,11:19:09,10.51,--,19,19969,卖盘
2206,11:19:00,10.51,-0.01,100,105100,卖盘
2207,11:18:57,10.52,0.01,29,30508,买盘
2208,11:18:51,10.51,-0.01,5,5255,卖盘
2209,11:18:48,10.52,--,1,1052,买盘
2210,11:18:45,10.52,--,31,32612,买盘
2211,11:18:42,10.52,-0.01,5,5260,中性盘
2212,11:18:36,10.53,--,5,5265,买盘
2213,11:18:33,10.53,0.01,197,207441,买盘
2214,11:18:30,10.52,--,35,36820,买盘
2215,11:18:27,10.52,0.01,115,120980,买盘
2216,11:18:24,10.51,-0.01,10,10510,卖盘
2217,11:18:18,10.52,--,8,8416,买盘
2218,11:18:15,10.52,--,48,50496,买盘
2219,11:18:12,10.52,--,246,258792,买盘
2220,11:18:09,10.52,--,433,455516,卖盘
2221,11:18:06,10.52,-0.02,44,46288,卖盘
2222,11:18:03,10.54,--,4,4216,买盘
2223,11:17:57,10.54,--,1,1054,买盘
2224,11:17:54,10.54,--,43,45321,买盘
2225,11:17:51,10.54,0.01,9,9486,买盘
2226,11:17:48,10.53,--,8,8424,买盘
2227,11:17:45,10.53,-0.01,27,28431,卖盘
2228,11:17:42,10.54,--,4,4216,中性盘
2229,11:17:30,10.54,-0.01,54,56915,买盘
2230,11:17:24,10.55,--,90,94950,买盘
2231,11:17:21,10.55,--,4,4220,买盘
2232,11:17:18,10.55,--,1,1055,买盘
2233,11:17:15,10.55,0.03,1,1055,买盘
2234,11:17:12,10.52,-0.03,12,12624,卖盘
2235,11:17:09,10.55,--,1,1055,买盘
2236,11:17:06,10.55,--,4,4220,买盘
2237,11:17:00,10.55,--,78,82290,买盘
2238,11:16:57,10.55,--,4,4220,买盘
2239,11:16:54,10.55,0.03,38,40090,买盘
2240,11:16:51,10.52,--,2,2104,卖盘
2241,11:16:48,10.52,-0.03,15,15780,卖盘
2242,11:16:45,10.55,0.03,4,4220,买盘
2243,11:16:42,10.52,-0.03,10,10520,卖盘
2244,11:16:39,10.55,0.03,2,2110,买盘
2245,11:16:36,10.52,-0.02,86,90472,卖盘
2246,11:16:33,10.54,--,4,4216,买盘
2247,11:16:30,10.54,0.01,52,54807,买盘
2248,11:16:27,10.53,--,5,5265,买盘
2249,11:16:24,10.53,--,86,90558,买盘
2250,11:16:21,10.53,--,6,6318,买盘
2251,11:16:18,10.53,--,3,3159,买盘
2252,11:16:15,10.53,--,1,1053,买盘
2253,11:16:12,10.53,0.01,5,5265,买盘
2254,11:16:09,10.52,--,5,5260,买盘
2255,11:16:00,10.52,-0.01,11,11572,卖盘
2256,11:15:57,10.53,--,6,6318,买盘
2257,11:15:54,10.53,--,15,15794,买盘
2258,11:15:51,10.53,--,9,9477,买盘
2259,11:15:48,10.53,--,25,26325,买盘
2260,11:15:45,10.53,--,66,69498,买盘
2261,11:15:42,10.53,--,45,47385,买盘
2262,11:15:39,10.53,--,11,11583,买盘
2263,11:15:36,10.53,--,4,4212,买盘
2264,11:15:30,10.53,--,5,5265,买盘
2265,11:15:27,10.53,--,4,4212,买盘
2266,11:15:24,10.53,--,63,66339,买盘
2267,11:15:21,10.53,--,108,113724,买盘
2268,11:15:18,10.53,--,401,422253,买盘
2269,11:15:15,10.53,--,1,1053,买盘
2270,11:15:12,10.53,--,2,2106,买盘
2271,11:15:09,10.53,0.01,8,8424,买盘
2272,11:15:06,10.52,-0.01,33,34716,卖盘
2273,11:15:03,10.53,--,16,16848,买盘
2274,11:15:00,10.53,--,4,4212,买盘
2275,11:14:57,10.53,--,9,9477,买盘
2276,11:14:54,10.53,--,71,74763,买盘
2277,11:14:48,10.53,0.01,4,4212,买盘
2278,11:14:45,10.52,--,29,30508,卖盘
2279,11:14:42,10.52,-0.01,3,3156,卖盘
2280,11:14:39,10.53,0.01,64,67392,买盘
2281,11:14:36,10.52,-0.01,10,10520,卖盘
2282,11:14:33,10.53,-0.01,66,70477,卖盘
2283,11:14:30,10.54,0.01,47,49537,买盘
2284,11:14:27,10.53,--,73,76869,卖盘
2285,11:14:24,10.53,-0.01,9,9477,卖盘
2286,11:14:21,10.54,0.01,84,88536,买盘
2287,11:14:15,10.53,-0.01,21,22113,卖盘
2288,11:14:12,10.54,0.01,189,199205,买盘
2289,11:14:09,10.53,--,53,55809,卖盘
2290,11:14:06,10.53,-0.01,2,2106,卖盘
2291,11:14:03,10.54,--,10,10540,买盘
2292,11:13:57,10.54,0.01,6,6323,买盘
2293,11:13:54,10.53,--,8,8424,卖盘
2294,11:13:51,10.53,-0.01,48,50544,卖盘
2295,11:13:48,10.54,-0.01,33,34782,卖盘
2296,11:13:45,10.55,0.02,48,50640,买盘
2297,11:13:39,10.53,-0.02,6,6318,卖盘
2298,11:13:36,10.55,0.01,49,52686,买盘
2299,11:13:33,10.54,--,25,26349,卖盘
2300,11:13:27,10.54,-0.01,74,77996,卖盘
2301,11:13:24,10.55,--,28,29540,买盘
2302,11:13:21,10.55,--,131,138268,买盘
2303,11:13:18,10.55,--,47,49585,买盘
2304,11:13:15,10.55,--,4,4220,买盘
2305,11:13:12,10.55,--,1,1055,买盘
2306,11:13:09,10.55,--,1,1055,买盘
2307,11:13:06,10.55,0.01,2,2110,买盘
2308,11:13:03,10.54,-0.01,7,7377,卖盘
2309,11:13:00,10.55,--,2,2110,买盘
2310,11:12:57,10.55,--,46,48530,买盘
2311,11:12:54,10.55,-0.01,17,17935,卖盘
2312,11:12:48,10.56,0.01,45,47520,买盘
2313,11:12:45,10.55,--,18,18990,卖盘
2314,11:12:42,10.55,--,13,13715,卖盘
2315,11:12:39,10.55,-0.01,50,52750,卖盘
2316,11:12:36,10.56,0.01,12,12672,买盘
2317,11:12:33,10.55,-0.01,2,2110,卖盘
2318,11:12:24,10.56,--,43,45408,买盘
2319,11:12:21,10.56,--,3,3168,买盘
2320,11:12:18,10.56,0.01,98,103488,买盘
2321,11:12:15,10.55,--,139,146645,买盘
2322,11:12:12,10.55,--,319,336545,买盘
2323,11:12:09,10.55,-0.01,100,105500,卖盘
2324,11:12:06,10.56,--,47,49632,买盘
2325,11:12:03,10.56,--,1,1056,买盘
2326,11:11:57,10.56,--,9,9504,买盘
2327,11:11:54,10.56,0.01,36,38016,买盘
2328,11:11:51,10.55,-0.01,3,3165,卖盘
2329,11:11:48,10.56,--,2,2112,买盘
2330,11:11:45,10.56,--,48,50688,买盘
2331,11:11:42,10.56,--,2,2112,买盘
2332,11:11:39,10.56,--,4,4224,买盘
2333,11:11:36,10.56,--,1,1056,买盘
2334,11:11:33,10.56,--,89,93984,买盘
2335,11:11:30,10.56,-0.01,11,11616,卖盘
2336,11:11:24,10.57,--,2,2114,买盘
2337,11:11:21,10.57,--,53,56021,买盘
2338,11:11:18,10.57,--,94,99358,买盘
2339,11:11:15,10.57,0.02,21,22197,买盘
2340,11:11:12,10.55,-0.02,2,2110,卖盘
2341,11:11:09,10.57,--,101,106757,买盘
2342,11:10:57,10.57,--,1,1057,买盘
2343,11:10:54,10.57,0.02,47,49679,买盘
2344,11:10:51,10.55,-0.01,21,22155,卖盘
2345,11:10:48,10.56,-0.01,11,11616,卖盘
2346,11:10:45,10.57,--,4,4228,买盘
2347,11:10:36,10.57,--,3,3171,买盘
2348,11:10:33,10.57,--,11,11627,买盘
2349,11:10:30,10.57,--,3,3171,买盘
2350,11:10:27,10.57,--,41,43337,买盘
2351,11:10:18,10.57,0.01,96,101472,买盘
2352,11:10:15,10.56,0.01,1,1056,买盘
2353,11:10:12,10.55,-0.01,26,27430,卖盘
2354,11:10:09,10.56,0.01,6,6336,买盘
2355,11:10:00,10.55,-0.02,11,11605,卖盘
2356,11:09:57,10.57,0.02,2,2114,买盘
2357,11:09:54,10.55,--,3,3165,卖盘
2358,11:09:51,10.55,-0.02,18,18990,卖盘
2359,11:09:48,10.57,--,1,1057,买盘
2360,11:09:45,10.57,--,28,29596,买盘
2361,11:09:42,10.57,--,53,56021,买盘
2362,11:09:39,10.57,0.01,122,128954,买盘
2363,11:09:36,10.56,--,11,11616,卖盘
2364,11:09:33,10.56,--,15,15840,卖盘
2365,11:09:30,10.56,--,45,47520,卖盘
2366,11:09:27,10.56,-0.01,26,27456,卖盘
2367,11:09:24,10.57,0.01,18,19026,买盘
2368,11:09:21,10.56,-0.01,90,95040,卖盘
2369,11:09:18,10.57,--,13,13741,买盘
2370,11:09:15,10.57,0.02,79,83503,买盘
2371,11:09:12,10.55,--,71,74905,买盘
2372,11:09:09,10.55,--,22,23210,买盘
2373,11:09:06,10.55,--,8,8440,买盘
2374,11:09:03,10.55,--,12,12660,买盘
2375,11:09:00,10.55,--,103,108665,买盘
2376,11:08:57,10.55,--,11,11605,买盘
2377,11:08:54,10.55,0.01,8,8440,买盘
2378,11:08:51,10.54,-0.01,15,15809,卖盘
2379,11:08:48,10.55,-0.02,88,92840,卖盘
2380,11:08:45,10.57,--,4,4228,买盘
2381,11:08:42,10.57,--,77,81389,买盘
2382,11:08:39,10.57,--,2,2114,买盘
2383,11:08:33,10.57,--,11,11627,买盘
2384,11:08:30,10.57,-0.01,48,50736,买盘
2385,11:08:27,10.58,0.05,23,24334,买盘
2386,11:08:24,10.53,-0.01,90,94770,卖盘
2387,11:08:21,10.54,--,25,26349,买盘
2388,11:08:18,10.54,--,141,148614,买盘
2389,11:08:15,10.54,--,10,10540,卖盘
2390,11:08:12,10.54,-0.01,89,93805,卖盘
2391,11:08:09,10.55,-0.02,32,33760,买盘
2392,11:08:03,10.57,0.02,79,83503,买盘
2393,11:08:00,10.55,--,24,25320,买盘
2394,11:07:57,10.55,--,33,34815,买盘
2395,11:07:54,10.55,0.01,6,6330,买盘
2396,11:07:51,10.54,--,59,62185,卖盘
2397,11:07:48,10.54,-0.02,372,392087,卖盘
2398,11:07:45,10.56,--,97,102432,买盘
2399,11:07:42,10.56,--,51,53856,买盘
2400,11:07:39,10.56,--,29,30624,买盘
2401,11:07:36,10.56,--,5,5280,买盘
2402,11:07:33,10.56,--,95,100320,买盘
2403,11:07:30,10.56,--,10,10560,买盘
2404,11:07:27,10.56,--,4,4224,买盘
2405,11:07:24,10.56,0.01,89,93984,买盘
2406,11:07:21,10.55,--,76,80180,卖盘
2407,11:07:18,10.55,--,37,39035,买盘
2408,11:07:15,10.55,0.02,4,4220,买盘
2409,11:07:12,10.53,--,110,115830,卖盘
2410,11:07:09,10.53,-0.02,222,233766,卖盘
2411,11:07:06,10.55,-0.02,4,4220,买盘
2412,11:07:03,10.57,0.01,91,96187,买盘
2413,11:07:00,10.56,0.02,23,24288,买盘
2414,11:06:57,10.54,-0.01,128,134912,卖盘
2415,11:06:54,10.55,-0.01,14,14770,卖盘
2416,11:06:51,10.56,0.01,12,12672,买盘
2417,11:06:48,10.55,-0.02,11,11605,卖盘
2418,11:06:42,10.57,--,5,5285,买盘
2419,11:06:39,10.57,--,1,1057,买盘
2420,11:06:36,10.57,0.02,82,86674,买盘
2421,11:06:33,10.55,-0.02,7,7385,卖盘
2422,11:06:24,10.57,--,9,9513,买盘
2423,11:06:21,10.57,--,7,7399,买盘
2424,11:06:15,10.57,--,49,51793,买盘
2425,11:06:12,10.57,--,6,6342,买盘
2426,11:06:09,10.57,0.01,99,104643,买盘
2427,11:06:06,10.56,--,41,43296,买盘
2428,11:06:03,10.56,--,1,1056,买盘
2429,11:06:00,10.56,0.02,4,4224,买盘
2430,11:05:57,10.54,--,7,7377,卖盘
2431,11:05:54,10.54,--,18,18972,卖盘
2432,11:05:51,10.54,-0.02,4,4216,卖盘
2433,11:05:48,10.56,--,5,5280,买盘
2434,11:05:45,10.56,0.01,15,15840,买盘
2435,11:05:42,10.55,--,13,13715,卖盘
2436,11:05:39,10.55,--,20,21100,买盘
2437,11:05:36,10.55,0.01,21,22155,买盘
2438,11:05:33,10.54,--,18,18972,卖盘
2439,11:05:30,10.54,-0.01,18,18972,卖盘
2440,11:05:24,10.55,--,5,5275,买盘
2441,11:05:21,10.55,--,11,11605,买盘
2442,11:05:18,10.55,--,33,34815,买盘
2443,11:05:15,10.55,-0.01,5,5275,买盘
2444,11:05:12,10.56,0.02,39,41184,买盘
2445,11:05:09,10.54,-0.01,181,190773,卖盘
2446,11:05:06,10.55,0.01,165,174075,买盘
2447,11:05:03,10.54,-0.01,9,9486,卖盘
2448,11:05:00,10.55,--,57,60135,买盘
2449,11:04:57,10.55,--,35,36925,卖盘
2450,11:04:54,10.55,-0.01,62,65410,卖盘
2451,11:04:51,10.56,--,48,50688,买盘
2452,11:04:48,10.56,0.01,25,26400,买盘
2453,11:04:45,10.55,--,2,2110,卖盘
2454,11:04:42,10.55,-0.01,26,27430,卖盘
2455,11:04:39,10.56,--,13,13728,卖盘
2456,11:04:36,10.56,--,7,7392,卖盘
2457,11:04:30,10.56,-0.01,4,4224,卖盘
2458,11:04:27,10.57,0.01,13,13741,买盘
2459,11:04:24,10.56,-0.01,2,2112,卖盘
2460,11:04:18,10.57,--,13,13741,买盘
2461,11:04:15,10.57,0.01,56,59192,买盘
2462,11:04:12,10.56,-0.01,15,15840,卖盘
2463,11:04:09,10.57,0.01,98,103586,买盘
2464,11:04:06,10.56,--,18,19008,卖盘
2465,11:03:54,10.56,0.01,42,44352,买盘
2466,11:03:51,10.55,-0.01,31,32705,卖盘
2467,11:03:48,10.56,--,1,1056,买盘
2468,11:03:45,10.56,--,14,14784,买盘
2469,11:03:42,10.56,0.01,54,57024,买盘
2470,11:03:39,10.55,-0.01,2,2110,卖盘
2471,11:03:36,10.56,--,22,23232,买盘
2472,11:03:33,10.56,0.01,51,53856,买盘
2473,11:03:30,10.55,--,11,11605,卖盘
2474,11:03:27,10.55,--,36,37980,卖盘
2475,11:03:24,10.55,-0.02,162,170910,卖盘
2476,11:03:21,10.57,0.01,18,19026,买盘
2477,11:03:18,10.56,-0.01,2,2112,卖盘
2478,11:03:15,10.57,--,18,19026,买盘
2479,11:03:12,10.57,--,59,62363,买盘
2480,11:03:09,10.57,0.01,87,91959,买盘
2481,11:03:06,10.56,--,1,1056,卖盘
2482,11:03:03,10.56,-0.01,7,7392,卖盘
2483,11:03:00,10.57,0.01,20,21140,买盘
2484,11:02:57,10.56,-0.01,1,1056,卖盘
2485,11:02:54,10.57,--,8,8456,买盘
2486,11:02:51,10.57,0.01,26,27482,买盘
2487,11:02:48,10.56,--,1,1056,卖盘
2488,11:02:45,10.56,-0.01,3,3168,卖盘
2489,11:02:42,10.57,--,19,20083,买盘
2490,11:02:39,10.57,0.01,32,33824,买盘
2491,11:02:36,10.56,--,23,24288,卖盘
2492,11:02:33,10.56,-0.01,91,96096,卖盘
2493,11:02:30,10.57,--,362,382634,买盘
2494,11:02:27,10.57,0.01,6,6342,买盘
2495,11:02:24,10.56,--,219,231264,卖盘
2496,11:02:21,10.56,--,61,64416,买盘
2497,11:02:18,10.56,--,10,10560,买盘
2498,11:02:15,10.56,--,41,43296,买盘
2499,11:02:09,10.56,--,45,47520,买盘
2500,11:02:06,10.56,-0.01,27,28512,卖盘
2501,11:02:03,10.57,0.01,109,115213,买盘
2502,11:01:54,10.56,--,12,12672,买盘
2503,11:01:45,10.56,-0.01,6,6336,卖盘
2504,11:01:42,10.57,--,6,6342,买盘
2505,11:01:39,10.57,--,1,1057,买盘
2506,11:01:33,10.57,--,4,4228,买盘
2507,11:01:30,10.57,0.01,67,70819,买盘
2508,11:01:27,10.56,--,27,28512,卖盘
2509,11:01:24,10.56,-0.01,5,5280,卖盘
2510,11:01:21,10.57,--,4,4228,买盘
2511,11:01:18,10.57,0.01,58,61306,买盘
2512,11:01:12,10.56,--,18,19008,中性盘
2513,11:01:06,10.56,0.02,93,98208,买盘
2514,11:01:03,10.54,--,13,13701,卖盘
2515,11:01:00,10.54,-0.01,179,188665,卖盘
2516,11:00:51,10.55,--,5,5275,买盘
2517,11:00:45,10.55,-0.01,19,20045,卖盘
2518,11:00:36,10.56,0.01,5,5280,买盘
2519,11:00:27,10.55,--,19,20045,买盘
2520,11:00:24,10.55,--,4,4220,买盘
2521,11:00:18,10.55,-0.01,6,6330,卖盘
2522,11:00:15,10.56,--,21,22176,买盘
2523,11:00:09,10.56,0.01,60,63360,买盘
2524,11:00:06,10.55,--,20,21100,买盘
2525,11:00:03,10.55,--,5,5275,买盘
2526,11:00:00,10.55,--,85,89675,买盘
2527,10:59:54,10.55,0.01,4,4220,买盘
2528,10:59:51,10.54,-0.01,18,18972,卖盘
2529,10:59:45,10.55,0.01,16,16880,买盘
2530,10:59:42,10.54,-0.01,6,6323,卖盘
2531,10:59:36,10.55,--,1,1055,买盘
2532,10:59:33,10.55,0.01,55,58025,买盘
2533,10:59:30,10.54,-0.01,21,22134,卖盘
2534,10:59:27,10.55,--,50,52750,买盘
2535,10:59:24,10.55,--,3,3165,买盘
2536,10:59:21,10.55,--,6,6330,买盘
2537,10:59:15,10.55,-0.01,88,92840,卖盘
2538,10:59:09,10.56,0.02,60,63360,买盘
2539,10:59:06,10.54,-0.01,7,7451,卖盘
2540,10:59:03,10.55,--,2,2110,买盘
2541,10:59:00,10.55,--,94,99170,买盘
2542,10:58:57,10.55,-0.01,6,6330,卖盘
2543,10:58:54,10.56,--,43,45408,买盘
2544,10:58:51,10.56,0.01,5,5280,买盘
2545,10:58:48,10.55,--,18,18990,卖盘
2546,10:58:45,10.55,--,2,2110,卖盘
2547,10:58:42,10.55,-0.01,2,2110,卖盘
2548,10:58:39,10.56,0.01,4,4224,买盘
2549,10:58:33,10.55,--,20,21100,买盘
2550,10:58:30,10.55,--,2,2110,买盘
2551,10:58:24,10.55,0.01,6,6330,买盘
2552,10:58:18,10.54,-0.01,14,14755,卖盘
2553,10:58:15,10.55,-0.01,4,4220,中性盘
2554,10:58:09,10.56,--,44,46464,卖盘
2555,10:58:03,10.56,--,56,59136,卖盘
2556,10:58:00,10.56,0.01,69,72864,买盘
2557,10:57:54,10.55,--,2,2110,买盘
2558,10:57:51,10.55,0.01,4,4220,买盘
2559,10:57:48,10.54,-0.01,30,31619,卖盘
2560,10:57:45,10.55,0.01,34,35870,买盘
2561,10:57:42,10.54,-0.01,71,74834,卖盘
2562,10:57:39,10.55,-0.01,10,10550,卖盘
2563,10:57:30,10.56,--,13,13728,买盘
2564,10:57:27,10.56,--,43,45408,买盘
2565,10:57:21,10.56,0.01,5,5280,买盘
2566,10:57:18,10.55,-0.01,13,13715,卖盘
2567,10:57:12,10.56,--,1,1056,买盘
2568,10:57:09,10.56,--,5,5280,买盘
2569,10:57:06,10.56,0.01,57,60192,买盘
2570,10:57:00,10.55,0.01,101,106555,买盘
2571,10:56:57,10.54,--,28,29511,卖盘
2572,10:56:54,10.54,-0.01,57,60077,卖盘
2573,10:56:51,10.55,--,86,90730,卖盘
2574,10:56:48,10.55,--,9,9495,卖盘
2575,10:56:42,10.55,-0.01,3,3165,卖盘
2576,10:56:39,10.56,--,1,1056,买盘
2577,10:56:36,10.56,--,5,5280,买盘
2578,10:56:33,10.56,--,7,7392,买盘
2579,10:56:30,10.56,--,44,46464,买盘
2580,10:56:27,10.56,--,2,2112,买盘
2581,10:56:24,10.56,0.01,4,4224,买盘
2582,10:56:21,10.55,-0.01,14,14770,卖盘
2583,10:56:15,10.56,--,4,4224,买盘
2584,10:56:09,10.56,--,1,1056,买盘
2585,10:56:06,10.56,0.01,1,1056,买盘
2586,10:56:03,10.55,-0.01,25,26375,卖盘
2587,10:56:00,10.56,-0.01,126,133056,卖盘
2588,10:55:57,10.57,--,89,94073,买盘
2589,10:55:54,10.57,--,5,5285,买盘
2590,10:55:45,10.57,0.01,19,20083,买盘
2591,10:55:42,10.56,-0.01,20,21120,卖盘
2592,10:55:39,10.57,0.01,1,1057,买盘
2593,10:55:36,10.56,--,17,17952,卖盘
2594,10:55:33,10.56,--,108,114048,卖盘
2595,10:55:30,10.56,--,27,28512,买盘
2596,10:55:27,10.56,-0.01,4,4224,买盘
2597,10:55:24,10.57,0.01,48,50736,买盘
2598,10:55:21,10.56,-0.01,29,30624,卖盘
2599,10:55:18,10.57,0.02,23,24311,买盘
2600,10:55:09,10.55,-0.01,31,32705,卖盘
2601,10:55:06,10.56,--,22,23232,买盘
2602,10:55:03,10.56,-0.01,1,1056,买盘
2603,10:55:00,10.57,--,43,45451,买盘
2604,10:54:57,10.57,--,24,25368,买盘
2605,10:54:54,10.57,--,94,99358,买盘
2606,10:54:45,10.57,0.02,4,4228,买盘
2607,10:54:39,10.55,-0.02,2,2110,卖盘
2608,10:54:36,10.57,--,4,4228,买盘
2609,10:54:27,10.57,--,4,4228,买盘
2610,10:54:24,10.57,--,14,14798,买盘
2611,10:54:21,10.57,--,3,3171,买盘
2612,10:54:15,10.57,0.02,289,305473,买盘
2613,10:54:09,10.55,-0.01,37,39035,卖盘
2614,10:54:06,10.56,0.01,47,49632,买盘
2615,10:54:03,10.55,--,37,39035,卖盘
2616,10:54:00,10.55,--,36,37980,卖盘
2617,10:53:57,10.55,-0.01,111,117105,卖盘
2618,10:53:54,10.56,0.01,86,90816,买盘
2619,10:53:51,10.55,-0.01,22,23210,卖盘
2620,10:53:48,10.56,--,2,2112,买盘
2621,10:53:45,10.56,--,13,13728,买盘
2622,10:53:42,10.56,--,3,3168,买盘
2623,10:53:39,10.56,0.01,5,5280,买盘
2624,10:53:36,10.55,--,2,2110,卖盘
2625,10:53:33,10.55,-0.01,12,12660,卖盘
2626,10:53:30,10.56,--,4,4224,买盘
2627,10:53:27,10.56,0.01,17,17952,买盘
2628,10:53:24,10.55,-0.01,19,20045,卖盘
2629,10:53:21,10.56,0.01,50,52800,买盘
2630,10:53:18,10.55,--,10,10550,卖盘
2631,10:53:15,10.55,--,3,3165,卖盘
2632,10:53:12,10.55,-0.01,47,49585,卖盘
2633,10:53:09,10.56,-0.01,182,193184,卖盘
2634,10:53:03,10.57,0.01,3,3171,买盘
2635,10:53:00,10.56,-0.01,32,33792,卖盘
2636,10:52:57,10.57,--,106,112042,买盘
2637,10:52:54,10.57,--,132,139524,买盘
2638,10:52:48,10.57,0.01,4,4228,买盘
2639,10:52:45,10.56,--,29,30624,卖盘
2640,10:52:36,10.56,--,6,6336,卖盘
2641,10:52:33,10.56,-0.01,10,10560,卖盘
2642,10:52:30,10.57,--,2,2114,买盘
2643,10:52:27,10.57,--,13,13741,买盘
2644,10:52:24,10.57,0.01,7,7399,买盘
2645,10:52:21,10.56,-0.01,14,14784,卖盘
2646,10:52:18,10.57,0.01,1,1057,买盘
2647,10:52:15,10.56,-0.01,17,17952,卖盘
2648,10:52:12,10.57,0.01,72,76104,买盘
2649,10:52:09,10.56,--,4,4224,卖盘
2650,10:52:06,10.56,--,41,43296,卖盘
2651,10:52:03,10.56,-0.01,1,1056,卖盘
2652,10:52:00,10.57,0.01,4,4228,买盘
2653,10:51:57,10.56,-0.01,10,10560,卖盘
2654,10:51:54,10.57,0.01,99,104706,买盘
2655,10:51:51,10.56,-0.01,103,108768,卖盘
2656,10:51:48,10.57,0.01,4,4228,买盘
2657,10:51:45,10.56,--,3,3168,卖盘
2658,10:51:42,10.56,--,25,26400,卖盘
2659,10:51:39,10.56,0.01,48,50688,买盘
2660,10:51:36,10.55,--,2,2110,卖盘
2661,10:51:33,10.55,--,5,5275,卖盘
2662,10:51:30,10.55,-0.01,46,48530,卖盘
2663,10:51:27,10.56,--,47,49632,买盘
2664,10:51:24,10.56,0.01,29,30624,买盘
2665,10:51:21,10.55,-0.01,191,201505,卖盘
2666,10:51:18,10.56,0.01,66,69696,买盘
2667,10:51:15,10.55,--,2,2110,卖盘
2668,10:51:12,10.55,-0.01,1,1055,卖盘
2669,10:51:09,10.56,--,16,16896,买盘
2670,10:51:06,10.56,0.01,4,4224,买盘
2671,10:51:03,10.55,-0.01,11,11605,卖盘
2672,10:51:00,10.56,0.01,1,1056,买盘
2673,10:50:57,10.55,-0.02,2,2110,卖盘
2674,10:50:54,10.57,0.01,106,112042,买盘
2675,10:50:51,10.56,--,101,106656,买盘
2676,10:50:48,10.56,--,51,53856,买盘
2677,10:50:45,10.56,--,134,141504,买盘
2678,10:50:42,10.56,-0.01,12,12672,卖盘
2679,10:50:39,10.57,0.01,1,1057,买盘
2680,10:50:36,10.56,-0.01,2,2112,卖盘
2681,10:50:33,10.57,--,5,5285,买盘
2682,10:50:30,10.57,--,44,46508,买盘
2683,10:50:27,10.57,0.01,1,1057,买盘
2684,10:50:21,10.56,--,52,54912,卖盘
2685,10:50:18,10.56,--,64,67584,卖盘
2686,10:50:15,10.56,-0.01,2,2112,卖盘
2687,10:50:09,10.57,--,4,4228,买盘
2688,10:50:06,10.57,--,2,2114,买盘
2689,10:50:03,10.57,--,3,3171,买盘
2690,10:50:00,10.57,--,4,4228,买盘
2691,10:49:57,10.57,0.01,62,65534,买盘
2692,10:49:54,10.56,-0.01,71,74976,卖盘
2693,10:49:48,10.57,0.01,84,88788,买盘
2694,10:49:45,10.56,--,6,6336,卖盘
2695,10:49:39,10.56,--,1,1056,卖盘
2696,10:49:36,10.56,--,4,4224,卖盘
2697,10:49:33,10.56,--,18,19008,中性盘
2698,10:49:30,10.56,-0.01,1,1056,卖盘
2699,10:49:27,10.57,--,2,2114,买盘
2700,10:49:24,10.57,--,1,1057,买盘
2701,10:49:18,10.57,--,42,44394,买盘
2702,10:49:15,10.57,--,62,65534,买盘
2703,10:49:06,10.57,--,2,2114,买盘
2704,10:49:03,10.57,0.02,18,19026,买盘
2705,10:48:57,10.55,-0.02,3,3165,卖盘
2706,10:48:54,10.57,--,57,60249,买盘
2707,10:48:48,10.57,0.01,82,86674,买盘
2708,10:48:42,10.56,0.01,7,7392,中性盘
2709,10:48:36,10.55,-0.02,4,4220,卖盘
2710,10:48:33,10.57,0.02,286,302302,买盘
2711,10:48:27,10.55,--,2,2110,买盘
2712,10:48:24,10.55,--,2,2110,买盘
2713,10:48:21,10.55,-0.01,11,11605,卖盘
2714,10:48:18,10.56,0.01,1,1056,买盘
2715,10:48:15,10.55,-0.01,126,133911,卖盘
2716,10:48:12,10.56,--,21,22176,卖盘
2717,10:48:09,10.56,--,168,177408,卖盘
2718,10:48:06,10.56,--,291,307369,买盘
2719,10:47:57,10.56,--,6,6336,买盘
2720,10:47:54,10.56,--,1,1056,买盘
2721,10:47:51,10.56,--,52,54912,买盘
2722,10:47:48,10.56,--,1,1056,买盘
2723,10:47:45,10.56,0.02,95,100320,买盘
2724,10:47:36,10.54,-0.02,1,1054,卖盘
2725,10:47:30,10.56,--,80,84480,买盘
2726,10:47:27,10.56,--,1,1056,买盘
2727,10:47:24,10.56,--,45,47520,买盘
2728,10:47:21,10.56,--,2,2112,买盘
2729,10:47:18,10.56,0.02,7,7392,买盘
2730,10:47:15,10.54,-0.02,83,87482,中性盘
2731,10:47:12,10.56,--,5,5280,买盘
2732,10:47:06,10.56,--,95,100320,买盘
2733,10:47:03,10.56,0.01,86,90816,买盘
2734,10:47:00,10.55,--,89,93895,买盘
2735,10:46:57,10.55,--,109,115997,买盘
2736,10:46:54,10.55,--,57,60135,买盘
2737,10:46:51,10.55,0.01,47,49585,买盘
2738,10:46:48,10.54,--,4,4216,卖盘
2739,10:46:45,10.54,0.01,60,63292,买盘
2740,10:46:39,10.53,0.01,92,96876,买盘
2741,10:46:36,10.52,-0.01,77,81004,卖盘
2742,10:46:27,10.53,--,2,2106,买盘
2743,10:46:24,10.53,0.01,2,2106,买盘
2744,10:46:21,10.52,-0.01,19,19988,卖盘
2745,10:46:18,10.53,--,37,39961,卖盘
2746,10:46:15,10.53,-0.01,14,14742,卖盘
2747,10:46:06,10.54,0.01,1,1054,买盘
2748,10:46:03,10.53,--,19,20007,卖盘
2749,10:46:00,10.53,-0.01,115,121094,卖盘
2750,10:45:57,10.54,--,16,16864,买盘
2751,10:45:51,10.54,0.01,4,4216,买盘
2752,10:45:48,10.53,-0.01,57,60020,卖盘
2753,10:45:45,10.54,--,93,98021,买盘
2754,10:45:42,10.54,--,47,49537,买盘
2755,10:45:36,10.54,--,7,7377,买盘
2756,10:45:27,10.54,--,12,12647,买盘
2757,10:45:24,10.54,--,2,2108,买盘
2758,10:45:15,10.54,-0.01,83,87482,卖盘
2759,10:45:12,10.55,0.01,48,50640,买盘
2760,10:45:00,10.54,-0.01,72,75888,卖盘
2761,10:44:57,10.55,0.01,1,1055,买盘
2762,10:44:54,10.54,-0.01,19,20026,卖盘
2763,10:44:51,10.55,--,30,31650,买盘
2764,10:44:48,10.55,0.02,44,46420,买盘
2765,10:44:45,10.53,-0.02,81,85345,卖盘
2766,10:44:42,10.55,0.01,92,97060,买盘
2767,10:44:30,10.54,0.01,48,50591,买盘
2768,10:44:27,10.53,-0.01,94,98982,卖盘
2769,10:44:21,10.54,--,3,3161,买盘
2770,10:44:18,10.54,0.01,19,20026,买盘
2771,10:44:15,10.53,--,19,20007,卖盘
2772,10:44:12,10.53,--,20,21060,卖盘
2773,10:44:03,10.53,-0.01,21,22113,买盘
2774,10:44:00,10.54,--,1,1054,买盘
2775,10:43:57,10.54,0.02,1,1054,买盘
2776,10:43:51,10.52,-0.02,100,105200,卖盘
2777,10:43:45,10.54,0.01,48,50591,买盘
2778,10:43:42,10.53,0.01,90,94770,买盘
2779,10:43:39,10.52,--,214,225128,卖盘
2780,10:43:36,10.52,--,8,8416,卖盘
2781,10:43:33,10.52,--,76,79952,卖盘
2782,10:43:30,10.52,-0.01,1,1052,卖盘
2783,10:43:27,10.53,--,254,267462,买盘
2784,10:43:24,10.53,-0.02,113,118989,卖盘
2785,10:43:21,10.55,--,24,25320,买盘
2786,10:43:18,10.55,0.01,38,40090,买盘
2787,10:43:12,10.54,--,27,28457,卖盘
2788,10:43:09,10.54,0.01,182,191827,买盘
2789,10:43:03,10.53,-0.01,6,6318,卖盘
2790,10:43:00,10.54,--,18,18972,买盘
2791,10:42:57,10.54,--,224,236095,买盘
2792,10:42:51,10.54,-0.01,12,12647,卖盘
2793,10:42:45,10.55,--,41,43255,买盘
2794,10:42:42,10.55,-0.01,1,1055,中性盘
2795,10:42:39,10.56,0.01,97,103414,买盘
2796,10:42:36,10.55,--,22,23210,卖盘
2797,10:42:33,10.55,-0.01,16,16880,卖盘
2798,10:42:30,10.56,0.01,210,221760,买盘
2799,10:42:27,10.55,--,1,1055,卖盘
2800,10:42:21,10.55,--,49,51695,卖盘
2801,10:42:18,10.55,--,415,437898,买盘
2802,10:42:15,10.55,--,2,2110,买盘
2803,10:42:12,10.55,0.02,43,45365,买盘
2804,10:42:09,10.53,-0.02,50,52650,卖盘
2805,10:42:06,10.55,--,44,46420,买盘
2806,10:42:00,10.55,0.01,228,240540,买盘
2807,10:41:57,10.54,--,5,5270,买盘
2808,10:41:54,10.54,0.01,12,12647,买盘
2809,10:41:48,10.53,--,16,16848,卖盘
2810,10:41:45,10.53,-0.01,56,58968,卖盘
2811,10:41:42,10.54,-0.01,47,49537,买盘
2812,10:41:39,10.55,0.02,90,94950,买盘
2813,10:41:36,10.53,--,50,52650,卖盘
2814,10:41:33,10.53,--,50,52650,卖盘
2815,10:41:30,10.53,--,46,48438,卖盘
2816,10:41:27,10.53,-0.01,31,32642,卖盘
2817,10:41:24,10.54,-0.01,28,29511,卖盘
2818,10:41:21,10.55,0.01,99,104445,买盘
2819,10:41:18,10.54,0.01,256,269824,买盘
2820,10:41:15,10.53,--,19,20007,卖盘
2821,10:41:12,10.53,--,45,47385,卖盘
2822,10:41:09,10.53,-0.01,55,57915,卖盘
2823,10:41:06,10.54,0.01,48,50591,买盘
2824,10:41:03,10.53,--,10,10530,卖盘
2825,10:41:00,10.53,--,84,88452,卖盘
2826,10:40:54,10.53,--,12,12636,卖盘
2827,10:40:51,10.53,--,110,115830,买盘
2828,10:40:48,10.53,0.01,8,8424,买盘
2829,10:40:45,10.52,-0.01,18,18936,卖盘
2830,10:40:42,10.53,-0.01,22,23166,卖盘
2831,10:40:39,10.54,0.01,38,40052,买盘
