,time,price,change,volume,amount,type
0,15:00:03,11.02,--,1227,1352154,卖盘
1,14:57:00,11.02,--,84,92568,卖盘
2,14:56:57,11.02,--,10,11020,卖盘
3,14:56:54,11.02,-0.01,56,61712,卖盘
4,14:56:51,11.03,0.01,26,28678,买盘
5,14:56:48,11.02,-0.01,42,46284,卖盘
6,14:56:45,11.03,0.01,4,4412,买盘
7,14:56:42,11.02,-0.01,12,13224,卖盘
8,14:56:39,11.03,0.01,110,121330,买盘
9,14:56:36,11.02,--,44,48488,卖盘
10,14:56:33,11.02,--,41,45182,卖盘
11,14:56:30,11.02,--,1,1102,卖盘
12,14:56:27,11.02,--,5,5510,卖盘
13,14:56:24,11.02,--,14,15428,卖盘
14,14:56:21,11.02,--,11,12122,卖盘
15,14:56:18,11.02,-0.01,3,3306,卖盘
16,14:56:15,11.03,0.01,55,60665,买盘
17,14:56:12,11.02,--,42,46284,卖盘
18,14:56:09,11.02,--,43,47386,卖盘
19,14:56:03,11.02,--,10,11020,卖盘
20,14:56:00,11.02,--,1,1102,卖盘
21,14:55:57,11.02,--,23,25346,卖盘
22,14:55:54,11.02,--,10,11020,卖盘
23,14:55:51,11.02,--,11,12122,卖盘
24,14:55:48,11.02,--,9,9918,卖盘
25,14:55:45,11.02,-0.01,60,66120,卖盘
26,14:55:42,11.03,0.01,143,157729,买盘
27,14:55:36,11.02,--,79,87058,卖盘
28,14:55:33,11.02,--,223,245746,卖盘
29,14:55:27,11.02,--,118,130036,卖盘
30,14:55:24,11.02,--,2,2204,卖盘
31,14:55:21,11.02,--,69,76038,卖盘
32,14:55:15,11.02,--,6,6612,卖盘
33,14:55:12,11.02,--,12,13224,卖盘
34,14:55:09,11.02,--,20,22040,卖盘
35,14:55:06,11.02,--,10,11020,卖盘
36,14:55:03,11.02,--,5,5510,卖盘
37,14:55:00,11.02,--,2,2204,卖盘
38,14:54:42,11.02,--,3,3306,卖盘
39,14:54:39,11.02,--,52,57304,卖盘
40,14:54:36,11.02,--,46,50692,卖盘
41,14:54:33,11.02,-0.01,3,3306,卖盘
42,14:54:27,11.03,0.01,82,90446,买盘
43,14:54:21,11.02,--,22,24244,卖盘
44,14:54:15,11.02,-0.01,4,4408,卖盘
45,14:54:12,11.03,0.01,2,2206,买盘
46,14:54:06,11.02,--,76,83752,卖盘
47,14:54:03,11.02,-0.01,5,5510,卖盘
48,14:54:00,11.03,0.01,4,4412,买盘
49,14:53:57,11.02,--,13,14326,卖盘
50,14:53:54,11.02,--,1,1102,卖盘
51,14:53:51,11.02,-0.01,7,7714,卖盘
52,14:53:48,11.03,0.01,1,1103,买盘
53,14:53:45,11.02,--,9,9918,卖盘
54,14:53:36,11.02,--,1,1102,卖盘
55,14:53:30,11.02,--,9,9918,卖盘
56,14:53:27,11.02,-0.01,10,11020,卖盘
57,14:53:24,11.03,0.01,20,23063,买盘
58,14:53:21,11.02,--,20,22040,卖盘
59,14:53:12,11.02,--,5,5510,卖盘
60,14:53:03,11.02,--,155,170810,卖盘
61,14:53:00,11.02,--,345,380289,买盘
62,14:52:51,11.02,--,41,45182,买盘
63,14:52:48,11.02,0.01,40,44080,买盘
64,14:52:42,11.01,-0.01,12,13212,卖盘
65,14:52:39,11.02,--,13,14326,买盘
66,14:52:33,11.02,--,10,11020,买盘
67,14:52:30,11.02,--,21,23142,买盘
68,14:52:27,11.02,0.01,10,11020,买盘
69,14:52:21,11.01,-0.01,2,2202,卖盘
70,14:52:18,11.02,--,11,12122,买盘
71,14:52:12,11.02,--,17,18734,买盘
72,14:52:09,11.02,--,6,6612,买盘
73,14:52:06,11.02,--,12,13323,买盘
74,14:52:03,11.02,0.01,203,223706,买盘
75,14:52:00,11.01,-0.01,6,6606,卖盘
76,14:51:57,11.02,0.01,16,17632,买盘
77,14:51:51,11.01,--,1,1101,卖盘
78,14:51:48,11.01,-0.01,20,22020,卖盘
79,14:51:45,11.02,--,10,11020,买盘
80,14:51:42,11.02,--,253,278806,买盘
81,14:51:33,11.02,--,13,14326,买盘
82,14:51:24,11.02,--,162,178524,买盘
83,14:51:21,11.02,0.01,11,12122,买盘
84,14:51:15,11.01,-0.01,20,22020,卖盘
85,14:51:12,11.02,--,11,12122,买盘
86,14:51:09,11.02,0.01,55,60610,买盘
87,14:51:06,11.01,--,50,55050,卖盘
88,14:51:03,11.01,--,1,1101,卖盘
89,14:51:00,11.01,-0.01,120,132120,卖盘
90,14:50:57,11.02,--,5,5510,卖盘
91,14:50:54,11.02,--,6,6612,买盘
92,14:50:48,11.02,--,36,39672,买盘
93,14:50:45,11.02,--,11,12122,买盘
94,14:50:42,11.02,--,9,9918,买盘
95,14:50:39,11.02,0.01,22,24244,买盘
96,14:50:33,11.01,-0.01,230,253230,卖盘
97,14:50:30,11.02,--,16,17632,买盘
98,14:50:27,11.02,0.01,21,23142,买盘
99,14:50:24,11.01,-0.01,2,2202,卖盘
100,14:50:15,11.02,--,12,13224,买盘
101,14:50:12,11.02,--,2,2204,买盘
102,14:50:06,11.02,--,183,201666,卖盘
103,14:50:03,11.02,-0.01,6,6612,卖盘
104,14:50:00,11.03,--,8,8824,买盘
105,14:49:54,11.03,0.01,22,24266,买盘
106,14:49:48,11.02,--,152,167504,买盘
107,14:49:45,11.02,--,13,14326,买盘
108,14:49:42,11.02,0.01,10,11020,买盘
109,14:49:36,11.01,-0.01,136,149736,卖盘
110,14:49:33,11.02,--,37,40774,买盘
111,14:49:30,11.02,--,73,80446,买盘
112,14:49:21,11.02,--,13,14326,买盘
113,14:49:18,11.02,--,3,3306,买盘
114,14:49:15,11.02,--,13,14326,买盘
115,14:49:12,11.02,--,7,7714,买盘
116,14:49:09,11.02,0.01,14,15428,买盘
117,14:49:06,11.01,--,2,2202,卖盘
118,14:49:03,11.01,-0.01,153,168453,卖盘
119,14:49:00,11.02,0.01,22,24244,买盘
120,14:48:54,11.01,-0.01,2,2202,卖盘
121,14:48:51,11.02,--,56,61712,买盘
122,14:48:48,11.02,0.01,26,28652,买盘
123,14:48:45,11.01,--,3,3303,卖盘
124,14:48:42,11.01,-0.01,2,2202,卖盘
125,14:48:39,11.02,0.01,12,13224,买盘
126,14:48:33,11.01,--,62,68262,卖盘
127,14:48:30,11.01,-0.01,48,52848,卖盘
128,14:48:27,11.02,0.01,12,13224,买盘
129,14:48:24,11.01,-0.01,6,6606,卖盘
130,14:48:21,11.02,--,61,67222,买盘
131,14:48:15,11.02,0.01,11,12122,买盘
132,14:48:06,11.01,-0.01,19,20919,卖盘
133,14:48:03,11.02,-0.01,96,105792,卖盘
134,14:48:00,11.03,--,9,9927,买盘
135,14:47:57,11.03,--,3,3309,买盘
136,14:47:54,11.03,0.01,11,12133,买盘
137,14:47:48,11.02,--,42,46284,卖盘
138,14:47:45,11.02,-0.01,1,1102,卖盘
139,14:47:42,11.03,0.02,63,69489,买盘
140,14:47:39,11.01,-0.01,10,11010,卖盘
141,14:47:33,11.02,--,11,12122,买盘
142,14:47:30,11.02,0.01,25,27550,买盘
143,14:47:27,11.01,-0.01,7,7707,卖盘
144,14:47:24,11.02,-0.01,345,380190,卖盘
145,14:47:21,11.03,0.01,12,13236,买盘
146,14:47:15,11.02,-0.01,8,8816,卖盘
147,14:47:09,11.03,0.01,11,12133,买盘
148,14:47:06,11.02,--,7,7714,卖盘
149,14:47:03,11.02,-0.01,5,5510,卖盘
150,14:47:00,11.03,0.01,22,24266,买盘
151,14:46:57,11.02,--,10,11020,卖盘
152,14:46:54,11.02,--,6,6612,卖盘
153,14:46:51,11.02,--,2,2204,卖盘
154,14:46:48,11.02,-0.01,18,19836,卖盘
155,14:46:42,11.03,--,10,11030,买盘
156,14:46:39,11.03,--,55,60665,买盘
157,14:46:36,11.03,--,12,13236,买盘
158,14:46:30,11.03,--,3,3309,买盘
159,14:46:27,11.03,0.01,12,13236,买盘
160,14:46:24,11.02,--,1,1102,卖盘
161,14:46:21,11.02,--,3,3306,卖盘
162,14:46:18,11.02,-0.01,2,2204,卖盘
163,14:46:15,11.03,0.01,9,9927,买盘
164,14:46:12,11.02,--,3,3306,卖盘
165,14:46:06,11.02,--,6,6612,卖盘
166,14:46:03,11.02,-0.01,14,15428,卖盘
167,14:46:00,11.03,--,2,2206,买盘
168,14:45:54,11.03,0.01,12,13236,买盘
169,14:45:51,11.02,--,8,8816,卖盘
170,14:45:48,11.02,0.01,49,53998,买盘
171,14:45:45,11.01,-0.01,4,4404,卖盘
172,14:45:42,11.02,0.01,19,20938,买盘
173,14:45:39,11.01,-0.02,114,125514,卖盘
174,14:45:33,11.03,--,30,33090,买盘
175,14:45:30,11.03,--,24,26472,买盘
176,14:45:24,11.03,--,1,1103,买盘
177,14:45:21,11.03,0.01,11,12133,买盘
178,14:45:18,11.02,--,2,2204,卖盘
179,14:45:15,11.02,--,21,23142,卖盘
180,14:45:12,11.02,-0.01,5,5510,卖盘
181,14:45:09,11.03,0.01,16,17648,买盘
182,14:45:06,11.02,--,7,7714,卖盘
183,14:45:03,11.02,-0.01,1,1102,卖盘
184,14:45:00,11.03,--,2,2206,买盘
185,14:44:57,11.03,0.01,111,122433,买盘
186,14:44:54,11.02,--,20,22040,卖盘
187,14:44:51,11.02,-0.01,3,3306,卖盘
188,14:44:48,11.03,0.01,12,13236,买盘
189,14:44:45,11.02,--,1,1102,卖盘
190,14:44:39,11.02,-0.01,2,2204,卖盘
191,14:44:36,11.03,--,10,11030,买盘
192,14:44:30,11.03,0.01,197,217291,买盘
193,14:44:24,11.02,-0.01,14,15428,卖盘
194,14:44:15,11.03,--,12,13236,买盘
195,14:44:12,11.03,0.01,200,220600,买盘
196,14:44:09,11.02,--,21,23142,卖盘
197,14:44:06,11.02,--,67,73834,买盘
198,14:44:03,11.02,--,17,18734,买盘
199,14:44:00,11.02,--,3,3306,买盘
200,14:43:51,11.02,0.01,10,11020,买盘
201,14:43:45,11.01,-0.02,1,1101,卖盘
202,14:43:42,11.03,--,236,260727,买盘
203,14:43:39,11.03,0.01,7,7721,买盘
204,14:43:36,11.02,--,3,3306,卖盘
205,14:43:33,11.02,-0.01,5,5510,卖盘
206,14:43:30,11.03,0.01,30,33090,买盘
207,14:43:27,11.02,-0.01,10,11020,卖盘
208,14:43:24,11.03,0.01,40,44120,买盘
209,14:43:21,11.02,-0.01,1020,1124040,卖盘
210,14:43:18,11.03,0.01,25,27575,买盘
211,14:43:15,11.02,--,10,11020,卖盘
212,14:43:12,11.02,-0.01,13,14326,卖盘
213,14:43:09,11.03,0.01,11,12133,买盘
214,14:43:06,11.02,--,12,13224,卖盘
215,14:43:03,11.02,-0.01,2,2204,卖盘
216,14:43:00,11.03,--,10,11030,买盘
217,14:42:57,11.03,--,43,47429,买盘
218,14:42:51,11.03,0.01,1,1103,买盘
219,14:42:48,11.02,-0.01,10,11020,卖盘
220,14:42:45,11.03,0.01,14,15442,买盘
221,14:42:42,11.02,-0.01,41,45182,卖盘
222,14:42:36,11.03,0.01,109,120227,买盘
223,14:42:33,11.02,--,110,121220,卖盘
224,14:42:30,11.02,--,11,12122,卖盘
225,14:42:24,11.02,-0.01,11,12122,卖盘
226,14:42:21,11.03,0.01,11,12133,买盘
227,14:42:18,11.02,-0.01,142,156484,卖盘
228,14:42:15,11.03,--,2,2206,买盘
229,14:42:12,11.03,0.01,18,19854,买盘
230,14:42:09,11.02,-0.01,2,2204,卖盘
231,14:42:06,11.03,0.01,10,11030,买盘
232,14:42:03,11.02,--,11,12122,卖盘
233,14:42:00,11.02,--,13,14326,卖盘
234,14:41:51,11.02,--,14,15428,卖盘
235,14:41:45,11.02,-0.01,1,1102,卖盘
236,14:41:42,11.03,--,1,1103,买盘
237,14:41:39,11.03,--,12,13236,买盘
238,14:41:36,11.03,--,18,19854,买盘
239,14:41:33,11.03,--,100,110300,买盘
240,14:41:30,11.03,0.01,13,14339,买盘
241,14:41:24,11.02,--,2,2204,卖盘
242,14:41:21,11.02,-0.01,13,14326,卖盘
243,14:41:18,11.03,0.01,11,12133,买盘
244,14:41:09,11.02,--,12,13224,卖盘
245,14:41:06,11.02,--,9,9918,卖盘
246,14:41:03,11.02,-0.01,5,5510,卖盘
247,14:41:00,11.03,--,12,13236,买盘
248,14:40:57,11.03,0.01,10,11030,买盘
249,14:40:54,11.02,0.01,816,899915,买盘
250,14:40:51,11.01,--,3,3303,卖盘
251,14:40:48,11.01,--,8,8808,卖盘
252,14:40:45,11.01,-0.01,39,42939,卖盘
253,14:40:42,11.02,--,48,52896,买盘
254,14:40:39,11.02,--,2,2204,买盘
255,14:40:30,11.02,--,626,689852,买盘
256,14:40:27,11.02,0.01,10,11020,买盘
257,14:40:24,11.01,-0.01,3,3303,卖盘
258,14:40:21,11.02,0.01,1,1102,买盘
259,14:40:18,11.01,--,7,7707,卖盘
260,14:40:15,11.01,--,251,276351,卖盘
261,14:40:12,11.01,-0.01,13,14313,卖盘
262,14:40:09,11.02,0.01,5,5510,买盘
263,14:40:06,11.01,--,11,12111,卖盘
264,14:40:03,11.01,-0.01,35,38535,卖盘
265,14:40:00,11.02,0.01,51,56202,买盘
266,14:39:54,11.01,--,5,5505,卖盘
267,14:39:51,11.01,--,3,3303,卖盘
268,14:39:45,11.01,-0.01,13,14313,卖盘
269,14:39:42,11.02,--,5,5510,买盘
270,14:39:39,11.02,--,50,55100,买盘
271,14:39:33,11.02,--,10,11020,买盘
272,14:39:30,11.02,0.01,168,185136,买盘
273,14:39:27,11.01,-0.01,1,1101,卖盘
274,14:39:24,11.02,0.01,23,25346,买盘
275,14:39:21,11.01,-0.01,21,23121,卖盘
276,14:39:18,11.02,--,150,165300,买盘
277,14:39:15,11.02,0.01,2,2204,买盘
278,14:39:12,11.01,--,3,3303,卖盘
279,14:39:09,11.01,--,12,13212,卖盘
280,14:39:06,11.01,-0.01,9,9909,卖盘
281,14:39:03,11.02,--,198,218196,买盘
282,14:39:00,11.02,--,5,5510,买盘
283,14:38:57,11.02,--,7,7714,买盘
284,14:38:54,11.02,--,20,22040,买盘
285,14:38:51,11.02,--,4,4408,买盘
286,14:38:45,11.02,0.01,12,13224,买盘
287,14:38:42,11.01,-0.01,1,1101,卖盘
288,14:38:36,11.02,--,33,36366,买盘
289,14:38:30,11.02,0.01,11,12122,买盘
290,14:38:24,11.01,--,1,1101,卖盘
291,14:38:21,11.01,-0.01,14,15414,卖盘
292,14:38:18,11.02,--,224,246848,买盘
293,14:38:15,11.02,0.01,4,4408,买盘
294,14:38:06,11.01,--,9,9909,卖盘
295,14:38:03,11.01,-0.01,3,3303,卖盘
296,14:38:00,11.02,--,9,9918,买盘
297,14:37:57,11.02,0.01,9,9918,买盘
298,14:37:54,11.01,--,33,36333,卖盘
299,14:37:51,11.01,-0.01,4,4404,卖盘
300,14:37:45,11.02,--,1,1102,买盘
301,14:37:42,11.02,0.01,2,2204,买盘
302,14:37:36,11.01,--,3,3303,卖盘
303,14:37:33,11.01,--,20,22020,卖盘
304,14:37:30,11.01,--,18,19818,卖盘
305,14:37:27,11.01,--,4,4404,卖盘
306,14:37:24,11.01,-0.01,1,1101,卖盘
307,14:37:21,11.02,--,12,13224,买盘
308,14:37:15,11.02,--,8,8816,买盘
309,14:37:09,11.02,0.01,10,11020,买盘
310,14:37:06,11.01,--,106,116706,卖盘
311,14:37:03,11.01,-0.01,2,2202,卖盘
312,14:37:00,11.02,0.01,2,2204,买盘
313,14:36:54,11.01,-0.01,3,3303,卖盘
314,14:36:51,11.02,0.01,200,220400,买盘
315,14:36:48,11.01,-0.01,1,1101,卖盘
316,14:36:45,11.02,0.01,4,4408,买盘
317,14:36:42,11.01,--,1,1101,卖盘
318,14:36:39,11.01,--,160,176160,卖盘
319,14:36:36,11.01,--,304,334704,卖盘
320,14:36:33,11.01,-0.01,1,1101,卖盘
321,14:36:30,11.02,--,206,227012,买盘
322,14:36:27,11.02,0.01,7,7714,买盘
323,14:36:24,11.01,--,14,15414,卖盘
324,14:36:21,11.01,-0.01,1,1101,卖盘
325,14:36:18,11.02,0.01,23,25346,买盘
326,14:36:15,11.01,-0.01,10,11010,卖盘
327,14:36:12,11.02,0.01,23,25346,买盘
328,14:36:09,11.01,--,2,2202,卖盘
329,14:36:06,11.01,--,10,11010,卖盘
330,14:36:03,11.01,--,1,1101,卖盘
331,14:36:00,11.01,-0.01,16,17616,卖盘
332,14:35:57,11.02,0.01,10,11020,买盘
333,14:35:54,11.01,--,4,4404,卖盘
334,14:35:51,11.01,--,3,3303,卖盘
335,14:35:48,11.01,--,10,11010,卖盘
336,14:35:45,11.01,-0.01,1,1101,卖盘
337,14:35:39,11.02,--,12,13224,买盘
338,14:35:36,11.02,--,5,5510,买盘
339,14:35:30,11.02,--,21,23142,买盘
340,14:35:24,11.02,--,2,2204,买盘
341,14:35:21,11.02,--,40,44080,买盘
342,14:35:18,11.02,0.01,5,5510,买盘
343,14:35:15,11.01,-0.01,31,34131,卖盘
344,14:35:12,11.02,0.01,51,56202,买盘
345,14:35:09,11.01,--,8,8808,卖盘
346,14:35:06,11.01,-0.01,51,56151,卖盘
347,14:35:03,11.02,--,4,4408,买盘
348,14:35:00,11.02,0.01,2,2204,买盘
349,14:34:57,11.01,--,50,55050,卖盘
350,14:34:54,11.01,--,58,63858,卖盘
351,14:34:51,11.01,--,53,58353,卖盘
352,14:34:48,11.01,-0.01,18,19818,卖盘
353,14:34:45,11.02,--,8,8816,买盘
354,14:34:42,11.02,--,10,11020,买盘
355,14:34:36,11.02,--,75,82650,买盘
356,14:34:30,11.02,0.01,8,8816,买盘
357,14:34:27,11.01,--,51,56151,卖盘
358,14:34:24,11.01,-0.01,31,34131,卖盘
359,14:34:12,11.02,0.01,1,1102,买盘
360,14:34:09,11.01,--,14,15414,卖盘
361,14:34:06,11.01,--,53,58353,卖盘
362,14:34:03,11.01,--,51,56151,卖盘
363,14:34:00,11.01,--,21,23121,卖盘
364,14:33:57,11.01,-0.01,90,99090,卖盘
365,14:33:54,11.02,0.01,3,3306,买盘
366,14:33:51,11.01,--,53,58353,卖盘
367,14:33:45,11.01,--,53,58353,卖盘
368,14:33:39,11.01,-0.01,50,55050,卖盘
369,14:33:36,11.02,0.01,12,13224,买盘
370,14:33:33,11.01,--,49,53949,卖盘
371,14:33:30,11.01,--,10,11010,卖盘
372,14:33:24,11.01,--,2,2202,卖盘
373,14:33:12,11.01,--,20,22020,卖盘
374,14:33:09,11.01,--,6,6606,卖盘
375,14:33:06,11.01,--,1,1101,卖盘
376,14:33:03,11.01,-0.01,53,58353,卖盘
377,14:33:00,11.02,--,1,1102,买盘
378,14:32:57,11.02,0.01,1,1102,买盘
379,14:32:51,11.01,-0.01,9,9909,卖盘
380,14:32:45,11.02,0.01,51,56202,买盘
381,14:32:42,11.01,-0.01,251,276351,卖盘
382,14:32:33,11.02,0.01,51,56202,买盘
383,14:32:30,11.01,-0.01,8,8808,卖盘
384,14:32:27,11.02,0.01,2,2204,买盘
385,14:32:24,11.01,-0.01,1,1101,卖盘
386,14:32:21,11.02,0.01,15,16530,买盘
387,14:32:18,11.01,--,3,3303,卖盘
388,14:32:12,11.01,--,327,360027,卖盘
389,14:32:09,11.01,-0.01,4,4404,卖盘
390,14:32:06,11.02,0.01,55,60610,买盘
391,14:32:03,11.01,-0.01,3,3303,卖盘
392,14:32:00,11.02,0.01,7,7714,买盘
393,14:31:54,11.01,--,50,55050,卖盘
394,14:31:51,11.01,-0.01,6,6606,卖盘
395,14:31:48,11.02,0.01,28,30856,买盘
396,14:31:45,11.01,-0.01,51,56151,卖盘
397,14:31:42,11.02,--,50,55100,买盘
398,14:31:39,11.02,--,23,25346,买盘
399,14:31:33,11.02,--,48,52896,买盘
400,14:31:30,11.02,--,30,33060,买盘
401,14:31:27,11.02,--,4,4408,买盘
402,14:31:24,11.02,--,4,4408,买盘
403,14:31:21,11.02,--,130,143260,买盘
404,14:31:18,11.02,--,9,9918,买盘
405,14:31:15,11.02,0.01,3,3306,买盘
406,14:31:12,11.01,--,1,1101,卖盘
407,14:31:09,11.01,--,57,62757,卖盘
408,14:31:06,11.01,--,20,22020,卖盘
409,14:31:03,11.01,--,51,56151,卖盘
410,14:31:00,11.01,-0.01,9,9909,卖盘
411,14:30:57,11.02,--,27,29754,买盘
412,14:30:54,11.02,0.01,15,16530,买盘
413,14:30:51,11.01,-0.01,10,11010,卖盘
414,14:30:48,11.02,0.01,34,37468,买盘
415,14:30:45,11.01,-0.01,4,4404,卖盘
416,14:30:42,11.02,--,6,6612,买盘
417,14:30:39,11.02,0.01,10,11020,买盘
418,14:30:36,11.01,-0.01,1,1101,卖盘
419,14:30:33,11.02,--,1,1102,买盘
420,14:30:30,11.02,0.01,4,4408,买盘
421,14:30:24,11.01,--,1,1101,卖盘
422,14:30:21,11.01,--,5,5505,卖盘
423,14:30:18,11.01,--,1,1101,卖盘
424,14:30:15,11.01,-0.01,2,2202,卖盘
425,14:30:12,11.02,0.01,1,1102,买盘
426,14:30:09,11.01,--,32,35232,卖盘
427,14:30:06,11.01,-0.01,1,1101,卖盘
428,14:30:03,11.02,--,6,6612,买盘
429,14:29:57,11.02,0.01,7,7714,买盘
430,14:29:51,11.01,--,1,1101,卖盘
431,14:29:48,11.01,--,37,40737,卖盘
432,14:29:45,11.01,-0.01,11,12111,卖盘
433,14:29:36,11.02,0.01,53,58406,买盘
434,14:29:33,11.01,--,2,2202,卖盘
435,14:29:30,11.01,--,13,14313,卖盘
436,14:29:24,11.01,--,1,1101,卖盘
437,14:29:21,11.01,--,11,12111,卖盘
438,14:29:18,11.01,-0.01,2,2202,卖盘
439,14:29:15,11.02,--,15,16530,买盘
440,14:29:12,11.02,--,71,78242,买盘
441,14:29:09,11.02,0.01,18,19836,买盘
442,14:29:06,11.01,-0.01,6,6606,卖盘
443,14:29:03,11.02,--,27,29754,买盘
444,14:29:00,11.02,0.01,2,2204,买盘
445,14:28:54,11.01,-0.01,7,7707,卖盘
446,14:28:51,11.02,0.01,5,5510,买盘
447,14:28:45,11.01,--,1,1101,卖盘
448,14:28:42,11.01,--,6,6606,卖盘
449,14:28:39,11.01,-0.01,30,33030,卖盘
450,14:28:33,11.02,--,30,33060,买盘
451,14:28:30,11.02,0.01,8,8816,买盘
452,14:28:24,11.01,-0.01,1,1101,卖盘
453,14:28:21,11.02,0.01,8,8816,买盘
454,14:28:18,11.01,--,7,7707,卖盘
455,14:28:09,11.01,--,2,2202,卖盘
456,14:28:06,11.01,--,11,12111,卖盘
457,14:28:03,11.01,-0.01,10,11010,卖盘
458,14:28:00,11.02,--,11,12122,买盘
459,14:27:57,11.02,--,19,20938,买盘
460,14:27:54,11.02,--,4,4408,买盘
461,14:27:48,11.02,--,31,34162,买盘
462,14:27:45,11.02,0.01,2,2204,买盘
463,14:27:42,11.01,-0.01,4,4404,卖盘
464,14:27:30,11.02,0.01,66,72732,买盘
465,14:27:27,11.01,--,7,7707,卖盘
466,14:27:24,11.01,-0.01,101,111201,卖盘
467,14:27:21,11.02,0.01,4,4408,买盘
468,14:27:18,11.01,--,1,1101,卖盘
469,14:27:15,11.01,--,6,6606,卖盘
470,14:27:09,11.01,--,1,1101,卖盘
471,14:27:06,11.01,--,639,703539,卖盘
472,14:27:03,11.01,-0.01,1,1101,卖盘
473,14:27:00,11.02,--,75,82650,买盘
474,14:26:57,11.02,0.01,3,3306,买盘
475,14:26:45,11.01,-0.01,7,7707,卖盘
476,14:26:39,11.02,--,30,33060,买盘
477,14:26:36,11.02,--,72,79344,买盘
478,14:26:30,11.02,--,11,12122,买盘
479,14:26:27,11.02,0.01,612,674424,买盘
480,14:26:24,11.01,--,1,1101,卖盘
481,14:26:18,11.01,-0.01,1,1101,卖盘
482,14:26:12,11.02,0.01,273,300846,买盘
483,14:26:09,11.01,--,1,1101,卖盘
484,14:26:06,11.01,-0.01,4,4404,卖盘
485,14:26:03,11.02,0.01,9,9918,买盘
486,14:25:54,11.01,-0.01,2,2202,卖盘
487,14:25:51,11.02,0.01,2,2204,买盘
488,14:25:48,11.01,-0.01,8,8808,卖盘
489,14:25:45,11.02,--,2,2204,买盘
490,14:25:39,11.02,--,86,94772,买盘
491,14:25:36,11.02,--,2,2204,买盘
492,14:25:33,11.02,--,5,5510,买盘
493,14:25:30,11.02,--,54,59508,买盘
494,14:25:27,11.02,--,63,69426,买盘
495,14:25:24,11.02,--,125,137750,买盘
496,14:25:21,11.02,--,2,2204,买盘
497,14:25:18,11.02,0.01,2,2204,买盘
498,14:25:15,11.01,--,80,88080,卖盘
499,14:25:09,11.01,--,1,1101,卖盘
500,14:25:06,11.01,-0.01,7,7707,卖盘
501,14:25:03,11.02,--,13,14326,买盘
502,14:25:00,11.02,--,5,5510,买盘
503,14:24:54,11.02,--,4,4408,买盘
504,14:24:51,11.02,--,10,11020,买盘
505,14:24:48,11.02,--,63,69426,买盘
506,14:24:45,11.02,--,5,5510,买盘
507,14:24:42,11.02,--,4,4408,买盘
508,14:24:36,11.02,--,12,13224,买盘
509,14:24:33,11.02,0.01,1,1102,买盘
510,14:24:30,11.01,-0.01,4,4404,卖盘
511,14:24:27,11.02,--,17,18734,买盘
512,14:24:24,11.02,--,116,127832,买盘
513,14:24:21,11.02,0.01,3,3306,买盘
514,14:24:18,11.01,-0.01,9,9909,卖盘
515,14:24:15,11.02,--,67,73834,买盘
516,14:24:12,11.02,0.01,1,1102,买盘
517,14:24:09,11.01,--,36,39636,卖盘
518,14:24:06,11.01,--,12,13212,卖盘
519,14:24:03,11.01,--,2,2202,卖盘
520,14:24:00,11.01,-0.01,35,38535,卖盘
521,14:23:57,11.02,--,104,114608,买盘
522,14:23:54,11.02,--,1,1102,买盘
523,14:23:51,11.02,--,69,76038,买盘
524,14:23:48,11.02,--,2,2204,买盘
525,14:23:45,11.02,--,7,7714,买盘
526,14:23:39,11.02,0.01,4,4408,买盘
527,14:23:36,11.01,--,12,13212,买盘
528,14:23:33,11.01,0.01,23,25323,买盘
529,14:23:30,11.0,-0.01,32,35200,卖盘
530,14:23:27,11.01,0.01,30,33030,买盘
531,14:23:24,11.0,-0.01,46,50600,卖盘
532,14:23:21,11.01,--,37,40737,买盘
533,14:23:18,11.01,--,5,5505,买盘
534,14:23:15,11.01,--,103,113403,买盘
535,14:23:12,11.01,0.01,5,5505,买盘
536,14:23:09,11.0,-0.01,55,61501,卖盘
537,14:23:06,11.01,--,3,3303,卖盘
538,14:23:03,11.01,--,23,25323,卖盘
539,14:23:00,11.01,-0.01,57,62757,卖盘
540,14:22:57,11.02,--,11,12122,买盘
541,14:22:54,11.02,0.01,14,15428,买盘
542,14:22:51,11.01,-0.01,53,58353,卖盘
543,14:22:48,11.02,--,2,2204,买盘
544,14:22:45,11.02,0.01,2,2204,买盘
545,14:22:42,11.01,0.01,36,39735,买盘
546,14:22:39,11.0,-0.01,96,105600,卖盘
547,14:22:36,11.01,--,36,39636,买盘
548,14:22:33,11.01,--,26,28626,买盘
549,14:22:30,11.01,0.01,117,128817,买盘
550,14:22:27,11.0,-0.01,243,267300,卖盘
551,14:22:21,11.01,0.01,3,3303,买盘
552,14:22:18,11.0,-0.01,120,132000,卖盘
553,14:22:15,11.01,0.01,62,68262,买盘
554,14:22:12,11.0,--,50,55000,卖盘
555,14:22:09,11.0,--,12,13200,卖盘
556,14:22:06,11.0,--,58,63800,卖盘
557,14:22:03,11.0,-0.01,11,12100,卖盘
558,14:22:00,11.01,--,1,1101,买盘
559,14:21:54,11.01,--,9,9909,买盘
560,14:21:51,11.01,0.01,1,1101,买盘
561,14:21:48,11.0,-0.01,54,59400,卖盘
562,14:21:45,11.01,0.01,3,3303,买盘
563,14:21:42,11.0,-0.01,7,7700,卖盘
564,14:21:33,11.01,--,7,7707,买盘
565,14:21:30,11.01,--,162,178362,买盘
566,14:21:27,11.01,--,16,17616,买盘
567,14:21:24,11.01,0.01,42,46242,买盘
568,14:21:18,11.0,--,2,2200,卖盘
569,14:21:15,11.0,-0.01,10,11000,卖盘
570,14:21:12,11.01,--,50,55050,买盘
571,14:21:09,11.01,0.01,4,4404,买盘
572,14:21:06,11.0,-0.01,12,13200,卖盘
573,14:21:03,11.01,0.01,87,95787,买盘
574,14:20:57,11.0,-0.01,9,9900,卖盘
575,14:20:54,11.01,--,43,47343,买盘
576,14:20:51,11.01,0.01,7,7707,买盘
577,14:20:48,11.0,-0.01,18,19800,卖盘
578,14:20:45,11.01,--,3,3545,买盘
579,14:20:42,11.01,--,63,69363,买盘
580,14:20:39,11.01,0.01,7,7707,买盘
581,14:20:36,11.0,--,57,62700,卖盘
582,14:20:33,11.0,--,26,28600,卖盘
583,14:20:30,11.0,-0.01,127,139700,卖盘
584,14:20:27,11.01,0.01,4,4404,买盘
585,14:20:24,11.0,--,38,41800,卖盘
586,14:20:21,11.0,--,66,72600,卖盘
587,14:20:18,11.0,-0.01,53,58300,卖盘
588,14:20:15,11.01,--,2,2202,买盘
589,14:20:12,11.01,0.01,1,1101,买盘
590,14:20:09,11.0,-0.01,3,3300,卖盘
591,14:20:06,11.01,0.01,15,16515,买盘
592,14:20:03,11.0,--,6,6600,卖盘
593,14:20:00,11.0,-0.01,8,8800,卖盘
594,14:19:54,11.01,--,11,12111,买盘
595,14:19:51,11.01,0.01,8,8808,买盘
596,14:19:48,11.0,-0.01,10,11000,卖盘
597,14:19:45,11.01,--,16,17616,买盘
598,14:19:42,11.01,--,49,53949,买盘
599,14:19:39,11.01,--,5,5505,买盘
600,14:19:33,11.01,0.01,10,11010,买盘
601,14:19:30,11.0,-0.01,4,4400,卖盘
602,14:19:27,11.01,0.01,16,17616,买盘
603,14:19:24,11.0,-0.01,2,2200,卖盘
604,14:19:21,11.01,0.01,12,13212,买盘
605,14:19:18,11.0,-0.01,2,2200,卖盘
606,14:19:15,11.01,--,1,1101,买盘
607,14:19:12,11.01,0.01,7,7707,买盘
608,14:19:09,11.0,-0.01,60,66000,卖盘
609,14:19:06,11.01,0.01,165,181665,买盘
610,14:19:03,11.0,-0.01,49,53900,卖盘
611,14:19:00,11.01,--,15,16515,买盘
612,14:18:57,11.01,--,401,441501,买盘
613,14:18:51,11.01,0.01,17,18717,买盘
614,14:18:48,11.0,-0.01,357,392700,卖盘
615,14:18:45,11.01,0.01,54,59454,买盘
616,14:18:42,11.0,-0.01,4,4400,卖盘
617,14:18:39,11.01,--,6,6606,买盘
618,14:18:36,11.01,0.01,70,77070,买盘
619,14:18:33,11.0,-0.01,11,12100,卖盘
620,14:18:30,11.01,--,27,29727,买盘
621,14:18:27,11.01,0.01,58,63858,买盘
622,14:18:24,11.0,--,141,155100,卖盘
623,14:18:18,11.0,--,29,31900,卖盘
624,14:18:15,11.0,-0.01,3,3300,卖盘
625,14:18:12,11.01,0.01,2,2202,买盘
626,14:18:06,11.0,--,52,57200,卖盘
627,14:18:03,11.0,--,16,17600,卖盘
628,14:18:00,11.0,-0.02,1,1100,卖盘
629,14:17:57,11.02,--,6,6612,买盘
630,14:17:54,11.02,0.01,7,7714,买盘
631,14:17:51,11.01,-0.01,9,10921,卖盘
632,14:17:48,11.02,--,66,72732,买盘
633,14:17:45,11.02,0.01,30,33060,买盘
634,14:17:42,11.01,--,1,1101,卖盘
635,14:17:39,11.01,--,350,385350,卖盘
636,14:17:33,11.01,--,14,15414,卖盘
637,14:17:30,11.01,--,76,83676,卖盘
638,14:17:27,11.01,-0.01,116,127716,卖盘
639,14:17:24,11.02,0.01,3,3306,买盘
640,14:17:21,11.01,--,306,336906,卖盘
641,14:17:18,11.01,--,32,35232,卖盘
642,14:17:15,11.01,-0.01,61,67161,卖盘
643,14:17:12,11.02,0.01,82,90364,买盘
644,14:17:09,11.01,--,17,18717,卖盘
645,14:17:06,11.01,--,1,1101,卖盘
646,14:17:03,11.01,--,6,6606,卖盘
647,14:17:00,11.01,-0.01,30,33030,卖盘
648,14:16:57,11.02,0.01,6,6612,买盘
649,14:16:54,11.01,--,77,84777,卖盘
650,14:16:51,11.01,-0.01,5,5505,卖盘
651,14:16:48,11.02,0.01,7,7714,买盘
652,14:16:45,11.01,-0.01,1,1101,卖盘
653,14:16:42,11.02,--,13,14326,买盘
654,14:16:39,11.02,--,11,12122,买盘
655,14:16:36,11.02,0.01,44,48488,买盘
656,14:16:33,11.01,--,5,5505,卖盘
657,14:16:30,11.01,-0.01,5,5505,卖盘
658,14:16:27,11.02,0.01,17,18734,买盘
659,14:16:24,11.01,-0.01,13,14313,卖盘
660,14:16:21,11.02,0.01,48,52896,买盘
661,14:16:18,11.01,-0.01,7,7707,卖盘
662,14:16:15,11.02,0.01,9,9918,买盘
663,14:16:12,11.01,-0.01,50,55050,卖盘
664,14:16:09,11.02,0.01,3,3306,买盘
665,14:16:06,11.01,--,9,9909,卖盘
666,14:16:03,11.01,--,7,7707,卖盘
667,14:16:00,11.01,-0.01,46,50646,卖盘
668,14:15:57,11.02,--,9,9918,买盘
669,14:15:54,11.02,0.01,8,8816,买盘
670,14:15:51,11.01,--,141,155241,卖盘
671,14:15:48,11.01,-0.01,8,8808,卖盘
672,14:15:45,11.02,--,101,111302,买盘
673,14:15:42,11.02,0.01,18,19836,买盘
674,14:15:39,11.01,-0.01,12,13212,卖盘
675,14:15:36,11.02,0.01,1,1102,买盘
676,14:15:33,11.01,--,12,13212,卖盘
677,14:15:30,11.01,-0.01,1,1101,卖盘
678,14:15:27,11.02,--,76,83752,买盘
679,14:15:24,11.02,--,47,51794,买盘
680,14:15:21,11.02,--,139,153178,买盘
681,14:15:18,11.02,0.01,33,36366,买盘
682,14:15:12,11.01,-0.01,2,2202,卖盘
683,14:15:09,11.02,0.01,13,14326,买盘
684,14:15:06,11.01,--,6,6606,卖盘
685,14:15:03,11.01,--,2,2202,卖盘
686,14:15:00,11.01,-0.01,58,63858,卖盘
687,14:14:57,11.02,--,19,20938,买盘
688,14:14:51,11.02,--,2,2204,买盘
689,14:14:48,11.02,--,55,60610,买盘
690,14:14:45,11.02,--,1,1102,买盘
691,14:14:39,11.02,0.01,8,8816,买盘
692,14:14:36,11.01,--,20,22020,卖盘
693,14:14:33,11.01,--,7,7707,卖盘
694,14:14:30,11.01,-0.01,5,5505,卖盘
695,14:14:27,11.02,0.01,8,8816,买盘
696,14:14:24,11.01,--,8,8808,卖盘
697,14:14:21,11.01,--,2,2202,卖盘
698,14:14:18,11.01,--,1,1101,卖盘
699,14:14:15,11.01,--,20,22020,卖盘
700,14:14:09,11.01,--,82,90282,卖盘
701,14:14:06,11.01,--,15,16515,卖盘
702,14:14:03,11.01,--,10,11010,卖盘
703,14:14:00,11.01,--,182,200382,卖盘
704,14:13:57,11.01,--,30,33030,卖盘
705,14:13:54,11.01,-0.01,145,159645,卖盘
706,14:13:51,11.02,--,10,11020,买盘
707,14:13:48,11.02,0.01,1,1102,买盘
708,14:13:45,11.01,--,1,1101,卖盘
709,14:13:42,11.01,--,226,248826,卖盘
710,14:13:39,11.01,--,160,176160,卖盘
711,14:13:36,11.01,-0.01,75,82575,卖盘
712,14:13:33,11.02,--,43,47386,买盘
713,14:13:30,11.02,--,7,7714,买盘
714,14:13:27,11.02,0.01,5,5510,买盘
715,14:13:21,11.01,-0.01,21,23121,卖盘
716,14:13:18,11.02,--,13,14326,买盘
717,14:13:09,11.02,0.01,12,13224,买盘
718,14:13:06,11.01,--,9,9909,卖盘
719,14:13:03,11.01,--,2,2202,卖盘
720,14:13:00,11.01,-0.01,10,11010,卖盘
721,14:12:57,11.02,--,66,72732,买盘
722,14:12:54,11.02,0.01,20,22040,买盘
723,14:12:51,11.01,--,11,12111,卖盘
724,14:12:48,11.01,-0.01,180,198180,卖盘
725,14:12:45,11.02,--,65,71630,买盘
726,14:12:42,11.02,0.01,1,1102,买盘
727,14:12:39,11.01,-0.01,1,1101,卖盘
728,14:12:36,11.02,0.01,6,6612,买盘
729,14:12:33,11.01,--,6,6606,卖盘
730,14:12:30,11.01,-0.01,13,14401,卖盘
731,14:12:27,11.02,0.01,65,71630,买盘
732,14:12:24,11.01,--,54,59454,卖盘
733,14:12:21,11.01,--,18,19818,卖盘
734,14:12:18,11.01,-0.01,46,50646,卖盘
735,14:12:15,11.02,--,119,131138,买盘
736,14:12:12,11.02,0.01,139,153178,买盘
737,14:12:09,11.01,--,24,26424,卖盘
738,14:12:06,11.01,--,1,1101,卖盘
739,14:12:03,11.01,--,15,16515,卖盘
740,14:12:00,11.01,-0.01,231,254331,卖盘
741,14:11:57,11.02,0.01,3,3306,买盘
742,14:11:54,11.01,--,3,3303,卖盘
743,14:11:51,11.01,--,44,48444,卖盘
744,14:11:48,11.01,--,44,48444,卖盘
745,14:11:45,11.01,-0.01,1,1101,卖盘
746,14:11:42,11.02,0.01,82,90364,买盘
747,14:11:39,11.01,--,1,1101,卖盘
748,14:11:36,11.01,--,16,17616,卖盘
749,14:11:33,11.01,-0.01,5,5505,卖盘
750,14:11:30,11.02,0.01,126,138852,买盘
751,14:11:27,11.01,--,16,17616,卖盘
752,14:11:24,11.01,--,202,222402,卖盘
753,14:11:18,11.01,-0.01,25,27525,卖盘
754,14:11:12,11.02,0.01,45,49590,买盘
755,14:11:09,11.01,--,9,9909,卖盘
756,14:11:03,11.01,-0.01,4,4404,卖盘
757,14:11:00,11.02,--,27,29754,买盘
758,14:10:57,11.02,0.01,20,22040,买盘
759,14:10:54,11.01,--,6,6606,卖盘
760,14:10:48,11.01,--,3,3303,卖盘
761,14:10:45,11.01,-0.01,30,33030,卖盘
762,14:10:39,11.02,0.01,7,7714,买盘
763,14:10:36,11.01,-0.01,45,49545,卖盘
764,14:10:33,11.02,--,6,6612,买盘
765,14:10:30,11.02,0.01,87,95874,买盘
766,14:10:27,11.01,--,10,11010,卖盘
767,14:10:24,11.01,--,8,8808,卖盘
768,14:10:21,11.01,--,20,22020,卖盘
769,14:10:18,11.01,-0.01,9,9909,卖盘
770,14:10:12,11.02,--,14,15428,买盘
771,14:10:09,11.02,0.01,404,445208,买盘
772,14:10:06,11.01,0.01,53,58848,买盘
773,14:10:03,11.0,-0.01,612,673200,卖盘
774,14:10:00,11.01,0.01,54,59454,买盘
775,14:09:57,11.0,--,7,7700,卖盘
776,14:09:54,11.0,-0.01,141,155100,卖盘
777,14:09:51,11.01,--,7,7707,买盘
778,14:09:45,11.01,0.01,156,171756,买盘
779,14:09:42,11.0,-0.01,14,15400,卖盘
780,14:09:39,11.01,0.01,6,6606,买盘
781,14:09:36,11.0,--,1,1100,卖盘
782,14:09:33,11.0,--,7,7700,卖盘
783,14:09:30,11.0,-0.01,29,31900,卖盘
784,14:09:27,11.01,--,8,8808,买盘
785,14:09:24,11.01,0.01,70,77070,买盘
786,14:09:21,11.0,--,1,1100,卖盘
787,14:09:18,11.0,-0.01,20,22000,卖盘
788,14:09:15,11.01,0.01,57,62757,买盘
789,14:09:12,11.0,--,268,295042,卖盘
790,14:09:09,11.0,--,180,198000,卖盘
791,14:09:06,11.0,--,15,16500,卖盘
792,14:09:03,11.0,--,69,75900,卖盘
793,14:09:00,11.0,-0.01,120,132000,卖盘
794,14:08:54,11.01,0.01,7,7707,买盘
795,14:08:51,11.0,--,1,1100,卖盘
796,14:08:48,11.0,-0.01,46,50600,卖盘
797,14:08:45,11.01,0.01,76,83676,买盘
798,14:08:42,11.0,-0.01,20,22000,卖盘
799,14:08:39,11.01,--,7,7707,买盘
800,14:08:36,11.01,--,33,36333,买盘
801,14:08:33,11.01,--,271,299229,卖盘
802,14:08:30,11.01,--,9,9909,卖盘
803,14:08:27,11.01,-0.01,40,44040,卖盘
804,14:08:21,11.02,0.02,10,11262,买盘
805,14:08:18,11.0,-0.01,89,97900,卖盘
806,14:08:15,11.01,--,10,11010,买盘
807,14:08:12,11.01,0.01,55,60555,买盘
808,14:08:09,11.0,--,67,73700,卖盘
809,14:08:03,11.0,-0.02,4,5258,卖盘
810,14:08:00,11.02,--,874,963148,买盘
811,14:07:57,11.02,0.01,19,20938,买盘
812,14:07:54,11.01,-0.01,80,88080,卖盘
813,14:07:51,11.02,0.01,109,120118,买盘
814,14:07:48,11.01,--,37,40737,卖盘
815,14:07:45,11.01,--,105,115605,卖盘
816,14:07:42,11.01,--,391,430491,卖盘
817,14:07:39,11.01,--,186,204786,卖盘
818,14:07:36,11.01,--,10,11010,卖盘
819,14:07:33,11.01,--,52,57252,卖盘
820,14:07:30,11.01,-0.01,6,6606,卖盘
821,14:07:27,11.02,0.01,16,17632,买盘
822,14:07:24,11.01,-0.01,2,2444,卖盘
823,14:07:21,11.02,0.01,83,91466,买盘
824,14:07:18,11.01,--,8,8808,卖盘
825,14:07:15,11.01,--,3,3303,卖盘
826,14:07:09,11.01,-0.01,2,2202,卖盘
827,14:07:06,11.02,-0.01,7,7714,买盘
828,14:07:03,11.03,--,3,3309,买盘
829,14:07:00,11.03,0.01,68,75004,买盘
830,14:06:57,11.02,-0.01,927,1021554,卖盘
831,14:06:54,11.03,--,49,54047,买盘
832,14:06:48,11.03,0.01,677,746731,买盘
833,14:06:45,11.02,--,1,1102,卖盘
834,14:06:42,11.02,--,16,17632,卖盘
835,14:06:36,11.02,--,25,27550,卖盘
836,14:06:33,11.02,--,45,49590,卖盘
837,14:06:30,11.02,--,1,1102,卖盘
838,14:06:27,11.02,--,12,13224,卖盘
839,14:06:24,11.02,-0.01,1,1102,卖盘
840,14:06:21,11.03,--,157,173171,买盘
841,14:06:18,11.03,0.01,53,58459,买盘
842,14:06:15,11.02,--,10,11020,卖盘
843,14:06:09,11.02,--,176,193952,卖盘
844,14:06:06,11.02,--,5,5510,卖盘
845,14:06:03,11.02,--,2,2204,卖盘
846,14:06:00,11.02,-0.01,27,29754,卖盘
847,14:05:57,11.03,0.01,3,3309,买盘
848,14:05:54,11.02,--,49,53998,卖盘
849,14:05:51,11.02,-0.01,2,2204,卖盘
850,14:05:48,11.03,0.01,7,7721,买盘
851,14:05:45,11.02,--,8,8816,卖盘
852,14:05:42,11.02,-0.01,50,55100,卖盘
853,14:05:39,11.03,--,123,135669,买盘
854,14:05:36,11.03,0.01,8,8824,买盘
855,14:05:30,11.02,--,34,37468,卖盘
856,14:05:27,11.02,-0.01,4,4408,卖盘
857,14:05:24,11.03,--,8,8824,买盘
858,14:05:18,11.03,--,3,3309,买盘
859,14:05:15,11.03,0.01,127,140081,买盘
860,14:05:12,11.02,--,55,60610,卖盘
861,14:05:09,11.02,--,82,90364,卖盘
862,14:05:06,11.02,--,30,33060,卖盘
863,14:05:03,11.02,-0.01,11,12122,卖盘
864,14:05:00,11.03,0.01,46,50738,买盘
865,14:04:57,11.02,--,12,13224,卖盘
866,14:04:54,11.02,--,7,7714,卖盘
867,14:04:51,11.02,-0.01,7,7714,卖盘
868,14:04:45,11.03,--,134,147802,卖盘
869,14:04:42,11.03,--,74,81622,卖盘
870,14:04:39,11.03,--,133,146699,卖盘
871,14:04:33,11.03,-0.01,122,134566,卖盘
872,14:04:30,11.04,0.01,7,7727,买盘
873,14:04:27,11.03,-0.01,6,6618,卖盘
874,14:04:24,11.04,--,69,76176,买盘
875,14:04:21,11.04,0.01,7,7727,买盘
876,14:04:18,11.03,-0.01,54,59562,卖盘
877,14:04:15,11.04,--,1,1104,买盘
878,14:04:09,11.04,0.01,7,7727,买盘
879,14:04:06,11.03,--,11,12133,卖盘
880,14:04:03,11.03,--,1,1103,卖盘
881,14:04:00,11.03,-0.01,9,9927,卖盘
882,14:03:57,11.04,0.01,4,4416,买盘
883,14:03:54,11.03,-0.01,1,1103,卖盘
884,14:03:48,11.04,0.01,55,60719,买盘
885,14:03:45,11.03,-0.01,3,3309,卖盘
886,14:03:39,11.04,-0.01,26,29708,卖盘
887,14:03:36,11.05,--,23,25415,买盘
888,14:03:33,11.05,--,23,25415,买盘
889,14:03:30,11.05,--,68,75140,买盘
890,14:03:27,11.05,0.01,72,79560,买盘
891,14:03:24,11.04,--,6,6623,卖盘
892,14:03:21,11.04,--,3,3311,卖盘
893,14:03:18,11.04,--,14,15455,卖盘
894,14:03:12,11.04,0.02,993,1096371,买盘
895,14:03:09,11.02,--,54,59508,卖盘
896,14:03:06,11.02,--,18,19836,卖盘
897,14:03:03,11.02,--,11,12122,卖盘
898,14:03:00,11.02,-0.01,1,1102,卖盘
899,14:02:57,11.03,--,108,119124,买盘
900,14:02:54,11.03,0.01,5,5515,买盘
901,14:02:48,11.02,--,9,9918,卖盘
902,14:02:45,11.02,--,13,14326,卖盘
903,14:02:36,11.02,-0.01,48,52896,卖盘
904,14:02:33,11.03,--,46,50738,买盘
905,14:02:30,11.03,--,105,115815,买盘
906,14:02:27,11.03,0.01,12,13236,买盘
907,14:02:24,11.02,-0.01,2,2204,卖盘
908,14:02:21,11.03,-0.01,53,59462,卖盘
909,14:02:18,11.04,--,8,8832,买盘
910,14:02:15,11.04,0.01,20,22080,买盘
911,14:02:12,11.03,--,2,2206,卖盘
912,14:02:09,11.03,--,10,11030,卖盘
913,14:02:06,11.03,--,2,2206,卖盘
914,14:02:03,11.03,-0.01,2,2206,卖盘
915,14:02:00,11.04,--,7,7727,买盘
916,14:01:57,11.04,0.01,54,59615,买盘
917,14:01:54,11.03,-0.01,111,122433,卖盘
918,14:01:51,11.04,--,30,33120,买盘
919,14:01:48,11.04,--,308,340032,买盘
920,14:01:45,11.04,0.01,76,83904,买盘
921,14:01:42,11.03,-0.01,369,407282,卖盘
922,14:01:39,11.04,--,7,7727,买盘
923,14:01:36,11.04,--,7,7727,买盘
924,14:01:30,11.04,--,1,1104,买盘
925,14:01:27,11.04,0.01,8,8832,买盘
926,14:01:24,11.03,-0.01,1,1103,卖盘
927,14:01:21,11.04,--,54,59615,买盘
928,14:01:18,11.04,0.01,2,2208,买盘
929,14:01:12,11.03,-0.01,2,2206,卖盘
930,14:01:09,11.04,0.01,82,90528,买盘
931,14:01:06,11.03,--,13,14339,卖盘
932,14:01:03,11.03,--,2,2206,卖盘
933,14:01:00,11.03,--,7,7721,卖盘
934,14:00:57,11.03,-0.01,2,2206,卖盘
935,14:00:54,11.04,0.01,5,5520,买盘
936,14:00:51,11.03,--,7,7721,卖盘
937,14:00:45,11.03,-0.01,19,20957,卖盘
938,14:00:42,11.04,0.01,45,49679,买盘
939,14:00:39,11.03,-0.01,100,110300,卖盘
940,14:00:33,11.04,--,11,12143,买盘
941,14:00:30,11.04,0.01,1146,1265184,买盘
942,14:00:27,11.03,--,116,127947,卖盘
943,14:00:24,11.03,--,10,11030,卖盘
944,14:00:21,11.03,--,3,3309,卖盘
945,14:00:18,11.03,--,49,54929,卖盘
946,14:00:12,11.03,-0.01,20,22060,卖盘
947,14:00:09,11.04,--,1,1104,买盘
948,14:00:06,11.04,0.01,51,56303,买盘
949,14:00:03,11.03,-0.01,1,1103,卖盘
950,14:00:00,11.04,0.01,73,80592,买盘
951,13:59:57,11.03,--,4,4412,卖盘
952,13:59:54,11.03,-0.01,10,11030,卖盘
953,13:59:51,11.04,0.01,5,5520,买盘
954,13:59:48,11.03,--,159,175377,卖盘
955,13:59:45,11.03,--,1,1103,卖盘
956,13:59:42,11.03,--,7,7721,卖盘
957,13:59:39,11.03,-0.01,0,242,卖盘
958,13:59:36,11.04,0.01,5,5520,买盘
959,13:59:30,11.03,--,53,58459,卖盘
960,13:59:27,11.03,--,32,35296,卖盘
961,13:59:24,11.03,--,21,23163,卖盘
962,13:59:21,11.03,--,1,1103,卖盘
963,13:59:15,11.03,-0.01,5,5515,卖盘
964,13:59:12,11.04,--,6,6623,买盘
965,13:59:09,11.04,0.01,82,90528,买盘
966,13:59:06,11.03,--,8,8824,卖盘
967,13:59:03,11.03,-0.01,31,34193,卖盘
968,13:59:00,11.04,--,2,2208,买盘
969,13:58:57,11.04,--,4,4416,买盘
970,13:58:54,11.04,--,70,77721,买盘
971,13:58:51,11.04,--,15,16560,买盘
972,13:58:48,11.04,0.01,1,1104,买盘
973,13:58:45,11.03,-0.01,1,1103,卖盘
974,13:58:39,11.04,--,5,5520,买盘
975,13:58:36,11.04,--,26,28703,买盘
976,13:58:30,11.04,0.01,5,5520,买盘
977,13:58:27,11.03,--,2,2206,卖盘
978,13:58:24,11.03,-0.01,1,1103,卖盘
979,13:58:21,11.04,--,5,5520,买盘
980,13:58:18,11.04,--,50,55199,买盘
981,13:58:15,11.04,0.01,71,78384,买盘
982,13:58:12,11.03,-0.01,103,113609,卖盘
983,13:58:09,11.04,0.01,8,8832,买盘
984,13:58:06,11.03,--,15,16545,卖盘
985,13:58:00,11.03,-0.01,4,4412,卖盘
986,13:57:54,11.04,0.01,5,5520,买盘
987,13:57:51,11.03,--,43,47429,卖盘
988,13:57:45,11.03,-0.01,1,1103,卖盘
989,13:57:42,11.04,--,45,49679,买盘
990,13:57:39,11.04,--,6,6623,买盘
991,13:57:36,11.04,--,100,110399,买盘
992,13:57:33,11.04,0.01,29,32015,买盘
993,13:57:30,11.03,--,7,7721,卖盘
994,13:57:24,11.03,--,12,13236,卖盘
995,13:57:21,11.03,--,6,6618,卖盘
996,13:57:15,11.03,--,11,12133,卖盘
997,13:57:12,11.03,--,2,2206,卖盘
998,13:57:09,11.03,-0.01,2,2206,卖盘
999,13:57:06,11.04,0.01,50,55199,买盘
1000,13:57:03,11.03,-0.01,4,4412,卖盘
1001,13:57:00,11.04,0.01,2,2208,买盘
1002,13:56:57,11.03,-0.01,88,97064,卖盘
1003,13:56:54,11.04,0.01,10,11040,买盘
1004,13:56:48,11.03,-0.01,1,1103,卖盘
1005,13:56:45,11.04,--,5,5520,买盘
1006,13:56:36,11.04,--,10,11040,买盘
1007,13:56:30,11.04,--,113,124751,买盘
1008,13:56:27,11.04,0.01,5,5520,买盘
1009,13:56:24,11.03,--,15,16545,卖盘
1010,13:56:21,11.03,-0.01,102,112506,卖盘
1011,13:56:18,11.04,--,21,23184,买盘
1012,13:56:15,11.04,--,1,1104,买盘
1013,13:56:09,11.04,0.01,5,5520,买盘
1014,13:56:03,11.03,-0.01,27,29781,卖盘
1015,13:56:00,11.04,0.01,12,13247,买盘
1016,13:55:57,11.03,-0.01,52,57356,卖盘
1017,13:55:54,11.04,0.01,61,67344,买盘
1018,13:55:51,11.03,-0.01,5,5515,卖盘
1019,13:55:48,11.04,--,36,39744,买盘
1020,13:55:45,11.04,0.01,56,61823,买盘
1021,13:55:39,11.03,-0.01,24,26472,卖盘
1022,13:55:36,11.04,0.01,8,8832,买盘
1023,13:55:33,11.03,-0.01,1,1103,卖盘
1024,13:55:30,11.04,--,5,5520,买盘
1025,13:55:27,11.04,0.01,20,22080,买盘
1026,13:55:24,11.03,-0.01,6,6618,卖盘
1027,13:55:18,11.04,0.01,60,66240,买盘
1028,13:55:15,11.03,--,220,242660,卖盘
1029,13:55:09,11.03,-0.01,13,14339,卖盘
1030,13:55:06,11.04,0.01,4,4416,买盘
1031,13:55:03,11.03,-0.01,7,7721,卖盘
1032,13:55:00,11.04,--,1,1104,买盘
1033,13:54:57,11.04,--,108,119231,买盘
1034,13:54:48,11.04,-0.01,24,26495,中性盘
1035,13:54:45,11.05,0.02,74,81770,买盘
1036,13:54:42,11.03,-0.01,1,1103,卖盘
1037,13:54:39,11.04,--,44,48575,买盘
1038,13:54:36,11.04,--,21,23184,买盘
1039,13:54:33,11.04,0.01,176,194303,买盘
1040,13:54:30,11.03,-0.01,4,4412,卖盘
1041,13:54:27,11.04,0.01,5,5520,买盘
1042,13:54:24,11.03,--,1,1103,卖盘
1043,13:54:21,11.03,-0.01,11,12133,卖盘
1044,13:54:15,11.04,0.01,15,16560,买盘
1045,13:54:12,11.03,--,50,55150,卖盘
1046,13:54:06,11.03,-0.01,14,15442,卖盘
1047,13:54:03,11.04,--,56,61823,买盘
1048,13:54:00,11.04,0.01,23,25391,买盘
1049,13:53:57,11.03,--,1,1103,卖盘
1050,13:53:51,11.03,--,1,1103,卖盘
1051,13:53:48,11.03,-0.01,8,8824,卖盘
1052,13:53:45,11.04,0.01,9,9936,买盘
1053,13:53:42,11.03,-0.01,18,19854,卖盘
1054,13:53:39,11.04,-0.01,37,40848,卖盘
1055,13:53:33,11.05,0.01,6,6630,买盘
1056,13:53:30,11.04,--,17,18768,卖盘
1057,13:53:27,11.04,--,82,90528,卖盘
1058,13:53:24,11.04,--,901,994703,卖盘
1059,13:53:21,11.04,-0.01,3,3311,卖盘
1060,13:53:18,11.05,0.01,5,5525,买盘
1061,13:53:15,11.04,-0.01,77,85008,卖盘
1062,13:53:12,11.05,0.01,6,6630,买盘
1063,13:53:09,11.04,--,23,25391,卖盘
1064,13:53:06,11.04,--,4,4416,卖盘
1065,13:53:03,11.04,-0.01,15,16560,卖盘
1066,13:53:00,11.05,0.01,72,79560,买盘
1067,13:52:57,11.04,--,23,25391,卖盘
1068,13:52:54,11.04,--,35,38640,卖盘
1069,13:52:51,11.04,-0.01,209,230735,卖盘
1070,13:52:48,11.05,0.01,3,3315,买盘
1071,13:52:39,11.04,--,10,11040,卖盘
1072,13:52:36,11.04,--,24,26495,卖盘
1073,13:52:33,11.04,--,15,16560,卖盘
1074,13:52:30,11.04,--,1,1104,卖盘
1075,13:52:24,11.04,--,9,9936,卖盘
1076,13:52:21,11.04,-0.01,144,158976,卖盘
1077,13:52:18,11.05,0.01,19,20995,买盘
1078,13:52:15,11.04,-0.01,1954,2157216,卖盘
1079,13:52:12,11.05,--,45,49725,买盘
1080,13:52:09,11.05,0.01,5,5525,买盘
1081,13:52:06,11.04,--,5,5520,卖盘
1082,13:52:03,11.04,-0.02,10,11040,卖盘
1083,13:52:00,11.06,0.01,4,4424,买盘
1084,13:51:57,11.05,0.01,1005,1110525,买盘
1085,13:51:54,11.04,-0.01,21,23184,卖盘
1086,13:51:48,11.05,--,5,5525,买盘
1087,13:51:45,11.05,--,5,5525,买盘
1088,13:51:39,11.05,--,11,12155,买盘
1089,13:51:36,11.05,0.01,94,103870,买盘
1090,13:51:33,11.04,--,6,6623,卖盘
1091,13:51:27,11.04,-0.01,7,7727,卖盘
1092,13:51:24,11.05,--,10,11050,买盘
1093,13:51:15,11.05,--,75,82875,买盘
1094,13:51:12,11.05,--,8,8840,买盘
1095,13:51:09,11.05,0.01,5,5525,买盘
1096,13:51:06,11.04,--,7,7727,卖盘
1097,13:51:03,11.04,-0.01,12,13247,卖盘
1098,13:51:00,11.05,--,47,51935,买盘
1099,13:50:57,11.05,0.01,4,4420,买盘
1100,13:50:51,11.04,-0.01,10,11040,卖盘
1101,13:50:48,11.05,0.01,5,5525,买盘
1102,13:50:45,11.04,-0.01,14,15455,卖盘
1103,13:50:42,11.05,0.01,9,9945,买盘
1104,13:50:36,11.04,-0.01,1,1104,卖盘
1105,13:50:33,11.05,0.01,5,5525,买盘
1106,13:50:27,11.04,--,3,3311,卖盘
1107,13:50:24,11.04,-0.01,2,2208,卖盘
1108,13:50:21,11.05,--,48,53040,买盘
1109,13:50:18,11.05,0.01,25,27625,买盘
1110,13:50:15,11.04,-0.01,43,47471,卖盘
1111,13:50:12,11.05,--,20,22100,买盘
1112,13:50:09,11.05,0.01,5,5525,买盘
1113,13:50:06,11.04,--,15,16560,卖盘
1114,13:50:03,11.04,-0.01,14,15455,卖盘
1115,13:50:00,11.05,--,4,4420,买盘
1116,13:49:57,11.05,0.01,5,5525,买盘
1117,13:49:54,11.04,-0.01,5,5520,卖盘
1118,13:49:51,11.05,--,9,9945,买盘
1119,13:49:48,11.05,--,15,16575,买盘
1120,13:49:45,11.05,-0.01,489,540731,卖盘
1121,13:49:42,11.06,--,331,366086,买盘
1122,13:49:39,11.06,--,25,27650,买盘
1123,13:49:36,11.06,--,4,4424,买盘
1124,13:49:33,11.06,--,272,300832,买盘
1125,13:49:30,11.06,--,78,86268,买盘
1126,13:49:27,11.06,0.01,10,11060,买盘
1127,13:49:24,11.05,-0.01,15,16575,卖盘
1128,13:49:21,11.06,0.01,14,15484,买盘
1129,13:49:18,11.05,--,66,72930,卖盘
1130,13:49:15,11.05,-0.01,11,12155,卖盘
1131,13:49:09,11.06,0.01,55,60830,买盘
1132,13:49:06,11.05,--,7,7735,卖盘
1133,13:49:03,11.05,-0.01,14,15470,卖盘
1134,13:49:00,11.06,0.01,4,4424,买盘
1135,13:48:57,11.05,--,1,1105,卖盘
1136,13:48:54,11.05,--,3,3315,卖盘
1137,13:48:51,11.05,--,44,48620,卖盘
1138,13:48:48,11.05,--,86,95030,卖盘
1139,13:48:45,11.05,--,12,13260,卖盘
1140,13:48:42,11.05,-0.01,14,15470,卖盘
1141,13:48:39,11.06,0.01,8,8848,买盘
1142,13:48:36,11.05,--,11,12155,卖盘
1143,13:48:33,11.05,--,138,152490,卖盘
1144,13:48:30,11.05,-0.01,43,47515,卖盘
1145,13:48:24,11.06,--,86,95116,买盘
1146,13:48:21,11.06,0.01,36,39816,买盘
1147,13:48:15,11.05,--,85,93925,卖盘
1148,13:48:12,11.05,--,6,6630,卖盘
1149,13:48:06,11.05,--,330,364650,卖盘
1150,13:48:03,11.05,--,11,12155,卖盘
1151,13:48:00,11.05,-0.01,2,2210,卖盘
1152,13:47:54,11.06,--,69,76557,买盘
1153,13:47:51,11.06,0.01,15,16590,买盘
1154,13:47:48,11.05,-0.01,7,7735,卖盘
1155,13:47:45,11.06,--,76,84056,买盘
1156,13:47:42,11.06,--,4,4424,买盘
1157,13:47:36,11.06,0.01,11,12166,买盘
1158,13:47:33,11.05,-0.01,16,17680,卖盘
1159,13:47:30,11.06,0.01,19,21014,买盘
1160,13:47:27,11.05,--,7,7735,卖盘
1161,13:47:24,11.05,-0.01,25,27625,卖盘
1162,13:47:21,11.06,--,5,5530,买盘
1163,13:47:18,11.06,0.01,49,54194,买盘
1164,13:47:15,11.05,-0.01,7,7735,卖盘
1165,13:47:09,11.06,--,6,6636,买盘
1166,13:47:06,11.06,0.01,20,22120,买盘
1167,13:47:03,11.05,-0.01,11,12155,卖盘
1168,13:47:00,11.06,--,180,199080,买盘
1169,13:46:54,11.06,0.01,5,5530,买盘
1170,13:46:51,11.05,--,16,17680,卖盘
1171,13:46:48,11.05,--,5,5525,卖盘
1172,13:46:45,11.05,--,3,3315,卖盘
1173,13:46:42,11.05,-0.01,3,3315,卖盘
1174,13:46:39,11.06,0.01,49,54194,买盘
1175,13:46:36,11.05,--,1,1105,卖盘
1176,13:46:33,11.05,-0.01,6,6630,卖盘
1177,13:46:24,11.06,--,4,4424,买盘
1178,13:46:21,11.06,--,6,6636,买盘
1179,13:46:18,11.06,0.01,7,7742,买盘
1180,13:46:15,11.05,--,11,12155,卖盘
1181,13:46:12,11.05,-0.01,1,1105,卖盘
1182,13:46:06,11.06,0.01,36,39816,买盘
1183,13:46:03,11.05,-0.01,62,68510,卖盘
1184,13:46:00,11.06,0.01,69,76314,买盘
1185,13:45:57,11.05,--,13,14365,卖盘
1186,13:45:54,11.05,-0.01,15,16575,卖盘
1187,13:45:51,11.06,--,6,6636,买盘
1188,13:45:48,11.06,0.01,5,5530,买盘
1189,13:45:45,11.05,--,11,12155,卖盘
1190,13:45:42,11.05,--,10,11050,卖盘
1191,13:45:39,11.05,-0.01,7,7735,卖盘
1192,13:45:36,11.06,--,21,23226,买盘
1193,13:45:33,11.06,--,15,16590,买盘
1194,13:45:27,11.06,0.01,45,49770,买盘
1195,13:45:24,11.05,-0.01,1,1105,卖盘
1196,13:45:18,11.06,0.01,10,11060,买盘
1197,13:45:15,11.05,-0.01,1,1105,卖盘
1198,13:45:09,11.06,0.01,12,13272,买盘
1199,13:45:03,11.05,-0.01,6,6630,卖盘
1200,13:45:00,11.06,--,1,1106,买盘
1201,13:44:57,11.06,0.01,10,11060,买盘
1202,13:44:54,11.05,-0.01,1,1105,卖盘
1203,13:44:51,11.06,--,46,50876,买盘
1204,13:44:48,11.06,0.01,5,5530,买盘
1205,13:44:45,11.05,--,1,1105,卖盘
1206,13:44:42,11.05,-0.01,3,3315,卖盘
1207,13:44:39,11.06,0.01,90,99540,买盘
1208,13:44:36,11.05,--,2,2210,卖盘
1209,13:44:33,11.05,--,3,3315,卖盘
1210,13:44:30,11.05,--,10,11050,卖盘
1211,13:44:24,11.05,-0.01,6,6630,卖盘
1212,13:44:18,11.06,--,1,1106,买盘
1213,13:44:15,11.06,--,129,142674,买盘
1214,13:44:12,11.06,0.01,5,5530,买盘
1215,13:44:03,11.05,-0.01,29,32045,卖盘
1216,13:44:00,11.06,--,6,6636,买盘
1217,13:43:57,11.06,--,2,2212,买盘
1218,13:43:54,11.06,--,31,34286,买盘
1219,13:43:51,11.06,0.01,5,5530,买盘
1220,13:43:48,11.05,-0.01,2,2210,卖盘
1221,13:43:45,11.06,--,10,11060,买盘
1222,13:43:42,11.06,--,2,2212,买盘
1223,13:43:39,11.06,--,4,4424,买盘
1224,13:43:36,11.06,--,111,122766,买盘
1225,13:43:33,11.06,--,3,3318,买盘
1226,13:43:30,11.06,--,30,33180,买盘
1227,13:43:27,11.06,0.01,870,962220,买盘
1228,13:43:24,11.05,-0.01,3,3315,卖盘
1229,13:43:18,11.06,0.01,5,5530,买盘
1230,13:43:15,11.05,-0.01,8,8840,卖盘
1231,13:43:06,11.06,0.01,5,5530,买盘
1232,13:43:03,11.05,-0.01,7,7735,卖盘
1233,13:43:00,11.06,0.01,47,51982,买盘
1234,13:42:57,11.05,--,92,102135,买盘
1235,13:42:54,11.05,--,20,22100,买盘
1236,13:42:51,11.05,--,29,32045,买盘
1237,13:42:45,11.05,0.01,7,7735,买盘
1238,13:42:42,11.04,-0.01,3,3311,卖盘
1239,13:42:36,11.05,--,192,212160,买盘
1240,13:42:33,11.05,--,12,13260,买盘
1241,13:42:30,11.05,--,3,3315,买盘
1242,13:42:27,11.05,--,68,75140,买盘
1243,13:42:24,11.05,--,228,251940,买盘
1244,13:42:21,11.05,0.01,30,33150,买盘
1245,13:42:18,11.04,--,110,121439,卖盘
1246,13:42:15,11.04,--,8,8832,卖盘
1247,13:42:12,11.04,--,172,189887,卖盘
1248,13:42:09,11.04,--,5,5520,卖盘
1249,13:42:06,11.04,--,4,4416,卖盘
1250,13:42:03,11.04,-0.01,12,13247,卖盘
1251,13:42:00,11.05,--,5,5525,买盘
1252,13:41:57,11.05,--,358,395590,买盘
1253,13:41:54,11.05,--,8,8840,买盘
1254,13:41:48,11.05,0.01,51,56355,买盘
1255,13:41:45,11.04,-0.01,1,1104,卖盘
1256,13:41:42,11.05,--,6,6630,买盘
1257,13:41:39,11.05,0.01,12,13260,买盘
1258,13:41:36,11.04,-0.01,2,2208,卖盘
1259,13:41:33,11.05,0.01,6,6630,买盘
1260,13:41:27,11.04,--,52,57407,卖盘
1261,13:41:24,11.04,-0.01,1,1104,卖盘
1262,13:41:21,11.05,--,5,5525,买盘
1263,13:41:18,11.05,--,1,1105,买盘
1264,13:41:15,11.05,--,7,7735,买盘
1265,13:41:12,11.05,--,49,54145,买盘
1266,13:41:09,11.05,0.01,1,1105,买盘
1267,13:41:06,11.04,--,7,7727,卖盘
1268,13:41:03,11.04,-0.01,7,7727,卖盘
1269,13:41:00,11.05,--,5,5525,买盘
1270,13:40:57,11.05,--,2,2210,买盘
1271,13:40:54,11.05,0.01,9,9945,买盘
1272,13:40:51,11.04,-0.01,1,1104,卖盘
1273,13:40:48,11.05,--,6,6630,买盘
1274,13:40:45,11.05,0.01,80,88400,买盘
1275,13:40:42,11.04,-0.01,6,6623,卖盘
1276,13:40:36,11.05,--,93,102765,买盘
1277,13:40:33,11.05,--,5,5525,买盘
1278,13:40:27,11.05,0.01,5,5525,买盘
1279,13:40:24,11.04,-0.01,1,1104,卖盘
1280,13:40:21,11.05,--,5,5525,买盘
1281,13:40:15,11.05,--,5,5525,买盘
1282,13:40:12,11.05,--,49,54145,买盘
1283,13:40:09,11.05,0.01,6,6630,买盘
1284,13:40:06,11.04,-0.01,36,39744,卖盘
1285,13:40:03,11.05,0.01,7,7735,买盘
1286,13:40:00,11.04,-0.01,2,2208,卖盘
1287,13:39:57,11.05,--,52,57460,买盘
1288,13:39:54,11.05,--,5,5525,买盘
1289,13:39:48,11.05,--,5,5525,买盘
1290,13:39:45,11.05,--,2,2210,买盘
1291,13:39:42,11.05,0.01,10,11050,买盘
1292,13:39:39,11.04,-0.01,6,6623,卖盘
1293,13:39:36,11.05,--,5,5525,买盘
1294,13:39:33,11.05,--,18,19890,买盘
1295,13:39:24,11.05,--,111,122655,买盘
1296,13:39:21,11.05,--,5,5525,买盘
1297,13:39:18,11.05,--,46,50830,买盘
1298,13:39:15,11.05,--,5,5525,买盘
1299,13:39:12,11.05,--,30,33150,买盘
1300,13:39:09,11.05,0.01,5,5525,买盘
1301,13:39:03,11.04,-0.01,20,22080,卖盘
1302,13:39:00,11.05,--,25,27625,买盘
1303,13:38:57,11.05,0.01,169,186745,买盘
1304,13:38:54,11.04,-0.01,12,13247,卖盘
1305,13:38:51,11.05,--,11,12155,买盘
1306,13:38:48,11.05,--,7,7735,买盘
1307,13:38:45,11.05,--,1,1105,买盘
1308,13:38:42,11.05,--,55,60775,买盘
1309,13:38:39,11.05,--,41,45305,买盘
1310,13:38:30,11.05,--,20,22100,买盘
1311,13:38:27,11.05,0.01,9,9945,买盘
1312,13:38:24,11.04,-0.01,14,15455,卖盘
1313,13:38:21,11.05,--,5,5525,买盘
1314,13:38:15,11.05,--,10,11050,买盘
1315,13:38:09,11.05,--,4,4420,买盘
1316,13:38:06,11.05,0.01,5,5525,买盘
1317,13:38:03,11.04,-0.01,63,69552,卖盘
1318,13:38:00,11.05,--,107,118235,买盘
1319,13:37:57,11.05,--,7,7735,买盘
1320,13:37:54,11.05,0.01,11,12155,买盘
1321,13:37:51,11.04,-0.01,15,16560,卖盘
1322,13:37:48,11.05,--,5,5525,买盘
1323,13:37:45,11.05,0.01,12,13260,买盘
1324,13:37:42,11.04,-0.01,3,3311,卖盘
1325,13:37:39,11.05,--,18,19890,买盘
1326,13:37:36,11.05,--,14,15470,买盘
1327,13:37:33,11.05,--,5,5525,买盘
1328,13:37:30,11.05,--,1,1105,买盘
1329,13:37:27,11.05,--,65,71825,买盘
1330,13:37:24,11.05,--,76,83980,买盘
1331,13:37:21,11.05,0.01,9,9945,买盘
1332,13:37:18,11.04,-0.01,1229,1356816,卖盘
1333,13:37:15,11.05,--,175,193375,买盘
1334,13:37:12,11.05,--,72,79560,买盘
1335,13:37:09,11.05,0.01,11,12155,买盘
1336,13:37:03,11.04,-0.01,18,19872,卖盘
1337,13:37:00,11.05,0.01,5,5525,买盘
1338,13:36:57,11.04,-0.01,19,20976,卖盘
1339,13:36:54,11.05,--,15,16575,买盘
1340,13:36:51,11.05,--,92,101660,买盘
1341,13:36:48,11.05,0.01,11,12155,买盘
1342,13:36:45,11.04,-0.01,3,3311,卖盘
1343,13:36:42,11.05,--,12,13260,买盘
1344,13:36:39,11.05,0.01,80,88400,买盘
1345,13:36:36,11.04,-0.01,68,75072,卖盘
1346,13:36:33,11.05,0.01,1,1105,买盘
1347,13:36:30,11.04,-0.01,16,17664,卖盘
1348,13:36:24,11.05,--,48,53040,买盘
1349,13:36:18,11.05,--,17,18785,买盘
1350,13:36:15,11.05,--,49,54145,买盘
1351,13:36:12,11.05,--,2,2210,买盘
1352,13:36:09,11.05,--,29,32045,买盘
1353,13:36:06,11.05,0.01,4,4420,买盘
1354,13:36:03,11.04,-0.01,8,8832,卖盘
1355,13:36:00,11.05,--,1,1105,买盘
1356,13:35:57,11.05,--,10,11050,买盘
1357,13:35:54,11.05,0.01,1,1105,买盘
1358,13:35:51,11.04,-0.01,4,4416,卖盘
1359,13:35:48,11.05,--,10,11050,买盘
1360,13:35:45,11.05,0.01,6,6630,买盘
1361,13:35:42,11.04,-0.01,16,17664,卖盘
1362,13:35:39,11.05,0.01,58,64090,买盘
1363,13:35:36,11.04,-0.01,9,9936,卖盘
1364,13:35:27,11.05,0.01,52,57460,买盘
1365,13:35:24,11.04,-0.01,91,100463,卖盘
1366,13:35:21,11.05,--,1,1105,买盘
1367,13:35:18,11.05,--,5,5525,买盘
1368,13:35:15,11.05,--,39,43095,买盘
1369,13:35:12,11.05,--,7,7735,买盘
1370,13:35:09,11.05,--,20,22100,买盘
1371,13:35:06,11.05,--,7,7735,买盘
1372,13:35:03,11.05,--,17,18785,买盘
1373,13:35:00,11.05,--,11,12155,买盘
1374,13:34:57,11.05,--,46,50830,买盘
1375,13:34:54,11.05,0.01,11,12155,买盘
1376,13:34:51,11.04,-0.01,6,6623,卖盘
1377,13:34:48,11.05,--,5,5525,买盘
1378,13:34:45,11.05,--,8,8840,买盘
1379,13:34:42,11.05,--,15,16575,买盘
1380,13:34:39,11.05,--,6,6630,买盘
1381,13:34:36,11.05,--,1,1105,买盘
1382,13:34:33,11.05,--,6,6630,买盘
1383,13:34:30,11.05,--,11,12155,买盘
1384,13:34:27,11.05,--,6,6630,买盘
1385,13:34:24,11.05,--,44,48620,买盘
1386,13:34:21,11.05,--,52,57460,买盘
1387,13:34:18,11.05,0.01,9,9945,买盘
1388,13:34:15,11.04,--,36,39744,卖盘
1389,13:34:12,11.04,--,4,4416,卖盘
1390,13:34:09,11.04,-0.01,95,104879,卖盘
1391,13:34:06,11.05,0.01,27,29835,买盘
1392,13:34:03,11.04,--,136,150144,卖盘
1393,13:34:00,11.04,-0.01,41,45264,卖盘
1394,13:33:57,11.05,--,1,1105,买盘
1395,13:33:54,11.05,--,10,11050,买盘
1396,13:33:51,11.05,--,3,3315,买盘
1397,13:33:45,11.05,--,51,56355,买盘
1398,13:33:42,11.05,--,2,2210,买盘
1399,13:33:39,11.05,--,70,77350,买盘
1400,13:33:36,11.05,--,24,26520,买盘
1401,13:33:33,11.05,0.01,6,6630,买盘
1402,13:33:30,11.04,-0.01,10,11040,卖盘
1403,13:33:27,11.05,0.01,7,7735,买盘
1404,13:33:24,11.04,--,22,24287,卖盘
1405,13:33:21,11.04,--,9,9936,卖盘
1406,13:33:15,11.04,-0.01,9,9936,卖盘
1407,13:33:12,11.05,--,11,12155,买盘
1408,13:33:09,11.05,--,47,51935,买盘
1409,13:33:06,11.05,--,23,25415,买盘
1410,13:33:03,11.05,--,41,45305,买盘
1411,13:33:00,11.05,0.01,2,2210,买盘
1412,13:32:57,11.04,-0.01,4,4416,卖盘
1413,13:32:54,11.05,--,16,17680,买盘
1414,13:32:51,11.05,--,1,1105,买盘
1415,13:32:48,11.05,0.01,22,24310,买盘
1416,13:32:45,11.04,--,1,1104,卖盘
1417,13:32:42,11.04,-0.01,18,19872,卖盘
1418,13:32:39,11.05,0.01,21,23205,买盘
1419,13:32:36,11.04,-0.01,3,3311,卖盘
1420,13:32:33,11.05,--,46,50830,买盘
1421,13:32:30,11.05,0.01,26,28730,买盘
1422,13:32:27,11.04,--,25,27599,卖盘
1423,13:32:24,11.04,-0.01,10,11040,卖盘
1424,13:32:21,11.05,--,7,7735,买盘
1425,13:32:18,11.05,--,1,1105,买盘
1426,13:32:12,11.05,--,1,1105,买盘
1427,13:32:09,11.05,0.01,15,16575,买盘
1428,13:32:06,11.04,-0.01,1,1104,卖盘
1429,13:32:03,11.05,--,65,71825,买盘
1430,13:32:00,11.05,--,1,1105,买盘
1431,13:31:57,11.05,--,47,51935,买盘
1432,13:31:54,11.05,--,76,83980,买盘
1433,13:31:51,11.05,0.01,14,15470,买盘
1434,13:31:48,11.04,-0.01,30,33120,卖盘
1435,13:31:45,11.05,--,53,58565,买盘
1436,13:31:42,11.05,--,1,1105,买盘
1437,13:31:39,11.05,0.01,9,9945,买盘
1438,13:31:36,11.04,-0.01,6,6623,卖盘
1439,13:31:33,11.05,--,5,5525,买盘
1440,13:31:30,11.05,0.01,1,1105,买盘
1441,13:31:24,11.04,-0.01,5,5520,卖盘
1442,13:31:21,11.05,--,51,56355,买盘
1443,13:31:18,11.05,--,6,6630,买盘
1444,13:31:15,11.05,--,6,6630,买盘
1445,13:31:12,11.05,--,11,12155,买盘
1446,13:31:06,11.05,--,3,3315,买盘
1447,13:31:03,11.05,--,1,1105,买盘
1448,13:31:00,11.05,--,6,6630,买盘
1449,13:30:57,11.05,--,8,8840,买盘
1450,13:30:54,11.05,--,6,6630,买盘
1451,13:30:51,11.05,--,7,7735,买盘
1452,13:30:48,11.05,--,101,111605,买盘
1453,13:30:45,11.05,0.01,47,51935,买盘
1454,13:30:42,11.04,-0.01,26,28703,卖盘
1455,13:30:39,11.05,--,6,6630,买盘
1456,13:30:36,11.05,--,13,14365,买盘
1457,13:30:33,11.05,0.01,9,9945,买盘
1458,13:30:30,11.04,-0.01,14,15455,卖盘
1459,13:30:27,11.05,0.01,1,1105,买盘
1460,13:30:24,11.04,-0.01,2,2208,卖盘
1461,13:30:21,11.05,--,14,15470,买盘
1462,13:30:18,11.05,--,5,5525,买盘
1463,13:30:15,11.05,--,1,1105,买盘
1464,13:30:12,11.05,--,10,11050,买盘
1465,13:30:09,11.05,0.01,124,137020,买盘
1466,13:30:06,11.04,--,10,11040,卖盘
1467,13:30:03,11.04,--,6,6623,卖盘
1468,13:30:00,11.04,-0.01,7,7727,卖盘
1469,13:29:54,11.05,--,18,19890,买盘
1470,13:29:48,11.05,0.01,1,1105,买盘
1471,13:29:45,11.04,--,22,24287,卖盘
1472,13:29:42,11.04,--,11,12143,卖盘
1473,13:29:39,11.04,--,21,23184,卖盘
1474,13:29:36,11.04,-0.01,6,6623,卖盘
1475,13:29:33,11.05,0.01,50,55250,买盘
1476,13:29:30,11.04,--,2,2208,卖盘
1477,13:29:27,11.04,--,32,35328,卖盘
1478,13:29:24,11.04,--,31,34224,卖盘
1479,13:29:21,11.04,-0.01,1,1104,卖盘
1480,13:29:18,11.05,--,7,7735,买盘
1481,13:29:15,11.05,--,4,4420,买盘
1482,13:29:12,11.05,0.01,5,5525,买盘
1483,13:29:09,11.04,--,5,5520,卖盘
1484,13:29:03,11.04,-0.01,37,40848,卖盘
1485,13:29:00,11.05,--,10,11050,买盘
1486,13:28:57,11.05,0.01,79,87295,买盘
1487,13:28:54,11.04,-0.01,5,5520,卖盘
1488,13:28:48,11.05,0.02,110,121550,买盘
1489,13:28:45,11.03,-0.01,2,2206,卖盘
1490,13:28:42,11.04,0.01,52,57628,买盘
1491,13:28:39,11.03,--,6,6618,卖盘
1492,13:28:36,11.03,--,1,1103,卖盘
1493,13:28:33,11.03,-0.01,2,2206,卖盘
1494,13:28:30,11.04,--,39,43056,买盘
1495,13:28:27,11.04,--,20,22080,买盘
1496,13:28:24,11.04,0.01,91,100463,买盘
1497,13:28:21,11.03,-0.01,33,36399,卖盘
1498,13:28:18,11.04,--,59,65378,买盘
1499,13:28:15,11.04,--,5,5520,买盘
1500,13:28:09,11.04,--,22,24287,买盘
1501,13:28:03,11.04,0.01,8,8832,买盘
1502,13:27:57,11.03,-0.01,9,9927,卖盘
1503,13:27:54,11.04,--,6,6623,买盘
1504,13:27:48,11.04,--,74,81696,买盘
1505,13:27:45,11.04,0.01,10,11040,买盘
1506,13:27:42,11.03,-0.01,2,2206,卖盘
1507,13:27:39,11.04,0.01,46,50783,买盘
1508,13:27:36,11.03,--,7,7721,卖盘
1509,13:27:30,11.03,-0.01,10,11030,卖盘
1510,13:27:27,11.04,0.01,16,17664,买盘
1511,13:27:24,11.03,-0.01,9,9927,卖盘
1512,13:27:21,11.04,--,32,35328,买盘
1513,13:27:18,11.04,--,22,24287,买盘
1514,13:27:12,11.04,--,6,6623,买盘
1515,13:27:06,11.04,0.01,12,13247,买盘
1516,13:27:03,11.03,--,98,108094,卖盘
1517,13:27:00,11.03,-0.02,110,121330,卖盘
1518,13:26:57,11.05,0.01,10,11050,买盘
1519,13:26:54,11.04,--,18,19872,买盘
1520,13:26:51,11.04,0.01,20,22080,买盘
1521,13:26:48,11.03,-0.01,21,23163,卖盘
1522,13:26:45,11.04,--,52,57407,买盘
1523,13:26:42,11.04,--,20,22080,买盘
1524,13:26:39,11.04,0.01,77,85008,买盘
1525,13:26:36,11.03,-0.01,10,11030,卖盘
1526,13:26:30,11.04,0.01,45,49679,买盘
1527,13:26:27,11.03,--,8,8824,卖盘
1528,13:26:24,11.03,-0.01,1,1103,卖盘
1529,13:26:21,11.04,--,13,14351,买盘
1530,13:26:18,11.04,0.01,7,7727,买盘
1531,13:26:15,11.03,--,7,7721,卖盘
1532,13:26:12,11.03,--,17,18751,卖盘
1533,13:26:06,11.03,--,25,27575,卖盘
1534,13:26:03,11.03,--,9,9927,卖盘
1535,13:25:57,11.03,-0.01,17,18751,卖盘
1536,13:25:54,11.04,0.01,9,9936,买盘
1537,13:25:51,11.03,-0.01,23,25369,卖盘
1538,13:25:48,11.04,0.01,23,25391,买盘
1539,13:25:45,11.03,-0.01,1,1103,卖盘
1540,13:25:42,11.04,0.01,12,13247,买盘
1541,13:25:39,11.03,--,1,1103,卖盘
1542,13:25:36,11.03,-0.01,7,7721,卖盘
1543,13:25:33,11.04,0.01,2,2208,买盘
1544,13:25:27,11.03,-0.01,2,2206,卖盘
1545,13:25:24,11.04,--,10,11040,买盘
1546,13:25:21,11.04,0.01,512,565248,买盘
1547,13:25:18,11.03,--,16,17648,卖盘
1548,13:25:15,11.03,-0.01,3,3309,卖盘
1549,13:25:12,11.04,0.01,43,47471,买盘
1550,13:25:09,11.03,--,2,2206,卖盘
1551,13:25:06,11.03,--,7,7721,卖盘
1552,13:25:03,11.03,-0.01,4,4412,卖盘
1553,13:25:00,11.04,0.01,12,13247,买盘
1554,13:24:57,11.03,-0.01,3,3309,卖盘
1555,13:24:54,11.04,0.01,80,88320,买盘
1556,13:24:51,11.03,-0.01,33,36399,卖盘
1557,13:24:48,11.04,0.01,5,5520,买盘
1558,13:24:45,11.03,-0.01,19,20957,卖盘
1559,13:24:42,11.04,0.01,13,14351,买盘
1560,13:24:39,11.03,--,1,1103,卖盘
1561,13:24:36,11.03,-0.01,15,16545,卖盘
1562,13:24:33,11.04,0.01,15,16560,买盘
1563,13:24:30,11.03,-0.01,25,27575,卖盘
1564,13:24:24,11.04,--,6,6623,买盘
1565,13:24:18,11.04,--,8,8832,买盘
1566,13:24:12,11.04,--,18,19872,买盘
1567,13:24:09,11.04,0.01,4,4416,买盘
1568,13:24:06,11.03,--,3,3309,卖盘
1569,13:24:03,11.03,--,28,30884,卖盘
1570,13:24:00,11.03,-0.01,2,2206,卖盘
1571,13:23:57,11.04,--,8,8832,买盘
1572,13:23:54,11.04,0.01,5,5520,买盘
1573,13:23:51,11.03,--,3,3309,卖盘
1574,13:23:45,11.03,-0.01,1,1103,卖盘
1575,13:23:42,11.04,--,26,28703,买盘
1576,13:23:39,11.04,--,72,79488,卖盘
1577,13:23:36,11.04,--,125,138000,卖盘
1578,13:23:33,11.04,--,500,552000,卖盘
1579,13:23:30,11.04,--,30,33120,卖盘
1580,13:23:27,11.04,--,6,6623,卖盘
1581,13:23:24,11.04,--,13,14351,卖盘
1582,13:23:18,11.04,--,1284,1417536,卖盘
1583,13:23:12,11.04,-0.01,17,18768,卖盘
1584,13:23:09,11.05,0.01,598,660790,买盘
1585,13:23:06,11.04,--,30,33120,卖盘
1586,13:23:03,11.04,-0.01,3,3311,卖盘
1587,13:22:57,11.05,--,16,17680,买盘
1588,13:22:54,11.05,--,778,860319,卖盘
1589,13:22:51,11.05,-0.01,3,3315,卖盘
1590,13:22:45,11.06,0.01,14,15484,买盘
1591,13:22:42,11.05,-0.01,994,1098370,卖盘
1592,13:22:39,11.06,0.01,21,23226,买盘
1593,13:22:36,11.05,--,11,12155,卖盘
1594,13:22:27,11.05,--,150,165750,卖盘
1595,13:22:24,11.05,--,6,6630,卖盘
1596,13:22:21,11.05,-0.01,8,8840,卖盘
1597,13:22:18,11.06,0.01,30,33180,买盘
1598,13:22:15,11.05,--,3,3315,卖盘
1599,13:22:12,11.05,--,2,2210,卖盘
1600,13:22:09,11.05,--,2,2210,卖盘
1601,13:22:06,11.05,--,2,2210,卖盘
1602,13:22:03,11.05,--,7,7735,卖盘
1603,13:22:00,11.05,--,39,43095,卖盘
1604,13:21:57,11.05,--,15,16575,卖盘
1605,13:21:48,11.05,-0.01,2,2210,卖盘
1606,13:21:45,11.06,0.01,28,30968,买盘
1607,13:21:39,11.05,--,21,23205,卖盘
1608,13:21:36,11.05,--,8,8840,卖盘
1609,13:21:30,11.05,--,15,16575,卖盘
1610,13:21:27,11.05,-0.01,25,27625,卖盘
1611,13:21:24,11.06,0.01,69,76314,买盘
1612,13:21:21,11.05,--,1,1105,卖盘
1613,13:21:18,11.05,-0.01,2,2210,卖盘
1614,13:21:15,11.06,--,7,7742,买盘
1615,13:21:12,11.06,0.01,7,7742,买盘
1616,13:21:06,11.05,--,2,2210,卖盘
1617,13:21:03,11.05,--,6,6630,卖盘
1618,13:21:00,11.05,-0.01,41,45305,卖盘
1619,13:20:57,11.06,0.01,1,1106,卖盘
1620,13:20:48,11.05,--,8,8840,卖盘
1621,13:20:45,11.05,--,11,12155,卖盘
1622,13:20:42,11.05,--,108,119340,卖盘
1623,13:20:39,11.05,--,3,3315,卖盘
1624,13:20:36,11.05,-0.01,5,5525,卖盘
1625,13:20:33,11.06,--,1,1106,买盘
1626,13:20:30,11.06,--,146,162482,卖盘
1627,13:20:27,11.06,--,237,262122,卖盘
1628,13:20:24,11.06,--,2,2212,卖盘
1629,13:20:21,11.06,-0.01,300,331800,卖盘
1630,13:20:18,11.07,0.01,24,26568,买盘
1631,13:20:12,11.06,--,179,197974,卖盘
1632,13:20:06,11.06,--,100,110600,卖盘
1633,13:20:03,11.06,--,1,1106,卖盘
1634,13:20:00,11.06,-0.01,30,33180,卖盘
1635,13:19:57,11.07,0.01,11,12177,买盘
1636,13:19:51,11.06,-0.01,1,1106,卖盘
1637,13:19:45,11.07,0.01,2,2214,买盘
1638,13:19:42,11.06,-0.01,5,5530,卖盘
1639,13:19:39,11.07,0.01,70,77490,买盘
1640,13:19:36,11.06,--,5,5530,卖盘
1641,13:19:30,11.06,-0.01,109,120554,卖盘
1642,13:19:27,11.07,0.01,23,25461,买盘
1643,13:19:24,11.06,--,10,11060,卖盘
1644,13:19:18,11.06,--,20,22120,卖盘
1645,13:19:15,11.06,-0.01,1,1106,卖盘
1646,13:19:12,11.07,0.01,10,11070,买盘
1647,13:19:09,11.06,--,22,24332,卖盘
1648,13:19:06,11.06,--,2,2212,卖盘
1649,13:19:03,11.06,--,10,11060,卖盘
1650,13:18:57,11.06,-0.01,4,4424,卖盘
1651,13:18:54,11.07,0.01,8,8856,买盘
1652,13:18:51,11.06,--,33,36498,卖盘
1653,13:18:45,11.06,--,21,23226,卖盘
1654,13:18:39,11.06,--,33,36498,卖盘
1655,13:18:36,11.06,-0.01,3,3318,卖盘
1656,13:18:33,11.07,0.01,45,49815,买盘
1657,13:18:24,11.06,--,4,4424,卖盘
1658,13:18:21,11.06,--,39,43134,卖盘
1659,13:18:18,11.06,--,9,9954,卖盘
1660,13:18:15,11.06,--,10,11060,卖盘
1661,13:18:12,11.06,--,8,8848,卖盘
1662,13:18:06,11.06,--,1,1106,卖盘
1663,13:18:03,11.06,--,6,6636,卖盘
1664,13:18:00,11.06,--,20,22120,卖盘
1665,13:17:57,11.06,-0.01,1,1106,卖盘
1666,13:17:54,11.07,--,71,78597,买盘
1667,13:17:51,11.07,0.01,8,8856,买盘
1668,13:17:48,11.06,--,16,17696,卖盘
1669,13:17:45,11.06,--,1,1106,卖盘
1670,13:17:42,11.06,--,2,2212,卖盘
1671,13:17:39,11.06,--,1,1106,卖盘
1672,13:17:36,11.06,--,3,3318,卖盘
1673,13:17:33,11.06,--,560,619360,卖盘
1674,13:17:30,11.06,--,15,16590,卖盘
1675,13:17:27,11.06,--,2,2212,卖盘
1676,13:17:24,11.06,--,1,1106,卖盘
1677,13:17:21,11.06,--,21,23226,卖盘
1678,13:17:18,11.06,-0.01,2,2212,卖盘
1679,13:17:12,11.07,--,1,1107,买盘
1680,13:17:06,11.07,--,1,1107,买盘
1681,13:17:03,11.07,0.01,11,12177,买盘
1682,13:17:00,11.06,--,1,1106,卖盘
1683,13:16:57,11.06,-0.01,1,1106,卖盘
1684,13:16:48,11.07,0.01,19,21033,买盘
1685,13:16:45,11.06,-0.01,1,1106,卖盘
1686,13:16:42,11.07,0.01,9,9963,买盘
1687,13:16:39,11.06,--,1,1106,卖盘
1688,13:16:36,11.06,-0.01,3,3318,卖盘
1689,13:16:33,11.07,--,5,5535,买盘
1690,13:16:30,11.07,0.01,207,229149,买盘
1691,13:16:24,11.06,-0.01,1,1106,卖盘
1692,13:16:21,11.07,--,1,1107,买盘
1693,13:16:18,11.07,0.01,25,27675,买盘
1694,13:16:15,11.06,-0.01,2,2212,卖盘
1695,13:16:12,11.07,--,15,16605,买盘
1696,13:16:09,11.07,0.01,78,86346,买盘
1697,13:16:06,11.06,--,1,1106,卖盘
1698,13:16:03,11.06,--,6,6636,卖盘
1699,13:15:57,11.06,-0.01,11,12166,卖盘
1700,13:15:51,11.07,--,1,1107,买盘
1701,13:15:48,11.07,0.01,100,110700,买盘
1702,13:15:42,11.06,--,10,11060,卖盘
1703,13:15:39,11.06,--,34,37604,卖盘
1704,13:15:36,11.06,--,6,6636,卖盘
1705,13:15:33,11.06,--,2,2212,卖盘
1706,13:15:30,11.06,--,29,32074,卖盘
1707,13:15:27,11.06,--,17,18802,卖盘
1708,13:15:24,11.06,-0.01,1,1106,卖盘
1709,13:15:21,11.07,--,108,119556,买盘
1710,13:15:18,11.07,--,6,6642,买盘
1711,13:15:12,11.07,0.01,119,131733,买盘
1712,13:15:09,11.06,--,8,8848,卖盘
1713,13:15:06,11.06,--,6,6636,卖盘
1714,13:15:03,11.06,--,24,26544,卖盘
1715,13:15:00,11.06,--,2,2212,卖盘
1716,13:14:57,11.06,-0.01,8,8848,卖盘
1717,13:14:54,11.07,0.01,5,5535,买盘
1718,13:14:51,11.06,--,1,1106,卖盘
1719,13:14:45,11.06,-0.01,1,1106,卖盘
1720,13:14:42,11.07,--,6,6642,买盘
1721,13:14:39,11.07,--,5,5535,买盘
1722,13:14:36,11.07,--,44,48708,买盘
1723,13:14:30,11.07,--,14,15498,买盘
1724,13:14:24,11.07,--,68,75276,买盘
1725,13:14:21,11.07,--,5,5535,买盘
1726,13:14:15,11.07,--,15,16605,买盘
1727,13:14:09,11.07,0.01,68,75276,买盘
1728,13:14:06,11.06,--,9,9954,卖盘
1729,13:14:03,11.06,--,1,1106,卖盘
1730,13:14:00,11.06,--,8,8848,卖盘
1731,13:13:57,11.06,--,6,6636,卖盘
1732,13:13:54,11.06,--,2,2212,卖盘
1733,13:13:51,11.06,-0.01,3,3318,卖盘
1734,13:13:48,11.07,0.01,5,5535,买盘
1735,13:13:45,11.06,-0.01,1,1106,卖盘
1736,13:13:42,11.07,0.01,6,6642,买盘
1737,13:13:39,11.06,--,1,1106,卖盘
1738,13:13:36,11.06,--,19,21014,卖盘
1739,13:13:33,11.06,-0.01,1,1106,卖盘
1740,13:13:30,11.07,--,41,45387,买盘
1741,13:13:27,11.07,--,3,3321,买盘
1742,13:13:24,11.07,--,6,6642,买盘
1743,13:13:18,11.07,--,32,35424,买盘
1744,13:13:15,11.07,-0.01,268,296676,卖盘
1745,13:13:12,11.08,0.01,21,23268,买盘
1746,13:13:06,11.07,-0.01,21,23247,卖盘
1747,13:13:03,11.08,--,26,28808,买盘
1748,13:13:00,11.08,--,4,4432,买盘
1749,13:12:57,11.08,0.01,6,6648,买盘
1750,13:12:54,11.07,--,1,1107,卖盘
1751,13:12:51,11.07,-0.01,2,2214,卖盘
1752,13:12:48,11.08,0.01,5,5540,买盘
1753,13:12:45,11.07,-0.01,1,1107,卖盘
1754,13:12:42,11.08,--,5,5540,买盘
1755,13:12:39,11.08,0.01,75,83100,买盘
1756,13:12:36,11.07,-0.01,15,16605,卖盘
1757,13:12:30,11.08,--,5,5540,买盘
1758,13:12:27,11.08,0.01,5,5540,买盘
1759,13:12:24,11.07,--,3,3321,卖盘
1760,13:12:21,11.07,-0.01,208,230256,卖盘
1761,13:12:18,11.08,0.01,8,8864,买盘
1762,13:12:15,11.07,-0.01,10,11070,卖盘
1763,13:12:09,11.08,0.01,22,24376,买盘
1764,13:12:06,11.07,--,13,14391,卖盘
1765,13:12:03,11.07,-0.01,17,18819,卖盘
1766,13:12:00,11.08,--,20,22160,买盘
1767,13:11:57,11.08,0.01,59,65372,买盘
1768,13:11:54,11.07,--,1,1107,卖盘
1769,13:11:51,11.07,0.01,79,87453,买盘
1770,13:11:48,11.06,-0.01,10,11060,卖盘
1771,13:11:45,11.07,--,4,4428,买盘
1772,13:11:42,11.07,0.01,5,5535,买盘
1773,13:11:39,11.06,--,16,17696,卖盘
1774,13:11:36,11.06,-0.01,2,2212,卖盘
1775,13:11:33,11.07,--,10,11070,买盘
1776,13:11:30,11.07,--,14,15498,买盘
1777,13:11:27,11.07,0.01,51,56457,买盘
1778,13:11:24,11.06,-0.01,10,11060,卖盘
1779,13:11:21,11.07,--,37,40959,买盘
1780,13:11:18,11.07,0.01,7,7749,买盘
1781,13:11:15,11.06,-0.01,33,36498,卖盘
1782,13:11:12,11.07,--,217,240219,买盘
1783,13:11:09,11.07,--,64,70848,买盘
1784,13:11:06,11.07,0.01,4,4428,买盘
1785,13:11:03,11.06,--,1,1106,卖盘
1786,13:11:00,11.06,--,52,57512,卖盘
1787,13:10:57,11.06,-0.01,7,7742,卖盘
1788,13:10:54,11.07,0.01,88,97416,买盘
1789,13:10:51,11.06,-0.01,6,6636,卖盘
1790,13:10:48,11.07,--,1,1107,买盘
1791,13:10:45,11.07,0.01,95,105165,买盘
1792,13:10:42,11.06,--,8,8848,卖盘
1793,13:10:39,11.06,--,27,29862,卖盘
1794,13:10:36,11.06,-0.01,12,13272,卖盘
1795,13:10:30,11.07,0.01,1,1107,买盘
1796,13:10:27,11.06,--,43,47558,卖盘
1797,13:10:24,11.06,-0.01,50,55300,卖盘
1798,13:10:18,11.07,--,12,13284,买盘
1799,13:10:15,11.07,0.01,19,21033,买盘
1800,13:10:09,11.06,--,24,26544,卖盘
1801,13:10:06,11.06,--,2,2212,卖盘
1802,13:10:03,11.06,--,91,100646,卖盘
1803,13:09:57,11.06,-0.01,8,8848,卖盘
1804,13:09:54,11.07,--,5,5535,买盘
1805,13:09:51,11.07,--,14,15498,买盘
1806,13:09:48,11.07,0.01,45,49815,买盘
1807,13:09:45,11.06,-0.01,3,3318,卖盘
1808,13:09:42,11.07,0.01,10,11070,买盘
1809,13:09:39,11.06,--,4,4424,卖盘
1810,13:09:36,11.06,-0.01,28,30968,卖盘
1811,13:09:33,11.07,--,1,1107,买盘
1812,13:09:30,11.07,--,4,4428,买盘
1813,13:09:24,11.07,0.01,4,4428,买盘
1814,13:09:21,11.06,--,2,2212,卖盘
1815,13:09:18,11.06,-0.01,6,6636,卖盘
1816,13:09:15,11.07,--,7,7749,买盘
1817,13:09:09,11.07,0.01,74,81918,买盘
1818,13:09:06,11.06,--,17,18802,卖盘
1819,13:09:03,11.06,-0.01,9,9954,卖盘
1820,13:09:00,11.07,--,13,14391,买盘
1821,13:08:57,11.07,0.01,16,17712,买盘
1822,13:08:54,11.06,--,2,2212,卖盘
1823,13:08:48,11.06,--,15,16689,卖盘
1824,13:08:45,11.06,--,11,12166,卖盘
1825,13:08:42,11.06,--,10,11060,卖盘
1826,13:08:39,11.06,-0.01,1,1106,卖盘
1827,13:08:36,11.07,--,32,35424,买盘
1828,13:08:33,11.07,0.01,16,17712,买盘
1829,13:08:27,11.06,-0.01,7,7742,卖盘
1830,13:08:24,11.07,--,37,40959,买盘
1831,13:08:21,11.07,--,5,5535,买盘
1832,13:08:18,11.07,0.01,5,5535,买盘
1833,13:08:15,11.06,0.01,2,2212,卖盘
1834,13:08:09,11.05,-0.02,2,2210,卖盘
1835,13:08:06,11.07,--,8,8856,买盘
1836,13:08:03,11.07,0.01,162,179334,买盘
1837,13:07:57,11.06,-0.01,1,1106,卖盘
1838,13:07:54,11.07,--,5,5535,买盘
1839,13:07:51,11.07,0.01,5,5535,买盘
1840,13:07:48,11.06,-0.01,7,7742,卖盘
1841,13:07:45,11.07,0.01,25,27675,买盘
1842,13:07:39,11.06,--,1,1106,卖盘
1843,13:07:36,11.06,-0.01,9,9954,卖盘
1844,13:07:33,11.07,--,14,15498,买盘
1845,13:07:30,11.07,--,5,5535,买盘
1846,13:07:27,11.07,0.01,9,9963,买盘
1847,13:07:24,11.06,-0.01,74,81844,中性盘
1848,13:07:21,11.07,--,14,15498,买盘
1849,13:07:15,11.07,--,4,4428,买盘
1850,13:07:12,11.07,0.01,7,7749,买盘
1851,13:07:09,11.06,0.01,9,9954,买盘
1852,13:07:06,11.05,-0.01,1,1105,卖盘
1853,13:07:03,11.06,--,6,6636,买盘
1854,13:07:00,11.06,--,4,4424,买盘
1855,13:06:57,11.06,--,6,6636,买盘
1856,13:06:48,11.06,--,7,7742,买盘
1857,13:06:45,11.06,--,4,4424,买盘
1858,13:06:42,11.06,--,10,11060,买盘
1859,13:06:39,11.06,0.01,13,14378,买盘
1860,13:06:36,11.05,-0.01,2,2210,卖盘
1861,13:06:33,11.06,--,5,5530,买盘
1862,13:06:30,11.06,--,4,4424,买盘
1863,13:06:24,11.06,-0.01,12,13272,中性盘
1864,13:06:21,11.07,0.01,9,9963,买盘
1865,13:06:15,11.06,0.01,13,14378,中性盘
1866,13:06:06,11.05,--,15,16575,卖盘
1867,13:06:03,11.05,-0.02,13,14365,卖盘
1868,13:06:00,11.07,0.02,10,11070,买盘
1869,13:05:57,11.05,--,5,5525,卖盘
1870,13:05:54,11.05,--,1,1105,卖盘
1871,13:05:51,11.05,-0.02,12,13260,卖盘
1872,13:05:45,11.07,--,2,2214,买盘
1873,13:05:42,11.07,0.02,5,5535,买盘
1874,13:05:39,11.05,--,78,86190,卖盘
1875,13:05:36,11.05,-0.01,44,48620,卖盘
1876,13:05:33,11.06,--,5,5530,买盘
1877,13:05:30,11.06,--,5,5530,买盘
1878,13:05:27,11.06,0.01,25,27650,买盘
1879,13:05:21,11.05,-0.01,1,1105,卖盘
1880,13:05:18,11.06,0.01,8,8848,买盘
1881,13:05:03,11.05,-0.01,6,6630,卖盘
1882,13:05:00,11.06,0.01,6,6636,买盘
1883,13:04:57,11.05,-0.01,1,1105,卖盘
1884,13:04:54,11.06,--,4,4424,买盘
1885,13:04:51,11.06,--,1,1106,买盘
1886,13:04:48,11.06,--,9,9954,卖盘
1887,13:04:45,11.06,-0.01,3,3318,卖盘
1888,13:04:42,11.07,--,5,5535,买盘
1889,13:04:39,11.07,--,15,16605,买盘
1890,13:04:36,11.07,0.01,11,12177,买盘
1891,13:04:24,11.06,--,11,12166,中性盘
1892,13:04:21,11.06,0.01,10,11060,买盘
1893,13:04:18,11.05,-0.01,1,1105,卖盘
1894,13:04:12,11.06,--,5,5530,买盘
1895,13:04:09,11.06,-0.01,5,5530,中性盘
1896,13:04:06,11.07,0.02,10,11070,买盘
1897,13:04:00,11.05,-0.01,9,9945,卖盘
1898,13:03:57,11.06,--,11,12166,买盘
1899,13:03:54,11.06,--,79,87374,买盘
1900,13:03:51,11.06,--,47,51982,卖盘
1901,13:03:48,11.06,-0.01,2,2212,卖盘
1902,13:03:45,11.07,0.01,6,6642,买盘
1903,13:03:39,11.06,-0.01,8,8848,卖盘
1904,13:03:36,11.07,0.01,16,17712,买盘
1905,13:03:33,11.06,-0.01,2,2212,卖盘
1906,13:03:30,11.07,--,5,5535,买盘
1907,13:03:27,11.07,--,32,35424,买盘
1908,13:03:24,11.07,--,21,23247,买盘
1909,13:03:21,11.07,--,10,11070,买盘
1910,13:03:18,11.07,--,5,5535,买盘
1911,13:03:15,11.07,--,106,117342,买盘
1912,13:03:06,11.07,0.01,4,4428,买盘
1913,13:03:03,11.06,--,23,25438,卖盘
1914,13:03:00,11.06,--,20,22120,卖盘
1915,13:02:57,11.06,-0.01,7,7742,卖盘
1916,13:02:51,11.07,0.01,5,5535,买盘
1917,13:02:48,11.06,--,10,11060,卖盘
1918,13:02:45,11.06,-0.01,3,3318,卖盘
1919,13:02:42,11.07,--,15,16605,买盘
1920,13:02:39,11.07,--,5,5535,买盘
1921,13:02:33,11.07,0.01,7,7749,买盘
1922,13:02:30,11.06,--,17,18802,卖盘
1923,13:02:27,11.06,--,11,12166,卖盘
1924,13:02:24,11.06,-0.01,11,12166,卖盘
1925,13:02:21,11.07,--,29,32103,买盘
1926,13:02:15,11.07,--,4,4428,买盘
1927,13:02:09,11.07,--,74,81918,买盘
1928,13:02:06,11.07,0.01,15,16605,买盘
1929,13:02:03,11.06,-0.01,1099,1215494,卖盘
1930,13:02:00,11.07,0.01,16,17712,买盘
1931,13:01:57,11.06,-0.01,20,22120,卖盘
1932,13:01:54,11.07,--,5,5535,买盘
1933,13:01:51,11.07,--,4,4428,买盘
1934,13:01:48,11.07,--,5,5535,买盘
1935,13:01:45,11.07,--,9,9963,买盘
1936,13:01:42,11.07,--,5,5535,买盘
1937,13:01:39,11.07,0.01,10,11070,买盘
1938,13:01:36,11.06,--,1,1106,卖盘
1939,13:01:33,11.06,-0.01,11,12166,卖盘
1940,13:01:30,11.07,0.01,5,5535,买盘
1941,13:01:24,11.06,-0.01,6,6636,卖盘
1942,13:01:21,11.07,0.01,10,11070,买盘
1943,13:01:18,11.06,-0.01,13,14378,卖盘
1944,13:01:15,11.07,--,11,12177,买盘
1945,13:01:09,11.07,--,10,11070,买盘
1946,13:01:06,11.07,0.01,9,9963,买盘
1947,13:01:03,11.06,-0.01,1,1106,卖盘
1948,13:01:00,11.07,0.01,11,12177,买盘
1949,13:00:57,11.06,--,45,49770,买盘
1950,13:00:54,11.06,--,4,4424,买盘
1951,13:00:51,11.06,--,11,12166,买盘
1952,13:00:48,11.06,--,12,13272,买盘
1953,13:00:45,11.06,--,60,66360,买盘
1954,13:00:39,11.06,0.01,82,90692,买盘
1955,13:00:36,11.05,--,65,71825,卖盘
1956,13:00:33,11.05,-0.01,40,44200,卖盘
1957,13:00:30,11.06,--,5,5530,买盘
1958,13:00:21,11.06,--,5,5530,买盘
1959,13:00:18,11.06,--,17,18802,买盘
1960,13:00:12,11.06,--,36,39816,卖盘
1961,13:00:09,11.06,--,9,9954,卖盘
1962,13:00:06,11.06,--,72,79632,卖盘
1963,13:00:03,11.06,--,819,906289,买盘
1964,13:00:00,11.06,--,18,19908,买盘
1965,11:30:00,11.06,0.01,19,21014,买盘
1966,11:29:54,11.05,-0.01,1,1105,卖盘
1967,11:29:51,11.06,--,5,5530,买盘
1968,11:29:45,11.06,--,6,6636,买盘
1969,11:29:42,11.06,--,24,26544,买盘
1970,11:29:39,11.06,0.01,10,11060,买盘
1971,11:29:36,11.05,-0.01,13,14365,卖盘
1972,11:29:33,11.06,--,1,1106,买盘
1973,11:29:30,11.06,--,5,5530,买盘
1974,11:29:27,11.06,0.01,11,12166,买盘
1975,11:29:24,11.05,-0.01,1,1105,卖盘
1976,11:29:21,11.06,--,5,5530,买盘
1977,11:29:18,11.06,-0.01,9,10186,卖盘
1978,11:29:15,11.07,0.01,20,22140,买盘
1979,11:29:12,11.06,--,23,25438,卖盘
1980,11:29:09,11.06,-0.01,7,7742,卖盘
1981,11:29:06,11.07,0.01,22,24354,买盘
1982,11:29:00,11.06,-0.01,14,15484,卖盘
1983,11:28:57,11.07,0.01,7,7749,买盘
1984,11:28:54,11.06,--,10,11060,卖盘
1985,11:28:51,11.06,-0.01,2,2212,卖盘
1986,11:28:48,11.07,--,98,108486,买盘
1987,11:28:45,11.07,0.01,6,6642,买盘
1988,11:28:42,11.06,-0.01,2,2212,卖盘
1989,11:28:39,11.07,--,21,23247,买盘
1990,11:28:36,11.07,--,76,84132,买盘
1991,11:28:33,11.07,0.01,25,27675,买盘
1992,11:28:27,11.06,0.01,808,894521,买盘
1993,11:28:24,11.05,-0.01,1,1105,中性盘
1994,11:28:21,11.06,--,104,115886,买盘
1995,11:28:18,11.06,--,8,8848,买盘
1996,11:28:12,11.06,0.01,5,5530,买盘
1997,11:28:06,11.05,--,0,243,卖盘
1998,11:28:03,11.05,--,6,6630,卖盘
1999,11:28:00,11.05,--,2,2210,卖盘
2000,11:27:57,11.05,--,5,5525,卖盘
2001,11:27:54,11.05,0.01,1,1105,卖盘
2002,11:27:51,11.04,--,8,8832,卖盘
2003,11:27:48,11.04,-0.02,39,43056,卖盘
2004,11:27:45,11.06,0.02,5,5530,买盘
2005,11:27:42,11.04,-0.02,16,17664,卖盘
2006,11:27:39,11.06,0.02,5,5530,买盘
2007,11:27:36,11.04,-0.02,1,1104,卖盘
2008,11:27:30,11.06,--,4,4424,买盘
2009,11:27:27,11.06,0.02,10,11060,买盘
2010,11:27:24,11.04,-0.01,122,134688,卖盘
2011,11:27:21,11.05,--,19,20995,买盘
2012,11:27:18,11.05,0.01,1,1105,买盘
2013,11:27:15,11.04,-0.01,11,12143,卖盘
2014,11:27:12,11.05,--,2,2210,买盘
2015,11:27:06,11.05,0.01,11,12155,买盘
2016,11:27:03,11.04,-0.01,12,13247,卖盘
2017,11:27:00,11.05,-0.01,81,89505,卖盘
2018,11:26:57,11.06,0.01,6,6636,买盘
2019,11:26:54,11.05,--,26,28730,卖盘
2020,11:26:51,11.05,-0.01,73,80665,卖盘
2021,11:26:48,11.06,--,12,13272,买盘
2022,11:26:45,11.06,--,2,2212,买盘
2023,11:26:42,11.06,--,10,11060,买盘
2024,11:26:36,11.06,--,2,2212,买盘
2025,11:26:33,11.06,--,4,4424,买盘
2026,11:26:30,11.06,0.01,17,18802,买盘
2027,11:26:27,11.05,-0.01,3,3315,卖盘
2028,11:26:24,11.06,--,2,2212,买盘
2029,11:26:18,11.06,0.01,21,23226,买盘
2030,11:26:15,11.05,--,44,48620,买盘
2031,11:26:12,11.05,0.01,2,2210,买盘
2032,11:26:09,11.04,-0.01,10,11040,卖盘
2033,11:26:06,11.05,0.01,2,2210,买盘
2034,11:26:03,11.04,-0.01,53,58511,卖盘
2035,11:26:00,11.05,-0.01,648,716040,卖盘
2036,11:25:57,11.06,0.01,29,32074,买盘
2037,11:25:54,11.05,-0.01,1,1105,卖盘
2038,11:25:51,11.06,--,6,6636,买盘
2039,11:25:48,11.06,--,2,2212,买盘
2040,11:25:45,11.06,0.01,8,8848,买盘
2041,11:25:39,11.05,--,11,12155,卖盘
2042,11:25:36,11.05,-0.01,22,24310,卖盘
2043,11:25:33,11.06,--,21,23226,买盘
2044,11:25:30,11.06,0.01,6,6636,买盘
2045,11:25:27,11.05,--,45,49725,卖盘
2046,11:25:24,11.05,-0.01,19,20995,卖盘
2047,11:25:21,11.06,0.01,1,1106,买盘
2048,11:25:18,11.05,-0.01,21,23205,卖盘
2049,11:25:15,11.06,--,16,17696,买盘
2050,11:25:12,11.06,--,10,11060,买盘
2051,11:25:09,11.06,--,303,335118,买盘
2052,11:25:06,11.06,--,70,77420,买盘
2053,11:25:03,11.06,--,20,22120,买盘
2054,11:25:00,11.06,--,1,1106,买盘
2055,11:24:57,11.06,0.01,1,1106,买盘
2056,11:24:54,11.05,-0.01,2,2210,卖盘
2057,11:24:51,11.06,--,6,6636,买盘
2058,11:24:48,11.06,--,2,2212,买盘
2059,11:24:45,11.06,--,7,7742,买盘
2060,11:24:42,11.06,0.01,4,4424,买盘
2061,11:24:36,11.05,-0.01,12,13260,卖盘
2062,11:24:33,11.06,--,4,4424,买盘
2063,11:24:30,11.06,0.01,391,432446,买盘
2064,11:24:27,11.05,--,4,4420,卖盘
2065,11:24:24,11.05,-0.01,1,1105,卖盘
2066,11:24:21,11.06,--,21,23226,买盘
2067,11:24:18,11.06,--,10,11060,买盘
2068,11:24:15,11.06,0.01,2,2212,买盘
2069,11:24:12,11.05,-0.01,17,18785,卖盘
2070,11:24:09,11.06,0.01,7,7742,买盘
2071,11:24:06,11.05,--,14,15470,卖盘
2072,11:24:03,11.05,-0.01,1,1105,卖盘
2073,11:24:00,11.06,--,40,44240,买盘
2074,11:23:57,11.06,0.01,17,18802,买盘
2075,11:23:54,11.05,--,27,29835,卖盘
2076,11:23:51,11.05,--,3,3315,卖盘
2077,11:23:48,11.05,-0.01,6,6630,卖盘
2078,11:23:45,11.06,--,6,6636,买盘
2079,11:23:42,11.06,--,19,21014,买盘
2080,11:23:39,11.06,--,1,1106,买盘
2081,11:23:36,11.06,--,36,39816,买盘
2082,11:23:33,11.06,--,6,6636,买盘
2083,11:23:27,11.06,0.01,2,2212,买盘
2084,11:23:24,11.05,--,16,17680,卖盘
2085,11:23:21,11.05,--,77,85085,卖盘
2086,11:23:18,11.05,-0.01,2,2210,卖盘
2087,11:23:15,11.06,--,17,18802,买盘
2088,11:23:09,11.06,--,1,1106,买盘
2089,11:23:06,11.06,0.01,2,2212,买盘
2090,11:23:03,11.05,-0.01,10,11050,卖盘
2091,11:23:00,11.06,--,15,16590,买盘
2092,11:22:57,11.06,0.01,12,13272,买盘
2093,11:22:54,11.05,-0.01,9,9945,卖盘
2094,11:22:51,11.06,--,7,7742,买盘
2095,11:22:48,11.06,--,2,2212,买盘
2096,11:22:45,11.06,0.01,8,8848,买盘
2097,11:22:42,11.05,-0.01,8,8840,卖盘
2098,11:22:36,11.06,0.01,19,21014,买盘
2099,11:22:33,11.05,-0.01,3,3315,卖盘
2100,11:22:30,11.06,--,4,4424,买盘
2101,11:22:27,11.06,--,1,1106,买盘
2102,11:22:24,11.06,--,3,3318,买盘
2103,11:22:21,11.06,0.01,66,72996,买盘
2104,11:22:18,11.05,-0.01,24,26520,卖盘
2105,11:22:15,11.06,--,11,12166,买盘
2106,11:22:12,11.06,0.01,1,1106,买盘
2107,11:22:09,11.05,-0.01,9,9945,卖盘
2108,11:22:06,11.06,0.01,45,49770,买盘
2109,11:22:03,11.05,-0.01,1,1105,卖盘
2110,11:22:00,11.06,0.01,83,91798,买盘
2111,11:21:57,11.05,--,7,7735,卖盘
2112,11:21:54,11.05,-0.01,40,44200,卖盘
2113,11:21:51,11.06,--,2,2212,买盘
2114,11:21:48,11.06,--,2,2212,买盘
2115,11:21:45,11.06,--,7,7742,买盘
2116,11:21:42,11.06,0.01,20,22120,买盘
2117,11:21:39,11.05,-0.01,21,23205,卖盘
2118,11:21:36,11.06,--,74,81844,买盘
2119,11:21:33,11.06,-0.01,1051,1162881,卖盘
2120,11:21:30,11.07,--,3,3321,买盘
2121,11:21:27,11.07,0.01,11,12177,买盘
2122,11:21:24,11.06,-0.01,1,1106,卖盘
2123,11:21:21,11.07,--,1,1107,买盘
2124,11:21:18,11.07,--,17,18819,买盘
2125,11:21:15,11.07,--,1,1107,买盘
2126,11:21:12,11.07,-0.01,1040,1151280,卖盘
2127,11:21:09,11.08,--,888,983904,买盘
2128,11:21:06,11.08,0.01,6,6648,买盘
2129,11:21:03,11.07,-0.01,10,11070,卖盘
2130,11:21:00,11.08,--,2,2216,买盘
2131,11:20:57,11.08,--,6,6648,买盘
2132,11:20:54,11.08,--,2,2216,买盘
2133,11:20:51,11.08,0.01,30,33240,买盘
2134,11:20:48,11.07,--,3,3321,买盘
2135,11:20:45,11.07,--,7,7749,买盘
2136,11:20:42,11.07,0.01,7,7749,买盘
2137,11:20:39,11.06,--,64,70784,卖盘
2138,11:20:36,11.06,-0.01,1,1106,卖盘
2139,11:20:33,11.07,0.01,8,8856,买盘
2140,11:20:30,11.06,-0.01,8,8848,卖盘
2141,11:20:27,11.07,0.01,13,14391,买盘
2142,11:20:24,11.06,-0.01,1,1106,卖盘
2143,11:20:21,11.07,--,38,42066,买盘
2144,11:20:18,11.07,--,5,5535,买盘
2145,11:20:15,11.07,--,6,6642,买盘
2146,11:20:12,11.07,--,7,7749,买盘
2147,11:20:09,11.07,--,1,1107,买盘
2148,11:20:06,11.07,--,7,7749,买盘
2149,11:20:03,11.07,--,5,5535,买盘
2150,11:20:00,11.07,--,2,2214,买盘
2151,11:19:57,11.07,0.01,9,9963,买盘
2152,11:19:54,11.06,-0.01,13,14378,卖盘
2153,11:19:51,11.07,--,75,83025,买盘
2154,11:19:48,11.07,--,5,5535,买盘
2155,11:19:45,11.07,--,11,12177,买盘
2156,11:19:42,11.07,--,14,15498,买盘
2157,11:19:39,11.07,--,4,4428,买盘
2158,11:19:36,11.07,--,12,13284,买盘
2159,11:19:33,11.07,--,2,2214,买盘
2160,11:19:30,11.07,--,10,11070,买盘
2161,11:19:27,11.07,0.01,8,8856,买盘
2162,11:19:24,11.06,-0.01,1,1106,卖盘
2163,11:19:18,11.07,--,25,27675,买盘
2164,11:19:12,11.07,--,21,23247,买盘
2165,11:19:09,11.07,--,1,1107,买盘
2166,11:19:06,11.07,0.01,10,11070,买盘
2167,11:19:03,11.06,-0.01,1,1106,卖盘
2168,11:19:00,11.07,--,219,243063,买盘
2169,11:18:57,11.07,--,1,1107,买盘
2170,11:18:54,11.07,--,149,164943,买盘
2171,11:18:51,11.07,--,12,13284,买盘
2172,11:18:45,11.07,0.01,2,2214,买盘
2173,11:18:42,11.06,-0.01,6,6636,卖盘
2174,11:18:39,11.07,0.01,5,5535,买盘
2175,11:18:36,11.06,--,7,7742,卖盘
2176,11:18:33,11.06,-0.01,18,19908,卖盘
2177,11:18:30,11.07,--,1,1107,买盘
2178,11:18:27,11.07,--,5,5535,买盘
2179,11:18:24,11.07,-0.01,27,29889,中性盘
2180,11:18:18,11.08,--,7,7756,买盘
2181,11:18:15,11.08,--,91,100828,买盘
2182,11:18:12,11.08,--,6,6648,买盘
2183,11:18:09,11.08,--,5,5540,买盘
2184,11:18:06,11.08,--,74,81992,买盘
2185,11:18:03,11.08,--,70,78424,买盘
2186,11:18:00,11.08,0.01,7,7756,买盘
2187,11:17:57,11.07,--,12,13284,卖盘
2188,11:17:54,11.07,-0.01,23,25461,卖盘
2189,11:17:51,11.08,--,5,5540,买盘
2190,11:17:48,11.08,--,15,16620,买盘
2191,11:17:45,11.08,--,68,75344,买盘
2192,11:17:42,11.08,0.01,21,23268,买盘
2193,11:17:39,11.07,-0.01,4,4428,卖盘
2194,11:17:36,11.08,0.01,6,6648,买盘
2195,11:17:33,11.07,--,4,4671,卖盘
2196,11:17:30,11.07,-0.01,27,29889,卖盘
2197,11:17:27,11.08,--,52,57616,买盘
2198,11:17:21,11.08,0.01,11,12188,买盘
2199,11:17:18,11.07,-0.01,43,47601,卖盘
2200,11:17:12,11.08,0.01,7,7756,买盘
2201,11:17:09,11.07,-0.01,59,65313,卖盘
2202,11:17:06,11.08,--,1,1108,买盘
2203,11:17:03,11.08,0.01,9,9972,买盘
2204,11:17:00,11.07,-0.01,20,22140,卖盘
2205,11:16:57,11.08,--,5,5540,买盘
2206,11:16:54,11.08,--,16,17728,买盘
2207,11:16:48,11.08,--,1,1108,买盘
2208,11:16:45,11.08,--,8,8864,买盘
2209,11:16:42,11.08,0.01,5,5540,买盘
2210,11:16:36,11.07,-0.01,1,1107,卖盘
2211,11:16:33,11.08,--,29,32132,买盘
2212,11:16:30,11.08,0.01,4,4432,买盘
2213,11:16:27,11.07,-0.01,3,3321,卖盘
2214,11:16:24,11.08,--,8,8864,买盘
2215,11:16:21,11.08,--,86,95288,买盘
2216,11:16:18,11.08,--,3,3324,买盘
2217,11:16:12,11.08,--,9,9972,买盘
2218,11:16:00,11.08,0.01,11,12188,买盘
2219,11:15:57,11.07,--,36,39852,卖盘
2220,11:15:54,11.07,--,10,11070,卖盘
2221,11:15:51,11.07,-0.01,26,28782,卖盘
2222,11:15:48,11.08,--,5,5540,买盘
2223,11:15:45,11.08,--,4,4432,买盘
2224,11:15:42,11.08,--,20,22160,买盘
2225,11:15:39,11.08,0.01,33,36564,买盘
2226,11:15:36,11.07,--,1,1107,卖盘
2227,11:15:33,11.07,-0.01,10,11070,卖盘
2228,11:15:30,11.08,--,2,2216,买盘
2229,11:15:27,11.08,0.01,10,11080,买盘
2230,11:15:24,11.07,-0.01,11,12177,卖盘
2231,11:15:18,11.08,--,3,3324,买盘
2232,11:15:15,11.08,--,11,12188,买盘
2233,11:15:09,11.08,--,5,5540,买盘
2234,11:15:03,11.08,--,6,6648,买盘
2235,11:15:00,11.08,--,2,2216,买盘
2236,11:14:57,11.08,--,46,50968,买盘
2237,11:14:51,11.08,0.01,6,6648,买盘
2238,11:14:48,11.07,--,1,1107,卖盘
2239,11:14:45,11.07,-0.01,6,6642,卖盘
2240,11:14:42,11.08,--,7,7756,买盘
2241,11:14:36,11.08,--,23,25484,买盘
2242,11:14:33,11.08,--,70,77560,买盘
2243,11:14:30,11.08,--,18,19944,买盘
2244,11:14:27,11.08,0.01,5,5540,买盘
2245,11:14:24,11.07,--,6,6642,买盘
2246,11:14:18,11.07,--,6,6642,买盘
2247,11:14:12,11.07,-0.01,11,12177,中性盘
2248,11:14:09,11.08,0.02,90,99720,买盘
2249,11:14:06,11.06,-0.01,23,25438,卖盘
2250,11:14:03,11.07,--,6,6642,买盘
2251,11:14:00,11.07,-0.01,12,13284,买盘
2252,11:13:57,11.08,--,5,5540,买盘
2253,11:13:54,11.08,--,1,1108,买盘
2254,11:13:51,11.08,--,73,80884,买盘
2255,11:13:48,11.08,--,35,38780,买盘
2256,11:13:42,11.08,--,2,2216,买盘
2257,11:13:39,11.08,--,5,5540,买盘
2258,11:13:36,11.08,0.01,7,7756,买盘
2259,11:13:33,11.07,-0.01,12,13284,买盘
2260,11:13:30,11.08,--,4,4432,买盘
2261,11:13:27,11.08,--,5,5540,买盘
2262,11:13:24,11.08,0.02,6,6648,买盘
2263,11:13:18,11.06,-0.02,9,9954,卖盘
2264,11:13:12,11.08,0.02,14,15512,买盘
2265,11:13:06,11.06,--,1,1106,卖盘
2266,11:13:03,11.06,-0.02,34,37604,卖盘
2267,11:13:00,11.08,--,4,4432,买盘
2268,11:12:57,11.08,--,7,7756,买盘
2269,11:12:54,11.08,0.02,50,55400,买盘
2270,11:12:51,11.06,-0.02,6,6636,卖盘
2271,11:12:48,11.08,0.01,72,79776,买盘
2272,11:12:45,11.07,0.01,5,5535,买盘
2273,11:12:42,11.06,-0.01,54,59724,卖盘
2274,11:12:39,11.07,--,5,5535,买盘
2275,11:12:36,11.07,0.02,8,8856,买盘
2276,11:12:33,11.05,-0.02,4,4420,卖盘
2277,11:12:30,11.07,--,5,5535,买盘
2278,11:12:27,11.07,0.02,2,2214,买盘
2279,11:12:24,11.05,--,8,8840,卖盘
2280,11:12:18,11.05,-0.01,13,14365,卖盘
2281,11:12:15,11.06,--,2,2212,买盘
2282,11:12:09,11.06,--,5,5530,买盘
2283,11:12:06,11.06,--,7,7742,卖盘
2284,11:12:03,11.06,-0.01,1,1106,卖盘
2285,11:11:57,11.07,--,364,402948,买盘
2286,11:11:54,11.07,0.02,1,1107,买盘
2287,11:11:51,11.05,-0.02,1101,1216605,卖盘
2288,11:11:48,11.07,--,10,11070,买盘
2289,11:11:45,11.07,0.02,5,5535,买盘
2290,11:11:42,11.05,-0.02,1,1105,卖盘
2291,11:11:36,11.07,--,680,752760,买盘
2292,11:11:33,11.07,0.02,4,4428,买盘
2293,11:11:30,11.05,-0.02,10,11050,卖盘
2294,11:11:27,11.07,0.02,675,747225,买盘
2295,11:11:24,11.05,--,16,17680,卖盘
2296,11:11:21,11.05,--,45,49725,卖盘
2297,11:11:18,11.05,-0.01,122,134810,卖盘
2298,11:11:15,11.06,0.01,7,7742,买盘
2299,11:11:12,11.05,--,16,17680,卖盘
2300,11:11:09,11.05,-0.01,20,22100,卖盘
2301,11:11:06,11.06,--,5,5530,买盘
2302,11:11:03,11.06,--,68,75208,买盘
2303,11:11:00,11.06,0.01,5,5530,买盘
2304,11:10:57,11.05,--,8,8840,卖盘
2305,11:10:54,11.05,-0.01,14,15470,卖盘
2306,11:10:51,11.06,--,6,6636,买盘
2307,11:10:48,11.06,--,4,4424,买盘
2308,11:10:45,11.06,--,3,3318,买盘
2309,11:10:42,11.06,--,2,2212,买盘
2310,11:10:39,11.06,0.01,17,18802,买盘
2311,11:10:36,11.05,-0.01,3,3315,卖盘
2312,11:10:33,11.06,--,1,1106,买盘
2313,11:10:30,11.06,--,1,1106,买盘
2314,11:10:27,11.06,0.01,5,5530,买盘
2315,11:10:24,11.05,--,1,1105,卖盘
2316,11:10:21,11.05,-0.01,2,2210,卖盘
2317,11:10:18,11.06,--,23,25438,买盘
2318,11:10:15,11.06,--,6,6636,买盘
2319,11:10:12,11.06,--,2,2212,买盘
2320,11:10:06,11.06,--,6,6636,买盘
2321,11:10:03,11.06,--,96,106176,买盘
2322,11:09:54,11.06,0.01,4,4424,买盘
2323,11:09:51,11.05,-0.01,2,2210,卖盘
2324,11:09:48,11.06,--,13,14378,买盘
2325,11:09:45,11.06,0.01,4,4424,买盘
2326,11:09:42,11.05,-0.01,11,12155,卖盘
2327,11:09:39,11.06,0.01,22,24332,买盘
2328,11:09:36,11.05,-0.01,1,1105,卖盘
2329,11:09:33,11.06,--,14,15484,买盘
2330,11:09:30,11.06,--,3,3318,买盘
2331,11:09:27,11.06,--,18,19908,买盘
2332,11:09:24,11.06,--,76,84056,买盘
2333,11:09:21,11.06,--,5,5530,买盘
2334,11:09:09,11.06,0.01,5,5530,买盘
2335,11:09:03,11.05,-0.01,3,3315,卖盘
2336,11:09:00,11.06,0.01,32,35392,买盘
2337,11:08:57,11.05,-0.01,11,12155,卖盘
2338,11:08:51,11.06,0.01,10,11060,买盘
2339,11:08:48,11.05,-0.01,106,117130,卖盘
2340,11:08:45,11.06,0.01,4,4424,买盘
2341,11:08:42,11.05,-0.01,7,7735,卖盘
2342,11:08:39,11.06,--,3,3318,买盘
2343,11:08:36,11.06,--,28,30968,买盘
2344,11:08:30,11.06,--,14,15484,买盘
2345,11:08:27,11.06,--,5,5530,买盘
2346,11:08:24,11.06,--,1,1106,买盘
2347,11:08:21,11.06,--,2,2212,买盘
2348,11:08:18,11.06,--,2,2212,买盘
2349,11:08:15,11.06,0.01,37,40922,买盘
2350,11:08:12,11.05,--,2,2210,卖盘
2351,11:08:09,11.05,-0.01,1,1105,卖盘
2352,11:08:06,11.06,0.01,7,7742,买盘
2353,11:08:03,11.05,--,2,2210,卖盘
2354,11:07:57,11.05,-0.01,24,26520,卖盘
2355,11:07:54,11.06,0.01,4,4424,买盘
2356,11:07:51,11.05,-0.01,10,11050,卖盘
2357,11:07:48,11.06,--,2,2212,买盘
2358,11:07:45,11.06,--,2,2212,买盘
2359,11:07:42,11.06,--,13,14378,买盘
2360,11:07:39,11.06,--,7,7742,买盘
2361,11:07:36,11.06,--,3,3318,买盘
2362,11:07:33,11.06,--,52,57512,买盘
2363,11:07:30,11.06,--,75,82950,买盘
2364,11:07:27,11.06,0.01,5,5530,买盘
2365,11:07:24,11.05,-0.01,248,274040,卖盘
2366,11:07:21,11.06,0.01,5,5530,买盘
2367,11:07:18,11.05,--,28,30940,卖盘
2368,11:07:15,11.05,-0.01,1,1105,卖盘
2369,11:07:12,11.06,--,8,8848,买盘
2370,11:07:09,11.06,--,5,5530,买盘
2371,11:07:06,11.06,--,9,9954,买盘
2372,11:07:03,11.06,--,2,2212,买盘
2373,11:07:00,11.06,--,2,2212,买盘
2374,11:06:57,11.06,--,10,11060,买盘
2375,11:06:54,11.06,0.01,48,53088,买盘
2376,11:06:51,11.05,--,2,2210,卖盘
2377,11:06:48,11.05,--,9,9945,卖盘
2378,11:06:45,11.05,-0.01,1,1105,卖盘
2379,11:06:42,11.06,0.01,20,22219,买盘
2380,11:06:39,11.05,--,5,5525,买盘
2381,11:06:36,11.05,--,57,62985,买盘
2382,11:06:33,11.05,--,13,14365,买盘
2383,11:06:30,11.05,--,151,166855,买盘
2384,11:06:24,11.05,--,11,12155,买盘
2385,11:06:21,11.05,--,21,23205,买盘
2386,11:06:18,11.05,--,205,226525,买盘
2387,11:06:15,11.05,0.01,8,8840,买盘
2388,11:06:12,11.04,-0.01,1,1104,卖盘
2389,11:06:09,11.05,--,7,7735,买盘
2390,11:06:06,11.05,--,14,15470,买盘
2391,11:06:03,11.05,--,8,8840,买盘
2392,11:06:00,11.05,0.01,5,5525,买盘
2393,11:05:57,11.04,-0.01,2,2208,卖盘
2394,11:05:51,11.05,0.01,26,28730,买盘
2395,11:05:48,11.04,-0.01,8,8832,卖盘
2396,11:05:45,11.05,--,86,95030,买盘
2397,11:05:42,11.05,0.01,4,4420,买盘
2398,11:05:39,11.04,-0.01,8,8832,卖盘
2399,11:05:36,11.05,--,8,8840,买盘
2400,11:05:33,11.05,--,10,11050,买盘
2401,11:05:30,11.05,--,6,6630,买盘
2402,11:05:27,11.05,--,100,110500,买盘
2403,11:05:24,11.05,--,25,27625,买盘
2404,11:05:21,11.05,--,43,47515,买盘
2405,11:05:18,11.05,--,4,4420,买盘
2406,11:05:15,11.05,--,6,6630,买盘
2407,11:05:12,11.05,--,3,3315,买盘
2408,11:05:09,11.05,--,7,7735,买盘
2409,11:05:03,11.05,--,18,19890,买盘
2410,11:05:00,11.05,--,1,1105,买盘
2411,11:04:57,11.05,0.01,105,116025,买盘
2412,11:04:54,11.04,-0.01,21,23184,卖盘
2413,11:04:51,11.05,--,2,2210,买盘
2414,11:04:48,11.05,0.01,7,7735,买盘
2415,11:04:45,11.04,-0.01,7,7727,卖盘
2416,11:04:42,11.05,--,5,5525,买盘
2417,11:04:39,11.05,--,8,8840,买盘
2418,11:04:36,11.05,--,15,16575,买盘
2419,11:04:33,11.05,--,25,27625,买盘
2420,11:04:30,11.05,0.01,6,6630,买盘
2421,11:04:27,11.04,--,12,13247,卖盘
2422,11:04:24,11.04,-0.01,5,5520,卖盘
2423,11:04:21,11.05,--,102,112710,买盘
2424,11:04:18,11.05,-0.01,202,224215,卖盘
2425,11:04:15,11.06,--,2,2212,买盘
2426,11:04:12,11.06,--,23,25438,买盘
2427,11:04:06,11.06,0.01,6,6636,买盘
2428,11:04:03,11.05,--,10,11050,卖盘
2429,11:04:00,11.05,-0.01,111,122655,卖盘
2430,11:03:57,11.06,--,136,150416,买盘
2431,11:03:51,11.06,--,39,43134,买盘
2432,11:03:48,11.06,--,5,5530,买盘
2433,11:03:45,11.06,0.02,151,167105,买盘
2434,11:03:42,11.04,-0.01,13,14351,卖盘
2435,11:03:39,11.05,--,75,82875,买盘
2436,11:03:36,11.05,--,50,55250,买盘
2437,11:03:33,11.05,--,7,7735,买盘
2438,11:03:30,11.05,--,5,5525,买盘
2439,11:03:27,11.05,-0.01,195,216480,卖盘
2440,11:03:24,11.06,--,1,1106,买盘
2441,11:03:21,11.06,--,10,11060,买盘
2442,11:03:18,11.06,--,6,6636,买盘
2443,11:03:15,11.06,--,2,2212,买盘
2444,11:03:12,11.06,0.01,25,27650,买盘
2445,11:03:06,11.05,--,13,14365,卖盘
2446,11:03:03,11.05,--,373,412264,买盘
2447,11:02:57,11.05,--,9,9945,买盘
2448,11:02:54,11.05,--,76,83980,买盘
2449,11:02:51,11.05,-0.01,699,773400,卖盘
2450,11:02:48,11.06,--,2,2212,买盘
2451,11:02:45,11.06,--,7,7742,买盘
2452,11:02:42,11.06,--,7,7742,买盘
2453,11:02:39,11.06,0.01,1,1106,买盘
2454,11:02:36,11.05,-0.01,46,50830,卖盘
2455,11:02:33,11.06,--,4,4424,买盘
2456,11:02:30,11.06,--,14,15484,买盘
2457,11:02:27,11.06,--,6,6636,买盘
2458,11:02:24,11.06,--,9,9954,买盘
2459,11:02:18,11.06,0.01,13,14378,买盘
2460,11:02:15,11.05,-0.01,102,112710,卖盘
2461,11:02:12,11.06,--,5,5530,买盘
2462,11:02:09,11.06,0.01,6,6636,买盘
2463,11:02:06,11.05,-0.01,6,7237,卖盘
2464,11:02:03,11.06,--,3,3318,买盘
2465,11:02:00,11.06,--,7,7742,买盘
2466,11:01:57,11.06,--,5,5530,买盘
2467,11:01:51,11.06,--,6,6636,买盘
2468,11:01:48,11.06,--,4,4424,买盘
2469,11:01:45,11.06,--,7,7742,买盘
2470,11:01:42,11.06,--,2,2212,买盘
2471,11:01:39,11.06,--,24,26544,买盘
2472,11:01:36,11.06,--,8,8848,买盘
2473,11:01:33,11.06,--,6,6636,买盘
2474,11:01:30,11.06,--,5,5530,买盘
2475,11:01:27,11.06,--,5,5530,买盘
2476,11:01:24,11.06,0.01,9,9954,买盘
2477,11:01:21,11.05,--,2,2210,卖盘
2478,11:01:18,11.05,-0.01,86,95030,卖盘
2479,11:01:15,11.06,0.01,7,7742,买盘
2480,11:01:12,11.05,--,19,20995,卖盘
2481,11:01:09,11.05,-0.01,59,65195,卖盘
2482,11:01:06,11.06,0.01,8,8848,买盘
2483,11:01:03,11.05,-0.01,7,7735,卖盘
2484,11:00:54,11.06,--,11,12166,买盘
2485,11:00:51,11.06,0.01,5,5530,买盘
2486,11:00:48,11.05,--,33,36465,卖盘
2487,11:00:45,11.05,--,444,491216,买盘
2488,11:00:42,11.05,--,1,1105,买盘
2489,11:00:39,11.05,--,15,16575,买盘
2490,11:00:36,11.05,--,101,111605,买盘
2491,11:00:33,11.05,--,7,7735,买盘
2492,11:00:30,11.05,0.01,68,75140,买盘
2493,11:00:27,11.04,--,109,120335,卖盘
2494,11:00:24,11.04,-0.01,1,1104,卖盘
2495,11:00:21,11.05,0.01,8,8840,买盘
2496,11:00:18,11.04,--,27,29807,卖盘
2497,11:00:15,11.04,-0.01,44,48575,卖盘
2498,11:00:12,11.05,--,4,4420,买盘
2499,11:00:09,11.05,--,98,108290,买盘
2500,11:00:06,11.05,--,16,17680,买盘
2501,11:00:03,11.05,--,30,33150,买盘
2502,11:00:00,11.05,--,359,396695,买盘
2503,10:59:57,11.05,0.01,37,40885,买盘
2504,10:59:54,11.04,-0.01,10,11040,卖盘
2505,10:59:51,11.05,--,24,26520,买盘
2506,10:59:48,11.05,--,5,5525,买盘
2507,10:59:45,11.05,0.01,6,6630,买盘
2508,10:59:42,11.04,-0.01,1,1104,卖盘
2509,10:59:39,11.05,--,17,18785,买盘
2510,10:59:36,11.05,--,12,13260,买盘
2511,10:59:33,11.05,--,5,5525,买盘
2512,10:59:27,11.05,--,147,162435,买盘
2513,10:59:24,11.05,--,106,117130,买盘
2514,10:59:21,11.05,--,69,76245,买盘
2515,10:59:18,11.05,--,4,4420,买盘
2516,10:59:15,11.05,--,4,4420,买盘
2517,10:59:09,11.05,--,12,13260,买盘
2518,10:59:06,11.05,0.01,4,4420,买盘
2519,10:59:03,11.04,--,27,29807,卖盘
2520,10:59:00,11.04,--,12,13247,卖盘
2521,10:58:57,11.04,-0.01,9,9936,卖盘
2522,10:58:54,11.05,--,22,24310,买盘
2523,10:58:51,11.05,--,5,5525,买盘
2524,10:58:45,11.05,--,156,172380,买盘
2525,10:58:42,11.05,0.01,5,5525,买盘
2526,10:58:36,11.04,-0.01,7,7727,卖盘
2527,10:58:33,11.05,0.01,5,5525,买盘
2528,10:58:30,11.04,--,7,7727,卖盘
2529,10:58:27,11.04,--,22,24287,卖盘
2530,10:58:21,11.04,--,7,7727,卖盘
2531,10:58:15,11.04,-0.01,60,66240,卖盘
2532,10:58:09,11.05,0.01,4,4420,买盘
2533,10:58:03,11.04,-0.01,21,23184,卖盘
2534,10:57:57,11.05,-0.01,339,375103,卖盘
2535,10:57:54,11.06,0.01,8,8848,买盘
2536,10:57:51,11.05,-0.01,2,2210,卖盘
2537,10:57:48,11.06,0.01,5,5530,买盘
2538,10:57:45,11.05,-0.01,1,1105,卖盘
2539,10:57:42,11.06,--,21,23226,买盘
2540,10:57:36,11.06,0.01,6,6636,买盘
2541,10:57:33,11.05,-0.01,1,1105,卖盘
2542,10:57:27,11.06,0.01,4,4424,买盘
2543,10:57:24,11.05,--,5,5525,卖盘
2544,10:57:21,11.05,-0.01,19,20995,卖盘
2545,10:57:18,11.06,--,18,19908,买盘
2546,10:57:15,11.06,0.01,5,5530,买盘
2547,10:57:09,11.05,--,16,17680,卖盘
2548,10:57:06,11.05,-0.01,92,101660,卖盘
2549,10:57:03,11.06,0.01,6,6636,买盘
2550,10:57:00,11.05,--,112,123760,卖盘
2551,10:56:57,11.05,--,65,71825,卖盘
2552,10:56:54,11.05,--,6,6630,卖盘
2553,10:56:48,11.05,--,2,2210,卖盘
2554,10:56:45,11.05,-0.01,1,1105,卖盘
2555,10:56:42,11.06,--,29,32074,买盘
2556,10:56:39,11.06,0.01,140,154840,买盘
2557,10:56:36,11.05,-0.01,1,1105,卖盘
2558,10:56:30,11.06,--,16,17696,买盘
2559,10:56:27,11.06,0.01,35,38710,买盘
2560,10:56:24,11.05,-0.01,1,1105,卖盘
2561,10:56:21,11.06,--,4,4424,买盘
2562,10:56:18,11.06,0.01,3,3318,买盘
2563,10:56:15,11.05,--,7,8177,卖盘
2564,10:56:12,11.05,-0.01,1,1105,卖盘
2565,10:56:09,11.06,0.01,5,5530,买盘
2566,10:56:03,11.05,-0.01,1,1105,卖盘
2567,10:55:57,11.06,0.01,4,4424,买盘
2568,10:55:54,11.05,-0.01,8,8840,卖盘
2569,10:55:48,11.06,--,2,2212,买盘
2570,10:55:45,11.06,0.01,16,17696,买盘
2571,10:55:42,11.05,--,82,90610,卖盘
2572,10:55:36,11.05,-0.01,13,14365,卖盘
2573,10:55:33,11.06,--,2,2212,买盘
2574,10:55:30,11.06,--,4,4424,买盘
2575,10:55:27,11.06,--,400,442400,买盘
2576,10:55:24,11.06,--,7,7742,买盘
2577,10:55:18,11.06,--,88,97328,买盘
2578,10:55:15,11.06,--,5,5530,买盘
2579,10:55:06,11.06,0.01,12,13272,买盘
2580,10:55:03,11.05,--,5,5525,卖盘
2581,10:55:00,11.05,--,60,66300,卖盘
2582,10:54:54,11.05,-0.01,1,1105,卖盘
2583,10:54:51,11.06,0.01,8,8848,买盘
2584,10:54:45,11.05,-0.01,11,12155,卖盘
2585,10:54:42,11.06,--,4,4424,买盘
2586,10:54:36,11.06,--,213,235578,买盘
2587,10:54:33,11.06,0.01,124,137144,买盘
2588,10:54:30,11.05,--,82,90610,卖盘
2589,10:54:27,11.05,-0.01,12,13260,卖盘
2590,10:54:24,11.06,--,107,118342,买盘
2591,10:54:18,11.06,--,5,5530,买盘
2592,10:54:12,11.06,--,1,1106,买盘
2593,10:54:09,11.06,0.01,4,4424,买盘
2594,10:54:06,11.05,--,18,19890,卖盘
2595,10:54:03,11.05,-0.01,1,1105,卖盘
2596,10:53:57,11.06,0.01,13,14378,买盘
2597,10:53:54,11.05,-0.01,1,1105,卖盘
2598,10:53:51,11.06,--,1,1106,买盘
2599,10:53:45,11.06,--,9,9954,买盘
2600,10:53:42,11.06,--,13,14378,买盘
2601,10:53:39,11.06,0.01,1,1106,买盘
2602,10:53:36,11.05,-0.01,29,32045,卖盘
2603,10:53:33,11.06,--,4,4424,买盘
2604,10:53:30,11.06,--,15,16590,买盘
2605,10:53:27,11.06,0.01,70,77420,买盘
2606,10:53:24,11.05,--,18,19890,卖盘
2607,10:53:21,11.05,--,2,2210,卖盘
2608,10:53:15,11.05,-0.01,2,2210,卖盘
2609,10:53:12,11.06,--,11,12166,买盘
2610,10:53:09,11.06,-0.01,245,270970,卖盘
2611,10:53:03,11.07,0.01,4,4428,买盘
2612,10:53:00,11.06,--,1,1106,卖盘
2613,10:52:57,11.06,--,1,1106,卖盘
2614,10:52:54,11.06,0.01,141,155946,买盘
2615,10:52:51,11.05,--,34,37570,卖盘
2616,10:52:45,11.05,--,1,1105,卖盘
2617,10:52:42,11.05,--,8,8840,卖盘
2618,10:52:39,11.05,--,4,4420,卖盘
2619,10:52:36,11.05,--,9,9945,卖盘
2620,10:52:33,11.05,-0.01,6,6630,卖盘
2621,10:52:30,11.06,--,14,15484,买盘
2622,10:52:27,11.06,0.01,1,1106,买盘
2623,10:52:24,11.05,-0.01,1,1105,卖盘
2624,10:52:21,11.06,--,1,1106,买盘
2625,10:52:18,11.06,0.01,91,100646,买盘
2626,10:52:15,11.05,-0.01,21,23205,卖盘
2627,10:52:09,11.06,--,54,59724,买盘
2628,10:52:06,11.06,--,856,946736,买盘
2629,10:52:03,11.06,--,27,29862,买盘
2630,10:51:57,11.06,0.01,9,9954,买盘
2631,10:51:54,11.05,-0.01,19,20995,卖盘
2632,10:51:51,11.06,--,14,15484,买盘
2633,10:51:42,11.06,0.01,85,94010,买盘
2634,10:51:39,11.05,--,3,3315,卖盘
2635,10:51:36,11.05,--,11,12155,卖盘
2636,10:51:33,11.05,-0.01,6,6630,卖盘
2637,10:51:30,11.06,--,13,14378,买盘
2638,10:51:27,11.06,0.01,25,27650,买盘
2639,10:51:24,11.05,--,1,1105,卖盘
2640,10:51:18,11.05,--,11,12155,卖盘
2641,10:51:15,11.05,--,2,2210,卖盘
2642,10:51:12,11.05,--,6,6630,卖盘
2643,10:51:06,11.05,--,2,2210,卖盘
2644,10:51:03,11.05,--,74,81770,卖盘
2645,10:51:00,11.05,--,1,1105,卖盘
2646,10:50:54,11.05,--,1,1105,卖盘
2647,10:50:48,11.05,-0.01,3,3315,卖盘
2648,10:50:45,11.06,0.01,11,12166,买盘
2649,10:50:42,11.05,--,2,2210,卖盘
2650,10:50:39,11.05,--,14,15470,卖盘
2651,10:50:36,11.05,--,8,8840,卖盘
2652,10:50:33,11.05,-0.01,10,11050,卖盘
2653,10:50:30,11.06,0.01,17,18802,买盘
2654,10:50:27,11.05,--,2,2210,卖盘
2655,10:50:21,11.05,-0.01,4,4420,卖盘
2656,10:50:18,11.06,0.01,10,11060,买盘
2657,10:50:15,11.05,-0.01,50,55250,卖盘
2658,10:50:09,11.06,--,1,1106,买盘
2659,10:50:06,11.06,0.01,138,152628,买盘
2660,10:50:03,11.05,-0.01,15,16575,卖盘
2661,10:50:00,11.06,--,1,1106,买盘
2662,10:49:57,11.06,0.01,97,107282,买盘
2663,10:49:54,11.05,-0.01,1,1105,卖盘
2664,10:49:51,11.06,--,10,11060,买盘
2665,10:49:48,11.06,0.01,3,3318,买盘
2666,10:49:45,11.05,--,33,36465,卖盘
2667,10:49:42,11.05,--,15,16575,卖盘
2668,10:49:39,11.05,--,1,1105,卖盘
2669,10:49:33,11.05,-0.01,2,2210,卖盘
2670,10:49:30,11.06,--,3,3318,买盘
2671,10:49:27,11.06,0.01,50,55300,买盘
2672,10:49:21,11.05,--,53,58565,卖盘
2673,10:49:18,11.05,-0.01,165,182325,卖盘
2674,10:49:12,11.06,0.01,7,7742,买盘
2675,10:49:06,11.05,--,2,2210,卖盘
2676,10:49:03,11.05,--,1,1105,卖盘
2677,10:48:57,11.05,-0.01,20,22100,卖盘
2678,10:48:54,11.06,0.01,13,14378,买盘
2679,10:48:51,11.05,--,2,2210,卖盘
2680,10:48:48,11.05,--,32,35360,卖盘
2681,10:48:45,11.05,--,1,1105,卖盘
2682,10:48:42,11.05,--,129,142545,卖盘
2683,10:48:39,11.05,--,2,2210,卖盘
2684,10:48:36,11.05,--,2,2210,卖盘
2685,10:48:33,11.05,-0.01,2,2210,卖盘
2686,10:48:24,11.06,--,55,60830,买盘
2687,10:48:15,11.06,--,164,181384,买盘
2688,10:48:12,11.06,--,181,200186,买盘
2689,10:48:09,11.06,0.01,9,9954,买盘
2690,10:48:06,11.05,--,17,18785,卖盘
2691,10:48:00,11.05,-0.01,6,6630,卖盘
2692,10:47:57,11.06,0.01,9,9954,买盘
2693,10:47:54,11.05,-0.01,26,28730,卖盘
2694,10:47:45,11.06,0.01,20,22120,买盘
2695,10:47:42,11.05,--,11,12155,卖盘
2696,10:47:39,11.05,--,1,1105,卖盘
2697,10:47:36,11.05,-0.01,32,35360,卖盘
2698,10:47:30,11.06,--,9,9954,买盘
2699,10:47:27,11.06,0.01,13,14378,买盘
2700,10:47:24,11.05,--,1,1105,卖盘
2701,10:47:21,11.05,--,24,26520,卖盘
2702,10:47:18,11.05,--,8,8840,卖盘
2703,10:47:15,11.05,--,8,8840,卖盘
2704,10:47:12,11.05,--,10,11050,卖盘
2705,10:47:06,11.05,--,1,1105,卖盘
2706,10:47:03,11.05,--,1,1105,卖盘
2707,10:47:00,11.05,--,2,2210,卖盘
2708,10:46:54,11.05,--,26,28730,卖盘
2709,10:46:51,11.05,-0.01,37,40885,卖盘
2710,10:46:42,11.06,0.01,7,7742,买盘
2711,10:46:39,11.05,--,3,3315,卖盘
2712,10:46:36,11.05,--,4,4574,买盘
2713,10:46:33,11.05,--,100,111450,卖盘
2714,10:46:30,11.05,-0.01,61,67405,卖盘
2715,10:46:27,11.06,--,89,98434,买盘
2716,10:46:24,11.06,0.01,5,5530,买盘
2717,10:46:21,11.05,-0.01,13,14365,卖盘
2718,10:46:15,11.06,--,23,25438,买盘
2719,10:46:12,11.06,0.01,2,2212,买盘
2720,10:46:06,11.05,--,114,125970,卖盘
2721,10:46:03,11.05,--,2,2210,卖盘
2722,10:46:00,11.05,-0.01,1,1105,卖盘
2723,10:45:57,11.06,--,14,15484,买盘
2724,10:45:51,11.06,0.01,4,4424,买盘
2725,10:45:48,11.05,--,50,55250,卖盘
2726,10:45:45,11.05,-0.01,25,27625,卖盘
2727,10:45:42,11.06,0.01,70,77420,买盘
2728,10:45:39,11.05,--,8,8840,卖盘
2729,10:45:36,11.05,--,10,11050,卖盘
2730,10:45:33,11.05,-0.01,214,236470,卖盘
2731,10:45:30,11.06,--,139,153734,买盘
2732,10:45:27,11.06,--,10,11060,买盘
2733,10:45:24,11.06,0.01,2,2212,买盘
2734,10:45:21,11.05,-0.01,7,7735,卖盘
2735,10:45:18,11.06,0.01,17,18802,买盘
2736,10:45:15,11.05,-0.01,42,46410,卖盘
2737,10:45:12,11.06,0.01,38,42028,买盘
2738,10:45:09,11.05,--,4,4420,卖盘
2739,10:45:06,11.05,--,3,3315,卖盘
2740,10:45:03,11.05,0.01,110,121704,买盘
2741,10:45:00,11.04,-0.01,2,2208,卖盘
2742,10:44:57,11.05,--,10,11050,买盘
2743,10:44:54,11.05,--,3,3315,买盘
2744,10:44:51,11.05,--,31,34255,买盘
2745,10:44:48,11.05,--,131,145705,卖盘
2746,10:44:45,11.05,--,32,35360,卖盘
2747,10:44:42,11.05,--,174,192270,卖盘
2748,10:44:39,11.05,--,18,19890,卖盘
2749,10:44:36,11.05,--,5,5525,卖盘
2750,10:44:33,11.05,--,3,3315,卖盘
2751,10:44:30,11.05,-0.01,12,13260,卖盘
2752,10:44:27,11.06,0.01,3,3318,买盘
2753,10:44:24,11.05,-0.01,35,38675,卖盘
2754,10:44:21,11.06,0.01,39,43134,买盘
2755,10:44:18,11.05,-0.01,15,16575,卖盘
2756,10:44:15,11.06,--,2,2212,买盘
2757,10:44:12,11.06,0.01,1,1106,买盘
2758,10:44:09,11.05,-0.01,1,1105,卖盘
2759,10:44:06,11.06,0.01,3,3318,买盘
2760,10:44:00,11.05,--,214,236470,卖盘
2761,10:43:57,11.05,--,91,100555,卖盘
2762,10:43:54,11.05,--,300,331500,卖盘
2763,10:43:51,11.05,-0.01,1,1105,卖盘
2764,10:43:48,11.06,--,11,12166,买盘
2765,10:43:45,11.06,0.01,2,2212,买盘
2766,10:43:42,11.05,-0.01,306,338130,卖盘
2767,10:43:36,11.06,0.01,4,4424,买盘
2768,10:43:33,11.05,-0.01,2,2210,卖盘
2769,10:43:30,11.06,--,9,9954,买盘
2770,10:43:27,11.06,0.01,32,35392,买盘
2771,10:43:24,11.05,-0.01,1,1105,卖盘
2772,10:43:21,11.06,0.01,4,4424,买盘
2773,10:43:18,11.05,--,2,2210,卖盘
2774,10:43:15,11.05,-0.02,86,95030,卖盘
2775,10:43:12,11.07,--,43,47601,买盘
2776,10:43:09,11.07,0.01,1,1107,买盘
2777,10:43:06,11.06,--,11,12166,卖盘
2778,10:43:03,11.06,--,3,3318,卖盘
2779,10:43:00,11.06,-0.01,5,5530,中性盘
2780,10:42:57,11.07,--,119,131733,买盘
2781,10:42:54,11.07,0.01,501,554607,买盘
2782,10:42:51,11.06,--,389,430897,买盘
2783,10:42:48,11.06,--,2,2212,买盘
2784,10:42:45,11.06,--,3,3318,买盘
2785,10:42:42,11.06,--,2,2212,买盘
2786,10:42:39,11.06,0.01,10,11060,买盘
2787,10:42:36,11.05,-0.01,5,5525,卖盘
2788,10:42:33,11.06,0.01,14,15484,买盘
2789,10:42:30,11.05,-0.01,5,5525,卖盘
2790,10:42:27,11.06,0.01,2,2212,买盘
2791,10:42:24,11.05,--,168,185640,卖盘
2792,10:42:21,11.05,-0.01,1,1105,卖盘
2793,10:42:18,11.06,0.01,2,2212,买盘
2794,10:42:15,11.05,--,150,165750,卖盘
2795,10:42:12,11.05,-0.01,2,2210,卖盘
2796,10:42:09,11.06,0.01,2,2212,买盘
2797,10:42:06,11.05,--,22,24310,卖盘
2798,10:42:03,11.05,-0.01,1,1105,卖盘
2799,10:42:00,11.06,--,98,108388,买盘
2800,10:41:57,11.06,--,13,14378,买盘
2801,10:41:51,11.06,--,3,3318,买盘
2802,10:41:45,11.06,0.01,2,2212,买盘
2803,10:41:42,11.05,-0.01,8,8840,卖盘
2804,10:41:39,11.06,--,15,16590,买盘
2805,10:41:36,11.06,--,11,12166,买盘
2806,10:41:33,11.06,--,10,11060,买盘
2807,10:41:30,11.06,--,1,1106,买盘
2808,10:41:27,11.06,--,2,2212,买盘
2809,10:41:24,11.06,0.01,3,3318,买盘
2810,10:41:21,11.05,--,8,8840,卖盘
2811,10:41:18,11.05,--,363,401711,买盘
2812,10:41:12,11.05,--,71,78455,买盘
2813,10:41:09,11.05,--,10,11050,买盘
2814,10:41:06,11.05,0.01,30,33150,买盘
2815,10:41:03,11.04,--,24,26495,卖盘
2816,10:41:00,11.04,--,2,2208,卖盘
2817,10:40:57,11.04,-0.01,309,341136,卖盘
2818,10:40:54,11.05,-0.01,558,617098,卖盘
2819,10:40:51,11.06,0.01,53,58618,买盘
2820,10:40:48,11.05,-0.01,19,20995,卖盘
2821,10:40:45,11.06,--,8,8848,买盘
2822,10:40:42,11.06,0.01,836,925213,买盘
2823,10:40:39,11.05,--,81,89505,买盘
2824,10:40:36,11.05,--,231,255255,买盘
2825,10:40:33,11.05,0.01,2,2210,买盘
2826,10:40:30,11.04,-0.01,19,20976,卖盘
2827,10:40:24,11.05,0.01,201,222105,买盘
2828,10:40:21,11.04,-0.01,259,285936,卖盘
2829,10:40:18,11.05,0.01,47,51935,买盘
2830,10:40:15,11.04,--,490,540960,卖盘
2831,10:40:12,11.04,-0.01,132,145728,卖盘
2832,10:40:09,11.05,-0.01,720,795600,卖盘
2833,10:40:06,11.06,0.01,2,2212,买盘
2834,10:40:03,11.05,--,3,3315,卖盘
2835,10:40:00,11.05,-0.01,1,1105,卖盘
2836,10:39:57,11.06,--,14,15484,买盘
2837,10:39:51,11.06,--,65,71890,买盘
2838,10:39:48,11.06,--,8,8848,买盘
2839,10:39:45,11.06,0.01,26,28756,买盘
2840,10:39:42,11.05,--,64,70720,卖盘
2841,10:39:39,11.05,-0.01,20,22100,卖盘
2842,10:39:36,11.06,--,2,2212,买盘
2843,10:39:33,11.06,--,101,111706,买盘
2844,10:39:30,11.06,--,2,2212,买盘
2845,10:39:27,11.06,0.01,129,142674,买盘
2846,10:39:24,11.05,--,537,593385,卖盘
2847,10:39:21,11.05,-0.01,19,20995,卖盘
2848,10:39:18,11.06,0.01,2,2212,买盘
2849,10:39:15,11.05,--,106,117130,卖盘
2850,10:39:12,11.05,--,132,145860,卖盘
2851,10:39:09,11.05,--,10,11050,卖盘
2852,10:39:06,11.05,--,23,25415,卖盘
2853,10:39:00,11.05,-0.01,1,1105,卖盘
2854,10:38:57,11.06,--,347,384224,卖盘
2855,10:38:54,11.06,--,11,12166,卖盘
