,time,price,change,volume,amount,type
0,15:00:03,11.19,--,1866,2088512,买盘
1,14:57:00,11.19,--,0,0,买盘
2,14:56:57,11.19,--,3,3357,买盘
3,14:56:51,11.19,--,6,6714,买盘
4,14:56:45,11.19,0.02,276,308844,买盘
5,14:56:42,11.17,-0.01,116,129572,卖盘
6,14:56:36,11.18,0.01,3,3354,买盘
7,14:56:33,11.17,--,19,21223,买盘
8,14:56:30,11.17,--,4,4468,买盘
9,14:56:27,11.17,--,3,3351,买盘
10,14:56:21,11.17,--,5,5585,买盘
11,14:56:18,11.17,--,8,8936,买盘
12,14:56:09,11.17,--,26,29042,买盘
13,14:56:06,11.17,--,157,175369,卖盘
14,14:56:03,11.17,-0.01,37,41329,卖盘
15,14:56:00,11.18,0.01,15,16770,买盘
16,14:55:57,11.17,--,1,1117,卖盘
17,14:55:54,11.17,--,46,51382,卖盘
18,14:55:51,11.17,--,3,3351,卖盘
19,14:55:45,11.17,--,210,234570,卖盘
20,14:55:42,11.17,--,3,3351,卖盘
21,14:55:39,11.17,--,50,55850,卖盘
22,14:55:36,11.17,--,1,1117,卖盘
23,14:55:33,11.17,0.01,261,291537,买盘
24,14:55:30,11.16,-0.01,10,11160,卖盘
25,14:55:27,11.17,--,10,11170,买盘
26,14:55:21,11.17,0.01,2,2234,买盘
27,14:55:18,11.16,-0.01,21,23436,卖盘
28,14:55:15,11.17,0.01,2,2234,买盘
29,14:55:12,11.16,--,80,89280,买盘
30,14:55:09,11.16,--,3,3348,买盘
31,14:55:03,11.16,--,29,32364,买盘
32,14:55:00,11.16,--,2,2232,买盘
33,14:54:57,11.16,0.01,18,20088,中性盘
34,14:54:54,11.15,-0.02,386,430390,卖盘
35,14:54:51,11.17,--,5,5585,买盘
36,14:54:48,11.17,0.01,1,1117,买盘
37,14:54:45,11.16,-0.01,83,92628,卖盘
38,14:54:42,11.17,--,30,33510,买盘
39,14:54:39,11.17,--,57,63669,买盘
40,14:54:36,11.17,--,12,13404,买盘
41,14:54:33,11.17,0.01,31,34627,买盘
42,14:54:30,11.16,-0.01,47,52452,卖盘
43,14:54:27,11.17,--,3,3351,买盘
44,14:54:24,11.17,--,10,11170,买盘
45,14:54:15,11.17,--,5,5585,买盘
46,14:54:12,11.17,--,42,46914,买盘
47,14:54:09,11.17,0.01,44,49148,买盘
48,14:54:03,11.16,-0.01,18,20088,卖盘
49,14:54:00,11.17,0.01,1,1117,买盘
50,14:53:57,11.16,-0.01,31,34651,卖盘
51,14:53:54,11.17,--,23,25691,买盘
52,14:53:51,11.17,--,100,111700,买盘
53,14:53:48,11.17,0.01,23,25691,买盘
54,14:53:45,11.16,-0.01,41,45756,卖盘
55,14:53:42,11.17,0.01,27,30159,买盘
56,14:53:39,11.16,-0.01,42,46872,卖盘
57,14:53:33,11.17,--,10,11170,买盘
58,14:53:21,11.17,--,11,12287,买盘
59,14:53:15,11.17,-0.01,56,62552,买盘
60,14:53:06,11.18,--,41,45838,买盘
61,14:53:03,11.18,0.02,185,206830,买盘
62,14:53:00,11.16,--,11,12276,买盘
63,14:52:54,11.16,--,88,98208,买盘
64,14:52:51,11.16,--,3,3348,买盘
65,14:52:48,11.16,-0.01,241,268956,卖盘
66,14:52:45,11.17,--,167,186539,买盘
67,14:52:42,11.17,0.01,2,2234,买盘
68,14:52:39,11.16,-0.01,2,2232,卖盘
69,14:52:36,11.17,--,3,3351,买盘
70,14:52:33,11.17,0.02,3,3351,买盘
71,14:52:30,11.15,--,1,1115,卖盘
72,14:52:27,11.15,--,233,259795,卖盘
73,14:52:24,11.15,-0.02,3,3345,卖盘
74,14:52:18,11.17,--,71,79307,买盘
75,14:52:15,11.17,0.02,10,11170,买盘
76,14:52:12,11.15,--,139,154985,卖盘
77,14:52:09,11.15,0.01,101,112615,买盘
78,14:52:03,11.14,--,5,5570,卖盘
79,14:51:57,11.14,-0.05,24,26736,中性盘
80,14:51:54,11.19,0.02,513,574047,买盘
81,14:51:51,11.17,0.01,33,36861,买盘
82,14:51:48,11.16,-0.01,1,1116,中性盘
83,14:51:45,11.17,0.04,549,613233,买盘
84,14:51:42,11.13,-0.02,35,38955,卖盘
85,14:51:39,11.15,--,3,3345,买盘
86,14:51:36,11.15,0.01,601,670115,买盘
87,14:51:27,11.14,0.01,27,30078,买盘
88,14:51:24,11.13,--,77,85701,卖盘
89,14:51:09,11.13,-0.01,481,536299,卖盘
90,14:51:06,11.14,--,25,27850,买盘
91,14:51:03,11.14,--,42,46788,买盘
92,14:51:00,11.14,--,11,12254,买盘
93,14:50:57,11.14,-0.01,51,57014,卖盘
94,14:50:54,11.15,--,141,157215,买盘
95,14:50:51,11.15,--,1,1115,买盘
96,14:50:48,11.15,--,1,1115,买盘
97,14:50:45,11.15,0.01,5,5575,买盘
98,14:50:42,11.14,-0.01,22,24508,卖盘
99,14:50:39,11.15,0.01,10,11150,买盘
100,14:50:36,11.14,--,98,109595,卖盘
101,14:50:30,11.14,-0.01,194,216116,卖盘
102,14:50:27,11.15,--,1,1115,买盘
103,14:50:24,11.15,--,232,259516,买盘
104,14:50:21,11.15,0.01,42,46830,买盘
105,14:50:18,11.14,-0.01,5,5570,卖盘
106,14:50:15,11.15,0.01,3,3345,买盘
107,14:50:12,11.14,--,2,2228,卖盘
108,14:50:09,11.14,--,115,128667,买盘
109,14:50:06,11.14,--,561,625511,买盘
110,14:50:03,11.14,0.01,10,11140,买盘
111,14:50:00,11.13,-0.01,272,302736,卖盘
112,14:49:54,11.14,-0.01,374,416636,卖盘
113,14:49:51,11.15,--,58,64670,买盘
114,14:49:45,11.15,--,1,1115,买盘
115,14:49:42,11.15,0.01,50,55750,买盘
116,14:49:39,11.14,-0.01,787,876718,卖盘
117,14:49:33,11.15,0.01,2,2230,买盘
118,14:49:30,11.14,-0.01,109,121704,卖盘
119,14:49:24,11.15,--,79,88363,卖盘
120,14:49:18,11.15,-0.01,36,40140,卖盘
121,14:49:15,11.16,--,7,7812,买盘
122,14:49:12,11.16,--,2,2232,买盘
123,14:49:09,11.16,0.01,156,174654,买盘
124,14:49:06,11.15,--,20,22300,卖盘
125,14:49:00,11.15,--,20,22300,卖盘
126,14:48:57,11.15,--,51,56865,卖盘
127,14:48:54,11.15,--,354,394710,买盘
128,14:48:48,11.15,0.01,1,1115,买盘
129,14:48:45,11.14,-0.01,1,1114,卖盘
130,14:48:42,11.15,0.01,3,3345,买盘
131,14:48:39,11.14,-0.01,107,119198,卖盘
132,14:48:36,11.15,0.01,101,112615,买盘
133,14:48:33,11.14,-0.01,11,12254,卖盘
134,14:48:30,11.15,--,11,12265,买盘
135,14:48:27,11.15,0.01,11,12265,买盘
136,14:48:21,11.14,--,10,11140,卖盘
137,14:48:18,11.14,--,45,50130,卖盘
138,14:48:15,11.14,--,60,66840,卖盘
139,14:48:09,11.14,--,61,67954,卖盘
140,14:48:03,11.14,--,71,79094,卖盘
141,14:48:00,11.14,-0.01,10,11140,卖盘
142,14:47:57,11.15,--,16,17840,买盘
143,14:47:54,11.15,0.01,1,1115,买盘
144,14:47:48,11.14,--,75,83550,卖盘
145,14:47:45,11.14,-0.01,1,1114,卖盘
146,14:47:42,11.15,--,5,5575,买盘
147,14:47:33,11.15,--,50,55750,买盘
148,14:47:30,11.15,0.01,63,70245,买盘
149,14:47:27,11.14,--,14,15596,卖盘
150,14:47:24,11.14,-0.01,230,256220,卖盘
151,14:47:15,11.15,--,58,64670,买盘
152,14:47:12,11.15,--,3,3345,买盘
153,14:47:06,11.15,0.01,2,2230,买盘
154,14:47:03,11.14,-0.01,28,31192,卖盘
155,14:47:00,11.15,0.01,13,14495,买盘
156,14:46:57,11.14,-0.01,9,10026,卖盘
157,14:46:51,11.15,--,1,1115,买盘
158,14:46:48,11.15,--,20,22300,卖盘
159,14:46:45,11.15,--,102,113730,卖盘
160,14:46:42,11.15,--,95,105925,卖盘
161,14:46:39,11.15,-0.01,1,1115,卖盘
162,14:46:36,11.16,0.01,258,287928,买盘
163,14:46:33,11.15,-0.01,60,66900,卖盘
164,14:46:30,11.16,--,2,2232,买盘
165,14:46:27,11.16,--,1,1116,买盘
166,14:46:24,11.16,0.01,48,53568,买盘
167,14:46:21,11.15,--,20,22300,卖盘
168,14:46:18,11.15,-0.01,8,8920,卖盘
169,14:46:12,11.16,--,5,5580,买盘
170,14:46:09,11.16,0.01,61,68076,买盘
171,14:46:06,11.15,--,22,24530,卖盘
172,14:46:03,11.15,-0.01,8,8920,卖盘
173,14:46:00,11.16,--,9,10044,买盘
174,14:45:54,11.16,0.01,11,12276,买盘
175,14:45:45,11.15,-0.01,1,1115,卖盘
176,14:45:39,11.16,--,48,53568,买盘
177,14:45:36,11.16,0.01,11,12276,买盘
178,14:45:24,11.15,-0.01,11,12265,卖盘
179,14:45:18,11.16,0.01,1,1116,买盘
180,14:45:15,11.15,-0.01,30,33450,卖盘
181,14:45:06,11.16,--,52,58032,买盘
182,14:44:57,11.16,0.01,1,1116,买盘
183,14:44:54,11.15,--,51,56865,卖盘
184,14:44:48,11.15,--,35,39025,卖盘
185,14:44:45,11.15,-0.01,49,54635,卖盘
186,14:44:42,11.16,--,22,24552,买盘
187,14:44:36,11.16,--,5,5580,买盘
188,14:44:33,11.16,--,215,239940,买盘
189,14:44:30,11.16,0.01,1,1116,买盘
190,14:44:27,11.15,-0.01,5,5575,卖盘
191,14:44:24,11.16,--,1,1116,买盘
192,14:44:18,11.16,0.01,71,79236,买盘
193,14:44:15,11.15,--,7,7849,买盘
194,14:44:12,11.15,-0.01,42,47900,卖盘
195,14:44:09,11.16,--,4,4464,买盘
196,14:44:06,11.16,0.01,46,51336,买盘
197,14:44:03,11.15,-0.01,240,267600,卖盘
198,14:44:00,11.16,--,1,1116,买盘
199,14:43:57,11.16,--,10,11160,买盘
200,14:43:51,11.16,--,12,13392,买盘
201,14:43:48,11.16,0.01,20,22320,买盘
202,14:43:45,11.15,--,15,16725,卖盘
203,14:43:42,11.15,-0.01,2,2230,卖盘
204,14:43:39,11.16,--,5,5580,买盘
205,14:43:36,11.16,0.01,44,49104,买盘
206,14:43:33,11.15,--,56,62440,卖盘
207,14:43:30,11.15,-0.01,7,7805,卖盘
208,14:43:27,11.16,--,62,69192,买盘
209,14:43:24,11.16,--,1,1116,买盘
210,14:43:12,11.16,--,9,10044,买盘
211,14:43:09,11.16,--,4,4464,买盘
212,14:43:06,11.16,0.01,2,2232,买盘
213,14:43:03,11.15,-0.01,61,68015,卖盘
214,14:43:00,11.16,--,18,20088,买盘
215,14:42:57,11.16,0.01,17,18972,买盘
216,14:42:54,11.15,--,30,33450,卖盘
217,14:42:48,11.15,--,40,44600,卖盘
218,14:42:45,11.15,--,20,22300,卖盘
219,14:42:39,11.15,-0.01,305,340075,卖盘
220,14:42:36,11.16,0.01,1,1116,买盘
221,14:42:33,11.15,--,20,22300,卖盘
222,14:42:30,11.15,-0.01,178,198470,卖盘
223,14:42:27,11.16,0.01,21,23436,买盘
224,14:42:24,11.15,-0.01,7,7805,卖盘
225,14:42:21,11.16,0.01,20,22320,买盘
226,14:42:18,11.15,--,5,5575,卖盘
227,14:42:15,11.15,-0.01,44,49060,卖盘
228,14:42:09,11.16,--,101,112716,买盘
229,14:42:06,11.16,--,100,111600,买盘
230,14:42:03,11.16,0.01,1,1116,买盘
231,14:42:00,11.15,-0.01,58,64670,卖盘
232,14:41:51,11.16,--,2,2232,买盘
233,14:41:48,11.16,0.01,7,7812,买盘
234,14:41:45,11.15,-0.01,51,56865,卖盘
235,14:41:42,11.16,--,8,8928,买盘
236,14:41:33,11.16,--,54,60264,买盘
237,14:41:30,11.16,--,10,11160,买盘
238,14:41:27,11.16,--,3,3348,买盘
239,14:41:24,11.16,--,60,66960,买盘
240,14:41:21,11.16,--,68,75888,卖盘
241,14:41:18,11.16,-0.01,1,1116,卖盘
242,14:41:12,11.17,0.01,10,11170,买盘
243,14:41:09,11.16,-0.01,15,16740,卖盘
244,14:41:06,11.17,--,4,4468,买盘
245,14:41:03,11.17,0.01,1,1117,买盘
246,14:40:57,11.16,--,4,4464,卖盘
247,14:40:54,11.16,--,18,20088,卖盘
248,14:40:51,11.16,--,26,29016,卖盘
249,14:40:48,11.16,--,136,151776,买盘
250,14:40:45,11.16,--,34,37944,买盘
251,14:40:39,11.16,0.01,3,3348,买盘
252,14:40:36,11.15,-0.01,13,14495,卖盘
253,14:40:33,11.16,--,40,44640,买盘
254,14:40:27,11.16,--,4,4464,买盘
255,14:40:24,11.16,--,10,11160,买盘
256,14:40:21,11.16,--,10,11160,买盘
257,14:40:15,11.16,--,2,2232,买盘
258,14:40:06,11.16,0.01,7,7812,买盘
259,14:40:03,11.15,-0.01,8,8920,卖盘
260,14:40:00,11.16,--,2,2232,买盘
261,14:39:57,11.16,0.01,61,68076,买盘
262,14:39:54,11.15,-0.01,11,12265,卖盘
263,14:39:48,11.16,0.01,30,33480,买盘
264,14:39:45,11.15,--,1,1115,卖盘
265,14:39:42,11.15,-0.01,19,21185,卖盘
266,14:39:39,11.16,--,10,11160,买盘
267,14:39:33,11.16,--,1,1116,买盘
268,14:39:30,11.16,--,52,58032,买盘
269,14:39:27,11.16,0.01,11,12276,买盘
270,14:39:15,11.15,--,56,63320,卖盘
271,14:39:12,11.15,--,8,8920,卖盘
272,14:39:06,11.15,--,372,415058,买盘
273,14:39:03,11.15,0.01,51,56865,买盘
274,14:39:00,11.14,-0.01,7,7798,卖盘
275,14:38:54,11.15,0.01,11,12265,买盘
276,14:38:51,11.14,-0.01,7,7798,卖盘
277,14:38:48,11.15,0.01,154,171710,买盘
278,14:38:45,11.14,-0.01,8,8912,卖盘
279,14:38:42,11.15,0.01,25,27875,买盘
280,14:38:39,11.14,-0.01,10,11140,卖盘
281,14:38:33,11.15,--,53,59095,买盘
282,14:38:30,11.15,--,26,28990,买盘
283,14:38:27,11.15,0.01,5,5575,买盘
284,14:38:24,11.14,--,10,11140,卖盘
285,14:38:21,11.14,-0.01,13,14482,卖盘
286,14:38:12,11.15,--,12,13380,买盘
287,14:38:09,11.15,0.01,152,169480,买盘
288,14:38:06,11.14,-0.01,1,1114,卖盘
289,14:38:03,11.15,0.01,70,78050,买盘
290,14:38:00,11.14,-0.01,7,7798,卖盘
291,14:37:54,11.15,0.01,5,5575,买盘
292,14:37:51,11.14,--,7,7798,卖盘
293,14:37:45,11.14,-0.01,1,1114,卖盘
294,14:37:42,11.15,--,31,34565,买盘
295,14:37:39,11.15,0.01,70,78050,买盘
296,14:37:36,11.14,--,51,56814,卖盘
297,14:37:30,11.14,-0.01,159,177126,卖盘
298,14:37:27,11.15,0.01,5,5575,买盘
299,14:37:21,11.14,--,8,8912,卖盘
300,14:37:18,11.14,-0.01,5,5570,卖盘
301,14:37:15,11.15,0.01,20,22300,买盘
302,14:37:12,11.14,-0.01,7,7798,卖盘
303,14:37:09,11.15,--,61,68015,买盘
304,14:37:06,11.15,--,2,2230,买盘
305,14:37:03,11.15,0.01,52,57980,买盘
306,14:37:00,11.14,-0.01,12,13368,卖盘
307,14:36:57,11.15,0.01,16,17840,买盘
308,14:36:54,11.14,--,30,33420,卖盘
309,14:36:51,11.14,-0.01,7,7798,卖盘
310,14:36:48,11.15,0.01,4,4460,买盘
311,14:36:45,11.14,0.01,100,111400,卖盘
312,14:36:42,11.13,-0.02,10,11130,卖盘
313,14:36:39,11.15,0.01,98,109270,买盘
314,14:36:36,11.14,--,13,14482,买盘
315,14:36:33,11.14,--,98,109172,买盘
316,14:36:30,11.14,-0.01,868,967029,卖盘
317,14:36:27,11.15,--,69,76935,买盘
318,14:36:24,11.15,--,62,69130,买盘
319,14:36:21,11.15,--,17,18955,买盘
320,14:36:18,11.15,--,4,4460,买盘
321,14:36:15,11.15,--,10,11150,买盘
322,14:36:12,11.15,0.01,61,68015,买盘
323,14:36:09,11.14,-0.01,1,1114,卖盘
324,14:36:06,11.15,--,2,2230,买盘
325,14:36:03,11.15,0.01,34,37910,买盘
326,14:36:00,11.14,-0.01,35,38990,卖盘
327,14:35:54,11.15,--,15,16725,买盘
328,14:35:51,11.15,--,107,119305,买盘
329,14:35:48,11.15,0.01,21,23415,买盘
330,14:35:45,11.14,-0.01,1,1114,卖盘
331,14:35:42,11.15,--,268,298820,买盘
332,14:35:39,11.15,--,7,7805,买盘
333,14:35:36,11.15,--,2,2230,买盘
334,14:35:33,11.15,0.01,7,7805,买盘
335,14:35:30,11.14,-0.01,154,171556,卖盘
336,14:35:27,11.15,--,2,2230,买盘
337,14:35:24,11.15,--,10,11150,买盘
338,14:35:21,11.15,--,37,41255,买盘
339,14:35:15,11.15,--,60,66900,买盘
340,14:35:12,11.15,--,47,52405,买盘
341,14:35:09,11.15,--,178,198470,买盘
342,14:35:06,11.15,0.01,22,24530,买盘
343,14:35:03,11.14,--,42,46799,卖盘
344,14:35:00,11.14,-0.01,28,32216,卖盘
345,14:34:57,11.15,--,107,119305,买盘
346,14:34:54,11.15,--,11,12265,买盘
347,14:34:51,11.15,--,236,263140,买盘
348,14:34:48,11.15,0.01,1,1115,买盘
349,14:34:45,11.14,-0.01,23,25622,卖盘
350,14:34:42,11.15,0.01,36,40140,买盘
351,14:34:39,11.14,-0.01,3,3342,卖盘
352,14:34:36,11.15,0.01,75,83625,买盘
353,14:34:33,11.14,-0.01,64,71296,卖盘
354,14:34:30,11.15,--,119,132685,买盘
355,14:34:27,11.15,--,10,11150,买盘
356,14:34:24,11.15,--,120,133800,买盘
357,14:34:21,11.15,--,42,46830,买盘
358,14:34:18,11.15,--,54,60210,买盘
359,14:34:15,11.15,--,6,6690,买盘
360,14:34:12,11.15,--,119,132685,买盘
361,14:34:09,11.15,--,12,13380,买盘
362,14:34:06,11.15,0.01,4,4460,买盘
363,14:34:03,11.14,-0.01,35,39535,卖盘
364,14:34:00,11.15,--,16,17840,买盘
365,14:33:57,11.15,--,28,31710,买盘
366,14:33:54,11.15,0.01,155,172825,买盘
367,14:33:51,11.14,-0.01,11,12254,卖盘
368,14:33:48,11.15,0.01,15,16725,买盘
369,14:33:45,11.14,-0.01,4,4456,卖盘
370,14:33:42,11.15,0.01,102,113730,买盘
371,14:33:39,11.14,-0.01,7,7798,卖盘
372,14:33:36,11.15,0.01,75,83625,买盘
373,14:33:30,11.14,-0.01,13,14482,卖盘
374,14:33:27,11.15,--,6,6690,买盘
375,14:33:24,11.15,0.01,54,60210,买盘
376,14:33:21,11.14,--,8,8912,卖盘
377,14:33:18,11.14,--,214,238396,买盘
378,14:33:15,11.14,--,18,20052,买盘
379,14:33:12,11.14,0.01,5,5570,买盘
380,14:33:09,11.13,-0.01,55,61215,卖盘
381,14:33:06,11.14,--,44,49016,买盘
382,14:33:03,11.14,0.01,62,69068,买盘
383,14:33:00,11.13,-0.01,65,72422,卖盘
384,14:32:57,11.14,--,96,107902,买盘
385,14:32:54,11.14,0.01,10,11140,买盘
386,14:32:51,11.13,-0.01,97,107961,卖盘
387,14:32:48,11.14,0.01,20,22280,买盘
388,14:32:45,11.13,-0.01,1,1113,卖盘
389,14:32:42,11.14,0.01,6,6684,买盘
390,14:32:39,11.13,--,258,287665,买盘
391,14:32:36,11.13,--,451,501963,买盘
392,14:32:33,11.13,--,39,43407,买盘
393,14:32:30,11.13,--,470,523110,买盘
394,14:32:27,11.13,0.01,55,61215,买盘
395,14:32:24,11.12,-0.01,1,1112,卖盘
396,14:32:21,11.13,0.01,49,54537,买盘
397,14:32:18,11.12,--,12,13343,卖盘
398,14:32:15,11.12,-0.01,4,4448,卖盘
399,14:32:12,11.13,0.01,27,30051,买盘
400,14:32:09,11.12,-0.01,190,211279,卖盘
401,14:32:06,11.13,--,12,13356,买盘
402,14:32:03,11.13,0.01,92,102396,买盘
403,14:32:00,11.12,--,20,23018,卖盘
404,14:31:54,11.12,--,67,74759,卖盘
405,14:31:51,11.12,--,96,106751,卖盘
406,14:31:48,11.12,--,51,56711,卖盘
407,14:31:45,11.12,--,370,411440,卖盘
408,14:31:39,11.12,--,14,15567,卖盘
409,14:31:36,11.12,-0.01,800,889599,卖盘
410,14:31:33,11.13,0.01,184,204792,买盘
411,14:31:30,11.12,--,74,82288,卖盘
412,14:31:27,11.12,-0.01,1,1112,卖盘
413,14:31:24,11.13,0.01,175,194775,买盘
414,14:31:21,11.12,-0.01,227,252423,卖盘
415,14:31:18,11.13,--,3,3339,买盘
416,14:31:15,11.13,0.01,9,10017,买盘
417,14:31:12,11.12,--,69,76728,卖盘
418,14:31:09,11.12,-0.01,60,66720,卖盘
419,14:31:06,11.13,--,83,92379,买盘
420,14:31:03,11.13,--,192,213696,买盘
421,14:31:00,11.13,0.01,108,120204,买盘
422,14:30:57,11.12,-0.01,162,180232,卖盘
423,14:30:54,11.13,0.01,54,60102,买盘
424,14:30:51,11.12,-0.01,448,498531,卖盘
425,14:30:48,11.13,--,2,2226,卖盘
426,14:30:42,11.13,--,4,4797,卖盘
427,14:30:39,11.13,-0.01,628,698964,卖盘
428,14:30:36,11.14,0.01,14,15596,买盘
429,14:30:33,11.13,--,1,1113,卖盘
430,14:30:30,11.13,-0.01,25,27825,卖盘
431,14:30:27,11.14,0.01,58,64901,买盘
432,14:30:24,11.13,--,68,75684,卖盘
433,14:30:21,11.13,--,33,37018,卖盘
434,14:30:18,11.13,-0.01,54,60102,卖盘
435,14:30:15,11.14,--,1,1114,买盘
436,14:30:12,11.14,0.01,41,46710,买盘
437,14:30:09,11.13,-0.01,294,327222,卖盘
438,14:30:06,11.14,--,597,665058,买盘
439,14:30:03,11.14,0.01,3,3342,买盘
440,14:30:00,11.13,--,58,64554,卖盘
441,14:29:57,11.13,--,20,23272,卖盘
442,14:29:54,11.13,--,13,14980,卖盘
443,14:29:51,11.13,--,37,41704,卖盘
444,14:29:48,11.13,--,16,17808,卖盘
445,14:29:45,11.13,--,5,5565,卖盘
446,14:29:42,11.13,-0.01,13,14469,卖盘
447,14:29:39,11.14,--,59,65726,买盘
448,14:29:36,11.14,0.01,6,6684,买盘
449,14:29:30,11.13,-0.01,7,7791,卖盘
450,14:29:27,11.14,0.01,2,2228,买盘
451,14:29:21,11.13,--,10,11130,卖盘
452,14:29:18,11.13,--,26,28938,卖盘
453,14:29:12,11.13,--,85,94605,卖盘
454,14:29:09,11.13,--,162,180306,卖盘
455,14:29:06,11.13,--,109,121317,卖盘
456,14:29:03,11.13,--,19,21147,卖盘
457,14:29:00,11.13,--,198,220374,卖盘
458,14:28:57,11.13,--,200,222600,卖盘
459,14:28:54,11.13,-0.01,93,103509,卖盘
460,14:28:51,11.14,--,130,145900,买盘
461,14:28:48,11.14,0.01,80,90189,买盘
462,14:28:45,11.13,-0.01,6,6678,卖盘
463,14:28:42,11.14,0.01,63,70182,买盘
464,14:28:39,11.13,-0.01,37,41181,卖盘
465,14:28:36,11.14,0.01,4,4456,买盘
466,14:28:33,11.13,--,122,135786,卖盘
467,14:28:30,11.13,--,28,31164,卖盘
468,14:28:27,11.13,-0.01,117,130221,卖盘
469,14:28:24,11.14,--,10,11140,买盘
470,14:28:21,11.14,--,88,98032,买盘
471,14:28:18,11.14,--,1,1114,买盘
472,14:28:15,11.14,--,15,16710,买盘
473,14:28:12,11.14,0.01,110,122540,买盘
474,14:28:09,11.13,--,18,20034,卖盘
475,14:28:06,11.13,--,28,31164,卖盘
476,14:28:03,11.13,--,69,76797,卖盘
477,14:28:00,11.13,-0.01,27,30051,卖盘
478,14:27:57,11.14,--,10,11140,买盘
479,14:27:54,11.14,0.01,204,227256,买盘
480,14:27:51,11.13,--,129,144623,卖盘
481,14:27:48,11.13,--,58,65655,卖盘
482,14:27:45,11.13,--,7,7791,卖盘
483,14:27:39,11.13,-0.01,95,105735,卖盘
484,14:27:36,11.14,--,5,5570,买盘
485,14:27:33,11.14,--,149,165986,买盘
486,14:27:30,11.14,--,20,22280,买盘
487,14:27:27,11.14,--,369,411066,卖盘
488,14:27:24,11.14,--,152,169328,卖盘
489,14:27:21,11.14,--,3,3342,卖盘
490,14:27:18,11.14,-0.01,4,4456,卖盘
491,14:27:15,11.15,--,36,40140,买盘
492,14:27:12,11.15,0.01,20,22300,买盘
493,14:27:09,11.14,-0.01,20,22280,卖盘
494,14:27:06,11.15,--,145,161675,买盘
495,14:27:03,11.15,--,27,30361,卖盘
496,14:27:00,11.15,--,113,125995,卖盘
497,14:26:57,11.15,--,35,39025,卖盘
498,14:26:54,11.15,-0.01,19,22166,卖盘
499,14:26:51,11.16,--,29,32364,买盘
500,14:26:48,11.16,0.01,31,34651,买盘
501,14:26:45,11.15,--,4,4460,卖盘
502,14:26:42,11.15,0.01,52,58916,买盘
503,14:26:39,11.14,-0.01,13,14482,卖盘
504,14:26:36,11.15,--,5,5575,买盘
505,14:26:33,11.15,-0.01,131,146243,卖盘
506,14:26:30,11.16,--,67,74772,买盘
507,14:26:27,11.16,--,12,13392,买盘
508,14:26:24,11.16,0.01,22,24552,买盘
509,14:26:21,11.15,--,31,34565,卖盘
510,14:26:18,11.15,-0.01,270,301050,卖盘
511,14:26:15,11.16,0.01,289,322524,买盘
512,14:26:12,11.15,--,36,40140,卖盘
513,14:26:09,11.15,--,83,92545,卖盘
514,14:26:06,11.15,--,357,398055,卖盘
515,14:26:03,11.15,--,3,3345,卖盘
516,14:26:00,11.15,--,1717,1914455,卖盘
517,14:25:57,11.15,-0.01,25,27875,卖盘
518,14:25:54,11.16,--,6,6696,买盘
519,14:25:51,11.16,0.01,66,73656,买盘
520,14:25:48,11.15,-0.01,98,110306,卖盘
521,14:25:45,11.16,0.01,24,26784,买盘
522,14:25:42,11.15,--,193,215195,卖盘
523,14:25:39,11.15,--,149,166135,卖盘
524,14:25:36,11.15,--,44,49060,卖盘
525,14:25:33,11.15,--,171,190665,卖盘
526,14:25:30,11.15,-0.01,134,149410,卖盘
527,14:25:27,11.16,--,501,559116,买盘
528,14:25:24,11.16,-0.01,463,517522,卖盘
529,14:25:21,11.17,--,68,75956,卖盘
530,14:25:18,11.17,--,84,93828,卖盘
531,14:25:15,11.17,0.01,60,67020,买盘
532,14:25:12,11.16,-0.02,77,85932,卖盘
533,14:25:09,11.18,0.02,249,278382,买盘
534,14:25:06,11.16,-0.01,15,16740,卖盘
535,14:25:03,11.17,--,3,3351,卖盘
536,14:25:00,11.17,--,47,52499,卖盘
537,14:24:51,11.17,--,21,23457,卖盘
538,14:24:48,11.17,--,16,18508,卖盘
539,14:24:45,11.17,--,23,26093,卖盘
540,14:24:42,11.17,--,24,26808,卖盘
541,14:24:39,11.17,--,61,68137,卖盘
542,14:24:36,11.17,0.01,141,158033,买盘
543,14:24:33,11.16,--,227,253332,卖盘
544,14:24:30,11.16,--,7,7812,卖盘
545,14:24:27,11.16,--,108,120528,卖盘
546,14:24:24,11.16,--,71,79236,卖盘
547,14:24:21,11.16,-0.01,23,25668,卖盘
548,14:24:18,11.17,--,12,13404,买盘
549,14:24:12,11.17,0.01,75,83775,买盘
550,14:24:09,11.16,-0.01,21,23436,卖盘
551,14:24:06,11.17,--,162,180954,买盘
552,14:24:00,11.17,--,37,41329,买盘
553,14:23:54,11.17,0.01,14,15638,买盘
554,14:23:51,11.16,-0.01,54,60264,卖盘
555,14:23:48,11.17,0.01,18,20106,买盘
556,14:23:45,11.16,-0.01,17,19719,卖盘
557,14:23:42,11.17,0.01,126,141032,买盘
558,14:23:39,11.16,--,19,21204,卖盘
559,14:23:36,11.16,--,83,92628,卖盘
560,14:23:33,11.16,--,159,177444,卖盘
561,14:23:30,11.16,--,7,7812,卖盘
562,14:23:27,11.16,-0.01,59,65844,卖盘
563,14:23:24,11.17,0.01,13,14521,买盘
564,14:23:21,11.16,--,62,69192,卖盘
565,14:23:15,11.16,--,5,5580,卖盘
566,14:23:12,11.16,-0.01,30,33480,卖盘
567,14:23:09,11.17,--,11,12287,买盘
568,14:23:06,11.17,--,192,214464,买盘
569,14:23:03,11.17,--,20,22340,卖盘
570,14:23:00,11.17,0.01,7,7819,中性盘
571,14:22:57,11.16,-0.02,1,1116,卖盘
572,14:22:54,11.18,0.02,11,12298,买盘
573,14:22:51,11.16,--,7,7812,卖盘
574,14:22:48,11.16,-0.02,10,11160,卖盘
575,14:22:45,11.18,0.02,12,14131,买盘
576,14:22:42,11.16,--,38,42731,卖盘
577,14:22:39,11.16,-0.02,18,20088,卖盘
578,14:22:36,11.18,0.02,4,4472,买盘
579,14:22:33,11.16,--,147,164052,卖盘
580,14:22:30,11.16,-0.02,8,8928,卖盘
581,14:22:27,11.18,0.02,4,4472,买盘
582,14:22:21,11.16,--,7,7812,卖盘
583,14:22:18,11.16,--,3,3348,卖盘
584,14:22:15,11.16,--,15,16740,卖盘
585,14:22:12,11.16,--,27,30132,卖盘
586,14:22:09,11.16,-0.01,17,18972,卖盘
587,14:22:06,11.17,0.02,120,134040,中性盘
588,14:22:03,11.15,-0.02,181,201815,卖盘
589,14:22:00,11.17,0.01,8,8936,卖盘
590,14:21:57,11.16,-0.01,48,53568,卖盘
591,14:21:54,11.17,--,44,49148,买盘
592,14:21:51,11.17,0.01,142,158614,买盘
593,14:21:48,11.16,--,577,643932,卖盘
594,14:21:45,11.16,-0.01,201,224316,卖盘
595,14:21:42,11.17,0.01,14,15660,买盘
596,14:21:39,11.16,-0.01,47,52452,卖盘
597,14:21:36,11.17,0.01,77,87025,买盘
598,14:21:33,11.16,--,238,265608,卖盘
599,14:21:30,11.16,-0.02,21,23547,卖盘
600,14:21:27,11.18,--,46,51428,买盘
601,14:21:24,11.18,0.01,7,7826,买盘
602,14:21:21,11.17,--,76,85897,卖盘
603,14:21:18,11.17,0.01,11,12287,中性盘
604,14:21:15,11.16,--,207,231012,卖盘
605,14:21:09,11.16,--,24,26784,卖盘
606,14:21:06,11.16,--,39,43524,卖盘
607,14:21:03,11.16,-0.02,481,536851,卖盘
608,14:21:00,11.18,0.01,44,49192,买盘
609,14:20:57,11.17,-0.01,49,54733,卖盘
610,14:20:54,11.18,0.01,149,166582,买盘
611,14:20:51,11.17,--,50,55850,卖盘
612,14:20:48,11.17,-0.01,7,7819,卖盘
613,14:20:45,11.18,--,11,12298,买盘
614,14:20:42,11.18,0.01,5,5590,买盘
615,14:20:39,11.17,--,37,42010,卖盘
616,14:20:36,11.17,--,181,202534,卖盘
617,14:20:33,11.17,--,269,300473,卖盘
618,14:20:30,11.17,--,60,67020,卖盘
619,14:20:27,11.17,-0.01,1,1117,卖盘
620,14:20:24,11.18,0.01,2,2236,买盘
621,14:20:21,11.17,--,5,5585,卖盘
622,14:20:18,11.17,-0.01,178,198826,卖盘
623,14:20:15,11.18,0.01,20,22360,买盘
624,14:20:12,11.17,--,127,141859,卖盘
625,14:20:09,11.17,-0.01,27,30159,卖盘
626,14:20:06,11.18,--,58,64844,买盘
627,14:20:03,11.18,--,86,96148,买盘
628,14:20:00,11.18,--,224,250432,买盘
629,14:19:57,11.18,--,13,14534,买盘
630,14:19:54,11.18,--,580,649244,卖盘
631,14:19:51,11.18,--,30,33540,卖盘
632,14:19:48,11.18,--,7,7826,卖盘
633,14:19:45,11.18,--,141,158342,卖盘
634,14:19:42,11.18,--,48,53664,卖盘
635,14:19:39,11.18,-0.01,34,38649,卖盘
636,14:19:36,11.19,--,20,22380,买盘
637,14:19:33,11.19,--,67,74973,卖盘
638,14:19:30,11.19,--,9,10071,卖盘
639,14:19:27,11.19,--,2,2238,卖盘
640,14:19:24,11.19,-0.01,30,33570,卖盘
641,14:19:21,11.2,0.01,20,22400,买盘
642,14:19:18,11.19,-0.01,8,8952,卖盘
643,14:19:12,11.2,0.01,9,10080,买盘
644,14:19:09,11.19,--,32,35808,卖盘
645,14:19:06,11.19,--,1,1119,卖盘
646,14:19:03,11.19,0.01,1,1119,中性盘
647,14:19:00,11.18,-0.01,131,146458,卖盘
648,14:18:54,11.19,--,376,420833,买盘
649,14:18:48,11.19,--,11,12309,买盘
650,14:18:42,11.19,-0.01,14,15968,卖盘
651,14:18:39,11.2,--,13,14559,买盘
652,14:18:36,11.2,0.01,14,16273,买盘
653,14:18:33,11.19,--,169,189558,卖盘
654,14:18:30,11.19,-0.01,58,64902,卖盘
655,14:18:27,11.2,--,2,2240,买盘
656,14:18:24,11.2,0.01,2,2240,买盘
657,14:18:21,11.19,--,70,78330,卖盘
658,14:18:18,11.19,-0.01,16,17904,卖盘
659,14:18:12,11.2,0.01,5,5600,买盘
660,14:18:09,11.19,--,109,121971,卖盘
661,14:18:06,11.19,-0.01,102,114138,卖盘
662,14:18:03,11.2,--,26,29119,买盘
663,14:18:00,11.2,0.01,17,19040,买盘
664,14:17:51,11.19,--,2,2238,卖盘
665,14:17:48,11.19,--,7,7833,卖盘
666,14:17:45,11.19,-0.01,1,1119,卖盘
667,14:17:42,11.2,0.01,1,1120,买盘
668,14:17:39,11.19,--,39,43641,卖盘
669,14:17:36,11.19,--,13,14994,卖盘
670,14:17:33,11.19,--,140,156660,卖盘
671,14:17:30,11.19,--,30,34163,卖盘
672,14:17:27,11.19,--,11,12309,卖盘
673,14:17:24,11.19,-0.01,1,1119,卖盘
674,14:17:21,11.2,0.01,10,11200,买盘
675,14:17:18,11.19,--,11,12309,卖盘
676,14:17:12,11.19,--,36,40284,卖盘
677,14:17:09,11.19,-0.01,17,19023,卖盘
678,14:17:03,11.2,--,12,13440,买盘
679,14:17:00,11.2,0.01,13,14559,买盘
680,14:16:51,11.19,--,29,32451,卖盘
681,14:16:48,11.19,--,15,16785,卖盘
682,14:16:45,11.19,--,1,1119,卖盘
683,14:16:42,11.19,--,17,19023,卖盘
684,14:16:39,11.19,--,727,813513,卖盘
685,14:16:36,11.19,--,200,223800,卖盘
686,14:16:33,11.19,-0.01,171,192445,卖盘
687,14:16:30,11.2,0.01,85,96264,买盘
688,14:16:27,11.19,--,21,23499,卖盘
689,14:16:24,11.19,--,30,33570,卖盘
690,14:16:18,11.19,-0.01,8,8952,卖盘
691,14:16:15,11.2,0.01,1,1120,买盘
692,14:16:12,11.19,--,2,2238,卖盘
693,14:16:09,11.19,-0.01,58,64902,卖盘
694,14:16:06,11.2,0.01,6,6720,买盘
695,14:16:03,11.19,--,112,125328,卖盘
696,14:16:00,11.19,-0.01,31,34689,卖盘
697,14:15:48,11.2,0.01,17,19040,买盘
698,14:15:45,11.19,--,347,388293,卖盘
699,14:15:42,11.19,--,99,110781,卖盘
700,14:15:39,11.19,-0.01,9,10071,卖盘
701,14:15:36,11.2,0.01,55,61599,买盘
702,14:15:33,11.19,--,147,164493,卖盘
703,14:15:30,11.19,--,51,57326,卖盘
704,14:15:27,11.19,-0.01,125,140658,卖盘
705,14:15:24,11.2,--,4,4480,买盘
706,14:15:21,11.2,0.01,1,1120,买盘
707,14:15:18,11.19,-0.01,7,7833,卖盘
708,14:15:15,11.2,0.01,5,5600,买盘
709,14:15:12,11.19,--,1,1119,卖盘
710,14:15:09,11.19,--,8,8952,卖盘
711,14:15:06,11.19,--,34,38046,卖盘
712,14:14:57,11.19,-0.01,12,13517,卖盘
713,14:14:51,11.2,0.01,10,11200,买盘
714,14:14:48,11.19,-0.01,8,8952,卖盘
715,14:14:45,11.2,0.01,100,112000,买盘
716,14:14:42,11.19,--,20,22380,卖盘
717,14:14:39,11.19,-0.01,8,8952,卖盘
718,14:14:36,11.2,0.01,1,1120,买盘
719,14:14:33,11.19,--,144,161136,卖盘
720,14:14:27,11.19,--,22,24953,卖盘
721,14:14:24,11.19,--,25,28679,卖盘
722,14:14:18,11.19,-0.01,8,8952,卖盘
723,14:14:15,11.2,-0.01,68,76798,卖盘
724,14:14:12,11.21,0.01,12,13452,买盘
725,14:14:09,11.2,--,8,8960,卖盘
726,14:14:06,11.2,-0.01,1,1120,卖盘
727,14:14:03,11.21,0.01,6,6726,买盘
728,14:13:57,11.2,--,8,8960,卖盘
729,14:13:51,11.2,--,12,13440,卖盘
730,14:13:48,11.2,--,700,784000,卖盘
731,14:13:42,11.2,-0.01,7,7839,卖盘
732,14:13:39,11.21,0.01,531,595251,买盘
733,14:13:36,11.2,--,2,2240,卖盘
734,14:13:33,11.2,--,146,163520,卖盘
735,14:13:30,11.2,--,5,5600,卖盘
736,14:13:27,11.2,--,17,20115,卖盘
737,14:13:21,11.2,--,55,62686,卖盘
738,14:13:18,11.2,-0.01,93,104160,卖盘
739,14:13:09,11.21,0.01,30,33630,买盘
740,14:13:06,11.2,--,11,12320,卖盘
741,14:13:03,11.2,-0.01,1,1120,卖盘
742,14:13:00,11.21,0.01,4,4484,买盘
743,14:12:57,11.2,-0.01,31,34720,卖盘
744,14:12:54,11.21,0.01,6,6726,买盘
745,14:12:51,11.2,-0.01,1,1120,卖盘
746,14:12:48,11.21,0.01,41,45961,买盘
747,14:12:45,11.2,--,1033,1156960,卖盘
748,14:12:39,11.2,--,57,63839,卖盘
749,14:12:36,11.2,--,189,211680,卖盘
750,14:12:33,11.2,--,147,164640,卖盘
751,14:12:30,11.2,--,103,115359,卖盘
752,14:12:27,11.2,--,16,17920,卖盘
753,14:12:24,11.2,--,118,133201,卖盘
754,14:12:18,11.2,--,208,232959,卖盘
755,14:12:15,11.2,--,83,92960,卖盘
756,14:12:09,11.2,-0.01,8,8960,卖盘
757,14:12:06,11.21,--,1,1121,买盘
758,14:12:00,11.21,0.01,3,3363,买盘
759,14:11:57,11.2,--,41,45920,卖盘
760,14:11:54,11.2,-0.01,31,34720,卖盘
761,14:11:51,11.21,--,56,62776,买盘
762,14:11:45,11.21,--,2,2242,买盘
763,14:11:42,11.21,--,22,24662,买盘
764,14:11:39,11.21,0.01,86,96406,买盘
765,14:11:36,11.2,--,8,8960,卖盘
766,14:11:33,11.2,--,143,160160,卖盘
767,14:11:30,11.2,-0.01,5,5600,卖盘
768,14:11:27,11.21,--,2,2242,买盘
769,14:11:24,11.21,0.01,49,55366,买盘
770,14:11:21,11.2,--,34,38080,卖盘
771,14:11:18,11.2,-0.01,59,66684,卖盘
772,14:11:15,11.21,--,52,58292,买盘
773,14:11:12,11.21,0.01,11,12331,买盘
774,14:11:06,11.2,--,1,1120,卖盘
775,14:11:03,11.2,--,4,4480,卖盘
776,14:10:57,11.2,-0.02,3,3360,卖盘
777,14:10:54,11.22,0.02,82,92004,买盘
778,14:10:51,11.2,--,601,673120,卖盘
779,14:10:48,11.2,--,430,481599,卖盘
780,14:10:45,11.2,--,1,1120,卖盘
781,14:10:39,11.2,--,15,16800,卖盘
782,14:10:33,11.2,-0.01,152,170240,卖盘
783,14:10:30,11.21,0.01,105,117705,买盘
784,14:10:27,11.2,-0.01,22,25580,卖盘
785,14:10:24,11.21,--,143,160964,买盘
786,14:10:21,11.21,0.01,3,3363,买盘
787,14:10:18,11.2,--,38,42940,卖盘
788,14:10:15,11.2,-0.01,305,341600,卖盘
789,14:10:09,11.21,--,14,15694,买盘
790,14:10:06,11.21,--,2,2242,买盘
791,14:10:00,11.21,--,2,2242,买盘
792,14:09:57,11.21,--,13,14573,卖盘
793,14:09:51,11.21,0.01,113,126673,买盘
794,14:09:48,11.2,-0.02,37,41440,卖盘
795,14:09:45,11.22,0.02,13,14586,买盘
796,14:09:39,11.2,-0.02,8,8960,卖盘
797,14:09:36,11.22,0.02,3,3366,买盘
798,14:09:33,11.2,--,146,163520,卖盘
799,14:09:27,11.2,-0.02,7,7839,卖盘
800,14:09:24,11.22,0.01,33,37026,买盘
801,14:09:21,11.21,0.01,18,20503,买盘
802,14:09:18,11.2,-0.02,21,24236,卖盘
803,14:09:15,11.22,0.01,3,3366,买盘
804,14:09:09,11.21,--,8,8968,卖盘
805,14:09:06,11.21,0.01,2,2242,卖盘
806,14:09:03,11.2,-0.01,715,800800,卖盘
807,14:08:57,11.21,--,7,7847,卖盘
808,14:08:51,11.21,--,391,438311,卖盘
809,14:08:48,11.21,-0.01,7,7847,卖盘
810,14:08:42,11.22,0.01,53,59466,买盘
811,14:08:39,11.21,--,1,1121,卖盘
812,14:08:36,11.21,--,28,31466,卖盘
813,14:08:33,11.21,--,144,161424,卖盘
814,14:08:27,11.21,--,7,7847,卖盘
815,14:08:21,11.21,--,10,11624,卖盘
816,14:08:18,11.21,-0.01,33,37620,卖盘
817,14:08:12,11.22,0.01,7,7854,买盘
818,14:08:09,11.21,--,16,17936,卖盘
819,14:08:06,11.21,-0.01,6,6726,卖盘
820,14:08:03,11.22,0.01,4,4488,买盘
821,14:08:00,11.21,--,55,61655,卖盘
822,14:07:57,11.21,-0.01,8,8968,卖盘
823,14:07:48,11.22,--,9,10098,买盘
824,14:07:45,11.22,0.01,10,11220,买盘
825,14:07:42,11.21,--,19,21299,卖盘
826,14:07:39,11.21,--,9,10089,卖盘
827,14:07:36,11.21,--,11,12331,卖盘
828,14:07:33,11.21,--,141,158061,卖盘
829,14:07:30,11.21,--,120,134520,卖盘
830,14:07:27,11.21,--,44,49324,卖盘
831,14:07:24,11.21,-0.01,50,56050,卖盘
832,14:07:21,11.22,0.01,1,1122,买盘
833,14:07:18,11.21,--,21,24179,卖盘
834,14:07:15,11.21,-0.01,23,26186,卖盘
835,14:07:12,11.22,--,4,4488,买盘
836,14:07:09,11.22,0.01,45,50490,买盘
837,14:07:06,11.21,--,8,8968,卖盘
838,14:07:03,11.21,-0.01,12,13452,卖盘
839,14:07:00,11.22,0.01,25,28050,买盘
840,14:06:57,11.21,--,8,8968,卖盘
841,14:06:54,11.21,-0.01,1,1121,卖盘
842,14:06:51,11.22,--,6,6732,买盘
843,14:06:48,11.22,0.01,9,10098,买盘
844,14:06:45,11.21,--,84,94164,卖盘
845,14:06:42,11.21,--,37,41477,卖盘
846,14:06:39,11.21,--,3,3363,卖盘
847,14:06:36,11.21,-0.01,4,4484,卖盘
848,14:06:33,11.22,--,3,3882,卖盘
849,14:06:30,11.22,-0.01,2,2244,卖盘
850,14:06:27,11.23,--,9,10107,卖盘
851,14:06:24,11.23,0.01,491,551999,买盘
852,14:06:21,11.22,0.01,2,2244,买盘
853,14:06:18,11.21,-0.01,34,38618,卖盘
854,14:06:15,11.22,--,16,17952,买盘
855,14:06:12,11.22,0.01,63,71224,买盘
856,14:06:06,11.21,-0.01,8,8968,卖盘
857,14:06:03,11.22,--,10,11220,买盘
858,14:06:00,11.22,0.01,11,12342,买盘
859,14:05:57,11.21,--,8,8968,卖盘
860,14:05:48,11.21,--,15,16815,卖盘
861,14:05:45,11.21,-0.01,1,1121,卖盘
862,14:05:39,11.22,--,8,8976,买盘
863,14:05:36,11.22,0.01,24,26928,买盘
864,14:05:33,11.21,--,145,162545,卖盘
865,14:05:27,11.21,--,17,19057,卖盘
866,14:05:24,11.21,--,0,246,卖盘
867,14:05:18,11.21,--,7,7847,卖盘
868,14:05:15,11.21,-0.01,12,14505,卖盘
869,14:05:09,11.22,--,35,40380,买盘
870,14:05:06,11.22,--,2,2244,买盘
871,14:05:03,11.22,0.01,1,1122,买盘
872,14:04:57,11.21,-0.01,2,2242,卖盘
873,14:04:51,11.22,--,8,9525,买盘
874,14:04:48,11.22,0.01,10,11220,买盘
875,14:04:45,11.21,--,2,2242,卖盘
876,14:04:42,11.21,--,1,1121,卖盘
877,14:04:39,11.21,-0.01,9,10089,卖盘
878,14:04:33,11.22,--,138,154914,卖盘
879,14:04:27,11.22,--,6,6732,卖盘
880,14:04:18,11.22,--,17,19074,卖盘
881,14:04:15,11.22,--,11,12656,卖盘
882,14:04:09,11.22,--,32,36633,卖盘
883,14:04:06,11.22,--,1,1122,卖盘
884,14:03:57,11.22,--,7,7854,卖盘
885,14:03:48,11.22,--,8,8976,卖盘
886,14:03:45,11.22,--,1,1122,卖盘
887,14:03:39,11.22,--,7,7854,卖盘
888,14:03:36,11.22,--,58,65076,买盘
889,14:03:33,11.22,--,160,179520,买盘
890,14:03:27,11.22,--,19,21318,买盘
891,14:03:24,11.22,0.01,7,7854,中性盘
892,14:03:21,11.21,--,1007,1128847,卖盘
893,14:03:18,11.21,-0.01,9,10089,卖盘
894,14:03:15,11.22,0.01,3,3366,买盘
895,14:03:09,11.21,--,45,51487,卖盘
896,14:03:06,11.21,-0.01,15,16815,卖盘
897,14:03:03,11.22,0.01,25,28050,买盘
898,14:02:57,11.21,--,7,7847,卖盘
899,14:02:48,11.21,-0.01,8,8968,卖盘
900,14:02:42,11.22,0.01,84,94248,买盘
901,14:02:39,11.21,--,6,6726,卖盘
902,14:02:36,11.21,--,7,7847,卖盘
903,14:02:33,11.21,-0.01,144,161424,卖盘
904,14:02:30,11.22,0.01,10,11220,买盘
905,14:02:27,11.21,-0.01,10,11210,卖盘
906,14:02:24,11.22,--,2,2244,买盘
907,14:02:18,11.22,--,48,53856,买盘
908,14:02:12,11.22,0.01,11,12342,买盘
909,14:02:09,11.21,--,11,12992,卖盘
910,14:02:06,11.21,-0.01,41,46342,卖盘
911,14:02:03,11.22,--,4,4488,买盘
912,14:02:00,11.22,0.01,40,44880,买盘
913,14:01:57,11.21,-0.01,8,8968,卖盘
914,14:01:54,11.22,0.01,89,99858,买盘
915,14:01:48,11.21,--,6,6726,卖盘
916,14:01:42,11.21,-0.01,1,1121,卖盘
917,14:01:39,11.22,0.01,5,5610,买盘
918,14:01:36,11.21,--,7,7847,卖盘
919,14:01:33,11.21,-0.01,146,163666,卖盘
920,14:01:27,11.22,--,10,11220,买盘
921,14:01:21,11.22,--,3,3366,买盘
922,14:01:18,11.22,0.01,12,13464,买盘
923,14:01:06,11.21,-0.01,28,31477,卖盘
924,14:01:03,11.22,--,33,37979,买盘
925,14:01:00,11.22,--,29,32538,买盘
926,14:00:57,11.22,--,12,13464,买盘
927,14:00:51,11.22,--,6,6732,买盘
928,14:00:48,11.22,0.01,9,10098,买盘
929,14:00:45,11.21,--,32,35872,卖盘
930,14:00:39,11.21,-0.01,1,1121,卖盘
931,14:00:36,11.22,--,80,90635,卖盘
932,14:00:33,11.22,--,146,163812,卖盘
933,14:00:30,11.22,--,2,2244,卖盘
934,14:00:27,11.22,-0.01,15,16830,卖盘
935,14:00:24,11.23,0.01,1,1123,买盘
936,14:00:18,11.22,--,7,7854,卖盘
937,14:00:06,11.22,--,70,79605,卖盘
938,14:00:03,11.22,-0.01,25,29149,卖盘
939,14:00:00,11.23,0.01,1,1123,买盘
940,13:59:57,11.22,--,12,13789,买盘
941,13:59:54,11.22,--,27,30866,卖盘
942,13:59:48,11.22,0.01,33,37575,买盘
943,13:59:45,11.21,-0.01,1,1121,卖盘
944,13:59:42,11.22,0.01,2,2244,买盘
945,13:59:36,11.21,-0.01,10,11210,卖盘
946,13:59:33,11.22,--,163,183458,卖盘
947,13:59:30,11.22,--,12,13464,卖盘
948,13:59:27,11.22,-0.01,9,10098,卖盘
949,13:59:24,11.23,0.01,9,10107,买盘
950,13:59:18,11.22,--,8,8976,卖盘
951,13:59:15,11.22,-0.01,22,24684,卖盘
952,13:59:12,11.23,0.01,2,2246,买盘
953,13:59:06,11.22,--,6,6732,卖盘
954,13:59:03,11.22,--,35,40313,卖盘
955,13:58:57,11.22,--,8,8976,卖盘
956,13:58:54,11.22,--,8,8976,卖盘
957,13:58:51,11.22,--,16,17952,卖盘
958,13:58:48,11.22,--,66,74052,卖盘
959,13:58:45,11.22,--,47,52734,卖盘
960,13:58:39,11.22,--,10,11220,卖盘
961,13:58:36,11.22,--,124,139756,买盘
962,13:58:33,11.22,--,34,38641,卖盘
963,13:58:27,11.22,--,9,10098,卖盘
964,13:58:18,11.22,--,8,8976,卖盘
965,13:58:15,11.22,--,18,20824,买盘
966,13:58:12,11.22,--,11,12835,卖盘
967,13:58:06,11.22,0.01,37,42142,卖盘
968,13:58:03,11.21,-0.01,32,36746,卖盘
969,13:58:00,11.22,--,25,28218,卖盘
970,13:57:57,11.22,--,7,7854,卖盘
971,13:57:48,11.22,--,7,7854,卖盘
972,13:57:45,11.22,--,13,14586,卖盘
973,13:57:42,11.22,-0.01,18,20196,卖盘
974,13:57:39,11.23,0.01,15,16845,买盘
975,13:57:36,11.22,--,4,4488,卖盘
976,13:57:27,11.22,-0.01,8,8976,卖盘
977,13:57:24,11.23,0.02,6,6738,买盘
978,13:57:18,11.21,-0.02,7,7847,卖盘
979,13:57:15,11.23,0.01,15,16845,买盘
980,13:57:12,11.22,0.01,212,237864,中性盘
981,13:57:09,11.21,--,1,1121,卖盘
982,13:57:06,11.21,--,15,16815,卖盘
983,13:57:00,11.21,--,9,11142,卖盘
984,13:56:57,11.21,-0.03,33,38102,卖盘
985,13:56:54,11.24,0.03,26,29224,买盘
986,13:56:48,11.21,-0.03,11,12331,卖盘
987,13:56:45,11.24,--,15,16860,买盘
988,13:56:42,11.24,0.03,3,3372,买盘
989,13:56:36,11.21,--,8,8968,卖盘
990,13:56:30,11.21,--,18,20178,卖盘
991,13:56:27,11.21,--,9,10089,卖盘
992,13:56:24,11.21,--,34,38114,卖盘
993,13:56:21,11.21,--,9,10089,卖盘
994,13:56:18,11.21,-0.04,13,14573,卖盘
995,13:56:15,11.25,0.03,1000,1125000,买盘
996,13:56:12,11.22,0.01,3,3366,买盘
997,13:56:06,11.21,-0.01,9,10089,卖盘
998,13:56:03,11.22,0.01,6,6732,买盘
999,13:56:00,11.21,--,13,15301,卖盘
1000,13:55:57,11.21,--,7,7847,卖盘
1001,13:55:54,11.21,-0.01,57,64210,卖盘
1002,13:55:48,11.22,0.01,12,13464,买盘
1003,13:55:45,11.21,--,100,112100,卖盘
1004,13:55:42,11.21,--,5,5605,卖盘
1005,13:55:39,11.21,--,2,2242,卖盘
1006,13:55:36,11.21,--,8,8968,卖盘
1007,13:55:27,11.21,--,8,8968,卖盘
1008,13:55:18,11.21,--,7,7847,卖盘
1009,13:55:15,11.21,--,83,93043,卖盘
1010,13:55:12,11.21,--,2,2242,卖盘
1011,13:55:06,11.21,-0.02,9,10089,卖盘
1012,13:55:00,11.23,0.02,500,561500,买盘
1013,13:54:57,11.21,--,23,26455,卖盘
1014,13:54:54,11.21,-0.01,23,26152,卖盘
1015,13:54:51,11.22,0.01,5,5610,买盘
1016,13:54:48,11.21,--,8,8968,卖盘
1017,13:54:45,11.21,--,10,11210,卖盘
1018,13:54:42,11.21,--,5,5605,卖盘
1019,13:54:36,11.21,-0.01,38,42598,卖盘
1020,13:54:30,11.22,0.01,17,19074,买盘
1021,13:54:27,11.21,--,9,10089,卖盘
1022,13:54:24,11.21,0.01,30,33630,中性盘
1023,13:54:18,11.2,--,8,8960,卖盘
1024,13:54:12,11.2,-0.02,500,560000,卖盘
1025,13:54:09,11.22,0.01,22,24684,买盘
1026,13:54:06,11.21,--,71,79591,卖盘
1027,13:54:03,11.21,--,19,21299,卖盘
1028,13:54:00,11.21,-0.01,28,32284,中性盘
1029,13:53:57,11.22,0.02,1019,1143318,买盘
1030,13:53:54,11.2,-0.01,22,24785,卖盘
1031,13:53:48,11.21,--,9,10089,买盘
1032,13:53:45,11.21,0.01,370,414770,买盘
1033,13:53:39,11.2,--,10,11200,卖盘
1034,13:53:36,11.2,-0.01,6,6720,卖盘
1035,13:53:33,11.21,--,1002,1123242,买盘
1036,13:53:30,11.21,--,1733,1943163,卖盘
1037,13:53:27,11.21,--,207,232047,卖盘
1038,13:53:21,11.21,--,1,1121,卖盘
1039,13:53:18,11.21,--,8,8968,卖盘
1040,13:53:06,11.21,--,69,77349,卖盘
1041,13:53:03,11.21,--,2,2242,卖盘
1042,13:52:57,11.21,--,12,13452,卖盘
1043,13:52:54,11.21,--,15,17543,卖盘
1044,13:52:51,11.21,-0.01,25,28338,卖盘
1045,13:52:48,11.22,0.01,23,25806,买盘
1046,13:52:45,11.21,--,56,62776,卖盘
1047,13:52:39,11.21,--,11,12331,卖盘
1048,13:52:36,11.21,-0.01,12,13452,卖盘
1049,13:52:33,11.22,--,1,1122,买盘
1050,13:52:30,11.22,0.01,13,14586,买盘
1051,13:52:27,11.21,--,64,71744,卖盘
1052,13:52:24,11.21,--,350,392350,卖盘
1053,13:52:21,11.21,--,1,1121,卖盘
1054,13:52:18,11.21,--,26,29146,卖盘
1055,13:52:06,11.21,-0.01,9,10089,卖盘
1056,13:52:03,11.22,0.01,12,13464,买盘
1057,13:51:57,11.21,--,10,11210,卖盘
1058,13:51:54,11.21,--,12,14337,卖盘
1059,13:51:48,11.21,--,30,33786,卖盘
1060,13:51:45,11.21,-0.01,1,1121,卖盘
1061,13:51:42,11.22,0.01,87,97614,买盘
1062,13:51:39,11.21,--,8,8968,卖盘
1063,13:51:27,11.21,-0.01,8,8968,卖盘
1064,13:51:24,11.22,--,42,47124,买盘
1065,13:51:18,11.22,--,12,13464,买盘
1066,13:51:15,11.22,0.01,2,2244,买盘
1067,13:51:12,11.21,-0.01,1,1121,卖盘
1068,13:51:06,11.22,--,303,341031,卖盘
1069,13:50:57,11.22,--,11,12342,卖盘
1070,13:50:51,11.22,--,19,21329,卖盘
1071,13:50:48,11.22,--,7,7854,卖盘
1072,13:50:45,11.22,-0.01,76,85316,卖盘
1073,13:50:42,11.23,0.01,5,5615,买盘
1074,13:50:39,11.22,-0.01,8,8976,卖盘
1075,13:50:36,11.23,--,117,131391,买盘
1076,13:50:30,11.23,0.01,7,7861,买盘
1077,13:50:27,11.22,--,8,8976,卖盘
1078,13:50:21,11.22,--,1,1122,卖盘
1079,13:50:18,11.22,--,44,49368,卖盘
1080,13:50:15,11.22,-0.01,70,78540,卖盘
1081,13:50:12,11.23,0.01,1,1123,买盘
1082,13:50:09,11.22,--,7,7854,卖盘
1083,13:50:06,11.22,-0.01,95,106590,卖盘
1084,13:50:03,11.23,0.01,38,42674,买盘
1085,13:50:00,11.22,0.01,338,379236,买盘
1086,13:49:57,11.21,--,16,17936,卖盘
1087,13:49:54,11.21,-0.01,5,5605,卖盘
1088,13:49:51,11.22,0.01,26,29878,买盘
1089,13:49:48,11.21,--,39,43719,卖盘
1090,13:49:45,11.21,-0.01,97,109073,卖盘
1091,13:49:42,11.22,0.01,42,47124,买盘
1092,13:49:36,11.21,-0.01,91,102011,卖盘
1093,13:49:27,11.22,--,123,138006,买盘
1094,13:49:24,11.22,0.01,13,14586,买盘
1095,13:49:21,11.21,--,3,3363,卖盘
1096,13:49:18,11.21,--,9,10089,卖盘
1097,13:49:15,11.21,--,74,82954,卖盘
1098,13:49:12,11.21,--,38,42598,卖盘
1099,13:49:06,11.21,--,7,7847,卖盘
1100,13:49:03,11.21,--,102,114342,卖盘
1101,13:48:57,11.21,-0.01,7,7847,卖盘
1102,13:48:51,11.22,0.01,3,3366,买盘
1103,13:48:48,11.21,--,19,21982,卖盘
1104,13:48:45,11.21,--,138,154698,卖盘
1105,13:48:42,11.21,-0.02,25,28383,卖盘
1106,13:48:39,11.23,0.02,13,14599,买盘
1107,13:48:36,11.21,--,7,7847,卖盘
1108,13:48:33,11.21,--,82,91922,卖盘
1109,13:48:27,11.21,-0.02,9,10089,卖盘
1110,13:48:21,11.23,0.02,6,6738,买盘
1111,13:48:18,11.21,--,6,6726,卖盘
1112,13:48:12,11.21,--,74,82954,卖盘
1113,13:48:06,11.21,-0.02,8,8968,卖盘
1114,13:48:03,11.23,--,4,4492,买盘
1115,13:48:00,11.23,0.01,10,11230,买盘
1116,13:47:57,11.22,--,4,4566,卖盘
1117,13:47:54,11.22,--,82,92004,卖盘
1118,13:47:51,11.22,--,2,2244,卖盘
1119,13:47:48,11.22,--,7,7854,卖盘
1120,13:47:45,11.22,--,15,17447,卖盘
1121,13:47:42,11.22,-0.01,95,107016,卖盘
1122,13:47:39,11.23,0.01,1,1123,买盘
1123,13:47:36,11.22,--,7,7854,卖盘
1124,13:47:30,11.22,--,1,1122,卖盘
1125,13:47:27,11.22,--,8,8976,卖盘
1126,13:47:21,11.22,--,15,16830,卖盘
1127,13:47:18,11.22,-0.01,7,7854,卖盘
1128,13:47:15,11.23,0.01,2,2246,买盘
1129,13:47:12,11.22,-0.01,74,83028,卖盘
1130,13:47:09,11.23,0.01,9,10107,买盘
1131,13:47:06,11.22,-0.01,10,11220,卖盘
1132,13:47:03,11.23,0.01,1,1123,买盘
1133,13:46:57,11.22,0.01,6,6732,卖盘
1134,13:46:48,11.21,--,14,15694,卖盘
1135,13:46:45,11.21,--,13,15021,卖盘
1136,13:46:39,11.21,-0.01,103,116057,卖盘
1137,13:46:36,11.22,--,16,17952,卖盘
1138,13:46:33,11.22,-0.01,2,2244,卖盘
1139,13:46:30,11.23,0.01,4,4492,买盘
1140,13:46:27,11.22,-0.01,7,7854,卖盘
1141,13:46:24,11.23,0.01,1,1123,买盘
1142,13:46:21,11.22,--,82,92004,卖盘
1143,13:46:18,11.22,-0.01,8,8976,卖盘
1144,13:46:15,11.23,--,92,103316,买盘
1145,13:46:09,11.23,0.02,4,4492,买盘
1146,13:46:06,11.21,-0.01,93,104253,卖盘
1147,13:46:03,11.22,--,9,10098,卖盘
1148,13:46:00,11.22,0.01,4,5116,卖盘
1149,13:45:57,11.21,--,49,54929,卖盘
1150,13:45:51,11.21,-0.01,79,88559,卖盘
1151,13:45:48,11.22,--,7,7854,卖盘
1152,13:45:45,11.22,0.01,1,1122,中性盘
1153,13:45:42,11.21,-0.02,10,11411,卖盘
1154,13:45:39,11.23,0.01,79,88717,买盘
1155,13:45:36,11.22,--,269,302659,卖盘
1156,13:45:33,11.22,-0.01,2,2244,卖盘
1157,13:45:27,11.23,--,37,41551,买盘
1158,13:45:24,11.23,--,18,20214,买盘
1159,13:45:18,11.23,--,45,50535,买盘
1160,13:45:15,11.23,--,3,3369,买盘
1161,13:45:09,11.23,0.01,103,115669,买盘
1162,13:45:06,11.22,--,82,92004,卖盘
1163,13:45:03,11.22,--,2,2244,卖盘
1164,13:45:00,11.22,-0.01,1,1122,卖盘
1165,13:44:57,11.23,0.01,140,157220,买盘
1166,13:44:48,11.22,--,8,8976,卖盘
1167,13:44:39,11.22,--,12,14294,卖盘
1168,13:44:36,11.22,-0.01,104,116901,卖盘
1169,13:44:33,11.23,--,5,5615,买盘
1170,13:44:27,11.23,-0.01,26,29198,卖盘
1171,13:44:21,11.24,--,1,1124,买盘
1172,13:44:18,11.24,0.01,12,13488,买盘
1173,13:44:12,11.23,-0.01,33,37059,卖盘
1174,13:44:06,11.24,--,92,103408,买盘
1175,13:44:03,11.24,--,1,1124,买盘
1176,13:44:00,11.24,0.01,5,5620,买盘
1177,13:43:57,11.23,--,8,8984,卖盘
1178,13:43:51,11.23,0.01,1,1123,中性盘
1179,13:43:48,11.22,--,17,19074,卖盘
1180,13:43:45,11.22,--,6,6732,卖盘
1181,13:43:42,11.22,--,1,1122,卖盘
1182,13:43:39,11.22,--,10,11444,卖盘
1183,13:43:36,11.22,--,64,72627,卖盘
1184,13:43:33,11.22,--,75,84150,卖盘
1185,13:43:30,11.22,-0.02,16,17952,卖盘
1186,13:43:27,11.24,--,18,20232,买盘
1187,13:43:21,11.24,0.01,18,20232,买盘
1188,13:43:18,11.23,-0.01,1,1123,卖盘
1189,13:43:12,11.24,0.02,5,5620,买盘
1190,13:43:06,11.22,--,7,7854,卖盘
1191,13:43:03,11.22,-0.01,74,83028,卖盘
1192,13:43:00,11.23,0.01,3,3369,买盘
1193,13:42:57,11.22,--,16,17952,卖盘
1194,13:42:45,11.22,-0.02,1,1122,卖盘
1195,13:42:42,11.24,--,15,16860,买盘
1196,13:42:39,11.24,0.02,9,10116,买盘
1197,13:42:36,11.22,--,12,14114,卖盘
1198,13:42:33,11.22,-0.02,99,111470,卖盘
1199,13:42:30,11.24,--,9,10116,买盘
1200,13:42:27,11.24,--,2,2248,买盘
1201,13:42:24,11.24,0.02,9,10116,买盘
1202,13:42:18,11.22,--,8,8976,卖盘
1203,13:42:15,11.22,0.01,4,5217,买盘
1204,13:42:09,11.21,-0.01,10,11210,卖盘
1205,13:42:06,11.22,--,45,50490,买盘
1206,13:42:03,11.22,0.01,209,234498,买盘
1207,13:42:00,11.21,-0.01,99,110979,卖盘
1208,13:41:57,11.22,--,2,2244,买盘
1209,13:41:51,11.22,--,29,32538,买盘
1210,13:41:48,11.22,-0.02,2575,2889542,卖盘
1211,13:41:45,11.24,--,32,36698,买盘
1212,13:41:42,11.24,--,7,7868,买盘
1213,13:41:39,11.24,--,3,3372,买盘
1214,13:41:36,11.24,--,114,128450,买盘
1215,13:41:33,11.24,0.01,35,39340,中性盘
1216,13:41:30,11.23,-0.02,82,92086,卖盘
1217,13:41:27,11.25,0.01,15,16875,买盘
1218,13:41:21,11.24,-0.02,5,5620,卖盘
1219,13:41:18,11.26,--,9,10134,买盘
1220,13:41:15,11.26,0.02,500,563000,买盘
1221,13:41:09,11.24,--,9,10116,买盘
1222,13:41:06,11.24,--,16,17984,买盘
1223,13:41:03,11.24,0.01,10,11240,买盘
1224,13:41:00,11.23,-0.01,74,83102,卖盘
1225,13:40:57,11.24,--,15,16860,买盘
1226,13:40:51,11.24,--,1,1124,买盘
1227,13:40:48,11.24,--,16,17984,卖盘
1228,13:40:45,11.24,--,9,10116,卖盘
1229,13:40:42,11.24,0.01,7,7868,中性盘
1230,13:40:36,11.23,-0.02,8,8984,卖盘
1231,13:40:33,11.25,0.02,21,24210,买盘
1232,13:40:30,11.23,-0.02,96,108268,卖盘
1233,13:40:27,11.25,--,8,9000,买盘
1234,13:40:24,11.25,--,4,4500,买盘
1235,13:40:21,11.25,0.02,1007,1132875,买盘
1236,13:40:18,11.23,-0.01,7,7861,卖盘
1237,13:40:12,11.24,0.01,13,14612,买盘
1238,13:40:09,11.23,--,1,1123,卖盘
1239,13:40:06,11.23,--,9,10107,卖盘
1240,13:40:03,11.23,-0.01,2,2246,卖盘
1241,13:40:00,11.24,0.01,82,92168,买盘
1242,13:39:57,11.23,-0.01,7,7861,卖盘
1243,13:39:54,11.24,--,35,39340,买盘
1244,13:39:51,11.24,--,1,1124,买盘
1245,13:39:48,11.24,--,58,65192,买盘
1246,13:39:39,11.24,0.01,28,31472,买盘
1247,13:39:36,11.23,--,45,50535,卖盘
1248,13:39:33,11.23,--,2,2246,卖盘
1249,13:39:30,11.23,-0.01,91,103271,卖盘
1250,13:39:27,11.24,--,34,39306,买盘
1251,13:39:24,11.24,--,2,2248,买盘
1252,13:39:21,11.24,0.01,1,1124,买盘
1253,13:39:18,11.23,-0.01,10,11230,卖盘
1254,13:39:15,11.24,--,9,10116,买盘
1255,13:39:12,11.24,--,3,3372,买盘
1256,13:39:09,11.24,--,22,24728,买盘
1257,13:39:06,11.24,0.01,56,62944,买盘
1258,13:39:03,11.23,--,5,5615,卖盘
1259,13:38:57,11.23,-0.01,91,102193,卖盘
1260,13:38:54,11.24,0.01,9,10116,买盘
1261,13:38:51,11.23,--,1,1123,卖盘
1262,13:38:48,11.23,-0.01,7,7861,卖盘
1263,13:38:42,11.24,0.01,9,10116,中性盘
1264,13:38:36,11.23,-0.02,7,7861,卖盘
1265,13:38:33,11.25,0.02,8,9000,买盘
1266,13:38:30,11.23,-0.01,169,189831,卖盘
1267,13:38:27,11.24,-0.01,125,141500,卖盘
1268,13:38:21,11.25,0.01,8,9000,买盘
1269,13:38:18,11.24,--,7,7868,卖盘
1270,13:38:15,11.24,-0.01,4,5125,卖盘
1271,13:38:12,11.25,0.02,13,14625,买盘
1272,13:38:09,11.23,-0.01,1,1123,卖盘
1273,13:38:06,11.24,--,6,6744,中性盘
1274,13:38:00,11.24,0.01,12,13488,中性盘
1275,13:37:57,11.23,--,8,8984,卖盘
1276,13:37:54,11.23,-0.02,74,83102,卖盘
1277,13:37:51,11.25,--,1,1125,买盘
1278,13:37:48,11.25,--,15,16875,买盘
1279,13:37:45,11.25,0.01,10,11250,买盘
1280,13:37:42,11.24,-0.01,60,67440,卖盘
1281,13:37:39,11.25,0.01,8,9000,买盘
1282,13:37:36,11.24,-0.01,7,7868,卖盘
1283,13:37:30,11.25,0.01,4,4500,买盘
1284,13:37:27,11.24,--,31,34866,卖盘
1285,13:37:24,11.24,-0.01,97,110050,卖盘
1286,13:37:21,11.25,0.01,1,1125,买盘
1287,13:37:15,11.24,-0.01,14,15736,卖盘
1288,13:37:12,11.25,0.01,19,21375,买盘
1289,13:37:09,11.24,--,1,1124,卖盘
1290,13:37:06,11.24,-0.01,18,20232,卖盘
1291,13:36:57,11.25,0.01,77,86625,买盘
1292,13:36:54,11.24,-0.01,81,91044,卖盘
1293,13:36:51,11.25,--,10,11250,买盘
1294,13:36:48,11.25,--,5,5625,买盘
1295,13:36:45,11.25,--,36,40500,买盘
1296,13:36:42,11.25,--,1,1125,买盘
1297,13:36:36,11.25,-0.01,9,10125,买盘
1298,13:36:33,11.26,0.02,9,10134,买盘
1299,13:36:27,11.24,--,10,12094,卖盘
1300,13:36:24,11.24,-0.01,94,105656,卖盘
1301,13:36:21,11.25,--,33,37316,卖盘
1302,13:36:15,11.25,-0.01,7,7875,卖盘
1303,13:36:12,11.26,0.01,8,9008,买盘
1304,13:36:06,11.25,--,12,14130,卖盘
1305,13:36:03,11.25,-0.01,6,6750,卖盘
1306,13:36:00,11.26,0.01,33,37158,买盘
1307,13:35:57,11.25,-0.01,81,91125,卖盘
1308,13:35:54,11.26,--,2,2252,买盘
1309,13:35:48,11.26,0.01,12,13512,买盘
1310,13:35:45,11.25,--,19,21375,卖盘
1311,13:35:39,11.25,--,15,16875,卖盘
1312,13:35:36,11.25,--,35,39375,卖盘
1313,13:35:33,11.25,-0.01,1,1125,卖盘
1314,13:35:30,11.26,0.01,100,112600,买盘
1315,13:35:27,11.25,0.01,19,21375,买盘
1316,13:35:24,11.24,--,88,99260,卖盘
1317,13:35:21,11.24,--,40,45656,卖盘
1318,13:35:15,11.24,-0.02,17,19108,卖盘
1319,13:35:09,11.26,0.01,41,46166,买盘
1320,13:35:06,11.25,-0.01,15,16875,卖盘
1321,13:35:03,11.26,0.02,7,7882,买盘
1322,13:35:00,11.24,--,1,1124,卖盘
1323,13:34:57,11.24,-0.01,7,7868,卖盘
1324,13:34:51,11.25,--,108,121500,买盘
1325,13:34:45,11.25,-0.01,33,37125,卖盘
1326,13:34:42,11.26,0.01,27,30402,买盘
1327,13:34:36,11.25,-0.01,11,12375,卖盘
1328,13:34:30,11.26,0.01,8,9008,买盘
1329,13:34:27,11.25,--,143,160875,买盘
1330,13:34:24,11.25,0.01,39,44617,买盘
1331,13:34:21,11.24,--,22,25031,卖盘
1332,13:34:18,11.24,--,39,43836,卖盘
1333,13:34:15,11.24,--,22,24728,卖盘
1334,13:34:12,11.24,-0.01,6,6744,卖盘
1335,13:34:09,11.25,0.01,8,9000,买盘
1336,13:34:06,11.24,--,8,8992,卖盘
1337,13:34:00,11.24,-0.01,30,33720,卖盘
1338,13:33:57,11.25,--,17,19125,买盘
1339,13:33:48,11.25,0.01,1,1125,买盘
1340,13:33:45,11.24,-0.01,14,15736,卖盘
1341,13:33:42,11.25,--,41,46125,买盘
1342,13:33:39,11.25,--,26,29250,买盘
1343,13:33:36,11.25,0.01,24,27000,买盘
1344,13:33:27,11.24,-0.01,11,12364,卖盘
1345,13:33:24,11.25,0.01,13,14625,买盘
1346,13:33:21,11.24,-0.01,33,37968,卖盘
1347,13:33:18,11.25,0.01,10,11250,买盘
1348,13:33:15,11.24,-0.02,29,32764,卖盘
1349,13:33:12,11.26,--,8,9008,买盘
1350,13:33:09,11.26,0.02,31,34906,买盘
1351,13:33:06,11.24,-0.03,28,31472,卖盘
1352,13:33:03,11.27,0.03,28,31556,买盘
1353,13:33:00,11.24,-0.03,1,1124,卖盘
1354,13:32:57,11.27,--,21,23667,买盘
1355,13:32:54,11.27,--,17,19756,买盘
1356,13:32:51,11.27,0.03,8,9016,买盘
1357,13:32:48,11.24,--,8,9958,卖盘
1358,13:32:45,11.24,-0.01,10,11240,卖盘
1359,13:32:42,11.25,--,10,11250,卖盘
1360,13:32:36,11.25,--,17,19125,买盘
1361,13:32:33,11.25,-0.02,2,2250,中性盘
1362,13:32:30,11.27,--,8,9016,买盘
1363,13:32:27,11.27,0.03,508,572516,买盘
1364,13:32:24,11.24,-0.01,18,20232,卖盘
1365,13:32:21,11.25,--,35,39375,买盘
1366,13:32:18,11.25,0.01,23,26887,买盘
1367,13:32:15,11.24,-0.01,26,29257,卖盘
1368,13:32:12,11.25,--,9,10125,买盘
1369,13:32:06,11.25,--,27,30375,买盘
1370,13:32:03,11.25,0.01,400,450000,买盘
1371,13:32:00,11.24,--,2,2248,卖盘
1372,13:31:57,11.24,-0.01,50,56200,卖盘
1373,13:31:51,11.25,--,40,45000,买盘
1374,13:31:48,11.25,0.01,5,5625,买盘
1375,13:31:45,11.24,--,44,49456,卖盘
1376,13:31:42,11.24,-0.01,2,2248,卖盘
1377,13:31:36,11.25,--,17,19125,买盘
1378,13:31:33,11.25,0.01,2,2250,买盘
1379,13:31:30,11.24,--,1,1124,卖盘
1380,13:31:27,11.24,--,8,8992,卖盘
1381,13:31:18,11.24,--,16,18107,卖盘
1382,13:31:15,11.24,--,5,5620,卖盘
1383,13:31:12,11.24,-0.01,23,26773,卖盘
1384,13:31:09,11.25,0.01,7,7875,买盘
1385,13:31:06,11.24,-0.01,49,55076,卖盘
1386,13:31:03,11.25,0.01,6,6750,买盘
1387,13:31:00,11.24,--,19,21356,卖盘
1388,13:30:57,11.24,--,16,17984,卖盘
1389,13:30:54,11.24,-0.01,10,11240,卖盘
1390,13:30:48,11.25,0.01,3,3375,买盘
1391,13:30:45,11.24,-0.01,6,6744,卖盘
1392,13:30:39,11.25,0.01,8,9000,买盘
1393,13:30:36,11.24,-0.01,7,7868,卖盘
1394,13:30:30,11.25,0.01,8,9000,买盘
1395,13:30:27,11.24,--,4,4496,卖盘
1396,13:30:24,11.24,--,66,74184,卖盘
1397,13:30:15,11.24,-0.01,102,115266,卖盘
1398,13:30:12,11.25,-0.01,25,28901,卖盘
1399,13:30:06,11.26,0.01,15,16890,买盘
1400,13:30:03,11.25,--,186,209250,卖盘
1401,13:30:00,11.25,0.01,5,5625,买盘
1402,13:29:57,11.24,-0.01,1,1124,卖盘
1403,13:29:54,11.25,-0.01,11,12375,卖盘
1404,13:29:51,11.26,--,17,19142,卖盘
1405,13:29:48,11.26,--,2,2252,卖盘
1406,13:29:45,11.26,-0.01,15,16890,卖盘
1407,13:29:39,11.27,0.01,5,5635,买盘
1408,13:29:36,11.26,-0.01,7,7882,卖盘
1409,13:29:33,11.27,0.01,9,10143,买盘
1410,13:29:30,11.26,0.01,56,63056,买盘
1411,13:29:27,11.25,--,2,2250,卖盘
1412,13:29:24,11.25,--,13,14625,卖盘
1413,13:29:21,11.25,0.01,1,1125,中性盘
1414,13:29:15,11.24,-0.02,21,23738,卖盘
1415,13:29:12,11.26,0.02,9,10134,买盘
1416,13:29:09,11.24,-0.01,21,24514,卖盘
1417,13:29:06,11.25,-0.02,14,15750,中性盘
1418,13:29:03,11.27,--,1,1127,买盘
1419,13:28:57,11.27,0.03,16,18032,买盘
1420,13:28:54,11.24,-0.01,801,900324,卖盘
1421,13:28:51,11.25,--,4,4500,买盘
1422,13:28:48,11.25,0.01,7,7875,买盘
1423,13:28:45,11.24,--,8,8992,卖盘
1424,13:28:42,11.24,--,100,112400,卖盘
1425,13:28:39,11.24,-0.01,20,22480,卖盘
1426,13:28:36,11.25,0.01,20,22500,买盘
1427,13:28:33,11.24,--,20,22480,卖盘
1428,13:28:30,11.24,--,1,1124,卖盘
1429,13:28:27,11.24,--,3,3372,卖盘
1430,13:28:24,11.24,--,23,25852,卖盘
1431,13:28:15,11.24,--,27,31258,卖盘
1432,13:28:12,11.24,-0.01,23,25986,卖盘
1433,13:28:06,11.25,--,10,11250,买盘
1434,13:28:03,11.25,--,22,24750,买盘
1435,13:27:57,11.25,--,20,22500,买盘
1436,13:27:54,11.25,0.01,9,10125,买盘
1437,13:27:48,11.24,--,38,42712,卖盘
1438,13:27:45,11.24,-0.01,1007,1131868,卖盘
1439,13:27:42,11.25,--,8,9000,买盘
1440,13:27:36,11.25,-0.01,21,23625,买盘
1441,13:27:33,11.26,0.02,8,9008,买盘
1442,13:27:30,11.24,-0.01,1,1124,卖盘
1443,13:27:27,11.25,-0.01,6,6750,中性盘
1444,13:27:18,11.26,0.02,9,10134,买盘
1445,13:27:15,11.24,--,7,7868,卖盘
1446,13:27:12,11.24,--,83,93292,卖盘
1447,13:27:09,11.24,--,19,21726,卖盘
1448,13:27:06,11.24,--,33,37766,卖盘
1449,13:27:00,11.24,-0.02,10,11240,卖盘
1450,13:26:57,11.26,0.01,1035,1165410,买盘
1451,13:26:48,11.25,0.01,16,18000,买盘
1452,13:26:45,11.24,--,7,7868,卖盘
1453,13:26:42,11.24,--,2,2248,卖盘
1454,13:26:39,11.24,-0.02,3,3372,卖盘
1455,13:26:36,11.26,0.02,15,16890,买盘
1456,13:26:33,11.24,--,1,1146,卖盘
1457,13:26:27,11.24,-0.02,8,8992,卖盘
1458,13:26:24,11.26,0.01,1009,1136134,买盘
1459,13:26:21,11.25,0.01,6,6750,买盘
1460,13:26:18,11.24,--,11,13330,买盘
1461,13:26:15,11.24,--,7,8654,卖盘
1462,13:26:12,11.24,--,13,14612,卖盘
1463,13:26:09,11.24,0.01,18,20569,买盘
1464,13:26:06,11.23,-0.01,33,37766,卖盘
1465,13:26:03,11.24,0.01,10,11240,卖盘
1466,13:25:57,11.23,-0.02,7,7861,卖盘
1467,13:25:54,11.25,0.01,1000,1125000,买盘
1468,13:25:51,11.24,--,9,10116,买盘
1469,13:25:48,11.24,0.01,49,55076,买盘
1470,13:25:45,11.23,-0.01,8,8984,卖盘
1471,13:25:42,11.24,--,10,11240,买盘
1472,13:25:39,11.24,0.01,18,20232,买盘
1473,13:25:36,11.23,-0.01,7,7861,卖盘
1474,13:25:30,11.24,--,36,40464,买盘
1475,13:25:27,11.24,-0.01,1011,1136914,卖盘
1476,13:25:24,11.25,--,23,25875,买盘
1477,13:25:18,11.25,0.01,7,7875,买盘
1478,13:25:15,11.24,-0.01,8,8992,卖盘
1479,13:25:09,11.25,0.01,27,30780,买盘
1480,13:25:06,11.24,-0.01,29,33236,卖盘
1481,13:25:03,11.25,--,8,9000,买盘
1482,13:25:00,11.25,0.01,15,16875,买盘
1483,13:24:57,11.24,-0.01,8,8992,卖盘
1484,13:24:48,11.25,0.01,21,23625,买盘
1485,13:24:45,11.24,-0.01,8,8992,卖盘
1486,13:24:42,11.25,--,13,14625,买盘
1487,13:24:36,11.25,0.01,88,99000,买盘
1488,13:24:33,11.24,-0.01,1,1124,卖盘
1489,13:24:30,11.25,0.01,21,23625,买盘
1490,13:24:27,11.24,-0.01,9,10116,卖盘
1491,13:24:24,11.25,--,8,9000,买盘
1492,13:24:21,11.25,0.01,10,11250,买盘
1493,13:24:15,11.24,-0.01,7,7868,卖盘
1494,13:24:12,11.25,0.01,32,36000,买盘
1495,13:24:09,11.24,-0.01,71,80006,卖盘
1496,13:24:06,11.25,--,35,40218,买盘
1497,13:24:03,11.25,-0.01,727,818032,卖盘
1498,13:24:00,11.26,--,3,3378,买盘
1499,13:23:57,11.26,0.01,2,2252,买盘
1500,13:23:54,11.25,-0.01,33,37125,卖盘
1501,13:23:51,11.26,--,8,9008,买盘
1502,13:23:48,11.26,0.01,2,2252,买盘
1503,13:23:45,11.25,--,8,9000,卖盘
1504,13:23:42,11.25,-0.01,5,5625,卖盘
1505,13:23:39,11.26,--,80,90080,买盘
1506,13:23:36,11.26,--,14,15764,买盘
1507,13:23:30,11.26,0.01,97,109222,买盘
1508,13:23:27,11.25,--,4,4500,卖盘
1509,13:23:24,11.25,-0.01,7,7875,卖盘
1510,13:23:21,11.26,--,18,20268,买盘
1511,13:23:18,11.26,0.01,8,9008,买盘
1512,13:23:15,11.25,--,7,7875,卖盘
1513,13:23:12,11.25,-0.01,35,39375,卖盘
1514,13:23:06,11.26,0.01,41,46199,买盘
1515,13:23:03,11.25,--,34,39262,卖盘
1516,13:22:57,11.25,--,3,3375,卖盘
1517,13:22:54,11.25,--,21,23625,卖盘
1518,13:22:51,11.25,--,3,3375,卖盘
1519,13:22:48,11.25,--,307,345375,卖盘
1520,13:22:45,11.25,-0.01,16,18000,卖盘
1521,13:22:42,11.26,--,2,2252,买盘
1522,13:22:36,11.26,-0.01,49,55714,卖盘
1523,13:22:33,11.27,--,9,10143,买盘
1524,13:22:27,11.27,0.01,5,5635,买盘
1525,13:22:24,11.26,-0.01,11,12386,卖盘
1526,13:22:21,11.27,0.01,8,9016,买盘
1527,13:22:15,11.26,-0.01,8,9008,卖盘
1528,13:22:12,11.27,0.01,8,9016,买盘
1529,13:22:09,11.26,--,10,11260,卖盘
1530,13:22:06,11.26,-0.01,36,41121,卖盘
1531,13:22:00,11.27,-0.01,18,20286,卖盘
1532,13:21:54,11.28,--,7,7896,卖盘
1533,13:21:51,11.28,-0.01,1,1128,中性盘
1534,13:21:48,11.29,0.04,1000,1129000,买盘
1535,13:21:45,11.25,-0.01,8,9000,卖盘
1536,13:21:39,11.26,--,8,9008,买盘
1537,13:21:36,11.26,--,11,12386,买盘
1538,13:21:33,11.26,--,25,28150,买盘
1539,13:21:27,11.26,--,1,1126,买盘
1540,13:21:24,11.26,-0.02,4,4504,卖盘
1541,13:21:21,11.28,0.03,1000,1128000,买盘
1542,13:21:18,11.25,-0.02,1,1125,卖盘
1543,13:21:15,11.27,--,8,9016,买盘
1544,13:21:12,11.27,0.02,6,6762,买盘
1545,13:21:06,11.25,--,24,27663,卖盘
1546,13:21:00,11.25,--,22,25132,卖盘
1547,13:20:57,11.25,--,1,1125,卖盘
1548,13:20:54,11.25,-0.02,7,7875,卖盘
1549,13:20:51,11.27,0.02,20,22540,买盘
1550,13:20:48,11.25,--,147,165375,卖盘
1551,13:20:45,11.25,-0.01,1008,1134000,卖盘
1552,13:20:42,11.26,0.01,1,1126,买盘
1553,13:20:36,11.25,--,7,7875,卖盘
1554,13:20:27,11.25,--,1,1125,卖盘
1555,13:20:24,11.25,-0.02,36,40500,卖盘
1556,13:20:18,11.27,0.01,700,788900,买盘
1557,13:20:15,11.26,--,53,59678,买盘
1558,13:20:12,11.26,--,36,40536,买盘
1559,13:20:09,11.26,0.02,6,6756,买盘
1560,13:20:06,11.24,--,13,14612,卖盘
1561,13:20:03,11.24,-0.02,11,12408,卖盘
1562,13:20:00,11.26,0.01,43,49420,买盘
1563,13:19:57,11.25,--,2,2250,卖盘
1564,13:19:54,11.25,0.01,7,7875,卖盘
1565,13:19:45,11.24,-0.01,508,570992,卖盘
1566,13:19:42,11.25,--,12,13500,买盘
1567,13:19:36,11.25,--,16,18000,买盘
1568,13:19:33,11.25,--,4,4500,买盘
1569,13:19:27,11.25,--,56,63000,买盘
1570,13:19:24,11.25,--,14,15750,买盘
1571,13:19:18,11.25,--,500,562500,买盘
1572,13:19:15,11.25,-0.01,20,22500,卖盘
1573,13:19:12,11.26,0.01,3,3378,买盘
1574,13:19:09,11.25,0.01,10,11250,卖盘
1575,13:19:06,11.24,--,23,25852,卖盘
1576,13:19:00,11.24,--,18,20288,卖盘
1577,13:18:57,11.24,--,25,29089,卖盘
1578,13:18:54,11.24,-0.02,30,33720,卖盘
1579,13:18:51,11.26,-0.01,1,2015,卖盘
1580,13:18:48,11.27,0.01,90,101430,买盘
1581,13:18:45,11.26,--,8,9008,卖盘
1582,13:18:42,11.26,-0.01,50,56300,卖盘
1583,13:18:36,11.27,0.01,8,9016,买盘
1584,13:18:30,11.26,0.01,433,487794,买盘
1585,13:18:27,11.25,0.01,51,57375,买盘
1586,13:18:24,11.24,-0.01,12,13488,卖盘
1587,13:18:21,11.25,0.01,179,201375,买盘
1588,13:18:15,11.24,--,7,7868,卖盘
1589,13:18:12,11.24,-0.01,2,2248,卖盘
1590,13:18:09,11.25,--,11,12453,卖盘
1591,13:18:06,11.25,--,3,3375,卖盘
1592,13:18:03,11.25,--,10,11250,卖盘
1593,13:18:00,11.25,--,17,19361,卖盘
1594,13:17:57,11.25,-0.01,38,43560,卖盘
1595,13:17:54,11.26,--,8,9008,买盘
1596,13:17:51,11.26,--,600,675600,买盘
1597,13:17:45,11.26,0.01,10,11260,买盘
1598,13:17:39,11.25,--,6,6750,买盘
1599,13:17:33,11.25,-0.01,6,6750,卖盘
1600,13:17:27,11.26,--,20,22520,买盘
1601,13:17:24,11.26,0.01,507,570882,买盘
1602,13:17:21,11.25,--,9,10125,买盘
1603,13:17:15,11.25,--,25,28125,买盘
1604,13:17:12,11.25,--,139,157185,卖盘
1605,13:17:09,11.25,--,42,47250,卖盘
1606,13:17:06,11.25,-0.01,8,9000,卖盘
1607,13:17:03,11.26,--,2,2252,买盘
1608,13:17:00,11.26,--,511,575937,买盘
1609,13:16:57,11.26,0.01,4,4504,买盘
1610,13:16:54,11.25,--,31,35370,卖盘
1611,13:16:45,11.25,-0.01,9,10125,卖盘
1612,13:16:42,11.26,--,26,29276,买盘
1613,13:16:39,11.26,0.01,10,11260,买盘
1614,13:16:36,11.25,-0.01,20,22500,卖盘
1615,13:16:33,11.26,--,508,572008,买盘
1616,13:16:27,11.26,0.01,58,65308,买盘
1617,13:16:24,11.25,--,7,7875,卖盘
1618,13:16:18,11.25,--,31,34875,卖盘
1619,13:16:15,11.25,--,8,9000,卖盘
1620,13:16:09,11.25,--,84,94500,卖盘
1621,13:16:06,11.25,--,4,4500,卖盘
1622,13:16:03,11.25,--,8,9630,卖盘
1623,13:15:54,11.25,--,21,24243,卖盘
1624,13:15:51,11.25,--,29,33052,卖盘
1625,13:15:45,11.25,--,7,7875,卖盘
1626,13:15:36,11.25,-0.01,7,7875,卖盘
1627,13:15:33,11.26,--,3,3378,买盘
1628,13:15:30,11.26,0.01,15,16890,买盘
1629,13:15:27,11.25,-0.01,70,78750,卖盘
1630,13:15:24,11.26,--,9,10134,卖盘
1631,13:15:15,11.26,-0.02,7,7882,卖盘
1632,13:15:12,11.28,0.02,16,18048,买盘
1633,13:15:06,11.26,--,5,5630,卖盘
1634,13:15:03,11.26,-0.02,4,4504,中性盘
1635,13:15:00,11.28,0.03,4,4512,买盘
1636,13:14:54,11.25,--,22,25076,卖盘
1637,13:14:51,11.25,--,21,24345,卖盘
1638,13:14:48,11.25,--,1,1125,卖盘
1639,13:14:45,11.25,-0.03,7,7875,卖盘
1640,13:14:42,11.28,--,7,7896,买盘
1641,13:14:39,11.28,0.03,10,11280,买盘
1642,13:14:36,11.25,--,2,2250,卖盘
1643,13:14:33,11.25,-0.03,5,5625,卖盘
1644,13:14:30,11.28,0.03,5,5640,买盘
1645,13:14:27,11.25,--,2,2250,卖盘
1646,13:14:24,11.25,--,14,15750,卖盘
1647,13:14:18,11.25,--,29,32625,卖盘
1648,13:14:15,11.25,--,7,7875,卖盘
1649,13:14:06,11.25,-0.04,8,9000,卖盘
1650,13:14:03,11.29,0.04,5,5645,买盘
1651,13:13:54,11.25,--,157,177671,买盘
1652,13:13:51,11.25,--,244,275546,买盘
1653,13:13:48,11.25,0.01,130,146250,买盘
1654,13:13:45,11.24,-0.01,1,1124,卖盘
1655,13:13:36,11.25,-0.01,1510,1698828,卖盘
1656,13:13:30,11.26,--,13,14638,卖盘
1657,13:13:27,11.26,--,1,1126,卖盘
1658,13:13:24,11.26,--,3,3378,卖盘
1659,13:13:12,11.26,-0.01,2,2252,卖盘
1660,13:13:09,11.27,--,3,3381,买盘
1661,13:13:06,11.27,0.02,1,1127,买盘
1662,13:13:03,11.25,-0.02,2,2250,卖盘
1663,13:13:00,11.27,0.02,12,13524,中性盘
1664,13:12:54,11.25,--,1,1125,卖盘
1665,13:12:51,11.25,-0.03,10,12251,卖盘
1666,13:12:48,11.28,0.03,6,6768,买盘
1667,13:12:45,11.25,--,26,29295,卖盘
1668,13:12:42,11.25,-0.04,2,2250,卖盘
1669,13:12:39,11.29,0.04,800,903199,买盘
1670,13:12:36,11.25,--,8,9000,买盘
1671,13:12:33,11.25,-0.03,798,897750,卖盘
1672,13:12:30,11.28,--,14,15792,买盘
1673,13:12:27,11.28,0.01,11,12408,买盘
1674,13:12:24,11.27,-0.01,1,1127,卖盘
1675,13:12:18,11.28,--,3,3384,买盘
1676,13:12:09,11.28,--,117,131976,卖盘
1677,13:12:03,11.28,--,2,2256,中性盘
1678,13:12:00,11.28,0.02,8,9024,买盘
1679,13:11:54,11.26,--,4,4504,卖盘
1680,13:11:51,11.26,-0.03,11,13207,卖盘
1681,13:11:45,11.29,--,114,128931,买盘
1682,13:11:42,11.29,0.01,10,11290,买盘
1683,13:11:36,11.28,--,1,1128,卖盘
1684,13:11:33,11.28,-0.01,1,1128,卖盘
1685,13:11:30,11.29,--,11,12418,买盘
1686,13:11:27,11.29,0.03,15,16935,买盘
1687,13:11:21,11.26,-0.02,43,48418,卖盘
1688,13:11:12,11.28,--,6,6768,买盘
1689,13:11:06,11.28,-0.01,5,5640,卖盘
1690,13:11:03,11.29,--,2,2258,买盘
1691,13:10:57,11.29,0.01,4,4516,买盘
1692,13:10:54,11.28,--,7,7896,买盘
1693,13:10:51,11.28,0.02,22,24816,买盘
1694,13:10:48,11.26,-0.02,12,13703,卖盘
1695,13:10:45,11.28,0.01,25,29057,买盘
1696,13:10:42,11.27,-0.01,1001,1128127,卖盘
1697,13:10:33,11.28,0.01,1,1128,买盘
1698,13:10:30,11.27,0.01,7,7889,买盘
1699,13:10:27,11.26,--,15,17790,买盘
1700,13:10:24,11.26,0.01,2,2252,买盘
1701,13:10:21,11.25,-0.01,3,3375,卖盘
1702,13:10:12,11.26,-0.02,14,15989,卖盘
1703,13:10:09,11.28,0.02,27,30456,买盘
1704,13:10:06,11.26,-0.02,3,3378,卖盘
1705,13:10:00,11.28,0.01,9,10152,买盘
1706,13:09:57,11.27,--,11,12397,卖盘
1707,13:09:54,11.27,--,5,5635,卖盘
1708,13:09:51,11.27,--,1,1127,卖盘
1709,13:09:48,11.27,-0.02,31,35838,中性盘
1710,13:09:42,11.29,--,29,32887,买盘
1711,13:09:39,11.29,--,9,10161,买盘
1712,13:09:36,11.29,0.04,1,1129,买盘
1713,13:09:33,11.25,-0.04,36,40500,卖盘
1714,13:09:27,11.29,0.04,9,10161,买盘
1715,13:09:24,11.25,-0.04,6,7065,卖盘
1716,13:09:18,11.29,0.02,1003,1132387,买盘
1717,13:09:12,11.27,0.02,10,11270,中性盘
1718,13:09:09,11.25,-0.03,11,12375,卖盘
1719,13:09:06,11.28,0.03,6,6768,买盘
1720,13:09:03,11.25,--,1,1125,卖盘
1721,13:09:00,11.25,-0.03,50,56250,卖盘
1722,13:08:54,11.28,--,13,14664,买盘
1723,13:08:51,11.28,0.03,5,5640,买盘
1724,13:08:48,11.25,-0.03,10,12363,卖盘
1725,13:08:45,11.28,0.03,8,9024,买盘
1726,13:08:42,11.25,-0.01,1025,1154182,卖盘
1727,13:08:39,11.26,--,1,1126,买盘
1728,13:08:33,11.26,--,8,9008,买盘
1729,13:08:27,11.26,--,31,34906,卖盘
1730,13:08:24,11.26,0.01,10,11260,买盘
1731,13:08:21,11.25,--,9,10125,买盘
1732,13:08:18,11.25,0.01,4,4500,买盘
1733,13:08:15,11.24,-0.03,4,4496,卖盘
1734,13:08:12,11.27,-0.01,9,10143,卖盘
1735,13:08:09,11.28,0.02,1000,1128000,买盘
1736,13:08:06,11.26,--,24,27024,买盘
1737,13:08:03,11.26,--,2,2252,买盘
1738,13:08:00,11.26,0.02,14,15764,买盘
1739,13:07:51,11.24,-0.02,1,1124,卖盘
1740,13:07:48,11.26,0.02,12,13512,买盘
1741,13:07:45,11.24,--,1,1124,卖盘
1742,13:07:42,11.24,-0.02,95,107330,卖盘
1743,13:07:39,11.26,0.02,31,35401,买盘
1744,13:07:33,11.24,-0.02,2,2248,卖盘
1745,13:07:30,11.26,0.02,500,563000,买盘
1746,13:07:27,11.24,--,10,11240,卖盘
1747,13:07:24,11.24,-0.01,2,2248,卖盘
1748,13:07:21,11.25,--,5,5625,买盘
1749,13:07:15,11.25,0.01,14,15750,买盘
1750,13:07:12,11.24,-0.01,3,3372,卖盘
1751,13:07:09,11.25,--,3,3375,买盘
1752,13:07:06,11.25,--,5,5625,买盘
1753,13:07:03,11.25,0.01,25,28125,买盘
1754,13:07:00,11.24,-0.01,27,30348,卖盘
1755,13:06:57,11.25,--,100,112500,买盘
1756,13:06:54,11.25,--,9,10125,买盘
1757,13:06:51,11.25,--,18,20250,买盘
1758,13:06:48,11.25,0.01,24,27000,买盘
1759,13:06:45,11.24,-0.01,1,1124,卖盘
1760,13:06:42,11.25,0.01,23,26212,买盘
1761,13:06:39,11.24,-0.01,22,25436,卖盘
1762,13:06:33,11.25,--,8,9000,买盘
1763,13:06:24,11.25,0.01,2,2250,买盘
1764,13:06:21,11.24,-0.01,2,2248,卖盘
1765,13:06:18,11.25,--,9,10125,买盘
1766,13:06:09,11.25,0.02,7,7875,买盘
1767,13:06:06,11.23,-0.02,5,5615,卖盘
1768,13:06:03,11.25,--,2,2250,买盘
1769,13:06:00,11.25,0.02,10,11250,买盘
1770,13:05:51,11.23,-0.02,1,1123,卖盘
1771,13:05:48,11.25,0.02,8,9000,买盘
1772,13:05:45,11.23,-0.02,3,3369,卖盘
1773,13:05:42,11.25,--,16,18213,买盘
1774,13:05:39,11.25,0.02,7,7875,买盘
1775,13:05:36,11.23,--,23,26660,卖盘
1776,13:05:33,11.23,-0.01,5,5615,卖盘
1777,13:05:27,11.24,--,1,1124,买盘
1778,13:05:24,11.24,--,12,13645,卖盘
1779,13:05:18,11.24,-0.02,272,305728,卖盘
1780,13:05:15,11.26,0.02,9,10134,买盘
1781,13:05:12,11.24,--,11,12364,卖盘
1782,13:05:06,11.24,--,3,3372,卖盘
1783,13:05:03,11.24,-0.01,8,8992,卖盘
1784,13:05:00,11.25,-0.01,1,1125,中性盘
1785,13:04:57,11.26,0.01,300,337800,买盘
1786,13:04:54,11.25,--,8,9000,买盘
1787,13:04:48,11.25,0.01,4,4500,买盘
1788,13:04:45,11.24,-0.01,20,22480,卖盘
1789,13:04:42,11.25,--,24,27450,买盘
1790,13:04:36,11.25,0.01,1,1125,买盘
1791,13:04:33,11.24,-0.01,34,38811,卖盘
1792,13:04:30,11.25,0.01,15,16875,买盘
1793,13:04:21,11.24,-0.01,1,1124,卖盘
1794,13:04:18,11.25,--,9,10125,买盘
1795,13:04:09,11.25,--,6,6750,买盘
1796,13:04:06,11.25,0.01,220,247500,买盘
1797,13:04:00,11.24,-0.01,1,1124,卖盘
1798,13:03:57,11.25,0.01,9,10125,买盘
1799,13:03:51,11.24,-0.01,29,32596,卖盘
1800,13:03:45,11.25,--,10,11250,买盘
1801,13:03:42,11.25,0.01,16,18000,买盘
1802,13:03:39,11.24,-0.01,13,14848,卖盘
1803,13:03:36,11.25,0.01,9,10125,买盘
1804,13:03:33,11.24,-0.01,24,27785,卖盘
1805,13:03:30,11.25,--,2,2250,买盘
1806,13:03:27,11.25,-0.01,3,3375,卖盘
1807,13:03:24,11.26,0.02,508,572008,买盘
1808,13:03:21,11.24,-0.01,21,23604,卖盘
1809,13:03:12,11.25,0.01,11,12375,买盘
1810,13:03:06,11.24,-0.01,159,178716,卖盘
1811,13:03:00,11.25,0.01,8,9000,买盘
1812,13:02:51,11.24,--,13,14612,卖盘
1813,13:02:45,11.24,0.01,1,1124,卖盘
1814,13:02:42,11.23,-0.02,1,1123,卖盘
1815,13:02:39,11.25,0.02,16,18000,买盘
1816,13:02:36,11.23,--,13,15227,卖盘
1817,13:02:33,11.23,-0.03,22,25121,卖盘
1818,13:02:30,11.26,0.02,23,25898,买盘
1819,13:02:27,11.24,0.01,1,1124,买盘
1820,13:02:24,11.23,-0.01,1002,1125246,卖盘
1821,13:02:21,11.24,-0.01,3,3372,卖盘
1822,13:02:18,11.25,0.01,9,10125,买盘
1823,13:02:12,11.24,--,4,5462,买盘
1824,13:02:06,11.24,--,12,13488,买盘
1825,13:02:03,11.24,-0.01,7,8025,卖盘
1826,13:02:00,11.25,--,4,4500,买盘
1827,13:01:57,11.25,0.01,7,7875,买盘
1828,13:01:51,11.24,--,2,2248,卖盘
1829,13:01:48,11.24,--,1,1124,卖盘
1830,13:01:45,11.24,-0.01,2,2248,卖盘
1831,13:01:42,11.25,--,9,10125,买盘
1832,13:01:39,11.25,--,4,4500,买盘
1833,13:01:33,11.25,0.01,19,22410,买盘
1834,13:01:30,11.24,--,25,28111,卖盘
1835,13:01:24,11.24,-0.01,1,1124,卖盘
1836,13:01:21,11.25,--,20,22500,买盘
1837,13:01:18,11.25,--,51,57375,买盘
1838,13:01:15,11.25,0.01,32,36000,买盘
1839,13:01:12,11.24,-0.01,9,10116,卖盘
1840,13:01:09,11.25,0.01,1,1125,买盘
1841,13:01:06,11.24,-0.01,8,8992,卖盘
1842,13:01:03,11.25,--,5,5625,买盘
1843,13:01:00,11.25,0.01,12,13500,买盘
1844,13:00:54,11.24,-0.01,1,1124,卖盘
1845,13:00:51,11.25,--,8,9000,买盘
1846,13:00:48,11.25,0.01,1,1125,买盘
1847,13:00:45,11.24,--,1,1124,卖盘
1848,13:00:42,11.24,-0.01,2,2248,卖盘
1849,13:00:39,11.25,--,8,9000,买盘
1850,13:00:36,11.25,0.01,5,5625,买盘
1851,13:00:33,11.24,--,13,15724,卖盘
1852,13:00:30,11.24,-0.01,21,24660,卖盘
1853,13:00:27,11.25,0.01,16,18000,买盘
1854,13:00:21,11.24,-0.01,1,1124,卖盘
1855,13:00:18,11.25,--,9,10125,买盘
1856,13:00:12,11.25,--,1,1125,买盘
1857,13:00:06,11.25,--,68,76500,买盘
1858,13:00:03,11.25,--,611,687375,买盘
1859,13:00:00,11.25,--,0,0,买盘
1860,11:30:00,11.25,0.02,2,2250,买盘
1861,11:29:57,11.23,--,3,3369,卖盘
1862,11:29:54,11.23,--,2,2246,卖盘
1863,11:29:51,11.23,-0.02,2,2246,卖盘
1864,11:29:42,11.25,--,3,3375,买盘
1865,11:29:36,11.25,0.02,6,6750,买盘
1866,11:29:30,11.23,--,14,16350,卖盘
1867,11:29:27,11.23,--,26,29613,卖盘
1868,11:29:24,11.23,--,50,56150,卖盘
1869,11:29:15,11.23,-0.02,1,1123,卖盘
1870,11:29:12,11.25,--,14,15750,买盘
1871,11:29:09,11.25,--,5,5703,买盘
1872,11:29:06,11.25,0.01,17,19125,买盘
1873,11:29:00,11.24,--,1,1124,卖盘
1874,11:28:54,11.24,--,1,1124,卖盘
1875,11:28:45,11.24,-0.01,1,1124,卖盘
1876,11:28:42,11.25,--,11,12375,买盘
1877,11:28:36,11.25,0.01,7,7875,买盘
1878,11:28:30,11.24,--,19,22367,卖盘
1879,11:28:27,11.24,-0.01,22,24761,卖盘
1880,11:28:24,11.25,0.01,8,9000,买盘
1881,11:28:21,11.24,-0.01,1,1124,卖盘
1882,11:28:18,11.25,0.01,56,63000,买盘
1883,11:28:15,11.24,-0.01,1,1124,卖盘
1884,11:28:12,11.25,--,10,11250,买盘
1885,11:28:06,11.25,0.02,8,9000,买盘
1886,11:28:03,11.23,--,24,26952,卖盘
1887,11:28:00,11.23,-0.02,2,2246,卖盘
1888,11:27:54,11.25,--,8,9000,买盘
1889,11:27:51,11.25,0.01,5,5760,买盘
1890,11:27:48,11.24,-0.01,592,665408,卖盘
1891,11:27:45,11.25,0.01,10,11250,买盘
1892,11:27:42,11.24,-0.01,30,33720,卖盘
1893,11:27:36,11.25,--,7,7875,买盘
1894,11:27:33,11.25,0.01,9,10125,买盘
1895,11:27:30,11.24,--,12,14331,卖盘
1896,11:27:27,11.24,--,25,28302,卖盘
1897,11:27:21,11.24,-0.01,16,17984,卖盘
1898,11:27:15,11.25,0.01,28,31500,买盘
1899,11:27:12,11.24,-0.01,2,2248,卖盘
1900,11:27:09,11.25,0.01,8,9000,买盘
1901,11:27:06,11.24,--,3,3372,卖盘
1902,11:27:00,11.24,-0.02,1,1124,卖盘
1903,11:26:57,11.26,0.02,8,9008,买盘
1904,11:26:51,11.24,--,10,11240,卖盘
1905,11:26:42,11.24,-0.02,3,3372,卖盘
1906,11:26:39,11.26,0.02,18,20268,买盘
1907,11:26:36,11.24,--,1,1124,卖盘
1908,11:26:30,11.24,-0.02,2,2248,卖盘
1909,11:26:27,11.26,--,19,21799,买盘
1910,11:26:24,11.26,--,38,43429,买盘
1911,11:26:21,11.26,--,9,10134,买盘
1912,11:26:18,11.26,--,8,9008,买盘
1913,11:26:15,11.26,0.01,300,337800,买盘
1914,11:26:12,11.25,-0.01,1,1125,卖盘
1915,11:26:06,11.26,0.02,16,18016,买盘
1916,11:26:00,11.24,--,2,2248,卖盘
1917,11:25:54,11.24,-0.01,9,10116,卖盘
1918,11:25:51,11.25,-0.01,22,24907,卖盘
1919,11:25:42,11.26,--,8,9008,买盘
1920,11:25:39,11.26,0.01,45,50670,买盘
1921,11:25:36,11.25,-0.01,1,1125,卖盘
1922,11:25:33,11.26,0.01,20,22520,买盘
1923,11:25:30,11.25,--,2,2250,卖盘
1924,11:25:27,11.25,--,7,7875,卖盘
1925,11:25:24,11.25,0.01,35,40342,中性盘
1926,11:25:21,11.24,-0.02,31,34922,卖盘
1927,11:25:15,11.26,0.02,300,337800,买盘
1928,11:25:12,11.24,-0.01,2,2248,卖盘
1929,11:25:09,11.25,--,14,15750,买盘
1930,11:25:03,11.25,0.01,23,25875,买盘
1931,11:25:00,11.24,-0.01,2,2248,卖盘
1932,11:24:57,11.25,0.01,7,7875,买盘
1933,11:24:54,11.24,--,1,1124,卖盘
1934,11:24:51,11.24,-0.01,2,2248,卖盘
1935,11:24:48,11.25,0.01,9,10125,买盘
1936,11:24:42,11.24,-0.01,1,1124,卖盘
1937,11:24:36,11.25,0.01,15,16875,买盘
1938,11:24:30,11.24,-0.01,1,1124,卖盘
1939,11:24:27,11.25,0.01,58,65250,买盘
1940,11:24:24,11.24,--,10,12285,卖盘
1941,11:24:21,11.24,-0.01,43,48332,卖盘
1942,11:24:15,11.25,0.01,9,10125,买盘
1943,11:24:12,11.24,--,2,2248,卖盘
1944,11:24:09,11.24,-0.01,1,1124,卖盘
1945,11:24:06,11.25,--,18,20250,买盘
1946,11:24:03,11.25,0.01,11,12375,买盘
1947,11:24:00,11.24,--,10,11240,卖盘
1948,11:23:54,11.24,-0.01,201,225924,卖盘
1949,11:23:51,11.25,--,10,11250,买盘
1950,11:23:45,11.25,--,31,34875,买盘
1951,11:23:42,11.25,--,15,16875,买盘
1952,11:23:36,11.25,0.01,8,9000,买盘
1953,11:23:33,11.24,--,8,8992,卖盘
1954,11:23:30,11.24,--,11,12364,卖盘
1955,11:23:27,11.24,-0.01,1,1124,卖盘
1956,11:23:24,11.25,--,101,113625,买盘
1957,11:23:21,11.25,0.01,21,24075,买盘
1958,11:23:18,11.24,--,21,24199,卖盘
1959,11:23:15,11.24,--,1,1124,卖盘
1960,11:23:12,11.24,-0.01,10,11240,卖盘
1961,11:23:06,11.25,0.01,6,6750,买盘
1962,11:23:03,11.24,--,1,1124,卖盘
1963,11:23:00,11.24,--,10,11240,卖盘
1964,11:22:57,11.24,--,1,1124,卖盘
1965,11:22:54,11.24,--,1,1124,卖盘
1966,11:22:51,11.24,-0.01,24,26976,卖盘
1967,11:22:48,11.25,0.01,12,13500,买盘
1968,11:22:42,11.24,-0.01,2,2248,卖盘
1969,11:22:36,11.25,0.01,20,22500,买盘
1970,11:22:33,11.24,--,30,33720,卖盘
1971,11:22:30,11.24,-0.01,1,1124,卖盘
1972,11:22:24,11.25,0.01,8,9000,买盘
1973,11:22:21,11.24,--,13,15455,卖盘
1974,11:22:18,11.24,-0.01,24,27178,卖盘
1975,11:22:15,11.25,0.01,9,10125,买盘
1976,11:22:12,11.24,--,14,15736,卖盘
1977,11:22:06,11.24,-0.01,16,17984,卖盘
1978,11:22:03,11.25,0.01,8,9000,买盘
1979,11:22:00,11.24,-0.01,1,1124,卖盘
1980,11:21:51,11.25,0.01,111,124875,买盘
1981,11:21:48,11.24,--,9,10116,卖盘
1982,11:21:39,11.24,--,10,11240,卖盘
1983,11:21:36,11.24,--,4,4496,卖盘
1984,11:21:30,11.24,-0.01,118,132632,卖盘
1985,11:21:24,11.25,--,8,9000,买盘
1986,11:21:21,11.25,0.01,270,303750,买盘
1987,11:21:18,11.24,--,10,12184,卖盘
1988,11:21:15,11.24,--,27,30449,卖盘
1989,11:21:12,11.24,--,8,8992,卖盘
1990,11:21:09,11.24,--,10,11240,卖盘
1991,11:21:00,11.24,-0.01,1,1124,卖盘
1992,11:20:57,11.25,--,8,9000,买盘
1993,11:20:54,11.25,--,5,5625,买盘
1994,11:20:51,11.25,--,11,12375,买盘
1995,11:20:45,11.25,0.01,10,11250,买盘
1996,11:20:42,11.24,--,1,1124,卖盘
1997,11:20:39,11.24,-0.01,4,4496,卖盘
1998,11:20:36,11.25,--,28,31500,买盘
1999,11:20:33,11.25,--,32,36000,买盘
2000,11:20:30,11.25,0.01,302,339750,买盘
2001,11:20:27,11.24,-0.01,3,3372,卖盘
2002,11:20:24,11.25,0.01,14,15750,买盘
2003,11:20:21,11.24,--,3,3372,卖盘
2004,11:20:18,11.24,-0.01,11,12645,卖盘
2005,11:20:15,11.25,--,27,31140,买盘
2006,11:20:12,11.25,0.01,18,20250,买盘
2007,11:20:09,11.24,--,1,1124,卖盘
2008,11:20:06,11.24,-0.01,2,2248,卖盘
2009,11:20:03,11.25,--,1,1125,买盘
2010,11:20:00,11.25,--,16,18000,买盘
2011,11:19:57,11.25,0.01,115,129375,买盘
2012,11:19:54,11.24,--,4,4496,卖盘
2013,11:19:51,11.24,-0.01,11,12364,卖盘
2014,11:19:48,11.25,--,1,1125,买盘
2015,11:19:39,11.25,0.01,7,7875,买盘
2016,11:19:36,11.24,--,1,1124,卖盘
2017,11:19:30,11.24,--,10,11240,卖盘
2018,11:19:21,11.24,--,8,8992,卖盘
2019,11:19:18,11.24,--,1,1124,卖盘
2020,11:19:15,11.24,--,14,16432,卖盘
2021,11:19:12,11.24,--,29,32944,卖盘
2022,11:19:09,11.24,-0.01,1,1124,卖盘
2023,11:19:06,11.25,0.01,13,14625,买盘
2024,11:19:00,11.24,-0.02,6,6744,卖盘
2025,11:18:57,11.26,0.02,500,563000,买盘
2026,11:18:54,11.24,-0.01,1,1124,卖盘
2027,11:18:51,11.25,--,7,7875,买盘
2028,11:18:48,11.25,0.01,25,28125,买盘
2029,11:18:42,11.24,--,1,1124,卖盘
2030,11:18:39,11.24,--,1,1124,卖盘
2031,11:18:36,11.24,-0.01,7,7868,卖盘
2032,11:18:27,11.25,--,21,23625,卖盘
2033,11:18:24,11.25,0.01,1,1125,买盘
2034,11:18:21,11.24,-0.01,2,2248,卖盘
2035,11:18:15,11.25,0.01,61,69716,买盘
2036,11:18:12,11.24,--,2,2248,卖盘
2037,11:18:09,11.24,--,22,25807,卖盘
2038,11:18:06,11.24,-0.01,1,1124,卖盘
2039,11:18:03,11.25,0.01,10,11250,买盘
2040,11:18:00,11.24,-0.01,6,6744,卖盘
2041,11:17:57,11.25,--,33,37125,卖盘
2042,11:17:54,11.25,--,1,1125,卖盘
2043,11:17:51,11.25,-0.01,2,2250,卖盘
2044,11:17:48,11.26,--,2,2252,买盘
2045,11:17:42,11.26,--,7,7882,买盘
2046,11:17:36,11.26,0.01,1,1126,买盘
2047,11:17:33,11.25,0.01,3,3375,买盘
2048,11:17:30,11.24,--,2,2248,卖盘
2049,11:17:21,11.24,--,1,1124,卖盘
2050,11:17:15,11.24,--,4,4496,卖盘
2051,11:17:12,11.24,--,13,14926,卖盘
2052,11:17:09,11.24,-0.02,47,53558,卖盘
2053,11:17:06,11.26,0.02,8,9008,买盘
2054,11:17:00,11.24,-0.02,2,2248,卖盘
2055,11:16:57,11.26,0.02,7,7882,买盘
2056,11:16:54,11.24,-0.01,1,1124,卖盘
2057,11:16:51,11.25,-0.01,2,2868,卖盘
2058,11:16:48,11.26,--,2,2252,买盘
2059,11:16:45,11.26,0.01,1,1126,买盘
2060,11:16:42,11.25,0.01,19,21881,买盘
2061,11:16:36,11.24,-0.01,16,17984,卖盘
2062,11:16:33,11.25,0.01,25,28125,买盘
2063,11:16:30,11.24,-0.01,1,1124,卖盘
2064,11:16:27,11.25,--,4,4500,买盘
2065,11:16:24,11.25,0.01,7,7875,买盘
2066,11:16:21,11.24,-0.01,2,2248,卖盘
2067,11:16:18,11.25,--,5,6333,卖盘
2068,11:16:15,11.25,--,6,6750,卖盘
2069,11:16:12,11.25,--,13,15041,卖盘
2070,11:16:09,11.25,0.01,27,31005,中性盘
2071,11:16:00,11.24,-0.02,1,1124,卖盘
2072,11:15:57,11.26,--,5,5630,买盘
2073,11:15:51,11.26,0.02,802,903052,买盘
2074,11:15:42,11.24,--,1,1124,卖盘
2075,11:15:39,11.24,--,3,3372,卖盘
2076,11:15:36,11.24,--,1,1124,卖盘
2077,11:15:30,11.24,-0.01,67,75308,卖盘
2078,11:15:27,11.25,0.01,4,4500,买盘
2079,11:15:21,11.24,-0.01,3,3372,卖盘
2080,11:15:18,11.25,0.01,27,30375,买盘
2081,11:15:15,11.24,-0.01,4,4496,卖盘
2082,11:15:12,11.25,0.01,3,3375,买盘
2083,11:15:09,11.24,--,23,26503,卖盘
2084,11:15:06,11.24,--,21,23997,卖盘
2085,11:15:03,11.24,--,1,1124,卖盘
2086,11:15:00,11.24,-0.01,2,2248,卖盘
2087,11:14:57,11.25,--,5,5625,买盘
2088,11:14:54,11.25,--,8,9000,买盘
2089,11:14:45,11.25,0.01,8,9000,买盘
2090,11:14:39,11.24,--,3,3372,卖盘
2091,11:14:36,11.24,-0.01,31,34844,卖盘
2092,11:14:33,11.25,0.01,35,39375,买盘
2093,11:14:30,11.24,-0.01,14,15736,卖盘
2094,11:14:27,11.25,--,168,189000,买盘
2095,11:14:24,11.25,--,7,7875,买盘
2096,11:14:21,11.25,--,8,9000,买盘
2097,11:14:15,11.25,--,3,3375,买盘
2098,11:14:12,11.25,0.01,15,16875,买盘
2099,11:14:09,11.24,--,16,18085,卖盘
2100,11:14:06,11.24,--,50,56200,卖盘
2101,11:14:03,11.24,-0.01,21,24548,卖盘
2102,11:14:00,11.25,--,11,12375,买盘
2103,11:13:57,11.25,0.01,1,1125,买盘
2104,11:13:54,11.24,--,1,1124,卖盘
2105,11:13:51,11.24,-0.01,2,2248,卖盘
2106,11:13:48,11.25,0.01,8,9000,买盘
2107,11:13:42,11.24,-0.01,1,1124,卖盘
2108,11:13:39,11.25,0.01,7,7875,买盘
2109,11:13:36,11.24,--,1,1124,卖盘
2110,11:13:33,11.24,--,1,1124,卖盘
2111,11:13:30,11.24,-0.01,10,11240,卖盘
2112,11:13:21,11.25,--,7,7875,买盘
2113,11:13:15,11.25,0.01,12,13500,买盘
2114,11:13:12,11.24,--,16,17984,卖盘
2115,11:13:09,11.24,--,1,1124,卖盘
2116,11:13:06,11.24,-0.01,312,351058,卖盘
2117,11:13:03,11.25,0.01,35,40050,买盘
2118,11:13:00,11.24,-0.01,2,2248,卖盘
2119,11:12:54,11.25,0.01,13,14625,买盘
2120,11:12:51,11.24,-0.01,9,10116,卖盘
2121,11:12:48,11.25,--,14,15750,买盘
2122,11:12:45,11.25,-0.01,10,11250,卖盘
2123,11:12:42,11.26,0.01,50,56300,买盘
2124,11:12:39,11.25,--,2,2250,卖盘
2125,11:12:36,11.25,-0.01,8,9000,卖盘
2126,11:12:33,11.26,0.01,7,7882,买盘
2127,11:12:30,11.25,--,34,38250,卖盘
2128,11:12:24,11.25,--,9,10125,卖盘
2129,11:12:21,11.25,--,2,2250,卖盘
2130,11:12:15,11.25,--,112,126000,买盘
2131,11:12:12,11.25,0.01,8,9000,买盘
2132,11:12:09,11.24,--,4,4496,卖盘
2133,11:12:06,11.24,-0.02,94,106690,卖盘
2134,11:12:03,11.26,0.02,9,10134,买盘
2135,11:12:00,11.24,-0.01,24,26987,卖盘
2136,11:11:57,11.25,0.01,7,7875,买盘
2137,11:11:54,11.24,-0.01,1,1124,卖盘
2138,11:11:51,11.25,--,302,339750,买盘
2139,11:11:48,11.25,0.01,8,9000,买盘
2140,11:11:45,11.24,--,5,5620,卖盘
2141,11:11:39,11.24,-0.01,2,2248,卖盘
2142,11:11:36,11.25,--,9,10125,买盘
2143,11:11:33,11.25,0.01,5,5625,买盘
2144,11:11:30,11.24,-0.01,2,2248,卖盘
2145,11:11:24,11.25,0.01,15,16875,买盘
2146,11:11:21,11.24,--,506,568744,卖盘
2147,11:11:18,11.24,--,10,11240,卖盘
2148,11:11:15,11.24,--,8,8992,卖盘
2149,11:11:03,11.24,--,24,27414,卖盘
2150,11:11:00,11.24,-0.01,24,27582,卖盘
2151,11:10:51,11.25,--,9,10125,买盘
2152,11:10:45,11.25,--,90,101250,买盘
2153,11:10:42,11.25,0.01,14,15750,买盘
2154,11:10:39,11.24,--,2,2248,卖盘
2155,11:10:36,11.24,-0.01,8,8992,卖盘
2156,11:10:33,11.25,0.01,9,10125,买盘
2157,11:10:30,11.24,-0.01,2,2248,卖盘
2158,11:10:24,11.25,--,9,10125,买盘
2159,11:10:21,11.25,--,8,9000,买盘
2160,11:10:18,11.25,0.01,4,4500,买盘
2161,11:10:15,11.24,-0.01,4,4496,卖盘
2162,11:10:12,11.25,0.01,9,10125,买盘
2163,11:10:09,11.24,--,16,17984,卖盘
2164,11:10:06,11.24,--,1,1124,卖盘
2165,11:10:03,11.24,-0.01,10,12026,卖盘
2166,11:10:00,11.25,0.01,9,10125,买盘
2167,11:09:57,11.24,-0.01,25,28358,卖盘
2168,11:09:54,11.25,0.01,8,9000,买盘
2169,11:09:51,11.24,-0.01,2,2248,卖盘
2170,11:09:48,11.25,--,8,9000,买盘
2171,11:09:42,11.25,0.01,2,2250,买盘
2172,11:09:39,11.24,-0.01,12,13488,卖盘
2173,11:09:36,11.25,0.01,8,9000,买盘
2174,11:09:30,11.24,-0.01,10,11240,卖盘
2175,11:09:27,11.25,--,8,9000,买盘
2176,11:09:24,11.25,0.01,23,25875,买盘
2177,11:09:21,11.24,-0.01,2,2248,卖盘
2178,11:09:15,11.25,--,9,10125,买盘
2179,11:09:12,11.25,--,1,1125,买盘
2180,11:09:09,11.25,0.01,6,6750,买盘
2181,11:09:03,11.24,--,35,39340,卖盘
2182,11:09:00,11.24,--,14,16612,卖盘
2183,11:08:57,11.24,-0.01,23,26020,卖盘
2184,11:08:54,11.25,0.01,9,10125,买盘
2185,11:08:51,11.24,--,1,1124,卖盘
2186,11:08:45,11.24,-0.01,5,5620,卖盘
2187,11:08:42,11.25,--,7,7875,买盘
2188,11:08:39,11.25,0.01,3,3375,买盘
2189,11:08:36,11.24,-0.01,1,1124,卖盘
2190,11:08:33,11.25,--,3,3375,买盘
2191,11:08:30,11.25,0.01,10,11250,买盘
2192,11:08:27,11.24,-0.01,99,111276,卖盘
2193,11:08:24,11.25,0.01,1,1125,买盘
2194,11:08:21,11.24,--,1,1124,卖盘
2195,11:08:18,11.24,-0.01,8,8992,卖盘
2196,11:08:12,11.25,0.01,5,5625,买盘
2197,11:08:09,11.24,-0.01,16,17984,卖盘
2198,11:08:06,11.25,--,3,3375,买盘
2199,11:08:03,11.25,--,13,14625,买盘
2200,11:08:00,11.25,--,19,21498,买盘
2201,11:07:57,11.25,0.01,32,36922,买盘
2202,11:07:54,11.24,--,1,1124,卖盘
2203,11:07:51,11.24,-0.01,2,2248,卖盘
2204,11:07:48,11.25,0.01,9,10125,买盘
2205,11:07:39,11.24,-0.01,9,10116,卖盘
2206,11:07:36,11.25,--,44,49500,买盘
2207,11:07:27,11.25,0.01,7,7875,买盘
2208,11:07:21,11.24,--,17,19108,卖盘
2209,11:07:18,11.24,-0.01,151,169724,卖盘
2210,11:07:12,11.25,0.01,14,15750,买盘
2211,11:07:09,11.24,-0.01,1,1124,卖盘
2212,11:07:06,11.25,--,5,5625,买盘
2213,11:07:03,11.25,0.01,7,7875,买盘
2214,11:07:00,11.24,--,10,11240,卖盘
2215,11:06:57,11.24,--,12,14184,卖盘
2216,11:06:54,11.24,--,25,28448,卖盘
2217,11:06:51,11.24,-0.01,9,10116,卖盘
2218,11:06:48,11.25,--,5,5625,买盘
2219,11:06:42,11.25,0.01,9,10125,买盘
2220,11:06:39,11.24,-0.01,2,2248,卖盘
2221,11:06:36,11.25,0.01,8,9000,买盘
2222,11:06:33,11.24,--,47,52828,卖盘
2223,11:06:30,11.24,-0.01,9,10116,卖盘
2224,11:06:21,11.25,0.01,20,22500,买盘
2225,11:06:15,11.24,--,2,2248,卖盘
2226,11:06:12,11.24,--,1,1124,卖盘
2227,11:06:09,11.24,-0.01,3,3372,卖盘
2228,11:06:06,11.25,--,4,4500,买盘
2229,11:06:03,11.25,--,19,21375,买盘
2230,11:06:00,11.25,0.01,30,33750,买盘
2231,11:05:57,11.24,--,43,48410,卖盘
2232,11:05:54,11.24,--,30,34686,卖盘
2233,11:05:51,11.24,-0.01,2,2248,卖盘
2234,11:05:45,11.25,--,2,2250,买盘
2235,11:05:39,11.25,0.01,1,1125,买盘
2236,11:05:36,11.24,-0.01,5,5620,卖盘
2237,11:05:33,11.25,--,25,28125,买盘
2238,11:05:30,11.25,0.01,56,63000,买盘
2239,11:05:27,11.24,--,1,1124,卖盘
2240,11:05:24,11.24,-0.01,30,33720,卖盘
2241,11:05:21,11.25,0.01,10,11250,买盘
2242,11:05:18,11.24,-0.01,2,2248,卖盘
2243,11:05:15,11.25,--,9,10125,买盘
2244,11:05:12,11.25,--,20,22500,买盘
2245,11:05:06,11.25,--,13,14625,买盘
2246,11:05:03,11.25,0.01,37,41625,买盘
2247,11:05:00,11.24,-0.01,2,2248,卖盘
2248,11:04:57,11.25,0.01,14,15750,买盘
2249,11:04:54,11.24,--,11,13386,卖盘
2250,11:04:51,11.24,-0.01,60,67462,卖盘
2251,11:04:48,11.25,--,7,7875,买盘
2252,11:04:45,11.25,0.01,7,7875,买盘
2253,11:04:39,11.24,-0.01,3,3372,卖盘
2254,11:04:36,11.25,--,7,7875,买盘
2255,11:04:33,11.25,0.01,28,31500,买盘
2256,11:04:30,11.24,-0.02,2,2248,卖盘
2257,11:04:27,11.26,0.01,50,56300,买盘
2258,11:04:24,11.25,--,38,43357,卖盘
2259,11:04:21,11.25,--,2,2250,卖盘
2260,11:04:18,11.25,--,1,1125,卖盘
2261,11:04:15,11.25,-0.01,86,96750,卖盘
2262,11:04:12,11.26,0.01,33,37158,买盘
2263,11:04:09,11.25,--,10,11250,卖盘
2264,11:04:06,11.25,-0.01,483,543375,卖盘
2265,11:04:03,11.26,0.01,48,54048,买盘
2266,11:04:00,11.25,--,1,1125,卖盘
2267,11:03:57,11.25,--,8,9000,卖盘
2268,11:03:54,11.25,--,1,1125,卖盘
2269,11:03:51,11.25,-0.01,49,56171,卖盘
2270,11:03:48,11.26,0.01,2,2252,买盘
2271,11:03:39,11.25,--,11,12375,卖盘
2272,11:03:36,11.25,--,5,5625,卖盘
2273,11:03:33,11.25,--,1,1125,卖盘
2274,11:03:30,11.25,-0.01,4,4500,卖盘
2275,11:03:27,11.26,--,13,14638,买盘
2276,11:03:24,11.26,0.01,3,3378,买盘
2277,11:03:21,11.25,--,13,14625,卖盘
2278,11:03:18,11.25,-0.01,11,12375,卖盘
2279,11:03:15,11.26,0.01,8,9008,买盘
2280,11:03:12,11.25,--,5,5625,卖盘
2281,11:03:09,11.25,-0.01,2,2250,卖盘
2282,11:03:06,11.26,0.01,7,7882,买盘
2283,11:03:03,11.25,--,3,3375,卖盘
2284,11:03:00,11.25,-0.01,2,2250,卖盘
2285,11:02:57,11.26,0.01,2,2252,买盘
2286,11:02:54,11.25,--,10,11250,卖盘
2287,11:02:51,11.25,--,35,40421,卖盘
2288,11:02:48,11.25,-0.01,2,2250,卖盘
2289,11:02:45,11.26,--,8,9008,买盘
2290,11:02:39,11.26,0.01,2,2252,买盘
2291,11:02:36,11.25,-0.01,1,1125,卖盘
2292,11:02:33,11.26,0.01,8,9008,买盘
2293,11:02:30,11.25,--,3,3375,卖盘
2294,11:02:27,11.25,-0.01,1,1125,卖盘
2295,11:02:24,11.26,--,8,9008,买盘
2296,11:02:21,11.26,0.01,7,7882,买盘
2297,11:02:18,11.25,--,2,2250,卖盘
2298,11:02:12,11.25,--,16,18000,卖盘
2299,11:02:09,11.25,-0.01,13,14625,卖盘
2300,11:02:06,11.26,--,5,5630,买盘
2301,11:02:03,11.26,--,1,1126,买盘
2302,11:02:00,11.26,0.01,59,66434,买盘
2303,11:01:54,11.25,-0.01,6,6750,卖盘
2304,11:01:51,11.26,0.01,18,20797,买盘
2305,11:01:48,11.25,--,2,2250,卖盘
2306,11:01:45,11.25,-0.01,25,28642,卖盘
2307,11:01:42,11.26,0.01,6,6756,买盘
2308,11:01:39,11.25,--,2,2250,卖盘
2309,11:01:36,11.25,--,103,115875,卖盘
2310,11:01:33,11.25,-0.01,1,1125,卖盘
2311,11:01:30,11.26,--,4,4504,买盘
2312,11:01:24,11.26,0.01,8,9008,买盘
2313,11:01:21,11.25,--,17,19125,卖盘
2314,11:01:18,11.25,-0.01,5,5625,卖盘
2315,11:01:12,11.26,0.01,9,10134,买盘
2316,11:01:09,11.25,--,10,11250,卖盘
2317,11:01:06,11.25,-0.01,1,1125,卖盘
2318,11:01:03,11.26,0.01,8,9008,买盘
2319,11:01:00,11.25,-0.01,9,10125,卖盘
2320,11:00:57,11.26,0.01,55,61930,买盘
2321,11:00:54,11.25,-0.01,2,2250,卖盘
2322,11:00:51,11.26,0.01,19,21394,买盘
2323,11:00:48,11.25,-0.01,46,52796,卖盘
2324,11:00:42,11.26,0.01,9,10134,买盘
2325,11:00:39,11.25,-0.01,2,2250,卖盘
2326,11:00:33,11.26,0.01,6,6756,买盘
2327,11:00:30,11.25,-0.01,50,56250,卖盘
2328,11:00:21,11.26,--,9,10134,买盘
2329,11:00:18,11.26,0.01,6,6756,买盘
2330,11:00:15,11.25,--,4,4500,卖盘
2331,11:00:09,11.25,-0.01,12,13500,卖盘
2332,11:00:06,11.26,0.01,31,34906,买盘
2333,11:00:00,11.25,-0.01,1,1125,卖盘
2334,10:59:57,11.26,0.01,8,9008,买盘
2335,10:59:54,11.25,-0.01,68,76500,卖盘
2336,10:59:51,11.26,0.01,12,13512,买盘
2337,10:59:48,11.25,-0.01,14,15750,卖盘
2338,10:59:45,11.26,0.01,73,82659,买盘
2339,10:59:42,11.25,--,40,45585,卖盘
2340,10:59:39,11.25,-0.01,2,2250,卖盘
2341,10:59:36,11.26,--,11,12386,买盘
2342,10:59:33,11.26,--,26,29276,买盘
2343,10:59:30,11.26,--,4,4504,买盘
2344,10:59:27,11.26,--,111,124986,买盘
2345,10:59:24,11.26,0.01,1,1126,买盘
2346,10:59:18,11.25,--,6,6750,卖盘
2347,10:59:15,11.25,-0.01,4,4500,卖盘
2348,10:59:12,11.26,0.01,16,18016,买盘
2349,10:59:09,11.25,-0.01,3,3375,卖盘
2350,10:59:06,11.26,0.01,3,3378,买盘
2351,10:59:03,11.25,-0.01,45,50625,卖盘
2352,10:59:00,11.26,--,3,3378,买盘
2353,10:58:54,11.26,0.01,58,65308,买盘
2354,10:58:51,11.25,--,32,36000,卖盘
2355,10:58:48,11.25,--,12,13500,卖盘
2356,10:58:45,11.25,--,11,13230,卖盘
2357,10:58:42,11.25,-0.01,25,28316,卖盘
2358,10:58:39,11.26,0.01,19,21394,买盘
2359,10:58:36,11.25,-0.01,11,12375,卖盘
2360,10:58:33,11.26,0.01,60,67560,买盘
2361,10:58:30,11.25,-0.01,12,13500,卖盘
2362,10:58:27,11.26,0.01,8,9008,买盘
2363,10:58:21,11.25,-0.01,2,2250,卖盘
2364,10:58:18,11.26,0.01,14,15764,买盘
2365,10:58:15,11.25,-0.01,6,6750,卖盘
2366,10:58:12,11.26,0.01,1,1126,买盘
2367,10:58:09,11.25,-0.01,19,21375,卖盘
2368,10:58:03,11.26,0.01,3,3378,买盘
2369,10:58:00,11.25,-0.01,2,2250,卖盘
2370,10:57:57,11.26,0.01,9,10134,买盘
2371,10:57:51,11.25,--,37,41625,卖盘
2372,10:57:48,11.25,-0.01,9,10125,卖盘
2373,10:57:45,11.26,0.01,4,4504,买盘
2374,10:57:42,11.25,--,35,40421,卖盘
2375,10:57:39,11.25,--,2,2250,卖盘
2376,10:57:36,11.25,-0.01,44,49500,卖盘
2377,10:57:33,11.26,0.01,9,10134,买盘
2378,10:57:30,11.25,-0.01,3,3948,卖盘
2379,10:57:24,11.26,--,16,18016,买盘
2380,10:57:21,11.26,--,114,128364,买盘
2381,10:57:15,11.26,--,10,11260,买盘
2382,10:57:12,11.26,0.01,9,10134,买盘
2383,10:57:09,11.25,-0.01,2,2250,卖盘
2384,10:57:06,11.26,0.01,1,1126,买盘
2385,10:57:03,11.25,-0.01,1,1125,卖盘
2386,10:57:00,11.26,0.01,10,11260,买盘
2387,10:56:54,11.25,--,34,38250,卖盘
2388,10:56:51,11.25,-0.01,2,2250,卖盘
2389,10:56:42,11.26,0.01,23,26539,买盘
2390,10:56:39,11.25,-0.01,35,39780,卖盘
2391,10:56:36,11.26,0.01,2,2252,买盘
2392,10:56:33,11.25,--,61,68625,卖盘
2393,10:56:30,11.25,-0.01,2,2250,卖盘
2394,10:56:24,11.26,--,2,3130,买盘
2395,10:56:21,11.26,--,7,7882,买盘
2396,10:56:12,11.26,0.01,7,7882,买盘
2397,10:56:09,11.25,--,2,2250,卖盘
2398,10:56:03,11.25,-0.01,4,4500,卖盘
2399,10:56:00,11.26,0.01,11,12386,买盘
2400,10:55:57,11.25,--,1,1125,卖盘
2401,10:55:54,11.25,--,26,29250,卖盘
2402,10:55:51,11.25,--,2,2250,卖盘
2403,10:55:42,11.25,--,13,14940,卖盘
2404,10:55:39,11.25,--,24,27731,卖盘
2405,10:55:36,11.25,-0.01,1,1125,卖盘
2406,10:55:33,11.26,0.01,80,90080,买盘
2407,10:55:30,11.25,--,66,74250,卖盘
2408,10:55:27,11.25,--,1,1991,卖盘
2409,10:55:21,11.25,--,2,2250,卖盘
2410,10:55:15,11.25,--,1,1125,卖盘
2411,10:55:12,11.25,-0.01,13,14625,卖盘
2412,10:55:09,11.26,0.01,9,10134,买盘
2413,10:55:00,11.25,--,6,6750,卖盘
2414,10:54:57,11.25,--,3,3375,卖盘
2415,10:54:54,11.25,--,2,2250,卖盘
2416,10:54:51,11.25,--,6,6750,卖盘
2417,10:54:39,11.25,--,37,42671,卖盘
2418,10:54:30,11.25,-0.01,2,2250,卖盘
2419,10:54:27,11.26,0.01,5,5630,买盘
2420,10:54:21,11.25,--,5,5625,卖盘
2421,10:54:18,11.25,--,1,1125,卖盘
2422,10:54:15,11.25,--,1,1125,卖盘
2423,10:54:09,11.25,--,33,37125,卖盘
2424,10:54:03,11.25,--,1,1125,卖盘
2425,10:54:00,11.25,-0.01,7,7875,卖盘
2426,10:53:57,11.26,0.01,2,2252,买盘
2427,10:53:54,11.25,--,3,3375,卖盘
2428,10:53:51,11.25,-0.01,2,2250,卖盘
2429,10:53:48,11.26,--,9,10134,买盘
2430,10:53:45,11.26,0.01,36,40536,买盘
2431,10:53:42,11.25,--,66,74250,卖盘
2432,10:53:39,11.25,-0.01,16,18562,卖盘
2433,10:53:33,11.26,0.01,61,69170,买盘
2434,10:53:30,11.25,-0.01,2,2250,卖盘
2435,10:53:27,11.26,0.01,2,2252,买盘
2436,10:53:21,11.25,--,1,1125,卖盘
2437,10:53:15,11.25,-0.01,1,1125,卖盘
2438,10:53:12,11.26,0.01,5,5630,买盘
2439,10:53:09,11.25,--,2,2250,卖盘
2440,10:53:06,11.25,--,11,12375,卖盘
2441,10:53:03,11.25,--,1,1125,卖盘
2442,10:53:00,11.25,--,2,2250,卖盘
2443,10:52:51,11.25,-0.01,2,2250,卖盘
2444,10:52:48,11.26,0.01,44,49544,买盘
2445,10:52:42,11.25,--,2,2250,卖盘
2446,10:52:39,11.25,--,12,13500,卖盘
2447,10:52:36,11.25,-0.01,40,46046,卖盘
2448,10:52:33,11.26,0.01,5,5630,买盘
2449,10:52:30,11.25,--,3,3375,卖盘
2450,10:52:24,11.25,--,1,1125,卖盘
2451,10:52:18,11.25,--,2,2250,卖盘
2452,10:52:15,11.25,--,1,1125,卖盘
2453,10:52:09,11.25,--,3,3375,卖盘
2454,10:52:06,11.25,--,2,2250,卖盘
2455,10:52:03,11.25,--,1,1125,卖盘
2456,10:52:00,11.25,-0.01,1,1125,卖盘
2457,10:51:57,11.26,0.01,5,5630,买盘
2458,10:51:54,11.25,--,5,5625,卖盘
2459,10:51:51,11.25,--,2,2250,卖盘
2460,10:51:39,11.25,--,2,2250,卖盘
2461,10:51:36,11.25,--,38,43042,卖盘
2462,10:51:33,11.25,-0.01,22,25503,卖盘
2463,10:51:30,11.26,0.01,22,24772,买盘
2464,10:51:27,11.25,-0.01,4,4500,卖盘
2465,10:51:24,11.26,--,3,3378,买盘
2466,10:51:21,11.26,0.01,3,3378,买盘
2467,10:51:18,11.25,--,1,1125,卖盘
2468,10:51:15,11.25,--,8,9000,卖盘
2469,10:51:09,11.25,-0.01,2,2250,卖盘
2470,10:51:06,11.26,--,21,23646,买盘
2471,10:51:03,11.26,0.01,6,6756,买盘
2472,10:51:00,11.25,-0.01,71,79875,卖盘
2473,10:50:57,11.26,0.01,2,2252,买盘
2474,10:50:54,11.25,-0.01,1,1125,卖盘
2475,10:50:51,11.26,0.01,19,21394,买盘
2476,10:50:48,11.25,-0.01,2,2250,卖盘
2477,10:50:42,11.26,--,8,9008,买盘
2478,10:50:39,11.26,0.01,28,31528,买盘
2479,10:50:36,11.25,--,5,5625,卖盘
2480,10:50:33,11.25,--,69,78345,卖盘
2481,10:50:30,11.25,--,25,28451,卖盘
2482,10:50:27,11.25,--,1,1125,卖盘
2483,10:50:24,11.25,--,2,2250,卖盘
2484,10:50:18,11.25,--,3,3375,卖盘
2485,10:50:09,11.25,-0.01,22,24750,卖盘
2486,10:50:06,11.26,--,3,3378,买盘
2487,10:50:03,11.26,0.01,11,12386,买盘
2488,10:50:00,11.25,-0.01,2,2250,卖盘
2489,10:49:57,11.26,0.01,24,27024,买盘
2490,10:49:54,11.25,-0.01,11,12375,卖盘
2491,10:49:51,11.26,0.01,149,167774,买盘
2492,10:49:48,11.25,-0.01,2,2250,卖盘
2493,10:49:45,11.26,0.01,1,1126,买盘
2494,10:49:39,11.25,--,2,2250,卖盘
2495,10:49:36,11.25,--,1,1125,卖盘
2496,10:49:33,11.25,--,14,16481,卖盘
2497,10:49:30,11.25,--,38,43065,卖盘
2498,10:49:27,11.25,--,1,1125,卖盘
2499,10:49:18,11.25,-0.01,31,34875,卖盘
2500,10:49:15,11.26,--,1,1126,买盘
2501,10:49:12,11.26,--,1,1126,买盘
2502,10:49:09,11.26,--,8,9008,买盘
2503,10:49:06,11.26,0.01,22,24772,买盘
2504,10:49:03,11.25,--,36,40500,卖盘
2505,10:49:00,11.25,-0.01,15,16875,卖盘
2506,10:48:57,11.26,0.01,18,20268,买盘
2507,10:48:54,11.25,--,26,29250,卖盘
2508,10:48:48,11.25,-0.01,34,38250,卖盘
2509,10:48:45,11.26,--,20,22520,买盘
2510,10:48:42,11.26,--,1,1126,买盘
2511,10:48:39,11.26,--,16,18016,买盘
2512,10:48:36,11.26,0.01,6,6756,买盘
2513,10:48:33,11.25,--,12,14478,卖盘
2514,10:48:30,11.25,-0.01,26,29317,卖盘
2515,10:48:27,11.26,0.01,4,4504,买盘
2516,10:48:21,11.25,--,10,11250,卖盘
2517,10:48:18,11.25,--,6,6750,卖盘
2518,10:48:15,11.25,--,1,1125,卖盘
2519,10:48:12,11.25,--,10,11250,卖盘
2520,10:48:09,11.25,--,2,2250,卖盘
2521,10:48:06,11.25,-0.01,60,67500,卖盘
2522,10:48:03,11.26,0.01,114,128364,买盘
2523,10:48:00,11.25,--,1,1125,卖盘
2524,10:47:57,11.25,--,11,12375,卖盘
2525,10:47:54,11.25,--,9,10125,卖盘
2526,10:47:51,11.25,--,1,1125,卖盘
2527,10:47:48,11.25,-0.01,2,2250,卖盘
2528,10:47:42,11.26,0.01,1,1126,买盘
2529,10:47:39,11.25,-0.01,2,2250,卖盘
2530,10:47:36,11.26,0.01,11,12386,买盘
2531,10:47:30,11.25,--,16,18258,卖盘
2532,10:47:27,11.25,--,21,24412,卖盘
2533,10:47:18,11.25,--,2,2250,卖盘
2534,10:47:15,11.25,--,9,10125,卖盘
2535,10:47:12,11.25,--,1,1125,卖盘
2536,10:47:09,11.25,--,2,2250,卖盘
2537,10:47:06,11.25,-0.01,8,9000,卖盘
2538,10:47:03,11.26,0.01,5,5630,买盘
2539,10:47:00,11.25,-0.01,2,2250,卖盘
2540,10:46:57,11.26,0.01,4,4504,买盘
2541,10:46:54,11.25,--,19,21375,卖盘
2542,10:46:48,11.25,-0.01,2,2250,卖盘
2543,10:46:45,11.26,0.01,6,6756,买盘
2544,10:46:39,11.25,--,1,1125,卖盘
2545,10:46:36,11.25,-0.01,8,9000,卖盘
2546,10:46:30,11.26,0.01,37,41887,买盘
2547,10:46:27,11.25,--,24,27821,卖盘
2548,10:46:18,11.25,--,25,28125,卖盘
2549,10:46:15,11.25,--,38,42750,卖盘
2550,10:46:12,11.25,-0.01,52,58500,卖盘
2551,10:46:09,11.26,0.01,6,6756,买盘
2552,10:46:03,11.25,-0.01,1,1125,卖盘
2553,10:46:00,11.26,0.01,12,13512,买盘
2554,10:45:54,11.25,--,20,22500,卖盘
2555,10:45:51,11.25,--,38,42750,卖盘
2556,10:45:48,11.25,-0.01,2,2250,卖盘
2557,10:45:45,11.26,0.01,19,21394,买盘
2558,10:45:42,11.25,--,0,900,卖盘
2559,10:45:39,11.25,--,2,2250,卖盘
2560,10:45:36,11.25,--,1,1125,卖盘
2561,10:45:30,11.25,--,8,9000,卖盘
2562,10:45:27,11.25,--,21,23670,卖盘
2563,10:45:24,11.25,--,24,28001,卖盘
2564,10:45:18,11.25,-0.01,1,1125,卖盘
2565,10:45:12,11.26,0.01,30,33780,买盘
2566,10:45:09,11.25,-0.01,2,2250,卖盘
2567,10:45:03,11.26,--,1,1126,买盘
2568,10:45:00,11.26,0.01,7,7882,买盘
2569,10:44:57,11.25,--,5,5625,卖盘
2570,10:44:54,11.25,--,39,43875,卖盘
2571,10:44:48,11.25,--,2,2250,卖盘
2572,10:44:45,11.25,--,17,19125,卖盘
2573,10:44:42,11.25,--,104,117000,卖盘
2574,10:44:39,11.25,--,2,2250,卖盘
2575,10:44:36,11.25,-0.01,3,3375,卖盘
2576,10:44:33,11.26,--,6,6756,买盘
2577,10:44:30,11.26,0.01,50,56300,买盘
2578,10:44:27,11.25,--,12,13680,卖盘
2579,10:44:24,11.25,-0.01,31,35741,卖盘
2580,10:44:21,11.26,0.01,1,1126,买盘
2581,10:44:18,11.25,--,7,7875,卖盘
2582,10:44:09,11.25,-0.02,2,2250,卖盘
2583,10:44:03,11.27,0.02,6,6762,买盘
2584,10:43:57,11.25,--,77,86625,卖盘
2585,10:43:54,11.25,--,102,114750,卖盘
2586,10:43:51,11.25,--,6,6750,卖盘
2587,10:43:48,11.25,--,22,24750,卖盘
2588,10:43:42,11.25,--,8,9000,卖盘
2589,10:43:39,11.25,--,8,9000,卖盘
2590,10:43:36,11.25,0.01,82,92250,买盘
2591,10:43:33,11.24,--,8,8992,卖盘
2592,10:43:30,11.24,--,8,8992,卖盘
2593,10:43:27,11.24,--,93,105228,卖盘
2594,10:43:24,11.24,--,16,17984,卖盘
2595,10:43:21,11.24,--,23,26200,卖盘
2596,10:43:18,11.24,-0.01,515,579658,卖盘
2597,10:43:15,11.25,--,1,1125,卖盘
2598,10:43:12,11.25,--,14,15750,卖盘
2599,10:43:09,11.25,-0.01,2,2250,卖盘
2600,10:43:06,11.26,--,4,4504,买盘
2601,10:43:03,11.26,--,155,174530,卖盘
2602,10:43:00,11.26,0.01,365,410990,买盘
2603,10:42:57,11.25,--,2,2250,卖盘
2604,10:42:54,11.25,--,30,33750,卖盘
2605,10:42:48,11.25,--,2,2250,卖盘
2606,10:42:39,11.25,--,2,2250,卖盘
2607,10:42:36,11.25,-0.01,6,6750,卖盘
2608,10:42:30,11.26,0.01,1,1126,买盘
2609,10:42:27,11.25,--,2,2250,卖盘
2610,10:42:24,11.25,--,22,25695,卖盘
2611,10:42:21,11.25,--,24,27101,卖盘
2612,10:42:18,11.25,--,2,2250,卖盘
2613,10:42:15,11.25,-0.01,1,1125,卖盘
2614,10:42:12,11.26,0.01,30,33780,买盘
2615,10:42:09,11.25,-0.01,2,2250,卖盘
2616,10:42:00,11.26,0.01,1,1126,买盘
2617,10:41:57,11.25,--,2,2250,卖盘
2618,10:41:54,11.25,--,19,21375,卖盘
2619,10:41:51,11.25,--,8,9000,卖盘
2620,10:41:48,11.25,-0.01,4,4500,卖盘
2621,10:41:45,11.26,0.01,2,2252,中性盘
2622,10:41:42,11.25,-0.01,13,14625,卖盘
2623,10:41:39,11.26,0.01,11,12386,买盘
2624,10:41:36,11.25,--,10,11250,卖盘
2625,10:41:27,11.25,--,2,2250,卖盘
2626,10:41:24,11.25,--,14,15986,卖盘
2627,10:41:21,11.25,--,1,1125,卖盘
2628,10:41:18,11.25,--,22,25560,卖盘
2629,10:41:15,11.25,--,1,1125,卖盘
2630,10:41:12,11.25,-0.01,9,10125,卖盘
2631,10:41:09,11.26,0.01,3,3378,买盘
2632,10:41:00,11.25,--,2,2250,卖盘
2633,10:40:54,11.25,--,24,27000,卖盘
2634,10:40:48,11.25,--,2,2250,卖盘
2635,10:40:42,11.25,--,24,27000,卖盘
2636,10:40:39,11.25,--,3,3375,卖盘
2637,10:40:36,11.25,-0.01,1,1125,卖盘
2638,10:40:33,11.26,-0.01,30,33780,卖盘
2639,10:40:30,11.27,0.01,5,5635,买盘
2640,10:40:27,11.26,--,1,1126,卖盘
2641,10:40:24,11.26,0.01,2,2252,买盘
2642,10:40:21,11.25,--,12,14467,卖盘
2643,10:40:18,11.25,--,25,28203,卖盘
2644,10:40:15,11.25,--,10,11250,卖盘
2645,10:40:12,11.25,--,6,6750,卖盘
2646,10:40:09,11.25,--,4,4500,卖盘
2647,10:40:06,11.25,-0.01,1,1125,卖盘
2648,10:40:03,11.26,--,73,82355,卖盘
2649,10:40:00,11.26,--,1,1126,卖盘
2650,10:39:54,11.26,--,19,21394,卖盘
2651,10:39:48,11.26,-0.01,9,10134,卖盘
2652,10:39:42,11.27,0.01,8,9016,买盘
2653,10:39:39,11.26,--,3,3378,卖盘
2654,10:39:36,11.26,-0.01,1,1126,卖盘
2655,10:39:33,11.27,0.01,1,1127,买盘
2656,10:39:27,11.26,--,2,2252,卖盘
2657,10:39:21,11.26,--,13,14705,卖盘
2658,10:39:18,11.26,-0.01,54,61783,卖盘
2659,10:39:12,11.27,0.01,7,7889,买盘
2660,10:39:09,11.26,--,1,1126,卖盘
2661,10:39:03,11.26,--,1,1126,卖盘
2662,10:39:00,11.26,--,39,44961,买盘
2663,10:38:57,11.26,0.01,1,1126,买盘
2664,10:38:54,11.25,--,21,23625,卖盘
2665,10:38:51,11.25,--,15,16875,卖盘
2666,10:38:36,11.25,-0.01,6,6750,卖盘
2667,10:38:33,11.26,--,48,54048,买盘
2668,10:38:27,11.26,0.01,9,10134,买盘
2669,10:38:24,11.25,--,98,110250,卖盘
2670,10:38:18,11.25,--,35,40421,卖盘
2671,10:38:12,11.25,-0.01,14,16627,卖盘
2672,10:38:09,11.26,0.01,400,450400,买盘
2673,10:38:06,11.25,-0.01,2,2250,卖盘
2674,10:38:00,11.26,0.01,6,6756,买盘
2675,10:37:57,11.25,--,2,2250,卖盘
2676,10:37:54,11.25,--,65,73125,卖盘
2677,10:37:51,11.25,-0.01,19,21375,卖盘
2678,10:37:48,11.26,0.01,111,124986,买盘
2679,10:37:36,11.25,--,2,2250,卖盘
2680,10:37:30,11.25,--,70,78750,卖盘
2681,10:37:27,11.25,--,2,2250,卖盘
2682,10:37:18,11.25,-0.01,13,15693,卖盘
2683,10:37:15,11.26,0.01,2,2252,买盘
2684,10:37:12,11.25,--,27,31477,卖盘
2685,10:37:06,11.25,--,1,1125,卖盘
2686,10:36:57,11.25,--,2,2250,卖盘
2687,10:36:54,11.25,--,1,1125,卖盘
2688,10:36:48,11.25,--,2,2250,卖盘
2689,10:36:45,11.25,-0.01,3,3375,卖盘
2690,10:36:42,11.26,0.01,5,5630,买盘
2691,10:36:39,11.25,--,2,2250,卖盘
2692,10:36:36,11.25,--,1,1125,卖盘
2693,10:36:33,11.25,--,2,2250,卖盘
2694,10:36:27,11.25,--,2,2250,卖盘
2695,10:36:24,11.25,-0.01,1,1125,卖盘
2696,10:36:21,11.26,0.01,8,9008,买盘
2697,10:36:18,11.25,--,12,13500,卖盘
2698,10:36:15,11.25,-0.01,12,13961,卖盘
2699,10:36:12,11.26,--,34,38869,买盘
2700,10:36:09,11.26,0.01,2,2252,买盘
2701,10:36:06,11.25,--,3,3375,卖盘
2702,10:35:57,11.25,--,2,2250,卖盘
2703,10:35:54,11.25,--,1,1125,卖盘
2704,10:35:51,11.25,--,15,16875,卖盘
2705,10:35:48,11.25,--,54,60750,卖盘
2706,10:35:42,11.25,-0.01,13,14625,卖盘
2707,10:35:39,11.26,0.01,25,28150,买盘
2708,10:35:36,11.25,-0.01,29,32625,卖盘
2709,10:35:30,11.26,0.01,20,22520,买盘
2710,10:35:27,11.25,-0.01,6,6750,卖盘
2711,10:35:24,11.26,--,20,22520,买盘
2712,10:35:21,11.26,0.01,14,15764,买盘
2713,10:35:18,11.25,--,2,2250,卖盘
2714,10:35:15,11.25,--,1,1125,卖盘
2715,10:35:12,11.25,--,35,40421,卖盘
2716,10:35:09,11.25,--,1,1125,卖盘
2717,10:35:06,11.25,--,2,2250,卖盘
2718,10:35:03,11.25,--,5,5625,卖盘
2719,10:35:00,11.25,--,66,74250,卖盘
2720,10:34:57,11.25,--,3,3375,卖盘
2721,10:34:48,11.25,--,3,3375,卖盘
2722,10:34:45,11.25,-0.01,5,5625,卖盘
2723,10:34:39,11.26,0.01,4,4504,买盘
2724,10:34:36,11.25,0.01,38,42750,中性盘
2725,10:34:27,11.24,--,4,4496,卖盘
2726,10:34:18,11.24,-0.02,2,2248,卖盘
2727,10:34:15,11.26,--,4,4504,买盘
2728,10:34:12,11.26,0.01,33,37732,买盘
2729,10:34:09,11.25,--,65,73597,买盘
2730,10:34:03,11.25,-0.01,223,250953,卖盘
2731,10:34:00,11.26,0.01,15,16890,买盘
2732,10:33:57,11.25,-0.01,3,3375,卖盘
2733,10:33:48,11.26,0.01,52,58552,买盘
2734,10:33:42,11.25,-0.01,1,1125,卖盘
2735,10:33:39,11.26,0.01,53,59678,买盘
2736,10:33:36,11.25,-0.01,1,1125,卖盘
2737,10:33:33,11.26,0.01,15,16890,买盘
2738,10:33:27,11.25,-0.01,3,3375,卖盘
2739,10:33:21,11.26,0.01,1,1126,买盘
2740,10:33:18,11.25,--,4,4500,卖盘
2741,10:33:15,11.25,--,5,5625,卖盘
2742,10:33:12,11.25,-0.01,11,12836,卖盘
2743,10:33:09,11.26,0.01,6,6756,买盘
2744,10:33:06,11.25,-0.01,24,27585,卖盘
2745,10:33:03,11.26,--,26,29276,买盘
2746,10:33:00,11.26,0.01,10,11260,买盘
2747,10:32:57,11.25,--,2,2250,卖盘
2748,10:32:54,11.25,-0.01,1,1125,卖盘
2749,10:32:51,11.26,0.01,1,1126,买盘
2750,10:32:48,11.25,0.01,3,3375,买盘
2751,10:32:39,11.24,-0.01,8,8992,卖盘
2752,10:32:36,11.25,0.01,2,2250,卖盘
2753,10:32:33,11.24,--,25,28100,卖盘
2754,10:32:27,11.24,-0.02,2,2248,卖盘
2755,10:32:18,11.26,0.02,8,9008,买盘
2756,10:32:12,11.24,--,10,11240,卖盘
2757,10:32:09,11.24,-0.01,62,70283,卖盘
2758,10:32:06,11.25,--,25,28575,卖盘
2759,10:32:03,11.25,--,10,11250,卖盘
2760,10:31:57,11.25,--,2,2250,卖盘
2761,10:31:54,11.25,--,117,131625,买盘
2762,10:31:51,11.25,--,6,6750,买盘
2763,10:31:48,11.25,0.01,2,2250,买盘
2764,10:31:42,11.24,--,24,26976,卖盘
2765,10:31:39,11.24,--,36,40464,卖盘
2766,10:31:36,11.24,--,2,2248,卖盘
2767,10:31:30,11.24,--,1,1124,卖盘
2768,10:31:27,11.24,-0.01,2,2248,卖盘
2769,10:31:24,11.25,--,39,43875,买盘
2770,10:31:21,11.25,0.01,3,3375,买盘
2771,10:31:18,11.24,--,2,2248,卖盘
2772,10:31:15,11.24,-0.01,1,1124,卖盘
2773,10:31:09,11.25,-0.01,62,70627,中性盘
2774,10:31:06,11.26,0.02,20,22520,买盘
2775,10:31:03,11.24,-0.02,29,32764,卖盘
2776,10:31:00,11.26,0.01,2,2252,买盘
2777,10:30:57,11.25,--,7,7875,卖盘
2778,10:30:54,11.25,--,11,12375,卖盘
2779,10:30:48,11.25,--,7,7875,卖盘
2780,10:30:45,11.25,--,20,22500,卖盘
2781,10:30:42,11.25,0.01,97,109293,买盘
2782,10:30:36,11.24,-0.01,2,2248,卖盘
2783,10:30:33,11.25,0.01,71,79875,买盘
2784,10:30:30,11.24,-0.01,1,1124,卖盘
2785,10:30:27,11.25,--,2,2250,买盘
2786,10:30:18,11.25,0.01,12,13500,买盘
2787,10:30:15,11.24,--,13,14612,卖盘
2788,10:30:12,11.24,--,6,6744,卖盘
2789,10:30:09,11.24,--,47,52828,卖盘
2790,10:30:06,11.24,--,31,35080,卖盘
2791,10:30:03,11.24,-0.01,628,706512,卖盘
2792,10:30:00,11.25,--,16,18000,卖盘
2793,10:29:57,11.25,-0.01,22,24750,卖盘
2794,10:29:54,11.26,--,1,1126,买盘
2795,10:29:51,11.26,0.01,5,5630,买盘
2796,10:29:48,11.25,-0.01,2,2250,卖盘
2797,10:29:45,11.26,0.01,18,20268,买盘
2798,10:29:42,11.25,-0.01,1,1125,卖盘
2799,10:29:39,11.26,0.01,68,76568,买盘
2800,10:29:36,11.25,-0.01,17,19125,卖盘
2801,10:29:30,11.26,--,60,68348,卖盘
2802,10:29:27,11.26,-0.01,2,2252,卖盘
2803,10:29:21,11.27,0.01,1,1127,买盘
2804,10:29:18,11.26,--,2,2252,卖盘
2805,10:29:15,11.26,--,2,2252,卖盘
2806,10:29:12,11.26,--,1,1126,卖盘
2807,10:29:06,11.26,--,13,15246,卖盘
2808,10:29:03,11.26,--,33,37597,卖盘
2809,10:28:57,11.26,-0.01,2,2252,卖盘
2810,10:28:51,11.27,0.01,1,1127,买盘
2811,10:28:48,11.26,--,2,2252,卖盘
2812,10:28:45,11.26,--,7,7882,卖盘
2813,10:28:36,11.26,--,23,25898,卖盘
2814,10:28:27,11.26,-0.01,23,25898,卖盘
2815,10:28:24,11.27,0.01,14,15778,买盘
2816,10:28:18,11.26,--,2,2252,卖盘
2817,10:28:15,11.26,-0.01,38,42788,卖盘
2818,10:28:09,11.27,0.01,5,5635,买盘
2819,10:28:06,11.26,--,3,3378,卖盘
2820,10:28:03,11.26,--,9,11192,卖盘
2821,10:28:00,11.26,-0.01,58,65308,卖盘
2822,10:27:57,11.27,--,43,48461,买盘
2823,10:27:54,11.27,0.01,5,5635,买盘
2824,10:27:51,11.26,-0.01,7,7882,卖盘
2825,10:27:48,11.27,--,97,109319,卖盘
2826,10:27:42,11.27,--,1,1127,卖盘
2827,10:27:39,11.27,--,1,1127,卖盘
2828,10:27:36,11.27,--,3,3381,卖盘
2829,10:27:27,11.27,-0.01,2,2254,卖盘
2830,10:27:18,11.28,0.01,75,84600,买盘
2831,10:27:12,11.27,0.01,1,1127,买盘
2832,10:27:09,11.26,--,11,12386,卖盘
2833,10:27:06,11.26,--,16,18016,卖盘
2834,10:27:00,11.26,--,12,13523,卖盘
2835,10:26:57,11.26,--,25,29185,卖盘
2836,10:26:54,11.26,--,1,1126,卖盘
2837,10:26:51,11.26,--,3,3378,卖盘
