,time,price,change,volume,amount,type
0,15:00:03,11.17,0.01,1330,1485610,买盘
1,14:57:00,11.16,--,15,16740,卖盘
2,14:56:57,11.16,-0.01,32,35712,卖盘
3,14:56:54,11.17,0.01,11,12365,买盘
4,14:56:51,11.16,--,11,12276,卖盘
5,14:56:48,11.16,--,104,116064,卖盘
6,14:56:45,11.16,-0.01,18,20088,卖盘
7,14:56:39,11.17,0.01,10,11170,买盘
8,14:56:33,11.16,-0.01,17,18972,卖盘
9,14:56:30,11.17,0.01,342,382014,买盘
10,14:56:27,11.16,-0.01,21,23436,卖盘
11,14:56:24,11.17,--,268,299356,买盘
12,14:56:21,11.17,--,73,81541,买盘
13,14:56:18,11.17,0.01,264,294888,买盘
14,14:56:15,11.16,--,1,1116,卖盘
15,14:56:12,11.16,--,151,168516,卖盘
16,14:56:09,11.16,-0.01,342,381672,卖盘
17,14:56:06,11.17,0.01,1208,1349336,买盘
18,14:56:03,11.16,--,45,50220,卖盘
19,14:56:00,11.16,--,30,33480,卖盘
20,14:55:57,11.16,--,102,113832,卖盘
21,14:55:54,11.16,--,45,50220,卖盘
22,14:55:51,11.16,--,176,196416,买盘
23,14:55:48,11.16,--,92,102672,买盘
24,14:55:45,11.16,0.01,7,7812,买盘
25,14:55:42,11.15,-0.01,253,282095,卖盘
26,14:55:36,11.16,--,11,12276,买盘
27,14:55:30,11.16,--,75,83700,买盘
28,14:55:27,11.16,--,20,22320,买盘
29,14:55:24,11.16,0.01,2,2232,买盘
30,14:55:21,11.15,--,5,5575,卖盘
31,14:55:18,11.15,-0.01,64,71360,卖盘
32,14:55:15,11.16,--,137,152892,卖盘
33,14:55:09,11.16,-0.01,6,6696,卖盘
34,14:55:06,11.17,0.01,32,35744,买盘
35,14:54:57,11.16,--,48,53568,卖盘
36,14:54:51,11.16,0.01,17,18972,买盘
37,14:54:48,11.15,--,34,37910,卖盘
38,14:54:45,11.15,-0.01,12,13380,卖盘
39,14:54:42,11.16,0.01,18,20088,买盘
40,14:54:39,11.15,-0.01,66,73590,卖盘
41,14:54:36,11.16,0.01,12,13392,买盘
42,14:54:33,11.15,-0.01,20,22300,卖盘
43,14:54:30,11.16,--,31,34596,卖盘
44,14:54:27,11.16,-0.01,214,238824,卖盘
45,14:54:24,11.17,0.01,29,32393,买盘
46,14:54:18,11.16,0.01,307,342612,买盘
47,14:54:15,11.15,--,6,6690,卖盘
48,14:54:12,11.15,--,160,178400,卖盘
49,14:54:09,11.15,--,36,40140,卖盘
50,14:54:03,11.15,0.01,33,36795,卖盘
51,14:54:00,11.14,-0.01,115,128110,卖盘
52,14:53:57,11.15,0.01,24,26760,中性盘
53,14:53:54,11.14,--,35,38990,卖盘
54,14:53:51,11.14,--,409,455626,卖盘
55,14:53:48,11.14,-0.01,494,550316,卖盘
56,14:53:45,11.15,0.01,6,6690,买盘
57,14:53:39,11.14,-0.02,54,60156,卖盘
58,14:53:36,11.16,0.01,10,11160,中性盘
59,14:53:33,11.15,--,585,652275,买盘
60,14:53:30,11.15,-0.02,1049,1169635,卖盘
61,14:53:27,11.17,0.01,31,34627,买盘
62,14:53:24,11.16,-0.01,25,27900,卖盘
63,14:53:21,11.17,0.01,22,24574,买盘
64,14:53:18,11.16,-0.01,140,156240,卖盘
65,14:53:15,11.17,0.01,28,31276,买盘
66,14:53:12,11.16,-0.01,24,26784,卖盘
67,14:53:09,11.17,0.02,9,10053,买盘
68,14:53:06,11.15,--,40,44600,卖盘
69,14:53:03,11.15,-0.02,2,2230,卖盘
70,14:53:00,11.17,--,69,77073,买盘
71,14:52:54,11.17,0.01,212,236804,买盘
72,14:52:51,11.16,-0.01,1,1116,卖盘
73,14:52:48,11.17,0.01,80,89360,买盘
74,14:52:45,11.16,--,27,30132,卖盘
75,14:52:42,11.16,-0.01,43,47988,卖盘
76,14:52:39,11.17,0.01,292,326164,买盘
77,14:52:36,11.16,--,98,109368,卖盘
78,14:52:33,11.16,--,216,241056,卖盘
79,14:52:24,11.16,--,34,37944,卖盘
80,14:52:21,11.16,--,5,5580,卖盘
81,14:52:18,11.16,--,62,69192,卖盘
82,14:52:15,11.16,--,23,25668,卖盘
83,14:52:12,11.16,-0.01,31,34596,卖盘
84,14:52:09,11.17,0.01,30,33510,买盘
85,14:52:03,11.16,-0.01,3,3348,卖盘
86,14:52:00,11.17,--,8,8936,买盘
87,14:51:54,11.17,--,44,49148,买盘
88,14:51:51,11.17,0.01,67,74839,买盘
89,14:51:48,11.16,-0.01,18,20088,卖盘
90,14:51:45,11.17,0.01,29,32393,买盘
91,14:51:42,11.16,-0.01,5,5580,卖盘
92,14:51:39,11.17,0.01,198,221166,买盘
93,14:51:36,11.16,--,10,11160,卖盘
94,14:51:33,11.16,--,99,110484,卖盘
95,14:51:30,11.16,-0.01,22,24552,卖盘
96,14:51:27,11.17,0.01,74,82658,买盘
97,14:51:24,11.16,--,203,226548,卖盘
98,14:51:21,11.16,--,108,120528,卖盘
99,14:51:18,11.16,--,29,32364,卖盘
100,14:51:15,11.16,--,1,1116,卖盘
101,14:51:12,11.16,--,10,11160,卖盘
102,14:51:09,11.16,--,55,61380,卖盘
103,14:51:06,11.16,--,10,11160,卖盘
104,14:51:03,11.16,--,100,111600,卖盘
105,14:51:00,11.16,--,750,837000,买盘
106,14:50:57,11.16,0.01,10,11160,买盘
107,14:50:54,11.15,--,32,35680,卖盘
108,14:50:51,11.15,--,66,73590,卖盘
109,14:50:48,11.15,-0.01,55,61325,卖盘
110,14:50:45,11.16,--,290,323640,买盘
111,14:50:39,11.16,--,12,13392,买盘
112,14:50:36,11.16,--,2,2232,买盘
113,14:50:33,11.16,--,20,22320,买盘
114,14:50:30,11.16,--,18,20088,卖盘
115,14:50:27,11.16,--,18,20088,卖盘
116,14:50:24,11.16,--,84,93744,卖盘
117,14:50:21,11.16,-0.01,98,109368,卖盘
118,14:50:18,11.17,0.01,2,2234,买盘
119,14:50:15,11.16,--,64,71424,卖盘
120,14:50:12,11.16,--,10,11160,卖盘
121,14:50:09,11.16,-0.01,20,22320,卖盘
122,14:50:06,11.17,0.01,12,13404,买盘
123,14:50:03,11.16,-0.01,12,13392,卖盘
124,14:50:00,11.17,0.01,24,26808,买盘
125,14:49:57,11.16,-0.01,191,213156,卖盘
126,14:49:54,11.17,0.01,145,161965,买盘
127,14:49:51,11.16,--,10,11160,卖盘
128,14:49:48,11.16,-0.01,18,20088,卖盘
129,14:49:45,11.17,0.01,5,5585,买盘
130,14:49:42,11.16,--,17,18972,卖盘
131,14:49:39,11.16,-0.01,14,15624,卖盘
132,14:49:36,11.17,--,3,3351,买盘
133,14:49:33,11.17,0.01,51,56967,买盘
134,14:49:30,11.16,-0.01,24,26784,卖盘
135,14:49:27,11.17,0.01,28,31276,买盘
136,14:49:24,11.16,--,9,10044,卖盘
137,14:49:21,11.16,--,73,81468,卖盘
138,14:49:18,11.16,-0.01,11,12276,卖盘
139,14:49:15,11.17,--,10,11170,买盘
140,14:49:12,11.17,0.01,101,112817,买盘
141,14:49:09,11.16,-0.01,23,25668,卖盘
142,14:49:06,11.17,0.01,20,22340,买盘
143,14:49:03,11.16,-0.01,7,7812,卖盘
144,14:49:00,11.17,--,32,35744,买盘
145,14:48:54,11.17,--,1,1117,买盘
146,14:48:48,11.17,0.01,53,59201,买盘
147,14:48:45,11.16,--,43,47988,卖盘
148,14:48:42,11.16,--,101,112716,卖盘
149,14:48:39,11.16,--,90,100440,卖盘
150,14:48:33,11.16,--,11,12276,卖盘
151,14:48:30,11.16,--,12,13392,卖盘
152,14:48:27,11.16,--,95,106020,卖盘
153,14:48:24,11.16,--,3,3348,卖盘
154,14:48:21,11.16,-0.01,42,46872,卖盘
155,14:48:18,11.17,--,22,24574,买盘
156,14:48:15,11.17,0.01,3,3351,买盘
157,14:48:12,11.16,--,7,7812,卖盘
158,14:48:09,11.16,-0.01,17,18972,卖盘
159,14:48:06,11.17,0.01,3,3351,买盘
160,14:48:03,11.16,-0.01,3,3348,卖盘
161,14:48:00,11.17,--,1,1117,买盘
162,14:47:57,11.17,--,11,12287,买盘
163,14:47:54,11.17,--,2,2234,买盘
164,14:47:51,11.17,0.01,18,20106,买盘
165,14:47:45,11.16,--,40,44640,卖盘
166,14:47:42,11.16,--,50,55800,卖盘
167,14:47:39,11.16,-0.01,139,155124,卖盘
168,14:47:36,11.17,--,75,83775,买盘
169,14:47:33,11.17,--,23,25691,买盘
170,14:47:30,11.17,0.01,41,45797,买盘
171,14:47:27,11.16,--,1,1116,卖盘
172,14:47:24,11.16,-0.01,18,20088,卖盘
173,14:47:21,11.17,--,2,2234,买盘
174,14:47:15,11.17,0.01,4,4468,买盘
175,14:47:12,11.16,--,11,12276,卖盘
176,14:47:09,11.16,-0.01,29,32364,卖盘
177,14:47:06,11.17,0.01,1,1117,买盘
178,14:47:03,11.16,--,47,52452,卖盘
179,14:47:00,11.16,--,19,21204,卖盘
180,14:46:57,11.16,0.01,93,103788,买盘
181,14:46:54,11.15,-0.01,15,16725,卖盘
182,14:46:48,11.16,0.01,39,43524,买盘
183,14:46:45,11.15,--,10,11150,卖盘
184,14:46:42,11.15,-0.01,23,25645,卖盘
185,14:46:39,11.16,--,39,43524,买盘
186,14:46:36,11.16,-0.01,67,75441,卖盘
187,14:46:33,11.17,--,1,1117,买盘
188,14:46:30,11.17,--,1,1117,买盘
189,14:46:27,11.17,0.01,11,12287,买盘
190,14:46:24,11.16,--,55,61380,卖盘
191,14:46:21,11.16,--,38,42854,卖盘
192,14:46:18,11.16,-0.01,275,306900,卖盘
193,14:46:15,11.17,0.01,3,3351,买盘
194,14:46:12,11.16,--,10,11160,卖盘
195,14:46:09,11.16,-0.01,127,141732,卖盘
196,14:46:06,11.17,0.01,4,4468,买盘
197,14:46:03,11.16,--,3,3348,卖盘
198,14:46:00,11.16,--,8,8928,卖盘
199,14:45:57,11.16,-0.01,14,15624,卖盘
200,14:45:54,11.17,--,2,2234,买盘
201,14:45:51,11.17,0.01,3,3351,买盘
202,14:45:48,11.16,-0.01,22,24552,卖盘
203,14:45:45,11.17,--,25,27925,买盘
204,14:45:42,11.17,0.01,14,15638,买盘
205,14:45:39,11.16,--,49,54684,卖盘
206,14:45:33,11.16,--,3,3348,卖盘
207,14:45:30,11.16,--,6,6696,卖盘
208,14:45:27,11.16,--,30,33480,卖盘
209,14:45:24,11.16,--,102,113832,卖盘
210,14:45:21,11.16,--,48,53568,卖盘
211,14:45:18,11.16,--,47,52452,卖盘
212,14:45:12,11.16,-0.01,17,18972,卖盘
213,14:45:09,11.17,--,2,2234,买盘
214,14:45:06,11.17,0.01,77,86009,买盘
215,14:45:03,11.16,-0.01,3,3348,卖盘
216,14:45:00,11.17,--,3,3351,买盘
217,14:44:57,11.17,--,11,12287,买盘
218,14:44:51,11.17,0.01,1,1117,买盘
219,14:44:48,11.16,--,11,12276,卖盘
220,14:44:45,11.16,-0.01,13,14508,卖盘
221,14:44:42,11.17,0.01,19,21223,买盘
222,14:44:39,11.16,-0.01,10,11160,卖盘
223,14:44:36,11.17,--,20,22340,买盘
224,14:44:30,11.17,0.01,1,1117,买盘
225,14:44:27,11.16,-0.01,32,35712,卖盘
226,14:44:24,11.17,--,21,23457,买盘
227,14:44:21,11.17,0.01,19,21223,买盘
228,14:44:18,11.16,-0.01,4,4464,卖盘
229,14:44:15,11.17,0.01,15,16755,买盘
230,14:44:09,11.16,-0.01,86,95976,卖盘
231,14:44:06,11.17,--,202,225634,买盘
232,14:44:03,11.17,0.01,60,67020,买盘
233,14:44:00,11.16,--,166,185256,卖盘
234,14:43:57,11.16,-0.01,131,146196,卖盘
235,14:43:54,11.17,--,9,10053,买盘
236,14:43:51,11.17,--,22,24574,买盘
237,14:43:48,11.17,0.01,43,48031,买盘
238,14:43:45,11.16,-0.01,13,14508,卖盘
239,14:43:42,11.17,0.01,1,1117,买盘
240,14:43:39,11.16,-0.01,43,47988,卖盘
241,14:43:30,11.17,0.01,3,3351,买盘
242,14:43:27,11.16,--,32,35712,卖盘
243,14:43:24,11.16,-0.01,2,2232,卖盘
244,14:43:18,11.17,0.01,2,2234,买盘
245,14:43:15,11.16,--,5,5580,卖盘
246,14:43:12,11.16,--,1,1116,卖盘
247,14:43:09,11.16,-0.01,52,58032,卖盘
248,14:43:06,11.17,0.01,86,96062,买盘
249,14:43:03,11.16,-0.01,11,12276,卖盘
250,14:43:00,11.17,--,1,1117,买盘
251,14:42:57,11.17,0.01,27,30159,买盘
252,14:42:51,11.16,-0.01,62,69192,卖盘
253,14:42:48,11.17,0.01,4,4468,买盘
254,14:42:45,11.16,0.01,11,12276,中性盘
255,14:42:39,11.15,-0.02,38,42370,卖盘
256,14:42:36,11.17,0.01,184,206231,买盘
257,14:42:33,11.16,-0.01,887,989892,卖盘
258,14:42:30,11.17,--,21,23457,买盘
259,14:42:27,11.17,0.01,12,13404,买盘
260,14:42:24,11.16,-0.01,5,5580,卖盘
261,14:42:21,11.17,--,9,10053,买盘
262,14:42:12,11.17,0.01,20,22340,买盘
263,14:42:09,11.16,-0.01,29,32364,卖盘
264,14:42:06,11.17,--,48,53616,买盘
265,14:42:03,11.17,0.01,74,82658,买盘
266,14:42:00,11.16,-0.01,243,271188,卖盘
267,14:41:57,11.17,--,435,485895,卖盘
268,14:41:51,11.17,--,46,51382,卖盘
269,14:41:48,11.17,--,30,33510,卖盘
270,14:41:45,11.17,--,2,2234,卖盘
271,14:41:42,11.17,-0.01,27,30159,卖盘
272,14:41:39,11.18,--,39,43602,买盘
273,14:41:33,11.18,--,2,2236,买盘
274,14:41:30,11.18,--,12,13416,买盘
275,14:41:27,11.18,--,9,10062,买盘
276,14:41:24,11.18,0.01,44,49192,买盘
277,14:41:21,11.17,-0.01,9,10053,卖盘
278,14:41:18,11.18,0.01,12,13416,买盘
279,14:41:12,11.17,-0.01,5,5585,卖盘
280,14:41:09,11.18,--,26,29068,买盘
281,14:41:06,11.18,0.01,13,14534,买盘
282,14:41:03,11.17,-0.01,11,12287,卖盘
283,14:41:00,11.18,--,124,138632,买盘
284,14:40:57,11.18,0.01,2,2236,买盘
285,14:40:54,11.17,-0.01,27,30159,卖盘
286,14:40:51,11.18,0.01,36,40248,买盘
287,14:40:48,11.17,-0.01,73,81541,卖盘
288,14:40:45,11.18,--,5,5590,买盘
289,14:40:39,11.18,--,1,1118,买盘
290,14:40:36,11.18,--,2,2236,买盘
291,14:40:30,11.18,--,2,2236,买盘
292,14:40:27,11.18,0.01,6,6708,买盘
293,14:40:24,11.17,-0.01,24,26808,卖盘
294,14:40:18,11.18,0.02,20,22360,买盘
295,14:40:12,11.16,-0.01,11,12276,卖盘
296,14:40:09,11.17,--,36,40212,卖盘
297,14:40:06,11.17,0.01,594,663498,买盘
298,14:40:03,11.16,--,46,51336,卖盘
299,14:40:00,11.16,--,36,40176,卖盘
300,14:39:57,11.16,--,68,75888,卖盘
301,14:39:54,11.16,-0.01,446,497736,卖盘
302,14:39:51,11.17,0.01,3,3351,买盘
303,14:39:48,11.16,--,32,35712,卖盘
304,14:39:45,11.16,-0.01,8,8928,卖盘
305,14:39:42,11.17,--,8,8936,买盘
306,14:39:39,11.17,--,21,23870,买盘
307,14:39:30,11.17,--,23,25691,买盘
308,14:39:27,11.17,0.01,65,72605,买盘
309,14:39:24,11.16,-0.01,220,245520,卖盘
310,14:39:21,11.17,-0.01,1061,1185137,卖盘
311,14:39:18,11.18,--,22,24596,买盘
312,14:39:12,11.18,--,15,16770,买盘
313,14:39:06,11.18,0.01,11,12298,买盘
314,14:39:03,11.17,-0.01,64,71488,卖盘
315,14:39:00,11.18,--,57,63726,买盘
316,14:38:57,11.18,--,298,333164,买盘
317,14:38:54,11.18,--,8,8944,买盘
318,14:38:51,11.18,0.01,4,4472,买盘
319,14:38:48,11.17,-0.01,21,23457,卖盘
320,14:38:45,11.18,--,119,133042,买盘
321,14:38:36,11.18,--,8,8944,买盘
322,14:38:33,11.18,--,3,3354,买盘
323,14:38:30,11.18,0.01,3,3354,买盘
324,14:38:24,11.17,--,94,104998,买盘
325,14:38:21,11.17,-0.01,185,206645,卖盘
326,14:38:18,11.18,--,92,102856,买盘
327,14:38:15,11.18,--,10,11180,买盘
328,14:38:12,11.18,0.01,2,2236,买盘
329,14:38:09,11.17,--,21,23457,卖盘
330,14:38:06,11.17,--,4,4468,卖盘
331,14:38:03,11.17,-0.01,51,56967,卖盘
332,14:38:00,11.18,--,7,7826,买盘
333,14:37:57,11.18,--,170,190060,买盘
334,14:37:54,11.18,-0.01,709,792662,卖盘
335,14:37:51,11.19,--,2,2238,买盘
336,14:37:48,11.19,--,39,43641,买盘
337,14:37:45,11.19,--,43,48117,买盘
338,14:37:42,11.19,--,64,71616,买盘
339,14:37:39,11.19,--,37,41403,买盘
340,14:37:36,11.19,--,50,55950,买盘
341,14:37:33,11.19,--,15,16785,买盘
342,14:37:30,11.19,--,1,1119,买盘
343,14:37:27,11.19,--,4,4476,买盘
344,14:37:24,11.19,--,5,5595,买盘
345,14:37:15,11.19,--,1,1119,买盘
346,14:37:12,11.19,0.01,9,10071,买盘
347,14:37:09,11.18,-0.01,10,11180,卖盘
348,14:37:06,11.19,0.01,110,123090,买盘
349,14:37:03,11.18,--,12,13416,卖盘
350,14:37:00,11.18,-0.01,9,10062,卖盘
351,14:36:57,11.19,--,7,7833,买盘
352,14:36:54,11.19,0.01,2,2238,买盘
353,14:36:48,11.18,--,27,30186,卖盘
354,14:36:45,11.18,-0.01,241,269438,卖盘
355,14:36:42,11.19,--,11,12309,买盘
356,14:36:39,11.19,0.01,29,32451,买盘
357,14:36:36,11.18,-0.01,10,11180,卖盘
358,14:36:33,11.19,--,25,27975,买盘
359,14:36:30,11.19,0.01,5,5595,买盘
360,14:36:27,11.18,-0.01,81,90558,卖盘
361,14:36:24,11.19,0.01,197,220443,买盘
362,14:36:21,11.18,-0.01,51,57018,卖盘
363,14:36:18,11.19,--,184,205896,买盘
364,14:36:15,11.19,0.01,270,302130,买盘
365,14:36:12,11.18,-0.01,303,338754,卖盘
366,14:36:09,11.19,--,450,503550,买盘
367,14:36:06,11.19,0.01,46,51474,买盘
368,14:36:03,11.18,-0.01,3,3354,卖盘
369,14:36:00,11.19,0.01,125,139875,买盘
370,14:35:57,11.18,-0.01,176,196768,卖盘
371,14:35:54,11.19,0.01,1000,1119000,买盘
372,14:35:51,11.18,--,36,40248,卖盘
373,14:35:48,11.18,-0.01,89,99502,卖盘
374,14:35:45,11.19,0.01,694,776586,买盘
375,14:35:42,11.18,-0.01,42,46956,卖盘
376,14:35:39,11.19,--,20,22380,买盘
377,14:35:36,11.19,--,5,5595,买盘
378,14:35:33,11.19,0.01,13,14547,买盘
379,14:35:30,11.18,-0.01,15,16770,卖盘
380,14:35:27,11.19,0.01,98,109662,买盘
381,14:35:24,11.18,-0.01,40,44720,卖盘
382,14:35:21,11.19,0.01,11,12309,买盘
383,14:35:18,11.18,--,36,40248,卖盘
384,14:35:15,11.18,--,58,64844,卖盘
385,14:35:12,11.18,--,529,591422,买盘
386,14:35:09,11.18,--,212,237016,买盘
387,14:35:06,11.18,--,257,287326,买盘
388,14:35:03,11.18,--,52,58136,买盘
389,14:35:00,11.18,--,26,29068,买盘
390,14:34:57,11.18,--,108,120744,买盘
391,14:34:54,11.18,--,33,36894,买盘
392,14:34:48,11.18,0.01,130,145340,买盘
393,14:34:45,11.17,--,125,139625,卖盘
394,14:34:42,11.17,-0.01,90,100530,卖盘
395,14:34:39,11.18,--,300,335400,买盘
396,14:34:36,11.18,--,1,1118,买盘
397,14:34:33,11.18,0.01,100,111800,买盘
398,14:34:30,11.17,--,2,2234,卖盘
399,14:34:27,11.17,--,101,112817,卖盘
400,14:34:24,11.17,--,82,91594,卖盘
401,14:34:21,11.17,--,1463,1635165,买盘
402,14:34:18,11.17,0.01,31,34627,买盘
403,14:34:12,11.16,-0.01,20,22320,卖盘
404,14:34:09,11.17,--,188,209996,买盘
405,14:34:06,11.17,0.01,31,34627,买盘
406,14:34:03,11.16,--,78,87048,买盘
407,14:34:00,11.16,--,5,5580,卖盘
408,14:33:48,11.16,0.01,78,87048,买盘
409,14:33:45,11.15,--,14,15610,卖盘
410,14:33:42,11.15,-0.01,125,139375,卖盘
411,14:33:39,11.16,0.01,132,147312,买盘
412,14:33:36,11.15,-0.01,21,23415,卖盘
413,14:33:33,11.16,--,106,118296,买盘
414,14:33:30,11.16,--,25,27900,买盘
415,14:33:27,11.16,0.01,20,22320,买盘
416,14:33:24,11.15,--,10,11150,卖盘
417,14:33:21,11.15,-0.01,173,192895,卖盘
418,14:33:18,11.16,0.01,65,72540,买盘
419,14:33:12,11.15,-0.01,20,22300,卖盘
420,14:33:09,11.16,--,344,383904,买盘
421,14:33:06,11.16,0.01,19,21204,买盘
422,14:33:03,11.15,-0.01,26,28990,卖盘
423,14:33:00,11.16,0.01,52,58032,买盘
424,14:32:54,11.15,-0.01,12,13380,卖盘
425,14:32:51,11.16,0.01,100,111600,买盘
426,14:32:48,11.15,--,1,1115,卖盘
427,14:32:45,11.15,-0.01,2,2230,卖盘
428,14:32:39,11.16,0.01,17,18972,买盘
429,14:32:36,11.15,-0.01,116,129340,卖盘
430,14:32:33,11.16,--,49,54684,买盘
431,14:32:30,11.16,0.01,15,16740,买盘
432,14:32:27,11.15,--,5,5575,卖盘
433,14:32:24,11.15,--,13,14495,卖盘
434,14:32:15,11.15,-0.01,21,23415,卖盘
435,14:32:12,11.16,--,13,14508,买盘
436,14:32:09,11.16,--,257,286812,买盘
437,14:32:06,11.16,0.01,50,55800,买盘
438,14:32:03,11.15,-0.01,2,2230,卖盘
439,14:32:00,11.16,--,103,114948,买盘
440,14:31:57,11.16,0.01,9,10044,买盘
441,14:31:54,11.15,--,30,33450,卖盘
442,14:31:51,11.15,--,41,45715,卖盘
443,14:31:48,11.15,--,860,958900,卖盘
444,14:31:45,11.15,--,3,3345,卖盘
445,14:31:42,11.15,-0.01,35,39025,卖盘
446,14:31:39,11.16,--,555,619380,买盘
447,14:31:36,11.16,--,3,3348,买盘
448,14:31:30,11.16,--,41,45756,买盘
449,14:31:27,11.16,--,109,121644,买盘
450,14:31:24,11.16,--,41,45756,买盘
451,14:31:21,11.16,0.01,21,23436,买盘
452,14:31:18,11.15,-0.01,60,66900,卖盘
453,14:31:09,11.16,--,189,210924,买盘
454,14:31:06,11.16,0.01,32,35712,买盘
455,14:31:03,11.15,-0.01,11,12265,卖盘
456,14:31:00,11.16,0.01,1,1116,买盘
457,14:30:57,11.15,--,87,97005,卖盘
458,14:30:54,11.15,-0.01,512,570880,卖盘
459,14:30:51,11.16,0.01,20,22320,买盘
460,14:30:48,11.15,--,2,2230,卖盘
461,14:30:45,11.15,-0.01,3,3345,卖盘
462,14:30:42,11.16,0.01,13,14508,买盘
463,14:30:36,11.15,-0.01,75,83625,卖盘
464,14:30:33,11.16,--,1193,1331388,买盘
465,14:30:30,11.16,--,44,49104,买盘
466,14:30:27,11.16,--,58,64728,买盘
467,14:30:24,11.16,--,25,27900,买盘
468,14:30:21,11.16,0.01,14,15624,买盘
469,14:30:18,11.15,--,30,33450,卖盘
470,14:30:15,11.15,-0.01,10,11150,卖盘
471,14:30:12,11.16,--,20,22320,买盘
472,14:30:09,11.16,0.01,194,216504,买盘
473,14:30:03,11.15,-0.01,29,32335,卖盘
474,14:30:00,11.16,0.01,9,10044,买盘
475,14:29:57,11.15,--,29,32335,卖盘
476,14:29:54,11.15,-0.01,132,147180,卖盘
477,14:29:51,11.16,0.01,6,6696,买盘
478,14:29:48,11.15,--,9,10035,卖盘
479,14:29:45,11.15,--,12,13380,卖盘
480,14:29:42,11.15,-0.01,27,30105,卖盘
481,14:29:39,11.16,--,4,4464,买盘
482,14:29:33,11.16,0.01,4,4464,买盘
483,14:29:30,11.15,--,62,69130,卖盘
484,14:29:27,11.15,-0.01,32,35680,卖盘
485,14:29:24,11.16,0.01,106,118296,买盘
486,14:29:21,11.15,--,20,22300,卖盘
487,14:29:12,11.15,-0.01,33,36795,卖盘
488,14:29:09,11.16,0.01,189,210924,买盘
489,14:29:03,11.15,-0.01,4,4460,卖盘
490,14:29:00,11.16,0.01,21,23436,买盘
491,14:28:54,11.15,--,5,5575,卖盘
492,14:28:48,11.15,--,4,4460,卖盘
493,14:28:45,11.15,--,2,2230,卖盘
494,14:28:33,11.15,-0.01,9,10035,卖盘
495,14:28:30,11.16,0.01,1,1116,买盘
496,14:28:27,11.15,--,19,21185,卖盘
497,14:28:24,11.15,--,64,71360,卖盘
498,14:28:21,11.15,--,20,22300,卖盘
499,14:28:18,11.15,0.01,90,100350,买盘
500,14:28:15,11.14,--,1,1114,卖盘
501,14:28:12,11.14,-0.01,28,31192,卖盘
502,14:28:09,11.15,--,190,211850,买盘
503,14:28:06,11.15,0.01,10,11150,买盘
504,14:28:03,11.14,-0.01,7,7798,卖盘
505,14:28:00,11.15,0.01,155,172825,买盘
506,14:27:54,11.14,-0.01,25,27850,卖盘
507,14:27:51,11.15,--,25,27875,买盘
508,14:27:48,11.15,--,9,10035,买盘
509,14:27:45,11.15,--,23,25645,买盘
510,14:27:42,11.15,--,8,8920,买盘
511,14:27:36,11.15,--,10,11150,买盘
512,14:27:33,11.15,--,8,8920,买盘
513,14:27:30,11.15,0.01,1,1115,买盘
514,14:27:27,11.14,--,12,13368,卖盘
515,14:27:24,11.14,-0.01,2,2228,卖盘
516,14:27:18,11.15,--,25,27875,买盘
517,14:27:15,11.15,--,11,12265,买盘
518,14:27:09,11.15,0.01,188,209620,买盘
519,14:27:03,11.14,-0.01,7,7798,卖盘
520,14:27:00,11.15,--,1,1115,买盘
521,14:26:51,11.15,0.01,2,2230,买盘
522,14:26:48,11.14,--,3,3342,卖盘
523,14:26:45,11.14,--,2,2228,卖盘
524,14:26:42,11.14,--,9,10026,卖盘
525,14:26:39,11.14,--,30,33420,卖盘
526,14:26:36,11.14,--,35,38990,卖盘
527,14:26:33,11.14,--,255,284070,卖盘
528,14:26:30,11.14,--,6,6684,卖盘
529,14:26:27,11.14,--,101,112514,卖盘
530,14:26:24,11.14,--,18,20052,卖盘
531,14:26:21,11.14,--,4,4456,卖盘
532,14:26:15,11.14,-0.01,27,30078,卖盘
533,14:26:09,11.15,0.01,199,221885,买盘
534,14:26:06,11.14,--,32,35648,卖盘
535,14:26:03,11.14,--,3,3342,卖盘
536,14:26:00,11.14,--,3,3342,卖盘
537,14:25:54,11.14,--,28,31192,卖盘
538,14:25:51,11.14,--,13,14482,卖盘
539,14:25:48,11.14,--,1,1114,卖盘
540,14:25:45,11.14,-0.01,2,2228,卖盘
541,14:25:42,11.15,--,1,1115,买盘
542,14:25:39,11.15,--,40,44600,买盘
543,14:25:36,11.15,--,1,1115,买盘
544,14:25:30,11.15,0.01,6,6690,买盘
545,14:25:27,11.14,--,2,2228,卖盘
546,14:25:24,11.14,--,3,3342,卖盘
547,14:25:18,11.14,--,11,12254,卖盘
548,14:25:12,11.14,-0.01,9,10026,卖盘
549,14:25:09,11.15,0.01,191,212965,买盘
550,14:25:06,11.14,--,9,10026,卖盘
551,14:25:03,11.14,-0.01,89,99146,卖盘
552,14:25:00,11.15,0.01,15,16725,买盘
553,14:24:54,11.14,--,15,16710,卖盘
554,14:24:51,11.14,-0.01,20,22280,卖盘
555,14:24:48,11.15,0.01,12,13380,买盘
556,14:24:45,11.14,--,3,3342,卖盘
557,14:24:39,11.14,--,12,13368,卖盘
558,14:24:36,11.14,-0.01,10,11140,卖盘
559,14:24:30,11.15,--,12,13380,买盘
560,14:24:24,11.15,0.01,17,18955,买盘
561,14:24:15,11.14,-0.01,19,21166,卖盘
562,14:24:09,11.15,--,272,303280,买盘
563,14:24:06,11.15,0.01,1,1115,买盘
564,14:24:03,11.14,--,3,3342,卖盘
565,14:24:00,11.14,-0.01,37,41218,卖盘
566,14:23:57,11.15,0.01,60,66900,买盘
567,14:23:54,11.14,-0.01,88,98032,卖盘
568,14:23:51,11.15,0.01,1,1115,买盘
569,14:23:48,11.14,--,2,2228,卖盘
570,14:23:45,11.14,-0.01,2,2228,卖盘
571,14:23:42,11.15,--,1,1115,买盘
572,14:23:39,11.15,0.01,1,1115,买盘
573,14:23:36,11.14,-0.01,104,115856,卖盘
574,14:23:30,11.15,--,1,1115,买盘
575,14:23:27,11.15,0.01,17,18955,买盘
576,14:23:24,11.14,-0.01,3,3342,卖盘
577,14:23:21,11.15,0.01,1,1115,买盘
578,14:23:09,11.14,0.01,135,150390,买盘
579,14:23:03,11.13,-0.01,3,3339,卖盘
580,14:23:00,11.14,0.01,11,12254,买盘
581,14:22:57,11.13,--,22,24486,卖盘
582,14:22:51,11.13,--,25,27825,卖盘
583,14:22:45,11.13,-0.01,2,2226,卖盘
584,14:22:39,11.14,--,2,2228,买盘
585,14:22:33,11.14,--,9,10026,买盘
586,14:22:30,11.14,0.01,1,1114,买盘
587,14:22:27,11.13,--,32,35616,卖盘
588,14:22:24,11.13,-0.01,4,4452,卖盘
589,14:22:15,11.14,-0.01,4,4456,卖盘
590,14:22:09,11.15,--,190,211850,买盘
591,14:22:06,11.15,0.02,49,54635,买盘
592,14:22:03,11.13,-0.01,7,7791,卖盘
593,14:22:00,11.14,--,11,12254,买盘
594,14:21:57,11.14,--,136,151504,卖盘
595,14:21:54,11.14,--,9,10026,卖盘
596,14:21:48,11.14,--,42,46788,卖盘
597,14:21:45,11.14,--,13,14482,卖盘
598,14:21:42,11.14,-0.01,10,11140,卖盘
599,14:21:30,11.15,--,10,11150,买盘
600,14:21:27,11.15,0.01,5,5575,买盘
601,14:21:24,11.14,--,5,5570,卖盘
602,14:21:18,11.14,--,60,66840,卖盘
603,14:21:09,11.14,0.01,122,135908,买盘
604,14:21:03,11.13,-0.01,3,3339,卖盘
605,14:21:00,11.14,--,33,36762,买盘
606,14:20:57,11.14,--,9,10026,买盘
607,14:20:54,11.14,0.01,12,13368,买盘
608,14:20:51,11.13,--,1,1113,卖盘
609,14:20:48,11.13,-0.01,10,11130,卖盘
610,14:20:45,11.14,--,20,22280,买盘
611,14:20:39,11.14,--,2,2228,买盘
612,14:20:36,11.14,--,38,42332,卖盘
613,14:20:33,11.14,--,32,35648,卖盘
614,14:20:30,11.14,--,30,33420,卖盘
615,14:20:27,11.14,--,1,1114,卖盘
616,14:20:24,11.14,--,2,2228,卖盘
617,14:20:21,11.14,--,39,43446,卖盘
618,14:20:18,11.14,-0.01,22,24508,卖盘
619,14:20:15,11.15,--,23,25645,买盘
620,14:20:12,11.15,--,3,3345,买盘
621,14:20:09,11.15,0.01,192,214080,买盘
622,14:20:06,11.14,--,180,200520,卖盘
623,14:20:03,11.14,-0.01,3,3342,卖盘
624,14:20:00,11.15,0.01,1,1115,买盘
625,14:19:48,11.14,--,1,1114,卖盘
626,14:19:45,11.14,-0.01,7,7798,卖盘
627,14:19:39,11.15,0.01,20,22300,买盘
628,14:19:36,11.14,-0.01,39,43446,卖盘
629,14:19:30,11.15,0.01,1,1115,买盘
630,14:19:27,11.14,-0.01,12,13368,卖盘
631,14:19:24,11.15,0.01,103,114845,买盘
632,14:19:21,11.14,-0.01,1,1114,卖盘
633,14:19:18,11.15,0.01,23,25645,买盘
634,14:19:15,11.14,--,100,111400,卖盘
635,14:19:12,11.14,-0.01,31,34534,卖盘
636,14:19:09,11.15,0.01,203,226345,买盘
637,14:19:06,11.14,--,11,12254,卖盘
638,14:19:03,11.14,-0.01,2,2228,卖盘
639,14:19:00,11.15,0.01,3,3345,买盘
640,14:18:57,11.14,--,2,2228,卖盘
641,14:18:45,11.14,--,5,5570,卖盘
642,14:18:42,11.14,--,9,10026,卖盘
643,14:18:39,11.14,--,10,11140,卖盘
644,14:18:33,11.14,--,6,6684,卖盘
645,14:18:30,11.14,--,11,12254,卖盘
646,14:18:27,11.14,--,20,22280,卖盘
647,14:18:24,11.14,--,2,2228,卖盘
648,14:18:18,11.14,-0.01,31,34534,卖盘
649,14:18:15,11.15,--,1,1115,买盘
650,14:18:12,11.15,--,1,1115,买盘
651,14:18:09,11.15,--,188,209620,买盘
652,14:18:06,11.15,0.01,27,30105,买盘
653,14:18:03,11.14,--,17,18938,卖盘
654,14:18:00,11.14,-0.01,21,23394,卖盘
655,14:17:57,11.15,--,1,1115,买盘
656,14:17:54,11.15,0.01,7,7805,买盘
657,14:17:48,11.14,-0.01,1,1114,卖盘
658,14:17:45,11.15,0.01,54,60210,买盘
659,14:17:42,11.14,--,8,8912,卖盘
660,14:17:33,11.14,-0.01,21,23394,卖盘
661,14:17:30,11.15,0.01,1,1115,买盘
662,14:17:27,11.14,--,6,6684,卖盘
663,14:17:24,11.14,-0.01,7,7798,卖盘
664,14:17:21,11.15,0.01,10,11150,买盘
665,14:17:18,11.14,-0.01,5,5570,卖盘
666,14:17:15,11.15,--,65,72475,卖盘
667,14:17:12,11.15,-0.01,10,11150,卖盘
668,14:17:09,11.16,--,192,214272,买盘
669,14:17:06,11.16,--,1,1116,买盘
670,14:17:03,11.16,--,11,12276,买盘
671,14:17:00,11.16,0.01,1,1116,买盘
672,14:16:57,11.15,--,90,100350,卖盘
673,14:16:51,11.15,--,9,10035,卖盘
674,14:16:48,11.15,--,11,12265,卖盘
675,14:16:45,11.15,--,2,2230,卖盘
676,14:16:42,11.15,--,125,139375,买盘
677,14:16:36,11.15,0.01,2,2230,买盘
678,14:16:30,11.14,-0.01,11,12254,卖盘
679,14:16:27,11.15,0.01,3,3345,买盘
680,14:16:24,11.14,-0.01,37,41218,卖盘
681,14:16:18,11.15,0.01,20,22300,买盘
682,14:16:15,11.14,-0.01,1,1114,卖盘
683,14:16:12,11.15,--,1,1115,买盘
684,14:16:09,11.15,0.01,188,209620,买盘
685,14:16:06,11.14,--,8,8912,卖盘
686,14:16:03,11.14,-0.01,2,2228,卖盘
687,14:16:00,11.15,--,10,11150,买盘
688,14:15:51,11.15,--,1,1115,买盘
689,14:15:48,11.15,0.01,2,2230,买盘
690,14:15:45,11.14,-0.01,5,5570,卖盘
691,14:15:42,11.15,--,2,2230,卖盘
692,14:15:39,11.15,--,92,102580,买盘
693,14:15:30,11.15,--,12,13380,买盘
694,14:15:27,11.15,0.01,46,51290,买盘
695,14:15:24,11.14,--,9,10026,卖盘
696,14:15:21,11.14,-0.01,50,55700,卖盘
697,14:15:18,11.15,--,41,45715,买盘
698,14:15:15,11.15,--,3,3345,买盘
699,14:15:12,11.15,--,147,163905,买盘
700,14:15:09,11.15,--,236,263140,买盘
701,14:15:03,11.15,0.01,7,7805,买盘
702,14:15:00,11.14,--,3,3342,卖盘
703,14:14:54,11.14,--,4,4456,卖盘
704,14:14:48,11.14,--,16,17824,卖盘
705,14:14:45,11.14,--,5,5570,卖盘
706,14:14:42,11.14,--,2,2228,卖盘
707,14:14:39,11.14,--,20,22280,卖盘
708,14:14:33,11.14,-0.01,9,10026,卖盘
709,14:14:30,11.15,0.01,1,1115,买盘
710,14:14:24,11.14,--,3,3342,卖盘
711,14:14:21,11.14,--,35,38990,卖盘
712,14:14:18,11.14,--,28,31192,卖盘
713,14:14:15,11.14,-0.01,32,35648,卖盘
714,14:14:12,11.15,--,1,1115,买盘
715,14:14:09,11.15,0.01,187,208505,买盘
716,14:14:06,11.14,--,5,5570,卖盘
717,14:14:03,11.14,-0.01,4,4456,卖盘
718,14:14:00,11.15,--,1,1115,买盘
719,14:13:54,11.15,--,10,11150,买盘
720,14:13:51,11.15,--,5,5575,买盘
721,14:13:48,11.15,--,11,12265,买盘
722,14:13:45,11.15,0.01,5,5575,买盘
723,14:13:39,11.14,-0.01,11,12254,卖盘
724,14:13:36,11.15,--,17,18955,买盘
725,14:13:30,11.15,0.01,1,1115,买盘
726,14:13:27,11.14,--,1,1114,卖盘
727,14:13:24,11.14,--,4,4456,卖盘
728,14:13:21,11.14,-0.01,1,1114,卖盘
729,14:13:18,11.15,0.01,30,33450,买盘
730,14:13:12,11.14,-0.01,1,1114,卖盘
731,14:13:09,11.15,--,189,210735,买盘
732,14:13:03,11.15,--,3,3345,买盘
733,14:13:00,11.15,--,1,1115,买盘
734,14:12:57,11.15,0.01,40,44600,买盘
735,14:12:54,11.14,--,2,2228,卖盘
736,14:12:51,11.14,--,9,10026,卖盘
737,14:12:48,11.14,--,21,23394,卖盘
738,14:12:45,11.14,-0.01,3,3342,卖盘
739,14:12:39,11.15,--,39,43485,买盘
740,14:12:33,11.15,--,4,4460,买盘
741,14:12:30,11.15,0.01,12,13380,买盘
742,14:12:27,11.14,--,30,33420,卖盘
743,14:12:24,11.14,-0.01,3,3342,卖盘
744,14:12:21,11.15,0.01,3,3345,买盘
745,14:12:15,11.14,--,10,11140,卖盘
746,14:12:12,11.14,-0.01,111,123654,卖盘
747,14:12:09,11.15,0.01,187,208505,买盘
748,14:12:06,11.14,-0.01,30,33420,卖盘
749,14:12:03,11.15,--,6,6690,买盘
750,14:12:00,11.15,0.01,9,10035,买盘
751,14:11:51,11.14,-0.01,2,2228,卖盘
752,14:11:48,11.15,0.01,12,13380,买盘
753,14:11:45,11.14,-0.01,15,16710,卖盘
754,14:11:42,11.15,--,20,22300,买盘
755,14:11:39,11.15,0.01,132,147180,买盘
756,14:11:36,11.14,-0.01,11,12254,卖盘
757,14:11:33,11.15,--,9,10035,买盘
758,14:11:30,11.15,0.01,14,15610,买盘
759,14:11:27,11.14,--,12,13368,卖盘
760,14:11:24,11.14,-0.01,4,4456,卖盘
761,14:11:21,11.15,--,8,8920,买盘
762,14:11:15,11.15,--,9,10035,买盘
763,14:11:12,11.15,0.01,22,24530,买盘
764,14:11:09,11.14,--,702,782028,卖盘
765,14:11:03,11.14,-0.01,12,13368,卖盘
766,14:10:51,11.15,0.01,10,11150,买盘
767,14:10:48,11.14,--,10,11140,卖盘
768,14:10:45,11.14,--,11,12254,卖盘
769,14:10:42,11.14,-0.01,10,11140,卖盘
770,14:10:39,11.15,0.01,10,11150,买盘
771,14:10:36,11.14,-0.01,6,6684,卖盘
772,14:10:33,11.15,--,100,111500,买盘
773,14:10:30,11.15,0.01,10,11150,买盘
774,14:10:27,11.14,--,44,49016,卖盘
775,14:10:24,11.14,-0.01,4,4456,卖盘
776,14:10:21,11.15,0.01,5,5575,买盘
777,14:10:18,11.14,--,38,42332,卖盘
778,14:10:15,11.14,-0.01,85,94690,卖盘
779,14:10:12,11.15,--,1,1115,买盘
780,14:10:09,11.15,--,189,210735,买盘
781,14:10:06,11.15,--,1,1115,买盘
782,14:10:03,11.15,--,28,31220,买盘
783,14:10:00,11.15,0.01,1,1115,买盘
784,14:09:57,11.14,-0.01,10,11140,卖盘
785,14:09:54,11.15,--,9,10035,买盘
786,14:09:51,11.15,0.01,5,5575,买盘
787,14:09:48,11.14,-0.01,1,1114,卖盘
788,14:09:45,11.15,0.01,17,18955,买盘
789,14:09:42,11.14,-0.01,17,18938,卖盘
790,14:09:39,11.15,0.01,6,6690,买盘
791,14:09:36,11.14,--,10,11140,卖盘
792,14:09:33,11.14,-0.01,8,8912,卖盘
793,14:09:30,11.15,--,1,1115,买盘
794,14:09:27,11.15,0.01,19,21185,买盘
795,14:09:24,11.14,-0.01,4,4456,卖盘
796,14:09:21,11.15,--,10,11150,买盘
797,14:09:18,11.15,--,9,10035,买盘
798,14:09:12,11.15,--,1,1115,买盘
799,14:09:09,11.15,--,190,211850,买盘
800,14:09:03,11.15,--,4,4460,买盘
801,14:09:00,11.15,0.01,13,14495,买盘
802,14:08:57,11.14,-0.01,20,22280,卖盘
803,14:08:54,11.15,0.01,1,1115,买盘
804,14:08:51,11.14,-0.01,9,10026,卖盘
805,14:08:48,11.15,0.01,15,16725,买盘
806,14:08:45,11.14,--,3,3342,卖盘
807,14:08:42,11.14,-0.01,18,20052,卖盘
808,14:08:39,11.15,0.01,100,111500,买盘
809,14:08:36,11.14,-0.01,10,11140,卖盘
810,14:08:30,11.15,0.01,2,2230,买盘
811,14:08:27,11.14,--,11,12254,卖盘
812,14:08:24,11.14,--,8,8912,卖盘
813,14:08:21,11.14,-0.01,30,33420,卖盘
814,14:08:09,11.15,--,197,219655,买盘
815,14:08:06,11.15,0.01,21,23415,买盘
816,14:08:03,11.14,-0.01,48,53472,卖盘
817,14:08:00,11.15,--,86,95890,卖盘
818,14:07:57,11.15,--,31,34565,卖盘
819,14:07:48,11.15,--,37,41255,买盘
820,14:07:45,11.15,0.01,11,12265,买盘
821,14:07:36,11.14,-0.01,10,11140,卖盘
822,14:07:33,11.15,-0.01,80,89200,卖盘
823,14:07:30,11.16,0.01,1,1116,买盘
824,14:07:27,11.15,-0.01,100,111500,卖盘
825,14:07:24,11.16,0.01,34,37944,买盘
826,14:07:21,11.15,-0.01,5,5575,卖盘
827,14:07:18,11.16,0.01,2,2232,买盘
828,14:07:09,11.15,--,87,97005,买盘
829,14:07:06,11.15,0.01,7,7805,买盘
830,14:07:03,11.14,-0.01,3,3342,卖盘
831,14:07:00,11.15,--,2,2230,买盘
832,14:06:57,11.15,--,10,11150,买盘
833,14:06:54,11.15,--,4,4460,卖盘
834,14:06:48,11.15,0.01,6,6690,买盘
835,14:06:45,11.14,--,3,3342,卖盘
836,14:06:42,11.14,-0.02,28,31192,卖盘
837,14:06:39,11.16,--,11,12276,买盘
838,14:06:36,11.16,0.01,2,2232,买盘
839,14:06:30,11.15,--,2,2230,卖盘
840,14:06:24,11.15,0.01,5,5575,中性盘
841,14:06:18,11.14,-0.01,8,8912,卖盘
842,14:06:15,11.15,--,29,32335,卖盘
843,14:06:09,11.15,--,170,189550,买盘
844,14:06:06,11.15,--,7,7805,买盘
845,14:06:03,11.15,--,3,3345,买盘
846,14:06:00,11.15,--,11,12265,买盘
847,14:05:57,11.15,--,14,15610,买盘
848,14:05:51,11.15,--,21,23415,买盘
849,14:05:48,11.15,0.01,1,1115,买盘
850,14:05:45,11.14,--,15,16710,卖盘
851,14:05:42,11.14,-0.01,4,4456,卖盘
852,14:05:39,11.15,0.01,9,10035,买盘
853,14:05:36,11.14,--,1,1114,卖盘
854,14:05:33,11.14,-0.01,7,7798,卖盘
855,14:05:30,11.15,--,21,23415,买盘
856,14:05:27,11.15,--,1,1115,买盘
857,14:05:24,11.15,--,12,13380,买盘
858,14:05:21,11.15,--,30,33450,买盘
859,14:05:09,11.15,--,197,219655,买盘
860,14:05:06,11.15,--,33,36795,买盘
861,14:05:03,11.15,--,34,37910,买盘
862,14:05:00,11.15,0.01,11,12265,买盘
863,14:04:57,11.14,--,5,5570,卖盘
864,14:04:54,11.14,-0.01,70,77980,卖盘
865,14:04:51,11.15,--,2,2230,买盘
866,14:04:45,11.15,0.01,11,12265,买盘
867,14:04:42,11.14,-0.01,25,27850,卖盘
868,14:04:39,11.15,--,13,14495,买盘
869,14:04:33,11.15,--,5,5575,买盘
870,14:04:27,11.15,0.01,9,10035,中性盘
871,14:04:24,11.14,--,13,14482,卖盘
872,14:04:21,11.14,-0.01,28,31192,卖盘
873,14:04:18,11.15,--,2,2230,买盘
874,14:04:15,11.15,--,20,22300,买盘
875,14:04:12,11.15,-0.01,1,1115,中性盘
876,14:04:09,11.16,--,205,228780,买盘
877,14:04:06,11.16,0.01,15,16740,买盘
878,14:04:03,11.15,--,17,18955,买盘
879,14:04:00,11.15,--,54,60210,买盘
880,14:03:57,11.15,--,1,1115,买盘
881,14:03:54,11.15,0.01,9,10035,买盘
882,14:03:51,11.14,--,1,1114,卖盘
883,14:03:48,11.14,--,116,129224,卖盘
884,14:03:45,11.14,-0.01,13,14482,卖盘
885,14:03:39,11.15,--,1,1115,买盘
886,14:03:36,11.15,--,2,2230,买盘
887,14:03:33,11.15,--,8,8920,买盘
888,14:03:27,11.15,--,48,53520,卖盘
889,14:03:24,11.15,-0.01,167,186205,卖盘
890,14:03:15,11.16,--,9,10044,买盘
891,14:03:12,11.16,0.02,13,14508,买盘
892,14:03:09,11.14,-0.01,16,17824,卖盘
893,14:03:06,11.15,0.01,42,46830,买盘
894,14:03:03,11.14,-0.01,4,4456,卖盘
895,14:02:57,11.15,--,73,81395,卖盘
896,14:02:54,11.15,--,51,56865,卖盘
897,14:02:48,11.15,--,22,24530,卖盘
898,14:02:45,11.15,--,17,18955,卖盘
899,14:02:42,11.15,0.01,7,7805,卖盘
900,14:02:39,11.14,-0.01,251,280716,卖盘
901,14:02:36,11.15,--,4,4460,买盘
902,14:02:33,11.15,--,40,44600,买盘
903,14:02:27,11.15,0.01,3,3345,买盘
904,14:02:24,11.14,--,4,4456,卖盘
905,14:02:21,11.14,-0.01,43,47902,卖盘
906,14:02:18,11.15,--,9,10358,买盘
907,14:02:15,11.15,-0.01,199,222676,卖盘
908,14:02:09,11.16,0.01,267,297972,买盘
909,14:02:06,11.15,--,1,1115,卖盘
910,14:02:03,11.15,--,33,36795,卖盘
911,14:02:00,11.15,-0.01,16,17840,卖盘
912,14:01:57,11.16,0.01,11,12276,买盘
913,14:01:54,11.15,--,2,2230,卖盘
914,14:01:51,11.15,--,2,2230,卖盘
915,14:01:45,11.15,--,92,102580,卖盘
916,14:01:42,11.15,--,30,33450,卖盘
917,14:01:36,11.15,-0.01,10,11150,卖盘
918,14:01:27,11.16,0.01,21,23436,买盘
919,14:01:24,11.15,--,8,8920,卖盘
920,14:01:21,11.15,--,1,1115,卖盘
921,14:01:18,11.15,-0.01,7,7805,卖盘
922,14:01:15,11.16,0.01,50,55800,买盘
923,14:01:12,11.15,-0.01,17,18955,卖盘
924,14:01:09,11.16,--,312,348192,买盘
925,14:01:06,11.16,0.01,3,3348,买盘
926,14:01:03,11.15,--,13,14495,卖盘
927,14:01:00,11.15,-0.01,50,55750,卖盘
928,14:00:57,11.16,--,21,23436,买盘
929,14:00:48,11.16,--,4,4464,买盘
930,14:00:45,11.16,0.01,19,21204,买盘
931,14:00:42,11.15,-0.01,1,1115,卖盘
932,14:00:39,11.16,--,13,14508,买盘
933,14:00:36,11.16,--,25,27900,买盘
934,14:00:33,11.16,0.01,10,11160,买盘
935,14:00:30,11.15,-0.01,40,44600,卖盘
936,14:00:27,11.16,--,6,6696,买盘
937,14:00:24,11.16,--,182,203112,买盘
938,14:00:21,11.16,0.01,9,10044,买盘
939,14:00:18,11.15,-0.01,131,146065,卖盘
940,14:00:09,11.16,--,187,208692,买盘
941,14:00:06,11.16,0.01,17,18972,买盘
942,14:00:03,11.15,-0.01,54,60210,卖盘
943,13:59:57,11.16,0.01,11,12276,买盘
944,13:59:51,11.15,-0.01,177,197355,卖盘
945,13:59:48,11.16,0.01,9,10044,买盘
946,13:59:45,11.15,-0.01,3,3345,卖盘
947,13:59:42,11.16,--,50,55800,买盘
948,13:59:39,11.16,--,18,20088,买盘
949,13:59:36,11.16,--,7,7812,买盘
950,13:59:33,11.16,--,78,87048,买盘
951,13:59:30,11.16,--,10,11160,买盘
952,13:59:27,11.16,--,11,12276,买盘
953,13:59:24,11.16,0.01,12,13392,买盘
954,13:59:21,11.15,-0.01,25,28198,卖盘
955,13:59:15,11.16,--,13,14508,买盘
956,13:59:12,11.16,--,26,29016,买盘
957,13:59:09,11.16,0.01,167,186372,买盘
958,13:59:06,11.15,0.01,110,122650,买盘
959,13:59:03,11.14,-0.01,13,14482,卖盘
960,13:59:00,11.15,--,8,8920,买盘
961,13:58:57,11.15,--,28,31220,买盘
962,13:58:54,11.15,0.01,20,22300,买盘
963,13:58:51,11.14,--,12,13368,卖盘
964,13:58:48,11.14,--,14,15596,卖盘
965,13:58:45,11.14,--,2,2228,卖盘
966,13:58:42,11.14,-0.01,4,4456,卖盘
967,13:58:39,11.15,--,32,35680,买盘
968,13:58:36,11.15,0.01,11,12265,买盘
969,13:58:33,11.14,-0.01,11,12254,卖盘
970,13:58:30,11.15,--,269,300403,买盘
971,13:58:27,11.15,0.01,32,35680,买盘
972,13:58:24,11.14,--,8,8912,卖盘
973,13:58:21,11.14,-0.01,98,109172,卖盘
974,13:58:18,11.15,0.01,100,111500,买盘
975,13:58:15,11.14,-0.01,5,5570,卖盘
976,13:58:12,11.15,--,9,10035,买盘
977,13:58:09,11.15,--,188,209620,买盘
978,13:58:06,11.15,0.01,67,74705,买盘
979,13:58:03,11.14,-0.01,3,3342,卖盘
980,13:58:00,11.15,--,129,143835,买盘
981,13:57:57,11.15,--,11,12265,买盘
982,13:57:54,11.15,--,20,22300,买盘
983,13:57:48,11.15,0.01,13,14495,买盘
984,13:57:45,11.14,-0.01,2,2228,卖盘
985,13:57:39,11.15,--,194,216310,买盘
986,13:57:36,11.15,--,118,131570,买盘
987,13:57:33,11.15,--,9,10035,买盘
988,13:57:27,11.15,0.01,51,56865,买盘
989,13:57:24,11.14,--,3,3342,卖盘
990,13:57:21,11.14,--,11,12733,卖盘
991,13:57:12,11.14,--,65,72889,买盘
992,13:57:09,11.14,0.01,195,217230,买盘
993,13:57:06,11.13,--,12,13356,卖盘
994,13:57:03,11.13,-0.01,23,25599,卖盘
995,13:57:00,11.14,--,8,8912,买盘
996,13:56:57,11.14,-0.01,46,51878,卖盘
997,13:56:54,11.15,0.01,9,10035,买盘
998,13:56:51,11.14,--,14,15596,卖盘
999,13:56:48,11.14,--,3,3821,买盘
1000,13:56:45,11.14,0.01,23,25622,买盘
1001,13:56:42,11.13,-0.01,41,45633,卖盘
1002,13:56:39,11.14,0.01,20,22280,买盘
1003,13:56:36,11.13,--,11,12243,卖盘
1004,13:56:33,11.13,-0.01,5,5565,卖盘
1005,13:56:30,11.14,--,9,10026,买盘
1006,13:56:27,11.14,0.01,1,1114,买盘
1007,13:56:24,11.13,--,12,13356,卖盘
1008,13:56:21,11.13,--,11,12732,卖盘
1009,13:56:18,11.13,-0.01,21,23373,卖盘
1010,13:56:15,11.14,--,2,2228,买盘
1011,13:56:09,11.14,0.01,217,241738,买盘
1012,13:56:03,11.13,-0.01,3,3339,卖盘
1013,13:55:57,11.14,0.01,31,34534,买盘
1014,13:55:54,11.13,-0.01,11,12243,卖盘
1015,13:55:51,11.14,0.01,39,43446,买盘
1016,13:55:45,11.13,--,5,5565,卖盘
1017,13:55:42,11.13,--,2,2226,卖盘
1018,13:55:33,11.13,-0.01,32,35616,卖盘
1019,13:55:30,11.14,--,9,10026,买盘
1020,13:55:27,11.14,--,13,14972,买盘
1021,13:55:24,11.14,0.01,3,3342,买盘
1022,13:55:21,11.13,--,1,1113,卖盘
1023,13:55:15,11.13,--,226,251538,卖盘
1024,13:55:09,11.13,-0.01,189,210357,卖盘
1025,13:55:06,11.14,0.01,10,11140,买盘
1026,13:55:03,11.13,-0.01,24,26712,卖盘
1027,13:54:54,11.14,0.01,17,18938,买盘
1028,13:54:51,11.13,-0.01,6,6678,卖盘
1029,13:54:48,11.14,--,343,382102,买盘
1030,13:54:45,11.14,0.01,15,16710,买盘
1031,13:54:42,11.13,-0.01,2,2226,卖盘
1032,13:54:36,11.14,0.01,5,5570,买盘
1033,13:54:24,11.13,-0.01,13,14958,卖盘
1034,13:54:21,11.14,--,12,13368,买盘
1035,13:54:18,11.14,--,8,8912,买盘
1036,13:54:15,11.14,0.01,6,6684,买盘
1037,13:54:12,11.13,-0.01,10,11130,卖盘
1038,13:54:09,11.14,0.01,199,221686,买盘
1039,13:54:03,11.13,-0.01,15,16695,卖盘
1040,13:54:00,11.14,0.01,2,2228,买盘
1041,13:53:57,11.13,-0.01,11,12243,卖盘
1042,13:53:54,11.14,-0.01,126,140998,卖盘
1043,13:53:48,11.15,0.01,30,33450,买盘
1044,13:53:45,11.14,--,27,30078,卖盘
1045,13:53:42,11.14,--,22,24508,卖盘
1046,13:53:36,11.14,-0.01,9,10026,卖盘
1047,13:53:33,11.15,0.01,2,2230,买盘
1048,13:53:27,11.14,-0.01,12,13847,卖盘
1049,13:53:24,11.15,--,7,7805,买盘
1050,13:53:21,11.15,--,9,10035,买盘
1051,13:53:18,11.15,0.01,86,95890,买盘
1052,13:53:15,11.14,-0.01,10,11140,卖盘
1053,13:53:12,11.15,--,14,15610,买盘
1054,13:53:09,11.15,--,188,209620,买盘
1055,13:53:06,11.15,0.01,10,11150,买盘
1056,13:53:03,11.14,--,41,45674,卖盘
1057,13:53:00,11.14,-0.01,13,14482,卖盘
1058,13:52:57,11.15,--,2,2230,买盘
1059,13:52:48,11.15,0.01,11,12265,买盘
1060,13:52:45,11.14,--,3,3342,卖盘
1061,13:52:42,11.14,-0.01,9,10026,卖盘
1062,13:52:39,11.15,--,33,36795,买盘
1063,13:52:36,11.15,0.01,18,20070,买盘
1064,13:52:27,11.14,--,10,11607,卖盘
1065,13:52:24,11.14,--,2,2228,卖盘
1066,13:52:21,11.14,-0.01,59,65726,卖盘
1067,13:52:15,11.15,0.01,5,5575,买盘
1068,13:52:12,11.14,-0.01,49,54586,卖盘
1069,13:52:09,11.15,0.02,23,25645,买盘
1070,13:52:06,11.13,-0.01,22,24486,卖盘
1071,13:52:03,11.14,--,23,25622,卖盘
1072,13:51:57,11.14,--,2,2228,卖盘
1073,13:51:54,11.14,--,4,4456,卖盘
1074,13:51:51,11.14,--,17,18938,卖盘
1075,13:51:45,11.14,--,12,13368,卖盘
1076,13:51:42,11.14,--,16,17824,卖盘
1077,13:51:39,11.14,--,58,64612,卖盘
1078,13:51:36,11.14,--,16,17824,卖盘
1079,13:51:33,11.14,--,130,144820,卖盘
1080,13:51:27,11.14,--,10,11619,卖盘
1081,13:51:24,11.14,--,3,3342,卖盘
1082,13:51:21,11.14,-0.01,1,1114,卖盘
1083,13:51:18,11.15,--,9,10035,买盘
1084,13:51:09,11.15,0.01,187,208505,买盘
1085,13:51:03,11.14,--,12,13368,卖盘
1086,13:51:00,11.14,--,13,14482,卖盘
1087,13:50:51,11.14,-0.01,48,53472,卖盘
1088,13:50:45,11.15,0.01,33,36795,买盘
1089,13:50:39,11.14,-0.01,45,50130,买盘
1090,13:50:30,11.15,0.02,17,18955,买盘
1091,13:50:27,11.13,--,28,31653,卖盘
1092,13:50:24,11.13,--,2,2226,卖盘
1093,13:50:18,11.13,-0.01,16,17808,卖盘
1094,13:50:15,11.14,-0.01,26,28964,卖盘
1095,13:50:12,11.15,--,8,8920,买盘
1096,13:50:09,11.15,--,190,211850,买盘
1097,13:50:06,11.15,0.01,6,6690,买盘
1098,13:50:03,11.14,0.01,3,3342,中性盘
1099,13:49:57,11.13,--,28,31164,卖盘
1100,13:49:48,11.13,-0.01,27,30051,卖盘
1101,13:49:45,11.14,-0.01,5,5570,买盘
1102,13:49:42,11.15,0.01,18,20070,买盘
1103,13:49:27,11.14,--,10,11630,卖盘
1104,13:49:24,11.14,0.01,24,27059,买盘
1105,13:49:18,11.13,-0.01,14,15582,卖盘
1106,13:49:15,11.14,--,149,166776,卖盘
1107,13:49:12,11.14,--,10,11140,卖盘
1108,13:49:09,11.14,--,90,100583,买盘
1109,13:49:06,11.14,--,1,1114,买盘
1110,13:49:03,11.14,0.01,62,69068,买盘
1111,13:49:00,11.13,-0.01,2,2226,卖盘
1112,13:48:57,11.14,--,91,101374,买盘
1113,13:48:51,11.14,0.01,15,16710,买盘
1114,13:48:45,11.13,-0.01,2,2226,卖盘
1115,13:48:39,11.14,--,100,111400,买盘
1116,13:48:36,11.14,--,10,11140,买盘
1117,13:48:33,11.14,--,12,13368,买盘
1118,13:48:30,11.14,--,2,2228,买盘
1119,13:48:27,11.14,0.01,50,55700,买盘
1120,13:48:24,11.13,--,3,3339,卖盘
1121,13:48:21,11.13,--,10,11619,卖盘
1122,13:48:18,11.13,-0.01,1,1113,卖盘
1123,13:48:15,11.14,--,1,1114,买盘
1124,13:48:09,11.14,--,192,213888,买盘
1125,13:48:06,11.14,0.01,2,2228,买盘
1126,13:48:03,11.13,--,2,2226,卖盘
1127,13:48:00,11.13,--,5,5565,卖盘
1128,13:47:57,11.13,-0.01,17,18921,卖盘
1129,13:47:54,11.14,--,9,10026,买盘
1130,13:47:51,11.14,--,11,12254,买盘
1131,13:47:48,11.14,0.01,11,12254,买盘
1132,13:47:45,11.13,-0.01,90,100170,卖盘
1133,13:47:42,11.14,--,8,8912,买盘
1134,13:47:39,11.14,--,25,27850,买盘
1135,13:47:33,11.14,0.01,46,51244,买盘
1136,13:47:27,11.13,--,4,5553,买盘
1137,13:47:24,11.13,0.01,70,77910,买盘
1138,13:47:21,11.12,--,13,14945,卖盘
1139,13:47:18,11.12,-0.01,1,1112,卖盘
1140,13:47:12,11.13,--,7,7791,买盘
1141,13:47:09,11.13,--,412,458556,买盘
1142,13:47:06,11.13,0.01,8,8904,买盘
1143,13:47:03,11.12,--,27,30023,卖盘
1144,13:47:00,11.12,--,64,71168,买盘
1145,13:46:57,11.12,--,28,31135,买盘
1146,13:46:54,11.12,--,20,22240,买盘
1147,13:46:51,11.12,--,84,94453,卖盘
1148,13:46:45,11.12,--,5,5560,卖盘
1149,13:46:42,11.12,--,30,33426,买盘
1150,13:46:39,11.12,--,27,30023,买盘
1151,13:46:36,11.12,--,20,22240,买盘
1152,13:46:33,11.12,0.01,31,34472,买盘
1153,13:46:27,11.11,--,10,11621,卖盘
1154,13:46:24,11.11,--,2,2222,卖盘
1155,13:46:18,11.11,-0.01,2,2222,卖盘
1156,13:46:15,11.12,--,18,20016,买盘
1157,13:46:12,11.12,--,3,3335,买盘
1158,13:46:09,11.12,--,188,209055,买盘
1159,13:46:06,11.12,0.01,1,1112,买盘
1160,13:46:03,11.11,-0.01,3,3333,卖盘
1161,13:46:00,11.12,--,3,3335,买盘
1162,13:45:57,11.12,--,7,7783,买盘
1163,13:45:51,11.12,--,55,61159,买盘
1164,13:45:48,11.12,0.01,25,27799,买盘
1165,13:45:45,11.11,-0.01,16,17776,卖盘
1166,13:45:39,11.12,--,9,10008,买盘
1167,13:45:33,11.12,--,522,581509,卖盘
1168,13:45:30,11.12,-0.01,5,5560,卖盘
1169,13:45:27,11.13,0.01,19,21647,买盘
1170,13:45:24,11.12,--,5,5560,卖盘
1171,13:45:21,11.12,--,2,2224,卖盘
1172,13:45:18,11.12,--,10,11120,卖盘
1173,13:45:15,11.12,-0.01,10,11120,卖盘
1174,13:45:12,11.13,--,9,10017,买盘
1175,13:45:09,11.13,--,207,230391,买盘
1176,13:45:06,11.13,0.01,2,2226,买盘
1177,13:45:03,11.12,-0.01,22,24464,卖盘
1178,13:45:00,11.13,--,1,1113,买盘
1179,13:44:54,11.13,--,131,145803,买盘
1180,13:44:48,11.13,0.01,89,99057,买盘
1181,13:44:45,11.12,--,16,17792,卖盘
1182,13:44:42,11.12,-0.01,15,16680,卖盘
1183,13:44:33,11.13,0.01,2,2226,买盘
1184,13:44:24,11.12,--,13,14956,卖盘
1185,13:44:18,11.12,-0.01,1,1112,卖盘
1186,13:44:15,11.13,0.01,9,10017,买盘
1187,13:44:09,11.12,-0.01,192,213503,卖盘
1188,13:44:06,11.13,0.01,27,30051,买盘
1189,13:44:03,11.12,-0.01,21,23352,卖盘
1190,13:44:00,11.13,0.01,1,1113,买盘
1191,13:43:48,11.12,-0.01,10,11475,卖盘
1192,13:43:45,11.13,0.01,16,17808,买盘
1193,13:43:42,11.12,--,5,5560,卖盘
1194,13:43:36,11.12,--,5,5560,卖盘
1195,13:43:24,11.12,--,2,2224,卖盘
1196,13:43:21,11.12,--,10,11609,卖盘
1197,13:43:18,11.12,-0.01,1,1112,卖盘
1198,13:43:12,11.13,--,8,8904,买盘
1199,13:43:09,11.13,--,285,317205,买盘
1200,13:43:06,11.13,0.01,2,2226,买盘
1201,13:43:03,11.12,--,3,3335,卖盘
1202,13:43:00,11.12,-0.01,29,32314,卖盘
1203,13:42:54,11.13,0.01,1,1113,买盘
1204,13:42:51,11.12,-0.01,10,11120,卖盘
1205,13:42:45,11.13,--,11,12243,卖盘
1206,13:42:42,11.13,0.01,6,6678,中性盘
1207,13:42:36,11.12,-0.01,17,18904,卖盘
1208,13:42:33,11.13,-0.01,36,40068,卖盘
1209,13:42:30,11.14,--,13,14482,买盘
1210,13:42:24,11.14,0.01,9,10026,买盘
1211,13:42:21,11.13,--,10,11619,卖盘
1212,13:42:18,11.13,-0.01,11,12243,卖盘
1213,13:42:15,11.14,0.01,9,10026,买盘
1214,13:42:09,11.13,--,165,183678,买盘
1215,13:42:06,11.13,0.01,1,1113,买盘
1216,13:42:03,11.12,-0.01,2,2224,卖盘
1217,13:42:00,11.13,-0.01,358,398509,卖盘
1218,13:41:54,11.14,0.01,1,1114,买盘
1219,13:41:51,11.13,--,1,1113,卖盘
1220,13:41:45,11.13,-0.01,4,5509,卖盘
1221,13:41:42,11.14,0.01,9,10026,买盘
1222,13:41:36,11.13,-0.01,27,30841,卖盘
1223,13:41:30,11.14,--,81,90234,卖盘
1224,13:41:24,11.14,--,15,16710,卖盘
1225,13:41:21,11.14,--,5,5570,卖盘
1226,13:41:18,11.14,--,32,35648,卖盘
1227,13:41:15,11.14,--,20,22280,卖盘
1228,13:41:09,11.14,0.01,32,35971,买盘
1229,13:41:06,11.13,--,1,1113,卖盘
1230,13:41:03,11.13,--,2,2226,卖盘
1231,13:40:54,11.13,-0.01,18,20824,卖盘
1232,13:40:51,11.14,--,6,6684,卖盘
1233,13:40:48,11.14,--,35,38990,卖盘
1234,13:40:45,11.14,--,36,40104,卖盘
1235,13:40:42,11.14,--,9,10026,卖盘
1236,13:40:30,11.14,--,40,44560,卖盘
1237,13:40:24,11.14,--,13,14482,卖盘
1238,13:40:21,11.14,--,10,11619,卖盘
1239,13:40:18,11.14,--,13,14482,卖盘
1240,13:40:12,11.14,-0.01,12,13368,卖盘
1241,13:40:09,11.15,0.01,180,200700,买盘
1242,13:40:03,11.14,-0.01,145,161530,卖盘
1243,13:39:45,11.15,0.01,11,12265,买盘
1244,13:39:39,11.14,-0.01,27,30078,卖盘
1245,13:39:30,11.15,0.01,30,33450,买盘
1246,13:39:27,11.14,--,73,81322,卖盘
1247,13:39:24,11.14,-0.01,4,4456,卖盘
1248,13:39:21,11.15,0.01,24,27239,买盘
1249,13:39:18,11.14,--,1,1114,卖盘
1250,13:39:15,11.14,-0.01,9,10026,卖盘
1251,13:39:09,11.15,0.01,196,218540,买盘
1252,13:39:06,11.14,--,19,21166,卖盘
1253,13:39:03,11.14,--,3,3342,卖盘
1254,13:39:00,11.14,--,15,16710,卖盘
1255,13:38:48,11.14,-0.01,40,44560,卖盘
1256,13:38:45,11.15,--,12,13380,买盘
1257,13:38:42,11.15,--,15,16725,买盘
1258,13:38:30,11.15,0.01,4,4460,买盘
1259,13:38:27,11.14,-0.01,24,26736,卖盘
1260,13:38:24,11.15,0.01,7,7805,买盘
1261,13:38:21,11.14,--,44,49016,卖盘
1262,13:38:18,11.14,-0.01,20,22759,卖盘
1263,13:38:12,11.15,--,9,10035,买盘
1264,13:38:09,11.15,--,197,219655,买盘
1265,13:38:06,11.15,0.01,11,12265,买盘
1266,13:38:03,11.14,--,19,21166,卖盘
1267,13:38:00,11.14,--,5,5570,卖盘
1268,13:37:57,11.14,-0.01,5,5570,卖盘
1269,13:37:54,11.15,--,11,12265,买盘
1270,13:37:51,11.15,0.01,10,11150,买盘
1271,13:37:48,11.14,--,43,47902,卖盘
1272,13:37:45,11.14,-0.01,14,15596,卖盘
1273,13:37:33,11.15,--,9,10035,买盘
1274,13:37:30,11.15,--,29,32335,买盘
1275,13:37:24,11.15,--,25,28354,买盘
1276,13:37:18,11.15,--,11,12265,买盘
1277,13:37:09,11.15,0.01,42,47420,买盘
1278,13:37:06,11.14,0.01,9,10026,买盘
1279,13:37:03,11.13,-0.01,24,27235,卖盘
1280,13:36:54,11.14,-0.01,5,5570,卖盘
1281,13:36:51,11.15,0.01,1,1115,买盘
1282,13:36:48,11.14,-0.01,29,32306,卖盘
1283,13:36:45,11.15,--,11,12265,买盘
1284,13:36:42,11.15,--,9,10035,买盘
1285,13:36:36,11.15,0.01,9,10035,买盘
1286,13:36:33,11.14,-0.01,1,1114,卖盘
1287,13:36:27,11.15,0.01,10,11150,买盘
1288,13:36:24,11.14,--,24,26736,卖盘
1289,13:36:21,11.14,-0.01,101,112993,卖盘
1290,13:36:18,11.15,--,2,2230,买盘
1291,13:36:12,11.15,--,10,11150,买盘
1292,13:36:09,11.15,--,215,239725,买盘
1293,13:36:06,11.15,0.01,8,8920,买盘
1294,13:36:03,11.14,--,16,17824,卖盘
1295,13:36:00,11.14,--,17,18938,卖盘
1296,13:35:57,11.14,-0.01,1,1114,卖盘
1297,13:35:54,11.15,0.01,16,17840,买盘
1298,13:35:45,11.14,-0.01,196,218344,卖盘
1299,13:35:39,11.15,--,9,10035,买盘
1300,13:35:36,11.15,0.01,8,8920,买盘
1301,13:35:33,11.14,-0.01,0,167,卖盘
1302,13:35:27,11.15,0.01,10,11150,买盘
1303,13:35:24,11.14,--,63,70182,卖盘
1304,13:35:21,11.14,--,57,63498,卖盘
1305,13:35:18,11.14,--,11,12733,卖盘
1306,13:35:15,11.14,-0.01,32,35648,卖盘
1307,13:35:09,11.15,0.01,197,219655,买盘
1308,13:35:06,11.14,--,10,11140,卖盘
1309,13:35:03,11.14,--,2,2228,卖盘
1310,13:34:57,11.14,-0.01,3,3342,卖盘
1311,13:34:54,11.15,--,82,91430,买盘
1312,13:34:51,11.15,--,23,25645,买盘
1313,13:34:48,11.15,0.01,9,10035,买盘
1314,13:34:45,11.14,--,3,3342,卖盘
1315,13:34:42,11.14,--,43,47902,卖盘
1316,13:34:39,11.14,-0.01,7,7798,卖盘
1317,13:34:36,11.15,0.01,8,8920,买盘
1318,13:34:33,11.14,-0.01,31,34534,卖盘
1319,13:34:27,11.15,0.01,43,47945,买盘
1320,13:34:24,11.14,-0.01,11,12254,卖盘
1321,13:34:21,11.15,0.01,35,39493,买盘
1322,13:34:18,11.14,-0.01,11,12254,卖盘
1323,13:34:15,11.15,--,11,12265,买盘
1324,13:34:12,11.15,--,68,75820,买盘
1325,13:34:09,11.15,--,193,215195,买盘
1326,13:34:06,11.15,0.01,6,6690,买盘
1327,13:34:03,11.14,-0.01,12,13368,卖盘
1328,13:34:00,11.15,-0.01,605,674708,卖盘
1329,13:33:57,11.16,0.01,31,34596,买盘
1330,13:33:54,11.15,-0.01,802,894230,卖盘
1331,13:33:48,11.16,0.01,3,3348,买盘
1332,13:33:45,11.15,-0.01,3,3345,卖盘
1333,13:33:39,11.16,--,25,27900,买盘
1334,13:33:36,11.16,--,96,107136,买盘
1335,13:33:33,11.16,0.01,68,75888,买盘
1336,13:33:30,11.15,-0.01,16,17840,卖盘
1337,13:33:27,11.16,0.01,1,1116,买盘
1338,13:33:24,11.15,--,3,3345,卖盘
1339,13:33:18,11.15,--,12,13848,卖盘
1340,13:33:15,11.15,-0.01,60,66900,卖盘
1341,13:33:12,11.16,--,77,85932,卖盘
1342,13:33:09,11.16,--,137,152892,买盘
1343,13:33:06,11.16,--,9,10044,买盘
1344,13:33:03,11.16,--,12,13392,买盘
1345,13:33:00,11.16,--,8,8928,买盘
1346,13:32:57,11.16,--,1,1116,买盘
1347,13:32:54,11.16,--,128,142848,买盘
1348,13:32:51,11.16,--,10,11160,卖盘
1349,13:32:48,11.16,--,20,22320,买盘
1350,13:32:45,11.16,--,18,20088,买盘
1351,13:32:42,11.16,--,131,146196,卖盘
1352,13:32:39,11.16,--,88,98208,买盘
1353,13:32:36,11.16,--,8,8928,买盘
1354,13:32:33,11.16,0.01,8,8928,买盘
1355,13:32:27,11.15,--,30,33450,卖盘
1356,13:32:24,11.15,--,110,122650,卖盘
1357,13:32:21,11.15,--,1,1115,卖盘
1358,13:32:18,11.15,--,39,44443,卖盘
1359,13:32:15,11.15,--,2,2230,卖盘
1360,13:32:12,11.15,-0.01,118,131570,卖盘
1361,13:32:09,11.16,--,230,257740,卖盘
1362,13:32:06,11.16,0.01,257,286867,买盘
1363,13:32:03,11.15,-0.01,2,2230,卖盘
1364,13:32:00,11.16,--,421,469836,买盘
1365,13:31:57,11.16,--,2,2232,买盘
1366,13:31:54,11.16,--,66,73656,买盘
1367,13:31:51,11.16,--,17,18972,买盘
1368,13:31:48,11.16,--,17,18972,买盘
1369,13:31:45,11.16,--,18,20088,买盘
1370,13:31:42,11.16,--,28,31248,买盘
1371,13:31:39,11.16,--,16,17856,买盘
1372,13:31:33,11.16,--,11,12276,买盘
1373,13:31:30,11.16,--,3,3348,买盘
1374,13:31:27,11.16,--,150,167400,买盘
1375,13:31:24,11.16,0.01,4,4464,买盘
1376,13:31:18,11.15,--,37,41723,卖盘
1377,13:31:15,11.15,-0.01,1,1115,卖盘
1378,13:31:12,11.16,0.01,78,87048,买盘
1379,13:31:09,11.15,-0.01,210,234150,卖盘
1380,13:31:06,11.16,--,20,22320,买盘
1381,13:31:03,11.16,--,39,43524,买盘
1382,13:31:00,11.16,0.01,3,3348,买盘
1383,13:30:57,11.15,-0.01,46,51290,卖盘
1384,13:30:54,11.16,--,41,45756,买盘
1385,13:30:48,11.16,0.01,40,44640,买盘
1386,13:30:45,11.15,--,3,3345,卖盘
1387,13:30:42,11.15,--,4,4460,卖盘
1388,13:30:39,11.15,-0.01,31,34565,卖盘
1389,13:30:36,11.16,--,3,3348,买盘
1390,13:30:33,11.16,0.01,6,6696,买盘
1391,13:30:30,11.15,--,724,807460,买盘
1392,13:30:27,11.15,0.01,20,22300,买盘
1393,13:30:24,11.14,--,2,2228,卖盘
1394,13:30:21,11.14,-0.01,19,21645,卖盘
1395,13:30:18,11.15,0.01,9,10035,买盘
1396,13:30:15,11.14,--,2,2228,卖盘
1397,13:30:09,11.14,0.01,13,15228,买盘
1398,13:30:06,11.13,--,72,80136,卖盘
1399,13:30:03,11.13,-0.01,3,3339,卖盘
1400,13:30:00,11.14,--,7,7798,买盘
1401,13:29:57,11.14,--,3,3342,买盘
1402,13:29:54,11.14,--,34,37876,买盘
1403,13:29:51,11.14,--,42,46788,买盘
1404,13:29:48,11.14,0.01,20,22280,买盘
1405,13:29:45,11.13,--,2,2226,卖盘
1406,13:29:42,11.13,-0.01,3,3339,卖盘
1407,13:29:33,11.14,--,2,2228,买盘
1408,13:29:30,11.14,--,1,1114,买盘
1409,13:29:27,11.14,--,20,22280,买盘
1410,13:29:24,11.14,0.01,160,178240,买盘
1411,13:29:21,11.13,--,5,5565,卖盘
1412,13:29:15,11.13,--,31,34992,卖盘
1413,13:29:12,11.13,--,72,80136,卖盘
1414,13:29:09,11.13,--,33,36729,买盘
1415,13:29:06,11.13,0.01,165,183645,买盘
1416,13:29:03,11.12,-0.01,9,10008,卖盘
1417,13:29:00,11.13,0.01,2,2226,买盘
1418,13:28:54,11.12,-0.01,21,23352,卖盘
1419,13:28:51,11.13,0.01,10,11130,买盘
1420,13:28:48,11.12,--,13,14455,卖盘
1421,13:28:45,11.12,-0.01,3,3335,卖盘
1422,13:28:42,11.13,--,2,2226,买盘
1423,13:28:39,11.13,--,62,69006,买盘
1424,13:28:36,11.13,--,76,84588,买盘
1425,13:28:30,11.13,0.01,35,38955,买盘
1426,13:28:24,11.12,-0.01,2,2224,卖盘
1427,13:28:18,11.13,0.01,66,73458,买盘
1428,13:28:15,11.12,-0.01,7,7783,卖盘
1429,13:28:09,11.13,--,187,208131,买盘
1430,13:28:06,11.13,-0.01,13,14469,中性盘
1431,13:28:03,11.14,0.01,24,26736,买盘
1432,13:28:00,11.13,--,12,13356,买盘
1433,13:27:54,11.13,--,22,24486,买盘
1434,13:27:48,11.13,--,7,7791,买盘
1435,13:27:45,11.13,--,60,66780,卖盘
1436,13:27:42,11.13,-0.01,9,10017,卖盘
1437,13:27:39,11.14,--,25,27850,买盘
1438,13:27:36,11.14,--,9,10026,买盘
1439,13:27:33,11.14,0.01,3,3342,买盘
1440,13:27:30,11.13,--,197,219261,卖盘
1441,13:27:27,11.13,-0.01,10,11130,卖盘
1442,13:27:24,11.14,--,10,11140,买盘
1443,13:27:21,11.14,0.01,13,14482,买盘
1444,13:27:18,11.13,-0.01,21,23373,卖盘
1445,13:27:15,11.14,0.01,2,2228,买盘
1446,13:27:12,11.13,-0.01,5,5565,卖盘
1447,13:27:09,11.14,--,188,209432,买盘
1448,13:27:06,11.14,0.01,19,21166,买盘
1449,13:27:03,11.13,-0.01,12,13356,卖盘
1450,13:27:00,11.14,--,8,8912,买盘
1451,13:26:54,11.14,--,26,28964,买盘
1452,13:26:51,11.14,0.01,2,2228,买盘
1453,13:26:45,11.13,--,2,2226,卖盘
1454,13:26:42,11.13,--,43,47859,卖盘
1455,13:26:39,11.13,-0.01,42,46746,卖盘
1456,13:26:36,11.14,0.01,67,74638,买盘
1457,13:26:33,11.13,-0.01,1,1113,卖盘
1458,13:26:30,11.14,--,15,16710,买盘
1459,13:26:27,11.14,0.02,12,13368,买盘
1460,13:26:24,11.12,-0.02,3,3335,卖盘
1461,13:26:21,11.14,0.01,52,58295,买盘
1462,13:26:18,11.13,-0.01,31,34503,卖盘
1463,13:26:15,11.14,0.01,2,2228,买盘
1464,13:26:12,11.13,-0.01,9,10017,卖盘
1465,13:26:09,11.14,0.01,188,209432,买盘
1466,13:26:06,11.13,0.01,21,24118,买盘
1467,13:26:03,11.12,-0.01,23,25576,卖盘
1468,13:26:00,11.13,--,321,357273,买盘
1469,13:25:57,11.13,--,26,28938,买盘
1470,13:25:54,11.13,--,7,7791,买盘
1471,13:25:51,11.13,0.01,2,2226,买盘
1472,13:25:48,11.12,-0.01,7,7783,卖盘
1473,13:25:45,11.13,--,8,8904,买盘
1474,13:25:42,11.13,--,15,16695,买盘
1475,13:25:39,11.13,0.01,70,77910,买盘
1476,13:25:33,11.12,-0.01,12,13343,卖盘
1477,13:25:30,11.13,0.01,1,1113,买盘
1478,13:25:27,11.12,-0.01,15,16680,卖盘
1479,13:25:24,11.13,0.01,124,138012,买盘
1480,13:25:21,11.12,-0.01,36,40032,卖盘
1481,13:25:18,11.13,0.01,30,33390,买盘
1482,13:25:15,11.12,-0.01,2,2224,卖盘
1483,13:25:12,11.13,0.01,62,69006,买盘
1484,13:25:03,11.12,-0.01,27,30023,卖盘
1485,13:25:00,11.13,0.01,5,5565,买盘
1486,13:24:57,11.12,-0.01,25,27799,卖盘
1487,13:24:51,11.13,0.01,4,4452,买盘
1488,13:24:48,11.12,-0.01,20,22240,卖盘
1489,13:24:45,11.13,--,19,21147,买盘
1490,13:24:42,11.13,--,23,25599,买盘
1491,13:24:36,11.13,0.01,16,17808,买盘
1492,13:24:33,11.12,-0.01,25,27799,卖盘
1493,13:24:30,11.13,--,201,223713,买盘
1494,13:24:27,11.13,0.01,14,15582,买盘
1495,13:24:24,11.12,-0.01,2,2224,卖盘
1496,13:24:21,11.13,--,23,25599,买盘
1497,13:24:15,11.13,--,9,10017,买盘
1498,13:24:09,11.13,--,9,10017,买盘
1499,13:24:06,11.13,0.01,29,32277,买盘
1500,13:24:03,11.12,-0.01,37,41144,卖盘
1501,13:24:00,11.13,--,27,30051,买盘
1502,13:23:51,11.13,--,7,7791,买盘
1503,13:23:48,11.13,--,11,12243,买盘
1504,13:23:45,11.13,0.01,12,13356,买盘
1505,13:23:42,11.12,-0.01,3,3335,卖盘
1506,13:23:39,11.13,--,20,22260,买盘
1507,13:23:33,11.13,--,34,37842,买盘
1508,13:23:30,11.13,0.01,228,253764,买盘
1509,13:23:24,11.12,-0.01,3,3335,卖盘
1510,13:23:21,11.13,--,101,112413,买盘
1511,13:23:18,11.13,0.01,1,1113,买盘
1512,13:23:15,11.12,--,1,1112,卖盘
1513,13:23:12,11.12,--,42,47671,买盘
1514,13:23:09,11.12,--,10,11120,买盘
1515,13:23:06,11.12,--,19,21128,买盘
1516,13:23:03,11.12,--,138,153456,买盘
1517,13:23:00,11.12,--,10,11120,买盘
1518,13:22:57,11.12,--,19,21128,买盘
1519,13:22:54,11.12,0.01,9,10008,买盘
1520,13:22:48,11.11,--,1,1111,卖盘
1521,13:22:45,11.11,-0.01,3,3333,卖盘
1522,13:22:42,11.12,0.01,20,22240,买盘
1523,13:22:39,11.11,-0.01,48,53328,卖盘
1524,13:22:36,11.12,--,1,1112,买盘
1525,13:22:33,11.12,--,50,55599,买盘
1526,13:22:30,11.12,--,101,112311,买盘
1527,13:22:27,11.12,--,40,44480,买盘
1528,13:22:24,11.12,--,19,21128,买盘
1529,13:22:21,11.12,0.01,10,11120,买盘
1530,13:22:12,11.11,--,3,3333,卖盘
1531,13:22:03,11.11,-0.01,3,3333,卖盘
1532,13:21:54,11.12,--,48,53375,买盘
1533,13:21:51,11.12,--,30,33360,买盘
1534,13:21:45,11.12,0.01,18,20016,买盘
1535,13:21:42,11.11,--,6,6666,卖盘
1536,13:21:36,11.11,--,79,87769,买盘
1537,13:21:33,11.11,0.01,111,123321,买盘
1538,13:21:30,11.1,-0.01,17,18870,卖盘
1539,13:21:27,11.11,0.01,23,25553,买盘
1540,13:21:24,11.1,-0.01,2,2220,卖盘
1541,13:21:21,11.11,0.01,10,11110,买盘
1542,13:21:18,11.1,-0.01,31,34410,卖盘
1543,13:21:15,11.11,0.01,25,27775,买盘
1544,13:21:12,11.1,-0.01,24,26640,卖盘
1545,13:21:09,11.11,--,15,16665,买盘
1546,13:21:06,11.11,0.01,2,2222,买盘
1547,13:21:03,11.1,--,8,8880,卖盘
1548,13:20:57,11.1,--,95,105894,买盘
1549,13:20:54,11.1,--,229,254190,买盘
1550,13:20:48,11.1,--,14,15540,买盘
1551,13:20:45,11.1,--,112,124320,买盘
1552,13:20:42,11.1,--,29,32190,买盘
1553,13:20:36,11.1,--,90,99900,买盘
1554,13:20:33,11.1,--,16,17760,买盘
1555,13:20:30,11.1,0.01,3,3330,买盘
1556,13:20:27,11.09,-0.01,220,243980,卖盘
1557,13:20:24,11.1,--,48,53280,买盘
1558,13:20:21,11.1,--,138,153180,买盘
1559,13:20:15,11.1,--,136,150960,买盘
1560,13:20:09,11.1,--,49,54390,买盘
1561,13:20:06,11.1,0.01,11,12210,买盘
1562,13:20:03,11.09,-0.01,12,13308,卖盘
1563,13:20:00,11.1,0.01,15,16650,买盘
1564,13:19:57,11.09,-0.01,10,11090,卖盘
1565,13:19:54,11.1,--,7,7770,买盘
1566,13:19:51,11.1,--,9,9990,买盘
1567,13:19:48,11.1,--,5,5550,买盘
1568,13:19:45,11.1,--,73,81030,买盘
1569,13:19:42,11.1,--,3,3330,买盘
1570,13:19:36,11.1,--,1,1110,买盘
1571,13:19:33,11.1,--,3,3330,买盘
1572,13:19:30,11.1,--,12,13320,买盘
1573,13:19:24,11.1,--,114,126540,买盘
1574,13:19:21,11.1,--,8,8880,买盘
1575,13:19:18,11.1,0.01,1,1110,买盘
1576,13:19:12,11.09,-0.01,1,1109,卖盘
1577,13:19:06,11.1,0.01,11,12210,买盘
1578,13:19:03,11.09,-0.01,6,6654,卖盘
1579,13:19:00,11.1,0.02,1,1110,买盘
1580,13:18:57,11.08,-0.02,10,11080,卖盘
1581,13:18:51,11.1,0.03,55,61050,买盘
1582,13:18:48,11.07,-0.01,7,7749,卖盘
1583,13:18:45,11.08,--,377,417716,卖盘
1584,13:18:42,11.08,-0.01,46,50968,卖盘
1585,13:18:30,11.09,0.01,11,12199,买盘
1586,13:18:27,11.08,--,3,3324,卖盘
1587,13:18:24,11.08,-0.01,2,2216,卖盘
1588,13:18:21,11.09,-0.01,10,11090,中性盘
1589,13:18:15,11.1,0.02,27,29970,买盘
1590,13:18:12,11.08,-0.01,200,221600,卖盘
1591,13:18:06,11.09,0.01,3,3327,买盘
1592,13:18:03,11.08,-0.01,39,43212,卖盘
1593,13:18:00,11.09,--,8,8872,买盘
1594,13:17:57,11.09,--,50,55450,买盘
1595,13:17:54,11.09,--,22,24398,买盘
1596,13:17:51,11.09,--,32,35488,买盘
1597,13:17:48,11.09,0.01,20,22180,买盘
1598,13:17:45,11.08,--,4,4432,卖盘
1599,13:17:42,11.08,-0.01,8,8864,卖盘
1600,13:17:39,11.09,--,14,15526,买盘
1601,13:17:36,11.09,0.01,11,12199,买盘
1602,13:17:33,11.08,-0.01,41,45428,卖盘
1603,13:17:30,11.09,--,11,12199,买盘
1604,13:17:24,11.09,--,13,14417,买盘
1605,13:17:21,11.09,0.01,197,218473,买盘
1606,13:17:12,11.08,-0.01,1,1108,卖盘
1607,13:17:06,11.09,0.01,28,31052,买盘
1608,13:17:03,11.08,--,4,4432,卖盘
1609,13:16:48,11.08,--,4,4432,卖盘
1610,13:16:45,11.08,--,23,25484,卖盘
1611,13:16:42,11.08,--,13,14404,卖盘
1612,13:16:36,11.08,-0.01,7,7756,卖盘
1613,13:16:30,11.09,--,5,5545,买盘
1614,13:16:27,11.09,--,28,31052,买盘
1615,13:16:24,11.09,--,17,18853,买盘
1616,13:16:21,11.09,--,1,1109,买盘
1617,13:16:18,11.09,0.01,20,22180,买盘
1618,13:16:15,11.08,-0.01,1,1108,卖盘
1619,13:16:12,11.09,--,3,3327,买盘
1620,13:16:09,11.09,--,1,1109,买盘
1621,13:16:06,11.09,0.01,13,14417,买盘
1622,13:16:03,11.08,-0.01,3,3324,卖盘
1623,13:16:00,11.09,-0.01,126,139734,卖盘
1624,13:15:57,11.1,--,10,11100,买盘
1625,13:15:54,11.1,--,3,3330,买盘
1626,13:15:48,11.1,0.01,14,15540,买盘
1627,13:15:45,11.09,-0.01,3,3327,卖盘
1628,13:15:42,11.1,--,16,18426,卖盘
1629,13:15:36,11.1,-0.01,24,26640,卖盘
1630,13:15:30,11.11,0.01,34,37774,买盘
1631,13:15:27,11.1,--,0,444,卖盘
1632,13:15:24,11.1,-0.01,32,35520,中性盘
1633,13:15:18,11.11,--,17,18887,买盘
1634,13:15:15,11.11,0.01,17,18887,买盘
1635,13:15:12,11.1,0.01,20,22200,买盘
1636,13:15:03,11.09,-0.01,16,17744,卖盘
1637,13:15:00,11.1,0.01,8,8880,买盘
1638,13:14:57,11.09,--,140,155260,卖盘
1639,13:14:54,11.09,--,12,13308,卖盘
1640,13:14:51,11.09,--,2,2218,卖盘
1641,13:14:45,11.09,--,4,4436,卖盘
1642,13:14:42,11.09,--,4,4436,卖盘
1643,13:14:33,11.09,-0.01,218,241762,卖盘
1644,13:14:30,11.1,0.01,18,19980,买盘
1645,13:14:24,11.09,-0.01,19,21071,卖盘
1646,13:14:21,11.1,0.01,7,7770,买盘
1647,13:14:12,11.09,--,18,19962,卖盘
1648,13:14:03,11.09,-0.01,3,3327,卖盘
1649,13:13:57,11.1,--,39,43290,买盘
1650,13:13:54,11.1,--,11,12210,买盘
1651,13:13:48,11.1,-0.01,34,37740,卖盘
1652,13:13:45,11.11,0.01,79,87769,买盘
1653,13:13:42,11.1,0.01,22,24420,中性盘
1654,13:13:39,11.09,-0.01,152,168568,卖盘
1655,13:13:33,11.1,-0.01,11,12210,卖盘
1656,13:13:30,11.11,0.01,1,1111,买盘
1657,13:13:24,11.1,--,125,138750,买盘
1658,13:13:21,11.1,0.01,16,17760,买盘
1659,13:13:18,11.09,--,25,27725,卖盘
1660,13:13:12,11.09,-0.01,21,23289,卖盘
1661,13:13:09,11.1,--,25,27750,买盘
1662,13:13:06,11.1,0.01,46,51060,买盘
1663,13:13:03,11.09,--,2,2218,卖盘
1664,13:13:00,11.09,-0.01,50,55450,卖盘
1665,13:12:54,11.1,--,10,11100,买盘
1666,13:12:48,11.1,--,10,11100,买盘
1667,13:12:45,11.1,--,4,4440,买盘
1668,13:12:42,11.1,--,29,32190,买盘
1669,13:12:39,11.1,--,3,3330,买盘
1670,13:12:30,11.1,--,4,4440,买盘
1671,13:12:27,11.1,--,1,1110,买盘
1672,13:12:24,11.1,--,3,3330,买盘
1673,13:12:21,11.1,0.01,20,22200,买盘
1674,13:12:18,11.09,--,10,11090,卖盘
1675,13:12:15,11.09,--,100,110900,卖盘
1676,13:12:12,11.09,--,91,100919,卖盘
1677,13:12:06,11.09,--,22,24398,卖盘
1678,13:12:03,11.09,--,28,31052,卖盘
1679,13:12:00,11.09,--,51,56559,卖盘
1680,13:11:54,11.09,-0.01,658,729722,卖盘
1681,13:11:51,11.1,--,9,9990,买盘
1682,13:11:48,11.1,0.01,1,1110,买盘
1683,13:11:45,11.09,-0.01,14,15526,卖盘
1684,13:11:42,11.1,--,18,19980,买盘
1685,13:11:39,11.1,0.01,7,7770,买盘
1686,13:11:36,11.09,-0.01,98,108682,卖盘
1687,13:11:30,11.1,--,1,1110,买盘
1688,13:11:27,11.1,--,10,11100,买盘
1689,13:11:24,11.1,--,20,22200,买盘
1690,13:11:21,11.1,0.01,18,19980,买盘
1691,13:11:09,11.09,--,19,21071,卖盘
1692,13:11:06,11.09,--,10,11090,卖盘
1693,13:11:03,11.09,-0.01,3,3327,卖盘
1694,13:11:00,11.1,0.01,1,1110,买盘
1695,13:10:51,11.09,-0.01,6,6654,卖盘
1696,13:10:48,11.1,--,10,11100,买盘
1697,13:10:45,11.1,--,3,3330,买盘
1698,13:10:42,11.1,--,18,19980,买盘
1699,13:10:39,11.1,0.01,3,3330,买盘
1700,13:10:33,11.09,-0.01,8,8872,卖盘
1701,13:10:30,11.1,--,15,16650,买盘
1702,13:10:24,11.1,--,19,21090,买盘
1703,13:10:21,11.1,0.01,100,111000,买盘
1704,13:10:18,11.09,--,15,16635,卖盘
1705,13:10:15,11.09,--,152,168568,卖盘
1706,13:10:09,11.09,-0.01,11,12199,卖盘
1707,13:10:06,11.1,0.01,27,29970,买盘
1708,13:10:03,11.09,-0.01,4,4436,卖盘
1709,13:09:54,11.1,-0.01,682,757020,卖盘
1710,13:09:51,11.11,--,10,11110,买盘
1711,13:09:48,11.11,--,29,32219,买盘
1712,13:09:45,11.11,--,4,4444,买盘
1713,13:09:39,11.11,0.01,7,7777,买盘
1714,13:09:36,11.1,-0.01,5,5550,卖盘
1715,13:09:33,11.11,--,5,5555,买盘
1716,13:09:24,11.11,--,41,45551,买盘
1717,13:09:21,11.11,--,8,8888,买盘
1718,13:09:18,11.11,0.01,10,11110,买盘
1719,13:09:15,11.1,--,2,2220,卖盘
1720,13:09:09,11.1,-0.01,2,2220,卖盘
1721,13:09:06,11.11,--,4,4444,买盘
1722,13:09:03,11.11,--,576,639936,卖盘
1723,13:08:57,11.11,-0.01,30,33330,卖盘
1724,13:08:54,11.12,--,60,66720,买盘
1725,13:08:51,11.12,--,14,15567,买盘
1726,13:08:48,11.12,--,8,8896,买盘
1727,13:08:45,11.12,0.01,3,3335,买盘
1728,13:08:42,11.11,-0.01,11,12221,卖盘
1729,13:08:39,11.12,--,23,25576,买盘
1730,13:08:36,11.12,--,9,10008,买盘
1731,13:08:33,11.12,--,4,4448,买盘
1732,13:08:24,11.12,--,23,25576,买盘
1733,13:08:21,11.12,--,1,1112,买盘
1734,13:08:18,11.12,--,9,10008,买盘
1735,13:08:15,11.12,0.01,15,16680,买盘
1736,13:08:12,11.11,--,15,16665,卖盘
1737,13:08:09,11.11,-0.01,1,1111,卖盘
1738,13:08:06,11.12,0.01,9,10008,买盘
1739,13:08:03,11.11,-0.01,23,25553,卖盘
1740,13:07:51,11.12,--,1,1112,买盘
1741,13:07:48,11.12,--,17,18904,买盘
1742,13:07:45,11.12,--,10,11120,买盘
1743,13:07:39,11.12,0.01,16,17792,买盘
1744,13:07:36,11.11,-0.01,15,16665,卖盘
1745,13:07:33,11.12,0.01,1,1112,买盘
1746,13:07:24,11.11,-0.01,18,19998,卖盘
1747,13:07:21,11.12,--,20,22240,买盘
1748,13:07:15,11.12,0.01,431,479271,买盘
1749,13:07:12,11.11,--,1,1111,卖盘
1750,13:07:09,11.11,-0.01,101,112211,卖盘
1751,13:07:06,11.12,0.01,16,17792,买盘
1752,13:07:03,11.11,-0.01,24,26664,卖盘
1753,13:06:54,11.12,--,8,8896,买盘
1754,13:06:51,11.12,--,20,22240,买盘
1755,13:06:45,11.12,--,8,8896,买盘
1756,13:06:39,11.12,0.02,2,2224,买盘
1757,13:06:33,11.1,-0.02,11,12210,卖盘
1758,13:06:27,11.12,0.01,23,25576,买盘
1759,13:06:24,11.11,-0.01,2,2222,中性盘
1760,13:06:12,11.12,0.02,61,67832,买盘
1761,13:06:09,11.1,-0.01,1,1110,卖盘
1762,13:06:06,11.11,0.01,3,3333,买盘
1763,13:06:03,11.1,-0.01,3,3330,卖盘
1764,13:06:00,11.11,-0.01,1,1111,中性盘
1765,13:05:54,11.12,--,1,1112,买盘
1766,13:05:51,11.12,0.02,19,21128,买盘
1767,13:05:48,11.1,-0.01,174,193140,卖盘
1768,13:05:45,11.11,--,22,24442,卖盘
1769,13:05:42,11.11,--,5,5555,买盘
1770,13:05:39,11.11,0.01,3,3333,中性盘
1771,13:05:33,11.1,-0.01,133,147630,卖盘
1772,13:05:30,11.11,--,45,49995,卖盘
1773,13:05:27,11.11,--,170,188870,卖盘
1774,13:05:24,11.11,-0.01,9,9999,卖盘
1775,13:05:21,11.12,--,364,404768,卖盘
1776,13:05:18,11.12,-0.01,389,432567,卖盘
1777,13:05:15,11.13,--,9,10017,买盘
1778,13:05:09,11.13,--,23,25599,买盘
1779,13:05:06,11.13,0.01,1,1113,买盘
1780,13:05:03,11.12,--,3,3335,卖盘
1781,13:05:00,11.12,-0.01,16,17792,卖盘
1782,13:04:57,11.13,--,12,13356,买盘
1783,13:04:51,11.13,0.01,1,1113,买盘
1784,13:04:48,11.12,--,11,12232,卖盘
1785,13:04:45,11.12,-0.01,2,2224,卖盘
1786,13:04:42,11.13,--,15,16695,买盘
1787,13:04:39,11.13,0.01,1,1113,买盘
1788,13:04:36,11.12,-0.01,100,111199,卖盘
1789,13:04:33,11.13,--,1,1113,买盘
1790,13:04:30,11.13,0.01,200,222600,买盘
1791,13:04:27,11.12,--,6,6671,卖盘
1792,13:04:24,11.12,--,3,3335,卖盘
1793,13:04:18,11.12,--,44,48928,卖盘
1794,13:04:12,11.12,--,19,21128,卖盘
1795,13:04:09,11.12,-0.01,14,15567,卖盘
1796,13:04:06,11.13,0.01,21,23373,买盘
1797,13:04:03,11.12,-0.01,12,13343,卖盘
1798,13:03:54,11.13,0.01,9,10017,买盘
1799,13:03:51,11.12,-0.02,20,22240,卖盘
1800,13:03:48,11.14,0.01,9,10026,买盘
1801,13:03:45,11.13,--,103,114639,买盘
1802,13:03:42,11.13,--,2,2226,买盘
1803,13:03:39,11.13,--,5,5565,买盘
1804,13:03:36,11.13,-0.01,20,22260,买盘
1805,13:03:27,11.14,--,21,23394,买盘
1806,13:03:24,11.14,0.02,84,93576,买盘
1807,13:03:09,11.12,-0.02,2,2224,卖盘
1808,13:03:06,11.14,0.02,6,6684,买盘
1809,13:03:03,11.12,--,3,3335,卖盘
1810,13:03:00,11.12,--,102,113423,卖盘
1811,13:02:54,11.12,--,15,16680,卖盘
1812,13:02:51,11.12,-0.02,10,11120,卖盘
1813,13:02:48,11.14,0.02,25,27850,买盘
1814,13:02:45,11.12,-0.01,3,3335,卖盘
1815,13:02:36,11.13,-0.01,5,5565,卖盘
1816,13:02:33,11.14,--,20,22280,买盘
1817,13:02:30,11.14,--,1,1114,买盘
1818,13:02:27,11.14,0.01,1,1114,买盘
1819,13:02:24,11.13,-0.01,26,28938,卖盘
1820,13:02:18,11.14,--,10,11140,买盘
1821,13:02:15,11.14,--,1,1114,买盘
1822,13:02:12,11.14,0.01,214,238396,买盘
1823,13:02:09,11.13,-0.01,3,3339,卖盘
1824,13:02:06,11.14,0.01,19,21166,买盘
1825,13:02:03,11.13,-0.01,4,4452,卖盘
1826,13:02:00,11.14,--,12,13368,买盘
1827,13:01:57,11.14,--,1,1114,买盘
1828,13:01:54,11.14,--,1,1114,买盘
1829,13:01:51,11.14,0.01,1,1114,买盘
1830,13:01:48,11.13,-0.01,10,11130,卖盘
1831,13:01:45,11.14,--,11,12254,买盘
1832,13:01:42,11.14,--,1,1114,买盘
1833,13:01:36,11.14,0.01,16,17824,买盘
1834,13:01:33,11.13,-0.01,1,1113,卖盘
1835,13:01:30,11.14,--,19,21166,买盘
1836,13:01:27,11.14,0.01,9,10026,买盘
1837,13:01:24,11.13,--,8,8904,卖盘
1838,13:01:21,11.13,--,5,5565,卖盘
1839,13:01:18,11.13,-0.01,84,93492,卖盘
1840,13:01:15,11.14,0.01,82,91348,买盘
1841,13:01:09,11.13,--,34,37842,卖盘
1842,13:01:03,11.13,--,16,17808,卖盘
1843,13:01:00,11.13,--,10,11130,卖盘
1844,13:00:57,11.13,--,20,22260,卖盘
1845,13:00:45,11.13,--,4,4452,卖盘
1846,13:00:42,11.13,--,1,1113,卖盘
1847,13:00:36,11.13,-0.01,34,37842,中性盘
1848,13:00:27,11.14,0.02,22,24508,买盘
1849,13:00:24,11.12,--,122,135664,卖盘
1850,13:00:21,11.12,--,42,46704,卖盘
1851,13:00:12,11.12,--,10,11120,卖盘
1852,13:00:09,11.12,--,28,31135,卖盘
1853,13:00:06,11.12,--,653,726136,卖盘
1854,13:00:03,11.12,--,217,241303,卖盘
1855,13:00:00,11.12,--,93,103416,买盘
1856,11:30:00,11.12,--,0,0,买盘
1857,11:29:57,11.12,--,2,2224,买盘
1858,11:29:51,11.12,--,1,1112,买盘
1859,11:29:48,11.12,0.01,42,46704,买盘
1860,11:29:45,11.11,-0.01,33,36663,卖盘
1861,11:29:39,11.12,--,3,3335,买盘
1862,11:29:36,11.12,--,30,33360,买盘
1863,11:29:33,11.12,--,14,15567,买盘
1864,11:29:30,11.12,0.01,1,1112,买盘
1865,11:29:24,11.11,-0.01,2,2222,卖盘
1866,11:29:18,11.12,--,1,1112,买盘
1867,11:29:15,11.12,--,20,22240,买盘
1868,11:29:12,11.12,0.01,10,11120,买盘
1869,11:29:09,11.11,-0.01,8,8888,卖盘
1870,11:29:06,11.12,0.01,18,20016,买盘
1871,11:29:03,11.11,-0.01,23,25553,卖盘
1872,11:29:00,11.12,--,137,152344,买盘
1873,11:28:57,11.12,0.01,20,22240,买盘
1874,11:28:48,11.11,--,68,75548,卖盘
1875,11:28:45,11.11,--,2,2222,卖盘
1876,11:28:42,11.11,--,14,15554,卖盘
1877,11:28:39,11.11,--,10,11110,卖盘
1878,11:28:36,11.11,-0.01,5,5555,卖盘
1879,11:28:33,11.12,--,130,144560,买盘
1880,11:28:24,11.12,--,10,11120,买盘
1881,11:28:21,11.12,--,31,34472,买盘
1882,11:28:18,11.12,--,268,298016,买盘
1883,11:28:15,11.12,0.01,8,8896,买盘
1884,11:28:09,11.11,--,4,4444,卖盘
1885,11:28:06,11.11,--,1,1111,卖盘
1886,11:28:03,11.11,--,2,2222,卖盘
1887,11:28:00,11.11,--,51,56661,买盘
1888,11:27:57,11.11,--,70,77770,买盘
1889,11:27:54,11.11,0.01,210,233310,买盘
1890,11:27:45,11.1,--,3,3330,卖盘
1891,11:27:39,11.1,--,18,19980,卖盘
1892,11:27:36,11.1,-0.01,4,4440,卖盘
1893,11:27:27,11.11,-0.01,170,188870,卖盘
1894,11:27:24,11.12,0.01,13,14455,买盘
1895,11:27:21,11.11,--,10,11110,卖盘
1896,11:27:15,11.11,--,128,142208,买盘
1897,11:27:12,11.11,0.01,647,718817,买盘
1898,11:27:06,11.1,--,1,1110,卖盘
1899,11:27:03,11.1,--,16,17760,卖盘
1900,11:27:00,11.1,--,5,5550,卖盘
1901,11:26:57,11.1,--,42,46620,卖盘
1902,11:26:48,11.1,--,6,6660,卖盘
1903,11:26:45,11.1,--,23,25530,卖盘
1904,11:26:42,11.1,-0.01,14,15540,卖盘
1905,11:26:39,11.11,0.02,11,12221,买盘
1906,11:26:33,11.09,--,33,36597,卖盘
1907,11:26:30,11.09,-0.02,2,2218,卖盘
1908,11:26:27,11.11,--,15,16665,买盘
1909,11:26:24,11.11,--,9,9999,买盘
1910,11:26:21,11.11,0.02,30,33330,买盘
1911,11:26:18,11.09,-0.02,4,4436,卖盘
1912,11:26:15,11.11,0.02,4,4444,买盘
1913,11:26:06,11.09,--,2,2218,卖盘
1914,11:26:03,11.09,-0.02,3,3327,卖盘
1915,11:25:54,11.11,0.01,186,206646,买盘
1916,11:25:51,11.1,--,16,17760,买盘
1917,11:25:48,11.1,--,1,1110,买盘
1918,11:25:45,11.1,--,1049,1164390,卖盘
1919,11:25:42,11.1,--,294,326340,卖盘
1920,11:25:36,11.1,-0.01,7,7770,卖盘
1921,11:25:30,11.11,0.01,12,13332,买盘
1922,11:25:27,11.1,--,14,15540,卖盘
1923,11:25:24,11.1,-0.01,3,3330,卖盘
1924,11:25:21,11.11,--,53,58883,买盘
1925,11:25:18,11.11,0.01,14,15554,买盘
1926,11:25:15,11.1,--,3,3330,卖盘
1927,11:25:12,11.1,0.02,790,876900,买盘
1928,11:25:09,11.08,-0.02,1,1108,卖盘
1929,11:25:06,11.1,0.02,11,12210,买盘
1930,11:25:03,11.08,--,153,169524,卖盘
1931,11:24:57,11.08,-0.01,3,3324,卖盘
1932,11:24:54,11.09,0.01,90,99810,买盘
1933,11:24:51,11.08,-0.01,5,5540,卖盘
1934,11:24:48,11.09,--,1,1109,买盘
1935,11:24:45,11.09,-0.01,26,28834,卖盘
1936,11:24:42,11.1,0.01,19,21090,买盘
1937,11:24:39,11.09,-0.01,268,297212,卖盘
1938,11:24:36,11.1,--,1,1110,买盘
1939,11:24:33,11.1,0.01,14,15540,买盘
1940,11:24:30,11.09,--,16,17744,卖盘
1941,11:24:24,11.09,-0.01,3,3327,卖盘
1942,11:24:18,11.1,0.01,15,16650,买盘
1943,11:24:12,11.09,-0.01,36,39924,卖盘
1944,11:24:09,11.1,0.01,14,15540,买盘
1945,11:24:06,11.09,--,18,19962,卖盘
1946,11:24:03,11.09,-0.01,3,3327,卖盘
1947,11:24:00,11.1,0.01,29,32190,买盘
1948,11:23:54,11.09,-0.01,52,57668,卖盘
1949,11:23:48,11.1,0.01,96,106560,买盘
1950,11:23:42,11.09,--,3,3327,卖盘
1951,11:23:39,11.09,-0.01,17,18853,卖盘
1952,11:23:33,11.1,--,22,24420,买盘
1953,11:23:30,11.1,--,9,9990,买盘
1954,11:23:27,11.1,0.01,53,58830,买盘
1955,11:23:24,11.09,-0.01,12,13308,卖盘
1956,11:23:21,11.1,--,3,3330,买盘
1957,11:23:18,11.1,0.01,2,2220,买盘
1958,11:23:15,11.09,--,15,16635,卖盘
1959,11:23:12,11.09,--,2,2218,卖盘
1960,11:23:09,11.09,-0.01,1,1109,卖盘
1961,11:23:06,11.1,--,1,1110,买盘
1962,11:23:03,11.1,--,4,4440,买盘
1963,11:23:00,11.1,--,29,32190,买盘
1964,11:22:57,11.1,--,3,3330,买盘
1965,11:22:45,11.1,0.01,15,16650,买盘
1966,11:22:42,11.09,--,2,2218,卖盘
1967,11:22:39,11.09,-0.01,10,11090,卖盘
1968,11:22:36,11.1,0.01,10,11100,买盘
1969,11:22:33,11.09,-0.01,6,6654,卖盘
1970,11:22:30,11.1,0.01,8,8880,买盘
1971,11:22:24,11.09,-0.01,5,5545,卖盘
1972,11:22:21,11.1,--,15,16650,买盘
1973,11:22:18,11.1,--,23,25530,买盘
1974,11:22:12,11.1,--,7,7770,买盘
1975,11:22:06,11.1,0.01,2,2220,买盘
1976,11:22:03,11.09,--,12,13308,卖盘
1977,11:22:00,11.09,-0.01,11,12199,卖盘
1978,11:21:57,11.1,--,4,4440,买盘
1979,11:21:51,11.1,--,7,7770,买盘
1980,11:21:48,11.1,--,1,1110,买盘
1981,11:21:45,11.1,0.01,14,15540,买盘
1982,11:21:42,11.09,--,38,42142,卖盘
1983,11:21:39,11.09,--,1,1109,卖盘
1984,11:21:36,11.09,--,50,55450,卖盘
1985,11:21:24,11.09,-0.01,3,3327,中性盘
1986,11:21:18,11.1,--,1,1110,买盘
1987,11:21:09,11.1,0.01,21,23310,买盘
1988,11:21:06,11.09,0.01,23,25507,买盘
1989,11:21:03,11.08,--,3,3324,卖盘
1990,11:21:00,11.08,-0.01,30,33240,卖盘
1991,11:20:57,11.09,--,20,22180,买盘
1992,11:20:51,11.09,--,4,4436,买盘
1993,11:20:48,11.09,--,7,7763,卖盘
1994,11:20:45,11.09,--,51,56559,卖盘
1995,11:20:42,11.09,-0.01,10,11090,卖盘
1996,11:20:39,11.1,--,9,9990,买盘
1997,11:20:36,11.1,--,14,15540,买盘
1998,11:20:33,11.1,0.01,50,55500,买盘
1999,11:20:30,11.09,--,81,89829,卖盘
2000,11:20:24,11.09,-0.01,27,29943,卖盘
2001,11:20:18,11.1,--,12,13320,买盘
2002,11:20:06,11.1,0.01,2,2220,买盘
2003,11:20:03,11.09,-0.01,10,11090,卖盘
2004,11:20:00,11.1,0.01,15,16650,买盘
2005,11:19:57,11.09,--,12,13308,卖盘
2006,11:19:51,11.09,-0.01,1,1109,卖盘
2007,11:19:48,11.1,0.01,9,9990,买盘
2008,11:19:45,11.09,--,10,11090,卖盘
2009,11:19:42,11.09,--,3,3327,卖盘
2010,11:19:39,11.09,--,19,21071,卖盘
2011,11:19:36,11.09,-0.01,11,12199,卖盘
2012,11:19:33,11.1,0.01,1,1110,买盘
2013,11:19:30,11.09,0.01,13,14417,买盘
2014,11:19:27,11.08,-0.02,0,144,卖盘
2015,11:19:24,11.1,0.01,30,33300,买盘
2016,11:19:21,11.09,--,26,28834,买盘
2017,11:19:18,11.09,--,4,4436,买盘
2018,11:19:12,11.09,--,4,4436,买盘
2019,11:19:06,11.09,0.01,2,2218,中性盘
2020,11:19:03,11.08,-0.01,7,7756,卖盘
2021,11:19:00,11.09,--,12,13308,买盘
2022,11:18:57,11.09,--,39,43251,买盘
2023,11:18:54,11.09,--,11,12199,买盘
2024,11:18:51,11.09,--,34,37706,买盘
2025,11:18:48,11.09,0.01,1,1109,买盘
2026,11:18:42,11.08,-0.01,46,50968,卖盘
2027,11:18:36,11.09,-0.01,21,23289,卖盘
2028,11:18:33,11.1,0.01,2,2220,买盘
2029,11:18:30,11.09,-0.01,116,128644,卖盘
2030,11:18:27,11.1,0.01,86,95460,买盘
2031,11:18:24,11.09,-0.01,3,3327,卖盘
2032,11:18:18,11.1,--,4,4440,买盘
2033,11:18:12,11.1,0.01,15,16650,买盘
2034,11:18:09,11.09,-0.01,12,13308,卖盘
2035,11:18:06,11.1,0.01,4,4440,买盘
2036,11:18:03,11.09,--,3,3327,卖盘
2037,11:18:00,11.09,-0.01,5,5545,卖盘
2038,11:17:54,11.1,0.01,20,22200,买盘
2039,11:17:48,11.09,-0.01,8,8872,卖盘
2040,11:17:45,11.1,0.01,3,3330,买盘
2041,11:17:42,11.09,-0.01,3,3327,卖盘
2042,11:17:39,11.1,--,161,178710,买盘
2043,11:17:36,11.1,--,20,22200,买盘
2044,11:17:33,11.1,0.01,3,3330,中性盘
2045,11:17:24,11.09,-0.02,6,6654,卖盘
2046,11:17:18,11.11,--,11,12221,买盘
2047,11:17:15,11.11,0.02,100,111100,买盘
2048,11:17:12,11.09,-0.01,6,6654,卖盘
2049,11:17:09,11.1,-0.01,18,19980,卖盘
2050,11:17:06,11.11,0.01,45,49995,买盘
2051,11:17:03,11.1,-0.01,109,120990,卖盘
2052,11:17:00,11.11,0.01,2,2222,买盘
2053,11:16:57,11.1,-0.01,62,68820,卖盘
2054,11:16:54,11.11,0.01,21,23331,买盘
2055,11:16:51,11.1,-0.01,60,66600,卖盘
2056,11:16:48,11.11,--,3,3333,买盘
2057,11:16:45,11.11,0.01,1,1111,买盘
2058,11:16:42,11.1,-0.01,2,2220,卖盘
2059,11:16:39,11.11,0.01,15,16665,买盘
2060,11:16:33,11.1,-0.01,89,98790,卖盘
2061,11:16:30,11.11,--,14,15554,买盘
2062,11:16:27,11.11,0.01,3,3333,买盘
2063,11:16:24,11.1,-0.01,3,3330,卖盘
2064,11:16:21,11.11,--,28,31108,买盘
2065,11:16:18,11.11,--,12,13332,买盘
2066,11:16:06,11.11,0.01,114,126654,买盘
2067,11:16:03,11.1,-0.01,3,3330,卖盘
2068,11:15:57,11.11,--,34,37774,买盘
2069,11:15:54,11.11,0.03,1370,1522070,买盘
2070,11:15:51,11.08,-0.01,13,14404,卖盘
2071,11:15:48,11.09,-0.01,7,7763,中性盘
2072,11:15:45,11.1,0.03,3,3330,买盘
2073,11:15:42,11.07,--,2,2214,卖盘
2074,11:15:36,11.07,-0.01,102,112914,卖盘
2075,11:15:33,11.08,-0.02,26,28808,卖盘
2076,11:15:30,11.1,--,40,44400,买盘
2077,11:15:27,11.1,--,218,241980,买盘
2078,11:15:24,11.1,0.03,14,15540,买盘
2079,11:15:21,11.07,-0.01,28,30996,卖盘
2080,11:15:18,11.08,--,39,43212,卖盘
2081,11:15:15,11.08,--,128,141824,卖盘
2082,11:15:12,11.08,-0.01,87,96396,卖盘
2083,11:15:09,11.09,0.01,8,8872,卖盘
2084,11:15:06,11.08,--,1,1108,卖盘
2085,11:15:03,11.08,-0.02,23,25484,卖盘
2086,11:15:00,11.1,--,39,43290,买盘
2087,11:14:57,11.1,0.02,10,11100,买盘
2088,11:14:54,11.08,--,29,32132,卖盘
2089,11:14:51,11.08,-0.01,58,64264,卖盘
2090,11:14:48,11.09,0.01,239,265051,中性盘
2091,11:14:42,11.08,-0.02,10,11080,卖盘
2092,11:14:39,11.1,0.01,482,535020,买盘
2093,11:14:36,11.09,--,45,49905,买盘
2094,11:14:33,11.09,--,2,2218,买盘
2095,11:14:30,11.09,--,17,18853,买盘
2096,11:14:27,11.09,--,20,22180,买盘
2097,11:14:24,11.09,--,11,12199,买盘
2098,11:14:18,11.09,--,3,3327,买盘
2099,11:14:06,11.09,0.01,4,4436,买盘
2100,11:14:03,11.08,--,3,3324,卖盘
2101,11:14:00,11.08,--,5,5540,卖盘
2102,11:13:57,11.08,-0.01,104,115232,卖盘
2103,11:13:54,11.09,--,4,4436,买盘
2104,11:13:51,11.09,--,114,126426,买盘
2105,11:13:48,11.09,0.01,1,1109,买盘
2106,11:13:45,11.08,--,10,11080,卖盘
2107,11:13:42,11.08,-0.01,5,5540,卖盘
2108,11:13:36,11.09,0.01,7,7763,买盘
2109,11:13:33,11.08,--,25,27700,买盘
2110,11:13:30,11.08,--,2,2216,买盘
2111,11:13:27,11.08,--,43,47644,买盘
2112,11:13:24,11.08,--,13,14404,买盘
2113,11:13:21,11.08,--,8,8864,买盘
2114,11:13:18,11.08,0.01,19,21052,买盘
2115,11:13:15,11.07,-0.01,10,11070,卖盘
2116,11:13:12,11.08,0.01,17,18836,买盘
2117,11:13:06,11.07,0.01,1,1107,买盘
2118,11:13:03,11.06,-0.01,18,19908,卖盘
2119,11:13:00,11.07,0.01,7,7749,买盘
2120,11:12:54,11.06,-0.02,3,3318,卖盘
2121,11:12:48,11.08,0.02,2,2216,买盘
2122,11:12:45,11.06,--,2,2212,卖盘
2123,11:12:42,11.06,-0.02,124,137144,卖盘
2124,11:12:39,11.08,--,7,7756,买盘
2125,11:12:36,11.08,--,3,3324,买盘
2126,11:12:33,11.08,0.02,10,11080,买盘
2127,11:12:30,11.06,-0.02,56,61936,卖盘
2128,11:12:24,11.08,--,6,6648,买盘
2129,11:12:18,11.08,--,3,3324,买盘
2130,11:12:15,11.08,--,83,91964,买盘
2131,11:12:09,11.08,--,22,24376,买盘
2132,11:12:06,11.08,--,2,2216,买盘
2133,11:12:03,11.08,--,6,6648,买盘
2134,11:12:00,11.08,--,8,8864,买盘
2135,11:11:57,11.08,--,10,11080,买盘
2136,11:11:54,11.08,0.01,3,3324,买盘
2137,11:11:51,11.07,-0.01,9,9963,中性盘
2138,11:11:45,11.08,--,4,4432,买盘
2139,11:11:42,11.08,0.02,3,3324,买盘
2140,11:11:33,11.06,-0.01,99,109494,卖盘
2141,11:11:30,11.07,--,23,25461,买盘
2142,11:11:27,11.07,--,3,3321,买盘
2143,11:11:24,11.07,--,3,3321,买盘
2144,11:11:18,11.07,0.01,3,3321,买盘
2145,11:11:09,11.06,--,7,7742,卖盘
2146,11:11:06,11.06,0.01,9,9954,卖盘
2147,11:11:03,11.05,-0.01,18,19890,卖盘
2148,11:11:00,11.06,--,15,16590,买盘
2149,11:10:57,11.06,--,3,3318,买盘
2150,11:10:45,11.06,0.01,2,2212,买盘
2151,11:10:42,11.05,--,3,3315,卖盘
2152,11:10:36,11.05,-0.01,135,149175,卖盘
2153,11:10:33,11.06,--,5,5530,买盘
2154,11:10:30,11.06,--,7,7742,买盘
2155,11:10:24,11.06,--,26,28756,买盘
2156,11:10:21,11.06,--,13,14378,买盘
2157,11:10:15,11.06,0.01,14,15484,买盘
2158,11:10:06,11.05,--,1,1105,卖盘
2159,11:10:03,11.05,-0.01,4,4420,卖盘
2160,11:09:51,11.06,--,1,1106,买盘
2161,11:09:45,11.06,0.01,16,17696,买盘
2162,11:09:42,11.05,--,33,36465,卖盘
2163,11:09:36,11.05,--,4,4420,卖盘
2164,11:09:33,11.05,-0.01,20,22100,卖盘
2165,11:09:27,11.06,0.02,27,29862,买盘
2166,11:09:24,11.04,-0.02,3,3311,卖盘
2167,11:09:15,11.06,--,16,17696,买盘
2168,11:09:12,11.06,--,33,36498,卖盘
2169,11:09:09,11.06,--,10,11060,卖盘
2170,11:09:06,11.06,0.02,30,33180,卖盘
2171,11:09:03,11.04,-0.04,504,556416,卖盘
2172,11:08:48,11.08,0.02,3,3324,买盘
2173,11:08:42,11.06,--,3,3318,卖盘
2174,11:08:36,11.06,--,6,6636,卖盘
2175,11:08:30,11.06,-0.02,150,165900,卖盘
2176,11:08:27,11.08,0.02,14,15512,买盘
2177,11:08:24,11.06,--,9,9954,卖盘
2178,11:08:15,11.06,--,3,3318,卖盘
2179,11:08:12,11.06,-0.02,23,25438,卖盘
2180,11:08:09,11.08,0.02,20,22160,买盘
2181,11:08:06,11.06,--,24,26544,卖盘
2182,11:08:03,11.06,--,4,4424,卖盘
2183,11:08:00,11.06,-0.02,7,7742,卖盘
2184,11:07:57,11.08,-0.01,9,9972,买盘
2185,11:07:54,11.09,0.01,14,15526,买盘
2186,11:07:51,11.08,0.02,1,1108,买盘
2187,11:07:48,11.06,--,7,7742,卖盘
2188,11:07:42,11.06,-0.03,3,3318,卖盘
2189,11:07:36,11.09,--,4,4436,买盘
2190,11:07:24,11.09,--,9,9981,买盘
2191,11:07:18,11.09,0.04,15,16635,买盘
2192,11:07:15,11.05,-0.01,97,107185,卖盘
2193,11:07:12,11.06,--,204,225624,买盘
2194,11:07:09,11.06,0.01,161,178066,买盘
2195,11:07:06,11.05,--,5,5525,卖盘
2196,11:07:03,11.05,-0.01,7,7735,卖盘
2197,11:06:57,11.06,0.01,21,23226,买盘
2198,11:06:54,11.05,--,5,5525,卖盘
2199,11:06:42,11.05,-0.01,18,19890,卖盘
2200,11:06:39,11.06,0.01,1,1106,买盘
2201,11:06:33,11.05,-0.01,20,22100,卖盘
2202,11:06:30,11.06,0.01,35,38710,买盘
2203,11:06:24,11.05,-0.01,3,3315,卖盘
2204,11:06:21,11.06,--,13,14378,买盘
2205,11:06:18,11.06,0.02,7,7742,买盘
2206,11:06:09,11.04,-0.02,10,11040,卖盘
2207,11:06:03,11.06,0.02,18,19908,中性盘
2208,11:06:00,11.04,-0.02,314,346656,卖盘
2209,11:05:42,11.06,-0.03,6,6636,卖盘
2210,11:05:39,11.09,--,11,12199,买盘
2211,11:05:33,11.09,0.05,11,12199,买盘
2212,11:05:30,11.04,-0.01,20,22080,卖盘
2213,11:05:27,11.05,-0.04,15,16575,卖盘
2214,11:05:24,11.09,0.03,63,70532,买盘
2215,11:05:21,11.06,-0.03,7,7742,卖盘
2216,11:05:18,11.09,--,30,33713,卖盘
2217,11:05:15,11.09,--,73,80957,买盘
2218,11:05:12,11.09,--,26,28834,卖盘
2219,11:05:09,11.09,0.01,82,90938,买盘
2220,11:05:06,11.08,--,46,50968,卖盘
2221,11:05:03,11.08,--,5,5540,卖盘
2222,11:05:00,11.08,-0.01,85,94180,卖盘
2223,11:04:54,11.09,-0.01,62,68758,卖盘
2224,11:04:51,11.1,0.01,15,16650,买盘
2225,11:04:48,11.09,--,4,4436,卖盘
2226,11:04:45,11.09,0.01,24,26616,买盘
2227,11:04:42,11.08,-0.02,3,3324,卖盘
2228,11:04:39,11.1,0.01,290,321900,买盘
2229,11:04:36,11.09,-0.01,167,185203,卖盘
2230,11:04:33,11.1,--,208,230880,买盘
2231,11:04:30,11.1,0.01,1,1110,买盘
2232,11:04:24,11.09,-0.01,2,2218,卖盘
2233,11:04:21,11.1,0.01,43,47730,买盘
2234,11:04:18,11.09,-0.01,5,5545,卖盘
2235,11:04:15,11.1,--,14,15540,买盘
2236,11:04:12,11.1,--,197,218670,买盘
2237,11:04:09,11.1,--,48,53280,买盘
2238,11:04:06,11.1,--,260,288600,买盘
2239,11:04:03,11.1,0.01,89,98790,买盘
2240,11:04:00,11.09,-0.01,1,1109,卖盘
2241,11:03:57,11.1,0.01,6,6660,买盘
2242,11:03:51,11.09,0.01,15,16635,中性盘
2243,11:03:48,11.08,-0.01,47,52076,卖盘
2244,11:03:45,11.09,--,48,53232,卖盘
2245,11:03:42,11.09,--,24,26616,中性盘
2246,11:03:39,11.09,-0.01,10,11090,中性盘
2247,11:03:33,11.1,0.01,105,116550,买盘
2248,11:03:30,11.09,--,197,218473,买盘
2249,11:03:27,11.09,--,1,1109,买盘
2250,11:03:24,11.09,0.01,5,5545,买盘
2251,11:03:18,11.08,-0.01,30,33240,卖盘
2252,11:03:12,11.09,0.01,1,1109,买盘
2253,11:03:09,11.08,-0.01,7,7756,卖盘
2254,11:03:06,11.09,0.01,44,48796,买盘
2255,11:03:03,11.08,-0.01,13,14404,卖盘
2256,11:03:00,11.09,0.02,12,13308,买盘
2257,11:02:54,11.07,-0.01,45,49815,卖盘
2258,11:02:51,11.08,-0.01,50,55400,卖盘
2259,11:02:48,11.09,--,26,28834,卖盘
2260,11:02:45,11.09,0.02,38,42807,买盘
2261,11:02:42,11.07,-0.02,27,30331,卖盘
2262,11:02:39,11.09,--,37,41033,卖盘
2263,11:02:36,11.09,0.01,376,416984,买盘
2264,11:02:30,11.08,-0.01,100,110800,卖盘
2265,11:02:27,11.09,--,20,22180,买盘
2266,11:02:24,11.09,--,36,39924,买盘
2267,11:02:18,11.09,--,318,352662,买盘
2268,11:02:12,11.09,0.01,26,28834,买盘
2269,11:02:09,11.08,-0.01,6,6648,卖盘
2270,11:02:06,11.09,0.01,13,14417,买盘
2271,11:02:03,11.08,--,2,2216,卖盘
2272,11:02:00,11.08,--,1,1108,卖盘
2273,11:01:54,11.08,-0.01,100,110800,卖盘
2274,11:01:48,11.09,0.01,7,7763,买盘
2275,11:01:42,11.08,--,235,261044,买盘
2276,11:01:30,11.08,0.03,3,3324,买盘
2277,11:01:24,11.05,-0.03,2,2210,中性盘
2278,11:01:18,11.08,0.05,110,121880,买盘
2279,11:01:15,11.03,0.01,5,5515,中性盘
2280,11:01:12,11.02,-0.05,21,23142,卖盘
2281,11:01:06,11.07,--,42,46936,卖盘
2282,11:01:03,11.07,--,43,47601,卖盘
2283,11:01:00,11.07,-0.01,2,2214,卖盘
2284,11:00:57,11.08,--,22,24597,买盘
2285,11:00:54,11.08,--,16,17728,买盘
2286,11:00:51,11.08,--,22,24376,买盘
2287,11:00:48,11.08,0.01,30,33683,买盘
2288,11:00:45,11.07,--,5,5535,买盘
2289,11:00:42,11.07,--,5,5535,买盘
2290,11:00:39,11.07,--,9,9963,买盘
2291,11:00:36,11.07,--,201,223171,卖盘
2292,11:00:33,11.07,--,62,68634,卖盘
2293,11:00:30,11.07,-0.01,149,164943,卖盘
2294,11:00:27,11.08,0.01,2,2216,买盘
2295,11:00:24,11.07,--,12,13284,卖盘
2296,11:00:18,11.07,--,92,101844,卖盘
2297,11:00:15,11.07,0.05,897,993421,买盘
2298,11:00:09,11.02,-0.02,5,5510,卖盘
2299,11:00:06,11.04,0.02,1,1104,买盘
2300,11:00:03,11.02,--,2,2204,卖盘
2301,11:00:00,11.02,-0.02,5,5510,中性盘
2302,10:59:57,11.04,--,2,2208,买盘
2303,10:59:54,11.04,0.02,95,104879,买盘
2304,10:59:48,11.02,--,91,100282,卖盘
2305,10:59:45,11.02,-0.03,3,3306,卖盘
2306,10:59:42,11.05,0.03,303,334815,买盘
2307,10:59:39,11.02,-0.03,219,241338,卖盘
2308,10:59:36,11.05,0.01,7,7735,买盘
2309,10:59:33,11.04,--,31,34224,卖盘
2310,10:59:30,11.04,-0.01,6,6623,卖盘
2311,10:59:27,11.05,0.01,12,13260,买盘
2312,10:59:24,11.04,-0.01,8,8832,卖盘
2313,10:59:21,11.05,0.01,40,44200,买盘
2314,10:59:18,11.04,--,5,5520,买盘
2315,10:59:15,11.04,--,10,11040,买盘
2316,10:59:12,11.04,--,10,11040,卖盘
2317,10:59:03,11.04,--,2,2208,卖盘
2318,10:59:00,11.04,--,6,6623,买盘
2319,10:58:57,11.04,--,9,9936,买盘
2320,10:58:51,11.04,--,11,12143,卖盘
2321,10:58:42,11.04,-0.01,32,35328,卖盘
2322,10:58:36,11.05,--,1,1105,买盘
2323,10:58:33,11.05,0.01,11,12155,买盘
2324,10:58:27,11.04,0.01,2,2208,买盘
2325,10:58:24,11.03,-0.01,17,18751,卖盘
2326,10:58:21,11.04,-0.01,34,37536,卖盘
2327,10:58:18,11.05,--,14,15470,买盘
2328,10:58:15,11.05,0.01,34,37570,买盘
2329,10:58:09,11.04,--,24,26495,卖盘
2330,10:58:03,11.04,-0.01,5,5520,卖盘
2331,10:58:00,11.05,0.01,7,7735,买盘
2332,10:57:57,11.04,0.01,333,367632,买盘
2333,10:57:51,11.03,--,36,39708,卖盘
2334,10:57:42,11.03,-0.01,93,102579,卖盘
2335,10:57:39,11.04,--,26,28703,卖盘
2336,10:57:36,11.04,0.01,16,17664,买盘
2337,10:57:33,11.03,-0.01,29,31986,卖盘
2338,10:57:30,11.04,--,23,25391,买盘
2339,10:57:27,11.04,0.01,18,19872,买盘
2340,10:57:24,11.03,-0.01,3,3309,卖盘
2341,10:57:21,11.04,--,2,2208,买盘
2342,10:57:18,11.04,0.01,2,2208,买盘
2343,10:57:15,11.03,-0.01,10,11030,卖盘
2344,10:57:12,11.04,--,2,2208,买盘
2345,10:57:06,11.04,0.01,10,11040,买盘
2346,10:57:03,11.03,-0.01,3,3309,卖盘
2347,10:57:00,11.04,0.01,1,1104,买盘
2348,10:56:57,11.03,-0.01,3,3309,卖盘
2349,10:56:54,11.04,0.01,1,1104,买盘
2350,10:56:51,11.03,-0.01,26,28678,卖盘
2351,10:56:45,11.04,0.01,36,39744,买盘
2352,10:56:42,11.03,-0.01,240,264720,卖盘
2353,10:56:30,11.04,--,20,22080,买盘
2354,10:56:27,11.04,0.01,2,2208,买盘
2355,10:56:24,11.03,--,291,320973,买盘
2356,10:56:21,11.03,--,7,7721,买盘
2357,10:56:15,11.03,--,32,35296,买盘
2358,10:56:09,11.03,0.01,8,8824,买盘
2359,10:56:03,11.02,0.01,17,18734,买盘
2360,10:55:57,11.01,-0.01,6,6606,卖盘
2361,10:55:54,11.02,0.01,10,11020,买盘
2362,10:55:51,11.01,--,42,46242,买盘
2363,10:55:48,11.01,--,36,39636,买盘
2364,10:55:45,11.01,0.01,11,12111,买盘
2365,10:55:42,11.0,-0.01,34,37400,卖盘
2366,10:55:27,11.01,0.01,12,13212,买盘
2367,10:55:24,11.0,--,26,28600,买盘
2368,10:55:21,11.0,--,7,7700,买盘
2369,10:55:18,11.0,--,75,82500,买盘
2370,10:55:15,11.0,--,40,44000,买盘
2371,10:55:12,11.0,--,4,4400,买盘
2372,10:55:06,11.0,0.01,7,7700,买盘
2373,10:55:03,10.99,--,3,3297,卖盘
2374,10:54:57,10.99,--,23,25277,卖盘
2375,10:54:54,10.99,-0.01,24,26376,卖盘
2376,10:54:51,11.0,--,8,8800,买盘
2377,10:54:48,11.0,0.01,109,119900,买盘
2378,10:54:42,10.99,--,22,24178,卖盘
2379,10:54:39,10.99,--,82,90118,卖盘
2380,10:54:36,10.99,-0.01,33,36267,卖盘
2381,10:54:30,11.0,--,7,7700,买盘
2382,10:54:27,11.0,--,15,16500,买盘
2383,10:54:24,11.0,--,11,12100,买盘
2384,10:54:18,11.0,--,3,3300,买盘
2385,10:54:15,11.0,--,7,7700,买盘
2386,10:54:09,11.0,0.01,2,2200,买盘
2387,10:54:06,10.99,--,24,26376,卖盘
2388,10:54:03,10.99,--,203,223097,卖盘
2389,10:54:00,10.99,--,16,17584,卖盘
2390,10:53:57,10.99,-0.01,3,3297,卖盘
2391,10:53:54,11.0,--,5,5500,买盘
2392,10:53:51,11.0,--,7,7700,买盘
2393,10:53:48,11.0,--,102,112200,卖盘
2394,10:53:42,11.0,--,2,2200,卖盘
2395,10:53:39,11.0,-0.03,19,20900,卖盘
2396,10:53:36,11.03,0.03,2,2206,买盘
2397,10:53:33,11.0,--,1,1100,卖盘
2398,10:53:27,11.0,--,27,29700,买盘
2399,10:53:24,11.0,--,13,14300,买盘
2400,10:53:21,11.0,--,115,126500,买盘
2401,10:53:18,11.0,--,8,8800,买盘
2402,10:53:15,11.0,-0.03,64,70400,卖盘
2403,10:53:09,11.03,--,13,14339,买盘
2404,10:53:06,11.03,0.03,2,2206,买盘
2405,10:53:03,11.0,-0.03,2,2200,卖盘
2406,10:52:57,11.03,0.03,20,22060,买盘
2407,10:52:54,11.0,--,50,55000,卖盘
2408,10:52:51,11.0,--,44,48400,卖盘
2409,10:52:48,11.0,--,1,1100,卖盘
2410,10:52:45,11.0,--,30,33000,卖盘
2411,10:52:42,11.0,--,228,250800,卖盘
2412,10:52:39,11.0,--,11,12100,买盘
2413,10:52:36,11.0,--,1,1100,买盘
2414,10:52:33,11.0,--,65,71500,买盘
2415,10:52:30,11.0,--,25,27500,买盘
2416,10:52:27,11.0,--,3,3300,买盘
2417,10:52:24,11.0,0.01,7,7700,买盘
2418,10:52:21,10.99,-0.01,28,30772,卖盘
2419,10:52:18,11.0,--,13,14300,买盘
2420,10:52:15,11.0,--,2,2200,买盘
2421,10:52:09,11.0,--,13,14300,买盘
2422,10:52:06,11.0,0.02,7,7700,买盘
2423,10:52:03,10.98,-0.01,3,3294,卖盘
2424,10:52:00,10.99,-0.01,22,24178,卖盘
2425,10:51:57,11.0,--,14,15400,买盘
2426,10:51:48,11.0,0.02,3,3300,买盘
2427,10:51:42,10.98,-0.02,2,2196,卖盘
2428,10:51:36,11.0,0.02,8,8800,买盘
2429,10:51:33,10.98,-0.02,4,4392,卖盘
2430,10:51:30,11.0,--,34,37400,买盘
2431,10:51:27,11.0,0.02,4,4400,买盘
2432,10:51:24,10.98,--,3,3294,卖盘
2433,10:51:21,10.98,-0.01,157,172386,卖盘
2434,10:51:15,10.99,0.01,27,29673,买盘
2435,10:51:12,10.98,-0.02,25,27450,卖盘
2436,10:51:06,11.0,-0.02,1,1100,卖盘
2437,10:51:03,11.02,--,9,9918,买盘
2438,10:51:00,11.02,0.02,7,7714,买盘
2439,10:50:57,11.0,-0.02,5,5500,卖盘
2440,10:50:54,11.02,0.02,10,11020,买盘
2441,10:50:51,11.0,-0.02,1,1100,卖盘
2442,10:50:45,11.02,0.03,16,17632,买盘
2443,10:50:42,10.99,-0.03,33,36267,卖盘
2444,10:50:39,11.02,--,3,3306,买盘
2445,10:50:33,11.02,0.02,43,47386,买盘
2446,10:50:30,11.0,--,39,42900,买盘
2447,10:50:27,11.0,0.01,2,2200,买盘
2448,10:50:24,10.99,--,6,6594,卖盘
2449,10:50:21,10.99,-0.01,12,13188,卖盘
2450,10:50:18,11.0,--,87,95700,买盘
2451,10:50:15,11.0,0.01,10,11000,买盘
2452,10:50:12,10.99,-0.01,5,5495,卖盘
2453,10:50:09,11.0,--,8,8800,买盘
2454,10:50:06,11.0,0.01,26,28600,买盘
2455,10:50:03,10.99,-0.01,12,13188,卖盘
2456,10:49:57,11.0,0.02,13,14300,买盘
2457,10:49:51,10.98,-0.02,163,178974,卖盘
2458,10:49:48,11.0,0.02,4,4400,中性盘
2459,10:49:42,10.98,-0.04,326,357948,卖盘
2460,10:49:39,11.02,0.03,35,38570,买盘
2461,10:49:36,10.99,--,48,52752,买盘
2462,10:49:30,10.99,-0.03,72,79128,卖盘
2463,10:49:27,11.02,0.02,4,4408,买盘
2464,10:49:24,11.0,--,2,2200,卖盘
2465,10:49:21,11.0,-0.02,2,2200,卖盘
2466,10:49:18,11.02,0.03,10,11020,买盘
2467,10:49:12,10.99,--,21,23079,卖盘
2468,10:49:09,10.99,-0.01,134,147266,卖盘
2469,10:49:06,11.0,0.01,11,12100,买盘
2470,10:49:03,10.99,--,60,65940,卖盘
2471,10:49:00,10.99,-0.01,17,18683,卖盘
2472,10:48:57,11.0,--,33,36300,买盘
2473,10:48:51,11.0,-0.02,27,29700,卖盘
2474,10:48:48,11.02,--,33,36366,买盘
2475,10:48:45,11.02,--,15,16530,买盘
2476,10:48:39,11.02,--,3,3306,买盘
2477,10:48:36,11.02,--,1,1102,买盘
2478,10:48:33,11.02,0.03,5,5510,买盘
2479,10:48:30,10.99,-0.03,151,165949,卖盘
2480,10:48:27,11.02,0.02,42,46284,买盘
2481,10:48:24,11.0,-0.03,3,3300,卖盘
2482,10:48:21,11.03,0.02,10,11030,买盘
2483,10:48:18,11.01,0.01,67,73767,买盘
2484,10:48:12,11.0,-0.02,2,2200,买盘
2485,10:48:09,11.02,--,57,62814,卖盘
2486,10:48:06,11.02,--,1,1102,卖盘
2487,10:48:03,11.02,-0.01,3,3306,卖盘
2488,10:48:00,11.03,--,3,3309,买盘
2489,10:47:57,11.03,0.03,4,4412,买盘
2490,10:47:54,11.0,--,32,35200,买盘
2491,10:47:51,11.0,--,121,133100,买盘
2492,10:47:48,11.0,--,11,12100,卖盘
2493,10:47:45,11.0,0.01,40,44000,买盘
2494,10:47:42,10.99,-0.01,45,49455,卖盘
2495,10:47:39,11.0,--,2,2200,买盘
2496,10:47:36,11.0,-0.03,49,53900,卖盘
2497,10:47:33,11.03,--,3,3309,买盘
2498,10:47:30,11.03,--,50,55150,买盘
2499,10:47:27,11.03,--,2,2206,买盘
2500,10:47:24,11.03,0.03,27,29781,买盘
2501,10:47:18,11.0,-0.03,1,1100,卖盘
2502,10:47:15,11.03,0.03,17,18751,买盘
2503,10:47:12,11.0,--,153,168300,卖盘
2504,10:47:09,11.0,-0.03,109,119900,卖盘
2505,10:47:06,11.03,--,13,14339,买盘
2506,10:47:03,11.03,0.03,9,9927,买盘
2507,10:47:00,11.0,-0.03,212,233200,卖盘
2508,10:46:57,11.03,--,8,8824,买盘
2509,10:46:54,11.03,0.02,5,5515,买盘
2510,10:46:48,11.01,--,40,44040,卖盘
2511,10:46:42,11.01,-0.01,25,27525,卖盘
2512,10:46:33,11.02,--,3,3306,买盘
2513,10:46:30,11.02,-0.01,11,12122,卖盘
2514,10:46:27,11.03,--,13,14339,买盘
2515,10:46:24,11.03,--,145,159935,买盘
2516,10:46:21,11.03,--,9,9927,买盘
2517,10:46:15,11.03,0.01,4,4412,买盘
2518,10:46:12,11.02,-0.01,27,29754,卖盘
2519,10:46:09,11.03,--,8,8824,买盘
2520,10:46:06,11.03,0.01,2,2206,买盘
2521,10:46:03,11.02,-0.01,3,3306,卖盘
2522,10:46:00,11.03,--,3,3309,买盘
2523,10:45:57,11.03,--,3,3309,买盘
2524,10:45:54,11.03,--,2,2206,买盘
2525,10:45:51,11.03,--,10,11030,买盘
2526,10:45:48,11.03,0.01,3,3309,买盘
2527,10:45:45,11.02,0.02,20,22040,卖盘
2528,10:45:42,11.0,-0.03,29,31900,卖盘
2529,10:45:39,11.03,--,7,7721,买盘
2530,10:45:36,11.03,--,12,13236,买盘
2531,10:45:30,11.03,--,24,26472,买盘
2532,10:45:27,11.03,--,4,4412,买盘
2533,10:45:24,11.03,0.01,8,8824,买盘
2534,10:45:21,11.02,--,31,34162,卖盘
2535,10:45:18,11.02,-0.01,2,2204,卖盘
2536,10:45:15,11.03,--,8,8824,买盘
2537,10:45:12,11.03,--,12,13236,买盘
2538,10:45:09,11.03,0.03,7,7721,买盘
2539,10:45:03,11.0,-0.02,6,6600,卖盘
2540,10:45:00,11.02,0.03,3,3306,买盘
2541,10:44:57,10.99,-0.01,36,39564,卖盘
2542,10:44:51,11.0,--,12,13200,买盘
2543,10:44:48,11.0,--,6,6600,买盘
2544,10:44:45,11.0,--,47,51700,卖盘
2545,10:44:42,11.0,--,17,18700,卖盘
2546,10:44:39,11.0,--,36,39600,买盘
2547,10:44:36,11.0,--,19,20900,买盘
2548,10:44:33,11.0,--,6,6600,买盘
2549,10:44:30,11.0,-0.02,183,201300,卖盘
2550,10:44:27,11.02,0.01,20,22040,买盘
2551,10:44:24,11.01,-0.01,3,3303,卖盘
2552,10:44:18,11.02,--,5,5510,买盘
2553,10:44:15,11.02,--,9,9918,卖盘
2554,10:44:12,11.02,-0.01,9,9918,卖盘
2555,10:44:09,11.03,--,3,3309,买盘
2556,10:44:06,11.03,0.01,3,3309,买盘
2557,10:44:03,11.02,--,18,19836,买盘
2558,10:44:00,11.02,0.01,710,782420,买盘
2559,10:43:57,11.01,-0.01,28,30828,卖盘
2560,10:43:54,11.02,--,2,2204,买盘
2561,10:43:48,11.02,--,1,1102,买盘
2562,10:43:45,11.02,0.01,3,3306,买盘
2563,10:43:42,11.01,-0.01,4,4404,卖盘
2564,10:43:39,11.02,--,9,9918,买盘
2565,10:43:33,11.02,--,58,63916,买盘
2566,10:43:30,11.02,--,3,3306,买盘
2567,10:43:27,11.02,0.01,9,9918,买盘
2568,10:43:24,11.01,-0.01,10,11010,中性盘
2569,10:43:18,11.02,0.01,52,57304,买盘
2570,10:43:15,11.01,-0.01,27,29727,卖盘
2571,10:43:12,11.02,0.01,5,5510,买盘
2572,10:43:09,11.01,-0.01,320,352320,卖盘
2573,10:43:06,11.02,0.01,3,3306,买盘
2574,10:43:03,11.01,--,3,3303,卖盘
2575,10:43:00,11.01,-0.01,42,46242,卖盘
2576,10:42:57,11.02,0.01,44,48488,买盘
2577,10:42:54,11.01,-0.01,1,1101,卖盘
2578,10:42:51,11.02,--,7,7714,买盘
2579,10:42:45,11.02,0.01,20,22040,买盘
2580,10:42:42,11.01,-0.01,3,3303,卖盘
2581,10:42:39,11.02,--,14,15428,买盘
2582,10:42:36,11.02,--,4,4408,买盘
2583,10:42:30,11.02,--,7,7714,买盘
2584,10:42:27,11.02,--,17,18734,买盘
2585,10:42:24,11.02,--,45,49590,卖盘
2586,10:42:21,11.02,--,72,79344,卖盘
2587,10:42:18,11.02,--,19,20938,卖盘
2588,10:42:12,11.02,-0.01,10,11020,卖盘
2589,10:42:09,11.03,--,7,7721,买盘
2590,10:42:06,11.03,0.01,2,2206,买盘
2591,10:42:03,11.02,-0.01,12,13224,卖盘
2592,10:41:57,11.03,0.01,19,20957,买盘
2593,10:41:54,11.02,-0.01,20,22040,卖盘
2594,10:41:51,11.03,--,11,12133,买盘
2595,10:41:48,11.03,--,34,37502,卖盘
2596,10:41:45,11.03,0.01,10,11030,买盘
2597,10:41:42,11.02,-0.01,2,2204,卖盘
2598,10:41:33,11.03,--,1,1103,买盘
2599,10:41:30,11.03,-0.02,9,9927,买盘
2600,10:41:27,11.05,0.03,12,13260,买盘
2601,10:41:24,11.02,-0.01,38,41876,卖盘
2602,10:41:21,11.03,--,11,12133,买盘
2603,10:41:18,11.03,-0.01,29,31986,中性盘
2604,10:41:12,11.04,--,135,149040,买盘
2605,10:41:09,11.04,--,35,38640,买盘
2606,10:41:06,11.04,--,55,60719,买盘
2607,10:41:03,11.04,0.01,311,343344,买盘
2608,10:41:00,11.03,--,35,38605,买盘
2609,10:40:57,11.03,--,18,19854,卖盘
2610,10:40:54,11.03,--,17,18751,买盘
2611,10:40:51,11.03,--,40,44120,买盘
2612,10:40:48,11.03,--,33,36399,买盘
2613,10:40:45,11.03,0.03,113,124639,买盘
2614,10:40:42,11.0,-0.03,46,50600,卖盘
2615,10:40:39,11.03,0.01,117,129050,买盘
2616,10:40:36,11.02,--,15,16530,买盘
2617,10:40:33,11.02,0.01,17,18734,买盘
2618,10:40:30,11.01,-0.01,95,104595,卖盘
2619,10:40:27,11.02,0.01,19,20938,买盘
2620,10:40:24,11.01,--,12,13212,中性盘
2621,10:40:21,11.01,0.01,105,115605,买盘
2622,10:40:15,11.0,--,3,3300,买盘
2623,10:40:12,11.0,-0.01,7,7700,中性盘
2624,10:40:03,11.01,0.05,170,187170,买盘
2625,10:40:00,10.96,-0.04,180,197280,卖盘
2626,10:39:57,11.0,0.01,2,2200,买盘
2627,10:39:54,10.99,-0.01,5,5495,中性盘
2628,10:39:51,11.0,0.02,300,330000,买盘
2629,10:39:48,10.98,-0.02,4,4392,卖盘
2630,10:39:45,11.0,0.02,139,152900,买盘
2631,10:39:42,10.98,-0.01,3,3294,中性盘
2632,10:39:36,10.99,--,12,13188,买盘
2633,10:39:33,10.99,0.03,2,2198,买盘
2634,10:39:30,10.96,--,50,54800,卖盘
2635,10:39:27,10.96,-0.02,87,95352,卖盘
2636,10:39:24,10.98,--,114,125172,买盘
2637,10:39:21,10.98,--,3,3294,买盘
2638,10:39:12,10.98,--,7,7686,买盘
2639,10:39:09,10.98,0.02,22,24156,买盘
2640,10:39:06,10.96,--,39,42744,买盘
2641,10:39:03,10.96,-0.01,156,170976,卖盘
2642,10:39:00,10.97,--,11,12067,买盘
2643,10:38:57,10.97,0.01,2,2194,买盘
2644,10:38:54,10.96,-0.01,1,1096,卖盘
2645,10:38:48,10.97,0.01,535,586895,买盘
2646,10:38:45,10.96,0.01,5,5480,买盘
2647,10:38:42,10.95,-0.01,15,16425,卖盘
2648,10:38:39,10.96,--,38,41648,买盘
2649,10:38:36,10.96,--,99,108504,买盘
2650,10:38:33,10.96,0.01,402,440592,买盘
2651,10:38:27,10.95,--,27,29564,卖盘
2652,10:38:24,10.95,--,3,3285,卖盘
2653,10:38:21,10.95,--,45,49275,卖盘
2654,10:38:18,10.95,-0.01,10,10950,卖盘
2655,10:38:15,10.96,0.01,250,274000,买盘
2656,10:38:12,10.95,--,205,224474,卖盘
2657,10:38:09,10.95,-0.01,67,73365,卖盘
2658,10:38:06,10.96,0.01,109,119464,买盘
2659,10:38:03,10.95,-0.01,40,43800,卖盘
2660,10:38:00,10.96,--,3,3288,买盘
2661,10:37:57,10.96,--,60,65760,买盘
2662,10:37:54,10.96,-0.01,698,765008,卖盘
2663,10:37:51,10.97,--,10,10970,卖盘
2664,10:37:48,10.97,0.01,1099,1205603,买盘
2665,10:37:45,10.96,--,5,5480,卖盘
2666,10:37:42,10.96,--,27,29592,卖盘
2667,10:37:33,10.96,-0.01,50,54800,卖盘
2668,10:37:30,10.97,--,17,18649,买盘
2669,10:37:27,10.97,--,5,5485,买盘
2670,10:37:24,10.97,--,13,14261,买盘
2671,10:37:21,10.97,--,2,2194,买盘
2672,10:37:15,10.97,0.01,5,5485,买盘
2673,10:37:12,10.96,-0.01,91,99736,卖盘
2674,10:37:09,10.97,--,10,10970,买盘
2675,10:37:06,10.97,0.02,106,116282,买盘
2676,10:37:03,10.95,-0.01,2,2190,卖盘
2677,10:37:00,10.96,--,65,71240,卖盘
2678,10:36:57,10.96,--,2,2192,卖盘
2679,10:36:54,10.96,--,33,36168,卖盘
2680,10:36:51,10.96,--,20,21920,卖盘
2681,10:36:48,10.96,--,59,64664,卖盘
2682,10:36:45,10.96,--,183,200568,买盘
2683,10:36:42,10.96,--,16,17536,买盘
2684,10:36:39,10.96,--,24,26304,买盘
2685,10:36:36,10.96,--,5,5480,买盘
2686,10:36:33,10.96,--,22,24112,卖盘
2687,10:36:30,10.96,--,21,23016,卖盘
2688,10:36:27,10.96,--,82,89872,卖盘
2689,10:36:24,10.96,--,7,7672,卖盘
2690,10:36:21,10.96,--,11,12056,买盘
2691,10:36:18,10.96,--,50,54800,买盘
2692,10:36:15,10.96,--,26,28496,卖盘
2693,10:36:12,10.96,0.01,19,20824,卖盘
2694,10:36:09,10.95,-0.01,10,10950,卖盘
2695,10:36:03,10.96,--,5,5480,卖盘
2696,10:36:00,10.96,-0.01,155,169880,卖盘
2697,10:35:57,10.97,0.01,7,7679,买盘
2698,10:35:54,10.96,-0.01,2,2192,卖盘
2699,10:35:51,10.97,--,30,32910,买盘
2700,10:35:42,10.97,-0.01,113,123961,卖盘
2701,10:35:39,10.98,0.01,252,276696,买盘
2702,10:35:36,10.97,-0.01,18,19746,卖盘
2703,10:35:33,10.98,0.01,10,10980,买盘
2704,10:35:30,10.97,0.01,2,2194,买盘
2705,10:35:24,10.96,--,3,3288,卖盘
2706,10:35:21,10.96,--,309,338664,买盘
2707,10:35:18,10.96,-0.02,207,226872,卖盘
2708,10:35:12,10.98,--,17,18666,买盘
2709,10:35:09,10.98,0.01,268,294264,买盘
2710,10:35:06,10.97,--,61,66917,卖盘
2711,10:35:03,10.97,--,2,2194,卖盘
2712,10:35:00,10.97,-0.01,8,8776,卖盘
2713,10:34:57,10.98,--,11,12078,买盘
2714,10:34:54,10.98,--,26,28548,买盘
2715,10:34:51,10.98,0.01,60,65880,买盘
2716,10:34:48,10.97,0.01,330,362010,买盘
2717,10:34:45,10.96,--,801,877896,买盘
2718,10:34:42,10.96,--,52,56992,买盘
2719,10:34:39,10.96,0.01,192,210432,买盘
2720,10:34:36,10.95,-0.01,362,396390,卖盘
2721,10:34:33,10.96,0.01,83,90968,买盘
2722,10:34:30,10.95,-0.01,98,107310,卖盘
2723,10:34:27,10.96,--,69,75624,买盘
2724,10:34:24,10.96,--,113,123848,买盘
2725,10:34:18,10.96,0.01,285,312360,买盘
2726,10:34:15,10.95,-0.01,140,153300,卖盘
2727,10:34:12,10.96,0.01,98,107408,买盘
2728,10:34:09,10.95,-0.01,210,229949,卖盘
2729,10:34:06,10.96,0.01,500,548778,买盘
2730,10:34:03,10.95,--,18,19710,卖盘
2731,10:34:00,10.95,--,61,66795,卖盘
2732,10:33:57,10.95,-0.01,34,37230,卖盘
2733,10:33:54,10.96,0.01,12,13152,买盘
2734,10:33:51,10.95,--,26,28469,卖盘
2735,10:33:48,10.95,-0.01,30,32850,卖盘
2736,10:33:45,10.96,0.01,7,7672,买盘
2737,10:33:42,10.95,-0.01,13,14234,卖盘
2738,10:33:39,10.96,--,169,185541,卖盘
2739,10:33:36,10.96,--,1727,1892792,卖盘
2740,10:33:33,10.96,--,100,109600,卖盘
2741,10:33:30,10.96,--,44,48224,卖盘
2742,10:33:27,10.96,--,90,98640,卖盘
2743,10:33:24,10.96,--,18,19728,卖盘
2744,10:33:21,10.96,-0.01,372,407712,卖盘
2745,10:33:18,10.97,0.01,29,31813,买盘
2746,10:33:12,10.96,--,61,66856,卖盘
2747,10:33:09,10.96,--,52,56992,卖盘
2748,10:33:06,10.96,--,10,10960,卖盘
2749,10:33:03,10.96,--,306,335376,卖盘
2750,10:33:00,10.96,-0.01,15,16440,卖盘
2751,10:32:57,10.97,0.01,16,17552,买盘
2752,10:32:54,10.96,-0.01,136,149056,卖盘
2753,10:32:51,10.97,0.01,127,139319,买盘
2754,10:32:45,10.96,-0.01,139,153429,卖盘
2755,10:32:42,10.97,0.01,98,107506,买盘
2756,10:32:39,10.96,--,1,1096,卖盘
2757,10:32:36,10.96,-0.01,252,276192,卖盘
2758,10:32:33,10.97,0.01,80,87760,买盘
2759,10:32:30,10.96,--,10,10960,卖盘
2760,10:32:24,10.96,-0.01,409,448264,卖盘
2761,10:32:21,10.97,--,62,68014,卖盘
2762,10:32:18,10.97,--,2,2194,卖盘
2763,10:32:15,10.97,--,11,12067,卖盘
2764,10:32:09,10.97,--,1,1097,卖盘
2765,10:32:03,10.97,--,504,552888,卖盘
2766,10:32:00,10.97,--,421,461837,卖盘
2767,10:31:54,10.97,--,16,17552,卖盘
2768,10:31:51,10.97,-0.01,61,66917,卖盘
2769,10:31:48,10.98,--,236,259128,买盘
2770,10:31:45,10.98,--,52,57096,买盘
2771,10:31:42,10.98,--,9,9882,买盘
2772,10:31:36,10.98,--,58,63684,买盘
2773,10:31:33,10.98,--,10,10980,买盘
2774,10:31:30,10.98,--,12,13176,买盘
2775,10:31:27,10.98,0.01,11,12078,买盘
2776,10:31:24,10.97,--,9,9873,卖盘
2777,10:31:21,10.97,--,17,18649,卖盘
2778,10:31:18,10.97,--,15,16455,卖盘
2779,10:31:15,10.97,-0.01,74,81178,卖盘
2780,10:31:12,10.98,0.01,6,6588,买盘
2781,10:31:09,10.97,--,210,230370,卖盘
2782,10:31:06,10.97,-0.01,1,1097,卖盘
2783,10:31:03,10.98,0.01,8,8784,卖盘
2784,10:30:54,10.97,-0.01,221,242437,卖盘
2785,10:30:51,10.98,--,0,329,卖盘
2786,10:30:48,10.98,--,45,49410,卖盘
2787,10:30:42,10.98,--,9,9882,买盘
2788,10:30:39,10.98,--,20,21960,买盘
2789,10:30:33,10.98,--,1240,1361520,卖盘
2790,10:30:30,10.98,--,50,54900,卖盘
2791,10:30:24,10.98,--,187,205326,卖盘
2792,10:30:21,10.98,--,5,5490,卖盘
2793,10:30:18,10.98,--,33,36234,卖盘
2794,10:30:12,10.98,--,77,84546,卖盘
2795,10:30:09,10.98,--,313,343674,卖盘
2796,10:30:06,10.98,--,77,84546,卖盘
2797,10:30:00,10.98,-0.01,7,7686,卖盘
2798,10:29:57,10.99,--,25,27475,买盘
2799,10:29:54,10.99,0.01,10,10990,买盘
2800,10:29:51,10.98,-0.01,1,1098,卖盘
2801,10:29:45,10.99,0.01,30,32970,买盘
2802,10:29:42,10.98,-0.01,2,2196,卖盘
2803,10:29:36,10.99,--,20,21980,买盘
2804,10:29:30,10.99,--,29,31871,买盘
2805,10:29:27,10.99,--,11,12089,买盘
2806,10:29:24,10.99,--,11,12089,买盘
2807,10:29:21,10.99,--,3,3297,买盘
2808,10:29:18,10.99,0.01,1,1099,买盘
2809,10:29:15,10.98,--,16,17568,卖盘
2810,10:29:12,10.98,-0.01,95,104310,卖盘
2811,10:29:06,10.99,--,24,26376,买盘
2812,10:29:03,10.99,--,6,6594,买盘
2813,10:28:57,10.99,--,31,34069,买盘
2814,10:28:54,10.99,0.01,10,10990,买盘
2815,10:28:51,10.98,-0.02,156,172089,卖盘
2816,10:28:45,11.0,0.01,100,110000,买盘
2817,10:28:36,10.99,-0.01,27,29673,卖盘
2818,10:28:33,11.0,0.01,1,1100,买盘
2819,10:28:24,10.99,--,27,29673,卖盘
2820,10:28:21,10.99,-0.01,153,168707,卖盘
2821,10:28:15,11.0,--,4,4400,买盘
2822,10:28:12,11.0,0.01,205,225500,买盘
2823,10:28:09,10.99,--,2,2198,卖盘
2824,10:28:03,10.99,-0.01,22,24178,卖盘
2825,10:28:00,11.0,--,10,11000,买盘
2826,10:27:57,11.0,--,51,56100,买盘
