,time,price,change,volume,amount,type
0,15:00:03,7.42,--,5348,3968928,买盘
1,14:57:00,7.42,--,603,447426,买盘
2,14:56:57,7.42,--,469,348576,卖盘
3,14:56:54,7.42,--,339,251538,卖盘
4,14:56:51,7.42,--,334,248288,卖盘
5,14:56:48,7.42,--,235,174815,卖盘
6,14:56:45,7.42,--,45,33390,卖盘
7,14:56:42,7.42,--,25,18550,卖盘
8,14:56:39,7.42,--,336,249312,卖盘
9,14:56:36,7.42,--,947,702674,买盘
10,14:56:33,7.42,0.01,265,196630,买盘
11,14:56:30,7.41,--,146,108186,卖盘
12,14:56:27,7.41,--,165,122265,卖盘
13,14:56:24,7.41,-0.01,2508,1858428,卖盘
14,14:56:21,7.42,--,124,92638,买盘
15,14:56:18,7.42,--,234,173628,买盘
16,14:56:15,7.42,0.01,168,124656,买盘
17,14:56:12,7.41,--,488,361608,卖盘
18,14:56:09,7.41,-0.01,206,152646,卖盘
19,14:56:06,7.42,--,142,105364,卖盘
20,14:56:03,7.42,--,125,92750,卖盘
21,14:56:00,7.42,--,338,250796,买盘
22,14:55:57,7.42,--,121,89782,买盘
23,14:55:54,7.42,--,426,316092,买盘
24,14:55:51,7.42,--,67,49714,买盘
25,14:55:48,7.42,0.01,22,16324,买盘
26,14:55:45,7.41,-0.01,196,145236,卖盘
27,14:55:42,7.42,--,274,203308,买盘
28,14:55:39,7.42,-0.01,235,174592,卖盘
29,14:55:36,7.43,0.01,961,714023,买盘
30,14:55:33,7.42,-0.01,145,107590,卖盘
31,14:55:30,7.43,0.01,285,211755,买盘
32,14:55:27,7.42,--,109,80878,卖盘
33,14:55:24,7.42,--,144,106848,卖盘
34,14:55:21,7.42,--,91,67522,卖盘
35,14:55:15,7.42,-0.01,89,66038,卖盘
36,14:55:12,7.43,0.01,683,507469,买盘
37,14:55:09,7.42,--,117,86814,卖盘
38,14:55:06,7.42,--,14,10388,卖盘
39,14:55:03,7.42,--,96,71232,卖盘
40,14:55:00,7.42,-0.01,109,80878,卖盘
41,14:54:57,7.43,0.01,52,38636,买盘
42,14:54:54,7.42,-0.01,147,109074,卖盘
43,14:54:51,7.43,--,121,89903,买盘
44,14:54:48,7.43,--,65,48295,买盘
45,14:54:45,7.43,--,6,4458,买盘
46,14:54:42,7.43,0.01,164,121852,买盘
47,14:54:39,7.42,-0.01,1180,875560,卖盘
48,14:54:36,7.43,--,97,72071,买盘
49,14:54:33,7.43,0.01,71,52753,买盘
50,14:54:30,7.42,--,53,39326,卖盘
51,14:54:27,7.42,-0.01,176,130592,卖盘
52,14:54:24,7.43,--,129,95847,买盘
53,14:54:21,7.43,--,205,152315,买盘
54,14:54:18,7.43,0.01,6,4458,买盘
55,14:54:15,7.42,-0.01,51,37842,卖盘
56,14:54:12,7.43,--,148,109964,买盘
57,14:54:09,7.43,--,472,350696,买盘
58,14:54:06,7.43,--,133,98819,买盘
59,14:54:03,7.43,0.01,45,33435,买盘
60,14:54:00,7.42,--,242,179564,卖盘
61,14:53:57,7.42,--,1237,917854,卖盘
62,14:53:54,7.42,--,1064,789488,卖盘
63,14:53:51,7.42,-0.01,141,104622,卖盘
64,14:53:48,7.43,0.01,78,57954,买盘
65,14:53:45,7.42,--,218,161756,卖盘
66,14:53:42,7.42,-0.01,156,115752,卖盘
67,14:53:39,7.43,--,23,17089,买盘
68,14:53:36,7.43,--,247,183521,买盘
69,14:53:33,7.43,--,41,30463,买盘
70,14:53:30,7.43,--,16,11888,买盘
71,14:53:27,7.43,--,56,41608,买盘
72,14:53:24,7.43,--,61,45323,买盘
73,14:53:21,7.43,--,93,69099,买盘
74,14:53:18,7.43,--,88,65384,买盘
75,14:53:15,7.43,--,128,95222,卖盘
76,14:53:12,7.43,0.01,424,315656,买盘
77,14:53:09,7.42,-0.01,44,32648,卖盘
78,14:53:06,7.43,0.01,656,487408,买盘
79,14:53:03,7.42,-0.01,121,89782,卖盘
80,14:53:00,7.43,0.01,821,610003,买盘
81,14:52:57,7.42,-0.01,87,64554,卖盘
82,14:52:54,7.43,--,33,24519,买盘
83,14:52:51,7.43,--,98,72814,买盘
84,14:52:48,7.43,--,417,309831,买盘
85,14:52:45,7.43,--,408,303144,买盘
86,14:52:42,7.43,0.01,126,94249,买盘
87,14:52:39,7.42,--,733,543886,卖盘
88,14:52:36,7.42,-0.01,74,54908,卖盘
89,14:52:33,7.43,0.01,17,12631,买盘
90,14:52:30,7.42,-0.01,15,11130,卖盘
91,14:52:27,7.43,--,86,63898,买盘
92,14:52:24,7.43,--,307,228101,买盘
93,14:52:21,7.43,--,163,121109,买盘
94,14:52:18,7.43,0.01,655,486665,买盘
95,14:52:15,7.42,--,241,178822,卖盘
96,14:52:12,7.42,--,173,128366,卖盘
97,14:52:09,7.42,-0.01,303,224826,卖盘
98,14:52:06,7.43,--,125,92875,买盘
99,14:52:03,7.43,0.01,2018,1499374,买盘
100,14:52:00,7.42,--,156,115752,卖盘
101,14:51:57,7.42,-0.01,525,389550,卖盘
102,14:51:54,7.43,--,255,189465,买盘
103,14:51:51,7.43,--,49,36407,买盘
104,14:51:48,7.43,--,57,42351,买盘
105,14:51:45,7.43,0.01,3,2229,买盘
106,14:51:42,7.42,-0.01,32,23744,卖盘
107,14:51:39,7.43,--,31,23033,买盘
108,14:51:36,7.43,--,305,226615,买盘
109,14:51:33,7.43,0.01,47,34921,买盘
110,14:51:30,7.42,-0.01,213,158046,卖盘
111,14:51:27,7.43,--,36,26748,买盘
112,14:51:24,7.43,--,29,21547,买盘
113,14:51:21,7.43,--,22,16464,卖盘
114,14:51:18,7.43,--,106,78758,卖盘
115,14:51:15,7.43,--,109,80987,卖盘
116,14:51:12,7.43,--,46,34178,卖盘
117,14:51:09,7.43,--,184,136712,卖盘
118,14:51:06,7.43,--,1028,764428,买盘
119,14:51:03,7.43,--,141,104763,买盘
120,14:51:00,7.43,0.01,62,46066,买盘
121,14:50:57,7.42,-0.01,235,174370,卖盘
122,14:50:54,7.43,--,362,268966,买盘
123,14:50:51,7.43,-0.01,1991,1479431,卖盘
124,14:50:48,7.44,0.01,33,24552,买盘
125,14:50:45,7.43,-0.01,153,113679,卖盘
126,14:50:42,7.44,0.01,62,46128,买盘
127,14:50:39,7.43,-0.01,150,111450,卖盘
128,14:50:36,7.44,0.01,102,75888,买盘
129,14:50:33,7.43,--,551,409393,卖盘
130,14:50:30,7.43,-0.01,68,50524,卖盘
131,14:50:27,7.44,0.01,7,5208,买盘
132,14:50:24,7.43,--,136,101048,卖盘
133,14:50:21,7.43,--,110,81730,卖盘
134,14:50:18,7.43,--,28,20804,卖盘
135,14:50:15,7.43,--,163,121109,卖盘
136,14:50:12,7.43,-0.01,20,14860,卖盘
137,14:50:09,7.44,0.01,75,55800,买盘
138,14:50:06,7.43,--,497,369271,卖盘
139,14:50:03,7.43,-0.01,220,163460,卖盘
140,14:50:00,7.44,0.01,95,70680,买盘
141,14:49:57,7.43,-0.01,204,151572,卖盘
142,14:49:54,7.44,0.01,34,25296,买盘
143,14:49:51,7.43,-0.01,140,104020,卖盘
144,14:49:48,7.44,--,71,52824,买盘
145,14:49:45,7.44,0.01,5,3720,买盘
146,14:49:42,7.43,-0.01,52,39267,卖盘
147,14:49:39,7.44,0.01,20,14880,买盘
148,14:49:36,7.43,-0.01,31,23033,卖盘
149,14:49:33,7.44,0.01,140,104160,买盘
150,14:49:30,7.43,--,154,114422,卖盘
151,14:49:27,7.43,--,100,74300,卖盘
152,14:49:24,7.43,--,23,17089,卖盘
153,14:49:21,7.43,--,48,35664,卖盘
154,14:49:18,7.43,-0.01,252,187236,卖盘
155,14:49:15,7.44,0.01,5,3720,买盘
156,14:49:12,7.43,--,26,19318,卖盘
157,14:49:09,7.43,--,76,56468,卖盘
158,14:49:06,7.43,--,487,361841,卖盘
159,14:49:03,7.43,--,168,124824,卖盘
160,14:49:00,7.43,-0.01,47,34921,卖盘
161,14:48:57,7.44,0.01,144,107136,买盘
162,14:48:54,7.43,--,195,144885,卖盘
163,14:48:51,7.43,--,85,63155,卖盘
164,14:48:48,7.43,-0.01,200,148600,卖盘
165,14:48:45,7.44,--,43,31992,买盘
166,14:48:42,7.44,--,97,72168,买盘
167,14:48:39,7.44,--,29,21576,买盘
168,14:48:36,7.44,--,49,36456,买盘
169,14:48:30,7.44,0.01,27,20088,买盘
170,14:48:27,7.43,-0.01,19,14117,卖盘
171,14:48:24,7.44,--,8,5952,买盘
172,14:48:21,7.44,0.01,113,84072,买盘
173,14:48:18,7.43,0.01,366,272673,买盘
174,14:48:15,7.42,-0.01,456,338359,卖盘
175,14:48:12,7.43,--,35,26005,卖盘
176,14:48:09,7.43,--,55,40865,卖盘
177,14:48:06,7.43,--,876,651603,买盘
178,14:48:03,7.43,--,48,35664,买盘
179,14:48:00,7.43,--,200,148600,买盘
180,14:47:57,7.43,0.01,1444,1072892,买盘
181,14:47:54,7.42,-0.01,205,152110,卖盘
182,14:47:51,7.43,--,5,3715,买盘
183,14:47:48,7.43,0.01,131,97333,买盘
184,14:47:45,7.42,-0.01,519,385098,卖盘
185,14:47:42,7.43,--,25,18575,买盘
186,14:47:39,7.43,--,84,62412,买盘
187,14:47:36,7.43,--,386,286798,买盘
188,14:47:33,7.43,--,1025,761575,买盘
189,14:47:30,7.43,0.01,295,219185,买盘
190,14:47:24,7.42,--,58,43036,卖盘
191,14:47:21,7.42,--,70,51940,卖盘
192,14:47:18,7.42,--,60,44520,卖盘
193,14:47:15,7.42,-0.01,81,60102,卖盘
194,14:47:12,7.43,--,68,50524,买盘
195,14:47:09,7.43,--,134,99562,买盘
196,14:47:06,7.43,--,1236,918348,买盘
197,14:47:03,7.43,--,202,150086,买盘
198,14:47:00,7.43,0.01,1142,848506,买盘
199,14:46:57,7.42,--,164,121688,卖盘
200,14:46:54,7.42,--,510,378420,卖盘
201,14:46:51,7.42,--,61,45262,卖盘
202,14:46:48,7.42,--,70,51940,卖盘
203,14:46:45,7.42,--,80,59360,卖盘
204,14:46:42,7.42,--,198,147546,卖盘
205,14:46:39,7.42,-0.01,48,35616,卖盘
206,14:46:36,7.43,--,237,176091,买盘
207,14:46:33,7.43,0.01,143,106249,买盘
208,14:46:30,7.42,-0.01,1175,871850,卖盘
209,14:46:27,7.43,0.01,55,40865,买盘
210,14:46:24,7.42,-0.01,247,183274,卖盘
211,14:46:21,7.43,--,174,129282,买盘
212,14:46:18,7.43,--,115,85445,买盘
213,14:46:15,7.43,0.01,91,67613,买盘
214,14:46:12,7.42,--,453,336126,卖盘
215,14:46:09,7.42,--,62,46004,卖盘
216,14:46:06,7.42,--,191,141722,卖盘
217,14:46:03,7.42,-0.01,98,72716,卖盘
218,14:46:00,7.43,0.01,511,379673,买盘
219,14:45:57,7.42,--,35,25970,卖盘
220,14:45:54,7.42,--,499,370258,卖盘
221,14:45:51,7.42,--,257,190694,卖盘
222,14:45:48,7.42,-0.01,86,63812,卖盘
223,14:45:45,7.43,0.01,1,743,买盘
224,14:45:42,7.42,-0.01,50,37100,卖盘
225,14:45:39,7.43,0.01,90,66870,买盘
226,14:45:36,7.42,--,112,83104,卖盘
227,14:45:33,7.42,--,108,80136,卖盘
228,14:45:30,7.42,--,358,266036,买盘
229,14:45:27,7.42,--,56,41552,买盘
230,14:45:24,7.42,--,101,74942,买盘
231,14:45:21,7.42,0.01,83,61586,买盘
232,14:45:18,7.41,-0.01,473,350493,卖盘
233,14:45:15,7.42,--,55,40810,买盘
234,14:45:12,7.42,--,1011,750162,买盘
235,14:45:09,7.42,0.01,205,152110,买盘
236,14:45:06,7.41,-0.02,2430,1800970,卖盘
237,14:45:03,7.43,--,59,43837,买盘
238,14:45:00,7.43,--,117,86931,买盘
239,14:44:57,7.43,--,92,68356,买盘
240,14:44:54,7.43,0.01,20,14860,买盘
241,14:44:51,7.42,-0.01,280,207760,卖盘
242,14:44:48,7.43,0.01,4,2972,买盘
243,14:44:45,7.42,-0.01,81,60102,卖盘
244,14:44:42,7.43,--,4,2972,买盘
245,14:44:39,7.43,--,30,22290,买盘
246,14:44:36,7.43,--,32,23776,买盘
247,14:44:33,7.43,--,258,192102,卖盘
248,14:44:30,7.43,--,718,533474,卖盘
249,14:44:27,7.43,-0.01,121,89903,卖盘
250,14:44:24,7.44,--,3,2232,买盘
251,14:44:21,7.44,0.01,32,23808,买盘
252,14:44:18,7.43,--,153,113679,卖盘
253,14:44:15,7.43,-0.01,25,18575,卖盘
254,14:44:12,7.44,0.01,105,78120,买盘
255,14:44:09,7.43,-0.01,22,16346,卖盘
256,14:44:06,7.44,0.01,6,4464,买盘
257,14:44:03,7.43,--,102,75786,卖盘
258,14:44:00,7.43,-0.01,32,23776,卖盘
259,14:43:57,7.44,0.01,5,3720,买盘
260,14:43:54,7.43,-0.01,12,8916,卖盘
261,14:43:51,7.44,--,190,141360,买盘
262,14:43:48,7.44,--,53,39432,买盘
263,14:43:45,7.44,0.01,7,5208,买盘
264,14:43:42,7.43,--,166,123969,卖盘
265,14:43:39,7.43,-0.01,121,89903,卖盘
266,14:43:36,7.44,0.01,146,108624,买盘
267,14:43:33,7.43,-0.01,44,32692,卖盘
268,14:43:30,7.44,--,24,17856,买盘
269,14:43:27,7.44,--,33,24552,买盘
270,14:43:24,7.44,0.01,15,11160,买盘
271,14:43:21,7.43,-0.01,350,260050,卖盘
272,14:43:18,7.44,--,36,26784,买盘
273,14:43:15,7.44,0.01,61,45384,买盘
274,14:43:12,7.43,--,289,214727,卖盘
275,14:43:09,7.43,--,785,583359,买盘
276,14:43:06,7.43,--,40,29720,买盘
277,14:43:03,7.43,--,28,20804,买盘
278,14:43:00,7.43,--,436,324586,卖盘
279,14:42:57,7.43,--,308,228844,卖盘
280,14:42:54,7.43,-0.01,117,86931,卖盘
281,14:42:51,7.44,0.01,264,196416,买盘
282,14:42:48,7.43,--,131,97333,卖盘
283,14:42:45,7.43,--,17,12631,卖盘
284,14:42:42,7.43,--,124,92132,卖盘
285,14:42:39,7.43,-0.01,115,85445,卖盘
286,14:42:36,7.44,0.01,275,204600,买盘
287,14:42:33,7.43,--,525,390179,买盘
288,14:42:30,7.43,--,1080,802440,买盘
289,14:42:27,7.43,0.01,173,128539,买盘
290,14:42:24,7.42,-0.01,659,488978,卖盘
291,14:42:21,7.43,--,238,176834,买盘
292,14:42:18,7.43,--,132,98076,买盘
293,14:42:15,7.43,0.01,359,266737,买盘
294,14:42:12,7.42,-0.01,145,107590,卖盘
295,14:42:09,7.43,0.01,1051,780893,买盘
296,14:42:06,7.42,--,10,7420,卖盘
297,14:42:03,7.42,--,97,71974,卖盘
298,14:42:00,7.42,--,405,300510,卖盘
299,14:41:57,7.42,-0.01,215,159530,卖盘
300,14:41:54,7.43,--,434,322462,买盘
301,14:41:51,7.43,--,35,26005,买盘
302,14:41:48,7.43,--,219,162717,买盘
303,14:41:45,7.43,--,201,149343,买盘
304,14:41:42,7.43,--,155,115165,卖盘
305,14:41:39,7.43,--,248,184375,卖盘
306,14:41:36,7.43,-0.01,313,232559,卖盘
307,14:41:33,7.44,0.01,80,59520,买盘
308,14:41:30,7.43,--,396,294228,卖盘
309,14:41:27,7.43,--,215,159745,卖盘
310,14:41:24,7.43,--,60,44580,卖盘
311,14:41:21,7.43,-0.01,229,170147,卖盘
312,14:41:18,7.44,0.01,776,577344,买盘
313,14:41:15,7.43,--,961,714023,卖盘
314,14:41:12,7.43,--,21,15603,卖盘
315,14:41:09,7.43,-0.01,81,60183,卖盘
316,14:41:06,7.44,0.01,102,75888,买盘
317,14:41:03,7.43,--,109,80987,卖盘
318,14:41:00,7.43,--,301,223643,卖盘
319,14:40:57,7.43,--,103,76529,卖盘
320,14:40:54,7.43,--,22,16346,卖盘
321,14:40:51,7.43,--,77,57211,卖盘
322,14:40:48,7.43,--,235,174605,卖盘
323,14:40:45,7.43,-0.01,738,548334,卖盘
324,14:40:42,7.44,--,46,34856,买盘
325,14:40:39,7.44,0.01,19,14136,买盘
326,14:40:36,7.43,--,28,20804,卖盘
327,14:40:33,7.43,-0.01,31,23033,卖盘
328,14:40:30,7.44,--,7,5208,买盘
329,14:40:27,7.44,--,210,156240,买盘
330,14:40:24,7.44,--,329,245177,卖盘
331,14:40:21,7.44,--,883,656952,卖盘
332,14:40:18,7.44,--,696,517824,卖盘
333,14:40:15,7.44,--,166,123504,卖盘
334,14:40:12,7.44,--,1537,1143981,卖盘
335,14:40:09,7.44,--,864,642816,卖盘
336,14:40:06,7.44,-0.01,198,147312,卖盘
337,14:40:03,7.45,--,75,55875,买盘
338,14:40:00,7.45,--,6,4470,买盘
339,14:39:57,7.45,--,151,112495,买盘
340,14:39:54,7.45,--,7,5215,买盘
341,14:39:51,7.45,0.01,25,18625,买盘
342,14:39:48,7.44,--,613,456072,卖盘
343,14:39:45,7.44,-0.01,274,203856,卖盘
344,14:39:42,7.45,0.01,56,41720,买盘
345,14:39:39,7.44,--,413,307272,卖盘
346,14:39:36,7.44,--,79,58776,卖盘
347,14:39:33,7.44,-0.01,206,153264,卖盘
348,14:39:30,7.45,0.01,95,70775,买盘
349,14:39:27,7.44,--,100,74400,卖盘
350,14:39:24,7.44,--,2,1488,卖盘
351,14:39:21,7.44,--,46,34224,卖盘
352,14:39:18,7.44,--,152,113088,卖盘
353,14:39:15,7.44,--,54,40176,卖盘
354,14:39:12,7.44,-0.01,401,298344,卖盘
355,14:39:09,7.45,0.01,37,27565,买盘
356,14:39:06,7.44,-0.01,216,160704,卖盘
357,14:39:03,7.45,0.01,9,6705,买盘
358,14:39:00,7.44,-0.01,38,28272,卖盘
359,14:38:57,7.45,0.01,310,230950,买盘
360,14:38:54,7.44,-0.01,58,43152,卖盘
361,14:38:48,7.45,0.01,16,11920,买盘
362,14:38:45,7.44,-0.01,514,382416,卖盘
363,14:38:42,7.45,0.01,341,254045,买盘
364,14:38:39,7.44,-0.01,12,8928,卖盘
365,14:38:36,7.45,0.01,153,113985,买盘
366,14:38:33,7.44,-0.01,29,21576,卖盘
367,14:38:30,7.45,0.01,10,7450,买盘
368,14:38:27,7.44,-0.01,96,71424,卖盘
369,14:38:24,7.45,--,11,8195,买盘
370,14:38:21,7.45,0.01,266,198170,买盘
371,14:38:18,7.44,--,62,46128,卖盘
372,14:38:15,7.44,-0.01,25,18600,卖盘
373,14:38:12,7.45,--,140,104300,买盘
374,14:38:06,7.45,0.01,2,1490,买盘
375,14:38:03,7.44,--,73,54312,卖盘
376,14:38:00,7.44,--,36,26784,卖盘
377,14:37:57,7.44,--,229,170376,卖盘
378,14:37:54,7.44,-0.01,34,25296,卖盘
379,14:37:51,7.45,--,21,15645,买盘
380,14:37:48,7.45,--,27,20115,买盘
381,14:37:45,7.45,0.01,281,209345,买盘
382,14:37:42,7.44,-0.01,53,40064,卖盘
383,14:37:39,7.45,--,98,73010,买盘
384,14:37:36,7.45,--,230,171350,买盘
385,14:37:33,7.45,--,34,25330,买盘
386,14:37:30,7.45,--,506,376970,买盘
387,14:37:27,7.45,--,17,12665,买盘
388,14:37:24,7.45,--,267,198915,买盘
389,14:37:21,7.45,0.01,29,21605,买盘
390,14:37:18,7.44,-0.01,176,131055,卖盘
391,14:37:15,7.45,--,81,60345,卖盘
392,14:37:12,7.45,--,20,14900,卖盘
393,14:37:09,7.45,--,248,185393,买盘
394,14:37:06,7.45,--,70,52150,买盘
395,14:37:03,7.45,-0.01,670,499261,卖盘
396,14:37:00,7.46,--,53,39538,买盘
397,14:36:57,7.46,--,18,13428,买盘
398,14:36:54,7.46,0.01,21,15666,买盘
399,14:36:51,7.45,--,32,23840,卖盘
400,14:36:48,7.45,--,23,17135,卖盘
401,14:36:45,7.45,--,30,22350,卖盘
402,14:36:42,7.45,--,487,362815,卖盘
403,14:36:39,7.45,--,38,28310,卖盘
404,14:36:36,7.45,-0.01,425,316625,卖盘
405,14:36:33,7.46,0.01,45,33570,买盘
406,14:36:30,7.45,--,273,203385,卖盘
407,14:36:27,7.45,--,567,422415,卖盘
408,14:36:24,7.45,-0.01,255,189975,卖盘
409,14:36:21,7.46,0.01,52,38792,买盘
410,14:36:18,7.45,-0.01,2,1490,卖盘
411,14:36:15,7.46,0.01,23,17158,买盘
412,14:36:12,7.45,--,78,58110,卖盘
413,14:36:09,7.45,--,919,684655,卖盘
414,14:36:06,7.45,--,47,35015,卖盘
415,14:36:03,7.45,-0.01,40,29800,卖盘
416,14:36:00,7.46,0.01,7,5222,买盘
417,14:35:57,7.45,-0.01,31,23095,卖盘
418,14:35:54,7.46,0.01,98,73108,买盘
419,14:35:51,7.45,--,35,26075,卖盘
420,14:35:48,7.45,--,232,172840,卖盘
421,14:35:45,7.45,--,1010,752450,卖盘
422,14:35:42,7.45,-0.01,212,157940,卖盘
423,14:35:39,7.46,--,240,179040,买盘
424,14:35:36,7.46,0.01,19,14174,买盘
425,14:35:33,7.45,-0.01,17,12665,卖盘
426,14:35:30,7.46,0.01,53,39538,买盘
427,14:35:27,7.45,-0.01,84,62580,卖盘
428,14:35:24,7.46,0.01,119,88774,买盘
429,14:35:21,7.45,--,332,247340,卖盘
430,14:35:18,7.45,--,8,5960,卖盘
431,14:35:15,7.45,--,1,745,卖盘
432,14:35:12,7.45,--,30,22350,卖盘
433,14:35:09,7.45,--,3,2235,卖盘
434,14:35:06,7.45,-0.01,1,745,卖盘
435,14:35:03,7.46,0.01,18,13428,买盘
436,14:35:00,7.45,--,14,10430,卖盘
437,14:34:57,7.45,-0.01,173,128885,卖盘
438,14:34:54,7.46,0.01,61,45506,买盘
439,14:34:51,7.45,--,35,26075,卖盘
440,14:34:48,7.45,--,93,69285,卖盘
441,14:34:45,7.45,--,38,28310,卖盘
442,14:34:42,7.45,--,192,143673,卖盘
443,14:34:39,7.45,-0.01,355,264475,卖盘
444,14:34:36,7.46,--,27,20142,买盘
445,14:34:33,7.46,--,13,9698,买盘
446,14:34:30,7.46,0.01,27,20142,买盘
447,14:34:27,7.45,--,258,192210,卖盘
448,14:34:24,7.45,--,65,48425,卖盘
449,14:34:18,7.45,--,18,13410,卖盘
450,14:34:15,7.45,-0.01,9,6705,卖盘
451,14:34:12,7.46,--,233,173818,买盘
452,14:34:09,7.46,0.01,508,378968,买盘
453,14:34:06,7.45,0.01,135,100575,中性盘
454,14:34:03,7.44,-0.01,773,575112,卖盘
455,14:34:00,7.45,--,113,84185,买盘
456,14:33:57,7.45,-0.01,389,289916,卖盘
457,14:33:54,7.46,0.01,292,217832,买盘
458,14:33:51,7.45,-0.01,439,327055,卖盘
459,14:33:48,7.46,--,23,17158,买盘
460,14:33:45,7.46,0.01,537,400602,买盘
461,14:33:42,7.45,--,262,195190,卖盘
462,14:33:39,7.45,-0.01,180,134100,卖盘
463,14:33:36,7.46,0.01,60,44760,买盘
464,14:33:33,7.45,-0.01,577,429865,卖盘
465,14:33:30,7.46,0.01,17,12682,买盘
466,14:33:27,7.45,--,166,123670,卖盘
467,14:33:24,7.45,-0.01,809,602705,卖盘
468,14:33:21,7.46,--,71,52966,买盘
469,14:33:18,7.46,--,84,62664,买盘
470,14:33:15,7.46,0.01,76,56696,买盘
471,14:33:12,7.45,--,1047,780015,卖盘
472,14:33:09,7.45,--,4,2980,卖盘
473,14:33:06,7.45,-0.01,138,102810,卖盘
474,14:33:03,7.46,--,1488,1110048,买盘
475,14:33:00,7.46,0.01,105,78330,买盘
476,14:32:57,7.45,-0.01,4,2980,卖盘
477,14:32:54,7.46,0.01,10,7460,买盘
478,14:32:51,7.45,-0.01,172,128140,卖盘
479,14:32:48,7.46,--,766,571547,卖盘
480,14:32:45,7.46,--,4,2984,卖盘
481,14:32:42,7.46,--,53,39538,卖盘
482,14:32:39,7.46,-0.01,190,141740,卖盘
483,14:32:36,7.47,0.01,131,97857,买盘
484,14:32:33,7.46,--,63,46998,卖盘
485,14:32:30,7.46,--,23,17158,卖盘
486,14:32:27,7.46,--,1,746,卖盘
487,14:32:24,7.46,-0.01,114,85044,卖盘
488,14:32:21,7.47,0.01,694,518418,买盘
489,14:32:18,7.46,--,5,3730,卖盘
490,14:32:12,7.46,--,59,44014,卖盘
491,14:32:09,7.46,--,11,8206,卖盘
492,14:32:06,7.46,-0.01,57,42522,卖盘
493,14:32:03,7.47,--,504,376488,买盘
494,14:32:00,7.47,--,20,14940,买盘
495,14:31:57,7.47,--,85,63495,买盘
496,14:31:54,7.47,--,113,84411,买盘
497,14:31:51,7.47,0.01,131,97857,买盘
498,14:31:48,7.46,--,32,23872,卖盘
499,14:31:42,7.46,--,29,22268,卖盘
500,14:31:39,7.46,--,162,120852,卖盘
501,14:31:36,7.46,-0.01,29,21634,卖盘
502,14:31:33,7.47,0.01,52,38844,买盘
503,14:31:30,7.46,--,463,345398,买盘
504,14:31:27,7.46,--,32,23872,买盘
505,14:31:24,7.46,--,755,563230,买盘
506,14:31:21,7.46,--,13,9698,买盘
507,14:31:18,7.46,--,302,225292,卖盘
508,14:31:15,7.46,--,136,101456,卖盘
509,14:31:12,7.46,--,161,120106,卖盘
510,14:31:09,7.46,--,334,249164,卖盘
511,14:31:06,7.46,-0.01,21,15666,卖盘
512,14:31:03,7.47,0.01,9,6723,买盘
513,14:31:00,7.46,--,125,93250,卖盘
514,14:30:57,7.46,--,13,9698,卖盘
515,14:30:51,7.46,-0.01,12,8952,卖盘
516,14:30:48,7.47,--,13,9711,买盘
517,14:30:45,7.47,--,24,17928,买盘
518,14:30:42,7.47,0.01,25,18675,买盘
519,14:30:39,7.46,--,131,97726,卖盘
520,14:30:36,7.46,--,83,61918,卖盘
521,14:30:33,7.46,--,102,76092,卖盘
522,14:30:30,7.46,0.01,669,499074,买盘
523,14:30:27,7.45,--,244,181780,卖盘
524,14:30:24,7.45,-0.01,1,745,卖盘
525,14:30:21,7.46,--,28,20888,买盘
526,14:30:18,7.46,--,24,17904,买盘
527,14:30:15,7.46,--,1,746,买盘
528,14:30:12,7.46,0.01,6,4476,买盘
529,14:30:09,7.45,-0.01,88,65560,卖盘
530,14:30:06,7.46,0.01,2,1492,买盘
531,14:30:03,7.45,-0.01,48,35760,卖盘
532,14:30:00,7.46,--,123,91758,买盘
533,14:29:57,7.46,--,93,69378,买盘
534,14:29:51,7.46,0.01,9,6714,买盘
535,14:29:48,7.45,-0.01,20,14900,卖盘
536,14:29:45,7.46,0.01,16,11936,买盘
537,14:29:42,7.45,-0.01,11,8195,卖盘
538,14:29:39,7.46,0.01,12,8952,买盘
539,14:29:36,7.45,-0.01,250,186250,卖盘
540,14:29:33,7.46,--,77,57442,买盘
541,14:29:30,7.46,0.01,51,38046,买盘
542,14:29:27,7.45,--,500,372500,卖盘
543,14:29:24,7.45,-0.01,5,3725,卖盘
544,14:29:21,7.46,0.01,48,35808,买盘
545,14:29:18,7.45,--,160,119200,卖盘
546,14:29:15,7.45,--,123,91635,卖盘
547,14:29:12,7.45,--,91,67795,卖盘
548,14:29:09,7.45,--,23,17135,卖盘
549,14:29:06,7.45,--,28,20860,卖盘
550,14:29:03,7.45,--,117,87165,卖盘
551,14:29:00,7.45,--,19,14155,卖盘
552,14:28:57,7.45,--,1,745,卖盘
553,14:28:54,7.45,--,65,48425,卖盘
554,14:28:51,7.45,--,112,83440,卖盘
555,14:28:48,7.45,--,28,20860,卖盘
556,14:28:42,7.45,--,22,17023,卖盘
557,14:28:39,7.45,--,1,745,卖盘
558,14:28:36,7.45,--,47,35015,卖盘
559,14:28:33,7.45,--,202,150490,卖盘
560,14:28:30,7.45,-0.01,331,246595,卖盘
561,14:28:27,7.46,0.01,25,18650,买盘
562,14:28:24,7.45,--,72,53640,卖盘
563,14:28:21,7.45,--,50,37250,卖盘
564,14:28:18,7.45,--,111,82695,卖盘
565,14:28:15,7.45,--,135,100575,买盘
566,14:28:12,7.45,--,286,213070,卖盘
567,14:28:09,7.45,0.01,274,204130,买盘
568,14:28:06,7.44,--,8,5952,卖盘
569,14:28:03,7.44,-0.01,39,29016,卖盘
570,14:28:00,7.45,--,268,199660,买盘
571,14:27:57,7.45,--,898,669010,买盘
572,14:27:54,7.45,--,23,17135,买盘
573,14:27:51,7.45,--,317,236165,卖盘
574,14:27:48,7.45,--,503,374735,卖盘
575,14:27:45,7.45,--,128,95360,卖盘
576,14:27:39,7.45,--,29,21605,卖盘
577,14:27:36,7.45,--,196,146020,卖盘
578,14:27:33,7.45,-0.01,1580,1177100,卖盘
579,14:27:30,7.46,--,147,109662,买盘
580,14:27:27,7.46,--,228,170088,买盘
581,14:27:24,7.46,--,196,146216,买盘
582,14:27:21,7.46,0.01,332,247672,买盘
583,14:27:18,7.45,--,42,31290,卖盘
584,14:27:15,7.45,-0.01,268,199660,卖盘
585,14:27:12,7.46,--,172,128312,买盘
586,14:27:09,7.46,--,165,123090,买盘
587,14:27:06,7.46,0.01,9,6714,买盘
588,14:27:03,7.45,--,102,75990,卖盘
589,14:27:00,7.45,-0.01,2264,1686680,卖盘
590,14:26:57,7.46,--,192,143232,买盘
591,14:26:54,7.46,--,122,91012,买盘
592,14:26:51,7.46,0.01,1,746,买盘
593,14:26:48,7.45,--,128,95360,卖盘
594,14:26:45,7.45,-0.01,655,487975,卖盘
595,14:26:42,7.46,0.01,352,262592,买盘
596,14:26:39,7.45,-0.01,14,10430,卖盘
597,14:26:36,7.46,--,78,58188,买盘
598,14:26:33,7.46,0.01,187,139502,买盘
599,14:26:30,7.45,-0.01,106,78970,卖盘
600,14:26:27,7.46,0.01,53,39538,买盘
601,14:26:24,7.45,-0.01,19,14155,卖盘
602,14:26:21,7.46,0.01,163,121598,买盘
603,14:26:18,7.45,--,58,43210,卖盘
604,14:26:15,7.45,--,352,262240,卖盘
605,14:26:12,7.45,--,1345,1002025,卖盘
606,14:26:09,7.45,--,5457,4065465,卖盘
607,14:26:06,7.45,--,128,95360,卖盘
608,14:26:03,7.45,--,170,126650,卖盘
609,14:26:00,7.45,-0.01,101,75245,卖盘
610,14:25:57,7.46,--,16,11936,买盘
611,14:25:54,7.46,--,112,83552,买盘
612,14:25:51,7.46,--,23,17158,买盘
613,14:25:48,7.46,--,62,46878,卖盘
614,14:25:45,7.46,--,86,64156,卖盘
615,14:25:42,7.46,--,121,90900,卖盘
616,14:25:39,7.46,--,36,26856,卖盘
617,14:25:36,7.46,-0.01,353,263338,卖盘
618,14:25:33,7.47,0.01,211,157617,买盘
619,14:25:30,7.46,--,1157,863122,卖盘
620,14:25:27,7.46,-0.01,113,84298,卖盘
621,14:25:24,7.47,--,51,38097,买盘
622,14:25:21,7.47,0.01,71,53037,买盘
623,14:25:18,7.46,-0.01,74,55204,卖盘
624,14:25:15,7.47,--,60,44820,买盘
625,14:25:12,7.47,--,445,332415,买盘
626,14:25:09,7.47,0.01,27,20169,买盘
627,14:25:06,7.46,--,122,91012,卖盘
628,14:25:03,7.46,--,7,5222,卖盘
629,14:25:00,7.46,--,10,7460,卖盘
630,14:24:57,7.46,--,115,85790,卖盘
631,14:24:54,7.46,--,110,82060,卖盘
632,14:24:51,7.46,--,53,39538,卖盘
633,14:24:48,7.46,-0.01,29,21634,卖盘
634,14:24:42,7.47,--,51,38097,买盘
635,14:24:39,7.47,--,29,21663,买盘
636,14:24:36,7.47,0.01,269,200943,买盘
637,14:24:33,7.46,-0.01,252,187992,卖盘
638,14:24:30,7.47,--,203,151641,买盘
639,14:24:27,7.47,--,2,1494,买盘
640,14:24:24,7.47,--,68,50796,买盘
641,14:24:21,7.47,0.01,61,45567,买盘
642,14:24:18,7.46,-0.01,76,56696,卖盘
643,14:24:15,7.47,0.01,50,37350,买盘
644,14:24:09,7.46,-0.01,66,49236,卖盘
645,14:24:06,7.47,0.01,18,13446,买盘
646,14:24:03,7.46,--,194,144724,卖盘
647,14:24:00,7.46,--,102,76092,卖盘
648,14:23:54,7.46,-0.01,43,32078,卖盘
649,14:23:51,7.47,--,87,64989,买盘
650,14:23:48,7.47,0.01,919,686493,买盘
651,14:23:45,7.46,--,395,294670,卖盘
652,14:23:42,7.46,-0.01,4741,3536786,卖盘
653,14:23:39,7.47,0.01,21,15687,买盘
654,14:23:36,7.46,-0.01,469,349874,卖盘
655,14:23:33,7.47,0.01,20,14940,买盘
656,14:23:30,7.46,-0.01,204,152184,卖盘
657,14:23:27,7.47,--,14,10458,买盘
658,14:23:24,7.47,--,71,53037,买盘
659,14:23:21,7.47,--,5,3735,买盘
660,14:23:18,7.47,0.01,20,14940,买盘
661,14:23:15,7.46,--,54,40284,卖盘
662,14:23:12,7.46,-0.01,7,5222,卖盘
663,14:23:09,7.47,--,146,109062,买盘
664,14:23:06,7.47,--,15,11205,买盘
665,14:23:03,7.47,0.01,13,9711,买盘
666,14:23:00,7.46,-0.01,63,46998,卖盘
667,14:22:57,7.47,0.01,24,17928,买盘
668,14:22:54,7.46,--,65,48490,卖盘
669,14:22:51,7.46,-0.01,76,56696,卖盘
670,14:22:48,7.47,--,110,82170,买盘
671,14:22:45,7.47,0.01,27,20169,买盘
672,14:22:42,7.46,-0.01,60,45394,卖盘
673,14:22:39,7.47,--,17,12699,买盘
674,14:22:36,7.47,--,43,32121,买盘
675,14:22:33,7.47,--,2,1494,买盘
676,14:22:30,7.47,--,9,6723,买盘
677,14:22:27,7.47,-0.01,115,86554,卖盘
678,14:22:24,7.48,--,20,14960,买盘
679,14:22:21,7.48,--,20,14960,买盘
680,14:22:18,7.48,--,172,128656,买盘
681,14:22:12,7.48,0.01,35,26180,买盘
682,14:22:09,7.47,--,28,20916,卖盘
683,14:22:06,7.47,--,229,171160,买盘
684,14:22:03,7.47,--,123,91881,买盘
685,14:22:00,7.47,--,62,46314,买盘
686,14:21:57,7.47,-0.01,711,531766,卖盘
687,14:21:54,7.48,--,66,49368,买盘
688,14:21:51,7.48,--,29,21692,买盘
689,14:21:48,7.48,--,33,24684,买盘
690,14:21:45,7.48,--,102,76296,买盘
691,14:21:39,7.48,--,64,47872,买盘
692,14:21:36,7.48,--,139,103972,买盘
693,14:21:33,7.48,--,3031,2267188,买盘
694,14:21:30,7.48,--,49,36652,买盘
695,14:21:27,7.48,--,195,145860,买盘
696,14:21:24,7.48,--,47,35156,买盘
697,14:21:21,7.48,--,1,748,买盘
698,14:21:18,7.48,--,47,35156,买盘
699,14:21:15,7.48,--,43,32164,买盘
700,14:21:12,7.48,--,28,20944,买盘
701,14:21:09,7.48,-0.01,394,294712,卖盘
702,14:21:06,7.49,0.01,227,170023,买盘
703,14:21:03,7.48,--,6,4488,卖盘
704,14:21:00,7.48,-0.01,20,14960,卖盘
705,14:20:57,7.49,--,35,26215,买盘
706,14:20:54,7.49,0.01,14,10486,买盘
707,14:20:51,7.48,-0.01,19,14212,卖盘
708,14:20:48,7.49,0.01,278,208222,买盘
709,14:20:45,7.48,-0.01,35,26180,卖盘
710,14:20:42,7.49,0.01,36,26964,买盘
711,14:20:39,7.48,--,62,46376,卖盘
712,14:20:36,7.48,-0.01,7,5236,卖盘
713,14:20:33,7.49,--,20,14980,买盘
714,14:20:30,7.49,0.01,111,83153,买盘
715,14:20:27,7.48,-0.01,203,151844,卖盘
716,14:20:24,7.49,--,85,63665,买盘
717,14:20:21,7.49,--,129,96621,买盘
718,14:20:18,7.49,--,105,78645,买盘
719,14:20:15,7.49,0.01,1730,1295770,买盘
720,14:20:12,7.48,-0.01,17,12716,卖盘
721,14:20:09,7.49,0.01,63,47187,买盘
722,14:20:06,7.48,--,1060,793613,买盘
723,14:20:03,7.48,--,72,53856,买盘
724,14:20:00,7.48,--,43,32164,买盘
725,14:19:57,7.48,--,239,178772,买盘
726,14:19:51,7.48,--,46,34408,买盘
727,14:19:48,7.48,--,754,564006,卖盘
728,14:19:45,7.48,-0.01,310,231880,卖盘
729,14:19:42,7.49,--,25,19361,买盘
730,14:19:39,7.49,--,28,20972,买盘
731,14:19:36,7.49,--,43,32207,买盘
732,14:19:33,7.49,0.01,458,343042,买盘
733,14:19:30,7.48,--,133,99484,卖盘
734,14:19:27,7.48,--,1390,1039720,卖盘
735,14:19:24,7.48,-0.01,41,30668,卖盘
736,14:19:18,7.49,--,44,32956,买盘
737,14:19:15,7.49,--,66,49434,买盘
738,14:19:12,7.49,--,79,59171,买盘
739,14:19:09,7.49,0.01,35,26215,买盘
740,14:19:06,7.48,-0.01,49,36652,卖盘
741,14:19:03,7.49,0.01,132,98868,买盘
742,14:19:00,7.48,-0.01,30,22440,卖盘
743,14:18:57,7.49,0.01,17,12733,买盘
744,14:18:54,7.48,-0.01,41,30668,卖盘
745,14:18:48,7.49,--,17,12733,买盘
746,14:18:42,7.49,--,67,50183,买盘
747,14:18:39,7.49,--,12,8988,买盘
748,14:18:36,7.49,--,17,12733,买盘
749,14:18:33,7.49,--,19,14231,买盘
750,14:18:30,7.49,--,36,26964,买盘
751,14:18:27,7.49,0.01,36,26964,买盘
752,14:18:24,7.48,-0.01,189,141372,卖盘
753,14:18:21,7.49,0.01,29,21721,买盘
754,14:18:18,7.48,-0.01,33,24684,卖盘
755,14:18:15,7.49,--,100,74900,买盘
756,14:18:12,7.49,0.01,9,6741,买盘
757,14:18:09,7.48,--,193,144364,卖盘
758,14:18:06,7.48,--,35,26180,卖盘
759,14:18:03,7.48,-0.01,43,32164,卖盘
760,14:18:00,7.49,0.01,24,17976,买盘
761,14:17:57,7.48,-0.01,48,35904,卖盘
762,14:17:51,7.49,0.01,8,5992,买盘
763,14:17:48,7.48,--,99,74052,卖盘
764,14:17:45,7.48,--,1,748,卖盘
765,14:17:42,7.48,-0.01,53,39644,卖盘
766,14:17:39,7.49,0.01,12,8988,买盘
767,14:17:36,7.48,--,28,20944,卖盘
768,14:17:33,7.48,-0.01,122,91256,卖盘
769,14:17:30,7.49,--,12,8988,买盘
770,14:17:27,7.49,--,23,17227,买盘
771,14:17:24,7.49,--,200,149800,买盘
772,14:17:21,7.49,--,34,25466,买盘
773,14:17:18,7.49,--,31,23219,买盘
774,14:17:15,7.49,--,53,39697,买盘
775,14:17:09,7.49,0.01,12,8988,买盘
776,14:17:06,7.48,--,49,36652,卖盘
777,14:17:03,7.48,-0.01,37,27676,卖盘
778,14:17:00,7.49,--,253,189497,买盘
779,14:16:54,7.49,--,61,45689,买盘
780,14:16:51,7.49,-0.01,364,272748,卖盘
781,14:16:48,7.5,0.01,13,9750,买盘
782,14:16:45,7.49,--,33,24717,卖盘
783,14:16:42,7.49,-0.01,47,35839,卖盘
784,14:16:39,7.5,0.01,13,9750,买盘
785,14:16:36,7.49,--,7,5243,卖盘
786,14:16:33,7.49,-0.01,43,32207,卖盘
787,14:16:30,7.5,--,62,46500,买盘
788,14:16:27,7.5,0.01,36,27000,买盘
789,14:16:24,7.49,--,154,115346,卖盘
790,14:16:21,7.49,-0.01,130,97370,卖盘
791,14:16:18,7.5,--,20,15000,买盘
792,14:16:09,7.5,--,33,24750,买盘
793,14:16:06,7.5,0.01,14,10500,买盘
794,14:16:03,7.49,--,8,5992,卖盘
795,14:16:00,7.49,--,53,39697,卖盘
796,14:15:57,7.49,-0.01,59,44191,卖盘
797,14:15:51,7.5,0.01,8,6000,买盘
798,14:15:48,7.49,-0.01,128,95872,卖盘
799,14:15:45,7.5,0.01,46,34500,买盘
800,14:15:42,7.49,--,706,528794,买盘
801,14:15:39,7.49,--,25,18725,买盘
802,14:15:36,7.49,--,20,14980,买盘
803,14:15:33,7.49,0.01,37,27713,买盘
804,14:15:30,7.48,-0.01,203,151844,卖盘
805,14:15:27,7.49,--,2,1498,买盘
806,14:15:24,7.49,0.01,59,44191,买盘
807,14:15:21,7.48,-0.01,205,153340,卖盘
808,14:15:18,7.49,--,16,11984,买盘
809,14:15:15,7.49,--,11,8239,买盘
810,14:15:12,7.49,--,10,7490,买盘
811,14:15:09,7.49,0.01,22,16478,买盘
812,14:15:06,7.48,--,5,3740,卖盘
813,14:15:03,7.48,-0.01,53,39644,卖盘
814,14:15:00,7.49,--,22,16478,买盘
815,14:14:51,7.49,--,24,17976,买盘
816,14:14:48,7.49,--,75,56175,卖盘
817,14:14:42,7.49,-0.01,11,8239,卖盘
818,14:14:39,7.5,0.01,15,11250,买盘
819,14:14:36,7.49,0.01,12,8988,买盘
820,14:14:33,7.48,-0.02,3,2453,卖盘
821,14:14:30,7.5,0.01,36,27000,买盘
822,14:14:27,7.49,--,42,31458,买盘
823,14:14:24,7.49,--,84,62916,买盘
824,14:14:21,7.49,-0.01,195,146055,中性盘
825,14:14:18,7.5,--,36,27000,买盘
826,14:14:15,7.5,0.01,22,16500,买盘
827,14:14:12,7.49,--,15,11235,卖盘
828,14:14:09,7.49,-0.01,67,50183,卖盘
829,14:14:06,7.5,0.02,65,48750,买盘
830,14:14:03,7.48,--,27,20196,卖盘
831,14:14:00,7.48,-0.02,39,29172,卖盘
832,14:13:57,7.5,0.01,28,21000,买盘
833,14:13:54,7.49,-0.01,11,8239,卖盘
834,14:13:51,7.5,0.02,6,4500,买盘
835,14:13:48,7.48,-0.02,10,7480,卖盘
836,14:13:45,7.5,0.02,23,17250,买盘
837,14:13:42,7.48,-0.01,21,16343,卖盘
838,14:13:39,7.49,-0.01,55,41195,卖盘
839,14:13:36,7.5,--,120,90000,买盘
840,14:13:33,7.5,0.01,21,15750,买盘
841,14:13:30,7.49,0.01,50,37450,中性盘
842,14:13:27,7.48,-0.02,324,242352,卖盘
843,14:13:24,7.5,--,45,33750,买盘
844,14:13:21,7.5,0.01,141,105750,买盘
845,14:13:18,7.49,--,67,50183,卖盘
846,14:13:15,7.49,-0.01,50,37450,卖盘
847,14:13:12,7.5,--,69,51750,买盘
848,14:13:09,7.5,--,149,111750,买盘
849,14:13:06,7.5,0.01,6,4500,买盘
850,14:13:03,7.49,--,23,17227,卖盘
851,14:13:00,7.49,-0.01,37,27713,卖盘
852,14:12:57,7.5,0.01,58,43500,买盘
853,14:12:54,7.49,0.01,1134,849366,买盘
854,14:12:51,7.48,-0.01,111,83028,卖盘
855,14:12:48,7.49,--,21,15729,买盘
856,14:12:45,7.49,--,70,52430,买盘
857,14:12:42,7.49,--,22,16478,买盘
858,14:12:39,7.49,--,492,368508,买盘
859,14:12:36,7.49,--,14,10486,买盘
860,14:12:33,7.49,0.01,39,29211,买盘
861,14:12:30,7.48,-0.01,292,218416,卖盘
862,14:12:27,7.49,0.01,66,49434,买盘
863,14:12:24,7.48,-0.01,22,16456,卖盘
864,14:12:21,7.49,--,315,235935,买盘
865,14:12:15,7.49,--,75,56175,买盘
866,14:12:12,7.49,0.01,38,28462,买盘
867,14:12:09,7.48,-0.01,44,32912,卖盘
868,14:12:06,7.49,0.01,21,15729,买盘
869,14:12:03,7.48,--,29,21692,卖盘
870,14:12:00,7.48,-0.01,579,433092,卖盘
871,14:11:57,7.49,0.01,25,18725,买盘
872,14:11:54,7.48,-0.01,32,23936,卖盘
873,14:11:51,7.49,--,20,14980,买盘
874,14:11:48,7.49,--,12,8988,买盘
875,14:11:45,7.49,--,16,11984,买盘
876,14:11:42,7.49,0.01,20,14980,买盘
877,14:11:39,7.48,-0.01,32,23936,卖盘
878,14:11:36,7.49,--,5,3745,买盘
879,14:11:33,7.49,0.01,32,23968,买盘
880,14:11:30,7.48,-0.01,1,748,卖盘
881,14:11:27,7.49,--,43,32207,买盘
882,14:11:24,7.49,--,9,6741,买盘
883,14:11:21,7.49,0.01,42,31458,买盘
884,14:11:18,7.48,--,192,143616,卖盘
885,14:11:15,7.48,-0.01,10,7480,卖盘
886,14:11:12,7.49,--,30,22470,买盘
887,14:11:09,7.49,0.01,29,21721,买盘
888,14:11:06,7.48,--,210,157080,卖盘
889,14:11:03,7.48,-0.01,104,77792,卖盘
890,14:11:00,7.49,--,21,15729,买盘
891,14:10:57,7.49,0.01,93,69657,买盘
892,14:10:54,7.48,--,1,748,卖盘
893,14:10:51,7.48,-0.01,7,5236,卖盘
894,14:10:48,7.49,--,33,24717,买盘
895,14:10:45,7.49,0.01,15,11235,买盘
896,14:10:42,7.48,-0.01,46,35043,卖盘
897,14:10:39,7.49,--,37,27713,买盘
898,14:10:36,7.49,--,13,9737,买盘
899,14:10:33,7.49,0.01,4,2996,买盘
900,14:10:30,7.48,--,17,12716,买盘
901,14:10:27,7.48,--,63,47124,买盘
902,14:10:24,7.48,-0.01,100,74800,卖盘
903,14:10:21,7.49,0.02,96,71904,买盘
904,14:10:18,7.47,--,189,141183,卖盘
905,14:10:15,7.47,--,153,114291,卖盘
906,14:10:12,7.47,-0.01,230,171810,卖盘
907,14:10:09,7.48,-0.01,50,37400,卖盘
908,14:10:06,7.49,--,10,7490,买盘
909,14:10:03,7.49,0.01,43,32207,买盘
910,14:10:00,7.48,-0.01,7,5236,卖盘
911,14:09:57,7.49,0.01,39,29211,买盘
912,14:09:54,7.48,--,31,23188,卖盘
913,14:09:51,7.48,-0.01,27,20196,卖盘
914,14:09:48,7.49,0.01,12,8988,买盘
915,14:09:45,7.48,-0.01,7,5236,卖盘
916,14:09:42,7.49,--,18,13482,买盘
917,14:09:39,7.49,0.01,19,14231,买盘
918,14:09:36,7.48,-0.01,60,44880,卖盘
919,14:09:33,7.49,0.01,55,41195,买盘
920,14:09:30,7.48,--,38,28424,买盘
921,14:09:27,7.48,-0.01,195,145860,卖盘
922,14:09:24,7.49,0.01,1028,769972,买盘
923,14:09:21,7.48,--,54,40392,卖盘
924,14:09:18,7.48,0.01,13,9724,买盘
925,14:09:15,7.47,-0.01,194,144918,卖盘
926,14:09:12,7.48,0.01,8,5984,中性盘
927,14:09:09,7.47,-0.01,182,135954,卖盘
928,14:09:06,7.48,0.01,5,3740,买盘
929,14:09:03,7.47,-0.01,5,3735,卖盘
930,14:09:00,7.48,--,19,14212,买盘
931,14:08:57,7.48,0.01,20,14960,买盘
932,14:08:54,7.47,--,13,9711,卖盘
933,14:08:51,7.47,--,7,5229,卖盘
934,14:08:48,7.47,--,67,50049,卖盘
935,14:08:45,7.47,-0.01,28,20916,卖盘
936,14:08:42,7.48,--,5,3740,买盘
937,14:08:39,7.48,--,12,8976,买盘
938,14:08:36,7.48,--,78,58344,买盘
939,14:08:33,7.48,--,54,40392,买盘
940,14:08:30,7.48,--,14,10472,买盘
941,14:08:27,7.48,--,45,33660,买盘
942,14:08:24,7.48,--,9,6732,买盘
943,14:08:21,7.48,-0.01,21,15708,卖盘
944,14:08:18,7.49,0.01,25,18725,买盘
945,14:08:15,7.48,-0.01,219,163812,卖盘
946,14:08:12,7.49,--,3,2247,买盘
947,14:08:09,7.49,0.01,12,8988,买盘
948,14:08:03,7.48,-0.01,23,17204,卖盘
949,14:08:00,7.49,0.02,33,24717,买盘
950,14:07:57,7.47,--,335,250245,卖盘
951,14:07:54,7.47,-0.02,115,86009,卖盘
952,14:07:51,7.49,--,47,35203,买盘
953,14:07:48,7.49,--,30,22470,买盘
954,14:07:45,7.49,--,36,27600,买盘
955,14:07:42,7.49,0.01,340,254660,买盘
956,14:07:39,7.48,-0.01,13,9724,卖盘
957,14:07:36,7.49,--,58,43442,买盘
958,14:07:33,7.49,0.01,107,80143,买盘
959,14:07:30,7.48,--,19,14212,买盘
960,14:07:27,7.48,--,48,35904,买盘
961,14:07:24,7.48,-0.01,452,338096,卖盘
962,14:07:21,7.49,--,15,11235,买盘
963,14:07:18,7.49,0.01,72,53928,买盘
964,14:07:15,7.48,--,200,149600,卖盘
965,14:07:12,7.48,-0.01,337,252076,卖盘
966,14:07:09,7.49,--,22,16478,买盘
967,14:07:06,7.49,0.01,9,6741,买盘
968,14:07:03,7.48,-0.01,33,24684,卖盘
969,14:07:00,7.49,--,6,4494,买盘
970,14:06:57,7.49,--,29,21721,买盘
971,14:06:54,7.49,0.01,27,20223,买盘
972,14:06:51,7.48,-0.01,9,6732,卖盘
973,14:06:48,7.49,--,12,8988,买盘
974,14:06:45,7.49,0.01,23,17227,买盘
975,14:06:42,7.48,--,37,27676,卖盘
976,14:06:39,7.48,-0.01,62,46376,卖盘
977,14:06:36,7.49,--,6,4494,买盘
978,14:06:33,7.49,--,51,38199,买盘
979,14:06:30,7.49,--,23,17227,买盘
980,14:06:27,7.49,0.01,121,90629,买盘
981,14:06:24,7.48,-0.01,38,28424,卖盘
982,14:06:21,7.49,0.01,7,5243,买盘
983,14:06:18,7.48,-0.01,30,22440,卖盘
984,14:06:15,7.49,0.01,10,7490,买盘
985,14:06:12,7.48,-0.01,243,181764,卖盘
986,14:06:09,7.49,--,8,5992,买盘
987,14:06:06,7.49,0.01,80,59920,买盘
988,14:06:03,7.48,-0.01,15,11220,卖盘
989,14:06:00,7.49,--,55,41195,买盘
990,14:05:57,7.49,0.01,96,71904,买盘
991,14:05:54,7.48,-0.01,56,41888,中性盘
992,14:05:51,7.49,0.02,342,256158,买盘
993,14:05:48,7.47,-0.01,53,39591,卖盘
994,14:05:45,7.48,0.01,17,12716,买盘
995,14:05:42,7.47,-0.01,29,21663,卖盘
996,14:05:39,7.48,-0.01,59,44132,中性盘
997,14:05:36,7.49,--,117,87633,买盘
998,14:05:33,7.49,0.01,53,39697,买盘
999,14:05:30,7.48,-0.01,40,29920,卖盘
1000,14:05:27,7.49,0.01,61,45689,买盘
1001,14:05:24,7.48,--,14,10472,买盘
1002,14:05:21,7.48,--,334,249832,买盘
1003,14:05:18,7.48,--,47,35156,买盘
1004,14:05:15,7.48,--,64,47872,买盘
1005,14:05:12,7.48,--,210,157080,买盘
1006,14:05:09,7.48,0.01,54,40392,买盘
1007,14:05:06,7.47,--,26,19422,卖盘
1008,14:05:03,7.47,-0.01,12,8964,卖盘
1009,14:05:00,7.48,--,5,3740,买盘
1010,14:04:57,7.48,--,21,15708,买盘
1011,14:04:54,7.48,--,27,20196,买盘
1012,14:04:48,7.48,--,12,8976,买盘
1013,14:04:45,7.48,--,49,37287,买盘
1014,14:04:42,7.48,0.01,35,26180,买盘
1015,14:04:39,7.47,-0.01,26,19422,卖盘
1016,14:04:36,7.48,--,2,1496,买盘
1017,14:04:33,7.48,--,57,42636,买盘
1018,14:04:30,7.48,--,32,23936,买盘
1019,14:04:27,7.48,-0.01,83,62084,卖盘
1020,14:04:24,7.49,--,17,12733,买盘
1021,14:04:21,7.49,--,66,49434,买盘
1022,14:04:18,7.49,--,19,14231,买盘
1023,14:04:15,7.49,--,89,66661,买盘
1024,14:04:12,7.49,0.01,156,116844,买盘
1025,14:04:09,7.48,-0.01,143,106964,卖盘
1026,14:04:06,7.49,0.01,57,42693,买盘
1027,14:04:03,7.48,--,12,8976,卖盘
1028,14:04:00,7.48,-0.01,20,14960,卖盘
1029,14:03:57,7.49,--,23,17227,买盘
1030,14:03:54,7.49,0.01,16,11984,买盘
1031,14:03:51,7.48,-0.01,114,85272,卖盘
1032,14:03:48,7.49,0.01,21,15729,买盘
1033,14:03:45,7.48,-0.01,17,12716,卖盘
1034,14:03:42,7.49,0.01,52,38948,买盘
1035,14:03:39,7.48,-0.01,68,50864,卖盘
1036,14:03:36,7.49,0.01,31,23219,买盘
1037,14:03:33,7.48,--,184,137632,卖盘
1038,14:03:30,7.48,-0.01,15,11220,卖盘
1039,14:03:27,7.49,0.01,88,65912,买盘
1040,14:03:18,7.48,-0.01,15,11220,中性盘
1041,14:03:15,7.49,--,15,11235,买盘
1042,14:03:12,7.49,0.01,72,53928,买盘
1043,14:03:09,7.48,-0.01,228,170544,卖盘
1044,14:03:06,7.49,0.01,215,161035,买盘
1045,14:03:03,7.48,-0.01,5,3740,卖盘
1046,14:02:57,7.49,0.01,15,11235,买盘
1047,14:02:54,7.48,-0.01,62,46376,卖盘
1048,14:02:51,7.49,0.01,16,11984,买盘
1049,14:02:48,7.48,--,90,67649,买盘
1050,14:02:45,7.48,--,14,10472,买盘
1051,14:02:42,7.48,--,71,53108,买盘
1052,14:02:39,7.48,--,60,44880,买盘
1053,14:02:36,7.48,--,28,20944,买盘
1054,14:02:33,7.48,--,21,15708,买盘
1055,14:02:30,7.48,--,43,32164,买盘
1056,14:02:27,7.48,-0.01,1051,786566,卖盘
1057,14:02:24,7.49,0.01,2,1498,买盘
1058,14:02:21,7.48,-0.01,52,38896,卖盘
1059,14:02:18,7.49,0.01,32,23968,中性盘
1060,14:02:15,7.48,-0.01,71,53108,卖盘
1061,14:02:12,7.49,--,62,46438,买盘
1062,14:02:09,7.49,0.01,224,167776,买盘
1063,14:02:06,7.48,--,4,2992,卖盘
1064,14:02:03,7.48,-0.01,5,3740,卖盘
1065,14:02:00,7.49,--,30,22470,买盘
1066,14:01:57,7.49,--,13,9737,买盘
1067,14:01:54,7.49,--,21,15729,买盘
1068,14:01:51,7.49,--,18,13482,买盘
1069,14:01:48,7.49,0.01,158,118342,买盘
1070,14:01:45,7.48,-0.01,35,26815,卖盘
1071,14:01:42,7.49,--,33,24717,买盘
1072,14:01:39,7.49,--,103,77147,买盘
1073,14:01:36,7.49,--,105,78645,买盘
1074,14:01:33,7.49,0.01,4,2996,买盘
1075,14:01:30,7.48,-0.01,52,38896,卖盘
1076,14:01:27,7.49,--,24,17976,买盘
1077,14:01:24,7.49,0.01,371,277879,买盘
1078,14:01:21,7.48,-0.01,58,43384,卖盘
1079,14:01:18,7.49,--,12,8988,买盘
1080,14:01:15,7.49,--,36,26964,买盘
1081,14:01:12,7.49,--,39,29211,买盘
1082,14:01:09,7.49,0.01,632,473368,买盘
1083,14:01:06,7.48,--,158,118184,卖盘
1084,14:01:03,7.48,--,27,20196,卖盘
1085,14:01:00,7.48,--,74,55352,卖盘
1086,14:00:57,7.48,-0.01,234,175032,卖盘
1087,14:00:54,7.49,--,74,55426,买盘
1088,14:00:51,7.49,--,8,5992,买盘
1089,14:00:48,7.49,--,12,8988,买盘
1090,14:00:45,7.49,--,5,3745,买盘
1091,14:00:42,7.49,--,50,37450,买盘
1092,14:00:39,7.49,--,48,35952,买盘
1093,14:00:36,7.49,--,106,79394,买盘
1094,14:00:33,7.49,--,262,196238,买盘
1095,14:00:30,7.49,--,21,15729,买盘
1096,14:00:27,7.49,0.01,20,14980,买盘
1097,14:00:24,7.48,-0.01,135,100980,卖盘
1098,14:00:21,7.49,--,151,113099,买盘
1099,14:00:18,7.49,0.01,18,13482,买盘
1100,14:00:12,7.48,-0.01,20,14960,卖盘
1101,14:00:09,7.49,--,80,59920,买盘
1102,14:00:06,7.49,0.01,233,174517,买盘
1103,14:00:03,7.48,-0.01,431,322388,卖盘
1104,14:00:00,7.49,--,11,8239,买盘
1105,13:59:57,7.49,0.01,148,110852,买盘
1106,13:59:54,7.48,--,10,7480,卖盘
1107,13:59:48,7.48,--,19,14212,卖盘
1108,13:59:45,7.48,--,38,28424,卖盘
1109,13:59:42,7.48,-0.01,100,74800,卖盘
1110,13:59:39,7.49,--,55,41195,买盘
1111,13:59:36,7.49,--,117,87633,买盘
1112,13:59:33,7.49,0.01,3,2247,买盘
1113,13:59:30,7.48,-0.01,1,748,卖盘
1114,13:59:27,7.49,--,12,8988,买盘
1115,13:59:24,7.49,--,5,3745,买盘
1116,13:59:21,7.49,0.01,90,67410,买盘
1117,13:59:18,7.48,-0.01,78,58344,卖盘
1118,13:59:09,7.49,--,25,18725,买盘
1119,13:59:06,7.49,0.01,210,157290,买盘
1120,13:59:03,7.48,-0.01,275,205700,卖盘
1121,13:59:00,7.49,0.01,21,15729,买盘
1122,13:58:57,7.48,-0.01,24,17952,卖盘
1123,13:58:54,7.49,0.01,116,86884,买盘
1124,13:58:51,7.48,-0.01,6,4488,卖盘
1125,13:58:48,7.49,--,20,14980,买盘
1126,13:58:45,7.49,--,70,53059,买盘
1127,13:58:42,7.49,--,1,749,买盘
1128,13:58:39,7.49,--,22,16478,买盘
1129,13:58:36,7.49,--,12,8988,买盘
1130,13:58:33,7.49,0.01,1,749,买盘
1131,13:58:30,7.48,-0.01,9,6732,卖盘
1132,13:58:27,7.49,0.01,12,8988,买盘
1133,13:58:24,7.48,--,15,11220,卖盘
1134,13:58:21,7.48,-0.01,120,89760,卖盘
1135,13:58:18,7.49,--,301,225449,买盘
1136,13:58:15,7.49,0.01,6,4494,买盘
1137,13:58:12,7.48,-0.01,84,62832,卖盘
1138,13:58:09,7.49,0.01,29,21721,买盘
1139,13:58:06,7.48,--,171,127908,卖盘
1140,13:58:03,7.48,--,25,18700,卖盘
1141,13:58:00,7.48,-0.01,18,13464,卖盘
1142,13:57:57,7.49,--,131,98119,买盘
1143,13:57:54,7.49,--,2,1498,买盘
1144,13:57:51,7.49,0.01,70,52430,买盘
1145,13:57:48,7.48,--,93,69564,卖盘
1146,13:57:42,7.48,-0.01,18,13464,卖盘
1147,13:57:39,7.49,--,42,31458,买盘
1148,13:57:36,7.49,--,12,8988,买盘
1149,13:57:33,7.49,--,9,6741,买盘
1150,13:57:30,7.49,--,52,38948,买盘
1151,13:57:27,7.49,0.01,41,30709,买盘
1152,13:57:24,7.48,-0.01,10,7480,卖盘
1153,13:57:21,7.49,0.01,18,13482,买盘
1154,13:57:18,7.48,-0.01,310,231880,卖盘
1155,13:57:15,7.49,0.01,36,26964,买盘
1156,13:57:12,7.48,-0.01,143,106964,卖盘
1157,13:57:09,7.49,--,23,17227,买盘
1158,13:57:06,7.49,--,50,37450,买盘
1159,13:57:03,7.49,--,196,146804,买盘
1160,13:57:00,7.49,0.01,11,8239,买盘
1161,13:56:57,7.48,-0.01,190,142120,卖盘
1162,13:56:54,7.49,0.01,29,21721,买盘
1163,13:56:51,7.48,-0.01,82,61336,卖盘
1164,13:56:48,7.49,0.01,22,16478,买盘
1165,13:56:45,7.48,-0.01,61,45628,卖盘
1166,13:56:42,7.49,0.01,83,62167,买盘
1167,13:56:39,7.48,-0.01,16,11968,卖盘
1168,13:56:33,7.49,--,34,25466,买盘
1169,13:56:30,7.49,--,66,49434,买盘
1170,13:56:27,7.49,--,24,17976,买盘
1171,13:56:21,7.49,0.01,37,27713,买盘
1172,13:56:18,7.48,-0.01,331,247588,卖盘
1173,13:56:15,7.49,--,310,232190,买盘
1174,13:56:12,7.49,--,5,3745,买盘
1175,13:56:09,7.49,0.01,54,40446,买盘
1176,13:56:06,7.48,-0.01,42,31416,卖盘
1177,13:56:03,7.49,--,199,149051,买盘
1178,13:56:00,7.49,--,30,22470,买盘
1179,13:55:57,7.49,0.01,139,104111,买盘
1180,13:55:54,7.48,--,100,74800,卖盘
1181,13:55:51,7.48,-0.01,41,30668,卖盘
1182,13:55:48,7.49,0.01,30,22470,买盘
1183,13:55:45,7.48,--,60,45508,卖盘
1184,13:55:42,7.48,--,44,32912,卖盘
1185,13:55:39,7.48,-0.01,204,152592,卖盘
1186,13:55:36,7.49,--,20,14980,买盘
1187,13:55:33,7.49,0.01,2,1498,买盘
1188,13:55:30,7.48,-0.01,82,61336,卖盘
1189,13:55:27,7.49,0.01,428,320572,买盘
1190,13:55:24,7.48,--,610,456280,卖盘
1191,13:55:21,7.48,-0.01,10,7480,卖盘
1192,13:55:18,7.49,--,12,8988,买盘
1193,13:55:15,7.49,0.01,26,19474,买盘
1194,13:55:12,7.48,-0.01,21,15708,卖盘
1195,13:55:09,7.49,--,93,69657,买盘
1196,13:55:06,7.49,--,248,185752,买盘
1197,13:55:03,7.49,0.01,50,37450,买盘
1198,13:55:00,7.48,-0.01,222,166056,卖盘
1199,13:54:57,7.49,0.01,200,149800,买盘
1200,13:54:54,7.48,-0.01,38,28424,卖盘
1201,13:54:48,7.49,--,52,38948,买盘
1202,13:54:45,7.49,0.01,5,3745,买盘
1203,13:54:42,7.48,-0.01,77,57596,卖盘
1204,13:54:39,7.49,0.01,22,16478,买盘
1205,13:54:36,7.48,--,135,100980,卖盘
1206,13:54:33,7.48,--,3,2244,卖盘
1207,13:54:30,7.48,-0.01,29,21692,卖盘
1208,13:54:27,7.49,0.01,33,24717,买盘
1209,13:54:24,7.48,-0.01,113,84524,卖盘
1210,13:54:21,7.49,--,8,5992,买盘
1211,13:54:18,7.49,0.01,102,76398,买盘
1212,13:54:12,7.48,-0.01,1,748,卖盘
1213,13:54:09,7.49,0.01,34,25466,买盘
1214,13:54:03,7.48,-0.01,19,14212,卖盘
1215,13:54:00,7.49,--,206,154294,买盘
1216,13:53:57,7.49,0.01,177,132573,买盘
1217,13:53:54,7.48,-0.01,21,15708,卖盘
1218,13:53:51,7.49,0.01,12,8988,买盘
1219,13:53:48,7.48,-0.01,226,169048,卖盘
1220,13:53:45,7.49,0.01,78,58422,买盘
1221,13:53:39,7.48,-0.01,16,11968,卖盘
1222,13:53:36,7.49,--,77,57673,买盘
1223,13:53:33,7.49,--,16,11984,买盘
1224,13:53:30,7.49,--,10,7490,买盘
1225,13:53:27,7.49,0.01,23,17227,买盘
1226,13:53:24,7.48,-0.01,148,111302,卖盘
1227,13:53:21,7.49,--,1,749,买盘
1228,13:53:18,7.49,--,14,10486,买盘
1229,13:53:12,7.49,--,27,20223,买盘
1230,13:53:06,7.49,0.01,23,17227,买盘
1231,13:53:03,7.48,-0.01,86,64328,卖盘
1232,13:53:00,7.49,0.01,205,153545,买盘
1233,13:52:57,7.48,-0.01,126,94248,卖盘
1234,13:52:54,7.49,--,115,86135,买盘
1235,13:52:51,7.49,--,23,17227,买盘
1236,13:52:48,7.49,--,27,20223,买盘
1237,13:52:45,7.49,--,96,72533,买盘
1238,13:52:42,7.49,0.01,82,61418,买盘
1239,13:52:39,7.48,--,1417,1060117,买盘
1240,13:52:36,7.48,--,95,71060,买盘
1241,13:52:33,7.48,0.01,434,324632,买盘
1242,13:52:30,7.47,-0.01,79,59013,卖盘
1243,13:52:27,7.48,--,58,43384,买盘
1244,13:52:24,7.48,0.01,6,4488,买盘
1245,13:52:21,7.47,--,35,26145,卖盘
1246,13:52:18,7.47,-0.01,69,51543,中性盘
1247,13:52:15,7.48,--,28,20944,买盘
1248,13:52:12,7.48,0.01,531,397188,买盘
1249,13:52:09,7.47,--,185,138195,卖盘
1250,13:52:06,7.47,0.01,296,221112,买盘
1251,13:52:03,7.46,-0.01,43,32078,卖盘
1252,13:52:00,7.47,--,167,124749,买盘
1253,13:51:57,7.47,-0.01,238,177786,卖盘
1254,13:51:54,7.48,--,48,35904,买盘
1255,13:51:51,7.48,0.01,726,543048,买盘
1256,13:51:48,7.47,0.01,20,14940,买盘
1257,13:51:45,7.46,-0.01,106,79076,卖盘
1258,13:51:42,7.47,-0.01,11,8217,卖盘
1259,13:51:39,7.48,0.02,66,49368,买盘
1260,13:51:36,7.46,-0.01,586,437156,卖盘
1261,13:51:33,7.47,--,72,53784,买盘
1262,13:51:30,7.47,--,14,10458,买盘
1263,13:51:27,7.47,--,110,82170,买盘
1264,13:51:24,7.47,--,103,76941,买盘
1265,13:51:21,7.47,0.01,57,42579,买盘
1266,13:51:18,7.46,-0.01,191,142486,卖盘
1267,13:51:15,7.47,0.01,91,67977,买盘
1268,13:51:12,7.46,-0.01,478,356588,卖盘
1269,13:51:06,7.47,0.01,21,15687,买盘
1270,13:51:03,7.46,-0.01,7,5222,卖盘
1271,13:51:00,7.47,--,54,40338,买盘
1272,13:50:57,7.47,--,228,170316,买盘
1273,13:50:54,7.47,0.01,62,46314,买盘
1274,13:50:51,7.46,-0.01,155,115630,卖盘
1275,13:50:48,7.47,0.01,80,59760,买盘
1276,13:50:45,7.46,--,94,70124,卖盘
1277,13:50:42,7.46,--,101,75405,卖盘
1278,13:50:39,7.46,-0.01,140,104440,卖盘
1279,13:50:36,7.47,--,127,94869,买盘
1280,13:50:33,7.47,0.01,56,41832,买盘
1281,13:50:30,7.46,-0.01,66,49236,卖盘
1282,13:50:27,7.47,--,39,29133,买盘
1283,13:50:24,7.47,0.01,5,3735,买盘
1284,13:50:21,7.46,--,102,76092,卖盘
1285,13:50:18,7.46,-0.01,72,53712,卖盘
1286,13:50:15,7.47,--,92,68724,买盘
1287,13:50:12,7.47,--,114,85158,买盘
1288,13:50:09,7.47,--,6,4482,买盘
1289,13:50:06,7.47,--,33,24651,买盘
1290,13:50:03,7.47,--,15,11205,买盘
1291,13:50:00,7.47,--,57,42579,买盘
1292,13:49:57,7.47,-0.01,118,88250,卖盘
1293,13:49:54,7.48,0.01,365,273020,买盘
1294,13:49:51,7.47,-0.01,198,147906,卖盘
1295,13:49:48,7.48,--,48,35904,买盘
1296,13:49:45,7.48,--,20,14960,买盘
1297,13:49:42,7.48,--,85,63983,买盘
1298,13:49:39,7.48,--,157,117436,买盘
1299,13:49:36,7.48,0.01,35,26180,买盘
1300,13:49:33,7.47,--,28,20916,卖盘
1301,13:49:30,7.47,--,19,14193,卖盘
1302,13:49:27,7.47,--,336,250992,卖盘
1303,13:49:24,7.47,-0.01,46,34362,卖盘
1304,13:49:21,7.48,--,56,41888,买盘
1305,13:49:18,7.48,0.01,62,46376,买盘
1306,13:49:15,7.47,-0.01,26,19422,卖盘
1307,13:49:12,7.48,--,123,92004,买盘
1308,13:49:09,7.48,0.01,61,45628,买盘
1309,13:49:06,7.47,--,51,38097,卖盘
1310,13:49:03,7.47,--,172,128484,卖盘
1311,13:49:00,7.47,-0.01,90,67469,卖盘
1312,13:48:57,7.48,0.01,110,82280,买盘
1313,13:48:54,7.47,--,186,138942,卖盘
1314,13:48:51,7.47,-0.01,141,105327,卖盘
1315,13:48:48,7.48,0.01,62,46376,买盘
1316,13:48:45,7.47,--,11,8217,卖盘
1317,13:48:42,7.47,--,21,15687,卖盘
1318,13:48:39,7.47,-0.01,304,227088,卖盘
1319,13:48:36,7.48,0.01,125,93500,买盘
1320,13:48:33,7.47,--,90,67230,卖盘
1321,13:48:30,7.47,-0.01,61,45567,卖盘
1322,13:48:27,7.48,--,33,24684,买盘
1323,13:48:24,7.48,--,10,7480,买盘
1324,13:48:21,7.48,--,16,11968,买盘
1325,13:48:18,7.48,--,7,5236,买盘
1326,13:48:15,7.48,--,88,65824,买盘
1327,13:48:12,7.48,0.01,190,142120,买盘
1328,13:48:09,7.47,--,76,57227,买盘
1329,13:48:06,7.47,0.01,54,40338,买盘
1330,13:48:03,7.46,-0.01,295,220070,卖盘
1331,13:48:00,7.47,0.01,61,45567,买盘
1332,13:47:57,7.46,--,147,109662,卖盘
1333,13:47:54,7.46,-0.02,58,43268,卖盘
1334,13:47:51,7.48,0.01,56,42157,买盘
1335,13:47:48,7.47,0.01,12,9442,中性盘
1336,13:47:45,7.46,-0.02,2,1492,卖盘
1337,13:47:42,7.48,0.02,44,32912,买盘
1338,13:47:39,7.46,-0.01,316,235736,卖盘
1339,13:47:36,7.47,--,251,188027,买盘
1340,13:47:33,7.47,--,56,41832,买盘
1341,13:47:30,7.47,--,76,56772,买盘
1342,13:47:27,7.47,--,17,12699,买盘
1343,13:47:24,7.47,--,10,7470,买盘
1344,13:47:21,7.47,--,27,20169,买盘
1345,13:47:18,7.47,--,50,37350,买盘
1346,13:47:15,7.47,--,24,17928,买盘
1347,13:47:12,7.47,--,84,62964,卖盘
1348,13:47:09,7.47,-0.01,86,64242,卖盘
1349,13:47:06,7.48,0.01,647,483956,买盘
1350,13:47:03,7.47,-0.01,4,2988,卖盘
1351,13:47:00,7.48,--,36,26928,买盘
1352,13:46:57,7.48,0.01,451,337348,买盘
1353,13:46:54,7.47,-0.01,297,221859,卖盘
1354,13:46:51,7.48,--,91,68068,买盘
1355,13:46:48,7.48,--,54,40392,买盘
1356,13:46:45,7.48,0.01,59,44760,买盘
1357,13:46:42,7.47,--,129,96363,卖盘
1358,13:46:39,7.47,--,110,82170,卖盘
1359,13:46:36,7.47,-0.01,112,83664,卖盘
1360,13:46:33,7.48,0.01,1,748,买盘
1361,13:46:30,7.47,--,61,45567,卖盘
1362,13:46:27,7.47,--,42,31374,卖盘
1363,13:46:24,7.47,-0.01,59,44073,卖盘
1364,13:46:21,7.48,0.01,160,119680,买盘
1365,13:46:18,7.47,-0.01,202,150894,卖盘
1366,13:46:15,7.48,--,38,28424,买盘
1367,13:46:12,7.48,0.01,75,56100,买盘
1368,13:46:09,7.47,--,6,4482,卖盘
1369,13:46:06,7.47,--,35,26145,卖盘
1370,13:46:03,7.47,-0.01,77,57720,卖盘
1371,13:46:00,7.48,--,13,9724,买盘
1372,13:45:57,7.48,0.01,73,54604,买盘
1373,13:45:54,7.47,--,132,98604,卖盘
1374,13:45:51,7.47,-0.01,130,97110,卖盘
1375,13:45:48,7.48,--,9,6732,买盘
1376,13:45:45,7.48,0.01,42,31416,买盘
1377,13:45:42,7.47,-0.01,37,27639,卖盘
1378,13:45:39,7.48,--,153,114444,买盘
1379,13:45:36,7.48,--,425,317900,买盘
1380,13:45:33,7.48,--,8,5984,买盘
1381,13:45:30,7.48,--,47,35156,买盘
1382,13:45:27,7.48,0.01,20,14960,买盘
1383,13:45:21,7.47,-0.01,67,50497,卖盘
1384,13:45:18,7.48,--,39,29172,买盘
1385,13:45:15,7.48,0.01,51,38148,买盘
1386,13:45:12,7.47,-0.01,52,38844,卖盘
1387,13:45:09,7.48,0.01,64,47872,买盘
1388,13:45:06,7.47,--,551,411597,卖盘
1389,13:45:03,7.47,--,21,15687,卖盘
1390,13:45:00,7.47,--,39,29133,卖盘
1391,13:44:57,7.47,--,33,24651,中性盘
1392,13:44:54,7.47,0.01,51,38097,买盘
1393,13:44:51,7.46,-0.01,246,183516,卖盘
1394,13:44:48,7.47,--,58,43326,买盘
1395,13:44:45,7.47,0.01,50,37350,买盘
1396,13:44:42,7.46,-0.01,56,41776,卖盘
1397,13:44:39,7.47,0.01,128,95616,买盘
1398,13:44:36,7.46,-0.01,22,16412,卖盘
1399,13:44:33,7.47,--,45,33615,买盘
1400,13:44:30,7.47,--,29,21663,买盘
1401,13:44:27,7.47,--,22,16434,买盘
1402,13:44:24,7.47,--,18,13446,买盘
1403,13:44:21,7.47,--,11,8217,买盘
1404,13:44:18,7.47,--,24,17928,买盘
1405,13:44:15,7.47,-0.01,87,64989,卖盘
1406,13:44:12,7.48,--,118,88264,买盘
1407,13:44:09,7.48,--,57,42636,买盘
1408,13:44:06,7.48,0.01,13,9724,买盘
1409,13:44:03,7.47,-0.01,4,2988,卖盘
1410,13:44:00,7.48,--,34,25432,买盘
1411,13:43:57,7.48,0.01,33,24684,买盘
1412,13:43:54,7.47,--,240,179280,卖盘
1413,13:43:51,7.47,--,2273,1697931,卖盘
1414,13:43:48,7.47,--,384,286848,卖盘
1415,13:43:45,7.47,-0.01,57,43206,卖盘
1416,13:43:42,7.48,0.01,9,6732,买盘
1417,13:43:39,7.47,--,98,73206,卖盘
1418,13:43:36,7.47,-0.01,86,64242,卖盘
1419,13:43:30,7.48,0.01,33,24684,买盘
1420,13:43:27,7.47,--,386,288730,买盘
1421,13:43:24,7.47,--,10,7470,买盘
1422,13:43:21,7.47,--,1,747,买盘
1423,13:43:18,7.47,--,31,23157,买盘
1424,13:43:15,7.47,--,128,95616,买盘
1425,13:43:12,7.47,--,20,14940,买盘
1426,13:43:09,7.47,--,49,36603,买盘
1427,13:43:06,7.47,0.01,262,195714,买盘
1428,13:43:03,7.46,-0.01,6,4476,卖盘
1429,13:43:00,7.47,0.01,13,9711,买盘
1430,13:42:57,7.46,-0.01,57,42522,卖盘
1431,13:42:54,7.47,--,40,29880,买盘
1432,13:42:51,7.47,0.01,36,26892,买盘
1433,13:42:48,7.46,-0.01,559,417014,卖盘
1434,13:42:45,7.47,-0.01,7129,5325721,卖盘
1435,13:42:42,7.48,0.01,23,17204,买盘
1436,13:42:39,7.47,-0.01,1,747,卖盘
1437,13:42:36,7.48,--,22,16456,买盘
1438,13:42:33,7.48,0.01,201,150348,买盘
1439,13:42:30,7.47,-0.01,161,120267,卖盘
1440,13:42:27,7.48,--,54,40392,买盘
1441,13:42:24,7.48,--,20,14960,买盘
1442,13:42:21,7.48,--,125,93500,买盘
1443,13:42:18,7.48,0.01,43,32164,买盘
1444,13:42:15,7.47,-0.01,34,25398,卖盘
1445,13:42:12,7.48,--,102,76296,买盘
1446,13:42:09,7.48,--,27,20196,买盘
1447,13:42:06,7.48,0.01,18,13464,买盘
1448,13:42:03,7.47,-0.01,45,33615,卖盘
1449,13:42:00,7.48,--,30,22440,买盘
1450,13:41:57,7.48,--,146,109208,买盘
1451,13:41:54,7.48,--,27,20196,买盘
1452,13:41:51,7.48,--,21,15708,买盘
1453,13:41:48,7.48,--,230,172040,买盘
1454,13:41:45,7.48,--,45,33660,买盘
1455,13:41:42,7.48,--,5,3740,买盘
1456,13:41:39,7.48,--,120,89760,买盘
1457,13:41:36,7.48,0.01,392,293216,买盘
1458,13:41:33,7.47,--,146,109062,卖盘
1459,13:41:30,7.47,-0.01,59,44073,卖盘
1460,13:41:27,7.48,--,21,15708,买盘
1461,13:41:24,7.48,--,10,7480,买盘
1462,13:41:18,7.48,--,29,21692,买盘
1463,13:41:15,7.48,--,120,89760,买盘
1464,13:41:12,7.48,--,70,52360,买盘
1465,13:41:09,7.48,--,49,36652,买盘
1466,13:41:06,7.48,--,22,16456,买盘
1467,13:41:03,7.48,0.01,127,94996,买盘
1468,13:41:00,7.47,-0.01,22,16434,卖盘
1469,13:40:57,7.48,--,22,16456,买盘
1470,13:40:54,7.48,--,12,8976,买盘
1471,13:40:51,7.48,--,9,6732,买盘
1472,13:40:48,7.48,0.01,10,7480,买盘
1473,13:40:45,7.47,-0.01,190,142557,卖盘
1474,13:40:42,7.48,-0.01,143,106964,卖盘
1475,13:40:39,7.49,--,48,35952,买盘
1476,13:40:36,7.49,--,893,668857,买盘
1477,13:40:33,7.49,0.01,11,8239,买盘
1478,13:40:30,7.48,--,72,53856,卖盘
1479,13:40:27,7.48,-0.01,13,9724,卖盘
1480,13:40:24,7.49,--,5,3745,买盘
1481,13:40:21,7.49,--,20,14980,买盘
1482,13:40:18,7.49,--,21,15729,买盘
1483,13:40:15,7.49,--,12,8988,买盘
1484,13:40:12,7.49,--,13,9737,买盘
1485,13:40:09,7.49,0.01,54,40446,买盘
1486,13:40:06,7.48,--,17,12716,卖盘
1487,13:40:03,7.48,-0.01,16,11968,卖盘
1488,13:40:00,7.49,--,21,15729,买盘
1489,13:39:57,7.49,--,139,104111,买盘
1490,13:39:54,7.49,--,130,97370,买盘
1491,13:39:51,7.49,--,5,3745,买盘
1492,13:39:48,7.49,0.01,69,51681,买盘
1493,13:39:45,7.48,-0.01,165,123420,卖盘
1494,13:39:42,7.49,0.01,41,30709,买盘
1495,13:39:39,7.48,-0.01,78,58344,卖盘
1496,13:39:36,7.49,0.01,83,62167,买盘
1497,13:39:33,7.48,--,701,524348,卖盘
1498,13:39:30,7.48,--,21,15708,卖盘
1499,13:39:27,7.48,-0.01,31,23188,卖盘
1500,13:39:24,7.49,--,19,14231,买盘
1501,13:39:21,7.49,--,17,12733,买盘
1502,13:39:18,7.49,0.01,330,247170,买盘
1503,13:39:15,7.48,-0.01,117,87516,卖盘
1504,13:39:12,7.49,--,89,66661,买盘
1505,13:39:09,7.49,--,34,25466,买盘
1506,13:39:06,7.49,0.01,12,8988,买盘
1507,13:39:03,7.48,-0.01,61,45628,卖盘
1508,13:39:00,7.49,0.01,81,60669,买盘
1509,13:38:57,7.48,-0.01,17,12716,卖盘
1510,13:38:51,7.49,--,28,20972,买盘
1511,13:38:48,7.49,--,128,95872,买盘
1512,13:38:45,7.49,0.01,233,174517,买盘
1513,13:38:42,7.48,-0.01,50,37400,卖盘
1514,13:38:39,7.49,0.01,44,32956,买盘
1515,13:38:36,7.48,--,20,14960,卖盘
1516,13:38:33,7.48,--,25,18700,卖盘
1517,13:38:30,7.48,-0.01,138,103224,卖盘
1518,13:38:27,7.49,--,168,125832,买盘
1519,13:38:24,7.49,0.01,114,85386,买盘
1520,13:38:21,7.48,-0.01,51,38148,卖盘
1521,13:38:18,7.49,--,49,36701,买盘
1522,13:38:15,7.49,0.01,35,26215,买盘
1523,13:38:12,7.48,--,79,59092,卖盘
1524,13:38:09,7.48,-0.01,169,126412,卖盘
1525,13:38:06,7.49,0.02,1010,756490,买盘
1526,13:38:03,7.47,-0.01,6,4482,卖盘
1527,13:38:00,7.48,0.01,7,5236,买盘
1528,13:37:57,7.47,-0.01,39,29133,卖盘
1529,13:37:54,7.48,0.01,15,11220,买盘
1530,13:37:51,7.47,-0.01,18,13446,卖盘
1531,13:37:48,7.48,--,160,119680,买盘
1532,13:37:45,7.48,0.01,253,189872,买盘
1533,13:37:42,7.47,-0.01,21,15687,卖盘
1534,13:37:39,7.48,0.01,10,7480,买盘
1535,13:37:36,7.47,-0.01,48,35856,卖盘
1536,13:37:33,7.48,0.01,118,88264,买盘
1537,13:37:30,7.47,--,41,30627,卖盘
1538,13:37:27,7.47,-0.01,17,12699,卖盘
1539,13:37:24,7.48,--,61,45628,买盘
1540,13:37:21,7.48,--,5,3740,买盘
1541,13:37:18,7.48,--,6,4488,买盘
1542,13:37:15,7.48,--,84,62832,买盘
1543,13:37:12,7.48,--,29,21692,买盘
1544,13:37:09,7.48,--,18,13464,买盘
1545,13:37:06,7.48,0.01,29,21692,买盘
1546,13:37:03,7.47,-0.01,22,16434,卖盘
1547,13:37:00,7.48,0.01,30,22440,买盘
1548,13:36:57,7.47,-0.01,23,17181,卖盘
1549,13:36:54,7.48,--,82,61336,买盘
1550,13:36:51,7.48,--,135,100980,买盘
1551,13:36:48,7.48,--,5,3740,买盘
1552,13:36:45,7.48,--,12,8976,买盘
1553,13:36:42,7.48,-0.01,51,38148,卖盘
1554,13:36:39,7.49,0.01,190,142310,买盘
1555,13:36:36,7.48,--,19,14212,买盘
1556,13:36:33,7.48,0.01,98,73304,卖盘
1557,13:36:30,7.47,-0.02,76,56772,卖盘
1558,13:36:27,7.49,--,20,14980,买盘
1559,13:36:21,7.49,0.01,58,43442,买盘
1560,13:36:18,7.48,-0.01,182,136136,卖盘
1561,13:36:15,7.49,0.01,41,30709,买盘
1562,13:36:12,7.48,-0.01,160,119680,卖盘
1563,13:36:09,7.49,0.01,21,15729,买盘
1564,13:36:06,7.48,-0.01,146,109208,卖盘
1565,13:36:03,7.49,--,255,190995,买盘
1566,13:36:00,7.49,--,10,7490,买盘
1567,13:35:57,7.49,--,12,8988,买盘
1568,13:35:54,7.49,0.01,59,44191,买盘
1569,13:35:51,7.48,--,250,187000,卖盘
1570,13:35:48,7.48,--,19,14212,卖盘
1571,13:35:45,7.48,-0.01,85,63580,卖盘
1572,13:35:42,7.49,0.01,412,308588,买盘
1573,13:35:39,7.48,-0.01,71,53108,卖盘
1574,13:35:36,7.49,0.01,40,29960,买盘
1575,13:35:33,7.48,--,107,80036,卖盘
1576,13:35:30,7.48,--,9,6732,卖盘
1577,13:35:27,7.48,-0.01,63,47124,卖盘
1578,13:35:24,7.49,--,7,5243,买盘
1579,13:35:21,7.49,--,41,30709,买盘
1580,13:35:18,7.49,--,14,10486,买盘
1581,13:35:15,7.49,0.01,118,88382,买盘
1582,13:35:12,7.48,-0.01,57,42636,卖盘
1583,13:35:09,7.49,0.01,236,176764,买盘
1584,13:35:06,7.48,--,37,27676,卖盘
1585,13:35:03,7.48,-0.01,54,40392,卖盘
1586,13:35:00,7.49,0.01,27,20223,买盘
1587,13:34:57,7.48,--,63,47124,卖盘
1588,13:34:54,7.48,--,44,32912,买盘
1589,13:34:51,7.48,--,200,149600,买盘
1590,13:34:48,7.48,--,130,97240,买盘
1591,13:34:45,7.48,--,439,329000,买盘
1592,13:34:42,7.48,--,379,283492,买盘
1593,13:34:39,7.48,--,41,30668,买盘
1594,13:34:36,7.48,--,340,254320,买盘
1595,13:34:33,7.48,--,25,18700,买盘
1596,13:34:30,7.48,--,6,4488,买盘
1597,13:34:27,7.48,--,134,100232,买盘
1598,13:34:24,7.48,--,221,165308,买盘
1599,13:34:21,7.48,0.01,32,23936,买盘
1600,13:34:18,7.47,-0.01,25,18675,卖盘
1601,13:34:15,7.48,0.01,99,74052,买盘
1602,13:34:12,7.47,--,426,318222,卖盘
1603,13:34:09,7.47,--,23,17181,卖盘
1604,13:34:06,7.47,-0.01,13,9711,卖盘
1605,13:34:03,7.48,0.01,25,18700,买盘
1606,13:34:00,7.47,--,1,747,卖盘
1607,13:33:57,7.47,-0.01,20,14940,卖盘
1608,13:33:54,7.48,--,53,39644,买盘
1609,13:33:51,7.48,--,66,49368,买盘
1610,13:33:48,7.48,--,137,102476,买盘
1611,13:33:45,7.48,--,12,8976,买盘
1612,13:33:42,7.48,--,60,45598,卖盘
1613,13:33:39,7.48,-0.01,216,161568,卖盘
1614,13:33:36,7.49,0.01,41,30709,买盘
1615,13:33:33,7.48,-0.01,559,418132,卖盘
1616,13:33:30,7.49,--,88,65912,买盘
1617,13:33:27,7.49,--,17,12733,买盘
1618,13:33:24,7.49,0.01,13,9737,买盘
1619,13:33:21,7.48,-0.01,61,45628,卖盘
1620,13:33:18,7.49,--,125,93625,买盘
1621,13:33:15,7.49,--,12,8988,买盘
1622,13:33:12,7.49,--,18,13482,买盘
1623,13:33:09,7.49,0.01,20,14980,买盘
1624,13:33:06,7.48,-0.01,32,23936,卖盘
1625,13:33:03,7.49,0.01,175,131075,买盘
1626,13:32:57,7.48,-0.01,32,23936,卖盘
1627,13:32:54,7.49,--,127,95123,买盘
1628,13:32:51,7.49,--,42,31458,买盘
1629,13:32:48,7.49,--,426,319074,买盘
1630,13:32:45,7.49,0.01,247,185003,买盘
1631,13:32:42,7.48,--,19,14212,卖盘
1632,13:32:39,7.48,-0.01,180,134640,卖盘
1633,13:32:36,7.49,--,32,23968,买盘
1634,13:32:30,7.49,0.01,9,6741,买盘
1635,13:32:27,7.48,-0.01,110,82280,卖盘
1636,13:32:24,7.49,--,1686,1262814,买盘
1637,13:32:21,7.49,0.01,19,14231,买盘
1638,13:32:18,7.48,-0.01,77,57596,卖盘
1639,13:32:15,7.49,--,27,20223,买盘
1640,13:32:12,7.49,0.01,27,20223,买盘
1641,13:32:09,7.48,--,14,10472,卖盘
1642,13:32:06,7.48,-0.01,26,19448,卖盘
1643,13:32:03,7.49,0.01,113,84637,买盘
1644,13:32:00,7.48,--,20,14960,卖盘
1645,13:31:57,7.48,-0.01,7,5236,卖盘
1646,13:31:54,7.49,--,25,18725,买盘
1647,13:31:51,7.49,0.01,142,106358,买盘
1648,13:31:48,7.48,-0.01,12,8976,卖盘
1649,13:31:45,7.49,--,102,77027,买盘
1650,13:31:42,7.49,--,77,57673,买盘
1651,13:31:39,7.49,0.01,189,141561,买盘
1652,13:31:36,7.48,-0.01,45,33660,卖盘
1653,13:31:33,7.49,--,31,23219,买盘
1654,13:31:30,7.49,--,20,14980,买盘
1655,13:31:27,7.49,--,28,20972,买盘
1656,13:31:24,7.49,--,18,13482,买盘
1657,13:31:21,7.49,--,322,241178,买盘
1658,13:31:18,7.49,--,39,29211,买盘
1659,13:31:15,7.49,--,312,233688,买盘
1660,13:31:09,7.49,--,57,42693,买盘
1661,13:31:06,7.49,0.01,113,84637,买盘
1662,13:31:03,7.48,-0.01,32,23936,卖盘
1663,13:31:00,7.49,0.01,7,5243,买盘
1664,13:30:57,7.48,--,141,105468,卖盘
1665,13:30:54,7.48,-0.01,295,220660,卖盘
1666,13:30:51,7.49,--,195,146055,买盘
1667,13:30:48,7.49,--,33,24717,买盘
1668,13:30:45,7.49,0.01,41,30709,买盘
1669,13:30:42,7.48,-0.01,124,92752,卖盘
1670,13:30:39,7.49,0.01,36,26964,买盘
1671,13:30:36,7.48,-0.01,210,157080,卖盘
1672,13:30:33,7.49,0.01,28,20972,买盘
1673,13:30:30,7.48,-0.01,78,58344,卖盘
1674,13:30:27,7.49,--,352,263648,买盘
1675,13:30:24,7.49,--,19,14231,买盘
1676,13:30:21,7.49,--,22,16478,买盘
1677,13:30:18,7.49,--,12,8988,买盘
1678,13:30:15,7.49,--,32,23968,买盘
1679,13:30:12,7.49,0.01,20,14980,买盘
1680,13:30:09,7.48,-0.01,22,16456,卖盘
1681,13:30:06,7.49,0.01,22,16478,买盘
1682,13:30:03,7.48,-0.01,115,86020,卖盘
1683,13:30:00,7.49,--,20,14980,买盘
1684,13:29:57,7.49,0.01,54,40446,买盘
1685,13:29:54,7.48,-0.01,27,20196,卖盘
1686,13:29:51,7.49,--,20,14980,买盘
1687,13:29:45,7.49,--,70,52430,买盘
1688,13:29:42,7.49,0.01,49,36701,买盘
1689,13:29:39,7.48,-0.01,37,27676,卖盘
1690,13:29:36,7.49,0.01,27,20223,买盘
1691,13:29:33,7.48,-0.02,250,187000,卖盘
1692,13:29:30,7.5,--,24,18000,买盘
1693,13:29:27,7.5,0.01,103,77250,买盘
1694,13:29:24,7.49,--,16,11984,买盘
1695,13:29:21,7.49,--,69,51681,买盘
1696,13:29:18,7.49,--,37,27713,买盘
1697,13:29:15,7.49,0.01,35,26215,买盘
1698,13:29:12,7.48,--,3,2244,卖盘
1699,13:29:09,7.48,-0.01,51,38148,卖盘
1700,13:29:06,7.49,0.01,34,25466,买盘
1701,13:29:03,7.48,-0.01,19,14212,卖盘
1702,13:29:00,7.49,-0.01,38,28462,买盘
1703,13:28:57,7.5,--,5,3750,买盘
1704,13:28:54,7.5,0.01,60,45000,买盘
1705,13:28:51,7.49,--,20,14980,卖盘
1706,13:28:48,7.49,-0.01,26,19474,卖盘
1707,13:28:45,7.5,--,47,35880,买盘
1708,13:28:42,7.5,0.01,4,3000,买盘
1709,13:28:39,7.49,-0.01,43,32207,买盘
1710,13:28:36,7.5,0.02,173,129750,买盘
1711,13:28:33,7.48,-0.01,93,69564,卖盘
1712,13:28:30,7.49,--,1,749,买盘
1713,13:28:27,7.49,--,11,8239,买盘
1714,13:28:24,7.49,--,29,21721,买盘
1715,13:28:21,7.49,-0.01,39,29211,卖盘
1716,13:28:18,7.5,0.01,35,26250,买盘
1717,13:28:15,7.49,--,17,12733,买盘
1718,13:28:12,7.49,-0.01,13,9737,中性盘
1719,13:28:09,7.5,--,15,11250,买盘
1720,13:28:06,7.5,--,26,19500,买盘
1721,13:28:03,7.5,--,58,43500,买盘
1722,13:28:00,7.5,--,47,35250,买盘
1723,13:27:57,7.5,--,108,81000,买盘
1724,13:27:54,7.5,0.01,12,9000,买盘
1725,13:27:51,7.49,-0.01,17,12733,卖盘
1726,13:27:48,7.5,--,52,39000,买盘
1727,13:27:45,7.5,--,82,61500,买盘
1728,13:27:42,7.5,--,17,12750,买盘
1729,13:27:39,7.5,--,72,54000,买盘
1730,13:27:36,7.5,0.01,166,124500,买盘
1731,13:27:33,7.49,--,189,141561,卖盘
1732,13:27:30,7.49,-0.01,120,89880,卖盘
1733,13:27:27,7.5,--,23,17250,买盘
1734,13:27:24,7.5,0.01,59,44250,买盘
1735,13:27:21,7.49,-0.01,128,95872,卖盘
1736,13:27:18,7.5,--,212,159000,买盘
1737,13:27:15,7.5,0.01,44,33000,买盘
1738,13:27:12,7.49,-0.01,82,61418,卖盘
1739,13:27:09,7.5,--,72,54000,买盘
1740,13:27:06,7.5,0.01,103,77250,买盘
1741,13:27:03,7.49,--,31,23219,买盘
1742,13:27:00,7.49,-0.01,35,26215,卖盘
1743,13:26:57,7.5,0.01,156,117000,买盘
1744,13:26:54,7.49,0.01,1778,1331722,买盘
1745,13:26:51,7.48,--,58,43384,卖盘
1746,13:26:48,7.48,-0.01,628,469744,卖盘
1747,13:26:45,7.49,--,262,196238,买盘
1748,13:26:42,7.49,--,179,134071,买盘
1749,13:26:39,7.49,--,74,55426,买盘
1750,13:26:36,7.49,0.01,43,32207,买盘
1751,13:26:33,7.48,-0.01,767,573716,卖盘
1752,13:26:30,7.49,--,13,9737,买盘
1753,13:26:27,7.49,0.01,32,23968,买盘
1754,13:26:24,7.48,-0.01,157,117436,卖盘
1755,13:26:21,7.49,--,40,29960,买盘
1756,13:26:18,7.49,--,20,14980,买盘
1757,13:26:15,7.49,--,30,22470,买盘
1758,13:26:12,7.49,--,76,56924,买盘
1759,13:26:09,7.49,--,21,15729,买盘
1760,13:26:03,7.49,--,62,46438,买盘
1761,13:26:00,7.49,--,223,167027,买盘
1762,13:25:57,7.49,--,366,274134,买盘
1763,13:25:54,7.49,--,103,77147,买盘
1764,13:25:51,7.49,0.01,1069,800681,买盘
1765,13:25:48,7.48,-0.01,29,21692,卖盘
1766,13:25:45,7.49,--,38,29091,买盘
1767,13:25:42,7.49,--,92,68908,买盘
1768,13:25:39,7.49,--,140,104860,买盘
1769,13:25:36,7.49,--,184,137816,买盘
1770,13:25:33,7.49,0.01,158,118342,买盘
1771,13:25:30,7.48,-0.01,143,106964,卖盘
1772,13:25:27,7.49,--,53,39697,买盘
1773,13:25:24,7.49,--,48,35952,买盘
1774,13:25:21,7.49,0.01,123,92127,买盘
1775,13:25:18,7.48,--,49,36652,卖盘
1776,13:25:15,7.48,--,132,98736,卖盘
1777,13:25:12,7.48,-0.01,67,50116,卖盘
1778,13:25:09,7.49,--,9,6741,买盘
1779,13:25:06,7.49,--,96,71904,买盘
1780,13:25:03,7.49,--,47,35203,买盘
1781,13:25:00,7.49,--,33,24717,买盘
1782,13:24:57,7.49,--,205,153545,买盘
1783,13:24:54,7.49,--,35,26215,买盘
1784,13:24:51,7.49,--,23,17227,买盘
1785,13:24:48,7.49,0.01,11,8239,买盘
1786,13:24:45,7.48,-0.01,18,13464,卖盘
1787,13:24:42,7.49,--,58,43442,买盘
1788,13:24:39,7.49,--,58,43442,买盘
1789,13:24:36,7.49,--,36,26964,买盘
1790,13:24:33,7.49,--,46,34454,买盘
1791,13:24:30,7.49,--,39,29211,卖盘
1792,13:24:27,7.49,-0.01,10,7490,卖盘
1793,13:24:24,7.5,--,15,11250,买盘
1794,13:24:21,7.5,--,11,8250,买盘
1795,13:24:18,7.5,0.01,131,98250,买盘
1796,13:24:15,7.49,0.01,17,12733,买盘
1797,13:24:12,7.48,--,40,29920,卖盘
1798,13:24:09,7.48,--,110,82280,卖盘
1799,13:24:06,7.48,--,1032,771936,卖盘
1800,13:24:03,7.48,-0.01,7,5236,卖盘
1801,13:24:00,7.49,--,11,8239,买盘
1802,13:23:57,7.49,--,124,92876,买盘
1803,13:23:54,7.49,0.01,35,26215,买盘
1804,13:23:51,7.48,-0.01,10,7480,卖盘
1805,13:23:48,7.49,--,6,4494,买盘
1806,13:23:45,7.49,--,35,26215,买盘
1807,13:23:42,7.49,0.01,69,51681,买盘
1808,13:23:39,7.48,-0.01,92,68816,卖盘
1809,13:23:36,7.49,--,18,13482,买盘
1810,13:23:33,7.49,--,27,20223,买盘
1811,13:23:30,7.49,--,115,86135,卖盘
1812,13:23:27,7.49,--,269,201481,卖盘
1813,13:23:24,7.49,-0.01,40,29960,卖盘
1814,13:23:21,7.5,--,6,4500,买盘
1815,13:23:18,7.5,0.01,113,85260,买盘
1816,13:23:15,7.49,-0.01,106,79633,卖盘
1817,13:23:12,7.5,--,19,14250,买盘
1818,13:23:09,7.5,0.01,10,7500,买盘
1819,13:23:06,7.49,--,62,46438,卖盘
1820,13:23:03,7.49,-0.01,66,49434,卖盘
1821,13:23:00,7.5,--,727,545250,买盘
1822,13:22:57,7.5,0.02,45,34260,买盘
1823,13:22:54,7.48,-0.01,779,582692,卖盘
1824,13:22:51,7.49,--,321,240429,买盘
1825,13:22:48,7.49,--,50,37450,买盘
1826,13:22:45,7.49,--,53,40326,买盘
1827,13:22:42,7.49,-0.01,382,286357,卖盘
1828,13:22:39,7.5,0.01,66,49500,买盘
1829,13:22:36,7.49,-0.01,32,23968,卖盘
1830,13:22:33,7.5,--,40,30000,买盘
1831,13:22:30,7.5,--,176,132000,买盘
1832,13:22:27,7.5,--,129,96750,买盘
1833,13:22:24,7.5,--,43,32250,买盘
1834,13:22:21,7.5,--,7,5250,买盘
1835,13:22:18,7.5,--,103,77250,买盘
1836,13:22:15,7.5,0.01,17,12750,买盘
1837,13:22:12,7.49,--,10,7490,卖盘
1838,13:22:09,7.49,--,10,7490,卖盘
1839,13:22:06,7.49,-0.01,117,87633,卖盘
1840,13:22:03,7.5,--,886,664500,买盘
1841,13:22:00,7.5,--,14,10500,买盘
1842,13:21:57,7.5,--,43,32250,买盘
1843,13:21:54,7.5,--,32,24000,买盘
1844,13:21:51,7.5,0.01,14,10500,买盘
1845,13:21:48,7.49,-0.01,6,4494,卖盘
1846,13:21:45,7.5,0.01,96,72000,买盘
1847,13:21:42,7.49,-0.01,106,79394,卖盘
1848,13:21:39,7.5,--,2059,1544250,买盘
1849,13:21:36,7.5,--,22,16500,买盘
1850,13:21:33,7.5,--,58,43500,买盘
1851,13:21:30,7.5,0.01,10,7500,买盘
1852,13:21:27,7.49,-0.01,190,142310,卖盘
1853,13:21:24,7.5,--,137,102750,买盘
1854,13:21:21,7.5,--,146,109500,买盘
1855,13:21:15,7.5,--,21,15750,买盘
1856,13:21:12,7.5,0.01,121,90750,买盘
1857,13:21:09,7.49,--,17,12733,卖盘
1858,13:21:06,7.49,--,13,9737,卖盘
1859,13:21:03,7.49,--,22,16478,卖盘
1860,13:21:00,7.49,--,37,27713,卖盘
1861,13:20:57,7.49,-0.01,56,41944,卖盘
1862,13:20:54,7.5,0.01,125,93750,买盘
1863,13:20:51,7.49,-0.01,61,45689,卖盘
1864,13:20:48,7.5,0.01,63,47250,买盘
1865,13:20:45,7.49,-0.01,186,139314,卖盘
1866,13:20:42,7.5,0.01,95,71250,买盘
1867,13:20:39,7.49,-0.01,58,43442,卖盘
1868,13:20:36,7.5,--,370,277500,买盘
1869,13:20:33,7.5,0.01,59,44250,买盘
1870,13:20:30,7.49,--,132,98868,卖盘
1871,13:20:27,7.49,-0.01,234,175266,卖盘
1872,13:20:24,7.5,--,14,10500,买盘
1873,13:20:21,7.5,0.01,11,8250,买盘
1874,13:20:18,7.49,-0.01,103,77147,卖盘
1875,13:20:15,7.5,0.01,36,27000,买盘
1876,13:20:12,7.49,-0.01,34,25466,卖盘
1877,13:20:09,7.5,0.01,30,22500,买盘
1878,13:20:06,7.49,--,131,98119,卖盘
1879,13:20:03,7.49,-0.01,4,2996,卖盘
1880,13:20:00,7.5,--,27,20250,买盘
1881,13:19:57,7.5,--,26,19500,买盘
1882,13:19:54,7.5,0.01,134,100500,买盘
1883,13:19:51,7.49,--,25,18725,卖盘
1884,13:19:48,7.49,-0.01,114,85386,卖盘
1885,13:19:45,7.5,0.01,71,53880,买盘
1886,13:19:42,7.49,-0.01,218,163282,卖盘
1887,13:19:39,7.5,--,20,15000,买盘
1888,13:19:36,7.5,--,12,9000,买盘
1889,13:19:33,7.5,--,17,12750,买盘
1890,13:19:30,7.5,--,36,27000,买盘
1891,13:19:27,7.5,0.01,135,101250,买盘
1892,13:19:24,7.49,-0.01,95,71155,卖盘
1893,13:19:21,7.5,--,140,105000,买盘
1894,13:19:18,7.5,--,20,15000,买盘
1895,13:19:15,7.5,0.01,346,259500,买盘
1896,13:19:12,7.49,-0.01,28,20972,卖盘
1897,13:19:09,7.5,--,75,56250,买盘
1898,13:19:06,7.5,0.01,62,46500,买盘
1899,13:19:03,7.49,-0.01,19,14231,卖盘
1900,13:19:00,7.5,--,28,21000,买盘
1901,13:18:54,7.5,0.01,22,16500,买盘
1902,13:18:51,7.49,-0.01,1,749,卖盘
1903,13:18:48,7.5,--,46,34500,买盘
1904,13:18:45,7.5,--,348,261000,买盘
1905,13:18:42,7.5,-0.01,1118,838950,卖盘
1906,13:18:39,7.51,--,21,15771,买盘
1907,13:18:36,7.51,--,43,32293,买盘
1908,13:18:33,7.51,0.01,23,17273,买盘
1909,13:18:27,7.5,-0.01,47,35250,卖盘
1910,13:18:24,7.51,--,239,179489,买盘
1911,13:18:21,7.51,--,63,47313,买盘
1912,13:18:18,7.51,--,10,7510,买盘
1913,13:18:15,7.51,0.01,77,57827,买盘
1914,13:18:12,7.5,-0.01,101,75750,卖盘
1915,13:18:09,7.51,0.01,22,16522,买盘
1916,13:18:06,7.5,-0.01,18,13500,卖盘
1917,13:18:03,7.51,--,106,79606,买盘
1918,13:18:00,7.51,--,41,30791,买盘
1919,13:17:57,7.51,--,77,57827,买盘
1920,13:17:54,7.51,0.01,48,36048,买盘
1921,13:17:51,7.5,-0.01,47,35250,卖盘
1922,13:17:48,7.51,--,14,10514,买盘
1923,13:17:45,7.51,--,52,39052,买盘
1924,13:17:42,7.51,--,563,422813,买盘
1925,13:17:36,7.51,--,75,56325,买盘
1926,13:17:33,7.51,--,49,36799,买盘
1927,13:17:30,7.51,--,44,33044,买盘
1928,13:17:27,7.51,0.01,18,13518,买盘
1929,13:17:24,7.5,--,296,222300,卖盘
1930,13:17:21,7.5,-0.01,22,16500,卖盘
1931,13:17:18,7.51,--,23,17273,买盘
1932,13:17:15,7.51,0.01,112,84112,买盘
1933,13:17:12,7.5,--,90,67500,卖盘
1934,13:17:09,7.5,-0.01,122,91500,卖盘
1935,13:17:06,7.51,0.01,16,12016,买盘
1936,13:17:03,7.5,--,19,14250,卖盘
1937,13:17:00,7.5,--,31,23250,买盘
1938,13:16:57,7.5,--,19,14250,买盘
1939,13:16:54,7.5,0.01,57,42750,买盘
1940,13:16:51,7.49,-0.01,1,749,卖盘
1941,13:16:48,7.5,--,32,24000,买盘
1942,13:16:45,7.5,-0.01,204,153442,卖盘
1943,13:16:42,7.51,0.01,6,4506,买盘
1944,13:16:39,7.5,--,105,78937,买盘
1945,13:16:36,7.5,--,1050,787500,买盘
1946,13:16:33,7.5,--,61,45750,买盘
1947,13:16:30,7.5,--,1,750,买盘
1948,13:16:27,7.5,--,48,36000,买盘
1949,13:16:24,7.5,0.01,250,187500,买盘
1950,13:16:21,7.49,--,74,55426,卖盘
1951,13:16:18,7.49,-0.01,1020,763980,卖盘
1952,13:16:15,7.5,--,22,16500,买盘
1953,13:16:12,7.5,0.01,102,76500,买盘
1954,13:16:06,7.49,-0.01,31,23219,卖盘
1955,13:16:03,7.5,--,34,25500,买盘
1956,13:15:57,7.5,--,8,6000,买盘
1957,13:15:54,7.5,--,101,75750,买盘
1958,13:15:51,7.5,0.01,21,15750,买盘
1959,13:15:48,7.49,-0.01,1,749,卖盘
1960,13:15:45,7.5,--,12,9000,买盘
1961,13:15:39,7.5,--,20,15000,买盘
1962,13:15:36,7.5,--,12,9000,买盘
1963,13:15:33,7.5,--,228,171000,买盘
1964,13:15:30,7.5,--,117,87750,买盘
1965,13:15:24,7.5,0.01,78,58500,买盘
1966,13:15:21,7.49,-0.01,262,196238,卖盘
1967,13:15:18,7.5,--,195,146250,买盘
1968,13:15:15,7.5,--,64,48000,买盘
1969,13:15:12,7.5,--,67,50250,买盘
1970,13:15:09,7.5,--,186,139500,买盘
1971,13:15:06,7.5,--,235,176250,买盘
1972,13:15:03,7.5,0.01,46,34500,买盘
1973,13:15:00,7.49,-0.01,206,154294,卖盘
1974,13:14:57,7.5,0.01,18,13500,买盘
1975,13:14:54,7.49,-0.01,14,10486,卖盘
1976,13:14:51,7.5,0.01,16,12000,买盘
1977,13:14:48,7.49,-0.01,106,79394,卖盘
1978,13:14:45,7.5,--,32,24000,买盘
1979,13:14:42,7.5,0.01,4,3000,买盘
1980,13:14:39,7.49,-0.01,56,41944,卖盘
1981,13:14:36,7.5,--,94,70500,买盘
1982,13:14:33,7.5,--,68,51000,买盘
1983,13:14:30,7.5,--,6,4500,买盘
1984,13:14:27,7.5,--,23,17250,买盘
1985,13:14:24,7.5,--,103,77250,买盘
1986,13:14:21,7.5,0.01,411,308250,买盘
1987,13:14:18,7.49,--,1,749,买盘
1988,13:14:15,7.49,--,50,38011,卖盘
1989,13:14:12,7.49,--,68,50932,卖盘
1990,13:14:09,7.49,--,1,749,卖盘
1991,13:14:06,7.49,--,50,37637,买盘
1992,13:14:03,7.49,-0.01,493,369818,卖盘
1993,13:14:00,7.5,0.01,152,114000,买盘
1994,13:13:57,7.49,-0.01,2026,1517474,卖盘
1995,13:13:54,7.5,--,101,75750,买盘
1996,13:13:51,7.5,0.01,20,15000,买盘
1997,13:13:48,7.49,-0.01,39,29211,卖盘
1998,13:13:45,7.5,--,43,32880,买盘
1999,13:13:42,7.5,--,109,81750,买盘
2000,13:13:39,7.5,--,60,45000,买盘
2001,13:13:36,7.5,--,77,57750,买盘
2002,13:13:33,7.5,0.01,31,23250,买盘
2003,13:13:30,7.49,--,49,36701,卖盘
2004,13:13:27,7.49,-0.01,40,29960,卖盘
2005,13:13:24,7.5,--,81,60750,买盘
2006,13:13:21,7.5,--,209,156750,买盘
2007,13:13:18,7.5,--,93,69750,买盘
2008,13:13:15,7.5,--,9,6750,买盘
2009,13:13:12,7.5,--,12,9000,买盘
2010,13:13:09,7.5,--,3,2250,买盘
2011,13:13:06,7.5,0.01,38,28500,买盘
2012,13:13:03,7.49,-0.01,40,29960,卖盘
2013,13:13:00,7.5,--,68,51000,买盘
2014,13:12:57,7.5,--,30,22500,买盘
2015,13:12:54,7.5,--,48,36000,买盘
2016,13:12:51,7.5,0.01,152,114000,买盘
2017,13:12:48,7.49,-0.01,81,60669,卖盘
2018,13:12:45,7.5,--,26,19500,买盘
2019,13:12:42,7.5,--,12,9000,买盘
2020,13:12:39,7.5,--,6,4500,买盘
2021,13:12:36,7.5,--,114,85500,买盘
2022,13:12:33,7.5,--,544,408000,买盘
2023,13:12:30,7.5,--,43,32250,买盘
2024,13:12:27,7.5,0.01,57,42750,买盘
2025,13:12:24,7.49,-0.01,14,10486,卖盘
2026,13:12:21,7.5,0.01,40,30000,买盘
2027,13:12:18,7.49,-0.01,181,135569,卖盘
2028,13:12:15,7.5,--,29,21750,买盘
2029,13:12:12,7.5,--,105,78750,卖盘
2030,13:12:09,7.5,--,6,4500,卖盘
2031,13:12:03,7.5,-0.01,4,3000,卖盘
2032,13:12:00,7.51,0.02,45,33795,买盘
2033,13:11:57,7.49,-0.01,192,143808,卖盘
2034,13:11:54,7.5,0.01,583,437250,买盘
2035,13:11:51,7.49,-0.01,11,8239,卖盘
2036,13:11:48,7.5,--,35,26250,买盘
2037,13:11:45,7.5,--,243,182250,买盘
2038,13:11:42,7.5,--,20,15000,买盘
2039,13:11:39,7.5,--,366,274500,买盘
2040,13:11:36,7.5,--,85,63750,买盘
2041,13:11:33,7.5,0.01,74,55500,买盘
2042,13:11:30,7.49,-0.01,18,13482,卖盘
2043,13:11:27,7.5,--,123,92250,买盘
2044,13:11:24,7.5,--,12,9000,买盘
2045,13:11:21,7.5,0.01,16,12000,买盘
2046,13:11:18,7.49,-0.01,180,134820,卖盘
2047,13:11:15,7.5,0.01,50,37500,买盘
2048,13:11:12,7.49,--,296,222130,卖盘
2049,13:11:09,7.49,--,53,39697,卖盘
2050,13:11:06,7.49,--,22,16478,卖盘
2051,13:11:03,7.49,-0.01,86,64414,卖盘
2052,13:11:00,7.5,0.01,65,48750,买盘
2053,13:10:57,7.49,-0.01,6,4494,卖盘
2054,13:10:54,7.5,--,35,26250,买盘
2055,13:10:51,7.5,0.01,12,9000,买盘
2056,13:10:48,7.49,-0.01,7,5243,卖盘
2057,13:10:45,7.5,--,119,89880,买盘
2058,13:10:42,7.5,--,76,57000,买盘
2059,13:10:39,7.5,--,22,16500,买盘
2060,13:10:36,7.5,--,89,66750,买盘
2061,13:10:33,7.5,0.01,33,24750,买盘
2062,13:10:30,7.49,-0.01,8,5992,卖盘
2063,13:10:27,7.5,-0.01,47,35250,卖盘
2064,13:10:24,7.51,0.01,75,56325,买盘
2065,13:10:21,7.5,--,389,291750,买盘
2066,13:10:18,7.5,--,9,6750,买盘
2067,13:10:15,7.5,-0.01,59,44250,卖盘
2068,13:10:12,7.51,--,2,1502,买盘
2069,13:10:09,7.51,--,27,20277,买盘
2070,13:10:06,7.51,--,30,22530,买盘
2071,13:10:03,7.51,0.01,318,238818,买盘
2072,13:10:00,7.5,--,54,40500,卖盘
2073,13:09:57,7.5,-0.01,65,48750,卖盘
2074,13:09:54,7.51,--,30,22530,买盘
2075,13:09:51,7.51,0.01,13,9763,买盘
2076,13:09:48,7.5,--,181,135750,卖盘
2077,13:09:45,7.5,--,185,138750,卖盘
2078,13:09:42,7.5,-0.01,2,1500,卖盘
2079,13:09:39,7.51,0.01,15,11265,买盘
2080,13:09:36,7.5,-0.01,166,124500,卖盘
2081,13:09:33,7.51,0.01,24,18024,买盘
2082,13:09:30,7.5,--,58,43500,买盘
2083,13:09:27,7.5,-0.01,1058,793822,卖盘
2084,13:09:24,7.51,--,32,24032,买盘
2085,13:09:21,7.51,0.01,2,1502,买盘
2086,13:09:18,7.5,--,35,26250,卖盘
2087,13:09:15,7.5,-0.01,193,144750,卖盘
2088,13:09:12,7.51,0.01,3,2253,买盘
2089,13:09:09,7.5,-0.01,33,24750,卖盘
2090,13:09:06,7.51,--,14,10514,买盘
2091,13:09:03,7.51,--,66,49566,买盘
2092,13:09:00,7.51,--,24,18024,买盘
2093,13:08:57,7.51,--,43,32293,买盘
2094,13:08:54,7.51,--,354,265854,买盘
2095,13:08:51,7.51,0.01,6,4506,买盘
2096,13:08:48,7.5,-0.01,33,24750,卖盘
2097,13:08:45,7.51,--,22,16522,买盘
2098,13:08:42,7.51,-0.01,14,10514,中性盘
2099,13:08:39,7.52,--,35,26320,买盘
2100,13:08:36,7.52,0.01,477,358704,买盘
2101,13:08:33,7.51,0.01,23,17273,中性盘
2102,13:08:30,7.5,--,5,3750,卖盘
2103,13:08:27,7.5,-0.02,14,10500,卖盘
2104,13:08:24,7.52,0.01,127,95504,买盘
2105,13:08:21,7.51,--,71,53321,买盘
2106,13:08:18,7.51,-0.01,13,9763,买盘
2107,13:08:15,7.52,--,244,183488,买盘
2108,13:08:12,7.52,--,642,482784,买盘
2109,13:08:09,7.52,0.02,69,51888,买盘
2110,13:08:06,7.5,-0.02,50,37500,卖盘
2111,13:08:03,7.52,0.01,39,29328,买盘
2112,13:08:00,7.51,--,1,751,卖盘
2113,13:07:57,7.51,0.01,67,50317,卖盘
2114,13:07:54,7.5,-0.02,1032,774000,卖盘
2115,13:07:51,7.52,0.01,211,158672,买盘
2116,13:07:48,7.51,--,1002,752502,卖盘
2117,13:07:45,7.51,-0.01,32,24662,卖盘
2118,13:07:42,7.52,--,10,7520,买盘
2119,13:07:39,7.52,--,14,10528,买盘
2120,13:07:36,7.52,--,17,12784,买盘
2121,13:07:33,7.52,--,66,49632,卖盘
2122,13:07:30,7.52,-0.01,28,21056,卖盘
2123,13:07:27,7.53,--,106,79818,买盘
2124,13:07:24,7.53,--,73,54969,买盘
2125,13:07:21,7.53,--,31,23343,买盘
2126,13:07:18,7.53,0.01,102,76806,买盘
2127,13:07:15,7.52,0.01,258,194016,买盘
2128,13:07:12,7.51,--,55,41305,卖盘
2129,13:07:09,7.51,-0.02,89,66839,卖盘
2130,13:07:06,7.53,--,28,21084,买盘
2131,13:07:03,7.53,0.01,109,82077,买盘
2132,13:07:00,7.52,-0.01,66,49632,卖盘
2133,13:06:57,7.53,0.02,715,538395,买盘
2134,13:06:54,7.51,--,123,92373,卖盘
2135,13:06:48,7.51,-0.01,16,12016,卖盘
2136,13:06:45,7.52,--,43,32335,买盘
2137,13:06:39,7.52,--,3,2256,买盘
2138,13:06:36,7.52,--,35,26320,买盘
2139,13:06:33,7.52,0.01,42,31584,买盘
2140,13:06:30,7.51,-0.01,1,751,卖盘
2141,13:06:27,7.52,--,6,4512,买盘
2142,13:06:24,7.52,--,32,24064,买盘
2143,13:06:21,7.52,--,64,48128,买盘
2144,13:06:18,7.52,--,1038,780576,买盘
2145,13:06:15,7.52,0.01,26,19552,买盘
2146,13:06:12,7.51,-0.01,200,150200,卖盘
2147,13:06:09,7.52,--,8,6016,买盘
2148,13:06:06,7.52,--,104,78208,买盘
2149,13:06:03,7.52,--,24,18048,买盘
2150,13:06:00,7.52,--,21,15792,买盘
2151,13:05:57,7.52,--,51,38352,买盘
2152,13:05:54,7.52,--,12,9024,买盘
2153,13:05:51,7.52,--,26,19552,买盘
2154,13:05:48,7.52,-0.01,112,84224,卖盘
2155,13:05:45,7.53,--,95,71535,买盘
2156,13:05:42,7.53,--,16,12048,买盘
2157,13:05:39,7.53,--,19,14307,买盘
2158,13:05:36,7.53,--,6,4518,买盘
2159,13:05:33,7.53,--,31,23343,买盘
2160,13:05:30,7.53,--,38,28614,买盘
2161,13:05:27,7.53,--,73,54969,买盘
2162,13:05:24,7.53,--,14,10542,买盘
2163,13:05:21,7.53,--,16,12048,买盘
2164,13:05:18,7.53,--,21,15813,买盘
2165,13:05:15,7.53,0.01,23,17319,买盘
2166,13:05:12,7.52,-0.01,180,135360,卖盘
2167,13:05:06,7.53,--,38,28614,买盘
2168,13:05:03,7.53,--,123,92619,买盘
2169,13:05:00,7.53,--,9,6777,买盘
2170,13:04:57,7.53,--,179,134787,买盘
2171,13:04:54,7.53,--,1409,1061579,买盘
2172,13:04:51,7.53,0.01,2,1506,买盘
2173,13:04:48,7.52,-0.01,18,13536,卖盘
2174,13:04:45,7.53,0.01,100,75932,买盘
2175,13:04:36,7.52,-0.01,3,2256,中性盘
2176,13:04:33,7.53,--,60,45180,买盘
2177,13:04:30,7.53,--,5,3765,买盘
2178,13:04:27,7.53,0.01,32,24096,买盘
2179,13:04:24,7.52,--,27,20304,卖盘
2180,13:04:21,7.52,-0.01,36,27072,卖盘
2181,13:04:15,7.53,--,27,20331,买盘
2182,13:04:12,7.53,0.01,179,134787,买盘
2183,13:04:09,7.52,--,34,25568,卖盘
2184,13:04:06,7.52,0.01,137,103114,买盘
2185,13:04:03,7.51,-0.01,24,18024,卖盘
2186,13:04:00,7.52,0.01,19,14288,买盘
2187,13:03:57,7.51,-0.01,3,2253,卖盘
2188,13:03:54,7.52,0.01,23,17296,买盘
2189,13:03:51,7.51,-0.01,96,72096,卖盘
2190,13:03:48,7.52,0.01,328,246656,买盘
2191,13:03:45,7.51,-0.01,103,77353,卖盘
2192,13:03:42,7.52,--,3,2256,买盘
2193,13:03:39,7.52,--,1,752,买盘
2194,13:03:36,7.52,--,28,21056,买盘
2195,13:03:33,7.52,0.01,101,75952,买盘
2196,13:03:30,7.51,--,44,33044,卖盘
2197,13:03:27,7.51,-0.01,23,17273,卖盘
2198,13:03:24,7.52,--,271,203792,买盘
2199,13:03:18,7.52,--,18,13536,买盘
2200,13:03:15,7.52,0.01,32,24733,买盘
2201,13:03:12,7.51,--,8,6008,买盘
2202,13:03:09,7.51,-0.01,192,144274,卖盘
2203,13:03:03,7.52,--,51,38352,买盘
2204,13:02:57,7.52,0.01,1,752,买盘
2205,13:02:54,7.51,--,73,54823,卖盘
2206,13:02:48,7.51,-0.01,3,2253,卖盘
2207,13:02:42,7.52,--,33,24816,买盘
2208,13:02:39,7.52,0.01,3,2256,买盘
2209,13:02:36,7.51,--,91,68341,卖盘
2210,13:02:33,7.51,--,64,48732,买盘
2211,13:02:30,7.51,--,33,24783,买盘
2212,13:02:27,7.51,--,20,15020,买盘
2213,13:02:24,7.51,--,13,9763,买盘
2214,13:02:21,7.51,--,19,14269,买盘
2215,13:02:15,7.51,--,20,15020,买盘
2216,13:02:12,7.51,--,48,36048,买盘
2217,13:02:09,7.51,-0.01,40,30122,卖盘
2218,13:02:06,7.52,--,8,6016,买盘
2219,13:02:03,7.52,0.01,20,15040,买盘
2220,13:02:00,7.51,-0.01,250,187750,卖盘
2221,13:01:57,7.52,--,19,14288,买盘
2222,13:01:54,7.52,--,61,45872,买盘
2223,13:01:51,7.52,0.01,36,27072,买盘
2224,13:01:48,7.51,--,24,18024,卖盘
2225,13:01:45,7.51,-0.01,13,10431,中性盘
2226,13:01:39,7.52,--,31,23312,买盘
2227,13:01:36,7.52,0.01,67,50384,买盘
2228,13:01:33,7.51,0.01,28,21028,买盘
2229,13:01:30,7.5,-0.01,3,2250,卖盘
2230,13:01:27,7.51,-0.01,112,84832,卖盘
2231,13:01:24,7.52,--,123,92526,买盘
2232,13:01:21,7.52,0.02,219,164688,买盘
2233,13:01:18,7.5,-0.02,703,527250,卖盘
2234,13:01:15,7.52,--,19,14288,买盘
2235,13:01:12,7.52,--,66,49632,买盘
2236,13:01:09,7.52,--,137,103024,买盘
2237,13:01:06,7.52,--,333,250416,买盘
2238,13:01:03,7.52,0.01,39,29328,买盘
2239,13:01:00,7.51,-0.01,34,25534,卖盘
2240,13:00:57,7.52,--,1,752,买盘
2241,13:00:54,7.52,--,115,86480,买盘
2242,13:00:51,7.52,0.01,223,167696,买盘
2243,13:00:48,7.51,-0.01,11,8261,卖盘
2244,13:00:45,7.52,--,33,24816,买盘
2245,13:00:42,7.52,--,33,24816,买盘
2246,13:00:39,7.52,--,102,76704,买盘
2247,13:00:36,7.52,--,201,151152,买盘
2248,13:00:33,7.52,0.01,622,467744,买盘
2249,13:00:30,7.51,-0.01,29,21779,卖盘
2250,13:00:27,7.52,--,168,126336,买盘
2251,13:00:24,7.52,0.01,12,9024,买盘
2252,13:00:18,7.51,-0.01,35,26285,卖盘
2253,13:00:15,7.52,0.01,3,2256,买盘
2254,13:00:12,7.51,--,165,123915,买盘
2255,13:00:09,7.51,0.01,839,630089,买盘
2256,13:00:06,7.5,-0.01,455,341310,卖盘
2257,13:00:03,7.51,--,2757,2070507,买盘
2258,13:00:00,7.51,--,0,0,买盘
2259,11:30:00,7.51,--,0,0,买盘
2260,11:29:57,7.51,--,22,16522,买盘
2261,11:29:54,7.51,--,37,27787,买盘
2262,11:29:51,7.51,0.01,348,261348,买盘
2263,11:29:48,7.5,-0.01,43,32250,卖盘
2264,11:29:45,7.51,0.01,56,42056,买盘
2265,11:29:42,7.5,-0.01,2,1500,卖盘
2266,11:29:36,7.51,--,18,13518,买盘
2267,11:29:33,7.51,0.01,12,9012,买盘
2268,11:29:30,7.5,--,14,10500,卖盘
2269,11:29:27,7.5,--,37,27750,卖盘
2270,11:29:24,7.5,--,57,42750,卖盘
2271,11:29:18,7.5,-0.01,2,1500,卖盘
2272,11:29:15,7.51,--,12,9012,买盘
2273,11:29:12,7.51,0.01,18,13518,买盘
2274,11:29:09,7.5,-0.01,21,15750,卖盘
2275,11:29:06,7.51,0.01,274,205774,买盘
2276,11:29:03,7.5,-0.01,53,39750,卖盘
2277,11:29:00,7.51,--,11,8261,买盘
2278,11:28:57,7.51,0.01,3,2253,买盘
2279,11:28:54,7.5,-0.01,7,5250,卖盘
2280,11:28:51,7.51,0.01,19,14269,买盘
2281,11:28:48,7.5,-0.01,5,3750,卖盘
2282,11:28:45,7.51,--,18,13518,买盘
2283,11:28:39,7.51,0.01,18,13518,买盘
2284,11:28:36,7.5,-0.01,31,23250,卖盘
2285,11:28:33,7.51,--,147,110397,买盘
2286,11:28:30,7.51,0.01,19,14269,买盘
2287,11:28:27,7.5,0.01,57,42750,卖盘
2288,11:28:21,7.49,-0.02,47,35203,卖盘
2289,11:28:18,7.51,0.01,20,15020,买盘
2290,11:28:12,7.5,--,1,750,卖盘
2291,11:28:09,7.5,-0.01,1,750,卖盘
2292,11:28:06,7.51,0.01,97,72847,买盘
2293,11:28:03,7.5,-0.01,109,81750,卖盘
2294,11:28:00,7.51,--,138,103638,买盘
2295,11:27:57,7.51,0.01,160,120160,买盘
2296,11:27:54,7.5,--,55,41250,卖盘
2297,11:27:51,7.5,--,16,12000,卖盘
2298,11:27:48,7.5,-0.01,16,12000,卖盘
2299,11:27:45,7.51,0.01,36,27036,买盘
2300,11:27:42,7.5,-0.01,52,39000,卖盘
2301,11:27:39,7.51,--,10,7510,买盘
2302,11:27:33,7.51,--,19,14269,买盘
2303,11:27:30,7.51,--,5,3755,买盘
2304,11:27:27,7.51,--,59,44309,买盘
2305,11:27:24,7.51,--,54,40554,买盘
2306,11:27:21,7.51,0.01,108,81108,买盘
2307,11:27:18,7.5,-0.01,17,12750,卖盘
2308,11:27:12,7.51,0.01,21,15771,买盘
2309,11:27:09,7.5,-0.01,15,11250,卖盘
2310,11:27:06,7.51,0.01,40,30040,买盘
2311,11:27:03,7.5,-0.01,308,231000,卖盘
2312,11:27:00,7.51,0.01,40,30040,买盘
2313,11:26:57,7.5,--,28,21000,卖盘
2314,11:26:54,7.5,-0.01,9,6750,卖盘
2315,11:26:51,7.51,--,93,69843,买盘
2316,11:26:48,7.51,--,24,18024,买盘
2317,11:26:42,7.51,0.01,5,3755,买盘
2318,11:26:39,7.5,-0.01,69,51750,卖盘
2319,11:26:36,7.51,--,19,14269,卖盘
2320,11:26:33,7.51,0.01,3,2253,买盘
2321,11:26:30,7.5,-0.01,13,9750,卖盘
2322,11:26:27,7.51,--,20,15020,买盘
2323,11:26:24,7.51,--,26,19526,买盘
2324,11:26:21,7.51,--,3,2253,买盘
2325,11:26:15,7.51,-0.01,21,15771,中性盘
2326,11:26:06,7.52,0.03,27,20304,买盘
2327,11:26:03,7.49,-0.03,190,142310,卖盘
2328,11:26:00,7.52,0.02,270,203040,买盘
2329,11:25:57,7.5,--,61,45750,买盘
2330,11:25:54,7.5,-0.01,1347,1010250,卖盘
2331,11:25:51,7.51,--,10,7510,卖盘
2332,11:25:48,7.51,--,5,3755,卖盘
2333,11:25:45,7.51,--,1,751,卖盘
2334,11:25:42,7.51,--,41,30791,卖盘
2335,11:25:39,7.51,--,51,38301,买盘
2336,11:25:36,7.51,--,118,88618,买盘
2337,11:25:33,7.51,0.01,386,289886,买盘
2338,11:25:30,7.5,--,25,18750,卖盘
2339,11:25:27,7.5,--,1,750,卖盘
2340,11:25:24,7.5,-0.01,7,5250,卖盘
2341,11:25:21,7.51,--,65,48815,买盘
2342,11:25:18,7.51,--,15,11265,买盘
2343,11:25:15,7.51,0.01,40,30040,买盘
2344,11:25:12,7.5,-0.01,4,3000,卖盘
2345,11:25:09,7.51,--,19,14269,买盘
2346,11:25:06,7.51,0.01,28,21028,买盘
2347,11:25:03,7.5,--,131,98250,卖盘
2348,11:25:00,7.5,--,73,54750,卖盘
2349,11:24:57,7.5,--,1,750,卖盘
2350,11:24:51,7.5,--,10,7500,卖盘
2351,11:24:48,7.5,--,26,19500,卖盘
2352,11:24:45,7.5,-0.01,60,45000,卖盘
2353,11:24:36,7.51,-0.01,26,19526,中性盘
2354,11:24:30,7.52,0.02,32,24064,买盘
2355,11:24:27,7.5,--,121,90750,卖盘
2356,11:24:24,7.5,-0.01,27,20250,卖盘
2357,11:24:21,7.51,--,10,7510,买盘
2358,11:24:15,7.51,--,23,17273,买盘
2359,11:24:12,7.51,0.01,11,8261,买盘
2360,11:24:09,7.5,--,168,126000,买盘
2361,11:24:06,7.5,--,50,37500,买盘
2362,11:24:03,7.5,--,24,18000,买盘
2363,11:24:00,7.5,--,36,27000,卖盘
2364,11:23:57,7.5,-0.02,591,443250,卖盘
2365,11:23:54,7.52,0.02,19,14288,买盘
2366,11:23:51,7.5,--,9,6750,卖盘
2367,11:23:48,7.5,--,135,101250,买盘
2368,11:23:45,7.5,--,144,108000,买盘
2369,11:23:42,7.5,--,53,39750,买盘
2370,11:23:39,7.5,--,55,41250,买盘
2371,11:23:36,7.5,-0.01,1253,939750,卖盘
2372,11:23:33,7.51,-0.01,25,18775,卖盘
2373,11:23:30,7.52,0.01,22,16544,买盘
2374,11:23:27,7.51,--,21,15771,卖盘
2375,11:23:24,7.51,-0.01,55,41305,卖盘
2376,11:23:21,7.52,0.01,20,15040,买盘
2377,11:23:18,7.51,--,36,27036,卖盘
2378,11:23:15,7.51,--,606,455106,买盘
2379,11:23:12,7.51,--,155,116405,买盘
2380,11:23:09,7.51,--,20,15020,买盘
2381,11:23:06,7.51,--,20,15020,买盘
2382,11:23:03,7.51,--,73,54823,买盘
2383,11:23:00,7.51,0.01,158,118658,买盘
2384,11:22:57,7.5,-0.01,56,42000,卖盘
2385,11:22:51,7.51,0.01,5,3755,买盘
2386,11:22:48,7.5,-0.01,29,21750,卖盘
2387,11:22:45,7.51,0.01,100,75100,买盘
2388,11:22:42,7.5,--,12,9000,卖盘
2389,11:22:36,7.5,--,80,60000,卖盘
2390,11:22:33,7.5,-0.01,76,57000,卖盘
2391,11:22:30,7.51,--,17,12767,买盘
2392,11:22:27,7.51,--,38,28538,买盘
2393,11:22:24,7.51,0.01,59,44309,买盘
2394,11:22:21,7.5,-0.01,11,8250,卖盘
2395,11:22:18,7.51,-0.01,15,11265,买盘
2396,11:22:15,7.52,0.02,20,15040,买盘
2397,11:22:12,7.5,-0.01,10,7500,卖盘
2398,11:22:09,7.51,--,13,9763,买盘
2399,11:22:06,7.51,--,272,204272,买盘
2400,11:22:03,7.51,--,27,20277,买盘
2401,11:22:00,7.51,0.01,122,91622,买盘
2402,11:21:57,7.5,-0.01,86,64500,卖盘
2403,11:21:54,7.51,--,4,3004,买盘
2404,11:21:51,7.51,--,96,72096,买盘
2405,11:21:48,7.51,--,45,33795,买盘
2406,11:21:45,7.51,--,1,751,买盘
2407,11:21:42,7.51,--,21,15771,买盘
2408,11:21:39,7.51,--,1,751,买盘
2409,11:21:36,7.51,--,40,30040,买盘
2410,11:21:33,7.51,--,11,8261,买盘
2411,11:21:30,7.51,--,39,29289,买盘
2412,11:21:27,7.51,--,399,299649,买盘
2413,11:21:24,7.51,--,7,5257,买盘
2414,11:21:21,7.51,0.01,3,2253,买盘
2415,11:21:18,7.5,-0.01,76,57000,卖盘
2416,11:21:15,7.51,-0.01,33,24783,卖盘
2417,11:21:12,7.52,0.01,518,389536,买盘
2418,11:21:09,7.51,--,19,14269,买盘
2419,11:21:06,7.51,0.01,6,4506,买盘
2420,11:21:03,7.5,-0.01,134,100500,卖盘
2421,11:21:00,7.51,0.01,8,6008,买盘
2422,11:20:57,7.5,-0.01,207,155250,卖盘
2423,11:20:54,7.51,0.01,215,161465,买盘
2424,11:20:51,7.5,--,104,78000,卖盘
2425,11:20:48,7.5,-0.01,1,750,卖盘
2426,11:20:45,7.51,0.01,17,12767,买盘
2427,11:20:42,7.5,-0.01,41,30750,卖盘
2428,11:20:39,7.51,--,6,4506,买盘
2429,11:20:36,7.51,--,24,18024,买盘
2430,11:20:33,7.51,--,13,9763,买盘
2431,11:20:30,7.51,0.01,93,69843,买盘
2432,11:20:27,7.5,--,25,18750,卖盘
2433,11:20:24,7.5,-0.01,503,377250,卖盘
2434,11:20:21,7.51,--,15,11265,买盘
2435,11:20:18,7.51,--,28,21028,买盘
2436,11:20:15,7.51,--,5,3755,买盘
2437,11:20:12,7.51,0.01,25,18775,买盘
2438,11:20:09,7.5,-0.01,58,43500,卖盘
2439,11:20:06,7.51,--,10,7510,买盘
2440,11:20:03,7.51,--,1,751,买盘
2441,11:20:00,7.51,--,34,25534,买盘
2442,11:19:57,7.51,--,22,16522,买盘
2443,11:19:54,7.51,--,527,395777,卖盘
2444,11:19:51,7.51,-0.01,682,512182,卖盘
2445,11:19:48,7.52,0.01,758,570016,买盘
2446,11:19:42,7.51,-0.01,98,73598,卖盘
2447,11:19:39,7.52,0.01,26,19552,买盘
2448,11:19:36,7.51,--,10,7510,卖盘
2449,11:19:33,7.51,-0.01,2,1502,卖盘
2450,11:19:30,7.52,--,1,752,买盘
2451,11:19:27,7.52,0.01,62,46624,买盘
2452,11:19:21,7.51,-0.01,16,12016,卖盘
2453,11:19:18,7.52,0.01,21,15792,买盘
2454,11:19:15,7.51,--,50,37550,卖盘
2455,11:19:12,7.51,-0.01,8,6008,卖盘
2456,11:19:09,7.52,--,22,16544,买盘
2457,11:19:06,7.52,0.01,26,19552,买盘
2458,11:19:03,7.51,-0.01,2,1502,卖盘
2459,11:19:00,7.52,0.01,21,15792,买盘
2460,11:18:57,7.51,0.01,464,348464,买盘
2461,11:18:54,7.5,-0.01,107,80250,卖盘
2462,11:18:51,7.51,--,17,12767,买盘
2463,11:18:48,7.51,--,2,1502,买盘
2464,11:18:45,7.51,0.01,19,14269,买盘
2465,11:18:42,7.5,-0.01,7,5250,卖盘
2466,11:18:39,7.51,--,21,15771,买盘
2467,11:18:36,7.51,--,18,13518,买盘
2468,11:18:33,7.51,--,78,58578,买盘
2469,11:18:30,7.51,--,95,71345,买盘
2470,11:18:27,7.51,0.01,17,12767,买盘
2471,11:18:24,7.5,--,52,39000,卖盘
2472,11:18:21,7.5,--,34,25500,卖盘
2473,11:18:18,7.5,-0.01,27,20250,卖盘
2474,11:18:15,7.51,0.01,100,75100,买盘
2475,11:18:12,7.5,-0.02,80,60000,卖盘
2476,11:18:03,7.52,--,1,752,买盘
2477,11:18:00,7.52,--,26,19552,买盘
2478,11:17:57,7.52,--,192,144384,买盘
2479,11:17:54,7.52,0.01,202,151904,买盘
2480,11:17:51,7.51,-0.01,81,60831,中性盘
2481,11:17:48,7.52,0.01,29,21808,买盘
2482,11:17:45,7.51,--,10,7510,买盘
2483,11:17:42,7.51,--,39,29289,卖盘
2484,11:17:39,7.51,--,24,18024,卖盘
2485,11:17:36,7.51,-0.01,6,4506,卖盘
2486,11:17:33,7.52,0.01,9,6768,买盘
2487,11:17:30,7.51,--,147,110397,卖盘
2488,11:17:27,7.51,--,23,17273,卖盘
2489,11:17:24,7.51,-0.01,16,12016,卖盘
2490,11:17:21,7.52,--,47,35344,买盘
2491,11:17:18,7.52,--,147,110544,买盘
2492,11:17:15,7.52,--,22,16544,买盘
2493,11:17:12,7.52,--,20,15040,买盘
2494,11:17:09,7.52,--,64,48128,买盘
2495,11:17:06,7.52,0.02,54,40608,买盘
2496,11:17:03,7.5,-0.01,3,2250,卖盘
2497,11:17:00,7.51,-0.01,78,58578,卖盘
2498,11:16:57,7.52,--,14,10528,买盘
2499,11:16:54,7.52,0.01,171,128591,买盘
2500,11:16:51,7.51,-0.01,299,224549,卖盘
2501,11:16:48,7.52,--,49,36848,买盘
2502,11:16:45,7.52,--,6,4512,买盘
2503,11:16:42,7.52,--,125,94000,买盘
2504,11:16:33,7.52,0.01,24,18048,买盘
2505,11:16:30,7.51,-0.01,107,80357,卖盘
2506,11:16:27,7.52,--,35,26320,买盘
2507,11:16:24,7.52,0.01,9,6768,买盘
2508,11:16:21,7.51,--,38,28538,卖盘
2509,11:16:18,7.51,--,31,23281,卖盘
2510,11:16:15,7.51,-0.01,20,15020,卖盘
2511,11:16:12,7.52,--,9,6768,买盘
2512,11:16:09,7.52,--,10,7520,买盘
2513,11:16:06,7.52,--,147,110544,买盘
2514,11:16:03,7.52,--,17,12784,买盘
2515,11:16:00,7.52,--,22,16544,买盘
2516,11:15:57,7.52,0.01,2,1504,买盘
2517,11:15:54,7.51,--,10,7510,卖盘
2518,11:15:51,7.51,-0.01,192,144192,卖盘
2519,11:15:48,7.52,0.01,28,21056,买盘
2520,11:15:45,7.51,--,135,101385,买盘
2521,11:15:42,7.51,--,57,42807,买盘
2522,11:15:39,7.51,--,13,9763,买盘
2523,11:15:36,7.51,--,1,751,买盘
2524,11:15:33,7.51,--,4,3004,买盘
2525,11:15:30,7.51,--,38,28538,买盘
2526,11:15:27,7.51,--,136,102136,买盘
2527,11:15:24,7.51,0.01,2,1502,买盘
2528,11:15:21,7.5,-0.01,22,16500,卖盘
2529,11:15:15,7.51,--,1,751,买盘
2530,11:15:12,7.51,--,3,2253,买盘
2531,11:15:09,7.51,0.01,14,10514,买盘
2532,11:15:06,7.5,-0.01,21,15750,卖盘
2533,11:15:03,7.51,--,199,149449,卖盘
2534,11:15:00,7.51,-0.01,26,19526,卖盘
2535,11:14:54,7.52,0.01,103,77456,买盘
2536,11:14:51,7.51,-0.01,213,159963,卖盘
2537,11:14:48,7.52,--,13,9776,买盘
2538,11:14:45,7.52,0.01,22,16544,买盘
2539,11:14:42,7.51,--,440,330440,卖盘
2540,11:14:39,7.51,-0.01,26,19526,卖盘
2541,11:14:36,7.52,0.01,1,752,买盘
2542,11:14:33,7.51,-0.01,1,751,卖盘
2543,11:14:30,7.52,0.01,5,3760,买盘
2544,11:14:27,7.51,--,7,5257,卖盘
2545,11:14:24,7.51,--,120,90120,买盘
2546,11:14:21,7.51,--,27,20277,买盘
2547,11:14:18,7.51,0.01,16,12016,买盘
2548,11:14:15,7.5,--,42,31500,卖盘
2549,11:14:12,7.5,-0.02,52,39000,卖盘
2550,11:14:09,7.52,0.01,6,4512,买盘
2551,11:14:06,7.51,-0.01,117,87867,卖盘
2552,11:14:03,7.52,--,16,12032,买盘
2553,11:14:00,7.52,0.01,55,41360,买盘
2554,11:13:57,7.51,-0.01,70,52570,卖盘
2555,11:13:54,7.52,--,8,6016,买盘
2556,11:13:51,7.52,--,198,148896,买盘
2557,11:13:48,7.52,--,10,7520,买盘
2558,11:13:45,7.52,0.01,223,167696,买盘
2559,11:13:42,7.51,-0.01,100,75100,卖盘
2560,11:13:39,7.52,0.01,85,63920,买盘
2561,11:13:36,7.51,0.01,1448,1087448,买盘
2562,11:13:33,7.5,--,6,4500,卖盘
2563,11:13:27,7.5,--,45,33750,卖盘
2564,11:13:24,7.5,0.01,242,181830,买盘
2565,11:13:21,7.49,-0.01,941,704809,卖盘
2566,11:13:18,7.5,--,115,86250,买盘
2567,11:13:15,7.5,--,76,57000,买盘
2568,11:13:12,7.5,--,567,425250,买盘
2569,11:13:09,7.5,--,106,79500,买盘
2570,11:13:06,7.5,--,34,25500,买盘
2571,11:13:03,7.5,--,245,183750,买盘
2572,11:13:00,7.5,--,42,31500,买盘
2573,11:12:57,7.5,--,138,103500,买盘
2574,11:12:54,7.5,0.01,100,75000,买盘
2575,11:12:51,7.49,--,18,13482,卖盘
2576,11:12:48,7.49,-0.01,327,244923,卖盘
2577,11:12:45,7.5,--,24,18000,买盘
2578,11:12:42,7.5,--,95,71250,买盘
2579,11:12:39,7.5,--,58,43500,买盘
2580,11:12:36,7.5,--,65,48750,买盘
2581,11:12:33,7.5,--,15,11250,买盘
2582,11:12:30,7.5,--,114,85500,买盘
2583,11:12:27,7.5,0.01,45,33750,买盘
2584,11:12:21,7.49,--,73,54677,卖盘
2585,11:12:18,7.49,-0.01,233,174517,卖盘
2586,11:12:15,7.5,0.01,2600,1950000,买盘
2587,11:12:12,7.49,-0.01,50,37450,卖盘
2588,11:12:09,7.5,--,88,66000,买盘
2589,11:12:06,7.5,--,57,42750,买盘
2590,11:12:03,7.5,0.01,135,101250,买盘
2591,11:12:00,7.49,-0.01,20,14980,卖盘
2592,11:11:57,7.5,0.01,112,84000,买盘
2593,11:11:54,7.49,--,3,2247,卖盘
2594,11:11:51,7.49,--,14,10486,卖盘
2595,11:11:48,7.49,-0.01,182,136318,卖盘
2596,11:11:45,7.5,--,57,42750,买盘
2597,11:11:42,7.5,--,16,12000,买盘
2598,11:11:39,7.5,--,99,74250,买盘
2599,11:11:36,7.5,--,11,8250,买盘
2600,11:11:33,7.5,--,7,5250,买盘
2601,11:11:30,7.5,--,154,115500,买盘
2602,11:11:27,7.5,--,11,8250,买盘
2603,11:11:24,7.5,0.01,250,187500,买盘
2604,11:11:21,7.49,-0.01,6,4494,中性盘
2605,11:11:18,7.5,0.01,138,103500,买盘
2606,11:11:15,7.49,-0.01,155,116095,卖盘
2607,11:11:12,7.5,0.01,89,66750,买盘
2608,11:11:09,7.49,-0.01,5,3745,卖盘
2609,11:11:06,7.5,--,17,12750,买盘
2610,11:11:03,7.5,0.01,7,5250,买盘
2611,11:11:00,7.49,0.01,50,37450,买盘
2612,11:10:57,7.48,-0.01,108,80784,卖盘
2613,11:10:54,7.49,0.01,7,5243,买盘
2614,11:10:51,7.48,--,149,111452,卖盘
2615,11:10:48,7.48,--,1038,776424,卖盘
2616,11:10:45,7.48,-0.01,62,46376,卖盘
2617,11:10:42,7.49,--,36,26964,买盘
2618,11:10:39,7.49,0.01,97,72653,买盘
2619,11:10:36,7.48,-0.01,16,11968,卖盘
2620,11:10:33,7.49,--,323,241927,买盘
2621,11:10:30,7.49,0.01,509,381241,买盘
2622,11:10:27,7.48,--,55,41140,卖盘
2623,11:10:24,7.48,-0.01,27,20196,卖盘
2624,11:10:21,7.49,--,40,29960,买盘
2625,11:10:18,7.49,--,31,23219,买盘
2626,11:10:15,7.49,0.01,240,179760,买盘
2627,11:10:12,7.48,-0.01,63,47124,卖盘
2628,11:10:09,7.49,0.01,887,664363,买盘
2629,11:10:06,7.48,--,101,75548,卖盘
2630,11:10:03,7.48,--,101,75548,卖盘
2631,11:09:57,7.48,--,12,8976,卖盘
2632,11:09:54,7.48,-0.01,1,748,卖盘
2633,11:09:51,7.49,--,10,7490,买盘
2634,11:09:48,7.49,--,59,44191,买盘
2635,11:09:45,7.49,0.01,219,164031,买盘
2636,11:09:42,7.48,-0.01,50,37400,卖盘
2637,11:09:39,7.49,0.01,93,69657,买盘
2638,11:09:36,7.48,-0.01,230,172040,卖盘
2639,11:09:33,7.49,--,5,3745,买盘
2640,11:09:30,7.49,--,10,7490,买盘
2641,11:09:27,7.49,0.01,77,57673,买盘
2642,11:09:24,7.48,--,16,11968,卖盘
2643,11:09:21,7.48,-0.01,30,22440,卖盘
2644,11:09:18,7.49,--,594,444906,买盘
2645,11:09:15,7.49,0.01,38,28462,买盘
2646,11:09:12,7.48,--,81,60588,卖盘
2647,11:09:09,7.48,-0.01,1,748,卖盘
2648,11:09:06,7.49,--,46,34454,买盘
2649,11:09:03,7.49,--,72,53928,买盘
2650,11:09:00,7.49,--,1,749,买盘
2651,11:08:57,7.49,--,36,26964,买盘
2652,11:08:54,7.49,--,117,87633,买盘
2653,11:08:51,7.49,--,10,7490,买盘
2654,11:08:48,7.49,0.01,44,32956,买盘
2655,11:08:45,7.48,--,185,138380,卖盘
2656,11:08:42,7.48,-0.01,12,8976,卖盘
2657,11:08:39,7.49,--,14,10486,买盘
2658,11:08:36,7.49,--,20,14980,买盘
2659,11:08:33,7.49,0.01,421,315329,买盘
2660,11:08:30,7.48,--,7,5236,卖盘
2661,11:08:27,7.48,-0.01,25,18700,卖盘
2662,11:08:24,7.49,--,46,34454,买盘
2663,11:08:21,7.49,--,58,43442,买盘
2664,11:08:18,7.49,0.01,20,14980,买盘
2665,11:08:15,7.48,-0.01,256,191488,卖盘
2666,11:08:12,7.49,--,40,29960,买盘
2667,11:08:09,7.49,--,82,61418,买盘
2668,11:08:06,7.49,--,362,271138,买盘
2669,11:08:00,7.49,0.01,18,13482,买盘
2670,11:07:57,7.48,--,19,14212,卖盘
2671,11:07:54,7.48,-0.01,406,303688,卖盘
2672,11:07:51,7.49,--,94,70406,买盘
2673,11:07:48,7.49,0.01,61,45689,买盘
2674,11:07:45,7.48,--,225,168300,卖盘
2675,11:07:42,7.48,-0.01,169,126412,卖盘
2676,11:07:39,7.49,--,42,31458,买盘
2677,11:07:36,7.49,0.01,1,749,买盘
2678,11:07:33,7.48,-0.01,102,76296,卖盘
2679,11:07:30,7.49,0.01,14,10486,买盘
2680,11:07:27,7.48,--,269,201212,卖盘
2681,11:07:24,7.48,-0.01,33,24684,卖盘
2682,11:07:21,7.49,--,110,82390,买盘
2683,11:07:18,7.49,--,2,1498,买盘
2684,11:07:15,7.49,--,7,5243,买盘
2685,11:07:12,7.49,--,35,26215,买盘
2686,11:07:09,7.49,0.01,5,3745,买盘
2687,11:07:06,7.48,-0.01,90,67320,卖盘
2688,11:07:03,7.49,0.01,3,2247,买盘
2689,11:07:00,7.48,--,19,14212,卖盘
2690,11:06:57,7.48,--,112,83776,卖盘
2691,11:06:54,7.48,-0.01,21,15708,卖盘
2692,11:06:51,7.49,0.01,24,17976,买盘
2693,11:06:48,7.48,--,429,320892,买盘
2694,11:06:45,7.48,0.01,119,89012,买盘
2695,11:06:42,7.47,-0.01,104,77688,卖盘
2696,11:06:39,7.48,-0.01,269,201212,卖盘
2697,11:06:36,7.49,--,33,24717,买盘
2698,11:06:33,7.49,--,91,68159,买盘
2699,11:06:30,7.49,0.01,100,74900,买盘
2700,11:06:27,7.48,-0.01,35,26180,卖盘
2701,11:06:24,7.49,--,55,41195,买盘
2702,11:06:21,7.49,0.01,152,113848,买盘
2703,11:06:18,7.48,-0.01,20,14960,买盘
2704,11:06:15,7.49,0.01,31,23219,买盘
2705,11:06:12,7.48,0.01,8,5984,中性盘
2706,11:06:09,7.47,-0.02,135,100845,卖盘
2707,11:06:06,7.49,--,21,15729,买盘
2708,11:06:03,7.49,0.01,382,286118,买盘
2709,11:06:00,7.48,0.01,192,143616,买盘
2710,11:05:57,7.47,--,515,384705,卖盘
2711,11:05:54,7.47,-0.01,42,31374,卖盘
2712,11:05:51,7.48,0.01,92,68816,买盘
2713,11:05:45,7.47,--,61,45567,卖盘
2714,11:05:42,7.47,-0.01,213,159111,卖盘
2715,11:05:39,7.48,--,8,5984,买盘
2716,11:05:36,7.48,0.01,18,13464,买盘
2717,11:05:33,7.47,-0.01,49,36603,卖盘
2718,11:05:30,7.48,0.01,74,55352,买盘
2719,11:05:27,7.47,--,198,147906,卖盘
2720,11:05:24,7.47,--,10,7470,卖盘
2721,11:05:21,7.47,-0.01,18,13446,卖盘
2722,11:05:18,7.48,0.01,113,84524,买盘
2723,11:05:15,7.47,--,134,100098,买盘
2724,11:05:12,7.47,--,185,138239,买盘
2725,11:05:09,7.47,--,1678,1253466,买盘
2726,11:05:06,7.47,--,49,36603,买盘
2727,11:05:03,7.47,0.01,666,497502,买盘
2728,11:05:00,7.46,-0.01,160,119360,卖盘
2729,11:04:57,7.47,0.01,40,29880,买盘
2730,11:04:54,7.46,-0.01,156,116376,卖盘
2731,11:04:51,7.47,--,887,662589,买盘
2732,11:04:48,7.47,--,51,38097,买盘
2733,11:04:45,7.47,--,727,543069,卖盘
2734,11:04:42,7.47,--,124,92628,卖盘
2735,11:04:39,7.47,-0.01,100,74700,卖盘
2736,11:04:36,7.48,0.01,20,14960,买盘
2737,11:04:33,7.47,--,92,68724,卖盘
2738,11:04:30,7.47,--,102,76194,卖盘
2739,11:04:27,7.47,--,12,8964,卖盘
2740,11:04:24,7.47,-0.01,155,115785,卖盘
2741,11:04:21,7.48,0.01,130,97240,买盘
2742,11:04:18,7.47,-0.01,109,81423,卖盘
2743,11:04:15,7.48,--,13,9724,买盘
2744,11:04:12,7.48,0.01,66,49368,买盘
2745,11:04:09,7.47,-0.01,73,54531,卖盘
2746,11:04:06,7.48,--,577,431596,买盘
2747,11:04:03,7.48,0.01,46,34408,买盘
2748,11:03:57,7.47,--,7,5229,卖盘
2749,11:03:54,7.47,-0.01,17,12699,卖盘
2750,11:03:51,7.48,0.01,40,29920,买盘
2751,11:03:48,7.47,-0.01,18,13446,卖盘
2752,11:03:45,7.48,0.01,77,57596,买盘
2753,11:03:42,7.47,-0.01,155,115785,卖盘
2754,11:03:39,7.48,0.01,195,145860,买盘
2755,11:03:36,7.47,--,38,28386,卖盘
2756,11:03:33,7.47,--,16,11952,卖盘
2757,11:03:30,7.47,--,57,42579,卖盘
2758,11:03:27,7.47,-0.01,15,11205,卖盘
2759,11:03:24,7.48,--,98,73304,买盘
2760,11:03:21,7.48,0.01,156,116688,买盘
2761,11:03:18,7.47,--,39,29133,买盘
2762,11:03:15,7.47,--,42,31374,卖盘
2763,11:03:12,7.47,-0.01,78,58266,卖盘
2764,11:03:06,7.48,0.01,21,15708,买盘
2765,11:03:03,7.47,-0.01,65,48555,卖盘
2766,11:03:00,7.48,0.01,10,7480,买盘
2767,11:02:57,7.47,--,86,64242,卖盘
2768,11:02:54,7.47,--,45,33615,买盘
2769,11:02:51,7.47,0.01,437,326439,买盘
2770,11:02:48,7.46,-0.01,94,70124,卖盘
2771,11:02:45,7.47,--,71,53037,买盘
2772,11:02:42,7.47,0.01,117,87399,买盘
2773,11:02:39,7.46,--,180,134280,卖盘
2774,11:02:36,7.46,-0.01,62,46252,卖盘
2775,11:02:33,7.47,0.01,135,100845,买盘
2776,11:02:30,7.46,--,10,7460,卖盘
2777,11:02:27,7.46,--,35,26110,卖盘
2778,11:02:24,7.46,--,16,11936,卖盘
2779,11:02:21,7.46,-0.01,114,85044,卖盘
2780,11:02:18,7.47,0.01,67,50049,买盘
2781,11:02:15,7.46,--,34,25364,卖盘
2782,11:02:12,7.46,--,248,185008,卖盘
2783,11:02:09,7.46,--,131,97726,卖盘
2784,11:02:06,7.46,-0.01,184,137264,卖盘
2785,11:02:03,7.47,--,47,35109,买盘
2786,11:02:00,7.47,0.01,57,42579,买盘
2787,11:01:57,7.46,--,47,35062,卖盘
2788,11:01:54,7.46,-0.01,70,52220,卖盘
2789,11:01:51,7.47,0.01,203,151641,买盘
2790,11:01:48,7.46,--,160,119360,卖盘
2791,11:01:45,7.46,--,167,124582,卖盘
2792,11:01:42,7.46,-0.01,177,132042,卖盘
2793,11:01:39,7.47,0.01,296,221112,买盘
2794,11:01:36,7.46,--,407,303622,卖盘
2795,11:01:33,7.46,--,96,71616,卖盘
2796,11:01:30,7.46,-0.01,112,83552,卖盘
2797,11:01:27,7.47,0.01,57,42579,买盘
2798,11:01:24,7.46,-0.01,39,29094,卖盘
2799,11:01:21,7.47,--,125,93375,买盘
2800,11:01:18,7.47,--,45,33615,买盘
2801,11:01:15,7.47,--,21,15687,买盘
2802,11:01:12,7.47,--,57,42579,买盘
2803,11:01:06,7.47,--,28,20916,买盘
2804,11:01:03,7.47,--,6,4482,买盘
2805,11:01:00,7.47,0.01,16,11952,买盘
2806,11:00:57,7.46,--,16,11936,卖盘
2807,11:00:54,7.46,--,43,32078,卖盘
2808,11:00:51,7.46,-0.01,56,41776,卖盘
2809,11:00:48,7.47,--,131,97857,买盘
2810,11:00:45,7.47,--,72,53784,买盘
2811,11:00:42,7.47,--,22,16434,买盘
2812,11:00:39,7.47,--,65,48555,买盘
2813,11:00:36,7.47,-0.01,322,240534,卖盘
2814,11:00:33,7.48,--,67,50116,买盘
2815,11:00:30,7.48,--,52,38896,买盘
2816,11:00:27,7.48,0.01,668,499664,买盘
2817,11:00:24,7.47,-0.01,20,14940,卖盘
2818,11:00:21,7.48,0.01,42,31416,买盘
2819,11:00:18,7.47,-0.01,509,380223,卖盘
2820,11:00:12,7.48,--,61,45628,买盘
2821,11:00:09,7.48,0.01,226,169048,买盘
2822,11:00:06,7.47,--,11,8217,卖盘
2823,11:00:03,7.47,-0.01,62,46314,卖盘
2824,11:00:00,7.48,0.01,70,52360,买盘
2825,10:59:57,7.47,--,598,446706,卖盘
2826,10:59:54,7.47,--,59,44073,卖盘
2827,10:59:51,7.47,-0.01,4,2988,卖盘
2828,10:59:48,7.48,0.01,65,48620,买盘
2829,10:59:45,7.47,--,440,328680,卖盘
2830,10:59:42,7.47,-0.01,43,32121,卖盘
2831,10:59:39,7.48,--,26,19448,买盘
2832,10:59:36,7.48,--,214,160072,买盘
2833,10:59:33,7.48,--,96,71808,买盘
2834,10:59:30,7.48,--,62,46376,买盘
2835,10:59:27,7.48,0.01,562,420376,买盘
2836,10:59:24,7.47,-0.01,20,14940,卖盘
2837,10:59:21,7.48,--,8,5984,买盘
2838,10:59:18,7.48,--,113,84524,买盘
2839,10:59:15,7.48,--,259,193732,买盘
2840,10:59:12,7.48,0.01,309,231132,买盘
2841,10:59:09,7.47,-0.01,88,65736,卖盘
2842,10:59:06,7.48,--,104,77792,买盘
2843,10:59:03,7.48,--,45,33660,买盘
2844,10:59:00,7.48,0.01,63,47124,买盘
2845,10:58:57,7.47,--,58,43326,卖盘
2846,10:58:54,7.47,--,117,87399,卖盘
2847,10:58:51,7.47,--,26,19422,卖盘
2848,10:58:48,7.47,--,24,17928,卖盘
2849,10:58:45,7.47,--,1,747,卖盘
2850,10:58:42,7.47,-0.01,30,22410,卖盘
2851,10:58:39,7.48,--,106,79288,买盘
2852,10:58:36,7.48,0.01,195,145860,买盘
2853,10:58:33,7.47,-0.01,409,305523,卖盘
2854,10:58:30,7.48,--,401,299948,买盘
2855,10:58:27,7.48,--,58,43384,买盘
