,time,price,change,volume,amount,type
0,15:00:03,8.24,0.01,11444,9429856,买盘
1,14:57:00,8.23,-0.01,341,280643,卖盘
2,14:56:57,8.24,--,345,284280,买盘
3,14:56:54,8.24,--,291,239784,买盘
4,14:56:51,8.24,0.01,220,181280,买盘
5,14:56:48,8.23,--,1256,1033688,卖盘
6,14:56:45,8.23,-0.01,566,465818,卖盘
7,14:56:42,8.24,--,131,107944,买盘
8,14:56:39,8.24,0.01,132,108768,买盘
9,14:56:36,8.23,--,143,117689,买盘
10,14:56:33,8.23,--,322,265006,买盘
11,14:56:30,8.23,-0.01,171,140733,卖盘
12,14:56:27,8.24,0.01,98,80752,买盘
13,14:56:24,8.23,--,169,139087,买盘
14,14:56:21,8.23,--,69,56787,买盘
15,14:56:18,8.23,--,1442,1187144,卖盘
16,14:56:15,8.23,-0.01,306,251838,卖盘
17,14:56:12,8.24,0.01,270,222924,买盘
18,14:56:09,8.23,--,430,353890,买盘
19,14:56:06,8.23,--,127,104521,买盘
20,14:56:03,8.23,--,589,485125,卖盘
21,14:56:00,8.23,--,103,84769,卖盘
22,14:55:57,8.23,--,189,155547,卖盘
23,14:55:54,8.23,-0.01,164,134972,卖盘
24,14:55:51,8.24,--,277,228248,买盘
25,14:55:48,8.24,0.01,27,22248,买盘
26,14:55:45,8.23,--,247,203281,卖盘
27,14:55:42,8.23,-0.01,437,359651,卖盘
28,14:55:39,8.24,0.01,179,147496,买盘
29,14:55:36,8.23,--,452,371996,卖盘
30,14:55:33,8.23,--,910,748930,卖盘
31,14:55:30,8.23,-0.01,301,247723,卖盘
32,14:55:27,8.24,0.01,102,84492,买盘
33,14:55:24,8.23,--,240,197898,卖盘
34,14:55:21,8.23,-0.01,92,75716,卖盘
35,14:55:18,8.24,0.01,116,95584,买盘
36,14:55:15,8.23,--,754,620542,卖盘
37,14:55:12,8.23,-0.01,60,49380,卖盘
38,14:55:09,8.24,0.01,1206,993744,买盘
39,14:55:06,8.23,--,269,221387,卖盘
40,14:55:03,8.23,-0.01,166,137292,卖盘
41,14:55:00,8.24,0.01,42,34608,买盘
42,14:54:57,8.23,-0.01,293,241139,卖盘
43,14:54:54,8.24,0.01,98,80752,买盘
44,14:54:51,8.23,-0.01,254,209042,卖盘
45,14:54:48,8.24,0.01,507,417768,买盘
46,14:54:45,8.23,-0.01,302,248546,卖盘
47,14:54:42,8.24,--,218,179632,买盘
48,14:54:39,8.24,--,180,148320,买盘
49,14:54:36,8.24,0.01,1152,949248,买盘
50,14:54:33,8.23,--,272,223856,卖盘
51,14:54:30,8.23,--,40,32920,卖盘
52,14:54:27,8.23,--,189,155547,卖盘
53,14:54:24,8.23,-0.01,107,88061,卖盘
54,14:54:21,8.24,--,462,380688,买盘
55,14:54:18,8.24,0.01,130,107120,买盘
56,14:54:15,8.23,-0.01,47,38681,卖盘
57,14:54:12,8.24,--,109,89816,买盘
58,14:54:09,8.24,--,518,426832,买盘
59,14:54:06,8.24,0.01,432,355968,买盘
60,14:54:03,8.23,--,1093,899539,卖盘
61,14:54:00,8.23,-0.01,189,155547,卖盘
62,14:53:57,8.24,--,68,56032,买盘
63,14:53:54,8.24,--,73,60152,买盘
64,14:53:51,8.24,0.01,238,196112,买盘
65,14:53:48,8.23,--,79,65017,卖盘
66,14:53:45,8.23,-0.01,304,250192,卖盘
67,14:53:42,8.24,0.01,35,28840,买盘
68,14:53:39,8.23,-0.01,103,84769,卖盘
69,14:53:36,8.24,0.01,293,241432,买盘
70,14:53:33,8.23,-0.01,216,177768,卖盘
71,14:53:30,8.24,0.01,318,262032,买盘
72,14:53:27,8.23,--,260,213980,卖盘
73,14:53:24,8.23,--,263,216449,卖盘
74,14:53:21,8.23,-0.01,82,67486,卖盘
75,14:53:18,8.24,0.01,301,248024,买盘
76,14:53:15,8.23,-0.01,152,125096,卖盘
77,14:53:12,8.24,--,18,14832,买盘
78,14:53:09,8.24,0.01,51,42024,买盘
79,14:53:06,8.23,--,202,166838,买盘
80,14:53:03,8.23,--,126,103698,买盘
81,14:53:00,8.23,-0.01,425,350005,卖盘
82,14:52:57,8.24,0.01,126,104417,买盘
83,14:52:54,8.23,--,77,63371,卖盘
84,14:52:51,8.23,0.01,232,190936,买盘
85,14:52:48,8.22,-0.01,70,57540,卖盘
86,14:52:45,8.23,-0.01,178,147234,卖盘
87,14:52:42,8.24,0.01,60,49440,买盘
88,14:52:39,8.23,--,435,358087,卖盘
89,14:52:36,8.23,-0.01,162,133326,卖盘
90,14:52:33,8.24,--,395,325480,买盘
91,14:52:30,8.24,--,514,423536,买盘
92,14:52:27,8.24,--,1022,842128,买盘
93,14:52:24,8.24,0.01,62,51088,买盘
94,14:52:21,8.23,--,62,51026,卖盘
95,14:52:18,8.23,--,61,50203,卖盘
96,14:52:15,8.23,-0.01,187,153901,卖盘
97,14:52:12,8.24,0.01,173,142552,买盘
98,14:52:09,8.23,-0.01,116,95468,卖盘
99,14:52:06,8.24,--,225,185400,买盘
100,14:52:03,8.24,0.01,565,465560,买盘
101,14:52:00,8.23,-0.01,282,232086,卖盘
102,14:51:57,8.24,--,16,13184,买盘
103,14:51:54,8.24,--,66,54384,买盘
104,14:51:51,8.24,0.01,340,280160,买盘
105,14:51:48,8.23,-0.01,7,5761,卖盘
106,14:51:45,8.24,0.01,143,117832,买盘
107,14:51:42,8.23,--,204,167892,卖盘
108,14:51:39,8.23,-0.01,101,83123,卖盘
109,14:51:36,8.24,--,51,42024,买盘
110,14:51:33,8.24,0.01,115,94760,买盘
111,14:51:30,8.23,-0.01,39,32097,卖盘
112,14:51:27,8.24,0.01,469,386456,买盘
113,14:51:24,8.23,-0.01,1835,1510534,卖盘
114,14:51:21,8.24,--,4,3296,买盘
115,14:51:18,8.24,--,667,549608,买盘
116,14:51:15,8.24,--,421,346904,买盘
117,14:51:12,8.24,--,15,12360,买盘
118,14:51:09,8.24,--,232,191168,买盘
119,14:51:06,8.24,--,46,37904,买盘
120,14:51:03,8.24,--,224,184576,买盘
121,14:51:00,8.24,--,131,107944,卖盘
122,14:50:57,8.24,-0.01,115,94760,卖盘
123,14:50:54,8.25,--,133,109725,买盘
124,14:50:51,8.25,0.01,173,142725,买盘
125,14:50:48,8.24,--,90,74160,卖盘
126,14:50:45,8.24,-0.01,274,225776,卖盘
127,14:50:42,8.25,--,72,59400,买盘
128,14:50:39,8.25,0.01,123,101475,买盘
129,14:50:36,8.24,-0.01,321,264504,卖盘
130,14:50:33,8.25,0.01,67,55275,买盘
131,14:50:30,8.24,-0.01,335,276040,卖盘
132,14:50:27,8.25,--,76,62700,买盘
133,14:50:24,8.25,--,332,273900,买盘
134,14:50:21,8.25,--,295,243375,买盘
135,14:50:18,8.25,0.01,175,144375,买盘
136,14:50:15,8.24,-0.01,218,179632,卖盘
137,14:50:12,8.25,--,84,69300,买盘
138,14:50:09,8.25,0.01,266,219450,买盘
139,14:50:06,8.24,-0.01,323,266152,卖盘
140,14:50:03,8.25,0.01,16,13200,买盘
141,14:50:00,8.24,-0.01,791,651784,卖盘
142,14:49:57,8.25,--,2,1650,买盘
143,14:49:54,8.25,0.01,149,122925,买盘
144,14:49:51,8.24,--,611,503464,买盘
145,14:49:48,8.24,--,781,643544,买盘
146,14:49:45,8.24,--,46,37904,买盘
147,14:49:42,8.24,0.01,82,67568,买盘
148,14:49:39,8.23,-0.01,899,739877,卖盘
149,14:49:36,8.24,--,116,95584,买盘
150,14:49:33,8.24,--,71,58504,买盘
151,14:49:30,8.24,--,140,115360,买盘
152,14:49:27,8.24,--,45,37080,卖盘
153,14:49:24,8.24,--,294,242256,买盘
154,14:49:21,8.24,--,110,90640,买盘
155,14:49:18,8.24,--,17,14008,买盘
156,14:49:15,8.24,--,82,68062,买盘
157,14:49:12,8.24,--,603,496872,买盘
158,14:49:09,8.24,0.01,202,166448,买盘
159,14:49:06,8.23,-0.01,136,111928,卖盘
160,14:49:03,8.24,--,480,395520,卖盘
161,14:48:57,8.24,--,89,73336,卖盘
162,14:48:54,8.24,--,901,742424,买盘
163,14:48:51,8.24,--,19,15656,买盘
164,14:48:48,8.24,--,217,178808,买盘
165,14:48:45,8.24,0.01,72,59328,买盘
166,14:48:42,8.23,-0.01,613,504992,卖盘
167,14:48:39,8.24,--,63,51912,买盘
168,14:48:36,8.24,--,53,43672,买盘
169,14:48:33,8.24,--,261,215064,买盘
170,14:48:30,8.24,--,255,210120,买盘
171,14:48:27,8.24,--,313,257912,买盘
172,14:48:24,8.24,--,140,115360,买盘
173,14:48:21,8.24,0.01,57,46968,买盘
174,14:48:18,8.23,--,254,209042,卖盘
175,14:48:15,8.23,-0.01,140,115220,卖盘
176,14:48:12,8.24,0.01,116,95584,买盘
177,14:48:09,8.23,0.01,37,30451,卖盘
178,14:48:06,8.22,-0.01,111,91242,卖盘
179,14:48:03,8.23,-0.01,41,33743,卖盘
180,14:48:00,8.24,0.02,49,40376,买盘
181,14:47:57,8.22,--,462,380421,卖盘
182,14:47:54,8.22,-0.01,225,184950,卖盘
183,14:47:51,8.23,--,94,77362,买盘
184,14:47:48,8.23,--,241,198343,买盘
185,14:47:45,8.23,0.01,186,153078,买盘
186,14:47:42,8.22,--,411,337842,卖盘
187,14:47:39,8.22,-0.01,560,460320,卖盘
188,14:47:36,8.23,--,344,283112,买盘
189,14:47:33,8.23,0.01,75,61725,买盘
190,14:47:30,8.22,-0.01,66,54252,卖盘
191,14:47:27,8.23,--,124,102052,买盘
192,14:47:24,8.23,--,232,190936,买盘
193,14:47:21,8.23,--,17,13991,买盘
194,14:47:18,8.23,--,22,18106,买盘
195,14:47:15,8.23,0.01,425,349775,买盘
196,14:47:12,8.22,--,109,89598,卖盘
197,14:47:09,8.22,--,69,56718,卖盘
198,14:47:06,8.22,--,614,504708,卖盘
199,14:47:03,8.22,--,97,79734,卖盘
200,14:47:00,8.22,-0.01,246,202212,卖盘
201,14:46:57,8.23,0.01,84,69132,买盘
202,14:46:54,8.22,-0.01,38,31236,卖盘
203,14:46:51,8.23,0.02,43,35389,买盘
204,14:46:48,8.21,-0.01,237,194577,卖盘
205,14:46:45,8.22,-0.01,233,191526,卖盘
206,14:46:42,8.23,0.02,134,110282,买盘
207,14:46:39,8.21,-0.02,138,113298,卖盘
208,14:46:36,8.23,0.01,40,32920,买盘
209,14:46:33,8.22,--,456,374832,卖盘
210,14:46:30,8.22,-0.01,85,69870,卖盘
211,14:46:27,8.23,--,95,78185,买盘
212,14:46:24,8.23,0.01,10,8230,买盘
213,14:46:21,8.22,--,23,18906,卖盘
214,14:46:18,8.22,0.01,1011,831042,卖盘
215,14:46:15,8.21,-0.01,552,453192,卖盘
216,14:46:12,8.22,--,82,67404,买盘
217,14:46:09,8.22,--,137,112614,买盘
218,14:46:06,8.22,0.01,257,211254,买盘
219,14:46:03,8.21,--,76,62396,卖盘
220,14:46:00,8.21,-0.01,187,153527,卖盘
221,14:45:57,8.22,--,222,182484,买盘
222,14:45:54,8.22,0.01,316,259752,买盘
223,14:45:51,8.21,-0.01,49,40229,卖盘
224,14:45:48,8.22,0.01,62,50964,买盘
225,14:45:45,8.21,-0.02,201,165021,卖盘
226,14:45:42,8.23,--,1055,868265,买盘
227,14:45:39,8.23,-0.01,744,612476,卖盘
228,14:45:36,8.24,--,36,30323,买盘
229,14:45:33,8.24,--,179,147496,买盘
230,14:45:30,8.24,0.01,1484,1222816,买盘
231,14:45:27,8.23,-0.01,992,816580,卖盘
232,14:45:24,8.24,--,112,92288,买盘
233,14:45:21,8.24,0.01,71,58504,买盘
234,14:45:18,8.23,-0.01,1632,1343136,卖盘
235,14:45:15,8.24,--,34,28016,买盘
236,14:45:12,8.24,--,13,10712,买盘
237,14:45:09,8.24,--,165,135960,买盘
238,14:45:06,8.24,--,12,9888,买盘
239,14:45:03,8.24,--,127,104648,买盘
240,14:45:00,8.24,--,108,88992,买盘
241,14:44:57,8.24,--,218,179632,买盘
242,14:44:54,8.24,--,438,360912,买盘
243,14:44:51,8.24,-0.01,581,478744,卖盘
244,14:44:48,8.25,0.01,426,351450,买盘
245,14:44:45,8.24,--,106,88003,买盘
246,14:44:42,8.24,--,173,142552,买盘
247,14:44:39,8.24,--,187,154088,买盘
248,14:44:36,8.24,--,486,400464,买盘
249,14:44:33,8.24,0.01,309,254616,买盘
250,14:44:30,8.23,--,653,537419,卖盘
251,14:44:27,8.23,-0.01,63,51849,卖盘
252,14:44:24,8.24,--,152,125248,买盘
253,14:44:21,8.24,0.01,126,103824,买盘
254,14:44:18,8.23,-0.01,10,8230,卖盘
255,14:44:15,8.24,--,121,99704,买盘
256,14:44:12,8.24,--,580,477920,买盘
257,14:44:09,8.24,--,189,155736,买盘
258,14:44:06,8.24,0.02,122,100528,买盘
259,14:44:03,8.22,-0.02,384,315648,卖盘
260,14:44:00,8.24,0.01,187,154088,买盘
261,14:43:57,8.23,-0.01,47,38681,卖盘
262,14:43:54,8.24,--,117,96408,买盘
263,14:43:51,8.24,--,471,388104,买盘
264,14:43:48,8.24,--,582,479568,买盘
265,14:43:45,8.24,--,23,18952,买盘
266,14:43:42,8.24,0.01,122,100528,买盘
267,14:43:39,8.23,--,110,90530,卖盘
268,14:43:36,8.23,--,60,49380,卖盘
269,14:43:33,8.23,-0.01,1,823,卖盘
270,14:43:30,8.24,0.02,45,37080,买盘
271,14:43:27,8.22,-0.01,2170,1783740,卖盘
272,14:43:24,8.23,--,232,190936,买盘
273,14:43:21,8.23,0.01,81,66663,买盘
274,14:43:18,8.22,0.01,1155,949410,买盘
275,14:43:15,8.21,--,338,277498,卖盘
276,14:43:12,8.21,-0.01,577,473717,卖盘
277,14:43:09,8.22,0.01,18,14796,买盘
278,14:43:06,8.21,-0.02,575,472075,卖盘
279,14:43:03,8.23,--,48,39504,买盘
280,14:43:00,8.23,0.01,97,79831,买盘
281,14:42:57,8.22,-0.01,31,25482,卖盘
282,14:42:54,8.23,--,1,823,买盘
283,14:42:51,8.23,-0.01,337,277351,卖盘
284,14:42:48,8.24,--,994,819056,买盘
285,14:42:45,8.24,--,67,55208,买盘
286,14:42:42,8.24,--,130,107120,买盘
287,14:42:39,8.24,--,146,120304,买盘
288,14:42:36,8.24,--,65,53560,买盘
289,14:42:33,8.24,--,5,4120,买盘
290,14:42:30,8.24,-0.01,2407,1983433,卖盘
291,14:42:27,8.25,-0.01,134,110550,卖盘
292,14:42:24,8.26,0.01,103,85078,买盘
293,14:42:21,8.25,--,267,220275,卖盘
294,14:42:18,8.25,-0.01,22,18150,卖盘
295,14:42:15,8.26,--,62,51212,买盘
296,14:42:12,8.26,--,28,23128,买盘
297,14:42:09,8.26,--,173,142898,卖盘
298,14:42:06,8.26,--,945,780570,卖盘
299,14:42:03,8.26,-0.01,185,152810,卖盘
300,14:42:00,8.27,--,363,300201,买盘
301,14:41:57,8.27,--,333,275391,买盘
302,14:41:54,8.27,--,630,521010,买盘
303,14:41:51,8.27,--,57,47139,买盘
304,14:41:48,8.27,--,78,64506,买盘
305,14:41:45,8.27,--,358,296066,卖盘
306,14:41:42,8.27,--,76,62852,卖盘
307,14:41:39,8.27,-0.01,314,259678,卖盘
308,14:41:36,8.28,0.01,93,77004,买盘
309,14:41:33,8.27,0.01,1556,1286812,卖盘
310,14:41:30,8.26,-0.01,156,128856,卖盘
311,14:41:27,8.27,--,255,210885,卖盘
312,14:41:24,8.27,--,908,750916,卖盘
313,14:41:21,8.27,-0.01,194,160438,中性盘
314,14:41:18,8.28,0.01,1709,1415052,买盘
315,14:41:15,8.27,0.01,1865,1542355,买盘
316,14:41:12,8.26,--,51,42126,卖盘
317,14:41:09,8.26,--,247,204022,卖盘
318,14:41:06,8.26,-0.01,1614,1333164,卖盘
319,14:41:03,8.27,0.01,127,105029,买盘
320,14:41:00,8.26,-0.01,99,81774,卖盘
321,14:40:57,8.27,--,51,42177,买盘
322,14:40:54,8.27,0.01,360,297720,买盘
323,14:40:51,8.26,-0.01,141,116466,卖盘
324,14:40:48,8.27,0.02,1370,1132990,买盘
325,14:40:45,8.25,-0.01,21,17325,卖盘
326,14:40:42,8.26,--,244,201544,买盘
327,14:40:39,8.26,--,110,90860,卖盘
328,14:40:36,8.26,--,137,113162,买盘
329,14:40:33,8.26,--,738,609588,买盘
330,14:40:30,8.26,0.01,61,50386,买盘
331,14:40:27,8.25,-0.01,77,63525,卖盘
332,14:40:24,8.26,0.01,846,698796,买盘
333,14:40:21,8.25,0.01,413,341484,买盘
334,14:40:18,8.24,-0.01,306,252144,卖盘
335,14:40:15,8.25,--,566,466950,买盘
336,14:40:12,8.25,--,3282,2707650,买盘
337,14:40:09,8.25,0.01,32,26400,买盘
338,14:40:06,8.24,-0.01,112,92288,卖盘
339,14:40:03,8.25,--,197,162525,买盘
340,14:40:00,8.25,0.01,346,285450,买盘
341,14:39:57,8.24,--,529,435896,买盘
342,14:39:54,8.24,--,720,593280,卖盘
343,14:39:51,8.24,--,212,174688,卖盘
344,14:39:48,8.24,--,695,572680,买盘
345,14:39:45,8.24,--,495,407880,买盘
346,14:39:42,8.24,0.01,108,88992,买盘
347,14:39:39,8.23,-0.01,85,69955,卖盘
348,14:39:36,8.24,--,18,14832,买盘
349,14:39:33,8.24,0.01,66,55117,买盘
350,14:39:30,8.23,--,423,348129,买盘
351,14:39:27,8.23,--,448,368704,买盘
352,14:39:24,8.23,--,201,165423,买盘
353,14:39:21,8.23,0.02,138,113574,买盘
354,14:39:18,8.21,-0.01,842,691282,卖盘
355,14:39:15,8.22,--,183,150426,买盘
356,14:39:12,8.22,--,745,612480,卖盘
357,14:39:09,8.22,--,37,30414,卖盘
358,14:39:06,8.22,0.01,732,602435,买盘
359,14:39:03,8.21,-0.01,27,22167,卖盘
360,14:39:00,8.22,0.02,340,279973,买盘
361,14:38:57,8.2,-0.01,419,343579,卖盘
362,14:38:54,8.21,--,186,152706,买盘
363,14:38:51,8.21,0.01,264,216744,买盘
364,14:38:48,8.2,--,22,18040,卖盘
365,14:38:45,8.2,-0.01,62,50839,卖盘
366,14:38:42,8.21,0.01,1239,1017908,买盘
367,14:38:39,8.2,0.01,483,396059,买盘
368,14:38:36,8.19,--,458,375102,卖盘
369,14:38:33,8.19,-0.01,396,324324,卖盘
370,14:38:30,8.2,--,44,36080,买盘
371,14:38:27,8.2,--,248,203359,买盘
372,14:38:24,8.2,--,70,57399,买盘
373,14:38:21,8.2,0.01,158,129559,买盘
374,14:38:18,8.19,-0.01,56,45864,卖盘
375,14:38:15,8.2,--,50,41000,买盘
376,14:38:12,8.2,--,95,77900,买盘
377,14:38:09,8.2,0.01,230,188599,买盘
378,14:38:06,8.19,0.01,1599,1309581,买盘
379,14:38:03,8.18,-0.01,107,87526,卖盘
380,14:38:00,8.19,--,687,562653,买盘
381,14:37:57,8.19,--,68,55692,买盘
382,14:37:54,8.19,--,155,126944,买盘
383,14:37:51,8.19,--,111,90909,买盘
384,14:37:48,8.19,--,241,197379,买盘
385,14:37:45,8.19,--,124,101556,买盘
386,14:37:42,8.19,--,64,52416,买盘
387,14:37:39,8.19,0.01,153,125306,买盘
388,14:37:36,8.18,--,24,19632,卖盘
389,14:37:33,8.18,--,478,391004,买盘
390,14:37:30,8.18,--,67,54806,买盘
391,14:37:27,8.18,0.01,146,119428,买盘
392,14:37:24,8.17,-0.01,51,41667,卖盘
393,14:37:21,8.18,--,34,27812,买盘
394,14:37:18,8.18,0.01,18,14724,买盘
395,14:37:15,8.17,-0.01,411,335787,卖盘
396,14:37:12,8.18,0.01,223,182414,买盘
397,14:37:09,8.17,-0.01,138,112746,卖盘
398,14:37:06,8.18,0.01,13,10634,买盘
399,14:37:03,8.17,-0.01,669,546573,卖盘
400,14:37:00,8.18,0.01,6,4908,买盘
401,14:36:57,8.17,-0.01,14,11438,卖盘
402,14:36:54,8.18,--,709,579962,买盘
403,14:36:51,8.18,0.01,146,119428,买盘
404,14:36:48,8.17,-0.01,16,13072,卖盘
405,14:36:45,8.18,--,106,86708,买盘
406,14:36:42,8.18,0.01,1026,839268,买盘
407,14:36:39,8.17,-0.01,1053,860301,卖盘
408,14:36:36,8.18,--,7,5726,买盘
409,14:36:33,8.18,0.01,71,58568,买盘
410,14:36:30,8.17,--,221,180557,买盘
411,14:36:27,8.17,--,244,199348,买盘
412,14:36:24,8.17,--,97,79249,买盘
413,14:36:21,8.17,--,207,169119,买盘
414,14:36:18,8.17,--,266,217322,买盘
415,14:36:15,8.17,--,203,165851,买盘
416,14:36:12,8.17,--,230,187910,买盘
417,14:36:09,8.17,--,478,390526,买盘
418,14:36:06,8.17,--,43,35131,买盘
419,14:36:03,8.17,-0.01,417,341015,卖盘
420,14:36:00,8.18,0.01,2075,1697350,买盘
421,14:35:57,8.17,--,251,205067,卖盘
422,14:35:54,8.17,-0.01,237,193629,卖盘
423,14:35:51,8.18,0.01,155,126790,买盘
424,14:35:48,8.17,--,239,195263,卖盘
425,14:35:45,8.17,-0.01,556,454252,卖盘
426,14:35:42,8.18,--,29,23722,买盘
427,14:35:39,8.18,--,2215,1811870,买盘
428,14:35:36,8.18,0.01,239,195502,买盘
429,14:35:33,8.17,--,53,43301,卖盘
430,14:35:30,8.17,-0.01,297,242649,卖盘
431,14:35:27,8.18,--,53,43354,买盘
432,14:35:24,8.18,--,73,59714,买盘
433,14:35:21,8.18,0.01,187,152966,买盘
434,14:35:18,8.17,--,215,175655,卖盘
435,14:35:15,8.17,-0.01,7,5719,卖盘
436,14:35:12,8.18,0.01,684,560002,买盘
437,14:35:09,8.17,--,174,142158,买盘
438,14:35:06,8.17,--,266,217648,卖盘
439,14:35:03,8.17,--,252,205884,卖盘
440,14:35:00,8.17,-0.01,124,101308,卖盘
441,14:34:57,8.18,0.01,133,109284,买盘
442,14:34:54,8.17,--,2,1634,卖盘
443,14:34:51,8.17,--,319,260623,卖盘
444,14:34:48,8.17,--,147,120099,卖盘
445,14:34:45,8.17,--,194,158498,买盘
446,14:34:42,8.17,0.01,318,259806,买盘
447,14:34:39,8.16,-0.01,53,43248,卖盘
448,14:34:36,8.17,--,279,227943,买盘
449,14:34:33,8.17,--,289,236113,买盘
450,14:34:30,8.17,--,339,276963,买盘
451,14:34:27,8.17,--,319,260623,卖盘
452,14:34:24,8.17,--,26,21242,卖盘
453,14:34:21,8.17,-0.01,130,106210,卖盘
454,14:34:18,8.18,0.01,7,5726,买盘
455,14:34:15,8.17,--,325,265525,买盘
456,14:34:12,8.17,--,351,287093,买盘
457,14:34:09,8.17,--,483,394611,买盘
458,14:34:06,8.17,0.01,386,315362,买盘
459,14:34:03,8.16,-0.01,190,155040,卖盘
460,14:34:00,8.17,--,725,592325,买盘
461,14:33:57,8.17,--,252,205884,买盘
462,14:33:54,8.17,--,122,99674,买盘
463,14:33:51,8.17,--,186,151962,买盘
464,14:33:48,8.17,--,99,80883,买盘
465,14:33:45,8.17,--,116,94772,买盘
466,14:33:42,8.17,--,255,208335,买盘
467,14:33:39,8.17,0.01,108,88236,买盘
468,14:33:36,8.16,--,263,215260,卖盘
469,14:33:33,8.16,-0.01,31,25296,卖盘
470,14:33:30,8.17,--,53,43301,买盘
471,14:33:27,8.17,0.01,193,157681,买盘
472,14:33:24,8.16,--,245,199920,买盘
473,14:33:21,8.16,--,405,330480,买盘
474,14:33:18,8.16,--,153,124848,买盘
475,14:33:15,8.16,--,204,166464,买盘
476,14:33:12,8.16,-0.01,358,292128,卖盘
477,14:33:09,8.17,0.01,493,402781,买盘
478,14:33:06,8.16,--,290,236640,卖盘
479,14:33:03,8.16,-0.01,288,235008,卖盘
480,14:33:00,8.17,0.01,471,384807,买盘
481,14:32:57,8.16,-0.01,69,56304,卖盘
482,14:32:54,8.17,0.01,556,454252,买盘
483,14:32:51,8.16,--,21,17136,卖盘
484,14:32:48,8.16,--,28,22848,卖盘
485,14:32:45,8.16,--,82,66912,买盘
486,14:32:42,8.16,--,213,173808,买盘
487,14:32:39,8.16,--,216,176256,买盘
488,14:32:36,8.16,--,58,47328,买盘
489,14:32:33,8.16,--,125,102000,买盘
490,14:32:30,8.16,0.01,75,61200,买盘
491,14:32:27,8.15,-0.01,104,84760,卖盘
492,14:32:24,8.16,0.01,905,738480,买盘
493,14:32:21,8.15,0.01,72,58680,买盘
494,14:32:18,8.14,-0.01,395,321530,卖盘
495,14:32:15,8.15,--,821,669115,买盘
496,14:32:12,8.15,--,441,359415,买盘
497,14:32:09,8.15,--,456,371640,买盘
498,14:32:06,8.15,0.01,185,150775,买盘
499,14:32:03,8.14,-0.01,517,420838,卖盘
500,14:32:00,8.15,0.01,72,58680,买盘
501,14:31:57,8.14,--,941,765974,卖盘
502,14:31:54,8.14,--,160,130240,卖盘
503,14:31:51,8.14,--,81,65934,卖盘
504,14:31:48,8.14,--,266,216524,卖盘
505,14:31:45,8.14,--,357,291379,买盘
506,14:31:42,8.14,--,380,309320,买盘
507,14:31:39,8.14,--,157,127798,买盘
508,14:31:36,8.14,--,408,332112,买盘
509,14:31:33,8.14,--,209,170126,买盘
510,14:31:30,8.14,0.01,105,85470,买盘
511,14:31:27,8.13,-0.01,32,26016,卖盘
512,14:31:24,8.14,--,279,227106,买盘
513,14:31:21,8.14,0.01,848,690272,买盘
514,14:31:18,8.13,-0.01,51,41463,卖盘
515,14:31:15,8.14,0.01,720,586080,买盘
516,14:31:12,8.13,--,545,443085,买盘
517,14:31:09,8.13,0.01,289,234957,买盘
518,14:31:06,8.12,-0.01,799,648787,卖盘
519,14:31:03,8.13,--,327,265851,买盘
520,14:31:00,8.13,-0.01,1717,1395921,卖盘
521,14:30:57,8.14,-0.01,16,13024,卖盘
522,14:30:54,8.15,0.02,75,61125,买盘
523,14:30:51,8.13,0.01,1423,1156899,卖盘
524,14:30:48,8.12,-0.01,424,344287,卖盘
525,14:30:45,8.13,0.01,292,237396,买盘
526,14:30:42,8.12,--,68,55215,卖盘
527,14:30:39,8.12,0.01,516,418991,中性盘
528,14:30:36,8.11,-0.01,855,693664,卖盘
529,14:30:33,8.12,--,1250,1014999,买盘
530,14:30:30,8.12,-0.01,738,599808,卖盘
531,14:30:27,8.13,0.01,413,336029,买盘
532,14:30:24,8.12,-0.01,430,349159,买盘
533,14:30:21,8.13,0.01,185,150405,买盘
534,14:30:18,8.12,0.01,201,163211,买盘
535,14:30:15,8.11,-0.01,618,501197,卖盘
536,14:30:12,8.12,--,791,642291,卖盘
537,14:30:09,8.12,--,2425,1969099,卖盘
538,14:30:06,8.12,0.01,298,241975,买盘
539,14:30:03,8.11,-0.01,335,271685,卖盘
540,14:30:00,8.12,-0.01,769,624427,卖盘
541,14:29:57,8.13,0.02,322,261786,买盘
542,14:29:54,8.11,-0.02,538,436317,卖盘
543,14:29:51,8.13,0.01,2665,2167425,买盘
544,14:29:48,8.12,--,797,647163,买盘
545,14:29:45,8.12,--,128,103935,买盘
546,14:29:42,8.12,--,443,359715,买盘
547,14:29:39,8.12,-0.01,3303,2682068,卖盘
548,14:29:36,8.13,0.01,120,97560,买盘
549,14:29:33,8.12,-0.01,857,695883,卖盘
550,14:29:30,8.13,--,359,291867,买盘
551,14:29:27,8.13,0.01,160,130080,买盘
552,14:29:24,8.12,-0.01,134,108807,卖盘
553,14:29:21,8.13,--,266,216258,买盘
554,14:29:18,8.13,--,712,578856,买盘
555,14:29:15,8.13,--,357,291021,买盘
556,14:29:12,8.13,--,325,264225,买盘
557,14:29:09,8.13,0.01,141,114633,买盘
558,14:29:06,8.12,-0.01,348,282576,卖盘
559,14:29:03,8.13,--,397,322761,买盘
560,14:29:00,8.13,--,539,438207,卖盘
561,14:28:57,8.13,--,108,87804,卖盘
562,14:28:54,8.13,0.02,315,256095,卖盘
563,14:28:51,8.11,-0.02,2210,1792309,卖盘
564,14:28:48,8.13,0.01,269,218697,卖盘
565,14:28:45,8.12,--,3622,2941063,卖盘
566,14:28:42,8.12,-0.01,253,205435,卖盘
567,14:28:39,8.13,-0.01,614,499182,买盘
568,14:28:36,8.14,--,344,280016,卖盘
569,14:28:33,8.14,-0.01,10153,8264542,卖盘
570,14:28:30,8.15,0.01,391,318665,买盘
571,14:28:27,8.14,--,388,315832,卖盘
572,14:28:24,8.14,-0.01,10,8140,卖盘
573,14:28:21,8.15,--,251,204565,买盘
574,14:28:18,8.15,--,1074,875310,卖盘
575,14:28:15,8.15,--,388,316220,卖盘
576,14:28:12,8.15,--,468,381420,卖盘
577,14:28:09,8.15,--,438,356970,卖盘
578,14:28:06,8.15,--,410,334150,卖盘
579,14:28:03,8.15,--,880,717200,卖盘
580,14:28:00,8.15,--,247,201305,买盘
581,14:27:57,8.15,-0.01,174,141810,中性盘
582,14:27:54,8.16,0.01,202,164832,买盘
583,14:27:51,8.15,0.01,242,197230,买盘
584,14:27:48,8.14,-0.01,741,603174,卖盘
585,14:27:45,8.15,0.02,170,138550,买盘
586,14:27:42,8.13,-0.01,346,281298,卖盘
587,14:27:39,8.14,-0.01,244,198616,中性盘
588,14:27:36,8.15,--,3003,2447445,买盘
589,14:27:33,8.15,--,294,239610,买盘
590,14:27:30,8.15,--,221,180115,买盘
591,14:27:27,8.15,-0.01,1707,1391205,卖盘
592,14:27:24,8.16,0.01,386,314976,买盘
593,14:27:21,8.15,-0.01,1851,1508565,卖盘
594,14:27:18,8.16,--,1161,947376,买盘
595,14:27:15,8.16,--,145,118320,买盘
596,14:27:12,8.16,--,194,158304,买盘
597,14:27:09,8.16,0.01,119,97104,买盘
598,14:27:06,8.15,-0.01,451,367565,卖盘
599,14:27:03,8.16,--,198,161568,买盘
600,14:27:00,8.16,--,1075,877200,买盘
601,14:26:57,8.16,--,760,620160,买盘
602,14:26:54,8.16,--,259,211344,买盘
603,14:26:51,8.16,0.01,146,119136,买盘
604,14:26:48,8.15,--,224,182560,卖盘
605,14:26:45,8.15,-0.01,2833,2309058,卖盘
606,14:26:42,8.16,--,559,456144,买盘
607,14:26:39,8.16,--,199,162384,买盘
608,14:26:36,8.16,0.01,341,278256,卖盘
609,14:26:33,8.15,-0.01,243,198045,卖盘
610,14:26:30,8.16,--,929,758064,买盘
611,14:26:27,8.16,--,167,136272,卖盘
612,14:26:24,8.16,--,1437,1172592,买盘
613,14:26:21,8.16,--,1094,892704,买盘
614,14:26:18,8.16,--,600,489600,买盘
615,14:26:15,8.16,--,169,137904,买盘
616,14:26:12,8.16,--,264,215424,买盘
617,14:26:09,8.16,-0.01,610,497760,卖盘
618,14:26:06,8.17,--,290,236930,买盘
619,14:26:03,8.17,0.01,258,210786,买盘
620,14:26:00,8.16,--,302,246432,买盘
621,14:25:57,8.16,-0.01,1665,1359292,卖盘
622,14:25:54,8.17,--,88,71896,卖盘
623,14:25:51,8.17,--,249,203433,买盘
624,14:25:48,8.17,--,225,183825,卖盘
625,14:25:45,8.17,0.01,238,194446,买盘
626,14:25:42,8.16,-0.01,149,122236,卖盘
627,14:25:39,8.17,--,184,150328,卖盘
628,14:25:36,8.17,--,34,28104,买盘
629,14:25:33,8.17,--,279,227943,卖盘
630,14:25:30,8.17,--,2218,1812106,买盘
631,14:25:27,8.17,0.01,3644,2977148,买盘
632,14:25:24,8.16,-0.01,672,548352,卖盘
633,14:25:21,8.17,0.01,388,316996,买盘
634,14:25:18,8.16,-0.01,877,715632,卖盘
635,14:25:15,8.17,0.01,479,391343,买盘
636,14:25:12,8.16,-0.01,103,84048,卖盘
637,14:25:09,8.17,0.01,45,36765,买盘
638,14:25:06,8.16,-0.01,589,480624,卖盘
639,14:25:03,8.17,--,109,89053,买盘
640,14:25:00,8.17,0.01,146,119282,买盘
641,14:24:57,8.16,-0.01,268,218688,卖盘
642,14:24:54,8.17,--,430,351310,买盘
643,14:24:51,8.17,--,799,652783,买盘
644,14:24:48,8.17,--,205,167485,买盘
645,14:24:45,8.17,--,63,51471,买盘
646,14:24:42,8.17,-0.01,1106,903602,卖盘
647,14:24:39,8.18,--,265,216770,买盘
648,14:24:36,8.18,0.01,470,384460,买盘
649,14:24:33,8.17,-0.01,184,150328,卖盘
650,14:24:30,8.18,--,200,163600,买盘
651,14:24:27,8.18,0.01,867,709369,买盘
652,14:24:24,8.17,-0.01,2945,2406065,卖盘
653,14:24:21,8.18,--,266,217588,买盘
654,14:24:18,8.18,--,209,170962,买盘
655,14:24:15,8.18,--,200,163600,买盘
656,14:24:12,8.18,--,143,116974,买盘
657,14:24:09,8.18,--,105,85890,买盘
658,14:24:06,8.18,--,56,45808,买盘
659,14:24:03,8.18,--,404,330472,买盘
660,14:24:00,8.18,--,189,154602,买盘
661,14:23:57,8.18,--,2,1636,买盘
662,14:23:54,8.18,--,263,215134,买盘
663,14:23:51,8.18,0.01,129,106176,买盘
664,14:23:48,8.17,-0.01,154,125818,卖盘
665,14:23:45,8.18,--,510,417180,买盘
666,14:23:42,8.18,0.01,272,222496,买盘
667,14:23:39,8.17,--,201,164217,卖盘
668,14:23:36,8.17,--,30,24510,卖盘
669,14:23:33,8.17,--,582,475494,卖盘
670,14:23:30,8.17,-0.01,469,383173,卖盘
671,14:23:27,8.18,0.01,213,174234,买盘
672,14:23:24,8.17,--,128,104576,卖盘
673,14:23:21,8.17,--,149,121733,卖盘
674,14:23:18,8.17,-0.01,104,84968,卖盘
675,14:23:15,8.18,--,350,286300,买盘
676,14:23:12,8.18,--,380,310840,买盘
677,14:23:09,8.18,0.01,706,577508,买盘
678,14:23:06,8.17,-0.01,151,123367,卖盘
679,14:23:03,8.18,--,57,46626,卖盘
680,14:23:00,8.18,--,4749,3884682,卖盘
681,14:22:57,8.18,--,130,106340,卖盘
682,14:22:54,8.18,-0.01,256,209408,卖盘
683,14:22:51,8.19,0.01,523,428337,买盘
684,14:22:48,8.18,--,1055,862990,买盘
685,14:22:45,8.18,--,59,48262,买盘
686,14:22:42,8.18,--,1681,1375058,买盘
687,14:22:39,8.18,0.01,220,179960,买盘
688,14:22:36,8.17,--,1639,1339063,卖盘
689,14:22:33,8.17,0.01,1785,1458508,买盘
690,14:22:30,8.16,--,478,390048,卖盘
691,14:22:27,8.16,-0.01,298,243168,卖盘
692,14:22:24,8.17,0.01,912,745104,买盘
693,14:22:21,8.16,0.01,19,15504,买盘
694,14:22:18,8.15,-0.02,470,383702,卖盘
695,14:22:15,8.17,0.01,285,232845,买盘
696,14:22:12,8.16,--,624,509184,卖盘
697,14:22:09,8.16,--,187,152592,卖盘
698,14:22:06,8.16,--,627,511632,卖盘
699,14:22:03,8.16,--,531,433296,卖盘
700,14:22:00,8.16,-0.01,238,194208,卖盘
701,14:21:57,8.17,--,177,144609,买盘
702,14:21:54,8.17,0.01,973,794941,中性盘
703,14:21:51,8.16,-0.02,12784,10431744,卖盘
704,14:21:48,8.18,--,644,526792,卖盘
705,14:21:45,8.18,-0.01,234,191412,卖盘
706,14:21:42,8.19,--,139,113841,买盘
707,14:21:39,8.19,--,846,692874,买盘
708,14:21:36,8.19,--,965,790335,卖盘
709,14:21:33,8.19,--,562,460278,买盘
710,14:21:30,8.19,--,292,239148,买盘
711,14:21:27,8.19,--,21,17199,买盘
712,14:21:24,8.19,--,135,110565,买盘
713,14:21:21,8.19,-0.01,372,304668,卖盘
714,14:21:18,8.2,0.01,131,107583,买盘
715,14:21:15,8.19,--,356,291564,买盘
716,14:21:12,8.19,0.01,190,155610,买盘
717,14:21:09,8.18,-0.01,292,238856,卖盘
718,14:21:06,8.19,-0.01,2507,2053888,卖盘
719,14:21:03,8.2,--,223,182859,买盘
720,14:21:00,8.2,0.01,40,32800,买盘
721,14:20:57,8.19,-0.01,1439,1178541,卖盘
722,14:20:54,8.2,--,132,108239,买盘
723,14:20:51,8.2,--,429,351779,买盘
724,14:20:48,8.2,--,150,122999,买盘
725,14:20:45,8.2,--,210,172199,买盘
726,14:20:42,8.2,-0.01,3187,2613340,卖盘
727,14:20:39,8.21,--,129,105909,买盘
728,14:20:36,8.21,0.01,313,256973,买盘
729,14:20:33,8.2,--,473,387859,卖盘
730,14:20:30,8.2,-0.01,127,104139,卖盘
731,14:20:27,8.21,--,76,62396,买盘
732,14:20:24,8.21,--,500,410500,买盘
733,14:20:21,8.21,0.01,234,192114,买盘
734,14:20:18,8.2,--,38,31159,卖盘
735,14:20:15,8.2,--,108,88559,卖盘
736,14:20:12,8.2,-0.01,116,95119,卖盘
737,14:20:09,8.21,0.01,11,9031,买盘
738,14:20:06,8.2,--,73,59859,卖盘
739,14:20:03,8.2,--,24,19680,卖盘
740,14:20:00,8.2,0.01,1,819,卖盘
741,14:19:57,8.19,--,460,376740,卖盘
742,14:19:54,8.19,-0.01,135,110565,卖盘
743,14:19:51,8.2,--,79,64779,买盘
744,14:19:48,8.2,0.01,88,72160,买盘
745,14:19:45,8.19,-0.01,178,145782,卖盘
746,14:19:42,8.2,--,673,551860,买盘
747,14:19:39,8.2,0.01,801,656820,买盘
748,14:19:36,8.19,-0.01,470,384930,卖盘
749,14:19:33,8.2,--,79,64779,买盘
750,14:19:30,8.2,0.01,180,147600,买盘
751,14:19:27,8.19,--,139,113841,卖盘
752,14:19:24,8.19,-0.01,146,119574,卖盘
753,14:19:21,8.2,0.01,279,228779,买盘
754,14:19:18,8.19,-0.01,66,54054,卖盘
755,14:19:15,8.2,--,217,178103,买盘
756,14:19:12,8.2,0.01,136,111519,买盘
757,14:19:09,8.19,-0.01,57,46683,卖盘
758,14:19:06,8.2,--,215,176299,买盘
759,14:19:03,8.2,--,52,42639,买盘
760,14:19:00,8.2,--,82,67240,买盘
761,14:18:57,8.2,--,135,110699,买盘
762,14:18:54,8.2,--,374,306680,买盘
763,14:18:51,8.2,--,73,59859,买盘
764,14:18:48,8.2,0.01,136,111519,买盘
765,14:18:45,8.19,-0.01,20,16379,卖盘
766,14:18:42,8.2,--,184,150880,买盘
767,14:18:39,8.2,--,2939,2410570,卖盘
768,14:18:36,8.2,--,356,291920,卖盘
769,14:18:33,8.2,--,72,59039,卖盘
770,14:18:30,8.2,-0.01,80,65829,卖盘
771,14:18:27,8.21,--,25,20525,买盘
772,14:18:24,8.21,0.01,18,14778,买盘
773,14:18:21,8.2,-0.01,131,107419,卖盘
774,14:18:18,8.21,--,149,122329,买盘
775,14:18:15,8.21,0.01,59,48439,买盘
776,14:18:12,8.2,-0.01,42,34440,卖盘
777,14:18:09,8.21,--,305,250405,买盘
778,14:18:06,8.21,--,35,28735,买盘
779,14:18:03,8.21,--,36,29556,买盘
780,14:18:00,8.21,--,1526,1252854,买盘
781,14:17:57,8.21,0.01,188,154348,买盘
782,14:17:54,8.2,-0.01,295,241899,卖盘
783,14:17:51,8.21,--,213,174873,买盘
784,14:17:45,8.21,0.01,486,399006,买盘
785,14:17:42,8.2,-0.01,714,586291,卖盘
786,14:17:39,8.21,--,469,385049,买盘
787,14:17:36,8.21,--,101,82921,买盘
788,14:17:33,8.21,--,63,51723,买盘
789,14:17:30,8.21,0.01,1,821,买盘
790,14:17:27,8.2,--,111,91019,卖盘
791,14:17:24,8.2,--,689,564980,买盘
792,14:17:21,8.2,--,233,191059,买盘
793,14:17:18,8.2,--,141,115619,买盘
794,14:17:15,8.2,--,392,321440,买盘
795,14:17:12,8.2,-0.02,4667,3826939,卖盘
796,14:17:09,8.22,0.01,9,7398,买盘
797,14:17:06,8.21,--,82,67322,卖盘
798,14:17:03,8.21,-0.01,264,216744,卖盘
799,14:17:00,8.22,--,26,21372,买盘
800,14:16:57,8.22,0.01,38,31236,买盘
801,14:16:54,8.21,--,90,73890,卖盘
802,14:16:51,8.21,--,86,70606,买盘
803,14:16:48,8.21,0.01,391,321011,买盘
804,14:16:45,8.2,--,380,311600,卖盘
805,14:16:42,8.2,-0.01,511,419019,卖盘
806,14:16:39,8.21,0.01,67,55007,买盘
807,14:16:36,8.2,-0.01,318,260759,卖盘
808,14:16:33,8.21,--,316,259436,卖盘
809,14:16:30,8.21,--,450,369450,卖盘
810,14:16:27,8.21,--,217,178157,买盘
811,14:16:24,8.21,--,200,164200,买盘
812,14:16:21,8.21,--,121,99341,买盘
813,14:16:18,8.21,--,373,306233,卖盘
814,14:16:15,8.21,0.01,238,195398,买盘
815,14:16:12,8.2,-0.01,120,98399,卖盘
816,14:16:09,8.21,--,62,50902,买盘
817,14:16:06,8.21,0.01,134,110014,买盘
818,14:16:03,8.2,--,820,672399,买盘
819,14:16:00,8.2,-0.01,2205,1808099,卖盘
820,14:15:57,8.21,--,451,370271,买盘
821,14:15:54,8.21,0.01,3707,3043447,买盘
822,14:15:51,8.2,--,437,358339,卖盘
823,14:15:48,8.2,--,149,122179,卖盘
824,14:15:45,8.2,--,144,118079,卖盘
825,14:15:42,8.2,--,374,306680,卖盘
826,14:15:39,8.2,0.01,213,175151,买盘
827,14:15:36,8.19,-0.01,644,527436,卖盘
828,14:15:33,8.2,--,1215,996299,买盘
829,14:15:30,8.2,-0.01,887,727667,卖盘
830,14:15:27,8.21,0.01,33,27093,卖盘
831,14:15:24,8.2,-0.01,1740,1426799,卖盘
832,14:15:21,8.21,--,180,147780,中性盘
833,14:15:18,8.21,-0.01,60,49260,卖盘
834,14:15:15,8.22,--,30,24660,买盘
835,14:15:12,8.22,0.01,2597,2134734,买盘
836,14:15:09,8.21,--,24,20196,卖盘
837,14:15:06,8.21,-0.01,437,358777,卖盘
838,14:15:03,8.22,0.01,145,119190,买盘
839,14:15:00,8.21,--,2467,2025407,卖盘
840,14:14:57,8.21,0.01,631,518051,买盘
841,14:14:54,8.2,--,745,610900,卖盘
842,14:14:51,8.2,-0.01,111,91019,卖盘
843,14:14:48,8.21,0.01,553,454013,买盘
844,14:14:45,8.2,-0.01,1017,833939,卖盘
845,14:14:42,8.21,0.01,426,349746,买盘
846,14:14:39,8.2,-0.01,369,302580,卖盘
847,14:14:36,8.21,--,294,241374,买盘
848,14:14:33,8.21,--,1768,1451528,买盘
849,14:14:30,8.21,--,1154,947434,买盘
850,14:14:27,8.21,0.01,310,254510,买盘
851,14:14:24,8.2,-0.01,216,177119,卖盘
852,14:14:21,8.21,--,1745,1432645,买盘
853,14:14:18,8.21,0.01,182,149422,买盘
854,14:14:15,8.2,-0.01,3590,2943799,卖盘
855,14:14:12,8.21,0.01,516,423636,买盘
856,14:14:09,8.2,--,975,799499,卖盘
857,14:14:06,8.2,-0.01,2304,1889279,卖盘
858,14:14:03,8.21,--,64,52544,买盘
859,14:14:00,8.21,0.01,2551,2094371,买盘
860,14:13:57,8.2,-0.01,2226,1825319,卖盘
861,14:13:54,8.21,--,164,134644,买盘
862,14:13:51,8.21,--,242,198682,买盘
863,14:13:48,8.21,--,201,165021,卖盘
864,14:13:45,8.21,--,2006,1646926,卖盘
865,14:13:42,8.21,-0.01,1535,1260235,卖盘
866,14:13:39,8.22,0.01,324,266328,买盘
867,14:13:36,8.21,-0.01,260,213460,卖盘
868,14:13:33,8.22,--,255,209610,买盘
869,14:13:30,8.22,--,85,69870,买盘
870,14:13:27,8.22,0.01,153,125766,买盘
871,14:13:24,8.21,-0.01,721,591941,卖盘
872,14:13:21,8.22,--,193,158646,买盘
873,14:13:18,8.22,-0.01,443,364236,卖盘
874,14:13:15,8.23,--,1314,1081422,买盘
875,14:13:12,8.23,--,2932,2413036,买盘
876,14:13:09,8.23,--,309,254307,买盘
877,14:13:06,8.23,0.01,31,25513,买盘
878,14:13:03,8.22,-0.01,108,88776,卖盘
879,14:13:00,8.23,--,153,125919,买盘
880,14:12:57,8.23,--,227,186821,买盘
881,14:12:54,8.23,0.01,172,141556,买盘
882,14:12:51,8.22,-0.01,871,715962,卖盘
883,14:12:48,8.23,--,405,333315,买盘
884,14:12:45,8.23,--,75,61725,买盘
885,14:12:42,8.23,--,442,363766,买盘
886,14:12:39,8.23,-0.01,116,95468,中性盘
887,14:12:36,8.24,--,802,661466,买盘
888,14:12:33,8.24,--,3004,2475296,买盘
889,14:12:30,8.24,0.01,240,197760,买盘
890,14:12:27,8.23,--,377,310271,卖盘
891,14:12:24,8.23,--,102,83946,卖盘
892,14:12:21,8.23,--,132,108636,卖盘
893,14:12:18,8.23,-0.01,163,134149,卖盘
894,14:12:15,8.24,--,79,65096,买盘
895,14:12:12,8.24,0.01,69,56856,买盘
896,14:12:09,8.23,--,400,329200,卖盘
897,14:12:06,8.23,-0.01,29,23867,卖盘
898,14:12:03,8.24,--,25,20600,买盘
899,14:12:00,8.24,0.01,90,74160,买盘
900,14:11:57,8.23,--,179,147317,卖盘
901,14:11:54,8.23,-0.01,86,70778,卖盘
902,14:11:51,8.24,0.01,90,74160,卖盘
903,14:11:48,8.23,-0.01,474,390102,卖盘
904,14:11:45,8.24,--,12,9888,买盘
905,14:11:42,8.24,--,61,50264,买盘
906,14:11:39,8.24,--,15,12360,买盘
907,14:11:36,8.24,--,130,107120,买盘
908,14:11:33,8.24,--,258,212592,卖盘
909,14:11:30,8.24,-0.01,93,76632,卖盘
910,14:11:27,8.25,--,7,5775,买盘
911,14:11:24,8.25,--,197,162525,买盘
912,14:11:21,8.25,0.02,1,825,买盘
913,14:11:18,8.23,-0.02,111,91353,卖盘
914,14:11:15,8.25,0.02,102,84150,买盘
915,14:11:12,8.23,-0.01,40,32920,卖盘
916,14:11:09,8.24,--,8,6592,买盘
917,14:11:06,8.24,--,348,286752,买盘
918,14:11:03,8.24,--,67,55208,买盘
919,14:11:00,8.24,--,29,23896,买盘
920,14:10:57,8.24,--,221,182104,买盘
921,14:10:54,8.24,--,16,13184,买盘
922,14:10:51,8.24,--,410,337840,买盘
923,14:10:48,8.24,--,254,209296,买盘
924,14:10:45,8.24,--,206,169744,买盘
925,14:10:42,8.24,--,2047,1686728,卖盘
926,14:10:39,8.24,-0.01,378,311472,卖盘
927,14:10:36,8.25,--,10,8250,买盘
928,14:10:33,8.25,--,176,145200,买盘
929,14:10:30,8.25,--,194,160050,买盘
930,14:10:27,8.25,--,2,1650,买盘
931,14:10:24,8.25,--,131,108075,买盘
932,14:10:21,8.25,--,32,26400,买盘
933,14:10:18,8.25,--,56,46200,买盘
934,14:10:15,8.25,0.01,72,59400,买盘
935,14:10:12,8.24,-0.01,61,50264,卖盘
936,14:10:09,8.25,0.01,693,571725,买盘
937,14:10:06,8.24,--,205,168920,卖盘
938,14:10:03,8.24,-0.01,136,112064,卖盘
939,14:10:00,8.25,0.01,33,27225,买盘
940,14:09:57,8.24,--,219,180456,卖盘
941,14:09:54,8.24,--,485,399640,卖盘
942,14:09:51,8.24,-0.01,261,215064,卖盘
943,14:09:48,8.25,0.01,6,4950,买盘
944,14:09:45,8.24,--,129,106296,卖盘
945,14:09:42,8.24,-0.01,26,21424,卖盘
946,14:09:39,8.25,--,34,28050,买盘
947,14:09:36,8.25,--,37,30525,买盘
948,14:09:33,8.25,--,34,28050,买盘
949,14:09:30,8.25,--,64,52800,买盘
950,14:09:27,8.25,--,175,144375,买盘
951,14:09:24,8.25,--,635,523875,买盘
952,14:09:21,8.25,--,98,80850,买盘
953,14:09:18,8.25,--,15,12375,买盘
954,14:09:15,8.25,0.01,44,36300,买盘
955,14:09:12,8.24,-0.01,800,659200,卖盘
956,14:09:09,8.25,0.01,4,3300,买盘
957,14:09:06,8.24,-0.01,110,90640,卖盘
958,14:09:03,8.25,--,57,47025,买盘
959,14:09:00,8.25,0.01,18,14850,买盘
960,14:08:57,8.24,-0.01,24,19776,卖盘
961,14:08:54,8.25,-0.01,674,556050,卖盘
962,14:08:51,8.26,0.01,65,53690,买盘
963,14:08:48,8.25,-0.01,188,155100,卖盘
964,14:08:45,8.26,0.01,26,21476,买盘
965,14:08:42,8.25,-0.02,310,255750,卖盘
966,14:08:39,8.27,0.01,11,9097,买盘
967,14:08:36,8.26,--,17,14042,卖盘
968,14:08:33,8.26,0.01,62,51212,买盘
969,14:08:30,8.25,-0.01,41,33825,卖盘
970,14:08:27,8.26,--,5,4130,买盘
971,14:08:24,8.26,--,101,83426,买盘
972,14:08:21,8.26,--,35,28910,买盘
973,14:08:18,8.26,--,2,1652,买盘
974,14:08:15,8.26,--,270,223020,买盘
975,14:08:12,8.26,0.01,309,255234,买盘
976,14:08:06,8.25,--,242,199650,卖盘
977,14:08:03,8.25,-0.01,84,69300,卖盘
978,14:08:00,8.26,0.01,20,16520,买盘
979,14:07:57,8.25,--,85,70125,卖盘
980,14:07:54,8.25,--,375,309375,卖盘
981,14:07:51,8.25,--,305,251625,卖盘
982,14:07:48,8.25,-0.01,1035,853875,卖盘
983,14:07:45,8.26,--,46,37996,买盘
984,14:07:42,8.26,0.01,46,37996,买盘
985,14:07:39,8.25,-0.01,203,167475,卖盘
986,14:07:36,8.26,--,1562,1290212,买盘
987,14:07:33,8.26,--,233,192458,买盘
988,14:07:30,8.26,--,80,66080,买盘
989,14:07:27,8.26,--,1723,1423198,买盘
990,14:07:24,8.26,0.01,63,52038,买盘
991,14:07:21,8.25,--,8,6600,卖盘
992,14:07:18,8.25,-0.01,114,94050,卖盘
993,14:07:15,8.26,0.01,92,75992,买盘
994,14:07:12,8.25,-0.01,9,7425,卖盘
995,14:07:09,8.26,--,73,60298,买盘
996,14:07:06,8.26,--,100,82600,买盘
997,14:07:03,8.26,--,285,235410,买盘
998,14:07:00,8.26,0.01,28,23128,买盘
999,14:06:57,8.25,--,382,315150,卖盘
1000,14:06:54,8.25,--,8,6600,卖盘
1001,14:06:51,8.25,--,411,339075,卖盘
1002,14:06:48,8.25,-0.01,13,10725,卖盘
1003,14:06:45,8.26,0.01,169,139594,买盘
1004,14:06:42,8.25,-0.01,314,259050,卖盘
1005,14:06:36,8.26,--,62,51212,买盘
1006,14:06:33,8.26,0.01,161,132986,买盘
1007,14:06:30,8.25,-0.01,17,14025,卖盘
1008,14:06:27,8.26,--,39,32214,买盘
1009,14:06:24,8.26,--,6,4956,买盘
1010,14:06:21,8.26,--,138,113988,买盘
1011,14:06:18,8.26,--,80,66080,买盘
1012,14:06:15,8.26,--,52,42952,买盘
1013,14:06:12,8.26,--,24,19824,买盘
1014,14:06:09,8.26,--,19,15694,买盘
1015,14:06:06,8.26,--,253,209556,卖盘
1016,14:06:03,8.26,--,935,772310,卖盘
1017,14:06:00,8.26,--,77,63602,卖盘
1018,14:05:57,8.26,-0.01,365,301490,卖盘
1019,14:05:54,8.27,--,1,827,买盘
1020,14:05:51,8.27,0.01,55,45485,买盘
1021,14:05:48,8.26,-0.01,225,185850,卖盘
1022,14:05:45,8.27,--,16,13232,买盘
1023,14:05:42,8.27,0.01,59,48793,买盘
1024,14:05:39,8.26,--,85,70210,卖盘
1025,14:05:36,8.26,-0.01,272,224672,卖盘
1026,14:05:33,8.27,0.01,109,90143,买盘
1027,14:05:30,8.26,-0.01,154,127204,卖盘
1028,14:05:27,8.27,--,73,60371,买盘
1029,14:05:24,8.27,0.01,409,338243,买盘
1030,14:05:21,8.26,-0.01,188,155288,卖盘
1031,14:05:18,8.27,--,21,17367,买盘
1032,14:05:15,8.27,--,93,76911,买盘
1033,14:05:09,8.27,--,10,8270,买盘
1034,14:05:06,8.27,--,31,25637,买盘
1035,14:05:03,8.27,--,78,64506,买盘
1036,14:05:00,8.27,--,367,303509,买盘
1037,14:04:57,8.27,--,121,100067,买盘
1038,14:04:54,8.27,--,16,13232,买盘
1039,14:04:51,8.27,--,19,15713,买盘
1040,14:04:48,8.27,--,32,26464,买盘
1041,14:04:45,8.27,--,38,31426,买盘
1042,14:04:42,8.27,--,20,16540,买盘
1043,14:04:39,8.27,--,6,4962,买盘
1044,14:04:36,8.27,--,22,18194,买盘
1045,14:04:33,8.27,--,280,231560,买盘
1046,14:04:30,8.27,--,10,8270,买盘
1047,14:04:27,8.27,--,68,56236,买盘
1048,14:04:24,8.27,0.01,2,1654,买盘
1049,14:04:21,8.26,-0.01,44,36344,卖盘
1050,14:04:18,8.27,0.01,47,38869,买盘
1051,14:04:15,8.26,--,6,4956,卖盘
1052,14:04:12,8.26,-0.01,55,45430,卖盘
1053,14:04:09,8.27,0.01,25,20675,买盘
1054,14:04:06,8.26,-0.01,9,7434,卖盘
1055,14:04:03,8.27,--,52,43004,买盘
1056,14:04:00,8.27,-0.01,31,25637,卖盘
1057,14:03:57,8.28,0.01,177,146556,买盘
1058,14:03:54,8.27,--,38,31426,买盘
1059,14:03:51,8.27,--,15,12405,买盘
1060,14:03:48,8.27,0.01,504,416808,买盘
1061,14:03:45,8.26,-0.01,150,123900,卖盘
1062,14:03:42,8.27,0.01,120,99240,买盘
1063,14:03:39,8.26,--,21,17346,卖盘
1064,14:03:36,8.26,-0.01,62,51212,卖盘
1065,14:03:33,8.27,--,1526,1262002,买盘
1066,14:03:30,8.27,--,53,43831,买盘
1067,14:03:27,8.27,0.01,68,56236,买盘
1068,14:03:24,8.26,-0.01,273,225498,卖盘
1069,14:03:21,8.27,--,182,150514,买盘
1070,14:03:18,8.27,--,43,35561,买盘
1071,14:03:15,8.27,--,154,127358,买盘
1072,14:03:12,8.27,--,2,1654,买盘
1073,14:03:09,8.27,--,181,149687,买盘
1074,14:03:06,8.27,--,995,822865,买盘
1075,14:03:03,8.27,--,100,82700,卖盘
1076,14:03:00,8.27,-0.01,15,12405,中性盘
1077,14:02:57,8.28,0.02,67,55475,买盘
1078,14:02:54,8.26,-0.01,5,4130,卖盘
1079,14:02:51,8.27,0.01,21,17367,买盘
1080,14:02:48,8.26,-0.02,39,32214,卖盘
1081,14:02:45,8.28,0.02,1,827,买盘
1082,14:02:42,8.26,-0.02,259,213934,卖盘
1083,14:02:39,8.28,0.02,4,3311,买盘
1084,14:02:36,8.26,-0.02,11,9086,卖盘
1085,14:02:33,8.28,0.02,11,9108,买盘
1086,14:02:30,8.26,-0.02,35,28910,卖盘
1087,14:02:27,8.28,0.01,50,41400,买盘
1088,14:02:21,8.27,0.01,33,27291,中性盘
1089,14:02:18,8.26,-0.01,163,134638,卖盘
1090,14:02:15,8.27,--,75,62025,买盘
1091,14:02:12,8.27,0.01,114,94278,买盘
1092,14:02:09,8.26,-0.01,48,39648,卖盘
1093,14:02:06,8.27,--,449,371323,买盘
1094,14:02:03,8.27,--,374,309298,买盘
1095,14:02:00,8.27,0.01,152,125704,买盘
1096,14:01:57,8.26,-0.01,139,114814,卖盘
1097,14:01:54,8.27,0.01,43,35561,买盘
1098,14:01:51,8.26,-0.01,81,66906,卖盘
1099,14:01:48,8.27,--,31,25637,买盘
1100,14:01:45,8.27,--,195,161265,买盘
1101,14:01:42,8.27,--,91,75257,买盘
1102,14:01:36,8.27,--,57,47139,买盘
1103,14:01:33,8.27,0.01,95,78565,买盘
1104,14:01:30,8.26,-0.01,60,49560,卖盘
1105,14:01:27,8.27,--,152,125704,买盘
1106,14:01:24,8.27,--,167,138109,买盘
1107,14:01:21,8.27,--,130,107510,买盘
1108,14:01:18,8.27,--,71,58717,买盘
1109,14:01:15,8.27,--,60,49620,买盘
1110,14:01:12,8.27,--,7,5789,买盘
1111,14:01:09,8.27,--,3,2481,买盘
1112,14:01:06,8.27,-0.01,211,174497,卖盘
1113,14:01:03,8.28,--,56,46368,买盘
1114,14:01:00,8.28,--,72,59615,买盘
1115,14:00:57,8.28,--,87,72036,买盘
1116,14:00:51,8.28,--,1,827,买盘
1117,14:00:48,8.28,0.02,178,147384,买盘
1118,14:00:45,8.26,-0.02,92,75992,卖盘
1119,14:00:42,8.28,--,15,12419,买盘
1120,14:00:39,8.28,0.01,100,83048,买盘
1121,14:00:36,8.27,--,198,163746,买盘
1122,14:00:33,8.27,--,34,28118,买盘
1123,14:00:30,8.27,0.01,15,12405,买盘
1124,14:00:27,8.26,-0.01,70,57820,卖盘
1125,14:00:24,8.27,--,28,23156,买盘
1126,14:00:21,8.27,0.01,76,62852,买盘
1127,14:00:18,8.26,-0.01,34,28084,卖盘
1128,14:00:15,8.27,0.01,75,62025,买盘
1129,14:00:12,8.26,--,38,31388,卖盘
1130,14:00:09,8.26,--,387,319662,卖盘
1131,14:00:06,8.26,-0.01,104,85904,卖盘
1132,14:00:03,8.27,--,53,43831,买盘
1133,14:00:00,8.27,0.01,280,231560,买盘
1134,13:59:57,8.26,-0.01,179,147854,卖盘
1135,13:59:54,8.27,--,12,9924,买盘
1136,13:59:51,8.27,0.01,9,7443,买盘
1137,13:59:48,8.26,--,8,6608,卖盘
1138,13:59:45,8.26,--,75,61950,卖盘
1139,13:59:42,8.26,--,104,85904,卖盘
1140,13:59:39,8.26,--,10,8260,卖盘
1141,13:59:36,8.26,-0.01,3,2478,卖盘
1142,13:59:33,8.27,0.01,4,3308,买盘
1143,13:59:30,8.26,--,74,61124,卖盘
1144,13:59:27,8.26,-0.01,585,483210,卖盘
1145,13:59:24,8.27,--,20,16540,买盘
1146,13:59:21,8.27,--,10,8270,买盘
1147,13:59:18,8.27,--,14,11578,买盘
1148,13:59:15,8.27,0.01,4,3308,买盘
1149,13:59:12,8.26,-0.01,155,128030,卖盘
1150,13:59:09,8.27,0.01,428,353956,买盘
1151,13:59:06,8.26,--,4,3304,卖盘
1152,13:59:03,8.26,--,69,56994,卖盘
1153,13:59:00,8.26,--,65,53690,卖盘
1154,13:58:57,8.26,--,149,123074,卖盘
1155,13:58:51,8.26,--,75,61950,卖盘
1156,13:58:48,8.26,--,72,59472,卖盘
1157,13:58:42,8.26,--,301,248626,买盘
1158,13:58:39,8.26,--,26,21476,买盘
1159,13:58:36,8.26,--,88,72688,买盘
1160,13:58:33,8.26,--,93,76818,买盘
1161,13:58:30,8.26,--,42,34692,买盘
1162,13:58:27,8.26,--,35,28910,买盘
1163,13:58:24,8.26,--,132,109032,买盘
1164,13:58:21,8.26,0.01,32,26432,买盘
1165,13:58:18,8.25,-0.01,18,14850,卖盘
1166,13:58:15,8.26,--,103,85078,买盘
1167,13:58:12,8.26,--,401,331226,卖盘
1168,13:58:09,8.26,--,7,5782,卖盘
1169,13:58:06,8.26,0.01,96,79296,中性盘
1170,13:58:03,8.25,-0.01,679,560175,卖盘
1171,13:58:00,8.26,--,88,72688,卖盘
1172,13:57:57,8.26,--,540,446040,买盘
1173,13:57:54,8.26,--,6,4956,买盘
1174,13:57:51,8.26,--,119,98294,买盘
1175,13:57:48,8.26,--,168,138768,买盘
1176,13:57:45,8.26,--,166,137116,买盘
1177,13:57:42,8.26,--,18,14868,买盘
1178,13:57:39,8.26,--,83,68558,买盘
1179,13:57:36,8.26,--,56,46256,买盘
1180,13:57:33,8.26,--,4,3304,买盘
1181,13:57:30,8.26,--,50,41300,买盘
1182,13:57:27,8.26,--,116,95816,买盘
1183,13:57:24,8.26,0.01,121,99946,买盘
1184,13:57:21,8.25,-0.01,10,8250,卖盘
1185,13:57:18,8.26,0.01,10,8260,买盘
1186,13:57:15,8.25,-0.01,435,358875,卖盘
1187,13:57:12,8.26,0.01,466,384916,买盘
1188,13:57:09,8.25,-0.01,103,84975,卖盘
1189,13:57:06,8.26,0.01,24,19824,买盘
1190,13:57:03,8.25,-0.01,34,28050,卖盘
1191,13:57:00,8.26,--,35,28910,买盘
1192,13:56:57,8.26,-0.01,64,52864,卖盘
1193,13:56:54,8.27,0.01,141,116607,买盘
1194,13:56:51,8.26,0.01,53,43778,卖盘
1195,13:56:48,8.25,--,62,51150,卖盘
1196,13:56:45,8.25,-0.02,20,16500,卖盘
1197,13:56:42,8.27,0.02,97,80219,买盘
1198,13:56:39,8.25,-0.01,61,50325,卖盘
1199,13:56:36,8.26,--,117,96642,买盘
1200,13:56:33,8.26,--,4,3304,买盘
1201,13:56:30,8.26,--,21,17346,买盘
1202,13:56:27,8.26,0.01,115,94990,中性盘
1203,13:56:24,8.25,-0.02,52,42900,卖盘
1204,13:56:21,8.27,--,223,184421,买盘
1205,13:56:18,8.27,--,5,4135,买盘
1206,13:56:15,8.27,--,56,46642,卖盘
1207,13:56:12,8.27,--,62,51274,卖盘
1208,13:56:09,8.27,--,50,41350,卖盘
1209,13:56:06,8.27,0.01,148,122892,买盘
1210,13:56:03,8.26,-0.01,298,246478,卖盘
1211,13:56:00,8.27,0.01,148,122396,买盘
1212,13:55:57,8.26,-0.01,2113,1745338,卖盘
1213,13:55:54,8.27,--,5,4135,买盘
1214,13:55:51,8.27,--,21,17367,买盘
1215,13:55:48,8.27,--,98,81046,买盘
1216,13:55:45,8.27,--,112,92624,买盘
1217,13:55:42,8.27,--,105,86835,买盘
1218,13:55:39,8.27,--,3,2481,买盘
1219,13:55:36,8.27,--,3,2481,买盘
1220,13:55:33,8.27,--,22,18194,买盘
1221,13:55:30,8.27,--,9,7443,买盘
1222,13:55:27,8.27,--,6,4962,买盘
1223,13:55:24,8.27,0.01,35,28945,买盘
1224,13:55:21,8.26,-0.01,64,52864,卖盘
1225,13:55:18,8.27,-0.01,11,9097,卖盘
1226,13:55:15,8.28,--,45,37260,买盘
1227,13:55:12,8.28,0.01,77,63755,买盘
1228,13:55:09,8.27,0.01,90,74430,买盘
1229,13:55:06,8.26,-0.01,85,70210,卖盘
1230,13:55:03,8.27,-0.01,42,34882,卖盘
1231,13:55:00,8.28,0.01,7,5796,买盘
1232,13:54:57,8.27,-0.01,535,442445,卖盘
1233,13:54:54,8.28,--,5,4140,买盘
1234,13:54:51,8.28,0.01,51,42228,买盘
1235,13:54:48,8.27,-0.01,97,80219,卖盘
1236,13:54:45,8.28,--,48,39744,买盘
1237,13:54:42,8.28,0.01,124,102671,买盘
1238,13:54:39,8.27,-0.01,20,16540,卖盘
1239,13:54:36,8.28,--,23,19044,买盘
1240,13:54:33,8.28,0.01,298,246743,买盘
1241,13:54:30,8.27,-0.01,12,9924,卖盘
1242,13:54:27,8.28,0.01,1,827,买盘
1243,13:54:24,8.27,-0.01,165,136455,卖盘
1244,13:54:21,8.28,--,6,4968,买盘
1245,13:54:18,8.28,--,424,351072,买盘
1246,13:54:15,8.28,0.01,1,827,买盘
1247,13:54:12,8.27,-0.01,240,198480,卖盘
1248,13:54:09,8.28,0.01,11,9108,买盘
1249,13:54:06,8.27,--,5,4135,卖盘
1250,13:54:03,8.27,--,4,3308,卖盘
1251,13:54:00,8.27,--,135,111645,卖盘
1252,13:53:57,8.27,0.01,632,523342,买盘
1253,13:53:54,8.26,-0.01,179,147854,卖盘
1254,13:53:48,8.27,--,1,827,买盘
1255,13:53:45,8.27,--,12,9924,买盘
1256,13:53:42,8.27,--,150,124050,买盘
1257,13:53:39,8.27,--,32,26464,买盘
1258,13:53:36,8.27,--,2,1654,买盘
1259,13:53:33,8.27,--,197,162919,买盘
1260,13:53:30,8.27,--,18,14886,买盘
1261,13:53:27,8.27,--,85,70295,买盘
1262,13:53:24,8.27,0.01,64,52928,买盘
1263,13:53:21,8.26,-0.01,383,316358,卖盘
1264,13:53:18,8.27,--,35,28945,买盘
1265,13:53:15,8.27,--,17,14059,买盘
1266,13:53:12,8.27,--,84,69468,买盘
1267,13:53:09,8.27,0.01,251,207577,买盘
1268,13:53:06,8.26,-0.01,31,25606,卖盘
1269,13:53:03,8.27,--,78,64506,买盘
1270,13:53:00,8.27,--,39,32253,买盘
1271,13:52:57,8.27,--,2,1654,买盘
1272,13:52:54,8.27,--,29,23983,买盘
1273,13:52:51,8.27,--,5,4135,买盘
1274,13:52:48,8.27,--,133,109991,买盘
1275,13:52:42,8.27,--,1298,1073594,卖盘
1276,13:52:39,8.27,--,320,264640,卖盘
1277,13:52:36,8.27,-0.01,190,157130,卖盘
1278,13:52:33,8.28,--,599,495971,买盘
1279,13:52:30,8.28,--,96,79488,买盘
1280,13:52:27,8.28,--,57,47195,买盘
1281,13:52:24,8.28,0.01,557,461195,买盘
1282,13:52:21,8.27,-0.01,64,52928,卖盘
1283,13:52:18,8.28,--,73,60443,买盘
1284,13:52:15,8.28,--,167,138276,买盘
1285,13:52:12,8.28,0.01,20,16560,买盘
1286,13:52:09,8.27,-0.01,60,49620,卖盘
1287,13:52:06,8.28,--,57,47195,买盘
1288,13:52:03,8.28,--,102,84456,买盘
1289,13:52:00,8.28,--,115,95219,买盘
1290,13:51:57,8.28,--,41,33948,买盘
1291,13:51:54,8.28,--,10,8280,买盘
1292,13:51:51,8.28,--,65,53819,买盘
1293,13:51:48,8.28,--,60,49679,买盘
1294,13:51:45,8.28,--,21,17388,买盘
1295,13:51:42,8.28,--,890,736920,卖盘
1296,13:51:39,8.28,-0.01,193,159804,卖盘
1297,13:51:36,8.29,0.01,156,129323,买盘
1298,13:51:33,8.28,--,398,329544,卖盘
1299,13:51:30,8.28,--,204,168912,卖盘
1300,13:51:24,8.28,-0.01,358,296424,卖盘
1301,13:51:21,8.29,0.01,10,8290,买盘
1302,13:51:18,8.28,-0.01,63,52163,卖盘
1303,13:51:15,8.29,--,37,30672,买盘
1304,13:51:12,8.29,--,163,135127,买盘
1305,13:51:09,8.29,--,74,61345,买盘
1306,13:51:06,8.29,--,30,24869,买盘
1307,13:51:03,8.29,--,5,4145,买盘
1308,13:51:00,8.29,-0.01,125,103624,卖盘
1309,13:50:57,8.3,0.01,16,13280,买盘
1310,13:50:54,8.29,--,52,43107,卖盘
1311,13:50:51,8.29,-0.01,10,8290,卖盘
1312,13:50:48,8.3,0.01,2,1660,买盘
1313,13:50:45,8.29,-0.01,2,1657,买盘
1314,13:50:42,8.3,0.03,190,157700,买盘
1315,13:50:36,8.27,-0.01,70,57890,卖盘
1316,13:50:33,8.28,--,136,112856,买盘
1317,13:50:30,8.28,--,49,40572,买盘
1318,13:50:27,8.28,--,208,172803,卖盘
1319,13:50:24,8.28,-0.01,5,4140,卖盘
1320,13:50:21,8.29,-0.01,216,179063,卖盘
1321,13:50:18,8.3,0.01,114,94620,买盘
1322,13:50:15,8.29,-0.01,302,250357,卖盘
1323,13:50:12,8.3,0.02,48,39840,买盘
1324,13:50:09,8.28,--,388,321264,卖盘
1325,13:50:06,8.28,-0.01,2,1655,卖盘
1326,13:50:03,8.29,--,2,1657,买盘
1327,13:50:00,8.29,-0.01,207,171602,卖盘
1328,13:49:57,8.3,--,3,2490,买盘
1329,13:49:54,8.3,0.01,54,44820,买盘
1330,13:49:51,8.29,--,137,113821,卖盘
1331,13:49:48,8.29,--,951,788378,买盘
1332,13:49:45,8.29,0.02,1,828,买盘
1333,13:49:42,8.27,-0.02,271,224117,卖盘
1334,13:49:39,8.29,0.01,3,2486,买盘
1335,13:49:36,8.28,--,36,29807,买盘
1336,13:49:33,8.28,--,54,44712,买盘
1337,13:49:30,8.28,--,250,206999,卖盘
1338,13:49:27,8.28,--,357,295596,卖盘
1339,13:49:21,8.28,--,303,250883,卖盘
1340,13:49:18,8.28,-0.01,5,4140,卖盘
1341,13:49:15,8.29,--,18,14921,买盘
1342,13:49:12,8.29,--,4,3315,买盘
1343,13:49:09,8.29,--,54,44765,买盘
1344,13:49:06,8.29,--,11,9118,买盘
1345,13:49:03,8.29,--,303,251186,买盘
1346,13:49:00,8.29,--,25,20724,买盘
1347,13:48:57,8.29,--,102,84557,买盘
1348,13:48:54,8.29,--,59,48910,买盘
1349,13:48:51,8.29,--,16,13263,买盘
1350,13:48:48,8.29,--,8,6631,买盘
1351,13:48:45,8.29,--,3,2486,买盘
1352,13:48:42,8.29,--,83,68807,买盘
1353,13:48:39,8.29,0.01,84,69636,买盘
1354,13:48:36,8.28,-0.01,1170,968759,卖盘
1355,13:48:33,8.29,--,92,76267,买盘
1356,13:48:30,8.29,--,391,324138,买盘
1357,13:48:24,8.29,--,7,5802,买盘
1358,13:48:21,8.29,--,115,95334,买盘
1359,13:48:18,8.29,--,131,108598,买盘
1360,13:48:15,8.29,--,61,50568,买盘
1361,13:48:12,8.29,0.01,214,177405,买盘
1362,13:48:09,8.28,-0.01,165,136620,卖盘
1363,13:48:06,8.29,--,53,43936,买盘
1364,13:48:03,8.29,--,37,30672,买盘
1365,13:48:00,8.29,--,129,106940,买盘
1366,13:47:57,8.29,--,15,12434,买盘
1367,13:47:54,8.29,0.01,59,48910,买盘
1368,13:47:51,8.28,--,49,40572,卖盘
1369,13:47:48,8.28,-0.01,91,75348,卖盘
1370,13:47:45,8.29,--,37,30672,买盘
1371,13:47:42,8.29,--,14,11605,买盘
1372,13:47:39,8.29,--,160,132640,买盘
1373,13:47:36,8.29,--,43,35646,买盘
1374,13:47:30,8.29,--,402,333257,买盘
1375,13:47:27,8.29,--,100,82899,买盘
1376,13:47:24,8.29,--,21,17409,买盘
1377,13:47:21,8.29,--,70,58029,买盘
1378,13:47:18,8.29,0.01,136,112743,买盘
1379,13:47:15,8.28,-0.01,5,4140,卖盘
1380,13:47:12,8.29,--,59,48910,买盘
1381,13:47:09,8.29,0.01,118,97821,买盘
1382,13:47:06,8.28,-0.01,66,54647,卖盘
1383,13:47:03,8.29,--,434,359785,买盘
1384,13:47:00,8.29,0.01,77,63832,买盘
1385,13:46:57,8.28,-0.01,34,28151,卖盘
1386,13:46:54,8.29,0.01,7,5802,买盘
1387,13:46:51,8.28,-0.01,14,11592,卖盘
1388,13:46:48,8.29,0.01,89,73780,买盘
1389,13:46:45,8.28,-0.01,126,104327,卖盘
1390,13:46:42,8.29,--,117,96992,买盘
1391,13:46:39,8.29,--,70,58029,买盘
1392,13:46:36,8.29,0.01,15,12434,买盘
1393,13:46:33,8.28,-0.01,357,295596,卖盘
1394,13:46:30,8.29,--,8,6631,买盘
1395,13:46:27,8.29,--,13,10776,买盘
1396,13:46:24,8.29,0.01,77,63832,买盘
1397,13:46:21,8.28,--,116,96047,卖盘
1398,13:46:18,8.28,-0.01,196,162288,卖盘
1399,13:46:15,8.29,--,1,828,买盘
1400,13:46:12,8.29,--,96,79583,买盘
1401,13:46:09,8.29,--,81,67149,买盘
1402,13:46:06,8.29,--,31,25698,买盘
1403,13:46:03,8.29,0.01,36,29843,买盘
1404,13:46:00,8.28,-0.01,11,9108,卖盘
1405,13:45:57,8.29,--,51,42278,买盘
1406,13:45:54,8.29,0.01,17,14092,买盘
1407,13:45:51,8.28,--,70,57959,卖盘
1408,13:45:48,8.28,-0.01,461,381707,卖盘
1409,13:45:45,8.29,--,271,224658,买盘
1410,13:45:42,8.29,--,39,32330,买盘
1411,13:45:39,8.29,0.01,123,101966,买盘
1412,13:45:36,8.28,--,82,67896,卖盘
1413,13:45:33,8.28,-0.01,467,386675,卖盘
1414,13:45:30,8.29,0.01,5,4145,买盘
1415,13:45:27,8.28,-0.01,66,54647,卖盘
1416,13:45:24,8.29,--,34,28185,买盘
1417,13:45:21,8.29,--,136,112743,买盘
1418,13:45:18,8.29,--,27,22382,买盘
1419,13:45:15,8.29,--,35,29014,买盘
1420,13:45:12,8.29,0.01,648,537192,买盘
1421,13:45:09,8.28,-0.01,1050,869399,卖盘
1422,13:45:06,8.29,--,15,12434,买盘
1423,13:45:03,8.29,--,107,88702,买盘
1424,13:45:00,8.29,--,144,119375,买盘
1425,13:44:57,8.29,--,43,35646,买盘
1426,13:44:54,8.29,--,38,31501,买盘
1427,13:44:51,8.29,--,51,42278,买盘
1428,13:44:48,8.29,--,1,828,买盘
1429,13:44:45,8.29,--,21,17409,买盘
1430,13:44:42,8.29,--,101,83728,买盘
1431,13:44:39,8.29,0.01,122,101137,买盘
1432,13:44:36,8.28,-0.01,415,343620,卖盘
1433,13:44:33,8.29,0.01,219,181550,买盘
1434,13:44:30,8.28,-0.01,55,45540,卖盘
1435,13:44:27,8.29,0.01,56,46423,买盘
1436,13:44:24,8.28,-0.01,9,7451,卖盘
1437,13:44:21,8.29,0.01,10,8290,买盘
1438,13:44:18,8.28,-0.01,13,10764,卖盘
1439,13:44:12,8.29,0.01,138,114401,买盘
1440,13:44:09,8.28,-0.01,47,38916,卖盘
1441,13:44:06,8.29,--,1,828,买盘
1442,13:44:03,8.29,0.01,4,3315,买盘
1443,13:44:00,8.28,--,2,1655,卖盘
1444,13:43:57,8.28,--,6,4968,买盘
1445,13:43:54,8.28,-0.01,6,4968,卖盘
1446,13:43:51,8.29,0.01,106,87873,买盘
1447,13:43:48,8.28,--,291,240947,买盘
1448,13:43:45,8.28,--,266,220247,买盘
1449,13:43:42,8.28,--,47,38916,买盘
1450,13:43:39,8.28,--,368,304704,买盘
1451,13:43:36,8.28,--,132,109295,买盘
1452,13:43:33,8.28,0.01,62,51335,买盘
1453,13:43:30,8.27,-0.01,58,47966,卖盘
1454,13:43:27,8.28,--,87,72036,买盘
1455,13:43:24,8.28,--,74,61271,买盘
1456,13:43:21,8.28,-0.01,1310,1084680,卖盘
1457,13:43:18,8.29,0.01,12,9947,买盘
1458,13:43:15,8.28,-0.01,342,283176,卖盘
1459,13:43:12,8.29,0.01,1,828,买盘
1460,13:43:09,8.28,-0.01,88,72864,卖盘
1461,13:43:06,8.29,--,1,828,买盘
1462,13:43:03,8.29,--,2,1657,买盘
1463,13:43:00,8.29,0.01,30,24869,买盘
1464,13:42:57,8.28,--,171,141588,买盘
1465,13:42:54,8.28,--,14,11592,买盘
1466,13:42:48,8.28,--,10,8280,买盘
1467,13:42:45,8.28,--,16,13247,买盘
1468,13:42:42,8.28,--,149,123371,买盘
1469,13:42:39,8.28,0.01,444,367632,买盘
1470,13:42:36,8.27,-0.01,35,28945,卖盘
1471,13:42:33,8.28,--,63,52163,买盘
1472,13:42:30,8.28,0.01,76,62927,买盘
1473,13:42:27,8.27,-0.01,153,126531,卖盘
1474,13:42:24,8.28,--,1,827,买盘
1475,13:42:21,8.28,--,55,45540,买盘
1476,13:42:18,8.28,--,22,18216,买盘
1477,13:42:15,8.28,0.01,1,827,买盘
1478,13:42:12,8.27,-0.01,419,346513,卖盘
1479,13:42:09,8.28,--,88,72864,买盘
1480,13:42:06,8.28,--,114,94391,买盘
1481,13:42:03,8.28,0.01,2,1655,买盘
1482,13:42:00,8.27,-0.01,59,48793,卖盘
1483,13:41:57,8.28,--,137,113435,买盘
1484,13:41:54,8.28,--,39,32291,买盘
1485,13:41:51,8.28,--,2,1655,买盘
1486,13:41:48,8.28,--,44,36432,买盘
1487,13:41:45,8.28,0.01,30,25270,买盘
1488,13:41:42,8.27,-0.01,358,296462,卖盘
1489,13:41:39,8.28,--,66,54647,买盘
1490,13:41:36,8.28,--,164,135792,买盘
1491,13:41:33,8.28,0.01,707,585396,买盘
1492,13:41:30,8.27,--,76,62852,卖盘
1493,13:41:27,8.27,-0.01,13,10751,卖盘
1494,13:41:24,8.28,--,338,279963,买盘
1495,13:41:21,8.28,--,11,9108,买盘
1496,13:41:18,8.28,--,70,57959,买盘
1497,13:41:15,8.28,0.01,1,827,买盘
1498,13:41:12,8.27,-0.01,66,54582,卖盘
1499,13:41:09,8.28,--,57,47195,买盘
1500,13:41:06,8.28,--,146,120887,买盘
1501,13:41:03,8.28,--,27,22356,买盘
1502,13:41:00,8.28,0.01,96,79488,买盘
1503,13:40:57,8.27,-0.01,150,124050,卖盘
1504,13:40:54,8.28,--,31,25667,买盘
1505,13:40:51,8.28,--,288,238463,买盘
1506,13:40:48,8.28,0.01,153,126683,买盘
1507,13:40:45,8.27,--,189,156303,卖盘
1508,13:40:42,8.27,--,337,278699,卖盘
1509,13:40:39,8.27,--,156,129342,卖盘
1510,13:40:36,8.27,-0.01,26,21502,卖盘
1511,13:40:33,8.28,--,184,152352,买盘
1512,13:40:30,8.28,--,27,22356,买盘
1513,13:40:27,8.28,-0.01,113,93564,卖盘
1514,13:40:24,8.29,--,57,47252,买盘
1515,13:40:21,8.29,0.01,6,4973,买盘
1516,13:40:18,8.28,--,70,57959,卖盘
1517,13:40:15,8.28,--,40,33120,卖盘
1518,13:40:12,8.28,0.01,15,12419,卖盘
1519,13:40:09,8.27,-0.01,109,90143,卖盘
1520,13:40:06,8.28,--,60,49679,买盘
1521,13:40:03,8.28,--,179,148212,买盘
1522,13:40:00,8.28,--,293,242603,买盘
1523,13:39:57,8.28,--,147,121715,买盘
1524,13:39:54,8.28,--,18,14903,买盘
1525,13:39:51,8.28,0.01,11,9108,买盘
1526,13:39:48,8.27,--,58,47966,卖盘
1527,13:39:45,8.27,-0.01,441,364707,卖盘
1528,13:39:39,8.28,0.01,49,40572,买盘
1529,13:39:36,8.27,-0.01,44,36388,卖盘
1530,13:39:33,8.28,--,23,19044,买盘
1531,13:39:30,8.28,--,63,52163,买盘
1532,13:39:27,8.28,0.01,72,59615,买盘
1533,13:39:24,8.27,-0.01,33,27291,卖盘
1534,13:39:21,8.28,--,643,532404,买盘
1535,13:39:18,8.28,--,300,248399,买盘
1536,13:39:15,8.28,--,46,38088,买盘
1537,13:39:12,8.28,0.01,149,123371,买盘
1538,13:39:09,8.27,--,136,112472,卖盘
1539,13:39:06,8.27,-0.01,16,13232,卖盘
1540,13:39:03,8.28,--,23,19044,买盘
1541,13:39:00,8.28,0.01,2,1655,买盘
1542,13:38:57,8.27,--,43,35561,卖盘
1543,13:38:54,8.27,--,293,242311,买盘
1544,13:38:51,8.27,--,69,57063,买盘
1545,13:38:48,8.27,--,83,68641,卖盘
1546,13:38:45,8.27,--,71,58717,卖盘
1547,13:38:42,8.27,--,66,55078,买盘
1548,13:38:39,8.27,--,38,31426,买盘
1549,13:38:36,8.27,0.01,30,24810,买盘
1550,13:38:33,8.26,--,143,118118,卖盘
1551,13:38:30,8.26,-0.01,3,2478,卖盘
1552,13:38:27,8.27,--,5,4135,买盘
1553,13:38:24,8.27,--,79,65333,买盘
1554,13:38:21,8.27,--,56,46312,买盘
1555,13:38:18,8.27,--,26,21502,买盘
1556,13:38:15,8.27,--,17,14059,买盘
1557,13:38:12,8.27,0.01,118,97586,买盘
1558,13:38:09,8.26,--,20,16520,卖盘
1559,13:38:06,8.26,--,111,91686,卖盘
1560,13:38:03,8.26,-0.01,54,44604,卖盘
1561,13:38:00,8.27,0.01,311,257197,买盘
1562,13:37:57,8.26,--,40,33040,卖盘
1563,13:37:54,8.26,--,42,34692,卖盘
1564,13:37:51,8.26,--,53,43778,卖盘
1565,13:37:48,8.26,-0.01,417,344442,卖盘
1566,13:37:45,8.27,0.01,9,7443,买盘
1567,13:37:42,8.26,--,163,134638,卖盘
1568,13:37:39,8.26,-0.01,155,128030,卖盘
1569,13:37:36,8.27,--,43,35561,买盘
1570,13:37:33,8.27,--,4,3308,买盘
1571,13:37:30,8.27,--,50,41350,买盘
1572,13:37:24,8.27,--,29,23983,买盘
1573,13:37:21,8.27,0.01,24,19848,买盘
1574,13:37:18,8.26,--,1,826,卖盘
1575,13:37:15,8.26,-0.01,50,41300,卖盘
1576,13:37:12,8.27,--,73,60371,买盘
1577,13:37:09,8.27,0.01,62,51274,买盘
1578,13:37:06,8.26,--,82,67732,卖盘
1579,13:37:03,8.26,--,49,40474,卖盘
1580,13:37:00,8.26,0.01,510,421260,买盘
1581,13:36:57,8.25,-0.01,291,240075,卖盘
1582,13:36:54,8.26,--,6,4956,买盘
1583,13:36:51,8.26,--,399,329574,买盘
1584,13:36:48,8.26,0.01,30,24780,买盘
1585,13:36:45,8.25,-0.01,2,1650,卖盘
1586,13:36:42,8.26,0.01,65,53690,买盘
1587,13:36:39,8.25,-0.01,44,36300,卖盘
1588,13:36:36,8.26,--,61,50386,买盘
1589,13:36:33,8.26,--,36,29736,买盘
1590,13:36:30,8.26,--,193,159418,买盘
1591,13:36:27,8.26,--,10,8260,买盘
1592,13:36:24,8.26,--,24,19824,买盘
1593,13:36:21,8.26,0.01,331,273406,买盘
1594,13:36:18,8.25,-0.01,8,6600,卖盘
1595,13:36:15,8.26,0.01,94,77644,买盘
1596,13:36:12,8.25,-0.01,27,22275,卖盘
1597,13:36:09,8.26,0.01,48,39648,买盘
1598,13:36:06,8.25,--,57,47025,卖盘
1599,13:36:03,8.25,-0.01,30,24750,卖盘
1600,13:36:00,8.26,0.01,465,384090,买盘
1601,13:35:57,8.25,-0.02,28,23100,卖盘
1602,13:35:54,8.27,--,318,262986,买盘
1603,13:35:51,8.27,0.01,207,171189,买盘
1604,13:35:48,8.26,--,81,66906,买盘
1605,13:35:45,8.26,--,27,22302,买盘
1606,13:35:42,8.26,0.01,56,46256,买盘
1607,13:35:39,8.25,-0.01,92,75900,卖盘
1608,13:35:36,8.26,--,203,167678,买盘
1609,13:35:33,8.26,0.01,53,43778,买盘
1610,13:35:30,8.25,-0.02,163,134475,卖盘
1611,13:35:27,8.27,0.01,55,45485,买盘
1612,13:35:24,8.26,--,152,125552,买盘
1613,13:35:21,8.26,--,192,158592,卖盘
1614,13:35:18,8.26,--,65,53690,卖盘
1615,13:35:15,8.26,-0.01,4,3304,卖盘
1616,13:35:12,8.27,--,557,460639,买盘
1617,13:35:09,8.27,0.01,1,827,买盘
1618,13:35:06,8.26,--,47,38822,卖盘
1619,13:35:03,8.26,--,201,166026,卖盘
1620,13:35:00,8.26,--,224,185024,卖盘
1621,13:34:57,8.26,-0.01,139,114814,卖盘
1622,13:34:54,8.27,--,710,587170,买盘
1623,13:34:51,8.27,--,19,15713,买盘
1624,13:34:48,8.27,--,36,29772,买盘
1625,13:34:42,8.27,--,11,9097,买盘
1626,13:34:39,8.27,--,9,7443,买盘
1627,13:34:36,8.27,--,11,9097,买盘
1628,13:34:33,8.27,0.01,53,43831,买盘
1629,13:34:30,8.26,-0.01,54,44604,卖盘
1630,13:34:27,8.27,0.01,236,195172,买盘
1631,13:34:21,8.26,--,214,176764,买盘
1632,13:34:18,8.26,--,21,17346,买盘
1633,13:34:15,8.26,0.01,12,9912,买盘
1634,13:34:12,8.25,-0.01,66,54450,卖盘
1635,13:34:09,8.26,0.01,29,23954,买盘
1636,13:34:06,8.25,-0.01,175,144375,卖盘
1637,13:34:03,8.26,--,1,826,买盘
1638,13:34:00,8.26,--,523,431998,买盘
1639,13:33:57,8.26,--,81,66906,买盘
1640,13:33:54,8.26,-0.01,238,196588,卖盘
1641,13:33:51,8.27,0.01,1,827,买盘
1642,13:33:48,8.26,-0.01,26,21476,卖盘
1643,13:33:45,8.27,0.01,5,4135,买盘
1644,13:33:42,8.26,0.01,106,87556,买盘
1645,13:33:39,8.25,--,83,68475,卖盘
1646,13:33:36,8.25,-0.01,42,34650,卖盘
1647,13:33:33,8.26,0.01,544,449344,买盘
1648,13:33:30,8.25,-0.01,448,369600,卖盘
1649,13:33:27,8.26,0.01,109,90034,买盘
1650,13:33:24,8.25,-0.01,11,9075,卖盘
1651,13:33:21,8.26,--,7,5782,买盘
1652,13:33:18,8.26,--,17,14042,买盘
1653,13:33:15,8.26,0.01,35,28910,买盘
1654,13:33:12,8.25,--,93,76725,卖盘
1655,13:33:09,8.25,-0.02,98,80850,卖盘
1656,13:33:06,8.27,0.01,158,130666,买盘
1657,13:33:03,8.26,--,22,18172,买盘
1658,13:33:00,8.26,--,117,96642,买盘
1659,13:32:57,8.26,--,367,303142,买盘
1660,13:32:54,8.26,--,33,27258,买盘
1661,13:32:51,8.26,-0.01,103,85705,卖盘
1662,13:32:48,8.27,0.01,1,827,买盘
1663,13:32:45,8.26,-0.01,247,204022,卖盘
1664,13:32:42,8.27,--,156,129012,买盘
1665,13:32:39,8.27,--,53,43831,买盘
1666,13:32:36,8.27,0.01,14,11578,买盘
1667,13:32:33,8.26,-0.01,23,18998,卖盘
1668,13:32:30,8.27,--,32,26464,买盘
1669,13:32:27,8.27,0.01,602,497854,中性盘
1670,13:32:24,8.26,--,893,737618,卖盘
1671,13:32:21,8.26,-0.01,223,184198,卖盘
1672,13:32:18,8.27,--,239,197653,买盘
1673,13:32:15,8.27,--,26,21502,买盘
1674,13:32:09,8.27,0.01,81,66987,买盘
1675,13:32:06,8.26,-0.01,64,52864,卖盘
1676,13:32:03,8.27,--,137,113299,买盘
1677,13:32:00,8.27,-0.01,268,221636,卖盘
1678,13:31:57,8.28,0.01,7,5796,买盘
1679,13:31:54,8.27,-0.01,43,35561,卖盘
1680,13:31:48,8.28,--,193,159804,买盘
1681,13:31:45,8.28,--,11,9108,买盘
1682,13:31:42,8.28,--,125,103499,买盘
1683,13:31:39,8.28,0.01,342,283176,买盘
1684,13:31:36,8.27,--,172,142244,卖盘
1685,13:31:33,8.27,-0.01,17,14059,卖盘
1686,13:31:30,8.28,--,37,30635,买盘
1687,13:31:27,8.28,0.01,44,36432,买盘
1688,13:31:24,8.27,--,143,118261,买盘
1689,13:31:21,8.27,--,26,21502,买盘
1690,13:31:18,8.27,0.01,2,1654,买盘
1691,13:31:15,8.26,-0.02,226,186676,卖盘
1692,13:31:12,8.28,--,75,62099,买盘
1693,13:31:09,8.28,--,10,8280,买盘
1694,13:31:06,8.28,--,72,59615,买盘
1695,13:31:03,8.28,0.01,29,24011,买盘
1696,13:31:00,8.27,-0.01,358,296066,卖盘
1697,13:30:57,8.28,--,59,48851,卖盘
1698,13:30:54,8.28,--,53,43884,买盘
1699,13:30:51,8.28,--,9,7451,买盘
1700,13:30:48,8.28,--,158,130823,买盘
1701,13:30:45,8.28,--,17,14075,买盘
1702,13:30:42,8.28,0.01,222,183816,买盘
1703,13:30:39,8.27,--,30,24810,卖盘
1704,13:30:36,8.27,--,16,13232,卖盘
1705,13:30:33,8.27,-0.01,92,76084,卖盘
1706,13:30:30,8.28,--,72,59615,买盘
1707,13:30:27,8.28,--,926,766727,中性盘
1708,13:30:24,8.28,--,331,274068,买盘
1709,13:30:21,8.28,--,60,49679,卖盘
1710,13:30:18,8.28,--,35,28979,买盘
1711,13:30:15,8.28,-0.01,35,28979,卖盘
1712,13:30:12,8.29,0.01,114,94505,买盘
1713,13:30:09,8.28,-0.01,641,530748,卖盘
1714,13:30:06,8.29,--,108,89531,买盘
1715,13:30:03,8.29,--,361,299268,买盘
1716,13:30:00,8.29,--,26,21553,买盘
1717,13:29:57,8.29,--,3,2486,买盘
1718,13:29:54,8.29,--,222,184037,买盘
1719,13:29:51,8.29,--,17,14092,买盘
1720,13:29:48,8.29,--,92,76267,买盘
1721,13:29:45,8.29,--,2,1657,买盘
1722,13:29:42,8.29,--,66,54713,买盘
1723,13:29:39,8.29,0.01,214,177405,买盘
1724,13:29:36,8.28,-0.01,11,9108,卖盘
1725,13:29:33,8.29,--,22,18237,买盘
1726,13:29:27,8.29,--,21,17409,买盘
1727,13:29:24,8.29,0.02,40,33160,买盘
1728,13:29:21,8.27,-0.02,174,143898,卖盘
1729,13:29:18,8.29,-0.01,2,1657,中性盘
1730,13:29:15,8.3,0.02,1101,914029,买盘
1731,13:29:12,8.28,-0.01,185,153428,卖盘
1732,13:29:09,8.29,0.01,247,204762,买盘
1733,13:29:06,8.28,-0.01,258,213623,卖盘
1734,13:29:03,8.29,0.01,372,308387,买盘
1735,13:29:00,8.28,-0.01,15,12419,卖盘
1736,13:28:57,8.29,--,29,24040,买盘
1737,13:28:54,8.29,0.01,22,18237,买盘
1738,13:28:51,8.28,--,30,24839,卖盘
1739,13:28:48,8.28,--,60,49679,卖盘
1740,13:28:45,8.28,-0.01,31,25667,卖盘
1741,13:28:42,8.29,--,43,35646,买盘
1742,13:28:39,8.29,0.01,19,15750,买盘
1743,13:28:36,8.28,-0.01,28,23184,卖盘
1744,13:28:33,8.29,0.01,415,344034,买盘
1745,13:28:30,8.28,-0.01,6,5547,卖盘
1746,13:28:27,8.29,--,6,4973,买盘
1747,13:28:24,8.29,0.01,5,4145,买盘
1748,13:28:21,8.28,-0.01,64,52991,卖盘
1749,13:28:18,8.29,--,23,19066,买盘
1750,13:28:15,8.29,0.01,2,1657,买盘
1751,13:28:12,8.28,-0.01,117,96875,卖盘
1752,13:28:09,8.29,0.01,40,33160,买盘
1753,13:28:06,8.28,--,409,338652,卖盘
1754,13:28:03,8.28,--,318,263304,买盘
1755,13:28:00,8.28,--,77,63755,买盘
1756,13:27:57,8.28,0.01,7,5796,买盘
1757,13:27:54,8.27,-0.01,34,28118,卖盘
1758,13:27:51,8.28,--,99,81972,卖盘
1759,13:27:48,8.28,-0.01,24,19872,卖盘
1760,13:27:45,8.29,--,119,98650,买盘
1761,13:27:42,8.29,0.01,15,12434,买盘
1762,13:27:39,8.28,0.01,1,827,中性盘
1763,13:27:36,8.27,-0.01,60,49620,卖盘
1764,13:27:33,8.28,-0.01,47,39296,卖盘
1765,13:27:30,8.29,0.01,289,240028,买盘
1766,13:27:27,8.28,-0.01,24,19872,卖盘
1767,13:27:24,8.29,0.01,96,79583,买盘
1768,13:27:21,8.28,-0.01,66,54647,卖盘
1769,13:27:18,8.29,--,2,1657,买盘
1770,13:27:15,8.29,0.01,268,222171,买盘
1771,13:27:12,8.28,-0.01,8,6623,卖盘
1772,13:27:09,8.29,--,461,382168,买盘
1773,13:27:06,8.29,0.01,61,50568,买盘
1774,13:27:03,8.28,-0.02,28,23184,卖盘
1775,13:27:00,8.3,0.01,252,209160,买盘
1776,13:26:57,8.29,--,289,239580,买盘
1777,13:26:54,8.29,-0.01,228,189011,卖盘
1778,13:26:51,8.3,--,757,628310,买盘
1779,13:26:48,8.3,--,13,10790,买盘
1780,13:26:45,8.3,--,79,65570,买盘
1781,13:26:42,8.3,--,140,116200,买盘
1782,13:26:39,8.3,--,73,60590,买盘
1783,13:26:36,8.3,-0.01,143,118690,卖盘
1784,13:26:33,8.31,--,138,114678,买盘
1785,13:26:30,8.31,0.01,131,108861,买盘
1786,13:26:27,8.3,-0.01,400,332000,卖盘
1787,13:26:24,8.31,0.01,13,10803,买盘
1788,13:26:21,8.3,--,51,42330,卖盘
1789,13:26:18,8.3,--,47,39010,卖盘
1790,13:26:15,8.3,--,132,109560,卖盘
1791,13:26:12,8.3,0.01,1873,1554590,买盘
1792,13:26:09,8.29,-0.01,521,431908,卖盘
1793,13:26:06,8.3,0.01,43,35690,买盘
1794,13:26:03,8.29,-0.01,140,116059,卖盘
1795,13:26:00,8.3,--,490,406700,买盘
1796,13:25:57,8.3,0.01,35,29050,买盘
1797,13:25:54,8.29,--,72,59687,卖盘
1798,13:25:51,8.29,-0.01,218,180721,卖盘
1799,13:25:48,8.3,0.01,260,215800,买盘
1800,13:25:45,8.29,-0.01,59,48910,卖盘
1801,13:25:42,8.3,0.01,320,265600,买盘
1802,13:25:39,8.29,--,391,324138,卖盘
1803,13:25:36,8.29,--,212,175747,卖盘
1804,13:25:33,8.29,-0.01,125,103624,卖盘
1805,13:25:30,8.3,--,187,155210,买盘
1806,13:25:27,8.3,--,44,36520,买盘
1807,13:25:24,8.3,--,106,87980,买盘
1808,13:25:21,8.3,--,175,145250,买盘
1809,13:25:18,8.3,--,129,107070,买盘
1810,13:25:15,8.3,0.01,79,65570,买盘
1811,13:25:12,8.29,-0.01,358,296781,卖盘
1812,13:25:09,8.3,--,86,71380,买盘
1813,13:25:06,8.3,--,337,279710,买盘
1814,13:25:03,8.3,0.01,220,182600,买盘
1815,13:25:00,8.29,-0.01,67,55542,卖盘
1816,13:24:57,8.3,0.01,27,22410,买盘
1817,13:24:54,8.29,-0.01,57,47252,卖盘
1818,13:24:51,8.3,0.01,8,6640,买盘
1819,13:24:48,8.29,--,141,116888,卖盘
1820,13:24:45,8.29,--,104,86215,卖盘
1821,13:24:42,8.29,--,40,33160,卖盘
1822,13:24:39,8.29,--,301,249528,卖盘
1823,13:24:36,8.29,--,169,140101,卖盘
1824,13:24:33,8.29,0.01,824,683095,买盘
1825,13:24:30,8.28,--,28,23184,卖盘
1826,13:24:27,8.28,-0.01,85,70380,卖盘
1827,13:24:24,8.29,--,58,48081,买盘
1828,13:24:21,8.29,0.01,13,11166,买盘
1829,13:24:18,8.28,--,90,74520,卖盘
1830,13:24:15,8.28,--,161,133308,卖盘
1831,13:24:12,8.28,-0.01,451,373428,卖盘
1832,13:24:09,8.29,0.01,81,67149,买盘
1833,13:24:06,8.28,--,5232,4332096,卖盘
1834,13:24:03,8.28,-0.01,122,101015,卖盘
1835,13:24:00,8.29,--,7,5802,买盘
1836,13:23:57,8.29,--,122,101137,买盘
1837,13:23:54,8.29,--,49,40620,买盘
1838,13:23:51,8.29,0.01,509,421960,买盘
1839,13:23:48,8.28,--,381,315468,卖盘
1840,13:23:45,8.28,--,20,16560,卖盘
1841,13:23:42,8.28,-0.01,66,54647,中性盘
1842,13:23:39,8.29,0.01,823,682266,买盘
1843,13:23:36,8.28,--,238,197063,买盘
1844,13:23:33,8.28,0.01,52,43056,买盘
1845,13:23:30,8.27,-0.01,517,427559,卖盘
1846,13:23:27,8.28,0.01,198,163944,买盘
1847,13:23:24,8.27,-0.01,136,112472,卖盘
1848,13:23:21,8.28,--,71,58787,买盘
1849,13:23:18,8.28,0.01,53,43884,买盘
1850,13:23:15,8.27,-0.01,420,347340,卖盘
1851,13:23:12,8.28,0.01,164,135792,买盘
1852,13:23:09,8.27,--,662,547474,买盘
1853,13:23:06,8.27,--,105,86835,买盘
1854,13:23:03,8.27,--,202,167054,买盘
1855,13:23:00,8.27,--,143,118261,买盘
1856,13:22:57,8.27,0.01,63,52101,买盘
1857,13:22:54,8.26,--,59,49477,卖盘
1858,13:22:51,8.26,0.01,559,462543,买盘
1859,13:22:48,8.25,-0.01,138,113850,卖盘
1860,13:22:45,8.26,0.01,111,91686,买盘
1861,13:22:42,8.25,-0.01,143,117975,卖盘
1862,13:22:39,8.26,--,181,149506,买盘
1863,13:22:36,8.26,0.01,114,94164,买盘
1864,13:22:33,8.25,-0.01,658,542850,卖盘
1865,13:22:30,8.26,0.01,127,104902,买盘
1866,13:22:27,8.25,-0.01,55,45375,卖盘
1867,13:22:24,8.26,--,166,137116,买盘
1868,13:22:21,8.26,--,48,39648,买盘
1869,13:22:18,8.26,--,150,123900,买盘
1870,13:22:15,8.26,--,479,395654,买盘
1871,13:22:12,8.26,0.01,838,692188,买盘
1872,13:22:09,8.25,--,98,81056,卖盘
1873,13:22:06,8.25,--,93,76725,卖盘
1874,13:22:03,8.25,--,99,81675,卖盘
1875,13:22:00,8.25,--,1452,1198271,买盘
1876,13:21:57,8.25,0.01,51,42075,买盘
1877,13:21:54,8.24,-0.01,134,110416,卖盘
1878,13:21:51,8.25,--,287,236775,买盘
1879,13:21:48,8.25,--,95,78375,买盘
1880,13:21:45,8.25,--,89,73425,买盘
1881,13:21:42,8.25,--,43,35475,买盘
1882,13:21:39,8.25,--,134,110550,买盘
1883,13:21:36,8.25,--,70,57750,买盘
1884,13:21:33,8.25,--,42,34650,买盘
1885,13:21:30,8.25,0.01,506,417450,买盘
1886,13:21:27,8.24,--,67,55793,买盘
1887,13:21:24,8.24,--,483,397992,买盘
1888,13:21:21,8.24,0.01,19,15656,中性盘
1889,13:21:18,8.23,--,411,338253,卖盘
1890,13:21:15,8.23,-0.01,315,259689,卖盘
1891,13:21:12,8.24,--,25,20600,买盘
1892,13:21:09,8.24,--,30,24720,买盘
1893,13:21:06,8.24,0.01,188,154912,买盘
1894,13:21:03,8.23,-0.01,99,81477,卖盘
1895,13:21:00,8.24,-0.01,695,573059,卖盘
1896,13:20:57,8.25,--,489,403425,买盘
1897,13:20:54,8.25,0.01,257,212025,买盘
1898,13:20:51,8.24,-0.01,84,69216,卖盘
1899,13:20:48,8.25,--,200,165000,买盘
1900,13:20:45,8.25,0.02,217,179470,买盘
1901,13:20:42,8.23,--,664,546472,卖盘
1902,13:20:39,8.23,-0.01,400,329200,卖盘
1903,13:20:36,8.24,--,173,142552,卖盘
1904,13:20:33,8.24,0.01,154,126896,卖盘
1905,13:20:30,8.23,-0.01,1357,1116811,卖盘
1906,13:20:27,8.24,0.01,386,318064,买盘
1907,13:20:24,8.23,--,246,202458,卖盘
1908,13:20:21,8.23,0.01,1070,880610,中性盘
1909,13:20:18,8.22,-0.01,1301,1069463,卖盘
1910,13:20:15,8.23,--,83,68309,买盘
1911,13:20:12,8.23,--,284,233732,买盘
1912,13:20:09,8.23,--,1020,839994,卖盘
1913,13:20:06,8.23,--,509,418907,卖盘
1914,13:20:03,8.23,--,276,227148,卖盘
1915,13:20:00,8.23,--,546,449358,卖盘
1916,13:19:57,8.23,--,3166,2605906,买盘
1917,13:19:54,8.23,--,626,515198,买盘
1918,13:19:51,8.23,--,1960,1613080,买盘
1919,13:19:48,8.23,--,53,43619,买盘
1920,13:19:45,8.23,--,85,69955,买盘
1921,13:19:42,8.23,--,508,418084,买盘
1922,13:19:39,8.23,--,86,70778,买盘
1923,13:19:36,8.23,--,1846,1520015,卖盘
1924,13:19:33,8.23,-0.01,2378,1957094,卖盘
1925,13:19:30,8.24,0.01,325,267800,买盘
1926,13:19:27,8.23,-0.01,232,190936,卖盘
1927,13:19:24,8.24,--,601,495224,买盘
1928,13:19:21,8.24,--,290,238960,买盘
1929,13:19:18,8.24,--,204,168096,买盘
1930,13:19:15,8.24,--,179,147496,买盘
1931,13:19:12,8.24,0.01,82,67568,买盘
1932,13:19:09,8.23,--,6,4938,卖盘
1933,13:19:06,8.23,-0.01,175,144025,卖盘
1934,13:19:03,8.24,--,232,191168,买盘
1935,13:19:00,8.24,--,722,594928,买盘
1936,13:18:57,8.24,--,193,159032,买盘
1937,13:18:54,8.24,-0.01,4163,3430748,卖盘
1938,13:18:51,8.25,--,203,167541,卖盘
1939,13:18:48,8.25,--,67,55275,卖盘
1940,13:18:45,8.25,--,53,43725,卖盘
1941,13:18:42,8.25,--,69,56925,卖盘
1942,13:18:39,8.25,--,549,452925,卖盘
1943,13:18:36,8.25,--,3211,2649330,买盘
1944,13:18:33,8.25,--,34,28050,买盘
1945,13:18:30,8.25,0.01,20,16500,买盘
1946,13:18:27,8.24,-0.01,388,319712,卖盘
1947,13:18:24,8.25,0.01,1036,855195,买盘
1948,13:18:21,8.24,-0.01,445,366680,卖盘
1949,13:18:18,8.25,0.01,99,81675,买盘
1950,13:18:15,8.24,--,236,194464,卖盘
1951,13:18:12,8.24,-0.01,170,140080,卖盘
1952,13:18:09,8.25,--,559,461175,买盘
1953,13:18:06,8.25,--,112,92400,买盘
1954,13:18:03,8.25,--,159,131175,买盘
1955,13:18:00,8.25,--,18,14850,买盘
1956,13:17:57,8.25,--,224,184800,买盘
1957,13:17:54,8.25,--,95,78375,买盘
1958,13:17:51,8.25,--,135,111482,卖盘
1959,13:17:48,8.25,--,66,54450,卖盘
1960,13:17:45,8.25,--,157,129525,卖盘
1961,13:17:42,8.25,-0.01,234,193050,卖盘
1962,13:17:39,8.26,--,78,64428,买盘
1963,13:17:36,8.26,0.02,359,297252,买盘
1964,13:17:33,8.24,-0.01,208,171392,卖盘
1965,13:17:30,8.25,--,94,77550,买盘
1966,13:17:27,8.25,--,191,157575,买盘
1967,13:17:24,8.25,--,624,514800,买盘
1968,13:17:21,8.25,0.01,48,39600,买盘
1969,13:17:18,8.24,-0.01,295,243080,卖盘
1970,13:17:15,8.25,--,67,55275,卖盘
1971,13:17:12,8.25,-0.01,272,224400,卖盘
1972,13:17:09,8.26,0.01,245,202370,买盘
1973,13:17:06,8.25,--,43,35475,买盘
1974,13:17:03,8.25,--,666,549450,卖盘
1975,13:17:00,8.25,-0.01,100,82500,卖盘
1976,13:16:57,8.26,--,107,88382,买盘
1977,13:16:54,8.26,--,147,121422,买盘
1978,13:16:51,8.26,0.01,196,161896,买盘
1979,13:16:48,8.25,-0.01,38,31350,卖盘
1980,13:16:45,8.26,--,92,75992,买盘
1981,13:16:42,8.26,0.02,353,291578,买盘
1982,13:16:39,8.24,-0.01,174,143376,卖盘
1983,13:16:36,8.25,0.01,139,114675,买盘
1984,13:16:33,8.24,-0.01,553,455672,卖盘
1985,13:16:30,8.25,--,32,26400,买盘
1986,13:16:27,8.25,--,993,819225,买盘
1987,13:16:24,8.25,0.01,696,574596,买盘
1988,13:16:21,8.24,-0.01,78,64272,卖盘
1989,13:16:18,8.25,--,31,25575,买盘
1990,13:16:15,8.25,--,330,272250,买盘
1991,13:16:12,8.25,--,8,6600,买盘
1992,13:16:09,8.25,--,29,23925,买盘
1993,13:16:06,8.25,0.02,42,34650,买盘
1994,13:16:03,8.23,-0.01,1419,1167902,卖盘
1995,13:16:00,8.24,--,133,109592,买盘
1996,13:15:57,8.24,--,138,113712,买盘
1997,13:15:54,8.24,--,557,458968,买盘
1998,13:15:51,8.24,--,329,271096,买盘
1999,13:15:48,8.24,--,94,77456,买盘
2000,13:15:45,8.24,0.01,145,119480,买盘
2001,13:15:42,8.23,-0.01,39,32097,卖盘
2002,13:15:39,8.24,--,414,341136,买盘
2003,13:15:36,8.24,-0.01,769,634414,卖盘
2004,13:15:33,8.25,--,35,28875,买盘
2005,13:15:30,8.25,0.01,251,207075,卖盘
2006,13:15:27,8.24,--,499,411176,卖盘
2007,13:15:24,8.24,-0.02,160,131840,卖盘
2008,13:15:21,8.26,0.01,243,200718,买盘
2009,13:15:18,8.25,--,107,88341,买盘
2010,13:15:15,8.25,--,326,269709,卖盘
2011,13:15:12,8.25,0.01,2713,2238291,买盘
2012,13:15:09,8.24,--,87,71688,卖盘
2013,13:15:06,8.24,--,24,19776,卖盘
2014,13:15:03,8.24,--,198,163152,买盘
2015,13:15:00,8.24,--,112,92288,买盘
2016,13:14:57,8.24,0.01,100,82400,买盘
2017,13:14:54,8.23,-0.01,49,40327,卖盘
2018,13:14:51,8.24,0.01,843,695423,买盘
2019,13:14:48,8.23,-0.01,350,288609,卖盘
2020,13:14:45,8.24,--,965,795679,买盘
2021,13:14:42,8.24,0.01,376,309824,买盘
2022,13:14:39,8.23,-0.01,186,153300,卖盘
2023,13:14:36,8.24,--,261,215591,买盘
2024,13:14:33,8.24,--,480,396014,买盘
2025,13:14:30,8.24,--,372,306528,卖盘
2026,13:14:27,8.24,0.01,405,334461,卖盘
2027,13:14:24,8.23,-0.01,384,316649,卖盘
2028,13:14:21,8.24,0.01,919,757857,买盘
2029,13:14:18,8.23,--,641,527962,卖盘
2030,13:14:15,8.23,--,407,335430,卖盘
2031,13:14:12,8.23,0.01,338,278692,卖盘
2032,13:14:09,8.22,-0.01,993,816722,卖盘
2033,13:14:06,8.23,-0.01,463,381049,卖盘
2034,13:14:03,8.24,0.02,241,198584,买盘
2035,13:14:00,8.22,--,844,693768,卖盘
2036,13:13:57,8.22,-0.02,3692,3034824,卖盘
2037,13:13:54,8.24,0.01,1009,831490,买盘
2038,13:13:51,8.23,--,855,703755,买盘
2039,13:13:48,8.23,--,393,323439,卖盘
2040,13:13:45,8.23,0.01,981,807363,卖盘
2041,13:13:42,8.22,-0.01,507,416786,卖盘
2042,13:13:39,8.23,0.01,744,612312,买盘
2043,13:13:36,8.22,--,128,105216,卖盘
2044,13:13:33,8.22,-0.01,683,561426,卖盘
2045,13:13:30,8.23,0.01,936,770360,买盘
2046,13:13:27,8.22,-0.01,452,372152,卖盘
2047,13:13:24,8.23,--,325,267672,买盘
2048,13:13:21,8.23,--,93,76539,买盘
2049,13:13:18,8.23,--,680,560290,卖盘
2050,13:13:15,8.23,--,182,149860,卖盘
2051,13:13:12,8.23,-0.01,1921,1581707,卖盘
2052,13:13:09,8.24,--,55,45517,买盘
2053,13:13:06,8.24,--,119,98056,买盘
2054,13:13:03,8.24,--,243,200232,买盘
2055,13:13:00,8.24,-0.01,321,264981,卖盘
2056,13:12:57,8.25,--,624,515179,买盘
2057,13:12:54,8.25,0.01,954,787437,买盘
2058,13:12:51,8.24,--,297,244884,卖盘
2059,13:12:48,8.24,-0.01,209,172463,卖盘
2060,13:12:45,8.25,0.01,69,56925,买盘
2061,13:12:42,8.24,-0.01,227,187048,卖盘
2062,13:12:39,8.25,--,254,209550,买盘
2063,13:12:36,8.25,--,90,74250,买盘
2064,13:12:33,8.25,--,397,327673,卖盘
2065,13:12:30,8.25,--,1017,839685,卖盘
2066,13:12:27,8.25,-0.01,296,244785,卖盘
2067,13:12:24,8.26,--,381,315457,买盘
2068,13:12:21,8.26,0.01,546,451673,买盘
2069,13:12:18,8.25,--,951,784599,卖盘
2070,13:12:15,8.25,-0.01,199,164455,卖盘
2071,13:12:12,8.26,0.01,200,165546,买盘
2072,13:12:09,8.25,-0.01,550,453857,卖盘
2073,13:12:06,8.26,--,148,122570,买盘
2074,13:12:03,8.26,0.01,352,290991,买盘
2075,13:12:00,8.25,--,147,121844,卖盘
2076,13:11:57,8.25,-0.01,219,181104,卖盘
2077,13:11:54,8.26,0.01,312,258025,买盘
2078,13:11:51,8.25,-0.01,470,388137,卖盘
2079,13:11:48,8.26,--,116,95840,买盘
2080,13:11:45,8.26,--,164,135464,买盘
2081,13:11:42,8.26,--,105,86730,买盘
2082,13:11:39,8.26,-0.01,263,217717,卖盘
2083,13:11:36,8.27,--,390,322530,卖盘
2084,13:11:33,8.27,0.01,382,316327,买盘
2085,13:11:30,8.26,-0.01,586,484036,卖盘
2086,13:11:27,8.27,--,207,171189,买盘
2087,13:11:24,8.27,--,47,38869,买盘
2088,13:11:21,8.27,--,148,122396,买盘
2089,13:11:18,8.27,--,92,76117,买盘
2090,13:11:15,8.27,--,182,151241,买盘
2091,13:11:12,8.27,--,1039,859352,买盘
2092,13:11:09,8.27,--,108,89316,买盘
2093,13:11:06,8.27,-0.01,179,148033,卖盘
2094,13:11:03,8.28,--,5089,4213692,买盘
2095,13:11:00,8.28,0.01,48,40290,买盘
2096,13:10:57,8.27,-0.01,109,90366,卖盘
2097,13:10:54,8.28,--,113,93870,买盘
2098,13:10:51,8.28,0.01,117,97232,买盘
2099,13:10:48,8.27,-0.01,53,44302,卖盘
2100,13:10:45,8.28,--,72,60129,买盘
2101,13:10:42,8.28,0.01,110,91866,买盘
2102,13:10:39,8.27,--,406,336051,卖盘
2103,13:10:36,8.27,-0.01,421,348489,卖盘
2104,13:10:33,8.28,0.01,123,102448,买盘
2105,13:10:30,8.27,-0.01,576,476691,卖盘
2106,13:10:27,8.28,--,247,205244,买盘
2107,13:10:24,8.28,--,405,336085,买盘
2108,13:10:21,8.28,0.01,150,124763,买盘
2109,13:10:18,8.27,-0.01,211,174927,卖盘
2110,13:10:15,8.28,--,938,776829,买盘
2111,13:10:12,8.28,--,107,88976,买盘
2112,13:10:09,8.28,--,87,72748,买盘
2113,13:10:06,8.28,--,186,154157,买盘
2114,13:10:03,8.28,0.01,375,310665,买盘
2115,13:10:00,8.27,-0.01,169,140275,卖盘
2116,13:09:57,8.28,0.01,370,306368,买盘
2117,13:09:54,8.27,--,296,244792,卖盘
2118,13:09:51,8.27,-0.01,277,229079,卖盘
2119,13:09:48,8.28,--,147,122030,卖盘
2120,13:09:45,8.28,--,367,304190,卖盘
2121,13:09:42,8.28,-0.01,275,228130,卖盘
2122,13:09:39,8.29,0.01,168,139462,买盘
2123,13:09:36,8.28,-0.02,736,609722,卖盘
2124,13:09:33,8.3,--,174,144420,买盘
2125,13:09:30,8.3,--,1208,1003362,买盘
2126,13:09:27,8.3,0.01,251,208437,买盘
2127,13:09:24,8.29,--,92,76864,卖盘
2128,13:09:21,8.29,--,380,315252,卖盘
2129,13:09:18,8.29,-0.01,123,101966,卖盘
2130,13:09:15,8.3,--,47,39010,买盘
2131,13:09:12,8.3,--,233,193390,买盘
2132,13:09:09,8.3,--,65,53950,买盘
2133,13:09:06,8.3,--,14,11620,买盘
2134,13:09:03,8.3,0.01,269,223270,买盘
2135,13:09:00,8.29,-0.01,78,64661,卖盘
2136,13:08:57,8.3,--,633,525390,买盘
2137,13:08:54,8.3,0.01,117,97110,买盘
2138,13:08:51,8.29,--,39,32330,卖盘
2139,13:08:48,8.29,--,76,63003,卖盘
2140,13:08:45,8.29,--,51,42278,卖盘
2141,13:08:42,8.29,-0.01,27,22382,卖盘
2142,13:08:39,8.3,0.01,573,475631,买盘
2143,13:08:36,8.29,--,447,370562,买盘
2144,13:08:33,8.29,--,77,63832,买盘
2145,13:08:30,8.29,--,527,436882,买盘
2146,13:08:27,8.29,--,461,382956,卖盘
2147,13:08:24,8.29,--,181,150048,卖盘
2148,13:08:21,8.29,-0.01,15,12434,卖盘
2149,13:08:18,8.3,0.01,40,33200,买盘
2150,13:08:15,8.29,0.01,583,483348,买盘
2151,13:08:12,8.28,-0.01,139,115091,卖盘
2152,13:08:09,8.29,0.01,27,22382,买盘
2153,13:08:06,8.28,-0.01,395,327060,卖盘
2154,13:08:03,8.29,0.01,634,525586,买盘
2155,13:08:00,8.28,--,34,28151,卖盘
2156,13:07:57,8.28,--,142,117625,买盘
2157,13:07:54,8.28,0.01,69,57131,买盘
2158,13:07:51,8.27,-0.01,643,531761,卖盘
2159,13:07:48,8.28,--,239,197891,卖盘
2160,13:07:45,8.28,--,97,80316,卖盘
2161,13:07:42,8.28,--,377,312156,卖盘
2162,13:07:39,8.28,--,569,471272,买盘
2163,13:07:36,8.28,--,281,233363,买盘
2164,13:07:33,8.28,--,208,172397,买盘
2165,13:07:30,8.28,--,141,117319,买盘
2166,13:07:27,8.28,0.01,55,46185,买盘
2167,13:07:24,8.27,-0.01,30,25455,卖盘
2168,13:07:21,8.28,0.01,109,90748,买盘
2169,13:07:18,8.27,-0.01,504,417519,卖盘
2170,13:07:15,8.28,--,959,794201,卖盘
2171,13:07:12,8.28,--,118,97902,卖盘
2172,13:07:09,8.28,--,129,107375,卖盘
2173,13:07:06,8.28,--,170,141505,卖盘
2174,13:07:03,8.28,-0.01,207,171396,卖盘
2175,13:07:00,8.29,0.01,77,63832,买盘
2176,13:06:57,8.28,--,59,48851,卖盘
2177,13:06:54,8.28,-0.01,6,4968,卖盘
2178,13:06:51,8.29,0.01,62,51397,买盘
2179,13:06:48,8.28,0.01,102,84464,买盘
2180,13:06:45,8.27,-0.01,274,227160,卖盘
2181,13:06:42,8.28,--,237,196683,卖盘
2182,13:06:39,8.28,-0.01,260,215412,卖盘
2183,13:06:36,8.29,0.01,439,364718,买盘
2184,13:06:33,8.28,-0.01,207,171528,卖盘
2185,13:06:30,8.29,0.01,74,61511,买盘
2186,13:06:27,8.28,-0.01,151,125740,卖盘
2187,13:06:24,8.29,0.01,88,73474,买盘
2188,13:06:21,8.28,--,42,35479,卖盘
2189,13:06:18,8.28,-0.01,85,70669,卖盘
2190,13:06:15,8.29,0.01,154,128395,买盘
2191,13:06:12,8.28,--,61,50524,卖盘
2192,13:06:09,8.28,-0.01,59,49183,卖盘
2193,13:06:06,8.29,0.01,27,22382,买盘
2194,13:06:03,8.28,--,519,429731,卖盘
2195,13:06:00,8.28,-0.01,219,181332,卖盘
2196,13:05:57,8.29,0.01,13,10776,买盘
2197,13:05:54,8.28,0.01,141,116747,买盘
2198,13:05:51,8.27,--,75,62025,卖盘
2199,13:05:48,8.27,-0.01,328,271256,卖盘
2200,13:05:45,8.28,--,1368,1132704,卖盘
2201,13:05:42,8.28,0.01,438,362688,买盘
2202,13:05:39,8.27,--,158,130666,卖盘
2203,13:05:36,8.27,--,40,33080,卖盘
2204,13:05:33,8.27,-0.01,225,186075,卖盘
2205,13:05:30,8.28,0.01,72,59615,买盘
2206,13:05:27,8.27,-0.01,2,1654,卖盘
2207,13:05:24,8.28,0.01,163,134964,买盘
2208,13:05:21,8.27,--,90,74430,买盘
2209,13:05:18,8.27,--,119,98413,买盘
2210,13:05:15,8.27,--,53,43831,买盘
2211,13:05:12,8.27,--,314,259678,卖盘
2212,13:05:09,8.27,--,233,192691,卖盘
2213,13:05:06,8.27,--,127,105029,卖盘
2214,13:05:03,8.27,--,19,15713,卖盘
2215,13:05:00,8.27,--,100,82700,卖盘
2216,13:04:57,8.27,--,643,531761,卖盘
2217,13:04:54,8.27,--,718,594472,买盘
2218,13:04:51,8.27,0.01,169,139763,买盘
2219,13:04:48,8.26,--,79,65254,卖盘
2220,13:04:45,8.26,--,498,411348,卖盘
2221,13:04:42,8.26,--,238,196588,卖盘
2222,13:04:39,8.26,--,137,113162,卖盘
2223,13:04:36,8.26,--,129,106554,卖盘
2224,13:04:33,8.26,--,1050,867638,买盘
2225,13:04:30,8.26,0.01,132,109494,买盘
2226,13:04:27,8.25,-0.01,258,213155,卖盘
2227,13:04:24,8.26,0.01,454,375573,买盘
2228,13:04:21,8.25,-0.01,167,137775,卖盘
2229,13:04:18,8.26,--,2236,1846936,买盘
2230,13:04:15,8.26,-0.01,836,691138,卖盘
2231,13:04:12,8.27,0.01,2479,2050505,买盘
2232,13:04:09,8.26,-0.01,212,175169,卖盘
2233,13:04:06,8.27,--,31,26191,买盘
2234,13:04:03,8.27,--,115,95841,买盘
2235,13:04:00,8.27,--,580,480247,卖盘
2236,13:03:57,8.27,--,821,678967,卖盘
2237,13:03:54,8.27,--,29,23983,卖盘
2238,13:03:51,8.27,-0.01,55,45915,卖盘
2239,13:03:48,8.28,0.01,821,679788,买盘
2240,13:03:45,8.27,-0.01,302,250233,卖盘
2241,13:03:42,8.28,0.01,101,84306,买盘
2242,13:03:39,8.27,--,220,182651,卖盘
2243,13:03:36,8.27,-0.01,346,286142,卖盘
2244,13:03:33,8.28,--,115,95219,买盘
2245,13:03:30,8.28,0.01,847,702127,买盘
2246,13:03:27,8.27,-0.01,397,328575,卖盘
2247,13:03:24,8.28,--,1491,1235359,卖盘
2248,13:03:21,8.28,--,106,88306,卖盘
2249,13:03:18,8.28,--,97,80845,卖盘
2250,13:03:15,8.28,-0.01,721,596988,卖盘
2251,13:03:12,8.29,--,116,96163,买盘
2252,13:03:09,8.29,0.01,47,38962,买盘
2253,13:03:06,8.28,--,81,67068,卖盘
2254,13:03:03,8.28,--,77,63755,卖盘
2255,13:03:00,8.28,-0.01,63,52163,卖盘
2256,13:02:57,8.29,0.01,323,267767,买盘
2257,13:02:54,8.28,-0.01,65,53819,卖盘
2258,13:02:51,8.29,0.01,589,488736,买盘
2259,13:02:48,8.28,--,538,445463,卖盘
2260,13:02:45,8.28,--,74,61271,卖盘
2261,13:02:42,8.28,--,138,114984,卖盘
2262,13:02:39,8.28,--,116,96776,卖盘
2263,13:02:36,8.28,--,178,147483,卖盘
2264,13:02:33,8.28,--,571,472787,卖盘
2265,13:02:30,8.28,--,110,91080,卖盘
2266,13:02:27,8.28,-0.01,71,58787,卖盘
2267,13:02:24,8.29,0.02,18,14921,买盘
2268,13:02:21,8.27,-0.01,786,650121,卖盘
2269,13:02:18,8.28,-0.01,1114,922425,卖盘
2270,13:02:15,8.29,-0.01,204,169737,卖盘
2271,13:02:12,8.3,0.01,39,33042,买盘
2272,13:02:09,8.29,--,128,106791,卖盘
2273,13:02:06,8.29,-0.01,160,132888,卖盘
2274,13:02:03,8.3,0.01,279,232051,买盘
2275,13:02:00,8.29,--,180,149841,卖盘
2276,13:01:57,8.29,-0.01,391,324611,卖盘
2277,13:01:54,8.3,--,174,144884,买盘
2278,13:01:51,8.3,0.01,602,499792,买盘
2279,13:01:48,8.29,--,138,114418,卖盘
2280,13:01:45,8.29,--,86,71376,卖盘
2281,13:01:42,8.29,-0.01,475,393774,卖盘
2282,13:01:39,8.3,0.01,16,13280,买盘
2283,13:01:36,8.29,--,60,49739,卖盘
2284,13:01:33,8.29,--,258,213881,买盘
2285,13:01:30,8.29,0.01,674,558746,买盘
2286,13:01:27,8.28,-0.01,279,231011,卖盘
2287,13:01:24,8.29,--,51,42278,买盘
2288,13:01:21,8.29,0.01,11,9118,买盘
2289,13:01:18,8.28,--,743,615204,卖盘
2290,13:01:15,8.28,--,403,334131,卖盘
2291,13:01:12,8.28,--,752,623036,买盘
2292,13:01:09,8.28,0.01,769,637518,买盘
2293,13:01:06,8.27,0.01,438,362780,中性盘
2294,13:01:03,8.26,-0.01,608,502406,卖盘
2295,13:01:00,8.27,0.01,153,126531,卖盘
2296,13:00:57,8.26,-0.01,232,191632,卖盘
2297,13:00:54,8.27,0.01,544,450053,买盘
2298,13:00:51,8.26,-0.01,420,347019,卖盘
2299,13:00:48,8.27,--,99,82385,买盘
2300,13:00:45,8.27,--,361,299357,买盘
2301,13:00:42,8.27,-0.01,203,167881,卖盘
2302,13:00:39,8.28,--,433,359211,买盘
2303,13:00:36,8.28,--,932,772052,买盘
2304,13:00:33,8.28,0.01,717,593800,买盘
2305,13:00:30,8.27,-0.01,325,268882,卖盘
2306,13:00:27,8.28,-0.01,49,41383,中性盘
2307,13:00:24,8.29,0.02,95,79467,买盘
2308,13:00:21,8.27,--,481,398597,卖盘
2309,13:00:18,8.27,-0.02,279,230914,卖盘
2310,13:00:15,8.29,--,142,117717,卖盘
2311,13:00:12,8.29,--,108,89531,卖盘
2312,13:00:09,8.29,0.01,3098,2568341,中性盘
2313,13:00:06,8.28,-0.02,1715,1420193,卖盘
2314,13:00:03,8.3,-0.01,10029,8324070,卖盘
2315,13:00:00,8.31,--,0,0,买盘
2316,11:30:00,8.31,0.01,376,312456,买盘
2317,11:29:57,8.3,--,357,296882,买盘
2318,11:29:54,8.3,--,457,379310,买盘
2319,11:29:51,8.3,--,422,350932,买盘
2320,11:29:48,8.3,0.01,381,316827,买盘
2321,11:29:45,8.29,-0.01,104,86978,卖盘
2322,11:29:42,8.3,--,356,295919,买盘
2323,11:29:39,8.3,-0.01,618,513670,卖盘
2324,11:29:36,8.31,0.01,155,129428,买盘
2325,11:29:33,8.3,--,218,180998,卖盘
2326,11:29:30,8.3,--,270,224822,卖盘
2327,11:29:27,8.3,--,573,475590,卖盘
2328,11:29:24,8.3,--,508,421640,卖盘
2329,11:29:21,8.3,0.01,1046,868711,买盘
2330,11:29:18,8.29,-0.01,797,661309,卖盘
2331,11:29:15,8.3,0.01,210,174499,买盘
2332,11:29:12,8.29,--,453,376324,卖盘
2333,11:29:09,8.29,0.01,2100,1741447,买盘
2334,11:29:06,8.28,-0.02,928,768541,卖盘
2335,11:29:03,8.3,0.01,446,370927,买盘
2336,11:29:00,8.29,--,722,599342,买盘
2337,11:28:57,8.29,--,1587,1316360,买盘
2338,11:28:54,8.29,-0.01,1511,1252983,卖盘
2339,11:28:51,8.3,0.01,341,283270,中性盘
2340,11:28:48,8.29,0.01,1373,1138482,买盘
2341,11:28:45,8.28,-0.01,610,505079,卖盘
2342,11:28:42,8.29,-0.01,1191,987338,卖盘
2343,11:28:39,8.3,--,181,150230,买盘
2344,11:28:36,8.3,-0.01,2976,2470636,卖盘
2345,11:28:33,8.31,--,1875,1558781,买盘
2346,11:28:30,8.31,--,1135,943185,买盘
2347,11:28:27,8.31,--,443,368373,买盘
2348,11:28:24,8.31,--,457,380190,买盘
2349,11:28:21,8.31,--,328,272568,卖盘
2350,11:28:18,8.31,0.01,412,342372,卖盘
2351,11:28:15,8.3,-0.01,3562,2956460,卖盘
2352,11:28:12,8.31,--,2384,1981128,买盘
2353,11:28:09,8.31,--,646,537416,买盘
2354,11:28:06,8.31,--,1272,1057032,卖盘
2355,11:28:03,8.31,--,283,235173,卖盘
2356,11:28:00,8.31,-0.01,3152,2619312,卖盘
2357,11:27:57,8.32,0.01,613,510016,买盘
2358,11:27:54,8.31,-0.01,371,308301,卖盘
2359,11:27:51,8.32,--,28,23296,买盘
2360,11:27:48,8.32,--,370,307840,买盘
2361,11:27:45,8.32,-0.01,1126,937381,卖盘
2362,11:27:42,8.33,--,127,105791,买盘
2363,11:27:39,8.33,-0.01,610,508130,中性盘
2364,11:27:36,8.34,0.01,3895,3248430,买盘
2365,11:27:33,8.33,--,255,212415,卖盘
2366,11:27:30,8.33,--,513,427329,买盘
2367,11:27:27,8.33,--,523,435659,买盘
2368,11:27:24,8.33,0.01,18,14994,买盘
2369,11:27:21,8.32,-0.01,337,280874,卖盘
2370,11:27:18,8.33,0.01,757,631205,买盘
2371,11:27:15,8.32,0.01,1293,1075967,买盘
2372,11:27:12,8.31,-0.01,1963,1631253,卖盘
2373,11:27:09,8.32,--,91,75712,卖盘
2374,11:27:06,8.32,0.01,1686,1403550,买盘
2375,11:27:03,8.31,-0.01,715,594887,卖盘
2376,11:27:00,8.32,0.01,792,659709,买盘
2377,11:26:57,8.31,-0.01,2831,2352910,卖盘
2378,11:26:54,8.32,-0.01,2052,1707563,卖盘
2379,11:26:51,8.33,0.01,523,436125,买盘
2380,11:26:48,8.32,-0.02,129,107328,卖盘
2381,11:26:45,8.34,--,1890,1576443,买盘
2382,11:26:42,8.34,0.01,156,130370,买盘
2383,11:26:39,8.33,--,419,349568,卖盘
2384,11:26:36,8.33,-0.01,532,443572,卖盘
2385,11:26:33,8.34,--,123,103132,买盘
2386,11:26:30,8.34,0.01,85,71398,买盘
2387,11:26:27,8.33,-0.01,41,34153,卖盘
2388,11:26:24,8.34,-0.01,799,666374,卖盘
2389,11:26:21,8.35,--,213,178322,买盘
2390,11:26:18,8.35,0.01,502,419838,买盘
2391,11:26:15,8.34,-0.01,643,536262,卖盘
2392,11:26:12,8.35,--,108,90180,买盘
2393,11:26:09,8.35,0.01,375,313175,买盘
2394,11:26:06,8.34,-0.01,1419,1183737,卖盘
2395,11:26:03,8.35,-0.01,363,303472,卖盘
2396,11:26:00,8.36,0.01,804,672277,买盘
2397,11:25:57,8.35,-0.01,301,251335,卖盘
2398,11:25:54,8.36,--,174,145464,买盘
2399,11:25:51,8.36,0.01,85,71060,中性盘
2400,11:25:48,8.35,--,163,136105,卖盘
2401,11:25:45,8.35,-0.01,9,7515,卖盘
2402,11:25:42,8.36,--,320,267720,买盘
2403,11:25:39,8.36,0.01,152,127640,买盘
2404,11:25:36,8.35,-0.01,279,233724,卖盘
2405,11:25:33,8.36,--,456,381592,买盘
2406,11:25:30,8.36,0.01,328,274575,买盘
2407,11:25:27,8.35,--,322,268895,卖盘
2408,11:25:24,8.35,--,89,74548,卖盘
2409,11:25:21,8.35,--,260,217734,卖盘
2410,11:25:18,8.35,-0.01,132,110353,卖盘
2411,11:25:15,8.36,--,860,719252,买盘
2412,11:25:12,8.36,0.01,301,251635,买盘
2413,11:25:09,8.35,-0.01,253,211948,卖盘
2414,11:25:06,8.36,0.01,382,319770,买盘
2415,11:25:03,8.35,-0.01,60,50100,卖盘
2416,11:25:00,8.36,--,110,91960,买盘
2417,11:24:57,8.36,-0.01,242,202312,买盘
2418,11:24:54,8.37,0.01,51,42686,买盘
2419,11:24:51,8.36,0.01,149,124563,中性盘
2420,11:24:48,8.35,-0.01,140,116900,卖盘
2421,11:24:45,8.36,--,32,26752,买盘
2422,11:24:42,8.36,0.01,2,1672,中性盘
2423,11:24:39,8.35,--,78,65130,卖盘
2424,11:24:36,8.35,-0.01,178,148630,卖盘
2425,11:24:33,8.36,0.01,846,707256,买盘
2426,11:24:30,8.35,-0.01,262,218770,卖盘
2427,11:24:27,8.36,--,169,141284,买盘
2428,11:24:24,8.36,0.01,389,325454,买盘
2429,11:24:21,8.35,-0.01,140,117183,卖盘
2430,11:24:18,8.36,--,141,118594,买盘
2431,11:24:15,8.36,0.01,119,99651,买盘
2432,11:24:12,8.35,--,91,75985,卖盘
2433,11:24:09,8.35,--,289,241315,卖盘
2434,11:24:06,8.35,--,438,366306,卖盘
2435,11:24:03,8.35,--,728,608698,卖盘
2436,11:24:00,8.35,--,499,417032,卖盘
2437,11:23:57,8.35,--,146,121910,卖盘
2438,11:23:54,8.35,-0.01,106,89011,卖盘
2439,11:23:51,8.36,0.01,351,293436,买盘
2440,11:23:48,8.35,-0.01,137,114395,卖盘
2441,11:23:45,8.36,0.01,180,150806,买盘
2442,11:23:42,8.35,-0.01,115,96718,卖盘
2443,11:23:39,8.36,0.01,804,672821,买盘
2444,11:23:36,8.35,--,220,184259,卖盘
2445,11:23:33,8.35,--,582,486688,卖盘
2446,11:23:30,8.35,--,186,156044,卖盘
2447,11:23:27,8.35,--,622,519845,卖盘
2448,11:23:24,8.35,--,93,77788,卖盘
2449,11:23:21,8.35,--,218,182823,卖盘
2450,11:23:18,8.35,-0.01,322,269329,卖盘
2451,11:23:15,8.36,0.01,203,170326,买盘
2452,11:23:12,8.35,--,748,624772,卖盘
2453,11:23:09,8.35,-0.01,831,694586,卖盘
2454,11:23:06,8.36,0.01,438,366293,买盘
2455,11:23:03,8.35,--,185,154508,卖盘
2456,11:23:00,8.35,--,339,283733,卖盘
2457,11:22:57,8.35,-0.01,602,502670,卖盘
2458,11:22:54,8.36,--,131,109515,买盘
2459,11:22:51,8.36,0.01,50,41800,买盘
2460,11:22:48,8.35,--,380,317884,卖盘
2461,11:22:45,8.35,-0.01,325,271375,卖盘
2462,11:22:42,8.36,--,199,166364,买盘
2463,11:22:39,8.36,--,30,25080,买盘
2464,11:22:36,8.36,0.01,58,48488,买盘
2465,11:22:33,8.35,-0.02,102,85170,卖盘
2466,11:22:30,8.37,0.01,430,360562,买盘
2467,11:22:27,8.36,0.01,335,280135,买盘
2468,11:22:24,8.35,-0.01,211,176644,卖盘
2469,11:22:21,8.36,--,44,36784,卖盘
2470,11:22:18,8.36,-0.01,40,33440,卖盘
2471,11:22:15,8.37,0.01,79,66123,买盘
2472,11:22:12,8.36,0.01,1369,1145311,买盘
2473,11:22:09,8.35,-0.01,587,490145,卖盘
2474,11:22:06,8.36,--,1015,848824,卖盘
2475,11:22:03,8.36,-0.01,440,368525,卖盘
2476,11:22:00,8.37,0.01,99,82929,买盘
2477,11:21:57,8.36,--,353,295258,卖盘
2478,11:21:54,8.36,-0.01,392,327712,卖盘
2479,11:21:51,8.37,0.01,109,91232,买盘
2480,11:21:48,8.36,--,97,81250,卖盘
2481,11:21:45,8.36,--,296,247522,卖盘
2482,11:21:42,8.36,--,108,90915,卖盘
2483,11:21:39,8.36,--,531,444384,卖盘
2484,11:21:36,8.36,--,410,343111,卖盘
2485,11:21:33,8.36,-0.01,939,785447,卖盘
2486,11:21:30,8.37,0.01,292,244504,买盘
2487,11:21:27,8.36,--,498,416846,卖盘
2488,11:21:24,8.36,--,114,95304,卖盘
2489,11:21:21,8.36,--,969,810100,卖盘
2490,11:21:18,8.36,--,1618,1353199,卖盘
2491,11:21:15,8.36,--,240,201384,卖盘
2492,11:21:12,8.36,--,232,194211,卖盘
2493,11:21:09,8.36,--,484,405351,卖盘
2494,11:21:06,8.36,--,133,111246,卖盘
2495,11:21:03,8.36,--,71,59439,卖盘
2496,11:21:00,8.36,--,175,146993,卖盘
2497,11:20:57,8.36,--,275,230092,卖盘
2498,11:20:54,8.36,--,227,189772,卖盘
2499,11:20:51,8.36,--,128,107008,卖盘
2500,11:20:48,8.36,--,194,162184,卖盘
2501,11:20:45,8.36,-0.01,152,127071,卖盘
2502,11:20:42,8.37,0.01,651,545564,买盘
2503,11:20:39,8.36,--,47,40027,卖盘
2504,11:20:36,8.36,--,202,169014,卖盘
2505,11:20:33,8.36,-0.01,349,292290,卖盘
2506,11:20:30,8.37,0.01,60,50613,买盘
2507,11:20:27,8.36,--,228,190808,卖盘
2508,11:20:24,8.36,--,135,113010,卖盘
2509,11:20:21,8.36,-0.01,178,149602,卖盘
2510,11:20:18,8.37,--,62,52530,买盘
2511,11:20:15,8.37,0.01,387,324630,买盘
2512,11:20:12,8.36,-0.01,879,735571,卖盘
2513,11:20:09,8.37,-0.01,223,186650,卖盘
2514,11:20:06,8.38,0.01,13,10894,买盘
2515,11:20:03,8.37,--,168,141017,卖盘
2516,11:20:00,8.37,--,407,341286,卖盘
2517,11:19:57,8.37,--,148,124093,卖盘
2518,11:19:54,8.37,-0.01,208,174589,卖盘
2519,11:19:51,8.38,--,1096,918448,买盘
2520,11:19:48,8.38,--,71,59992,买盘
2521,11:19:45,8.38,0.01,152,128163,买盘
2522,11:19:42,8.37,--,137,115246,卖盘
2523,11:19:39,8.37,--,123,102950,卖盘
2524,11:19:36,8.37,--,6,5021,卖盘
2525,11:19:33,8.37,-0.01,33,27620,卖盘
2526,11:19:30,8.38,0.01,141,118158,买盘
2527,11:19:27,8.37,-0.01,66,55241,卖盘
2528,11:19:24,8.38,0.01,551,462374,买盘
2529,11:19:21,8.37,--,124,103787,卖盘
2530,11:19:18,8.37,-0.01,190,159029,卖盘
2531,11:19:15,8.38,--,11,9218,买盘
2532,11:19:12,8.38,--,202,169276,卖盘
2533,11:19:09,8.38,--,42,35196,卖盘
2534,11:19:06,8.38,--,193,161734,卖盘
2535,11:19:03,8.38,--,292,244696,卖盘
2536,11:19:00,8.38,--,521,436598,卖盘
2537,11:18:57,8.38,--,41,34358,卖盘
2538,11:18:54,8.38,--,133,111454,卖盘
2539,11:18:51,8.38,--,420,351960,买盘
2540,11:18:48,8.38,0.01,11,9218,买盘
2541,11:18:45,8.37,--,55,46034,卖盘
2542,11:18:42,8.37,-0.01,498,416825,卖盘
2543,11:18:39,8.38,0.01,59,49442,买盘
2544,11:18:36,8.37,--,34,28457,卖盘
2545,11:18:33,8.37,-0.01,121,101276,卖盘
2546,11:18:30,8.38,--,11,9218,买盘
2547,11:18:27,8.38,--,7,5866,买盘
2548,11:18:24,8.38,--,351,294138,卖盘
2549,11:18:21,8.38,--,65,54470,卖盘
2550,11:18:18,8.38,--,262,220201,卖盘
2551,11:18:15,8.38,--,380,318632,卖盘
2552,11:18:12,8.38,--,163,137415,买盘
2553,11:18:09,8.38,0.01,4,3352,卖盘
2554,11:18:06,8.37,-0.01,197,165148,卖盘
2555,11:18:03,8.38,--,20,17204,卖盘
2556,11:18:00,8.38,--,153,128649,买盘
2557,11:17:57,8.38,0.01,158,133116,买盘
2558,11:17:54,8.37,--,263,220532,卖盘
2559,11:17:51,8.37,--,83,69529,卖盘
2560,11:17:48,8.37,-0.01,299,250438,卖盘
2561,11:17:45,8.38,--,1324,1109922,卖盘
2562,11:17:42,8.38,-0.01,12,10307,卖盘
2563,11:17:39,8.39,0.01,114,95931,买盘
2564,11:17:36,8.38,0.01,177,148753,买盘
2565,11:17:33,8.37,-0.02,193,161540,卖盘
2566,11:17:30,8.39,0.02,97,81408,买盘
2567,11:17:27,8.37,--,70,58832,卖盘
2568,11:17:24,8.37,-0.01,171,143754,卖盘
2569,11:17:21,8.38,--,131,110364,卖盘
2570,11:17:18,8.38,--,241,202552,买盘
2571,11:17:15,8.38,-0.01,683,572848,卖盘
2572,11:17:12,8.39,0.01,1572,1319461,买盘
2573,11:17:09,8.38,--,67,56146,卖盘
2574,11:17:06,8.38,--,79,66202,卖盘
2575,11:17:03,8.38,--,101,85132,卖盘
2576,11:17:00,8.38,-0.01,113,94811,卖盘
2577,11:16:57,8.39,0.01,81,68579,买盘
2578,11:16:54,8.38,--,56,46928,卖盘
2579,11:16:51,8.38,--,297,249656,卖盘
2580,11:16:48,8.38,-0.01,28,23832,卖盘
2581,11:16:45,8.39,--,87,73664,买盘
2582,11:16:42,8.39,0.01,43,36353,买盘
2583,11:16:39,8.38,-0.01,17,14329,卖盘
2584,11:16:36,8.39,--,20,17014,买盘
2585,11:16:33,8.39,--,65,55030,买盘
2586,11:16:30,8.39,--,52,44324,买盘
2587,11:16:27,8.39,--,48,40733,买盘
2588,11:16:24,8.39,--,224,188363,卖盘
2589,11:16:21,8.39,--,241,202920,卖盘
2590,11:16:18,8.39,-0.01,393,329852,卖盘
2591,11:16:15,8.4,--,59,49912,买盘
2592,11:16:12,8.4,0.01,276,232150,买盘
2593,11:16:09,8.39,--,66,55734,卖盘
2594,11:16:06,8.39,--,8,6980,卖盘
2595,11:16:03,8.39,-0.01,43,36815,卖盘
2596,11:16:00,8.4,0.01,64,54398,买盘
2597,11:15:57,8.39,--,73,61507,卖盘
2598,11:15:54,8.39,-0.01,179,150248,卖盘
2599,11:15:51,8.4,0.01,114,96532,买盘
2600,11:15:48,8.39,--,439,368715,卖盘
2601,11:15:45,8.39,--,21,18063,卖盘
2602,11:15:42,8.39,--,55,46195,卖盘
2603,11:15:39,8.39,-0.01,143,120631,卖盘
2604,11:15:36,8.4,0.01,51,43184,买盘
2605,11:15:33,8.39,-0.01,5,4195,卖盘
2606,11:15:30,8.4,0.01,43,36120,买盘
2607,11:15:27,8.39,-0.01,22,18458,卖盘
2608,11:15:24,8.4,0.01,89,74760,买盘
2609,11:15:21,8.39,--,481,403559,卖盘
2610,11:15:18,8.39,--,89,74671,卖盘
2611,11:15:15,8.39,--,63,52857,卖盘
2612,11:15:12,8.39,-0.01,15,12585,卖盘
2613,11:15:06,8.4,0.01,101,84840,买盘
2614,11:15:03,8.39,-0.01,980,822220,卖盘
2615,11:15:00,8.4,--,30,25200,卖盘
2616,11:14:57,8.4,--,34,28560,买盘
2617,11:14:54,8.4,0.01,19,15960,中性盘
2618,11:14:51,8.39,--,96,80544,卖盘
2619,11:14:48,8.39,-0.01,77,64603,卖盘
2620,11:14:45,8.4,--,292,245280,卖盘
2621,11:14:42,8.4,-0.01,55,46200,卖盘
2622,11:14:39,8.41,0.01,72,60552,买盘
2623,11:14:36,8.4,--,35,29400,卖盘
2624,11:14:33,8.4,--,5,4200,卖盘
2625,11:14:30,8.4,-0.01,62,52080,卖盘
2626,11:14:27,8.41,0.01,111,93351,买盘
2627,11:14:24,8.4,--,118,99120,卖盘
2628,11:14:21,8.4,--,392,329280,卖盘
2629,11:14:18,8.4,-0.01,238,199920,卖盘
2630,11:14:15,8.41,0.01,257,216137,买盘
2631,11:14:12,8.4,--,202,169680,卖盘
2632,11:14:09,8.4,--,100,84000,卖盘
2633,11:14:06,8.4,--,53,44520,卖盘
2634,11:14:03,8.4,--,27,22680,卖盘
2635,11:14:00,8.4,--,195,163800,卖盘
2636,11:13:57,8.4,--,36,30240,卖盘
2637,11:13:54,8.4,--,43,36120,卖盘
2638,11:13:51,8.4,0.01,94,78960,买盘
2639,11:13:48,8.39,-0.01,114,95646,卖盘
2640,11:13:45,8.4,0.01,104,87360,买盘
2641,11:13:42,8.39,-0.01,155,130045,卖盘
2642,11:13:39,8.4,--,164,137760,卖盘
2643,11:13:36,8.4,--,508,426720,卖盘
2644,11:13:33,8.4,--,45,37800,卖盘
2645,11:13:30,8.4,-0.01,102,85680,卖盘
2646,11:13:27,8.41,0.02,45,37845,买盘
2647,11:13:24,8.39,-0.01,460,385940,卖盘
2648,11:13:21,8.4,--,101,84840,买盘
2649,11:13:18,8.4,0.01,223,187320,买盘
2650,11:13:15,8.39,--,124,104036,卖盘
2651,11:13:12,8.39,-0.01,144,120816,卖盘
2652,11:13:09,8.4,0.01,9,7560,买盘
2653,11:13:06,8.39,--,164,137596,卖盘
2654,11:13:03,8.39,--,58,48662,卖盘
2655,11:13:00,8.39,--,66,55374,卖盘
2656,11:12:57,8.39,--,20,16780,卖盘
2657,11:12:54,8.39,--,5,4195,卖盘
2658,11:12:51,8.39,--,35,29365,卖盘
2659,11:12:48,8.39,-0.01,15,12585,卖盘
2660,11:12:45,8.4,0.02,50,42000,买盘
2661,11:12:42,8.38,--,16,13408,卖盘
2662,11:12:39,8.38,-0.01,200,167918,卖盘
2663,11:12:36,8.39,--,1,839,买盘
2664,11:12:33,8.39,--,22,18458,买盘
2665,11:12:30,8.39,--,110,92290,买盘
2666,11:12:27,8.39,--,326,273514,买盘
2667,11:12:24,8.39,--,345,289975,卖盘
2668,11:12:21,8.39,--,86,72154,卖盘
2669,11:12:18,8.39,-0.01,70,58730,卖盘
2670,11:12:15,8.4,--,140,117600,卖盘
2671,11:12:12,8.4,--,137,115080,卖盘
2672,11:12:09,8.4,0.01,408,343039,买盘
2673,11:12:06,8.39,0.01,263,220657,买盘
2674,11:12:03,8.38,--,47,39386,卖盘
2675,11:12:00,8.38,--,11,9218,卖盘
2676,11:11:57,8.38,--,69,57822,卖盘
2677,11:11:54,8.38,-0.02,188,157544,卖盘
2678,11:11:51,8.4,0.02,15,12600,买盘
2679,11:11:48,8.38,-0.02,160,134080,卖盘
2680,11:11:45,8.4,0.02,69,57960,买盘
2681,11:11:42,8.38,-0.01,59,49442,卖盘
2682,11:11:39,8.39,0.01,44,36916,中性盘
2683,11:11:36,8.38,--,449,376262,卖盘
2684,11:11:33,8.38,--,177,148326,卖盘
2685,11:11:30,8.38,--,12,10056,卖盘
2686,11:11:27,8.38,--,358,300004,卖盘
2687,11:11:24,8.38,--,1083,907554,卖盘
2688,11:11:21,8.38,-0.01,160,134080,卖盘
2689,11:11:18,8.39,--,30,25170,买盘
2690,11:11:15,8.39,0.01,70,58730,买盘
2691,11:11:12,8.38,-0.01,322,269836,卖盘
2692,11:11:09,8.39,--,155,130045,买盘
2693,11:11:06,8.39,--,25,20975,买盘
2694,11:11:03,8.39,0.01,135,113265,买盘
2695,11:11:00,8.38,-0.01,26,21788,卖盘
2696,11:10:57,8.39,--,298,250022,卖盘
2697,11:10:54,8.39,--,153,128367,卖盘
2698,11:10:51,8.39,-0.01,36,30204,卖盘
2699,11:10:48,8.4,0.01,217,182280,买盘
2700,11:10:45,8.39,--,164,137596,卖盘
2701,11:10:42,8.39,--,687,576393,卖盘
2702,11:10:39,8.39,--,78,65442,卖盘
2703,11:10:36,8.39,-0.01,200,167800,卖盘
2704,11:10:33,8.4,0.01,152,127680,买盘
2705,11:10:30,8.39,--,833,698887,卖盘
2706,11:10:27,8.39,-0.01,488,409432,卖盘
2707,11:10:24,8.4,--,79,66360,买盘
2708,11:10:21,8.4,--,126,105840,买盘
2709,11:10:18,8.4,0.01,107,89880,买盘
2710,11:10:15,8.39,--,44,36916,卖盘
2711,11:10:12,8.39,-0.01,18,15102,卖盘
2712,11:10:09,8.4,0.01,28,23520,买盘
2713,11:10:06,8.39,-0.01,71,59569,卖盘
2714,11:10:03,8.4,-0.01,154,129360,中性盘
2715,11:10:00,8.41,0.02,126,105966,买盘
2716,11:09:57,8.39,-0.01,74,62086,卖盘
2717,11:09:54,8.4,0.01,99,83160,买盘
2718,11:09:51,8.39,--,34,28526,卖盘
2719,11:09:48,8.39,--,61,51179,卖盘
2720,11:09:45,8.39,--,593,497527,卖盘
2721,11:09:42,8.39,-0.01,807,677073,卖盘
2722,11:09:39,8.4,--,50,42000,买盘
2723,11:09:36,8.4,0.01,94,78960,买盘
2724,11:09:33,8.39,--,242,203038,卖盘
2725,11:09:30,8.39,--,509,427051,卖盘
2726,11:09:27,8.39,--,141,118299,卖盘
2727,11:09:24,8.39,-0.01,56,46984,卖盘
2728,11:09:21,8.4,--,67,56280,买盘
2729,11:09:18,8.4,0.01,172,144480,买盘
2730,11:09:15,8.39,-0.01,190,159410,卖盘
2731,11:09:12,8.4,0.01,203,170520,买盘
2732,11:09:09,8.39,--,6,5034,卖盘
2733,11:09:06,8.39,--,25,20975,卖盘
2734,11:09:03,8.39,0.01,220,184580,买盘
2735,11:09:00,8.38,-0.01,435,364530,卖盘
2736,11:08:57,8.39,--,290,243310,买盘
2737,11:08:54,8.39,--,196,164444,买盘
2738,11:08:51,8.39,--,49,41111,买盘
2739,11:08:48,8.39,--,70,58730,买盘
2740,11:08:45,8.39,0.01,116,97324,买盘
2741,11:08:42,8.38,-0.01,140,117320,卖盘
2742,11:08:39,8.39,0.01,86,72154,买盘
2743,11:08:36,8.38,--,29,24302,卖盘
2744,11:08:33,8.38,--,144,120672,卖盘
2745,11:08:30,8.38,-0.01,485,406430,卖盘
2746,11:08:27,8.39,--,122,102358,买盘
2747,11:08:24,8.39,--,48,40272,买盘
2748,11:08:21,8.39,0.01,269,225691,买盘
2749,11:08:18,8.38,-0.01,42,35196,卖盘
2750,11:08:15,8.39,0.01,66,55374,买盘
2751,11:08:12,8.38,--,145,121510,卖盘
2752,11:08:09,8.38,--,358,300004,卖盘
2753,11:08:06,8.38,--,122,102236,卖盘
2754,11:08:03,8.38,--,483,404754,卖盘
2755,11:08:00,8.38,--,1067,894816,买盘
2756,11:07:57,8.38,--,283,237154,买盘
2757,11:07:54,8.38,--,197,165086,买盘
2758,11:07:51,8.38,--,422,353636,买盘
2759,11:07:48,8.38,--,283,237154,买盘
2760,11:07:45,8.38,0.01,94,78772,买盘
2761,11:07:42,8.37,-0.01,245,205064,卖盘
2762,11:07:39,8.38,--,305,255590,买盘
2763,11:07:36,8.38,--,65,54470,买盘
2764,11:07:33,8.38,--,830,695540,买盘
2765,11:07:30,8.38,--,467,391346,买盘
2766,11:07:27,8.38,--,43,36034,买盘
2767,11:07:24,8.38,0.01,80,67040,买盘
2768,11:07:21,8.37,--,3216,2691791,卖盘
2769,11:07:18,8.37,-0.01,359,300817,卖盘
2770,11:07:15,8.38,0.01,414,346932,买盘
2771,11:07:12,8.37,--,151,126386,卖盘
2772,11:07:09,8.37,--,1349,1129113,卖盘
2773,11:07:06,8.37,--,465,390033,卖盘
2774,11:07:03,8.37,--,358,299646,卖盘
2775,11:07:00,8.37,--,45,37665,卖盘
2776,11:06:57,8.37,--,1433,1199421,买盘
2777,11:06:54,8.37,--,741,620217,买盘
2778,11:06:51,8.37,--,146,122201,买盘
2779,11:06:48,8.37,0.01,211,176606,买盘
2780,11:06:45,8.36,-0.01,657,549252,卖盘
2781,11:06:42,8.37,--,941,787616,卖盘
2782,11:06:39,8.37,--,648,542376,卖盘
2783,11:06:36,8.37,--,724,605988,卖盘
2784,11:06:33,8.37,--,1021,854576,卖盘
2785,11:06:30,8.37,--,607,508058,卖盘
2786,11:06:27,8.37,--,125,104624,卖盘
2787,11:06:24,8.37,--,1718,1437965,卖盘
2788,11:06:21,8.37,0.01,547,457838,买盘
