,time,price,change,volume,amount,type
0,15:00:03,6.9,--,3722,2568318,买盘
1,14:57:00,6.9,--,245,169050,买盘
2,14:56:57,6.9,--,110,75900,买盘
3,14:56:54,6.9,0.01,10,6900,买盘
4,14:56:51,6.89,-0.01,24,16536,卖盘
5,14:56:48,6.9,--,656,452640,买盘
6,14:56:45,6.9,--,329,227010,买盘
7,14:56:42,6.9,--,89,61410,买盘
8,14:56:39,6.9,--,97,66930,买盘
9,14:56:36,6.9,0.01,521,359490,买盘
10,14:56:33,6.89,--,294,202566,卖盘
11,14:56:30,6.89,--,11,7579,卖盘
12,14:56:27,6.89,--,27,18603,卖盘
13,14:56:24,6.89,-0.01,2035,1402115,卖盘
14,14:56:21,6.9,--,1661,1146090,买盘
15,14:56:18,6.9,0.01,105,72450,买盘
16,14:56:15,6.89,-0.01,10,6890,卖盘
17,14:56:12,6.9,0.01,44,30360,买盘
18,14:56:09,6.89,-0.01,11,7579,卖盘
19,14:56:06,6.9,--,90,62100,买盘
20,14:56:03,6.9,0.01,190,131100,买盘
21,14:56:00,6.89,--,14,9646,卖盘
22,14:55:57,6.89,--,83,57187,卖盘
23,14:55:54,6.89,-0.01,627,432003,卖盘
24,14:55:51,6.9,--,92,63480,买盘
25,14:55:48,6.9,--,8,5520,买盘
26,14:55:45,6.9,0.01,36,24840,买盘
27,14:55:39,6.89,--,1,689,卖盘
28,14:55:36,6.89,-0.01,70,48230,卖盘
29,14:55:33,6.9,0.01,171,117990,买盘
30,14:55:30,6.89,-0.01,102,70278,卖盘
31,14:55:24,6.9,--,7,4830,买盘
32,14:55:21,6.9,--,210,144900,买盘
33,14:55:18,6.9,0.01,106,73140,买盘
34,14:55:15,6.89,-0.01,21,15102,卖盘
35,14:55:12,6.9,0.01,37,25530,买盘
36,14:55:09,6.89,-0.01,650,447850,卖盘
37,14:55:06,6.9,0.01,21,14490,买盘
38,14:55:03,6.89,--,69,47541,卖盘
39,14:55:00,6.89,-0.01,249,171561,卖盘
40,14:54:57,6.9,--,15,10350,买盘
41,14:54:54,6.9,--,345,238050,买盘
42,14:54:51,6.9,--,10,6900,买盘
43,14:54:48,6.9,0.01,116,80040,买盘
44,14:54:45,6.89,-0.01,22,15158,卖盘
45,14:54:42,6.9,--,535,369150,买盘
46,14:54:39,6.9,--,861,594090,买盘
47,14:54:36,6.9,--,10,6900,买盘
48,14:54:33,6.9,0.01,63,43470,买盘
49,14:54:30,6.89,-0.01,1002,690378,卖盘
50,14:54:27,6.9,--,101,69690,买盘
51,14:54:24,6.9,--,731,504390,买盘
52,14:54:21,6.9,--,6,4140,买盘
53,14:54:15,6.9,--,71,48990,买盘
54,14:54:12,6.9,0.01,84,57960,买盘
55,14:54:09,6.89,-0.01,746,513994,卖盘
56,14:54:06,6.9,--,10,6900,买盘
57,14:54:03,6.9,0.01,80,55200,买盘
58,14:54:00,6.89,--,42,28938,卖盘
59,14:53:57,6.89,-0.01,1,689,卖盘
60,14:53:54,6.9,--,22,15180,买盘
61,14:53:48,6.9,--,32,22080,买盘
62,14:53:45,6.9,--,108,74520,买盘
63,14:53:42,6.9,--,693,478170,卖盘
64,14:53:39,6.9,--,151,104190,卖盘
65,14:53:36,6.9,--,48,33120,卖盘
66,14:53:33,6.9,--,2,1380,卖盘
67,14:53:30,6.9,--,87,60030,卖盘
68,14:53:27,6.9,--,137,94530,卖盘
69,14:53:24,6.9,--,9,6210,卖盘
70,14:53:21,6.9,--,60,41400,卖盘
71,14:53:18,6.9,--,84,57960,卖盘
72,14:53:12,6.9,--,40,27600,卖盘
73,14:53:09,6.9,0.01,22,15180,卖盘
74,14:53:06,6.89,-0.01,13,8957,卖盘
75,14:53:03,6.9,-0.01,901,621690,卖盘
76,14:53:00,6.91,0.01,32,22112,买盘
77,14:52:54,6.9,--,1,690,卖盘
78,14:52:51,6.9,--,27,18630,卖盘
79,14:52:48,6.9,--,59,40710,卖盘
80,14:52:45,6.9,0.01,862,594780,买盘
81,14:52:42,6.89,--,22,15158,卖盘
82,14:52:39,6.89,-0.02,1504,1036256,卖盘
83,14:52:36,6.91,--,20,13820,买盘
84,14:52:33,6.91,0.01,63,43533,买盘
85,14:52:30,6.9,-0.01,94,64860,卖盘
86,14:52:27,6.91,--,188,129908,买盘
87,14:52:24,6.91,--,50,34550,买盘
88,14:52:21,6.91,0.01,25,17275,买盘
89,14:52:18,6.9,--,125,86250,卖盘
90,14:52:15,6.9,--,100,69000,卖盘
91,14:52:12,6.9,--,1138,785220,卖盘
92,14:52:09,6.9,-0.01,470,324300,卖盘
93,14:52:06,6.91,0.01,7,4837,买盘
94,14:52:03,6.9,--,52,35880,卖盘
95,14:52:00,6.9,--,97,66930,卖盘
96,14:51:54,6.9,--,80,55200,卖盘
97,14:51:51,6.9,-0.01,16,11040,卖盘
98,14:51:48,6.91,0.01,81,55971,买盘
99,14:51:45,6.9,--,39,26910,卖盘
100,14:51:42,6.9,-0.01,3,2070,中性盘
101,14:51:39,6.91,0.01,442,305422,买盘
102,14:51:36,6.9,0.01,530,365700,买盘
103,14:51:33,6.89,--,310,213590,卖盘
104,14:51:30,6.89,--,7,4823,卖盘
105,14:51:27,6.89,-0.01,18,12402,卖盘
106,14:51:24,6.9,--,77,53130,买盘
107,14:51:18,6.9,0.01,30,20700,买盘
108,14:51:15,6.89,--,39,26871,卖盘
109,14:51:12,6.89,--,163,112307,卖盘
110,14:51:09,6.89,--,520,358280,卖盘
111,14:51:06,6.89,--,55,37895,卖盘
112,14:51:03,6.89,--,105,72345,卖盘
113,14:51:00,6.89,-0.01,29,19981,卖盘
114,14:50:57,6.9,--,56,38640,买盘
115,14:50:54,6.9,--,130,89700,买盘
116,14:50:51,6.9,--,24,16560,买盘
117,14:50:48,6.9,0.01,114,78660,买盘
118,14:50:45,6.89,--,17,11713,卖盘
119,14:50:42,6.89,--,48,33072,卖盘
120,14:50:39,6.89,--,619,426491,卖盘
121,14:50:36,6.89,-0.01,8,5512,卖盘
122,14:50:33,6.9,0.01,267,184230,买盘
123,14:50:27,6.89,-0.01,2,1378,卖盘
124,14:50:24,6.9,0.01,43,29670,买盘
125,14:50:21,6.89,-0.01,6,4134,卖盘
126,14:50:18,6.9,0.01,209,144210,买盘
127,14:50:15,6.89,--,112,77168,卖盘
128,14:50:12,6.89,--,53,36517,卖盘
129,14:50:09,6.89,-0.01,664,457496,卖盘
130,14:50:06,6.9,--,264,182160,买盘
131,14:50:03,6.9,--,5,3450,买盘
132,14:50:00,6.9,--,80,55200,买盘
133,14:49:57,6.9,--,105,72450,买盘
134,14:49:54,6.9,--,37,25530,买盘
135,14:49:51,6.9,--,17,11730,买盘
136,14:49:48,6.9,--,18,12420,买盘
137,14:49:45,6.9,--,646,445740,卖盘
138,14:49:42,6.9,--,97,66930,卖盘
139,14:49:39,6.9,--,237,163530,卖盘
140,14:49:36,6.9,--,20,13800,卖盘
141,14:49:33,6.9,--,68,46920,卖盘
142,14:49:30,6.9,--,2,1380,卖盘
143,14:49:27,6.9,--,23,15870,卖盘
144,14:49:24,6.9,--,2,1380,卖盘
145,14:49:21,6.9,--,75,51750,卖盘
146,14:49:15,6.9,--,201,138690,卖盘
147,14:49:12,6.9,-0.01,7,4830,卖盘
148,14:49:09,6.91,0.01,328,226648,买盘
149,14:49:06,6.9,--,26,17940,卖盘
150,14:49:03,6.9,-0.01,46,31740,卖盘
151,14:49:00,6.91,0.01,2,1382,买盘
152,14:48:57,6.9,--,331,228390,卖盘
153,14:48:54,6.9,--,1,690,卖盘
154,14:48:51,6.9,-0.01,7,4830,卖盘
155,14:48:48,6.91,--,365,252215,买盘
156,14:48:42,6.91,--,31,21421,买盘
157,14:48:39,6.91,0.01,25,17275,买盘
158,14:48:36,6.9,-0.01,192,132480,卖盘
159,14:48:33,6.91,0.01,75,51825,买盘
160,14:48:30,6.9,--,424,292560,卖盘
161,14:48:27,6.9,-0.01,146,100740,卖盘
162,14:48:24,6.91,--,16,11056,买盘
163,14:48:21,6.91,--,73,50443,买盘
164,14:48:18,6.91,--,19,13129,买盘
165,14:48:15,6.91,0.01,25,17275,买盘
166,14:48:12,6.9,--,56,38640,卖盘
167,14:48:09,6.9,--,1,690,卖盘
168,14:48:06,6.9,--,334,230460,卖盘
169,14:48:00,6.9,-0.01,50,34500,卖盘
170,14:47:57,6.91,--,25,17275,买盘
171,14:47:54,6.91,0.01,24,16584,买盘
172,14:47:51,6.9,--,400,276000,卖盘
173,14:47:48,6.9,-0.01,76,52440,卖盘
174,14:47:45,6.91,0.01,306,211446,买盘
175,14:47:42,6.9,-0.01,150,103500,卖盘
176,14:47:39,6.91,0.01,48,33168,买盘
177,14:47:36,6.9,--,511,352590,卖盘
178,14:47:33,6.9,--,81,55890,卖盘
179,14:47:30,6.9,--,51,35190,卖盘
180,14:47:27,6.9,--,130,89700,卖盘
181,14:47:24,6.9,--,37,25530,卖盘
182,14:47:21,6.9,--,32,22080,卖盘
183,14:47:18,6.9,-0.01,45,31050,卖盘
184,14:47:15,6.91,0.01,77,53207,买盘
185,14:47:12,6.9,--,1,690,卖盘
186,14:47:09,6.9,--,87,60030,卖盘
187,14:47:06,6.9,-0.01,132,91080,卖盘
188,14:47:03,6.91,0.01,115,79465,买盘
189,14:47:00,6.9,--,2,1380,卖盘
190,14:46:57,6.9,--,40,27600,卖盘
191,14:46:48,6.9,--,13,8970,卖盘
192,14:46:45,6.9,-0.01,171,117990,卖盘
193,14:46:42,6.91,0.01,32,22112,买盘
194,14:46:39,6.9,-0.01,169,116610,卖盘
195,14:46:36,6.91,0.01,133,91903,买盘
196,14:46:33,6.9,--,12,8280,卖盘
197,14:46:30,6.9,-0.01,77,53130,卖盘
198,14:46:27,6.91,0.01,413,285383,买盘
199,14:46:24,6.9,--,42,28980,卖盘
200,14:46:15,6.9,--,1,690,卖盘
201,14:46:12,6.9,--,101,69690,卖盘
202,14:46:09,6.9,--,7,4830,卖盘
203,14:46:06,6.9,--,269,185610,卖盘
204,14:46:03,6.9,-0.01,93,64170,卖盘
205,14:46:00,6.91,0.01,32,22112,买盘
206,14:45:57,6.9,--,42,28980,卖盘
207,14:45:54,6.9,-0.01,101,69690,卖盘
208,14:45:51,6.91,0.01,144,99504,买盘
209,14:45:48,6.9,--,15,10350,卖盘
210,14:45:45,6.9,--,266,183540,卖盘
211,14:45:42,6.9,--,46,31740,卖盘
212,14:45:36,6.9,-0.01,420,289800,卖盘
213,14:45:33,6.91,0.01,155,107105,买盘
214,14:45:30,6.9,--,1,690,卖盘
215,14:45:27,6.9,--,55,37950,卖盘
216,14:45:24,6.9,-0.01,7,4830,卖盘
217,14:45:18,6.91,0.01,234,161694,买盘
218,14:45:15,6.9,--,10,6900,卖盘
219,14:45:12,6.9,-0.01,444,306360,卖盘
220,14:45:06,6.91,0.01,398,275018,买盘
221,14:44:54,6.9,--,1,690,卖盘
222,14:44:51,6.9,-0.01,6,4140,卖盘
223,14:44:48,6.91,0.01,378,261198,买盘
224,14:44:45,6.9,--,2,1380,卖盘
225,14:44:42,6.9,-0.01,171,117990,卖盘
226,14:44:39,6.91,--,34,23494,买盘
227,14:44:36,6.91,--,333,230103,买盘
228,14:44:33,6.91,0.01,21,14511,买盘
229,14:44:30,6.9,-0.01,188,129720,卖盘
230,14:44:27,6.91,--,117,80847,买盘
231,14:44:24,6.91,0.01,18,12438,买盘
232,14:44:21,6.9,-0.01,1,690,卖盘
233,14:44:18,6.91,--,52,35932,买盘
234,14:44:15,6.91,--,5,3455,买盘
235,14:44:12,6.91,--,2,1382,买盘
236,14:44:09,6.91,0.01,254,175514,买盘
237,14:44:06,6.9,-0.01,340,234600,卖盘
238,14:44:03,6.91,--,1,691,买盘
239,14:44:00,6.91,0.01,350,241850,买盘
240,14:43:57,6.9,--,11,7590,卖盘
241,14:43:54,6.9,-0.01,12,8280,卖盘
242,14:43:51,6.91,--,351,242541,买盘
243,14:43:48,6.91,0.01,16,11056,买盘
244,14:43:45,6.9,-0.01,16,11040,卖盘
245,14:43:42,6.91,0.01,204,140964,买盘
246,14:43:39,6.9,--,34,23460,卖盘
247,14:43:36,6.9,--,390,269100,卖盘
248,14:43:33,6.9,-0.01,59,40710,卖盘
249,14:43:30,6.91,--,604,417364,买盘
250,14:43:27,6.91,0.01,97,67027,买盘
251,14:43:21,6.9,--,2,1380,卖盘
252,14:43:18,6.9,--,3,2070,卖盘
253,14:43:15,6.9,-0.01,24,16560,卖盘
254,14:43:12,6.91,0.01,339,234249,买盘
255,14:43:09,6.9,--,170,117300,卖盘
256,14:43:06,6.9,-0.01,46,31740,卖盘
257,14:43:03,6.91,0.01,12,8292,买盘
258,14:43:00,6.9,--,12,8280,卖盘
259,14:42:57,6.9,--,48,33120,卖盘
260,14:42:54,6.9,--,371,255990,卖盘
261,14:42:51,6.9,--,78,53820,卖盘
262,14:42:48,6.9,--,72,49680,买盘
263,14:42:45,6.9,--,75,51750,买盘
264,14:42:42,6.9,0.01,174,120060,买盘
265,14:42:39,6.89,-0.01,45,31005,卖盘
266,14:42:36,6.9,-0.01,387,267030,卖盘
267,14:42:33,6.91,0.01,121,83611,买盘
268,14:42:30,6.9,--,518,357420,卖盘
269,14:42:27,6.9,--,59,40710,卖盘
270,14:42:24,6.9,--,127,87630,卖盘
271,14:42:21,6.9,--,1,690,卖盘
272,14:42:18,6.9,--,14,9660,卖盘
273,14:42:15,6.9,0.01,49,33810,买盘
274,14:42:12,6.89,-0.01,48,33072,卖盘
275,14:42:09,6.9,--,117,80730,买盘
276,14:42:06,6.9,--,345,238050,买盘
277,14:42:03,6.9,0.01,37,25530,买盘
278,14:42:00,6.89,--,41,28249,卖盘
279,14:41:57,6.89,-0.01,36,24804,卖盘
280,14:41:54,6.9,--,480,331200,卖盘
281,14:41:51,6.9,--,581,400890,卖盘
282,14:41:48,6.9,--,62,42780,卖盘
283,14:41:45,6.9,--,113,77970,卖盘
284,14:41:42,6.9,--,155,106950,卖盘
285,14:41:39,6.9,--,61,42090,卖盘
286,14:41:36,6.9,--,174,120060,卖盘
287,14:41:33,6.9,--,3,2070,卖盘
288,14:41:30,6.9,--,64,44160,卖盘
289,14:41:27,6.9,--,275,189750,买盘
290,14:41:24,6.9,0.01,11,7590,买盘
291,14:41:21,6.89,-0.01,19,13091,卖盘
292,14:41:18,6.9,0.01,263,181470,买盘
293,14:41:15,6.89,--,3,2067,卖盘
294,14:41:12,6.89,-0.01,27,18603,卖盘
295,14:41:09,6.9,0.01,189,130410,买盘
296,14:41:06,6.89,-0.01,361,248729,卖盘
297,14:41:03,6.9,--,33,22770,买盘
298,14:41:00,6.9,--,133,91770,买盘
299,14:40:57,6.9,0.01,15,10350,买盘
300,14:40:54,6.89,-0.01,7,4823,卖盘
301,14:40:51,6.9,0.01,102,70380,买盘
302,14:40:48,6.89,--,3,2067,卖盘
303,14:40:45,6.89,-0.01,66,45474,卖盘
304,14:40:42,6.9,0.01,211,145590,买盘
305,14:40:39,6.89,--,249,171561,卖盘
306,14:40:36,6.89,--,16,11024,卖盘
307,14:40:33,6.89,-0.01,252,173628,卖盘
308,14:40:30,6.9,--,232,160080,买盘
309,14:40:27,6.9,0.01,59,40710,买盘
310,14:40:24,6.89,--,34,23426,卖盘
311,14:40:21,6.89,-0.01,36,24804,卖盘
312,14:40:18,6.9,0.01,60,41400,买盘
313,14:40:15,6.89,-0.01,11,7579,卖盘
314,14:40:12,6.9,--,84,57960,买盘
315,14:40:09,6.9,0.01,325,224250,买盘
316,14:40:06,6.89,--,420,289380,买盘
317,14:40:03,6.89,-0.01,951,655239,卖盘
318,14:40:00,6.9,--,744,513360,买盘
319,14:39:57,6.9,--,54,37260,买盘
320,14:39:54,6.9,--,396,273240,买盘
321,14:39:51,6.9,0.01,36,24840,买盘
322,14:39:48,6.89,--,24,16536,卖盘
323,14:39:45,6.89,--,132,90948,卖盘
324,14:39:42,6.89,--,48,33072,买盘
325,14:39:39,6.89,0.01,126,86814,买盘
326,14:39:36,6.88,-0.02,127,87376,卖盘
327,14:39:33,6.9,0.02,596,411240,买盘
328,14:39:30,6.88,-0.02,2440,1678720,卖盘
329,14:39:27,6.9,0.01,43,29670,买盘
330,14:39:24,6.89,-0.01,12,8268,卖盘
331,14:39:21,6.9,--,156,107640,买盘
332,14:39:18,6.9,0.01,487,336030,买盘
333,14:39:15,6.89,--,1,689,卖盘
334,14:39:12,6.89,-0.01,2,1378,卖盘
335,14:39:09,6.9,--,30,20700,买盘
336,14:39:06,6.9,--,113,77970,买盘
337,14:39:03,6.9,0.01,625,431250,买盘
338,14:39:00,6.89,--,16,11024,卖盘
339,14:38:57,6.89,--,2,1378,卖盘
340,14:38:54,6.89,--,21,14469,卖盘
341,14:38:51,6.89,-0.01,49,33761,卖盘
342,14:38:48,6.9,--,55,37950,买盘
343,14:38:45,6.9,0.01,90,62100,买盘
344,14:38:42,6.89,--,4,2756,卖盘
345,14:38:39,6.89,--,72,49608,卖盘
346,14:38:36,6.89,--,202,139178,卖盘
347,14:38:33,6.89,--,385,265265,卖盘
348,14:38:30,6.89,--,6,4134,卖盘
349,14:38:27,6.89,--,34,23426,卖盘
350,14:38:24,6.89,-0.01,59,40651,卖盘
351,14:38:21,6.9,--,59,40710,买盘
352,14:38:18,6.9,--,32,22080,买盘
353,14:38:15,6.9,0.01,84,57960,买盘
354,14:38:12,6.89,-0.01,33,22737,卖盘
355,14:38:09,6.9,0.01,16,11040,买盘
356,14:38:06,6.89,-0.01,2,1378,卖盘
357,14:38:03,6.9,0.01,31,21390,买盘
358,14:38:00,6.89,--,37,25493,卖盘
359,14:37:57,6.89,-0.01,204,140556,卖盘
360,14:37:54,6.9,0.01,77,53130,买盘
361,14:37:51,6.89,--,506,348634,卖盘
362,14:37:48,6.89,--,58,39962,卖盘
363,14:37:45,6.89,-0.01,108,74412,卖盘
364,14:37:42,6.9,0.01,123,84870,买盘
365,14:37:39,6.89,--,60,41340,买盘
366,14:37:36,6.89,--,213,146757,卖盘
367,14:37:33,6.89,0.01,1139,784771,买盘
368,14:37:30,6.88,-0.01,1822,1254086,卖盘
369,14:37:27,6.89,--,89,61321,卖盘
370,14:37:24,6.89,--,949,653861,买盘
371,14:37:21,6.89,--,65,44785,买盘
372,14:37:18,6.89,--,68,46852,买盘
373,14:37:15,6.89,0.01,103,70967,买盘
374,14:37:12,6.88,-0.01,62,42656,卖盘
375,14:37:09,6.89,0.01,94,64766,买盘
376,14:37:06,6.88,-0.01,106,72928,卖盘
377,14:37:03,6.89,0.01,1565,1078285,买盘
378,14:37:00,6.88,-0.01,1010,694880,卖盘
379,14:36:54,6.89,--,18,12402,买盘
380,14:36:51,6.89,--,255,175695,买盘
381,14:36:48,6.89,--,53,36517,买盘
382,14:36:45,6.89,--,338,232882,买盘
383,14:36:42,6.89,--,425,292825,卖盘
384,14:36:39,6.89,--,63,43407,卖盘
385,14:36:36,6.89,--,184,126776,卖盘
386,14:36:33,6.89,-0.01,97,66833,卖盘
387,14:36:30,6.9,--,10,6900,买盘
388,14:36:27,6.9,--,82,56580,买盘
389,14:36:24,6.9,0.01,258,178020,买盘
390,14:36:21,6.89,-0.01,3018,2079402,卖盘
391,14:36:18,6.9,0.01,111,76590,买盘
392,14:36:15,6.89,--,46,31694,卖盘
393,14:36:12,6.89,--,35,24115,卖盘
394,14:36:09,6.89,--,62,42718,卖盘
395,14:36:06,6.89,-0.01,50,34450,卖盘
396,14:36:03,6.9,--,562,387780,买盘
397,14:36:00,6.9,0.01,106,73140,买盘
398,14:35:57,6.89,--,101,69589,卖盘
399,14:35:54,6.89,--,92,63388,卖盘
400,14:35:51,6.89,--,19,13091,卖盘
401,14:35:48,6.89,-0.01,8,5512,卖盘
402,14:35:45,6.9,--,35,24150,买盘
403,14:35:42,6.9,--,5,3450,买盘
404,14:35:39,6.9,0.01,44,30360,买盘
405,14:35:36,6.89,--,130,89570,卖盘
406,14:35:33,6.89,--,779,536731,卖盘
407,14:35:30,6.89,-0.01,25,17225,卖盘
408,14:35:27,6.9,--,112,77280,买盘
409,14:35:24,6.9,--,39,26910,买盘
410,14:35:21,6.9,--,165,113850,买盘
411,14:35:18,6.9,--,57,39330,买盘
412,14:35:15,6.9,--,49,33810,买盘
413,14:35:12,6.9,--,55,37950,买盘
414,14:35:09,6.9,--,14,9660,买盘
415,14:35:06,6.9,--,32,22080,买盘
416,14:35:03,6.9,0.01,49,33810,买盘
417,14:35:00,6.89,-0.01,587,404443,卖盘
418,14:34:57,6.9,--,57,39330,买盘
419,14:34:54,6.9,0.01,41,28290,买盘
420,14:34:51,6.89,-0.01,16,11024,卖盘
421,14:34:48,6.9,0.01,148,102120,买盘
422,14:34:45,6.89,-0.01,3,2067,卖盘
423,14:34:42,6.9,0.01,34,23460,买盘
424,14:34:39,6.89,--,14,9646,卖盘
425,14:34:36,6.89,--,143,98527,卖盘
426,14:34:33,6.89,--,207,142623,卖盘
427,14:34:30,6.89,--,483,332787,卖盘
428,14:34:27,6.89,--,50,34450,卖盘
429,14:34:24,6.89,--,321,221169,卖盘
430,14:34:21,6.89,-0.01,3,2067,卖盘
431,14:34:18,6.9,--,70,48300,买盘
432,14:34:15,6.9,0.01,786,542340,买盘
433,14:34:12,6.89,--,444,305916,卖盘
434,14:34:09,6.89,-0.01,36,24804,卖盘
435,14:34:06,6.9,--,82,56580,买盘
436,14:34:03,6.9,--,58,40020,买盘
437,14:34:00,6.9,--,623,429870,买盘
438,14:33:57,6.9,--,15,10350,买盘
439,14:33:54,6.9,0.01,36,24840,买盘
440,14:33:45,6.89,-0.01,2,1378,卖盘
441,14:33:42,6.9,0.01,39,26910,买盘
442,14:33:39,6.89,-0.01,7,4823,卖盘
443,14:33:36,6.9,0.01,42,28980,买盘
444,14:33:33,6.89,--,229,157781,卖盘
445,14:33:30,6.89,-0.01,1141,786149,卖盘
446,14:33:27,6.9,--,273,188370,买盘
447,14:33:24,6.9,0.01,628,433320,买盘
448,14:33:21,6.89,--,31,21359,卖盘
449,14:33:18,6.89,-0.01,4,2756,卖盘
450,14:33:15,6.9,--,58,40020,买盘
451,14:33:12,6.9,--,10,6900,买盘
452,14:33:09,6.9,--,112,77280,买盘
453,14:33:06,6.9,--,19,13110,买盘
454,14:33:03,6.9,--,17,11730,买盘
455,14:33:00,6.9,0.01,981,676890,买盘
456,14:32:57,6.89,-0.01,388,267332,卖盘
457,14:32:54,6.9,0.01,6,4140,买盘
458,14:32:51,6.89,--,27,18603,卖盘
459,14:32:48,6.89,-0.01,2112,1455168,卖盘
460,14:32:45,6.9,-0.01,40,27600,卖盘
461,14:32:42,6.91,0.01,5,3455,买盘
462,14:32:39,6.9,--,26,17940,卖盘
463,14:32:33,6.9,--,7,4830,卖盘
464,14:32:30,6.9,--,658,454020,卖盘
465,14:32:27,6.9,--,5,3450,卖盘
466,14:32:24,6.9,--,2,1380,卖盘
467,14:32:21,6.9,-0.01,81,55890,卖盘
468,14:32:18,6.91,0.01,32,22112,买盘
469,14:32:15,6.9,--,55,37950,卖盘
470,14:32:12,6.9,-0.01,185,127650,卖盘
471,14:32:09,6.91,0.01,60,41460,买盘
472,14:32:06,6.9,-0.01,13,8970,卖盘
473,14:32:03,6.91,0.01,588,406308,买盘
474,14:32:00,6.9,--,1640,1131600,卖盘
475,14:31:51,6.9,--,60,41400,卖盘
476,14:31:48,6.9,--,5,3450,卖盘
477,14:31:45,6.9,-0.01,209,144210,卖盘
478,14:31:42,6.91,0.01,1,691,买盘
479,14:31:39,6.9,-0.01,26,17940,卖盘
480,14:31:36,6.91,0.01,14,9674,买盘
481,14:31:33,6.9,--,10,6900,卖盘
482,14:31:30,6.9,-0.01,1035,714150,卖盘
483,14:31:27,6.91,--,625,431875,买盘
484,14:31:24,6.91,--,32,22112,买盘
485,14:31:21,6.91,--,6,4146,买盘
486,14:31:18,6.91,0.01,1,691,买盘
487,14:31:15,6.9,-0.01,93,64170,卖盘
488,14:31:12,6.91,0.01,37,25567,买盘
489,14:31:09,6.9,-0.01,51,35190,卖盘
490,14:31:06,6.91,--,10,6910,买盘
491,14:31:03,6.91,--,31,21421,买盘
492,14:31:00,6.91,0.01,970,670270,买盘
493,14:30:54,6.9,--,5,3450,卖盘
494,14:30:48,6.9,--,18,12420,卖盘
495,14:30:45,6.9,--,26,17940,卖盘
496,14:30:42,6.9,-0.01,49,33810,卖盘
497,14:30:39,6.91,0.01,313,216283,买盘
498,14:30:36,6.9,--,25,17250,卖盘
499,14:30:33,6.9,--,25,17250,卖盘
500,14:30:30,6.9,--,1145,790050,卖盘
501,14:30:27,6.9,-0.01,20,13800,卖盘
502,14:30:24,6.91,--,7,4837,买盘
503,14:30:18,6.91,--,83,57353,买盘
504,14:30:15,6.91,--,38,26258,买盘
505,14:30:12,6.91,0.01,145,100195,买盘
506,14:30:06,6.9,-0.01,27,18630,卖盘
507,14:30:03,6.91,--,17,11747,买盘
508,14:30:00,6.91,--,1230,849930,买盘
509,14:29:54,6.91,0.01,103,71173,买盘
510,14:29:51,6.9,--,48,33120,卖盘
511,14:29:48,6.9,--,109,75210,卖盘
512,14:29:45,6.9,-0.01,22,15180,卖盘
513,14:29:42,6.91,0.01,15,10365,买盘
514,14:29:39,6.9,--,35,24150,卖盘
515,14:29:33,6.9,--,25,17250,卖盘
516,14:29:30,6.9,--,1275,879750,卖盘
517,14:29:27,6.9,--,179,123510,卖盘
518,14:29:24,6.9,--,85,58650,卖盘
519,14:29:21,6.9,-0.01,4,2760,卖盘
520,14:29:18,6.91,0.01,24,16584,买盘
521,14:29:15,6.9,-0.01,24,16560,卖盘
522,14:29:12,6.91,0.01,1,691,买盘
523,14:29:09,6.9,-0.01,110,75900,卖盘
524,14:29:06,6.91,0.01,68,46988,买盘
525,14:29:03,6.9,-0.01,20,13800,卖盘
526,14:29:00,6.91,0.01,1895,1309445,买盘
527,14:28:57,6.9,-0.01,210,144900,卖盘
528,14:28:51,6.91,--,17,11747,买盘
529,14:28:48,6.91,0.01,1,691,买盘
530,14:28:45,6.9,-0.01,12,8280,卖盘
531,14:28:42,6.91,--,63,43533,买盘
532,14:28:39,6.91,--,10,6910,买盘
533,14:28:36,6.91,--,54,37314,买盘
534,14:28:33,6.91,0.01,34,23494,买盘
535,14:28:30,6.9,--,25,17250,卖盘
536,14:28:27,6.9,-0.01,2112,1457280,卖盘
537,14:28:24,6.91,0.01,2,1382,买盘
538,14:28:21,6.9,--,1,690,卖盘
539,14:28:18,6.9,-0.01,82,56580,卖盘
540,14:28:15,6.91,0.01,41,28331,买盘
541,14:28:09,6.9,-0.01,10,6900,卖盘
542,14:28:06,6.91,--,15,10365,买盘
543,14:28:03,6.91,--,58,40078,买盘
544,14:28:00,6.91,0.01,127,87757,买盘
545,14:27:57,6.9,--,2349,1620810,卖盘
546,14:27:51,6.9,-0.01,148,102120,卖盘
547,14:27:48,6.91,--,630,435330,卖盘
548,14:27:45,6.91,-0.01,36,24876,卖盘
549,14:27:42,6.92,0.01,10,6920,买盘
550,14:27:39,6.91,-0.01,1,691,卖盘
551,14:27:36,6.92,0.01,51,35292,买盘
552,14:27:33,6.91,--,2,1382,卖盘
553,14:27:30,6.91,0.01,48,33168,中性盘
554,14:27:27,6.9,--,2988,2061720,卖盘
555,14:27:24,6.9,--,181,124890,卖盘
556,14:27:21,6.9,-0.01,72,49680,卖盘
557,14:27:18,6.91,--,11,7601,卖盘
558,14:27:15,6.91,--,52,35932,卖盘
559,14:27:12,6.91,--,37,25567,卖盘
560,14:27:09,6.91,--,53,36623,卖盘
561,14:27:03,6.91,--,10,6910,卖盘
562,14:26:57,6.91,--,16,11056,卖盘
563,14:26:54,6.91,--,53,36623,卖盘
564,14:26:51,6.91,--,594,410454,卖盘
565,14:26:48,6.91,--,7,4837,卖盘
566,14:26:45,6.91,-0.01,400,276400,卖盘
567,14:26:42,6.92,0.01,1,692,买盘
568,14:26:39,6.91,--,1,691,卖盘
569,14:26:36,6.91,-0.01,33,22803,卖盘
570,14:26:33,6.92,0.01,32,22144,买盘
571,14:26:30,6.91,--,218,150638,卖盘
572,14:26:27,6.91,--,285,196935,卖盘
573,14:26:24,6.91,--,232,160312,卖盘
574,14:26:21,6.91,--,5,3455,卖盘
575,14:26:18,6.91,--,2,1382,卖盘
576,14:26:09,6.91,--,7,4837,卖盘
577,14:26:06,6.91,--,110,76010,卖盘
578,14:26:03,6.91,-0.01,1,691,卖盘
579,14:26:00,6.92,0.01,57,39444,买盘
580,14:25:57,6.91,--,335,231485,卖盘
581,14:25:51,6.91,--,10,6910,卖盘
582,14:25:45,6.91,-0.01,5,3455,卖盘
583,14:25:42,6.92,0.01,117,80964,买盘
584,14:25:39,6.91,--,27,18657,卖盘
585,14:25:36,6.91,-0.01,20,13820,卖盘
586,14:25:33,6.92,0.01,31,21452,买盘
587,14:25:30,6.91,--,42,29022,卖盘
588,14:25:27,6.91,--,314,216974,卖盘
589,14:25:24,6.91,--,172,118852,卖盘
590,14:25:21,6.91,--,1,691,卖盘
591,14:25:18,6.91,-0.01,142,98122,卖盘
592,14:25:12,6.92,0.01,77,53284,买盘
593,14:25:09,6.91,--,27,18657,卖盘
594,14:25:06,6.91,-0.01,122,84302,卖盘
595,14:25:03,6.92,0.01,82,56744,买盘
596,14:24:57,6.91,--,461,318551,卖盘
597,14:24:54,6.91,--,2,1382,卖盘
598,14:24:51,6.91,--,6,4146,卖盘
599,14:24:48,6.91,--,35,24185,卖盘
600,14:24:45,6.91,-0.01,118,81538,卖盘
601,14:24:42,6.92,--,117,80964,买盘
602,14:24:39,6.92,0.01,189,130788,买盘
603,14:24:36,6.91,--,5,3455,卖盘
604,14:24:33,6.91,--,1,691,卖盘
605,14:24:30,6.91,--,30,20730,卖盘
606,14:24:27,6.91,--,531,366921,卖盘
607,14:24:24,6.91,--,116,80156,卖盘
608,14:24:21,6.91,--,87,60117,卖盘
609,14:24:15,6.91,--,79,54589,卖盘
610,14:24:12,6.91,-0.01,1,691,卖盘
611,14:24:09,6.92,--,36,24912,买盘
612,14:24:06,6.92,--,31,21452,买盘
613,14:24:03,6.92,--,1,692,买盘
614,14:24:00,6.92,0.01,63,43596,买盘
615,14:23:57,6.91,--,698,482318,卖盘
616,14:23:54,6.91,--,7,4837,卖盘
617,14:23:48,6.91,-0.01,1,691,卖盘
618,14:23:42,6.92,--,2,1384,买盘
619,14:23:39,6.92,--,12,8304,买盘
620,14:23:36,6.92,--,86,59512,买盘
621,14:23:33,6.92,0.01,860,595120,买盘
622,14:23:30,6.91,-0.01,85,58735,卖盘
623,14:23:27,6.92,0.01,740,512080,买盘
624,14:23:24,6.91,--,2,1382,卖盘
625,14:23:21,6.91,--,272,187952,卖盘
626,14:23:18,6.91,--,1,691,卖盘
627,14:23:15,6.91,--,2,1382,卖盘
628,14:23:09,6.91,-0.01,2,1382,卖盘
629,14:23:06,6.92,--,12,8304,买盘
630,14:23:03,6.92,0.01,31,21452,买盘
631,14:23:00,6.91,-0.01,10,6910,卖盘
632,14:22:57,6.92,--,805,557060,买盘
633,14:22:54,6.92,0.01,37,25604,买盘
634,14:22:51,6.91,-0.01,1,691,卖盘
635,14:22:48,6.92,--,73,50516,买盘
636,14:22:45,6.92,--,56,38752,买盘
637,14:22:39,6.92,0.01,9,6228,买盘
638,14:22:36,6.91,-0.01,6,4146,卖盘
639,14:22:33,6.92,--,576,398592,卖盘
640,14:22:30,6.92,--,20,13840,卖盘
641,14:22:27,6.92,--,180,124560,卖盘
642,14:22:24,6.92,-0.01,119,82348,卖盘
643,14:22:21,6.93,0.01,158,109494,买盘
644,14:22:18,6.92,-0.01,101,69892,卖盘
645,14:22:15,6.93,0.01,805,557865,买盘
646,14:22:12,6.92,--,16,11072,卖盘
647,14:22:09,6.92,--,12,8304,卖盘
648,14:22:06,6.92,-0.01,10,6920,卖盘
649,14:22:03,6.93,0.01,54,37422,买盘
650,14:22:00,6.92,--,27,18684,卖盘
651,14:21:57,6.92,--,360,249120,卖盘
652,14:21:54,6.92,--,37,25604,卖盘
653,14:21:51,6.92,-0.01,31,21452,卖盘
654,14:21:48,6.93,0.01,156,108108,买盘
655,14:21:45,6.92,-0.01,1,692,卖盘
656,14:21:42,6.93,0.01,2,1386,买盘
657,14:21:39,6.92,--,1,692,卖盘
658,14:21:36,6.92,--,1,692,卖盘
659,14:21:33,6.92,--,26,17992,卖盘
660,14:21:30,6.92,--,120,83040,卖盘
661,14:21:27,6.92,--,250,173000,卖盘
662,14:21:24,6.92,--,2,1384,卖盘
663,14:21:21,6.92,--,39,26988,卖盘
664,14:21:18,6.92,--,229,158468,卖盘
665,14:21:15,6.92,--,18,12456,卖盘
666,14:21:12,6.92,--,9,6228,卖盘
667,14:21:09,6.92,--,128,88576,卖盘
668,14:21:06,6.92,--,7,4844,卖盘
669,14:21:03,6.92,--,19,13148,卖盘
670,14:21:00,6.92,--,36,24912,卖盘
671,14:20:57,6.92,--,81,56052,卖盘
672,14:20:54,6.92,--,128,88576,卖盘
673,14:20:51,6.92,--,334,231128,买盘
674,14:20:48,6.92,--,80,55360,买盘
675,14:20:45,6.92,--,36,24912,买盘
676,14:20:42,6.92,--,1,692,买盘
677,14:20:39,6.92,0.01,8,5536,买盘
678,14:20:36,6.91,-0.01,185,127835,卖盘
679,14:20:33,6.92,--,103,71276,卖盘
680,14:20:30,6.92,--,12,8304,卖盘
681,14:20:27,6.92,--,29,20068,卖盘
682,14:20:24,6.92,--,149,103108,卖盘
683,14:20:21,6.92,--,13,8996,卖盘
684,14:20:18,6.92,--,171,118332,卖盘
685,14:20:15,6.92,--,13,8996,卖盘
686,14:20:12,6.92,--,24,16608,卖盘
687,14:20:09,6.92,--,56,38752,卖盘
688,14:20:06,6.92,--,614,424888,卖盘
689,14:20:03,6.92,--,77,53284,卖盘
690,14:20:00,6.92,-0.01,4,2768,卖盘
691,14:19:57,6.93,0.02,257,178101,买盘
692,14:19:54,6.91,-0.01,825,570075,卖盘
693,14:19:51,6.92,0.01,61,42212,买盘
694,14:19:48,6.91,--,16,11056,卖盘
695,14:19:42,6.91,--,1,691,卖盘
696,14:19:39,6.91,--,2,1382,卖盘
697,14:19:30,6.91,--,12,8292,卖盘
698,14:19:27,6.91,-0.01,811,560401,卖盘
699,14:19:24,6.92,--,1,692,买盘
700,14:19:21,6.92,--,118,81656,买盘
701,14:19:18,6.92,--,192,132864,买盘
702,14:19:15,6.92,0.01,556,384752,买盘
703,14:19:09,6.91,--,1,691,卖盘
704,14:19:06,6.91,-0.01,78,53898,卖盘
705,14:19:03,6.92,0.01,2,1384,买盘
706,14:19:00,6.91,--,55,38005,卖盘
707,14:18:57,6.91,-0.01,1080,746280,卖盘
708,14:18:54,6.92,0.01,29,20068,买盘
709,14:18:51,6.91,-0.01,62,42842,卖盘
710,14:18:45,6.92,--,26,17992,买盘
711,14:18:42,6.92,--,145,100340,卖盘
712,14:18:39,6.92,--,1,692,卖盘
713,14:18:36,6.92,--,3,2076,卖盘
714,14:18:33,6.92,--,40,27680,卖盘
715,14:18:30,6.92,--,10,6920,卖盘
716,14:18:27,6.92,--,68,47056,卖盘
717,14:18:24,6.92,--,96,66432,卖盘
718,14:18:21,6.92,--,36,24912,卖盘
719,14:18:18,6.92,--,144,99648,卖盘
720,14:18:15,6.92,--,46,31832,卖盘
721,14:18:06,6.92,--,1,692,卖盘
722,14:18:03,6.92,--,5,3460,卖盘
723,14:18:00,6.92,--,79,54668,卖盘
724,14:17:57,6.92,-0.01,287,198604,卖盘
725,14:17:54,6.93,--,63,43659,买盘
726,14:17:51,6.93,0.01,75,51975,买盘
727,14:17:48,6.92,--,21,14532,卖盘
728,14:17:45,6.92,-0.01,10,6920,卖盘
729,14:17:42,6.93,0.01,2,1386,买盘
730,14:17:36,6.92,--,4,2768,卖盘
731,14:17:33,6.92,--,16,11072,卖盘
732,14:17:30,6.92,--,206,142552,卖盘
733,14:17:27,6.92,--,22,15224,卖盘
734,14:17:24,6.92,--,198,137016,卖盘
735,14:17:21,6.92,-0.01,2,1384,卖盘
736,14:17:18,6.93,0.01,26,18018,买盘
737,14:17:15,6.92,--,215,148780,卖盘
738,14:17:12,6.92,--,40,27680,卖盘
739,14:17:09,6.92,--,3,2076,卖盘
740,14:17:06,6.92,-0.01,53,36676,卖盘
741,14:17:03,6.93,0.01,3,2079,买盘
742,14:17:00,6.92,--,40,27680,卖盘
743,14:16:57,6.92,--,60,41520,卖盘
744,14:16:54,6.92,--,313,216596,卖盘
745,14:16:51,6.92,--,58,40136,卖盘
746,14:16:48,6.92,--,3,2076,卖盘
747,14:16:45,6.92,-0.01,50,34600,卖盘
748,14:16:42,6.93,--,103,71379,买盘
749,14:16:39,6.93,0.01,24,16632,买盘
750,14:16:36,6.92,--,3,2076,卖盘
751,14:16:33,6.92,--,10,6920,卖盘
752,14:16:30,6.92,--,5,3460,卖盘
753,14:16:27,6.92,--,16,11072,卖盘
754,14:16:24,6.92,--,212,146704,卖盘
755,14:16:21,6.92,0.01,119,82348,买盘
756,14:16:18,6.91,--,6,4146,卖盘
757,14:16:15,6.91,--,171,118161,卖盘
758,14:16:12,6.91,-0.01,200,138200,卖盘
759,14:16:09,6.92,0.01,5,3460,买盘
760,14:16:06,6.91,-0.01,3,2073,卖盘
761,14:16:03,6.92,-0.01,2,1384,中性盘
762,14:16:00,6.93,--,137,94941,买盘
763,14:15:57,6.93,0.01,99,68877,买盘
764,14:15:54,6.92,-0.01,80,55360,卖盘
765,14:15:51,6.93,0.01,28,19404,买盘
766,14:15:48,6.92,--,72,49824,卖盘
767,14:15:45,6.92,-0.01,154,106568,卖盘
768,14:15:42,6.93,0.01,57,39501,买盘
769,14:15:39,6.92,--,84,58681,卖盘
770,14:15:36,6.92,--,6,4152,卖盘
771,14:15:30,6.92,--,9,6228,卖盘
772,14:15:27,6.92,--,56,38752,卖盘
773,14:15:24,6.92,--,126,87192,卖盘
774,14:15:21,6.92,--,3,2076,卖盘
775,14:15:18,6.92,--,2,1384,卖盘
776,14:15:15,6.92,--,16,11072,卖盘
777,14:15:12,6.92,--,170,117640,卖盘
778,14:15:09,6.92,--,1,692,卖盘
779,14:15:06,6.92,-0.01,2,1384,卖盘
780,14:15:03,6.93,--,69,47817,买盘
781,14:15:00,6.93,0.01,755,523215,买盘
782,14:14:57,6.92,--,13,8996,卖盘
783,14:14:54,6.92,-0.01,195,134940,卖盘
784,14:14:51,6.93,0.01,81,56133,买盘
785,14:14:48,6.92,--,73,50516,卖盘
786,14:14:45,6.92,--,126,87192,卖盘
787,14:14:42,6.92,--,1,692,卖盘
788,14:14:39,6.92,--,5,3460,卖盘
789,14:14:36,6.92,--,6,4152,卖盘
790,14:14:33,6.92,--,65,44980,卖盘
791,14:14:27,6.92,--,22,15224,卖盘
792,14:14:24,6.92,--,305,211060,卖盘
793,14:14:21,6.92,--,37,25604,卖盘
794,14:14:18,6.92,-0.01,5,3460,卖盘
795,14:14:15,6.93,0.01,45,31185,买盘
796,14:14:12,6.92,--,169,116948,卖盘
797,14:14:09,6.92,--,1,692,卖盘
798,14:14:06,6.92,-0.01,5,3460,卖盘
799,14:14:03,6.93,0.01,41,28413,买盘
800,14:13:57,6.92,--,24,16608,卖盘
801,14:13:54,6.92,--,147,101724,卖盘
802,14:13:51,6.92,-0.01,64,44288,卖盘
803,14:13:48,6.93,0.01,34,23562,买盘
804,14:13:45,6.92,-0.01,23,15916,卖盘
805,14:13:42,6.93,0.01,234,162162,买盘
806,14:13:39,6.92,--,109,75428,卖盘
807,14:13:36,6.92,--,3,2076,卖盘
808,14:13:33,6.92,--,18,12456,卖盘
809,14:13:30,6.92,--,24,16608,卖盘
810,14:13:27,6.92,--,36,24912,卖盘
811,14:13:24,6.92,--,36,24912,卖盘
812,14:13:18,6.92,-0.01,8,5536,卖盘
813,14:13:15,6.93,--,116,80388,买盘
814,14:13:12,6.93,0.01,224,155232,买盘
815,14:13:09,6.92,--,303,209676,卖盘
816,14:13:06,6.92,-0.01,18,12456,卖盘
817,14:13:03,6.93,0.01,1,693,买盘
818,14:13:00,6.92,--,3,2076,卖盘
819,14:12:57,6.92,-0.01,65,44980,卖盘
820,14:12:54,6.93,--,418,289674,买盘
821,14:12:51,6.93,--,14,9702,买盘
822,14:12:48,6.93,--,54,37422,买盘
823,14:12:42,6.93,0.01,103,71379,买盘
824,14:12:36,6.92,--,106,73352,卖盘
825,14:12:33,6.92,--,124,86368,买盘
826,14:12:27,6.92,0.01,25,17300,买盘
827,14:12:24,6.91,--,654,451914,卖盘
828,14:12:21,6.91,-0.01,20,13820,卖盘
829,14:12:18,6.92,--,22,15224,卖盘
830,14:12:15,6.92,0.01,57,39444,卖盘
831,14:12:12,6.91,-0.01,641,442931,卖盘
832,14:12:09,6.92,--,726,502392,买盘
833,14:12:06,6.92,0.01,307,212444,买盘
834,14:12:03,6.91,--,3,2073,卖盘
835,14:12:00,6.91,--,22,15202,卖盘
836,14:11:57,6.91,--,1016,702056,卖盘
837,14:11:54,6.91,--,1494,1032354,卖盘
838,14:11:51,6.91,-0.01,6,4146,卖盘
839,14:11:48,6.92,--,79,54668,买盘
840,14:11:45,6.92,0.01,56,38752,买盘
841,14:11:42,6.91,--,12,8292,卖盘
842,14:11:39,6.91,-0.01,1006,695146,卖盘
843,14:11:36,6.92,--,9,6228,买盘
844,14:11:30,6.92,0.01,43,29756,买盘
845,14:11:27,6.91,--,30,20730,卖盘
846,14:11:24,6.91,--,1500,1036500,卖盘
847,14:11:21,6.91,-0.01,9,6219,卖盘
848,14:11:18,6.92,0.01,42,29064,买盘
849,14:11:15,6.91,--,6,4146,卖盘
850,14:11:09,6.91,--,171,118161,卖盘
851,14:11:06,6.91,--,27,18657,卖盘
852,14:11:03,6.91,--,133,91903,卖盘
853,14:10:57,6.91,-0.01,29,20039,卖盘
854,14:10:54,6.92,--,1791,1239372,买盘
855,14:10:48,6.92,0.01,44,30448,买盘
856,14:10:45,6.91,-0.01,5,3455,卖盘
857,14:10:42,6.92,0.01,66,45672,买盘
858,14:10:39,6.91,--,731,505121,卖盘
859,14:10:36,6.91,--,222,153402,卖盘
860,14:10:33,6.91,--,45,31095,卖盘
861,14:10:30,6.91,--,11,7601,卖盘
862,14:10:27,6.91,--,146,100886,卖盘
863,14:10:24,6.91,--,2294,1585154,卖盘
864,14:10:21,6.91,-0.01,1,691,卖盘
865,14:10:18,6.92,--,1,692,买盘
866,14:10:15,6.92,--,4,2768,买盘
867,14:10:09,6.92,0.01,41,28372,买盘
868,14:10:06,6.91,-0.01,48,33168,卖盘
869,14:10:03,6.92,--,260,179920,卖盘
870,14:10:00,6.92,--,65,44980,卖盘
871,14:09:57,6.92,--,82,56744,卖盘
872,14:09:54,6.92,--,89,61588,卖盘
873,14:09:51,6.92,--,4,2768,卖盘
874,14:09:48,6.92,--,81,56052,卖盘
875,14:09:45,6.92,-0.01,1601,1107892,卖盘
876,14:09:42,6.93,0.01,27,18711,买盘
877,14:09:39,6.92,--,75,51900,卖盘
878,14:09:36,6.92,--,16,11072,卖盘
879,14:09:33,6.92,-0.01,1538,1064296,卖盘
880,14:09:30,6.93,0.01,15,10395,买盘
881,14:09:27,6.92,--,419,289948,卖盘
882,14:09:24,6.92,--,1402,970184,卖盘
883,14:09:21,6.92,--,128,88576,卖盘
884,14:09:18,6.92,-0.01,14,9688,卖盘
885,14:09:09,6.93,0.01,25,17325,买盘
886,14:09:06,6.92,-0.01,178,123176,卖盘
887,14:09:03,6.93,0.01,12,8316,买盘
888,14:09:00,6.92,--,1082,748744,卖盘
889,14:08:54,6.92,--,40,27680,卖盘
890,14:08:51,6.92,--,1711,1184012,卖盘
891,14:08:48,6.92,--,10,6920,卖盘
892,14:08:45,6.92,-0.01,36,24912,卖盘
893,14:08:42,6.93,--,28,19404,买盘
894,14:08:39,6.93,0.01,59,40887,买盘
895,14:08:36,6.92,--,1,692,卖盘
896,14:08:33,6.92,--,90,62280,卖盘
897,14:08:27,6.92,--,1,692,卖盘
898,14:08:24,6.92,--,24,16608,卖盘
899,14:08:21,6.92,--,2171,1502332,卖盘
900,14:08:18,6.92,--,36,24912,卖盘
901,14:08:15,6.92,--,50,34600,卖盘
902,14:08:12,6.92,-0.01,8,5536,卖盘
903,14:08:09,6.93,-0.01,400,277754,卖盘
904,14:08:06,6.94,0.01,194,134636,买盘
905,14:08:03,6.93,--,2,1386,卖盘
906,14:07:57,6.93,--,1,693,卖盘
907,14:07:54,6.93,--,59,40887,卖盘
908,14:07:51,6.93,--,92,63756,卖盘
909,14:07:45,6.93,-0.01,4,2772,卖盘
910,14:07:42,6.94,--,43,29842,买盘
911,14:07:39,6.94,0.01,28,19432,买盘
912,14:07:36,6.93,-0.01,70,48510,卖盘
913,14:07:33,6.94,0.01,64,44416,买盘
914,14:07:30,6.93,--,41,28413,卖盘
915,14:07:24,6.93,--,2,1386,卖盘
916,14:07:21,6.93,-0.01,69,47817,卖盘
917,14:07:18,6.94,0.01,5,3470,买盘
918,14:07:12,6.93,--,1,693,卖盘
919,14:07:09,6.93,--,130,90090,卖盘
920,14:07:06,6.93,-0.01,198,137214,卖盘
921,14:07:03,6.94,0.01,2,1388,买盘
922,14:07:00,6.93,--,280,194040,卖盘
923,14:06:54,6.93,--,33,22869,卖盘
924,14:06:51,6.93,-0.01,373,258489,卖盘
925,14:06:48,6.94,--,21,14574,买盘
926,14:06:45,6.94,--,34,23596,买盘
927,14:06:42,6.94,0.01,193,133942,买盘
928,14:06:39,6.93,-0.01,20,13860,卖盘
929,14:06:36,6.94,0.01,102,70788,买盘
930,14:06:33,6.93,--,2,1386,卖盘
931,14:06:30,6.93,--,32,22176,卖盘
932,14:06:27,6.93,-0.01,9,6237,卖盘
933,14:06:24,6.94,0.01,621,430974,买盘
934,14:06:21,6.93,--,99,68607,卖盘
935,14:06:18,6.93,--,81,56133,卖盘
936,14:06:12,6.93,--,166,115038,卖盘
937,14:06:09,6.93,--,514,356202,卖盘
938,14:06:06,6.93,--,123,85239,卖盘
939,14:06:03,6.93,--,64,44352,卖盘
940,14:06:00,6.93,-0.01,68,47124,卖盘
941,14:05:57,6.94,0.01,55,38170,买盘
942,14:05:54,6.93,0.01,291,201801,买盘
943,14:05:51,6.92,--,2340,1619280,卖盘
944,14:05:48,6.92,-0.01,1,692,卖盘
945,14:05:42,6.93,--,26,18018,买盘
946,14:05:39,6.93,--,49,33957,买盘
947,14:05:36,6.93,0.01,100,69300,买盘
948,14:05:33,6.92,--,97,67124,卖盘
949,14:05:30,6.92,--,32,22144,卖盘
950,14:05:24,6.92,--,82,56744,卖盘
951,14:05:21,6.92,--,2866,1983272,卖盘
952,14:05:15,6.92,--,2,1384,卖盘
953,14:05:12,6.92,-0.01,36,24912,卖盘
954,14:05:09,6.93,--,899,623561,卖盘
955,14:05:06,6.93,--,2,1386,卖盘
956,14:05:03,6.93,--,172,119196,卖盘
957,14:04:57,6.93,--,32,22176,卖盘
958,14:04:54,6.93,--,174,120582,卖盘
959,14:04:51,6.93,--,298,206514,卖盘
960,14:04:45,6.93,-0.01,2,1386,卖盘
961,14:04:42,6.94,--,63,43722,买盘
962,14:04:39,6.94,0.01,26,18044,买盘
963,14:04:36,6.93,-0.01,4,2772,卖盘
964,14:04:33,6.94,0.01,147,102018,买盘
965,14:04:27,6.93,--,2,1386,卖盘
966,14:04:24,6.93,--,31,21483,卖盘
967,14:04:21,6.93,--,367,254331,卖盘
968,14:04:18,6.93,--,2,1386,卖盘
969,14:04:15,6.93,-0.01,11,7623,卖盘
970,14:04:12,6.94,0.01,50,34700,买盘
971,14:04:09,6.93,--,1,693,卖盘
972,14:04:06,6.93,--,103,71379,卖盘
973,14:04:03,6.93,--,170,117810,卖盘
974,14:04:00,6.93,--,19,13167,卖盘
975,14:03:57,6.93,--,1,693,卖盘
976,14:03:54,6.93,--,26,18018,卖盘
977,14:03:51,6.93,-0.01,446,309078,卖盘
978,14:03:48,6.94,0.01,40,27760,买盘
979,14:03:42,6.93,-0.01,1,693,卖盘
980,14:03:39,6.94,0.01,79,54826,买盘
981,14:03:36,6.93,--,81,56133,卖盘
982,14:03:33,6.93,--,60,41580,卖盘
983,14:03:30,6.93,--,1,693,卖盘
984,14:03:27,6.93,--,169,117117,卖盘
985,14:03:24,6.93,--,4,2772,卖盘
986,14:03:21,6.93,--,186,128898,卖盘
987,14:03:18,6.93,--,215,148995,卖盘
988,14:03:15,6.93,-0.01,1,693,卖盘
989,14:03:12,6.94,0.01,10,6940,买盘
990,14:03:09,6.93,--,1,693,卖盘
991,14:03:06,6.93,--,2,1386,卖盘
992,14:03:03,6.93,--,113,78309,卖盘
993,14:03:00,6.93,--,222,153846,卖盘
994,14:02:57,6.93,--,13,9009,卖盘
995,14:02:51,6.93,-0.01,3,2079,卖盘
996,14:02:48,6.94,0.01,239,165866,买盘
997,14:02:45,6.93,-0.01,103,71379,卖盘
998,14:02:42,6.94,--,1,694,买盘
999,14:02:39,6.94,0.01,15,10410,买盘
1000,14:02:36,6.93,--,34,23700,卖盘
1001,14:02:33,6.93,-0.01,15,10395,卖盘
1002,14:02:30,6.94,0.01,63,43722,买盘
1003,14:02:24,6.93,--,2,1386,卖盘
1004,14:02:21,6.93,--,2,1386,卖盘
1005,14:02:18,6.93,--,221,153153,卖盘
1006,14:02:15,6.93,--,1,693,卖盘
1007,14:02:12,6.93,--,22,15246,卖盘
1008,14:02:09,6.93,--,51,35343,卖盘
1009,14:02:06,6.93,--,7,4851,卖盘
1010,14:02:03,6.93,--,65,45045,卖盘
1011,14:02:00,6.93,--,173,119889,卖盘
1012,14:01:57,6.93,--,258,178794,卖盘
1013,14:01:54,6.93,--,20,13860,卖盘
1014,14:01:51,6.93,--,4,2772,卖盘
1015,14:01:48,6.93,--,244,169092,卖盘
1016,14:01:45,6.93,-0.01,2,1386,卖盘
1017,14:01:42,6.94,0.01,62,43028,买盘
1018,14:01:39,6.93,--,20,13860,卖盘
1019,14:01:36,6.93,--,32,22176,卖盘
1020,14:01:33,6.93,--,4,2772,卖盘
1021,14:01:30,6.93,--,424,293832,卖盘
1022,14:01:27,6.93,--,106,73458,卖盘
1023,14:01:24,6.93,--,12,8316,卖盘
1024,14:01:21,6.93,--,7,4851,卖盘
1025,14:01:18,6.93,--,238,164934,卖盘
1026,14:01:15,6.93,--,2,1386,卖盘
1027,14:01:12,6.93,--,10,6930,卖盘
1028,14:01:09,6.93,--,4,2772,卖盘
1029,14:01:03,6.93,--,37,25641,卖盘
1030,14:01:00,6.93,--,171,118503,卖盘
1031,14:00:57,6.93,--,20,13860,卖盘
1032,14:00:54,6.93,--,94,65142,卖盘
1033,14:00:51,6.93,--,8,5544,卖盘
1034,14:00:48,6.93,--,336,232848,卖盘
1035,14:00:45,6.93,-0.01,6,4158,卖盘
1036,14:00:42,6.94,--,99,68706,买盘
1037,14:00:39,6.94,--,1,694,买盘
1038,14:00:33,6.94,0.01,32,22208,买盘
1039,14:00:30,6.93,--,10,6930,卖盘
1040,14:00:27,6.93,-0.01,30,20790,卖盘
1041,14:00:24,6.94,0.01,102,70788,买盘
1042,14:00:21,6.93,--,8,5544,卖盘
1043,14:00:18,6.93,-0.01,170,117810,卖盘
1044,14:00:15,6.94,0.01,10,6940,买盘
1045,14:00:12,6.93,-0.01,64,44352,卖盘
1046,14:00:09,6.94,0.01,32,22208,买盘
1047,14:00:06,6.93,--,35,24255,卖盘
1048,14:00:03,6.93,--,4,2772,卖盘
1049,14:00:00,6.93,--,23,15939,卖盘
1050,13:59:57,6.93,--,723,501039,卖盘
1051,13:59:54,6.93,--,1,693,卖盘
1052,13:59:51,6.93,--,6,4158,卖盘
1053,13:59:48,6.93,--,250,173250,卖盘
1054,13:59:45,6.93,--,1,693,卖盘
1055,13:59:42,6.93,--,12,8316,卖盘
1056,13:59:33,6.93,-0.01,50,34650,卖盘
1057,13:59:30,6.94,0.01,420,291480,买盘
1058,13:59:27,6.93,--,42,29106,卖盘
1059,13:59:24,6.93,--,11,7623,卖盘
1060,13:59:21,6.93,--,13,9009,卖盘
1061,13:59:18,6.93,-0.01,383,265419,卖盘
1062,13:59:15,6.94,0.01,184,127696,买盘
1063,13:59:12,6.93,--,11,7623,卖盘
1064,13:59:09,6.93,-0.01,507,351351,卖盘
1065,13:59:06,6.94,0.01,22,15268,买盘
1066,13:59:03,6.93,--,1,693,卖盘
1067,13:59:00,6.93,--,1,693,卖盘
1068,13:58:57,6.93,--,171,118503,卖盘
1069,13:58:54,6.93,--,10,6930,卖盘
1070,13:58:51,6.93,--,14,9702,卖盘
1071,13:58:48,6.93,-0.01,600,415800,卖盘
1072,13:58:45,6.94,--,32,22208,买盘
1073,13:58:42,6.94,0.01,21,14574,买盘
1074,13:58:39,6.93,--,1,693,卖盘
1075,13:58:36,6.93,--,17,11781,卖盘
1076,13:58:33,6.93,--,102,70686,卖盘
1077,13:58:30,6.93,-0.01,70,48510,卖盘
1078,13:58:27,6.94,0.01,56,38864,买盘
1079,13:58:24,6.93,--,51,35343,卖盘
1080,13:58:21,6.93,--,8,5544,卖盘
1081,13:58:18,6.93,-0.01,261,180873,卖盘
1082,13:58:15,6.94,0.01,9,6246,买盘
1083,13:58:12,6.93,--,10,6930,卖盘
1084,13:58:09,6.93,--,1,693,卖盘
1085,13:58:06,6.93,-0.01,47,32571,卖盘
1086,13:58:03,6.94,0.01,2,1388,买盘
1087,13:58:00,6.93,--,13,9009,卖盘
1088,13:57:57,6.93,-0.01,560,388080,卖盘
1089,13:57:54,6.94,0.01,6,4164,买盘
1090,13:57:51,6.93,--,54,37422,卖盘
1091,13:57:48,6.93,--,284,196812,卖盘
1092,13:57:45,6.93,-0.01,183,126819,卖盘
1093,13:57:42,6.94,0.01,15,10410,买盘
1094,13:57:39,6.93,--,10,6930,卖盘
1095,13:57:36,6.93,--,15,10395,卖盘
1096,13:57:33,6.93,-0.01,26,18018,卖盘
1097,13:57:30,6.94,--,26,18044,买盘
1098,13:57:24,6.94,0.01,159,110346,买盘
1099,13:57:21,6.93,--,36,24948,卖盘
1100,13:57:18,6.93,--,648,449064,卖盘
1101,13:57:15,6.93,-0.01,444,307692,卖盘
1102,13:57:12,6.94,0.01,230,159620,买盘
1103,13:57:09,6.93,--,12,8316,卖盘
1104,13:57:06,6.93,-0.01,7,4851,卖盘
1105,13:57:03,6.94,0.01,2,1388,买盘
1106,13:57:00,6.93,-0.01,30,20790,卖盘
1107,13:56:57,6.94,0.01,257,178358,买盘
1108,13:56:54,6.93,--,22,15246,卖盘
1109,13:56:51,6.93,--,14,9702,卖盘
1110,13:56:48,6.93,--,617,427581,卖盘
1111,13:56:45,6.93,--,538,372834,卖盘
1112,13:56:42,6.93,--,3,2079,卖盘
1113,13:56:36,6.93,--,7,4851,卖盘
1114,13:56:33,6.93,--,2,1386,卖盘
1115,13:56:30,6.93,--,77,53361,卖盘
1116,13:56:27,6.93,-0.01,7,4851,卖盘
1117,13:56:24,6.94,0.01,160,111040,买盘
1118,13:56:21,6.93,--,131,90783,卖盘
1119,13:56:18,6.93,-0.01,429,297297,卖盘
1120,13:56:15,6.94,0.01,221,153374,买盘
1121,13:56:12,6.93,--,124,85932,卖盘
1122,13:56:09,6.93,--,506,350658,买盘
1123,13:56:06,6.93,--,14,9702,买盘
1124,13:56:03,6.93,0.01,12,8316,买盘
1125,13:56:00,6.92,--,1,692,卖盘
1126,13:55:57,6.92,-0.01,39,26988,卖盘
1127,13:55:54,6.93,--,557,386001,买盘
1128,13:55:51,6.93,--,62,42966,买盘
1129,13:55:48,6.93,0.01,2313,1602909,买盘
1130,13:55:45,6.92,-0.01,1,692,卖盘
1131,13:55:39,6.93,--,90,62370,买盘
1132,13:55:36,6.93,--,301,208593,买盘
1133,13:55:30,6.93,--,28,19404,买盘
1134,13:55:27,6.93,-0.01,205,142065,卖盘
1135,13:55:24,6.94,0.01,36,24984,买盘
1136,13:55:21,6.93,--,138,95634,卖盘
1137,13:55:18,6.93,--,227,157311,卖盘
1138,13:55:15,6.93,--,1,693,卖盘
1139,13:55:12,6.93,-0.01,2,1386,卖盘
1140,13:55:09,6.94,0.01,33,22902,买盘
1141,13:55:06,6.93,--,34,23562,卖盘
1142,13:55:03,6.93,--,53,36729,卖盘
1143,13:55:00,6.93,--,25,17325,卖盘
1144,13:54:57,6.93,--,30,20790,卖盘
1145,13:54:54,6.93,--,158,109494,卖盘
1146,13:54:51,6.93,--,20,13860,卖盘
1147,13:54:48,6.93,--,5,3465,卖盘
1148,13:54:45,6.93,-0.01,90,62370,卖盘
1149,13:54:42,6.94,0.01,374,259556,买盘
1150,13:54:36,6.93,-0.01,5,3465,卖盘
1151,13:54:33,6.94,0.01,52,36088,买盘
1152,13:54:30,6.93,--,17,11781,卖盘
1153,13:54:27,6.93,--,129,89397,卖盘
1154,13:54:24,6.93,--,31,21483,卖盘
1155,13:54:21,6.93,--,9,6237,卖盘
1156,13:54:18,6.93,--,112,77616,卖盘
1157,13:54:15,6.93,-0.01,62,42966,卖盘
1158,13:54:12,6.94,0.01,150,104100,买盘
1159,13:54:09,6.93,--,142,98406,卖盘
1160,13:54:06,6.93,--,3,2079,卖盘
1161,13:54:03,6.93,-0.01,45,31185,卖盘
1162,13:54:00,6.94,0.01,262,181828,买盘
1163,13:53:57,6.93,0.01,55,38115,买盘
1164,13:53:54,6.92,--,16,11072,卖盘
1165,13:53:51,6.92,-0.01,809,559828,卖盘
1166,13:53:48,6.93,--,575,398475,卖盘
1167,13:53:45,6.93,-0.01,204,141372,卖盘
1168,13:53:42,6.94,--,99,68706,买盘
1169,13:53:39,6.94,0.01,542,376148,买盘
1170,13:53:36,6.93,--,30,20790,卖盘
1171,13:53:33,6.93,-0.01,2,1386,卖盘
1172,13:53:30,6.94,0.01,18,12492,买盘
1173,13:53:27,6.93,--,8,5544,卖盘
1174,13:53:24,6.93,-0.01,55,38115,卖盘
1175,13:53:21,6.94,0.01,409,283846,买盘
1176,13:53:18,6.93,--,170,117810,卖盘
1177,13:53:15,6.93,--,304,210672,卖盘
1178,13:53:12,6.93,--,266,184338,卖盘
1179,13:53:09,6.93,--,102,70686,卖盘
1180,13:53:06,6.93,--,15,10395,卖盘
1181,13:53:03,6.93,-0.01,55,38115,卖盘
1182,13:53:00,6.94,0.01,34,23596,买盘
1183,13:52:57,6.93,--,26,18018,卖盘
1184,13:52:54,6.93,--,18,12474,卖盘
1185,13:52:51,6.93,-0.01,205,142065,卖盘
1186,13:52:48,6.94,0.01,658,456652,买盘
1187,13:52:45,6.93,0.01,2096,1452528,买盘
1188,13:52:42,6.92,-0.01,34,23528,卖盘
1189,13:52:39,6.93,-0.01,812,562716,卖盘
1190,13:52:36,6.94,0.01,29,20126,买盘
1191,13:52:33,6.93,--,1,693,卖盘
1192,13:52:30,6.93,-0.01,13,9009,卖盘
1193,13:52:27,6.94,0.01,128,88832,买盘
1194,13:52:24,6.93,--,147,101871,卖盘
1195,13:52:21,6.93,--,12,8316,卖盘
1196,13:52:18,6.93,--,119,82467,卖盘
1197,13:52:15,6.93,--,201,139293,卖盘
1198,13:52:12,6.93,--,235,162855,卖盘
1199,13:52:09,6.93,--,245,169785,卖盘
1200,13:52:06,6.93,-0.01,258,178794,卖盘
1201,13:52:03,6.94,0.01,51,35394,买盘
1202,13:52:00,6.93,--,104,72072,卖盘
1203,13:51:57,6.93,--,39,27027,卖盘
1204,13:51:54,6.93,--,419,290367,卖盘
1205,13:51:51,6.93,--,195,135135,卖盘
1206,13:51:48,6.93,--,17,11781,卖盘
1207,13:51:45,6.93,-0.01,170,117810,卖盘
1208,13:51:42,6.94,0.01,63,43722,买盘
1209,13:51:39,6.93,--,1,693,卖盘
1210,13:51:36,6.93,--,20,13860,卖盘
1211,13:51:33,6.93,-0.01,223,154539,卖盘
1212,13:51:30,6.94,0.01,217,150598,买盘
1213,13:51:24,6.93,--,4,2772,卖盘
1214,13:51:21,6.93,-0.01,35,24255,卖盘
1215,13:51:18,6.94,--,37,25678,买盘
1216,13:51:15,6.94,0.01,83,57602,买盘
1217,13:51:12,6.93,0.01,220,152460,卖盘
1218,13:51:09,6.92,-0.01,4000,2768000,卖盘
1219,13:51:06,6.93,--,1,693,卖盘
1220,13:51:03,6.93,--,2,1386,卖盘
1221,13:51:00,6.93,--,1,693,卖盘
1222,13:50:57,6.93,--,23,15939,卖盘
1223,13:50:54,6.93,--,4,2772,卖盘
1224,13:50:51,6.93,--,54,37422,卖盘
1225,13:50:48,6.93,--,207,143451,卖盘
1226,13:50:45,6.93,-0.01,478,331254,卖盘
1227,13:50:42,6.94,0.01,1,694,买盘
1228,13:50:36,6.93,--,1,693,卖盘
1229,13:50:30,6.93,-0.01,6,4158,卖盘
1230,13:50:27,6.94,0.01,24,16656,买盘
1231,13:50:24,6.93,-0.01,115,79695,卖盘
1232,13:50:21,6.94,--,23,15962,卖盘
1233,13:50:18,6.94,--,150,104100,卖盘
1234,13:50:15,6.94,--,161,111734,卖盘
1235,13:50:12,6.94,--,9,6246,卖盘
1236,13:50:09,6.94,-0.01,71,49274,卖盘
1237,13:50:06,6.95,0.01,150,104250,买盘
1238,13:50:03,6.94,--,7,4858,卖盘
1239,13:50:00,6.94,--,66,45804,卖盘
1240,13:49:57,6.94,--,142,98548,卖盘
1241,13:49:54,6.94,--,2,1388,卖盘
1242,13:49:51,6.94,--,19,13186,卖盘
1243,13:49:48,6.94,--,181,125614,卖盘
1244,13:49:45,6.94,-0.01,63,43722,卖盘
1245,13:49:42,6.95,0.01,4,2780,买盘
1246,13:49:39,6.94,--,26,18044,卖盘
1247,13:49:36,6.94,--,50,34700,卖盘
1248,13:49:33,6.94,--,14,9716,卖盘
1249,13:49:30,6.94,--,109,75646,买盘
1250,13:49:27,6.94,0.01,19,13186,买盘
1251,13:49:24,6.93,--,26,18018,卖盘
1252,13:49:21,6.93,--,238,164934,卖盘
1253,13:49:18,6.93,--,31,21483,卖盘
1254,13:49:15,6.93,-0.01,267,185031,卖盘
1255,13:49:12,6.94,--,188,130472,卖盘
1256,13:49:09,6.94,--,42,29148,卖盘
1257,13:49:06,6.94,--,29,20126,卖盘
1258,13:49:03,6.94,--,41,28454,卖盘
1259,13:49:00,6.94,--,282,195708,卖盘
1260,13:48:57,6.94,--,1,694,卖盘
1261,13:48:54,6.94,--,8,5552,卖盘
1262,13:48:51,6.94,--,119,82586,卖盘
1263,13:48:48,6.94,--,171,118674,卖盘
1264,13:48:45,6.94,-0.01,178,123532,卖盘
1265,13:48:42,6.95,0.01,100,69500,买盘
1266,13:48:39,6.94,--,13,9022,卖盘
1267,13:48:36,6.94,--,47,32618,卖盘
1268,13:48:33,6.94,--,154,106876,卖盘
1269,13:48:30,6.94,--,20,13880,卖盘
1270,13:48:27,6.94,--,9,6246,卖盘
1271,13:48:24,6.94,-0.01,54,37476,卖盘
1272,13:48:21,6.95,--,37,25715,买盘
1273,13:48:18,6.95,0.01,62,43090,买盘
1274,13:48:15,6.94,-0.01,290,201260,卖盘
1275,13:48:12,6.95,0.01,63,43785,买盘
1276,13:48:09,6.94,--,52,36088,卖盘
1277,13:48:06,6.94,--,17,11798,卖盘
1278,13:48:03,6.94,--,6,4164,卖盘
1279,13:48:00,6.94,--,151,104794,卖盘
1280,13:47:57,6.94,0.01,1135,787690,买盘
1281,13:47:54,6.93,--,31,21483,卖盘
1282,13:47:51,6.93,--,9,6237,卖盘
1283,13:47:48,6.93,--,69,47817,卖盘
1284,13:47:45,6.93,--,625,433125,卖盘
1285,13:47:42,6.93,--,23,15939,卖盘
1286,13:47:39,6.93,--,76,52668,卖盘
1287,13:47:36,6.93,-0.01,31,21483,卖盘
1288,13:47:27,6.94,0.01,5,3470,买盘
1289,13:47:24,6.93,-0.01,3,2079,卖盘
1290,13:47:21,6.94,0.01,62,43028,买盘
1291,13:47:18,6.93,--,263,182259,卖盘
1292,13:47:15,6.93,--,49,33957,卖盘
1293,13:47:12,6.93,-0.01,429,297297,卖盘
1294,13:47:09,6.94,0.01,66,45804,买盘
1295,13:47:06,6.93,--,10,7345,卖盘
1296,13:47:03,6.93,--,11,7623,卖盘
1297,13:47:00,6.93,--,52,36036,卖盘
1298,13:46:57,6.93,--,25,17325,卖盘
1299,13:46:54,6.93,--,5,3465,卖盘
1300,13:46:51,6.93,--,7,4851,卖盘
1301,13:46:48,6.93,--,91,63063,卖盘
1302,13:46:45,6.93,--,568,393624,卖盘
1303,13:46:42,6.93,--,26,18018,卖盘
1304,13:46:39,6.93,--,5,3465,卖盘
1305,13:46:36,6.93,--,49,33957,卖盘
1306,13:46:33,6.93,--,12,8316,卖盘
1307,13:46:30,6.93,--,36,24948,卖盘
1308,13:46:27,6.93,--,46,31878,卖盘
1309,13:46:24,6.93,--,3,2079,卖盘
1310,13:46:21,6.93,--,41,28413,卖盘
1311,13:46:18,6.93,--,26,18018,卖盘
1312,13:46:15,6.93,-0.01,30,20790,卖盘
1313,13:46:12,6.94,--,105,72870,卖盘
1314,13:46:09,6.94,-0.01,14,9716,中性盘
1315,13:46:06,6.95,0.01,94,65330,买盘
1316,13:46:03,6.94,0.01,16,11104,买盘
1317,13:46:00,6.93,--,22,15246,卖盘
1318,13:45:57,6.93,--,60,41580,卖盘
1319,13:45:54,6.93,-0.01,215,148995,卖盘
1320,13:45:51,6.94,0.01,1811,1256834,买盘
1321,13:45:48,6.93,--,50,34650,卖盘
1322,13:45:45,6.93,--,215,148995,卖盘
1323,13:45:42,6.93,-0.01,515,356895,卖盘
1324,13:45:39,6.94,0.01,1514,1050716,买盘
1325,13:45:36,6.93,--,88,60984,卖盘
1326,13:45:33,6.93,--,1,693,卖盘
1327,13:45:30,6.93,--,23,15939,卖盘
1328,13:45:27,6.93,--,3,2079,卖盘
1329,13:45:24,6.93,-0.01,33,22869,卖盘
1330,13:45:21,6.94,0.01,7,4858,买盘
1331,13:45:18,6.93,--,31,21483,卖盘
1332,13:45:15,6.93,--,42,29106,卖盘
1333,13:45:12,6.93,-0.01,382,264726,卖盘
1334,13:45:09,6.94,--,86,59684,买盘
1335,13:45:06,6.94,0.01,486,337284,买盘
1336,13:45:03,6.93,0.01,14,9702,买盘
1337,13:45:00,6.92,--,28,19376,卖盘
1338,13:44:57,6.92,--,11,7612,卖盘
1339,13:44:54,6.92,-0.01,34,23528,卖盘
1340,13:44:51,6.93,0.01,212,146916,买盘
1341,13:44:48,6.92,-0.01,346,239432,卖盘
1342,13:44:45,6.93,0.01,139,96327,买盘
1343,13:44:42,6.92,--,668,462256,卖盘
1344,13:44:39,6.92,-0.01,33,22836,卖盘
1345,13:44:36,6.93,0.01,81,56133,买盘
1346,13:44:30,6.92,--,24,16608,卖盘
1347,13:44:24,6.92,-0.01,31,21452,卖盘
1348,13:44:21,6.93,--,35,24255,卖盘
1349,13:44:18,6.93,--,121,83853,卖盘
1350,13:44:15,6.93,0.01,78,54054,中性盘
1351,13:44:12,6.92,--,591,408972,卖盘
1352,13:44:09,6.92,--,100,69200,卖盘
1353,13:44:06,6.92,-0.02,30,20760,卖盘
1354,13:44:03,6.94,0.02,121,83974,买盘
1355,13:44:00,6.92,-0.01,22,15224,卖盘
1356,13:43:57,6.93,--,69,47817,买盘
1357,13:43:54,6.93,0.01,120,83160,买盘
1358,13:43:51,6.92,--,1,692,卖盘
1359,13:43:48,6.92,-0.01,50,34600,卖盘
1360,13:43:45,6.93,--,22,15246,卖盘
1361,13:43:42,6.93,--,189,130977,卖盘
1362,13:43:39,6.93,--,80,55440,卖盘
1363,13:43:36,6.93,0.01,119,82467,买盘
1364,13:43:33,6.92,--,1,692,卖盘
1365,13:43:30,6.92,--,32,22144,卖盘
1366,13:43:24,6.92,-0.01,51,35292,卖盘
1367,13:43:21,6.93,0.01,1,693,买盘
1368,13:43:18,6.92,--,34,23528,卖盘
1369,13:43:15,6.92,--,8,5536,卖盘
1370,13:43:12,6.92,-0.02,49,33908,卖盘
1371,13:43:09,6.94,0.02,26,18044,买盘
1372,13:43:06,6.92,--,26,17992,卖盘
1373,13:43:03,6.92,--,73,50516,卖盘
1374,13:43:00,6.92,-0.01,84,58128,卖盘
1375,13:42:57,6.93,0.01,10,6930,买盘
1376,13:42:54,6.92,--,24,16608,卖盘
1377,13:42:51,6.92,--,80,55360,卖盘
1378,13:42:48,6.92,--,39,26988,卖盘
1379,13:42:45,6.92,--,474,328008,卖盘
1380,13:42:42,6.92,--,255,176460,卖盘
1381,13:42:39,6.92,--,31,21452,卖盘
1382,13:42:36,6.92,--,34,23528,卖盘
1383,13:42:33,6.92,--,5,3460,卖盘
1384,13:42:30,6.92,-0.02,34,23528,卖盘
1385,13:42:24,6.94,0.01,32,22208,买盘
1386,13:42:21,6.93,0.01,72,49896,买盘
1387,13:42:18,6.92,--,46,31832,卖盘
1388,13:42:15,6.92,-0.01,644,445648,卖盘
1389,13:42:09,6.93,-0.01,10,6930,卖盘
1390,13:42:06,6.94,0.02,85,58990,买盘
1391,13:42:03,6.92,-0.02,24,16608,卖盘
1392,13:42:00,6.94,0.02,16,11104,买盘
1393,13:41:57,6.92,--,22,15224,卖盘
1394,13:41:54,6.92,--,8,5536,卖盘
1395,13:41:51,6.92,--,208,143936,卖盘
1396,13:41:48,6.92,--,27,18684,卖盘
1397,13:41:45,6.92,-0.01,829,573668,卖盘
1398,13:41:42,6.93,0.01,13,9009,买盘
1399,13:41:39,6.92,--,197,136324,卖盘
1400,13:41:36,6.92,-0.01,44,30448,卖盘
1401,13:41:33,6.93,--,33,22869,买盘
1402,13:41:30,6.93,0.01,1,693,买盘
1403,13:41:27,6.92,--,27,18684,卖盘
1404,13:41:24,6.92,-0.01,25,17300,卖盘
1405,13:41:21,6.93,0.01,11,7623,买盘
1406,13:41:18,6.92,-0.01,184,127328,卖盘
1407,13:41:15,6.93,0.01,1050,727650,中性盘
1408,13:41:12,6.92,--,53,36676,卖盘
1409,13:41:09,6.92,--,1590,1100280,卖盘
1410,13:41:06,6.92,-0.01,35,24220,卖盘
1411,13:41:03,6.93,--,1,693,买盘
1412,13:41:00,6.93,0.01,57,39501,买盘
1413,13:40:57,6.92,-0.01,33,22836,卖盘
1414,13:40:54,6.93,0.01,70,48510,买盘
1415,13:40:51,6.92,-0.01,32,22144,卖盘
1416,13:40:48,6.93,--,81,56133,买盘
1417,13:40:45,6.93,--,1211,839223,买盘
1418,13:40:42,6.93,--,28,19404,买盘
1419,13:40:36,6.93,--,8,5544,卖盘
1420,13:40:33,6.93,-0.01,66,45738,买盘
1421,13:40:30,6.94,0.02,240,166560,买盘
1422,13:40:27,6.92,-0.01,19,13148,卖盘
1423,13:40:24,6.93,-0.01,283,196119,卖盘
1424,13:40:21,6.94,0.01,135,93690,买盘
1425,13:40:18,6.93,--,38,26334,卖盘
1426,13:40:15,6.93,--,98,67914,卖盘
1427,13:40:12,6.93,--,27,18711,卖盘
1428,13:40:09,6.93,--,49,33957,卖盘
1429,13:40:06,6.93,--,453,313929,卖盘
1430,13:40:03,6.93,--,41,28413,卖盘
1431,13:40:00,6.93,--,111,76923,卖盘
1432,13:39:57,6.93,--,216,149688,卖盘
1433,13:39:54,6.93,--,33,22869,卖盘
1434,13:39:51,6.93,--,20,13860,卖盘
1435,13:39:48,6.93,--,281,194733,卖盘
1436,13:39:45,6.93,--,1861,1289673,买盘
1437,13:39:42,6.93,--,89,61677,买盘
1438,13:39:39,6.93,--,278,192654,买盘
1439,13:39:36,6.93,0.01,200,138600,买盘
1440,13:39:33,6.92,--,39,26988,卖盘
1441,13:39:30,6.92,--,5,3460,卖盘
1442,13:39:27,6.92,--,25,17300,卖盘
1443,13:39:21,6.92,--,38,26296,卖盘
1444,13:39:18,6.92,--,91,62972,卖盘
1445,13:39:15,6.92,-0.01,2230,1543160,卖盘
1446,13:39:12,6.93,0.01,100,69300,买盘
1447,13:39:09,6.92,--,79,54668,卖盘
1448,13:39:06,6.92,-0.01,11,7612,卖盘
1449,13:39:03,6.93,--,193,134421,卖盘
1450,13:39:00,6.93,--,101,69993,卖盘
1451,13:38:57,6.93,--,43,29799,卖盘
1452,13:38:54,6.93,--,18,12474,卖盘
1453,13:38:51,6.93,--,118,81774,卖盘
1454,13:38:48,6.93,--,6,4158,卖盘
1455,13:38:45,6.93,--,75,51975,卖盘
1456,13:38:42,6.93,--,45,31185,卖盘
1457,13:38:39,6.93,0.01,84,58232,买盘
1458,13:38:36,6.92,-0.01,204,141168,卖盘
1459,13:38:33,6.93,-0.01,624,433104,卖盘
1460,13:38:30,6.94,0.01,30,20820,买盘
1461,13:38:24,6.93,--,34,23562,卖盘
1462,13:38:21,6.93,--,50,34650,卖盘
1463,13:38:18,6.93,--,104,72072,卖盘
1464,13:38:15,6.93,--,350,242550,卖盘
1465,13:38:09,6.93,--,45,31185,卖盘
1466,13:38:06,6.93,--,5,3465,卖盘
1467,13:38:03,6.93,-0.01,47,32571,卖盘
1468,13:38:00,6.94,--,113,78422,买盘
1469,13:37:57,6.94,0.01,81,56214,买盘
1470,13:37:51,6.93,--,25,17325,卖盘
1471,13:37:48,6.93,--,56,38808,卖盘
1472,13:37:45,6.93,--,159,110187,卖盘
1473,13:37:42,6.93,--,26,18018,卖盘
1474,13:37:39,6.93,-0.01,23,15939,卖盘
1475,13:37:36,6.94,0.01,287,199178,买盘
1476,13:37:33,6.93,--,201,139293,卖盘
1477,13:37:30,6.93,--,5,3465,卖盘
1478,13:37:27,6.93,--,33,22869,卖盘
1479,13:37:24,6.93,--,2,1406,卖盘
1480,13:37:21,6.93,--,119,82467,卖盘
1481,13:37:18,6.93,--,8,5544,卖盘
1482,13:37:15,6.93,--,260,180180,卖盘
1483,13:37:12,6.93,--,13,9009,卖盘
1484,13:37:09,6.93,--,3,2079,卖盘
1485,13:37:06,6.93,--,139,96327,卖盘
1486,13:37:03,6.93,-0.01,5,3465,卖盘
1487,13:37:00,6.94,--,25,17350,买盘
1488,13:36:57,6.94,0.01,61,42334,买盘
1489,13:36:54,6.93,-0.01,2,1386,卖盘
1490,13:36:51,6.94,0.01,74,51356,买盘
1491,13:36:48,6.93,--,15,10395,卖盘
1492,13:36:45,6.93,--,150,103950,卖盘
1493,13:36:42,6.93,--,75,51975,卖盘
1494,13:36:39,6.93,--,27,18711,卖盘
1495,13:36:36,6.93,--,128,88704,卖盘
1496,13:36:33,6.93,-0.01,47,32571,卖盘
1497,13:36:30,6.94,0.01,1,694,买盘
1498,13:36:27,6.93,--,37,25641,卖盘
1499,13:36:24,6.93,--,1,693,卖盘
1500,13:36:21,6.93,--,6,4158,卖盘
1501,13:36:18,6.93,-0.01,34,23562,卖盘
1502,13:36:15,6.94,0.01,147,102018,买盘
1503,13:36:12,6.93,--,66,45738,卖盘
1504,13:36:09,6.93,-0.01,9,6237,卖盘
1505,13:36:06,6.94,0.01,25,17350,买盘
1506,13:36:03,6.93,-0.01,1,693,卖盘
1507,13:35:57,6.94,0.01,101,70094,买盘
1508,13:35:54,6.93,--,81,56133,卖盘
1509,13:35:51,6.93,--,82,56826,卖盘
1510,13:35:48,6.93,--,171,118503,卖盘
1511,13:35:45,6.93,-0.01,193,133749,卖盘
1512,13:35:42,6.94,0.01,31,21514,买盘
1513,13:35:39,6.93,-0.01,203,140679,卖盘
1514,13:35:36,6.94,0.01,32,22208,买盘
1515,13:35:33,6.93,-0.01,200,138600,卖盘
1516,13:35:30,6.94,0.01,1,694,买盘
1517,13:35:27,6.93,-0.01,4,2772,卖盘
1518,13:35:24,6.94,0.01,10,6940,买盘
1519,13:35:21,6.93,-0.01,117,81081,卖盘
1520,13:35:18,6.94,0.01,121,83974,买盘
1521,13:35:15,6.93,--,56,38808,卖盘
1522,13:35:12,6.93,--,193,133749,卖盘
1523,13:35:09,6.93,--,6,4158,卖盘
1524,13:35:06,6.93,--,59,40887,卖盘
1525,13:35:03,6.93,-0.01,7,4851,卖盘
1526,13:35:00,6.94,--,28,19432,买盘
1527,13:34:57,6.94,0.01,1,694,买盘
1528,13:34:54,6.93,-0.01,10,6930,卖盘
1529,13:34:51,6.94,--,59,40946,买盘
1530,13:34:48,6.94,0.01,19,13186,买盘
1531,13:34:45,6.93,--,207,143451,卖盘
1532,13:34:42,6.93,--,1,693,卖盘
1533,13:34:36,6.93,--,54,37422,卖盘
1534,13:34:33,6.93,-0.01,175,121275,卖盘
1535,13:34:30,6.94,0.01,35,24290,买盘
1536,13:34:24,6.93,--,9,6237,卖盘
1537,13:34:21,6.93,-0.01,48,33264,卖盘
1538,13:34:18,6.94,0.01,1501,1041694,买盘
1539,13:34:15,6.93,--,19,13167,卖盘
1540,13:34:12,6.93,-0.01,524,363132,卖盘
1541,13:34:09,6.94,0.01,6,4164,买盘
1542,13:34:06,6.93,--,6,4158,卖盘
1543,13:34:03,6.93,--,8,5544,卖盘
1544,13:34:00,6.93,--,10,6930,卖盘
1545,13:33:57,6.93,-0.01,39,27027,卖盘
1546,13:33:54,6.94,0.01,51,35394,买盘
1547,13:33:51,6.93,--,64,44352,卖盘
1548,13:33:45,6.93,--,63,43659,卖盘
1549,13:33:42,6.93,-0.01,374,259182,卖盘
1550,13:33:39,6.94,0.01,207,143658,买盘
1551,13:33:36,6.93,-0.01,20,13860,卖盘
1552,13:33:33,6.94,--,202,140188,买盘
1553,13:33:30,6.94,0.01,2,1388,买盘
1554,13:33:21,6.93,--,5,3465,卖盘
1555,13:33:18,6.93,--,60,41580,卖盘
1556,13:33:15,6.93,-0.01,30,20790,卖盘
1557,13:33:12,6.94,0.01,879,610026,买盘
1558,13:33:09,6.93,--,16,11088,卖盘
1559,13:33:03,6.93,--,20,13860,卖盘
1560,13:33:00,6.93,--,79,54747,卖盘
1561,13:32:57,6.93,--,229,158697,卖盘
1562,13:32:54,6.93,--,61,42273,卖盘
1563,13:32:51,6.93,-0.01,9,6237,卖盘
1564,13:32:48,6.94,0.01,104,72176,买盘
1565,13:32:45,6.93,--,42,29106,卖盘
1566,13:32:42,6.93,--,322,223146,卖盘
1567,13:32:39,6.93,--,1,693,卖盘
1568,13:32:33,6.93,--,32,22176,卖盘
1569,13:32:30,6.93,--,144,99792,卖盘
1570,13:32:24,6.93,--,1,693,卖盘
1571,13:32:21,6.93,-0.01,38,26334,卖盘
1572,13:32:18,6.94,--,14,9716,买盘
1573,13:32:15,6.94,0.01,33,22902,买盘
1574,13:32:12,6.93,-0.01,283,196119,卖盘
1575,13:32:09,6.94,--,32,22208,买盘
1576,13:32:06,6.94,0.01,100,69400,买盘
1577,13:32:00,6.93,--,7,4851,卖盘
1578,13:31:57,6.93,-0.01,67,46431,卖盘
1579,13:31:54,6.94,0.01,42,29148,买盘
1580,13:31:51,6.93,-0.01,1,693,卖盘
1581,13:31:48,6.94,0.01,59,40946,买盘
1582,13:31:45,6.93,--,8,5544,卖盘
1583,13:31:42,6.93,--,226,156618,卖盘
1584,13:31:39,6.93,--,1,693,卖盘
1585,13:31:33,6.93,--,15,10395,卖盘
1586,13:31:30,6.93,--,170,117810,卖盘
1587,13:31:27,6.93,--,1,693,卖盘
1588,13:31:21,6.93,--,21,14553,卖盘
1589,13:31:18,6.93,--,1,693,卖盘
1590,13:31:15,6.93,--,12,8316,卖盘
1591,13:31:12,6.93,-0.01,277,191961,卖盘
1592,13:31:06,6.94,0.01,20,13880,买盘
1593,13:31:03,6.93,--,55,38115,卖盘
1594,13:31:00,6.93,-0.01,7,4851,卖盘
1595,13:30:57,6.94,0.01,100,69400,买盘
1596,13:30:51,6.93,--,30,20790,卖盘
1597,13:30:48,6.93,-0.01,3,2079,卖盘
1598,13:30:45,6.94,0.01,66,45804,买盘
1599,13:30:42,6.93,--,205,142065,卖盘
1600,13:30:39,6.93,-0.01,2,1386,卖盘
1601,13:30:33,6.94,--,37,25678,买盘
1602,13:30:30,6.94,--,22,15268,卖盘
1603,13:30:27,6.94,--,257,178358,卖盘
1604,13:30:24,6.94,--,3,2082,卖盘
1605,13:30:21,6.94,--,1,694,卖盘
1606,13:30:18,6.94,--,20,13880,卖盘
1607,13:30:15,6.94,--,94,65236,卖盘
1608,13:30:12,6.94,--,22,15268,卖盘
1609,13:30:09,6.94,--,24,16656,卖盘
1610,13:30:06,6.94,0.01,11,7634,买盘
1611,13:30:03,6.93,--,41,28413,卖盘
1612,13:30:00,6.93,-0.01,1206,835758,卖盘
1613,13:29:57,6.94,--,41,28454,卖盘
1614,13:29:54,6.94,-0.01,18,12492,卖盘
1615,13:29:51,6.95,0.01,35,24325,买盘
1616,13:29:48,6.94,--,36,24984,卖盘
1617,13:29:45,6.94,--,157,108958,卖盘
1618,13:29:42,6.94,--,55,38170,卖盘
1619,13:29:39,6.94,-0.01,55,38170,卖盘
1620,13:29:36,6.95,0.01,44,30580,买盘
1621,13:29:33,6.94,--,1,694,卖盘
1622,13:29:30,6.94,0.01,62,43028,买盘
1623,13:29:27,6.93,-0.01,175,121275,卖盘
1624,13:29:24,6.94,--,100,69400,买盘
1625,13:29:21,6.94,-0.01,7,4858,中性盘
1626,13:29:09,6.95,0.01,64,44480,买盘
1627,13:29:06,6.94,--,82,56908,卖盘
1628,13:29:03,6.94,--,2,1388,卖盘
1629,13:29:00,6.94,--,100,69400,卖盘
1630,13:28:54,6.94,--,6,4164,卖盘
1631,13:28:51,6.94,0.01,97,67318,买盘
1632,13:28:45,6.93,-0.02,6,4158,卖盘
1633,13:28:42,6.95,0.01,113,78535,买盘
1634,13:28:39,6.94,--,100,69400,卖盘
1635,13:28:36,6.94,--,41,28454,卖盘
1636,13:28:33,6.94,--,7,4858,卖盘
1637,13:28:30,6.94,--,226,156844,卖盘
1638,13:28:27,6.94,--,188,130472,买盘
1639,13:28:24,6.94,0.01,14,9716,买盘
1640,13:28:21,6.93,-0.01,416,288288,卖盘
1641,13:28:18,6.94,0.01,386,267884,买盘
1642,13:28:15,6.93,--,47,32571,卖盘
1643,13:28:12,6.93,-0.01,1428,989604,卖盘
1644,13:28:09,6.94,--,13,9022,买盘
1645,13:28:06,6.94,--,10,6940,买盘
1646,13:28:03,6.94,0.01,66,45804,买盘
1647,13:28:00,6.93,--,14,9702,卖盘
1648,13:27:57,6.93,-0.01,7,4851,卖盘
1649,13:27:54,6.94,0.01,100,69400,买盘
1650,13:27:51,6.93,--,4,2772,卖盘
1651,13:27:48,6.93,-0.01,33,22869,卖盘
1652,13:27:45,6.94,0.01,60,41640,买盘
1653,13:27:42,6.93,--,17,11781,卖盘
1654,13:27:39,6.93,--,569,394317,卖盘
1655,13:27:36,6.93,--,1,693,卖盘
1656,13:27:30,6.93,--,13,9009,卖盘
1657,13:27:27,6.93,--,151,104643,卖盘
1658,13:27:24,6.93,-0.01,20,13860,卖盘
1659,13:27:21,6.94,0.01,13,9022,买盘
1660,13:27:18,6.93,--,1,693,卖盘
1661,13:27:15,6.93,--,1,693,卖盘
1662,13:27:12,6.93,-0.01,5,3465,卖盘
1663,13:27:09,6.94,--,24,16656,买盘
1664,13:27:06,6.94,--,1,694,买盘
1665,13:27:03,6.94,0.01,12,8328,买盘
1666,13:26:51,6.93,-0.01,2,1386,卖盘
1667,13:26:48,6.94,0.01,32,22208,买盘
1668,13:26:45,6.93,-0.01,1,693,卖盘
1669,13:26:42,6.94,--,53,36782,买盘
1670,13:26:36,6.94,0.01,15,10410,买盘
1671,13:26:27,6.93,--,10,6930,卖盘
1672,13:26:24,6.93,-0.01,224,155232,卖盘
1673,13:26:21,6.94,--,15,10410,买盘
1674,13:26:15,6.94,--,20,13880,买盘
1675,13:26:12,6.94,0.01,2,1388,买盘
1676,13:26:06,6.93,--,1,693,卖盘
1677,13:26:00,6.93,--,10,6930,卖盘
1678,13:25:51,6.93,-0.02,1,693,卖盘
1679,13:25:48,6.95,0.02,26,18070,买盘
1680,13:25:45,6.93,-0.02,16,11088,卖盘
1681,13:25:42,6.95,0.01,145,100775,买盘
1682,13:25:39,6.94,--,60,41640,买盘
1683,13:25:36,6.94,--,2,1388,买盘
1684,13:25:33,6.94,--,69,47886,卖盘
1685,13:25:27,6.94,0.01,9,6246,中性盘
1686,13:25:24,6.93,-0.01,277,191961,卖盘
1687,13:25:21,6.94,0.01,112,77728,买盘
1688,13:25:18,6.93,-0.01,68,47124,卖盘
1689,13:25:15,6.94,0.01,87,60378,买盘
1690,13:25:12,6.93,--,110,76230,卖盘
1691,13:25:09,6.93,--,3561,2467773,卖盘
1692,13:25:03,6.93,--,50,34650,卖盘
1693,13:25:00,6.93,--,11,7623,卖盘
1694,13:24:57,6.93,--,86,59598,卖盘
1695,13:24:48,6.93,0.01,8,5634,买盘
1696,13:24:45,6.92,-0.01,52,36586,卖盘
1697,13:24:42,6.93,0.01,144,99882,买盘
1698,13:24:33,6.92,--,2,1384,卖盘
1699,13:24:27,6.92,--,6,4152,卖盘
1700,13:24:24,6.92,--,90,62280,卖盘
1701,13:24:21,6.92,-0.01,112,77504,卖盘
1702,13:24:18,6.93,0.01,550,381150,买盘
1703,13:24:15,6.92,--,4,2768,卖盘
1704,13:24:12,6.92,-0.01,9,6228,卖盘
1705,13:24:09,6.93,0.01,2,1386,买盘
1706,13:24:06,6.92,--,24,16608,卖盘
1707,13:24:03,6.92,-0.01,11,7612,卖盘
1708,13:24:00,6.93,--,341,236313,卖盘
1709,13:23:54,6.93,--,10,6930,卖盘
1710,13:23:51,6.93,--,227,157311,卖盘
1711,13:23:48,6.93,--,104,72072,卖盘
1712,13:23:45,6.93,-0.01,925,641025,卖盘
1713,13:23:42,6.94,0.01,34,23596,买盘
1714,13:23:39,6.93,-0.01,79,54747,卖盘
1715,13:23:36,6.94,--,231,160314,买盘
1716,13:23:33,6.94,--,9,6246,买盘
1717,13:23:30,6.94,0.01,10,6940,买盘
1718,13:23:27,6.93,--,2,1386,卖盘
1719,13:23:24,6.93,-0.01,6,4158,卖盘
1720,13:23:21,6.94,0.01,183,127002,买盘
1721,13:23:18,6.93,--,107,74151,卖盘
1722,13:23:15,6.93,-0.01,1,693,卖盘
1723,13:23:12,6.94,0.01,13,9022,买盘
1724,13:23:09,6.93,-0.01,5,3465,卖盘
1725,13:23:06,6.94,0.01,24,16656,买盘
1726,13:23:03,6.93,--,89,62182,卖盘
1727,13:23:00,6.93,--,17,11781,卖盘
1728,13:22:57,6.93,--,103,71379,卖盘
1729,13:22:54,6.93,--,110,76230,卖盘
1730,13:22:51,6.93,--,2,1386,卖盘
1731,13:22:48,6.93,--,5,3465,卖盘
1732,13:22:45,6.93,--,71,49729,卖盘
1733,13:22:42,6.93,--,30,20790,卖盘
1734,13:22:39,6.93,-0.01,55,38115,卖盘
1735,13:22:36,6.94,0.01,63,43722,买盘
1736,13:22:33,6.93,--,110,76230,卖盘
1737,13:22:30,6.93,--,1,693,卖盘
1738,13:22:27,6.93,--,21,14553,卖盘
1739,13:22:24,6.93,--,185,128205,卖盘
1740,13:22:21,6.93,--,297,206382,卖盘
1741,13:22:18,6.93,--,385,266805,卖盘
1742,13:22:15,6.93,--,1,693,卖盘
1743,13:22:12,6.93,--,20,13860,卖盘
1744,13:22:09,6.93,--,2,1386,卖盘
1745,13:22:06,6.93,--,8,5544,卖盘
1746,13:22:00,6.93,--,3,2079,卖盘
1747,13:21:54,6.93,-0.01,1,693,卖盘
1748,13:21:51,6.94,--,10,6940,买盘
1749,13:21:48,6.94,0.01,17,11798,买盘
1750,13:21:42,6.93,--,33,22869,卖盘
1751,13:21:39,6.93,-0.01,167,115731,卖盘
1752,13:21:36,6.94,0.01,358,248452,买盘
1753,13:21:33,6.93,0.01,58,40194,买盘
1754,13:21:30,6.92,--,55,38060,卖盘
1755,13:21:24,6.92,-0.01,22,15224,卖盘
1756,13:21:21,6.93,0.01,641,444213,买盘
1757,13:21:18,6.92,-0.01,20,13840,卖盘
1758,13:21:15,6.93,--,24,16632,买盘
1759,13:21:09,6.93,--,11,7623,买盘
1760,13:21:06,6.93,--,23,15939,买盘
1761,13:21:03,6.93,0.01,100,69300,买盘
1762,13:20:57,6.92,-0.01,16,11072,卖盘
1763,13:20:54,6.93,0.01,37,25641,买盘
1764,13:20:51,6.92,-0.01,43,29756,卖盘
1765,13:20:48,6.93,0.01,11,7623,买盘
1766,13:20:45,6.92,--,1,692,卖盘
1767,13:20:42,6.92,-0.01,9,6228,卖盘
1768,13:20:39,6.93,0.01,271,187803,买盘
1769,13:20:36,6.92,--,18,12456,卖盘
1770,13:20:33,6.92,-0.01,525,363300,卖盘
1771,13:20:27,6.93,0.01,17,11781,买盘
1772,13:20:24,6.92,--,9,6228,卖盘
1773,13:20:21,6.92,--,295,204140,卖盘
1774,13:20:18,6.92,-0.01,179,123868,卖盘
1775,13:20:15,6.93,0.01,25,17325,买盘
1776,13:20:12,6.92,--,6,4152,卖盘
1777,13:20:09,6.92,-0.01,5,3460,卖盘
1778,13:20:06,6.93,--,27,18711,买盘
1779,13:20:00,6.93,--,6,4158,买盘
1780,13:19:57,6.93,0.01,3,2079,买盘
1781,13:19:51,6.92,--,70,48440,卖盘
1782,13:19:48,6.92,-0.01,64,44288,卖盘
1783,13:19:45,6.93,0.01,1077,746361,买盘
1784,13:19:39,6.92,-0.01,16,11072,卖盘
1785,13:19:36,6.93,--,86,59598,买盘
1786,13:19:33,6.93,--,6,4158,买盘
1787,13:19:30,6.93,--,4,2772,买盘
1788,13:19:27,6.93,0.01,15,10395,买盘
1789,13:19:21,6.92,--,58,40136,卖盘
1790,13:19:18,6.92,-0.01,170,117640,卖盘
1791,13:19:15,6.93,0.01,11,7623,买盘
1792,13:19:09,6.92,--,5,3460,卖盘
1793,13:19:06,6.92,--,27,18684,卖盘
1794,13:19:03,6.92,-0.01,1,692,卖盘
1795,13:18:57,6.93,--,1,693,买盘
1796,13:18:54,6.93,--,26,18018,买盘
1797,13:18:51,6.93,--,12,8316,买盘
1798,13:18:48,6.93,--,76,52668,买盘
1799,13:18:45,6.93,0.01,134,92862,买盘
1800,13:18:42,6.92,-0.01,801,554292,卖盘
1801,13:18:36,6.93,--,77,53361,买盘
1802,13:18:33,6.93,--,57,39501,买盘
1803,13:18:27,6.93,0.01,60,41580,买盘
1804,13:18:24,6.92,--,13,8996,卖盘
1805,13:18:21,6.92,--,438,303096,卖盘
1806,13:18:18,6.92,--,96,66432,卖盘
1807,13:18:15,6.92,-0.01,81,56052,卖盘
1808,13:18:12,6.93,--,1,693,买盘
1809,13:18:09,6.93,--,34,23562,买盘
1810,13:18:06,6.93,0.01,300,207900,买盘
1811,13:18:03,6.92,--,33,22836,卖盘
1812,13:18:00,6.92,--,1000,692000,卖盘
1813,13:17:57,6.92,-0.01,32,22144,卖盘
1814,13:17:54,6.93,0.01,30,20790,买盘
1815,13:17:51,6.92,--,16,11072,卖盘
1816,13:17:45,6.92,--,2,1384,卖盘
1817,13:17:42,6.92,-0.01,5,4013,卖盘
1818,13:17:36,6.93,0.01,30,20790,买盘
1819,13:17:33,6.92,--,72,49824,卖盘
1820,13:17:30,6.92,-0.01,357,247044,卖盘
1821,13:17:27,6.93,--,2,1386,买盘
1822,13:17:24,6.93,0.01,1,693,买盘
1823,13:17:21,6.92,-0.01,4,2768,卖盘
1824,13:17:18,6.93,0.01,108,74844,买盘
1825,13:17:15,6.92,--,220,152240,卖盘
1826,13:17:12,6.92,--,40,27680,卖盘
1827,13:17:09,6.92,--,4,2768,卖盘
1828,13:17:06,6.92,--,90,62280,卖盘
1829,13:17:03,6.92,-0.01,184,127328,卖盘
1830,13:17:00,6.93,0.01,24,16632,买盘
1831,13:16:57,6.92,-0.01,8,5536,卖盘
1832,13:16:48,6.93,--,8,5544,买盘
1833,13:16:45,6.93,--,51,35343,买盘
1834,13:16:39,6.93,0.01,21,14553,买盘
1835,13:16:36,6.92,--,41,28372,卖盘
1836,13:16:33,6.92,--,29,20068,卖盘
1837,13:16:30,6.92,-0.01,2,1384,卖盘
1838,13:16:27,6.93,0.01,62,42966,买盘
1839,13:16:21,6.92,--,2,1384,卖盘
1840,13:16:18,6.92,--,25,17300,卖盘
1841,13:16:15,6.92,--,172,119024,卖盘
1842,13:16:12,6.92,--,11,7612,卖盘
1843,13:16:09,6.92,--,68,47056,卖盘
1844,13:16:03,6.92,-0.01,3,2076,卖盘
1845,13:16:00,6.93,--,83,57519,买盘
1846,13:15:57,6.93,--,278,192654,买盘
1847,13:15:54,6.93,0.01,18,12474,买盘
1848,13:15:51,6.92,-0.01,2,1384,卖盘
1849,13:15:48,6.93,0.01,28,19404,买盘
1850,13:15:39,6.92,--,1,692,卖盘
1851,13:15:33,6.92,--,54,37368,卖盘
1852,13:15:30,6.92,-0.01,7,4844,卖盘
1853,13:15:27,6.93,0.01,142,98406,买盘
1854,13:15:21,6.92,--,6,4152,卖盘
1855,13:15:18,6.92,--,5,3460,卖盘
1856,13:15:15,6.92,--,151,104492,卖盘
1857,13:15:12,6.92,--,20,13840,卖盘
1858,13:15:09,6.92,-0.01,7,4844,卖盘
1859,13:15:06,6.93,--,352,243936,买盘
1860,13:15:03,6.93,--,118,81774,买盘
1861,13:14:54,6.93,0.01,100,69300,买盘
1862,13:14:51,6.92,-0.01,11,7612,卖盘
1863,13:14:48,6.93,0.01,9,6237,买盘
1864,13:14:45,6.92,--,8,5536,卖盘
1865,13:14:42,6.92,--,402,278184,卖盘
1866,13:14:36,6.92,-0.01,5,3460,卖盘
1867,13:14:33,6.93,0.01,34,23562,买盘
1868,13:14:30,6.92,-0.01,3,2076,卖盘
1869,13:14:27,6.93,0.01,53,36729,买盘
1870,13:14:21,6.92,--,25,17300,卖盘
1871,13:14:18,6.92,--,126,87192,卖盘
1872,13:14:15,6.92,--,90,62280,卖盘
1873,13:14:12,6.92,--,177,122484,卖盘
1874,13:14:09,6.92,--,113,78196,卖盘
1875,13:14:06,6.92,--,1,692,卖盘
1876,13:14:03,6.92,-0.01,27,18684,卖盘
1877,13:13:57,6.93,--,108,74844,买盘
1878,13:13:54,6.93,0.01,10,6930,买盘
1879,13:13:45,6.92,--,1,692,卖盘
1880,13:13:42,6.92,-0.01,34,23528,卖盘
1881,13:13:36,6.93,--,18,12474,买盘
1882,13:13:33,6.93,--,475,329175,买盘
1883,13:13:30,6.93,--,83,57519,买盘
1884,13:13:27,6.93,0.01,110,76230,买盘
1885,13:13:24,6.92,--,4,2768,卖盘
1886,13:13:21,6.92,--,32,22144,卖盘
1887,13:13:18,6.92,-0.01,392,271264,卖盘
1888,13:13:15,6.93,--,365,252945,买盘
1889,13:13:12,6.93,--,173,119889,买盘
1890,13:13:09,6.93,0.01,33,22869,买盘
1891,13:13:06,6.92,--,6,4152,卖盘
1892,13:13:03,6.92,--,5,3460,卖盘
1893,13:13:00,6.92,--,54,37963,卖盘
1894,13:12:57,6.92,-0.01,37,25604,卖盘
1895,13:12:54,6.93,0.01,7,4851,买盘
1896,13:12:51,6.92,--,1,692,卖盘
1897,13:12:48,6.92,--,152,105184,卖盘
1898,13:12:45,6.92,--,9,6228,卖盘
1899,13:12:42,6.92,-0.01,236,163422,卖盘
1900,13:12:36,6.93,--,22,15246,买盘
1901,13:12:33,6.93,0.01,49,33957,买盘
1902,13:12:30,6.92,-0.01,21,14532,卖盘
1903,13:12:27,6.93,--,41,28413,买盘
1904,13:12:24,6.93,--,36,24948,买盘
1905,13:12:21,6.93,0.01,620,430027,买盘
1906,13:12:18,6.92,--,231,159852,卖盘
1907,13:12:15,6.92,--,5,3460,卖盘
1908,13:12:12,6.92,-0.01,169,116948,卖盘
1909,13:12:06,6.93,0.01,14,9702,买盘
1910,13:12:03,6.92,-0.01,5,3460,卖盘
1911,13:11:57,6.93,0.01,36,24948,买盘
1912,13:11:54,6.92,-0.01,109,75428,卖盘
1913,13:11:51,6.93,--,7,4851,买盘
1914,13:11:48,6.93,--,1,693,买盘
1915,13:11:45,6.93,--,11,7623,买盘
1916,13:11:42,6.93,--,101,69993,买盘
1917,13:11:39,6.93,0.01,90,62370,买盘
1918,13:11:33,6.92,-0.01,5,3460,卖盘
1919,13:11:30,6.93,--,50,34650,买盘
1920,13:11:27,6.93,--,136,94248,买盘
1921,13:11:24,6.93,0.01,34,23562,买盘
1922,13:11:21,6.92,--,168,116885,卖盘
1923,13:11:18,6.92,--,99,68508,卖盘
1924,13:11:12,6.92,--,10,6920,卖盘
1925,13:11:09,6.92,--,276,190992,卖盘
1926,13:11:06,6.92,-0.01,6,4152,卖盘
1927,13:11:03,6.93,--,50,34650,买盘
1928,13:11:00,6.93,-0.01,125,86825,卖盘
1929,13:10:57,6.94,--,1051,729394,买盘
1930,13:10:54,6.94,0.01,127,88138,买盘
1931,13:10:51,6.93,-0.01,11,7623,卖盘
1932,13:10:48,6.94,0.01,1,694,买盘
1933,13:10:45,6.93,-0.01,1,693,卖盘
1934,13:10:39,6.94,0.01,2,1388,买盘
1935,13:10:36,6.93,--,68,47324,卖盘
1936,13:10:33,6.93,--,6,4158,卖盘
1937,13:10:30,6.93,-0.01,14,9702,卖盘
1938,13:10:27,6.94,--,1,694,买盘
1939,13:10:24,6.94,--,162,112428,买盘
1940,13:10:21,6.94,--,64,44416,买盘
1941,13:10:18,6.94,0.01,26,18044,买盘
1942,13:10:15,6.93,--,10,6930,卖盘
1943,13:10:12,6.93,--,208,144144,卖盘
1944,13:10:09,6.93,-0.01,169,117117,卖盘
1945,13:10:06,6.94,--,1,694,买盘
1946,13:10:03,6.94,0.01,28,19432,买盘
1947,13:10:00,6.93,--,1,693,卖盘
1948,13:09:57,6.93,-0.01,132,91767,卖盘
1949,13:09:54,6.94,0.01,82,56908,买盘
1950,13:09:51,6.93,--,152,105336,卖盘
1951,13:09:48,6.93,--,1,693,卖盘
1952,13:09:42,6.93,-0.01,20,13860,卖盘
1953,13:09:36,6.94,--,6,4164,买盘
1954,13:09:33,6.94,0.01,22,15268,买盘
1955,13:09:30,6.93,-0.01,86,59598,卖盘
1956,13:09:27,6.94,--,21,14574,买盘
1957,13:09:24,6.94,--,40,27760,买盘
1958,13:09:21,6.94,--,42,29148,买盘
1959,13:09:18,6.94,--,211,146434,买盘
1960,13:09:15,6.94,--,36,24984,买盘
1961,13:09:12,6.94,0.01,322,223468,买盘
1962,13:09:09,6.93,--,111,76923,卖盘
1963,13:09:06,6.93,--,135,93555,卖盘
1964,13:09:03,6.93,--,1,693,卖盘
1965,13:09:00,6.93,--,22,15246,卖盘
1966,13:08:51,6.93,-0.01,45,31185,卖盘
1967,13:08:48,6.94,0.01,334,231796,买盘
1968,13:08:42,6.93,-0.01,5,3465,卖盘
1969,13:08:39,6.94,0.01,107,74258,买盘
1970,13:08:36,6.93,--,86,59598,卖盘
1971,13:08:33,6.93,--,82,56826,卖盘
1972,13:08:30,6.93,--,6,4158,卖盘
1973,13:08:27,6.93,-0.01,2,1386,卖盘
1974,13:08:24,6.94,--,109,75646,买盘
1975,13:08:21,6.94,--,199,138106,买盘
1976,13:08:18,6.94,0.01,150,104100,买盘
1977,13:08:15,6.93,--,9,6237,卖盘
1978,13:08:12,6.93,--,136,94248,卖盘
1979,13:08:09,6.93,--,2,1386,卖盘
1980,13:08:06,6.93,--,173,119889,卖盘
1981,13:08:03,6.93,--,8,5544,卖盘
1982,13:08:00,6.93,-0.01,214,148302,卖盘
1983,13:07:57,6.94,0.01,23,15962,买盘
1984,13:07:54,6.93,--,23,15939,卖盘
1985,13:07:51,6.93,--,13,9009,卖盘
1986,13:07:48,6.93,--,23,15939,卖盘
1987,13:07:45,6.93,-0.01,12,8316,卖盘
1988,13:07:42,6.94,--,141,97854,买盘
1989,13:07:39,6.94,0.01,5,3470,买盘
1990,13:07:36,6.93,--,24,16632,卖盘
1991,13:07:33,6.93,--,86,59598,卖盘
1992,13:07:30,6.93,--,22,15246,卖盘
1993,13:07:27,6.93,--,2,1386,卖盘
1994,13:07:24,6.93,--,12,8316,卖盘
1995,13:07:21,6.93,-0.01,71,49203,卖盘
1996,13:07:18,6.94,0.01,58,40252,买盘
1997,13:07:15,6.93,--,6,4158,卖盘
1998,13:07:12,6.93,--,189,130977,卖盘
1999,13:07:09,6.93,--,163,112959,卖盘
2000,13:07:06,6.93,--,201,139293,卖盘
2001,13:07:03,6.93,--,87,60291,卖盘
2002,13:07:00,6.93,--,162,112266,卖盘
2003,13:06:57,6.93,-0.01,4,2772,卖盘
2004,13:06:54,6.94,--,34,23596,买盘
2005,13:06:51,6.94,0.01,175,121450,买盘
2006,13:06:48,6.93,-0.01,2,1386,卖盘
2007,13:06:45,6.94,0.01,6,4164,买盘
2008,13:06:42,6.93,-0.01,54,37422,卖盘
2009,13:06:39,6.94,0.01,148,102712,买盘
2010,13:06:36,6.93,--,13,9009,卖盘
2011,13:06:33,6.93,--,2,1386,卖盘
2012,13:06:30,6.93,--,2,1386,卖盘
2013,13:06:27,6.93,-0.01,34,23562,卖盘
2014,13:06:24,6.94,--,206,142964,买盘
2015,13:06:21,6.94,--,41,28454,买盘
2016,13:06:18,6.94,0.02,23,15962,买盘
2017,13:06:15,6.92,--,59,40828,卖盘
2018,13:06:12,6.92,-0.02,33,22836,卖盘
2019,13:06:09,6.94,0.02,163,113122,买盘
2020,13:06:06,6.92,--,171,118332,卖盘
2021,13:06:00,6.92,-0.01,14,9688,卖盘
2022,13:05:57,6.93,--,14,9702,卖盘
2023,13:05:54,6.93,--,50,34650,买盘
2024,13:05:51,6.93,0.01,103,71379,买盘
2025,13:05:48,6.92,--,20,13840,卖盘
2026,13:05:45,6.92,--,38,26296,卖盘
2027,13:05:42,6.92,-0.02,23,15916,卖盘
2028,13:05:39,6.94,0.01,134,92996,买盘
2029,13:05:36,6.93,-0.01,9,6237,卖盘
2030,13:05:33,6.94,0.01,27,18738,买盘
2031,13:05:30,6.93,--,2,1386,卖盘
2032,13:05:27,6.93,0.01,53,36729,中性盘
2033,13:05:24,6.92,-0.01,202,139784,卖盘
2034,13:05:21,6.93,-0.01,69,47817,卖盘
2035,13:05:18,6.94,--,57,39558,买盘
2036,13:05:15,6.94,--,29,20126,买盘
2037,13:05:12,6.94,--,116,80504,买盘
2038,13:05:09,6.94,0.01,134,92996,买盘
2039,13:05:06,6.93,--,34,23562,买盘
2040,13:05:03,6.93,--,175,121275,买盘
2041,13:05:00,6.93,--,17,11781,买盘
2042,13:04:57,6.93,0.01,30,20790,买盘
2043,13:04:54,6.92,--,2,1384,卖盘
2044,13:04:51,6.92,-0.01,1,692,卖盘
2045,13:04:48,6.93,0.01,20,13860,买盘
2046,13:04:45,6.92,--,28,19376,卖盘
2047,13:04:42,6.92,--,44,30448,卖盘
2048,13:04:39,6.92,--,368,254656,卖盘
2049,13:04:33,6.92,--,20,13840,卖盘
2050,13:04:30,6.92,--,8,5536,卖盘
2051,13:04:27,6.92,--,340,235280,卖盘
2052,13:04:21,6.92,--,2,1384,卖盘
2053,13:04:18,6.92,--,47,32524,卖盘
2054,13:04:15,6.92,-0.01,4,2768,卖盘
2055,13:04:12,6.93,0.01,60,41580,买盘
2056,13:04:09,6.92,-0.01,35,24220,卖盘
2057,13:04:06,6.93,0.01,143,99099,买盘
2058,13:04:03,6.92,0.01,462,319704,买盘
2059,13:04:00,6.91,-0.01,90,62190,卖盘
2060,13:03:57,6.92,--,294,203448,买盘
2061,13:03:54,6.92,0.01,52,35984,买盘
2062,13:03:51,6.91,--,201,138891,卖盘
2063,13:03:48,6.91,--,52,35932,卖盘
2064,13:03:45,6.91,-0.01,2,1382,卖盘
2065,13:03:42,6.92,--,101,69892,买盘
2066,13:03:39,6.92,--,251,173692,买盘
2067,13:03:36,6.92,-0.01,788,545296,卖盘
2068,13:03:33,6.93,0.01,96,66528,买盘
2069,13:03:30,6.92,--,80,55360,卖盘
2070,13:03:24,6.92,--,30,20760,卖盘
2071,13:03:18,6.92,--,7,4844,卖盘
2072,13:03:15,6.92,-0.01,62,42904,卖盘
2073,13:03:12,6.93,--,294,203742,买盘
2074,13:03:09,6.93,--,27,18711,买盘
2075,13:03:06,6.93,0.01,134,92862,买盘
2076,13:03:03,6.92,--,103,71276,卖盘
2077,13:03:00,6.92,--,112,77504,卖盘
2078,13:02:57,6.92,--,111,76812,卖盘
2079,13:02:51,6.92,--,1,692,卖盘
2080,13:02:42,6.92,--,11,7612,卖盘
2081,13:02:39,6.92,-0.01,116,80272,卖盘
2082,13:02:36,6.93,0.01,134,92862,买盘
2083,13:02:30,6.92,--,16,11072,卖盘
2084,13:02:18,6.92,-0.01,16,11072,卖盘
2085,13:02:15,6.93,--,25,17325,买盘
2086,13:02:09,6.93,--,63,43659,买盘
2087,13:02:06,6.93,0.01,166,115038,买盘
2088,13:02:03,6.92,--,23,15916,卖盘
2089,13:02:00,6.92,--,170,117640,卖盘
2090,13:01:57,6.92,--,21,14532,卖盘
2091,13:01:54,6.92,--,50,34600,卖盘
2092,13:01:42,6.92,-0.01,2,1384,卖盘
2093,13:01:39,6.93,--,3,2079,买盘
2094,13:01:36,6.93,0.01,134,92862,买盘
2095,13:01:33,6.92,0.01,2,1384,卖盘
2096,13:01:30,6.91,--,36,24876,卖盘
2097,13:01:27,6.91,-0.01,25,17717,卖盘
2098,13:01:24,6.92,--,550,380849,卖盘
2099,13:01:21,6.92,-0.01,1,692,卖盘
2100,13:01:18,6.93,0.01,1,693,买盘
2101,13:01:15,6.92,-0.01,3,2076,卖盘
2102,13:01:12,6.93,0.01,40,27720,买盘
2103,13:01:09,6.92,-0.01,73,50516,卖盘
2104,13:01:06,6.93,0.01,192,133056,买盘
2105,13:01:03,6.92,--,19,13148,卖盘
2106,13:01:00,6.92,-0.01,206,143105,卖盘
2107,13:00:57,6.93,0.01,144,99792,买盘
2108,13:00:54,6.92,--,3,2076,卖盘
2109,13:00:45,6.92,--,1,692,卖盘
2110,13:00:42,6.92,--,1,692,卖盘
2111,13:00:39,6.92,--,2,1384,卖盘
2112,13:00:36,6.92,-0.01,81,56052,卖盘
2113,13:00:33,6.93,--,9,6237,买盘
2114,13:00:30,6.93,0.01,8,5544,买盘
2115,13:00:27,6.92,-0.01,82,56744,卖盘
2116,13:00:24,6.93,0.01,313,216909,买盘
2117,13:00:21,6.92,-0.01,299,206908,卖盘
2118,13:00:15,6.93,--,44,30492,卖盘
2119,13:00:12,6.93,0.01,858,594594,买盘
2120,13:00:09,6.92,-0.01,60,41520,卖盘
2121,13:00:06,6.93,0.01,926,642300,买盘
2122,13:00:03,6.92,--,1040,719680,买盘
2123,13:00:00,6.92,--,0,0,买盘
2124,11:30:00,6.92,--,31,21452,买盘
2125,11:29:57,6.92,--,147,101724,卖盘
2126,11:29:54,6.92,-0.01,7,4844,卖盘
2127,11:29:51,6.93,0.01,323,223839,买盘
2128,11:29:48,6.92,--,200,138400,买盘
2129,11:29:39,6.92,--,19,13148,买盘
2130,11:29:36,6.92,--,10,6920,买盘
2131,11:29:30,6.92,0.01,36,24912,买盘
2132,11:29:27,6.91,-0.01,1,691,卖盘
2133,11:29:24,6.92,--,10,6920,买盘
2134,11:29:18,6.92,0.01,3,2076,买盘
2135,11:29:15,6.91,--,56,38696,卖盘
2136,11:29:12,6.91,-0.01,1,691,卖盘
2137,11:29:09,6.92,--,98,67816,买盘
2138,11:29:06,6.92,0.01,997,689924,买盘
2139,11:29:03,6.91,0.01,131,90521,买盘
2140,11:29:00,6.9,-0.02,1903,1313070,卖盘
2141,11:28:57,6.92,--,57,39444,卖盘
2142,11:28:54,6.92,-0.01,1,692,卖盘
2143,11:28:51,6.93,0.01,12,8316,买盘
2144,11:28:48,6.92,--,6,4152,卖盘
2145,11:28:45,6.92,--,1,692,买盘
2146,11:28:39,6.92,-0.01,1,692,买盘
2147,11:28:36,6.93,--,7,4851,买盘
2148,11:28:33,6.93,--,37,25641,买盘
2149,11:28:27,6.93,0.02,16,11088,买盘
2150,11:28:24,6.91,-0.02,219,151329,中性盘
2151,11:28:21,6.93,0.02,325,225225,买盘
2152,11:28:18,6.91,--,258,178278,买盘
2153,11:28:15,6.91,--,4615,3189172,卖盘
2154,11:28:12,6.91,-0.02,105,72555,卖盘
2155,11:28:09,6.93,--,135,93555,买盘
2156,11:28:06,6.93,0.01,51,35343,买盘
2157,11:28:03,6.92,--,2,1384,卖盘
2158,11:28:00,6.92,0.01,43,29756,买盘
2159,11:27:57,6.91,-0.01,394,272254,卖盘
2160,11:27:54,6.92,--,619,428348,买盘
2161,11:27:51,6.92,0.01,9,6228,买盘
2162,11:27:48,6.91,-0.01,39,26949,卖盘
2163,11:27:45,6.92,--,41,28372,买盘
2164,11:27:42,6.92,--,85,58820,买盘
2165,11:27:39,6.92,0.01,2,1384,买盘
2166,11:27:36,6.91,-0.01,62,42842,卖盘
2167,11:27:33,6.92,--,37,25604,买盘
2168,11:27:27,6.92,--,58,40136,买盘
2169,11:27:24,6.92,--,66,45672,买盘
2170,11:27:21,6.92,0.01,624,431808,买盘
2171,11:27:18,6.91,-0.01,107,73937,卖盘
2172,11:27:15,6.92,--,22,15224,买盘
2173,11:27:12,6.92,--,718,496856,买盘
2174,11:27:09,6.92,--,56,38752,买盘
2175,11:27:06,6.92,--,11,7612,买盘
2176,11:27:03,6.92,--,88,60896,买盘
2177,11:27:00,6.92,--,577,399284,买盘
2178,11:26:57,6.92,0.01,1225,847700,买盘
2179,11:26:54,6.91,--,117,80847,卖盘
2180,11:26:51,6.91,--,1,691,卖盘
2181,11:26:48,6.91,--,27,18657,卖盘
2182,11:26:45,6.91,--,7,4837,卖盘
2183,11:26:42,6.91,--,22,15202,卖盘
2184,11:26:39,6.91,-0.01,206,142346,卖盘
2185,11:26:36,6.92,--,118,81656,买盘
2186,11:26:33,6.92,--,36,24912,买盘
2187,11:26:30,6.92,0.01,100,69200,买盘
2188,11:26:27,6.91,--,33,22803,卖盘
2189,11:26:21,6.91,--,18,12438,卖盘
2190,11:26:18,6.91,--,1,691,卖盘
2191,11:26:12,6.91,--,25,17275,卖盘
2192,11:26:09,6.91,-0.01,10,6910,卖盘
2193,11:26:06,6.92,--,254,175768,买盘
2194,11:26:03,6.92,0.01,68,47056,买盘
2195,11:25:54,6.91,--,173,119543,卖盘
2196,11:25:48,6.91,-0.01,5,3455,卖盘
2197,11:25:45,6.92,0.01,52,35984,买盘
2198,11:25:42,6.91,-0.01,2,1382,卖盘
2199,11:25:39,6.92,0.01,57,39444,买盘
2200,11:25:36,6.91,--,1,691,卖盘
2201,11:25:33,6.91,-0.01,1,691,卖盘
2202,11:25:27,6.92,--,21,14532,买盘
2203,11:25:24,6.92,0.01,9,6228,买盘
2204,11:25:21,6.91,-0.01,16,11056,卖盘
2205,11:25:18,6.92,0.01,2,1384,买盘
2206,11:25:15,6.91,-0.01,90,62190,卖盘
2207,11:25:12,6.92,--,674,466408,买盘
2208,11:25:09,6.92,--,14,9688,买盘
2209,11:25:06,6.92,--,29,20068,买盘
2210,11:25:03,6.92,0.01,12,8304,买盘
2211,11:25:00,6.91,--,58,40078,卖盘
2212,11:24:57,6.91,-0.02,9,6219,卖盘
2213,11:24:54,6.93,--,204,141372,买盘
2214,11:24:45,6.93,0.02,127,88011,买盘
2215,11:24:42,6.91,-0.01,58,40078,卖盘
2216,11:24:39,6.92,0.01,1,692,买盘
2217,11:24:36,6.91,-0.01,1,691,卖盘
2218,11:24:33,6.92,--,7,4844,卖盘
2219,11:24:30,6.92,--,1,692,卖盘
2220,11:24:27,6.92,0.01,2,1384,中性盘
2221,11:24:24,6.91,-0.01,43,30196,卖盘
2222,11:24:21,6.92,--,968,670063,卖盘
2223,11:24:18,6.92,--,1,692,卖盘
2224,11:24:12,6.92,--,1,692,卖盘
2225,11:24:09,6.92,--,1,692,卖盘
2226,11:24:06,6.92,--,47,32524,卖盘
2227,11:24:03,6.92,-0.01,694,480248,卖盘
2228,11:24:00,6.93,--,62,42966,买盘
2229,11:23:57,6.93,0.01,11,7623,买盘
2230,11:23:54,6.92,--,5,3460,卖盘
2231,11:23:51,6.92,--,271,187532,卖盘
2232,11:23:48,6.92,-0.01,7,4844,卖盘
2233,11:23:45,6.93,0.01,170,117810,买盘
2234,11:23:42,6.92,--,24,16608,卖盘
2235,11:23:36,6.92,--,106,73352,卖盘
2236,11:23:33,6.92,--,5,3460,卖盘
2237,11:23:30,6.92,--,52,35984,卖盘
2238,11:23:24,6.92,--,10,6920,卖盘
2239,11:23:21,6.92,--,1,692,卖盘
2240,11:23:18,6.92,--,21,14532,卖盘
2241,11:23:15,6.92,--,69,47748,卖盘
2242,11:23:12,6.92,-0.01,96,66432,卖盘
2243,11:23:09,6.93,--,386,267498,买盘
2244,11:23:06,6.93,0.01,2,1386,买盘
2245,11:23:03,6.92,-0.01,47,32524,卖盘
2246,11:23:00,6.93,0.01,99,68607,买盘
2247,11:22:57,6.92,--,1,692,卖盘
2248,11:22:54,6.92,--,8,5536,卖盘
2249,11:22:51,6.92,--,206,142552,卖盘
2250,11:22:45,6.92,-0.01,11,7612,卖盘
2251,11:22:42,6.93,--,40,27720,买盘
2252,11:22:36,6.93,0.01,32,22176,买盘
2253,11:22:33,6.92,-0.01,58,40136,卖盘
2254,11:22:30,6.93,0.01,37,25641,买盘
2255,11:22:24,6.92,--,6,4152,卖盘
2256,11:22:21,6.92,-0.01,108,74736,卖盘
2257,11:22:18,6.93,--,2,1386,买盘
2258,11:22:12,6.93,0.01,69,47817,买盘
2259,11:22:03,6.92,-0.01,80,55360,卖盘
2260,11:22:00,6.93,--,355,246015,买盘
2261,11:21:54,6.93,--,152,105336,买盘
2262,11:21:51,6.93,0.01,253,175329,买盘
2263,11:21:45,6.92,-0.01,3,2076,卖盘
2264,11:21:42,6.93,0.01,37,25641,买盘
2265,11:21:39,6.92,--,2,1384,卖盘
2266,11:21:36,6.92,-0.01,10,6920,卖盘
2267,11:21:33,6.93,0.01,247,171171,买盘
2268,11:21:27,6.92,-0.01,2,1384,卖盘
2269,11:21:24,6.93,--,4,2772,买盘
2270,11:21:21,6.93,--,39,27027,买盘
2271,11:21:15,6.93,--,5,3465,买盘
2272,11:21:12,6.93,0.01,66,45738,买盘
2273,11:21:06,6.92,-0.01,1,692,卖盘
2274,11:21:03,6.93,--,110,76230,买盘
2275,11:21:00,6.93,--,1181,818571,卖盘
2276,11:20:57,6.93,-0.01,40,27720,卖盘
2277,11:20:54,6.94,--,59,40946,买盘
2278,11:20:51,6.94,0.01,181,125614,买盘
2279,11:20:48,6.93,-0.01,46,31878,卖盘
2280,11:20:45,6.94,0.01,1,694,买盘
2281,11:20:42,6.93,--,48,33264,卖盘
2282,11:20:39,6.93,--,9,6237,卖盘
2283,11:20:36,6.93,--,20,13860,卖盘
2284,11:20:30,6.93,--,78,54054,卖盘
2285,11:20:27,6.93,-0.01,14,9702,卖盘
2286,11:20:24,6.94,0.01,106,73564,买盘
2287,11:20:21,6.93,-0.01,38,26334,卖盘
2288,11:20:18,6.94,--,38,26372,买盘
2289,11:20:15,6.94,--,37,25678,买盘
2290,11:20:12,6.94,0.01,37,25678,买盘
2291,11:20:09,6.93,-0.01,6,4158,卖盘
2292,11:20:06,6.94,0.01,11,7634,买盘
2293,11:20:03,6.93,-0.01,2,1386,卖盘
2294,11:20:00,6.94,--,35,24290,买盘
2295,11:19:57,6.94,--,30,20820,买盘
2296,11:19:54,6.94,0.01,94,65236,买盘
2297,11:19:51,6.93,-0.01,42,29106,卖盘
2298,11:19:48,6.94,--,175,121450,买盘
2299,11:19:45,6.94,0.01,1,694,买盘
2300,11:19:42,6.93,-0.01,2,1386,卖盘
2301,11:19:39,6.94,0.01,35,24845,买盘
2302,11:19:36,6.93,-0.01,1,693,卖盘
2303,11:19:30,6.94,--,36,24984,买盘
2304,11:19:27,6.94,0.01,32,22208,买盘
2305,11:19:21,6.93,--,98,67914,卖盘
2306,11:19:18,6.93,-0.01,17,11781,卖盘
2307,11:19:15,6.94,0.01,151,104794,买盘
2308,11:19:12,6.93,--,108,74844,卖盘
2309,11:19:06,6.93,--,6,4158,卖盘
2310,11:19:03,6.93,-0.01,20,13860,卖盘
2311,11:19:00,6.94,--,96,66624,买盘
2312,11:18:57,6.94,--,29,20126,买盘
2313,11:18:54,6.94,0.01,56,38864,买盘
2314,11:18:51,6.93,--,76,52668,卖盘
2315,11:18:48,6.93,-0.01,171,118503,卖盘
2316,11:18:45,6.94,0.01,1,694,买盘
2317,11:18:42,6.93,--,38,26334,卖盘
2318,11:18:39,6.93,--,24,16632,卖盘
2319,11:18:36,6.93,--,5,3465,卖盘
2320,11:18:33,6.93,-0.01,89,61677,卖盘
2321,11:18:30,6.94,0.01,13,9022,买盘
2322,11:18:27,6.93,--,75,51975,卖盘
2323,11:18:24,6.93,--,65,45045,卖盘
2324,11:18:21,6.93,--,122,84546,卖盘
2325,11:18:18,6.93,-0.01,15,10395,卖盘
2326,11:18:12,6.94,--,44,30536,买盘
2327,11:18:09,6.94,0.01,82,56908,买盘
2328,11:18:06,6.93,--,1,693,卖盘
2329,11:18:00,6.93,-0.01,6,4158,卖盘
2330,11:17:57,6.94,0.01,50,34700,买盘
2331,11:17:54,6.93,--,5,3465,买盘
2332,11:17:51,6.93,--,93,64449,买盘
2333,11:17:48,6.93,--,16,11088,买盘
2334,11:17:45,6.93,--,37,25641,卖盘
2335,11:17:42,6.93,--,8,5544,卖盘
2336,11:17:39,6.93,--,114,79002,卖盘
2337,11:17:33,6.93,-0.01,39,27027,卖盘
2338,11:17:30,6.94,--,32,22208,买盘
2339,11:17:27,6.94,--,64,44416,买盘
2340,11:17:21,6.94,0.01,34,23596,买盘
2341,11:17:18,6.93,--,59,41372,买盘
2342,11:17:15,6.93,--,586,406305,卖盘
2343,11:17:12,6.93,--,105,72903,卖盘
2344,11:17:09,6.93,-0.01,47,32571,卖盘
2345,11:17:06,6.94,0.01,1400,971600,买盘
2346,11:17:03,6.93,--,1,693,卖盘
2347,11:17:00,6.93,-0.01,84,58212,卖盘
2348,11:16:57,6.94,0.01,37,25678,买盘
2349,11:16:54,6.93,-0.01,7,4851,卖盘
2350,11:16:51,6.94,0.01,352,244288,买盘
2351,11:16:48,6.93,-0.01,9,6237,卖盘
2352,11:16:45,6.94,0.01,186,129084,买盘
2353,11:16:42,6.93,-0.01,1,693,卖盘
2354,11:16:39,6.94,--,37,25678,买盘
2355,11:16:36,6.94,--,13,9022,买盘
2356,11:16:33,6.94,--,82,56908,买盘
2357,11:16:27,6.94,0.01,14,9716,买盘
2358,11:16:21,6.93,--,1,693,卖盘
2359,11:16:18,6.93,-0.01,28,19404,卖盘
2360,11:16:15,6.94,0.01,46,31924,买盘
2361,11:16:12,6.93,-0.01,1,693,卖盘
2362,11:16:09,6.94,0.01,15,10410,买盘
2363,11:16:03,6.93,--,2,1386,卖盘
2364,11:15:57,6.93,--,18,12474,卖盘
2365,11:15:54,6.93,-0.01,68,47124,卖盘
2366,11:15:51,6.94,0.01,64,44416,买盘
2367,11:15:48,6.93,--,62,43312,买盘
2368,11:15:45,6.93,--,114,79348,卖盘
2369,11:15:42,6.93,--,3,2079,卖盘
2370,11:15:39,6.93,-0.01,59,40887,卖盘
2371,11:15:36,6.94,--,56,38864,买盘
2372,11:15:33,6.94,0.01,2,1388,买盘
2373,11:15:30,6.93,--,115,80041,买盘
2374,11:15:27,6.93,0.01,1513,1048509,买盘
2375,11:15:21,6.92,-0.01,3,2076,卖盘
2376,11:15:18,6.93,0.01,94,65142,买盘
2377,11:15:15,6.92,--,23,15916,卖盘
2378,11:15:12,6.92,--,611,422812,卖盘
2379,11:15:09,6.92,-0.01,20,13840,卖盘
2380,11:15:06,6.93,--,69,47817,买盘
2381,11:15:03,6.93,0.01,35,24255,买盘
2382,11:15:00,6.92,--,111,76812,卖盘
2383,11:14:57,6.92,--,432,298944,卖盘
2384,11:14:54,6.92,-0.01,1,692,卖盘
2385,11:14:51,6.93,--,56,38808,买盘
2386,11:14:48,6.93,--,16,11088,买盘
2387,11:14:45,6.93,0.01,70,48510,买盘
2388,11:14:42,6.92,-0.01,599,414508,卖盘
2389,11:14:39,6.93,--,24,16632,买盘
2390,11:14:36,6.93,0.01,99,68607,买盘
2391,11:14:33,6.92,-0.01,33,22836,卖盘
2392,11:14:30,6.93,--,1450,1004850,买盘
2393,11:14:27,6.93,--,38,26334,买盘
2394,11:14:24,6.93,0.01,8,5544,买盘
2395,11:14:21,6.92,--,2,1384,卖盘
2396,11:14:18,6.92,-0.01,1,692,卖盘
2397,11:14:15,6.93,0.01,14,9702,买盘
2398,11:14:12,6.92,-0.01,1,692,卖盘
2399,11:14:09,6.93,--,40,27720,买盘
2400,11:14:06,6.93,0.01,15,10395,买盘
2401,11:14:03,6.92,-0.01,2,1384,中性盘
2402,11:13:57,6.93,0.01,18,12474,买盘
2403,11:13:54,6.92,--,30,20760,卖盘
2404,11:13:51,6.92,-0.01,54,37368,卖盘
2405,11:13:48,6.93,0.02,166,115038,买盘
2406,11:13:45,6.91,-0.01,38,26258,卖盘
2407,11:13:42,6.92,--,1780,1231760,买盘
2408,11:13:39,6.92,--,1,692,买盘
2409,11:13:36,6.92,--,33,22836,买盘
2410,11:13:33,6.92,--,839,580767,卖盘
2411,11:13:30,6.92,-0.01,19,13148,卖盘
2412,11:13:27,6.93,0.01,13,9009,买盘
2413,11:13:24,6.92,-0.01,6,4152,卖盘
2414,11:13:21,6.93,0.01,225,155925,买盘
2415,11:13:18,6.92,-0.01,16,11072,卖盘
2416,11:13:15,6.93,--,14,9702,买盘
2417,11:13:12,6.93,0.01,76,52668,买盘
2418,11:13:09,6.92,0.01,2056,1423264,买盘
2419,11:13:06,6.91,--,15,10365,卖盘
2420,11:13:03,6.91,--,22,15202,卖盘
2421,11:13:00,6.91,-0.01,139,96049,卖盘
2422,11:12:57,6.92,0.01,30,20760,买盘
2423,11:12:51,6.91,--,33,22803,卖盘
2424,11:12:48,6.91,--,30,20730,卖盘
2425,11:12:45,6.91,--,64,44224,卖盘
2426,11:12:42,6.91,-0.01,173,119543,卖盘
2427,11:12:39,6.92,0.01,13,8996,买盘
2428,11:12:33,6.91,--,40,27640,卖盘
2429,11:12:30,6.91,-0.01,48,33168,卖盘
2430,11:12:27,6.92,0.01,252,174384,买盘
2431,11:12:24,6.91,--,133,91903,卖盘
2432,11:12:21,6.91,--,31,21421,卖盘
2433,11:12:18,6.91,--,309,213519,卖盘
2434,11:12:15,6.91,--,6,4146,卖盘
2435,11:12:12,6.91,--,26,17966,卖盘
2436,11:12:09,6.91,-0.01,122,84302,卖盘
2437,11:12:03,6.92,0.01,33,22836,买盘
2438,11:12:00,6.91,-0.01,62,42842,卖盘
2439,11:11:57,6.92,0.01,414,286488,买盘
2440,11:11:54,6.91,-0.01,108,74628,卖盘
2441,11:11:51,6.92,0.01,91,62972,买盘
2442,11:11:48,6.91,--,20,13820,卖盘
2443,11:11:45,6.91,-0.01,124,85684,卖盘
2444,11:11:42,6.92,0.01,366,253272,买盘
2445,11:11:39,6.91,-0.01,20,13820,卖盘
2446,11:11:36,6.92,0.01,72,49824,买盘
2447,11:11:33,6.91,--,17,11747,卖盘
2448,11:11:30,6.91,--,21,14511,卖盘
2449,11:11:27,6.91,--,15,10365,卖盘
2450,11:11:24,6.91,--,1,691,卖盘
2451,11:11:21,6.91,--,6,4146,卖盘
2452,11:11:18,6.91,--,17,11747,卖盘
2453,11:11:15,6.91,-0.01,206,142346,卖盘
2454,11:11:12,6.92,0.01,15,10380,买盘
2455,11:11:09,6.91,-0.01,7,4837,卖盘
2456,11:11:06,6.92,0.01,25,17300,买盘
2457,11:11:03,6.91,-0.01,1,691,卖盘
2458,11:11:00,6.92,--,7,4844,买盘
2459,11:10:57,6.92,0.01,34,23528,买盘
2460,11:10:54,6.91,-0.01,1,691,卖盘
2461,11:10:48,6.92,-0.01,118,81822,卖盘
2462,11:10:45,6.93,0.01,54,37422,买盘
2463,11:10:42,6.92,--,6,4152,卖盘
2464,11:10:39,6.92,-0.01,170,117640,卖盘
2465,11:10:36,6.93,0.01,14,9702,买盘
2466,11:10:33,6.92,-0.01,2,1384,卖盘
2467,11:10:30,6.93,0.01,24,16632,买盘
2468,11:10:27,6.92,--,40,27680,卖盘
2469,11:10:24,6.92,--,68,47056,卖盘
2470,11:10:21,6.92,-0.01,12,8304,卖盘
2471,11:10:18,6.93,--,22,15246,买盘
2472,11:10:15,6.93,0.01,61,42273,买盘
2473,11:10:12,6.92,--,68,47056,卖盘
2474,11:10:09,6.92,-0.01,223,154316,卖盘
2475,11:10:06,6.93,--,15,10395,买盘
2476,11:10:03,6.93,0.01,33,22869,买盘
2477,11:10:00,6.92,--,77,53284,卖盘
2478,11:09:57,6.92,--,102,70584,卖盘
2479,11:09:54,6.92,-0.01,107,74044,卖盘
2480,11:09:51,6.93,0.01,96,66528,买盘
2481,11:09:48,6.92,-0.01,44,30448,卖盘
2482,11:09:45,6.93,0.01,81,56133,买盘
2483,11:09:42,6.92,--,64,44288,卖盘
2484,11:09:39,6.92,--,210,145320,卖盘
2485,11:09:36,6.92,--,55,38060,卖盘
2486,11:09:33,6.92,--,132,91344,卖盘
2487,11:09:30,6.92,--,1331,921052,卖盘
2488,11:09:27,6.92,--,28,19376,卖盘
2489,11:09:24,6.92,--,6,4152,卖盘
2490,11:09:21,6.92,--,201,139092,卖盘
2491,11:09:18,6.92,-0.01,1,692,卖盘
2492,11:09:15,6.93,0.01,15,10395,买盘
2493,11:09:12,6.92,--,25,17300,卖盘
2494,11:09:09,6.92,-0.01,12,8304,卖盘
2495,11:09:06,6.93,0.01,14,9702,买盘
2496,11:09:03,6.92,--,11,7612,卖盘
2497,11:09:00,6.92,--,16,11072,卖盘
2498,11:08:57,6.92,--,537,371604,卖盘
2499,11:08:54,6.92,--,25,17300,卖盘
2500,11:08:51,6.92,--,1061,734212,卖盘
2501,11:08:48,6.92,-0.01,315,217980,卖盘
2502,11:08:45,6.93,0.01,63,43659,买盘
2503,11:08:42,6.92,--,38,26296,卖盘
2504,11:08:39,6.92,--,96,66432,卖盘
2505,11:08:36,6.92,--,201,139092,卖盘
2506,11:08:33,6.92,-0.01,138,95496,卖盘
2507,11:08:30,6.93,0.01,33,22869,买盘
2508,11:08:27,6.92,--,15,10380,卖盘
2509,11:08:24,6.92,--,4,2768,卖盘
2510,11:08:21,6.92,-0.01,6,4152,卖盘
2511,11:08:18,6.93,0.01,23,15939,买盘
2512,11:08:15,6.92,--,80,55360,卖盘
2513,11:08:09,6.92,-0.01,1,692,卖盘
2514,11:08:06,6.93,0.01,14,9702,买盘
2515,11:08:03,6.92,-0.01,1,692,卖盘
2516,11:07:57,6.93,0.01,76,52668,买盘
2517,11:07:54,6.92,--,3,2076,卖盘
2518,11:07:51,6.92,--,70,48440,卖盘
2519,11:07:48,6.92,-0.01,22,15224,卖盘
2520,11:07:45,6.93,0.01,40,27720,买盘
2521,11:07:42,6.92,--,9,6228,卖盘
2522,11:07:39,6.92,--,98,67816,卖盘
2523,11:07:36,6.92,-0.01,190,131480,卖盘
2524,11:07:33,6.93,--,100,69300,买盘
2525,11:07:27,6.93,--,116,80388,买盘
2526,11:07:24,6.93,--,7,4851,买盘
2527,11:07:21,6.93,--,91,63063,买盘
2528,11:07:18,6.93,0.01,610,422730,买盘
2529,11:07:15,6.92,-0.01,6,4152,卖盘
2530,11:07:12,6.93,0.01,15,10395,买盘
2531,11:07:09,6.92,--,15,10380,卖盘
2532,11:07:03,6.92,--,61,42212,卖盘
2533,11:07:00,6.92,-0.01,23,15916,卖盘
2534,11:06:57,6.93,0.01,14,9702,买盘
2535,11:06:54,6.92,-0.01,6,4152,卖盘
2536,11:06:48,6.93,--,16,11088,买盘
2537,11:06:45,6.93,--,3,2079,买盘
2538,11:06:42,6.93,0.01,34,23562,买盘
2539,11:06:39,6.92,--,21,14532,卖盘
2540,11:06:36,6.92,--,223,154316,卖盘
2541,11:06:30,6.92,--,2,1384,卖盘
2542,11:06:27,6.92,--,15,10380,卖盘
2543,11:06:24,6.92,--,4,2768,卖盘
2544,11:06:21,6.92,-0.01,7,4844,卖盘
2545,11:06:18,6.93,--,16,11088,买盘
2546,11:06:15,6.93,0.01,5,3465,买盘
2547,11:06:12,6.92,--,1,692,卖盘
2548,11:06:09,6.92,--,17,11764,卖盘
2549,11:06:06,6.92,--,376,260192,卖盘
2550,11:06:03,6.92,--,9,6228,卖盘
2551,11:06:00,6.92,--,301,208292,卖盘
2552,11:05:57,6.92,--,67,46364,卖盘
2553,11:05:54,6.92,--,381,263652,卖盘
2554,11:05:51,6.92,--,65,44980,卖盘
2555,11:05:48,6.92,--,25,17300,卖盘
2556,11:05:45,6.92,--,105,72660,卖盘
2557,11:05:42,6.92,-0.01,125,86500,卖盘
2558,11:05:39,6.93,--,39,27027,买盘
2559,11:05:36,6.93,0.01,155,107415,买盘
2560,11:05:33,6.92,--,90,62280,卖盘
2561,11:05:30,6.92,-0.01,2,1384,卖盘
2562,11:05:27,6.93,0.01,14,9702,买盘
2563,11:05:24,6.92,--,10,6920,卖盘
2564,11:05:21,6.92,-0.01,208,143936,卖盘
2565,11:05:18,6.93,--,68,47124,买盘
2566,11:05:15,6.93,0.01,19,13167,买盘
2567,11:05:12,6.92,--,102,70584,卖盘
2568,11:05:09,6.92,-0.01,1,692,卖盘
2569,11:05:06,6.93,0.01,47,32571,买盘
2570,11:05:03,6.92,--,26,17992,卖盘
2571,11:05:00,6.92,--,1,692,卖盘
2572,11:04:57,6.92,-0.01,43,29756,卖盘
2573,11:04:54,6.93,0.01,8,5544,买盘
2574,11:04:48,6.92,-0.01,30,20760,卖盘
2575,11:04:45,6.93,--,641,444213,买盘
2576,11:04:42,6.93,--,2,1386,买盘
2577,11:04:39,6.93,0.01,40,27720,买盘
2578,11:04:36,6.92,-0.01,292,202064,卖盘
2579,11:04:33,6.93,0.01,232,160776,买盘
2580,11:04:30,6.92,-0.01,128,88576,卖盘
2581,11:04:27,6.93,0.01,149,103257,买盘
2582,11:04:24,6.92,--,5,3460,卖盘
2583,11:04:21,6.92,--,9,6228,卖盘
2584,11:04:18,6.92,--,18,12456,卖盘
2585,11:04:12,6.92,--,49,33908,卖盘
2586,11:04:09,6.92,-0.01,134,92728,卖盘
2587,11:04:06,6.93,0.01,15,10395,买盘
2588,11:04:03,6.92,--,18,12456,卖盘
2589,11:04:00,6.92,-0.01,682,471944,卖盘
2590,11:03:57,6.93,0.01,260,180180,买盘
2591,11:03:54,6.92,--,134,92728,卖盘
2592,11:03:51,6.92,--,110,76120,卖盘
2593,11:03:48,6.92,--,35,24220,卖盘
2594,11:03:45,6.92,--,651,450492,卖盘
2595,11:03:42,6.92,-0.01,2,1384,卖盘
2596,11:03:39,6.93,0.01,29,20097,买盘
2597,11:03:36,6.92,--,21,14532,卖盘
2598,11:03:33,6.92,--,207,143244,卖盘
2599,11:03:30,6.92,-0.01,73,50516,卖盘
2600,11:03:27,6.93,--,35,24255,买盘
2601,11:03:24,6.93,0.01,40,27720,买盘
2602,11:03:21,6.92,--,50,34600,卖盘
2603,11:03:18,6.92,--,414,286488,卖盘
2604,11:03:15,6.92,--,42,29064,卖盘
2605,11:03:12,6.92,--,70,48440,卖盘
2606,11:03:09,6.92,--,1,692,卖盘
2607,11:03:06,6.92,-0.01,21,14532,卖盘
2608,11:03:03,6.93,--,119,82467,买盘
2609,11:02:57,6.93,0.01,126,87318,买盘
2610,11:02:54,6.92,--,21,14532,卖盘
2611,11:02:51,6.92,--,22,15224,卖盘
2612,11:02:48,6.92,-0.01,17,11764,卖盘
2613,11:02:45,6.93,0.01,29,20097,买盘
2614,11:02:42,6.92,-0.01,97,67124,卖盘
2615,11:02:39,6.93,0.01,50,34650,买盘
2616,11:02:36,6.92,--,95,65740,卖盘
2617,11:02:33,6.92,--,26,17992,卖盘
2618,11:02:30,6.92,--,228,157776,卖盘
2619,11:02:27,6.92,--,34,23528,卖盘
2620,11:02:24,6.92,--,4,2768,卖盘
2621,11:02:21,6.92,--,3,2076,卖盘
2622,11:02:18,6.92,-0.01,1,692,卖盘
2623,11:02:15,6.93,0.01,15,10395,买盘
2624,11:02:12,6.92,-0.01,1,692,卖盘
2625,11:02:06,6.93,--,46,31878,买盘
2626,11:02:03,6.93,0.01,67,46431,买盘
2627,11:02:00,6.92,-0.01,3001,2076692,卖盘
2628,11:01:57,6.93,-0.01,55,38115,卖盘
2629,11:01:54,6.94,0.01,124,86056,买盘
2630,11:01:51,6.93,--,157,108801,卖盘
2631,11:01:48,6.93,--,21,14553,卖盘
2632,11:01:45,6.93,0.01,187,129591,买盘
2633,11:01:42,6.92,--,239,165388,卖盘
2634,11:01:39,6.92,-0.01,343,237356,卖盘
2635,11:01:36,6.93,0.01,190,131670,买盘
2636,11:01:33,6.92,-0.01,5,3460,卖盘
2637,11:01:30,6.93,-0.01,148,102564,卖盘
2638,11:01:27,6.94,0.01,14,9716,买盘
2639,11:01:24,6.93,--,11,7623,卖盘
2640,11:01:21,6.93,--,31,21483,卖盘
2641,11:01:18,6.93,--,31,21483,卖盘
2642,11:01:15,6.93,--,31,21483,卖盘
2643,11:01:12,6.93,0.01,99,68607,买盘
2644,11:01:09,6.92,-0.01,105,72660,卖盘
2645,11:01:06,6.93,0.01,33,22869,买盘
2646,11:01:03,6.92,--,64,44288,卖盘
2647,11:01:00,6.92,--,57,39444,卖盘
2648,11:00:57,6.92,-0.01,1,692,卖盘
2649,11:00:54,6.93,0.01,37,25641,买盘
2650,11:00:51,6.92,-0.01,1,692,卖盘
2651,11:00:45,6.93,0.01,27,18711,买盘
2652,11:00:42,6.92,--,1,692,卖盘
2653,11:00:36,6.92,-0.01,21,14532,卖盘
2654,11:00:33,6.93,--,36,24948,买盘
2655,11:00:30,6.93,--,227,157311,买盘
2656,11:00:27,6.93,0.01,15,10395,买盘
2657,11:00:24,6.92,--,90,62280,卖盘
2658,11:00:21,6.92,-0.01,22,15224,卖盘
2659,11:00:18,6.93,-0.01,508,352044,卖盘
2660,11:00:15,6.94,0.01,15,10410,买盘
2661,11:00:09,6.93,-0.01,36,24948,卖盘
2662,11:00:06,6.94,0.01,15,10410,买盘
2663,11:00:03,6.93,--,15,10395,卖盘
2664,11:00:00,6.93,--,9,6237,卖盘
2665,10:59:57,6.93,--,15,10395,卖盘
2666,10:59:54,6.93,-0.01,5,3465,卖盘
2667,10:59:51,6.94,0.01,13,9022,买盘
2668,10:59:48,6.93,-0.01,114,79002,卖盘
2669,10:59:45,6.94,0.01,15,10410,买盘
2670,10:59:42,6.93,-0.01,2,1386,卖盘
2671,10:59:39,6.94,--,3,2082,买盘
2672,10:59:36,6.94,0.01,35,24290,买盘
2673,10:59:33,6.93,--,51,35343,卖盘
2674,10:59:30,6.93,--,90,62370,卖盘
2675,10:59:27,6.93,--,178,123354,卖盘
2676,10:59:24,6.93,--,23,15939,卖盘
2677,10:59:21,6.93,--,105,72765,卖盘
2678,10:59:15,6.93,--,15,10395,卖盘
2679,10:59:12,6.93,--,19,13167,卖盘
2680,10:59:09,6.93,-0.01,10,6930,卖盘
2681,10:59:06,6.94,0.01,14,9716,买盘
2682,10:59:03,6.93,--,1,693,卖盘
2683,10:58:57,6.93,-0.01,1,693,卖盘
2684,10:58:54,6.94,0.01,90,62460,买盘
2685,10:58:51,6.93,-0.01,11,7623,卖盘
2686,10:58:48,6.94,0.01,13,9022,买盘
2687,10:58:45,6.93,-0.01,216,149688,卖盘
2688,10:58:42,6.94,--,72,49968,买盘
2689,10:58:36,6.94,--,19,13186,买盘
2690,10:58:33,6.94,--,34,23596,买盘
2691,10:58:30,6.94,0.01,190,131860,买盘
2692,10:58:27,6.93,--,197,136521,卖盘
2693,10:58:24,6.93,-0.01,11,7623,卖盘
2694,10:58:21,6.94,0.01,100,69400,买盘
2695,10:58:18,6.93,-0.01,111,76923,卖盘
2696,10:58:15,6.94,--,34,23596,买盘
2697,10:58:12,6.94,--,50,34700,买盘
2698,10:58:09,6.94,0.01,176,122678,买盘
2699,10:58:06,6.93,-0.01,20,13860,卖盘
2700,10:58:03,6.94,--,155,107570,买盘
2701,10:58:00,6.94,--,15,10410,买盘
2702,10:57:57,6.94,0.01,83,57602,买盘
2703,10:57:54,6.93,--,330,228690,卖盘
2704,10:57:51,6.93,--,250,173250,卖盘
2705,10:57:48,6.93,--,2,1386,卖盘
2706,10:57:45,6.93,--,21,14553,卖盘
2707,10:57:36,6.93,-0.01,50,34650,卖盘
2708,10:57:33,6.94,0.01,92,63848,买盘
2709,10:57:30,6.93,-0.01,5,3465,卖盘
2710,10:57:27,6.94,0.01,231,160314,买盘
2711,10:57:24,6.93,--,17,11781,卖盘
2712,10:57:21,6.93,--,1,693,卖盘
2713,10:57:18,6.93,--,37,25641,卖盘
2714,10:57:15,6.93,--,1592,1103256,卖盘
2715,10:57:12,6.93,--,21,14553,卖盘
2716,10:57:06,6.93,--,64,44352,卖盘
2717,10:57:03,6.93,--,2,1386,卖盘
2718,10:57:00,6.93,--,100,69300,卖盘
2719,10:56:57,6.93,-0.01,5,3465,卖盘
2720,10:56:54,6.94,--,15,10410,买盘
2721,10:56:51,6.94,0.01,100,69400,买盘
2722,10:56:45,6.93,--,120,83160,卖盘
2723,10:56:42,6.93,-0.01,23,15939,卖盘
2724,10:56:39,6.94,--,110,76340,买盘
2725,10:56:36,6.94,--,28,19432,买盘
2726,10:56:33,6.94,0.01,1,694,买盘
2727,10:56:30,6.93,--,57,39501,卖盘
2728,10:56:27,6.93,-0.01,36,24948,卖盘
2729,10:56:24,6.94,0.01,240,166560,买盘
2730,10:56:21,6.93,--,22,15246,卖盘
2731,10:56:18,6.93,-0.01,1007,697851,卖盘
2732,10:56:15,6.94,0.01,63,43722,买盘
2733,10:56:12,6.93,--,216,149688,卖盘
2734,10:56:06,6.93,-0.01,1,693,卖盘
2735,10:56:03,6.94,0.01,14,9716,买盘
2736,10:55:57,6.93,-0.01,4,2772,卖盘
2737,10:55:54,6.94,0.01,13,9022,买盘
2738,10:55:51,6.93,-0.01,47,32571,卖盘
2739,10:55:48,6.94,0.01,587,407378,买盘
2740,10:55:45,6.93,--,17,11781,卖盘
2741,10:55:42,6.93,-0.01,90,62370,卖盘
2742,10:55:36,6.94,0.01,17,11798,买盘
2743,10:55:33,6.93,-0.01,7,4851,卖盘
2744,10:55:30,6.94,0.01,31,21514,买盘
2745,10:55:27,6.93,--,7,4851,卖盘
2746,10:55:24,6.93,--,246,170478,卖盘
2747,10:55:21,6.93,--,2,1386,卖盘
2748,10:55:18,6.93,-0.01,2,1386,卖盘
2749,10:55:15,6.94,0.01,23,15962,买盘
2750,10:55:12,6.93,--,15,10395,卖盘
2751,10:55:09,6.93,--,85,58905,卖盘
2752,10:55:06,6.93,--,48,33264,卖盘
2753,10:55:03,6.93,--,23,15939,卖盘
2754,10:55:00,6.93,-0.01,62,42966,卖盘
2755,10:54:54,6.94,0.01,24,16656,买盘
2756,10:54:45,6.93,--,26,18018,卖盘
2757,10:54:42,6.93,--,100,69300,卖盘
2758,10:54:39,6.93,--,61,42273,卖盘
2759,10:54:36,6.93,-0.01,32,22176,卖盘
2760,10:54:33,6.94,0.01,31,21514,买盘
2761,10:54:30,6.93,-0.01,30,20790,卖盘
2762,10:54:27,6.94,--,12,8328,买盘
2763,10:54:24,6.94,--,216,149904,买盘
2764,10:54:21,6.94,0.01,58,40252,买盘
2765,10:54:18,6.93,--,6,4158,卖盘
2766,10:54:15,6.93,-0.01,19,13167,卖盘
2767,10:54:12,6.94,0.01,5,4025,买盘
2768,10:54:09,6.93,--,50,34650,卖盘
2769,10:54:06,6.93,--,17,11781,卖盘
2770,10:54:03,6.93,--,89,62286,卖盘
2771,10:54:00,6.93,--,20,13860,卖盘
2772,10:53:57,6.93,-0.01,92,63756,卖盘
2773,10:53:54,6.94,0.01,15,10410,买盘
2774,10:53:48,6.93,--,23,15939,卖盘
2775,10:53:45,6.93,-0.01,24,16632,卖盘
2776,10:53:36,6.94,--,14,9716,买盘
2777,10:53:33,6.94,0.01,2,1388,买盘
2778,10:53:30,6.93,--,72,49896,卖盘
2779,10:53:27,6.93,--,44,30492,卖盘
2780,10:53:24,6.93,--,1124,778932,卖盘
2781,10:53:21,6.93,-0.01,141,97713,卖盘
2782,10:53:18,6.94,0.01,6,4164,买盘
2783,10:53:15,6.93,--,102,70686,卖盘
2784,10:53:12,6.93,--,10,6930,卖盘
2785,10:53:09,6.93,--,11,7623,卖盘
2786,10:53:06,6.93,--,16,11088,卖盘
2787,10:53:03,6.93,--,38,26334,卖盘
2788,10:53:00,6.93,-0.01,932,645876,卖盘
2789,10:52:57,6.94,--,84,58296,买盘
2790,10:52:48,6.94,--,17,11798,买盘
2791,10:52:45,6.94,0.01,47,32618,买盘
2792,10:52:42,6.93,--,23,15939,卖盘
2793,10:52:39,6.93,-0.01,6,4158,卖盘
2794,10:52:36,6.94,0.01,103,71482,买盘
2795,10:52:33,6.93,-0.01,81,56133,卖盘
2796,10:52:30,6.94,0.01,10,6940,买盘
2797,10:52:27,6.93,--,44,30492,卖盘
2798,10:52:24,6.93,--,9,6237,卖盘
2799,10:52:21,6.93,-0.01,170,117810,卖盘
2800,10:52:18,6.94,--,77,53438,买盘
2801,10:52:15,6.94,--,20,13880,买盘
2802,10:52:09,6.94,0.01,16,11104,买盘
2803,10:52:06,6.93,--,27,18711,卖盘
2804,10:52:03,6.93,-0.01,12,8316,卖盘
2805,10:52:00,6.94,--,5,3470,买盘
2806,10:51:57,6.94,--,10,6940,买盘
2807,10:51:54,6.94,--,49,34006,买盘
2808,10:51:51,6.94,--,104,72176,买盘
2809,10:51:48,6.94,0.01,10,6940,买盘
2810,10:51:45,6.93,-0.01,76,52668,卖盘
2811,10:51:42,6.94,--,16,11104,买盘
2812,10:51:39,6.94,0.01,15,10410,买盘
2813,10:51:36,6.93,-0.01,19,13167,卖盘
2814,10:51:33,6.94,--,196,136024,买盘
2815,10:51:30,6.94,0.01,5,3470,买盘
2816,10:51:27,6.93,--,12,8316,卖盘
2817,10:51:24,6.93,-0.01,21,14553,卖盘
2818,10:51:21,6.94,0.01,168,116592,买盘
2819,10:51:18,6.93,-0.01,122,84546,卖盘
2820,10:51:15,6.94,0.01,95,65930,买盘
2821,10:51:12,6.93,--,44,30492,卖盘
2822,10:51:09,6.93,--,64,44352,卖盘
2823,10:51:06,6.93,--,65,45045,卖盘
2824,10:51:03,6.93,-0.01,220,152460,卖盘
2825,10:50:54,6.94,0.01,36,24984,买盘
2826,10:50:48,6.93,--,49,33957,卖盘
2827,10:50:45,6.93,--,15,10395,卖盘
2828,10:50:42,6.93,-0.01,5,4081,卖盘
2829,10:50:36,6.94,--,14,9716,买盘
2830,10:50:33,6.94,0.01,1,694,买盘
2831,10:50:30,6.93,--,2,1386,卖盘
2832,10:50:27,6.93,--,2,1386,卖盘
2833,10:50:24,6.93,--,60,41774,卖盘
2834,10:50:21,6.93,-0.01,580,401940,卖盘
2835,10:50:18,6.94,--,201,139494,买盘
2836,10:50:15,6.94,0.01,70,48580,买盘
2837,10:50:06,6.93,-0.01,3,2079,卖盘
2838,10:50:03,6.94,--,26,18044,买盘
2839,10:49:54,6.94,0.01,14,9716,买盘
2840,10:49:51,6.93,--,29,20097,卖盘
2841,10:49:48,6.93,--,26,18018,卖盘
2842,10:49:45,6.93,-0.01,482,334026,卖盘
2843,10:49:42,6.94,0.01,307,213058,买盘
2844,10:49:39,6.93,-0.01,203,140679,卖盘
2845,10:49:36,6.94,--,14,9716,买盘
2846,10:49:33,6.94,0.01,1,694,买盘
2847,10:49:30,6.93,-0.01,1,693,卖盘
2848,10:49:27,6.94,--,34,23596,买盘
2849,10:49:24,6.94,0.01,14,9716,买盘
2850,10:49:21,6.93,-0.01,85,58905,卖盘
2851,10:49:18,6.94,0.01,187,129778,买盘
2852,10:49:15,6.93,-0.01,15,10395,卖盘
2853,10:49:09,6.94,--,2,1388,买盘
2854,10:49:06,6.94,0.01,38,26372,买盘
2855,10:49:03,6.93,--,10,6930,卖盘
2856,10:49:00,6.93,-0.01,42,29106,卖盘
2857,10:48:57,6.94,--,2002,1389388,买盘
2858,10:48:54,6.94,0.01,13,9022,买盘
2859,10:48:45,6.93,--,17,11781,卖盘
2860,10:48:42,6.93,--,15,10395,卖盘
2861,10:48:39,6.93,-0.01,520,360360,卖盘
2862,10:48:36,6.94,0.01,44,30536,买盘
2863,10:48:33,6.93,--,81,56133,卖盘
2864,10:48:27,6.93,-0.01,1,693,卖盘
2865,10:48:24,6.94,--,44,30536,买盘
2866,10:48:21,6.94,0.01,1,694,买盘
2867,10:48:18,6.93,-0.01,5,3465,卖盘
2868,10:48:15,6.94,--,71,49274,买盘
2869,10:48:12,6.94,--,14,9716,买盘
2870,10:48:09,6.94,0.01,1,694,买盘
2871,10:48:06,6.93,-0.01,19,13167,卖盘
2872,10:48:00,6.94,--,38,26372,买盘
2873,10:47:57,6.94,--,1,694,买盘
2874,10:47:54,6.94,--,16,11104,买盘
2875,10:47:51,6.94,0.01,68,47192,买盘
2876,10:47:45,6.93,-0.01,16,11088,卖盘
2877,10:47:42,6.94,0.01,8,5552,买盘
2878,10:47:39,6.93,--,199,137907,卖盘
2879,10:47:36,6.93,-0.01,17,11781,卖盘
2880,10:47:33,6.94,--,65,45110,买盘
2881,10:47:30,6.94,0.01,1,694,买盘
2882,10:47:27,6.93,-0.01,20,13860,卖盘
2883,10:47:24,6.94,--,32,22208,买盘
2884,10:47:21,6.94,--,207,143658,买盘
2885,10:47:18,6.94,0.01,57,39558,买盘
2886,10:47:15,6.93,--,135,93555,卖盘
2887,10:47:12,6.93,--,1,693,卖盘
