,time,price,change,volume,amount,type
0,15:00:03,8.8,0.02,38658,34019427,买盘
1,14:57:00,8.78,--,109,95702,卖盘
2,14:56:57,8.78,--,207,181746,卖盘
3,14:56:54,8.78,-0.01,298,261643,卖盘
4,14:56:51,8.79,0.01,411,361268,买盘
5,14:56:48,8.78,--,83,72874,买盘
6,14:56:45,8.78,--,1495,1312610,卖盘
7,14:56:42,8.78,-0.01,783,687474,卖盘
8,14:56:39,8.79,--,357,313802,买盘
9,14:56:36,8.79,--,703,617936,买盘
10,14:56:33,8.79,--,219,192500,买盘
11,14:56:30,8.79,0.01,271,238208,买盘
12,14:56:27,8.78,--,307,269546,卖盘
13,14:56:24,8.78,--,356,312568,卖盘
14,14:56:21,8.78,-0.01,513,450413,卖盘
15,14:56:18,8.79,0.01,514,451805,买盘
16,14:56:15,8.78,--,2324,2040471,卖盘
17,14:56:12,8.78,-0.01,915,803369,卖盘
18,14:56:09,8.79,--,983,864056,买盘
19,14:56:06,8.79,0.01,1095,962504,买盘
20,14:56:03,8.78,-0.01,331,290618,卖盘
21,14:56:00,8.79,0.01,442,388517,买盘
22,14:55:57,8.78,--,127,111505,卖盘
23,14:55:54,8.78,-0.01,341,299398,中性盘
24,14:55:51,8.79,0.01,780,685619,买盘
25,14:55:48,8.78,--,812,712936,卖盘
26,14:55:45,8.78,-0.01,875,768250,卖盘
27,14:55:42,8.79,0.01,1822,1601537,买盘
28,14:55:39,8.78,-0.01,216,189648,卖盘
29,14:55:36,8.79,--,527,463232,买盘
30,14:55:33,8.79,0.01,127,111632,买盘
31,14:55:30,8.78,--,1191,1045697,卖盘
32,14:55:27,8.78,-0.01,465,408269,卖盘
33,14:55:24,8.79,--,73,64166,买盘
34,14:55:21,8.79,--,319,280401,买盘
35,14:55:18,8.79,--,766,673313,买盘
36,14:55:15,8.79,--,402,353357,买盘
37,14:55:12,8.79,--,202,177557,买盘
38,14:55:09,8.79,0.01,468,411371,买盘
39,14:55:06,8.78,-0.01,666,584748,卖盘
40,14:55:03,8.79,--,1848,1624391,买盘
41,14:55:00,8.79,--,1151,1011728,买盘
42,14:54:57,8.79,--,1403,1233236,买盘
43,14:54:54,8.79,--,721,633758,买盘
44,14:54:51,8.79,0.01,820,720779,买盘
45,14:54:48,8.78,-0.01,820,719960,卖盘
46,14:54:45,8.79,0.01,1931,1697348,买盘
47,14:54:42,8.78,--,2003,1758633,卖盘
48,14:54:39,8.78,--,198,173844,卖盘
49,14:54:36,8.78,--,665,583870,卖盘
50,14:54:33,8.78,--,109,95702,卖盘
51,14:54:30,8.78,-0.01,329,288862,卖盘
52,14:54:27,8.79,0.01,404,355115,买盘
53,14:54:24,8.78,-0.01,493,432853,卖盘
54,14:54:21,8.79,--,1701,1495178,买盘
55,14:54:18,8.79,--,1001,879878,买盘
56,14:54:15,8.79,--,972,854387,买盘
57,14:54:12,8.79,0.01,1189,1045130,买盘
58,14:54:09,8.78,-0.01,182,159796,卖盘
59,14:54:06,8.79,0.01,310,272490,买盘
60,14:54:03,8.78,-0.01,856,751568,卖盘
61,14:54:00,8.79,--,403,354236,买盘
62,14:53:57,8.79,0.01,299,262821,买盘
63,14:53:54,8.78,--,375,329250,卖盘
64,14:53:51,8.78,--,1119,982481,卖盘
65,14:53:48,8.78,-0.01,381,334518,卖盘
66,14:53:45,8.79,0.01,935,821864,买盘
67,14:53:42,8.78,-0.01,2040,1791119,卖盘
68,14:53:39,8.79,0.01,548,481691,买盘
69,14:53:36,8.78,-0.01,401,352078,卖盘
70,14:53:33,8.79,--,1313,1154127,买盘
71,14:53:30,8.79,0.01,105,92294,买盘
72,14:53:27,8.78,-0.01,365,320470,卖盘
73,14:53:24,8.79,0.01,742,652217,买盘
74,14:53:21,8.78,--,139,122568,卖盘
75,14:53:18,8.78,-0.01,550,482899,卖盘
76,14:53:15,8.79,--,461,405218,买盘
77,14:53:12,8.79,0.01,349,306770,买盘
78,14:53:09,8.78,-0.01,190,166820,卖盘
79,14:53:06,8.79,0.01,340,298860,买盘
80,14:53:03,8.78,-0.01,110,96580,卖盘
81,14:53:00,8.79,--,137,120422,买盘
82,14:52:57,8.79,0.01,214,188105,买盘
83,14:52:54,8.78,--,330,289915,卖盘
84,14:52:51,8.78,0.01,3609,3168702,买盘
85,14:52:48,8.77,-0.01,602,527954,卖盘
86,14:52:45,8.78,--,87,76386,买盘
87,14:52:42,8.78,--,775,680450,买盘
88,14:52:39,8.78,--,178,156284,买盘
89,14:52:36,8.78,--,99,86922,买盘
90,14:52:33,8.78,0.01,427,374906,买盘
91,14:52:30,8.77,-0.01,777,681429,卖盘
92,14:52:27,8.78,0.01,535,469729,买盘
93,14:52:24,8.77,-0.01,196,171892,卖盘
94,14:52:21,8.78,--,688,604064,买盘
95,14:52:18,8.78,0.01,273,239693,买盘
96,14:52:15,8.77,-0.01,162,142074,卖盘
97,14:52:12,8.78,--,382,335396,买盘
98,14:52:09,8.78,--,1056,927167,买盘
99,14:52:06,8.78,--,398,349444,卖盘
100,14:52:03,8.78,-0.01,533,467973,卖盘
101,14:52:00,8.79,0.01,476,418403,买盘
102,14:51:57,8.78,-0.01,255,223889,中性盘
103,14:51:54,8.79,--,1223,1075017,买盘
104,14:51:51,8.79,--,233,204806,买盘
105,14:51:48,8.79,--,1305,1147095,买盘
106,14:51:45,8.79,--,142,124817,买盘
107,14:51:42,8.79,--,225,197774,买盘
108,14:51:39,8.79,0.01,1149,1009970,卖盘
109,14:51:36,8.78,-0.02,5592,4909776,卖盘
110,14:51:33,8.8,--,465,409200,买盘
111,14:51:30,8.8,0.01,517,454960,买盘
112,14:51:27,8.79,--,286,251393,卖盘
113,14:51:24,8.79,--,2872,2524487,卖盘
114,14:51:21,8.79,--,614,539706,买盘
115,14:51:18,8.79,0.01,766,673313,买盘
116,14:51:15,8.78,-0.01,784,688352,卖盘
117,14:51:12,8.79,0.01,805,707594,买盘
118,14:51:09,8.78,-0.01,645,566310,卖盘
119,14:51:06,8.79,--,4432,3896431,买盘
120,14:51:03,8.79,0.01,309,271611,买盘
121,14:51:00,8.78,-0.01,1563,1372314,卖盘
122,14:50:57,8.79,--,1615,1419584,买盘
123,14:50:54,8.79,--,1301,1143579,买盘
124,14:50:51,8.79,--,332,291828,买盘
125,14:50:48,8.79,0.01,205,180194,买盘
126,14:50:45,8.78,--,2687,2359361,买盘
127,14:50:42,8.78,--,1097,963165,买盘
128,14:50:39,8.78,0.01,3928,3448783,买盘
129,14:50:36,8.77,-0.01,459,402543,卖盘
130,14:50:33,8.78,0.01,787,690986,买盘
131,14:50:30,8.77,--,1505,1319885,卖盘
132,14:50:27,8.77,--,3083,2703791,卖盘
133,14:50:24,8.77,--,388,340276,卖盘
134,14:50:21,8.77,--,1223,1072571,卖盘
135,14:50:18,8.77,--,581,509537,卖盘
136,14:50:15,8.77,--,2853,2502081,买盘
137,14:50:12,8.77,--,239,209603,买盘
138,14:50:09,8.77,--,428,375829,买盘
139,14:50:06,8.77,0.01,1322,1159394,买盘
140,14:50:03,8.76,-0.01,824,721824,卖盘
141,14:50:00,8.77,0.01,375,328875,买盘
142,14:49:57,8.76,-0.01,1864,1632864,卖盘
143,14:49:54,8.77,--,873,765621,买盘
144,14:49:51,8.77,--,1611,1412847,买盘
145,14:49:48,8.77,--,954,836658,买盘
146,14:49:45,8.77,0.01,666,584082,买盘
147,14:49:42,8.76,-0.01,441,386316,卖盘
148,14:49:39,8.77,--,280,245560,买盘
149,14:49:36,8.77,0.01,1234,1082218,买盘
150,14:49:33,8.76,0.01,854,748104,买盘
151,14:49:30,8.75,-0.01,1787,1563800,卖盘
152,14:49:27,8.76,--,676,592176,买盘
153,14:49:24,8.76,0.01,267,233892,买盘
154,14:49:21,8.75,--,426,372750,卖盘
155,14:49:18,8.75,--,473,413875,卖盘
156,14:49:15,8.75,--,258,225750,卖盘
157,14:49:12,8.75,--,878,768950,买盘
158,14:49:09,8.75,--,206,180250,买盘
159,14:49:06,8.75,--,789,690375,买盘
160,14:49:03,8.75,--,825,722050,卖盘
161,14:49:00,8.75,--,688,602000,卖盘
162,14:48:57,8.75,--,254,222250,卖盘
163,14:48:54,8.75,0.01,1884,1649200,买盘
164,14:48:51,8.74,-0.01,1078,942172,卖盘
165,14:48:48,8.75,0.01,310,271250,买盘
166,14:48:45,8.74,-0.01,702,613722,卖盘
167,14:48:42,8.75,--,1633,1429575,买盘
168,14:48:39,8.75,0.01,644,563500,买盘
169,14:48:36,8.74,-0.01,194,169556,卖盘
170,14:48:33,8.75,0.01,1554,1359750,买盘
171,14:48:30,8.74,--,1484,1297016,卖盘
172,14:48:27,8.74,-0.01,2539,2219086,卖盘
173,14:48:24,8.75,--,48,42000,买盘
174,14:48:21,8.75,0.01,343,300300,买盘
175,14:48:18,8.74,0.01,525,458850,买盘
176,14:48:15,8.73,-0.01,672,586656,卖盘
177,14:48:12,8.74,--,913,797962,买盘
178,14:48:09,8.74,--,227,198398,卖盘
179,14:48:06,8.74,-0.01,1681,1469194,卖盘
180,14:48:03,8.75,0.01,528,462000,买盘
181,14:48:00,8.74,--,1127,984998,卖盘
182,14:47:57,8.74,--,62,54188,卖盘
183,14:47:54,8.74,--,53,46322,卖盘
184,14:47:51,8.74,0.01,175,152950,买盘
185,14:47:48,8.73,-0.01,393,343089,卖盘
186,14:47:45,8.74,0.01,1242,1085508,买盘
187,14:47:42,8.73,-0.01,325,283725,卖盘
188,14:47:39,8.74,--,860,751640,买盘
189,14:47:36,8.74,0.01,378,330372,买盘
190,14:47:33,8.73,--,485,423405,卖盘
191,14:47:30,8.73,--,730,637290,卖盘
192,14:47:27,8.73,--,159,138807,卖盘
193,14:47:24,8.73,-0.01,131,114363,卖盘
194,14:47:21,8.74,--,236,206264,买盘
195,14:47:18,8.74,--,70,61180,买盘
196,14:47:15,8.74,--,208,181792,买盘
197,14:47:12,8.74,0.01,130,113620,买盘
198,14:47:09,8.73,-0.01,652,569196,卖盘
199,14:47:06,8.74,--,260,227240,买盘
200,14:47:03,8.74,--,1819,1589806,买盘
201,14:47:00,8.74,0.01,444,388056,买盘
202,14:46:57,8.73,-0.01,104,90792,卖盘
203,14:46:54,8.74,0.01,154,134596,买盘
204,14:46:51,8.73,--,250,218250,卖盘
205,14:46:48,8.73,-0.01,651,568323,卖盘
206,14:46:45,8.74,0.01,151,131974,买盘
207,14:46:42,8.73,-0.01,1196,1044108,卖盘
208,14:46:39,8.74,--,86,75164,买盘
209,14:46:36,8.74,0.01,85,74290,买盘
210,14:46:33,8.73,--,326,284598,卖盘
211,14:46:30,8.73,-0.01,169,147537,卖盘
212,14:46:27,8.74,--,16,13984,买盘
213,14:46:24,8.74,--,71,62054,买盘
214,14:46:21,8.74,--,128,111872,买盘
215,14:46:18,8.74,--,279,243846,买盘
216,14:46:15,8.74,0.01,174,152076,买盘
217,14:46:12,8.73,--,315,274995,卖盘
218,14:46:09,8.73,--,24,20952,卖盘
219,14:46:06,8.73,-0.01,215,187695,卖盘
220,14:46:03,8.74,-0.01,286,249964,卖盘
221,14:46:00,8.75,0.01,494,432250,买盘
222,14:45:57,8.74,--,110,96140,卖盘
223,14:45:54,8.74,--,332,290168,卖盘
224,14:45:51,8.74,--,1330,1162420,卖盘
225,14:45:48,8.74,--,238,208012,卖盘
226,14:45:45,8.74,--,200,174800,买盘
227,14:45:42,8.74,--,361,315514,买盘
228,14:45:39,8.74,0.01,371,324254,买盘
229,14:45:36,8.73,--,45,39285,卖盘
230,14:45:33,8.73,-0.01,382,333486,卖盘
231,14:45:30,8.74,--,192,167808,买盘
232,14:45:27,8.74,-0.01,312,272862,卖盘
233,14:45:24,8.75,0.01,2066,1807750,买盘
234,14:45:21,8.74,--,2294,2005480,卖盘
235,14:45:18,8.74,--,1193,1042682,卖盘
236,14:45:15,8.74,--,141,123234,卖盘
237,14:45:12,8.74,--,395,345230,卖盘
238,14:45:09,8.74,--,163,142462,卖盘
239,14:45:06,8.74,-0.01,803,701822,卖盘
240,14:45:03,8.75,0.01,857,749875,买盘
241,14:45:00,8.74,--,169,147706,卖盘
242,14:44:57,8.74,--,247,215878,卖盘
243,14:44:54,8.74,-0.01,356,311144,卖盘
244,14:44:51,8.75,--,578,505750,买盘
245,14:44:48,8.75,0.01,255,223125,买盘
246,14:44:45,8.74,--,1674,1463076,卖盘
247,14:44:42,8.74,-0.01,302,263948,卖盘
248,14:44:39,8.75,--,339,296625,买盘
249,14:44:36,8.75,--,124,108500,买盘
250,14:44:33,8.75,0.01,413,361375,买盘
251,14:44:30,8.74,--,344,300656,卖盘
252,14:44:27,8.74,--,367,320932,卖盘
253,14:44:24,8.74,-0.01,433,378442,卖盘
254,14:44:21,8.75,0.01,687,601125,买盘
255,14:44:18,8.74,0.01,1639,1432486,买盘
256,14:44:15,8.73,-0.01,167,145791,卖盘
257,14:44:12,8.74,--,1212,1059288,买盘
258,14:44:09,8.74,0.01,548,478952,买盘
259,14:44:06,8.73,--,1231,1074663,卖盘
260,14:44:03,8.73,--,204,178092,卖盘
261,14:44:00,8.73,--,195,170235,卖盘
262,14:43:57,8.73,--,892,778716,卖盘
263,14:43:54,8.73,-0.01,654,570942,卖盘
264,14:43:51,8.74,--,886,774364,买盘
265,14:43:48,8.74,0.01,169,147706,买盘
266,14:43:45,8.73,-0.01,344,300312,卖盘
267,14:43:42,8.74,0.01,1299,1135326,买盘
268,14:43:39,8.73,-0.01,1538,1342674,卖盘
269,14:43:36,8.74,--,933,815442,买盘
270,14:43:33,8.74,--,2775,2425350,买盘
271,14:43:30,8.74,0.01,512,447488,买盘
272,14:43:27,8.73,--,1374,1199502,卖盘
273,14:43:24,8.73,-0.01,417,364041,卖盘
274,14:43:21,8.74,--,971,848654,买盘
275,14:43:18,8.74,--,1667,1456958,卖盘
276,14:43:15,8.74,-0.01,894,781356,卖盘
277,14:43:12,8.75,0.01,410,358750,买盘
278,14:43:09,8.74,-0.01,700,611800,卖盘
279,14:43:06,8.75,0.01,429,375375,买盘
280,14:43:03,8.74,--,464,405885,买盘
281,14:43:00,8.74,--,627,547998,买盘
282,14:42:57,8.74,0.01,956,835544,买盘
283,14:42:54,8.73,--,477,416421,卖盘
284,14:42:51,8.73,--,1023,893079,买盘
285,14:42:48,8.73,0.01,152,132696,买盘
286,14:42:45,8.72,-0.01,342,298224,卖盘
287,14:42:42,8.73,0.01,1275,1113075,买盘
288,14:42:39,8.72,-0.01,369,321768,卖盘
289,14:42:36,8.73,--,1533,1338309,买盘
290,14:42:33,8.73,0.01,441,384993,买盘
291,14:42:30,8.72,-0.01,242,211024,卖盘
292,14:42:27,8.73,0.01,1864,1627272,买盘
293,14:42:24,8.72,0.01,604,526688,买盘
294,14:42:21,8.71,0.01,856,745576,买盘
295,14:42:18,8.7,--,415,361049,卖盘
296,14:42:15,8.7,-0.01,472,410639,卖盘
297,14:42:12,8.71,0.01,1379,1201109,买盘
298,14:42:09,8.7,--,173,150510,买盘
299,14:42:06,8.7,--,479,416729,卖盘
300,14:42:03,8.7,--,221,192269,卖盘
301,14:42:00,8.7,--,395,343650,卖盘
302,14:41:57,8.7,-0.01,108,93959,卖盘
303,14:41:54,8.71,--,75,65325,买盘
304,14:41:51,8.71,--,54,47034,买盘
305,14:41:48,8.71,--,369,321399,卖盘
306,14:41:45,8.71,--,122,106262,卖盘
307,14:41:42,8.71,-0.01,193,168103,卖盘
308,14:41:39,8.72,-0.01,102,88944,买盘
309,14:41:36,8.73,--,180,157140,卖盘
310,14:41:33,8.73,--,1196,1044108,卖盘
311,14:41:30,8.73,--,435,379755,卖盘
312,14:41:27,8.73,--,108,94284,卖盘
313,14:41:24,8.73,-0.01,431,376263,卖盘
314,14:41:21,8.74,0.01,290,253460,买盘
315,14:41:18,8.73,-0.01,172,150156,卖盘
316,14:41:15,8.74,--,459,401166,买盘
317,14:41:12,8.74,-0.01,488,426512,卖盘
318,14:41:09,8.75,--,1957,1712375,卖盘
319,14:41:06,8.75,-0.01,454,397250,卖盘
320,14:41:03,8.76,--,2595,2273220,买盘
321,14:41:00,8.76,0.01,1296,1135296,买盘
322,14:40:57,8.75,--,280,245000,卖盘
323,14:40:54,8.75,-0.01,6588,5764500,卖盘
324,14:40:51,8.76,--,658,576408,买盘
325,14:40:48,8.76,--,1300,1138800,买盘
326,14:40:45,8.76,--,717,628092,买盘
327,14:40:42,8.76,--,445,389820,买盘
328,14:40:39,8.76,0.01,669,586044,中性盘
329,14:40:36,8.75,-0.01,2596,2271500,卖盘
330,14:40:33,8.76,-0.01,293,256668,卖盘
331,14:40:30,8.77,0.02,1353,1186581,买盘
332,14:40:27,8.75,-0.01,1462,1279250,卖盘
333,14:40:24,8.76,--,1150,1007400,买盘
334,14:40:21,8.76,--,697,610572,买盘
335,14:40:18,8.76,--,400,350400,买盘
336,14:40:15,8.76,--,750,657000,买盘
337,14:40:12,8.76,-0.01,3247,2845177,卖盘
338,14:40:09,8.77,--,1167,1023459,买盘
339,14:40:06,8.77,--,794,696338,买盘
340,14:40:03,8.77,--,243,213111,买盘
341,14:40:00,8.77,0.01,2043,1791781,买盘
342,14:39:57,8.76,0.01,4436,3885936,买盘
343,14:39:54,8.75,0.01,670,586250,买盘
344,14:39:51,8.74,-0.01,1021,892354,卖盘
345,14:39:48,8.75,--,1986,1737750,买盘
346,14:39:45,8.75,0.01,770,673750,买盘
347,14:39:42,8.74,--,2818,2462932,买盘
348,14:39:39,8.74,--,130,113620,买盘
349,14:39:36,8.74,0.02,3610,3155489,买盘
350,14:39:33,8.72,--,64,55808,买盘
351,14:39:30,8.72,0.01,1253,1092616,买盘
352,14:39:27,8.71,--,185,161135,买盘
353,14:39:24,8.71,0.01,8466,7374408,买盘
354,14:39:21,8.7,--,1095,952649,买盘
355,14:39:18,8.7,0.01,3330,2897099,买盘
356,14:39:15,8.69,--,2084,1810996,买盘
357,14:39:12,8.69,0.01,1133,984577,买盘
358,14:39:09,8.68,--,188,163184,卖盘
359,14:39:06,8.68,--,8713,7562884,买盘
360,14:39:03,8.68,0.01,2736,2374848,买盘
361,14:39:00,8.67,--,1522,1319574,买盘
362,14:38:57,8.67,--,453,392751,买盘
363,14:38:54,8.67,0.01,70,60690,买盘
364,14:38:51,8.66,--,276,239016,卖盘
365,14:38:48,8.66,--,2187,1893942,买盘
366,14:38:45,8.66,0.01,628,543848,买盘
367,14:38:42,8.65,-0.01,37,32005,卖盘
368,14:38:39,8.66,0.01,2410,2087060,买盘
369,14:38:36,8.65,-0.01,47,40655,卖盘
370,14:38:33,8.66,--,67,58022,买盘
371,14:38:30,8.66,0.01,219,189654,买盘
372,14:38:27,8.65,--,216,186840,买盘
373,14:38:24,8.65,--,11,9515,买盘
374,14:38:21,8.65,--,86,74390,卖盘
375,14:38:18,8.65,-0.01,534,461910,卖盘
376,14:38:15,8.66,0.01,74,64084,买盘
377,14:38:12,8.65,-0.01,91,78715,卖盘
378,14:38:09,8.66,0.01,157,135962,买盘
379,14:38:06,8.65,-0.01,51,44115,卖盘
380,14:38:03,8.66,0.01,285,246810,买盘
381,14:38:00,8.65,--,471,407415,卖盘
382,14:37:57,8.65,-0.01,65,56225,卖盘
383,14:37:54,8.66,0.01,188,163500,买盘
384,14:37:51,8.65,--,265,229225,卖盘
385,14:37:48,8.65,--,246,212790,卖盘
386,14:37:45,8.65,-0.01,45,38925,卖盘
387,14:37:42,8.66,--,33,28578,买盘
388,14:37:39,8.66,0.01,854,739564,买盘
389,14:37:36,8.65,--,256,221440,卖盘
390,14:37:33,8.65,--,338,292370,卖盘
391,14:37:30,8.65,--,298,257770,卖盘
392,14:37:27,8.65,--,260,224900,卖盘
393,14:37:24,8.65,--,287,248255,卖盘
394,14:37:21,8.65,--,208,179920,卖盘
395,14:37:18,8.65,--,559,483535,卖盘
396,14:37:15,8.65,--,404,349460,卖盘
397,14:37:12,8.65,--,76,65740,卖盘
398,14:37:09,8.65,-0.01,352,304480,卖盘
399,14:37:06,8.66,0.01,146,126436,买盘
400,14:37:03,8.65,-0.01,252,217980,卖盘
401,14:37:00,8.66,0.01,207,179262,买盘
402,14:36:57,8.65,--,250,216250,卖盘
403,14:36:54,8.65,--,1092,944580,卖盘
404,14:36:51,8.65,--,151,130615,卖盘
405,14:36:48,8.65,--,145,125425,卖盘
406,14:36:45,8.65,--,185,160025,卖盘
407,14:36:42,8.65,--,75,64875,卖盘
408,14:36:39,8.65,-0.01,38,32870,卖盘
409,14:36:36,8.66,--,81,70146,买盘
410,14:36:33,8.66,0.01,156,135096,买盘
411,14:36:30,8.65,--,89,76985,卖盘
412,14:36:27,8.65,0.01,454,392883,买盘
413,14:36:24,8.64,-0.01,418,361152,卖盘
414,14:36:21,8.65,--,593,512945,买盘
415,14:36:18,8.65,--,173,149645,买盘
416,14:36:15,8.65,--,180,155700,买盘
417,14:36:12,8.65,--,223,192895,买盘
418,14:36:09,8.65,--,84,72660,买盘
419,14:36:06,8.65,--,213,184245,买盘
420,14:36:03,8.65,--,110,95150,买盘
421,14:36:00,8.65,--,480,415200,买盘
422,14:35:57,8.65,-0.01,780,675392,卖盘
423,14:35:54,8.66,0.01,1296,1122509,买盘
424,14:35:51,8.65,--,230,198950,卖盘
425,14:35:48,8.65,-0.01,42,36330,卖盘
426,14:35:45,8.66,0.01,101,87466,买盘
427,14:35:42,8.65,--,166,143590,买盘
428,14:35:39,8.65,--,111,96015,卖盘
429,14:35:36,8.65,--,762,659130,买盘
430,14:35:33,8.65,--,293,253445,卖盘
431,14:35:30,8.65,0.01,2022,1749030,买盘
432,14:35:27,8.64,-0.01,488,421632,卖盘
433,14:35:24,8.65,--,2087,1805255,买盘
434,14:35:21,8.65,--,111,96015,买盘
435,14:35:18,8.65,--,243,210195,卖盘
436,14:35:15,8.65,0.01,51,44115,买盘
437,14:35:12,8.64,-0.01,156,135302,卖盘
438,14:35:09,8.65,--,327,283201,买盘
439,14:35:06,8.65,--,560,484400,买盘
440,14:35:03,8.65,-0.01,1309,1132804,卖盘
441,14:35:00,8.66,--,79,68414,买盘
442,14:34:57,8.66,0.01,867,750822,买盘
443,14:34:54,8.65,-0.01,599,518135,卖盘
444,14:34:51,8.66,--,3595,3113270,买盘
445,14:34:48,8.66,--,732,634258,卖盘
446,14:34:45,8.66,-0.01,532,460712,卖盘
447,14:34:42,8.67,0.01,317,275359,买盘
448,14:34:39,8.66,--,1315,1138790,卖盘
449,14:34:36,8.66,-0.01,732,633912,卖盘
450,14:34:33,8.67,0.01,658,570486,买盘
451,14:34:30,8.66,-0.01,524,453784,卖盘
452,14:34:27,8.67,--,402,348534,买盘
453,14:34:24,8.67,--,935,810645,买盘
454,14:34:21,8.67,--,64,55488,买盘
455,14:34:18,8.67,--,205,177735,买盘
456,14:34:15,8.67,--,175,151725,买盘
457,14:34:12,8.67,--,688,596496,买盘
458,14:34:09,8.67,--,703,609501,买盘
459,14:34:06,8.67,0.01,282,244494,买盘
460,14:34:03,8.66,-0.01,663,574158,卖盘
461,14:34:00,8.67,0.01,44,38148,买盘
462,14:33:57,8.66,-0.01,520,450839,卖盘
463,14:33:54,8.67,0.01,359,311253,买盘
464,14:33:51,8.66,-0.01,182,157612,卖盘
465,14:33:48,8.67,0.01,136,117912,买盘
466,14:33:45,8.66,-0.01,133,115178,卖盘
467,14:33:42,8.67,0.01,772,669324,买盘
468,14:33:39,8.66,--,274,237284,买盘
469,14:33:36,8.66,-0.01,554,479764,卖盘
470,14:33:33,8.67,0.01,294,254898,买盘
471,14:33:30,8.66,-0.01,793,686738,卖盘
472,14:33:27,8.67,--,912,790704,买盘
473,14:33:24,8.67,--,524,454308,买盘
474,14:33:21,8.67,--,3200,2774400,买盘
475,14:33:18,8.67,-0.01,2672,2317317,卖盘
476,14:33:15,8.68,--,933,809844,买盘
477,14:33:12,8.68,--,1221,1059828,买盘
478,14:33:09,8.68,--,703,610204,买盘
479,14:33:06,8.68,0.01,426,369768,买盘
480,14:33:03,8.67,--,2878,2495399,买盘
481,14:33:00,8.67,0.01,1395,1209465,买盘
482,14:32:57,8.66,--,2921,2529586,卖盘
483,14:32:54,8.66,--,496,429536,卖盘
484,14:32:51,8.66,0.01,247,213902,买盘
485,14:32:48,8.65,-0.01,309,267285,卖盘
486,14:32:45,8.66,--,328,284048,买盘
487,14:32:42,8.66,--,754,652964,买盘
488,14:32:39,8.66,0.01,1452,1257432,买盘
489,14:32:36,8.65,--,203,175595,卖盘
490,14:32:33,8.65,--,2686,2323390,卖盘
491,14:32:30,8.65,--,2237,1935351,买盘
492,14:32:27,8.65,--,4500,3892500,买盘
493,14:32:24,8.65,--,2705,2339825,买盘
494,14:32:21,8.65,0.01,1361,1177265,买盘
495,14:32:18,8.64,-0.01,1624,1403136,卖盘
496,14:32:15,8.65,--,211,182515,买盘
497,14:32:12,8.65,--,1454,1257710,买盘
498,14:32:09,8.65,0.01,1090,942850,买盘
499,14:32:06,8.64,-0.01,351,303264,卖盘
500,14:32:03,8.65,0.01,131,113315,买盘
501,14:32:00,8.64,--,200,172800,买盘
502,14:31:57,8.64,--,1884,1627776,买盘
503,14:31:54,8.64,--,804,694656,买盘
504,14:31:51,8.64,--,2207,1906848,买盘
505,14:31:48,8.64,0.01,1053,909792,买盘
506,14:31:45,8.63,--,1163,1003669,卖盘
507,14:31:42,8.63,0.01,419,361597,买盘
508,14:31:39,8.62,--,588,506855,卖盘
509,14:31:36,8.62,-0.01,2224,1917087,卖盘
510,14:31:33,8.63,--,1330,1147790,买盘
511,14:31:30,8.63,--,860,742180,买盘
512,14:31:27,8.63,0.01,1470,1268782,买盘
513,14:31:24,8.62,0.01,127,109473,买盘
514,14:31:21,8.61,--,2201,1895060,卖盘
515,14:31:18,8.61,--,16,13776,卖盘
516,14:31:15,8.61,-0.01,230,198030,卖盘
517,14:31:12,8.62,--,26,22411,买盘
518,14:31:09,8.62,0.01,33,28445,买盘
519,14:31:06,8.61,--,91,78351,卖盘
520,14:31:03,8.61,--,276,237635,买盘
521,14:31:00,8.61,--,1022,879942,买盘
522,14:30:57,8.61,0.01,113,97293,卖盘
523,14:30:54,8.6,-0.02,1033,888380,卖盘
524,14:30:51,8.62,0.01,32,27583,买盘
525,14:30:48,8.61,--,17,14636,卖盘
526,14:30:45,8.61,0.01,39,33579,买盘
527,14:30:42,8.6,--,57,49020,卖盘
528,14:30:39,8.6,-0.01,143,122980,卖盘
529,14:30:36,8.61,--,277,238496,买盘
530,14:30:33,8.61,0.01,613,527793,买盘
531,14:30:30,8.6,--,117,100620,卖盘
532,14:30:27,8.6,-0.01,1187,1020820,卖盘
533,14:30:24,8.61,0.01,439,377979,买盘
534,14:30:21,8.6,-0.01,164,141040,卖盘
535,14:30:18,8.61,--,114,98154,买盘
536,14:30:15,8.61,0.01,27,23247,买盘
537,14:30:12,8.6,--,352,302720,卖盘
538,14:30:09,8.6,-0.01,408,350880,卖盘
539,14:30:06,8.61,0.01,37,31856,买盘
540,14:30:03,8.6,-0.01,50,43000,卖盘
541,14:30:00,8.61,0.01,123,105903,买盘
542,14:29:57,8.6,-0.01,68,58480,卖盘
543,14:29:54,8.61,--,52,44772,买盘
544,14:29:51,8.61,--,125,107625,买盘
545,14:29:48,8.61,0.03,358,308238,买盘
546,14:29:45,8.58,-0.03,26,22308,卖盘
547,14:29:42,8.61,0.01,854,735294,买盘
548,14:29:39,8.6,-0.01,1,860,卖盘
549,14:29:36,8.61,0.01,149,128288,买盘
550,14:29:33,8.6,--,754,648440,卖盘
551,14:29:30,8.6,0.03,8799,7567140,买盘
552,14:29:27,8.57,--,118,101126,卖盘
553,14:29:24,8.57,-0.01,31,26567,卖盘
554,14:29:21,8.58,0.01,62,53196,买盘
555,14:29:18,8.57,--,5,4285,卖盘
556,14:29:15,8.57,--,32,27424,卖盘
557,14:29:12,8.57,--,154,131978,卖盘
558,14:29:09,8.57,-0.01,302,258814,卖盘
559,14:29:06,8.58,0.01,54,46332,买盘
560,14:29:03,8.57,--,461,395077,卖盘
561,14:29:00,8.57,--,58,49706,买盘
562,14:28:57,8.57,--,158,135406,卖盘
563,14:28:54,8.57,--,52,44564,卖盘
564,14:28:51,8.57,-0.01,40,34280,卖盘
565,14:28:48,8.58,0.01,165,141570,买盘
566,14:28:45,8.57,-0.01,147,125979,卖盘
567,14:28:42,8.58,--,2,1716,买盘
568,14:28:39,8.58,--,203,174174,买盘
569,14:28:36,8.58,--,1271,1090518,买盘
570,14:28:33,8.58,0.01,237,203346,买盘
571,14:28:30,8.57,--,195,167115,卖盘
572,14:28:27,8.57,-0.01,1033,885281,卖盘
573,14:28:24,8.58,--,1075,922350,买盘
574,14:28:21,8.58,0.01,55,47190,买盘
575,14:28:18,8.57,-0.01,27,23139,卖盘
576,14:28:15,8.58,0.01,211,181038,买盘
577,14:28:12,8.57,--,60,51420,卖盘
578,14:28:09,8.57,-0.01,32,27424,卖盘
579,14:28:06,8.58,--,72,61776,买盘
580,14:28:03,8.58,-0.01,49,42042,买盘
581,14:28:00,8.59,0.01,265,227635,买盘
582,14:27:57,8.58,--,265,227593,卖盘
583,14:27:54,8.58,--,314,269412,卖盘
584,14:27:51,8.58,--,403,345774,卖盘
585,14:27:48,8.58,--,200,171600,卖盘
586,14:27:45,8.58,--,61,52338,卖盘
587,14:27:42,8.58,--,241,206778,卖盘
588,14:27:39,8.58,-0.01,551,472758,卖盘
589,14:27:36,8.59,--,90,77310,买盘
590,14:27:33,8.59,--,169,145171,买盘
591,14:27:30,8.59,--,47,40373,买盘
592,14:27:27,8.59,0.01,147,126273,买盘
593,14:27:24,8.58,-0.01,248,212784,卖盘
594,14:27:21,8.59,--,349,299791,买盘
595,14:27:18,8.59,0.01,129,110811,买盘
596,14:27:15,8.58,--,156,133848,卖盘
597,14:27:12,8.58,--,158,135564,卖盘
598,14:27:09,8.58,-0.01,76,65208,卖盘
599,14:27:06,8.59,--,246,211314,买盘
600,14:27:03,8.59,--,577,495643,买盘
601,14:27:00,8.59,--,273,234507,买盘
602,14:26:57,8.59,0.01,691,593569,买盘
603,14:26:54,8.58,-0.01,46,39468,卖盘
604,14:26:51,8.59,0.01,74,63566,买盘
605,14:26:48,8.58,-0.01,50,42900,卖盘
606,14:26:45,8.59,0.01,188,161492,买盘
607,14:26:42,8.58,-0.01,186,159588,卖盘
608,14:26:39,8.59,--,803,689777,买盘
609,14:26:36,8.59,--,721,619339,买盘
610,14:26:33,8.59,--,67,57553,买盘
611,14:26:30,8.59,--,229,196711,买盘
612,14:26:27,8.59,--,20,17180,买盘
613,14:26:24,8.59,0.01,53,45527,买盘
614,14:26:21,8.58,-0.01,348,298584,卖盘
615,14:26:18,8.59,0.01,1265,1086635,买盘
616,14:26:15,8.58,--,165,141570,卖盘
617,14:26:12,8.58,--,28,24024,卖盘
618,14:26:09,8.58,--,21,18018,卖盘
619,14:26:06,8.58,--,93,79794,卖盘
620,14:26:03,8.58,--,27,23166,卖盘
621,14:26:00,8.58,--,354,303732,卖盘
622,14:25:57,8.58,0.01,1584,1359706,买盘
623,14:25:54,8.57,--,43,36851,卖盘
624,14:25:51,8.57,--,18,15426,卖盘
625,14:25:48,8.57,-0.01,42,35994,卖盘
626,14:25:45,8.58,0.01,74,63492,买盘
627,14:25:42,8.57,--,362,310234,卖盘
628,14:25:39,8.57,--,614,526198,卖盘
629,14:25:36,8.57,-0.01,84,71988,卖盘
630,14:25:33,8.58,0.01,40,34320,买盘
631,14:25:30,8.57,-0.01,20,17140,卖盘
632,14:25:27,8.58,--,122,104676,买盘
633,14:25:24,8.58,0.01,210,180180,买盘
634,14:25:21,8.57,--,128,109696,卖盘
635,14:25:18,8.57,--,40,34280,卖盘
636,14:25:15,8.57,--,69,59133,卖盘
637,14:25:12,8.57,--,1,857,卖盘
638,14:25:09,8.57,--,6,5142,卖盘
639,14:25:06,8.57,-0.01,28,23996,卖盘
640,14:25:03,8.58,0.01,14,12012,买盘
641,14:25:00,8.57,-0.01,37,31709,卖盘
642,14:24:57,8.58,--,181,155298,买盘
643,14:24:54,8.58,0.01,334,286572,买盘
644,14:24:51,8.57,--,627,537339,卖盘
645,14:24:48,8.57,--,71,60847,卖盘
646,14:24:45,8.57,--,139,119123,卖盘
647,14:24:42,8.57,-0.01,646,553622,卖盘
648,14:24:39,8.58,--,11,9438,买盘
649,14:24:36,8.58,0.01,53,45474,买盘
650,14:24:33,8.57,-0.01,89,76273,卖盘
651,14:24:30,8.58,--,43,36894,买盘
652,14:24:27,8.58,0.01,25,21450,买盘
653,14:24:24,8.57,-0.01,58,49706,卖盘
654,14:24:21,8.58,--,105,90090,买盘
655,14:24:18,8.58,--,112,96096,买盘
656,14:24:15,8.58,0.01,71,60918,买盘
657,14:24:12,8.57,--,79,67703,卖盘
658,14:24:09,8.57,-0.01,43,36851,卖盘
659,14:24:06,8.58,0.01,15,12870,买盘
660,14:24:03,8.57,-0.01,27,23139,卖盘
661,14:24:00,8.58,--,154,132132,买盘
662,14:23:57,8.58,--,366,314028,买盘
663,14:23:54,8.58,--,1074,921492,买盘
664,14:23:51,8.58,--,314,269412,买盘
665,14:23:48,8.58,0.01,1213,1040754,买盘
666,14:23:45,8.57,--,551,472207,卖盘
667,14:23:42,8.57,-0.01,40,34280,卖盘
668,14:23:39,8.58,--,30,25740,买盘
669,14:23:36,8.58,0.01,17,14586,买盘
670,14:23:33,8.57,-0.01,132,113124,卖盘
671,14:23:30,8.58,0.01,602,516516,买盘
672,14:23:27,8.57,--,65,55705,卖盘
673,14:23:24,8.57,--,104,89128,卖盘
674,14:23:21,8.57,--,133,113981,卖盘
675,14:23:18,8.57,--,79,67703,卖盘
676,14:23:15,8.57,--,153,131121,卖盘
677,14:23:12,8.57,--,642,550194,买盘
678,14:23:09,8.57,--,125,107125,买盘
679,14:23:06,8.57,--,33,28281,买盘
680,14:23:03,8.57,--,7,5999,买盘
681,14:23:00,8.57,--,22,18854,买盘
682,14:22:57,8.57,--,159,136263,卖盘
683,14:22:54,8.57,0.01,349,299093,买盘
684,14:22:51,8.56,-0.01,132,112992,卖盘
685,14:22:48,8.57,--,284,243388,买盘
686,14:22:45,8.57,--,738,632466,卖盘
687,14:22:42,8.57,--,396,339372,卖盘
688,14:22:39,8.57,--,35,29995,卖盘
689,14:22:36,8.57,--,34,29138,卖盘
690,14:22:33,8.57,--,46,39422,卖盘
691,14:22:30,8.57,--,154,131978,卖盘
692,14:22:27,8.57,--,323,276811,卖盘
693,14:22:24,8.57,--,748,641036,卖盘
694,14:22:21,8.57,0.01,914,783298,买盘
695,14:22:18,8.56,-0.01,325,278200,卖盘
696,14:22:15,8.57,0.01,39,33423,买盘
697,14:22:12,8.56,--,110,94160,卖盘
698,14:22:09,8.56,-0.01,41,35096,卖盘
699,14:22:06,8.57,0.01,32,27424,买盘
700,14:22:03,8.56,--,79,67624,卖盘
701,14:22:00,8.56,--,106,90736,卖盘
702,14:21:57,8.56,-0.01,33,28248,卖盘
703,14:21:54,8.57,--,25,21425,买盘
704,14:21:51,8.57,0.01,78,66846,买盘
705,14:21:48,8.56,-0.02,423,362088,卖盘
706,14:21:45,8.58,0.01,47,40326,买盘
707,14:21:42,8.57,--,34,29138,卖盘
708,14:21:39,8.57,--,143,122551,卖盘
709,14:21:36,8.57,-0.01,189,161973,卖盘
710,14:21:33,8.58,0.01,279,239382,买盘
711,14:21:30,8.57,0.01,256,219392,买盘
712,14:21:27,8.56,--,103,88168,卖盘
713,14:21:24,8.56,--,14,11984,卖盘
714,14:21:21,8.56,--,23,19688,卖盘
715,14:21:18,8.56,-0.01,29,24824,卖盘
716,14:21:15,8.57,--,34,29138,买盘
717,14:21:12,8.57,--,78,66846,买盘
718,14:21:09,8.57,--,49,41993,买盘
719,14:21:06,8.57,0.01,46,39422,买盘
720,14:21:03,8.56,-0.01,16,13696,卖盘
721,14:21:00,8.57,--,54,46278,买盘
722,14:20:57,8.57,0.01,155,132835,买盘
723,14:20:54,8.56,-0.01,74,63344,卖盘
724,14:20:51,8.57,0.02,648,555336,买盘
725,14:20:48,8.55,-0.02,1917,1639035,卖盘
726,14:20:45,8.57,--,117,100269,买盘
727,14:20:42,8.57,-0.01,535,458495,买盘
728,14:20:39,8.58,0.01,312,267696,买盘
729,14:20:36,8.57,--,357,305949,买盘
730,14:20:33,8.57,-0.01,1625,1392625,卖盘
731,14:20:30,8.58,0.01,60,51480,买盘
732,14:20:27,8.57,--,53,45421,卖盘
733,14:20:24,8.57,--,254,217678,卖盘
734,14:20:21,8.57,--,70,59990,卖盘
735,14:20:18,8.57,-0.01,141,120837,卖盘
736,14:20:15,8.58,0.01,145,124410,买盘
737,14:20:12,8.57,--,130,111410,卖盘
738,14:20:09,8.57,-0.01,280,239960,卖盘
739,14:20:06,8.58,0.01,60,51480,买盘
740,14:20:03,8.57,--,173,148261,卖盘
741,14:20:00,8.57,--,173,148261,卖盘
742,14:19:57,8.57,--,553,473921,卖盘
743,14:19:54,8.57,--,144,123408,买盘
744,14:19:51,8.57,-0.01,546,467922,卖盘
745,14:19:48,8.58,0.01,58,49764,买盘
746,14:19:45,8.57,--,84,71988,卖盘
747,14:19:42,8.57,0.01,172,147404,买盘
748,14:19:39,8.56,-0.01,167,142952,卖盘
749,14:19:36,8.57,--,377,323089,买盘
750,14:19:33,8.57,0.01,90,77130,买盘
751,14:19:30,8.56,--,301,257656,卖盘
752,14:19:27,8.56,--,50,42800,买盘
753,14:19:24,8.56,-0.01,122,104432,卖盘
754,14:19:21,8.57,0.02,132,113124,买盘
755,14:19:18,8.55,-0.01,123,105165,卖盘
756,14:19:15,8.56,0.01,24,20544,中性盘
757,14:19:12,8.55,-0.01,298,254790,卖盘
758,14:19:09,8.56,--,42,35952,卖盘
759,14:19:06,8.56,--,128,109568,卖盘
760,14:19:03,8.56,--,590,505040,买盘
761,14:19:00,8.56,--,501,428856,买盘
762,14:18:57,8.56,-0.01,74,63344,买盘
763,14:18:54,8.57,--,57,48849,买盘
764,14:18:51,8.57,0.01,135,115695,买盘
765,14:18:48,8.56,-0.01,103,88168,中性盘
766,14:18:45,8.57,0.02,243,208251,买盘
767,14:18:42,8.55,--,200,171000,卖盘
768,14:18:39,8.55,--,56,47880,卖盘
769,14:18:36,8.55,0.01,65,55575,卖盘
770,14:18:33,8.54,-0.02,36,30743,卖盘
771,14:18:30,8.56,-0.01,64,54784,中性盘
772,14:18:27,8.57,--,3437,2945509,买盘
773,14:18:24,8.57,--,52,44564,买盘
774,14:18:21,8.57,--,131,112267,买盘
775,14:18:18,8.57,--,35,29995,买盘
776,14:18:15,8.57,--,30,25710,买盘
777,14:18:12,8.57,--,44,37708,买盘
778,14:18:09,8.57,-0.02,142,121694,卖盘
779,14:18:06,8.59,0.01,128,109952,买盘
780,14:18:03,8.58,0.02,87,74646,买盘
781,14:18:00,8.56,-0.02,1827,1563912,卖盘
782,14:17:57,8.58,--,31,26598,卖盘
783,14:17:54,8.58,--,101,86658,卖盘
784,14:17:51,8.58,--,54,46332,买盘
785,14:17:48,8.58,--,114,97812,买盘
786,14:17:45,8.58,--,23,19734,卖盘
787,14:17:42,8.58,--,3225,2767050,卖盘
788,14:17:39,8.58,--,113,96954,卖盘
789,14:17:36,8.58,--,87,74646,卖盘
790,14:17:33,8.58,-0.01,52,44616,卖盘
791,14:17:30,8.59,0.01,37,31783,买盘
792,14:17:27,8.58,-0.01,29,24882,卖盘
793,14:17:24,8.59,--,160,137440,买盘
794,14:17:21,8.59,0.01,97,83666,买盘
795,14:17:18,8.58,--,25,21450,买盘
796,14:17:15,8.58,-0.01,77,66580,卖盘
797,14:17:12,8.59,0.01,119,102221,买盘
798,14:17:09,8.58,-0.01,307,263406,卖盘
799,14:17:06,8.59,0.01,29,24911,买盘
800,14:17:03,8.58,-0.01,303,259974,卖盘
801,14:17:00,8.59,--,205,176095,买盘
802,14:16:57,8.59,0.01,1180,1013620,买盘
803,14:16:54,8.58,--,69,59202,卖盘
804,14:16:51,8.58,--,524,449592,卖盘
805,14:16:48,8.58,--,200,171600,卖盘
806,14:16:45,8.58,-0.01,171,146718,卖盘
807,14:16:42,8.59,0.01,65,55835,买盘
808,14:16:39,8.58,-0.01,22,18876,卖盘
809,14:16:36,8.59,--,86,73874,买盘
810,14:16:33,8.59,0.01,100,85900,买盘
811,14:16:30,8.58,-0.01,323,277134,卖盘
812,14:16:27,8.59,--,537,461283,买盘
813,14:16:24,8.59,0.01,5,4295,买盘
814,14:16:21,8.58,--,35,30030,卖盘
815,14:16:18,8.58,--,82,70356,卖盘
816,14:16:15,8.58,-0.01,227,194766,卖盘
817,14:16:12,8.59,--,36,30924,买盘
818,14:16:09,8.59,--,73,62707,买盘
819,14:16:06,8.59,0.01,104,89336,买盘
820,14:16:03,8.58,-0.01,86,73788,卖盘
821,14:16:00,8.59,--,2,1718,买盘
822,14:15:57,8.59,--,199,170941,买盘
823,14:15:54,8.59,0.01,56,48104,买盘
824,14:15:51,8.58,--,672,576576,卖盘
825,14:15:48,8.58,-0.01,173,148434,卖盘
826,14:15:45,8.59,--,111,95349,买盘
827,14:15:36,8.59,0.01,12,10308,买盘
828,14:15:33,8.58,-0.01,113,96954,卖盘
829,14:15:30,8.59,-0.01,493,423487,卖盘
830,14:15:27,8.6,--,69,59340,买盘
831,14:15:24,8.6,--,29,24940,买盘
832,14:15:21,8.6,0.01,33,28380,买盘
833,14:15:18,8.59,-0.01,184,158056,卖盘
834,14:15:15,8.6,--,63,54180,买盘
835,14:15:12,8.6,0.01,283,243380,买盘
836,14:15:09,8.59,--,58,49822,卖盘
837,14:15:06,8.59,--,45,38655,卖盘
838,14:15:03,8.59,--,16,13744,卖盘
839,14:15:00,8.59,-0.01,15,12885,卖盘
840,14:14:57,8.6,0.01,82,70520,买盘
841,14:14:54,8.59,-0.01,15,12885,卖盘
842,14:14:51,8.6,0.01,269,231340,买盘
843,14:14:48,8.59,--,222,190698,卖盘
844,14:14:45,8.59,-0.01,21,18039,卖盘
845,14:14:42,8.6,0.01,101,86860,买盘
846,14:14:39,8.59,-0.01,307,263713,卖盘
847,14:14:36,8.6,0.01,38,32680,买盘
848,14:14:33,8.59,--,157,134863,卖盘
849,14:14:30,8.59,--,12,10308,卖盘
850,14:14:27,8.59,--,75,64425,卖盘
851,14:14:24,8.59,-0.01,52,44668,卖盘
852,14:14:21,8.6,0.02,49,42484,买盘
853,14:14:18,8.58,-0.01,157,134706,卖盘
854,14:14:15,8.59,--,228,195852,买盘
855,14:14:12,8.59,0.01,306,262854,买盘
856,14:14:09,8.58,--,234,200772,卖盘
857,14:14:06,8.58,-0.01,37,31746,卖盘
858,14:14:03,8.59,--,51,43809,买盘
859,14:14:00,8.59,0.01,146,125414,买盘
860,14:13:57,8.58,0.01,1097,941226,买盘
861,14:13:54,8.57,-0.01,175,149975,卖盘
862,14:13:51,8.58,0.01,344,295152,买盘
863,14:13:48,8.57,--,76,65132,卖盘
864,14:13:45,8.57,--,865,741305,卖盘
865,14:13:42,8.57,0.01,2394,2051658,买盘
866,14:13:39,8.56,-0.01,64,54784,卖盘
867,14:13:36,8.57,0.01,6,5142,买盘
868,14:13:33,8.56,-0.01,486,416016,卖盘
869,14:13:30,8.57,--,1451,1243507,卖盘
870,14:13:27,8.57,--,17,14569,卖盘
871,14:13:24,8.57,--,193,165401,卖盘
872,14:13:21,8.57,--,148,126836,卖盘
873,14:13:18,8.57,--,23,19711,卖盘
874,14:13:15,8.57,--,223,191111,卖盘
875,14:13:12,8.57,--,144,123408,卖盘
876,14:13:09,8.57,-0.01,11,9427,卖盘
877,14:13:06,8.58,--,239,205062,卖盘
878,14:13:03,8.58,--,334,286572,卖盘
879,14:13:00,8.58,-0.01,12,10296,卖盘
880,14:12:54,8.59,0.01,14,12026,买盘
881,14:12:51,8.58,-0.01,1083,929214,卖盘
882,14:12:48,8.59,0.01,297,255123,买盘
883,14:12:45,8.58,-0.01,18,15444,卖盘
884,14:12:42,8.59,0.01,13,11167,买盘
885,14:12:39,8.58,-0.01,18,15444,卖盘
886,14:12:36,8.59,--,687,590133,卖盘
887,14:12:33,8.59,-0.01,330,283470,卖盘
888,14:12:30,8.6,0.01,55,47300,买盘
889,14:12:27,8.59,-0.01,40,34360,卖盘
890,14:12:24,8.6,0.01,19,16340,买盘
891,14:12:21,8.59,-0.01,262,225058,卖盘
892,14:12:18,8.6,0.01,117,100620,买盘
893,14:12:15,8.59,-0.01,18,15462,卖盘
894,14:12:12,8.6,--,541,465260,卖盘
895,14:12:09,8.6,--,54,46440,卖盘
896,14:12:06,8.6,-0.01,239,205540,卖盘
897,14:12:03,8.61,0.01,355,305655,买盘
898,14:12:00,8.6,-0.01,315,270900,卖盘
899,14:11:57,8.61,0.01,287,247106,买盘
900,14:11:54,8.6,-0.01,197,169420,卖盘
901,14:11:51,8.61,--,22,18942,买盘
902,14:11:48,8.61,--,53,45633,买盘
903,14:11:45,8.61,--,121,104181,卖盘
904,14:11:42,8.61,--,160,137760,买盘
905,14:11:39,8.61,--,34,29273,买盘
906,14:11:36,8.61,-0.01,265,228164,卖盘
907,14:11:33,8.62,0.01,178,153436,买盘
908,14:11:30,8.61,-0.01,112,96432,卖盘
909,14:11:27,8.62,0.01,130,112059,买盘
910,14:11:24,8.61,--,594,511433,卖盘
911,14:11:21,8.61,--,185,159285,卖盘
912,14:11:18,8.61,--,154,132594,卖盘
913,14:11:15,8.61,--,120,103320,卖盘
914,14:11:12,8.61,--,110,94710,买盘
915,14:11:09,8.61,--,48,41328,卖盘
916,14:11:06,8.61,--,199,171339,卖盘
917,14:11:03,8.61,-0.01,1011,870471,卖盘
918,14:11:00,8.62,0.01,504,434447,买盘
919,14:10:57,8.61,--,898,773178,卖盘
920,14:10:54,8.61,-0.01,91,78351,卖盘
921,14:10:51,8.62,0.01,114,98267,买盘
922,14:10:48,8.61,-0.01,42,36162,卖盘
923,14:10:45,8.62,0.01,12,10343,买盘
924,14:10:42,8.61,--,68,58547,卖盘
925,14:10:39,8.61,--,105,90405,卖盘
926,14:10:36,8.61,-0.01,58,49938,卖盘
927,14:10:33,8.62,0.01,46,39652,买盘
928,14:10:30,8.61,--,163,140343,卖盘
929,14:10:27,8.61,-0.01,105,90405,卖盘
930,14:10:24,8.62,--,150,129299,买盘
931,14:10:21,8.62,0.02,852,734423,买盘
932,14:10:18,8.6,-0.01,190,163400,卖盘
933,14:10:15,8.61,--,30,25830,买盘
934,14:10:09,8.61,-0.01,707,608727,卖盘
935,14:10:06,8.62,0.01,272,234463,买盘
936,14:10:03,8.61,--,289,248828,卖盘
937,14:10:00,8.61,--,172,148092,卖盘
938,14:09:57,8.61,-0.01,13,11193,卖盘
939,14:09:54,8.62,0.01,258,222395,买盘
940,14:09:51,8.61,--,24,20664,卖盘
941,14:09:48,8.61,--,37,31856,卖盘
942,14:09:45,8.61,-0.01,19,16358,卖盘
943,14:09:42,8.62,--,21,18102,买盘
944,14:09:39,8.62,--,161,138782,买盘
945,14:09:36,8.62,0.01,365,314630,买盘
946,14:09:33,8.61,--,57,49077,卖盘
947,14:09:30,8.61,0.01,202,173922,卖盘
948,14:09:27,8.6,-0.01,1712,1472320,卖盘
949,14:09:24,8.61,--,1028,885107,买盘
950,14:09:21,8.61,0.01,40,34440,买盘
951,14:09:18,8.6,--,98,84280,卖盘
952,14:09:15,8.6,-0.01,84,72240,卖盘
953,14:09:12,8.61,0.01,82,70602,买盘
954,14:09:09,8.6,--,41,35260,卖盘
955,14:09:06,8.6,--,112,96320,卖盘
956,14:09:03,8.6,0.01,198,170280,买盘
957,14:09:00,8.59,--,182,156338,卖盘
958,14:08:57,8.59,-0.02,1093,938887,卖盘
959,14:08:54,8.61,--,128,110208,买盘
960,14:08:51,8.61,0.01,31,26691,买盘
961,14:08:48,8.6,-0.01,170,146200,卖盘
962,14:08:45,8.61,0.01,103,88683,买盘
963,14:08:42,8.6,-0.01,188,161680,卖盘
964,14:08:39,8.61,--,72,61991,买盘
965,14:08:36,8.61,--,58,49938,买盘
966,14:08:33,8.61,--,85,73185,买盘
967,14:08:30,8.61,-0.01,253,217833,卖盘
968,14:08:27,8.62,0.01,72,62063,买盘
969,14:08:24,8.61,--,6,5166,卖盘
970,14:08:21,8.61,--,235,202335,买盘
971,14:08:18,8.61,--,45,38745,买盘
972,14:08:15,8.61,--,86,74046,买盘
973,14:08:12,8.61,-0.01,178,153258,卖盘
974,14:08:09,8.62,--,2,1723,买盘
975,14:08:06,8.62,--,183,157746,买盘
976,14:08:03,8.62,0.01,189,162917,买盘
977,14:08:00,8.61,-0.01,437,376257,卖盘
978,14:07:57,8.62,--,416,358591,买盘
979,14:07:54,8.62,0.01,74,63787,买盘
980,14:07:51,8.61,-0.02,9,7748,卖盘
981,14:07:48,8.63,--,265,228695,买盘
982,14:07:45,8.63,--,9,7767,买盘
983,14:07:42,8.63,--,106,91478,买盘
984,14:07:39,8.63,0.01,327,282201,买盘
985,14:07:36,8.62,--,217,187053,卖盘
986,14:07:33,8.62,-0.01,57,49133,卖盘
987,14:07:30,8.63,0.01,134,115642,买盘
988,14:07:27,8.62,--,374,322387,卖盘
989,14:07:24,8.62,-0.01,40,34480,卖盘
990,14:07:21,8.63,--,20,17260,买盘
991,14:07:18,8.63,--,116,100108,买盘
992,14:07:15,8.63,0.01,44,37972,买盘
993,14:07:12,8.62,--,129,111197,卖盘
994,14:07:09,8.62,--,133,114645,卖盘
995,14:07:06,8.62,--,636,548232,卖盘
996,14:07:03,8.62,-0.01,189,162917,卖盘
997,14:07:00,8.63,--,1435,1238405,买盘
998,14:06:57,8.63,0.01,187,161381,买盘
999,14:06:54,8.62,--,116,99991,卖盘
1000,14:06:51,8.62,--,55,47409,卖盘
1001,14:06:48,8.62,--,16,13791,卖盘
1002,14:06:45,8.62,-0.01,60,51719,卖盘
1003,14:06:42,8.63,0.01,436,376268,买盘
1004,14:06:39,8.62,--,126,108611,卖盘
1005,14:06:36,8.62,--,23,19826,卖盘
1006,14:06:33,8.62,0.01,235,202569,买盘
1007,14:06:30,8.61,-0.01,112,96432,卖盘
1008,14:06:27,8.62,0.01,436,375831,买盘
1009,14:06:24,8.61,-0.01,98,84378,卖盘
1010,14:06:21,8.62,--,16,13791,买盘
1011,14:06:18,8.62,--,2,1723,买盘
1012,14:06:15,8.62,--,251,216361,买盘
1013,14:06:12,8.62,--,134,115507,买盘
1014,14:06:09,8.62,--,359,309458,买盘
1015,14:06:06,8.62,-0.01,345,297390,卖盘
1016,14:06:03,8.63,--,57,49191,买盘
1017,14:06:00,8.63,--,1987,1714781,买盘
1018,14:05:57,8.63,0.01,34,29342,买盘
1019,14:05:54,8.62,-0.01,33,28445,卖盘
1020,14:05:51,8.63,--,179,154477,买盘
1021,14:05:48,8.63,--,54,46602,买盘
1022,14:05:45,8.63,--,144,124272,买盘
1023,14:05:42,8.63,0.01,512,441856,买盘
1024,14:05:39,8.62,-0.01,473,407725,卖盘
1025,14:05:36,8.63,--,413,356419,卖盘
1026,14:05:33,8.63,--,292,251996,卖盘
1027,14:05:30,8.63,--,184,158792,卖盘
1028,14:05:27,8.63,--,739,637757,卖盘
1029,14:05:24,8.63,-0.01,1783,1538729,卖盘
1030,14:05:21,8.64,--,931,804384,买盘
1031,14:05:18,8.64,--,200,172800,买盘
1032,14:05:15,8.64,--,121,104544,买盘
1033,14:05:12,8.64,0.01,1134,979776,买盘
1034,14:05:09,8.63,--,192,165696,卖盘
1035,14:05:06,8.63,--,162,139806,卖盘
1036,14:05:03,8.63,--,115,99245,卖盘
1037,14:05:00,8.63,--,516,445308,卖盘
1038,14:04:57,8.63,-0.01,18,15534,卖盘
1039,14:04:54,8.64,--,2026,1750464,买盘
1040,14:04:51,8.64,0.01,377,325728,买盘
1041,14:04:48,8.63,--,155,133765,卖盘
1042,14:04:45,8.63,--,39,33657,卖盘
1043,14:04:42,8.63,--,205,176915,卖盘
1044,14:04:39,8.63,-0.01,387,333981,卖盘
1045,14:04:36,8.64,0.01,258,222912,买盘
1046,14:04:33,8.63,0.01,951,820885,买盘
1047,14:04:30,8.62,-0.01,704,606848,卖盘
1048,14:04:27,8.63,--,214,184682,买盘
1049,14:04:24,8.63,0.01,278,239914,买盘
1050,14:04:21,8.62,-0.01,193,166365,卖盘
1051,14:04:18,8.63,0.01,454,391802,买盘
1052,14:04:15,8.62,-0.01,210,181019,买盘
1053,14:04:12,8.63,0.01,1061,915643,买盘
1054,14:04:09,8.62,--,2344,2020527,买盘
1055,14:04:06,8.62,--,1064,917167,买盘
1056,14:04:03,8.62,0.01,312,268944,买盘
1057,14:04:00,8.61,-0.01,103,88683,卖盘
1058,14:03:57,8.62,0.01,177,152574,买盘
1059,14:03:54,8.61,--,380,327868,卖盘
1060,14:03:51,8.61,--,170,146714,卖盘
1061,14:03:48,8.61,--,303,260882,卖盘
1062,14:03:45,8.61,--,105,90405,卖盘
1063,14:03:42,8.61,-0.01,122,105042,卖盘
1064,14:03:39,8.62,--,244,210465,买盘
1065,14:03:36,8.62,0.01,525,452549,买盘
1066,14:03:33,8.61,--,330,284130,卖盘
1067,14:03:30,8.61,--,53,45633,卖盘
1068,14:03:27,8.61,0.01,186,160490,买盘
1069,14:03:24,8.6,-0.01,281,241660,卖盘
1070,14:03:21,8.61,--,170,146370,买盘
1071,14:03:18,8.61,--,894,770250,卖盘
1072,14:03:15,8.61,--,144,123983,卖盘
1073,14:03:12,8.61,--,407,350427,卖盘
1074,14:03:09,8.61,--,212,182532,卖盘
1075,14:03:06,8.61,0.02,4140,3564884,买盘
1076,14:03:03,8.59,-0.01,313,268867,卖盘
1077,14:03:00,8.6,--,136,116960,买盘
1078,14:02:57,8.6,--,88,75680,买盘
1079,14:02:54,8.6,--,54,46440,买盘
1080,14:02:51,8.6,-0.01,254,218440,卖盘
1081,14:02:48,8.61,0.01,72,62508,买盘
1082,14:02:45,8.6,--,932,801520,买盘
1083,14:02:42,8.6,--,31,26660,买盘
1084,14:02:39,8.6,--,487,419164,卖盘
1085,14:02:36,8.6,-0.01,50,43000,卖盘
1086,14:02:33,8.61,0.01,68,58547,买盘
1087,14:02:30,8.6,--,124,106640,卖盘
1088,14:02:27,8.6,--,1073,923296,卖盘
1089,14:02:24,8.6,--,16,13760,卖盘
1090,14:02:21,8.6,--,11,9460,卖盘
1091,14:02:18,8.6,--,192,165120,卖盘
1092,14:02:15,8.6,--,342,294120,卖盘
1093,14:02:12,8.6,--,1199,1031140,卖盘
1094,14:02:09,8.6,0.01,878,755080,买盘
1095,14:02:06,8.59,--,31,26629,卖盘
1096,14:02:03,8.59,0.01,125,107375,买盘
1097,14:02:00,8.58,-0.01,132,113256,卖盘
1098,14:01:57,8.59,--,33,28347,卖盘
1099,14:01:54,8.59,--,43,36937,卖盘
1100,14:01:51,8.59,-0.01,118,101362,中性盘
1101,14:01:48,8.6,0.02,41,35260,买盘
1102,14:01:45,8.58,--,72,61776,卖盘
1103,14:01:42,8.58,-0.01,500,429000,卖盘
1104,14:01:39,8.59,--,311,267149,卖盘
1105,14:01:36,8.59,0.01,75,64425,买盘
1106,14:01:33,8.58,--,56,48048,卖盘
1107,14:01:30,8.58,--,2131,1828398,卖盘
1108,14:01:27,8.58,--,5,4290,卖盘
1109,14:01:24,8.58,-0.01,262,224796,卖盘
1110,14:01:21,8.59,0.01,26,22334,买盘
1111,14:01:18,8.58,--,43,36894,卖盘
1112,14:01:15,8.58,--,285,244530,卖盘
1113,14:01:12,8.58,-0.02,1,858,卖盘
1114,14:01:06,8.6,--,21,18060,买盘
1115,14:01:03,8.6,--,113,97180,买盘
1116,14:01:00,8.6,-0.01,516,443760,卖盘
1117,14:00:57,8.61,0.01,488,420168,买盘
1118,14:00:54,8.6,--,486,417960,卖盘
1119,14:00:51,8.6,-0.01,23,19780,卖盘
1120,14:00:48,8.61,0.01,51,43911,买盘
1121,14:00:45,8.6,--,226,194360,卖盘
1122,14:00:42,8.6,--,286,245960,卖盘
1123,14:00:39,8.6,-0.01,117,100620,卖盘
1124,14:00:36,8.61,0.01,522,449441,买盘
1125,14:00:33,8.6,-0.01,90,77400,卖盘
1126,14:00:30,8.61,0.01,40,34440,买盘
1127,14:00:27,8.6,--,197,169420,卖盘
1128,14:00:24,8.6,--,149,128140,卖盘
1129,14:00:21,8.6,--,100,86000,卖盘
1130,14:00:18,8.6,--,40,34400,卖盘
1131,14:00:15,8.6,--,197,169420,卖盘
1132,14:00:12,8.6,--,203,174580,卖盘
1133,14:00:09,8.6,0.03,2606,2241160,买盘
1134,14:00:06,8.57,--,1367,1171519,卖盘
1135,14:00:03,8.57,-0.01,111,95127,卖盘
1136,14:00:00,8.58,0.01,12,10296,买盘
1137,13:59:57,8.57,--,73,62561,卖盘
1138,13:59:54,8.57,--,16,13712,卖盘
1139,13:59:51,8.57,--,24,20568,卖盘
1140,13:59:48,8.57,-0.01,85,72845,卖盘
1141,13:59:45,8.58,--,648,555984,买盘
1142,13:59:42,8.58,0.01,407,349206,买盘
1143,13:59:39,8.57,--,266,227962,卖盘
1144,13:59:36,8.57,-0.01,26,22282,卖盘
1145,13:59:33,8.58,--,127,108966,买盘
1146,13:59:30,8.58,--,94,80652,买盘
1147,13:59:27,8.58,-0.02,4034,3461172,卖盘
1148,13:59:24,8.6,--,549,472140,买盘
1149,13:59:21,8.6,--,70,60200,买盘
1150,13:59:18,8.6,--,200,172000,买盘
1151,13:59:15,8.6,--,1032,887520,卖盘
1152,13:59:12,8.6,--,421,362060,买盘
1153,13:59:09,8.6,--,53,45580,卖盘
1154,13:59:06,8.6,--,544,467840,卖盘
1155,13:59:03,8.6,--,152,130720,卖盘
1156,13:59:00,8.6,--,89,76540,买盘
1157,13:58:57,8.6,--,130,111800,卖盘
1158,13:58:54,8.6,--,510,438600,买盘
1159,13:58:51,8.6,--,66,56760,买盘
1160,13:58:48,8.6,-0.01,98,84280,买盘
1161,13:58:45,8.61,0.01,556,478715,买盘
1162,13:58:42,8.6,-0.01,156,134848,卖盘
1163,13:58:39,8.61,0.01,1079,929018,买盘
1164,13:58:36,8.6,-0.01,179,153940,卖盘
1165,13:58:33,8.61,0.01,83,71463,买盘
1166,13:58:30,8.6,--,34,29240,卖盘
1167,13:58:27,8.6,-0.01,8,6880,卖盘
1168,13:58:24,8.61,--,12,10332,买盘
1169,13:58:21,8.61,0.01,197,169617,买盘
1170,13:58:18,8.6,-0.01,190,163572,卖盘
1171,13:58:15,8.61,--,125,107625,买盘
1172,13:58:12,8.61,--,114,98154,买盘
1173,13:58:09,8.61,--,136,117095,买盘
1174,13:58:06,8.61,--,629,541569,买盘
1175,13:58:03,8.61,--,51,43911,买盘
1176,13:58:00,8.61,--,478,411558,买盘
1177,13:57:57,8.61,0.01,294,253133,买盘
1178,13:57:54,8.6,--,65,55900,卖盘
1179,13:57:51,8.6,-0.01,1118,961480,卖盘
1180,13:57:48,8.61,--,315,271215,买盘
1181,13:57:45,8.61,--,186,160146,买盘
1182,13:57:42,8.61,--,782,673302,买盘
1183,13:57:39,8.61,0.01,514,442553,买盘
1184,13:57:36,8.6,--,30,25800,卖盘
1185,13:57:33,8.6,--,63,54180,卖盘
1186,13:57:30,8.6,-0.01,305,262300,卖盘
1187,13:57:27,8.61,0.01,515,443414,买盘
1188,13:57:24,8.6,--,98,84280,卖盘
1189,13:57:21,8.6,-0.01,204,175440,卖盘
1190,13:57:18,8.61,0.01,59,50799,买盘
1191,13:57:15,8.6,-0.01,122,104920,卖盘
1192,13:57:12,8.61,0.01,318,273798,买盘
1193,13:57:09,8.6,-0.01,317,272620,卖盘
1194,13:57:06,8.61,0.01,97,83517,买盘
1195,13:57:03,8.6,--,308,264880,卖盘
1196,13:57:00,8.6,--,140,120400,卖盘
1197,13:56:57,8.6,--,448,385280,卖盘
1198,13:56:54,8.6,--,90,77400,卖盘
1199,13:56:51,8.6,--,67,57620,卖盘
1200,13:56:48,8.6,--,191,164260,卖盘
1201,13:56:45,8.6,-0.01,80,68800,卖盘
1202,13:56:42,8.61,0.01,44,37884,买盘
1203,13:56:39,8.6,--,1222,1050920,买盘
1204,13:56:36,8.6,--,173,148780,买盘
1205,13:56:33,8.6,--,116,99760,买盘
1206,13:56:30,8.6,--,1,860,买盘
1207,13:56:27,8.6,--,20,17200,买盘
1208,13:56:24,8.6,--,124,106640,卖盘
1209,13:56:21,8.6,--,134,115240,卖盘
1210,13:56:18,8.6,--,246,211560,卖盘
1211,13:56:15,8.6,--,34,29240,卖盘
1212,13:56:12,8.6,0.01,352,302720,买盘
1213,13:56:09,8.59,-0.01,374,321266,卖盘
1214,13:56:06,8.6,--,102,87720,卖盘
1215,13:56:03,8.6,0.01,163,140180,买盘
1216,13:56:00,8.59,-0.01,106,91054,卖盘
1217,13:55:57,8.6,--,438,376680,中性盘
1218,13:55:54,8.6,--,133,114380,卖盘
1219,13:55:51,8.6,--,31,26660,买盘
1220,13:55:48,8.6,0.01,40,34400,中性盘
1221,13:55:45,8.59,-0.01,970,833230,卖盘
1222,13:55:42,8.6,--,180,154800,买盘
1223,13:55:39,8.6,--,72,61920,卖盘
1224,13:55:36,8.6,--,285,245100,卖盘
1225,13:55:33,8.6,--,122,104920,卖盘
1226,13:55:30,8.6,--,301,258860,卖盘
1227,13:55:27,8.6,--,507,436020,卖盘
1228,13:55:24,8.6,--,158,135880,卖盘
1229,13:55:21,8.6,-0.01,168,144480,卖盘
1230,13:55:18,8.61,0.01,34,29273,买盘
1231,13:55:15,8.6,-0.01,149,128140,卖盘
1232,13:55:12,8.61,--,278,239357,买盘
1233,13:55:09,8.61,--,99,85239,买盘
1234,13:55:06,8.61,0.01,213,183393,买盘
1235,13:55:03,8.6,-0.01,235,202100,卖盘
1236,13:55:00,8.61,--,659,567399,卖盘
1237,13:54:57,8.61,0.01,755,650055,买盘
1238,13:54:54,8.6,-0.01,1039,893540,卖盘
1239,13:54:51,8.61,--,51,43911,买盘
1240,13:54:48,8.61,--,836,719796,买盘
1241,13:54:45,8.61,--,107,92127,买盘
1242,13:54:42,8.61,--,203,174783,买盘
1243,13:54:39,8.61,--,14,12054,买盘
1244,13:54:36,8.61,--,50,43050,买盘
1245,13:54:33,8.61,0.01,24,20664,中性盘
1246,13:54:30,8.6,-0.01,1123,965780,卖盘
1247,13:54:27,8.61,-0.01,203,174783,中性盘
1248,13:54:24,8.62,--,718,618916,买盘
1249,13:54:21,8.62,0.01,385,331869,买盘
1250,13:54:18,8.61,-0.01,246,211806,卖盘
1251,13:54:15,8.62,--,630,543060,买盘
1252,13:54:12,8.62,-0.01,1473,1269726,卖盘
1253,13:54:09,8.63,0.02,772,666236,买盘
1254,13:54:06,8.61,-0.01,266,229025,卖盘
1255,13:54:03,8.62,-0.01,948,817175,卖盘
1256,13:54:00,8.63,0.01,2078,1793314,买盘
1257,13:53:57,8.62,--,1564,1348167,买盘
1258,13:53:54,8.62,--,1167,1005953,买盘
1259,13:53:51,8.62,--,2006,1729171,买盘
1260,13:53:48,8.62,--,1444,1244728,卖盘
1261,13:53:45,8.62,-0.02,596,513751,卖盘
1262,13:53:42,8.64,0.01,978,844992,买盘
1263,13:53:39,8.63,--,531,458253,买盘
1264,13:53:36,8.63,--,308,265804,买盘
1265,13:53:33,8.63,0.02,419,361597,买盘
1266,13:53:30,8.61,-0.01,931,801591,卖盘
1267,13:53:27,8.62,0.01,1259,1085258,买盘
1268,13:53:24,8.61,0.01,3778,3252858,买盘
1269,13:53:21,8.6,--,1605,1380300,买盘
1270,13:53:18,8.6,--,2593,2229980,买盘
1271,13:53:15,8.6,0.01,2080,1788800,买盘
1272,13:53:12,8.59,0.01,6556,5631604,买盘
1273,13:53:09,8.58,--,1462,1254396,买盘
1274,13:53:06,8.58,--,685,587730,买盘
1275,13:53:03,8.58,0.01,2723,2336334,买盘
1276,13:53:00,8.57,--,206,176542,卖盘
1277,13:52:57,8.57,--,127,108839,卖盘
1278,13:52:54,8.57,--,114,97698,卖盘
1279,13:52:51,8.57,--,166,142262,卖盘
1280,13:52:48,8.57,-0.01,59,50563,卖盘
1281,13:52:45,8.58,0.01,130,111540,买盘
1282,13:52:42,8.57,--,287,245959,卖盘
1283,13:52:39,8.57,--,162,138834,卖盘
1284,13:52:36,8.57,--,154,131978,卖盘
1285,13:52:33,8.57,--,317,271669,卖盘
1286,13:52:30,8.57,0.01,3995,3423715,买盘
1287,13:52:27,8.56,--,15,12840,卖盘
1288,13:52:24,8.56,-0.01,18,15408,卖盘
1289,13:52:21,8.57,0.01,87,74559,买盘
1290,13:52:18,8.56,0.01,516,441696,买盘
1291,13:52:15,8.55,--,263,224865,卖盘
1292,13:52:12,8.55,-0.01,101,86355,卖盘
1293,13:52:09,8.56,--,205,175480,买盘
1294,13:52:06,8.56,--,201,172056,买盘
1295,13:52:03,8.56,0.01,247,211432,买盘
1296,13:52:00,8.55,-0.01,61,52155,卖盘
1297,13:51:57,8.56,--,58,49648,买盘
1298,13:51:54,8.56,0.01,70,59920,买盘
1299,13:51:51,8.55,-0.01,35,29925,卖盘
1300,13:51:48,8.56,0.01,120,102720,买盘
1301,13:51:45,8.55,-0.01,90,76950,卖盘
1302,13:51:42,8.56,0.01,119,101864,买盘
1303,13:51:39,8.55,-0.01,83,70965,卖盘
1304,13:51:36,8.56,--,94,80464,买盘
1305,13:51:33,8.56,0.01,224,191744,买盘
1306,13:51:30,8.55,-0.01,488,417240,卖盘
1307,13:51:27,8.56,0.01,93,79608,买盘
1308,13:51:24,8.55,-0.01,132,112860,卖盘
1309,13:51:21,8.56,--,64,54784,买盘
1310,13:51:18,8.56,--,104,89024,买盘
1311,13:51:12,8.56,--,62,53072,买盘
1312,13:51:09,8.56,--,881,754136,买盘
1313,13:51:06,8.56,0.01,1078,922768,买盘
1314,13:51:03,8.55,--,320,273600,卖盘
1315,13:51:00,8.55,--,732,625860,卖盘
1316,13:50:57,8.55,--,276,235980,卖盘
1317,13:50:54,8.55,--,20,17100,卖盘
1318,13:50:51,8.55,--,158,135090,卖盘
1319,13:50:48,8.55,--,66,56430,卖盘
1320,13:50:45,8.55,-0.01,2,1710,中性盘
1321,13:50:42,8.56,0.01,125,107000,买盘
1322,13:50:39,8.55,-0.01,2396,2048580,卖盘
1323,13:50:36,8.56,--,2775,2375400,卖盘
1324,13:50:33,8.56,--,183,156648,卖盘
1325,13:50:30,8.56,--,47,40232,卖盘
1326,13:50:27,8.56,--,433,370648,卖盘
1327,13:50:24,8.56,-0.01,153,130968,卖盘
1328,13:50:21,8.57,0.01,66,56562,买盘
1329,13:50:15,8.56,--,134,114704,卖盘
1330,13:50:12,8.56,--,199,170344,卖盘
1331,13:50:09,8.56,--,219,187464,买盘
1332,13:50:06,8.56,0.01,160,136960,买盘
1333,13:50:03,8.55,--,678,579690,卖盘
1334,13:50:00,8.55,-0.01,74,63270,卖盘
1335,13:49:57,8.56,--,111,95016,买盘
1336,13:49:54,8.56,0.01,119,101864,买盘
1337,13:49:51,8.55,-0.01,331,283005,卖盘
1338,13:49:48,8.56,--,488,417728,买盘
1339,13:49:45,8.56,--,307,262792,买盘
1340,13:49:42,8.56,--,97,83032,买盘
1341,13:49:39,8.56,--,82,70192,买盘
1342,13:49:36,8.56,--,250,214000,买盘
1343,13:49:33,8.56,--,422,361232,买盘
1344,13:49:30,8.56,--,80,68480,买盘
1345,13:49:27,8.56,0.01,192,164352,买盘
1346,13:49:24,8.55,-0.01,57,48735,卖盘
1347,13:49:21,8.56,--,30,25680,买盘
1348,13:49:18,8.56,--,87,74472,卖盘
1349,13:49:15,8.56,0.01,720,616320,买盘
1350,13:49:12,8.55,-0.01,10,8550,卖盘
1351,13:49:09,8.56,0.01,993,850008,买盘
1352,13:49:06,8.55,-0.01,274,234270,卖盘
1353,13:49:03,8.56,0.01,228,195168,买盘
1354,13:49:00,8.55,-0.01,461,394155,卖盘
1355,13:48:57,8.56,--,145,124120,买盘
1356,13:48:54,8.56,0.01,145,124120,买盘
1357,13:48:51,8.55,--,180,153900,卖盘
1358,13:48:48,8.55,-0.01,630,538752,卖盘
1359,13:48:45,8.56,0.01,12,10272,买盘
1360,13:48:42,8.55,--,1849,1580895,卖盘
1361,13:48:39,8.55,--,30,25650,卖盘
1362,13:48:36,8.55,--,299,255645,卖盘
1363,13:48:33,8.55,--,237,202635,卖盘
1364,13:48:30,8.55,-0.01,98,83790,卖盘
1365,13:48:27,8.56,--,60,51360,买盘
1366,13:48:24,8.56,0.01,353,302168,买盘
1367,13:48:21,8.55,-0.01,51,43605,卖盘
1368,13:48:18,8.56,0.01,80,68480,买盘
1369,13:48:15,8.55,-0.01,443,378765,卖盘
1370,13:48:12,8.56,--,101,86456,卖盘
1371,13:48:09,8.56,--,195,166920,买盘
1372,13:48:06,8.56,--,118,101008,卖盘
1373,13:48:03,8.56,--,150,128400,卖盘
1374,13:48:00,8.56,0.01,640,547840,买盘
1375,13:47:57,8.55,-0.01,139,118845,卖盘
1376,13:47:54,8.56,0.01,1055,903080,买盘
1377,13:47:51,8.55,-0.01,971,830205,卖盘
1378,13:47:48,8.56,-0.01,862,737872,卖盘
1379,13:47:45,8.57,0.01,922,790154,买盘
1380,13:47:42,8.56,-0.01,724,619744,卖盘
1381,13:47:39,8.57,--,297,254529,买盘
1382,13:47:36,8.57,--,177,151689,买盘
1383,13:47:33,8.57,--,212,181684,买盘
1384,13:47:30,8.57,--,153,131121,买盘
1385,13:47:27,8.57,--,96,82272,买盘
1386,13:47:24,8.57,-0.01,115,98555,卖盘
1387,13:47:21,8.58,--,218,187044,买盘
1388,13:47:18,8.58,0.01,300,257400,买盘
1389,13:47:15,8.57,--,303,259671,卖盘
1390,13:47:12,8.57,--,263,225391,买盘
1391,13:47:09,8.57,-0.01,987,845859,卖盘
1392,13:47:06,8.58,--,214,183612,买盘
1393,13:47:03,8.58,--,224,192192,买盘
1394,13:47:00,8.58,--,537,460746,买盘
1395,13:46:57,8.58,0.01,83,71214,买盘
1396,13:46:54,8.57,--,191,163687,买盘
1397,13:46:51,8.57,--,120,102840,买盘
1398,13:46:48,8.57,--,204,174828,卖盘
1399,13:46:45,8.57,--,619,530483,卖盘
1400,13:46:42,8.57,--,64,54848,卖盘
1401,13:46:39,8.57,--,201,172257,卖盘
1402,13:46:36,8.57,--,190,162830,买盘
1403,13:46:33,8.57,0.01,5,4285,买盘
1404,13:46:30,8.56,-0.01,582,498192,卖盘
1405,13:46:27,8.57,0.01,189,161973,买盘
1406,13:46:24,8.56,--,1052,900512,卖盘
1407,13:46:21,8.56,-0.01,381,326136,卖盘
1408,13:46:18,8.57,--,151,129407,买盘
1409,13:46:15,8.57,--,510,437070,买盘
1410,13:46:12,8.57,--,584,500488,买盘
1411,13:46:09,8.57,0.01,959,821863,买盘
1412,13:46:06,8.56,--,64,54784,卖盘
1413,13:46:03,8.56,-0.01,133,113848,卖盘
1414,13:46:00,8.57,0.02,449,384793,买盘
1415,13:45:57,8.55,--,45,38475,卖盘
1416,13:45:54,8.55,-0.01,1036,885780,卖盘
1417,13:45:51,8.56,--,107,91592,卖盘
1418,13:45:48,8.56,--,336,287616,卖盘
1419,13:45:45,8.56,--,144,123264,卖盘
1420,13:45:42,8.56,-0.01,386,330416,卖盘
1421,13:45:39,8.57,0.01,212,181684,买盘
1422,13:45:36,8.56,--,983,841448,买盘
1423,13:45:33,8.56,--,198,169488,买盘
1424,13:45:30,8.56,--,297,254232,买盘
1425,13:45:27,8.56,0.01,242,207152,买盘
1426,13:45:24,8.55,-0.01,90,76950,卖盘
1427,13:45:21,8.56,0.01,225,192600,买盘
1428,13:45:18,8.55,--,112,95760,卖盘
1429,13:45:15,8.55,-0.01,171,146205,卖盘
1430,13:45:12,8.56,--,207,177192,买盘
1431,13:45:09,8.56,--,585,500760,买盘
1432,13:45:06,8.56,--,524,448544,买盘
1433,13:45:03,8.56,--,231,197736,买盘
1434,13:45:00,8.56,--,137,117272,买盘
1435,13:44:57,8.56,0.01,51,43656,买盘
1436,13:44:54,8.55,-0.01,108,92340,卖盘
1437,13:44:51,8.56,--,392,335552,买盘
1438,13:44:48,8.56,--,142,121552,买盘
1439,13:44:45,8.56,--,416,356096,买盘
1440,13:44:42,8.56,0.01,541,463096,买盘
1441,13:44:39,8.55,-0.01,288,246240,卖盘
1442,13:44:36,8.56,0.01,177,151512,买盘
1443,13:44:33,8.55,--,44,37620,卖盘
1444,13:44:30,8.55,--,399,341145,卖盘
1445,13:44:27,8.55,-0.01,87,74385,卖盘
1446,13:44:24,8.56,0.01,288,246528,买盘
1447,13:44:21,8.55,-0.01,27,23085,卖盘
1448,13:44:18,8.56,--,191,163496,买盘
1449,13:44:15,8.56,--,632,540992,买盘
1450,13:44:12,8.56,--,205,175480,买盘
1451,13:44:09,8.56,--,762,652272,买盘
1452,13:44:06,8.56,--,686,587216,买盘
1453,13:44:03,8.56,0.01,423,362088,买盘
1454,13:44:00,8.55,-0.01,365,312075,卖盘
1455,13:43:57,8.56,0.01,337,288472,买盘
1456,13:43:54,8.55,--,104,88920,卖盘
1457,13:43:51,8.55,0.01,237,202635,买盘
1458,13:43:48,8.54,-0.01,475,405649,卖盘
1459,13:43:45,8.55,--,390,333450,买盘
1460,13:43:42,8.55,--,932,796860,买盘
1461,13:43:39,8.55,--,580,495900,买盘
1462,13:43:36,8.55,-0.01,200,171000,卖盘
1463,13:43:33,8.56,--,135,115560,买盘
1464,13:43:30,8.56,0.01,1978,1693168,买盘
1465,13:43:27,8.55,--,160,136800,买盘
1466,13:43:24,8.55,--,1168,998640,买盘
1467,13:43:21,8.55,--,823,703665,卖盘
1468,13:43:18,8.55,-0.01,859,734445,卖盘
1469,13:43:15,8.56,0.01,965,826040,买盘
1470,13:43:12,8.55,--,178,152190,卖盘
1471,13:43:09,8.55,-0.01,684,584820,卖盘
1472,13:43:06,8.56,--,584,499904,买盘
1473,13:43:03,8.56,--,785,671960,买盘
1474,13:43:00,8.56,0.01,238,203728,买盘
1475,13:42:57,8.55,-0.01,532,454860,卖盘
1476,13:42:54,8.56,--,483,413448,买盘
1477,13:42:51,8.56,--,998,854288,买盘
1478,13:42:48,8.56,--,1077,921912,卖盘
1479,13:42:45,8.56,--,1667,1426952,买盘
1480,13:42:42,8.56,--,507,433992,买盘
1481,13:42:39,8.56,--,958,820048,买盘
1482,13:42:36,8.56,--,416,356096,买盘
1483,13:42:33,8.56,0.01,1001,856856,买盘
1484,13:42:30,8.55,--,807,689985,买盘
1485,13:42:27,8.55,0.01,2337,1998135,买盘
1486,13:42:24,8.54,-0.01,1367,1167417,卖盘
1487,13:42:21,8.55,0.02,2592,2216160,买盘
1488,13:42:18,8.53,--,124,105771,卖盘
1489,13:42:15,8.53,--,255,217514,卖盘
1490,13:42:12,8.53,--,2174,1855104,买盘
1491,13:42:09,8.53,--,950,810349,买盘
1492,13:42:06,8.53,0.01,1371,1169463,买盘
1493,13:42:03,8.52,--,353,300756,卖盘
1494,13:42:00,8.52,--,1436,1224119,买盘
1495,13:41:57,8.52,0.01,637,542724,买盘
1496,13:41:54,8.51,--,175,148925,卖盘
1497,13:41:51,8.51,0.01,367,312317,卖盘
1498,13:41:48,8.5,--,1560,1326000,卖盘
1499,13:41:45,8.5,-0.01,2034,1728900,卖盘
1500,13:41:42,8.51,0.01,584,496984,买盘
1501,13:41:39,8.5,--,1586,1348100,买盘
1502,13:41:36,8.5,0.01,867,736950,买盘
1503,13:41:33,8.49,-0.01,811,688539,卖盘
1504,13:41:30,8.5,--,577,490450,买盘
1505,13:41:27,8.5,0.01,1822,1548700,买盘
1506,13:41:24,8.49,--,48,40752,卖盘
1507,13:41:21,8.49,--,52,44148,卖盘
1508,13:41:18,8.49,-0.01,44,37356,卖盘
1509,13:41:15,8.5,0.01,77,65450,买盘
1510,13:41:12,8.49,--,287,243663,买盘
1511,13:41:09,8.49,0.01,460,390540,买盘
1512,13:41:06,8.48,-0.01,23,19504,卖盘
1513,13:41:03,8.49,0.01,28,23772,买盘
1514,13:41:00,8.48,-0.01,271,229808,卖盘
1515,13:40:57,8.49,--,12,10188,买盘
1516,13:40:54,8.49,--,10,8490,买盘
1517,13:40:51,8.49,0.01,229,194421,买盘
1518,13:40:48,8.48,-0.01,16,13568,卖盘
1519,13:40:45,8.49,--,3,2547,买盘
1520,13:40:42,8.49,-0.01,101,85749,中性盘
1521,13:40:39,8.5,0.01,1251,1063350,买盘
1522,13:40:36,8.49,-0.01,99,84051,卖盘
1523,13:40:33,8.5,0.01,100,85000,买盘
1524,13:40:30,8.49,--,13,11037,卖盘
1525,13:40:27,8.49,--,59,50091,卖盘
1526,13:40:24,8.49,-0.01,10,8490,卖盘
1527,13:40:21,8.5,0.01,362,307700,买盘
1528,13:40:18,8.49,--,30,25470,卖盘
1529,13:40:15,8.49,-0.01,65,55185,卖盘
1530,13:40:12,8.5,0.01,5,4250,买盘
1531,13:40:09,8.49,-0.01,25,21225,卖盘
1532,13:40:06,8.5,0.01,96,81600,买盘
1533,13:40:03,8.49,-0.01,20,16980,卖盘
1534,13:40:00,8.5,--,38,32300,买盘
1535,13:39:57,8.5,--,23,19550,买盘
1536,13:39:54,8.5,0.01,135,114750,买盘
1537,13:39:51,8.49,-0.01,190,161310,卖盘
1538,13:39:48,8.5,-0.01,322,273700,卖盘
1539,13:39:45,8.51,--,215,182965,买盘
1540,13:39:42,8.51,0.01,446,379546,买盘
1541,13:39:39,8.5,--,422,358700,卖盘
1542,13:39:36,8.5,0.01,295,250750,买盘
1543,13:39:33,8.49,-0.01,267,226683,卖盘
1544,13:39:30,8.5,--,110,93500,卖盘
1545,13:39:27,8.5,--,22,18700,卖盘
1546,13:39:24,8.5,--,105,89250,卖盘
1547,13:39:21,8.5,--,15,12750,卖盘
1548,13:39:18,8.5,-0.01,253,215050,卖盘
1549,13:39:15,8.51,--,112,95312,买盘
1550,13:39:12,8.51,0.01,127,108077,买盘
1551,13:39:09,8.5,-0.01,117,99450,卖盘
1552,13:39:06,8.51,0.01,31,26381,买盘
1553,13:39:03,8.5,--,121,102850,卖盘
1554,13:39:00,8.5,-0.01,608,516800,卖盘
1555,13:38:57,8.51,0.02,598,508898,买盘
1556,13:38:54,8.49,--,191,162159,卖盘
1557,13:38:51,8.49,--,147,124803,卖盘
1558,13:38:48,8.49,-0.01,39,33111,卖盘
1559,13:38:45,8.5,--,54,45900,买盘
1560,13:38:42,8.5,--,172,146200,卖盘
1561,13:38:39,8.5,--,792,673200,卖盘
1562,13:38:36,8.5,--,349,296650,卖盘
1563,13:38:33,8.5,-0.01,11,9350,卖盘
1564,13:38:30,8.51,0.01,113,96163,买盘
1565,13:38:27,8.5,--,64,54400,卖盘
1566,13:38:24,8.5,--,381,323850,卖盘
1567,13:38:21,8.5,-0.01,904,768400,卖盘
1568,13:38:18,8.51,--,123,104673,买盘
1569,13:38:15,8.51,0.01,150,127650,买盘
1570,13:38:12,8.5,--,219,186150,卖盘
1571,13:38:09,8.5,-0.01,62,52700,卖盘
1572,13:38:06,8.51,0.01,288,245088,买盘
1573,13:38:03,8.5,--,312,265200,卖盘
1574,13:38:00,8.5,-0.01,671,570350,卖盘
1575,13:37:57,8.51,--,401,341251,买盘
1576,13:37:54,8.51,0.01,180,153180,买盘
1577,13:37:51,8.5,--,565,480250,卖盘
1578,13:37:48,8.5,--,9,7650,卖盘
1579,13:37:45,8.5,--,207,175950,买盘
1580,13:37:42,8.5,--,373,317050,买盘
1581,13:37:39,8.5,0.01,155,131750,买盘
1582,13:37:36,8.49,--,273,231777,卖盘
1583,13:37:33,8.49,-0.01,254,215646,卖盘
1584,13:37:30,8.5,0.01,363,308550,买盘
1585,13:37:27,8.49,--,1357,1152093,卖盘
1586,13:37:24,8.49,-0.01,112,95088,卖盘
1587,13:37:21,8.5,-0.01,1046,889100,卖盘
1588,13:37:18,8.51,--,375,319125,买盘
1589,13:37:15,8.51,0.01,2853,2427903,买盘
1590,13:37:12,8.5,-0.01,277,235450,卖盘
1591,13:37:09,8.51,0.01,1173,998223,买盘
1592,13:37:06,8.5,0.02,6878,5846300,买盘
1593,13:37:03,8.48,--,723,613104,卖盘
1594,13:37:00,8.48,0.01,710,602080,买盘
1595,13:36:57,8.47,-0.01,185,156695,卖盘
1596,13:36:54,8.48,-0.01,23,19504,买盘
1597,13:36:51,8.49,0.01,115,97635,买盘
1598,13:36:48,8.48,--,193,163664,卖盘
1599,13:36:45,8.48,--,135,114480,卖盘
1600,13:36:42,8.48,--,954,808992,卖盘
1601,13:36:39,8.48,--,17,14416,卖盘
1602,13:36:36,8.48,--,77,65296,卖盘
1603,13:36:33,8.48,--,4,3392,卖盘
1604,13:36:30,8.48,--,92,78016,卖盘
1605,13:36:27,8.48,--,41,34768,卖盘
1606,13:36:24,8.48,--,54,45792,卖盘
1607,13:36:21,8.48,--,10,8480,卖盘
1608,13:36:18,8.48,-0.01,148,125504,卖盘
1609,13:36:15,8.49,0.01,47,39903,买盘
1610,13:36:12,8.48,--,10,8480,卖盘
1611,13:36:09,8.48,-0.01,59,50032,卖盘
1612,13:36:06,8.49,0.01,114,96786,买盘
1613,13:36:03,8.48,0.01,235,199280,买盘
1614,13:36:00,8.47,-0.02,871,737737,卖盘
1615,13:35:57,8.49,0.01,180,152820,买盘
1616,13:35:54,8.48,--,317,268816,卖盘
1617,13:35:51,8.48,-0.01,68,57664,卖盘
1618,13:35:48,8.49,--,279,236871,买盘
1619,13:35:45,8.49,--,693,588357,买盘
1620,13:35:42,8.49,0.01,1816,1541784,买盘
1621,13:35:39,8.48,--,160,135680,卖盘
1622,13:35:36,8.48,--,36,30528,卖盘
1623,13:35:33,8.48,-0.01,477,404496,卖盘
1624,13:35:30,8.49,0.01,229,194421,买盘
1625,13:35:24,8.48,-0.01,281,238288,卖盘
1626,13:35:21,8.49,0.01,5,4245,买盘
1627,13:35:18,8.48,--,7,5936,卖盘
1628,13:35:15,8.48,-0.01,76,64448,卖盘
1629,13:35:12,8.49,-0.01,59,50091,中性盘
1630,13:35:09,8.5,0.01,55,46750,买盘
1631,13:35:06,8.49,--,49,41601,卖盘
1632,13:35:03,8.49,--,121,102729,卖盘
1633,13:35:00,8.49,--,179,151971,卖盘
1634,13:34:57,8.49,--,113,95937,卖盘
1635,13:34:54,8.49,--,119,101031,卖盘
1636,13:34:51,8.49,-0.01,260,220740,卖盘
1637,13:34:48,8.5,0.01,39,33150,买盘
1638,13:34:45,8.49,0.01,1098,932202,买盘
1639,13:34:42,8.48,-0.01,224,189952,卖盘
1640,13:34:39,8.49,0.01,173,146877,买盘
1641,13:34:36,8.48,--,580,491840,卖盘
1642,13:34:33,8.48,--,15,12720,卖盘
1643,13:34:30,8.48,-0.01,47,39856,卖盘
1644,13:34:27,8.49,0.01,99,84051,买盘
1645,13:34:24,8.48,-0.01,53,44944,卖盘
1646,13:34:21,8.49,-0.01,59,50091,中性盘
1647,13:34:18,8.5,0.01,317,269450,买盘
1648,13:34:15,8.49,0.01,26,22074,中性盘
1649,13:34:12,8.48,-0.02,1013,859024,卖盘
1650,13:34:09,8.5,0.01,70,59500,买盘
1651,13:34:06,8.49,-0.01,785,666465,卖盘
1652,13:34:03,8.5,--,236,200600,卖盘
1653,13:34:00,8.5,--,90,76500,卖盘
1654,13:33:57,8.5,0.01,1062,902700,买盘
1655,13:33:54,8.49,-0.01,79,67071,卖盘
1656,13:33:51,8.5,--,25,21250,买盘
1657,13:33:48,8.5,--,285,242250,买盘
1658,13:33:45,8.5,0.01,25,21250,买盘
1659,13:33:42,8.49,-0.02,441,374409,卖盘
1660,13:33:39,8.51,0.01,234,199134,买盘
1661,13:33:36,8.5,--,520,442000,卖盘
1662,13:33:33,8.5,--,261,221850,卖盘
1663,13:33:30,8.5,--,443,376550,卖盘
1664,13:33:27,8.5,--,101,85850,卖盘
1665,13:33:24,8.5,0.01,214,181900,买盘
1666,13:33:21,8.49,--,1601,1359249,卖盘
1667,13:33:18,8.49,-0.01,134,113766,卖盘
1668,13:33:15,8.5,--,163,138550,买盘
1669,13:33:09,8.5,--,302,256700,买盘
1670,13:33:06,8.5,0.01,519,441150,买盘
1671,13:33:03,8.49,-0.01,480,407520,卖盘
1672,13:33:00,8.5,0.01,171,145350,买盘
1673,13:32:54,8.49,-0.01,63,53487,卖盘
1674,13:32:51,8.5,0.01,299,254150,买盘
1675,13:32:48,8.49,-0.01,58,49242,卖盘
1676,13:32:45,8.5,--,744,632400,买盘
1677,13:32:42,8.5,-0.01,1017,864450,卖盘
1678,13:32:39,8.51,--,236,200836,买盘
1679,13:32:36,8.51,--,475,404225,买盘
1680,13:32:33,8.51,--,105,89355,买盘
1681,13:32:30,8.51,0.01,119,101269,买盘
1682,13:32:27,8.5,--,1481,1258850,买盘
1683,13:32:24,8.5,--,236,200600,买盘
1684,13:32:21,8.5,--,13,11050,买盘
1685,13:32:18,8.5,0.01,74,62900,买盘
1686,13:32:15,8.49,-0.01,250,212250,卖盘
1687,13:32:12,8.5,--,97,82450,买盘
1688,13:32:09,8.5,--,58,49300,买盘
1689,13:32:06,8.5,--,703,597550,卖盘
1690,13:32:03,8.5,--,175,148750,卖盘
1691,13:32:00,8.5,--,26,22100,卖盘
1692,13:31:57,8.5,--,418,355300,买盘
1693,13:31:54,8.5,0.01,24,20400,买盘
1694,13:31:51,8.49,-0.01,1,849,卖盘
1695,13:31:48,8.5,0.01,373,317050,买盘
1696,13:31:45,8.49,0.01,306,259794,买盘
1697,13:31:42,8.48,-0.01,4047,3431856,卖盘
1698,13:31:39,8.49,0.01,274,232626,买盘
1699,13:31:36,8.48,--,77,65296,卖盘
1700,13:31:33,8.48,--,80,67840,卖盘
1701,13:31:30,8.48,--,82,69536,卖盘
1702,13:31:27,8.48,-0.01,116,98368,卖盘
1703,13:31:24,8.49,0.02,449,381201,买盘
1704,13:31:21,8.47,--,42,35574,卖盘
1705,13:31:18,8.47,-0.01,45,38115,卖盘
1706,13:31:15,8.48,--,624,529152,卖盘
1707,13:31:12,8.48,--,385,326480,卖盘
1708,13:31:09,8.48,--,333,282384,卖盘
1709,13:31:06,8.48,-0.01,832,705536,卖盘
1710,13:31:03,8.49,0.01,665,564585,买盘
1711,13:31:00,8.48,-0.01,78,66144,卖盘
1712,13:30:57,8.49,--,84,71316,买盘
1713,13:30:54,8.49,--,186,157914,买盘
1714,13:30:51,8.49,-0.01,1803,1530747,卖盘
1715,13:30:48,8.5,--,371,315350,买盘
1716,13:30:45,8.5,0.01,234,198900,买盘
1717,13:30:42,8.49,-0.02,513,435537,卖盘
1718,13:30:39,8.51,--,1805,1536055,买盘
1719,13:30:36,8.51,0.01,227,193177,买盘
1720,13:30:33,8.5,-0.01,174,147900,卖盘
1721,13:30:30,8.51,--,167,142117,买盘
1722,13:30:27,8.51,--,159,135309,买盘
1723,13:30:24,8.51,--,423,359973,买盘
1724,13:30:21,8.51,0.01,528,449328,买盘
1725,13:30:18,8.5,--,199,169150,卖盘
1726,13:30:15,8.5,--,269,228650,买盘
1727,13:30:12,8.5,--,2236,1900600,买盘
1728,13:30:09,8.5,0.01,1175,998750,买盘
1729,13:30:06,8.49,--,74,62826,卖盘
1730,13:30:03,8.49,-0.01,1409,1196241,卖盘
1731,13:30:00,8.5,--,163,138550,买盘
1732,13:29:57,8.5,--,212,180200,买盘
1733,13:29:54,8.5,--,390,331500,买盘
1734,13:29:51,8.5,--,415,352750,买盘
1735,13:29:48,8.5,--,162,137700,买盘
1736,13:29:45,8.5,--,163,138550,买盘
1737,13:29:42,8.5,--,92,78200,买盘
1738,13:29:39,8.5,0.01,896,761600,买盘
1739,13:29:36,8.49,--,535,454215,买盘
1740,13:29:33,8.49,-0.01,605,513645,中性盘
1741,13:29:30,8.5,0.01,386,328100,买盘
1742,13:29:27,8.49,0.01,311,264039,卖盘
1743,13:29:24,8.48,-0.01,1249,1059152,卖盘
1744,13:29:21,8.49,--,617,523833,买盘
1745,13:29:18,8.49,-0.01,1461,1240389,卖盘
1746,13:29:15,8.5,--,1137,966450,买盘
1747,13:29:12,8.5,--,496,421600,买盘
1748,13:29:09,8.5,--,711,604350,买盘
1749,13:29:06,8.5,0.01,96,81600,买盘
1750,13:29:03,8.49,--,98,83202,卖盘
1751,13:29:00,8.49,--,464,393936,卖盘
1752,13:28:57,8.49,--,133,112917,卖盘
1753,13:28:54,8.49,--,506,429594,买盘
1754,13:28:51,8.49,--,1055,895695,买盘
1755,13:28:48,8.49,--,115,97635,买盘
1756,13:28:45,8.49,--,459,389691,买盘
1757,13:28:42,8.49,--,100,84900,买盘
1758,13:28:39,8.49,--,1528,1297272,买盘
1759,13:28:36,8.49,0.01,137,116313,买盘
1760,13:28:33,8.48,--,503,426544,买盘
1761,13:28:30,8.48,0.01,1153,977744,买盘
1762,13:28:27,8.47,-0.01,630,533610,卖盘
1763,13:28:24,8.48,--,513,435024,买盘
1764,13:28:21,8.48,0.01,595,504560,买盘
1765,13:28:18,8.47,-0.01,364,308308,卖盘
1766,13:28:15,8.48,0.01,126,106848,买盘
1767,13:28:12,8.47,-0.01,315,266805,卖盘
1768,13:28:09,8.48,0.01,60,50880,买盘
1769,13:28:06,8.47,--,324,274428,买盘
1770,13:28:03,8.47,0.01,2189,1854083,买盘
1771,13:28:00,8.46,--,281,237726,卖盘
1772,13:27:57,8.46,-0.01,303,256338,卖盘
1773,13:27:54,8.47,--,158,133826,买盘
1774,13:27:51,8.47,--,129,109263,买盘
1775,13:27:48,8.47,--,335,283745,买盘
1776,13:27:45,8.47,0.01,50,42350,买盘
1777,13:27:42,8.46,-0.01,95,80370,卖盘
1778,13:27:39,8.47,0.01,184,155848,买盘
1779,13:27:36,8.46,-0.01,15,12690,卖盘
1780,13:27:33,8.47,--,926,784322,卖盘
1781,13:27:30,8.47,0.01,138,116886,买盘
1782,13:27:27,8.46,-0.01,52,43992,卖盘
1783,13:27:24,8.47,0.01,1718,1455146,买盘
1784,13:27:21,8.46,-0.01,976,825696,卖盘
1785,13:27:18,8.47,--,456,386232,买盘
1786,13:27:15,8.47,0.01,890,753830,买盘
1787,13:27:12,8.46,--,481,406926,卖盘
1788,13:27:09,8.46,--,46,38916,卖盘
1789,13:27:06,8.46,--,20,16920,卖盘
1790,13:27:03,8.46,--,8,6768,卖盘
1791,13:27:00,8.46,--,1802,1524830,买盘
1792,13:26:57,8.46,0.01,352,297792,买盘
1793,13:26:54,8.45,-0.01,219,185054,卖盘
1794,13:26:51,8.46,0.01,80,67680,买盘
1795,13:26:48,8.45,-0.01,30,25349,卖盘
1796,13:26:45,8.46,0.01,230,194580,买盘
1797,13:26:42,8.45,--,535,452074,卖盘
1798,13:26:39,8.45,--,240,202799,卖盘
1799,13:26:36,8.45,--,284,239979,卖盘
1800,13:26:33,8.45,-0.01,36,30419,卖盘
1801,13:26:30,8.46,0.01,1083,916218,买盘
1802,13:26:27,8.45,--,189,159705,卖盘
1803,13:26:24,8.45,0.01,1105,933724,买盘
1804,13:26:21,8.44,-0.01,334,281896,卖盘
1805,13:26:18,8.45,--,314,265330,买盘
1806,13:26:15,8.45,--,212,179139,买盘
1807,13:26:12,8.45,0.01,146,123369,卖盘
1808,13:26:09,8.44,-0.02,123,103812,卖盘
1809,13:26:06,8.46,0.01,111,93906,买盘
1810,13:26:03,8.45,0.01,576,487057,买盘
1811,13:26:00,8.44,--,323,272612,卖盘
1812,13:25:57,8.44,-0.01,429,362076,卖盘
1813,13:25:54,8.45,--,51,43095,买盘
1814,13:25:51,8.45,--,303,256034,买盘
1815,13:25:48,8.45,0.01,55,46474,买盘
1816,13:25:45,8.44,--,139,117316,卖盘
1817,13:25:42,8.44,-0.01,33,27852,卖盘
1818,13:25:39,8.45,--,45,38025,买盘
1819,13:25:36,8.45,0.01,360,304200,买盘
1820,13:25:33,8.44,-0.01,130,109720,卖盘
1821,13:25:30,8.45,0.01,118,99709,买盘
1822,13:25:27,8.44,-0.01,78,65832,卖盘
1823,13:25:24,8.45,--,231,195194,买盘
1824,13:25:21,8.45,0.01,168,141960,买盘
1825,13:25:18,8.44,-0.01,180,151920,卖盘
1826,13:25:15,8.45,--,129,109004,买盘
1827,13:25:12,8.45,--,1378,1164410,卖盘
1828,13:25:09,8.45,-0.01,91,76895,卖盘
1829,13:25:06,8.46,0.01,1280,1082880,买盘
1830,13:25:03,8.45,-0.01,309,261104,卖盘
1831,13:25:00,8.46,--,253,214038,买盘
1832,13:24:57,8.46,--,171,144666,买盘
1833,13:24:54,8.46,--,69,58374,买盘
1834,13:24:51,8.46,--,129,109134,买盘
1835,13:24:48,8.46,--,211,178506,买盘
1836,13:24:45,8.46,0.01,124,104904,买盘
1837,13:24:42,8.45,-0.01,1121,947244,卖盘
1838,13:24:39,8.46,--,349,295254,买盘
1839,13:24:36,8.46,--,500,423000,买盘
1840,13:24:33,8.46,--,93,78678,买盘
1841,13:24:30,8.46,--,155,131130,买盘
1842,13:24:27,8.46,--,129,109134,买盘
1843,13:24:24,8.46,--,84,71064,买盘
1844,13:24:21,8.46,0.01,230,194580,买盘
1845,13:24:18,8.45,--,652,550940,卖盘
1846,13:24:15,8.45,--,131,110694,买盘
1847,13:24:12,8.45,--,1177,994564,卖盘
1848,13:24:09,8.45,--,115,97174,卖盘
1849,13:24:06,8.45,0.02,410,346449,买盘
1850,13:24:03,8.43,-0.02,4140,3490020,卖盘
1851,13:24:00,8.45,--,630,532350,买盘
1852,13:23:57,8.45,--,34,28729,买盘
1853,13:23:54,8.45,0.01,962,812889,买盘
1854,13:23:51,8.44,-0.01,79,66676,卖盘
1855,13:23:48,8.45,--,222,187589,买盘
1856,13:23:45,8.45,--,370,312650,买盘
1857,13:23:42,8.45,--,881,744444,买盘
1858,13:23:39,8.45,0.01,598,505309,买盘
1859,13:23:36,8.44,-0.01,308,259951,卖盘
1860,13:23:33,8.45,--,516,436019,买盘
1861,13:23:30,8.45,0.01,541,457144,买盘
1862,13:23:27,8.44,-0.01,151,127443,卖盘
1863,13:23:24,8.45,0.01,389,328705,买盘
1864,13:23:21,8.44,--,382,322408,卖盘
1865,13:23:18,8.44,--,22,18568,卖盘
1866,13:23:15,8.44,--,2134,1801096,买盘
1867,13:23:12,8.44,--,46,38824,买盘
1868,13:23:09,8.44,--,174,146856,买盘
1869,13:23:06,8.44,--,330,278520,买盘
1870,13:23:03,8.44,--,64,54016,买盘
1871,13:23:00,8.44,0.01,227,192263,买盘
1872,13:22:57,8.43,-0.01,996,839796,卖盘
1873,13:22:54,8.44,0.01,1621,1368124,买盘
1874,13:22:51,8.43,--,573,483039,卖盘
1875,13:22:48,8.43,--,57,48051,卖盘
1876,13:22:45,8.43,--,179,150897,卖盘
1877,13:22:42,8.43,--,1,843,卖盘
1878,13:22:39,8.43,0.01,940,793094,买盘
1879,13:22:36,8.42,-0.01,1666,1402772,卖盘
1880,13:22:33,8.43,0.01,162,136566,买盘
1881,13:22:30,8.42,-0.01,60,50520,卖盘
1882,13:22:27,8.43,0.01,69,58167,买盘
1883,13:22:24,8.42,--,61,51362,卖盘
1884,13:22:21,8.42,-0.01,174,146508,卖盘
1885,13:22:18,8.43,0.02,237,199791,买盘
1886,13:22:15,8.41,-0.01,182,153062,卖盘
1887,13:22:12,8.42,--,233,196186,买盘
1888,13:22:06,8.42,0.01,191,160822,买盘
1889,13:22:03,8.41,-0.01,564,474324,卖盘
1890,13:22:00,8.42,--,1540,1296680,买盘
1891,13:21:57,8.42,--,111,93462,买盘
1892,13:21:54,8.42,0.01,127,106934,买盘
1893,13:21:51,8.41,--,73,61393,卖盘
1894,13:21:48,8.41,--,60,50460,卖盘
1895,13:21:45,8.41,--,252,211932,卖盘
1896,13:21:42,8.41,-0.01,83,69803,卖盘
1897,13:21:39,8.42,0.01,32,26944,买盘
1898,13:21:36,8.41,--,352,296032,卖盘
1899,13:21:33,8.41,-0.01,106,89146,卖盘
1900,13:21:30,8.42,0.01,606,510252,买盘
1901,13:21:27,8.41,--,72,60552,卖盘
1902,13:21:24,8.41,--,2138,1798058,卖盘
1903,13:21:21,8.41,--,574,482734,卖盘
1904,13:21:18,8.41,--,135,113535,卖盘
1905,13:21:15,8.41,0.01,217,182497,买盘
1906,13:21:12,8.4,--,13,10920,卖盘
1907,13:21:09,8.4,--,22,18480,卖盘
1908,13:21:06,8.4,-0.01,434,364560,卖盘
1909,13:21:03,8.41,--,10,8410,卖盘
1910,13:21:00,8.41,0.01,419,352379,买盘
1911,13:20:57,8.4,--,266,223440,卖盘
1912,13:20:54,8.4,--,4720,3964800,卖盘
1913,13:20:48,8.4,--,832,698880,买盘
1914,13:20:45,8.4,--,53,44520,买盘
1915,13:20:42,8.4,0.01,126,105840,买盘
1916,13:20:39,8.39,--,10,8390,卖盘
1917,13:20:36,8.39,-0.01,53,44467,卖盘
1918,13:20:33,8.4,--,95,79800,买盘
1919,13:20:30,8.4,--,351,294840,买盘
1920,13:20:27,8.4,0.01,322,270480,买盘
1921,13:20:24,8.39,-0.01,43,36077,卖盘
1922,13:20:21,8.4,--,381,320040,买盘
1923,13:20:18,8.4,--,57,47880,买盘
1924,13:20:15,8.4,0.01,923,775320,买盘
1925,13:20:12,8.39,-0.01,62,52018,卖盘
1926,13:20:09,8.4,0.01,6,5040,买盘
1927,13:20:06,8.39,--,16,13424,卖盘
1928,13:20:03,8.39,-0.01,21,17619,卖盘
1929,13:20:00,8.4,0.01,99,83160,买盘
1930,13:19:57,8.39,--,81,67959,卖盘
1931,13:19:54,8.39,0.01,179,150751,买盘
1932,13:19:51,8.38,--,637,533806,卖盘
1933,13:19:48,8.38,-0.01,60,50280,卖盘
1934,13:19:45,8.39,--,146,122494,买盘
1935,13:19:42,8.39,0.01,1,839,买盘
1936,13:19:39,8.38,-0.01,206,172628,卖盘
1937,13:19:36,8.39,--,2215,1858385,卖盘
1938,13:19:33,8.39,-0.01,123,103197,卖盘
1939,13:19:30,8.4,0.01,227,190680,买盘
1940,13:19:27,8.39,--,194,162766,卖盘
1941,13:19:24,8.39,--,37,31043,卖盘
1942,13:19:21,8.39,-0.01,671,562969,卖盘
1943,13:19:18,8.4,0.01,57,47880,买盘
1944,13:19:15,8.39,-0.01,84,70476,卖盘
1945,13:19:12,8.4,0.01,4,3360,买盘
1946,13:19:09,8.39,--,5,4195,卖盘
1947,13:19:06,8.39,--,48,40272,卖盘
1948,13:19:03,8.39,--,225,188775,卖盘
1949,13:19:00,8.39,--,20,16780,卖盘
1950,13:18:57,8.39,--,6,5034,卖盘
1951,13:18:54,8.39,-0.01,126,105714,卖盘
1952,13:18:51,8.4,0.01,80,67200,买盘
1953,13:18:48,8.39,-0.01,35,29365,卖盘
1954,13:18:45,8.4,--,920,772800,卖盘
1955,13:18:42,8.4,--,112,94080,卖盘
1956,13:18:39,8.4,--,243,204120,卖盘
1957,13:18:36,8.4,--,315,264600,卖盘
1958,13:18:33,8.4,--,431,362040,卖盘
1959,13:18:30,8.4,--,1554,1305360,卖盘
1960,13:18:27,8.4,--,15,12600,卖盘
1961,13:18:24,8.4,--,1027,862680,卖盘
1962,13:18:21,8.4,-0.01,36,30240,卖盘
1963,13:18:18,8.41,--,191,160631,买盘
1964,13:18:15,8.41,0.01,360,302760,买盘
1965,13:18:12,8.4,--,57,47880,卖盘
1966,13:18:09,8.4,-0.01,28,23520,卖盘
1967,13:18:06,8.41,0.01,173,145493,买盘
1968,13:18:03,8.4,--,37,31080,卖盘
1969,13:18:00,8.4,-0.01,13,10920,卖盘
1970,13:17:57,8.41,0.01,334,280894,买盘
1971,13:17:54,8.4,-0.01,136,114240,卖盘
1972,13:17:51,8.41,0.01,485,407885,买盘
1973,13:17:48,8.4,-0.01,197,165480,卖盘
1974,13:17:45,8.41,0.01,139,116899,买盘
1975,13:17:42,8.4,-0.01,241,202440,卖盘
1976,13:17:39,8.41,-0.01,119,100079,卖盘
1977,13:17:36,8.42,0.01,265,223130,买盘
1978,13:17:33,8.41,-0.01,206,173246,卖盘
1979,13:17:30,8.42,0.01,267,224814,买盘
1980,13:17:27,8.41,--,195,163995,卖盘
1981,13:17:24,8.41,--,810,681210,卖盘
1982,13:17:21,8.41,--,454,381814,卖盘
1983,13:17:18,8.41,--,87,73167,卖盘
1984,13:17:15,8.41,--,454,381814,卖盘
1985,13:17:12,8.41,-0.01,622,523102,卖盘
1986,13:17:09,8.42,--,33,27786,买盘
1987,13:17:06,8.42,--,43,36206,买盘
1988,13:17:03,8.42,--,372,313224,买盘
1989,13:17:00,8.42,--,121,101882,买盘
1990,13:16:57,8.42,--,196,165032,卖盘
1991,13:16:54,8.42,--,919,773798,卖盘
1992,13:16:51,8.42,--,50,42100,卖盘
1993,13:16:48,8.42,--,73,61466,卖盘
1994,13:16:45,8.42,--,424,357008,卖盘
1995,13:16:42,8.42,0.01,55,46310,买盘
1996,13:16:39,8.41,-0.01,87,73167,卖盘
1997,13:16:36,8.42,--,525,442050,买盘
1998,13:16:33,8.42,--,673,566666,买盘
1999,13:16:30,8.42,--,42,35364,买盘
2000,13:16:27,8.42,--,411,346062,买盘
2001,13:16:24,8.42,--,592,498464,买盘
2002,13:16:21,8.42,--,1132,953144,买盘
2003,13:16:18,8.42,--,173,145666,买盘
2004,13:16:15,8.42,--,31,26102,买盘
2005,13:16:12,8.42,0.01,40,33680,买盘
2006,13:16:09,8.41,-0.01,90,75690,卖盘
2007,13:16:06,8.42,0.01,251,211342,买盘
2008,13:16:03,8.41,-0.01,324,272484,卖盘
2009,13:16:00,8.42,0.01,91,76622,买盘
2010,13:15:57,8.41,-0.01,220,185020,卖盘
2011,13:15:54,8.42,--,163,137246,买盘
2012,13:15:51,8.42,--,166,139772,买盘
2013,13:15:48,8.42,0.01,185,155770,买盘
2014,13:15:45,8.41,--,319,268279,卖盘
2015,13:15:42,8.41,--,291,244731,卖盘
2016,13:15:39,8.41,-0.01,197,165677,卖盘
2017,13:15:36,8.42,--,456,383952,买盘
2018,13:15:33,8.42,0.01,156,131352,买盘
2019,13:15:30,8.41,--,209,175769,卖盘
2020,13:15:27,8.41,--,35,29435,卖盘
2021,13:15:24,8.41,--,145,121945,卖盘
2022,13:15:21,8.41,-0.01,322,270802,卖盘
2023,13:15:18,8.42,0.01,424,357008,买盘
2024,13:15:15,8.41,--,178,149698,卖盘
2025,13:15:12,8.41,--,150,126150,卖盘
2026,13:15:09,8.41,--,140,117740,卖盘
2027,13:15:06,8.41,--,499,419659,卖盘
2028,13:15:03,8.41,--,315,264915,卖盘
2029,13:15:00,8.41,0.01,799,671959,买盘
2030,13:14:57,8.4,-0.01,97,81480,卖盘
2031,13:14:54,8.41,--,43,36163,买盘
2032,13:14:51,8.41,--,849,714009,买盘
2033,13:14:48,8.41,0.01,25,21025,买盘
2034,13:14:45,8.4,--,23,19320,卖盘
2035,13:14:42,8.4,-0.01,683,573720,卖盘
2036,13:14:39,8.41,--,62,52142,买盘
2037,13:14:36,8.41,--,473,397793,买盘
2038,13:14:33,8.41,--,210,176610,卖盘
2039,13:14:30,8.41,--,286,240526,卖盘
2040,13:14:27,8.41,--,1802,1515482,卖盘
2041,13:14:24,8.41,--,601,505441,卖盘
2042,13:14:21,8.41,-0.01,217,182497,卖盘
2043,13:14:18,8.42,--,52,43784,买盘
2044,13:14:15,8.42,0.01,8,6736,买盘
2045,13:14:12,8.41,--,88,74008,卖盘
2046,13:14:09,8.41,-0.01,602,506282,卖盘
2047,13:14:06,8.42,0.02,2864,2411488,买盘
2048,13:14:03,8.4,-0.01,96,80640,卖盘
2049,13:14:00,8.41,0.01,284,238844,买盘
2050,13:13:57,8.4,-0.01,323,271320,卖盘
2051,13:13:54,8.41,--,36,30276,买盘
2052,13:13:51,8.41,--,811,682051,买盘
2053,13:13:48,8.41,--,246,206886,买盘
2054,13:13:45,8.41,-0.01,158,132878,买盘
2055,13:13:42,8.42,0.01,1775,1494550,买盘
2056,13:13:39,8.41,-0.01,772,649252,卖盘
2057,13:13:36,8.42,--,523,440366,买盘
2058,13:13:33,8.42,--,222,186924,买盘
2059,13:13:30,8.42,--,299,251758,买盘
2060,13:13:27,8.42,--,1128,949776,买盘
2061,13:13:24,8.42,--,494,415948,买盘
2062,13:13:21,8.42,--,643,541406,买盘
2063,13:13:18,8.42,--,319,268598,买盘
2064,13:13:15,8.42,--,183,154086,买盘
2065,13:13:12,8.42,0.01,78,65676,买盘
2066,13:13:09,8.41,--,22,18502,卖盘
2067,13:13:06,8.41,0.01,1784,1500344,买盘
2068,13:13:03,8.4,-0.01,602,505680,卖盘
2069,13:13:00,8.41,0.01,118,99238,买盘
2070,13:12:57,8.4,--,347,291816,买盘
2071,13:12:54,8.4,--,846,710640,买盘
2072,13:12:51,8.4,--,386,324240,买盘
2073,13:12:48,8.4,--,467,392280,买盘
2074,13:12:45,8.4,0.01,2056,1727040,买盘
2075,13:12:42,8.39,--,422,354058,卖盘
2076,13:12:39,8.39,-0.01,24,20136,卖盘
2077,13:12:36,8.4,0.01,133,111720,买盘
2078,13:12:33,8.39,-0.01,122,102358,卖盘
2079,13:12:30,8.4,--,496,416640,买盘
2080,13:12:27,8.4,0.01,276,231840,买盘
2081,13:12:24,8.39,--,18,15102,卖盘
2082,13:12:21,8.39,--,260,218140,卖盘
2083,13:12:18,8.39,--,52,43628,卖盘
2084,13:12:15,8.39,--,136,114104,买盘
2085,13:12:12,8.39,--,241,202199,买盘
2086,13:12:09,8.39,--,148,124172,买盘
2087,13:12:06,8.39,--,66,55374,买盘
2088,13:12:03,8.39,--,1345,1128455,买盘
2089,13:12:00,8.39,--,40,33560,买盘
2090,13:11:57,8.39,0.01,207,173673,买盘
2091,13:11:54,8.38,--,25,20950,卖盘
2092,13:11:51,8.38,--,19,15922,卖盘
2093,13:11:48,8.38,--,120,100560,卖盘
2094,13:11:45,8.38,--,60,50280,卖盘
2095,13:11:42,8.38,-0.01,230,192740,卖盘
2096,13:11:39,8.39,0.01,100,83900,买盘
2097,13:11:36,8.38,-0.01,154,129052,卖盘
2098,13:11:33,8.39,0.01,329,276031,买盘
2099,13:11:30,8.38,-0.01,22,18436,卖盘
2100,13:11:27,8.39,--,79,66281,买盘
2101,13:11:24,8.39,0.01,189,158571,买盘
2102,13:11:21,8.38,0.01,45,37710,买盘
2103,13:11:18,8.37,-0.02,135,112994,卖盘
2104,13:11:15,8.39,0.02,1319,1106641,买盘
2105,13:11:12,8.37,--,149,124712,卖盘
2106,13:11:09,8.37,-0.01,245,205064,卖盘
2107,13:11:06,8.38,--,105,87990,卖盘
2108,13:11:03,8.38,--,213,178494,买盘
2109,13:11:00,8.38,--,91,76258,买盘
2110,13:10:57,8.38,--,15,12570,买盘
2111,13:10:54,8.38,--,297,248886,卖盘
2112,13:10:51,8.38,--,400,335200,买盘
2113,13:10:48,8.38,--,35,29330,买盘
2114,13:10:45,8.38,--,131,109778,卖盘
2115,13:10:42,8.38,--,448,375424,买盘
2116,13:10:39,8.38,--,23,19274,买盘
2117,13:10:36,8.38,--,21,17598,买盘
2118,13:10:33,8.38,0.01,43,36034,买盘
2119,13:10:30,8.37,--,194,162377,卖盘
2120,13:10:27,8.37,--,1321,1105677,卖盘
2121,13:10:24,8.37,-0.01,2928,2450736,卖盘
2122,13:10:21,8.38,--,410,343580,买盘
2123,13:10:18,8.38,--,1030,863140,买盘
2124,13:10:15,8.38,--,78,65364,买盘
2125,13:10:12,8.38,--,64,53632,买盘
2126,13:10:09,8.38,--,226,189388,卖盘
2127,13:10:06,8.38,--,883,739954,卖盘
2128,13:10:03,8.38,--,135,113130,卖盘
2129,13:10:00,8.38,-0.01,483,404754,卖盘
2130,13:09:57,8.39,--,313,262607,买盘
2131,13:09:54,8.39,--,42,35238,买盘
2132,13:09:51,8.39,--,34,28526,买盘
2133,13:09:48,8.39,0.01,659,552901,买盘
2134,13:09:45,8.38,-0.01,280,234640,卖盘
2135,13:09:42,8.39,0.01,8,6712,买盘
2136,13:09:39,8.38,--,728,610064,买盘
2137,13:09:36,8.38,--,350,293300,买盘
2138,13:09:33,8.38,--,467,391346,买盘
2139,13:09:30,8.38,--,442,370396,买盘
2140,13:09:27,8.38,--,593,496934,买盘
2141,13:09:24,8.38,--,32,26816,买盘
2142,13:09:21,8.38,--,61,51118,买盘
2143,13:09:18,8.38,--,90,75420,买盘
2144,13:09:15,8.38,--,318,266484,买盘
2145,13:09:12,8.38,--,100,83800,买盘
2146,13:09:09,8.38,0.01,248,207824,买盘
2147,13:09:06,8.37,-0.01,365,305505,卖盘
2148,13:09:03,8.38,--,47,39386,买盘
2149,13:09:00,8.38,0.01,190,159220,买盘
2150,13:08:57,8.37,--,191,159866,卖盘
2151,13:08:54,8.37,--,153,128060,卖盘
2152,13:08:51,8.37,--,479,400922,卖盘
2153,13:08:48,8.37,--,615,514754,买盘
2154,13:08:45,8.37,0.01,213,178280,买盘
2155,13:08:42,8.36,--,36,30095,卖盘
2156,13:08:39,8.36,-0.01,9,7523,卖盘
2157,13:08:36,8.37,0.01,556,465371,买盘
2158,13:08:33,8.36,-0.01,334,279224,卖盘
2159,13:08:30,8.37,-0.01,2405,2012984,卖盘
2160,13:08:27,8.38,0.01,516,432408,买盘
2161,13:08:24,8.37,--,141,118016,卖盘
2162,13:08:21,8.37,-0.01,194,162377,卖盘
2163,13:08:18,8.38,--,499,418162,买盘
2164,13:08:15,8.38,--,69,57822,买盘
2165,13:08:12,8.38,--,684,573192,买盘
2166,13:08:09,8.38,--,4236,3549768,卖盘
2167,13:08:06,8.38,-0.01,115,96370,卖盘
2168,13:08:03,8.39,0.01,117,98163,买盘
2169,13:08:00,8.38,-0.01,318,266484,卖盘
2170,13:07:57,8.39,0.01,86,72154,买盘
2171,13:07:54,8.38,--,278,232964,卖盘
2172,13:07:51,8.38,0.01,2757,2310366,买盘
2173,13:07:48,8.37,--,1554,1300697,买盘
2174,13:07:45,8.37,--,431,360746,买盘
2175,13:07:42,8.37,--,34,28457,买盘
2176,13:07:39,8.37,--,95,79514,买盘
2177,13:07:36,8.37,--,276,231011,买盘
2178,13:07:33,8.37,--,223,186650,买盘
2179,13:07:30,8.37,0.01,84,70308,买盘
2180,13:07:27,8.36,-0.01,249,208164,卖盘
2181,13:07:24,8.37,0.01,9,7532,买盘
2182,13:07:21,8.36,-0.01,98,81928,卖盘
2183,13:07:18,8.37,0.01,154,128931,买盘
2184,13:07:15,8.36,--,794,663784,买盘
2185,13:07:12,8.36,0.01,1631,1363516,买盘
2186,13:07:09,8.35,--,1219,1017865,买盘
2187,13:07:06,8.35,--,1768,1476280,买盘
2188,13:07:03,8.35,--,318,265530,买盘
2189,13:07:00,8.35,--,29,24215,买盘
2190,13:06:57,8.35,0.01,122,101870,买盘
2191,13:06:54,8.34,-0.01,11,9174,卖盘
2192,13:06:51,8.35,--,187,156145,买盘
2193,13:06:48,8.35,0.01,22,18370,买盘
2194,13:06:45,8.34,--,268,224312,买盘
2195,13:06:42,8.34,--,350,291900,买盘
2196,13:06:39,8.34,0.01,84,70056,买盘
2197,13:06:36,8.33,-0.01,491,409827,卖盘
2198,13:06:33,8.34,--,13,10842,买盘
2199,13:06:30,8.34,--,515,429510,买盘
2200,13:06:27,8.34,0.01,742,618828,买盘
2201,13:06:24,8.33,-0.01,20,16660,卖盘
2202,13:06:21,8.34,0.01,66,55044,买盘
2203,13:06:18,8.33,--,524,437158,买盘
2204,13:06:15,8.33,0.01,407,339031,买盘
2205,13:06:12,8.32,-0.01,67,55744,卖盘
2206,13:06:09,8.33,--,50,41650,买盘
2207,13:06:06,8.33,0.01,134,111622,买盘
2208,13:06:03,8.32,-0.01,69,57408,卖盘
2209,13:06:00,8.33,0.01,73,60809,买盘
2210,13:05:54,8.32,-0.01,180,149760,卖盘
2211,13:05:51,8.33,--,44,36652,买盘
2212,13:05:48,8.33,--,4,3332,买盘
2213,13:05:45,8.33,--,35,29155,买盘
2214,13:05:42,8.33,0.01,251,209083,买盘
2215,13:05:39,8.32,-0.01,217,180544,卖盘
2216,13:05:36,8.33,0.01,133,110789,买盘
2217,13:05:33,8.32,-0.01,380,316160,卖盘
2218,13:05:30,8.33,0.01,311,259063,买盘
2219,13:05:27,8.32,--,13,10816,卖盘
2220,13:05:24,8.32,-0.01,274,227968,卖盘
2221,13:05:21,8.33,--,60,49980,买盘
2222,13:05:18,8.33,--,1,833,买盘
2223,13:05:15,8.33,--,38,31654,买盘
2224,13:05:12,8.33,0.01,4,3332,买盘
2225,13:05:09,8.32,-0.01,10,8320,卖盘
2226,13:05:06,8.33,--,5,4165,买盘
2227,13:05:03,8.33,--,127,105791,买盘
2228,13:05:00,8.33,--,17,14161,买盘
2229,13:04:57,8.33,0.01,106,88298,买盘
2230,13:04:54,8.32,-0.01,177,147264,卖盘
2231,13:04:51,8.33,--,17,14161,买盘
2232,13:04:48,8.33,--,31,25823,买盘
2233,13:04:45,8.33,--,478,398174,买盘
2234,13:04:39,8.33,0.01,12,9996,买盘
2235,13:04:36,8.32,--,40,33280,卖盘
2236,13:04:33,8.32,--,178,148096,卖盘
2237,13:04:30,8.32,--,14,11648,卖盘
2238,13:04:27,8.32,-0.01,45,37440,卖盘
2239,13:04:24,8.33,--,78,64974,买盘
2240,13:04:21,8.33,0.01,94,78302,买盘
2241,13:04:18,8.32,-0.01,15,12480,卖盘
2242,13:04:15,8.33,0.01,44,36652,买盘
2243,13:04:12,8.32,-0.01,112,93184,卖盘
2244,13:04:09,8.33,--,54,44982,买盘
2245,13:04:06,8.33,0.01,3,2499,买盘
2246,13:04:03,8.32,-0.01,6,4992,卖盘
2247,13:04:00,8.33,0.01,72,59976,买盘
2248,13:03:57,8.32,-0.01,321,267072,卖盘
2249,13:03:54,8.33,0.01,4,3332,买盘
2250,13:03:51,8.32,-0.01,340,282880,卖盘
2251,13:03:48,8.33,0.01,78,64974,买盘
2252,13:03:45,8.32,--,31,25792,买盘
2253,13:03:42,8.32,--,146,121472,买盘
2254,13:03:39,8.32,--,126,104832,买盘
2255,13:03:36,8.32,0.01,85,70720,买盘
2256,13:03:33,8.31,-0.01,539,447909,卖盘
2257,13:03:30,8.32,0.01,212,176384,买盘
2258,13:03:27,8.31,--,16,13296,卖盘
2259,13:03:24,8.31,--,92,76452,卖盘
2260,13:03:21,8.31,--,50,41550,卖盘
2261,13:03:18,8.31,-0.01,151,125481,卖盘
2262,13:03:15,8.32,--,297,247104,卖盘
2263,13:03:09,8.32,0.01,4,3328,卖盘
2264,13:03:06,8.31,-0.02,50,41550,卖盘
2265,13:03:03,8.33,0.02,395,329035,买盘
2266,13:03:00,8.31,--,199,165369,卖盘
2267,13:02:57,8.31,-0.01,282,234342,卖盘
2268,13:02:54,8.32,--,22,18304,买盘
2269,13:02:51,8.32,--,109,90688,买盘
2270,13:02:48,8.32,0.01,44,36608,买盘
2271,13:02:45,8.31,--,61,50691,卖盘
2272,13:02:42,8.31,-0.01,19,15789,卖盘
2273,13:02:39,8.32,0.01,77,64064,买盘
2274,13:02:36,8.31,-0.01,24,19944,卖盘
2275,13:02:33,8.32,0.01,27,22464,买盘
2276,13:02:30,8.31,-0.01,15,12465,卖盘
2277,13:02:27,8.32,0.01,1206,1003392,买盘
2278,13:02:24,8.31,-0.01,22,18282,卖盘
2279,13:02:21,8.32,0.01,49,40768,买盘
2280,13:02:18,8.31,-0.01,13,10803,卖盘
2281,13:02:15,8.32,0.01,30,24960,买盘
2282,13:02:12,8.31,--,84,69804,卖盘
2283,13:02:06,8.31,--,319,265089,卖盘
2284,13:02:03,8.31,--,15,12465,卖盘
2285,13:02:00,8.31,-0.01,215,178665,卖盘
2286,13:01:57,8.32,0.01,271,225472,买盘
2287,13:01:54,8.31,--,9,7479,卖盘
2288,13:01:51,8.31,-0.01,6,4986,卖盘
2289,13:01:48,8.32,--,199,165568,买盘
2290,13:01:42,8.32,--,1075,894400,卖盘
2291,13:01:39,8.32,-0.01,13,10816,卖盘
2292,13:01:36,8.33,0.01,521,433993,买盘
2293,13:01:33,8.32,--,200,166400,卖盘
2294,13:01:30,8.32,--,12,9984,卖盘
2295,13:01:27,8.32,--,2,1664,卖盘
2296,13:01:24,8.32,--,47,39104,卖盘
2297,13:01:21,8.32,--,74,61568,卖盘
2298,13:01:18,8.32,--,8,6656,卖盘
2299,13:01:15,8.32,-0.01,59,49088,卖盘
2300,13:01:12,8.33,0.01,6,4998,买盘
2301,13:01:06,8.32,-0.01,35,29120,卖盘
2302,13:01:03,8.33,--,186,154938,买盘
2303,13:00:57,8.33,--,9,7497,买盘
2304,13:00:51,8.33,--,82,68306,买盘
2305,13:00:48,8.33,0.01,33,27489,买盘
2306,13:00:45,8.32,-0.01,39,32448,卖盘
2307,13:00:42,8.33,0.01,22,18326,买盘
2308,13:00:39,8.32,--,27,22464,卖盘
2309,13:00:36,8.32,--,10,8320,卖盘
2310,13:00:33,8.32,-0.01,49,40768,卖盘
2311,13:00:30,8.33,0.01,127,105791,买盘
2312,13:00:27,8.32,--,1,832,卖盘
2313,13:00:24,8.32,-0.01,2,1664,卖盘
2314,13:00:21,8.33,0.01,12,9996,买盘
2315,13:00:18,8.32,-0.01,89,74048,卖盘
2316,13:00:15,8.33,--,119,99127,买盘
2317,13:00:12,8.33,--,157,130781,买盘
2318,13:00:09,8.33,0.01,244,203252,买盘
2319,13:00:06,8.32,--,1775,1476800,卖盘
2320,13:00:03,8.32,0.01,5710,4750720,买盘
2321,13:00:00,8.31,--,0,0,卖盘
2322,11:30:00,8.31,-0.01,109,90579,卖盘
2323,11:29:57,8.32,--,489,406848,买盘
2324,11:29:51,8.32,0.01,21,17472,买盘
2325,11:29:48,8.31,-0.01,1674,1391094,卖盘
2326,11:29:45,8.32,0.01,71,59072,买盘
2327,11:29:42,8.31,--,116,96396,卖盘
2328,11:29:39,8.31,--,5,4155,卖盘
2329,11:29:36,8.31,--,7,5817,卖盘
2330,11:29:33,8.31,--,2,1662,卖盘
2331,11:29:30,8.31,-0.01,5,4155,卖盘
2332,11:29:27,8.32,--,78,64896,买盘
2333,11:29:24,8.32,0.01,80,66560,买盘
2334,11:29:21,8.31,--,37,30747,卖盘
2335,11:29:18,8.31,--,43,35733,卖盘
2336,11:29:15,8.31,--,133,110523,卖盘
2337,11:29:12,8.31,--,56,46536,卖盘
2338,11:29:09,8.31,--,500,415500,卖盘
2339,11:29:06,8.31,--,421,350349,买盘
2340,11:29:03,8.31,--,125,103875,买盘
2341,11:29:00,8.31,0.01,4,3324,买盘
2342,11:28:57,8.3,--,133,110390,卖盘
2343,11:28:54,8.3,-0.01,19,15770,卖盘
2344,11:28:51,8.31,--,36,29916,买盘
2345,11:28:48,8.31,--,24,19944,买盘
2346,11:28:45,8.31,0.01,6,4986,买盘
2347,11:28:42,8.3,-0.01,17,14110,卖盘
2348,11:28:39,8.31,--,18,14958,买盘
2349,11:28:36,8.31,--,81,67311,买盘
2350,11:28:33,8.31,0.01,55,45705,买盘
2351,11:28:30,8.3,-0.01,338,280540,卖盘
2352,11:28:27,8.31,--,107,88917,买盘
2353,11:28:24,8.31,0.01,1039,863409,买盘
2354,11:28:21,8.3,--,32,26560,卖盘
2355,11:28:18,8.3,-0.01,5,4150,卖盘
2356,11:28:15,8.31,--,126,104706,买盘
2357,11:28:12,8.31,--,173,143763,买盘
2358,11:28:09,8.31,--,350,290850,买盘
2359,11:28:06,8.31,--,593,492783,买盘
2360,11:28:03,8.31,--,92,76452,买盘
2361,11:28:00,8.31,--,589,489459,买盘
2362,11:27:57,8.31,--,15,12465,买盘
2363,11:27:54,8.31,--,658,546798,买盘
2364,11:27:51,8.31,--,22,18282,买盘
2365,11:27:48,8.31,--,136,113016,买盘
2366,11:27:45,8.31,--,94,78114,买盘
2367,11:27:42,8.31,--,2951,2452613,卖盘
2368,11:27:39,8.31,--,34,28254,卖盘
2369,11:27:36,8.31,--,32,26592,卖盘
2370,11:27:33,8.31,-0.01,11,9141,卖盘
2371,11:27:30,8.32,0.01,161,133952,买盘
2372,11:27:27,8.31,-0.01,64,53184,卖盘
2373,11:27:24,8.32,0.01,257,213824,买盘
2374,11:27:21,8.31,-0.01,63,52353,卖盘
2375,11:27:18,8.32,0.01,95,79040,买盘
2376,11:27:15,8.31,--,66,54846,卖盘
2377,11:27:09,8.31,--,838,696876,买盘
2378,11:27:06,8.31,--,488,405528,买盘
2379,11:27:03,8.31,--,107,88917,买盘
2380,11:27:00,8.31,--,9,7479,买盘
2381,11:26:57,8.31,--,200,166200,买盘
2382,11:26:54,8.31,0.01,639,531009,买盘
2383,11:26:51,8.3,-0.01,12,9960,卖盘
2384,11:26:48,8.31,0.01,5,4155,买盘
2385,11:26:45,8.3,--,14,11620,卖盘
2386,11:26:42,8.3,-0.01,20,16600,卖盘
2387,11:26:36,8.31,0.01,98,81438,买盘
2388,11:26:30,8.3,--,6,4980,卖盘
2389,11:26:27,8.3,-0.01,34,28220,卖盘
2390,11:26:24,8.31,0.01,31,25761,买盘
2391,11:26:21,8.3,--,23,19090,卖盘
2392,11:26:18,8.3,--,18,14940,卖盘
2393,11:26:15,8.3,-0.01,37,30710,卖盘
2394,11:26:12,8.31,--,192,159552,买盘
2395,11:26:09,8.31,0.01,15,12465,买盘
2396,11:26:06,8.3,--,2,1660,卖盘
2397,11:26:03,8.3,-0.01,68,56440,卖盘
2398,11:26:00,8.31,--,1,831,买盘
2399,11:25:57,8.31,--,33,27423,买盘
2400,11:25:54,8.31,--,49,40719,买盘
2401,11:25:51,8.31,--,310,257610,买盘
2402,11:25:48,8.31,--,6,4986,买盘
2403,11:25:45,8.31,--,280,232680,买盘
2404,11:25:42,8.31,--,589,489459,买盘
2405,11:25:39,8.31,0.01,1,831,买盘
2406,11:25:36,8.3,--,252,209160,卖盘
2407,11:25:33,8.3,--,128,106240,卖盘
2408,11:25:30,8.3,--,21,17430,卖盘
2409,11:25:24,8.3,-0.01,104,86320,卖盘
2410,11:25:21,8.31,--,134,111354,买盘
2411,11:25:15,8.31,--,61,50691,买盘
2412,11:25:12,8.31,0.01,195,162045,买盘
2413,11:25:09,8.3,--,35,29050,卖盘
2414,11:25:06,8.3,--,30,24900,卖盘
2415,11:25:03,8.3,--,131,108730,卖盘
2416,11:25:00,8.3,--,1457,1209310,买盘
2417,11:24:57,8.3,0.01,214,177620,买盘
2418,11:24:54,8.29,--,1,828,卖盘
2419,11:24:51,8.29,--,79,65490,卖盘
2420,11:24:48,8.29,--,50,41449,卖盘
2421,11:24:45,8.29,-0.01,24,19895,卖盘
2422,11:24:42,8.3,0.01,8,6640,买盘
2423,11:24:39,8.29,-0.01,100,82899,卖盘
2424,11:24:36,8.3,--,6,4980,买盘
2425,11:24:30,8.3,0.01,481,399230,买盘
2426,11:24:27,8.29,--,15,12434,卖盘
2427,11:24:24,8.29,-0.01,90,74609,卖盘
2428,11:24:21,8.3,0.01,210,174300,买盘
2429,11:24:18,8.29,-0.01,220,182379,卖盘
2430,11:24:15,8.3,--,169,140270,买盘
2431,11:24:12,8.3,--,42,34860,买盘
2432,11:24:09,8.3,--,7,5810,买盘
2433,11:24:06,8.3,0.01,70,58100,买盘
2434,11:24:03,8.29,--,21,17409,卖盘
2435,11:24:00,8.29,--,55,45594,卖盘
2436,11:23:57,8.29,--,4,3315,卖盘
2437,11:23:54,8.29,--,6,4973,卖盘
2438,11:23:51,8.29,--,5,4145,卖盘
2439,11:23:48,8.29,--,38,31501,卖盘
2440,11:23:45,8.29,-0.01,4,3315,卖盘
2441,11:23:42,8.3,--,21,17430,买盘
2442,11:23:39,8.3,0.01,3,2490,买盘
2443,11:23:36,8.29,-0.01,16,13263,卖盘
2444,11:23:33,8.3,0.01,45,37350,买盘
2445,11:23:30,8.29,-0.01,1,828,卖盘
2446,11:23:27,8.3,--,77,63910,买盘
2447,11:23:24,8.3,--,24,19920,买盘
2448,11:23:21,8.3,--,99,82170,买盘
2449,11:23:18,8.3,0.01,12,9960,买盘
2450,11:23:15,8.29,-0.01,210,174089,卖盘
2451,11:23:12,8.3,0.01,24,19920,买盘
2452,11:23:09,8.29,--,24,19895,卖盘
2453,11:23:06,8.29,-0.01,38,31501,卖盘
2454,11:23:03,8.3,0.01,221,183430,买盘
2455,11:23:00,8.29,-0.01,5,4145,卖盘
2456,11:22:54,8.3,--,514,426620,买盘
2457,11:22:51,8.3,0.01,236,195880,买盘
2458,11:22:48,8.29,--,4,3315,卖盘
2459,11:22:45,8.29,--,3,2486,卖盘
2460,11:22:42,8.29,--,10,8290,卖盘
2461,11:22:39,8.29,-0.01,8,6631,卖盘
2462,11:22:36,8.3,0.01,29,24070,买盘
2463,11:22:33,8.29,--,202,167457,卖盘
2464,11:22:30,8.29,-0.01,20,16580,卖盘
2465,11:22:27,8.3,0.01,8,6640,买盘
2466,11:22:24,8.29,-0.01,35,29014,卖盘
2467,11:22:21,8.3,--,66,54780,买盘
2468,11:22:18,8.3,--,180,149400,买盘
2469,11:22:15,8.3,--,1,830,买盘
2470,11:22:12,8.3,0.01,68,56440,买盘
2471,11:22:06,8.29,--,48,39791,买盘
2472,11:22:03,8.29,0.01,1,828,买盘
2473,11:22:00,8.28,--,109,90252,卖盘
2474,11:21:57,8.28,--,13,10764,卖盘
2475,11:21:54,8.28,-0.01,304,251711,卖盘
2476,11:21:51,8.29,--,2,1657,买盘
2477,11:21:48,8.29,0.01,232,192327,买盘
2478,11:21:45,8.28,-0.01,58,48023,卖盘
2479,11:21:42,8.29,--,1,828,买盘
2480,11:21:39,8.29,--,7,5802,买盘
2481,11:21:36,8.29,0.01,217,179892,买盘
2482,11:21:33,8.28,--,5,4140,卖盘
2483,11:21:30,8.28,-0.01,23,19044,卖盘
2484,11:21:27,8.29,--,448,371391,卖盘
2485,11:21:24,8.29,--,229,189840,卖盘
2486,11:21:21,8.29,--,287,237922,卖盘
2487,11:21:18,8.29,-0.01,18,14921,卖盘
2488,11:21:15,8.3,--,90,74700,买盘
2489,11:21:12,8.3,--,207,171810,买盘
2490,11:21:09,8.3,--,392,325360,买盘
2491,11:21:06,8.3,0.01,26,21580,买盘
2492,11:21:03,8.29,-0.01,134,111085,卖盘
2493,11:21:00,8.3,0.01,37,30710,买盘
2494,11:20:57,8.29,-0.01,20,16580,卖盘
2495,11:20:54,8.3,--,2,1660,买盘
2496,11:20:51,8.3,0.01,6,4980,买盘
2497,11:20:48,8.29,-0.01,331,274399,卖盘
2498,11:20:45,8.3,--,1,830,买盘
2499,11:20:42,8.3,0.01,41,34030,买盘
2500,11:20:39,8.29,-0.01,20,16580,卖盘
2501,11:20:36,8.3,0.01,50,41500,买盘
2502,11:20:33,8.29,--,3,2486,卖盘
2503,11:20:30,8.29,--,167,138443,买盘
2504,11:20:27,8.29,--,203,168286,卖盘
2505,11:20:24,8.29,--,4336,3594543,买盘
2506,11:20:21,8.29,--,82,67978,卖盘
2507,11:20:18,8.29,--,12,9947,卖盘
2508,11:20:15,8.29,--,59,48910,卖盘
2509,11:20:12,8.29,--,81,67149,卖盘
2510,11:20:09,8.29,--,71,58858,卖盘
2511,11:20:06,8.29,--,26,21553,卖盘
2512,11:20:03,8.29,--,181,150048,买盘
2513,11:19:57,8.29,0.01,109,90360,买盘
2514,11:19:54,8.28,-0.01,13,10764,卖盘
2515,11:19:51,8.29,--,28,23211,买盘
2516,11:19:48,8.29,0.01,30,24869,买盘
2517,11:19:45,8.28,-0.01,17,14075,卖盘
2518,11:19:42,8.29,--,25,20724,卖盘
2519,11:19:39,8.29,--,18,14921,买盘
2520,11:19:36,8.29,-0.01,10,8290,中性盘
2521,11:19:33,8.3,0.02,138,114540,买盘
2522,11:19:30,8.28,-0.01,135,111779,卖盘
2523,11:19:27,8.29,--,6,4973,买盘
2524,11:19:24,8.29,--,73,60516,卖盘
2525,11:19:21,8.29,--,87,72122,卖盘
2526,11:19:18,8.29,--,12,9947,卖盘
2527,11:19:15,8.29,-0.01,7,5802,卖盘
2528,11:19:12,8.3,0.01,71,58930,买盘
2529,11:19:09,8.29,--,47,38962,卖盘
2530,11:19:06,8.29,--,194,160825,卖盘
2531,11:19:03,8.29,--,124,102795,卖盘
2532,11:19:00,8.29,--,7,5802,卖盘
2533,11:18:57,8.29,0.01,374,310045,买盘
2534,11:18:54,8.28,-0.01,793,656604,卖盘
2535,11:18:51,8.29,--,5,4145,卖盘
2536,11:18:48,8.29,-0.01,11,9118,卖盘
2537,11:18:45,8.3,0.01,29,24070,买盘
2538,11:18:42,8.29,-0.01,139,115230,卖盘
2539,11:18:39,8.3,0.01,16,13280,买盘
2540,11:18:36,8.29,--,15,12434,卖盘
2541,11:18:33,8.29,-0.01,29,24040,卖盘
2542,11:18:30,8.3,0.01,92,76360,买盘
2543,11:18:27,8.29,-0.01,117,96992,卖盘
2544,11:18:24,8.3,0.01,384,318720,买盘
2545,11:18:21,8.29,--,13,10776,卖盘
2546,11:18:18,8.29,--,17,14092,卖盘
2547,11:18:15,8.29,-0.01,63,52226,卖盘
2548,11:18:12,8.3,--,74,61420,买盘
2549,11:18:09,8.3,0.01,42,34860,买盘
2550,11:18:06,8.29,-0.01,205,169944,卖盘
2551,11:18:03,8.3,--,43,35690,买盘
2552,11:18:00,8.3,0.01,1,830,买盘
2553,11:17:57,8.29,--,7,5802,卖盘
2554,11:17:54,8.29,--,19,15750,卖盘
2555,11:17:51,8.29,-0.01,42,34818,卖盘
2556,11:17:48,8.3,0.01,4,3320,买盘
2557,11:17:45,8.29,--,19,15750,卖盘
2558,11:17:42,8.29,--,66,54713,卖盘
2559,11:17:39,8.29,--,52,43107,卖盘
2560,11:17:36,8.29,-0.01,240,198959,卖盘
2561,11:17:33,8.3,0.01,189,156870,买盘
2562,11:17:30,8.29,--,949,786720,买盘
2563,11:17:27,8.29,--,370,306729,买盘
2564,11:17:24,8.29,--,47,38962,买盘
2565,11:17:21,8.29,0.01,104,86215,买盘
2566,11:17:18,8.28,-0.01,62,51335,卖盘
2567,11:17:15,8.29,0.01,13,10776,买盘
2568,11:17:12,8.28,-0.01,65,53819,卖盘
2569,11:17:09,8.29,--,153,126836,卖盘
2570,11:17:06,8.29,--,50,41449,卖盘
2571,11:17:03,8.29,-0.01,164,135956,卖盘
2572,11:17:00,8.3,0.02,108,89640,买盘
2573,11:16:57,8.28,-0.01,64,52991,卖盘
2574,11:16:54,8.29,--,85,70465,买盘
2575,11:16:51,8.29,--,47,38962,买盘
2576,11:16:48,8.29,0.01,98,81241,买盘
2577,11:16:45,8.28,-0.01,55,45540,卖盘
2578,11:16:42,8.29,0.01,270,223829,买盘
2579,11:16:39,8.28,-0.01,22,18216,卖盘
2580,11:16:36,8.29,0.01,11,9118,买盘
2581,11:16:33,8.28,--,1,827,卖盘
2582,11:16:30,8.28,--,161,133308,卖盘
2583,11:16:27,8.28,-0.01,242,200375,卖盘
2584,11:16:24,8.29,0.01,336,278544,买盘
2585,11:16:21,8.28,--,10,8280,卖盘
2586,11:16:18,8.28,--,10,8280,卖盘
2587,11:16:15,8.28,--,110,91080,卖盘
2588,11:16:12,8.28,--,413,341964,卖盘
2589,11:16:09,8.28,-0.01,28,23184,卖盘
2590,11:16:06,8.29,0.01,71,58858,买盘
2591,11:16:03,8.28,--,300,248399,卖盘
2592,11:16:00,8.28,-0.01,651,539028,卖盘
2593,11:15:54,8.29,0.01,2,1657,买盘
2594,11:15:51,8.28,-0.01,29,24011,卖盘
2595,11:15:48,8.29,--,1,828,买盘
2596,11:15:45,8.29,0.01,494,409525,买盘
2597,11:15:42,8.28,--,23,19044,卖盘
2598,11:15:33,8.28,--,8,6623,卖盘
2599,11:15:30,8.28,-0.01,192,158976,卖盘
2600,11:15:27,8.29,--,8,6631,买盘
2601,11:15:24,8.29,0.01,4,3315,买盘
2602,11:15:21,8.28,--,96,79488,卖盘
2603,11:15:18,8.28,-0.01,48,39744,卖盘
2604,11:15:12,8.29,0.01,41,33989,买盘
2605,11:15:06,8.28,--,14,11592,卖盘
2606,11:15:03,8.28,--,42,34776,卖盘
2607,11:15:00,8.28,--,260,215279,卖盘
2608,11:14:57,8.28,-0.01,24,19872,卖盘
2609,11:14:54,8.29,0.01,5,4145,买盘
2610,11:14:48,8.28,--,146,120887,卖盘
2611,11:14:45,8.28,--,6,4968,卖盘
2612,11:14:42,8.28,-0.01,66,54647,卖盘
2613,11:14:36,8.29,0.01,18,14921,买盘
2614,11:14:33,8.28,-0.01,197,163116,卖盘
2615,11:14:30,8.29,0.01,130,107769,买盘
2616,11:14:27,8.28,--,16,13247,卖盘
2617,11:14:24,8.28,-0.01,6,4968,卖盘
2618,11:14:15,8.29,--,1,828,买盘
2619,11:14:12,8.29,--,43,35646,买盘
2620,11:14:09,8.29,0.01,36,29843,买盘
2621,11:14:06,8.28,--,17,14075,卖盘
2622,11:14:03,8.28,-0.01,4,3311,卖盘
2623,11:14:00,8.29,--,74,61345,买盘
2624,11:13:57,8.29,0.01,13,10776,买盘
2625,11:13:54,8.28,--,53,43884,卖盘
2626,11:13:51,8.28,-0.01,5,4140,卖盘
2627,11:13:48,8.29,--,2,1657,买盘
2628,11:13:45,8.29,0.01,22,18237,买盘
2629,11:13:42,8.28,-0.01,140,115919,卖盘
2630,11:13:39,8.29,0.01,95,78754,买盘
2631,11:13:36,8.28,--,7,5796,卖盘
2632,11:13:33,8.28,--,320,264960,卖盘
2633,11:13:30,8.28,-0.01,469,388331,卖盘
2634,11:13:27,8.29,--,11,9118,买盘
2635,11:13:24,8.29,--,48,39791,买盘
2636,11:13:21,8.29,--,6,4973,买盘
2637,11:13:18,8.29,0.01,17,14092,买盘
2638,11:13:15,8.28,-0.01,62,51335,卖盘
2639,11:13:12,8.29,0.01,39,32330,买盘
2640,11:13:09,8.28,-0.01,14,11592,卖盘
2641,11:13:06,8.29,--,27,22382,买盘
2642,11:13:03,8.29,--,11,9118,买盘
2643,11:13:00,8.29,0.01,17,14092,买盘
2644,11:12:57,8.28,--,74,61271,卖盘
2645,11:12:54,8.28,-0.01,173,143244,卖盘
2646,11:12:51,8.29,--,331,274399,卖盘
2647,11:12:48,8.29,--,30,24869,卖盘
2648,11:12:45,8.29,0.01,203,168286,买盘
2649,11:12:42,8.28,-0.01,6,4968,卖盘
2650,11:12:39,8.29,-0.01,909,753560,卖盘
2651,11:12:36,8.3,0.01,188,156040,买盘
2652,11:12:33,8.29,-0.01,241,199788,卖盘
2653,11:12:30,8.3,--,22,18260,买盘
2654,11:12:27,8.3,0.01,62,51460,买盘
2655,11:12:24,8.29,--,40,33160,卖盘
2656,11:12:21,8.29,-0.01,54,44765,卖盘
2657,11:12:18,8.3,--,2949,2447670,买盘
2658,11:12:15,8.3,0.01,57,47310,买盘
2659,11:12:12,8.29,-0.01,190,157509,卖盘
2660,11:12:09,8.3,0.01,58,48140,买盘
2661,11:12:06,8.29,-0.01,2060,1707739,卖盘
2662,11:12:03,8.3,--,34,28220,买盘
2663,11:12:00,8.3,--,220,182600,买盘
2664,11:11:57,8.3,--,35,29050,买盘
2665,11:11:54,8.3,--,1,830,买盘
2666,11:11:51,8.3,0.01,26,21580,买盘
2667,11:11:48,8.29,-0.01,18,14921,卖盘
2668,11:11:45,8.3,--,20,16600,买盘
2669,11:11:42,8.3,0.01,131,108730,买盘
2670,11:11:39,8.29,--,24,19895,卖盘
2671,11:11:36,8.29,--,155,128494,卖盘
2672,11:11:30,8.29,--,2,1657,卖盘
2673,11:11:27,8.29,--,7,5802,卖盘
2674,11:11:21,8.29,--,695,576154,买盘
2675,11:11:18,8.29,--,362,300097,买盘
2676,11:11:15,8.29,--,2280,1890119,买盘
2677,11:11:12,8.29,--,1467,1216142,买盘
2678,11:11:09,8.29,--,684,567035,买盘
2679,11:11:06,8.29,--,106,87873,买盘
2680,11:11:03,8.29,0.01,318,263622,买盘
2681,11:11:00,8.28,-0.01,9,7451,卖盘
2682,11:10:57,8.29,0.01,24,19895,买盘
2683,11:10:54,8.28,-0.01,155,128339,卖盘
2684,11:10:48,8.29,--,142,117717,买盘
2685,11:10:45,8.29,0.01,4,3315,买盘
2686,11:10:42,8.28,--,40,33120,卖盘
2687,11:10:39,8.28,-0.01,174,144072,卖盘
2688,11:10:36,8.29,0.01,2,1657,买盘
2689,11:10:33,8.28,--,21,17388,卖盘
2690,11:10:30,8.28,-0.01,35,28979,卖盘
2691,11:10:27,8.29,0.01,223,184866,买盘
2692,11:10:24,8.28,--,117,96875,卖盘
2693,11:10:21,8.28,--,4,3311,卖盘
2694,11:10:18,8.28,-0.01,64,52991,卖盘
2695,11:10:15,8.29,0.01,3,2486,买盘
2696,11:10:12,8.28,-0.01,25,20700,卖盘
2697,11:10:09,8.29,0.01,67,55542,买盘
2698,11:10:06,8.28,-0.01,101,83628,卖盘
2699,11:10:03,8.29,--,58,48081,买盘
2700,11:10:00,8.29,0.01,328,271912,买盘
2701,11:09:57,8.28,-0.01,22,18216,卖盘
2702,11:09:54,8.29,--,2008,1664631,买盘
2703,11:09:51,8.29,--,2,1657,买盘
2704,11:09:48,8.29,--,10,8290,买盘
2705,11:09:42,8.29,0.01,248,205591,买盘
2706,11:09:39,8.28,--,329,272412,卖盘
2707,11:09:36,8.28,-0.01,61,50507,卖盘
2708,11:09:33,8.29,--,15,12434,买盘
2709,11:09:30,8.29,--,10,8290,买盘
2710,11:09:27,8.29,0.01,13,10776,买盘
2711,11:09:24,8.28,--,7,5796,卖盘
2712,11:09:21,8.28,-0.01,30,24839,卖盘
2713,11:09:18,8.29,--,6,4973,买盘
2714,11:09:15,8.29,0.01,2,1657,买盘
2715,11:09:12,8.28,-0.01,69,57131,卖盘
2716,11:09:09,8.29,--,69,57200,买盘
2717,11:09:06,8.29,--,63,52226,买盘
2718,11:09:03,8.29,--,85,70465,买盘
2719,11:09:00,8.29,0.01,113,93676,买盘
2720,11:08:57,8.28,-0.01,9,7451,卖盘
2721,11:08:54,8.29,--,21,17409,买盘
2722,11:08:51,8.29,0.01,54,44765,买盘
2723,11:08:48,8.28,--,18,14903,卖盘
2724,11:08:42,8.28,-0.01,202,167256,卖盘
2725,11:08:39,8.29,--,9,7460,买盘
2726,11:08:33,8.29,0.01,23,19066,买盘
2727,11:08:30,8.28,-0.01,7,5796,卖盘
2728,11:08:27,8.29,0.01,8,6631,买盘
2729,11:08:24,8.28,--,12,9936,卖盘
2730,11:08:21,8.28,--,88,72864,卖盘
2731,11:08:18,8.28,--,5,4140,卖盘
2732,11:08:15,8.28,-0.01,20,16560,卖盘
2733,11:08:12,8.29,--,3,2486,买盘
2734,11:08:09,8.29,0.01,58,48081,买盘
2735,11:08:06,8.28,-0.01,1,827,卖盘
2736,11:08:03,8.29,0.01,17,14092,买盘
2737,11:08:00,8.28,--,292,241775,卖盘
2738,11:07:57,8.28,--,19,15731,卖盘
2739,11:07:54,8.28,0.01,200,165600,买盘
2740,11:07:51,8.27,-0.01,27,22329,卖盘
2741,11:07:48,8.28,--,80,66240,买盘
2742,11:07:45,8.28,--,124,102671,卖盘
2743,11:07:42,8.28,--,117,96875,卖盘
2744,11:07:39,8.28,--,11,9108,卖盘
2745,11:07:36,8.28,--,1030,852839,买盘
2746,11:07:33,8.28,--,11,9108,买盘
2747,11:07:30,8.28,--,25,20700,买盘
2748,11:07:27,8.28,0.01,26,21528,买盘
2749,11:07:24,8.27,-0.01,5,4135,卖盘
2750,11:07:21,8.28,--,1,827,买盘
2751,11:07:18,8.28,--,64,52991,买盘
2752,11:07:15,8.28,0.01,81,67068,买盘
2753,11:07:12,8.27,-0.01,20,16540,卖盘
2754,11:07:09,8.28,--,95,78660,买盘
2755,11:07:06,8.28,0.01,211,174708,买盘
2756,11:07:03,8.27,--,13,10751,卖盘
2757,11:07:00,8.27,-0.01,4,3308,卖盘
2758,11:06:57,8.28,--,13,10764,买盘
2759,11:06:54,8.28,0.01,722,597816,买盘
2760,11:06:51,8.27,--,30,24810,卖盘
2761,11:06:45,8.27,--,168,138936,卖盘
2762,11:06:39,8.27,--,10,8270,卖盘
2763,11:06:36,8.27,-0.01,100,82700,卖盘
2764,11:06:33,8.28,0.01,3,2484,买盘
2765,11:06:30,8.27,--,10,8270,卖盘
2766,11:06:27,8.27,-0.01,60,49620,卖盘
2767,11:06:21,8.28,--,23,19044,买盘
2768,11:06:18,8.28,0.01,17,14075,买盘
2769,11:06:15,8.27,--,102,84354,卖盘
2770,11:06:12,8.27,--,59,48793,卖盘
2771,11:06:09,8.27,-0.01,323,267121,卖盘
2772,11:06:06,8.28,--,106,87768,买盘
2773,11:06:03,8.28,--,2,1655,买盘
2774,11:06:00,8.28,--,254,210311,买盘
2775,11:05:57,8.28,0.01,19,15731,买盘
2776,11:05:54,8.27,--,24,19848,卖盘
2777,11:05:51,8.27,-0.01,111,91797,卖盘
2778,11:05:48,8.28,--,248,205343,买盘
2779,11:05:45,8.28,--,75,62099,买盘
