,time,price,change,volume,amount,type
0,15:00:03,6.99,--,5045,3526455,买盘
1,14:57:00,6.99,0.01,44,30756,买盘
2,14:56:57,6.98,-0.01,160,111680,卖盘
3,14:56:54,6.99,--,577,403323,买盘
4,14:56:51,6.99,--,81,56619,买盘
5,14:56:48,6.99,--,33,23067,买盘
6,14:56:45,6.99,--,436,304764,买盘
7,14:56:42,6.99,-0.01,1118,781482,卖盘
8,14:56:39,7.0,0.01,251,175700,买盘
9,14:56:36,6.99,--,92,64308,卖盘
10,14:56:33,6.99,-0.01,2310,1614690,卖盘
11,14:56:30,7.0,--,396,277200,买盘
12,14:56:27,7.0,--,248,173600,买盘
13,14:56:24,7.0,--,33,23100,买盘
14,14:56:21,7.0,--,103,72100,买盘
15,14:56:18,7.0,--,113,79100,买盘
16,14:56:15,7.0,0.01,10,7000,买盘
17,14:56:12,6.99,--,23,16077,卖盘
18,14:56:09,6.99,-0.01,54,37746,卖盘
19,14:56:06,7.0,--,63,44100,买盘
20,14:56:03,7.0,--,72,50400,买盘
21,14:56:00,7.0,0.01,107,74900,买盘
22,14:55:57,6.99,-0.01,209,146091,卖盘
23,14:55:54,7.0,--,66,46200,买盘
24,14:55:48,7.0,0.01,10,7000,买盘
25,14:55:45,6.99,-0.01,217,151683,卖盘
26,14:55:42,7.0,--,33,23100,买盘
27,14:55:39,7.0,--,36,25200,买盘
28,14:55:36,7.0,--,13,9100,买盘
29,14:55:33,7.0,0.01,62,43400,买盘
30,14:55:30,6.99,-0.01,2233,1560867,卖盘
31,14:55:27,7.0,--,887,620900,卖盘
32,14:55:24,7.0,--,104,72800,卖盘
33,14:55:21,7.0,--,205,143500,卖盘
34,14:55:18,7.0,--,5,3500,卖盘
35,14:55:15,7.0,--,125,87500,卖盘
36,14:55:12,7.0,--,2170,1519000,买盘
37,14:55:09,7.0,--,36,25200,买盘
38,14:55:06,7.0,--,174,121800,买盘
39,14:55:03,7.0,--,59,41300,买盘
40,14:55:00,7.0,--,193,135100,买盘
41,14:54:57,7.0,--,66,46200,买盘
42,14:54:54,7.0,0.01,12,8400,买盘
43,14:54:51,6.99,-0.01,1982,1385418,卖盘
44,14:54:48,7.0,--,2491,1743700,卖盘
45,14:54:45,7.0,--,70,49000,卖盘
46,14:54:42,7.0,--,232,162400,卖盘
47,14:54:36,7.0,--,1552,1086400,买盘
48,14:54:33,7.0,--,38,26600,买盘
49,14:54:30,7.0,--,156,109200,买盘
50,14:54:27,7.0,--,162,113400,买盘
51,14:54:24,7.0,--,19,13300,买盘
52,14:54:21,7.0,--,30,21000,买盘
53,14:54:18,7.0,0.01,208,145600,买盘
54,14:54:15,6.99,-0.01,3937,2751963,卖盘
55,14:54:12,7.0,--,241,168700,卖盘
56,14:54:09,7.0,--,118,82600,卖盘
57,14:54:06,7.0,--,64,44800,卖盘
58,14:54:03,7.0,--,722,505400,卖盘
59,14:54:00,7.0,--,106,74200,卖盘
60,14:53:57,7.0,--,68,47600,卖盘
61,14:53:51,7.0,--,146,102200,卖盘
62,14:53:45,7.0,--,5,3500,卖盘
63,14:53:42,7.0,-0.01,81,56700,卖盘
64,14:53:39,7.01,0.01,343,240443,买盘
65,14:53:36,7.0,--,2163,1514100,卖盘
66,14:53:33,7.0,--,107,74900,卖盘
67,14:53:30,7.0,-0.01,151,105700,卖盘
68,14:53:27,7.01,0.01,140,98140,买盘
69,14:53:24,7.0,--,250,175000,买盘
70,14:53:21,7.0,--,11,7700,买盘
71,14:53:18,7.0,--,127,88900,买盘
72,14:53:15,7.0,--,1518,1062600,卖盘
73,14:53:12,7.0,--,97,67900,卖盘
74,14:53:09,7.0,--,126,88200,卖盘
75,14:53:03,7.0,--,540,378000,卖盘
76,14:53:00,7.0,0.01,4022,2815400,买盘
77,14:52:57,6.99,-0.01,6,4194,卖盘
78,14:52:54,7.0,0.01,106,74200,买盘
79,14:52:51,6.99,--,100,69900,卖盘
80,14:52:48,6.99,--,43,30057,卖盘
81,14:52:45,6.99,-0.01,148,103452,卖盘
82,14:52:42,7.0,0.01,123,86100,买盘
83,14:52:39,6.99,-0.01,189,132111,卖盘
84,14:52:36,7.0,--,624,436800,买盘
85,14:52:30,7.0,--,2380,1666000,卖盘
86,14:52:27,7.0,--,110,77000,卖盘
87,14:52:24,7.0,--,20,14000,卖盘
88,14:52:21,7.0,-0.01,100,70000,卖盘
89,14:52:18,7.01,0.01,40,28040,买盘
90,14:52:15,7.0,--,55,38500,卖盘
91,14:52:09,7.0,-0.01,29,20300,卖盘
92,14:52:06,7.01,0.01,14,9814,买盘
93,14:52:03,7.0,--,756,529200,卖盘
94,14:52:00,7.0,--,20,14000,卖盘
95,14:51:57,7.0,-0.01,119,83300,卖盘
96,14:51:51,7.01,0.01,128,89728,买盘
97,14:51:48,7.0,-0.01,79,55300,卖盘
98,14:51:42,7.01,--,33,23133,买盘
99,14:51:39,7.01,--,32,22432,买盘
100,14:51:36,7.01,0.01,10,7010,买盘
101,14:51:33,7.0,--,378,264600,卖盘
102,14:51:30,7.0,-0.01,121,84700,卖盘
103,14:51:27,7.01,--,285,199785,买盘
104,14:51:24,7.01,0.01,20,14020,买盘
105,14:51:21,7.0,--,233,163100,卖盘
106,14:51:18,7.0,--,169,118300,卖盘
107,14:51:15,7.0,-0.01,42,29400,卖盘
108,14:51:12,7.01,--,223,156323,卖盘
109,14:51:09,7.01,--,111,77811,买盘
110,14:51:06,7.01,--,99,69399,买盘
111,14:51:03,7.01,0.01,1012,709412,买盘
112,14:51:00,7.0,--,20,14000,卖盘
113,14:50:57,7.0,-0.02,13,9100,卖盘
114,14:50:54,7.02,0.01,210,147420,买盘
115,14:50:51,7.01,0.01,42,29442,买盘
116,14:50:48,7.0,--,53,37100,卖盘
117,14:50:45,7.0,--,25,17500,卖盘
118,14:50:42,7.0,--,516,361200,卖盘
119,14:50:39,7.0,-0.01,1000,700000,卖盘
120,14:50:36,7.01,0.01,111,77811,买盘
121,14:50:33,7.0,--,270,189000,卖盘
122,14:50:30,7.0,--,4,2800,卖盘
123,14:50:27,7.0,--,92,64400,卖盘
124,14:50:21,7.0,--,110,77000,卖盘
125,14:50:18,7.0,--,51,35700,卖盘
126,14:50:15,7.0,--,7,4900,卖盘
127,14:50:12,7.0,0.01,39,27300,买盘
128,14:50:09,6.99,--,89,62211,卖盘
129,14:50:06,6.99,-0.02,52,36348,卖盘
130,14:50:03,7.01,--,131,92111,卖盘
131,14:50:00,7.01,0.01,5628,3945648,买盘
132,14:49:57,7.0,--,76,53200,买盘
133,14:49:54,7.0,--,77,53900,买盘
134,14:49:51,7.0,--,169,118300,买盘
135,14:49:48,7.0,--,85,59500,买盘
136,14:49:45,7.0,--,246,172200,买盘
137,14:49:42,7.0,-0.01,521,364700,卖盘
138,14:49:39,7.01,0.01,30,21030,买盘
139,14:49:36,7.0,-0.01,5,3500,卖盘
140,14:49:33,7.01,0.01,419,293719,买盘
141,14:49:30,7.0,-0.01,64,44800,卖盘
142,14:49:27,7.01,--,2054,1439854,买盘
143,14:49:24,7.01,0.01,19,13319,买盘
144,14:49:21,7.0,-0.01,176,123200,卖盘
145,14:49:18,7.01,0.01,106,74306,买盘
146,14:49:15,7.0,-0.01,3,2100,卖盘
147,14:49:12,7.01,0.01,401,281101,买盘
148,14:49:09,7.0,-0.01,80,56000,卖盘
149,14:49:06,7.01,0.01,86,60286,买盘
150,14:49:03,7.0,--,205,143500,卖盘
151,14:49:00,7.0,--,118,82600,卖盘
152,14:48:57,7.0,--,110,77000,卖盘
153,14:48:54,7.0,--,135,94500,卖盘
154,14:48:51,7.0,--,28,19600,卖盘
155,14:48:48,7.0,-0.01,2,1400,卖盘
156,14:48:45,7.01,0.01,592,414992,买盘
157,14:48:42,7.0,--,79,55300,卖盘
158,14:48:39,7.0,-0.01,265,185500,卖盘
159,14:48:36,7.01,0.01,73,51173,买盘
160,14:48:33,7.0,--,336,235200,卖盘
161,14:48:30,7.0,--,158,110600,卖盘
162,14:48:27,7.0,--,74,51800,卖盘
163,14:48:24,7.0,--,91,63700,卖盘
164,14:48:21,7.0,--,5,3500,卖盘
165,14:48:18,7.0,--,1534,1073800,买盘
166,14:48:15,7.0,0.01,111,77700,买盘
167,14:48:12,6.99,--,70,48930,卖盘
168,14:48:09,6.99,-0.01,152,106248,卖盘
169,14:48:06,7.0,0.01,104,72800,买盘
170,14:48:03,6.99,-0.01,101,70599,卖盘
171,14:48:00,7.0,0.01,61,42700,买盘
172,14:47:57,6.99,-0.01,99,69201,卖盘
173,14:47:54,7.0,--,97,67900,买盘
174,14:47:51,7.0,0.01,71,49700,买盘
175,14:47:48,6.99,-0.02,32,22368,卖盘
176,14:47:45,7.01,0.01,307,215207,买盘
177,14:47:42,7.0,-0.01,2,1400,卖盘
178,14:47:39,7.01,--,241,168941,买盘
179,14:47:36,7.01,0.01,44,30844,买盘
180,14:47:33,7.0,--,6,4200,卖盘
181,14:47:30,7.0,-0.01,7,4900,卖盘
182,14:47:27,7.01,0.01,54,37854,买盘
183,14:47:24,7.0,0.01,33,23100,中性盘
184,14:47:21,6.99,-0.01,533,372567,卖盘
185,14:47:18,7.0,--,113,79100,卖盘
186,14:47:15,7.0,-0.01,1126,788200,卖盘
187,14:47:12,7.01,--,1019,714319,买盘
188,14:47:06,7.01,--,167,117067,买盘
189,14:47:00,7.01,--,72,50472,买盘
190,14:46:57,7.01,--,136,95336,买盘
191,14:46:54,7.01,0.01,165,115665,买盘
192,14:46:51,7.0,--,1320,924000,卖盘
193,14:46:45,7.0,-0.01,460,322000,卖盘
194,14:46:42,7.01,0.01,159,111459,买盘
195,14:46:39,7.0,--,58,40600,卖盘
196,14:46:36,7.0,--,36,25200,卖盘
197,14:46:33,7.0,--,398,278600,卖盘
198,14:46:30,7.0,--,33,23100,卖盘
199,14:46:27,7.0,--,15,10500,卖盘
200,14:46:24,7.0,-0.01,200,140000,卖盘
201,14:46:21,7.01,0.01,143,100243,买盘
202,14:46:18,7.0,--,120,84000,卖盘
203,14:46:15,7.0,--,16,11200,卖盘
204,14:46:12,7.0,--,8,5600,卖盘
205,14:46:09,7.0,--,64,44800,卖盘
206,14:46:06,7.0,--,35,24500,卖盘
207,14:46:03,7.0,-0.01,30,21000,卖盘
208,14:46:00,7.01,0.01,1028,720628,买盘
209,14:45:57,7.0,--,58,40600,卖盘
210,14:45:54,7.0,--,130,91000,卖盘
211,14:45:51,7.0,-0.01,106,74200,卖盘
212,14:45:48,7.01,--,53,37153,买盘
213,14:45:45,7.01,0.01,502,351902,买盘
214,14:45:42,7.0,--,230,161000,卖盘
215,14:45:39,7.0,-0.01,333,233100,卖盘
216,14:45:36,7.01,--,93,65193,买盘
217,14:45:33,7.01,--,176,123376,买盘
218,14:45:30,7.01,--,12,8412,买盘
219,14:45:27,7.01,0.01,74,51874,买盘
220,14:45:24,7.0,-0.01,992,694400,卖盘
221,14:45:21,7.01,0.01,135,94635,买盘
222,14:45:18,7.0,--,103,72100,卖盘
223,14:45:15,7.0,-0.01,70,49000,卖盘
224,14:45:12,7.01,--,20,14020,买盘
225,14:45:09,7.01,0.01,5,3505,买盘
226,14:45:06,7.0,-0.01,27,18900,卖盘
227,14:45:03,7.01,--,377,264277,买盘
228,14:45:00,7.01,--,60,42060,买盘
229,14:44:57,7.01,0.01,4,2804,买盘
230,14:44:54,7.0,--,69,48300,卖盘
231,14:44:51,7.0,-0.01,19,13300,卖盘
232,14:44:48,7.01,0.01,320,224320,买盘
233,14:44:45,7.0,-0.01,453,317100,卖盘
234,14:44:42,7.01,0.01,86,60286,买盘
235,14:44:39,7.0,--,54,37800,卖盘
236,14:44:36,7.0,--,69,48300,卖盘
237,14:44:33,7.0,--,38,26600,卖盘
238,14:44:30,7.0,--,232,162400,卖盘
239,14:44:27,7.0,-0.01,173,121100,卖盘
240,14:44:24,7.01,0.01,28,19628,买盘
241,14:44:21,7.0,-0.01,32,22400,卖盘
242,14:44:18,7.01,--,41,28741,买盘
243,14:44:15,7.01,0.01,53,37153,买盘
244,14:44:12,7.0,-0.01,20,14000,卖盘
245,14:44:09,7.01,--,86,60286,买盘
246,14:44:06,7.01,0.01,82,57482,买盘
247,14:44:03,7.0,--,85,59500,卖盘
248,14:43:57,7.0,--,100,70000,卖盘
249,14:43:54,7.0,--,32,22400,卖盘
250,14:43:48,7.0,-0.01,857,599900,卖盘
251,14:43:45,7.01,--,270,189270,买盘
252,14:43:42,7.01,0.01,32,22432,买盘
253,14:43:39,7.0,-0.01,72,50400,卖盘
254,14:43:36,7.01,0.01,225,157725,买盘
255,14:43:33,7.0,0.01,762,533400,买盘
256,14:43:30,6.99,-0.01,3,2097,卖盘
257,14:43:27,7.0,--,39,27300,买盘
258,14:43:24,7.0,--,152,106400,买盘
259,14:43:21,7.0,--,302,211400,卖盘
260,14:43:18,7.0,--,546,382200,卖盘
261,14:43:15,7.0,-0.01,463,324100,卖盘
262,14:43:12,7.01,--,58,40658,买盘
263,14:43:09,7.01,0.01,33,23133,买盘
264,14:43:06,7.0,-0.01,8,5600,卖盘
265,14:43:03,7.01,0.01,184,128984,买盘
266,14:43:00,7.0,--,74,51800,卖盘
267,14:42:54,7.0,-0.01,101,70700,卖盘
268,14:42:51,7.01,0.01,67,46967,买盘
269,14:42:48,7.0,-0.01,168,117600,卖盘
270,14:42:45,7.01,0.01,452,316852,买盘
271,14:42:42,7.0,-0.01,13,9100,卖盘
272,14:42:39,7.01,0.01,116,81316,买盘
273,14:42:36,7.0,--,20,14000,卖盘
274,14:42:33,7.0,-0.01,248,173600,卖盘
275,14:42:30,7.01,0.01,62,43462,买盘
276,14:42:27,7.0,--,16,11200,卖盘
277,14:42:24,7.0,--,8,5600,卖盘
278,14:42:21,7.0,--,123,86100,卖盘
279,14:42:18,7.0,-0.01,1124,786800,卖盘
280,14:42:15,7.01,--,17,11917,买盘
281,14:42:12,7.01,--,104,72904,买盘
282,14:42:09,7.01,--,26,18226,买盘
283,14:42:06,7.01,--,145,101645,买盘
284,14:42:03,7.01,0.01,855,599355,买盘
285,14:42:00,7.0,-0.01,5,3500,卖盘
286,14:41:57,7.01,--,65,45565,买盘
287,14:41:51,7.01,0.01,91,63791,买盘
288,14:41:48,7.0,--,77,53900,卖盘
289,14:41:45,7.0,--,768,537600,卖盘
290,14:41:42,7.0,-0.01,130,91000,卖盘
291,14:41:39,7.01,--,4,2804,买盘
292,14:41:36,7.01,--,20,14020,买盘
293,14:41:33,7.01,0.01,57,39957,买盘
294,14:41:30,7.0,--,1,700,卖盘
295,14:41:27,7.0,--,53,37100,卖盘
296,14:41:24,7.0,-0.01,115,80500,卖盘
297,14:41:21,7.01,--,157,110057,买盘
298,14:41:15,7.01,0.01,53,37153,买盘
299,14:41:12,7.0,-0.01,1078,754600,卖盘
300,14:41:06,7.01,0.01,273,191373,买盘
301,14:41:03,7.0,-0.01,31,21700,卖盘
302,14:41:00,7.01,--,57,39957,买盘
303,14:40:57,7.01,0.01,109,76409,买盘
304,14:40:54,7.0,-0.01,10,7000,卖盘
305,14:40:51,7.01,0.01,75,52575,买盘
306,14:40:48,7.0,--,92,64400,卖盘
307,14:40:45,7.0,--,467,326900,卖盘
308,14:40:42,7.0,--,238,166600,卖盘
309,14:40:39,7.0,--,105,73500,卖盘
310,14:40:36,7.0,--,2,1400,卖盘
311,14:40:33,7.0,--,62,43400,卖盘
312,14:40:30,7.0,-0.01,39,27300,卖盘
313,14:40:27,7.01,0.01,80,56080,买盘
314,14:40:24,7.0,--,39,27300,卖盘
315,14:40:21,7.0,-0.01,456,319200,卖盘
316,14:40:18,7.01,0.01,94,65894,买盘
317,14:40:15,7.0,--,29,20300,卖盘
318,14:40:12,7.0,-0.01,50,35000,卖盘
319,14:40:09,7.01,0.01,109,76409,买盘
320,14:40:06,7.0,--,67,46900,卖盘
321,14:40:03,7.0,-0.01,20,14000,卖盘
322,14:40:00,7.01,0.01,110,77110,买盘
323,14:39:57,7.0,--,14,9800,卖盘
324,14:39:54,7.0,0.01,144,100800,买盘
325,14:39:51,6.99,--,20,13980,买盘
326,14:39:48,6.99,--,53,37047,买盘
327,14:39:45,6.99,-0.01,318,222282,卖盘
328,14:39:42,7.0,--,562,393400,买盘
329,14:39:39,7.0,0.01,117,81900,买盘
330,14:39:36,6.99,-0.01,14,9786,卖盘
331,14:39:33,7.0,--,577,403900,买盘
332,14:39:30,7.0,0.01,24,16800,买盘
333,14:39:24,6.99,--,297,207603,卖盘
334,14:39:21,6.99,--,269,188031,卖盘
335,14:39:18,6.99,-0.01,48,33552,卖盘
336,14:39:15,7.0,--,46,32200,买盘
337,14:39:12,7.0,0.01,357,249900,买盘
338,14:39:09,6.99,--,82,57318,卖盘
339,14:39:06,6.99,-0.01,47,32853,中性盘
340,14:39:03,7.0,0.01,1628,1139600,买盘
341,14:39:00,6.99,--,71,49629,买盘
342,14:38:54,6.99,--,516,360684,卖盘
343,14:38:51,6.99,--,180,125820,卖盘
344,14:38:48,6.99,-0.01,88,61512,卖盘
345,14:38:45,7.0,0.01,453,317100,买盘
346,14:38:42,6.99,--,329,229971,卖盘
347,14:38:39,6.99,-0.01,12,8388,卖盘
348,14:38:36,7.0,--,62,43400,买盘
349,14:38:33,7.0,0.01,283,198100,买盘
350,14:38:30,6.99,--,112,78288,卖盘
351,14:38:27,6.99,-0.01,26,18174,卖盘
352,14:38:24,7.0,0.01,355,248500,买盘
353,14:38:21,6.99,--,100,69900,卖盘
354,14:38:18,6.99,--,59,41241,卖盘
355,14:38:15,6.99,--,326,227874,买盘
356,14:38:12,6.99,--,402,280998,买盘
357,14:38:09,6.99,--,72,50328,买盘
358,14:38:06,6.99,-0.01,49,34251,卖盘
359,14:38:03,7.0,0.01,633,443100,买盘
360,14:38:00,6.99,--,46,32154,卖盘
361,14:37:57,6.99,--,19,13281,卖盘
362,14:37:54,6.99,-0.01,549,384170,卖盘
363,14:37:51,7.0,0.02,63,44100,买盘
364,14:37:48,6.98,-0.02,258,180084,卖盘
365,14:37:45,7.0,--,254,177800,买盘
366,14:37:42,7.0,0.01,805,563500,买盘
367,14:37:39,6.99,0.01,280,195720,买盘
368,14:37:36,6.98,-0.01,7,4886,卖盘
369,14:37:33,6.99,--,320,223680,买盘
370,14:37:30,6.99,0.01,361,252339,买盘
371,14:37:27,6.98,-0.01,84,58632,卖盘
372,14:37:24,6.99,--,315,220185,买盘
373,14:37:21,6.99,--,370,258630,买盘
374,14:37:18,6.99,0.01,1178,823422,买盘
375,14:37:15,6.98,-0.01,217,151466,卖盘
376,14:37:12,6.99,--,293,204807,买盘
377,14:37:09,6.99,0.01,138,96462,买盘
378,14:37:06,6.98,--,2,1396,卖盘
379,14:37:03,6.98,--,305,212890,卖盘
380,14:37:00,6.98,-0.01,119,83062,卖盘
381,14:36:57,6.99,--,111,77589,卖盘
382,14:36:54,6.99,--,282,197118,卖盘
383,14:36:51,6.99,0.01,3,2097,中性盘
384,14:36:48,6.98,-0.02,70,48860,卖盘
385,14:36:45,7.0,0.01,487,340900,买盘
386,14:36:42,6.99,0.01,373,260727,买盘
387,14:36:39,6.98,-0.01,7,4886,卖盘
388,14:36:36,6.99,-0.01,458,320142,卖盘
389,14:36:33,7.0,0.01,278,194600,买盘
390,14:36:30,6.99,--,9,6291,卖盘
391,14:36:27,6.99,-0.01,31,21669,卖盘
392,14:36:24,7.0,--,399,279300,买盘
393,14:36:21,7.0,--,18,12600,买盘
394,14:36:18,7.0,--,121,84700,买盘
395,14:36:15,7.0,--,36,25200,买盘
396,14:36:12,7.0,--,398,278600,买盘
397,14:36:06,7.0,--,142,99400,卖盘
398,14:36:03,7.0,--,193,135100,买盘
399,14:36:00,7.0,--,11,7700,买盘
400,14:35:57,7.0,--,229,160300,卖盘
401,14:35:54,7.0,-0.01,527,368900,卖盘
402,14:35:51,7.01,0.01,142,99542,买盘
403,14:35:48,7.0,--,289,202300,卖盘
404,14:35:45,7.0,--,319,223300,卖盘
405,14:35:42,7.0,--,35,24500,卖盘
406,14:35:39,7.0,--,144,100800,卖盘
407,14:35:36,7.0,--,33,23100,卖盘
408,14:35:33,7.0,--,123,86100,卖盘
409,14:35:30,7.0,0.01,2319,1623300,买盘
410,14:35:27,6.99,-0.01,323,225777,卖盘
411,14:35:24,7.0,0.01,93,65100,买盘
412,14:35:21,6.99,--,134,93666,卖盘
413,14:35:18,6.99,--,435,304065,买盘
414,14:35:15,6.99,0.01,309,215991,买盘
415,14:35:12,6.98,--,128,89344,卖盘
416,14:35:09,6.98,-0.02,105,73290,卖盘
417,14:35:06,7.0,0.02,461,322700,买盘
418,14:35:03,6.98,-0.01,269,187762,卖盘
419,14:35:00,6.99,0.01,24,16776,中性盘
420,14:34:57,6.98,--,406,283388,卖盘
421,14:34:54,6.98,--,257,179386,卖盘
422,14:34:48,6.98,--,348,242904,卖盘
423,14:34:45,6.98,--,373,260354,卖盘
424,14:34:42,6.98,-0.01,229,159842,卖盘
425,14:34:39,6.99,--,34,23766,卖盘
426,14:34:36,6.99,-0.01,358,250242,卖盘
427,14:34:33,7.0,--,95,66500,买盘
428,14:34:30,7.0,--,136,95200,买盘
429,14:34:27,7.0,0.01,364,254800,买盘
430,14:34:24,6.99,--,102,71298,卖盘
431,14:34:21,6.99,-0.01,6,4194,中性盘
432,14:34:18,7.0,0.01,676,473200,买盘
433,14:34:15,6.99,-0.01,39,27261,卖盘
434,14:34:12,7.0,0.01,143,100100,买盘
435,14:34:09,6.99,-0.01,38,26562,中性盘
436,14:34:06,7.0,0.01,335,234500,买盘
437,14:34:03,6.99,-0.01,118,82482,买盘
438,14:34:00,7.0,--,249,174300,买盘
439,14:33:57,7.0,0.02,343,240100,买盘
440,14:33:54,6.98,--,49,34202,卖盘
441,14:33:51,6.98,-0.02,13,9074,卖盘
442,14:33:48,7.0,0.02,358,250600,买盘
443,14:33:45,6.98,--,77,53746,卖盘
444,14:33:42,6.98,--,88,61424,卖盘
445,14:33:39,6.98,--,185,129130,卖盘
446,14:33:36,6.98,--,845,589810,卖盘
447,14:33:33,6.98,--,233,162634,卖盘
448,14:33:30,6.98,-0.01,138,96324,卖盘
449,14:33:27,6.99,0.01,655,457845,买盘
450,14:33:24,6.98,--,24,16752,卖盘
451,14:33:21,6.98,--,2720,1898560,卖盘
452,14:33:18,6.98,-0.01,540,376920,卖盘
453,14:33:15,6.99,--,336,234864,买盘
454,14:33:12,6.99,0.01,63,44037,买盘
455,14:33:09,6.98,--,294,205212,卖盘
456,14:33:06,6.98,--,489,341322,卖盘
457,14:33:03,6.98,--,139,97022,卖盘
458,14:33:00,6.98,-0.01,61,42578,卖盘
459,14:32:57,6.99,--,385,269115,买盘
460,14:32:54,6.99,--,465,325035,买盘
461,14:32:51,6.99,0.01,34,23766,买盘
462,14:32:48,6.98,-0.01,64,44672,卖盘
463,14:32:45,6.99,--,5,3495,买盘
464,14:32:42,6.99,-0.01,228,159372,卖盘
465,14:32:39,7.0,0.01,474,331800,买盘
466,14:32:36,6.99,--,245,171255,卖盘
467,14:32:33,6.99,--,393,274707,卖盘
468,14:32:30,6.99,--,543,379557,卖盘
469,14:32:27,6.99,--,420,293580,卖盘
470,14:32:24,6.99,--,1064,743736,卖盘
471,14:32:21,6.99,--,2377,1661523,卖盘
472,14:32:18,6.99,--,215,150285,卖盘
473,14:32:15,6.99,--,111,77589,卖盘
474,14:32:12,6.99,--,82,57318,卖盘
475,14:32:09,6.99,--,517,361383,卖盘
476,14:32:06,6.99,--,242,169158,卖盘
477,14:32:03,6.99,--,48,33552,卖盘
478,14:32:00,6.99,-0.01,451,315249,卖盘
479,14:31:57,7.0,--,363,254100,买盘
480,14:31:54,7.0,--,47,32900,买盘
481,14:31:51,7.0,--,4,2800,买盘
482,14:31:48,7.0,--,1665,1165500,卖盘
483,14:31:45,7.0,--,5369,3758300,卖盘
484,14:31:42,7.0,--,798,558600,卖盘
485,14:31:39,7.0,--,376,263200,卖盘
486,14:31:36,7.0,--,182,127400,卖盘
487,14:31:33,7.0,--,312,218400,卖盘
488,14:31:30,7.0,--,1537,1075900,卖盘
489,14:31:27,7.0,-0.01,2041,1428700,卖盘
490,14:31:24,7.01,0.01,302,211702,买盘
491,14:31:21,7.0,-0.01,140,98000,卖盘
492,14:31:18,7.01,0.01,59,41359,买盘
493,14:31:15,7.0,--,1398,978600,卖盘
494,14:31:12,7.0,--,244,170800,卖盘
495,14:31:06,7.0,-0.01,42,29400,卖盘
496,14:31:03,7.01,0.01,65,45565,买盘
497,14:31:00,7.0,-0.01,121,84700,卖盘
498,14:30:57,7.01,0.01,125,87625,买盘
499,14:30:54,7.0,-0.01,151,105700,卖盘
500,14:30:51,7.01,0.01,572,400972,买盘
501,14:30:48,7.0,--,219,153300,卖盘
502,14:30:45,7.0,--,1088,761600,卖盘
503,14:30:42,7.0,--,177,123900,卖盘
504,14:30:39,7.0,--,60,42000,卖盘
505,14:30:33,7.0,-0.01,140,98000,卖盘
506,14:30:30,7.01,0.01,97,67997,买盘
507,14:30:27,7.0,--,508,355600,卖盘
508,14:30:24,7.0,--,26,18200,卖盘
509,14:30:21,7.0,-0.01,476,333200,卖盘
510,14:30:18,7.01,--,313,219413,买盘
511,14:30:15,7.01,0.01,262,183662,买盘
512,14:30:12,7.0,-0.01,101,70700,卖盘
513,14:30:09,7.01,--,503,352603,买盘
514,14:30:06,7.01,0.01,10,7010,买盘
515,14:30:03,7.0,--,214,149800,卖盘
516,14:30:00,7.0,-0.01,301,210700,卖盘
517,14:29:57,7.01,0.01,77,53977,买盘
518,14:29:54,7.0,-0.01,60,42000,卖盘
519,14:29:48,7.01,--,44,30844,买盘
520,14:29:45,7.01,--,637,446537,买盘
521,14:29:42,7.01,0.01,1,701,买盘
522,14:29:39,7.0,-0.01,23,16100,卖盘
523,14:29:36,7.01,0.01,326,228526,买盘
524,14:29:33,7.0,-0.01,284,198800,卖盘
525,14:29:30,7.01,--,160,112160,买盘
526,14:29:27,7.01,--,30,21030,买盘
527,14:29:24,7.01,--,133,93233,买盘
528,14:29:21,7.01,0.01,814,570614,买盘
529,14:29:18,7.0,--,45,31500,卖盘
530,14:29:15,7.0,-0.01,926,648200,卖盘
531,14:29:12,7.01,--,414,290214,买盘
532,14:29:06,7.01,0.01,45,31545,买盘
533,14:29:03,7.0,--,378,264600,卖盘
534,14:29:00,7.0,-0.01,68,47600,卖盘
535,14:28:57,7.01,0.01,1,701,买盘
536,14:28:54,7.0,--,255,178500,卖盘
537,14:28:48,7.0,-0.01,206,144200,卖盘
538,14:28:45,7.01,0.01,44,30844,买盘
539,14:28:42,7.0,--,290,203000,卖盘
540,14:28:39,7.0,-0.01,197,137900,卖盘
541,14:28:36,7.01,0.01,58,40658,买盘
542,14:28:33,7.0,--,2,1400,卖盘
543,14:28:30,7.0,--,94,65800,卖盘
544,14:28:27,7.0,-0.01,3,2100,卖盘
545,14:28:21,7.01,--,181,126881,买盘
546,14:28:18,7.01,--,142,99542,买盘
547,14:28:15,7.01,0.01,281,196981,买盘
548,14:28:12,7.0,--,402,281400,卖盘
549,14:28:09,7.0,-0.01,30,21000,卖盘
550,14:28:06,7.01,0.01,95,66595,买盘
551,14:28:03,7.0,-0.01,11,7700,卖盘
552,14:28:00,7.01,--,201,140901,买盘
553,14:27:57,7.01,0.01,134,93934,买盘
554,14:27:54,7.0,-0.01,378,264600,卖盘
555,14:27:51,7.01,--,46,32246,买盘
556,14:27:48,7.01,--,202,141602,买盘
557,14:27:45,7.01,--,253,177353,买盘
558,14:27:42,7.01,--,297,208197,买盘
559,14:27:39,7.01,--,379,265938,卖盘
560,14:27:36,7.01,-0.01,2,1402,卖盘
561,14:27:33,7.02,0.01,90,63179,买盘
562,14:27:30,7.01,--,354,248154,卖盘
563,14:27:27,7.01,--,51,35751,卖盘
564,14:27:24,7.01,-0.01,44,30844,卖盘
565,14:27:21,7.02,0.01,133,93366,买盘
566,14:27:18,7.01,--,116,81316,卖盘
567,14:27:15,7.01,-0.01,260,182260,卖盘
568,14:27:12,7.02,0.01,226,158652,买盘
569,14:27:09,7.01,--,138,96738,卖盘
570,14:27:06,7.01,--,158,110758,卖盘
571,14:27:03,7.01,-0.01,11,7711,卖盘
572,14:27:00,7.02,--,289,202878,买盘
573,14:26:57,7.02,0.01,29,20358,买盘
574,14:26:54,7.01,--,27,18927,卖盘
575,14:26:51,7.01,-0.01,277,194177,卖盘
576,14:26:48,7.02,0.01,329,230958,买盘
577,14:26:45,7.01,-0.01,129,90429,卖盘
578,14:26:42,7.02,0.01,123,86346,买盘
579,14:26:39,7.01,--,252,176652,卖盘
580,14:26:36,7.01,--,431,302131,卖盘
581,14:26:33,7.01,--,16,11216,卖盘
582,14:26:30,7.01,--,87,60987,卖盘
583,14:26:27,7.01,--,191,133891,卖盘
584,14:26:24,7.01,--,73,51173,卖盘
585,14:26:21,7.01,--,106,74306,卖盘
586,14:26:18,7.01,--,98,68698,卖盘
587,14:26:15,7.01,--,69,48369,卖盘
588,14:26:12,7.01,-0.01,156,109356,卖盘
589,14:26:09,7.02,0.01,516,362232,买盘
590,14:26:06,7.01,--,65,45565,卖盘
591,14:26:03,7.01,--,101,70801,卖盘
592,14:26:00,7.01,--,56,39256,卖盘
593,14:25:57,7.01,--,6,4206,卖盘
594,14:25:54,7.01,-0.01,66,46266,卖盘
595,14:25:48,7.02,0.01,266,186732,买盘
596,14:25:45,7.01,-0.01,138,96738,卖盘
597,14:25:42,7.02,0.01,250,175500,买盘
598,14:25:39,7.01,--,142,99542,卖盘
599,14:25:36,7.01,-0.01,254,178054,卖盘
600,14:25:33,7.02,0.01,58,40716,买盘
601,14:25:30,7.01,-0.01,356,249556,卖盘
602,14:25:27,7.02,0.01,1,702,买盘
603,14:25:21,7.01,-0.01,108,75708,卖盘
604,14:25:18,7.02,--,624,438048,买盘
605,14:25:15,7.02,--,102,71604,买盘
606,14:25:12,7.02,--,52,36504,买盘
607,14:25:09,7.02,--,137,96174,买盘
608,14:25:06,7.02,0.01,4,2808,买盘
609,14:25:03,7.01,-0.01,580,406580,卖盘
610,14:25:00,7.02,--,209,146718,买盘
611,14:24:57,7.02,0.01,153,107406,买盘
612,14:24:51,7.01,-0.01,91,63791,卖盘
613,14:24:48,7.02,0.01,59,41418,买盘
614,14:24:45,7.01,--,10,7010,卖盘
615,14:24:42,7.01,--,49,34349,卖盘
616,14:24:36,7.01,-0.01,174,121974,卖盘
617,14:24:33,7.02,0.01,345,242189,买盘
618,14:24:30,7.01,-0.01,359,251659,卖盘
619,14:24:27,7.02,--,1,702,买盘
620,14:24:24,7.02,0.01,192,134784,买盘
621,14:24:21,7.01,-0.01,60,42060,卖盘
622,14:24:18,7.02,0.01,244,171288,买盘
623,14:24:15,7.01,--,112,78512,卖盘
624,14:24:12,7.01,-0.01,59,41359,卖盘
625,14:24:09,7.02,0.01,124,87048,买盘
626,14:24:06,7.01,--,91,63791,卖盘
627,14:24:03,7.01,--,185,129685,卖盘
628,14:24:00,7.01,--,1,701,卖盘
629,14:23:57,7.01,-0.01,60,42060,卖盘
630,14:23:54,7.02,--,5,3510,买盘
631,14:23:51,7.02,0.01,154,108108,买盘
632,14:23:48,7.01,-0.01,8,5608,卖盘
633,14:23:45,7.02,--,88,61775,买盘
634,14:23:42,7.02,0.01,171,120041,买盘
635,14:23:36,7.01,-0.01,5,3505,卖盘
636,14:23:33,7.02,--,76,53352,买盘
637,14:23:30,7.02,0.01,385,270270,买盘
638,14:23:27,7.01,-0.01,10,7010,卖盘
639,14:23:21,7.02,--,9,6318,买盘
640,14:23:18,7.02,--,124,87048,买盘
641,14:23:15,7.02,0.01,254,178308,买盘
642,14:23:12,7.01,-0.01,225,157725,卖盘
643,14:23:09,7.02,0.01,59,41418,买盘
644,14:23:03,7.01,--,12,8412,卖盘
645,14:23:00,7.01,--,47,32947,卖盘
646,14:22:57,7.01,-0.01,60,42060,卖盘
647,14:22:54,7.02,0.01,40,28080,买盘
648,14:22:51,7.01,-0.01,144,100944,卖盘
649,14:22:48,7.02,--,182,127763,买盘
650,14:22:45,7.02,0.01,295,207090,买盘
651,14:22:39,7.01,-0.01,2,1402,卖盘
652,14:22:36,7.02,0.01,69,48438,买盘
653,14:22:33,7.01,--,36,25236,卖盘
654,14:22:27,7.01,-0.01,27,18927,卖盘
655,14:22:24,7.02,0.01,58,40716,买盘
656,14:22:21,7.01,-0.01,100,70100,卖盘
657,14:22:15,7.02,--,28,19656,买盘
658,14:22:12,7.02,--,156,109512,买盘
659,14:22:09,7.02,0.01,161,113022,买盘
660,14:22:03,7.01,-0.01,179,125479,卖盘
661,14:22:00,7.02,--,4,2808,买盘
662,14:21:57,7.02,--,249,174798,买盘
663,14:21:54,7.02,--,47,32994,买盘
664,14:21:51,7.02,0.01,63,44226,买盘
665,14:21:45,7.01,--,245,171745,卖盘
666,14:21:42,7.01,-0.01,10,7010,卖盘
667,14:21:39,7.02,0.01,59,41418,买盘
668,14:21:36,7.01,-0.01,12,8412,卖盘
669,14:21:33,7.02,--,21,14742,买盘
670,14:21:30,7.02,0.01,63,44226,买盘
671,14:21:27,7.01,-0.01,240,168240,卖盘
672,14:21:24,7.02,0.01,135,94770,买盘
673,14:21:21,7.01,-0.01,672,471072,卖盘
674,14:21:18,7.02,--,367,257633,买盘
675,14:21:15,7.02,0.01,254,178308,买盘
676,14:21:12,7.01,-0.01,73,51173,卖盘
677,14:21:09,7.02,--,88,61775,买盘
678,14:21:06,7.02,0.01,65,45630,买盘
679,14:21:03,7.01,-0.01,121,84821,卖盘
680,14:20:57,7.02,--,139,97578,买盘
681,14:20:54,7.02,--,14,9828,买盘
682,14:20:51,7.02,--,56,39312,买盘
683,14:20:48,7.02,--,11,7721,买盘
684,14:20:45,7.02,--,370,259739,买盘
685,14:20:42,7.02,0.01,1,702,买盘
686,14:20:39,7.01,-0.01,12,8853,卖盘
687,14:20:36,7.02,--,802,563004,买盘
688,14:20:33,7.02,0.01,324,227448,买盘
689,14:20:30,7.01,--,2,1402,卖盘
690,14:20:27,7.01,-0.01,92,64492,卖盘
691,14:20:21,7.02,--,303,212706,买盘
692,14:20:18,7.02,--,20,14040,买盘
693,14:20:15,7.02,--,766,537732,买盘
694,14:20:12,7.02,--,137,96174,买盘
695,14:20:09,7.02,--,1,702,买盘
696,14:20:06,7.02,0.01,28,19656,买盘
697,14:20:03,7.01,-0.01,11,7711,卖盘
698,14:20:00,7.02,0.01,97,68094,买盘
699,14:19:54,7.01,-0.01,16,11216,卖盘
700,14:19:51,7.02,--,79,55458,买盘
701,14:19:48,7.02,--,77,54054,买盘
702,14:19:45,7.02,--,380,266760,买盘
703,14:19:42,7.02,--,16,11232,买盘
704,14:19:39,7.02,0.01,61,42822,买盘
705,14:19:36,7.01,-0.01,77,53977,卖盘
706,14:19:30,7.02,--,190,133380,买盘
707,14:19:27,7.02,0.01,59,41418,买盘
708,14:19:24,7.01,-0.01,110,77110,卖盘
709,14:19:21,7.02,--,91,63881,买盘
710,14:19:18,7.02,--,38,26676,买盘
711,14:19:15,7.02,0.01,710,498419,买盘
712,14:19:12,7.01,-0.01,82,57482,卖盘
713,14:19:09,7.02,0.01,133,93366,买盘
714,14:19:06,7.01,--,380,266380,卖盘
715,14:19:03,7.01,-0.01,268,187868,卖盘
716,14:19:00,7.02,--,70,49140,买盘
717,14:18:57,7.02,--,24,16848,买盘
718,14:18:54,7.02,0.01,306,214812,买盘
719,14:18:51,7.01,--,281,196981,卖盘
720,14:18:48,7.01,-0.01,61,42761,卖盘
721,14:18:45,7.02,--,226,158652,买盘
722,14:18:42,7.02,0.01,134,94068,买盘
723,14:18:39,7.01,--,104,72904,卖盘
724,14:18:36,7.01,-0.01,3,2103,卖盘
725,14:18:33,7.02,--,103,72306,买盘
726,14:18:27,7.02,--,5,3510,买盘
727,14:18:24,7.02,--,1,702,买盘
728,14:18:21,7.02,0.01,141,98982,买盘
729,14:18:18,7.01,-0.01,97,67997,卖盘
730,14:18:15,7.02,0.01,254,178308,买盘
731,14:18:12,7.01,-0.01,218,152818,卖盘
732,14:18:09,7.02,0.01,92,64583,买盘
733,14:18:03,7.01,--,51,35751,卖盘
734,14:18:00,7.01,-0.01,9,6309,卖盘
735,14:17:57,7.02,0.01,72,50544,买盘
736,14:17:54,7.01,--,12,8412,卖盘
737,14:17:51,7.01,-0.01,32,22432,卖盘
738,14:17:48,7.02,0.01,56,39312,买盘
739,14:17:45,7.01,-0.01,228,159828,卖盘
740,14:17:39,7.02,--,110,77220,买盘
741,14:17:36,7.02,0.01,132,92664,买盘
742,14:17:33,7.01,-0.01,116,81316,卖盘
743,14:17:30,7.02,0.01,305,214110,买盘
744,14:17:27,7.01,-0.01,26,18226,卖盘
745,14:17:24,7.02,0.01,68,47736,买盘
746,14:17:21,7.01,-0.01,8,5608,卖盘
747,14:17:18,7.02,--,3,2106,买盘
748,14:17:15,7.02,--,400,280800,买盘
749,14:17:12,7.02,--,1,702,买盘
750,14:17:09,7.02,0.01,175,122849,买盘
751,14:17:06,7.01,--,23,16123,卖盘
752,14:17:03,7.01,--,110,77110,卖盘
753,14:17:00,7.01,--,547,383447,卖盘
754,14:16:57,7.01,--,2,1402,卖盘
755,14:16:54,7.01,--,2987,2093887,买盘
756,14:16:51,7.01,0.01,140,98140,买盘
757,14:16:48,7.0,-0.01,251,175700,卖盘
758,14:16:45,7.01,--,137,96037,买盘
759,14:16:42,7.01,--,94,65894,买盘
760,14:16:39,7.01,0.01,42,29442,买盘
761,14:16:36,7.0,-0.01,8,5600,卖盘
762,14:16:33,7.01,--,40,28040,买盘
763,14:16:30,7.01,--,68,47668,买盘
764,14:16:27,7.01,--,122,85522,买盘
765,14:16:24,7.01,--,10,7010,买盘
766,14:16:21,7.01,--,515,361015,卖盘
767,14:16:18,7.01,-0.01,463,324563,卖盘
768,14:16:15,7.02,--,219,153738,买盘
769,14:16:12,7.02,--,24,16848,买盘
770,14:16:09,7.02,--,227,159354,买盘
771,14:16:06,7.02,0.01,95,66690,买盘
772,14:16:03,7.01,--,71,49771,卖盘
773,14:16:00,7.01,-0.01,88,61688,卖盘
774,14:15:57,7.02,--,128,89856,买盘
775,14:15:54,7.02,--,218,153036,买盘
776,14:15:51,7.02,0.02,349,244997,买盘
777,14:15:48,7.0,-0.01,293,205100,卖盘
778,14:15:45,7.01,--,350,245350,买盘
779,14:15:42,7.01,--,60,42060,买盘
780,14:15:39,7.01,--,42,29442,买盘
781,14:15:36,7.01,--,104,72904,买盘
782,14:15:30,7.01,0.01,33,23133,买盘
783,14:15:27,7.0,-0.01,147,102900,卖盘
784,14:15:24,7.01,0.01,84,58884,买盘
785,14:15:21,7.0,-0.01,8,5600,卖盘
786,14:15:18,7.01,--,5,3505,买盘
787,14:15:15,7.01,-0.01,40,28040,卖盘
788,14:15:12,7.02,--,90,63179,买盘
789,14:15:09,7.02,--,40,28080,买盘
790,14:15:06,7.02,0.01,67,47034,买盘
791,14:15:03,7.01,-0.01,86,60286,中性盘
792,14:15:00,7.02,0.01,61,42822,买盘
793,14:14:57,7.01,-0.01,80,56080,卖盘
794,14:14:54,7.02,0.01,59,41418,买盘
795,14:14:51,7.01,-0.01,99,69399,卖盘
796,14:14:48,7.02,--,248,174096,买盘
797,14:14:45,7.02,--,8,5616,买盘
798,14:14:42,7.02,--,106,74412,买盘
799,14:14:39,7.02,0.01,88,61775,买盘
800,14:14:36,7.01,-0.01,70,49070,卖盘
801,14:14:33,7.02,0.01,50,35100,买盘
802,14:14:30,7.01,-0.01,128,89728,卖盘
803,14:14:27,7.02,0.01,57,40014,买盘
804,14:14:24,7.01,-0.01,70,49070,卖盘
805,14:14:21,7.02,0.01,14,9828,买盘
806,14:14:18,7.01,-0.01,4033,2827273,卖盘
807,14:14:15,7.02,--,226,158652,买盘
808,14:14:12,7.02,--,49,34398,买盘
809,14:14:09,7.02,0.01,84,58968,买盘
810,14:14:06,7.01,--,90,63090,卖盘
811,14:14:03,7.01,-0.01,57,39957,卖盘
812,14:13:57,7.02,--,161,113022,买盘
813,14:13:54,7.02,--,60,42120,买盘
814,14:13:51,7.02,--,5,3510,买盘
815,14:13:45,7.02,0.01,88,61775,买盘
816,14:13:42,7.01,-0.01,376,263576,卖盘
817,14:13:39,7.02,--,37,25974,买盘
818,14:13:33,7.02,--,60,42120,买盘
819,14:13:27,7.02,0.01,44,30887,买盘
820,14:13:24,7.01,-0.01,22,15422,卖盘
821,14:13:21,7.02,--,89,62477,买盘
822,14:13:18,7.02,-0.01,825,579150,卖盘
823,14:13:15,7.03,--,254,178562,买盘
824,14:13:12,7.03,0.01,309,217227,买盘
825,14:13:09,7.02,-0.01,10,7020,卖盘
826,14:13:06,7.03,0.01,58,40774,买盘
827,14:13:03,7.02,0.01,14,9828,中性盘
828,14:13:00,7.01,-0.01,114,79914,卖盘
829,14:12:57,7.02,--,266,186732,卖盘
830,14:12:54,7.02,0.01,193,135486,买盘
831,14:12:51,7.01,-0.01,5,3505,卖盘
832,14:12:48,7.02,--,56,39312,买盘
833,14:12:45,7.02,--,293,205686,买盘
834,14:12:42,7.02,--,5,3510,买盘
835,14:12:39,7.02,0.01,64,44928,买盘
836,14:12:36,7.01,-0.01,5,3505,卖盘
837,14:12:33,7.02,--,5,3510,买盘
838,14:12:30,7.02,--,159,111618,买盘
839,14:12:27,7.02,--,144,101088,买盘
840,14:12:24,7.02,--,90,63179,买盘
841,14:12:15,7.02,--,126,88452,买盘
842,14:12:12,7.02,--,92,64583,买盘
843,14:12:09,7.02,0.01,54,37908,买盘
844,14:12:06,7.01,--,149,104449,卖盘
845,14:12:03,7.01,--,17,11917,卖盘
846,14:12:00,7.01,-0.01,40,28040,卖盘
847,14:11:57,7.02,--,101,70902,买盘
848,14:11:54,7.02,0.01,90,63179,买盘
849,14:11:51,7.01,-0.01,20,14020,卖盘
850,14:11:48,7.02,--,7,4914,买盘
851,14:11:45,7.02,-0.01,497,348894,中性盘
852,14:11:42,7.03,0.01,91,63973,买盘
853,14:11:39,7.02,0.01,80,56160,买盘
854,14:11:36,7.01,-0.01,2,1402,卖盘
855,14:11:33,7.02,0.01,67,47034,买盘
856,14:11:30,7.01,-0.01,7,4907,卖盘
857,14:11:27,7.02,--,70,49140,卖盘
858,14:11:24,7.02,-0.01,25,17550,卖盘
859,14:11:21,7.03,0.01,57,40071,买盘
860,14:11:18,7.02,-0.01,23,16145,卖盘
861,14:11:15,7.03,0.02,251,176453,买盘
862,14:11:12,7.01,-0.01,136,95336,卖盘
863,14:11:09,7.02,--,627,440154,买盘
864,14:11:06,7.02,0.01,31,21762,买盘
865,14:11:03,7.01,--,15,10515,卖盘
866,14:11:00,7.01,-0.01,86,60286,卖盘
867,14:10:57,7.02,--,84,58968,买盘
868,14:10:54,7.02,0.01,5,3510,买盘
869,14:10:51,7.01,-0.01,30,21030,卖盘
870,14:10:48,7.02,--,89,62477,买盘
871,14:10:45,7.02,0.01,132,92664,买盘
872,14:10:42,7.01,-0.01,93,65193,卖盘
873,14:10:39,7.02,--,143,100386,买盘
874,14:10:36,7.02,--,145,101790,买盘
875,14:10:33,7.02,--,12,8424,买盘
876,14:10:30,7.02,--,30,21060,买盘
877,14:10:27,7.02,--,105,73710,卖盘
878,14:10:24,7.02,--,142,99684,卖盘
879,14:10:18,7.02,-0.01,76,53352,卖盘
880,14:10:15,7.03,0.01,118,82954,买盘
881,14:10:12,7.02,--,103,72306,卖盘
882,14:10:09,7.02,--,62,43524,卖盘
883,14:10:06,7.02,0.01,7,4914,中性盘
884,14:10:03,7.01,-0.01,163,114263,卖盘
885,14:10:00,7.02,--,41,28782,卖盘
886,14:09:57,7.02,--,30,21060,卖盘
887,14:09:54,7.02,--,42,29484,买盘
888,14:09:51,7.02,0.01,84,58968,买盘
889,14:09:48,7.01,-0.01,21,14721,卖盘
890,14:09:45,7.02,0.01,454,318708,买盘
891,14:09:42,7.01,--,91,63791,卖盘
892,14:09:36,7.01,--,40,28040,卖盘
893,14:09:33,7.01,-0.01,10,7010,卖盘
894,14:09:30,7.02,0.01,357,250613,买盘
895,14:09:27,7.01,-0.01,47,32947,卖盘
896,14:09:24,7.02,--,24,16848,买盘
897,14:09:21,7.02,-0.01,122,85644,卖盘
898,14:09:18,7.03,0.01,317,223040,买盘
899,14:09:12,7.02,--,50,35100,买盘
900,14:09:09,7.02,--,425,298350,买盘
901,14:09:06,7.02,0.01,150,105300,买盘
902,14:09:03,7.01,-0.01,1037,726937,卖盘
903,14:08:57,7.02,--,58,40716,买盘
904,14:08:54,7.02,0.01,25,17550,买盘
905,14:08:51,7.01,-0.01,302,211702,卖盘
906,14:08:48,7.02,--,19,13338,买盘
907,14:08:45,7.02,--,803,563706,买盘
908,14:08:42,7.02,--,262,183924,买盘
909,14:08:39,7.02,0.01,5,3510,买盘
910,14:08:36,7.01,-0.01,101,70801,卖盘
911,14:08:30,7.02,0.01,290,203580,买盘
912,14:08:27,7.01,-0.01,90,63090,卖盘
913,14:08:24,7.02,--,105,73710,买盘
914,14:08:21,7.02,--,46,32291,买盘
915,14:08:18,7.02,0.01,21,14742,买盘
916,14:08:15,7.01,--,26,18226,卖盘
917,14:08:12,7.01,--,92,64492,卖盘
918,14:08:09,7.01,-0.01,9,6309,卖盘
919,14:08:06,7.02,0.01,101,70902,买盘
920,14:08:03,7.01,-0.01,19,13319,卖盘
921,14:08:00,7.02,0.01,222,155844,买盘
922,14:07:57,7.01,-0.01,10,7010,卖盘
923,14:07:54,7.02,--,10,7020,买盘
924,14:07:51,7.02,0.01,58,40716,买盘
925,14:07:48,7.01,--,5,3505,卖盘
926,14:07:45,7.01,-0.01,102,71502,卖盘
927,14:07:42,7.02,0.01,93,65285,买盘
928,14:07:39,7.01,--,371,260071,卖盘
929,14:07:36,7.01,--,35,24535,卖盘
930,14:07:33,7.01,--,61,42761,卖盘
931,14:07:30,7.01,-0.01,8,5608,卖盘
932,14:07:27,7.02,0.01,60,42120,买盘
933,14:07:24,7.01,--,58,40658,卖盘
934,14:07:21,7.01,-0.01,10,7010,卖盘
935,14:07:18,7.02,--,58,40716,买盘
936,14:07:15,7.02,0.01,75,52650,买盘
937,14:07:12,7.01,-0.01,12,8412,卖盘
938,14:07:09,7.02,--,129,90558,买盘
939,14:07:06,7.02,0.01,526,369252,买盘
940,14:07:03,7.01,--,351,246051,卖盘
941,14:07:00,7.01,--,40,28040,卖盘
942,14:06:57,7.01,-0.01,35,24535,卖盘
943,14:06:54,7.02,0.01,71,49842,买盘
944,14:06:51,7.01,--,4,2804,卖盘
945,14:06:48,7.01,--,275,192775,卖盘
946,14:06:45,7.01,--,121,84821,卖盘
947,14:06:42,7.01,-0.01,58,40658,卖盘
948,14:06:39,7.02,0.01,5,3510,买盘
949,14:06:33,7.01,-0.01,297,208197,卖盘
950,14:06:30,7.02,0.02,332,233064,买盘
951,14:06:27,7.0,-0.02,66,46200,卖盘
952,14:06:24,7.02,--,39,27378,买盘
953,14:06:21,7.02,0.01,75,52650,买盘
954,14:06:18,7.01,0.01,679,475979,买盘
955,14:06:15,7.0,--,25,17500,卖盘
956,14:06:12,7.0,--,1495,1046500,卖盘
957,14:06:09,7.0,-0.01,177,123900,卖盘
958,14:06:06,7.01,0.01,156,109356,买盘
959,14:06:03,7.0,-0.01,211,147700,卖盘
960,14:06:00,7.01,--,411,288111,买盘
961,14:05:54,7.01,0.01,111,77811,买盘
962,14:05:51,7.0,--,136,95200,卖盘
963,14:05:48,7.0,--,201,140700,卖盘
964,14:05:45,7.0,-0.01,407,284900,卖盘
965,14:05:42,7.01,0.01,22,15422,买盘
966,14:05:39,7.0,--,286,200200,卖盘
967,14:05:36,7.0,--,2029,1420300,卖盘
968,14:05:33,7.0,-0.01,750,525000,卖盘
969,14:05:30,7.01,--,386,270586,买盘
970,14:05:27,7.01,0.01,107,75007,买盘
971,14:05:24,7.0,-0.01,43,30100,卖盘
972,14:05:21,7.01,--,49,34349,买盘
973,14:05:18,7.01,--,130,91130,买盘
974,14:05:15,7.01,--,57,39957,买盘
975,14:05:12,7.01,--,524,367324,买盘
976,14:05:09,7.01,--,44,30844,卖盘
977,14:05:06,7.01,--,179,125479,卖盘
978,14:05:03,7.01,0.01,138,96738,买盘
979,14:05:00,7.0,-0.01,279,195300,卖盘
980,14:04:57,7.01,--,43,30143,买盘
981,14:04:54,7.01,0.01,2588,1814188,买盘
982,14:04:51,7.0,-0.01,33,23100,卖盘
983,14:04:48,7.01,--,285,199785,买盘
984,14:04:45,7.01,--,330,231330,买盘
985,14:04:42,7.01,0.01,149,104449,买盘
986,14:04:39,7.0,-0.01,63,44100,卖盘
987,14:04:36,7.01,0.01,80,56080,买盘
988,14:04:33,7.0,-0.01,107,74900,卖盘
989,14:04:30,7.01,0.01,109,76409,买盘
990,14:04:27,7.0,-0.01,38,26600,卖盘
991,14:04:24,7.01,--,19,13319,买盘
992,14:04:21,7.01,0.01,82,57482,买盘
993,14:04:18,7.0,-0.01,219,153300,卖盘
994,14:04:15,7.01,--,60,42060,买盘
995,14:04:12,7.01,--,152,106552,买盘
996,14:04:09,7.01,--,163,114263,买盘
997,14:04:06,7.01,0.01,53,37153,买盘
998,14:04:03,7.0,-0.01,432,302400,卖盘
999,14:04:00,7.01,--,112,78512,买盘
1000,14:03:54,7.01,--,134,93934,买盘
1001,14:03:48,7.01,--,155,108655,买盘
1002,14:03:45,7.01,--,191,133891,买盘
1003,14:03:42,7.01,--,25,17525,买盘
1004,14:03:39,7.01,--,12,8412,买盘
1005,14:03:36,7.01,--,158,110758,买盘
1006,14:03:33,7.01,--,75,52575,买盘
1007,14:03:30,7.01,--,1118,783718,卖盘
1008,14:03:27,7.01,--,1460,1023460,卖盘
1009,14:03:24,7.01,--,609,426909,卖盘
1010,14:03:21,7.01,--,78,54678,卖盘
1011,14:03:18,7.01,-0.01,181,126881,卖盘
1012,14:03:15,7.02,0.01,415,291330,买盘
1013,14:03:12,7.01,-0.01,20,14020,卖盘
1014,14:03:09,7.02,0.01,78,54756,买盘
1015,14:03:06,7.01,--,917,642817,卖盘
1016,14:03:03,7.01,--,156,109356,卖盘
1017,14:03:00,7.01,--,10,7010,卖盘
1018,14:02:57,7.01,--,15,10515,卖盘
1019,14:02:54,7.01,--,277,194177,卖盘
1020,14:02:51,7.01,--,118,82718,卖盘
1021,14:02:48,7.01,--,149,104449,卖盘
1022,14:02:45,7.01,-0.01,355,248855,卖盘
1023,14:02:42,7.02,--,84,58968,买盘
1024,14:02:39,7.02,0.01,83,58266,买盘
1025,14:02:36,7.01,-0.01,142,99542,卖盘
1026,14:02:33,7.02,0.01,39,27378,买盘
1027,14:02:30,7.01,-0.01,258,180858,卖盘
1028,14:02:24,7.02,--,1,702,买盘
1029,14:02:21,7.02,0.01,134,94068,买盘
1030,14:02:18,7.01,--,526,368726,卖盘
1031,14:02:15,7.01,--,211,147911,卖盘
1032,14:02:12,7.01,-0.01,150,105150,卖盘
1033,14:02:09,7.02,--,170,119340,买盘
1034,14:02:06,7.02,0.01,53,37206,买盘
1035,14:02:03,7.01,--,138,96738,卖盘
1036,14:02:00,7.01,-0.01,12,8412,卖盘
1037,14:01:57,7.02,0.01,1051,737802,买盘
1038,14:01:51,7.01,--,57,39957,卖盘
1039,14:01:48,7.01,--,89,62389,卖盘
1040,14:01:45,7.01,--,242,169642,卖盘
1041,14:01:42,7.01,--,232,162632,卖盘
1042,14:01:39,7.01,--,10,7010,卖盘
1043,14:01:36,7.01,-0.01,60,42060,卖盘
1044,14:01:33,7.02,--,50,35100,买盘
1045,14:01:30,7.02,0.01,178,124955,买盘
1046,14:01:27,7.01,--,21,14721,卖盘
1047,14:01:24,7.01,-0.01,68,47668,卖盘
1048,14:01:18,7.02,0.01,97,68094,买盘
1049,14:01:15,7.01,-0.01,270,189270,卖盘
1050,14:01:12,7.02,0.01,56,39312,买盘
1051,14:01:09,7.01,-0.01,730,511730,卖盘
1052,14:01:06,7.02,--,114,80028,买盘
1053,14:01:03,7.02,--,85,59670,买盘
1054,14:01:00,7.02,--,14,9828,买盘
1055,14:00:57,7.02,0.01,110,77220,买盘
1056,14:00:54,7.01,--,33,23133,卖盘
1057,14:00:51,7.01,-0.01,95,66595,卖盘
1058,14:00:48,7.02,--,210,147420,买盘
1059,14:00:45,7.02,--,10,7020,买盘
1060,14:00:42,7.02,0.01,3,2106,买盘
1061,14:00:39,7.01,--,130,91130,卖盘
1062,14:00:36,7.01,-0.01,75,52575,卖盘
1063,14:00:33,7.02,--,73,51246,买盘
1064,14:00:30,7.02,--,179,125657,买盘
1065,14:00:27,7.02,--,93,65285,买盘
1066,14:00:24,7.02,0.01,4,2808,买盘
1067,14:00:21,7.01,-0.01,576,403776,卖盘
1068,14:00:18,7.02,0.01,96,67392,买盘
1069,14:00:15,7.01,--,248,173848,卖盘
1070,14:00:12,7.01,-0.01,21,14721,卖盘
1071,14:00:09,7.02,0.01,7,4914,买盘
1072,14:00:06,7.01,--,115,80615,卖盘
1073,14:00:03,7.01,-0.01,97,67997,卖盘
1074,13:59:57,7.02,--,10,7020,买盘
1075,13:59:54,7.02,--,112,78624,买盘
1076,13:59:51,7.02,0.01,343,240785,买盘
1077,13:59:48,7.01,--,35,24535,卖盘
1078,13:59:45,7.01,--,411,288111,卖盘
1079,13:59:42,7.01,--,74,51874,卖盘
1080,13:59:39,7.01,--,214,150014,卖盘
1081,13:59:36,7.01,--,1,701,卖盘
1082,13:59:33,7.01,--,58,40658,卖盘
1083,13:59:30,7.01,--,408,286008,卖盘
1084,13:59:27,7.01,--,11,7711,卖盘
1085,13:59:21,7.01,-0.01,369,258669,卖盘
1086,13:59:18,7.02,0.01,79,55458,买盘
1087,13:59:15,7.01,-0.01,236,165436,卖盘
1088,13:59:12,7.02,0.01,59,41418,买盘
1089,13:59:09,7.01,--,631,442331,卖盘
1090,13:59:06,7.01,-0.01,113,79213,卖盘
1091,13:59:03,7.02,--,20,14040,买盘
1092,13:59:00,7.02,--,69,48438,买盘
1093,13:58:57,7.02,--,420,294840,买盘
1094,13:58:54,7.02,--,1,702,买盘
1095,13:58:51,7.02,--,79,55458,买盘
1096,13:58:48,7.02,0.01,217,152334,买盘
1097,13:58:45,7.01,-0.01,25,17525,卖盘
1098,13:58:42,7.02,--,3,2106,买盘
1099,13:58:39,7.02,--,98,68796,买盘
1100,13:58:36,7.02,--,4,2808,买盘
1101,13:58:30,7.02,--,1,702,买盘
1102,13:58:27,7.02,--,86,60371,卖盘
1103,13:58:24,7.02,--,165,115830,卖盘
1104,13:58:21,7.02,--,10,7020,卖盘
1105,13:58:18,7.02,-0.01,323,226746,中性盘
1106,13:58:15,7.03,0.01,214,150442,买盘
1107,13:58:09,7.02,--,172,120743,卖盘
1108,13:58:06,7.02,--,63,44226,卖盘
1109,13:58:03,7.02,-0.01,50,35100,中性盘
1110,13:57:54,7.03,0.02,56,39368,买盘
1111,13:57:51,7.01,-0.02,13,9113,卖盘
1112,13:57:45,7.03,0.01,292,205276,买盘
1113,13:57:42,7.02,--,178,124955,买盘
1114,13:57:39,7.02,--,158,110916,买盘
1115,13:57:33,7.02,--,133,93366,买盘
1116,13:57:30,7.02,--,303,212706,买盘
1117,13:57:27,7.02,0.01,173,121445,买盘
1118,13:57:21,7.01,-0.01,80,56080,卖盘
1119,13:57:18,7.02,-0.01,123,86346,卖盘
1120,13:57:15,7.03,0.01,4,2812,买盘
1121,13:57:12,7.02,--,114,80028,买盘
1122,13:57:09,7.02,--,87,61073,卖盘
1123,13:57:06,7.02,--,98,68796,买盘
1124,13:57:03,7.02,--,112,78624,卖盘
1125,13:57:00,7.02,--,98,68796,买盘
1126,13:56:57,7.02,-0.01,55,38610,买盘
1127,13:56:54,7.03,0.02,77,54131,买盘
1128,13:56:51,7.01,-0.01,68,47668,卖盘
1129,13:56:48,7.02,-0.01,124,87048,卖盘
1130,13:56:45,7.03,0.01,463,325489,买盘
1131,13:56:42,7.02,--,4,2808,卖盘
1132,13:56:39,7.02,-0.01,2,1404,卖盘
1133,13:56:36,7.03,0.02,60,42180,买盘
1134,13:56:33,7.01,--,94,65894,卖盘
1135,13:56:30,7.01,--,438,307038,卖盘
1136,13:56:27,7.01,--,129,90429,卖盘
1137,13:56:24,7.01,--,35,24535,卖盘
1138,13:56:21,7.01,-0.01,211,147911,卖盘
1139,13:56:18,7.02,--,171,120041,买盘
1140,13:56:15,7.02,--,276,193752,买盘
1141,13:56:12,7.02,--,189,132678,买盘
1142,13:56:09,7.02,0.01,150,105300,买盘
1143,13:56:06,7.01,-0.01,5,3505,卖盘
1144,13:56:03,7.02,0.01,102,71604,买盘
1145,13:56:00,7.01,--,500,350500,卖盘
1146,13:55:57,7.01,-0.01,51,35751,卖盘
1147,13:55:54,7.02,--,84,58968,买盘
1148,13:55:51,7.02,0.01,98,68796,买盘
1149,13:55:48,7.01,--,81,56781,卖盘
1150,13:55:45,7.01,-0.01,194,135994,卖盘
1151,13:55:42,7.02,0.01,540,379080,买盘
1152,13:55:39,7.01,--,33,23133,卖盘
1153,13:55:33,7.01,-0.01,4,2804,卖盘
1154,13:55:30,7.02,0.01,77,54054,买盘
1155,13:55:27,7.01,-0.01,15,10515,卖盘
1156,13:55:24,7.02,--,171,120041,买盘
1157,13:55:21,7.02,--,54,37908,买盘
1158,13:55:15,7.02,--,126,89139,卖盘
1159,13:55:12,7.02,--,186,130571,卖盘
1160,13:55:09,7.02,--,104,73008,卖盘
1161,13:55:06,7.02,--,70,49364,卖盘
1162,13:55:03,7.02,-0.01,12,8915,卖盘
1163,13:55:00,7.03,--,2843,1998629,买盘
1164,13:54:57,7.03,0.01,64,44992,买盘
1165,13:54:54,7.02,-0.01,34,24359,卖盘
1166,13:54:51,7.03,--,62,43796,卖盘
1167,13:54:48,7.03,--,52,36556,买盘
1168,13:54:45,7.03,0.01,79,55537,买盘
1169,13:54:42,7.02,-0.02,11,7721,卖盘
1170,13:54:39,7.04,0.01,95,66880,买盘
1171,13:54:36,7.03,--,67,47101,买盘
1172,13:54:33,7.03,0.01,18,12654,买盘
1173,13:54:30,7.02,-0.01,236,165672,卖盘
1174,13:54:24,7.03,--,69,48507,买盘
1175,13:54:21,7.03,--,29,20387,买盘
1176,13:54:15,7.03,--,61,42883,买盘
1177,13:54:12,7.03,--,78,54834,买盘
1178,13:54:06,7.03,0.01,117,82251,买盘
1179,13:54:03,7.02,--,74,51948,卖盘
1180,13:54:00,7.02,-0.01,286,200772,卖盘
1181,13:53:57,7.03,0.01,50,35150,买盘
1182,13:53:54,7.02,-0.01,82,57564,卖盘
1183,13:53:51,7.03,--,60,42180,买盘
1184,13:53:48,7.03,--,105,73815,买盘
1185,13:53:45,7.03,0.01,50,35150,买盘
1186,13:53:42,7.02,-0.01,99,69498,卖盘
1187,13:53:39,7.03,0.01,73,51319,买盘
1188,13:53:36,7.02,-0.01,6,4212,卖盘
1189,13:53:33,7.03,-0.01,2,1406,买盘
1190,13:53:30,7.04,0.02,281,197824,买盘
1191,13:53:27,7.02,--,24,16848,卖盘
1192,13:53:24,7.02,-0.01,34,23868,卖盘
1193,13:53:21,7.03,--,35,24605,买盘
1194,13:53:18,7.03,--,187,131461,买盘
1195,13:53:15,7.03,--,20,14060,买盘
1196,13:53:09,7.03,--,180,126540,买盘
1197,13:53:06,7.03,0.01,57,40071,买盘
1198,13:53:03,7.02,-0.01,35,24570,卖盘
1199,13:52:57,7.03,--,198,139194,卖盘
1200,13:52:54,7.03,--,84,59052,卖盘
1201,13:52:51,7.03,--,1494,1050282,卖盘
1202,13:52:48,7.03,-0.01,500,351500,卖盘
1203,13:52:45,7.04,0.01,173,121792,买盘
1204,13:52:42,7.03,--,350,246050,卖盘
1205,13:52:39,7.03,-0.01,3,2109,卖盘
1206,13:52:36,7.04,0.01,10,7040,买盘
1207,13:52:33,7.03,--,70,49210,卖盘
1208,13:52:30,7.03,-0.01,326,229178,卖盘
1209,13:52:27,7.04,0.01,356,250624,买盘
1210,13:52:24,7.03,-0.01,75,52725,卖盘
1211,13:52:21,7.04,--,153,107712,买盘
1212,13:52:15,7.04,--,4,2816,买盘
1213,13:52:12,7.04,0.01,56,39424,买盘
1214,13:52:09,7.03,--,100,70300,卖盘
1215,13:52:03,7.03,-0.01,11,7733,卖盘
1216,13:52:00,7.04,--,83,58432,买盘
1217,13:51:57,7.04,0.01,1,704,买盘
1218,13:51:54,7.03,-0.01,9,6327,卖盘
1219,13:51:51,7.04,--,307,216128,买盘
1220,13:51:48,7.04,0.01,13,9152,买盘
1221,13:51:42,7.03,-0.01,100,70300,卖盘
1222,13:51:39,7.04,--,56,39424,买盘
1223,13:51:36,7.04,--,250,176000,买盘
1224,13:51:33,7.04,--,76,53504,买盘
1225,13:51:27,7.04,--,524,368896,买盘
1226,13:51:24,7.04,0.01,4,2816,买盘
1227,13:51:21,7.03,--,152,106856,卖盘
1228,13:51:18,7.03,-0.01,12,8436,卖盘
1229,13:51:15,7.04,0.01,66,46464,买盘
1230,13:51:09,7.03,-0.01,66,46398,卖盘
1231,13:51:06,7.04,0.01,58,40832,买盘
1232,13:51:03,7.03,--,51,35853,卖盘
1233,13:51:00,7.03,-0.01,79,55537,卖盘
1234,13:50:57,7.04,--,72,50688,买盘
1235,13:50:54,7.04,0.01,164,115456,买盘
1236,13:50:51,7.03,--,1,703,买盘
1237,13:50:48,7.03,--,51,35853,买盘
1238,13:50:45,7.03,--,21,14763,买盘
1239,13:50:42,7.03,--,46,32338,买盘
1240,13:50:39,7.03,--,1,703,买盘
1241,13:50:36,7.03,--,133,93499,买盘
1242,13:50:33,7.03,--,325,228475,卖盘
1243,13:50:30,7.03,--,272,191216,卖盘
1244,13:50:24,7.03,--,157,110371,卖盘
1245,13:50:21,7.03,--,86,60458,卖盘
1246,13:50:18,7.03,--,492,345876,买盘
1247,13:50:15,7.03,--,184,129352,买盘
1248,13:50:12,7.03,--,98,68894,买盘
1249,13:50:09,7.03,--,32,22496,买盘
1250,13:50:06,7.03,0.01,1,703,买盘
1251,13:50:03,7.02,-0.01,63,44226,卖盘
1252,13:50:00,7.03,--,56,39368,买盘
1253,13:49:57,7.03,-0.01,71,49913,买盘
1254,13:49:54,7.04,0.01,128,90112,买盘
1255,13:49:51,7.03,-0.01,54,37962,卖盘
1256,13:49:48,7.04,--,317,223168,买盘
1257,13:49:45,7.04,0.01,30,21120,买盘
1258,13:49:42,7.03,--,20,14060,卖盘
1259,13:49:39,7.03,-0.01,76,53428,卖盘
1260,13:49:36,7.04,0.01,272,191488,买盘
1261,13:49:33,7.03,--,63,44289,卖盘
1262,13:49:30,7.03,-0.01,407,286121,卖盘
1263,13:49:27,7.04,--,88,61952,买盘
1264,13:49:24,7.04,--,1,704,买盘
1265,13:49:21,7.04,0.01,4,2816,买盘
1266,13:49:18,7.03,-0.01,5,3515,卖盘
1267,13:49:15,7.04,0.01,72,50688,买盘
1268,13:49:12,7.03,-0.01,146,102638,卖盘
1269,13:49:09,7.04,0.01,4,2816,买盘
1270,13:49:06,7.03,--,22,15466,卖盘
1271,13:49:03,7.03,-0.01,85,59755,卖盘
1272,13:49:00,7.04,--,227,159808,买盘
1273,13:48:57,7.04,--,39,27456,买盘
1274,13:48:54,7.04,--,232,163328,买盘
1275,13:48:51,7.04,0.01,90,63360,买盘
1276,13:48:48,7.03,-0.01,200,140600,卖盘
1277,13:48:45,7.04,0.01,72,50688,买盘
1278,13:48:42,7.03,--,232,163096,卖盘
1279,13:48:39,7.03,--,11,7733,卖盘
1280,13:48:36,7.03,-0.01,79,55537,卖盘
1281,13:48:30,7.04,--,286,201344,买盘
1282,13:48:27,7.04,--,305,214720,买盘
1283,13:48:24,7.04,--,6,4224,买盘
1284,13:48:21,7.04,--,4,2816,买盘
1285,13:48:18,7.04,--,212,149248,买盘
1286,13:48:15,7.04,0.01,4,2816,买盘
1287,13:48:12,7.03,--,1301,914603,卖盘
1288,13:48:09,7.03,--,82,57646,卖盘
1289,13:48:06,7.03,--,253,177859,卖盘
1290,13:48:00,7.03,-0.01,288,202464,卖盘
1291,13:47:57,7.04,0.01,86,60544,买盘
1292,13:47:54,7.03,--,26,18278,卖盘
1293,13:47:48,7.03,-0.01,143,100529,卖盘
1294,13:47:45,7.04,0.01,55,38720,买盘
1295,13:47:42,7.03,-0.01,81,56943,卖盘
1296,13:47:39,7.04,0.01,24,16896,买盘
1297,13:47:36,7.03,-0.01,127,89281,卖盘
1298,13:47:33,7.04,0.01,4,2816,买盘
1299,13:47:30,7.03,--,108,75924,卖盘
1300,13:47:27,7.03,--,40,28120,卖盘
1301,13:47:24,7.03,--,535,376105,卖盘
1302,13:47:21,7.03,--,24,16872,卖盘
1303,13:47:18,7.03,--,317,222851,买盘
1304,13:47:15,7.03,--,36,25308,买盘
1305,13:47:12,7.03,--,34,23902,买盘
1306,13:47:09,7.03,--,102,71706,买盘
1307,13:47:06,7.03,--,12,8436,卖盘
1308,13:47:03,7.03,-0.01,83,58349,中性盘
1309,13:47:00,7.04,0.02,298,209792,买盘
1310,13:46:57,7.02,-0.01,150,105300,卖盘
1311,13:46:54,7.03,--,43,30229,买盘
1312,13:46:51,7.03,--,58,40774,买盘
1313,13:46:45,7.03,0.01,147,103341,买盘
1314,13:46:42,7.02,-0.01,86,60371,卖盘
1315,13:46:39,7.03,--,55,38665,买盘
1316,13:46:36,7.03,--,67,47101,买盘
1317,13:46:33,7.03,--,97,68191,买盘
1318,13:46:30,7.03,--,157,110371,买盘
1319,13:46:27,7.03,--,259,182077,买盘
1320,13:46:24,7.03,--,57,40071,买盘
1321,13:46:18,7.03,-0.01,361,253783,卖盘
1322,13:46:15,7.04,--,106,74624,买盘
1323,13:46:12,7.04,--,200,140800,买盘
1324,13:46:09,7.04,--,47,33088,买盘
1325,13:46:06,7.04,--,15,10560,买盘
1326,13:46:03,7.04,--,51,35904,买盘
1327,13:46:00,7.04,--,34,23936,买盘
1328,13:45:57,7.04,0.01,364,256256,买盘
1329,13:45:54,7.03,-0.01,33,23199,卖盘
1330,13:45:51,7.04,0.01,22,15488,买盘
1331,13:45:48,7.03,-0.01,39,27417,卖盘
1332,13:45:45,7.04,0.01,59,41536,买盘
1333,13:45:42,7.03,--,3,2109,卖盘
1334,13:45:39,7.03,--,14,9842,卖盘
1335,13:45:36,7.03,-0.01,9,6327,卖盘
1336,13:45:33,7.04,0.01,55,38720,买盘
1337,13:45:30,7.03,--,86,60458,卖盘
1338,13:45:27,7.03,-0.01,179,125837,卖盘
1339,13:45:24,7.04,0.01,513,361152,买盘
1340,13:45:21,7.03,0.01,927,651681,买盘
1341,13:45:15,7.02,--,15,10530,卖盘
1342,13:45:12,7.02,-0.01,99,69498,卖盘
1343,13:45:09,7.03,--,149,104747,买盘
1344,13:45:06,7.03,0.01,138,97014,买盘
1345,13:45:03,7.02,-0.01,155,108810,卖盘
1346,13:45:00,7.03,0.01,57,40071,买盘
1347,13:44:57,7.02,-0.01,3,2106,卖盘
1348,13:44:51,7.03,0.01,66,46398,买盘
1349,13:44:48,7.02,--,4,2808,卖盘
1350,13:44:45,7.02,-0.01,116,81432,卖盘
1351,13:44:42,7.03,--,40,28120,买盘
1352,13:44:39,7.03,0.01,65,45695,买盘
1353,13:44:36,7.02,-0.01,74,51948,卖盘
1354,13:44:33,7.03,--,21,14763,买盘
1355,13:44:30,7.03,--,166,116698,买盘
1356,13:44:27,7.03,--,103,72409,买盘
1357,13:44:24,7.03,--,10,7030,买盘
1358,13:44:21,7.03,--,30,21090,买盘
1359,13:44:18,7.03,--,663,466089,买盘
1360,13:44:15,7.03,0.01,1,703,买盘
1361,13:44:12,7.02,-0.01,80,56160,卖盘
1362,13:44:09,7.03,--,14,9842,买盘
1363,13:44:06,7.03,0.01,111,78033,买盘
1364,13:44:03,7.02,-0.01,20,14040,卖盘
1365,13:44:00,7.03,--,50,35150,买盘
1366,13:43:57,7.03,--,29,20387,买盘
1367,13:43:54,7.03,--,50,35150,买盘
1368,13:43:51,7.03,--,74,52022,买盘
1369,13:43:48,7.03,--,170,119510,买盘
1370,13:43:45,7.03,--,63,44289,买盘
1371,13:43:42,7.03,0.01,98,68894,买盘
1372,13:43:39,7.02,--,201,141102,卖盘
1373,13:43:33,7.02,--,66,46332,卖盘
1374,13:43:24,7.02,-0.01,205,143910,卖盘
1375,13:43:21,7.03,0.01,109,76627,买盘
1376,13:43:18,7.02,--,17,11934,卖盘
1377,13:43:15,7.02,-0.01,112,78624,卖盘
1378,13:43:12,7.03,--,55,38665,买盘
1379,13:43:09,7.03,0.01,11,7733,买盘
1380,13:43:06,7.02,-0.01,102,71604,卖盘
1381,13:43:03,7.03,--,8,5624,买盘
1382,13:43:00,7.03,0.01,53,37259,买盘
1383,13:42:57,7.02,-0.01,14,10108,卖盘
1384,13:42:54,7.03,--,3,2109,买盘
1385,13:42:51,7.03,--,26,18278,买盘
1386,13:42:48,7.03,--,57,40071,买盘
1387,13:42:45,7.03,0.01,10,7030,买盘
1388,13:42:42,7.02,--,10,7020,卖盘
1389,13:42:39,7.02,--,74,51948,卖盘
1390,13:42:30,7.02,-0.01,26,18252,卖盘
1391,13:42:27,7.03,--,58,40774,买盘
1392,13:42:24,7.03,--,19,13357,买盘
1393,13:42:21,7.03,--,265,186295,买盘
1394,13:42:18,7.03,--,27,18981,买盘
1395,13:42:15,7.03,--,145,101935,买盘
1396,13:42:12,7.03,--,32,22496,买盘
1397,13:42:09,7.03,0.01,33,23199,买盘
1398,13:42:06,7.02,-0.01,16,11232,卖盘
1399,13:42:03,7.03,--,71,49913,买盘
1400,13:42:00,7.03,--,10,7030,买盘
1401,13:41:57,7.03,--,10,7030,买盘
1402,13:41:54,7.03,--,64,44992,买盘
1403,13:41:51,7.03,0.01,43,30229,买盘
1404,13:41:48,7.02,-0.01,2,1404,卖盘
1405,13:41:45,7.03,0.01,30,21090,买盘
1406,13:41:42,7.02,--,58,40716,卖盘
1407,13:41:36,7.02,-0.01,334,234468,卖盘
1408,13:41:33,7.03,--,2,1406,买盘
1409,13:41:30,7.03,0.01,117,82251,买盘
1410,13:41:27,7.02,--,10,7020,卖盘
1411,13:41:24,7.02,--,2,1404,卖盘
1412,13:41:21,7.02,--,95,66690,卖盘
1413,13:41:18,7.02,--,1035,726570,卖盘
1414,13:41:15,7.02,--,72,50544,卖盘
1415,13:41:12,7.02,--,400,280800,买盘
1416,13:41:09,7.02,--,162,113724,买盘
1417,13:41:06,7.02,0.01,22,15443,买盘
1418,13:41:03,7.01,-0.01,338,236938,卖盘
1419,13:41:00,7.02,--,102,71604,买盘
1420,13:40:57,7.02,--,229,160758,买盘
1421,13:40:54,7.02,--,35,24570,买盘
1422,13:40:51,7.02,0.01,202,141804,买盘
1423,13:40:48,7.01,-0.01,110,77110,卖盘
1424,13:40:42,7.02,0.01,254,178308,买盘
1425,13:40:39,7.01,-0.01,31,21731,卖盘
1426,13:40:36,7.02,0.01,68,47736,买盘
1427,13:40:33,7.01,-0.01,108,75708,卖盘
1428,13:40:30,7.02,0.01,2,1404,买盘
1429,13:40:27,7.01,-0.01,9,6309,卖盘
1430,13:40:24,7.02,--,54,37908,买盘
1431,13:40:21,7.02,0.01,136,95472,买盘
1432,13:40:18,7.01,-0.01,7,4907,卖盘
1433,13:40:15,7.02,--,54,37908,买盘
1434,13:40:12,7.02,--,161,113022,买盘
1435,13:40:09,7.02,--,20,14040,买盘
1436,13:40:06,7.02,--,16,11232,买盘
1437,13:40:03,7.02,--,283,198666,买盘
1438,13:40:00,7.02,0.01,76,53352,买盘
1439,13:39:57,7.01,--,136,95336,卖盘
1440,13:39:54,7.01,-0.01,7,4907,卖盘
1441,13:39:51,7.02,0.01,58,40716,买盘
1442,13:39:48,7.01,-0.01,5,3505,卖盘
1443,13:39:45,7.02,0.01,30,21060,买盘
1444,13:39:42,7.01,-0.01,99,69399,卖盘
1445,13:39:39,7.02,0.01,59,41418,买盘
1446,13:39:36,7.01,-0.01,29,20329,卖盘
1447,13:39:33,7.02,0.01,204,143208,买盘
1448,13:39:30,7.01,-0.01,455,318955,卖盘
1449,13:39:27,7.02,--,15,10530,买盘
1450,13:39:24,7.02,0.01,1,702,买盘
1451,13:39:21,7.01,-0.01,8,5608,卖盘
1452,13:39:18,7.02,0.01,66,46332,买盘
1453,13:39:15,7.01,--,47,32947,卖盘
1454,13:39:12,7.01,-0.01,2,1402,卖盘
1455,13:39:09,7.02,--,94,65988,买盘
1456,13:39:06,7.02,0.01,20,14040,买盘
1457,13:39:03,7.01,--,152,106552,卖盘
1458,13:39:00,7.01,-0.01,6,4206,卖盘
1459,13:38:57,7.02,0.01,62,43524,买盘
1460,13:38:54,7.01,--,9,6309,卖盘
1461,13:38:51,7.01,-0.01,124,86924,卖盘
1462,13:38:48,7.02,--,41,28782,买盘
1463,13:38:45,7.02,0.01,26,18252,买盘
1464,13:38:39,7.01,-0.01,24,16824,卖盘
1465,13:38:36,7.02,--,87,61073,买盘
1466,13:38:33,7.02,--,11,7721,买盘
1467,13:38:30,7.02,--,154,108108,买盘
1468,13:38:27,7.02,--,210,147420,买盘
1469,13:38:24,7.02,--,64,44928,买盘
1470,13:38:21,7.02,0.01,5,3510,买盘
1471,13:38:18,7.01,--,100,70100,卖盘
1472,13:38:15,7.01,-0.01,38,26638,卖盘
1473,13:38:12,7.02,0.01,39,27378,买盘
1474,13:38:09,7.01,-0.01,54,37854,卖盘
1475,13:38:06,7.02,0.01,51,35802,买盘
1476,13:38:03,7.01,--,391,274091,卖盘
1477,13:37:57,7.01,-0.01,54,37854,卖盘
1478,13:37:54,7.02,0.01,35,24570,买盘
1479,13:37:51,7.01,-0.01,74,51874,卖盘
1480,13:37:48,7.02,0.01,11,7721,买盘
1481,13:37:45,7.01,-0.01,276,193476,卖盘
1482,13:37:42,7.02,--,614,431028,买盘
1483,13:37:39,7.02,--,37,25974,买盘
1484,13:37:36,7.02,--,54,37908,买盘
1485,13:37:33,7.02,--,52,36504,买盘
1486,13:37:30,7.02,--,76,53352,买盘
1487,13:37:27,7.02,--,20,14040,买盘
1488,13:37:24,7.02,0.01,40,28080,买盘
1489,13:37:21,7.01,--,6,4206,卖盘
1490,13:37:18,7.01,-0.01,143,100243,卖盘
1491,13:37:15,7.02,--,127,89154,卖盘
1492,13:37:12,7.02,-0.01,160,112320,卖盘
1493,13:37:09,7.03,--,62,43586,买盘
1494,13:37:06,7.03,0.02,366,257298,买盘
1495,13:37:03,7.01,-0.01,413,289513,卖盘
1496,13:37:00,7.02,0.01,57,40014,买盘
1497,13:36:57,7.01,-0.02,65,45565,卖盘
1498,13:36:54,7.03,0.01,176,123728,买盘
1499,13:36:51,7.02,0.01,87,61073,买盘
1500,13:36:48,7.01,-0.02,367,257267,卖盘
1501,13:36:45,7.03,0.01,79,55537,买盘
1502,13:36:42,7.02,0.01,318,223236,买盘
1503,13:36:39,7.01,-0.01,93,65193,卖盘
1504,13:36:36,7.02,--,123,86346,买盘
1505,13:36:33,7.02,0.01,102,71604,买盘
1506,13:36:30,7.01,-0.01,4,2804,卖盘
1507,13:36:27,7.02,0.01,32,22464,买盘
1508,13:36:24,7.01,-0.01,68,47668,卖盘
1509,13:36:21,7.02,--,3,2106,买盘
1510,13:36:18,7.02,--,2,1404,买盘
1511,13:36:15,7.02,-0.01,70,49140,卖盘
1512,13:36:12,7.03,0.02,96,67488,买盘
1513,13:36:09,7.01,-0.01,31,21731,卖盘
1514,13:36:06,7.02,--,741,520280,买盘
1515,13:36:03,7.02,--,37,25974,买盘
1516,13:36:00,7.02,0.01,101,70902,买盘
1517,13:35:57,7.01,-0.01,190,133806,卖盘
1518,13:35:54,7.02,--,169,118638,买盘
1519,13:35:51,7.02,0.01,121,84942,买盘
1520,13:35:48,7.01,--,20,14020,卖盘
1521,13:35:42,7.01,-0.01,2361,1655061,卖盘
1522,13:35:39,7.02,--,66,46332,买盘
1523,13:35:36,7.02,--,60,42120,买盘
1524,13:35:33,7.02,--,58,41319,卖盘
1525,13:35:30,7.02,-0.01,778,546156,卖盘
1526,13:35:27,7.03,0.01,419,294557,买盘
1527,13:35:21,7.02,--,202,141804,卖盘
1528,13:35:18,7.02,-0.01,1761,1236222,卖盘
1529,13:35:15,7.03,0.01,75,52725,买盘
1530,13:35:09,7.02,--,104,73008,卖盘
1531,13:35:06,7.02,--,532,373464,卖盘
1532,13:35:03,7.02,--,33,23166,卖盘
1533,13:35:00,7.02,--,586,411372,卖盘
1534,13:34:57,7.02,-0.01,573,402246,卖盘
1535,13:34:54,7.03,0.01,108,75924,买盘
1536,13:34:51,7.02,--,218,153036,卖盘
1537,13:34:48,7.02,-0.01,2,1404,卖盘
1538,13:34:45,7.03,0.01,259,182077,买盘
1539,13:34:42,7.02,--,144,101088,卖盘
1540,13:34:39,7.02,--,168,117936,卖盘
1541,13:34:33,7.02,--,173,121445,卖盘
1542,13:34:27,7.02,-0.01,107,75114,卖盘
1543,13:34:24,7.03,--,136,95608,买盘
1544,13:34:21,7.03,--,110,77330,买盘
1545,13:34:18,7.03,--,224,157472,买盘
1546,13:34:15,7.03,--,49,34447,买盘
1547,13:34:12,7.03,--,86,60458,买盘
1548,13:34:09,7.03,--,526,369778,卖盘
1549,13:34:06,7.03,0.01,60,42180,买盘
1550,13:34:03,7.02,--,17,11934,卖盘
1551,13:34:00,7.02,-0.01,712,499823,卖盘
1552,13:33:57,7.03,--,6,4218,卖盘
1553,13:33:54,7.03,0.01,1226,861878,买盘
1554,13:33:51,7.02,-0.01,64,44928,卖盘
1555,13:33:48,7.03,0.01,170,119510,买盘
1556,13:33:45,7.02,--,304,213408,卖盘
1557,13:33:42,7.02,-0.01,20,14040,卖盘
1558,13:33:39,7.03,--,57,40071,买盘
1559,13:33:36,7.03,0.01,14,9842,买盘
1560,13:33:33,7.02,-0.01,18,12636,卖盘
1561,13:33:30,7.03,0.01,20,14060,买盘
1562,13:33:27,7.02,--,62,43524,卖盘
1563,13:33:24,7.02,--,261,183222,卖盘
1564,13:33:21,7.02,-0.01,3,2106,卖盘
1565,13:33:18,7.03,--,106,74518,买盘
1566,13:33:15,7.03,--,66,46398,买盘
1567,13:33:12,7.03,--,92,64676,买盘
1568,13:33:09,7.03,--,160,112480,买盘
1569,13:33:06,7.03,--,169,118807,买盘
1570,13:33:03,7.03,--,280,196840,买盘
1571,13:33:00,7.03,--,152,106856,买盘
1572,13:32:54,7.03,--,128,89984,买盘
1573,13:32:51,7.03,--,808,568024,买盘
1574,13:32:48,7.03,--,11,7733,买盘
1575,13:32:45,7.03,--,87,61161,买盘
1576,13:32:42,7.03,0.01,94,66082,买盘
1577,13:32:39,7.02,-0.01,24,16848,卖盘
1578,13:32:36,7.03,0.01,40,28120,买盘
1579,13:32:33,7.02,--,63,44226,卖盘
1580,13:32:30,7.02,--,191,134082,卖盘
1581,13:32:27,7.02,-0.01,7,4914,卖盘
1582,13:32:21,7.03,--,328,230584,买盘
1583,13:32:18,7.03,--,57,40071,买盘
1584,13:32:15,7.03,--,71,49913,买盘
1585,13:32:12,7.03,--,1227,862581,卖盘
1586,13:32:09,7.03,--,72,50616,卖盘
1587,13:32:06,7.03,-0.01,185,130055,卖盘
1588,13:32:03,7.04,--,10,7040,买盘
1589,13:32:00,7.04,0.01,60,42240,买盘
1590,13:31:57,7.03,-0.01,6,4218,卖盘
1591,13:31:54,7.04,--,276,194304,买盘
1592,13:31:51,7.04,--,5,3520,买盘
1593,13:31:48,7.04,0.01,73,51392,买盘
1594,13:31:45,7.03,--,121,85063,卖盘
1595,13:31:42,7.03,-0.01,80,56240,卖盘
1596,13:31:39,7.04,--,882,620928,买盘
1597,13:31:36,7.04,--,88,61952,买盘
1598,13:31:33,7.04,0.01,4,2816,买盘
1599,13:31:30,7.03,-0.01,55,38665,卖盘
1600,13:31:27,7.04,0.01,57,40128,买盘
1601,13:31:24,7.03,--,7,4921,卖盘
1602,13:31:21,7.03,--,495,347985,卖盘
1603,13:31:18,7.03,-0.01,29,20387,卖盘
1604,13:31:15,7.04,0.01,138,97152,买盘
1605,13:31:12,7.03,-0.01,5,3515,卖盘
1606,13:31:09,7.04,0.01,45,31680,买盘
1607,13:31:06,7.03,--,9,6327,卖盘
1608,13:31:03,7.03,-0.01,65,45695,卖盘
1609,13:31:00,7.04,0.01,35,24640,买盘
1610,13:30:57,7.03,--,15,10545,卖盘
1611,13:30:54,7.03,--,7,4921,卖盘
1612,13:30:51,7.03,-0.01,1,703,卖盘
1613,13:30:48,7.04,--,643,452672,买盘
1614,13:30:45,7.04,0.01,10,7040,买盘
1615,13:30:42,7.03,-0.01,106,74518,卖盘
1616,13:30:39,7.04,0.01,3,2112,买盘
1617,13:30:36,7.03,-0.01,411,288933,卖盘
1618,13:30:30,7.04,--,187,131648,买盘
1619,13:30:27,7.04,0.01,14,9856,买盘
1620,13:30:24,7.03,-0.01,48,33744,卖盘
1621,13:30:21,7.04,--,1094,770176,买盘
1622,13:30:18,7.04,--,90,63360,买盘
1623,13:30:15,7.04,0.01,4,2816,买盘
1624,13:30:12,7.03,--,104,73112,卖盘
1625,13:30:09,7.03,-0.01,253,177859,卖盘
1626,13:30:06,7.04,0.01,29,20416,买盘
1627,13:30:03,7.03,--,50,35150,卖盘
1628,13:29:57,7.03,--,66,46398,卖盘
1629,13:29:54,7.03,--,7,4921,卖盘
1630,13:29:51,7.03,-0.01,51,35853,卖盘
1631,13:29:48,7.04,--,805,566720,买盘
1632,13:29:45,7.04,0.01,430,302720,买盘
1633,13:29:42,7.03,--,2,1406,卖盘
1634,13:29:39,7.03,-0.01,20,14060,卖盘
1635,13:29:36,7.04,--,2,1408,买盘
1636,13:29:33,7.04,--,50,35200,买盘
1637,13:29:30,7.04,--,42,29568,买盘
1638,13:29:27,7.04,--,141,99264,买盘
1639,13:29:24,7.04,--,92,64768,买盘
1640,13:29:21,7.04,--,1,704,买盘
1641,13:29:18,7.04,0.01,4,2816,买盘
1642,13:29:15,7.03,--,28,19684,卖盘
1643,13:29:12,7.03,--,114,80142,卖盘
1644,13:29:09,7.03,--,11,7733,卖盘
1645,13:29:06,7.03,--,8,5624,卖盘
1646,13:29:03,7.03,-0.01,12,8436,卖盘
1647,13:29:00,7.04,0.01,58,40832,买盘
1648,13:28:57,7.03,-0.01,27,18981,卖盘
1649,13:28:54,7.04,--,1669,1174976,买盘
1650,13:28:51,7.04,0.01,54,38016,买盘
1651,13:28:48,7.03,--,392,275576,卖盘
1652,13:28:45,7.03,--,3,2109,卖盘
1653,13:28:42,7.03,-0.01,70,49210,卖盘
1654,13:28:39,7.04,0.01,158,111232,买盘
1655,13:28:36,7.03,--,40,28120,卖盘
1656,13:28:33,7.03,--,3,2109,卖盘
1657,13:28:30,7.03,-0.01,6,4218,卖盘
1658,13:28:27,7.04,0.01,112,78848,买盘
1659,13:28:24,7.03,--,61,42883,卖盘
1660,13:28:21,7.03,--,400,281200,卖盘
1661,13:28:18,7.03,--,78,54834,卖盘
1662,13:28:12,7.03,--,6,4218,卖盘
1663,13:28:09,7.03,-0.01,11,7733,卖盘
1664,13:28:06,7.04,0.01,55,38720,买盘
1665,13:28:03,7.03,--,69,48507,买盘
1666,13:28:00,7.03,--,12,8436,买盘
1667,13:27:57,7.03,--,5,3515,买盘
1668,13:27:54,7.03,--,109,76627,买盘
1669,13:27:45,7.03,--,75,52725,卖盘
1670,13:27:42,7.03,--,317,222851,买盘
1671,13:27:39,7.03,--,15,10545,买盘
1672,13:27:36,7.03,-0.01,25,18038,卖盘
1673,13:27:33,7.04,--,223,156992,买盘
1674,13:27:30,7.04,--,43,30272,买盘
1675,13:27:27,7.04,0.01,315,221760,买盘
1676,13:27:24,7.03,-0.01,355,249565,卖盘
1677,13:27:21,7.04,0.01,56,39424,买盘
1678,13:27:18,7.03,-0.01,873,613719,卖盘
1679,13:27:15,7.04,--,12,8448,买盘
1680,13:27:12,7.04,0.01,53,37312,买盘
1681,13:27:09,7.03,-0.01,19,13357,卖盘
1682,13:27:06,7.04,--,251,176704,买盘
1683,13:27:03,7.04,--,14,9856,买盘
1684,13:27:00,7.04,0.01,74,52096,买盘
1685,13:26:57,7.03,--,72,50616,卖盘
1686,13:26:54,7.03,-0.01,43,30229,卖盘
1687,13:26:51,7.04,--,17,11968,买盘
1688,13:26:48,7.04,--,55,38720,买盘
1689,13:26:39,7.04,--,95,66880,买盘
1690,13:26:36,7.04,0.01,5,3520,买盘
1691,13:26:33,7.03,--,11,7733,卖盘
1692,13:26:30,7.03,-0.01,1041,731823,卖盘
1693,13:26:27,7.04,0.01,56,39424,买盘
1694,13:26:24,7.03,-0.01,257,180671,卖盘
1695,13:26:21,7.04,--,1,704,买盘
1696,13:26:18,7.04,--,31,21824,买盘
1697,13:26:15,7.04,--,58,40832,买盘
1698,13:26:09,7.04,--,16,11264,买盘
1699,13:26:06,7.04,--,41,28864,买盘
1700,13:26:03,7.04,--,19,13376,买盘
1701,13:26:00,7.04,--,51,35904,买盘
1702,13:25:57,7.04,0.01,718,505472,买盘
1703,13:25:54,7.03,--,128,89984,卖盘
1704,13:25:51,7.03,-0.01,2021,1420763,卖盘
1705,13:25:48,7.04,0.01,5,3520,买盘
1706,13:25:45,7.03,--,77,54131,卖盘
1707,13:25:42,7.03,-0.01,154,108262,卖盘
1708,13:25:39,7.04,--,10,7040,买盘
1709,13:25:36,7.04,--,26,18304,买盘
1710,13:25:33,7.04,--,50,35200,买盘
1711,13:25:30,7.04,--,99,69696,买盘
1712,13:25:27,7.04,0.01,108,76032,买盘
1713,13:25:24,7.03,-0.01,200,140600,卖盘
1714,13:25:21,7.04,--,82,57728,买盘
1715,13:25:18,7.04,--,4,2816,买盘
1716,13:25:15,7.04,0.01,50,35200,买盘
1717,13:25:12,7.03,-0.01,49,34447,卖盘
1718,13:25:09,7.04,0.01,130,91520,买盘
1719,13:25:06,7.03,--,46,32338,卖盘
1720,13:25:03,7.03,-0.01,42,29526,卖盘
1721,13:24:57,7.04,0.01,52,36608,买盘
1722,13:24:54,7.03,-0.01,108,75924,卖盘
1723,13:24:51,7.04,--,10,7040,买盘
1724,13:24:48,7.04,--,80,56320,买盘
1725,13:24:45,7.04,0.01,5,3520,买盘
1726,13:24:42,7.03,-0.01,53,37259,卖盘
1727,13:24:39,7.04,--,5,3520,买盘
1728,13:24:36,7.04,--,74,52096,买盘
1729,13:24:33,7.04,--,57,40128,买盘
1730,13:24:30,7.04,--,546,384996,卖盘
1731,13:24:27,7.04,-0.01,447,314688,卖盘
1732,13:24:24,7.05,0.01,320,225600,买盘
1733,13:24:15,7.04,-0.01,90,63360,卖盘
1734,13:24:12,7.05,--,32,22560,买盘
1735,13:24:09,7.05,--,94,66270,买盘
1736,13:24:06,7.05,0.01,1,705,买盘
1737,13:24:03,7.04,--,271,190784,卖盘
1738,13:23:57,7.04,-0.01,7,4928,卖盘
1739,13:23:54,7.05,--,30,21150,买盘
1740,13:23:51,7.05,0.01,50,35250,买盘
1741,13:23:48,7.04,--,102,71808,卖盘
1742,13:23:45,7.04,--,8,5632,卖盘
1743,13:23:42,7.04,-0.01,69,48576,卖盘
1744,13:23:39,7.05,--,118,83190,买盘
1745,13:23:36,7.05,--,92,64860,买盘
1746,13:23:33,7.05,--,132,93060,买盘
1747,13:23:30,7.05,--,114,80370,买盘
1748,13:23:27,7.05,0.01,210,148050,买盘
1749,13:23:24,7.04,-0.01,12,8448,卖盘
1750,13:23:21,7.05,0.01,1,705,买盘
1751,13:23:18,7.04,--,86,60544,卖盘
1752,13:23:15,7.04,--,116,81664,卖盘
1753,13:23:12,7.04,--,224,157696,卖盘
1754,13:23:09,7.04,--,104,73216,卖盘
1755,13:23:06,7.04,-0.01,16,11264,卖盘
1756,13:23:03,7.05,--,13,9165,买盘
1757,13:23:00,7.05,--,61,43005,买盘
1758,13:22:57,7.05,--,160,112800,买盘
1759,13:22:51,7.05,--,1,705,买盘
1760,13:22:48,7.05,--,40,28200,买盘
1761,13:22:45,7.05,--,111,78255,买盘
1762,13:22:42,7.05,--,65,45825,买盘
1763,13:22:39,7.05,--,52,36660,买盘
1764,13:22:36,7.05,--,80,56400,买盘
1765,13:22:33,7.05,0.01,55,38775,买盘
1766,13:22:30,7.04,-0.01,204,143616,卖盘
1767,13:22:27,7.05,--,165,116325,买盘
1768,13:22:24,7.05,--,56,39480,买盘
1769,13:22:21,7.05,--,371,261555,买盘
1770,13:22:18,7.05,0.01,18,12690,买盘
1771,13:22:15,7.04,-0.01,10,7040,卖盘
1772,13:22:12,7.05,--,333,234765,买盘
1773,13:22:09,7.05,0.01,24,16920,买盘
1774,13:22:06,7.04,--,346,243584,卖盘
1775,13:22:03,7.04,-0.01,27,19008,卖盘
1776,13:22:00,7.05,0.01,301,212205,买盘
1777,13:21:57,7.04,--,3,2112,卖盘
1778,13:21:54,7.04,--,106,74624,卖盘
1779,13:21:51,7.04,--,58,40832,卖盘
1780,13:21:48,7.04,-0.01,71,49984,卖盘
1781,13:21:45,7.05,0.01,16,11280,买盘
1782,13:21:42,7.04,-0.01,10,7040,卖盘
1783,13:21:39,7.05,0.01,1347,949635,买盘
1784,13:21:33,7.04,--,10,7040,卖盘
1785,13:21:30,7.04,-0.01,104,73216,卖盘
1786,13:21:27,7.05,0.01,103,72615,买盘
1787,13:21:24,7.04,-0.01,17,11968,卖盘
1788,13:21:21,7.05,0.01,112,78960,买盘
1789,13:21:18,7.04,-0.01,18,12672,卖盘
1790,13:21:15,7.05,--,113,79665,买盘
1791,13:21:12,7.05,0.01,54,38070,买盘
1792,13:21:06,7.04,-0.01,183,128832,卖盘
1793,13:21:03,7.05,0.01,261,184005,买盘
1794,13:21:00,7.04,--,72,50688,卖盘
1795,13:20:57,7.04,-0.01,120,84480,卖盘
1796,13:20:54,7.05,--,55,38775,买盘
1797,13:20:48,7.05,--,4227,2980035,买盘
1798,13:20:45,7.05,--,14,9870,买盘
1799,13:20:42,7.05,0.01,124,87420,买盘
1800,13:20:39,7.04,-0.01,7,4928,卖盘
1801,13:20:36,7.05,0.01,2,1410,买盘
1802,13:20:33,7.04,-0.01,194,136576,卖盘
1803,13:20:30,7.05,--,414,291870,买盘
1804,13:20:27,7.05,0.01,10,7050,买盘
1805,13:20:24,7.04,-0.01,287,202048,卖盘
1806,13:20:21,7.05,--,110,77550,买盘
1807,13:20:18,7.05,--,24,16920,买盘
1808,13:20:15,7.05,0.01,10,7050,买盘
1809,13:20:12,7.04,-0.01,79,55616,卖盘
1810,13:20:09,7.05,0.01,176,124080,买盘
1811,13:20:06,7.04,-0.01,11,7744,卖盘
1812,13:20:03,7.05,--,22,15510,买盘
1813,13:20:00,7.05,0.01,55,38775,买盘
1814,13:19:57,7.04,-0.01,17,11968,卖盘
1815,13:19:54,7.05,--,168,118440,买盘
1816,13:19:51,7.05,--,217,152985,买盘
1817,13:19:48,7.05,--,175,123375,买盘
1818,13:19:42,7.05,--,138,97290,买盘
1819,13:19:39,7.05,--,148,104340,买盘
1820,13:19:36,7.05,--,113,79665,买盘
1821,13:19:33,7.05,--,20,14494,买盘
1822,13:19:30,7.05,--,243,171315,买盘
1823,13:19:27,7.05,0.01,263,185415,买盘
1824,13:19:24,7.04,--,59,41536,卖盘
1825,13:19:21,7.04,-0.01,75,52800,卖盘
1826,13:19:18,7.05,--,55,38775,买盘
1827,13:19:15,7.05,0.01,55,38775,买盘
1828,13:19:12,7.04,-0.01,143,100672,卖盘
1829,13:19:09,7.05,0.01,102,71910,买盘
1830,13:19:06,7.04,-0.01,111,78144,卖盘
1831,13:19:03,7.05,--,69,48645,买盘
1832,13:19:00,7.05,0.01,5,3525,买盘
1833,13:18:57,7.04,--,47,33088,卖盘
1834,13:18:54,7.04,-0.01,74,52096,卖盘
1835,13:18:51,7.05,--,1,705,买盘
1836,13:18:48,7.05,--,56,39480,买盘
1837,13:18:45,7.05,0.01,40,28200,买盘
1838,13:18:42,7.04,--,92,64768,卖盘
1839,13:18:39,7.04,-0.01,30,21120,卖盘
1840,13:18:36,7.05,--,176,124080,买盘
1841,13:18:33,7.05,--,17,11985,买盘
1842,13:18:30,7.05,0.01,292,205860,买盘
1843,13:18:27,7.04,--,42,29568,卖盘
1844,13:18:24,7.04,--,29,20416,卖盘
1845,13:18:21,7.04,-0.01,52,36608,卖盘
1846,13:18:18,7.05,0.01,63,44415,买盘
1847,13:18:15,7.04,-0.01,48,33792,卖盘
1848,13:18:12,7.05,--,3,2115,买盘
1849,13:18:09,7.05,0.01,125,88125,买盘
1850,13:18:06,7.04,-0.01,136,95744,卖盘
1851,13:18:03,7.05,--,4,2820,买盘
1852,13:18:00,7.05,--,39,27495,买盘
1853,13:17:57,7.05,0.01,58,40890,买盘
1854,13:17:54,7.04,--,7,4928,卖盘
1855,13:17:51,7.04,--,26,18304,卖盘
1856,13:17:48,7.04,-0.01,30,21120,卖盘
1857,13:17:45,7.05,0.01,110,77550,买盘
1858,13:17:42,7.04,-0.01,100,70400,卖盘
1859,13:17:39,7.05,0.01,98,69090,买盘
1860,13:17:36,7.04,-0.01,61,42944,卖盘
1861,13:17:33,7.05,--,10,7050,买盘
1862,13:17:30,7.05,0.01,1,705,买盘
1863,13:17:27,7.04,--,37,26048,卖盘
1864,13:17:24,7.04,--,88,62353,卖盘
1865,13:17:21,7.04,--,18,12672,卖盘
1866,13:17:18,7.04,--,2,1408,卖盘
1867,13:17:15,7.04,-0.01,49,34496,卖盘
1868,13:17:12,7.05,0.02,183,129015,买盘
1869,13:17:09,7.03,--,45,31635,卖盘
1870,13:17:06,7.03,--,11,7733,卖盘
1871,13:17:03,7.03,-0.01,262,184614,卖盘
1872,13:17:00,7.04,--,49,34496,买盘
1873,13:16:57,7.04,0.01,20,14080,买盘
1874,13:16:54,7.03,-0.01,17,11951,卖盘
1875,13:16:51,7.04,--,58,40832,买盘
1876,13:16:48,7.04,--,60,42240,买盘
1877,13:16:45,7.04,--,540,380160,买盘
1878,13:16:42,7.04,--,109,76736,买盘
1879,13:16:39,7.04,--,52,36608,买盘
1880,13:16:36,7.04,--,22,15488,买盘
1881,13:16:33,7.04,--,105,73920,买盘
1882,13:16:30,7.04,--,16,11264,买盘
1883,13:16:27,7.04,--,68,47872,买盘
1884,13:16:24,7.04,--,18,12672,卖盘
1885,13:16:21,7.04,-0.01,3,2112,卖盘
1886,13:16:18,7.05,--,54,38070,买盘
1887,13:16:15,7.05,--,20,14100,买盘
1888,13:16:09,7.05,0.01,559,394095,买盘
1889,13:16:06,7.04,--,134,94476,卖盘
1890,13:16:03,7.04,-0.01,51,35904,卖盘
1891,13:16:00,7.05,--,354,249570,买盘
1892,13:15:54,7.05,0.01,126,88830,买盘
1893,13:15:51,7.04,-0.01,191,134464,卖盘
1894,13:15:48,7.05,0.01,4,2820,买盘
1895,13:15:45,7.04,-0.01,156,109824,卖盘
1896,13:15:42,7.05,--,106,74730,买盘
1897,13:15:36,7.05,--,1,705,买盘
1898,13:15:33,7.05,0.01,53,37365,买盘
1899,13:15:27,7.04,-0.01,8,5632,卖盘
1900,13:15:24,7.05,--,51,35955,买盘
1901,13:15:21,7.05,--,74,52170,买盘
1902,13:15:18,7.05,0.01,4,2820,买盘
1903,13:15:15,7.04,-0.01,15,10560,卖盘
1904,13:15:12,7.05,0.01,52,36660,买盘
1905,13:15:09,7.04,--,30,21120,卖盘
1906,13:15:06,7.04,--,16,11264,卖盘
1907,13:15:03,7.04,--,31,22239,卖盘
1908,13:15:00,7.04,--,73,51392,卖盘
1909,13:14:57,7.04,--,7,4928,卖盘
1910,13:14:54,7.04,--,11,7744,卖盘
1911,13:14:51,7.04,-0.01,120,84480,卖盘
1912,13:14:48,7.05,0.01,52,36660,买盘
1913,13:14:45,7.04,--,25,18240,卖盘
1914,13:14:42,7.04,--,45,31680,卖盘
1915,13:14:39,7.04,--,59,41536,卖盘
1916,13:14:36,7.04,--,8,5632,卖盘
1917,13:14:33,7.04,--,12,8448,卖盘
1918,13:14:30,7.04,--,75,52800,卖盘
1919,13:14:27,7.04,--,409,287936,卖盘
1920,13:14:24,7.04,-0.01,83,58643,中性盘
1921,13:14:18,7.05,0.01,200,141000,买盘
1922,13:14:15,7.04,--,54,38016,买盘
1923,13:14:12,7.04,-0.01,29,20486,卖盘
1924,13:14:06,7.05,--,67,47235,买盘
1925,13:14:03,7.05,--,35,24675,买盘
1926,13:14:00,7.05,--,70,49984,买盘
1927,13:13:54,7.05,0.01,974,686670,买盘
1928,13:13:48,7.04,--,13,9152,卖盘
1929,13:13:45,7.04,-0.01,24,16896,卖盘
1930,13:13:42,7.05,0.01,50,35250,买盘
1931,13:13:39,7.04,--,182,128128,买盘
1932,13:13:36,7.04,--,119,83776,买盘
1933,13:13:33,7.04,--,19,13376,买盘
1934,13:13:30,7.04,--,210,147840,买盘
1935,13:13:27,7.04,0.01,31,21824,买盘
1936,13:13:24,7.03,-0.01,17,11951,卖盘
1937,13:13:21,7.04,--,52,36608,买盘
1938,13:13:18,7.04,0.01,1,704,买盘
1939,13:13:15,7.03,-0.01,25,17575,卖盘
1940,13:13:12,7.04,--,10,7040,买盘
1941,13:13:09,7.04,0.01,121,85184,买盘
1942,13:13:06,7.03,--,12,8436,卖盘
1943,13:13:03,7.03,-0.01,48,33744,卖盘
1944,13:13:00,7.04,--,9,6336,买盘
1945,13:12:57,7.04,--,141,99264,买盘
1946,13:12:54,7.04,--,45,31680,买盘
1947,13:12:51,7.04,-0.01,325,228800,卖盘
1948,13:12:48,7.05,0.01,164,115620,买盘
1949,13:12:45,7.04,-0.01,106,74624,卖盘
1950,13:12:39,7.05,--,672,473760,买盘
1951,13:12:36,7.05,0.01,85,59925,买盘
1952,13:12:30,7.04,-0.01,300,211200,卖盘
1953,13:12:24,7.05,--,60,42300,买盘
1954,13:12:21,7.05,0.01,23,16215,买盘
1955,13:12:18,7.04,--,2,1408,卖盘
1956,13:12:15,7.04,--,183,128832,卖盘
1957,13:12:12,7.04,--,5,3520,卖盘
1958,13:12:06,7.04,0.01,10,7040,中性盘
1959,13:12:03,7.03,-0.01,121,85063,卖盘
1960,13:12:00,7.04,--,5,3520,买盘
1961,13:11:57,7.04,0.01,50,35200,买盘
1962,13:11:54,7.03,-0.02,36,25308,卖盘
1963,13:11:51,7.05,0.01,63,44415,买盘
1964,13:11:48,7.04,0.01,1118,787072,买盘
1965,13:11:45,7.03,--,1,703,卖盘
1966,13:11:42,7.03,-0.01,887,623561,卖盘
1967,13:11:39,7.04,0.01,424,298496,买盘
1968,13:11:36,7.03,--,13,9139,卖盘
1969,13:11:33,7.03,-0.01,147,103341,卖盘
1970,13:11:30,7.04,--,754,530816,买盘
1971,13:11:24,7.04,0.01,17,11968,买盘
1972,13:11:21,7.03,-0.01,3,2109,卖盘
1973,13:11:18,7.04,0.01,1285,904640,买盘
1974,13:11:15,7.03,--,5,3515,卖盘
1975,13:11:12,7.03,--,20,14060,卖盘
1976,13:11:09,7.03,--,66,46398,卖盘
1977,13:11:06,7.03,--,14,9842,卖盘
1978,13:11:00,7.03,-0.01,109,76627,卖盘
1979,13:10:57,7.04,0.01,54,38016,买盘
1980,13:10:54,7.03,--,7,4921,卖盘
1981,13:10:51,7.03,-0.01,162,113886,卖盘
1982,13:10:48,7.04,--,48,33792,买盘
1983,13:10:45,7.04,--,53,37312,买盘
1984,13:10:42,7.04,--,9,6336,买盘
1985,13:10:39,7.04,--,20,14080,买盘
1986,13:10:33,7.04,--,122,85888,买盘
1987,13:10:27,7.04,--,91,64064,买盘
1988,13:10:24,7.04,0.01,55,38720,买盘
1989,13:10:21,7.03,-0.01,148,104044,卖盘
1990,13:10:18,7.04,0.01,5,3520,买盘
1991,13:10:15,7.03,-0.01,53,37259,卖盘
1992,13:10:12,7.04,0.01,53,37312,买盘
1993,13:10:09,7.03,--,43,30229,卖盘
1994,13:10:03,7.03,-0.01,56,39368,卖盘
1995,13:10:00,7.04,0.01,56,39424,买盘
1996,13:09:51,7.03,-0.01,152,106856,卖盘
1997,13:09:48,7.04,0.01,1,704,买盘
1998,13:09:45,7.03,--,214,150442,卖盘
1999,13:09:39,7.03,--,58,40774,卖盘
2000,13:09:36,7.03,-0.01,76,53428,卖盘
2001,13:09:33,7.04,--,14,9856,买盘
2002,13:09:30,7.04,--,2,1408,买盘
2003,13:09:27,7.04,0.01,402,283008,买盘
2004,13:09:24,7.03,--,162,113886,卖盘
2005,13:09:21,7.03,--,33,23199,卖盘
2006,13:09:18,7.03,-0.01,59,41547,卖盘
2007,13:09:15,7.04,0.01,67,47168,买盘
2008,13:09:12,7.03,--,320,224960,卖盘
2009,13:09:09,7.03,-0.01,137,96311,卖盘
2010,13:09:06,7.04,0.01,60,42240,买盘
2011,13:09:03,7.03,--,48,33744,卖盘
2012,13:09:00,7.03,--,15,10545,卖盘
2013,13:08:57,7.03,-0.01,7,4921,卖盘
2014,13:08:54,7.04,0.01,51,35904,买盘
2015,13:08:51,7.03,-0.01,1,703,卖盘
2016,13:08:48,7.04,--,40,28160,买盘
2017,13:08:45,7.04,--,8,5632,买盘
2018,13:08:42,7.04,0.01,68,47872,买盘
2019,13:08:39,7.03,-0.01,19,13357,卖盘
2020,13:08:33,7.04,--,56,39424,买盘
2021,13:08:30,7.04,0.01,16,11264,买盘
2022,13:08:24,7.03,-0.01,39,27417,卖盘
2023,13:08:21,7.04,--,52,36608,买盘
2024,13:08:18,7.04,--,36,25344,买盘
2025,13:08:15,7.04,--,69,48576,买盘
2026,13:08:09,7.04,--,72,50688,买盘
2027,13:08:06,7.04,0.01,59,41536,买盘
2028,13:08:03,7.03,-0.01,516,362748,卖盘
2029,13:08:00,7.04,0.01,50,35200,买盘
2030,13:07:57,7.03,--,15,10545,卖盘
2031,13:07:51,7.03,--,7,4921,卖盘
2032,13:07:48,7.03,--,86,60668,卖盘
2033,13:07:45,7.03,--,240,168720,卖盘
2034,13:07:42,7.03,--,102,71706,卖盘
2035,13:07:39,7.03,--,12,8436,卖盘
2036,13:07:36,7.03,--,55,38665,卖盘
2037,13:07:33,7.03,--,48,33744,卖盘
2038,13:07:30,7.03,--,210,147630,卖盘
2039,13:07:27,7.03,--,126,88578,卖盘
2040,13:07:21,7.03,-0.01,46,32738,卖盘
2041,13:07:18,7.04,--,34,23936,买盘
2042,13:07:15,7.04,0.01,69,48576,买盘
2043,13:07:09,7.03,-0.01,11,7733,卖盘
2044,13:07:06,7.04,--,53,37312,买盘
2045,13:07:03,7.04,0.01,49,34496,买盘
2046,13:06:57,7.03,-0.01,144,101232,卖盘
2047,13:06:54,7.04,0.01,71,49984,买盘
2048,13:06:51,7.03,-0.01,8,5624,卖盘
2049,13:06:48,7.04,0.01,4,2816,买盘
2050,13:06:45,7.03,-0.01,304,213712,卖盘
2051,13:06:42,7.04,--,54,38016,买盘
2052,13:06:39,7.04,--,10,7040,买盘
2053,13:06:30,7.04,--,50,35200,买盘
2054,13:06:27,7.04,--,106,74624,买盘
2055,13:06:24,7.04,0.01,5,3520,买盘
2056,13:06:21,7.03,-0.01,69,48507,卖盘
2057,13:06:15,7.04,--,275,193600,买盘
2058,13:06:12,7.04,--,102,71808,买盘
2059,13:06:09,7.04,0.01,84,59671,买盘
2060,13:06:03,7.03,--,1,703,卖盘
2061,13:06:00,7.03,-0.01,54,37962,卖盘
2062,13:05:57,7.04,--,54,38016,买盘
2063,13:05:54,7.04,0.01,12,8448,买盘
2064,13:05:51,7.03,--,355,249565,卖盘
2065,13:05:48,7.03,-0.01,35,24605,卖盘
2066,13:05:45,7.04,--,69,48576,买盘
2067,13:05:42,7.04,--,47,33088,买盘
2068,13:05:39,7.04,--,7,4928,买盘
2069,13:05:36,7.04,--,122,86085,卖盘
2070,13:05:33,7.04,--,24,17402,买盘
2071,13:05:30,7.04,-0.01,24,17093,卖盘
2072,13:05:27,7.05,--,4,2820,买盘
2073,13:05:24,7.05,0.01,357,251685,买盘
2074,13:05:21,7.04,--,28,20218,卖盘
2075,13:05:18,7.04,--,80,56320,卖盘
2076,13:05:15,7.04,--,160,112640,买盘
2077,13:05:12,7.04,--,39,27456,买盘
2078,13:05:09,7.04,--,13,9152,买盘
2079,13:05:06,7.04,--,10,7040,买盘
2080,13:05:03,7.04,--,56,39424,买盘
2081,13:04:57,7.04,--,503,354112,买盘
2082,13:04:54,7.04,--,5,3520,买盘
2083,13:04:51,7.04,0.01,70,49280,卖盘
2084,13:04:48,7.03,-0.02,124,87172,卖盘
2085,13:04:42,7.05,--,82,57810,买盘
2086,13:04:39,7.05,--,51,35955,买盘
2087,13:04:33,7.05,--,8,5640,买盘
2088,13:04:30,7.05,0.02,54,38070,买盘
2089,13:04:24,7.03,-0.01,10,7030,卖盘
2090,13:04:21,7.04,-0.01,7,4928,卖盘
2091,13:04:18,7.05,0.01,53,37365,买盘
2092,13:04:15,7.04,--,8,5632,买盘
2093,13:04:12,7.04,--,42,29568,买盘
2094,13:04:09,7.04,--,6,4224,买盘
2095,13:04:06,7.04,-0.01,95,66880,卖盘
2096,13:04:00,7.05,0.01,4,2820,买盘
2097,13:03:57,7.04,--,76,53504,买盘
2098,13:03:54,7.04,0.01,106,74624,买盘
2099,13:03:51,7.03,-0.01,6,4218,卖盘
2100,13:03:48,7.04,--,224,157696,卖盘
2101,13:03:45,7.04,-0.01,93,65472,卖盘
2102,13:03:42,7.05,--,6,4230,买盘
2103,13:03:39,7.05,--,490,345450,买盘
2104,13:03:36,7.05,0.01,14,9870,买盘
2105,13:03:33,7.04,--,93,65472,卖盘
2106,13:03:30,7.04,--,39,27456,买盘
2107,13:03:27,7.04,--,40,28160,买盘
2108,13:03:24,7.04,-0.01,27,19008,卖盘
2109,13:03:21,7.05,0.01,112,78960,买盘
2110,13:03:15,7.04,-0.01,81,57024,卖盘
2111,13:03:12,7.05,0.01,55,38775,买盘
2112,13:03:09,7.04,--,10,7040,中性盘
2113,13:03:06,7.04,--,30,21120,买盘
2114,13:03:03,7.04,--,21,14784,买盘
2115,13:03:00,7.04,--,67,47168,买盘
2116,13:02:57,7.04,--,184,129536,卖盘
2117,13:02:54,7.04,--,32,22528,买盘
2118,13:02:51,7.04,-0.01,24,16896,卖盘
2119,13:02:48,7.05,--,67,47235,买盘
2120,13:02:39,7.05,0.02,54,38070,买盘
2121,13:02:36,7.03,--,12,8436,卖盘
2122,13:02:27,7.03,-0.02,113,79439,卖盘
2123,13:02:24,7.05,0.01,16,11280,买盘
2124,13:02:21,7.04,--,13,9152,买盘
2125,13:02:18,7.04,--,31,21824,买盘
2126,13:02:15,7.04,--,107,75328,买盘
2127,13:02:12,7.04,--,3,2112,买盘
2128,13:02:09,7.04,-0.01,619,435776,卖盘
2129,13:02:06,7.05,0.01,55,38775,买盘
2130,13:02:03,7.04,-0.01,15,10560,卖盘
2131,13:01:57,7.05,0.02,3,2115,买盘
2132,13:01:54,7.03,-0.01,119,83657,卖盘
2133,13:01:51,7.04,--,222,156288,买盘
2134,13:01:42,7.04,--,55,38720,买盘
2135,13:01:39,7.04,--,50,35200,买盘
2136,13:01:36,7.04,--,51,35904,买盘
2137,13:01:33,7.04,--,58,40832,买盘
2138,13:01:30,7.04,--,5,3520,买盘
2139,13:01:27,7.04,0.01,4,2816,买盘
2140,13:01:24,7.03,-0.01,2,1406,卖盘
2141,13:01:21,7.04,--,77,54208,买盘
2142,13:01:18,7.04,--,52,36608,买盘
2143,13:01:09,7.04,--,65,45760,买盘
2144,13:01:06,7.04,--,109,76736,买盘
2145,13:01:03,7.04,--,220,154880,买盘
2146,13:01:00,7.04,--,202,142208,买盘
2147,13:00:57,7.04,--,53,37312,买盘
2148,13:00:54,7.04,0.01,3,2112,买盘
2149,13:00:51,7.03,-0.01,43,30229,卖盘
2150,13:00:48,7.04,--,49,34496,买盘
2151,13:00:45,7.04,0.01,51,35904,买盘
2152,13:00:39,7.03,-0.01,20,14060,卖盘
2153,13:00:36,7.04,--,55,38720,买盘
2154,13:00:33,7.04,--,7,4928,买盘
2155,13:00:24,7.04,--,74,52096,卖盘
2156,13:00:21,7.04,--,86,60544,买盘
2157,13:00:18,7.04,0.01,41,28864,买盘
2158,13:00:15,7.03,--,255,179265,卖盘
2159,13:00:12,7.03,-0.01,1251,879453,卖盘
2160,13:00:09,7.04,--,165,116160,买盘
2161,13:00:06,7.04,--,300,211200,买盘
2162,13:00:03,7.04,--,4016,2827897,买盘
2163,13:00:00,7.04,--,0,0,买盘
2164,11:30:00,7.04,0.01,4,2816,买盘
2165,11:29:54,7.03,-0.01,20,14060,中性盘
2166,11:29:51,7.04,0.02,87,61248,买盘
2167,11:29:48,7.02,--,6,4212,卖盘
2168,11:29:45,7.02,-0.01,9,6318,卖盘
2169,11:29:42,7.03,0.01,54,37962,中性盘
2170,11:29:39,7.02,--,23,16145,卖盘
2171,11:29:33,7.02,--,2,1404,卖盘
2172,11:29:30,7.02,--,70,49140,卖盘
2173,11:29:27,7.02,--,153,107406,卖盘
2174,11:29:24,7.02,-0.01,2740,1923648,卖盘
2175,11:29:21,7.03,--,214,150442,买盘
2176,11:29:18,7.03,0.01,293,205979,买盘
2177,11:29:12,7.02,--,7,4914,卖盘
2178,11:29:09,7.02,-0.01,64,44928,卖盘
2179,11:29:06,7.03,--,975,685425,买盘
2180,11:29:03,7.03,--,5,3515,买盘
2181,11:29:00,7.03,--,100,70300,买盘
2182,11:28:57,7.03,--,54,37962,买盘
2183,11:28:54,7.03,--,9,6327,买盘
2184,11:28:51,7.03,--,17,11951,买盘
2185,11:28:48,7.03,--,3,2109,买盘
2186,11:28:45,7.03,--,72,50616,买盘
2187,11:28:42,7.03,0.01,4,2812,买盘
2188,11:28:39,7.02,--,100,70200,卖盘
2189,11:28:36,7.02,--,61,42822,卖盘
2190,11:28:30,7.02,-0.01,10,7020,卖盘
2191,11:28:27,7.03,-0.01,37,26011,卖盘
2192,11:28:24,7.04,0.01,91,64064,买盘
2193,11:28:21,7.03,--,6,4218,卖盘
2194,11:28:18,7.03,--,68,47804,买盘
2195,11:28:15,7.03,-0.01,63,44289,中性盘
2196,11:28:12,7.04,0.02,53,37312,买盘
2197,11:28:09,7.02,-0.01,154,108108,卖盘
2198,11:28:06,7.03,-0.01,92,64676,卖盘
2199,11:28:03,7.04,0.01,77,54208,买盘
2200,11:27:54,7.03,--,8,5624,卖盘
2201,11:27:51,7.03,-0.01,148,104044,卖盘
2202,11:27:45,7.04,--,4,2816,买盘
2203,11:27:39,7.04,--,72,50688,买盘
2204,11:27:36,7.04,0.02,341,240064,买盘
2205,11:27:33,7.02,--,24,16848,卖盘
2206,11:27:30,7.02,-0.01,318,223236,卖盘
2207,11:27:27,7.03,--,5,3515,买盘
2208,11:27:24,7.03,-0.01,50,35150,中性盘
2209,11:27:21,7.04,0.02,59,41536,买盘
2210,11:27:18,7.02,-0.01,39,27378,卖盘
2211,11:27:15,7.03,--,2,1406,买盘
2212,11:27:12,7.03,--,6,4218,买盘
2213,11:27:09,7.03,0.01,3,2109,中性盘
2214,11:27:06,7.02,--,100,70200,卖盘
2215,11:27:03,7.02,-0.02,60,42120,卖盘
2216,11:27:00,7.04,0.01,23,16192,买盘
2217,11:26:57,7.03,-0.01,148,104044,卖盘
2218,11:26:54,7.04,--,56,39424,买盘
2219,11:26:51,7.04,--,11,7744,买盘
2220,11:26:48,7.04,--,11,7744,买盘
2221,11:26:45,7.04,0.01,54,38016,买盘
2222,11:26:33,7.03,--,56,39368,卖盘
2223,11:26:30,7.03,-0.01,11,7733,卖盘
2224,11:26:27,7.04,--,100,70400,买盘
2225,11:26:24,7.04,--,7,4928,买盘
2226,11:26:21,7.04,0.01,51,35904,买盘
2227,11:26:18,7.03,-0.01,78,54834,卖盘
2228,11:26:12,7.04,0.01,64,45056,买盘
2229,11:26:03,7.03,-0.01,48,33744,卖盘
2230,11:26:00,7.04,--,57,40128,买盘
2231,11:25:57,7.04,0.01,9,6336,买盘
2232,11:25:54,7.03,--,23,16169,卖盘
2233,11:25:48,7.03,--,258,181374,卖盘
2234,11:25:45,7.03,--,80,56240,卖盘
2235,11:25:42,7.03,--,17,11951,卖盘
2236,11:25:39,7.03,-0.01,19,13357,卖盘
2237,11:25:36,7.04,0.01,52,36608,买盘
2238,11:25:33,7.03,-0.01,5,3515,卖盘
2239,11:25:30,7.04,--,15,10560,买盘
2240,11:25:27,7.04,0.01,92,64768,买盘
2241,11:25:21,7.03,--,6,4218,卖盘
2242,11:25:18,7.03,-0.01,5,3515,卖盘
2243,11:25:15,7.04,0.01,51,35904,买盘
2244,11:25:09,7.03,-0.01,134,94202,卖盘
2245,11:25:06,7.04,--,5,3520,买盘
2246,11:25:03,7.04,--,66,46464,买盘
2247,11:24:57,7.04,0.01,1,704,买盘
2248,11:24:54,7.03,--,93,65379,卖盘
2249,11:24:51,7.03,--,9,6327,卖盘
2250,11:24:48,7.03,0.01,193,135679,买盘
2251,11:24:45,7.02,-0.01,76,53352,卖盘
2252,11:24:42,7.03,--,56,39368,买盘
2253,11:24:39,7.03,--,181,127243,买盘
2254,11:24:36,7.03,--,71,49913,买盘
2255,11:24:33,7.03,-0.01,26,18278,卖盘
2256,11:24:30,7.04,0.01,211,148544,买盘
2257,11:24:27,7.03,--,19,13357,卖盘
2258,11:24:24,7.03,-0.01,10,7030,卖盘
2259,11:24:21,7.04,0.01,56,39424,买盘
2260,11:24:18,7.03,--,31,21793,买盘
2261,11:24:15,7.03,-0.01,75,52725,卖盘
2262,11:24:12,7.04,--,4,2816,买盘
2263,11:24:09,7.04,0.01,91,64064,买盘
2264,11:24:06,7.03,--,20,14060,卖盘
2265,11:24:03,7.03,--,15,10545,卖盘
2266,11:24:00,7.03,-0.01,12,8436,卖盘
2267,11:23:57,7.04,0.01,71,49984,买盘
2268,11:23:54,7.03,-0.01,19,13357,卖盘
2269,11:23:51,7.04,--,29,20416,买盘
2270,11:23:48,7.04,--,52,36608,买盘
2271,11:23:45,7.04,0.01,13,9152,买盘
2272,11:23:42,7.03,-0.01,23,16169,卖盘
2273,11:23:39,7.04,--,51,35904,买盘
2274,11:23:36,7.04,0.01,84,59136,买盘
2275,11:23:33,7.03,--,572,402116,卖盘
2276,11:23:30,7.03,-0.01,11,7733,卖盘
2277,11:23:24,7.04,0.01,133,93632,买盘
2278,11:23:21,7.03,--,10,7030,卖盘
2279,11:23:18,7.03,-0.02,50,35150,卖盘
2280,11:23:15,7.05,0.01,56,39480,买盘
2281,11:23:12,7.04,--,87,61248,买盘
2282,11:23:03,7.04,-0.01,78,54912,卖盘
2283,11:23:00,7.05,--,5,3525,买盘
2284,11:22:57,7.05,0.02,1,705,买盘
2285,11:22:54,7.03,-0.02,6,4218,卖盘
2286,11:22:51,7.05,0.02,72,50760,买盘
2287,11:22:45,7.03,-0.01,19,13357,卖盘
2288,11:22:42,7.04,0.01,82,57728,买盘
2289,11:22:39,7.03,--,1,703,卖盘
2290,11:22:36,7.03,--,231,162393,卖盘
2291,11:22:30,7.03,--,63,44289,卖盘
2292,11:22:21,7.03,-0.01,15,10545,卖盘
2293,11:22:18,7.04,0.01,49,34496,买盘
2294,11:22:15,7.03,-0.01,2,1406,买盘
2295,11:22:09,7.04,0.01,114,80256,买盘
2296,11:22:06,7.03,--,1,703,卖盘
2297,11:22:03,7.03,--,50,35150,买盘
2298,11:22:00,7.03,-0.01,8,5624,卖盘
2299,11:21:57,7.04,--,74,52096,买盘
2300,11:21:54,7.04,0.01,2305,1622720,买盘
2301,11:21:51,7.03,-0.01,6,4218,卖盘
2302,11:21:48,7.04,--,8,5632,买盘
2303,11:21:45,7.04,0.01,101,71104,买盘
2304,11:21:42,7.03,--,1,703,卖盘
2305,11:21:39,7.03,-0.01,50,35150,卖盘
2306,11:21:36,7.04,--,40,28160,买盘
2307,11:21:33,7.04,0.01,57,40128,买盘
2308,11:21:30,7.03,0.01,78,54834,买盘
2309,11:21:27,7.02,-0.01,35,24570,卖盘
2310,11:21:24,7.03,0.01,49,34447,买盘
2311,11:21:21,7.02,-0.01,17,11934,卖盘
2312,11:21:18,7.03,--,7,4921,买盘
2313,11:21:15,7.03,--,203,142709,买盘
2314,11:21:12,7.03,--,104,73112,买盘
2315,11:21:09,7.03,-0.01,1584,1113552,卖盘
2316,11:21:06,7.04,--,6,4224,卖盘
2317,11:21:03,7.04,--,25,17600,买盘
2318,11:21:00,7.04,--,69,48576,买盘
2319,11:20:57,7.04,0.01,289,203456,买盘
2320,11:20:54,7.03,--,1064,747992,卖盘
2321,11:20:51,7.03,-0.01,53,37259,卖盘
2322,11:20:48,7.04,0.01,553,389312,买盘
2323,11:20:45,7.03,--,101,71003,卖盘
2324,11:20:42,7.03,-0.01,100,70300,卖盘
2325,11:20:39,7.04,--,92,64768,买盘
2326,11:20:36,7.04,--,60,42240,买盘
2327,11:20:33,7.04,0.01,59,41536,买盘
2328,11:20:30,7.03,-0.01,11,7733,卖盘
2329,11:20:27,7.04,0.01,70,49280,买盘
2330,11:20:21,7.03,-0.01,7,4921,卖盘
2331,11:20:18,7.04,--,1,704,买盘
2332,11:20:15,7.04,--,105,73920,卖盘
2333,11:20:12,7.04,--,6,4224,卖盘
2334,11:20:09,7.04,0.01,1,704,中性盘
2335,11:20:06,7.03,--,63,44289,卖盘
2336,11:20:03,7.03,-0.02,10,7030,卖盘
2337,11:19:57,7.05,0.02,1,705,买盘
2338,11:19:54,7.03,-0.01,59,41477,卖盘
2339,11:19:51,7.04,-0.01,22,15488,卖盘
2340,11:19:48,7.05,0.02,47,33135,买盘
2341,11:19:45,7.03,-0.02,100,70300,卖盘
2342,11:19:42,7.05,--,55,38775,买盘
2343,11:19:39,7.05,--,40,28200,买盘
2344,11:19:33,7.05,0.02,83,58515,买盘
2345,11:19:30,7.03,-0.01,28,19684,卖盘
2346,11:19:27,7.04,--,48,33792,卖盘
2347,11:19:24,7.04,--,10,7040,卖盘
2348,11:19:21,7.04,-0.01,60,42240,卖盘
2349,11:19:18,7.05,--,146,102930,买盘
2350,11:19:15,7.05,--,1018,717690,买盘
2351,11:19:09,7.05,0.01,52,36660,买盘
2352,11:19:03,7.04,-0.01,21,14784,卖盘
2353,11:19:00,7.05,--,55,38775,买盘
2354,11:18:57,7.05,--,31,21855,买盘
2355,11:18:54,7.05,0.01,80,56400,买盘
2356,11:18:51,7.04,--,24,16896,卖盘
2357,11:18:48,7.04,-0.01,75,52800,卖盘
2358,11:18:45,7.05,--,4,2820,买盘
2359,11:18:42,7.05,0.01,135,95175,买盘
2360,11:18:39,7.04,-0.01,21,14784,卖盘
2361,11:18:36,7.05,--,61,43005,买盘
2362,11:18:33,7.05,--,1,705,买盘
2363,11:18:30,7.05,--,101,71205,买盘
2364,11:18:27,7.05,--,60,42300,买盘
2365,11:18:24,7.05,--,70,49350,买盘
2366,11:18:21,7.05,0.01,10,7050,买盘
2367,11:18:18,7.04,--,29,20416,卖盘
2368,11:18:15,7.04,--,75,52800,卖盘
2369,11:18:12,7.04,--,109,76736,卖盘
2370,11:18:06,7.04,-0.01,43,30272,卖盘
2371,11:18:03,7.05,--,109,76845,买盘
2372,11:18:00,7.05,0.01,104,73320,买盘
2373,11:17:57,7.04,-0.01,14,9856,卖盘
2374,11:17:54,7.05,0.01,53,37365,买盘
2375,11:17:48,7.04,-0.01,17,11968,卖盘
2376,11:17:45,7.05,0.01,120,84600,买盘
2377,11:17:42,7.04,--,52,36608,买盘
2378,11:17:39,7.04,--,2,1408,买盘
2379,11:17:36,7.04,--,10,7040,买盘
2380,11:17:33,7.04,-0.01,1,704,中性盘
2381,11:17:30,7.05,0.01,236,166380,买盘
2382,11:17:27,7.04,--,124,87296,卖盘
2383,11:17:24,7.04,--,26,18304,卖盘
2384,11:17:21,7.04,--,159,111936,买盘
2385,11:17:18,7.04,--,7,4928,买盘
2386,11:17:09,7.04,0.01,121,85184,买盘
2387,11:17:03,7.03,-0.01,3,2109,卖盘
2388,11:17:00,7.04,--,90,63360,买盘
2389,11:16:57,7.04,--,51,35904,买盘
2390,11:16:54,7.04,0.01,16,11264,买盘
2391,11:16:51,7.03,--,17,11951,卖盘
2392,11:16:48,7.03,-0.01,59,41477,卖盘
2393,11:16:45,7.04,0.01,46,32384,买盘
2394,11:16:39,7.03,-0.01,16,11248,卖盘
2395,11:16:36,7.04,0.01,151,106304,买盘
2396,11:16:33,7.03,-0.01,1,703,卖盘
2397,11:16:30,7.04,--,15,10560,买盘
2398,11:16:24,7.04,0.01,57,40128,买盘
2399,11:16:21,7.03,--,6,4218,卖盘
2400,11:16:15,7.03,-0.01,14,9842,卖盘
2401,11:16:12,7.04,--,52,36608,买盘
2402,11:16:09,7.04,--,338,237952,买盘
2403,11:16:06,7.04,0.01,3,2112,买盘
2404,11:16:03,7.03,--,93,65379,卖盘
2405,11:16:00,7.03,-0.01,41,28823,卖盘
2406,11:15:54,7.04,0.01,689,485056,买盘
2407,11:15:51,7.03,--,85,59755,卖盘
2408,11:15:48,7.03,--,108,75924,卖盘
2409,11:15:45,7.03,-0.01,5,3515,卖盘
2410,11:15:42,7.04,--,8,5632,买盘
2411,11:15:39,7.04,0.01,74,52096,买盘
2412,11:15:36,7.03,-0.01,12,8436,卖盘
2413,11:15:33,7.04,--,4,2816,买盘
2414,11:15:30,7.04,0.01,83,58432,买盘
2415,11:15:27,7.03,-0.01,9,6327,卖盘
2416,11:15:24,7.04,--,35,24640,买盘
2417,11:15:21,7.04,--,29,20416,买盘
2418,11:15:18,7.04,0.01,164,115456,买盘
2419,11:15:15,7.03,--,20,14060,卖盘
2420,11:15:12,7.03,-0.01,10,7030,卖盘
2421,11:15:06,7.04,0.01,50,35200,买盘
2422,11:15:03,7.03,-0.01,34,23902,卖盘
2423,11:15:00,7.04,--,1,704,买盘
2424,11:14:57,7.04,0.01,52,36608,买盘
2425,11:14:54,7.03,-0.01,4,2812,卖盘
2426,11:14:51,7.04,0.01,41,28864,买盘
2427,11:14:48,7.03,-0.01,107,75221,卖盘
2428,11:14:45,7.04,--,73,51392,买盘
2429,11:14:42,7.04,--,10,7040,买盘
2430,11:14:39,7.04,--,67,47168,买盘
2431,11:14:36,7.04,--,93,65472,买盘
2432,11:14:33,7.04,--,56,39424,买盘
2433,11:14:30,7.04,--,16,11264,买盘
2434,11:14:24,7.04,0.01,63,44352,买盘
2435,11:14:21,7.03,-0.01,6,4218,卖盘
2436,11:14:18,7.04,--,113,79552,买盘
2437,11:14:15,7.04,--,4,2816,买盘
2438,11:14:12,7.04,--,83,58432,买盘
2439,11:14:09,7.04,0.01,120,84480,买盘
2440,11:14:03,7.03,-0.01,30,21090,卖盘
2441,11:14:00,7.04,--,61,42944,买盘
2442,11:13:57,7.04,--,11,7744,买盘
2443,11:13:54,7.04,--,100,70400,买盘
2444,11:13:51,7.04,--,43,30272,买盘
2445,11:13:48,7.04,--,144,101376,买盘
2446,11:13:39,7.04,--,62,43648,买盘
2447,11:13:36,7.04,0.01,13,9152,买盘
2448,11:13:30,7.03,-0.01,21,14763,卖盘
2449,11:13:27,7.04,0.01,59,41536,买盘
2450,11:13:24,7.03,--,93,65379,买盘
2451,11:13:21,7.03,--,25,17575,买盘
2452,11:13:18,7.03,--,14,9842,买盘
2453,11:13:15,7.03,--,55,38665,买盘
2454,11:13:12,7.03,--,136,95608,买盘
2455,11:13:06,7.03,0.01,56,39368,买盘
2456,11:13:00,7.02,--,23,16145,卖盘
2457,11:12:57,7.02,-0.02,12,8424,卖盘
2458,11:12:54,7.04,0.02,186,130944,买盘
2459,11:12:51,7.02,-0.01,66,46332,卖盘
2460,11:12:45,7.03,-0.01,5,3515,中性盘
2461,11:12:42,7.04,0.01,73,51392,买盘
2462,11:12:39,7.03,--,78,54834,买盘
2463,11:12:36,7.03,--,61,42883,买盘
2464,11:12:33,7.03,--,72,50616,买盘
2465,11:12:30,7.03,0.01,429,301587,买盘
2466,11:12:27,7.02,-0.01,61,42822,卖盘
2467,11:12:24,7.03,0.01,4,2812,买盘
2468,11:12:21,7.02,-0.01,125,87750,卖盘
2469,11:12:18,7.03,--,50,35150,买盘
2470,11:12:09,7.03,--,77,54131,买盘
2471,11:12:06,7.03,--,27,18981,买盘
2472,11:12:00,7.03,0.01,70,49210,买盘
2473,11:11:57,7.02,-0.01,345,242189,卖盘
2474,11:11:54,7.03,0.01,39,27417,买盘
2475,11:11:51,7.02,-0.01,450,315900,卖盘
2476,11:11:48,7.03,0.01,91,63973,买盘
2477,11:11:45,7.02,--,39,27378,卖盘
2478,11:11:42,7.02,--,11,7721,卖盘
2479,11:11:39,7.02,-0.01,80,56160,卖盘
2480,11:11:36,7.03,0.01,60,42180,买盘
2481,11:11:30,7.02,--,81,56862,卖盘
2482,11:11:27,7.02,--,85,59670,卖盘
2483,11:11:18,7.02,-0.01,3,2106,卖盘
2484,11:11:15,7.03,0.01,58,40774,买盘
2485,11:11:12,7.02,-0.01,119,83538,卖盘
2486,11:11:06,7.03,--,50,35150,买盘
2487,11:11:03,7.03,--,67,47101,买盘
2488,11:11:00,7.03,--,1,703,买盘
2489,11:10:57,7.03,--,41,28823,买盘
2490,11:10:54,7.03,--,75,52725,买盘
2491,11:10:51,7.03,--,48,33744,买盘
2492,11:10:48,7.03,--,30,21090,买盘
2493,11:10:45,7.03,0.01,176,123728,买盘
2494,11:10:42,7.02,-0.01,81,56862,卖盘
2495,11:10:39,7.03,0.01,19,13357,买盘
2496,11:10:36,7.02,-0.01,6,4212,卖盘
2497,11:10:33,7.03,--,60,42180,买盘
2498,11:10:30,7.03,--,75,52725,买盘
2499,11:10:27,7.03,--,30,21090,买盘
2500,11:10:24,7.03,--,12,8436,买盘
2501,11:10:21,7.03,--,44,30932,买盘
2502,11:10:18,7.03,--,63,44289,买盘
2503,11:10:15,7.03,0.01,5,3515,买盘
2504,11:10:12,7.02,-0.01,10,7020,卖盘
2505,11:10:09,7.03,--,59,41477,买盘
2506,11:10:06,7.03,--,30,21090,买盘
2507,11:10:00,7.03,--,1,703,买盘
2508,11:09:57,7.03,0.01,50,35150,买盘
2509,11:09:54,7.02,--,24,16848,卖盘
2510,11:09:48,7.02,-0.01,166,116532,卖盘
2511,11:09:45,7.03,0.01,77,54131,买盘
2512,11:09:42,7.02,-0.01,90,63179,卖盘
2513,11:09:36,7.03,0.01,162,113886,买盘
2514,11:09:33,7.02,--,40,28080,卖盘
2515,11:09:30,7.02,--,229,160758,卖盘
2516,11:09:27,7.02,-0.01,20,14040,卖盘
2517,11:09:24,7.03,0.01,354,248862,买盘
2518,11:09:21,7.02,-0.01,9,6318,卖盘
2519,11:09:18,7.03,--,16,11248,买盘
2520,11:09:15,7.03,--,1,703,买盘
2521,11:09:12,7.03,0.01,141,99123,买盘
2522,11:09:09,7.02,--,6,4212,卖盘
2523,11:09:06,7.02,-0.01,122,85644,卖盘
2524,11:09:03,7.03,0.01,56,39368,买盘
2525,11:09:00,7.02,-0.01,36,25272,卖盘
2526,11:08:54,7.03,--,14,9842,买盘
2527,11:08:51,7.03,0.01,53,37259,买盘
2528,11:08:48,7.02,--,100,70200,卖盘
2529,11:08:45,7.02,-0.01,173,121445,卖盘
2530,11:08:39,7.03,--,55,38665,买盘
2531,11:08:36,7.03,--,40,28120,买盘
2532,11:08:33,7.03,0.01,3,2109,买盘
2533,11:08:30,7.02,--,147,103194,卖盘
2534,11:08:27,7.02,-0.01,119,83538,卖盘
2535,11:08:24,7.03,0.01,4,2812,买盘
2536,11:08:21,7.02,-0.01,8,5616,卖盘
2537,11:08:18,7.03,--,60,42180,买盘
2538,11:08:15,7.03,0.01,17,11951,买盘
2539,11:08:12,7.02,-0.01,68,47736,卖盘
2540,11:08:09,7.03,--,44,30932,买盘
2541,11:08:06,7.03,--,75,52725,买盘
2542,11:08:00,7.03,--,71,49913,买盘
2543,11:07:57,7.03,--,1,703,买盘
2544,11:07:54,7.03,0.01,68,47804,买盘
2545,11:07:51,7.02,-0.01,20,14040,卖盘
2546,11:07:45,7.03,0.01,54,37962,买盘
2547,11:07:42,7.02,--,14,9828,卖盘
2548,11:07:39,7.02,-0.01,4,2808,卖盘
2549,11:07:36,7.03,--,111,78033,买盘
2550,11:07:33,7.03,--,64,44992,买盘
2551,11:07:30,7.03,--,15,10545,买盘
2552,11:07:27,7.03,--,975,685425,买盘
2553,11:07:21,7.03,0.01,86,60458,买盘
2554,11:07:15,7.02,-0.01,10,7020,卖盘
2555,11:07:12,7.03,0.01,84,59052,买盘
2556,11:07:09,7.02,-0.01,27,18954,卖盘
2557,11:07:06,7.03,0.01,3,2109,买盘
2558,11:07:00,7.02,--,167,117234,卖盘
2559,11:06:57,7.02,--,52,36504,卖盘
2560,11:06:54,7.02,0.01,85,59670,买盘
2561,11:06:51,7.01,-0.01,29,20329,卖盘
2562,11:06:48,7.02,--,228,160056,买盘
2563,11:06:45,7.02,0.01,21,14742,买盘
2564,11:06:42,7.01,-0.01,318,222918,卖盘
2565,11:06:39,7.02,--,57,40014,买盘
2566,11:06:36,7.02,--,120,84240,买盘
2567,11:06:33,7.02,--,9,6318,买盘
2568,11:06:30,7.02,--,29,20358,买盘
2569,11:06:27,7.02,0.01,206,144612,买盘
2570,11:06:24,7.01,-0.01,17,11917,卖盘
2571,11:06:21,7.02,--,31,21762,买盘
2572,11:06:18,7.02,-0.01,313,219726,卖盘
2573,11:06:15,7.03,--,106,74518,买盘
2574,11:06:09,7.03,0.01,80,56240,买盘
2575,11:06:03,7.02,--,90,63179,卖盘
2576,11:06:00,7.02,--,131,91962,买盘
2577,11:05:57,7.02,--,4,2808,买盘
2578,11:05:54,7.02,--,147,103194,买盘
2579,11:05:51,7.02,--,49,34398,买盘
2580,11:05:48,7.02,-0.01,782,548964,卖盘
2581,11:05:45,7.03,0.01,96,67488,买盘
2582,11:05:42,7.02,--,67,47034,卖盘
2583,11:05:39,7.02,--,41,28782,卖盘
2584,11:05:36,7.02,--,99,69498,卖盘
2585,11:05:33,7.02,-0.01,5,3510,卖盘
2586,11:05:30,7.03,0.01,378,265734,买盘
2587,11:05:27,7.02,--,4,2808,卖盘
2588,11:05:21,7.02,--,138,96876,卖盘
2589,11:05:18,7.02,--,4,2808,卖盘
2590,11:05:15,7.02,--,150,105300,卖盘
2591,11:05:12,7.02,--,12,8424,卖盘
2592,11:05:09,7.02,--,223,156546,卖盘
2593,11:05:06,7.02,--,29,20358,卖盘
2594,11:05:03,7.02,0.01,565,396630,买盘
2595,11:05:00,7.01,-0.01,103,72203,卖盘
2596,11:04:57,7.02,0.01,188,131976,买盘
2597,11:04:54,7.01,-0.01,250,175250,卖盘
2598,11:04:51,7.02,0.01,69,48438,买盘
2599,11:04:48,7.01,-0.01,92,64492,卖盘
2600,11:04:45,7.02,--,92,64583,买盘
2601,11:04:42,7.02,--,93,65285,买盘
2602,11:04:39,7.02,--,98,68796,买盘
2603,11:04:36,7.02,--,556,390312,买盘
2604,11:04:30,7.02,0.01,279,195858,买盘
2605,11:04:27,7.01,-0.01,114,79914,卖盘
2606,11:04:24,7.02,0.01,68,47736,买盘
2607,11:04:21,7.01,--,36,25236,卖盘
2608,11:04:18,7.01,-0.01,14,9814,卖盘
2609,11:04:15,7.02,--,56,39312,买盘
2610,11:04:09,7.02,0.01,42,29484,买盘
2611,11:04:06,7.01,-0.01,124,86924,卖盘
2612,11:04:03,7.02,0.01,131,91962,买盘
2613,11:04:00,7.01,-0.01,60,42060,卖盘
2614,11:03:57,7.02,0.01,49,34398,买盘
2615,11:03:54,7.01,--,49,34349,卖盘
2616,11:03:51,7.01,--,152,106552,卖盘
2617,11:03:48,7.01,--,114,79914,卖盘
2618,11:03:45,7.01,-0.01,176,123376,卖盘
2619,11:03:42,7.02,0.01,75,52650,买盘
2620,11:03:39,7.01,--,40,28040,卖盘
2621,11:03:36,7.01,-0.01,35,24535,卖盘
2622,11:03:33,7.02,--,24,16848,买盘
2623,11:03:30,7.02,0.01,75,52650,买盘
2624,11:03:27,7.01,--,48,33648,卖盘
2625,11:03:24,7.01,-0.01,61,42761,卖盘
2626,11:03:21,7.02,--,63,44226,买盘
2627,11:03:18,7.02,0.01,456,320112,买盘
2628,11:03:15,7.01,-0.01,11,7711,卖盘
2629,11:03:12,7.02,0.01,46,32291,买盘
2630,11:03:09,7.01,--,64,44864,卖盘
2631,11:03:06,7.01,-0.01,35,24535,卖盘
2632,11:03:03,7.02,--,91,63881,买盘
2633,11:03:00,7.02,--,54,37908,买盘
2634,11:02:57,7.02,0.01,103,72306,买盘
2635,11:02:54,7.01,--,1,701,卖盘
2636,11:02:51,7.01,--,4,2804,卖盘
2637,11:02:48,7.01,--,413,289513,卖盘
2638,11:02:45,7.01,--,369,258669,卖盘
2639,11:02:42,7.01,--,4,2804,卖盘
2640,11:02:39,7.01,-0.01,75,52575,卖盘
2641,11:02:36,7.02,0.01,219,153738,买盘
2642,11:02:33,7.01,-0.01,55,38555,卖盘
2643,11:02:30,7.02,--,58,40716,买盘
2644,11:02:24,7.02,0.01,52,36504,买盘
2645,11:02:21,7.01,--,326,228806,卖盘
2646,11:02:18,7.01,--,53,37153,卖盘
2647,11:02:15,7.01,-0.01,6,4206,卖盘
2648,11:02:12,7.02,--,188,131976,买盘
2649,11:02:09,7.02,0.01,57,40014,买盘
2650,11:02:06,7.01,--,18,12618,卖盘
2651,11:02:03,7.01,-0.01,206,144406,卖盘
2652,11:02:00,7.02,--,78,54756,买盘
2653,11:01:57,7.02,0.01,1,702,买盘
2654,11:01:54,7.01,-0.01,102,71502,卖盘
2655,11:01:51,7.02,--,150,105300,买盘
2656,11:01:48,7.02,0.01,2558,1795716,买盘
2657,11:01:45,7.01,-0.01,20,14020,卖盘
2658,11:01:42,7.02,--,23,16145,买盘
2659,11:01:39,7.02,--,188,131976,买盘
2660,11:01:36,7.02,--,21,14742,买盘
2661,11:01:33,7.02,0.01,27,18954,买盘
2662,11:01:30,7.01,--,348,243948,卖盘
2663,11:01:27,7.01,--,61,42761,卖盘
2664,11:01:24,7.01,--,31,21731,卖盘
2665,11:01:21,7.01,-0.01,250,175250,卖盘
2666,11:01:15,7.02,0.01,57,40014,买盘
2667,11:01:09,7.01,-0.01,45,31545,卖盘
2668,11:01:06,7.02,0.01,83,58266,买盘
2669,11:01:03,7.01,--,60,42060,卖盘
2670,11:01:00,7.01,-0.01,35,24535,卖盘
2671,11:00:57,7.02,--,4,2808,买盘
2672,11:00:54,7.02,--,309,216918,卖盘
2673,11:00:51,7.02,--,155,108810,卖盘
2674,11:00:48,7.02,--,185,129869,卖盘
2675,11:00:45,7.02,-0.01,1878,1318356,卖盘
2676,11:00:42,7.03,0.01,54,37962,买盘
2677,11:00:39,7.02,--,1056,741312,卖盘
2678,11:00:36,7.02,--,2,1404,卖盘
2679,11:00:33,7.02,--,476,334152,卖盘
2680,11:00:30,7.02,--,11,7721,卖盘
2681,11:00:27,7.02,-0.01,16,11232,卖盘
2682,11:00:24,7.03,--,768,539904,买盘
2683,11:00:21,7.03,0.01,56,39368,买盘
2684,11:00:18,7.02,-0.01,250,175500,卖盘
2685,11:00:15,7.03,--,30,21090,买盘
2686,11:00:12,7.03,--,6,4218,买盘
2687,11:00:09,7.03,0.01,82,57646,买盘
2688,11:00:03,7.02,-0.01,88,61775,卖盘
2689,11:00:00,7.03,0.01,54,37962,买盘
2690,10:59:57,7.02,-0.01,518,363636,卖盘
2691,10:59:54,7.03,0.01,4,2812,买盘
2692,10:59:51,7.02,-0.01,173,121445,卖盘
2693,10:59:48,7.03,--,57,40071,买盘
2694,10:59:45,7.03,0.01,20,14060,买盘
2695,10:59:42,7.02,-0.01,112,78624,卖盘
2696,10:59:39,7.03,--,100,70300,买盘
2697,10:59:36,7.03,0.01,72,50616,买盘
2698,10:59:33,7.02,-0.01,88,61775,卖盘
2699,10:59:30,7.03,0.01,61,42883,买盘
2700,10:59:27,7.02,-0.01,103,72306,卖盘
2701,10:59:24,7.03,--,4,2812,买盘
2702,10:59:21,7.03,0.01,27,18981,买盘
2703,10:59:18,7.02,-0.01,10,7020,卖盘
2704,10:59:15,7.03,--,1187,834461,买盘
2705,10:59:12,7.03,0.01,506,355718,买盘
2706,10:59:09,7.02,--,110,77220,卖盘
2707,10:59:06,7.02,-0.01,110,77220,卖盘
2708,10:59:03,7.03,0.01,187,131461,买盘
2709,10:59:00,7.02,-0.01,636,446472,卖盘
2710,10:58:57,7.03,0.01,14,9842,买盘
2711,10:58:54,7.02,--,136,95472,卖盘
2712,10:58:51,7.02,--,6,4212,卖盘
2713,10:58:48,7.02,--,1475,1035449,卖盘
2714,10:58:45,7.02,-0.01,70,49140,卖盘
2715,10:58:42,7.03,--,54,37962,买盘
2716,10:58:39,7.03,0.01,190,133570,买盘
2717,10:58:36,7.02,-0.01,28,19656,卖盘
2718,10:58:33,7.03,--,289,203167,卖盘
2719,10:58:30,7.03,--,76,53428,卖盘
2720,10:58:27,7.03,--,427,300181,卖盘
2721,10:58:24,7.03,--,150,105450,卖盘
2722,10:58:21,7.03,-0.01,74,52022,卖盘
2723,10:58:18,7.04,0.01,231,162624,买盘
2724,10:58:09,7.03,--,235,165205,买盘
2725,10:58:06,7.03,--,65,45695,卖盘
2726,10:58:03,7.03,-0.01,42,29526,卖盘
2727,10:57:57,7.04,--,51,35904,买盘
2728,10:57:54,7.04,0.01,509,358856,买盘
2729,10:57:48,7.03,-0.01,69,48507,卖盘
2730,10:57:45,7.04,0.01,68,47872,买盘
2731,10:57:42,7.03,-0.01,506,355718,卖盘
2732,10:57:39,7.04,--,34,23936,买盘
2733,10:57:36,7.04,--,65,45760,买盘
2734,10:57:33,7.04,--,9,6336,买盘
2735,10:57:30,7.04,--,70,49280,买盘
2736,10:57:27,7.04,--,188,132352,买盘
2737,10:57:24,7.04,--,273,192192,买盘
2738,10:57:21,7.04,0.01,5,3520,买盘
2739,10:57:18,7.03,-0.01,30,21090,卖盘
2740,10:57:12,7.04,--,56,39424,买盘
2741,10:57:09,7.04,--,19,13376,买盘
2742,10:57:06,7.04,--,55,38720,买盘
2743,10:57:03,7.04,0.01,100,70400,买盘
2744,10:57:00,7.03,-0.01,21,14763,卖盘
2745,10:56:57,7.04,--,12,8448,买盘
2746,10:56:54,7.04,--,29,20416,买盘
2747,10:56:51,7.04,0.01,54,38016,买盘
2748,10:56:48,7.03,-0.01,3,2109,卖盘
2749,10:56:45,7.04,0.01,2236,1574144,买盘
2750,10:56:42,7.03,-0.01,116,81548,卖盘
2751,10:56:39,7.04,0.01,144,101376,买盘
2752,10:56:36,7.03,--,80,56240,卖盘
2753,10:56:33,7.03,--,60,42180,卖盘
2754,10:56:30,7.03,-0.01,1193,838679,卖盘
2755,10:56:27,7.04,0.01,37,26048,买盘
2756,10:56:24,7.03,--,5,3515,卖盘
2757,10:56:21,7.03,-0.01,400,281200,卖盘
2758,10:56:18,7.04,--,248,174592,买盘
2759,10:56:15,7.04,0.01,118,83072,买盘
2760,10:56:12,7.03,-0.01,34,23902,卖盘
2761,10:56:09,7.04,--,142,99968,买盘
2762,10:56:06,7.04,0.01,60,42240,买盘
2763,10:56:03,7.03,-0.01,63,44289,卖盘
2764,10:55:57,7.04,0.01,113,79552,买盘
2765,10:55:54,7.03,-0.01,41,28823,卖盘
2766,10:55:51,7.04,--,134,94336,买盘
2767,10:55:48,7.04,--,101,71104,买盘
2768,10:55:45,7.04,0.01,50,35200,买盘
2769,10:55:42,7.03,-0.01,13,9139,卖盘
2770,10:55:39,7.04,--,160,113245,卖盘
2771,10:55:36,7.04,-0.01,54,38016,卖盘
2772,10:55:33,7.05,0.01,52,36660,买盘
2773,10:55:30,7.04,-0.01,11,7744,卖盘
2774,10:55:24,7.05,0.01,59,41595,买盘
2775,10:55:21,7.04,--,37,26048,卖盘
2776,10:55:18,7.04,--,51,36002,卖盘
2777,10:55:15,7.04,-0.01,2,1408,卖盘
2778,10:55:12,7.05,0.02,341,240405,买盘
2779,10:55:09,7.03,-0.01,5,3515,卖盘
2780,10:55:06,7.04,--,21,14784,买盘
2781,10:55:00,7.04,--,254,178816,买盘
2782,10:54:57,7.04,--,10,7040,买盘
2783,10:54:54,7.04,--,56,39424,买盘
2784,10:54:48,7.04,--,118,83072,买盘
2785,10:54:45,7.04,0.01,30,21120,买盘
2786,10:54:42,7.03,-0.01,8,5624,卖盘
2787,10:54:39,7.04,--,60,42240,买盘
2788,10:54:36,7.04,--,17,11968,买盘
2789,10:54:33,7.04,--,20,14080,买盘
2790,10:54:30,7.04,--,25,17600,买盘
2791,10:54:27,7.04,--,51,35904,买盘
2792,10:54:24,7.04,0.01,10,7040,买盘
2793,10:54:21,7.03,-0.02,45,31635,卖盘
2794,10:54:15,7.05,0.01,64,45120,买盘
2795,10:54:09,7.04,--,15,10560,买盘
2796,10:54:06,7.04,0.01,75,52800,买盘
2797,10:54:03,7.03,-0.01,76,53428,卖盘
2798,10:54:00,7.04,0.01,14,9856,买盘
2799,10:53:57,7.03,-0.01,23,16169,卖盘
2800,10:53:54,7.04,--,52,36608,买盘
2801,10:53:51,7.04,--,2,1408,买盘
2802,10:53:48,7.04,--,2,1408,买盘
2803,10:53:42,7.04,0.01,69,48576,买盘
2804,10:53:39,7.03,-0.01,11,7733,卖盘
2805,10:53:36,7.04,--,9,6336,买盘
2806,10:53:33,7.04,0.01,62,43648,买盘
2807,10:53:30,7.03,-0.01,143,100529,卖盘
2808,10:53:27,7.04,--,151,106304,卖盘
2809,10:53:24,7.04,--,737,518848,买盘
2810,10:53:21,7.04,0.01,55,38720,买盘
2811,10:53:18,7.03,-0.01,18,12654,卖盘
2812,10:53:12,7.04,--,20,14080,买盘
2813,10:53:09,7.04,--,112,78848,买盘
2814,10:53:06,7.04,0.01,85,59840,买盘
2815,10:53:03,7.03,--,385,270655,卖盘
2816,10:53:00,7.03,-0.01,34,23902,卖盘
2817,10:52:57,7.04,--,65,45760,买盘
2818,10:52:54,7.04,0.01,44,30976,买盘
2819,10:52:51,7.03,--,18,12654,卖盘
2820,10:52:48,7.03,--,60,42180,卖盘
2821,10:52:45,7.03,--,65,45695,卖盘
2822,10:52:42,7.03,-0.01,7,4921,卖盘
2823,10:52:39,7.04,--,19,13376,买盘
2824,10:52:36,7.04,--,76,53504,买盘
2825,10:52:33,7.04,0.01,69,48576,买盘
2826,10:52:30,7.03,-0.01,10,7030,卖盘
2827,10:52:27,7.04,--,3,2112,买盘
2828,10:52:24,7.04,--,54,38016,买盘
2829,10:52:21,7.04,--,1,704,买盘
2830,10:52:18,7.04,--,90,63360,买盘
2831,10:52:15,7.04,0.01,57,40128,买盘
2832,10:52:12,7.03,-0.01,89,62567,卖盘
2833,10:52:09,7.04,0.01,95,66880,买盘
2834,10:52:06,7.03,-0.01,33,23199,卖盘
2835,10:52:03,7.04,--,61,42944,买盘
2836,10:52:00,7.04,--,26,18304,买盘
2837,10:51:54,7.04,--,10,7040,买盘
2838,10:51:51,7.04,--,61,42944,买盘
2839,10:51:48,7.04,--,3,2112,买盘
2840,10:51:45,7.04,--,80,56320,卖盘
2841,10:51:42,7.04,0.01,96,67584,买盘
2842,10:51:39,7.03,-0.01,13,9139,卖盘
2843,10:51:36,7.04,0.01,30,21120,买盘
2844,10:51:33,7.03,-0.01,1338,940614,卖盘
2845,10:51:30,7.04,--,89,62656,卖盘
2846,10:51:27,7.04,--,40,28160,卖盘
2847,10:51:24,7.04,-0.01,90,63360,卖盘
