,time,price,change,volume,amount,type
0,15:00:03,8.58,--,12938,11100804,中性盘
1,14:57:00,8.58,-0.01,260,223080,中性盘
2,14:56:57,8.59,0.02,1070,919130,买盘
3,14:56:51,8.57,-0.01,454,389078,卖盘
4,14:56:48,8.58,--,61,52338,买盘
5,14:56:45,8.58,0.01,193,165594,买盘
6,14:56:42,8.57,--,40,34280,卖盘
7,14:56:39,8.57,0.01,243,208251,买盘
8,14:56:36,8.56,-0.02,440,376640,卖盘
9,14:56:33,8.58,0.02,4905,4208490,买盘
10,14:56:30,8.56,-0.01,404,345824,卖盘
11,14:56:27,8.57,--,501,429357,买盘
12,14:56:24,8.57,0.01,743,636751,买盘
13,14:56:21,8.56,--,411,351816,卖盘
14,14:56:18,8.56,--,88,75328,卖盘
15,14:56:15,8.56,--,1969,1685977,买盘
16,14:56:12,8.56,--,117,100152,买盘
17,14:56:09,8.56,--,662,566672,买盘
18,14:56:06,8.56,--,789,675384,卖盘
19,14:56:03,8.56,--,44,37664,卖盘
20,14:56:00,8.56,--,81,69336,卖盘
21,14:55:57,8.56,--,1139,974984,卖盘
22,14:55:54,8.56,--,228,195168,卖盘
23,14:55:51,8.56,--,112,95872,买盘
24,14:55:48,8.56,0.01,194,166064,买盘
25,14:55:45,8.55,-0.01,645,551475,卖盘
26,14:55:42,8.56,0.01,300,256800,买盘
27,14:55:39,8.55,-0.01,401,342855,卖盘
28,14:55:36,8.56,--,730,624880,买盘
29,14:55:33,8.56,--,203,173768,买盘
30,14:55:30,8.56,-0.01,1118,957008,卖盘
31,14:55:27,8.57,--,159,136263,买盘
32,14:55:24,8.57,0.01,16,13712,买盘
33,14:55:21,8.56,--,323,276488,卖盘
34,14:55:18,8.56,--,201,172056,卖盘
35,14:55:15,8.56,--,74,63344,卖盘
36,14:55:12,8.56,--,322,275632,卖盘
37,14:55:09,8.56,--,120,102720,卖盘
38,14:55:06,8.56,--,196,167776,卖盘
39,14:55:03,8.56,--,391,334696,买盘
40,14:55:00,8.56,--,114,97584,买盘
41,14:54:57,8.56,--,651,557256,买盘
42,14:54:54,8.56,--,178,152368,买盘
43,14:54:51,8.56,--,264,225984,买盘
44,14:54:48,8.56,0.01,241,206296,买盘
45,14:54:45,8.55,-0.01,85,72675,卖盘
46,14:54:42,8.56,0.01,100,85600,买盘
47,14:54:39,8.55,--,76,64980,卖盘
48,14:54:36,8.55,--,62,53010,卖盘
49,14:54:33,8.55,-0.01,190,162450,卖盘
50,14:54:30,8.56,0.01,23,19688,买盘
51,14:54:27,8.55,--,462,395010,卖盘
52,14:54:24,8.55,--,314,268470,买盘
53,14:54:21,8.55,--,37,31635,买盘
54,14:54:18,8.55,0.01,1,855,买盘
55,14:54:15,8.54,--,115,98209,卖盘
56,14:54:12,8.54,--,205,175069,卖盘
57,14:54:09,8.54,--,312,266448,卖盘
58,14:54:06,8.54,--,3550,3031699,卖盘
59,14:54:03,8.54,--,13,11101,卖盘
60,14:54:00,8.54,--,19,16225,卖盘
61,14:53:57,8.54,-0.01,135,115289,卖盘
62,14:53:54,8.55,0.01,218,186390,买盘
63,14:53:51,8.54,--,92,78567,卖盘
64,14:53:48,8.54,--,93,79421,卖盘
65,14:53:45,8.54,0.01,129,110165,卖盘
66,14:53:42,8.53,-0.01,853,727609,卖盘
67,14:53:39,8.54,0.01,1798,1535833,买盘
68,14:53:36,8.53,--,149,127096,卖盘
69,14:53:33,8.53,--,209,178277,卖盘
70,14:53:30,8.53,--,4,3411,卖盘
71,14:53:27,8.53,--,79,67387,卖盘
72,14:53:24,8.53,-0.01,244,208131,卖盘
73,14:53:21,8.54,0.01,106,90523,买盘
74,14:53:18,8.53,-0.01,61,52032,卖盘
75,14:53:15,8.54,0.01,65,55509,买盘
76,14:53:12,8.53,--,145,123684,卖盘
77,14:53:09,8.53,--,81,69093,卖盘
78,14:53:06,8.53,--,109,92977,卖盘
79,14:53:03,8.53,--,262,223485,卖盘
80,14:53:00,8.53,--,102,87006,卖盘
81,14:52:57,8.53,--,128,109183,卖盘
82,14:52:54,8.53,--,10,8530,买盘
83,14:52:51,8.53,--,138,117713,买盘
84,14:52:48,8.53,--,59,50326,卖盘
85,14:52:45,8.53,--,144,122831,卖盘
86,14:52:42,8.53,--,793,677196,买盘
87,14:52:39,8.53,0.01,8,6823,买盘
88,14:52:36,8.52,-0.01,147,125244,卖盘
89,14:52:33,8.53,0.01,222,189366,买盘
90,14:52:30,8.52,--,25,21300,卖盘
91,14:52:27,8.52,-0.01,19,16188,卖盘
92,14:52:24,8.53,0.01,9,7676,买盘
93,14:52:21,8.52,-0.01,214,182328,卖盘
94,14:52:18,8.53,--,172,146716,买盘
95,14:52:15,8.53,0.01,28,23884,买盘
96,14:52:12,8.52,-0.01,76,64752,卖盘
97,14:52:09,8.53,0.01,349,297714,买盘
98,14:52:06,8.52,--,232,198498,卖盘
99,14:52:03,8.52,-0.01,48,40896,卖盘
100,14:52:00,8.53,0.01,116,98965,买盘
101,14:51:57,8.52,--,10,8520,卖盘
102,14:51:54,8.52,--,1183,1007916,卖盘
103,14:51:51,8.52,--,102,86904,买盘
104,14:51:48,8.52,0.01,63,53676,买盘
105,14:51:45,8.51,-0.01,30,25530,卖盘
106,14:51:42,8.52,0.01,168,143136,买盘
107,14:51:39,8.51,--,79,67229,卖盘
108,14:51:36,8.51,-0.01,107,91057,卖盘
109,14:51:33,8.52,--,20,17040,买盘
110,14:51:30,8.52,--,116,98832,买盘
111,14:51:27,8.52,--,6,5112,买盘
112,14:51:24,8.52,--,57,48564,买盘
113,14:51:21,8.52,--,39,33228,卖盘
114,14:51:18,8.52,-0.01,51,43452,卖盘
115,14:51:15,8.53,0.02,246,209837,买盘
116,14:51:12,8.51,-0.01,1554,1322539,卖盘
117,14:51:09,8.52,--,17,14484,卖盘
118,14:51:06,8.52,--,31,26412,卖盘
119,14:51:03,8.52,-0.01,63,53676,卖盘
120,14:51:00,8.53,-0.01,114,97241,中性盘
121,14:50:57,8.54,0.01,328,280112,买盘
122,14:50:54,8.53,--,86,73358,卖盘
123,14:50:51,8.53,--,100,85300,卖盘
124,14:50:48,8.53,-0.01,216,184248,卖盘
125,14:50:45,8.54,0.01,215,183609,买盘
126,14:50:42,8.53,--,131,111742,卖盘
127,14:50:39,8.53,-0.01,100,85300,卖盘
128,14:50:36,8.54,0.01,395,337329,买盘
129,14:50:33,8.53,-0.01,200,170600,卖盘
130,14:50:30,8.54,--,48,40991,买盘
131,14:50:27,8.54,--,309,263886,买盘
132,14:50:24,8.54,--,82,70028,买盘
133,14:50:21,8.54,0.01,406,346723,买盘
134,14:50:18,8.53,-0.01,166,141598,卖盘
135,14:50:15,8.54,--,10,8540,买盘
136,14:50:12,8.54,--,105,89669,买盘
137,14:50:09,8.54,--,23,19641,买盘
138,14:50:06,8.54,--,128,109311,买盘
139,14:50:03,8.54,0.01,146,124683,买盘
140,14:50:00,8.53,-0.01,63,53738,卖盘
141,14:49:57,8.54,--,405,345869,买盘
142,14:49:54,8.54,0.01,12,10247,买盘
143,14:49:51,8.53,--,18,15353,卖盘
144,14:49:48,8.53,--,36,30707,卖盘
145,14:49:45,8.53,0.01,987,841910,买盘
146,14:49:42,8.52,--,61,51972,卖盘
147,14:49:39,8.52,--,18,15336,卖盘
148,14:49:36,8.52,--,84,71568,卖盘
149,14:49:33,8.52,--,1577,1344370,买盘
150,14:49:30,8.52,0.01,68,57936,买盘
151,14:49:27,8.51,-0.02,1241,1056176,卖盘
152,14:49:24,8.53,--,386,329258,卖盘
153,14:49:21,8.53,0.01,130,110889,买盘
154,14:49:18,8.52,--,6,5112,卖盘
155,14:49:15,8.52,--,1243,1059802,卖盘
156,14:49:12,8.52,--,511,435372,买盘
157,14:49:09,8.52,--,48,40896,买盘
158,14:49:06,8.52,0.01,136,115872,买盘
159,14:49:03,8.51,-0.01,6,5106,卖盘
160,14:49:00,8.52,0.01,252,214704,买盘
161,14:48:57,8.51,-0.01,143,122203,卖盘
162,14:48:54,8.52,0.01,64,54528,买盘
163,14:48:51,8.51,-0.01,73,62123,卖盘
164,14:48:48,8.52,0.02,17,14484,买盘
165,14:48:45,8.5,--,115,97750,卖盘
166,14:48:42,8.5,--,506,430100,卖盘
167,14:48:39,8.5,-0.01,38,32300,卖盘
168,14:48:36,8.51,-0.01,36,30636,卖盘
169,14:48:33,8.52,0.02,85,72420,买盘
170,14:48:30,8.5,-0.01,7,5950,卖盘
171,14:48:27,8.51,--,12,10212,买盘
172,14:48:24,8.51,--,17,14467,买盘
173,14:48:21,8.51,--,168,142968,卖盘
174,14:48:18,8.51,--,212,180412,卖盘
175,14:48:15,8.51,--,109,92759,卖盘
176,14:48:12,8.51,0.01,277,235727,买盘
177,14:48:09,8.5,--,180,153000,卖盘
178,14:48:06,8.5,--,93,79050,卖盘
179,14:48:03,8.5,0.01,515,438022,买盘
180,14:48:00,8.49,-0.01,435,369315,卖盘
181,14:47:57,8.5,--,141,119850,买盘
182,14:47:54,8.5,0.01,99,84150,买盘
183,14:47:51,8.49,-0.01,65,55185,卖盘
184,14:47:48,8.5,0.01,564,479400,买盘
185,14:47:45,8.49,--,152,129048,卖盘
186,14:47:42,8.49,-0.01,10,8490,卖盘
187,14:47:39,8.5,0.01,92,78200,买盘
188,14:47:36,8.49,--,406,344694,卖盘
189,14:47:33,8.49,-0.01,832,706368,卖盘
190,14:47:30,8.5,--,571,485350,买盘
191,14:47:27,8.5,--,72,61200,买盘
192,14:47:24,8.5,0.01,119,101150,买盘
193,14:47:21,8.49,-0.01,295,250455,卖盘
194,14:47:18,8.5,--,231,196350,买盘
195,14:47:15,8.5,-0.01,2089,1776228,卖盘
196,14:47:12,8.51,--,81,68931,卖盘
197,14:47:09,8.51,--,96,81696,买盘
198,14:47:06,8.51,0.01,20,17020,买盘
199,14:47:03,8.5,-0.01,1,850,卖盘
200,14:47:00,8.51,0.01,49,41699,买盘
201,14:46:57,8.5,--,8,6800,卖盘
202,14:46:54,8.5,--,23,19550,卖盘
203,14:46:51,8.5,--,122,103700,卖盘
204,14:46:48,8.5,-0.02,20,17000,卖盘
205,14:46:45,8.52,0.03,198,168968,买盘
206,14:46:42,8.49,-0.01,64,54336,卖盘
207,14:46:39,8.5,--,62,52700,买盘
208,14:46:36,8.5,--,215,182750,买盘
209,14:46:33,8.5,-0.01,1947,1655528,卖盘
210,14:46:30,8.51,0.01,11,9361,卖盘
211,14:46:27,8.5,--,68,58072,卖盘
212,14:46:24,8.5,-0.01,68,57800,卖盘
213,14:46:21,8.51,--,25,21275,买盘
214,14:46:18,8.51,--,75,63825,买盘
215,14:46:15,8.51,--,38,32338,买盘
216,14:46:12,8.51,--,122,103822,买盘
217,14:46:09,8.51,--,20,17020,买盘
218,14:46:06,8.51,--,771,656121,卖盘
219,14:46:03,8.51,-0.01,103,87653,卖盘
220,14:46:00,8.52,--,510,434520,买盘
221,14:45:54,8.52,--,287,244524,卖盘
222,14:45:51,8.52,--,249,212148,卖盘
223,14:45:48,8.52,--,17,14484,卖盘
224,14:45:45,8.52,--,135,115020,卖盘
225,14:45:42,8.52,--,70,59640,卖盘
226,14:45:39,8.52,-0.01,502,427704,卖盘
227,14:45:36,8.53,0.01,20,17060,买盘
228,14:45:33,8.52,--,526,448152,卖盘
229,14:45:30,8.52,-0.01,226,192552,卖盘
230,14:45:27,8.53,0.01,406,346318,买盘
231,14:45:24,8.52,--,139,118428,卖盘
232,14:45:21,8.52,--,111,94572,买盘
233,14:45:18,8.52,0.01,2,1704,买盘
234,14:45:15,8.51,0.01,4,3404,卖盘
235,14:45:12,8.5,-0.02,3000,2550000,卖盘
236,14:45:09,8.52,--,109,92868,卖盘
237,14:45:06,8.52,0.02,146,124392,买盘
238,14:45:03,8.5,-0.01,179,152150,卖盘
239,14:45:00,8.51,--,64,54464,买盘
240,14:44:57,8.51,--,1793,1525843,卖盘
241,14:44:54,8.51,-0.01,154,131054,卖盘
242,14:44:51,8.52,--,32,27264,买盘
243,14:44:48,8.52,-0.01,58,49416,卖盘
244,14:44:45,8.53,--,10,8530,买盘
245,14:44:39,8.53,0.01,1135,968154,买盘
246,14:44:36,8.52,-0.01,23,19596,卖盘
247,14:44:33,8.53,0.01,33,28148,买盘
248,14:44:30,8.52,-0.01,17,14484,卖盘
249,14:44:27,8.53,0.01,139,118566,买盘
250,14:44:24,8.52,-0.01,21,17892,卖盘
251,14:44:21,8.53,--,576,491413,卖盘
252,14:44:18,8.53,--,72,61415,卖盘
253,14:44:15,8.53,--,136,116007,卖盘
254,14:44:12,8.53,--,63,53738,卖盘
255,14:44:09,8.53,-0.01,43,36679,卖盘
256,14:44:06,8.54,0.01,207,176777,买盘
257,14:44:03,8.53,--,13,11089,卖盘
258,14:44:00,8.53,--,6,5118,卖盘
259,14:43:57,8.53,--,44,37532,卖盘
260,14:43:51,8.53,--,292,249843,买盘
261,14:43:48,8.53,0.01,234,199601,买盘
262,14:43:45,8.52,-0.01,402,342504,卖盘
263,14:43:42,8.53,--,1086,926357,买盘
264,14:43:39,8.53,0.01,65,55444,买盘
265,14:43:36,8.52,-0.01,105,89460,卖盘
266,14:43:33,8.53,--,53,45209,买盘
267,14:43:30,8.53,--,6,5118,买盘
268,14:43:27,8.53,--,111,94683,买盘
269,14:43:24,8.53,--,15,12794,买盘
270,14:43:21,8.53,--,158,134774,买盘
271,14:43:18,8.53,--,144,122831,买盘
272,14:43:15,8.53,--,139,118566,买盘
273,14:43:12,8.53,--,113,96389,买盘
274,14:43:09,8.53,--,46,39238,买盘
275,14:43:06,8.53,0.01,188,160364,买盘
276,14:43:03,8.52,-0.01,352,299904,卖盘
277,14:43:00,8.53,0.01,106,90418,买盘
278,14:42:57,8.52,-0.01,213,181476,卖盘
279,14:42:54,8.53,--,42,35826,买盘
280,14:42:51,8.53,--,51,43503,买盘
281,14:42:48,8.53,--,55,46915,买盘
282,14:42:45,8.53,--,504,429911,买盘
283,14:42:42,8.53,--,95,81035,买盘
284,14:42:39,8.53,--,2,1705,买盘
285,14:42:36,8.53,--,393,335314,卖盘
286,14:42:33,8.53,-0.01,39,33267,卖盘
287,14:42:30,8.54,0.01,10,8540,买盘
288,14:42:27,8.53,--,200,170600,卖盘
289,14:42:24,8.53,--,117,99800,卖盘
290,14:42:21,8.53,--,9,7676,卖盘
291,14:42:18,8.53,--,40,34120,卖盘
292,14:42:15,8.53,--,327,278931,卖盘
293,14:42:12,8.53,--,679,579954,买盘
294,14:42:09,8.53,0.01,387,330111,买盘
295,14:42:06,8.52,--,541,460932,卖盘
296,14:42:03,8.52,-0.01,1,852,卖盘
297,14:42:00,8.53,--,329,280637,买盘
298,14:41:57,8.53,--,39,33267,买盘
299,14:41:54,8.53,--,30,25589,买盘
300,14:41:51,8.53,--,155,132215,买盘
301,14:41:48,8.53,0.01,237,202160,买盘
302,14:41:45,8.52,-0.01,28,23856,卖盘
303,14:41:42,8.53,0.01,531,452942,买盘
304,14:41:39,8.52,--,37,31524,卖盘
305,14:41:36,8.52,-0.01,101,86052,卖盘
306,14:41:33,8.53,0.01,168,143304,买盘
307,14:41:30,8.52,-0.01,12,10224,卖盘
308,14:41:27,8.53,0.01,78,66534,买盘
309,14:41:24,8.52,--,140,119280,卖盘
310,14:41:21,8.52,--,23,19596,卖盘
311,14:41:18,8.52,--,18,15336,卖盘
312,14:41:15,8.52,0.01,1032,879264,买盘
313,14:41:12,8.51,-0.01,42,35742,卖盘
314,14:41:09,8.52,0.01,151,128652,买盘
315,14:41:06,8.51,--,48,40848,卖盘
316,14:41:03,8.51,--,39,33189,卖盘
317,14:41:00,8.51,--,173,147223,卖盘
318,14:40:57,8.51,--,28,23828,卖盘
319,14:40:54,8.51,0.01,849,722499,买盘
320,14:40:51,8.5,--,41,34850,卖盘
321,14:40:48,8.5,--,400,340000,卖盘
322,14:40:45,8.5,-0.01,17,14450,卖盘
323,14:40:42,8.51,0.02,413,351463,买盘
324,14:40:39,8.49,-0.01,215,182535,卖盘
325,14:40:36,8.5,--,231,196350,买盘
326,14:40:33,8.5,--,785,667250,买盘
327,14:40:30,8.5,0.01,87,73950,买盘
328,14:40:27,8.49,-0.01,13,11037,卖盘
329,14:40:24,8.5,0.01,71,60350,买盘
330,14:40:21,8.49,-0.01,103,87447,卖盘
331,14:40:18,8.5,0.01,375,318750,买盘
332,14:40:15,8.49,--,93,78957,卖盘
333,14:40:12,8.49,-0.01,161,136689,卖盘
334,14:40:09,8.5,--,19,16150,买盘
335,14:40:06,8.5,--,6,5100,买盘
336,14:40:03,8.5,--,210,178500,买盘
337,14:40:00,8.5,--,50,42500,买盘
338,14:39:57,8.5,--,6,5100,买盘
339,14:39:54,8.5,0.01,85,72250,买盘
340,14:39:51,8.49,--,225,191025,卖盘
341,14:39:45,8.49,--,61,51789,买盘
342,14:39:42,8.49,--,198,168102,买盘
343,14:39:39,8.49,0.01,426,361674,买盘
344,14:39:36,8.48,-0.01,144,122112,卖盘
345,14:39:33,8.49,--,30,25470,买盘
346,14:39:30,8.49,0.01,282,239418,买盘
347,14:39:27,8.48,--,82,69536,卖盘
348,14:39:24,8.48,-0.01,49,41552,卖盘
349,14:39:21,8.49,--,18,15282,买盘
350,14:39:18,8.49,0.02,216,183384,买盘
351,14:39:15,8.47,-0.01,221,187187,卖盘
352,14:39:12,8.48,0.01,133,112784,买盘
353,14:39:09,8.47,0.01,488,413336,买盘
354,14:39:06,8.46,--,68,57528,卖盘
355,14:39:03,8.46,--,45,38070,卖盘
356,14:39:00,8.46,-0.01,30,25380,卖盘
357,14:38:57,8.47,--,92,77924,买盘
358,14:38:54,8.47,0.01,148,125356,买盘
359,14:38:51,8.46,--,112,94752,卖盘
360,14:38:48,8.46,0.01,469,397484,买盘
361,14:38:45,8.45,--,30,25349,卖盘
362,14:38:42,8.45,--,51,43095,卖盘
363,14:38:39,8.45,--,96,81120,卖盘
364,14:38:36,8.45,--,94,79430,卖盘
365,14:38:33,8.45,--,29,24504,卖盘
366,14:38:30,8.45,--,1,844,买盘
367,14:38:27,8.45,--,95,80275,买盘
368,14:38:24,8.45,0.01,15,12674,买盘
369,14:38:21,8.44,-0.01,121,102124,卖盘
370,14:38:18,8.45,0.01,55,46474,买盘
371,14:38:15,8.44,0.01,34,28696,卖盘
372,14:38:12,8.43,-0.01,230,193890,卖盘
373,14:38:09,8.44,0.01,241,203404,买盘
374,14:38:06,8.43,--,127,107061,卖盘
375,14:38:03,8.43,-0.01,269,226767,卖盘
376,14:38:00,8.44,--,250,211000,买盘
377,14:37:57,8.44,--,303,255731,卖盘
378,14:37:54,8.44,--,3,2532,卖盘
379,14:37:51,8.44,--,36,30384,卖盘
380,14:37:48,8.44,--,46,38824,卖盘
381,14:37:45,8.44,--,223,188212,卖盘
382,14:37:42,8.44,-0.01,50,42200,卖盘
383,14:37:39,8.45,0.02,106,89569,买盘
384,14:37:36,8.43,-0.02,313,263859,卖盘
385,14:37:33,8.45,--,74,62529,买盘
386,14:37:30,8.45,0.01,43,36335,买盘
387,14:37:27,8.44,--,260,219862,卖盘
388,14:37:24,8.44,-0.02,22,18568,卖盘
389,14:37:21,8.46,0.01,87,73602,买盘
390,14:37:18,8.45,0.01,206,174069,买盘
391,14:37:15,8.44,-0.01,61,51619,卖盘
392,14:37:12,8.45,--,79,66755,卖盘
393,14:37:09,8.45,--,51,43095,卖盘
394,14:37:06,8.45,--,38,32109,卖盘
395,14:37:03,8.45,--,23,19435,卖盘
396,14:37:00,8.45,-0.01,17,14364,卖盘
397,14:36:57,8.46,--,760,642960,买盘
398,14:36:54,8.46,--,142,120132,卖盘
399,14:36:51,8.46,--,63,53298,卖盘
400,14:36:48,8.46,-0.01,287,242802,卖盘
401,14:36:45,8.47,0.01,39,33033,买盘
402,14:36:42,8.46,--,47,39762,卖盘
403,14:36:39,8.46,-0.01,66,55836,卖盘
404,14:36:36,8.47,--,9,7623,买盘
405,14:36:33,8.47,--,32,27104,买盘
406,14:36:30,8.47,--,101,85547,买盘
407,14:36:27,8.47,0.01,389,329483,买盘
408,14:36:24,8.46,-0.01,12,10152,卖盘
409,14:36:21,8.47,--,93,78771,买盘
410,14:36:18,8.47,--,21,17787,买盘
411,14:36:15,8.47,--,19,16093,买盘
412,14:36:12,8.47,0.01,46,38962,买盘
413,14:36:09,8.46,-0.01,44,37224,卖盘
414,14:36:06,8.47,0.01,12,10164,买盘
415,14:36:03,8.46,--,1,846,卖盘
416,14:36:00,8.46,-0.01,38,32148,卖盘
417,14:35:57,8.47,-0.01,104,88088,卖盘
418,14:35:54,8.48,--,134,113632,买盘
419,14:35:51,8.48,0.01,57,48336,买盘
420,14:35:48,8.47,--,58,49126,卖盘
421,14:35:45,8.47,-0.02,400,338800,卖盘
422,14:35:42,8.49,0.02,41,34809,买盘
423,14:35:39,8.47,--,107,90629,卖盘
424,14:35:36,8.47,--,262,221914,卖盘
425,14:35:33,8.47,--,90,76230,卖盘
426,14:35:30,8.47,-0.01,220,186340,卖盘
427,14:35:27,8.48,0.01,28,23744,买盘
428,14:35:24,8.47,-0.01,583,493801,卖盘
429,14:35:21,8.48,--,6,5088,买盘
430,14:35:18,8.48,--,98,83104,买盘
431,14:35:15,8.48,--,64,54272,买盘
432,14:35:12,8.48,--,59,50032,买盘
433,14:35:09,8.48,--,15,12720,买盘
434,14:35:06,8.48,0.01,27,22896,买盘
435,14:35:03,8.47,--,33,27951,卖盘
436,14:35:00,8.47,-0.01,156,132132,卖盘
437,14:34:57,8.48,--,251,212848,买盘
438,14:34:54,8.48,0.01,158,133984,买盘
439,14:34:51,8.47,-0.01,92,77924,卖盘
440,14:34:48,8.48,--,17,14416,买盘
441,14:34:45,8.48,--,9,7632,买盘
442,14:34:42,8.48,--,52,44096,买盘
443,14:34:39,8.48,--,40,33920,买盘
444,14:34:36,8.48,-0.01,85,72080,卖盘
445,14:34:33,8.49,--,13,11037,买盘
446,14:34:30,8.49,0.01,58,49242,买盘
447,14:34:27,8.48,-0.01,302,256096,卖盘
448,14:34:24,8.49,--,44,37356,买盘
449,14:34:21,8.49,0.01,35,29715,买盘
450,14:34:18,8.48,-0.01,212,179776,卖盘
451,14:34:15,8.49,0.01,3,2547,买盘
452,14:34:12,8.48,--,166,140768,卖盘
453,14:34:09,8.48,--,45,38160,卖盘
454,14:34:06,8.48,--,71,60208,卖盘
455,14:34:03,8.48,-0.01,25,21200,卖盘
456,14:34:00,8.49,--,2,1698,买盘
457,14:33:57,8.49,--,138,117162,卖盘
458,14:33:54,8.49,-0.01,303,257247,卖盘
459,14:33:51,8.5,0.01,357,303450,买盘
460,14:33:48,8.49,--,97,82353,卖盘
461,14:33:45,8.49,--,166,140934,卖盘
462,14:33:42,8.49,--,48,40752,卖盘
463,14:33:39,8.49,-0.01,92,78108,卖盘
464,14:33:36,8.5,0.01,36,30600,买盘
465,14:33:33,8.49,-0.01,25,21225,卖盘
466,14:33:30,8.5,--,2,1700,买盘
467,14:33:27,8.5,--,8,6800,买盘
468,14:33:24,8.5,-0.01,1561,1326850,卖盘
469,14:33:21,8.51,--,12,10212,买盘
470,14:33:18,8.51,0.01,34,28934,买盘
471,14:33:15,8.5,--,1123,954550,卖盘
472,14:33:12,8.5,-0.01,105,89250,卖盘
473,14:33:09,8.51,--,12,10212,买盘
474,14:33:06,8.51,0.01,160,136160,买盘
475,14:33:03,8.5,-0.01,43,36550,卖盘
476,14:33:00,8.51,--,5,4255,买盘
477,14:32:57,8.51,-0.01,703,598253,卖盘
478,14:32:54,8.52,0.01,23,19596,买盘
479,14:32:51,8.51,-0.01,30,25530,卖盘
480,14:32:48,8.52,0.01,7,5964,买盘
481,14:32:45,8.51,--,12,10212,卖盘
482,14:32:42,8.51,-0.01,11,9361,卖盘
483,14:32:39,8.52,0.01,40,34080,买盘
484,14:32:36,8.51,-0.01,7,5957,卖盘
485,14:32:33,8.52,0.01,5,4260,买盘
486,14:32:30,8.51,--,44,37444,卖盘
487,14:32:27,8.51,-0.01,126,107226,卖盘
488,14:32:24,8.52,--,338,287976,买盘
489,14:32:21,8.52,--,5,4260,买盘
490,14:32:18,8.52,--,29,24708,买盘
491,14:32:15,8.52,--,51,43452,买盘
492,14:32:12,8.52,--,10,8520,买盘
493,14:32:09,8.52,0.01,160,136320,买盘
494,14:32:06,8.51,--,50,42550,卖盘
495,14:32:03,8.51,-0.01,12,10212,卖盘
496,14:32:00,8.52,0.01,11,9372,买盘
497,14:31:57,8.51,--,23,19573,卖盘
498,14:31:54,8.51,-0.01,105,89355,卖盘
499,14:31:51,8.52,--,51,43452,买盘
500,14:31:48,8.52,--,49,41748,买盘
501,14:31:45,8.52,--,30,25560,买盘
502,14:31:42,8.52,--,32,27264,买盘
503,14:31:39,8.52,--,2,1704,买盘
504,14:31:36,8.52,--,78,66456,买盘
505,14:31:33,8.52,-0.01,537,457524,卖盘
506,14:31:30,8.53,--,51,43503,买盘
507,14:31:27,8.53,--,130,110889,买盘
508,14:31:24,8.53,0.01,2,1705,买盘
509,14:31:21,8.52,-0.01,156,132912,卖盘
510,14:31:18,8.53,0.01,20,17060,买盘
511,14:31:15,8.52,--,39,33228,卖盘
512,14:31:12,8.52,--,241,205332,买盘
513,14:31:09,8.52,--,65,55380,买盘
514,14:31:06,8.52,--,56,47712,买盘
515,14:31:03,8.52,--,14,11928,买盘
516,14:31:00,8.52,--,220,187440,买盘
517,14:30:57,8.52,--,27,23004,买盘
518,14:30:54,8.52,--,1139,970854,卖盘
519,14:30:51,8.52,-0.01,21,17892,卖盘
520,14:30:48,8.53,--,75,63974,买盘
521,14:30:45,8.53,--,63,53738,买盘
522,14:30:42,8.53,--,20,17060,买盘
523,14:30:39,8.53,0.01,37,31560,买盘
524,14:30:36,8.52,--,13,11076,卖盘
525,14:30:33,8.52,-0.01,67,57510,卖盘
526,14:30:30,8.53,--,8,6823,买盘
527,14:30:27,8.53,--,123,104918,买盘
528,14:30:24,8.53,--,17,14500,买盘
529,14:30:21,8.53,--,135,115154,买盘
530,14:30:18,8.53,0.01,3,2559,买盘
531,14:30:15,8.52,--,65,55380,卖盘
532,14:30:12,8.52,0.01,459,391068,买盘
533,14:30:09,8.51,-0.01,6,5106,卖盘
534,14:30:06,8.52,0.01,101,86052,买盘
535,14:30:03,8.51,-0.01,345,293595,卖盘
536,14:30:00,8.52,--,47,40044,买盘
537,14:29:57,8.52,0.01,54,46008,买盘
538,14:29:54,8.51,-0.01,45,38295,卖盘
539,14:29:51,8.52,--,22,18744,买盘
540,14:29:48,8.52,--,19,16188,买盘
541,14:29:45,8.52,--,321,273492,卖盘
542,14:29:42,8.52,-0.01,49,41748,卖盘
543,14:29:39,8.53,--,4,3411,买盘
544,14:29:36,8.53,--,9,7676,买盘
545,14:29:33,8.53,0.01,5,4265,买盘
546,14:29:30,8.52,-0.01,45,38340,卖盘
547,14:29:27,8.53,0.01,5,4265,买盘
548,14:29:24,8.52,--,108,92016,买盘
549,14:29:21,8.52,-0.01,34,28968,中性盘
550,14:29:18,8.53,--,39,33267,买盘
551,14:29:15,8.53,--,17,14500,买盘
552,14:29:12,8.53,0.01,112,96047,买盘
553,14:29:09,8.52,-0.01,642,546984,卖盘
554,14:29:06,8.53,0.01,77,65681,买盘
555,14:29:03,8.52,-0.01,1482,1262664,卖盘
556,14:29:00,8.53,0.01,538,458913,买盘
557,14:28:57,8.52,-0.01,390,332280,卖盘
558,14:28:54,8.53,--,12,10236,买盘
559,14:28:51,8.53,--,97,82741,买盘
560,14:28:48,8.53,--,140,119419,买盘
561,14:28:45,8.53,--,38,32413,买盘
562,14:28:42,8.53,--,51,43503,买盘
563,14:28:39,8.53,--,33,28148,买盘
564,14:28:36,8.53,--,48,40944,买盘
565,14:28:33,8.53,--,18,15353,买盘
566,14:28:30,8.53,--,160,136480,买盘
567,14:28:27,8.53,--,147,125390,卖盘
568,14:28:24,8.53,-0.01,105,89565,卖盘
569,14:28:21,8.54,0.01,3,2561,买盘
570,14:28:18,8.53,-0.01,41,34973,卖盘
571,14:28:15,8.54,0.01,52,44407,买盘
572,14:28:12,8.53,--,74,63121,买盘
573,14:28:09,8.53,0.01,26,22178,买盘
574,14:28:06,8.52,--,7,5964,卖盘
575,14:28:03,8.52,-0.01,178,151656,卖盘
576,14:28:00,8.53,0.01,56,47768,买盘
577,14:27:57,8.52,-0.01,20,17040,卖盘
578,14:27:54,8.53,0.01,40,34120,买盘
579,14:27:51,8.52,--,129,109908,卖盘
580,14:27:48,8.52,-0.01,123,104796,卖盘
581,14:27:45,8.53,--,50,42650,买盘
582,14:27:42,8.53,--,198,168894,买盘
583,14:27:39,8.53,--,67,57150,买盘
584,14:27:36,8.53,--,75,63974,买盘
585,14:27:33,8.53,--,3,2559,买盘
586,14:27:30,8.53,--,84,71652,买盘
587,14:27:27,8.53,0.01,127,108330,买盘
588,14:27:24,8.52,--,25,21300,卖盘
589,14:27:21,8.52,--,2033,1732116,卖盘
590,14:27:18,8.52,-0.01,84,71568,卖盘
591,14:27:15,8.53,--,31,26442,买盘
592,14:27:12,8.53,--,74,63121,买盘
593,14:27:09,8.53,--,270,230309,买盘
594,14:27:06,8.53,0.01,93,79329,买盘
595,14:27:03,8.52,-0.01,100,85200,卖盘
596,14:27:00,8.53,--,404,344612,买盘
597,14:26:57,8.53,--,590,503269,买盘
598,14:26:54,8.53,--,1320,1125960,买盘
599,14:26:51,8.53,--,37,31560,买盘
600,14:26:48,8.53,--,108,92124,买盘
601,14:26:45,8.53,--,299,255046,买盘
602,14:26:42,8.53,0.01,21,17913,买盘
603,14:26:39,8.52,--,10,8520,卖盘
604,14:26:36,8.52,-0.01,211,179772,卖盘
605,14:26:33,8.53,--,205,174865,买盘
606,14:26:30,8.53,0.01,10,8530,买盘
607,14:26:24,8.52,--,27,23004,卖盘
608,14:26:21,8.52,--,43,36636,卖盘
609,14:26:18,8.52,--,19,16188,卖盘
610,14:26:15,8.52,--,3,2556,卖盘
611,14:26:12,8.52,--,335,285760,买盘
612,14:26:09,8.52,--,58,49416,买盘
613,14:26:06,8.52,0.01,115,97980,买盘
614,14:26:03,8.51,-0.01,143,121693,卖盘
615,14:26:00,8.52,0.01,183,155916,买盘
616,14:25:57,8.51,-0.01,13,11063,卖盘
617,14:25:54,8.52,0.01,457,389364,买盘
618,14:25:51,8.51,--,36,30636,卖盘
619,14:25:48,8.51,-0.01,22,18722,卖盘
620,14:25:45,8.52,--,3,2556,买盘
621,14:25:42,8.52,0.01,1,852,买盘
622,14:25:39,8.51,--,61,51911,卖盘
623,14:25:36,8.51,--,7,5957,卖盘
624,14:25:33,8.51,--,34,28934,卖盘
625,14:25:30,8.51,--,10,8510,卖盘
626,14:25:27,8.51,-0.01,159,135309,卖盘
627,14:25:24,8.52,--,23,19596,买盘
628,14:25:21,8.52,--,13,11076,买盘
629,14:25:18,8.52,0.01,32,27264,买盘
630,14:25:15,8.51,--,5,4255,卖盘
631,14:25:12,8.51,-0.01,11,9361,卖盘
632,14:25:09,8.52,--,31,26412,买盘
633,14:25:06,8.52,0.01,136,115872,买盘
634,14:25:03,8.51,-0.01,6,5106,卖盘
635,14:25:00,8.52,--,56,47712,买盘
636,14:24:57,8.52,--,48,40896,买盘
637,14:24:54,8.52,--,48,40896,买盘
638,14:24:51,8.52,--,32,27264,买盘
639,14:24:48,8.52,--,66,56232,买盘
640,14:24:45,8.52,--,210,178920,买盘
641,14:24:42,8.52,--,15,12780,买盘
642,14:24:39,8.52,--,175,149100,买盘
643,14:24:36,8.52,0.01,24,20448,买盘
644,14:24:33,8.51,-0.01,190,161690,卖盘
645,14:24:30,8.52,--,74,63048,买盘
646,14:24:27,8.52,--,10,8520,买盘
647,14:24:24,8.52,--,12,10224,买盘
648,14:24:21,8.52,--,91,77532,买盘
649,14:24:15,8.52,--,21,17892,买盘
650,14:24:12,8.52,0.01,83,70716,买盘
651,14:24:09,8.51,-0.01,46,39146,卖盘
652,14:24:06,8.52,0.01,29,24708,买盘
653,14:24:03,8.51,-0.01,5,4255,卖盘
654,14:24:00,8.52,0.01,535,455820,买盘
655,14:23:57,8.51,-0.01,238,202538,卖盘
656,14:23:54,8.52,--,4,3408,买盘
657,14:23:51,8.52,--,259,220668,买盘
658,14:23:48,8.52,0.01,247,210444,买盘
659,14:23:45,8.51,--,22,18722,卖盘
660,14:23:42,8.51,--,38,32338,卖盘
661,14:23:39,8.51,--,49,41699,卖盘
662,14:23:36,8.51,--,66,56166,卖盘
663,14:23:33,8.51,-0.01,4,3404,卖盘
664,14:23:30,8.52,0.02,11,9372,买盘
665,14:23:27,8.5,-0.02,36,30600,卖盘
666,14:23:24,8.52,0.01,230,195960,买盘
667,14:23:21,8.51,--,290,246790,买盘
668,14:23:18,8.51,--,69,58719,买盘
669,14:23:15,8.51,--,57,48507,买盘
670,14:23:12,8.51,--,20,17020,买盘
671,14:23:09,8.51,--,124,105524,卖盘
672,14:23:06,8.51,--,87,74037,卖盘
673,14:23:03,8.51,--,55,46805,卖盘
674,14:23:00,8.51,-0.01,8,6808,卖盘
675,14:22:57,8.52,0.01,6,5112,买盘
676,14:22:54,8.51,-0.01,283,240833,卖盘
677,14:22:51,8.52,0.01,38,32376,买盘
678,14:22:48,8.51,0.01,10,8510,卖盘
679,14:22:45,8.5,--,70,59500,卖盘
680,14:22:42,8.5,-0.01,379,322150,卖盘
681,14:22:39,8.51,--,65,55315,买盘
682,14:22:36,8.51,0.01,10,8510,买盘
683,14:22:33,8.5,--,106,90100,卖盘
684,14:22:30,8.5,--,25,21250,卖盘
685,14:22:27,8.5,-0.02,69,58650,卖盘
686,14:22:24,8.52,0.02,224,190848,买盘
687,14:22:21,8.5,--,48,40800,卖盘
688,14:22:18,8.5,--,3,2550,卖盘
689,14:22:15,8.5,-0.01,50,42500,卖盘
690,14:22:12,8.51,--,106,90206,买盘
691,14:22:09,8.51,--,132,112332,卖盘
692,14:22:06,8.51,0.01,7,5957,中性盘
693,14:22:03,8.5,-0.01,16,13600,卖盘
694,14:22:00,8.51,0.01,134,114034,买盘
695,14:21:57,8.5,--,311,264350,卖盘
696,14:21:54,8.5,--,10,8500,卖盘
697,14:21:51,8.5,--,6,5100,卖盘
698,14:21:48,8.5,--,37,31450,卖盘
699,14:21:45,8.5,-0.01,1,850,卖盘
700,14:21:42,8.51,--,140,119140,买盘
701,14:21:39,8.51,--,571,485921,卖盘
702,14:21:36,8.51,--,36,30636,卖盘
703,14:21:33,8.51,-0.01,324,275724,卖盘
704,14:21:30,8.52,--,94,80088,买盘
705,14:21:27,8.52,0.01,217,184884,买盘
706,14:21:24,8.51,--,77,65527,卖盘
707,14:21:21,8.51,--,2,1702,卖盘
708,14:21:18,8.51,--,191,162541,卖盘
709,14:21:15,8.51,-0.01,100,85100,卖盘
710,14:21:12,8.52,0.01,84,71568,买盘
711,14:21:09,8.51,--,209,177859,卖盘
712,14:21:06,8.51,--,115,97865,卖盘
713,14:21:03,8.51,--,42,35742,卖盘
714,14:21:00,8.51,--,41,34891,卖盘
715,14:20:57,8.51,--,197,167647,卖盘
716,14:20:54,8.51,--,83,70633,卖盘
717,14:20:51,8.51,--,12,10212,卖盘
718,14:20:48,8.51,--,84,71484,卖盘
719,14:20:45,8.51,--,32,27232,卖盘
720,14:20:42,8.51,--,135,114885,卖盘
721,14:20:39,8.51,--,7,5957,卖盘
722,14:20:36,8.51,--,11,9361,卖盘
723,14:20:33,8.51,-0.01,810,689310,卖盘
724,14:20:30,8.52,--,189,161028,买盘
725,14:20:27,8.52,0.01,7,5964,买盘
726,14:20:24,8.51,--,415,353165,卖盘
727,14:20:21,8.51,--,17,14467,卖盘
728,14:20:18,8.51,-0.01,18,15318,卖盘
729,14:20:15,8.52,0.01,58,49416,买盘
730,14:20:12,8.51,-0.01,595,506345,卖盘
731,14:20:09,8.52,--,88,74976,卖盘
732,14:20:06,8.52,-0.01,60,51120,卖盘
733,14:20:03,8.53,0.01,237,202160,买盘
734,14:20:00,8.52,--,253,215556,卖盘
735,14:19:57,8.52,-0.01,116,98832,卖盘
736,14:19:54,8.53,0.01,89,75917,买盘
737,14:19:51,8.52,--,17,14484,卖盘
738,14:19:48,8.52,0.01,3,2556,中性盘
739,14:19:45,8.51,-0.01,42,35742,卖盘
740,14:19:42,8.52,-0.01,81,69012,买盘
741,14:19:39,8.53,--,10,8530,中性盘
742,14:19:36,8.53,--,93,79329,卖盘
743,14:19:33,8.53,--,52,44356,卖盘
744,14:19:30,8.53,0.01,750,639750,买盘
745,14:19:27,8.52,--,153,130356,卖盘
746,14:19:24,8.52,--,58,49416,卖盘
747,14:19:21,8.52,-0.01,33,28116,卖盘
748,14:19:18,8.53,0.01,268,228603,买盘
749,14:19:15,8.52,--,47,40044,卖盘
750,14:19:12,8.52,--,153,130356,卖盘
751,14:19:09,8.52,--,8,6816,卖盘
752,14:19:06,8.52,--,177,150804,卖盘
753,14:19:03,8.52,--,798,679896,卖盘
754,14:19:00,8.52,--,47,40044,卖盘
755,14:18:57,8.52,--,38,32376,卖盘
756,14:18:54,8.52,-0.01,36,30672,卖盘
757,14:18:51,8.53,0.01,110,93830,买盘
758,14:18:48,8.52,--,7,5964,卖盘
759,14:18:45,8.52,-0.01,212,180624,卖盘
760,14:18:42,8.53,0.01,296,252487,买盘
761,14:18:39,8.52,--,16,13632,卖盘
762,14:18:36,8.52,--,13,11076,卖盘
763,14:18:33,8.52,--,235,200220,卖盘
764,14:18:30,8.52,-0.01,132,112464,卖盘
765,14:18:27,8.53,--,278,237133,卖盘
766,14:18:24,8.53,--,91,77623,卖盘
767,14:18:21,8.53,--,68,58003,买盘
768,14:18:18,8.53,--,170,145010,卖盘
769,14:18:15,8.53,--,192,163776,买盘
770,14:18:12,8.53,--,208,177424,买盘
771,14:18:09,8.53,0.01,31,26442,买盘
772,14:18:06,8.52,--,33,28116,卖盘
773,14:18:03,8.52,-0.01,249,212148,卖盘
774,14:18:00,8.53,--,241,205572,买盘
775,14:17:57,8.53,--,398,339494,卖盘
776,14:17:54,8.53,-0.01,235,200454,卖盘
777,14:17:51,8.54,0.01,157,134078,买盘
778,14:17:48,8.53,--,49,41797,卖盘
779,14:17:45,8.53,--,207,176571,卖盘
780,14:17:42,8.53,-0.01,1,852,卖盘
781,14:17:39,8.54,0.01,25,21349,买盘
782,14:17:36,8.53,--,952,812055,卖盘
783,14:17:33,8.53,--,140,119419,卖盘
784,14:17:30,8.53,-0.01,130,110889,卖盘
785,14:17:27,8.54,--,709,605485,买盘
786,14:17:24,8.54,0.01,51,43553,买盘
787,14:17:21,8.53,-0.01,393,335229,卖盘
788,14:17:18,8.54,0.01,290,247659,买盘
789,14:17:15,8.53,--,12,10236,买盘
790,14:17:12,8.53,--,129,110036,买盘
791,14:17:09,8.53,-0.01,63,53738,卖盘
792,14:17:06,8.54,0.01,266,227163,买盘
793,14:17:03,8.53,-0.01,23,19619,卖盘
794,14:17:00,8.54,0.01,105,89669,买盘
795,14:16:57,8.53,--,93,79329,卖盘
796,14:16:54,8.53,--,113,96389,卖盘
797,14:16:51,8.53,0.01,1011,862382,买盘
798,14:16:48,8.52,-0.01,4,3408,卖盘
799,14:16:45,8.53,--,103,87859,买盘
800,14:16:42,8.53,0.01,30,25589,买盘
801,14:16:39,8.52,-0.02,30,25560,卖盘
802,14:16:36,8.54,0.01,254,216915,买盘
803,14:16:33,8.53,--,171,145863,卖盘
804,14:16:30,8.53,--,932,794995,卖盘
805,14:16:27,8.53,--,141,120272,卖盘
806,14:16:24,8.53,--,94,80182,卖盘
807,14:16:21,8.53,--,109,92977,卖盘
808,14:16:18,8.53,-0.01,104,88712,卖盘
809,14:16:15,8.54,0.01,125,106749,买盘
810,14:16:12,8.53,--,176,150128,卖盘
811,14:16:09,8.53,--,509,434176,卖盘
812,14:16:06,8.53,--,243,207278,卖盘
813,14:16:03,8.53,-0.01,320,272960,卖盘
814,14:16:00,8.54,0.01,99,84545,买盘
815,14:15:57,8.53,-0.01,30,25589,卖盘
816,14:15:54,8.54,0.01,203,173361,买盘
817,14:15:51,8.53,-0.01,105,89565,卖盘
818,14:15:48,8.54,--,98,83691,买盘
819,14:15:45,8.54,--,131,111873,买盘
820,14:15:42,8.54,--,157,134078,买盘
821,14:15:39,8.54,--,852,727607,卖盘
822,14:15:36,8.54,0.01,577,492757,买盘
823,14:15:33,8.53,-0.02,56,47768,卖盘
824,14:15:30,8.55,0.01,2030,1735650,买盘
825,14:15:27,8.54,--,124,105895,卖盘
826,14:15:24,8.54,--,127,108457,卖盘
827,14:15:21,8.54,--,560,478239,卖盘
828,14:15:18,8.54,-0.01,104,88815,卖盘
829,14:15:15,8.55,--,684,584820,买盘
830,14:15:12,8.55,--,84,71820,卖盘
831,14:15:09,8.55,--,802,685710,卖盘
832,14:15:06,8.55,--,26,22230,卖盘
833,14:15:03,8.55,--,114,97470,买盘
834,14:15:00,8.55,--,193,165015,买盘
835,14:14:57,8.55,--,184,157320,买盘
836,14:14:54,8.55,--,391,334305,买盘
837,14:14:51,8.55,--,82,70110,买盘
838,14:14:48,8.55,--,472,403560,买盘
839,14:14:45,8.55,0.01,30,25650,买盘
840,14:14:42,8.54,--,329,280966,买盘
841,14:14:39,8.54,--,135,115289,买盘
842,14:14:36,8.54,0.01,307,262178,买盘
843,14:14:33,8.53,-0.01,98,83594,卖盘
844,14:14:30,8.54,0.01,241,205813,买盘
845,14:14:27,8.53,--,220,187660,卖盘
846,14:14:24,8.53,--,64,54591,卖盘
847,14:14:21,8.53,--,16,13647,卖盘
848,14:14:18,8.53,--,139,118566,买盘
849,14:14:15,8.53,--,590,503269,买盘
850,14:14:12,8.53,0.01,217,185101,买盘
851,14:14:09,8.52,-0.01,62,52824,卖盘
852,14:14:06,8.53,0.01,129,110036,买盘
853,14:14:03,8.52,--,15,12780,卖盘
854,14:14:00,8.52,--,605,515460,买盘
855,14:13:57,8.52,--,281,239412,买盘
856,14:13:54,8.52,0.01,44,37488,买盘
857,14:13:51,8.51,--,118,100418,卖盘
858,14:13:48,8.51,--,261,222111,卖盘
859,14:13:45,8.51,--,622,529322,卖盘
860,14:13:42,8.51,--,732,622932,卖盘
861,14:13:39,8.51,--,5,4255,卖盘
862,14:13:36,8.51,--,133,113183,卖盘
863,14:13:33,8.51,--,194,165094,买盘
864,14:13:30,8.51,--,20,17020,买盘
865,14:13:27,8.51,--,272,231472,买盘
866,14:13:24,8.51,--,281,239131,买盘
867,14:13:21,8.51,--,112,95312,买盘
868,14:13:18,8.51,0.01,84,71484,买盘
869,14:13:15,8.5,--,495,420750,卖盘
870,14:13:12,8.5,--,31,26350,卖盘
871,14:13:09,8.5,--,199,169150,卖盘
872,14:13:06,8.5,--,13,11050,卖盘
873,14:13:03,8.5,--,48,40800,卖盘
874,14:13:00,8.5,--,227,192950,买盘
875,14:12:57,8.5,--,499,424150,买盘
876,14:12:54,8.5,--,272,231200,买盘
877,14:12:51,8.5,0.01,319,271150,买盘
878,14:12:48,8.49,--,1179,1000971,卖盘
879,14:12:45,8.49,-0.01,303,257247,卖盘
880,14:12:42,8.5,0.01,47,39950,买盘
881,14:12:39,8.49,--,78,66222,卖盘
882,14:12:36,8.49,--,36,30564,卖盘
883,14:12:33,8.49,--,681,578169,卖盘
884,14:12:30,8.49,--,51,43299,卖盘
885,14:12:27,8.49,0.01,51,43299,买盘
886,14:12:24,8.48,--,682,578336,卖盘
887,14:12:21,8.48,--,173,146704,卖盘
888,14:12:18,8.48,--,397,336656,卖盘
889,14:12:15,8.48,--,247,209456,卖盘
890,14:12:12,8.48,--,1092,926016,买盘
891,14:12:09,8.48,--,50,42400,卖盘
892,14:12:06,8.48,--,27,22896,卖盘
893,14:12:03,8.48,--,109,92432,买盘
894,14:12:00,8.48,--,1310,1110880,买盘
895,14:11:57,8.48,0.01,70,59360,买盘
896,14:11:54,8.47,--,94,79618,卖盘
897,14:11:51,8.47,--,108,91476,卖盘
898,14:11:48,8.47,--,284,240548,卖盘
899,14:11:45,8.47,-0.01,20,16940,卖盘
900,14:11:42,8.48,0.01,180,152640,买盘
901,14:11:39,8.47,--,404,342188,买盘
902,14:11:36,8.47,0.01,35,29645,买盘
903,14:11:33,8.46,-0.01,68,57528,卖盘
904,14:11:30,8.47,--,68,57596,买盘
905,14:11:27,8.47,--,39,33033,买盘
906,14:11:24,8.47,--,613,519211,买盘
907,14:11:21,8.47,0.01,292,247324,买盘
908,14:11:18,8.46,--,231,195426,卖盘
909,14:11:15,8.46,--,35,29610,卖盘
910,14:11:12,8.46,--,14,11844,卖盘
911,14:11:09,8.46,--,89,75294,卖盘
912,14:11:06,8.46,--,18,15228,卖盘
913,14:11:03,8.46,--,910,769860,买盘
914,14:11:00,8.46,0.01,530,448380,买盘
915,14:10:57,8.45,--,294,248429,卖盘
916,14:10:54,8.45,-0.01,260,219699,卖盘
917,14:10:51,8.46,--,131,110826,买盘
918,14:10:48,8.46,0.01,716,605736,买盘
919,14:10:45,8.45,-0.01,61,51544,卖盘
920,14:10:42,8.46,0.01,41,34686,买盘
921,14:10:39,8.45,-0.01,87,73515,卖盘
922,14:10:36,8.46,0.01,24,20304,买盘
923,14:10:33,8.45,-0.01,13,10984,卖盘
924,14:10:30,8.46,0.01,247,208962,买盘
925,14:10:27,8.45,--,89,75205,卖盘
926,14:10:24,8.45,--,15,12674,卖盘
927,14:10:21,8.45,--,522,441089,卖盘
928,14:10:18,8.45,--,53,44784,卖盘
929,14:10:15,8.45,--,17,14364,卖盘
930,14:10:12,8.45,--,68,57459,卖盘
931,14:10:09,8.45,--,203,171535,卖盘
932,14:10:06,8.45,-0.01,68,57459,卖盘
933,14:10:03,8.46,0.01,77,65142,买盘
934,14:10:00,8.45,-0.01,34,28729,卖盘
935,14:09:57,8.46,0.01,51,43146,买盘
936,14:09:51,8.45,--,211,178294,卖盘
937,14:09:48,8.45,-0.01,31,26194,卖盘
938,14:09:45,8.46,--,11,9306,买盘
939,14:09:42,8.46,0.01,33,27918,买盘
940,14:09:39,8.45,--,43,36335,卖盘
941,14:09:36,8.45,0.01,1002,847399,买盘
942,14:09:33,8.44,--,40,34097,卖盘
943,14:09:30,8.44,-0.01,70,59080,卖盘
944,14:09:27,8.45,0.01,96,81120,买盘
945,14:09:24,8.44,--,8,6752,卖盘
946,14:09:21,8.44,-0.01,270,227880,卖盘
947,14:09:18,8.45,--,65,54924,买盘
948,14:09:15,8.45,--,52,43939,买盘
949,14:09:12,8.45,--,125,105624,买盘
950,14:09:06,8.45,0.01,61,51544,买盘
951,14:09:03,8.44,-0.01,170,143480,卖盘
952,14:09:00,8.45,--,105,88724,买盘
953,14:08:57,8.45,--,226,190969,买盘
954,14:08:54,8.45,--,207,174914,买盘
955,14:08:51,8.45,--,479,404754,买盘
956,14:08:48,8.45,--,31,26194,买盘
957,14:08:45,8.45,--,224,189279,买盘
958,14:08:42,8.45,--,12,10140,买盘
959,14:08:39,8.45,0.01,83,70135,买盘
960,14:08:36,8.44,--,74,62455,卖盘
961,14:08:33,8.44,--,88,74272,卖盘
962,14:08:30,8.44,--,14,11816,卖盘
963,14:08:27,8.44,--,11,9284,卖盘
964,14:08:24,8.44,-0.01,350,295400,卖盘
965,14:08:21,8.45,--,80,67600,买盘
966,14:08:18,8.45,--,71,59994,买盘
967,14:08:15,8.45,0.01,1,844,买盘
968,14:08:12,8.44,--,136,114784,卖盘
969,14:08:09,8.44,--,229,193276,卖盘
970,14:08:06,8.44,--,225,189900,卖盘
971,14:08:03,8.44,-0.01,550,464200,卖盘
972,14:08:00,8.45,--,647,546715,买盘
973,14:07:57,8.45,--,600,506999,买盘
974,14:07:54,8.45,--,248,209559,买盘
975,14:07:51,8.45,0.01,7,5914,买盘
976,14:07:48,8.44,--,35,29540,卖盘
977,14:07:45,8.44,--,204,172176,买盘
978,14:07:42,8.44,--,104,87776,买盘
979,14:07:39,8.44,--,113,95372,卖盘
980,14:07:36,8.44,-0.01,47,39668,卖盘
981,14:07:33,8.45,0.01,58,49009,买盘
982,14:07:30,8.44,--,84,70896,买盘
983,14:07:27,8.44,0.01,236,199184,买盘
984,14:07:24,8.43,-0.01,672,566496,卖盘
985,14:07:21,8.44,0.01,824,695456,买盘
986,14:07:18,8.43,-0.01,19,16017,卖盘
987,14:07:15,8.44,--,216,182304,买盘
988,14:07:12,8.44,0.01,52,43888,买盘
989,14:07:09,8.43,-0.01,36,30348,卖盘
990,14:07:06,8.44,0.01,40,33760,买盘
991,14:07:03,8.43,-0.01,594,500742,卖盘
992,14:07:00,8.44,--,18,15192,买盘
993,14:06:57,8.44,0.01,263,221972,买盘
994,14:06:54,8.43,--,201,169443,卖盘
995,14:06:51,8.43,--,135,113805,卖盘
996,14:06:48,8.43,--,435,366705,买盘
997,14:06:45,8.43,0.01,148,124764,买盘
998,14:06:42,8.42,-0.01,12,10104,卖盘
999,14:06:39,8.43,0.01,29,24447,买盘
1000,14:06:36,8.42,-0.01,1,842,卖盘
1001,14:06:33,8.43,0.01,161,135723,买盘
1002,14:06:30,8.42,-0.01,113,95146,卖盘
1003,14:06:27,8.43,--,205,172815,买盘
1004,14:06:24,8.43,0.01,47,39621,买盘
1005,14:06:21,8.42,-0.01,1,842,卖盘
1006,14:06:18,8.43,--,307,258801,买盘
1007,14:06:15,8.43,--,258,217494,买盘
1008,14:06:12,8.43,0.01,23,19389,买盘
1009,14:06:09,8.42,--,25,21050,卖盘
1010,14:06:06,8.42,--,45,37890,卖盘
1011,14:06:03,8.42,--,118,99356,卖盘
1012,14:06:00,8.42,--,226,190292,卖盘
1013,14:05:57,8.42,--,9,7578,卖盘
1014,14:05:54,8.42,-0.01,90,75780,卖盘
1015,14:05:51,8.43,0.01,73,61539,买盘
1016,14:05:48,8.42,-0.01,12,10104,卖盘
1017,14:05:45,8.43,0.01,136,114648,买盘
1018,14:05:42,8.42,-0.01,113,95146,卖盘
1019,14:05:39,8.43,0.01,283,238569,买盘
1020,14:05:36,8.42,-0.01,2,1684,卖盘
1021,14:05:33,8.43,0.01,100,84300,买盘
1022,14:05:30,8.42,--,346,291332,卖盘
1023,14:05:27,8.42,--,29,24418,卖盘
1024,14:05:24,8.42,--,63,53046,卖盘
1025,14:05:21,8.42,-0.01,7,5894,卖盘
1026,14:05:18,8.43,0.01,12,10116,买盘
1027,14:05:15,8.42,-0.01,65,54730,卖盘
1028,14:05:12,8.43,0.01,10,8430,买盘
1029,14:05:09,8.42,-0.01,47,39574,卖盘
1030,14:05:06,8.43,0.01,47,39621,买盘
1031,14:05:03,8.42,-0.01,22,18524,卖盘
1032,14:05:00,8.43,0.01,359,302637,买盘
1033,14:04:57,8.42,-0.01,20,16840,卖盘
1034,14:04:54,8.43,0.01,47,39621,买盘
1035,14:04:51,8.42,--,19,15998,卖盘
1036,14:04:48,8.42,--,1,842,卖盘
1037,14:04:45,8.42,--,1,842,卖盘
1038,14:04:39,8.42,0.01,308,259336,买盘
1039,14:04:36,8.41,-0.01,128,107648,卖盘
1040,14:04:33,8.42,0.01,1166,981772,买盘
1041,14:04:30,8.41,-0.01,20,16820,卖盘
1042,14:04:27,8.42,0.01,95,79990,买盘
1043,14:04:24,8.41,--,1,841,卖盘
1044,14:04:21,8.41,-0.01,10,8410,卖盘
1045,14:04:18,8.42,--,60,50520,买盘
1046,14:04:15,8.42,0.01,29,24418,买盘
1047,14:04:12,8.41,-0.01,23,19343,卖盘
1048,14:04:09,8.42,0.01,24,20208,买盘
1049,14:04:03,8.41,-0.01,415,349015,卖盘
1050,14:04:00,8.42,--,15,12630,买盘
1051,14:03:57,8.42,--,80,67360,买盘
1052,14:03:54,8.42,0.01,47,39574,买盘
1053,14:03:51,8.41,--,131,110171,卖盘
1054,14:03:48,8.41,--,468,393588,卖盘
1055,14:03:45,8.41,--,316,265756,卖盘
1056,14:03:42,8.41,--,54,45414,卖盘
1057,14:03:39,8.41,--,100,84100,卖盘
1058,14:03:36,8.41,-0.01,127,106807,卖盘
1059,14:03:33,8.42,0.01,197,165874,买盘
1060,14:03:30,8.41,--,142,119422,卖盘
1061,14:03:27,8.41,--,751,631591,买盘
1062,14:03:24,8.41,0.01,73,61393,买盘
1063,14:03:21,8.4,-0.01,59,49560,卖盘
1064,14:03:18,8.41,--,71,59711,卖盘
1065,14:03:15,8.41,--,58,48778,卖盘
1066,14:03:12,8.41,--,813,683733,买盘
1067,14:03:09,8.41,--,327,275007,卖盘
1068,14:03:06,8.41,--,903,759423,卖盘
1069,14:03:03,8.41,--,1,841,卖盘
1070,14:03:00,8.41,--,107,89987,卖盘
1071,14:02:57,8.41,-0.01,260,218660,卖盘
1072,14:02:54,8.42,0.01,30,25260,买盘
1073,14:02:51,8.41,-0.01,49,41209,卖盘
1074,14:02:48,8.42,0.01,64,53888,买盘
1075,14:02:45,8.41,-0.01,111,93351,卖盘
1076,14:02:42,8.42,0.01,560,471520,买盘
1077,14:02:39,8.41,--,115,96715,卖盘
1078,14:02:36,8.41,--,277,232957,卖盘
1079,14:02:33,8.41,--,257,216137,卖盘
1080,14:02:30,8.41,--,125,105125,卖盘
1081,14:02:27,8.41,--,48,40368,卖盘
1082,14:02:24,8.41,--,34,28594,卖盘
1083,14:02:21,8.41,-0.01,1016,854456,卖盘
1084,14:02:18,8.42,--,37,31154,买盘
1085,14:02:15,8.42,0.01,27,22734,买盘
1086,14:02:12,8.41,-0.01,216,181656,卖盘
1087,14:02:09,8.42,--,13,10946,买盘
1088,14:02:06,8.42,0.01,219,184398,买盘
1089,14:02:03,8.41,-0.01,84,70644,卖盘
1090,14:02:00,8.42,0.01,15,12630,买盘
1091,14:01:57,8.41,--,29,24389,卖盘
1092,14:01:54,8.41,-0.01,3,2523,卖盘
1093,14:01:51,8.42,--,71,59782,买盘
1094,14:01:48,8.42,0.01,115,96830,买盘
1095,14:01:45,8.41,--,43,36163,卖盘
1096,14:01:42,8.41,--,10,8410,卖盘
1097,14:01:39,8.41,--,353,296873,卖盘
1098,14:01:36,8.41,-0.01,596,501236,卖盘
1099,14:01:33,8.42,--,2,1684,买盘
1100,14:01:30,8.42,--,70,58940,买盘
1101,14:01:27,8.42,0.01,51,42942,买盘
1102,14:01:24,8.41,-0.01,12,10092,卖盘
1103,14:01:21,8.42,--,22,18524,买盘
1104,14:01:18,8.42,0.01,35,29470,买盘
1105,14:01:15,8.41,-0.01,20,16820,卖盘
1106,14:01:12,8.42,-0.01,5,4210,买盘
1107,14:01:09,8.43,0.01,267,225081,买盘
1108,14:01:06,8.42,0.01,280,235760,买盘
1109,14:01:03,8.41,-0.02,141,118581,卖盘
1110,14:01:00,8.43,0.01,1,843,买盘
1111,14:00:57,8.42,--,299,251758,买盘
1112,14:00:48,8.42,0.01,21,17682,买盘
1113,14:00:45,8.41,-0.01,34,28594,卖盘
1114,14:00:42,8.42,--,26,21892,买盘
1115,14:00:39,8.42,0.01,325,273650,买盘
1116,14:00:36,8.41,-0.01,40,33640,卖盘
1117,14:00:33,8.42,--,22,18524,买盘
1118,14:00:30,8.42,--,166,139772,买盘
1119,14:00:27,8.42,--,111,93462,买盘
1120,14:00:24,8.42,--,23,19366,买盘
1121,14:00:21,8.42,--,378,318276,卖盘
1122,14:00:18,8.42,-0.01,81,68202,卖盘
1123,14:00:15,8.43,0.01,77,64911,买盘
1124,14:00:12,8.42,--,227,191134,卖盘
1125,14:00:09,8.42,-0.01,79,66518,卖盘
1126,14:00:06,8.43,--,19,16017,买盘
1127,14:00:03,8.43,--,20,16860,买盘
1128,14:00:00,8.43,--,534,450162,买盘
1129,13:59:57,8.43,--,12,10116,买盘
1130,13:59:54,8.43,-0.01,215,181245,卖盘
1131,13:59:51,8.44,0.01,153,129131,买盘
1132,13:59:48,8.43,--,76,64068,卖盘
1133,13:59:45,8.43,--,282,237726,卖盘
1134,13:59:42,8.43,0.01,233,196419,买盘
1135,13:59:39,8.42,-0.01,57,47994,卖盘
1136,13:59:36,8.43,--,97,81771,买盘
1137,13:59:33,8.43,-0.01,208,175344,卖盘
1138,13:59:30,8.44,0.01,408,344352,买盘
1139,13:59:27,8.43,--,12,10116,卖盘
1140,13:59:24,8.43,0.01,176,148368,买盘
1141,13:59:21,8.42,--,106,89252,卖盘
1142,13:59:18,8.42,-0.01,142,119564,卖盘
1143,13:59:15,8.43,--,928,782304,买盘
1144,13:59:12,8.43,0.01,220,185460,买盘
1145,13:59:09,8.42,-0.01,9,7578,卖盘
1146,13:59:06,8.43,0.01,47,39621,买盘
1147,13:59:03,8.42,--,166,139772,卖盘
1148,13:59:00,8.42,--,63,53046,卖盘
1149,13:58:57,8.42,--,14,11788,卖盘
1150,13:58:54,8.42,--,241,202922,买盘
1151,13:58:51,8.42,--,59,49678,卖盘
1152,13:58:48,8.42,0.01,140,117880,卖盘
1153,13:58:45,8.41,-0.01,195,163995,卖盘
1154,13:58:42,8.42,0.01,27,22734,买盘
1155,13:58:39,8.41,-0.01,131,110171,卖盘
1156,13:58:36,8.42,--,87,73254,买盘
1157,13:58:33,8.42,--,88,74096,买盘
1158,13:58:30,8.42,0.01,63,53046,买盘
1159,13:58:27,8.41,-0.01,210,176610,卖盘
1160,13:58:24,8.42,--,75,63150,买盘
1161,13:58:21,8.42,--,144,121248,买盘
1162,13:58:18,8.42,--,198,166716,买盘
1163,13:58:15,8.42,0.01,436,367112,买盘
1164,13:58:12,8.41,-0.01,127,106807,卖盘
1165,13:58:09,8.42,0.01,77,64834,买盘
1166,13:58:06,8.41,-0.01,77,64757,卖盘
1167,13:58:03,8.42,0.01,469,394898,买盘
1168,13:58:00,8.41,--,1,841,卖盘
1169,13:57:57,8.41,--,3,2523,卖盘
1170,13:57:54,8.41,-0.01,35,29435,卖盘
1171,13:57:51,8.42,0.01,266,223972,买盘
1172,13:57:48,8.41,--,1330,1118530,买盘
1173,13:57:45,8.41,0.01,282,237162,买盘
1174,13:57:42,8.4,--,111,93240,卖盘
1175,13:57:39,8.4,--,297,249480,卖盘
1176,13:57:36,8.4,--,87,73080,卖盘
1177,13:57:33,8.4,--,2,1680,卖盘
1178,13:57:30,8.4,--,34,28560,卖盘
1179,13:57:27,8.4,--,103,86520,卖盘
1180,13:57:24,8.4,--,13,10920,卖盘
1181,13:57:18,8.4,--,273,229320,卖盘
1182,13:57:15,8.4,-0.01,54,45360,卖盘
1183,13:57:12,8.41,--,258,216978,买盘
1184,13:57:09,8.41,--,13,10933,买盘
1185,13:57:06,8.41,0.01,5,4205,买盘
1186,13:57:03,8.4,--,76,63840,卖盘
1187,13:57:00,8.4,-0.01,50,42000,卖盘
1188,13:56:57,8.41,0.01,26,21866,买盘
1189,13:56:54,8.4,--,32,26880,卖盘
1190,13:56:51,8.4,0.01,270,226800,买盘
1191,13:56:48,8.39,--,202,169478,卖盘
1192,13:56:45,8.39,-0.01,91,76349,卖盘
1193,13:56:42,8.4,0.01,73,61320,买盘
1194,13:56:39,8.39,--,33,27687,卖盘
1195,13:56:36,8.39,-0.01,33,27687,卖盘
1196,13:56:33,8.4,--,112,94080,卖盘
1197,13:56:30,8.4,--,18,15120,卖盘
1198,13:56:27,8.4,0.01,95,79800,买盘
1199,13:56:24,8.39,-0.01,12,10068,卖盘
1200,13:56:21,8.4,--,50,42000,买盘
1201,13:56:18,8.4,--,237,199080,买盘
1202,13:56:15,8.4,--,110,92400,买盘
1203,13:56:09,8.4,0.01,13,10920,买盘
1204,13:56:06,8.39,--,40,33560,卖盘
1205,13:56:03,8.39,--,301,252539,卖盘
1206,13:56:00,8.39,--,14,11746,卖盘
1207,13:55:57,8.39,-0.01,47,39433,卖盘
1208,13:55:54,8.4,--,11,9240,买盘
1209,13:55:51,8.4,0.01,239,200760,买盘
1210,13:55:45,8.39,-0.01,223,187097,卖盘
1211,13:55:42,8.4,--,741,622440,买盘
1212,13:55:39,8.4,0.01,501,420840,买盘
1213,13:55:36,8.39,--,212,177868,卖盘
1214,13:55:33,8.39,-0.01,97,81383,卖盘
1215,13:55:30,8.4,0.01,181,152040,买盘
1216,13:55:24,8.39,-0.01,38,31882,卖盘
1217,13:55:21,8.4,0.01,318,267120,买盘
1218,13:55:18,8.39,--,63,52857,卖盘
1219,13:55:15,8.39,--,161,135079,卖盘
1220,13:55:12,8.39,--,57,47823,卖盘
1221,13:55:09,8.39,-0.01,374,313786,卖盘
1222,13:55:06,8.4,--,40,33600,买盘
1223,13:55:03,8.4,--,442,371280,买盘
1224,13:55:00,8.4,0.01,173,145320,买盘
1225,13:54:57,8.39,-0.01,12,10068,卖盘
1226,13:54:54,8.4,0.01,200,168000,买盘
1227,13:54:51,8.39,--,23,19297,卖盘
1228,13:54:48,8.39,--,599,502561,卖盘
1229,13:54:45,8.39,-0.01,61,51179,卖盘
1230,13:54:42,8.4,0.01,34,28560,买盘
1231,13:54:39,8.39,--,62,52018,卖盘
1232,13:54:36,8.39,-0.01,10,8390,卖盘
1233,13:54:33,8.4,0.01,10,8400,买盘
1234,13:54:30,8.39,-0.01,58,48662,卖盘
1235,13:54:27,8.4,--,269,225960,买盘
1236,13:54:24,8.4,--,115,96600,买盘
1237,13:54:21,8.4,--,187,157080,买盘
1238,13:54:18,8.4,--,63,52920,买盘
1239,13:54:15,8.4,--,33,27720,买盘
1240,13:54:12,8.4,0.01,97,81480,买盘
1241,13:54:09,8.39,-0.01,50,41950,卖盘
1242,13:54:06,8.4,0.01,3,2520,买盘
1243,13:54:03,8.39,-0.01,18,15102,卖盘
1244,13:54:00,8.4,--,33,27720,买盘
1245,13:53:57,8.4,--,385,323400,买盘
1246,13:53:54,8.4,--,118,99120,买盘
1247,13:53:51,8.4,--,119,99960,买盘
1248,13:53:48,8.4,--,115,96600,买盘
1249,13:53:45,8.4,--,70,58800,买盘
1250,13:53:42,8.4,0.01,283,237720,买盘
1251,13:53:39,8.39,--,92,77188,卖盘
1252,13:53:36,8.39,-0.01,161,135079,卖盘
1253,13:53:33,8.4,--,65,54600,买盘
1254,13:53:30,8.4,--,22,18480,买盘
1255,13:53:27,8.4,0.01,54,45360,买盘
1256,13:53:24,8.39,-0.01,38,31882,卖盘
1257,13:53:21,8.4,--,40,33600,买盘
1258,13:53:18,8.4,--,239,200760,买盘
1259,13:53:15,8.4,--,186,156240,买盘
1260,13:53:12,8.4,--,378,317688,卖盘
1261,13:53:09,8.4,--,22,18480,卖盘
1262,13:53:06,8.4,--,25,21000,卖盘
1263,13:53:03,8.4,--,8,6720,卖盘
1264,13:53:00,8.4,--,27,22680,卖盘
1265,13:52:57,8.4,--,183,153720,卖盘
1266,13:52:54,8.4,--,33,27720,卖盘
1267,13:52:51,8.4,--,64,54432,买盘
1268,13:52:48,8.4,0.01,396,332640,买盘
1269,13:52:45,8.39,-0.01,89,74671,卖盘
1270,13:52:42,8.4,0.01,400,336000,买盘
1271,13:52:39,8.39,-0.01,235,197165,卖盘
1272,13:52:36,8.4,--,301,252840,买盘
1273,13:52:33,8.4,--,66,55440,买盘
1274,13:52:30,8.4,--,180,151200,买盘
1275,13:52:27,8.4,--,197,165480,买盘
1276,13:52:24,8.4,--,101,84840,买盘
1277,13:52:21,8.4,0.01,104,87360,买盘
1278,13:52:18,8.39,-0.01,48,40272,卖盘
1279,13:52:12,8.4,0.01,248,208320,买盘
1280,13:52:09,8.39,-0.01,46,38594,卖盘
1281,13:52:06,8.4,--,72,60480,买盘
1282,13:52:03,8.4,--,87,73080,买盘
1283,13:52:00,8.4,0.01,172,144480,买盘
1284,13:51:57,8.39,-0.01,338,283582,卖盘
1285,13:51:54,8.4,--,46,38640,买盘
1286,13:51:51,8.4,--,92,77280,买盘
1287,13:51:48,8.4,--,33,27720,买盘
1288,13:51:45,8.4,--,72,60480,买盘
1289,13:51:42,8.4,0.01,660,554400,买盘
1290,13:51:39,8.39,-0.01,431,361609,卖盘
1291,13:51:36,8.4,--,116,97440,买盘
1292,13:51:33,8.4,--,422,354480,买盘
1293,13:51:30,8.4,--,181,152040,买盘
1294,13:51:27,8.4,0.01,371,311640,买盘
1295,13:51:24,8.39,-0.01,153,128367,卖盘
1296,13:51:21,8.4,0.01,33,27720,买盘
1297,13:51:18,8.39,-0.01,28,23492,卖盘
1298,13:51:15,8.4,--,143,120120,买盘
1299,13:51:12,8.4,0.01,249,209160,买盘
1300,13:51:09,8.39,--,3,2517,卖盘
1301,13:51:06,8.39,-0.01,44,36916,卖盘
1302,13:51:03,8.4,0.01,4,3360,买盘
1303,13:51:00,8.39,--,679,569681,买盘
1304,13:50:57,8.39,0.01,648,543672,买盘
1305,13:50:54,8.38,-0.01,115,96370,卖盘
1306,13:50:51,8.39,--,76,63764,买盘
1307,13:50:48,8.39,--,1058,887662,买盘
1308,13:50:45,8.39,--,11,9229,买盘
1309,13:50:42,8.39,0.01,163,136757,买盘
1310,13:50:39,8.38,--,39,32682,卖盘
1311,13:50:33,8.38,--,9,7542,卖盘
1312,13:50:30,8.38,-0.01,62,51956,卖盘
1313,13:50:27,8.39,0.01,10,8390,买盘
1314,13:50:24,8.38,0.01,6,5028,买盘
1315,13:50:21,8.37,-0.01,67,56078,卖盘
1316,13:50:18,8.38,0.01,17,14246,买盘
1317,13:50:15,8.37,--,12,10043,卖盘
1318,13:50:12,8.37,--,223,187061,卖盘
1319,13:50:09,8.37,-0.01,81,67797,卖盘
1320,13:50:06,8.38,0.01,3,2514,买盘
1321,13:50:03,8.37,-0.01,57,47708,卖盘
1322,13:50:00,8.38,0.01,57,47766,买盘
1323,13:49:57,8.37,-0.01,15,12554,卖盘
1324,13:49:54,8.38,0.01,1648,1381024,买盘
1325,13:49:51,8.37,-0.01,14,11717,卖盘
1326,13:49:48,8.38,--,43,36034,买盘
1327,13:49:45,8.38,--,26,21788,买盘
1328,13:49:42,8.38,0.01,38,31844,买盘
1329,13:49:39,8.37,-0.01,157,131409,卖盘
1330,13:49:36,8.38,--,1318,1104484,买盘
1331,13:49:33,8.38,--,58,48604,买盘
1332,13:49:30,8.38,--,26,21788,买盘
1333,13:49:27,8.38,0.01,27,22626,买盘
1334,13:49:24,8.37,--,153,128060,卖盘
1335,13:49:21,8.37,--,276,231011,买盘
1336,13:49:18,8.37,--,89,74493,买盘
1337,13:49:15,8.37,0.01,36,30131,买盘
1338,13:49:12,8.36,-0.01,61,50996,卖盘
1339,13:49:09,8.37,--,6,5021,买盘
1340,13:49:06,8.37,--,1,836,买盘
1341,13:49:03,8.37,0.01,525,439424,买盘
1342,13:49:00,8.36,-0.01,43,35948,卖盘
1343,13:48:57,8.37,0.01,19,15902,买盘
1344,13:48:51,8.36,-0.01,69,57683,卖盘
1345,13:48:48,8.37,0.01,14,11717,买盘
1346,13:48:45,8.36,--,9,7523,卖盘
1347,13:48:42,8.36,-0.01,29,24244,卖盘
1348,13:48:39,8.37,--,49,41012,买盘
1349,13:48:36,8.37,0.01,52,43523,买盘
1350,13:48:30,8.36,--,4,3344,卖盘
1351,13:48:27,8.36,-0.01,46,38456,卖盘
1352,13:48:24,8.37,--,376,314711,买盘
1353,13:48:21,8.37,0.01,11,9207,买盘
1354,13:48:18,8.36,-0.01,36,30095,卖盘
1355,13:48:15,8.37,0.01,146,122201,买盘
1356,13:48:09,8.36,--,98,81928,卖盘
1357,13:48:06,8.36,--,44,36784,卖盘
1358,13:48:03,8.36,--,34,28423,卖盘
1359,13:48:00,8.36,--,2,1672,卖盘
1360,13:47:57,8.36,--,5,4180,卖盘
1361,13:47:54,8.36,--,52,43472,卖盘
1362,13:47:48,8.36,0.01,305,254979,买盘
1363,13:47:45,8.35,--,31,25885,卖盘
1364,13:47:42,8.35,--,233,194555,卖盘
1365,13:47:39,8.35,--,7,5845,卖盘
1366,13:47:36,8.35,--,10,8350,卖盘
1367,13:47:33,8.35,--,42,35070,卖盘
1368,13:47:30,8.35,-0.01,31,25885,卖盘
1369,13:47:24,8.36,--,4,3344,买盘
1370,13:47:21,8.36,0.01,28,23408,买盘
1371,13:47:18,8.35,--,33,27555,卖盘
1372,13:47:15,8.35,--,52,43420,卖盘
1373,13:47:12,8.35,--,13,10855,卖盘
1374,13:47:09,8.35,-0.01,98,81830,卖盘
1375,13:47:06,8.36,0.01,1,836,买盘
1376,13:47:03,8.35,-0.01,21,17535,卖盘
1377,13:47:00,8.36,--,11,9196,买盘
1378,13:46:57,8.36,0.01,11,9196,买盘
1379,13:46:54,8.35,-0.01,17,14195,卖盘
1380,13:46:51,8.36,--,87,72732,买盘
1381,13:46:48,8.36,--,276,230735,卖盘
1382,13:46:45,8.36,--,60,50160,卖盘
1383,13:46:42,8.36,--,9,7523,卖盘
1384,13:46:39,8.36,--,12,10032,卖盘
1385,13:46:33,8.36,-0.01,29,24244,卖盘
1386,13:46:30,8.37,0.01,25,20924,买盘
1387,13:46:27,8.36,-0.01,151,126235,卖盘
1388,13:46:24,8.37,0.01,3,2510,买盘
1389,13:46:21,8.36,--,40,33440,卖盘
1390,13:46:18,8.36,--,14,11704,卖盘
1391,13:46:15,8.36,--,47,39292,卖盘
1392,13:46:12,8.36,--,264,220703,卖盘
1393,13:46:09,8.36,--,232,193952,卖盘
1394,13:46:06,8.36,--,102,85272,卖盘
1395,13:46:03,8.36,--,52,43472,卖盘
1396,13:46:00,8.36,0.01,155,129579,买盘
1397,13:45:57,8.35,--,125,104375,卖盘
1398,13:45:54,8.35,-0.01,54,45090,卖盘
1399,13:45:51,8.36,0.01,217,181512,买盘
1400,13:45:48,8.35,-0.01,214,178690,卖盘
1401,13:45:45,8.36,0.01,101,84436,买盘
1402,13:45:42,8.35,--,80,66800,卖盘
1403,13:45:39,8.35,--,116,96860,卖盘
1404,13:45:36,8.35,--,41,34235,卖盘
1405,13:45:33,8.35,-0.01,96,80160,卖盘
1406,13:45:30,8.36,--,134,112023,卖盘
1407,13:45:27,8.36,--,151,126235,卖盘
1408,13:45:24,8.36,--,53,44308,卖盘
1409,13:45:21,8.36,--,74,61863,卖盘
1410,13:45:18,8.36,--,313,261667,卖盘
1411,13:45:15,8.36,--,50,41800,卖盘
1412,13:45:12,8.36,--,113,94468,卖盘
1413,13:45:09,8.36,--,246,205656,卖盘
1414,13:45:06,8.36,--,141,117875,卖盘
1415,13:45:03,8.36,--,96,80256,卖盘
1416,13:45:00,8.36,--,10,8360,卖盘
1417,13:44:57,8.36,--,38,31767,卖盘
1418,13:44:54,8.36,0.01,213,178068,买盘
1419,13:44:51,8.35,--,1,835,卖盘
1420,13:44:48,8.35,-0.01,317,264695,卖盘
1421,13:44:45,8.36,--,70,58519,买盘
1422,13:44:42,8.36,--,75,62699,买盘
1423,13:44:39,8.36,0.01,28,23408,买盘
1424,13:44:36,8.35,-0.01,97,80995,卖盘
1425,13:44:33,8.36,0.01,57,47652,买盘
1426,13:44:30,8.35,-0.01,8,6680,卖盘
1427,13:44:27,8.36,--,36,30095,买盘
1428,13:44:24,8.36,--,59,49324,买盘
1429,13:44:21,8.36,0.01,34,28423,买盘
1430,13:44:18,8.35,-0.02,302,252170,卖盘
1431,13:44:12,8.37,0.01,74,61937,买盘
1432,13:44:09,8.36,--,62,51832,卖盘
1433,13:44:06,8.36,--,6,5016,卖盘
1434,13:44:03,8.36,--,1,836,卖盘
1435,13:44:00,8.36,--,75,62699,卖盘
1436,13:43:57,8.36,--,110,91960,卖盘
1437,13:43:54,8.36,--,107,89452,买盘
1438,13:43:51,8.36,--,78,65207,卖盘
1439,13:43:48,8.36,0.01,110,91960,买盘
1440,13:43:45,8.35,-0.01,16,13360,卖盘
1441,13:43:42,8.36,--,225,188100,买盘
1442,13:43:39,8.36,0.01,77,64371,买盘
1443,13:43:36,8.35,-0.01,9,7515,卖盘
1444,13:43:33,8.36,--,34,28423,买盘
1445,13:43:30,8.36,--,12,10032,买盘
1446,13:43:27,8.36,0.01,488,407968,买盘
1447,13:43:24,8.35,--,8,6680,卖盘
1448,13:43:21,8.35,-0.01,32,26720,卖盘
1449,13:43:18,8.36,0.01,230,192280,买盘
1450,13:43:15,8.35,-0.01,49,40915,卖盘
1451,13:43:12,8.36,0.01,446,372856,买盘
1452,13:43:09,8.35,-0.01,81,67635,卖盘
1453,13:43:06,8.36,--,46,38456,买盘
1454,13:43:03,8.36,0.01,127,106172,买盘
1455,13:43:00,8.35,--,41,34235,卖盘
1456,13:42:57,8.35,--,40,33400,卖盘
1457,13:42:51,8.35,--,9,7515,卖盘
1458,13:42:48,8.35,--,11,9185,卖盘
1459,13:42:45,8.35,--,26,21710,卖盘
1460,13:42:42,8.35,--,52,43420,卖盘
1461,13:42:39,8.35,--,10,9001,卖盘
1462,13:42:36,8.35,-0.01,61,50935,买盘
1463,13:42:33,8.36,0.01,22,18392,买盘
1464,13:42:30,8.35,--,19,15865,买盘
1465,13:42:27,8.35,--,21,17535,卖盘
1466,13:42:24,8.35,-0.01,5,4175,卖盘
1467,13:42:21,8.36,0.01,449,375364,买盘
1468,13:42:18,8.35,--,72,60120,买盘
1469,13:42:15,8.35,-0.01,54,45090,中性盘
1470,13:42:12,8.36,--,72,60191,买盘
1471,13:42:09,8.36,0.01,323,270028,买盘
1472,13:42:06,8.35,--,895,747325,卖盘
1473,13:42:03,8.35,-0.01,25,20875,卖盘
1474,13:42:00,8.36,--,13,10868,买盘
1475,13:41:57,8.36,0.01,65,54339,买盘
1476,13:41:54,8.35,-0.01,32,26720,卖盘
1477,13:41:51,8.36,0.01,1,836,买盘
1478,13:41:48,8.35,--,57,47595,卖盘
1479,13:41:45,8.35,-0.01,111,92685,卖盘
1480,13:41:42,8.36,0.01,57,47652,买盘
1481,13:41:39,8.35,-0.01,3,2505,卖盘
1482,13:41:33,8.36,0.01,26,21736,买盘
1483,13:41:30,8.35,-0.01,28,23380,卖盘
1484,13:41:27,8.36,0.01,41,34276,买盘
1485,13:41:24,8.35,--,29,24215,卖盘
1486,13:41:21,8.35,0.01,44,36740,买盘
1487,13:41:18,8.34,--,1005,838170,卖盘
1488,13:41:15,8.34,--,154,128436,卖盘
1489,13:41:12,8.34,--,41,34194,卖盘
1490,13:41:09,8.34,-0.01,103,85902,卖盘
1491,13:41:06,8.35,0.01,661,551935,买盘
1492,13:41:03,8.34,-0.01,25,20850,卖盘
1493,13:41:00,8.35,0.01,87,72645,买盘
1494,13:40:57,8.34,-0.01,213,177642,卖盘
1495,13:40:54,8.35,0.01,41,34235,买盘
1496,13:40:51,8.34,--,35,29190,卖盘
1497,13:40:48,8.34,--,6,5004,卖盘
1498,13:40:45,8.34,--,1,834,卖盘
1499,13:40:42,8.34,--,6,5004,卖盘
1500,13:40:39,8.34,--,48,40032,卖盘
1501,13:40:36,8.34,-0.01,5,4170,卖盘
1502,13:40:33,8.35,0.01,132,110220,买盘
1503,13:40:30,8.34,--,29,24186,卖盘
1504,13:40:24,8.34,--,10,8340,卖盘
1505,13:40:21,8.34,--,85,70890,卖盘
1506,13:40:18,8.34,-0.01,42,35028,卖盘
1507,13:40:15,8.35,0.01,41,34235,买盘
1508,13:40:12,8.34,-0.01,38,31692,卖盘
1509,13:40:09,8.35,--,84,70140,买盘
1510,13:40:06,8.35,--,68,56780,买盘
1511,13:40:03,8.35,--,25,20875,买盘
1512,13:40:00,8.35,0.01,37,30895,买盘
1513,13:39:57,8.34,--,183,152622,卖盘
1514,13:39:51,8.34,--,36,30024,卖盘
1515,13:39:48,8.34,--,11,9174,卖盘
1516,13:39:45,8.34,-0.01,3,2502,卖盘
1517,13:39:42,8.35,0.01,111,92685,买盘
1518,13:39:39,8.34,--,4,3336,卖盘
1519,13:39:36,8.34,--,27,22518,卖盘
1520,13:39:33,8.34,--,40,33360,卖盘
1521,13:39:27,8.34,-0.01,125,104250,卖盘
1522,13:39:24,8.35,0.02,126,105210,买盘
1523,13:39:21,8.33,--,14,11662,卖盘
1524,13:39:18,8.33,--,2,1666,卖盘
1525,13:39:15,8.33,-0.01,233,194089,卖盘
1526,13:39:12,8.34,0.01,59,49206,买盘
1527,13:39:09,8.33,-0.01,29,24157,卖盘
1528,13:39:06,8.34,--,32,26688,卖盘
1529,13:39:03,8.34,--,1,834,卖盘
1530,13:39:00,8.34,--,58,48372,卖盘
1531,13:38:57,8.34,-0.01,4,3336,中性盘
1532,13:38:54,8.35,0.01,315,263025,买盘
1533,13:38:51,8.34,--,126,105417,买盘
1534,13:38:48,8.34,0.01,20,16680,买盘
1535,13:38:45,8.33,--,41,34153,卖盘
1536,13:38:39,8.33,-0.01,30,24990,卖盘
1537,13:38:36,8.34,0.01,50,41700,买盘
1538,13:38:33,8.33,-0.01,85,70805,卖盘
1539,13:38:30,8.34,--,124,103916,卖盘
1540,13:38:27,8.34,--,40,33360,卖盘
1541,13:38:24,8.34,--,1,834,卖盘
1542,13:38:21,8.34,-0.01,333,277722,卖盘
1543,13:38:18,8.35,0.01,56,46760,买盘
1544,13:38:15,8.34,--,12,10008,卖盘
1545,13:38:09,8.34,-0.01,46,38364,卖盘
1546,13:38:06,8.35,--,546,455910,买盘
1547,13:38:03,8.35,0.01,30,25050,买盘
1548,13:38:00,8.34,--,91,75894,卖盘
1549,13:37:51,8.34,--,58,48705,买盘
1550,13:37:48,8.34,--,43,35862,买盘
1551,13:37:45,8.34,--,36,30024,买盘
1552,13:37:42,8.34,--,145,120930,买盘
1553,13:37:39,8.34,--,87,72558,买盘
1554,13:37:36,8.34,0.01,39,32526,买盘
1555,13:37:33,8.33,-0.01,265,220745,卖盘
1556,13:37:30,8.34,--,8,6672,买盘
1557,13:37:27,8.34,0.01,15,12510,买盘
1558,13:37:24,8.33,-0.01,112,93296,卖盘
1559,13:37:21,8.34,--,15,12510,买盘
1560,13:37:18,8.34,0.01,51,42534,买盘
1561,13:37:12,8.33,-0.01,78,64974,卖盘
1562,13:37:09,8.34,0.01,17,14178,买盘
1563,13:37:06,8.33,-0.01,41,34153,卖盘
1564,13:37:03,8.34,--,129,107586,买盘
1565,13:37:00,8.34,0.01,29,24186,买盘
1566,13:36:57,8.33,-0.01,1,833,卖盘
1567,13:36:54,8.34,--,1,834,买盘
1568,13:36:51,8.34,0.02,172,143448,买盘
1569,13:36:48,8.32,-0.01,45,37440,卖盘
1570,13:36:45,8.33,0.01,3,2499,买盘
1571,13:36:42,8.32,-0.01,45,37440,卖盘
1572,13:36:39,8.33,0.01,43,35819,买盘
1573,13:36:36,8.32,-0.01,28,23296,卖盘
1574,13:36:33,8.33,--,51,42483,买盘
1575,13:36:30,8.33,--,51,42483,买盘
1576,13:36:27,8.33,0.01,39,32487,买盘
1577,13:36:24,8.32,-0.01,23,19136,卖盘
1578,13:36:21,8.33,--,10,8330,买盘
1579,13:36:18,8.33,--,22,18326,买盘
1580,13:36:15,8.33,--,297,247401,卖盘
1581,13:36:09,8.33,--,85,70805,买盘
1582,13:36:06,8.33,--,22,18326,买盘
1583,13:36:03,8.33,0.01,77,64141,买盘
1584,13:36:00,8.32,-0.01,9,7488,卖盘
1585,13:35:57,8.33,0.01,3,2499,中性盘
1586,13:35:51,8.32,-0.01,27,22464,卖盘
1587,13:35:48,8.33,--,101,84133,卖盘
1588,13:35:45,8.33,-0.01,1,833,卖盘
1589,13:35:42,8.34,0.02,28,23352,买盘
1590,13:35:39,8.32,-0.02,238,198016,卖盘
1591,13:35:36,8.34,0.01,136,113424,买盘
1592,13:35:33,8.33,--,2,1666,卖盘
1593,13:35:30,8.33,-0.01,2,1666,卖盘
1594,13:35:27,8.34,--,211,175974,买盘
1595,13:35:24,8.34,0.01,259,216006,买盘
1596,13:35:21,8.33,--,27,22491,买盘
1597,13:35:18,8.33,--,37,30821,卖盘
1598,13:35:15,8.33,--,20,16660,买盘
1599,13:35:12,8.33,--,203,169099,买盘
1600,13:35:09,8.33,--,26,21658,买盘
1601,13:35:06,8.33,--,277,230741,买盘
1602,13:35:03,8.33,--,119,99127,买盘
1603,13:35:00,8.33,0.01,65,54145,买盘
1604,13:34:57,8.32,--,6,4992,卖盘
1605,13:34:54,8.32,-0.01,148,123169,卖盘
1606,13:34:51,8.33,0.01,9,7497,买盘
1607,13:34:48,8.32,-0.01,47,39104,卖盘
1608,13:34:45,8.33,0.01,52,43316,买盘
1609,13:34:42,8.32,--,235,195520,卖盘
1610,13:34:39,8.32,--,41,34112,卖盘
1611,13:34:36,8.32,--,24,19968,卖盘
1612,13:34:33,8.32,-0.01,12,9984,卖盘
1613,13:34:30,8.33,0.02,482,401506,买盘
1614,13:34:27,8.31,-0.01,118,98058,卖盘
1615,13:34:24,8.32,--,135,112320,买盘
1616,13:34:21,8.32,0.01,87,72384,买盘
1617,13:34:18,8.31,-0.01,33,27423,卖盘
1618,13:34:15,8.32,--,95,79040,买盘
1619,13:34:12,8.32,--,317,263744,买盘
1620,13:34:09,8.32,--,50,41600,买盘
1621,13:34:06,8.32,-0.01,9,7488,中性盘
1622,13:34:03,8.33,0.01,65,54145,买盘
1623,13:34:00,8.32,--,3,2496,卖盘
1624,13:33:57,8.32,--,29,24128,买盘
1625,13:33:54,8.32,--,99,82368,买盘
1626,13:33:51,8.32,0.01,493,410176,买盘
1627,13:33:48,8.31,--,33,27423,卖盘
1628,13:33:45,8.31,-0.01,3,2493,卖盘
1629,13:33:42,8.32,--,5,4160,买盘
1630,13:33:39,8.32,--,168,139776,卖盘
1631,13:33:36,8.32,--,5,4160,买盘
1632,13:33:33,8.32,--,75,62400,买盘
1633,13:33:30,8.32,--,59,49088,买盘
1634,13:33:27,8.32,--,503,418496,买盘
1635,13:33:24,8.32,0.01,13,10816,买盘
1636,13:33:21,8.31,--,33,27423,卖盘
1637,13:33:18,8.31,--,110,91410,卖盘
1638,13:33:15,8.31,-0.01,53,44043,卖盘
1639,13:33:12,8.32,--,11,9152,买盘
1640,13:33:09,8.32,0.01,39,32448,买盘
1641,13:33:06,8.31,-0.01,35,29085,卖盘
1642,13:33:03,8.32,0.01,3,2496,买盘
1643,13:33:00,8.31,--,48,39888,卖盘
1644,13:32:57,8.31,--,264,219384,卖盘
1645,13:32:51,8.31,--,10,8310,卖盘
1646,13:32:48,8.31,--,76,63488,卖盘
1647,13:32:45,8.31,-0.01,15,12465,卖盘
1648,13:32:42,8.32,--,110,91520,买盘
1649,13:32:39,8.32,0.01,10,8320,买盘
1650,13:32:36,8.31,-0.01,44,36564,卖盘
1651,13:32:33,8.32,0.01,41,34112,买盘
1652,13:32:30,8.31,--,31,25761,卖盘
1653,13:32:27,8.31,-0.01,3,2493,卖盘
1654,13:32:24,8.32,--,411,341952,买盘
1655,13:32:21,8.32,0.01,2,1664,买盘
1656,13:32:18,8.31,-0.01,2,1662,卖盘
1657,13:32:15,8.32,0.01,55,45760,买盘
1658,13:32:12,8.31,-0.01,35,29085,卖盘
1659,13:32:09,8.32,0.01,37,30784,买盘
1660,13:32:06,8.31,-0.01,1,831,卖盘
1661,13:32:03,8.32,0.01,4,3328,买盘
1662,13:32:00,8.31,-0.01,758,629898,卖盘
1663,13:31:57,8.32,--,62,51584,卖盘
1664,13:31:54,8.32,--,107,89024,卖盘
1665,13:31:48,8.32,--,48,39936,卖盘
1666,13:31:45,8.32,--,1,832,卖盘
1667,13:31:42,8.32,--,52,43264,卖盘
1668,13:31:39,8.32,--,72,59904,卖盘
1669,13:31:36,8.32,-0.01,56,46592,卖盘
1670,13:31:33,8.33,--,20,16660,买盘
1671,13:31:30,8.33,0.01,412,343196,买盘
1672,13:31:27,8.32,--,23,19136,卖盘
1673,13:31:24,8.32,--,1,832,卖盘
1674,13:31:21,8.32,-0.01,8,6656,卖盘
1675,13:31:18,8.33,0.01,4,3332,买盘
1676,13:31:15,8.32,-0.01,100,83200,卖盘
1677,13:31:09,8.33,--,25,20825,卖盘
1678,13:31:06,8.33,-0.01,7,5831,卖盘
1679,13:31:03,8.34,0.01,20,16680,买盘
1680,13:31:00,8.33,-0.01,75,62475,卖盘
1681,13:30:57,8.34,0.01,45,37530,买盘
1682,13:30:54,8.33,0.01,33,27489,买盘
1683,13:30:51,8.32,-0.01,33,27456,卖盘
1684,13:30:48,8.33,--,114,94962,卖盘
1685,13:30:45,8.33,-0.01,34,28322,卖盘
1686,13:30:39,8.34,--,72,60048,买盘
1687,13:30:36,8.34,0.01,26,21684,买盘
1688,13:30:33,8.33,--,31,25823,卖盘
1689,13:30:30,8.33,0.01,30,24990,买盘
1690,13:30:27,8.32,--,40,33280,卖盘
1691,13:30:24,8.32,--,73,60736,卖盘
1692,13:30:18,8.32,--,15,12480,卖盘
1693,13:30:15,8.32,--,2,1664,卖盘
1694,13:30:12,8.32,--,56,46592,卖盘
1695,13:30:09,8.32,-0.01,38,31616,卖盘
1696,13:30:06,8.33,-0.01,1,833,卖盘
1697,13:30:03,8.34,0.02,6,5004,买盘
1698,13:30:00,8.32,--,42,34944,卖盘
1699,13:29:57,8.32,-0.01,436,362752,卖盘
1700,13:29:54,8.33,--,43,35819,买盘
1701,13:29:51,8.33,0.01,34,28322,买盘
1702,13:29:48,8.32,-0.01,3,2496,卖盘
1703,13:29:45,8.33,--,169,140777,买盘
1704,13:29:42,8.33,0.01,14,11662,买盘
1705,13:29:39,8.32,--,12,9984,卖盘
1706,13:29:36,8.32,-0.01,107,89024,卖盘
1707,13:29:30,8.33,0.01,10,8330,买盘
1708,13:29:27,8.32,--,12,9984,卖盘
1709,13:29:24,8.32,-0.01,923,767936,卖盘
1710,13:29:21,8.33,-0.01,3,2499,卖盘
1711,13:29:18,8.34,0.01,18,15012,买盘
1712,13:29:15,8.33,-0.01,175,145775,卖盘
1713,13:29:12,8.34,0.01,60,50040,买盘
1714,13:29:09,8.33,--,170,141610,卖盘
1715,13:29:06,8.33,-0.01,35,29155,卖盘
1716,13:29:03,8.34,--,42,35028,买盘
1717,13:28:57,8.34,0.01,57,47538,买盘
1718,13:28:54,8.33,--,36,29988,买盘
1719,13:28:51,8.33,--,6,4998,买盘
1720,13:28:48,8.33,-0.01,3,2499,中性盘
1721,13:28:45,8.34,0.02,78,65052,买盘
1722,13:28:42,8.32,-0.02,183,152256,卖盘
1723,13:28:39,8.34,--,27,22518,买盘
1724,13:28:36,8.34,--,7,5838,买盘
1725,13:28:33,8.34,0.01,47,39198,买盘
1726,13:28:30,8.33,--,5,4165,卖盘
1727,13:28:27,8.33,--,32,26656,卖盘
1728,13:28:24,8.33,--,70,58310,卖盘
1729,13:28:21,8.33,--,44,36652,卖盘
1730,13:28:18,8.33,--,20,16660,卖盘
1731,13:28:15,8.33,-0.01,25,20825,卖盘
1732,13:28:12,8.34,0.01,65,54210,买盘
1733,13:28:09,8.33,-0.01,78,64974,卖盘
1734,13:28:06,8.34,--,6,5004,买盘
1735,13:28:03,8.34,0.01,7,5838,买盘
1736,13:28:00,8.33,--,36,29988,卖盘
1737,13:27:57,8.33,--,7,5831,卖盘
1738,13:27:54,8.33,-0.01,11,9163,中性盘
1739,13:27:51,8.34,0.01,44,36696,买盘
1740,13:27:48,8.33,-0.01,11,9163,卖盘
1741,13:27:45,8.34,0.01,50,41700,买盘
1742,13:27:42,8.33,--,2,1666,卖盘
1743,13:27:39,8.33,--,56,46648,卖盘
1744,13:27:36,8.33,--,218,181594,卖盘
1745,13:27:30,8.33,-0.01,34,28322,卖盘
1746,13:27:27,8.34,0.01,4,3336,中性盘
1747,13:27:24,8.33,--,1,833,卖盘
1748,13:27:21,8.33,--,217,180761,卖盘
1749,13:27:18,8.33,--,40,33320,卖盘
1750,13:27:15,8.33,-0.02,2,1666,卖盘
1751,13:27:12,8.35,--,5,4175,买盘
1752,13:27:09,8.35,0.02,12,10020,买盘
1753,13:27:06,8.33,-0.02,34,28322,卖盘
1754,13:27:03,8.35,0.02,37,30895,中性盘
1755,13:27:00,8.33,-0.02,2,1666,卖盘
1756,13:26:57,8.35,--,69,57615,卖盘
1757,13:26:54,8.35,--,16,13360,中性盘
1758,13:26:51,8.35,--,182,152462,卖盘
1759,13:26:48,8.35,--,812,678020,卖盘
1760,13:26:45,8.35,--,847,707245,卖盘
1761,13:26:42,8.35,--,32,26720,卖盘
1762,13:26:39,8.35,-0.01,8,6680,卖盘
1763,13:26:36,8.36,--,11,9196,买盘
1764,13:26:33,8.36,0.01,261,218195,买盘
1765,13:26:30,8.35,--,5,4175,卖盘
1766,13:26:27,8.35,--,851,710585,卖盘
1767,13:26:24,8.35,--,45,37575,卖盘
1768,13:26:21,8.35,--,9,7515,卖盘
1769,13:26:18,8.35,-0.01,2,1670,卖盘
1770,13:26:15,8.36,--,44,36784,买盘
1771,13:26:12,8.36,0.01,54,45144,买盘
1772,13:26:09,8.35,--,33,27555,卖盘
1773,13:26:06,8.35,0.02,2068,1727122,买盘
1774,13:26:03,8.33,0.01,2,1666,买盘
1775,13:26:00,8.32,--,395,328640,卖盘
1776,13:25:57,8.32,--,25,20800,卖盘
1777,13:25:51,8.32,0.01,4,3328,卖盘
1778,13:25:48,8.31,--,96,79776,卖盘
1779,13:25:45,8.31,-0.01,96,79776,卖盘
1780,13:25:42,8.32,--,180,149760,卖盘
1781,13:25:39,8.32,0.01,277,230796,买盘
1782,13:25:36,8.31,-0.01,15,12465,卖盘
1783,13:25:33,8.32,0.01,5,4160,买盘
1784,13:25:30,8.31,--,27,22437,卖盘
1785,13:25:27,8.31,-0.01,15,12465,卖盘
1786,13:25:24,8.32,--,29,24128,买盘
1787,13:25:21,8.32,--,10,8320,买盘
1788,13:25:18,8.32,--,215,178880,卖盘
1789,13:25:15,8.32,-0.01,4,3328,卖盘
1790,13:25:12,8.33,0.01,7,5831,买盘
1791,13:25:09,8.32,--,183,152256,卖盘
1792,13:25:06,8.32,-0.01,5,4160,卖盘
1793,13:25:03,8.33,0.01,44,36652,买盘
1794,13:25:00,8.32,--,38,31616,卖盘
1795,13:24:57,8.32,-0.01,15,12480,卖盘
1796,13:24:54,8.33,0.01,77,64141,买盘
1797,13:24:51,8.32,--,29,24128,卖盘
1798,13:24:48,8.32,-0.01,11,9152,卖盘
1799,13:24:45,8.33,0.01,136,113288,买盘
1800,13:24:42,8.32,--,1,832,卖盘
1801,13:24:39,8.32,--,11,9152,卖盘
1802,13:24:36,8.32,-0.01,326,271232,卖盘
1803,13:24:33,8.33,--,44,36652,买盘
1804,13:24:30,8.33,0.01,35,29155,买盘
1805,13:24:27,8.32,--,36,29952,卖盘
1806,13:24:24,8.32,--,13,10816,卖盘
1807,13:24:18,8.32,0.01,590,490880,卖盘
1808,13:24:15,8.31,--,41,34071,卖盘
1809,13:24:09,8.31,--,20,16620,卖盘
1810,13:24:06,8.31,-0.02,27,22437,卖盘
1811,13:24:03,8.33,0.02,91,75803,买盘
1812,13:24:00,8.31,--,5,4155,卖盘
1813,13:23:57,8.31,-0.02,38,31578,卖盘
1814,13:23:54,8.33,0.01,216,179928,买盘
1815,13:23:48,8.32,0.01,45,37440,买盘
1816,13:23:42,8.31,-0.01,55,45705,卖盘
1817,13:23:36,8.32,--,36,29952,买盘
1818,13:23:33,8.32,0.01,3,2496,买盘
1819,13:23:30,8.31,-0.01,36,29916,卖盘
1820,13:23:27,8.32,--,198,164736,买盘
1821,13:23:24,8.32,--,5,4160,买盘
1822,13:23:21,8.32,0.01,56,46592,买盘
1823,13:23:18,8.31,-0.01,32,26592,卖盘
1824,13:23:15,8.32,--,3,2496,买盘
1825,13:23:12,8.32,0.01,4,3328,买盘
1826,13:23:09,8.31,--,44,36564,卖盘
1827,13:23:06,8.31,-0.01,2,1662,卖盘
1828,13:23:03,8.32,--,77,64064,买盘
1829,13:23:00,8.32,0.01,98,81536,买盘
1830,13:22:57,8.31,-0.01,28,23268,卖盘
1831,13:22:54,8.32,0.01,13,10816,买盘
1832,13:22:48,8.31,--,34,28254,卖盘
1833,13:22:45,8.31,-0.01,69,57339,卖盘
1834,13:22:42,8.32,--,5,4160,卖盘
1835,13:22:39,8.32,--,22,18304,卖盘
1836,13:22:36,8.32,--,38,31616,卖盘
1837,13:22:33,8.32,--,3,2496,卖盘
1838,13:22:27,8.32,--,177,147264,卖盘
1839,13:22:24,8.32,--,134,111488,卖盘
1840,13:22:21,8.32,-0.01,53,44096,卖盘
1841,13:22:18,8.33,0.01,3,2499,买盘
1842,13:22:15,8.32,--,39,32448,卖盘
1843,13:22:09,8.32,0.01,109,90688,买盘
1844,13:22:06,8.31,-0.01,89,73959,卖盘
1845,13:22:03,8.32,--,37,30784,买盘
1846,13:22:00,8.32,0.01,30,24960,买盘
1847,13:21:57,8.31,-0.01,32,26592,卖盘
1848,13:21:54,8.32,0.01,67,55744,买盘
1849,13:21:51,8.31,--,65,54015,卖盘
1850,13:21:48,8.31,-0.01,2,1662,卖盘
1851,13:21:45,8.32,0.01,50,41600,买盘
1852,13:21:42,8.31,-0.01,1,831,卖盘
1853,13:21:39,8.32,-0.01,50,41600,卖盘
1854,13:21:33,8.33,0.02,287,239071,卖盘
1855,13:21:30,8.31,--,62,51522,卖盘
1856,13:21:27,8.31,-0.01,55,45705,卖盘
1857,13:21:24,8.32,--,1,832,卖盘
1858,13:21:18,8.32,0.01,2,1664,中性盘
1859,13:21:15,8.31,-0.01,746,619926,卖盘
1860,13:21:12,8.32,--,340,282880,买盘
1861,13:21:09,8.32,0.01,50,41600,买盘
1862,13:21:06,8.31,-0.01,64,53184,卖盘
1863,13:21:03,8.32,0.01,2,1664,买盘
1864,13:21:00,8.31,-0.01,66,54846,卖盘
1865,13:20:57,8.32,0.01,10,8320,买盘
1866,13:20:54,8.31,--,221,183651,卖盘
1867,13:20:51,8.31,--,60,49860,卖盘
1868,13:20:48,8.31,-0.01,49,40719,卖盘
1869,13:20:45,8.32,0.01,46,38272,买盘
1870,13:20:42,8.31,--,19,15789,卖盘
1871,13:20:39,8.31,-0.01,270,224370,卖盘
1872,13:20:33,8.32,--,48,39936,买盘
1873,13:20:30,8.32,0.01,428,356096,买盘
1874,13:20:27,8.31,--,34,28254,卖盘
1875,13:20:24,8.31,--,290,240990,卖盘
1876,13:20:21,8.31,-0.01,359,298819,卖盘
1877,13:20:18,8.32,--,5,4160,卖盘
1878,13:20:15,8.32,--,175,145600,卖盘
1879,13:20:12,8.32,--,57,47424,卖盘
1880,13:20:09,8.32,--,9,7488,卖盘
1881,13:20:06,8.32,-0.01,31,25792,卖盘
1882,13:20:03,8.33,--,6,4998,买盘
1883,13:20:00,8.33,0.01,2,1666,买盘
1884,13:19:57,8.32,--,101,84373,买盘
1885,13:19:54,8.32,0.01,45,37440,买盘
1886,13:19:51,8.31,-0.01,78,64818,卖盘
1887,13:19:48,8.32,-0.02,196,163562,卖盘
1888,13:19:45,8.34,--,18,15012,卖盘
1889,13:19:42,8.34,-0.01,105,87570,中性盘
1890,13:19:36,8.35,--,364,303940,买盘
1891,13:19:33,8.35,0.03,569,475115,买盘
1892,13:19:30,8.32,--,44,36608,卖盘
1893,13:19:27,8.32,-0.01,9,7488,卖盘
1894,13:19:24,8.33,0.01,4,3332,买盘
1895,13:19:21,8.32,-0.01,36,29952,卖盘
1896,13:19:18,8.33,--,20,17276,卖盘
1897,13:19:15,8.33,--,61,50813,卖盘
1898,13:19:12,8.33,-0.01,138,114954,卖盘
1899,13:19:06,8.34,--,297,247698,买盘
1900,13:19:03,8.34,--,68,56712,买盘
1901,13:19:00,8.34,0.02,3,2502,买盘
1902,13:18:57,8.32,-0.01,68,57133,卖盘
1903,13:18:54,8.33,0.01,13,10829,中性盘
1904,13:18:51,8.32,-0.02,54,44928,卖盘
1905,13:18:48,8.34,0.01,330,275220,买盘
1906,13:18:45,8.33,0.01,154,128282,买盘
1907,13:18:42,8.32,-0.01,152,126464,卖盘
1908,13:18:39,8.33,0.01,273,227409,买盘
1909,13:18:36,8.32,-0.01,15,12480,卖盘
1910,13:18:33,8.33,--,13,10829,买盘
1911,13:18:30,8.33,--,71,59143,买盘
1912,13:18:27,8.33,--,72,59976,卖盘
1913,13:18:24,8.33,--,34,28322,卖盘
1914,13:18:21,8.33,--,57,47481,卖盘
1915,13:18:18,8.33,--,23,19159,卖盘
1916,13:18:15,8.33,-0.01,62,51646,卖盘
1917,13:18:12,8.34,0.01,159,132606,买盘
1918,13:18:09,8.33,--,131,109123,买盘
1919,13:18:06,8.33,-0.01,447,372351,卖盘
1920,13:18:03,8.34,0.01,14,11676,买盘
1921,13:18:00,8.33,--,445,370685,卖盘
1922,13:17:57,8.33,--,77,64141,卖盘
1923,13:17:54,8.33,--,14,11662,卖盘
1924,13:17:51,8.33,--,151,125783,卖盘
1925,13:17:48,8.33,--,86,71638,卖盘
1926,13:17:45,8.33,--,129,107457,卖盘
1927,13:17:42,8.33,-0.01,62,51646,卖盘
1928,13:17:39,8.34,0.01,6,5004,买盘
1929,13:17:36,8.33,-0.01,12,9996,卖盘
1930,13:17:33,8.34,--,373,311082,买盘
1931,13:17:30,8.34,0.01,18,15012,买盘
1932,13:17:27,8.33,--,486,404838,卖盘
1933,13:17:24,8.33,-0.01,4,3332,卖盘
1934,13:17:21,8.34,--,4,3336,买盘
1935,13:17:18,8.34,--,73,60882,买盘
1936,13:17:15,8.34,--,36,30024,买盘
1937,13:17:12,8.34,0.01,296,246864,买盘
1938,13:17:09,8.33,--,12,9996,卖盘
1939,13:17:06,8.33,-0.01,147,122451,卖盘
1940,13:17:03,8.34,--,60,50040,卖盘
1941,13:17:00,8.34,--,54,45036,卖盘
1942,13:16:57,8.34,--,10,8340,卖盘
1943,13:16:54,8.34,-0.01,219,182646,卖盘
1944,13:16:51,8.35,--,662,552770,卖盘
1945,13:16:48,8.35,--,49,40915,卖盘
1946,13:16:45,8.35,-0.01,11,9185,卖盘
1947,13:16:42,8.36,0.01,279,233243,买盘
1948,13:16:39,8.35,--,20,16700,卖盘
1949,13:16:36,8.35,--,1047,874245,卖盘
1950,13:16:33,8.35,--,54,45090,卖盘
1951,13:16:30,8.35,-0.02,47,39245,卖盘
1952,13:16:27,8.37,0.02,14,11717,买盘
1953,13:16:24,8.35,--,296,247160,卖盘
1954,13:16:18,8.35,--,10,8350,卖盘
1955,13:16:15,8.35,-0.01,78,65130,卖盘
1956,13:16:12,8.36,--,12,10032,买盘
1957,13:16:09,8.36,0.01,74,61863,买盘
1958,13:16:06,8.35,--,49,40915,卖盘
1959,13:16:03,8.35,-0.01,29,24215,卖盘
1960,13:16:00,8.36,--,51,42636,买盘
1961,13:15:57,8.36,0.01,79,66044,买盘
1962,13:15:54,8.35,--,16,13360,卖盘
1963,13:15:51,8.35,-0.02,62,51770,卖盘
1964,13:15:48,8.37,0.01,47,39338,买盘
1965,13:15:45,8.36,--,31,25916,卖盘
1966,13:15:42,8.36,--,270,225719,卖盘
1967,13:15:39,8.36,-0.01,143,119547,卖盘
1968,13:15:36,8.37,--,11,9207,买盘
1969,13:15:33,8.37,0.01,148,123875,中性盘
1970,13:15:30,8.36,-0.02,6,5016,卖盘
1971,13:15:27,8.38,0.01,12,10056,买盘
1972,13:15:24,8.37,-0.01,90,75330,买盘
1973,13:15:18,8.38,0.02,491,411458,买盘
1974,13:15:15,8.36,-0.01,3,2508,卖盘
1975,13:15:12,8.37,--,11,9207,买盘
1976,13:15:09,8.37,0.01,17,14228,买盘
1977,13:15:06,8.36,--,46,38456,卖盘
1978,13:15:03,8.36,--,6,5016,卖盘
1979,13:15:00,8.36,--,46,38456,卖盘
1980,13:14:57,8.36,-0.01,49,40964,中性盘
1981,13:14:54,8.37,0.01,270,225989,买盘
1982,13:14:51,8.36,--,18,15047,买盘
1983,13:14:48,8.36,0.01,6,5016,买盘
1984,13:14:45,8.35,--,35,29225,卖盘
1985,13:14:42,8.35,-0.01,22,18370,卖盘
1986,13:14:39,8.36,0.01,7,5852,买盘
1987,13:14:36,8.35,-0.02,8,6680,卖盘
1988,13:14:33,8.37,0.01,132,110483,买盘
1989,13:14:30,8.36,--,68,56847,买盘
1990,13:14:27,8.36,--,6,5016,卖盘
1991,13:14:24,8.36,--,28,23408,卖盘
1992,13:14:21,8.36,--,199,166364,卖盘
1993,13:14:18,8.36,--,10,8360,卖盘
1994,13:14:15,8.36,-0.01,55,45980,买盘
1995,13:14:12,8.37,0.01,308,257795,买盘
1996,13:14:09,8.36,-0.01,12,10032,买盘
1997,13:14:06,8.37,0.02,33,27620,买盘
1998,13:14:03,8.35,--,3,2505,卖盘
1999,13:14:00,8.35,-0.01,104,86840,卖盘
2000,13:13:57,8.36,--,12,10032,卖盘
2001,13:13:54,8.36,-0.01,29,24244,卖盘
2002,13:13:51,8.37,0.02,20,16740,买盘
2003,13:13:48,8.35,-0.01,46,38410,卖盘
2004,13:13:45,8.36,0.01,76,63535,买盘
2005,13:13:42,8.35,-0.02,29,24432,卖盘
2006,13:13:39,8.37,0.01,36,30131,买盘
2007,13:13:36,8.36,--,327,273372,卖盘
2008,13:13:33,8.36,--,47,39292,卖盘
2009,13:13:30,8.36,-0.01,38,32386,卖盘
2010,13:13:27,8.37,0.01,43,35991,买盘
2011,13:13:21,8.36,0.01,15,12540,中性盘
2012,13:13:18,8.35,--,62,51770,卖盘
2013,13:13:15,8.35,-0.01,31,25885,卖盘
2014,13:13:12,8.36,--,77,64371,买盘
2015,13:13:09,8.36,0.01,38,31767,买盘
2016,13:13:06,8.35,--,3,2505,卖盘
2017,13:13:03,8.35,--,13,10855,卖盘
2018,13:13:00,8.35,-0.01,2,1670,卖盘
2019,13:12:57,8.36,--,16,13376,卖盘
2020,13:12:54,8.36,-0.02,46,38456,卖盘
2021,13:12:51,8.38,--,35,29330,买盘
2022,13:12:48,8.38,0.03,267,223746,买盘
2023,13:12:45,8.35,--,272,227120,卖盘
2024,13:12:42,8.35,-0.01,146,121910,卖盘
2025,13:12:39,8.36,--,128,107008,中性盘
2026,13:12:36,8.36,0.01,85,71060,中性盘
2027,13:12:30,8.35,-0.01,33,27555,卖盘
2028,13:12:27,8.36,--,5,4180,卖盘
2029,13:12:24,8.36,--,29,24244,卖盘
2030,13:12:21,8.36,--,60,50160,买盘
2031,13:12:18,8.36,--,125,104500,卖盘
2032,13:12:15,8.36,-0.01,503,420508,卖盘
2033,13:12:12,8.37,0.01,60,50219,中性盘
2034,13:12:09,8.36,-0.01,32,26752,卖盘
2035,13:12:06,8.37,0.01,75,62774,买盘
2036,13:12:03,8.36,-0.02,5,4180,卖盘
2037,13:12:00,8.38,0.02,277,232126,买盘
2038,13:11:57,8.36,--,238,198968,卖盘
2039,13:11:54,8.36,--,42,35112,卖盘
2040,13:11:48,8.36,-0.01,45,37620,卖盘
2041,13:11:45,8.37,0.01,22,18414,买盘
2042,13:11:42,8.36,--,14,11704,卖盘
2043,13:11:39,8.36,--,96,80256,卖盘
2044,13:11:36,8.36,-0.01,125,104500,卖盘
2045,13:11:33,8.37,--,27,22598,买盘
2046,13:11:30,8.37,--,75,62774,买盘
2047,13:11:27,8.37,0.01,12,10043,买盘
2048,13:11:24,8.36,--,320,267520,卖盘
2049,13:11:18,8.36,-0.01,49,40964,卖盘
2050,13:11:15,8.37,0.01,595,498014,买盘
2051,13:11:12,8.36,--,137,114531,卖盘
2052,13:11:09,8.36,--,13,10868,卖盘
2053,13:11:06,8.36,--,40,33440,卖盘
2054,13:11:03,8.36,--,36,30095,卖盘
2055,13:11:00,8.36,--,668,558448,买盘
2056,13:10:57,8.36,0.01,81,67716,买盘
2057,13:10:54,8.35,--,2,1670,卖盘
2058,13:10:51,8.35,--,45,37575,卖盘
2059,13:10:48,8.35,--,5,4175,卖盘
2060,13:10:45,8.35,--,8,6680,卖盘
2061,13:10:42,8.35,--,11,9185,卖盘
2062,13:10:39,8.35,-0.01,36,30060,卖盘
2063,13:10:36,8.36,--,78,65207,卖盘
2064,13:10:33,8.36,0.01,11,9196,买盘
2065,13:10:30,8.35,--,32,26720,卖盘
2066,13:10:27,8.35,-0.01,33,27555,卖盘
2067,13:10:24,8.36,-0.01,1,836,中性盘
2068,13:10:21,8.37,0.01,267,223478,买盘
2069,13:10:18,8.36,0.01,45,37620,买盘
2070,13:10:15,8.35,-0.01,21,17535,卖盘
2071,13:10:12,8.36,0.01,21,17556,中性盘
2072,13:10:09,8.35,-0.01,63,52605,卖盘
2073,13:10:06,8.36,-0.01,228,190608,卖盘
2074,13:10:03,8.37,--,34,28457,买盘
2075,13:10:00,8.37,--,17,14228,买盘
2076,13:09:57,8.37,0.01,62,51893,买盘
2077,13:09:54,8.36,--,326,272536,卖盘
2078,13:09:51,8.36,-0.01,3,2508,卖盘
2079,13:09:48,8.37,0.01,227,189998,买盘
2080,13:09:45,8.36,--,57,47652,卖盘
2081,13:09:42,8.36,-0.01,54,45144,卖盘
2082,13:09:39,8.37,0.01,19,15902,买盘
2083,13:09:36,8.36,-0.01,6,5016,卖盘
2084,13:09:33,8.37,-0.01,69,57752,中性盘
2085,13:09:30,8.38,0.03,217,181846,买盘
2086,13:09:27,8.35,--,2,1670,卖盘
2087,13:09:24,8.35,0.01,111,92685,卖盘
2088,13:09:21,8.34,-0.01,159,132606,卖盘
2089,13:09:18,8.35,0.01,4,3340,买盘
2090,13:09:15,8.34,-0.01,243,202662,卖盘
2091,13:09:12,8.35,--,25,20875,买盘
2092,13:09:09,8.35,--,51,42585,买盘
2093,13:09:06,8.35,0.01,54,45090,买盘
2094,13:09:03,8.34,-0.01,1,834,卖盘
2095,13:09:00,8.35,--,30,25050,买盘
2096,13:08:57,8.35,-0.01,462,385770,卖盘
2097,13:08:54,8.36,--,283,236587,卖盘
2098,13:08:48,8.36,-0.01,45,37620,卖盘
2099,13:08:45,8.37,0.01,237,198368,买盘
2100,13:08:42,8.36,--,131,109515,买盘
2101,13:08:39,8.36,--,53,44308,买盘
2102,13:08:36,8.36,-0.02,10,8360,卖盘
2103,13:08:33,8.38,0.02,547,458386,买盘
2104,13:08:30,8.36,-0.01,35,29259,卖盘
2105,13:08:27,8.37,0.02,49,41012,买盘
2106,13:08:24,8.35,-0.02,207,172845,卖盘
2107,13:08:21,8.37,0.02,279,233522,买盘
2108,13:08:18,8.35,--,205,171175,卖盘
2109,13:08:15,8.35,-0.01,128,106880,卖盘
2110,13:08:09,8.36,0.01,11,9196,买盘
2111,13:08:06,8.35,-0.01,262,218770,卖盘
2112,13:08:03,8.36,0.01,49,40964,买盘
2113,13:08:00,8.35,-0.01,80,66800,卖盘
2114,13:07:57,8.36,--,30,25080,买盘
2115,13:07:54,8.36,0.01,51,42636,买盘
2116,13:07:51,8.35,--,12,10020,卖盘
2117,13:07:48,8.35,-0.01,10,8350,卖盘
2118,13:07:45,8.36,0.01,9,7523,买盘
2119,13:07:42,8.35,--,56,46760,卖盘
2120,13:07:39,8.35,-0.01,40,33400,卖盘
2121,13:07:36,8.36,--,280,234079,买盘
2122,13:07:33,8.36,0.01,93,77748,买盘
2123,13:07:30,8.35,--,58,48430,卖盘
2124,13:07:27,8.35,--,3,2505,卖盘
2125,13:07:24,8.35,--,11,9185,卖盘
2126,13:07:21,8.35,--,4,3340,卖盘
2127,13:07:18,8.35,--,71,59285,卖盘
2128,13:07:15,8.35,--,17,14195,卖盘
2129,13:07:12,8.35,--,24,20040,卖盘
2130,13:07:09,8.35,0.01,364,303940,买盘
2131,13:07:06,8.34,-0.01,273,227682,卖盘
2132,13:07:03,8.35,0.01,774,646290,买盘
2133,13:07:00,8.34,-0.01,10,8340,卖盘
2134,13:06:57,8.35,0.01,410,342350,买盘
2135,13:06:54,8.34,--,4,3336,卖盘
2136,13:06:51,8.34,-0.01,264,220176,卖盘
2137,13:06:48,8.35,0.02,360,300600,买盘
2138,13:06:45,8.33,-0.01,24,19992,卖盘
2139,13:06:42,8.34,--,82,68388,买盘
2140,13:06:39,8.34,0.01,6,5004,中性盘
2141,13:06:36,8.33,--,17,14161,卖盘
2142,13:06:33,8.33,--,85,70805,卖盘
2143,13:06:27,8.33,--,3,2499,卖盘
2144,13:06:24,8.33,-0.02,37,30821,卖盘
2145,13:06:21,8.35,0.01,114,95190,买盘
2146,13:06:18,8.34,0.01,293,244362,买盘
2147,13:06:15,8.33,--,28,23324,卖盘
2148,13:06:12,8.33,--,65,54145,卖盘
2149,13:06:09,8.33,0.01,339,282387,买盘
2150,13:06:06,8.32,0.01,152,126464,买盘
2151,13:06:03,8.31,-0.01,47,39057,卖盘
2152,13:06:00,8.32,--,58,48256,卖盘
2153,13:05:57,8.32,--,11,9152,卖盘
2154,13:05:54,8.32,--,2,1664,卖盘
2155,13:05:51,8.32,-0.01,198,164736,中性盘
2156,13:05:48,8.33,0.02,8,6664,买盘
2157,13:05:45,8.31,--,52,43212,卖盘
2158,13:05:42,8.31,0.01,1,831,中性盘
2159,13:05:39,8.3,-0.03,38,31540,卖盘
2160,13:05:36,8.33,0.02,283,235739,买盘
2161,13:05:33,8.31,--,880,731280,买盘
2162,13:05:30,8.31,--,97,80607,卖盘
2163,13:05:27,8.31,--,38,31578,卖盘
2164,13:05:24,8.31,0.01,3,2493,中性盘
2165,13:05:21,8.3,-0.02,531,440730,卖盘
2166,13:05:18,8.32,--,337,280384,买盘
2167,13:05:15,8.32,0.01,73,60736,买盘
2168,13:05:12,8.31,--,11,9141,卖盘
2169,13:05:09,8.31,--,288,239328,买盘
2170,13:05:06,8.31,--,151,125481,卖盘
2171,13:05:03,8.31,--,4,3324,卖盘
2172,13:05:00,8.31,--,6,4986,卖盘
2173,13:04:57,8.31,--,2,1662,卖盘
2174,13:04:54,8.31,0.01,36,29916,中性盘
2175,13:04:48,8.3,--,1,830,卖盘
2176,13:04:45,8.3,--,163,135954,卖盘
2177,13:04:42,8.3,--,114,94620,卖盘
2178,13:04:39,8.3,-0.01,30,24900,卖盘
2179,13:04:36,8.31,--,82,68142,买盘
2180,13:04:33,8.31,--,213,177003,买盘
2181,13:04:30,8.31,--,28,23268,买盘
2182,13:04:27,8.31,--,5,4155,买盘
2183,13:04:24,8.31,0.01,223,185313,买盘
2184,13:04:21,8.3,-0.01,202,167660,卖盘
2185,13:04:18,8.31,0.01,10,8310,买盘
2186,13:04:15,8.3,-0.01,325,269750,卖盘
2187,13:04:12,8.31,--,45,37395,买盘
2188,13:04:09,8.31,--,43,35733,买盘
2189,13:04:06,8.31,--,188,156228,买盘
2190,13:04:03,8.31,0.01,286,237666,买盘
2191,13:04:00,8.3,-0.01,36,29880,卖盘
2192,13:03:57,8.31,--,506,420486,卖盘
2193,13:03:54,8.31,-0.01,2,1662,中性盘
2194,13:03:51,8.32,0.02,870,723840,买盘
2195,13:03:48,8.3,-0.01,37,30710,卖盘
2196,13:03:45,8.31,0.01,37,30747,买盘
2197,13:03:42,8.3,-0.02,1,830,卖盘
2198,13:03:39,8.32,0.01,50,41600,买盘
2199,13:03:36,8.31,--,26,21938,买盘
2200,13:03:33,8.31,--,524,435444,买盘
2201,13:03:30,8.31,--,12,9972,买盘
2202,13:03:27,8.31,--,153,127641,卖盘
2203,13:03:24,8.31,0.01,14,11966,买盘
2204,13:03:21,8.3,-0.01,6,5478,卖盘
2205,13:03:18,8.31,--,655,544305,卖盘
2206,13:03:15,8.31,-0.01,3,2493,卖盘
2207,13:03:12,8.32,0.01,3,2496,买盘
2208,13:03:09,8.31,--,153,127143,卖盘
2209,13:03:06,8.31,-0.01,40,33240,卖盘
2210,13:03:03,8.32,--,71,59072,买盘
2211,13:03:00,8.32,0.01,19,15808,买盘
2212,13:02:57,8.31,-0.01,2,1662,卖盘
2213,13:02:54,8.32,--,152,126464,买盘
2214,13:02:51,8.32,0.01,8,6656,买盘
2215,13:02:48,8.31,--,27,22437,卖盘
2216,13:02:45,8.31,--,22,18282,卖盘
2217,13:02:42,8.31,-0.01,219,181989,卖盘
2218,13:02:39,8.32,0.01,57,47424,买盘
2219,13:02:36,8.31,--,24,19944,卖盘
2220,13:02:33,8.31,-0.01,315,261765,卖盘
2221,13:02:30,8.32,--,2,1664,买盘
2222,13:02:27,8.32,0.01,46,38272,买盘
2223,13:02:24,8.31,--,189,157059,卖盘
2224,13:02:21,8.31,--,165,137115,卖盘
2225,13:02:18,8.31,--,38,31578,卖盘
2226,13:02:15,8.31,--,4,3324,卖盘
2227,13:02:12,8.31,--,3,2493,卖盘
2228,13:02:09,8.31,--,38,31578,卖盘
2229,13:02:06,8.31,--,31,25761,卖盘
2230,13:02:03,8.31,-0.01,4,3324,卖盘
2231,13:02:00,8.32,--,96,79872,买盘
2232,13:01:57,8.32,--,5,4160,买盘
2233,13:01:54,8.32,--,268,222976,买盘
2234,13:01:51,8.32,--,10,8320,买盘
2235,13:01:48,8.32,0.01,102,84864,买盘
2236,13:01:45,8.31,--,3,2493,卖盘
2237,13:01:42,8.31,-0.01,380,315780,卖盘
2238,13:01:39,8.32,0.01,35,29120,买盘
2239,13:01:36,8.31,-0.01,66,54846,卖盘
2240,13:01:33,8.32,--,5,4160,买盘
2241,13:01:30,8.32,0.01,191,158912,买盘
2242,13:01:27,8.31,--,8,6648,卖盘
2243,13:01:24,8.31,-0.01,42,34902,卖盘
2244,13:01:21,8.32,--,104,86528,买盘
2245,13:01:18,8.32,0.01,1,832,买盘
2246,13:01:15,8.31,--,12,9972,卖盘
2247,13:01:12,8.31,-0.01,37,30747,卖盘
2248,13:01:09,8.32,0.01,18,14976,买盘
2249,13:01:06,8.31,-0.01,14,11634,卖盘
2250,13:01:03,8.32,--,20,16640,买盘
2251,13:01:00,8.32,--,143,118976,卖盘
2252,13:00:57,8.32,0.01,2,1664,中性盘
2253,13:00:54,8.31,--,22,18282,卖盘
2254,13:00:51,8.31,--,351,291681,卖盘
2255,13:00:48,8.31,-0.01,50,41550,卖盘
2256,13:00:45,8.32,0.01,4,3328,买盘
2257,13:00:42,8.31,--,67,55677,卖盘
2258,13:00:39,8.31,-0.01,38,31578,卖盘
2259,13:00:36,8.32,0.01,32,26624,买盘
2260,13:00:33,8.31,--,10,8310,卖盘
2261,13:00:30,8.31,--,10,8310,卖盘
2262,13:00:27,8.31,--,290,240990,卖盘
2263,13:00:24,8.31,--,17,14127,卖盘
2264,13:00:18,8.31,--,43,35733,卖盘
2265,13:00:15,8.31,--,2,1662,卖盘
2266,13:00:12,8.31,-0.02,52,43212,卖盘
2267,13:00:09,8.33,0.02,319,265727,中性盘
2268,13:00:06,8.31,--,573,476163,卖盘
2269,13:00:03,8.31,--,3497,2906281,卖盘
2270,13:00:00,8.31,--,0,0,卖盘
2271,11:30:00,8.31,0.01,366,304146,买盘
2272,11:29:57,8.3,--,94,78020,卖盘
2273,11:29:54,8.3,-0.01,140,116200,卖盘
2274,11:29:51,8.31,--,106,88086,买盘
2275,11:29:48,8.31,--,20,16620,买盘
2276,11:29:45,8.31,0.01,332,275892,买盘
2277,11:29:42,8.3,-0.01,16,13280,卖盘
2278,11:29:39,8.31,--,12,9972,买盘
2279,11:29:36,8.31,0.01,5,4155,中性盘
2280,11:29:33,8.3,-0.02,161,133630,卖盘
2281,11:29:30,8.32,--,1122,933504,买盘
2282,11:29:27,8.32,0.01,63,52416,买盘
2283,11:29:24,8.31,--,4,3324,卖盘
2284,11:29:21,8.31,-0.01,55,45705,卖盘
2285,11:29:18,8.32,--,5,4160,买盘
2286,11:29:15,8.32,-0.01,1398,1163693,卖盘
2287,11:29:12,8.33,--,271,225743,卖盘
2288,11:29:09,8.33,--,37,30821,卖盘
2289,11:29:06,8.33,--,2,1666,卖盘
2290,11:29:03,8.33,--,2,1666,卖盘
2291,11:29:00,8.33,--,41,34153,卖盘
2292,11:28:57,8.33,--,2,1666,卖盘
2293,11:28:54,8.33,-0.01,54,44982,卖盘
2294,11:28:51,8.34,0.01,138,115092,买盘
2295,11:28:48,8.33,0.01,36,29988,买盘
2296,11:28:45,8.32,--,6,4992,卖盘
2297,11:28:42,8.32,-0.01,64,53248,卖盘
2298,11:28:39,8.33,0.01,11,9163,买盘
2299,11:28:36,8.32,--,190,158080,卖盘
2300,11:28:33,8.32,-0.01,59,49088,卖盘
2301,11:28:30,8.33,--,12,9996,买盘
2302,11:28:27,8.33,--,52,43316,买盘
2303,11:28:24,8.33,0.01,74,61642,买盘
2304,11:28:21,8.32,-0.01,14,11648,卖盘
2305,11:28:18,8.33,--,14,11662,买盘
2306,11:28:15,8.33,--,309,257397,卖盘
2307,11:28:12,8.33,--,356,296548,卖盘
2308,11:28:09,8.33,--,2,1666,卖盘
2309,11:28:06,8.33,0.01,30,24990,卖盘
2310,11:28:03,8.32,-0.01,162,135058,卖盘
2311,11:28:00,8.33,--,4,3332,买盘
2312,11:27:57,8.33,0.01,11,9163,买盘
2313,11:27:54,8.32,-0.01,76,63232,卖盘
2314,11:27:51,8.33,--,12,9996,买盘
2315,11:27:48,8.33,--,53,44707,卖盘
2316,11:27:45,8.33,--,12,9996,卖盘
2317,11:27:42,8.33,--,52,43316,卖盘
2318,11:27:39,8.33,-0.01,110,91630,卖盘
2319,11:27:36,8.34,0.01,31,25854,买盘
2320,11:27:33,8.33,--,11,9163,卖盘
2321,11:27:30,8.33,--,142,118286,卖盘
2322,11:27:27,8.33,--,3,2499,卖盘
2323,11:27:24,8.33,--,79,65807,卖盘
2324,11:27:21,8.33,--,17,14161,卖盘
2325,11:27:18,8.33,--,88,73304,卖盘
2326,11:27:15,8.33,--,71,59143,卖盘
2327,11:27:12,8.33,--,56,46648,卖盘
2328,11:27:09,8.33,--,41,34153,卖盘
2329,11:27:06,8.33,--,3,2499,卖盘
2330,11:27:03,8.33,-0.01,30,24990,卖盘
2331,11:27:00,8.34,0.01,32,26688,买盘
2332,11:26:57,8.33,--,38,31654,卖盘
2333,11:26:54,8.33,-0.01,116,96628,卖盘
2334,11:26:51,8.34,0.01,3,2502,买盘
2335,11:26:48,8.33,--,2,1666,卖盘
2336,11:26:45,8.33,--,39,32487,卖盘
2337,11:26:42,8.33,--,23,19433,买盘
2338,11:26:39,8.33,--,65,54145,买盘
2339,11:26:36,8.33,0.01,18,14994,买盘
2340,11:26:33,8.32,-0.01,165,137280,卖盘
2341,11:26:30,8.33,--,44,36652,买盘
2342,11:26:27,8.33,0.01,58,48314,买盘
2343,11:26:24,8.32,-0.01,298,247936,卖盘
2344,11:26:21,8.33,--,63,52479,买盘
2345,11:26:18,8.33,--,130,108290,买盘
2346,11:26:15,8.33,--,42,34986,买盘
2347,11:26:12,8.33,0.01,111,92463,买盘
2348,11:26:09,8.32,-0.01,56,46592,卖盘
2349,11:26:06,8.33,--,62,51646,买盘
2350,11:26:03,8.33,0.01,109,90797,买盘
2351,11:26:00,8.32,--,51,42432,卖盘
2352,11:25:57,8.32,--,9,7488,卖盘
2353,11:25:54,8.32,-0.01,116,96512,卖盘
2354,11:25:51,8.33,--,99,82467,卖盘
2355,11:25:48,8.33,--,46,38318,卖盘
2356,11:25:45,8.33,0.01,65,54145,买盘
2357,11:25:42,8.32,-0.01,56,46592,卖盘
2358,11:25:39,8.33,--,167,139111,买盘
2359,11:25:36,8.33,0.01,13,10829,买盘
2360,11:25:33,8.32,-0.01,525,436800,卖盘
2361,11:25:30,8.33,0.01,18,14994,买盘
2362,11:25:27,8.32,-0.01,165,137280,卖盘
2363,11:25:24,8.33,-0.01,44,36652,卖盘
2364,11:25:21,8.34,0.01,100,83400,买盘
2365,11:25:18,8.33,-0.01,37,30821,卖盘
2366,11:25:15,8.34,--,5,4170,买盘
2367,11:25:12,8.34,--,100,83400,卖盘
2368,11:25:09,8.34,--,9,7506,卖盘
2369,11:25:06,8.34,0.01,123,102582,买盘
2370,11:25:03,8.33,-0.01,3,2499,中性盘
2371,11:25:00,8.34,0.02,27,22518,买盘
2372,11:24:57,8.32,-0.02,17,14144,卖盘
2373,11:24:54,8.34,0.01,162,135108,买盘
2374,11:24:51,8.33,-0.01,516,429828,卖盘
2375,11:24:48,8.34,--,8,6672,买盘
2376,11:24:45,8.34,--,163,135942,卖盘
2377,11:24:42,8.34,--,10,8340,卖盘
2378,11:24:39,8.34,--,362,301908,卖盘
2379,11:24:36,8.34,-0.01,74,61716,卖盘
2380,11:24:33,8.35,--,152,126920,买盘
2381,11:24:30,8.35,--,58,48430,买盘
2382,11:24:27,8.35,0.01,3,2505,买盘
2383,11:24:24,8.34,--,92,76728,卖盘
2384,11:24:21,8.34,--,12,10008,卖盘
2385,11:24:15,8.34,--,22,18348,卖盘
2386,11:24:12,8.34,-0.01,102,85068,卖盘
2387,11:24:09,8.35,0.01,7,5845,买盘
2388,11:24:06,8.34,-0.01,10,8340,卖盘
2389,11:24:03,8.35,--,57,47595,买盘
2390,11:24:00,8.35,--,133,111055,买盘
2391,11:23:57,8.35,--,27,22545,买盘
2392,11:23:54,8.35,--,742,619570,卖盘
2393,11:23:51,8.35,--,9,7515,卖盘
2394,11:23:48,8.35,-0.01,229,191215,卖盘
2395,11:23:45,8.36,0.01,90,75240,买盘
2396,11:23:42,8.35,--,26,21710,卖盘
2397,11:23:39,8.35,-0.01,261,217935,卖盘
2398,11:23:36,8.36,0.01,10,8360,买盘
2399,11:23:33,8.35,--,198,165330,卖盘
2400,11:23:30,8.35,-0.01,9,7515,卖盘
2401,11:23:27,8.36,0.01,40,33440,买盘
2402,11:23:24,8.35,-0.01,15,12525,卖盘
2403,11:23:21,8.36,0.01,24,20064,买盘
2404,11:23:18,8.35,--,19,15865,卖盘
2405,11:23:15,8.35,-0.01,44,36740,卖盘
2406,11:23:12,8.36,0.01,3,2508,买盘
2407,11:23:09,8.35,--,32,26720,卖盘
2408,11:23:06,8.35,--,16,13360,卖盘
2409,11:23:03,8.35,-0.01,36,30060,卖盘
2410,11:23:00,8.36,0.01,26,21736,买盘
2411,11:22:57,8.35,--,1,835,卖盘
2412,11:22:54,8.35,--,44,36740,卖盘
2413,11:22:51,8.35,--,3,2505,卖盘
2414,11:22:48,8.35,--,55,45925,卖盘
2415,11:22:45,8.35,--,244,203740,买盘
2416,11:22:42,8.35,--,275,229625,卖盘
2417,11:22:39,8.35,--,3,2505,卖盘
2418,11:22:36,8.35,0.01,7,5845,买盘
2419,11:22:33,8.34,--,36,30024,卖盘
2420,11:22:30,8.34,-0.02,35,29190,卖盘
2421,11:22:27,8.36,0.02,129,107843,买盘
2422,11:22:24,8.34,-0.01,141,117594,卖盘
2423,11:22:21,8.35,-0.01,69,57615,中性盘
2424,11:22:18,8.36,0.02,3,2508,买盘
2425,11:22:15,8.34,--,2,1668,卖盘
2426,11:22:12,8.34,-0.01,95,79230,卖盘
2427,11:22:09,8.35,--,60,50100,卖盘
2428,11:22:06,8.35,--,2,1670,卖盘
2429,11:22:03,8.35,--,4,3340,卖盘
2430,11:22:00,8.35,--,95,79325,卖盘
2431,11:21:57,8.35,0.01,360,300600,买盘
2432,11:21:54,8.34,--,21,17514,卖盘
2433,11:21:51,8.34,--,4,3336,卖盘
2434,11:21:48,8.34,--,70,58380,卖盘
2435,11:21:45,8.34,--,3,2502,卖盘
2436,11:21:42,8.34,-0.01,3,2502,卖盘
2437,11:21:39,8.35,--,14,11690,买盘
2438,11:21:36,8.35,--,54,45090,买盘
2439,11:21:33,8.35,--,233,194555,买盘
2440,11:21:30,8.35,--,50,41750,买盘
2441,11:21:27,8.35,0.01,12,10020,买盘
2442,11:21:24,8.34,--,53,44202,卖盘
2443,11:21:21,8.34,-0.01,1,834,卖盘
2444,11:21:18,8.35,0.01,16,13360,买盘
2445,11:21:15,8.34,-0.01,50,41700,卖盘
2446,11:21:12,8.35,0.01,53,44255,买盘
2447,11:21:09,8.34,--,41,34194,卖盘
2448,11:21:06,8.34,-0.01,10,8340,卖盘
2449,11:21:03,8.35,--,59,49265,买盘
2450,11:21:00,8.35,--,3,2505,买盘
2451,11:20:57,8.35,0.01,16,13360,买盘
2452,11:20:54,8.34,--,32,26688,卖盘
2453,11:20:51,8.34,--,43,35862,卖盘
2454,11:20:48,8.34,--,27,22518,卖盘
2455,11:20:45,8.34,--,8,6672,卖盘
2456,11:20:42,8.34,-0.01,43,35862,卖盘
2457,11:20:39,8.35,--,33,27555,买盘
2458,11:20:36,8.35,--,28,23380,买盘
2459,11:20:33,8.35,0.01,5,4175,买盘
2460,11:20:30,8.34,--,71,59214,卖盘
2461,11:20:27,8.34,-0.01,14,11676,卖盘
2462,11:20:24,8.35,0.01,103,86005,买盘
2463,11:20:21,8.34,-0.01,39,32526,卖盘
2464,11:20:18,8.35,0.01,46,38410,买盘
2465,11:20:15,8.34,--,28,23352,卖盘
2466,11:20:12,8.34,--,57,47538,卖盘
2467,11:20:09,8.34,-0.01,44,36696,卖盘
2468,11:20:06,8.35,0.02,39,32565,买盘
2469,11:20:03,8.33,--,6,4998,卖盘
2470,11:20:00,8.33,-0.01,96,79968,卖盘
2471,11:19:57,8.34,--,155,129270,卖盘
2472,11:19:54,8.34,0.01,451,376134,买盘
2473,11:19:51,8.33,-0.01,488,406504,卖盘
2474,11:19:48,8.34,0.02,127,105918,买盘
2475,11:19:45,8.32,--,77,64064,卖盘
2476,11:19:42,8.32,--,158,131456,卖盘
2477,11:19:39,8.32,--,217,180544,卖盘
2478,11:19:36,8.32,-0.01,106,88192,卖盘
2479,11:19:33,8.33,--,65,54145,买盘
2480,11:19:30,8.33,--,6,4998,买盘
2481,11:19:27,8.33,0.01,658,548114,买盘
2482,11:19:24,8.32,0.01,95,79040,买盘
2483,11:19:21,8.31,-0.01,43,35733,卖盘
2484,11:19:18,8.32,0.01,70,58240,买盘
2485,11:19:15,8.31,-0.01,5,4155,卖盘
2486,11:19:12,8.32,--,58,48256,卖盘
2487,11:19:09,8.32,--,2,1664,买盘
2488,11:19:06,8.32,0.01,181,150592,买盘
2489,11:19:03,8.31,--,272,226032,卖盘
2490,11:19:00,8.31,-0.01,172,142932,卖盘
2491,11:18:57,8.32,--,55,45760,买盘
2492,11:18:54,8.32,--,228,189696,买盘
2493,11:18:51,8.32,0.01,17,14144,买盘
2494,11:18:48,8.31,-0.01,77,63987,卖盘
2495,11:18:45,8.32,0.01,46,38272,买盘
2496,11:18:42,8.31,--,150,124650,买盘
2497,11:18:39,8.31,0.01,40,33240,卖盘
2498,11:18:36,8.3,-0.01,61,50630,卖盘
2499,11:18:33,8.31,0.01,65,54015,买盘
2500,11:18:27,8.3,-0.02,69,57270,卖盘
2501,11:18:24,8.32,0.02,70,58240,买盘
2502,11:18:21,8.3,--,685,568550,卖盘
2503,11:18:18,8.3,--,17,14110,卖盘
2504,11:18:15,8.3,-0.01,45,37350,卖盘
2505,11:18:12,8.31,--,40,33240,买盘
2506,11:18:09,8.31,-0.01,26,21606,卖盘
2507,11:18:06,8.32,0.01,82,68224,买盘
2508,11:18:03,8.31,-0.01,6,4986,卖盘
2509,11:18:00,8.32,0.02,251,208832,买盘
2510,11:17:57,8.3,-0.01,52,43160,卖盘
2511,11:17:54,8.31,0.01,141,117171,买盘
2512,11:17:51,8.3,-0.01,12,9960,卖盘
2513,11:17:48,8.31,0.01,20,16620,中性盘
2514,11:17:45,8.3,-0.01,511,424130,卖盘
2515,11:17:42,8.31,--,52,43245,买盘
2516,11:17:39,8.31,0.01,111,92241,买盘
2517,11:17:36,8.3,--,131,108730,卖盘
2518,11:17:33,8.3,-0.01,39,32370,卖盘
2519,11:17:30,8.31,0.01,60,49860,买盘
2520,11:17:24,8.3,-0.01,3,2490,卖盘
2521,11:17:21,8.31,-0.01,1932,1606289,卖盘
2522,11:17:18,8.32,0.01,23,19136,买盘
2523,11:17:15,8.31,-0.01,23,19113,卖盘
2524,11:17:12,8.32,0.01,49,40768,买盘
2525,11:17:09,8.31,--,857,712167,卖盘
2526,11:17:06,8.31,--,70,58170,卖盘
2527,11:17:03,8.31,-0.01,3,2493,卖盘
2528,11:17:00,8.32,0.01,97,80704,买盘
2529,11:16:54,8.31,--,105,87255,卖盘
2530,11:16:51,8.31,-0.01,56,46536,卖盘
2531,11:16:48,8.32,0.01,69,57408,买盘
2532,11:16:45,8.31,--,5,4155,卖盘
2533,11:16:42,8.31,-0.01,12,9972,卖盘
2534,11:16:39,8.32,--,23,19136,买盘
2535,11:16:36,8.32,0.01,75,62400,买盘
2536,11:16:33,8.31,-0.01,7,5817,卖盘
2537,11:16:30,8.32,--,122,101504,买盘
2538,11:16:27,8.32,0.01,69,57408,买盘
2539,11:16:24,8.31,-0.01,74,61494,卖盘
2540,11:16:21,8.32,--,23,19136,买盘
2541,11:16:18,8.32,--,5,4160,买盘
2542,11:16:15,8.32,--,293,243776,卖盘
2543,11:16:09,8.32,--,13,10816,卖盘
2544,11:16:06,8.32,--,256,212992,卖盘
2545,11:16:03,8.32,--,36,29952,卖盘
2546,11:16:00,8.32,--,15,12480,卖盘
2547,11:15:57,8.32,--,3,2496,卖盘
2548,11:15:54,8.32,--,2,1664,卖盘
2549,11:15:51,8.32,-0.01,33,27456,卖盘
2550,11:15:48,8.33,--,5,4165,买盘
2551,11:15:45,8.33,0.01,22,18326,买盘
2552,11:15:42,8.32,-0.01,49,40768,卖盘
2553,11:15:39,8.33,--,128,106624,卖盘
2554,11:15:36,8.33,--,1,833,卖盘
2555,11:15:33,8.33,--,94,78302,卖盘
2556,11:15:30,8.33,-0.01,41,34153,卖盘
2557,11:15:27,8.34,0.01,354,295236,买盘
2558,11:15:24,8.33,-0.01,27,22491,卖盘
2559,11:15:21,8.34,0.01,9,7506,买盘
2560,11:15:18,8.33,--,39,32487,卖盘
2561,11:15:15,8.33,--,397,330701,卖盘
2562,11:15:12,8.33,--,93,77469,买盘
2563,11:15:09,8.33,--,191,159103,买盘
2564,11:15:06,8.33,--,75,62475,卖盘
2565,11:15:03,8.33,--,208,173264,卖盘
2566,11:15:00,8.33,0.01,111,92463,买盘
2567,11:14:57,8.32,--,51,42432,卖盘
2568,11:14:54,8.32,-0.01,180,149760,卖盘
2569,11:14:51,8.33,-0.01,470,391510,卖盘
2570,11:14:48,8.34,0.01,30,25020,买盘
2571,11:14:45,8.33,--,38,31654,卖盘
2572,11:14:42,8.33,--,56,46648,卖盘
2573,11:14:39,8.33,0.01,44,36652,卖盘
2574,11:14:36,8.32,-0.01,36,29952,卖盘
2575,11:14:33,8.33,-0.01,103,85799,中性盘
2576,11:14:30,8.34,0.01,33,27688,买盘
2577,11:14:27,8.33,0.01,8,6664,买盘
2578,11:14:24,8.32,-0.01,137,113984,卖盘
2579,11:14:21,8.33,--,3,2499,买盘
2580,11:14:18,8.33,0.01,114,94962,买盘
2581,11:14:15,8.32,--,34,28288,卖盘
2582,11:14:12,8.32,--,38,31616,卖盘
2583,11:14:09,8.32,--,187,155584,卖盘
2584,11:14:06,8.32,--,20,16640,卖盘
2585,11:14:03,8.32,--,45,37440,卖盘
2586,11:14:00,8.32,--,94,78208,买盘
2587,11:13:57,8.32,--,214,178048,买盘
2588,11:13:54,8.32,-0.01,226,188032,卖盘
2589,11:13:51,8.33,0.01,54,44982,买盘
2590,11:13:48,8.32,-0.01,51,42432,卖盘
2591,11:13:45,8.33,0.01,112,93296,买盘
2592,11:13:42,8.32,--,2,1664,卖盘
2593,11:13:39,8.32,--,42,35609,卖盘
2594,11:13:36,8.32,0.01,161,133952,买盘
2595,11:13:33,8.31,-0.01,23,19113,卖盘
2596,11:13:30,8.32,-0.01,323,268736,卖盘
2597,11:13:27,8.33,0.01,40,33320,买盘
2598,11:13:24,8.32,--,2,1664,卖盘
2599,11:13:21,8.32,-0.01,19,15808,卖盘
2600,11:13:18,8.33,0.01,139,115787,买盘
2601,11:13:15,8.32,0.01,3,2496,卖盘
2602,11:13:12,8.31,-0.01,2020,1678620,卖盘
2603,11:13:09,8.32,--,69,57408,买盘
2604,11:13:06,8.32,0.01,45,37440,买盘
2605,11:13:03,8.31,-0.01,33,27423,卖盘
2606,11:13:00,8.32,--,9,7488,买盘
2607,11:12:57,8.32,0.01,35,29120,买盘
2608,11:12:54,8.31,-0.01,42,34902,卖盘
2609,11:12:51,8.32,0.01,21,17472,买盘
2610,11:12:48,8.31,-0.01,24,19944,卖盘
2611,11:12:45,8.32,0.01,35,29120,买盘
2612,11:12:42,8.31,--,110,91410,卖盘
2613,11:12:39,8.31,-0.01,432,358992,卖盘
2614,11:12:36,8.32,0.01,10,8320,买盘
2615,11:12:33,8.31,-0.01,379,314949,卖盘
2616,11:12:30,8.32,--,16,13312,买盘
2617,11:12:27,8.32,--,30,24960,买盘
2618,11:12:24,8.32,0.01,45,37440,买盘
2619,11:12:21,8.31,--,147,122157,卖盘
2620,11:12:18,8.31,--,19,15789,卖盘
2621,11:12:15,8.31,--,27,22437,卖盘
2622,11:12:12,8.31,--,10,8310,卖盘
2623,11:12:09,8.31,--,83,68973,卖盘
2624,11:12:06,8.31,--,54,44874,卖盘
2625,11:12:03,8.31,-0.01,119,98889,卖盘
2626,11:12:00,8.32,--,40,33280,买盘
2627,11:11:57,8.32,0.01,19,15808,买盘
2628,11:11:54,8.31,-0.01,90,74790,卖盘
2629,11:11:51,8.32,0.01,7,5824,买盘
2630,11:11:48,8.31,--,101,83931,卖盘
2631,11:11:45,8.31,--,102,84762,卖盘
2632,11:11:42,8.31,--,18,14958,卖盘
2633,11:11:39,8.31,--,434,360654,卖盘
2634,11:11:36,8.31,--,28,23268,卖盘
2635,11:11:33,8.31,-0.01,2,1662,卖盘
2636,11:11:30,8.32,--,27,22464,买盘
2637,11:11:27,8.32,0.01,88,73216,买盘
2638,11:11:24,8.31,-0.01,12,9972,卖盘
2639,11:11:21,8.32,0.01,139,115648,买盘
2640,11:11:18,8.31,--,267,221877,卖盘
2641,11:11:15,8.31,-0.01,74,61494,卖盘
2642,11:11:12,8.32,--,8,6656,买盘
2643,11:11:09,8.32,0.01,53,44096,买盘
2644,11:11:06,8.31,--,62,51522,卖盘
2645,11:11:03,8.31,-0.01,46,38226,卖盘
2646,11:11:00,8.32,--,31,25792,买盘
2647,11:10:57,8.32,--,151,125632,买盘
2648,11:10:54,8.32,--,163,135616,买盘
2649,11:10:51,8.32,--,22,18304,买盘
2650,11:10:48,8.32,-0.01,1364,1134848,卖盘
2651,11:10:45,8.33,0.01,43,35819,买盘
2652,11:10:42,8.32,-0.01,102,84864,卖盘
2653,11:10:39,8.33,0.01,136,113288,买盘
2654,11:10:36,8.32,--,12,9984,卖盘
2655,11:10:33,8.32,--,27,22464,卖盘
2656,11:10:30,8.32,-0.01,42,34944,卖盘
2657,11:10:27,8.33,--,10,8330,买盘
2658,11:10:24,8.33,0.01,82,68306,买盘
2659,11:10:21,8.32,--,103,85696,卖盘
2660,11:10:18,8.32,--,212,176384,卖盘
2661,11:10:15,8.32,--,4,3328,卖盘
2662,11:10:12,8.32,-0.01,17,14144,卖盘
2663,11:10:09,8.33,0.01,56,46648,买盘
2664,11:10:06,8.32,--,61,50752,卖盘
2665,11:10:03,8.32,-0.01,111,92352,卖盘
2666,11:10:00,8.33,--,14,11662,买盘
2667,11:09:57,8.33,0.01,38,31654,买盘
2668,11:09:54,8.32,-0.01,685,569920,卖盘
2669,11:09:51,8.33,0.01,8,6664,买盘
2670,11:09:48,8.32,--,38,31616,卖盘
2671,11:09:42,8.32,-0.01,42,34944,卖盘
2672,11:09:39,8.33,0.01,62,51646,买盘
2673,11:09:36,8.32,--,82,68224,买盘
2674,11:09:33,8.32,--,82,68224,买盘
2675,11:09:30,8.32,0.01,53,44096,买盘
2676,11:09:27,8.31,--,6,4986,卖盘
2677,11:09:24,8.31,-0.01,161,133791,卖盘
2678,11:09:21,8.32,--,246,204672,买盘
2679,11:09:18,8.32,0.01,9,7488,买盘
2680,11:09:15,8.31,-0.01,143,118833,卖盘
2681,11:09:12,8.32,--,356,296192,买盘
2682,11:09:09,8.32,--,18,14976,买盘
2683,11:09:06,8.32,0.01,15,12480,买盘
2684,11:09:03,8.31,-0.01,77,63987,卖盘
2685,11:09:00,8.32,--,89,74048,买盘
2686,11:08:57,8.32,--,43,35776,买盘
2687,11:08:54,8.32,0.01,57,47424,买盘
2688,11:08:51,8.31,--,219,181989,卖盘
2689,11:08:48,8.31,-0.01,12,9972,卖盘
2690,11:08:45,8.32,--,58,48256,卖盘
2691,11:08:42,8.32,--,55,45760,卖盘
2692,11:08:39,8.32,--,31,25792,卖盘
2693,11:08:36,8.32,0.01,303,252096,买盘
2694,11:08:33,8.31,-0.01,515,427965,卖盘
2695,11:08:30,8.32,0.01,119,99008,买盘
2696,11:08:27,8.31,-0.01,13,10803,卖盘
2697,11:08:24,8.32,0.01,224,186368,买盘
2698,11:08:21,8.31,--,65,54015,卖盘
2699,11:08:18,8.31,--,53,44043,卖盘
2700,11:08:15,8.31,--,3,2493,卖盘
2701,11:08:09,8.31,-0.01,141,117171,卖盘
2702,11:08:06,8.32,--,6,4992,买盘
2703,11:08:03,8.32,-0.01,988,822016,卖盘
2704,11:08:00,8.33,0.01,402,334866,买盘
2705,11:07:57,8.32,-0.01,79,65728,卖盘
2706,11:07:54,8.33,0.01,109,90797,买盘
2707,11:07:51,8.32,-0.01,15,12480,卖盘
2708,11:07:45,8.33,--,42,34986,买盘
2709,11:07:42,8.33,--,124,103292,买盘
2710,11:07:39,8.33,--,136,113288,买盘
2711,11:07:36,8.33,0.01,106,88298,买盘
2712,11:07:33,8.32,-0.01,50,41600,卖盘
2713,11:07:30,8.33,0.01,377,314041,买盘
2714,11:07:27,8.32,-0.01,1,832,卖盘
2715,11:07:24,8.33,--,60,49980,买盘
2716,11:07:21,8.33,0.01,11,9163,买盘
2717,11:07:18,8.32,-0.01,1811,1507417,卖盘
2718,11:07:15,8.33,--,3,2499,卖盘
2719,11:07:12,8.33,--,68,56644,卖盘
2720,11:07:09,8.33,--,1,833,卖盘
2721,11:07:06,8.33,-0.01,14,11662,卖盘
2722,11:07:03,8.34,--,367,306078,卖盘
2723,11:07:00,8.34,-0.01,38,31692,卖盘
2724,11:06:57,8.35,0.01,66,55110,买盘
2725,11:06:54,8.34,-0.01,16,13344,卖盘
2726,11:06:51,8.35,0.01,19,15865,买盘
2727,11:06:48,8.34,--,44,36696,卖盘
2728,11:06:45,8.34,-0.01,19,15846,卖盘
2729,11:06:42,8.35,0.01,10,8350,买盘
2730,11:06:39,8.34,-0.01,181,150954,卖盘
2731,11:06:33,8.35,0.01,16,13360,买盘
2732,11:06:30,8.34,0.01,216,180144,买盘
2733,11:06:27,8.33,-0.01,268,223244,卖盘
2734,11:06:24,8.34,0.01,4,3336,卖盘
2735,11:06:21,8.33,-0.01,55,45815,卖盘
2736,11:06:18,8.34,--,335,279390,卖盘
2737,11:06:15,8.34,--,159,132606,卖盘
2738,11:06:12,8.34,--,24,20016,卖盘
2739,11:06:09,8.34,-0.01,1,834,卖盘
2740,11:06:06,8.35,--,41,34235,买盘
2741,11:06:03,8.35,0.02,5,4175,买盘
2742,11:06:00,8.33,-0.01,476,396508,卖盘
2743,11:05:57,8.34,0.01,29,24186,买盘
2744,11:05:54,8.33,-0.01,55,45815,卖盘
2745,11:05:51,8.34,--,78,65052,买盘
2746,11:05:48,8.34,0.01,250,208500,买盘
2747,11:05:45,8.33,--,40,33320,卖盘
2748,11:05:42,8.33,--,58,48314,卖盘
2749,11:05:39,8.33,--,59,49147,卖盘
2750,11:05:36,8.33,-0.01,62,51646,卖盘
2751,11:05:33,8.34,--,55,45870,买盘
2752,11:05:30,8.34,0.01,21,17514,卖盘
2753,11:05:27,8.33,--,51,42483,卖盘
2754,11:05:24,8.33,--,4,3332,卖盘
2755,11:05:21,8.33,-0.01,99,82467,卖盘
2756,11:05:15,8.34,--,1,834,卖盘
2757,11:05:12,8.34,0.01,25,20850,卖盘
2758,11:05:09,8.33,--,116,96628,卖盘
2759,11:05:06,8.33,-0.01,1,833,卖盘
2760,11:05:03,8.34,--,42,35028,买盘
2761,11:05:00,8.34,--,647,539598,买盘
2762,11:04:57,8.34,--,262,218508,卖盘
2763,11:04:54,8.34,-0.01,9,7506,中性盘
2764,11:04:51,8.35,0.01,35,29225,买盘
2765,11:04:48,8.34,--,41,34194,买盘
2766,11:04:45,8.34,0.01,38,31692,中性盘
2767,11:04:42,8.33,-0.01,216,179928,卖盘
2768,11:04:39,8.34,--,28,23352,卖盘
2769,11:04:36,8.34,--,389,324426,卖盘
2770,11:04:33,8.34,0.01,37,30858,买盘
2771,11:04:30,8.33,-0.02,933,777189,卖盘
2772,11:04:27,8.35,0.02,15,12525,买盘
2773,11:04:24,8.33,--,132,109956,卖盘
2774,11:04:21,8.33,--,103,85799,卖盘
2775,11:04:18,8.33,-0.01,5,4165,卖盘
2776,11:04:15,8.34,0.01,733,611322,买盘
2777,11:04:12,8.33,-0.01,25,20825,卖盘
2778,11:04:09,8.34,--,23,19182,卖盘
2779,11:04:06,8.34,--,33,27522,卖盘
2780,11:04:03,8.34,--,101,84234,买盘
2781,11:04:00,8.34,--,288,240192,卖盘
2782,11:03:57,8.34,--,30,25020,卖盘
2783,11:03:54,8.34,--,16,13344,卖盘
2784,11:03:51,8.34,--,45,37530,卖盘
2785,11:03:48,8.34,--,1,834,卖盘
2786,11:03:45,8.34,0.01,109,90906,买盘
2787,11:03:42,8.33,-0.02,512,426496,卖盘
2788,11:03:39,8.35,0.01,138,115230,买盘
2789,11:03:36,8.34,--,81,67554,卖盘
2790,11:03:33,8.34,--,14,11676,卖盘
2791,11:03:30,8.34,--,64,53376,卖盘
2792,11:03:27,8.34,--,537,447858,卖盘
2793,11:03:24,8.34,--,89,74226,卖盘
2794,11:03:21,8.34,--,1,834,卖盘
2795,11:03:18,8.34,-0.01,50,41700,卖盘
2796,11:03:15,8.35,0.01,16,13360,买盘
2797,11:03:12,8.34,--,22,18348,卖盘
2798,11:03:09,8.34,-0.01,123,102582,卖盘
2799,11:03:06,8.35,--,30,25050,买盘
2800,11:03:03,8.35,--,246,205410,买盘
2801,11:03:00,8.35,0.01,709,592015,买盘
2802,11:02:57,8.34,--,87,72558,卖盘
2803,11:02:54,8.34,--,3,2502,卖盘
2804,11:02:51,8.34,--,448,373798,买盘
2805,11:02:48,8.34,0.01,40,33360,买盘
2806,11:02:45,8.33,--,42,34986,卖盘
2807,11:02:42,8.33,-0.01,3,2499,卖盘
2808,11:02:39,8.34,--,894,745596,卖盘
2809,11:02:36,8.34,--,107,89238,卖盘
2810,11:02:33,8.34,--,143,119262,卖盘
2811,11:02:30,8.34,-0.01,52,43368,卖盘
2812,11:02:27,8.35,0.01,31,25885,买盘
2813,11:02:24,8.34,--,253,211002,卖盘
2814,11:02:21,8.34,--,199,165966,卖盘
2815,11:02:18,8.34,-0.01,712,593808,卖盘
2816,11:02:15,8.35,0.01,8,6680,买盘
2817,11:02:12,8.34,-0.01,66,55044,卖盘
2818,11:02:09,8.35,--,61,50935,买盘
2819,11:02:06,8.35,--,50,41750,买盘
2820,11:02:03,8.35,-0.02,716,598361,卖盘
2821,11:02:00,8.37,0.02,138,115505,买盘
2822,11:01:57,8.35,-0.02,101,84335,卖盘
2823,11:01:54,8.37,--,1040,870479,买盘
2824,11:01:51,8.37,--,104,87047,买盘
2825,11:01:48,8.37,--,15,12554,买盘
2826,11:01:45,8.37,0.01,336,281232,买盘
2827,11:01:42,8.36,--,8,6688,卖盘
2828,11:01:39,8.36,--,80,66880,卖盘
2829,11:01:36,8.36,-0.01,619,517483,卖盘
2830,11:01:33,8.37,0.01,22,18414,买盘
2831,11:01:30,8.36,--,89,74404,卖盘
2832,11:01:27,8.36,--,600,501599,卖盘
2833,11:01:24,8.36,-0.01,102,85272,卖盘
2834,11:01:21,8.37,--,15,12554,买盘
2835,11:01:18,8.37,--,69,57752,卖盘
2836,11:01:15,8.37,--,30,25779,卖盘
2837,11:01:12,8.37,--,285,238712,卖盘
2838,11:01:09,8.37,0.01,211,176606,买盘
2839,11:01:06,8.36,--,58,48488,卖盘
2840,11:01:03,8.36,-0.02,64,53504,卖盘
2841,11:01:00,8.38,--,34,28492,买盘
2842,11:00:57,8.38,--,245,205310,买盘
2843,11:00:54,8.38,0.01,3,2514,买盘
