,time,price,change,volume,amount,type
0,15:00:03,10.99,0.01,3096,3402504,买盘
1,14:57:00,10.98,--,988,1084824,买盘
2,14:56:57,10.98,0.01,95,104310,买盘
3,14:56:54,10.97,-0.02,63,69111,卖盘
4,14:56:51,10.99,--,60,65940,买盘
5,14:56:48,10.99,0.02,89,97811,买盘
6,14:56:45,10.97,--,45,49365,卖盘
7,14:56:42,10.97,0.01,204,223788,卖盘
8,14:56:39,10.96,-0.04,705,772680,卖盘
9,14:56:36,11.0,0.02,31,34100,买盘
10,14:56:33,10.98,--,122,133956,买盘
11,14:56:30,10.98,--,85,93330,买盘
12,14:56:27,10.98,--,45,49410,买盘
13,14:56:24,10.98,--,52,57096,买盘
14,14:56:21,10.98,--,84,92232,买盘
15,14:56:18,10.98,-0.01,101,110898,卖盘
16,14:56:15,10.99,-0.01,26,28574,卖盘
17,14:56:12,11.0,0.01,38,41800,买盘
18,14:56:09,10.99,--,61,67039,买盘
19,14:56:06,10.99,--,23,25277,买盘
20,14:56:03,10.99,--,59,64841,买盘
21,14:56:00,10.99,0.01,210,230790,买盘
22,14:55:57,10.98,-0.01,280,307440,卖盘
23,14:55:54,10.99,--,419,460481,卖盘
24,14:55:51,10.99,0.03,162,178038,买盘
25,14:55:48,10.96,-0.03,24,26304,卖盘
26,14:55:45,10.99,--,36,39564,买盘
27,14:55:42,10.99,--,33,36267,买盘
28,14:55:39,10.99,0.02,49,53851,买盘
29,14:55:36,10.97,-0.02,132,144804,卖盘
30,14:55:33,10.99,--,130,142870,买盘
31,14:55:30,10.99,--,273,300027,买盘
32,14:55:27,10.99,0.01,643,706657,买盘
33,14:55:24,10.98,-0.02,777,853146,卖盘
34,14:55:21,11.0,0.01,37,40700,买盘
35,14:55:18,10.99,-0.01,181,198919,卖盘
36,14:55:15,11.0,--,110,121000,买盘
37,14:55:12,11.0,--,161,177100,买盘
38,14:55:09,11.0,--,855,940621,卖盘
39,14:55:06,11.0,--,177,194700,卖盘
40,14:55:03,11.0,--,44,48400,卖盘
41,14:55:00,11.0,-0.01,68,74800,卖盘
42,14:54:57,11.01,0.01,376,413976,买盘
43,14:54:54,11.0,-0.03,134,147400,卖盘
44,14:54:51,11.03,--,6594,7273182,买盘
45,14:54:48,11.03,0.01,82,90446,买盘
46,14:54:45,11.02,-0.01,162,178524,卖盘
47,14:54:42,11.03,0.01,156,172068,买盘
48,14:54:39,11.02,--,2,2204,卖盘
49,14:54:36,11.02,-0.01,15,16530,卖盘
50,14:54:33,11.03,0.01,52,57356,买盘
51,14:54:30,11.02,-0.01,2,2204,卖盘
52,14:54:27,11.03,--,14,15442,买盘
53,14:54:24,11.03,--,79,87137,买盘
54,14:54:21,11.03,0.01,10,11030,买盘
55,14:54:18,11.02,--,47,51794,卖盘
56,14:54:15,11.02,-0.01,35,38570,卖盘
57,14:54:12,11.03,0.01,185,204055,买盘
58,14:54:09,11.02,--,94,103588,卖盘
59,14:54:06,11.02,-0.01,124,136648,卖盘
60,14:54:03,11.03,0.01,64,70592,买盘
61,14:54:00,11.02,-0.01,295,325090,卖盘
62,14:53:57,11.03,--,10,11030,买盘
63,14:53:54,11.03,--,46,50738,卖盘
64,14:53:48,11.03,--,1,1103,卖盘
65,14:53:45,11.03,-0.01,6,6618,卖盘
66,14:53:42,11.04,0.01,31,34224,买盘
67,14:53:39,11.03,--,28,30884,卖盘
68,14:53:36,11.03,--,139,153317,卖盘
69,14:53:33,11.03,--,186,205158,买盘
70,14:53:30,11.03,0.01,23,25369,买盘
71,14:53:27,11.02,-0.01,21,23142,卖盘
72,14:53:24,11.03,--,32,35296,卖盘
73,14:53:21,11.03,0.01,44,48532,卖盘
74,14:53:18,11.02,--,44,48488,卖盘
75,14:53:15,11.02,--,121,133342,卖盘
76,14:53:12,11.02,--,130,143260,卖盘
77,14:53:09,11.02,-0.01,291,320682,卖盘
78,14:53:06,11.03,-0.01,150,165450,中性盘
79,14:53:03,11.04,0.01,798,880991,买盘
80,14:53:00,11.03,--,102,112506,卖盘
81,14:52:57,11.03,-0.01,34,37502,卖盘
82,14:52:54,11.04,0.01,58,64031,买盘
83,14:52:51,11.03,--,286,315458,卖盘
84,14:52:48,11.03,--,6,6618,卖盘
85,14:52:45,11.03,-0.01,30,33090,卖盘
86,14:52:42,11.04,0.01,34,37536,买盘
87,14:52:39,11.03,-0.01,135,148905,卖盘
88,14:52:36,11.04,0.01,40,44160,买盘
89,14:52:33,11.03,--,109,120227,卖盘
90,14:52:30,11.03,--,55,60665,卖盘
91,14:52:27,11.03,--,2,2206,卖盘
92,14:52:24,11.03,-0.01,7,7721,卖盘
93,14:52:21,11.04,--,37,40848,卖盘
94,14:52:18,11.04,--,27,29807,卖盘
95,14:52:15,11.04,-0.01,6,6623,卖盘
96,14:52:12,11.05,0.02,11,12155,买盘
97,14:52:09,11.03,--,40,44120,卖盘
98,14:52:06,11.03,-0.01,61,67283,卖盘
99,14:52:03,11.04,0.01,9,9936,买盘
100,14:52:00,11.03,-0.02,27,29781,卖盘
101,14:51:57,11.05,0.01,108,119340,买盘
102,14:51:54,11.04,-0.01,341,376817,卖盘
103,14:51:51,11.05,0.01,130,143650,买盘
104,14:51:48,11.04,--,6,6623,卖盘
105,14:51:45,11.04,--,21,23184,卖盘
106,14:51:42,11.04,--,17,18768,卖盘
107,14:51:39,11.04,0.01,102,112607,买盘
108,14:51:36,11.03,--,38,41914,卖盘
109,14:51:33,11.03,--,178,196334,卖盘
110,14:51:30,11.03,--,879,969537,卖盘
111,14:51:27,11.03,--,67,73901,卖盘
112,14:51:24,11.03,-0.02,85,93755,卖盘
113,14:51:21,11.05,0.01,503,555815,买盘
114,14:51:18,11.04,--,9,9936,卖盘
115,14:51:15,11.04,-0.01,28,30911,卖盘
116,14:51:12,11.05,0.02,8,8840,买盘
117,14:51:09,11.03,-0.02,42,46326,卖盘
118,14:51:06,11.05,0.01,247,272935,买盘
119,14:51:03,11.04,0.01,24,26495,买盘
120,14:51:00,11.03,-0.02,15,16545,卖盘
121,14:50:57,11.05,0.02,42,46410,买盘
122,14:50:54,11.03,-0.01,149,164347,卖盘
123,14:50:51,11.04,--,171,188783,卖盘
124,14:50:48,11.04,-0.01,118,130271,卖盘
125,14:50:45,11.05,0.01,673,743665,买盘
126,14:50:42,11.04,--,22,24287,卖盘
127,14:50:39,11.04,--,14,15455,卖盘
128,14:50:36,11.04,-0.01,58,64031,卖盘
129,14:50:33,11.05,0.01,66,72930,买盘
130,14:50:30,11.04,--,367,405167,卖盘
131,14:50:27,11.04,-0.01,8,8832,卖盘
132,14:50:21,11.05,0.01,4,4420,买盘
133,14:50:18,11.04,--,10,11040,卖盘
134,14:50:15,11.04,-0.01,12,13247,卖盘
135,14:50:12,11.05,--,40,44200,买盘
136,14:50:09,11.05,0.01,11,12155,买盘
137,14:50:06,11.04,-0.01,38,41952,卖盘
138,14:50:03,11.05,0.01,4,4420,买盘
139,14:50:00,11.04,-0.01,3,3311,卖盘
140,14:49:57,11.05,--,17,18785,买盘
141,14:49:54,11.05,--,8,8840,买盘
142,14:49:51,11.05,0.01,36,39780,买盘
143,14:49:48,11.04,--,1,1104,卖盘
144,14:49:45,11.04,-0.01,6,6623,卖盘
145,14:49:42,11.05,--,33,36465,买盘
146,14:49:39,11.05,0.01,118,130390,买盘
147,14:49:36,11.04,-0.01,11,12143,卖盘
148,14:49:33,11.05,0.01,61,67405,买盘
149,14:49:30,11.04,-0.01,138,152352,卖盘
150,14:49:27,11.05,--,10,11050,买盘
151,14:49:24,11.05,--,34,37570,买盘
152,14:49:21,11.05,0.01,28,30940,买盘
153,14:49:18,11.04,--,24,26495,卖盘
154,14:49:15,11.04,-0.01,3,3311,卖盘
155,14:49:12,11.05,0.01,3,3315,买盘
156,14:49:09,11.04,-0.01,3,3311,卖盘
157,14:49:06,11.05,--,15,16575,买盘
158,14:49:03,11.05,0.01,11,12155,买盘
159,14:49:00,11.04,-0.01,3,3311,卖盘
160,14:48:57,11.05,-0.01,19,20995,中性盘
161,14:48:54,11.06,--,75,82950,买盘
162,14:48:51,11.06,--,163,180278,买盘
163,14:48:48,11.06,--,182,201292,买盘
164,14:48:45,11.06,0.01,301,332906,买盘
165,14:48:42,11.05,--,13,14365,卖盘
166,14:48:39,11.05,--,1,1105,卖盘
167,14:48:36,11.05,-0.01,3,3315,卖盘
168,14:48:33,11.06,--,16,17696,买盘
169,14:48:30,11.06,--,40,44240,买盘
170,14:48:27,11.06,--,53,58618,买盘
171,14:48:24,11.06,--,211,233366,买盘
172,14:48:21,11.06,0.01,4,4424,买盘
173,14:48:18,11.05,--,12,13260,卖盘
174,14:48:15,11.05,-0.01,71,78455,卖盘
175,14:48:12,11.06,--,235,259910,买盘
176,14:48:09,11.06,--,59,65254,买盘
177,14:48:06,11.06,--,317,350602,买盘
178,14:48:03,11.06,0.01,6,6636,买盘
179,14:48:00,11.05,-0.01,6,6630,卖盘
180,14:47:57,11.06,0.01,6,6636,买盘
181,14:47:54,11.05,-0.01,12,13260,卖盘
182,14:47:51,11.06,0.01,4,4424,买盘
183,14:47:45,11.05,-0.01,1,1105,卖盘
184,14:47:42,11.06,0.01,6,6636,买盘
185,14:47:39,11.05,-0.01,10,11050,卖盘
186,14:47:36,11.06,0.01,9,9954,买盘
187,14:47:33,11.05,-0.01,5,5525,卖盘
188,14:47:30,11.06,0.01,18,19908,买盘
189,14:47:27,11.05,--,6,6630,卖盘
190,14:47:24,11.05,-0.01,2,2210,卖盘
191,14:47:21,11.06,0.01,11,12166,买盘
192,14:47:18,11.05,--,6,6630,卖盘
193,14:47:15,11.05,-0.01,33,36465,卖盘
194,14:47:12,11.06,--,16,17696,买盘
195,14:47:09,11.06,0.01,91,100646,买盘
196,14:47:06,11.05,-0.01,9,9945,卖盘
197,14:47:03,11.06,0.01,7,7742,买盘
198,14:47:00,11.05,--,6,6630,卖盘
199,14:46:57,11.05,--,12,13260,买盘
200,14:46:54,11.05,--,7,7735,买盘
201,14:46:51,11.05,--,26,28730,买盘
202,14:46:48,11.05,--,41,45305,买盘
203,14:46:45,11.05,--,14,15470,买盘
204,14:46:42,11.05,0.01,19,20995,买盘
205,14:46:39,11.04,-0.01,105,115919,卖盘
206,14:46:36,11.05,0.01,6,6630,买盘
207,14:46:33,11.04,-0.01,2,2208,卖盘
208,14:46:30,11.05,0.01,5,5525,买盘
209,14:46:27,11.04,-0.01,10,11040,卖盘
210,14:46:24,11.05,--,28,30940,买盘
211,14:46:21,11.05,0.01,70,77350,买盘
212,14:46:18,11.04,0.01,161,177744,买盘
213,14:46:15,11.03,-0.01,3,3309,卖盘
214,14:46:12,11.04,--,13,14351,买盘
215,14:46:09,11.04,--,8,8832,买盘
216,14:46:06,11.04,-0.01,7,7727,卖盘
217,14:46:03,11.05,--,1092,1206660,买盘
218,14:46:00,11.05,--,3,3315,买盘
219,14:45:57,11.05,--,9,9945,买盘
220,14:45:54,11.05,--,34,37570,买盘
221,14:45:51,11.05,0.01,14,15470,买盘
222,14:45:48,11.04,--,6,6623,卖盘
223,14:45:45,11.04,-0.01,34,37536,卖盘
224,14:45:42,11.05,--,23,25415,买盘
225,14:45:39,11.05,--,18,19890,买盘
226,14:45:36,11.05,--,19,20995,买盘
227,14:45:33,11.05,--,4,4420,买盘
228,14:45:30,11.05,--,17,18785,买盘
229,14:45:27,11.05,0.01,96,106080,买盘
230,14:45:24,11.04,-0.02,509,561936,卖盘
231,14:45:21,11.06,0.01,30,33180,买盘
232,14:45:18,11.05,--,1,1105,卖盘
233,14:45:15,11.05,--,6,6630,买盘
234,14:45:12,11.05,--,2,2210,买盘
235,14:45:09,11.05,-0.01,7,7735,买盘
236,14:45:06,11.06,--,8,8848,买盘
237,14:45:03,11.06,0.01,39,43134,买盘
238,14:45:00,11.05,0.01,21,23205,中性盘
239,14:44:57,11.04,-0.02,119,131376,卖盘
240,14:44:54,11.06,--,41,45346,买盘
241,14:44:51,11.06,0.01,15,16590,买盘
242,14:44:48,11.05,--,2,2210,卖盘
243,14:44:45,11.05,-0.01,5,5525,卖盘
244,14:44:42,11.06,--,30,33180,买盘
245,14:44:39,11.06,0.02,104,115024,买盘
246,14:44:36,11.04,--,6,6623,卖盘
247,14:44:33,11.04,-0.02,31,34224,卖盘
248,14:44:30,11.06,0.01,3,3318,买盘
249,14:44:27,11.05,--,5,5525,卖盘
250,14:44:24,11.05,-0.01,5,5525,卖盘
251,14:44:21,11.06,--,4,4424,买盘
252,14:44:18,11.06,0.01,17,18802,买盘
253,14:44:15,11.05,-0.01,1,1105,卖盘
254,14:44:12,11.06,--,4,4424,买盘
255,14:44:09,11.06,--,14,15484,买盘
256,14:44:06,11.06,--,71,78526,买盘
257,14:44:03,11.06,--,5,5530,买盘
258,14:44:00,11.06,0.02,8,8848,买盘
259,14:43:57,11.04,-0.01,40,44160,卖盘
260,14:43:54,11.05,--,5,5525,买盘
261,14:43:51,11.05,0.01,7,7735,买盘
262,14:43:48,11.04,--,12,13247,卖盘
263,14:43:45,11.04,-0.01,37,41598,卖盘
264,14:43:42,11.05,--,26,29083,卖盘
265,14:43:39,11.05,--,41,46056,买盘
266,14:43:36,11.05,--,108,119693,卖盘
267,14:43:33,11.05,-0.01,1,1105,卖盘
268,14:43:30,11.06,0.01,2,2212,买盘
269,14:43:27,11.05,--,6,6630,卖盘
270,14:43:24,11.05,--,32,35360,卖盘
271,14:43:21,11.05,-0.01,23,25415,卖盘
272,14:43:18,11.06,0.03,131,145638,买盘
273,14:43:15,11.03,-0.01,230,253689,卖盘
274,14:43:12,11.04,-0.02,1325,1463153,卖盘
275,14:43:09,11.06,--,17,18802,买盘
276,14:43:06,11.06,--,87,96222,买盘
277,14:43:03,11.06,0.01,42,46452,买盘
278,14:43:00,11.05,--,150,165750,买盘
279,14:42:57,11.05,--,128,141440,卖盘
280,14:42:54,11.05,-0.01,33,36465,卖盘
281,14:42:51,11.06,0.01,33,36498,买盘
282,14:42:48,11.05,--,16,17680,卖盘
283,14:42:45,11.05,--,28,30940,卖盘
284,14:42:42,11.05,--,6,6630,卖盘
285,14:42:39,11.05,0.01,6,6630,卖盘
286,14:42:36,11.04,-0.01,29,32015,卖盘
287,14:42:33,11.05,-0.01,11,12155,中性盘
288,14:42:30,11.06,0.02,11,12166,买盘
289,14:42:27,11.04,--,56,61823,卖盘
290,14:42:24,11.04,-0.02,29,32015,卖盘
291,14:42:21,11.06,0.01,14,15484,买盘
292,14:42:18,11.05,--,42,46410,买盘
293,14:42:15,11.05,--,42,46410,买盘
294,14:42:12,11.05,--,7,7735,买盘
295,14:42:09,11.05,--,25,27625,买盘
296,14:42:06,11.05,0.01,79,87295,卖盘
297,14:42:03,11.04,-0.02,21,23184,卖盘
298,14:42:00,11.06,0.01,46,50876,买盘
299,14:41:57,11.05,0.01,31,34255,中性盘
300,14:41:54,11.04,-0.02,63,69552,卖盘
301,14:41:51,11.06,0.02,88,97328,买盘
302,14:41:48,11.04,--,7,7727,卖盘
303,14:41:45,11.04,-0.02,28,30911,卖盘
304,14:41:42,11.06,0.02,5,5530,买盘
305,14:41:39,11.04,--,5,5520,卖盘
306,14:41:36,11.04,-0.02,28,30911,卖盘
307,14:41:33,11.06,--,2,2212,买盘
308,14:41:30,11.06,0.02,7,7742,买盘
309,14:41:27,11.04,--,5,5520,卖盘
310,14:41:24,11.04,--,32,35328,卖盘
311,14:41:21,11.04,-0.02,21,23184,卖盘
312,14:41:18,11.06,0.02,35,38710,买盘
313,14:41:15,11.04,-0.02,59,65135,卖盘
314,14:41:12,11.06,0.01,134,148204,买盘
315,14:41:09,11.05,--,24,26520,买盘
316,14:41:06,11.05,-0.01,61,67405,卖盘
317,14:41:03,11.06,0.02,154,170324,买盘
318,14:41:00,11.04,-0.01,44,48575,卖盘
319,14:40:57,11.05,0.01,33,36465,买盘
320,14:40:54,11.04,-0.01,71,78384,卖盘
321,14:40:51,11.05,0.02,245,271476,买盘
322,14:40:48,11.03,--,9,9927,卖盘
323,14:40:45,11.03,--,53,58459,卖盘
324,14:40:42,11.03,--,6,6618,卖盘
325,14:40:39,11.03,-0.01,7,7721,卖盘
326,14:40:36,11.04,--,40,44160,买盘
327,14:40:33,11.04,--,8,8832,买盘
328,14:40:30,11.04,--,10,11040,买盘
329,14:40:27,11.04,0.01,6,6623,买盘
330,14:40:24,11.03,-0.01,35,38605,卖盘
331,14:40:21,11.04,0.01,15,16560,买盘
332,14:40:18,11.03,-0.01,5,5515,卖盘
333,14:40:15,11.04,--,27,29807,买盘
334,14:40:12,11.04,--,148,163745,卖盘
335,14:40:09,11.04,-0.02,1710,1887839,卖盘
336,14:40:06,11.06,0.01,57,63042,买盘
337,14:40:03,11.05,--,5,5525,卖盘
338,14:40:00,11.05,-0.01,6,6630,卖盘
339,14:39:57,11.06,0.01,24,26544,买盘
340,14:39:54,11.05,--,29,32045,卖盘
341,14:39:51,11.05,--,1,1105,卖盘
342,14:39:48,11.05,--,8,8840,卖盘
343,14:39:45,11.05,-0.01,42,46410,卖盘
344,14:39:42,11.06,0.01,26,28756,买盘
345,14:39:39,11.05,--,32,35360,卖盘
346,14:39:36,11.05,-0.01,31,34255,卖盘
347,14:39:33,11.06,--,2,2212,买盘
348,14:39:30,11.06,--,6,6636,买盘
349,14:39:27,11.06,0.01,13,14378,买盘
350,14:39:24,11.05,-0.01,42,46410,卖盘
351,14:39:21,11.06,0.01,3,3318,买盘
352,14:39:18,11.05,-0.01,5,5525,卖盘
353,14:39:15,11.06,--,32,35392,买盘
354,14:39:12,11.06,--,2,2212,买盘
355,14:39:09,11.06,--,10,11060,买盘
356,14:39:06,11.06,0.01,32,35392,买盘
357,14:39:03,11.05,-0.01,1,1105,卖盘
358,14:39:00,11.06,--,8,8848,买盘
359,14:38:57,11.06,--,9,9954,买盘
360,14:38:54,11.06,--,35,38710,买盘
361,14:38:51,11.06,0.01,15,16590,买盘
362,14:38:48,11.05,--,5,5525,卖盘
363,14:38:45,11.05,-0.01,30,33150,卖盘
364,14:38:42,11.06,0.01,19,21014,买盘
365,14:38:39,11.05,--,104,114920,卖盘
366,14:38:36,11.05,-0.01,17,18785,卖盘
367,14:38:33,11.06,--,95,105070,买盘
368,14:38:30,11.06,--,25,27650,买盘
369,14:38:27,11.06,0.01,111,122766,买盘
370,14:38:24,11.05,-0.01,27,29835,卖盘
371,14:38:21,11.06,0.01,3,3318,买盘
372,14:38:18,11.05,-0.01,9,9945,卖盘
373,14:38:15,11.06,--,29,32074,买盘
374,14:38:12,11.06,--,3,3318,买盘
375,14:38:09,11.06,--,9,9954,买盘
376,14:38:06,11.06,0.01,24,26544,买盘
377,14:38:03,11.05,--,24,26520,卖盘
378,14:38:00,11.05,--,10,11050,买盘
379,14:37:57,11.05,--,23,25415,买盘
380,14:37:54,11.05,-0.01,4,4420,卖盘
381,14:37:51,11.06,0.01,15,16590,买盘
382,14:37:48,11.05,0.01,35,38675,买盘
383,14:37:45,11.04,--,71,78384,卖盘
384,14:37:42,11.04,--,53,58511,卖盘
385,14:37:39,11.04,--,13,14351,卖盘
386,14:37:36,11.04,--,10,11040,卖盘
387,14:37:33,11.04,--,33,36432,卖盘
388,14:37:30,11.04,-0.01,24,26495,卖盘
389,14:37:27,11.05,--,32,35360,买盘
390,14:37:24,11.05,--,37,40885,买盘
391,14:37:21,11.05,--,33,36465,买盘
392,14:37:18,11.05,--,30,33150,买盘
393,14:37:15,11.05,0.01,70,77350,买盘
394,14:37:12,11.04,--,17,18768,卖盘
395,14:37:09,11.04,-0.01,20,22080,卖盘
396,14:37:06,11.05,0.01,14,15470,买盘
397,14:37:03,11.04,-0.01,20,22080,卖盘
398,14:37:00,11.05,--,48,53791,买盘
399,14:36:57,11.05,--,120,132953,卖盘
400,14:36:54,11.05,-0.01,31,34255,卖盘
401,14:36:51,11.06,0.01,19,21014,买盘
402,14:36:48,11.05,--,106,117130,卖盘
403,14:36:45,11.05,--,29,32045,卖盘
404,14:36:42,11.05,--,5,5525,卖盘
405,14:36:39,11.05,--,2,2210,卖盘
406,14:36:36,11.05,--,11,12155,卖盘
407,14:36:33,11.05,-0.01,42,46410,卖盘
408,14:36:30,11.06,0.01,41,45346,买盘
409,14:36:27,11.05,--,220,243100,卖盘
410,14:36:24,11.05,-0.01,101,111605,卖盘
411,14:36:21,11.06,0.01,8,8848,买盘
412,14:36:18,11.05,--,9,9945,卖盘
413,14:36:15,11.05,-0.01,29,32045,卖盘
414,14:36:12,11.06,--,11,12166,买盘
415,14:36:09,11.06,--,63,69678,买盘
416,14:36:06,11.06,0.01,11,12166,买盘
417,14:36:03,11.05,-0.01,36,39780,卖盘
418,14:36:00,11.06,--,7,7742,买盘
419,14:35:57,11.06,--,34,37604,买盘
420,14:35:54,11.06,--,46,50876,买盘
421,14:35:51,11.06,0.01,17,18802,买盘
422,14:35:48,11.05,--,12,13260,卖盘
423,14:35:45,11.05,--,30,33150,卖盘
424,14:35:42,11.05,-0.01,10,11050,卖盘
425,14:35:39,11.06,0.01,2,2212,买盘
426,14:35:36,11.05,--,7,7735,卖盘
427,14:35:33,11.05,--,38,41990,卖盘
428,14:35:30,11.05,-0.01,50,55250,卖盘
429,14:35:27,11.06,0.01,107,118342,买盘
430,14:35:24,11.05,-0.01,51,56355,卖盘
431,14:35:21,11.06,0.01,36,39816,买盘
432,14:35:18,11.05,-0.01,80,88400,卖盘
433,14:35:15,11.06,--,449,496594,卖盘
434,14:35:12,11.06,--,10,11060,卖盘
435,14:35:09,11.06,-0.01,41,45346,卖盘
436,14:35:06,11.07,0.01,24,26568,买盘
437,14:35:03,11.06,-0.01,51,56406,卖盘
438,14:35:00,11.07,--,57,63099,买盘
439,14:34:57,11.07,--,36,39852,买盘
440,14:34:54,11.07,--,47,52029,买盘
441,14:34:51,11.07,--,19,21033,买盘
442,14:34:48,11.07,0.01,6,6642,买盘
443,14:34:45,11.06,-0.01,31,34286,卖盘
444,14:34:42,11.07,0.01,17,18819,买盘
445,14:34:39,11.06,--,19,21014,卖盘
446,14:34:36,11.06,--,21,23226,卖盘
447,14:34:33,11.06,-0.01,54,59724,卖盘
448,14:34:30,11.07,--,13,14391,买盘
449,14:34:27,11.07,-0.01,12,13284,卖盘
450,14:34:24,11.08,0.01,36,39888,买盘
451,14:34:21,11.07,0.01,16,17712,中性盘
452,14:34:18,11.06,-0.02,34,37604,卖盘
453,14:34:15,11.08,0.01,38,42104,买盘
454,14:34:12,11.07,--,7,7749,买盘
455,14:34:09,11.07,--,11,12177,买盘
456,14:34:06,11.07,0.01,22,24354,中性盘
457,14:34:03,11.06,--,95,105070,卖盘
458,14:34:00,11.06,-0.01,18,19908,卖盘
459,14:33:57,11.07,--,31,34317,买盘
460,14:33:54,11.07,--,38,42066,买盘
461,14:33:51,11.07,0.01,27,29889,买盘
462,14:33:48,11.06,--,17,18802,卖盘
463,14:33:45,11.06,--,30,33180,卖盘
464,14:33:42,11.06,-0.01,3,3318,卖盘
465,14:33:39,11.07,--,20,22140,买盘
466,14:33:36,11.07,--,11,12177,买盘
467,14:33:33,11.07,-0.01,21,23247,卖盘
468,14:33:30,11.08,0.01,4,4432,买盘
469,14:33:27,11.07,-0.01,16,17712,卖盘
470,14:33:24,11.08,--,33,36564,买盘
471,14:33:21,11.08,0.01,16,17728,买盘
472,14:33:18,11.07,0.01,91,100737,买盘
473,14:33:15,11.06,-0.01,28,30968,卖盘
474,14:33:12,11.07,--,5,5535,买盘
475,14:33:09,11.07,0.01,16,17712,买盘
476,14:33:06,11.06,-0.01,15,16590,卖盘
477,14:33:03,11.07,-0.01,41,45387,卖盘
478,14:33:00,11.08,--,12,13296,买盘
479,14:32:57,11.08,0.01,30,33240,买盘
480,14:32:54,11.07,-0.01,37,40959,中性盘
481,14:32:51,11.08,0.01,10,11080,买盘
482,14:32:48,11.07,0.01,23,25461,买盘
483,14:32:45,11.06,--,17,18802,卖盘
484,14:32:42,11.06,--,29,32074,卖盘
485,14:32:39,11.06,-0.01,3,3318,卖盘
486,14:32:36,11.07,-0.01,15,16605,中性盘
487,14:32:33,11.08,0.01,53,58724,买盘
488,14:32:30,11.07,--,17,18819,买盘
489,14:32:27,11.07,--,20,22140,买盘
490,14:32:24,11.07,--,14,15498,卖盘
491,14:32:21,11.07,--,6,6642,卖盘
492,14:32:18,11.07,-0.01,4,4428,卖盘
493,14:32:15,11.08,0.01,22,24376,买盘
494,14:32:12,11.07,-0.01,92,101844,卖盘
495,14:32:09,11.08,--,17,18836,买盘
496,14:32:06,11.08,--,23,25484,买盘
497,14:32:03,11.08,--,34,37672,买盘
498,14:32:00,11.08,--,12,13296,买盘
499,14:31:57,11.08,--,61,67588,买盘
500,14:31:54,11.08,--,54,59832,买盘
501,14:31:51,11.08,0.01,7,7756,买盘
502,14:31:48,11.07,--,7,7749,卖盘
503,14:31:45,11.07,--,39,43173,卖盘
504,14:31:42,11.07,--,128,141696,卖盘
505,14:31:39,11.07,--,5,5535,卖盘
506,14:31:36,11.07,0.01,28,30996,卖盘
507,14:31:33,11.06,-0.02,70,77420,卖盘
508,14:31:30,11.08,--,57,63156,买盘
509,14:31:27,11.08,0.02,130,144040,买盘
510,14:31:24,11.06,--,103,113918,卖盘
511,14:31:21,11.06,--,1,1106,卖盘
512,14:31:18,11.06,--,6,6636,卖盘
513,14:31:15,11.06,--,20,22120,卖盘
514,14:31:12,11.06,-0.01,88,97328,卖盘
515,14:31:09,11.07,--,159,176013,买盘
516,14:31:06,11.07,-0.01,43,47601,卖盘
517,14:31:03,11.08,0.01,83,91964,买盘
518,14:31:00,11.07,--,11,12177,卖盘
519,14:30:57,11.07,--,35,38745,卖盘
520,14:30:54,11.07,--,30,33210,卖盘
521,14:30:51,11.07,--,9,9963,买盘
522,14:30:48,11.07,--,36,39852,买盘
523,14:30:45,11.07,0.01,103,114021,买盘
524,14:30:42,11.06,--,28,30968,卖盘
525,14:30:39,11.06,--,5,5530,卖盘
526,14:30:36,11.06,--,6,6636,卖盘
527,14:30:33,11.06,-0.01,35,38710,卖盘
528,14:30:30,11.07,--,9,9963,买盘
529,14:30:27,11.07,-0.01,36,39852,中性盘
530,14:30:24,11.08,--,75,83100,买盘
531,14:30:21,11.08,0.01,3,3324,买盘
532,14:30:18,11.07,--,1,1107,卖盘
533,14:30:15,11.07,--,7,7749,卖盘
534,14:30:12,11.07,-0.01,40,44280,卖盘
535,14:30:09,11.08,--,65,72020,买盘
536,14:30:06,11.08,--,25,27700,买盘
537,14:30:03,11.08,--,133,147364,买盘
538,14:30:00,11.08,--,48,53184,买盘
539,14:29:57,11.08,--,18,19944,买盘
540,14:29:54,11.08,0.01,42,46536,买盘
541,14:29:51,11.07,0.01,20,22140,卖盘
542,14:29:48,11.06,-0.02,4,4424,卖盘
543,14:29:45,11.08,0.02,23,25484,买盘
544,14:29:42,11.06,-0.02,29,32074,卖盘
545,14:29:39,11.08,0.02,5,5540,买盘
546,14:29:36,11.06,--,5,5530,卖盘
547,14:29:33,11.06,-0.02,29,32074,卖盘
548,14:29:30,11.08,0.02,2,2216,买盘
549,14:29:27,11.06,-0.02,5,5530,卖盘
550,14:29:24,11.08,--,30,33240,买盘
551,14:29:21,11.08,--,7,7756,买盘
552,14:29:18,11.08,0.02,19,21052,买盘
553,14:29:15,11.06,-0.01,45,49770,卖盘
554,14:29:12,11.07,-0.01,30,33210,卖盘
555,14:29:09,11.08,--,7,7756,买盘
556,14:29:06,11.08,0.02,20,22160,买盘
557,14:29:03,11.06,-0.02,31,34286,卖盘
558,14:29:00,11.08,--,24,26592,买盘
559,14:28:57,11.08,--,105,116340,买盘
560,14:28:54,11.08,0.02,33,36564,买盘
561,14:28:51,11.06,--,2,2212,卖盘
562,14:28:48,11.06,-0.02,7,7742,卖盘
563,14:28:45,11.08,0.03,14,15512,买盘
564,14:28:42,11.05,-0.02,34,37570,卖盘
565,14:28:39,11.07,-0.01,16,17712,卖盘
566,14:28:36,11.08,0.03,31,34348,买盘
567,14:28:33,11.05,-0.03,72,79560,卖盘
568,14:28:30,11.08,0.02,191,211628,买盘
569,14:28:27,11.06,-0.01,1082,1196692,卖盘
570,14:28:24,11.07,--,31,34317,买盘
571,14:28:21,11.07,0.02,3,3321,买盘
572,14:28:18,11.05,-0.01,15,16575,卖盘
573,14:28:15,11.06,--,88,97328,卖盘
574,14:28:12,11.06,--,509,563706,买盘
575,14:28:09,11.06,0.01,169,186914,买盘
576,14:28:06,11.05,-0.01,55,60775,卖盘
577,14:28:03,11.06,0.01,61,67466,买盘
578,14:28:00,11.05,-0.01,6,6630,卖盘
579,14:27:57,11.06,0.01,34,37604,买盘
580,14:27:54,11.05,--,51,56355,买盘
581,14:27:51,11.05,-0.01,102,112710,卖盘
582,14:27:48,11.06,0.01,10,11060,买盘
583,14:27:45,11.05,--,10,11050,卖盘
584,14:27:42,11.05,-0.01,37,40885,卖盘
585,14:27:39,11.06,--,53,58618,买盘
586,14:27:36,11.06,0.01,19,21014,买盘
587,14:27:33,11.05,-0.01,39,43095,卖盘
588,14:27:30,11.06,0.01,61,67466,买盘
589,14:27:27,11.05,-0.01,31,34255,卖盘
590,14:27:24,11.06,0.01,36,39816,买盘
591,14:27:21,11.05,--,12,13260,买盘
592,14:27:18,11.05,0.01,17,18785,买盘
593,14:27:15,11.04,-0.01,21,23184,卖盘
594,14:27:12,11.05,-0.01,50,55250,卖盘
595,14:27:09,11.06,--,32,35392,买盘
596,14:27:06,11.06,--,145,160370,买盘
597,14:27:03,11.06,--,32,35392,买盘
598,14:27:00,11.06,0.01,13,14378,买盘
599,14:26:57,11.05,--,30,33150,卖盘
600,14:26:54,11.05,--,147,162435,买盘
601,14:26:51,11.05,--,2,2210,买盘
602,14:26:48,11.05,--,6,6630,买盘
603,14:26:45,11.05,0.01,13,14365,买盘
604,14:26:42,11.04,--,36,39744,卖盘
605,14:26:39,11.04,--,12,13247,卖盘
606,14:26:36,11.04,-0.01,5,5520,卖盘
607,14:26:33,11.05,--,31,34255,买盘
608,14:26:30,11.05,-0.01,5,5525,买盘
609,14:26:27,11.06,--,17,18802,买盘
610,14:26:24,11.06,--,51,56406,买盘
611,14:26:21,11.06,--,28,30968,买盘
612,14:26:18,11.06,--,13,14378,买盘
613,14:26:15,11.06,0.02,29,32074,买盘
614,14:26:12,11.04,-0.01,40,44160,卖盘
615,14:26:09,11.05,-0.01,9,9945,卖盘
616,14:26:06,11.06,--,20,22120,买盘
617,14:26:03,11.06,0.01,29,32074,买盘
618,14:26:00,11.05,--,3,3315,卖盘
619,14:25:57,11.05,--,3,3315,卖盘
620,14:25:54,11.05,0.01,18,19890,买盘
621,14:25:51,11.04,--,31,34224,卖盘
622,14:25:48,11.04,-0.01,13,14351,卖盘
623,14:25:45,11.05,--,11,12155,买盘
624,14:25:42,11.05,--,10,11050,卖盘
625,14:25:39,11.05,--,29,32045,卖盘
626,14:25:36,11.05,--,52,57460,卖盘
627,14:25:33,11.05,--,34,37570,卖盘
628,14:25:30,11.05,-0.01,15,16575,卖盘
629,14:25:27,11.06,0.01,69,76314,买盘
630,14:25:24,11.05,-0.01,40,44200,卖盘
631,14:25:21,11.06,--,31,34286,买盘
632,14:25:18,11.06,0.01,10,11060,买盘
633,14:25:15,11.05,--,17,18785,卖盘
634,14:25:12,11.05,-0.01,99,109395,卖盘
635,14:25:09,11.06,--,7,7742,买盘
636,14:25:06,11.06,--,18,19908,买盘
637,14:25:03,11.06,0.01,31,34286,买盘
638,14:25:00,11.05,--,2,2210,卖盘
639,14:24:57,11.05,--,61,67405,买盘
640,14:24:54,11.05,--,57,62985,买盘
641,14:24:51,11.05,0.01,2,2210,买盘
642,14:24:48,11.04,-0.01,5,5520,卖盘
643,14:24:45,11.05,0.02,156,172380,买盘
644,14:24:42,11.03,--,36,39708,卖盘
645,14:24:39,11.03,--,7,7721,卖盘
646,14:24:36,11.03,-0.01,8,8824,卖盘
647,14:24:33,11.04,--,42,46368,买盘
648,14:24:30,11.04,0.01,4,4416,买盘
649,14:24:27,11.03,--,7,7721,卖盘
650,14:24:24,11.03,-0.01,15,16545,卖盘
651,14:24:21,11.04,0.01,10,11040,卖盘
652,14:24:18,11.03,--,14,15442,卖盘
653,14:24:15,11.03,-0.02,10,11030,卖盘
654,14:24:12,11.05,0.02,50,55250,买盘
655,14:24:09,11.03,-0.02,98,108094,卖盘
656,14:24:06,11.05,0.01,31,34255,买盘
657,14:24:03,11.04,--,30,33120,卖盘
658,14:24:00,11.04,-0.01,16,17664,卖盘
659,14:23:57,11.05,0.02,27,29835,买盘
660,14:23:54,11.03,-0.02,38,41914,卖盘
661,14:23:51,11.05,0.01,42,46410,买盘
662,14:23:48,11.04,--,39,43056,卖盘
663,14:23:45,11.04,0.01,153,168912,买盘
664,14:23:42,11.03,-0.01,66,72798,卖盘
665,14:23:39,11.04,--,144,158976,买盘
666,14:23:36,11.04,0.01,21,23184,买盘
667,14:23:33,11.03,--,80,88240,卖盘
668,14:23:30,11.03,-0.01,14,15442,卖盘
669,14:23:27,11.04,--,45,49679,买盘
670,14:23:24,11.04,--,212,234047,买盘
671,14:23:21,11.04,-0.01,697,769487,卖盘
672,14:23:18,11.05,-0.01,22,24310,卖盘
673,14:23:15,11.06,--,26,28756,买盘
674,14:23:12,11.06,--,67,74102,买盘
675,14:23:09,11.06,--,48,53088,买盘
676,14:23:06,11.06,--,40,44240,买盘
677,14:23:03,11.06,0.01,36,39816,买盘
678,14:23:00,11.05,--,31,34255,卖盘
679,14:22:57,11.05,-0.01,154,170170,卖盘
680,14:22:54,11.06,-0.01,575,635950,卖盘
681,14:22:51,11.07,0.01,32,35424,买盘
682,14:22:48,11.06,--,151,167006,买盘
683,14:22:45,11.06,0.01,17,18802,买盘
684,14:22:42,11.05,-0.01,37,40885,卖盘
685,14:22:39,11.06,0.01,47,51982,买盘
686,14:22:36,11.05,-0.01,188,207740,卖盘
687,14:22:33,11.06,--,104,115024,卖盘
688,14:22:30,11.06,--,20,22120,卖盘
689,14:22:27,11.06,--,77,85162,买盘
690,14:22:24,11.06,0.01,78,86268,买盘
691,14:22:21,11.05,-0.01,6,6630,卖盘
692,14:22:18,11.06,-0.01,19,21014,卖盘
693,14:22:15,11.07,0.02,54,59778,买盘
694,14:22:12,11.05,-0.01,93,102765,卖盘
695,14:22:09,11.06,--,73,80738,买盘
696,14:22:06,11.06,--,352,389312,买盘
697,14:22:03,11.06,--,756,837065,卖盘
698,14:22:00,11.06,-0.01,6,6636,卖盘
699,14:21:57,11.07,0.01,25,27675,买盘
700,14:21:54,11.06,--,105,116130,卖盘
701,14:21:51,11.06,--,144,159264,卖盘
702,14:21:48,11.06,--,20,22120,卖盘
703,14:21:45,11.06,--,24,26544,卖盘
704,14:21:42,11.06,--,54,59724,卖盘
705,14:21:39,11.06,--,44,48664,卖盘
706,14:21:36,11.06,-0.01,144,159264,卖盘
707,14:21:33,11.07,--,119,131733,买盘
708,14:21:30,11.07,0.01,13,14391,买盘
709,14:21:27,11.06,--,54,59724,卖盘
710,14:21:24,11.06,-0.01,112,123872,卖盘
711,14:21:21,11.07,0.01,31,34317,买盘
712,14:21:18,11.06,--,79,87374,卖盘
713,14:21:15,11.06,--,43,47558,卖盘
714,14:21:12,11.06,-0.01,37,40922,卖盘
715,14:21:09,11.07,0.01,47,52029,买盘
716,14:21:06,11.06,-0.01,50,55300,卖盘
717,14:21:03,11.07,0.01,85,94095,买盘
718,14:21:00,11.06,-0.01,109,120554,卖盘
719,14:20:57,11.07,--,12,13284,买盘
720,14:20:54,11.07,--,48,53136,买盘
721,14:20:51,11.07,0.01,8,8856,买盘
722,14:20:48,11.06,-0.01,20,22120,卖盘
723,14:20:45,11.07,--,91,100737,买盘
724,14:20:42,11.07,--,236,261252,卖盘
725,14:20:39,11.07,--,203,224721,卖盘
726,14:20:36,11.07,--,14,15498,卖盘
727,14:20:33,11.07,--,56,61992,卖盘
728,14:20:30,11.07,--,8,8856,卖盘
729,14:20:27,11.07,-0.01,23,25461,卖盘
730,14:20:24,11.08,0.01,31,34348,买盘
731,14:20:21,11.07,--,7,7749,卖盘
732,14:20:18,11.07,-0.01,2,2214,卖盘
733,14:20:15,11.08,--,11,12188,买盘
734,14:20:12,11.08,0.01,33,36564,买盘
735,14:20:09,11.07,-0.01,11,12177,卖盘
736,14:20:06,11.08,--,20,22160,买盘
737,14:20:03,11.08,--,31,34348,买盘
738,14:20:00,11.08,--,10,11080,买盘
739,14:19:57,11.08,--,9,9972,买盘
740,14:19:54,11.08,--,34,37672,买盘
741,14:19:51,11.08,0.01,10,11080,买盘
742,14:19:48,11.07,-0.01,28,30996,卖盘
743,14:19:45,11.08,0.02,9,9972,买盘
744,14:19:42,11.06,--,31,34286,卖盘
745,14:19:39,11.06,-0.01,13,14378,卖盘
746,14:19:36,11.07,--,8,8856,卖盘
747,14:19:33,11.07,-0.01,37,40959,卖盘
748,14:19:30,11.08,0.01,45,49860,买盘
749,14:19:27,11.07,--,12,13284,卖盘
750,14:19:24,11.07,--,58,64206,卖盘
751,14:19:21,11.07,--,31,34317,卖盘
752,14:19:18,11.07,-0.01,12,13284,卖盘
753,14:19:15,11.08,0.01,10,11080,买盘
754,14:19:12,11.07,-0.01,35,38745,卖盘
755,14:19:09,11.08,--,34,37672,买盘
756,14:19:06,11.08,0.01,40,44320,买盘
757,14:19:03,11.07,--,40,44280,卖盘
758,14:19:00,11.07,--,4,4428,卖盘
759,14:18:57,11.07,-0.01,23,25461,卖盘
760,14:18:54,11.08,0.01,14,15512,买盘
761,14:18:51,11.07,--,53,58671,卖盘
762,14:18:48,11.07,-0.01,10,11070,卖盘
763,14:18:45,11.08,--,49,54292,买盘
764,14:18:42,11.08,0.01,30,33240,买盘
765,14:18:39,11.07,--,2,2214,卖盘
766,14:18:36,11.07,-0.01,6,6642,卖盘
767,14:18:33,11.08,--,31,34348,买盘
768,14:18:30,11.08,0.01,12,13296,买盘
769,14:18:27,11.07,--,2,2214,卖盘
770,14:18:24,11.07,-0.01,11,12177,卖盘
771,14:18:21,11.08,--,14,15512,卖盘
772,14:18:18,11.08,-0.01,20,22160,卖盘
773,14:18:15,11.09,--,10,11090,买盘
774,14:18:12,11.09,--,32,35488,买盘
775,14:18:09,11.09,--,6,6654,买盘
776,14:18:06,11.09,0.02,21,23289,买盘
777,14:18:03,11.07,--,49,54243,卖盘
778,14:18:00,11.07,-0.01,23,25461,卖盘
779,14:17:57,11.08,-0.01,37,40996,卖盘
780,14:17:54,11.09,0.01,11,12199,买盘
781,14:17:51,11.08,--,43,47644,卖盘
782,14:17:48,11.08,--,73,80884,卖盘
783,14:17:45,11.08,0.02,363,403090,买盘
784,14:17:42,11.06,--,36,39816,卖盘
785,14:17:39,11.06,--,24,26544,卖盘
786,14:17:36,11.06,--,25,27650,卖盘
787,14:17:33,11.06,--,30,33180,卖盘
788,14:17:30,11.06,-0.01,14,15484,卖盘
789,14:17:27,11.07,-0.01,24,26568,卖盘
790,14:17:24,11.08,0.01,17,18836,买盘
791,14:17:21,11.07,-0.01,58,64206,卖盘
792,14:17:18,11.08,0.01,80,88640,买盘
793,14:17:15,11.07,-0.01,341,377487,卖盘
794,14:17:12,11.08,--,1655,1834138,买盘
795,14:17:09,11.08,0.01,47,52076,买盘
796,14:17:06,11.07,-0.01,85,94095,卖盘
797,14:17:03,11.08,0.01,39,43212,买盘
798,14:17:00,11.07,-0.01,8,8856,卖盘
799,14:16:57,11.08,0.01,19,21052,买盘
800,14:16:54,11.07,-0.01,86,95202,卖盘
801,14:16:51,11.08,--,91,100828,买盘
802,14:16:48,11.08,--,21,23268,买盘
803,14:16:45,11.08,0.01,29,32132,买盘
804,14:16:42,11.07,-0.01,90,99630,卖盘
805,14:16:39,11.08,0.01,5,5540,买盘
806,14:16:36,11.07,--,18,19926,卖盘
807,14:16:33,11.07,-0.01,64,70848,卖盘
808,14:16:30,11.08,--,178,197224,买盘
809,14:16:27,11.08,--,289,320433,卖盘
810,14:16:24,11.08,--,9,9972,卖盘
811,14:16:21,11.08,--,35,38780,卖盘
812,14:16:18,11.08,-0.01,37,40996,卖盘
813,14:16:15,11.09,0.01,165,182985,买盘
814,14:16:12,11.08,--,145,160660,卖盘
815,14:16:09,11.08,--,586,649288,卖盘
816,14:16:06,11.08,--,1121,1242954,卖盘
817,14:16:03,11.08,-0.01,34,37672,卖盘
818,14:16:00,11.09,0.01,21,23289,买盘
819,14:15:57,11.08,--,38,42104,卖盘
820,14:15:54,11.08,--,26,28808,卖盘
821,14:15:51,11.08,--,35,38780,卖盘
822,14:15:48,11.08,--,59,65372,卖盘
823,14:15:45,11.08,--,27,29916,卖盘
824,14:15:42,11.08,--,13,14404,卖盘
825,14:15:39,11.08,--,31,34348,卖盘
826,14:15:36,11.08,--,10,11080,卖盘
827,14:15:33,11.08,--,23,25484,卖盘
828,14:15:30,11.08,--,10,11080,卖盘
829,14:15:27,11.08,--,34,37672,卖盘
830,14:15:24,11.08,--,6,6648,卖盘
831,14:15:21,11.08,--,15,16620,卖盘
832,14:15:18,11.08,-0.01,2,2216,卖盘
833,14:15:15,11.09,0.01,10,11090,买盘
834,14:15:12,11.08,-0.01,10,11080,卖盘
835,14:15:09,11.09,--,11,12199,买盘
836,14:15:06,11.09,0.01,28,31052,买盘
837,14:15:03,11.08,-0.01,24,26592,卖盘
838,14:15:00,11.09,--,63,69867,买盘
839,14:14:57,11.09,--,6,6654,买盘
840,14:14:54,11.09,0.01,28,31052,买盘
841,14:14:51,11.08,--,6,6648,卖盘
842,14:14:48,11.08,-0.01,10,11080,卖盘
843,14:14:45,11.09,--,36,39924,买盘
844,14:14:42,11.09,--,74,82066,卖盘
845,14:14:39,11.09,-0.01,9,9981,中性盘
846,14:14:36,11.1,0.02,2,2220,买盘
847,14:14:33,11.08,-0.01,1064,1178912,卖盘
848,14:14:30,11.09,--,7,7763,卖盘
849,14:14:27,11.09,--,1,1109,卖盘
850,14:14:24,11.09,-0.01,8,8872,卖盘
851,14:14:21,11.1,0.01,29,32190,买盘
852,14:14:18,11.09,--,2,2218,卖盘
853,14:14:15,11.09,-0.01,12,13308,卖盘
854,14:14:12,11.1,--,31,34410,买盘
855,14:14:09,11.1,0.01,15,16650,买盘
856,14:14:06,11.09,-0.01,75,83175,卖盘
857,14:14:03,11.1,-0.01,409,453990,卖盘
858,14:14:00,11.11,--,2,2222,买盘
859,14:13:57,11.11,--,2,2222,买盘
860,14:13:54,11.11,--,9,9999,买盘
861,14:13:51,11.11,0.01,37,41107,买盘
862,14:13:48,11.1,-0.01,3,3330,卖盘
863,14:13:45,11.11,0.01,12,13332,买盘
864,14:13:42,11.1,--,51,56610,卖盘
865,14:13:39,11.1,-0.01,30,33300,卖盘
866,14:13:36,11.11,--,9,9999,买盘
867,14:13:33,11.11,0.01,29,32219,买盘
868,14:13:30,11.1,-0.01,7,7770,卖盘
869,14:13:27,11.11,0.01,3,3333,买盘
870,14:13:24,11.1,-0.01,13,14430,卖盘
871,14:13:21,11.11,--,31,34441,买盘
872,14:13:18,11.11,-0.01,9,9999,卖盘
873,14:13:15,11.12,0.02,20,22240,买盘
874,14:13:12,11.1,-0.01,53,58830,卖盘
875,14:13:09,11.11,--,7,7777,买盘
876,14:13:06,11.11,--,17,18887,买盘
877,14:13:03,11.11,--,5,5555,买盘
878,14:13:00,11.11,-0.01,25,27775,卖盘
879,14:12:57,11.12,--,2,2224,买盘
880,14:12:54,11.12,--,12,13343,买盘
881,14:12:51,11.12,--,44,48928,买盘
882,14:12:48,11.12,0.02,43,47816,买盘
883,14:12:45,11.1,-0.01,15,16650,卖盘
884,14:12:42,11.11,0.01,29,32219,买盘
885,14:12:39,11.1,--,3,3330,卖盘
886,14:12:36,11.1,--,1,1110,卖盘
887,14:12:33,11.1,-0.02,10,11100,卖盘
888,14:12:30,11.12,0.02,33,36696,买盘
889,14:12:27,11.1,--,2,2220,卖盘
890,14:12:24,11.1,-0.02,5,5550,卖盘
891,14:12:21,11.12,0.02,29,32247,买盘
892,14:12:18,11.1,-0.02,6,6660,卖盘
893,14:12:15,11.12,0.02,36,40032,买盘
894,14:12:12,11.1,-0.02,13,14430,卖盘
895,14:12:09,11.12,0.01,6,6671,买盘
896,14:12:06,11.11,--,37,41107,卖盘
897,14:12:03,11.11,--,78,86658,卖盘
898,14:12:00,11.11,-0.01,29,32219,卖盘
899,14:11:57,11.12,--,3,3335,买盘
900,14:11:54,11.12,--,16,17792,买盘
901,14:11:51,11.12,0.02,71,78952,买盘
902,14:11:48,11.1,-0.01,2,2220,卖盘
903,14:11:45,11.11,0.01,13,14443,买盘
904,14:11:42,11.1,--,31,34410,卖盘
905,14:11:39,11.1,--,1,1110,卖盘
906,14:11:36,11.1,-0.01,5,5550,卖盘
907,14:11:33,11.11,0.01,9,9999,买盘
908,14:11:30,11.1,--,31,34410,卖盘
909,14:11:27,11.1,--,15,16650,卖盘
910,14:11:24,11.1,-0.01,9,9990,卖盘
911,14:11:21,11.11,--,33,36663,买盘
912,14:11:18,11.11,--,21,23331,买盘
913,14:11:15,11.11,--,7,7777,买盘
914,14:11:12,11.11,--,33,36663,卖盘
915,14:11:09,11.11,-0.01,2,2222,卖盘
916,14:11:06,11.12,0.01,15,16680,买盘
917,14:11:03,11.11,--,26,28886,买盘
918,14:11:00,11.11,-0.01,4,4444,卖盘
919,14:10:57,11.12,--,4,4448,买盘
920,14:10:54,11.12,--,8,8896,买盘
921,14:10:51,11.12,--,38,42256,买盘
922,14:10:48,11.12,--,28,31135,买盘
923,14:10:45,11.12,0.01,21,23352,买盘
924,14:10:42,11.11,--,26,28886,卖盘
925,14:10:39,11.11,--,9,9999,卖盘
926,14:10:36,11.11,-0.01,54,59994,卖盘
927,14:10:33,11.12,0.01,6,6671,买盘
928,14:10:30,11.11,--,30,33330,卖盘
929,14:10:27,11.11,--,5,5555,卖盘
930,14:10:24,11.11,-0.01,15,16665,卖盘
931,14:10:21,11.12,0.02,46,51152,买盘
932,14:10:18,11.1,-0.01,11,12210,卖盘
933,14:10:15,11.11,--,58,64438,买盘
934,14:10:12,11.11,--,57,63327,买盘
935,14:10:09,11.11,--,16,17776,买盘
936,14:10:06,11.11,--,18,19998,买盘
937,14:10:03,11.11,0.01,49,54439,买盘
938,14:10:00,11.1,-0.01,29,32190,卖盘
939,14:09:57,11.11,--,11,12221,买盘
940,14:09:54,11.11,--,7,7777,买盘
941,14:09:51,11.11,--,30,33330,买盘
942,14:09:48,11.11,0.01,2,2222,买盘
943,14:09:45,11.1,-0.01,4,4440,卖盘
944,14:09:42,11.11,0.01,32,35552,买盘
945,14:09:39,11.1,--,1,1110,卖盘
946,14:09:36,11.1,-0.01,12,13320,卖盘
947,14:09:33,11.11,0.01,79,87769,买盘
948,14:09:30,11.1,-0.01,65,72150,卖盘
949,14:09:27,11.11,--,210,233310,卖盘
950,14:09:24,11.11,--,15,16665,卖盘
951,14:09:21,11.11,--,69,76659,卖盘
952,14:09:18,11.11,--,1,1111,卖盘
953,14:09:15,11.11,-0.01,5,5555,卖盘
954,14:09:12,11.12,0.01,31,34472,买盘
955,14:09:09,11.11,--,2,2222,卖盘
956,14:09:06,11.11,-0.01,15,16665,卖盘
957,14:09:03,11.12,0.01,17,18904,买盘
958,14:09:00,11.11,-0.01,29,32219,卖盘
959,14:08:57,11.12,--,8,8896,买盘
960,14:08:54,11.12,--,41,45592,买盘
961,14:08:51,11.12,0.01,37,41144,买盘
962,14:08:48,11.11,--,7,7777,卖盘
963,14:08:45,11.11,-0.01,47,52217,卖盘
964,14:08:42,11.12,0.01,29,32247,买盘
965,14:08:39,11.11,--,5,5555,卖盘
966,14:08:36,11.11,-0.01,34,37774,卖盘
967,14:08:33,11.12,0.01,24,26687,买盘
968,14:08:30,11.11,--,36,39996,卖盘
969,14:08:27,11.11,-0.01,4,4444,卖盘
970,14:08:24,11.12,--,26,28911,买盘
971,14:08:21,11.12,0.01,31,34472,买盘
972,14:08:18,11.11,--,2,2222,卖盘
973,14:08:15,11.11,-0.01,10,11110,卖盘
974,14:08:12,11.12,--,36,40032,买盘
975,14:08:09,11.12,--,31,34472,买盘
976,14:08:06,11.12,--,174,193488,买盘
977,14:08:03,11.12,0.01,92,102304,买盘
978,14:08:00,11.11,-0.01,47,52217,卖盘
979,14:07:57,11.12,--,3,3335,买盘
980,14:07:54,11.12,--,15,16680,买盘
981,14:07:51,11.12,0.01,39,43368,买盘
982,14:07:48,11.11,--,1,1111,卖盘
983,14:07:45,11.11,-0.01,10,11110,卖盘
984,14:07:42,11.12,0.01,30,33360,买盘
985,14:07:39,11.11,--,3,3333,卖盘
986,14:07:36,11.11,-0.01,12,13332,卖盘
987,14:07:33,11.12,0.01,77,85624,买盘
988,14:07:30,11.11,--,30,33330,卖盘
989,14:07:27,11.11,-0.01,2,2222,卖盘
990,14:07:24,11.12,--,18,20016,买盘
991,14:07:21,11.12,0.01,42,46704,买盘
992,14:07:18,11.11,-0.01,9,9999,卖盘
993,14:07:15,11.12,--,32,35584,买盘
994,14:07:12,11.12,0.01,16,17792,买盘
995,14:07:09,11.11,--,70,77770,卖盘
996,14:07:06,11.11,--,26,28886,买盘
997,14:07:03,11.11,0.01,35,38885,买盘
998,14:07:00,11.1,--,127,140970,卖盘
999,14:06:57,11.1,--,3,3330,卖盘
1000,14:06:54,11.1,-0.01,6,6660,卖盘
1001,14:06:51,11.11,0.01,32,35552,买盘
1002,14:06:48,11.1,--,11,12210,卖盘
1003,14:06:45,11.1,-0.01,6,6660,卖盘
1004,14:06:42,11.11,0.01,7,7777,买盘
1005,14:06:39,11.1,-0.01,32,35520,卖盘
1006,14:06:36,11.11,--,33,36663,买盘
1007,14:06:33,11.11,0.01,6,6666,买盘
1008,14:06:30,11.1,-0.01,35,38850,卖盘
1009,14:06:27,11.11,0.01,9,9999,买盘
1010,14:06:24,11.1,-0.01,35,38850,卖盘
1011,14:06:21,11.11,0.01,230,255530,买盘
1012,14:06:18,11.1,-0.01,2,2220,卖盘
1013,14:06:15,11.11,--,16,17776,买盘
1014,14:06:12,11.11,--,55,61105,买盘
1015,14:06:09,11.11,0.01,18,19998,买盘
1016,14:06:06,11.1,-0.01,57,63270,卖盘
1017,14:06:03,11.11,0.01,116,128876,买盘
1018,14:06:00,11.1,-0.01,28,31080,卖盘
1019,14:05:57,11.11,--,3,3333,买盘
1020,14:05:54,11.11,--,12,13332,买盘
1021,14:05:51,11.11,0.01,67,74437,买盘
1022,14:05:48,11.1,--,1,1110,卖盘
1023,14:05:45,11.1,--,5,5550,卖盘
1024,14:05:42,11.1,--,34,37740,卖盘
1025,14:05:39,11.1,--,1,1110,卖盘
1026,14:05:36,11.1,-0.01,6,6660,卖盘
1027,14:05:33,11.11,0.01,40,44440,买盘
1028,14:05:30,11.1,-0.01,30,33300,卖盘
1029,14:05:27,11.11,--,6,6666,买盘
1030,14:05:24,11.11,--,27,29997,买盘
1031,14:05:21,11.11,0.01,30,33330,买盘
1032,14:05:18,11.1,--,1,1110,卖盘
1033,14:05:15,11.1,-0.01,6,6660,卖盘
1034,14:05:12,11.11,0.01,43,47773,买盘
1035,14:05:09,11.1,-0.01,6,6660,卖盘
1036,14:05:06,11.11,0.01,42,46662,买盘
1037,14:05:03,11.1,--,18,19980,卖盘
1038,14:05:00,11.1,--,38,42180,卖盘
1039,14:04:57,11.1,-0.01,48,53280,卖盘
1040,14:04:54,11.11,--,24,26664,买盘
1041,14:04:51,11.11,0.01,32,35552,买盘
1042,14:04:48,11.1,-0.01,1,1110,卖盘
1043,14:04:45,11.11,--,9,9999,买盘
1044,14:04:42,11.11,--,37,41107,买盘
1045,14:04:39,11.11,0.01,8,8888,买盘
1046,14:04:36,11.1,-0.01,13,14430,卖盘
1047,14:04:33,11.11,0.01,92,102212,买盘
1048,14:04:30,11.1,-0.01,96,106560,卖盘
1049,14:04:27,11.11,--,9,9999,买盘
1050,14:04:24,11.11,--,48,53328,买盘
1051,14:04:21,11.11,0.01,36,39996,买盘
1052,14:04:18,11.1,--,1,1110,卖盘
1053,14:04:15,11.1,--,10,11100,卖盘
1054,14:04:12,11.1,-0.01,40,44400,卖盘
1055,14:04:09,11.11,--,9,9999,买盘
1056,14:04:06,11.11,--,48,53328,买盘
1057,14:04:03,11.11,0.01,6,6666,买盘
1058,14:04:00,11.1,--,27,29970,卖盘
1059,14:03:57,11.1,-0.01,2,2220,卖盘
1060,14:03:54,11.11,--,9,9999,买盘
1061,14:03:51,11.11,0.01,30,33330,买盘
1062,14:03:48,11.1,--,1,1110,卖盘
1063,14:03:45,11.1,-0.01,8,8880,卖盘
1064,14:03:42,11.11,0.01,34,37774,买盘
1065,14:03:39,11.1,--,21,23310,卖盘
1066,14:03:36,11.1,-0.01,6,6660,卖盘
1067,14:03:33,11.11,0.01,41,45551,买盘
1068,14:03:30,11.1,--,33,36630,卖盘
1069,14:03:27,11.1,--,1,1110,卖盘
1070,14:03:24,11.1,--,6,6660,卖盘
1071,14:03:21,11.1,-0.01,44,48840,卖盘
1072,14:03:18,11.11,0.01,22,24442,买盘
1073,14:03:15,11.1,--,15,16650,卖盘
1074,14:03:12,11.1,--,102,113220,买盘
1075,14:03:09,11.1,--,57,63270,买盘
1076,14:03:06,11.1,--,49,54390,买盘
1077,14:03:03,11.1,0.01,35,38850,买盘
1078,14:03:00,11.09,-0.01,39,43251,卖盘
1079,14:02:57,11.1,0.01,7,7770,买盘
1080,14:02:54,11.09,-0.01,6,6654,卖盘
1081,14:02:51,11.1,0.01,42,46620,买盘
1082,14:02:48,11.09,--,1,1109,卖盘
1083,14:02:45,11.09,-0.01,5,5545,卖盘
1084,14:02:42,11.1,0.01,33,36630,买盘
1085,14:02:39,11.09,-0.01,9,9981,卖盘
1086,14:02:36,11.1,--,9,9990,买盘
1087,14:02:33,11.1,0.01,45,49950,买盘
1088,14:02:30,11.09,--,53,58777,卖盘
1089,14:02:27,11.09,--,3,3327,卖盘
1090,14:02:24,11.09,-0.01,4,4436,卖盘
1091,14:02:21,11.1,--,31,34410,买盘
1092,14:02:18,11.1,0.01,6,6660,买盘
1093,14:02:15,11.09,-0.01,8,8872,卖盘
1094,14:02:12,11.1,--,47,52170,买盘
1095,14:02:09,11.1,--,103,114330,买盘
1096,14:02:06,11.1,--,13,14430,买盘
1097,14:02:03,11.1,0.01,9,9990,买盘
1098,14:02:00,11.09,-0.01,30,33270,卖盘
1099,14:01:57,11.1,--,21,23310,买盘
1100,14:01:54,11.1,--,7,7770,买盘
1101,14:01:51,11.1,0.01,37,41070,买盘
1102,14:01:48,11.09,--,5,5545,卖盘
1103,14:01:45,11.09,-0.01,29,32161,卖盘
1104,14:01:42,11.1,0.01,31,34410,买盘
1105,14:01:36,11.09,-0.01,1,1109,卖盘
1106,14:01:33,11.1,0.01,7,7770,买盘
1107,14:01:30,11.09,-0.01,28,31052,卖盘
1108,14:01:27,11.1,0.01,11,12210,买盘
1109,14:01:24,11.09,--,11,12199,卖盘
1110,14:01:21,11.09,-0.01,71,78739,卖盘
1111,14:01:18,11.1,--,32,35520,买盘
1112,14:01:15,11.1,--,31,34410,买盘
1113,14:01:12,11.1,--,6,6660,买盘
1114,14:01:09,11.1,--,35,38850,买盘
1115,14:01:06,11.1,--,32,35520,买盘
1116,14:01:03,11.1,0.01,7,7770,买盘
1117,14:01:00,11.09,-0.01,28,31052,卖盘
1118,14:00:57,11.1,--,4,4440,买盘
1119,14:00:54,11.1,--,20,22200,买盘
1120,14:00:51,11.1,--,31,34410,买盘
1121,14:00:48,11.1,0.01,1,1110,买盘
1122,14:00:45,11.09,-0.01,2,2218,卖盘
1123,14:00:42,11.1,--,5,5550,买盘
1124,14:00:39,11.1,0.01,32,35520,买盘
1125,14:00:36,11.09,-0.01,6,6654,卖盘
1126,14:00:33,11.1,0.01,12,13320,买盘
1127,14:00:30,11.09,-0.01,67,74303,卖盘
1128,14:00:27,11.1,0.01,29,32190,买盘
1129,14:00:24,11.09,-0.01,6,6654,卖盘
1130,14:00:21,11.1,0.01,32,35520,买盘
1131,14:00:18,11.09,-0.01,17,18853,卖盘
1132,14:00:15,11.1,--,35,38850,买盘
1133,14:00:12,11.1,--,10,11100,买盘
1134,14:00:09,11.1,0.01,63,69930,买盘
1135,14:00:06,11.09,-0.01,23,25507,卖盘
1136,14:00:03,11.1,0.01,7,7770,买盘
1137,14:00:00,11.09,-0.01,27,29943,卖盘
1138,13:59:57,11.1,0.01,2,2220,买盘
1139,13:59:54,11.09,-0.01,6,6654,卖盘
1140,13:59:51,11.1,0.01,38,42180,买盘
1141,13:59:48,11.09,-0.01,17,18853,卖盘
1142,13:59:45,11.1,--,111,123210,买盘
1143,13:59:42,11.1,0.01,10,11100,买盘
1144,13:59:39,11.09,-0.01,56,62104,卖盘
1145,13:59:36,11.1,--,37,41070,买盘
1146,13:59:33,11.1,0.02,41,45510,买盘
1147,13:59:30,11.08,--,49,54292,卖盘
1148,13:59:27,11.08,--,13,14404,卖盘
1149,13:59:24,11.08,-0.01,4,4432,卖盘
1150,13:59:21,11.09,0.01,17,18853,中性盘
1151,13:59:18,11.08,-0.01,36,39888,卖盘
1152,13:59:15,11.09,0.01,5,5545,中性盘
1153,13:59:12,11.08,-0.02,25,27700,卖盘
1154,13:59:09,11.1,--,35,38850,买盘
1155,13:59:06,11.1,0.01,17,18870,买盘
1156,13:59:03,11.09,--,7,7763,买盘
1157,13:59:00,11.09,--,35,38815,买盘
1158,13:58:57,11.09,--,7,7763,买盘
1159,13:58:54,11.09,--,11,12199,买盘
1160,13:58:51,11.09,--,32,35488,买盘
1161,13:58:48,11.09,--,12,13308,买盘
1162,13:58:45,11.09,--,23,25507,卖盘
1163,13:58:42,11.09,-0.01,6,6654,卖盘
1164,13:58:39,11.1,0.01,33,36630,买盘
1165,13:58:36,11.09,-0.01,14,15526,卖盘
1166,13:58:33,11.1,0.01,26,28860,买盘
1167,13:58:30,11.09,--,38,42142,卖盘
1168,13:58:27,11.09,-0.01,70,77630,卖盘
1169,13:58:24,11.1,--,8,8880,买盘
1170,13:58:21,11.1,0.01,43,47730,买盘
1171,13:58:18,11.09,--,1,1109,卖盘
1172,13:58:15,11.09,-0.01,3,3327,卖盘
1173,13:58:12,11.1,0.01,22,24420,买盘
1174,13:58:09,11.09,-0.01,138,153042,卖盘
1175,13:58:06,11.1,0.01,21,23310,买盘
1176,13:58:03,11.09,--,57,63213,卖盘
1177,13:58:00,11.09,-0.01,28,31052,卖盘
1178,13:57:57,11.1,--,4,4440,买盘
1179,13:57:54,11.1,--,18,19980,买盘
1180,13:57:51,11.1,0.01,43,47730,买盘
1181,13:57:48,11.09,-0.01,51,56559,卖盘
1182,13:57:45,11.1,0.01,9,9990,买盘
1183,13:57:42,11.09,--,12,13308,卖盘
1184,13:57:39,11.09,--,81,89829,卖盘
1185,13:57:36,11.09,-0.01,1,1109,卖盘
1186,13:57:33,11.1,0.01,10,11100,买盘
1187,13:57:30,11.09,-0.01,28,31052,卖盘
1188,13:57:27,11.1,0.01,2,2220,买盘
1189,13:57:24,11.09,--,6,6654,卖盘
1190,13:57:21,11.09,-0.01,36,39924,卖盘
1191,13:57:18,11.1,0.01,12,13320,买盘
1192,13:57:15,11.09,-0.01,64,70976,卖盘
1193,13:57:12,11.1,-0.01,9,9990,买盘
1194,13:57:09,11.11,0.01,59,65549,买盘
1195,13:57:06,11.1,--,37,41070,买盘
1196,13:57:03,11.1,--,204,226440,买盘
1197,13:57:00,11.1,--,29,32190,买盘
1198,13:56:57,11.1,0.01,3,3330,买盘
1199,13:56:54,11.09,-0.01,7,7763,卖盘
1200,13:56:51,11.1,--,38,42180,买盘
1201,13:56:48,11.1,0.01,10,11100,买盘
1202,13:56:42,11.09,--,5,5545,卖盘
1203,13:56:39,11.09,--,31,34379,卖盘
1204,13:56:36,11.09,--,2,2218,卖盘
1205,13:56:33,11.09,--,5,5545,卖盘
1206,13:56:30,11.09,-0.01,27,29943,卖盘
1207,13:56:27,11.1,0.01,2,2220,买盘
1208,13:56:24,11.09,--,5,5545,卖盘
1209,13:56:21,11.09,-0.01,28,31052,卖盘
1210,13:56:18,11.1,0.01,6,6660,买盘
1211,13:56:15,11.09,--,6,6654,卖盘
1212,13:56:12,11.09,--,5,5545,卖盘
1213,13:56:09,11.09,-0.01,32,35488,卖盘
1214,13:56:06,11.1,--,13,14430,买盘
1215,13:56:03,11.1,0.01,7,7770,买盘
1216,13:56:00,11.09,-0.01,28,31052,卖盘
1217,13:55:57,11.1,--,10,11100,买盘
1218,13:55:54,11.1,-0.02,47,52170,卖盘
1219,13:55:51,11.12,--,34,37808,买盘
1220,13:55:48,11.12,--,4,4448,买盘
1221,13:55:45,11.12,0.02,10,11120,买盘
1222,13:55:42,11.1,--,60,66600,卖盘
1223,13:55:39,11.1,--,399,442890,卖盘
1224,13:55:33,11.1,--,5,5550,卖盘
1225,13:55:30,11.1,-0.01,32,35520,卖盘
1226,13:55:27,11.11,0.01,2,2222,买盘
1227,13:55:24,11.1,--,4,4440,卖盘
1228,13:55:21,11.1,-0.01,28,31080,卖盘
1229,13:55:18,11.11,0.01,4,4444,买盘
1230,13:55:15,11.1,-0.02,22,24420,卖盘
1231,13:55:12,11.12,0.02,25,27799,买盘
1232,13:55:09,11.1,--,29,32190,卖盘
1233,13:55:06,11.1,-0.01,12,13320,卖盘
1234,13:55:03,11.11,0.01,5,5555,买盘
1235,13:55:00,11.1,-0.01,27,29970,卖盘
1236,13:54:57,11.11,--,2,2222,买盘
1237,13:54:54,11.11,--,8,8888,买盘
1238,13:54:51,11.11,-0.01,41,45551,卖盘
1239,13:54:48,11.12,0.01,3,3335,买盘
1240,13:54:45,11.11,--,5,5555,卖盘
1241,13:54:42,11.11,0.01,33,36663,买盘
1242,13:54:39,11.1,-0.01,13,14430,卖盘
1243,13:54:36,11.11,--,14,15554,卖盘
1244,13:54:33,11.11,0.01,87,96657,买盘
1245,13:54:30,11.1,--,27,29970,卖盘
1246,13:54:27,11.1,--,3,3330,卖盘
1247,13:54:24,11.1,-0.01,4,4440,卖盘
1248,13:54:21,11.11,--,29,32219,买盘
1249,13:54:18,11.11,0.01,3,3333,中性盘
1250,13:54:15,11.1,-0.02,12,13320,卖盘
1251,13:54:12,11.12,0.02,77,85624,买盘
1252,13:54:09,11.1,--,34,37740,卖盘
1253,13:54:06,11.1,-0.02,29,32190,卖盘
1254,13:54:03,11.12,0.01,96,106751,买盘
1255,13:54:00,11.11,-0.01,31,34441,卖盘
1256,13:53:57,11.12,0.02,16,17792,买盘
1257,13:53:54,11.1,-0.03,92,102120,卖盘
1258,13:53:51,11.13,0.02,113,125769,买盘
1259,13:53:48,11.11,-0.01,86,95546,卖盘
1260,13:53:45,11.12,0.02,8,8896,买盘
1261,13:53:42,11.1,-0.02,20,22200,卖盘
1262,13:53:39,11.12,0.02,136,151232,买盘
1263,13:53:36,11.1,--,154,170940,卖盘
1264,13:53:33,11.1,-0.01,28,31080,卖盘
1265,13:53:30,11.11,0.01,177,196647,买盘
1266,13:53:27,11.1,-0.02,21,23310,卖盘
1267,13:53:24,11.12,--,71,78952,买盘
1268,13:53:21,11.12,0.02,66,73392,买盘
1269,13:53:18,11.1,--,438,486180,卖盘
1270,13:53:15,11.1,-0.02,37,41070,卖盘
1271,13:53:12,11.12,0.01,35,38920,买盘
1272,13:53:09,11.11,-0.01,32,35552,卖盘
1273,13:53:06,11.12,--,13,14455,买盘
1274,13:53:03,11.12,--,11,12232,买盘
1275,13:53:00,11.12,--,41,45592,买盘
1276,13:52:57,11.12,--,8,8896,买盘
1277,13:52:54,11.12,--,44,48928,买盘
1278,13:52:51,11.12,0.01,12,13343,买盘
1279,13:52:48,11.11,--,31,34441,卖盘
1280,13:52:45,11.11,--,12,13332,卖盘
1281,13:52:42,11.11,0.01,84,93324,中性盘
1282,13:52:39,11.1,--,31,34410,卖盘
1283,13:52:36,11.1,-0.02,5,5550,卖盘
1284,13:52:33,11.12,0.02,37,41144,买盘
1285,13:52:30,11.1,-0.02,20,22200,卖盘
1286,13:52:27,11.12,--,9,10008,买盘
1287,13:52:24,11.12,--,54,60047,买盘
1288,13:52:21,11.12,0.01,37,41144,买盘
1289,13:52:18,11.11,-0.01,43,47773,卖盘
1290,13:52:15,11.12,0.02,81,90072,买盘
1291,13:52:12,11.1,--,25,27750,卖盘
1292,13:52:09,11.1,-0.02,80,88800,卖盘
1293,13:52:06,11.12,0.01,19,21128,买盘
1294,13:52:03,11.11,0.01,41,45551,中性盘
1295,13:52:00,11.1,-0.02,38,42180,卖盘
1296,13:51:57,11.12,0.02,45,50040,买盘
1297,13:51:54,11.1,-0.01,55,61050,卖盘
1298,13:51:51,11.11,0.01,16,17776,买盘
1299,13:51:48,11.1,-0.01,63,69930,卖盘
1300,13:51:45,11.11,--,23,25553,买盘
1301,13:51:42,11.11,0.01,17,18887,买盘
1302,13:51:39,11.1,--,42,46620,卖盘
1303,13:51:36,11.1,--,26,28860,卖盘
1304,13:51:33,11.1,--,24,26640,卖盘
1305,13:51:30,11.1,--,30,33300,卖盘
1306,13:51:27,11.1,--,13,14430,卖盘
1307,13:51:24,11.1,--,12,13320,卖盘
1308,13:51:21,11.1,--,6,6660,卖盘
1309,13:51:18,11.1,--,42,46620,卖盘
1310,13:51:15,11.1,--,14,15540,卖盘
1311,13:51:12,11.1,--,55,61050,卖盘
1312,13:51:09,11.1,--,33,36630,卖盘
1313,13:51:06,11.1,-0.01,21,23310,卖盘
1314,13:51:03,11.11,0.01,28,31108,买盘
1315,13:51:00,11.1,-0.01,29,32190,卖盘
1316,13:50:57,11.11,--,4,4444,买盘
1317,13:50:54,11.11,--,11,12221,买盘
1318,13:50:51,11.11,--,36,39996,买盘
1319,13:50:48,11.11,--,4,4444,买盘
1320,13:50:45,11.11,--,25,27775,买盘
1321,13:50:42,11.11,0.01,88,97768,买盘
1322,13:50:39,11.1,-0.01,27,29970,卖盘
1323,13:50:36,11.11,--,5,5555,买盘
1324,13:50:33,11.11,0.01,9,9999,买盘
1325,13:50:30,11.1,-0.01,45,49950,卖盘
1326,13:50:27,11.11,--,154,171094,卖盘
1327,13:50:24,11.11,-0.01,26,28886,卖盘
1328,13:50:21,11.12,0.01,176,195712,买盘
1329,13:50:18,11.11,--,4,4444,卖盘
1330,13:50:15,11.11,-0.01,28,31108,卖盘
1331,13:50:12,11.12,0.01,8,8896,买盘
1332,13:50:09,11.11,-0.01,39,43329,卖盘
1333,13:50:06,11.12,0.01,59,65608,买盘
1334,13:50:03,11.11,--,30,33330,卖盘
1335,13:50:00,11.11,-0.01,58,64438,卖盘
1336,13:49:57,11.12,--,3,3335,买盘
1337,13:49:54,11.12,--,8,8896,买盘
1338,13:49:51,11.12,0.02,35,38920,买盘
1339,13:49:48,11.1,-0.01,9,9990,卖盘
1340,13:49:45,11.11,-0.01,28,31108,卖盘
1341,13:49:42,11.12,0.01,14,15567,买盘
1342,13:49:39,11.11,-0.01,57,63327,卖盘
1343,13:49:36,11.12,0.01,54,60047,买盘
1344,13:49:33,11.11,0.01,9,9999,买盘
1345,13:49:30,11.1,--,51,56610,卖盘
1346,13:49:27,11.1,--,6,6660,卖盘
1347,13:49:24,11.1,-0.01,31,34410,卖盘
1348,13:49:21,11.11,0.01,20,22220,买盘
1349,13:49:18,11.1,-0.01,37,41070,卖盘
1350,13:49:15,11.11,--,7,7777,买盘
1351,13:49:12,11.11,--,7,7777,买盘
1352,13:49:09,11.11,--,37,41107,卖盘
1353,13:49:06,11.11,--,20,22220,卖盘
1354,13:49:03,11.11,0.01,11,12221,卖盘
1355,13:49:00,11.1,-0.02,32,35520,卖盘
1356,13:48:57,11.12,0.01,27,30023,买盘
1357,13:48:54,11.11,--,8,8888,买盘
1358,13:48:51,11.11,-0.01,15,16665,卖盘
1359,13:48:48,11.12,0.01,1,1112,买盘
1360,13:48:45,11.11,--,3,3333,卖盘
1361,13:48:42,11.11,--,13,14443,卖盘
1362,13:48:39,11.11,-0.01,51,56661,卖盘
1363,13:48:36,11.12,0.01,12,13343,买盘
1364,13:48:33,11.11,-0.01,56,62216,卖盘
1365,13:48:30,11.12,--,77,85624,卖盘
1366,13:48:27,11.12,--,8,8896,卖盘
1367,13:48:24,11.12,--,7,7783,卖盘
1368,13:48:21,11.12,0.01,40,44480,卖盘
1369,13:48:18,11.11,--,85,94435,卖盘
1370,13:48:15,11.11,-0.01,535,594385,卖盘
1371,13:48:12,11.12,0.01,1736,1930431,买盘
1372,13:48:09,11.11,--,94,104434,卖盘
1373,13:48:06,11.11,-0.01,28,31108,卖盘
1374,13:48:03,11.12,0.01,26,28911,买盘
1375,13:48:00,11.11,-0.01,66,73326,卖盘
1376,13:47:57,11.12,--,7,7783,买盘
1377,13:47:54,11.12,--,5,5560,买盘
1378,13:47:51,11.12,0.01,18,20016,买盘
1379,13:47:48,11.11,--,32,35552,卖盘
1380,13:47:45,11.11,--,8,8888,卖盘
1381,13:47:42,11.11,-0.01,17,18887,卖盘
1382,13:47:39,11.12,--,32,35584,买盘
1383,13:47:36,11.12,--,22,24464,买盘
1384,13:47:33,11.12,0.01,43,47816,买盘
1385,13:47:30,11.11,-0.01,29,32219,卖盘
1386,13:47:27,11.12,0.01,2,2224,中性盘
1387,13:47:24,11.11,-0.02,1,1111,卖盘
1388,13:47:21,11.13,0.01,6,6678,买盘
1389,13:47:18,11.12,--,38,42256,卖盘
1390,13:47:15,11.12,--,4,4448,卖盘
1391,13:47:12,11.12,--,27,30023,卖盘
1392,13:47:09,11.12,--,60,66720,卖盘
1393,13:47:06,11.12,--,119,132328,卖盘
1394,13:47:03,11.12,--,44,48928,卖盘
1395,13:47:00,11.12,-0.01,95,105639,卖盘
1396,13:46:57,11.13,0.01,156,173628,买盘
1397,13:46:54,11.12,--,24,26687,卖盘
1398,13:46:51,11.12,--,161,179032,卖盘
1399,13:46:48,11.12,--,7,7783,卖盘
1400,13:46:45,11.12,--,44,48928,卖盘
1401,13:46:42,11.12,--,13,14455,卖盘
1402,13:46:39,11.12,-0.01,91,101192,卖盘
1403,13:46:36,11.13,--,606,674478,卖盘
1404,13:46:27,11.13,-0.01,1,1113,卖盘
1405,13:46:24,11.14,--,5,5570,买盘
1406,13:46:21,11.14,0.01,4,4456,买盘
1407,13:46:18,11.13,--,2,2226,卖盘
1408,13:46:15,11.13,--,6,6678,卖盘
1409,13:46:12,11.13,--,12,13356,卖盘
1410,13:46:09,11.13,-0.01,6,6678,卖盘
1411,13:46:06,11.14,--,10,11140,买盘
1412,13:46:03,11.14,--,60,66840,买盘
1413,13:46:00,11.14,0.02,4,4456,买盘
1414,13:45:57,11.12,-0.03,5,5560,卖盘
1415,13:45:54,11.15,--,32,35680,买盘
1416,13:45:51,11.15,0.02,78,86970,买盘
1417,13:45:48,11.13,-0.02,1,1113,中性盘
1418,13:45:45,11.15,--,10,11150,买盘
1419,13:45:42,11.15,0.01,33,36795,买盘
1420,13:45:39,11.14,--,35,38990,买盘
1421,13:45:36,11.14,--,126,140364,买盘
1422,13:45:33,11.14,0.02,160,178240,买盘
1423,13:45:30,11.12,-0.02,1042,1158704,卖盘
1424,13:45:27,11.14,--,47,52358,买盘
1425,13:45:24,11.14,--,64,71296,买盘
1426,13:45:21,11.14,--,6,6684,买盘
1427,13:45:18,11.14,0.01,26,28964,买盘
1428,13:45:15,11.13,-0.01,3,3339,卖盘
1429,13:45:12,11.14,0.01,21,23394,买盘
1430,13:45:09,11.13,-0.01,2,2226,卖盘
1431,13:45:06,11.14,--,10,11140,买盘
1432,13:45:03,11.14,--,5,5570,买盘
1433,13:45:00,11.14,--,13,14482,买盘
1434,13:44:57,11.14,--,11,12254,买盘
1435,13:44:54,11.14,--,48,53472,买盘
1436,13:44:51,11.14,--,32,35648,买盘
1437,13:44:48,11.14,--,26,28964,买盘
1438,13:44:45,11.14,--,27,30078,买盘
1439,13:44:42,11.14,0.01,1,1114,买盘
1440,13:44:36,11.13,-0.01,2,2226,卖盘
1441,13:44:33,11.14,--,10,11140,卖盘
1442,13:44:30,11.14,-0.01,42,46788,卖盘
1443,13:44:27,11.15,0.01,6,6690,买盘
1444,13:44:24,11.14,--,3,3342,卖盘
1445,13:44:21,11.14,--,7,7798,卖盘
1446,13:44:18,11.14,--,48,53472,卖盘
1447,13:44:15,11.14,-0.01,1,1114,卖盘
1448,13:44:12,11.15,0.01,2,2230,买盘
1449,13:44:09,11.14,--,2,2228,卖盘
1450,13:44:06,11.14,-0.01,19,21166,卖盘
1451,13:44:03,11.15,0.01,56,62440,买盘
1452,13:44:00,11.14,-0.01,34,37876,卖盘
1453,13:43:57,11.15,--,6,6690,买盘
1454,13:43:54,11.15,0.01,16,17840,买盘
1455,13:43:51,11.14,0.01,87,96918,买盘
1456,13:43:48,11.13,--,115,127995,卖盘
1457,13:43:45,11.13,--,100,111300,卖盘
1458,13:43:42,11.13,-0.01,6,6678,卖盘
1459,13:43:39,11.14,--,24,26736,卖盘
1460,13:43:36,11.14,--,97,108058,卖盘
1461,13:43:33,11.14,--,66,73524,卖盘
1462,13:43:30,11.14,--,74,82436,卖盘
1463,13:43:27,11.14,-0.01,2,2228,卖盘
1464,13:43:24,11.15,--,2,2230,买盘
1465,13:43:21,11.15,0.02,6,6690,买盘
1466,13:43:18,11.13,--,34,37842,卖盘
1467,13:43:15,11.13,--,43,47859,卖盘
1468,13:43:09,11.13,--,4,4452,卖盘
1469,13:43:06,11.13,--,26,28938,卖盘
1470,13:43:03,11.13,--,29,32277,卖盘
1471,13:43:00,11.13,--,19,21147,卖盘
1472,13:42:57,11.13,-0.02,127,141351,卖盘
1473,13:42:54,11.15,--,48,53520,买盘
1474,13:42:51,11.15,0.02,7,7805,买盘
1475,13:42:48,11.13,--,10,11130,卖盘
1476,13:42:45,11.13,--,63,70119,卖盘
1477,13:42:42,11.13,--,132,146916,卖盘
1478,13:42:39,11.13,--,85,94605,卖盘
1479,13:42:36,11.13,-0.02,21,23373,卖盘
1480,13:42:33,11.15,--,106,118190,买盘
1481,13:42:30,11.15,--,4,4460,买盘
1482,13:42:27,11.15,0.02,12,13380,买盘
1483,13:42:24,11.13,--,33,36729,卖盘
1484,13:42:21,11.13,--,107,119091,卖盘
1485,13:42:18,11.13,-0.03,44,48972,卖盘
1486,13:42:15,11.16,0.01,56,62496,买盘
1487,13:42:12,11.15,--,21,23415,卖盘
1488,13:42:09,11.15,--,12,13380,卖盘
1489,13:42:06,11.15,-0.01,20,22300,卖盘
1490,13:42:03,11.16,--,22,24552,买盘
1491,13:42:00,11.16,0.02,5,5580,买盘
1492,13:41:57,11.14,-0.02,17,18938,卖盘
1493,13:41:54,11.16,0.01,11,12276,买盘
1494,13:41:51,11.15,0.02,50,55750,卖盘
1495,13:41:48,11.13,--,76,84588,卖盘
1496,13:41:45,11.13,-0.02,180,200340,卖盘
1497,13:41:42,11.15,0.02,505,563075,买盘
1498,13:41:39,11.13,--,17,18921,卖盘
1499,13:41:36,11.13,--,95,105735,卖盘
1500,13:41:33,11.13,-0.02,81,90153,卖盘
1501,13:41:30,11.15,--,18,20070,买盘
1502,13:41:27,11.15,--,52,57980,买盘
1503,13:41:24,11.15,0.02,19,21185,买盘
1504,13:41:21,11.13,-0.02,53,58989,卖盘
1505,13:41:18,11.15,--,23,25645,买盘
1506,13:41:15,11.15,-0.01,36,40140,中性盘
1507,13:41:12,11.16,0.02,41,45756,买盘
1508,13:41:09,11.14,0.01,4,4456,中性盘
1509,13:41:06,11.13,--,27,30051,买盘
1510,13:41:03,11.13,--,78,86814,卖盘
1511,13:41:00,11.13,--,19,21147,卖盘
1512,13:40:57,11.13,-0.03,32,35616,卖盘
1513,13:40:54,11.16,--,12,13392,买盘
1514,13:40:51,11.16,--,38,42408,买盘
1515,13:40:48,11.16,0.03,10,11160,买盘
1516,13:40:45,11.13,-0.04,43,47859,卖盘
1517,13:40:42,11.17,--,3,3351,买盘
1518,13:40:39,11.17,0.04,6,6702,买盘
1519,13:40:36,11.13,-0.04,20,22260,卖盘
1520,13:40:33,11.17,0.04,16,17872,买盘
1521,13:40:30,11.13,-0.04,46,51198,卖盘
1522,13:40:27,11.17,--,64,71488,买盘
1523,13:40:24,11.17,0.04,92,102764,买盘
1524,13:40:21,11.13,--,104,115752,卖盘
1525,13:40:18,11.13,-0.03,26,28938,卖盘
1526,13:40:15,11.16,--,176,196416,买盘
1527,13:40:12,11.16,--,75,83700,买盘
1528,13:40:09,11.16,--,40,44640,买盘
1529,13:40:06,11.16,--,34,37944,买盘
1530,13:40:03,11.16,0.02,104,116064,买盘
1531,13:40:00,11.14,-0.02,4,4456,卖盘
1532,13:39:57,11.16,0.02,3,3348,买盘
1533,13:39:54,11.14,--,15,16710,中性盘
1534,13:39:51,11.14,0.01,2,2228,买盘
1535,13:39:48,11.13,--,9,10017,卖盘
1536,13:39:45,11.13,-0.01,62,69006,卖盘
1537,13:39:42,11.14,0.01,8,8912,买盘
1538,13:39:39,11.13,-0.03,23,25599,卖盘
1539,13:39:36,11.16,0.02,103,114948,买盘
1540,13:39:33,11.14,--,1,1114,卖盘
1541,13:39:30,11.14,--,7,7798,卖盘
1542,13:39:27,11.14,--,2,2228,卖盘
1543,13:39:24,11.14,--,12,13368,卖盘
1544,13:39:21,11.14,--,3,3342,卖盘
1545,13:39:18,11.14,-0.02,21,23394,卖盘
1546,13:39:15,11.16,0.02,22,24552,买盘
1547,13:39:09,11.14,--,1,1114,卖盘
1548,13:39:06,11.14,--,5,5570,卖盘
1549,13:39:03,11.14,0.01,35,38990,买盘
1550,13:39:00,11.13,--,1,1113,卖盘
1551,13:38:57,11.13,-0.01,6,6678,卖盘
1552,13:38:54,11.14,0.01,7,7798,买盘
1553,13:38:51,11.13,--,41,45633,卖盘
1554,13:38:48,11.13,--,95,105735,卖盘
1555,13:38:45,11.13,-0.01,109,121317,卖盘
1556,13:38:42,11.14,--,55,61270,买盘
1557,13:38:39,11.14,--,350,389900,卖盘
1558,13:38:36,11.14,--,172,191608,卖盘
1559,13:38:33,11.14,-0.01,135,150390,卖盘
1560,13:38:30,11.15,0.01,106,118190,买盘
1561,13:38:27,11.14,--,18,20052,卖盘
1562,13:38:24,11.14,-0.01,116,129224,卖盘
1563,13:38:21,11.15,0.01,22,24530,买盘
1564,13:38:18,11.14,-0.01,115,128110,卖盘
1565,13:38:15,11.15,--,98,109270,买盘
1566,13:38:12,11.15,0.01,24,26760,买盘
1567,13:38:09,11.14,--,25,27850,卖盘
1568,13:38:06,11.14,--,166,184924,买盘
1569,13:38:03,11.14,--,12,13368,买盘
1570,13:38:00,11.14,0.01,24,26736,买盘
1571,13:37:57,11.13,--,2,2226,卖盘
1572,13:37:54,11.13,-0.01,15,16695,卖盘
1573,13:37:51,11.14,--,3,3342,买盘
1574,13:37:48,11.14,--,10,11140,买盘
1575,13:37:45,11.14,--,5,5570,买盘
1576,13:37:42,11.14,0.01,18,20052,买盘
1577,13:37:39,11.13,--,1,1113,卖盘
1578,13:37:36,11.13,--,4,4452,买盘
1579,13:37:33,11.13,0.01,15,16695,买盘
1580,13:37:30,11.12,-0.02,2,2224,卖盘
1581,13:37:27,11.14,--,17,18938,买盘
1582,13:37:24,11.14,--,14,15596,买盘
1583,13:37:21,11.14,--,9,10026,买盘
1584,13:37:18,11.14,--,10,11140,买盘
1585,13:37:15,11.14,--,41,45674,买盘
1586,13:37:12,11.14,0.02,42,46788,买盘
1587,13:37:09,11.12,--,5,5560,卖盘
1588,13:37:06,11.12,--,11,12232,卖盘
1589,13:37:03,11.12,--,5,5560,卖盘
1590,13:37:00,11.12,--,2,2224,卖盘
1591,13:36:57,11.12,-0.02,5,5560,卖盘
1592,13:36:54,11.14,0.01,17,18938,买盘
1593,13:36:51,11.13,--,10,11130,卖盘
1594,13:36:48,11.13,--,7,7791,卖盘
1595,13:36:45,11.13,-0.01,1,1113,中性盘
1596,13:36:42,11.14,0.02,4,4456,买盘
1597,13:36:39,11.12,--,7,7783,卖盘
1598,13:36:27,11.12,--,5,5560,卖盘
1599,13:36:24,11.12,-0.02,13,14455,卖盘
1600,13:36:21,11.14,0.02,18,20052,买盘
1601,13:36:15,11.12,--,3,3335,卖盘
1602,13:36:12,11.12,--,17,18904,卖盘
1603,13:36:09,11.12,--,4,4448,卖盘
1604,13:36:06,11.12,-0.01,10,11320,卖盘
1605,13:36:03,11.13,--,5,5565,买盘
1606,13:36:00,11.13,--,28,32076,卖盘
1607,13:35:57,11.13,--,2,2226,卖盘
1608,13:35:54,11.13,--,13,14669,买盘
1609,13:35:51,11.13,0.02,125,139125,买盘
1610,13:35:48,11.11,-0.01,750,833250,卖盘
1611,13:35:45,11.12,-0.01,4,4448,卖盘
1612,13:35:42,11.13,0.01,17,18921,买盘
1613,13:35:39,11.12,--,15,16680,卖盘
1614,13:35:36,11.12,--,13,14455,卖盘
1615,13:35:33,11.12,--,68,75616,卖盘
1616,13:35:30,11.12,--,8,8896,卖盘
1617,13:35:27,11.12,-0.01,20,22240,卖盘
1618,13:35:21,11.13,0.01,2,2226,买盘
1619,13:35:18,11.12,-0.01,2,2224,卖盘
1620,13:35:15,11.13,--,2,2226,买盘
1621,13:35:12,11.13,0.01,7,7791,买盘
1622,13:35:09,11.12,-0.01,26,28911,卖盘
1623,13:35:06,11.13,--,12,13356,买盘
1624,13:35:03,11.13,0.01,3,3339,买盘
1625,13:35:00,11.12,-0.01,1,1112,卖盘
1626,13:34:57,11.13,0.01,4,4452,买盘
1627,13:34:54,11.12,-0.01,13,14455,卖盘
1628,13:34:51,11.13,--,3,3339,买盘
1629,13:34:48,11.13,0.01,13,14469,买盘
1630,13:34:45,11.12,-0.01,57,63383,卖盘
1631,13:34:42,11.13,0.01,37,41181,买盘
1632,13:34:39,11.12,0.01,180,200160,买盘
1633,13:34:36,11.11,-0.02,117,129987,卖盘
1634,13:34:33,11.13,0.01,146,162498,买盘
1635,13:34:30,11.12,-0.01,524,583599,卖盘
1636,13:34:27,11.13,0.01,45,50085,买盘
1637,13:34:24,11.12,-0.01,47,52263,卖盘
1638,13:34:21,11.13,0.01,234,260442,买盘
1639,13:34:18,11.12,--,571,634952,卖盘
1640,13:34:15,11.12,-0.01,106,118872,卖盘
1641,13:34:12,11.13,0.01,6,6678,买盘
1642,13:34:09,11.12,-0.01,25,27799,卖盘
1643,13:34:06,11.13,0.01,27,30051,买盘
1644,13:34:00,11.12,-0.01,2,2224,卖盘
1645,13:33:57,11.13,--,6,6678,买盘
1646,13:33:54,11.13,--,14,15582,买盘
1647,13:33:51,11.13,0.01,53,58989,买盘
1648,13:33:48,11.12,--,102,113423,卖盘
1649,13:33:45,11.12,--,10,11120,卖盘
1650,13:33:42,11.12,-0.01,11,12232,卖盘
1651,13:33:39,11.13,--,16,17808,买盘
1652,13:33:36,11.13,--,5,5565,买盘
1653,13:33:33,11.13,0.01,3,3339,买盘
1654,13:33:30,11.12,-0.01,7,7783,卖盘
1655,13:33:27,11.13,--,16,17808,买盘
1656,13:33:24,11.13,--,77,85701,卖盘
1657,13:33:21,11.13,--,4,4452,卖盘
1658,13:33:18,11.13,--,21,23373,卖盘
1659,13:33:15,11.13,--,104,115752,卖盘
1660,13:33:12,11.13,0.01,14,15582,买盘
1661,13:33:09,11.12,-0.01,7,7783,卖盘
1662,13:33:06,11.13,--,32,35616,买盘
1663,13:33:03,11.13,--,106,117978,卖盘
1664,13:33:00,11.13,-0.01,9,10017,卖盘
1665,13:32:57,11.14,0.01,4,4456,买盘
1666,13:32:54,11.13,--,11,12243,卖盘
1667,13:32:51,11.13,--,7,7791,卖盘
1668,13:32:48,11.13,--,2,2226,卖盘
1669,13:32:45,11.13,--,12,13356,卖盘
1670,13:32:42,11.13,--,11,12243,卖盘
1671,13:32:39,11.13,--,17,18921,卖盘
1672,13:32:36,11.13,--,80,89040,卖盘
1673,13:32:33,11.13,--,2,2226,卖盘
1674,13:32:30,11.13,--,1,1113,卖盘
1675,13:32:27,11.13,-0.01,6,6678,卖盘
1676,13:32:24,11.14,0.01,1,1114,买盘
1677,13:32:12,11.13,--,1,1113,卖盘
1678,13:32:09,11.13,--,4,4452,卖盘
1679,13:32:06,11.13,-0.01,24,26712,卖盘
1680,13:32:03,11.14,0.01,13,14482,买盘
1681,13:32:00,11.13,--,5,5565,卖盘
1682,13:31:57,11.13,--,9,10017,卖盘
1683,13:31:54,11.13,--,42,46746,卖盘
1684,13:31:51,11.13,--,4,4452,卖盘
1685,13:31:48,11.13,--,20,22260,买盘
1686,13:31:45,11.13,-0.01,22,24486,卖盘
1687,13:31:42,11.14,0.01,15,16710,买盘
1688,13:31:39,11.13,-0.01,13,14469,卖盘
1689,13:31:36,11.14,--,7,7798,买盘
1690,13:31:33,11.14,0.01,9,10026,买盘
1691,13:31:30,11.13,--,23,25599,买盘
1692,13:31:27,11.13,0.01,97,107961,买盘
1693,13:31:24,11.12,-0.01,41,45592,卖盘
1694,13:31:21,11.13,--,177,197001,卖盘
1695,13:31:18,11.13,--,158,175854,卖盘
1696,13:31:15,11.13,--,37,41181,卖盘
1697,13:31:12,11.13,--,2,2226,卖盘
1698,13:31:09,11.13,--,1,1113,卖盘
1699,13:31:06,11.13,-0.01,5,5565,卖盘
1700,13:31:03,11.14,0.01,22,24508,买盘
1701,13:31:00,11.13,--,1,1113,卖盘
1702,13:30:57,11.13,-0.01,2,2226,卖盘
1703,13:30:54,11.14,--,4,4456,买盘
1704,13:30:51,11.14,0.01,4,4456,买盘
1705,13:30:48,11.13,--,15,16695,卖盘
1706,13:30:45,11.13,-0.01,24,26712,卖盘
1707,13:30:42,11.14,0.01,3,3342,买盘
1708,13:30:39,11.13,--,2,2226,卖盘
1709,13:30:36,11.13,--,10,11130,卖盘
1710,13:30:33,11.13,--,52,57876,卖盘
1711,13:30:30,11.13,-0.01,17,18921,卖盘
1712,13:30:21,11.14,0.01,4,4456,买盘
1713,13:30:18,11.13,--,15,16695,卖盘
1714,13:30:15,11.13,--,39,43407,卖盘
1715,13:30:12,11.13,0.01,171,190323,买盘
1716,13:30:09,11.12,--,14,15567,卖盘
1717,13:30:06,11.12,-0.01,31,34472,卖盘
1718,13:30:03,11.13,--,148,164724,卖盘
1719,13:30:00,11.13,-0.01,62,69006,卖盘
1720,13:29:57,11.14,0.01,5,5570,买盘
1721,13:29:54,11.13,-0.01,11,12243,卖盘
1722,13:29:51,11.14,0.01,3,3342,买盘
1723,13:29:48,11.13,-0.01,9,10017,卖盘
1724,13:29:45,11.14,--,27,30078,买盘
1725,13:29:42,11.14,0.01,10,11140,买盘
1726,13:29:39,11.13,--,9,10017,卖盘
1727,13:29:36,11.13,--,13,14469,卖盘
1728,13:29:33,11.13,--,54,60102,卖盘
1729,13:29:27,11.13,--,1,1113,卖盘
1730,13:29:21,11.13,-0.01,2,2226,卖盘
1731,13:29:18,11.14,0.01,9,10026,买盘
1732,13:29:15,11.13,-0.01,14,15582,卖盘
1733,13:29:12,11.14,0.01,70,77980,买盘
1734,13:29:09,11.13,--,34,37842,卖盘
1735,13:29:06,11.13,-0.01,145,161385,卖盘
1736,13:29:03,11.14,--,13,14482,买盘
1737,13:29:00,11.14,--,12,13368,买盘
1738,13:28:57,11.14,0.01,14,15596,买盘
1739,13:28:54,11.13,--,46,51198,卖盘
1740,13:28:51,11.13,-0.02,10,11130,卖盘
1741,13:28:48,11.15,0.02,1,1115,买盘
1742,13:28:45,11.13,-0.02,2,2226,卖盘
1743,13:28:42,11.15,--,11,12265,卖盘
1744,13:28:39,11.15,0.03,1,1115,中性盘
1745,13:28:36,11.12,-0.01,8,8896,卖盘
1746,13:28:33,11.13,--,31,34503,卖盘
1747,13:28:30,11.13,-0.02,103,114639,卖盘
1748,13:28:27,11.15,0.02,16,17840,买盘
1749,13:28:24,11.13,--,71,79023,卖盘
1750,13:28:21,11.13,--,29,32277,卖盘
1751,13:28:18,11.13,-0.02,142,158046,卖盘
1752,13:28:15,11.15,0.01,212,236380,买盘
1753,13:28:12,11.14,0.01,29,32306,买盘
1754,13:28:09,11.13,-0.01,126,140238,卖盘
1755,13:28:06,11.14,--,34,37876,买盘
1756,13:28:03,11.14,--,149,165986,买盘
1757,13:28:00,11.14,0.01,118,131452,买盘
1758,13:27:57,11.13,-0.01,27,30051,卖盘
1759,13:27:54,11.14,--,120,133680,买盘
1760,13:27:51,11.14,--,79,88006,买盘
1761,13:27:48,11.14,--,83,92462,买盘
1762,13:27:45,11.14,-0.01,143,159302,卖盘
1763,13:27:42,11.15,0.01,15,16725,买盘
1764,13:27:39,11.14,--,64,71296,卖盘
1765,13:27:36,11.14,--,5,5570,卖盘
1766,13:27:33,11.14,--,21,23394,卖盘
1767,13:27:30,11.14,-0.01,23,25622,卖盘
1768,13:27:27,11.15,0.01,14,15610,买盘
1769,13:27:24,11.14,--,38,42332,卖盘
1770,13:27:21,11.14,--,11,12254,卖盘
1771,13:27:18,11.14,-0.01,56,62384,卖盘
1772,13:27:15,11.15,0.01,4,4460,卖盘
1773,13:27:12,11.14,-0.01,2,2228,卖盘
1774,13:27:09,11.15,--,7,7805,卖盘
1775,13:27:06,11.15,--,13,14495,卖盘
1776,13:27:03,11.15,--,55,61325,卖盘
1777,13:27:00,11.15,-0.01,37,41255,卖盘
1778,13:26:57,11.16,0.01,14,15624,买盘
1779,13:26:54,11.15,--,58,64670,卖盘
1780,13:26:51,11.15,--,21,23415,卖盘
1781,13:26:48,11.15,--,105,117075,卖盘
1782,13:26:45,11.15,-0.01,102,113730,卖盘
1783,13:26:42,11.16,0.02,12,13392,买盘
1784,13:26:39,11.14,--,49,54586,卖盘
1785,13:26:36,11.14,--,19,21166,卖盘
1786,13:26:33,11.14,-0.01,96,106944,卖盘
1787,13:26:30,11.15,0.01,101,112615,买盘
1788,13:26:27,11.14,--,22,24508,卖盘
1789,13:26:24,11.14,--,106,118084,卖盘
1790,13:26:21,11.14,-0.02,30,33420,卖盘
1791,13:26:18,11.16,0.02,18,20088,买盘
1792,13:26:15,11.14,--,11,12254,卖盘
1793,13:26:12,11.14,--,51,56814,卖盘
1794,13:26:09,11.14,--,8,8912,卖盘
1795,13:26:06,11.14,--,21,23394,卖盘
1796,13:26:03,11.14,0.01,37,41218,买盘
1797,13:26:00,11.13,--,10,11130,卖盘
1798,13:25:57,11.13,--,3,3339,卖盘
1799,13:25:54,11.13,-0.01,8,8904,卖盘
1800,13:25:51,11.14,0.01,9,10026,买盘
1801,13:25:48,11.13,-0.01,43,47859,卖盘
1802,13:25:45,11.14,0.01,103,114742,买盘
1803,13:25:42,11.13,--,14,15582,卖盘
1804,13:25:39,11.13,--,4,4452,卖盘
1805,13:25:36,11.13,--,21,23373,卖盘
1806,13:25:33,11.13,--,108,120204,卖盘
1807,13:25:30,11.13,--,21,23373,卖盘
1808,13:25:27,11.13,--,106,117978,卖盘
1809,13:25:24,11.13,-0.01,4,4452,卖盘
1810,13:25:21,11.14,--,7,7798,卖盘
1811,13:25:18,11.14,--,22,24508,买盘
1812,13:25:15,11.14,-0.02,13,14482,卖盘
1813,13:25:12,11.16,0.02,61,68076,买盘
1814,13:25:09,11.14,--,104,115856,卖盘
1815,13:25:06,11.14,--,32,35648,卖盘
1816,13:25:03,11.14,--,149,165986,卖盘
1817,13:25:00,11.14,--,88,98032,卖盘
1818,13:24:57,11.14,--,104,115856,卖盘
1819,13:24:54,11.14,-0.02,19,21166,卖盘
1820,13:24:51,11.16,--,91,101556,卖盘
1821,13:24:48,11.16,0.02,368,410688,买盘
1822,13:24:45,11.14,-0.01,17,18938,卖盘
1823,13:24:42,11.15,--,34,37910,卖盘
1824,13:24:39,11.15,--,68,75820,卖盘
1825,13:24:36,11.15,--,34,37910,卖盘
1826,13:24:33,11.15,--,110,122650,卖盘
1827,13:24:30,11.15,--,56,62440,卖盘
1828,13:24:27,11.15,--,180,200700,卖盘
1829,13:24:24,11.15,--,45,50175,卖盘
1830,13:24:21,11.15,-0.01,114,127110,卖盘
1831,13:24:18,11.16,0.01,38,42408,买盘
1832,13:24:15,11.15,--,102,113730,卖盘
1833,13:24:12,11.15,--,313,348995,卖盘
1834,13:24:09,11.15,-0.01,64,71360,卖盘
1835,13:24:06,11.16,-0.01,108,120528,卖盘
1836,13:24:03,11.17,0.01,106,118402,买盘
1837,13:24:00,11.16,-0.01,6,6696,卖盘
1838,13:23:57,11.17,0.01,24,26808,买盘
1839,13:23:54,11.16,-0.01,20,22320,卖盘
1840,13:23:51,11.17,--,43,48031,买盘
1841,13:23:48,11.17,0.01,15,16755,买盘
1842,13:23:45,11.16,-0.01,18,20088,卖盘
1843,13:23:42,11.17,0.01,4,4468,买盘
1844,13:23:39,11.16,--,7,7812,卖盘
1845,13:23:36,11.16,--,2,2232,卖盘
1846,13:23:33,11.16,--,7,7812,卖盘
1847,13:23:30,11.16,-0.01,23,25668,卖盘
1848,13:23:27,11.17,0.01,26,29042,买盘
1849,13:23:24,11.16,--,7,7812,卖盘
1850,13:23:21,11.16,-0.01,26,29016,卖盘
1851,13:23:18,11.17,--,34,37978,卖盘
1852,13:23:15,11.17,--,2,2234,卖盘
1853,13:23:12,11.17,--,8,8936,卖盘
1854,13:23:09,11.17,--,7,7819,卖盘
1855,13:23:06,11.17,-0.01,20,22340,卖盘
1856,13:23:03,11.18,0.01,27,30186,买盘
1857,13:23:00,11.17,--,83,92711,卖盘
1858,13:22:57,11.17,--,42,46914,卖盘
1859,13:22:54,11.17,-0.01,56,62552,卖盘
1860,13:22:51,11.18,0.01,38,42484,买盘
1861,13:22:48,11.17,--,59,65903,卖盘
1862,13:22:45,11.17,-0.01,45,50265,卖盘
1863,13:22:42,11.18,0.01,45,50310,买盘
1864,13:22:39,11.17,--,124,138508,卖盘
1865,13:22:36,11.17,-0.01,62,69254,卖盘
1866,13:22:33,11.18,0.01,49,54782,买盘
1867,13:22:30,11.17,--,43,48031,卖盘
1868,13:22:27,11.17,--,48,53616,卖盘
1869,13:22:24,11.17,-0.01,82,91594,卖盘
1870,13:22:21,11.18,--,5,5590,买盘
1871,13:22:18,11.18,0.01,19,21242,买盘
1872,13:22:15,11.17,-0.01,2,2234,卖盘
1873,13:22:12,11.18,0.01,3,3354,买盘
1874,13:22:09,11.17,--,4,4468,卖盘
1875,13:22:06,11.17,-0.01,5,5585,卖盘
1876,13:22:03,11.18,0.01,18,20124,买盘
1877,13:22:00,11.17,--,36,40212,卖盘
1878,13:21:57,11.17,--,8,8936,卖盘
1879,13:21:54,11.17,--,21,23457,卖盘
1880,13:21:51,11.17,--,1,1117,卖盘
1881,13:21:48,11.17,--,5,5585,卖盘
1882,13:21:45,11.17,-0.01,1,1117,卖盘
1883,13:21:42,11.18,0.01,5,5590,买盘
1884,13:21:39,11.17,--,16,17872,卖盘
1885,13:21:36,11.17,-0.01,6,6702,卖盘
1886,13:21:33,11.18,0.01,3,3354,买盘
1887,13:21:27,11.17,--,2,2234,卖盘
1888,13:21:24,11.17,-0.01,3,3351,卖盘
1889,13:21:21,11.18,--,4,4472,买盘
1890,13:21:18,11.18,0.01,18,20124,买盘
1891,13:21:15,11.17,-0.01,9,10053,卖盘
1892,13:21:12,11.18,0.01,42,46956,买盘
1893,13:21:09,11.17,--,9,10053,卖盘
1894,13:21:06,11.17,-0.01,42,46914,卖盘
1895,13:21:03,11.18,0.01,20,22360,买盘
1896,13:21:00,11.17,-0.01,17,18989,卖盘
1897,13:20:57,11.18,0.01,3,3354,买盘
1898,13:20:54,11.17,--,4,4468,卖盘
1899,13:20:48,11.17,--,1,1117,卖盘
1900,13:20:45,11.17,-0.01,5,5585,卖盘
1901,13:20:42,11.18,0.01,28,31304,买盘
1902,13:20:39,11.17,--,5,5585,卖盘
1903,13:20:36,11.17,--,1,1117,卖盘
1904,13:20:33,11.17,--,1,1117,卖盘
1905,13:20:30,11.17,--,4,4468,卖盘
1906,13:20:27,11.17,--,1,1117,卖盘
1907,13:20:24,11.17,0.01,4,4468,卖盘
1908,13:20:21,11.16,-0.01,10,11160,卖盘
1909,13:20:18,11.17,0.01,10,11170,买盘
1910,13:20:15,11.16,-0.02,1,1116,卖盘
1911,13:20:12,11.18,0.02,6,6708,买盘
1912,13:20:09,11.16,--,4,4464,卖盘
1913,13:20:06,11.16,-0.02,14,15624,卖盘
1914,13:20:03,11.18,0.02,40,44720,买盘
1915,13:20:00,11.16,-0.01,41,45756,卖盘
1916,13:19:57,11.17,--,206,230102,卖盘
1917,13:19:54,11.17,-0.01,9,10053,卖盘
1918,13:19:51,11.18,0.01,44,49192,买盘
1919,13:19:48,11.17,--,10,11170,卖盘
1920,13:19:45,11.17,--,1,1117,卖盘
1921,13:19:42,11.17,--,4,4468,卖盘
1922,13:19:39,11.17,--,7,7819,卖盘
1923,13:19:36,11.17,--,22,24574,卖盘
1924,13:19:33,11.17,0.01,1,1117,买盘
1925,13:19:30,11.16,-0.01,4,4464,卖盘
1926,13:19:27,11.17,--,13,14521,卖盘
1927,13:19:24,11.17,0.01,1,1117,卖盘
1928,13:19:21,11.16,-0.01,6,6696,卖盘
1929,13:19:18,11.17,--,26,29042,买盘
1930,13:19:15,11.17,--,71,79307,买盘
1931,13:19:12,11.17,0.01,2,2234,买盘
1932,13:19:09,11.16,-0.01,2,2232,卖盘
1933,13:19:06,11.17,--,10,11170,买盘
1934,13:19:03,11.17,--,36,40212,买盘
1935,13:19:00,11.17,0.01,7,7819,买盘
1936,13:18:57,11.16,-0.01,1,1116,卖盘
1937,13:18:54,11.17,--,4,4468,买盘
1938,13:18:51,11.17,0.01,2,2234,买盘
1939,13:18:48,11.16,--,1,1116,卖盘
1940,13:18:45,11.16,-0.01,3,3348,卖盘
1941,13:18:42,11.17,0.01,13,14521,买盘
1942,13:18:39,11.16,--,57,63612,卖盘
1943,13:18:36,11.16,-0.01,9,10044,卖盘
1944,13:18:33,11.17,0.01,46,51382,买盘
1945,13:18:30,11.16,--,25,27900,卖盘
1946,13:18:27,11.16,--,27,30132,卖盘
1947,13:18:24,11.16,--,10,11160,卖盘
1948,13:18:21,11.16,-0.01,4,4464,卖盘
1949,13:18:18,11.17,0.01,20,22340,买盘
1950,13:18:15,11.16,-0.01,2,2232,卖盘
1951,13:18:12,11.17,0.01,6,6702,买盘
1952,13:18:09,11.16,--,9,10044,卖盘
1953,13:18:06,11.16,-0.01,15,16740,卖盘
1954,13:18:03,11.17,0.01,33,36861,买盘
1955,13:18:00,11.16,--,6,6696,卖盘
1956,13:17:57,11.16,--,7,7812,卖盘
1957,13:17:54,11.16,--,19,21204,卖盘
1958,13:17:51,11.16,--,43,47988,卖盘
1959,13:17:48,11.16,--,103,114948,卖盘
1960,13:17:45,11.16,-0.01,10,11160,卖盘
1961,13:17:42,11.17,0.01,49,54733,买盘
1962,13:17:39,11.16,-0.01,11,12276,卖盘
1963,13:17:36,11.17,--,6,6702,买盘
1964,13:17:33,11.17,0.01,23,25691,买盘
1965,13:17:30,11.16,--,2,2232,卖盘
1966,13:17:27,11.16,--,10,11160,卖盘
1967,13:17:24,11.16,-0.02,13,14508,卖盘
1968,13:17:21,11.18,0.01,6,6708,买盘
1969,13:17:18,11.17,--,23,25691,卖盘
1970,13:17:15,11.17,-0.01,23,25691,卖盘
1971,13:17:12,11.18,0.01,91,101738,买盘
1972,13:17:09,11.17,--,8,8936,卖盘
1973,13:17:06,11.17,--,41,45797,卖盘
1974,13:17:03,11.17,--,19,21223,卖盘
1975,13:17:00,11.17,--,29,32393,卖盘
1976,13:16:57,11.17,--,17,18989,卖盘
1977,13:16:54,11.17,-0.01,26,29042,卖盘
1978,13:16:51,11.18,0.01,1,1118,买盘
1979,13:16:48,11.17,--,3,3351,卖盘
1980,13:16:45,11.17,-0.01,15,16755,卖盘
1981,13:16:42,11.18,0.01,15,16770,买盘
1982,13:16:39,11.17,--,12,13404,卖盘
1983,13:16:36,11.17,-0.01,9,10053,卖盘
1984,13:16:33,11.18,0.01,1,1118,买盘
1985,13:16:27,11.17,--,3,3351,卖盘
1986,13:16:24,11.17,--,2,2234,卖盘
1987,13:16:21,11.17,--,4,4468,卖盘
1988,13:16:18,11.17,-0.01,21,23457,卖盘
1989,13:16:15,11.18,0.01,7,7826,买盘
1990,13:16:12,11.17,--,15,16755,卖盘
1991,13:16:09,11.17,-0.01,1,1117,卖盘
1992,13:16:06,11.18,0.01,5,5590,买盘
1993,13:16:03,11.17,--,18,20106,卖盘
1994,13:16:00,11.17,--,3,3351,卖盘
1995,13:15:57,11.17,--,14,15638,卖盘
1996,13:15:54,11.17,--,42,46914,卖盘
1997,13:15:51,11.17,--,76,84892,卖盘
1998,13:15:48,11.17,--,21,23457,卖盘
1999,13:15:45,11.17,-0.01,4,4468,卖盘
2000,13:15:42,11.18,0.01,3,3354,买盘
2001,13:15:39,11.17,--,3,3351,卖盘
2002,13:15:36,11.17,--,13,14521,卖盘
2003,13:15:33,11.17,-0.01,5,5585,卖盘
2004,13:15:30,11.18,0.01,10,11180,买盘
2005,13:15:27,11.17,--,3,3351,卖盘
2006,13:15:24,11.17,--,13,14521,卖盘
2007,13:15:21,11.17,--,1,1117,卖盘
2008,13:15:18,11.17,--,4,4468,卖盘
2009,13:15:15,11.17,--,20,22340,卖盘
2010,13:15:12,11.17,--,84,93828,卖盘
2011,13:15:09,11.17,--,2,2234,卖盘
2012,13:15:06,11.17,-0.01,10,11170,卖盘
2013,13:15:03,11.18,0.01,18,20124,买盘
2014,13:15:00,11.17,-0.01,11,12287,卖盘
2015,13:14:57,11.18,--,4,4472,买盘
2016,13:14:54,11.18,--,16,17888,买盘
2017,13:14:51,11.18,0.01,60,67080,买盘
2018,13:14:48,11.17,--,2,2234,卖盘
2019,13:14:45,11.17,-0.01,10,11170,卖盘
2020,13:14:42,11.18,0.01,6,6708,买盘
2021,13:14:39,11.17,--,13,14521,卖盘
2022,13:14:36,11.17,-0.01,62,69254,卖盘
2023,13:14:33,11.18,0.01,156,174408,买盘
2024,13:14:30,11.17,--,9,10053,卖盘
2025,13:14:27,11.17,--,45,50265,卖盘
2026,13:14:24,11.17,--,82,91594,卖盘
2027,13:14:21,11.17,0.01,106,118402,买盘
2028,13:14:18,11.16,--,21,23436,卖盘
2029,13:14:15,11.16,-0.01,2,2232,卖盘
2030,13:14:12,11.17,--,9,10053,卖盘
2031,13:14:06,11.17,--,1,1117,卖盘
2032,13:14:03,11.17,--,6,6702,买盘
2033,13:14:00,11.17,-0.01,2,2234,卖盘
2034,13:13:57,11.18,--,2,2236,买盘
2035,13:13:51,11.18,0.02,1,1118,买盘
2036,13:13:48,11.16,--,1,1116,卖盘
2037,13:13:45,11.16,-0.02,5,5580,卖盘
2038,13:13:42,11.18,0.02,22,24596,买盘
2039,13:13:39,11.16,-0.02,18,20088,卖盘
2040,13:13:36,11.18,0.02,34,38012,买盘
2041,13:13:33,11.16,-0.01,2,2232,卖盘
2042,13:13:30,11.17,0.01,9,10053,买盘
2043,13:13:27,11.16,-0.01,16,17856,卖盘
2044,13:13:24,11.17,--,7,7819,买盘
2045,13:13:21,11.17,--,22,24574,买盘
2046,13:13:18,11.17,--,24,26808,买盘
2047,13:13:15,11.17,--,39,43563,买盘
2048,13:13:12,11.17,0.01,41,45797,买盘
2049,13:13:09,11.16,--,1,1116,卖盘
2050,13:13:06,11.16,--,3,3348,卖盘
2051,13:13:03,11.16,--,14,15624,卖盘
2052,13:13:00,11.16,--,1,1116,卖盘
2053,13:12:57,11.16,-0.01,8,8928,卖盘
2054,13:12:54,11.17,--,17,18989,买盘
2055,13:12:51,11.17,0.01,79,88243,买盘
2056,13:12:42,11.16,0.01,2,2232,买盘
2057,13:12:39,11.15,--,1,1115,卖盘
2058,13:12:36,11.15,-0.01,2,2230,卖盘
2059,13:12:33,11.16,0.01,4,4464,买盘
2060,13:12:30,11.15,--,6,6690,卖盘
2061,13:12:27,11.15,-0.01,12,13380,卖盘
2062,13:12:21,11.16,0.01,1,1116,买盘
2063,13:12:18,11.15,--,1,1115,卖盘
2064,13:12:15,11.15,--,4,4460,卖盘
2065,13:12:12,11.15,--,21,23415,卖盘
2066,13:12:09,11.15,--,10,11150,卖盘
2067,13:12:06,11.15,-0.02,48,53520,卖盘
2068,13:12:03,11.17,0.01,8,8936,买盘
2069,13:12:00,11.16,--,2,2232,卖盘
2070,13:11:57,11.16,-0.01,9,10044,卖盘
2071,13:11:54,11.17,--,9,10053,卖盘
2072,13:11:51,11.17,0.01,42,46914,买盘
2073,13:11:45,11.16,--,1,1116,卖盘
2074,13:11:42,11.16,--,4,4464,卖盘
2075,13:11:36,11.16,-0.01,1,1116,卖盘
2076,13:11:33,11.17,0.01,2,2234,买盘
2077,13:11:24,11.16,--,2,2232,卖盘
2078,13:11:21,11.16,-0.01,2,2232,卖盘
2079,13:11:18,11.17,--,1,1117,买盘
2080,13:11:15,11.17,--,4,4468,买盘
2081,13:11:12,11.17,--,4,4468,卖盘
2082,13:11:09,11.17,--,1,1117,卖盘
2083,13:11:06,11.17,--,2,2234,卖盘
2084,13:11:03,11.17,0.01,11,12287,买盘
2085,13:11:00,11.16,-0.01,25,27900,卖盘
2086,13:10:57,11.17,--,4,4468,买盘
2087,13:10:54,11.17,--,17,18989,买盘
2088,13:10:51,11.17,-0.01,24,26808,卖盘
2089,13:10:48,11.18,0.01,16,17888,买盘
2090,13:10:45,11.17,-0.01,6,6702,卖盘
2091,13:10:42,11.18,0.01,3,3354,买盘
2092,13:10:39,11.17,--,3,3351,卖盘
2093,13:10:36,11.17,--,6,6702,卖盘
2094,13:10:33,11.17,--,32,35744,卖盘
2095,13:10:30,11.17,0.01,7,7819,买盘
2096,13:10:27,11.16,--,1,1116,卖盘
2097,13:10:21,11.16,--,3,3348,卖盘
2098,13:10:18,11.16,--,9,10044,卖盘
2099,13:10:15,11.16,--,4,4464,卖盘
2100,13:10:12,11.16,--,20,22320,卖盘
2101,13:10:09,11.16,--,53,59148,卖盘
2102,13:10:06,11.16,-0.02,60,66960,卖盘
2103,13:10:03,11.18,0.01,172,192296,买盘
2104,13:10:00,11.17,-0.01,189,211113,中性盘
2105,13:09:57,11.18,0.02,941,1052038,买盘
2106,13:09:54,11.16,--,1,1116,卖盘
2107,13:09:51,11.16,--,5,5580,卖盘
2108,13:09:48,11.16,--,20,22320,卖盘
2109,13:09:45,11.16,-0.01,4,4464,卖盘
2110,13:09:42,11.17,0.01,5,5585,买盘
2111,13:09:39,11.16,-0.01,14,15624,卖盘
2112,13:09:36,11.17,0.01,8,8936,买盘
2113,13:09:33,11.16,-0.01,33,36828,卖盘
2114,13:09:30,11.17,--,2,2234,买盘
2115,13:09:27,11.17,0.01,2,2234,买盘
2116,13:09:24,11.16,-0.01,3,3348,卖盘
2117,13:09:21,11.17,0.01,12,13404,买盘
2118,13:09:18,11.16,-0.01,5,5580,卖盘
2119,13:09:15,11.17,0.01,11,12287,买盘
2120,13:09:12,11.16,--,44,49104,卖盘
2121,13:09:09,11.16,-0.01,1,1116,卖盘
2122,13:09:06,11.17,0.01,5,5585,买盘
2123,13:09:03,11.16,--,13,14508,卖盘
2124,13:09:00,11.16,--,7,7812,卖盘
2125,13:08:57,11.16,-0.01,6,6696,卖盘
2126,13:08:54,11.17,--,29,32393,买盘
2127,13:08:51,11.17,0.01,119,132923,买盘
2128,13:08:48,11.16,--,1,1116,卖盘
2129,13:08:45,11.16,--,4,4464,卖盘
2130,13:08:42,11.16,--,20,22320,卖盘
2131,13:08:39,11.16,--,3,3348,卖盘
2132,13:08:36,11.16,--,11,12276,卖盘
2133,13:08:33,11.16,-0.01,32,35712,卖盘
2134,13:08:30,11.17,0.01,6,6702,买盘
2135,13:08:27,11.16,--,11,12276,卖盘
2136,13:08:24,11.16,-0.01,2,2232,卖盘
2137,13:08:21,11.17,--,1,1117,买盘
2138,13:08:12,11.17,0.01,1,1117,买盘
2139,13:08:09,11.16,-0.01,1,1116,卖盘
2140,13:08:06,11.17,0.01,5,5585,买盘
2141,13:08:03,11.16,--,12,13392,卖盘
2142,13:08:00,11.16,-0.01,5,5580,卖盘
2143,13:07:57,11.17,--,23,25691,卖盘
2144,13:07:54,11.17,-0.01,9,10053,卖盘
2145,13:07:51,11.18,0.01,44,49192,买盘
2146,13:07:48,11.17,-0.01,21,23457,卖盘
2147,13:07:45,11.18,--,6,6708,买盘
2148,13:07:42,11.18,0.02,2,2236,买盘
2149,13:07:39,11.16,--,3,3348,卖盘
2150,13:07:36,11.16,-0.02,11,12276,卖盘
2151,13:07:33,11.18,--,57,63726,买盘
2152,13:07:30,11.18,0.01,11,12298,买盘
2153,13:07:27,11.17,--,49,54733,买盘
2154,13:07:21,11.17,--,2,2234,买盘
2155,13:07:18,11.17,--,2,2234,买盘
2156,13:07:15,11.17,--,6,6702,买盘
2157,13:07:12,11.17,0.01,2,2234,买盘
2158,13:07:09,11.16,-0.01,2,2232,卖盘
2159,13:07:06,11.17,--,10,11170,买盘
2160,13:07:03,11.17,0.01,12,13404,买盘
2161,13:07:00,11.16,--,1,1116,卖盘
2162,13:06:57,11.16,-0.01,4,4464,卖盘
2163,13:06:54,11.17,-0.01,9,10053,卖盘
2164,13:06:51,11.18,--,18,20124,买盘
2165,13:06:48,11.18,0.02,89,99502,买盘
2166,13:06:45,11.16,-0.02,38,42408,卖盘
2167,13:06:42,11.18,0.01,141,157638,买盘
2168,13:06:39,11.17,--,683,762911,卖盘
2169,13:06:36,11.17,-0.01,9,10053,卖盘
2170,13:06:33,11.18,--,46,51428,买盘
2171,13:06:30,11.18,--,23,25714,买盘
2172,13:06:27,11.18,--,107,119626,买盘
2173,13:06:24,11.18,--,104,116272,买盘
2174,13:06:21,11.18,0.01,22,24596,买盘
2175,13:06:18,11.17,-0.01,100,111700,卖盘
2176,13:06:15,11.18,--,2,2236,买盘
2177,13:06:12,11.18,0.01,1,1118,买盘
2178,13:06:06,11.17,--,4,4468,卖盘
2179,13:06:03,11.17,--,11,12287,卖盘
2180,13:06:00,11.17,-0.01,4,4468,卖盘
2181,13:05:57,11.18,--,18,20202,卖盘
2182,13:05:54,11.18,-0.01,30,33540,卖盘
2183,13:05:51,11.19,0.01,44,49236,买盘
2184,13:05:48,11.18,--,9,10062,卖盘
2185,13:05:45,11.18,--,41,46877,买盘
2186,13:05:42,11.18,0.01,4,4472,买盘
2187,13:05:36,11.17,-0.01,2,2234,卖盘
2188,13:05:33,11.18,--,8,8944,买盘
2189,13:05:30,11.18,--,4,4472,买盘
2190,13:05:27,11.18,--,16,17966,卖盘
2191,13:05:24,11.18,-0.01,42,46956,卖盘
2192,13:05:21,11.19,0.01,28,31332,买盘
2193,13:05:18,11.18,-0.01,114,127452,卖盘
2194,13:05:15,11.19,--,22,24618,买盘
2195,13:05:12,11.19,0.01,53,59307,买盘
2196,13:05:09,11.18,--,67,74906,卖盘
2197,13:05:06,11.18,--,183,204594,卖盘
2198,13:05:03,11.18,--,30,33540,卖盘
2199,13:05:00,11.18,-0.01,85,95030,卖盘
2200,13:04:57,11.19,0.01,21,23499,买盘
2201,13:04:54,11.18,--,12,13416,卖盘
2202,13:04:51,11.18,--,39,43602,卖盘
2203,13:04:48,11.18,--,1,1118,卖盘
2204,13:04:45,11.18,--,5,5590,卖盘
2205,13:04:42,11.18,--,8,8944,卖盘
2206,13:04:39,11.18,-0.01,11,12298,卖盘
2207,13:04:36,11.19,0.01,2,2238,买盘
2208,13:04:33,11.18,--,5,5590,卖盘
2209,13:04:30,11.18,--,1,1118,卖盘
2210,13:04:27,11.18,--,7,7826,卖盘
2211,13:04:24,11.18,-0.01,33,36894,卖盘
2212,13:04:21,11.19,0.01,2,2238,买盘
2213,13:04:18,11.18,--,3,3354,卖盘
2214,13:04:15,11.18,-0.01,9,10062,卖盘
2215,13:04:12,11.19,0.01,18,20142,买盘
2216,13:04:09,11.18,--,24,26832,卖盘
2217,13:04:06,11.18,--,21,23478,卖盘
2218,13:04:03,11.18,--,15,16770,卖盘
2219,13:04:00,11.18,--,14,15652,卖盘
2220,13:03:57,11.18,-0.01,60,67080,卖盘
2221,13:03:54,11.19,--,15,16785,买盘
2222,13:03:51,11.19,--,42,46998,买盘
2223,13:03:48,11.19,0.01,2,2238,买盘
2224,13:03:45,11.18,-0.01,1,1118,卖盘
2225,13:03:42,11.19,0.01,3,3357,买盘
2226,13:03:39,11.18,--,4,4472,卖盘
2227,13:03:36,11.18,-0.01,7,7826,卖盘
2228,13:03:33,11.19,--,33,36927,买盘
2229,13:03:30,11.19,0.01,66,73854,买盘
2230,13:03:24,11.18,--,2,2236,卖盘
2231,13:03:21,11.18,-0.01,11,12298,卖盘
2232,13:03:18,11.19,--,20,22380,买盘
2233,13:03:15,11.19,0.01,7,7833,买盘
2234,13:03:12,11.18,--,24,26832,卖盘
2235,13:03:09,11.18,--,40,44720,卖盘
2236,13:03:06,11.18,--,77,86086,卖盘
2237,13:03:03,11.18,--,14,16691,卖盘
2238,13:03:00,11.18,--,19,21242,卖盘
2239,13:02:57,11.18,--,92,102856,卖盘
2240,13:02:54,11.18,-0.01,11,12298,卖盘
2241,13:02:51,11.19,--,9,10071,买盘
2242,13:02:48,11.19,--,37,41403,买盘
2243,13:02:45,11.19,--,83,92877,买盘
2244,13:02:42,11.19,--,118,132042,卖盘
2245,13:02:39,11.19,--,567,634473,卖盘
2246,13:02:36,11.19,--,21,23499,卖盘
2247,13:02:33,11.19,--,80,89520,卖盘
2248,13:02:30,11.19,--,80,89520,卖盘
2249,13:02:27,11.19,0.01,246,275274,买盘
2250,13:02:24,11.18,--,1,1118,卖盘
2251,13:02:21,11.18,--,2,2236,卖盘
2252,13:02:18,11.18,--,11,12298,卖盘
2253,13:02:15,11.18,-0.01,16,17888,卖盘
2254,13:02:12,11.19,0.01,11,12309,买盘
2255,13:02:09,11.18,--,2,2236,卖盘
2256,13:02:06,11.18,-0.01,11,12298,卖盘
2257,13:02:03,11.19,--,17,19023,买盘
2258,13:02:00,11.19,--,8,8952,买盘
2259,13:01:57,11.19,--,2,2238,买盘
2260,13:01:54,11.19,--,2,2238,买盘
2261,13:01:51,11.19,0.01,2,2238,买盘
2262,13:01:48,11.18,--,6,6708,卖盘
2263,13:01:45,11.18,-0.01,4,4472,卖盘
2264,13:01:42,11.19,--,14,15666,买盘
2265,13:01:39,11.19,0.01,32,35808,买盘
2266,13:01:36,11.18,-0.01,2,2236,卖盘
2267,13:01:33,11.19,--,8,8952,买盘
2268,13:01:30,11.19,0.01,1,1119,买盘
2269,13:01:24,11.18,-0.01,2,2236,卖盘
2270,13:01:21,11.19,--,12,13428,买盘
2271,13:01:18,11.19,--,47,52593,买盘
2272,13:01:15,11.19,-0.01,205,229395,卖盘
2273,13:01:12,11.2,0.01,54,60479,买盘
2274,13:01:09,11.19,--,9,10071,卖盘
2275,13:01:06,11.19,--,42,46998,卖盘
2276,13:01:03,11.19,--,75,83925,卖盘
2277,13:01:00,11.19,-0.01,20,22380,卖盘
2278,13:00:57,11.2,0.01,35,39200,买盘
2279,13:00:54,11.19,--,165,184635,卖盘
2280,13:00:51,11.19,--,532,595308,买盘
2281,13:00:48,11.19,0.01,157,175683,买盘
2282,13:00:45,11.18,-0.01,34,38012,卖盘
2283,13:00:42,11.19,0.01,54,60426,买盘
2284,13:00:36,11.18,--,1,1118,卖盘
2285,13:00:33,11.18,-0.01,1,1118,卖盘
2286,13:00:30,11.19,--,9,10071,买盘
2287,13:00:27,11.19,--,16,17904,买盘
2288,13:00:24,11.19,0.01,10,11190,买盘
2289,13:00:21,11.18,--,23,25714,买盘
2290,13:00:18,11.18,--,26,29068,买盘
2291,13:00:15,11.18,0.02,26,29068,买盘
2292,13:00:12,11.16,-0.01,105,117180,卖盘
2293,13:00:09,11.17,-0.02,49,54733,卖盘
2294,13:00:06,11.19,0.01,133,148827,买盘
2295,13:00:03,11.18,--,548,612664,卖盘
2296,13:00:00,11.18,--,4,4472,卖盘
2297,11:30:00,11.18,0.01,363,405834,买盘
2298,11:29:54,11.17,-0.01,6,6702,卖盘
2299,11:29:39,11.18,--,1,1118,买盘
2300,11:29:36,11.18,--,69,77142,买盘
2301,11:29:33,11.18,--,1,1118,买盘
2302,11:29:30,11.18,--,1,1118,买盘
2303,11:29:21,11.18,--,1,1118,买盘
2304,11:29:18,11.18,0.01,30,33540,买盘
2305,11:29:15,11.17,-0.02,9,10053,卖盘
2306,11:29:12,11.19,0.01,1,1119,买盘
2307,11:29:06,11.18,-0.01,22,24596,卖盘
2308,11:29:03,11.19,--,3,3357,买盘
2309,11:29:00,11.19,0.01,38,42522,买盘
2310,11:28:57,11.18,-0.01,52,58136,卖盘
2311,11:28:54,11.19,0.01,203,227157,买盘
2312,11:28:51,11.18,--,5,5590,卖盘
2313,11:28:48,11.18,-0.01,24,26832,卖盘
2314,11:28:45,11.19,0.01,150,167850,买盘
2315,11:28:39,11.18,-0.01,11,12298,卖盘
2316,11:28:24,11.19,--,61,68259,买盘
2317,11:28:15,11.19,0.01,10,11190,买盘
2318,11:28:12,11.18,-0.01,13,14534,卖盘
2319,11:28:09,11.19,--,3,3357,买盘
2320,11:28:06,11.19,0.01,4,4476,买盘
2321,11:28:00,11.18,--,8,8944,卖盘
2322,11:27:57,11.18,--,53,59924,买盘
2323,11:27:51,11.18,--,1,1118,买盘
2324,11:27:48,11.18,--,55,61490,买盘
2325,11:27:45,11.18,--,12,13416,买盘
2326,11:27:42,11.18,--,38,42484,买盘
2327,11:27:39,11.18,--,37,41366,买盘
2328,11:27:33,11.18,0.01,1,1118,买盘
2329,11:27:30,11.17,-0.01,14,15638,卖盘
2330,11:27:24,11.18,--,12,13416,买盘
2331,11:27:15,11.18,0.01,37,41366,买盘
2332,11:27:12,11.17,-0.01,41,45797,卖盘
2333,11:27:06,11.18,--,5,5590,买盘
2334,11:26:57,11.18,0.01,11,12298,买盘
2335,11:26:54,11.17,--,24,26808,卖盘
2336,11:26:45,11.17,-0.01,5,5585,卖盘
2337,11:26:39,11.18,--,98,109564,卖盘
2338,11:26:36,11.18,--,3,3354,卖盘
2339,11:26:30,11.18,--,29,32422,卖盘
2340,11:26:27,11.18,--,235,262730,卖盘
2341,11:26:24,11.18,--,22,24596,卖盘
2342,11:26:21,11.18,--,68,76024,卖盘
2343,11:26:18,11.18,--,514,574652,买盘
2344,11:26:12,11.18,0.01,1,1118,买盘
2345,11:26:06,11.17,-0.01,24,26808,卖盘
2346,11:26:03,11.18,--,205,229190,买盘
2347,11:25:57,11.18,0.01,16,17888,买盘
2348,11:25:54,11.17,-0.01,2,2234,卖盘
2349,11:25:51,11.18,--,3,3354,买盘
2350,11:25:45,11.18,0.01,1,1118,买盘
2351,11:25:42,11.17,--,8,8936,卖盘
2352,11:25:36,11.17,-0.01,5,5585,卖盘
2353,11:25:33,11.18,0.01,1,1118,买盘
2354,11:25:30,11.17,--,3,3351,卖盘
2355,11:25:24,11.17,-0.01,29,32393,卖盘
2356,11:25:21,11.18,-0.01,172,192296,卖盘
2357,11:25:12,11.19,--,10,11190,买盘
2358,11:25:09,11.19,--,6,6714,买盘
2359,11:25:06,11.19,0.01,125,139875,买盘
2360,11:25:03,11.18,-0.01,70,78260,卖盘
2361,11:25:00,11.19,--,138,154422,买盘
2362,11:24:57,11.19,0.01,25,27975,买盘
2363,11:24:54,11.18,-0.01,14,15652,卖盘
2364,11:24:51,11.19,0.01,2,2238,买盘
2365,11:24:48,11.18,-0.01,25,27950,卖盘
2366,11:24:45,11.19,0.01,31,34689,买盘
2367,11:24:33,11.18,--,15,16770,卖盘
2368,11:24:30,11.18,-0.01,12,13416,卖盘
2369,11:24:27,11.19,0.01,95,106305,买盘
2370,11:24:21,11.18,--,9,10062,买盘
2371,11:24:18,11.18,--,1,1118,买盘
2372,11:24:12,11.18,--,4,4472,买盘
2373,11:24:09,11.18,--,20,22360,买盘
2374,11:24:06,11.18,--,11,12298,买盘
2375,11:24:00,11.18,--,50,55900,买盘
2376,11:23:57,11.18,--,45,50310,卖盘
2377,11:23:54,11.18,-0.01,21,23478,卖盘
2378,11:23:51,11.19,0.01,2,2238,买盘
2379,11:23:48,11.18,--,10,11180,卖盘
2380,11:23:45,11.18,--,10,11180,卖盘
2381,11:23:42,11.18,-0.01,3,3354,卖盘
2382,11:23:39,11.19,--,69,77211,买盘
2383,11:23:36,11.19,0.01,4,4476,买盘
2384,11:23:24,11.18,-0.01,6,6708,卖盘
2385,11:23:21,11.19,0.01,18,20142,买盘
2386,11:23:18,11.18,-0.01,9,10062,卖盘
2387,11:23:15,11.19,--,6,6714,买盘
2388,11:23:12,11.19,--,6,6714,买盘
2389,11:23:06,11.19,0.01,1,1119,买盘
2390,11:23:00,11.18,--,1,1118,卖盘
2391,11:22:57,11.18,--,456,509808,买盘
2392,11:22:54,11.18,--,5,5590,买盘
2393,11:22:51,11.18,-0.01,17,19006,中性盘
2394,11:22:45,11.19,0.01,4,4476,买盘
2395,11:22:39,11.18,--,7,7826,买盘
2396,11:22:33,11.18,-0.01,8,8944,卖盘
2397,11:22:30,11.19,0.02,1,1119,买盘
2398,11:22:27,11.17,-0.02,11,12287,卖盘
2399,11:22:24,11.19,0.01,1376,1539744,买盘
2400,11:22:21,11.18,0.01,42,46956,买盘
2401,11:22:15,11.17,-0.01,19,21223,卖盘
2402,11:22:12,11.18,--,5,5590,买盘
2403,11:22:09,11.18,--,12,13416,买盘
2404,11:22:06,11.18,--,2,2236,买盘
2405,11:22:03,11.18,0.01,21,23478,买盘
2406,11:22:00,11.17,--,3,3351,卖盘
2407,11:21:57,11.17,-0.01,5,5585,卖盘
2408,11:21:51,11.18,--,11,12298,买盘
2409,11:21:39,11.18,0.02,8,8944,买盘
2410,11:21:36,11.16,-0.01,6,6696,卖盘
2411,11:21:27,11.17,0.01,1,1117,买盘
2412,11:21:24,11.16,-0.01,6,6696,卖盘
2413,11:21:21,11.17,-0.01,44,49148,中性盘
2414,11:21:18,11.18,0.02,23,25714,买盘
2415,11:21:12,11.16,-0.01,42,46872,卖盘
2416,11:21:06,11.17,-0.01,51,56967,卖盘
2417,11:21:00,11.18,--,56,62608,买盘
2418,11:20:57,11.18,0.02,16,17888,买盘
2419,11:20:54,11.16,-0.01,9,10044,卖盘
2420,11:20:51,11.17,--,28,31276,买盘
2421,11:20:42,11.17,--,1,1117,买盘
2422,11:20:36,11.17,0.01,129,144093,中性盘
2423,11:20:24,11.16,-0.01,21,23436,卖盘
2424,11:20:21,11.17,--,895,999715,买盘
2425,11:20:15,11.17,--,23,25691,买盘
2426,11:20:12,11.17,0.01,6,6702,买盘
2427,11:20:09,11.16,-0.01,4,4464,卖盘
2428,11:20:06,11.17,--,2,2234,买盘
2429,11:20:03,11.17,0.01,1,1117,买盘
2430,11:20:00,11.16,-0.01,8,8928,卖盘
2431,11:19:57,11.17,--,1,1117,买盘
2432,11:19:54,11.17,0.01,2,2234,买盘
2433,11:19:45,11.16,-0.01,6,6696,卖盘
2434,11:19:42,11.17,--,1,1117,买盘
2435,11:19:39,11.17,0.02,37,41329,买盘
2436,11:19:36,11.15,-0.01,8,8920,卖盘
2437,11:19:30,11.16,--,7,7812,买盘
2438,11:19:27,11.16,-0.01,53,59148,卖盘
2439,11:19:24,11.17,0.02,98,109466,买盘
2440,11:19:21,11.15,-0.01,373,415895,卖盘
2441,11:19:18,11.16,--,2,2232,买盘
2442,11:19:15,11.16,0.01,140,156240,买盘
2443,11:19:06,11.15,-0.01,6,6690,卖盘
2444,11:19:03,11.16,0.01,27,30132,买盘
2445,11:19:00,11.15,-0.01,50,55750,卖盘
2446,11:18:57,11.16,--,1,1116,买盘
2447,11:18:54,11.16,--,2,2232,买盘
2448,11:18:51,11.16,0.01,101,112716,买盘
2449,11:18:45,11.15,-0.01,16,17840,卖盘
2450,11:18:42,11.16,--,2,2232,买盘
2451,11:18:39,11.16,--,581,648396,卖盘
2452,11:18:36,11.16,-0.01,82,91512,卖盘
2453,11:18:33,11.17,0.01,44,49148,买盘
2454,11:18:30,11.16,-0.01,5,5580,卖盘
2455,11:18:27,11.17,--,9,10053,买盘
2456,11:18:24,11.17,--,6,6702,买盘
2457,11:18:21,11.17,0.01,50,55850,买盘
2458,11:18:18,11.16,-0.01,10,11160,卖盘
2459,11:18:15,11.17,--,22,24574,买盘
2460,11:18:12,11.17,--,65,72605,买盘
2461,11:18:06,11.17,--,2,2234,买盘
2462,11:18:03,11.17,0.01,9,10053,买盘
2463,11:18:00,11.16,--,1,1116,卖盘
2464,11:17:57,11.16,-0.01,14,15624,卖盘
2465,11:17:54,11.17,--,42,46914,买盘
2466,11:17:51,11.17,0.01,1,1117,买盘
2467,11:17:48,11.16,-0.01,2,2232,卖盘
2468,11:17:42,11.17,--,2,2234,买盘
2469,11:17:39,11.17,--,1,1117,买盘
2470,11:17:36,11.17,0.01,8,8936,买盘
2471,11:17:33,11.16,--,17,18972,卖盘
2472,11:17:24,11.16,-0.01,15,16740,卖盘
2473,11:17:21,11.17,--,13,14521,买盘
2474,11:17:12,11.17,0.01,1,1117,买盘
2475,11:17:09,11.16,-0.01,1,1116,卖盘
2476,11:17:06,11.17,--,22,24574,买盘
2477,11:17:03,11.17,0.01,4,4468,买盘
2478,11:17:00,11.16,-0.01,56,62496,卖盘
2479,11:16:57,11.17,0.01,29,32393,买盘
2480,11:16:54,11.16,-0.01,57,63612,卖盘
2481,11:16:51,11.17,0.01,86,96062,买盘
2482,11:16:48,11.16,-0.01,3,3348,卖盘
2483,11:16:45,11.17,--,2,2234,买盘
2484,11:16:42,11.17,0.01,21,23457,买盘
2485,11:16:39,11.16,-0.01,2,2232,卖盘
2486,11:16:33,11.17,0.01,1,1117,买盘
2487,11:16:30,11.16,--,6,6696,卖盘
2488,11:16:24,11.16,-0.01,118,131688,卖盘
2489,11:16:21,11.17,--,15,16755,买盘
2490,11:16:18,11.17,0.01,13,14521,买盘
2491,11:16:15,11.16,--,36,40176,卖盘
2492,11:16:12,11.16,-0.01,1,1116,卖盘
2493,11:16:09,11.17,--,5,5585,买盘
2494,11:16:03,11.17,--,12,13404,买盘
2495,11:15:57,11.17,--,1,1117,买盘
2496,11:15:54,11.17,0.01,3,3351,买盘
2497,11:15:51,11.16,--,4,4464,卖盘
2498,11:15:48,11.16,-0.01,163,181908,卖盘
2499,11:15:42,11.17,--,7,7819,买盘
2500,11:15:39,11.17,--,37,41329,买盘
2501,11:15:36,11.17,--,22,24574,买盘
2502,11:15:30,11.17,0.01,5,5585,买盘
2503,11:15:27,11.16,--,55,61380,卖盘
2504,11:15:24,11.16,-0.01,20,22320,卖盘
2505,11:15:21,11.17,0.01,12,13404,买盘
2506,11:15:18,11.16,--,8,8928,卖盘
2507,11:15:15,11.16,-0.01,15,16740,卖盘
2508,11:15:12,11.17,--,26,29042,买盘
2509,11:15:06,11.17,0.01,2,2234,买盘
2510,11:15:00,11.16,--,3,3348,卖盘
2511,11:14:57,11.16,-0.01,59,65844,卖盘
2512,11:14:54,11.17,--,3,3351,买盘
2513,11:14:51,11.17,0.01,6,6702,买盘
2514,11:14:48,11.16,--,50,55800,卖盘
2515,11:14:45,11.16,-0.01,4,4464,卖盘
2516,11:14:42,11.17,0.01,9,10053,买盘
2517,11:14:39,11.16,--,30,33480,卖盘
2518,11:14:33,11.16,--,3,3348,卖盘
2519,11:14:27,11.16,--,42,46872,卖盘
2520,11:14:24,11.16,-0.01,4,4464,卖盘
2521,11:14:21,11.17,--,49,54733,买盘
2522,11:14:12,11.17,0.01,18,20106,买盘
2523,11:14:06,11.16,--,11,12276,卖盘
2524,11:14:00,11.16,--,1,1116,卖盘
2525,11:13:57,11.16,-0.01,13,14508,卖盘
2526,11:13:54,11.17,--,2,2234,买盘
2527,11:13:51,11.17,--,1,1117,买盘
2528,11:13:48,11.17,0.01,18,20106,买盘
2529,11:13:45,11.16,--,4,4464,卖盘
2530,11:13:39,11.16,--,62,69192,卖盘
2531,11:13:36,11.16,--,28,31248,卖盘
2532,11:13:33,11.16,-0.01,13,14508,卖盘
2533,11:13:30,11.17,--,2,2234,买盘
2534,11:13:27,11.17,--,2,2234,买盘
2535,11:13:24,11.17,--,160,178720,买盘
2536,11:13:21,11.17,--,41,45797,买盘
2537,11:13:15,11.17,0.01,20,22340,买盘
2538,11:13:09,11.16,-0.01,16,17856,卖盘
2539,11:13:06,11.17,--,162,180954,买盘
2540,11:13:03,11.17,--,2,2234,买盘
2541,11:13:00,11.17,0.01,37,41329,买盘
2542,11:12:57,11.16,-0.01,27,30132,卖盘
2543,11:12:54,11.17,--,11,12287,买盘
2544,11:12:48,11.17,--,11,12287,买盘
2545,11:12:42,11.17,0.01,1,1117,买盘
2546,11:12:36,11.16,--,4,4464,卖盘
2547,11:12:33,11.16,-0.01,8,8928,卖盘
2548,11:12:30,11.17,--,52,58084,买盘
2549,11:12:24,11.17,0.01,66,73722,买盘
2550,11:12:21,11.16,--,29,32364,卖盘
2551,11:12:15,11.16,-0.01,10,11160,卖盘
2552,11:12:12,11.17,0.01,2,2234,买盘
2553,11:12:09,11.16,-0.01,55,61380,卖盘
2554,11:12:03,11.17,0.01,23,25691,买盘
2555,11:11:57,11.16,-0.01,13,14508,卖盘
2556,11:11:54,11.17,--,1,1117,买盘
2557,11:11:51,11.17,0.01,10,11170,买盘
2558,11:11:48,11.16,-0.01,2,2232,卖盘
2559,11:11:45,11.17,-0.01,4,4468,中性盘
2560,11:11:42,11.18,0.01,78,87204,买盘
2561,11:11:39,11.17,--,22,24574,买盘
2562,11:11:36,11.17,--,9,10053,买盘
2563,11:11:33,11.17,0.01,44,49148,买盘
2564,11:11:30,11.16,-0.01,225,251100,卖盘
2565,11:11:24,11.17,--,583,651211,买盘
2566,11:11:21,11.17,--,12,13404,买盘
2567,11:11:18,11.17,0.01,174,194358,买盘
2568,11:11:15,11.16,--,10,11160,卖盘
2569,11:11:12,11.16,-0.01,1,1116,卖盘
2570,11:11:09,11.17,--,51,56967,买盘
2571,11:11:06,11.17,--,145,161965,买盘
2572,11:11:03,11.17,--,1,1117,买盘
2573,11:10:54,11.17,0.01,1,1117,买盘
2574,11:10:51,11.16,-0.01,12,13392,卖盘
2575,11:10:48,11.17,--,1,1117,买盘
2576,11:10:45,11.17,--,1,1117,买盘
2577,11:10:42,11.17,0.01,1,1117,买盘
2578,11:10:36,11.16,-0.01,60,66960,卖盘
2579,11:10:33,11.17,--,4,4468,买盘
2580,11:10:27,11.17,0.01,10,11170,买盘
2581,11:10:24,11.16,-0.01,24,26784,卖盘
2582,11:10:21,11.17,0.01,366,408822,买盘
2583,11:10:18,11.16,0.01,51,56916,买盘
2584,11:10:15,11.15,-0.01,127,141605,卖盘
2585,11:10:12,11.16,--,28,31248,买盘
2586,11:10:06,11.16,--,2,2232,买盘
2587,11:10:03,11.16,--,1,1116,买盘
2588,11:10:00,11.16,0.01,1,1116,买盘
2589,11:09:57,11.15,-0.01,127,141605,卖盘
2590,11:09:54,11.16,--,120,133920,买盘
2591,11:09:51,11.16,0.01,273,304668,买盘
2592,11:09:48,11.15,-0.01,197,219655,卖盘
2593,11:09:42,11.16,--,1,1116,买盘
2594,11:09:39,11.16,--,29,32364,买盘
2595,11:09:33,11.16,0.01,6,6696,买盘
2596,11:09:27,11.15,--,29,32335,买盘
2597,11:09:24,11.15,0.01,229,255335,买盘
2598,11:09:21,11.14,--,30,33420,卖盘
2599,11:09:18,11.14,-0.01,4,4456,卖盘
2600,11:09:15,11.15,0.01,2687,2996005,买盘
2601,11:09:12,11.14,-0.01,10,11140,卖盘
2602,11:09:06,11.15,--,57,63555,买盘
2603,11:09:03,11.15,0.01,1,1115,买盘
2604,11:09:00,11.14,-0.01,1,1114,卖盘
2605,11:08:57,11.15,--,1,1115,买盘
2606,11:08:54,11.15,0.01,3,3345,买盘
2607,11:08:48,11.14,-0.01,713,794282,卖盘
2608,11:08:45,11.15,--,20,22300,买盘
2609,11:08:42,11.15,0.01,1,1115,买盘
2610,11:08:39,11.14,--,20,22280,买盘
2611,11:08:36,11.14,--,33,36762,买盘
2612,11:08:33,11.14,0.01,3,3342,买盘
2613,11:08:30,11.13,-0.01,19,21147,卖盘
2614,11:08:27,11.14,0.01,35,38990,中性盘
2615,11:08:18,11.13,-0.02,15,16695,卖盘
2616,11:08:15,11.15,0.01,426,474990,买盘
2617,11:08:12,11.14,-0.01,605,673970,卖盘
2618,11:08:06,11.15,0.01,272,303280,买盘
2619,11:08:03,11.14,-0.01,100,111400,卖盘
2620,11:08:00,11.15,0.01,51,56865,买盘
2621,11:07:57,11.14,-0.01,21,23394,卖盘
2622,11:07:54,11.15,0.01,3,3345,买盘
2623,11:07:48,11.14,-0.01,53,59042,卖盘
2624,11:07:45,11.15,0.01,6,6690,买盘
2625,11:07:42,11.14,--,51,56814,卖盘
2626,11:07:39,11.14,-0.01,10,11140,卖盘
2627,11:07:33,11.15,0.01,51,56865,买盘
2628,11:07:30,11.14,-0.01,23,25622,卖盘
2629,11:07:27,11.15,--,83,92545,买盘
2630,11:07:21,11.15,0.01,51,56865,买盘
2631,11:07:15,11.14,-0.01,11,12254,卖盘
2632,11:07:12,11.15,--,51,56865,买盘
2633,11:07:09,11.15,0.01,134,149410,买盘
2634,11:07:06,11.14,--,14,15596,卖盘
2635,11:07:03,11.14,--,1,1114,卖盘
2636,11:07:00,11.14,-0.01,1,1114,卖盘
2637,11:06:57,11.15,--,68,75820,买盘
2638,11:06:54,11.15,0.01,4,4460,买盘
2639,11:06:48,11.14,-0.01,3,3342,卖盘
2640,11:06:42,11.15,--,72,80280,买盘
2641,11:06:39,11.15,0.01,154,171710,买盘
2642,11:06:36,11.14,-0.01,51,56814,卖盘
2643,11:06:33,11.15,0.01,7,7805,买盘
2644,11:06:30,11.14,-0.01,1,1114,卖盘
2645,11:06:24,11.15,--,30,33450,买盘
2646,11:06:21,11.15,--,23,25645,买盘
2647,11:06:18,11.15,--,5,5575,买盘
2648,11:06:15,11.15,--,9,10035,买盘
2649,11:06:12,11.15,--,20,22300,买盘
2650,11:06:09,11.15,0.01,31,34565,买盘
2651,11:06:06,11.14,--,3,3342,卖盘
2652,11:06:03,11.14,--,7,7798,卖盘
2653,11:06:00,11.14,-0.01,5,5570,卖盘
2654,11:05:57,11.15,--,1,1115,买盘
2655,11:05:54,11.15,--,10,11150,买盘
2656,11:05:48,11.15,--,39,43485,买盘
2657,11:05:45,11.15,--,16,17840,买盘
2658,11:05:42,11.15,0.01,2,2230,买盘
2659,11:05:30,11.14,-0.01,9,10026,卖盘
2660,11:05:24,11.15,0.01,3,3345,买盘
2661,11:05:18,11.14,-0.01,10,11140,卖盘
2662,11:05:15,11.15,0.01,1,1115,买盘
2663,11:05:06,11.14,-0.01,11,12254,卖盘
2664,11:05:03,11.15,0.01,14,15610,买盘
2665,11:05:00,11.14,-0.01,139,154846,卖盘
2666,11:04:57,11.15,--,2,2230,买盘
2667,11:04:54,11.15,--,30,33450,买盘
2668,11:04:51,11.15,0.01,1,1115,买盘
2669,11:04:48,11.14,--,20,22280,卖盘
2670,11:04:45,11.14,-0.01,13,14482,卖盘
2671,11:04:42,11.15,--,1,1115,买盘
2672,11:04:39,11.15,0.01,641,714715,买盘
2673,11:04:33,11.14,-0.01,372,414408,卖盘
2674,11:04:21,11.15,0.01,20,22300,买盘
2675,11:04:18,11.14,-0.01,1,1114,卖盘
2676,11:04:12,11.15,0.01,1,1115,买盘
2677,11:04:09,11.14,--,12,13368,卖盘
2678,11:04:06,11.14,-0.01,10,11140,卖盘
2679,11:04:03,11.15,0.01,5,5575,买盘
2680,11:04:00,11.14,--,21,23394,卖盘
2681,11:03:57,11.14,--,13,14482,买盘
2682,11:03:54,11.14,-0.01,2,2228,中性盘
2683,11:03:51,11.15,0.01,84,93660,买盘
2684,11:03:48,11.14,--,2,2228,卖盘
2685,11:03:45,11.14,-0.01,20,22280,卖盘
2686,11:03:42,11.15,--,1,1115,买盘
2687,11:03:33,11.15,0.01,580,646700,买盘
2688,11:03:30,11.14,-0.01,10,11140,卖盘
2689,11:03:27,11.15,--,2,2230,买盘
2690,11:03:24,11.15,--,30,33450,买盘
2691,11:03:21,11.15,0.01,11,12265,买盘
2692,11:03:18,11.14,-0.01,11,12254,卖盘
2693,11:03:15,11.15,0.01,27,30105,买盘
2694,11:03:09,11.14,--,1,1114,卖盘
2695,11:03:06,11.14,--,30,33420,卖盘
2696,11:03:03,11.14,--,344,383216,买盘
2697,11:02:57,11.14,--,1,1114,买盘
2698,11:02:54,11.14,--,3,3342,买盘
2699,11:02:51,11.14,0.01,10,11140,买盘
2700,11:02:48,11.13,-0.01,4,4452,卖盘
2701,11:02:45,11.14,--,1,1114,买盘
2702,11:02:42,11.14,0.01,2,2228,买盘
2703,11:02:39,11.13,-0.01,10,11130,卖盘
2704,11:02:33,11.14,--,15,16710,买盘
2705,11:02:30,11.14,--,5,5570,买盘
2706,11:02:24,11.14,--,20,22280,买盘
2707,11:02:21,11.14,--,6,6684,买盘
2708,11:02:15,11.14,--,6,6684,买盘
2709,11:02:12,11.14,0.01,147,163758,买盘
2710,11:02:09,11.13,-0.01,47,52311,卖盘
2711,11:02:06,11.14,0.01,2,2228,买盘
2712,11:02:00,11.13,-0.01,158,175854,卖盘
2713,11:01:57,11.14,--,1,1114,买盘
2714,11:01:54,11.14,--,2,2228,买盘
2715,11:01:51,11.14,--,6,6684,买盘
2716,11:01:48,11.14,--,6,6684,买盘
2717,11:01:45,11.14,--,22,24508,买盘
2718,11:01:42,11.14,--,5,5570,买盘
2719,11:01:36,11.14,--,32,35648,买盘
2720,11:01:33,11.14,--,1,1114,买盘
2721,11:01:30,11.14,0.01,11,12254,买盘
2722,11:01:24,11.13,--,81,90153,卖盘
2723,11:01:18,11.13,-0.01,36,40068,卖盘
2724,11:01:15,11.14,--,1,1114,买盘
2725,11:01:12,11.14,0.01,1,1114,买盘
2726,11:01:09,11.13,-0.01,1,1113,卖盘
2727,11:01:06,11.14,--,3,3342,买盘
2728,11:00:57,11.14,--,2,2228,买盘
2729,11:00:54,11.14,--,5,5570,买盘
2730,11:00:51,11.14,--,1,1114,买盘
2731,11:00:48,11.14,--,2,2228,买盘
2732,11:00:42,11.14,0.01,15,16710,买盘
2733,11:00:39,11.13,--,4,4452,卖盘
2734,11:00:36,11.13,-0.01,2,2226,卖盘
2735,11:00:33,11.14,0.01,3,3342,中性盘
2736,11:00:30,11.13,-0.02,64,71232,卖盘
2737,11:00:24,11.15,0.01,1,1115,买盘
2738,11:00:18,11.14,-0.01,7,7798,卖盘
2739,11:00:15,11.15,--,50,55750,买盘
2740,11:00:12,11.15,--,5,5575,买盘
2741,11:00:06,11.15,0.01,1,1115,买盘
2742,11:00:03,11.14,--,4,4456,卖盘
2743,11:00:00,11.14,--,1,1114,卖盘
2744,10:59:57,11.14,--,2,2228,卖盘
2745,10:59:54,11.14,--,31,34534,卖盘
2746,10:59:51,11.14,-0.01,33,36762,卖盘
2747,10:59:48,11.15,0.01,1,1115,买盘
2748,10:59:45,11.14,-0.01,32,35648,卖盘
2749,10:59:42,11.15,0.01,12,13380,买盘
2750,10:59:36,11.14,--,1,1114,卖盘
2751,10:59:33,11.14,--,95,105830,买盘
2752,10:59:30,11.14,--,677,754489,买盘
2753,10:59:24,11.14,--,273,304122,卖盘
2754,10:59:21,11.14,--,30,33420,卖盘
2755,10:59:18,11.14,-0.01,13,14482,卖盘
2756,10:59:12,11.15,0.01,4,4460,买盘
2757,10:59:09,11.14,-0.01,5,5570,卖盘
2758,10:59:06,11.15,0.01,15,16725,买盘
2759,10:59:00,11.14,--,2,2228,卖盘
2760,10:58:57,11.14,--,3,3342,卖盘
2761,10:58:54,11.14,-0.01,4,4456,卖盘
2762,10:58:51,11.15,0.01,841,937715,买盘
2763,10:58:48,11.14,-0.01,95,105830,卖盘
2764,10:58:45,11.15,0.01,4,4460,买盘
2765,10:58:42,11.14,--,11,12254,卖盘
2766,10:58:39,11.14,0.01,74,82436,买盘
2767,10:58:36,11.13,-0.01,11,12243,卖盘
2768,10:58:33,11.14,0.01,4,4456,买盘
2769,10:58:30,11.13,-0.01,62,69006,卖盘
2770,10:58:27,11.14,--,135,150390,买盘
2771,10:58:24,11.14,--,12,13368,买盘
2772,10:58:18,11.14,0.01,105,116970,买盘
2773,10:58:15,11.13,--,33,36729,买盘
2774,10:58:12,11.13,--,44,48972,买盘
2775,10:58:06,11.13,--,1,1113,买盘
2776,10:58:03,11.13,0.01,21,23373,买盘
2777,10:58:00,11.12,-0.01,12,13343,卖盘
2778,10:57:57,11.13,0.01,1,1113,买盘
2779,10:57:54,11.12,-0.01,3,3335,卖盘
2780,10:57:51,11.13,--,2,2226,买盘
2781,10:57:45,11.13,0.01,1,1113,买盘
2782,10:57:42,11.12,-0.01,37,41144,卖盘
2783,10:57:36,11.13,--,5,5565,买盘
2784,10:57:33,11.13,0.01,147,163611,买盘
2785,10:57:30,11.12,--,60,66720,卖盘
2786,10:57:24,11.12,-0.01,4,4448,卖盘
2787,10:57:21,11.13,--,3,3339,买盘
2788,10:57:15,11.13,--,1,1113,买盘
2789,10:57:12,11.13,--,12,13356,买盘
2790,10:57:06,11.13,--,3,3339,买盘
2791,10:57:03,11.13,-0.01,5,5565,中性盘
2792,10:57:00,11.14,--,16,17824,买盘
2793,10:56:57,11.14,0.02,14,15596,买盘
2794,10:56:54,11.12,-0.01,3,3335,卖盘
2795,10:56:51,11.13,-0.01,37,41181,中性盘
2796,10:56:48,11.14,--,1,1114,买盘
2797,10:56:42,11.14,--,9,10026,买盘
2798,10:56:36,11.14,0.01,30,33420,买盘
2799,10:56:33,11.13,--,10,11130,卖盘
2800,10:56:24,11.13,-0.01,3,3339,卖盘
2801,10:56:21,11.14,0.01,3,3342,买盘
2802,10:56:18,11.13,-0.02,5,5565,中性盘
2803,10:56:09,11.15,0.02,1568,1748320,买盘
2804,10:56:06,11.13,0.01,3,3339,买盘
2805,10:56:03,11.12,--,10,11120,卖盘
2806,10:56:00,11.12,-0.01,2,2224,卖盘
2807,10:55:57,11.13,0.01,108,120204,买盘
2808,10:55:54,11.12,-0.01,5,5560,卖盘
2809,10:55:48,11.13,--,5,5565,买盘
2810,10:55:42,11.13,0.01,1,1113,买盘
2811,10:55:36,11.12,--,5,5560,卖盘
2812,10:55:33,11.12,--,23,25576,卖盘
2813,10:55:30,11.12,-0.01,55,61159,卖盘
2814,10:55:27,11.13,--,6,6678,买盘
2815,10:55:24,11.13,0.01,1,1113,买盘
2816,10:55:12,11.12,--,5,5560,卖盘
2817,10:55:09,11.12,-0.01,399,443687,卖盘
2818,10:55:06,11.13,0.01,3,3339,买盘
2819,10:55:00,11.12,-0.01,1,1112,卖盘
2820,10:54:57,11.13,--,150,166950,卖盘
2821,10:54:54,11.13,-0.01,31,34503,卖盘
