,time,price,change,volume,amount,type
0,15:00:03,10.73,0.01,5851,6278455,买盘
1,14:57:00,10.72,--,0,0,买盘
2,14:56:57,10.72,0.01,65,69680,买盘
3,14:56:54,10.71,-0.01,37,39627,卖盘
4,14:56:51,10.72,--,17,18224,买盘
5,14:56:48,10.72,0.01,32,34304,买盘
6,14:56:45,10.71,-0.01,20,21420,卖盘
7,14:56:39,10.72,0.01,12,12864,买盘
8,14:56:33,10.71,0.03,2117,2268345,买盘
9,14:56:30,10.68,0.01,100,106800,买盘
10,14:56:27,10.67,-0.01,3,3201,卖盘
11,14:56:24,10.68,--,51,54468,买盘
12,14:56:21,10.68,--,21,22428,买盘
13,14:56:18,10.68,0.01,10,10680,买盘
14,14:56:15,10.67,-0.01,55,58685,卖盘
15,14:56:12,10.68,-0.01,58,61944,卖盘
16,14:56:09,10.69,0.01,35,37415,买盘
17,14:56:06,10.68,--,95,101460,卖盘
18,14:56:03,10.68,-0.01,26,27768,卖盘
19,14:56:00,10.69,0.01,48,51312,买盘
20,14:55:51,10.68,--,5,5340,卖盘
21,14:55:48,10.68,-0.01,1,1068,卖盘
22,14:55:45,10.69,--,14,14966,买盘
23,14:55:39,10.69,--,130,138970,买盘
24,14:55:36,10.69,--,9,9621,买盘
25,14:55:33,10.69,0.01,47,50243,买盘
26,14:55:30,10.68,--,55,58740,买盘
27,14:55:27,10.68,-0.01,58,61944,卖盘
28,14:55:24,10.69,--,2,2138,买盘
29,14:55:21,10.69,0.01,6,6414,买盘
30,14:55:18,10.68,--,55,58740,卖盘
31,14:55:15,10.68,--,4,4272,卖盘
32,14:55:06,10.68,-0.01,5,5340,卖盘
33,14:55:03,10.69,--,1,1069,买盘
34,14:55:00,10.69,0.01,135,144315,买盘
35,14:54:57,10.68,--,36,38448,卖盘
36,14:54:54,10.68,--,2,2136,卖盘
37,14:54:51,10.68,0.01,44,46992,卖盘
38,14:54:45,10.67,-0.01,80,85360,卖盘
39,14:54:42,10.68,--,1,1068,买盘
40,14:54:39,10.68,--,58,61944,买盘
41,14:54:36,10.68,--,16,17088,买盘
42,14:54:33,10.68,--,47,50196,卖盘
43,14:54:30,10.68,--,27,28836,卖盘
44,14:54:27,10.68,--,81,86508,买盘
45,14:54:24,10.68,--,30,32040,买盘
46,14:54:21,10.68,--,12,12816,买盘
47,14:54:18,10.68,0.01,239,255252,买盘
48,14:54:15,10.67,-0.01,138,147246,卖盘
49,14:54:12,10.68,--,35,37380,买盘
50,14:54:06,10.68,--,5,5340,买盘
51,14:54:03,10.68,--,60,64080,买盘
52,14:54:00,10.68,--,15,16020,买盘
53,14:53:57,10.68,--,181,193308,买盘
54,14:53:54,10.68,--,100,106800,买盘
55,14:53:51,10.68,--,14,14952,卖盘
56,14:53:48,10.68,--,53,56604,卖盘
57,14:53:45,10.68,0.01,14,14952,买盘
58,14:53:42,10.67,-0.02,52,55484,卖盘
59,14:53:39,10.69,0.01,24,25656,买盘
60,14:53:36,10.68,0.01,5,5340,买盘
61,14:53:33,10.67,--,1051,1121417,卖盘
62,14:53:30,10.67,-0.01,130,138710,卖盘
63,14:53:27,10.68,0.01,63,67284,买盘
64,14:53:24,10.67,-0.01,130,138710,卖盘
65,14:53:21,10.68,0.01,331,353508,买盘
66,14:53:18,10.67,--,10,10670,卖盘
67,14:53:15,10.67,-0.01,16,17072,卖盘
68,14:53:12,10.68,0.01,625,667500,买盘
69,14:53:06,10.67,--,26,27742,卖盘
70,14:53:00,10.67,--,10,10670,卖盘
71,14:52:57,10.67,-0.01,9,9603,卖盘
72,14:52:51,10.68,0.01,26,27768,买盘
73,14:52:48,10.67,-0.01,61,65087,卖盘
74,14:52:45,10.68,0.01,6,6408,买盘
75,14:52:39,10.67,-0.01,295,314765,卖盘
76,14:52:36,10.68,--,10,10680,买盘
77,14:52:33,10.68,--,56,59808,买盘
78,14:52:27,10.68,--,9,9612,买盘
79,14:52:24,10.68,--,46,49128,卖盘
80,14:52:21,10.68,--,25,26700,卖盘
81,14:52:18,10.68,-0.01,13,13884,卖盘
82,14:52:15,10.69,--,12,12828,买盘
83,14:52:12,10.69,0.01,25,26725,买盘
84,14:52:09,10.68,--,91,97188,卖盘
85,14:52:06,10.68,--,458,489144,买盘
86,14:52:03,10.68,--,5,5340,买盘
87,14:52:00,10.68,0.01,12,12816,买盘
88,14:51:57,10.67,-0.01,186,198462,卖盘
89,14:51:54,10.68,--,28,29904,买盘
90,14:51:51,10.68,--,156,166608,买盘
91,14:51:48,10.68,--,105,112140,买盘
92,14:51:45,10.68,0.01,11,11748,买盘
93,14:51:42,10.67,-0.01,584,623128,卖盘
94,14:51:39,10.68,--,30,32040,买盘
95,14:51:36,10.68,--,41,43788,买盘
96,14:51:30,10.68,--,142,151656,买盘
97,14:51:27,10.68,0.01,471,503028,买盘
98,14:51:24,10.67,-0.01,184,196328,卖盘
99,14:51:21,10.68,--,11,11748,买盘
100,14:51:18,10.68,--,1,1068,买盘
101,14:51:15,10.68,--,13,13884,买盘
102,14:51:12,10.68,--,105,112140,买盘
103,14:51:06,10.68,--,16,17088,买盘
104,14:51:03,10.68,0.01,16,17088,买盘
105,14:51:00,10.67,-0.01,378,403326,卖盘
106,14:50:57,10.68,--,80,85440,卖盘
107,14:50:54,10.68,-0.01,6,6408,卖盘
108,14:50:51,10.69,--,32,34208,买盘
109,14:50:48,10.69,--,72,76968,买盘
110,14:50:45,10.69,0.01,6,6414,买盘
111,14:50:42,10.68,-0.02,2281,2436108,卖盘
112,14:50:39,10.7,--,37,39590,买盘
113,14:50:36,10.7,--,748,800360,卖盘
114,14:50:33,10.7,-0.01,5,5350,卖盘
115,14:50:24,10.71,0.01,13,13923,买盘
116,14:50:21,10.7,0.01,460,492199,买盘
117,14:50:06,10.69,--,5,5345,卖盘
118,14:50:00,10.69,-0.01,287,306803,中性盘
119,14:49:54,10.7,--,15,16049,买盘
120,14:49:51,10.7,0.01,191,204370,买盘
121,14:49:48,10.69,--,4,4276,买盘
122,14:49:45,10.69,--,203,217007,卖盘
123,14:49:42,10.69,0.01,74,79106,买盘
124,14:49:39,10.68,--,175,186900,卖盘
125,14:49:36,10.68,-0.01,138,147384,卖盘
126,14:49:33,10.69,--,76,81244,买盘
127,14:49:30,10.69,0.01,23,24587,买盘
128,14:49:27,10.68,-0.01,15,16020,卖盘
129,14:49:24,10.69,0.01,4,4276,买盘
130,14:49:21,10.68,-0.01,60,64080,卖盘
131,14:49:18,10.69,--,18,19242,买盘
132,14:49:12,10.69,0.01,116,124004,买盘
133,14:49:09,10.68,-0.01,37,39516,卖盘
134,14:49:03,10.69,--,3,3207,买盘
135,14:48:57,10.69,--,5,5345,卖盘
136,14:48:54,10.69,--,21,22449,卖盘
137,14:48:51,10.69,-0.01,5,5345,卖盘
138,14:48:45,10.7,--,1,1070,买盘
139,14:48:42,10.7,0.02,11,11770,买盘
140,14:48:39,10.68,-0.02,1073,1145964,卖盘
141,14:48:36,10.7,0.01,26,27819,中性盘
142,14:48:30,10.69,--,42,44898,卖盘
143,14:48:27,10.69,-0.01,102,109038,卖盘
144,14:48:24,10.7,--,2,2140,卖盘
145,14:48:21,10.7,--,12,12840,买盘
146,14:48:12,10.7,--,73,78110,买盘
147,14:48:09,10.7,-0.02,37,39590,卖盘
148,14:48:06,10.72,--,13,13936,买盘
149,14:48:03,10.72,--,262,280864,买盘
150,14:48:00,10.72,--,3,3216,买盘
151,14:47:51,10.72,0.03,20,21440,买盘
152,14:47:48,10.69,-0.01,752,803888,卖盘
153,14:47:45,10.7,0.01,3,3210,买盘
154,14:47:42,10.69,-0.01,198,211875,卖盘
155,14:47:27,10.7,-0.02,125,133750,卖盘
156,14:47:24,10.72,0.02,3,3216,买盘
157,14:47:21,10.7,--,34,37236,卖盘
158,14:47:12,10.7,-0.01,12,12840,卖盘
159,14:47:06,10.71,--,2,2142,买盘
160,14:47:03,10.71,-0.01,57,61047,中性盘
161,14:47:00,10.72,0.01,11,11792,买盘
162,14:46:54,10.71,-0.01,6,6426,中性盘
163,14:46:45,10.72,--,1,1072,买盘
164,14:46:42,10.72,0.01,51,54672,买盘
165,14:46:39,10.71,0.01,10,10710,买盘
166,14:46:36,10.7,--,164,175480,卖盘
167,14:46:33,10.7,--,135,144450,卖盘
168,14:46:27,10.7,-0.02,80,85600,中性盘
169,14:46:18,10.72,0.02,586,628192,买盘
170,14:46:15,10.7,--,236,252519,买盘
171,14:46:12,10.7,--,80,85600,买盘
172,14:46:09,10.7,--,13,13909,买盘
173,14:46:06,10.7,--,12,12840,买盘
174,14:46:03,10.7,--,7,7489,买盘
175,14:46:00,10.7,--,198,212534,买盘
176,14:45:54,10.7,--,4,4280,买盘
177,14:45:48,10.7,--,67,71690,买盘
178,14:45:45,10.7,-0.03,1397,1495314,卖盘
179,14:45:42,10.73,--,2,2146,买盘
180,14:45:36,10.73,--,6,6438,买盘
181,14:45:33,10.73,0.01,16,17168,买盘
182,14:45:30,10.72,--,12,12864,卖盘
183,14:45:18,10.72,0.01,977,1047772,买盘
184,14:45:15,10.71,-0.01,125,133875,卖盘
185,14:45:09,10.72,--,5,5360,买盘
186,14:45:06,10.72,--,2,2144,买盘
187,14:45:03,10.72,0.01,3,3216,买盘
188,14:44:57,10.71,0.01,44,47124,中性盘
189,14:44:51,10.7,-0.02,55,58849,卖盘
190,14:44:48,10.72,0.01,57,61104,买盘
191,14:44:45,10.71,--,12,12852,买盘
192,14:44:39,10.71,--,4,4284,买盘
193,14:44:36,10.71,--,2,2142,买盘
194,14:44:24,10.71,--,1,1071,买盘
195,14:44:21,10.71,--,14,14994,买盘
196,14:44:15,10.71,--,26,27846,买盘
197,14:44:12,10.71,-0.01,85,91035,卖盘
198,14:44:09,10.72,0.01,3,3216,买盘
199,14:44:06,10.71,--,3,3213,买盘
200,14:44:03,10.71,--,112,119952,买盘
201,14:44:00,10.71,--,13,13923,买盘
202,14:43:57,10.71,0.01,5,5355,买盘
203,14:43:54,10.7,-0.01,60,64317,卖盘
204,14:43:51,10.71,--,20,21420,买盘
205,14:43:48,10.71,0.01,51,54621,买盘
206,14:43:45,10.7,-0.01,7,7489,卖盘
207,14:43:42,10.71,--,33,35343,买盘
208,14:43:39,10.71,--,24,25704,买盘
209,14:43:36,10.71,--,76,81396,买盘
210,14:43:33,10.71,--,55,58905,买盘
211,14:43:27,10.71,--,1,1071,买盘
212,14:43:21,10.71,0.01,9,9639,买盘
213,14:43:18,10.7,-0.01,21,22470,卖盘
214,14:43:12,10.71,--,1469,1573299,买盘
215,14:43:09,10.71,0.01,18,19278,买盘
216,14:43:06,10.7,-0.01,1,1070,卖盘
217,14:43:03,10.71,0.01,3,3213,买盘
218,14:43:00,10.7,--,2,2140,卖盘
219,14:42:57,10.7,--,92,98440,卖盘
220,14:42:54,10.7,-0.01,121,129469,卖盘
221,14:42:45,10.71,--,6,6426,买盘
222,14:42:42,10.71,--,1,1071,买盘
223,14:42:39,10.71,-0.01,108,115668,卖盘
224,14:42:36,10.72,0.01,15,16080,买盘
225,14:42:33,10.71,0.01,7,7497,中性盘
226,14:42:24,10.7,--,5,5350,卖盘
227,14:42:18,10.7,-0.03,63,67410,卖盘
228,14:42:15,10.73,--,81,86913,买盘
229,14:42:12,10.73,0.01,306,328338,买盘
230,14:42:09,10.72,0.02,11,11792,买盘
231,14:42:06,10.7,-0.02,78,83460,卖盘
232,14:42:03,10.72,0.02,2,2144,买盘
233,14:42:00,10.7,--,5,5350,卖盘
234,14:41:54,10.7,-0.02,76,81320,卖盘
235,14:41:51,10.72,--,1,1072,买盘
236,14:41:48,10.72,0.02,22,23584,买盘
237,14:41:45,10.7,--,372,398040,买盘
238,14:41:33,10.7,--,3,3210,买盘
239,14:41:30,10.7,0.01,25,26750,买盘
240,14:41:27,10.69,-0.01,2,2138,卖盘
241,14:41:24,10.7,--,40,42800,卖盘
242,14:41:21,10.7,-0.02,30,32099,卖盘
243,14:41:18,10.72,0.02,5,5360,买盘
244,14:41:15,10.7,-0.02,30,32099,卖盘
245,14:41:09,10.72,--,4,4288,买盘
246,14:41:06,10.72,0.01,240,257280,买盘
247,14:41:03,10.71,--,11,11781,买盘
248,14:40:57,10.71,0.01,70,74970,买盘
249,14:40:54,10.7,--,58,62059,买盘
250,14:40:48,10.7,-0.01,1468,1570760,卖盘
251,14:40:45,10.71,0.01,14,14994,买盘
252,14:40:42,10.7,-0.01,2,2140,卖盘
253,14:40:39,10.71,0.01,10,10710,买盘
254,14:40:36,10.7,-0.01,188,201160,卖盘
255,14:40:33,10.71,--,3,3213,买盘
256,14:40:27,10.71,-0.01,115,123165,卖盘
257,14:40:24,10.72,--,12,12864,买盘
258,14:40:21,10.72,--,1,1072,买盘
259,14:40:18,10.72,--,26,27872,买盘
260,14:40:12,10.72,-0.01,1,1072,买盘
261,14:40:09,10.73,--,3,3219,买盘
262,14:40:03,10.73,0.02,955,1024715,买盘
263,14:40:00,10.71,--,83,88893,买盘
264,14:39:57,10.71,-0.02,3170,3395926,卖盘
265,14:39:51,10.73,0.01,26,27898,买盘
266,14:39:48,10.72,-0.01,3,3216,卖盘
267,14:39:45,10.73,--,2,2146,买盘
268,14:39:42,10.73,0.01,5,5365,买盘
269,14:39:33,10.72,-0.01,4,4288,卖盘
270,14:39:30,10.73,0.01,31,33263,买盘
271,14:39:27,10.72,-0.01,69,73968,卖盘
272,14:39:24,10.73,--,6,6438,买盘
273,14:39:21,10.73,--,3,4281,卖盘
274,14:39:18,10.73,--,10,10740,买盘
275,14:39:15,10.73,--,14,15022,买盘
276,14:39:09,10.73,--,12,12876,买盘
277,14:39:06,10.73,--,5,5365,买盘
278,14:39:03,10.73,-0.01,18,20376,卖盘
279,14:38:57,10.74,--,5,5370,买盘
280,14:38:54,10.74,--,40,42960,买盘
281,14:38:51,10.74,--,24,25776,买盘
282,14:38:48,10.74,--,2,2148,买盘
283,14:38:45,10.74,0.01,48,51552,买盘
284,14:38:39,10.73,--,85,91215,买盘
285,14:38:36,10.73,--,3,3219,买盘
286,14:38:33,10.73,0.01,50,53650,买盘
287,14:38:30,10.72,-0.01,10,10730,卖盘
288,14:38:27,10.73,--,1,1073,买盘
289,14:38:24,10.73,--,69,75099,卖盘
290,14:38:18,10.73,0.01,4,4302,中性盘
291,14:38:15,10.72,-0.01,539,577808,卖盘
292,14:38:12,10.73,--,12,12876,买盘
293,14:38:09,10.73,0.01,5,5365,买盘
294,14:38:03,10.72,-0.01,10,10720,卖盘
295,14:38:00,10.73,0.01,72,77256,买盘
296,14:37:57,10.72,-0.01,57,61104,卖盘
297,14:37:54,10.73,--,12,12876,买盘
298,14:37:51,10.73,--,8,8584,买盘
299,14:37:48,10.73,0.01,30,32190,买盘
300,14:37:45,10.72,-0.01,6,6432,卖盘
301,14:37:42,10.73,--,6,6438,买盘
302,14:37:39,10.73,--,159,170607,买盘
303,14:37:36,10.73,--,14,15022,买盘
304,14:37:33,10.73,--,77,82621,买盘
305,14:37:27,10.73,--,4,4292,买盘
306,14:37:18,10.73,0.01,6,6438,买盘
307,14:37:15,10.72,-0.01,6,6432,卖盘
308,14:37:12,10.73,0.01,2,2146,买盘
309,14:37:09,10.72,-0.01,16,17152,卖盘
310,14:37:06,10.73,--,3,3219,买盘
311,14:37:03,10.73,0.01,1,1073,买盘
312,14:37:00,10.72,-0.01,26,27872,卖盘
313,14:36:51,10.73,0.01,14,15022,买盘
314,14:36:48,10.72,--,11,11792,卖盘
315,14:36:45,10.72,--,1,1072,卖盘
316,14:36:42,10.72,--,26,27872,卖盘
317,14:36:39,10.72,--,13,13936,卖盘
318,14:36:33,10.72,--,63,67536,卖盘
319,14:36:30,10.72,-0.01,4,4288,卖盘
320,14:36:24,10.73,0.01,1,1073,买盘
321,14:36:21,10.72,-0.01,46,49312,卖盘
322,14:36:18,10.73,0.01,16,17168,买盘
323,14:36:09,10.72,--,88,94336,卖盘
324,14:36:06,10.72,--,18,19296,卖盘
325,14:36:03,10.72,--,10,10720,卖盘
326,14:35:57,10.72,-0.01,448,480256,卖盘
327,14:35:54,10.73,--,6,6438,买盘
328,14:35:51,10.73,0.01,102,109446,买盘
329,14:35:48,10.72,-0.01,21,22512,卖盘
330,14:35:39,10.73,0.01,120,128760,买盘
331,14:35:36,10.72,-0.01,2,2144,卖盘
332,14:35:30,10.73,--,20,21460,买盘
333,14:35:24,10.73,--,1,1073,买盘
334,14:35:15,10.73,--,8,8584,买盘
335,14:35:09,10.73,-0.01,301,322973,卖盘
336,14:35:06,10.74,--,5,5370,买盘
337,14:34:57,10.74,--,176,189024,买盘
338,14:34:54,10.74,0.01,73,78402,买盘
339,14:34:51,10.73,-0.01,20,21460,卖盘
340,14:34:45,10.74,0.01,1,1074,买盘
341,14:34:42,10.73,--,20,21460,卖盘
342,14:34:36,10.73,--,2,2146,卖盘
343,14:34:30,10.73,--,8,8584,卖盘
344,14:34:27,10.73,--,11,11803,卖盘
345,14:34:21,10.73,-0.01,15,16095,卖盘
346,14:34:15,10.74,--,31,33294,买盘
347,14:34:06,10.74,--,8,8592,买盘
348,14:34:03,10.74,--,1,1074,买盘
349,14:33:57,10.74,0.01,42,45108,买盘
350,14:33:54,10.73,--,45,48285,卖盘
351,14:33:51,10.73,--,11,11803,卖盘
352,14:33:45,10.73,--,5,5365,卖盘
353,14:33:39,10.73,--,26,27898,买盘
354,14:33:36,10.73,--,61,65453,卖盘
355,14:33:33,10.73,--,84,90132,卖盘
356,14:33:30,10.73,-0.01,19,20387,卖盘
357,14:33:24,10.74,0.01,51,54774,买盘
358,14:33:21,10.73,0.01,1,1073,买盘
359,14:33:18,10.72,--,21,23358,卖盘
360,14:33:15,10.72,-0.02,6,6432,卖盘
361,14:33:12,10.74,0.02,220,236280,买盘
362,14:33:06,10.72,-0.02,48,51456,卖盘
363,14:33:03,10.74,0.02,1,1074,买盘
364,14:33:00,10.72,-0.01,119,127568,卖盘
365,14:32:57,10.73,--,11,11803,买盘
366,14:32:54,10.73,--,41,43993,买盘
367,14:32:51,10.73,--,1,1073,买盘
368,14:32:48,10.73,--,18,19314,买盘
369,14:32:45,10.73,--,10,10730,买盘
370,14:32:39,10.73,0.01,71,76183,买盘
371,14:32:36,10.72,-0.01,5,5360,卖盘
372,14:32:33,10.73,--,239,256447,买盘
373,14:32:24,10.73,0.01,1,1073,买盘
374,14:32:21,10.72,--,132,141504,卖盘
375,14:32:18,10.72,-0.01,149,159728,卖盘
376,14:32:09,10.73,--,1,1073,买盘
377,14:32:06,10.73,--,7,7511,买盘
378,14:32:03,10.73,0.01,10,10730,买盘
379,14:32:00,10.72,--,47,50384,卖盘
380,14:31:57,10.72,--,21,22512,卖盘
381,14:31:54,10.72,-0.01,6,6432,卖盘
382,14:31:51,10.73,0.01,2,2146,买盘
383,14:31:48,10.72,-0.01,26,27872,卖盘
384,14:31:45,10.73,0.01,13,13949,买盘
385,14:31:42,10.72,--,5,5360,卖盘
386,14:31:39,10.72,0.01,10,10720,买盘
387,14:31:36,10.71,-0.01,19,20349,卖盘
388,14:31:33,10.72,--,18,19296,买盘
389,14:31:30,10.72,--,18,19296,买盘
390,14:31:27,10.72,--,31,33232,买盘
391,14:31:21,10.72,--,1,1072,买盘
392,14:31:18,10.72,--,86,92192,买盘
393,14:31:15,10.72,--,20,21440,买盘
394,14:31:09,10.72,--,20,21440,买盘
395,14:31:06,10.72,--,21,22512,卖盘
396,14:31:03,10.72,--,41,43952,买盘
397,14:31:00,10.72,--,17,18224,卖盘
398,14:30:54,10.72,--,4,4288,卖盘
399,14:30:51,10.72,0.01,68,72896,卖盘
400,14:30:48,10.71,-0.02,476,510224,卖盘
401,14:30:45,10.73,0.01,45,48285,买盘
402,14:30:39,10.72,--,35,37520,买盘
403,14:30:36,10.72,--,5,5360,买盘
404,14:30:30,10.72,--,13,13936,买盘
405,14:30:27,10.72,--,1,1072,买盘
406,14:30:24,10.72,0.01,1,1072,买盘
407,14:30:15,10.71,-0.01,33,35343,卖盘
408,14:30:12,10.72,0.01,52,55744,买盘
409,14:30:09,10.71,--,20,21420,买盘
410,14:30:06,10.71,0.01,8,8568,买盘
411,14:30:03,10.7,--,67,71690,买盘
412,14:30:00,10.7,-0.03,654,699780,卖盘
413,14:29:57,10.73,0.02,8,8584,买盘
414,14:29:54,10.71,-0.01,75,80325,卖盘
415,14:29:51,10.72,0.01,35,37520,买盘
416,14:29:48,10.71,-0.01,2,2142,卖盘
417,14:29:45,10.72,--,4,4288,买盘
418,14:29:42,10.72,--,1,1072,买盘
419,14:29:39,10.72,0.02,598,641056,买盘
420,14:29:36,10.7,-0.01,2,2140,卖盘
421,14:29:33,10.71,--,95,101745,买盘
422,14:29:30,10.71,-0.02,113,121023,卖盘
423,14:29:27,10.73,--,18,19314,买盘
424,14:29:24,10.73,0.02,341,365893,买盘
425,14:29:21,10.71,-0.01,61,65331,卖盘
426,14:29:18,10.72,--,50,53600,买盘
427,14:29:15,10.72,--,8,8576,买盘
428,14:29:12,10.72,--,57,61104,买盘
429,14:29:09,10.72,--,1,1072,买盘
430,14:29:06,10.72,0.01,67,71824,买盘
431,14:29:03,10.71,0.01,2,2142,中性盘
432,14:29:00,10.7,-0.02,1627,1740890,卖盘
433,14:28:57,10.72,0.01,40,42880,买盘
434,14:28:48,10.71,0.01,98,104958,买盘
435,14:28:45,10.7,--,6,6420,买盘
436,14:28:42,10.7,-0.01,258,276060,卖盘
437,14:28:39,10.71,--,65,69615,买盘
438,14:28:36,10.71,--,503,538713,卖盘
439,14:28:33,10.71,--,32,34272,买盘
440,14:28:30,10.71,--,10,10710,买盘
441,14:28:24,10.71,0.01,75,80325,买盘
442,14:28:21,10.7,--,10,10700,卖盘
443,14:28:15,10.7,-0.01,317,339190,卖盘
444,14:28:12,10.71,--,3,3213,买盘
445,14:28:09,10.71,-0.01,26,27846,卖盘
446,14:28:06,10.72,--,4,4288,买盘
447,14:28:03,10.72,0.01,108,115776,买盘
448,14:28:00,10.71,0.01,72,77112,中性盘
449,14:27:54,10.7,--,205,219349,卖盘
450,14:27:45,10.7,--,9,9630,卖盘
451,14:27:42,10.7,--,100,107000,卖盘
452,14:27:39,10.7,--,1,1070,卖盘
453,14:27:36,10.7,--,2,2140,卖盘
454,14:27:33,10.7,--,2,2140,卖盘
455,14:27:30,10.7,-0.02,47,50290,卖盘
456,14:27:27,10.72,--,25,26800,买盘
457,14:27:24,10.72,--,1,1072,买盘
458,14:27:21,10.72,0.02,1,1072,买盘
459,14:27:18,10.7,--,14,14979,卖盘
460,14:27:15,10.7,0.01,64,68480,买盘
461,14:27:12,10.69,-0.01,3,3207,卖盘
462,14:27:09,10.7,0.01,9,9630,买盘
463,14:27:06,10.69,-0.03,32,34208,卖盘
464,14:27:03,10.72,0.03,45,48240,买盘
465,14:27:00,10.69,-0.01,114,121866,卖盘
466,14:26:54,10.7,--,2,2140,买盘
467,14:26:48,10.7,--,12,12840,买盘
468,14:26:45,10.7,0.01,10,10700,买盘
469,14:26:42,10.69,--,234,250146,买盘
470,14:26:39,10.69,--,53,56657,买盘
471,14:26:36,10.69,0.01,68,72692,买盘
472,14:26:33,10.68,-0.01,140,149520,卖盘
473,14:26:27,10.69,--,542,579398,买盘
474,14:26:24,10.69,0.01,43,45967,买盘
475,14:26:21,10.68,-0.01,7,7476,卖盘
476,14:26:18,10.69,0.01,97,103693,买盘
477,14:26:15,10.68,--,103,110004,卖盘
478,14:26:12,10.68,--,3,3204,卖盘
479,14:26:09,10.68,-0.01,2,2136,卖盘
480,14:26:06,10.69,--,106,113314,买盘
481,14:26:03,10.69,0.01,14,14966,买盘
482,14:26:00,10.68,-0.01,54,57672,卖盘
483,14:25:57,10.69,--,300,320700,买盘
484,14:25:51,10.69,0.01,243,259767,买盘
485,14:25:48,10.68,--,28,29904,卖盘
486,14:25:45,10.68,-0.01,71,75828,卖盘
487,14:25:42,10.69,--,51,54519,买盘
488,14:25:39,10.69,--,8,8552,买盘
489,14:25:36,10.69,-0.01,286,305734,卖盘
490,14:25:33,10.7,0.01,95,101650,买盘
491,14:25:27,10.69,--,254,271526,卖盘
492,14:25:24,10.69,-0.01,119,127211,卖盘
493,14:25:21,10.7,--,133,142310,买盘
494,14:25:18,10.7,0.02,55,58849,买盘
495,14:25:15,10.68,-0.01,103,110004,卖盘
496,14:25:12,10.69,--,508,543052,买盘
497,14:25:09,10.69,--,93,99417,买盘
498,14:25:06,10.69,--,83,88727,卖盘
499,14:25:03,10.69,--,52,55588,卖盘
500,14:25:00,10.69,-0.01,78,83382,卖盘
501,14:24:57,10.7,--,50,53500,买盘
502,14:24:54,10.7,0.01,26,27819,买盘
503,14:24:51,10.69,-0.01,73,78037,卖盘
504,14:24:48,10.7,0.01,11,11770,买盘
505,14:24:45,10.69,-0.01,50,53450,卖盘
506,14:24:42,10.7,--,33,35310,买盘
507,14:24:39,10.7,0.01,48,51360,买盘
508,14:24:36,10.69,--,23,24587,卖盘
509,14:24:33,10.69,-0.01,2,2138,卖盘
510,14:24:30,10.7,--,31,33170,买盘
511,14:24:27,10.7,--,48,51360,买盘
512,14:24:24,10.7,--,1,1070,买盘
513,14:24:21,10.7,-0.02,5019,5370330,卖盘
514,14:24:18,10.72,--,39,41808,卖盘
515,14:24:15,10.72,--,221,236912,卖盘
516,14:24:12,10.72,-0.01,4,4288,卖盘
517,14:24:09,10.73,0.01,2,2146,买盘
518,14:24:06,10.72,--,97,103984,卖盘
519,14:24:03,10.72,--,2,2144,卖盘
520,14:24:00,10.72,-0.02,48,51456,卖盘
521,14:23:57,10.74,--,131,140694,买盘
522,14:23:51,10.74,0.01,59,63366,买盘
523,14:23:48,10.73,--,10,10730,买盘
524,14:23:45,10.73,0.01,16,17168,买盘
525,14:23:42,10.72,-0.01,20,21440,卖盘
526,14:23:39,10.73,0.01,16,17168,买盘
527,14:23:33,10.72,-0.01,7,7504,卖盘
528,14:23:30,10.73,0.01,20,21460,买盘
529,14:23:27,10.72,-0.01,8,8576,卖盘
530,14:23:21,10.73,-0.01,1386,1487360,卖盘
531,14:23:15,10.74,-0.01,39,41886,卖盘
532,14:23:12,10.75,--,103,110725,买盘
533,14:23:09,10.75,--,18,19350,买盘
534,14:23:06,10.75,0.01,2,2150,买盘
535,14:23:03,10.74,--,84,90216,卖盘
536,14:23:00,10.74,-0.01,168,180432,卖盘
537,14:22:54,10.75,--,1,1075,买盘
538,14:22:51,10.75,0.01,36,38700,买盘
539,14:22:45,10.74,--,26,27924,卖盘
540,14:22:42,10.74,--,3,3222,卖盘
541,14:22:39,10.74,--,8,8592,卖盘
542,14:22:33,10.74,-0.01,4,4296,卖盘
543,14:22:30,10.75,--,1,1075,买盘
544,14:22:27,10.75,--,8,8600,买盘
545,14:22:18,10.75,0.01,15,16125,买盘
546,14:22:12,10.74,-0.01,8,8592,卖盘
547,14:22:09,10.75,0.01,3,3225,买盘
548,14:22:06,10.74,-0.01,57,61218,卖盘
549,14:22:03,10.75,0.01,53,56975,买盘
550,14:22:00,10.74,-0.01,218,234132,卖盘
551,14:21:57,10.75,0.01,12,12900,买盘
552,14:21:54,10.74,--,5,5370,卖盘
553,14:21:48,10.74,--,14,15036,卖盘
554,14:21:45,10.74,--,33,35442,卖盘
555,14:21:42,10.74,--,3,3222,卖盘
556,14:21:39,10.74,-0.01,11,11814,卖盘
557,14:21:36,10.75,0.01,44,47300,买盘
558,14:21:33,10.74,--,5,5370,卖盘
559,14:21:27,10.74,-0.01,97,104178,卖盘
560,14:21:24,10.75,0.01,1,1075,买盘
561,14:21:21,10.74,-0.01,42,45108,卖盘
562,14:21:18,10.75,0.01,2,2150,买盘
563,14:21:15,10.74,-0.01,5,5370,卖盘
564,14:21:12,10.75,--,79,84925,买盘
565,14:21:09,10.75,--,5,5375,买盘
566,14:21:06,10.75,--,8,8600,买盘
567,14:21:03,10.75,--,1,1075,买盘
568,14:21:00,10.75,-0.01,9,9890,卖盘
569,14:20:51,10.76,0.01,1,1076,买盘
570,14:20:48,10.75,--,14,15910,买盘
571,14:20:45,10.75,--,13,13975,买盘
572,14:20:42,10.75,0.01,221,237575,买盘
573,14:20:39,10.74,-0.01,18,19332,卖盘
574,14:20:36,10.75,0.01,10,10750,买盘
575,14:20:33,10.74,-0.01,10,10740,卖盘
576,14:20:30,10.75,0.01,10,10750,买盘
577,14:20:27,10.74,-0.01,148,158952,卖盘
578,14:20:24,10.75,--,89,95675,买盘
579,14:20:21,10.75,--,1,1075,买盘
580,14:20:18,10.75,0.01,9,9675,买盘
581,14:20:15,10.74,-0.01,28,30072,卖盘
582,14:20:12,10.75,0.01,69,74175,买盘
583,14:20:09,10.74,-0.01,3,3222,卖盘
584,14:20:06,10.75,--,44,47300,买盘
585,14:20:03,10.75,0.01,6,6450,买盘
586,14:20:00,10.74,-0.01,47,50478,卖盘
587,14:19:57,10.75,--,10,10750,买盘
588,14:19:54,10.75,--,2,2150,买盘
589,14:19:51,10.75,--,4,4300,买盘
590,14:19:48,10.75,0.01,9,9675,买盘
591,14:19:45,10.74,--,7,7518,卖盘
592,14:19:42,10.74,--,41,44034,卖盘
593,14:19:39,10.74,-0.01,11,11814,卖盘
594,14:19:36,10.75,--,64,68800,买盘
595,14:19:33,10.75,0.01,104,111800,买盘
596,14:19:30,10.74,-0.01,4,4296,卖盘
597,14:19:27,10.75,--,20,21500,买盘
598,14:19:21,10.75,--,17,18275,买盘
599,14:19:15,10.75,0.01,26,27950,买盘
600,14:19:12,10.74,--,6,6444,卖盘
601,14:19:09,10.74,-0.01,6,6444,卖盘
602,14:19:06,10.75,-0.01,44,47300,卖盘
603,14:19:03,10.76,0.01,1,1076,买盘
604,14:19:00,10.75,-0.01,51,54825,卖盘
605,14:18:57,10.76,--,13,13988,买盘
606,14:18:51,10.76,0.02,23,24748,买盘
607,14:18:45,10.74,--,6,6444,卖盘
608,14:18:42,10.74,--,29,31146,卖盘
609,14:18:39,10.74,-0.01,56,60144,卖盘
610,14:18:36,10.75,0.01,1109,1192175,买盘
611,14:18:33,10.74,--,12,12888,卖盘
612,14:18:30,10.74,-0.01,2,2148,卖盘
613,14:18:27,10.75,0.01,2,2150,买盘
614,14:18:24,10.74,-0.02,21,22554,卖盘
615,14:18:21,10.76,--,12,12912,买盘
616,14:18:18,10.76,0.01,4,4304,买盘
617,14:18:15,10.75,--,10,10750,卖盘
618,14:18:12,10.75,0.01,5,5375,买盘
619,14:18:09,10.74,-0.02,29,31146,卖盘
620,14:18:06,10.76,--,4,4304,买盘
621,14:18:03,10.76,0.02,29,31204,买盘
622,14:18:00,10.74,--,89,95586,卖盘
623,14:17:57,10.74,-0.02,1,1074,卖盘
624,14:17:51,10.76,0.02,1,1076,买盘
625,14:17:48,10.74,--,6,6444,卖盘
626,14:17:45,10.74,--,7,7518,卖盘
627,14:17:42,10.74,--,7,7518,卖盘
628,14:17:39,10.74,--,59,63366,卖盘
629,14:17:33,10.74,--,3,3222,卖盘
630,14:17:30,10.74,--,2,2148,卖盘
631,14:17:21,10.74,--,6,6444,卖盘
632,14:17:18,10.74,--,3,3222,卖盘
633,14:17:15,10.74,--,10,10740,卖盘
634,14:17:12,10.74,-0.01,1,1074,卖盘
635,14:17:09,10.75,-0.01,10,10750,卖盘
636,14:17:06,10.76,--,6,6456,买盘
637,14:17:03,10.76,0.02,170,182920,买盘
638,14:17:00,10.74,-0.02,47,50478,卖盘
639,14:16:51,10.76,0.01,13,13988,买盘
640,14:16:48,10.75,--,4,4300,卖盘
641,14:16:45,10.75,--,1,1075,卖盘
642,14:16:42,10.75,--,7,7525,卖盘
643,14:16:39,10.75,--,8,8600,卖盘
644,14:16:36,10.75,0.01,24,25800,买盘
645,14:16:33,10.74,-0.01,52,55848,卖盘
646,14:16:30,10.75,--,10,10750,买盘
647,14:16:24,10.75,--,1,1075,买盘
648,14:16:18,10.75,0.01,44,48192,卖盘
649,14:16:15,10.74,--,13,13962,卖盘
650,14:16:12,10.74,-0.01,10,10740,卖盘
651,14:16:09,10.75,--,44,47300,买盘
652,14:16:06,10.75,--,25,26875,买盘
653,14:16:00,10.75,--,25,26875,买盘
654,14:15:57,10.75,--,10,10750,卖盘
655,14:15:54,10.75,--,33,35475,卖盘
656,14:15:51,10.75,-0.01,9,9675,卖盘
657,14:15:45,10.76,0.02,1,1076,买盘
658,14:15:42,10.74,-0.01,18,19332,卖盘
659,14:15:39,10.75,--,17,18275,卖盘
660,14:15:36,10.75,0.01,58,62350,买盘
661,14:15:33,10.74,-0.01,21,22554,卖盘
662,14:15:27,10.75,--,4,4300,买盘
663,14:15:24,10.75,--,13,13975,买盘
664,14:15:18,10.75,--,1,1075,买盘
665,14:15:15,10.75,--,21,22575,买盘
666,14:15:12,10.75,--,13,13975,卖盘
667,14:15:09,10.75,--,137,147275,卖盘
668,14:15:06,10.75,--,5,5375,卖盘
669,14:15:03,10.75,--,105,112875,卖盘
670,14:15:00,10.75,--,48,51600,卖盘
671,14:14:57,10.75,-0.01,503,540725,卖盘
672,14:14:51,10.76,--,4,4304,买盘
673,14:14:45,10.76,0.01,28,30128,买盘
674,14:14:42,10.75,--,17,18275,卖盘
675,14:14:39,10.75,-0.01,63,67725,卖盘
676,14:14:33,10.76,0.01,8,8608,买盘
677,14:14:30,10.75,-0.01,15,16125,卖盘
678,14:14:27,10.76,--,13,13988,买盘
679,14:14:24,10.76,--,13,13988,买盘
680,14:14:21,10.76,-0.01,34,36584,卖盘
681,14:14:18,10.77,0.01,1,1077,买盘
682,14:14:15,10.76,--,9,9684,买盘
683,14:14:12,10.76,0.01,24,25824,买盘
684,14:14:09,10.75,--,44,47300,卖盘
685,14:14:06,10.75,-0.01,15,16125,卖盘
686,14:14:03,10.76,-0.01,479,515404,卖盘
687,14:14:00,10.77,--,59,63543,买盘
688,14:13:45,10.77,0.01,43,46311,买盘
689,14:13:42,10.76,--,5,5380,卖盘
690,14:13:39,10.76,--,2,2152,卖盘
691,14:13:36,10.76,--,3,3228,卖盘
692,14:13:33,10.76,--,2,2152,卖盘
693,14:13:30,10.76,-0.01,1,1076,卖盘
694,14:13:24,10.77,--,1,1077,买盘
695,14:13:21,10.77,--,210,226170,卖盘
696,14:13:15,10.77,-0.01,5,5385,卖盘
697,14:13:12,10.78,0.01,7,7546,买盘
698,14:13:09,10.77,-0.01,84,90468,卖盘
699,14:13:06,10.78,0.01,73,78694,买盘
700,14:13:03,10.77,--,5,5385,卖盘
701,14:13:00,10.77,-0.01,75,80775,卖盘
702,14:12:57,10.78,--,3,3234,买盘
703,14:12:54,10.78,-0.01,26,28028,卖盘
704,14:12:48,10.79,0.01,12,12947,买盘
705,14:12:45,10.78,--,3,3234,卖盘
706,14:12:42,10.78,--,19,20482,卖盘
707,14:12:39,10.78,--,2,2156,卖盘
708,14:12:36,10.78,--,3,3234,卖盘
709,14:12:33,10.78,-0.01,2,2156,卖盘
710,14:12:24,10.79,0.01,1,1079,买盘
711,14:12:21,10.78,--,5,5390,卖盘
712,14:12:15,10.78,--,5,5390,卖盘
713,14:12:09,10.78,-0.01,12,12936,卖盘
714,14:12:06,10.79,--,54,58265,买盘
715,14:12:03,10.79,0.01,27,29132,买盘
716,14:12:00,10.78,-0.01,47,50666,卖盘
717,14:11:57,10.79,--,33,35607,买盘
718,14:11:51,10.79,--,8,8632,买盘
719,14:11:48,10.79,--,101,108978,买盘
720,14:11:45,10.79,0.01,1,1079,买盘
721,14:11:42,10.78,--,10,10780,卖盘
722,14:11:39,10.78,0.02,150,161700,买盘
723,14:11:36,10.76,--,20,21520,卖盘
724,14:11:33,10.76,-0.01,268,288368,卖盘
725,14:11:30,10.77,-0.01,10,10770,卖盘
726,14:11:27,10.78,--,5,5390,买盘
727,14:11:24,10.78,--,11,11858,买盘
728,14:11:21,10.78,--,36,38808,买盘
729,14:11:18,10.78,0.01,1,1078,买盘
730,14:11:15,10.77,--,113,121701,卖盘
731,14:11:12,10.77,-0.01,7,7539,卖盘
732,14:11:06,10.78,--,2,2156,买盘
733,14:11:03,10.78,0.01,12,12936,买盘
734,14:11:00,10.77,--,47,50619,卖盘
735,14:10:57,10.77,--,5,5385,卖盘
736,14:10:54,10.77,--,7,7539,卖盘
737,14:10:51,10.77,--,3,3231,卖盘
738,14:10:45,10.77,--,18,19386,卖盘
739,14:10:42,10.77,--,7,7539,卖盘
740,14:10:30,10.77,-0.01,17,18309,卖盘
741,14:10:24,10.78,--,1,1078,买盘
742,14:10:18,10.78,--,93,100254,买盘
743,14:10:06,10.78,--,10,10780,买盘
744,14:10:03,10.78,0.01,13,14014,买盘
745,14:10:00,10.77,--,47,50619,中性盘
746,14:09:57,10.77,--,35,37695,卖盘
747,14:09:54,10.77,--,8,8616,卖盘
748,14:09:51,10.77,-0.01,70,75390,卖盘
749,14:09:48,10.78,--,61,65758,买盘
750,14:09:45,10.78,--,1,1078,买盘
751,14:09:39,10.78,--,11,11858,买盘
752,14:09:36,10.78,--,10,10780,买盘
753,14:09:33,10.78,--,12,12936,买盘
754,14:09:30,10.78,--,2,2156,买盘
755,14:09:24,10.78,0.01,22,23716,买盘
756,14:09:21,10.77,--,705,759285,卖盘
757,14:09:18,10.77,-0.01,4,4308,卖盘
758,14:09:15,10.78,--,59,63601,买盘
759,14:09:12,10.78,--,5,5390,买盘
760,14:09:09,10.78,--,2,2156,买盘
761,14:09:06,10.78,0.01,3,3234,买盘
762,14:09:03,10.77,-0.01,108,116316,卖盘
763,14:09:00,10.78,--,88,94864,买盘
764,14:08:57,10.78,--,5,5390,买盘
765,14:08:54,10.78,--,17,18326,买盘
766,14:08:51,10.78,0.01,5,5390,买盘
767,14:08:48,10.77,-0.01,8,8616,卖盘
768,14:08:45,10.78,0.01,2,2156,买盘
769,14:08:42,10.77,--,15,16155,卖盘
770,14:08:39,10.77,-0.01,8,8616,卖盘
771,14:08:33,10.78,--,10,10780,买盘
772,14:08:30,10.78,--,3,3234,买盘
773,14:08:27,10.78,--,282,303996,卖盘
774,14:08:24,10.78,--,5,5390,卖盘
775,14:08:21,10.78,--,7,7546,卖盘
776,14:08:15,10.78,-0.01,7,7546,卖盘
777,14:08:12,10.79,--,14,15105,买盘
778,14:08:09,10.79,--,9,9711,买盘
779,14:08:03,10.79,0.01,1,1079,买盘
780,14:08:00,10.78,-0.01,50,53900,卖盘
781,14:07:51,10.79,--,20,21580,买盘
782,14:07:48,10.79,0.01,9,9711,买盘
783,14:07:45,10.78,-0.01,10,10780,卖盘
784,14:07:36,10.79,0.01,20,21580,买盘
785,14:07:33,10.78,--,5,5390,卖盘
786,14:07:24,10.78,--,6,6468,卖盘
787,14:07:18,10.78,--,11,11858,卖盘
788,14:07:15,10.78,--,6,6468,卖盘
789,14:07:09,10.78,-0.01,2,2156,卖盘
790,14:07:06,10.79,0.01,1,1079,买盘
791,14:07:03,10.78,0.01,5,5390,买盘
792,14:07:00,10.77,-0.01,47,50619,卖盘
793,14:06:57,10.78,--,20,21560,买盘
794,14:06:54,10.78,--,44,47432,卖盘
795,14:06:51,10.78,-0.01,5,5390,卖盘
796,14:06:45,10.79,--,1,1079,买盘
797,14:06:42,10.79,0.01,10,10790,买盘
798,14:06:36,10.78,--,2,2156,卖盘
799,14:06:33,10.78,--,100,107800,卖盘
800,14:06:30,10.78,--,86,92708,买盘
801,14:06:27,10.78,0.01,40,43120,买盘
802,14:06:24,10.77,--,10,10770,卖盘
803,14:06:21,10.77,--,5,5385,卖盘
804,14:06:18,10.77,--,1,1077,卖盘
805,14:06:15,10.77,-0.01,4,4308,卖盘
806,14:06:12,10.78,--,7,7546,买盘
807,14:06:09,10.78,--,3,3234,买盘
808,14:06:06,10.78,--,12,12936,买盘
809,14:06:03,10.78,0.01,21,22638,买盘
810,14:06:00,10.77,--,52,56004,卖盘
811,14:05:57,10.77,-0.01,4,4308,卖盘
812,14:05:54,10.78,0.01,29,31261,买盘
813,14:05:51,10.77,-0.01,50,53850,卖盘
814,14:05:48,10.78,--,1,1078,买盘
815,14:05:45,10.78,0.01,21,22638,买盘
816,14:05:42,10.77,--,5,5385,卖盘
817,14:05:39,10.77,-0.01,8,8616,卖盘
818,14:05:36,10.78,--,1,1078,买盘
819,14:05:33,10.78,--,68,73304,买盘
820,14:05:24,10.78,0.01,12,12936,买盘
821,14:05:21,10.77,--,170,183090,买盘
822,14:05:18,10.77,--,7,7539,买盘
823,14:05:15,10.77,0.01,27,29079,买盘
824,14:05:12,10.76,-0.01,14,15064,卖盘
825,14:05:09,10.77,--,17,18309,买盘
826,14:05:06,10.77,--,22,23694,买盘
827,14:05:03,10.77,--,2,2154,买盘
828,14:05:00,10.77,--,48,51696,买盘
829,14:04:57,10.77,--,40,43080,买盘
830,14:04:51,10.77,0.01,22,23694,买盘
831,14:04:48,10.76,--,9,9684,卖盘
832,14:04:45,10.76,--,3,3228,卖盘
833,14:04:42,10.76,--,80,86080,卖盘
834,14:04:36,10.76,-0.01,21,22596,卖盘
835,14:04:33,10.77,0.01,20,21540,买盘
836,14:04:30,10.76,-0.01,11,11836,卖盘
837,14:04:27,10.77,--,104,112008,买盘
838,14:04:24,10.77,0.01,21,22617,买盘
839,14:04:21,10.76,--,21,22596,卖盘
840,14:04:18,10.76,--,10,10760,卖盘
841,14:04:12,10.76,-0.01,18,19368,卖盘
842,14:04:09,10.77,0.01,2,2154,买盘
843,14:04:00,10.76,-0.01,47,50572,卖盘
844,14:03:57,10.77,0.01,83,89391,买盘
845,14:03:54,10.76,--,18,19368,卖盘
846,14:03:51,10.76,-0.01,3,3228,卖盘
847,14:03:45,10.77,--,158,170166,卖盘
848,14:03:42,10.77,--,15,16155,卖盘
849,14:03:36,10.77,--,22,23694,卖盘
850,14:03:30,10.77,--,6,6462,卖盘
851,14:03:27,10.77,--,14,15078,卖盘
852,14:03:24,10.77,-0.01,40,43080,卖盘
853,14:03:15,10.78,0.01,1,1078,买盘
854,14:03:12,10.77,--,27,29079,买盘
855,14:03:09,10.77,0.01,4,4308,买盘
856,14:03:06,10.76,-0.02,1,1076,卖盘
857,14:03:03,10.78,0.02,1,1078,买盘
858,14:03:00,10.76,-0.02,59,63484,卖盘
859,14:02:54,10.78,0.02,25,26950,买盘
860,14:02:51,10.76,-0.01,32,34432,卖盘
861,14:02:48,10.77,-0.01,7,7539,卖盘
862,14:02:45,10.78,0.01,50,53900,买盘
863,14:02:42,10.77,--,193,207861,买盘
864,14:02:36,10.77,0.01,14,15078,买盘
865,14:02:33,10.76,--,36,38736,卖盘
866,14:02:21,10.76,-0.01,11,11836,卖盘
867,14:02:15,10.77,--,19,20463,买盘
868,14:02:09,10.77,0.01,30,32310,买盘
869,14:02:06,10.76,-0.01,21,22596,卖盘
870,14:02:03,10.77,0.01,4,4308,买盘
871,14:02:00,10.76,-0.01,57,61332,卖盘
872,14:01:54,10.77,--,18,19386,买盘
873,14:01:51,10.77,0.01,2,2154,买盘
874,14:01:45,10.76,-0.01,128,137728,卖盘
875,14:01:42,10.77,-0.01,2287,2463099,卖盘
876,14:01:39,10.78,-0.01,9,9702,卖盘
877,14:01:36,10.79,0.01,6,6473,买盘
878,14:01:33,10.78,--,4,4312,卖盘
879,14:01:30,10.78,-0.01,8,8624,卖盘
880,14:01:27,10.79,-0.01,148,159692,卖盘
881,14:01:24,10.8,0.01,2,2160,买盘
882,14:01:21,10.79,--,13,14026,卖盘
883,14:01:18,10.79,--,26,28053,卖盘
884,14:01:15,10.79,--,5,5395,卖盘
885,14:01:12,10.79,--,27,29132,卖盘
886,14:01:09,10.79,--,61,65819,卖盘
887,14:01:06,10.79,--,10,10790,卖盘
888,14:01:03,10.79,--,8,8632,卖盘
889,14:01:00,10.79,--,97,104662,卖盘
890,14:00:57,10.79,--,1,1079,卖盘
891,14:00:54,10.79,-0.01,7,7552,卖盘
892,14:00:51,10.8,--,12,12960,买盘
893,14:00:48,10.8,0.01,13,14040,买盘
894,14:00:45,10.79,--,44,47475,卖盘
895,14:00:42,10.79,--,6,6473,卖盘
896,14:00:33,10.79,--,6,6473,卖盘
897,14:00:30,10.79,-0.01,34,36686,卖盘
898,14:00:27,10.8,--,20,21600,买盘
899,14:00:24,10.8,0.01,118,127440,买盘
900,14:00:21,10.79,--,4,4316,卖盘
901,14:00:18,10.79,--,20,21580,卖盘
902,14:00:15,10.79,--,11,11868,卖盘
903,14:00:12,10.79,-0.01,31,33449,卖盘
904,14:00:06,10.8,--,6,6480,买盘
905,14:00:03,10.8,0.01,14,15120,买盘
906,14:00:00,10.79,--,51,55028,卖盘
907,13:59:57,10.79,--,3,3236,卖盘
908,13:59:54,10.79,-0.01,10,10790,卖盘
909,13:59:51,10.8,--,14,15120,买盘
910,13:59:48,10.8,0.01,30,32400,买盘
911,13:59:45,10.79,--,5,5395,卖盘
912,13:59:42,10.79,-0.01,19,20501,卖盘
913,13:59:33,10.8,0.01,16,17280,买盘
914,13:59:30,10.79,-0.01,121,130558,卖盘
915,13:59:15,10.8,0.01,11,11880,买盘
916,13:59:12,10.79,-0.01,20,21580,卖盘
917,13:59:09,10.8,0.01,3,3240,买盘
918,13:59:06,10.79,--,30,32369,买盘
919,13:59:03,10.79,0.01,2,2158,买盘
920,13:59:00,10.78,-0.01,47,50666,卖盘
921,13:58:57,10.79,--,22,23737,买盘
922,13:58:54,10.79,--,1,1079,买盘
923,13:58:51,10.79,--,2,2158,买盘
924,13:58:48,10.79,0.01,11,11868,买盘
925,13:58:45,10.78,--,8,8624,卖盘
926,13:58:42,10.78,-0.01,1,1078,卖盘
927,13:58:33,10.79,0.01,13,14026,买盘
928,13:58:30,10.78,-0.01,15,16169,卖盘
929,13:58:27,10.79,--,1,1079,买盘
930,13:58:24,10.79,--,1,1079,买盘
931,13:58:18,10.79,0.01,260,280540,买盘
932,13:58:12,10.78,--,10,10780,买盘
933,13:58:09,10.78,--,17,18326,买盘
934,13:58:06,10.78,--,5,5390,买盘
935,13:58:03,10.78,--,28,30184,买盘
936,13:58:00,10.78,0.01,48,51744,买盘
937,13:57:54,10.77,--,112,120624,买盘
938,13:57:51,10.77,--,32,34464,买盘
939,13:57:48,10.77,--,120,129240,买盘
940,13:57:45,10.77,0.01,1,1077,买盘
941,13:57:42,10.76,--,115,123740,卖盘
942,13:57:33,10.76,-0.01,11,11836,卖盘
943,13:57:30,10.77,0.01,49,52773,买盘
944,13:57:21,10.76,--,23,24748,卖盘
945,13:57:18,10.76,--,5,5380,卖盘
946,13:57:15,10.76,--,27,29052,卖盘
947,13:57:12,10.76,-0.01,6,6456,卖盘
948,13:57:09,10.77,0.01,2,2154,买盘
949,13:57:06,10.76,-0.01,16,17216,卖盘
950,13:57:03,10.77,0.01,5,5385,买盘
951,13:57:00,10.76,-0.01,47,50572,卖盘
952,13:56:54,10.77,--,9,9693,买盘
953,13:56:51,10.77,--,22,23694,买盘
954,13:56:48,10.77,--,2,2154,买盘
955,13:56:45,10.77,--,24,25848,买盘
956,13:56:39,10.77,0.01,3,3231,买盘
957,13:56:36,10.76,--,6,6456,卖盘
958,13:56:33,10.76,-0.01,6,6456,卖盘
959,13:56:30,10.77,--,117,126009,买盘
960,13:56:27,10.77,--,58,62466,买盘
961,13:56:24,10.77,0.01,1,1077,买盘
962,13:56:21,10.76,-0.01,4,4304,卖盘
963,13:56:18,10.77,-0.01,241,259557,卖盘
964,13:56:12,10.78,--,38,40964,买盘
965,13:56:09,10.78,--,2,2156,买盘
966,13:56:06,10.78,0.01,3,3234,买盘
967,13:56:03,10.77,--,1,1077,卖盘
968,13:56:00,10.77,-0.01,47,50619,卖盘
969,13:55:57,10.78,0.01,1,1078,买盘
970,13:55:54,10.77,--,5,5385,卖盘
971,13:55:51,10.77,-0.01,16,17232,卖盘
972,13:55:42,10.78,--,1,1078,买盘
973,13:55:39,10.78,--,9,9702,买盘
974,13:55:33,10.78,0.01,6,6468,买盘
975,13:55:30,10.77,-0.01,21,22617,卖盘
976,13:55:27,10.78,--,93,100254,买盘
977,13:55:24,10.78,--,1,1078,买盘
978,13:55:18,10.78,--,19,20482,买盘
979,13:55:15,10.78,0.01,28,30184,买盘
980,13:55:12,10.77,-0.01,34,36618,卖盘
981,13:55:09,10.78,--,29,31261,买盘
982,13:55:03,10.78,--,21,22638,买盘
983,13:55:00,10.78,--,54,58212,买盘
984,13:54:57,10.78,--,2,2156,买盘
985,13:54:54,10.78,--,251,270578,买盘
986,13:54:51,10.78,--,30,32339,买盘
987,13:54:48,10.78,--,17,18326,买盘
988,13:54:45,10.78,0.01,39,42042,买盘
989,13:54:42,10.77,-0.01,8,8616,卖盘
990,13:54:36,10.78,--,8,8624,买盘
991,13:54:33,10.78,0.01,7,7546,买盘
992,13:54:30,10.77,-0.01,13,14001,卖盘
993,13:54:24,10.78,0.01,1,1078,买盘
994,13:54:21,10.77,-0.01,28,30156,卖盘
995,13:54:18,10.78,0.01,18,19404,买盘
996,13:54:12,10.77,--,3,3231,卖盘
997,13:54:09,10.77,--,10,10770,卖盘
998,13:54:06,10.77,-0.01,22,23694,卖盘
999,13:54:03,10.78,0.01,2,2156,买盘
1000,13:54:00,10.77,--,69,74313,卖盘
1001,13:53:57,10.77,--,72,77544,卖盘
1002,13:53:54,10.77,--,5,5385,卖盘
1003,13:53:42,10.77,-0.01,13,14001,卖盘
1004,13:53:39,10.78,0.01,22,23716,买盘
1005,13:53:36,10.77,--,20,21540,买盘
1006,13:53:33,10.77,--,5,5385,买盘
1007,13:53:30,10.77,--,13,14001,买盘
1008,13:53:27,10.77,--,1,1077,买盘
1009,13:53:24,10.77,--,1,1077,买盘
1010,13:53:21,10.77,--,6,6462,买盘
1011,13:53:18,10.77,0.01,1,1077,中性盘
1012,13:53:12,10.76,--,4,4304,卖盘
1013,13:53:09,10.76,-0.01,99,106524,卖盘
1014,13:53:06,10.77,--,16,17232,买盘
1015,13:53:03,10.77,--,81,87237,中性盘
1016,13:52:57,10.77,--,30,32310,卖盘
1017,13:52:54,10.77,--,156,168012,卖盘
1018,13:52:51,10.77,--,5,5385,卖盘
1019,13:52:48,10.77,--,10,10770,卖盘
1020,13:52:45,10.77,--,91,98007,卖盘
1021,13:52:42,10.77,--,12,12924,卖盘
1022,13:52:39,10.77,--,53,57081,买盘
1023,13:52:36,10.77,0.01,31,33387,买盘
1024,13:52:33,10.76,--,11,11836,卖盘
1025,13:52:30,10.76,--,13,13988,卖盘
1026,13:52:27,10.76,-0.01,26,27976,卖盘
1027,13:52:24,10.77,--,37,39849,买盘
1028,13:52:21,10.77,--,6,6462,买盘
1029,13:52:18,10.77,--,9,9693,买盘
1030,13:52:15,10.77,0.01,219,235863,买盘
1031,13:52:12,10.76,-0.01,66,71016,卖盘
1032,13:52:09,10.77,--,13,14001,买盘
1033,13:52:06,10.77,0.01,6,6462,买盘
1034,13:52:03,10.76,--,34,36584,卖盘
1035,13:52:00,10.76,-0.01,248,266848,卖盘
1036,13:51:57,10.77,--,23,24771,买盘
1037,13:51:48,10.77,--,18,19386,买盘
1038,13:51:45,10.77,--,1,1077,买盘
1039,13:51:42,10.77,--,20,21540,买盘
1040,13:51:39,10.77,--,26,28002,买盘
1041,13:51:36,10.77,0.01,50,53850,买盘
1042,13:51:33,10.76,-0.01,37,39812,卖盘
1043,13:51:30,10.77,0.01,23,24771,买盘
1044,13:51:27,10.76,-0.01,16,17216,卖盘
1045,13:51:18,10.77,--,1,1077,买盘
1046,13:51:15,10.77,--,3,3231,买盘
1047,13:51:12,10.77,--,1,1077,买盘
1048,13:51:06,10.77,--,31,33387,买盘
1049,13:51:03,10.77,0.01,7,7539,买盘
1050,13:51:00,10.76,--,422,454072,买盘
1051,13:50:57,10.76,--,31,33356,买盘
1052,13:50:54,10.76,--,105,112980,买盘
1053,13:50:51,10.76,--,48,51648,买盘
1054,13:50:48,10.76,--,5,5380,买盘
1055,13:50:39,10.76,0.01,13,13988,买盘
1056,13:50:33,10.75,-0.01,71,76325,卖盘
1057,13:50:30,10.76,--,27,29052,买盘
1058,13:50:27,10.76,--,50,53800,买盘
1059,13:50:24,10.76,0.01,1,1076,买盘
1060,13:50:21,10.75,-0.01,2,2150,卖盘
1061,13:50:18,10.76,--,4,4304,买盘
1062,13:50:15,10.76,--,14,15064,买盘
1063,13:50:12,10.76,--,1,1076,买盘
1064,13:50:09,10.76,--,57,61332,买盘
1065,13:50:03,10.76,0.01,14,15064,买盘
1066,13:50:00,10.75,-0.01,52,55900,卖盘
1067,13:49:57,10.76,--,2,2152,买盘
1068,13:49:54,10.76,0.01,10,10760,买盘
1069,13:49:48,10.75,--,12,12900,卖盘
1070,13:49:45,10.75,-0.01,10,10750,卖盘
1071,13:49:42,10.76,--,5,5380,买盘
1072,13:49:39,10.76,--,13,13988,买盘
1073,13:49:33,10.76,0.01,10,10760,买盘
1074,13:49:30,10.75,-0.01,13,13975,卖盘
1075,13:49:27,10.76,0.01,36,38736,买盘
1076,13:49:24,10.75,--,30,32250,卖盘
1077,13:49:21,10.75,--,6,6450,卖盘
1078,13:49:15,10.75,-0.01,10,10750,卖盘
1079,13:49:12,10.76,--,1,1076,买盘
1080,13:49:09,10.76,--,7,7532,买盘
1081,13:49:03,10.76,0.01,13,13988,买盘
1082,13:49:00,10.75,-0.01,47,50525,卖盘
1083,13:48:57,10.76,0.01,1,1076,买盘
1084,13:48:54,10.75,--,10,10750,卖盘
1085,13:48:51,10.75,0.01,17,18275,买盘
1086,13:48:45,10.74,--,46,49404,买盘
1087,13:48:42,10.74,--,43,46182,买盘
1088,13:48:39,10.74,--,809,868866,卖盘
1089,13:48:30,10.74,-0.01,53,56922,中性盘
1090,13:48:27,10.75,0.02,33,35475,买盘
1091,13:48:24,10.73,-0.02,40,42920,卖盘
1092,13:48:21,10.75,--,8,8600,买盘
1093,13:48:18,10.75,0.02,92,98900,买盘
1094,13:48:15,10.73,-0.01,144,154512,卖盘
1095,13:48:12,10.74,--,1,1074,买盘
1096,13:48:09,10.74,-0.01,12,12888,中性盘
1097,13:48:03,10.75,0.02,8,8600,买盘
1098,13:48:00,10.73,--,47,50431,卖盘
1099,13:47:57,10.73,--,801,859473,卖盘
1100,13:47:54,10.73,--,3,3219,卖盘
1101,13:47:51,10.73,--,10,10730,卖盘
1102,13:47:48,10.73,--,22,23606,卖盘
1103,13:47:42,10.73,--,187,200651,卖盘
1104,13:47:39,10.73,-0.02,30,32190,卖盘
1105,13:47:36,10.75,0.01,2,2150,买盘
1106,13:47:33,10.74,0.01,458,491892,买盘
1107,13:47:30,10.73,-0.01,45,48285,卖盘
1108,13:47:24,10.74,0.01,1,1074,买盘
1109,13:47:21,10.73,-0.01,371,398083,卖盘
1110,13:47:18,10.74,0.01,13,13962,买盘
1111,13:47:15,10.73,--,331,355163,卖盘
1112,13:47:12,10.73,-0.01,4,4292,卖盘
1113,13:47:06,10.74,--,4,4296,买盘
1114,13:47:03,10.74,--,431,462894,卖盘
1115,13:47:00,10.74,-0.01,350,375900,卖盘
1116,13:46:57,10.75,0.01,14,15050,买盘
1117,13:46:45,10.74,-0.01,30,32220,卖盘
1118,13:46:42,10.75,0.01,21,22575,买盘
1119,13:46:39,10.74,-0.01,22,23628,卖盘
1120,13:46:33,10.75,0.01,50,53750,买盘
1121,13:46:30,10.74,-0.01,112,120288,卖盘
1122,13:46:27,10.75,-0.01,198,212850,卖盘
1123,13:46:24,10.76,0.01,192,206592,买盘
1124,13:46:18,10.75,-0.01,615,661125,卖盘
1125,13:46:15,10.76,0.01,3,3228,买盘
1126,13:46:12,10.75,--,40,43000,卖盘
1127,13:46:09,10.75,-0.01,42,45150,卖盘
1128,13:46:06,10.76,--,14,15064,买盘
1129,13:46:03,10.76,0.01,12,12912,买盘
1130,13:46:00,10.75,-0.02,41,44075,卖盘
1131,13:45:57,10.77,--,2,2154,买盘
1132,13:45:54,10.77,0.01,166,178782,买盘
1133,13:45:45,10.76,-0.01,39,41964,卖盘
1134,13:45:42,10.77,--,18,19386,卖盘
1135,13:45:39,10.77,--,15,16155,卖盘
1136,13:45:30,10.77,-0.01,13,14001,中性盘
1137,13:45:24,10.78,0.02,5,5390,买盘
1138,13:45:18,10.76,-0.02,1033,1111508,卖盘
1139,13:45:15,10.78,0.01,68,73304,买盘
1140,13:45:12,10.77,-0.01,11,11847,卖盘
1141,13:45:09,10.78,--,12,12936,买盘
1142,13:45:06,10.78,--,1,1078,买盘
1143,13:45:03,10.78,0.01,2,2156,买盘
1144,13:45:00,10.77,-0.01,47,50619,卖盘
1145,13:44:57,10.78,0.01,1,1078,买盘
1146,13:44:54,10.77,-0.01,40,43080,卖盘
1147,13:44:51,10.78,--,45,48510,买盘
1148,13:44:48,10.78,--,177,190806,卖盘
1149,13:44:42,10.78,--,12,12936,卖盘
1150,13:44:39,10.78,--,44,47432,卖盘
1151,13:44:36,10.78,--,10,10780,卖盘
1152,13:44:30,10.78,--,21,22638,卖盘
1153,13:44:27,10.78,-0.01,7,7546,卖盘
1154,13:44:24,10.79,0.01,2,2158,买盘
1155,13:44:21,10.78,-0.01,27,29106,卖盘
1156,13:44:18,10.79,0.01,22,23737,买盘
1157,13:44:15,10.78,-0.01,11,11858,卖盘
1158,13:44:09,10.79,0.01,26,28053,买盘
1159,13:44:06,10.78,--,12,12936,卖盘
1160,13:44:03,10.78,--,31,33418,卖盘
1161,13:44:00,10.78,--,109,117502,卖盘
1162,13:43:57,10.78,--,5,5390,卖盘
1163,13:43:51,10.78,--,44,47432,卖盘
1164,13:43:48,10.78,-0.01,11,11858,卖盘
1165,13:43:45,10.79,0.01,4,4316,买盘
1166,13:43:42,10.78,--,25,26950,卖盘
1167,13:43:39,10.78,--,26,28028,卖盘
1168,13:43:30,10.78,-0.01,24,25872,卖盘
1169,13:43:27,10.79,--,1,1079,买盘
1170,13:43:24,10.79,--,10,10790,买盘
1171,13:43:18,10.79,--,50,53949,买盘
1172,13:43:15,10.79,0.01,30,32369,买盘
1173,13:43:12,10.78,--,2,2156,卖盘
1174,13:43:09,10.78,--,7,7546,卖盘
1175,13:43:06,10.78,-0.01,7,7546,卖盘
1176,13:43:03,10.79,0.01,2,2158,买盘
1177,13:43:00,10.78,-0.01,47,50666,卖盘
1178,13:42:57,10.79,0.01,5,5395,买盘
1179,13:42:54,10.78,-0.01,30,32339,卖盘
1180,13:42:51,10.79,--,1,1079,买盘
1181,13:42:39,10.79,0.01,13,14026,买盘
1182,13:42:36,10.78,-0.01,7,7546,卖盘
1183,13:42:33,10.79,0.01,3,3236,买盘
1184,13:42:30,10.78,-0.01,48,51744,卖盘
1185,13:42:27,10.79,--,8,8632,买盘
1186,13:42:18,10.79,--,52,56107,买盘
1187,13:42:15,10.79,-0.01,151,162929,卖盘
1188,13:42:09,10.8,--,160,172800,买盘
1189,13:42:06,10.8,--,13,14040,买盘
1190,13:42:03,10.8,0.01,3,3240,买盘
1191,13:42:00,10.79,--,47,50712,卖盘
1192,13:41:57,10.79,-0.02,3,3236,卖盘
1193,13:41:39,10.81,--,11,11891,买盘
1194,13:41:30,10.81,0.01,36,38916,买盘
1195,13:41:27,10.8,--,42,45360,买盘
1196,13:41:24,10.8,--,21,22680,买盘
1197,13:41:18,10.8,0.01,109,117720,买盘
1198,13:41:12,10.79,-0.01,10,10790,卖盘
1199,13:41:09,10.8,--,7,7560,买盘
1200,13:41:06,10.8,0.01,4,4320,买盘
1201,13:41:03,10.79,-0.01,2,2158,卖盘
1202,13:41:00,10.8,-0.01,30,32400,卖盘
1203,13:40:57,10.81,0.01,1,1081,买盘
1204,13:40:51,10.8,-0.01,7,7560,卖盘
1205,13:40:48,10.81,0.02,1,1081,买盘
1206,13:40:45,10.79,-0.01,2,2158,卖盘
1207,13:40:33,10.8,--,12,12960,买盘
1208,13:40:30,10.8,--,2,2160,卖盘
1209,13:40:27,10.8,0.01,2,2160,中性盘
1210,13:40:18,10.79,--,48,51791,卖盘
1211,13:40:15,10.79,-0.02,3,3236,卖盘
1212,13:40:12,10.81,0.01,30,32430,买盘
1213,13:40:09,10.8,--,31,33480,买盘
1214,13:40:06,10.8,--,20,21600,买盘
1215,13:40:03,10.8,0.01,3,3240,买盘
1216,13:40:00,10.79,-0.02,47,50712,卖盘
1217,13:39:57,10.81,0.02,160,172960,买盘
1218,13:39:54,10.79,-0.01,1,1079,卖盘
1219,13:39:48,10.8,0.01,21,22680,买盘
1220,13:39:42,10.79,0.01,49,52870,买盘
1221,13:39:39,10.78,-0.01,2,2156,卖盘
1222,13:39:36,10.79,0.01,86,92793,买盘
1223,13:39:33,10.78,--,2,2156,卖盘
1224,13:39:30,10.78,-0.02,41,44198,卖盘
1225,13:39:15,10.8,0.02,30,32400,买盘
1226,13:39:12,10.78,--,4,4312,卖盘
1227,13:39:09,10.78,-0.02,12,12936,卖盘
1228,13:39:03,10.8,--,2,2160,买盘
1229,13:39:00,10.8,0.02,49,52920,买盘
1230,13:38:57,10.78,--,13,14014,卖盘
1231,13:38:51,10.78,--,14,15092,卖盘
1232,13:38:48,10.78,--,19,20482,卖盘
1233,13:38:45,10.78,--,512,551936,卖盘
1234,13:38:42,10.78,-0.01,12,12936,卖盘
1235,13:38:36,10.79,0.01,150,161850,买盘
1236,13:38:30,10.78,-0.01,23,24794,卖盘
1237,13:38:27,10.79,--,1,1079,买盘
1238,13:38:24,10.79,0.01,2,2158,买盘
1239,13:38:21,10.78,--,23,24794,卖盘
1240,13:38:06,10.78,--,10,10780,卖盘
1241,13:38:03,10.78,--,151,162778,卖盘
1242,13:38:00,10.78,-0.01,164,176792,卖盘
1243,13:37:57,10.79,--,14,15105,买盘
1244,13:37:54,10.79,--,10,10790,买盘
1245,13:37:45,10.79,--,1,1079,买盘
1246,13:37:36,10.79,0.01,13,14026,买盘
1247,13:37:30,10.78,-0.01,22,23716,卖盘
1248,13:37:27,10.79,--,1,1079,买盘
1249,13:37:24,10.79,--,15,16184,买盘
1250,13:37:15,10.79,0.01,33,35607,买盘
1251,13:37:09,10.78,-0.01,2,2156,卖盘
1252,13:37:06,10.79,--,298,321542,买盘
1253,13:37:03,10.79,--,298,321542,买盘
1254,13:37:00,10.79,--,6,6473,买盘
1255,13:36:57,10.79,--,1,1079,买盘
1256,13:36:51,10.79,--,520,561080,卖盘
1257,13:36:45,10.79,-0.01,24,25895,卖盘
1258,13:36:42,10.8,--,10,10800,买盘
1259,13:36:33,10.8,0.01,12,12960,买盘
1260,13:36:30,10.79,-0.01,16,17264,卖盘
1261,13:36:27,10.8,--,7,7560,买盘
1262,13:36:24,10.8,--,1,1080,买盘
1263,13:36:21,10.8,--,20,21600,买盘
1264,13:36:18,10.8,--,10,10800,卖盘
1265,13:36:15,10.8,0.01,5,5400,卖盘
1266,13:36:03,10.79,-0.02,2,2158,卖盘
1267,13:36:00,10.81,0.02,316,341596,买盘
1268,13:35:57,10.79,-0.01,8,8632,卖盘
1269,13:35:54,10.8,--,23,24840,买盘
1270,13:35:51,10.8,--,2,2160,买盘
1271,13:35:48,10.8,--,1,1080,买盘
1272,13:35:45,10.8,0.01,20,21600,买盘
1273,13:35:42,10.79,-0.01,1,1079,卖盘
1274,13:35:39,10.8,--,22,23760,买盘
1275,13:35:33,10.8,--,2,2160,买盘
1276,13:35:30,10.8,--,10,10800,买盘
1277,13:35:27,10.8,--,179,193320,卖盘
1278,13:35:24,10.8,--,15,16200,卖盘
1279,13:35:18,10.8,--,10,10800,卖盘
1280,13:35:03,10.8,-0.01,10,10800,卖盘
1281,13:35:00,10.81,--,45,48645,买盘
1282,13:34:57,10.81,--,1,1081,买盘
1283,13:34:54,10.81,--,2,2162,买盘
1284,13:34:51,10.81,--,1,1081,买盘
1285,13:34:45,10.81,--,2,2162,买盘
1286,13:34:42,10.81,-0.01,117,126477,卖盘
1287,13:34:33,10.82,0.01,25,27050,买盘
1288,13:34:30,10.81,-0.01,20,21620,卖盘
1289,13:34:27,10.82,--,1,1082,买盘
1290,13:34:24,10.82,--,12,12984,买盘
1291,13:34:21,10.82,-0.01,33,35706,卖盘
1292,13:34:15,10.83,0.01,16,17328,买盘
1293,13:34:12,10.82,-0.01,3,3246,卖盘
1294,13:34:06,10.83,--,13,14079,买盘
1295,13:34:03,10.83,--,1,1083,买盘
1296,13:33:57,10.83,0.01,31,33573,买盘
1297,13:33:54,10.82,-0.01,38,41116,卖盘
1298,13:33:51,10.83,0.01,3,3249,买盘
1299,13:33:48,10.82,-0.01,215,232630,卖盘
1300,13:33:45,10.83,--,102,110466,买盘
1301,13:33:42,10.83,0.01,20,21660,买盘
1302,13:33:36,10.82,--,5,5410,卖盘
1303,13:33:33,10.82,--,4,4328,卖盘
1304,13:33:30,10.82,-0.01,38,41116,卖盘
1305,13:33:27,10.83,--,1,1083,买盘
1306,13:33:24,10.83,--,1,1083,买盘
1307,13:33:18,10.83,0.02,39,42237,买盘
1308,13:33:15,10.81,--,33,35673,卖盘
1309,13:33:09,10.81,--,288,311328,买盘
1310,13:33:03,10.81,-0.01,12,12972,中性盘
1311,13:32:57,10.82,0.01,518,560476,买盘
1312,13:32:54,10.81,0.01,36,38916,买盘
1313,13:32:39,10.8,-0.01,4,4320,卖盘
1314,13:32:33,10.81,0.02,12,12972,买盘
1315,13:32:30,10.79,-0.02,16,17264,卖盘
1316,13:32:27,10.81,0.01,167,180527,买盘
1317,13:32:24,10.8,--,1,1080,买盘
1318,13:32:21,10.8,0.01,36,38880,买盘
1319,13:32:15,10.79,-0.01,37,39923,卖盘
1320,13:32:12,10.8,--,12,12960,买盘
1321,13:32:06,10.8,--,18,19440,买盘
1322,13:32:03,10.8,--,194,209520,买盘
1323,13:32:00,10.8,0.01,2,2160,买盘
1324,13:31:57,10.79,-0.01,28,30211,卖盘
1325,13:31:54,10.8,--,383,413640,买盘
1326,13:31:51,10.8,0.01,2,2160,买盘
1327,13:31:48,10.79,-0.01,10,10790,卖盘
1328,13:31:45,10.8,--,3,3240,买盘
1329,13:31:39,10.8,--,1,1080,买盘
1330,13:31:36,10.8,0.01,71,76680,买盘
1331,13:31:30,10.79,-0.01,12,12947,卖盘
1332,13:31:27,10.8,0.01,10,10800,买盘
1333,13:31:24,10.79,--,21,22659,买盘
1334,13:31:21,10.79,--,11,11868,买盘
1335,13:31:18,10.79,0.01,24,25895,买盘
1336,13:31:15,10.78,-0.01,4,4312,卖盘
1337,13:31:12,10.79,0.01,6,6473,买盘
1338,13:31:09,10.78,-0.01,2,2156,卖盘
1339,13:31:06,10.79,--,37,39923,买盘
1340,13:31:03,10.79,--,7,7552,买盘
1341,13:31:00,10.79,--,20,21580,买盘
1342,13:30:57,10.79,--,31,33449,买盘
1343,13:30:54,10.79,--,105,113294,卖盘
1344,13:30:51,10.79,-0.01,10,10790,卖盘
1345,13:30:48,10.8,--,79,85320,买盘
1346,13:30:42,10.8,0.01,13,14040,买盘
1347,13:30:39,10.79,--,107,115452,买盘
1348,13:30:36,10.79,-0.01,19,20501,买盘
1349,13:30:33,10.8,0.01,88,95040,买盘
1350,13:30:30,10.79,--,30,32369,卖盘
1351,13:30:27,10.79,-0.01,15,16184,卖盘
1352,13:30:24,10.8,--,2,2160,买盘
1353,13:30:21,10.8,0.01,37,39960,买盘
1354,13:30:09,10.79,--,40,43160,卖盘
1355,13:30:06,10.79,-0.01,1,1079,卖盘
1356,13:30:03,10.8,--,12,12960,买盘
1357,13:30:00,10.8,--,5,5400,买盘
1358,13:29:57,10.8,--,3,3240,买盘
1359,13:29:54,10.8,--,45,48600,买盘
1360,13:29:51,10.8,--,31,33480,买盘
1361,13:29:48,10.8,--,1,1080,买盘
1362,13:29:45,10.8,0.01,1,1080,买盘
1363,13:29:42,10.79,0.01,2,2158,买盘
1364,13:29:30,10.78,-0.02,13,14014,卖盘
1365,13:29:27,10.8,0.01,3,3240,买盘
1366,13:29:24,10.79,--,112,120847,卖盘
1367,13:29:21,10.79,--,17,18343,卖盘
1368,13:29:18,10.79,-0.01,19,20501,卖盘
1369,13:29:15,10.8,0.01,1,1080,买盘
1370,13:29:12,10.79,-0.01,30,32369,卖盘
1371,13:29:06,10.8,0.01,9,9720,买盘
1372,13:29:03,10.79,--,17,18343,卖盘
1373,13:29:00,10.79,-0.01,20,21580,卖盘
1374,13:28:57,10.8,--,1,1080,买盘
1375,13:28:48,10.8,0.01,50,54000,买盘
1376,13:28:45,10.79,-0.01,19,20501,卖盘
1377,13:28:36,10.8,0.01,70,75600,买盘
1378,13:28:33,10.79,--,22,23737,卖盘
1379,13:28:30,10.79,-0.01,34,36686,卖盘
1380,13:28:27,10.8,--,1,1080,买盘
1381,13:28:21,10.8,--,104,112320,买盘
1382,13:28:18,10.8,0.01,54,58320,买盘
1383,13:28:15,10.79,-0.01,68,73372,卖盘
1384,13:28:12,10.8,--,52,56160,买盘
1385,13:28:09,10.8,--,1,1080,买盘
1386,13:28:06,10.8,--,1,1080,买盘
1387,13:28:03,10.8,--,1,1080,买盘
1388,13:27:57,10.8,--,16,17280,买盘
1389,13:27:54,10.8,--,29,31320,买盘
1390,13:27:48,10.8,--,68,73440,卖盘
1391,13:27:45,10.8,--,17,18360,卖盘
1392,13:27:42,10.8,-0.01,30,32400,卖盘
1393,13:27:36,10.81,0.02,505,545905,买盘
1394,13:27:33,10.79,-0.01,5,5395,卖盘
1395,13:27:30,10.8,--,80,86400,买盘
1396,13:27:27,10.8,--,1,1080,买盘
1397,13:27:24,10.8,0.01,31,33480,买盘
1398,13:27:21,10.79,--,15,16184,卖盘
1399,13:27:18,10.79,--,10,10790,买盘
1400,13:27:15,10.79,0.01,28,30211,买盘
1401,13:27:12,10.78,-0.01,10,10780,卖盘
1402,13:27:09,10.79,0.01,12,12947,买盘
1403,13:27:06,10.78,--,80,86240,买盘
1404,13:27:00,10.78,--,1,1078,买盘
1405,13:26:57,10.78,0.01,1,1078,买盘
1406,13:26:45,10.77,--,376,404952,买盘
1407,13:26:42,10.77,--,105,113085,买盘
1408,13:26:39,10.77,0.01,37,39849,中性盘
1409,13:26:33,10.76,-0.01,398,428248,卖盘
1410,13:26:27,10.77,--,7,7539,买盘
1411,13:26:24,10.77,--,15,16155,卖盘
1412,13:26:21,10.77,0.02,7,7539,卖盘
1413,13:26:18,10.75,-0.02,1000,1075000,卖盘
1414,13:26:15,10.77,-0.01,4,4308,卖盘
1415,13:26:12,10.78,0.01,48,51744,买盘
1416,13:26:06,10.77,-0.01,8,8616,买盘
1417,13:26:03,10.78,0.03,32,34496,买盘
1418,13:25:57,10.75,-0.01,75,80625,卖盘
1419,13:25:54,10.76,--,31,33356,买盘
1420,13:25:51,10.76,--,6,6456,买盘
1421,13:25:48,10.76,-0.01,1,1076,卖盘
1422,13:25:45,10.77,--,73,78621,买盘
1423,13:25:42,10.77,0.02,12,12924,买盘
1424,13:25:39,10.75,-0.01,97,104275,卖盘
1425,13:25:36,10.76,0.01,10,10760,中性盘
1426,13:25:30,10.75,-0.01,359,385925,卖盘
1427,13:25:27,10.76,0.01,1,1076,买盘
1428,13:25:24,10.75,--,100,107500,卖盘
1429,13:25:18,10.75,--,3,3225,卖盘
1430,13:25:15,10.75,--,10,10750,买盘
1431,13:25:12,10.75,--,64,68800,买盘
1432,13:25:09,10.75,--,12,12900,买盘
1433,13:25:06,10.75,-0.01,25,26875,卖盘
1434,13:25:03,10.76,0.01,59,63484,买盘
1435,13:25:00,10.75,-0.01,161,173075,卖盘
1436,13:24:57,10.76,--,63,67788,买盘
1437,13:24:54,10.76,--,1,1076,买盘
1438,13:24:51,10.76,0.01,224,241024,买盘
1439,13:24:48,10.75,-0.01,15,16125,卖盘
1440,13:24:45,10.76,--,6,6456,买盘
1441,13:24:42,10.76,0.01,66,71016,买盘
1442,13:24:39,10.75,0.03,7,7525,卖盘
1443,13:24:36,10.72,-0.03,345,369840,卖盘
1444,13:24:33,10.75,--,27,29025,卖盘
1445,13:24:30,10.75,-0.01,99,106425,卖盘
1446,13:24:27,10.76,--,59,63484,买盘
1447,13:24:24,10.76,0.01,52,55952,买盘
1448,13:24:21,10.75,--,6,6450,买盘
1449,13:24:18,10.75,0.01,21,22575,买盘
1450,13:24:15,10.74,-0.01,12,12888,卖盘
1451,13:24:12,10.75,0.01,207,222525,买盘
1452,13:24:09,10.74,-0.01,2,2148,卖盘
1453,13:24:06,10.75,0.01,29,31175,买盘
1454,13:24:03,10.74,0.01,16,17184,买盘
1455,13:24:00,10.73,-0.02,268,287564,卖盘
1456,13:23:57,10.75,--,42,45150,买盘
1457,13:23:54,10.75,0.01,77,82775,买盘
1458,13:23:51,10.74,--,17,18258,买盘
1459,13:23:48,10.74,--,12,12888,买盘
1460,13:23:45,10.74,--,11,11814,买盘
1461,13:23:42,10.74,--,8,8592,买盘
1462,13:23:39,10.74,0.03,22,23628,买盘
1463,13:23:36,10.71,-0.03,439,470169,卖盘
1464,13:23:33,10.74,-0.02,804,863496,卖盘
1465,13:23:30,10.76,--,15,16140,买盘
1466,13:23:27,10.76,-0.01,24,25824,卖盘
1467,13:23:24,10.77,--,2,2154,买盘
1468,13:23:21,10.77,0.01,487,524499,买盘
1469,13:23:18,10.76,--,16,17216,卖盘
1470,13:23:15,10.76,-0.01,34,36584,卖盘
1471,13:23:12,10.77,-0.01,1,1077,中性盘
1472,13:23:09,10.78,0.01,58,62523,买盘
1473,13:23:06,10.77,-0.01,95,102315,卖盘
1474,13:23:03,10.78,--,11,11858,买盘
1475,13:22:57,10.78,-0.01,347,374066,卖盘
1476,13:22:54,10.79,-0.01,474,511445,卖盘
1477,13:22:51,10.8,--,33,35640,买盘
1478,13:22:45,10.8,--,19,20520,买盘
1479,13:22:42,10.8,--,8,8640,卖盘
1480,13:22:39,10.8,--,22,23760,卖盘
1481,13:22:36,10.8,--,100,108000,卖盘
1482,13:22:33,10.8,--,55,59400,卖盘
1483,13:22:30,10.8,-0.01,25,27000,卖盘
1484,13:22:27,10.81,-0.01,6,6486,中性盘
1485,13:22:24,10.82,0.02,10,10820,买盘
1486,13:22:21,10.8,-0.02,4020,4341600,卖盘
1487,13:22:18,10.82,0.01,39,42198,买盘
1488,13:22:15,10.81,--,26,28106,卖盘
1489,13:22:12,10.81,--,20,21620,卖盘
1490,13:22:09,10.81,--,95,102695,卖盘
1491,13:22:06,10.81,-0.01,131,141611,卖盘
1492,13:22:03,10.82,--,22,23804,买盘
1493,13:22:00,10.82,--,5,5410,买盘
1494,13:21:57,10.82,--,33,35706,卖盘
1495,13:21:54,10.82,--,32,34624,卖盘
1496,13:21:51,10.82,--,378,408996,卖盘
1497,13:21:48,10.82,--,11,11902,卖盘
1498,13:21:45,10.82,-0.01,30,32460,卖盘
1499,13:21:42,10.83,--,144,155952,买盘
1500,13:21:39,10.83,0.01,28,30324,买盘
1501,13:21:36,10.82,--,80,86560,卖盘
1502,13:21:27,10.82,-0.01,32,34624,卖盘
1503,13:21:24,10.83,--,16,17328,买盘
1504,13:21:18,10.83,--,322,348726,买盘
1505,13:21:15,10.83,--,5,5415,买盘
1506,13:21:09,10.83,--,43,46569,卖盘
1507,13:21:06,10.83,--,17,18411,卖盘
1508,13:21:03,10.83,-0.01,21,22743,卖盘
1509,13:20:57,10.84,--,12,13008,买盘
1510,13:20:54,10.84,--,23,24932,买盘
1511,13:20:51,10.84,0.01,6,6504,买盘
1512,13:20:48,10.83,--,50,54150,卖盘
1513,13:20:45,10.83,--,6,6498,卖盘
1514,13:20:42,10.83,-0.01,1500,1624500,卖盘
1515,13:20:39,10.84,--,25,27100,买盘
1516,13:20:33,10.84,--,15,16260,买盘
1517,13:20:30,10.84,-0.01,443,480472,卖盘
1518,13:20:27,10.85,0.01,58,62930,买盘
1519,13:20:24,10.84,--,310,336040,卖盘
1520,13:20:21,10.84,--,35,37940,卖盘
1521,13:20:18,10.84,-0.01,392,425751,卖盘
1522,13:20:15,10.85,0.01,6,6510,买盘
1523,13:20:12,10.84,-0.01,4,4336,卖盘
1524,13:20:09,10.85,0.01,86,93310,买盘
1525,13:20:06,10.84,-0.01,18,19512,卖盘
1526,13:20:03,10.85,0.01,13,14105,买盘
1527,13:20:00,10.84,--,40,43360,卖盘
1528,13:19:57,10.84,-0.01,48,52032,卖盘
1529,13:19:54,10.85,0.01,1,1085,买盘
1530,13:19:48,10.84,--,14,15176,卖盘
1531,13:19:42,10.84,-0.01,23,24932,卖盘
1532,13:19:39,10.85,--,1,1085,买盘
1533,13:19:36,10.85,0.01,63,68355,买盘
1534,13:19:30,10.84,--,15,16260,卖盘
1535,13:19:27,10.84,--,6,6504,卖盘
1536,13:19:24,10.84,-0.01,15,16260,卖盘
1537,13:19:21,10.85,--,5,5425,买盘
1538,13:19:18,10.85,0.01,12,13020,买盘
1539,13:19:15,10.84,--,122,132248,卖盘
1540,13:19:12,10.84,--,12,13008,卖盘
1541,13:19:09,10.84,-0.02,18,19512,卖盘
1542,13:19:06,10.86,--,1,1086,买盘
1543,13:19:03,10.86,0.02,7,7602,买盘
1544,13:18:57,10.84,-0.02,7,7588,卖盘
1545,13:18:54,10.86,0.01,1008,1094688,买盘
1546,13:18:51,10.85,--,32,34720,买盘
1547,13:18:48,10.85,0.01,17,18445,买盘
1548,13:18:42,10.84,-0.01,14,15176,卖盘
1549,13:18:39,10.85,--,33,35805,买盘
1550,13:18:36,10.85,--,5,5425,买盘
1551,13:18:30,10.85,--,3,3255,买盘
1552,13:18:27,10.85,0.01,2,2170,买盘
1553,13:18:24,10.84,-0.01,3,3252,卖盘
1554,13:18:18,10.85,--,4,4340,买盘
1555,13:18:15,10.85,-0.01,1,1085,中性盘
1556,13:18:12,10.86,0.01,6,6516,买盘
1557,13:18:09,10.85,--,656,711760,买盘
1558,13:18:06,10.85,--,1,1085,买盘
1559,13:17:57,10.85,--,82,88970,买盘
1560,13:17:54,10.85,--,1,1085,买盘
1561,13:17:48,10.85,--,40,43400,买盘
1562,13:17:45,10.85,--,1,1085,买盘
1563,13:17:39,10.85,--,106,115010,买盘
1564,13:17:33,10.85,--,21,22785,买盘
1565,13:17:30,10.85,--,57,61845,买盘
1566,13:17:27,10.85,--,1,1085,买盘
1567,13:17:18,10.85,-0.01,3,3255,卖盘
1568,13:17:15,10.86,0.02,1,1086,买盘
1569,13:17:12,10.84,-0.02,32,34688,卖盘
1570,13:17:09,10.86,--,1,1086,买盘
1571,13:17:06,10.86,0.02,14,15204,买盘
1572,13:17:03,10.84,-0.01,59,63956,卖盘
1573,13:17:00,10.85,--,1,1085,买盘
1574,13:16:57,10.85,--,31,33635,买盘
1575,13:16:54,10.85,--,1,1085,买盘
1576,13:16:48,10.85,--,10,10850,卖盘
1577,13:16:45,10.85,-0.01,1,1085,卖盘
1578,13:16:36,10.86,--,5,5430,买盘
1579,13:16:30,10.86,--,199,216114,买盘
1580,13:16:27,10.86,0.01,7,7602,买盘
1581,13:16:24,10.85,--,7,7595,买盘
1582,13:16:21,10.85,0.01,15,16275,中性盘
1583,13:16:18,10.84,-0.01,9,9756,卖盘
1584,13:16:15,10.85,0.01,3,3255,买盘
1585,13:16:09,10.84,-0.01,5,5420,卖盘
1586,13:16:06,10.85,--,363,393855,买盘
1587,13:16:00,10.85,--,5,5425,买盘
1588,13:15:57,10.85,--,12,13020,买盘
1589,13:15:54,10.85,--,5,5425,买盘
1590,13:15:42,10.85,-0.01,142,154070,卖盘
1591,13:15:33,10.86,--,1,1086,买盘
1592,13:15:30,10.86,0.01,1,1086,买盘
1593,13:15:27,10.85,-0.01,29,31465,卖盘
1594,13:15:24,10.86,--,1,1086,买盘
1595,13:15:21,10.86,--,28,30408,买盘
1596,13:15:09,10.86,--,2,2172,买盘
1597,13:15:06,10.86,--,1,1086,买盘
1598,13:14:54,10.86,--,1,1086,买盘
1599,13:14:51,10.86,--,1,1086,买盘
1600,13:14:45,10.86,0.01,17,18462,买盘
1601,13:14:42,10.85,--,17,18445,买盘
1602,13:14:36,10.85,0.01,1,1085,买盘
1603,13:14:33,10.84,-0.01,29,31436,卖盘
1604,13:14:30,10.85,0.01,1,1085,买盘
1605,13:14:21,10.84,0.01,122,132248,买盘
1606,13:14:18,10.83,-0.01,26,28158,卖盘
1607,13:14:12,10.84,0.01,22,23848,买盘
1608,13:14:09,10.83,--,33,35739,卖盘
1609,13:14:06,10.83,-0.01,11,11913,卖盘
1610,13:14:03,10.84,--,794,860696,买盘
1611,13:14:00,10.84,0.01,6,6504,买盘
1612,13:13:57,10.83,0.01,1,1083,买盘
1613,13:13:54,10.82,--,21,22722,卖盘
1614,13:13:51,10.82,-0.01,620,670840,卖盘
1615,13:13:48,10.83,--,8,8664,买盘
1616,13:13:45,10.83,--,10,10830,买盘
1617,13:13:33,10.83,-0.01,16,17328,卖盘
1618,13:13:30,10.84,0.01,2,2168,买盘
1619,13:13:27,10.83,-0.01,5,5415,卖盘
1620,13:13:24,10.84,--,1,1084,买盘
1621,13:13:21,10.84,--,22,23848,买盘
1622,13:13:18,10.84,--,6,6504,买盘
1623,13:13:15,10.84,0.02,4,4336,买盘
1624,13:13:12,10.82,--,4,4328,卖盘
1625,13:13:09,10.82,--,31,33542,卖盘
1626,13:13:06,10.82,-0.02,11,11902,卖盘
1627,13:13:00,10.84,0.01,38,41842,买盘
1628,13:12:57,10.83,-0.01,10,10830,卖盘
1629,13:12:54,10.84,--,4,4336,买盘
1630,13:12:48,10.84,--,5,5420,买盘
1631,13:12:45,10.84,0.01,43,46612,买盘
1632,13:12:42,10.83,--,4,4332,卖盘
1633,13:12:39,10.83,--,7,7581,卖盘
1634,13:12:33,10.83,--,22,24259,买盘
1635,13:12:30,10.83,--,5,5415,买盘
1636,13:12:27,10.83,--,6,6498,买盘
1637,13:12:24,10.83,--,7,7581,买盘
1638,13:12:21,10.83,--,13,14079,买盘
1639,13:12:12,10.83,0.01,169,183027,买盘
1640,13:12:09,10.82,--,58,62756,卖盘
1641,13:12:06,10.82,-0.01,51,55182,卖盘
1642,13:12:00,10.83,--,13,14079,买盘
1643,13:11:57,10.83,--,18,19494,买盘
1644,13:11:54,10.83,--,651,705033,买盘
1645,13:11:48,10.83,--,23,24909,买盘
1646,13:11:45,10.83,--,21,22743,买盘
1647,13:11:39,10.83,--,5,5415,买盘
1648,13:11:36,10.83,--,379,411106,卖盘
1649,13:11:33,10.83,-0.01,8,8664,卖盘
1650,13:11:30,10.84,--,1,1084,买盘
1651,13:11:27,10.84,--,56,60704,买盘
1652,13:11:24,10.84,--,22,23848,买盘
1653,13:11:21,10.84,--,50,54200,买盘
1654,13:11:15,10.84,--,19,20596,买盘
1655,13:11:12,10.84,0.01,1,1084,买盘
1656,13:11:09,10.83,--,7,7581,卖盘
1657,13:11:06,10.83,-0.01,2,2166,卖盘
1658,13:11:03,10.84,0.01,11,11924,买盘
1659,13:11:00,10.83,--,130,140790,卖盘
1660,13:10:57,10.83,-0.01,5,5415,卖盘
1661,13:10:54,10.84,0.01,100,108833,买盘
1662,13:10:51,10.83,0.01,29,31407,买盘
1663,13:10:45,10.82,-0.01,7,7574,卖盘
1664,13:10:39,10.83,--,21,23392,卖盘
1665,13:10:33,10.83,-0.01,11,11913,卖盘
1666,13:10:30,10.84,0.01,1,1084,买盘
1667,13:10:27,10.83,-0.01,12,12996,卖盘
1668,13:10:24,10.84,0.01,2,2168,买盘
1669,13:10:21,10.83,--,1,1083,卖盘
1670,13:10:12,10.83,--,18,19494,卖盘
1671,13:10:09,10.83,0.01,30,32923,买盘
1672,13:10:06,10.82,-0.01,1,1082,卖盘
1673,13:10:03,10.83,--,6,6498,买盘
1674,13:10:00,10.83,--,1,1083,买盘
1675,13:09:57,10.83,--,4,4332,买盘
1676,13:09:54,10.83,0.01,2,2166,买盘
1677,13:09:51,10.82,--,902,975964,卖盘
1678,13:09:48,10.82,-0.01,6,6492,卖盘
1679,13:09:45,10.83,--,1,1083,买盘
1680,13:09:42,10.83,--,13,14079,买盘
1681,13:09:39,10.83,--,12,12996,买盘
1682,13:09:33,10.83,--,14,15162,买盘
1683,13:09:30,10.83,0.01,2,2166,买盘
1684,13:09:27,10.82,--,38,41116,卖盘
1685,13:09:24,10.82,-0.01,72,77904,卖盘
1686,13:09:15,10.83,0.01,24,25992,买盘
1687,13:09:12,10.82,-0.01,200,216400,卖盘
1688,13:09:06,10.83,--,70,75810,买盘
1689,13:09:03,10.83,--,80,86640,买盘
1690,13:09:00,10.83,-0.01,82,89455,卖盘
1691,13:08:54,10.84,0.01,35,37940,买盘
1692,13:08:51,10.83,--,30,32490,卖盘
1693,13:08:45,10.83,-0.01,971,1051593,卖盘
1694,13:08:42,10.84,--,1,1084,买盘
1695,13:08:39,10.84,--,4,4336,买盘
1696,13:08:33,10.84,--,145,157180,买盘
1697,13:08:30,10.84,0.01,61,66124,买盘
1698,13:08:24,10.83,-0.01,24,25992,卖盘
1699,13:08:21,10.84,--,304,329536,买盘
1700,13:08:18,10.84,0.01,14,15176,买盘
1701,13:08:15,10.83,-0.01,73,79059,卖盘
1702,13:08:09,10.84,--,5,5420,买盘
1703,13:08:06,10.84,--,4,4336,买盘
1704,13:08:03,10.84,-0.01,80,87066,卖盘
1705,13:07:57,10.85,--,34,36890,买盘
1706,13:07:54,10.85,0.01,1,1085,买盘
1707,13:07:51,10.84,--,70,75880,卖盘
1708,13:07:48,10.84,--,3,3252,卖盘
1709,13:07:45,10.84,0.01,123,134069,买盘
1710,13:07:42,10.83,-0.01,52,56316,卖盘
1711,13:07:39,10.84,--,5,5420,买盘
1712,13:07:33,10.84,--,154,166936,买盘
1713,13:07:30,10.84,--,1,1084,买盘
1714,13:07:27,10.84,--,5,5420,买盘
1715,13:07:24,10.84,--,1,1084,买盘
1716,13:07:21,10.84,-0.01,616,668090,卖盘
1717,13:07:18,10.85,0.01,28,30380,买盘
1718,13:07:15,10.84,-0.02,5,5420,卖盘
1719,13:07:12,10.86,0.02,5,5430,买盘
1720,13:07:09,10.84,-0.02,3,3252,卖盘
1721,13:07:03,10.86,--,1,1086,买盘
1722,13:07:00,10.86,--,86,93396,买盘
1723,13:06:54,10.86,--,17,18462,买盘
1724,13:06:48,10.86,--,3,3258,买盘
1725,13:06:45,10.86,0.02,6,6516,买盘
1726,13:06:39,10.84,-0.02,96,104064,卖盘
1727,13:06:33,10.86,0.01,136,148564,买盘
1728,13:06:30,10.85,--,1,1085,买盘
1729,13:06:27,10.85,-0.01,171,185752,卖盘
1730,13:06:18,10.86,0.01,4,4344,买盘
1731,13:06:15,10.85,--,10,10850,卖盘
1732,13:06:09,10.85,-0.01,102,110670,卖盘
1733,13:06:06,10.86,--,5,5430,买盘
1734,13:06:00,10.86,0.01,1,1086,买盘
1735,13:05:57,10.85,-0.01,7,7595,卖盘
1736,13:05:54,10.86,--,36,39096,买盘
1737,13:05:48,10.86,--,12,13032,买盘
1738,13:05:45,10.86,--,5,5430,买盘
1739,13:05:42,10.86,--,16,17376,中性盘
1740,13:05:39,10.86,--,84,91224,买盘
1741,13:05:30,10.86,-0.01,1,1086,中性盘
1742,13:05:27,10.87,0.01,27,29348,买盘
1743,13:05:24,10.86,-0.01,1,1086,卖盘
1744,13:05:21,10.87,0.02,1,1087,买盘
1745,13:05:15,10.85,-0.02,3,3255,卖盘
1746,13:05:12,10.87,--,2,2174,买盘
1747,13:05:09,10.87,0.01,50,54349,买盘
1748,13:05:06,10.86,--,4,4344,买盘
1749,13:05:03,10.86,--,1,1086,买盘
1750,13:05:00,10.86,--,10,10860,买盘
1751,13:04:57,10.86,--,6,6516,买盘
1752,13:04:54,10.86,--,20,21720,买盘
1753,13:04:51,10.86,--,9,9774,买盘
1754,13:04:48,10.86,--,2,2172,买盘
1755,13:04:39,10.86,--,16,17376,买盘
1756,13:04:33,10.86,--,11,11946,买盘
1757,13:04:30,10.86,--,109,118374,买盘
1758,13:04:24,10.86,--,2,2172,买盘
1759,13:04:18,10.86,--,5,5430,买盘
1760,13:04:15,10.86,--,5,5430,买盘
1761,13:04:12,10.86,--,4,4344,买盘
1762,13:04:06,10.86,--,5,5430,买盘
1763,13:04:03,10.86,0.01,3,3258,买盘
1764,13:04:00,10.85,-0.01,10,10850,卖盘
1765,13:03:54,10.86,--,61,67114,买盘
1766,13:03:48,10.86,--,5,5430,买盘
1767,13:03:45,10.86,--,1,1086,买盘
1768,13:03:42,10.86,--,21,22806,买盘
1769,13:03:39,10.86,--,1,1086,买盘
1770,13:03:36,10.86,0.01,25,27150,买盘
1771,13:03:33,10.85,--,43,46655,卖盘
1772,13:03:30,10.85,-0.01,92,99820,卖盘
1773,13:03:21,10.86,--,11,11946,买盘
1774,13:03:18,10.86,--,5,5430,买盘
1775,13:03:15,10.86,0.01,5,5430,买盘
1776,13:03:12,10.85,-0.01,14,15190,卖盘
1777,13:03:09,10.86,--,1,1086,买盘
1778,13:03:03,10.86,--,1,1086,买盘
1779,13:03:00,10.86,--,7,7602,买盘
1780,13:02:57,10.86,--,23,24978,买盘
1781,13:02:54,10.86,--,1,1086,买盘
1782,13:02:45,10.86,--,5,5430,买盘
1783,13:02:42,10.86,--,36,39096,买盘
1784,13:02:39,10.86,--,1,1086,买盘
1785,13:02:36,10.86,0.01,1,1086,买盘
1786,13:02:33,10.85,-0.01,41,44485,卖盘
1787,13:02:24,10.86,0.01,50,54300,买盘
1788,13:02:21,10.85,-0.01,389,422065,卖盘
1789,13:02:18,10.86,--,48,52128,卖盘
1790,13:02:15,10.86,--,108,117288,卖盘
1791,13:02:09,10.86,-0.01,34,36924,卖盘
1792,13:02:06,10.87,--,2,2174,买盘
1793,13:02:03,10.87,0.01,24,26087,买盘
1794,13:01:54,10.86,--,1,1086,买盘
1795,13:01:48,10.86,--,12,13032,买盘
1796,13:01:42,10.86,--,13,14118,买盘
1797,13:01:39,10.86,--,10,10860,买盘
1798,13:01:30,10.86,--,129,140094,买盘
1799,13:01:27,10.86,--,10,10860,买盘
1800,13:01:24,10.86,--,1,1086,买盘
1801,13:01:15,10.86,0.01,12,13032,买盘
1802,13:01:12,10.85,-0.01,3,3255,卖盘
1803,13:01:09,10.86,--,5,5430,买盘
1804,13:01:06,10.86,--,28,30408,买盘
1805,13:00:54,10.86,--,21,22806,买盘
1806,13:00:45,10.86,--,1,1086,买盘
1807,13:00:42,10.86,--,2,2172,买盘
1808,13:00:27,10.86,--,12,13032,买盘
1809,13:00:15,10.86,0.01,21,22806,买盘
1810,13:00:12,10.85,--,2,2170,卖盘
1811,13:00:09,10.85,--,8,8680,卖盘
1812,13:00:06,10.85,--,38,41230,卖盘
1813,13:00:03,10.85,0.01,1389,1508019,买盘
1814,13:00:00,10.84,--,0,0,卖盘
1815,11:30:00,10.84,--,0,0,卖盘
1816,11:29:57,10.84,-0.01,19,20596,卖盘
1817,11:29:54,10.85,--,11,11935,买盘
1818,11:29:45,10.85,--,27,29295,买盘
1819,11:29:36,10.85,--,1,1085,买盘
1820,11:29:33,10.85,--,9,9765,买盘
1821,11:29:30,10.85,--,26,28210,买盘
1822,11:29:24,10.85,--,28,30380,买盘
1823,11:29:15,10.85,--,16,17360,买盘
1824,11:29:12,10.85,--,21,22785,买盘
1825,11:29:09,10.85,--,30,32550,买盘
1826,11:29:03,10.85,--,1,1085,买盘
1827,11:29:00,10.85,0.01,13,14105,买盘
1828,11:28:57,10.84,-0.01,26,28184,卖盘
1829,11:28:54,10.85,--,51,55335,买盘
1830,11:28:51,10.85,--,41,44485,买盘
1831,11:28:48,10.85,0.01,49,53165,买盘
1832,11:28:45,10.84,-0.01,20,21680,卖盘
1833,11:28:42,10.85,--,233,252805,买盘
1834,11:28:39,10.85,--,532,577827,卖盘
1835,11:28:27,10.85,-0.01,39,42315,卖盘
1836,11:28:24,10.86,--,19,20634,买盘
1837,11:28:18,10.86,0.01,5,5430,买盘
1838,11:28:15,10.85,--,8,8680,卖盘
1839,11:28:12,10.85,--,25,27125,卖盘
1840,11:27:57,10.85,-0.02,87,94395,卖盘
1841,11:27:54,10.87,0.01,17,18479,买盘
1842,11:27:51,10.86,0.01,11,12423,买盘
1843,11:27:45,10.85,--,52,56420,卖盘
1844,11:27:39,10.85,-0.01,11,11935,卖盘
1845,11:27:36,10.86,0.01,42,45612,买盘
1846,11:27:33,10.85,0.01,1,1085,中性盘
1847,11:27:30,10.84,-0.02,83,89972,卖盘
1848,11:27:27,10.86,--,12,13032,买盘
1849,11:27:24,10.86,0.01,4,4344,买盘
1850,11:27:21,10.85,0.01,10,10850,卖盘
1851,11:27:12,10.84,-0.01,114,123576,卖盘
1852,11:27:09,10.85,0.01,53,57505,中性盘
1853,11:27:06,10.84,-0.02,103,111652,卖盘
1854,11:27:03,10.86,0.01,1,1086,买盘
1855,11:26:54,10.85,0.01,20,21700,买盘
1856,11:26:51,10.84,--,24,26016,卖盘
1857,11:26:48,10.84,--,33,35772,买盘
1858,11:26:45,10.84,--,30,32520,买盘
1859,11:26:42,10.84,--,25,27100,买盘
1860,11:26:36,10.84,--,21,22764,买盘
1861,11:26:33,10.84,--,31,33604,买盘
1862,11:26:30,10.84,--,44,48129,买盘
1863,11:26:27,10.84,0.01,309,334956,买盘
1864,11:26:24,10.83,--,76,82308,卖盘
1865,11:26:21,10.83,-0.01,4,4332,卖盘
1866,11:26:15,10.84,0.01,18,19512,买盘
1867,11:26:12,10.83,--,420,454860,卖盘
1868,11:26:09,10.83,--,26,28158,卖盘
1869,11:26:06,10.83,--,81,87723,卖盘
1870,11:26:03,10.83,--,61,66063,卖盘
1871,11:26:00,10.83,--,155,167865,卖盘
1872,11:25:57,10.83,-0.01,28,30324,卖盘
1873,11:25:54,10.84,0.01,1,1084,买盘
1874,11:25:51,10.83,-0.01,40,43320,卖盘
1875,11:25:45,10.84,--,14,15176,买盘
1876,11:25:42,10.84,-0.01,135,146340,卖盘
1877,11:25:39,10.85,0.01,16,17360,买盘
1878,11:25:36,10.84,-0.01,336,364224,卖盘
1879,11:25:33,10.85,0.01,89,96565,买盘
1880,11:25:30,10.84,-0.01,51,55284,卖盘
1881,11:25:27,10.85,--,11,11935,买盘
1882,11:25:24,10.85,--,3,3255,买盘
1883,11:25:21,10.85,-0.01,77,83545,卖盘
1884,11:25:18,10.86,0.01,102,110772,买盘
1885,11:25:15,10.85,-0.01,133,144305,卖盘
1886,11:25:12,10.86,0.01,967,1050162,买盘
1887,11:25:09,10.85,-0.01,23,24955,卖盘
1888,11:25:06,10.86,--,33,35838,买盘
1889,11:25:00,10.86,--,11,11946,买盘
1890,11:24:57,10.86,-0.01,1913,2078126,卖盘
1891,11:24:54,10.87,--,13,14130,买盘
1892,11:24:51,10.87,--,21,22827,买盘
1893,11:24:48,10.87,0.01,42,45654,买盘
1894,11:24:45,10.86,--,103,111858,卖盘
1895,11:24:42,10.86,-0.01,85,92310,卖盘
1896,11:24:36,10.87,-0.01,19,20653,中性盘
1897,11:24:33,10.88,--,61,66368,买盘
1898,11:24:27,10.88,0.02,9,9792,买盘
1899,11:24:24,10.86,--,60,65160,卖盘
1900,11:24:21,10.86,-0.02,77,83622,卖盘
1901,11:24:18,10.88,--,13,14144,买盘
1902,11:24:15,10.88,0.01,125,136000,买盘
1903,11:24:06,10.87,-0.01,12,13043,卖盘
1904,11:24:03,10.88,0.01,1,1088,买盘
1905,11:23:57,10.87,-0.01,27,29348,卖盘
1906,11:23:54,10.88,0.01,2,2176,买盘
1907,11:23:45,10.87,-0.01,92,100004,卖盘
1908,11:23:42,10.88,--,5,5440,买盘
1909,11:23:39,10.88,-0.01,162,176256,卖盘
1910,11:23:36,10.89,0.01,10,10890,买盘
1911,11:23:30,10.88,-0.01,20,21760,卖盘
1912,11:23:24,10.89,0.01,1,1089,买盘
1913,11:23:21,10.88,--,142,154496,卖盘
1914,11:23:18,10.88,-0.01,22,23936,卖盘
1915,11:23:15,10.89,--,1,1089,买盘
1916,11:23:12,10.89,0.01,48,52272,买盘
1917,11:23:09,10.88,--,200,217600,卖盘
1918,11:22:57,10.88,-0.01,27,29376,卖盘
1919,11:22:54,10.89,0.01,32,34848,买盘
1920,11:22:48,10.88,--,8,8704,卖盘
1921,11:22:45,10.88,--,7,7616,卖盘
1922,11:22:42,10.88,--,10,10880,卖盘
1923,11:22:36,10.88,-0.01,34,36992,买盘
1924,11:22:33,10.89,0.02,2,2178,买盘
1925,11:22:30,10.87,-0.02,59,64132,卖盘
1926,11:22:27,10.89,--,29,31581,买盘
1927,11:22:24,10.89,0.01,29,31581,买盘
1928,11:22:12,10.88,0.01,47,51136,买盘
1929,11:22:09,10.87,--,14,15217,卖盘
1930,11:22:06,10.87,-0.01,138,150006,卖盘
1931,11:22:03,10.88,--,11,11968,买盘
1932,11:22:00,10.88,--,54,58752,买盘
1933,11:21:54,10.88,--,1,1088,买盘
1934,11:21:48,10.88,--,6,6528,卖盘
1935,11:21:45,10.88,--,202,219776,卖盘
1936,11:21:42,10.88,--,55,59840,卖盘
1937,11:21:39,10.88,-0.01,65,70720,卖盘
1938,11:21:36,10.89,--,2,2178,买盘
1939,11:21:21,10.89,--,13,14157,买盘
1940,11:21:18,10.89,--,13,14157,买盘
1941,11:21:15,10.89,0.01,21,22869,买盘
1942,11:21:12,10.88,--,4,4352,卖盘
1943,11:21:06,10.88,-0.01,47,51136,卖盘
1944,11:21:03,10.89,0.01,11,11979,买盘
1945,11:21:00,10.88,--,24,26112,买盘
1946,11:20:54,10.88,--,1,1088,买盘
1947,11:20:51,10.88,--,30,32640,买盘
1948,11:20:45,10.88,--,1,1088,买盘
1949,11:20:42,10.88,0.02,4,4352,中性盘
1950,11:20:30,10.86,-0.03,41,44526,卖盘
1951,11:20:24,10.89,0.01,1,1089,买盘
1952,11:20:21,10.88,--,1,1088,卖盘
1953,11:20:18,10.88,-0.01,19,20672,卖盘
1954,11:20:15,10.89,--,1,1089,买盘
1955,11:20:12,10.89,-0.01,1,1089,买盘
1956,11:20:09,10.9,0.04,13,14170,买盘
1957,11:20:06,10.86,-0.04,270,293220,卖盘
1958,11:19:54,10.9,0.02,1,1090,买盘
1959,11:19:48,10.88,--,154,168030,买盘
1960,11:19:45,10.88,--,2,2176,买盘
1961,11:19:39,10.88,--,194,211072,买盘
1962,11:19:36,10.88,--,3,3264,买盘
1963,11:19:33,10.88,--,13,14144,买盘
1964,11:19:30,10.88,0.02,6,6528,买盘
1965,11:19:27,10.86,-0.02,1489,1617054,卖盘
1966,11:19:24,10.88,-0.02,3649,3970721,卖盘
1967,11:19:21,10.9,-0.01,12,13080,卖盘
1968,11:19:15,10.91,0.01,3,3273,买盘
1969,11:19:12,10.9,-0.01,4,4360,卖盘
1970,11:19:06,10.91,--,2,2182,买盘
1971,11:19:00,10.91,--,12,13092,买盘
1972,11:18:54,10.91,--,1,1091,买盘
1973,11:18:51,10.91,--,34,37094,买盘
1974,11:18:45,10.91,-0.01,30,32730,中性盘
1975,11:18:24,10.92,0.02,2,2184,买盘
1976,11:18:21,10.9,-0.01,13,14170,卖盘
1977,11:18:15,10.91,0.01,1,1091,买盘
1978,11:18:09,10.9,--,10,10900,卖盘
1979,11:18:06,10.9,-0.01,13,14170,卖盘
1980,11:18:03,10.91,0.01,5,5455,买盘
1981,11:17:57,10.9,-0.02,188,204920,卖盘
1982,11:17:54,10.92,0.02,1,1092,买盘
1983,11:17:51,10.9,--,14,15260,卖盘
1984,11:17:45,10.9,-0.02,2,2180,卖盘
1985,11:17:42,10.92,0.02,2,2184,买盘
1986,11:17:36,10.9,--,8,8720,卖盘
1987,11:17:30,10.9,-0.01,444,484363,卖盘
1988,11:17:27,10.91,-0.01,55,60005,卖盘
1989,11:17:24,10.92,--,1,1092,买盘
1990,11:17:21,10.92,--,2,2184,买盘
1991,11:17:15,10.92,--,1,1092,买盘
1992,11:17:12,10.92,0.01,31,33852,买盘
1993,11:17:09,10.91,0.01,4,4364,买盘
1994,11:17:06,10.9,--,75,81750,卖盘
1995,11:17:03,10.9,-0.01,20,21800,卖盘
1996,11:17:00,10.91,--,88,96008,买盘
1997,11:16:57,10.91,0.01,5,5455,买盘
1998,11:16:54,10.9,-0.01,27,29430,卖盘
1999,11:16:48,10.91,0.01,2,2182,买盘
2000,11:16:45,10.9,-0.01,6,6540,卖盘
2001,11:16:42,10.91,--,2,2182,买盘
2002,11:16:39,10.91,--,13,14183,买盘
2003,11:16:36,10.91,0.01,5,5455,买盘
2004,11:16:33,10.9,--,5,5450,卖盘
2005,11:16:30,10.9,-0.01,27,29430,卖盘
2006,11:16:27,10.91,--,1,1091,买盘
2007,11:16:24,10.91,--,14,15274,买盘
2008,11:16:18,10.91,--,2,2182,买盘
2009,11:16:15,10.91,--,3,3273,买盘
2010,11:16:09,10.91,0.01,18,19638,卖盘
2011,11:16:06,10.9,-0.01,278,303020,卖盘
2012,11:16:03,10.91,--,337,367667,买盘
2013,11:15:57,10.91,--,10,10910,买盘
2014,11:15:54,10.91,--,3,3273,买盘
2015,11:15:51,10.91,--,169,184379,买盘
2016,11:15:48,10.91,--,16,17456,买盘
2017,11:15:45,10.91,0.01,52,56732,买盘
2018,11:15:42,10.9,-0.01,120,130800,卖盘
2019,11:15:36,10.91,--,102,111282,买盘
2020,11:15:33,10.91,--,17,18547,买盘
2021,11:15:27,10.91,--,2,2182,买盘
2022,11:15:24,10.91,--,1,1091,买盘
2023,11:15:21,10.91,--,140,152740,买盘
2024,11:15:18,10.91,0.01,4,4364,买盘
2025,11:15:15,10.9,-0.01,61,66490,卖盘
2026,11:15:12,10.91,--,10,10910,买盘
2027,11:15:09,10.91,0.01,31,33821,买盘
2028,11:15:06,10.9,-0.01,12,13080,卖盘
2029,11:15:03,10.91,--,7,7637,买盘
2030,11:15:00,10.91,--,49,53459,买盘
2031,11:14:54,10.91,0.01,1,1091,买盘
2032,11:14:51,10.9,-0.01,85,92650,卖盘
2033,11:14:48,10.91,--,82,89462,买盘
2034,11:14:42,10.91,--,10,10910,买盘
2035,11:14:36,10.91,--,13,14183,买盘
2036,11:14:33,10.91,--,87,94917,买盘
2037,11:14:30,10.91,--,1,1091,买盘
2038,11:14:27,10.91,0.01,288,314208,买盘
2039,11:14:24,10.9,--,3,3270,卖盘
2040,11:14:21,10.9,-0.01,440,479600,卖盘
2041,11:14:15,10.91,--,175,191786,卖盘
2042,11:14:06,10.91,--,13,14183,卖盘
2043,11:14:03,10.91,--,34,37094,卖盘
2044,11:14:00,10.91,--,208,226928,卖盘
2045,11:13:57,10.91,--,130,142059,买盘
2046,11:13:54,10.91,--,1,1091,买盘
2047,11:13:51,10.91,--,225,245475,买盘
2048,11:13:45,10.91,--,1,1091,买盘
2049,11:13:42,10.91,0.01,103,112373,买盘
2050,11:13:39,10.9,-0.01,22,23980,卖盘
2051,11:13:36,10.91,0.01,97,105827,卖盘
2052,11:13:33,10.9,-0.02,228,248520,卖盘
2053,11:13:30,10.92,--,12,13104,买盘
2054,11:13:27,10.92,0.01,16,17472,买盘
2055,11:13:24,10.91,--,22,24002,卖盘
2056,11:13:21,10.91,--,1,1091,卖盘
2057,11:13:15,10.91,--,12,13092,买盘
2058,11:13:12,10.91,--,12,13092,买盘
2059,11:13:09,10.91,0.01,6,6546,买盘
2060,11:13:06,10.9,-0.01,12,13080,卖盘
2061,11:13:03,10.91,--,1,1091,买盘
2062,11:13:00,10.91,--,6,6546,买盘
2063,11:12:57,10.91,--,113,123283,买盘
2064,11:12:54,10.91,--,14,15274,买盘
2065,11:12:48,10.91,0.01,2,2182,买盘
2066,11:12:39,10.9,-0.01,6,6540,卖盘
2067,11:12:36,10.91,--,10,10910,买盘
2068,11:12:33,10.91,--,10,10910,买盘
2069,11:12:30,10.91,0.01,1,1091,买盘
2070,11:12:27,10.9,-0.01,13,14170,卖盘
2071,11:12:21,10.91,--,24,26184,卖盘
2072,11:12:18,10.91,-0.01,4,4364,卖盘
2073,11:12:15,10.92,--,1,1092,买盘
2074,11:12:03,10.92,0.01,23,25116,买盘
2075,11:12:00,10.91,--,5,5455,买盘
2076,11:11:57,10.91,--,5,5455,买盘
2077,11:11:54,10.91,--,3,3273,买盘
2078,11:11:48,10.91,--,25,27275,买盘
2079,11:11:45,10.91,0.01,12,13092,买盘
2080,11:11:42,10.9,-0.01,15,16350,卖盘
2081,11:11:39,10.91,--,76,82916,买盘
2082,11:11:30,10.91,--,28,30548,买盘
2083,11:11:27,10.91,--,12,13092,买盘
2084,11:11:24,10.91,--,3,3273,买盘
2085,11:11:21,10.91,0.01,18,19638,买盘
2086,11:11:15,10.9,-0.01,22,23980,卖盘
2087,11:11:12,10.91,--,225,245475,买盘
2088,11:11:09,10.91,0.01,20,21820,买盘
2089,11:11:06,10.9,--,12,13080,卖盘
2090,11:11:03,10.9,--,60,65400,卖盘
2091,11:11:00,10.9,-0.01,150,163500,卖盘
2092,11:10:54,10.91,--,49,53459,买盘
2093,11:10:48,10.91,--,2,2182,买盘
2094,11:10:45,10.91,0.01,11,12001,买盘
2095,11:10:42,10.9,-0.01,140,152600,卖盘
2096,11:10:36,10.91,--,12,13092,买盘
2097,11:10:30,10.91,0.01,1,1091,买盘
2098,11:10:27,10.9,-0.02,78,85020,卖盘
2099,11:10:21,10.92,--,1,1092,买盘
2100,11:10:18,10.92,--,2,2184,买盘
2101,11:10:15,10.92,0.02,14,15288,买盘
2102,11:10:09,10.9,--,3,3270,卖盘
2103,11:10:06,10.9,-0.01,15,16350,中性盘
2104,11:10:03,10.91,0.02,87,94917,买盘
2105,11:10:00,10.89,-0.01,427,465003,卖盘
2106,11:09:57,10.9,-0.01,800,872000,卖盘
2107,11:09:54,10.91,--,20,21820,买盘
2108,11:09:51,10.91,--,3,3273,买盘
2109,11:09:48,10.91,--,346,377540,卖盘
2110,11:09:36,10.91,-0.01,197,214927,卖盘
2111,11:09:33,10.92,--,23,25116,买盘
2112,11:09:30,10.92,0.01,1,1092,买盘
2113,11:09:24,10.91,-0.01,20,21820,卖盘
2114,11:09:21,10.92,--,6,6552,买盘
2115,11:09:18,10.92,0.01,3,3276,买盘
2116,11:09:15,10.91,0.01,406,443982,买盘
2117,11:09:12,10.9,-0.01,29,31610,卖盘
2118,11:09:09,10.91,0.01,1,1091,买盘
2119,11:09:06,10.9,-0.01,13,14170,卖盘
2120,11:09:03,10.91,--,10,10910,买盘
2121,11:09:00,10.91,--,1,1091,买盘
2122,11:08:57,10.91,-0.01,5,5455,买盘
2123,11:08:54,10.92,--,3,3276,买盘
2124,11:08:51,10.92,--,3,3276,买盘
2125,11:08:45,10.92,--,4,4368,买盘
2126,11:08:42,10.92,--,1,1092,买盘
2127,11:08:39,10.92,0.02,26,28392,买盘
2128,11:08:30,10.9,-0.01,20,21800,卖盘
2129,11:08:27,10.91,--,4,4364,买盘
2130,11:08:24,10.91,0.01,36,39276,买盘
2131,11:08:21,10.9,-0.01,2,2180,卖盘
2132,11:08:18,10.91,--,6,6546,买盘
2133,11:08:12,10.91,--,46,50186,买盘
2134,11:08:06,10.91,--,78,85098,买盘
2135,11:08:03,10.91,--,5,5455,买盘
2136,11:08:00,10.91,--,35,38185,买盘
2137,11:07:57,10.91,--,14,15274,买盘
2138,11:07:54,10.91,--,3,4178,卖盘
2139,11:07:51,10.91,-0.01,11,12186,卖盘
2140,11:07:45,10.92,0.02,1,1092,买盘
2141,11:07:39,10.9,-0.01,46,50140,卖盘
2142,11:07:33,10.91,-0.01,1,1091,卖盘
2143,11:07:30,10.92,0.01,45,49140,买盘
2144,11:07:24,10.91,0.01,30,32730,买盘
2145,11:07:21,10.9,-0.02,13,14170,卖盘
2146,11:07:18,10.92,--,3,3276,买盘
2147,11:07:15,10.92,0.02,36,39312,买盘
2148,11:07:12,10.9,--,13,14170,卖盘
2149,11:07:09,10.9,-0.01,8,8720,卖盘
2150,11:07:06,10.91,--,1,1091,买盘
2151,11:07:03,10.91,--,1,1091,买盘
2152,11:07:00,10.91,--,6,6546,买盘
2153,11:06:57,10.91,--,35,38185,买盘
2154,11:06:54,10.91,--,1,1091,买盘
2155,11:06:51,10.91,--,1,1091,买盘
2156,11:06:48,10.91,--,5,5455,买盘
2157,11:06:45,10.91,--,145,158195,买盘
2158,11:06:36,10.91,-0.01,145,158195,卖盘
2159,11:06:33,10.92,0.01,15,16380,买盘
2160,11:06:30,10.91,-0.01,101,110191,卖盘
2161,11:06:27,10.92,0.02,10,10920,买盘
2162,11:06:24,10.9,-0.02,16,17440,卖盘
2163,11:06:21,10.92,--,265,289380,买盘
2164,11:06:18,10.92,0.01,4,4368,买盘
2165,11:06:15,10.91,--,49,54048,买盘
2166,11:06:09,10.91,0.01,21,22911,买盘
2167,11:06:06,10.9,-0.01,12,13080,卖盘
2168,11:06:03,10.91,--,138,150558,买盘
2169,11:06:00,10.91,--,31,34202,卖盘
2170,11:05:57,10.91,--,236,257563,卖盘
2171,11:05:54,10.91,--,58,63278,卖盘
2172,11:05:51,10.91,-0.01,8,8728,卖盘
2173,11:05:45,10.92,0.01,16,17472,买盘
2174,11:05:36,10.91,--,6,6546,卖盘
2175,11:05:33,10.91,-0.01,34,37094,卖盘
2176,11:05:30,10.92,--,275,300300,买盘
2177,11:05:27,10.92,--,6,6552,买盘
2178,11:05:24,10.92,--,2,2184,买盘
2179,11:05:21,10.92,-0.01,14,15288,卖盘
2180,11:05:18,10.93,0.01,36,39348,买盘
2181,11:05:15,10.92,0.01,24,26208,买盘
2182,11:05:12,10.91,-0.01,8,8728,卖盘
2183,11:05:09,10.92,--,333,363636,买盘
2184,11:05:06,10.92,--,333,363636,买盘
2185,11:05:03,10.92,--,38,41496,买盘
2186,11:05:00,10.92,--,18,19656,买盘
2187,11:04:54,10.92,--,1,1092,买盘
2188,11:04:51,10.92,--,3,3276,买盘
2189,11:04:48,10.92,0.01,9,9828,买盘
2190,11:04:45,10.91,--,173,189670,卖盘
2191,11:04:42,10.91,--,295,322630,卖盘
2192,11:04:39,10.91,-0.01,76,82916,卖盘
2193,11:04:36,10.92,--,106,115752,买盘
2194,11:04:33,10.92,--,12,13104,买盘
2195,11:04:30,10.92,--,5,5460,买盘
2196,11:04:27,10.92,0.01,22,24024,买盘
2197,11:04:21,10.91,-0.01,7,7637,卖盘
2198,11:04:18,10.92,--,2,2184,买盘
2199,11:04:15,10.92,--,38,41496,买盘
2200,11:04:12,10.92,0.01,12,13104,买盘
2201,11:04:09,10.91,0.01,3,3273,卖盘
2202,11:04:06,10.9,-0.01,12,13080,卖盘
2203,11:04:03,10.91,--,25,27275,买盘
2204,11:04:00,10.91,--,1,1091,买盘
2205,11:03:54,10.91,--,1,1091,买盘
2206,11:03:51,10.91,0.01,2,2182,买盘
2207,11:03:48,10.9,-0.01,8,8720,卖盘
2208,11:03:45,10.91,--,2,2182,买盘
2209,11:03:42,10.91,0.01,11,12001,买盘
2210,11:03:39,10.9,-0.01,100,109000,卖盘
2211,11:03:36,10.91,--,25,27275,买盘
2212,11:03:30,10.91,--,15,16365,买盘
2213,11:03:27,10.91,--,20,21820,买盘
2214,11:03:24,10.91,-0.01,169,185273,卖盘
2215,11:03:18,10.92,0.01,1,1092,买盘
2216,11:03:15,10.91,--,131,142921,卖盘
2217,11:03:09,10.91,-0.01,13,14183,卖盘
2218,11:03:03,10.92,0.01,62,67900,买盘
2219,11:03:00,10.91,--,11,12001,买盘
2220,11:02:57,10.91,--,200,218200,买盘
2221,11:02:54,10.91,--,1,1091,买盘
2222,11:02:51,10.91,--,119,129829,买盘
2223,11:02:48,10.91,-0.01,197,214927,卖盘
2224,11:02:45,10.92,0.01,12,13104,买盘
2225,11:02:42,10.91,0.01,5,5455,卖盘
2226,11:02:30,10.9,--,21,22890,卖盘
2227,11:02:24,10.9,-0.02,36,39240,卖盘
2228,11:02:21,10.92,0.01,25,27300,买盘
2229,11:02:18,10.91,--,4,4364,买盘
2230,11:02:15,10.91,0.01,12,13092,买盘
2231,11:02:03,10.9,-0.01,12,13080,卖盘
2232,11:02:00,10.91,--,1,1091,买盘
2233,11:01:57,10.91,--,13,14183,买盘
2234,11:01:54,10.91,--,8,8728,买盘
2235,11:01:51,10.91,0.01,1,1091,买盘
2236,11:01:45,10.9,-0.01,162,176580,卖盘
2237,11:01:42,10.91,--,60,65460,买盘
2238,11:01:30,10.91,--,277,302850,卖盘
2239,11:01:27,10.91,-0.01,20,21820,卖盘
2240,11:01:24,10.92,0.01,15,16380,买盘
2241,11:01:21,10.91,-0.01,206,224746,卖盘
2242,11:01:15,10.92,--,3,3276,买盘
2243,11:01:12,10.92,--,5,5460,买盘
2244,11:01:09,10.92,0.01,20,21840,买盘
2245,11:01:06,10.91,--,369,403026,买盘
2246,11:01:03,10.91,0.01,46,50186,买盘
2247,11:01:00,10.9,-0.01,11,11990,卖盘
2248,11:00:57,10.91,0.01,13,14183,买盘
2249,11:00:54,10.9,-0.01,81,88290,卖盘
2250,11:00:51,10.91,-0.01,30,32730,卖盘
2251,11:00:48,10.92,--,2,2184,买盘
2252,11:00:45,10.92,--,4,4368,买盘
2253,11:00:39,10.92,--,13,14196,买盘
2254,11:00:33,10.92,--,1,1092,买盘
2255,11:00:30,10.92,0.01,755,824460,买盘
2256,11:00:27,10.91,--,50,54550,买盘
2257,11:00:24,10.91,--,12,13092,买盘
2258,11:00:21,10.91,--,2,2182,买盘
2259,11:00:18,10.91,--,31,33821,买盘
2260,11:00:12,10.91,0.01,3,3273,买盘
2261,11:00:09,10.9,--,1,1090,卖盘
2262,11:00:06,10.9,--,1469,1601667,买盘
2263,11:00:03,10.9,--,18,19620,买盘
2264,11:00:00,10.9,--,67,73030,买盘
2265,10:59:57,10.9,--,9,9810,买盘
2266,10:59:54,10.9,--,21,22890,买盘
2267,10:59:45,10.9,--,2,2180,买盘
2268,10:59:42,10.9,--,36,39240,买盘
2269,10:59:39,10.9,--,30,32700,买盘
2270,10:59:18,10.9,--,27,29430,买盘
2271,10:59:15,10.9,--,2,2180,买盘
2272,10:59:09,10.9,0.01,3,3270,买盘
2273,10:59:06,10.89,-0.01,59,64251,卖盘
2274,10:58:57,10.9,--,30,32700,买盘
2275,10:58:54,10.9,--,1,1090,买盘
2276,10:58:51,10.9,--,3,3270,买盘
2277,10:58:48,10.9,--,67,73030,买盘
2278,10:58:45,10.9,0.01,2,2180,买盘
2279,10:58:39,10.89,--,174,189486,卖盘
2280,10:58:36,10.89,-0.01,11,11979,卖盘
2281,10:58:33,10.9,--,3,3270,买盘
2282,10:58:24,10.9,--,6,6540,买盘
2283,10:58:18,10.9,--,1,1090,买盘
2284,10:58:12,10.9,--,140,152600,买盘
2285,10:58:09,10.9,0.01,63,68670,买盘
2286,10:58:06,10.89,-0.01,14,15246,卖盘
2287,10:58:03,10.9,--,1,1090,买盘
2288,10:57:57,10.9,0.01,134,146060,买盘
2289,10:57:54,10.89,-0.01,17,18513,卖盘
2290,10:57:51,10.9,0.01,428,466520,买盘
2291,10:57:48,10.89,-0.01,26,28314,卖盘
2292,10:57:45,10.9,-0.01,909,991442,卖盘
2293,10:57:42,10.91,--,14,15274,卖盘
2294,10:57:36,10.91,0.01,10,10910,卖盘
2295,10:57:33,10.9,--,2,2180,卖盘
2296,10:57:30,10.9,--,24,26160,卖盘
2297,10:57:24,10.9,-0.01,240,261600,卖盘
2298,10:57:18,10.91,-0.01,24,26184,卖盘
2299,10:57:15,10.92,--,3,3276,买盘
2300,10:57:12,10.92,0.01,2,2184,买盘
2301,10:57:09,10.91,--,8,8728,卖盘
2302,10:57:06,10.91,--,36,39439,卖盘
2303,10:57:03,10.91,--,481,524989,卖盘
2304,10:57:00,10.91,--,48,52368,卖盘
2305,10:56:57,10.91,-0.01,5,5455,卖盘
2306,10:56:54,10.92,--,31,33852,买盘
2307,10:56:51,10.92,--,2,2184,买盘
2308,10:56:48,10.92,--,31,33852,买盘
2309,10:56:45,10.92,--,14,15288,买盘
2310,10:56:39,10.92,0.01,20,21840,买盘
2311,10:56:36,10.91,-0.01,43,46913,卖盘
2312,10:56:33,10.92,--,100,109200,买盘
2313,10:56:30,10.92,--,2,2184,买盘
2314,10:56:27,10.92,--,3,3276,买盘
2315,10:56:24,10.92,--,14,15288,买盘
2316,10:56:21,10.92,--,86,93912,买盘
2317,10:56:15,10.92,--,51,55692,买盘
2318,10:56:12,10.92,-0.01,250,273000,卖盘
2319,10:56:09,10.93,--,2,2186,买盘
2320,10:56:06,10.93,--,15,16395,买盘
2321,10:56:03,10.93,--,43,46999,买盘
2322,10:56:00,10.93,--,3,3279,买盘
2323,10:55:57,10.93,0.01,1,1093,买盘
2324,10:55:54,10.92,-0.01,30,32760,卖盘
2325,10:55:51,10.93,--,3,3279,买盘
2326,10:55:48,10.93,0.01,2,2186,买盘
2327,10:55:45,10.92,-0.01,49,53508,卖盘
2328,10:55:39,10.93,--,1,1093,买盘
2329,10:55:30,10.93,--,55,60115,买盘
2330,10:55:27,10.93,--,32,34976,买盘
2331,10:55:24,10.93,0.02,13,14209,买盘
2332,10:55:21,10.91,-0.02,309,337119,卖盘
2333,10:55:18,10.93,0.01,42,45906,买盘
2334,10:55:15,10.92,--,2,2184,买盘
2335,10:55:12,10.92,0.01,590,644280,买盘
2336,10:55:09,10.91,--,1,1091,卖盘
2337,10:55:06,10.91,--,7,7637,卖盘
2338,10:55:03,10.91,-0.01,20,21820,卖盘
2339,10:55:00,10.92,--,47,51324,买盘
2340,10:54:57,10.92,--,133,145236,买盘
2341,10:54:54,10.92,0.01,31,33852,买盘
2342,10:54:51,10.91,--,188,205140,买盘
2343,10:54:48,10.91,--,31,33821,买盘
2344,10:54:45,10.91,--,4,4364,买盘
2345,10:54:42,10.91,--,12,13092,买盘
2346,10:54:33,10.91,0.01,38,41458,买盘
2347,10:54:30,10.9,-0.01,183,199470,卖盘
2348,10:54:24,10.91,--,15,16365,买盘
2349,10:54:21,10.91,--,3,3273,买盘
2350,10:54:15,10.91,--,103,112373,买盘
2351,10:54:12,10.91,--,275,300025,买盘
2352,10:54:09,10.91,0.01,18,19638,买盘
2353,10:54:06,10.9,--,52,56680,卖盘
2354,10:54:03,10.9,-0.01,45,49050,卖盘
2355,10:54:00,10.91,--,1,1091,买盘
2356,10:53:57,10.91,--,24,26184,买盘
2357,10:53:54,10.91,0.01,1,1091,买盘
2358,10:53:51,10.9,-0.01,2,2180,卖盘
2359,10:53:45,10.91,--,4,4364,买盘
2360,10:53:42,10.91,--,2,2182,买盘
2361,10:53:36,10.91,0.01,3,3273,买盘
2362,10:53:30,10.9,--,96,104640,卖盘
2363,10:53:27,10.9,-0.01,150,163500,卖盘
2364,10:53:24,10.91,--,15,16365,买盘
2365,10:53:18,10.91,--,1,1091,买盘
2366,10:53:15,10.91,0.01,5,5455,买盘
2367,10:53:12,10.9,-0.01,6,6540,卖盘
2368,10:53:09,10.91,0.01,15,16365,买盘
2369,10:53:06,10.9,--,70,76300,卖盘
2370,10:53:03,10.9,-0.01,130,141700,卖盘
2371,10:52:57,10.91,--,2,2182,买盘
2372,10:52:54,10.91,--,1,1091,买盘
2373,10:52:51,10.91,--,4,4364,买盘
2374,10:52:48,10.91,--,15,16365,买盘
2375,10:52:45,10.91,--,1,1091,买盘
2376,10:52:42,10.91,0.01,3,3273,买盘
2377,10:52:39,10.9,--,2,2180,卖盘
2378,10:52:36,10.9,-0.01,3,3270,卖盘
2379,10:52:33,10.91,0.01,3,3273,买盘
2380,10:52:27,10.9,-0.01,58,63220,卖盘
2381,10:52:24,10.91,0.01,51,55641,买盘
2382,10:52:21,10.9,--,10,10900,卖盘
2383,10:52:18,10.9,-0.01,40,43600,卖盘
2384,10:52:15,10.91,--,2,2182,买盘
2385,10:52:09,10.91,0.01,1,1091,买盘
2386,10:52:06,10.9,--,4,4360,卖盘
2387,10:52:03,10.9,--,14,15260,卖盘
2388,10:52:00,10.9,--,39,42510,卖盘
2389,10:51:57,10.9,-0.01,3,3270,卖盘
2390,10:51:51,10.91,0.01,1,1091,买盘
2391,10:51:48,10.9,-0.01,50,54500,卖盘
2392,10:51:45,10.91,0.01,2,2182,买盘
2393,10:51:42,10.9,--,1,1090,卖盘
2394,10:51:36,10.9,--,3,3270,卖盘
2395,10:51:30,10.9,--,2,2180,卖盘
2396,10:51:27,10.9,-0.01,105,114450,卖盘
2397,10:51:24,10.91,--,2,2182,买盘
2398,10:51:18,10.91,0.01,2,2182,买盘
2399,10:51:06,10.9,--,204,222360,卖盘
2400,10:51:03,10.9,--,16,17440,卖盘
2401,10:51:00,10.9,-0.01,48,52320,卖盘
2402,10:50:54,10.91,--,2,2182,买盘
2403,10:50:51,10.91,0.01,3,3273,买盘
2404,10:50:48,10.9,--,9,9810,卖盘
2405,10:50:45,10.9,-0.01,45,49050,卖盘
2406,10:50:39,10.91,0.01,5,5455,买盘
2407,10:50:36,10.9,-0.01,27,29430,卖盘
2408,10:50:30,10.91,--,2,2182,买盘
2409,10:50:27,10.91,0.01,48,52368,买盘
2410,10:50:24,10.9,--,5,5450,卖盘
2411,10:50:21,10.9,-0.01,2,2180,卖盘
2412,10:50:15,10.91,--,2,2182,买盘
2413,10:50:12,10.91,--,64,69824,买盘
2414,10:50:06,10.91,0.01,3,3273,买盘
2415,10:50:03,10.9,-0.01,60,65400,卖盘
2416,10:50:00,10.91,0.01,3,3273,买盘
2417,10:49:54,10.9,--,45,49050,卖盘
2418,10:49:51,10.9,--,31,33790,卖盘
2419,10:49:48,10.9,--,2,2180,卖盘
2420,10:49:45,10.9,-0.01,45,49050,卖盘
2421,10:49:39,10.91,--,2,2182,买盘
2422,10:49:36,10.91,0.01,12,13092,买盘
2423,10:49:33,10.9,-0.01,8,8720,卖盘
2424,10:49:30,10.91,0.01,3,3273,买盘
2425,10:49:24,10.9,--,69,75210,卖盘
2426,10:49:21,10.9,--,66,71940,卖盘
2427,10:49:18,10.9,--,12,13080,卖盘
2428,10:49:15,10.9,-0.01,113,123170,卖盘
2429,10:49:12,10.91,0.01,2,2182,买盘
2430,10:49:09,10.9,--,1,1090,卖盘
2431,10:49:06,10.9,--,3,3270,卖盘
2432,10:49:03,10.9,-0.01,220,239800,卖盘
2433,10:49:00,10.91,--,15,16365,买盘
2434,10:48:57,10.91,--,3,3273,买盘
2435,10:48:51,10.91,--,2,2182,买盘
2436,10:48:45,10.91,--,3,3273,买盘
2437,10:48:39,10.91,--,12,13092,买盘
2438,10:48:36,10.91,--,11,12001,买盘
2439,10:48:33,10.91,0.01,26,28366,买盘
2440,10:48:30,10.9,--,189,206674,卖盘
2441,10:48:27,10.9,-0.01,24,26628,卖盘
2442,10:48:24,10.91,0.01,5,5455,买盘
2443,10:48:18,10.9,-0.01,10,10900,卖盘
2444,10:48:15,10.91,--,5,5455,买盘
2445,10:48:12,10.91,--,2,2182,买盘
2446,10:48:09,10.91,--,6,6546,买盘
2447,10:48:06,10.91,0.01,14,15274,买盘
2448,10:48:03,10.9,-0.01,115,125350,卖盘
2449,10:48:00,10.91,0.01,3,3273,买盘
2450,10:47:57,10.9,--,19,20710,卖盘
2451,10:47:54,10.9,-0.01,5,5450,卖盘
2452,10:47:51,10.91,--,48,52368,买盘
2453,10:47:45,10.91,0.01,1,1091,买盘
2454,10:47:42,10.9,-0.01,23,25070,卖盘
2455,10:47:39,10.91,--,5,5455,买盘
2456,10:47:30,10.91,0.01,4,4364,买盘
2457,10:47:27,10.9,-0.01,10,10900,卖盘
2458,10:47:24,10.91,0.01,1,1091,买盘
2459,10:47:21,10.9,-0.01,7,7630,卖盘
2460,10:47:15,10.91,0.01,3,3273,买盘
2461,10:47:12,10.9,-0.01,1,1090,卖盘
2462,10:47:09,10.91,--,2,2182,买盘
2463,10:47:06,10.91,0.01,15,16365,买盘
2464,10:47:03,10.9,-0.01,16,17440,卖盘
2465,10:47:00,10.91,--,3,3273,买盘
2466,10:46:54,10.91,--,8,8728,买盘
2467,10:46:51,10.91,0.01,1,1091,买盘
2468,10:46:45,10.9,-0.01,4,4360,卖盘
2469,10:46:42,10.91,0.01,3,3273,买盘
2470,10:46:39,10.9,-0.01,10,10900,卖盘
2471,10:46:33,10.91,--,12,13092,买盘
2472,10:46:30,10.91,0.01,16,17456,买盘
2473,10:46:27,10.9,-0.01,2,2180,卖盘
2474,10:46:24,10.91,--,4,4364,买盘
2475,10:46:21,10.91,--,14,15274,买盘
2476,10:46:18,10.91,0.01,1,1091,买盘
2477,10:46:15,10.9,-0.01,12,13080,卖盘
2478,10:46:12,10.91,0.01,3,3273,买盘
2479,10:46:09,10.9,--,7,7630,卖盘
2480,10:46:06,10.9,-0.01,16,17440,卖盘
2481,10:46:03,10.91,0.01,1,1091,买盘
2482,10:46:00,10.9,--,18,19620,卖盘
2483,10:45:57,10.9,-0.01,7,7630,卖盘
2484,10:45:51,10.91,0.01,53,57823,买盘
2485,10:45:48,10.9,--,4,4360,卖盘
2486,10:45:39,10.9,--,95,103550,买盘
2487,10:45:36,10.9,--,4,4360,买盘
2488,10:45:33,10.9,--,13,14170,买盘
2489,10:45:30,10.9,--,21,22890,买盘
2490,10:45:24,10.9,--,2,2180,买盘
2491,10:45:18,10.9,--,3,3270,买盘
2492,10:45:12,10.9,--,55,59950,买盘
2493,10:45:09,10.9,--,4,4360,买盘
2494,10:45:06,10.9,0.01,150,163500,买盘
2495,10:45:03,10.89,-0.01,12,13068,卖盘
2496,10:44:57,10.9,--,1,1090,买盘
2497,10:44:51,10.9,--,102,111180,买盘
2498,10:44:45,10.9,--,1,1090,买盘
2499,10:44:39,10.9,--,1,1090,买盘
2500,10:44:36,10.9,-0.01,248,270320,卖盘
2501,10:44:30,10.91,--,2,2182,买盘
2502,10:44:24,10.91,--,2,2182,买盘
2503,10:44:18,10.91,--,9,9819,买盘
2504,10:44:15,10.91,0.01,12,13092,买盘
2505,10:44:12,10.9,-0.01,84,91560,卖盘
2506,10:44:09,10.91,--,2,2182,买盘
2507,10:44:06,10.91,0.01,10,10910,买盘
2508,10:44:03,10.9,-0.01,14,15260,卖盘
2509,10:43:54,10.91,--,3,3273,买盘
2510,10:43:51,10.91,0.01,2,2182,买盘
2511,10:43:36,10.9,-0.01,31,33790,卖盘
2512,10:43:33,10.91,--,11,12001,买盘
2513,10:43:30,10.91,--,1,1091,买盘
2514,10:43:27,10.91,--,1,1091,买盘
2515,10:43:24,10.91,--,6,6546,买盘
2516,10:43:15,10.91,--,3,3273,买盘
2517,10:43:09,10.91,0.01,2,2182,买盘
2518,10:43:06,10.9,--,45,49050,卖盘
2519,10:43:03,10.9,-0.01,21,22890,卖盘
2520,10:42:51,10.91,-0.01,1,1091,中性盘
2521,10:42:45,10.92,--,12,13104,买盘
2522,10:42:39,10.92,--,2,2184,买盘
2523,10:42:36,10.92,--,1,1092,买盘
2524,10:42:33,10.92,--,5,5460,买盘
2525,10:42:30,10.92,--,6,6552,买盘
2526,10:42:24,10.92,--,15,16380,买盘
2527,10:42:21,10.92,--,4,4368,买盘
2528,10:42:15,10.92,--,18,19656,买盘
2529,10:42:09,10.92,0.01,4,4368,买盘
2530,10:42:06,10.91,0.01,2,2182,买盘
2531,10:42:03,10.9,-0.01,12,13080,卖盘
2532,10:42:00,10.91,0.01,2,2182,买盘
2533,10:41:57,10.9,-0.02,1,1090,卖盘
2534,10:41:51,10.92,--,28,30576,买盘
2535,10:41:45,10.92,--,1,1092,买盘
2536,10:41:39,10.92,0.02,4,4368,买盘
2537,10:41:36,10.9,-0.02,5,5450,卖盘
2538,10:41:33,10.92,--,193,210756,买盘
2539,10:41:27,10.92,--,49,53508,买盘
2540,10:41:24,10.92,--,4,4368,买盘
2541,10:41:21,10.92,--,2,2184,买盘
2542,10:41:18,10.92,--,2,2184,买盘
2543,10:41:15,10.92,0.02,17,18564,买盘
2544,10:41:12,10.9,--,12,13080,买盘
2545,10:41:09,10.9,--,2,2180,买盘
2546,10:41:06,10.9,--,100,109000,买盘
2547,10:41:03,10.9,--,59,64310,买盘
2548,10:40:57,10.9,--,11,11990,买盘
2549,10:40:54,10.9,0.01,3,3270,买盘
2550,10:40:48,10.89,--,3,3267,卖盘
2551,10:40:45,10.89,-0.01,7,7623,卖盘
2552,10:40:42,10.9,--,40,43600,买盘
2553,10:40:39,10.9,0.01,14,15260,买盘
2554,10:40:36,10.89,--,2,2178,卖盘
2555,10:40:33,10.89,-0.01,6,6534,卖盘
2556,10:40:30,10.9,0.01,3,3270,买盘
2557,10:40:27,10.89,-0.01,42,45738,卖盘
2558,10:40:24,10.9,0.01,11,11990,买盘
2559,10:40:21,10.89,-0.01,34,37026,卖盘
2560,10:40:15,10.9,0.01,1,1090,买盘
2561,10:40:12,10.89,-0.01,6,6534,卖盘
2562,10:40:09,10.9,--,3,3270,买盘
2563,10:40:06,10.9,0.01,6,6540,买盘
2564,10:40:03,10.89,-0.01,25,27225,卖盘
2565,10:40:00,10.9,0.01,22,23980,买盘
2566,10:39:57,10.89,-0.01,14,15246,卖盘
2567,10:39:54,10.9,--,21,22890,买盘
2568,10:39:51,10.9,--,19,20710,买盘
2569,10:39:48,10.9,--,23,25070,买盘
2570,10:39:45,10.9,--,5,5450,买盘
2571,10:39:42,10.9,--,13,14170,买盘
2572,10:39:39,10.9,--,10,10900,买盘
2573,10:39:36,10.9,--,6,6540,买盘
2574,10:39:33,10.9,--,10,10900,买盘
2575,10:39:24,10.9,--,17,18530,买盘
2576,10:39:12,10.9,--,12,13080,买盘
2577,10:39:09,10.9,--,50,54500,买盘
2578,10:39:06,10.9,0.01,2,2180,买盘
2579,10:39:03,10.89,-0.01,17,18513,卖盘
2580,10:38:57,10.9,--,21,22890,买盘
2581,10:38:51,10.9,--,3,3270,买盘
2582,10:38:45,10.9,--,11,11990,买盘
2583,10:38:42,10.9,--,6,6540,买盘
2584,10:38:39,10.9,--,13,14170,买盘
2585,10:38:36,10.9,--,14,15260,买盘
2586,10:38:33,10.9,--,2,2180,买盘
2587,10:38:30,10.9,--,11,11990,买盘
2588,10:38:24,10.9,--,2,2180,买盘
2589,10:38:21,10.9,--,30,32700,买盘
2590,10:38:15,10.9,0.01,10,10900,买盘
2591,10:38:12,10.89,-0.01,21,22869,卖盘
2592,10:38:09,10.9,--,1,1090,买盘
2593,10:38:06,10.9,0.01,3,3270,买盘
2594,10:38:03,10.89,-0.01,17,18513,卖盘
2595,10:37:57,10.9,--,2,2180,买盘
2596,10:37:54,10.9,0.01,2,2180,买盘
2597,10:37:48,10.89,-0.01,1,1089,卖盘
2598,10:37:45,10.9,--,15,16350,买盘
2599,10:37:39,10.9,0.01,17,18530,买盘
2600,10:37:36,10.89,-0.01,26,28314,卖盘
2601,10:37:27,10.9,0.01,14,15260,买盘
2602,10:37:24,10.89,--,3,3267,卖盘
2603,10:37:21,10.89,--,27,30012,卖盘
2604,10:37:18,10.89,-0.01,38,42133,卖盘
2605,10:37:15,10.9,0.01,10,10900,买盘
2606,10:37:09,10.89,--,43,46827,卖盘
2607,10:37:06,10.89,--,8,8712,卖盘
2608,10:37:03,10.89,-0.01,14,15246,卖盘
2609,10:37:00,10.9,0.01,174,190597,买盘
2610,10:36:57,10.89,-0.01,21,22869,卖盘
2611,10:36:51,10.9,--,2,2180,买盘
2612,10:36:45,10.9,--,1,1090,买盘
2613,10:36:42,10.9,--,13,14170,买盘
2614,10:36:36,10.9,-0.02,1536,1674501,卖盘
2615,10:36:33,10.92,--,1,1092,买盘
2616,10:36:24,10.92,0.01,135,148129,买盘
2617,10:36:21,10.91,--,154,168046,卖盘
2618,10:36:09,10.91,--,10,10910,卖盘
2619,10:36:03,10.91,--,164,179873,卖盘
2620,10:36:00,10.91,--,4,4364,卖盘
2621,10:35:57,10.91,--,10,10910,卖盘
2622,10:35:51,10.91,-0.01,41,44731,卖盘
2623,10:35:45,10.92,0.01,1,1092,买盘
2624,10:35:42,10.91,-0.01,73,79643,卖盘
2625,10:35:36,10.92,0.01,9,9828,买盘
2626,10:35:33,10.91,--,8,8728,卖盘
2627,10:35:30,10.91,-0.01,40,43640,卖盘
2628,10:35:24,10.92,--,13,14196,买盘
2629,10:35:21,10.92,--,32,34944,买盘
2630,10:35:18,10.92,--,2,2184,买盘
2631,10:35:15,10.92,--,2,2184,买盘
2632,10:35:06,10.92,0.01,134,147267,买盘
2633,10:35:03,10.91,-0.01,18,19638,卖盘
2634,10:34:57,10.92,--,1,1092,卖盘
2635,10:34:54,10.92,--,11,12012,卖盘
2636,10:34:48,10.92,-0.01,2,2184,卖盘
2637,10:34:45,10.93,0.01,16,17488,买盘
2638,10:34:42,10.92,--,45,49140,买盘
2639,10:34:39,10.92,--,12,13104,买盘
2640,10:34:30,10.92,--,1,1092,买盘
2641,10:34:27,10.92,-0.01,20,21840,买盘
2642,10:34:24,10.93,--,1,1093,买盘
2643,10:34:21,10.93,0.01,31,33883,买盘
2644,10:34:18,10.92,--,30,32760,买盘
2645,10:34:09,10.92,0.01,50,54600,买盘
2646,10:34:06,10.91,--,126,138415,卖盘
2647,10:34:03,10.91,-0.01,12,13092,卖盘
2648,10:34:00,10.92,-0.01,143,156156,卖盘
2649,10:33:54,10.93,--,100,109300,买盘
2650,10:33:51,10.93,--,11,12023,买盘
2651,10:33:48,10.93,--,12,13116,买盘
2652,10:33:45,10.93,0.01,1,1093,买盘
2653,10:33:33,10.92,--,18,19656,卖盘
2654,10:33:30,10.92,--,18,19656,买盘
2655,10:33:27,10.92,--,5,5460,买盘
2656,10:33:24,10.92,0.01,1,1092,买盘
2657,10:33:18,10.91,--,15,16365,卖盘
2658,10:33:15,10.91,--,10,10910,卖盘
2659,10:33:09,10.91,--,123,135131,卖盘
2660,10:33:03,10.91,-0.02,14,15274,卖盘
2661,10:32:57,10.93,0.02,7,7651,买盘
2662,10:32:54,10.91,-0.01,12,13092,卖盘
2663,10:32:48,10.92,--,13,14196,买盘
2664,10:32:45,10.92,0.01,2,2184,买盘
2665,10:32:42,10.91,-0.02,48,52368,卖盘
2666,10:32:36,10.93,0.02,2,2186,买盘
2667,10:32:24,10.91,-0.02,16,17456,卖盘
2668,10:32:21,10.93,0.01,34,37162,买盘
2669,10:32:15,10.92,0.01,18,19656,卖盘
2670,10:32:12,10.91,-0.01,229,249839,卖盘
2671,10:32:09,10.92,--,173,189855,卖盘
2672,10:32:03,10.92,-0.01,165,180180,卖盘
2673,10:32:00,10.93,--,5,5465,买盘
2674,10:31:57,10.93,--,1,1093,买盘
2675,10:31:45,10.93,0.01,103,112579,买盘
2676,10:31:39,10.92,-0.01,13,14196,卖盘
2677,10:31:33,10.93,--,3,3279,买盘
2678,10:31:30,10.93,0.01,1,1093,买盘
2679,10:31:24,10.92,-0.01,521,568942,卖盘
2680,10:31:18,10.93,0.01,12,13116,买盘
2681,10:31:12,10.92,--,174,190958,卖盘
2682,10:31:06,10.92,--,60,65520,卖盘
2683,10:31:03,10.92,-0.01,13,14196,卖盘
2684,10:31:00,10.93,--,1,1093,买盘
2685,10:30:57,10.93,0.01,1,1093,买盘
2686,10:30:54,10.92,--,50,54600,卖盘
2687,10:30:48,10.92,-0.01,50,54600,卖盘
2688,10:30:45,10.93,--,11,12023,买盘
2689,10:30:42,10.93,--,100,109300,买盘
2690,10:30:33,10.93,--,2,2186,买盘
2691,10:30:27,10.93,--,16,17488,买盘
2692,10:30:21,10.93,0.01,29,31697,买盘
2693,10:30:18,10.92,--,5,5460,买盘
2694,10:30:12,10.92,-0.01,105,115140,卖盘
2695,10:30:09,10.93,--,6,6558,买盘
2696,10:30:06,10.93,0.01,14,15302,买盘
2697,10:30:03,10.92,--,33,36647,买盘
2698,10:29:57,10.92,0.01,10,10920,买盘
2699,10:29:54,10.91,-0.01,48,52368,卖盘
2700,10:29:51,10.92,--,1,1092,买盘
2701,10:29:48,10.92,--,1,1092,买盘
2702,10:29:45,10.92,--,115,125580,买盘
2703,10:29:42,10.92,--,30,32760,买盘
2704,10:29:39,10.92,-0.01,311,340103,卖盘
2705,10:29:36,10.93,0.01,12,13116,买盘
2706,10:29:33,10.92,-0.01,58,63336,卖盘
2707,10:29:30,10.93,0.01,60,65580,买盘
2708,10:29:27,10.92,-0.01,4,4368,卖盘
2709,10:29:24,10.93,--,61,66673,买盘
2710,10:29:21,10.93,--,9,9837,买盘
2711,10:29:18,10.93,--,94,102742,买盘
2712,10:29:15,10.93,--,88,96184,买盘
2713,10:29:12,10.93,--,1,1093,买盘
2714,10:29:06,10.93,0.01,3,3279,买盘
2715,10:29:03,10.92,-0.01,16,17472,卖盘
2716,10:29:00,10.93,0.01,18,19674,买盘
2717,10:28:57,10.92,-0.01,5,5460,卖盘
2718,10:28:54,10.93,--,10,10930,买盘
2719,10:28:51,10.93,0.01,129,140997,买盘
2720,10:28:45,10.92,--,24,26208,卖盘
2721,10:28:42,10.92,-0.01,12,13104,卖盘
2722,10:28:27,10.93,--,10,10930,买盘
2723,10:28:24,10.93,--,36,39348,买盘
2724,10:28:21,10.93,0.01,27,29511,买盘
2725,10:28:09,10.92,--,124,135408,卖盘
2726,10:28:06,10.92,--,2,2184,卖盘
2727,10:28:03,10.92,--,48,52416,卖盘
2728,10:28:00,10.92,-0.01,43,46956,卖盘
2729,10:27:51,10.93,0.01,3,3279,买盘
2730,10:27:48,10.92,-0.01,120,131640,卖盘
2731,10:27:42,10.93,0.01,1,1093,买盘
2732,10:27:36,10.92,--,1,1092,卖盘
2733,10:27:33,10.92,--,62,67704,卖盘
2734,10:27:30,10.92,-0.01,2,2184,卖盘
2735,10:27:24,10.93,0.01,20,21860,买盘
2736,10:27:18,10.92,--,124,135408,卖盘
2737,10:27:12,10.92,--,21,22932,卖盘
2738,10:27:03,10.92,--,13,14196,卖盘
2739,10:27:00,10.92,-0.01,1,1092,卖盘
2740,10:26:57,10.93,0.01,88,96184,买盘
2741,10:26:51,10.92,--,1,1092,卖盘
2742,10:26:48,10.92,-0.01,10,10920,卖盘
2743,10:26:45,10.93,0.01,4,4372,买盘
2744,10:26:42,10.92,-0.01,35,38220,卖盘
2745,10:26:27,10.93,--,22,24046,买盘
2746,10:26:24,10.93,--,1,1093,买盘
2747,10:26:21,10.93,--,27,29511,买盘
2748,10:26:12,10.93,--,94,102742,买盘
2749,10:26:06,10.93,0.01,4,4372,买盘
2750,10:26:03,10.92,-0.01,44,48048,卖盘
2751,10:25:45,10.93,--,17,18581,买盘
2752,10:25:39,10.93,--,178,194554,卖盘
2753,10:25:30,10.93,-0.01,20,21860,卖盘
2754,10:25:24,10.94,0.01,1,1094,买盘
2755,10:25:21,10.93,--,20,21860,卖盘
2756,10:25:15,10.93,-0.01,3,3279,卖盘
2757,10:25:12,10.94,0.01,7,7658,买盘
2758,10:25:06,10.93,--,26,28418,卖盘
2759,10:25:03,10.93,--,15,16395,卖盘
2760,10:25:00,10.93,--,20,21860,卖盘
2761,10:24:51,10.93,--,93,101649,卖盘
2762,10:24:45,10.93,-0.01,84,91812,卖盘
2763,10:24:42,10.94,0.01,1,1094,买盘
2764,10:24:36,10.93,--,1,1093,卖盘
2765,10:24:33,10.93,-0.01,17,18581,卖盘
2766,10:24:27,10.94,-0.01,316,346196,卖盘
2767,10:24:21,10.95,--,66,72270,买盘
2768,10:24:18,10.95,0.01,1,1095,买盘
2769,10:24:15,10.94,-0.01,17,18598,卖盘
2770,10:24:12,10.95,--,4,4380,买盘
2771,10:24:06,10.95,0.01,5,5475,买盘
2772,10:24:03,10.94,-0.01,18,19692,卖盘
2773,10:24:00,10.95,--,7,7664,买盘
2774,10:23:51,10.95,0.01,3,3285,买盘
2775,10:23:48,10.94,-0.01,17,18598,卖盘
2776,10:23:45,10.95,0.01,1,1095,买盘
2777,10:23:39,10.94,-0.01,3,3282,卖盘
2778,10:23:33,10.95,0.01,1,1095,买盘
2779,10:23:30,10.94,-0.01,47,51418,卖盘
2780,10:23:27,10.95,--,3,3285,买盘
2781,10:23:24,10.95,--,31,33945,买盘
2782,10:23:18,10.95,--,20,21900,买盘
2783,10:23:15,10.95,--,16,17520,买盘
2784,10:23:12,10.95,--,1,1095,买盘
2785,10:23:03,10.95,--,16,17520,买盘
2786,10:22:51,10.95,--,2,2190,买盘
2787,10:22:45,10.95,--,2,2190,买盘
2788,10:22:39,10.95,0.01,4,4380,买盘
2789,10:22:30,10.94,-0.01,48,52512,卖盘
2790,10:22:27,10.95,--,2,2190,买盘
2791,10:22:24,10.95,0.01,1,1095,买盘
2792,10:22:21,10.94,-0.01,47,51418,卖盘
2793,10:22:15,10.95,--,18,19710,买盘
2794,10:22:12,10.95,--,2,2190,买盘
2795,10:22:09,10.95,0.01,10,10950,买盘
2796,10:22:06,10.94,--,8,8752,卖盘
2797,10:22:03,10.94,-0.01,13,14222,卖盘
2798,10:22:00,10.95,--,5,5475,买盘
2799,10:21:54,10.95,--,2,2190,买盘
2800,10:21:51,10.95,--,2,2190,买盘
2801,10:21:42,10.95,0.01,1,1095,买盘
2802,10:21:39,10.94,-0.01,23,25162,卖盘
2803,10:21:33,10.95,--,4,4380,买盘
2804,10:21:30,10.95,--,50,54750,买盘
2805,10:21:24,10.95,--,6,6570,买盘
2806,10:21:18,10.95,--,24,26280,买盘
2807,10:21:12,10.95,0.01,28,30659,买盘
2808,10:21:03,10.94,-0.01,17,18598,卖盘
2809,10:20:57,10.95,--,17,18615,买盘
2810,10:20:45,10.95,--,2,2190,买盘
2811,10:20:36,10.95,--,13,14234,买盘
2812,10:20:33,10.95,0.01,4,4380,买盘
2813,10:20:30,10.94,-0.01,66,72204,卖盘
2814,10:20:27,10.95,--,3,3285,买盘
2815,10:20:24,10.95,--,136,148920,卖盘
2816,10:20:21,10.95,-0.01,127,139065,卖盘
2817,10:20:15,10.96,--,23,25208,买盘
2818,10:20:12,10.96,--,1,1096,买盘
2819,10:20:09,10.96,0.01,1,1096,买盘
2820,10:20:06,10.95,--,148,162060,卖盘
2821,10:20:03,10.95,--,113,123734,卖盘
2822,10:20:00,10.95,-0.01,13,14234,卖盘
2823,10:19:45,10.96,--,2,2192,买盘
2824,10:19:42,10.96,--,15,16440,买盘
2825,10:19:36,10.96,--,12,13152,买盘
2826,10:19:30,10.96,--,39,42744,买盘
2827,10:19:21,10.96,--,466,510736,买盘
2828,10:19:18,10.96,0.01,4,4384,买盘
2829,10:19:12,10.95,-0.01,1,1095,中性盘
2830,10:19:06,10.96,0.02,9,9864,买盘
2831,10:19:03,10.94,-0.01,225,246150,卖盘
2832,10:18:45,10.95,--,12,13140,买盘
2833,10:18:42,10.95,--,1,1095,买盘
2834,10:18:39,10.95,-0.01,2,2190,中性盘
2835,10:18:18,10.96,0.01,123,134808,买盘
2836,10:18:12,10.95,--,1,1095,买盘
2837,10:18:09,10.95,--,50,54750,买盘
