,time,price,change,volume,amount,type
0,15:00:03,13.75,0.02,7333,10082875,买盘
1,14:57:00,13.73,--,133,182609,卖盘
2,14:56:57,13.73,--,47,64531,卖盘
3,14:56:54,13.73,-0.01,52,71396,卖盘
4,14:56:51,13.74,0.01,57,78318,买盘
5,14:56:48,13.73,-0.01,220,302060,卖盘
6,14:56:45,13.74,0.01,91,125034,买盘
7,14:56:42,13.73,--,190,260870,卖盘
8,14:56:39,13.73,--,586,804578,卖盘
9,14:56:36,13.73,-0.01,16,21968,卖盘
10,14:56:33,13.74,--,305,419070,买盘
11,14:56:30,13.74,0.01,13,17862,买盘
12,14:56:27,13.73,-0.01,1,1373,卖盘
13,14:56:24,13.74,--,74,101676,买盘
14,14:56:21,13.74,--,161,221214,买盘
15,14:56:18,13.74,--,32,43968,买盘
16,14:56:15,13.74,0.01,271,372354,买盘
17,14:56:12,13.73,-0.01,2,2746,卖盘
18,14:56:09,13.74,0.01,114,156636,买盘
19,14:56:06,13.73,--,25,34325,卖盘
20,14:56:03,13.73,--,207,284211,卖盘
21,14:56:00,13.73,--,172,236156,卖盘
22,14:55:57,13.73,--,218,299314,卖盘
23,14:55:51,13.73,--,212,291076,买盘
24,14:55:48,13.73,--,161,221053,买盘
25,14:55:45,13.73,--,54,74142,买盘
26,14:55:42,13.73,--,51,70023,买盘
27,14:55:39,13.73,--,71,97483,买盘
28,14:55:36,13.73,0.01,528,724944,买盘
29,14:55:33,13.72,-0.01,32,43904,卖盘
30,14:55:30,13.73,0.01,100,137300,买盘
31,14:55:27,13.72,-0.01,69,94668,卖盘
32,14:55:24,13.73,0.01,58,79634,买盘
33,14:55:21,13.72,-0.01,221,303212,卖盘
34,14:55:18,13.73,0.01,1,1373,买盘
35,14:55:15,13.72,--,354,485688,卖盘
36,14:55:12,13.72,--,64,87808,卖盘
37,14:55:09,13.72,-0.01,102,139944,卖盘
38,14:55:06,13.73,-0.01,12,16476,中性盘
39,14:55:03,13.74,0.01,171,234954,买盘
40,14:54:57,13.73,--,57,78810,买盘
41,14:54:54,13.73,--,60,82380,买盘
42,14:54:51,13.73,--,1749,2401377,卖盘
43,14:54:48,13.73,-0.01,215,295195,卖盘
44,14:54:45,13.74,--,30,41220,买盘
45,14:54:42,13.74,--,20,27480,买盘
46,14:54:39,13.74,--,370,508380,卖盘
47,14:54:36,13.74,-0.01,46,63204,卖盘
48,14:54:30,13.75,0.01,100,137500,买盘
49,14:54:27,13.74,--,23,31602,卖盘
50,14:54:24,13.74,--,2,2748,卖盘
51,14:54:21,13.74,--,28,38472,卖盘
52,14:54:18,13.74,-0.01,29,39846,买盘
53,14:54:15,13.75,--,204,280500,买盘
54,14:54:12,13.75,--,10,13750,买盘
55,14:54:09,13.75,--,44,60500,买盘
56,14:54:06,13.75,--,83,114125,买盘
57,14:54:03,13.75,0.01,707,972125,买盘
58,14:54:00,13.74,-0.01,40,54960,卖盘
59,14:53:57,13.75,--,17,23375,买盘
60,14:53:54,13.75,0.01,17,23375,买盘
61,14:53:51,13.74,--,306,420444,卖盘
62,14:53:48,13.74,--,11,15114,卖盘
63,14:53:45,13.74,-0.01,23,31602,卖盘
64,14:53:42,13.75,--,22,30250,买盘
65,14:53:39,13.75,0.01,3,4125,买盘
66,14:53:36,13.74,--,518,711732,卖盘
67,14:53:33,13.74,--,62,85188,卖盘
68,14:53:30,13.74,-0.01,167,229458,卖盘
69,14:53:27,13.75,0.01,23,31625,买盘
70,14:53:24,13.74,--,169,232206,卖盘
71,14:53:21,13.74,--,67,92058,卖盘
72,14:53:18,13.74,--,197,270678,卖盘
73,14:53:15,13.74,--,1021,1402854,卖盘
74,14:53:12,13.74,--,33,45342,卖盘
75,14:53:09,13.74,--,141,193734,卖盘
76,14:53:06,13.74,--,49,67326,卖盘
77,14:53:00,13.74,-0.01,131,179994,卖盘
78,14:52:57,13.75,--,88,121000,买盘
79,14:52:54,13.75,0.01,176,242000,买盘
80,14:52:51,13.74,--,2,2748,卖盘
81,14:52:48,13.74,--,29,39846,卖盘
82,14:52:45,13.74,0.01,10,13740,卖盘
83,14:52:42,13.73,-0.01,21,28833,卖盘
84,14:52:39,13.74,--,220,302280,卖盘
85,14:52:36,13.74,--,142,195108,买盘
86,14:52:33,13.74,--,46,63204,卖盘
87,14:52:30,13.74,-0.01,7,9618,卖盘
88,14:52:27,13.75,--,12,16500,买盘
89,14:52:24,13.75,0.02,40,55000,买盘
90,14:52:21,13.73,-0.02,63,86499,卖盘
91,14:52:18,13.75,0.01,144,198000,买盘
92,14:52:15,13.74,-0.01,41,56334,卖盘
93,14:52:12,13.75,0.01,70,96250,买盘
94,14:52:09,13.74,--,4,5496,卖盘
95,14:52:06,13.74,--,42,57708,卖盘
96,14:52:03,13.74,--,39,53586,卖盘
97,14:52:00,13.74,0.01,30,41220,中性盘
98,14:51:57,13.73,-0.01,108,148284,卖盘
99,14:51:54,13.74,--,2,2748,卖盘
100,14:51:51,13.74,--,103,141522,卖盘
101,14:51:48,13.74,0.01,329,452046,买盘
102,14:51:45,13.73,--,3,4119,卖盘
103,14:51:42,13.73,--,1,1373,卖盘
104,14:51:39,13.73,-0.01,55,75515,卖盘
105,14:51:36,13.74,0.01,10,13740,买盘
106,14:51:33,13.73,--,35,48055,卖盘
107,14:51:30,13.73,-0.01,56,76888,卖盘
108,14:51:27,13.74,--,5,6870,买盘
109,14:51:24,13.74,0.01,49,67326,买盘
110,14:51:21,13.73,-0.01,63,86499,卖盘
111,14:51:18,13.74,0.01,106,145644,买盘
112,14:51:15,13.73,--,11,15103,卖盘
113,14:51:12,13.73,--,37,50801,卖盘
114,14:51:09,13.73,--,8,10984,卖盘
115,14:51:06,13.73,--,3,4119,卖盘
116,14:51:03,13.73,--,63,86499,卖盘
117,14:51:00,13.73,-0.01,14,19222,卖盘
118,14:50:57,13.74,0.02,274,376476,买盘
119,14:50:48,13.72,-0.01,1,1372,卖盘
120,14:50:45,13.73,-0.02,45,61785,卖盘
121,14:50:42,13.75,0.05,24,33000,买盘
122,14:50:39,13.7,-0.04,3001,4111370,卖盘
123,14:50:33,13.74,--,56,76944,卖盘
124,14:50:30,13.74,-0.01,147,201978,卖盘
125,14:50:27,13.75,0.01,261,358875,买盘
126,14:50:24,13.74,-0.01,41,56334,卖盘
127,14:50:21,13.75,0.01,344,473000,买盘
128,14:50:18,13.74,--,9,12366,卖盘
129,14:50:15,13.74,--,32,43968,卖盘
130,14:50:12,13.74,--,57,78318,卖盘
131,14:50:09,13.74,--,10,13740,卖盘
132,14:50:06,13.74,--,10,14427,卖盘
133,14:50:03,13.74,-0.01,74,101676,卖盘
134,14:50:00,13.75,--,20,27500,买盘
135,14:49:57,13.75,--,20,27500,买盘
136,14:49:54,13.75,--,10,13750,买盘
137,14:49:51,13.75,0.01,75,103125,买盘
138,14:49:48,13.74,--,324,445176,卖盘
139,14:49:45,13.74,-0.01,9,12366,卖盘
140,14:49:42,13.75,--,210,288750,买盘
141,14:49:39,13.75,--,21,28875,买盘
142,14:49:36,13.75,0.01,111,152625,买盘
143,14:49:33,13.74,--,148,203352,卖盘
144,14:49:27,13.74,--,1,1374,卖盘
145,14:49:24,13.74,--,14,19236,卖盘
146,14:49:21,13.74,--,24,32976,卖盘
147,14:49:18,13.74,-0.01,13,17862,卖盘
148,14:49:15,13.75,--,6,8250,买盘
149,14:49:12,13.75,0.02,108,148500,买盘
150,14:49:09,13.73,-0.01,28,38444,卖盘
151,14:49:06,13.74,--,5,6870,买盘
152,14:49:03,13.74,--,198,272052,卖盘
153,14:49:00,13.74,--,10,13740,卖盘
154,14:48:57,13.74,-0.01,100,137400,卖盘
155,14:48:54,13.75,0.01,5,6875,买盘
156,14:48:51,13.74,--,54,74196,买盘
157,14:48:48,13.74,--,55,75570,卖盘
158,14:48:45,13.74,--,7,9618,卖盘
159,14:48:42,13.74,--,15,20610,卖盘
160,14:48:39,13.74,--,177,243198,卖盘
161,14:48:30,13.74,--,5,6870,卖盘
162,14:48:27,13.74,--,28,38472,买盘
163,14:48:24,13.74,--,34,46716,买盘
164,14:48:21,13.74,--,120,164880,买盘
165,14:48:18,13.74,0.01,50,68700,买盘
166,14:48:15,13.73,-0.01,3,4119,卖盘
167,14:48:12,13.74,0.01,56,76944,买盘
168,14:48:09,13.73,--,121,166133,卖盘
169,14:48:06,13.73,--,2,2746,卖盘
170,14:48:03,13.73,0.01,28,38444,中性盘
171,14:48:00,13.72,--,82,112504,卖盘
172,14:47:57,13.72,--,80,109760,卖盘
173,14:47:54,13.72,--,104,142688,卖盘
174,14:47:51,13.72,--,88,120736,卖盘
175,14:47:48,13.72,-0.01,158,216776,卖盘
176,14:47:45,13.73,0.01,20,27460,买盘
177,14:47:42,13.72,--,78,107702,卖盘
178,14:47:39,13.72,--,150,205800,卖盘
179,14:47:36,13.72,--,284,389648,买盘
180,14:47:33,13.72,--,136,186592,买盘
181,14:47:30,13.72,--,12,16464,买盘
182,14:47:27,13.72,--,40,54880,买盘
183,14:47:24,13.72,--,62,85064,买盘
184,14:47:21,13.72,--,206,282632,卖盘
185,14:47:18,13.72,--,32,43904,卖盘
186,14:47:15,13.72,--,13,17836,卖盘
187,14:47:12,13.72,0.01,176,242569,买盘
188,14:47:09,13.71,--,85,116535,卖盘
189,14:47:06,13.71,-0.01,18,24678,卖盘
190,14:47:03,13.72,--,41,56526,卖盘
191,14:47:00,13.72,--,136,186592,卖盘
192,14:46:57,13.72,--,10,13720,卖盘
193,14:46:54,13.72,--,20,27440,卖盘
194,14:46:51,13.72,-0.01,102,141041,卖盘
195,14:46:48,13.73,--,79,108467,卖盘
196,14:46:45,13.73,--,72,98856,卖盘
197,14:46:42,13.73,--,23,31579,卖盘
198,14:46:39,13.73,--,12,16476,买盘
199,14:46:36,13.73,--,8,10984,买盘
200,14:46:33,13.73,0.01,7,9611,买盘
201,14:46:30,13.72,-0.02,187,256564,卖盘
202,14:46:27,13.74,0.04,761,1045614,买盘
203,14:46:24,13.7,-0.04,2500,3425739,卖盘
204,14:46:21,13.74,--,60,82440,买盘
205,14:46:18,13.74,0.01,11,15114,买盘
206,14:46:15,13.73,--,83,113959,卖盘
207,14:46:12,13.73,--,20,27460,卖盘
208,14:46:09,13.73,-0.01,84,115332,卖盘
209,14:46:06,13.74,0.01,103,141522,买盘
210,14:46:03,13.73,--,97,133181,卖盘
211,14:46:00,13.73,-0.01,5,6865,卖盘
212,14:45:57,13.74,--,12,16488,买盘
213,14:45:51,13.74,--,47,64578,卖盘
214,14:45:45,13.74,--,110,151140,卖盘
215,14:45:42,13.74,--,51,70074,卖盘
216,14:45:39,13.74,--,4,5496,卖盘
217,14:45:36,13.74,-0.01,160,219840,卖盘
218,14:45:33,13.75,0.01,164,225500,买盘
219,14:45:30,13.74,-0.01,5,6870,卖盘
220,14:45:27,13.75,0.01,13,17875,买盘
221,14:45:24,13.74,-0.01,37,51525,卖盘
222,14:45:21,13.75,--,102,140250,卖盘
223,14:45:18,13.75,--,699,961125,卖盘
224,14:45:15,13.75,--,279,383625,卖盘
225,14:45:12,13.75,--,36,49500,卖盘
226,14:45:09,13.75,--,355,488125,卖盘
227,14:45:06,13.75,--,125,171875,卖盘
228,14:45:03,13.75,--,137,188375,卖盘
229,14:45:00,13.75,-0.01,210,288750,卖盘
230,14:44:57,13.76,0.01,282,388032,买盘
231,14:44:54,13.75,--,10,13750,卖盘
232,14:44:51,13.75,--,166,228250,卖盘
233,14:44:48,13.75,-0.01,63,86625,卖盘
234,14:44:45,13.76,0.01,5,6880,买盘
235,14:44:42,13.75,--,14,19250,卖盘
236,14:44:39,13.75,--,83,114125,卖盘
237,14:44:36,13.75,--,62,85250,卖盘
238,14:44:33,13.75,--,61,83875,卖盘
239,14:44:30,13.75,-0.01,120,165000,卖盘
240,14:44:27,13.76,0.01,13,17888,买盘
241,14:44:24,13.75,-0.01,119,163625,卖盘
242,14:44:21,13.76,--,2385,3281760,卖盘
243,14:44:18,13.76,--,53,72928,卖盘
244,14:44:15,13.76,--,36,49536,卖盘
245,14:44:12,13.76,--,269,370144,卖盘
246,14:44:09,13.76,--,68,93568,卖盘
247,14:44:06,13.76,--,104,143104,卖盘
248,14:44:03,13.76,--,42,57792,卖盘
249,14:43:57,13.76,--,36,49536,卖盘
250,14:43:54,13.76,--,63,86688,卖盘
251,14:43:51,13.76,--,211,290336,卖盘
252,14:43:48,13.76,-0.01,9,12384,卖盘
253,14:43:45,13.77,0.01,16,22032,买盘
254,14:43:42,13.76,--,26,35776,卖盘
255,14:43:39,13.76,-0.01,953,1311328,卖盘
256,14:43:36,13.77,--,281,386937,卖盘
257,14:43:33,13.77,-0.01,37,50949,卖盘
258,14:43:30,13.78,0.01,162,223236,买盘
259,14:43:27,13.77,--,117,161109,买盘
260,14:43:24,13.77,0.01,135,185895,买盘
261,14:43:21,13.76,--,14,19264,卖盘
262,14:43:18,13.76,--,2,2752,卖盘
263,14:43:15,13.76,-0.01,237,326112,卖盘
264,14:43:12,13.77,--,257,353889,卖盘
265,14:43:09,13.77,--,5,6885,卖盘
266,14:43:06,13.77,--,52,71604,卖盘
267,14:43:03,13.77,--,7,9639,卖盘
268,14:43:00,13.77,0.01,153,210681,买盘
269,14:42:57,13.76,--,56,77744,卖盘
270,14:42:54,13.76,--,61,83936,卖盘
271,14:42:51,13.76,-0.01,14,19264,卖盘
272,14:42:48,13.77,0.01,20,27540,买盘
273,14:42:45,13.76,-0.01,17,23392,卖盘
274,14:42:42,13.77,0.01,20,27540,买盘
275,14:42:39,13.76,-0.01,31,42656,卖盘
276,14:42:36,13.77,0.01,212,291924,买盘
277,14:42:33,13.76,-0.01,74,101824,卖盘
278,14:42:27,13.77,--,5,6885,买盘
279,14:42:24,13.77,--,17,23409,买盘
280,14:42:21,13.77,--,5,6885,买盘
281,14:42:18,13.77,--,1,1377,买盘
282,14:42:15,13.77,--,413,568701,卖盘
283,14:42:12,13.77,--,199,274023,卖盘
284,14:42:09,13.77,--,30,41310,买盘
285,14:42:06,13.77,--,489,673353,卖盘
286,14:42:00,13.77,--,96,132192,卖盘
287,14:41:51,13.77,--,8,11016,卖盘
288,14:41:48,13.77,--,4,5508,卖盘
289,14:41:45,13.77,--,6,8262,买盘
290,14:41:42,13.77,0.01,65,89505,买盘
291,14:41:39,13.76,-0.01,20,27520,卖盘
292,14:41:36,13.77,--,3,4131,买盘
293,14:41:33,13.77,0.01,1211,1667547,买盘
294,14:41:30,13.76,--,2,2752,卖盘
295,14:41:27,13.76,-0.01,32,44032,卖盘
296,14:41:24,13.77,--,85,117045,买盘
297,14:41:21,13.77,0.01,42,57834,买盘
298,14:41:18,13.76,-0.01,4,5504,卖盘
299,14:41:15,13.77,0.01,50,68850,买盘
300,14:41:12,13.76,-0.01,1,1376,卖盘
301,14:41:09,13.77,0.01,48,66096,买盘
302,14:41:06,13.76,--,64,88064,卖盘
303,14:41:03,13.76,-0.01,35,48160,卖盘
304,14:41:00,13.77,--,23,31671,买盘
305,14:40:57,13.77,0.01,5,6885,买盘
306,14:40:54,13.76,-0.01,68,93568,卖盘
307,14:40:51,13.77,-0.01,28,38556,卖盘
308,14:40:48,13.78,--,19,26182,买盘
309,14:40:45,13.78,0.01,15,20670,买盘
310,14:40:42,13.77,0.01,101,139077,中性盘
311,14:40:39,13.76,--,31,42656,卖盘
312,14:40:33,13.76,-0.02,4,5504,卖盘
313,14:40:30,13.78,0.02,10,13780,买盘
314,14:40:27,13.76,--,23,31648,买盘
315,14:40:24,13.76,--,107,147232,卖盘
316,14:40:21,13.76,--,6,8256,卖盘
317,14:40:18,13.76,-0.04,10,13760,卖盘
318,14:40:15,13.8,0.04,379,523020,买盘
319,14:40:12,13.76,--,4,5504,卖盘
320,14:40:09,13.76,-0.01,52,71552,卖盘
321,14:40:06,13.77,0.02,1,1377,买盘
322,14:40:00,13.75,-0.04,33,45375,中性盘
323,14:39:51,13.79,0.05,501,690879,买盘
324,14:39:48,13.74,-0.04,66,90684,卖盘
325,14:39:45,13.78,--,48,66144,卖盘
326,14:39:42,13.78,0.01,79,108862,买盘
327,14:39:39,13.77,0.04,31,42687,卖盘
328,14:39:36,13.73,-0.04,1399,1920827,卖盘
329,14:39:33,13.77,--,1,1377,卖盘
330,14:39:30,13.77,--,90,123930,卖盘
331,14:39:27,13.77,--,234,322218,卖盘
332,14:39:24,13.77,--,10,13770,卖盘
333,14:39:21,13.77,-0.01,104,143208,卖盘
334,14:39:18,13.78,--,9,12402,买盘
335,14:39:15,13.78,0.01,6,8268,买盘
336,14:39:12,13.77,-0.01,32,44064,卖盘
337,14:39:06,13.78,--,66,90948,买盘
338,14:39:03,13.78,0.01,6,8268,卖盘
339,14:39:00,13.77,-0.01,42,57834,卖盘
340,14:38:57,13.78,--,132,181896,卖盘
341,14:38:54,13.78,--,63,86814,卖盘
342,14:38:51,13.78,--,6,8268,卖盘
343,14:38:48,13.78,--,95,130910,卖盘
344,14:38:45,13.78,-0.01,1,1378,卖盘
345,14:38:42,13.79,0.01,5,6895,买盘
346,14:38:39,13.78,--,30,41340,卖盘
347,14:38:36,13.78,-0.02,15,20670,卖盘
348,14:38:33,13.8,0.02,47,64860,买盘
349,14:38:30,13.78,--,243,335281,卖盘
350,14:38:27,13.78,-0.02,9,12402,卖盘
351,14:38:24,13.8,0.02,28,38640,买盘
352,14:38:21,13.78,--,1,1378,卖盘
353,14:38:18,13.78,--,21,28938,卖盘
354,14:38:15,13.78,-0.01,61,84058,卖盘
355,14:38:12,13.79,--,90,124109,买盘
356,14:38:09,13.79,0.01,64,88256,买盘
357,14:38:06,13.78,--,8,11437,买盘
358,14:38:03,13.78,--,13,18878,卖盘
359,14:38:00,13.78,--,768,1058304,卖盘
360,14:37:57,13.78,--,36,49608,卖盘
361,14:37:54,13.78,-0.02,16,22048,卖盘
362,14:37:48,13.8,--,63,86940,买盘
363,14:37:45,13.8,0.01,179,247020,买盘
364,14:37:42,13.79,--,178,245461,卖盘
365,14:37:39,13.79,--,80,110320,卖盘
366,14:37:36,13.79,--,84,115836,卖盘
367,14:37:33,13.79,--,1,1379,卖盘
368,14:37:30,13.79,--,20,27580,卖盘
369,14:37:27,13.79,0.01,164,226156,中性盘
370,14:37:24,13.78,--,39,53742,卖盘
371,14:37:21,13.78,-0.02,10,13780,卖盘
372,14:37:18,13.8,0.02,102,140760,买盘
373,14:37:15,13.78,--,21,28938,卖盘
374,14:37:12,13.78,0.01,147,202979,买盘
375,14:37:09,13.77,--,44,60588,卖盘
376,14:37:06,13.77,-0.01,4,5508,卖盘
377,14:37:00,13.78,--,354,488776,卖盘
378,14:36:54,13.78,-0.01,140,192920,卖盘
379,14:36:51,13.79,--,136,187544,卖盘
380,14:36:48,13.79,--,118,162722,卖盘
381,14:36:45,13.79,-0.01,20,27580,卖盘
382,14:36:42,13.8,0.01,30,41400,买盘
383,14:36:39,13.79,--,6,8274,卖盘
384,14:36:36,13.79,--,66,91014,卖盘
385,14:36:33,13.79,-0.01,4,5516,卖盘
386,14:36:30,13.8,0.01,51,70380,买盘
387,14:36:27,13.79,--,182,250977,买盘
388,14:36:24,13.79,--,244,336476,卖盘
389,14:36:21,13.79,-0.01,21,28959,卖盘
390,14:36:18,13.8,0.01,103,142140,买盘
391,14:36:15,13.79,--,20,27580,卖盘
392,14:36:12,13.79,--,69,95151,卖盘
393,14:36:09,13.79,--,12,16548,卖盘
394,14:36:06,13.79,-0.01,3,4137,卖盘
395,14:36:03,13.8,0.01,1,1380,买盘
396,14:36:00,13.79,--,2,2758,卖盘
397,14:35:57,13.79,-0.01,35,48265,中性盘
398,14:35:54,13.8,0.02,44,60720,买盘
399,14:35:51,13.78,-0.01,11,15158,卖盘
400,14:35:48,13.79,--,367,506092,卖盘
401,14:35:45,13.79,-0.02,82,113078,卖盘
402,14:35:42,13.81,0.01,30,41430,买盘
403,14:35:39,13.8,--,4,5520,卖盘
404,14:35:36,13.8,--,80,110400,卖盘
405,14:35:33,13.8,--,63,86940,卖盘
406,14:35:30,13.8,-0.01,35,48300,卖盘
407,14:35:27,13.81,0.01,11,15191,买盘
408,14:35:24,13.8,--,77,106260,卖盘
409,14:35:21,13.8,-0.01,289,398820,卖盘
410,14:35:18,13.81,--,188,259628,卖盘
411,14:35:15,13.81,--,92,127052,卖盘
412,14:35:12,13.81,-0.01,16,22096,卖盘
413,14:35:09,13.82,0.01,25,34550,买盘
414,14:35:06,13.81,-0.01,13,17953,卖盘
415,14:35:03,13.82,0.01,20,27640,买盘
416,14:35:00,13.81,--,10,13810,卖盘
417,14:34:57,13.81,--,106,146386,卖盘
418,14:34:54,13.81,0.01,221,305201,买盘
419,14:34:51,13.8,-0.01,21,28980,卖盘
420,14:34:48,13.81,-0.01,160,220960,卖盘
421,14:34:45,13.82,0.01,67,92594,买盘
422,14:34:42,13.81,--,178,245818,卖盘
423,14:34:39,13.81,--,10,13810,卖盘
424,14:34:36,13.81,--,144,198864,卖盘
425,14:34:33,13.81,--,82,113242,卖盘
426,14:34:30,13.81,--,5,6905,卖盘
427,14:34:27,13.81,-0.01,108,149148,卖盘
428,14:34:24,13.82,0.01,58,80156,买盘
429,14:34:21,13.81,--,1,1381,卖盘
430,14:34:18,13.81,--,10,13810,卖盘
431,14:34:15,13.81,-0.01,26,35906,卖盘
432,14:34:12,13.82,--,194,268108,卖盘
433,14:34:09,13.82,--,229,316478,卖盘
434,14:34:06,13.82,--,5,6910,卖盘
435,14:34:03,13.82,--,184,254288,卖盘
436,14:34:00,13.82,-0.01,49,67718,卖盘
437,14:33:57,13.83,--,11,15213,买盘
438,14:33:54,13.83,-0.01,97,134151,买盘
439,14:33:51,13.84,-0.01,603,834552,买盘
440,14:33:48,13.85,0.03,198,274230,买盘
441,14:33:45,13.82,-0.02,95,131290,卖盘
442,14:33:42,13.84,0.01,90,124560,买盘
443,14:33:39,13.83,--,30,41490,卖盘
444,14:33:36,13.83,-0.01,9,12447,卖盘
445,14:33:30,13.84,0.01,3,4152,买盘
446,14:33:27,13.83,--,55,76065,卖盘
447,14:33:24,13.83,-0.01,66,91278,卖盘
448,14:33:21,13.84,--,15,20760,买盘
449,14:33:18,13.84,--,212,293408,买盘
450,14:33:15,13.84,--,20,27680,买盘
451,14:33:09,13.84,--,18,24912,买盘
452,14:33:06,13.84,-0.02,61,85005,卖盘
453,14:33:03,13.86,0.02,20,27720,买盘
454,14:33:00,13.84,-0.02,178,246352,卖盘
455,14:32:57,13.86,--,41,56826,买盘
456,14:32:54,13.86,0.01,108,149688,买盘
457,14:32:51,13.85,0.01,46,63710,中性盘
458,14:32:48,13.84,-0.03,128,177152,卖盘
459,14:32:45,13.87,0.02,402,557574,买盘
460,14:32:42,13.85,--,149,206365,卖盘
461,14:32:39,13.85,--,14,19390,卖盘
462,14:32:36,13.85,--,186,257610,卖盘
463,14:32:33,13.85,-0.01,1,1385,卖盘
464,14:32:30,13.86,0.01,10,13860,买盘
465,14:32:27,13.85,--,30,41550,卖盘
466,14:32:24,13.85,-0.01,27,37395,卖盘
467,14:32:21,13.86,--,40,55440,买盘
468,14:32:18,13.86,--,5,6930,买盘
469,14:32:15,13.86,--,51,70686,买盘
470,14:32:12,13.86,--,87,120582,买盘
471,14:32:09,13.86,0.01,21,29106,买盘
472,14:32:06,13.85,-0.01,38,52630,卖盘
473,14:32:03,13.86,--,35,48510,卖盘
474,14:32:00,13.86,--,10,13860,卖盘
475,14:31:57,13.86,--,46,63756,买盘
476,14:31:54,13.86,0.01,31,42966,买盘
477,14:31:51,13.85,0.01,83,114955,买盘
478,14:31:48,13.84,-0.01,197,272648,卖盘
479,14:31:45,13.85,--,1,1385,中性盘
480,14:31:42,13.85,--,94,130190,卖盘
481,14:31:39,13.85,--,282,390570,卖盘
482,14:31:36,13.85,--,103,142655,中性盘
483,14:31:33,13.85,--,11,15235,卖盘
484,14:31:30,13.85,0.01,15,20775,中性盘
485,14:31:27,13.84,--,116,161346,卖盘
486,14:31:24,13.84,-0.01,79,109336,卖盘
487,14:31:21,13.85,--,32,44320,买盘
488,14:31:18,13.85,--,128,177280,买盘
489,14:31:15,13.85,--,12,16620,买盘
490,14:31:09,13.85,--,42,58170,买盘
491,14:31:06,13.85,-0.01,194,269271,卖盘
492,14:31:00,13.86,--,168,232848,买盘
493,14:30:57,13.86,--,119,164934,买盘
494,14:30:54,13.86,--,142,196812,买盘
495,14:30:51,13.86,--,226,313236,买盘
496,14:30:48,13.86,--,209,289674,买盘
497,14:30:45,13.86,--,122,169092,买盘
498,14:30:42,13.86,--,137,189882,买盘
499,14:30:39,13.86,-0.03,157,217602,中性盘
500,14:30:36,13.89,0.02,3044,4228921,买盘
501,14:30:33,13.87,-0.01,20,27740,卖盘
502,14:30:30,13.88,--,6,8328,买盘
503,14:30:27,13.88,--,45,62460,买盘
504,14:30:24,13.88,0.01,58,80504,买盘
505,14:30:21,13.87,-0.02,57,79059,中性盘
506,14:30:18,13.89,0.03,172,238908,买盘
507,14:30:15,13.86,-0.02,306,424947,卖盘
508,14:30:12,13.88,0.02,44,61072,买盘
509,14:30:09,13.86,-0.02,2582,3579206,买盘
510,14:30:06,13.88,0.03,124,172112,买盘
511,14:30:03,13.85,-0.01,137,189745,卖盘
512,14:30:00,13.86,--,211,292446,卖盘
513,14:29:57,13.86,-0.02,253,350658,卖盘
514,14:29:54,13.88,0.02,405,562140,买盘
515,14:29:51,13.86,-0.03,1019,1412611,卖盘
516,14:29:48,13.89,0.01,309,429201,买盘
517,14:29:45,13.88,--,169,234572,卖盘
518,14:29:42,13.88,--,111,154068,卖盘
519,14:29:39,13.88,0.04,3910,5428190,买盘
520,14:29:36,13.84,-0.02,168,232512,卖盘
521,14:29:33,13.86,0.01,39,54054,买盘
522,14:29:30,13.85,-0.01,298,412730,卖盘
523,14:29:27,13.86,--,86,119196,买盘
524,14:29:24,13.86,0.01,139,192654,买盘
525,14:29:21,13.85,--,106,146810,卖盘
526,14:29:18,13.85,--,111,153735,买盘
527,14:29:15,13.85,--,64,88640,买盘
528,14:29:12,13.85,0.01,66,91410,买盘
529,14:29:09,13.84,--,88,121792,卖盘
530,14:29:06,13.84,-0.01,55,76120,中性盘
531,14:29:03,13.85,--,44,60940,买盘
532,14:29:00,13.85,0.02,229,317165,买盘
533,14:28:57,13.83,-0.02,264,365112,卖盘
534,14:28:54,13.85,--,131,181435,买盘
535,14:28:51,13.85,--,159,220215,买盘
536,14:28:48,13.85,0.02,209,289465,买盘
537,14:28:45,13.83,-0.01,63,87129,卖盘
538,14:28:42,13.84,0.01,64,89268,买盘
539,14:28:39,13.83,--,86,118938,卖盘
540,14:28:36,13.83,0.03,1850,2558895,买盘
541,14:28:33,13.8,--,218,300840,卖盘
542,14:28:30,13.8,--,82,113160,卖盘
543,14:28:27,13.8,--,128,176640,卖盘
544,14:28:24,13.8,--,140,193200,卖盘
545,14:28:21,13.8,--,41,56580,卖盘
546,14:28:18,13.8,--,1055,1456314,买盘
547,14:28:15,13.8,--,71,97980,买盘
548,14:28:12,13.8,0.01,76,104880,买盘
549,14:28:09,13.79,-0.01,86,118593,卖盘
550,14:28:06,13.8,--,1,1380,买盘
551,14:28:03,13.8,--,74,102120,买盘
552,14:28:00,13.8,0.01,200,276000,买盘
553,14:27:57,13.79,--,100,137900,买盘
554,14:27:54,13.79,-0.01,90,124109,中性盘
555,14:27:51,13.8,--,146,201480,买盘
556,14:27:48,13.8,0.01,164,226320,买盘
557,14:27:45,13.79,--,63,86877,买盘
558,14:27:42,13.79,-0.01,76,104804,卖盘
559,14:27:39,13.8,--,129,178020,买盘
560,14:27:36,13.8,--,186,256680,买盘
561,14:27:33,13.8,0.01,45,62100,买盘
562,14:27:30,13.79,0.01,96,132384,中性盘
563,14:27:27,13.78,-0.01,137,188786,卖盘
564,14:27:24,13.79,--,84,115836,买盘
565,14:27:21,13.79,0.01,134,184786,买盘
566,14:27:18,13.78,-0.01,30,41340,卖盘
567,14:27:15,13.79,--,36,49644,买盘
568,14:27:12,13.79,--,30,41370,买盘
569,14:27:09,13.79,-0.01,134,184786,卖盘
570,14:27:06,13.8,--,43,59340,买盘
571,14:27:03,13.8,--,161,222180,买盘
572,14:27:00,13.8,--,56,77280,买盘
573,14:26:57,13.8,--,152,209760,买盘
574,14:26:54,13.8,-0.01,779,1075986,卖盘
575,14:26:51,13.81,--,157,216817,卖盘
576,14:26:48,13.81,0.01,198,273438,中性盘
577,14:26:45,13.8,--,89,122820,卖盘
578,14:26:42,13.8,--,84,115920,卖盘
579,14:26:39,13.8,-0.01,92,126960,卖盘
580,14:26:36,13.81,--,55,75955,买盘
581,14:26:33,13.81,--,150,207150,买盘
582,14:26:30,13.81,--,83,114623,买盘
583,14:26:27,13.81,--,64,88384,买盘
584,14:26:24,13.81,--,155,214055,卖盘
585,14:26:21,13.81,-0.01,58,80098,卖盘
586,14:26:18,13.82,--,95,131290,买盘
587,14:26:15,13.82,--,62,85684,买盘
588,14:26:12,13.82,--,62,85684,买盘
589,14:26:09,13.82,--,70,96740,买盘
590,14:26:06,13.82,--,165,228030,买盘
591,14:26:03,13.82,0.02,62,85684,买盘
592,14:26:00,13.8,-0.02,88,121440,卖盘
593,14:25:57,13.82,0.02,115,158930,买盘
594,14:25:54,13.8,-0.02,110,151800,卖盘
595,14:25:51,13.82,--,93,128526,卖盘
596,14:25:48,13.82,--,226,312332,买盘
597,14:25:45,13.82,--,55,76010,买盘
598,14:25:42,13.82,0.01,127,175514,买盘
599,14:25:39,13.81,--,106,146386,卖盘
600,14:25:36,13.81,-0.01,82,113242,卖盘
601,14:25:33,13.82,0.01,229,316478,买盘
602,14:25:30,13.81,--,105,145005,卖盘
603,14:25:27,13.81,-0.01,78,107718,卖盘
604,14:25:24,13.82,0.01,70,96740,买盘
605,14:25:21,13.81,--,105,145005,卖盘
606,14:25:18,13.81,-0.01,193,266533,卖盘
607,14:25:15,13.82,--,94,129908,买盘
608,14:25:12,13.82,0.01,43,59426,买盘
609,14:25:09,13.81,--,77,106337,卖盘
610,14:25:06,13.81,0.01,53,73607,买盘
611,14:25:03,13.8,-0.01,66,91080,卖盘
612,14:25:00,13.81,0.01,177,244437,买盘
613,14:24:57,13.8,-0.01,153,211140,卖盘
614,14:24:54,13.81,0.01,80,110480,买盘
615,14:24:51,13.8,--,86,118680,卖盘
616,14:24:48,13.8,-0.01,189,260820,卖盘
617,14:24:45,13.81,--,53,73193,买盘
618,14:24:42,13.81,--,92,127052,买盘
619,14:24:39,13.81,0.02,136,187816,买盘
620,14:24:36,13.79,--,228,314412,卖盘
621,14:24:33,13.79,-0.02,65,89635,卖盘
622,14:24:30,13.81,--,154,212674,买盘
623,14:24:27,13.81,0.02,125,172625,买盘
624,14:24:24,13.79,--,79,108941,卖盘
625,14:24:21,13.79,-0.02,67,92393,卖盘
626,14:24:18,13.81,0.01,179,247199,买盘
627,14:24:15,13.8,0.01,154,212520,买盘
628,14:24:12,13.79,-0.01,90,124109,中性盘
629,14:24:09,13.8,--,123,169740,买盘
630,14:24:06,13.8,0.01,72,99360,买盘
631,14:24:03,13.79,0.01,44,60675,买盘
632,14:24:00,13.78,-0.02,100,137800,卖盘
633,14:23:57,13.8,--,90,124200,买盘
634,14:23:54,13.8,--,80,110400,买盘
635,14:23:51,13.8,0.01,44,60720,买盘
636,14:23:48,13.79,-0.01,14,19306,中性盘
637,14:23:45,13.8,0.03,151,208380,买盘
638,14:23:42,13.77,-0.01,97,133844,卖盘
639,14:23:39,13.78,--,64,88192,卖盘
640,14:23:36,13.78,0.01,87,119886,卖盘
641,14:23:33,13.77,-0.01,141,194157,卖盘
642,14:23:30,13.78,-0.01,98,135319,卖盘
643,14:23:27,13.79,0.01,167,230293,买盘
644,14:23:24,13.78,0.01,99,136422,买盘
645,14:23:21,13.77,-0.01,71,97767,卖盘
646,14:23:18,13.78,-0.01,224,308672,卖盘
647,14:23:15,13.79,-0.01,69,95151,买盘
648,14:23:12,13.8,0.02,78,107640,买盘
649,14:23:09,13.78,--,79,108862,买盘
650,14:23:06,13.78,-0.02,125,172250,中性盘
651,14:23:03,13.8,0.02,69,95220,买盘
652,14:23:00,13.78,--,161,221858,买盘
653,14:22:57,13.78,-0.02,130,179140,卖盘
654,14:22:54,13.8,--,115,158700,买盘
655,14:22:51,13.8,0.02,32,44160,买盘
656,14:22:48,13.78,-0.02,119,163982,卖盘
657,14:22:45,13.8,--,169,233220,买盘
658,14:22:42,13.8,0.02,51,70380,买盘
659,14:22:39,13.78,-0.01,44,60632,卖盘
660,14:22:36,13.79,-0.01,103,142037,卖盘
661,14:22:33,13.8,--,36,49680,买盘
662,14:22:30,13.8,--,85,117300,买盘
663,14:22:27,13.8,0.02,137,189060,买盘
664,14:22:24,13.78,-0.02,216,297648,卖盘
665,14:22:21,13.8,--,51,70380,买盘
666,14:22:18,13.8,0.01,63,86940,买盘
667,14:22:15,13.79,-0.01,49,67571,买盘
668,14:22:12,13.8,--,46,63480,买盘
669,14:22:09,13.8,--,15,20700,买盘
670,14:22:06,13.8,--,149,205620,买盘
671,14:22:03,13.8,0.01,119,164220,买盘
672,14:22:00,13.79,-0.01,130,179270,卖盘
673,14:21:57,13.8,0.01,76,104880,买盘
674,14:21:54,13.79,--,85,117215,卖盘
675,14:21:51,13.79,-0.01,35,48265,卖盘
676,14:21:48,13.8,0.01,59,81420,买盘
677,14:21:45,13.79,-0.01,130,179270,买盘
678,14:21:42,13.8,--,39,53820,买盘
679,14:21:39,13.8,0.01,49,67620,买盘
680,14:21:36,13.79,--,63,87511,卖盘
681,14:21:33,13.79,0.02,259,357905,买盘
682,14:21:30,13.77,-0.02,66,90882,卖盘
683,14:21:27,13.79,--,161,222019,买盘
684,14:21:24,13.79,0.02,100,137900,买盘
685,14:21:21,13.77,-0.02,50,68850,卖盘
686,14:21:18,13.79,0.03,52,71708,买盘
687,14:21:15,13.76,-0.02,70,96320,中性盘
688,14:21:12,13.78,--,56,77168,卖盘
689,14:21:09,13.78,0.02,8,11024,中性盘
690,14:21:06,13.76,-0.03,67,92192,卖盘
691,14:21:03,13.79,0.02,76,104804,买盘
692,14:21:00,13.77,--,635,874395,买盘
693,14:20:57,13.77,--,102,140454,买盘
694,14:20:54,13.77,--,63,86751,买盘
695,14:20:51,13.77,0.01,36,49572,买盘
696,14:20:48,13.76,0.02,63,86688,买盘
697,14:20:45,13.74,--,171,234954,卖盘
698,14:20:42,13.74,-0.02,73,100302,卖盘
699,14:20:39,13.76,--,67,92192,买盘
700,14:20:36,13.76,0.01,158,217408,买盘
701,14:20:33,13.75,-0.01,70,96250,卖盘
702,14:20:30,13.76,0.01,73,100448,买盘
703,14:20:27,13.75,-0.01,93,127875,中性盘
704,14:20:24,13.76,--,122,167872,买盘
705,14:20:21,13.76,0.01,27,37152,买盘
706,14:20:18,13.75,--,54,74250,买盘
707,14:20:15,13.75,0.01,183,251625,买盘
708,14:20:12,13.74,-0.01,53,72822,卖盘
709,14:20:09,13.75,0.01,183,251625,买盘
710,14:20:06,13.74,-0.01,126,173124,卖盘
711,14:20:03,13.75,--,96,132000,买盘
712,14:20:00,13.75,0.01,4,5500,买盘
713,14:19:57,13.74,--,147,201978,卖盘
714,14:19:54,13.74,--,41,56334,卖盘
715,14:19:51,13.74,-0.01,17,23358,卖盘
716,14:19:48,13.75,0.01,1,1375,买盘
717,14:19:45,13.74,--,1,1374,卖盘
718,14:19:39,13.74,--,47,64578,买盘
719,14:19:36,13.74,0.01,105,144270,买盘
720,14:19:33,13.73,-0.01,40,54920,卖盘
721,14:19:30,13.74,--,48,65952,卖盘
722,14:19:27,13.74,--,317,435558,卖盘
723,14:19:24,13.74,--,115,158010,卖盘
724,14:19:21,13.74,--,10,13740,卖盘
725,14:19:18,13.74,-0.01,1,1374,中性盘
726,14:19:12,13.75,0.02,273,375375,买盘
727,14:19:09,13.73,-0.01,2,2746,卖盘
728,14:19:06,13.74,--,100,137400,卖盘
729,14:19:03,13.74,-0.01,19,26106,卖盘
730,14:18:57,13.75,0.01,609,837375,买盘
731,14:18:54,13.74,--,25,34350,卖盘
732,14:18:48,13.74,--,30,41220,买盘
733,14:18:45,13.74,--,98,134652,买盘
734,14:18:42,13.74,--,38,52212,买盘
735,14:18:39,13.74,--,106,145644,卖盘
736,14:18:36,13.74,--,19,26106,卖盘
737,14:18:33,13.74,--,49,67326,卖盘
738,14:18:30,13.74,-0.01,2,2748,卖盘
739,14:18:24,13.75,0.02,114,156750,买盘
740,14:18:21,13.73,-0.02,67,91991,卖盘
741,14:18:12,13.75,--,198,272250,买盘
742,14:18:09,13.75,0.02,25,34375,买盘
743,14:18:03,13.73,-0.02,23,31579,卖盘
744,14:17:57,13.75,0.01,92,126500,买盘
745,14:17:54,13.74,-0.01,57,78318,卖盘
746,14:17:51,13.75,--,32,44000,买盘
747,14:17:48,13.75,--,11,15125,买盘
748,14:17:45,13.75,--,5,6875,买盘
749,14:17:39,13.75,0.01,98,134750,买盘
750,14:17:36,13.74,-0.01,27,37098,卖盘
751,14:17:33,13.75,0.01,114,156750,买盘
752,14:17:27,13.74,--,65,89310,卖盘
753,14:17:24,13.74,--,79,108546,卖盘
754,14:17:18,13.74,--,3,4122,卖盘
755,14:17:15,13.74,--,37,50838,卖盘
756,14:17:12,13.74,-0.01,20,27480,中性盘
757,14:17:09,13.75,0.02,117,160875,买盘
758,14:17:06,13.73,-0.01,33,45309,买盘
759,14:16:51,13.74,--,80,109920,买盘
760,14:16:48,13.74,0.01,1,1374,买盘
761,14:16:45,13.73,--,11,15103,卖盘
762,14:16:39,13.73,0.02,40,54920,买盘
763,14:16:36,13.71,--,8,10968,卖盘
764,14:16:33,13.71,--,124,170004,卖盘
765,14:16:30,13.71,--,39,53469,卖盘
766,14:16:21,13.71,--,80,109680,卖盘
767,14:16:18,13.71,--,82,112422,卖盘
768,14:16:15,13.71,0.01,20,27420,卖盘
769,14:16:06,13.7,-0.03,40,54800,卖盘
770,14:16:03,13.73,0.02,1,1373,买盘
771,14:16:00,13.71,--,128,175488,买盘
772,14:15:57,13.71,0.01,108,148068,卖盘
773,14:15:54,13.7,--,180,246600,卖盘
774,14:15:51,13.7,-0.01,221,302770,卖盘
775,14:15:48,13.71,--,33,45243,卖盘
776,14:15:42,13.71,--,66,90486,买盘
777,14:15:36,13.71,--,10,13710,买盘
778,14:15:33,13.71,--,24,32904,买盘
779,14:15:30,13.71,0.01,10,13710,买盘
780,14:15:27,13.7,-0.01,72,98640,卖盘
781,14:15:24,13.71,0.01,26,35646,买盘
782,14:15:21,13.7,--,33,45210,卖盘
783,14:15:18,13.7,-0.01,1021,1398770,卖盘
784,14:15:15,13.71,--,7,9597,卖盘
785,14:15:12,13.71,0.01,10,13710,中性盘
786,14:15:09,13.7,-0.01,51,69870,卖盘
787,14:15:03,13.71,--,19,26049,卖盘
788,14:15:00,13.71,--,75,103126,卖盘
789,14:14:54,13.71,-0.02,110,150810,卖盘
790,14:14:51,13.73,0.01,311,427003,买盘
791,14:14:48,13.72,0.01,50,68600,买盘
792,14:14:45,13.71,-0.01,1,1371,卖盘
793,14:14:42,13.72,0.01,2,2744,买盘
794,14:14:39,13.71,--,112,153552,卖盘
795,14:14:36,13.71,--,8,10968,卖盘
796,14:14:33,13.71,--,47,64437,卖盘
797,14:14:30,13.71,0.01,9,12339,卖盘
798,14:14:27,13.7,-0.01,41,56855,卖盘
799,14:14:24,13.71,--,1,1371,卖盘
800,14:14:21,13.71,--,110,150810,卖盘
801,14:14:18,13.71,--,140,191940,卖盘
802,14:14:15,13.71,--,1,1371,卖盘
803,14:14:12,13.71,--,18,24678,买盘
804,14:14:09,13.71,--,8,10968,买盘
805,14:14:06,13.71,0.01,40,54840,买盘
806,14:14:03,13.7,--,15,20550,卖盘
807,14:14:00,13.7,--,21,28770,卖盘
808,14:13:51,13.7,-0.01,41,56170,卖盘
809,14:13:48,13.71,0.01,45,61695,买盘
810,14:13:45,13.7,0.01,10,13700,卖盘
811,14:13:42,13.69,-0.01,2010,2751690,卖盘
812,14:13:36,13.7,-0.01,109,149330,卖盘
813,14:13:33,13.71,--,13,17823,卖盘
814,14:13:30,13.71,--,36,49356,卖盘
815,14:13:27,13.71,--,91,124761,卖盘
816,14:13:24,13.71,--,340,466140,卖盘
817,14:13:21,13.71,-0.02,900,1233900,卖盘
818,14:13:18,13.73,0.02,86,118078,买盘
819,14:13:15,13.71,--,151,207021,卖盘
820,14:13:12,13.71,-0.01,40,54840,卖盘
821,14:13:09,13.72,--,17,23324,买盘
822,14:13:06,13.72,0.01,92,126224,买盘
823,14:13:03,13.71,--,3,4113,卖盘
824,14:13:00,13.71,-0.01,41,56211,卖盘
825,14:12:57,13.72,0.01,61,83692,买盘
826,14:12:54,13.71,-0.01,12,16452,卖盘
827,14:12:51,13.72,0.01,108,148176,买盘
828,14:12:48,13.71,--,15,20565,卖盘
829,14:12:45,13.71,--,1,1371,卖盘
830,14:12:42,13.71,-0.01,20,27420,卖盘
831,14:12:39,13.72,0.01,11,15092,买盘
832,14:12:36,13.71,-0.01,170,233070,卖盘
833,14:12:30,13.72,--,25,34300,卖盘
834,14:12:27,13.72,--,39,53508,卖盘
835,14:12:24,13.72,-0.01,65,89180,卖盘
836,14:12:15,13.73,0.01,26,35698,买盘
837,14:12:12,13.72,--,10,13720,卖盘
838,14:12:09,13.72,-0.01,11,15092,卖盘
839,14:12:06,13.73,0.01,22,30206,买盘
840,14:12:03,13.72,0.01,64,87808,买盘
841,14:12:00,13.71,-0.01,20,27420,卖盘
842,14:11:57,13.72,--,1,1372,买盘
843,14:11:51,13.72,-0.01,19,26068,卖盘
844,14:11:48,13.73,--,192,263616,买盘
845,14:11:45,13.73,0.01,121,166133,买盘
846,14:11:39,13.72,--,175,240100,卖盘
847,14:11:36,13.72,--,9,12348,卖盘
848,14:11:33,13.72,--,41,56252,卖盘
849,14:11:30,13.72,0.01,20,27440,中性盘
850,14:11:21,13.71,-0.01,117,160407,卖盘
851,14:11:15,13.72,-0.01,255,349860,中性盘
852,14:11:12,13.73,0.01,340,466820,买盘
853,14:11:06,13.72,-0.01,105,144060,卖盘
854,14:11:03,13.73,--,20,27460,买盘
855,14:10:57,13.73,-0.01,413,567049,卖盘
856,14:10:51,13.74,0.01,2,2748,中性盘
857,14:10:45,13.73,-0.02,20,27460,卖盘
858,14:10:42,13.75,0.03,202,277750,买盘
859,14:10:39,13.72,--,245,336140,卖盘
860,14:10:36,13.72,--,151,207172,卖盘
861,14:10:33,13.72,--,33,45276,卖盘
862,14:10:30,13.72,-0.01,19,26068,卖盘
863,14:10:27,13.73,0.01,12,16476,买盘
864,14:10:24,13.72,--,35,48020,卖盘
865,14:10:21,13.72,-0.01,4,5488,卖盘
866,14:10:18,13.73,-0.01,5,6865,卖盘
867,14:10:15,13.74,-0.01,10,13740,中性盘
868,14:10:12,13.75,0.03,99,136125,买盘
869,14:10:09,13.72,-0.01,72,99648,卖盘
870,14:10:03,13.73,--,8,10984,卖盘
871,14:10:00,13.73,-0.01,126,172998,卖盘
872,14:09:54,13.74,0.01,10,13740,买盘
873,14:09:51,13.73,-0.01,73,100229,卖盘
874,14:09:48,13.74,-0.01,5,6870,卖盘
875,14:09:45,13.75,0.01,48,66000,买盘
876,14:09:42,13.74,-0.01,164,225336,卖盘
877,14:09:39,13.75,0.01,40,55000,买盘
878,14:09:36,13.74,--,31,42594,卖盘
879,14:09:33,13.74,-0.01,13,17862,卖盘
880,14:09:30,13.75,--,59,81125,卖盘
881,14:09:27,13.75,--,28,38500,卖盘
882,14:09:24,13.75,--,23,31625,买盘
883,14:09:21,13.75,--,26,35750,卖盘
884,14:09:18,13.75,--,39,53625,卖盘
885,14:09:15,13.75,--,6,8250,卖盘
886,14:09:12,13.75,-0.01,216,297000,卖盘
887,14:09:09,13.76,0.01,37,50912,买盘
888,14:09:06,13.75,0.01,45,61875,买盘
889,14:09:03,13.74,-0.01,90,123660,卖盘
890,14:09:00,13.75,-0.01,80,110000,卖盘
891,14:08:57,13.76,--,4,5504,买盘
892,14:08:54,13.76,0.01,3,4128,买盘
893,14:08:51,13.75,-0.01,8,11000,卖盘
894,14:08:48,13.76,0.01,26,35776,买盘
895,14:08:45,13.75,-0.01,8,11000,中性盘
896,14:08:39,13.76,0.02,131,180256,买盘
897,14:08:36,13.74,0.01,35,48090,卖盘
898,14:08:33,13.73,--,5,6865,卖盘
899,14:08:27,13.73,-0.02,10,13730,卖盘
900,14:08:24,13.75,0.02,11,15125,中性盘
901,14:08:21,13.73,-0.02,176,241648,卖盘
902,14:08:18,13.75,--,33,45375,卖盘
903,14:08:15,13.75,-0.01,22,30250,卖盘
904,14:08:12,13.76,0.01,72,99072,买盘
905,14:08:09,13.75,0.01,97,133375,卖盘
906,14:08:06,13.74,--,23,31602,卖盘
907,14:08:03,13.74,-0.01,118,162132,卖盘
908,14:08:00,13.75,--,101,138875,卖盘
909,14:07:57,13.75,--,4,5500,卖盘
910,14:07:54,13.75,--,26,35750,卖盘
911,14:07:48,13.75,--,5,6875,卖盘
912,14:07:45,13.75,--,6,8250,卖盘
913,14:07:42,13.75,--,10,13750,卖盘
914,14:07:39,13.75,0.01,26,35750,中性盘
915,14:07:36,13.74,--,201,276174,卖盘
916,14:07:33,13.74,-0.01,23,31602,卖盘
917,14:07:30,13.75,--,41,57062,卖盘
918,14:07:24,13.75,-0.01,1,1375,卖盘
919,14:07:18,13.76,--,32,44720,买盘
920,14:07:15,13.76,0.01,64,88064,买盘
921,14:07:12,13.75,--,15,20625,卖盘
922,14:07:09,13.75,-0.01,270,371250,卖盘
923,14:07:06,13.76,--,128,176128,买盘
924,14:06:48,13.76,--,20,27520,买盘
925,14:06:45,13.76,0.01,2,2752,买盘
926,14:06:39,13.75,--,37,50875,卖盘
927,14:06:36,13.75,--,78,107250,卖盘
928,14:06:33,13.75,0.01,102,140758,买盘
929,14:06:27,13.74,-0.01,100,137400,卖盘
930,14:06:24,13.75,--,26,35750,买盘
931,14:06:21,13.75,0.01,11,15125,买盘
932,14:06:18,13.74,--,32,43968,卖盘
933,14:06:15,13.74,-0.01,10,13740,卖盘
934,14:06:12,13.75,--,372,511500,买盘
935,14:06:09,13.75,--,200,275000,买盘
936,14:06:06,13.75,--,154,211750,买盘
937,14:06:03,13.75,0.01,13,17875,买盘
938,14:06:00,13.74,--,1,1374,卖盘
939,14:05:51,13.74,-0.01,139,190986,卖盘
940,14:05:48,13.75,--,58,79750,买盘
941,14:05:45,13.75,0.01,11,15125,买盘
942,14:05:42,13.74,-0.01,7,9618,卖盘
943,14:05:39,13.75,--,2,2750,买盘
944,14:05:36,13.75,--,154,211750,买盘
945,14:05:33,13.75,--,13,17875,买盘
946,14:05:30,13.75,0.01,13,17875,买盘
947,14:05:27,13.74,-0.01,4,5496,卖盘
948,14:05:24,13.75,0.01,6,8250,买盘
949,14:05:18,13.74,-0.01,30,41220,卖盘
950,14:05:15,13.75,--,339,466125,买盘
951,14:05:12,13.75,--,41,56375,买盘
952,14:05:09,13.75,--,106,145750,买盘
953,14:05:06,13.75,0.01,215,295625,买盘
954,14:05:03,13.74,--,100,137400,卖盘
955,14:05:00,13.74,-0.01,3,4122,卖盘
956,14:04:57,13.75,--,30,41250,买盘
957,14:04:54,13.75,--,1,1375,买盘
958,14:04:48,13.75,--,53,72875,买盘
959,14:04:39,13.75,0.01,63,86625,买盘
960,14:04:36,13.74,0.01,39,53586,买盘
961,14:04:33,13.73,--,128,175744,卖盘
962,14:04:30,13.73,--,4,5492,卖盘
963,14:04:24,13.73,-0.02,9,12357,卖盘
964,14:04:18,13.75,0.02,5,6875,买盘
965,14:04:15,13.73,-0.01,37,50801,卖盘
966,14:04:12,13.74,--,28,38472,卖盘
967,14:04:09,13.74,--,13,18274,买盘
968,14:04:06,13.74,0.02,154,211596,买盘
969,14:04:03,13.72,-0.01,103,141316,卖盘
970,14:04:00,13.73,--,4,5492,卖盘
971,14:03:57,13.73,--,229,314417,卖盘
972,14:03:51,13.73,0.01,140,192220,买盘
973,14:03:48,13.72,-0.01,1,1372,卖盘
974,14:03:45,13.73,0.01,14,19222,买盘
975,14:03:42,13.72,-0.01,344,471968,卖盘
976,14:03:39,13.73,--,21,28833,买盘
977,14:03:36,13.73,--,75,102975,买盘
978,14:03:33,13.73,--,49,67277,买盘
979,14:03:30,13.73,0.01,87,119451,买盘
980,14:03:27,13.72,-0.01,6,8232,卖盘
981,14:03:24,13.73,0.01,10,13730,买盘
982,14:03:21,13.72,--,7,9604,卖盘
983,14:03:18,13.72,-0.01,1,1372,卖盘
984,14:03:15,13.73,-0.01,272,373456,卖盘
985,14:03:12,13.74,0.01,60,82440,买盘
986,14:03:09,13.73,--,51,70023,卖盘
987,14:03:06,13.73,--,200,274600,卖盘
988,14:03:03,13.73,--,344,472312,卖盘
989,14:03:00,13.73,--,74,101602,卖盘
990,14:02:54,13.73,--,1,1373,卖盘
991,14:02:51,13.73,-0.01,3,4119,卖盘
992,14:02:45,13.74,0.01,11,15114,买盘
993,14:02:42,13.73,--,100,137300,卖盘
994,14:02:39,13.73,-0.01,1,1373,卖盘
995,14:02:36,13.74,0.01,164,225336,买盘
996,14:02:33,13.73,0.01,249,341877,中性盘
997,14:02:30,13.72,--,208,285376,卖盘
998,14:02:24,13.72,-0.02,225,308700,卖盘
999,14:02:21,13.74,0.02,33,45342,买盘
1000,14:02:15,13.72,--,39,53508,卖盘
1001,14:02:12,13.72,-0.01,34,46648,卖盘
1002,14:02:09,13.73,-0.01,118,162014,中性盘
1003,14:02:06,13.74,0.02,40,54960,买盘
1004,14:02:03,13.72,-0.01,36,49392,卖盘
1005,14:02:00,13.73,--,20,27460,买盘
1006,14:01:57,13.73,--,80,109840,卖盘
1007,14:01:51,13.73,0.01,78,107094,买盘
1008,14:01:48,13.72,-0.01,23,31556,卖盘
1009,14:01:45,13.73,0.01,1,1373,买盘
1010,14:01:42,13.72,--,24,32928,卖盘
1011,14:01:39,13.72,--,1,1372,卖盘
1012,14:01:36,13.72,-0.02,12,16464,卖盘
1013,14:01:33,13.74,0.04,32,43968,买盘
1014,14:01:30,13.7,-0.03,61,83570,卖盘
1015,14:01:24,13.73,0.02,4,5492,买盘
1016,14:01:21,13.71,-0.02,1,1371,卖盘
1017,14:01:18,13.73,0.02,50,68650,买盘
1018,14:01:15,13.71,-0.01,1116,1530036,卖盘
1019,14:01:12,13.72,--,36,49392,卖盘
1020,14:01:06,13.72,-0.01,67,91924,卖盘
1021,14:01:03,13.73,--,166,227918,买盘
1022,14:01:00,13.73,--,103,141419,买盘
1023,14:00:57,13.73,--,7,9611,买盘
1024,14:00:51,13.73,0.01,80,109840,买盘
1025,14:00:48,13.72,--,14,19208,卖盘
1026,14:00:45,13.72,-0.01,20,27440,卖盘
1027,14:00:39,13.73,--,26,35698,买盘
1028,14:00:36,13.73,--,175,240275,买盘
1029,14:00:33,13.73,0.01,90,123570,买盘
1030,14:00:30,13.72,-0.01,1,1372,卖盘
1031,14:00:27,13.73,--,50,68650,买盘
1032,14:00:24,13.73,--,87,119451,买盘
1033,14:00:21,13.73,0.01,185,254005,买盘
1034,14:00:18,13.72,--,156,214032,卖盘
1035,14:00:12,13.72,--,56,76832,卖盘
1036,14:00:09,13.72,0.01,11,15778,买盘
1037,14:00:06,13.71,--,110,150810,卖盘
1038,14:00:03,13.71,-0.01,44,60324,卖盘
1039,14:00:00,13.72,--,104,142688,买盘
1040,13:59:57,13.72,0.01,410,562520,买盘
1041,13:59:54,13.71,--,5,6855,卖盘
1042,13:59:51,13.71,-0.01,20,27420,卖盘
1043,13:59:48,13.72,0.01,4,5488,买盘
1044,13:59:45,13.71,--,101,138471,卖盘
1045,13:59:36,13.71,--,10,13710,卖盘
1046,13:59:33,13.71,0.01,38,52098,中性盘
1047,13:59:30,13.7,-0.02,615,842550,卖盘
1048,13:59:27,13.72,--,17,23324,买盘
1049,13:59:24,13.72,--,84,115248,买盘
1050,13:59:21,13.72,0.01,92,126224,买盘
1051,13:59:18,13.71,--,138,189198,买盘
1052,13:59:12,13.71,--,20,27420,卖盘
1053,13:59:09,13.71,--,16,21936,卖盘
1054,13:59:06,13.71,0.01,48,65808,中性盘
1055,13:59:00,13.7,--,7,9590,卖盘
1056,13:58:57,13.7,--,65,89050,卖盘
1057,13:58:51,13.7,--,5,6850,卖盘
1058,13:58:45,13.7,--,166,227420,卖盘
1059,13:58:42,13.7,-0.01,193,264410,卖盘
1060,13:58:39,13.71,0.01,31,42501,买盘
1061,13:58:36,13.7,--,13,17810,卖盘
1062,13:58:33,13.7,--,13,17810,卖盘
1063,13:58:30,13.7,--,224,306880,卖盘
1064,13:58:27,13.7,-0.01,201,275370,卖盘
1065,13:58:24,13.71,--,1,1371,买盘
1066,13:58:21,13.71,0.01,4,5484,买盘
1067,13:58:15,13.7,--,22,30140,卖盘
1068,13:58:12,13.7,--,20,27400,卖盘
1069,13:58:09,13.7,--,1,1370,卖盘
1070,13:58:06,13.7,-0.01,33,45210,卖盘
1071,13:58:03,13.71,0.01,264,361944,买盘
1072,13:58:00,13.7,--,13,17810,卖盘
1073,13:57:57,13.7,--,92,126040,卖盘
1074,13:57:54,13.7,--,28,38360,卖盘
1075,13:57:51,13.7,-0.01,28,38360,卖盘
1076,13:57:48,13.71,0.01,12,16452,买盘
1077,13:57:45,13.7,--,255,349350,买盘
1078,13:57:42,13.7,--,97,132890,买盘
1079,13:57:39,13.7,--,339,464430,卖盘
1080,13:57:36,13.7,--,18,24660,卖盘
1081,13:57:33,13.7,--,23,31510,卖盘
1082,13:57:30,13.7,--,124,169880,卖盘
1083,13:57:27,13.7,--,10,13700,卖盘
1084,13:57:24,13.7,--,20,27400,卖盘
1085,13:57:18,13.7,-0.01,57,78090,卖盘
1086,13:57:15,13.71,0.01,81,111051,买盘
1087,13:57:12,13.7,--,23,31510,卖盘
1088,13:57:09,13.7,-0.01,1,1370,卖盘
1089,13:57:06,13.71,0.01,54,74034,买盘
1090,13:57:03,13.7,--,13,17810,卖盘
1091,13:57:00,13.7,--,39,53430,卖盘
1092,13:56:57,13.7,--,868,1189160,卖盘
1093,13:56:54,13.7,--,5,6850,卖盘
1094,13:56:51,13.7,-0.01,1,1370,卖盘
1095,13:56:48,13.71,--,89,122019,买盘
1096,13:56:45,13.71,0.01,28,38388,买盘
1097,13:56:42,13.7,--,94,128780,卖盘
1098,13:56:36,13.7,--,12,16440,卖盘
1099,13:56:33,13.7,--,23,31510,卖盘
1100,13:56:30,13.7,-0.01,137,187690,卖盘
1101,13:56:27,13.71,0.01,50,68550,买盘
1102,13:56:24,13.7,-0.01,1,1370,卖盘
1103,13:56:21,13.71,0.01,1,1371,买盘
1104,13:56:18,13.7,-0.01,78,106860,卖盘
1105,13:56:15,13.71,0.01,24,32904,买盘
1106,13:56:12,13.7,-0.01,19,26030,卖盘
1107,13:56:09,13.71,--,30,41130,买盘
1108,13:56:06,13.71,0.01,29,39759,买盘
1109,13:56:03,13.7,-0.01,131,179470,卖盘
1110,13:56:00,13.71,--,163,223473,卖盘
1111,13:55:57,13.71,--,179,245409,买盘
1112,13:55:54,13.71,--,45,61695,卖盘
1113,13:55:51,13.71,--,21,28791,卖盘
1114,13:55:45,13.71,--,5,6855,卖盘
1115,13:55:42,13.71,--,19,26049,卖盘
1116,13:55:39,13.71,--,134,183714,卖盘
1117,13:55:36,13.71,-0.01,6,8226,卖盘
1118,13:55:33,13.72,0.01,101,138572,买盘
1119,13:55:30,13.71,-0.01,335,459285,卖盘
1120,13:55:24,13.72,0.01,5,6860,买盘
1121,13:55:21,13.71,--,17,23307,卖盘
1122,13:55:15,13.71,-0.01,529,725259,卖盘
1123,13:55:12,13.72,--,112,153664,买盘
1124,13:55:06,13.72,0.01,25,34300,买盘
1125,13:55:03,13.71,--,78,106938,卖盘
1126,13:55:00,13.71,--,29,39759,卖盘
1127,13:54:57,13.71,--,136,186456,卖盘
1128,13:54:54,13.71,-0.01,140,191940,卖盘
1129,13:54:51,13.72,--,92,126224,买盘
1130,13:54:48,13.72,0.01,129,176988,买盘
1131,13:54:45,13.71,--,110,150810,卖盘
1132,13:54:42,13.71,--,26,35646,卖盘
1133,13:54:39,13.71,--,76,104196,卖盘
1134,13:54:36,13.71,--,16,21936,卖盘
1135,13:54:33,13.71,0.01,18,24678,卖盘
1136,13:54:30,13.7,-0.01,80,109600,卖盘
1137,13:54:27,13.71,--,112,153552,买盘
1138,13:54:24,13.71,--,77,105567,买盘
1139,13:54:21,13.71,--,44,60324,买盘
1140,13:54:15,13.71,0.01,89,122019,买盘
1141,13:54:12,13.7,--,902,1235740,买盘
1142,13:54:09,13.7,0.01,67,91790,买盘
1143,13:54:06,13.69,--,53,72557,卖盘
1144,13:54:03,13.69,-0.01,32,43808,卖盘
1145,13:54:00,13.7,0.01,66,90420,买盘
1146,13:53:57,13.69,--,21,28749,卖盘
1147,13:53:54,13.69,--,600,821400,卖盘
1148,13:53:51,13.69,-0.01,72,98568,卖盘
1149,13:53:48,13.7,--,118,161660,买盘
1150,13:53:45,13.7,0.01,35,47950,买盘
1151,13:53:42,13.69,--,12,16428,卖盘
1152,13:53:39,13.69,--,21,28749,卖盘
1153,13:53:36,13.69,--,24,32856,卖盘
1154,13:53:33,13.69,--,158,216343,卖盘
1155,13:53:30,13.69,--,104,142376,卖盘
1156,13:53:27,13.69,--,8,10952,卖盘
1157,13:53:24,13.69,--,57,78033,卖盘
1158,13:53:21,13.69,--,7,9583,卖盘
1159,13:53:18,13.69,--,20,27380,卖盘
1160,13:53:15,13.69,--,8,10952,卖盘
1161,13:53:12,13.69,--,19,26011,卖盘
1162,13:53:09,13.69,-0.01,8,10952,卖盘
1163,13:53:06,13.7,0.01,47,64390,买盘
1164,13:53:03,13.69,--,261,357993,买盘
1165,13:53:00,13.69,--,368,503792,卖盘
1166,13:52:57,13.69,--,71,97199,卖盘
1167,13:52:54,13.69,--,67,91723,卖盘
1168,13:52:51,13.69,-0.01,30,41070,卖盘
1169,13:52:48,13.7,0.01,48,65760,买盘
1170,13:52:45,13.69,-0.01,38,52022,卖盘
1171,13:52:42,13.7,0.01,39,53430,买盘
1172,13:52:39,13.69,--,24,32856,卖盘
1173,13:52:36,13.69,--,9,12321,卖盘
1174,13:52:33,13.69,--,1,1369,卖盘
1175,13:52:30,13.69,--,40,54760,卖盘
1176,13:52:27,13.69,--,165,225885,卖盘
1177,13:52:24,13.69,--,115,157435,买盘
1178,13:52:21,13.69,0.01,5,6845,买盘
1179,13:52:18,13.68,-0.01,24,32832,卖盘
1180,13:52:15,13.69,--,127,173863,买盘
1181,13:52:12,13.69,--,82,112258,买盘
1182,13:52:09,13.69,--,320,438080,买盘
1183,13:52:06,13.69,-0.01,51,69819,买盘
1184,13:52:03,13.7,0.01,93,127410,买盘
1185,13:52:00,13.69,0.01,31,42439,中性盘
1186,13:51:57,13.68,--,225,307800,卖盘
1187,13:51:54,13.68,--,42,57456,卖盘
1188,13:51:51,13.68,--,63,86184,卖盘
1189,13:51:48,13.68,--,155,212040,卖盘
1190,13:51:45,13.68,-0.02,31,42408,卖盘
1191,13:51:42,13.7,0.03,151,206870,买盘
1192,13:51:39,13.67,--,55,75185,卖盘
1193,13:51:36,13.67,--,126,172242,卖盘
1194,13:51:33,13.67,--,150,205050,卖盘
1195,13:51:30,13.67,--,49,66983,卖盘
1196,13:51:27,13.67,--,37,50579,卖盘
1197,13:51:24,13.67,--,40,54680,买盘
1198,13:51:21,13.67,0.01,269,367723,买盘
1199,13:51:18,13.66,--,876,1196616,卖盘
1200,13:51:15,13.66,--,161,219926,卖盘
1201,13:51:12,13.66,-0.01,430,587380,卖盘
1202,13:51:09,13.67,--,220,300740,买盘
1203,13:51:06,13.67,0.01,42,57414,买盘
1204,13:51:03,13.66,-0.01,108,147528,卖盘
1205,13:51:00,13.67,-0.01,1560,2132520,卖盘
1206,13:50:57,13.68,--,116,158688,买盘
1207,13:50:54,13.68,--,85,116280,买盘
1208,13:50:51,13.68,-0.01,103,140904,卖盘
1209,13:50:48,13.69,0.01,642,878898,买盘
1210,13:50:45,13.68,-0.01,40,54720,卖盘
1211,13:50:42,13.69,--,63,86247,买盘
1212,13:50:39,13.69,--,5,6845,买盘
1213,13:50:36,13.69,-0.02,1225,1677025,卖盘
1214,13:50:33,13.71,0.01,131,179601,买盘
1215,13:50:30,13.7,--,383,524710,卖盘
1216,13:50:27,13.7,-0.01,2451,3357870,卖盘
1217,13:50:24,13.71,--,2881,3949851,买盘
1218,13:50:21,13.71,--,10,13710,买盘
1219,13:50:18,13.71,--,20,27420,买盘
1220,13:50:15,13.71,0.01,134,183714,中性盘
1221,13:50:12,13.7,--,1,1370,卖盘
1222,13:50:09,13.7,-0.02,511,700070,卖盘
1223,13:50:06,13.72,0.01,87,119364,买盘
1224,13:50:03,13.71,--,37,50727,卖盘
1225,13:50:00,13.71,--,85,116535,卖盘
1226,13:49:57,13.71,--,862,1181802,卖盘
1227,13:49:54,13.71,--,3,4113,卖盘
1228,13:49:51,13.71,--,409,560739,卖盘
1229,13:49:48,13.71,-0.01,82,112422,卖盘
1230,13:49:42,13.72,--,82,112504,买盘
1231,13:49:39,13.72,--,1346,1848042,卖盘
1232,13:49:36,13.72,-0.01,147,201684,卖盘
1233,13:49:33,13.73,0.01,132,181236,买盘
1234,13:49:30,13.72,-0.01,23,31556,卖盘
1235,13:49:27,13.73,0.01,11,15103,买盘
1236,13:49:24,13.72,-0.01,5,6860,卖盘
1237,13:49:18,13.73,--,8,10984,买盘
1238,13:49:15,13.73,--,2,2746,买盘
1239,13:49:12,13.73,--,107,146911,买盘
1240,13:49:09,13.73,--,48,65904,买盘
1241,13:49:00,13.73,--,20,27460,买盘
1242,13:48:57,13.73,--,498,684440,卖盘
1243,13:48:54,13.73,--,3,4119,卖盘
1244,13:48:51,13.73,--,2,2746,卖盘
1245,13:48:48,13.73,--,59,81007,卖盘
1246,13:48:45,13.73,--,58,79634,卖盘
1247,13:48:39,13.73,--,45,61785,卖盘
1248,13:48:36,13.73,--,183,251945,买盘
1249,13:48:33,13.73,--,8,10984,买盘
1250,13:48:30,13.73,--,4,5492,买盘
1251,13:48:27,13.73,-0.01,347,477117,卖盘
1252,13:48:24,13.74,0.01,90,123660,买盘
1253,13:48:21,13.73,--,2,2746,卖盘
1254,13:48:12,13.73,--,21,28833,卖盘
1255,13:48:09,13.73,--,50,68650,卖盘
1256,13:48:06,13.73,--,2,2746,卖盘
1257,13:48:00,13.73,-0.01,39,53547,卖盘
1258,13:47:57,13.74,0.01,197,270678,买盘
1259,13:47:54,13.73,--,1,1373,卖盘
1260,13:47:48,13.73,--,40,54920,卖盘
1261,13:47:45,13.73,--,145,199085,卖盘
1262,13:47:42,13.73,--,69,94737,卖盘
1263,13:47:39,13.73,-0.01,55,75515,卖盘
1264,13:47:36,13.74,0.01,7,9618,买盘
1265,13:47:33,13.73,-0.01,20,27460,卖盘
1266,13:47:30,13.74,0.01,26,35724,买盘
1267,13:47:27,13.73,--,20,27460,卖盘
1268,13:47:24,13.73,--,9,12357,卖盘
1269,13:47:21,13.73,-0.01,3,4119,卖盘
1270,13:47:18,13.74,--,30,41220,买盘
1271,13:47:15,13.74,0.01,10,13740,买盘
1272,13:47:12,13.73,-0.01,19,26087,卖盘
1273,13:47:09,13.74,0.01,80,109920,买盘
1274,13:47:06,13.73,--,47,64531,卖盘
1275,13:46:54,13.73,--,50,68650,卖盘
1276,13:46:51,13.73,--,33,45309,卖盘
1277,13:46:48,13.73,-0.01,64,87872,卖盘
1278,13:46:45,13.74,0.01,9,12366,买盘
1279,13:46:42,13.73,-0.01,29,39817,卖盘
1280,13:46:39,13.74,0.01,91,125034,买盘
1281,13:46:36,13.73,--,62,85126,卖盘
1282,13:46:27,13.73,--,38,52174,卖盘
1283,13:46:21,13.73,--,37,50801,卖盘
1284,13:46:18,13.73,--,5,6865,卖盘
1285,13:46:12,13.73,-0.01,27,37071,卖盘
1286,13:46:06,13.74,0.01,58,79692,买盘
1287,13:46:03,13.73,-0.01,16,21968,卖盘
1288,13:46:00,13.74,0.01,11,15114,买盘
1289,13:45:57,13.73,--,24,32952,卖盘
1290,13:45:54,13.73,0.01,101,139359,卖盘
1291,13:45:51,13.72,--,10,13720,卖盘
1292,13:45:48,13.72,-0.02,33,45276,卖盘
1293,13:45:45,13.74,0.02,101,138774,买盘
1294,13:45:42,13.72,--,103,141316,卖盘
1295,13:45:39,13.72,--,32,43904,卖盘
1296,13:45:36,13.72,--,94,128968,卖盘
1297,13:45:33,13.72,-0.01,5,6860,卖盘
1298,13:45:30,13.73,0.01,20,27460,买盘
1299,13:45:27,13.72,--,61,83692,卖盘
1300,13:45:24,13.72,-0.02,16,21952,卖盘
1301,13:45:21,13.74,0.02,88,120912,买盘
1302,13:45:18,13.72,-0.01,119,163268,卖盘
1303,13:45:15,13.73,0.01,31,42563,买盘
1304,13:45:09,13.72,-0.01,64,87808,卖盘
1305,13:45:06,13.73,0.01,50,68650,买盘
1306,13:45:03,13.72,-0.01,100,137200,卖盘
1307,13:45:00,13.73,0.01,2,2746,买盘
1308,13:44:51,13.72,-0.01,140,192080,卖盘
1309,13:44:45,13.73,--,566,777118,卖盘
1310,13:44:42,13.73,-0.02,28,38444,中性盘
1311,13:44:39,13.75,0.02,127,174625,买盘
1312,13:44:36,13.73,--,44,60412,买盘
1313,13:44:33,13.73,0.01,95,130435,中性盘
1314,13:44:30,13.72,-0.01,152,208544,卖盘
1315,13:44:27,13.73,0.01,10,13730,中性盘
1316,13:44:24,13.72,-0.01,44,60368,卖盘
1317,13:44:21,13.73,--,19,26087,卖盘
1318,13:44:18,13.73,--,3,4119,卖盘
1319,13:44:15,13.73,0.01,10,13771,买盘
1320,13:44:12,13.72,--,19,26068,卖盘
1321,13:44:06,13.72,-0.01,136,186592,卖盘
1322,13:44:03,13.73,--,961,1319453,卖盘
1323,13:44:00,13.73,--,97,133181,卖盘
1324,13:43:57,13.73,-0.01,73,100229,卖盘
1325,13:43:54,13.74,0.01,10,13740,中性盘
1326,13:43:51,13.73,-0.01,43,59039,卖盘
1327,13:43:48,13.74,--,62,85188,卖盘
1328,13:43:45,13.74,--,24,32976,卖盘
1329,13:43:42,13.74,0.01,98,134652,卖盘
1330,13:43:39,13.73,-0.02,45,61785,卖盘
1331,13:43:36,13.75,--,11,15125,买盘
1332,13:43:30,13.75,0.01,69,94875,买盘
1333,13:43:27,13.74,--,39,53586,买盘
1334,13:43:24,13.74,-0.01,23,31602,卖盘
1335,13:43:21,13.75,0.01,110,151250,买盘
1336,13:43:18,13.74,--,172,236328,卖盘
1337,13:43:15,13.74,--,38,52212,卖盘
1338,13:43:12,13.74,--,19,26106,卖盘
1339,13:43:09,13.74,--,59,81066,卖盘
1340,13:43:03,13.74,--,60,82440,卖盘
1341,13:43:00,13.74,--,66,90684,卖盘
1342,13:42:57,13.74,--,121,166254,卖盘
1343,13:42:54,13.74,--,10,13740,卖盘
1344,13:42:51,13.74,--,53,72822,卖盘
1345,13:42:48,13.74,--,154,211596,卖盘
1346,13:42:45,13.74,--,42,57708,卖盘
1347,13:42:42,13.74,--,34,46716,卖盘
1348,13:42:39,13.74,--,58,79692,卖盘
1349,13:42:36,13.74,-0.01,361,496014,卖盘
1350,13:42:33,13.75,0.01,56,77000,买盘
1351,13:42:27,13.74,--,5,6870,卖盘
1352,13:42:18,13.74,--,18,24732,卖盘
1353,13:42:15,13.74,--,14,19236,卖盘
1354,13:42:12,13.74,-0.01,50,68700,卖盘
1355,13:42:09,13.75,--,2,2750,买盘
1356,13:42:06,13.75,0.01,162,222750,买盘
1357,13:42:03,13.74,--,45,61830,卖盘
1358,13:42:00,13.74,-0.01,41,56334,卖盘
1359,13:41:57,13.75,0.01,4,5500,买盘
1360,13:41:54,13.74,--,4,5496,卖盘
1361,13:41:51,13.74,-0.01,115,158010,卖盘
1362,13:41:48,13.75,0.01,1,1375,买盘
1363,13:41:45,13.74,-0.01,58,79692,卖盘
1364,13:41:42,13.75,0.01,119,163625,买盘
1365,13:41:39,13.74,--,6,8244,卖盘
1366,13:41:36,13.74,--,79,108546,卖盘
1367,13:41:33,13.74,--,172,236328,卖盘
1368,13:41:30,13.74,--,30,41220,卖盘
1369,13:41:27,13.74,--,14,19236,卖盘
1370,13:41:24,13.74,-0.01,15,20610,卖盘
1371,13:41:18,13.75,--,796,1094500,卖盘
1372,13:41:12,13.75,-0.01,236,324500,卖盘
1373,13:41:09,13.76,-0.01,20,27520,买盘
1374,13:41:06,13.77,0.02,3,4131,买盘
1375,13:41:03,13.75,--,45,61875,卖盘
1376,13:41:00,13.75,-0.02,8,11000,卖盘
1377,13:40:57,13.77,0.01,75,103275,买盘
1378,13:40:54,13.76,--,35,48160,卖盘
1379,13:40:51,13.76,-0.01,122,167872,卖盘
1380,13:40:48,13.77,0.01,1,1377,买盘
1381,13:40:42,13.76,--,99,136224,卖盘
1382,13:40:39,13.76,--,21,28896,卖盘
1383,13:40:36,13.76,--,71,97696,卖盘
1384,13:40:30,13.76,-0.01,45,61920,卖盘
1385,13:40:24,13.77,--,48,66151,卖盘
1386,13:40:18,13.77,--,46,64663,买盘
1387,13:40:15,13.77,0.01,88,121176,买盘
1388,13:40:12,13.76,--,16,22016,卖盘
1389,13:40:09,13.76,--,19,26144,卖盘
1390,13:40:06,13.76,--,44,60544,卖盘
1391,13:40:03,13.76,-0.01,54,74304,卖盘
1392,13:40:00,13.77,--,18,24786,买盘
1393,13:39:57,13.77,0.01,26,35802,买盘
1394,13:39:54,13.76,-0.01,10,13760,卖盘
1395,13:39:51,13.77,--,23,31671,买盘
1396,13:39:48,13.77,0.01,1,1377,买盘
1397,13:39:45,13.76,-0.01,52,71552,卖盘
1398,13:39:39,13.77,-0.01,19,26163,卖盘
1399,13:39:36,13.78,0.02,90,124020,买盘
1400,13:39:33,13.76,--,59,81184,卖盘
1401,13:39:30,13.76,--,45,61920,卖盘
1402,13:39:24,13.76,--,24,33024,卖盘
1403,13:39:21,13.76,--,116,159616,卖盘
1404,13:39:18,13.76,-0.01,5,6880,卖盘
1405,13:39:15,13.77,--,1,1377,买盘
1406,13:39:09,13.77,0.01,128,176256,买盘
1407,13:39:06,13.76,--,11,15136,卖盘
1408,13:39:03,13.76,-0.02,106,145856,卖盘
1409,13:39:00,13.78,--,89,122642,买盘
1410,13:38:57,13.78,0.02,56,77168,买盘
1411,13:38:54,13.76,-0.01,24,33024,卖盘
1412,13:38:51,13.77,--,6,8262,买盘
1413,13:38:48,13.77,0.01,1,1377,买盘
1414,13:38:45,13.76,--,15,20640,卖盘
1415,13:38:42,13.76,-0.01,29,39904,卖盘
1416,13:38:39,13.77,--,19,26163,卖盘
1417,13:38:36,13.77,--,8,11016,卖盘
1418,13:38:33,13.77,-0.01,68,93636,中性盘
1419,13:38:30,13.78,--,56,77168,买盘
1420,13:38:18,13.78,0.01,85,117130,买盘
1421,13:38:15,13.77,--,10,13770,买盘
1422,13:38:09,13.77,-0.01,8,11016,卖盘
1423,13:38:06,13.78,0.02,46,63388,买盘
1424,13:38:03,13.76,-0.01,55,75680,卖盘
1425,13:38:00,13.77,--,10,13770,卖盘
1426,13:37:57,13.77,0.01,95,130815,中性盘
1427,13:37:51,13.76,-0.02,23,31648,卖盘
1428,13:37:48,13.78,--,17,23426,买盘
1429,13:37:45,13.78,0.02,237,326586,买盘
1430,13:37:42,13.76,-0.01,28,38528,卖盘
1431,13:37:36,13.77,0.01,79,108783,买盘
1432,13:37:33,13.76,-0.01,78,107328,卖盘
1433,13:37:30,13.77,--,80,110160,卖盘
1434,13:37:24,13.77,--,65,89505,卖盘
1435,13:37:21,13.77,--,160,220320,买盘
1436,13:37:18,13.77,0.01,20,27540,买盘
1437,13:37:15,13.76,-0.01,142,195392,卖盘
1438,13:37:12,13.77,0.01,2,2754,买盘
1439,13:37:09,13.76,--,9,12384,卖盘
1440,13:37:06,13.76,-0.01,13,17888,卖盘
1441,13:37:03,13.77,--,56,77112,买盘
1442,13:37:00,13.77,0.01,92,126684,买盘
1443,13:36:57,13.76,-0.01,96,132096,卖盘
1444,13:36:51,13.77,0.01,34,46818,买盘
1445,13:36:48,13.76,-0.01,42,57792,卖盘
1446,13:36:45,13.77,0.01,5,6885,买盘
1447,13:36:42,13.76,-0.01,33,45408,卖盘
1448,13:36:39,13.77,0.01,6,8262,买盘
1449,13:36:36,13.76,--,11,15136,卖盘
1450,13:36:30,13.76,-0.01,157,216032,卖盘
1451,13:36:27,13.77,--,46,63342,卖盘
1452,13:36:18,13.77,--,9,12393,卖盘
1453,13:36:15,13.77,--,213,293301,买盘
1454,13:36:09,13.77,0.01,1,1377,买盘
1455,13:36:06,13.76,-0.01,50,68800,卖盘
1456,13:36:03,13.77,0.01,1,1377,买盘
1457,13:36:00,13.76,-0.01,10,13760,卖盘
1458,13:35:57,13.77,0.01,50,68850,买盘
1459,13:35:51,13.76,--,2,2752,卖盘
1460,13:35:48,13.76,--,38,52288,卖盘
1461,13:35:45,13.76,-0.01,10,13760,卖盘
1462,13:35:42,13.77,0.01,80,110160,买盘
1463,13:35:39,13.76,--,31,42656,卖盘
1464,13:35:36,13.76,--,9,12384,卖盘
1465,13:35:30,13.76,--,94,129344,卖盘
1466,13:35:27,13.76,--,2,2752,卖盘
1467,13:35:24,13.76,--,80,110080,卖盘
1468,13:35:21,13.76,--,13,17888,卖盘
1469,13:35:18,13.76,-0.01,17,23392,卖盘
1470,13:35:15,13.77,--,19,26163,买盘
1471,13:35:12,13.77,-0.01,269,370413,卖盘
1472,13:35:09,13.78,--,1,1378,买盘
1473,13:35:06,13.78,--,88,121264,买盘
1474,13:35:03,13.78,0.01,23,31694,买盘
1475,13:35:00,13.77,--,29,39933,卖盘
1476,13:34:57,13.77,-0.01,52,71604,卖盘
1477,13:34:54,13.78,--,3,4134,买盘
1478,13:34:48,13.78,--,1,1378,买盘
1479,13:34:45,13.78,0.01,40,55120,买盘
1480,13:34:42,13.77,-0.02,1,1377,卖盘
1481,13:34:36,13.79,0.02,114,157206,买盘
1482,13:34:33,13.77,--,38,52326,卖盘
1483,13:34:30,13.77,-0.02,77,106029,卖盘
1484,13:34:27,13.79,0.01,125,172375,买盘
1485,13:34:24,13.78,--,20,27560,卖盘
1486,13:34:21,13.78,--,30,41340,卖盘
1487,13:34:18,13.78,--,4,5512,卖盘
1488,13:34:15,13.78,0.01,62,85436,买盘
1489,13:34:09,13.77,-0.01,2,2754,卖盘
1490,13:34:03,13.78,0.01,1,1378,买盘
1491,13:34:00,13.77,-0.01,19,26163,卖盘
1492,13:33:57,13.78,-0.01,46,63388,卖盘
1493,13:33:54,13.79,--,2,2758,买盘
1494,13:33:51,13.79,0.01,88,121351,买盘
1495,13:33:48,13.78,--,1,1378,买盘
1496,13:33:45,13.78,-0.01,23,31694,卖盘
1497,13:33:42,13.79,0.01,10,13790,买盘
1498,13:33:36,13.78,--,9,12402,卖盘
1499,13:33:33,13.78,--,30,41340,卖盘
1500,13:33:30,13.78,-0.01,100,137800,卖盘
1501,13:33:27,13.79,--,45,62054,卖盘
1502,13:33:24,13.79,--,4,5516,卖盘
1503,13:33:21,13.79,--,21,28959,卖盘
1504,13:33:18,13.79,-0.01,15,20685,卖盘
1505,13:33:12,13.8,0.01,80,110400,买盘
1506,13:33:09,13.79,-0.01,1,1379,卖盘
1507,13:33:06,13.8,0.01,48,66240,买盘
1508,13:33:03,13.79,--,13,17927,卖盘
1509,13:33:00,13.79,--,19,26201,卖盘
1510,13:32:57,13.79,-0.01,10,13790,卖盘
1511,13:32:54,13.8,0.02,68,93840,买盘
1512,13:32:51,13.78,--,5,6890,卖盘
1513,13:32:48,13.78,-0.02,43,59254,卖盘
1514,13:32:45,13.8,0.02,45,62100,买盘
1515,13:32:42,13.78,-0.01,103,141934,卖盘
1516,13:32:39,13.79,--,65,89635,买盘
1517,13:32:36,13.79,0.01,99,136521,中性盘
1518,13:32:33,13.78,--,70,96460,卖盘
1519,13:32:30,13.78,--,19,26182,卖盘
1520,13:32:27,13.78,--,67,92326,卖盘
1521,13:32:24,13.78,-0.02,55,75790,卖盘
1522,13:32:18,13.8,0.02,81,111780,买盘
1523,13:32:06,13.78,-0.02,2,3445,卖盘
1524,13:32:03,13.8,--,125,172500,买盘
1525,13:32:00,13.8,--,277,382260,买盘
1526,13:31:57,13.8,0.01,81,111780,买盘
1527,13:31:54,13.79,--,564,777756,买盘
1528,13:31:51,13.79,--,76,104804,买盘
1529,13:31:48,13.79,0.01,1,1379,买盘
1530,13:31:45,13.78,--,58,79924,卖盘
1531,13:31:42,13.78,--,17,23426,卖盘
1532,13:31:39,13.78,-0.01,97,134355,卖盘
1533,13:31:36,13.79,0.01,101,139279,买盘
1534,13:31:30,13.78,-0.01,98,135044,中性盘
1535,13:31:27,13.79,0.02,66,91014,买盘
1536,13:31:24,13.77,--,98,134946,买盘
1537,13:31:21,13.77,0.01,125,172125,买盘
1538,13:31:18,13.76,-0.01,63,86688,卖盘
1539,13:31:12,13.77,-0.01,265,364905,卖盘
1540,13:31:06,13.78,--,1,1378,买盘
1541,13:31:03,13.78,0.01,2,2756,买盘
1542,13:31:00,13.77,--,18,24786,卖盘
1543,13:30:57,13.77,--,125,172125,卖盘
1544,13:30:54,13.77,--,86,118422,卖盘
1545,13:30:48,13.77,--,10,13770,卖盘
1546,13:30:45,13.77,-0.01,10,13770,卖盘
1547,13:30:42,13.78,0.01,155,213590,买盘
1548,13:30:39,13.77,0.01,99,136323,买盘
1549,13:30:36,13.76,-0.01,10,13760,卖盘
1550,13:30:33,13.77,0.01,13,17901,买盘
1551,13:30:30,13.76,-0.01,39,53664,卖盘
1552,13:30:27,13.77,--,57,78489,卖盘
1553,13:30:24,13.77,-0.01,14,19278,卖盘
1554,13:30:21,13.78,--,4,5512,卖盘
1555,13:30:18,13.78,--,15,20670,卖盘
1556,13:30:15,13.78,0.01,7,9646,买盘
1557,13:30:12,13.77,--,27,37179,卖盘
1558,13:30:09,13.77,--,75,103275,卖盘
1559,13:30:06,13.77,--,21,28917,卖盘
1560,13:30:03,13.77,--,98,134946,卖盘
1561,13:30:00,13.77,--,39,53703,卖盘
1562,13:29:54,13.77,-0.01,75,103275,卖盘
1563,13:29:48,13.78,--,2,2756,买盘
1564,13:29:45,13.78,--,4,5512,卖盘
1565,13:29:42,13.78,--,7,9646,买盘
1566,13:29:39,13.78,0.01,93,128154,买盘
1567,13:29:36,13.77,--,8,11016,卖盘
1568,13:29:33,13.77,--,34,46818,卖盘
1569,13:29:27,13.77,-0.01,167,229959,卖盘
1570,13:29:24,13.78,0.01,20,27560,买盘
1571,13:29:18,13.77,--,98,134946,卖盘
1572,13:29:15,13.77,--,31,42687,卖盘
1573,13:29:09,13.77,-0.01,38,52326,卖盘
1574,13:29:06,13.78,--,12,16536,买盘
1575,13:29:00,13.78,0.01,123,169494,买盘
1576,13:28:57,13.77,--,24,33048,卖盘
1577,13:28:51,13.77,-0.01,26,35802,中性盘
1578,13:28:42,13.78,0.02,94,129532,买盘
1579,13:28:39,13.76,-0.01,10,13760,卖盘
1580,13:28:36,13.77,--,37,50949,买盘
1581,13:28:33,13.77,--,18,24786,卖盘
1582,13:28:30,13.77,--,71,97767,卖盘
1583,13:28:27,13.77,0.01,48,66096,卖盘
1584,13:28:24,13.76,--,76,104576,卖盘
1585,13:28:18,13.76,-0.01,39,53664,卖盘
1586,13:28:15,13.77,-0.01,61,83997,卖盘
1587,13:28:12,13.78,--,42,57876,买盘
1588,13:28:09,13.78,--,82,112996,买盘
1589,13:28:06,13.78,0.02,20,27560,买盘
1590,13:28:00,13.76,-0.01,819,1126944,卖盘
1591,13:27:57,13.77,--,19,26163,卖盘
1592,13:27:54,13.77,-0.01,10,13770,卖盘
1593,13:27:51,13.78,--,31,42718,买盘
1594,13:27:48,13.78,--,2,2756,买盘
1595,13:27:39,13.78,0.01,2,2756,买盘
1596,13:27:36,13.77,--,17,23409,卖盘
1597,13:27:30,13.77,--,39,53703,卖盘
1598,13:27:27,13.77,--,111,152847,卖盘
1599,13:27:24,13.77,--,15,20655,卖盘
1600,13:27:18,13.77,-0.02,79,108783,卖盘
1601,13:27:15,13.79,0.02,51,71018,买盘
1602,13:27:12,13.77,-0.02,17,23409,卖盘
1603,13:27:03,13.79,0.01,2,2758,买盘
1604,13:26:57,13.78,--,49,67522,卖盘
1605,13:26:54,13.78,-0.01,17,23426,卖盘
1606,13:26:51,13.79,0.01,230,317170,买盘
1607,13:26:48,13.78,--,2,2756,卖盘
1608,13:26:45,13.78,-0.01,30,41340,卖盘
1609,13:26:39,13.79,0.01,11,15168,买盘
1610,13:26:36,13.78,--,9,12402,卖盘
1611,13:26:30,13.78,--,10,13780,卖盘
1612,13:26:27,13.78,--,37,50986,卖盘
1613,13:26:24,13.78,0.01,45,62010,买盘
1614,13:26:21,13.77,-0.01,59,81243,卖盘
1615,13:26:18,13.78,--,57,78546,买盘
1616,13:26:12,13.78,-0.01,5,6890,卖盘
1617,13:26:09,13.79,--,2,2758,买盘
1618,13:26:06,13.79,0.01,91,125488,买盘
1619,13:26:03,13.78,--,2,2756,买盘
1620,13:26:00,13.78,--,5,6890,卖盘
1621,13:25:57,13.78,-0.01,29,39962,卖盘
1622,13:25:54,13.79,--,3,4137,买盘
1623,13:25:51,13.79,--,1,1379,买盘
1624,13:25:48,13.79,--,1,1379,买盘
1625,13:25:36,13.79,0.02,90,124109,买盘
1626,13:25:33,13.77,--,8,11016,卖盘
1627,13:25:24,13.77,--,28,38556,卖盘
1628,13:25:15,13.77,-0.01,87,119799,卖盘
1629,13:25:12,13.78,-0.01,15,20670,卖盘
1630,13:24:57,13.79,--,11,15168,买盘
1631,13:24:51,13.79,--,90,124109,买盘
1632,13:24:48,13.79,--,45,62054,买盘
1633,13:24:45,13.79,--,60,82740,买盘
1634,13:24:42,13.79,--,8,11032,买盘
1635,13:24:39,13.79,0.01,35,48265,买盘
1636,13:24:36,13.78,0.01,6,8268,卖盘
1637,13:24:30,13.77,0.01,7,10327,中性盘
1638,13:24:21,13.76,--,112,154112,卖盘
1639,13:24:18,13.76,-0.01,64,88064,卖盘
1640,13:24:09,13.77,0.01,2,2754,中性盘
1641,13:23:57,13.76,--,35,48160,卖盘
1642,13:23:54,13.76,-0.03,7,9632,卖盘
1643,13:23:48,13.79,0.03,19,26201,买盘
1644,13:23:45,13.76,--,22,30272,卖盘
1645,13:23:39,13.76,-0.03,10,13760,卖盘
1646,13:23:36,13.79,0.03,100,137900,买盘
1647,13:23:33,13.76,--,3,4128,卖盘
1648,13:23:27,13.76,--,31,42656,卖盘
1649,13:23:24,13.76,-0.01,165,227040,卖盘
1650,13:23:21,13.77,0.01,3,4131,买盘
1651,13:23:18,13.76,-0.01,1,1376,卖盘
1652,13:23:15,13.77,-0.01,45,61965,卖盘
1653,13:23:12,13.78,-0.01,20,27560,卖盘
1654,13:23:09,13.79,0.01,82,113078,买盘
1655,13:23:06,13.78,--,9,12402,卖盘
1656,13:23:00,13.78,--,140,192920,卖盘
1657,13:22:57,13.78,--,8,11024,卖盘
1658,13:22:54,13.78,-0.01,10,13780,卖盘
1659,13:22:48,13.79,0.01,1,1379,买盘
1660,13:22:36,13.78,--,19,26182,卖盘
1661,13:22:33,13.78,--,10,13780,卖盘
1662,13:22:30,13.78,--,50,68900,卖盘
1663,13:22:21,13.78,-0.01,5,6890,卖盘
1664,13:22:18,13.79,0.01,5,6895,买盘
1665,13:22:15,13.78,--,149,205322,卖盘
1666,13:22:12,13.78,--,68,93704,卖盘
1667,13:22:09,13.78,-0.01,60,82680,卖盘
1668,13:22:06,13.79,--,1,1379,买盘
1669,13:21:54,13.79,0.01,5,6895,买盘
1670,13:21:51,13.78,-0.02,147,202566,卖盘
1671,13:21:48,13.8,0.01,284,391920,买盘
1672,13:21:45,13.79,0.01,1,1379,买盘
1673,13:21:39,13.78,--,2,2756,卖盘
1674,13:21:36,13.78,-0.01,81,111618,卖盘
1675,13:21:33,13.79,--,4,5516,卖盘
1676,13:21:30,13.79,--,12,16548,卖盘
1677,13:21:27,13.79,0.01,2,2758,卖盘
1678,13:21:24,13.78,-0.01,151,208078,卖盘
1679,13:21:21,13.79,--,36,49644,卖盘
1680,13:21:18,13.79,--,17,23443,卖盘
1681,13:21:15,13.79,--,73,100667,卖盘
1682,13:21:12,13.79,--,14,19306,卖盘
1683,13:21:09,13.79,-0.01,35,48265,卖盘
1684,13:21:03,13.8,--,61,84180,买盘
1685,13:20:57,13.8,0.01,98,135240,买盘
1686,13:20:54,13.79,0.01,4,5516,买盘
1687,13:20:48,13.78,-0.01,6,8268,卖盘
1688,13:20:42,13.79,0.01,10,13790,买盘
1689,13:20:39,13.78,0.01,3,4134,买盘
1690,13:20:36,13.77,-0.03,8,11016,卖盘
1691,13:20:33,13.8,0.02,80,110400,买盘
1692,13:20:30,13.78,--,3,4134,买盘
1693,13:20:24,13.78,-0.01,11,15158,卖盘
1694,13:20:21,13.79,0.01,3,4137,中性盘
1695,13:20:18,13.78,--,81,111618,卖盘
1696,13:20:15,13.78,-0.01,1,1378,卖盘
1697,13:20:12,13.79,0.01,29,39991,买盘
1698,13:20:09,13.78,-0.01,59,81302,卖盘
1699,13:20:00,13.79,-0.01,3,4137,买盘
1700,13:19:54,13.8,0.01,8,11040,买盘
1701,13:19:51,13.79,--,10,13790,买盘
1702,13:19:48,13.79,--,10,13790,买盘
1703,13:19:45,13.79,--,3,4137,买盘
1704,13:19:42,13.79,0.03,101,139279,买盘
1705,13:19:39,13.76,-0.03,1,1376,卖盘
1706,13:19:36,13.79,--,25,34475,买盘
1707,13:19:30,13.79,--,8,11032,买盘
1708,13:19:27,13.79,-0.01,47,64812,卖盘
1709,13:19:21,13.8,0.03,92,126960,买盘
1710,13:19:18,13.77,-0.02,191,263007,卖盘
1711,13:19:15,13.79,0.02,4,5516,中性盘
1712,13:19:12,13.77,-0.02,69,95013,卖盘
1713,13:19:09,13.79,0.02,2,2758,中性盘
1714,13:19:06,13.77,-0.02,47,65407,卖盘
1715,13:19:03,13.79,--,3,4137,卖盘
1716,13:19:00,13.79,--,5,7584,买盘
1717,13:18:57,13.79,--,5,7584,卖盘
1718,13:18:54,13.79,--,3,4137,卖盘
1719,13:18:51,13.79,-0.01,19,26201,卖盘
1720,13:18:48,13.8,0.01,1,1380,买盘
1721,13:18:45,13.79,--,15,20685,卖盘
1722,13:18:42,13.79,--,12,16548,卖盘
1723,13:18:39,13.79,--,2,2758,卖盘
1724,13:18:36,13.79,--,50,69639,买盘
1725,13:18:27,13.79,--,20,27580,买盘
1726,13:18:24,13.79,0.01,111,153069,买盘
1727,13:18:21,13.78,--,1,1378,卖盘
1728,13:18:18,13.78,0.01,31,42718,卖盘
1729,13:18:15,13.77,--,5,6885,卖盘
1730,13:18:12,13.77,-0.02,33,45441,卖盘
1731,13:18:09,13.79,--,66,91014,买盘
1732,13:18:03,13.79,--,100,137900,买盘
1733,13:18:00,13.79,0.02,80,110320,买盘
1734,13:17:57,13.77,--,25,34425,卖盘
1735,13:17:54,13.77,-0.01,56,77112,卖盘
1736,13:17:51,13.78,0.01,19,26182,买盘
1737,13:17:48,13.77,-0.01,4,5508,卖盘
1738,13:17:45,13.78,--,9,12402,买盘
1739,13:17:39,13.78,--,91,125398,卖盘
1740,13:17:36,13.78,--,17,23426,卖盘
1741,13:17:33,13.78,--,23,31694,卖盘
1742,13:17:27,13.78,-0.01,4,5512,卖盘
1743,13:17:24,13.79,--,40,55849,卖盘
1744,13:17:21,13.79,0.02,9,13100,中性盘
1745,13:17:15,13.77,-0.01,70,96390,卖盘
1746,13:17:12,13.78,-0.02,10,13780,中性盘
1747,13:17:06,13.8,0.04,105,144900,买盘
1748,13:17:03,13.76,-0.04,64,88064,卖盘
1749,13:16:54,13.8,--,52,71760,买盘
1750,13:16:51,13.8,--,20,27600,买盘
1751,13:16:48,13.8,--,6,8280,买盘
1752,13:16:45,13.8,--,120,165600,买盘
1753,13:16:42,13.8,0.02,40,55200,买盘
1754,13:16:39,13.78,-0.02,1,1378,卖盘
1755,13:16:36,13.8,--,404,558651,卖盘
1756,13:16:33,13.8,--,3,4140,卖盘
1757,13:16:30,13.8,--,15,20700,卖盘
1758,13:16:24,13.8,--,13,17940,卖盘
1759,13:16:21,13.8,0.04,552,762008,买盘
1760,13:16:18,13.76,0.01,8,11503,买盘
1761,13:16:15,13.75,-0.01,32,44000,卖盘
1762,13:16:12,13.76,0.01,21,28896,买盘
1763,13:16:09,13.75,-0.01,73,100375,卖盘
1764,13:16:06,13.76,--,73,100448,买盘
1765,13:16:03,13.76,0.01,31,42656,买盘
1766,13:15:54,13.75,-0.01,2,2750,卖盘
1767,13:15:51,13.76,0.02,141,194016,买盘
1768,13:15:48,13.74,-0.02,17,23358,卖盘
1769,13:15:45,13.76,0.02,894,1230144,买盘
1770,13:15:39,13.74,--,5,6870,卖盘
1771,13:15:36,13.74,--,85,116790,卖盘
1772,13:15:33,13.74,-0.01,31,42594,卖盘
1773,13:15:18,13.75,0.01,30,41250,买盘
1774,13:15:15,13.74,--,49,67326,卖盘
1775,13:15:09,13.74,--,5,6870,卖盘
1776,13:15:06,13.74,-0.01,38,52212,卖盘
1777,13:15:03,13.75,0.01,9,12375,买盘
1778,13:15:00,13.74,--,62,85188,卖盘
1779,13:14:51,13.74,-0.02,7,9618,卖盘
1780,13:14:48,13.76,0.02,73,100448,买盘
1781,13:14:45,13.74,-0.01,3,4122,卖盘
1782,13:14:42,13.75,0.01,10,13750,买盘
1783,13:14:39,13.74,--,7,9618,卖盘
1784,13:14:33,13.74,-0.01,107,147018,卖盘
1785,13:14:30,13.75,--,11,15125,卖盘
1786,13:14:27,13.75,--,1,1375,卖盘
1787,13:14:24,13.75,0.01,5,6875,中性盘
1788,13:14:15,13.74,-0.02,2,2748,卖盘
1789,13:14:12,13.76,0.02,92,126592,买盘
1790,13:14:09,13.74,--,16,21984,卖盘
1791,13:14:06,13.74,--,49,67326,卖盘
1792,13:14:00,13.74,--,79,108546,卖盘
1793,13:13:57,13.74,-0.01,5,6870,卖盘
1794,13:13:54,13.75,0.01,19,26125,买盘
1795,13:13:51,13.74,--,2,2748,卖盘
1796,13:13:45,13.74,-0.01,4,5496,卖盘
1797,13:13:42,13.75,0.01,2,2750,买盘
1798,13:13:39,13.74,0.01,2,2748,卖盘
1799,13:13:36,13.73,--,15,20595,卖盘
1800,13:13:33,13.73,--,2,2746,卖盘
1801,13:13:27,13.73,-0.02,11,15103,卖盘
1802,13:13:24,13.75,--,20,27500,买盘
1803,13:13:18,13.75,0.02,44,60500,买盘
1804,13:13:15,13.73,--,102,140046,卖盘
1805,13:13:12,13.73,-0.02,321,440733,卖盘
1806,13:13:09,13.75,0.02,16,22000,买盘
1807,13:13:06,13.73,-0.01,41,56293,卖盘
1808,13:13:03,13.74,0.01,15,20610,买盘
1809,13:13:00,13.73,-0.01,78,107094,卖盘
1810,13:12:57,13.74,-0.01,2,2748,卖盘
1811,13:12:54,13.75,--,82,112750,买盘
1812,13:12:51,13.75,--,1,1375,买盘
1813,13:12:48,13.75,--,10,13750,买盘
1814,13:12:45,13.75,0.02,2,2750,买盘
1815,13:12:42,13.73,-0.01,10,13730,卖盘
1816,13:12:39,13.74,--,20,27480,卖盘
1817,13:12:36,13.74,--,16,21984,卖盘
1818,13:12:33,13.74,--,77,105798,卖盘
1819,13:12:24,13.74,--,22,30228,买盘
1820,13:12:21,13.74,--,6,8244,买盘
1821,13:12:15,13.74,--,19,26106,买盘
1822,13:12:12,13.74,0.01,2,2748,买盘
1823,13:12:06,13.73,--,36,49428,卖盘
1824,13:12:03,13.73,-0.02,67,91991,卖盘
1825,13:12:00,13.75,0.02,152,209000,买盘
1826,13:11:57,13.73,-0.01,47,64531,卖盘
1827,13:11:54,13.74,--,5,6870,买盘
1828,13:11:51,13.74,0.01,51,70074,买盘
1829,13:11:45,13.73,--,19,26087,卖盘
1830,13:11:42,13.73,--,99,135927,卖盘
1831,13:11:39,13.73,--,10,13730,卖盘
1832,13:11:36,13.73,--,90,123570,卖盘
1833,13:11:33,13.73,-0.01,18,24714,卖盘
1834,13:11:27,13.74,0.01,1,1374,买盘
1835,13:11:24,13.73,--,182,249886,买盘
1836,13:11:21,13.73,0.01,5,6865,买盘
1837,13:11:18,13.72,--,22,30184,卖盘
1838,13:11:15,13.72,-0.01,30,41160,卖盘
1839,13:11:09,13.73,0.01,14,19222,买盘
1840,13:11:06,13.72,-0.01,54,74088,卖盘
1841,13:11:03,13.73,-0.02,1,1373,中性盘
1842,13:11:00,13.75,0.02,114,157437,买盘
1843,13:10:57,13.73,--,8,10984,卖盘
1844,13:10:54,13.73,--,10,13730,卖盘
1845,13:10:51,13.73,--,70,96110,卖盘
1846,13:10:48,13.73,--,36,49428,卖盘
1847,13:10:45,13.73,-0.01,542,744166,卖盘
1848,13:10:42,13.74,0.01,100,137400,买盘
1849,13:10:36,13.73,--,18,24714,卖盘
1850,13:10:33,13.73,-0.01,5,6865,卖盘
1851,13:10:30,13.74,--,15,20610,买盘
1852,13:10:27,13.74,--,1,1374,买盘
1853,13:10:24,13.74,0.01,5,6870,买盘
1854,13:10:21,13.73,--,180,247140,卖盘
1855,13:10:18,13.73,-0.01,33,45309,卖盘
1856,13:10:15,13.74,0.01,89,122286,买盘
1857,13:10:09,13.73,--,102,140046,卖盘
1858,13:10:06,13.73,-0.01,131,179863,卖盘
1859,13:10:03,13.74,--,8,10992,买盘
1860,13:10:00,13.74,--,91,125034,卖盘
1861,13:09:57,13.74,--,79,108546,卖盘
1862,13:09:51,13.74,--,1,1374,卖盘
1863,13:09:48,13.74,--,5,6870,卖盘
1864,13:09:42,13.74,--,65,89310,买盘
1865,13:09:39,13.74,0.01,21,28854,买盘
1866,13:09:36,13.73,--,9,12357,卖盘
1867,13:09:33,13.73,-0.01,12,16476,卖盘
1868,13:09:30,13.74,0.01,1,1374,买盘
1869,13:09:27,13.73,--,358,491534,卖盘
1870,13:09:24,13.73,--,96,131808,卖盘
1871,13:09:18,13.73,--,17,23341,买盘
1872,13:09:15,13.73,--,24,32952,卖盘
1873,13:09:09,13.73,0.01,62,85126,买盘
1874,13:09:06,13.72,-0.02,127,174244,卖盘
1875,13:09:03,13.74,0.01,18,24732,买盘
1876,13:09:00,13.73,--,12,16476,卖盘
1877,13:08:57,13.73,--,7,9611,卖盘
1878,13:08:54,13.73,--,61,83753,卖盘
1879,13:08:51,13.73,-0.01,7,9611,卖盘
1880,13:08:45,13.74,--,35,48090,卖盘
1881,13:08:42,13.74,--,50,68700,卖盘
1882,13:08:36,13.74,--,59,81066,卖盘
1883,13:08:33,13.74,0.01,157,215718,买盘
1884,13:08:30,13.73,--,90,123570,卖盘
1885,13:08:27,13.73,-0.01,2,2746,卖盘
1886,13:08:24,13.74,0.01,2552,3506448,买盘
1887,13:08:21,13.73,--,30,41190,卖盘
1888,13:08:18,13.73,--,8,10984,卖盘
1889,13:08:15,13.73,-0.01,63,86499,卖盘
1890,13:08:09,13.74,0.01,100,137400,买盘
1891,13:08:06,13.73,--,36,49428,卖盘
1892,13:08:03,13.73,--,79,108467,卖盘
1893,13:08:00,13.73,-0.01,95,130435,卖盘
1894,13:07:57,13.74,0.01,1,1374,中性盘
1895,13:07:54,13.73,-0.02,68,93364,卖盘
1896,13:07:51,13.75,0.02,83,114125,买盘
1897,13:07:48,13.73,--,1,1373,卖盘
1898,13:07:45,13.73,-0.01,20,27460,卖盘
1899,13:07:42,13.74,--,178,244572,卖盘
1900,13:07:39,13.74,--,1,1374,卖盘
1901,13:07:36,13.74,-0.01,13,17862,卖盘
1902,13:07:33,13.75,--,96,132000,买盘
1903,13:07:30,13.75,0.01,54,74250,买盘
1904,13:07:27,13.74,--,24,32976,卖盘
1905,13:07:24,13.74,--,310,425940,卖盘
1906,13:07:21,13.74,--,38,52212,卖盘
1907,13:07:18,13.74,0.01,25,34350,买盘
1908,13:07:15,13.73,-0.01,31,42563,卖盘
1909,13:07:09,13.74,-0.01,426,585324,卖盘
1910,13:07:06,13.75,0.01,17,23375,买盘
1911,13:07:03,13.74,-0.01,59,81066,卖盘
1912,13:07:00,13.75,--,45,61875,买盘
1913,13:06:54,13.75,0.01,91,125125,买盘
1914,13:06:51,13.74,-0.01,59,81066,卖盘
1915,13:06:42,13.75,--,53,73562,卖盘
1916,13:06:39,13.75,--,203,279125,卖盘
1917,13:06:36,13.75,--,10,13750,卖盘
1918,13:06:33,13.75,-0.01,170,233750,卖盘
1919,13:06:30,13.76,0.01,14,19264,买盘
1920,13:06:24,13.75,--,12,16500,卖盘
1921,13:06:18,13.75,--,42,57750,卖盘
1922,13:06:15,13.75,--,216,297000,卖盘
1923,13:06:12,13.75,--,3,4125,卖盘
1924,13:06:03,13.75,-0.01,9,12375,卖盘
1925,13:06:00,13.76,--,3,4128,买盘
1926,13:05:57,13.76,0.01,53,72928,买盘
1927,13:05:54,13.75,--,43,59125,卖盘
1928,13:05:51,13.75,--,85,116875,卖盘
1929,13:05:48,13.75,-0.01,32,44000,卖盘
1930,13:05:45,13.76,--,111,152736,买盘
1931,13:05:42,13.76,0.01,5,6880,买盘
1932,13:05:39,13.75,--,41,56375,卖盘
1933,13:05:36,13.75,-0.01,41,56375,卖盘
1934,13:05:33,13.76,0.01,118,162368,买盘
1935,13:05:30,13.75,--,16,22000,卖盘
1936,13:05:27,13.75,--,96,132000,卖盘
1937,13:05:21,13.75,-0.01,49,67375,卖盘
1938,13:05:18,13.76,--,80,110080,买盘
1939,13:05:15,13.76,0.01,52,71552,买盘
1940,13:05:12,13.75,--,7,10312,卖盘
1941,13:05:09,13.75,--,44,60500,卖盘
1942,13:05:06,13.75,-0.01,29,39875,卖盘
1943,13:05:03,13.76,0.01,8,11008,买盘
1944,13:05:00,13.75,-0.01,19,26125,卖盘
1945,13:04:57,13.76,0.01,716,985216,买盘
1946,13:04:54,13.75,--,63,86625,卖盘
1947,13:04:51,13.75,-0.01,3,4125,卖盘
1948,13:04:48,13.76,--,75,103200,买盘
1949,13:04:45,13.76,--,270,371960,卖盘
1950,13:04:42,13.76,-0.02,23,31648,卖盘
1951,13:04:39,13.78,0.02,5,6890,买盘
1952,13:04:36,13.76,--,2,2752,卖盘
1953,13:04:33,13.76,-0.02,151,207776,卖盘
1954,13:04:30,13.78,0.01,5,6890,买盘
1955,13:04:27,13.77,--,22,30294,卖盘
1956,13:04:24,13.77,--,2,2754,卖盘
1957,13:04:21,13.77,--,10,13770,卖盘
1958,13:04:18,13.77,-0.01,51,70227,中性盘
1959,13:04:15,13.78,0.02,99,136422,买盘
1960,13:04:12,13.76,--,1,1376,卖盘
1961,13:04:09,13.76,--,109,149984,卖盘
1962,13:04:06,13.76,-0.01,1,1376,卖盘
1963,13:04:03,13.77,--,101,139077,买盘
1964,13:04:00,13.77,0.01,3,4131,买盘
1965,13:03:54,13.76,-0.01,32,44032,卖盘
1966,13:03:51,13.77,0.01,46,63342,买盘
1967,13:03:48,13.76,-0.01,104,143104,卖盘
1968,13:03:42,13.77,--,30,41310,买盘
1969,13:03:39,13.77,0.01,5,6885,买盘
1970,13:03:36,13.76,-0.01,97,133472,卖盘
1971,13:03:33,13.77,--,26,35802,卖盘
1972,13:03:30,13.77,0.01,42,57834,买盘
1973,13:03:27,13.76,--,4,5504,卖盘
1974,13:03:24,13.76,--,39,53664,卖盘
1975,13:03:21,13.76,--,40,55040,卖盘
1976,13:03:18,13.76,--,8,11008,卖盘
1977,13:03:15,13.76,--,1,1376,卖盘
1978,13:03:09,13.76,-0.01,200,275200,卖盘
1979,13:03:03,13.77,--,72,99144,买盘
1980,13:03:00,13.77,--,138,190026,买盘
1981,13:02:57,13.77,--,65,89505,买盘
1982,13:02:54,13.77,--,54,74358,买盘
1983,13:02:48,13.77,0.01,191,263007,买盘
1984,13:02:45,13.76,--,67,92192,卖盘
1985,13:02:36,13.76,-0.01,146,200896,卖盘
1986,13:02:33,13.77,-0.01,6,8262,卖盘
1987,13:02:30,13.78,0.01,3,4134,中性盘
1988,13:02:27,13.77,-0.02,2,2754,卖盘
1989,13:02:21,13.79,0.03,10,13790,买盘
1990,13:02:18,13.76,-0.03,45,61920,卖盘
1991,13:02:12,13.79,--,42,57918,买盘
1992,13:02:06,13.79,0.03,20,27580,买盘
1993,13:02:03,13.76,-0.03,34,46784,卖盘
1994,13:02:00,13.79,0.03,3,4137,买盘
1995,13:01:54,13.76,--,27,37152,卖盘
1996,13:01:45,13.76,-0.04,73,100448,卖盘
1997,13:01:42,13.8,0.04,88,121440,买盘
1998,13:01:39,13.76,-0.01,40,55040,卖盘
1999,13:01:36,13.77,0.01,1,1377,买盘
2000,13:01:33,13.76,-0.01,96,132096,卖盘
2001,13:01:30,13.77,--,1,1377,买盘
2002,13:01:24,13.77,--,53,72981,买盘
2003,13:01:21,13.77,--,29,41062,卖盘
2004,13:01:18,13.77,--,74,101898,卖盘
2005,13:01:15,13.77,--,10,13770,卖盘
2006,13:01:12,13.77,--,68,93636,卖盘
2007,13:01:09,13.77,--,3,4131,卖盘
2008,13:01:06,13.77,-0.01,171,235467,卖盘
2009,13:01:03,13.78,0.01,54,74412,买盘
2010,13:01:00,13.77,--,20,27540,卖盘
2011,13:00:57,13.77,--,24,33048,卖盘
2012,13:00:54,13.77,--,17,23409,卖盘
2013,13:00:51,13.77,-0.01,1,1377,卖盘
2014,13:00:48,13.78,0.01,29,39962,买盘
2015,13:00:45,13.77,--,69,95013,卖盘
2016,13:00:42,13.77,-0.02,12,16524,卖盘
2017,13:00:39,13.79,0.01,42,57918,买盘
2018,13:00:36,13.78,0.01,156,214968,买盘
2019,13:00:33,13.77,--,35,48195,卖盘
2020,13:00:27,13.77,-0.01,30,41310,卖盘
2021,13:00:24,13.78,0.01,15,20670,买盘
2022,13:00:21,13.77,--,39,53703,卖盘
2023,13:00:18,13.77,-0.01,1,1377,卖盘
2024,13:00:09,13.78,--,23,31694,买盘
2025,13:00:06,13.78,--,45,62010,买盘
2026,13:00:03,13.78,-0.03,1466,2020148,卖盘
2027,13:00:00,13.81,--,0,0,买盘
2028,11:30:00,13.81,--,0,0,买盘
2029,11:29:57,13.81,0.02,3,4143,买盘
2030,11:29:48,13.79,--,31,42749,卖盘
2031,11:29:45,13.79,0.01,155,213745,买盘
2032,11:29:42,13.78,--,65,89570,卖盘
2033,11:29:36,13.78,--,6,8268,卖盘
2034,11:29:33,13.78,-0.04,48,66144,卖盘
2035,11:29:30,13.82,0.04,9,12438,买盘
2036,11:29:27,13.78,-0.01,14,19292,卖盘
2037,11:29:24,13.79,--,7,9653,卖盘
2038,11:29:21,13.79,--,143,197197,卖盘
2039,11:29:18,13.79,-0.01,1,1379,中性盘
2040,11:28:57,13.8,0.02,14,19320,买盘
2041,11:28:54,13.78,--,102,140556,卖盘
2042,11:28:51,13.78,0.01,37,50986,中性盘
2043,11:28:39,13.77,-0.01,226,311202,卖盘
2044,11:28:36,13.78,0.01,188,259064,买盘
2045,11:28:33,13.77,--,42,57834,卖盘
2046,11:28:30,13.77,-0.01,12,16524,卖盘
2047,11:28:27,13.78,0.01,29,39962,买盘
2048,11:28:24,13.77,-0.01,1,1377,卖盘
2049,11:28:21,13.78,--,51,70526,买盘
2050,11:28:15,13.78,--,1,1378,买盘
2051,11:28:12,13.78,-0.01,262,361036,卖盘
2052,11:28:09,13.79,--,40,55160,买盘
2053,11:28:06,13.79,--,11,15168,买盘
2054,11:27:57,13.79,0.01,20,27580,买盘
2055,11:27:51,13.78,-0.01,100,137800,卖盘
2056,11:27:48,13.79,0.01,335,461965,买盘
2057,11:27:45,13.78,--,38,52364,卖盘
2058,11:27:42,13.78,--,66,90948,卖盘
2059,11:27:36,13.78,--,122,168116,卖盘
2060,11:27:33,13.78,--,5,6890,卖盘
2061,11:27:30,13.78,-0.02,6,8268,卖盘
2062,11:27:27,13.8,--,402,554760,买盘
2063,11:27:15,13.8,0.01,109,150420,买盘
2064,11:27:12,13.79,-0.01,4,5516,卖盘
2065,11:27:09,13.8,--,12,16560,买盘
2066,11:27:03,13.8,--,67,92460,卖盘
2067,11:27:00,13.8,--,25,34500,卖盘
2068,11:26:57,13.8,--,426,587880,卖盘
2069,11:26:54,13.8,--,68,93840,买盘
2070,11:26:51,13.8,-0.01,25,34500,卖盘
2071,11:26:48,13.81,0.01,38,52478,买盘
2072,11:26:42,13.8,--,1,1380,卖盘
2073,11:26:39,13.8,-0.01,96,132480,卖盘
2074,11:26:36,13.81,0.01,6,8286,买盘
2075,11:26:33,13.8,--,125,172500,卖盘
2076,11:26:30,13.8,--,21,28980,卖盘
2077,11:26:27,13.8,--,4,5520,卖盘
2078,11:26:24,13.8,-0.01,20,27600,卖盘
2079,11:26:21,13.81,--,84,116004,买盘
2080,11:26:18,13.81,--,7,9667,买盘
2081,11:26:12,13.81,0.01,3,4143,买盘
2082,11:26:06,13.8,--,37,51060,卖盘
2083,11:26:03,13.8,-0.01,1,1380,卖盘
2084,11:26:00,13.81,--,2,2762,买盘
2085,11:25:57,13.81,0.01,58,80098,买盘
2086,11:25:54,13.8,-0.01,11,15180,卖盘
2087,11:25:48,13.81,0.01,1,1381,买盘
2088,11:25:45,13.8,--,70,96600,卖盘
2089,11:25:42,13.8,--,7,9660,卖盘
2090,11:25:39,13.8,--,1,1380,卖盘
2091,11:25:36,13.8,--,68,93840,卖盘
2092,11:25:33,13.8,--,12,16560,卖盘
2093,11:25:30,13.8,--,91,125580,卖盘
2094,11:25:27,13.8,-0.01,42,57960,卖盘
2095,11:25:18,13.81,--,90,124290,买盘
2096,11:25:15,13.81,--,2,2762,买盘
2097,11:25:09,13.81,--,97,133957,买盘
2098,11:25:06,13.81,0.01,1,1381,买盘
2099,11:25:03,13.8,--,1,1380,卖盘
2100,11:25:00,13.8,-0.01,90,124200,卖盘
2101,11:24:57,13.81,0.01,4,5524,买盘
2102,11:24:51,13.8,--,116,160080,卖盘
2103,11:24:48,13.8,--,18,24840,卖盘
2104,11:24:45,13.8,--,4,5520,卖盘
2105,11:24:42,13.8,--,33,45540,卖盘
2106,11:24:36,13.8,--,6,8280,卖盘
2107,11:24:33,13.8,--,74,102120,卖盘
2108,11:24:30,13.8,--,1,1380,卖盘
2109,11:24:27,13.8,--,5,6900,卖盘
2110,11:24:24,13.8,--,1,1380,卖盘
2111,11:24:12,13.8,--,21,28980,卖盘
2112,11:24:06,13.8,-0.01,36,49680,卖盘
2113,11:24:03,13.81,--,30,41430,买盘
2114,11:24:00,13.81,--,91,125671,买盘
2115,11:23:57,13.81,0.01,3,4143,买盘
2116,11:23:51,13.8,-0.01,1,1380,卖盘
2117,11:23:48,13.81,--,1,1381,买盘
2118,11:23:45,13.81,0.01,84,116004,买盘
2119,11:23:42,13.8,-0.02,30,41400,卖盘
2120,11:23:36,13.82,0.02,2,2764,买盘
2121,11:23:33,13.8,-0.02,81,111780,卖盘
2122,11:23:27,13.82,--,1,1382,买盘
2123,11:23:15,13.82,--,1,1382,买盘
2124,11:23:12,13.82,0.01,218,301276,买盘
2125,11:23:09,13.81,0.01,48,66288,买盘
2126,11:23:06,13.8,-0.02,1,1380,卖盘
2127,11:22:57,13.82,0.01,143,197626,买盘
2128,11:22:54,13.81,-0.01,37,51097,卖盘
2129,11:22:51,13.82,--,10,13820,买盘
2130,11:22:48,13.82,0.02,35,48370,买盘
2131,11:22:42,13.8,--,108,149040,卖盘
2132,11:22:39,13.8,--,33,45540,卖盘
2133,11:22:36,13.8,--,65,89700,卖盘
2134,11:22:33,13.8,-0.01,6,8280,卖盘
2135,11:22:30,13.81,--,87,120147,卖盘
2136,11:22:27,13.81,-0.01,19,26239,中性盘
2137,11:22:21,13.82,--,2,2764,买盘
2138,11:22:18,13.82,0.02,10,13820,买盘
2139,11:22:09,13.8,0.01,86,118680,买盘
2140,11:22:06,13.79,-0.01,20,27580,卖盘
2141,11:22:03,13.8,-0.02,116,160080,买盘
2142,11:22:00,13.82,0.01,71,98122,买盘
2143,11:21:57,13.81,--,19,26239,卖盘
2144,11:21:54,13.81,--,2,2762,卖盘
2145,11:21:51,13.81,--,52,71812,卖盘
2146,11:21:45,13.81,0.02,56,77336,买盘
2147,11:21:42,13.79,--,35,48265,卖盘
2148,11:21:39,13.79,-0.02,1,1379,中性盘
2149,11:21:36,13.81,0.03,23,31763,买盘
2150,11:21:33,13.78,--,11,15158,卖盘
2151,11:21:30,13.78,-0.05,108,148824,卖盘
2152,11:21:27,13.83,0.05,112,154896,买盘
2153,11:21:24,13.78,--,6,8268,卖盘
2154,11:21:21,13.78,-0.03,20,27560,卖盘
2155,11:21:15,13.81,0.01,82,113242,买盘
2156,11:21:12,13.8,--,13,17940,买盘
2157,11:21:09,13.8,--,34,46920,买盘
2158,11:21:03,13.8,--,1,1380,买盘
2159,11:21:00,13.8,0.02,47,64860,买盘
2160,11:20:57,13.78,--,19,26182,卖盘
2161,11:20:51,13.78,0.01,15,20670,中性盘
2162,11:20:45,13.77,--,17,23409,卖盘
2163,11:20:39,13.77,-0.01,352,484704,卖盘
2164,11:20:36,13.78,0.01,1,1378,买盘
2165,11:20:33,13.77,-0.02,70,96390,卖盘
2166,11:20:30,13.79,--,45,62054,买盘
2167,11:20:27,13.79,0.01,48,66192,买盘
2168,11:20:24,13.78,-0.01,30,41340,卖盘
2169,11:20:18,13.79,0.01,37,51023,买盘
2170,11:20:15,13.78,--,4,5512,卖盘
2171,11:20:12,13.78,-0.01,1,1378,卖盘
2172,11:20:09,13.79,0.01,132,182028,买盘
2173,11:20:06,13.78,--,19,26182,买盘
2174,11:20:00,13.78,0.01,180,248040,买盘
2175,11:19:57,13.77,--,21,28917,卖盘
2176,11:19:51,13.77,--,35,48195,卖盘
2177,11:19:48,13.77,--,16,22032,卖盘
2178,11:19:45,13.77,-0.01,1,1377,卖盘
2179,11:19:42,13.78,--,17,23426,买盘
2180,11:19:39,13.78,0.01,63,86814,买盘
2181,11:19:36,13.77,-0.01,73,100521,卖盘
2182,11:19:33,13.78,--,13,17914,买盘
2183,11:19:30,13.78,0.01,15,20670,买盘
2184,11:19:27,13.77,--,149,205173,卖盘
2185,11:19:24,13.77,--,4,5508,卖盘
2186,11:19:18,13.77,-0.01,64,88128,卖盘
2187,11:19:15,13.78,0.02,2,2756,买盘
2188,11:19:09,13.76,--,33,45408,卖盘
2189,11:19:06,13.76,-0.01,149,205024,卖盘
2190,11:19:03,13.77,0.01,2,2754,买盘
2191,11:19:00,13.76,--,15,20640,卖盘
2192,11:18:57,13.76,-0.01,119,163744,卖盘
2193,11:18:54,13.77,0.01,5,6885,中性盘
2194,11:18:51,13.76,--,107,148167,卖盘
2195,11:18:48,13.76,--,222,305472,卖盘
2196,11:18:45,13.76,--,32,44032,卖盘
2197,11:18:42,13.76,--,87,119712,卖盘
2198,11:18:39,13.76,-0.01,37,50912,卖盘
2199,11:18:36,13.77,0.01,33,45441,买盘
2200,11:18:33,13.76,--,16,22016,卖盘
2201,11:18:30,13.76,--,4,5504,卖盘
2202,11:18:27,13.76,--,233,320608,卖盘
2203,11:18:24,13.76,--,1,1376,卖盘
2204,11:18:18,13.76,--,47,64672,卖盘
2205,11:18:15,13.76,--,27,37152,卖盘
2206,11:18:12,13.76,--,59,81184,卖盘
2207,11:18:09,13.76,-0.01,7,9632,卖盘
2208,11:18:06,13.77,0.01,39,53703,买盘
2209,11:18:03,13.76,--,74,101824,买盘
2210,11:18:00,13.76,--,29,39904,买盘
2211,11:17:57,13.76,--,38,52288,买盘
2212,11:17:54,13.76,--,26,35776,卖盘
2213,11:17:51,13.76,-0.01,100,137600,卖盘
2214,11:17:48,13.77,--,53,72981,中性盘
2215,11:17:42,13.77,--,6,8262,卖盘
2216,11:17:36,13.77,0.02,4,5508,中性盘
2217,11:17:33,13.75,--,100,137500,卖盘
2218,11:17:30,13.75,--,32,44000,卖盘
2219,11:17:27,13.75,-0.01,144,198000,卖盘
2220,11:17:24,13.76,--,21,28896,卖盘
2221,11:17:21,13.76,--,35,48160,卖盘
2222,11:17:18,13.76,--,21,28896,卖盘
2223,11:17:15,13.76,--,29,39904,卖盘
2224,11:17:12,13.76,-0.01,65,89440,卖盘
2225,11:17:09,13.77,--,120,165240,买盘
2226,11:17:06,13.77,0.01,44,60588,买盘
2227,11:17:00,13.76,--,17,23392,买盘
2228,11:16:57,13.76,-0.02,327,449952,卖盘
2229,11:16:54,13.78,0.02,48,66144,买盘
2230,11:16:51,13.76,-0.01,11,15136,卖盘
2231,11:16:48,13.77,-0.01,1,1377,买盘
2232,11:16:45,13.78,--,34,46852,买盘
2233,11:16:42,13.78,0.02,1,1378,买盘
2234,11:16:39,13.76,-0.02,20,27520,卖盘
2235,11:16:36,13.78,0.01,48,66144,买盘
2236,11:16:33,13.77,--,8,11016,卖盘
2237,11:16:30,13.77,0.01,42,57834,买盘
2238,11:16:27,13.76,--,308,423808,卖盘
2239,11:16:24,13.76,-0.02,89,122464,卖盘
2240,11:16:21,13.78,-0.01,8,11024,卖盘
2241,11:16:18,13.79,0.03,93,128246,买盘
2242,11:16:15,13.76,-0.02,82,112832,卖盘
2243,11:16:12,13.78,--,184,253552,卖盘
2244,11:16:09,13.78,0.01,214,294892,买盘
2245,11:16:06,13.77,-0.01,11,15147,卖盘
2246,11:16:03,13.78,--,32,44096,买盘
2247,11:16:00,13.78,0.01,10,13780,买盘
2248,11:15:57,13.77,--,2,2754,卖盘
2249,11:15:54,13.77,-0.01,60,82620,卖盘
2250,11:15:51,13.78,--,322,443716,买盘
2251,11:15:45,13.78,0.01,11,15158,买盘
2252,11:15:42,13.77,-0.01,51,70227,卖盘
2253,11:15:36,13.78,0.02,124,170872,买盘
2254,11:15:33,13.76,--,77,105952,卖盘
2255,11:15:30,13.76,--,34,46784,卖盘
2256,11:15:27,13.76,-0.02,60,82560,卖盘
2257,11:15:24,13.78,0.02,27,37206,中性盘
2258,11:15:21,13.76,-0.01,379,521504,卖盘
2259,11:15:18,13.77,--,1,1377,买盘
2260,11:15:15,13.77,-0.01,2,2754,卖盘
2261,11:15:12,13.78,--,15,20670,买盘
2262,11:15:06,13.78,--,1,1378,买盘
2263,11:15:03,13.78,--,32,44096,买盘
2264,11:15:00,13.78,--,132,181896,买盘
2265,11:14:57,13.78,0.02,80,110240,买盘
2266,11:14:54,13.76,--,66,90816,卖盘
2267,11:14:51,13.76,-0.02,1,1376,卖盘
2268,11:14:48,13.78,0.02,1,1378,买盘
2269,11:14:45,13.76,-0.02,25,34400,卖盘
2270,11:14:42,13.78,0.01,31,42718,买盘
2271,11:14:39,13.77,--,1,1377,卖盘
2272,11:14:36,13.77,--,3,4131,卖盘
2273,11:14:33,13.77,--,6,8262,卖盘
2274,11:14:30,13.77,0.02,9,12393,中性盘
2275,11:14:27,13.75,-0.01,92,126500,卖盘
2276,11:14:24,13.76,--,119,163744,卖盘
2277,11:14:21,13.76,-0.01,1,1376,卖盘
2278,11:14:18,13.77,0.01,33,45441,买盘
2279,11:14:15,13.76,-0.01,2,2752,中性盘
2280,11:14:12,13.77,0.01,107,147339,买盘
2281,11:14:09,13.76,--,3,4128,买盘
2282,11:14:06,13.76,0.01,27,37152,买盘
2283,11:14:03,13.75,-0.01,277,380875,卖盘
2284,11:14:00,13.76,--,64,88064,卖盘
2285,11:13:57,13.76,-0.01,19,26144,买盘
2286,11:13:54,13.77,--,70,96390,买盘
2287,11:13:51,13.77,--,242,333234,买盘
2288,11:13:45,13.77,-0.02,106,145962,买盘
2289,11:13:42,13.79,0.02,400,551600,买盘
2290,11:13:39,13.77,0.01,126,173502,买盘
2291,11:13:36,13.76,-0.01,2,2752,卖盘
2292,11:13:33,13.77,--,50,68850,买盘
2293,11:13:30,13.77,0.01,75,103275,卖盘
2294,11:13:27,13.76,-0.01,101,138976,卖盘
2295,11:13:24,13.77,--,115,158355,买盘
2296,11:13:21,13.77,--,88,121176,买盘
2297,11:13:18,13.77,--,30,41310,买盘
2298,11:13:15,13.77,0.01,1,1377,买盘
2299,11:13:12,13.76,--,36,49536,卖盘
2300,11:13:09,13.76,-0.01,20,27520,中性盘
2301,11:13:06,13.77,0.01,188,258876,买盘
2302,11:13:03,13.76,-0.01,26,35776,卖盘
2303,11:13:00,13.77,0.01,149,205173,买盘
2304,11:12:57,13.76,0.01,1,1376,卖盘
2305,11:12:54,13.75,-0.02,235,323125,卖盘
2306,11:12:51,13.77,0.02,43,59211,买盘
2307,11:12:48,13.75,-0.03,3,4125,卖盘
2308,11:12:45,13.78,0.01,92,126776,买盘
2309,11:12:42,13.77,--,50,68850,买盘
2310,11:12:39,13.77,--,146,201042,买盘
2311,11:12:36,13.77,--,32,45427,卖盘
2312,11:12:33,13.77,--,49,67473,卖盘
2313,11:12:30,13.77,0.02,411,565960,买盘
2314,11:12:27,13.75,-0.02,364,500500,卖盘
2315,11:12:24,13.77,0.02,80,110160,买盘
2316,11:12:21,13.75,--,153,210375,卖盘
2317,11:12:18,13.75,--,110,151250,卖盘
2318,11:12:15,13.75,-0.02,21,28875,卖盘
2319,11:12:12,13.77,--,312,429624,买盘
2320,11:12:09,13.77,--,92,126684,买盘
2321,11:12:03,13.77,0.02,4,5508,买盘
2322,11:12:00,13.75,-0.03,127,175986,卖盘
2323,11:11:57,13.78,0.01,45,62010,买盘
2324,11:11:54,13.77,-0.01,97,133569,卖盘
2325,11:11:51,13.78,0.01,84,115752,买盘
2326,11:11:48,13.77,--,64,88128,卖盘
2327,11:11:45,13.77,0.01,85,117045,买盘
2328,11:11:42,13.76,-0.01,9,12384,卖盘
2329,11:11:39,13.77,0.01,86,118422,买盘
2330,11:11:36,13.76,0.02,142,195405,买盘
2331,11:11:33,13.74,-0.01,17,23358,卖盘
2332,11:11:30,13.75,--,94,129250,买盘
2333,11:11:27,13.75,-0.01,1630,2242611,卖盘
2334,11:11:24,13.76,-0.01,16,22016,卖盘
2335,11:11:21,13.77,--,22,30294,买盘
2336,11:11:18,13.77,0.02,107,147339,买盘
2337,11:11:15,13.75,--,100,137500,卖盘
2338,11:11:12,13.75,-0.03,460,632500,卖盘
2339,11:11:09,13.78,0.02,223,307294,买盘
2340,11:11:06,13.76,-0.02,19,26144,卖盘
2341,11:11:03,13.78,0.01,3,4134,买盘
2342,11:11:00,13.77,0.01,255,351135,买盘
2343,11:10:57,13.76,--,125,172000,卖盘
2344,11:10:54,13.76,--,10,13760,卖盘
2345,11:10:51,13.76,--,53,72928,卖盘
2346,11:10:48,13.76,--,50,68800,卖盘
2347,11:10:45,13.76,0.01,117,160992,买盘
2348,11:10:42,13.75,--,200,275000,卖盘
2349,11:10:39,13.75,--,325,446875,卖盘
2350,11:10:36,13.75,--,10,13750,卖盘
2351,11:10:33,13.75,--,30,41250,卖盘
2352,11:10:30,13.75,-0.02,382,525250,卖盘
2353,11:10:27,13.77,0.01,71,97767,买盘
2354,11:10:24,13.76,0.01,65,89440,买盘
2355,11:10:21,13.75,-0.02,114,156750,卖盘
2356,11:10:18,13.77,0.01,235,323595,买盘
2357,11:10:15,13.76,--,524,721024,卖盘
2358,11:10:12,13.76,--,120,165120,卖盘
2359,11:10:09,13.76,-0.01,150,206400,卖盘
2360,11:10:06,13.77,0.01,198,272646,买盘
2361,11:10:03,13.76,-0.01,145,199520,卖盘
2362,11:09:57,13.77,--,42,57834,买盘
2363,11:09:54,13.77,--,37,50949,买盘
2364,11:09:51,13.77,--,811,1116747,卖盘
2365,11:09:48,13.77,--,192,264384,卖盘
2366,11:09:45,13.77,-0.01,50,68850,卖盘
2367,11:09:42,13.78,0.01,9,12402,买盘
2368,11:09:39,13.77,-0.02,2,2754,卖盘
2369,11:09:36,13.79,0.02,614,846706,买盘
2370,11:09:33,13.77,-0.01,184,253368,卖盘
2371,11:09:30,13.78,--,10,13780,卖盘
2372,11:09:27,13.78,--,94,129532,卖盘
2373,11:09:24,13.78,--,54,74412,卖盘
2374,11:09:21,13.78,--,6,8268,卖盘
2375,11:09:18,13.78,--,465,640770,卖盘
2376,11:09:15,13.78,--,118,162604,卖盘
2377,11:09:12,13.78,--,5,6890,卖盘
2378,11:09:09,13.78,--,226,311428,卖盘
2379,11:09:06,13.78,-0.01,50,68900,卖盘
2380,11:09:03,13.79,0.01,154,212366,买盘
2381,11:09:00,13.78,-0.01,16,22048,卖盘
2382,11:08:57,13.79,--,29,39991,买盘
2383,11:08:51,13.79,0.01,36,49644,卖盘
2384,11:08:48,13.78,-0.02,35,48230,卖盘
2385,11:08:45,13.8,0.02,408,563040,买盘
2386,11:08:42,13.78,--,1,1378,卖盘
2387,11:08:39,13.78,-0.02,499,687622,卖盘
2388,11:08:36,13.8,0.02,209,288420,买盘
2389,11:08:33,13.78,-0.01,15,20670,卖盘
2390,11:08:30,13.79,0.01,13,17927,买盘
2391,11:08:24,13.78,--,162,223236,卖盘
2392,11:08:21,13.78,--,10,13780,卖盘
2393,11:08:18,13.78,--,128,176384,卖盘
2394,11:08:15,13.78,-0.01,53,73034,卖盘
2395,11:08:12,13.79,--,96,132384,买盘
2396,11:08:09,13.79,--,110,151690,买盘
2397,11:08:06,13.79,0.01,58,79982,买盘
2398,11:08:03,13.78,-0.01,9,12402,卖盘
2399,11:08:00,13.79,--,25,34475,卖盘
2400,11:07:57,13.79,-0.01,4,5516,卖盘
2401,11:07:54,13.8,0.02,38,52440,买盘
2402,11:07:51,13.78,-0.01,151,208078,卖盘
2403,11:07:48,13.79,-0.01,10,13790,中性盘
2404,11:07:45,13.8,0.01,274,378120,买盘
2405,11:07:42,13.79,--,14,19306,卖盘
2406,11:07:39,13.79,--,6,8274,卖盘
2407,11:07:36,13.79,--,40,55160,卖盘
2408,11:07:33,13.79,-0.02,40,55160,卖盘
2409,11:07:24,13.81,0.03,91,125671,买盘
2410,11:07:21,13.78,--,92,126776,卖盘
2411,11:07:18,13.78,--,256,352768,卖盘
2412,11:07:15,13.78,--,210,289380,卖盘
2413,11:07:12,13.78,-0.01,100,137800,卖盘
2414,11:07:09,13.79,0.01,30,41370,买盘
2415,11:07:06,13.78,-0.01,24,33072,卖盘
2416,11:07:03,13.79,0.01,35,48265,买盘
2417,11:07:00,13.78,-0.01,286,394108,卖盘
2418,11:06:57,13.79,0.01,210,289590,买盘
2419,11:06:54,13.78,-0.01,148,203944,卖盘
2420,11:06:51,13.79,--,30,41370,买盘
2421,11:06:45,13.79,0.01,191,263389,买盘
2422,11:06:42,13.78,-0.01,106,146068,卖盘
2423,11:06:39,13.79,--,225,310275,买盘
2424,11:06:36,13.79,--,20,27580,买盘
2425,11:06:33,13.79,--,234,322686,卖盘
2426,11:06:30,13.79,--,132,182028,卖盘
2427,11:06:24,13.79,--,53,73087,卖盘
2428,11:06:21,13.79,0.01,67,92393,中性盘
2429,11:06:18,13.78,--,38,52364,卖盘
2430,11:06:15,13.78,-0.01,3,4134,卖盘
2431,11:06:12,13.79,--,461,635719,买盘
2432,11:06:09,13.79,--,27,37233,买盘
2433,11:06:06,13.79,--,166,228914,卖盘
2434,11:06:03,13.79,--,682,940478,卖盘
2435,11:06:00,13.79,--,20,27580,卖盘
2436,11:05:54,13.79,--,52,71708,卖盘
2437,11:05:51,13.79,--,13,17927,卖盘
2438,11:05:48,13.79,--,118,162722,卖盘
2439,11:05:45,13.79,-0.01,6,8274,卖盘
2440,11:05:42,13.8,--,248,342240,买盘
2441,11:05:39,13.8,--,62,85560,买盘
2442,11:05:36,13.8,0.01,60,82800,买盘
2443,11:05:33,13.79,-0.01,43,59296,卖盘
2444,11:05:30,13.8,--,1,1380,买盘
2445,11:05:27,13.8,--,47,65908,卖盘
2446,11:05:24,13.8,-0.02,193,266340,卖盘
2447,11:05:21,13.82,0.02,43,59426,买盘
2448,11:05:18,13.8,0.01,130,179731,买盘
2449,11:05:15,13.79,--,65,89635,卖盘
2450,11:05:12,13.79,--,111,153069,卖盘
2451,11:05:09,13.79,--,144,198576,卖盘
2452,11:05:06,13.79,-0.01,10,13790,卖盘
2453,11:05:03,13.8,--,70,96600,买盘
2454,11:05:00,13.8,-0.01,832,1149208,卖盘
2455,11:04:57,13.81,0.01,26,35906,买盘
2456,11:04:54,13.8,-0.01,99,136620,卖盘
2457,11:04:51,13.81,0.01,50,69050,中性盘
2458,11:04:45,13.8,-0.02,955,1317900,卖盘
2459,11:04:42,13.82,0.01,253,349646,买盘
2460,11:04:36,13.81,0.01,3,4143,买盘
2461,11:04:33,13.8,-0.01,55,75900,卖盘
2462,11:04:30,13.81,--,9,12429,买盘
2463,11:04:27,13.81,--,14,19334,卖盘
2464,11:04:24,13.81,--,114,157434,卖盘
2465,11:04:21,13.81,--,74,102194,卖盘
2466,11:04:18,13.81,--,141,194721,卖盘
2467,11:04:15,13.81,-0.01,3,4143,卖盘
2468,11:04:12,13.82,0.01,3,4146,买盘
2469,11:04:09,13.81,--,106,146386,卖盘
2470,11:04:03,13.81,-0.02,5,6905,卖盘
2471,11:04:00,13.83,0.02,41,56703,买盘
2472,11:03:54,13.81,-0.01,2,2762,卖盘
2473,11:03:51,13.82,0.01,28,38696,买盘
2474,11:03:48,13.81,-0.01,6,8286,卖盘
2475,11:03:45,13.82,--,254,351028,买盘
2476,11:03:42,13.82,-0.01,37,51134,卖盘
2477,11:03:39,13.83,0.02,215,297345,买盘
2478,11:03:36,13.81,--,65,89765,卖盘
2479,11:03:33,13.81,-0.02,11,15191,卖盘
2480,11:03:30,13.83,--,120,165960,买盘
2481,11:03:27,13.83,0.01,173,239259,买盘
2482,11:03:24,13.82,0.01,162,223884,买盘
2483,11:03:21,13.81,-0.01,58,80098,卖盘
2484,11:03:18,13.82,--,62,85684,买盘
2485,11:03:15,13.82,-0.01,33,45606,中性盘
2486,11:03:12,13.83,--,34,47022,买盘
2487,11:03:09,13.83,0.01,94,130002,买盘
2488,11:03:06,13.82,--,10,13820,卖盘
2489,11:03:03,13.82,--,39,53898,买盘
2490,11:03:00,13.82,-0.01,14,19348,中性盘
2491,11:02:57,13.83,0.02,43,59469,买盘
2492,11:02:54,13.81,-0.01,5,6905,卖盘
2493,11:02:51,13.82,--,81,111942,买盘
2494,11:02:48,13.82,0.01,38,52516,买盘
2495,11:02:45,13.81,-0.01,50,69050,卖盘
2496,11:02:42,13.82,--,9,12438,买盘
2497,11:02:39,13.82,0.01,41,56662,买盘
2498,11:02:33,13.81,--,20,27620,卖盘
2499,11:02:30,13.81,-0.01,20,27620,卖盘
2500,11:02:27,13.82,0.01,51,70482,买盘
2501,11:02:24,13.81,-0.01,40,55240,卖盘
2502,11:02:21,13.82,--,39,53898,卖盘
2503,11:02:18,13.82,0.01,75,103650,买盘
2504,11:02:15,13.81,-0.01,38,52478,卖盘
2505,11:02:12,13.82,--,173,239086,卖盘
2506,11:02:09,13.82,--,83,114706,卖盘
2507,11:02:06,13.82,0.01,6,8292,买盘
2508,11:02:03,13.81,-0.01,71,98051,卖盘
2509,11:01:57,13.82,-0.01,45,62190,卖盘
2510,11:01:54,13.83,--,152,210769,卖盘
2511,11:01:51,13.83,0.01,168,233173,买盘
2512,11:01:48,13.82,--,39,53898,卖盘
2513,11:01:45,13.82,--,72,99504,买盘
2514,11:01:42,13.82,-0.01,51,70482,卖盘
2515,11:01:39,13.83,--,30,41490,买盘
2516,11:01:36,13.83,0.02,41,56703,买盘
2517,11:01:33,13.81,--,7,9667,卖盘
2518,11:01:30,13.81,-0.02,28,38668,卖盘
2519,11:01:27,13.83,0.02,36,49788,买盘
2520,11:01:24,13.81,--,1,1381,卖盘
2521,11:01:21,13.81,-0.01,24,33144,卖盘
2522,11:01:18,13.82,--,30,41460,买盘
2523,11:01:15,13.82,-0.01,131,181594,卖盘
2524,11:01:12,13.83,0.01,10,13830,中性盘
2525,11:01:09,13.82,-0.02,96,132672,卖盘
2526,11:01:06,13.84,--,41,56744,买盘
2527,11:01:03,13.84,0.01,3,4152,买盘
2528,11:01:00,13.83,-0.01,18,24894,卖盘
2529,11:00:57,13.84,0.01,32,44288,买盘
2530,11:00:54,13.83,--,1,1383,卖盘
2531,11:00:51,13.83,0.01,5,6915,买盘
2532,11:00:48,13.82,-0.02,365,504430,卖盘
2533,11:00:45,13.84,0.01,62,85808,买盘
2534,11:00:36,13.83,0.01,30,41490,买盘
2535,11:00:33,13.82,-0.01,137,189334,卖盘
2536,11:00:30,13.83,--,5,6915,买盘
2537,11:00:27,13.83,--,51,70533,卖盘
2538,11:00:24,13.83,--,3,4149,卖盘
2539,11:00:21,13.83,-0.01,11,15213,卖盘
2540,11:00:18,13.84,--,3,4152,买盘
2541,11:00:15,13.84,0.02,105,145320,买盘
2542,11:00:12,13.82,--,20,27640,卖盘
2543,11:00:09,13.82,-0.02,21,29022,卖盘
2544,11:00:06,13.84,0.02,163,225592,买盘
2545,11:00:03,13.82,-0.01,147,203154,卖盘
2546,10:59:57,13.83,--,34,47022,买盘
2547,10:59:54,13.83,0.01,93,128619,买盘
2548,10:59:51,13.82,--,22,30404,卖盘
2549,10:59:48,13.82,--,83,114706,卖盘
2550,10:59:45,13.82,--,55,76010,卖盘
2551,10:59:42,13.82,--,9,12438,卖盘
2552,10:59:39,13.82,--,45,63019,买盘
2553,10:59:36,13.82,--,90,124380,买盘
2554,10:59:33,13.82,--,19,26258,买盘
2555,10:59:30,13.82,--,1,1382,买盘
2556,10:59:27,13.82,-0.01,115,159482,卖盘
2557,10:59:24,13.83,0.01,34,47022,买盘
2558,10:59:21,13.82,-0.01,6,8292,卖盘
2559,10:59:18,13.83,0.01,5,6915,买盘
2560,10:59:15,13.82,0.01,90,125209,买盘
2561,10:59:12,13.81,--,17,23477,卖盘
2562,10:59:09,13.81,--,38,52478,卖盘
2563,10:59:06,13.81,-0.01,4,5524,卖盘
2564,10:59:03,13.82,0.01,112,154784,买盘
2565,10:59:00,13.81,-0.01,39,53859,卖盘
2566,10:58:57,13.82,0.01,45,62190,买盘
2567,10:58:54,13.81,--,385,531685,卖盘
2568,10:58:51,13.81,-0.01,6,8286,卖盘
2569,10:58:45,13.82,--,37,51134,买盘
2570,10:58:42,13.82,--,60,82920,买盘
2571,10:58:39,13.82,-0.01,73,100886,卖盘
2572,10:58:36,13.83,--,20,27660,买盘
2573,10:58:33,13.83,0.01,99,136917,买盘
2574,10:58:30,13.82,--,23,31786,卖盘
2575,10:58:27,13.82,--,3,4146,卖盘
2576,10:58:24,13.82,--,102,140964,卖盘
2577,10:58:21,13.82,--,4,5528,卖盘
2578,10:58:18,13.82,--,10,13820,卖盘
2579,10:58:15,13.82,--,32,44224,卖盘
2580,10:58:12,13.82,--,29,40078,卖盘
2581,10:58:09,13.82,--,186,257052,买盘
2582,10:58:06,13.82,0.01,62,85684,买盘
2583,10:58:03,13.81,--,64,88384,卖盘
2584,10:58:00,13.81,-0.01,68,93908,卖盘
2585,10:57:57,13.82,--,67,92594,买盘
2586,10:57:54,13.82,--,55,76010,买盘
2587,10:57:51,13.82,--,269,371758,卖盘
2588,10:57:48,13.82,-0.02,17,23494,卖盘
2589,10:57:45,13.84,--,2,2768,买盘
2590,10:57:42,13.84,0.02,121,167464,买盘
2591,10:57:33,13.82,--,78,107796,卖盘
2592,10:57:30,13.82,0.01,23,31786,买盘
2593,10:57:27,13.81,-0.03,8,11048,卖盘
2594,10:57:24,13.84,0.03,222,307248,买盘
2595,10:57:21,13.81,-0.01,177,244437,卖盘
2596,10:57:18,13.82,--,318,439476,买盘
2597,10:57:15,13.82,0.01,2,2764,买盘
2598,10:57:12,13.81,-0.01,37,51097,卖盘
2599,10:57:09,13.82,0.01,80,110560,买盘
2600,10:57:06,13.81,-0.01,423,584163,卖盘
2601,10:57:03,13.82,0.01,67,92594,买盘
2602,10:57:00,13.81,--,71,98051,卖盘
2603,10:56:57,13.81,-0.01,10,13810,卖盘
2604,10:56:51,13.82,--,135,186570,买盘
2605,10:56:48,13.82,--,154,212828,买盘
2606,10:56:42,13.82,--,72,99504,买盘
2607,10:56:39,13.82,0.01,156,215592,买盘
2608,10:56:36,13.81,--,152,209912,卖盘
2609,10:56:33,13.81,-0.01,100,138100,卖盘
2610,10:56:30,13.82,0.01,9,12438,买盘
2611,10:56:27,13.81,--,43,59383,卖盘
2612,10:56:24,13.81,-0.01,3,4143,卖盘
2613,10:56:21,13.82,--,43,59426,买盘
2614,10:56:18,13.82,0.01,314,433948,买盘
2615,10:56:15,13.81,--,207,287027,买盘
2616,10:56:12,13.81,--,44,60764,买盘
2617,10:56:09,13.81,--,13,17953,买盘
2618,10:56:06,13.81,--,302,417282,卖盘
2619,10:56:03,13.81,--,167,230627,卖盘
2620,10:56:00,13.81,--,206,284486,卖盘
2621,10:55:57,13.81,--,76,104956,卖盘
2622,10:55:51,13.81,--,78,107718,卖盘
2623,10:55:48,13.81,-0.01,21,29001,卖盘
2624,10:55:45,13.82,0.01,188,259816,买盘
2625,10:55:42,13.81,-0.01,92,127052,卖盘
2626,10:55:36,13.82,0.01,1,1382,中性盘
2627,10:55:33,13.81,-0.01,444,613164,卖盘
2628,10:55:30,13.82,--,111,153402,卖盘
2629,10:55:27,13.82,--,37,51134,卖盘
2630,10:55:24,13.82,--,83,114706,卖盘
2631,10:55:21,13.82,-0.01,82,113324,卖盘
2632,10:55:18,13.83,0.01,213,294579,买盘
2633,10:55:15,13.82,--,70,96740,卖盘
2634,10:55:12,13.82,-0.01,58,80156,卖盘
2635,10:55:09,13.83,0.01,11,15213,买盘
2636,10:55:06,13.82,-0.01,41,56662,卖盘
2637,10:55:03,13.83,--,244,337452,卖盘
2638,10:55:00,13.83,-0.01,599,828417,卖盘
2639,10:54:57,13.84,0.01,67,92728,买盘
2640,10:54:54,13.83,--,725,1002675,卖盘
2641,10:54:51,13.83,-0.01,78,107874,卖盘
2642,10:54:48,13.84,0.01,1,1384,买盘
2643,10:54:45,13.83,-0.01,228,315324,卖盘
2644,10:54:42,13.84,--,46,63664,买盘
2645,10:54:39,13.84,0.01,32,44288,买盘
2646,10:54:36,13.83,-0.01,7,9681,卖盘
2647,10:54:33,13.84,-0.01,12,16608,买盘
2648,10:54:30,13.85,0.01,310,429350,买盘
2649,10:54:24,13.84,-0.01,2,2768,卖盘
2650,10:54:21,13.85,--,13,18005,买盘
2651,10:54:18,13.85,--,991,1373089,卖盘
2652,10:54:15,13.85,--,17,23545,卖盘
2653,10:54:12,13.85,-0.01,211,292235,卖盘
2654,10:54:09,13.86,0.01,101,139986,买盘
2655,10:54:06,13.85,--,58,80330,卖盘
2656,10:54:03,13.85,--,503,696655,卖盘
2657,10:54:00,13.85,--,120,166200,卖盘
2658,10:53:57,13.85,-0.01,233,322705,卖盘
2659,10:53:54,13.86,0.01,30,41580,买盘
2660,10:53:51,13.85,-0.01,33,45705,卖盘
2661,10:53:48,13.86,0.01,70,97020,买盘
2662,10:53:45,13.85,--,18,24930,卖盘
2663,10:53:42,13.85,-0.01,21,29085,卖盘
2664,10:53:39,13.86,0.01,74,102564,买盘
2665,10:53:36,13.85,--,14,20221,卖盘
2666,10:53:33,13.85,--,7,9695,卖盘
2667,10:53:30,13.85,-0.01,65,90025,卖盘
2668,10:53:21,13.86,-0.01,18,24948,卖盘
2669,10:53:18,13.87,0.01,93,128991,买盘
2670,10:53:15,13.86,--,35,48510,卖盘
2671,10:53:12,13.86,--,1,1386,卖盘
2672,10:53:09,13.86,0.01,171,237006,买盘
2673,10:53:06,13.85,--,11,15235,卖盘
2674,10:53:03,13.85,--,50,69250,卖盘
2675,10:53:00,13.85,--,160,221600,卖盘
2676,10:52:54,13.85,--,17,23545,卖盘
2677,10:52:51,13.85,--,1,1385,卖盘
2678,10:52:48,13.85,--,290,401650,卖盘
2679,10:52:42,13.85,--,21,29085,卖盘
2680,10:52:39,13.85,--,45,62325,卖盘
2681,10:52:33,13.85,-0.02,8,11080,卖盘
2682,10:52:27,13.87,0.02,44,61028,买盘
2683,10:52:24,13.85,-0.01,94,130190,卖盘
2684,10:52:21,13.86,-0.01,82,113652,卖盘
2685,10:52:18,13.87,--,58,80446,买盘
2686,10:52:12,13.87,0.01,16,22192,买盘
2687,10:52:09,13.86,--,72,99792,卖盘
2688,10:52:06,13.86,--,71,98406,卖盘
2689,10:52:03,13.86,--,2,2772,卖盘
2690,10:52:00,13.86,-0.01,29,40194,卖盘
2691,10:51:57,13.87,0.01,50,69350,买盘
2692,10:51:54,13.86,-0.01,89,123354,卖盘
2693,10:51:51,13.87,--,49,67963,买盘
2694,10:51:48,13.87,0.01,91,126217,买盘
2695,10:51:45,13.86,--,99,137214,卖盘
2696,10:51:42,13.86,-0.01,50,69300,卖盘
2697,10:51:36,13.87,0.01,35,48545,买盘
2698,10:51:33,13.86,-0.01,56,77616,卖盘
2699,10:51:30,13.87,--,36,49932,买盘
2700,10:51:27,13.87,0.02,49,67963,买盘
2701,10:51:24,13.85,--,40,55400,卖盘
2702,10:51:21,13.85,-0.01,14,19390,卖盘
2703,10:51:18,13.86,-0.01,317,439362,卖盘
2704,10:51:15,13.87,0.01,47,65188,买盘
2705,10:51:12,13.86,--,61,84546,卖盘
2706,10:51:09,13.86,-0.01,1,1386,卖盘
2707,10:51:06,13.87,0.01,53,73511,买盘
2708,10:51:00,13.86,--,241,334026,卖盘
2709,10:50:57,13.86,--,101,139986,卖盘
2710,10:50:54,13.86,--,57,79002,卖盘
2711,10:50:48,13.86,-0.01,10,13860,卖盘
2712,10:50:45,13.87,0.01,212,294044,买盘
2713,10:50:42,13.86,--,1,1386,买盘
2714,10:50:39,13.86,0.01,124,171864,买盘
2715,10:50:36,13.85,--,38,52630,卖盘
2716,10:50:33,13.85,-0.01,84,116340,卖盘
2717,10:50:30,13.86,--,3,4158,买盘
2718,10:50:27,13.86,--,101,139986,买盘
2719,10:50:24,13.86,--,47,65142,买盘
2720,10:50:21,13.86,--,108,149688,买盘
2721,10:50:18,13.86,--,4,5544,买盘
2722,10:50:15,13.86,--,51,70686,买盘
2723,10:50:12,13.86,--,44,60984,买盘
2724,10:50:09,13.86,--,29,40194,买盘
2725,10:50:06,13.86,0.01,99,137214,买盘
2726,10:50:03,13.85,--,10,13850,卖盘
2727,10:50:00,13.85,0.01,63,87255,中性盘
2728,10:49:54,13.84,-0.01,122,168848,卖盘
2729,10:49:51,13.85,0.01,33,45705,买盘
2730,10:49:48,13.84,-0.01,61,84424,卖盘
2731,10:49:45,13.85,--,47,65095,买盘
2732,10:49:42,13.85,--,35,48475,买盘
2733,10:49:39,13.85,0.01,251,347635,买盘
2734,10:49:36,13.84,-0.01,14,19376,卖盘
2735,10:49:33,13.85,--,101,139885,买盘
2736,10:49:24,13.85,0.01,45,62325,买盘
2737,10:49:21,13.84,-0.01,70,96880,卖盘
2738,10:49:18,13.85,0.01,14,19390,买盘
2739,10:49:15,13.84,-0.01,20,27680,卖盘
2740,10:49:12,13.85,--,39,54015,买盘
2741,10:49:09,13.85,0.01,38,52630,买盘
2742,10:49:06,13.84,-0.01,31,42904,卖盘
2743,10:49:03,13.85,0.01,68,94180,买盘
2744,10:48:57,13.84,-0.01,50,69200,卖盘
2745,10:48:54,13.85,0.01,192,265920,买盘
2746,10:48:51,13.84,-0.01,1,1384,卖盘
2747,10:48:42,13.85,--,43,59555,买盘
2748,10:48:39,13.85,--,38,52630,买盘
2749,10:48:36,13.85,--,59,81715,买盘
2750,10:48:33,13.85,0.01,38,52630,买盘
2751,10:48:27,13.84,--,10,13840,卖盘
2752,10:48:24,13.84,-0.02,10,13840,卖盘
2753,10:48:21,13.86,0.01,42,58212,买盘
2754,10:48:18,13.85,-0.01,33,45705,中性盘
2755,10:48:15,13.86,--,5,6930,买盘
2756,10:48:12,13.86,0.02,29,40194,买盘
2757,10:48:09,13.84,-0.03,30,41520,卖盘
2758,10:48:06,13.87,0.02,1,1387,买盘
2759,10:48:03,13.85,-0.01,72,99720,卖盘
2760,10:48:00,13.86,--,66,91476,卖盘
2761,10:47:57,13.86,--,5,6930,卖盘
2762,10:47:54,13.86,--,29,40194,买盘
2763,10:47:51,13.86,0.01,99,137214,买盘
2764,10:47:48,13.85,--,3,4155,卖盘
2765,10:47:45,13.85,-0.01,1,1385,卖盘
2766,10:47:42,13.86,0.01,55,76230,买盘
2767,10:47:39,13.85,-0.01,11,15235,卖盘
2768,10:47:36,13.86,0.01,2,2772,买盘
