,time,price,change,volume,amount,type
0,15:00:03,11.59,0.02,7654,8871820,买盘
1,14:57:00,11.57,--,21,24297,卖盘
2,14:56:57,11.57,-0.01,20,23140,卖盘
3,14:56:54,11.58,--,53,61374,买盘
4,14:56:51,11.58,0.01,115,133170,买盘
5,14:56:48,11.57,--,221,255697,卖盘
6,14:56:45,11.57,--,74,85618,卖盘
7,14:56:42,11.57,-0.01,67,77519,卖盘
8,14:56:39,11.58,--,1,1158,买盘
9,14:56:36,11.58,0.01,69,79902,买盘
10,14:56:33,11.57,--,75,86775,卖盘
11,14:56:30,11.57,-0.01,45,52065,卖盘
12,14:56:27,11.58,--,21,24318,买盘
13,14:56:24,11.58,--,21,24318,买盘
14,14:56:21,11.58,--,5,5790,买盘
15,14:56:18,11.58,0.01,23,26634,买盘
16,14:56:15,11.57,--,7,8099,卖盘
17,14:56:12,11.57,--,20,23140,卖盘
18,14:56:09,11.57,--,8,9256,卖盘
19,14:56:06,11.57,--,72,83304,卖盘
20,14:56:03,11.57,--,38,43966,卖盘
21,14:56:00,11.57,-0.01,300,347100,卖盘
22,14:55:54,11.58,--,325,376350,买盘
23,14:55:51,11.58,--,43,49794,买盘
24,14:55:48,11.58,--,86,100502,买盘
25,14:55:45,11.58,--,35,40530,买盘
26,14:55:42,11.58,--,60,69480,买盘
27,14:55:36,11.58,--,20,23160,买盘
28,14:55:33,11.58,--,59,68322,买盘
29,14:55:30,11.58,0.01,62,71796,买盘
30,14:55:27,11.57,-0.01,10,11570,卖盘
31,14:55:24,11.58,0.01,268,310344,买盘
32,14:55:21,11.57,-0.01,3,3471,卖盘
33,14:55:18,11.58,0.01,205,237390,买盘
34,14:55:15,11.57,-0.01,26,30082,卖盘
35,14:55:12,11.58,--,4,4632,买盘
36,14:55:09,11.58,0.01,2,2316,买盘
37,14:55:06,11.57,--,194,224458,卖盘
38,14:55:03,11.57,-0.01,6,6942,卖盘
39,14:55:00,11.58,--,59,68322,买盘
40,14:54:57,11.58,--,8,9264,买盘
41,14:54:54,11.58,0.01,17,19686,买盘
42,14:54:51,11.57,-0.01,13,15041,卖盘
43,14:54:48,11.58,0.01,11,12738,买盘
44,14:54:45,11.57,-0.01,130,150687,卖盘
45,14:54:42,11.58,--,52,61096,买盘
46,14:54:39,11.58,--,81,93798,买盘
47,14:54:36,11.58,--,9,10422,买盘
48,14:54:33,11.58,0.01,149,172542,买盘
49,14:54:30,11.57,-0.01,3,3471,卖盘
50,14:54:27,11.58,--,114,132012,买盘
51,14:54:24,11.58,--,19,22002,买盘
52,14:54:21,11.58,--,12,13896,买盘
53,14:54:18,11.58,--,141,163278,买盘
54,14:54:15,11.58,--,1,1158,买盘
55,14:54:12,11.58,--,7,8106,买盘
56,14:54:09,11.58,--,21,24595,卖盘
57,14:54:06,11.58,0.01,287,333226,买盘
58,14:54:03,11.57,-0.01,7,8099,卖盘
59,14:54:00,11.58,0.01,12,13896,买盘
60,14:53:57,11.57,--,1,1157,卖盘
61,14:53:54,11.57,--,156,180492,卖盘
62,14:53:51,11.57,-0.01,12,13884,卖盘
63,14:53:48,11.58,0.01,17,19686,买盘
64,14:53:45,11.57,--,44,51856,卖盘
65,14:53:42,11.57,-0.01,149,172393,卖盘
66,14:53:39,11.58,--,49,56742,买盘
67,14:53:33,11.58,--,34,39372,买盘
68,14:53:30,11.58,--,597,691916,卖盘
69,14:53:27,11.58,-0.01,100,115800,卖盘
70,14:53:24,11.59,0.01,32,37088,买盘
71,14:53:21,11.58,-0.01,2,2316,卖盘
72,14:53:18,11.59,0.01,736,853024,买盘
73,14:53:15,11.58,--,116,134328,卖盘
74,14:53:12,11.58,-0.01,199,230442,卖盘
75,14:53:09,11.59,--,65,75335,买盘
76,14:53:06,11.59,0.01,27,31293,买盘
77,14:53:03,11.58,-0.01,15,17370,卖盘
78,14:53:00,11.59,--,14,16226,买盘
79,14:52:57,11.59,--,326,377834,买盘
80,14:52:54,11.59,0.01,8,9272,买盘
81,14:52:51,11.58,-0.01,127,147066,卖盘
82,14:52:48,11.59,--,39,45201,买盘
83,14:52:45,11.59,0.01,147,171288,买盘
84,14:52:42,11.58,-0.01,231,267498,卖盘
85,14:52:39,11.59,0.01,5,5795,买盘
86,14:52:36,11.58,--,56,64848,卖盘
87,14:52:33,11.58,-0.01,218,252444,卖盘
88,14:52:30,11.59,0.01,34,39406,买盘
89,14:52:27,11.58,--,45,52110,卖盘
90,14:52:24,11.58,--,15,17370,卖盘
91,14:52:21,11.58,--,11,12795,卖盘
92,14:52:18,11.58,-0.01,8,9264,卖盘
93,14:52:15,11.59,--,65,75335,买盘
94,14:52:12,11.59,--,1000,1159000,买盘
95,14:52:09,11.59,0.01,9,10431,买盘
96,14:52:06,11.58,-0.01,303,350874,卖盘
97,14:52:03,11.59,0.01,140,162260,买盘
98,14:52:00,11.58,--,6,6948,卖盘
99,14:51:57,11.58,-0.01,4,4632,卖盘
100,14:51:54,11.59,--,20,23180,买盘
101,14:51:51,11.59,--,41,47519,买盘
102,14:51:48,11.59,--,31,36856,买盘
103,14:51:45,11.59,--,1050,1216950,买盘
104,14:51:39,11.59,--,571,661789,买盘
105,14:51:36,11.59,--,250,289750,买盘
106,14:51:33,11.59,0.01,153,177327,买盘
107,14:51:30,11.58,-0.01,134,155229,卖盘
108,14:51:27,11.59,0.01,19,22021,买盘
109,14:51:24,11.58,--,124,143592,卖盘
110,14:51:21,11.58,--,62,71796,卖盘
111,14:51:18,11.58,-0.01,41,47478,卖盘
112,14:51:15,11.59,0.01,46,53314,买盘
113,14:51:12,11.58,--,9,10422,卖盘
114,14:51:09,11.58,--,163,188754,卖盘
115,14:51:06,11.58,-0.01,43,49794,卖盘
116,14:51:03,11.59,0.01,9,10431,买盘
117,14:50:57,11.58,--,36,41688,卖盘
118,14:50:54,11.58,-0.01,17,20612,卖盘
119,14:50:51,11.59,--,132,152988,买盘
120,14:50:48,11.59,0.01,64,74176,买盘
121,14:50:45,11.58,-0.01,70,81060,卖盘
122,14:50:42,11.59,0.01,116,134444,买盘
123,14:50:39,11.58,--,32,37056,卖盘
124,14:50:36,11.58,--,35,40530,卖盘
125,14:50:33,11.58,--,29,33582,卖盘
126,14:50:30,11.58,--,5,5790,卖盘
127,14:50:27,11.58,--,147,170226,买盘
128,14:50:24,11.58,--,62,71853,买盘
129,14:50:21,11.58,--,33,38214,买盘
130,14:50:18,11.58,0.01,88,101904,买盘
131,14:50:15,11.57,-0.01,10,11570,卖盘
132,14:50:12,11.58,0.01,100,115800,买盘
133,14:50:09,11.57,-0.01,19,21983,卖盘
134,14:50:06,11.58,--,58,67164,买盘
135,14:50:03,11.58,--,20,23160,买盘
136,14:50:00,11.58,--,5,5790,买盘
137,14:49:54,11.58,--,1433,1659414,买盘
138,14:49:51,11.58,0.01,14,16212,买盘
139,14:49:48,11.57,--,36,42589,卖盘
140,14:49:45,11.57,--,626,724282,卖盘
141,14:49:42,11.57,-0.01,114,131898,卖盘
142,14:49:39,11.58,--,163,188754,买盘
143,14:49:33,11.58,--,71,82218,买盘
144,14:49:30,11.58,0.01,31,35898,买盘
145,14:49:27,11.57,--,13,15041,卖盘
146,14:49:24,11.57,-0.01,1,1214,卖盘
147,14:49:21,11.58,--,15,17370,买盘
148,14:49:18,11.58,0.01,25,28950,买盘
149,14:49:12,11.57,--,55,63635,卖盘
150,14:49:06,11.57,-0.01,51,59007,卖盘
151,14:49:03,11.58,0.01,44,50952,买盘
152,14:49:00,11.57,--,10,11570,卖盘
153,14:48:57,11.57,--,4,4628,卖盘
154,14:48:54,11.57,--,20,23834,买盘
155,14:48:51,11.57,-0.01,330,382272,卖盘
156,14:48:48,11.58,--,28,33361,买盘
157,14:48:42,11.58,--,25,28950,买盘
158,14:48:39,11.58,0.01,60,69480,买盘
159,14:48:36,11.57,-0.01,46,53222,卖盘
160,14:48:33,11.58,--,19,22002,买盘
161,14:48:30,11.58,--,7,8106,买盘
162,14:48:27,11.58,0.01,28,32481,买盘
163,14:48:24,11.57,-0.01,29,33553,卖盘
164,14:48:21,11.58,--,4,4632,买盘
165,14:48:18,11.58,0.01,24,27792,买盘
166,14:48:15,11.57,-0.01,13,15041,卖盘
167,14:48:12,11.58,0.01,17,19686,买盘
168,14:48:09,11.57,--,42,48594,卖盘
169,14:48:06,11.57,-0.01,46,53222,卖盘
170,14:48:03,11.58,0.01,47,54426,买盘
171,14:48:00,11.57,-0.01,364,421148,卖盘
172,14:47:57,11.58,--,70,81060,买盘
173,14:47:54,11.58,--,2,2316,买盘
174,14:47:51,11.58,0.01,21,24318,买盘
175,14:47:48,11.57,--,30,34710,卖盘
176,14:47:45,11.57,-0.01,60,69420,卖盘
177,14:47:42,11.58,--,248,287184,买盘
178,14:47:39,11.58,0.01,60,69480,买盘
179,14:47:36,11.57,--,2,2314,卖盘
180,14:47:33,11.57,-0.01,115,133055,卖盘
181,14:47:30,11.58,0.01,20,23160,买盘
182,14:47:27,11.57,0.01,78,91102,买盘
183,14:47:24,11.56,-0.01,211,243916,卖盘
184,14:47:21,11.57,--,572,661804,买盘
185,14:47:18,11.57,--,144,166608,买盘
186,14:47:15,11.57,--,1001,1158157,买盘
187,14:47:09,11.57,--,109,126113,买盘
188,14:47:06,11.57,--,85,98345,买盘
189,14:47:03,11.57,--,110,127270,买盘
190,14:47:00,11.57,--,355,410735,买盘
191,14:46:57,11.57,--,149,172393,买盘
192,14:46:54,11.57,--,42,48594,买盘
193,14:46:51,11.57,--,3,3471,买盘
194,14:46:48,11.57,--,135,157155,买盘
195,14:46:45,11.57,--,1,1157,买盘
196,14:46:42,11.57,0.01,21,24297,买盘
197,14:46:39,11.56,-0.01,173,199988,卖盘
198,14:46:36,11.57,0.01,5,5785,买盘
199,14:46:33,11.56,-0.01,28,32368,卖盘
200,14:46:30,11.57,0.01,128,148096,买盘
201,14:46:27,11.56,--,40,46240,卖盘
202,14:46:24,11.56,--,9,10461,卖盘
203,14:46:21,11.56,-0.01,31,35836,卖盘
204,14:46:18,11.57,0.01,48,55536,买盘
205,14:46:15,11.56,-0.01,15,17340,卖盘
206,14:46:12,11.57,0.01,8,9256,买盘
207,14:46:09,11.56,--,14,16184,卖盘
208,14:46:06,11.56,--,70,80920,卖盘
209,14:46:03,11.56,--,114,131784,卖盘
210,14:45:57,11.56,-0.01,118,137471,卖盘
211,14:45:54,11.57,--,18,20826,买盘
212,14:45:51,11.57,0.01,39,45123,买盘
213,14:45:48,11.56,--,334,386104,卖盘
214,14:45:45,11.56,-0.01,39,46043,卖盘
215,14:45:42,11.57,--,5,5785,买盘
216,14:45:39,11.57,0.01,37,42809,买盘
217,14:45:36,11.56,--,1,1156,卖盘
218,14:45:33,11.56,-0.01,57,65892,卖盘
219,14:45:30,11.57,0.01,13,15041,买盘
220,14:45:27,11.56,--,20,23177,卖盘
221,14:45:24,11.56,--,10,11560,卖盘
222,14:45:21,11.56,-0.01,58,67048,卖盘
223,14:45:18,11.57,0.01,118,136526,买盘
224,14:45:09,11.56,--,28,32368,卖盘
225,14:45:06,11.56,--,89,102884,卖盘
226,14:45:03,11.56,--,440,509657,买盘
227,14:45:00,11.56,0.01,6,6936,买盘
228,14:44:57,11.55,--,41,47355,卖盘
229,14:44:54,11.55,--,381,440055,卖盘
230,14:44:51,11.55,--,28,32340,卖盘
231,14:44:48,11.55,--,69,79695,卖盘
232,14:44:45,11.55,-0.01,47,54285,卖盘
233,14:44:42,11.56,0.01,2,2312,买盘
234,14:44:36,11.55,-0.01,10,11550,卖盘
235,14:44:33,11.56,--,45,52020,买盘
236,14:44:30,11.56,0.01,133,153748,买盘
237,14:44:27,11.55,--,50,57750,卖盘
238,14:44:24,11.55,--,13,15072,卖盘
239,14:44:21,11.55,--,2,2310,卖盘
240,14:44:18,11.55,--,126,145530,卖盘
241,14:44:15,11.55,--,18,20790,卖盘
242,14:44:12,11.55,--,27,31185,卖盘
243,14:44:09,11.55,--,25,28875,卖盘
244,14:44:06,11.55,-0.01,18,20790,卖盘
245,14:44:03,11.56,0.01,45,52020,买盘
246,14:43:57,11.55,--,31,35805,卖盘
247,14:43:54,11.55,--,4,4620,卖盘
248,14:43:51,11.55,--,48,55440,卖盘
249,14:43:48,11.55,--,22,25410,卖盘
250,14:43:45,11.55,-0.01,103,118965,卖盘
251,14:43:42,11.56,--,15,17340,买盘
252,14:43:39,11.56,0.01,20,23120,买盘
253,14:43:36,11.55,-0.01,24,27720,卖盘
254,14:43:33,11.56,0.01,19,21964,买盘
255,14:43:30,11.55,-0.01,20,23100,卖盘
256,14:43:21,11.56,0.01,32,37049,买盘
257,14:43:18,11.55,-0.01,41,47355,卖盘
258,14:43:15,11.56,--,14,16184,买盘
259,14:43:12,11.56,0.01,4,4624,买盘
260,14:43:09,11.55,--,22,25410,卖盘
261,14:43:06,11.55,-0.01,63,72765,卖盘
262,14:43:03,11.56,0.01,40,46240,买盘
263,14:43:00,11.55,-0.01,38,43890,卖盘
264,14:42:57,11.56,--,73,84388,买盘
265,14:42:54,11.56,--,11,12716,买盘
266,14:42:51,11.56,--,3,3468,买盘
267,14:42:48,11.56,--,64,73984,买盘
268,14:42:45,11.56,--,23,26588,买盘
269,14:42:42,11.56,0.01,50,57800,买盘
270,14:42:33,11.55,--,105,121275,卖盘
271,14:42:30,11.55,--,1,1201,卖盘
272,14:42:24,11.55,-0.01,31,35805,卖盘
273,14:42:21,11.56,--,7,8092,买盘
274,14:42:18,11.56,--,170,196520,买盘
275,14:42:15,11.56,0.01,3,3468,买盘
276,14:42:12,11.55,-0.01,12,13860,卖盘
277,14:42:09,11.56,0.01,7,8092,买盘
278,14:42:06,11.55,-0.01,42,48510,卖盘
279,14:42:03,11.56,-0.01,215,248678,卖盘
280,14:42:00,11.57,0.01,5,5785,买盘
281,14:41:57,11.56,-0.01,25,28900,卖盘
282,14:41:54,11.57,0.01,122,141154,买盘
283,14:41:51,11.56,--,12,13872,卖盘
284,14:41:48,11.56,-0.01,61,71475,卖盘
285,14:41:45,11.57,--,43,49751,买盘
286,14:41:42,11.57,0.01,177,204789,买盘
287,14:41:36,11.56,-0.01,15,17340,卖盘
288,14:41:33,11.57,--,25,28925,买盘
289,14:41:27,11.57,--,5,5785,买盘
290,14:41:21,11.57,0.02,24,27825,买盘
291,14:41:18,11.55,-0.02,33,38115,卖盘
292,14:41:15,11.57,--,34,39338,买盘
293,14:41:12,11.57,0.01,47,55397,买盘
294,14:41:09,11.56,--,42,48552,卖盘
295,14:41:06,11.56,-0.01,24,27744,卖盘
296,14:41:03,11.57,0.01,43,49751,买盘
297,14:41:00,11.56,-0.01,6,6936,卖盘
298,14:40:57,11.57,--,11,12727,买盘
299,14:40:54,11.57,0.01,14,16198,买盘
300,14:40:51,11.56,-0.01,19,21964,卖盘
301,14:40:48,11.57,--,163,188591,买盘
302,14:40:42,11.57,0.01,51,59007,买盘
303,14:40:39,11.56,--,152,175850,买盘
304,14:40:36,11.56,--,10,11560,买盘
305,14:40:33,11.56,--,155,179180,买盘
306,14:40:27,11.56,--,7,8092,买盘
307,14:40:24,11.56,--,38,43928,买盘
308,14:40:21,11.56,--,10,11617,买盘
309,14:40:18,11.56,--,46,53176,买盘
310,14:40:15,11.56,-0.01,609,705021,卖盘
311,14:40:12,11.57,--,10,11570,买盘
312,14:40:09,11.57,0.01,340,393380,买盘
313,14:40:06,11.56,--,28,32368,卖盘
314,14:40:03,11.56,-0.01,52,60112,卖盘
315,14:40:00,11.57,--,7,8099,买盘
316,14:39:57,11.57,0.01,11,12727,买盘
317,14:39:54,11.56,--,4,4624,卖盘
318,14:39:51,11.56,-0.01,1,1156,卖盘
319,14:39:48,11.57,0.01,17,19669,买盘
320,14:39:45,11.56,--,58,67048,卖盘
321,14:39:42,11.56,--,304,351424,卖盘
322,14:39:39,11.56,--,1,1156,卖盘
323,14:39:36,11.56,--,2,2312,卖盘
324,14:39:30,11.56,--,11,12716,卖盘
325,14:39:27,11.56,-0.01,21,24333,卖盘
326,14:39:24,11.57,--,277,320489,买盘
327,14:39:21,11.57,0.01,10,11570,买盘
328,14:39:18,11.56,--,38,43928,卖盘
329,14:39:12,11.56,--,27,31212,卖盘
330,14:39:09,11.56,--,25,28900,卖盘
331,14:39:06,11.56,--,20,23120,卖盘
332,14:39:03,11.56,-0.01,29,33524,卖盘
333,14:38:57,11.57,0.01,2,2314,买盘
334,14:38:51,11.56,-0.01,8,9248,卖盘
335,14:38:48,11.57,0.01,4,4628,买盘
336,14:38:42,11.56,-0.01,49,56644,卖盘
337,14:38:39,11.57,--,1,1157,买盘
338,14:38:33,11.57,--,61,70577,买盘
339,14:38:30,11.57,--,6,6942,卖盘
340,14:38:27,11.57,--,4,4628,卖盘
341,14:38:24,11.57,--,1,1157,卖盘
342,14:38:21,11.57,--,40,46337,买盘
343,14:38:18,11.57,--,66,76362,卖盘
344,14:38:15,11.57,--,23,26611,卖盘
345,14:38:12,11.57,--,3,3471,卖盘
346,14:38:09,11.57,0.01,181,209417,买盘
347,14:38:06,11.56,-0.01,20,23120,卖盘
348,14:38:03,11.57,-0.01,29,33553,卖盘
349,14:38:00,11.58,0.02,20,23160,买盘
350,14:37:57,11.56,-0.02,180,208080,卖盘
351,14:37:54,11.58,0.01,4,4632,买盘
352,14:37:51,11.57,-0.01,64,74048,卖盘
353,14:37:48,11.58,--,60,69480,买盘
354,14:37:42,11.58,--,1,1158,买盘
355,14:37:36,11.58,--,15,17370,买盘
356,14:37:33,11.58,0.01,33,38214,买盘
357,14:37:30,11.57,-0.01,200,231400,卖盘
358,14:37:27,11.58,0.01,66,76428,买盘
359,14:37:21,11.57,--,1,1203,卖盘
360,14:37:18,11.57,-0.01,22,25454,卖盘
361,14:37:15,11.58,--,11,12738,买盘
362,14:37:12,11.58,--,1,1158,卖盘
363,14:37:09,11.58,0.01,18,20844,卖盘
364,14:37:06,11.57,--,90,104130,卖盘
365,14:37:03,11.57,--,238,275366,卖盘
366,14:37:00,11.57,-0.01,555,642135,卖盘
367,14:36:57,11.58,--,122,141276,卖盘
368,14:36:54,11.58,--,57,66006,卖盘
369,14:36:51,11.58,--,163,188754,卖盘
370,14:36:48,11.58,--,89,103062,卖盘
371,14:36:45,11.58,--,159,184122,卖盘
372,14:36:42,11.58,--,28,32424,卖盘
373,14:36:36,11.58,-0.01,49,56742,卖盘
374,14:36:33,11.59,0.01,316,366244,买盘
375,14:36:30,11.58,--,102,118116,卖盘
376,14:36:27,11.58,-0.01,44,51009,卖盘
377,14:36:24,11.59,0.01,3,3477,买盘
378,14:36:21,11.58,--,11,12738,卖盘
379,14:36:18,11.58,-0.01,15,17370,卖盘
380,14:36:12,11.59,--,28,32452,买盘
381,14:36:09,11.59,0.01,17,19703,买盘
382,14:36:06,11.58,--,33,38214,卖盘
383,14:36:03,11.58,-0.01,3,3474,卖盘
384,14:36:00,11.59,0.01,45,52155,买盘
385,14:35:57,11.58,-0.01,68,78744,卖盘
386,14:35:54,11.59,0.01,3,3477,买盘
387,14:35:51,11.58,--,30,34740,卖盘
388,14:35:48,11.58,-0.01,50,57900,卖盘
389,14:35:45,11.59,0.01,40,46360,买盘
390,14:35:42,11.58,-0.01,55,63690,卖盘
391,14:35:39,11.59,0.01,38,44042,买盘
392,14:35:33,11.58,--,15,17370,卖盘
393,14:35:30,11.58,--,5,5790,卖盘
394,14:35:27,11.58,--,7,8163,卖盘
395,14:35:24,11.58,-0.01,207,239706,卖盘
396,14:35:21,11.59,0.01,46,53314,买盘
397,14:35:18,11.58,-0.01,27,31266,卖盘
398,14:35:12,11.59,0.01,26,30134,买盘
399,14:35:09,11.58,-0.01,160,185280,卖盘
400,14:35:06,11.59,--,77,89243,买盘
401,14:35:03,11.59,0.01,40,46360,买盘
402,14:35:00,11.58,--,13,15054,卖盘
403,14:34:57,11.58,--,3,3474,卖盘
404,14:34:54,11.58,-0.01,4,4632,卖盘
405,14:34:45,11.59,0.01,101,117059,买盘
406,14:34:42,11.58,-0.01,4,4632,卖盘
407,14:34:36,11.59,0.01,21,24339,买盘
408,14:34:33,11.58,-0.01,3,3474,卖盘
409,14:34:30,11.59,0.01,18,20862,买盘
410,14:34:27,11.58,--,5,5790,卖盘
411,14:34:24,11.58,-0.01,84,97272,卖盘
412,14:34:21,11.59,0.01,36,41781,买盘
413,14:34:18,11.58,--,175,202650,卖盘
414,14:34:15,11.58,-0.01,65,75270,卖盘
415,14:34:12,11.59,0.01,120,139080,买盘
416,14:34:09,11.58,-0.01,36,41688,卖盘
417,14:34:06,11.59,--,185,214415,买盘
418,14:34:03,11.59,0.01,25,28975,买盘
419,14:34:00,11.58,--,50,57900,卖盘
420,14:33:57,11.58,-0.01,221,255918,卖盘
421,14:33:51,11.59,--,52,60268,买盘
422,14:33:48,11.59,0.01,7,8113,买盘
423,14:33:45,11.58,-0.01,221,255918,卖盘
424,14:33:39,11.59,--,17,19703,买盘
425,14:33:36,11.59,--,54,62586,买盘
426,14:33:33,11.59,0.01,3,3477,买盘
427,14:33:30,11.58,--,35,40530,卖盘
428,14:33:27,11.58,-0.01,603,698274,卖盘
429,14:33:24,11.59,--,35,40565,买盘
430,14:33:21,11.59,0.01,14,16283,买盘
431,14:33:18,11.58,--,20,23160,卖盘
432,14:33:15,11.58,--,5,5790,卖盘
433,14:33:12,11.58,--,40,46320,卖盘
434,14:33:09,11.58,--,195,225810,卖盘
435,14:33:06,11.58,--,45,52110,卖盘
436,14:33:03,11.58,-0.01,25,28950,卖盘
437,14:33:00,11.59,0.01,51,59109,买盘
438,14:32:57,11.58,-0.01,14,16212,卖盘
439,14:32:54,11.59,--,25,28975,买盘
440,14:32:51,11.59,--,15,17385,买盘
441,14:32:45,11.59,0.01,17,19703,买盘
442,14:32:42,11.58,--,15,17370,卖盘
443,14:32:39,11.58,--,96,111168,卖盘
444,14:32:36,11.58,--,42,48636,卖盘
445,14:32:33,11.58,--,16,18528,卖盘
446,14:32:30,11.58,--,6,6948,卖盘
447,14:32:27,11.58,--,23,26691,卖盘
448,14:32:24,11.58,--,45,52110,卖盘
449,14:32:21,11.58,--,170,196860,卖盘
450,14:32:18,11.58,--,33,38214,卖盘
451,14:32:15,11.58,--,4,4632,卖盘
452,14:32:12,11.58,--,326,377508,卖盘
453,14:32:09,11.58,--,14,16212,卖盘
454,14:32:06,11.58,-0.01,26,30108,卖盘
455,14:32:03,11.59,--,10,11590,买盘
456,14:32:00,11.59,0.01,13,15067,买盘
457,14:31:57,11.58,-0.01,17,19686,卖盘
458,14:31:54,11.59,0.01,2,2318,买盘
459,14:31:51,11.58,--,26,30108,卖盘
460,14:31:48,11.58,--,28,32424,卖盘
461,14:31:45,11.58,--,273,316134,卖盘
462,14:31:42,11.58,--,20,23160,卖盘
463,14:31:39,11.58,--,112,129696,卖盘
464,14:31:36,11.58,-0.01,16,18528,卖盘
465,14:31:33,11.59,0.01,9,10431,买盘
466,14:31:30,11.58,--,11,12738,卖盘
467,14:31:27,11.58,--,21,24318,卖盘
468,14:31:24,11.58,--,12,13942,卖盘
469,14:31:21,11.58,--,35,40530,卖盘
470,14:31:18,11.58,--,67,77586,卖盘
471,14:31:15,11.58,-0.01,34,39372,卖盘
472,14:31:09,11.59,0.01,41,47519,买盘
473,14:31:06,11.58,--,52,60216,卖盘
474,14:31:03,11.58,--,11,12738,卖盘
475,14:31:00,11.58,--,26,30108,卖盘
476,14:30:57,11.58,-0.01,280,324240,卖盘
477,14:30:54,11.59,--,35,40565,买盘
478,14:30:51,11.59,0.01,13,15067,买盘
479,14:30:48,11.58,-0.01,3,3474,卖盘
480,14:30:45,11.59,--,102,118218,买盘
481,14:30:42,11.59,--,4,4636,买盘
482,14:30:39,11.59,0.01,1,1159,买盘
483,14:30:36,11.58,-0.01,26,30108,卖盘
484,14:30:33,11.59,--,79,91561,卖盘
485,14:30:30,11.59,0.01,72,83448,买盘
486,14:30:24,11.58,-0.01,1,1215,卖盘
487,14:30:21,11.59,-0.01,64,74176,卖盘
488,14:30:18,11.6,0.01,55,63800,买盘
489,14:30:15,11.59,-0.01,113,130967,卖盘
490,14:30:12,11.6,0.01,31,35960,买盘
491,14:30:09,11.59,--,409,474031,卖盘
492,14:30:06,11.59,--,48,55632,卖盘
493,14:30:03,11.59,--,53,61427,卖盘
494,14:30:00,11.59,-0.01,25,28975,卖盘
495,14:29:57,11.6,0.01,100,116000,买盘
496,14:29:54,11.59,-0.01,130,150670,卖盘
497,14:29:51,11.6,--,439,509240,买盘
498,14:29:48,11.6,0.01,23,26680,买盘
499,14:29:45,11.59,--,71,82289,卖盘
500,14:29:42,11.59,-0.01,43,49837,卖盘
501,14:29:39,11.6,0.01,31,35960,买盘
502,14:29:36,11.59,0.01,153,177327,买盘
503,14:29:33,11.58,-0.01,13,15054,卖盘
504,14:29:30,11.59,--,2,2318,买盘
505,14:29:27,11.59,0.01,90,104367,买盘
506,14:29:24,11.58,-0.01,69,79902,卖盘
507,14:29:21,11.59,-0.01,25,28975,卖盘
508,14:29:18,11.6,0.02,97,112520,买盘
509,14:29:15,11.58,-0.01,810,937980,卖盘
510,14:29:12,11.59,--,83,96197,卖盘
511,14:29:09,11.59,-0.01,6,6954,卖盘
512,14:29:06,11.6,0.01,24,27840,买盘
513,14:29:03,11.59,--,169,195871,卖盘
514,14:29:00,11.59,--,45,52155,卖盘
515,14:28:57,11.59,--,27,31293,卖盘
516,14:28:54,11.59,-0.01,55,63745,卖盘
517,14:28:51,11.6,0.02,254,294640,买盘
518,14:28:48,11.58,--,16,18528,卖盘
519,14:28:45,11.58,-0.02,368,426144,卖盘
520,14:28:42,11.6,0.01,630,730800,买盘
521,14:28:39,11.59,0.01,6,6954,买盘
522,14:28:36,11.58,-0.01,41,48543,卖盘
523,14:28:33,11.59,--,540,625860,买盘
524,14:28:30,11.59,0.01,140,162260,买盘
525,14:28:27,11.58,--,250,289557,买盘
526,14:28:24,11.58,--,587,679746,卖盘
527,14:28:21,11.58,-0.01,286,331188,中性盘
528,14:28:18,11.59,0.01,1226,1420934,买盘
529,14:28:15,11.58,0.01,788,912504,买盘
530,14:28:12,11.57,--,1352,1564264,卖盘
531,14:28:09,11.57,--,1081,1250717,卖盘
532,14:28:06,11.57,--,112,129584,卖盘
533,14:28:03,11.57,--,108,124956,卖盘
534,14:28:00,11.57,--,260,300935,买盘
535,14:27:57,11.57,--,1559,1803763,买盘
536,14:27:54,11.57,0.01,266,307762,买盘
537,14:27:51,11.56,-0.01,2,2312,卖盘
538,14:27:48,11.57,--,49,56693,买盘
539,14:27:45,11.57,0.01,140,161980,买盘
540,14:27:42,11.56,--,1427,1650386,买盘
541,14:27:39,11.56,0.01,1,1156,买盘
542,14:27:36,11.55,--,30,34650,卖盘
543,14:27:33,11.55,-0.01,104,120120,卖盘
544,14:27:30,11.56,0.01,10,11560,买盘
545,14:27:27,11.55,-0.01,61,70455,卖盘
546,14:27:24,11.56,--,10,11560,买盘
547,14:27:21,11.56,--,34,39361,买盘
548,14:27:18,11.56,--,30,34680,买盘
549,14:27:15,11.56,0.01,27,31212,买盘
550,14:27:12,11.55,--,38,43890,卖盘
551,14:27:09,11.55,--,7,8085,卖盘
552,14:27:06,11.55,-0.01,148,170940,卖盘
553,14:27:03,11.56,--,323,373388,买盘
554,14:27:00,11.56,0.01,58,67048,买盘
555,14:26:57,11.55,-0.01,103,118965,卖盘
556,14:26:54,11.56,--,17,19652,买盘
557,14:26:51,11.56,--,10,11560,买盘
558,14:26:48,11.56,0.01,105,121380,买盘
559,14:26:45,11.55,--,202,233310,卖盘
560,14:26:42,11.55,-0.01,89,102795,卖盘
561,14:26:39,11.56,0.01,2,2312,买盘
562,14:26:36,11.55,-0.01,37,42735,卖盘
563,14:26:33,11.56,0.01,15,17340,买盘
564,14:26:30,11.55,--,2,2310,卖盘
565,14:26:27,11.55,-0.01,32,37006,卖盘
566,14:26:24,11.56,--,5,5780,买盘
567,14:26:18,11.56,--,16,18496,买盘
568,14:26:15,11.56,0.01,100,115600,买盘
569,14:26:12,11.55,--,42,48510,卖盘
570,14:26:09,11.55,--,34,39270,卖盘
571,14:26:06,11.55,--,203,234465,买盘
572,14:26:03,11.55,--,57,65835,买盘
573,14:26:00,11.55,0.01,81,93555,买盘
574,14:25:57,11.54,-0.01,13,15001,卖盘
575,14:25:54,11.55,--,12,13860,买盘
576,14:25:51,11.55,--,8,9240,买盘
577,14:25:48,11.55,0.01,120,138600,买盘
578,14:25:42,11.54,--,18,20772,卖盘
579,14:25:39,11.54,-0.01,3,3461,卖盘
580,14:25:36,11.55,0.01,66,76230,买盘
581,14:25:33,11.54,--,19,21926,卖盘
582,14:25:27,11.54,-0.01,11,12693,卖盘
583,14:25:24,11.55,0.01,26,30030,买盘
584,14:25:21,11.54,-0.01,1,1211,卖盘
585,14:25:18,11.55,0.01,16,18480,买盘
586,14:25:15,11.54,--,10,11540,卖盘
587,14:25:12,11.54,--,44,50775,卖盘
588,14:25:09,11.54,--,7,8077,卖盘
589,14:25:06,11.54,-0.01,39,45006,卖盘
590,14:25:03,11.55,--,20,23100,买盘
591,14:25:00,11.55,0.01,16,18480,买盘
592,14:24:57,11.54,--,28,32311,卖盘
593,14:24:51,11.54,-0.01,1,1154,卖盘
594,14:24:48,11.55,--,24,27720,买盘
595,14:24:45,11.55,0.01,10,11550,买盘
596,14:24:42,11.54,-0.01,6,6923,卖盘
597,14:24:39,11.55,0.01,7,8085,买盘
598,14:24:36,11.54,--,11,12693,卖盘
599,14:24:33,11.54,--,63,72702,卖盘
600,14:24:30,11.54,--,2,2308,卖盘
601,14:24:27,11.54,-0.01,17,19618,卖盘
602,14:24:24,11.55,--,30,34650,买盘
603,14:24:21,11.55,--,15,17325,卖盘
604,14:24:18,11.55,--,4,4620,卖盘
605,14:24:15,11.55,--,188,217578,卖盘
606,14:24:12,11.55,--,116,133980,卖盘
607,14:24:09,11.55,--,3,3465,卖盘
608,14:24:06,11.55,--,33,38115,卖盘
609,14:24:03,11.55,-0.01,15,17325,卖盘
610,14:23:57,11.56,0.01,57,65892,买盘
611,14:23:54,11.55,--,20,23100,卖盘
612,14:23:51,11.55,--,10,11550,卖盘
613,14:23:48,11.55,--,3,3465,卖盘
614,14:23:45,11.55,--,1,1155,卖盘
615,14:23:42,11.55,-0.01,14,16170,卖盘
616,14:23:39,11.56,0.01,3,3468,买盘
617,14:23:36,11.55,--,12,13860,卖盘
618,14:23:33,11.55,-0.01,1,1155,卖盘
619,14:23:30,11.56,0.01,32,36992,买盘
620,14:23:27,11.55,-0.01,286,330330,卖盘
621,14:23:24,11.56,--,34,39361,买盘
622,14:23:21,11.56,--,10,11560,买盘
623,14:23:18,11.56,0.01,44,50864,买盘
624,14:23:15,11.55,--,16,18480,卖盘
625,14:23:12,11.55,-0.01,8,9240,卖盘
626,14:23:09,11.56,--,21,24276,买盘
627,14:23:06,11.56,0.01,47,54332,买盘
628,14:23:03,11.55,--,104,120120,卖盘
629,14:23:00,11.55,--,6,6930,卖盘
630,14:22:57,11.55,--,141,162855,卖盘
631,14:22:54,11.55,--,41,47355,卖盘
632,14:22:51,11.55,--,20,23100,卖盘
633,14:22:48,11.55,--,60,69300,卖盘
634,14:22:42,11.55,-0.01,21,24255,卖盘
635,14:22:39,11.56,0.01,3,3468,买盘
636,14:22:36,11.55,-0.01,57,65835,卖盘
637,14:22:33,11.56,0.01,71,82076,买盘
638,14:22:30,11.55,--,70,80850,卖盘
639,14:22:27,11.55,-0.01,26,30030,卖盘
640,14:22:24,11.56,--,14,16184,买盘
641,14:22:21,11.56,0.01,30,34737,买盘
642,14:22:18,11.55,--,12,13860,卖盘
643,14:22:15,11.55,--,51,58905,卖盘
644,14:22:12,11.55,-0.01,11,12705,卖盘
645,14:22:09,11.56,--,65,75140,买盘
646,14:22:06,11.56,0.01,33,38148,买盘
647,14:22:03,11.55,-0.01,13,15015,卖盘
648,14:21:57,11.56,0.01,14,16184,买盘
649,14:21:54,11.55,-0.01,34,39270,卖盘
650,14:21:48,11.56,--,12,13872,买盘
651,14:21:45,11.56,0.01,15,17340,买盘
652,14:21:42,11.55,-0.01,84,97020,卖盘
653,14:21:39,11.56,0.01,141,162996,买盘
654,14:21:36,11.55,--,167,192885,卖盘
655,14:21:33,11.55,--,7,8085,卖盘
656,14:21:27,11.55,0.01,199,230445,买盘
657,14:21:24,11.54,--,54,62315,卖盘
658,14:21:21,11.54,-0.01,33,38082,卖盘
659,14:21:18,11.55,0.01,15,17325,买盘
660,14:21:15,11.54,--,1,1154,卖盘
661,14:21:12,11.54,--,168,193872,卖盘
662,14:21:09,11.54,--,7,8077,卖盘
663,14:21:06,11.54,--,32,36928,卖盘
664,14:21:03,11.54,-0.01,3,3461,卖盘
665,14:21:00,11.55,--,21,24255,买盘
666,14:20:57,11.55,--,321,370755,买盘
667,14:20:54,11.55,0.01,34,39270,买盘
668,14:20:51,11.54,-0.01,107,123477,卖盘
669,14:20:48,11.55,--,75,86625,买盘
670,14:20:45,11.55,0.01,11,12705,买盘
671,14:20:42,11.54,-0.01,3,3461,卖盘
672,14:20:39,11.55,0.01,2,2310,买盘
673,14:20:36,11.54,-0.01,10,11540,卖盘
674,14:20:30,11.55,0.01,297,343035,买盘
675,14:20:27,11.54,--,21,24291,卖盘
676,14:20:24,11.54,--,18,20772,卖盘
677,14:20:21,11.54,-0.01,3,3461,卖盘
678,14:20:18,11.55,--,202,233310,买盘
679,14:20:15,11.55,0.01,32,36960,买盘
680,14:20:12,11.54,--,8,9232,卖盘
681,14:20:09,11.54,-0.01,1,1154,卖盘
682,14:20:06,11.55,--,49,56595,买盘
683,14:20:03,11.55,--,1,1155,买盘
684,14:20:00,11.55,0.01,11,12705,买盘
685,14:19:57,11.54,-0.01,16,18464,卖盘
686,14:19:54,11.55,--,117,135135,买盘
687,14:19:51,11.55,--,18,20790,买盘
688,14:19:48,11.55,0.01,10,11550,买盘
689,14:19:45,11.54,--,31,35774,卖盘
690,14:19:42,11.54,--,58,66932,卖盘
691,14:19:36,11.54,--,15,17310,卖盘
692,14:19:33,11.54,--,22,25387,卖盘
693,14:19:30,11.54,--,6,6923,卖盘
694,14:19:27,11.54,-0.01,3,3461,卖盘
695,14:19:24,11.55,--,26,30030,买盘
696,14:19:21,11.55,0.01,4,4677,买盘
697,14:19:18,11.54,--,33,38082,卖盘
698,14:19:12,11.54,--,3,3461,卖盘
699,14:19:09,11.54,--,61,70394,卖盘
700,14:19:06,11.54,--,58,66932,卖盘
701,14:19:03,11.54,-0.01,101,116553,卖盘
702,14:19:00,11.55,--,10,11550,买盘
703,14:18:57,11.55,0.01,27,31185,买盘
704,14:18:54,11.54,-0.01,18,20772,卖盘
705,14:18:51,11.55,--,223,257565,买盘
706,14:18:48,11.55,0.01,5,5775,买盘
707,14:18:42,11.54,-0.01,6,6923,卖盘
708,14:18:39,11.55,0.01,12,13860,买盘
709,14:18:36,11.54,--,15,17310,卖盘
710,14:18:33,11.54,-0.01,1,1154,卖盘
711,14:18:30,11.55,0.01,14,16170,买盘
712,14:18:27,11.54,-0.01,1,1154,卖盘
713,14:18:24,11.55,0.01,88,101640,买盘
714,14:18:21,11.54,0.01,38,43852,买盘
715,14:18:18,11.53,--,33,38049,卖盘
716,14:18:15,11.53,-0.01,20,23060,卖盘
717,14:18:12,11.54,--,247,285038,买盘
718,14:18:09,11.54,0.01,17,19618,买盘
719,14:18:06,11.53,--,93,107229,卖盘
720,14:18:03,11.53,--,246,283638,卖盘
721,14:18:00,11.53,--,21,24213,卖盘
722,14:17:57,11.53,-0.01,18,20754,卖盘
723,14:17:54,11.54,--,34,39236,买盘
724,14:17:51,11.54,0.02,4,4616,买盘
725,14:17:45,11.52,--,30,34560,卖盘
726,14:17:42,11.52,--,5,5760,卖盘
727,14:17:39,11.52,--,31,35712,卖盘
728,14:17:36,11.52,-0.01,293,337536,卖盘
729,14:17:33,11.53,--,392,451976,买盘
730,14:17:30,11.53,-0.01,12,13836,买盘
731,14:17:27,11.54,0.01,49,56603,买盘
732,14:17:24,11.53,--,6,6918,买盘
733,14:17:21,11.53,--,168,194084,卖盘
734,14:17:18,11.53,-0.01,9,10377,卖盘
735,14:17:15,11.54,0.01,13,15001,买盘
736,14:17:12,11.53,-0.01,35,40355,卖盘
737,14:17:09,11.54,0.02,348,402365,买盘
738,14:17:06,11.52,--,24,27648,卖盘
739,14:17:03,11.52,-0.01,4,4608,卖盘
740,14:17:00,11.53,0.01,120,138360,买盘
741,14:16:57,11.52,--,17,19584,卖盘
742,14:16:54,11.52,--,18,20736,卖盘
743,14:16:51,11.52,--,8,9216,卖盘
744,14:16:48,11.52,--,6,6912,卖盘
745,14:16:42,11.52,-0.01,12,13824,卖盘
746,14:16:39,11.53,0.01,35,40355,买盘
747,14:16:36,11.52,--,20,23040,卖盘
748,14:16:33,11.52,--,569,655488,卖盘
749,14:16:30,11.52,-0.01,30,34560,卖盘
750,14:16:27,11.53,0.01,57,65778,买盘
751,14:16:24,11.52,-0.01,27,31104,卖盘
752,14:16:21,11.53,0.01,77,88781,买盘
753,14:16:18,11.52,--,64,73728,卖盘
754,14:16:15,11.52,--,4,4608,卖盘
755,14:16:12,11.52,--,6,6912,卖盘
756,14:16:09,11.52,--,4,4608,卖盘
757,14:16:06,11.52,--,23,26496,卖盘
758,14:16:03,11.52,--,2,2304,卖盘
759,14:16:00,11.52,--,18,20736,卖盘
760,14:15:57,11.52,--,14,16128,卖盘
761,14:15:54,11.52,--,25,28800,卖盘
762,14:15:51,11.52,--,179,206208,卖盘
763,14:15:42,11.52,--,25,28800,卖盘
764,14:15:39,11.52,--,10,11520,卖盘
765,14:15:36,11.52,--,49,56448,卖盘
766,14:15:33,11.52,--,712,820224,卖盘
767,14:15:30,11.52,--,110,126720,卖盘
768,14:15:27,11.52,--,1,1198,卖盘
769,14:15:24,11.52,-0.01,32,36864,卖盘
770,14:15:21,11.53,--,39,44967,买盘
771,14:15:18,11.53,--,7,8071,买盘
772,14:15:15,11.53,--,10,11530,买盘
773,14:15:12,11.53,0.01,20,23060,买盘
774,14:15:09,11.52,--,6,6912,卖盘
775,14:15:06,11.52,--,22,25344,卖盘
776,14:15:03,11.52,-0.01,1,1152,卖盘
777,14:15:00,11.53,0.01,10,11530,买盘
778,14:14:57,11.52,--,13,14976,卖盘
779,14:14:54,11.52,--,17,19584,卖盘
780,14:14:51,11.52,--,21,24192,卖盘
781,14:14:45,11.52,-0.01,2,2304,卖盘
782,14:14:42,11.53,0.01,8,9224,买盘
783,14:14:39,11.52,--,1,1152,卖盘
784,14:14:36,11.52,--,13,14976,卖盘
785,14:14:33,11.52,--,2,2304,卖盘
786,14:14:30,11.52,-0.01,24,27648,卖盘
787,14:14:27,11.53,0.01,15,17295,买盘
788,14:14:24,11.52,--,25,28857,卖盘
789,14:14:21,11.52,-0.02,4,4608,卖盘
790,14:14:18,11.54,0.02,37,42698,买盘
791,14:14:12,11.52,--,50,57600,卖盘
792,14:14:09,11.52,--,3,3456,卖盘
793,14:14:06,11.52,-0.01,26,29952,卖盘
794,14:14:03,11.53,0.01,9,10377,卖盘
795,14:13:57,11.52,-0.02,13,14976,卖盘
796,14:13:54,11.54,0.02,29,33466,买盘
797,14:13:51,11.52,--,8,9216,卖盘
798,14:13:48,11.52,-0.01,34,39168,卖盘
799,14:13:45,11.53,0.01,2,2306,买盘
800,14:13:42,11.52,-0.01,58,66816,卖盘
801,14:13:39,11.53,--,1,1153,买盘
802,14:13:36,11.53,--,6,7056,卖盘
803,14:13:33,11.53,-0.01,2,2306,卖盘
804,14:13:30,11.54,0.01,152,175408,买盘
805,14:13:27,11.53,-0.01,2,2363,卖盘
806,14:13:24,11.54,0.01,1,1154,买盘
807,14:13:21,11.53,-0.01,33,38049,卖盘
808,14:13:18,11.54,0.01,4,4616,买盘
809,14:13:15,11.53,--,17,19601,卖盘
810,14:13:12,11.53,--,8,9224,卖盘
811,14:13:09,11.53,--,57,65721,卖盘
812,14:13:06,11.53,--,24,27672,卖盘
813,14:13:03,11.53,-0.01,35,40355,卖盘
814,14:13:00,11.54,0.01,8,9232,买盘
815,14:12:57,11.53,-0.01,13,14989,卖盘
816,14:12:54,11.54,0.01,16,18464,买盘
817,14:12:51,11.53,--,33,38049,卖盘
818,14:12:48,11.53,--,22,25366,卖盘
819,14:12:45,11.53,--,1,1153,卖盘
820,14:12:42,11.53,--,8,9224,卖盘
821,14:12:39,11.53,--,30,34590,卖盘
822,14:12:36,11.53,--,121,139513,卖盘
823,14:12:33,11.53,--,154,177562,卖盘
824,14:12:30,11.53,--,1,1153,卖盘
825,14:12:24,11.53,--,16,18505,卖盘
826,14:12:21,11.53,-0.01,65,74945,卖盘
827,14:12:18,11.54,0.01,2,2308,买盘
828,14:12:15,11.53,--,10,11530,卖盘
829,14:12:12,11.53,--,7,8071,卖盘
830,14:12:09,11.53,--,14,16142,卖盘
831,14:12:06,11.53,--,60,69180,卖盘
832,14:12:03,11.53,--,11,12683,卖盘
833,14:12:00,11.53,--,16,18448,卖盘
834,14:11:57,11.53,--,13,14989,卖盘
835,14:11:54,11.53,--,1,1153,卖盘
836,14:11:51,11.53,-0.01,20,23060,卖盘
837,14:11:48,11.54,0.01,18,20772,买盘
838,14:11:45,11.53,--,9,10838,卖盘
839,14:11:42,11.53,-0.01,6,6918,卖盘
840,14:11:39,11.54,0.01,3,3461,买盘
841,14:11:36,11.53,--,3,3459,卖盘
842,14:11:33,11.53,--,19,21907,卖盘
843,14:11:30,11.53,--,38,43814,卖盘
844,14:11:27,11.53,--,1,1210,卖盘
845,14:11:24,11.53,--,3,3459,卖盘
846,14:11:21,11.53,--,143,164879,卖盘
847,14:11:15,11.53,--,25,28825,卖盘
848,14:11:12,11.53,--,3,3459,卖盘
849,14:11:09,11.53,--,6,6918,卖盘
850,14:11:06,11.53,--,8,9224,卖盘
851,14:11:03,11.53,-0.01,16,18448,卖盘
852,14:11:00,11.54,--,33,38082,买盘
853,14:10:57,11.54,0.01,41,47314,买盘
854,14:10:54,11.53,--,6,6918,卖盘
855,14:10:51,11.53,-0.01,21,24213,卖盘
856,14:10:45,11.54,0.01,66,76164,买盘
857,14:10:42,11.53,-0.01,7,8071,卖盘
858,14:10:39,11.54,0.01,10,11540,买盘
859,14:10:33,11.53,--,12,13836,卖盘
860,14:10:30,11.53,-0.01,54,62262,卖盘
861,14:10:27,11.54,--,25,28849,买盘
862,14:10:24,11.54,0.01,10,11540,买盘
863,14:10:21,11.53,--,21,24213,卖盘
864,14:10:18,11.53,-0.01,26,30024,卖盘
865,14:10:15,11.54,0.01,72,83088,买盘
866,14:10:12,11.53,-0.01,23,26519,卖盘
867,14:10:09,11.54,0.01,8,9232,买盘
868,14:10:06,11.53,--,9,10377,卖盘
869,14:10:03,11.53,--,34,39202,卖盘
870,14:10:00,11.53,-0.01,5,5765,卖盘
871,14:09:57,11.54,--,21,24234,买盘
872,14:09:54,11.54,--,42,48468,买盘
873,14:09:51,11.54,--,22,25387,买盘
874,14:09:48,11.54,0.01,8,9232,买盘
875,14:09:45,11.53,--,7,8071,卖盘
876,14:09:42,11.53,-0.01,181,208693,卖盘
877,14:09:39,11.54,-0.01,4,4869,卖盘
878,14:09:36,11.55,0.01,10,11550,买盘
879,14:09:33,11.54,-0.01,2,3208,卖盘
880,14:09:30,11.55,0.02,80,92400,买盘
881,14:09:27,11.53,-0.02,584,673352,卖盘
882,14:09:21,11.55,--,50,57807,买盘
883,14:09:18,11.55,--,18,20790,买盘
884,14:09:15,11.55,--,7,8085,买盘
885,14:09:12,11.55,--,4,4620,买盘
886,14:09:09,11.55,0.01,72,83160,买盘
887,14:09:06,11.54,--,13,15001,卖盘
888,14:09:03,11.54,--,22,25387,卖盘
889,14:09:00,11.54,--,5,5770,卖盘
890,14:08:57,11.54,0.01,197,227337,买盘
891,14:08:54,11.53,--,17,19601,卖盘
892,14:08:51,11.53,--,88,101464,卖盘
893,14:08:48,11.53,--,6,6918,卖盘
894,14:08:45,11.53,-0.01,21,24213,卖盘
895,14:08:42,11.54,--,13,15001,买盘
896,14:08:39,11.54,0.01,4,4616,买盘
897,14:08:36,11.53,--,20,23060,卖盘
898,14:08:33,11.53,--,1,1153,卖盘
899,14:08:30,11.53,-0.01,10,11530,卖盘
900,14:08:27,11.54,--,1,1154,买盘
901,14:08:24,11.54,--,5,5770,买盘
902,14:08:21,11.54,0.01,10,11540,买盘
903,14:08:18,11.53,--,32,36953,卖盘
904,14:08:15,11.53,--,64,73792,卖盘
905,14:08:12,11.53,--,29,33437,卖盘
906,14:08:09,11.53,--,9,10377,卖盘
907,14:08:06,11.53,--,35,40355,卖盘
908,14:08:03,11.53,--,1,1153,卖盘
909,14:08:00,11.53,--,2,2306,卖盘
910,14:07:57,11.53,-0.01,13,14989,卖盘
911,14:07:51,11.54,0.01,8,9232,买盘
912,14:07:48,11.53,-0.01,1,1153,卖盘
913,14:07:45,11.54,0.01,3,3461,买盘
914,14:07:42,11.53,-0.01,20,23060,卖盘
915,14:07:39,11.54,0.01,7,8077,买盘
916,14:07:36,11.53,--,7,8071,卖盘
917,14:07:33,11.53,--,2,2306,卖盘
918,14:07:30,11.53,--,10,11530,卖盘
919,14:07:27,11.53,-0.01,2,2306,卖盘
920,14:07:24,11.54,--,18,20772,买盘
921,14:07:21,11.54,0.01,24,27753,买盘
922,14:07:18,11.53,-0.01,135,155655,卖盘
923,14:07:15,11.54,--,22,25387,买盘
924,14:07:12,11.54,0.01,8,9232,买盘
925,14:07:09,11.53,--,4,4612,卖盘
926,14:07:06,11.53,--,17,19601,卖盘
927,14:07:03,11.53,--,31,35743,卖盘
928,14:07:00,11.53,-0.01,1,1153,卖盘
929,14:06:57,11.54,0.01,100,115399,买盘
930,14:06:54,11.53,--,22,25366,卖盘
931,14:06:51,11.53,--,2,2306,卖盘
932,14:06:48,11.53,--,31,35743,卖盘
933,14:06:45,11.53,-0.01,7,8071,卖盘
934,14:06:42,11.54,--,7,8077,买盘
935,14:06:36,11.54,0.01,23,26541,买盘
936,14:06:33,11.53,-0.01,1,1153,卖盘
937,14:06:30,11.54,0.01,53,61161,买盘
938,14:06:27,11.53,--,1,1153,卖盘
939,14:06:24,11.53,--,5,5822,卖盘
940,14:06:21,11.53,--,40,46120,卖盘
941,14:06:18,11.53,-0.01,2,2306,卖盘
942,14:06:15,11.54,0.01,64,73856,买盘
943,14:06:12,11.53,--,4,4612,卖盘
944,14:06:09,11.53,-0.01,14,16142,卖盘
945,14:06:06,11.54,--,25,28849,买盘
946,14:06:03,11.54,--,7,8077,买盘
947,14:06:00,11.54,0.01,5,5770,买盘
948,14:05:57,11.53,--,26,29978,卖盘
949,14:05:54,11.53,--,1,1153,卖盘
950,14:05:51,11.53,--,52,59956,卖盘
951,14:05:48,11.53,--,5,5765,卖盘
952,14:05:45,11.53,-0.01,31,35743,卖盘
953,14:05:42,11.54,--,285,328890,买盘
954,14:05:36,11.54,0.01,10,11540,买盘
955,14:05:33,11.53,--,44,50732,卖盘
956,14:05:30,11.53,--,146,168338,卖盘
957,14:05:27,11.53,-0.01,12,13836,卖盘
958,14:05:21,11.54,--,56,64670,买盘
959,14:05:18,11.54,--,4,4616,买盘
960,14:05:12,11.54,--,11,12693,买盘
961,14:05:09,11.54,0.01,9,10386,买盘
962,14:05:06,11.53,-0.01,10,11530,卖盘
963,14:05:03,11.54,--,1,1154,买盘
964,14:05:00,11.54,0.01,10,11540,买盘
965,14:04:57,11.53,-0.01,6,6918,卖盘
966,14:04:54,11.54,--,139,160406,买盘
967,14:04:51,11.54,0.01,4,4616,买盘
968,14:04:48,11.53,--,1,1153,卖盘
969,14:04:42,11.53,--,35,40355,卖盘
970,14:04:39,11.53,-0.01,9,10377,卖盘
971,14:04:33,11.54,0.01,66,76164,买盘
972,14:04:30,11.53,--,10,11530,卖盘
973,14:04:27,11.53,-0.01,3,3459,卖盘
974,14:04:21,11.54,0.01,2,2308,买盘
975,14:04:18,11.53,-0.01,41,47273,卖盘
976,14:04:12,11.54,--,3,3461,卖盘
977,14:04:09,11.54,--,23,26541,卖盘
978,14:04:06,11.54,-0.01,19,21926,卖盘
979,14:04:00,11.55,0.01,21,24255,买盘
980,14:03:57,11.54,--,17,19618,买盘
981,14:03:54,11.54,-0.01,6,6923,卖盘
982,14:03:51,11.55,--,16,18480,买盘
983,14:03:48,11.55,--,10,11550,买盘
984,14:03:45,11.55,--,27,31185,买盘
985,14:03:42,11.55,0.01,63,72765,买盘
986,14:03:39,11.54,--,14,16155,买盘
987,14:03:36,11.54,0.01,31,35774,买盘
988,14:03:33,11.53,--,19,21907,卖盘
989,14:03:30,11.53,-0.01,11,12683,卖盘
990,14:03:27,11.54,--,11,12693,买盘
991,14:03:24,11.54,0.01,25,28849,买盘
992,14:03:21,11.53,-0.01,12,13893,卖盘
993,14:03:18,11.54,0.01,43,49621,买盘
994,14:03:15,11.53,--,5,5765,卖盘
995,14:03:12,11.53,--,3,3459,卖盘
996,14:03:09,11.53,--,2,2306,卖盘
997,14:03:06,11.53,0.02,89,102617,买盘
998,14:03:03,11.51,-0.01,17,19567,卖盘
999,14:03:00,11.52,0.01,5,5760,买盘
1000,14:02:57,11.51,-0.01,6,6906,卖盘
1001,14:02:54,11.52,-0.01,72,82944,卖盘
1002,14:02:51,11.53,0.01,7,8071,买盘
1003,14:02:45,11.52,--,21,24192,卖盘
1004,14:02:42,11.52,--,5,5760,卖盘
1005,14:02:39,11.52,--,53,61056,卖盘
1006,14:02:36,11.52,-0.01,10,11520,卖盘
1007,14:02:33,11.53,0.01,10,11530,买盘
1008,14:02:30,11.52,--,4,4608,卖盘
1009,14:02:27,11.52,0.01,19,21888,买盘
1010,14:02:24,11.51,--,12,13869,卖盘
1011,14:02:21,11.51,-0.01,60,69060,卖盘
1012,14:02:18,11.52,0.01,7,8064,买盘
1013,14:02:15,11.51,--,9,10359,卖盘
1014,14:02:12,11.51,--,5,5755,卖盘
1015,14:02:09,11.51,--,7,8057,卖盘
1016,14:02:06,11.51,--,42,48342,卖盘
1017,14:02:03,11.51,--,5,5755,卖盘
1018,14:02:00,11.51,-0.01,615,708417,卖盘
1019,14:01:57,11.52,--,1,1152,卖盘
1020,14:01:54,11.52,--,6,6912,卖盘
1021,14:01:51,11.52,--,10,11520,卖盘
1022,14:01:48,11.52,--,4,4608,卖盘
1023,14:01:45,11.52,--,6,6912,卖盘
1024,14:01:42,11.52,-0.01,35,40320,卖盘
1025,14:01:39,11.53,--,12,13836,买盘
1026,14:01:36,11.53,--,493,569466,卖盘
1027,14:01:33,11.53,--,20,23060,卖盘
1028,14:01:30,11.53,-0.01,23,26519,卖盘
1029,14:01:27,11.54,0.01,6,6981,买盘
1030,14:01:24,11.53,--,6,6918,卖盘
1031,14:01:21,11.53,--,6,6918,卖盘
1032,14:01:18,11.53,--,17,19601,卖盘
1033,14:01:15,11.53,-0.01,5,5765,卖盘
1034,14:01:12,11.54,0.01,19,21926,买盘
1035,14:01:09,11.53,--,11,12683,卖盘
1036,14:01:06,11.53,-0.01,45,51885,卖盘
1037,14:01:03,11.54,--,105,121169,买盘
1038,14:01:00,11.54,0.01,48,55391,买盘
1039,14:00:57,11.53,--,13,14989,卖盘
1040,14:00:54,11.53,--,21,24213,卖盘
1041,14:00:51,11.53,--,6,6918,卖盘
1042,14:00:48,11.53,--,5,5765,卖盘
1043,14:00:45,11.53,--,4,4612,卖盘
1044,14:00:42,11.53,-0.01,2,2306,卖盘
1045,14:00:39,11.54,0.01,5,5770,买盘
1046,14:00:36,11.53,--,62,71486,卖盘
1047,14:00:30,11.53,--,4,4612,卖盘
1048,14:00:27,11.53,--,9,10377,卖盘
1049,14:00:24,11.53,-0.01,10,11587,卖盘
1050,14:00:21,11.54,0.01,13,15001,买盘
1051,14:00:18,11.53,--,4,4612,卖盘
1052,14:00:15,11.53,--,5,5765,卖盘
1053,14:00:12,11.53,-0.01,7,8071,卖盘
1054,14:00:09,11.54,0.01,85,98090,买盘
1055,14:00:06,11.53,--,323,372419,卖盘
1056,14:00:03,11.53,--,5,5765,卖盘
1057,14:00:00,11.53,--,4,4612,卖盘
1058,13:59:57,11.53,--,27,31131,卖盘
1059,13:59:54,11.53,--,62,71486,卖盘
1060,13:59:51,11.53,--,10,11530,卖盘
1061,13:59:48,11.53,--,11,12683,卖盘
1062,13:59:45,11.53,0.01,24,27672,买盘
1063,13:59:42,11.52,--,4,4608,卖盘
1064,13:59:39,11.52,--,3,3456,卖盘
1065,13:59:36,11.52,--,4,4608,卖盘
1066,13:59:33,11.52,--,1,1152,卖盘
1067,13:59:30,11.52,-0.01,88,101376,卖盘
1068,13:59:27,11.53,-0.01,4,4612,卖盘
1069,13:59:21,11.54,0.02,13,15001,买盘
1070,13:59:18,11.52,--,4,4654,卖盘
1071,13:59:15,11.52,--,11,12672,卖盘
1072,13:59:12,11.52,-0.02,30,34560,卖盘
1073,13:59:09,11.54,-0.01,413,477202,卖盘
1074,13:59:06,11.55,--,54,62370,买盘
1075,13:59:00,11.55,0.01,12,13860,买盘
1076,13:58:57,11.54,--,3,3461,卖盘
1077,13:58:54,11.54,--,71,81934,卖盘
1078,13:58:51,11.54,--,109,125785,卖盘
1079,13:58:48,11.54,--,704,812415,卖盘
1080,13:58:45,11.54,-0.01,5,5770,卖盘
1081,13:58:42,11.55,0.01,7,8085,买盘
1082,13:58:39,11.54,--,4,4616,卖盘
1083,13:58:36,11.54,-0.01,4,4616,卖盘
1084,13:58:33,11.55,--,14,16170,买盘
1085,13:58:30,11.55,0.01,6,6930,买盘
1086,13:58:27,11.54,--,7,8135,卖盘
1087,13:58:24,11.54,-0.01,3,3461,卖盘
1088,13:58:21,11.55,0.01,6,6930,买盘
1089,13:58:18,11.54,--,16,18464,卖盘
1090,13:58:15,11.54,--,3,3461,卖盘
1091,13:58:12,11.54,--,5,5770,卖盘
1092,13:58:09,11.54,--,5,5770,卖盘
1093,13:58:06,11.54,--,12,13847,卖盘
1094,13:58:03,11.54,-0.01,16,18464,卖盘
1095,13:58:00,11.55,0.01,71,82005,买盘
1096,13:57:57,11.54,--,34,39236,卖盘
1097,13:57:54,11.54,--,446,515180,买盘
1098,13:57:51,11.54,0.01,650,750100,买盘
1099,13:57:48,11.53,--,12,13836,卖盘
1100,13:57:45,11.53,-0.01,11,12683,卖盘
1101,13:57:42,11.54,--,6,6923,买盘
1102,13:57:39,11.54,--,12,13847,买盘
1103,13:57:36,11.54,0.01,9,10386,买盘
1104,13:57:30,11.53,--,7,8071,卖盘
1105,13:57:27,11.53,--,8,9224,卖盘
1106,13:57:24,11.53,-0.01,2,2363,卖盘
1107,13:57:21,11.54,--,5,5770,买盘
1108,13:57:18,11.54,0.01,16,18464,买盘
1109,13:57:15,11.53,--,12,13836,卖盘
1110,13:57:12,11.53,--,27,31131,卖盘
1111,13:57:09,11.53,--,6,6918,买盘
1112,13:57:06,11.53,--,10,11530,买盘
1113,13:57:03,11.53,--,3,3459,卖盘
1114,13:56:57,11.53,--,6,6918,卖盘
1115,13:56:54,11.53,-0.01,3,3459,卖盘
1116,13:56:51,11.54,0.02,72,83088,买盘
1117,13:56:48,11.52,-0.01,134,154368,卖盘
1118,13:56:45,11.53,--,1,1153,买盘
1119,13:56:39,11.53,0.01,39,44967,买盘
1120,13:56:36,11.52,--,1,1152,卖盘
1121,13:56:33,11.52,-0.01,20,23040,卖盘
1122,13:56:30,11.53,--,18,20754,买盘
1123,13:56:27,11.53,0.01,8,9224,买盘
1124,13:56:24,11.52,--,32,36921,卖盘
1125,13:56:21,11.52,--,2,2304,卖盘
1126,13:56:18,11.52,--,1,1152,卖盘
1127,13:56:15,11.52,-0.01,11,12672,卖盘
1128,13:56:12,11.53,0.01,7,8071,买盘
1129,13:56:09,11.52,--,2,2304,卖盘
1130,13:56:06,11.52,-0.01,14,16128,卖盘
1131,13:56:03,11.53,--,262,302086,买盘
1132,13:56:00,11.53,0.01,1,1153,买盘
1133,13:55:57,11.52,-0.01,31,35712,卖盘
1134,13:55:51,11.53,0.01,14,16142,买盘
1135,13:55:45,11.52,--,37,42624,卖盘
1136,13:55:42,11.52,--,52,59904,卖盘
1137,13:55:39,11.52,-0.01,82,94464,卖盘
1138,13:55:36,11.53,0.01,31,35743,买盘
1139,13:55:33,11.52,-0.01,5,5760,卖盘
1140,13:55:30,11.53,--,11,12683,买盘
1141,13:55:27,11.53,0.01,23,26519,买盘
1142,13:55:24,11.52,--,18,20793,卖盘
1143,13:55:21,11.52,-0.01,7,8064,卖盘
1144,13:55:18,11.53,0.01,14,16142,买盘
1145,13:55:15,11.52,--,52,59904,卖盘
1146,13:55:12,11.52,--,5,5760,卖盘
1147,13:55:09,11.52,--,4,4608,卖盘
1148,13:55:06,11.52,--,160,184320,卖盘
1149,13:55:03,11.52,-0.01,8,9216,卖盘
1150,13:55:00,11.53,--,14,16142,卖盘
1151,13:54:57,11.53,0.01,1,1153,卖盘
1152,13:54:54,11.52,-0.02,52,59904,卖盘
1153,13:54:51,11.54,0.01,13,15001,买盘
1154,13:54:48,11.53,--,36,41508,卖盘
1155,13:54:45,11.53,--,78,89934,卖盘
1156,13:54:42,11.53,--,92,106076,卖盘
1157,13:54:39,11.53,--,29,33437,卖盘
1158,13:54:36,11.53,--,22,25366,卖盘
1159,13:54:33,11.53,--,8,9224,卖盘
1160,13:54:27,11.53,--,37,42661,卖盘
1161,13:54:24,11.53,--,28,32284,卖盘
1162,13:54:21,11.53,--,13,14989,卖盘
1163,13:54:18,11.53,--,39,45013,卖盘
1164,13:54:15,11.53,--,29,33437,卖盘
1165,13:54:12,11.53,-0.01,4,4612,卖盘
1166,13:54:09,11.54,0.01,10,11540,买盘
1167,13:54:06,11.53,-0.01,6,6918,卖盘
1168,13:54:03,11.54,0.01,28,32311,买盘
1169,13:54:00,11.53,--,25,28825,卖盘
1170,13:53:57,11.53,--,3,3459,卖盘
1171,13:53:54,11.53,--,7,8071,卖盘
1172,13:53:51,11.53,--,1,1153,卖盘
1173,13:53:48,11.53,--,12,13836,卖盘
1174,13:53:45,11.53,--,1,1153,卖盘
1175,13:53:42,11.53,-0.01,16,18448,卖盘
1176,13:53:39,11.54,0.01,4,4616,买盘
1177,13:53:36,11.53,0.01,3,3459,卖盘
1178,13:53:33,11.52,-0.02,4,4608,卖盘
1179,13:53:30,11.54,0.01,69,79626,买盘
1180,13:53:27,11.53,0.01,65,74945,中性盘
1181,13:53:24,11.52,-0.01,31,35827,卖盘
1182,13:53:21,11.53,--,55,63415,买盘
1183,13:53:18,11.53,--,2,2306,买盘
1184,13:53:15,11.53,0.01,2,2306,买盘
1185,13:53:12,11.52,-0.01,8,9216,卖盘
1186,13:53:09,11.53,0.01,21,24213,买盘
1187,13:53:06,11.52,--,19,21888,卖盘
1188,13:53:03,11.52,-0.01,34,39168,卖盘
1189,13:53:00,11.53,0.01,3,3459,买盘
1190,13:52:57,11.52,--,1,1152,卖盘
1191,13:52:54,11.52,-0.01,14,16128,卖盘
1192,13:52:51,11.53,0.01,47,54191,买盘
1193,13:52:48,11.52,-0.01,4,4608,卖盘
1194,13:52:45,11.53,--,18,20754,买盘
1195,13:52:42,11.53,0.01,1,1153,买盘
1196,13:52:39,11.52,--,8,9216,卖盘
1197,13:52:36,11.52,--,14,16128,卖盘
1198,13:52:30,11.52,-0.01,5,5760,卖盘
1199,13:52:27,11.53,--,84,96852,买盘
1200,13:52:24,11.53,0.01,13,14989,买盘
1201,13:52:21,11.52,--,2,2361,卖盘
1202,13:52:15,11.52,--,5,5760,卖盘
1203,13:52:12,11.52,--,1,1152,卖盘
1204,13:52:09,11.52,--,4,4608,卖盘
1205,13:52:06,11.52,--,14,16128,卖盘
1206,13:52:03,11.52,-0.01,5,5760,卖盘
1207,13:52:00,11.53,--,109,126772,卖盘
1208,13:51:57,11.53,--,7,8071,卖盘
1209,13:51:54,11.53,-0.01,6,6918,卖盘
1210,13:51:51,11.54,0.01,3,3461,买盘
1211,13:51:48,11.53,--,1,1153,卖盘
1212,13:51:45,11.53,--,62,71486,卖盘
1213,13:51:42,11.53,-0.01,132,152196,卖盘
1214,13:51:39,11.54,--,8,9232,买盘
1215,13:51:36,11.54,0.01,16,18464,买盘
1216,13:51:33,11.53,-0.01,5,5765,卖盘
1217,13:51:30,11.54,--,8,9232,买盘
1218,13:51:27,11.54,0.01,55,63469,买盘
1219,13:51:24,11.53,--,25,28825,卖盘
1220,13:51:21,11.53,--,71,81920,卖盘
1221,13:51:18,11.53,--,2,2306,卖盘
1222,13:51:15,11.53,--,4,4612,卖盘
1223,13:51:12,11.53,-0.01,25,28825,卖盘
1224,13:51:09,11.54,0.01,1,1154,买盘
1225,13:51:06,11.53,--,4,4612,卖盘
1226,13:51:03,11.53,-0.01,4,4612,卖盘
1227,13:50:57,11.54,0.01,5,5770,买盘
1228,13:50:54,11.53,--,3,3459,卖盘
1229,13:50:51,11.53,0.01,10,11530,中性盘
1230,13:50:48,11.52,--,22,25344,卖盘
1231,13:50:45,11.52,--,24,27648,卖盘
1232,13:50:42,11.52,-0.01,6,6912,卖盘
1233,13:50:39,11.53,--,1,1153,买盘
1234,13:50:36,11.53,--,24,27672,买盘
1235,13:50:33,11.53,--,23,26519,买盘
1236,13:50:30,11.53,0.01,28,32284,买盘
1237,13:50:27,11.52,--,27,31104,卖盘
1238,13:50:24,11.52,-0.01,33,38016,卖盘
1239,13:50:21,11.53,0.01,379,436987,买盘
1240,13:50:18,11.52,--,5,5817,卖盘
1241,13:50:15,11.52,--,10,11520,卖盘
1242,13:50:12,11.52,-0.01,14,16128,卖盘
1243,13:50:06,11.53,--,9,10377,卖盘
1244,13:50:03,11.53,--,114,131442,卖盘
1245,13:49:57,11.53,--,54,62262,卖盘
1246,13:49:54,11.53,--,31,35743,卖盘
1247,13:49:51,11.53,--,34,39202,卖盘
1248,13:49:48,11.53,--,3,3459,卖盘
1249,13:49:45,11.53,--,54,62262,卖盘
1250,13:49:42,11.53,--,7,8071,卖盘
1251,13:49:39,11.53,--,3,3459,卖盘
1252,13:49:33,11.53,0.01,12,13836,买盘
1253,13:49:30,11.52,-0.01,34,39168,卖盘
1254,13:49:27,11.53,-0.01,5,5765,中性盘
1255,13:49:24,11.54,0.02,341,393560,买盘
1256,13:49:21,11.52,--,70,80640,卖盘
1257,13:49:18,11.52,-0.01,3,3456,卖盘
1258,13:49:15,11.53,0.01,20,23060,买盘
1259,13:49:12,11.52,-0.01,72,82944,卖盘
1260,13:49:09,11.53,0.01,8,9224,买盘
1261,13:49:06,11.52,-0.01,8,9216,卖盘
1262,13:49:03,11.53,0.01,1,1153,买盘
1263,13:49:00,11.52,-0.01,3,3456,卖盘
1264,13:48:57,11.53,--,7,8071,买盘
1265,13:48:54,11.53,0.01,62,71486,买盘
1266,13:48:51,11.52,-0.01,8,9216,卖盘
1267,13:48:48,11.53,0.01,33,38049,买盘
1268,13:48:45,11.52,--,3,3456,卖盘
1269,13:48:42,11.52,-0.01,18,20736,卖盘
1270,13:48:39,11.53,0.01,1,1153,买盘
1271,13:48:36,11.52,--,6,6912,卖盘
1272,13:48:33,11.52,-0.01,33,38016,卖盘
1273,13:48:30,11.53,--,105,121065,买盘
1274,13:48:27,11.53,--,8,9224,买盘
1275,13:48:24,11.53,--,58,66874,买盘
1276,13:48:21,11.53,0.01,61,70333,买盘
1277,13:48:18,11.52,--,133,153273,卖盘
1278,13:48:15,11.52,--,5,5760,卖盘
1279,13:48:12,11.52,--,2,2304,卖盘
1280,13:48:09,11.52,--,3,3456,卖盘
1281,13:48:06,11.52,-0.01,5,5760,卖盘
1282,13:48:03,11.53,0.02,27,31131,买盘
1283,13:48:00,11.51,--,231,265881,卖盘
1284,13:47:57,11.51,-0.01,1,1151,卖盘
1285,13:47:54,11.52,--,72,82944,买盘
1286,13:47:51,11.52,0.01,15,17280,买盘
1287,13:47:48,11.51,-0.01,38,43738,卖盘
1288,13:47:45,11.52,-0.01,493,568972,卖盘
1289,13:47:42,11.53,-0.01,54,62262,卖盘
1290,13:47:39,11.54,--,49,56545,买盘
1291,13:47:36,11.54,--,14,16155,买盘
1292,13:47:33,11.54,0.01,56,64623,买盘
1293,13:47:30,11.53,-0.01,4,4612,卖盘
1294,13:47:27,11.54,0.01,1,1154,买盘
1295,13:47:24,11.53,--,6,6918,卖盘
1296,13:47:21,11.53,-0.01,143,165916,卖盘
1297,13:47:18,11.54,-0.01,8,9289,卖盘
1298,13:47:15,11.55,0.01,111,128205,买盘
1299,13:47:12,11.54,-0.01,39,45006,卖盘
1300,13:47:09,11.55,0.01,1,1155,买盘
1301,13:47:06,11.54,--,104,120015,卖盘
1302,13:47:03,11.54,--,27,31157,卖盘
1303,13:47:00,11.54,--,11,12693,卖盘
1304,13:46:54,11.54,--,4,4616,卖盘
1305,13:46:51,11.54,--,10,11540,卖盘
1306,13:46:48,11.54,--,4,4616,卖盘
1307,13:46:45,11.54,-0.01,1,1154,卖盘
1308,13:46:42,11.55,0.01,1,1155,买盘
1309,13:46:39,11.54,0.01,98,113149,买盘
1310,13:46:36,11.53,-0.01,1,1153,卖盘
1311,13:46:33,11.54,0.01,20,23080,买盘
1312,13:46:30,11.53,--,25,28825,卖盘
1313,13:46:27,11.53,--,1,1153,卖盘
1314,13:46:24,11.53,-0.01,1,1153,卖盘
1315,13:46:21,11.54,-0.01,87,101494,卖盘
1316,13:46:18,11.55,0.01,2,2367,买盘
1317,13:46:15,11.54,--,1,1154,卖盘
1318,13:46:12,11.54,--,11,12693,卖盘
1319,13:46:09,11.54,--,5,5770,卖盘
1320,13:46:06,11.54,--,22,25387,卖盘
1321,13:46:03,11.54,-0.01,7,8077,卖盘
1322,13:46:00,11.55,0.01,9,10395,买盘
1323,13:45:57,11.54,--,20,23080,卖盘
1324,13:45:54,11.54,--,2,2308,卖盘
1325,13:45:51,11.54,--,2,2308,卖盘
1326,13:45:48,11.54,0.01,65,75010,卖盘
1327,13:45:45,11.53,-0.01,2,2306,卖盘
1328,13:45:42,11.54,-0.01,1,1154,中性盘
1329,13:45:36,11.55,--,10,11550,买盘
1330,13:45:33,11.55,0.02,18,20790,买盘
1331,13:45:30,11.53,-0.02,54,62262,卖盘
1332,13:45:27,11.55,--,9,10395,买盘
1333,13:45:24,11.55,--,13,15072,买盘
1334,13:45:21,11.55,0.01,61,70455,买盘
1335,13:45:18,11.54,0.01,42,48468,买盘
1336,13:45:12,11.53,-0.02,33,38049,卖盘
1337,13:45:09,11.55,0.01,26,30030,买盘
1338,13:45:06,11.54,-0.01,4,4616,卖盘
1339,13:45:03,11.55,0.01,7,8085,买盘
1340,13:45:00,11.54,-0.01,18,20772,卖盘
1341,13:44:57,11.55,0.02,49,56595,买盘
1342,13:44:54,11.53,-0.01,20,23060,卖盘
1343,13:44:51,11.54,-0.01,10,11540,卖盘
1344,13:44:48,11.55,--,3,3465,买盘
1345,13:44:45,11.55,--,51,58905,买盘
1346,13:44:42,11.55,--,89,102795,买盘
1347,13:44:39,11.55,--,348,401940,买盘
1348,13:44:33,11.55,--,150,173250,买盘
1349,13:44:30,11.55,--,57,65835,买盘
1350,13:44:27,11.55,0.01,10,11550,买盘
1351,13:44:24,11.54,--,10,11540,卖盘
1352,13:44:21,11.54,-0.01,107,123535,卖盘
1353,13:44:18,11.55,0.01,22,25410,买盘
1354,13:44:15,11.54,--,13,15001,卖盘
1355,13:44:12,11.54,--,4,4616,卖盘
1356,13:44:09,11.54,0.01,126,145404,买盘
1357,13:44:06,11.53,-0.01,15,17295,卖盘
1358,13:44:03,11.54,0.01,73,84242,买盘
1359,13:44:00,11.53,--,45,51885,卖盘
1360,13:43:57,11.53,--,139,160267,卖盘
1361,13:43:54,11.53,--,81,93393,买盘
1362,13:43:51,11.53,0.01,20,23060,买盘
1363,13:43:48,11.52,-0.01,50,57600,卖盘
1364,13:43:45,11.53,--,75,86475,买盘
1365,13:43:42,11.53,--,72,83016,买盘
1366,13:43:39,11.53,0.01,66,76098,买盘
1367,13:43:36,11.52,--,70,80640,买盘
1368,13:43:33,11.52,--,33,38016,买盘
1369,13:43:30,11.52,0.01,105,120960,买盘
1370,13:43:27,11.51,--,74,85174,买盘
1371,13:43:24,11.51,--,25,28775,买盘
1372,13:43:21,11.51,0.01,113,130109,买盘
1373,13:43:18,11.5,--,773,889709,买盘
1374,13:43:15,11.5,--,17,19550,买盘
1375,13:43:12,11.5,--,54,62100,买盘
1376,13:43:09,11.5,0.01,13,14950,买盘
1377,13:43:06,11.49,--,16,18384,卖盘
1378,13:43:03,11.49,-0.01,10,11490,卖盘
1379,13:43:00,11.5,--,12,13800,买盘
1380,13:42:57,11.5,0.01,13,14950,买盘
1381,13:42:54,11.49,-0.01,20,22980,卖盘
1382,13:42:51,11.5,0.01,13,14950,买盘
1383,13:42:48,11.49,--,4,4596,卖盘
1384,13:42:45,11.49,--,110,126390,卖盘
1385,13:42:42,11.49,--,7,8043,卖盘
1386,13:42:39,11.49,--,9,10341,卖盘
1387,13:42:36,11.49,--,3,3447,卖盘
1388,13:42:33,11.49,-0.01,71,81579,卖盘
1389,13:42:30,11.5,--,52,59800,买盘
1390,13:42:27,11.5,0.01,20,23000,买盘
1391,13:42:24,11.49,--,1,1206,卖盘
1392,13:42:21,11.49,--,32,36768,卖盘
1393,13:42:18,11.49,--,79,90771,卖盘
1394,13:42:15,11.49,--,41,47109,卖盘
1395,13:42:12,11.49,--,13,14937,卖盘
1396,13:42:09,11.49,--,170,195330,卖盘
1397,13:42:06,11.49,--,50,57450,卖盘
1398,13:42:03,11.49,--,43,49407,卖盘
1399,13:42:00,11.49,--,11,12639,卖盘
1400,13:41:57,11.49,--,12,13788,卖盘
1401,13:41:54,11.49,--,62,71238,卖盘
1402,13:41:51,11.49,--,7,8043,卖盘
1403,13:41:48,11.49,--,6,6894,卖盘
1404,13:41:45,11.49,--,94,108006,卖盘
1405,13:41:42,11.49,--,9,10341,卖盘
1406,13:41:39,11.49,--,3,3447,卖盘
1407,13:41:36,11.49,--,11,12639,卖盘
1408,13:41:33,11.49,-0.01,17,19533,卖盘
1409,13:41:30,11.5,0.01,14,16100,买盘
1410,13:41:27,11.49,--,4,4596,卖盘
1411,13:41:24,11.49,--,5,5745,卖盘
1412,13:41:21,11.49,--,168,193089,卖盘
1413,13:41:18,11.49,--,10,11490,卖盘
1414,13:41:15,11.49,--,124,142476,卖盘
1415,13:41:12,11.49,--,77,88473,卖盘
1416,13:41:09,11.49,--,4,4596,卖盘
1417,13:41:06,11.49,--,18,20682,卖盘
1418,13:41:03,11.49,-0.01,3,3447,卖盘
1419,13:41:00,11.5,--,13,14950,买盘
1420,13:40:57,11.5,--,12,13800,买盘
1421,13:40:54,11.5,--,31,35650,买盘
1422,13:40:48,11.5,0.01,129,148350,买盘
1423,13:40:45,11.49,--,19,21831,卖盘
1424,13:40:42,11.49,--,8,9192,卖盘
1425,13:40:39,11.49,-0.01,189,217161,卖盘
1426,13:40:36,11.5,0.01,141,162150,买盘
1427,13:40:33,11.49,--,4,4596,卖盘
1428,13:40:30,11.49,--,33,37917,卖盘
1429,13:40:27,11.49,-0.01,291,334359,卖盘
1430,13:40:24,11.5,--,60,69000,买盘
1431,13:40:21,11.5,0.01,31,35650,买盘
1432,13:40:18,11.49,-0.01,25,28782,卖盘
1433,13:40:15,11.5,--,33,37950,买盘
1434,13:40:12,11.5,0.01,226,259900,买盘
1435,13:40:09,11.49,--,3,3447,卖盘
1436,13:40:06,11.49,-0.01,37,42513,卖盘
1437,13:40:03,11.5,0.01,305,350750,买盘
1438,13:40:00,11.49,-0.01,31,35619,卖盘
1439,13:39:57,11.5,--,96,110400,买盘
1440,13:39:54,11.5,--,1557,1791539,卖盘
1441,13:39:51,11.5,--,56,64400,卖盘
1442,13:39:48,11.5,--,270,310500,卖盘
1443,13:39:45,11.5,-0.01,3,3450,卖盘
1444,13:39:42,11.51,0.01,19,21869,买盘
1445,13:39:39,11.5,--,121,139150,卖盘
1446,13:39:36,11.5,--,8,9200,卖盘
1447,13:39:33,11.5,-0.01,4,4600,卖盘
1448,13:39:30,11.51,0.01,43,49493,买盘
1449,13:39:27,11.5,-0.01,40,46000,卖盘
1450,13:39:24,11.51,--,73,84023,买盘
1451,13:39:21,11.51,--,21,24228,买盘
1452,13:39:18,11.51,--,88,101288,买盘
1453,13:39:15,11.51,0.01,15,17265,买盘
1454,13:39:12,11.5,-0.01,23,26450,卖盘
1455,13:39:09,11.51,0.01,7,8057,买盘
1456,13:39:06,11.5,-0.01,7,8050,卖盘
1457,13:39:03,11.51,0.01,3,3453,买盘
1458,13:39:00,11.5,--,7,8050,卖盘
1459,13:38:57,11.5,--,12,13800,卖盘
1460,13:38:54,11.5,-0.01,45,51750,卖盘
1461,13:38:51,11.51,--,21,24171,买盘
1462,13:38:48,11.51,0.01,10,11510,买盘
1463,13:38:45,11.5,--,54,62100,卖盘
1464,13:38:42,11.5,--,89,102350,卖盘
1465,13:38:39,11.5,--,34,39100,卖盘
1466,13:38:36,11.5,--,18,20700,卖盘
1467,13:38:33,11.5,--,4,4600,卖盘
1468,13:38:30,11.5,--,48,55200,卖盘
1469,13:38:27,11.5,--,153,175950,卖盘
1470,13:38:24,11.5,--,40,46000,卖盘
1471,13:38:21,11.5,--,11,12696,卖盘
1472,13:38:18,11.5,-0.01,51,58650,卖盘
1473,13:38:15,11.51,0.01,4,4604,买盘
1474,13:38:12,11.5,-0.01,4,4600,卖盘
1475,13:38:09,11.51,--,160,184194,卖盘
1476,13:38:06,11.51,--,110,126610,卖盘
1477,13:38:03,11.51,--,6,6906,卖盘
1478,13:38:00,11.51,-0.01,109,125459,卖盘
1479,13:37:57,11.52,0.01,16,18432,买盘
1480,13:37:54,11.51,--,153,176103,卖盘
1481,13:37:51,11.51,--,6,6906,卖盘
1482,13:37:48,11.51,--,343,395771,卖盘
1483,13:37:45,11.51,-0.01,43,49493,卖盘
1484,13:37:42,11.52,0.01,26,29952,买盘
1485,13:37:39,11.51,--,18,20718,卖盘
1486,13:37:36,11.51,-0.01,5,5755,卖盘
1487,13:37:33,11.52,0.01,9,10368,买盘
1488,13:37:30,11.51,--,169,194519,卖盘
1489,13:37:27,11.51,--,114,131214,卖盘
1490,13:37:24,11.51,--,1025,1179913,买盘
1491,13:37:21,11.51,0.01,16,18416,买盘
1492,13:37:18,11.5,-0.01,1,1207,卖盘
1493,13:37:15,11.51,--,94,109206,卖盘
1494,13:37:12,11.51,--,116,133654,卖盘
1495,13:37:09,11.51,--,39,44889,卖盘
1496,13:37:06,11.51,--,55,63305,卖盘
1497,13:37:03,11.51,--,363,417813,卖盘
1498,13:37:00,11.51,--,52,59852,卖盘
1499,13:36:57,11.51,--,210,241710,卖盘
1500,13:36:54,11.51,--,5,5755,卖盘
1501,13:36:51,11.51,--,2,2302,卖盘
1502,13:36:48,11.51,--,42,48342,卖盘
1503,13:36:45,11.51,--,271,311921,卖盘
1504,13:36:42,11.51,--,74,85174,卖盘
1505,13:36:39,11.51,-0.01,62,71362,卖盘
1506,13:36:36,11.52,--,7,8064,买盘
1507,13:36:33,11.52,-0.01,939,1082764,卖盘
1508,13:36:30,11.53,0.01,7,8071,买盘
1509,13:36:24,11.52,-0.01,45,52012,卖盘
1510,13:36:21,11.53,--,15,17295,卖盘
1511,13:36:18,11.53,--,98,112994,卖盘
1512,13:36:15,11.53,--,40,46120,卖盘
1513,13:36:12,11.53,--,5,5765,卖盘
1514,13:36:09,11.53,--,32,36896,卖盘
1515,13:36:06,11.53,--,6,6918,卖盘
1516,13:36:03,11.53,--,2,2306,卖盘
1517,13:36:00,11.53,--,136,156808,卖盘
1518,13:35:57,11.53,--,70,80710,卖盘
1519,13:35:54,11.53,--,212,244436,卖盘
1520,13:35:51,11.53,--,13,14989,卖盘
1521,13:35:48,11.53,--,21,24213,卖盘
1522,13:35:45,11.53,--,5,5765,卖盘
1523,13:35:42,11.53,--,51,58803,卖盘
1524,13:35:36,11.53,--,6,6918,卖盘
1525,13:35:33,11.53,-0.01,20,23060,卖盘
1526,13:35:30,11.54,0.01,2,2308,买盘
1527,13:35:27,11.53,--,20,23060,卖盘
1528,13:35:24,11.53,--,26,29978,卖盘
1529,13:35:21,11.53,--,164,189149,卖盘
1530,13:35:18,11.53,--,1604,1850334,买盘
1531,13:35:15,11.53,0.01,62,71486,买盘
1532,13:35:09,11.52,--,2,2304,卖盘
1533,13:35:06,11.52,--,33,38016,卖盘
1534,13:35:03,11.52,--,2,2304,卖盘
1535,13:35:00,11.52,-0.01,50,57600,卖盘
1536,13:34:57,11.53,0.01,18,20754,买盘
1537,13:34:54,11.52,--,3,3456,卖盘
1538,13:34:48,11.52,--,11,12672,卖盘
1539,13:34:45,11.52,-0.01,36,41472,卖盘
1540,13:34:42,11.53,0.01,20,23060,买盘
1541,13:34:39,11.52,--,68,78336,卖盘
1542,13:34:36,11.52,-0.01,29,33408,卖盘
1543,13:34:33,11.53,--,661,762363,卖盘
1544,13:34:30,11.53,-0.01,6,6918,卖盘
1545,13:34:27,11.54,0.01,20,23080,买盘
1546,13:34:24,11.53,-0.01,20,23060,卖盘
1547,13:34:21,11.54,0.01,39,45063,买盘
1548,13:34:18,11.53,-0.01,1,1153,卖盘
1549,13:34:12,11.54,0.01,13,15001,买盘
1550,13:34:09,11.53,--,5,5765,卖盘
1551,13:34:06,11.53,--,50,57650,卖盘
1552,13:34:03,11.53,--,136,156808,卖盘
1553,13:34:00,11.53,-0.01,2,2306,卖盘
1554,13:33:57,11.54,0.01,20,23080,买盘
1555,13:33:54,11.53,--,46,53038,卖盘
1556,13:33:51,11.53,--,1,1153,卖盘
1557,13:33:48,11.53,--,13,14989,卖盘
1558,13:33:45,11.53,--,45,51885,卖盘
1559,13:33:36,11.53,-0.01,5,5765,卖盘
1560,13:33:33,11.54,0.01,1,1154,买盘
1561,13:33:30,11.53,-0.01,5,5765,卖盘
1562,13:33:27,11.54,0.01,56,64623,买盘
1563,13:33:24,11.53,-0.01,35,40355,卖盘
1564,13:33:21,11.54,0.01,22,25434,买盘
1565,13:33:18,11.53,-0.01,1,1153,卖盘
1566,13:33:15,11.54,0.01,10,11540,买盘
1567,13:33:09,11.53,--,15,17295,卖盘
1568,13:33:06,11.53,--,49,56497,卖盘
1569,13:33:03,11.53,-0.01,5,5765,卖盘
1570,13:32:57,11.54,--,50,57699,买盘
1571,13:32:54,11.54,--,2,2308,买盘
1572,13:32:48,11.54,--,34,39236,买盘
1573,13:32:45,11.54,--,4,4616,买盘
1574,13:32:42,11.54,-0.01,155,179850,卖盘
1575,13:32:39,11.55,0.01,22,25410,买盘
1576,13:32:36,11.54,--,79,91166,卖盘
1577,13:32:27,11.54,-0.01,22,25387,卖盘
1578,13:32:24,11.55,0.01,2,2310,买盘
1579,13:32:21,11.54,--,35,40447,卖盘
1580,13:32:18,11.54,-0.01,17,19618,卖盘
1581,13:32:12,11.55,0.01,6,6930,买盘
1582,13:32:09,11.54,--,2,2308,卖盘
1583,13:32:06,11.54,--,12,13847,卖盘
1584,13:32:03,11.54,-0.01,5,5770,卖盘
1585,13:32:00,11.55,--,1,1155,买盘
1586,13:31:51,11.55,0.01,65,75075,买盘
1587,13:31:48,11.54,-0.01,68,78472,卖盘
1588,13:31:45,11.55,0.01,9,10395,买盘
1589,13:31:42,11.54,--,89,102705,卖盘
1590,13:31:39,11.54,--,11,12693,卖盘
1591,13:31:36,11.54,-0.01,1,1154,卖盘
1592,13:31:33,11.55,0.01,2,2310,买盘
1593,13:31:30,11.54,--,11,12693,卖盘
1594,13:31:27,11.54,--,49,56545,卖盘
1595,13:31:21,11.54,-0.01,12,13905,卖盘
1596,13:31:18,11.55,0.01,6,6930,买盘
1597,13:31:15,11.54,-0.01,35,40390,卖盘
1598,13:31:09,11.55,--,11,12705,买盘
1599,13:31:06,11.55,0.01,56,64680,买盘
1600,13:31:03,11.54,--,24,27695,卖盘
1601,13:31:00,11.54,--,10,11540,卖盘
1602,13:30:57,11.54,-0.01,5,5770,卖盘
1603,13:30:51,11.55,0.01,2,2310,买盘
1604,13:30:48,11.54,--,1,1154,卖盘
1605,13:30:45,11.54,--,2,2308,卖盘
1606,13:30:42,11.54,--,1,1154,卖盘
1607,13:30:39,11.54,-0.01,10,11540,卖盘
1608,13:30:33,11.55,--,58,66990,买盘
1609,13:30:30,11.55,0.01,455,525525,买盘
1610,13:30:27,11.54,--,85,98090,卖盘
1611,13:30:24,11.54,-0.01,1,1211,卖盘
1612,13:30:21,11.55,0.01,1,1155,买盘
1613,13:30:18,11.54,--,58,66932,卖盘
1614,13:30:09,11.54,--,2,2308,卖盘
1615,13:30:06,11.54,--,21,24234,买盘
1616,13:30:03,11.54,--,3,3461,买盘
1617,13:30:00,11.54,--,15,17310,卖盘
1618,13:29:57,11.54,-0.01,36,41544,中性盘
1619,13:29:54,11.55,0.02,10,11550,买盘
1620,13:29:51,11.53,--,13,14989,卖盘
1621,13:29:48,11.53,-0.01,45,51885,卖盘
1622,13:29:45,11.54,--,478,551612,买盘
1623,13:29:42,11.54,0.01,72,83088,买盘
1624,13:29:39,11.53,--,3,3459,卖盘
1625,13:29:36,11.53,--,1,1153,卖盘
1626,13:29:27,11.53,--,4,4612,卖盘
1627,13:29:24,11.53,-0.01,6,6918,卖盘
1628,13:29:21,11.54,--,1,1154,买盘
1629,13:29:18,11.54,0.01,7,8135,买盘
1630,13:29:15,11.53,-0.01,2,2306,卖盘
1631,13:29:12,11.54,0.01,3,3461,买盘
1632,13:29:09,11.53,--,2,2306,卖盘
1633,13:29:06,11.53,--,5,5765,卖盘
1634,13:29:03,11.53,--,1,1153,卖盘
1635,13:29:00,11.53,--,5,5765,卖盘
1636,13:28:54,11.53,--,20,23060,卖盘
1637,13:28:51,11.53,--,212,244436,卖盘
1638,13:28:48,11.53,--,5,5765,卖盘
1639,13:28:45,11.53,-0.01,34,39202,卖盘
1640,13:28:42,11.54,0.01,1,1154,买盘
1641,13:28:39,11.53,-0.01,22,25366,卖盘
1642,13:28:33,11.54,--,8,9232,买盘
1643,13:28:30,11.54,--,2,2308,买盘
1644,13:28:27,11.54,--,3,3461,买盘
1645,13:28:24,11.54,0.01,25,28849,买盘
1646,13:28:21,11.53,--,20,23060,卖盘
1647,13:28:18,11.53,--,37,42718,卖盘
1648,13:28:15,11.53,--,3,3459,卖盘
1649,13:28:12,11.53,--,2,2306,卖盘
1650,13:28:09,11.53,--,11,12683,卖盘
1651,13:28:06,11.53,--,34,39202,卖盘
1652,13:28:03,11.53,--,54,62262,卖盘
1653,13:27:57,11.53,--,118,136054,卖盘
1654,13:27:54,11.53,--,3,3459,卖盘
1655,13:27:48,11.53,--,5,5765,卖盘
1656,13:27:45,11.53,--,3,3459,卖盘
1657,13:27:42,11.53,-0.01,40,46120,卖盘
1658,13:27:33,11.54,-0.01,19,21926,卖盘
1659,13:27:27,11.55,0.02,3,3465,买盘
1660,13:27:24,11.53,--,10,11530,卖盘
1661,13:27:21,11.53,--,1,1199,卖盘
1662,13:27:18,11.53,--,16,18448,卖盘
1663,13:27:15,11.53,-0.01,394,454282,卖盘
1664,13:27:12,11.54,0.01,47,54237,买盘
1665,13:27:09,11.53,--,2,2306,卖盘
1666,13:27:03,11.53,--,3,3459,卖盘
1667,13:26:57,11.53,-0.02,22,25366,卖盘
1668,13:26:54,11.55,--,10,11550,买盘
1669,13:26:51,11.55,0.01,2,2310,买盘
1670,13:26:48,11.54,--,109,125785,卖盘
1671,13:26:45,11.54,--,34,39236,卖盘
1672,13:26:39,11.54,--,8,9232,卖盘
1673,13:26:36,11.54,--,2,2308,卖盘
1674,13:26:33,11.54,--,60,69240,卖盘
1675,13:26:30,11.54,-0.01,16,18464,卖盘
1676,13:26:27,11.55,0.01,18,20790,中性盘
1677,13:26:24,11.54,-0.01,11,12693,卖盘
1678,13:26:21,11.55,0.01,17,19635,买盘
1679,13:26:18,11.54,--,81,93531,卖盘
1680,13:26:15,11.54,--,2,2308,卖盘
1681,13:26:12,11.54,--,35,40390,卖盘
1682,13:26:09,11.54,--,12,13847,卖盘
1683,13:26:03,11.54,--,5,5770,卖盘
1684,13:26:00,11.54,-0.01,3,3461,卖盘
1685,13:25:57,11.55,--,2,2310,买盘
1686,13:25:54,11.55,0.01,5,5775,买盘
1687,13:25:45,11.54,-0.01,1,1154,卖盘
1688,13:25:42,11.55,--,17,19635,卖盘
1689,13:25:33,11.55,0.01,4,4620,卖盘
1690,13:25:30,11.54,--,18,20772,卖盘
1691,13:25:27,11.54,-0.01,22,25387,卖盘
1692,13:25:24,11.55,--,147,169946,买盘
1693,13:25:21,11.55,0.01,33,38115,买盘
1694,13:25:18,11.54,-0.01,10,11597,卖盘
1695,13:25:15,11.55,0.01,1,1155,买盘
1696,13:25:12,11.54,--,44,50775,卖盘
1697,13:25:09,11.54,--,7,8077,卖盘
1698,13:25:03,11.54,--,40,46160,卖盘
1699,13:25:00,11.54,-0.01,1,1154,卖盘
1700,13:24:57,11.55,0.01,5,5775,买盘
1701,13:24:54,11.54,-0.01,99,114245,卖盘
1702,13:24:51,11.55,--,83,95865,买盘
1703,13:24:48,11.55,0.01,5,5775,买盘
1704,13:24:45,11.54,--,1,1154,卖盘
1705,13:24:42,11.54,--,38,43852,卖盘
1706,13:24:39,11.54,--,9,10386,卖盘
1707,13:24:33,11.54,-0.01,2,2308,卖盘
1708,13:24:30,11.55,0.01,3,3465,买盘
1709,13:24:27,11.54,-0.01,5,5770,卖盘
1710,13:24:24,11.55,0.01,7,8085,买盘
1711,13:24:21,11.54,--,69,79683,卖盘
1712,13:24:18,11.54,--,401,462753,卖盘
1713,13:24:15,11.54,--,34,39236,卖盘
1714,13:24:12,11.54,-0.01,1,1154,卖盘
1715,13:24:09,11.55,0.01,1,1155,买盘
1716,13:24:06,11.54,--,16,18464,卖盘
1717,13:24:03,11.54,--,27,31157,卖盘
1718,13:24:00,11.54,--,118,136172,卖盘
1719,13:23:57,11.54,-0.01,48,55391,卖盘
1720,13:23:54,11.55,--,1,1155,买盘
1721,13:23:51,11.55,0.01,4,4620,买盘
1722,13:23:48,11.54,-0.01,1,1154,卖盘
1723,13:23:45,11.55,--,19,21945,买盘
1724,13:23:39,11.55,0.01,1,1155,买盘
1725,13:23:36,11.54,-0.01,30,34620,卖盘
1726,13:23:33,11.55,--,422,488403,卖盘
1727,13:23:27,11.55,--,12,13860,卖盘
1728,13:23:21,11.55,--,8,9297,卖盘
1729,13:23:18,11.55,--,30,34650,卖盘
1730,13:23:15,11.55,--,54,62370,卖盘
1731,13:23:12,11.55,--,35,40425,卖盘
1732,13:23:06,11.55,-0.01,9,10395,卖盘
1733,13:23:03,11.56,0.01,42,48552,买盘
1734,13:23:00,11.55,--,90,103950,卖盘
1735,13:22:54,11.55,--,5,5775,卖盘
1736,13:22:51,11.55,--,100,115500,卖盘
1737,13:22:48,11.55,-0.01,45,51975,卖盘
1738,13:22:42,11.56,0.01,50,57800,买盘
1739,13:22:39,11.55,--,2,2310,卖盘
1740,13:22:36,11.55,--,3,3465,卖盘
1741,13:22:33,11.55,--,1,1155,卖盘
1742,13:22:30,11.55,-0.01,15,17325,卖盘
1743,13:22:27,11.56,--,18,20808,买盘
1744,13:22:18,11.56,0.01,3,3514,买盘
1745,13:22:15,11.55,-0.01,5,5775,卖盘
1746,13:22:12,11.56,--,5,5780,买盘
1747,13:22:09,11.56,--,38,43928,买盘
1748,13:22:06,11.56,0.01,58,67048,买盘
1749,13:22:03,11.55,-0.01,26,30030,卖盘
1750,13:22:00,11.56,0.01,6,6936,买盘
1751,13:21:57,11.55,--,21,24255,卖盘
1752,13:21:51,11.55,-0.01,15,17325,卖盘
1753,13:21:48,11.56,--,71,82076,买盘
1754,13:21:45,11.56,0.01,1,1156,买盘
1755,13:21:42,11.55,-0.01,3,3465,卖盘
1756,13:21:39,11.56,--,6,6936,买盘
1757,13:21:36,11.56,0.01,6,6936,买盘
1758,13:21:33,11.55,--,2,2310,卖盘
1759,13:21:30,11.55,--,3,3465,卖盘
1760,13:21:27,11.55,-0.01,1,1155,卖盘
1761,13:21:24,11.56,--,1,1156,买盘
1762,13:21:21,11.56,--,9,10404,买盘
1763,13:21:18,11.56,0.01,3,3525,买盘
1764,13:21:15,11.55,--,1,1155,卖盘
1765,13:21:12,11.55,--,4,4620,卖盘
1766,13:21:09,11.55,--,30,34650,卖盘
1767,13:21:06,11.55,--,177,204435,卖盘
1768,13:21:03,11.55,-0.01,88,101640,卖盘
1769,13:21:00,11.56,0.01,32,36992,买盘
1770,13:20:54,11.55,--,6,6930,卖盘
1771,13:20:51,11.55,--,5,5775,卖盘
1772,13:20:48,11.55,--,11,12705,卖盘
1773,13:20:45,11.55,-0.01,22,25410,卖盘
1774,13:20:42,11.56,0.01,5,5780,买盘
1775,13:20:39,11.55,--,20,23100,卖盘
1776,13:20:36,11.55,--,22,25410,卖盘
1777,13:20:33,11.55,--,20,23100,卖盘
1778,13:20:30,11.55,-0.01,1,1155,卖盘
1779,13:20:24,11.56,0.01,10,11560,买盘
1780,13:20:15,11.55,--,21,24312,买盘
1781,13:20:12,11.55,--,1,1155,买盘
1782,13:20:09,11.55,--,69,80630,卖盘
1783,13:20:06,11.55,--,24,27720,卖盘
1784,13:20:03,11.55,-0.01,24,27720,卖盘
1785,13:20:00,11.56,0.01,8,9248,买盘
1786,13:19:57,11.55,--,54,62370,卖盘
1787,13:19:54,11.55,--,14,16170,卖盘
1788,13:19:51,11.55,--,10,11550,卖盘
1789,13:19:45,11.55,-0.01,17,19635,卖盘
1790,13:19:42,11.56,0.01,9,10404,买盘
1791,13:19:39,11.55,--,16,18480,卖盘
1792,13:19:36,11.55,--,70,80850,卖盘
1793,13:19:33,11.55,--,200,231000,卖盘
1794,13:19:30,11.55,--,100,115500,卖盘
1795,13:19:24,11.55,-0.01,1,1155,卖盘
1796,13:19:21,11.56,0.01,31,35836,买盘
1797,13:19:18,11.55,--,2,2367,卖盘
1798,13:19:15,11.55,--,53,61215,卖盘
1799,13:19:12,11.55,-0.01,1,1155,卖盘
1800,13:19:09,11.56,--,5,5780,买盘
1801,13:19:06,11.56,0.01,54,62424,买盘
1802,13:19:03,11.55,-0.01,6,6930,卖盘
1803,13:19:00,11.56,--,36,41616,买盘
1804,13:18:51,11.56,--,1,1156,买盘
1805,13:18:42,11.56,-0.01,3,3468,买盘
1806,13:18:36,11.57,0.01,75,86775,买盘
1807,13:18:33,11.56,-0.01,8,9248,卖盘
1808,13:18:30,11.57,0.01,112,129584,买盘
1809,13:18:27,11.56,--,2,2312,卖盘
1810,13:18:24,11.56,-0.01,229,264724,卖盘
1811,13:18:21,11.57,0.02,239,276580,买盘
1812,13:18:18,11.55,--,53,61215,卖盘
1813,13:18:15,11.55,-0.01,10,11550,卖盘
1814,13:18:12,11.56,--,10,11560,买盘
1815,13:18:09,11.56,0.01,35,40460,中性盘
1816,13:18:06,11.55,-0.01,404,466620,卖盘
1817,13:18:03,11.56,--,121,139876,卖盘
1818,13:18:00,11.56,-0.01,1,1156,卖盘
1819,13:17:57,11.57,0.01,21,24297,买盘
1820,13:17:54,11.56,--,15,17340,卖盘
1821,13:17:51,11.56,--,12,13872,卖盘
1822,13:17:48,11.56,--,2,2312,卖盘
1823,13:17:42,11.56,--,1,1156,卖盘
1824,13:17:39,11.56,-0.01,45,52020,卖盘
1825,13:17:36,11.57,--,2,2314,买盘
1826,13:17:33,11.57,0.01,10,11674,买盘
1827,13:17:30,11.56,--,19,23015,卖盘
1828,13:17:27,11.56,-0.01,46,53176,卖盘
1829,13:17:24,11.57,--,218,252226,买盘
1830,13:17:21,11.57,--,24,27768,买盘
1831,13:17:18,11.57,0.01,4,4674,买盘
1832,13:17:15,11.56,--,11,12716,卖盘
1833,13:17:12,11.56,-0.01,20,23120,卖盘
1834,13:17:09,11.57,0.01,40,46280,买盘
1835,13:17:06,11.56,0.01,648,749088,买盘
1836,13:17:03,11.55,--,15,17325,卖盘
1837,13:17:00,11.55,-0.01,31,35805,卖盘
1838,13:16:57,11.56,0.01,5,5780,买盘
1839,13:16:54,11.55,-0.01,12,13860,卖盘
1840,13:16:51,11.56,0.01,9,10404,买盘
1841,13:16:48,11.55,--,96,110880,卖盘
1842,13:16:45,11.55,--,2,2310,卖盘
1843,13:16:42,11.55,--,3,3465,卖盘
1844,13:16:39,11.55,-0.01,47,54285,卖盘
1845,13:16:33,11.56,0.01,17,19652,买盘
1846,13:16:30,11.55,--,40,46200,卖盘
1847,13:16:27,11.55,--,37,42735,卖盘
1848,13:16:24,11.55,--,5,5775,卖盘
1849,13:16:21,11.55,0.01,51,58962,买盘
1850,13:16:18,11.54,--,3,3461,卖盘
1851,13:16:09,11.54,-0.02,42,48468,卖盘
1852,13:16:06,11.56,--,13,15028,买盘
1853,13:16:03,11.56,0.02,13,15028,买盘
1854,13:16:00,11.54,-0.01,4,4616,中性盘
1855,13:15:57,11.55,--,26,30030,买盘
1856,13:15:54,11.55,--,61,70455,中性盘
1857,13:15:51,11.55,0.01,3,3465,中性盘
1858,13:15:48,11.54,-0.02,26,30003,卖盘
1859,13:15:42,11.56,0.02,1,1156,买盘
1860,13:15:39,11.54,-0.01,26,30003,卖盘
1861,13:15:36,11.55,--,40,46200,卖盘
1862,13:15:33,11.55,0.01,10,11550,买盘
1863,13:15:27,11.54,-0.01,5,5770,卖盘
1864,13:15:21,11.55,--,78,91187,卖盘
1865,13:15:18,11.55,-0.01,1170,1351350,卖盘
1866,13:15:15,11.56,-0.01,23,26645,卖盘
1867,13:15:12,11.57,0.01,23,26611,买盘
1868,13:15:09,11.56,--,26,30056,卖盘
1869,13:15:06,11.56,--,3,3468,卖盘
1870,13:15:03,11.56,--,7,8092,卖盘
1871,13:15:00,11.56,--,16,18496,卖盘
1872,13:14:51,11.56,--,36,41616,卖盘
1873,13:14:48,11.56,--,2,2312,卖盘
1874,13:14:45,11.56,-0.01,47,54332,卖盘
1875,13:14:42,11.57,0.01,8,9256,买盘
1876,13:14:39,11.56,--,10,11617,卖盘
1877,13:14:36,11.56,--,1,1156,卖盘
1878,13:14:33,11.56,-0.01,10,11560,卖盘
1879,13:14:30,11.57,--,12,13884,买盘
1880,13:14:27,11.57,0.01,2,2314,买盘
1881,13:14:24,11.56,-0.01,38,43928,卖盘
1882,13:14:21,11.57,--,427,495138,卖盘
1883,13:14:18,11.57,--,3,3471,卖盘
1884,13:14:15,11.57,--,17,19669,卖盘
1885,13:14:12,11.57,-0.01,7,8099,卖盘
1886,13:14:09,11.58,0.01,80,92640,买盘
1887,13:14:06,11.57,--,5,5785,卖盘
1888,13:14:03,11.57,--,29,33553,卖盘
1889,13:14:00,11.57,-0.01,44,50908,卖盘
1890,13:13:57,11.58,0.01,554,641532,买盘
1891,13:13:54,11.57,-0.01,5,5785,卖盘
1892,13:13:51,11.58,--,355,411090,买盘
1893,13:13:48,11.58,--,3,3474,买盘
1894,13:13:45,11.58,--,4,4632,买盘
1895,13:13:42,11.58,--,1,1158,买盘
1896,13:13:36,11.58,--,207,239706,买盘
1897,13:13:30,11.58,0.01,104,120432,买盘
1898,13:13:27,11.57,-0.01,5,5785,卖盘
1899,13:13:21,11.58,0.01,13,15054,买盘
1900,13:13:18,11.57,-0.01,24,27825,卖盘
1901,13:13:15,11.58,-0.01,132,153967,卖盘
1902,13:13:12,11.59,--,68,78812,买盘
1903,13:13:09,11.59,0.01,360,417240,买盘
1904,13:13:06,11.58,--,41,47478,卖盘
1905,13:13:03,11.58,--,32,37056,卖盘
1906,13:13:00,11.58,--,401,464358,卖盘
1907,13:12:57,11.58,--,15,17370,卖盘
1908,13:12:54,11.58,-0.01,16,18528,卖盘
1909,13:12:51,11.59,--,34,39406,买盘
1910,13:12:48,11.59,0.01,1,1159,买盘
1911,13:12:45,11.58,--,10,11580,卖盘
1912,13:12:42,11.58,--,342,396082,买盘
1913,13:12:39,11.58,0.01,551,638058,买盘
1914,13:12:36,11.57,-0.01,1,1157,卖盘
1915,13:12:33,11.58,--,26,30108,买盘
1916,13:12:30,11.58,--,37,42846,买盘
1917,13:12:27,11.58,0.01,7,8106,买盘
1918,13:12:24,11.57,--,105,121485,卖盘
1919,13:12:21,11.57,-0.01,51,59007,卖盘
1920,13:12:18,11.58,0.01,116,134385,买盘
1921,13:12:15,11.57,--,2,2314,卖盘
1922,13:12:12,11.57,-0.01,1,1157,中性盘
1923,13:12:09,11.58,0.01,109,126222,买盘
1924,13:12:06,11.57,0.01,7,8099,买盘
1925,13:12:03,11.56,-0.01,3,3468,卖盘
1926,13:12:00,11.57,0.01,10,11570,买盘
1927,13:11:57,11.56,-0.01,11,12716,卖盘
1928,13:11:54,11.57,--,4,4628,买盘
1929,13:11:51,11.57,0.01,5,5785,中性盘
1930,13:11:48,11.56,--,1,1156,卖盘
1931,13:11:45,11.56,--,66,76296,卖盘
1932,13:11:42,11.56,-0.01,396,457776,卖盘
1933,13:11:39,11.57,-0.01,384,445398,卖盘
1934,13:11:36,11.58,0.01,37,42846,买盘
1935,13:11:33,11.57,--,10,11570,卖盘
1936,13:11:30,11.57,--,6,6942,卖盘
1937,13:11:27,11.57,-0.01,36,41652,卖盘
1938,13:11:24,11.58,--,26,30108,买盘
1939,13:11:21,11.58,0.01,13,15100,买盘
1940,13:11:18,11.57,-0.01,4,4628,卖盘
1941,13:11:15,11.58,0.01,13,15054,买盘
1942,13:11:09,11.57,--,16,18512,卖盘
1943,13:11:06,11.57,-0.01,28,32396,卖盘
1944,13:11:03,11.58,--,12,13896,买盘
1945,13:11:00,11.58,--,146,169068,买盘
1946,13:10:57,11.58,--,505,584790,买盘
1947,13:10:54,11.58,0.01,8,9264,买盘
1948,13:10:51,11.57,-0.01,30,34710,卖盘
1949,13:10:48,11.58,0.01,9,10422,买盘
1950,13:10:45,11.57,--,1,1157,卖盘
1951,13:10:42,11.57,--,424,490568,买盘
1952,13:10:39,11.57,0.01,13,15041,买盘
1953,13:10:36,11.56,-0.02,236,272816,卖盘
1954,13:10:33,11.58,--,29,33582,买盘
1955,13:10:30,11.58,0.01,1,1158,买盘
1956,13:10:27,11.57,--,22,25454,卖盘
1957,13:10:24,11.57,-0.01,29,33553,卖盘
1958,13:10:21,11.58,0.02,293,339294,买盘
1959,13:10:18,11.56,-0.01,8,9305,卖盘
1960,13:10:15,11.57,0.01,79,91403,买盘
1961,13:10:12,11.56,-0.01,28,33339,卖盘
1962,13:10:09,11.57,0.01,2,2314,买盘
1963,13:10:06,11.56,--,86,99416,卖盘
1964,13:10:03,11.56,--,26,30056,卖盘
1965,13:10:00,11.56,--,46,53176,卖盘
1966,13:09:57,11.56,-0.01,517,597652,卖盘
1967,13:09:54,11.57,0.01,82,94874,买盘
1968,13:09:51,11.56,-0.01,208,240448,卖盘
1969,13:09:48,11.57,--,266,307762,买盘
1970,13:09:45,11.57,--,31,35867,买盘
1971,13:09:42,11.57,0.01,30,34710,买盘
1972,13:09:39,11.56,--,1,1156,卖盘
1973,13:09:36,11.56,--,47,54332,卖盘
1974,13:09:33,11.56,0.01,121,139876,买盘
1975,13:09:30,11.55,-0.01,15,17325,卖盘
1976,13:09:27,11.56,0.01,2,2312,买盘
1977,13:09:24,11.55,--,1,1155,卖盘
1978,13:09:21,11.55,--,15,17325,卖盘
1979,13:09:18,11.55,--,35,40482,卖盘
1980,13:09:15,11.55,-0.01,103,118965,卖盘
1981,13:09:12,11.56,0.01,304,351424,买盘
1982,13:09:09,11.55,--,41,47424,买盘
1983,13:09:03,11.55,--,20,23100,买盘
1984,13:09:00,11.55,--,3,3465,买盘
1985,13:08:57,11.55,--,85,98175,买盘
1986,13:08:54,11.55,-0.02,985,1138760,卖盘
1987,13:08:51,11.57,0.01,8,9256,买盘
1988,13:08:48,11.56,--,1,1156,卖盘
1989,13:08:45,11.56,--,33,38148,卖盘
1990,13:08:42,11.56,--,92,106352,卖盘
1991,13:08:39,11.56,--,301,347956,买盘
1992,13:08:36,11.56,0.01,10,11560,买盘
1993,13:08:33,11.55,--,3,3476,卖盘
1994,13:08:30,11.55,--,53,61215,卖盘
1995,13:08:27,11.55,--,6,6930,卖盘
1996,13:08:24,11.55,--,10,11550,卖盘
1997,13:08:21,11.55,--,1,1155,卖盘
1998,13:08:18,11.55,--,39,45102,卖盘
1999,13:08:15,11.55,--,36,41580,卖盘
2000,13:08:12,11.55,--,5,5775,卖盘
2001,13:08:09,11.55,--,139,160545,卖盘
2002,13:08:03,11.55,-0.01,28,32340,卖盘
2003,13:08:00,11.56,--,8,9248,买盘
2004,13:07:57,11.56,0.02,24,27744,买盘
2005,13:07:54,11.54,--,17,19618,卖盘
2006,13:07:51,11.54,-0.01,1,1154,卖盘
2007,13:07:48,11.55,0.01,1,1155,买盘
2008,13:07:45,11.54,--,1,1154,卖盘
2009,13:07:42,11.54,-0.01,32,36928,卖盘
2010,13:07:39,11.55,-0.02,351,406502,卖盘
2011,13:07:36,11.57,0.01,30,34710,买盘
2012,13:07:33,11.56,-0.01,1,1156,卖盘
2013,13:07:30,11.57,--,1,1157,买盘
2014,13:07:24,11.57,0.01,116,134212,买盘
2015,13:07:21,11.56,--,13,15028,卖盘
2016,13:07:18,11.56,-0.01,60,69417,卖盘
2017,13:07:15,11.57,0.01,548,634036,买盘
2018,13:07:12,11.56,--,36,41616,卖盘
2019,13:07:09,11.56,--,270,312120,卖盘
2020,13:07:06,11.56,-0.01,13,15028,卖盘
2021,13:07:03,11.57,--,4,4628,买盘
2022,13:07:00,11.57,0.01,167,193219,买盘
2023,13:06:57,11.56,--,502,580312,卖盘
2024,13:06:54,11.56,--,31,35836,卖盘
2025,13:06:51,11.56,-0.01,6,6936,卖盘
2026,13:06:45,11.57,--,1,1157,买盘
2027,13:06:42,11.57,--,16,18512,买盘
2028,13:06:39,11.57,--,166,192062,买盘
2029,13:06:36,11.57,0.01,6,6942,买盘
2030,13:06:33,11.56,--,1,1156,卖盘
2031,13:06:30,11.56,--,24,27744,买盘
2032,13:06:24,11.56,--,58,67048,买盘
2033,13:06:21,11.56,--,103,119068,买盘
2034,13:06:18,11.56,--,3,3468,买盘
2035,13:06:15,11.56,--,163,188474,买盘
2036,13:06:12,11.56,0.01,16,18496,买盘
2037,13:06:09,11.55,--,135,155925,卖盘
2038,13:06:06,11.55,--,21,24255,卖盘
2039,13:06:03,11.55,0.01,164,189639,买盘
2040,13:06:00,11.54,-0.01,34,39236,卖盘
2041,13:05:57,11.55,0.01,14,16170,买盘
2042,13:05:54,11.54,--,10,11540,卖盘
2043,13:05:51,11.54,--,14,16155,卖盘
2044,13:05:48,11.54,-0.01,1,1154,卖盘
2045,13:05:45,11.55,--,14,16170,买盘
2046,13:05:42,11.55,0.01,4,4620,买盘
2047,13:05:39,11.54,--,107,123477,卖盘
2048,13:05:36,11.54,-0.01,63,72702,卖盘
2049,13:05:33,11.55,0.01,1,1155,买盘
2050,13:05:30,11.54,--,14,16155,卖盘
2051,13:05:24,11.54,--,3,3461,卖盘
2052,13:05:21,11.54,0.02,5,5770,买盘
2053,13:05:18,11.52,-0.01,25,28857,卖盘
2054,13:05:15,11.53,-0.02,1,1153,中性盘
2055,13:05:12,11.55,0.03,62,71610,买盘
2056,13:05:09,11.52,--,129,148608,卖盘
2057,13:05:06,11.52,--,98,112896,卖盘
2058,13:05:03,11.52,-0.01,4,4608,卖盘
2059,13:05:00,11.53,--,7,8071,买盘
2060,13:04:57,11.53,-0.01,66,77193,卖盘
2061,13:04:54,11.54,0.01,7,8077,买盘
2062,13:04:51,11.53,-0.01,17,19601,卖盘
2063,13:04:48,11.54,0.01,3,3461,买盘
2064,13:04:45,11.53,--,2,2306,卖盘
2065,13:04:42,11.53,--,9,10377,卖盘
2066,13:04:39,11.53,--,230,265190,卖盘
2067,13:04:36,11.53,--,17,19601,卖盘
2068,13:04:30,11.53,--,10,11530,卖盘
2069,13:04:27,11.53,--,1,1153,卖盘
2070,13:04:24,11.53,--,1,1153,卖盘
2071,13:04:21,11.53,--,1,1210,卖盘
2072,13:04:18,11.53,0.01,177,204081,买盘
2073,13:04:15,11.52,--,17,19584,卖盘
2074,13:04:12,11.52,--,47,54144,卖盘
2075,13:04:09,11.52,-0.01,248,285696,卖盘
2076,13:04:06,11.53,0.01,66,76098,买盘
2077,13:04:03,11.52,-0.01,5,5760,卖盘
2078,13:04:00,11.53,--,8,9224,买盘
2079,13:03:57,11.53,0.01,101,116453,买盘
2080,13:03:54,11.52,--,30,34560,卖盘
2081,13:03:51,11.52,-0.01,343,396230,卖盘
2082,13:03:48,11.53,--,3,3459,卖盘
2083,13:03:45,11.53,-0.01,6,6918,卖盘
2084,13:03:42,11.54,0.01,251,289654,买盘
2085,13:03:39,11.53,--,76,87628,卖盘
2086,13:03:36,11.53,--,1,1153,卖盘
2087,13:03:33,11.53,-0.01,49,56497,卖盘
2088,13:03:30,11.54,0.01,1,1154,买盘
2089,13:03:27,11.53,-0.01,9,10377,卖盘
2090,13:03:24,11.54,--,1,1154,买盘
2091,13:03:21,11.54,0.01,1,1154,买盘
2092,13:03:18,11.53,--,1,1210,卖盘
2093,13:03:15,11.53,--,1,1153,卖盘
2094,13:03:12,11.53,0.01,28,32284,卖盘
2095,13:03:09,11.52,-0.01,69,79488,卖盘
2096,13:03:06,11.53,0.01,3,3459,买盘
2097,13:03:03,11.52,-0.01,65,74880,卖盘
2098,13:03:00,11.53,--,10,11530,卖盘
2099,13:02:57,11.53,--,24,27729,买盘
2100,13:02:54,11.53,--,3,3459,买盘
2101,13:02:51,11.53,0.01,17,19601,买盘
2102,13:02:48,11.52,-0.01,7,8064,卖盘
2103,13:02:45,11.53,0.01,5,5765,买盘
2104,13:02:42,11.52,-0.01,6,6912,卖盘
2105,13:02:39,11.53,0.01,9,10377,买盘
2106,13:02:36,11.52,-0.01,148,170496,卖盘
2107,13:02:30,11.53,0.01,18,20754,买盘
2108,13:02:27,11.52,-0.02,33,39110,卖盘
2109,13:02:21,11.54,--,1,1154,买盘
2110,13:02:18,11.54,0.01,32,36985,买盘
2111,13:02:12,11.53,--,3,3459,中性盘
2112,13:02:09,11.53,--,48,55344,卖盘
2113,13:02:06,11.53,--,351,404703,卖盘
2114,13:02:03,11.53,-0.01,6,6918,卖盘
2115,13:02:00,11.54,--,40,46160,买盘
2116,13:01:57,11.54,0.01,15,17310,买盘
2117,13:01:54,11.53,--,18,20754,卖盘
2118,13:01:51,11.53,-0.01,8,9224,卖盘
2119,13:01:48,11.54,0.01,1,1154,买盘
2120,13:01:45,11.53,-0.01,30,34590,卖盘
2121,13:01:42,11.54,-0.01,698,806484,卖盘
2122,13:01:39,11.55,-0.01,9,10395,买盘
2123,13:01:36,11.56,-0.01,313,361828,中性盘
2124,13:01:30,11.57,0.03,59,68263,买盘
2125,13:01:27,11.54,-0.03,11,12693,卖盘
2126,13:01:24,11.57,0.03,37,42809,买盘
2127,13:01:21,11.54,--,64,73856,卖盘
2128,13:01:18,11.54,-0.01,4,4662,卖盘
2129,13:01:15,11.55,--,7,8085,买盘
2130,13:01:12,11.55,-0.01,29,33495,卖盘
2131,13:01:09,11.56,0.02,79,91324,中性盘
2132,13:01:06,11.54,-0.01,891,1028213,卖盘
2133,13:01:03,11.55,--,13,15015,卖盘
2134,13:01:00,11.55,-0.01,1,1155,卖盘
2135,13:00:57,11.56,--,4,4624,买盘
2136,13:00:54,11.56,0.01,2,2312,买盘
2137,13:00:51,11.55,0.01,1,1155,中性盘
2138,13:00:48,11.54,-0.01,68,78472,卖盘
2139,13:00:45,11.55,--,106,122430,卖盘
2140,13:00:42,11.55,--,30,34650,卖盘
2141,13:00:39,11.55,-0.01,58,66990,卖盘
2142,13:00:36,11.56,-0.01,164,190624,卖盘
2143,13:00:33,11.57,--,2,2314,买盘
2144,13:00:30,11.57,--,2,2314,买盘
2145,13:00:27,11.57,0.01,30,34710,买盘
2146,13:00:24,11.56,--,5,5780,卖盘
2147,13:00:21,11.56,0.01,95,109935,买盘
2148,13:00:15,11.55,-0.01,1,1155,卖盘
2149,13:00:12,11.56,--,173,199988,买盘
2150,13:00:09,11.56,0.01,48,55488,买盘
2151,13:00:06,11.55,-0.01,513,592515,卖盘
2152,13:00:03,11.56,-0.01,1520,1758218,卖盘
2153,13:00:00,11.57,--,0,0,买盘
2154,11:30:00,11.57,--,0,0,买盘
2155,11:29:57,11.57,-0.01,16,18512,卖盘
2156,11:29:54,11.58,0.01,64,74112,买盘
2157,11:29:51,11.57,-0.01,14,16198,卖盘
2158,11:29:48,11.58,0.02,4,4632,买盘
2159,11:29:45,11.56,-0.02,24,27744,卖盘
2160,11:29:42,11.58,0.01,2,2316,买盘
2161,11:29:36,11.57,--,15,17355,中性盘
2162,11:29:33,11.57,--,23,26611,卖盘
2163,11:29:30,11.57,--,26,30082,卖盘
2164,11:29:27,11.57,-0.01,21,24297,卖盘
2165,11:29:24,11.58,0.01,11,12738,买盘
2166,11:29:21,11.57,--,84,97245,买盘
2167,11:29:18,11.57,-0.01,924,1069068,卖盘
2168,11:29:12,11.58,0.01,17,19686,买盘
2169,11:29:09,11.57,--,11,12727,卖盘
2170,11:29:06,11.57,--,10,11570,卖盘
2171,11:29:03,11.57,-0.01,1004,1161628,卖盘
2172,11:29:00,11.58,0.01,6,6948,买盘
2173,11:28:57,11.57,-0.01,18,20826,卖盘
2174,11:28:54,11.58,0.01,1,1158,买盘
2175,11:28:51,11.57,-0.01,6,6942,卖盘
2176,11:28:48,11.58,--,10,11765,卖盘
2177,11:28:45,11.58,--,21,24318,卖盘
2178,11:28:42,11.58,--,2,2316,卖盘
2179,11:28:39,11.58,--,14,16212,卖盘
2180,11:28:36,11.58,-0.01,16,18528,卖盘
2181,11:28:33,11.59,0.01,1,1159,买盘
2182,11:28:30,11.58,--,49,56742,卖盘
2183,11:28:27,11.58,-0.01,60,69480,卖盘
2184,11:28:24,11.59,0.01,16,18544,买盘
2185,11:28:18,11.58,--,26,30108,卖盘
2186,11:28:15,11.58,-0.01,2,2373,卖盘
2187,11:28:12,11.59,0.01,3,3477,买盘
2188,11:28:09,11.58,-0.01,50,57900,卖盘
2189,11:28:06,11.59,0.01,9,10431,买盘
2190,11:28:03,11.58,--,29,33582,卖盘
2191,11:28:00,11.58,--,22,25476,卖盘
2192,11:27:57,11.58,-0.01,30,34740,卖盘
2193,11:27:54,11.59,0.01,35,40565,买盘
2194,11:27:51,11.58,--,2,2316,卖盘
2195,11:27:48,11.58,--,21,24318,卖盘
2196,11:27:45,11.58,-0.01,5,5790,卖盘
2197,11:27:42,11.59,-0.01,24,28917,卖盘
2198,11:27:39,11.6,0.02,19,22098,买盘
2199,11:27:36,11.58,--,2,2316,卖盘
2200,11:27:33,11.58,--,9,10422,卖盘
2201,11:27:30,11.58,-0.01,1006,1164948,卖盘
2202,11:27:27,11.59,--,1,1159,买盘
2203,11:27:24,11.59,--,13,16168,卖盘
2204,11:27:21,11.59,--,90,104310,卖盘
2205,11:27:18,11.59,-0.01,7,8170,中性盘
2206,11:27:15,11.6,--,107,124120,买盘
2207,11:27:12,11.6,0.02,105,121800,买盘
2208,11:27:06,11.58,-0.01,1029,1191582,卖盘
2209,11:27:03,11.59,-0.01,27,31293,卖盘
2210,11:27:00,11.6,--,67,77720,买盘
2211,11:26:57,11.6,0.01,18,20880,买盘
2212,11:26:54,11.59,0.01,139,161900,买盘
2213,11:26:51,11.58,-0.01,3,3474,卖盘
2214,11:26:48,11.59,--,2,2318,买盘
2215,11:26:45,11.59,--,1,1159,买盘
2216,11:26:42,11.59,-0.01,93,108146,卖盘
2217,11:26:39,11.6,0.01,356,412960,买盘
2218,11:26:36,11.59,-0.01,21,24339,卖盘
2219,11:26:30,11.6,0.01,26,30160,买盘
2220,11:26:27,11.59,--,5,5795,卖盘
2221,11:26:24,11.59,-0.01,15,17385,卖盘
2222,11:26:21,11.6,0.01,122,141520,买盘
2223,11:26:18,11.59,--,41,47576,卖盘
2224,11:26:15,11.59,--,5,5795,卖盘
2225,11:26:12,11.59,--,15,17385,卖盘
2226,11:26:09,11.59,-0.01,86,99674,卖盘
2227,11:26:06,11.6,--,6,6960,买盘
2228,11:26:03,11.6,0.01,8,9280,买盘
2229,11:26:00,11.59,--,27,31293,卖盘
2230,11:25:57,11.59,-0.01,46,53314,卖盘
2231,11:25:54,11.6,--,22,25520,买盘
2232,11:25:51,11.6,--,102,118320,买盘
2233,11:25:48,11.6,--,35,40600,买盘
2234,11:25:45,11.6,0.01,306,354960,买盘
2235,11:25:42,11.59,--,35,40565,卖盘
2236,11:25:39,11.59,-0.01,44,50996,卖盘
2237,11:25:33,11.6,0.01,25,29000,买盘
2238,11:25:30,11.59,-0.01,5,5795,卖盘
2239,11:25:27,11.6,0.01,30,34800,买盘
2240,11:25:24,11.59,--,1,1159,卖盘
2241,11:25:21,11.59,--,29,33611,卖盘
2242,11:25:18,11.59,--,34,39406,卖盘
2243,11:25:15,11.59,--,1,1205,卖盘
2244,11:25:12,11.59,--,3,3477,卖盘
2245,11:25:09,11.59,--,59,69076,买盘
2246,11:25:06,11.59,--,5,5795,买盘
2247,11:25:03,11.59,0.01,35,40565,买盘
2248,11:25:00,11.58,--,1,1158,卖盘
2249,11:24:57,11.58,-0.01,3,3474,卖盘
2250,11:24:54,11.59,--,1,1159,买盘
2251,11:24:51,11.59,--,37,43346,卖盘
2252,11:24:48,11.59,-0.01,204,236436,卖盘
2253,11:24:45,11.6,--,101,117160,买盘
2254,11:24:39,11.6,0.01,76,88160,买盘
2255,11:24:36,11.59,--,1,1159,卖盘
2256,11:24:33,11.59,--,6,6954,卖盘
2257,11:24:30,11.59,--,30,34770,卖盘
2258,11:24:27,11.59,--,47,54473,卖盘
2259,11:24:24,11.59,--,39,45201,卖盘
2260,11:24:21,11.59,--,152,176863,买盘
2261,11:24:18,11.59,--,144,166953,买盘
2262,11:24:15,11.59,--,18,20862,买盘
2263,11:24:12,11.59,0.01,131,151829,买盘
2264,11:24:09,11.58,--,75,86850,卖盘
2265,11:24:06,11.58,--,74,85692,卖盘
2266,11:24:03,11.58,--,21,24318,卖盘
2267,11:24:00,11.58,--,24,27792,卖盘
2268,11:23:57,11.58,--,21,24318,卖盘
2269,11:23:54,11.58,-0.01,1,1158,卖盘
2270,11:23:51,11.59,0.01,15,17385,买盘
2271,11:23:48,11.58,--,1309,1515822,卖盘
2272,11:23:45,11.58,--,12,13896,卖盘
2273,11:23:39,11.58,--,12,13896,卖盘
2274,11:23:36,11.58,0.01,651,753915,买盘
2275,11:23:33,11.57,--,2,2314,卖盘
2276,11:23:30,11.57,-0.01,21,24297,卖盘
2277,11:23:27,11.58,--,364,422612,卖盘
2278,11:23:24,11.58,--,8,9264,卖盘
2279,11:23:21,11.58,--,107,123906,卖盘
2280,11:23:18,11.58,--,5,5790,卖盘
2281,11:23:15,11.58,--,137,158703,卖盘
2282,11:23:12,11.58,-0.01,8,9264,卖盘
2283,11:23:09,11.59,--,40,46360,买盘
2284,11:23:06,11.59,0.01,104,120536,买盘
2285,11:23:03,11.58,--,62,71796,卖盘
2286,11:23:00,11.58,--,33,38214,卖盘
2287,11:22:57,11.58,--,5,5790,卖盘
2288,11:22:54,11.58,--,5,5790,卖盘
2289,11:22:51,11.58,--,9,10422,卖盘
2290,11:22:45,11.58,--,1,1158,卖盘
2291,11:22:42,11.58,-0.01,41,47478,卖盘
2292,11:22:39,11.59,--,50,57950,买盘
2293,11:22:36,11.59,0.01,10,11590,买盘
2294,11:22:33,11.58,--,37,42846,买盘
2295,11:22:30,11.58,--,31,35898,买盘
2296,11:22:27,11.58,--,4,4632,买盘
2297,11:22:24,11.58,--,6,6948,买盘
2298,11:22:21,11.58,-0.01,1,1158,买盘
2299,11:22:18,11.59,0.01,65,75335,买盘
2300,11:22:15,11.58,--,96,111168,买盘
2301,11:22:12,11.58,--,45,52110,买盘
2302,11:22:09,11.58,0.01,821,950718,买盘
2303,11:22:06,11.57,--,1,1157,卖盘
2304,11:22:03,11.57,-0.01,11,12727,卖盘
2305,11:22:00,11.58,--,42,48636,买盘
2306,11:21:57,11.58,--,4,4632,买盘
2307,11:21:54,11.58,0.01,38,44004,买盘
2308,11:21:51,11.57,-0.01,9,10413,卖盘
2309,11:21:48,11.58,--,181,209598,买盘
2310,11:21:45,11.58,0.01,100,115800,买盘
2311,11:21:42,11.57,--,349,403793,卖盘
2312,11:21:39,11.57,--,20,23140,卖盘
2313,11:21:36,11.57,-0.01,9,10413,卖盘
2314,11:21:33,11.58,--,101,116958,买盘
2315,11:21:30,11.58,0.01,7,8106,买盘
2316,11:21:27,11.57,--,2,2314,卖盘
2317,11:21:24,11.57,-0.01,30,34710,卖盘
2318,11:21:21,11.58,0.01,10,11580,买盘
2319,11:21:18,11.57,--,11,12727,卖盘
2320,11:21:15,11.57,--,1,1157,卖盘
2321,11:21:12,11.57,--,1,1157,卖盘
2322,11:21:09,11.57,-0.01,3,3471,卖盘
2323,11:21:06,11.58,0.01,6,6948,买盘
2324,11:21:03,11.57,--,6,6942,卖盘
2325,11:21:00,11.57,--,88,101816,买盘
2326,11:20:57,11.57,0.01,12,13884,买盘
2327,11:20:51,11.56,-0.02,19,21964,卖盘
2328,11:20:48,11.58,0.01,175,202650,买盘
2329,11:20:45,11.57,-0.01,1,1157,买盘
2330,11:20:42,11.58,--,1,1158,买盘
2331,11:20:39,11.58,--,11,12738,买盘
2332,11:20:36,11.58,0.01,50,57900,买盘
2333,11:20:33,11.57,0.01,75,86775,买盘
2334,11:20:30,11.56,--,3,3468,卖盘
2335,11:20:27,11.56,-0.01,100,115600,卖盘
2336,11:20:24,11.57,-0.01,134,155095,卖盘
2337,11:20:21,11.58,--,1,1158,买盘
2338,11:20:18,11.58,0.01,39,45162,买盘
2339,11:20:15,11.57,--,176,203632,卖盘
2340,11:20:12,11.57,--,23,26611,卖盘
2341,11:20:09,11.57,--,18,20826,卖盘
2342,11:20:06,11.57,--,56,64792,卖盘
2343,11:20:03,11.57,--,18,20826,卖盘
2344,11:20:00,11.57,-0.01,162,187434,卖盘
2345,11:19:57,11.58,--,11,12738,买盘
2346,11:19:54,11.58,0.01,6,6948,买盘
2347,11:19:51,11.57,-0.01,8,9256,卖盘
2348,11:19:48,11.58,0.01,22,25476,买盘
2349,11:19:45,11.57,-0.01,25,28925,卖盘
2350,11:19:42,11.58,0.01,7,8106,买盘
2351,11:19:39,11.57,--,34,39338,卖盘
2352,11:19:36,11.57,--,1,1157,卖盘
2353,11:19:33,11.57,-0.01,2,2314,卖盘
2354,11:19:30,11.58,--,2,2316,买盘
2355,11:19:27,11.58,--,18,20844,买盘
2356,11:19:24,11.58,--,13,15054,买盘
2357,11:19:18,11.58,0.01,53,61374,买盘
2358,11:19:15,11.57,-0.01,22,25454,卖盘
2359,11:19:12,11.58,--,18,20844,买盘
2360,11:19:09,11.58,--,13,15054,买盘
2361,11:19:06,11.58,--,12,13896,买盘
2362,11:19:03,11.58,--,14,16212,买盘
2363,11:19:00,11.58,0.01,24,28892,买盘
2364,11:18:57,11.57,-0.01,6,6942,卖盘
2365,11:18:54,11.58,--,1,1158,买盘
2366,11:18:51,11.58,0.01,31,35898,买盘
2367,11:18:48,11.57,-0.01,3,3471,卖盘
2368,11:18:45,11.58,0.01,30,34740,买盘
2369,11:18:42,11.57,--,75,86775,卖盘
2370,11:18:39,11.57,-0.01,9,10413,卖盘
2371,11:18:36,11.58,--,7,8106,买盘
2372,11:18:33,11.58,--,94,108852,买盘
2373,11:18:30,11.58,--,131,151698,买盘
2374,11:18:27,11.58,--,51,59058,买盘
2375,11:18:24,11.58,--,42,48636,买盘
2376,11:18:21,11.58,--,2,2316,买盘
2377,11:18:18,11.58,--,10,11580,买盘
2378,11:18:15,11.58,--,1,1158,买盘
2379,11:18:12,11.58,--,201,232758,卖盘
2380,11:18:09,11.58,-0.01,8,9264,卖盘
2381,11:18:06,11.59,0.01,105,121695,买盘
2382,11:18:03,11.58,--,38,44004,卖盘
2383,11:18:00,11.58,--,10,11580,买盘
2384,11:17:57,11.58,0.01,3,3474,中性盘
2385,11:17:54,11.57,--,138,159666,卖盘
2386,11:17:51,11.57,-0.01,8,9256,卖盘
2387,11:17:48,11.58,-0.01,48,55885,卖盘
2388,11:17:45,11.59,0.01,9,10431,买盘
2389,11:17:42,11.58,-0.01,47,54426,卖盘
2390,11:17:39,11.59,0.01,5,5795,买盘
2391,11:17:36,11.58,--,5,5790,卖盘
2392,11:17:33,11.58,0.01,306,355204,买盘
2393,11:17:30,11.57,--,6,6942,卖盘
2394,11:17:27,11.57,--,1,1157,卖盘
2395,11:17:24,11.57,-0.01,10,11570,卖盘
2396,11:17:21,11.58,--,11,12738,买盘
2397,11:17:15,11.58,0.01,10,11580,买盘
2398,11:17:12,11.57,--,18,20826,卖盘
2399,11:17:09,11.57,--,9,10413,卖盘
2400,11:17:06,11.57,0.01,40,46280,买盘
2401,11:17:03,11.56,--,59,68204,卖盘
2402,11:17:00,11.56,--,12,13872,卖盘
2403,11:16:57,11.56,-0.01,12,13872,卖盘
2404,11:16:54,11.57,--,1,1157,买盘
2405,11:16:51,11.57,0.01,26,30082,买盘
2406,11:16:48,11.56,-0.01,9,10404,卖盘
2407,11:16:45,11.57,0.01,26,30082,买盘
2408,11:16:39,11.56,-0.01,63,72828,卖盘
2409,11:16:36,11.57,0.01,26,30082,买盘
2410,11:16:33,11.56,-0.01,5,5780,卖盘
2411,11:16:30,11.57,0.01,50,57850,买盘
2412,11:16:27,11.56,-0.01,23,26588,卖盘
2413,11:16:24,11.57,0.01,6,6942,买盘
2414,11:16:18,11.56,--,2,2312,卖盘
2415,11:16:15,11.56,--,21,24276,卖盘
2416,11:16:09,11.56,--,30,34680,卖盘
2417,11:16:06,11.56,--,52,60112,卖盘
2418,11:16:03,11.56,-0.01,9,10404,卖盘
2419,11:16:00,11.57,0.01,67,77519,买盘
2420,11:15:57,11.56,--,15,17340,卖盘
2421,11:15:54,11.56,--,2,2312,卖盘
2422,11:15:51,11.56,-0.01,1,1156,卖盘
2423,11:15:48,11.57,--,36,41652,买盘
2424,11:15:45,11.57,0.01,8,9256,买盘
2425,11:15:42,11.56,--,2,2312,卖盘
2426,11:15:39,11.56,-0.01,3,3468,卖盘
2427,11:15:36,11.57,0.01,9,10413,买盘
2428,11:15:33,11.56,-0.02,1,1156,卖盘
2429,11:15:30,11.58,0.02,19,22002,买盘
2430,11:15:27,11.56,-0.01,6,6936,卖盘
2431,11:15:24,11.57,--,25,28925,买盘
2432,11:15:21,11.57,0.01,26,30082,买盘
2433,11:15:18,11.56,-0.01,11,12716,卖盘
2434,11:15:15,11.57,0.01,3,3471,买盘
2435,11:15:12,11.56,--,55,63580,卖盘
2436,11:15:09,11.56,-0.02,5,5780,卖盘
2437,11:15:06,11.58,0.02,310,358980,买盘
2438,11:15:03,11.56,--,1,1156,卖盘
2439,11:15:00,11.56,--,5,5780,中性盘
2440,11:14:57,11.56,0.01,63,72828,买盘
2441,11:14:54,11.55,-0.01,125,144375,卖盘
2442,11:14:51,11.56,--,5,5780,买盘
2443,11:14:48,11.56,--,37,42772,卖盘
2444,11:14:45,11.56,0.01,43,49708,中性盘
2445,11:14:39,11.55,-0.01,314,362670,卖盘
2446,11:14:36,11.56,--,6,6936,买盘
2447,11:14:30,11.56,0.01,33,38148,买盘
2448,11:14:27,11.55,--,6,6930,卖盘
2449,11:14:24,11.55,-0.01,7,8085,卖盘
2450,11:14:21,11.56,-0.01,107,123692,卖盘
2451,11:14:18,11.57,--,31,35867,买盘
2452,11:14:15,11.57,0.02,3,3471,买盘
2453,11:14:12,11.55,-0.02,5,5775,卖盘
2454,11:14:09,11.57,0.01,51,59007,买盘
2455,11:14:06,11.56,-0.01,133,153748,卖盘
2456,11:14:03,11.57,-0.01,80,92560,中性盘
2457,11:14:00,11.58,0.02,13,15054,买盘
2458,11:13:57,11.56,-0.01,109,126004,卖盘
2459,11:13:51,11.57,-0.01,24,27768,卖盘
2460,11:13:48,11.58,--,6,6948,买盘
2461,11:13:45,11.58,--,45,52110,买盘
2462,11:13:42,11.58,0.02,60,69480,买盘
2463,11:13:39,11.56,-0.01,4,4624,卖盘
2464,11:13:33,11.57,0.02,9,10413,中性盘
2465,11:13:30,11.55,-0.03,22,25410,卖盘
2466,11:13:27,11.58,--,74,85692,买盘
2467,11:13:24,11.58,0.01,59,68322,买盘
2468,11:13:21,11.57,-0.01,22,25454,卖盘
2469,11:13:18,11.58,0.01,21,24318,买盘
2470,11:13:15,11.57,--,5,5785,卖盘
2471,11:13:12,11.57,--,428,495196,卖盘
2472,11:13:09,11.57,--,53,61321,卖盘
2473,11:13:06,11.57,--,9,10413,卖盘
2474,11:13:03,11.57,0.01,21,24297,买盘
2475,11:13:00,11.56,--,15,17340,卖盘
2476,11:12:57,11.56,--,14,16184,卖盘
2477,11:12:54,11.56,--,8,9248,卖盘
2478,11:12:51,11.56,--,14,16184,卖盘
2479,11:12:45,11.56,--,2,2312,卖盘
2480,11:12:42,11.56,-0.02,856,989536,卖盘
2481,11:12:39,11.58,--,2,2316,卖盘
2482,11:12:36,11.58,-0.01,13,15054,卖盘
2483,11:12:33,11.59,--,36,41724,买盘
2484,11:12:30,11.59,--,9,10431,买盘
2485,11:12:27,11.59,-0.01,124,143716,卖盘
2486,11:12:24,11.6,--,32,37120,买盘
2487,11:12:21,11.6,--,72,83520,买盘
2488,11:12:18,11.6,0.01,34,39440,买盘
2489,11:12:15,11.59,-0.01,81,93879,卖盘
2490,11:12:12,11.6,--,172,199520,买盘
2491,11:12:09,11.6,0.01,100,116000,买盘
2492,11:12:06,11.59,--,71,82289,卖盘
2493,11:12:03,11.59,--,55,63745,卖盘
2494,11:12:00,11.59,--,27,31293,卖盘
2495,11:11:57,11.59,--,68,78812,卖盘
2496,11:11:54,11.59,--,106,122854,卖盘
2497,11:11:51,11.59,-0.01,68,78812,卖盘
2498,11:11:48,11.6,0.01,36,41760,买盘
2499,11:11:45,11.59,--,201,232959,卖盘
2500,11:11:42,11.59,--,58,67222,卖盘
2501,11:11:39,11.59,0.01,75,86925,中性盘
2502,11:11:36,11.58,-0.02,167,193386,卖盘
2503,11:11:30,11.6,--,26,30160,买盘
2504,11:11:24,11.6,0.01,96,111360,买盘
2505,11:11:21,11.59,--,67,77653,卖盘
2506,11:11:18,11.59,--,1011,1171749,买盘
2507,11:11:15,11.59,-0.01,35,40565,中性盘
2508,11:11:12,11.6,0.01,161,186760,买盘
2509,11:11:09,11.59,--,121,140239,卖盘
2510,11:11:06,11.59,--,19,22021,卖盘
2511,11:11:03,11.59,--,186,215574,卖盘
2512,11:11:00,11.59,0.01,131,151829,买盘
2513,11:10:57,11.58,--,14,16212,卖盘
2514,11:10:54,11.58,--,83,96114,卖盘
2515,11:10:51,11.58,-0.01,19,22002,卖盘
2516,11:10:48,11.59,0.01,513,594567,买盘
2517,11:10:45,11.58,-0.01,787,911346,卖盘
2518,11:10:42,11.59,--,151,175009,买盘
2519,11:10:39,11.59,--,1195,1385005,卖盘
2520,11:10:36,11.59,--,3,3477,卖盘
2521,11:10:33,11.59,--,58,67222,卖盘
2522,11:10:30,11.59,--,1,1159,卖盘
2523,11:10:27,11.59,0.01,39,45201,中性盘
2524,11:10:24,11.58,--,240,277920,卖盘
2525,11:10:21,11.58,-0.01,13,15054,卖盘
2526,11:10:18,11.59,--,202,234118,买盘
2527,11:10:15,11.59,--,36,41724,买盘
2528,11:10:12,11.59,0.01,6,6954,买盘
2529,11:10:09,11.58,-0.01,3,3474,中性盘
2530,11:10:06,11.59,0.02,54,62586,买盘
2531,11:10:03,11.57,--,16,18512,卖盘
2532,11:10:00,11.57,--,24,27768,卖盘
2533,11:09:57,11.57,0.01,133,153881,买盘
2534,11:09:54,11.56,-0.01,60,69360,卖盘
2535,11:09:51,11.57,--,170,196690,卖盘
2536,11:09:48,11.57,-0.01,36,41652,卖盘
2537,11:09:45,11.58,-0.01,444,514152,卖盘
2538,11:09:42,11.59,--,52,60268,买盘
2539,11:09:39,11.59,0.01,85,98515,买盘
2540,11:09:36,11.58,-0.01,82,94956,卖盘
2541,11:09:33,11.59,--,37,42883,买盘
2542,11:09:30,11.59,-0.01,167,193553,卖盘
2543,11:09:27,11.6,0.01,203,235480,买盘
2544,11:09:24,11.59,-0.01,48,55632,卖盘
2545,11:09:21,11.6,--,11,12760,买盘
2546,11:09:18,11.6,--,38,44080,买盘
2547,11:09:15,11.6,-0.01,227,263320,卖盘
2548,11:09:12,11.61,--,89,103329,买盘
2549,11:09:09,11.61,--,186,215946,买盘
2550,11:09:06,11.61,0.01,20,23220,买盘
2551,11:09:03,11.6,--,35,40600,卖盘
2552,11:09:00,11.6,0.01,15,17400,中性盘
2553,11:08:57,11.59,0.01,31,35929,中性盘
2554,11:08:54,11.58,--,175,202650,买盘
2555,11:08:51,11.58,--,301,348558,卖盘
2556,11:08:48,11.58,-0.01,336,389088,卖盘
2557,11:08:45,11.59,0.01,37,42883,中性盘
2558,11:08:42,11.58,--,95,110010,卖盘
2559,11:08:39,11.58,-0.04,469,543102,卖盘
2560,11:08:36,11.62,0.01,857,995833,买盘
2561,11:08:33,11.61,--,425,493425,买盘
2562,11:08:30,11.61,-0.01,143,166719,卖盘
2563,11:08:27,11.62,--,109,126657,买盘
2564,11:08:24,11.62,0.01,274,318388,买盘
2565,11:08:21,11.61,-0.01,191,221751,卖盘
2566,11:08:18,11.62,--,31,36022,买盘
2567,11:08:15,11.62,0.01,34,39508,买盘
2568,11:08:12,11.61,--,222,257742,卖盘
2569,11:08:09,11.61,0.01,769,893273,买盘
2570,11:08:06,11.6,--,63,73080,卖盘
2571,11:08:03,11.6,0.02,36,41783,买盘
2572,11:08:00,11.58,-0.02,283,327714,卖盘
2573,11:07:57,11.6,--,207,240120,买盘
2574,11:07:54,11.6,0.02,55,63800,买盘
2575,11:07:51,11.58,-0.01,49,56742,卖盘
2576,11:07:48,11.59,0.01,10056,11654904,买盘
2577,11:07:45,11.58,--,8,9264,买盘
2578,11:07:42,11.58,--,163,188754,买盘
2579,11:07:39,11.58,0.01,2860,3311880,买盘
2580,11:07:36,11.57,-0.01,152,175864,卖盘
2581,11:07:30,11.58,0.01,1470,1702896,买盘
2582,11:07:27,11.57,--,65,75205,买盘
2583,11:07:24,11.57,0.01,34,39338,买盘
2584,11:07:21,11.56,--,58,67048,卖盘
2585,11:07:18,11.56,-0.01,1,1156,卖盘
2586,11:07:15,11.57,--,8,9256,买盘
2587,11:07:12,11.57,0.01,9,10413,买盘
2588,11:07:09,11.56,-0.01,70,80920,卖盘
2589,11:07:06,11.57,0.01,1,1157,买盘
2590,11:07:03,11.56,-0.01,3,3468,卖盘
2591,11:07:00,11.57,0.01,31,35867,买盘
2592,11:06:57,11.56,--,69,79764,卖盘
2593,11:06:54,11.56,-0.01,44,50864,卖盘
2594,11:06:51,11.57,0.01,101,116857,买盘
2595,11:06:48,11.56,--,865,999940,卖盘
2596,11:06:45,11.56,--,6,6936,卖盘
2597,11:06:42,11.56,-0.01,16,18496,卖盘
2598,11:06:39,11.57,0.01,18,20826,买盘
2599,11:06:36,11.56,--,12,13872,卖盘
2600,11:06:33,11.56,0.01,11,12716,买盘
2601,11:06:30,11.55,-0.01,64,73920,卖盘
2602,11:06:27,11.56,--,10,11560,卖盘
2603,11:06:24,11.56,--,1,1156,卖盘
2604,11:06:21,11.56,0.01,32,36992,买盘
2605,11:06:18,11.55,0.01,297,343670,买盘
2606,11:06:15,11.54,--,82,94628,卖盘
2607,11:06:12,11.54,-0.02,1708,1971551,卖盘
2608,11:06:09,11.56,--,2307,2666892,买盘
2609,11:06:06,11.56,0.01,58,67048,买盘
2610,11:06:03,11.55,-0.01,121,139755,卖盘
2611,11:06:00,11.56,0.01,1,1156,买盘
2612,11:05:57,11.55,--,15,17325,卖盘
2613,11:05:54,11.55,--,158,182490,卖盘
2614,11:05:51,11.55,--,233,269115,卖盘
2615,11:05:48,11.55,-0.01,44,50820,卖盘
2616,11:05:45,11.56,0.01,42,48552,买盘
2617,11:05:42,11.55,--,68,78540,卖盘
2618,11:05:39,11.55,--,73,84315,卖盘
2619,11:05:36,11.55,--,22,25410,卖盘
2620,11:05:33,11.55,-0.01,10,11550,卖盘
2621,11:05:30,11.56,0.01,14,16184,买盘
2622,11:05:27,11.55,0.01,50,58385,买盘
2623,11:05:24,11.54,-0.01,337,388898,卖盘
2624,11:05:21,11.55,--,36,41580,买盘
2625,11:05:18,11.55,--,21,24255,买盘
2626,11:05:15,11.55,--,164,189420,买盘
2627,11:05:12,11.55,0.01,25,28875,买盘
2628,11:05:09,11.54,-0.01,16,18464,卖盘
2629,11:05:06,11.55,0.01,459,530145,买盘
2630,11:05:03,11.54,-0.01,20,23080,卖盘
2631,11:05:00,11.55,0.01,242,279510,买盘
2632,11:04:57,11.54,-0.01,73,84242,卖盘
2633,11:04:54,11.55,0.01,258,297990,买盘
2634,11:04:51,11.54,--,848,978591,卖盘
2635,11:04:48,11.54,-0.01,56,64623,卖盘
2636,11:04:45,11.55,0.01,20,23100,买盘
2637,11:04:42,11.54,--,21,24234,卖盘
2638,11:04:39,11.54,-0.01,27,31157,卖盘
2639,11:04:36,11.55,0.01,789,911295,买盘
2640,11:04:33,11.54,-0.01,14,16155,卖盘
2641,11:04:30,11.55,0.01,397,458535,买盘
2642,11:04:27,11.54,--,21,24234,卖盘
2643,11:04:24,11.54,--,13,15001,卖盘
2644,11:04:21,11.54,--,105,121169,卖盘
2645,11:04:18,11.54,--,650,750215,买盘
2646,11:04:15,11.54,0.01,17,19618,买盘
2647,11:04:12,11.53,--,40,46120,卖盘
2648,11:04:09,11.53,--,2,2306,卖盘
2649,11:04:06,11.53,0.01,13,14989,买盘
2650,11:04:03,11.52,-0.01,6,6912,卖盘
2651,11:04:00,11.53,0.01,18,20754,买盘
2652,11:03:57,11.52,-0.01,6,6912,卖盘
2653,11:03:54,11.53,-0.01,39,44967,卖盘
2654,11:03:51,11.54,0.02,59,68086,买盘
2655,11:03:48,11.52,-0.01,50,57600,卖盘
2656,11:03:45,11.53,--,12,13836,卖盘
2657,11:03:39,11.53,-0.01,21,24213,卖盘
2658,11:03:36,11.54,0.01,35,40390,买盘
2659,11:03:33,11.53,--,8,9224,卖盘
2660,11:03:30,11.53,--,96,110688,卖盘
2661,11:03:27,11.53,--,5,5765,卖盘
2662,11:03:24,11.53,0.01,4,4612,买盘
2663,11:03:21,11.52,--,3,3456,卖盘
2664,11:03:18,11.52,--,26,29952,卖盘
2665,11:03:15,11.52,--,4,4608,卖盘
2666,11:03:12,11.52,-0.02,1,1152,卖盘
2667,11:03:09,11.54,--,2,2308,买盘
2668,11:03:06,11.54,--,309,356586,买盘
2669,11:03:03,11.54,--,6,6923,买盘
2670,11:03:00,11.54,--,301,347354,买盘
2671,11:02:57,11.54,--,60,69240,买盘
2672,11:02:54,11.54,0.01,35,40390,买盘
2673,11:02:51,11.53,--,5,5765,卖盘
2674,11:02:48,11.53,--,79,91087,买盘
2675,11:02:45,11.53,-0.01,449,517697,卖盘
2676,11:02:42,11.54,0.01,59,68086,买盘
2677,11:02:39,11.53,-0.01,25,28825,卖盘
2678,11:02:36,11.54,0.01,2570,2965780,买盘
2679,11:02:30,11.53,--,102,117606,卖盘
2680,11:02:27,11.53,--,16,18448,卖盘
2681,11:02:24,11.53,-0.01,33,38049,卖盘
2682,11:02:21,11.54,--,5,5770,买盘
2683,11:02:18,11.54,--,14,16155,买盘
2684,11:02:12,11.54,--,30,34620,买盘
2685,11:02:09,11.54,--,62,71548,买盘
2686,11:02:06,11.54,0.01,244,281576,买盘
2687,11:02:03,11.53,-0.01,2,2306,卖盘
2688,11:02:00,11.54,0.01,1,1154,买盘
2689,11:01:57,11.53,-0.01,166,191398,卖盘
2690,11:01:54,11.54,0.01,51,58853,买盘
2691,11:01:51,11.53,--,26,29978,卖盘
2692,11:01:48,11.53,--,144,166032,卖盘
2693,11:01:45,11.53,--,52,59956,卖盘
2694,11:01:42,11.53,--,197,227141,卖盘
2695,11:01:39,11.53,-0.01,10,11530,卖盘
2696,11:01:36,11.54,0.01,16,18464,买盘
2697,11:01:33,11.53,--,32,36896,卖盘
2698,11:01:30,11.53,--,14,16142,卖盘
2699,11:01:27,11.53,-0.01,16,18448,卖盘
2700,11:01:24,11.54,0.01,14,16155,买盘
2701,11:01:21,11.53,-0.01,20,23060,卖盘
2702,11:01:18,11.54,--,6,6923,买盘
2703,11:01:15,11.54,--,5,5770,买盘
2704,11:01:12,11.54,--,5,5770,买盘
2705,11:01:09,11.54,--,12,13847,买盘
2706,11:01:06,11.54,0.02,139,160406,买盘
2707,11:01:03,11.52,--,14,16128,卖盘
2708,11:01:00,11.52,--,8,9216,卖盘
2709,11:00:57,11.52,-0.01,9,10368,卖盘
2710,11:00:51,11.53,--,31,35743,卖盘
2711,11:00:48,11.53,-0.01,8,9224,卖盘
2712,11:00:45,11.54,0.01,101,116553,买盘
2713,11:00:42,11.53,--,88,101464,卖盘
2714,11:00:39,11.53,--,4,4612,卖盘
2715,11:00:36,11.53,--,12,13836,卖盘
2716,11:00:33,11.53,--,1,1153,卖盘
2717,11:00:30,11.53,--,27,31131,买盘
2718,11:00:27,11.53,--,10,11530,买盘
2719,11:00:24,11.53,--,10,11530,买盘
2720,11:00:21,11.53,--,10,11530,买盘
2721,11:00:18,11.53,--,79,91087,卖盘
2722,11:00:15,11.53,--,5,5765,卖盘
2723,11:00:12,11.53,-0.01,29,33437,卖盘
2724,11:00:09,11.54,--,80,92320,买盘
2725,11:00:06,11.54,0.01,4,4616,买盘
2726,11:00:03,11.53,-0.01,11,12683,卖盘
2727,11:00:00,11.54,0.01,10,11540,买盘
2728,10:59:57,11.53,-0.01,4,4612,卖盘
2729,10:59:54,11.54,--,83,95782,买盘
2730,10:59:51,11.54,--,97,111937,买盘
2731,10:59:48,11.54,--,55,63469,买盘
2732,10:59:45,11.54,--,5,5770,买盘
2733,10:59:42,11.54,--,11,12693,买盘
2734,10:59:39,11.54,0.01,35,40390,买盘
2735,10:59:36,11.53,--,115,132595,卖盘
2736,10:59:33,11.53,--,78,89934,卖盘
2737,10:59:30,11.53,-0.01,328,378184,卖盘
2738,10:59:27,11.54,--,2,2308,买盘
2739,10:59:24,11.54,0.01,83,95782,买盘
2740,10:59:21,11.53,--,3,3459,卖盘
2741,10:59:18,11.53,-0.01,19,21907,卖盘
2742,10:59:15,11.54,0.01,666,768564,买盘
2743,10:59:12,11.53,--,37,42661,卖盘
2744,10:59:09,11.53,-0.01,12,13836,卖盘
2745,10:59:06,11.54,0.01,124,143096,买盘
2746,10:59:03,11.53,-0.01,8,9224,卖盘
2747,10:59:00,11.54,0.01,61,70394,买盘
2748,10:58:57,11.53,--,53,61109,卖盘
2749,10:58:54,11.53,--,31,35743,卖盘
2750,10:58:51,11.53,--,31,35743,卖盘
2751,10:58:48,11.53,--,2,2306,卖盘
2752,10:58:42,11.53,--,185,213305,买盘
2753,10:58:39,11.53,--,121,139513,买盘
2754,10:58:36,11.53,--,22,25366,买盘
2755,10:58:33,11.53,--,42,48426,买盘
2756,10:58:30,11.53,--,173,199469,买盘
2757,10:58:27,11.53,--,15,17295,买盘
2758,10:58:24,11.53,0.01,31,35743,买盘
2759,10:58:21,11.52,-0.01,102,117504,卖盘
2760,10:58:18,11.53,0.01,16,18448,买盘
2761,10:58:15,11.52,-0.01,56,64512,卖盘
2762,10:58:12,11.53,--,40,46120,买盘
2763,10:58:09,11.53,--,49,56497,买盘
2764,10:58:06,11.53,0.01,38,43814,买盘
2765,10:58:03,11.52,-0.01,3,3456,卖盘
2766,10:58:00,11.53,0.01,2,2306,买盘
2767,10:57:57,11.52,-0.01,331,381312,卖盘
2768,10:57:54,11.53,--,177,204081,买盘
2769,10:57:51,11.53,--,1,1153,买盘
2770,10:57:48,11.53,--,6,6918,买盘
2771,10:57:45,11.53,--,17,19601,买盘
2772,10:57:42,11.53,--,2,2306,买盘
2773,10:57:39,11.53,0.01,2,2306,买盘
2774,10:57:36,11.52,-0.01,58,66816,卖盘
2775,10:57:33,11.53,0.01,8,9224,买盘
2776,10:57:30,11.52,--,2,2304,卖盘
2777,10:57:27,11.52,--,762,878883,买盘
2778,10:57:15,11.52,--,5,5760,买盘
2779,10:57:12,11.52,0.01,50,57600,买盘
2780,10:57:09,11.51,-0.01,225,258975,卖盘
2781,10:57:06,11.52,--,14,16128,买盘
2782,10:57:03,11.52,0.01,2,2304,买盘
2783,10:57:00,11.51,--,2,2302,卖盘
2784,10:56:57,11.51,--,24,27624,卖盘
2785,10:56:51,11.51,-0.01,17,19567,卖盘
2786,10:56:48,11.52,0.01,1,1152,买盘
2787,10:56:45,11.51,-0.01,3,3453,卖盘
2788,10:56:42,11.52,0.01,12,13824,买盘
2789,10:56:39,11.51,--,11,12661,卖盘
2790,10:56:33,11.51,-0.01,16,18416,卖盘
2791,10:56:30,11.52,--,33,38016,买盘
2792,10:56:27,11.52,--,26,29952,买盘
2793,10:56:24,11.52,0.01,141,162432,买盘
2794,10:56:21,11.51,--,42,48342,卖盘
2795,10:56:15,11.51,-0.01,21,24171,卖盘
2796,10:56:12,11.52,--,30,34560,买盘
2797,10:56:09,11.52,0.01,70,80640,买盘
2798,10:56:06,11.51,--,56,64456,卖盘
2799,10:56:03,11.51,--,1,1151,卖盘
2800,10:56:00,11.51,-0.01,17,19567,卖盘
2801,10:55:57,11.52,0.01,2,2304,买盘
2802,10:55:54,11.51,-0.01,157,180707,卖盘
2803,10:55:51,11.52,--,29,33408,买盘
2804,10:55:48,11.52,--,24,27648,卖盘
2805,10:55:45,11.52,--,11,12672,买盘
2806,10:55:42,11.52,--,8,9216,买盘
2807,10:55:39,11.52,--,7,8064,买盘
2808,10:55:33,11.52,0.01,29,33408,买盘
2809,10:55:30,11.51,-0.01,9,10359,卖盘
2810,10:55:27,11.52,--,13,14976,买盘
2811,10:55:24,11.52,--,11,12672,买盘
2812,10:55:21,11.52,--,18,20736,卖盘
2813,10:55:18,11.52,--,12,13824,卖盘
