,time,price,change,volume,amount,type
0,15:00:03,11.15,--,2125,2369375,买盘
1,14:57:00,11.15,--,0,0,买盘
2,14:56:57,11.15,--,2,2230,买盘
3,14:56:54,11.15,--,10,11150,买盘
4,14:56:48,11.15,--,47,52405,买盘
5,14:56:45,11.15,0.01,4,4460,买盘
6,14:56:42,11.14,-0.01,1,1114,卖盘
7,14:56:39,11.15,0.01,2,2230,买盘
8,14:56:33,11.14,-0.01,52,57928,卖盘
9,14:56:27,11.15,--,90,100350,买盘
10,14:56:24,11.15,--,37,41255,买盘
11,14:56:21,11.15,0.01,6,6690,买盘
12,14:56:18,11.14,--,10,11140,卖盘
13,14:56:15,11.14,--,485,540290,卖盘
14,14:56:12,11.14,-0.01,56,62384,卖盘
15,14:56:09,11.15,0.01,5,5575,买盘
16,14:56:06,11.14,-0.01,149,165986,卖盘
17,14:56:00,11.15,--,2,2230,买盘
18,14:55:54,11.15,--,16,17840,买盘
19,14:55:51,11.15,--,38,42370,卖盘
20,14:55:48,11.15,--,20,22300,卖盘
21,14:55:42,11.15,--,3,3345,卖盘
22,14:55:39,11.15,--,32,35680,买盘
23,14:55:36,11.15,--,65,72475,买盘
24,14:55:33,11.15,--,2,2230,买盘
25,14:55:24,11.15,--,19,21185,卖盘
26,14:55:12,11.15,--,15,16725,卖盘
27,14:55:09,11.15,--,17,18955,卖盘
28,14:55:06,11.15,-0.02,4,4460,中性盘
29,14:55:03,11.17,0.02,321,358557,买盘
30,14:55:00,11.15,0.02,25,27875,买盘
31,14:54:57,11.13,-0.02,40,44520,卖盘
32,14:54:48,11.15,0.02,8,8920,买盘
33,14:54:39,11.13,--,9,10017,卖盘
34,14:54:36,11.13,-0.01,920,1023960,卖盘
35,14:54:30,11.14,-0.01,67,74638,卖盘
36,14:54:27,11.15,--,25,27875,买盘
37,14:54:24,11.15,--,50,55750,卖盘
38,14:54:18,11.15,--,149,166135,卖盘
39,14:54:15,11.15,--,68,75820,卖盘
40,14:54:12,11.15,--,36,40140,卖盘
41,14:54:06,11.15,--,8,8920,卖盘
42,14:54:03,11.15,-0.01,345,384675,卖盘
43,14:53:57,11.16,--,25,27900,买盘
44,14:53:54,11.16,--,109,121644,买盘
45,14:53:51,11.16,0.02,643,718480,买盘
46,14:53:48,11.14,--,885,985890,卖盘
47,14:53:45,11.14,0.01,162,180468,买盘
48,14:53:42,11.13,-0.01,44,48972,卖盘
49,14:53:39,11.14,0.01,99,110286,买盘
50,14:53:36,11.13,-0.01,8,8904,卖盘
51,14:53:33,11.14,0.01,30,33420,买盘
52,14:53:27,11.13,-0.01,29,32277,卖盘
53,14:53:24,11.14,0.01,150,167100,买盘
54,14:53:21,11.13,-0.02,15,16695,卖盘
55,14:53:12,11.15,0.02,39,43485,买盘
56,14:53:09,11.13,--,5,5565,卖盘
57,14:53:06,11.13,-0.01,56,62328,卖盘
58,14:53:03,11.14,--,28,31192,卖盘
59,14:52:57,11.14,--,70,77980,买盘
60,14:52:54,11.14,0.01,25,27850,买盘
61,14:52:51,11.13,-0.01,6,6678,卖盘
62,14:52:48,11.14,-0.01,105,116970,卖盘
63,14:52:42,11.15,0.01,82,91430,买盘
64,14:52:30,11.14,--,25,27850,卖盘
65,14:52:27,11.14,-0.01,21,23394,卖盘
66,14:52:24,11.15,0.01,25,27875,买盘
67,14:52:18,11.14,--,74,82436,卖盘
68,14:52:15,11.14,-0.01,2,2228,卖盘
69,14:52:12,11.15,0.01,44,49060,买盘
70,14:52:09,11.14,--,41,45674,买盘
71,14:52:06,11.14,--,78,86892,买盘
72,14:52:03,11.14,0.01,8,8912,买盘
73,14:52:00,11.13,--,117,130221,卖盘
74,14:51:57,11.13,--,16,17808,卖盘
75,14:51:54,11.13,--,54,60102,卖盘
76,14:51:51,11.13,--,31,34503,卖盘
77,14:51:48,11.13,--,5,5565,卖盘
78,14:51:45,11.13,-0.01,14,15582,卖盘
79,14:51:42,11.14,--,39,43446,买盘
80,14:51:36,11.14,0.01,1,1114,买盘
81,14:51:33,11.13,-0.01,8,8904,卖盘
82,14:51:24,11.14,-0.02,21,23394,卖盘
83,14:51:21,11.16,0.02,25,27900,买盘
84,14:51:15,11.14,-0.02,16,17824,卖盘
85,14:51:12,11.16,0.02,38,42408,买盘
86,14:51:09,11.14,--,1043,1161902,卖盘
87,14:51:03,11.14,--,48,53472,买盘
88,14:51:00,11.14,--,12,13368,卖盘
89,14:50:54,11.14,--,7,7798,卖盘
90,14:50:51,11.14,0.01,26,28964,卖盘
91,14:50:48,11.13,--,27,30051,卖盘
92,14:50:45,11.13,-0.02,5,5565,卖盘
93,14:50:42,11.15,0.02,43,47945,买盘
94,14:50:36,11.13,--,31,34503,卖盘
95,14:50:33,11.13,--,20,22260,卖盘
96,14:50:30,11.13,-0.02,6,6678,卖盘
97,14:50:21,11.15,--,288,322012,卖盘
98,14:50:18,11.15,-0.01,30,33450,卖盘
99,14:50:12,11.16,0.01,39,43524,买盘
100,14:50:09,11.15,-0.01,194,216310,卖盘
101,14:50:06,11.16,0.01,169,188604,买盘
102,14:50:03,11.15,--,5,5575,卖盘
103,14:49:57,11.15,--,2,2230,卖盘
104,14:49:54,11.15,-0.01,10,11150,卖盘
105,14:49:48,11.16,0.01,35,39060,买盘
106,14:49:45,11.15,-0.01,5,5575,卖盘
107,14:49:42,11.16,--,45,50220,买盘
108,14:49:39,11.16,0.01,1,1116,买盘
109,14:49:33,11.15,-0.01,5,5575,卖盘
110,14:49:30,11.16,--,21,23436,买盘
111,14:49:21,11.16,0.01,10,11160,买盘
112,14:49:18,11.15,--,24,26760,卖盘
113,14:49:15,11.15,-0.01,31,34565,卖盘
114,14:49:12,11.16,--,39,43524,买盘
115,14:49:06,11.16,0.01,141,157356,买盘
116,14:49:03,11.15,0.02,355,396048,买盘
117,14:48:54,11.13,-0.02,2,2226,卖盘
118,14:48:51,11.15,--,913,1018887,卖盘
119,14:48:48,11.15,--,6,6690,卖盘
120,14:48:45,11.15,--,848,945743,买盘
121,14:48:42,11.15,--,50,55750,买盘
122,14:48:39,11.15,0.01,914,1020202,买盘
123,14:48:33,11.14,0.01,18,20052,买盘
124,14:48:30,11.13,--,33,36729,卖盘
125,14:48:21,11.13,--,17,18921,卖盘
126,14:48:15,11.13,-0.01,43,47859,卖盘
127,14:48:12,11.14,0.01,40,44560,买盘
128,14:48:09,11.13,--,42,46746,卖盘
129,14:48:06,11.13,-0.01,18,20034,卖盘
130,14:48:03,11.14,0.01,18,20052,买盘
131,14:47:57,11.13,-0.01,4,4452,卖盘
132,14:47:54,11.14,--,169,188266,买盘
133,14:47:51,11.14,0.01,8,8912,买盘
134,14:47:48,11.13,--,30,33390,卖盘
135,14:47:45,11.13,-0.01,66,73458,卖盘
136,14:47:42,11.14,--,39,43446,买盘
137,14:47:39,11.14,0.01,10,11140,买盘
138,14:47:33,11.13,--,56,62328,卖盘
139,14:47:27,11.13,-0.01,2,2226,卖盘
140,14:47:21,11.14,--,28,31192,买盘
141,14:47:12,11.14,0.01,38,42332,买盘
142,14:47:06,11.13,--,17,18921,卖盘
143,14:47:03,11.13,--,22,24486,卖盘
144,14:47:00,11.13,--,10,11130,卖盘
145,14:46:57,11.13,--,20,22260,卖盘
146,14:46:54,11.13,-0.01,32,35616,卖盘
147,14:46:51,11.14,0.01,8,8912,买盘
148,14:46:45,11.13,-0.01,199,221487,卖盘
149,14:46:42,11.14,0.01,91,101374,买盘
150,14:46:36,11.13,--,5,5565,卖盘
151,14:46:33,11.13,-0.01,40,44520,卖盘
152,14:46:30,11.14,0.01,28,31192,买盘
153,14:46:24,11.13,--,244,271794,买盘
154,14:46:21,11.13,--,10,11130,买盘
155,14:46:12,11.13,--,40,44520,买盘
156,14:46:03,11.13,0.02,61,67893,买盘
157,14:45:57,11.11,-0.02,4,4444,卖盘
158,14:45:54,11.13,--,13,15359,卖盘
159,14:45:51,11.13,0.01,599,666909,买盘
160,14:45:45,11.12,-0.01,3,3335,卖盘
161,14:45:42,11.13,0.01,59,65667,买盘
162,14:45:39,11.12,0.01,140,155680,买盘
163,14:45:36,11.11,-0.01,4,4444,卖盘
164,14:45:33,11.12,--,84,93408,卖盘
165,14:45:30,11.12,--,200,222399,卖盘
166,14:45:24,11.12,-0.01,10,11120,卖盘
167,14:45:21,11.13,0.01,8,8904,买盘
168,14:45:18,11.12,-0.01,2,2224,卖盘
169,14:45:12,11.13,0.01,84,93492,买盘
170,14:45:06,11.12,--,3,3335,卖盘
171,14:45:03,11.12,--,25,27799,卖盘
172,14:45:00,11.12,--,5,5560,卖盘
173,14:44:57,11.12,--,20,22240,卖盘
174,14:44:51,11.12,--,19,21128,卖盘
175,14:44:48,11.12,--,10,11120,卖盘
176,14:44:45,11.12,--,150,166800,卖盘
177,14:44:42,11.12,-0.01,59,65608,卖盘
178,14:44:36,11.13,--,169,188097,买盘
179,14:44:33,11.13,0.01,17,18921,买盘
180,14:44:27,11.12,--,1,1112,卖盘
181,14:44:24,11.12,-0.01,13,14455,卖盘
182,14:44:21,11.13,--,13,14469,买盘
183,14:44:12,11.13,--,375,417375,买盘
184,14:44:03,11.13,0.01,19,21147,买盘
185,14:44:00,11.12,-0.01,14,15567,卖盘
186,14:43:54,11.13,0.01,3,3339,买盘
187,14:43:51,11.12,--,46,51152,卖盘
188,14:43:45,11.12,-0.01,145,161240,卖盘
189,14:43:42,11.13,0.01,39,43407,买盘
190,14:43:39,11.12,-0.01,11,12232,卖盘
191,14:43:36,11.13,--,47,52311,买盘
192,14:43:33,11.13,0.01,186,207018,买盘
193,14:43:30,11.12,--,2,2224,卖盘
194,14:43:24,11.12,-0.01,72,80064,卖盘
195,14:43:21,11.13,0.01,21,23373,买盘
196,14:43:18,11.12,--,65,72280,卖盘
197,14:43:15,11.12,-0.01,17,18904,卖盘
198,14:43:12,11.13,--,39,43407,买盘
199,14:43:09,11.13,--,1,1113,买盘
200,14:43:06,11.13,--,2,2226,买盘
201,14:43:03,11.13,--,17,18921,买盘
202,14:43:00,11.13,0.01,74,82362,买盘
203,14:42:54,11.12,-0.01,5,5560,卖盘
204,14:42:51,11.13,--,19,21147,买盘
205,14:42:42,11.13,--,138,153594,买盘
206,14:42:36,11.13,--,857,953841,卖盘
207,14:42:33,11.13,--,52,57876,卖盘
208,14:42:30,11.13,--,10,11130,卖盘
209,14:42:27,11.13,-0.01,158,175854,卖盘
210,14:42:24,11.14,--,170,189380,买盘
211,14:42:21,11.14,0.01,8,8912,买盘
212,14:42:12,11.13,--,45,50085,卖盘
213,14:42:09,11.13,-0.01,10,11130,卖盘
214,14:42:03,11.14,0.01,17,18938,买盘
215,14:41:51,11.13,-0.01,21,23373,卖盘
216,14:41:45,11.14,-0.01,25,27850,卖盘
217,14:41:42,11.15,--,39,43485,买盘
218,14:41:36,11.15,0.01,57,63555,买盘
219,14:41:33,11.14,0.01,18,20052,买盘
220,14:41:24,11.13,-0.01,2,2226,卖盘
221,14:41:21,11.14,-0.01,9,10026,买盘
222,14:41:12,11.15,0.01,51,56865,买盘
223,14:41:06,11.14,0.01,186,207204,买盘
224,14:41:03,11.13,-0.01,99,110187,卖盘
225,14:41:00,11.14,--,28,31192,卖盘
226,14:40:54,11.14,-0.01,4,4456,卖盘
227,14:40:51,11.15,0.01,8,8920,买盘
228,14:40:48,11.14,--,1,1114,卖盘
229,14:40:45,11.14,-0.01,10,11140,卖盘
230,14:40:42,11.15,0.01,39,43485,买盘
231,14:40:33,11.14,--,28,31192,卖盘
232,14:40:30,11.14,--,1,1114,卖盘
233,14:40:24,11.14,--,6,6684,卖盘
234,14:40:21,11.14,0.01,24,26736,买盘
235,14:40:15,11.13,-0.01,1,1113,卖盘
236,14:40:12,11.14,--,138,153732,卖盘
237,14:40:03,11.14,-0.01,8,8912,卖盘
238,14:40:00,11.15,0.01,27,30105,买盘
239,14:39:54,11.14,--,100,111400,买盘
240,14:39:51,11.14,0.01,18,20052,买盘
241,14:39:45,11.13,-0.01,10,11130,卖盘
242,14:39:42,11.14,0.01,56,62384,买盘
243,14:39:36,11.13,--,60,66780,卖盘
244,14:39:33,11.13,-0.01,117,130221,卖盘
245,14:39:21,11.14,--,8,8912,买盘
246,14:39:18,11.14,-0.01,85,94690,卖盘
247,14:39:12,11.15,--,39,43485,买盘
248,14:39:03,11.15,--,18,20070,买盘
249,14:39:00,11.15,--,2,2230,买盘
250,14:38:51,11.15,--,34,37910,卖盘
251,14:38:48,11.15,--,16,17840,卖盘
252,14:38:45,11.15,--,145,161675,买盘
253,14:38:42,11.15,--,145,161675,卖盘
254,14:38:33,11.15,-0.01,11,12265,卖盘
255,14:38:30,11.16,0.01,17,18972,买盘
256,14:38:27,11.15,--,10,11150,卖盘
257,14:38:24,11.15,-0.01,91,101465,卖盘
258,14:38:21,11.16,0.01,12,13392,买盘
259,14:38:18,11.15,-0.01,35,39025,卖盘
260,14:38:12,11.16,0.01,39,43524,买盘
261,14:38:03,11.15,-0.01,19,21185,卖盘
262,14:37:51,11.16,--,8,8928,买盘
263,14:37:48,11.16,--,34,37944,卖盘
264,14:37:45,11.16,-0.01,4,4464,卖盘
265,14:37:42,11.17,0.01,39,43563,买盘
266,14:37:33,11.16,-0.01,20,22320,卖盘
267,14:37:27,11.17,0.01,246,274782,买盘
268,14:37:24,11.16,-0.01,16,17856,卖盘
269,14:37:21,11.17,0.01,27,30159,买盘
270,14:37:18,11.16,--,1,1116,卖盘
271,14:37:15,11.16,-0.01,10,11160,卖盘
272,14:37:12,11.17,0.01,46,51382,买盘
273,14:37:03,11.16,-0.01,8,8928,卖盘
274,14:37:00,11.17,0.01,24,26808,买盘
275,14:36:57,11.16,--,3,3348,卖盘
276,14:36:51,11.16,--,13,14508,买盘
277,14:36:48,11.16,-0.01,2,2232,中性盘
278,14:36:42,11.17,0.01,42,46914,买盘
279,14:36:36,11.16,--,29,32364,卖盘
280,14:36:33,11.16,-0.01,28,31248,卖盘
281,14:36:27,11.17,--,247,275899,买盘
282,14:36:21,11.17,--,8,8936,买盘
283,14:36:15,11.17,0.01,186,207762,买盘
284,14:36:12,11.16,--,40,44640,卖盘
285,14:36:06,11.16,--,203,226548,中性盘
286,14:36:03,11.16,--,23,25668,卖盘
287,14:35:54,11.16,--,42,46872,买盘
288,14:35:51,11.16,-0.01,12,13392,中性盘
289,14:35:42,11.17,0.02,1948,2175916,买盘
290,14:35:39,11.15,-0.01,3,3345,卖盘
291,14:35:36,11.16,--,8,8928,卖盘
292,14:35:33,11.16,0.01,10,11160,买盘
293,14:35:27,11.15,--,13,14495,卖盘
294,14:35:21,11.15,--,69,76935,卖盘
295,14:35:15,11.15,-0.01,37,41255,卖盘
296,14:35:12,11.16,0.01,39,43524,买盘
297,14:35:09,11.15,--,10,11150,卖盘
298,14:35:06,11.15,-0.01,237,264255,卖盘
299,14:35:03,11.16,--,17,18972,买盘
300,14:34:51,11.16,--,12,13392,买盘
301,14:34:42,11.16,-0.01,39,43524,买盘
302,14:34:36,11.17,0.01,66,73722,买盘
303,14:34:33,11.16,--,18,20088,卖盘
304,14:34:27,11.16,-0.01,1,1116,卖盘
305,14:34:24,11.17,--,4,4468,买盘
306,14:34:21,11.17,0.01,23,25691,买盘
307,14:34:18,11.16,--,10,11160,卖盘
308,14:34:15,11.16,--,37,41292,买盘
309,14:34:12,11.16,0.01,38,42408,买盘
310,14:34:06,11.15,--,21,23415,卖盘
311,14:34:03,11.15,-0.01,4,4460,卖盘
312,14:34:00,11.16,0.01,33,36828,中性盘
313,14:33:51,11.15,0.01,40,44600,买盘
314,14:33:48,11.14,--,26,28964,卖盘
315,14:33:45,11.14,-0.01,1844,2054216,卖盘
316,14:33:42,11.15,--,40,44600,买盘
317,14:33:36,11.15,--,23,25645,买盘
318,14:33:33,11.15,--,17,18955,买盘
319,14:33:30,11.15,--,18,20070,买盘
320,14:33:27,11.15,--,2,2230,买盘
321,14:33:24,11.15,--,20,22300,买盘
322,14:33:21,11.15,--,13,14495,买盘
323,14:33:18,11.15,0.01,3,3345,买盘
324,14:33:15,11.14,-0.01,60,66840,卖盘
325,14:33:12,11.15,--,50,55750,买盘
326,14:33:09,11.15,--,53,59095,买盘
327,14:33:03,11.15,--,18,20070,买盘
328,14:33:00,11.15,--,7,7805,买盘
329,14:32:54,11.15,--,4,4460,买盘
330,14:32:51,11.15,--,8,8920,买盘
331,14:32:48,11.15,--,10,11150,买盘
332,14:32:42,11.15,-0.01,62,69130,卖盘
333,14:32:39,11.16,--,32,35712,卖盘
334,14:32:36,11.16,--,144,160704,买盘
335,14:32:33,11.16,--,17,18972,买盘
336,14:32:27,11.16,--,4,4464,买盘
337,14:32:24,11.16,--,19,21204,买盘
338,14:32:21,11.16,0.01,8,8928,买盘
339,14:32:18,11.15,--,5,5575,卖盘
340,14:32:15,11.15,-0.01,10,11150,卖盘
341,14:32:12,11.16,--,39,43524,买盘
342,14:32:00,11.16,--,7,7812,买盘
343,14:31:57,11.16,--,4,4464,买盘
344,14:31:54,11.16,0.01,64,71424,买盘
345,14:31:51,11.15,0.01,12,13380,买盘
346,14:31:45,11.14,-0.01,61,67954,卖盘
347,14:31:42,11.15,--,39,43485,买盘
348,14:31:36,11.15,--,8,8920,卖盘
349,14:31:33,11.15,--,27,30105,卖盘
350,14:31:27,11.15,--,7,7805,卖盘
351,14:31:24,11.15,--,172,191780,买盘
352,14:31:21,11.15,--,61,68015,买盘
353,14:31:18,11.15,--,3,3345,买盘
354,14:31:12,11.15,--,41,45715,买盘
355,14:31:09,11.15,--,8,8920,买盘
356,14:31:06,11.15,-0.01,108,120420,卖盘
357,14:31:03,11.16,--,22,24552,买盘
358,14:30:54,11.16,--,4,4464,买盘
359,14:30:51,11.16,--,13,14508,买盘
360,14:30:48,11.16,--,2,2232,买盘
361,14:30:45,11.16,-0.01,111,123876,卖盘
362,14:30:42,11.17,--,45,50265,买盘
363,14:30:39,11.17,--,10,11170,买盘
364,14:30:33,11.17,--,18,20106,买盘
365,14:30:30,11.17,--,1,1117,买盘
366,14:30:27,11.17,--,10,11170,买盘
367,14:30:24,11.17,--,102,113934,买盘
368,14:30:21,11.17,0.01,8,8936,买盘
369,14:30:18,11.16,--,48,53568,卖盘
370,14:30:15,11.16,-0.01,33,36828,卖盘
371,14:30:12,11.17,0.01,87,98027,买盘
372,14:30:09,11.16,--,4,4464,买盘
373,14:30:03,11.16,--,17,18972,买盘
374,14:29:57,11.16,--,8,9195,卖盘
375,14:29:54,11.16,-0.01,13,14508,卖盘
376,14:29:51,11.17,0.02,62,70102,买盘
377,14:29:45,11.15,-0.01,42,46830,卖盘
378,14:29:42,11.16,--,39,43524,买盘
379,14:29:39,11.16,--,15,16740,买盘
380,14:29:33,11.16,0.01,18,20088,买盘
381,14:29:30,11.15,-0.01,10,11150,卖盘
382,14:29:21,11.16,--,12,13392,买盘
383,14:29:18,11.16,--,193,215388,买盘
384,14:29:12,11.16,--,39,43524,买盘
385,14:29:09,11.16,0.02,4,4464,买盘
386,14:29:03,11.14,-0.01,2003,2231342,卖盘
387,14:29:00,11.15,--,34,37910,买盘
388,14:28:54,11.15,--,13,14495,买盘
389,14:28:51,11.15,0.02,4,4460,买盘
390,14:28:48,11.13,-0.02,250,278250,卖盘
391,14:28:45,11.15,0.01,2030,2263450,买盘
392,14:28:42,11.14,0.01,54,60156,买盘
393,14:28:36,11.13,-0.01,7,7791,卖盘
394,14:28:33,11.14,0.01,17,18938,买盘
395,14:28:30,11.13,--,13,14469,卖盘
396,14:28:24,11.13,-0.01,3,3339,卖盘
397,14:28:21,11.14,--,8,8912,买盘
398,14:28:15,11.14,--,75,83550,买盘
399,14:28:12,11.14,--,49,54586,买盘
400,14:28:09,11.14,--,4,4456,买盘
401,14:28:06,11.14,--,31,34534,买盘
402,14:28:03,11.14,0.01,19,21166,买盘
403,14:28:00,11.13,-0.01,30,33390,卖盘
404,14:27:57,11.14,--,4,4456,买盘
405,14:27:51,11.14,0.02,13,14482,买盘
406,14:27:45,11.12,-0.02,19,21128,卖盘
407,14:27:42,11.14,0.01,39,43446,买盘
408,14:27:39,11.13,--,197,219261,买盘
409,14:27:30,11.13,--,17,18921,买盘
410,14:27:24,11.13,--,344,382872,买盘
411,14:27:21,11.13,--,90,100170,卖盘
412,14:27:18,11.13,-0.01,186,207018,卖盘
413,14:27:12,11.14,--,39,43446,买盘
414,14:27:09,11.14,--,4,4456,买盘
415,14:27:03,11.14,0.01,34,37876,买盘
416,14:26:57,11.13,-0.01,104,115752,卖盘
417,14:26:51,11.14,--,8,8912,买盘
418,14:26:42,11.14,0.01,55,61270,买盘
419,14:26:39,11.13,--,46,51198,卖盘
420,14:26:36,11.13,--,16,17808,卖盘
421,14:26:33,11.13,--,27,30051,卖盘
422,14:26:30,11.13,-0.01,200,222600,卖盘
423,14:26:21,11.14,--,13,14482,买盘
424,14:26:18,11.14,0.01,197,219458,买盘
425,14:26:15,11.13,-0.01,64,71232,卖盘
426,14:26:12,11.14,--,39,43446,买盘
427,14:26:09,11.14,0.01,10,11140,买盘
428,14:26:06,11.13,-0.01,5,5565,卖盘
429,14:26:00,11.14,--,18,20052,买盘
430,14:25:54,11.14,0.01,4,4456,买盘
431,14:25:51,11.13,-0.01,108,120204,卖盘
432,14:25:48,11.14,--,12,13368,买盘
433,14:25:42,11.14,--,47,52358,买盘
434,14:25:39,11.14,--,20,22280,买盘
435,14:25:36,11.14,0.01,28,31192,买盘
436,14:25:33,11.13,-0.01,27,30051,卖盘
437,14:25:30,11.14,--,8,8912,买盘
438,14:25:27,11.14,0.01,4,4456,买盘
439,14:25:24,11.13,-0.01,26,28938,卖盘
440,14:25:21,11.14,--,14,15596,买盘
441,14:25:18,11.14,--,17,18938,买盘
442,14:25:12,11.14,--,199,221686,买盘
443,14:25:09,11.14,--,4,4456,买盘
444,14:25:06,11.14,--,1,1114,买盘
445,14:25:03,11.14,0.01,51,56814,买盘
446,14:25:00,11.13,--,229,254877,卖盘
447,14:24:57,11.13,0.01,295,328335,买盘
448,14:24:54,11.12,0.01,8,8896,卖盘
449,14:24:51,11.11,-0.02,57,63327,卖盘
450,14:24:42,11.13,0.02,39,43407,买盘
451,14:24:36,11.11,-0.01,7,7777,卖盘
452,14:24:30,11.12,0.01,48,53375,买盘
453,14:24:27,11.11,-0.01,11,12221,卖盘
454,14:24:24,11.12,--,4,4448,买盘
455,14:24:21,11.12,--,10,11120,买盘
456,14:24:18,11.12,-0.02,58,64495,卖盘
457,14:24:12,11.14,0.01,39,43446,买盘
458,14:24:09,11.13,-0.01,14,15582,买盘
459,14:24:06,11.14,--,4,4456,买盘
460,14:24:03,11.14,0.02,58,64612,买盘
461,14:24:00,11.12,-0.02,21,23352,卖盘
462,14:23:57,11.14,0.01,30,33420,买盘
463,14:23:54,11.13,--,11,12243,卖盘
464,14:23:51,11.13,--,42,46746,卖盘
465,14:23:45,11.13,-0.01,85,94605,买盘
466,14:23:42,11.14,0.01,61,67954,买盘
467,14:23:36,11.13,--,198,220374,卖盘
468,14:23:33,11.13,--,64,71232,卖盘
469,14:23:27,11.13,-0.01,81,90153,卖盘
470,14:23:24,11.14,0.01,9,10026,买盘
471,14:23:21,11.13,0.02,258,287154,买盘
472,14:23:18,11.11,-0.02,2,2222,卖盘
473,14:23:15,11.13,--,8,8904,买盘
474,14:23:12,11.13,--,69,76797,买盘
475,14:23:09,11.13,0.02,5,5565,买盘
476,14:23:06,11.11,--,23,25553,卖盘
477,14:23:03,11.11,-0.02,30,33330,卖盘
478,14:23:00,11.13,0.02,6,6678,买盘
479,14:22:57,11.11,--,12,13332,卖盘
480,14:22:51,11.11,-0.01,38,42218,卖盘
481,14:22:45,11.12,-0.01,135,150120,卖盘
482,14:22:42,11.13,--,69,76797,买盘
483,14:22:39,11.13,0.01,4,4452,买盘
484,14:22:36,11.12,-0.01,11,12232,卖盘
485,14:22:33,11.13,0.01,56,62328,买盘
486,14:22:30,11.12,-0.01,10,11120,中性盘
487,14:22:24,11.13,0.02,4,4452,买盘
488,14:22:21,11.11,-0.01,30,33330,卖盘
489,14:22:18,11.12,--,13,14455,买盘
490,14:22:12,11.12,--,72,80064,买盘
491,14:22:09,11.12,0.01,4,4448,中性盘
492,14:22:06,11.11,-0.02,6,6666,卖盘
493,14:22:03,11.13,0.02,43,47859,买盘
494,14:22:00,11.11,--,5,5555,卖盘
495,14:21:57,11.11,--,16,17776,卖盘
496,14:21:51,11.11,-0.02,30,33330,卖盘
497,14:21:42,11.13,0.01,68,75684,买盘
498,14:21:33,11.12,-0.01,13,14455,卖盘
499,14:21:30,11.13,--,32,35616,买盘
500,14:21:27,11.13,0.01,38,42294,买盘
501,14:21:21,11.12,-0.01,138,153456,卖盘
502,14:21:12,11.13,0.02,68,75684,买盘
503,14:21:06,11.11,--,4,4532,卖盘
504,14:21:03,11.11,-0.01,36,39996,卖盘
505,14:21:00,11.12,--,1,1112,买盘
506,14:20:51,11.12,--,36,40032,卖盘
507,14:20:48,11.12,-0.01,2,2224,中性盘
508,14:20:42,11.13,0.01,68,75684,买盘
509,14:20:36,11.12,--,4,4448,买盘
510,14:20:33,11.12,-0.01,26,28911,卖盘
511,14:20:30,11.13,0.01,4,4452,买盘
512,14:20:21,11.12,--,37,41144,卖盘
513,14:20:18,11.12,-0.01,5,5560,卖盘
514,14:20:15,11.13,--,30,33390,买盘
515,14:20:12,11.13,--,192,213696,买盘
516,14:20:09,11.13,--,14,15582,买盘
517,14:20:06,11.13,--,4,4452,买盘
518,14:20:03,11.13,--,17,18921,买盘
519,14:20:00,11.13,--,131,145803,卖盘
520,14:19:57,11.13,--,25,27825,卖盘
521,14:19:54,11.13,--,111,123543,买盘
522,14:19:51,11.13,--,37,41181,买盘
523,14:19:42,11.13,--,39,43407,中性盘
524,14:19:39,11.13,-0.01,20,22260,卖盘
525,14:19:36,11.14,--,45,50130,买盘
526,14:19:33,11.14,--,18,20052,买盘
527,14:19:30,11.14,--,43,47902,买盘
528,14:19:27,11.14,0.01,4,4456,买盘
529,14:19:24,11.13,--,24,27390,买盘
530,14:19:21,11.13,--,38,42294,买盘
531,14:19:12,11.13,--,68,75684,买盘
532,14:19:06,11.13,--,4,4452,买盘
533,14:19:03,11.13,--,17,18921,买盘
534,14:19:00,11.13,--,78,87248,卖盘
535,14:18:57,11.13,--,20,22260,卖盘
536,14:18:54,11.13,--,206,229956,买盘
537,14:18:51,11.13,--,44,48972,买盘
538,14:18:48,11.13,--,159,176967,买盘
539,14:18:42,11.13,--,67,74571,买盘
540,14:18:36,11.13,0.01,9,10017,买盘
541,14:18:33,11.12,0.01,3,3335,买盘
542,14:18:30,11.11,-0.01,30,33330,卖盘
543,14:18:27,11.12,-0.01,4,4448,中性盘
544,14:18:24,11.13,-0.01,29,32711,卖盘
545,14:18:21,11.14,0.01,37,41218,买盘
546,14:18:15,11.13,--,37,41859,买盘
547,14:18:12,11.13,--,68,75684,买盘
548,14:18:03,11.13,0.03,4,4452,买盘
549,14:18:00,11.1,-0.03,30,33300,卖盘
550,14:17:54,11.13,0.04,600,667800,买盘
551,14:17:51,11.09,-0.02,29,32161,卖盘
552,14:17:42,11.11,--,69,76659,买盘
553,14:17:36,11.11,-0.01,4,4444,买盘
554,14:17:33,11.12,-0.01,28,31569,卖盘
555,14:17:30,11.13,0.01,47,52311,买盘
556,14:17:24,11.12,0.02,867,964782,买盘
557,14:17:21,11.1,0.01,38,42180,买盘
558,14:17:12,11.09,--,248,275032,卖盘
559,14:17:09,11.09,-0.03,15,16635,卖盘
560,14:17:03,11.12,0.02,2000,2224000,买盘
561,14:17:00,11.1,0.01,26,28860,卖盘
562,14:16:51,11.09,-0.02,40,44360,卖盘
563,14:16:42,11.11,--,57,63327,买盘
564,14:16:39,11.11,--,200,222200,买盘
565,14:16:36,11.11,0.02,4,4444,买盘
566,14:16:30,11.09,-0.02,33,36597,卖盘
567,14:16:27,11.11,0.01,15,16665,买盘
568,14:16:21,11.1,-0.01,52,57720,中性盘
569,14:16:12,11.11,0.01,39,43329,买盘
570,14:16:09,11.1,--,9,9990,卖盘
571,14:16:06,11.1,--,1,1110,卖盘
572,14:16:03,11.1,--,48,53280,买盘
573,14:15:51,11.1,-0.01,12,13320,卖盘
574,14:15:42,11.11,--,187,207757,买盘
575,14:15:33,11.11,0.01,24,26664,买盘
576,14:15:30,11.1,--,30,33300,卖盘
577,14:15:24,11.1,0.02,21,23310,买盘
578,14:15:21,11.08,-0.02,29,32132,卖盘
579,14:15:12,11.1,-0.01,69,76590,中性盘
580,14:15:09,11.11,0.03,32,35552,买盘
581,14:15:03,11.08,--,29,32132,卖盘
582,14:14:51,11.08,-0.03,29,32132,卖盘
583,14:14:42,11.11,0.01,266,295526,买盘
584,14:14:36,11.1,0.02,15,16650,买盘
585,14:14:33,11.08,--,8,8864,卖盘
586,14:14:30,11.08,-0.01,104,115232,卖盘
587,14:14:24,11.09,--,4,4436,买盘
588,14:14:21,11.09,--,133,147497,卖盘
589,14:14:18,11.09,--,14,15526,卖盘
590,14:14:15,11.09,-0.01,54,59886,卖盘
591,14:14:12,11.1,0.02,67,74370,买盘
592,14:14:00,11.08,--,49,54292,卖盘
593,14:13:57,11.08,-0.02,2,2216,卖盘
594,14:13:51,11.1,--,38,42180,买盘
595,14:13:48,11.1,--,25,27750,买盘
596,14:13:42,11.1,0.01,49,54390,买盘
597,14:13:39,11.09,--,10,11090,卖盘
598,14:13:33,11.09,--,4,4436,卖盘
599,14:13:30,11.09,0.01,70,77630,买盘
600,14:13:27,11.08,--,9,9972,买盘
601,14:13:24,11.08,--,7,7756,卖盘
602,14:13:21,11.08,-0.02,32,35456,中性盘
603,14:13:12,11.1,0.02,40,44400,买盘
604,14:13:09,11.08,-0.02,31,34348,卖盘
605,14:13:06,11.1,0.01,1,1110,买盘
606,14:13:03,11.09,0.01,17,18853,买盘
607,14:13:00,11.08,--,30,33240,卖盘
608,14:12:57,11.08,-0.01,30,33240,卖盘
609,14:12:51,11.09,--,47,52123,买盘
610,14:12:45,11.09,--,200,221800,买盘
611,14:12:42,11.09,--,103,114227,买盘
612,14:12:33,11.09,0.01,25,27725,买盘
613,14:12:30,11.08,-0.01,29,32132,卖盘
614,14:12:21,11.09,-0.01,18,19962,卖盘
615,14:12:12,11.1,--,119,132090,买盘
616,14:12:03,11.1,--,18,19980,买盘
617,14:12:00,11.1,--,58,64380,买盘
618,14:11:51,11.1,--,38,42180,买盘
619,14:11:48,11.1,--,1,1110,买盘
620,14:11:42,11.1,0.01,401,445110,买盘
621,14:11:36,11.09,-0.01,1,1109,卖盘
622,14:11:33,11.1,0.01,28,31080,买盘
623,14:11:30,11.09,--,29,32161,卖盘
624,14:11:27,11.09,0.01,11,12199,买盘
625,14:11:24,11.08,-0.01,10,11080,卖盘
626,14:11:21,11.09,0.01,38,42142,买盘
627,14:11:15,11.08,-0.02,11,12188,卖盘
628,14:11:12,11.1,0.01,67,74370,买盘
629,14:11:03,11.09,0.01,17,18853,买盘
630,14:11:00,11.08,--,30,33240,卖盘
631,14:10:57,11.08,-0.01,10,11080,卖盘
632,14:10:51,11.09,0.01,31,34379,买盘
633,14:10:48,11.08,-0.01,10,11080,卖盘
634,14:10:42,11.09,--,48,53232,卖盘
635,14:10:36,11.09,-0.01,17,18853,卖盘
636,14:10:33,11.1,0.01,115,127650,买盘
637,14:10:30,11.09,-0.01,30,33270,卖盘
638,14:10:24,11.1,--,14,15540,买盘
639,14:10:21,11.1,0.01,37,41070,买盘
640,14:10:15,11.09,-0.01,13,14417,卖盘
641,14:10:12,11.1,0.02,68,75480,买盘
642,14:10:06,11.08,-0.01,30,33240,卖盘
643,14:10:03,11.09,0.01,12,13308,中性盘
644,14:10:00,11.08,-0.02,33,36564,卖盘
645,14:09:57,11.1,0.02,118,130980,买盘
646,14:09:51,11.08,-0.02,29,32132,卖盘
647,14:09:45,11.1,--,62,68820,买盘
648,14:09:42,11.1,--,68,75480,买盘
649,14:09:39,11.1,0.01,51,56610,买盘
650,14:09:36,11.09,-0.01,10,11090,卖盘
651,14:09:33,11.1,0.01,17,18870,买盘
652,14:09:30,11.09,-0.01,30,33270,卖盘
653,14:09:21,11.1,--,37,41070,买盘
654,14:09:18,11.1,0.01,597,662670,买盘
655,14:09:15,11.09,--,1,1109,买盘
656,14:09:12,11.09,--,71,78739,买盘
657,14:09:03,11.09,--,18,19962,买盘
658,14:09:00,11.09,--,25,27725,卖盘
659,14:08:57,11.09,--,6,6654,卖盘
660,14:08:54,11.09,--,15,16635,买盘
661,14:08:51,11.09,--,215,238435,卖盘
662,14:08:48,11.09,--,45,49905,卖盘
663,14:08:45,11.09,-0.01,5,5545,卖盘
664,14:08:42,11.1,0.01,56,62160,买盘
665,14:08:36,11.09,--,9,9981,买盘
666,14:08:33,11.09,0.01,17,18853,买盘
667,14:08:30,11.08,-0.01,30,33240,卖盘
668,14:08:24,11.09,--,10,11090,买盘
669,14:08:21,11.09,--,37,41033,买盘
670,14:08:18,11.09,--,7,7763,买盘
671,14:08:15,11.09,-0.01,113,125317,卖盘
672,14:08:12,11.1,0.01,72,79920,买盘
673,14:08:09,11.09,--,21,23289,买盘
674,14:08:03,11.09,--,17,18853,买盘
675,14:08:00,11.09,-0.01,4,4436,卖盘
676,14:07:51,11.1,0.01,37,41070,买盘
677,14:07:48,11.09,--,1,1109,卖盘
678,14:07:45,11.09,-0.01,12,13308,卖盘
679,14:07:42,11.1,--,69,76590,买盘
680,14:07:39,11.1,--,8,8880,买盘
681,14:07:33,11.1,0.02,182,202020,买盘
682,14:07:30,11.08,-0.01,29,32132,卖盘
683,14:07:24,11.09,--,81,89829,买盘
684,14:07:21,11.09,--,37,41033,买盘
685,14:07:18,11.09,--,31,34379,卖盘
686,14:07:12,11.09,--,104,115336,卖盘
687,14:07:06,11.09,--,6,6654,卖盘
688,14:07:03,11.09,--,117,129753,卖盘
689,14:07:00,11.09,-0.01,29,32161,卖盘
690,14:06:51,11.1,--,39,43290,买盘
691,14:06:45,11.1,--,50,55500,买盘
692,14:06:42,11.1,0.01,48,53280,买盘
693,14:06:39,11.09,-0.01,29,32161,卖盘
694,14:06:33,11.1,-0.01,78,86580,中性盘
695,14:06:30,11.11,--,163,181093,买盘
696,14:06:27,11.11,--,12,13332,买盘
697,14:06:21,11.11,--,38,42218,买盘
698,14:06:18,11.11,0.01,1,1111,买盘
699,14:06:15,11.1,-0.01,8,8880,卖盘
700,14:06:12,11.11,0.02,39,43329,买盘
701,14:06:09,11.09,-0.01,72,79848,卖盘
702,14:06:03,11.1,--,75,83250,卖盘
703,14:06:00,11.1,--,30,33300,卖盘
704,14:05:57,11.1,--,10,11100,卖盘
705,14:05:54,11.1,-0.01,60,66600,卖盘
706,14:05:51,11.11,0.01,37,41107,买盘
707,14:05:45,11.1,-0.01,74,82140,卖盘
708,14:05:42,11.11,0.01,38,42218,买盘
709,14:05:39,11.1,--,29,32190,卖盘
710,14:05:36,11.1,-0.01,10,11100,卖盘
711,14:05:33,11.11,0.01,19,21109,买盘
712,14:05:30,11.1,--,186,206460,买盘
713,14:05:24,11.1,0.02,1,1110,买盘
714,14:05:21,11.08,-0.02,103,114124,卖盘
715,14:05:15,11.1,-0.01,10,11100,买盘
716,14:05:12,11.11,0.01,58,64438,买盘
717,14:05:09,11.1,--,88,97680,卖盘
718,14:05:06,11.1,--,15,16650,卖盘
719,14:05:03,11.1,-0.01,27,29970,卖盘
720,14:05:00,11.11,0.01,130,144430,买盘
721,14:04:54,11.1,0.01,9,9990,买盘
722,14:04:51,11.09,--,53,58777,买盘
723,14:04:48,11.09,0.01,51,56559,中性盘
724,14:04:45,11.08,-0.02,176,195772,卖盘
725,14:04:42,11.1,-0.01,39,43290,买盘
726,14:04:39,11.11,0.02,411,456621,买盘
727,14:04:36,11.09,--,14,15526,卖盘
728,14:04:33,11.09,--,37,41033,卖盘
729,14:04:30,11.09,-0.01,29,32161,卖盘
730,14:04:27,11.1,0.01,7,7770,买盘
731,14:04:21,11.09,--,58,64322,卖盘
732,14:04:15,11.09,-0.01,3,3327,卖盘
733,14:04:12,11.1,0.01,48,53280,买盘
734,14:04:09,11.09,-0.01,29,32161,卖盘
735,14:04:06,11.1,--,10,11100,买盘
736,14:04:03,11.1,--,19,21090,买盘
737,14:04:00,11.1,--,30,33300,卖盘
738,14:03:57,11.1,--,12,13320,买盘
739,14:03:51,11.1,-0.01,38,42180,买盘
740,14:03:42,11.11,0.01,212,235532,买盘
741,14:03:39,11.1,-0.01,25,27772,卖盘
742,14:03:36,11.11,0.01,206,228866,买盘
743,14:03:33,11.1,--,60,67687,卖盘
744,14:03:30,11.1,-0.01,60,66600,卖盘
745,14:03:21,11.11,0.01,37,41107,买盘
746,14:03:18,11.1,-0.01,181,200910,卖盘
747,14:03:12,11.11,0.01,50,55550,买盘
748,14:03:09,11.1,--,40,44400,卖盘
749,14:03:06,11.1,-0.01,151,167610,卖盘
750,14:03:03,11.11,0.02,255,283305,买盘
751,14:03:00,11.09,-0.02,30,33270,卖盘
752,14:02:57,11.11,0.02,14,15554,买盘
753,14:02:54,11.09,-0.01,7,7763,卖盘
754,14:02:51,11.1,-0.01,34,37740,中性盘
755,14:02:48,11.11,0.02,367,407737,买盘
756,14:02:45,11.09,-0.01,21,23289,卖盘
757,14:02:42,11.1,0.01,38,42180,买盘
758,14:02:39,11.09,--,30,33270,卖盘
759,14:02:36,11.09,-0.02,18,19962,卖盘
760,14:02:33,11.11,0.01,17,18887,买盘
761,14:02:30,11.1,--,29,32190,卖盘
762,14:02:27,11.1,--,1,1110,卖盘
763,14:02:24,11.1,--,133,147630,卖盘
764,14:02:21,11.1,--,91,101010,买盘
765,14:02:12,11.1,0.01,41,45510,买盘
766,14:02:09,11.09,--,30,33270,卖盘
767,14:02:06,11.09,-0.01,134,148606,卖盘
768,14:02:03,11.1,--,1,1110,买盘
769,14:02:00,11.1,0.01,26,28860,卖盘
770,14:01:51,11.09,--,31,34379,卖盘
771,14:01:45,11.09,-0.02,57,63213,卖盘
772,14:01:42,11.11,0.01,40,44440,买盘
773,14:01:39,11.1,-0.01,30,33300,卖盘
774,14:01:36,11.11,0.01,1,1111,买盘
775,14:01:33,11.1,--,49,54390,卖盘
776,14:01:30,11.1,--,39,43290,卖盘
777,14:01:27,11.1,-0.01,181,200910,卖盘
778,14:01:21,11.11,0.01,39,43329,买盘
779,14:01:18,11.1,--,20,22200,卖盘
780,14:01:15,11.1,-0.01,1,1110,卖盘
781,14:01:12,11.11,0.01,68,75548,买盘
782,14:01:09,11.1,--,30,33300,卖盘
783,14:01:06,11.1,--,247,274170,卖盘
784,14:01:03,11.1,-0.01,267,296370,卖盘
785,14:01:00,11.11,--,40,44440,买盘
786,14:00:54,11.11,--,4,4444,买盘
787,14:00:51,11.11,--,304,337744,卖盘
788,14:00:48,11.11,-0.02,20,22220,卖盘
789,14:00:42,11.13,0.02,98,109074,买盘
790,14:00:39,11.11,-0.01,30,33330,卖盘
791,14:00:36,11.12,-0.01,20,22240,中性盘
792,14:00:33,11.13,0.02,18,20034,买盘
793,14:00:30,11.11,-0.01,30,33330,卖盘
794,14:00:27,11.12,-0.01,9,10008,中性盘
795,14:00:21,11.13,--,52,57876,买盘
796,14:00:12,11.13,0.01,44,48972,买盘
797,14:00:09,11.12,-0.01,51,56711,卖盘
798,14:00:06,11.13,-0.01,4,4452,买盘
799,14:00:03,11.14,0.01,121,134794,买盘
800,14:00:00,11.13,--,29,32277,卖盘
801,13:59:54,11.13,-0.01,4,4452,卖盘
802,13:59:51,11.14,0.01,37,41218,买盘
803,13:59:45,11.13,-0.01,88,97944,卖盘
804,13:59:42,11.14,0.02,54,60156,买盘
805,13:59:39,11.12,-0.01,30,33360,卖盘
806,13:59:33,11.13,--,17,18921,买盘
807,13:59:30,11.13,--,11,12243,买盘
808,13:59:27,11.13,--,1,1113,卖盘
809,13:59:21,11.13,-0.01,39,43407,中性盘
810,13:59:12,11.14,0.02,49,54586,买盘
811,13:59:09,11.12,--,29,32247,卖盘
812,13:59:03,11.12,--,24,26687,卖盘
813,13:59:00,11.12,--,24,26687,卖盘
814,13:58:51,11.12,--,30,33360,卖盘
815,13:58:45,11.12,-0.02,3,3335,卖盘
816,13:58:42,11.14,--,39,43446,买盘
817,13:58:39,11.14,0.01,167,186038,买盘
818,13:58:36,11.13,-0.01,10,11130,卖盘
819,13:58:33,11.14,0.01,17,18938,买盘
820,13:58:30,11.13,-0.01,30,33390,卖盘
821,13:58:27,11.14,--,10,11140,买盘
822,13:58:21,11.14,-0.01,31,34534,买盘
823,13:58:12,11.15,--,39,43485,买盘
824,13:58:03,11.15,0.01,18,20070,买盘
825,13:58:00,11.14,-0.01,1,1114,卖盘
826,13:57:57,11.15,--,3,3345,买盘
827,13:57:51,11.15,--,8,8920,买盘
828,13:57:45,11.15,--,7,7805,买盘
829,13:57:42,11.15,0.01,89,99235,买盘
830,13:57:39,11.14,--,5,5570,卖盘
831,13:57:33,11.14,-0.01,1,1114,卖盘
832,13:57:30,11.15,0.01,27,30105,买盘
833,13:57:27,11.14,-0.01,20,22280,卖盘
834,13:57:21,11.15,0.01,9,10035,买盘
835,13:57:18,11.14,--,10,11140,卖盘
836,13:57:15,11.14,-0.01,26,28964,卖盘
837,13:57:12,11.15,0.01,69,76935,买盘
838,13:57:09,11.14,--,10,11140,卖盘
839,13:57:06,11.14,0.01,222,247308,买盘
840,13:57:03,11.13,--,4,4452,卖盘
841,13:57:00,11.13,--,2,2226,买盘
842,13:56:57,11.13,0.01,8,8904,中性盘
843,13:56:45,11.12,-0.01,1,1112,卖盘
844,13:56:42,11.13,--,39,43407,买盘
845,13:56:33,11.13,-0.01,1,1113,卖盘
846,13:56:30,11.14,-0.01,28,31192,卖盘
847,13:56:21,11.15,--,15,16725,买盘
848,13:56:12,11.15,0.01,40,44600,买盘
849,13:56:09,11.14,-0.01,7,7798,卖盘
850,13:56:03,11.15,0.01,1,1115,买盘
851,13:56:00,11.14,0.01,125,139250,买盘
852,13:55:54,11.13,-0.01,2,2226,卖盘
853,13:55:51,11.14,0.01,162,180468,买盘
854,13:55:45,11.13,--,29,32277,买盘
855,13:55:42,11.13,0.01,48,53424,买盘
856,13:55:39,11.12,--,2,2224,买盘
857,13:55:36,11.12,--,3,3335,卖盘
858,13:55:33,11.12,-0.01,160,177920,卖盘
859,13:55:30,11.13,0.01,5,5565,买盘
860,13:55:24,11.12,-0.01,7,7783,卖盘
861,13:55:21,11.13,--,8,8904,买盘
862,13:55:12,11.13,--,39,43407,买盘
863,13:55:03,11.13,--,18,20034,卖盘
864,13:54:57,11.13,-0.01,6,6678,卖盘
865,13:54:54,11.14,--,3,3342,买盘
866,13:54:51,11.14,-0.01,21,23394,卖盘
867,13:54:48,11.15,0.01,120,133800,买盘
868,13:54:45,11.14,-0.01,6,6684,卖盘
869,13:54:42,11.15,--,39,43485,买盘
870,13:54:33,11.15,0.01,18,20070,买盘
871,13:54:30,11.14,--,74,82436,中性盘
872,13:54:24,11.14,0.01,241,268474,买盘
873,13:54:21,11.13,0.01,1,1113,买盘
874,13:54:18,11.12,-0.02,2,2224,卖盘
875,13:54:12,11.14,0.01,45,50130,买盘
876,13:54:03,11.13,0.01,17,18921,买盘
877,13:54:00,11.12,-0.01,11,12232,卖盘
878,13:53:57,11.13,--,5,5565,买盘
879,13:53:54,11.13,--,1,1113,买盘
880,13:53:51,11.13,0.01,8,8904,买盘
881,13:53:45,11.12,--,8,8896,卖盘
882,13:53:42,11.12,-0.01,106,117871,卖盘
883,13:53:36,11.13,--,15,16695,卖盘
884,13:53:33,11.13,0.01,116,129108,买盘
885,13:53:30,11.12,-0.01,61,67832,卖盘
886,13:53:21,11.13,0.02,1,1113,买盘
887,13:53:12,11.11,--,49,54439,卖盘
888,13:53:09,11.11,0.01,37,41107,买盘
889,13:53:06,11.1,-0.01,35,38850,卖盘
890,13:53:03,11.11,0.01,18,19998,买盘
891,13:53:00,11.1,-0.01,100,111000,卖盘
892,13:52:57,11.11,0.01,57,63327,买盘
893,13:52:54,11.1,-0.01,8,8880,卖盘
894,13:52:51,11.11,0.01,18,19998,买盘
895,13:52:48,11.1,-0.02,3,3330,卖盘
896,13:52:42,11.12,0.02,171,190463,买盘
897,13:52:33,11.1,-0.01,316,351559,卖盘
898,13:52:30,11.11,0.01,698,775789,买盘
899,13:52:24,11.1,-0.01,39,43290,卖盘
900,13:52:21,11.11,--,28,31108,买盘
901,13:52:18,11.11,0.01,1,1111,买盘
902,13:52:15,11.1,-0.01,10,11100,卖盘
903,13:52:12,11.11,--,39,43329,买盘
904,13:52:06,11.11,--,10,11110,买盘
905,13:52:03,11.11,--,124,137764,买盘
906,13:52:00,11.11,-0.02,9108,10119787,卖盘
907,13:51:51,11.13,--,8,8904,买盘
908,13:51:48,11.13,-0.01,7,7791,卖盘
909,13:51:45,11.14,0.01,1,1114,买盘
910,13:51:42,11.13,--,40,44520,卖盘
911,13:51:36,11.13,--,20,22260,卖盘
912,13:51:33,11.13,--,27,30051,卖盘
913,13:51:30,11.13,--,100,111300,卖盘
914,13:51:27,11.13,-0.01,90,100170,卖盘
915,13:51:24,11.14,--,202,225028,买盘
916,13:51:21,11.14,0.01,8,8912,买盘
917,13:51:18,11.13,-0.01,12,13356,卖盘
918,13:51:12,11.14,--,38,42332,买盘
919,13:51:09,11.14,--,3,3342,卖盘
920,13:51:06,11.14,-0.01,20,22280,卖盘
921,13:51:03,11.15,0.01,18,20070,买盘
922,13:50:54,11.14,--,4,4456,卖盘
923,13:50:51,11.14,--,29,32306,卖盘
924,13:50:48,11.14,--,4,4456,卖盘
925,13:50:45,11.14,-0.01,30,33420,卖盘
926,13:50:42,11.15,0.01,50,55750,买盘
927,13:50:36,11.14,-0.01,1,1114,卖盘
928,13:50:33,11.15,0.01,18,20070,买盘
929,13:50:30,11.14,-0.01,44,49016,卖盘
930,13:50:21,11.15,--,238,265370,买盘
931,13:50:18,11.15,0.01,69,76935,买盘
932,13:50:15,11.14,-0.01,100,111400,卖盘
933,13:50:12,11.15,0.01,38,42370,买盘
934,13:50:09,11.14,-0.01,2,2228,中性盘
935,13:50:00,11.15,0.03,46,51290,买盘
936,13:49:54,11.12,-0.03,1000,1112000,卖盘
937,13:49:51,11.15,--,18,20070,买盘
938,13:49:45,11.15,--,1,1115,买盘
939,13:49:42,11.15,0.01,240,267600,买盘
940,13:49:39,11.14,-0.01,400,445600,卖盘
941,13:49:36,11.15,0.01,10,11150,买盘
942,13:49:33,11.14,--,23,25622,卖盘
943,13:49:27,11.14,-0.01,80,89120,卖盘
944,13:49:24,11.15,--,1,1115,买盘
945,13:49:21,11.15,-0.01,8,8920,中性盘
946,13:49:12,11.16,0.01,49,54684,买盘
947,13:49:09,11.15,--,22,24530,卖盘
948,13:49:06,11.15,--,5,5575,卖盘
949,13:49:03,11.15,--,27,30105,卖盘
950,13:48:57,11.15,-0.01,5,5575,卖盘
951,13:48:54,11.16,0.01,8,8928,买盘
952,13:48:51,11.15,--,67,74705,卖盘
953,13:48:48,11.15,-0.01,37,41255,卖盘
954,13:48:45,11.16,--,212,236592,买盘
955,13:48:42,11.16,0.01,38,42408,买盘
956,13:48:39,11.15,--,13,14495,卖盘
957,13:48:36,11.15,-0.01,20,22300,卖盘
958,13:48:33,11.16,--,19,21204,买盘
959,13:48:21,11.16,0.01,13,14508,买盘
960,13:48:18,11.15,--,91,101465,卖盘
961,13:48:15,11.15,-0.01,2,2230,卖盘
962,13:48:12,11.16,--,39,43524,买盘
963,13:48:03,11.16,--,18,20088,买盘
964,13:47:57,11.16,--,1,1116,买盘
965,13:47:51,11.16,-0.01,8,8928,买盘
966,13:47:45,11.17,--,1,1117,买盘
967,13:47:42,11.17,0.01,240,268080,买盘
968,13:47:39,11.16,-0.01,1,1116,卖盘
969,13:47:36,11.17,--,100,111700,买盘
970,13:47:33,11.17,0.01,17,18989,买盘
971,13:47:24,11.16,-0.01,10,11160,卖盘
972,13:47:21,11.17,--,8,8936,买盘
973,13:47:12,11.17,0.01,51,56967,买盘
974,13:47:09,11.16,--,11,12276,卖盘
975,13:47:03,11.16,--,28,31248,卖盘
976,13:46:54,11.16,--,66,74347,买盘
977,13:46:51,11.16,--,8,8928,买盘
978,13:46:48,11.16,--,6,6696,卖盘
979,13:46:45,11.16,-0.01,2,2232,卖盘
980,13:46:42,11.17,--,49,54733,买盘
981,13:46:33,11.17,0.02,27,30159,买盘
982,13:46:27,11.15,-0.02,4,4460,卖盘
983,13:46:24,11.17,0.01,88,98296,买盘
984,13:46:21,11.16,--,13,14508,买盘
985,13:46:18,11.16,-0.01,2,2232,买盘
986,13:46:12,11.17,0.02,82,91594,买盘
987,13:46:03,11.15,-0.01,21,23415,卖盘
988,13:45:57,11.16,--,1,1116,买盘
989,13:45:51,11.16,--,24,26784,买盘
990,13:45:42,11.16,--,40,44640,买盘
991,13:45:39,11.16,--,43,47988,买盘
992,13:45:33,11.16,--,203,226548,买盘
993,13:45:30,11.16,0.01,17,18972,买盘
994,13:45:27,11.15,-0.01,6,6690,卖盘
995,13:45:24,11.16,--,1,1116,买盘
996,13:45:21,11.16,--,9,10044,买盘
997,13:45:12,11.16,0.01,39,43524,买盘
998,13:45:09,11.15,--,10,11150,卖盘
999,13:45:00,11.15,--,46,51290,买盘
1000,13:44:54,11.15,-0.01,8,8920,中性盘
1001,13:44:48,11.16,0.01,200,223200,买盘
1002,13:44:45,11.15,-0.01,6,6690,卖盘
1003,13:44:42,11.16,--,40,44640,买盘
1004,13:44:36,11.16,--,177,197532,买盘
1005,13:44:33,11.16,--,1,1116,买盘
1006,13:44:30,11.16,0.01,27,30132,买盘
1007,13:44:27,11.15,--,16,17840,卖盘
1008,13:44:24,11.15,-0.01,3,3345,卖盘
1009,13:44:21,11.16,--,8,8928,买盘
1010,13:44:18,11.16,0.01,1,1116,买盘
1011,13:44:15,11.15,-0.01,10,11150,中性盘
1012,13:44:12,11.16,0.01,38,42408,买盘
1013,13:44:06,11.15,--,14,15610,卖盘
1014,13:44:03,11.15,--,2,2230,卖盘
1015,13:44:00,11.15,--,2,2230,买盘
1016,13:43:54,11.15,--,9,10035,卖盘
1017,13:43:51,11.15,0.01,12,13380,买盘
1018,13:43:48,11.14,-0.01,4,4456,卖盘
1019,13:43:45,11.15,-0.01,2,2230,卖盘
1020,13:43:42,11.16,0.01,41,45756,买盘
1021,13:43:39,11.15,--,1,1115,卖盘
1022,13:43:36,11.15,--,6,6690,卖盘
1023,13:43:33,11.15,--,9,10035,买盘
1024,13:43:27,11.15,--,1,1115,买盘
1025,13:43:24,11.15,-0.01,21,23415,卖盘
1026,13:43:21,11.16,-0.01,8,8928,中性盘
1027,13:43:15,11.17,--,178,198826,买盘
1028,13:43:12,11.17,0.01,40,44680,买盘
1029,13:43:09,11.16,--,2,2232,卖盘
1030,13:43:06,11.16,-0.01,2,2232,卖盘
1031,13:43:03,11.17,--,74,82658,买盘
1032,13:43:00,11.17,--,17,18989,买盘
1033,13:42:57,11.17,0.01,3,3351,买盘
1034,13:42:54,11.16,0.01,8,8928,中性盘
1035,13:42:45,11.15,-0.01,5,5575,卖盘
1036,13:42:42,11.16,0.01,40,44640,买盘
1037,13:42:39,11.15,--,6,6690,卖盘
1038,13:42:33,11.15,--,24,26760,卖盘
1039,13:42:24,11.15,-0.02,22,24530,卖盘
1040,13:42:21,11.17,0.01,9,10053,买盘
1041,13:42:18,11.16,0.01,37,41292,买盘
1042,13:42:15,11.15,-0.01,21,23415,卖盘
1043,13:42:12,11.16,-0.01,39,43524,买盘
1044,13:42:09,11.17,0.01,86,96062,买盘
1045,13:42:06,11.16,--,1,1116,买盘
1046,13:42:03,11.16,-0.01,18,20088,卖盘
1047,13:42:00,11.17,--,5,5585,买盘
1048,13:41:54,11.17,--,12,13404,买盘
1049,13:41:51,11.17,0.01,9,10053,买盘
1050,13:41:48,11.16,--,10,11160,卖盘
1051,13:41:45,11.16,--,26,29016,卖盘
1052,13:41:42,11.16,--,69,77004,卖盘
1053,13:41:36,11.16,0.01,126,140616,买盘
1054,13:41:33,11.15,0.01,24,26760,中性盘
1055,13:41:21,11.14,--,32,35648,卖盘
1056,13:41:18,11.14,-0.02,9,10026,卖盘
1057,13:41:12,11.16,0.01,48,53568,买盘
1058,13:41:03,11.15,0.01,9,10035,中性盘
1059,13:41:00,11.14,--,111,123965,卖盘
1060,13:40:57,11.14,-0.01,39,43446,卖盘
1061,13:40:51,11.15,--,48,53520,买盘
1062,13:40:48,11.15,0.01,1,1115,买盘
1063,13:40:45,11.14,-0.01,3,3342,卖盘
1064,13:40:42,11.15,--,43,47945,买盘
1065,13:40:33,11.15,0.01,18,20070,买盘
1066,13:40:30,11.14,--,2,2228,卖盘
1067,13:40:24,11.14,-0.01,10,11140,卖盘
1068,13:40:21,11.15,0.01,65,72475,买盘
1069,13:40:18,11.14,-0.01,272,303008,卖盘
1070,13:40:15,11.15,--,203,226345,买盘
1071,13:40:12,11.15,0.01,44,49060,买盘
1072,13:40:09,11.14,--,12,13368,卖盘
1073,13:40:03,11.14,--,21,23394,卖盘
1074,13:40:00,11.14,-0.01,4,4456,卖盘
1075,13:39:57,11.15,--,1,1115,买盘
1076,13:39:51,11.15,--,20,22300,买盘
1077,13:39:45,11.15,--,10,11150,买盘
1078,13:39:42,11.15,0.01,48,53520,买盘
1079,13:39:36,11.14,-0.01,2,2228,卖盘
1080,13:39:33,11.15,0.01,17,18955,买盘
1081,13:39:30,11.14,--,17,18938,卖盘
1082,13:39:27,11.14,--,2,2228,卖盘
1083,13:39:24,11.14,--,2,2228,买盘
1084,13:39:21,11.14,-0.01,30,33420,中性盘
1085,13:39:12,11.15,0.01,40,44600,买盘
1086,13:39:09,11.14,--,37,42020,卖盘
1087,13:39:06,11.14,-0.01,31,34534,卖盘
1088,13:39:03,11.15,0.01,218,243070,买盘
1089,13:39:00,11.14,-0.01,6,6684,卖盘
1090,13:38:57,11.15,--,203,226345,买盘
1091,13:38:51,11.15,--,32,35680,买盘
1092,13:38:45,11.15,--,10,11150,买盘
1093,13:38:42,11.15,0.01,38,42370,买盘
1094,13:38:39,11.14,-0.01,11,12254,卖盘
1095,13:38:36,11.15,--,4,4460,买盘
1096,13:38:33,11.15,0.01,18,20070,买盘
1097,13:38:30,11.14,-0.01,14,15596,卖盘
1098,13:38:27,11.15,--,22,24530,买盘
1099,13:38:21,11.15,0.01,34,37910,买盘
1100,13:38:18,11.14,--,36,40415,买盘
1101,13:38:12,11.14,--,45,50130,买盘
1102,13:38:06,11.14,--,1,1114,买盘
1103,13:38:03,11.14,--,17,18938,买盘
1104,13:38:00,11.14,-0.01,13,15284,卖盘
1105,13:37:57,11.15,0.01,23,25645,买盘
1106,13:37:51,11.14,--,244,271816,卖盘
1107,13:37:48,11.14,-0.01,85,94690,卖盘
1108,13:37:42,11.15,0.01,56,62440,买盘
1109,13:37:39,11.14,-0.01,19,21166,卖盘
1110,13:37:36,11.15,--,207,230805,买盘
1111,13:37:33,11.15,0.01,19,21185,买盘
1112,13:37:30,11.14,--,26,29275,卖盘
1113,13:37:27,11.14,-0.01,6,6684,卖盘
1114,13:37:24,11.15,--,145,161675,买盘
1115,13:37:21,11.15,0.01,9,10035,买盘
1116,13:37:18,11.14,-0.01,23,25622,卖盘
1117,13:37:15,11.15,--,1,1115,买盘
1118,13:37:12,11.15,0.01,39,43485,买盘
1119,13:37:09,11.14,-0.01,45,50130,卖盘
1120,13:37:03,11.15,--,17,18955,买盘
1121,13:37:00,11.15,0.01,1,1115,买盘
1122,13:36:57,11.14,-0.01,57,63498,卖盘
1123,13:36:54,11.15,--,17,18955,买盘
1124,13:36:51,11.15,0.01,8,8920,买盘
1125,13:36:48,11.14,-0.01,113,125882,卖盘
1126,13:36:45,11.15,--,31,34565,买盘
1127,13:36:42,11.15,0.01,39,43485,买盘
1128,13:36:39,11.14,--,9,10026,卖盘
1129,13:36:33,11.14,--,19,21166,卖盘
1130,13:36:27,11.14,-0.01,32,35648,卖盘
1131,13:36:21,11.15,--,8,8920,买盘
1132,13:36:18,11.15,--,227,253105,买盘
1133,13:36:12,11.15,0.01,65,72475,买盘
1134,13:36:06,11.14,--,10,11140,卖盘
1135,13:36:03,11.14,-0.01,44,49016,卖盘
1136,13:35:57,11.15,--,51,56865,买盘
1137,13:35:51,11.15,0.01,8,8920,买盘
1138,13:35:48,11.14,--,4,4456,卖盘
1139,13:35:45,11.14,-0.01,2,2228,卖盘
1140,13:35:42,11.15,--,38,42370,买盘
1141,13:35:39,11.15,0.01,5,5575,买盘
1142,13:35:36,11.14,-0.01,16,17824,卖盘
1143,13:35:33,11.15,0.01,23,25645,买盘
1144,13:35:27,11.14,-0.01,40,44560,卖盘
1145,13:35:24,11.15,--,6,6690,买盘
1146,13:35:21,11.15,--,8,8920,买盘
1147,13:35:15,11.15,--,150,167250,买盘
1148,13:35:12,11.15,0.01,39,43485,买盘
1149,13:35:06,11.14,--,10,11140,卖盘
1150,13:35:03,11.14,--,23,25622,卖盘
1151,13:35:00,11.14,--,20,22280,卖盘
1152,13:34:57,11.14,0.01,18,20052,买盘
1153,13:34:54,11.13,-0.01,15,16695,卖盘
1154,13:34:51,11.14,0.01,8,8912,买盘
1155,13:34:45,11.13,-0.02,20,22260,卖盘
1156,13:34:42,11.15,0.02,43,47945,买盘
1157,13:34:39,11.13,-0.01,1,1113,卖盘
1158,13:34:36,11.14,--,98,109172,卖盘
1159,13:34:33,11.14,--,4,4456,买盘
1160,13:34:24,11.14,--,7,7798,卖盘
1161,13:34:21,11.14,--,1,1114,中性盘
1162,13:34:15,11.14,-0.01,16,17824,卖盘
1163,13:34:12,11.15,0.01,38,42370,买盘
1164,13:34:09,11.14,--,55,61270,买盘
1165,13:34:06,11.14,--,20,22280,卖盘
1166,13:34:03,11.14,--,9,10026,买盘
1167,13:34:00,11.14,0.01,1,1114,中性盘
1168,13:33:57,11.13,-0.01,50,55650,卖盘
1169,13:33:54,11.14,--,24,26736,中性盘
1170,13:33:48,11.14,0.01,2,2228,买盘
1171,13:33:45,11.13,-0.02,39,43407,卖盘
1172,13:33:42,11.15,--,50,55750,买盘
1173,13:33:39,11.15,0.01,204,227460,买盘
1174,13:33:33,11.14,--,29,32306,买盘
1175,13:33:30,11.14,--,5,5570,买盘
1176,13:33:24,11.14,-0.01,109,121426,卖盘
1177,13:33:21,11.15,0.01,8,8920,买盘
1178,13:33:18,11.14,--,40,44560,卖盘
1179,13:33:15,11.14,-0.01,15,16710,卖盘
1180,13:33:12,11.15,0.01,39,43485,买盘
1181,13:33:03,11.14,-0.01,25,27850,卖盘
1182,13:32:57,11.15,0.01,18,20070,买盘
1183,13:32:54,11.14,-0.01,10,11140,卖盘
1184,13:32:51,11.15,--,13,14495,卖盘
1185,13:32:45,11.15,-0.01,10,11150,卖盘
1186,13:32:42,11.16,0.01,38,42408,买盘
1187,13:32:36,11.15,--,35,39025,卖盘
1188,13:32:33,11.15,0.01,5,5575,中性盘
1189,13:32:30,11.14,0.01,10,11140,中性盘
1190,13:32:18,11.13,-0.03,500,556500,卖盘
1191,13:32:12,11.16,0.03,59,65844,买盘
1192,13:32:06,11.13,-0.01,14,15582,卖盘
1193,13:32:03,11.14,0.01,18,20052,买盘
1194,13:32:00,11.13,-0.01,7,7791,卖盘
1195,13:31:57,11.14,--,10,11140,买盘
1196,13:31:54,11.14,-0.02,839,934646,卖盘
1197,13:31:51,11.16,0.01,8,8928,买盘
1198,13:31:48,11.15,-0.01,10,11150,卖盘
1199,13:31:45,11.16,-0.01,59,65866,卖盘
1200,13:31:42,11.17,0.01,63,70371,买盘
1201,13:31:39,11.16,--,9,10044,卖盘
1202,13:31:36,11.16,--,1,1116,卖盘
1203,13:31:33,11.16,-0.01,9,10044,卖盘
1204,13:31:30,11.17,--,18,20106,买盘
1205,13:31:21,11.17,--,16,17872,买盘
1206,13:31:18,11.17,--,38,43250,卖盘
1207,13:31:15,11.17,-0.01,3,3351,卖盘
1208,13:31:12,11.18,0.01,39,43602,买盘
1209,13:31:09,11.17,-0.01,27,30159,卖盘
1210,13:31:03,11.18,-0.01,24,26832,中性盘
1211,13:30:57,11.19,0.01,7020,7855380,买盘
1212,13:30:54,11.18,-0.01,32,35776,卖盘
1213,13:30:51,11.19,-0.01,29,32451,中性盘
1214,13:30:42,11.2,0.02,39,43680,买盘
1215,13:30:33,11.18,-0.01,33,36894,卖盘
1216,13:30:30,11.19,--,18,20142,买盘
1217,13:30:24,11.19,--,19,21261,买盘
1218,13:30:21,11.19,-0.01,28,31332,中性盘
1219,13:30:12,11.2,0.01,88,98560,买盘
1220,13:30:09,11.19,-0.01,77,86163,卖盘
1221,13:30:03,11.2,--,17,19040,买盘
1222,13:29:51,11.2,--,25,28000,买盘
1223,13:29:42,11.2,0.01,39,43680,买盘
1224,13:29:39,11.19,-0.01,224,250656,卖盘
1225,13:29:36,11.2,--,35,39200,买盘
1226,13:29:33,11.2,0.01,17,19040,买盘
1227,13:29:27,11.19,-0.01,30,33570,卖盘
1228,13:29:21,11.2,0.01,19,21280,买盘
1229,13:29:18,11.19,--,10,11190,卖盘
1230,13:29:15,11.19,-0.01,11,12309,卖盘
1231,13:29:12,11.2,0.01,39,43680,买盘
1232,13:29:09,11.19,--,35,39165,卖盘
1233,13:29:00,11.19,--,59,66021,买盘
1234,13:28:54,11.19,-0.01,341,381579,卖盘
1235,13:28:51,11.2,0.01,11,12320,买盘
1236,13:28:48,11.19,-0.01,5,5595,卖盘
1237,13:28:42,11.2,0.01,44,49280,买盘
1238,13:28:39,11.19,--,1,1119,卖盘
1239,13:28:33,11.19,--,27,30213,卖盘
1240,13:28:27,11.19,--,10,11190,卖盘
1241,13:28:24,11.19,-0.01,10,11190,卖盘
1242,13:28:21,11.2,--,11,12320,买盘
1243,13:28:18,11.2,--,209,234079,买盘
1244,13:28:15,11.2,--,5,5600,买盘
1245,13:28:12,11.2,--,39,43680,买盘
1246,13:28:03,11.2,0.01,18,20160,买盘
1247,13:27:57,11.19,-0.01,5,5595,卖盘
1248,13:27:51,11.2,0.01,8,8960,买盘
1249,13:27:48,11.19,--,16,17904,买盘
1250,13:27:42,11.19,--,39,43641,买盘
1251,13:27:39,11.19,--,24,26856,买盘
1252,13:27:33,11.19,--,17,19023,买盘
1253,13:27:27,11.19,--,10,11190,买盘
1254,13:27:21,11.19,-0.01,20,22380,卖盘
1255,13:27:18,11.2,--,11,12320,买盘
1256,13:27:12,11.2,--,38,42560,买盘
1257,13:27:03,11.2,0.01,17,19040,买盘
1258,13:26:57,11.19,0.01,193,215967,买盘
1259,13:26:54,11.18,-0.01,340,380120,卖盘
1260,13:26:51,11.19,0.01,11,12309,买盘
1261,13:26:45,11.18,-0.01,1,1118,卖盘
1262,13:26:42,11.19,0.01,40,44760,买盘
1263,13:26:36,11.18,--,147,164346,卖盘
1264,13:26:33,11.18,--,27,30186,卖盘
1265,13:26:24,11.18,--,66,73788,卖盘
1266,13:26:21,11.18,--,28,31304,卖盘
1267,13:26:15,11.18,-0.01,2,2236,卖盘
1268,13:26:12,11.19,--,39,43641,买盘
1269,13:26:03,11.19,0.01,17,19023,买盘
1270,13:25:57,11.18,-0.01,23,25714,卖盘
1271,13:25:51,11.19,--,8,8952,买盘
1272,13:25:48,11.19,0.01,18,20142,买盘
1273,13:25:45,11.18,-0.01,17,19006,卖盘
1274,13:25:42,11.19,--,38,42522,买盘
1275,13:25:39,11.19,0.01,204,228276,买盘
1276,13:25:36,11.18,--,36,40248,卖盘
1277,13:25:33,11.18,-0.01,118,131924,卖盘
1278,13:25:24,11.19,--,5,5595,买盘
1279,13:25:21,11.19,0.01,8,8952,买盘
1280,13:25:15,11.18,--,2,2236,卖盘
1281,13:25:12,11.18,--,157,175526,卖盘
1282,13:25:06,11.18,-0.01,3,3354,卖盘
1283,13:25:00,11.19,0.01,19,21261,买盘
1284,13:24:51,11.18,--,98,109564,卖盘
1285,13:24:48,11.18,-0.01,63,70434,卖盘
1286,13:24:42,11.19,--,43,48117,买盘
1287,13:24:36,11.19,0.01,60,67140,买盘
1288,13:24:33,11.18,-0.01,71,79378,卖盘
1289,13:24:30,11.19,0.01,1,1119,买盘
1290,13:24:27,11.18,--,100,111800,卖盘
1291,13:24:24,11.18,-0.01,10,11180,卖盘
1292,13:24:21,11.19,--,8,8952,买盘
1293,13:24:18,11.19,0.01,204,228276,买盘
1294,13:24:15,11.18,-0.01,10,11180,卖盘
1295,13:24:12,11.19,--,38,42522,买盘
1296,13:24:06,11.19,--,2,2238,买盘
1297,13:24:03,11.19,-0.01,19,21261,中性盘
1298,13:23:54,11.2,0.01,81,90720,买盘
1299,13:23:51,11.19,--,8,8952,买盘
1300,13:23:45,11.19,--,11,12309,买盘
1301,13:23:42,11.19,--,139,155541,卖盘
1302,13:23:39,11.19,-0.01,21,23499,卖盘
1303,13:23:33,11.2,--,17,19040,买盘
1304,13:23:30,11.2,--,1,1120,买盘
1305,13:23:21,11.2,0.01,8,8960,买盘
1306,13:23:18,11.19,-0.02,5,5595,卖盘
1307,13:23:15,11.21,0.01,521,584041,买盘
1308,13:23:12,11.2,--,39,43680,买盘
1309,13:23:03,11.2,--,32,36097,卖盘
1310,13:23:00,11.2,--,28,31359,卖盘
1311,13:22:57,11.2,--,177,199102,买盘
1312,13:22:54,11.2,--,1,1120,买盘
1313,13:22:51,11.2,--,21,23520,买盘
1314,13:22:48,11.2,--,32,35840,卖盘
1315,13:22:45,11.2,--,69,77280,卖盘
1316,13:22:42,11.2,--,63,70560,买盘
1317,13:22:36,11.2,--,63,70560,买盘
1318,13:22:33,11.2,0.01,523,585760,买盘
1319,13:22:27,11.19,0.01,4,4476,卖盘
1320,13:22:21,11.18,-0.02,1,1118,卖盘
1321,13:22:12,11.2,--,40,44800,买盘
1322,13:22:09,11.2,--,635,711200,卖盘
1323,13:22:06,11.2,--,4,4480,卖盘
1324,13:22:03,11.2,--,3,3360,卖盘
1325,13:22:00,11.2,0.01,38,42560,买盘
1326,13:21:57,11.19,-0.01,74,82806,卖盘
1327,13:21:54,11.2,--,285,319200,买盘
1328,13:21:51,11.2,--,77,86240,买盘
1329,13:21:48,11.2,--,127,142240,买盘
1330,13:21:45,11.2,0.01,74,82880,买盘
1331,13:21:42,11.19,-0.01,151,168969,卖盘
1332,13:21:39,11.2,0.01,207,231839,买盘
1333,13:21:36,11.19,-0.01,205,229395,卖盘
1334,13:21:33,11.2,0.02,191,213920,买盘
1335,13:21:27,11.18,-0.01,72,80496,卖盘
1336,13:21:21,11.19,0.01,13,14547,买盘
1337,13:21:18,11.18,-0.01,135,150930,卖盘
1338,13:21:12,11.19,--,42,46998,买盘
1339,13:21:09,11.19,--,20,22380,买盘
1340,13:21:03,11.19,--,18,20142,买盘
1341,13:21:00,11.19,--,47,52593,卖盘
1342,13:20:54,11.19,--,3,3357,卖盘
1343,13:20:51,11.19,-0.01,33,36927,卖盘
1344,13:20:42,11.2,--,44,49280,买盘
1345,13:20:39,11.2,--,5,5600,买盘
1346,13:20:36,11.2,0.01,20,22400,买盘
1347,13:20:33,11.19,-0.01,1,1119,卖盘
1348,13:20:30,11.2,--,21,23520,买盘
1349,13:20:27,11.2,0.01,51,57120,买盘
1350,13:20:24,11.19,-0.01,20,22380,卖盘
1351,13:20:21,11.2,--,108,120959,买盘
1352,13:20:18,11.2,0.01,204,228480,买盘
1353,13:20:15,11.19,--,13,14547,卖盘
1354,13:20:12,11.19,--,59,66021,买盘
1355,13:20:09,11.19,0.01,156,174564,买盘
1356,13:20:03,11.18,--,4,4472,卖盘
1357,13:20:00,11.18,--,1,1118,买盘
1358,13:19:57,11.18,--,5,5590,买盘
1359,13:19:51,11.18,0.01,38,42484,买盘
1360,13:19:45,11.17,-0.02,1,1117,卖盘
1361,13:19:42,11.19,0.01,40,44760,买盘
1362,13:19:39,11.18,-0.01,18,20124,卖盘
1363,13:19:30,11.19,0.02,8,8952,买盘
1364,13:19:27,11.17,-0.02,431,481427,卖盘
1365,13:19:24,11.19,--,5,5595,卖盘
1366,13:19:21,11.19,-0.01,128,143232,中性盘
1367,13:19:12,11.2,0.01,45,50400,买盘
1368,13:19:09,11.19,-0.01,38,42522,中性盘
1369,13:19:06,11.2,--,21,23520,买盘
1370,13:19:03,11.2,0.02,17,19040,买盘
1371,13:19:00,11.18,-0.02,7,7826,卖盘
1372,13:18:57,11.2,0.01,204,228480,买盘
1373,13:18:54,11.19,0.01,6,6714,卖盘
1374,13:18:51,11.18,-0.02,5,5590,卖盘
1375,13:18:48,11.2,0.01,83,92960,买盘
1376,13:18:45,11.19,--,35,39165,买盘
1377,13:18:42,11.19,--,50,55950,买盘
1378,13:18:36,11.19,--,5,5595,买盘
1379,13:18:33,11.19,--,17,19023,买盘
1380,13:18:30,11.19,-0.01,32,35808,卖盘
1381,13:18:21,11.2,--,9,10080,买盘
1382,13:18:18,11.2,-0.01,1,1120,买盘
1383,13:18:15,11.21,0.01,11,12331,买盘
1384,13:18:12,11.2,--,39,43680,买盘
1385,13:18:09,11.2,--,67,75040,卖盘
1386,13:18:03,11.2,--,30,33600,卖盘
1387,13:18:00,11.2,--,4,4480,卖盘
1388,13:17:57,11.2,--,93,104160,卖盘
1389,13:17:54,11.2,-0.01,10,11200,卖盘
1390,13:17:51,11.21,0.01,12,13452,买盘
1391,13:17:48,11.2,-0.01,12,13440,卖盘
1392,13:17:45,11.21,-0.01,12,13452,中性盘
1393,13:17:42,11.22,0.01,39,43758,买盘
1394,13:17:39,11.21,--,232,260072,卖盘
1395,13:17:36,11.21,-0.01,19,21299,卖盘
1396,13:17:33,11.22,--,17,19074,买盘
1397,13:17:30,11.22,-0.01,84,94248,卖盘
1398,13:17:27,11.23,--,46,51658,买盘
1399,13:17:24,11.23,0.01,29,32567,买盘
1400,13:17:21,11.22,--,19,21318,卖盘
1401,13:17:18,11.22,-0.01,130,145860,卖盘
1402,13:17:15,11.23,--,10,11230,买盘
1403,13:17:12,11.23,--,84,94332,买盘
1404,13:17:09,11.23,-0.02,17,19091,买盘
1405,13:17:06,11.25,0.02,1699,1911375,买盘
1406,13:17:03,11.23,0.01,292,327916,买盘
1407,13:17:00,11.22,-0.01,11,12342,卖盘
1408,13:16:57,11.23,--,92,103316,卖盘
1409,13:16:54,11.23,-0.02,13,14599,卖盘
1410,13:16:51,11.25,0.01,409,460125,买盘
1411,13:16:48,11.24,--,2,2248,卖盘
1412,13:16:45,11.24,--,62,69688,买盘
1413,13:16:42,11.24,0.02,720,809280,买盘
1414,13:16:39,11.22,-0.01,10,11220,卖盘
1415,13:16:36,11.23,0.01,870,977010,买盘
1416,13:16:33,11.22,--,606,679932,卖盘
1417,13:16:30,11.22,--,17,19074,卖盘
1418,13:16:27,11.22,0.01,926,1038972,买盘
1419,13:16:24,11.21,--,5,5605,卖盘
1420,13:16:18,11.21,--,41,45961,买盘
1421,13:16:15,11.21,-0.01,1,1121,中性盘
1422,13:16:12,11.22,--,41,46002,买盘
1423,13:16:09,11.22,0.01,145,162690,买盘
1424,13:16:06,11.21,--,15,16815,卖盘
1425,13:16:03,11.21,--,44,49324,卖盘
1426,13:16:00,11.21,0.01,1347,1509987,买盘
1427,13:15:57,11.2,-0.01,15,16800,卖盘
1428,13:15:54,11.21,0.01,210,235410,买盘
1429,13:15:51,11.2,--,59,66460,买盘
1430,13:15:48,11.2,--,14,15679,买盘
1431,13:15:45,11.2,--,15,16800,买盘
1432,13:15:42,11.2,0.01,56,62719,买盘
1433,13:15:36,11.19,-0.01,52,58926,卖盘
1434,13:15:33,11.2,--,42,47420,买盘
1435,13:15:30,11.2,0.01,83,92960,买盘
1436,13:15:27,11.19,--,5665,6339135,卖盘
1437,13:15:24,11.19,--,66,73854,卖盘
1438,13:15:21,11.19,--,57,63783,卖盘
1439,13:15:18,11.19,--,36,40284,卖盘
1440,13:15:15,11.19,-0.01,1,1119,卖盘
1441,13:15:12,11.2,0.01,46,51520,买盘
1442,13:15:09,11.19,-0.01,48,53712,卖盘
1443,13:15:06,11.2,0.01,9,10080,买盘
1444,13:15:03,11.19,0.01,282,315781,买盘
1445,13:15:00,11.18,-0.01,73,81614,买盘
1446,13:14:57,11.19,0.01,2884,3227196,买盘
1447,13:14:54,11.18,--,5,5590,买盘
1448,13:14:51,11.18,--,2,2236,买盘
1449,13:14:48,11.18,0.01,3,3354,卖盘
1450,13:14:45,11.17,-0.01,10,11170,卖盘
1451,13:14:42,11.18,--,119,133042,买盘
1452,13:14:36,11.18,-0.01,5,5590,买盘
1453,13:14:33,11.19,0.01,61,68259,买盘
1454,13:14:30,11.18,--,1719,1921842,买盘
1455,13:14:27,11.18,--,92,102856,买盘
1456,13:14:18,11.18,--,23,25714,买盘
1457,13:14:15,11.18,--,222,248196,买盘
1458,13:14:12,11.18,0.01,38,42484,买盘
1459,13:14:09,11.17,-0.01,3,3351,卖盘
1460,13:14:06,11.18,0.01,206,230308,买盘
1461,13:14:03,11.17,0.01,823,919603,买盘
1462,13:14:00,11.16,-0.01,2,2232,卖盘
1463,13:13:48,11.17,--,1,1117,买盘
1464,13:13:42,11.17,0.01,49,54733,买盘
1465,13:13:39,11.16,--,103,116041,买盘
1466,13:13:36,11.16,0.01,422,470952,买盘
1467,13:13:33,11.15,--,10,11150,卖盘
1468,13:13:30,11.15,--,84,93660,买盘
1469,13:13:27,11.15,--,1,1115,买盘
1470,13:13:24,11.15,--,10,11150,买盘
1471,13:13:21,11.15,--,1,1115,买盘
1472,13:13:12,11.15,--,41,45715,买盘
1473,13:13:09,11.15,--,1,1115,买盘
1474,13:13:03,11.15,-0.01,30,33450,卖盘
1475,13:12:57,11.16,0.01,30,33480,买盘
1476,13:12:51,11.15,--,3,3345,买盘
1477,13:12:42,11.15,--,55,61325,买盘
1478,13:12:39,11.15,--,1,1115,买盘
1479,13:12:36,11.15,--,10,11150,买盘
1480,13:12:33,11.15,-0.01,34,37910,卖盘
1481,13:12:30,11.16,--,1,1116,买盘
1482,13:12:21,11.16,--,207,231012,买盘
1483,13:12:18,11.16,--,9,10044,买盘
1484,13:12:15,11.16,--,428,477648,买盘
1485,13:12:12,11.16,0.01,68,75888,买盘
1486,13:12:09,11.15,0.01,1908,2127420,买盘
1487,13:12:06,11.14,--,30,33420,卖盘
1488,13:12:03,11.14,--,19,21166,卖盘
1489,13:12:00,11.14,--,53,59042,卖盘
1490,13:11:54,11.14,-0.01,10,11140,卖盘
1491,13:11:51,11.15,0.01,217,241955,买盘
1492,13:11:48,11.14,--,40,44560,卖盘
1493,13:11:45,11.14,-0.01,4,4456,卖盘
1494,13:11:42,11.15,0.01,41,46473,买盘
1495,13:11:39,11.14,0.01,728,810992,买盘
1496,13:11:36,11.13,-0.01,1,1113,卖盘
1497,13:11:33,11.14,--,17,18938,买盘
1498,13:11:30,11.14,--,11,12254,买盘
1499,13:11:12,11.14,--,38,42332,买盘
1500,13:11:03,11.14,--,18,20052,买盘
1501,13:10:57,11.14,0.01,1,1114,买盘
1502,13:10:48,11.13,-0.01,10,11130,卖盘
1503,13:10:42,11.14,0.01,40,44560,买盘
1504,13:10:36,11.13,--,12,13356,买盘
1505,13:10:33,11.13,--,17,18921,买盘
1506,13:10:27,11.13,0.01,1,1113,中性盘
1507,13:10:18,11.12,-0.01,41,45592,卖盘
1508,13:10:15,11.13,-0.01,200,222600,卖盘
1509,13:10:12,11.14,0.02,277,308578,买盘
1510,13:10:09,11.12,-0.01,30,33360,卖盘
1511,13:10:00,11.13,--,17,18921,买盘
1512,13:09:57,11.13,--,2,2226,买盘
1513,13:09:42,11.13,--,39,43407,买盘
1514,13:09:33,11.13,--,18,20034,买盘
1515,13:09:30,11.13,--,7,7791,买盘
1516,13:09:18,11.13,--,1,1113,买盘
1517,13:09:15,11.13,-0.01,13,14469,卖盘
1518,13:09:12,11.14,0.01,39,43446,买盘
1519,13:09:09,11.13,--,1,1113,卖盘
1520,13:09:03,11.13,-0.01,22,24486,卖盘
1521,13:08:54,11.14,0.01,30,33420,买盘
1522,13:08:48,11.13,-0.01,11,12243,卖盘
1523,13:08:45,11.14,--,105,116970,买盘
1524,13:08:42,11.14,0.01,38,42332,买盘
1525,13:08:33,11.13,-0.01,1,1113,中性盘
1526,13:08:18,11.14,--,1,1114,买盘
1527,13:08:12,11.14,0.01,39,43446,买盘
1528,13:08:09,11.13,--,20,22260,买盘
1529,13:08:03,11.13,0.01,1,1113,买盘
1530,13:07:57,11.12,-0.01,21,23352,卖盘
1531,13:07:48,11.13,-0.01,1,1113,中性盘
1532,13:07:42,11.14,--,39,43446,买盘
1533,13:07:33,11.14,--,20,22280,卖盘
1534,13:07:27,11.14,-0.01,200,222800,卖盘
1535,13:07:18,11.15,0.01,1,1115,买盘
1536,13:07:15,11.14,-0.01,14,15596,买盘
1537,13:07:12,11.15,0.01,38,42370,买盘
1538,13:07:00,11.14,0.02,17,18938,买盘
1539,13:06:54,11.12,--,524,582688,卖盘
1540,13:06:51,11.12,--,2,2224,卖盘
1541,13:06:45,11.12,-0.01,10,11120,卖盘
1542,13:06:42,11.13,--,39,43407,买盘
1543,13:06:39,11.13,0.01,1,1113,买盘
1544,13:06:36,11.12,-0.01,1,1112,卖盘
1545,13:06:33,11.13,--,85,94605,卖盘
1546,13:06:30,11.13,-0.01,203,225939,卖盘
1547,13:06:27,11.14,0.01,489,544746,买盘
1548,13:06:15,11.13,-0.01,2,2226,卖盘
1549,13:06:12,11.14,--,40,44560,买盘
1550,13:06:09,11.14,0.01,1,1114,买盘
1551,13:06:03,11.13,-0.01,27,30051,卖盘
1552,13:05:57,11.14,0.01,103,114742,买盘
1553,13:05:54,11.13,--,71,79023,卖盘
1554,13:05:45,11.13,-0.01,42,46746,卖盘
1555,13:05:42,11.14,--,90,100260,买盘
1556,13:05:39,11.14,--,4,4456,买盘
1557,13:05:33,11.14,--,17,18938,买盘
1558,13:05:21,11.14,--,1,1114,买盘
1559,13:05:12,11.14,--,49,54586,买盘
1560,13:05:09,11.14,--,1,1114,买盘
1561,13:05:03,11.14,--,18,20052,买盘
1562,13:05:00,11.14,0.01,115,128110,买盘
1563,13:04:57,11.13,--,45,50085,卖盘
1564,13:04:42,11.13,-0.01,49,54537,卖盘
1565,13:04:33,11.14,0.01,17,18938,买盘
1566,13:04:27,11.13,-0.01,2,2226,卖盘
1567,13:04:12,11.14,--,38,42332,买盘
1568,13:04:09,11.14,--,20,22280,买盘
1569,13:04:03,11.14,--,17,18938,买盘
1570,13:03:57,11.14,0.01,1,1114,买盘
1571,13:03:54,11.13,--,7,7791,卖盘
1572,13:03:45,11.13,--,27,30051,买盘
1573,13:03:42,11.13,0.01,73,81249,买盘
1574,13:03:36,11.12,--,216,240191,卖盘
1575,13:03:33,11.12,--,671,746152,卖盘
1576,13:03:30,11.12,--,396,440396,买盘
1577,13:03:27,11.12,--,169,187928,买盘
1578,13:03:24,11.12,0.01,427,474823,买盘
1579,13:03:21,11.11,--,7,7777,买盘
1580,13:03:15,11.11,-0.01,6,6666,卖盘
1581,13:03:12,11.12,--,140,155680,买盘
1582,13:03:09,11.12,0.01,5,5560,买盘
1583,13:03:06,11.11,-0.01,3,3333,卖盘
1584,13:03:03,11.12,--,17,18904,买盘
1585,13:02:57,11.12,--,1,1112,买盘
1586,13:02:54,11.12,0.01,13,14455,买盘
1587,13:02:48,11.11,-0.01,2,2222,卖盘
1588,13:02:42,11.12,0.01,39,43368,买盘
1589,13:02:36,11.11,--,36,39996,买盘
1590,13:02:33,11.11,--,18,19998,买盘
1591,13:02:27,11.11,--,1,1111,买盘
1592,13:02:15,11.11,--,43,47773,买盘
1593,13:02:12,11.11,0.01,39,43329,买盘
1594,13:02:03,11.1,--,23,25530,卖盘
1595,13:01:51,11.1,--,8,8880,卖盘
1596,13:01:48,11.1,-0.01,2,2220,卖盘
1597,13:01:42,11.11,--,174,193314,买盘
1598,13:01:39,11.11,--,125,138875,买盘
1599,13:01:33,11.11,--,18,19998,买盘
1600,13:01:27,11.11,--,5,5555,买盘
1601,13:01:21,11.11,-0.01,54,59994,卖盘
1602,13:01:18,11.12,0.01,1,1112,买盘
1603,13:01:15,11.11,-0.01,13,14443,卖盘
1604,13:01:12,11.12,--,38,42256,买盘
1605,13:01:03,11.12,0.01,17,18904,买盘
1606,13:01:00,11.11,-0.01,3,3333,卖盘
1607,13:00:42,11.12,--,39,43368,买盘
1608,13:00:30,11.12,0.01,17,18904,买盘
1609,13:00:27,11.11,0.01,149,165539,买盘
1610,13:00:18,11.1,-0.01,10,11100,中性盘
1611,13:00:12,11.11,0.01,38,42218,买盘
1612,13:00:09,11.1,--,9,9990,买盘
1613,13:00:06,11.1,-0.01,220,244200,卖盘
1614,13:00:03,11.11,--,382,424402,买盘
1615,13:00:00,11.11,--,0,0,买盘
1616,11:30:00,11.11,0.01,14,15554,买盘
1617,11:29:54,11.1,-0.01,9,9990,卖盘
1618,11:29:48,11.11,0.01,17,18887,买盘
1619,11:29:42,11.1,--,10,11100,卖盘
1620,11:29:36,11.1,--,1,1110,卖盘
1621,11:29:33,11.1,-0.01,11,12210,卖盘
1622,11:29:27,11.11,0.02,1,1111,买盘
1623,11:28:57,11.09,-0.01,142,157478,卖盘
1624,11:28:54,11.1,--,100,111000,买盘
1625,11:28:51,11.1,--,20,22200,买盘
1626,11:28:48,11.1,--,17,18870,买盘
1627,11:28:36,11.1,-0.01,18,19980,卖盘
1628,11:28:33,11.11,0.01,14,15554,买盘
1629,11:28:18,11.1,--,3,3330,买盘
1630,11:28:15,11.1,-0.01,17,18870,卖盘
1631,11:28:12,11.11,0.01,1,1111,买盘
1632,11:28:06,11.1,--,47,52170,卖盘
1633,11:27:57,11.1,-0.01,27,29970,买盘
1634,11:27:54,11.11,--,4,4444,买盘
1635,11:27:48,11.11,0.01,18,19998,买盘
1636,11:27:45,11.1,--,1,1110,卖盘
1637,11:27:24,11.1,--,8,8880,买盘
1638,11:27:21,11.1,--,151,167610,卖盘
1639,11:27:18,11.1,--,21,23310,卖盘
1640,11:27:12,11.1,-0.01,5,5550,卖盘
1641,11:27:00,11.11,--,1,1111,买盘
1642,11:26:48,11.11,--,18,19998,买盘
1643,11:26:45,11.11,--,15,16665,买盘
1644,11:26:24,11.11,0.01,33,36663,买盘
1645,11:26:21,11.1,-0.01,33,36630,卖盘
1646,11:26:18,11.11,0.01,41,45551,买盘
1647,11:26:15,11.1,--,20,22200,卖盘
1648,11:26:00,11.1,--,32,35520,买盘
1649,11:25:54,11.1,--,5,5550,买盘
1650,11:25:48,11.1,--,18,19980,买盘
1651,11:25:30,11.1,--,1,1110,买盘
1652,11:25:24,11.1,--,13,14430,卖盘
1653,11:25:18,11.1,0.01,5,5550,中性盘
1654,11:25:15,11.09,-0.02,5,5545,卖盘
1655,11:25:12,11.11,0.01,149,165539,买盘
1656,11:25:09,11.1,0.02,9,9990,卖盘
1657,11:24:54,11.08,-0.03,30,33240,卖盘
1658,11:24:51,11.11,0.03,340,377740,买盘
1659,11:24:42,11.08,-0.02,83,91964,卖盘
1660,11:24:36,11.1,--,4,4440,卖盘
1661,11:24:33,11.1,--,1,1110,卖盘
1662,11:24:24,11.1,-0.01,5,5550,卖盘
1663,11:24:18,11.11,--,20,22220,买盘
1664,11:24:09,11.11,0.01,110,122210,买盘
1665,11:24:06,11.1,-0.01,130,144300,中性盘
1666,11:24:00,11.11,0.01,7,7777,买盘
1667,11:23:57,11.1,--,11,12210,卖盘
1668,11:23:48,11.1,--,16,17760,买盘
1669,11:23:42,11.1,0.01,8,8880,买盘
1670,11:23:39,11.09,--,15,16635,卖盘
1671,11:23:33,11.09,--,15,16635,卖盘
1672,11:23:30,11.09,--,1,1109,卖盘
1673,11:23:27,11.09,-0.01,1,1109,卖盘
1674,11:23:21,11.1,--,4,4440,买盘
1675,11:23:18,11.1,--,18,19980,买盘
1676,11:22:51,11.1,--,1,1110,买盘
1677,11:22:48,11.1,--,17,18870,买盘
1678,11:22:42,11.1,--,7,7770,买盘
1679,11:22:24,11.1,--,8,8880,买盘
1680,11:22:18,11.1,0.01,24,26640,买盘
1681,11:22:15,11.09,--,10,11090,卖盘
1682,11:22:12,11.09,--,1,1109,卖盘
1683,11:22:09,11.09,-0.01,10,11090,卖盘
1684,11:22:06,11.1,0.01,103,114330,买盘
1685,11:22:03,11.09,-0.01,120,133080,卖盘
1686,11:22:00,11.1,0.01,102,113220,买盘
1687,11:21:51,11.09,-0.01,2,2218,卖盘
1688,11:21:48,11.1,--,18,19980,买盘
1689,11:21:39,11.1,--,9,9990,买盘
1690,11:21:30,11.1,0.01,3,3330,买盘
1691,11:21:27,11.09,-0.01,17,18853,卖盘
1692,11:21:24,11.1,--,144,159840,买盘
1693,11:21:21,11.1,--,220,244200,买盘
1694,11:21:18,11.1,0.01,17,18870,买盘
1695,11:21:03,11.09,--,100,110900,卖盘
1696,11:21:00,11.09,-0.01,5,5545,卖盘
1697,11:20:51,11.1,--,8,8880,买盘
1698,11:20:48,11.1,--,18,19980,买盘
1699,11:20:45,11.1,--,4,4440,买盘
1700,11:20:30,11.1,--,14,15540,卖盘
1701,11:20:24,11.1,-0.01,1,1110,卖盘
1702,11:20:21,11.11,--,2,2222,买盘
1703,11:20:18,11.11,--,17,18887,买盘
1704,11:20:12,11.11,0.01,1,1111,买盘
1705,11:20:06,11.1,-0.01,10,11100,卖盘
1706,11:19:57,11.11,0.01,4,4444,买盘
1707,11:19:54,11.1,-0.01,9,9990,卖盘
1708,11:19:48,11.11,0.01,22,24442,买盘
1709,11:19:45,11.1,--,10,11100,卖盘
1710,11:19:42,11.1,--,68,75480,卖盘
1711,11:19:30,11.1,-0.01,50,55500,卖盘
1712,11:19:27,11.11,--,77,85547,买盘
1713,11:19:18,11.11,0.01,18,19998,买盘
1714,11:19:09,11.1,-0.01,56,62160,卖盘
1715,11:19:06,11.11,0.01,21,23331,买盘
1716,11:19:03,11.1,--,9,9990,卖盘
1717,11:19:00,11.1,--,229,254190,卖盘
1718,11:18:57,11.1,-0.01,12,13320,卖盘
1719,11:18:48,11.11,0.02,18,19998,买盘
1720,11:18:42,11.09,-0.01,830,920470,卖盘
1721,11:18:39,11.1,--,6,6660,买盘
1722,11:18:33,11.1,0.01,1,1110,买盘
1723,11:18:30,11.09,--,1,1109,卖盘
1724,11:18:27,11.09,-0.01,3,4114,卖盘
1725,11:18:18,11.1,--,18,19980,买盘
1726,11:18:12,11.1,0.01,119,132090,买盘
1727,11:18:09,11.09,-0.01,73,80957,卖盘
1728,11:18:03,11.1,0.01,3,3330,买盘
1729,11:17:57,11.09,-0.01,8,8872,卖盘
1730,11:17:54,11.1,--,94,104340,买盘
1731,11:17:48,11.1,0.01,17,18870,买盘
1732,11:17:45,11.09,--,7,7763,卖盘
1733,11:17:42,11.09,0.01,43,47687,买盘
1734,11:17:36,11.08,-0.01,4,4432,卖盘
1735,11:17:30,11.09,--,1,1109,买盘
1736,11:17:27,11.09,--,1,1109,买盘
1737,11:17:18,11.09,--,18,19962,买盘
1738,11:17:06,11.09,--,21,23289,卖盘
1739,11:17:00,11.09,-0.01,12,13308,卖盘
1740,11:16:54,11.1,--,5,5550,买盘
1741,11:16:51,11.1,--,13,14430,买盘
1742,11:16:48,11.1,0.01,204,226440,买盘
1743,11:16:45,11.09,0.01,3,3327,买盘
1744,11:16:42,11.08,-0.01,300,332400,卖盘
1745,11:16:36,11.09,0.01,9,9981,买盘
1746,11:16:27,11.08,-0.01,5,5540,卖盘
1747,11:16:21,11.09,--,1,1109,买盘
1748,11:16:18,11.09,0.01,61,67649,买盘
1749,11:16:09,11.08,-0.01,4,4432,卖盘
1750,11:16:03,11.09,--,1,1109,买盘
1751,11:16:00,11.09,--,8,8872,买盘
1752,11:15:51,11.09,--,17,18853,买盘
1753,11:15:48,11.09,--,19,21071,买盘
1754,11:15:39,11.09,--,6,6654,买盘
1755,11:15:30,11.09,0.01,61,67649,买盘
1756,11:15:27,11.08,--,6,6648,卖盘
1757,11:15:21,11.08,-0.01,26,28808,卖盘
1758,11:15:18,11.09,--,17,18853,买盘
1759,11:15:15,11.09,--,1,1109,买盘
1760,11:15:09,11.09,0.01,7,7763,买盘
1761,11:15:06,11.08,-0.01,20,22160,卖盘
1762,11:14:57,11.09,0.01,342,379278,买盘
1763,11:14:54,11.08,-0.01,159,176172,卖盘
1764,11:14:51,11.09,--,61,67649,买盘
1765,11:14:48,11.09,--,29,32161,买盘
1766,11:14:42,11.09,--,1,1109,买盘
1767,11:14:33,11.09,--,5,5545,买盘
1768,11:14:27,11.09,--,7,7763,买盘
1769,11:14:18,11.09,--,17,18853,买盘
1770,11:14:15,11.09,--,140,155260,买盘
1771,11:14:12,11.09,--,247,273923,卖盘
1772,11:14:09,11.09,--,4,4436,卖盘
1773,11:14:06,11.09,--,1,1109,卖盘
1774,11:14:03,11.09,--,53,58777,卖盘
1775,11:14:00,11.09,-0.01,4,4436,卖盘
1776,11:13:57,11.1,0.01,1,1110,买盘
1777,11:13:51,11.09,-0.01,25,27725,卖盘
1778,11:13:48,11.1,0.01,37,41070,买盘
1779,11:13:45,11.09,--,16,17744,卖盘
1780,11:13:36,11.09,--,2,2218,卖盘
1781,11:13:30,11.09,--,1,1109,卖盘
1782,11:13:27,11.09,--,2,2218,卖盘
1783,11:13:21,11.09,-0.01,107,118663,卖盘
1784,11:13:18,11.1,--,18,19980,买盘
1785,11:13:12,11.1,--,5,5550,买盘
1786,11:13:06,11.1,--,1,1110,买盘
1787,11:12:51,11.1,--,1,1110,买盘
1788,11:12:48,11.1,--,113,125430,买盘
1789,11:12:45,11.1,0.01,23,25530,买盘
1790,11:12:42,11.09,-0.01,10,11090,卖盘
1791,11:12:33,11.1,--,62,68820,买盘
1792,11:12:30,11.1,--,1,1110,买盘
1793,11:12:24,11.1,--,34,37740,买盘
1794,11:12:18,11.1,--,18,19980,买盘
1795,11:12:15,11.1,--,1,1110,买盘
1796,11:12:12,11.1,--,1,1110,买盘
1797,11:12:06,11.1,--,131,145410,买盘
1798,11:12:03,11.1,--,176,195360,买盘
1799,11:12:00,11.1,--,1,1110,买盘
1800,11:11:54,11.1,--,6,6660,买盘
1801,11:11:51,11.1,--,16,17760,买盘
1802,11:11:48,11.1,--,23,25530,买盘
1803,11:11:45,11.1,--,12,13320,买盘
1804,11:11:42,11.1,0.01,3,3330,买盘
1805,11:11:33,11.09,-0.01,1,1109,卖盘
1806,11:11:30,11.1,--,31,34410,买盘
1807,11:11:27,11.1,--,43,47730,买盘
1808,11:11:24,11.1,--,53,58830,买盘
1809,11:11:21,11.1,--,157,174270,买盘
1810,11:11:18,11.1,0.01,262,290820,买盘
1811,11:11:15,11.09,-0.01,4,4436,卖盘
1812,11:11:12,11.1,0.01,1,1110,买盘
1813,11:11:09,11.09,--,1,1109,卖盘
1814,11:11:00,11.09,--,5,5545,卖盘
1815,11:10:57,11.09,--,46,51014,卖盘
1816,11:10:51,11.09,-0.01,10,11090,卖盘
1817,11:10:48,11.1,--,17,18870,买盘
1818,11:10:45,11.1,0.01,6,6660,买盘
1819,11:10:42,11.09,--,12,13308,卖盘
1820,11:10:36,11.09,--,3,3327,卖盘
1821,11:10:27,11.09,-0.01,30,33270,卖盘
1822,11:10:24,11.1,--,18,19980,买盘
1823,11:10:18,11.1,0.01,311,345210,买盘
1824,11:10:15,11.09,-0.01,597,662073,卖盘
1825,11:10:09,11.1,0.01,10,11100,买盘
1826,11:10:03,11.09,--,4,4436,卖盘
1827,11:09:57,11.09,-0.01,7,7763,卖盘
1828,11:09:48,11.1,--,48,53280,买盘
1829,11:09:45,11.1,--,28,31080,买盘
1830,11:09:42,11.1,0.01,17,18870,买盘
1831,11:09:39,11.09,-0.01,2,2218,卖盘
1832,11:09:36,11.1,--,34,37740,买盘
1833,11:09:30,11.1,0.01,17,18870,买盘
1834,11:09:24,11.09,-0.01,30,33270,卖盘
1835,11:09:21,11.1,--,2,2220,买盘
1836,11:09:18,11.1,0.01,17,18870,买盘
1837,11:09:03,11.09,-0.01,7,7763,卖盘
1838,11:08:57,11.1,--,15,16650,买盘
1839,11:08:51,11.1,0.01,113,125430,买盘
1840,11:08:48,11.09,--,57,63213,卖盘
1841,11:08:45,11.09,-0.01,11,12199,卖盘
1842,11:08:42,11.1,--,17,18870,买盘
1843,11:08:39,11.1,0.01,200,222000,买盘
1844,11:08:27,11.09,-0.01,10,11090,卖盘
1845,11:08:24,11.1,--,1,1110,买盘
1846,11:08:18,11.1,0.01,17,18870,买盘
1847,11:08:12,11.09,-0.01,161,178549,卖盘
1848,11:08:09,11.1,0.01,18,19980,买盘
1849,11:08:06,11.09,--,381,422529,买盘
1850,11:07:57,11.09,--,14,15526,买盘
1851,11:07:48,11.09,--,17,18853,买盘
1852,11:07:42,11.09,0.01,250,277250,买盘
1853,11:07:39,11.08,--,426,472008,买盘
1854,11:07:36,11.08,0.02,28,31024,买盘
1855,11:07:27,11.06,-0.01,1,1106,卖盘
1856,11:07:24,11.07,-0.01,5,5535,卖盘
1857,11:07:21,11.08,--,1,1108,买盘
1858,11:07:18,11.08,0.01,19,21052,买盘
1859,11:07:15,11.07,-0.01,10,11070,卖盘
1860,11:07:00,11.08,0.01,12,13296,买盘
1861,11:06:57,11.07,-0.01,14,15498,卖盘
1862,11:06:51,11.08,--,1,1108,买盘
1863,11:06:48,11.08,0.01,17,18836,买盘
1864,11:06:45,11.07,-0.01,10,11070,卖盘
1865,11:06:42,11.08,0.02,6,6648,买盘
1866,11:06:39,11.06,-0.01,6,6636,卖盘
1867,11:06:36,11.07,0.01,11,12177,中性盘
1868,11:06:30,11.06,-0.01,70,77420,卖盘
1869,11:06:18,11.07,0.01,18,19926,买盘
1870,11:06:15,11.06,--,10,11060,卖盘
1871,11:06:09,11.06,--,20,22120,卖盘
1872,11:06:03,11.06,--,143,158158,卖盘
1873,11:05:54,11.06,-0.01,214,236684,卖盘
1874,11:05:48,11.07,--,45,49815,买盘
1875,11:05:42,11.07,-0.01,15,16605,卖盘
1876,11:05:39,11.08,--,7,7756,买盘
1877,11:05:36,11.08,--,10,11080,买盘
1878,11:05:30,11.08,--,10,11080,买盘
1879,11:05:27,11.08,--,4,4432,买盘
1880,11:05:24,11.08,0.01,28,31024,买盘
1881,11:05:21,11.07,-0.01,14,15498,卖盘
1882,11:05:18,11.08,--,3,3324,买盘
1883,11:05:15,11.08,0.01,111,122988,买盘
1884,11:05:09,11.07,--,117,129519,买盘
1885,11:05:06,11.07,--,33,36531,买盘
1886,11:05:03,11.07,-0.01,28,30996,卖盘
1887,11:04:48,11.08,0.01,25,27700,买盘
1888,11:04:45,11.07,--,29,32103,买盘
1889,11:04:36,11.07,--,6,6642,买盘
1890,11:04:33,11.07,0.01,15,16605,买盘
1891,11:04:30,11.06,--,39,43134,买盘
1892,11:04:27,11.06,-0.02,17,18802,卖盘
1893,11:04:24,11.08,0.02,61,67588,买盘
1894,11:04:18,11.06,--,17,18802,卖盘
1895,11:04:15,11.06,0.01,72,79632,买盘
1896,11:04:12,11.05,-0.01,81,89505,卖盘
1897,11:04:09,11.06,--,44,48664,买盘
1898,11:03:57,11.06,--,38,42028,买盘
1899,11:03:51,11.06,--,10,11060,买盘
1900,11:03:48,11.06,-0.01,76,84056,卖盘
1901,11:03:36,11.07,-0.01,10,11070,卖盘
1902,11:03:33,11.08,--,42,46536,买盘
1903,11:03:30,11.08,0.01,38,42104,买盘
1904,11:03:27,11.07,-0.01,7,7749,卖盘
1905,11:03:21,11.08,0.01,169,187252,买盘
1906,11:03:18,11.07,0.01,33,36531,买盘
1907,11:03:15,11.06,--,28,30968,卖盘
1908,11:03:09,11.06,-0.01,40,44240,卖盘
1909,11:03:06,11.07,--,5,5535,买盘
1910,11:03:03,11.07,0.01,97,107379,买盘
1911,11:03:00,11.06,-0.01,466,515396,卖盘
1912,11:02:57,11.07,-0.01,20,22140,卖盘
1913,11:02:51,11.08,--,10,11080,买盘
1914,11:02:48,11.08,0.01,18,19944,买盘
1915,11:02:45,11.07,--,36,39852,卖盘
1916,11:02:39,11.07,-0.01,7,7749,卖盘
1917,11:02:33,11.08,--,221,244868,买盘
1918,11:02:30,11.08,--,118,130744,买盘
1919,11:02:27,11.08,--,4,4432,买盘
1920,11:02:24,11.08,--,92,101936,买盘
1921,11:02:18,11.08,--,17,18836,买盘
1922,11:02:15,11.08,0.01,2,2216,买盘
1923,11:02:12,11.07,-0.01,1,1107,卖盘
1924,11:02:00,11.08,0.01,10,11080,买盘
1925,11:01:54,11.07,-0.01,9,9963,卖盘
1926,11:01:48,11.08,--,18,19944,买盘
1927,11:01:45,11.08,0.01,28,31024,买盘
1928,11:01:39,11.07,-0.01,5,5535,卖盘
1929,11:01:33,11.08,--,16,17728,买盘
1930,11:01:30,11.08,-0.01,131,145148,中性盘
1931,11:01:27,11.09,0.01,39,43251,买盘
1932,11:01:24,11.08,-0.01,2,2216,中性盘
1933,11:01:21,11.09,0.01,30,33270,买盘
1934,11:01:18,11.08,--,18,19944,买盘
1935,11:00:51,11.08,--,21,23268,买盘
1936,11:00:39,11.08,--,2,2216,卖盘
1937,11:00:33,11.08,-0.01,18,19944,卖盘
1938,11:00:30,11.09,--,72,79848,买盘
1939,11:00:27,11.09,--,11,12199,买盘
1940,11:00:03,11.09,--,38,42142,买盘
1941,10:59:54,11.09,0.02,25,27725,买盘
1942,10:59:51,11.07,--,2,2214,卖盘
1943,10:59:48,11.07,--,4,4428,买盘
1944,10:59:42,11.07,--,10,11070,买盘
1945,10:59:39,11.07,-0.01,214,236898,卖盘
1946,10:59:36,11.08,--,69,76452,买盘
1947,10:59:33,11.08,--,11,12188,买盘
1948,10:59:30,11.08,--,505,559540,买盘
1949,10:59:27,11.08,--,32,35456,买盘
1950,10:59:24,11.08,--,18,19944,买盘
1951,10:59:18,11.08,--,17,18836,买盘
1952,10:59:12,11.08,--,6,6648,买盘
1953,10:59:06,11.08,-0.01,11,12188,卖盘
1954,10:58:51,11.09,--,11,12199,买盘
1955,10:58:45,11.09,--,9,9981,买盘
1956,10:58:42,11.09,0.02,30,33270,买盘
1957,10:58:39,11.07,--,14,15498,买盘
1958,10:58:33,11.07,--,28,30996,买盘
1959,10:58:30,11.07,-0.02,99,109593,卖盘
1960,10:58:27,11.09,0.01,69,76521,买盘
1961,10:58:24,11.08,0.01,11,12188,买盘
1962,10:58:21,11.07,-0.01,5,5535,中性盘
1963,10:58:15,11.08,0.01,18,19944,买盘
1964,10:58:09,11.07,0.01,3,3321,中性盘
1965,10:58:00,11.06,--,2,2212,卖盘
1966,10:57:51,11.06,-0.01,56,61936,卖盘
1967,10:57:48,11.07,0.01,8,8856,买盘
1968,10:57:39,11.06,-0.01,3,3318,卖盘
1969,10:57:36,11.07,-0.02,2,2214,买盘
1970,10:57:33,11.09,0.02,37,41033,买盘
1971,10:57:30,11.07,--,37,40959,买盘
1972,10:57:27,11.07,--,6,6642,买盘
1973,10:57:24,11.07,--,31,34317,买盘
1974,10:57:18,11.07,-0.02,30,33210,卖盘
1975,10:57:15,11.09,--,12,13308,买盘
1976,10:57:00,11.09,0.01,4,4436,买盘
1977,10:56:54,11.08,--,23,25484,卖盘
1978,10:56:51,11.08,--,75,83100,买盘
1979,10:56:48,11.08,--,28,31024,买盘
1980,10:56:42,11.08,--,65,72020,买盘
1981,10:56:36,11.08,0.01,29,32132,买盘
1982,10:56:33,11.07,--,56,61992,买盘
1983,10:56:27,11.07,0.01,33,36531,买盘
1984,10:56:24,11.06,-0.01,28,30968,卖盘
1985,10:56:21,11.07,--,11,12177,买盘
1986,10:56:18,11.07,0.01,17,18819,买盘
1987,10:56:15,11.06,-0.01,2,2212,卖盘
1988,10:56:12,11.07,--,1,1107,买盘
1989,10:56:03,11.07,-0.01,27,29889,卖盘
1990,10:56:00,11.08,--,111,122988,买盘
1991,10:55:57,11.08,0.01,37,40996,买盘
1992,10:55:54,11.07,--,20,22140,卖盘
1993,10:55:51,11.07,-0.01,11,12177,卖盘
1994,10:55:48,11.08,--,20,22160,买盘
1995,10:55:45,11.08,--,1,1108,买盘
1996,10:55:36,11.08,0.02,11,12188,买盘
1997,10:55:24,11.06,-0.02,21,23226,卖盘
1998,10:55:21,11.08,0.01,42,46536,买盘
1999,10:55:18,11.07,0.01,18,19926,买盘
2000,10:55:09,11.06,-0.01,14,15484,卖盘
2001,10:55:06,11.07,--,51,56457,卖盘
2002,10:55:03,11.07,0.01,9,9963,中性盘
2003,10:54:45,11.06,-0.02,14,15484,卖盘
2004,10:54:42,11.08,0.01,97,107476,买盘
2005,10:54:36,11.07,0.01,49,54243,中性盘
2006,10:54:33,11.06,-0.01,200,221200,卖盘
2007,10:54:30,11.07,0.01,5,5535,卖盘
2008,10:54:27,11.06,-0.02,1,1106,卖盘
2009,10:54:24,11.08,0.01,7,7756,买盘
2010,10:54:18,11.07,--,99,109593,买盘
2011,10:54:06,11.07,0.01,17,18819,中性盘
2012,10:54:03,11.06,-0.02,17,18802,卖盘
2013,10:54:00,11.08,0.01,193,213844,买盘
2014,10:53:57,11.07,--,10,11070,卖盘
2015,10:53:48,11.07,--,21,23247,买盘
2016,10:53:45,11.07,0.01,30,33210,买盘
2017,10:53:42,11.06,--,9,9954,卖盘
2018,10:53:39,11.06,--,13,14378,卖盘
2019,10:53:36,11.06,-0.02,48,53088,卖盘
2020,10:53:33,11.08,--,19,21052,买盘
2021,10:53:30,11.08,0.02,37,40996,买盘
2022,10:53:24,11.06,--,10,11060,卖盘
2023,10:53:21,11.06,-0.02,27,29862,卖盘
2024,10:53:18,11.08,0.02,10,11080,买盘
2025,10:53:15,11.06,--,1,1106,卖盘
2026,10:53:12,11.06,--,37,40922,卖盘
2027,10:53:09,11.06,-0.01,11,12166,卖盘
2028,10:53:06,11.07,--,10,11070,卖盘
2029,10:53:03,11.07,--,78,86346,买盘
2030,10:53:00,11.07,0.01,27,29889,买盘
2031,10:52:51,11.06,-0.01,11,12166,卖盘
2032,10:52:48,11.07,--,28,30996,买盘
2033,10:52:45,11.07,--,6,6642,买盘
2034,10:52:42,11.07,--,20,22140,买盘
2035,10:52:39,11.07,0.01,19,21033,买盘
2036,10:52:36,11.06,--,4,4424,卖盘
2037,10:52:33,11.06,--,2,2212,卖盘
2038,10:52:30,11.06,--,3,3318,卖盘
2039,10:52:27,11.06,--,16,17696,卖盘
2040,10:52:24,11.06,-0.01,38,42028,卖盘
2041,10:52:21,11.07,--,8,8856,卖盘
2042,10:52:18,11.07,0.01,33,36531,中性盘
2043,10:52:15,11.06,--,25,27650,卖盘
2044,10:52:12,11.06,--,93,102858,卖盘
2045,10:52:09,11.06,-0.02,42,46452,卖盘
2046,10:52:06,11.08,0.02,28,31024,买盘
2047,10:52:03,11.06,-0.01,11,12166,卖盘
2048,10:52:00,11.07,--,23,25461,卖盘
2049,10:51:54,11.07,0.01,10,11070,中性盘
2050,10:51:42,11.06,--,20,22120,卖盘
2051,10:51:39,11.06,-0.02,7,7742,卖盘
2052,10:51:36,11.08,0.02,28,31024,买盘
2053,10:51:30,11.06,--,1,1106,卖盘
2054,10:51:27,11.06,--,2,2212,卖盘
2055,10:51:24,11.06,--,15,16590,卖盘
2056,10:51:21,11.06,-0.02,38,42028,卖盘
2057,10:51:18,11.08,0.02,9,9972,买盘
2058,10:51:15,11.06,-0.02,9,9954,卖盘
2059,10:51:12,11.08,0.02,10,11080,买盘
2060,10:51:06,11.06,-0.02,28,30968,卖盘
2061,10:51:03,11.08,0.01,110,121880,买盘
2062,10:51:00,11.07,--,48,53136,买盘
2063,10:50:57,11.07,-0.01,18,19926,卖盘
2064,10:50:54,11.08,--,10,11080,买盘
2065,10:50:51,11.08,--,1,1108,买盘
2066,10:50:39,11.08,0.02,2,2216,买盘
2067,10:50:36,11.06,-0.02,35,38710,卖盘
2068,10:50:33,11.08,--,33,36564,买盘
2069,10:50:30,11.08,0.02,59,65372,买盘
2070,10:50:27,11.06,-0.01,125,138250,卖盘
2071,10:50:24,11.07,-0.01,1,1107,卖盘
2072,10:50:15,11.08,--,109,120772,买盘
2073,10:50:12,11.08,0.01,11,12188,买盘
2074,10:50:00,11.07,-0.01,1,1107,卖盘
2075,10:49:45,11.08,0.01,4,4432,买盘
2076,10:49:36,11.07,--,4,5081,卖盘
2077,10:49:33,11.07,-0.01,3,3321,卖盘
2078,10:49:24,11.08,--,17,18836,卖盘
2079,10:49:18,11.08,--,10,11080,卖盘
2080,10:49:15,11.08,-0.01,30,33240,卖盘
2081,10:49:12,11.09,0.01,22,24398,买盘
2082,10:49:09,11.08,--,6,6648,卖盘
2083,10:49:06,11.08,--,22,24376,卖盘
2084,10:48:54,11.08,--,5,5540,卖盘
2085,10:48:51,11.08,--,3,3324,卖盘
2086,10:48:45,11.08,--,16,17728,卖盘
2087,10:48:42,11.08,0.01,3,3324,买盘
2088,10:48:39,11.07,-0.01,2,2214,卖盘
2089,10:48:36,11.08,0.01,11,12188,买盘
2090,10:48:30,11.07,--,7,7749,卖盘
2091,10:48:27,11.07,-0.01,20,22140,卖盘
2092,10:48:15,11.08,-0.01,21,23268,卖盘
2093,10:48:12,11.09,0.01,37,41033,买盘
2094,10:48:09,11.08,--,11,12188,买盘
2095,10:48:06,11.08,--,6,6648,买盘
2096,10:48:03,11.08,-0.02,14,15512,卖盘
2097,10:47:54,11.1,0.01,79,87690,买盘
2098,10:47:51,11.09,--,8,8872,卖盘
2099,10:47:48,11.09,0.01,5,5545,中性盘
2100,10:47:36,11.08,0.01,49,54292,买盘
2101,10:47:33,11.07,--,200,221400,卖盘
2102,10:47:21,11.07,-0.02,6,6642,卖盘
2103,10:47:18,11.09,--,151,167459,卖盘
2104,10:47:12,11.09,--,28,31052,买盘
2105,10:47:09,11.09,0.01,22,24398,买盘
2106,10:46:57,11.08,0.01,212,234896,卖盘
2107,10:46:54,11.07,-0.02,500,553500,卖盘
2108,10:46:48,11.09,--,99,109791,买盘
2109,10:46:45,11.09,--,118,130862,买盘
2110,10:46:42,11.09,--,200,221800,买盘
2111,10:46:39,11.09,--,28,31052,买盘
2112,10:46:36,11.09,0.01,5,5545,买盘
2113,10:46:27,11.08,-0.01,2,2216,卖盘
2114,10:46:24,11.09,--,68,75412,卖盘
2115,10:46:18,11.09,--,13,14417,买盘
2116,10:46:09,11.09,-0.01,122,135741,卖盘
2117,10:46:06,11.1,--,12,13320,买盘
2118,10:46:03,11.1,0.01,50,55500,买盘
2119,10:46:00,11.09,--,30,33270,卖盘
2120,10:45:57,11.09,--,20,22180,卖盘
2121,10:45:54,11.09,--,18,19962,卖盘
2122,10:45:39,11.09,--,5,5545,卖盘
2123,10:45:36,11.09,-0.01,15,16635,卖盘
2124,10:45:30,11.1,0.01,1,1110,买盘
2125,10:45:27,11.09,--,1,1109,卖盘
2126,10:45:24,11.09,-0.01,1,1109,卖盘
2127,10:45:21,11.1,0.01,34,37740,买盘
2128,10:45:18,11.09,0.01,249,276806,买盘
2129,10:45:15,11.08,--,2,2216,卖盘
2130,10:45:12,11.08,-0.01,5,5540,卖盘
2131,10:45:09,11.09,--,7,7763,买盘
2132,10:45:06,11.09,0.02,260,288340,买盘
2133,10:45:03,11.07,-0.02,6,6642,卖盘
2134,10:44:51,11.09,0.01,62,68758,买盘
2135,10:44:48,11.08,0.01,200,221600,中性盘
2136,10:44:39,11.07,-0.01,900,996300,卖盘
2137,10:44:24,11.08,-0.01,2,2216,卖盘
2138,10:44:21,11.09,--,2,2218,买盘
2139,10:44:18,11.09,--,3,3327,买盘
2140,10:44:12,11.09,--,152,168568,买盘
2141,10:44:09,11.09,-0.01,45,50348,卖盘
2142,10:44:06,11.1,0.01,6,6660,买盘
2143,10:44:03,11.09,--,20,22180,卖盘
2144,10:44:00,11.09,--,50,55450,卖盘
2145,10:43:48,11.09,--,2,2218,卖盘
2146,10:43:42,11.09,--,2,2218,卖盘
2147,10:43:39,11.09,-0.01,5,5545,卖盘
2148,10:43:30,11.1,0.01,6,6660,买盘
2149,10:43:21,11.09,--,34,37706,卖盘
2150,10:43:18,11.09,--,5,5545,卖盘
2151,10:43:15,11.09,--,2,2218,卖盘
2152,10:43:06,11.09,-0.01,12,13308,卖盘
2153,10:43:03,11.1,0.01,10,11100,买盘
2154,10:42:57,11.09,-0.01,57,63213,卖盘
2155,10:42:54,11.1,0.01,10,11100,买盘
2156,10:42:51,11.09,--,20,22180,卖盘
2157,10:42:48,11.09,--,2,2218,卖盘
2158,10:42:45,11.09,--,29,32161,卖盘
2159,10:42:36,11.09,-0.01,1,1109,卖盘
2160,10:42:30,11.1,0.01,131,145410,买盘
2161,10:42:27,11.09,0.01,192,213593,买盘
2162,10:42:24,11.08,-0.01,28,31024,卖盘
2163,10:42:03,11.09,0.01,20,22180,买盘
2164,10:42:00,11.08,-0.01,49,54292,卖盘
2165,10:41:57,11.09,0.01,6,6654,买盘
2166,10:41:48,11.08,-0.01,10,11080,卖盘
2167,10:41:42,11.09,--,68,75412,买盘
2168,10:41:36,11.09,0.01,112,124208,买盘
2169,10:41:33,11.08,--,139,154012,卖盘
2170,10:41:15,11.08,--,4,4432,卖盘
2171,10:41:12,11.08,--,9,9972,卖盘
2172,10:41:06,11.08,--,6,6648,卖盘
2173,10:41:03,11.08,-0.01,8,8864,卖盘
2174,10:41:00,11.09,--,11,12199,买盘
2175,10:40:54,11.09,--,10,11090,买盘
2176,10:40:48,11.09,0.01,21,23289,买盘
2177,10:40:45,11.08,--,1,1108,卖盘
2178,10:40:39,11.08,-0.01,30,33240,卖盘
2179,10:40:24,11.09,0.01,3,3327,买盘
2180,10:40:18,11.08,--,31,34348,卖盘
2181,10:40:12,11.08,-0.01,3,3324,卖盘
2182,10:40:09,11.09,--,12,13308,买盘
2183,10:40:00,11.09,--,7,7763,买盘
2184,10:39:57,11.09,0.01,10,11090,买盘
2185,10:39:45,11.08,-0.01,10,11080,卖盘
2186,10:39:39,11.09,0.01,121,134189,买盘
2187,10:39:36,11.08,0.01,137,151796,买盘
2188,10:39:24,11.07,--,2,2214,卖盘
2189,10:39:21,11.07,--,1,1107,卖盘
2190,10:39:03,11.07,-0.01,2,2214,卖盘
2191,10:39:00,11.08,--,6,6648,买盘
2192,10:38:57,11.08,0.01,11,12188,买盘
2193,10:38:51,11.07,--,20,22140,卖盘
2194,10:38:42,11.07,-0.01,5,5535,卖盘
2195,10:38:33,11.08,--,69,76452,买盘
2196,10:38:30,11.08,--,21,23268,卖盘
2197,10:38:24,11.08,0.01,3,3324,中性盘
2198,10:38:21,11.07,--,1,1107,卖盘
2199,10:38:18,11.07,-0.02,1,1107,卖盘
2200,10:38:06,11.09,--,8,8872,买盘
2201,10:38:00,11.09,--,7,7763,买盘
2202,10:37:57,11.09,--,10,11090,买盘
2203,10:37:54,11.09,--,23,25507,买盘
2204,10:37:51,11.09,0.01,39,43251,买盘
2205,10:37:48,11.08,0.01,61,67588,买盘
2206,10:37:45,11.07,-0.01,7,7749,卖盘
2207,10:37:30,11.08,--,1,1108,买盘
2208,10:37:27,11.08,--,8,8864,买盘
2209,10:37:24,11.08,0.01,33,36564,买盘
2210,10:37:21,11.07,-0.01,20,22140,卖盘
2211,10:37:18,11.08,--,15,16620,买盘
2212,10:37:12,11.08,--,30,33240,买盘
2213,10:37:03,11.08,-0.01,7,7756,卖盘
2214,10:36:57,11.09,0.01,25,27725,买盘
2215,10:36:54,11.08,0.01,42,46536,中性盘
2216,10:36:48,11.07,-0.03,47,52029,卖盘
2217,10:36:36,11.1,0.02,8,8880,买盘
2218,10:36:33,11.08,--,8,8864,买盘
2219,10:36:30,11.08,--,2,2216,卖盘
2220,10:36:24,11.08,--,34,37672,卖盘
2221,10:36:18,11.08,-0.01,1,1108,卖盘
2222,10:36:12,11.09,0.01,67,74303,买盘
2223,10:36:09,11.08,--,2,2216,卖盘
2224,10:36:00,11.08,0.01,64,70912,买盘
2225,10:35:57,11.07,-0.01,208,230256,卖盘
2226,10:35:54,11.08,0.01,33,36564,买盘
2227,10:35:48,11.07,-0.02,2,2214,卖盘
2228,10:35:45,11.09,0.01,11,12199,买盘
2229,10:35:39,11.08,-0.01,25,27700,卖盘
2230,10:35:24,11.09,--,1,1109,买盘
2231,10:35:21,11.09,0.02,41,45469,买盘
2232,10:35:18,11.07,--,54,59778,卖盘
2233,10:35:12,11.07,--,112,123984,卖盘
2234,10:35:09,11.07,--,38,42066,卖盘
2235,10:34:54,11.07,-0.01,33,36531,卖盘
2236,10:34:51,11.08,--,12,13296,买盘
2237,10:34:39,11.08,--,22,24376,卖盘
2238,10:34:30,11.08,-0.01,1,1108,卖盘
2239,10:34:27,11.09,--,5,5545,买盘
2240,10:34:21,11.09,0.02,8,8872,买盘
2241,10:34:18,11.07,-0.02,42,46494,卖盘
2242,10:34:15,11.09,0.01,1,1109,买盘
2243,10:34:12,11.08,--,2,2216,卖盘
2244,10:34:09,11.08,--,2,2216,买盘
2245,10:34:03,11.08,--,48,53184,卖盘
2246,10:33:57,11.08,-0.01,12,13296,卖盘
2247,10:33:54,11.09,--,29,32161,买盘
2248,10:33:51,11.09,0.01,11,12199,买盘
2249,10:33:48,11.08,-0.01,4,4432,卖盘
2250,10:33:24,11.09,--,29,32161,买盘
2251,10:33:18,11.09,--,106,117554,卖盘
2252,10:33:15,11.09,-0.01,20,22180,卖盘
2253,10:33:00,11.1,--,8,8880,买盘
2254,10:32:51,11.1,0.01,17,18870,买盘
2255,10:32:42,11.09,--,22,24398,买盘
2256,10:32:39,11.09,0.01,16,17744,买盘
2257,10:32:24,11.08,--,25,27700,卖盘
2258,10:32:15,11.08,-0.01,101,111908,卖盘
2259,10:32:12,11.09,--,1,1109,买盘
2260,10:32:09,11.09,0.01,6,6654,买盘
2261,10:32:00,11.08,--,4,4432,卖盘
2262,10:31:54,11.08,-0.01,25,27700,卖盘
2263,10:31:51,11.09,--,6,6654,买盘
2264,10:31:48,11.09,--,11,12199,买盘
2265,10:31:24,11.09,--,23,25507,买盘
2266,10:31:21,11.09,--,73,80957,卖盘
2267,10:31:15,11.09,--,30,33270,买盘
2268,10:31:12,11.09,--,12,13308,买盘
2269,10:31:09,11.09,--,16,17744,买盘
2270,10:30:57,11.09,--,8,8872,买盘
2271,10:30:54,11.09,--,25,27725,买盘
2272,10:30:51,11.09,--,5,5545,买盘
2273,10:30:48,11.09,--,6,6654,买盘
2274,10:30:45,11.09,0.01,11,12199,买盘
2275,10:30:39,11.08,--,10,11080,卖盘
2276,10:30:36,11.08,--,40,44320,卖盘
2277,10:30:33,11.08,-0.01,50,55400,卖盘
2278,10:30:24,11.09,--,24,26616,买盘
2279,10:30:21,11.09,--,15,16635,买盘
2280,10:30:18,11.09,-0.01,79,87611,卖盘
2281,10:30:12,11.1,0.01,4,4440,买盘
2282,10:30:06,11.09,--,5,5545,卖盘
2283,10:30:03,11.09,--,82,90938,买盘
2284,10:30:00,11.09,--,20,22180,买盘
2285,10:29:54,11.09,0.01,25,27725,买盘
2286,10:29:51,11.08,-0.01,10,11080,卖盘
2287,10:29:48,11.09,--,6,6654,买盘
2288,10:29:45,11.09,--,11,12199,买盘
2289,10:29:42,11.09,--,1,1109,买盘
2290,10:29:39,11.09,--,10,11090,买盘
2291,10:29:30,11.09,--,1,1109,买盘
2292,10:29:24,11.09,0.01,23,25507,买盘
2293,10:29:15,11.08,--,57,63156,卖盘
2294,10:29:12,11.08,--,51,56508,卖盘
2295,10:29:06,11.08,-0.01,1,1108,卖盘
2296,10:28:57,11.09,--,9,9981,卖盘
2297,10:28:54,11.09,--,14,15526,买盘
2298,10:28:48,11.09,-0.01,18,19962,卖盘
2299,10:28:45,11.1,--,6,6660,买盘
2300,10:28:42,11.1,0.01,11,12210,买盘
2301,10:28:36,11.09,-0.01,5,5545,卖盘
2302,10:28:24,11.1,--,8,8880,买盘
2303,10:28:21,11.1,0.01,4,4440,买盘
2304,10:28:18,11.09,--,1,1109,卖盘
2305,10:28:15,11.09,--,94,104246,买盘
2306,10:28:12,11.09,0.01,13,14417,买盘
2307,10:28:06,11.08,--,30,33240,卖盘
2308,10:28:00,11.08,-0.01,20,22160,卖盘
2309,10:27:54,11.09,0.01,23,25507,买盘
2310,10:27:48,11.08,-0.01,15,16620,卖盘
2311,10:27:42,11.09,--,6,6654,买盘
2312,10:27:39,11.09,--,11,12199,买盘
2313,10:27:30,11.09,--,1,1109,买盘
2314,10:27:24,11.09,--,23,25507,买盘
2315,10:27:18,11.09,0.01,8,8872,买盘
2316,10:27:09,11.08,--,4,4432,卖盘
2317,10:27:06,11.08,-0.01,7,7756,卖盘
2318,10:26:54,11.09,--,23,25507,买盘
2319,10:26:51,11.09,-0.01,1,1109,买盘
2320,10:26:48,11.1,0.01,24,26640,买盘
2321,10:26:45,11.09,-0.01,50,55450,卖盘
2322,10:26:42,11.1,--,5,5550,买盘
2323,10:26:39,11.1,--,12,13320,买盘
2324,10:26:36,11.1,--,6,6660,买盘
2325,10:26:33,11.1,0.01,109,120990,买盘
2326,10:26:30,11.09,-0.01,40,44360,卖盘
2327,10:26:24,11.1,--,23,25530,买盘
2328,10:26:18,11.1,--,8,8880,买盘
2329,10:26:06,11.1,--,13,14430,买盘
2330,10:25:57,11.1,--,10,11100,买盘
2331,10:25:54,11.1,--,23,25530,买盘
2332,10:25:51,11.1,--,174,193140,买盘
2333,10:25:45,11.1,--,2,2220,买盘
2334,10:25:42,11.1,--,112,124320,买盘
2335,10:25:39,11.1,0.01,21,23310,买盘
2336,10:25:30,11.09,-0.01,100,110900,卖盘
2337,10:25:27,11.1,0.01,3,3330,买盘
2338,10:25:24,11.09,--,44,48796,卖盘
2339,10:25:21,11.09,--,23,25507,买盘
2340,10:25:18,11.09,0.01,38,42142,买盘
2341,10:25:09,11.08,--,8,8864,卖盘
2342,10:25:03,11.08,-0.01,19,21052,卖盘
2343,10:25:00,11.09,-0.01,10,11090,中性盘
2344,10:24:45,11.1,0.01,131,145410,买盘
2345,10:24:42,11.09,-0.01,8,8872,卖盘
2346,10:24:39,11.1,--,6,6660,买盘
2347,10:24:36,11.1,0.02,11,12210,买盘
2348,10:24:33,11.08,-0.01,231,255948,卖盘
2349,10:24:27,11.09,--,1,1109,买盘
2350,10:24:24,11.09,--,91,100919,卖盘
2351,10:24:21,11.09,-0.01,9,9981,卖盘
2352,10:24:15,11.1,0.01,1,1110,买盘
2353,10:24:12,11.09,--,14,15526,卖盘
2354,10:24:06,11.09,--,49,54341,买盘
2355,10:23:57,11.09,--,189,209601,买盘
2356,10:23:54,11.09,--,484,536756,买盘
2357,10:23:51,11.09,-0.01,19,21071,卖盘
2358,10:23:36,11.1,--,24,26640,买盘
2359,10:23:30,11.1,--,31,34410,买盘
2360,10:23:27,11.1,0.01,16,17760,买盘
2361,10:23:24,11.09,0.01,98,108682,买盘
2362,10:23:21,11.08,0.01,124,137392,买盘
2363,10:23:12,11.07,--,22,24354,买盘
2364,10:23:09,11.07,--,3,3321,买盘
2365,10:23:06,11.07,--,4,4428,买盘
2366,10:23:03,11.07,-0.01,1,1107,卖盘
2367,10:22:54,11.08,0.01,23,25484,买盘
2368,10:22:51,11.07,--,7,7749,买盘
2369,10:22:48,11.07,--,4,4428,卖盘
2370,10:22:42,11.07,--,26,28782,买盘
2371,10:22:36,11.07,--,6,6642,买盘
2372,10:22:33,11.07,--,11,12177,买盘
2373,10:22:30,11.07,--,72,79704,卖盘
2374,10:22:24,11.07,--,31,34317,卖盘
2375,10:22:18,11.07,--,11,12177,卖盘
2376,10:22:15,11.07,--,11,12177,卖盘
2377,10:22:03,11.07,--,20,22140,卖盘
2378,10:22:00,11.07,--,1,1107,卖盘
2379,10:21:57,11.07,-0.01,103,114021,卖盘
2380,10:21:54,11.08,0.01,23,25484,买盘
2381,10:21:45,11.07,-0.01,30,33210,卖盘
2382,10:21:39,11.08,--,6,6648,买盘
2383,10:21:36,11.08,-0.01,33,36564,卖盘
2384,10:21:33,11.09,--,10,11090,买盘
2385,10:21:30,11.09,--,1,1109,买盘
2386,10:21:24,11.09,0.01,23,25507,买盘
2387,10:21:21,11.08,-0.01,2,2216,卖盘
2388,10:21:18,11.09,--,14,15526,买盘
2389,10:21:12,11.09,--,60,66540,买盘
2390,10:21:03,11.09,0.01,10,11090,买盘
2391,10:20:54,11.08,0.01,2,2216,买盘
2392,10:20:45,11.07,--,3,3321,卖盘
2393,10:20:42,11.07,--,15,16605,买盘
2394,10:20:33,11.07,--,9,9963,买盘
2395,10:20:30,11.07,0.01,14,15498,买盘
2396,10:20:24,11.06,-0.01,25,27650,卖盘
2397,10:20:21,11.07,-0.01,15,16605,卖盘
2398,10:20:15,11.08,0.02,88,97504,买盘
2399,10:20:03,11.06,-0.01,50,55300,卖盘
2400,10:20:00,11.07,--,51,56457,买盘
2401,10:19:54,11.07,--,24,26568,买盘
2402,10:19:48,11.07,0.01,8,8856,买盘
2403,10:19:42,11.06,-0.01,25,27650,卖盘
2404,10:19:33,11.07,--,6,6642,买盘
2405,10:19:30,11.07,--,14,15498,卖盘
2406,10:19:24,11.07,-0.01,25,27675,卖盘
2407,10:19:15,11.08,--,11,12188,买盘
2408,10:19:09,11.08,--,5,5540,买盘
2409,10:19:06,11.08,--,8,8864,买盘
2410,10:19:03,11.08,-0.01,22,24376,卖盘
2411,10:18:54,11.09,0.01,24,26616,买盘
2412,10:18:51,11.08,-0.01,2,2216,卖盘
2413,10:18:45,11.09,0.01,6,6654,中性盘
2414,10:18:36,11.08,-0.01,156,172848,卖盘
2415,10:18:33,11.09,-0.01,5,5545,卖盘
2416,10:18:30,11.1,--,6,6660,买盘
2417,10:18:27,11.1,0.02,84,93240,买盘
2418,10:18:24,11.08,0.02,12,13296,中性盘
2419,10:18:12,11.06,-0.03,366,404796,卖盘
2420,10:18:03,11.09,--,6,6654,买盘
2421,10:18:00,11.09,0.02,4,4436,买盘
2422,10:17:57,11.07,--,47,52029,卖盘
2423,10:17:54,11.07,--,29,32103,卖盘
2424,10:17:45,11.07,-0.01,22,24354,卖盘
2425,10:17:33,11.08,--,4,4432,买盘
2426,10:17:30,11.08,-0.01,7,7756,卖盘
2427,10:17:27,11.09,0.01,27,29943,买盘
2428,10:17:24,11.08,--,6,6648,买盘
2429,10:17:18,11.08,--,4,4432,卖盘
2430,10:17:15,11.08,--,4,4432,卖盘
2431,10:17:12,11.08,0.01,6,6648,买盘
2432,10:17:09,11.07,--,18,19926,卖盘
2433,10:17:06,11.07,--,15,16605,卖盘
2434,10:17:00,11.07,--,5,5535,卖盘
2435,10:16:57,11.07,-0.01,50,55350,卖盘
2436,10:16:54,11.08,0.01,126,140494,买盘
2437,10:16:51,11.07,--,7,7749,卖盘
2438,10:16:48,11.07,-0.01,108,119556,卖盘
2439,10:16:45,11.08,--,33,36785,卖盘
2440,10:16:42,11.08,0.01,71,79554,买盘
2441,10:16:33,11.07,-0.02,32,35424,卖盘
2442,10:16:30,11.09,--,8,8872,买盘
2443,10:16:27,11.09,0.01,11,12199,买盘
2444,10:16:24,11.08,--,3,3324,买盘
2445,10:16:12,11.08,--,10,11080,买盘
2446,10:16:06,11.08,--,65,72020,卖盘
2447,10:16:03,11.08,--,2,2216,卖盘
2448,10:15:57,11.08,--,49,54292,买盘
2449,10:15:54,11.08,0.01,114,126312,买盘
2450,10:15:48,11.07,-0.01,10,11070,卖盘
2451,10:15:39,11.08,0.01,1,1108,买盘
2452,10:15:36,11.07,-0.01,7,7749,卖盘
2453,10:15:27,11.08,--,5,5540,买盘
2454,10:15:24,11.08,--,45,49860,买盘
2455,10:15:21,11.08,0.01,6,6648,买盘
2456,10:15:18,11.07,--,10,11070,卖盘
2457,10:15:15,11.07,--,4,4428,卖盘
2458,10:15:09,11.07,-0.01,32,35424,卖盘
2459,10:15:00,11.08,--,19,21052,买盘
2460,10:14:54,11.08,--,23,25484,买盘
2461,10:14:45,11.08,--,12,13296,买盘
2462,10:14:36,11.08,--,5,5540,买盘
2463,10:14:33,11.08,--,34,37672,卖盘
2464,10:14:30,11.08,-0.01,2,2216,卖盘
2465,10:14:27,11.09,--,119,131971,买盘
2466,10:14:24,11.09,--,108,119772,卖盘
2467,10:14:18,11.09,--,20,22180,卖盘
2468,10:14:15,11.09,--,1,1109,卖盘
2469,10:14:06,11.09,--,3,3327,卖盘
2470,10:14:00,11.09,-0.01,2,2218,卖盘
2471,10:13:54,11.1,--,23,25530,买盘
2472,10:13:51,11.1,0.01,331,367410,买盘
2473,10:13:42,11.09,--,9,9981,买盘
2474,10:13:36,11.09,0.04,6,6654,买盘
2475,10:13:33,11.05,-0.05,1000,1105000,卖盘
2476,10:13:30,11.1,0.01,1,1110,买盘
2477,10:13:27,11.09,-0.01,6,6654,卖盘
2478,10:13:24,11.1,-0.01,17,18870,买盘
2479,10:13:21,11.11,0.03,50,55550,买盘
2480,10:13:18,11.08,--,16,17728,卖盘
2481,10:13:12,11.08,-0.01,17,18836,卖盘
2482,10:12:57,11.09,-0.02,2,2218,中性盘
2483,10:12:48,11.11,0.02,590,655490,买盘
2484,10:12:45,11.09,--,11,12199,卖盘
2485,10:12:42,11.09,-0.01,6,6654,卖盘
2486,10:12:39,11.1,0.01,47,52170,买盘
2487,10:12:33,11.09,--,50,55450,卖盘
2488,10:12:30,11.09,0.01,1708,1895037,买盘
2489,10:12:27,11.08,--,30,33240,卖盘
2490,10:12:24,11.08,-0.01,156,172848,卖盘
2491,10:12:21,11.09,--,11,12199,买盘
2492,10:12:18,11.09,0.01,43,47687,买盘
2493,10:12:15,11.08,0.01,47,52076,买盘
2494,10:12:12,11.07,-0.01,3,3321,卖盘
2495,10:12:06,11.08,0.01,11,12188,买盘
2496,10:12:03,11.07,-0.02,1001,1108107,卖盘
2497,10:11:57,11.09,0.01,43,47687,买盘
2498,10:11:51,11.08,-0.01,76,84208,卖盘
2499,10:11:48,11.09,--,16,17744,买盘
2500,10:11:45,11.09,--,1,1109,买盘
2501,10:11:33,11.09,-0.01,321,355989,卖盘
2502,10:11:24,11.1,--,6,6660,买盘
2503,10:11:21,11.1,--,10,11100,买盘
2504,10:11:18,11.1,0.01,11,12210,买盘
2505,10:11:15,11.09,--,1,1109,卖盘
2506,10:11:12,11.09,--,30,33270,卖盘
2507,10:11:03,11.09,--,3,3327,卖盘
2508,10:11:00,11.09,-0.01,10,11090,卖盘
2509,10:10:51,11.1,--,37,41070,买盘
2510,10:10:45,11.1,--,9,9990,买盘
2511,10:10:39,11.1,0.01,1,1110,买盘
2512,10:10:36,11.09,--,17,18853,卖盘
2513,10:10:33,11.09,-0.01,1,1109,卖盘
2514,10:10:30,11.1,0.01,12,13320,买盘
2515,10:10:24,11.09,-0.01,20,22180,卖盘
2516,10:10:21,11.1,--,26,28860,买盘
2517,10:10:18,11.1,0.01,11,12210,买盘
2518,10:10:15,11.09,-0.01,102,113118,卖盘
2519,10:10:09,11.1,--,9,9990,买盘
2520,10:10:06,11.1,0.01,11,12210,买盘
2521,10:09:57,11.09,-0.01,44,48796,卖盘
2522,10:09:42,11.1,0.01,458,508380,买盘
2523,10:09:33,11.09,--,5,5545,卖盘
2524,10:09:27,11.09,-0.01,1,1109,中性盘
2525,10:09:18,11.1,0.02,17,18870,买盘
2526,10:09:15,11.08,-0.02,3,3324,卖盘
2527,10:09:09,11.1,0.02,26,28860,买盘
2528,10:08:57,11.08,-0.01,15,16620,卖盘
2529,10:08:36,11.09,0.01,6,6654,买盘
2530,10:08:33,11.08,-0.02,19,21052,卖盘
2531,10:08:27,11.1,0.02,10,11100,买盘
2532,10:08:24,11.08,--,30,33240,卖盘
2533,10:08:18,11.08,-0.02,20,22160,卖盘
2534,10:08:15,11.1,--,27,29970,买盘
2535,10:08:12,11.1,0.02,19,21090,买盘
2536,10:08:03,11.08,--,1,1108,卖盘
2537,10:08:00,11.08,--,20,22160,卖盘
2538,10:07:54,11.08,--,5,5540,卖盘
2539,10:07:51,11.08,-0.01,15,16620,卖盘
2540,10:07:48,11.09,--,8,8872,中性盘
2541,10:07:30,11.09,-0.01,10,11090,卖盘
2542,10:07:27,11.1,--,30,33300,买盘
2543,10:07:18,11.1,--,6,6660,买盘
2544,10:07:15,11.1,0.01,11,12210,买盘
2545,10:07:12,11.09,-0.01,5,5545,卖盘
2546,10:07:09,11.1,--,20,22200,买盘
2547,10:07:03,11.1,--,8,8880,买盘
2548,10:06:54,11.1,0.01,18,19980,买盘
2549,10:06:51,11.09,0.01,31,34379,买盘
2550,10:06:48,11.08,--,10,11080,卖盘
2551,10:06:42,11.08,-0.02,9,9972,卖盘
2552,10:06:39,11.1,0.02,4,4440,买盘
2553,10:06:36,11.08,0.01,6,6648,买盘
2554,10:06:33,11.07,-0.01,5,5535,卖盘
2555,10:06:24,11.08,0.01,80,88640,买盘
2556,10:06:15,11.07,-0.01,16,17712,卖盘
2557,10:06:12,11.08,-0.02,32,35456,中性盘
2558,10:06:09,11.1,--,29,32190,买盘
2559,10:06:03,11.1,0.03,677,751470,买盘
2560,10:06:00,11.07,--,5,5535,买盘
2561,10:05:54,11.07,--,17,18819,卖盘
2562,10:05:33,11.07,-0.02,3,3321,中性盘
2563,10:05:30,11.09,0.03,1,1109,买盘
2564,10:05:27,11.06,--,1,1106,卖盘
2565,10:05:18,11.06,--,643,711158,卖盘
2566,10:05:15,11.06,--,110,122721,买盘
2567,10:05:12,11.06,--,10,11060,买盘
2568,10:05:09,11.06,--,10,11060,买盘
2569,10:05:03,11.06,--,5,5530,买盘
2570,10:05:00,11.06,--,15,16590,买盘
2571,10:04:57,11.06,--,65,71934,卖盘
2572,10:04:51,11.06,--,103,113918,卖盘
2573,10:04:48,11.06,--,3,3318,卖盘
2574,10:04:36,11.06,--,30,33180,卖盘
2575,10:04:33,11.06,-0.03,20,22120,卖盘
2576,10:04:30,11.09,--,164,181876,卖盘
2577,10:04:27,11.09,--,20,22180,卖盘
2578,10:04:24,11.09,0.03,335,372579,买盘
2579,10:04:21,11.06,-0.03,9,9954,卖盘
2580,10:04:18,11.09,0.02,62,68758,买盘
2581,10:04:12,11.07,0.02,4,4428,买盘
2582,10:04:09,11.05,-0.01,46,50830,卖盘
2583,10:03:57,11.06,-0.02,995,1100470,卖盘
2584,10:03:51,11.08,--,8,8864,买盘
2585,10:03:42,11.08,--,10,11080,买盘
2586,10:03:36,11.08,--,1,2160,卖盘
2587,10:03:33,11.08,--,1,1108,卖盘
2588,10:03:30,11.08,--,3,3324,卖盘
2589,10:03:27,11.08,-0.01,10,11080,卖盘
2590,10:03:21,11.09,0.01,12,13308,买盘
2591,10:03:18,11.08,--,9,9972,卖盘
2592,10:03:12,11.08,-0.01,6,6648,卖盘
2593,10:03:06,11.09,0.01,12,13308,买盘
2594,10:02:57,11.08,-0.01,4,4487,卖盘
2595,10:02:51,11.09,--,1,1109,买盘
2596,10:02:48,11.09,--,1,1109,买盘
2597,10:02:42,11.09,--,20,22224,卖盘
2598,10:02:39,11.09,--,1,1109,卖盘
2599,10:02:33,11.09,--,31,34379,卖盘
2600,10:02:30,11.09,-0.01,100,110900,卖盘
2601,10:02:24,11.1,-0.01,2,2220,中性盘
2602,10:02:12,11.11,--,14,15554,买盘
2603,10:02:09,11.11,0.02,410,455532,买盘
2604,10:02:06,11.09,-0.01,1,1109,卖盘
2605,10:02:03,11.1,0.01,11,12210,买盘
2606,10:02:00,11.09,--,2,2218,卖盘
2607,10:01:57,11.09,--,50,55450,卖盘
2608,10:01:54,11.09,--,187,207383,卖盘
2609,10:01:51,11.09,0.01,322,358140,买盘
2610,10:01:48,11.08,--,2,2216,卖盘
2611,10:01:30,11.08,--,10,11080,卖盘
2612,10:01:24,11.08,--,30,33240,卖盘
2613,10:01:21,11.08,-0.01,3,3324,卖盘
2614,10:01:18,11.09,0.01,6,6654,买盘
2615,10:01:15,11.08,--,9,9972,卖盘
2616,10:01:09,11.08,--,20,22160,买盘
2617,10:01:06,11.08,0.02,12,13296,买盘
2618,10:01:03,11.06,-0.03,20,22120,卖盘
2619,10:00:51,11.09,0.01,700,776300,买盘
2620,10:00:48,11.08,-0.01,2,2216,卖盘
2621,10:00:45,11.09,0.01,12,13308,买盘
2622,10:00:42,11.08,--,340,376720,卖盘
2623,10:00:39,11.08,--,15,16620,卖盘
2624,10:00:30,11.08,--,10,11080,卖盘
2625,10:00:24,11.08,-0.01,25,27700,卖盘
2626,10:00:18,11.09,0.01,21,23289,买盘
2627,10:00:12,11.08,--,5,5540,卖盘
2628,10:00:09,11.08,-0.01,6,6648,卖盘
2629,10:00:06,11.09,--,11,12199,买盘
2630,10:00:03,11.09,0.01,11,12199,买盘
2631,09:59:57,11.08,--,16,17728,卖盘
2632,09:59:45,11.08,--,30,33240,卖盘
2633,09:59:42,11.08,--,116,128528,卖盘
2634,09:59:36,11.08,--,8,8864,买盘
2635,09:59:33,11.08,--,50,55400,买盘
2636,09:59:27,11.08,0.01,21,23268,买盘
2637,09:59:24,11.07,-0.01,7,7749,卖盘
2638,09:59:21,11.08,0.01,4,4432,买盘
2639,09:59:18,11.07,0.01,108,119556,买盘
2640,09:59:12,11.06,-0.02,7,7742,卖盘
2641,09:59:06,11.08,--,5,5540,买盘
2642,09:59:00,11.08,--,35,38780,买盘
2643,09:58:54,11.08,0.01,27,29916,买盘
2644,09:58:51,11.07,--,10,11070,买盘
2645,09:58:48,11.07,--,35,38745,卖盘
2646,09:58:45,11.07,--,1,1107,卖盘
2647,09:58:39,11.07,--,5,5535,卖盘
2648,09:58:18,11.07,--,36,39852,卖盘
2649,09:58:12,11.07,--,9,9963,卖盘
2650,09:58:09,11.07,--,4,4428,卖盘
2651,09:58:06,11.07,--,51,56457,卖盘
2652,09:58:03,11.07,-0.01,10,11070,卖盘
2653,09:58:00,11.08,0.01,11,12188,买盘
2654,09:57:57,11.07,-0.01,129,142803,卖盘
2655,09:57:48,11.08,--,5,5540,买盘
2656,09:57:39,11.08,-0.01,4,4432,卖盘
2657,09:57:36,11.09,--,175,194075,买盘
2658,09:57:30,11.09,--,1,1109,买盘
2659,09:57:18,11.09,--,37,41033,买盘
2660,09:57:15,11.09,--,1,1109,买盘
2661,09:57:09,11.09,--,8,8938,卖盘
2662,09:57:06,11.09,--,41,45469,卖盘
2663,09:57:03,11.09,--,17,18853,卖盘
2664,09:57:00,11.09,--,30,33270,卖盘
2665,09:56:54,11.09,0.01,483,536689,买盘
2666,09:56:48,11.08,--,3,3390,卖盘
2667,09:56:45,11.08,--,78,86424,卖盘
2668,09:56:39,11.08,--,10,11080,卖盘
2669,09:56:36,11.08,-0.01,6,6648,卖盘
2670,09:56:30,11.09,0.01,12,13308,买盘
2671,09:56:27,11.08,--,15,16620,卖盘
2672,09:56:24,11.08,--,511,567229,买盘
2673,09:56:21,11.08,--,33,36564,买盘
2674,09:56:18,11.08,--,505,559606,卖盘
2675,09:56:12,11.08,-0.01,12,13296,卖盘
2676,09:56:03,11.09,-0.02,2,2218,中性盘
2677,09:56:00,11.11,0.01,7,7777,买盘
2678,09:55:57,11.1,--,10,11100,买盘
2679,09:55:54,11.1,0.01,449,498390,买盘
2680,09:55:51,11.09,--,2,2218,卖盘
2681,09:55:48,11.09,--,9,9981,卖盘
2682,09:55:42,11.09,--,70,77630,卖盘
2683,09:55:39,11.09,--,2,2218,卖盘
2684,09:55:36,11.09,0.01,252,279468,买盘
2685,09:55:33,11.08,--,46,50968,卖盘
2686,09:55:27,11.08,--,10,11080,卖盘
2687,09:55:24,11.08,0.01,485,538421,买盘
2688,09:55:21,11.07,0.01,12,13284,买盘
2689,09:55:18,11.06,--,2,2212,卖盘
2690,09:55:12,11.06,0.01,82,90692,买盘
2691,09:55:09,11.05,--,128,141440,卖盘
2692,09:55:06,11.05,-0.01,18,19890,卖盘
2693,09:55:03,11.06,--,5,5530,买盘
2694,09:55:00,11.06,--,6,6636,买盘
2695,09:54:57,11.06,--,13,14378,买盘
2696,09:54:54,11.06,--,5,5530,买盘
2697,09:54:51,11.06,--,1,1106,买盘
2698,09:54:45,11.06,-0.01,453,501018,卖盘
2699,09:54:42,11.07,0.01,67,74169,买盘
2700,09:54:39,11.06,-0.01,28,30968,卖盘
2701,09:54:33,11.07,--,3,3321,买盘
2702,09:54:30,11.07,--,15,16605,买盘
2703,09:54:24,11.07,--,391,432903,卖盘
2704,09:54:21,11.07,--,10,11070,卖盘
2705,09:54:18,11.07,--,21,23247,卖盘
2706,09:54:12,11.07,--,69,77423,买盘
2707,09:54:09,11.07,-0.01,26,28848,卖盘
2708,09:54:06,11.08,0.01,66,74169,买盘
2709,09:54:03,11.07,--,3,3321,买盘
2710,09:54:00,11.07,--,13,14457,卖盘
2711,09:53:57,11.07,-0.01,14,15498,卖盘
2712,09:53:54,11.08,0.01,37,40996,买盘
2713,09:53:51,11.07,--,20,22140,卖盘
2714,09:53:48,11.07,-0.01,11,12177,卖盘
2715,09:53:45,11.08,0.01,116,128528,买盘
2716,09:53:42,11.07,--,2,2214,卖盘
2717,09:53:39,11.07,--,5,5535,卖盘
2718,09:53:36,11.07,--,23,25461,卖盘
2719,09:53:33,11.07,--,100,110700,卖盘
2720,09:53:30,11.07,--,19,21033,卖盘
2721,09:53:27,11.07,--,3,3321,卖盘
2722,09:53:24,11.07,--,15,16605,卖盘
2723,09:53:21,11.07,-0.01,200,221400,卖盘
2724,09:53:15,11.08,-0.01,19,21052,卖盘
2725,09:53:06,11.09,0.01,17,18853,买盘
2726,09:53:03,11.08,-0.01,13,14404,中性盘
2727,09:52:57,11.09,--,6,6654,买盘
2728,09:52:54,11.09,--,4,4436,买盘
2729,09:52:51,11.09,--,16,17744,买盘
2730,09:52:45,11.09,0.02,5,5545,买盘
2731,09:52:42,11.07,-0.02,515,570105,卖盘
2732,09:52:36,11.09,0.01,7,7763,买盘
2733,09:52:33,11.08,-0.01,25,27700,卖盘
2734,09:52:27,11.09,--,16,17744,买盘
2735,09:52:15,11.09,-0.01,7,7763,卖盘
2736,09:52:06,11.1,-0.01,3,3330,卖盘
2737,09:51:57,11.11,--,11,12221,买盘
2738,09:51:54,11.11,--,16,17776,买盘
2739,09:51:48,11.11,0.01,21,23331,买盘
2740,09:51:45,11.1,--,18,19980,卖盘
2741,09:51:39,11.1,--,15,16650,卖盘
2742,09:51:33,11.1,--,34,37740,卖盘
2743,09:51:24,11.1,--,662,734820,买盘
2744,09:51:21,11.1,0.01,10,11100,买盘
2745,09:51:15,11.09,-0.01,35,38815,卖盘
2746,09:51:06,11.1,--,1,1110,买盘
2747,09:51:03,11.1,0.01,5,5550,买盘
2748,09:51:00,11.09,-0.01,4,4436,卖盘
2749,09:50:54,11.1,0.01,21,23310,买盘
2750,09:50:51,11.09,-0.02,452,501268,卖盘
2751,09:50:48,11.11,--,25,27775,卖盘
2752,09:50:45,11.11,0.01,862,957682,买盘
2753,09:50:39,11.1,--,37,41070,买盘
2754,09:50:36,11.1,--,12,13320,买盘
2755,09:50:30,11.1,--,1,1110,买盘
2756,09:50:27,11.1,--,2,2220,买盘
2757,09:50:24,11.1,--,11,12210,买盘
2758,09:50:21,11.1,--,5,5550,买盘
2759,09:50:18,11.1,-0.01,55,61050,卖盘
2760,09:50:15,11.11,--,8,8888,买盘
2761,09:50:09,11.11,--,190,211090,卖盘
2762,09:50:06,11.11,--,10,11110,卖盘
2763,09:50:03,11.11,--,11,12221,卖盘
2764,09:49:51,11.11,--,12,13332,卖盘
2765,09:49:48,11.11,--,20,22220,买盘
2766,09:49:39,11.11,--,18,19998,卖盘
2767,09:49:36,11.11,-0.01,3,3333,卖盘
2768,09:49:33,11.12,0.01,10,11120,买盘
2769,09:49:30,11.11,-0.01,5,5555,卖盘
2770,09:49:24,11.12,--,22,24464,卖盘
2771,09:49:21,11.12,--,11,12232,卖盘
2772,09:49:15,11.12,--,85,94520,买盘
2773,09:49:12,11.12,0.01,5,5560,买盘
2774,09:49:09,11.11,--,1,1111,卖盘
2775,09:49:03,11.11,-0.01,15,16665,卖盘
2776,09:49:00,11.12,--,199,221287,买盘
2777,09:48:57,11.12,0.01,5,5560,买盘
2778,09:48:54,11.11,-0.01,29,32219,卖盘
2779,09:48:51,11.12,0.01,6,6671,中性盘
2780,09:48:48,11.11,--,1,1111,卖盘
2781,09:48:45,11.11,-0.01,311,345521,卖盘
2782,09:48:42,11.12,--,10,11120,卖盘
2783,09:48:39,11.12,0.01,165,183480,买盘
2784,09:48:36,11.11,--,5,5555,卖盘
2785,09:48:30,11.11,--,120,133320,卖盘
2786,09:48:27,11.11,--,14,15554,卖盘
2787,09:48:18,11.11,-0.01,300,333300,卖盘
2788,09:48:15,11.12,-0.01,4,4448,买盘
2789,09:48:12,11.13,0.01,20,22260,买盘
2790,09:48:09,11.12,--,337,374744,买盘
2791,09:47:54,11.12,--,38,42256,买盘
2792,09:47:51,11.12,--,45,50040,买盘
2793,09:47:48,11.12,--,57,63383,买盘
2794,09:47:45,11.12,-0.01,30,33360,中性盘
2795,09:47:36,11.13,0.02,55,61215,买盘
2796,09:47:33,11.11,-0.01,319,354409,卖盘
2797,09:47:30,11.12,0.01,491,545992,买盘
2798,09:47:18,11.11,0.01,586,651046,买盘
2799,09:47:15,11.1,0.01,81,89910,买盘
2800,09:47:06,11.09,--,8,8872,卖盘
2801,09:47:03,11.09,-0.01,3,3327,卖盘
2802,09:47:00,11.1,0.01,31,34410,买盘
2803,09:46:54,11.09,-0.01,31,34379,卖盘
2804,09:46:51,11.1,--,10,11100,买盘
2805,09:46:48,11.1,--,7,7770,买盘
2806,09:46:45,11.1,--,65,72150,卖盘
2807,09:46:42,11.1,--,76,84360,卖盘
2808,09:46:39,11.1,--,430,477300,买盘
2809,09:46:30,11.1,--,4,4440,买盘
2810,09:46:21,11.1,--,9,9990,买盘
2811,09:46:15,11.1,-0.01,1,1110,卖盘
2812,09:46:12,11.11,0.01,153,169983,买盘
2813,09:46:09,11.1,--,71,78810,卖盘
2814,09:46:06,11.1,--,31,34410,卖盘
2815,09:46:03,11.1,--,95,105450,卖盘
