,time,price,change,volume,amount,type
0,15:00:03,11.79,--,3556,4193526,卖盘
1,14:57:00,11.79,-0.01,447,527013,卖盘
2,14:56:57,11.8,--,152,179360,买盘
3,14:56:54,11.8,0.01,5,5900,买盘
4,14:56:51,11.79,--,73,86243,卖盘
5,14:56:48,11.79,--,243,286497,卖盘
6,14:56:45,11.79,-0.01,14,16506,卖盘
7,14:56:42,11.8,0.01,14,16520,买盘
8,14:56:39,11.79,--,65,76635,卖盘
9,14:56:36,11.79,--,20,23580,卖盘
10,14:56:33,11.79,--,74,87246,卖盘
11,14:56:27,11.79,0.01,40,47160,卖盘
12,14:56:24,11.78,-0.01,536,631408,卖盘
13,14:56:21,11.79,0.01,64,75656,买盘
14,14:56:18,11.78,-0.01,90,106997,卖盘
15,14:56:15,11.79,--,75,88425,卖盘
16,14:56:12,11.79,-0.01,67,78993,卖盘
17,14:56:09,11.8,0.01,76,89680,买盘
18,14:56:06,11.79,--,88,103952,买盘
19,14:56:03,11.79,--,169,199251,买盘
20,14:56:00,11.79,--,88,103751,买盘
21,14:55:57,11.79,0.01,68,80172,买盘
22,14:55:54,11.78,-0.01,141,166098,卖盘
23,14:55:51,11.79,--,5,5895,买盘
24,14:55:48,11.79,0.01,1,1179,买盘
25,14:55:45,11.78,--,108,127224,卖盘
26,14:55:42,11.78,--,30,35340,卖盘
27,14:55:39,11.78,--,102,120156,卖盘
28,14:55:36,11.78,--,564,664392,卖盘
29,14:55:33,11.78,--,17,20026,卖盘
30,14:55:30,11.78,-0.01,215,253270,卖盘
31,14:55:27,11.79,0.01,205,241694,买盘
32,14:55:24,11.78,-0.01,6,7068,卖盘
33,14:55:21,11.79,--,626,738054,买盘
34,14:55:18,11.79,--,51,60128,买盘
35,14:55:15,11.79,0.01,461,543519,买盘
36,14:55:12,11.78,--,35,41230,卖盘
37,14:55:06,11.78,-0.01,24,28272,卖盘
38,14:55:03,11.79,0.01,25,29474,买盘
39,14:55:00,11.78,--,70,82460,卖盘
40,14:54:57,11.78,--,33,38874,卖盘
41,14:54:54,11.78,-0.01,13,15314,中性盘
42,14:54:51,11.79,0.01,58,68382,买盘
43,14:54:48,11.78,--,55,64790,买盘
44,14:54:45,11.78,0.01,10,11780,买盘
45,14:54:42,11.77,-0.01,136,161048,卖盘
46,14:54:39,11.78,--,1,1178,卖盘
47,14:54:36,11.78,-0.01,510,600780,卖盘
48,14:54:33,11.79,0.01,6,7073,买盘
49,14:54:30,11.78,-0.01,25,29450,卖盘
50,14:54:27,11.79,0.01,240,282960,买盘
51,14:54:24,11.78,0.01,485,571530,买盘
52,14:54:21,11.77,--,448,527296,卖盘
53,14:54:18,11.77,-0.01,222,261294,卖盘
54,14:54:12,11.78,--,25,29450,买盘
55,14:54:09,11.78,--,85,100130,买盘
56,14:54:06,11.78,0.01,3,3534,买盘
57,14:54:03,11.77,--,33,38841,卖盘
58,14:54:00,11.77,--,27,31779,卖盘
59,14:53:57,11.77,0.01,200,235400,买盘
60,14:53:54,11.76,--,115,135240,卖盘
61,14:53:51,11.76,-0.01,2192,2577792,卖盘
62,14:53:48,11.77,--,12,14124,买盘
63,14:53:45,11.77,--,67,78859,买盘
64,14:53:42,11.77,--,12,14124,买盘
65,14:53:39,11.77,0.01,115,135355,买盘
66,14:53:36,11.76,--,26,30576,卖盘
67,14:53:33,11.76,--,122,143472,卖盘
68,14:53:30,11.76,-0.01,72,84672,卖盘
69,14:53:27,11.77,0.01,456,536959,买盘
70,14:53:24,11.76,--,170,199920,卖盘
71,14:53:21,11.76,-0.01,42,49392,卖盘
72,14:53:18,11.77,0.01,71,83567,买盘
73,14:53:15,11.76,-0.01,85,99960,卖盘
74,14:53:12,11.77,0.01,354,416658,买盘
75,14:53:09,11.76,--,128,150528,卖盘
76,14:53:06,11.76,--,6,7056,卖盘
77,14:53:03,11.76,-0.01,85,99960,卖盘
78,14:53:00,11.77,--,5,5885,买盘
79,14:52:57,11.77,--,249,293073,买盘
80,14:52:54,11.77,0.01,8,9663,买盘
81,14:52:51,11.76,-0.01,33,38808,卖盘
82,14:52:48,11.77,--,32,37664,买盘
83,14:52:45,11.77,0.01,165,194205,买盘
84,14:52:42,11.76,-0.01,85,99960,卖盘
85,14:52:39,11.77,--,37,43549,买盘
86,14:52:36,11.77,0.01,39,45903,买盘
87,14:52:33,11.76,--,269,316344,卖盘
88,14:52:30,11.76,--,13,15288,卖盘
89,14:52:27,11.76,--,87,102312,卖盘
90,14:52:24,11.76,0.01,297,349518,买盘
91,14:52:21,11.75,-0.02,9,10575,卖盘
92,14:52:15,11.77,0.02,225,264825,买盘
93,14:52:12,11.75,-0.02,2,2350,卖盘
94,14:52:09,11.77,0.01,3613,4252501,买盘
95,14:52:06,11.76,--,22,25872,卖盘
96,14:52:00,11.76,--,36,42336,卖盘
97,14:51:57,11.76,--,35,41160,卖盘
98,14:51:54,11.76,--,42,49638,卖盘
99,14:51:51,11.76,-0.01,21,24696,卖盘
100,14:51:45,11.77,--,323,380171,买盘
101,14:51:42,11.77,--,32,37664,买盘
102,14:51:39,11.77,-0.01,452,532980,卖盘
103,14:51:36,11.78,0.01,130,153140,买盘
104,14:51:33,11.77,--,37,43549,卖盘
105,14:51:30,11.77,--,19,23410,卖盘
106,14:51:27,11.77,--,82,96514,卖盘
107,14:51:24,11.77,--,6,7062,卖盘
108,14:51:21,11.77,-0.01,43,50869,卖盘
109,14:51:18,11.78,0.01,1,1178,买盘
110,14:51:15,11.77,--,91,107107,卖盘
111,14:51:12,11.77,-0.01,39,45903,卖盘
112,14:51:09,11.78,0.01,13,15314,买盘
113,14:51:06,11.77,--,166,195382,卖盘
114,14:51:03,11.77,--,81,95337,卖盘
115,14:51:00,11.77,--,6,7062,卖盘
116,14:50:57,11.77,--,108,127116,卖盘
117,14:50:54,11.77,--,7,8239,卖盘
118,14:50:51,11.77,--,461,542702,卖盘
119,14:50:48,11.77,--,525,617925,卖盘
120,14:50:45,11.77,--,56,65912,卖盘
121,14:50:42,11.77,-0.01,12,14124,卖盘
122,14:50:39,11.78,--,61,71858,买盘
123,14:50:36,11.78,--,11,12958,买盘
124,14:50:33,11.78,0.01,48,56544,买盘
125,14:50:30,11.77,--,14,16478,卖盘
126,14:50:27,11.77,-0.01,480,564960,卖盘
127,14:50:24,11.78,--,202,237956,卖盘
128,14:50:21,11.78,--,366,431265,卖盘
129,14:50:18,11.78,--,112,131936,卖盘
130,14:50:15,11.78,--,7,8246,卖盘
131,14:50:12,11.78,--,21,24738,卖盘
132,14:50:09,11.78,--,83,97774,卖盘
133,14:50:06,11.78,--,40,47120,卖盘
134,14:50:03,11.78,-0.01,9,10602,卖盘
135,14:50:00,11.79,--,7,8253,买盘
136,14:49:57,11.79,0.01,61,71919,买盘
137,14:49:54,11.78,--,383,451174,卖盘
138,14:49:51,11.78,--,3,3781,卖盘
139,14:49:48,11.78,-0.01,25,30486,卖盘
140,14:49:42,11.79,0.01,125,147375,买盘
141,14:49:39,11.78,-0.01,35,41230,卖盘
142,14:49:36,11.79,0.01,98,115541,买盘
143,14:49:33,11.78,-0.01,64,75392,卖盘
144,14:49:30,11.79,--,323,380817,买盘
145,14:49:27,11.79,0.01,13,15326,买盘
146,14:49:24,11.78,--,92,109424,卖盘
147,14:49:21,11.78,-0.01,224,264119,卖盘
148,14:49:18,11.79,0.01,31,36549,买盘
149,14:49:15,11.78,--,1,1178,卖盘
150,14:49:12,11.78,--,71,83638,卖盘
151,14:49:09,11.78,--,36,42408,卖盘
152,14:49:06,11.78,--,1,1178,卖盘
153,14:49:03,11.78,-0.01,20,23560,卖盘
154,14:49:00,11.79,0.01,15,17685,买盘
155,14:48:57,11.78,--,3,3534,卖盘
156,14:48:54,11.78,--,48,57592,卖盘
157,14:48:51,11.78,--,59,69749,卖盘
158,14:48:45,11.78,-0.01,40,47120,卖盘
159,14:48:42,11.79,--,15,17685,买盘
160,14:48:39,11.79,--,320,377280,买盘
161,14:48:36,11.79,--,25,29474,买盘
162,14:48:33,11.79,0.01,50,58949,买盘
163,14:48:30,11.78,--,46,54188,卖盘
164,14:48:27,11.78,--,3,3793,卖盘
165,14:48:24,11.78,--,14,16492,卖盘
166,14:48:21,11.78,--,83,98810,卖盘
167,14:48:18,11.78,--,267,314526,卖盘
168,14:48:15,11.78,--,9,10602,卖盘
169,14:48:12,11.78,--,16,18848,卖盘
170,14:48:09,11.78,-0.01,97,114266,卖盘
171,14:48:06,11.79,0.01,24,28295,买盘
172,14:48:03,11.78,--,19,22382,卖盘
173,14:48:00,11.78,-0.01,862,1015436,卖盘
174,14:47:57,11.79,--,332,391428,卖盘
175,14:47:54,11.79,0.01,480,566415,买盘
176,14:47:51,11.78,-0.01,11,12958,卖盘
177,14:47:48,11.79,0.01,7,9302,买盘
178,14:47:45,11.78,-0.01,41,48298,卖盘
179,14:47:42,11.79,0.01,42,49518,买盘
180,14:47:39,11.78,--,29,34162,卖盘
181,14:47:36,11.78,-0.01,19,22382,卖盘
182,14:47:30,11.79,0.01,27,31832,买盘
183,14:47:27,11.78,-0.01,6,7998,卖盘
184,14:47:24,11.79,--,73,86184,买盘
185,14:47:21,11.79,0.01,9,10611,买盘
186,14:47:18,11.78,-0.02,4,4712,卖盘
187,14:47:15,11.8,0.02,300,354000,买盘
188,14:47:12,11.78,--,1,1178,卖盘
189,14:47:09,11.78,--,21,24738,卖盘
190,14:47:06,11.78,--,30,35340,卖盘
191,14:47:03,11.78,--,1,1178,卖盘
192,14:47:00,11.78,-0.01,270,319096,卖盘
193,14:46:57,11.79,--,12,14147,卖盘
194,14:46:54,11.79,--,10,11790,卖盘
195,14:46:51,11.79,--,7,8500,卖盘
196,14:46:48,11.79,--,4,4716,卖盘
197,14:46:45,11.79,--,8,10469,卖盘
198,14:46:42,11.79,-0.01,6,7073,卖盘
199,14:46:39,11.8,0.02,321,379547,买盘
200,14:46:36,11.78,-0.01,183,215574,卖盘
201,14:46:33,11.79,--,437,515222,买盘
202,14:46:30,11.79,0.01,162,190998,买盘
203,14:46:27,11.78,-0.01,341,401698,卖盘
204,14:46:24,11.79,0.01,52,61307,买盘
205,14:46:21,11.78,--,34,40052,卖盘
206,14:46:18,11.78,--,1,2226,卖盘
207,14:46:15,11.78,--,77,90706,卖盘
208,14:46:12,11.78,--,18,21204,卖盘
209,14:46:09,11.78,--,19,22382,卖盘
210,14:46:06,11.78,-0.01,30,35340,卖盘
211,14:46:03,11.79,0.01,20,23580,买盘
212,14:46:00,11.78,--,389,458242,卖盘
213,14:45:57,11.78,--,1,1178,卖盘
214,14:45:54,11.78,--,35,41230,卖盘
215,14:45:51,11.78,--,7,8246,卖盘
216,14:45:48,11.78,-0.01,508,599460,卖盘
217,14:45:45,11.79,0.01,88,103751,买盘
218,14:45:42,11.78,--,1,1178,卖盘
219,14:45:39,11.78,--,31,36518,卖盘
220,14:45:36,11.78,--,136,160208,卖盘
221,14:45:33,11.78,-0.01,447,526566,卖盘
222,14:45:30,11.79,0.01,223,262917,买盘
223,14:45:27,11.78,--,13,15314,卖盘
224,14:45:24,11.78,-0.01,63,74214,卖盘
225,14:45:21,11.79,0.01,21,24759,买盘
226,14:45:18,11.78,--,100,118848,买盘
227,14:45:15,11.78,--,236,278008,卖盘
228,14:45:12,11.78,--,2,2356,卖盘
229,14:45:09,11.78,-0.01,10,11780,卖盘
230,14:45:06,11.79,0.02,13,15326,买盘
231,14:45:00,11.77,-0.01,12,14124,卖盘
232,14:44:57,11.78,-0.01,13,15314,中性盘
233,14:44:54,11.79,0.02,24,28543,买盘
234,14:44:51,11.77,-0.01,246,289542,卖盘
235,14:44:48,11.78,--,45,54058,卖盘
236,14:44:45,11.78,0.01,72,84816,中性盘
237,14:44:42,11.77,-0.02,1,1177,卖盘
238,14:44:39,11.79,0.02,30,35370,买盘
239,14:44:36,11.77,-0.01,65,76505,卖盘
240,14:44:33,11.78,--,71,83638,买盘
241,14:44:30,11.78,0.01,66,77748,买盘
242,14:44:27,11.77,--,40,47080,卖盘
243,14:44:24,11.77,--,1,1177,卖盘
244,14:44:21,11.77,--,54,63558,卖盘
245,14:44:18,11.77,-0.01,1072,1262650,卖盘
246,14:44:15,11.78,0.01,56,65968,买盘
247,14:44:12,11.77,--,26,30602,卖盘
248,14:44:09,11.77,--,60,70620,卖盘
249,14:44:06,11.77,-0.01,25,29425,卖盘
250,14:44:03,11.78,--,320,376960,买盘
251,14:44:00,11.78,0.01,177,208506,买盘
252,14:43:57,11.77,--,109,128293,卖盘
253,14:43:54,11.77,-0.01,2,2354,卖盘
254,14:43:51,11.78,0.01,44,52880,买盘
255,14:43:48,11.77,--,40,47338,卖盘
256,14:43:45,11.77,--,60,70620,卖盘
257,14:43:42,11.77,--,24,28248,卖盘
258,14:43:39,11.77,--,14,16478,卖盘
259,14:43:36,11.77,--,34,40018,卖盘
260,14:43:33,11.77,--,66,77682,卖盘
261,14:43:27,11.77,--,158,185966,卖盘
262,14:43:24,11.77,--,75,88275,卖盘
263,14:43:21,11.77,--,58,69313,卖盘
264,14:43:18,11.77,-0.01,81,95584,卖盘
265,14:43:15,11.78,0.01,73,85994,买盘
266,14:43:12,11.77,--,251,295427,卖盘
267,14:43:09,11.77,--,59,69443,卖盘
268,14:43:06,11.77,--,2,2354,卖盘
269,14:43:03,11.77,--,15,17655,卖盘
270,14:42:57,11.77,--,320,376640,卖盘
271,14:42:54,11.77,--,290,341330,卖盘
272,14:42:51,11.77,--,74,87098,卖盘
273,14:42:48,11.77,--,245,289436,卖盘
274,14:42:45,11.77,--,3,3531,卖盘
275,14:42:42,11.77,--,80,95195,卖盘
276,14:42:39,11.77,-0.01,38,44726,卖盘
277,14:42:36,11.78,0.01,67,78926,买盘
278,14:42:33,11.77,--,32,37664,卖盘
279,14:42:30,11.77,--,3,3531,卖盘
280,14:42:27,11.77,-0.01,189,222453,卖盘
281,14:42:24,11.78,0.01,30,35340,买盘
282,14:42:21,11.77,--,16,18832,卖盘
283,14:42:18,11.77,-0.01,5,6002,卖盘
284,14:42:15,11.78,--,45,53010,买盘
285,14:42:12,11.78,--,38,44764,卖盘
286,14:42:09,11.78,--,1203,1417134,卖盘
287,14:42:06,11.78,--,5,5890,卖盘
288,14:42:03,11.78,--,7,8246,卖盘
289,14:42:00,11.78,--,120,141360,卖盘
290,14:41:57,11.78,--,551,649078,卖盘
291,14:41:54,11.78,-0.01,13,15314,卖盘
292,14:41:51,11.79,0.01,36,42444,买盘
293,14:41:48,11.78,--,122,143716,卖盘
294,14:41:45,11.78,-0.01,44,52868,卖盘
295,14:41:42,11.79,0.01,11,12968,买盘
296,14:41:39,11.78,-0.01,136,160208,卖盘
297,14:41:36,11.79,0.01,19,22401,买盘
298,14:41:33,11.78,--,268,315704,卖盘
299,14:41:30,11.78,-0.01,11,13735,卖盘
300,14:41:27,11.79,0.01,41,48339,买盘
301,14:41:24,11.78,--,9,10602,卖盘
302,14:41:21,11.78,-0.01,3,3534,卖盘
303,14:41:18,11.79,--,101,119491,卖盘
304,14:41:15,11.79,--,62,73098,卖盘
305,14:41:12,11.79,--,2,2358,卖盘
306,14:41:09,11.79,--,10,11790,卖盘
307,14:41:06,11.79,--,575,677925,卖盘
308,14:41:03,11.79,--,45,54104,卖盘
309,14:41:00,11.79,--,7,8253,卖盘
310,14:40:57,11.79,--,47,55412,卖盘
311,14:40:54,11.79,--,50,58949,卖盘
312,14:40:51,11.79,--,10,11790,卖盘
313,14:40:48,11.79,--,116,136764,卖盘
314,14:40:42,11.79,--,22,25937,卖盘
315,14:40:36,11.79,--,32,38624,买盘
316,14:40:33,11.79,0.01,15,17685,中性盘
317,14:40:27,11.78,-0.01,714,841092,卖盘
318,14:40:24,11.79,--,17,21080,卖盘
319,14:40:21,11.79,--,63,74277,卖盘
320,14:40:18,11.79,--,106,124973,卖盘
321,14:40:15,11.79,--,189,222830,卖盘
322,14:40:12,11.79,-0.01,2,2358,卖盘
323,14:40:09,11.8,0.01,17,20060,买盘
324,14:40:06,11.79,-0.01,117,137943,卖盘
325,14:40:03,11.8,--,6,7080,买盘
326,14:40:00,11.8,0.01,59,69620,买盘
327,14:39:57,11.79,--,141,166239,卖盘
328,14:39:54,11.79,--,357,421952,卖盘
329,14:39:51,11.79,--,15,17685,卖盘
330,14:39:48,11.79,--,36,42444,卖盘
331,14:39:42,11.79,--,59,69561,卖盘
332,14:39:39,11.79,-0.01,821,969031,卖盘
333,14:39:36,11.8,--,89,105020,卖盘
334,14:39:33,11.8,-0.02,64,75520,卖盘
335,14:39:30,11.82,0.01,32,38722,买盘
336,14:39:27,11.81,-0.01,18,21258,卖盘
337,14:39:24,11.82,0.01,4,5779,买盘
338,14:39:21,11.81,0.01,9,10888,买盘
339,14:39:18,11.8,--,98,115640,卖盘
340,14:39:15,11.8,-0.01,21,24780,卖盘
341,14:39:12,11.81,--,90,106290,买盘
342,14:39:09,11.81,0.01,52,61412,买盘
343,14:39:06,11.8,--,187,220660,卖盘
344,14:39:00,11.8,-0.01,101,119180,卖盘
345,14:38:57,11.81,--,22,27021,买盘
346,14:38:54,11.81,0.01,25,29525,买盘
347,14:38:51,11.8,--,38,44840,卖盘
348,14:38:48,11.8,--,106,125080,卖盘
349,14:38:45,11.8,--,23,27140,卖盘
350,14:38:42,11.8,--,8,10242,卖盘
351,14:38:39,11.8,--,16,18880,卖盘
352,14:38:33,11.8,-0.01,11,13888,卖盘
353,14:38:30,11.81,0.01,2,2362,买盘
354,14:38:27,11.8,--,104,122720,卖盘
355,14:38:24,11.8,--,51,61230,买盘
356,14:38:21,11.8,0.01,281,331580,买盘
357,14:38:18,11.79,--,21,24759,卖盘
358,14:38:15,11.79,--,697,821762,卖盘
359,14:38:12,11.79,-0.01,32,37728,卖盘
360,14:38:09,11.8,0.01,89,105020,买盘
361,14:38:06,11.79,--,24,28295,卖盘
362,14:38:00,11.79,--,14,16506,卖盘
363,14:37:57,11.79,--,227,268399,买盘
364,14:37:54,11.79,--,9,10611,买盘
365,14:37:51,11.79,0.01,32,38765,买盘
366,14:37:48,11.78,-0.01,313,368714,卖盘
367,14:37:45,11.79,--,33,38907,买盘
368,14:37:42,11.79,--,11,12968,买盘
369,14:37:39,11.79,--,81,95499,买盘
370,14:37:36,11.79,--,116,136764,买盘
371,14:37:33,11.79,--,39,45981,买盘
372,14:37:30,11.79,--,413,487056,卖盘
373,14:37:27,11.79,--,103,121436,卖盘
374,14:37:24,11.79,0.01,116,137813,买盘
375,14:37:21,11.78,-0.02,23,27094,卖盘
376,14:37:18,11.8,0.01,16,18880,买盘
377,14:37:12,11.79,--,74,87328,买盘
378,14:37:09,11.79,--,683,805516,卖盘
379,14:37:06,11.79,-0.01,26,30653,卖盘
380,14:37:03,11.8,--,28,33040,买盘
381,14:37:00,11.8,--,13,15340,买盘
382,14:36:57,11.8,0.01,10,11800,买盘
383,14:36:54,11.79,--,23,28166,卖盘
384,14:36:51,11.79,-0.01,28,33012,卖盘
385,14:36:48,11.8,--,522,616160,卖盘
386,14:36:45,11.8,--,15,17700,卖盘
387,14:36:42,11.8,--,82,96760,卖盘
388,14:36:36,11.8,--,38,45748,卖盘
389,14:36:33,11.8,--,3,3540,卖盘
390,14:36:30,11.8,-0.01,93,109740,卖盘
391,14:36:27,11.81,--,23,27163,买盘
392,14:36:24,11.81,0.01,80,94480,买盘
393,14:36:21,11.8,--,1,2218,卖盘
394,14:36:15,11.8,--,540,637200,卖盘
395,14:36:09,11.8,--,589,695020,卖盘
396,14:36:06,11.8,--,30,35400,卖盘
397,14:36:03,11.8,--,67,79060,卖盘
398,14:36:00,11.8,--,28,33040,卖盘
399,14:35:57,11.8,--,312,368160,卖盘
400,14:35:54,11.8,-0.01,1,1180,卖盘
401,14:35:51,11.81,0.01,652,770012,买盘
402,14:35:48,11.8,--,2,3410,卖盘
403,14:35:45,11.8,--,254,299720,卖盘
404,14:35:42,11.8,--,40,47200,卖盘
405,14:35:39,11.8,--,571,673780,卖盘
406,14:35:36,11.8,--,3,3540,卖盘
407,14:35:33,11.8,0.01,188,222182,买盘
408,14:35:30,11.79,-0.01,1,1179,卖盘
409,14:35:27,11.8,--,36,42480,买盘
410,14:35:24,11.8,0.01,14,16520,买盘
411,14:35:21,11.79,-0.01,268,315972,卖盘
412,14:35:18,11.8,0.01,64,76570,买盘
413,14:35:15,11.79,-0.01,6,7073,卖盘
414,14:35:12,11.8,0.01,114,134520,买盘
415,14:35:09,11.79,--,12,14147,卖盘
416,14:35:06,11.79,-0.01,23,27116,卖盘
417,14:35:03,11.8,0.01,20,23600,买盘
418,14:35:00,11.79,-0.01,1,1179,卖盘
419,14:34:54,11.8,--,24,28874,卖盘
420,14:34:51,11.8,--,66,78918,卖盘
421,14:34:48,11.8,--,85,100300,卖盘
422,14:34:45,11.8,--,89,105020,卖盘
423,14:34:42,11.8,--,343,404740,卖盘
424,14:34:39,11.8,--,8,9440,卖盘
425,14:34:36,11.8,--,515,607700,卖盘
426,14:34:30,11.8,-0.01,51,61076,卖盘
427,14:34:27,11.81,0.01,26,30706,买盘
428,14:34:24,11.8,-0.01,1,2230,卖盘
429,14:34:21,11.81,0.01,35,41335,买盘
430,14:34:18,11.8,-0.01,19,22420,卖盘
431,14:34:15,11.81,-0.01,541,639842,卖盘
432,14:34:12,11.82,0.01,17,20094,买盘
433,14:34:09,11.81,--,132,155892,卖盘
434,14:34:06,11.81,--,32,37792,卖盘
435,14:34:03,11.81,--,60,70860,卖盘
436,14:34:00,11.81,--,163,192503,卖盘
437,14:33:57,11.81,--,20,23620,卖盘
438,14:33:54,11.81,--,12,14172,卖盘
439,14:33:51,11.81,--,21,24801,卖盘
440,14:33:48,11.81,--,1,2220,卖盘
441,14:33:45,11.81,--,25,29525,卖盘
442,14:33:42,11.81,-0.01,47,55507,卖盘
443,14:33:39,11.82,0.01,70,82740,买盘
444,14:33:36,11.81,--,1,1181,卖盘
445,14:33:33,11.81,--,1,1181,卖盘
446,14:33:30,11.81,--,400,473309,卖盘
447,14:33:27,11.81,--,58,68498,卖盘
448,14:33:24,11.81,--,342,403902,卖盘
449,14:33:21,11.81,--,27,32938,卖盘
450,14:33:18,11.81,-0.01,105,124005,卖盘
451,14:33:15,11.82,--,23,27186,买盘
452,14:33:12,11.82,--,6,7092,卖盘
453,14:33:09,11.82,--,1041,1230462,卖盘
454,14:33:06,11.82,-0.01,26,30732,卖盘
455,14:33:03,11.83,0.01,169,200979,买盘
456,14:33:00,11.82,--,242,286174,卖盘
457,14:32:57,11.82,-0.01,587,693834,卖盘
458,14:32:54,11.83,0.01,4,4732,买盘
459,14:32:51,11.82,0.01,182,216175,买盘
460,14:32:48,11.81,-0.01,10,11810,卖盘
461,14:32:45,11.82,0.01,20,23640,买盘
462,14:32:42,11.81,-0.01,76,89756,卖盘
463,14:32:39,11.82,0.01,13,15366,买盘
464,14:32:36,11.81,-0.01,10,11810,卖盘
465,14:32:33,11.82,0.01,9,10638,买盘
466,14:32:30,11.81,--,16,19793,卖盘
467,14:32:27,11.81,-0.01,110,129910,卖盘
468,14:32:24,11.82,0.01,18,21276,买盘
469,14:32:21,11.81,-0.01,12,14172,卖盘
470,14:32:18,11.82,0.01,23,28226,买盘
471,14:32:15,11.81,-0.01,3,3543,卖盘
472,14:32:12,11.82,--,5,5910,卖盘
473,14:32:09,11.82,--,8,9456,卖盘
474,14:32:06,11.82,0.01,56,67326,买盘
475,14:32:03,11.81,-0.01,1,1181,卖盘
476,14:31:51,11.82,--,35,42469,卖盘
477,14:31:48,11.82,--,47,55554,卖盘
478,14:31:45,11.82,--,1,1182,卖盘
479,14:31:42,11.82,0.01,186,219934,买盘
480,14:31:39,11.81,--,40,47240,卖盘
481,14:31:36,11.81,--,9,10629,卖盘
482,14:31:33,11.81,--,1,1181,卖盘
483,14:31:30,11.81,--,0,897,卖盘
484,14:31:27,11.81,--,1,1181,卖盘
485,14:31:24,11.81,-0.01,42,49602,卖盘
486,14:31:21,11.82,--,46,54372,买盘
487,14:31:18,11.82,0.01,28,34147,买盘
488,14:31:15,11.81,--,62,73222,卖盘
489,14:31:12,11.81,-0.01,7,8267,卖盘
490,14:31:09,11.82,0.01,12,14184,买盘
491,14:31:06,11.81,-0.01,20,23620,卖盘
492,14:31:03,11.82,--,1075,1271749,卖盘
493,14:30:57,11.82,-0.01,22,26004,卖盘
494,14:30:54,11.83,0.01,13,15379,买盘
495,14:30:51,11.82,-0.01,56,66192,卖盘
496,14:30:48,11.83,0.01,11,13013,中性盘
497,14:30:42,11.82,--,49,57918,卖盘
498,14:30:39,11.82,--,901,1064982,卖盘
499,14:30:36,11.82,-0.01,27,31914,卖盘
500,14:30:33,11.83,--,22,26026,买盘
501,14:30:30,11.83,--,398,470964,卖盘
502,14:30:27,11.83,--,11,13013,卖盘
503,14:30:24,11.83,--,109,128947,卖盘
504,14:30:21,11.83,--,42,49686,卖盘
505,14:30:18,11.83,-0.01,42,50738,卖盘
506,14:30:15,11.84,0.01,52,61568,买盘
507,14:30:12,11.83,--,43,50869,卖盘
508,14:30:09,11.83,--,128,151424,卖盘
509,14:30:06,11.83,--,85,100555,卖盘
510,14:30:03,11.83,-0.01,57,67431,卖盘
511,14:30:00,11.84,0.01,35,41440,买盘
512,14:29:57,11.83,--,31,36673,卖盘
513,14:29:54,11.83,--,15,17745,卖盘
514,14:29:51,11.83,0.01,290,343070,买盘
515,14:29:48,11.82,-0.01,4,4728,卖盘
516,14:29:45,11.83,0.01,44,52052,中性盘
517,14:29:42,11.82,-0.01,25,30590,卖盘
518,14:29:36,11.83,--,1077,1274990,卖盘
519,14:29:33,11.83,--,26,30758,卖盘
520,14:29:30,11.83,--,9,10647,卖盘
521,14:29:27,11.83,-0.01,10,11830,卖盘
522,14:29:21,11.84,--,109,129056,买盘
523,14:29:18,11.84,0.01,15,17760,买盘
524,14:29:15,11.83,--,54,64934,卖盘
525,14:29:12,11.83,--,75,88725,卖盘
526,14:29:09,11.83,--,42,49686,卖盘
527,14:29:06,11.83,--,17,20111,卖盘
528,14:29:03,11.83,--,5,5915,卖盘
529,14:29:00,11.83,-0.01,8,9464,卖盘
530,14:28:57,11.84,0.01,48,56832,买盘
531,14:28:51,11.83,--,23,27209,卖盘
532,14:28:48,11.83,--,10,11830,卖盘
533,14:28:45,11.83,-0.01,36,43640,卖盘
534,14:28:42,11.84,0.01,57,67488,买盘
535,14:28:39,11.83,-0.01,20,24570,卖盘
536,14:28:36,11.84,0.01,70,82880,买盘
537,14:28:33,11.83,--,487,576121,卖盘
538,14:28:27,11.83,--,3,3549,卖盘
539,14:28:24,11.83,-0.01,10,11830,卖盘
540,14:28:21,11.84,0.01,75,88800,买盘
541,14:28:18,11.83,--,29,34307,卖盘
542,14:28:15,11.83,--,71,83993,卖盘
543,14:28:12,11.83,-0.01,33,40080,卖盘
544,14:28:09,11.84,0.02,23,27232,买盘
545,14:28:06,11.82,--,41,48462,卖盘
546,14:28:03,11.82,-0.01,10,11820,卖盘
547,14:28:00,11.83,0.01,25,29575,买盘
548,14:27:54,11.82,--,133,157206,卖盘
549,14:27:51,11.82,-0.01,20,23640,卖盘
550,14:27:48,11.83,--,764,903871,卖盘
551,14:27:45,11.83,--,2,3418,卖盘
552,14:27:42,11.83,-0.01,46,54418,卖盘
553,14:27:39,11.84,--,6,7104,买盘
554,14:27:36,11.84,--,2,2368,卖盘
555,14:27:33,11.84,0.01,30,35520,中性盘
556,14:27:30,11.83,-0.01,400,474099,卖盘
557,14:27:27,11.84,--,24,28416,卖盘
558,14:27:24,11.84,--,7,8288,卖盘
559,14:27:21,11.84,--,132,156288,卖盘
560,14:27:18,11.84,--,224,265216,卖盘
561,14:27:15,11.84,-0.01,170,201280,卖盘
562,14:27:12,11.85,0.01,154,183544,买盘
563,14:27:09,11.84,--,59,70625,买盘
564,14:27:06,11.84,0.01,44,52096,买盘
565,14:27:03,11.83,-0.01,29,34307,卖盘
566,14:27:00,11.84,--,1045,1237280,买盘
567,14:26:57,11.84,--,21,24864,买盘
568,14:26:54,11.84,0.01,5,5920,买盘
569,14:26:51,11.83,--,21,24843,卖盘
570,14:26:48,11.83,--,1,1183,卖盘
571,14:26:45,11.83,--,476,564149,卖盘
572,14:26:42,11.83,--,25,29575,卖盘
573,14:26:39,11.83,--,48,56784,卖盘
574,14:26:36,11.83,--,46,55317,卖盘
575,14:26:33,11.83,--,1,1183,卖盘
576,14:26:30,11.83,--,215,254345,卖盘
577,14:26:27,11.83,-0.01,59,69797,卖盘
578,14:26:24,11.84,0.01,11,13024,买盘
579,14:26:21,11.83,--,2,2366,卖盘
580,14:26:18,11.83,--,57,67431,卖盘
581,14:26:15,11.83,--,14,17614,卖盘
582,14:26:12,11.83,--,33,39039,卖盘
583,14:26:09,11.83,--,231,273273,卖盘
584,14:26:06,11.83,--,42,49686,卖盘
585,14:26:03,11.83,-0.01,35,41405,卖盘
586,14:26:00,11.84,0.01,6,7104,买盘
587,14:25:57,11.83,--,102,120666,卖盘
588,14:25:54,11.83,--,11,13013,卖盘
589,14:25:51,11.83,--,17,20111,卖盘
590,14:25:48,11.83,-0.01,11,13013,卖盘
591,14:25:45,11.84,0.01,14,16576,买盘
592,14:25:42,11.83,--,40,48361,卖盘
593,14:25:39,11.83,--,39,47047,卖盘
594,14:25:36,11.83,--,2,2366,卖盘
595,14:25:33,11.83,--,5,5915,卖盘
596,14:25:27,11.83,-0.01,2,2366,卖盘
597,14:25:24,11.84,0.01,173,204832,买盘
598,14:25:21,11.83,-0.01,188,222404,卖盘
599,14:25:18,11.84,--,9,10656,买盘
600,14:25:15,11.84,0.01,1,1184,买盘
601,14:25:12,11.83,--,68,81496,卖盘
602,14:25:09,11.83,-0.01,17,20111,卖盘
603,14:25:06,11.84,0.01,217,256928,买盘
604,14:25:00,11.83,-0.01,2,2366,卖盘
605,14:24:57,11.84,0.01,6,7104,买盘
606,14:24:54,11.83,--,36,42588,卖盘
607,14:24:51,11.83,--,334,395122,卖盘
608,14:24:48,11.83,--,42,49686,卖盘
609,14:24:45,11.83,0.01,60,71796,买盘
610,14:24:42,11.82,-0.01,35,41370,卖盘
611,14:24:39,11.83,0.01,20,23660,买盘
612,14:24:36,11.82,-0.01,166,196212,卖盘
613,14:24:33,11.83,--,45,53235,卖盘
614,14:24:30,11.83,0.01,21,25742,买盘
615,14:24:27,11.82,-0.02,4,4728,卖盘
616,14:24:24,11.84,0.02,2,2368,买盘
617,14:24:21,11.82,-0.01,153,180846,卖盘
618,14:24:15,11.83,--,22,26026,卖盘
619,14:24:12,11.83,--,43,51910,卖盘
620,14:24:09,11.83,--,91,107653,卖盘
621,14:24:06,11.83,--,61,72163,卖盘
622,14:24:03,11.83,0.01,31,36673,买盘
623,14:23:57,11.82,-0.01,50,59100,卖盘
624,14:23:54,11.83,0.01,6,7098,中性盘
625,14:23:51,11.82,-0.01,58,68556,卖盘
626,14:23:48,11.83,0.01,8,9464,买盘
627,14:23:45,11.82,--,2,2364,卖盘
628,14:23:42,11.82,-0.01,233,275406,卖盘
629,14:23:39,11.83,0.01,10,12882,中性盘
630,14:23:36,11.82,-0.02,5,5910,卖盘
631,14:23:33,11.84,0.02,50,59200,买盘
632,14:23:30,11.82,--,34,41086,卖盘
633,14:23:27,11.82,--,5,5910,卖盘
634,14:23:24,11.82,-0.01,29,34408,卖盘
635,14:23:21,11.83,--,37,43771,卖盘
636,14:23:18,11.83,--,259,306397,卖盘
637,14:23:15,11.83,--,17,20111,卖盘
638,14:23:12,11.83,--,5,6967,卖盘
639,14:23:09,11.83,0.01,23,27209,中性盘
640,14:23:06,11.82,-0.01,29,34278,卖盘
641,14:23:03,11.83,-0.01,3,3549,卖盘
642,14:23:00,11.84,--,28,33152,买盘
643,14:22:57,11.84,0.01,5,5920,买盘
644,14:22:54,11.83,-0.01,17,20111,卖盘
645,14:22:51,11.84,--,20,23680,买盘
646,14:22:48,11.84,0.01,16,18944,买盘
647,14:22:45,11.83,0.01,4,4732,中性盘
648,14:22:42,11.82,-0.01,373,440886,卖盘
649,14:22:39,11.83,-0.01,12,15237,卖盘
650,14:22:36,11.84,--,36,42624,买盘
651,14:22:33,11.84,0.01,211,249824,买盘
652,14:22:30,11.83,--,0,910,卖盘
653,14:22:27,11.83,-0.01,176,208208,卖盘
654,14:22:24,11.84,--,159,188256,买盘
655,14:22:21,11.84,0.01,62,73408,买盘
656,14:22:18,11.83,--,67,79261,卖盘
657,14:22:15,11.83,--,81,95823,卖盘
658,14:22:12,11.83,-0.01,2,2366,卖盘
659,14:22:09,11.84,--,75,88800,买盘
660,14:22:06,11.84,0.01,30,36573,买盘
661,14:22:03,11.83,-0.01,40,47320,中性盘
662,14:22:00,11.84,0.02,1639,1940576,买盘
663,14:21:57,11.82,-0.01,9,10638,卖盘
664,14:21:54,11.83,0.01,149,176267,买盘
665,14:21:51,11.82,-0.01,6,7092,卖盘
666,14:21:48,11.83,0.01,8,9464,买盘
667,14:21:45,11.82,0.01,33,39006,买盘
668,14:21:42,11.81,--,27,32926,卖盘
669,14:21:39,11.81,-0.01,203,239743,卖盘
670,14:21:36,11.82,--,47,55837,卖盘
671,14:21:33,11.82,--,87,103732,卖盘
672,14:21:30,11.82,-0.01,150,177300,卖盘
673,14:21:27,11.83,0.01,69,81627,买盘
674,14:21:24,11.82,--,34,40188,卖盘
675,14:21:21,11.82,-0.01,102,120564,卖盘
676,14:21:18,11.83,0.01,4,4732,买盘
677,14:21:15,11.82,--,4,4728,卖盘
678,14:21:12,11.82,--,19,22458,卖盘
679,14:21:09,11.82,--,7,9325,卖盘
680,14:21:06,11.82,0.01,350,414751,买盘
681,14:21:03,11.81,-0.01,57,67317,卖盘
682,14:21:00,11.82,--,325,384150,买盘
683,14:20:57,11.82,0.01,97,114654,买盘
684,14:20:54,11.81,-0.01,2,2362,卖盘
685,14:20:51,11.82,0.01,20,23640,买盘
686,14:20:48,11.81,--,20,23620,卖盘
687,14:20:45,11.81,-0.01,37,43697,卖盘
688,14:20:42,11.82,0.01,441,521262,买盘
689,14:20:39,11.81,-0.01,6,8137,卖盘
690,14:20:36,11.82,--,45,53190,买盘
691,14:20:33,11.82,0.02,666,788122,买盘
692,14:20:30,11.8,-0.01,9,10620,卖盘
693,14:20:27,11.81,0.01,20,23620,卖盘
694,14:20:24,11.8,--,132,155760,卖盘
695,14:20:21,11.8,-0.01,1,1180,卖盘
696,14:20:18,11.81,--,21,24801,买盘
697,14:20:15,11.81,0.01,8,9448,买盘
698,14:20:12,11.8,-0.01,5,5900,卖盘
699,14:20:09,11.81,0.01,7,8267,中性盘
700,14:20:06,11.8,-0.01,417,493098,卖盘
701,14:20:03,11.81,-0.01,135,159435,卖盘
702,14:20:00,11.82,0.01,76,89832,买盘
703,14:19:57,11.81,--,2,2362,卖盘
704,14:19:51,11.81,-0.01,68,80308,卖盘
705,14:19:48,11.82,--,54,63828,买盘
706,14:19:45,11.82,--,63,74466,买盘
707,14:19:42,11.82,0.01,113,133566,买盘
708,14:19:39,11.81,--,1,1181,卖盘
709,14:19:36,11.81,--,100,118100,卖盘
710,14:19:33,11.81,-0.01,17,21128,卖盘
711,14:19:30,11.82,0.01,64,76546,买盘
712,14:19:27,11.81,--,10,11810,卖盘
713,14:19:24,11.81,-0.01,19,22439,卖盘
714,14:19:18,11.82,0.01,22,26004,买盘
715,14:19:15,11.81,--,3,3543,卖盘
716,14:19:12,11.81,--,31,36611,卖盘
717,14:19:09,11.81,--,3,3543,卖盘
718,14:19:06,11.81,--,57,67317,卖盘
719,14:19:03,11.81,-0.01,65,77816,卖盘
720,14:19:00,11.82,0.01,42,49644,买盘
721,14:18:57,11.81,--,29,34249,卖盘
722,14:18:54,11.81,--,2,2362,卖盘
723,14:18:51,11.81,--,67,79127,卖盘
724,14:18:48,11.81,--,200,236200,卖盘
725,14:18:45,11.81,--,2,2362,卖盘
726,14:18:42,11.81,-0.01,80,94480,卖盘
727,14:18:39,11.82,0.01,10,11820,买盘
728,14:18:36,11.81,-0.01,8,10345,卖盘
729,14:18:33,11.82,--,7,8274,买盘
730,14:18:30,11.82,0.01,14,17588,买盘
731,14:18:24,11.81,-0.01,15,17715,卖盘
732,14:18:21,11.82,0.01,145,171390,买盘
733,14:18:18,11.81,--,63,74403,卖盘
734,14:18:12,11.81,-0.01,12,14172,卖盘
735,14:18:09,11.82,--,168,198576,买盘
736,14:18:06,11.82,0.01,29,34278,买盘
737,14:18:03,11.81,-0.01,5,6956,卖盘
738,14:18:00,11.82,--,25,29550,买盘
739,14:17:57,11.82,--,31,36642,买盘
740,14:17:54,11.82,0.01,88,104016,买盘
741,14:17:51,11.81,-0.01,2,2362,卖盘
742,14:17:48,11.82,0.01,81,95742,买盘
743,14:17:45,11.81,--,90,106290,卖盘
744,14:17:42,11.81,-0.01,90,106290,卖盘
745,14:17:39,11.82,0.01,35,41370,买盘
746,14:17:36,11.81,-0.01,17,20077,卖盘
747,14:17:33,11.82,--,44,52008,买盘
748,14:17:30,11.82,--,62,74052,买盘
749,14:17:27,11.82,--,1,1182,买盘
750,14:17:24,11.82,--,184,217488,买盘
751,14:17:18,11.82,--,9,10638,买盘
752,14:17:15,11.82,--,369,436288,卖盘
753,14:17:12,11.82,--,17,20094,卖盘
754,14:17:09,11.82,--,37,43734,卖盘
755,14:17:06,11.82,-0.01,124,147619,卖盘
756,14:17:00,11.83,0.02,260,307580,买盘
757,14:16:57,11.81,-0.01,47,55507,卖盘
758,14:16:54,11.82,0.01,37,43734,买盘
759,14:16:51,11.81,-0.01,92,108652,卖盘
760,14:16:48,11.82,--,12,14184,卖盘
761,14:16:45,11.82,--,10,11820,买盘
762,14:16:42,11.82,--,33,39006,买盘
763,14:16:39,11.82,--,40,47280,买盘
764,14:16:36,11.82,0.01,10,11820,买盘
765,14:16:33,11.81,--,55,64955,卖盘
766,14:16:30,11.81,-0.01,9,11396,卖盘
767,14:16:27,11.82,0.01,13,15366,买盘
768,14:16:21,11.81,--,1,1181,卖盘
769,14:16:18,11.81,-0.01,10,11810,卖盘
770,14:16:15,11.82,0.01,36,42552,买盘
771,14:16:09,11.81,-0.01,23,27163,卖盘
772,14:16:06,11.82,0.01,35,41370,买盘
773,14:16:03,11.81,0.01,278,328695,买盘
774,14:16:00,11.8,--,63,75378,卖盘
775,14:15:57,11.8,--,30,35400,卖盘
776,14:15:51,11.8,--,119,140420,卖盘
777,14:15:48,11.8,--,1,1180,卖盘
778,14:15:45,11.8,0.01,126,149152,买盘
779,14:15:42,11.79,--,580,683820,卖盘
780,14:15:39,11.79,-0.01,71,83709,卖盘
781,14:15:36,11.8,0.01,127,150756,买盘
782,14:15:33,11.79,-0.01,24,28295,卖盘
783,14:15:30,11.8,0.01,4,4720,买盘
784,14:15:27,11.79,--,11,14018,卖盘
785,14:15:24,11.79,--,19,22401,卖盘
786,14:15:21,11.79,--,46,54233,卖盘
787,14:15:18,11.79,--,1,1179,卖盘
788,14:15:15,11.79,--,35,41265,卖盘
789,14:15:12,11.79,-0.01,29,34191,卖盘
790,14:15:09,11.8,0.02,24,28320,买盘
791,14:15:06,11.78,-0.01,28,33796,卖盘
792,14:15:00,11.79,--,10,11790,买盘
793,14:14:57,11.79,--,489,576766,卖盘
794,14:14:54,11.79,--,4,4716,卖盘
795,14:14:51,11.79,--,28,33012,卖盘
796,14:14:48,11.79,--,35,41265,卖盘
797,14:14:45,11.79,--,10,11790,卖盘
798,14:14:42,11.79,--,40,47160,卖盘
799,14:14:39,11.79,--,10,11790,卖盘
800,14:14:36,11.79,--,2,2935,卖盘
801,14:14:33,11.79,--,0,907,卖盘
802,14:14:30,11.79,-0.01,7,9290,卖盘
803,14:14:27,11.8,0.01,22,25960,买盘
804,14:14:24,11.79,--,11,12968,卖盘
805,14:14:21,11.79,--,12,14147,卖盘
806,14:14:18,11.79,-0.01,112,132048,卖盘
807,14:14:15,11.8,0.01,54,63720,买盘
808,14:14:12,11.79,-0.01,18,21222,卖盘
809,14:14:09,11.8,0.01,2,2360,买盘
810,14:14:06,11.79,--,58,68382,卖盘
811,14:14:03,11.79,--,1,1179,卖盘
812,14:14:00,11.79,-0.01,12,15197,卖盘
813,14:13:57,11.8,0.01,25,29500,买盘
814,14:13:51,11.79,--,31,36549,卖盘
815,14:13:48,11.79,-0.01,422,498245,卖盘
816,14:13:45,11.8,--,75,88500,卖盘
817,14:13:42,11.8,--,127,149860,卖盘
818,14:13:39,11.8,--,41,48380,卖盘
819,14:13:36,11.8,-0.01,113,133340,卖盘
820,14:13:33,11.81,0.01,45,53145,买盘
821,14:13:30,11.8,--,3,4578,卖盘
822,14:13:27,11.8,-0.01,157,186156,卖盘
823,14:13:24,11.81,0.01,40,47240,买盘
824,14:13:18,11.8,-0.01,57,67260,卖盘
825,14:13:15,11.81,-0.01,728,860571,卖盘
826,14:13:12,11.82,--,7,8274,买盘
827,14:13:09,11.82,0.01,5,5910,买盘
828,14:13:06,11.81,--,19,22439,卖盘
829,14:13:03,11.81,-0.01,41,48421,卖盘
830,14:13:00,11.82,--,17,21145,买盘
831,14:12:57,11.82,0.01,146,172572,买盘
832,14:12:54,11.81,--,34,40154,卖盘
833,14:12:51,11.81,--,70,82670,卖盘
834,14:12:48,11.81,--,56,66136,卖盘
835,14:12:45,11.81,--,11,12991,卖盘
836,14:12:42,11.81,-0.01,78,92118,卖盘
837,14:12:39,11.82,0.01,2,2364,买盘
838,14:12:36,11.81,--,32,38701,卖盘
839,14:12:33,11.81,--,12,14172,卖盘
840,14:12:30,11.81,--,53,62593,卖盘
841,14:12:27,11.81,--,152,180563,卖盘
842,14:12:24,11.81,--,64,75584,卖盘
843,14:12:21,11.81,--,15,17715,卖盘
844,14:12:18,11.81,--,2,2362,卖盘
845,14:12:15,11.81,-0.01,200,236577,卖盘
846,14:12:12,11.82,--,51,60282,卖盘
847,14:12:09,11.82,-0.01,5,5910,卖盘
848,14:12:06,11.83,0.01,59,69797,买盘
849,14:12:03,11.82,--,4,4728,卖盘
850,14:12:00,11.82,-0.01,1,2222,卖盘
851,14:11:57,11.83,--,18,21294,买盘
852,14:11:54,11.83,--,39,46137,卖盘
853,14:11:51,11.83,--,19,22477,卖盘
854,14:11:48,11.83,0.01,30,35490,买盘
855,14:11:45,11.82,--,253,299046,卖盘
856,14:11:42,11.82,--,43,51771,卖盘
857,14:11:39,11.82,--,1,1182,卖盘
858,14:11:33,11.82,-0.01,54,64513,卖盘
859,14:11:30,11.83,-0.01,192,228035,卖盘
860,14:11:27,11.84,0.01,201,239037,买盘
861,14:11:24,11.83,--,44,52052,卖盘
862,14:11:21,11.83,--,6,7098,卖盘
863,14:11:18,11.83,--,96,113568,卖盘
864,14:11:12,11.83,--,40,47320,卖盘
865,14:11:09,11.83,--,62,73346,卖盘
866,14:11:06,11.83,-0.01,374,442442,卖盘
867,14:11:03,11.84,0.01,58,68672,买盘
868,14:11:00,11.83,-0.01,47,55601,卖盘
869,14:10:57,11.84,0.01,21,24864,买盘
870,14:10:54,11.83,--,4,4732,卖盘
871,14:10:51,11.83,-0.01,37,43771,卖盘
872,14:10:48,11.84,0.01,81,95904,买盘
873,14:10:45,11.83,-0.01,107,126581,卖盘
874,14:10:42,11.84,0.01,39,46176,买盘
875,14:10:39,11.83,-0.01,13,15379,卖盘
876,14:10:36,11.84,--,497,588448,买盘
877,14:10:33,11.84,--,248,293916,卖盘
878,14:10:30,11.84,-0.01,82,97088,卖盘
879,14:10:27,11.85,0.01,146,173010,买盘
880,14:10:24,11.84,--,68,80512,卖盘
881,14:10:21,11.84,--,51,60384,卖盘
882,14:10:18,11.84,--,29,34336,卖盘
883,14:10:15,11.84,--,294,348096,卖盘
884,14:10:12,11.84,--,705,834720,卖盘
885,14:10:09,11.84,--,172,203648,卖盘
886,14:10:06,11.84,--,164,194176,卖盘
887,14:10:03,11.84,--,16,18944,卖盘
888,14:10:00,11.84,--,8,9472,卖盘
889,14:09:57,11.84,-0.01,10,11840,卖盘
890,14:09:54,11.85,0.01,87,103095,买盘
891,14:09:51,11.84,--,63,74592,卖盘
892,14:09:48,11.84,--,116,137344,卖盘
893,14:09:45,11.84,--,12,14208,卖盘
894,14:09:42,11.84,--,581,688803,买盘
895,14:09:39,11.84,0.01,7,8288,买盘
896,14:09:30,11.83,-0.01,12,15106,卖盘
897,14:09:27,11.84,--,607,718972,卖盘
898,14:09:24,11.84,--,41,48544,卖盘
899,14:09:21,11.84,--,338,400192,卖盘
900,14:09:18,11.84,--,97,114848,卖盘
901,14:09:15,11.84,-0.01,112,132608,卖盘
902,14:09:12,11.85,0.01,139,164715,买盘
903,14:09:09,11.84,--,187,221408,卖盘
904,14:09:06,11.84,--,23,27232,卖盘
905,14:09:03,11.84,--,46,54464,卖盘
906,14:09:00,11.84,-0.01,16,18944,卖盘
907,14:08:57,11.85,0.01,19,22515,买盘
908,14:08:54,11.84,0.01,244,289795,买盘
909,14:08:51,11.83,-0.01,18,21294,卖盘
910,14:08:48,11.84,--,533,631356,卖盘
911,14:08:45,11.84,-0.01,18,21312,卖盘
912,14:08:42,11.85,--,63,74655,买盘
913,14:08:39,11.85,--,96,113760,买盘
914,14:08:36,11.85,0.01,16,19860,买盘
915,14:08:33,11.84,--,32,37888,卖盘
916,14:08:30,11.84,--,29,34336,卖盘
917,14:08:27,11.84,0.01,308,364672,买盘
918,14:08:24,11.83,-0.01,4,4732,卖盘
919,14:08:18,11.84,--,127,150368,买盘
920,14:08:15,11.84,--,147,174048,买盘
921,14:08:12,11.84,0.01,47,55648,买盘
922,14:08:09,11.83,--,109,129905,买盘
923,14:08:06,11.83,-0.01,427,505365,卖盘
924,14:08:03,11.84,--,50,59555,买盘
925,14:08:00,11.84,--,48,56832,买盘
926,14:07:57,11.84,0.01,12,14208,买盘
927,14:07:54,11.83,-0.01,9,10647,卖盘
928,14:07:51,11.84,--,45,54108,卖盘
929,14:07:48,11.84,-0.01,112,132608,卖盘
930,14:07:45,11.85,0.01,140,165900,买盘
931,14:07:42,11.84,0.01,379,448795,买盘
932,14:07:39,11.83,--,212,250796,卖盘
933,14:07:36,11.83,--,103,121849,卖盘
934,14:07:33,11.83,--,128,152323,买盘
935,14:07:30,11.83,--,87,102921,卖盘
936,14:07:27,11.83,-0.01,104,123032,卖盘
937,14:07:24,11.84,0.01,37,43808,买盘
938,14:07:21,11.83,--,149,176267,卖盘
939,14:07:18,11.83,--,42,49686,卖盘
940,14:07:15,11.83,--,5,5915,卖盘
941,14:07:12,11.83,--,4,4732,卖盘
942,14:07:09,11.83,-0.01,49,57967,卖盘
943,14:07:06,11.84,0.01,21,24864,买盘
944,14:07:03,11.83,--,56,66248,卖盘
945,14:07:00,11.83,--,2,2366,卖盘
946,14:06:57,11.83,-0.01,503,595049,卖盘
947,14:06:54,11.84,--,201,238812,卖盘
948,14:06:51,11.84,--,32,37888,卖盘
949,14:06:48,11.84,--,21,24864,卖盘
950,14:06:45,11.84,-0.01,110,130240,卖盘
951,14:06:42,11.85,0.01,94,111390,买盘
952,14:06:39,11.84,--,492,582528,卖盘
953,14:06:36,11.84,--,5,5920,卖盘
954,14:06:33,11.84,--,36,42624,卖盘
955,14:06:30,11.84,--,15,18671,卖盘
956,14:06:27,11.84,-0.01,7,8288,卖盘
957,14:06:24,11.85,0.01,285,338353,买盘
958,14:06:21,11.84,--,16,18944,买盘
959,14:06:18,11.84,--,49,58016,买盘
960,14:06:15,11.84,--,31,36704,买盘
961,14:06:09,11.84,-0.01,227,269324,卖盘
962,14:06:06,11.85,0.01,27,31995,买盘
963,14:06:03,11.84,--,29,34336,卖盘
964,14:06:00,11.84,--,697,825248,卖盘
965,14:05:57,11.84,-0.01,306,362304,卖盘
966,14:05:54,11.85,0.01,176,208560,买盘
967,14:05:51,11.84,-0.01,52,61568,卖盘
968,14:05:48,11.85,0.01,45,53325,买盘
969,14:05:45,11.84,-0.01,43,50912,卖盘
970,14:05:42,11.85,--,85,100725,买盘
971,14:05:39,11.85,--,33,39105,买盘
972,14:05:36,11.85,--,25,29625,买盘
973,14:05:33,11.85,0.01,267,316395,买盘
974,14:05:30,11.84,--,27,32867,卖盘
975,14:05:27,11.84,-0.02,37,43808,卖盘
976,14:05:24,11.86,0.01,891,1056726,买盘
977,14:05:21,11.85,0.01,282,334170,买盘
978,14:05:18,11.84,-0.01,3,3552,卖盘
979,14:05:15,11.85,--,731,866235,卖盘
980,14:05:12,11.85,--,41,48585,卖盘
981,14:05:09,11.85,0.01,463,548655,买盘
982,14:05:06,11.84,-0.01,25,29600,卖盘
983,14:05:03,11.85,0.01,422,500070,买盘
984,14:05:00,11.84,-0.01,12,14208,卖盘
985,14:04:57,11.85,0.01,27,31995,买盘
986,14:04:54,11.84,-0.01,64,75776,卖盘
987,14:04:51,11.85,--,41,48585,买盘
988,14:04:48,11.85,--,107,126795,买盘
989,14:04:45,11.85,--,72,85320,买盘
990,14:04:42,11.85,--,36,42660,买盘
991,14:04:39,11.85,0.01,61,72285,买盘
992,14:04:36,11.84,--,168,198912,卖盘
993,14:04:33,11.84,--,354,419136,卖盘
994,14:04:30,11.84,--,379,449647,卖盘
995,14:04:24,11.84,--,2,2368,卖盘
996,14:04:21,11.84,-0.01,58,68672,卖盘
997,14:04:18,11.85,--,139,164715,买盘
998,14:04:15,11.85,0.01,68,80580,买盘
999,14:04:12,11.84,-0.01,74,87616,卖盘
1000,14:04:09,11.85,--,30,35550,买盘
1001,14:04:06,11.85,--,47,55695,买盘
1002,14:04:03,11.85,--,162,191970,卖盘
1003,14:04:00,11.85,-0.01,23,27255,卖盘
1004,14:03:57,11.86,0.01,30,35580,买盘
1005,14:03:54,11.85,--,150,177750,买盘
1006,14:03:51,11.85,--,66,78210,买盘
1007,14:03:48,11.85,0.01,82,97170,买盘
1008,14:03:45,11.84,-0.01,143,169312,卖盘
1009,14:03:42,11.85,0.01,527,624495,买盘
1010,14:03:39,11.84,-0.01,43,50912,卖盘
1011,14:03:36,11.85,-0.02,21,24885,中性盘
1012,14:03:33,11.87,0.01,993,1178691,买盘
1013,14:03:30,11.86,0.01,97,115042,买盘
1014,14:03:27,11.85,-0.01,13,15405,卖盘
1015,14:03:24,11.86,0.01,127,150622,买盘
1016,14:03:21,11.85,-0.01,133,157605,卖盘
1017,14:03:18,11.86,--,26,30836,买盘
1018,14:03:15,11.86,--,217,257362,卖盘
1019,14:03:12,11.86,-0.01,288,341568,卖盘
1020,14:03:09,11.87,--,122,144814,买盘
1021,14:03:06,11.87,--,679,805973,买盘
1022,14:03:03,11.87,0.01,127,150749,买盘
1023,14:03:00,11.86,--,21,24906,卖盘
1024,14:02:57,11.86,-0.01,6,7116,卖盘
1025,14:02:54,11.87,0.01,542,643354,买盘
1026,14:02:51,11.86,--,394,467284,买盘
1027,14:02:48,11.86,0.01,689,817154,买盘
1028,14:02:45,11.85,--,13,15405,卖盘
1029,14:02:42,11.85,--,806,955110,买盘
1030,14:02:39,11.85,--,2240,2654400,买盘
1031,14:02:36,11.85,0.01,707,837795,买盘
1032,14:02:33,11.84,--,1256,1488003,买盘
1033,14:02:30,11.84,--,1093,1294112,买盘
1034,14:02:27,11.84,0.01,669,792096,买盘
1035,14:02:24,11.83,--,13,15379,卖盘
1036,14:02:21,11.83,-0.01,180,212940,卖盘
1037,14:02:18,11.84,0.01,237,280608,买盘
1038,14:02:15,11.83,--,3,3549,卖盘
1039,14:02:12,11.83,--,313,370752,买盘
1040,14:02:09,11.83,0.01,346,409318,买盘
1041,14:02:06,11.82,-0.01,199,235749,卖盘
1042,14:02:03,11.83,--,24,28392,买盘
1043,14:02:00,11.83,0.01,490,579670,买盘
1044,14:01:57,11.82,--,83,98106,卖盘
1045,14:01:54,11.82,--,95,112290,卖盘
1046,14:01:51,11.82,-0.01,8,9456,卖盘
1047,14:01:48,11.83,0.01,301,356083,买盘
1048,14:01:45,11.82,-0.01,49,57918,卖盘
1049,14:01:42,11.83,--,94,111202,买盘
1050,14:01:39,11.83,--,18,21294,买盘
1051,14:01:36,11.83,0.01,201,237783,买盘
1052,14:01:33,11.82,--,62,73284,买盘
1053,14:01:30,11.82,0.01,11,13002,买盘
1054,14:01:27,11.81,--,0,909,卖盘
1055,14:01:24,11.81,-0.01,28,33068,卖盘
1056,14:01:21,11.82,-0.01,25,29550,买盘
1057,14:01:18,11.83,0.01,675,798525,买盘
1058,14:01:15,11.82,0.01,57,67374,买盘
1059,14:01:12,11.81,-0.01,53,62593,卖盘
1060,14:01:09,11.82,--,62,73284,买盘
1061,14:01:06,11.82,--,71,83922,买盘
1062,14:01:03,11.82,--,24,28368,买盘
1063,14:01:00,11.82,--,289,341598,买盘
1064,14:00:57,11.82,--,255,301410,买盘
1065,14:00:54,11.82,--,8,9456,买盘
1066,14:00:51,11.82,-0.01,749,885601,卖盘
1067,14:00:48,11.83,0.01,21,24843,买盘
1068,14:00:45,11.82,-0.01,20,23640,卖盘
1069,14:00:42,11.83,--,368,435344,买盘
1070,14:00:39,11.83,0.01,64,75712,买盘
1071,14:00:36,11.82,--,8,9456,卖盘
1072,14:00:33,11.82,--,0,898,卖盘
1073,14:00:30,11.82,--,345,407790,买盘
1074,14:00:27,11.82,--,267,315594,买盘
1075,14:00:24,11.82,0.01,103,121746,买盘
1076,14:00:21,11.81,--,55,64955,卖盘
1077,14:00:18,11.81,-0.01,33,38973,卖盘
1078,14:00:15,11.82,0.01,12,14184,买盘
1079,14:00:12,11.81,--,573,677586,买盘
1080,14:00:09,11.81,--,10,11810,买盘
1081,14:00:06,11.81,0.01,529,624749,买盘
1082,14:00:03,11.8,-0.01,19,22420,卖盘
1083,14:00:00,11.81,0.01,192,226752,买盘
1084,13:59:57,11.8,-0.01,10,11800,卖盘
1085,13:59:54,11.81,0.01,6,7086,买盘
1086,13:59:51,11.8,--,24,28320,卖盘
1087,13:59:48,11.8,-0.01,40,47200,卖盘
1088,13:59:45,11.81,0.01,83,98023,买盘
1089,13:59:42,11.8,-0.01,61,71980,卖盘
1090,13:59:39,11.81,0.01,45,53145,买盘
1091,13:59:36,11.8,-0.01,23,27140,卖盘
1092,13:59:33,11.81,0.01,2,2362,买盘
1093,13:59:27,11.8,--,28,33936,卖盘
1094,13:59:18,11.8,--,39,46020,卖盘
1095,13:59:15,11.8,0.01,177,208860,买盘
1096,13:59:12,11.79,-0.01,80,94320,卖盘
1097,13:59:09,11.8,0.01,1,1180,买盘
1098,13:59:06,11.79,--,83,97857,卖盘
1099,13:59:03,11.79,-0.01,110,129689,卖盘
1100,13:59:00,11.8,0.01,35,41300,买盘
1101,13:58:57,11.79,--,271,319509,卖盘
1102,13:58:54,11.79,--,23,27116,卖盘
1103,13:58:51,11.79,--,1,1179,卖盘
1104,13:58:48,11.79,-0.01,108,127331,卖盘
1105,13:58:45,11.8,0.01,526,620680,买盘
1106,13:58:42,11.79,-0.01,28,33012,卖盘
1107,13:58:39,11.8,0.01,301,355180,买盘
1108,13:58:36,11.79,-0.01,57,67203,卖盘
1109,13:58:33,11.8,0.01,12,14160,买盘
1110,13:58:30,11.79,--,2,3265,卖盘
1111,13:58:27,11.79,-0.01,410,483389,卖盘
1112,13:58:24,11.8,0.01,49,57820,买盘
1113,13:58:21,11.79,-0.02,23,27116,卖盘
1114,13:58:18,11.81,0.01,300,354300,买盘
1115,13:58:15,11.8,--,181,213580,卖盘
1116,13:58:12,11.8,-0.01,35,41300,卖盘
1117,13:58:09,11.81,--,18,21258,买盘
1118,13:58:06,11.81,0.01,245,289345,买盘
1119,13:58:03,11.8,--,89,105020,卖盘
1120,13:58:00,11.8,-0.01,4,4720,卖盘
1121,13:57:57,11.81,--,31,36611,买盘
1122,13:57:54,11.81,--,22,25982,卖盘
1123,13:57:51,11.81,--,199,235019,卖盘
1124,13:57:48,11.81,--,23,27163,卖盘
1125,13:57:45,11.81,--,75,88575,卖盘
1126,13:57:42,11.81,--,157,185417,卖盘
1127,13:57:39,11.81,--,55,64955,卖盘
1128,13:57:36,11.81,--,164,193684,卖盘
1129,13:57:33,11.81,--,16,18896,卖盘
1130,13:57:30,11.81,--,30,35430,卖盘
1131,13:57:27,11.81,--,46,55223,买盘
1132,13:57:24,11.81,--,342,403902,买盘
1133,13:57:21,11.81,--,23,27163,买盘
1134,13:57:18,11.81,--,73,86213,卖盘
1135,13:57:15,11.81,--,62,73222,卖盘
1136,13:57:12,11.81,--,34,40154,卖盘
1137,13:57:09,11.81,0.01,423,499563,买盘
1138,13:57:06,11.8,--,52,61360,卖盘
1139,13:57:03,11.8,-0.01,96,113280,卖盘
1140,13:57:00,11.81,0.01,8,9448,买盘
1141,13:56:57,11.8,--,2,2360,卖盘
1142,13:56:54,11.8,-0.01,505,595900,卖盘
1143,13:56:51,11.81,--,149,175969,卖盘
1144,13:56:48,11.81,--,38,44878,卖盘
1145,13:56:45,11.81,0.01,408,481848,买盘
1146,13:56:42,11.8,-0.01,46,54280,卖盘
1147,13:56:39,11.81,--,111,131091,卖盘
1148,13:56:36,11.81,0.01,53,63502,买盘
1149,13:56:33,11.8,-0.01,123,145140,卖盘
1150,13:56:30,11.81,--,167,197227,卖盘
1151,13:56:27,11.81,--,78,92118,卖盘
1152,13:56:24,11.81,0.01,114,134634,买盘
1153,13:56:21,11.8,-0.01,106,125080,卖盘
1154,13:56:18,11.81,--,14,16534,卖盘
1155,13:56:15,11.81,--,37,43697,卖盘
1156,13:56:12,11.81,--,30,35430,买盘
1157,13:56:09,11.81,--,32,37792,买盘
1158,13:56:06,11.81,0.01,25,29525,买盘
1159,13:56:03,11.8,-0.02,272,320960,卖盘
1160,13:56:00,11.82,--,46,54372,买盘
1161,13:55:57,11.82,0.02,6,7092,买盘
1162,13:55:54,11.8,-0.03,30,35400,卖盘
1163,13:55:51,11.83,0.01,444,525252,买盘
1164,13:55:48,11.82,--,83,98106,卖盘
1165,13:55:45,11.82,--,311,367602,卖盘
1166,13:55:42,11.82,-0.01,268,316776,卖盘
1167,13:55:39,11.83,--,32,37856,买盘
1168,13:55:36,11.83,0.02,170,201725,买盘
1169,13:55:33,11.81,-0.01,123,145546,卖盘
1170,13:55:30,11.82,-0.01,384,454124,卖盘
1171,13:55:27,11.83,0.01,670,793556,买盘
1172,13:55:24,11.82,0.01,56,66192,中性盘
1173,13:55:21,11.81,-0.01,809,955429,卖盘
1174,13:55:18,11.82,-0.01,150,177300,卖盘
1175,13:55:15,11.83,0.01,42,49686,买盘
1176,13:55:12,11.82,--,53,62646,买盘
1177,13:55:09,11.82,--,652,770664,卖盘
1178,13:55:06,11.82,-0.01,458,541356,卖盘
1179,13:55:03,11.83,--,147,173901,买盘
1180,13:55:00,11.83,0.01,42,49686,买盘
1181,13:54:57,11.82,--,284,335688,买盘
1182,13:54:54,11.82,0.01,112,132384,买盘
1183,13:54:51,11.81,-0.02,43,50783,卖盘
1184,13:54:48,11.83,0.02,555,656565,买盘
1185,13:54:45,11.81,-0.01,297,350757,卖盘
1186,13:54:42,11.82,-0.01,415,490530,中性盘
1187,13:54:39,11.83,0.01,3012,3563196,买盘
1188,13:54:36,11.82,0.01,219,258858,买盘
1189,13:54:33,11.81,-0.01,27,31887,卖盘
1190,13:54:30,11.82,--,6,7092,买盘
1191,13:54:27,11.82,0.02,1044,1234906,买盘
1192,13:54:24,11.8,--,605,713900,卖盘
1193,13:54:21,11.8,--,335,395300,卖盘
1194,13:54:18,11.8,--,371,437780,卖盘
1195,13:54:15,11.8,--,63,74340,卖盘
1196,13:54:12,11.8,--,464,547520,买盘
1197,13:54:09,11.8,--,394,464920,买盘
1198,13:54:06,11.8,0.01,46,54280,买盘
1199,13:54:03,11.79,-0.01,75,88425,卖盘
1200,13:54:00,11.8,--,37,43660,买盘
1201,13:53:57,11.8,--,10,11800,买盘
1202,13:53:54,11.8,--,200,236000,买盘
1203,13:53:51,11.8,0.01,740,873200,买盘
1204,13:53:48,11.79,--,2,2358,卖盘
1205,13:53:45,11.79,0.01,219,258200,买盘
1206,13:53:42,11.78,--,70,82460,卖盘
1207,13:53:39,11.78,--,255,300390,卖盘
1208,13:53:36,11.78,-0.01,13,15314,卖盘
1209,13:53:33,11.79,0.01,1001,1180179,买盘
1210,13:53:30,11.78,--,89,104842,卖盘
1211,13:53:27,11.78,--,71,83638,卖盘
1212,13:53:24,11.78,--,64,75392,卖盘
1213,13:53:21,11.78,--,17,20921,卖盘
1214,13:53:18,11.78,0.01,239,282507,买盘
1215,13:53:15,11.77,--,2,2354,卖盘
1216,13:53:12,11.77,-0.01,10,11770,卖盘
1217,13:53:09,11.78,0.01,36,42408,买盘
1218,13:53:06,11.77,--,16,18832,卖盘
1219,13:53:03,11.77,-0.01,6,7062,卖盘
1220,13:53:00,11.78,0.01,30,35340,买盘
1221,13:52:57,11.77,-0.01,1,1177,卖盘
1222,13:52:54,11.78,0.01,6,7068,买盘
1223,13:52:51,11.77,--,1,1177,卖盘
1224,13:52:48,11.77,-0.01,19,22363,卖盘
1225,13:52:42,11.78,--,51,60078,买盘
1226,13:52:36,11.78,--,496,584500,卖盘
1227,13:52:33,11.78,-0.01,101,118978,卖盘
1228,13:52:30,11.79,--,68,80172,买盘
1229,13:52:27,11.79,0.01,24,28295,买盘
1230,13:52:24,11.78,--,32,37696,卖盘
1231,13:52:21,11.78,-0.01,25,30357,卖盘
1232,13:52:15,11.79,0.01,1,1179,买盘
1233,13:52:12,11.78,-0.01,140,164920,卖盘
1234,13:52:09,11.79,--,56,66024,买盘
1235,13:52:06,11.79,0.01,178,209861,买盘
1236,13:52:03,11.78,-0.01,60,70680,卖盘
1237,13:52:00,11.79,--,61,71919,买盘
1238,13:51:57,11.79,--,10,11790,买盘
1239,13:51:54,11.79,0.01,4,4716,买盘
1240,13:51:51,11.78,--,16,18848,卖盘
1241,13:51:45,11.78,--,47,55366,卖盘
1242,13:51:42,11.78,-0.01,128,150784,卖盘
1243,13:51:39,11.79,0.01,5,5895,买盘
1244,13:51:36,11.78,-0.01,63,74214,卖盘
1245,13:51:33,11.79,0.01,361,425618,买盘
1246,13:51:30,11.78,-0.01,7,9141,卖盘
1247,13:51:27,11.79,--,18,21222,买盘
1248,13:51:24,11.79,0.01,18,21222,买盘
1249,13:51:21,11.78,-0.01,130,153140,卖盘
1250,13:51:18,11.79,0.01,71,83709,买盘
1251,13:51:12,11.78,-0.01,45,53010,卖盘
1252,13:51:09,11.79,--,50,58949,买盘
1253,13:51:06,11.79,0.01,25,29474,买盘
1254,13:51:03,11.78,--,45,53010,卖盘
1255,13:51:00,11.78,-0.01,2,2356,卖盘
1256,13:50:57,11.79,--,2,2358,买盘
1257,13:50:54,11.79,0.01,265,312435,买盘
1258,13:50:51,11.78,--,135,159030,卖盘
1259,13:50:48,11.78,-0.01,38,44764,卖盘
1260,13:50:45,11.79,0.01,20,23580,买盘
1261,13:50:42,11.78,-0.01,77,90706,卖盘
1262,13:50:39,11.79,--,4,4716,买盘
1263,13:50:36,11.79,0.01,99,116720,买盘
1264,13:50:33,11.78,-0.01,211,248558,卖盘
1265,13:50:30,11.79,0.01,2,2358,买盘
1266,13:50:27,11.78,--,53,62434,卖盘
1267,13:50:24,11.78,--,51,60078,卖盘
1268,13:50:21,11.78,-0.01,65,77465,卖盘
1269,13:50:18,11.79,--,23,27116,买盘
1270,13:50:15,11.79,0.01,2,2358,买盘
1271,13:50:12,11.78,--,8,9424,卖盘
1272,13:50:09,11.78,-0.01,15,17670,卖盘
1273,13:50:06,11.79,0.01,39,45981,买盘
1274,13:50:03,11.78,-0.01,114,134292,卖盘
1275,13:50:00,11.79,--,36,42444,买盘
1276,13:49:57,11.79,--,14,16506,买盘
1277,13:49:54,11.79,0.01,138,162702,买盘
1278,13:49:51,11.78,-0.01,51,60078,卖盘
1279,13:49:48,11.79,--,54,63665,买盘
1280,13:49:45,11.79,--,12,14147,买盘
1281,13:49:42,11.79,--,46,54233,买盘
1282,13:49:39,11.79,--,16,18864,买盘
1283,13:49:36,11.79,0.01,37,43623,买盘
1284,13:49:33,11.78,-0.01,69,81282,卖盘
1285,13:49:30,11.79,0.01,63,74277,买盘
1286,13:49:27,11.78,-0.01,158,186124,卖盘
1287,13:49:24,11.79,0.01,17,20950,买盘
1288,13:49:21,11.78,-0.01,115,135470,卖盘
1289,13:49:18,11.79,--,12,14147,买盘
1290,13:49:15,11.79,0.01,123,145017,买盘
1291,13:49:12,11.78,-0.01,29,34162,卖盘
1292,13:49:09,11.79,0.01,12,14147,买盘
1293,13:49:06,11.78,--,23,27094,卖盘
1294,13:49:03,11.78,0.01,174,205867,买盘
1295,13:49:00,11.77,--,77,90629,卖盘
1296,13:48:57,11.77,--,9,10593,卖盘
1297,13:48:54,11.77,-0.01,81,95337,卖盘
1298,13:48:51,11.78,0.01,19,22382,买盘
1299,13:48:45,11.77,--,110,129470,卖盘
1300,13:48:42,11.77,--,30,35310,卖盘
1301,13:48:39,11.77,--,72,84744,卖盘
1302,13:48:36,11.77,-0.01,11,12947,卖盘
1303,13:48:33,11.78,--,102,120438,卖盘
1304,13:48:30,11.78,--,94,110732,卖盘
1305,13:48:27,11.78,--,22,26811,卖盘
1306,13:48:24,11.78,-0.01,25,29450,卖盘
1307,13:48:21,11.79,0.01,19,22401,买盘
1308,13:48:18,11.78,-0.01,9,10602,卖盘
1309,13:48:15,11.79,0.01,23,27116,买盘
1310,13:48:12,11.78,-0.01,30,35340,卖盘
1311,13:48:09,11.79,--,57,67203,买盘
1312,13:48:06,11.79,--,37,43623,买盘
1313,13:48:03,11.79,0.01,46,54233,买盘
1314,13:48:00,11.78,--,1,1178,中性盘
1315,13:47:57,11.78,--,43,50654,买盘
1316,13:47:54,11.78,0.01,12,14136,买盘
1317,13:47:51,11.77,-0.02,20,23540,卖盘
1318,13:47:48,11.79,0.01,245,288855,买盘
1319,13:47:45,11.78,--,27,31806,卖盘
1320,13:47:42,11.78,--,30,35340,卖盘
1321,13:47:39,11.78,--,105,123690,卖盘
1322,13:47:33,11.78,-0.02,36,42678,卖盘
1323,13:47:30,11.8,--,678,800040,买盘
1324,13:47:27,11.8,0.01,75,89408,买盘
1325,13:47:24,11.79,-0.01,16,18864,卖盘
1326,13:47:21,11.8,0.01,116,136880,买盘
1327,13:47:18,11.79,--,16,18864,卖盘
1328,13:47:15,11.79,-0.01,38,44802,卖盘
1329,13:47:12,11.8,0.01,52,61360,买盘
1330,13:47:09,11.79,--,87,102572,卖盘
1331,13:47:06,11.79,--,120,141480,卖盘
1332,13:47:03,11.79,--,67,79700,卖盘
1333,13:47:00,11.79,-0.01,79,93141,卖盘
1334,13:46:57,11.8,0.01,115,135700,买盘
1335,13:46:51,11.79,-0.01,36,42444,卖盘
1336,13:46:48,11.8,0.01,33,38940,买盘
1337,13:46:45,11.79,--,5,5895,卖盘
1338,13:46:42,11.79,--,63,74277,卖盘
1339,13:46:39,11.79,--,20,23580,卖盘
1340,13:46:36,11.79,0.01,180,212219,买盘
1341,13:46:33,11.78,--,3,3534,卖盘
1342,13:46:30,11.78,--,16,18848,卖盘
1343,13:46:27,11.78,--,535,631125,买盘
1344,13:46:24,11.78,-0.01,4,4712,买盘
1345,13:46:21,11.79,--,491,578889,买盘
1346,13:46:18,11.79,0.01,195,229904,买盘
1347,13:46:15,11.78,--,74,87172,卖盘
1348,13:46:12,11.78,--,116,136648,卖盘
1349,13:46:09,11.78,-0.01,41,48298,卖盘
1350,13:46:06,11.79,0.01,44,51875,买盘
1351,13:46:03,11.78,-0.01,133,156674,卖盘
1352,13:46:00,11.79,0.01,31,36549,买盘
1353,13:45:57,11.78,--,32,37696,卖盘
1354,13:45:54,11.78,-0.01,3,3534,卖盘
1355,13:45:51,11.79,0.01,11,12968,买盘
1356,13:45:48,11.78,0.01,74,87172,买盘
1357,13:45:45,11.77,-0.01,40,47080,卖盘
1358,13:45:42,11.78,--,47,55366,买盘
1359,13:45:39,11.78,0.01,13,15314,买盘
1360,13:45:36,11.77,-0.01,201,236577,卖盘
1361,13:45:33,11.78,--,41,48298,买盘
1362,13:45:30,11.78,--,31,36518,买盘
1363,13:45:27,11.78,--,32,37696,买盘
1364,13:45:24,11.78,--,9,10602,买盘
1365,13:45:21,11.78,--,32,37696,买盘
1366,13:45:18,11.78,0.01,45,53010,买盘
1367,13:45:15,11.77,-0.01,50,58850,卖盘
1368,13:45:12,11.78,0.01,75,88350,买盘
1369,13:45:09,11.77,-0.01,36,42372,卖盘
1370,13:45:06,11.78,-0.01,659,776302,卖盘
1371,13:45:03,11.79,0.01,1,1179,买盘
1372,13:44:57,11.78,0.01,12,14136,卖盘
1373,13:44:54,11.77,--,373,439021,卖盘
1374,13:44:51,11.77,--,52,61204,卖盘
1375,13:44:48,11.77,-0.01,158,185966,卖盘
1376,13:44:45,11.78,0.01,18,21204,买盘
1377,13:44:42,11.77,-0.01,28,32956,卖盘
1378,13:44:39,11.78,--,45,53010,买盘
1379,13:44:36,11.78,0.01,57,67146,买盘
1380,13:44:33,11.77,--,9,10593,卖盘
1381,13:44:30,11.77,--,3,3531,卖盘
1382,13:44:27,11.77,-0.02,81,95337,卖盘
1383,13:44:24,11.79,--,12,14147,买盘
1384,13:44:21,11.79,-0.01,24,28295,卖盘
1385,13:44:18,11.8,--,440,519200,买盘
1386,13:44:15,11.8,0.01,19,22420,买盘
1387,13:44:12,11.79,--,30,35370,卖盘
1388,13:44:09,11.79,-0.01,14,16506,卖盘
1389,13:44:06,11.8,0.01,78,92040,买盘
1390,13:44:03,11.79,-0.01,30,35676,卖盘
1391,13:44:00,11.8,--,340,401200,卖盘
1392,13:43:57,11.8,--,380,448400,卖盘
1393,13:43:54,11.8,--,511,602980,卖盘
1394,13:43:51,11.8,--,36,42480,卖盘
1395,13:43:48,11.8,--,62,73160,卖盘
1396,13:43:45,11.8,--,59,69620,卖盘
1397,13:43:42,11.8,--,253,298540,卖盘
1398,13:43:39,11.8,--,267,315060,卖盘
1399,13:43:36,11.8,--,5,5900,卖盘
1400,13:43:33,11.8,--,131,154580,卖盘
1401,13:43:30,11.8,--,35,41300,卖盘
1402,13:43:27,11.8,0.02,866,1022753,买盘
1403,13:43:24,11.78,-0.01,7,8246,中性盘
1404,13:43:21,11.79,0.01,225,265275,买盘
1405,13:43:18,11.78,--,25,29450,买盘
1406,13:43:15,11.78,--,73,86300,卖盘
1407,13:43:12,11.78,-0.01,232,274167,卖盘
1408,13:43:09,11.79,0.01,24,28295,买盘
1409,13:43:06,11.78,-0.01,27,31806,卖盘
1410,13:43:03,11.79,--,69,81351,卖盘
1411,13:43:00,11.79,--,11,12968,中性盘
1412,13:42:57,11.79,--,2,2358,买盘
1413,13:42:54,11.79,-0.02,21,24759,卖盘
1414,13:42:51,11.81,0.03,257,303517,买盘
1415,13:42:48,11.78,-0.02,93,109554,卖盘
1416,13:42:45,11.8,--,275,324500,买盘
1417,13:42:42,11.8,-0.02,2883,3402176,卖盘
1418,13:42:39,11.82,--,708,836856,买盘
1419,13:42:36,11.82,0.01,86,101652,买盘
1420,13:42:33,11.81,-0.01,148,174788,卖盘
1421,13:42:30,11.82,--,52,61464,买盘
1422,13:42:27,11.82,--,158,186756,买盘
1423,13:42:24,11.82,--,89,105198,买盘
1424,13:42:21,11.82,--,67,79194,买盘
1425,13:42:18,11.82,--,268,316776,买盘
1426,13:42:15,11.82,--,93,109926,买盘
1427,13:42:12,11.82,--,166,196212,买盘
1428,13:42:09,11.82,0.01,120,141840,买盘
1429,13:42:06,11.81,-0.01,234,276354,卖盘
1430,13:42:03,11.82,0.01,513,606366,买盘
1431,13:42:00,11.81,--,117,138177,卖盘
1432,13:41:57,11.81,0.01,911,1075891,买盘
1433,13:41:54,11.8,--,133,157884,买盘
1434,13:41:51,11.8,--,458,540440,买盘
1435,13:41:48,11.8,0.01,223,263140,买盘
1436,13:41:45,11.79,--,715,842984,卖盘
1437,13:41:42,11.79,-0.01,255,300645,卖盘
1438,13:41:39,11.8,--,728,859040,买盘
1439,13:41:36,11.8,0.01,1280,1510400,买盘
1440,13:41:33,11.79,0.01,6057,7141202,买盘
1441,13:41:30,11.78,--,2121,2498538,卖盘
1442,13:41:27,11.78,--,33,38874,卖盘
1443,13:41:24,11.78,--,77,90706,卖盘
1444,13:41:21,11.78,--,92,108376,买盘
1445,13:41:18,11.78,--,2037,2399586,买盘
1446,13:41:15,11.78,--,33,38874,买盘
1447,13:41:12,11.78,0.01,205,241490,买盘
1448,13:41:09,11.77,--,115,135355,卖盘
1449,13:41:06,11.77,0.02,373,439374,买盘
1450,13:41:00,11.75,-0.01,1021,1199675,卖盘
1451,13:40:57,11.76,--,67,78792,买盘
1452,13:40:54,11.76,--,805,946680,买盘
1453,13:40:51,11.76,--,102,119952,买盘
1454,13:40:48,11.76,--,14,16464,买盘
1455,13:40:45,11.76,--,16,18816,买盘
1456,13:40:42,11.76,0.01,135,158760,买盘
1457,13:40:39,11.75,-0.01,20,23500,卖盘
1458,13:40:36,11.76,0.01,24,28224,买盘
1459,13:40:33,11.75,-0.01,179,210325,卖盘
1460,13:40:30,11.76,--,145,170520,买盘
1461,13:40:27,11.76,--,65,76440,买盘
1462,13:40:24,11.76,--,103,121128,买盘
1463,13:40:21,11.76,--,34,39984,买盘
1464,13:40:18,11.76,0.01,94,110544,买盘
1465,13:40:15,11.75,-0.01,15,17625,卖盘
1466,13:40:12,11.76,--,178,209328,买盘
1467,13:40:09,11.76,0.01,70,82320,买盘
1468,13:40:06,11.75,-0.01,84,98700,卖盘
1469,13:40:03,11.76,--,101,118776,买盘
1470,13:40:00,11.76,--,972,1143072,卖盘
1471,13:39:57,11.76,-0.01,33,38808,卖盘
1472,13:39:54,11.77,--,40,47080,买盘
1473,13:39:51,11.77,--,137,161249,卖盘
1474,13:39:48,11.77,--,1314,1546578,买盘
1475,13:39:45,11.77,0.01,38,44726,买盘
1476,13:39:42,11.76,-0.01,310,364560,卖盘
1477,13:39:39,11.77,-0.01,82,96514,卖盘
1478,13:39:36,11.78,0.01,673,792794,买盘
1479,13:39:33,11.77,--,45,52965,卖盘
1480,13:39:30,11.77,--,71,83567,买盘
1481,13:39:27,11.77,0.01,1212,1426524,买盘
1482,13:39:24,11.76,-0.01,120,141120,卖盘
1483,13:39:21,11.77,0.01,448,527296,买盘
1484,13:39:18,11.76,-0.01,72,84672,卖盘
1485,13:39:15,11.77,0.01,125,147125,买盘
1486,13:39:12,11.76,--,461,542136,买盘
1487,13:39:09,11.76,--,703,826728,买盘
1488,13:39:06,11.76,--,766,900816,买盘
1489,13:39:03,11.76,--,561,659736,买盘
1490,13:39:00,11.76,--,230,270480,买盘
1491,13:38:57,11.76,0.01,208,244608,买盘
1492,13:38:54,11.75,--,236,277300,卖盘
1493,13:38:51,11.75,--,2526,2969095,买盘
1494,13:38:48,11.75,--,518,608650,买盘
1495,13:38:45,11.75,--,1205,1415875,买盘
1496,13:38:42,11.75,0.01,78,91650,买盘
1497,13:38:39,11.74,-0.01,15,17610,卖盘
1498,13:38:36,11.75,0.02,1529,1796575,买盘
1499,13:38:33,11.73,--,249,292077,卖盘
1500,13:38:30,11.73,-0.01,357,418761,卖盘
1501,13:38:27,11.74,0.01,3031,3559180,买盘
1502,13:38:24,11.73,0.01,5,5865,买盘
1503,13:38:21,11.72,--,70,82040,卖盘
1504,13:38:18,11.72,0.01,2929,3432846,买盘
1505,13:38:15,11.71,--,57,66747,卖盘
1506,13:38:12,11.71,-0.01,279,326709,卖盘
1507,13:38:09,11.72,--,12,14064,买盘
1508,13:38:06,11.72,0.02,1239,1452108,买盘
1509,13:38:03,11.7,--,66,77220,卖盘
1510,13:38:00,11.7,--,148,173160,卖盘
1511,13:37:57,11.7,--,77,90090,卖盘
1512,13:37:54,11.7,-0.01,1014,1186380,卖盘
1513,13:37:51,11.71,0.01,1029,1204959,买盘
1514,13:37:48,11.7,--,26,30419,卖盘
1515,13:37:45,11.7,-0.01,2,2340,卖盘
1516,13:37:42,11.71,0.01,268,313828,买盘
1517,13:37:39,11.7,--,342,400140,卖盘
1518,13:37:36,11.7,--,5,5850,卖盘
1519,13:37:33,11.7,-0.01,34,39780,卖盘
1520,13:37:27,11.71,0.01,49,57379,买盘
1521,13:37:24,11.7,-0.01,81,94770,卖盘
1522,13:37:21,11.71,0.01,3,3513,买盘
1523,13:37:18,11.7,-0.01,121,141570,卖盘
1524,13:37:15,11.71,0.01,31,36301,买盘
1525,13:37:12,11.7,--,8,9360,卖盘
1526,13:37:09,11.7,-0.01,16,18720,卖盘
1527,13:37:06,11.71,0.01,15,17565,买盘
1528,13:37:03,11.7,0.01,29,33930,中性盘
1529,13:37:00,11.69,--,10,11690,卖盘
1530,13:36:57,11.69,-0.01,342,399798,卖盘
1531,13:36:54,11.7,--,239,279630,卖盘
1532,13:36:51,11.7,--,8,9360,卖盘
1533,13:36:48,11.7,--,15,17550,卖盘
1534,13:36:45,11.7,0.01,17,19890,中性盘
1535,13:36:42,11.69,-0.01,229,268577,卖盘
1536,13:36:39,11.7,0.01,107,125189,买盘
1537,13:36:36,11.69,--,3,3507,卖盘
1538,13:36:33,11.69,--,102,119238,卖盘
1539,13:36:30,11.69,-0.01,57,66633,卖盘
1540,13:36:27,11.7,0.01,1304,1525680,买盘
1541,13:36:24,11.69,--,46,53774,卖盘
1542,13:36:21,11.69,--,1003,1172507,卖盘
1543,13:36:18,11.69,-0.01,277,323813,卖盘
1544,13:36:15,11.7,--,40,46800,买盘
1545,13:36:12,11.7,--,57,66690,买盘
1546,13:36:09,11.7,0.01,6,7020,买盘
1547,13:36:06,11.69,--,777,908313,卖盘
1548,13:36:03,11.69,--,2,2338,卖盘
1549,13:36:00,11.69,--,40,46760,卖盘
1550,13:35:57,11.69,--,50,58450,卖盘
1551,13:35:54,11.69,--,20,23380,卖盘
1552,13:35:51,11.69,--,3,3507,卖盘
1553,13:35:48,11.69,--,9,10521,卖盘
1554,13:35:42,11.69,--,79,92351,卖盘
1555,13:35:39,11.69,-0.01,2,2338,卖盘
1556,13:35:36,11.7,0.01,21,24570,买盘
1557,13:35:33,11.69,--,6,7014,卖盘
1558,13:35:30,11.69,--,17,19873,卖盘
1559,13:35:24,11.69,--,202,236138,卖盘
1560,13:35:21,11.69,-0.01,14,16366,卖盘
1561,13:35:18,11.7,0.01,20,23400,买盘
1562,13:35:15,11.69,--,2,2338,卖盘
1563,13:35:12,11.69,--,814,952279,买盘
1564,13:35:09,11.69,--,97,113393,买盘
1565,13:35:06,11.69,0.01,140,163660,买盘
1566,13:35:03,11.68,--,45,52560,卖盘
1567,13:35:00,11.68,-0.01,8,9344,卖盘
1568,13:34:57,11.69,0.01,2,2338,买盘
1569,13:34:54,11.68,--,9,10512,卖盘
1570,13:34:51,11.68,--,9,10512,卖盘
1571,13:34:48,11.68,--,18,21024,卖盘
1572,13:34:42,11.68,--,33,38544,卖盘
1573,13:34:39,11.68,-0.01,6,7008,卖盘
1574,13:34:36,11.69,0.01,64,74816,买盘
1575,13:34:30,11.68,-0.01,10,11680,卖盘
1576,13:34:27,11.69,0.01,3,3507,买盘
1577,13:34:24,11.68,--,6,7008,卖盘
1578,13:34:21,11.68,--,86,100448,卖盘
1579,13:34:18,11.68,--,14,16352,卖盘
1580,13:34:15,11.68,-0.01,2,2336,卖盘
1581,13:34:09,11.69,--,20,23380,买盘
1582,13:34:06,11.69,0.01,16,18704,买盘
1583,13:34:03,11.68,--,2,2336,卖盘
1584,13:34:00,11.68,-0.01,1,1168,卖盘
1585,13:33:57,11.69,0.01,11,12859,买盘
1586,13:33:54,11.68,0.01,34,39712,买盘
1587,13:33:51,11.67,--,1,1167,卖盘
1588,13:33:45,11.67,--,9,10503,卖盘
1589,13:33:42,11.67,-0.01,58,67686,卖盘
1590,13:33:39,11.68,0.01,5,5840,买盘
1591,13:33:36,11.67,-0.01,86,100362,卖盘
1592,13:33:33,11.68,0.01,14,16352,买盘
1593,13:33:30,11.67,--,2,2334,卖盘
1594,13:33:27,11.67,-0.01,549,640683,卖盘
1595,13:33:24,11.68,--,73,85264,卖盘
1596,13:33:21,11.68,--,97,113296,买盘
1597,13:33:18,11.68,-0.01,175,204400,卖盘
1598,13:33:15,11.69,0.01,96,112224,买盘
1599,13:33:12,11.68,--,93,108624,买盘
1600,13:33:09,11.68,-0.01,28,32704,中性盘
1601,13:33:03,11.69,0.01,24,28056,买盘
1602,13:33:00,11.68,0.01,10,11680,买盘
1603,13:32:57,11.67,-0.01,31,36177,卖盘
1604,13:32:54,11.68,--,162,189671,卖盘
1605,13:32:51,11.68,-0.01,5,5840,卖盘
1606,13:32:48,11.69,0.01,12,14028,买盘
1607,13:32:45,11.68,--,2,2336,卖盘
1608,13:32:42,11.68,--,30,35040,卖盘
1609,13:32:39,11.68,--,220,256960,卖盘
1610,13:32:36,11.68,--,5,5840,卖盘
1611,13:32:33,11.68,--,222,260008,买盘
1612,13:32:30,11.68,0.01,35,40880,买盘
1613,13:32:27,11.67,-0.01,27,31509,卖盘
1614,13:32:24,11.68,0.01,151,176368,买盘
1615,13:32:21,11.67,-0.01,20,23340,卖盘
1616,13:32:18,11.68,--,51,59568,买盘
1617,13:32:15,11.68,--,9,10512,卖盘
1618,13:32:12,11.68,0.01,10,11680,买盘
1619,13:32:09,11.67,-0.01,29,33843,卖盘
1620,13:32:06,11.68,--,18,21024,买盘
1621,13:32:03,11.68,0.01,57,66576,买盘
1622,13:32:00,11.67,-0.01,3,3501,卖盘
1623,13:31:57,11.68,--,105,123632,卖盘
1624,13:31:51,11.68,--,4,4672,卖盘
1625,13:31:48,11.68,0.01,113,132159,买盘
1626,13:31:45,11.67,-0.01,1,1167,卖盘
1627,13:31:42,11.68,--,29,33872,买盘
1628,13:31:39,11.68,--,147,172688,卖盘
1629,13:31:33,11.68,-0.01,45,52560,卖盘
1630,13:31:30,11.69,0.01,161,188209,买盘
1631,13:31:27,11.68,-0.01,24,28032,卖盘
1632,13:31:24,11.69,0.01,41,47929,买盘
1633,13:31:21,11.68,--,151,176368,卖盘
1634,13:31:18,11.68,--,22,25696,卖盘
1635,13:31:12,11.68,-0.01,2,2336,卖盘
1636,13:31:09,11.69,--,15,17535,买盘
1637,13:31:06,11.69,--,31,36239,买盘
1638,13:31:03,11.69,0.01,70,81830,买盘
1639,13:31:00,11.68,--,24,28032,卖盘
1640,13:30:57,11.68,--,1,1168,卖盘
1641,13:30:54,11.68,-0.01,13,15184,卖盘
1642,13:30:51,11.69,0.01,5,5845,买盘
1643,13:30:48,11.68,--,48,56064,卖盘
1644,13:30:45,11.68,0.01,243,283999,买盘
1645,13:30:42,11.67,-0.01,30,35010,卖盘
1646,13:30:39,11.68,--,38,44384,买盘
1647,13:30:36,11.68,--,21,24528,买盘
1648,13:30:33,11.68,-0.01,242,282656,卖盘
1649,13:30:27,11.69,0.01,120,140280,买盘
1650,13:30:24,11.68,--,3,3504,卖盘
1651,13:30:21,11.68,-0.01,2,2336,卖盘
1652,13:30:18,11.69,0.01,19,22211,买盘
1653,13:30:15,11.68,--,27,31536,卖盘
1654,13:30:12,11.68,-0.01,21,24528,中性盘
1655,13:30:06,11.69,0.02,16,18704,买盘
1656,13:30:03,11.67,-0.02,24,28008,卖盘
1657,13:30:00,11.69,0.02,13,15197,买盘
1658,13:29:57,11.67,-0.02,2,2334,卖盘
1659,13:29:54,11.69,0.01,22,25718,买盘
1660,13:29:48,11.68,0.01,19,22192,买盘
1661,13:29:42,11.67,-0.01,37,43179,卖盘
1662,13:29:39,11.68,--,9,10512,买盘
1663,13:29:36,11.68,--,1,1168,买盘
1664,13:29:33,11.68,--,37,43216,买盘
1665,13:29:30,11.68,--,18,21024,买盘
1666,13:29:27,11.68,--,67,78256,卖盘
1667,13:29:24,11.68,--,4,4672,卖盘
1668,13:29:21,11.68,-0.01,1,1168,卖盘
1669,13:29:18,11.69,--,19,22211,买盘
1670,13:29:06,11.69,--,33,38577,买盘
1671,13:29:03,11.69,0.01,20,23380,买盘
1672,13:29:00,11.68,--,1,1168,卖盘
1673,13:28:54,11.68,--,30,35040,卖盘
1674,13:28:51,11.68,--,3,3504,卖盘
1675,13:28:48,11.68,0.01,6,7008,买盘
1676,13:28:42,11.67,-0.01,29,33843,卖盘
1677,13:28:39,11.68,--,6,7008,买盘
1678,13:28:36,11.68,--,223,260464,买盘
1679,13:28:33,11.68,0.01,24,28032,买盘
1680,13:28:30,11.67,-0.01,103,120201,卖盘
1681,13:28:27,11.68,0.01,302,352736,买盘
1682,13:28:24,11.67,--,6,7002,卖盘
1683,13:28:21,11.67,-0.01,3,3501,卖盘
1684,13:28:18,11.68,--,19,22192,买盘
1685,13:28:15,11.68,--,2,2336,买盘
1686,13:28:12,11.68,--,48,56064,卖盘
1687,13:28:06,11.68,-0.01,54,63072,卖盘
1688,13:28:03,11.69,0.01,19,22211,买盘
1689,13:28:00,11.68,-0.01,310,362080,卖盘
1690,13:27:57,11.69,0.01,11,12859,买盘
1691,13:27:54,11.68,-0.01,5,5840,卖盘
1692,13:27:48,11.69,0.01,42,49098,买盘
1693,13:27:42,11.68,-0.01,30,35040,卖盘
1694,13:27:33,11.69,0.01,31,36239,买盘
1695,13:27:27,11.68,--,50,58400,卖盘
1696,13:27:24,11.68,--,12,14016,卖盘
1697,13:27:21,11.68,-0.01,2,2336,卖盘
1698,13:27:18,11.69,0.01,19,22211,买盘
1699,13:27:15,11.68,0.01,106,123808,买盘
1700,13:27:09,11.67,-0.01,33,38511,卖盘
1701,13:27:06,11.68,--,127,148336,买盘
1702,13:27:03,11.68,0.01,46,53728,买盘
1703,13:26:57,11.67,--,20,23340,卖盘
1704,13:26:54,11.67,--,5,5835,卖盘
1705,13:26:51,11.67,-0.01,6,7002,卖盘
1706,13:26:48,11.68,0.01,53,61904,买盘
1707,13:26:45,11.67,--,24,28008,卖盘
1708,13:26:42,11.67,--,25,29175,卖盘
1709,13:26:39,11.67,-0.02,4,4668,卖盘
1710,13:26:36,11.69,0.01,45,52605,买盘
1711,13:26:33,11.68,--,20,23360,卖盘
1712,13:26:30,11.68,--,13,15184,卖盘
1713,13:26:27,11.68,--,49,57232,卖盘
1714,13:26:24,11.68,--,5,5840,卖盘
1715,13:26:21,11.68,--,3,3504,卖盘
1716,13:26:18,11.68,--,26,30368,卖盘
1717,13:26:15,11.68,--,13,15184,卖盘
1718,13:26:12,11.68,--,11,12848,卖盘
1719,13:26:09,11.68,--,103,120304,卖盘
1720,13:26:06,11.68,--,16,18688,卖盘
1721,13:26:03,11.68,-0.01,8,9344,中性盘
1722,13:26:00,11.69,0.01,522,610218,买盘
1723,13:25:57,11.68,--,28,32704,买盘
1724,13:25:54,11.68,0.01,18,21024,买盘
1725,13:25:51,11.67,-0.01,1,1167,卖盘
1726,13:25:48,11.68,--,98,114464,买盘
1727,13:25:45,11.68,0.02,4,4672,买盘
1728,13:25:42,11.66,-0.01,43,50138,卖盘
1729,13:25:39,11.67,--,5,5835,卖盘
1730,13:25:36,11.67,-0.01,13,15171,卖盘
1731,13:25:33,11.68,0.02,4,4672,买盘
1732,13:25:30,11.66,--,60,69960,卖盘
1733,13:25:27,11.66,-0.01,107,124762,卖盘
1734,13:25:24,11.67,0.01,29,33843,买盘
1735,13:25:21,11.66,--,5,5830,卖盘
1736,13:25:18,11.66,--,35,40810,卖盘
1737,13:25:15,11.66,--,26,30316,卖盘
1738,13:25:12,11.66,--,79,92114,卖盘
1739,13:25:06,11.66,-0.01,27,31482,卖盘
1740,13:25:03,11.67,0.01,40,46680,卖盘
1741,13:25:00,11.66,-0.02,3,3498,卖盘
1742,13:24:57,11.68,0.02,31,36208,买盘
1743,13:24:54,11.66,--,3,3498,卖盘
1744,13:24:51,11.66,-0.02,12,13992,卖盘
1745,13:24:48,11.68,0.02,36,42048,买盘
1746,13:24:45,11.66,-0.02,4,4664,卖盘
1747,13:24:42,11.68,0.02,71,82928,买盘
1748,13:24:39,11.66,-0.02,3,3498,卖盘
1749,13:24:36,11.68,0.01,502,586336,买盘
1750,13:24:33,11.67,0.01,47,54849,买盘
1751,13:24:30,11.66,--,2,2332,卖盘
1752,13:24:27,11.66,--,4,4664,卖盘
1753,13:24:24,11.66,--,5,5830,卖盘
1754,13:24:21,11.66,--,13,15158,卖盘
1755,13:24:18,11.66,--,56,65296,卖盘
1756,13:24:15,11.66,--,23,26818,卖盘
1757,13:24:12,11.66,--,500,583000,卖盘
1758,13:24:09,11.66,--,3,3498,卖盘
1759,13:24:06,11.66,--,19,22154,卖盘
1760,13:24:03,11.66,--,26,30316,卖盘
1761,13:24:00,11.66,--,6,6996,卖盘
1762,13:23:57,11.66,--,15,17490,卖盘
1763,13:23:54,11.66,--,17,19822,卖盘
1764,13:23:51,11.66,-0.01,1,1166,卖盘
1765,13:23:48,11.67,--,44,51348,买盘
1766,13:23:45,11.67,0.01,8,9336,买盘
1767,13:23:42,11.66,--,33,38478,卖盘
1768,13:23:39,11.66,--,103,120098,卖盘
1769,13:23:36,11.66,-0.01,4,4664,卖盘
1770,13:23:33,11.67,0.01,24,28008,买盘
1771,13:23:30,11.66,--,8,9328,卖盘
1772,13:23:24,11.66,--,5,5830,卖盘
1773,13:23:21,11.66,-0.01,6,6996,卖盘
1774,13:23:18,11.67,0.01,34,39678,买盘
1775,13:23:15,11.66,--,3,3498,卖盘
1776,13:23:12,11.66,--,6,6996,卖盘
1777,13:23:09,11.66,--,10,11660,卖盘
1778,13:23:06,11.66,-0.02,37,43142,卖盘
1779,13:23:03,11.68,0.02,23,26864,买盘
1780,13:23:00,11.66,-0.02,15,17490,卖盘
1781,13:22:57,11.68,0.02,27,31536,买盘
1782,13:22:54,11.66,-0.02,5,5830,卖盘
1783,13:22:51,11.68,--,21,24528,买盘
1784,13:22:48,11.68,--,23,26864,买盘
1785,13:22:45,11.68,0.01,23,26864,买盘
1786,13:22:42,11.67,--,75,87525,卖盘
1787,13:22:39,11.67,--,5,5835,卖盘
1788,13:22:36,11.67,--,7,8169,卖盘
1789,13:22:33,11.67,--,29,33843,卖盘
1790,13:22:30,11.67,--,18,21006,卖盘
1791,13:22:27,11.67,--,307,358269,卖盘
1792,13:22:24,11.67,--,8,9336,卖盘
1793,13:22:21,11.67,--,5,5835,卖盘
1794,13:22:18,11.67,-0.01,27,31509,卖盘
1795,13:22:15,11.68,0.01,13,15184,买盘
1796,13:22:12,11.67,-0.01,283,330261,卖盘
1797,13:22:09,11.68,--,140,163520,卖盘
1798,13:22:06,11.68,--,21,24528,卖盘
1799,13:22:03,11.68,--,66,77088,卖盘
1800,13:22:00,11.68,--,8,9344,卖盘
1801,13:21:57,11.68,--,3,3504,卖盘
1802,13:21:51,11.68,--,30,35040,卖盘
1803,13:21:48,11.68,--,22,25696,卖盘
1804,13:21:45,11.68,-0.01,4,4672,卖盘
1805,13:21:42,11.69,0.01,51,59619,买盘
1806,13:21:39,11.68,--,1,1168,卖盘
1807,13:21:36,11.68,--,150,175200,卖盘
1808,13:21:33,11.68,--,72,84096,卖盘
1809,13:21:24,11.68,-0.01,13,15184,卖盘
1810,13:21:21,11.69,0.01,2,2338,买盘
1811,13:21:18,11.68,--,60,70080,卖盘
1812,13:21:09,11.68,--,1,1168,卖盘
1813,13:21:06,11.68,-0.01,38,44384,卖盘
1814,13:21:03,11.69,--,29,33901,买盘
1815,13:21:00,11.69,0.01,26,30394,买盘
1816,13:20:57,11.68,--,43,50224,卖盘
1817,13:20:54,11.68,-0.01,33,38544,卖盘
1818,13:20:51,11.69,0.01,122,142618,买盘
1819,13:20:48,11.68,--,121,141328,卖盘
1820,13:20:42,11.68,--,81,94608,卖盘
1821,13:20:36,11.68,--,2,2336,卖盘
1822,13:20:33,11.68,-0.01,25,29200,卖盘
1823,13:20:30,11.69,0.01,21,24549,买盘
1824,13:20:27,11.68,--,3,3504,卖盘
1825,13:20:24,11.68,--,2,2336,卖盘
1826,13:20:21,11.68,-0.01,50,58400,卖盘
1827,13:20:18,11.69,--,19,22211,买盘
1828,13:20:15,11.69,0.01,5,5845,买盘
1829,13:20:12,11.68,--,11,12848,卖盘
1830,13:20:09,11.68,-0.01,26,30368,卖盘
1831,13:20:06,11.69,0.01,18,21042,买盘
1832,13:20:03,11.68,--,29,33872,卖盘
1833,13:20:00,11.68,--,13,15184,卖盘
1834,13:19:54,11.68,-0.01,36,42048,卖盘
1835,13:19:51,11.69,0.01,21,24549,买盘
1836,13:19:48,11.68,-0.01,51,59568,卖盘
1837,13:19:45,11.69,--,15,17535,买盘
1838,13:19:42,11.69,--,58,67802,买盘
1839,13:19:39,11.69,--,5,5845,买盘
1840,13:19:36,11.69,0.01,1,1169,买盘
1841,13:19:33,11.68,0.01,21,24528,买盘
1842,13:19:30,11.67,-0.01,2,2334,卖盘
1843,13:19:24,11.68,--,83,96944,卖盘
1844,13:19:21,11.68,--,3,3504,卖盘
1845,13:19:18,11.68,-0.01,54,63072,卖盘
1846,13:19:15,11.69,0.01,13,15197,买盘
1847,13:19:12,11.68,--,3,3504,卖盘
1848,13:19:09,11.68,--,23,26864,卖盘
1849,13:19:06,11.68,--,11,12848,卖盘
1850,13:19:03,11.68,0.01,36,42048,买盘
1851,13:19:00,11.67,-0.01,1,1167,卖盘
1852,13:18:57,11.68,--,25,29200,买盘
1853,13:18:48,11.68,--,62,72416,买盘
1854,13:18:45,11.68,0.02,23,26864,买盘
1855,13:18:42,11.66,-0.02,30,34980,卖盘
1856,13:18:39,11.68,0.02,19,22192,买盘
1857,13:18:36,11.66,--,42,48972,卖盘
1858,13:18:33,11.66,-0.02,1,1166,卖盘
1859,13:18:30,11.68,0.02,71,82928,买盘
1860,13:18:27,11.66,--,1,1166,卖盘
1861,13:18:24,11.66,-0.01,78,90948,卖盘
1862,13:18:21,11.67,--,8,9336,买盘
1863,13:18:18,11.67,--,79,92193,卖盘
1864,13:18:12,11.67,--,237,276579,卖盘
1865,13:18:09,11.67,-0.01,8,9336,卖盘
1866,13:18:06,11.68,0.01,142,165856,买盘
1867,13:18:03,11.67,--,80,93360,卖盘
1868,13:18:00,11.67,--,67,78189,卖盘
1869,13:17:57,11.67,--,1,1167,卖盘
1870,13:17:54,11.67,--,37,43179,卖盘
1871,13:17:51,11.67,--,1,1167,卖盘
1872,13:17:48,11.67,--,132,154044,买盘
1873,13:17:45,11.67,0.01,31,36177,买盘
1874,13:17:42,11.66,-0.01,72,83952,卖盘
1875,13:17:39,11.67,0.01,15,17505,买盘
1876,13:17:36,11.66,-0.01,22,25652,卖盘
1877,13:17:33,11.67,0.01,27,31509,买盘
1878,13:17:30,11.66,--,3,3498,卖盘
1879,13:17:27,11.66,-0.01,9,10494,卖盘
1880,13:17:24,11.67,--,4,4668,卖盘
1881,13:17:21,11.67,-0.01,4,4668,卖盘
1882,13:17:18,11.68,--,53,61904,买盘
1883,13:17:15,11.68,0.01,31,36208,买盘
1884,13:17:12,11.67,--,1,1167,卖盘
1885,13:17:09,11.67,--,9,10503,卖盘
1886,13:17:06,11.67,--,1,1167,卖盘
1887,13:17:03,11.67,0.01,6,7002,买盘
1888,13:17:00,11.66,--,2,2332,卖盘
1889,13:16:57,11.66,-0.01,16,18656,卖盘
1890,13:16:54,11.67,0.01,11,12837,买盘
1891,13:16:51,11.66,-0.01,13,15158,卖盘
1892,13:16:48,11.67,--,103,120201,中性盘
1893,13:16:45,11.67,0.01,16,18672,卖盘
1894,13:16:42,11.66,-0.02,31,36146,卖盘
1895,13:16:39,11.68,0.01,15,17520,买盘
1896,13:16:33,11.67,-0.01,23,26841,卖盘
1897,13:16:27,11.68,0.01,112,130816,买盘
1898,13:16:24,11.67,-0.01,4,4668,卖盘
1899,13:16:21,11.68,0.01,2,2336,买盘
1900,13:16:18,11.67,--,52,60684,卖盘
1901,13:16:12,11.67,--,2,2334,卖盘
1902,13:16:09,11.67,-0.01,8,9336,卖盘
1903,13:16:06,11.68,0.02,33,38544,买盘
1904,13:16:03,11.66,--,39,45474,卖盘
1905,13:16:00,11.66,--,20,23320,卖盘
1906,13:15:57,11.66,--,4,4664,卖盘
1907,13:15:54,11.66,--,2,2332,卖盘
1908,13:15:51,11.66,-0.01,16,18656,卖盘
1909,13:15:48,11.67,--,81,94527,卖盘
1910,13:15:45,11.67,--,4,4668,卖盘
1911,13:15:42,11.67,--,40,46680,卖盘
1912,13:15:39,11.67,-0.01,3,3501,卖盘
1913,13:15:36,11.68,0.01,22,25696,买盘
1914,13:15:33,11.67,--,89,103863,卖盘
1915,13:15:30,11.67,--,10,11670,卖盘
1916,13:15:24,11.67,--,4,4668,卖盘
1917,13:15:21,11.67,-0.01,5,5835,卖盘
1918,13:15:18,11.68,0.01,51,59568,买盘
1919,13:15:12,11.67,--,4,4668,卖盘
1920,13:15:09,11.67,0.01,781,911427,买盘
1921,13:15:06,11.66,--,17,19822,卖盘
1922,13:15:03,11.66,--,20,23320,卖盘
1923,13:15:00,11.66,--,1,1166,卖盘
1924,13:14:54,11.66,--,2,2332,卖盘
1925,13:14:51,11.66,-0.01,218,254188,卖盘
1926,13:14:48,11.67,-0.01,46,53682,卖盘
1927,13:14:45,11.68,--,9,10512,买盘
1928,13:14:42,11.68,--,38,44384,买盘
1929,13:14:39,11.68,--,8,9344,买盘
1930,13:14:36,11.68,--,18,21024,买盘
1931,13:14:33,11.68,--,46,53728,买盘
1932,13:14:27,11.68,0.01,32,37376,买盘
1933,13:14:24,11.67,--,66,77022,卖盘
1934,13:14:21,11.67,-0.01,2,2334,卖盘
1935,13:14:18,11.68,0.01,29,33872,买盘
1936,13:14:12,11.67,--,8,9336,卖盘
1937,13:14:09,11.67,--,1,1167,卖盘
1938,13:14:06,11.67,-0.01,316,368772,卖盘
1939,13:14:03,11.68,--,19,22192,买盘
1940,13:14:00,11.68,0.01,197,230096,买盘
1941,13:13:57,11.67,-0.01,1,1167,卖盘
1942,13:13:54,11.68,0.01,17,19856,买盘
1943,13:13:51,11.67,--,14,16338,卖盘
1944,13:13:48,11.67,--,72,84024,卖盘
1945,13:13:42,11.67,-0.01,25,29175,卖盘
1946,13:13:39,11.68,--,10,11680,买盘
1947,13:13:36,11.68,--,16,18688,买盘
1948,13:13:33,11.68,--,25,29200,买盘
1949,13:13:30,11.68,--,37,43216,买盘
1950,13:13:27,11.68,0.01,10,11680,买盘
1951,13:13:24,11.67,--,27,31509,卖盘
1952,13:13:21,11.67,-0.01,10,11670,卖盘
1953,13:13:18,11.68,--,21,24528,买盘
1954,13:13:15,11.68,--,50,58400,买盘
1955,13:13:09,11.68,--,11,12848,买盘
1956,13:13:06,11.68,--,14,16352,买盘
1957,13:13:03,11.68,0.01,1,1168,买盘
1958,13:13:00,11.67,--,20,23340,卖盘
1959,13:12:57,11.67,--,14,16338,卖盘
1960,13:12:48,11.67,-0.01,35,40845,卖盘
1961,13:12:45,11.68,0.01,29,33872,买盘
1962,13:12:42,11.67,--,59,68853,卖盘
1963,13:12:39,11.67,--,3,3501,卖盘
1964,13:12:36,11.67,-0.01,32,37344,卖盘
1965,13:12:33,11.68,--,20,23360,买盘
1966,13:12:30,11.68,0.01,32,37376,买盘
1967,13:12:24,11.67,--,54,63018,卖盘
1968,13:12:21,11.67,--,151,176217,卖盘
1969,13:12:18,11.67,-0.01,24,28008,卖盘
1970,13:12:12,11.68,--,5,5840,买盘
1971,13:12:09,11.68,0.01,51,59568,买盘
1972,13:12:06,11.67,--,100,116700,卖盘
1973,13:12:03,11.67,-0.01,2,2334,卖盘
1974,13:12:00,11.68,0.01,20,23360,买盘
1975,13:11:54,11.67,-0.01,36,42012,卖盘
1976,13:11:51,11.68,0.01,1,1168,中性盘
1977,13:11:48,11.67,--,57,66519,卖盘
1978,13:11:45,11.67,--,16,18672,卖盘
1979,13:11:42,11.67,-0.01,42,49014,卖盘
1980,13:11:39,11.68,0.01,23,26864,买盘
1981,13:11:36,11.67,--,28,32676,卖盘
1982,13:11:33,11.67,-0.01,35,40845,卖盘
1983,13:11:30,11.68,--,19,22192,买盘
1984,13:11:27,11.68,--,4,4672,买盘
1985,13:11:24,11.68,0.01,24,28032,买盘
1986,13:11:21,11.67,-0.01,23,26841,卖盘
1987,13:11:18,11.68,--,20,23360,买盘
1988,13:11:15,11.68,--,70,81760,买盘
1989,13:11:12,11.68,--,32,37376,卖盘
1990,13:11:09,11.68,0.01,63,73584,卖盘
1991,13:11:06,11.67,--,12,14004,卖盘
1992,13:11:03,11.67,-0.01,170,198390,卖盘
1993,13:11:00,11.68,--,354,413472,卖盘
1994,13:10:57,11.68,-0.01,8,9344,卖盘
1995,13:10:54,11.69,--,533,623077,买盘
1996,13:10:51,11.69,0.01,2,2338,买盘
1997,13:10:48,11.68,-0.01,138,161184,卖盘
1998,13:10:45,11.69,--,13,15197,买盘
1999,13:10:42,11.69,--,193,225617,买盘
2000,13:10:39,11.69,--,13,15197,买盘
2001,13:10:36,11.69,-0.01,262,306278,卖盘
2002,13:10:33,11.7,--,111,129869,买盘
2003,13:10:30,11.7,0.01,24,28080,买盘
2004,13:10:27,11.69,--,155,181195,卖盘
2005,13:10:24,11.69,0.01,581,679189,买盘
2006,13:10:21,11.68,--,1,1168,卖盘
2007,13:10:18,11.68,0.01,178,207904,买盘
2008,13:10:15,11.67,-0.01,108,126036,卖盘
2009,13:10:12,11.68,0.01,108,126144,买盘
2010,13:10:09,11.67,-0.01,49,57183,卖盘
2011,13:10:06,11.68,--,15,17520,买盘
2012,13:10:03,11.68,--,51,59568,买盘
2013,13:10:00,11.68,0.01,21,24528,买盘
2014,13:09:57,11.67,-0.01,9,10503,卖盘
2015,13:09:54,11.68,0.01,69,80592,买盘
2016,13:09:51,11.67,-0.01,110,128370,卖盘
2017,13:09:48,11.68,--,8,9344,买盘
2018,13:09:45,11.68,0.01,20,23360,买盘
2019,13:09:42,11.67,-0.02,30,35010,卖盘
2020,13:09:39,11.69,0.01,1,1169,买盘
2021,13:09:36,11.68,-0.01,10,11680,卖盘
2022,13:09:33,11.69,--,30,35070,买盘
2023,13:09:30,11.69,--,90,105210,买盘
2024,13:09:27,11.69,0.01,325,379925,买盘
2025,13:09:24,11.68,--,4,4672,卖盘
2026,13:09:21,11.68,--,2,2336,卖盘
2027,13:09:18,11.68,-0.01,29,33872,卖盘
2028,13:09:15,11.69,--,2,2338,买盘
2029,13:09:12,11.69,0.01,76,88844,买盘
2030,13:09:06,11.68,-0.01,15,17520,卖盘
2031,13:09:03,11.69,--,33,38577,买盘
2032,13:09:00,11.69,0.01,40,46760,买盘
2033,13:08:57,11.68,-0.01,10,11680,卖盘
2034,13:08:51,11.69,0.01,96,112224,买盘
2035,13:08:48,11.68,-0.01,33,38544,卖盘
2036,13:08:45,11.69,0.01,28,32732,买盘
2037,13:08:42,11.68,-0.01,50,58400,卖盘
2038,13:08:36,11.69,-0.01,150,175350,卖盘
2039,13:08:33,11.7,0.01,96,112320,买盘
2040,13:08:30,11.69,0.01,54,63126,买盘
2041,13:08:27,11.68,-0.01,4,4672,卖盘
2042,13:08:24,11.69,0.01,23,26887,买盘
2043,13:08:21,11.68,--,5,5840,卖盘
2044,13:08:18,11.68,-0.01,29,33872,卖盘
2045,13:08:15,11.69,0.01,2,2338,买盘
2046,13:08:12,11.68,--,77,89936,卖盘
2047,13:08:09,11.68,-0.01,21,24528,卖盘
2048,13:08:06,11.69,--,46,53774,买盘
2049,13:08:03,11.69,0.01,19,22211,买盘
2050,13:08:00,11.68,-0.01,54,63072,卖盘
2051,13:07:57,11.69,0.01,4,4676,买盘
2052,13:07:54,11.68,--,5,5840,卖盘
2053,13:07:51,11.68,--,79,92272,卖盘
2054,13:07:48,11.68,--,54,63072,卖盘
2055,13:07:45,11.68,--,54,63072,卖盘
2056,13:07:42,11.68,--,26,30368,卖盘
2057,13:07:39,11.68,--,40,46720,卖盘
2058,13:07:36,11.68,-0.01,9,10512,卖盘
2059,13:07:33,11.69,--,30,35070,买盘
2060,13:07:30,11.69,0.01,76,88844,买盘
2061,13:07:24,11.68,-0.01,29,33872,卖盘
2062,13:07:21,11.69,0.01,22,25718,买盘
2063,13:07:18,11.68,-0.02,319,372592,卖盘
2064,13:07:15,11.7,--,21,24570,买盘
2065,13:07:12,11.7,--,76,88920,买盘
2066,13:07:06,11.7,0.01,15,17550,买盘
2067,13:07:03,11.69,--,21,24549,卖盘
2068,13:07:00,11.69,0.01,325,379925,买盘
2069,13:06:57,11.68,-0.01,20,23360,卖盘
2070,13:06:54,11.69,0.01,23,26887,买盘
2071,13:06:51,11.68,-0.01,102,119136,卖盘
2072,13:06:48,11.69,--,67,78323,买盘
2073,13:06:45,11.69,0.01,19,22211,买盘
2074,13:06:42,11.68,--,40,46720,卖盘
2075,13:06:39,11.68,-0.01,58,67744,卖盘
2076,13:06:36,11.69,--,59,68971,买盘
2077,13:06:33,11.69,0.01,24,28056,买盘
2078,13:06:30,11.68,-0.01,97,113296,卖盘
2079,13:06:27,11.69,0.01,1,1169,买盘
2080,13:06:24,11.68,-0.01,29,33872,卖盘
2081,13:06:21,11.69,--,6,7014,买盘
2082,13:06:18,11.69,--,53,61957,买盘
2083,13:06:15,11.69,--,2,2338,买盘
2084,13:06:12,11.69,--,22,25718,买盘
2085,13:06:09,11.69,0.01,97,113393,买盘
2086,13:06:06,11.68,--,17,19856,卖盘
2087,13:06:03,11.68,--,34,39712,卖盘
2088,13:06:00,11.68,--,34,39712,卖盘
2089,13:05:57,11.68,-0.01,1,1168,卖盘
2090,13:05:54,11.69,--,22,25718,卖盘
2091,13:05:51,11.69,--,78,91182,卖盘
2092,13:05:48,11.69,--,38,44422,卖盘
2093,13:05:45,11.69,0.01,8,9352,买盘
2094,13:05:42,11.68,-0.01,29,33872,卖盘
2095,13:05:39,11.69,--,301,351869,卖盘
2096,13:05:33,11.69,--,35,40915,卖盘
2097,13:05:30,11.69,--,108,126252,买盘
2098,13:05:27,11.69,0.01,21,24549,买盘
2099,13:05:24,11.68,-0.01,43,50224,卖盘
2100,13:05:21,11.69,--,21,24549,买盘
2101,13:05:18,11.69,--,33,38577,买盘
2102,13:05:15,11.69,0.01,31,36239,买盘
2103,13:05:12,11.68,--,77,89936,卖盘
2104,13:05:09,11.68,-0.01,1,1168,卖盘
2105,13:05:06,11.69,0.02,14,16366,买盘
2106,13:05:03,11.67,--,33,38511,卖盘
2107,13:05:00,11.67,-0.01,38,44346,卖盘
2108,13:04:57,11.68,--,11,12848,买盘
2109,13:04:54,11.68,0.01,30,35040,买盘
2110,13:04:51,11.67,-0.01,77,89859,卖盘
2111,13:04:48,11.68,--,1,1168,买盘
2112,13:04:45,11.68,-0.01,185,216535,卖盘
2113,13:04:42,11.69,-0.01,78,91182,卖盘
2114,13:04:36,11.7,0.01,22,25740,买盘
2115,13:04:33,11.69,-0.01,155,181195,卖盘
2116,13:04:30,11.7,0.01,19,22230,买盘
2117,13:04:27,11.69,--,100,116900,卖盘
2118,13:04:24,11.69,--,54,63126,卖盘
2119,13:04:21,11.69,0.01,198,231462,买盘
2120,13:04:18,11.68,-0.01,42,49056,卖盘
2121,13:04:15,11.69,--,33,38577,买盘
2122,13:04:12,11.69,0.01,76,88844,买盘
2123,13:04:09,11.68,--,33,38544,卖盘
2124,13:04:06,11.68,-0.01,144,168192,卖盘
2125,13:04:03,11.69,--,33,38577,卖盘
2126,13:04:00,11.69,--,503,588007,买盘
2127,13:03:57,11.69,--,76,88844,卖盘
2128,13:03:51,11.69,0.01,9,10521,买盘
2129,13:03:48,11.68,--,47,54896,卖盘
2130,13:03:45,11.68,--,51,59568,卖盘
2131,13:03:42,11.68,-0.01,29,33872,卖盘
2132,13:03:36,11.69,-0.01,28,32732,买盘
2133,13:03:33,11.7,--,187,218790,买盘
2134,13:03:30,11.7,0.01,181,211770,买盘
2135,13:03:27,11.69,--,1,1169,卖盘
2136,13:03:24,11.69,-0.01,125,146125,卖盘
2137,13:03:21,11.7,0.01,2,2340,买盘
2138,13:03:18,11.69,--,48,56112,卖盘
2139,13:03:15,11.69,0.01,229,268414,买盘
2140,13:03:12,11.68,-0.01,77,89936,卖盘
2141,13:03:06,11.69,0.01,15,17535,买盘
2142,13:03:03,11.68,-0.01,37,43216,卖盘
2143,13:03:00,11.69,0.01,21,24549,买盘
2144,13:02:57,11.68,--,51,59568,卖盘
2145,13:02:54,11.68,-0.01,20,23360,卖盘
2146,13:02:51,11.69,0.01,77,90013,买盘
2147,13:02:48,11.68,--,32,37376,卖盘
2148,13:02:45,11.68,--,53,61904,卖盘
2149,13:02:42,11.68,--,76,88768,卖盘
2150,13:02:39,11.68,--,10,11680,卖盘
2151,13:02:36,11.68,-0.01,302,352736,卖盘
2152,13:02:33,11.69,--,34,39746,买盘
2153,13:02:30,11.69,--,121,141449,买盘
2154,13:02:24,11.69,--,26,30394,买盘
2155,13:02:21,11.69,0.01,2,2338,买盘
2156,13:02:18,11.68,-0.01,26,30368,卖盘
2157,13:02:15,11.69,0.01,42,49098,买盘
2158,13:02:12,11.68,--,78,91104,卖盘
2159,13:02:06,11.68,--,66,77088,卖盘
2160,13:02:00,11.68,--,21,24528,卖盘
2161,13:01:51,11.68,--,17,19856,卖盘
2162,13:01:42,11.68,--,27,31536,卖盘
2163,13:01:33,11.68,--,1,1168,卖盘
2164,13:01:30,11.68,-0.01,3,3504,卖盘
2165,13:01:27,11.69,--,1,1169,买盘
2166,13:01:24,11.69,0.01,21,24549,买盘
2167,13:01:21,11.68,0.01,252,294336,买盘
2168,13:01:18,11.67,--,1,1167,买盘
2169,13:01:15,11.67,0.01,27,31509,买盘
2170,13:01:12,11.66,--,1,1166,卖盘
2171,13:01:09,11.66,-0.02,3,3498,卖盘
2172,13:01:06,11.68,0.02,15,17520,买盘
2173,13:01:03,11.66,--,36,41976,卖盘
2174,13:01:00,11.66,-0.02,11,12826,卖盘
2175,13:00:57,11.68,0.02,544,636256,买盘
2176,13:00:54,11.66,--,60,69960,卖盘
2177,13:00:51,11.66,--,23,26818,卖盘
2178,13:00:48,11.66,-0.01,10,11660,卖盘
2179,13:00:45,11.67,--,95,110865,买盘
2180,13:00:39,11.67,--,3,3501,买盘
2181,13:00:33,11.67,--,10,11670,买盘
2182,13:00:30,11.67,0.01,44,51348,买盘
2183,13:00:24,11.66,--,46,53636,买盘
2184,13:00:21,11.66,-0.01,33,38478,卖盘
2185,13:00:18,11.67,--,2,2334,买盘
2186,13:00:15,11.67,0.01,21,24507,买盘
2187,13:00:12,11.66,-0.01,21,24486,卖盘
2188,13:00:09,11.67,0.01,7,8169,买盘
2189,13:00:06,11.66,-0.01,50,58300,卖盘
2190,13:00:03,11.67,-0.01,2138,2495046,卖盘
2191,13:00:00,11.68,--,0,0,买盘
2192,11:30:00,11.68,0.01,18,21024,买盘
2193,11:29:57,11.67,-0.01,76,88692,卖盘
2194,11:29:54,11.68,--,1,1168,卖盘
2195,11:29:48,11.68,--,36,42048,卖盘
2196,11:29:45,11.68,0.01,55,64240,买盘
2197,11:29:42,11.67,-0.01,24,28008,卖盘
2198,11:29:39,11.68,--,36,42048,买盘
2199,11:29:36,11.68,0.01,15,17520,买盘
2200,11:29:33,11.67,--,1,1167,卖盘
2201,11:29:27,11.67,-0.02,21,24507,卖盘
2202,11:29:24,11.69,0.01,149,174181,买盘
2203,11:29:21,11.68,-0.01,20,23360,卖盘
2204,11:29:18,11.69,0.01,45,52605,买盘
2205,11:29:15,11.68,-0.01,13,15184,卖盘
2206,11:29:12,11.69,0.01,60,70140,买盘
2207,11:29:09,11.68,-0.01,39,45552,卖盘
2208,11:29:06,11.69,0.01,76,88844,买盘
2209,11:29:03,11.68,--,109,127312,卖盘
2210,11:29:00,11.68,--,1,1168,卖盘
2211,11:28:57,11.68,--,40,46720,卖盘
2212,11:28:51,11.68,-0.01,1,1168,卖盘
2213,11:28:48,11.69,0.01,42,49098,买盘
2214,11:28:45,11.68,0.01,109,127312,买盘
2215,11:28:42,11.67,--,30,35010,卖盘
2216,11:28:36,11.67,-0.01,32,37344,卖盘
2217,11:28:33,11.68,--,69,80592,买盘
2218,11:28:27,11.68,0.01,26,30368,买盘
2219,11:28:24,11.67,--,35,40845,买盘
2220,11:28:21,11.67,--,11,12837,买盘
2221,11:28:18,11.67,--,19,22173,卖盘
2222,11:28:15,11.67,0.01,72,84024,买盘
2223,11:28:12,11.66,-0.01,30,34980,卖盘
2224,11:28:09,11.67,-0.01,91,106197,卖盘
2225,11:28:03,11.68,0.02,28,32704,买盘
2226,11:28:00,11.66,-0.01,1,1166,卖盘
2227,11:27:57,11.67,--,25,29175,买盘
2228,11:27:54,11.67,0.01,10,11670,买盘
2229,11:27:51,11.66,--,2,2332,卖盘
2230,11:27:45,11.66,-0.02,80,93280,卖盘
2231,11:27:42,11.68,--,43,50224,买盘
2232,11:27:36,11.68,0.02,15,17520,买盘
2233,11:27:33,11.66,-0.02,41,47806,卖盘
2234,11:27:30,11.68,0.01,67,78256,买盘
2235,11:27:27,11.67,--,71,82857,买盘
2236,11:27:24,11.67,--,76,88692,买盘
2237,11:27:21,11.67,--,22,25674,买盘
2238,11:27:18,11.67,-0.01,15,17505,卖盘
2239,11:27:15,11.68,0.01,23,26864,买盘
2240,11:27:12,11.67,--,30,35010,卖盘
2241,11:27:06,11.67,--,1,1167,卖盘
2242,11:27:03,11.67,0.01,58,67686,买盘
2243,11:27:00,11.66,-0.01,35,40810,卖盘
2244,11:26:57,11.67,-0.01,77,89859,卖盘
2245,11:26:51,11.68,0.01,10,11680,买盘
2246,11:26:48,11.67,--,28,32676,卖盘
2247,11:26:45,11.67,0.02,20,23340,买盘
2248,11:26:42,11.65,-0.01,29,33785,卖盘
2249,11:26:39,11.66,--,1,1166,卖盘
2250,11:26:36,11.66,-0.01,24,27984,卖盘
2251,11:26:33,11.67,0.01,12,14004,买盘
2252,11:26:30,11.66,-0.02,9,10494,卖盘
2253,11:26:27,11.68,--,36,42048,买盘
2254,11:26:24,11.68,0.02,77,89936,买盘
2255,11:26:21,11.66,-0.01,33,38478,卖盘
2256,11:26:18,11.67,--,189,221029,买盘
2257,11:26:15,11.67,0.01,1,1167,买盘
2258,11:26:12,11.66,--,75,87450,卖盘
2259,11:26:09,11.66,-0.01,15,17490,卖盘
2260,11:26:06,11.67,--,29,33843,买盘
2261,11:26:03,11.67,--,87,101529,买盘
2262,11:26:00,11.67,0.01,14,16338,买盘
2263,11:25:57,11.66,--,20,23320,卖盘
2264,11:25:51,11.66,-0.01,9,10494,卖盘
2265,11:25:48,11.67,--,11,12837,买盘
2266,11:25:45,11.67,0.01,277,323259,买盘
2267,11:25:42,11.66,-0.01,125,145750,卖盘
2268,11:25:36,11.67,0.01,26,30342,买盘
2269,11:25:30,11.66,--,1,1166,卖盘
2270,11:25:27,11.66,-0.02,47,55501,卖盘
2271,11:25:24,11.68,0.01,77,89936,买盘
2272,11:25:21,11.67,-0.01,100,116700,卖盘
2273,11:25:18,11.68,--,1,1168,买盘
2274,11:25:15,11.68,--,88,102784,买盘
2275,11:25:12,11.68,--,10,11680,买盘
2276,11:25:09,11.68,--,75,87600,买盘
2277,11:25:06,11.68,--,20,23360,买盘
2278,11:25:03,11.68,0.01,81,94608,买盘
2279,11:25:00,11.67,--,7,8169,卖盘
2280,11:24:57,11.67,--,39,45513,卖盘
2281,11:24:54,11.67,-0.01,8,9336,卖盘
2282,11:24:48,11.68,--,131,153008,买盘
2283,11:24:45,11.68,0.01,118,137824,买盘
2284,11:24:42,11.67,--,48,56016,卖盘
2285,11:24:39,11.67,--,10,11670,卖盘
2286,11:24:36,11.67,--,75,87525,卖盘
2287,11:24:33,11.67,-0.01,52,60684,卖盘
2288,11:24:27,11.68,--,31,36208,买盘
2289,11:24:24,11.68,--,76,88768,买盘
2290,11:24:21,11.68,--,14,16352,买盘
2291,11:24:18,11.68,--,65,75920,买盘
2292,11:24:15,11.68,0.01,19,22192,买盘
2293,11:24:12,11.67,-0.01,22,25674,卖盘
2294,11:24:06,11.68,0.01,121,141328,买盘
2295,11:24:03,11.67,--,11,12837,卖盘
2296,11:24:00,11.67,--,40,46680,卖盘
2297,11:23:57,11.67,--,20,23340,卖盘
2298,11:23:54,11.67,--,35,40845,卖盘
2299,11:23:51,11.67,-0.01,30,35010,卖盘
2300,11:23:48,11.68,0.01,13,15651,买盘
2301,11:23:45,11.67,--,54,63018,卖盘
2302,11:23:42,11.67,--,41,48733,买盘
2303,11:23:39,11.67,--,6,7282,卖盘
2304,11:23:36,11.67,--,13,16057,买盘
2305,11:23:33,11.67,--,8,9336,买盘
2306,11:23:30,11.67,--,3,3781,卖盘
2307,11:23:27,11.67,0.01,15,18391,买盘
2308,11:23:21,11.66,--,103,120098,卖盘
2309,11:23:15,11.66,0.01,533,621478,买盘
2310,11:23:12,11.65,--,38,44270,买盘
2311,11:23:09,11.65,--,36,41940,买盘
2312,11:23:06,11.65,--,3,3495,买盘
2313,11:23:03,11.65,0.02,1,1165,买盘
2314,11:23:00,11.63,--,1,1163,卖盘
2315,11:22:57,11.63,-0.02,76,88388,卖盘
2316,11:22:54,11.65,0.01,19,22135,买盘
2317,11:22:48,11.64,--,8,9312,卖盘
2318,11:22:45,11.64,-0.01,161,187404,卖盘
2319,11:22:42,11.65,0.02,76,88540,买盘
2320,11:22:33,11.63,--,320,372160,卖盘
2321,11:22:30,11.63,-0.01,18,20934,卖盘
2322,11:22:27,11.64,0.01,19,22116,买盘
2323,11:22:24,11.63,--,62,72106,卖盘
2324,11:22:21,11.63,--,44,51172,卖盘
2325,11:22:18,11.63,-0.01,22,25586,卖盘
2326,11:22:15,11.64,0.01,23,26772,买盘
2327,11:22:12,11.63,--,20,23260,卖盘
2328,11:22:09,11.63,-0.01,60,69780,卖盘
2329,11:22:06,11.64,0.01,46,53544,买盘
2330,11:22:03,11.63,--,23,26749,卖盘
2331,11:22:00,11.63,-0.01,43,50009,卖盘
2332,11:21:57,11.64,--,29,33756,买盘
2333,11:21:54,11.64,0.01,300,349200,买盘
2334,11:21:51,11.63,-0.01,2,2326,卖盘
2335,11:21:45,11.64,0.01,407,473748,买盘
2336,11:21:42,11.63,-0.01,74,86062,卖盘
2337,11:21:36,11.64,--,15,17460,买盘
2338,11:21:33,11.64,--,77,89628,买盘
2339,11:21:30,11.64,0.01,34,39576,买盘
2340,11:21:27,11.63,-0.01,227,264001,卖盘
2341,11:21:18,11.64,--,265,308460,买盘
2342,11:21:15,11.64,--,13,15132,买盘
2343,11:21:12,11.64,--,40,46560,买盘
2344,11:21:06,11.64,--,148,172272,买盘
2345,11:21:03,11.64,-0.02,63,73332,卖盘
2346,11:21:00,11.66,0.02,4,4664,买盘
2347,11:20:57,11.64,-0.02,124,144336,卖盘
2348,11:20:54,11.66,0.01,20,23320,买盘
2349,11:20:51,11.65,--,6,6990,卖盘
2350,11:20:45,11.65,0.01,159,185235,买盘
2351,11:20:42,11.64,-0.01,44,51216,卖盘
2352,11:20:36,11.65,0.01,26,30290,买盘
2353,11:20:33,11.64,--,35,40740,卖盘
2354,11:20:30,11.64,--,3,3492,买盘
2355,11:20:27,11.64,0.01,31,36084,买盘
2356,11:20:24,11.63,-0.01,11,12793,卖盘
2357,11:20:21,11.64,0.01,14,16296,买盘
2358,11:20:18,11.63,-0.01,66,76758,卖盘
2359,11:20:12,11.64,0.01,38,44232,买盘
2360,11:20:09,11.63,--,104,120952,卖盘
2361,11:20:06,11.63,--,2,2326,卖盘
2362,11:20:03,11.63,--,7,8780,卖盘
2363,11:20:00,11.63,--,199,231716,卖盘
2364,11:19:57,11.63,-0.01,50,58150,卖盘
2365,11:19:54,11.64,0.01,65,75660,买盘
2366,11:19:51,11.63,-0.01,70,81410,卖盘
2367,11:19:48,11.64,--,12,13968,买盘
2368,11:19:45,11.64,0.01,4,4656,买盘
2369,11:19:42,11.63,--,72,83736,卖盘
2370,11:19:39,11.63,--,34,39542,卖盘
2371,11:19:36,11.63,--,41,47683,卖盘
2372,11:19:33,11.63,--,30,34890,卖盘
2373,11:19:30,11.63,-0.01,5,5815,卖盘
2374,11:19:27,11.64,--,41,47724,买盘
2375,11:19:24,11.64,0.01,30,34920,买盘
2376,11:19:21,11.63,0.01,34,39542,买盘
2377,11:19:18,11.62,-0.02,26,30211,卖盘
2378,11:19:15,11.64,0.01,1,1164,买盘
2379,11:19:12,11.63,-0.01,111,129093,卖盘
2380,11:19:09,11.64,0.01,24,27936,买盘
2381,11:19:06,11.63,--,68,79084,买盘
2382,11:19:03,11.63,0.01,21,24423,买盘
2383,11:19:00,11.62,-0.01,61,70882,卖盘
2384,11:18:57,11.63,--,2,2326,买盘
2385,11:18:54,11.63,0.01,29,33727,买盘
2386,11:18:51,11.62,-0.01,2,2324,卖盘
2387,11:18:48,11.63,-0.01,2,2326,卖盘
2388,11:18:45,11.64,--,10,11640,买盘
2389,11:18:42,11.64,0.01,1035,1204914,买盘
2390,11:18:39,11.63,--,65,75595,卖盘
2391,11:18:36,11.63,-0.01,82,95366,卖盘
2392,11:18:33,11.64,--,11,12804,买盘
2393,11:18:30,11.64,--,71,82644,买盘
2394,11:18:27,11.64,--,1,1164,买盘
2395,11:18:24,11.64,-0.01,97,112919,卖盘
2396,11:18:21,11.65,0.01,15,17475,买盘
2397,11:18:18,11.64,-0.01,78,90792,卖盘
2398,11:18:15,11.65,0.01,21,24465,买盘
2399,11:18:12,11.64,--,2,2328,卖盘
2400,11:18:09,11.64,0.01,54,64008,买盘
2401,11:18:06,11.63,--,464,539632,卖盘
2402,11:18:03,11.63,--,18,20934,卖盘
2403,11:18:00,11.63,-0.01,86,100018,卖盘
2404,11:17:57,11.64,--,45,52380,买盘
2405,11:17:54,11.64,0.01,29,33756,买盘
2406,11:17:48,11.63,-0.01,52,60476,卖盘
2407,11:17:45,11.64,0.01,76,88464,买盘
2408,11:17:42,11.63,-0.01,28,32564,卖盘
2409,11:17:39,11.64,--,19,22116,买盘
2410,11:17:36,11.64,0.01,125,145500,买盘
2411,11:17:33,11.63,--,10,11630,卖盘
2412,11:17:27,11.63,-0.01,1,1163,卖盘
2413,11:17:24,11.64,--,19,22116,买盘
2414,11:17:21,11.64,--,10,11640,买盘
2415,11:17:18,11.64,--,45,52380,买盘
2416,11:17:15,11.64,--,35,40740,卖盘
2417,11:17:12,11.64,--,15,17460,卖盘
2418,11:17:09,11.64,--,45,52380,卖盘
2419,11:17:06,11.64,--,23,26772,卖盘
2420,11:17:03,11.64,--,504,586656,卖盘
2421,11:17:00,11.64,--,1,1164,卖盘
2422,11:16:57,11.64,-0.01,10,11640,卖盘
2423,11:16:54,11.65,--,79,92035,买盘
2424,11:16:51,11.65,--,85,99724,卖盘
2425,11:16:48,11.65,--,102,118830,卖盘
2426,11:16:45,11.65,-0.01,512,596946,卖盘
2427,11:16:42,11.66,--,96,111936,买盘
2428,11:16:39,11.66,0.01,34,39644,买盘
2429,11:16:36,11.65,--,70,81550,卖盘
2430,11:16:33,11.65,--,37,43105,卖盘
2431,11:16:30,11.65,--,4,4660,卖盘
2432,11:16:27,11.65,--,192,223680,卖盘
2433,11:16:24,11.65,-0.01,130,151450,卖盘
2434,11:16:21,11.66,--,37,43142,买盘
2435,11:16:18,11.66,--,2,2332,买盘
2436,11:16:15,11.66,--,15,17804,卖盘
2437,11:16:09,11.66,--,27,32333,买盘
2438,11:16:06,11.66,--,50,58614,卖盘
2439,11:16:03,11.66,--,347,404602,卖盘
2440,11:16:00,11.66,--,340,396440,卖盘
2441,11:15:57,11.66,-0.01,72,83952,卖盘
2442,11:15:54,11.67,0.01,38,44346,买盘
2443,11:15:51,11.66,-0.01,500,583000,卖盘
2444,11:15:48,11.67,--,6,7002,买盘
2445,11:15:45,11.67,0.01,25,29175,买盘
2446,11:15:42,11.66,-0.01,31,36146,卖盘
2447,11:15:39,11.67,--,29,34123,买盘
2448,11:15:36,11.67,0.01,15,17505,买盘
2449,11:15:33,11.66,--,548,638968,卖盘
2450,11:15:27,11.66,-0.01,1,1166,卖盘
2451,11:15:24,11.67,0.01,21,24507,买盘
2452,11:15:21,11.66,--,57,66462,卖盘
2453,11:15:18,11.66,-0.01,3,3498,卖盘
2454,11:15:12,11.67,-0.01,72,84549,卖盘
2455,11:15:09,11.68,--,114,133152,买盘
2456,11:15:06,11.68,0.01,580,677440,买盘
2457,11:15:03,11.67,--,9,10503,卖盘
2458,11:15:00,11.67,--,1,1167,卖盘
2459,11:14:57,11.67,-0.01,1,1167,卖盘
2460,11:14:54,11.68,0.01,540,630720,买盘
2461,11:14:51,11.67,-0.01,8,9336,卖盘
2462,11:14:45,11.68,0.01,1,1168,买盘
2463,11:14:42,11.67,-0.01,85,99195,卖盘
2464,11:14:39,11.68,--,40,46720,买盘
2465,11:14:36,11.68,--,34,39712,买盘
2466,11:14:33,11.68,--,32,37376,买盘
2467,11:14:30,11.68,--,12,14016,买盘
2468,11:14:27,11.68,--,20,23360,买盘
2469,11:14:24,11.68,--,413,483271,卖盘
2470,11:14:21,11.68,-0.01,145,169360,卖盘
2471,11:14:18,11.69,--,10,11690,买盘
2472,11:14:15,11.69,--,129,150801,买盘
2473,11:14:12,11.69,0.01,47,54943,买盘
2474,11:14:09,11.68,-0.01,158,184544,卖盘
2475,11:14:06,11.69,0.01,104,121576,买盘
2476,11:14:03,11.68,--,2,2336,卖盘
2477,11:14:00,11.68,-0.01,137,160016,卖盘
2478,11:13:54,11.69,0.01,77,90013,买盘
2479,11:13:51,11.68,-0.01,40,46720,卖盘
2480,11:13:48,11.69,0.01,1,1169,买盘
2481,11:13:42,11.68,-0.01,27,31536,卖盘
2482,11:13:39,11.69,--,76,88844,买盘
2483,11:13:36,11.69,0.01,61,71309,买盘
2484,11:13:33,11.68,-0.01,10,11680,卖盘
2485,11:13:30,11.69,0.01,1,1169,买盘
2486,11:13:27,11.68,-0.01,11,12848,卖盘
2487,11:13:24,11.69,0.01,20,23380,买盘
2488,11:13:21,11.68,-0.01,6,7008,卖盘
2489,11:13:18,11.69,0.01,89,104041,买盘
2490,11:13:15,11.68,-0.01,11,12848,卖盘
2491,11:13:12,11.69,--,13,15197,买盘
2492,11:13:09,11.69,--,20,23380,买盘
2493,11:13:06,11.69,0.01,23,26887,买盘
2494,11:13:03,11.68,--,2,2336,卖盘
2495,11:13:00,11.68,--,6,7008,卖盘
2496,11:12:57,11.68,-0.01,9,10512,卖盘
2497,11:12:54,11.69,--,20,23380,买盘
2498,11:12:48,11.69,0.01,24,28056,买盘
2499,11:12:42,11.68,-0.01,32,37376,卖盘
2500,11:12:39,11.69,--,34,39746,买盘
2501,11:12:33,11.69,--,1,1169,买盘
2502,11:12:27,11.69,0.01,11,12859,买盘
2503,11:12:24,11.68,-0.02,40,46720,卖盘
2504,11:12:21,11.7,0.01,10,11700,买盘
2505,11:12:18,11.69,--,22,25718,卖盘
2506,11:12:15,11.69,--,10,11690,卖盘
2507,11:12:12,11.69,-0.01,5,5845,卖盘
2508,11:12:09,11.7,0.01,55,64349,买盘
2509,11:12:06,11.69,0.01,41,47929,买盘
2510,11:12:03,11.68,--,37,43216,卖盘
2511,11:12:00,11.68,-0.01,2,2336,卖盘
2512,11:11:54,11.69,0.01,22,25718,买盘
2513,11:11:51,11.68,--,61,72182,卖盘
2514,11:11:45,11.68,-0.01,4,4672,卖盘
2515,11:11:42,11.69,--,91,106379,买盘
2516,11:11:39,11.69,--,95,111055,买盘
2517,11:11:36,11.69,0.01,50,58450,买盘
2518,11:11:33,11.68,--,25,29200,卖盘
2519,11:11:30,11.68,--,209,244112,卖盘
2520,11:11:27,11.68,--,380,443840,卖盘
2521,11:11:24,11.68,--,36,42048,卖盘
2522,11:11:21,11.68,-0.01,53,61904,卖盘
2523,11:11:18,11.69,-0.01,7,8183,卖盘
2524,11:11:15,11.7,0.01,1,1170,买盘
2525,11:11:12,11.69,--,42,49098,卖盘
2526,11:11:09,11.69,--,126,147294,买盘
2527,11:11:06,11.69,0.01,15,17535,买盘
2528,11:11:03,11.68,--,1,1168,卖盘
2529,11:11:00,11.68,--,1,1168,卖盘
2530,11:10:57,11.68,--,32,37376,卖盘
2531,11:10:48,11.68,-0.02,37,43216,卖盘
2532,11:10:45,11.7,0.01,3,3510,买盘
2533,11:10:42,11.69,-0.01,26,30394,卖盘
2534,11:10:39,11.7,--,17,19890,买盘
2535,11:10:24,11.7,0.02,62,72540,买盘
2536,11:10:21,11.68,--,11,12848,卖盘
2537,11:10:18,11.68,-0.01,44,51392,卖盘
2538,11:10:15,11.69,0.01,24,28056,买盘
2539,11:10:12,11.68,-0.01,14,16352,卖盘
2540,11:10:06,11.69,0.01,9,10521,买盘
2541,11:10:03,11.68,--,12,14016,卖盘
2542,11:10:00,11.68,--,9,10512,卖盘
2543,11:09:57,11.68,-0.01,8,9344,卖盘
2544,11:09:54,11.69,0.01,2,2338,买盘
2545,11:09:51,11.68,-0.01,24,28032,卖盘
2546,11:09:48,11.69,-0.01,33,38577,卖盘
2547,11:09:45,11.7,0.01,7,8189,买盘
2548,11:09:42,11.69,-0.01,24,28056,卖盘
2549,11:09:39,11.7,0.01,15,17550,买盘
2550,11:09:36,11.69,--,46,53774,卖盘
2551,11:09:33,11.69,0.01,2,2338,买盘
2552,11:09:30,11.68,--,7,8176,卖盘
2553,11:09:27,11.68,--,10,11680,卖盘
2554,11:09:24,11.68,-0.02,17,20498,卖盘
2555,11:09:18,11.7,--,50,58500,买盘
2556,11:09:15,11.7,--,29,33930,买盘
2557,11:09:12,11.7,0.02,86,100620,买盘
2558,11:09:09,11.68,--,24,28032,卖盘
2559,11:09:06,11.68,--,102,119136,卖盘
2560,11:09:03,11.68,--,1,1168,卖盘
2561,11:09:00,11.68,-0.02,89,103952,卖盘
2562,11:08:57,11.7,0.02,77,90090,买盘
2563,11:08:54,11.68,-0.02,20,23360,卖盘
2564,11:08:48,11.7,0.02,2,2340,买盘
2565,11:08:42,11.68,-0.02,374,436832,卖盘
2566,11:08:39,11.7,0.02,15,17550,买盘
2567,11:08:36,11.68,--,44,52022,卖盘
2568,11:08:33,11.68,--,24,28032,卖盘
2569,11:08:30,11.68,--,12,14016,卖盘
2570,11:08:27,11.68,-0.02,40,46720,卖盘
2571,11:08:24,11.7,0.02,12,14040,买盘
2572,11:08:21,11.68,--,8,9752,买盘
2573,11:08:18,11.68,-0.01,55,64999,卖盘
2574,11:08:15,11.69,0.01,26,31036,买盘
2575,11:08:12,11.68,0.01,236,276582,买盘
2576,11:08:09,11.67,--,5,5835,卖盘
2577,11:08:06,11.67,--,1,1167,卖盘
2578,11:08:03,11.67,-0.01,22,26315,卖盘
2579,11:08:00,11.68,0.01,27,31536,买盘
2580,11:07:54,11.67,--,61,71187,卖盘
2581,11:07:51,11.67,-0.01,2,2334,卖盘
2582,11:07:48,11.68,-0.02,641,749564,卖盘
2583,11:07:45,11.7,0.02,29,33930,买盘
2584,11:07:42,11.68,-0.01,30,35040,卖盘
2585,11:07:39,11.69,0.01,38,44422,买盘
2586,11:07:33,11.68,-0.01,106,124450,卖盘
2587,11:07:30,11.69,0.01,38,44422,中性盘
2588,11:07:24,11.68,--,34,39712,卖盘
2589,11:07:21,11.68,--,16,19330,卖盘
2590,11:07:18,11.68,--,44,51392,卖盘
2591,11:07:12,11.68,-0.02,88,102784,卖盘
2592,11:07:09,11.7,0.01,79,92430,买盘
2593,11:07:06,11.69,-0.01,79,92351,卖盘
2594,11:07:03,11.7,--,7,8189,买盘
2595,11:07:00,11.7,0.01,17,19890,买盘
2596,11:06:57,11.69,-0.01,140,163660,卖盘
2597,11:06:54,11.7,0.01,1,1170,买盘
2598,11:06:51,11.69,-0.01,100,116900,卖盘
2599,11:06:48,11.7,--,53,62009,买盘
2600,11:06:45,11.7,0.01,2,2340,买盘
2601,11:06:42,11.69,-0.01,31,36239,卖盘
2602,11:06:39,11.7,0.01,18,21060,买盘
2603,11:06:36,11.69,-0.01,1,1169,买盘
2604,11:06:33,11.7,0.01,56,65519,买盘
2605,11:06:30,11.69,--,51,59619,买盘
2606,11:06:27,11.69,--,21,24549,买盘
2607,11:06:24,11.69,--,45,52605,卖盘
2608,11:06:21,11.69,-0.01,20,23380,卖盘
2609,11:06:18,11.7,--,55,64349,买盘
2610,11:06:15,11.7,--,4,4680,买盘
2611,11:06:12,11.7,--,14,16379,买盘
2612,11:06:09,11.7,--,99,115830,卖盘
2613,11:06:06,11.7,--,51,59670,卖盘
2614,11:06:03,11.7,--,15,17550,卖盘
2615,11:06:00,11.7,--,1,1170,卖盘
2616,11:05:57,11.7,-0.01,123,143910,卖盘
2617,11:05:54,11.71,0.02,553,647563,买盘
2618,11:05:51,11.69,--,135,157815,卖盘
2619,11:05:48,11.69,-0.01,166,194054,卖盘
2620,11:05:45,11.7,0.01,50,58500,买盘
2621,11:05:42,11.69,-0.01,29,33901,卖盘
2622,11:05:39,11.7,--,14,16379,买盘
2623,11:05:36,11.7,0.01,1,1170,买盘
2624,11:05:33,11.69,--,1,1169,卖盘
2625,11:05:30,11.69,--,25,29225,卖盘
2626,11:05:27,11.69,--,7,8183,卖盘
2627,11:05:24,11.69,--,114,133266,卖盘
2628,11:05:21,11.69,--,10,11690,卖盘
2629,11:05:18,11.69,-0.01,61,71309,卖盘
2630,11:05:15,11.7,0.01,6,7020,买盘
2631,11:05:12,11.69,-0.01,2,2338,卖盘
2632,11:05:09,11.7,--,21,24570,买盘
2633,11:05:06,11.7,0.01,20,23400,买盘
2634,11:05:03,11.69,-0.01,3,3507,卖盘
2635,11:05:00,11.7,--,37,43290,买盘
2636,11:04:57,11.7,0.01,18,21060,买盘
2637,11:04:54,11.69,-0.01,5,5845,卖盘
2638,11:04:48,11.7,--,2,2340,买盘
2639,11:04:45,11.7,--,20,23400,买盘
2640,11:04:42,11.7,--,30,35100,买盘
2641,11:04:39,11.7,--,39,45630,买盘
2642,11:04:36,11.7,--,19,22230,买盘
2643,11:04:30,11.7,0.01,61,71370,买盘
2644,11:04:27,11.69,--,1,1169,卖盘
2645,11:04:24,11.69,--,1,1169,卖盘
2646,11:04:21,11.69,-0.01,20,23380,卖盘
2647,11:04:18,11.7,-0.01,85,99450,卖盘
2648,11:04:15,11.71,0.01,14,16394,买盘
2649,11:04:12,11.7,--,3,3510,卖盘
2650,11:04:09,11.7,--,131,153270,卖盘
2651,11:04:06,11.7,0.01,107,125189,买盘
2652,11:04:03,11.69,--,23,26887,卖盘
2653,11:04:00,11.69,--,27,31563,卖盘
2654,11:03:57,11.69,-0.01,1,1169,卖盘
2655,11:03:54,11.7,--,60,70200,买盘
2656,11:03:51,11.7,0.01,15,17550,买盘
2657,11:03:48,11.69,-0.01,7,8183,卖盘
2658,11:03:45,11.7,0.01,1,1170,买盘
2659,11:03:42,11.69,-0.01,79,92351,卖盘
2660,11:03:39,11.7,0.01,41,47970,买盘
2661,11:03:36,11.69,-0.01,118,137942,卖盘
2662,11:03:33,11.7,--,659,771030,卖盘
2663,11:03:30,11.7,--,4,4680,卖盘
2664,11:03:27,11.7,--,1,1170,卖盘
2665,11:03:24,11.7,--,16,18720,卖盘
2666,11:03:18,11.7,--,81,94770,卖盘
2667,11:03:15,11.7,-0.01,21,24570,卖盘
2668,11:03:12,11.71,0.01,85,99535,买盘
2669,11:03:06,11.7,--,3,3510,卖盘
2670,11:03:03,11.7,--,21,24570,卖盘
2671,11:03:00,11.7,-0.01,5,5850,卖盘
2672,11:02:57,11.71,--,74,86654,买盘
2673,11:02:54,11.71,0.01,63,73773,买盘
2674,11:02:51,11.7,-0.01,19,22230,卖盘
2675,11:02:48,11.71,--,14,16394,买盘
2676,11:02:45,11.71,0.01,34,39814,买盘
2677,11:02:42,11.7,-0.01,40,46800,卖盘
2678,11:02:39,11.71,--,45,52695,买盘
2679,11:02:36,11.71,--,41,48011,买盘
2680,11:02:33,11.71,0.01,125,146375,买盘
2681,11:02:30,11.7,-0.01,6,7020,卖盘
2682,11:02:27,11.71,0.01,56,65576,买盘
2683,11:02:24,11.7,--,12,14040,卖盘
2684,11:02:21,11.7,-0.01,112,131039,卖盘
2685,11:02:18,11.71,0.01,714,836094,买盘
2686,11:02:15,11.7,-0.01,12,14040,卖盘
2687,11:02:12,11.71,0.01,78,91338,买盘
2688,11:02:09,11.7,-0.01,1007,1178190,卖盘
2689,11:02:06,11.71,0.01,137,160427,买盘
2690,11:02:03,11.7,--,7,8189,卖盘
2691,11:02:00,11.7,--,73,86252,卖盘
2692,11:01:57,11.7,--,418,489059,卖盘
2693,11:01:54,11.7,--,117,136890,卖盘
2694,11:01:51,11.7,--,288,336960,卖盘
2695,11:01:48,11.7,--,10,11700,卖盘
2696,11:01:45,11.7,0.01,226,265063,买盘
2697,11:01:42,11.69,-0.01,143,167167,卖盘
2698,11:01:39,11.7,0.01,38,44460,买盘
2699,11:01:36,11.69,--,87,101703,卖盘
2700,11:01:33,11.69,--,17,19873,卖盘
2701,11:01:30,11.69,-0.01,225,263551,卖盘
2702,11:01:27,11.7,-0.01,170,198900,卖盘
2703,11:01:24,11.71,0.01,28,32788,买盘
2704,11:01:21,11.7,-0.01,68,79560,卖盘
2705,11:01:18,11.71,0.01,72,84312,买盘
2706,11:01:15,11.7,-0.01,596,697320,卖盘
2707,11:01:12,11.71,0.01,59,69089,买盘
2708,11:01:09,11.7,--,86,100620,卖盘
2709,11:01:06,11.7,0.01,382,447583,买盘
2710,11:01:03,11.69,--,16,18704,卖盘
2711,11:01:00,11.69,-0.01,460,538266,卖盘
2712,11:00:57,11.7,--,24,28080,卖盘
2713,11:00:54,11.7,--,20,23400,卖盘
2714,11:00:51,11.7,-0.01,224,262079,卖盘
2715,11:00:48,11.71,--,155,181505,买盘
2716,11:00:45,11.71,--,13,15223,买盘
2717,11:00:42,11.71,--,176,206096,买盘
2718,11:00:39,11.71,--,91,106561,买盘
2719,11:00:36,11.71,0.01,153,179163,买盘
2720,11:00:33,11.7,-0.01,12,14040,卖盘
2721,11:00:30,11.71,--,301,352471,买盘
2722,11:00:27,11.71,0.01,18,21078,买盘
2723,11:00:24,11.7,--,161,188370,卖盘
2724,11:00:21,11.7,--,70,81900,卖盘
2725,11:00:12,11.7,-0.01,37,43290,卖盘
2726,11:00:09,11.71,0.01,212,248896,买盘
2727,11:00:06,11.7,--,10,11700,卖盘
2728,11:00:03,11.7,--,68,79560,卖盘
2729,11:00:00,11.7,-0.01,3,3510,卖盘
2730,10:59:57,11.71,0.01,42,49182,买盘
2731,10:59:54,11.7,--,10,11700,卖盘
2732,10:59:51,11.7,-0.01,73,85410,卖盘
2733,10:59:48,11.71,--,35,40985,买盘
2734,10:59:45,11.71,--,25,29275,买盘
2735,10:59:42,11.71,--,52,60892,买盘
2736,10:59:39,11.71,0.01,17,19907,买盘
2737,10:59:36,11.7,-0.01,36,42120,卖盘
2738,10:59:33,11.71,0.01,298,348958,买盘
2739,10:59:30,11.7,--,12,14040,卖盘
2740,10:59:27,11.7,--,6,7020,卖盘
2741,10:59:24,11.7,--,176,205920,卖盘
2742,10:59:21,11.7,--,22,25740,卖盘
2743,10:59:18,11.7,--,201,235170,卖盘
2744,10:59:15,11.7,--,2,2340,卖盘
2745,10:59:12,11.7,--,392,458640,卖盘
2746,10:59:09,11.7,--,40,46800,卖盘
2747,10:59:06,11.7,0.01,90,105300,买盘
2748,10:59:03,11.69,--,125,146125,卖盘
2749,10:59:00,11.69,-0.01,11,12859,卖盘
2750,10:58:57,11.7,--,38,44460,买盘
2751,10:58:54,11.7,--,133,155610,买盘
2752,10:58:48,11.7,--,22,25740,买盘
2753,10:58:45,11.7,0.01,637,745290,买盘
2754,10:58:42,11.69,-0.01,90,105210,卖盘
2755,10:58:39,11.7,0.01,32,37440,买盘
2756,10:58:36,11.69,-0.01,9,10521,卖盘
2757,10:58:33,11.7,--,25,29250,买盘
2758,10:58:30,11.7,0.02,303,354510,买盘
2759,10:58:27,11.68,--,40,46895,卖盘
2760,10:58:24,11.68,-0.02,79,92272,卖盘
2761,10:58:21,11.7,0.01,1045,1222650,买盘
2762,10:58:18,11.69,-0.01,44,51436,卖盘
2763,10:58:09,11.7,0.01,37,43290,买盘
2764,10:58:06,11.69,0.01,72,84168,买盘
2765,10:58:03,11.68,-0.01,24,28032,卖盘
2766,10:58:00,11.69,0.01,327,382263,买盘
2767,10:57:57,11.68,-0.01,205,239440,卖盘
2768,10:57:54,11.69,0.01,206,240814,买盘
2769,10:57:51,11.68,--,52,60736,卖盘
2770,10:57:48,11.68,-0.01,346,404128,卖盘
2771,10:57:45,11.69,--,3,3507,买盘
2772,10:57:42,11.69,0.01,50,58450,买盘
2773,10:57:39,11.68,--,459,536112,买盘
2774,10:57:36,11.68,0.01,53,61904,买盘
2775,10:57:33,11.67,--,63,73521,卖盘
2776,10:57:30,11.67,-0.01,3,3501,卖盘
2777,10:57:27,11.68,--,935,1092080,买盘
2778,10:57:24,11.68,0.01,11,12848,买盘
2779,10:57:21,11.67,--,44,51348,卖盘
2780,10:57:18,11.67,-0.01,8,9336,卖盘
2781,10:57:12,11.68,0.01,14,16352,买盘
2782,10:57:06,11.67,--,15,17505,卖盘
