,time,price,change,volume,amount,type
0,15:00:03,12.32,0.01,9251,11397232,买盘
1,14:57:00,12.31,0.01,94,115714,买盘
2,14:56:57,12.3,--,161,198030,卖盘
3,14:56:54,12.3,--,74,91020,卖盘
4,14:56:51,12.3,-0.01,95,116850,卖盘
5,14:56:48,12.31,--,418,514558,买盘
6,14:56:45,12.31,0.01,512,630272,买盘
7,14:56:42,12.3,-0.01,196,241080,卖盘
8,14:56:39,12.31,--,120,147720,买盘
9,14:56:36,12.31,0.01,182,224042,买盘
10,14:56:33,12.3,-0.01,139,170970,卖盘
11,14:56:30,12.31,--,156,192036,买盘
12,14:56:27,12.31,--,204,251124,买盘
13,14:56:24,12.31,--,245,301595,买盘
14,14:56:21,12.31,0.01,529,651199,买盘
15,14:56:18,12.3,-0.01,52,63960,卖盘
16,14:56:15,12.31,--,56,68936,买盘
17,14:56:12,12.31,0.01,453,557643,买盘
18,14:56:09,12.3,-0.01,216,265680,卖盘
19,14:56:06,12.31,0.01,117,144027,买盘
20,14:56:03,12.3,--,212,260760,卖盘
21,14:56:00,12.3,--,26,31980,卖盘
22,14:55:57,12.3,--,66,81180,卖盘
23,14:55:54,12.3,--,30,36900,卖盘
24,14:55:51,12.3,-0.01,136,167280,卖盘
25,14:55:48,12.31,0.01,281,345911,买盘
26,14:55:45,12.3,--,32,39360,卖盘
27,14:55:42,12.3,--,149,183270,卖盘
28,14:55:39,12.3,0.01,810,996300,买盘
29,14:55:36,12.29,--,372,457187,卖盘
30,14:55:33,12.29,--,161,197869,卖盘
31,14:55:30,12.29,--,441,541989,卖盘
32,14:55:27,12.29,-0.01,106,130273,卖盘
33,14:55:24,12.3,--,111,136530,买盘
34,14:55:21,12.3,-0.01,30,36900,买盘
35,14:55:18,12.31,0.02,761,936791,买盘
36,14:55:15,12.29,--,31,38099,卖盘
37,14:55:12,12.29,0.01,20,24580,中性盘
38,14:55:09,12.28,-0.02,88,108064,卖盘
39,14:55:06,12.3,--,119,146370,卖盘
40,14:55:03,12.3,--,30,36900,卖盘
41,14:55:00,12.3,--,118,145140,卖盘
42,14:54:57,12.3,-0.01,54,66420,买盘
43,14:54:54,12.31,--,134,164954,买盘
44,14:54:51,12.31,0.01,285,350835,买盘
45,14:54:48,12.3,--,142,174709,卖盘
46,14:54:45,12.3,--,362,445260,卖盘
47,14:54:42,12.3,--,686,843780,卖盘
48,14:54:39,12.3,--,997,1226310,卖盘
49,14:54:36,12.3,--,336,413280,卖盘
50,14:54:33,12.3,--,154,189420,卖盘
51,14:54:30,12.3,0.03,2799,3443950,买盘
52,14:54:27,12.27,--,52,63804,买盘
53,14:54:21,12.27,--,40,49080,买盘
54,14:54:18,12.27,--,7,8589,买盘
55,14:54:15,12.27,-0.02,465,570555,卖盘
56,14:54:12,12.29,0.01,155,190495,买盘
57,14:54:09,12.28,--,146,179288,卖盘
58,14:54:06,12.28,-0.01,297,364716,卖盘
59,14:54:03,12.29,0.01,32,39328,买盘
60,14:54:00,12.28,--,114,139992,卖盘
61,14:53:57,12.28,--,64,78592,卖盘
62,14:53:54,12.28,--,96,117888,买盘
63,14:53:51,12.28,0.01,60,73680,买盘
64,14:53:48,12.27,--,162,198774,卖盘
65,14:53:45,12.27,--,257,315339,卖盘
66,14:53:42,12.27,-0.01,21,25767,卖盘
67,14:53:39,12.28,--,49,60172,买盘
68,14:53:36,12.28,--,345,423660,买盘
69,14:53:33,12.28,0.01,216,265248,买盘
70,14:53:30,12.27,-0.01,29,35583,卖盘
71,14:53:27,12.28,-0.01,5192,6375776,卖盘
72,14:53:24,12.29,0.01,187,229822,买盘
73,14:53:21,12.28,-0.01,65,79820,卖盘
74,14:53:18,12.29,--,861,1058169,买盘
75,14:53:12,12.29,0.01,146,179434,买盘
76,14:53:09,12.28,-0.01,112,137536,卖盘
77,14:53:06,12.29,0.01,236,290044,买盘
78,14:53:03,12.28,--,339,416292,卖盘
79,14:53:00,12.28,--,224,275072,买盘
80,14:52:57,12.28,--,180,221040,买盘
81,14:52:54,12.28,--,187,229636,买盘
82,14:52:51,12.28,--,77,94556,买盘
83,14:52:48,12.28,--,288,353664,买盘
84,14:52:45,12.28,--,198,243144,买盘
85,14:52:42,12.28,0.01,298,365944,买盘
86,14:52:39,12.27,--,37,45399,卖盘
87,14:52:36,12.27,--,19,23313,卖盘
88,14:52:33,12.27,--,599,734973,买盘
89,14:52:30,12.27,--,629,771783,买盘
90,14:52:27,12.27,0.01,172,211044,买盘
91,14:52:24,12.26,--,14,17164,卖盘
92,14:52:21,12.26,--,147,180222,买盘
93,14:52:18,12.26,--,1041,1276266,买盘
94,14:52:15,12.26,0.01,1029,1261554,买盘
95,14:52:12,12.25,-0.01,154,188650,卖盘
96,14:52:09,12.26,0.01,7,8582,买盘
97,14:52:06,12.25,--,1222,1496950,买盘
98,14:52:03,12.25,0.01,2204,2699900,买盘
99,14:52:00,12.24,-0.01,190,232560,卖盘
100,14:51:57,12.25,0.01,796,975100,买盘
101,14:51:54,12.24,--,42,51408,卖盘
102,14:51:51,12.24,--,40,48960,卖盘
103,14:51:48,12.24,--,380,465120,买盘
104,14:51:45,12.24,--,305,373320,买盘
105,14:51:42,12.24,--,124,151776,买盘
106,14:51:39,12.24,--,477,583848,买盘
107,14:51:36,12.24,--,469,574056,买盘
108,14:51:33,12.24,--,176,215424,买盘
109,14:51:30,12.24,--,87,106488,买盘
110,14:51:27,12.24,--,393,481032,买盘
111,14:51:24,12.24,--,227,277848,买盘
112,14:51:21,12.24,--,138,168912,买盘
113,14:51:18,12.24,--,15,18360,买盘
114,14:51:15,12.24,0.01,76,93024,买盘
115,14:51:12,12.23,--,872,1066456,买盘
116,14:51:09,12.23,--,254,310642,买盘
117,14:51:06,12.23,--,130,158990,买盘
118,14:51:03,12.23,0.01,507,620061,买盘
119,14:51:00,12.22,-0.01,20,24440,卖盘
120,14:50:57,12.23,0.01,796,973508,买盘
121,14:50:54,12.22,--,147,179634,买盘
122,14:50:51,12.22,0.02,98,119756,买盘
123,14:50:48,12.2,-0.02,359,437980,卖盘
124,14:50:45,12.22,--,100,122200,买盘
125,14:50:42,12.22,--,166,202852,买盘
126,14:50:39,12.22,0.01,295,360490,买盘
127,14:50:36,12.21,--,314,383394,卖盘
128,14:50:33,12.21,--,12,14652,买盘
129,14:50:30,12.21,0.01,912,1113552,买盘
130,14:50:27,12.2,-0.01,20,24400,卖盘
131,14:50:24,12.21,0.01,6,7326,买盘
132,14:50:21,12.2,--,5,6100,卖盘
133,14:50:18,12.2,--,2,2440,卖盘
134,14:50:15,12.2,0.02,250,305000,买盘
135,14:50:12,12.18,-0.03,360,438480,卖盘
136,14:50:09,12.21,0.03,881,1075701,买盘
137,14:50:06,12.18,-0.01,441,537138,卖盘
138,14:50:03,12.19,-0.01,90,109710,卖盘
139,14:50:00,12.2,0.02,269,328180,买盘
140,14:49:57,12.18,-0.02,41,49938,卖盘
141,14:49:54,12.2,0.01,115,140300,买盘
142,14:49:51,12.19,-0.01,207,252333,卖盘
143,14:49:48,12.2,0.01,551,672220,买盘
144,14:49:45,12.19,--,90,109710,卖盘
145,14:49:42,12.19,0.01,91,110929,中性盘
146,14:49:39,12.18,--,156,190008,卖盘
147,14:49:36,12.18,--,32,38976,卖盘
148,14:49:33,12.18,-0.01,47,57246,卖盘
149,14:49:30,12.19,0.01,33,40227,买盘
150,14:49:27,12.18,--,22,26796,卖盘
151,14:49:24,12.18,-0.01,65,79170,卖盘
152,14:49:21,12.19,--,149,181631,买盘
153,14:49:18,12.19,0.01,82,99958,买盘
154,14:49:15,12.18,--,60,73080,卖盘
155,14:49:12,12.18,-0.01,23,28014,卖盘
156,14:49:09,12.19,0.01,49,59731,买盘
157,14:49:06,12.18,-0.01,85,103530,卖盘
158,14:49:03,12.19,--,132,160908,卖盘
159,14:49:00,12.19,--,238,290122,卖盘
160,14:48:57,12.19,--,108,131652,卖盘
161,14:48:54,12.19,--,17,20723,卖盘
162,14:48:51,12.19,--,34,41446,卖盘
163,14:48:48,12.19,-0.01,15,18285,卖盘
164,14:48:45,12.2,0.01,53,64659,买盘
165,14:48:42,12.19,--,54,65826,卖盘
166,14:48:39,12.19,--,10,12190,卖盘
167,14:48:36,12.19,0.01,275,335225,买盘
168,14:48:33,12.18,--,1,1218,卖盘
169,14:48:30,12.18,-0.01,10,12180,卖盘
170,14:48:27,12.19,0.01,1,1219,买盘
171,14:48:24,12.18,--,51,62118,卖盘
172,14:48:21,12.18,-0.01,40,48720,卖盘
173,14:48:18,12.19,--,135,164565,卖盘
174,14:48:15,12.19,--,24,29256,卖盘
175,14:48:12,12.19,--,48,58512,卖盘
176,14:48:09,12.19,--,51,62169,卖盘
177,14:48:06,12.19,--,12,14628,卖盘
178,14:48:00,12.19,--,4,4876,卖盘
179,14:47:57,12.19,--,9,10971,卖盘
180,14:47:54,12.19,-0.01,16,19504,卖盘
181,14:47:51,12.2,--,35,42700,买盘
182,14:47:48,12.2,0.01,42,51240,买盘
183,14:47:45,12.19,-0.01,300,365700,卖盘
184,14:47:42,12.2,--,55,67100,卖盘
185,14:47:39,12.2,--,49,59780,卖盘
186,14:47:36,12.2,--,175,213500,卖盘
187,14:47:33,12.2,--,137,167140,卖盘
188,14:47:30,12.2,-0.01,93,113460,卖盘
189,14:47:27,12.21,0.01,10,12210,买盘
190,14:47:24,12.2,-0.01,354,431880,卖盘
191,14:47:21,12.21,--,154,188034,买盘
192,14:47:18,12.21,0.01,53,64713,买盘
193,14:47:15,12.2,-0.01,4,4880,中性盘
194,14:47:12,12.21,0.02,15,18315,买盘
195,14:47:09,12.19,-0.02,15,18285,卖盘
196,14:47:06,12.21,--,27,32967,买盘
197,14:47:03,12.21,0.02,20,24420,买盘
198,14:47:00,12.19,-0.02,41,49979,卖盘
199,14:46:57,12.21,0.01,210,256410,买盘
200,14:46:54,12.2,--,928,1132160,卖盘
201,14:46:51,12.2,--,86,104920,卖盘
202,14:46:48,12.2,-0.01,35,42700,卖盘
203,14:46:45,12.21,0.01,7,8547,买盘
204,14:46:42,12.2,-0.01,50,61000,卖盘
205,14:46:39,12.21,--,16,19536,买盘
206,14:46:36,12.21,-0.01,389,474969,买盘
207,14:46:33,12.22,0.01,20,24440,买盘
208,14:46:30,12.21,--,89,108669,卖盘
209,14:46:27,12.21,--,836,1020756,卖盘
210,14:46:24,12.21,-0.01,83,101343,卖盘
211,14:46:21,12.22,0.01,406,496132,买盘
212,14:46:15,12.21,--,107,130647,卖盘
213,14:46:12,12.21,0.01,833,1017093,买盘
214,14:46:09,12.2,--,10,12200,卖盘
215,14:46:06,12.2,--,14,17080,卖盘
216,14:46:03,12.2,--,6,7320,卖盘
217,14:46:00,12.2,-0.01,59,71980,卖盘
218,14:45:57,12.21,0.01,108,131868,卖盘
219,14:45:54,12.2,-0.01,160,195468,卖盘
220,14:45:51,12.21,--,446,544566,买盘
221,14:45:48,12.21,0.01,32,39072,买盘
222,14:45:45,12.2,-0.01,64,78080,卖盘
223,14:45:42,12.21,0.01,152,185592,买盘
224,14:45:39,12.2,--,62,75640,卖盘
225,14:45:36,12.2,-0.01,1214,1481080,卖盘
226,14:45:33,12.21,--,976,1191696,买盘
227,14:45:30,12.21,0.01,145,177045,买盘
228,14:45:27,12.2,--,1,1220,卖盘
229,14:45:24,12.2,--,73,89060,卖盘
230,14:45:21,12.2,-0.01,75,91500,卖盘
231,14:45:18,12.21,0.01,36,43956,买盘
232,14:45:15,12.2,--,35,42700,卖盘
233,14:45:12,12.2,--,126,153720,卖盘
234,14:45:09,12.2,--,225,274500,买盘
235,14:45:06,12.2,--,150,183000,卖盘
236,14:45:03,12.2,0.01,369,450180,买盘
237,14:45:00,12.19,-0.01,85,103615,卖盘
238,14:44:57,12.2,--,93,113460,买盘
239,14:44:54,12.2,--,61,74420,买盘
240,14:44:48,12.2,--,26,31719,卖盘
241,14:44:45,12.2,--,22,26840,卖盘
242,14:44:42,12.2,--,56,68320,卖盘
243,14:44:39,12.2,0.01,26,31719,买盘
244,14:44:36,12.19,--,325,396175,卖盘
245,14:44:30,12.19,-0.01,50,60950,卖盘
246,14:44:27,12.2,--,1,1220,买盘
247,14:44:24,12.2,0.01,106,129319,买盘
248,14:44:21,12.19,-0.01,72,87768,卖盘
249,14:44:18,12.2,--,74,90280,卖盘
250,14:44:15,12.2,--,278,339160,卖盘
251,14:44:12,12.2,--,361,440420,卖盘
252,14:44:09,12.2,--,104,126879,卖盘
253,14:44:06,12.2,-0.01,14,17080,卖盘
254,14:44:03,12.21,--,15,18315,买盘
255,14:44:00,12.21,--,15,18315,卖盘
256,14:43:57,12.21,--,47,57387,卖盘
257,14:43:54,12.21,--,53,64713,卖盘
258,14:43:51,12.21,-0.01,19,23199,卖盘
259,14:43:48,12.22,0.01,143,174746,买盘
260,14:43:45,12.21,0.01,104,126984,买盘
261,14:43:42,12.2,-0.01,12,14640,卖盘
262,14:43:39,12.21,--,10,12210,买盘
263,14:43:36,12.21,0.01,45,54945,买盘
264,14:43:33,12.2,--,46,56120,卖盘
265,14:43:30,12.2,-0.01,115,140300,卖盘
266,14:43:27,12.21,--,17,20757,买盘
267,14:43:24,12.21,0.01,15,18315,中性盘
268,14:43:21,12.2,-0.03,795,969900,卖盘
269,14:43:18,12.23,0.01,3,3669,买盘
270,14:43:15,12.22,--,533,651326,卖盘
271,14:43:12,12.22,--,230,281060,卖盘
272,14:43:09,12.22,--,216,263952,卖盘
273,14:43:06,12.22,--,44,53768,卖盘
274,14:43:03,12.22,--,120,146640,卖盘
275,14:43:00,12.22,--,26,31772,卖盘
276,14:42:57,12.22,0.01,184,224848,买盘
277,14:42:54,12.21,-0.01,542,661782,卖盘
278,14:42:51,12.22,0.01,89,108758,买盘
279,14:42:48,12.21,--,13,15873,卖盘
280,14:42:45,12.21,-0.01,81,98901,卖盘
281,14:42:42,12.22,0.01,35,42770,买盘
282,14:42:39,12.21,-0.01,2,2442,卖盘
283,14:42:36,12.22,0.01,58,70876,买盘
284,14:42:33,12.21,-0.01,40,48840,卖盘
285,14:42:30,12.22,0.01,73,89206,买盘
286,14:42:27,12.21,-0.01,134,163614,卖盘
287,14:42:24,12.22,0.01,253,309166,买盘
288,14:42:21,12.21,--,46,56166,卖盘
289,14:42:18,12.21,--,10,12210,卖盘
290,14:42:15,12.21,0.01,55,67155,买盘
291,14:42:12,12.2,-0.02,446,544120,卖盘
292,14:42:09,12.22,0.02,2144,2619968,买盘
293,14:42:06,12.2,-0.01,17,20740,卖盘
294,14:42:03,12.21,--,94,114774,买盘
295,14:42:00,12.21,--,165,201465,买盘
296,14:41:57,12.21,0.01,1,1221,买盘
297,14:41:54,12.2,--,55,67100,卖盘
298,14:41:51,12.2,--,68,82960,卖盘
299,14:41:48,12.2,--,1269,1548180,买盘
300,14:41:45,12.2,--,102,124440,买盘
301,14:41:42,12.2,--,255,311100,买盘
302,14:41:39,12.2,--,18,21960,买盘
303,14:41:36,12.2,0.01,173,211060,买盘
304,14:41:30,12.19,-0.01,41,49979,卖盘
305,14:41:27,12.2,--,33,40260,买盘
306,14:41:24,12.2,--,1,1220,买盘
307,14:41:21,12.2,--,83,101260,买盘
308,14:41:18,12.2,--,159,193980,买盘
309,14:41:15,12.2,--,6,7320,买盘
310,14:41:09,12.2,--,26,31719,买盘
311,14:41:06,12.2,--,168,204960,买盘
312,14:41:03,12.2,--,386,470920,买盘
313,14:41:00,12.2,0.01,165,201300,买盘
314,14:40:57,12.19,-0.01,25,30475,卖盘
315,14:40:54,12.2,--,236,287920,买盘
316,14:40:51,12.2,--,222,270840,买盘
317,14:40:48,12.2,--,148,180560,买盘
318,14:40:45,12.2,--,70,85400,买盘
319,14:40:42,12.2,--,17,20740,买盘
320,14:40:39,12.2,0.01,36,43920,买盘
321,14:40:36,12.19,--,7,8533,卖盘
322,14:40:33,12.19,0.01,2579,3144532,买盘
323,14:40:30,12.18,--,35,42630,买盘
324,14:40:27,12.18,--,1347,1640646,买盘
325,14:40:24,12.18,--,119,144942,买盘
326,14:40:21,12.18,--,10,12180,买盘
327,14:40:18,12.18,--,105,127890,买盘
328,14:40:15,12.18,--,31,37758,买盘
329,14:40:12,12.18,0.01,98,119364,买盘
330,14:40:09,12.17,--,1,1217,卖盘
331,14:40:06,12.17,--,285,346845,卖盘
332,14:40:03,12.17,--,80,97360,卖盘
333,14:40:00,12.17,--,121,147257,买盘
334,14:39:57,12.17,--,64,77888,买盘
335,14:39:54,12.17,0.01,1981,2410877,买盘
336,14:39:51,12.16,-0.01,68,82688,卖盘
337,14:39:48,12.17,--,6,7302,买盘
338,14:39:42,12.17,0.01,20,24340,买盘
339,14:39:30,12.16,--,14,17024,卖盘
340,14:39:27,12.16,--,20,24320,卖盘
341,14:39:24,12.16,--,151,183859,买盘
342,14:39:21,12.16,--,5,6080,买盘
343,14:39:18,12.16,--,282,342912,买盘
344,14:39:15,12.16,--,140,170240,买盘
345,14:39:12,12.16,--,5,6080,买盘
346,14:39:09,12.16,0.01,10,12160,买盘
347,14:39:06,12.15,--,18,21870,卖盘
348,14:39:03,12.15,-0.01,8,9720,卖盘
349,14:39:00,12.16,--,2,2432,买盘
350,14:38:57,12.16,--,53,64448,买盘
351,14:38:54,12.16,--,3,3648,买盘
352,14:38:51,12.16,--,118,143488,买盘
353,14:38:48,12.16,--,5,6080,买盘
354,14:38:45,12.16,--,41,49856,买盘
355,14:38:42,12.16,--,7,8512,买盘
356,14:38:39,12.16,0.01,4,4864,买盘
357,14:38:36,12.15,-0.01,87,105705,卖盘
358,14:38:33,12.16,0.01,57,69312,买盘
359,14:38:30,12.15,0.01,155,189126,买盘
360,14:38:27,12.14,-0.01,30,36420,卖盘
361,14:38:24,12.15,0.01,70,85050,买盘
362,14:38:21,12.14,-0.01,58,70412,卖盘
363,14:38:18,12.15,0.01,230,279450,买盘
364,14:38:12,12.14,--,456,553584,卖盘
365,14:38:09,12.14,--,10,12140,卖盘
366,14:38:06,12.14,--,10,12140,卖盘
367,14:38:03,12.14,--,15,18210,卖盘
368,14:38:00,12.14,--,1,1214,卖盘
369,14:37:57,12.14,-0.01,20,24280,卖盘
370,14:37:54,12.15,0.01,1,1215,买盘
371,14:37:51,12.14,--,25,30350,卖盘
372,14:37:48,12.14,--,35,42490,卖盘
373,14:37:45,12.14,0.01,78,94692,买盘
374,14:37:42,12.13,--,10,12130,卖盘
375,14:37:39,12.13,--,11,13343,卖盘
376,14:37:30,12.13,--,13,16460,买盘
377,14:37:27,12.13,--,44,53372,买盘
378,14:37:24,12.13,--,22,27207,卖盘
379,14:37:21,12.13,0.01,17,21312,买盘
380,14:37:18,12.12,-0.01,36,43632,卖盘
381,14:37:15,12.13,--,1,1213,买盘
382,14:37:09,12.13,--,4,4852,买盘
383,14:37:06,12.13,0.01,125,151625,买盘
384,14:37:03,12.12,--,15,18180,卖盘
385,14:37:00,12.12,-0.01,20,24240,卖盘
386,14:36:57,12.13,--,78,95135,卖盘
387,14:36:54,12.13,--,30,36390,卖盘
388,14:36:51,12.13,--,71,86123,卖盘
389,14:36:48,12.13,-0.01,3,3639,卖盘
390,14:36:45,12.14,0.01,15,18210,买盘
391,14:36:42,12.13,--,110,133430,卖盘
392,14:36:39,12.13,-0.01,4,4852,卖盘
393,14:36:33,12.14,0.01,108,131112,买盘
394,14:36:30,12.13,--,61,73993,卖盘
395,14:36:27,12.13,-0.01,20,24260,卖盘
396,14:36:21,12.14,-0.01,58,70412,卖盘
397,14:36:15,12.15,--,1,1215,买盘
398,14:36:12,12.15,--,15,18638,卖盘
399,14:36:09,12.15,0.01,122,149031,买盘
400,14:36:06,12.14,--,52,63128,卖盘
401,14:36:03,12.14,-0.01,136,165104,卖盘
402,14:36:00,12.15,--,191,232065,买盘
403,14:35:51,12.15,--,5,6075,买盘
404,14:35:48,12.15,--,4,4860,买盘
405,14:35:45,12.15,--,351,426465,买盘
406,14:35:42,12.15,--,38,46583,卖盘
407,14:35:39,12.15,--,52,63180,卖盘
408,14:35:36,12.15,--,24,29160,卖盘
409,14:35:33,12.15,--,66,80991,买盘
410,14:35:30,12.15,--,55,67238,卖盘
411,14:35:27,12.15,--,100,121500,卖盘
412,14:35:24,12.15,--,119,144585,卖盘
413,14:35:21,12.15,-0.01,645,784647,卖盘
414,14:35:18,12.16,--,10,12160,卖盘
415,14:35:15,12.16,--,103,125491,买盘
416,14:35:12,12.16,0.01,16,19456,买盘
417,14:35:09,12.15,-0.01,186,225990,卖盘
418,14:35:06,12.16,0.01,19,23104,买盘
419,14:35:03,12.15,-0.01,8,9720,卖盘
420,14:35:00,12.16,0.01,269,327104,买盘
421,14:34:57,12.15,-0.01,164,199260,卖盘
422,14:34:54,12.16,--,22,26752,买盘
423,14:34:48,12.16,--,68,82688,买盘
424,14:34:45,12.16,--,160,194560,买盘
425,14:34:39,12.16,0.01,14,17024,买盘
426,14:34:36,12.15,-0.01,30,36450,卖盘
427,14:34:33,12.16,--,11,13376,买盘
428,14:34:30,12.16,0.01,6,7296,买盘
429,14:34:27,12.15,-0.01,30,36450,卖盘
430,14:34:24,12.16,--,54,65664,买盘
431,14:34:21,12.16,--,78,94848,卖盘
432,14:34:18,12.16,-0.01,2,2432,卖盘
433,14:34:15,12.17,--,32,38944,买盘
434,14:34:12,12.17,0.01,65,79105,买盘
435,14:34:09,12.16,--,3,3648,卖盘
436,14:34:06,12.16,-0.01,5,6080,卖盘
437,14:34:03,12.17,0.02,151,183767,买盘
438,14:34:00,12.15,--,250,303750,卖盘
439,14:33:57,12.15,--,80,98001,卖盘
440,14:33:54,12.15,-0.01,155,188325,卖盘
441,14:33:51,12.16,0.01,99,120384,买盘
442,14:33:48,12.15,-0.01,104,126360,卖盘
443,14:33:45,12.16,0.01,34,41344,买盘
444,14:33:39,12.15,-0.01,51,61965,卖盘
445,14:33:36,12.16,--,52,63232,买盘
446,14:33:33,12.16,--,34,41344,买盘
447,14:33:30,12.16,--,3,3648,买盘
448,14:33:27,12.16,-0.01,50,60800,买盘
449,14:33:24,12.17,0.01,100,121700,买盘
450,14:33:21,12.16,0.01,165,200640,买盘
451,14:33:18,12.15,-0.01,10,12150,卖盘
452,14:33:15,12.16,-0.01,15,18240,中性盘
453,14:33:12,12.17,--,34,41378,买盘
454,14:33:09,12.17,0.02,28,34076,买盘
455,14:33:06,12.15,-0.01,28,34020,卖盘
456,14:33:03,12.16,--,64,77824,卖盘
457,14:33:00,12.16,--,2,2432,卖盘
458,14:32:57,12.16,--,27,32832,卖盘
459,14:32:54,12.16,--,19,23104,卖盘
460,14:32:51,12.16,-0.01,263,319808,卖盘
461,14:32:48,12.17,--,21,25557,买盘
462,14:32:45,12.17,--,47,57199,买盘
463,14:32:42,12.17,--,59,71803,买盘
464,14:32:39,12.17,-0.01,128,155776,卖盘
465,14:32:36,12.18,0.01,912,1110816,买盘
466,14:32:33,12.17,-0.01,111,135087,卖盘
467,14:32:30,12.18,0.01,38,46284,买盘
468,14:32:27,12.17,-0.01,7,8519,卖盘
469,14:32:24,12.18,-0.01,134,163212,中性盘
470,14:32:21,12.19,0.01,59,71921,买盘
471,14:32:15,12.18,--,230,280140,买盘
472,14:32:12,12.18,--,168,204624,卖盘
473,14:32:09,12.18,--,122,148596,卖盘
474,14:32:06,12.18,--,16,19488,卖盘
475,14:32:03,12.18,--,48,58464,卖盘
476,14:32:00,12.18,--,5,6090,卖盘
477,14:31:57,12.18,--,283,344694,买盘
478,14:31:54,12.18,--,56,68208,买盘
479,14:31:51,12.18,0.01,183,222894,买盘
480,14:31:48,12.17,-0.01,110,133870,卖盘
481,14:31:45,12.18,--,42,51156,买盘
482,14:31:42,12.18,--,52,63336,买盘
483,14:31:39,12.18,0.01,46,56028,买盘
484,14:31:36,12.17,-0.01,20,24340,卖盘
485,14:31:33,12.18,--,81,98658,买盘
486,14:31:30,12.18,--,3,3654,买盘
487,14:31:27,12.18,--,248,302064,买盘
488,14:31:24,12.18,--,117,142506,买盘
489,14:31:21,12.18,--,59,71862,买盘
490,14:31:18,12.18,0.01,76,92568,买盘
491,14:31:15,12.17,-0.01,100,121700,卖盘
492,14:31:12,12.18,0.01,71,86478,买盘
493,14:31:09,12.17,--,136,165512,卖盘
494,14:31:06,12.17,-0.01,48,58416,卖盘
495,14:31:03,12.18,0.01,56,68208,买盘
496,14:30:57,12.17,0.01,347,422299,买盘
497,14:30:54,12.16,-0.01,35,42560,卖盘
498,14:30:51,12.17,--,110,133870,买盘
499,14:30:48,12.17,--,37,45029,买盘
500,14:30:45,12.17,0.01,211,256787,买盘
501,14:30:42,12.16,-0.01,211,256576,卖盘
502,14:30:39,12.17,--,58,70586,买盘
503,14:30:36,12.17,--,9,10953,买盘
504,14:30:33,12.17,0.01,227,276259,买盘
505,14:30:27,12.16,--,1,1216,卖盘
506,14:30:24,12.16,--,102,124032,卖盘
507,14:30:21,12.16,--,132,160512,卖盘
508,14:30:18,12.16,--,192,233472,买盘
509,14:30:15,12.16,--,70,85120,买盘
510,14:30:12,12.16,--,108,131328,买盘
511,14:30:09,12.16,0.01,17,20672,买盘
512,14:30:06,12.15,-0.01,150,182250,卖盘
513,14:30:03,12.16,0.01,55,66880,买盘
514,14:30:00,12.15,--,3,3645,卖盘
515,14:29:57,12.15,--,693,841995,买盘
516,14:29:54,12.15,--,34,41310,买盘
517,14:29:51,12.15,--,422,512730,买盘
518,14:29:48,12.15,--,20,24300,买盘
519,14:29:45,12.15,0.01,100,121500,买盘
520,14:29:42,12.14,--,143,173602,卖盘
521,14:29:39,12.14,0.01,98,118972,买盘
522,14:29:36,12.13,-0.02,82,99466,卖盘
523,14:29:33,12.15,0.01,213,258795,买盘
524,14:29:27,12.14,--,59,71626,买盘
525,14:29:24,12.14,--,12,14568,买盘
526,14:29:21,12.14,--,79,95906,买盘
527,14:29:18,12.14,--,16,19424,卖盘
528,14:29:15,12.14,0.01,49,59486,中性盘
529,14:29:12,12.13,-0.01,217,263912,卖盘
530,14:29:09,12.14,0.01,254,308356,买盘
531,14:29:06,12.13,-0.01,31,37603,卖盘
532,14:29:03,12.14,--,79,95906,买盘
533,14:28:57,12.14,--,50,60700,买盘
534,14:28:54,12.14,--,15,18210,买盘
535,14:28:48,12.14,--,24,29136,买盘
536,14:28:45,12.14,--,13,15782,买盘
537,14:28:42,12.14,0.01,59,71626,买盘
538,14:28:39,12.13,--,117,141921,卖盘
539,14:28:36,12.13,--,1,1213,卖盘
540,14:28:30,12.13,--,5,6065,卖盘
541,14:28:27,12.13,0.01,36,43668,买盘
542,14:28:24,12.12,-0.01,1204,1459248,卖盘
543,14:28:21,12.13,--,58,70354,买盘
544,14:28:18,12.13,--,47,57011,卖盘
545,14:28:15,12.13,--,105,127365,卖盘
546,14:28:12,12.13,--,102,123726,买盘
547,14:28:09,12.13,--,1,1213,买盘
548,14:28:06,12.13,--,88,106744,买盘
549,14:28:03,12.13,--,10,12130,买盘
550,14:28:00,12.13,--,62,75206,买盘
551,14:27:57,12.13,0.01,32,38816,买盘
552,14:27:54,12.12,-0.01,108,130895,卖盘
553,14:27:48,12.13,0.01,353,428189,买盘
554,14:27:45,12.12,--,27,33742,买盘
555,14:27:42,12.12,0.01,112,135744,买盘
556,14:27:39,12.11,-0.01,127,153797,卖盘
557,14:27:36,12.12,--,22,26664,买盘
558,14:27:33,12.12,--,47,57206,卖盘
559,14:27:30,12.12,--,58,71265,买盘
560,14:27:27,12.12,--,27,32723,买盘
561,14:27:24,12.12,--,41,49692,买盘
562,14:27:21,12.12,--,10,12120,买盘
563,14:27:18,12.12,--,10,12120,买盘
564,14:27:12,12.12,0.01,210,254519,买盘
565,14:27:09,12.11,-0.01,119,144109,卖盘
566,14:27:06,12.12,--,54,65447,买盘
567,14:27:03,12.12,0.01,10,12120,买盘
568,14:27:00,12.11,-0.01,120,145320,卖盘
569,14:26:57,12.12,0.01,99,119987,买盘
570,14:26:54,12.11,-0.01,4,4844,卖盘
571,14:26:51,12.12,--,43,52116,买盘
572,14:26:48,12.12,0.01,53,64235,买盘
573,14:26:45,12.11,--,223,270053,卖盘
574,14:26:42,12.11,-0.01,29,35119,卖盘
575,14:26:30,12.12,--,108,130895,买盘
576,14:26:27,12.12,0.01,17,20604,买盘
577,14:26:18,12.11,--,35,42385,卖盘
578,14:26:15,12.11,--,35,42385,卖盘
579,14:26:12,12.11,--,3,3633,卖盘
580,14:26:09,12.11,--,16,19376,卖盘
581,14:26:06,12.11,--,8,9688,卖盘
582,14:26:03,12.11,--,2,2422,卖盘
583,14:26:00,12.11,--,5,6055,买盘
584,14:25:57,12.11,--,21,25431,买盘
585,14:25:54,12.11,--,85,102935,买盘
586,14:25:51,12.11,--,21,25431,买盘
587,14:25:48,12.11,--,10,12110,买盘
588,14:25:45,12.11,--,54,65394,买盘
589,14:25:42,12.11,--,5,6055,买盘
590,14:25:39,12.11,0.01,8,9688,中性盘
591,14:25:36,12.1,-0.01,51,61710,卖盘
592,14:25:33,12.11,--,94,113834,买盘
593,14:25:30,12.11,0.01,26,31486,买盘
594,14:25:24,12.1,-0.01,101,122210,卖盘
595,14:25:21,12.11,--,28,33908,买盘
596,14:25:15,12.11,0.01,20,24220,买盘
597,14:25:12,12.1,--,16,19360,卖盘
598,14:25:09,12.1,0.01,48,58080,买盘
599,14:25:06,12.09,-0.01,4,4836,卖盘
600,14:25:03,12.1,0.01,33,39930,买盘
601,14:25:00,12.09,-0.01,4,4836,卖盘
602,14:24:54,12.1,0.01,162,196020,买盘
603,14:24:51,12.09,-0.01,16,19344,卖盘
604,14:24:48,12.1,0.01,60,72600,买盘
605,14:24:45,12.09,-0.01,14,16926,卖盘
606,14:24:42,12.1,0.01,9,10890,买盘
607,14:24:39,12.09,-0.01,1,1209,卖盘
608,14:24:36,12.1,0.01,15,18150,买盘
609,14:24:30,12.09,-0.01,2,2418,卖盘
610,14:24:27,12.1,0.01,19,22990,买盘
611,14:24:21,12.09,-0.01,114,137826,卖盘
612,14:24:18,12.1,--,60,72600,卖盘
613,14:24:15,12.1,-0.01,40,48400,卖盘
614,14:24:12,12.11,0.01,18,21798,买盘
615,14:24:09,12.1,-0.01,10,12100,卖盘
616,14:24:06,12.11,-0.01,25,30275,卖盘
617,14:24:03,12.12,--,22,26664,买盘
618,14:24:00,12.12,0.01,21,25452,买盘
619,14:23:57,12.11,-0.01,1,1211,卖盘
620,14:23:54,12.12,--,547,663206,卖盘
621,14:23:51,12.12,-0.01,534,647208,卖盘
622,14:23:48,12.13,--,20,24260,买盘
623,14:23:45,12.13,0.01,67,81271,买盘
624,14:23:42,12.12,-0.01,144,174528,卖盘
625,14:23:39,12.13,--,34,41242,买盘
626,14:23:33,12.13,0.01,3,3639,买盘
627,14:23:30,12.12,-0.02,70,84840,卖盘
628,14:23:27,12.14,0.01,115,139610,买盘
629,14:23:24,12.13,--,200,242600,卖盘
630,14:23:21,12.13,--,27,32751,买盘
631,14:23:18,12.13,0.01,121,146773,买盘
632,14:23:15,12.12,-0.01,3,3635,卖盘
633,14:23:12,12.13,--,151,183163,卖盘
634,14:23:09,12.13,--,115,139495,买盘
635,14:23:06,12.13,--,30,36390,卖盘
636,14:23:03,12.13,--,2,2426,卖盘
637,14:23:00,12.13,-0.01,236,286268,卖盘
638,14:22:57,12.14,0.01,294,356916,买盘
639,14:22:54,12.13,0.01,46,55798,买盘
640,14:22:51,12.12,--,234,283608,卖盘
641,14:22:48,12.12,-0.01,21,25452,卖盘
642,14:22:45,12.13,0.01,39,47307,买盘
643,14:22:42,12.12,--,21,25452,卖盘
644,14:22:39,12.12,--,3,3635,卖盘
645,14:22:36,12.12,-0.01,100,121199,卖盘
646,14:22:33,12.13,--,1110,1346430,卖盘
647,14:22:30,12.13,--,1,1213,买盘
648,14:22:27,12.13,0.01,1146,1390098,买盘
649,14:22:24,12.12,-0.01,52,63023,卖盘
650,14:22:21,12.13,--,32,38816,买盘
651,14:22:18,12.13,--,25,30325,买盘
652,14:22:15,12.13,--,272,329936,卖盘
653,14:22:12,12.13,--,73,88549,买盘
654,14:22:09,12.13,0.01,13,15769,买盘
655,14:22:06,12.12,-0.01,126,152712,卖盘
656,14:22:03,12.13,0.01,1,1213,买盘
657,14:22:00,12.12,--,2,2424,卖盘
658,14:21:54,12.12,--,19,23028,卖盘
659,14:21:51,12.12,0.02,2396,2904921,买盘
660,14:21:48,12.1,0.01,50,60500,买盘
661,14:21:45,12.09,--,29,35061,卖盘
662,14:21:39,12.09,--,3,3627,卖盘
663,14:21:36,12.09,--,159,192231,卖盘
664,14:21:33,12.09,-0.01,30,36270,卖盘
665,14:21:30,12.1,--,60,72600,买盘
666,14:21:27,12.1,0.01,40,48400,买盘
667,14:21:24,12.09,--,2,2418,卖盘
668,14:21:21,12.09,--,64,77376,卖盘
669,14:21:18,12.09,-0.01,607,733863,卖盘
670,14:21:15,12.1,0.01,5,6050,买盘
671,14:21:12,12.09,--,107,129363,卖盘
672,14:21:09,12.09,--,144,174096,卖盘
673,14:21:06,12.09,--,2,2418,卖盘
674,14:21:00,12.09,--,34,41106,卖盘
675,14:20:51,12.09,-0.01,13,15717,卖盘
676,14:20:48,12.1,0.01,20,24200,买盘
677,14:20:45,12.09,0.01,237,286533,买盘
678,14:20:42,12.08,--,28,33824,卖盘
679,14:20:39,12.08,--,3,3624,卖盘
680,14:20:36,12.08,-0.01,46,55568,卖盘
681,14:20:30,12.09,--,10,12090,买盘
682,14:20:27,12.09,--,105,126945,买盘
683,14:20:24,12.09,0.01,42,50778,买盘
684,14:20:21,12.08,--,76,91808,卖盘
685,14:20:18,12.08,--,27,32616,卖盘
686,14:20:12,12.08,--,60,72480,卖盘
687,14:20:09,12.08,--,121,146168,卖盘
688,14:20:06,12.08,-0.01,8,9664,卖盘
689,14:19:54,12.09,--,54,65286,买盘
690,14:19:51,12.09,0.01,32,38688,买盘
691,14:19:48,12.08,--,414,500112,卖盘
692,14:19:45,12.08,-0.01,11,13288,卖盘
693,14:19:42,12.09,0.01,65,78585,买盘
694,14:19:39,12.08,--,29,35032,卖盘
695,14:19:33,12.08,--,92,111136,卖盘
696,14:19:30,12.08,--,68,82144,卖盘
697,14:19:27,12.08,-0.01,10,12080,卖盘
698,14:19:24,12.09,--,10,12090,买盘
699,14:19:21,12.09,0.01,10,12090,买盘
700,14:19:18,12.08,-0.01,1,1208,卖盘
701,14:19:15,12.09,--,73,88257,买盘
702,14:19:12,12.09,--,48,58032,买盘
703,14:19:09,12.09,0.01,214,258726,买盘
704,14:19:06,12.08,-0.01,62,74896,卖盘
705,14:19:03,12.09,--,210,253890,买盘
706,14:18:57,12.09,--,109,131781,买盘
707,14:18:54,12.09,0.01,145,175305,买盘
708,14:18:48,12.08,--,3,3624,卖盘
709,14:18:45,12.08,-0.01,34,41072,卖盘
710,14:18:42,12.09,--,198,239382,买盘
711,14:18:39,12.09,--,27,32643,买盘
712,14:18:36,12.09,--,5,6045,买盘
713,14:18:33,12.09,--,5,6045,买盘
714,14:18:27,12.09,--,20,24180,买盘
715,14:18:21,12.09,0.01,64,77376,买盘
716,14:18:18,12.08,-0.01,49,59192,中性盘
717,14:18:12,12.09,0.02,27,32643,买盘
718,14:18:09,12.07,--,605,730235,卖盘
719,14:18:06,12.07,-0.01,90,108630,卖盘
720,14:18:03,12.08,0.01,104,125632,买盘
721,14:18:00,12.07,--,34,41038,买盘
722,14:17:57,12.07,--,74,89318,卖盘
723,14:17:54,12.07,--,117,141219,买盘
724,14:17:51,12.07,--,117,141219,买盘
725,14:17:48,12.07,-0.01,44,53108,卖盘
726,14:17:45,12.08,--,194,234352,买盘
727,14:17:42,12.08,0.01,128,154624,买盘
728,14:17:39,12.07,--,139,167773,卖盘
729,14:17:36,12.07,--,72,86904,卖盘
730,14:17:33,12.07,--,212,255884,买盘
731,14:17:30,12.07,--,88,106216,买盘
732,14:17:27,12.07,--,130,156910,买盘
733,14:17:24,12.07,0.01,25,30175,买盘
734,14:17:18,12.06,--,9,10854,卖盘
735,14:17:15,12.06,--,84,101304,买盘
736,14:17:12,12.06,--,113,136278,买盘
737,14:17:09,12.06,0.01,78,94068,买盘
738,14:17:06,12.05,--,85,102425,卖盘
739,14:17:03,12.05,0.01,2506,3019730,买盘
740,14:17:00,12.04,--,102,122807,买盘
741,14:16:57,12.04,--,15,18060,买盘
742,14:16:54,12.04,--,12,14447,买盘
743,14:16:51,12.04,--,12,14447,买盘
744,14:16:48,12.04,--,132,158928,买盘
745,14:16:45,12.04,0.01,8,9632,买盘
746,14:16:39,12.03,--,4,4812,卖盘
747,14:16:36,12.03,--,78,93834,买盘
748,14:16:33,12.03,--,5,6015,买盘
749,14:16:30,12.03,--,169,203307,买盘
750,14:16:27,12.03,--,22,26466,买盘
751,14:16:24,12.03,0.01,20,24060,买盘
752,14:16:18,12.02,--,47,56494,卖盘
753,14:16:06,12.02,--,14,16828,卖盘
754,14:16:00,12.02,--,2,2404,卖盘
755,14:15:57,12.02,--,24,28848,卖盘
756,14:15:54,12.02,0.01,190,228380,买盘
757,14:15:48,12.01,--,37,44437,卖盘
758,14:15:45,12.01,-0.01,44,52844,卖盘
759,14:15:42,12.02,0.01,25,30050,买盘
760,14:15:39,12.01,-0.01,125,150125,卖盘
761,14:15:36,12.02,0.01,13,15626,买盘
762,14:15:33,12.01,--,27,32427,卖盘
763,14:15:30,12.01,--,1,1201,卖盘
764,14:15:27,12.01,--,10,12010,卖盘
765,14:15:24,12.01,-0.01,42,50442,卖盘
766,14:15:21,12.02,0.01,5,6010,买盘
767,14:15:18,12.01,--,54,64854,卖盘
768,14:15:15,12.01,--,21,25221,卖盘
769,14:15:09,12.01,--,2,2402,卖盘
770,14:15:06,12.01,--,29,34829,卖盘
771,14:14:57,12.01,--,14,16814,卖盘
772,14:14:51,12.01,--,1,1201,卖盘
773,14:14:42,12.01,--,45,54045,卖盘
774,14:14:39,12.01,--,17,20417,卖盘
775,14:14:36,12.01,--,1,1201,卖盘
776,14:14:33,12.01,--,157,188557,卖盘
777,14:14:30,12.01,--,12,14412,卖盘
778,14:14:24,12.01,--,97,117073,卖盘
779,14:14:21,12.01,--,93,111693,卖盘
780,14:14:18,12.01,-0.01,51,61251,卖盘
781,14:14:15,12.02,0.01,17,20434,买盘
782,14:14:09,12.01,--,1,1201,卖盘
783,14:14:06,12.01,--,5,6005,卖盘
784,14:14:03,12.01,-0.01,50,60050,卖盘
785,14:14:00,12.02,0.01,20,24040,买盘
786,14:13:54,12.01,--,41,49241,卖盘
787,14:13:51,12.01,--,252,302652,卖盘
788,14:13:45,12.01,--,10,12010,卖盘
789,14:13:39,12.01,-0.01,3,3603,卖盘
790,14:13:36,12.02,0.01,100,120200,买盘
791,14:13:27,12.01,-0.01,133,159733,卖盘
792,14:13:24,12.02,--,14,16828,买盘
793,14:13:21,12.02,--,229,275883,卖盘
794,14:13:18,12.02,--,14,16828,卖盘
795,14:13:15,12.02,-0.01,11,13222,卖盘
796,14:13:12,12.03,0.01,5,6015,买盘
797,14:13:09,12.02,--,6,7212,卖盘
798,14:13:06,12.02,--,30,36060,卖盘
799,14:13:03,12.02,--,25,30050,卖盘
800,14:13:00,12.02,-0.02,150,180300,卖盘
801,14:12:57,12.04,0.01,8,9632,买盘
802,14:12:54,12.03,-0.01,17,20451,中性盘
803,14:12:42,12.04,0.02,8,9632,买盘
804,14:12:39,12.02,--,14,16828,卖盘
805,14:12:33,12.02,--,21,25242,卖盘
806,14:12:30,12.02,-0.01,55,66110,卖盘
807,14:12:27,12.03,--,1,1203,卖盘
808,14:12:24,12.03,0.01,97,116691,买盘
809,14:12:21,12.02,--,102,122604,卖盘
810,14:12:18,12.02,--,114,137028,卖盘
811,14:12:12,12.02,-0.01,10,12020,卖盘
812,14:12:09,12.03,0.01,28,33684,买盘
813,14:12:06,12.02,--,4,4808,卖盘
814,14:12:03,12.02,-0.01,1,1202,卖盘
815,14:11:57,12.03,0.01,25,30075,买盘
816,14:11:54,12.02,-0.01,8,9616,卖盘
817,14:11:51,12.03,--,50,60150,买盘
818,14:11:48,12.03,--,3,3609,买盘
819,14:11:45,12.03,0.01,2,2406,买盘
820,14:11:39,12.02,--,14,16828,卖盘
821,14:11:36,12.02,--,109,131018,卖盘
822,14:11:33,12.02,-0.01,104,125584,卖盘
823,14:11:30,12.03,--,94,113082,买盘
824,14:11:18,12.03,--,119,143157,买盘
825,14:11:15,12.03,0.01,67,80601,买盘
826,14:11:12,12.02,--,60,72120,卖盘
827,14:11:09,12.02,--,26,31252,卖盘
828,14:11:06,12.02,-0.01,5,6010,卖盘
829,14:11:03,12.03,--,42,50526,买盘
830,14:11:00,12.03,0.01,3,3609,买盘
831,14:10:57,12.02,0.01,3,3606,买盘
832,14:10:54,12.01,--,20,24020,卖盘
833,14:10:51,12.01,--,667,801067,卖盘
834,14:10:48,12.01,-0.01,7,8407,卖盘
835,14:10:42,12.02,--,2,2404,买盘
836,14:10:39,12.02,--,245,294490,买盘
837,14:10:36,12.02,0.01,74,88948,买盘
838,14:10:33,12.01,--,56,67256,卖盘
839,14:10:30,12.01,--,1,1201,卖盘
840,14:10:27,12.01,-0.01,42,50442,卖盘
841,14:10:24,12.02,0.01,34,40868,买盘
842,14:10:21,12.01,--,3,3603,卖盘
843,14:10:18,12.01,--,7,8407,卖盘
844,14:10:12,12.01,--,103,123703,卖盘
845,14:10:09,12.01,--,28,33628,卖盘
846,14:10:06,12.01,--,17,20417,卖盘
847,14:10:03,12.01,--,38,45638,卖盘
848,14:10:00,12.01,-0.01,51,61251,卖盘
849,14:09:54,12.02,--,118,141836,买盘
850,14:09:48,12.02,0.01,26,31252,买盘
851,14:09:45,12.01,--,5,6005,卖盘
852,14:09:42,12.01,--,137,164537,卖盘
853,14:09:39,12.01,-0.01,3,3603,卖盘
854,14:09:36,12.02,0.01,3,3606,买盘
855,14:09:33,12.01,-0.01,49,58849,卖盘
856,14:09:30,12.02,--,21,25242,买盘
857,14:09:27,12.02,0.01,2,2404,买盘
858,14:09:24,12.01,--,60,72060,卖盘
859,14:09:21,12.01,--,100,120100,卖盘
860,14:09:18,12.01,-0.01,97,116497,卖盘
861,14:09:15,12.02,--,200,240400,买盘
862,14:09:12,12.02,0.01,121,145442,买盘
863,14:09:09,12.01,--,106,127306,卖盘
864,14:09:06,12.01,--,3,3603,卖盘
865,14:09:03,12.01,-0.01,40,48040,卖盘
866,14:09:00,12.02,--,21,25242,买盘
867,14:08:57,12.02,0.01,34,40868,买盘
868,14:08:51,12.01,--,4,4804,卖盘
869,14:08:48,12.01,-0.01,10,12010,卖盘
870,14:08:45,12.02,0.01,6,7212,买盘
871,14:08:39,12.01,--,46,55246,卖盘
872,14:08:36,12.01,-0.01,1,1201,卖盘
873,14:08:33,12.02,--,17,20434,买盘
874,14:08:24,12.02,0.01,68,81736,买盘
875,14:08:21,12.01,--,4,4804,卖盘
876,14:08:18,12.01,--,4,4804,卖盘
877,14:08:15,12.01,--,2,2402,卖盘
878,14:08:12,12.01,--,81,97281,卖盘
879,14:08:09,12.01,--,72,86472,卖盘
880,14:08:06,12.01,0.01,6,7206,中性盘
881,14:08:03,12.0,--,107,128400,卖盘
882,14:08:00,12.0,-0.01,31,37200,卖盘
883,14:07:57,12.01,0.01,11,13211,买盘
884,14:07:54,12.0,-0.01,55,66000,卖盘
885,14:07:51,12.01,--,4,4804,买盘
886,14:07:48,12.01,0.01,21,25221,买盘
887,14:07:45,12.0,-0.01,31,37200,卖盘
888,14:07:42,12.01,0.01,65,78065,买盘
889,14:07:39,12.0,--,5,6000,卖盘
890,14:07:36,12.0,--,1,1200,卖盘
891,14:07:33,12.0,--,1,1200,卖盘
892,14:07:30,12.0,-0.01,30,36000,卖盘
893,14:07:27,12.01,0.01,2,2402,买盘
894,14:07:18,12.0,-0.01,7,8400,卖盘
895,14:07:15,12.01,0.01,17,20417,买盘
896,14:07:12,12.0,--,14,16800,卖盘
897,14:07:09,12.0,--,2,2400,卖盘
898,14:07:06,12.0,--,4,4800,卖盘
899,14:07:03,12.0,--,57,68400,卖盘
900,14:06:57,12.0,-0.01,108,129600,卖盘
901,14:06:54,12.01,0.01,38,45638,买盘
902,14:06:51,12.0,-0.01,85,102000,卖盘
903,14:06:48,12.01,--,20,24020,买盘
904,14:06:45,12.01,--,27,32427,卖盘
905,14:06:39,12.01,--,9,10809,买盘
906,14:06:36,12.01,--,6,7206,买盘
907,14:06:33,12.01,--,9,10809,买盘
908,14:06:30,12.01,--,34,40834,卖盘
909,14:06:27,12.01,--,53,63653,卖盘
910,14:06:24,12.01,--,160,192160,买盘
911,14:06:15,12.01,0.01,2,2402,买盘
912,14:06:12,12.0,--,1,1200,卖盘
913,14:06:09,12.0,--,45,54000,卖盘
914,14:06:06,12.0,-0.01,44,52800,卖盘
915,14:06:03,12.01,--,14,16814,买盘
916,14:05:57,12.01,--,50,60050,买盘
917,14:05:54,12.01,--,15,18015,买盘
918,14:05:51,12.01,-0.01,197,236597,卖盘
919,14:05:48,12.02,--,1,1202,买盘
920,14:05:39,12.02,0.01,155,186310,买盘
921,14:05:36,12.01,--,35,42035,买盘
922,14:05:33,12.01,0.01,20,24020,买盘
923,14:05:30,12.0,-0.01,83,99600,卖盘
924,14:05:27,12.01,0.01,1,1201,买盘
925,14:05:24,12.0,-0.01,41,49200,卖盘
926,14:05:21,12.01,--,73,87673,买盘
927,14:05:18,12.01,0.01,22,26422,买盘
928,14:05:12,12.0,--,66,79200,卖盘
929,14:05:09,12.0,--,3,3600,卖盘
930,14:05:06,12.0,-0.02,202,242400,卖盘
931,14:05:03,12.02,--,3,3606,买盘
932,14:05:00,12.02,--,20,24040,买盘
933,14:04:57,12.02,0.01,2,2404,买盘
934,14:04:54,12.01,-0.01,14,16814,卖盘
935,14:04:51,12.02,0.01,99,118998,买盘
936,14:04:45,12.01,--,32,38432,卖盘
937,14:04:42,12.01,--,114,136914,卖盘
938,14:04:39,12.01,--,1,1201,卖盘
939,14:04:33,12.01,--,2,2402,卖盘
940,14:04:30,12.01,--,6,7206,卖盘
941,14:04:27,12.01,--,70,84070,卖盘
942,14:04:24,12.01,--,5,6005,卖盘
943,14:04:18,12.01,--,4,4804,卖盘
944,14:04:12,12.01,--,2,2402,卖盘
945,14:04:09,12.01,--,1,1201,卖盘
946,14:04:06,12.01,--,3,3603,卖盘
947,14:03:48,12.01,--,50,60050,买盘
948,14:03:45,12.01,--,19,22819,买盘
949,14:03:39,12.01,--,9,10809,买盘
950,14:03:36,12.01,--,61,73261,卖盘
951,14:03:33,12.01,-0.01,127,152527,卖盘
952,14:03:30,12.02,--,160,192320,买盘
953,14:03:24,12.02,0.01,2,2404,买盘
954,14:03:21,12.01,--,49,58849,卖盘
955,14:03:18,12.01,-0.01,32,38432,卖盘
956,14:03:15,12.02,0.01,21,25242,买盘
957,14:03:12,12.01,--,46,55246,卖盘
958,14:03:09,12.01,--,67,80467,卖盘
959,14:03:06,12.01,--,8,9608,卖盘
960,14:03:03,12.01,-0.02,97,116497,卖盘
961,14:03:00,12.03,--,52,62556,买盘
962,14:02:51,12.03,0.01,29,34887,买盘
963,14:02:48,12.02,--,9,10818,卖盘
964,14:02:45,12.02,--,106,127412,卖盘
965,14:02:42,12.02,--,201,241602,卖盘
966,14:02:39,12.02,--,4,4808,卖盘
967,14:02:33,12.02,--,9,10818,卖盘
968,14:02:30,12.02,-0.01,131,157462,卖盘
969,14:02:27,12.03,0.01,15,18045,买盘
970,14:02:21,12.02,--,48,57696,卖盘
971,14:02:18,12.02,-0.01,52,62504,卖盘
972,14:02:15,12.03,0.01,23,27669,买盘
973,14:02:12,12.02,--,1,1202,卖盘
974,14:02:09,12.02,-0.01,6,7212,卖盘
975,14:02:06,12.03,0.01,10,12030,买盘
976,14:02:03,12.02,-0.01,2,2404,卖盘
977,14:01:57,12.03,0.01,5,6015,买盘
978,14:01:54,12.02,-0.01,11,13222,卖盘
979,14:01:51,12.03,-0.01,149,179247,卖盘
980,14:01:48,12.04,0.01,12,14447,买盘
981,14:01:42,12.03,--,11,13233,卖盘
982,14:01:33,12.03,--,59,70977,卖盘
983,14:01:30,12.03,--,46,55338,卖盘
984,14:01:24,12.03,--,30,36090,卖盘
985,14:01:21,12.03,--,106,127518,卖盘
986,14:01:18,12.03,-0.01,2,2406,卖盘
987,14:01:15,12.04,0.01,17,20468,买盘
988,14:01:12,12.03,--,2,2406,卖盘
989,14:01:09,12.03,--,27,32481,卖盘
990,14:01:06,12.03,0.01,361,434283,买盘
991,14:01:03,12.02,--,2,2404,卖盘
992,14:01:00,12.02,-0.01,2,2404,卖盘
993,14:00:54,12.03,0.01,14,16842,买盘
994,14:00:51,12.02,-0.01,59,70918,卖盘
995,14:00:48,12.03,0.01,72,86616,买盘
996,14:00:45,12.02,-0.01,19,22838,卖盘
997,14:00:42,12.03,0.01,250,300750,买盘
998,14:00:39,12.02,--,15,18030,卖盘
999,14:00:36,12.02,--,15,18030,卖盘
1000,14:00:33,12.02,--,1,1202,卖盘
1001,14:00:30,12.02,--,1,1202,卖盘
1002,14:00:27,12.02,--,5,6010,卖盘
1003,14:00:21,12.02,--,42,50484,卖盘
1004,14:00:18,12.02,--,46,55292,卖盘
1005,14:00:15,12.02,--,107,128614,卖盘
1006,14:00:12,12.02,-0.01,556,668312,卖盘
1007,14:00:09,12.03,--,3,3609,卖盘
1008,14:00:06,12.03,--,114,137142,卖盘
1009,14:00:03,12.03,-0.01,2,2406,卖盘
1010,14:00:00,12.04,0.01,2,2408,买盘
1011,13:59:57,12.03,--,22,26466,卖盘
1012,13:59:54,12.03,--,41,49323,卖盘
1013,13:59:42,12.03,--,1,1203,卖盘
1014,13:59:39,12.03,-0.01,11,13233,卖盘
1015,13:59:36,12.04,0.01,15,18060,买盘
1016,13:59:33,12.03,--,54,64962,卖盘
1017,13:59:30,12.03,--,5,6015,卖盘
1018,13:59:27,12.03,--,6,7218,卖盘
1019,13:59:24,12.03,--,5,6015,卖盘
1020,13:59:18,12.03,-0.01,8,9624,卖盘
1021,13:59:15,12.04,0.01,2,2408,买盘
1022,13:59:12,12.03,--,11,13233,卖盘
1023,13:59:09,12.03,--,107,128721,卖盘
1024,13:59:06,12.03,-0.01,26,31278,卖盘
1025,13:59:03,12.04,0.01,6,7223,买盘
1026,13:59:00,12.03,--,2,2406,卖盘
1027,13:58:54,12.03,--,11,13233,卖盘
1028,13:58:51,12.03,--,12,14436,卖盘
1029,13:58:48,12.03,--,61,73383,卖盘
1030,13:58:45,12.03,--,4,4812,卖盘
1031,13:58:42,12.03,--,3,3609,卖盘
1032,13:58:39,12.03,--,5,6015,卖盘
1033,13:58:36,12.03,--,5,6015,卖盘
1034,13:58:33,12.03,--,8,9624,卖盘
1035,13:58:30,12.03,--,10,12030,卖盘
1036,13:58:27,12.03,--,99,119097,买盘
1037,13:58:24,12.03,--,10,12030,买盘
1038,13:58:21,12.03,0.01,32,38496,买盘
1039,13:58:18,12.02,-0.01,5,6010,卖盘
1040,13:58:15,12.03,0.01,1,1203,买盘
1041,13:58:09,12.02,-0.01,3,3606,卖盘
1042,13:58:06,12.03,--,20,24060,买盘
1043,13:58:03,12.03,--,120,144360,卖盘
1044,13:58:00,12.03,-0.01,12,14436,卖盘
1045,13:57:57,12.04,0.01,41,49364,买盘
1046,13:57:54,12.03,-0.01,59,70977,卖盘
1047,13:57:51,12.04,0.01,27,32507,买盘
1048,13:57:48,12.03,--,605,727815,卖盘
1049,13:57:45,12.03,-0.01,2,2406,卖盘
1050,13:57:42,12.04,--,7,8428,买盘
1051,13:57:39,12.04,0.01,3,3611,买盘
1052,13:57:36,12.03,--,1,1203,卖盘
1053,13:57:33,12.03,--,11,13233,卖盘
1054,13:57:30,12.03,-0.01,3,3609,卖盘
1055,13:57:24,12.04,--,34,40936,买盘
1056,13:57:21,12.04,--,107,128827,买盘
1057,13:57:18,12.04,0.01,10,12040,买盘
1058,13:57:15,12.03,-0.01,383,460749,卖盘
1059,13:57:12,12.04,--,26,31303,买盘
1060,13:57:09,12.04,0.01,46,55383,买盘
1061,13:57:06,12.03,-0.01,11,13233,卖盘
1062,13:57:03,12.04,--,35,42140,买盘
1063,13:57:00,12.04,-0.01,120,144480,卖盘
1064,13:56:57,12.05,0.01,191,230155,买盘
1065,13:56:54,12.04,--,35,42140,卖盘
1066,13:56:51,12.04,-0.01,452,544208,卖盘
1067,13:56:48,12.05,0.01,10,12050,买盘
1068,13:56:45,12.04,--,9,10836,卖盘
1069,13:56:42,12.04,--,30,36120,卖盘
1070,13:56:39,12.04,--,8,9632,卖盘
1071,13:56:36,12.04,--,20,24080,卖盘
1072,13:56:33,12.04,--,79,95116,卖盘
1073,13:56:30,12.04,-0.01,27,32507,卖盘
1074,13:56:27,12.05,0.01,86,103630,买盘
1075,13:56:24,12.04,-0.01,36,43344,卖盘
1076,13:56:21,12.05,--,77,92785,买盘
1077,13:56:18,12.05,--,57,68685,买盘
1078,13:56:15,12.05,--,233,280765,买盘
1079,13:56:12,12.05,0.01,19,22895,买盘
1080,13:56:09,12.04,-0.01,45,54179,卖盘
1081,13:56:06,12.05,0.01,59,71095,买盘
1082,13:56:03,12.04,-0.01,21,25284,卖盘
1083,13:56:00,12.05,0.01,55,66275,买盘
1084,13:55:57,12.04,-0.01,11,13243,卖盘
1085,13:55:54,12.05,0.01,117,140985,买盘
1086,13:55:51,12.04,-0.01,149,179396,卖盘
1087,13:55:48,12.05,0.01,1,1205,买盘
1088,13:55:42,12.04,-0.01,6,7223,卖盘
1089,13:55:39,12.05,0.01,12,14460,买盘
1090,13:55:36,12.04,--,30,36120,卖盘
1091,13:55:33,12.04,-0.01,46,55383,卖盘
1092,13:55:27,12.05,--,307,369935,买盘
1093,13:55:24,12.05,0.01,16,19280,买盘
1094,13:55:21,12.04,--,4,4816,卖盘
1095,13:55:18,12.04,-0.01,29,34916,卖盘
1096,13:55:15,12.05,0.01,51,61455,买盘
1097,13:55:12,12.04,--,11,13243,卖盘
1098,13:55:09,12.04,-0.01,49,58995,卖盘
1099,13:55:06,12.05,0.01,12,14460,买盘
1100,13:55:03,12.04,--,61,73444,卖盘
1101,13:55:00,12.04,--,120,144480,买盘
1102,13:54:57,12.04,--,115,138460,买盘
1103,13:54:54,12.04,--,76,91504,买盘
1104,13:54:48,12.04,--,11,13243,买盘
1105,13:54:45,12.04,0.01,21,25284,买盘
1106,13:54:42,12.03,--,136,163608,卖盘
1107,13:54:39,12.03,--,208,250224,买盘
1108,13:54:36,12.03,--,19,22857,买盘
1109,13:54:33,12.03,--,46,55338,买盘
1110,13:54:30,12.03,--,17,20451,卖盘
1111,13:54:27,12.03,0.01,38,45714,买盘
1112,13:54:24,12.02,--,69,82938,卖盘
1113,13:54:21,12.02,--,34,40868,卖盘
1114,13:54:18,12.02,-0.01,21,25242,卖盘
1115,13:54:15,12.03,--,46,55338,买盘
1116,13:54:12,12.03,0.01,5,6015,买盘
1117,13:54:09,12.02,--,46,55292,卖盘
1118,13:54:06,12.02,-0.01,41,49282,卖盘
1119,13:54:03,12.03,0.01,23,27669,买盘
1120,13:54:00,12.02,0.01,411,494767,买盘
1121,13:53:57,12.01,--,129,154929,买盘
1122,13:53:54,12.01,--,14,17294,买盘
1123,13:53:51,12.01,0.01,7,8407,买盘
1124,13:53:48,12.0,--,6,7200,卖盘
1125,13:53:45,12.0,--,85,102000,买盘
1126,13:53:42,12.0,0.01,40,48000,买盘
1127,13:53:36,11.99,--,161,193039,卖盘
1128,13:53:33,11.99,--,117,140283,卖盘
1129,13:53:30,11.99,-0.01,84,100716,卖盘
1130,13:53:27,12.0,0.01,28,33600,买盘
1131,13:53:24,11.99,--,294,352506,卖盘
1132,13:53:21,11.99,-0.01,9,10791,卖盘
1133,13:53:18,12.0,--,129,154800,买盘
1134,13:53:15,12.0,0.01,35,42000,买盘
1135,13:53:12,11.99,-0.01,23,27577,中性盘
1136,13:53:09,12.0,0.01,133,159600,买盘
1137,13:53:06,11.99,-0.01,2,2398,中性盘
1138,13:53:03,12.0,0.01,39,46800,买盘
1139,13:53:00,11.99,--,36,43164,卖盘
1140,13:52:57,11.99,--,21,25179,卖盘
1141,13:52:54,11.99,0.01,16,19184,卖盘
1142,13:52:51,11.98,--,108,129384,买盘
1143,13:52:48,11.98,--,17,20366,买盘
1144,13:52:45,11.98,--,221,265704,卖盘
1145,13:52:42,11.98,--,35,41930,卖盘
1146,13:52:39,11.98,-0.01,58,69484,卖盘
1147,13:52:36,11.99,--,24,28776,卖盘
1148,13:52:33,11.99,0.01,39,47012,买盘
1149,13:52:30,11.98,-0.01,127,152146,卖盘
1150,13:52:27,11.99,0.01,88,105512,买盘
1151,13:52:24,11.98,--,40,47920,卖盘
1152,13:52:21,11.98,--,54,64692,卖盘
1153,13:52:18,11.98,--,282,337836,卖盘
1154,13:52:15,11.98,--,1,1198,卖盘
1155,13:52:12,11.98,--,28,33544,卖盘
1156,13:52:09,11.98,--,49,58702,卖盘
1157,13:52:06,11.98,-0.01,110,131780,卖盘
1158,13:52:03,11.99,0.01,21,25179,买盘
1159,13:52:00,11.98,--,90,107820,卖盘
1160,13:51:57,11.98,-0.01,41,49118,卖盘
1161,13:51:54,11.99,0.01,121,145079,买盘
1162,13:51:51,11.98,-0.01,40,47920,卖盘
1163,13:51:48,11.99,0.01,37,44363,买盘
1164,13:51:45,11.98,-0.01,206,246788,卖盘
1165,13:51:42,11.99,0.01,4,4796,买盘
1166,13:51:36,11.98,--,5,5990,卖盘
1167,13:51:33,11.98,--,3,3594,卖盘
1168,13:51:30,11.98,-0.01,8,9584,卖盘
1169,13:51:24,11.99,--,117,140283,买盘
1170,13:51:21,11.99,--,20,24927,卖盘
1171,13:51:18,11.99,--,20,23980,卖盘
1172,13:51:12,11.99,--,68,81532,卖盘
1173,13:51:09,11.99,--,66,79134,卖盘
1174,13:51:06,11.99,--,8,9592,卖盘
1175,13:51:03,11.99,--,27,32373,卖盘
1176,13:51:00,11.99,--,10,11990,卖盘
1177,13:50:57,11.99,--,2,2398,卖盘
1178,13:50:51,11.99,--,20,23980,卖盘
1179,13:50:48,11.99,--,7,8644,买盘
1180,13:50:45,11.99,--,83,99517,买盘
1181,13:50:42,11.99,0.02,34,40766,买盘
1182,13:50:39,11.97,--,45,53865,卖盘
1183,13:50:36,11.97,-0.02,134,160398,卖盘
1184,13:50:33,11.99,0.02,211,252989,买盘
1185,13:50:30,11.97,-0.01,106,126882,卖盘
1186,13:50:27,11.98,0.01,91,109018,买盘
1187,13:50:24,11.97,--,24,28728,卖盘
1188,13:50:21,11.97,--,17,20349,卖盘
1189,13:50:18,11.97,--,292,349524,卖盘
1190,13:50:15,11.97,--,10,11970,卖盘
1191,13:50:12,11.97,-0.01,15,17955,卖盘
1192,13:50:09,11.98,0.01,130,155740,买盘
1193,13:50:06,11.97,-0.01,6,7182,卖盘
1194,13:50:03,11.98,--,25,29950,买盘
1195,13:50:00,11.98,-0.01,40,47920,卖盘
1196,13:49:57,11.99,0.01,18,21582,买盘
1197,13:49:54,11.98,--,32,38336,卖盘
1198,13:49:51,11.98,-0.01,130,155740,卖盘
1199,13:49:48,11.99,--,29,34771,买盘
1200,13:49:45,11.99,0.01,19,22781,买盘
1201,13:49:42,11.98,-0.01,15,17970,卖盘
1202,13:49:39,11.99,0.01,14,16786,买盘
1203,13:49:36,11.98,0.01,20,23960,中性盘
1204,13:49:33,11.97,--,11,13167,卖盘
1205,13:49:30,11.97,--,6,7182,卖盘
1206,13:49:27,11.97,--,68,81396,买盘
1207,13:49:24,11.97,-0.01,55,66146,卖盘
1208,13:49:21,11.98,0.01,493,590614,买盘
1209,13:49:18,11.97,--,16,19152,卖盘
1210,13:49:15,11.97,--,199,238203,卖盘
1211,13:49:12,11.97,--,123,147231,卖盘
1212,13:49:09,11.97,--,130,155610,卖盘
1213,13:49:06,11.97,--,27,32319,卖盘
1214,13:49:03,11.97,-0.02,11,13167,卖盘
1215,13:49:00,11.99,0.02,472,565928,买盘
1216,13:48:57,11.97,--,43,51471,卖盘
1217,13:48:54,11.97,--,154,184338,卖盘
1218,13:48:51,11.97,--,446,533862,卖盘
1219,13:48:48,11.97,--,112,134064,卖盘
1220,13:48:42,11.97,-0.01,45,53865,卖盘
1221,13:48:36,11.98,--,255,305645,卖盘
1222,13:48:33,11.98,--,91,109018,卖盘
1223,13:48:30,11.98,--,28,33544,卖盘
1224,13:48:27,11.98,--,1,1198,卖盘
1225,13:48:24,11.98,-0.01,172,206056,卖盘
1226,13:48:21,11.99,0.01,525,629475,买盘
1227,13:48:18,11.98,-0.01,121,144958,卖盘
1228,13:48:15,11.99,--,175,209825,买盘
1229,13:48:12,11.99,0.01,43,51557,买盘
1230,13:48:09,11.98,-0.01,33,39534,卖盘
1231,13:48:06,11.99,0.01,177,212223,买盘
1232,13:48:03,11.98,--,1,1198,卖盘
1233,13:48:00,11.98,-0.01,387,463626,卖盘
1234,13:47:57,11.99,--,121,145079,卖盘
1235,13:47:54,11.99,--,130,155870,卖盘
1236,13:47:51,11.99,--,29,34771,卖盘
1237,13:47:48,11.99,--,56,67144,卖盘
1238,13:47:45,11.99,-0.01,1,1199,卖盘
1239,13:47:42,12.0,0.01,25,30000,买盘
1240,13:47:39,11.99,--,21,25179,卖盘
1241,13:47:36,11.99,-0.01,1,1199,卖盘
1242,13:47:33,12.0,0.01,42,50400,买盘
1243,13:47:30,11.99,--,5,5995,卖盘
1244,13:47:27,11.99,-0.01,1,1199,卖盘
1245,13:47:24,12.0,--,41,49200,买盘
1246,13:47:21,12.0,0.01,10,12000,买盘
1247,13:47:18,11.99,--,12,14388,卖盘
1248,13:47:15,11.99,--,5,5995,卖盘
1249,13:47:12,11.99,--,58,69542,卖盘
1250,13:47:09,11.99,0.01,50,59950,买盘
1251,13:47:06,11.98,--,40,47920,卖盘
1252,13:47:03,11.98,--,70,83860,卖盘
1253,13:47:00,11.98,--,139,166522,卖盘
1254,13:46:57,11.98,--,64,76672,卖盘
1255,13:46:54,11.98,-0.01,29,34742,卖盘
1256,13:46:51,11.99,--,33,39567,卖盘
1257,13:46:48,11.99,--,138,165462,卖盘
1258,13:46:45,11.99,0.01,19,22781,卖盘
1259,13:46:42,11.98,-0.01,146,174908,卖盘
1260,13:46:39,11.99,0.01,95,114432,买盘
1261,13:46:36,11.98,-0.01,133,159334,卖盘
1262,13:46:33,11.99,0.01,71,85129,买盘
1263,13:46:30,11.98,--,36,43128,卖盘
1264,13:46:27,11.98,-0.01,4,4792,卖盘
1265,13:46:24,11.99,0.01,144,172656,买盘
1266,13:46:21,11.98,-0.01,29,34742,卖盘
1267,13:46:18,11.99,--,87,104313,买盘
1268,13:46:15,11.99,--,33,39567,买盘
1269,13:46:12,11.99,0.01,139,167356,买盘
1270,13:46:09,11.98,-0.01,129,155284,卖盘
1271,13:46:06,11.99,--,274,328526,买盘
1272,13:46:03,11.99,--,3,3597,买盘
1273,13:46:00,11.99,--,100,119900,买盘
1274,13:45:57,11.99,--,36,43164,买盘
1275,13:45:54,11.99,--,146,175054,买盘
1276,13:45:51,11.99,--,89,106711,买盘
1277,13:45:48,11.99,--,1,1199,买盘
1278,13:45:45,11.99,--,31,37169,买盘
1279,13:45:42,11.99,0.01,12,14388,买盘
1280,13:45:39,11.98,-0.01,52,62296,卖盘
1281,13:45:36,11.99,0.01,28,33572,买盘
1282,13:45:33,11.98,--,34,40732,卖盘
1283,13:45:30,11.98,--,10,11980,卖盘
1284,13:45:27,11.98,0.01,377,451921,买盘
1285,13:45:24,11.97,--,396,474897,卖盘
1286,13:45:21,11.97,-0.01,41,49077,卖盘
1287,13:45:18,11.98,--,77,92246,买盘
1288,13:45:15,11.98,--,20,23960,买盘
1289,13:45:12,11.98,--,10,11980,买盘
1290,13:45:09,11.98,0.01,20,23960,买盘
1291,13:45:06,11.97,--,77,92169,卖盘
1292,13:45:03,11.97,-0.01,27,32319,卖盘
1293,13:45:00,11.98,--,134,160532,买盘
1294,13:44:54,11.98,--,24,28752,买盘
1295,13:44:51,11.98,0.01,98,117404,买盘
1296,13:44:48,11.97,-0.01,146,174762,卖盘
1297,13:44:45,11.98,0.01,12,14376,买盘
1298,13:44:42,11.97,-0.01,153,184062,卖盘
1299,13:44:39,11.98,--,28,33544,卖盘
1300,13:44:36,11.98,--,100,119800,卖盘
1301,13:44:33,11.98,--,26,31148,卖盘
1302,13:44:30,11.98,--,130,155740,卖盘
1303,13:44:27,11.98,--,55,65890,卖盘
1304,13:44:24,11.98,0.01,611,732253,买盘
1305,13:44:21,11.97,--,74,88578,卖盘
1306,13:44:18,11.97,-0.01,106,126882,卖盘
1307,13:44:15,11.98,--,36,43128,买盘
1308,13:44:12,11.98,0.01,2218,2657164,买盘
1309,13:44:09,11.97,-0.01,42,50274,卖盘
1310,13:44:03,11.98,--,20,23960,买盘
1311,13:44:00,11.98,--,243,291114,卖盘
1312,13:43:57,11.98,--,81,97038,卖盘
1313,13:43:54,11.98,-0.01,52,62296,卖盘
1314,13:43:51,11.99,0.01,91,109109,买盘
1315,13:43:48,11.98,--,94,112612,卖盘
1316,13:43:45,11.98,--,51,61098,卖盘
1317,13:43:42,11.98,--,189,226422,卖盘
1318,13:43:39,11.98,--,14,16772,卖盘
1319,13:43:33,11.98,-0.01,34,40732,卖盘
1320,13:43:30,11.99,0.01,91,109109,买盘
1321,13:43:27,11.98,--,69,82662,卖盘
1322,13:43:24,11.98,--,28,33544,卖盘
1323,13:43:21,11.98,--,177,212046,卖盘
1324,13:43:18,11.98,--,52,62296,卖盘
1325,13:43:15,11.98,--,24,28752,卖盘
1326,13:43:12,11.98,--,33,39534,卖盘
1327,13:43:09,11.98,--,21,25158,卖盘
1328,13:43:06,11.98,-0.01,8,9584,卖盘
1329,13:43:03,11.99,--,386,463485,卖盘
1330,13:43:00,11.99,-0.01,253,303347,卖盘
1331,13:42:57,12.0,0.01,12,14400,买盘
1332,13:42:54,11.99,-0.01,25,29975,卖盘
1333,13:42:48,12.0,0.01,8,9600,买盘
1334,13:42:45,11.99,-0.01,197,236514,卖盘
1335,13:42:42,12.0,--,107,128400,卖盘
1336,13:42:39,12.0,--,239,286800,卖盘
1337,13:42:36,12.0,--,141,169200,卖盘
1338,13:42:33,12.0,--,201,241200,卖盘
1339,13:42:30,12.0,--,842,1010400,卖盘
1340,13:42:27,12.0,--,6,7200,卖盘
1341,13:42:24,12.0,--,1445,1734000,卖盘
1342,13:42:21,12.0,--,20,24000,卖盘
1343,13:42:18,12.0,--,42,50400,卖盘
1344,13:42:15,12.0,--,11,13200,卖盘
1345,13:42:12,12.0,-0.01,101,121200,卖盘
1346,13:42:09,12.01,0.01,76,91276,买盘
1347,13:42:06,12.0,--,1,1200,卖盘
1348,13:42:03,12.0,--,14,16800,卖盘
1349,13:42:00,12.0,-0.01,161,193200,卖盘
1350,13:41:57,12.01,--,11,13211,卖盘
1351,13:41:54,12.01,--,325,390325,卖盘
1352,13:41:51,12.01,--,77,92477,卖盘
1353,13:41:45,12.01,--,12,14412,卖盘
1354,13:41:42,12.01,--,9,10809,卖盘
1355,13:41:39,12.01,--,81,97281,卖盘
1356,13:41:36,12.01,--,23,27623,卖盘
1357,13:41:33,12.01,--,187,224587,卖盘
1358,13:41:30,12.01,--,1,1201,卖盘
1359,13:41:27,12.01,--,105,126105,卖盘
1360,13:41:24,12.01,--,34,40834,卖盘
1361,13:41:21,12.01,--,44,52844,卖盘
1362,13:41:18,12.01,--,69,82869,卖盘
1363,13:41:12,12.01,--,5,6005,卖盘
1364,13:41:06,12.01,--,44,52844,卖盘
1365,13:41:03,12.01,--,52,62452,卖盘
1366,13:41:00,12.01,--,11,13211,卖盘
1367,13:40:57,12.01,--,222,266622,卖盘
1368,13:40:54,12.01,--,18,21618,卖盘
1369,13:40:51,12.01,--,4,4804,卖盘
1370,13:40:45,12.01,--,52,62452,卖盘
1371,13:40:42,12.01,--,1,1201,卖盘
1372,13:40:39,12.01,--,9,10809,卖盘
1373,13:40:36,12.01,--,206,247406,卖盘
1374,13:40:33,12.01,--,28,33628,卖盘
1375,13:40:27,12.01,-0.01,62,74462,卖盘
1376,13:40:24,12.02,0.01,67,80534,买盘
1377,13:40:21,12.01,-0.01,109,130909,卖盘
1378,13:40:18,12.02,--,51,61302,买盘
1379,13:40:15,12.02,--,104,125008,买盘
1380,13:40:12,12.02,--,263,316126,买盘
1381,13:40:09,12.02,--,9,10818,买盘
1382,13:40:06,12.02,--,10,12020,买盘
1383,13:40:03,12.02,--,404,486088,卖盘
1384,13:40:00,12.02,--,11,13222,卖盘
1385,13:39:54,12.02,--,5,6010,卖盘
1386,13:39:51,12.02,--,33,39666,卖盘
1387,13:39:48,12.02,--,148,177896,卖盘
1388,13:39:45,12.02,-0.01,20,24040,卖盘
1389,13:39:42,12.03,0.01,18,21654,买盘
1390,13:39:39,12.02,--,126,151452,卖盘
1391,13:39:36,12.02,-0.01,19,22838,卖盘
1392,13:39:33,12.03,0.01,29,34887,买盘
1393,13:39:27,12.02,--,18,21636,卖盘
1394,13:39:24,12.02,--,90,108180,卖盘
1395,13:39:21,12.02,--,1,1202,卖盘
1396,13:39:15,12.02,--,106,127412,卖盘
1397,13:39:12,12.02,0.01,71,86063,买盘
1398,13:39:09,12.01,-0.01,1,1201,卖盘
1399,13:39:06,12.02,0.01,32,38464,买盘
1400,13:39:00,12.01,--,18,21618,卖盘
1401,13:38:57,12.01,--,10,12010,卖盘
1402,13:38:54,12.01,--,18,21618,卖盘
1403,13:38:51,12.01,-0.01,108,129708,卖盘
1404,13:38:48,12.02,0.01,101,121402,买盘
1405,13:38:45,12.01,-0.01,4,5692,卖盘
1406,13:38:42,12.02,0.01,27,32454,买盘
1407,13:38:39,12.01,--,39,46839,卖盘
1408,13:38:36,12.01,--,11,13211,卖盘
1409,13:38:33,12.01,-0.01,50,60050,卖盘
1410,13:38:30,12.02,0.01,11,13222,买盘
1411,13:38:27,12.01,--,33,39633,卖盘
1412,13:38:24,12.01,--,8,9608,卖盘
1413,13:38:21,12.01,--,27,32427,卖盘
1414,13:38:18,12.01,--,352,422752,卖盘
1415,13:38:15,12.01,--,38,45638,卖盘
1416,13:38:12,12.01,--,51,61251,卖盘
1417,13:38:09,12.01,-0.01,80,96512,卖盘
1418,13:38:06,12.02,-0.01,13,15626,卖盘
1419,13:38:03,12.03,0.01,80,96240,买盘
1420,13:37:57,12.02,0.01,77,93323,买盘
1421,13:37:54,12.01,--,457,548857,卖盘
1422,13:37:51,12.01,--,42,50442,卖盘
1423,13:37:48,12.01,--,183,219783,卖盘
1424,13:37:45,12.01,-0.01,31,37231,卖盘
1425,13:37:42,12.02,--,35,42070,买盘
1426,13:37:39,12.02,--,58,69716,买盘
1427,13:37:33,12.02,--,11,13222,买盘
1428,13:37:30,12.02,--,41,49282,买盘
1429,13:37:27,12.02,--,45,54090,买盘
1430,13:37:24,12.02,0.01,5,6010,买盘
1431,13:37:21,12.01,-0.01,1,1201,卖盘
1432,13:37:18,12.02,--,357,429546,卖盘
1433,13:37:15,12.02,-0.01,380,456760,卖盘
1434,13:37:12,12.03,0.01,20,24060,买盘
1435,13:37:09,12.02,--,16,19448,卖盘
1436,13:37:06,12.02,-0.01,1,1202,卖盘
1437,13:37:03,12.03,--,116,139548,买盘
1438,13:37:00,12.03,0.01,12,14436,买盘
1439,13:36:57,12.02,--,122,146644,卖盘
1440,13:36:54,12.02,--,1,1202,卖盘
1441,13:36:51,12.02,--,92,110584,卖盘
1442,13:36:48,12.02,--,65,78130,卖盘
1443,13:36:45,12.02,--,54,64908,卖盘
1444,13:36:39,12.02,--,56,67312,卖盘
1445,13:36:36,12.02,-0.01,1,1202,卖盘
1446,13:36:33,12.03,0.01,20,24060,买盘
1447,13:36:30,12.02,-0.01,1,1202,卖盘
1448,13:36:27,12.03,-0.01,62,74586,卖盘
1449,13:36:24,12.04,0.01,25,30099,买盘
1450,13:36:21,12.03,-0.01,57,68571,卖盘
1451,13:36:18,12.04,0.01,24,28895,买盘
1452,13:36:15,12.03,--,1,1203,卖盘
1453,13:36:12,12.03,0.01,25,30075,买盘
1454,13:36:09,12.02,--,43,51686,卖盘
1455,13:36:03,12.02,--,22,26444,卖盘
1456,13:36:00,12.02,--,52,62504,卖盘
1457,13:35:57,12.02,--,111,133422,卖盘
1458,13:35:54,12.02,-0.01,215,258574,卖盘
1459,13:35:51,12.03,--,17,20451,卖盘
1460,13:35:48,12.03,-0.01,23,27669,卖盘
1461,13:35:45,12.04,0.01,16,19264,买盘
1462,13:35:42,12.03,--,85,102255,卖盘
1463,13:35:39,12.03,--,40,48120,卖盘
1464,13:35:36,12.03,--,112,134736,卖盘
1465,13:35:33,12.03,0.01,195,235643,买盘
1466,13:35:30,12.02,-0.01,43,51686,卖盘
1467,13:35:27,12.03,--,25,30075,买盘
1468,13:35:24,12.03,--,34,40902,买盘
1469,13:35:18,12.03,--,49,58947,买盘
1470,13:35:15,12.03,--,53,63759,买盘
1471,13:35:12,12.03,0.01,61,73383,买盘
1472,13:35:09,12.02,-0.01,1,1202,卖盘
1473,13:35:06,12.03,--,18,21654,买盘
1474,13:35:03,12.03,--,59,70977,买盘
1475,13:35:00,12.03,--,36,43308,买盘
1476,13:34:57,12.03,0.01,81,97443,买盘
1477,13:34:54,12.02,--,33,39666,卖盘
1478,13:34:51,12.02,--,107,128614,卖盘
1479,13:34:48,12.02,-0.01,94,112988,卖盘
1480,13:34:45,12.03,--,11,13233,买盘
1481,13:34:42,12.03,--,41,49323,买盘
1482,13:34:39,12.03,--,196,235932,卖盘
1483,13:34:36,12.03,-0.01,23,27669,卖盘
1484,13:34:33,12.04,0.01,300,361200,买盘
1485,13:34:30,12.03,--,31,37293,卖盘
1486,13:34:27,12.03,--,1,1203,卖盘
1487,13:34:24,12.03,--,47,56541,卖盘
1488,13:34:21,12.03,0.01,380,458198,买盘
1489,13:34:18,12.02,--,2,2404,卖盘
1490,13:34:15,12.02,--,80,96160,卖盘
1491,13:34:12,12.02,-0.01,32,38464,卖盘
1492,13:34:09,12.03,0.01,77,92631,买盘
1493,13:34:06,12.02,--,120,144240,卖盘
1494,13:34:03,12.02,--,33,39666,卖盘
1495,13:34:00,12.02,-0.01,301,361802,卖盘
1496,13:33:57,12.03,--,87,104661,买盘
1497,13:33:54,12.03,--,81,97443,买盘
1498,13:33:51,12.03,0.01,56,67368,买盘
1499,13:33:48,12.02,-0.01,284,341368,卖盘
1500,13:33:45,12.03,--,135,162405,买盘
1501,13:33:42,12.03,--,85,102255,买盘
1502,13:33:39,12.03,--,28,33684,买盘
1503,13:33:36,12.03,--,359,431877,买盘
1504,13:33:33,12.03,0.01,126,151578,买盘
1505,13:33:30,12.02,-0.01,2,2404,卖盘
1506,13:33:27,12.03,--,93,111879,买盘
1507,13:33:24,12.03,--,27,32481,买盘
1508,13:33:21,12.03,0.01,55,66165,买盘
1509,13:33:18,12.02,-0.01,32,38464,卖盘
1510,13:33:15,12.03,0.01,123,147969,买盘
1511,13:33:12,12.02,-0.01,41,49282,卖盘
1512,13:33:09,12.03,0.01,40,48120,买盘
1513,13:33:06,12.02,--,22,26444,卖盘
1514,13:33:03,12.02,--,8,9616,卖盘
1515,13:33:00,12.02,--,16,19784,买盘
1516,13:32:57,12.02,--,59,70918,买盘
1517,13:32:54,12.02,--,316,380481,卖盘
1518,13:32:51,12.02,--,118,141836,卖盘
1519,13:32:48,12.02,--,10,12020,卖盘
1520,13:32:42,12.02,--,140,168280,卖盘
1521,13:32:39,12.02,-0.01,105,126210,卖盘
1522,13:32:36,12.03,0.01,469,564976,买盘
1523,13:32:33,12.02,--,47,56494,卖盘
1524,13:32:27,12.02,--,27,32454,卖盘
1525,13:32:24,12.02,-0.01,68,81736,卖盘
1526,13:32:21,12.03,0.01,20,24060,买盘
1527,13:32:18,12.02,-0.01,62,74524,卖盘
1528,13:32:15,12.03,--,10,12030,买盘
1529,13:32:09,12.03,--,20,24060,买盘
1530,13:32:06,12.03,--,11,13233,买盘
1531,13:32:03,12.03,--,108,129924,买盘
1532,13:32:00,12.03,0.01,122,146766,买盘
1533,13:31:57,12.02,-0.01,2,2404,卖盘
1534,13:31:54,12.03,0.01,66,79398,买盘
1535,13:31:51,12.02,--,1,1202,卖盘
1536,13:31:48,12.02,--,3,3606,卖盘
1537,13:31:42,12.02,--,49,58898,卖盘
1538,13:31:39,12.02,0.01,139,168063,买盘
1539,13:31:36,12.01,-0.01,103,123703,卖盘
1540,13:31:33,12.02,--,125,150250,买盘
1541,13:31:30,12.02,0.01,553,664706,买盘
1542,13:31:27,12.01,--,20,24020,卖盘
1543,13:31:24,12.01,--,1,1201,卖盘
1544,13:31:21,12.01,--,52,62452,卖盘
1545,13:31:18,12.01,--,135,162135,卖盘
1546,13:31:15,12.01,--,66,79266,卖盘
1547,13:31:12,12.01,--,40,48040,卖盘
1548,13:31:06,12.01,--,9,10809,卖盘
1549,13:31:00,12.01,--,50,60050,卖盘
1550,13:30:57,12.01,-0.01,1,1201,卖盘
1551,13:30:54,12.02,--,132,158664,买盘
1552,13:30:51,12.02,0.01,78,93756,买盘
1553,13:30:48,12.01,-0.01,1366,1640566,卖盘
1554,13:30:45,12.02,--,924,1111297,卖盘
1555,13:30:42,12.02,--,454,545708,卖盘
1556,13:30:39,12.02,--,364,437528,卖盘
1557,13:30:36,12.02,-0.01,25,30050,卖盘
1558,13:30:33,12.03,0.01,26,31771,买盘
1559,13:30:30,12.02,--,1,2319,卖盘
1560,13:30:27,12.02,--,258,310116,卖盘
1561,13:30:24,12.02,--,35,42070,卖盘
1562,13:30:21,12.02,--,151,181502,卖盘
1563,13:30:18,12.02,--,22,26444,卖盘
1564,13:30:15,12.02,-0.01,37,44474,卖盘
1565,13:30:12,12.03,--,15,18189,买盘
1566,13:30:09,12.03,0.01,36,43308,买盘
1567,13:30:06,12.02,--,6,7212,卖盘
1568,13:30:03,12.02,--,9,10818,卖盘
1569,13:30:00,12.02,-0.01,46,55292,卖盘
1570,13:29:57,12.03,-0.01,276,332172,卖盘
1571,13:29:54,12.04,0.01,460,553840,买盘
1572,13:29:51,12.03,--,21,25611,卖盘
1573,13:29:48,12.03,-0.01,3,3609,卖盘
1574,13:29:45,12.04,0.01,1,1204,买盘
1575,13:29:39,12.03,--,79,95037,卖盘
1576,13:29:36,12.03,--,2,2406,卖盘
1577,13:29:33,12.03,--,30,36090,卖盘
1578,13:29:30,12.03,--,295,354885,卖盘
1579,13:29:27,12.03,--,20,24060,卖盘
1580,13:29:24,12.03,--,59,70977,卖盘
1581,13:29:21,12.03,-0.01,250,300750,卖盘
1582,13:29:18,12.04,0.01,200,240799,买盘
1583,13:29:15,12.03,-0.01,17,20451,卖盘
1584,13:29:12,12.04,0.01,16,19264,买盘
1585,13:29:06,12.03,--,10,12030,卖盘
1586,13:29:03,12.03,-0.01,15,18045,卖盘
1587,13:29:00,12.04,--,95,114379,买盘
1588,13:28:57,12.04,--,22,26487,买盘
1589,13:28:51,12.04,--,393,473605,卖盘
1590,13:28:48,12.04,-0.01,116,139664,卖盘
1591,13:28:45,12.05,0.01,114,137370,买盘
1592,13:28:42,12.04,--,0,939,卖盘
1593,13:28:36,12.04,--,89,107155,卖盘
1594,13:28:33,12.04,-0.01,81,97524,卖盘
1595,13:28:30,12.05,0.01,9,10845,买盘
1596,13:28:27,12.04,-0.01,59,71036,卖盘
1597,13:28:21,12.05,0.01,30,36150,买盘
1598,13:28:18,12.04,--,93,111971,卖盘
1599,13:28:15,12.04,--,116,139664,卖盘
1600,13:28:12,12.04,--,9,10992,卖盘
1601,13:28:03,12.04,-0.01,1,1204,卖盘
1602,13:27:57,12.05,0.01,1,1205,买盘
1603,13:27:54,12.04,--,2,2408,卖盘
1604,13:27:51,12.04,0.01,312,376526,买盘
1605,13:27:48,12.03,-0.01,53,63759,卖盘
1606,13:27:45,12.04,0.01,1,1204,买盘
1607,13:27:42,12.03,--,100,120300,卖盘
1608,13:27:39,12.03,--,163,196089,卖盘
1609,13:27:36,12.03,--,28,33684,卖盘
1610,13:27:33,12.03,-0.01,15,18045,卖盘
1611,13:27:30,12.04,--,134,161336,买盘
1612,13:27:27,12.04,0.01,22,26487,买盘
1613,13:27:24,12.03,--,48,57744,卖盘
1614,13:27:18,12.03,-0.01,6,7927,卖盘
1615,13:27:15,12.04,0.01,5,6020,中性盘
1616,13:27:12,12.03,--,1,1203,卖盘
1617,13:27:09,12.03,-0.01,447,537741,卖盘
1618,13:27:06,12.04,--,11,13243,卖盘
1619,13:27:03,12.04,--,20,24080,卖盘
1620,13:27:00,12.04,0.01,1,1204,卖盘
1621,13:26:57,12.03,-0.01,127,152781,卖盘
1622,13:26:54,12.04,--,11,13243,卖盘
1623,13:26:48,12.04,--,16,19264,卖盘
1624,13:26:45,12.04,--,67,80668,卖盘
1625,13:26:42,12.04,--,1,1204,卖盘
1626,13:26:36,12.04,--,60,72240,卖盘
1627,13:26:33,12.04,--,1,1204,卖盘
1628,13:26:30,12.04,-0.01,38,45752,卖盘
1629,13:26:27,12.05,--,174,209670,买盘
1630,13:26:24,12.05,--,10,12050,买盘
1631,13:26:21,12.05,--,57,68685,买盘
1632,13:26:18,12.05,0.01,24,28920,买盘
1633,13:26:15,12.04,-0.01,278,334712,卖盘
1634,13:26:12,12.05,--,90,108450,卖盘
1635,13:26:09,12.05,--,66,79530,卖盘
1636,13:26:06,12.05,--,86,103630,卖盘
1637,13:26:03,12.05,--,215,259075,卖盘
1638,13:26:00,12.05,--,122,147010,卖盘
1639,13:25:57,12.05,--,6,7230,卖盘
1640,13:25:54,12.05,-0.01,179,215695,卖盘
1641,13:25:51,12.06,0.01,9,10854,买盘
1642,13:25:48,12.05,-0.01,3,3615,卖盘
1643,13:25:45,12.06,0.01,7,8442,买盘
1644,13:25:42,12.05,-0.01,11,13255,卖盘
1645,13:25:39,12.06,--,307,370242,买盘
1646,13:25:36,12.06,0.01,5,6030,买盘
1647,13:25:33,12.05,--,3,3615,卖盘
1648,13:25:30,12.05,-0.01,4,4820,卖盘
1649,13:25:27,12.06,0.01,27,32562,买盘
1650,13:25:24,12.05,-0.01,276,332580,卖盘
1651,13:25:21,12.06,-0.01,80,96480,卖盘
1652,13:25:18,12.07,0.01,92,111044,买盘
1653,13:25:15,12.06,-0.01,445,536670,卖盘
1654,13:25:12,12.07,0.01,8,9656,买盘
1655,13:25:09,12.06,--,151,182106,卖盘
1656,13:25:06,12.06,-0.01,205,247230,卖盘
1657,13:25:03,12.07,0.01,7,8449,买盘
1658,13:25:00,12.06,-0.01,2,2412,卖盘
1659,13:24:57,12.07,0.01,253,305371,买盘
1660,13:24:54,12.06,-0.01,21,25326,卖盘
1661,13:24:51,12.07,--,11,13277,买盘
1662,13:24:48,12.07,--,13,15691,买盘
1663,13:24:45,12.07,0.01,203,245021,买盘
1664,13:24:42,12.06,-0.01,22,26532,卖盘
1665,13:24:39,12.07,0.01,53,63971,买盘
1666,13:24:36,12.06,--,10,12060,卖盘
1667,13:24:33,12.06,--,44,53064,卖盘
1668,13:24:30,12.06,--,5,6030,卖盘
1669,13:24:27,12.06,0.01,147,177282,买盘
1670,13:24:24,12.05,-0.01,147,177135,卖盘
1671,13:24:21,12.06,--,37,44622,买盘
1672,13:24:18,12.06,--,95,114570,买盘
1673,13:24:15,12.06,0.01,73,88038,买盘
1674,13:24:12,12.05,--,51,61455,卖盘
1675,13:24:09,12.05,0.01,149,179545,买盘
1676,13:24:06,12.04,--,68,81872,卖盘
1677,13:24:03,12.04,0.01,366,440663,买盘
1678,13:24:00,12.03,0.01,307,369321,买盘
1679,13:23:57,12.02,0.01,84,100968,买盘
1680,13:23:54,12.01,-0.01,15,18015,卖盘
1681,13:23:51,12.02,0.01,228,274056,买盘
1682,13:23:48,12.01,--,20,24020,卖盘
1683,13:23:45,12.01,-0.01,2,2402,卖盘
1684,13:23:42,12.02,--,118,141836,买盘
1685,13:23:39,12.02,0.01,70,84140,买盘
1686,13:23:36,12.01,-0.01,17,20417,卖盘
1687,13:23:33,12.02,--,21,25242,买盘
1688,13:23:30,12.02,0.02,48,57696,买盘
1689,13:23:24,12.0,--,45,54000,卖盘
1690,13:23:21,12.0,-0.01,885,1062528,卖盘
1691,13:23:18,12.01,--,14,16814,买盘
1692,13:23:15,12.01,0.01,368,441968,买盘
1693,13:23:12,12.0,--,307,368400,卖盘
1694,13:23:09,12.0,--,315,378000,卖盘
1695,13:23:06,12.0,--,43,51600,卖盘
1696,13:23:03,12.0,--,519,622800,买盘
1697,13:23:00,12.0,-0.01,400,480000,卖盘
1698,13:22:57,12.01,0.01,248,297848,买盘
1699,13:22:54,12.0,-0.01,240,288000,卖盘
1700,13:22:51,12.01,0.01,75,90075,买盘
1701,13:22:48,12.0,-0.01,113,135600,卖盘
1702,13:22:45,12.01,-0.01,188,225788,卖盘
1703,13:22:42,12.02,--,4736,5692672,买盘
1704,13:22:39,12.02,0.01,25,30050,买盘
1705,13:22:36,12.01,--,194,232994,卖盘
1706,13:22:33,12.01,-0.01,33,39633,卖盘
1707,13:22:30,12.02,0.01,108,129816,买盘
1708,13:22:27,12.01,-0.01,683,820283,卖盘
1709,13:22:24,12.02,0.01,82,98564,买盘
1710,13:22:21,12.01,-0.01,204,245004,卖盘
1711,13:22:18,12.02,--,370,444740,买盘
1712,13:22:15,12.02,--,97,116594,买盘
1713,13:22:12,12.02,--,279,335358,卖盘
1714,13:22:09,12.02,-0.01,145,174290,卖盘
1715,13:22:06,12.03,--,217,261051,买盘
1716,13:22:03,12.03,--,1070,1287210,买盘
1717,13:22:00,12.03,--,450,541350,买盘
1718,13:21:57,12.03,--,93,111879,买盘
1719,13:21:54,12.03,0.01,225,270675,买盘
1720,13:21:51,12.02,--,81,97362,卖盘
1721,13:21:48,12.02,--,313,376226,卖盘
1722,13:21:45,12.02,-0.01,21,25242,卖盘
1723,13:21:42,12.03,0.01,114,137142,买盘
1724,13:21:39,12.02,--,140,168280,卖盘
1725,13:21:36,12.02,-0.01,149,179098,卖盘
1726,13:21:33,12.03,--,444,534132,卖盘
1727,13:21:30,12.03,--,65,78195,卖盘
1728,13:21:27,12.03,--,38,45714,卖盘
1729,13:21:24,12.03,-0.01,25,30075,卖盘
1730,13:21:21,12.04,--,26,31303,买盘
1731,13:21:18,12.04,0.01,9,10836,中性盘
1732,13:21:15,12.03,-0.01,700,842100,卖盘
1733,13:21:12,12.04,--,140,168560,卖盘
1734,13:21:09,12.04,--,123,148092,卖盘
1735,13:21:06,12.04,--,326,392504,卖盘
1736,13:21:03,12.04,--,124,149296,卖盘
1737,13:21:00,12.04,--,49,58995,卖盘
1738,13:20:57,12.04,-0.01,274,329896,卖盘
1739,13:20:54,12.05,--,716,862780,卖盘
1740,13:20:51,12.05,-0.01,209,251845,卖盘
1741,13:20:48,12.06,--,31,37386,买盘
1742,13:20:45,12.06,0.01,4,4824,买盘
1743,13:20:42,12.05,-0.01,21,25305,卖盘
1744,13:20:39,12.06,--,84,101304,买盘
1745,13:20:36,12.06,0.01,40,48240,买盘
1746,13:20:33,12.05,-0.01,107,128935,卖盘
1747,13:20:30,12.06,0.01,12,14472,买盘
1748,13:20:27,12.05,-0.01,33,39765,卖盘
1749,13:20:21,12.06,--,18,21708,买盘
1750,13:20:15,12.06,--,25,30150,买盘
1751,13:20:09,12.06,--,161,194166,卖盘
1752,13:20:03,12.06,--,11,13266,卖盘
1753,13:20:00,12.06,0.01,41,49446,中性盘
1754,13:19:54,12.05,-0.01,100,120500,卖盘
1755,13:19:51,12.06,--,95,114570,买盘
1756,13:19:48,12.06,--,15,18090,买盘
1757,13:19:45,12.06,0.01,28,33768,买盘
1758,13:19:42,12.05,--,1,1205,卖盘
1759,13:19:39,12.05,-0.01,11,13255,卖盘
1760,13:19:36,12.06,--,30,36180,买盘
1761,13:19:33,12.06,--,245,295470,买盘
1762,13:19:30,12.06,--,79,95274,买盘
1763,13:19:27,12.06,0.01,126,151956,买盘
1764,13:19:24,12.05,-0.01,53,63865,卖盘
1765,13:19:21,12.06,0.01,10,12060,买盘
1766,13:19:18,12.05,-0.01,52,62660,卖盘
1767,13:19:15,12.06,--,1,1206,买盘
1768,13:19:12,12.06,--,7,8442,卖盘
1769,13:19:03,12.06,-0.01,24,28944,卖盘
1770,13:19:00,12.07,0.01,154,186360,买盘
1771,13:18:54,12.06,0.01,55,66330,买盘
1772,13:18:51,12.05,-0.01,74,89170,卖盘
1773,13:18:48,12.06,--,8,9648,买盘
1774,13:18:45,12.06,--,987,1191045,卖盘
1775,13:18:42,12.06,-0.01,3,3618,卖盘
1776,13:18:39,12.07,0.01,19,22933,买盘
1777,13:18:36,12.06,-0.01,28,33768,卖盘
1778,13:18:33,12.07,--,20,24140,买盘
1779,13:18:30,12.07,--,20,24140,买盘
1780,13:18:27,12.07,--,69,83283,买盘
1781,13:18:24,12.07,--,3,3621,买盘
1782,13:18:21,12.07,-0.01,65,78455,卖盘
1783,13:18:18,12.08,0.01,50,60400,买盘
1784,13:18:15,12.07,0.01,10,12070,中性盘
1785,13:18:12,12.06,-0.02,8,9648,卖盘
1786,13:18:09,12.08,--,5,6040,买盘
1787,13:18:06,12.08,0.01,1432,1729856,买盘
1788,13:18:03,12.07,-0.01,22,26554,卖盘
1789,13:18:00,12.08,0.01,15,18120,买盘
1790,13:17:54,12.07,--,14,16898,卖盘
1791,13:17:51,12.07,--,3,3621,卖盘
1792,13:17:48,12.07,-0.01,400,482800,卖盘
1793,13:17:45,12.08,--,8,9664,卖盘
1794,13:17:42,12.08,--,11,13288,卖盘
1795,13:17:39,12.08,--,43,51944,卖盘
1796,13:17:33,12.08,--,14,16912,卖盘
1797,13:17:30,12.08,-0.01,40,48320,卖盘
1798,13:17:27,12.09,0.01,9,10881,买盘
1799,13:17:24,12.08,--,32,38656,卖盘
1800,13:17:21,12.08,0.01,21,25368,中性盘
1801,13:17:18,12.07,-0.01,162,195534,卖盘
1802,13:17:15,12.08,--,133,160664,买盘
1803,13:17:12,12.08,0.01,33,39864,买盘
1804,13:17:09,12.07,--,1,1207,卖盘
1805,13:17:03,12.07,--,21,25347,卖盘
1806,13:16:57,12.07,-0.01,66,79662,卖盘
1807,13:16:54,12.08,--,9,10872,卖盘
1808,13:16:51,12.08,--,2,2416,卖盘
1809,13:16:48,12.08,--,3,3624,卖盘
1810,13:16:45,12.08,--,16,19328,卖盘
1811,13:16:42,12.08,--,98,118384,买盘
1812,13:16:39,12.08,0.01,2,2416,买盘
1813,13:16:36,12.07,--,1,1207,卖盘
1814,13:16:33,12.07,-0.01,56,67592,卖盘
1815,13:16:30,12.08,0.01,24,28992,买盘
1816,13:16:27,12.07,--,166,200362,卖盘
1817,13:16:24,12.07,-0.01,9,10863,卖盘
1818,13:16:18,12.08,0.01,20,24160,买盘
1819,13:16:15,12.07,--,19,22933,卖盘
1820,13:16:12,12.07,--,1,1207,卖盘
1821,13:16:09,12.07,-0.01,106,127942,卖盘
1822,13:16:06,12.08,--,73,88184,买盘
1823,13:16:03,12.08,--,12,14496,买盘
1824,13:16:00,12.08,0.01,2,2416,买盘
1825,13:15:57,12.07,--,20,24140,卖盘
1826,13:15:54,12.07,--,8,9656,卖盘
1827,13:15:51,12.07,--,25,30175,卖盘
1828,13:15:48,12.07,-0.01,1,1207,卖盘
1829,13:15:45,12.08,--,121,146168,买盘
1830,13:15:42,12.08,0.01,17,20536,买盘
1831,13:15:39,12.07,--,51,61557,卖盘
1832,13:15:36,12.07,--,3,3621,卖盘
1833,13:15:33,12.07,-0.01,21,25347,卖盘
1834,13:15:27,12.08,--,14,16912,买盘
1835,13:15:24,12.08,--,96,115968,买盘
1836,13:15:21,12.08,--,12,14496,买盘
1837,13:15:18,12.08,0.01,47,56776,买盘
1838,13:15:15,12.07,--,30,36210,卖盘
1839,13:15:12,12.07,-0.01,82,98974,卖盘
1840,13:15:09,12.08,--,52,62816,买盘
1841,13:15:06,12.08,0.01,3,3624,买盘
1842,13:15:03,12.07,--,118,142426,卖盘
1843,13:15:00,12.07,-0.01,13,15691,卖盘
1844,13:14:57,12.08,0.01,20,24160,买盘
1845,13:14:54,12.07,--,70,84490,卖盘
1846,13:14:51,12.07,-0.01,1,1207,卖盘
1847,13:14:45,12.08,--,4,4832,买盘
1848,13:14:42,12.08,--,22,26576,卖盘
1849,13:14:39,12.08,--,8,9664,卖盘
1850,13:14:36,12.08,--,9,10872,卖盘
1851,13:14:33,12.08,--,22,26576,卖盘
1852,13:14:27,12.08,--,77,93016,卖盘
1853,13:14:24,12.08,0.01,11,13288,买盘
1854,13:14:21,12.07,-0.02,1,1207,卖盘
1855,13:14:18,12.09,0.02,6,7254,买盘
1856,13:14:15,12.07,-0.02,37,44659,卖盘
1857,13:14:12,12.09,--,3,3627,买盘
1858,13:14:09,12.09,0.01,22,26598,买盘
1859,13:14:03,12.08,--,24,28992,卖盘
1860,13:14:00,12.08,-0.01,48,57984,卖盘
1861,13:13:57,12.09,0.01,306,369954,买盘
1862,13:13:54,12.08,-0.01,31,37448,卖盘
1863,13:13:51,12.09,--,6,7254,买盘
1864,13:13:48,12.09,0.01,52,62868,买盘
1865,13:13:45,12.08,--,12,14496,卖盘
1866,13:13:42,12.08,0.01,126,153174,买盘
1867,13:13:33,12.07,0.01,52,63488,买盘
1868,13:13:30,12.06,--,14,16884,卖盘
1869,13:13:27,12.06,--,94,113364,卖盘
1870,13:13:24,12.06,--,105,126630,卖盘
1871,13:13:21,12.06,--,53,63918,卖盘
1872,13:13:15,12.06,--,41,49446,卖盘
1873,13:13:12,12.06,--,57,68742,买盘
1874,13:13:09,12.06,--,102,123012,买盘
1875,13:13:06,12.06,0.01,65,78390,买盘
1876,13:13:03,12.05,--,44,53020,卖盘
1877,13:13:00,12.05,-0.01,398,479590,卖盘
1878,13:12:57,12.06,--,201,242406,买盘
1879,13:12:54,12.06,--,53,63918,买盘
1880,13:12:51,12.06,-0.01,139,167634,卖盘
1881,13:12:48,12.07,0.01,148,178636,买盘
1882,13:12:42,12.06,--,182,219492,买盘
1883,13:12:39,12.06,--,79,95274,买盘
1884,13:12:36,12.06,0.01,31,37386,买盘
1885,13:12:33,12.05,-0.01,170,204850,卖盘
1886,13:12:30,12.06,0.01,18,21708,买盘
1887,13:12:27,12.05,--,1,1205,卖盘
1888,13:12:24,12.05,-0.01,80,96400,卖盘
1889,13:12:21,12.06,-0.01,10,12060,卖盘
1890,13:12:18,12.07,0.02,80,96560,买盘
1891,13:12:15,12.05,-0.01,29,34945,卖盘
1892,13:12:12,12.06,0.01,48,57888,中性盘
1893,13:12:09,12.05,-0.01,140,168700,卖盘
1894,13:12:06,12.06,-0.01,8,9648,买盘
1895,13:12:03,12.07,0.01,105,126735,买盘
1896,13:12:00,12.06,--,6,7236,卖盘
1897,13:11:57,12.06,--,115,138690,卖盘
1898,13:11:54,12.06,0.01,424,511344,买盘
1899,13:11:51,12.05,-0.01,200,241000,卖盘
1900,13:11:48,12.06,--,73,88038,买盘
1901,13:11:42,12.06,--,9,10854,卖盘
1902,13:11:39,12.06,0.01,1,1206,卖盘
1903,13:11:36,12.05,--,97,116885,卖盘
1904,13:11:33,12.05,-0.01,166,200030,卖盘
1905,13:11:30,12.06,--,37,44622,买盘
1906,13:11:27,12.06,0.01,43,51858,买盘
1907,13:11:24,12.05,-0.01,9,10845,卖盘
1908,13:11:21,12.06,0.01,6,7236,中性盘
1909,13:11:18,12.05,-0.01,1298,1564090,卖盘
1910,13:11:15,12.06,-0.01,6,7236,卖盘
1911,13:11:12,12.07,0.01,33,39831,买盘
1912,13:11:09,12.06,--,159,191754,卖盘
1913,13:11:06,12.06,--,41,49446,卖盘
1914,13:11:03,12.06,--,170,205020,卖盘
1915,13:11:00,12.06,--,1,1206,卖盘
1916,13:10:54,12.06,--,82,98892,卖盘
1917,13:10:51,12.06,--,61,73566,卖盘
1918,13:10:48,12.06,--,118,142308,卖盘
1919,13:10:45,12.06,--,20,24120,卖盘
1920,13:10:42,12.06,--,42,50652,卖盘
1921,13:10:39,12.06,--,36,43416,卖盘
1922,13:10:36,12.06,--,210,253260,卖盘
1923,13:10:33,12.06,-0.01,10,12060,卖盘
1924,13:10:30,12.07,--,10,12070,买盘
1925,13:10:27,12.07,0.01,5,6035,买盘
1926,13:10:24,12.06,-0.01,15,18090,卖盘
1927,13:10:21,12.07,0.01,5,6035,买盘
1928,13:10:18,12.06,-0.01,1,1206,卖盘
1929,13:10:15,12.07,--,451,544839,卖盘
1930,13:10:12,12.07,--,63,76041,卖盘
1931,13:10:09,12.07,--,20,24140,卖盘
1932,13:10:06,12.07,--,53,63971,卖盘
1933,13:10:03,12.07,-0.01,120,144840,卖盘
1934,13:10:00,12.08,--,5,6040,买盘
1935,13:09:57,12.08,--,10,12080,买盘
1936,13:09:51,12.08,-0.01,1214,1466753,卖盘
1937,13:09:48,12.09,--,50,60450,买盘
1938,13:09:45,12.09,-0.01,1,1209,买盘
1939,13:09:42,12.1,--,102,123420,买盘
1940,13:09:39,12.1,0.02,54,65340,买盘
1941,13:09:36,12.08,-0.01,109,131672,卖盘
1942,13:09:33,12.09,--,27,32643,卖盘
1943,13:09:30,12.09,--,128,154752,卖盘
1944,13:09:27,12.09,--,11,13299,卖盘
1945,13:09:24,12.09,-0.01,37,44733,买盘
1946,13:09:21,12.1,0.01,620,750200,买盘
1947,13:09:18,12.09,--,3,3627,买盘
1948,13:09:15,12.09,--,19,22971,卖盘
1949,13:09:12,12.09,--,42,50778,卖盘
1950,13:09:09,12.09,--,55,66495,卖盘
1951,13:09:06,12.09,-0.01,73,88257,卖盘
1952,13:09:03,12.1,0.01,34,41140,买盘
1953,13:09:00,12.09,-0.01,20,24180,卖盘
1954,13:08:54,12.1,0.01,4,4840,买盘
1955,13:08:48,12.09,--,7,8463,卖盘
1956,13:08:45,12.09,-0.01,54,65286,中性盘
1957,13:08:42,12.1,0.02,20,24200,买盘
1958,13:08:39,12.08,--,4,4832,卖盘
1959,13:08:36,12.08,--,20,24160,卖盘
1960,13:08:33,12.08,--,74,89392,卖盘
1961,13:08:30,12.08,-0.01,63,76104,卖盘
1962,13:08:24,12.09,--,118,142662,卖盘
1963,13:08:21,12.09,--,10,13057,买盘
1964,13:08:18,12.09,--,24,29016,买盘
1965,13:08:12,12.09,--,202,244459,卖盘
1966,13:08:06,12.09,--,2,2418,卖盘
1967,13:08:03,12.09,--,27,32643,卖盘
1968,13:08:00,12.09,0.01,790,956077,买盘
1969,13:07:57,12.08,--,14,16912,卖盘
1970,13:07:54,12.08,--,3,3624,卖盘
1971,13:07:51,12.08,0.01,51,61608,买盘
1972,13:07:48,12.07,-0.01,80,96560,卖盘
1973,13:07:45,12.08,0.01,6,7248,买盘
1974,13:07:42,12.07,--,72,86904,卖盘
1975,13:07:36,12.07,-0.01,205,247435,卖盘
1976,13:07:33,12.08,--,13,15704,卖盘
1977,13:07:30,12.08,--,50,61124,买盘
1978,13:07:27,12.08,--,213,257304,买盘
1979,13:07:24,12.08,--,19,22952,买盘
1980,13:07:21,12.08,0.01,106,128048,买盘
1981,13:07:18,12.07,-0.01,120,144840,卖盘
1982,13:07:15,12.08,0.01,32,38656,买盘
1983,13:07:12,12.07,-0.01,22,26554,卖盘
1984,13:07:09,12.08,--,163,196904,买盘
1985,13:07:06,12.08,--,236,285088,买盘
1986,13:07:03,12.08,--,91,109928,买盘
1987,13:07:00,12.08,--,87,105096,买盘
1988,13:06:57,12.08,--,27,32616,买盘
1989,13:06:54,12.08,--,19,22952,买盘
1990,13:06:51,12.08,--,42,50736,买盘
1991,13:06:48,12.08,--,30,36240,买盘
1992,13:06:42,12.08,0.01,695,839560,买盘
1993,13:06:39,12.07,-0.01,4,4828,卖盘
1994,13:06:33,12.08,--,32,38656,买盘
1995,13:06:30,12.08,--,5,6040,买盘
1996,13:06:27,12.08,0.02,38,45904,买盘
1997,13:06:24,12.06,-0.01,136,164016,卖盘
1998,13:06:21,12.07,--,52,62764,卖盘
1999,13:06:18,12.07,0.01,16,19312,买盘
2000,13:06:15,12.06,-0.01,25,30150,卖盘
2001,13:06:12,12.07,-0.01,144,173808,卖盘
2002,13:06:09,12.08,0.01,299,361192,买盘
2003,13:06:06,12.07,--,99,119493,买盘
2004,13:06:03,12.07,0.01,61,73627,买盘
2005,13:06:00,12.06,--,3,3618,卖盘
2006,13:05:57,12.06,--,26,31356,卖盘
2007,13:05:54,12.06,--,150,180900,卖盘
2008,13:05:51,12.06,--,102,123012,买盘
2009,13:05:48,12.06,--,29,34974,买盘
2010,13:05:45,12.06,--,349,420894,买盘
2011,13:05:42,12.06,--,18,21708,买盘
2012,13:05:39,12.06,0.01,30,36180,买盘
2013,13:05:33,12.05,--,15,18075,卖盘
2014,13:05:30,12.05,-0.01,2,2410,卖盘
2015,13:05:27,12.06,--,202,243612,卖盘
2016,13:05:24,12.06,-0.01,111,134348,卖盘
2017,13:05:21,12.07,--,144,173808,卖盘
2018,13:05:18,12.07,--,322,388654,卖盘
2019,13:05:15,12.07,-0.01,8,9656,卖盘
2020,13:05:12,12.08,0.01,142,171536,买盘
2021,13:05:09,12.07,--,250,301750,卖盘
2022,13:05:06,12.07,--,114,137598,卖盘
2023,13:05:03,12.07,--,66,79662,卖盘
2024,13:05:00,12.07,--,11,13277,卖盘
2025,13:04:57,12.07,--,347,418829,卖盘
2026,13:04:54,12.07,--,110,132770,卖盘
2027,13:04:51,12.07,--,78,94146,卖盘
2028,13:04:42,12.07,-0.01,77,92939,卖盘
2029,13:04:39,12.08,0.01,98,118384,买盘
2030,13:04:36,12.07,--,105,126735,卖盘
2031,13:04:30,12.07,--,248,299336,卖盘
2032,13:04:27,12.07,--,12,14484,卖盘
2033,13:04:24,12.07,--,32,38624,卖盘
2034,13:04:21,12.07,--,383,463005,买盘
2035,13:04:18,12.07,--,216,260712,买盘
2036,13:04:15,12.07,0.01,102,123114,买盘
2037,13:04:12,12.06,-0.01,51,61506,卖盘
2038,13:04:09,12.07,0.01,60,72420,买盘
2039,13:04:06,12.06,--,203,245626,卖盘
2040,13:04:03,12.06,-0.01,20,24120,卖盘
2041,13:04:00,12.07,--,134,161738,买盘
2042,13:03:57,12.07,--,41,49487,买盘
2043,13:03:54,12.07,--,100,120700,买盘
2044,13:03:51,12.07,0.01,53,63971,买盘
2045,13:03:48,12.06,--,18,21708,卖盘
2046,13:03:45,12.06,-0.01,110,132660,卖盘
2047,13:03:42,12.07,0.01,121,146047,买盘
2048,13:03:39,12.06,-0.01,326,393156,卖盘
2049,13:03:36,12.07,--,60,72420,买盘
2050,13:03:33,12.07,0.01,11,13277,买盘
2051,13:03:30,12.06,-0.01,347,418482,卖盘
2052,13:03:27,12.07,--,20,24140,买盘
2053,13:03:24,12.07,--,132,159324,买盘
2054,13:03:21,12.07,0.01,58,70006,买盘
2055,13:03:18,12.06,--,9,10854,卖盘
2056,13:03:15,12.06,--,53,63918,卖盘
2057,13:03:12,12.06,-0.01,45,54270,卖盘
2058,13:03:09,12.07,0.01,6,7242,买盘
2059,13:03:06,12.06,--,64,77184,卖盘
2060,13:03:03,12.06,-0.01,30,36180,卖盘
2061,13:03:00,12.07,0.01,24,28968,买盘
2062,13:02:57,12.06,--,31,37386,卖盘
2063,13:02:54,12.06,--,130,156780,卖盘
2064,13:02:51,12.06,--,6,7236,卖盘
2065,13:02:45,12.06,--,269,324414,卖盘
2066,13:02:42,12.06,--,275,331650,卖盘
2067,13:02:39,12.06,-0.01,127,153162,卖盘
2068,13:02:36,12.07,0.01,120,144840,买盘
2069,13:02:33,12.06,--,71,85626,卖盘
2070,13:02:30,12.06,--,17,20502,卖盘
2071,13:02:27,12.06,--,211,254466,卖盘
2072,13:02:24,12.06,-0.01,522,629532,卖盘
2073,13:02:21,12.07,0.01,5,6035,买盘
2074,13:02:18,12.06,--,518,624708,卖盘
2075,13:02:15,12.06,--,100,120600,卖盘
2076,13:02:12,12.06,-0.01,17,20502,卖盘
2077,13:02:09,12.07,--,8,9656,买盘
2078,13:02:06,12.07,0.01,33,39831,买盘
2079,13:02:03,12.06,--,27,32562,卖盘
2080,13:02:00,12.06,--,51,61506,卖盘
2081,13:01:57,12.06,--,9,10854,买盘
2082,13:01:54,12.06,--,10,12060,买盘
2083,13:01:51,12.06,-0.01,33,39798,卖盘
2084,13:01:48,12.07,0.01,8,9656,买盘
2085,13:01:45,12.06,--,285,343710,卖盘
2086,13:01:42,12.06,-0.01,46,55476,卖盘
2087,13:01:39,12.07,--,30,36210,买盘
2088,13:01:36,12.07,0.01,17,20519,买盘
2089,13:01:33,12.06,--,6,7236,卖盘
2090,13:01:30,12.06,0.01,117,141102,买盘
2091,13:01:27,12.05,--,177,213285,卖盘
2092,13:01:24,12.05,--,138,166290,卖盘
2093,13:01:21,12.05,-0.01,35,42175,中性盘
2094,13:01:18,12.06,--,217,261702,买盘
2095,13:01:15,12.06,0.01,141,170046,买盘
2096,13:01:12,12.05,--,250,301250,卖盘
2097,13:01:09,12.05,--,137,165085,买盘
2098,13:01:06,12.05,0.01,2,2410,买盘
2099,13:01:03,12.04,-0.01,40,48160,卖盘
2100,13:01:00,12.05,--,73,87965,卖盘
2101,13:00:57,12.05,--,150,180750,卖盘
2102,13:00:54,12.05,--,13,15665,卖盘
2103,13:00:51,12.05,--,311,374755,卖盘
2104,13:00:48,12.05,--,80,96400,卖盘
2105,13:00:45,12.05,--,356,428980,卖盘
2106,13:00:42,12.05,--,128,154240,卖盘
2107,13:00:39,12.05,--,125,150625,卖盘
2108,13:00:36,12.05,--,56,67480,卖盘
2109,13:00:33,12.05,--,3,3615,卖盘
2110,13:00:30,12.05,--,569,685645,卖盘
2111,13:00:27,12.05,--,1188,1431540,卖盘
2112,13:00:24,12.05,--,16,19280,卖盘
2113,13:00:21,12.05,--,83,100015,卖盘
2114,13:00:18,12.05,-0.01,1804,2173820,卖盘
2115,13:00:15,12.06,--,46,55476,卖盘
2116,13:00:12,12.06,-0.01,90,108540,卖盘
2117,13:00:09,12.07,-0.01,670,809172,卖盘
2118,13:00:06,12.08,-0.02,970,1171760,卖盘
2119,13:00:03,12.1,0.01,4256,5149760,买盘
2120,13:00:00,12.09,--,0,0,卖盘
2121,11:30:00,12.09,--,17,20553,卖盘
2122,11:29:57,12.09,-0.01,23,27807,卖盘
2123,11:29:54,12.1,0.01,60,72600,买盘
2124,11:29:51,12.09,--,71,85839,卖盘
2125,11:29:48,12.09,-0.01,18,21762,卖盘
2126,11:29:45,12.1,0.01,32,38720,买盘
2127,11:29:42,12.09,--,15,18135,卖盘
2128,11:29:39,12.09,--,163,197067,卖盘
2129,11:29:36,12.09,-0.01,118,142662,卖盘
2130,11:29:30,12.1,--,8,9680,买盘
2131,11:29:27,12.1,--,524,634451,卖盘
2132,11:29:24,12.1,--,329,398090,卖盘
2133,11:29:21,12.1,--,187,226270,卖盘
2134,11:29:18,12.1,--,41,49610,卖盘
2135,11:29:15,12.1,--,155,187550,卖盘
2136,11:29:12,12.1,-0.01,55,66550,卖盘
2137,11:29:09,12.11,0.01,105,127155,买盘
2138,11:29:06,12.1,--,31,37510,卖盘
2139,11:29:03,12.1,--,41,49610,卖盘
2140,11:29:00,12.1,--,294,356514,卖盘
2141,11:28:57,12.1,--,27,32670,卖盘
2142,11:28:54,12.1,-0.01,100,121000,卖盘
2143,11:28:51,12.11,0.01,128,155008,买盘
2144,11:28:48,12.1,--,8,9680,卖盘
2145,11:28:45,12.1,--,433,523930,卖盘
2146,11:28:42,12.1,--,110,133100,卖盘
2147,11:28:39,12.1,--,49,59290,卖盘
2148,11:28:36,12.1,--,933,1128954,卖盘
2149,11:28:33,12.1,--,31,37510,卖盘
2150,11:28:30,12.1,--,265,320650,卖盘
2151,11:28:27,12.1,--,36,43560,卖盘
2152,11:28:24,12.1,--,273,330330,卖盘
2153,11:28:21,12.1,--,315,381150,卖盘
2154,11:28:18,12.1,--,28,33880,卖盘
2155,11:28:15,12.1,--,227,274670,卖盘
2156,11:28:12,12.1,--,302,365420,卖盘
2157,11:28:09,12.1,--,39,47190,卖盘
2158,11:28:06,12.1,--,9,10890,卖盘
2159,11:28:03,12.1,-0.01,50,60500,卖盘
2160,11:28:00,12.11,--,509,616399,卖盘
2161,11:27:57,12.11,--,1,1211,卖盘
2162,11:27:51,12.11,--,56,67816,卖盘
2163,11:27:48,12.11,--,44,53284,卖盘
2164,11:27:45,12.11,--,21,25431,卖盘
2165,11:27:42,12.11,--,2,2422,卖盘
2166,11:27:39,12.11,--,411,497721,卖盘
2167,11:27:36,12.11,-0.01,87,105357,卖盘
2168,11:27:33,12.12,--,101,122411,卖盘
2169,11:27:30,12.12,--,70,84840,卖盘
2170,11:27:27,12.12,0.01,246,298152,买盘
2171,11:27:24,12.11,--,1,1211,卖盘
2172,11:27:21,12.11,--,81,98091,卖盘
2173,11:27:18,12.11,-0.01,30,36330,卖盘
2174,11:27:15,12.12,--,69,83628,买盘
2175,11:27:12,12.12,0.01,72,87264,买盘
2176,11:27:09,12.11,-0.01,769,931259,卖盘
2177,11:27:06,12.12,--,7,8484,卖盘
2178,11:27:03,12.12,--,32,38784,卖盘
2179,11:27:00,12.12,--,95,115139,买盘
2180,11:26:57,12.12,--,13,15755,卖盘
2181,11:26:54,12.12,-0.01,219,265428,卖盘
2182,11:26:51,12.13,0.01,83,100679,买盘
2183,11:26:48,12.12,--,10,12120,卖盘
2184,11:26:45,12.12,--,29,35148,卖盘
2185,11:26:42,12.12,--,48,58175,卖盘
2186,11:26:39,12.12,-0.01,15,18180,卖盘
2187,11:26:36,12.13,0.01,4,4852,买盘
2188,11:26:33,12.12,-0.01,59,71508,卖盘
2189,11:26:30,12.13,--,9,10917,买盘
2190,11:26:27,12.13,--,221,268073,卖盘
2191,11:26:24,12.13,--,24,29112,卖盘
2192,11:26:21,12.13,--,4,4852,卖盘
2193,11:26:18,12.13,0.01,4,4852,中性盘
2194,11:26:15,12.12,-0.01,133,161196,卖盘
2195,11:26:12,12.13,0.01,266,322658,买盘
2196,11:26:09,12.12,--,18,21816,卖盘
2197,11:26:06,12.12,--,18,21816,卖盘
2198,11:26:03,12.12,--,7,8484,卖盘
2199,11:26:00,12.12,--,22,26664,卖盘
2200,11:25:57,12.12,--,30,36360,卖盘
2201,11:25:54,12.12,-0.01,19,23028,卖盘
2202,11:25:51,12.13,-0.01,20,24260,卖盘
2203,11:25:48,12.14,0.02,25,30350,买盘
2204,11:25:45,12.12,-0.01,30,36360,卖盘
2205,11:25:42,12.13,--,232,281416,买盘
2206,11:25:39,12.13,0.01,122,147986,买盘
2207,11:25:33,12.12,--,3,3635,卖盘
2208,11:25:30,12.12,-0.01,5,6060,卖盘
2209,11:25:27,12.13,0.01,1,1213,买盘
2210,11:25:24,12.12,-0.01,15,18180,卖盘
2211,11:25:21,12.13,--,26,31538,卖盘
2212,11:25:18,12.13,--,24,29112,卖盘
2213,11:25:15,12.13,-0.01,30,36390,卖盘
2214,11:25:12,12.14,0.01,69,83766,买盘
2215,11:25:09,12.13,--,12,14556,卖盘
2216,11:25:03,12.13,--,10,12130,卖盘
2217,11:25:00,12.13,0.01,1,1213,买盘
2218,11:24:57,12.12,--,62,75144,卖盘
2219,11:24:54,12.12,--,16,19392,卖盘
2220,11:24:51,12.12,--,20,24240,卖盘
2221,11:24:48,12.12,--,38,46056,卖盘
2222,11:24:45,12.12,--,61,73932,卖盘
2223,11:24:42,12.12,--,11,13332,卖盘
2224,11:24:39,12.12,--,14,16968,卖盘
2225,11:24:36,12.12,--,5,6060,卖盘
2226,11:24:33,12.12,--,28,33936,卖盘
2227,11:24:27,12.12,-0.01,29,35148,卖盘
2228,11:24:24,12.13,--,168,203784,卖盘
2229,11:24:21,12.13,-0.01,39,47307,卖盘
2230,11:24:18,12.14,--,101,122614,卖盘
2231,11:24:15,12.14,--,144,174816,卖盘
2232,11:24:12,12.14,--,3,3642,卖盘
2233,11:24:09,12.14,0.01,68,82552,买盘
2234,11:24:06,12.13,-0.01,1,1213,卖盘
2235,11:24:03,12.14,0.01,26,31564,买盘
2236,11:24:00,12.13,-0.01,26,31538,卖盘
2237,11:23:57,12.14,0.01,47,57058,买盘
2238,11:23:54,12.13,--,23,27899,卖盘
2239,11:23:51,12.13,--,1,1213,卖盘
2240,11:23:48,12.13,--,76,92188,卖盘
2241,11:23:45,12.13,0.01,1545,1874085,买盘
2242,11:23:42,12.12,--,51,61811,卖盘
2243,11:23:39,12.12,--,22,26664,卖盘
2244,11:23:36,12.12,-0.01,83,100596,卖盘
2245,11:23:33,12.13,0.02,2,2426,买盘
2246,11:23:30,12.11,-0.01,107,129577,卖盘
2247,11:23:27,12.12,0.01,297,359964,卖盘
2248,11:23:24,12.11,-0.01,81,98091,卖盘
2249,11:23:21,12.12,--,205,248459,买盘
2250,11:23:18,12.12,0.01,32,38784,买盘
2251,11:23:12,12.11,--,15,18165,卖盘
2252,11:23:09,12.11,--,238,288218,卖盘
2253,11:23:06,12.11,0.01,211,255521,买盘
2254,11:23:03,12.1,-0.01,166,200860,卖盘
2255,11:23:00,12.11,0.01,280,339080,买盘
2256,11:22:57,12.1,--,171,206910,卖盘
2257,11:22:54,12.1,--,70,84700,卖盘
2258,11:22:51,12.1,--,16,19360,卖盘
2259,11:22:48,12.1,--,72,87120,卖盘
2260,11:22:45,12.1,--,100,121000,卖盘
2261,11:22:42,12.1,--,350,423500,卖盘
2262,11:22:39,12.1,--,55,66550,卖盘
2263,11:22:36,12.1,--,18,21780,卖盘
2264,11:22:33,12.1,-0.01,14,16940,卖盘
2265,11:22:30,12.11,0.01,292,353612,买盘
2266,11:22:27,12.1,-0.01,26,31460,卖盘
2267,11:22:24,12.11,0.01,64,77504,买盘
2268,11:22:21,12.1,--,1,1210,卖盘
2269,11:22:18,12.1,--,76,91960,卖盘
2270,11:22:15,12.1,--,40,48400,卖盘
2271,11:22:12,12.1,-0.01,110,133100,卖盘
2272,11:22:09,12.11,--,10,12110,买盘
2273,11:22:06,12.11,--,70,84770,买盘
2274,11:22:03,12.11,--,108,130788,卖盘
2275,11:22:00,12.11,--,21,25431,卖盘
2276,11:21:57,12.11,--,53,64183,卖盘
2277,11:21:54,12.11,--,60,72660,买盘
2278,11:21:51,12.11,--,2,2422,卖盘
2279,11:21:48,12.11,--,11,13321,卖盘
2280,11:21:45,12.11,--,168,203448,卖盘
2281,11:21:42,12.11,--,169,204659,卖盘
2282,11:21:39,12.11,--,1043,1263073,卖盘
2283,11:21:36,12.11,--,279,337869,卖盘
2284,11:21:33,12.11,--,3,3633,卖盘
2285,11:21:30,12.11,--,263,318493,卖盘
2286,11:21:27,12.11,--,125,151375,卖盘
2287,11:21:24,12.11,--,50,60550,卖盘
2288,11:21:21,12.11,--,32,38752,卖盘
2289,11:21:15,12.11,-0.01,124,150164,卖盘
2290,11:21:12,12.12,0.01,47,56963,买盘
2291,11:21:09,12.11,-0.01,3,3633,卖盘
2292,11:21:06,12.12,--,157,190284,买盘
2293,11:21:03,12.12,--,43,52116,买盘
2294,11:21:00,12.12,0.01,197,238763,买盘
2295,11:20:57,12.11,-0.01,137,165907,卖盘
2296,11:20:54,12.12,0.01,16,19392,买盘
2297,11:20:51,12.11,--,1,1211,卖盘
2298,11:20:48,12.11,-0.01,63,76293,卖盘
2299,11:20:45,12.12,--,1049,1271388,卖盘
2300,11:20:42,12.12,-0.01,138,167256,卖盘
2301,11:20:39,12.13,--,51,61863,买盘
2302,11:20:36,12.13,0.01,5,6065,买盘
2303,11:20:33,12.12,--,53,64235,卖盘
2304,11:20:30,12.12,-0.01,85,103020,卖盘
2305,11:20:27,12.13,0.01,21,25473,买盘
2306,11:20:24,12.12,--,55,66660,卖盘
2307,11:20:21,12.12,--,61,73932,卖盘
2308,11:20:18,12.12,--,2,2424,卖盘
2309,11:20:15,12.12,-0.02,496,601152,卖盘
2310,11:20:12,12.14,0.01,1067,1295338,买盘
2311,11:20:06,12.13,--,59,71567,卖盘
2312,11:20:03,12.13,--,77,93401,卖盘
2313,11:20:00,12.13,--,99,120087,卖盘
2314,11:19:57,12.13,--,88,106744,卖盘
2315,11:19:54,12.13,--,72,87336,卖盘
2316,11:19:51,12.13,--,114,138282,卖盘
2317,11:19:48,12.13,--,72,87336,卖盘
2318,11:19:45,12.13,--,334,405142,卖盘
2319,11:19:42,12.13,--,94,114022,卖盘
2320,11:19:39,12.13,--,94,114022,卖盘
2321,11:19:36,12.13,--,220,266860,卖盘
2322,11:19:33,12.13,--,184,223192,卖盘
2323,11:19:30,12.13,--,31,37603,卖盘
2324,11:19:27,12.13,--,269,326297,卖盘
2325,11:19:24,12.13,--,87,105531,卖盘
2326,11:19:21,12.13,--,102,123726,卖盘
2327,11:19:18,12.13,--,2,2426,卖盘
2328,11:19:15,12.13,--,51,61863,卖盘
2329,11:19:12,12.13,-0.01,8,9704,卖盘
2330,11:19:09,12.14,--,204,247656,卖盘
2331,11:19:06,12.14,--,1530,1857420,卖盘
2332,11:19:03,12.14,--,17,20638,卖盘
2333,11:18:57,12.14,--,24,29136,卖盘
2334,11:18:54,12.14,-0.01,21,25494,卖盘
2335,11:18:51,12.15,0.01,9,10935,买盘
2336,11:18:45,12.14,--,111,134754,卖盘
2337,11:18:42,12.14,-0.01,1,1214,卖盘
2338,11:18:36,12.15,0.01,18,21870,买盘
2339,11:18:33,12.14,-0.01,29,35206,卖盘
2340,11:18:30,12.15,--,13,15795,买盘
2341,11:18:27,12.15,--,13,15795,买盘
2342,11:18:24,12.15,--,65,78975,买盘
2343,11:18:18,12.15,--,2,2430,买盘
2344,11:18:12,12.15,0.01,11,13365,买盘
2345,11:18:09,12.14,-0.01,54,65556,卖盘
2346,11:18:06,12.15,-0.01,53,64395,卖盘
2347,11:18:03,12.16,0.01,81,98496,买盘
2348,11:18:00,12.15,-0.01,77,93555,卖盘
2349,11:17:57,12.16,--,15,18240,买盘
2350,11:17:54,12.16,0.01,63,76608,买盘
2351,11:17:48,12.15,--,10,12150,卖盘
2352,11:17:45,12.15,--,57,69255,卖盘
2353,11:17:42,12.15,--,15,18225,卖盘
2354,11:17:39,12.15,--,36,43740,卖盘
2355,11:17:36,12.15,-0.01,116,140940,卖盘
2356,11:17:33,12.16,--,23,27968,买盘
2357,11:17:24,12.16,-0.01,63,76608,卖盘
2358,11:17:21,12.17,0.01,14,17038,买盘
2359,11:17:18,12.16,--,15,18240,卖盘
2360,11:17:15,12.16,--,24,29184,卖盘
2361,11:17:12,12.16,--,53,64448,卖盘
2362,11:17:09,12.16,--,1,1216,卖盘
2363,11:17:06,12.16,--,886,1077376,买盘
2364,11:17:00,12.16,--,139,169024,买盘
2365,11:16:57,12.16,--,20,24320,买盘
2366,11:16:54,12.16,0.01,32,38912,买盘
2367,11:16:51,12.15,-0.01,21,25515,卖盘
2368,11:16:48,12.16,0.01,131,159296,买盘
2369,11:16:42,12.15,--,2,2430,卖盘
2370,11:16:39,12.15,--,5,6075,卖盘
2371,11:16:36,12.15,--,38,46170,卖盘
2372,11:16:33,12.15,--,320,388800,买盘
2373,11:16:27,12.15,--,10,12150,买盘
2374,11:16:24,12.15,0.01,165,200475,买盘
2375,11:16:21,12.14,-0.01,126,152964,卖盘
2376,11:16:18,12.15,--,64,77760,买盘
2377,11:16:15,12.15,0.01,21,25515,买盘
2378,11:16:12,12.14,--,45,54630,卖盘
2379,11:16:09,12.14,-0.01,1,1214,卖盘
2380,11:16:06,12.15,0.01,14,17010,买盘
2381,11:16:03,12.14,-0.01,27,32778,卖盘
2382,11:16:00,12.15,-0.01,261,317115,卖盘
2383,11:15:57,12.16,--,30,36480,买盘
2384,11:15:54,12.16,0.01,103,125248,买盘
2385,11:15:51,12.15,--,71,86265,卖盘
2386,11:15:48,12.15,-0.01,8,9720,卖盘
2387,11:15:45,12.16,--,5,6080,买盘
2388,11:15:42,12.16,0.01,20,24320,买盘
2389,11:15:39,12.15,-0.01,10,12150,卖盘
2390,11:15:33,12.16,0.01,16,19456,买盘
2391,11:15:27,12.15,--,22,26730,卖盘
2392,11:15:24,12.15,-0.02,447,543105,卖盘
2393,11:15:21,12.17,0.01,4,4868,买盘
2394,11:15:18,12.16,-0.01,176,214016,卖盘
2395,11:15:15,12.17,--,4,4868,买盘
2396,11:15:09,12.17,0.01,3,3651,买盘
2397,11:15:03,12.16,-0.01,1,1216,卖盘
2398,11:15:00,12.17,0.01,22,26774,买盘
2399,11:14:57,12.16,-0.01,12,14592,卖盘
2400,11:14:54,12.17,--,40,48680,买盘
2401,11:14:51,12.17,--,35,42595,买盘
2402,11:14:48,12.17,--,18,21906,买盘
2403,11:14:42,12.17,0.01,20,24340,买盘
2404,11:14:39,12.16,-0.02,9,10944,卖盘
2405,11:14:36,12.18,0.02,16,19488,买盘
2406,11:14:30,12.16,--,5,6080,卖盘
2407,11:14:27,12.16,--,17,20672,卖盘
2408,11:14:24,12.16,0.01,105,127680,买盘
2409,11:14:18,12.15,-0.01,5,6075,卖盘
2410,11:14:15,12.16,--,34,41344,买盘
2411,11:14:12,12.16,--,10,12160,卖盘
2412,11:14:09,12.16,-0.02,1,1216,卖盘
2413,11:14:03,12.18,0.03,3,3654,买盘
2414,11:13:57,12.15,-0.03,193,234495,卖盘
2415,11:13:54,12.18,0.03,12,14616,买盘
2416,11:13:51,12.15,--,40,48600,卖盘
2417,11:13:48,12.15,--,35,42525,卖盘
2418,11:13:45,12.15,-0.03,5045,6129675,卖盘
2419,11:13:42,12.18,--,13,15834,卖盘
2420,11:13:39,12.18,--,2,2436,卖盘
2421,11:13:36,12.18,--,21,25578,卖盘
2422,11:13:33,12.18,--,92,112056,卖盘
2423,11:13:30,12.18,--,239,291102,买盘
2424,11:13:24,12.18,--,10,12180,买盘
2425,11:13:21,12.18,0.01,52,63336,买盘
2426,11:13:15,12.17,--,17,20689,卖盘
2427,11:13:12,12.17,--,41,49897,买盘
2428,11:13:09,12.17,0.01,82,99794,买盘
2429,11:13:06,12.16,-0.01,1741,2117056,卖盘
2430,11:13:03,12.17,-0.01,21,25557,卖盘
2431,11:12:57,12.18,0.01,22,26796,买盘
2432,11:12:54,12.17,--,560,681520,卖盘
2433,11:12:48,12.17,--,11,13387,卖盘
2434,11:12:45,12.17,--,4,4868,卖盘
2435,11:12:42,12.17,--,2,2434,卖盘
2436,11:12:39,12.17,-0.01,23,27991,卖盘
2437,11:12:36,12.18,--,2,2436,买盘
2438,11:12:33,12.18,--,21,25578,买盘
2439,11:12:27,12.18,0.01,1,1218,买盘
2440,11:12:24,12.17,--,4,4868,卖盘
2441,11:12:21,12.17,--,39,47463,卖盘
2442,11:12:18,12.17,-0.01,12,14604,卖盘
2443,11:12:15,12.18,0.01,46,56028,买盘
2444,11:12:12,12.17,-0.01,20,24340,卖盘
2445,11:12:09,12.18,--,31,37758,买盘
2446,11:12:06,12.18,0.01,2,2436,买盘
2447,11:12:03,12.17,--,143,174031,卖盘
2448,11:12:00,12.17,--,106,129002,卖盘
2449,11:11:57,12.17,-0.01,1,1217,卖盘
2450,11:11:54,12.18,--,372,453096,买盘
2451,11:11:51,12.18,--,6,7308,卖盘
2452,11:11:48,12.18,0.01,20,24360,中性盘
2453,11:11:45,12.17,-0.02,55,66935,卖盘
2454,11:11:42,12.19,0.01,2,2438,买盘
2455,11:11:39,12.18,--,54,65772,卖盘
2456,11:11:36,12.18,--,143,174174,买盘
2457,11:11:33,12.18,--,118,143724,卖盘
2458,11:11:30,12.18,--,62,75516,卖盘
2459,11:11:27,12.18,--,20,24360,卖盘
2460,11:11:24,12.18,--,31,37758,卖盘
2461,11:11:21,12.18,-0.01,385,468930,卖盘
2462,11:11:18,12.19,0.01,4,4876,买盘
2463,11:11:12,12.18,--,15,18270,卖盘
2464,11:11:09,12.18,--,104,126672,卖盘
2465,11:11:03,12.18,--,18,21924,卖盘
2466,11:11:00,12.18,--,53,64554,卖盘
2467,11:10:57,12.18,--,26,31668,卖盘
2468,11:10:54,12.18,0.01,231,281358,买盘
2469,11:10:51,12.17,-0.01,7,8519,卖盘
2470,11:10:48,12.18,--,56,68208,买盘
2471,11:10:45,12.18,--,1,1218,买盘
2472,11:10:42,12.18,0.01,13,15834,买盘
2473,11:10:39,12.17,-0.01,3,3651,卖盘
2474,11:10:36,12.18,--,303,369054,卖盘
2475,11:10:33,12.18,-0.01,1,1218,卖盘
2476,11:10:24,12.19,0.01,2,2438,买盘
2477,11:10:21,12.18,--,1,1218,卖盘
2478,11:10:18,12.18,--,62,75516,买盘
2479,11:10:15,12.18,--,10,12180,买盘
2480,11:10:12,12.18,--,2,2436,买盘
2481,11:10:09,12.18,0.01,25,30450,买盘
2482,11:10:03,12.17,-0.01,3,3651,卖盘
2483,11:10:00,12.18,0.01,37,45066,买盘
2484,11:09:57,12.17,-0.01,9,10953,卖盘
2485,11:09:51,12.18,--,18,21924,买盘
2486,11:09:48,12.18,--,227,276486,买盘
2487,11:09:45,12.18,--,19,23142,买盘
2488,11:09:42,12.18,-0.02,273,332514,卖盘
2489,11:09:39,12.2,0.02,220,268400,买盘
2490,11:09:36,12.18,--,5,6090,卖盘
2491,11:09:33,12.18,--,2,2436,卖盘
2492,11:09:30,12.18,--,3,3654,卖盘
2493,11:09:27,12.18,--,20,24360,卖盘
2494,11:09:24,12.18,-0.01,1,1218,卖盘
2495,11:09:18,12.19,0.01,2,2438,买盘
2496,11:09:15,12.18,--,1,1218,卖盘
2497,11:09:09,12.18,-0.01,33,40194,卖盘
2498,11:09:06,12.19,--,2,2438,买盘
2499,11:09:03,12.19,--,27,32913,买盘
2500,11:09:00,12.19,--,303,369357,买盘
2501,11:08:57,12.19,--,12,14628,卖盘
2502,11:08:54,12.19,--,9,10971,卖盘
2503,11:08:51,12.19,0.01,203,247457,买盘
2504,11:08:48,12.18,-0.01,1,1218,卖盘
2505,11:08:45,12.19,0.01,15,18285,买盘
2506,11:08:42,12.18,--,108,131544,卖盘
2507,11:08:39,12.18,-0.01,1,1218,卖盘
2508,11:08:36,12.19,--,13,15847,卖盘
2509,11:08:33,12.19,--,136,165784,卖盘
2510,11:08:30,12.19,--,80,97520,卖盘
2511,11:08:27,12.19,--,504,614376,卖盘
2512,11:08:24,12.19,--,18,21942,卖盘
2513,11:08:18,12.19,--,7,8533,卖盘
2514,11:08:15,12.19,-0.01,61,74359,卖盘
2515,11:08:12,12.2,0.01,2,2440,买盘
2516,11:08:09,12.19,--,2,2438,卖盘
2517,11:08:06,12.19,--,11,13409,卖盘
2518,11:08:03,12.19,-0.01,273,332787,卖盘
2519,11:08:00,12.2,--,2,2440,买盘
2520,11:07:51,12.2,0.03,2,2440,买盘
2521,11:07:48,12.17,-0.03,1098,1336266,卖盘
2522,11:07:45,12.2,--,33,40260,卖盘
2523,11:07:42,12.2,--,159,193980,卖盘
2524,11:07:39,12.2,--,103,125659,卖盘
2525,11:07:36,12.2,--,245,298900,卖盘
2526,11:07:33,12.2,-0.01,36,43920,卖盘
2527,11:07:30,12.21,--,46,56166,买盘
2528,11:07:27,12.21,0.01,2,2442,买盘
2529,11:07:21,12.2,-0.01,1,1220,卖盘
2530,11:07:18,12.21,0.01,1,1221,买盘
2531,11:07:15,12.2,--,60,73200,卖盘
2532,11:07:12,12.2,--,14,17080,卖盘
2533,11:07:09,12.2,--,10,12200,卖盘
2534,11:07:06,12.2,--,23,28060,卖盘
2535,11:07:03,12.2,--,36,43920,卖盘
2536,11:07:00,12.2,--,8,9760,卖盘
2537,11:06:57,12.2,-0.01,15,18300,卖盘
2538,11:06:54,12.21,0.01,2,2442,买盘
2539,11:06:51,12.2,--,143,174460,卖盘
2540,11:06:48,12.2,-0.01,11,13420,卖盘
2541,11:06:45,12.21,0.01,63,76923,买盘
2542,11:06:42,12.2,--,1,1220,卖盘
2543,11:06:39,12.2,--,2,2440,卖盘
2544,11:06:36,12.2,--,12,14640,卖盘
2545,11:06:33,12.2,--,23,28060,卖盘
2546,11:06:30,12.2,--,149,181780,卖盘
2547,11:06:27,12.2,--,1,1220,卖盘
2548,11:06:24,12.2,-0.01,284,346480,卖盘
2549,11:06:21,12.21,0.01,2,2442,买盘
2550,11:06:18,12.2,--,41,50020,卖盘
2551,11:06:15,12.2,-0.01,25,30500,卖盘
2552,11:06:12,12.21,0.01,1,1221,买盘
2553,11:06:09,12.2,--,1,1220,卖盘
2554,11:06:06,12.2,--,214,261079,卖盘
2555,11:06:03,12.2,-0.01,10,12200,卖盘
2556,11:06:00,12.21,-0.01,135,165323,卖盘
2557,11:05:57,12.22,0.01,59,72098,买盘
2558,11:05:54,12.21,-0.01,11,13431,卖盘
2559,11:05:51,12.22,0.01,2,2444,买盘
2560,11:05:48,12.21,--,57,69597,卖盘
2561,11:05:45,12.21,-0.01,61,74481,卖盘
2562,11:05:42,12.22,0.01,49,59878,买盘
2563,11:05:39,12.21,-0.01,26,31746,卖盘
2564,11:05:36,12.22,--,74,90428,买盘
2565,11:05:33,12.22,0.01,20,24440,买盘
2566,11:05:30,12.21,--,103,125763,卖盘
2567,11:05:27,12.21,-0.01,186,227106,卖盘
2568,11:05:24,12.22,--,129,157638,买盘
2569,11:05:21,12.22,0.01,30,36660,买盘
2570,11:05:18,12.21,-0.01,2,2442,卖盘
2571,11:05:15,12.22,0.01,3,3666,买盘
2572,11:05:09,12.21,-0.01,1,1221,卖盘
2573,11:05:03,12.22,0.01,6,7332,买盘
2574,11:05:00,12.21,--,1,1221,卖盘
2575,11:04:57,12.21,-0.01,2,2442,卖盘
2576,11:04:54,12.22,0.01,6,7332,买盘
2577,11:04:48,12.21,0.01,59,72771,买盘
2578,11:04:45,12.2,--,2,2440,卖盘
2579,11:04:42,12.2,--,3,3660,卖盘
2580,11:04:39,12.2,--,105,128099,卖盘
2581,11:04:36,12.2,-0.01,23,28060,卖盘
2582,11:04:33,12.21,0.01,17,20757,买盘
2583,11:04:30,12.2,--,31,37820,卖盘
2584,11:04:27,12.2,-0.01,11,13420,卖盘
2585,11:04:24,12.21,--,3,3663,买盘
2586,11:04:21,12.21,--,16,19536,买盘
2587,11:04:18,12.21,-0.01,98,120146,卖盘
2588,11:04:15,12.22,--,30,36660,买盘
2589,11:04:12,12.22,--,203,248066,买盘
2590,11:04:09,12.22,--,204,249288,买盘
2591,11:04:06,12.22,0.01,64,78208,买盘
2592,11:04:03,12.21,--,57,69597,卖盘
2593,11:04:00,12.21,-0.01,11,13431,卖盘
2594,11:03:57,12.22,0.01,79,96538,买盘
2595,11:03:54,12.21,-0.01,1,1221,卖盘
2596,11:03:51,12.22,0.01,11,13442,买盘
2597,11:03:48,12.21,--,5,6105,卖盘
2598,11:03:39,12.21,--,28,34920,卖盘
2599,11:03:36,12.21,-0.01,20,24420,卖盘
2600,11:03:33,12.22,0.01,30,36660,买盘
2601,11:03:30,12.21,--,10,12210,卖盘
2602,11:03:24,12.21,--,76,92796,买盘
2603,11:03:21,12.21,--,57,69597,卖盘
2604,11:03:18,12.21,--,219,267399,卖盘
2605,11:03:15,12.21,--,70,85470,买盘
2606,11:03:12,12.21,--,73,89133,卖盘
2607,11:03:09,12.21,--,6,7326,卖盘
2608,11:03:06,12.21,-0.01,13,15873,卖盘
2609,11:03:03,12.22,0.02,2,2444,买盘
2610,11:03:00,12.2,--,8,9760,卖盘
2611,11:02:57,12.2,-0.01,13,15859,卖盘
2612,11:02:54,12.21,-0.01,18,21978,卖盘
2613,11:02:51,12.22,0.01,2,2444,买盘
2614,11:02:48,12.21,-0.01,23,28083,中性盘
2615,11:02:45,12.22,0.02,20,24440,买盘
2616,11:02:42,12.2,--,44,53680,卖盘
2617,11:02:39,12.2,--,58,70760,卖盘
2618,11:02:36,12.2,--,45,54900,买盘
2619,11:02:30,12.2,0.01,18,21960,买盘
2620,11:02:27,12.19,--,4,4876,卖盘
2621,11:02:21,12.19,-0.01,108,131652,卖盘
2622,11:02:15,12.2,-0.01,46,56120,卖盘
2623,11:02:09,12.21,--,21,25641,买盘
2624,11:02:06,12.21,--,148,180708,卖盘
2625,11:02:03,12.21,--,109,133089,卖盘
2626,11:01:57,12.21,--,37,45177,卖盘
2627,11:01:54,12.21,--,50,61050,卖盘
2628,11:01:51,12.21,-0.01,42,51282,卖盘
2629,11:01:48,12.22,--,30,36660,买盘
2630,11:01:45,12.22,0.01,28,34216,买盘
2631,11:01:42,12.21,--,21,25641,卖盘
2632,11:01:39,12.21,-0.01,198,241758,卖盘
2633,11:01:36,12.22,0.01,59,72098,买盘
2634,11:01:33,12.21,--,203,247863,卖盘
2635,11:01:30,12.21,-0.01,49,59829,卖盘
2636,11:01:27,12.22,--,19,23218,买盘
2637,11:01:24,12.22,--,93,113646,买盘
2638,11:01:21,12.22,--,15,18330,卖盘
2639,11:01:18,12.22,--,46,56212,买盘
2640,11:01:12,12.22,--,10,12220,买盘
2641,11:01:09,12.22,--,9,10998,卖盘
2642,11:01:06,12.22,--,3,3666,卖盘
2643,11:01:03,12.22,--,21,25662,卖盘
2644,11:01:00,12.22,--,138,168636,卖盘
2645,11:00:57,12.22,-0.01,190,232180,卖盘
2646,11:00:54,12.23,--,113,138199,买盘
2647,11:00:51,12.23,0.01,2,2446,买盘
2648,11:00:48,12.22,--,60,73320,卖盘
2649,11:00:45,12.22,-0.02,94,114868,卖盘
2650,11:00:42,12.24,0.01,159,194616,买盘
2651,11:00:39,12.23,--,94,114962,买盘
2652,11:00:36,12.23,--,29,35467,买盘
2653,11:00:30,12.23,0.01,114,139422,买盘
2654,11:00:27,12.22,-0.02,3,3666,卖盘
2655,11:00:24,12.24,0.02,20,24480,买盘
2656,11:00:18,12.22,-0.01,118,144196,卖盘
2657,11:00:15,12.23,-0.01,5,6115,中性盘
2658,11:00:12,12.24,0.01,211,258264,买盘
2659,11:00:09,12.23,--,9,11007,买盘
2660,11:00:06,12.23,--,118,144314,卖盘
2661,11:00:03,12.23,-0.01,87,106401,卖盘
2662,11:00:00,12.24,--,106,129744,买盘
2663,10:59:57,12.24,0.01,151,184824,买盘
2664,10:59:54,12.23,-0.01,86,105178,卖盘
2665,10:59:51,12.24,--,605,740520,买盘
2666,10:59:48,12.24,0.01,51,62424,买盘
2667,10:59:45,12.23,--,24,29352,卖盘
2668,10:59:42,12.23,--,65,79495,卖盘
2669,10:59:39,12.23,0.01,103,125969,买盘
2670,10:59:36,12.22,-0.01,42,51324,卖盘
2671,10:59:33,12.23,--,87,106401,买盘
2672,10:59:30,12.23,--,10,12230,买盘
2673,10:59:27,12.23,--,10,12230,买盘
2674,10:59:24,12.23,--,666,814518,买盘
2675,10:59:21,12.23,0.01,101,123523,买盘
2676,10:59:18,12.22,--,292,356824,买盘
2677,10:59:15,12.22,0.01,190,232180,买盘
2678,10:59:09,12.21,--,32,39072,买盘
2679,10:59:06,12.21,--,191,233211,买盘
2680,10:59:03,12.21,--,327,399267,买盘
2681,10:59:00,12.21,0.01,246,300366,买盘
2682,10:58:54,12.2,--,10,12200,卖盘
2683,10:58:51,12.2,--,62,75640,卖盘
2684,10:58:48,12.2,--,383,467967,买盘
2685,10:58:45,12.2,--,136,165920,买盘
2686,10:58:42,12.2,0.01,56,68320,买盘
2687,10:58:39,12.19,-0.01,1,1219,卖盘
2688,10:58:36,12.2,--,11,13420,买盘
2689,10:58:33,12.2,0.01,10,12200,买盘
2690,10:58:30,12.19,-0.01,142,173098,卖盘
2691,10:58:24,12.2,0.01,211,257419,买盘
2692,10:58:21,12.19,-0.01,20,24380,卖盘
2693,10:58:18,12.2,--,260,317200,买盘
2694,10:58:09,12.2,0.01,59,71980,买盘
2695,10:58:06,12.19,--,1,1219,卖盘
2696,10:58:03,12.19,--,4,4876,卖盘
2697,10:58:00,12.19,--,3,3657,卖盘
2698,10:57:57,12.19,0.01,23,28037,买盘
2699,10:57:51,12.18,--,86,104748,卖盘
2700,10:57:48,12.18,--,156,190008,卖盘
2701,10:57:42,12.18,--,417,507906,卖盘
2702,10:57:39,12.18,-0.01,2,2436,卖盘
2703,10:57:33,12.19,--,48,58512,卖盘
2704,10:57:30,12.19,--,28,34132,卖盘
2705,10:57:27,12.19,--,52,63388,买盘
2706,10:57:24,12.19,0.01,34,41446,买盘
2707,10:57:21,12.18,--,22,26796,卖盘
2708,10:57:12,12.18,--,75,91350,卖盘
2709,10:57:09,12.18,-0.01,1,1218,卖盘
2710,10:57:06,12.19,--,101,123119,买盘
2711,10:57:00,12.19,--,8,9752,买盘
2712,10:56:54,12.19,--,55,67045,买盘
2713,10:56:51,12.19,--,30,36570,买盘
2714,10:56:48,12.19,--,85,103615,买盘
2715,10:56:45,12.19,0.01,2,2438,买盘
2716,10:56:42,12.18,-0.01,19,23142,卖盘
2717,10:56:39,12.19,0.01,31,37789,买盘
2718,10:56:36,12.18,-0.01,111,135198,卖盘
2719,10:56:33,12.19,--,4,4876,买盘
2720,10:56:30,12.19,--,1,1219,买盘
2721,10:56:27,12.19,--,5,6095,买盘
2722,10:56:24,12.19,0.01,26,31694,买盘
2723,10:56:18,12.18,-0.01,3,3654,卖盘
2724,10:56:12,12.19,--,50,60950,买盘
2725,10:56:09,12.19,0.01,4,4876,买盘
2726,10:56:06,12.18,-0.01,1,1218,卖盘
2727,10:56:03,12.19,--,21,25599,买盘
2728,10:56:00,12.19,0.01,34,41446,买盘
2729,10:55:51,12.18,--,5,6090,卖盘
2730,10:55:48,12.18,-0.01,27,32886,卖盘
2731,10:55:45,12.19,0.01,18,21942,买盘
2732,10:55:42,12.18,--,1,1218,卖盘
2733,10:55:39,12.18,--,12,14616,卖盘
2734,10:55:36,12.18,--,168,204624,卖盘
2735,10:55:33,12.18,--,4,4872,卖盘
2736,10:55:30,12.18,--,248,302064,卖盘
2737,10:55:27,12.18,--,15,18270,卖盘
2738,10:55:21,12.18,--,5,6090,卖盘
2739,10:55:18,12.18,--,6,7308,卖盘
2740,10:55:15,12.18,-0.01,10,12180,卖盘
2741,10:55:12,12.19,0.01,10,12190,买盘
2742,10:55:09,12.18,--,1,1218,卖盘
2743,10:55:06,12.18,-0.01,112,136416,卖盘
2744,10:55:03,12.19,--,20,24380,买盘
2745,10:54:57,12.19,0.01,74,90206,买盘
2746,10:54:54,12.18,-0.01,8,9744,卖盘
2747,10:54:51,12.19,0.01,94,114586,买盘
2748,10:54:48,12.18,--,51,62118,卖盘
2749,10:54:45,12.18,-0.01,25,30450,卖盘
2750,10:54:42,12.19,0.01,18,21942,买盘
2751,10:54:39,12.18,--,32,38976,买盘
2752,10:54:36,12.18,-0.01,259,315462,卖盘
2753,10:54:33,12.19,--,4,4876,买盘
2754,10:54:30,12.19,0.01,141,171879,买盘
2755,10:54:21,12.18,-0.01,107,130326,卖盘
2756,10:54:18,12.19,0.01,12,14628,买盘
2757,10:54:09,12.18,--,3,3654,卖盘
2758,10:54:06,12.18,--,20,24360,卖盘
2759,10:54:03,12.18,-0.01,1,1218,卖盘
2760,10:54:00,12.19,--,10,12190,买盘
2761,10:53:57,12.19,--,10,12190,买盘
2762,10:53:48,12.19,--,15,18285,买盘
2763,10:53:42,12.19,--,52,63388,买盘
2764,10:53:39,12.19,0.01,23,28037,买盘
2765,10:53:36,12.18,-0.01,1,1218,卖盘
2766,10:53:27,12.19,--,1,1219,买盘
2767,10:53:24,12.19,0.01,130,158470,买盘
2768,10:53:21,12.18,--,125,152250,买盘
2769,10:53:18,12.18,--,22,26796,买盘
2770,10:53:15,12.18,-0.01,58,70644,卖盘
2771,10:53:12,12.19,0.01,30,36570,买盘
2772,10:53:09,12.18,--,1,1218,卖盘
2773,10:53:06,12.18,-0.01,221,269178,卖盘
2774,10:53:03,12.19,--,24,29256,买盘
2775,10:52:57,12.19,0.01,4,4876,买盘
2776,10:52:54,12.18,--,1,1218,卖盘
2777,10:52:51,12.18,0.01,465,566370,买盘
2778,10:52:39,12.17,-0.01,20,24340,卖盘
2779,10:52:36,12.18,--,265,322770,买盘
2780,10:52:33,12.18,0.01,121,147378,买盘
2781,10:52:30,12.17,-0.02,867,1055139,卖盘
2782,10:52:27,12.19,--,3,3657,买盘
2783,10:52:24,12.19,--,158,192602,买盘
2784,10:52:21,12.19,--,358,436402,买盘
