,time,price,change,volume,amount,type
0,15:00:03,11.15,0.01,1484,1654660,买盘
1,14:57:00,11.14,-0.01,1,1114,卖盘
2,14:56:57,11.15,--,5,5575,买盘
3,14:56:54,11.15,--,6,6690,买盘
4,14:56:51,11.15,--,38,42370,买盘
5,14:56:48,11.15,--,10,11150,买盘
6,14:56:45,11.15,--,34,37910,买盘
7,14:56:42,11.15,--,35,39025,买盘
8,14:56:39,11.15,--,518,577570,卖盘
9,14:56:33,11.15,-0.01,38,42370,卖盘
10,14:56:30,11.16,0.01,30,33480,买盘
11,14:56:27,11.15,-0.01,36,40140,卖盘
12,14:56:24,11.16,0.01,100,111600,买盘
13,14:56:21,11.15,-0.01,35,39025,卖盘
14,14:56:18,11.16,0.01,116,129456,买盘
15,14:56:15,11.15,-0.01,10,11150,卖盘
16,14:56:12,11.16,--,21,23436,买盘
17,14:56:03,11.16,0.01,46,51336,买盘
18,14:55:57,11.15,-0.01,12,13380,卖盘
19,14:55:54,11.16,0.01,13,14508,买盘
20,14:55:48,11.15,-0.01,25,27875,卖盘
21,14:55:45,11.16,--,52,58032,买盘
22,14:55:42,11.16,0.01,20,22320,买盘
23,14:55:36,11.15,--,10,11150,卖盘
24,14:55:30,11.15,-0.01,5,5575,卖盘
25,14:55:24,11.16,--,167,186372,买盘
26,14:55:21,11.16,--,11,12276,买盘
27,14:55:18,11.16,--,22,24552,买盘
28,14:55:15,11.16,--,85,94860,买盘
29,14:55:12,11.16,--,42,46872,买盘
30,14:55:06,11.16,0.01,15,16740,买盘
31,14:55:03,11.15,-0.01,18,20070,卖盘
32,14:55:00,11.16,0.01,44,49104,买盘
33,14:54:57,11.15,-0.01,11,12265,卖盘
34,14:54:54,11.16,--,22,24552,买盘
35,14:54:45,11.16,--,19,21204,买盘
36,14:54:42,11.16,--,20,22320,买盘
37,14:54:39,11.16,--,215,239940,买盘
38,14:54:36,11.16,0.01,18,20088,买盘
39,14:54:30,11.15,--,20,22300,卖盘
40,14:54:27,11.15,--,15,16725,卖盘
41,14:54:24,11.15,--,109,121535,买盘
42,14:54:21,11.15,--,21,23415,买盘
43,14:54:15,11.15,0.01,19,21185,买盘
44,14:54:12,11.14,-0.01,10,11140,卖盘
45,14:54:09,11.15,--,2,2230,买盘
46,14:54:06,11.15,--,50,55750,买盘
47,14:54:03,11.15,0.01,190,211850,买盘
48,14:53:57,11.14,-0.01,62,69068,卖盘
49,14:53:54,11.15,--,100,111500,买盘
50,14:53:51,11.15,0.01,20,22300,买盘
51,14:53:48,11.14,-0.01,30,33420,卖盘
52,14:53:45,11.15,0.01,3,3345,买盘
53,14:53:42,11.14,-0.01,83,92462,卖盘
54,14:53:39,11.15,--,13,14495,买盘
55,14:53:36,11.15,--,15,16725,买盘
56,14:53:30,11.15,--,10,11150,买盘
57,14:53:27,11.15,--,82,91430,买盘
58,14:53:24,11.15,--,8,8920,买盘
59,14:53:21,11.15,0.01,10,11150,买盘
60,14:53:18,11.14,-0.01,38,42332,卖盘
61,14:53:15,11.15,--,61,68015,买盘
62,14:53:12,11.15,0.01,1,1115,买盘
63,14:53:09,11.14,-0.01,12,13368,卖盘
64,14:53:06,11.15,--,3,3345,买盘
65,14:53:03,11.15,--,50,55750,买盘
66,14:53:00,11.15,--,10,11150,买盘
67,14:52:57,11.15,--,16,17840,买盘
68,14:52:54,11.15,--,22,24530,买盘
69,14:52:51,11.15,--,11,12265,买盘
70,14:52:48,11.15,--,44,49060,买盘
71,14:52:45,11.15,--,21,23415,买盘
72,14:52:42,11.15,--,18,20070,买盘
73,14:52:36,11.15,--,94,104810,买盘
74,14:52:30,11.15,0.01,23,25645,买盘
75,14:52:27,11.14,--,40,44560,卖盘
76,14:52:24,11.14,-0.01,4,4456,卖盘
77,14:52:21,11.15,--,9,10035,买盘
78,14:52:18,11.15,--,21,23415,买盘
79,14:52:12,11.15,--,55,61325,买盘
80,14:52:09,11.15,--,17,18955,买盘
81,14:52:06,11.15,0.01,124,138260,买盘
82,14:52:03,11.14,-0.01,24,26736,卖盘
83,14:52:00,11.15,0.01,7,7805,买盘
84,14:51:57,11.14,-0.01,48,53472,卖盘
85,14:51:51,11.15,--,48,53520,买盘
86,14:51:48,11.15,--,20,22300,买盘
87,14:51:45,11.15,0.01,3,3345,买盘
88,14:51:42,11.14,--,51,56814,卖盘
89,14:51:39,11.14,--,11,12254,卖盘
90,14:51:36,11.14,--,111,123654,卖盘
91,14:51:30,11.14,-0.01,11,12254,卖盘
92,14:51:27,11.15,--,110,122650,买盘
93,14:51:24,11.15,--,27,30105,买盘
94,14:51:21,11.15,--,10,11150,买盘
95,14:51:18,11.15,--,2,2230,买盘
96,14:51:15,11.15,--,627,699105,买盘
97,14:51:12,11.15,0.01,28,31220,买盘
98,14:51:09,11.14,-0.01,10,11140,卖盘
99,14:51:06,11.15,--,124,138260,买盘
100,14:51:03,11.15,--,21,23415,买盘
101,14:51:00,11.15,0.01,1,1115,买盘
102,14:50:57,11.14,-0.01,24,26736,卖盘
103,14:50:54,11.15,--,1,1115,买盘
104,14:50:45,11.15,--,22,24530,买盘
105,14:50:42,11.15,0.01,9,10035,买盘
106,14:50:33,11.14,--,10,11140,卖盘
107,14:50:30,11.14,--,50,55700,卖盘
108,14:50:24,11.14,-0.01,40,44560,卖盘
109,14:50:21,11.15,--,22,24530,买盘
110,14:50:18,11.15,--,17,18955,买盘
111,14:50:15,11.15,--,10,11150,买盘
112,14:50:12,11.15,--,30,33450,买盘
113,14:50:06,11.15,0.01,3,3345,买盘
114,14:50:03,11.14,-0.01,5,5570,卖盘
115,14:50:00,11.15,--,98,109270,买盘
116,14:49:57,11.15,--,5,5575,买盘
117,14:49:54,11.15,--,19,21185,买盘
118,14:49:48,11.15,0.01,94,104810,买盘
119,14:49:45,11.14,-0.01,14,15596,卖盘
120,14:49:42,11.15,--,3,3345,买盘
121,14:49:39,11.15,--,20,22300,买盘
122,14:49:36,11.15,0.01,433,482795,买盘
123,14:49:33,11.14,--,561,624954,卖盘
124,14:49:27,11.14,-0.01,84,93576,卖盘
125,14:49:24,11.15,0.01,3,3345,买盘
126,14:49:21,11.14,--,9,10026,卖盘
127,14:49:18,11.14,-0.01,271,302462,卖盘
128,14:49:15,11.15,0.01,1,1115,买盘
129,14:49:12,11.14,-0.01,288,321043,卖盘
130,14:49:09,11.15,--,1,1115,买盘
131,14:49:06,11.15,0.01,23,25645,买盘
132,14:49:03,11.14,-0.01,7,7798,卖盘
133,14:49:00,11.15,--,3,3345,买盘
134,14:48:57,11.15,0.01,25,27875,买盘
135,14:48:48,11.14,--,2,2228,卖盘
136,14:48:45,11.14,-0.01,83,92462,卖盘
137,14:48:42,11.15,0.01,22,24530,买盘
138,14:48:33,11.14,-0.01,1,1114,卖盘
139,14:48:30,11.15,--,17,18955,买盘
140,14:48:27,11.15,--,18,20070,买盘
141,14:48:24,11.15,--,48,53520,买盘
142,14:48:21,11.15,0.01,2,2230,买盘
143,14:48:15,11.14,-0.01,16,17824,卖盘
144,14:48:12,11.15,--,77,85855,买盘
145,14:48:09,11.15,--,56,62440,买盘
146,14:48:06,11.15,0.01,22,24530,买盘
147,14:48:03,11.14,-0.01,28,31192,卖盘
148,14:47:57,11.15,--,28,31220,买盘
149,14:47:54,11.15,--,1,1115,买盘
150,14:47:48,11.15,--,18,20070,买盘
151,14:47:45,11.15,--,8,8920,买盘
152,14:47:42,11.15,--,22,24530,买盘
153,14:47:39,11.15,--,6,6690,买盘
154,14:47:30,11.15,--,3,3345,买盘
155,14:47:27,11.15,0.01,386,430390,买盘
156,14:47:24,11.14,-0.01,3,3342,卖盘
157,14:47:18,11.15,--,4,4460,买盘
158,14:47:09,11.15,--,6,6690,买盘
159,14:47:03,11.15,0.01,10,11150,买盘
160,14:47:00,11.14,--,123,137022,卖盘
161,14:46:57,11.14,-0.01,3,3342,卖盘
162,14:46:54,11.15,0.01,3,3345,买盘
163,14:46:51,11.14,-0.01,264,294096,卖盘
164,14:46:45,11.15,--,21,23415,买盘
165,14:46:42,11.15,--,15,16725,买盘
166,14:46:39,11.15,--,42,46830,买盘
167,14:46:36,11.15,0.01,74,82510,买盘
168,14:46:33,11.14,-0.01,77,85778,卖盘
169,14:46:27,11.15,0.01,23,25645,买盘
170,14:46:24,11.14,-0.01,106,118084,卖盘
171,14:46:21,11.15,--,1,1115,买盘
172,14:46:18,11.15,0.01,1,1115,买盘
173,14:46:15,11.14,-0.01,82,91348,卖盘
174,14:46:12,11.15,0.01,125,139375,买盘
175,14:46:09,11.14,-0.01,49,54586,卖盘
176,14:46:06,11.15,--,2,2230,买盘
177,14:46:03,11.15,--,16,17840,买盘
178,14:46:00,11.15,--,28,31220,买盘
179,14:45:57,11.15,0.01,240,267600,买盘
180,14:45:54,11.14,-0.01,48,53472,卖盘
181,14:45:51,11.15,--,292,325580,买盘
182,14:45:48,11.15,0.01,3,3345,买盘
183,14:45:45,11.14,-0.01,4,4456,卖盘
184,14:45:42,11.15,--,33,36795,买盘
185,14:45:39,11.15,--,73,81395,买盘
186,14:45:30,11.15,-0.01,99,110385,卖盘
187,14:45:27,11.16,--,1,1116,买盘
188,14:45:24,11.16,--,3,3348,买盘
189,14:45:18,11.16,--,100,111600,买盘
190,14:45:15,11.16,--,17,18972,买盘
191,14:45:12,11.16,--,547,610452,买盘
192,14:45:09,11.16,--,9,10044,买盘
193,14:45:06,11.16,--,13,14508,买盘
194,14:45:03,11.16,--,8,8928,买盘
195,14:44:54,11.16,0.01,48,53568,买盘
196,14:44:51,11.15,-0.01,16,17840,卖盘
197,14:44:48,11.16,--,10,11160,买盘
198,14:44:45,11.16,0.01,19,21204,买盘
199,14:44:42,11.15,-0.01,37,41255,卖盘
200,14:44:36,11.16,--,19,21204,买盘
201,14:44:33,11.16,--,61,68076,买盘
202,14:44:30,11.16,--,16,17856,买盘
203,14:44:27,11.16,--,7,7812,买盘
204,14:44:24,11.16,0.01,3,3348,买盘
205,14:44:21,11.15,--,170,189550,买盘
206,14:44:15,11.15,--,7,7805,买盘
207,14:44:12,11.15,--,131,146065,买盘
208,14:44:09,11.15,--,5,5575,买盘
209,14:44:06,11.15,0.01,16,17840,买盘
210,14:44:03,11.14,--,7,7798,卖盘
211,14:43:57,11.14,-0.01,40,44560,卖盘
212,14:43:54,11.15,0.01,18,20070,买盘
213,14:43:51,11.14,-0.01,347,386558,卖盘
214,14:43:48,11.15,--,40,44600,买盘
215,14:43:45,11.15,--,31,34565,买盘
216,14:43:42,11.15,--,315,351225,买盘
217,14:43:39,11.15,--,5,5575,买盘
218,14:43:36,11.15,--,45,50175,买盘
219,14:43:30,11.15,--,20,22300,买盘
220,14:43:27,11.15,0.01,17,18955,买盘
221,14:43:24,11.14,-0.01,14,15596,卖盘
222,14:43:21,11.15,--,22,24530,买盘
223,14:43:18,11.15,--,1,1115,买盘
224,14:43:15,11.15,--,6,6690,买盘
225,14:43:12,11.15,--,14,15610,买盘
226,14:43:09,11.15,0.01,5,5575,买盘
227,14:43:06,11.14,-0.01,101,112514,卖盘
228,14:43:03,11.15,--,7,7805,买盘
229,14:43:00,11.15,0.01,1,1115,买盘
230,14:42:57,11.14,--,113,125882,卖盘
231,14:42:54,11.14,-0.01,1,1114,卖盘
232,14:42:51,11.15,--,153,170595,买盘
233,14:42:45,11.15,0.01,26,28990,买盘
234,14:42:42,11.14,--,96,106944,卖盘
235,14:42:39,11.14,-0.01,12,13368,卖盘
236,14:42:36,11.15,--,280,312200,买盘
237,14:42:33,11.15,--,49,54635,买盘
238,14:42:30,11.15,0.01,11,12265,买盘
239,14:42:27,11.14,--,78,86892,卖盘
240,14:42:24,11.14,-0.01,17,18938,卖盘
241,14:42:21,11.15,--,20,22300,买盘
242,14:42:15,11.15,0.01,1,1115,买盘
243,14:42:12,11.14,-0.01,120,133680,卖盘
244,14:42:09,11.15,--,6,6690,买盘
245,14:42:06,11.15,--,101,112615,买盘
246,14:42:03,11.15,--,6,6690,买盘
247,14:42:00,11.15,--,1,1115,买盘
248,14:41:54,11.15,0.01,123,137145,买盘
249,14:41:51,11.14,-0.01,79,88006,卖盘
250,14:41:48,11.15,--,167,186205,买盘
251,14:41:45,11.15,--,8,8920,买盘
252,14:41:42,11.15,--,35,39025,买盘
253,14:41:30,11.15,0.01,1,1115,买盘
254,14:41:27,11.14,-0.01,12,13368,卖盘
255,14:41:24,11.15,--,7,7805,买盘
256,14:41:21,11.15,--,10,11150,买盘
257,14:41:18,11.15,0.01,20,22300,买盘
258,14:41:15,11.14,--,17,18938,卖盘
259,14:41:09,11.14,--,70,77980,卖盘
260,14:41:06,11.14,--,8,8912,卖盘
261,14:41:03,11.14,-0.01,19,21166,卖盘
262,14:41:00,11.15,0.01,22,24530,买盘
263,14:40:57,11.14,-0.01,125,139250,卖盘
264,14:40:51,11.15,--,108,120420,买盘
265,14:40:45,11.15,0.01,110,122650,买盘
266,14:40:42,11.14,-0.01,65,72410,卖盘
267,14:40:36,11.15,0.01,117,130455,买盘
268,14:40:33,11.14,-0.01,21,23394,卖盘
269,14:40:30,11.15,--,56,62440,买盘
270,14:40:27,11.15,-0.01,109,121535,卖盘
271,14:40:24,11.16,0.01,3,3348,买盘
272,14:40:21,11.15,-0.01,4,4460,卖盘
273,14:40:18,11.16,--,3,3348,买盘
274,14:40:09,11.16,0.01,22,24552,买盘
275,14:40:06,11.15,--,19,21185,买盘
276,14:40:03,11.15,0.01,16,17840,买盘
277,14:40:00,11.14,-0.01,68,75752,卖盘
278,14:39:57,11.15,--,2,2230,买盘
279,14:39:54,11.15,--,221,246415,买盘
280,14:39:51,11.15,--,10,11150,买盘
281,14:39:48,11.15,-0.01,32,35680,中性盘
282,14:39:45,11.16,0.01,58,64728,买盘
283,14:39:42,11.15,--,320,356800,买盘
284,14:39:39,11.15,0.01,30,33450,买盘
285,14:39:36,11.14,-0.01,51,56814,卖盘
286,14:39:33,11.15,--,4,4460,买盘
287,14:39:30,11.15,--,22,24530,买盘
288,14:39:27,11.15,--,18,20070,买盘
289,14:39:24,11.15,--,3,3345,买盘
290,14:39:18,11.15,--,12,13380,买盘
291,14:39:15,11.15,--,15,16725,买盘
292,14:39:12,11.15,--,19,21185,买盘
293,14:39:09,11.15,--,4,4460,买盘
294,14:39:06,11.15,--,11,12265,买盘
295,14:39:03,11.15,--,33,36795,买盘
296,14:39:00,11.15,--,29,33015,卖盘
297,14:38:54,11.15,--,78,87404,买盘
298,14:38:48,11.15,--,14,15610,买盘
299,14:38:45,11.15,--,128,142720,买盘
300,14:38:42,11.15,--,50,55750,买盘
301,14:38:33,11.15,0.01,23,25645,买盘
302,14:38:30,11.14,-0.01,58,64612,卖盘
303,14:38:27,11.15,--,31,34565,买盘
304,14:38:24,11.15,0.01,28,31220,买盘
305,14:38:21,11.14,-0.01,9,10026,卖盘
306,14:38:18,11.15,--,417,465635,卖盘
307,14:38:15,11.15,-0.01,7,7805,卖盘
308,14:38:12,11.16,--,10,11160,买盘
309,14:38:09,11.16,0.01,5,5580,买盘
310,14:38:06,11.15,--,12,13380,卖盘
311,14:38:03,11.15,-0.01,7,7805,卖盘
312,14:38:00,11.16,0.01,1,1116,买盘
313,14:37:54,11.15,-0.01,31,34565,卖盘
314,14:37:48,11.16,--,18,20088,买盘
315,14:37:45,11.16,--,5,5580,买盘
316,14:37:42,11.16,--,39,43524,买盘
317,14:37:30,11.16,--,3,3348,买盘
318,14:37:27,11.16,--,1,1116,买盘
319,14:37:24,11.16,--,26,29016,买盘
320,14:37:18,11.16,--,1,1116,买盘
321,14:37:12,11.16,--,2,2232,买盘
322,14:37:09,11.16,--,5,5580,买盘
323,14:37:06,11.16,--,79,88164,买盘
324,14:37:03,11.16,--,5,5580,买盘
325,14:37:00,11.16,0.01,167,186372,买盘
326,14:36:57,11.15,-0.01,35,39025,卖盘
327,14:36:51,11.16,--,3,3348,买盘
328,14:36:45,11.16,--,24,26784,买盘
329,14:36:42,11.16,--,3,3348,买盘
330,14:36:39,11.16,--,33,36828,买盘
331,14:36:36,11.16,--,3,3348,买盘
332,14:36:33,11.16,--,4,4464,买盘
333,14:36:30,11.16,--,26,29016,买盘
334,14:36:27,11.16,0.01,8,8928,买盘
335,14:36:24,11.15,-0.01,4,4460,卖盘
336,14:36:21,11.16,--,24,26784,买盘
337,14:36:18,11.16,--,1,1116,买盘
338,14:36:12,11.16,--,8,8928,买盘
339,14:36:09,11.16,--,4,4464,买盘
340,14:36:06,11.16,--,6,6696,买盘
341,14:36:03,11.16,--,3,3348,买盘
342,14:36:00,11.16,0.01,1,1116,买盘
343,14:35:57,11.15,--,57,63989,买盘
344,14:35:51,11.15,--,266,296590,买盘
345,14:35:48,11.15,--,16,17840,买盘
346,14:35:45,11.15,--,14,15610,买盘
347,14:35:42,11.15,0.01,83,92545,买盘
348,14:35:33,11.14,-0.01,9,10026,卖盘
349,14:35:30,11.15,--,1,1115,买盘
350,14:35:24,11.15,-0.01,618,689750,卖盘
351,14:35:18,11.16,--,32,35712,买盘
352,14:35:15,11.16,--,118,131688,买盘
353,14:35:12,11.16,-0.01,445,496620,卖盘
354,14:35:09,11.17,--,4,4468,买盘
355,14:35:06,11.17,--,8,8936,买盘
356,14:35:03,11.17,--,9,10053,买盘
357,14:35:00,11.17,--,5,5585,买盘
358,14:34:57,11.17,--,10,11170,买盘
359,14:34:54,11.17,--,14,15638,买盘
360,14:34:51,11.17,--,18,20106,买盘
361,14:34:45,11.17,0.01,13,14521,买盘
362,14:34:42,11.16,-0.01,43,47988,卖盘
363,14:34:39,11.17,--,39,43563,买盘
364,14:34:33,11.17,--,10,11170,买盘
365,14:34:30,11.17,--,1,1117,买盘
366,14:34:27,11.17,--,1,1117,买盘
367,14:34:24,11.17,--,3,3351,买盘
368,14:34:21,11.17,--,101,112817,买盘
369,14:34:18,11.17,--,1,1117,买盘
370,14:34:15,11.17,--,9,10053,买盘
371,14:34:12,11.17,--,21,23457,买盘
372,14:34:09,11.17,--,5,5585,买盘
373,14:34:06,11.17,0.01,2,2234,买盘
374,14:34:03,11.16,--,4,4464,卖盘
375,14:34:00,11.16,--,64,71424,买盘
376,14:33:57,11.16,--,910,1015560,买盘
377,14:33:54,11.16,--,20,22320,买盘
378,14:33:51,11.16,--,8,8928,买盘
379,14:33:48,11.16,--,27,30132,买盘
380,14:33:45,11.16,--,22,24552,买盘
381,14:33:39,11.16,--,30,33480,买盘
382,14:33:36,11.16,--,122,136152,买盘
383,14:33:33,11.16,--,40,44640,买盘
384,14:33:30,11.16,--,1,1116,买盘
385,14:33:24,11.16,0.01,3,3348,买盘
386,14:33:21,11.15,--,27,30105,卖盘
387,14:33:18,11.15,-0.01,40,44600,卖盘
388,14:33:09,11.16,0.01,101,113151,买盘
389,14:33:06,11.15,--,115,128225,买盘
390,14:33:03,11.15,--,4,4460,买盘
391,14:33:00,11.15,--,4,4460,买盘
392,14:32:54,11.15,--,23,25645,买盘
393,14:32:51,11.15,--,31,34565,买盘
394,14:32:48,11.15,--,9,10035,买盘
395,14:32:45,11.15,0.01,13,14495,买盘
396,14:32:42,11.14,-0.01,68,75752,卖盘
397,14:32:39,11.15,0.01,22,24530,买盘
398,14:32:36,11.14,-0.01,28,31192,卖盘
399,14:32:33,11.15,--,59,65785,买盘
400,14:32:30,11.15,--,72,80280,买盘
401,14:32:27,11.15,0.01,28,31220,买盘
402,14:32:24,11.14,-0.01,17,18938,卖盘
403,14:32:21,11.15,--,49,54635,买盘
404,14:32:18,11.15,--,41,45715,买盘
405,14:32:12,11.15,--,117,130455,买盘
406,14:32:09,11.15,--,62,69130,买盘
407,14:32:06,11.15,--,23,25645,买盘
408,14:32:03,11.15,--,49,54635,买盘
409,14:32:00,11.15,0.01,1,1115,买盘
410,14:31:57,11.14,-0.01,43,47902,卖盘
411,14:31:54,11.15,--,103,114845,买盘
412,14:31:51,11.15,--,9,10035,买盘
413,14:31:48,11.15,--,204,227460,买盘
414,14:31:45,11.15,--,18,20070,买盘
415,14:31:42,11.15,--,21,23415,买盘
416,14:31:39,11.15,--,28,31220,买盘
417,14:31:36,11.15,--,33,36795,买盘
418,14:31:30,11.15,--,29,32335,买盘
419,14:31:24,11.15,--,8,8920,买盘
420,14:31:21,11.15,--,23,25645,买盘
421,14:31:18,11.15,--,1,1115,买盘
422,14:31:15,11.15,--,139,154985,买盘
423,14:31:12,11.15,0.01,1,1115,买盘
424,14:31:09,11.14,-0.01,62,69068,卖盘
425,14:31:06,11.15,--,53,59095,买盘
426,14:31:03,11.15,--,3,3345,买盘
427,14:31:00,11.15,--,22,24530,买盘
428,14:30:57,11.15,--,1,1115,买盘
429,14:30:54,11.15,--,8,8920,买盘
430,14:30:51,11.15,0.01,10,11150,买盘
431,14:30:45,11.14,-0.01,3,3342,卖盘
432,14:30:42,11.15,--,10,11150,买盘
433,14:30:39,11.15,--,11,12265,买盘
434,14:30:36,11.15,--,20,22300,买盘
435,14:30:33,11.15,--,30,33450,买盘
436,14:30:30,11.15,--,43,47945,买盘
437,14:30:27,11.15,--,43,47945,买盘
438,14:30:24,11.15,--,52,57980,买盘
439,14:30:21,11.15,--,8,8920,买盘
440,14:30:18,11.15,0.01,6,6690,买盘
441,14:30:15,11.14,-0.01,27,30078,卖盘
442,14:30:12,11.15,--,16,17840,买盘
443,14:30:09,11.15,--,23,25645,买盘
444,14:30:06,11.15,--,1,1115,买盘
445,14:30:03,11.15,0.01,41,45715,买盘
446,14:30:00,11.14,-0.01,68,75752,卖盘
447,14:29:57,11.15,--,6,6690,买盘
448,14:29:54,11.15,0.01,136,151640,买盘
449,14:29:51,11.14,-0.01,32,35648,卖盘
450,14:29:45,11.15,0.01,16,17840,买盘
451,14:29:42,11.14,-0.01,117,130338,卖盘
452,14:29:39,11.15,--,60,66900,买盘
453,14:29:36,11.15,--,39,43485,买盘
454,14:29:30,11.15,--,293,326695,买盘
455,14:29:27,11.15,--,8,8920,买盘
456,14:29:24,11.15,--,93,103695,买盘
457,14:29:21,11.15,0.01,44,49060,买盘
458,14:29:18,11.14,-0.01,3,3342,卖盘
459,14:29:12,11.15,--,27,30105,买盘
460,14:29:09,11.15,--,6,6690,买盘
461,14:29:06,11.15,0.01,188,209620,买盘
462,14:29:03,11.14,-0.01,4,4456,卖盘
463,14:29:00,11.15,--,1,1115,买盘
464,14:28:57,11.15,--,99,110385,买盘
465,14:28:54,11.15,0.01,6,6690,买盘
466,14:28:51,11.14,-0.01,131,145934,卖盘
467,14:28:48,11.15,0.01,3,3345,买盘
468,14:28:45,11.14,-0.01,80,89120,卖盘
469,14:28:42,11.15,0.01,30,33450,买盘
470,14:28:39,11.14,-0.01,50,55700,卖盘
471,14:28:33,11.15,0.01,25,27875,买盘
472,14:28:30,11.14,-0.01,50,55700,卖盘
473,14:28:27,11.15,--,38,42370,买盘
474,14:28:24,11.15,0.01,15,16725,买盘
475,14:28:21,11.14,--,10,11140,卖盘
476,14:28:18,11.14,-0.01,31,34623,卖盘
477,14:28:15,11.15,--,30,33450,买盘
478,14:28:12,11.15,--,2,2230,买盘
479,14:28:09,11.15,--,20,22300,买盘
480,14:28:06,11.15,0.01,5,5575,买盘
481,14:28:03,11.14,-0.01,4,4456,卖盘
482,14:28:00,11.15,--,13,14495,买盘
483,14:27:57,11.15,--,25,27875,买盘
484,14:27:54,11.15,0.01,5,5575,买盘
485,14:27:51,11.14,-0.01,14,15596,卖盘
486,14:27:45,11.15,--,15,16725,买盘
487,14:27:39,11.15,--,18,20070,买盘
488,14:27:36,11.15,--,43,47945,买盘
489,14:27:30,11.15,--,58,64670,买盘
490,14:27:27,11.15,0.01,1,1115,买盘
491,14:27:24,11.14,-0.01,4,4456,卖盘
492,14:27:21,11.15,0.01,24,26760,买盘
493,14:27:18,11.14,-0.01,44,49016,卖盘
494,14:27:15,11.15,--,2,2230,买盘
495,14:27:12,11.15,--,33,36795,买盘
496,14:27:09,11.15,--,1,1115,买盘
497,14:27:06,11.15,--,144,160560,买盘
498,14:27:03,11.15,--,24,26760,买盘
499,14:27:00,11.15,--,10,11150,买盘
500,14:26:57,11.15,--,15,16725,买盘
501,14:26:51,11.15,--,5,5575,买盘
502,14:26:48,11.15,--,48,53520,买盘
503,14:26:45,11.15,--,27,30785,卖盘
504,14:26:42,11.15,-0.01,85,94775,卖盘
505,14:26:39,11.16,0.01,9,10479,买盘
506,14:26:36,11.15,--,20,22300,买盘
507,14:26:33,11.15,--,223,248645,买盘
508,14:26:30,11.15,--,9,10035,买盘
509,14:26:27,11.15,--,1,1115,买盘
510,14:26:24,11.15,0.01,150,167250,买盘
511,14:26:21,11.14,-0.01,954,1062756,卖盘
512,14:26:18,11.15,--,27,30105,买盘
513,14:26:15,11.15,--,19,21185,买盘
514,14:26:12,11.15,--,117,130455,买盘
515,14:26:09,11.15,--,13,14495,买盘
516,14:26:06,11.15,--,8,8920,买盘
517,14:26:03,11.15,--,14,15610,买盘
518,14:26:00,11.15,0.01,16,17840,买盘
519,14:25:57,11.14,-0.01,5,5570,卖盘
520,14:25:54,11.15,--,21,23415,买盘
521,14:25:51,11.15,--,24,26760,买盘
522,14:25:45,11.15,--,13,14495,买盘
523,14:25:42,11.15,--,6,6690,买盘
524,14:25:39,11.15,--,7,7805,买盘
525,14:25:36,11.15,--,43,47945,买盘
526,14:25:33,11.15,--,9,10035,买盘
527,14:25:30,11.15,--,22,24530,买盘
528,14:25:27,11.15,--,86,95890,买盘
529,14:25:24,11.15,0.01,12,13380,买盘
530,14:25:21,11.14,-0.01,60,66840,卖盘
531,14:25:18,11.15,--,170,189550,买盘
532,14:25:12,11.15,0.01,16,17840,买盘
533,14:25:09,11.14,-0.01,57,63498,卖盘
534,14:25:06,11.15,--,17,18955,买盘
535,14:25:03,11.15,--,29,32335,买盘
536,14:25:00,11.15,--,1,1115,买盘
537,14:24:57,11.15,--,7,7805,买盘
538,14:24:54,11.15,--,20,22300,买盘
539,14:24:48,11.15,0.01,7,7805,买盘
540,14:24:45,11.14,-0.01,4,4456,卖盘
541,14:24:42,11.15,--,22,24530,买盘
542,14:24:39,11.15,--,35,39025,买盘
543,14:24:36,11.15,--,9,10035,买盘
544,14:24:33,11.15,--,23,25645,买盘
545,14:24:30,11.15,--,31,34565,买盘
546,14:24:27,11.15,--,3,3345,买盘
547,14:24:24,11.15,--,75,83625,买盘
548,14:24:21,11.15,--,3,3345,买盘
549,14:24:18,11.15,--,2,2230,买盘
550,14:24:15,11.15,--,20,22300,买盘
551,14:24:12,11.15,--,22,24530,买盘
552,14:24:09,11.15,--,11,12265,买盘
553,14:24:06,11.15,0.01,17,18955,买盘
554,14:24:03,11.14,-0.01,4,4456,卖盘
555,14:23:57,11.15,0.01,4,4460,买盘
556,14:23:54,11.14,-0.01,1,2005,卖盘
557,14:23:51,11.15,--,49,54635,买盘
558,14:23:48,11.15,--,212,236380,买盘
559,14:23:45,11.15,--,25,27875,买盘
560,14:23:42,11.15,--,7,7805,买盘
561,14:23:36,11.15,0.01,95,105925,买盘
562,14:23:33,11.14,--,15,16710,买盘
563,14:23:30,11.14,0.01,1,1114,买盘
564,14:23:27,11.13,-0.01,223,248199,卖盘
565,14:23:24,11.14,--,143,159302,买盘
566,14:23:21,11.14,--,155,172670,买盘
567,14:23:18,11.14,--,207,230598,买盘
568,14:23:15,11.14,--,18,20052,买盘
569,14:23:12,11.14,--,140,155960,买盘
570,14:23:09,11.14,--,20,22280,买盘
571,14:23:06,11.14,--,9,10026,买盘
572,14:23:03,11.14,--,124,138136,买盘
573,14:23:00,11.14,--,3,3342,买盘
574,14:22:57,11.14,--,28,31192,买盘
575,14:22:54,11.14,--,9,10026,买盘
576,14:22:51,11.14,--,90,100260,买盘
577,14:22:48,11.14,--,40,44560,买盘
578,14:22:45,11.14,--,17,18938,买盘
579,14:22:42,11.14,--,14,15596,买盘
580,14:22:39,11.14,--,49,54586,买盘
581,14:22:33,11.14,--,19,21166,买盘
582,14:22:30,11.14,--,33,36762,买盘
583,14:22:27,11.14,0.01,18,20052,买盘
584,14:22:24,11.13,-0.01,59,65667,卖盘
585,14:22:21,11.14,--,38,42332,买盘
586,14:22:18,11.14,--,116,129224,买盘
587,14:22:15,11.14,--,19,21166,买盘
588,14:22:12,11.14,--,34,37876,买盘
589,14:22:09,11.14,--,28,31192,买盘
590,14:22:06,11.14,--,15,16710,买盘
591,14:22:03,11.14,--,3,3342,买盘
592,14:22:00,11.14,--,15,16710,买盘
593,14:21:57,11.14,--,3,3342,买盘
594,14:21:51,11.14,0.01,16,17824,买盘
595,14:21:48,11.13,-0.01,26,28938,卖盘
596,14:21:45,11.14,--,32,35648,买盘
597,14:21:42,11.14,--,42,46788,买盘
598,14:21:39,11.14,--,41,45674,买盘
599,14:21:36,11.14,--,18,20052,买盘
600,14:21:33,11.14,--,8,8912,买盘
601,14:21:30,11.14,0.01,26,28964,买盘
602,14:21:27,11.13,--,31,34503,卖盘
603,14:21:24,11.13,--,5,5565,卖盘
604,14:21:21,11.13,-0.01,75,83475,卖盘
605,14:21:18,11.14,--,21,23394,买盘
606,14:21:15,11.14,--,3,3342,买盘
607,14:21:12,11.14,--,87,96918,买盘
608,14:21:06,11.14,--,6,6684,买盘
609,14:21:03,11.14,--,44,49016,买盘
610,14:21:00,11.14,--,25,27850,买盘
611,14:20:57,11.14,--,57,63498,买盘
612,14:20:51,11.14,-0.01,76,84664,卖盘
613,14:20:48,11.15,--,13,14495,买盘
614,14:20:45,11.15,--,11,12265,买盘
615,14:20:39,11.15,0.01,25,27875,买盘
616,14:20:36,11.14,--,11,12254,买盘
617,14:20:33,11.14,--,30,33420,买盘
618,14:20:30,11.14,--,24,26736,买盘
619,14:20:27,11.14,--,68,75752,买盘
620,14:20:24,11.14,--,116,129224,买盘
621,14:20:21,11.14,0.01,33,36762,买盘
622,14:20:15,11.13,-0.01,572,636636,卖盘
623,14:20:12,11.14,--,17,18938,买盘
624,14:20:09,11.14,--,13,14482,买盘
625,14:20:06,11.14,--,19,21166,买盘
626,14:20:03,11.14,--,5,5570,买盘
627,14:20:00,11.14,--,10,11140,卖盘
628,14:19:57,11.14,0.01,10,11140,买盘
629,14:19:54,11.13,-0.02,21,23373,卖盘
630,14:19:51,11.15,--,19,21185,买盘
631,14:19:48,11.15,0.02,45,50175,买盘
632,14:19:45,11.13,-0.01,4,4452,卖盘
633,14:19:42,11.14,--,81,90234,买盘
634,14:19:39,11.14,0.01,10,11140,买盘
635,14:19:36,11.13,-0.01,335,372855,卖盘
636,14:19:33,11.14,--,1,1114,买盘
637,14:19:27,11.14,-0.01,114,126996,卖盘
638,14:19:24,11.15,0.01,19,21185,买盘
639,14:19:21,11.14,-0.01,12,13368,卖盘
640,14:19:18,11.15,0.02,351,391365,买盘
641,14:19:15,11.13,-0.02,560,623280,卖盘
642,14:19:12,11.15,0.01,36,40140,买盘
643,14:19:09,11.14,--,100,111400,买盘
644,14:19:06,11.14,0.01,10,11140,买盘
645,14:19:03,11.13,-0.01,24,26712,卖盘
646,14:19:00,11.14,--,50,55700,买盘
647,14:18:57,11.14,--,514,572596,买盘
648,14:18:54,11.14,0.01,15,16710,买盘
649,14:18:51,11.13,-0.01,45,50085,卖盘
650,14:18:48,11.14,0.01,27,30078,买盘
651,14:18:45,11.13,-0.01,6,6678,卖盘
652,14:18:42,11.14,--,43,47902,买盘
653,14:18:39,11.14,0.01,73,81322,买盘
654,14:18:36,11.13,-0.01,65,72345,卖盘
655,14:18:33,11.14,-0.01,300,334200,卖盘
656,14:18:30,11.15,--,20,22300,买盘
657,14:18:27,11.15,--,10,11150,买盘
658,14:18:24,11.15,--,78,86970,买盘
659,14:18:21,11.15,-0.01,18,20070,买盘
660,14:18:18,11.16,0.01,43,47988,买盘
661,14:18:15,11.15,-0.01,264,294360,卖盘
662,14:18:12,11.16,--,1,1116,买盘
663,14:18:09,11.16,--,10,11160,买盘
664,14:18:06,11.16,0.01,60,66960,买盘
665,14:18:03,11.15,-0.01,7,7805,卖盘
666,14:18:00,11.16,--,27,30132,买盘
667,14:17:57,11.16,0.01,11,12276,买盘
668,14:17:54,11.15,--,266,296590,卖盘
669,14:17:51,11.15,-0.01,16,17840,卖盘
670,14:17:45,11.16,--,4,4464,买盘
671,14:17:42,11.16,--,30,33480,买盘
672,14:17:39,11.16,--,24,26784,买盘
673,14:17:33,11.16,0.02,5,5580,买盘
674,14:17:30,11.14,-0.02,100,111400,卖盘
675,14:17:27,11.16,0.02,20,22320,买盘
676,14:17:24,11.14,-0.02,4,4456,卖盘
677,14:17:21,11.16,--,18,20088,买盘
678,14:17:18,11.16,--,14,15624,买盘
679,14:17:15,11.16,--,36,40176,买盘
680,14:17:09,11.16,--,71,79236,买盘
681,14:17:06,11.16,--,2,2232,买盘
682,14:17:03,11.16,0.01,106,118296,买盘
683,14:16:57,11.15,0.01,12,13380,买盘
684,14:16:54,11.14,--,31,34534,卖盘
685,14:16:51,11.14,--,20,22280,卖盘
686,14:16:48,11.14,-0.01,897,999258,卖盘
687,14:16:45,11.15,--,10,11150,买盘
688,14:16:39,11.15,--,27,30105,买盘
689,14:16:36,11.15,-0.01,9,10035,中性盘
690,14:16:30,11.16,--,26,29016,买盘
691,14:16:27,11.16,--,11,12276,买盘
692,14:16:24,11.16,--,36,40176,买盘
693,14:16:21,11.16,--,90,100440,买盘
694,14:16:15,11.16,0.02,85,94860,买盘
695,14:16:12,11.14,-0.02,57,63498,卖盘
696,14:16:09,11.16,--,168,188325,买盘
697,14:16:06,11.16,--,62,69192,买盘
698,14:16:03,11.16,0.01,6,6696,买盘
699,14:16:00,11.15,-0.01,5,5575,卖盘
700,14:15:57,11.16,0.01,36,40176,买盘
701,14:15:54,11.15,-0.01,11,12265,卖盘
702,14:15:51,11.16,0.01,13,14508,买盘
703,14:15:45,11.15,-0.01,18,20070,卖盘
704,14:15:42,11.16,0.01,19,21204,买盘
705,14:15:39,11.15,-0.01,27,30105,卖盘
706,14:15:36,11.16,--,20,22320,买盘
707,14:15:33,11.16,--,26,29016,买盘
708,14:15:30,11.16,--,54,60264,买盘
709,14:15:27,11.16,--,51,56916,买盘
710,14:15:24,11.16,0.01,23,25668,买盘
711,14:15:18,11.15,--,128,142720,卖盘
712,14:15:15,11.15,-0.01,78,86970,卖盘
713,14:15:12,11.16,0.01,35,39060,买盘
714,14:15:09,11.15,--,234,261188,买盘
715,14:15:06,11.15,--,13,14495,买盘
716,14:15:03,11.15,0.01,20,22300,买盘
717,14:15:00,11.14,-0.01,4,4456,卖盘
718,14:14:57,11.15,0.01,40,44600,买盘
719,14:14:54,11.14,--,63,70182,卖盘
720,14:14:48,11.14,--,10,11140,卖盘
721,14:14:45,11.14,-0.01,5,5570,卖盘
722,14:14:42,11.15,--,2,2230,买盘
723,14:14:39,11.15,0.01,23,25645,买盘
724,14:14:36,11.14,-0.01,62,69068,卖盘
725,14:14:33,11.15,0.01,10,11150,买盘
726,14:14:30,11.14,-0.01,1,1114,卖盘
727,14:14:27,11.15,--,11,12265,买盘
728,14:14:24,11.15,0.01,3,3345,买盘
729,14:14:21,11.14,--,30,33420,卖盘
730,14:14:15,11.14,-0.01,103,114742,卖盘
731,14:14:12,11.15,--,59,65785,买盘
732,14:14:09,11.15,--,49,54635,买盘
733,14:14:06,11.15,0.01,5,5575,买盘
734,14:14:03,11.14,--,3,3342,卖盘
735,14:14:00,11.14,-0.01,3,3342,卖盘
736,14:13:57,11.15,--,11,12265,买盘
737,14:13:54,11.15,0.01,2,2230,买盘
738,14:13:51,11.14,-0.01,11,12254,卖盘
739,14:13:48,11.15,0.01,2,2230,买盘
740,14:13:45,11.14,-0.01,7,7798,卖盘
741,14:13:39,11.15,--,120,133800,买盘
742,14:13:36,11.15,--,3,3345,买盘
743,14:13:33,11.15,--,2,2230,买盘
744,14:13:30,11.15,--,1,1115,买盘
745,14:13:27,11.15,--,11,12265,买盘
746,14:13:24,11.15,--,3,3345,买盘
747,14:13:21,11.15,-0.01,50,55750,卖盘
748,14:13:18,11.16,--,26,29016,买盘
749,14:13:15,11.16,--,83,92628,买盘
750,14:13:12,11.16,--,43,47988,买盘
751,14:13:09,11.16,--,13,14508,买盘
752,14:13:06,11.16,0.01,4,4464,买盘
753,14:13:03,11.15,--,23,25645,卖盘
754,14:13:00,11.15,--,3,3345,卖盘
755,14:12:57,11.15,--,18,20070,卖盘
756,14:12:54,11.15,--,125,139375,卖盘
757,14:12:51,11.15,--,381,424815,买盘
758,14:12:45,11.15,0.01,15,16725,买盘
759,14:12:42,11.14,-0.01,87,96918,卖盘
760,14:12:39,11.15,--,20,22300,买盘
761,14:12:33,11.15,--,30,33450,买盘
762,14:12:30,11.15,0.01,13,14495,买盘
763,14:12:27,11.14,--,163,181582,卖盘
764,14:12:24,11.14,-0.01,6,6684,卖盘
765,14:12:21,11.15,--,4,4460,买盘
766,14:12:18,11.15,--,10,11150,买盘
767,14:12:15,11.15,--,38,42370,买盘
768,14:12:12,11.15,--,97,108155,买盘
769,14:12:09,11.15,--,13,14495,买盘
770,14:12:06,11.15,--,3,3345,买盘
771,14:12:03,11.15,0.01,4,4460,买盘
772,14:12:00,11.14,-0.01,117,130338,卖盘
773,14:11:57,11.15,--,11,12265,买盘
774,14:11:48,11.15,--,5,5575,买盘
775,14:11:45,11.15,--,2,2230,买盘
776,14:11:39,11.15,--,20,22300,买盘
777,14:11:36,11.15,--,3,3345,买盘
778,14:11:27,11.15,--,11,12265,买盘
779,14:11:24,11.15,--,6,6690,买盘
780,14:11:21,11.15,-0.01,45,50175,卖盘
781,14:11:18,11.16,0.01,2,2232,买盘
782,14:11:15,11.15,-0.01,31,34565,卖盘
783,14:11:12,11.16,--,2,2232,买盘
784,14:11:09,11.16,--,51,56916,买盘
785,14:11:06,11.16,--,3,3348,买盘
786,14:11:03,11.16,0.02,3,3348,买盘
787,14:11:00,11.14,-0.02,3,3342,卖盘
788,14:10:57,11.16,--,39,43524,买盘
789,14:10:54,11.16,--,3,3348,买盘
790,14:10:48,11.16,0.01,132,147312,买盘
791,14:10:45,11.15,-0.01,60,66900,卖盘
792,14:10:42,11.16,0.01,24,26784,买盘
793,14:10:39,11.15,--,50,55750,买盘
794,14:10:36,11.15,--,74,82510,买盘
795,14:10:33,11.15,--,4,4460,买盘
796,14:10:27,11.15,--,13,14495,买盘
797,14:10:24,11.15,0.01,16,17840,买盘
798,14:10:21,11.14,-0.02,22,24508,卖盘
799,14:10:18,11.16,--,86,95976,买盘
800,14:10:15,11.16,0.02,21,23436,买盘
801,14:10:12,11.14,-0.01,108,120312,卖盘
802,14:10:09,11.15,--,37,41255,买盘
803,14:10:06,11.15,--,52,57980,买盘
804,14:10:03,11.15,--,12,13380,买盘
805,14:10:00,11.15,--,103,114845,买盘
806,14:09:57,11.15,0.01,13,14495,买盘
807,14:09:54,11.14,-0.01,19,21166,卖盘
808,14:09:48,11.15,--,51,56865,买盘
809,14:09:45,11.15,--,7,7805,买盘
810,14:09:42,11.15,--,57,63555,买盘
811,14:09:39,11.15,--,15,16725,买盘
812,14:09:36,11.15,--,24,26760,买盘
813,14:09:33,11.15,--,5,5575,买盘
814,14:09:30,11.15,--,14,15610,买盘
815,14:09:27,11.15,0.01,12,13380,买盘
816,14:09:24,11.14,--,87,96918,卖盘
817,14:09:21,11.14,-0.01,2,2228,卖盘
818,14:09:18,11.15,--,27,30105,买盘
819,14:09:15,11.15,--,10,11150,买盘
820,14:09:12,11.15,--,35,39025,买盘
821,14:09:09,11.15,--,9,10035,买盘
822,14:09:06,11.15,--,50,55750,买盘
823,14:09:03,11.15,--,37,41255,买盘
824,14:09:00,11.15,--,2,2230,买盘
825,14:08:57,11.15,0.01,11,12265,买盘
826,14:08:54,11.14,-0.01,29,32306,卖盘
827,14:08:51,11.15,0.01,7,7805,买盘
828,14:08:45,11.14,-0.01,106,118084,卖盘
829,14:08:42,11.15,--,69,76935,买盘
830,14:08:39,11.15,--,36,40140,买盘
831,14:08:36,11.15,--,27,30105,买盘
832,14:08:33,11.15,0.01,151,168365,买盘
833,14:08:30,11.14,-0.01,22,24508,卖盘
834,14:08:27,11.15,--,19,21185,买盘
835,14:08:24,11.15,--,3,3345,买盘
836,14:08:18,11.15,--,115,128225,买盘
837,14:08:12,11.15,0.01,20,22300,买盘
838,14:08:09,11.14,-0.01,38,42332,卖盘
839,14:08:06,11.15,0.01,345,384675,买盘
840,14:08:03,11.14,-0.01,89,99146,卖盘
841,14:08:00,11.15,--,139,154985,买盘
842,14:07:57,11.15,0.01,13,14495,买盘
843,14:07:54,11.14,-0.01,28,31192,卖盘
844,14:07:48,11.15,--,87,97005,买盘
845,14:07:45,11.15,--,13,14495,买盘
846,14:07:42,11.15,--,28,31220,买盘
847,14:07:39,11.15,--,19,21185,买盘
848,14:07:36,11.15,--,32,35680,买盘
849,14:07:33,11.15,--,30,33450,买盘
850,14:07:27,11.15,0.01,10,11150,买盘
851,14:07:24,11.14,--,25,27850,卖盘
852,14:07:21,11.14,--,5,5570,卖盘
853,14:07:15,11.14,--,2,2228,卖盘
854,14:07:12,11.14,-0.01,26,28964,卖盘
855,14:07:09,11.15,--,82,91430,买盘
856,14:07:06,11.15,--,98,109270,买盘
857,14:07:03,11.15,--,6,6690,买盘
858,14:06:57,11.15,--,189,210735,买盘
859,14:06:54,11.15,--,2,2230,买盘
860,14:06:51,11.15,--,32,35680,买盘
861,14:06:48,11.15,0.01,11,12265,买盘
862,14:06:45,11.14,--,3,3342,卖盘
863,14:06:42,11.14,-0.01,14,15596,卖盘
864,14:06:39,11.15,--,17,18955,买盘
865,14:06:36,11.15,--,63,70245,买盘
866,14:06:33,11.15,--,9,10035,买盘
867,14:06:27,11.15,0.01,10,11150,买盘
868,14:06:24,11.14,-0.01,8,8912,卖盘
869,14:06:15,11.15,--,2,2230,买盘
870,14:06:12,11.15,--,7,7805,买盘
871,14:06:09,11.15,--,23,25645,买盘
872,14:06:06,11.15,--,17,18955,买盘
873,14:06:03,11.15,--,70,78050,买盘
874,14:06:00,11.15,--,32,35680,买盘
875,14:05:57,11.15,--,9,10035,买盘
876,14:05:54,11.15,--,3,3345,买盘
877,14:05:45,11.15,0.01,6,6690,买盘
878,14:05:42,11.14,-0.01,32,35648,卖盘
879,14:05:39,11.15,--,16,17840,买盘
880,14:05:36,11.15,0.01,44,49060,买盘
881,14:05:33,11.14,--,20,22280,买盘
882,14:05:30,11.14,--,51,56814,买盘
883,14:05:27,11.14,--,4,4456,买盘
884,14:05:24,11.14,--,15,16710,买盘
885,14:05:15,11.14,--,1,1114,买盘
886,14:05:12,11.14,--,1,1114,买盘
887,14:05:09,11.14,--,35,38990,买盘
888,14:05:06,11.14,--,39,43446,买盘
889,14:05:03,11.14,--,30,33977,买盘
890,14:05:00,11.14,--,10,11140,买盘
891,14:04:57,11.14,--,38,42332,买盘
892,14:04:54,11.14,0.01,41,45674,买盘
893,14:04:51,11.13,-0.01,11,12243,卖盘
894,14:04:45,11.14,--,6,6684,买盘
895,14:04:42,11.14,0.01,28,31192,卖盘
896,14:04:39,11.13,-0.02,3,3339,卖盘
897,14:04:36,11.15,0.02,17,18955,买盘
898,14:04:33,11.13,-0.02,347,386211,卖盘
899,14:04:27,11.15,--,870,970050,买盘
900,14:04:24,11.15,--,10,11150,买盘
901,14:04:18,11.15,0.02,3,3345,买盘
902,14:04:09,11.13,-0.02,79,87927,卖盘
903,14:04:06,11.15,0.01,44,49060,买盘
904,14:04:03,11.14,0.01,73,81322,中性盘
905,14:04:00,11.13,-0.01,312,347256,卖盘
906,14:03:57,11.14,--,73,81322,买盘
907,14:03:54,11.14,-0.01,489,544746,卖盘
908,14:03:51,11.15,0.01,548,611020,买盘
909,14:03:48,11.14,--,11,12254,卖盘
910,14:03:45,11.14,--,308,343112,卖盘
911,14:03:42,11.14,-0.01,29,32306,卖盘
912,14:03:39,11.15,--,8,8920,买盘
913,14:03:36,11.15,--,13,14495,买盘
914,14:03:33,11.15,--,63,70245,买盘
915,14:03:30,11.15,--,15,16725,买盘
916,14:03:27,11.15,0.01,3,3345,买盘
917,14:03:24,11.14,-0.01,14,15596,卖盘
918,14:03:21,11.15,--,13,14495,买盘
919,14:03:18,11.15,--,11,12265,买盘
920,14:03:15,11.15,--,3,3345,买盘
921,14:03:12,11.15,--,30,33450,买盘
922,14:03:09,11.15,0.01,1,1115,买盘
923,14:03:06,11.14,--,34,37876,卖盘
924,14:03:03,11.14,--,35,38990,卖盘
925,14:03:00,11.14,-0.02,4,4456,卖盘
926,14:02:57,11.16,0.01,36,40176,买盘
927,14:02:54,11.15,0.01,2,2230,中性盘
928,14:02:51,11.14,-0.01,56,62384,卖盘
929,14:02:48,11.15,--,9,10035,卖盘
930,14:02:45,11.15,-0.01,118,131570,卖盘
931,14:02:42,11.16,--,10,11160,买盘
932,14:02:39,11.16,--,18,20088,买盘
933,14:02:36,11.16,--,32,35712,买盘
934,14:02:33,11.16,--,28,31248,买盘
935,14:02:30,11.16,--,30,33480,买盘
936,14:02:27,11.16,--,9,10044,买盘
937,14:02:24,11.16,--,5,5580,买盘
938,14:02:15,11.16,--,7,7812,买盘
939,14:02:12,11.16,--,2,2232,买盘
940,14:02:09,11.16,0.01,243,271188,买盘
941,14:02:06,11.15,-0.01,537,598755,卖盘
942,14:02:03,11.16,--,2,2232,买盘
943,14:02:00,11.16,0.01,50,55800,买盘
944,14:01:57,11.15,-0.01,57,63555,卖盘
945,14:01:54,11.16,--,38,42966,买盘
946,14:01:51,11.16,0.01,3,3348,买盘
947,14:01:45,11.15,--,73,81395,买盘
948,14:01:42,11.15,--,11,12265,买盘
949,14:01:39,11.15,--,28,31220,买盘
950,14:01:36,11.15,--,8,8920,买盘
951,14:01:33,11.15,--,15,16725,买盘
952,14:01:30,11.15,--,3,3345,买盘
953,14:01:27,11.15,--,9,10035,买盘
954,14:01:24,11.15,--,5,5575,买盘
955,14:01:21,11.15,0.01,103,114845,买盘
956,14:01:18,11.14,--,204,227256,卖盘
957,14:01:15,11.14,-0.01,6,6684,卖盘
958,14:01:09,11.15,0.01,5,5575,买盘
959,14:01:06,11.14,-0.01,34,37876,卖盘
960,14:01:03,11.15,--,69,76935,买盘
961,14:01:00,11.15,0.01,307,342305,买盘
962,14:00:57,11.14,-0.01,483,538062,卖盘
963,14:00:54,11.15,0.01,554,617710,买盘
964,14:00:51,11.14,-0.01,11,12254,卖盘
965,14:00:48,11.15,0.01,4,4460,买盘
966,14:00:45,11.14,--,4,4456,卖盘
967,14:00:42,11.14,-0.01,158,176012,卖盘
968,14:00:39,11.15,--,9,10035,买盘
969,14:00:36,11.15,--,15,16725,买盘
970,14:00:33,11.15,0.01,2,2230,买盘
971,14:00:30,11.14,-0.01,16,17824,卖盘
972,14:00:27,11.15,--,17,18955,买盘
973,14:00:24,11.15,0.01,28,31220,买盘
974,14:00:18,11.14,--,4,4456,卖盘
975,14:00:15,11.14,-0.01,33,36762,卖盘
976,14:00:09,11.15,--,168,187320,买盘
977,14:00:03,11.15,0.01,34,37910,买盘
978,14:00:00,11.14,-0.01,10,11140,卖盘
979,13:59:57,11.15,0.01,77,85855,买盘
980,13:59:54,11.14,--,12,13368,卖盘
981,13:59:51,11.14,-0.01,10,11140,卖盘
982,13:59:48,11.15,--,4,4460,买盘
983,13:59:45,11.15,--,23,25645,买盘
984,13:59:42,11.15,--,17,18955,买盘
985,13:59:39,11.15,--,8,8920,买盘
986,13:59:36,11.15,--,5,5575,买盘
987,13:59:33,11.15,--,31,34565,买盘
988,13:59:30,11.15,0.01,4,4460,买盘
989,13:59:27,11.14,-0.01,72,80208,卖盘
990,13:59:24,11.15,--,34,37910,买盘
991,13:59:18,11.15,--,2,2230,买盘
992,13:59:12,11.15,--,14,15610,买盘
993,13:59:09,11.15,--,165,183975,买盘
994,13:59:06,11.15,--,3,3345,买盘
995,13:59:03,11.15,--,255,284325,买盘
996,13:59:00,11.15,0.01,24,26760,买盘
997,13:58:57,11.14,-0.01,39,43446,卖盘
998,13:58:54,11.15,--,17,18955,买盘
999,13:58:51,11.15,--,63,70245,买盘
1000,13:58:45,11.15,--,53,59095,买盘
1001,13:58:42,11.15,0.01,3,3345,买盘
1002,13:58:39,11.14,-0.01,64,71296,卖盘
1003,13:58:36,11.15,--,171,190665,买盘
1004,13:58:33,11.15,--,2,2230,买盘
1005,13:58:30,11.15,0.01,68,75820,买盘
1006,13:58:27,11.14,-0.01,4,4456,卖盘
1007,13:58:24,11.15,0.01,4,4460,买盘
1008,13:58:18,11.14,-0.01,79,88006,卖盘
1009,13:58:15,11.15,0.01,31,34565,买盘
1010,13:58:12,11.14,--,152,169328,卖盘
1011,13:58:09,11.14,-0.01,55,61270,卖盘
1012,13:58:06,11.15,--,6,6690,买盘
1013,13:58:03,11.15,--,35,39025,买盘
1014,13:58:00,11.15,0.01,26,28990,买盘
1015,13:57:57,11.14,-0.01,667,743038,卖盘
1016,13:57:54,11.15,0.01,33,36795,买盘
1017,13:57:51,11.14,-0.01,539,600446,卖盘
1018,13:57:48,11.15,--,13,14495,买盘
1019,13:57:45,11.15,--,60,66900,买盘
1020,13:57:42,11.15,0.01,27,30105,买盘
1021,13:57:39,11.14,-0.01,29,32306,卖盘
1022,13:57:36,11.15,--,1,1115,买盘
1023,13:57:33,11.15,--,27,30105,买盘
1024,13:57:30,11.15,--,34,37910,买盘
1025,13:57:27,11.15,--,1,1115,买盘
1026,13:57:24,11.15,0.01,6,6690,买盘
1027,13:57:21,11.14,-0.01,1,1114,卖盘
1028,13:57:18,11.15,--,4,4460,买盘
1029,13:57:12,11.15,--,2,2230,买盘
1030,13:57:09,11.15,--,1,1115,买盘
1031,13:57:06,11.15,--,1,1115,买盘
1032,13:57:03,11.15,--,4,4460,买盘
1033,13:57:00,11.15,0.01,34,37910,买盘
1034,13:56:57,11.14,--,69,76866,卖盘
1035,13:56:54,11.14,-0.01,11,12254,卖盘
1036,13:56:48,11.15,--,37,41255,买盘
1037,13:56:45,11.15,0.01,3,3345,买盘
1038,13:56:39,11.14,-0.01,83,92462,卖盘
1039,13:56:30,11.15,0.01,2,2230,买盘
1040,13:56:27,11.14,-0.01,42,46788,卖盘
1041,13:56:24,11.15,--,92,102580,买盘
1042,13:56:21,11.15,0.01,1,1115,买盘
1043,13:56:18,11.14,-0.01,100,111400,卖盘
1044,13:56:15,11.15,0.01,25,27875,买盘
1045,13:56:12,11.14,-0.01,74,82436,卖盘
1046,13:56:09,11.15,0.01,1,1115,买盘
1047,13:56:06,11.14,-0.01,152,169328,卖盘
1048,13:56:03,11.15,0.01,5,5575,买盘
1049,13:55:57,11.14,-0.01,88,98032,卖盘
1050,13:55:54,11.15,0.01,25,27875,买盘
1051,13:55:51,11.14,-0.01,211,235054,卖盘
1052,13:55:48,11.15,--,33,36795,买盘
1053,13:55:45,11.15,0.01,9,10035,买盘
1054,13:55:42,11.14,-0.01,74,82436,卖盘
1055,13:55:39,11.15,--,17,18955,买盘
1056,13:55:36,11.15,--,12,13380,买盘
1057,13:55:33,11.15,0.01,13,14495,买盘
1058,13:55:30,11.14,-0.01,14,15596,卖盘
1059,13:55:27,11.15,--,6,6690,买盘
1060,13:55:24,11.15,--,8,8920,买盘
1061,13:55:18,11.15,--,74,82510,买盘
1062,13:55:09,11.15,--,1,1115,买盘
1063,13:55:06,11.15,--,3,3345,买盘
1064,13:55:03,11.15,0.01,2,2230,买盘
1065,13:55:00,11.14,-0.01,128,142592,卖盘
1066,13:54:57,11.15,--,46,51290,买盘
1067,13:54:54,11.15,0.01,152,169480,买盘
1068,13:54:51,11.14,-0.01,1,1114,卖盘
1069,13:54:48,11.15,0.01,32,35680,买盘
1070,13:54:45,11.14,--,60,66840,卖盘
1071,13:54:42,11.14,-0.01,16,17824,卖盘
1072,13:54:39,11.15,--,7,7805,买盘
1073,13:54:36,11.15,--,2,2230,买盘
1074,13:54:33,11.15,--,1,1115,买盘
1075,13:54:30,11.15,--,25,27875,买盘
1076,13:54:27,11.15,--,15,16725,买盘
1077,13:54:24,11.15,--,223,248645,买盘
1078,13:54:21,11.15,0.01,1,1115,买盘
1079,13:54:18,11.14,-0.01,17,18938,卖盘
1080,13:54:12,11.15,--,63,70245,买盘
1081,13:54:09,11.15,--,3,3345,买盘
1082,13:54:06,11.15,0.01,1,1115,买盘
1083,13:54:03,11.14,-0.01,1,1114,卖盘
1084,13:54:00,11.15,--,147,163905,卖盘
1085,13:53:57,11.15,-0.01,4,4460,卖盘
1086,13:53:54,11.16,--,3,3348,买盘
1087,13:53:51,11.16,0.01,95,106020,买盘
1088,13:53:48,11.15,--,35,39025,卖盘
1089,13:53:45,11.15,-0.01,66,73590,卖盘
1090,13:53:42,11.16,--,23,25668,买盘
1091,13:53:39,11.16,0.01,31,34596,买盘
1092,13:53:36,11.15,-0.01,3,3345,卖盘
1093,13:53:30,11.16,--,10,11160,买盘
1094,13:53:24,11.16,--,4,4464,买盘
1095,13:53:15,11.16,0.01,81,90396,买盘
1096,13:53:12,11.15,--,11,12265,卖盘
1097,13:53:09,11.15,-0.01,3,3345,卖盘
1098,13:53:06,11.16,--,3,3348,买盘
1099,13:53:03,11.16,--,2,2232,买盘
1100,13:52:57,11.16,--,2,2232,买盘
1101,13:52:54,11.16,--,4,4464,买盘
1102,13:52:51,11.16,--,17,18972,买盘
1103,13:52:48,11.16,0.01,1,1116,买盘
1104,13:52:45,11.15,--,39,43485,卖盘
1105,13:52:42,11.15,-0.01,5,5575,卖盘
1106,13:52:39,11.16,--,7,7812,买盘
1107,13:52:36,11.16,--,5,5580,买盘
1108,13:52:24,11.16,0.01,42,46872,买盘
1109,13:52:18,11.15,--,59,65785,卖盘
1110,13:52:15,11.15,--,2,2230,卖盘
1111,13:52:12,11.15,--,12,13380,买盘
1112,13:52:06,11.15,--,16,17840,买盘
1113,13:52:03,11.15,--,11,12265,卖盘
1114,13:52:00,11.15,--,22,24530,卖盘
1115,13:51:54,11.15,--,6,6690,买盘
1116,13:51:51,11.15,-0.01,72,80280,中性盘
1117,13:51:45,11.16,0.01,56,62496,买盘
1118,13:51:42,11.15,--,85,94775,买盘
1119,13:51:39,11.15,--,27,30105,买盘
1120,13:51:33,11.15,--,22,24530,买盘
1121,13:51:30,11.15,0.01,10,11150,买盘
1122,13:51:27,11.14,--,28,31192,卖盘
1123,13:51:24,11.14,-0.01,103,114742,卖盘
1124,13:51:21,11.15,--,110,122650,买盘
1125,13:51:15,11.15,--,3,3345,买盘
1126,13:51:12,11.15,--,15,16725,买盘
1127,13:51:09,11.15,--,10,11150,买盘
1128,13:51:03,11.15,0.01,31,34565,买盘
1129,13:51:00,11.14,--,2,2228,卖盘
1130,13:50:54,11.14,-0.01,200,222800,卖盘
1131,13:50:51,11.15,--,1,1115,卖盘
1132,13:50:48,11.15,-0.01,25,27875,卖盘
1133,13:50:45,11.16,0.01,17,18972,买盘
1134,13:50:42,11.15,-0.01,52,57980,卖盘
1135,13:50:36,11.16,0.02,3,3348,买盘
1136,13:50:30,11.14,-0.02,54,60156,卖盘
1137,13:50:27,11.16,--,2,2232,买盘
1138,13:50:24,11.16,0.01,293,326988,买盘
1139,13:50:18,11.15,--,10,11150,卖盘
1140,13:50:12,11.15,--,41,45715,卖盘
1141,13:50:09,11.15,--,852,949980,卖盘
1142,13:50:06,11.15,-0.01,55,61325,卖盘
1143,13:50:03,11.16,--,63,70308,买盘
1144,13:50:00,11.16,0.01,28,31248,买盘
1145,13:49:57,11.15,-0.01,84,93660,卖盘
1146,13:49:54,11.16,--,2,2232,买盘
1147,13:49:51,11.16,--,50,55800,买盘
1148,13:49:48,11.16,--,20,22320,买盘
1149,13:49:42,11.16,--,79,88164,买盘
1150,13:49:27,11.16,--,14,15624,买盘
1151,13:49:24,11.16,0.01,3,3348,买盘
1152,13:49:18,11.15,-0.01,5,5575,卖盘
1153,13:49:15,11.16,0.01,1,1116,买盘
1154,13:49:12,11.15,-0.01,23,25645,卖盘
1155,13:49:03,11.16,--,59,65844,买盘
1156,13:49:00,11.16,--,2,2232,买盘
1157,13:48:57,11.16,--,1,1116,买盘
1158,13:48:54,11.16,0.01,1,1116,买盘
1159,13:48:51,11.15,--,1,1115,卖盘
1160,13:48:48,11.15,-0.01,1,1115,卖盘
1161,13:48:45,11.16,--,29,32364,买盘
1162,13:48:42,11.16,--,246,274536,买盘
1163,13:48:39,11.16,--,5,5580,买盘
1164,13:48:36,11.16,--,701,782316,买盘
1165,13:48:30,11.16,--,30,33480,买盘
1166,13:48:27,11.16,0.01,3,3348,买盘
1167,13:48:24,11.15,-0.01,2,2230,卖盘
1168,13:48:21,11.16,0.01,10,11160,买盘
1169,13:48:18,11.15,-0.01,43,47945,卖盘
1170,13:48:15,11.16,--,3,3348,买盘
1171,13:48:12,11.16,0.01,40,44640,买盘
1172,13:48:09,11.15,-0.01,40,44600,卖盘
1173,13:48:06,11.16,--,49,54684,买盘
1174,13:48:03,11.16,--,32,35712,买盘
1175,13:48:00,11.16,--,5,5580,买盘
1176,13:47:57,11.16,0.01,30,33480,买盘
1177,13:47:54,11.15,-0.02,15,16725,卖盘
1178,13:47:48,11.17,--,100,111811,买盘
1179,13:47:45,11.17,--,120,134040,买盘
1180,13:47:42,11.17,--,1,1117,买盘
1181,13:47:39,11.17,0.01,2,2234,买盘
1182,13:47:36,11.16,-0.01,59,65844,卖盘
1183,13:47:30,11.17,--,101,112817,买盘
1184,13:47:24,11.17,0.01,11,12287,买盘
1185,13:47:18,11.16,--,1,2120,卖盘
1186,13:47:09,11.16,--,11,12276,卖盘
1187,13:47:06,11.16,-0.01,5,5580,卖盘
1188,13:47:03,11.17,0.01,2,2234,买盘
1189,13:47:00,11.16,--,10,11160,卖盘
1190,13:46:54,11.16,--,51,56916,卖盘
1191,13:46:51,11.16,--,1,1116,卖盘
1192,13:46:48,11.16,-0.01,32,35712,卖盘
1193,13:46:45,11.17,--,33,36861,买盘
1194,13:46:42,11.17,--,3,3351,买盘
1195,13:46:36,11.17,--,39,43563,买盘
1196,13:46:33,11.17,--,12,13404,买盘
1197,13:46:27,11.17,--,200,223400,买盘
1198,13:46:24,11.17,0.01,16,17872,买盘
1199,13:46:21,11.16,--,13,14508,卖盘
1200,13:46:18,11.16,-0.01,16,17856,卖盘
1201,13:46:15,11.17,0.01,46,51382,买盘
1202,13:46:12,11.16,-0.01,19,21204,卖盘
1203,13:46:03,11.17,0.01,38,42446,买盘
1204,13:45:54,11.16,-0.01,20,22320,卖盘
1205,13:45:51,11.17,0.01,34,37978,买盘
1206,13:45:42,11.16,-0.01,1,1116,卖盘
1207,13:45:39,11.17,--,48,53616,买盘
1208,13:45:33,11.17,--,32,35744,买盘
1209,13:45:30,11.17,0.01,25,27925,买盘
1210,13:45:27,11.16,-0.01,41,45756,卖盘
1211,13:45:24,11.17,0.01,62,69254,买盘
1212,13:45:21,11.16,-0.01,28,31248,卖盘
1213,13:45:18,11.17,0.01,28,31276,买盘
1214,13:45:15,11.16,--,10,11160,卖盘
1215,13:45:12,11.16,--,305,340380,卖盘
1216,13:45:09,11.16,-0.01,27,30132,卖盘
1217,13:45:06,11.17,--,33,36861,买盘
1218,13:44:57,11.17,0.01,26,29042,买盘
1219,13:44:54,11.16,--,11,12276,卖盘
1220,13:44:48,11.16,--,1,1116,卖盘
1221,13:44:45,11.16,--,86,95976,卖盘
1222,13:44:42,11.16,-0.01,1,1116,卖盘
1223,13:44:39,11.17,--,20,22340,买盘
1224,13:44:36,11.17,--,22,24574,买盘
1225,13:44:33,11.17,--,38,42446,买盘
1226,13:44:30,11.17,--,33,36861,买盘
1227,13:44:24,11.17,--,24,26808,买盘
1228,13:44:15,11.17,--,2,2234,买盘
1229,13:44:12,11.17,--,22,24574,买盘
1230,13:44:06,11.17,--,2,2234,买盘
1231,13:44:03,11.17,0.01,24,26808,买盘
1232,13:44:00,11.16,--,36,40176,卖盘
1233,13:43:57,11.16,--,24,26784,卖盘
1234,13:43:54,11.16,-0.01,37,41292,卖盘
1235,13:43:51,11.17,0.01,4,4468,买盘
1236,13:43:45,11.16,-0.01,10,11160,卖盘
1237,13:43:42,11.17,--,40,44680,买盘
1238,13:43:39,11.17,0.01,2,2234,买盘
1239,13:43:36,11.16,-0.01,10,11160,卖盘
1240,13:43:30,11.17,--,81,90477,买盘
1241,13:43:24,11.17,--,12,13404,买盘
1242,13:43:21,11.17,0.01,2,2234,买盘
1243,13:43:18,11.16,--,56,62496,卖盘
1244,13:43:15,11.16,--,70,78120,卖盘
1245,13:43:12,11.16,-0.01,6,6696,卖盘
1246,13:43:09,11.17,--,26,29042,买盘
1247,13:43:06,11.17,0.01,56,62552,买盘
1248,13:43:03,11.16,--,6,6696,卖盘
1249,13:43:00,11.16,-0.01,16,17856,卖盘
1250,13:42:57,11.17,0.01,23,25691,买盘
1251,13:42:54,11.16,-0.01,13,14508,卖盘
1252,13:42:51,11.17,0.01,12,13404,买盘
1253,13:42:48,11.16,-0.01,1,1116,卖盘
1254,13:42:45,11.17,--,25,27925,买盘
1255,13:42:42,11.17,--,17,18989,买盘
1256,13:42:39,11.17,--,21,23457,买盘
1257,13:42:33,11.17,--,55,61435,买盘
1258,13:42:30,11.17,0.01,20,22340,买盘
1259,13:42:24,11.16,-0.01,27,30132,卖盘
1260,13:42:18,11.17,--,50,55850,买盘
1261,13:42:12,11.17,0.01,52,58084,买盘
1262,13:42:09,11.16,--,17,18972,卖盘
1263,13:42:06,11.16,--,13,14508,卖盘
1264,13:42:03,11.16,-0.01,5,5580,卖盘
1265,13:42:00,11.17,0.01,30,33510,买盘
1266,13:41:57,11.16,-0.01,18,20088,卖盘
1267,13:41:54,11.17,0.01,11,12287,买盘
1268,13:41:51,11.16,--,31,34596,卖盘
1269,13:41:48,11.16,-0.01,27,30132,卖盘
1270,13:41:42,11.17,0.01,3,3351,买盘
1271,13:41:39,11.16,-0.01,56,62496,卖盘
1272,13:41:36,11.17,--,16,17872,买盘
1273,13:41:33,11.17,--,15,16755,买盘
1274,13:41:30,11.17,--,24,26808,买盘
1275,13:41:27,11.17,0.01,40,44680,买盘
1276,13:41:24,11.16,-0.01,1,1116,卖盘
1277,13:41:18,11.17,--,200,223400,买盘
1278,13:41:15,11.17,0.01,28,31276,买盘
1279,13:41:12,11.16,--,16,17856,卖盘
1280,13:41:06,11.16,-0.01,34,37944,卖盘
1281,13:41:03,11.17,--,21,23457,买盘
1282,13:40:54,11.17,--,31,34627,买盘
1283,13:40:51,11.17,0.01,6,6702,买盘
1284,13:40:48,11.16,--,1,1116,卖盘
1285,13:40:45,11.16,--,71,79236,卖盘
1286,13:40:42,11.16,-0.01,1,1116,卖盘
1287,13:40:36,11.17,--,23,25691,买盘
1288,13:40:33,11.17,--,28,31276,买盘
1289,13:40:27,11.17,--,33,36861,买盘
1290,13:40:24,11.17,--,6,6702,买盘
1291,13:40:21,11.17,--,27,30159,买盘
1292,13:40:18,11.17,--,4,4468,买盘
1293,13:40:15,11.17,--,23,25691,买盘
1294,13:40:12,11.17,--,39,43563,买盘
1295,13:40:09,11.17,--,5,5585,买盘
1296,13:40:06,11.17,--,4,4468,买盘
1297,13:40:00,11.17,0.01,26,29042,买盘
1298,13:39:54,11.16,--,10,11160,卖盘
1299,13:39:51,11.16,-0.01,19,21204,卖盘
1300,13:39:48,11.17,0.01,27,30159,买盘
1301,13:39:42,11.16,-0.01,1,1116,卖盘
1302,13:39:39,11.17,--,23,25691,买盘
1303,13:39:36,11.17,--,6,6702,买盘
1304,13:39:33,11.17,--,22,24574,买盘
1305,13:39:27,11.17,--,79,88243,买盘
1306,13:39:24,11.17,--,34,37978,买盘
1307,13:39:18,11.17,--,24,26808,买盘
1308,13:39:15,11.17,--,6,6702,买盘
1309,13:39:12,11.17,--,1,1117,买盘
1310,13:39:09,11.17,--,14,15638,买盘
1311,13:39:06,11.17,--,27,30159,买盘
1312,13:39:03,11.17,--,94,104998,买盘
1313,13:39:00,11.17,0.01,3,3351,买盘
1314,13:38:57,11.16,-0.01,3,3348,卖盘
1315,13:38:54,11.17,0.01,48,53616,买盘
1316,13:38:51,11.16,-0.01,13,14508,卖盘
1317,13:38:48,11.17,--,24,26808,买盘
1318,13:38:45,11.17,--,7,7819,买盘
1319,13:38:42,11.17,--,22,24574,买盘
1320,13:38:39,11.17,--,17,18989,买盘
1321,13:38:33,11.17,--,21,23457,买盘
1322,13:38:30,11.17,--,72,80424,买盘
1323,13:38:27,11.17,--,8,8936,买盘
1324,13:38:24,11.17,--,41,45797,买盘
1325,13:38:21,11.17,--,26,29042,买盘
1326,13:38:15,11.17,--,137,153029,买盘
1327,13:38:12,11.17,--,2,2234,买盘
1328,13:38:09,11.17,0.01,23,25691,买盘
1329,13:38:06,11.16,--,30,33480,卖盘
1330,13:38:03,11.16,--,4,4464,卖盘
1331,13:38:00,11.16,-0.01,27,30132,卖盘
1332,13:37:54,11.17,0.01,10,11170,买盘
1333,13:37:51,11.16,-0.01,12,13392,卖盘
1334,13:37:48,11.17,--,52,58084,买盘
1335,13:37:45,11.17,0.01,1,1117,买盘
1336,13:37:39,11.16,-0.01,30,33480,卖盘
1337,13:37:36,11.17,--,23,25691,买盘
1338,13:37:30,11.17,0.01,24,26808,买盘
1339,13:37:27,11.16,-0.01,43,47988,卖盘
1340,13:37:24,11.17,--,97,108349,买盘
1341,13:37:21,11.17,--,2,2234,买盘
1342,13:37:15,11.17,--,23,25691,买盘
1343,13:37:12,11.17,--,1,1117,买盘
1344,13:37:09,11.17,0.01,7,7819,买盘
1345,13:37:06,11.16,-0.01,47,52452,卖盘
1346,13:37:03,11.17,0.01,5,5585,买盘
1347,13:36:57,11.16,-0.01,38,42408,卖盘
1348,13:36:54,11.17,0.01,38,42446,买盘
1349,13:36:51,11.16,-0.01,29,32364,卖盘
1350,13:36:42,11.17,0.01,26,29042,买盘
1351,13:36:39,11.16,-0.01,3,3348,卖盘
1352,13:36:36,11.17,0.01,8,8936,买盘
1353,13:36:33,11.16,-0.01,20,22320,卖盘
1354,13:36:30,11.17,--,42,46914,买盘
1355,13:36:27,11.17,--,1,1117,买盘
1356,13:36:24,11.17,--,36,40212,买盘
1357,13:36:21,11.17,--,26,29042,买盘
1358,13:36:18,11.17,--,3,3351,买盘
1359,13:36:12,11.17,--,9,10053,买盘
1360,13:36:09,11.17,--,42,46914,买盘
1361,13:36:06,11.17,--,6,6702,买盘
1362,13:36:03,11.17,--,1,1117,买盘
1363,13:36:00,11.17,--,27,30159,买盘
1364,13:35:54,11.17,0.01,25,27925,买盘
1365,13:35:51,11.16,--,17,18972,卖盘
1366,13:35:48,11.16,-0.01,1,1116,卖盘
1367,13:35:45,11.17,--,57,63669,买盘
1368,13:35:42,11.17,--,61,68137,买盘
1369,13:35:36,11.17,--,39,43563,买盘
1370,13:35:30,11.17,--,3,3351,买盘
1371,13:35:27,11.17,--,36,40212,买盘
1372,13:35:24,11.17,--,26,29042,买盘
1373,13:35:21,11.17,0.01,37,41329,买盘
1374,13:35:18,11.16,-0.01,21,23436,卖盘
1375,13:35:15,11.17,--,2,2234,买盘
1376,13:35:12,11.17,0.01,84,93828,买盘
1377,13:35:09,11.16,-0.01,10,11160,卖盘
1378,13:35:06,11.17,--,1,1117,买盘
1379,13:35:03,11.17,--,25,27925,买盘
1380,13:34:57,11.17,0.01,5,5585,买盘
1381,13:34:51,11.16,-0.01,36,40176,卖盘
1382,13:34:48,11.17,0.01,2,2234,买盘
1383,13:34:42,11.16,-0.01,1,1116,卖盘
1384,13:34:39,11.17,0.01,46,51382,买盘
1385,13:34:36,11.16,--,4,4464,卖盘
1386,13:34:33,11.16,-0.01,63,70308,卖盘
1387,13:34:30,11.17,--,2,2234,买盘
1388,13:34:27,11.17,0.01,134,149678,买盘
1389,13:34:24,11.16,-0.01,1,1116,卖盘
1390,13:34:21,11.17,--,3,3351,买盘
1391,13:34:18,11.17,0.01,66,73722,买盘
1392,13:34:12,11.16,-0.01,19,21204,卖盘
1393,13:34:09,11.17,--,10,11170,买盘
1394,13:34:06,11.17,--,42,46914,买盘
1395,13:34:03,11.17,--,117,130689,买盘
1396,13:33:57,11.17,0.01,24,26808,买盘
1397,13:33:54,11.16,--,4,4464,卖盘
1398,13:33:51,11.16,-0.01,8,8928,卖盘
1399,13:33:45,11.17,--,28,31276,买盘
1400,13:33:36,11.17,--,17,18989,买盘
1401,13:33:33,11.17,0.01,26,29042,买盘
1402,13:33:30,11.16,--,9,10044,卖盘
1403,13:33:27,11.16,--,151,168516,买盘
1404,13:33:24,11.16,--,93,103788,买盘
1405,13:33:21,11.16,--,19,21204,买盘
1406,13:33:18,11.16,--,34,37944,买盘
1407,13:33:15,11.16,--,166,185256,买盘
1408,13:33:12,11.16,--,47,52452,买盘
1409,13:33:09,11.16,--,3,3348,买盘
1410,13:33:06,11.16,--,84,93744,买盘
1411,13:33:03,11.16,-0.01,34,37944,卖盘
1412,13:33:00,11.17,0.01,1,1117,买盘
1413,13:32:57,11.16,--,6,6696,买盘
1414,13:32:51,11.16,0.01,83,92628,卖盘
1415,13:32:45,11.15,-0.02,14,15610,卖盘
1416,13:32:42,11.17,0.01,106,118402,买盘
1417,13:32:39,11.16,--,23,25668,买盘
1418,13:32:36,11.16,0.01,5,5580,买盘
1419,13:32:33,11.15,-0.01,24,26760,卖盘
1420,13:32:30,11.16,--,28,31248,买盘
1421,13:32:27,11.16,-0.01,14,16349,卖盘
1422,13:32:24,11.17,--,17,18989,买盘
1423,13:32:21,11.17,0.02,64,71878,买盘
1424,13:32:18,11.15,-0.01,113,125995,卖盘
1425,13:32:15,11.16,--,3,3348,买盘
1426,13:32:12,11.16,--,22,24552,买盘
1427,13:32:09,11.16,--,1,1116,买盘
1428,13:32:06,11.16,0.01,55,61380,买盘
1429,13:32:00,11.15,-0.01,50,55750,卖盘
1430,13:31:57,11.16,--,3,3348,买盘
1431,13:31:54,11.16,0.01,56,62496,买盘
1432,13:31:51,11.15,-0.01,35,39025,卖盘
1433,13:31:48,11.16,0.01,2,2232,买盘
1434,13:31:45,11.15,-0.01,23,25645,卖盘
1435,13:31:39,11.16,0.01,17,18972,买盘
1436,13:31:36,11.15,-0.01,50,55750,卖盘
1437,13:31:33,11.16,--,25,27900,买盘
1438,13:31:30,11.16,--,10,11160,买盘
1439,13:31:27,11.16,--,14,15624,买盘
1440,13:31:24,11.16,-0.01,344,384629,卖盘
1441,13:31:21,11.17,--,78,87494,买盘
1442,13:31:18,11.17,0.01,34,37978,买盘
1443,13:31:12,11.16,-0.01,207,231012,卖盘
1444,13:31:09,11.17,0.01,2,2234,买盘
1445,13:31:03,11.16,--,52,58032,卖盘
1446,13:31:00,11.16,-0.01,583,650628,卖盘
1447,13:30:57,11.17,--,36,40212,买盘
1448,13:30:54,11.17,0.01,25,27925,买盘
1449,13:30:51,11.16,--,2,2232,卖盘
1450,13:30:48,11.16,--,45,50220,卖盘
1451,13:30:45,11.16,--,17,18972,卖盘
1452,13:30:42,11.16,--,51,56916,卖盘
1453,13:30:39,11.16,-0.01,26,29016,卖盘
1454,13:30:33,11.17,--,2,2234,买盘
1455,13:30:27,11.17,0.01,48,53616,买盘
1456,13:30:24,11.16,-0.01,16,17856,卖盘
1457,13:30:21,11.17,0.01,29,32393,买盘
1458,13:30:18,11.16,--,3,3348,卖盘
1459,13:30:15,11.16,-0.01,27,30132,卖盘
1460,13:30:12,11.17,--,38,42446,买盘
1461,13:30:06,11.17,--,46,51382,买盘
1462,13:30:03,11.17,--,1,1117,买盘
1463,13:30:00,11.17,--,4,4468,买盘
1464,13:29:54,11.17,0.01,28,31276,买盘
1465,13:29:51,11.16,-0.01,10,11160,卖盘
1466,13:29:48,11.17,0.01,102,113934,买盘
1467,13:29:45,11.16,--,17,18972,卖盘
1468,13:29:42,11.16,-0.01,87,97092,卖盘
1469,13:29:39,11.17,0.01,7,7819,买盘
1470,13:29:36,11.16,-0.01,41,45756,卖盘
1471,13:29:33,11.17,--,10,11170,买盘
1472,13:29:30,11.17,--,61,68137,买盘
1473,13:29:27,11.17,--,16,17872,买盘
1474,13:29:24,11.17,--,19,21223,买盘
1475,13:29:21,11.17,--,103,115051,买盘
1476,13:29:15,11.17,--,35,39095,买盘
1477,13:29:12,11.17,--,2,2234,买盘
1478,13:29:09,11.17,--,22,24574,买盘
1479,13:29:06,11.17,0.01,11,12287,买盘
1480,13:29:03,11.16,--,4,4464,卖盘
1481,13:29:00,11.16,-0.01,2,2232,卖盘
1482,13:28:57,11.17,--,26,29042,买盘
1483,13:28:54,11.17,0.01,3,3351,买盘
1484,13:28:51,11.16,--,95,106020,卖盘
1485,13:28:48,11.16,-0.02,125,139500,卖盘
1486,13:28:45,11.18,0.01,2,2236,买盘
1487,13:28:42,11.17,-0.01,133,148561,卖盘
1488,13:28:39,11.18,--,15,16770,买盘
1489,13:28:36,11.18,--,22,24596,买盘
1490,13:28:33,11.18,0.01,2,2236,买盘
1491,13:28:30,11.17,-0.01,1,1117,卖盘
1492,13:28:27,11.18,--,3,3354,买盘
1493,13:28:24,11.18,0.01,122,136396,买盘
1494,13:28:21,11.17,--,103,115051,卖盘
1495,13:28:18,11.17,-0.01,1,1117,卖盘
1496,13:28:15,11.18,0.01,69,77142,买盘
1497,13:28:12,11.17,--,187,208879,卖盘
1498,13:28:09,11.17,-0.01,37,41329,卖盘
1499,13:28:06,11.18,0.01,1,1118,买盘
1500,13:28:03,11.17,--,24,26808,卖盘
1501,13:28:00,11.17,-0.01,2,2234,卖盘
1502,13:27:57,11.18,--,2,2236,买盘
1503,13:27:54,11.18,--,18,20124,买盘
1504,13:27:51,11.18,--,33,36894,买盘
1505,13:27:48,11.18,0.01,19,21242,买盘
1506,13:27:45,11.17,--,3,3351,卖盘
1507,13:27:42,11.17,-0.01,76,84892,卖盘
1508,13:27:39,11.18,0.01,28,31304,买盘
1509,13:27:33,11.17,-0.01,11,12287,卖盘
1510,13:27:30,11.18,0.01,25,27950,买盘
1511,13:27:27,11.17,-0.01,11,12287,卖盘
1512,13:27:24,11.18,--,10,11180,买盘
1513,13:27:21,11.18,--,9,10062,买盘
1514,13:27:18,11.18,0.01,61,68198,买盘
1515,13:27:15,11.17,-0.01,74,82658,卖盘
1516,13:27:12,11.18,--,82,91676,买盘
1517,13:27:09,11.18,--,26,29068,买盘
1518,13:27:06,11.18,--,4,4472,买盘
1519,13:27:03,11.18,--,20,22360,买盘
1520,13:26:57,11.18,--,26,29068,买盘
1521,13:26:54,11.18,--,7,7826,买盘
1522,13:26:51,11.18,0.01,4,4472,买盘
1523,13:26:48,11.17,-0.01,14,15638,卖盘
1524,13:26:45,11.18,--,25,27972,买盘
1525,13:26:39,11.18,--,3,3354,买盘
1526,13:26:36,11.18,--,139,155402,买盘
1527,13:26:30,11.18,--,3,3354,买盘
1528,13:26:27,11.18,--,1,1118,买盘
1529,13:26:24,11.18,--,26,29068,买盘
1530,13:26:18,11.18,--,2,2236,买盘
1531,13:26:15,11.18,0.01,47,52546,买盘
1532,13:26:09,11.17,--,102,113934,卖盘
1533,13:26:06,11.17,--,29,32393,买盘
1534,13:26:03,11.17,--,52,58084,买盘
1535,13:26:00,11.17,--,1,1117,买盘
1536,13:25:57,11.17,--,40,44680,买盘
1537,13:25:54,11.17,--,38,42446,买盘
1538,13:25:51,11.17,--,27,30159,买盘
1539,13:25:48,11.17,--,31,34627,买盘
1540,13:25:45,11.17,0.01,7,7819,买盘
1541,13:25:42,11.16,-0.01,1,1116,卖盘
1542,13:25:39,11.17,-0.01,186,207762,买盘
1543,13:25:36,11.18,-0.01,112,125216,买盘
1544,13:25:33,11.19,0.03,12,13428,买盘
1545,13:25:30,11.16,-0.03,37,41292,卖盘
1546,13:25:27,11.19,0.01,319,356961,买盘
1547,13:25:24,11.18,--,43,48074,买盘
1548,13:25:21,11.18,--,9,10062,买盘
1549,13:25:18,11.18,0.01,63,70434,买盘
1550,13:25:15,11.17,-0.01,60,67020,卖盘
1551,13:25:12,11.18,--,39,43602,买盘
1552,13:25:09,11.18,0.01,358,400244,买盘
1553,13:25:06,11.17,--,25,27925,买盘
1554,13:25:03,11.17,--,21,23457,买盘
1555,13:25:00,11.17,--,26,29042,买盘
1556,13:24:57,11.17,0.01,24,26808,买盘
1557,13:24:54,11.16,-0.01,4,4464,卖盘
1558,13:24:51,11.17,--,2,2234,买盘
1559,13:24:48,11.17,--,63,70371,买盘
1560,13:24:45,11.17,--,29,32393,买盘
1561,13:24:42,11.17,-0.01,422,471374,卖盘
1562,13:24:39,11.18,--,306,342108,买盘
1563,13:24:36,11.18,0.01,23,25714,买盘
1564,13:24:33,11.17,-0.01,8,8936,卖盘
1565,13:24:30,11.18,--,10,11180,买盘
1566,13:24:27,11.18,--,11,12298,买盘
1567,13:24:24,11.18,--,60,67080,买盘
1568,13:24:21,11.18,--,2,2236,买盘
1569,13:24:15,11.18,--,56,62608,买盘
1570,13:24:12,11.18,--,122,136396,买盘
1571,13:24:09,11.18,--,2,2236,买盘
1572,13:24:06,11.18,0.01,61,68198,买盘
1573,13:24:03,11.17,-0.01,31,34627,卖盘
1574,13:24:00,11.18,0.01,2,2236,买盘
1575,13:23:57,11.17,--,1,1117,卖盘
1576,13:23:54,11.17,--,87,97179,卖盘
1577,13:23:51,11.17,--,30,33510,卖盘
1578,13:23:48,11.17,--,10,11170,卖盘
1579,13:23:45,11.17,--,11,12287,卖盘
1580,13:23:42,11.17,-0.01,1,1117,卖盘
1581,13:23:39,11.18,0.01,25,27950,买盘
1582,13:23:36,11.17,--,57,63669,卖盘
1583,13:23:30,11.17,--,215,240155,买盘
1584,13:23:27,11.17,--,1,1117,买盘
1585,13:23:24,11.17,--,28,31276,买盘
1586,13:23:21,11.17,--,1,1117,买盘
1587,13:23:18,11.17,--,22,24574,买盘
1588,13:23:15,11.17,--,22,24574,买盘
1589,13:23:12,11.17,--,6,6702,买盘
1590,13:23:09,11.17,--,33,36861,买盘
1591,13:23:06,11.17,0.01,26,29042,买盘
1592,13:23:03,11.16,-0.01,7,7812,卖盘
1593,13:23:00,11.17,0.01,4,4468,买盘
1594,13:22:57,11.16,-0.01,5,5580,卖盘
1595,13:22:54,11.17,0.01,35,39095,买盘
1596,13:22:48,11.16,--,11,12276,卖盘
1597,13:22:45,11.16,-0.01,1,1116,卖盘
1598,13:22:42,11.17,--,23,25691,买盘
1599,13:22:33,11.17,0.01,72,80424,买盘
1600,13:22:27,11.16,--,17,18972,卖盘
1601,13:22:24,11.16,-0.01,1,1116,卖盘
1602,13:22:21,11.17,0.01,25,27925,买盘
1603,13:22:18,11.16,-0.01,3,3348,卖盘
1604,13:22:12,11.17,--,55,61435,买盘
1605,13:22:09,11.17,0.01,22,24574,买盘
1606,13:22:06,11.16,-0.01,237,264492,卖盘
1607,13:22:00,11.17,--,63,70371,买盘
1608,13:21:57,11.17,--,6,6702,买盘
1609,13:21:54,11.17,0.01,25,27925,买盘
1610,13:21:51,11.16,-0.01,45,51157,卖盘
1611,13:21:48,11.17,0.01,32,35744,买盘
1612,13:21:45,11.16,--,12,13392,卖盘
1613,13:21:39,11.16,-0.02,34,37944,卖盘
1614,13:21:36,11.18,0.02,9,10062,买盘
1615,13:21:33,11.16,-0.01,11,12276,卖盘
1616,13:21:27,11.17,0.01,55,61435,买盘
1617,13:21:24,11.16,-0.01,11,12276,卖盘
1618,13:21:21,11.17,--,62,69254,买盘
1619,13:21:18,11.17,--,46,51382,买盘
1620,13:21:15,11.17,-0.01,26,29042,中性盘
1621,13:21:09,11.18,0.01,15,16770,买盘
1622,13:21:06,11.17,-0.01,27,30159,卖盘
1623,13:21:03,11.18,0.02,39,43602,买盘
1624,13:21:00,11.16,-0.01,295,329220,卖盘
1625,13:20:57,11.17,-0.01,20,22340,买盘
1626,13:20:54,11.18,0.02,665,743470,买盘
1627,13:20:51,11.16,--,15,16740,卖盘
1628,13:20:48,11.16,--,9,10044,卖盘
1629,13:20:45,11.16,--,1,1116,卖盘
1630,13:20:42,11.16,-0.02,31,34596,卖盘
1631,13:20:39,11.18,--,4,4472,买盘
1632,13:20:33,11.18,0.02,24,26832,买盘
1633,13:20:27,11.16,-0.01,75,83700,卖盘
1634,13:20:24,11.17,-0.01,107,119519,卖盘
1635,13:20:21,11.18,-0.01,23,25714,买盘
1636,13:20:12,11.19,--,1,1119,买盘
1637,13:20:09,11.19,0.01,27,30213,买盘
1638,13:20:06,11.18,0.01,33,36894,买盘
1639,13:20:03,11.17,-0.01,52,58084,卖盘
1640,13:20:00,11.18,--,24,26832,买盘
1641,13:19:57,11.18,0.01,88,98384,买盘
1642,13:19:54,11.17,--,6,6702,卖盘
1643,13:19:51,11.17,-0.01,23,25691,卖盘
1644,13:19:48,11.18,0.01,35,39130,买盘
1645,13:19:42,11.17,--,1,1117,卖盘
1646,13:19:39,11.17,-0.01,14,15638,卖盘
1647,13:19:36,11.18,--,34,38012,买盘
1648,13:19:33,11.18,0.01,28,31304,买盘
1649,13:19:30,11.17,-0.01,16,17872,卖盘
1650,13:19:27,11.18,--,27,30186,买盘
1651,13:19:24,11.18,0.01,1,1118,买盘
1652,13:19:21,11.17,-0.01,11,12287,卖盘
1653,13:19:15,11.18,--,25,27950,买盘
1654,13:19:12,11.18,0.01,14,15652,买盘
1655,13:19:09,11.17,-0.01,40,44680,卖盘
1656,13:19:06,11.18,-0.01,49,54782,中性盘
1657,13:19:03,11.19,0.02,28,31332,买盘
1658,13:19:00,11.17,-0.01,39,43563,卖盘
1659,13:18:54,11.18,0.01,48,53664,买盘
1660,13:18:51,11.17,-0.01,40,44680,卖盘
1661,13:18:45,11.18,--,6,6708,卖盘
1662,13:18:42,11.18,--,27,30186,卖盘
1663,13:18:36,11.18,-0.01,38,42484,卖盘
1664,13:18:30,11.19,--,40,44760,买盘
1665,13:18:27,11.19,--,1,1119,买盘
1666,13:18:24,11.19,0.01,25,27975,买盘
1667,13:18:21,11.18,--,29,32422,卖盘
1668,13:18:18,11.18,--,17,19006,卖盘
1669,13:18:15,11.18,--,14,15652,卖盘
1670,13:18:12,11.18,--,3,3354,卖盘
1671,13:18:09,11.18,-0.01,37,41366,卖盘
1672,13:18:06,11.19,--,17,19023,买盘
1673,13:18:03,11.19,--,2,2238,买盘
1674,13:17:57,11.19,0.01,74,82806,买盘
1675,13:17:54,11.18,--,5,5590,卖盘
1676,13:17:51,11.18,-0.01,4,4472,卖盘
1677,13:17:48,11.19,0.01,23,25737,买盘
1678,13:17:45,11.18,0.01,39,43602,卖盘
1679,13:17:42,11.17,-0.01,317,354089,卖盘
1680,13:17:39,11.18,--,6,6708,买盘
1681,13:17:36,11.18,--,24,26832,买盘
1682,13:17:33,11.18,--,13,14534,买盘
1683,13:17:30,11.18,--,18,20124,买盘
1684,13:17:27,11.18,--,1,1118,买盘
1685,13:17:24,11.18,--,36,40248,买盘
1686,13:17:21,11.18,--,3,3354,买盘
1687,13:17:18,11.18,0.01,23,25714,买盘
1688,13:17:15,11.17,-0.01,25,27925,卖盘
1689,13:17:12,11.18,0.01,27,30186,买盘
1690,13:17:09,11.17,-0.01,4,4468,卖盘
1691,13:17:06,11.18,0.01,29,32422,中性盘
1692,13:17:03,11.17,-0.02,92,102764,卖盘
1693,13:16:57,11.19,0.01,37,41403,买盘
1694,13:16:51,11.18,--,97,108602,卖盘
1695,13:16:48,11.18,--,5,5590,卖盘
1696,13:16:45,11.18,-0.01,13,14534,卖盘
1697,13:16:39,11.19,--,28,31332,买盘
1698,13:16:30,11.19,--,85,95115,买盘
1699,13:16:27,11.19,0.01,1,1119,买盘
1700,13:16:24,11.18,-0.01,2,2236,卖盘
1701,13:16:18,11.19,0.01,23,25737,买盘
1702,13:16:15,11.18,--,16,17888,卖盘
1703,13:16:12,11.18,--,49,54782,卖盘
1704,13:16:09,11.18,-0.01,2,2236,卖盘
1705,13:16:06,11.19,--,27,30213,买盘
1706,13:16:03,11.19,--,23,25737,买盘
1707,13:15:57,11.19,0.01,60,67140,买盘
1708,13:15:54,11.18,--,5,5590,卖盘
1709,13:15:51,11.18,--,4,4472,卖盘
1710,13:15:45,11.18,--,46,51428,卖盘
1711,13:15:42,11.18,-0.01,1,1118,卖盘
1712,13:15:39,11.19,--,5,5595,买盘
1713,13:15:33,11.19,--,28,31332,买盘
1714,13:15:27,11.19,--,1,1119,买盘
1715,13:15:24,11.19,--,26,29094,买盘
1716,13:15:18,11.19,0.01,10,11190,买盘
1717,13:15:15,11.18,-0.02,2,2236,卖盘
1718,13:15:12,11.2,0.02,28,31359,买盘
1719,13:15:09,11.18,-0.02,15,16770,卖盘
1720,13:15:06,11.2,0.02,5,5600,买盘
1721,13:15:03,11.18,-0.02,44,49192,卖盘
1722,13:15:00,11.2,0.01,602,675203,买盘
1723,13:14:57,11.19,--,34,38046,买盘
1724,13:14:54,11.19,0.01,1,1119,买盘
1725,13:14:51,11.18,--,40,44720,卖盘
1726,13:14:45,11.18,--,10,11180,卖盘
1727,13:14:42,11.18,-0.01,2,2236,中性盘
1728,13:14:39,11.19,--,26,29094,买盘
1729,13:14:36,11.19,--,2,2238,买盘
1730,13:14:27,11.19,--,25,27975,买盘
1731,13:14:24,11.19,--,25,27975,买盘
1732,13:14:21,11.19,--,25,27975,买盘
1733,13:14:18,11.19,--,26,29094,买盘
1734,13:14:12,11.19,--,1,1119,买盘
1735,13:14:09,11.19,--,307,343533,买盘
1736,13:14:06,11.19,0.02,24,26856,买盘
1737,13:14:03,11.17,--,1010,1128170,买盘
1738,13:14:00,11.17,--,16,17872,买盘
1739,13:13:57,11.17,--,45,50265,买盘
1740,13:13:54,11.17,0.01,25,27925,买盘
1741,13:13:51,11.16,-0.01,5,5580,卖盘
1742,13:13:48,11.17,0.01,271,302707,买盘
1743,13:13:45,11.16,-0.01,35,39060,卖盘
1744,13:13:42,11.17,--,15,16755,买盘
1745,13:13:39,11.17,--,11,12287,买盘
1746,13:13:36,11.17,0.01,1,1117,买盘
1747,13:13:33,11.16,-0.01,81,90396,卖盘
1748,13:13:30,11.17,--,74,82658,买盘
1749,13:13:27,11.17,--,40,44680,买盘
1750,13:13:24,11.17,--,32,35744,买盘
1751,13:13:21,11.17,--,26,29042,买盘
1752,13:13:18,11.17,--,1,1117,买盘
1753,13:13:15,11.17,--,15,16755,买盘
1754,13:13:12,11.17,--,41,45797,买盘
1755,13:13:09,11.17,--,5,5585,买盘
1756,13:13:06,11.17,0.01,1,1117,买盘
1757,13:13:03,11.16,-0.01,13,14508,卖盘
1758,13:13:00,11.17,0.01,85,94945,买盘
1759,13:12:57,11.16,--,188,209808,卖盘
1760,13:12:54,11.16,--,55,61380,卖盘
1761,13:12:51,11.16,-0.01,420,468720,卖盘
1762,13:12:48,11.17,0.01,2,2234,买盘
1763,13:12:45,11.16,--,91,101556,卖盘
1764,13:12:42,11.16,-0.01,1,1116,卖盘
1765,13:12:39,11.17,--,27,30159,买盘
1766,13:12:36,11.17,0.01,69,77073,买盘
1767,13:12:33,11.16,-0.01,3,3348,卖盘
1768,13:12:30,11.17,0.01,12,13404,买盘
1769,13:12:27,11.16,--,53,59148,卖盘
1770,13:12:24,11.16,-0.01,1,1116,卖盘
1771,13:12:18,11.17,0.01,36,40212,买盘
1772,13:12:15,11.16,-0.01,52,58032,卖盘
1773,13:12:12,11.17,--,1,1117,买盘
1774,13:12:09,11.17,--,2,2234,买盘
1775,13:12:06,11.17,--,44,49148,买盘
1776,13:12:03,11.17,--,22,24574,买盘
1777,13:12:00,11.17,--,180,201060,买盘
1778,13:11:54,11.17,0.01,65,72605,买盘
1779,13:11:51,11.16,--,19,21204,卖盘
1780,13:11:48,11.16,-0.01,3,3348,卖盘
1781,13:11:45,11.17,--,67,74839,买盘
1782,13:11:42,11.17,--,1,1117,买盘
1783,13:11:39,11.17,0.01,3,3351,买盘
1784,13:11:30,11.16,--,6,6696,卖盘
1785,13:11:27,11.16,--,24,26784,卖盘
1786,13:11:24,11.16,--,1,1116,卖盘
1787,13:11:21,11.16,--,29,32364,卖盘
1788,13:11:18,11.16,--,18,20088,卖盘
1789,13:11:15,11.16,-0.01,37,41292,卖盘
1790,13:11:12,11.17,--,1,1117,买盘
1791,13:11:09,11.17,--,2,2234,买盘
1792,13:11:03,11.17,--,18,20106,买盘
1793,13:10:57,11.17,--,19,21223,买盘
1794,13:10:54,11.17,--,53,59201,买盘
1795,13:10:51,11.17,--,1,1117,买盘
1796,13:10:48,11.17,0.01,35,39095,买盘
1797,13:10:45,11.16,-0.01,9,10044,卖盘
1798,13:10:42,11.17,--,151,168667,卖盘
1799,13:10:39,11.17,-0.02,2,2234,卖盘
1800,13:10:30,11.19,0.01,531,594189,买盘
1801,13:10:27,11.18,--,1,1118,买盘
1802,13:10:24,11.18,0.01,5,5590,买盘
1803,13:10:21,11.17,--,119,132923,卖盘
1804,13:10:18,11.17,-0.01,1,1117,卖盘
1805,13:10:15,11.18,--,13,14534,买盘
1806,13:10:12,11.18,--,19,21242,买盘
1807,13:10:09,11.18,--,73,81614,买盘
1808,13:10:03,11.18,--,3,3354,买盘
1809,13:09:57,11.18,0.01,41,45838,买盘
1810,13:09:54,11.17,--,22,24574,买盘
1811,13:09:51,11.17,--,42,46914,买盘
1812,13:09:48,11.17,0.01,6,6702,买盘
1813,13:09:42,11.16,-0.01,2,2232,卖盘
1814,13:09:27,11.17,--,2,2234,买盘
1815,13:09:21,11.17,--,2,2234,买盘
1816,13:09:18,11.17,0.01,18,20106,买盘
1817,13:09:15,11.16,-0.01,221,246636,卖盘
1818,13:09:12,11.17,--,11,12287,买盘
1819,13:09:09,11.17,--,13,14521,买盘
1820,13:09:06,11.17,--,1,1117,买盘
1821,13:09:03,11.17,--,2,2234,买盘
1822,13:09:00,11.17,0.01,52,58084,买盘
1823,13:08:57,11.16,--,26,29016,卖盘
1824,13:08:54,11.16,-0.01,56,62496,卖盘
1825,13:08:51,11.17,0.01,1,1117,买盘
1826,13:08:45,11.16,-0.01,38,42408,卖盘
1827,13:08:42,11.17,--,1,1117,买盘
1828,13:08:36,11.17,--,19,21223,买盘
1829,13:08:27,11.17,--,32,35744,卖盘
1830,13:08:24,11.17,0.01,72,80424,买盘
1831,13:08:21,11.16,--,4,4464,卖盘
1832,13:08:15,11.16,-0.01,12,13392,卖盘
1833,13:08:12,11.17,--,2,2234,买盘
1834,13:08:09,11.17,0.01,1,1117,买盘
1835,13:08:06,11.16,--,1,1116,卖盘
1836,13:08:03,11.16,--,52,58032,卖盘
1837,13:07:57,11.16,--,550,613800,卖盘
1838,13:07:54,11.16,-0.01,40,44640,卖盘
1839,13:07:51,11.17,0.01,16,17872,买盘
1840,13:07:48,11.16,-0.01,44,49104,卖盘
1841,13:07:45,11.17,0.01,39,43563,买盘
1842,13:07:42,11.16,--,1,1116,卖盘
1843,13:07:36,11.16,-0.01,57,63612,卖盘
1844,13:07:33,11.17,--,48,53616,买盘
1845,13:07:30,11.17,--,2,2234,买盘
1846,13:07:27,11.17,--,1,1117,买盘
1847,13:07:24,11.17,-0.01,10,11170,卖盘
1848,13:07:21,11.18,0.01,50,55900,买盘
1849,13:07:18,11.17,-0.01,17,18989,卖盘
1850,13:07:15,11.18,--,65,72670,买盘
1851,13:07:12,11.18,--,7,7826,买盘
1852,13:07:09,11.18,0.01,1,1118,买盘
1853,13:07:06,11.17,--,4,4468,中性盘
1854,13:07:03,11.17,-0.01,2,2234,中性盘
1855,13:07:00,11.18,0.02,12,13416,买盘
1856,13:06:57,11.16,-0.02,155,172980,卖盘
1857,13:06:54,11.18,--,17,19006,买盘
1858,13:06:51,11.18,0.01,156,174408,买盘
1859,13:06:48,11.17,-0.01,187,208879,卖盘
1860,13:06:45,11.18,--,97,108446,买盘
1861,13:06:42,11.18,0.01,33,36894,买盘
1862,13:06:39,11.17,-0.01,28,31276,卖盘
1863,13:06:36,11.18,--,11,12298,买盘
1864,13:06:33,11.18,--,3,3354,买盘
1865,13:06:30,11.18,--,20,22360,买盘
1866,13:06:27,11.18,--,1,1118,买盘
1867,13:06:24,11.18,0.01,2,2236,买盘
1868,13:06:21,11.17,--,1,1117,卖盘
1869,13:06:18,11.17,-0.01,3,3351,卖盘
1870,13:06:15,11.18,--,17,19006,买盘
1871,13:06:12,11.18,--,1,1118,买盘
1872,13:06:09,11.18,0.01,1,1118,买盘
1873,13:06:06,11.17,--,1,1117,卖盘
1874,13:06:00,11.17,--,27,30159,卖盘
1875,13:05:57,11.17,--,161,179837,卖盘
1876,13:05:54,11.17,-0.01,5,5585,卖盘
1877,13:05:51,11.18,0.01,1,1118,买盘
1878,13:05:48,11.17,--,49,54733,买盘
1879,13:05:45,11.17,0.01,22,24574,买盘
1880,13:05:42,11.16,--,33,36828,卖盘
1881,13:05:39,11.16,--,1,1116,卖盘
1882,13:05:36,11.16,-0.01,25,27900,卖盘
1883,13:05:33,11.17,--,20,22340,买盘
1884,13:05:30,11.17,--,46,51382,买盘
1885,13:05:27,11.17,--,1,1117,买盘
1886,13:05:18,11.17,-0.01,28,31276,卖盘
1887,13:05:12,11.18,0.01,1,1118,买盘
1888,13:05:09,11.17,0.01,73,81541,买盘
1889,13:05:06,11.16,-0.02,2,2232,卖盘
1890,13:05:03,11.18,--,72,80496,买盘
1891,13:05:00,11.18,0.01,310,346580,买盘
1892,13:04:57,11.17,0.01,27,30159,买盘
1893,13:04:54,11.16,-0.01,27,30132,卖盘
1894,13:04:51,11.17,--,3,3351,卖盘
1895,13:04:48,11.17,--,41,45797,买盘
1896,13:04:45,11.17,--,37,41329,卖盘
1897,13:04:42,11.17,-0.01,5,5585,买盘
1898,13:04:39,11.18,--,62,69316,买盘
1899,13:04:36,11.18,--,1,1118,买盘
1900,13:04:30,11.18,0.01,7,7826,买盘
1901,13:04:27,11.17,--,64,71488,卖盘
1902,13:04:15,11.17,--,102,113934,买盘
1903,13:04:12,11.17,--,11,12287,买盘
1904,13:04:09,11.17,0.01,1,1117,买盘
1905,13:04:06,11.16,-0.01,1,1116,卖盘
1906,13:04:03,11.17,--,33,36861,买盘
1907,13:04:00,11.17,--,22,24574,卖盘
1908,13:03:57,11.17,0.01,4,4468,卖盘
1909,13:03:54,11.16,-0.02,114,127224,卖盘
1910,13:03:51,11.18,0.02,1,1118,买盘
1911,13:03:48,11.16,-0.01,84,93744,卖盘
1912,13:03:45,11.17,0.01,251,280367,买盘
1913,13:03:42,11.16,--,32,35712,卖盘
1914,13:03:39,11.16,--,223,248868,卖盘
1915,13:03:36,11.16,-0.01,189,210924,卖盘
1916,13:03:30,11.17,0.01,6,6702,买盘
1917,13:03:27,11.16,-0.01,15,16740,卖盘
1918,13:03:24,11.17,--,4,4468,买盘
1919,13:03:18,11.17,--,4,4468,买盘
1920,13:03:12,11.17,--,1,1117,买盘
1921,13:03:09,11.17,--,1,1117,买盘
1922,13:03:06,11.17,--,306,341802,卖盘
1923,13:03:03,11.17,--,1,1117,卖盘
1924,13:03:00,11.17,--,156,174252,卖盘
1925,13:02:57,11.17,--,6,6702,卖盘
1926,13:02:54,11.17,-0.01,259,289303,卖盘
1927,13:02:51,11.18,--,2,2236,买盘
1928,13:02:48,11.18,--,47,52546,买盘
1929,13:02:42,11.18,0.01,19,21242,买盘
1930,13:02:39,11.17,-0.01,1,1117,卖盘
1931,13:02:36,11.18,0.01,72,80496,买盘
1932,13:02:33,11.17,--,66,73722,卖盘
1933,13:02:30,11.17,-0.01,14,15638,卖盘
1934,13:02:27,11.18,0.01,2,2236,买盘
1935,13:02:24,11.17,--,1,1117,卖盘
1936,13:02:21,11.17,--,35,39095,卖盘
1937,13:02:18,11.17,-0.01,148,165316,卖盘
1938,13:02:15,11.18,--,39,43602,买盘
1939,13:02:12,11.18,--,260,290680,买盘
1940,13:02:09,11.18,0.01,5,5590,买盘
1941,13:02:06,11.17,--,71,79307,卖盘
1942,13:02:03,11.17,--,20,22340,卖盘
1943,13:02:00,11.17,--,30,33510,卖盘
1944,13:01:57,11.17,--,298,332866,卖盘
1945,13:01:54,11.17,--,36,40212,卖盘
1946,13:01:51,11.17,-0.01,201,224517,卖盘
1947,13:01:45,11.18,--,26,29068,买盘
1948,13:01:42,11.18,--,24,26832,买盘
1949,13:01:39,11.18,--,71,79378,买盘
1950,13:01:36,11.18,--,23,25714,买盘
1951,13:01:33,11.18,0.01,2,2236,买盘
1952,13:01:24,11.17,-0.01,64,71488,卖盘
1953,13:01:18,11.18,--,2,2236,买盘
1954,13:01:15,11.18,--,5,5590,买盘
1955,13:01:09,11.18,--,7,7826,买盘
1956,13:01:06,11.18,--,5,5590,买盘
1957,13:01:03,11.18,0.01,15,16770,买盘
1958,13:01:00,11.17,-0.01,40,44680,卖盘
1959,13:00:57,11.18,--,6,6708,买盘
1960,13:00:54,11.18,0.01,38,42484,买盘
1961,13:00:51,11.17,-0.02,79,89203,卖盘
1962,13:00:48,11.19,0.01,2,2238,买盘
1963,13:00:42,11.18,--,21,23478,卖盘
1964,13:00:39,11.18,--,53,59254,卖盘
1965,13:00:36,11.18,-0.01,77,86086,卖盘
1966,13:00:33,11.19,0.01,291,325629,买盘
1967,13:00:30,11.18,-0.01,62,69316,卖盘
1968,13:00:27,11.19,--,9,10071,买盘
1969,13:00:24,11.19,0.01,2,2238,买盘
1970,13:00:21,11.18,--,14,15652,卖盘
1971,13:00:12,11.18,-0.01,31,34658,卖盘
1972,13:00:09,11.19,0.01,145,162255,买盘
1973,13:00:06,11.18,--,78,87204,卖盘
1974,13:00:03,11.18,--,552,617136,卖盘
1975,13:00:00,11.18,-0.01,37,41366,卖盘
1976,11:30:00,11.19,--,38,42522,买盘
1977,11:29:54,11.19,0.01,3,3357,买盘
1978,11:29:48,11.18,-0.01,59,65962,卖盘
1979,11:29:45,11.19,--,12,13428,买盘
1980,11:29:42,11.19,0.01,15,16785,买盘
1981,11:29:39,11.18,-0.01,4,4472,卖盘
1982,11:29:36,11.19,--,2,2238,买盘
1983,11:29:33,11.19,--,49,54831,买盘
1984,11:29:30,11.19,0.01,58,64902,买盘
1985,11:29:24,11.18,--,26,29649,卖盘
1986,11:29:21,11.18,-0.01,4,5008,卖盘
1987,11:29:18,11.19,0.01,3,3357,买盘
1988,11:29:12,11.18,-0.01,1,1118,卖盘
1989,11:29:09,11.19,--,45,50355,买盘
1990,11:29:06,11.19,0.01,19,21261,买盘
1991,11:29:03,11.18,-0.01,30,33540,卖盘
1992,11:29:00,11.19,--,70,78330,买盘
1993,11:28:54,11.19,--,112,125328,买盘
1994,11:28:51,11.19,0.01,65,72735,买盘
1995,11:28:48,11.18,-0.01,4,4472,卖盘
1996,11:28:45,11.19,0.01,7,7833,买盘
1997,11:28:42,11.18,-0.01,35,39130,卖盘
1998,11:28:39,11.19,--,42,46998,买盘
1999,11:28:33,11.19,--,42,46998,买盘
2000,11:28:24,11.19,0.01,44,49236,买盘
2001,11:28:21,11.18,-0.01,4,5008,卖盘
2002,11:28:18,11.19,--,83,92877,买盘
2003,11:28:15,11.19,0.01,2,2238,买盘
2004,11:28:12,11.18,-0.01,1,1118,卖盘
2005,11:28:09,11.19,--,1,1119,买盘
2006,11:28:06,11.19,0.01,1,1119,买盘
2007,11:28:03,11.18,-0.01,7,7826,卖盘
2008,11:27:54,11.19,--,10,11190,买盘
2009,11:27:51,11.19,--,3,3357,买盘
2010,11:27:45,11.19,0.01,7,7833,买盘
2011,11:27:42,11.18,--,27,30186,卖盘
2012,11:27:39,11.18,-0.01,69,77142,卖盘
2013,11:27:33,11.19,0.01,52,58188,买盘
2014,11:27:30,11.18,--,38,42484,卖盘
2015,11:27:24,11.18,--,4,4472,卖盘
2016,11:27:18,11.18,--,46,51964,卖盘
2017,11:27:15,11.18,--,18,20124,卖盘
2018,11:27:12,11.18,-0.01,51,57018,卖盘
2019,11:27:09,11.19,--,1,1119,买盘
2020,11:27:06,11.19,--,1,1119,买盘
2021,11:27:03,11.19,--,3,3357,买盘
2022,11:27:00,11.19,0.01,2,2238,买盘
2023,11:26:57,11.18,-0.01,21,23478,卖盘
2024,11:26:54,11.19,0.01,2,2238,买盘
2025,11:26:51,11.18,--,35,39130,卖盘
2026,11:26:48,11.18,-0.01,9,10062,卖盘
2027,11:26:42,11.19,--,12,13428,买盘
2028,11:26:39,11.19,0.01,11,12309,买盘
2029,11:26:36,11.18,-0.01,45,50310,卖盘
2030,11:26:33,11.19,--,3,3357,买盘
2031,11:26:30,11.19,0.01,38,42522,买盘
2032,11:26:27,11.18,-0.01,1,1118,卖盘
2033,11:26:24,11.19,--,6,6714,买盘
2034,11:26:21,11.19,0.01,3,3357,买盘
2035,11:26:18,11.18,--,76,85504,卖盘
2036,11:26:15,11.18,-0.01,9,10062,卖盘
2037,11:26:09,11.19,--,5,5595,买盘
2038,11:26:06,11.19,--,53,59307,买盘
2039,11:26:03,11.19,0.01,4,4476,买盘
2040,11:26:00,11.18,--,5,5590,卖盘
2041,11:25:57,11.18,-0.01,59,65962,卖盘
2042,11:25:54,11.19,0.01,11,12309,买盘
2043,11:25:48,11.18,--,4,4472,卖盘
2044,11:25:42,11.18,-0.01,8,8944,卖盘
2045,11:25:39,11.19,--,3,3357,买盘
2046,11:25:36,11.19,--,4,4476,买盘
2047,11:25:33,11.19,--,28,31332,买盘
2048,11:25:30,11.19,--,10,11190,买盘
2049,11:25:27,11.19,--,58,64902,买盘
2050,11:25:24,11.19,--,5,5595,买盘
2051,11:25:15,11.19,0.01,7,8370,买盘
2052,11:25:12,11.18,-0.01,11,12298,卖盘
2053,11:25:09,11.19,0.01,1,1119,买盘
2054,11:25:06,11.18,--,10,11180,卖盘
2055,11:25:03,11.18,--,12,13416,卖盘
2056,11:24:54,11.18,--,27,30186,卖盘
2057,11:24:48,11.18,-0.01,101,112918,卖盘
2058,11:24:45,11.19,--,2,2238,买盘
2059,11:24:42,11.19,--,17,19023,卖盘
2060,11:24:39,11.19,-0.01,9,10071,卖盘
2061,11:24:36,11.2,--,35,39200,买盘
2062,11:24:30,11.2,--,24,26880,买盘
2063,11:24:27,11.2,0.02,34,38080,买盘
2064,11:24:21,11.18,-0.01,32,35776,卖盘
2065,11:24:15,11.19,--,41,45879,卖盘
2066,11:24:12,11.19,0.01,5,6132,中性盘
2067,11:24:09,11.18,-0.02,103,115154,卖盘
2068,11:24:06,11.2,0.02,10,11200,买盘
2069,11:24:03,11.18,--,1,1118,卖盘
2070,11:24:00,11.18,-0.02,100,111800,卖盘
2071,11:23:57,11.2,0.01,73,81760,买盘
2072,11:23:54,11.19,-0.01,1,1119,卖盘
2073,11:23:51,11.2,--,1,1120,买盘
2074,11:23:48,11.2,0.01,48,53760,买盘
2075,11:23:45,11.19,0.01,9,10071,买盘
2076,11:23:42,11.18,--,2,2236,卖盘
2077,11:23:39,11.18,-0.02,38,42484,卖盘
2078,11:23:36,11.2,0.02,3,3360,买盘
2079,11:23:33,11.18,--,21,23478,卖盘
2080,11:23:30,11.18,--,102,114036,卖盘
2081,11:23:27,11.18,-0.02,92,102856,卖盘
2082,11:23:24,11.2,0.02,40,44800,买盘
2083,11:23:21,11.18,-0.01,27,30186,卖盘
2084,11:23:18,11.19,0.01,29,32451,买盘
2085,11:23:12,11.18,-0.01,9,10598,卖盘
2086,11:23:09,11.19,0.01,29,32451,中性盘
2087,11:23:06,11.18,-0.01,53,59254,卖盘
2088,11:23:03,11.19,-0.01,13,14547,卖盘
2089,11:23:00,11.2,--,15,16800,买盘
2090,11:22:57,11.2,0.01,11,12320,买盘
2091,11:22:54,11.19,-0.01,18,20142,卖盘
2092,11:22:51,11.2,--,2,2240,买盘
2093,11:22:48,11.2,0.02,4,4480,买盘
2094,11:22:45,11.18,-0.02,128,143104,卖盘
2095,11:22:42,11.2,0.01,12,13440,买盘
2096,11:22:39,11.19,--,24,26856,卖盘
2097,11:22:36,11.19,-0.01,18,20142,卖盘
2098,11:22:33,11.2,0.01,42,47040,买盘
2099,11:22:30,11.19,--,34,38046,卖盘
2100,11:22:27,11.19,-0.01,1,1119,卖盘
2101,11:22:24,11.2,0.02,38,42560,买盘
2102,11:22:21,11.18,-0.02,38,42484,卖盘
2103,11:22:18,11.2,--,49,54880,买盘
2104,11:22:15,11.2,0.01,94,105280,买盘
2105,11:22:12,11.19,0.01,10,11190,买盘
2106,11:22:09,11.18,-0.01,45,50846,卖盘
2107,11:22:03,11.19,0.01,2,2238,卖盘
2108,11:21:57,11.18,-0.02,30,33540,卖盘
2109,11:21:54,11.2,--,141,157920,买盘
2110,11:21:48,11.2,--,136,152320,买盘
2111,11:21:45,11.2,0.02,3,3360,买盘
2112,11:21:42,11.18,--,2,2236,卖盘
2113,11:21:39,11.18,-0.02,151,168818,卖盘
2114,11:21:36,11.2,0.02,2,2240,买盘
2115,11:21:33,11.18,-0.02,101,112918,卖盘
2116,11:21:30,11.2,0.02,122,136640,买盘
2117,11:21:27,11.18,-0.02,2,2236,卖盘
2118,11:21:24,11.2,--,134,150080,买盘
2119,11:21:21,11.2,0.01,5,6182,买盘
2120,11:21:18,11.19,--,9,10071,卖盘
2121,11:21:15,11.19,-0.01,2,2238,卖盘
2122,11:21:12,11.2,--,3,3360,买盘
2123,11:21:09,11.2,--,11,12857,买盘
2124,11:21:06,11.2,0.01,1,1120,买盘
2125,11:21:03,11.19,-0.01,35,39165,卖盘
2126,11:21:00,11.2,0.02,3,3360,买盘
2127,11:20:57,11.18,--,2,2236,卖盘
2128,11:20:54,11.18,-0.02,91,101738,卖盘
2129,11:20:51,11.2,0.02,3,3360,买盘
2130,11:20:45,11.18,-0.01,60,67080,卖盘
2131,11:20:42,11.19,0.01,4,4476,买盘
2132,11:20:39,11.18,-0.02,11,12298,卖盘
2133,11:20:36,11.2,0.01,85,95200,买盘
2134,11:20:33,11.19,-0.01,31,34689,卖盘
2135,11:20:30,11.2,0.02,7,7839,买盘
2136,11:20:27,11.18,-0.01,17,19006,卖盘
2137,11:20:24,11.19,--,2,2238,买盘
2138,11:20:21,11.19,0.01,39,43641,买盘
2139,11:20:18,11.18,--,4,4472,卖盘
2140,11:20:12,11.18,--,5,5590,卖盘
2141,11:20:09,11.18,-0.02,106,118508,卖盘
2142,11:20:06,11.2,--,69,77817,买盘
2143,11:20:03,11.2,--,5,5600,买盘
2144,11:20:00,11.2,0.01,109,122079,买盘
2145,11:19:57,11.19,--,16,17904,卖盘
2146,11:19:54,11.19,--,21,23499,卖盘
2147,11:19:48,11.19,-0.01,20,22380,卖盘
2148,11:19:45,11.2,0.01,2,2240,买盘
2149,11:19:42,11.19,--,10,11190,卖盘
2150,11:19:39,11.19,--,234,261957,买盘
2151,11:19:36,11.19,--,2,2238,买盘
2152,11:19:33,11.19,--,2,2238,买盘
2153,11:19:27,11.19,0.01,99,110781,买盘
2154,11:19:24,11.18,--,40,44720,卖盘
2155,11:19:21,11.18,-0.01,50,55900,卖盘
2156,11:19:18,11.19,--,80,89520,买盘
2157,11:19:12,11.19,--,33,36927,买盘
2158,11:19:09,11.19,--,3,3357,买盘
2159,11:19:06,11.19,--,5,6132,买盘
2160,11:19:03,11.19,--,11,12309,买盘
2161,11:19:00,11.19,--,3,3357,买盘
2162,11:18:57,11.19,--,91,101829,买盘
2163,11:18:54,11.19,0.01,2,2238,买盘
2164,11:18:45,11.18,-0.01,3,3354,卖盘
2165,11:18:42,11.19,0.01,4,4476,买盘
2166,11:18:39,11.18,--,12,13416,卖盘
2167,11:18:36,11.18,-0.01,1,1118,卖盘
2168,11:18:30,11.19,0.01,28,31332,买盘
2169,11:18:27,11.18,-0.01,4,4472,卖盘
2170,11:18:24,11.19,--,22,24618,买盘
2171,11:18:21,11.19,--,37,41403,买盘
2172,11:18:15,11.19,0.01,49,54831,买盘
2173,11:18:12,11.18,-0.01,80,89440,卖盘
2174,11:18:09,11.19,--,1,1119,买盘
2175,11:18:06,11.19,--,7,8370,买盘
2176,11:18:03,11.19,0.01,42,46998,买盘
2177,11:18:00,11.18,-0.01,20,22360,卖盘
2178,11:17:57,11.19,--,10,11190,买盘
2179,11:17:54,11.19,--,63,70497,买盘
2180,11:17:48,11.19,--,15,16785,买盘
2181,11:17:45,11.19,0.01,4,4476,买盘
2182,11:17:42,11.18,--,17,19006,卖盘
2183,11:17:39,11.18,-0.01,9,10062,卖盘
2184,11:17:33,11.19,0.01,5,5595,买盘
2185,11:17:27,11.18,-0.01,2,2236,卖盘
2186,11:17:24,11.19,--,36,40284,买盘
2187,11:17:21,11.19,--,3,3357,买盘
2188,11:17:18,11.19,0.01,61,68259,买盘
2189,11:17:15,11.18,-0.01,1,1118,卖盘
2190,11:17:12,11.19,--,32,35808,买盘
2191,11:17:09,11.19,--,5,5595,买盘
2192,11:17:06,11.19,--,1,1119,买盘
2193,11:17:03,11.19,--,5,6132,买盘
2194,11:17:00,11.19,--,68,76092,买盘
2195,11:16:57,11.19,--,123,137637,买盘
2196,11:16:54,11.19,--,7,7833,买盘
2197,11:16:48,11.19,0.01,22,24618,买盘
2198,11:16:45,11.18,-0.01,2,2236,卖盘
2199,11:16:42,11.19,0.01,4,4476,买盘
2200,11:16:39,11.18,-0.01,29,32422,卖盘
2201,11:16:36,11.19,0.01,4,4476,买盘
2202,11:16:33,11.18,-0.01,3,3354,卖盘
2203,11:16:27,11.19,--,30,33570,买盘
2204,11:16:24,11.19,--,10,11190,买盘
2205,11:16:21,11.19,--,16,17904,买盘
2206,11:16:15,11.19,0.01,61,68259,买盘
2207,11:16:12,11.18,--,93,103974,卖盘
2208,11:16:09,11.18,-0.01,111,124724,卖盘
2209,11:16:06,11.19,--,33,36927,买盘
2210,11:16:03,11.19,--,48,54249,买盘
2211,11:15:57,11.19,0.01,63,70497,买盘
2212,11:15:54,11.18,-0.01,15,16770,卖盘
2213,11:15:51,11.19,0.01,2,2238,买盘
2214,11:15:45,11.18,-0.01,11,12298,卖盘
2215,11:15:42,11.19,0.01,125,139875,买盘
2216,11:15:39,11.18,--,52,58136,卖盘
2217,11:15:33,11.18,--,6,6708,卖盘
2218,11:15:27,11.18,-0.01,36,40248,卖盘
2219,11:15:24,11.19,--,4,4476,买盘
2220,11:15:18,11.19,--,75,83925,买盘
2221,11:15:12,11.19,--,10,11190,买盘
2222,11:15:09,11.19,--,4,4476,买盘
2223,11:15:03,11.19,0.01,18,20142,买盘
2224,11:15:00,11.18,-0.01,8,9480,卖盘
2225,11:14:57,11.19,--,34,38046,买盘
2226,11:14:54,11.19,--,65,72735,买盘
2227,11:14:51,11.19,0.01,1,1119,买盘
2228,11:14:48,11.18,-0.01,140,156520,卖盘
2229,11:14:42,11.19,--,34,38046,买盘
2230,11:14:39,11.19,0.01,14,15666,买盘
2231,11:14:36,11.18,-0.01,65,72670,卖盘
2232,11:14:33,11.19,--,1,1119,买盘
2233,11:14:30,11.19,0.01,20,22380,买盘
2234,11:14:27,11.18,--,51,57018,卖盘
2235,11:14:24,11.18,-0.01,157,175526,卖盘
2236,11:14:21,11.19,--,33,36927,买盘
2237,11:14:18,11.19,--,3,3357,买盘
2238,11:14:15,11.19,0.01,38,42522,买盘
2239,11:14:12,11.18,-0.01,15,16770,卖盘
2240,11:14:09,11.19,0.01,12,13428,买盘
2241,11:14:06,11.18,-0.01,5,5590,卖盘
2242,11:14:03,11.19,0.01,68,76092,买盘
2243,11:14:00,11.18,--,43,48074,卖盘
2244,11:13:57,11.18,-0.01,22,25132,卖盘
2245,11:13:48,11.19,0.01,2,2238,买盘
2246,11:13:42,11.18,--,1,1118,卖盘
2247,11:13:39,11.18,-0.01,11,12298,卖盘
2248,11:13:36,11.19,--,17,19023,买盘
2249,11:13:27,11.19,--,5,5595,买盘
2250,11:13:18,11.19,--,72,80568,买盘
2251,11:13:15,11.19,0.01,101,113019,买盘
2252,11:13:12,11.18,-0.01,117,130806,卖盘
2253,11:13:09,11.19,--,2,2238,买盘
2254,11:13:06,11.19,--,51,57069,买盘
2255,11:13:03,11.19,--,641,717279,买盘
2256,11:12:57,11.19,0.01,73,82224,买盘
2257,11:12:54,11.18,-0.01,20,22360,卖盘
2258,11:12:45,11.19,--,2,2238,买盘
2259,11:12:42,11.19,0.01,5,5595,买盘
2260,11:12:39,11.18,--,8,8944,卖盘
2261,11:12:33,11.18,-0.01,24,26832,卖盘
2262,11:12:27,11.19,--,4,4476,买盘
2263,11:12:24,11.19,--,7,7833,买盘
2264,11:12:21,11.19,--,29,32451,买盘
2265,11:12:18,11.19,--,22,24618,买盘
2266,11:12:12,11.19,--,97,108543,买盘
2267,11:12:09,11.19,--,87,97353,买盘
2268,11:12:06,11.19,0.01,44,49236,买盘
2269,11:12:03,11.18,-0.01,54,60372,卖盘
2270,11:12:00,11.19,--,2,2238,买盘
2271,11:11:57,11.19,0.01,152,170088,买盘
2272,11:11:54,11.18,-0.01,4,5008,卖盘
2273,11:11:48,11.19,--,5,5595,买盘
2274,11:11:45,11.19,0.01,1,1119,买盘
2275,11:11:42,11.18,-0.01,1,1118,卖盘
2276,11:11:39,11.19,0.01,22,24618,买盘
2277,11:11:33,11.18,--,3,3354,卖盘
2278,11:11:30,11.18,--,2,2236,卖盘
2279,11:11:27,11.18,-0.01,131,146458,卖盘
2280,11:11:18,11.19,0.01,220,246180,买盘
2281,11:11:12,11.18,--,56,62608,卖盘
2282,11:11:09,11.18,-0.02,101,112918,卖盘
2283,11:11:06,11.2,--,104,116479,买盘
2284,11:11:03,11.2,--,2,2240,买盘
2285,11:11:00,11.2,0.02,7,7839,买盘
2286,11:10:57,11.18,-0.02,2,2236,卖盘
2287,11:10:54,11.2,0.01,75,84056,买盘
2288,11:10:51,11.19,--,36,40821,卖盘
2289,11:10:48,11.19,--,20,22380,卖盘
2290,11:10:45,11.19,-0.01,21,23499,卖盘
2291,11:10:42,11.2,0.02,114,127982,买盘
2292,11:10:39,11.18,-0.01,46,51651,卖盘
2293,11:10:36,11.19,--,70,78330,买盘
2294,11:10:33,11.19,--,3,3357,买盘
2295,11:10:30,11.19,0.01,66,73854,买盘
2296,11:10:27,11.18,-0.01,1,1118,卖盘
2297,11:10:21,11.19,--,214,239466,买盘
2298,11:10:18,11.19,--,61,68259,买盘
2299,11:10:15,11.19,--,43,48117,买盘
2300,11:10:12,11.19,--,4,4476,买盘
2301,11:10:09,11.19,--,34,38046,买盘
2302,11:10:06,11.19,--,9,10071,买盘
2303,11:10:03,11.19,--,9,10071,买盘
2304,11:10:00,11.19,--,29,32451,买盘
2305,11:09:57,11.19,0.01,54,60426,买盘
2306,11:09:54,11.18,--,1,1118,卖盘
2307,11:09:51,11.18,-0.01,9,10598,卖盘
2308,11:09:48,11.19,--,14,15666,买盘
2309,11:09:45,11.19,--,3,3357,买盘
2310,11:09:42,11.19,0.01,14,15666,买盘
2311,11:09:39,11.18,-0.01,8,8944,卖盘
2312,11:09:36,11.19,--,2,2238,买盘
2313,11:09:33,11.19,--,3,3357,买盘
2314,11:09:27,11.19,--,222,248418,买盘
2315,11:09:24,11.19,--,5,5595,买盘
2316,11:09:15,11.19,0.01,87,97353,买盘
2317,11:09:12,11.18,-0.01,67,74995,卖盘
2318,11:09:09,11.19,--,37,41403,买盘
2319,11:09:06,11.19,--,6,6714,买盘
2320,11:09:03,11.19,--,50,55950,买盘
2321,11:09:00,11.19,0.01,3,3357,买盘
2322,11:08:57,11.18,-0.01,7,7826,卖盘
2323,11:08:54,11.19,--,27,30213,买盘
2324,11:08:51,11.19,--,25,27975,买盘
2325,11:08:45,11.19,--,4,4476,买盘
2326,11:08:42,11.19,0.01,2,2238,买盘
2327,11:08:39,11.18,-0.01,9,10062,卖盘
2328,11:08:33,11.19,0.01,5,5595,买盘
2329,11:08:30,11.18,--,33,36894,卖盘
2330,11:08:27,11.18,-0.01,2,2236,卖盘
2331,11:08:24,11.19,0.01,37,41403,买盘
2332,11:08:21,11.18,-0.01,21,23478,卖盘
2333,11:08:18,11.19,0.01,33,36927,买盘
2334,11:08:12,11.18,--,425,475150,卖盘
2335,11:08:09,11.18,--,41,45927,卖盘
2336,11:08:03,11.18,-0.01,69,77142,卖盘
2337,11:08:00,11.19,0.01,5,5595,买盘
2338,11:07:57,11.18,--,1,1118,卖盘
2339,11:07:54,11.18,-0.01,158,176644,卖盘
2340,11:07:51,11.19,0.01,42,46998,买盘
2341,11:07:45,11.18,--,38,42484,卖盘
2342,11:07:42,11.18,-0.01,5,5590,卖盘
2343,11:07:39,11.19,--,55,61545,买盘
2344,11:07:36,11.19,0.01,3,3357,买盘
2345,11:07:33,11.18,-0.01,2,2236,卖盘
2346,11:07:30,11.19,--,1,1119,买盘
2347,11:07:27,11.19,--,2,2238,买盘
2348,11:07:24,11.19,--,2,2238,买盘
2349,11:07:15,11.19,0.01,64,71616,买盘
2350,11:07:12,11.18,-0.01,27,30186,卖盘
2351,11:07:09,11.19,--,4,4565,买盘
2352,11:07:06,11.19,0.01,35,39165,买盘
2353,11:07:03,11.18,--,43,48074,卖盘
2354,11:07:00,11.18,-0.01,64,71552,卖盘
2355,11:06:57,11.19,--,36,40284,买盘
2356,11:06:51,11.19,0.01,2,2238,买盘
2357,11:06:48,11.18,--,100,111800,卖盘
2358,11:06:45,11.18,--,1,1118,卖盘
2359,11:06:42,11.18,-0.01,2,2236,卖盘
2360,11:06:39,11.19,0.01,13,14547,买盘
2361,11:06:33,11.18,-0.01,138,154284,卖盘
2362,11:06:30,11.19,--,2,2238,买盘
2363,11:06:27,11.19,0.01,8,8952,买盘
2364,11:06:24,11.18,-0.01,177,197886,卖盘
2365,11:06:18,11.19,--,5,5595,买盘
2366,11:06:15,11.19,0.01,43,48117,买盘
2367,11:06:12,11.18,--,46,51428,卖盘
2368,11:06:09,11.18,--,69,77142,卖盘
2369,11:06:06,11.18,--,37,41455,卖盘
2370,11:06:03,11.18,--,1,1118,卖盘
2371,11:06:00,11.18,-0.01,200,223600,卖盘
2372,11:05:57,11.19,0.01,66,73854,买盘
2373,11:05:54,11.18,-0.01,8,8944,卖盘
2374,11:05:51,11.19,--,40,44760,买盘
2375,11:05:45,11.19,0.01,2,2238,买盘
2376,11:05:42,11.18,-0.01,1,1118,卖盘
2377,11:05:39,11.19,0.01,19,21261,买盘
2378,11:05:33,11.18,--,3,3354,卖盘
2379,11:05:30,11.18,-0.01,40,44720,卖盘
2380,11:05:27,11.19,--,5,5595,买盘
2381,11:05:24,11.19,--,60,67140,买盘
2382,11:05:18,11.19,--,2,2238,买盘
2383,11:05:15,11.19,0.02,18,20142,买盘
2384,11:05:12,11.17,-0.01,2,2234,卖盘
2385,11:05:09,11.18,-0.01,51,57610,卖盘
2386,11:05:06,11.19,--,10,11279,买盘
2387,11:05:03,11.19,--,51,57069,买盘
2388,11:05:00,11.19,--,33,36927,买盘
2389,11:04:57,11.19,0.01,63,70497,买盘
2390,11:04:54,11.18,-0.01,1,1118,卖盘
2391,11:04:51,11.19,--,22,24618,买盘
2392,11:04:42,11.19,0.01,8,8952,买盘
2393,11:04:39,11.18,-0.01,49,54782,卖盘
2394,11:04:36,11.19,--,51,57069,买盘
2395,11:04:33,11.19,--,7,7833,卖盘
2396,11:04:27,11.19,--,5,5595,卖盘
2397,11:04:24,11.19,--,113,126447,卖盘
2398,11:04:18,11.19,--,117,130923,买盘
2399,11:04:15,11.19,--,17,19023,买盘
2400,11:04:12,11.19,-0.01,101,113019,中性盘
2401,11:04:09,11.2,0.02,146,163520,买盘
2402,11:04:06,11.18,-0.02,3,3443,卖盘
2403,11:04:03,11.2,--,34,38080,买盘
2404,11:04:00,11.2,0.02,27,30239,买盘
2405,11:03:57,11.18,--,6,6708,卖盘
2406,11:03:51,11.18,-0.02,112,125216,卖盘
2407,11:03:48,11.2,0.02,45,50400,买盘
2408,11:03:42,11.18,--,1,1118,卖盘
2409,11:03:39,11.18,-0.02,27,30186,卖盘
2410,11:03:36,11.2,0.01,75,84000,买盘
2411,11:03:33,11.19,0.01,21,23499,买盘
2412,11:03:30,11.18,-0.01,27,30186,卖盘
2413,11:03:27,11.19,-0.01,583,652377,卖盘
2414,11:03:21,11.2,0.01,9,10080,买盘
2415,11:03:15,11.19,--,29,32451,卖盘
2416,11:03:12,11.19,--,29,32451,买盘
2417,11:03:09,11.19,-0.01,90,101739,卖盘
2418,11:03:06,11.2,0.01,1,1120,买盘
2419,11:03:03,11.19,--,43,48206,卖盘
2420,11:02:57,11.19,0.01,2,2238,卖盘
2421,11:02:54,11.18,-0.01,120,134160,卖盘
2422,11:02:48,11.19,--,13,14547,卖盘
2423,11:02:45,11.19,-0.01,1,1119,卖盘
2424,11:02:42,11.2,0.01,35,39200,买盘
2425,11:02:39,11.19,--,2,2238,卖盘
2426,11:02:36,11.19,--,19,21261,卖盘
2427,11:02:33,11.19,-0.01,31,34689,卖盘
2428,11:02:30,11.2,--,2,2240,买盘
2429,11:02:27,11.2,0.01,45,50400,买盘
2430,11:02:24,11.19,--,3,3357,卖盘
2431,11:02:21,11.19,-0.01,5,5595,卖盘
2432,11:02:18,11.2,0.01,2,2240,买盘
2433,11:02:12,11.19,0.01,14,15666,买盘
2434,11:02:09,11.18,-0.02,4,4472,卖盘
2435,11:02:06,11.2,0.02,19,21280,买盘
2436,11:02:03,11.18,--,4,4561,卖盘
2437,11:02:00,11.18,--,59,65962,卖盘
2438,11:01:57,11.18,-0.01,63,70434,卖盘
2439,11:01:54,11.19,--,104,116376,买盘
2440,11:01:51,11.19,--,8,8952,买盘
2441,11:01:48,11.19,0.01,10,11190,买盘
2442,11:01:45,11.18,-0.01,16,17888,卖盘
2443,11:01:42,11.19,0.01,3,3357,买盘
2444,11:01:39,11.18,--,1,1118,卖盘
2445,11:01:36,11.18,-0.01,103,115154,卖盘
2446,11:01:33,11.19,--,104,116376,买盘
2447,11:01:30,11.19,--,105,117495,买盘
2448,11:01:27,11.19,-0.01,12,13428,卖盘
2449,11:01:24,11.2,0.01,9,10080,买盘
2450,11:01:21,11.19,--,2,3267,卖盘
2451,11:01:18,11.19,--,3,3357,卖盘
2452,11:01:15,11.19,--,8,8952,卖盘
2453,11:01:12,11.19,--,44,49236,卖盘
2454,11:01:09,11.19,--,59,66021,卖盘
2455,11:01:06,11.19,-0.01,48,53712,卖盘
2456,11:01:03,11.2,0.02,20,22489,买盘
2457,11:01:00,11.18,-0.01,45,50310,卖盘
2458,11:00:57,11.19,--,63,70497,买盘
2459,11:00:54,11.19,0.01,19,21261,买盘
2460,11:00:51,11.18,--,19,21242,卖盘
2461,11:00:48,11.18,-0.02,60,67080,卖盘
2462,11:00:45,11.2,--,12,13440,买盘
2463,11:00:42,11.2,0.01,2,2240,买盘
2464,11:00:39,11.19,--,4,4476,卖盘
2465,11:00:36,11.19,0.01,34,38046,卖盘
2466,11:00:33,11.18,--,1,1118,卖盘
2467,11:00:30,11.18,--,18,20124,卖盘
2468,11:00:27,11.18,-0.01,38,42484,卖盘
2469,11:00:24,11.19,--,20,22380,卖盘
2470,11:00:21,11.19,-0.01,14,15666,卖盘
2471,11:00:18,11.2,0.01,29,32479,买盘
2472,11:00:15,11.19,--,20,22380,卖盘
2473,11:00:12,11.19,-0.01,31,34689,卖盘
2474,11:00:09,11.2,--,29,32479,买盘
2475,11:00:06,11.2,-0.01,69,77280,卖盘
2476,11:00:03,11.21,0.01,17,19057,买盘
2477,11:00:00,11.2,-0.01,6,6809,卖盘
2478,10:59:57,11.21,--,45,50445,买盘
2479,10:59:54,11.21,0.01,62,69502,买盘
2480,10:59:51,11.2,--,56,62719,卖盘
2481,10:59:48,11.2,--,1,1120,卖盘
2482,10:59:45,11.2,-0.01,48,53760,卖盘
2483,10:59:42,11.21,0.01,17,19057,买盘
2484,10:59:36,11.2,--,49,54880,卖盘
2485,10:59:33,11.2,--,1,1120,卖盘
2486,10:59:30,11.2,--,19,21280,卖盘
2487,10:59:27,11.2,-0.01,6,6720,卖盘
2488,10:59:24,11.21,0.01,43,48203,买盘
2489,10:59:21,11.2,--,55,61599,买盘
2490,10:59:18,11.2,0.01,57,63839,买盘
2491,10:59:15,11.19,--,18,20142,卖盘
2492,10:59:12,11.19,-0.01,5,5595,卖盘
2493,10:59:09,11.2,0.01,1,1120,买盘
2494,10:59:06,11.19,-0.01,2,2238,卖盘
2495,10:59:03,11.2,--,98,109760,买盘
2496,10:59:00,11.2,0.01,66,73920,买盘
2497,10:58:57,11.19,-0.01,34,38135,卖盘
2498,10:58:51,11.2,0.01,40,44800,买盘
2499,10:58:48,11.19,--,37,41403,卖盘
2500,10:58:42,11.19,-0.01,1,1119,卖盘
2501,10:58:39,11.2,0.01,4,4480,买盘
2502,10:58:36,11.19,--,3,3357,卖盘
2503,10:58:33,11.19,0.01,12,13428,买盘
2504,10:58:30,11.18,-0.02,100,111800,卖盘
2505,10:58:24,11.2,--,14,15679,卖盘
2506,10:58:21,11.2,-0.01,18,20160,卖盘
2507,10:58:18,11.21,0.01,22,24662,买盘
2508,10:58:15,11.2,--,11,12320,卖盘
2509,10:58:12,11.2,--,83,92960,买盘
2510,10:58:09,11.2,-0.01,17,19980,卖盘
2511,10:58:06,11.21,--,14,15694,买盘
2512,10:58:03,11.21,--,17,19057,买盘
2513,10:58:00,11.21,0.01,26,29146,买盘
2514,10:57:57,11.2,-0.01,23,25849,卖盘
2515,10:57:54,11.21,--,41,45961,买盘
2516,10:57:51,11.21,0.01,14,15694,买盘
2517,10:57:45,11.2,-0.01,21,23520,卖盘
2518,10:57:42,11.21,0.01,190,212990,买盘
2519,10:57:39,11.2,--,2,2240,卖盘
2520,10:57:36,11.2,--,37,41440,卖盘
2521,10:57:33,11.2,--,17,19040,卖盘
2522,10:57:30,11.2,-0.01,55,61599,卖盘
2523,10:57:27,11.21,0.01,90,100890,买盘
2524,10:57:24,11.2,--,18,20160,卖盘
2525,10:57:21,11.2,-0.01,97,108640,卖盘
2526,10:57:18,11.21,0.01,29,32509,买盘
2527,10:57:15,11.2,-0.01,107,119839,卖盘
2528,10:57:12,11.21,0.03,166,186175,买盘
2529,10:57:09,11.18,-0.02,3,3354,卖盘
2530,10:57:06,11.2,--,156,174720,买盘
2531,10:57:03,11.2,0.02,24,26880,买盘
2532,10:57:00,11.18,-0.01,37,41366,卖盘
2533,10:56:57,11.19,--,27,30213,卖盘
2534,10:56:54,11.19,--,41,45879,中性盘
2535,10:56:51,11.19,0.01,12,13428,买盘
2536,10:56:48,11.18,--,3,3354,卖盘
2537,10:56:45,11.18,-0.02,29,32422,卖盘
2538,10:56:42,11.2,0.01,332,371840,买盘
2539,10:56:39,11.19,-0.01,17,19023,卖盘
2540,10:56:36,11.2,--,11,12320,买盘
2541,10:56:33,11.2,--,21,23520,买盘
2542,10:56:30,11.2,0.01,67,75040,买盘
2543,10:56:27,11.19,--,38,42522,卖盘
2544,10:56:24,11.19,-0.01,5,5595,卖盘
2545,10:56:21,11.2,0.01,16,17920,买盘
2546,10:56:18,11.19,-0.01,4,4476,卖盘
2547,10:56:15,11.2,0.01,2,2240,买盘
2548,10:56:09,11.19,--,2,2238,卖盘
2549,10:56:06,11.19,-0.01,5,5595,卖盘
2550,10:56:03,11.2,0.01,298,333760,买盘
2551,10:56:00,11.19,--,154,172672,买盘
2552,10:55:57,11.19,0.01,41,45879,买盘
2553,10:55:54,11.18,--,3,3354,卖盘
2554,10:55:51,11.18,-0.01,36,40337,卖盘
2555,10:55:48,11.19,0.01,126,140994,买盘
2556,10:55:45,11.18,--,21,23478,卖盘
2557,10:55:42,11.18,--,79,88322,卖盘
2558,10:55:39,11.18,-0.01,2,2236,卖盘
2559,10:55:36,11.19,--,48,53712,买盘
2560,10:55:30,11.19,0.01,91,101829,买盘
2561,10:55:27,11.18,--,56,62608,卖盘
2562,10:55:24,11.18,-0.01,15,16770,卖盘
2563,10:55:21,11.19,--,649,726812,买盘
2564,10:55:15,11.19,--,2,2238,买盘
2565,10:55:12,11.19,0.01,75,83925,买盘
2566,10:55:09,11.18,--,60,67080,卖盘
2567,10:55:06,11.18,--,23,25714,卖盘
2568,10:55:03,11.18,--,79,88322,卖盘
2569,10:55:00,11.18,-0.01,61,68198,卖盘
2570,10:54:57,11.19,0.01,21,23499,买盘
2571,10:54:54,11.18,-0.01,4,4472,卖盘
2572,10:54:51,11.19,--,55,61634,买盘
2573,10:54:48,11.19,--,34,38046,买盘
2574,10:54:42,11.19,0.01,9,10071,买盘
2575,10:54:39,11.18,-0.01,2,2236,卖盘
2576,10:54:36,11.19,0.01,1,1119,买盘
2577,10:54:33,11.18,--,5,5590,卖盘
2578,10:54:30,11.18,--,1,1118,卖盘
2579,10:54:27,11.18,--,500,559000,卖盘
2580,10:54:24,11.18,-0.01,22,24596,卖盘
2581,10:54:21,11.19,-0.01,2,2238,中性盘
2582,10:54:18,11.2,0.02,17,19040,买盘
2583,10:54:15,11.18,-0.01,244,272792,卖盘
2584,10:54:12,11.19,--,20,23319,卖盘
2585,10:54:09,11.19,-0.01,16,17904,卖盘
2586,10:54:06,11.2,--,10,11200,买盘
2587,10:54:03,11.2,0.01,2,2240,买盘
2588,10:54:00,11.19,-0.01,99,110781,卖盘
2589,10:53:57,11.2,0.01,40,44800,买盘
2590,10:53:54,11.19,--,22,24618,卖盘
2591,10:53:51,11.19,-0.02,59,66110,卖盘
2592,10:53:48,11.21,0.02,44,49324,买盘
2593,10:53:45,11.19,-0.02,25,27975,卖盘
2594,10:53:42,11.21,0.02,73,81833,买盘
2595,10:53:39,11.19,-0.02,27,30213,卖盘
2596,10:53:36,11.21,0.01,34,38114,买盘
2597,10:53:33,11.2,--,24,26880,卖盘
2598,10:53:30,11.2,-0.01,3,3360,卖盘
2599,10:53:27,11.21,0.01,63,70623,买盘
2600,10:53:24,11.2,-0.01,12,13440,卖盘
2601,10:53:21,11.21,0.01,11,12331,买盘
2602,10:53:18,11.2,0.01,27,30239,买盘
2603,10:53:15,11.19,--,343,383817,卖盘
2604,10:53:12,11.19,--,79,88401,卖盘
2605,10:53:09,11.19,-0.01,22,24618,卖盘
2606,10:53:06,11.2,0.01,1,1120,买盘
2607,10:53:03,11.19,-0.01,29,32451,卖盘
2608,10:53:00,11.2,--,64,71680,买盘
2609,10:52:57,11.2,0.01,69,77280,买盘
2610,10:52:54,11.19,--,71,79449,卖盘
2611,10:52:51,11.19,--,103,115346,卖盘
2612,10:52:48,11.19,-0.01,2,2238,卖盘
2613,10:52:45,11.2,0.01,8,8960,买盘
2614,10:52:42,11.19,--,63,70497,卖盘
2615,10:52:39,11.19,--,4,4476,卖盘
2616,10:52:36,11.19,--,33,36927,卖盘
2617,10:52:33,11.19,-0.01,21,23499,卖盘
2618,10:52:30,11.2,0.02,89,99680,买盘
2619,10:52:27,11.18,-0.01,1,1118,卖盘
2620,10:52:24,11.19,0.01,107,119822,买盘
2621,10:52:21,11.18,--,67,74906,买盘
2622,10:52:15,11.18,--,65,72670,买盘
2623,10:52:12,11.18,--,200,223600,买盘
2624,10:52:09,11.18,0.01,8,8944,买盘
2625,10:52:06,11.17,--,53,59201,卖盘
2626,10:52:03,11.17,-0.01,75,83775,卖盘
2627,10:52:00,11.18,--,11,12298,买盘
2628,10:51:57,11.18,0.02,23,25714,买盘
2629,10:51:54,11.16,-0.02,42,46872,卖盘
2630,10:51:51,11.18,0.02,80,89440,买盘
2631,10:51:48,11.16,-0.02,39,43613,卖盘
2632,10:51:45,11.18,--,50,55900,买盘
2633,10:51:42,11.18,0.01,275,307450,买盘
2634,10:51:39,11.17,--,1,1117,卖盘
2635,10:51:36,11.17,0.01,105,117285,中性盘
2636,10:51:33,11.16,-0.01,73,81468,卖盘
2637,10:51:30,11.17,--,73,81630,买盘
2638,10:51:27,11.17,--,14,15638,买盘
2639,10:51:24,11.17,--,11,12287,买盘
2640,10:51:21,11.17,--,15,17782,卖盘
2641,10:51:18,11.17,--,27,30159,卖盘
2642,10:51:15,11.17,-0.01,15,16755,卖盘
2643,10:51:12,11.18,0.01,358,400244,买盘
2644,10:51:09,11.17,-0.01,2,2234,卖盘
2645,10:51:06,11.18,--,1,1118,买盘
2646,10:51:03,11.18,--,68,76024,买盘
2647,10:51:00,11.18,--,61,68198,买盘
2648,10:50:57,11.18,0.01,92,102856,买盘
2649,10:50:54,11.17,--,32,35744,卖盘
2650,10:50:51,11.17,-0.01,102,113934,卖盘
2651,10:50:48,11.18,0.01,10,11180,买盘
2652,10:50:45,11.17,-0.01,536,598712,卖盘
2653,10:50:42,11.18,-0.01,44,49192,卖盘
2654,10:50:39,11.19,--,25,27975,卖盘
2655,10:50:36,11.19,--,29,32451,卖盘
2656,10:50:33,11.19,-0.01,5,5595,卖盘
2657,10:50:30,11.2,0.01,35,39200,买盘
2658,10:50:24,11.19,-0.01,41,45879,卖盘
2659,10:50:21,11.2,0.01,32,35840,买盘
2660,10:50:18,11.19,-0.01,11,12309,卖盘
2661,10:50:15,11.2,0.01,77,86240,买盘
2662,10:50:12,11.19,-0.01,8,8952,卖盘
2663,10:50:09,11.2,0.01,76,85120,买盘
2664,10:50:06,11.19,-0.01,34,38046,卖盘
2665,10:50:03,11.2,--,1,1120,买盘
2666,10:50:00,11.2,--,9,10080,买盘
2667,10:49:57,11.2,--,103,115359,买盘
2668,10:49:54,11.2,--,30,33600,买盘
2669,10:49:51,11.2,0.01,70,78400,买盘
2670,10:49:48,11.19,-0.01,40,44760,卖盘
2671,10:49:45,11.2,0.02,5,5689,买盘
2672,10:49:42,11.18,-0.01,65,72670,卖盘
2673,10:49:39,11.19,--,309,345771,买盘
2674,10:49:36,11.19,-0.01,15,16785,买盘
2675,10:49:33,11.2,0.01,36,40320,买盘
2676,10:49:30,11.19,--,33,36927,买盘
2677,10:49:27,11.19,--,31,34689,买盘
2678,10:49:24,11.19,--,437,489003,买盘
2679,10:49:18,11.19,--,37,41403,买盘
2680,10:49:15,11.19,--,88,98472,买盘
2681,10:49:12,11.19,0.01,42,46998,买盘
2682,10:49:09,11.18,--,13,14534,卖盘
2683,10:49:06,11.18,-0.01,198,222325,卖盘
2684,10:49:03,11.19,-0.01,73,81687,卖盘
2685,10:48:57,11.2,0.01,2,2240,买盘
2686,10:48:54,11.19,-0.01,2,2238,卖盘
2687,10:48:51,11.2,--,12,13440,买盘
2688,10:48:48,11.2,0.01,21,23520,买盘
2689,10:48:45,11.19,-0.01,3,3446,卖盘
2690,10:48:42,11.2,0.01,56,62719,买盘
2691,10:48:39,11.19,--,3,3357,卖盘
2692,10:48:33,11.19,-0.01,1153,1290207,卖盘
2693,10:48:30,11.2,-0.01,1,1120,卖盘
2694,10:48:27,11.21,0.01,1604,1799003,买盘
2695,10:48:24,11.2,-0.01,27,30239,卖盘
2696,10:48:21,11.21,--,2,2242,买盘
2697,10:48:18,11.21,0.01,3,3363,买盘
2698,10:48:15,11.2,--,12,13440,卖盘
2699,10:48:12,11.2,--,54,60479,卖盘
2700,10:48:09,11.2,-0.01,19,21280,卖盘
2701,10:48:06,11.21,--,2,2242,买盘
2702,10:48:03,11.21,--,2,2242,买盘
2703,10:47:57,11.21,0.01,76,85196,买盘
2704,10:47:54,11.2,-0.01,2,2240,卖盘
2705,10:47:51,11.21,0.01,28,31388,买盘
2706,10:47:48,11.2,-0.01,34,38080,卖盘
2707,10:47:45,11.21,0.01,36,40356,买盘
2708,10:47:42,11.2,--,32,35929,卖盘
2709,10:47:39,11.2,-0.01,17,19040,卖盘
2710,10:47:36,11.21,0.01,3,3363,买盘
2711,10:47:33,11.2,--,43,48160,卖盘
2712,10:47:30,11.2,-0.01,41,45920,卖盘
2713,10:47:27,11.21,--,63,70623,买盘
2714,10:47:24,11.21,--,1234,1384165,卖盘
2715,10:47:21,11.21,--,60,67260,卖盘
2716,10:47:18,11.21,-0.01,454,508934,卖盘
2717,10:47:12,11.22,0.01,66,74052,买盘
2718,10:47:09,11.21,-0.01,3,3363,卖盘
2719,10:47:06,11.22,0.01,46,51612,买盘
2720,10:47:03,11.21,-0.01,1,1121,卖盘
2721,10:47:00,11.22,0.01,12,13464,买盘
2722,10:46:57,11.21,-0.01,49,54929,卖盘
2723,10:46:54,11.22,--,15,16830,买盘
2724,10:46:51,11.22,--,4,4488,买盘
2725,10:46:48,11.22,0.01,19,21318,买盘
2726,10:46:42,11.21,--,68,76317,卖盘
2727,10:46:39,11.21,--,2,2242,卖盘
2728,10:46:33,11.21,-0.01,1,1121,卖盘
2729,10:46:30,11.22,0.01,52,58344,买盘
2730,10:46:27,11.21,-0.01,206,230926,卖盘
2731,10:46:24,11.22,--,16,17952,买盘
2732,10:46:21,11.22,--,360,403920,买盘
2733,10:46:18,11.22,--,3,3366,买盘
2734,10:46:15,11.22,--,12,13464,买盘
2735,10:46:12,11.22,0.01,6,6732,买盘
2736,10:46:09,11.21,-0.01,20,22420,卖盘
2737,10:46:06,11.22,--,4,4488,买盘
2738,10:46:03,11.22,--,325,364650,买盘
2739,10:46:00,11.22,--,43,48246,买盘
2740,10:45:57,11.22,--,3,3366,买盘
2741,10:45:54,11.22,--,72,80784,买盘
2742,10:45:51,11.22,--,96,107712,买盘
2743,10:45:48,11.22,--,20,22440,买盘
2744,10:45:45,11.22,-0.01,95,107083,卖盘
2745,10:45:42,11.23,0.01,19,21337,买盘
2746,10:45:39,11.22,--,71,79751,卖盘
2747,10:45:36,11.22,-0.01,4,4488,卖盘
2748,10:45:33,11.23,0.01,19,21337,买盘
2749,10:45:30,11.22,--,21,23562,卖盘
2750,10:45:27,11.22,-0.01,48,53856,卖盘
2751,10:45:24,11.23,--,63,70749,买盘
2752,10:45:21,11.23,0.01,4,4492,买盘
2753,10:45:15,11.22,-0.01,20,22440,卖盘
2754,10:45:12,11.23,0.01,106,119038,买盘
2755,10:45:09,11.22,-0.01,129,144738,卖盘
2756,10:45:03,11.23,0.01,5,5615,买盘
2757,10:45:00,11.22,-0.01,25,28050,卖盘
2758,10:44:57,11.23,--,1,1123,买盘
2759,10:44:54,11.23,--,3,3369,买盘
2760,10:44:51,11.23,0.01,53,59519,买盘
2761,10:44:48,11.22,--,200,224400,卖盘
2762,10:44:45,11.22,-0.01,12,13464,卖盘
2763,10:44:42,11.23,0.01,21,23583,买盘
2764,10:44:39,11.22,-0.01,25,28139,卖盘
2765,10:44:36,11.23,--,134,150482,买盘
2766,10:44:27,11.23,0.01,15,16845,买盘
2767,10:44:24,11.22,-0.01,2,2244,卖盘
2768,10:44:21,11.23,--,17,19091,买盘
2769,10:44:18,11.23,--,61,68503,买盘
2770,10:44:15,11.23,0.01,2,2246,买盘
2771,10:44:12,11.22,--,1,1122,卖盘
2772,10:44:09,11.22,0.01,139,156406,买盘
2773,10:44:06,11.21,-0.01,3,3363,卖盘
2774,10:44:03,11.22,--,20,22440,买盘
2775,10:43:57,11.22,--,29,32538,买盘
2776,10:43:54,11.22,--,5,5610,买盘
2777,10:43:51,11.22,--,20,22440,买盘
2778,10:43:45,11.22,--,11,12342,买盘
2779,10:43:42,11.22,0.01,22,24684,买盘
2780,10:43:39,11.21,-0.01,4,4573,卖盘
2781,10:43:36,11.22,--,57,63954,买盘
2782,10:43:33,11.22,--,32,35904,买盘
2783,10:43:30,11.22,--,10,11220,买盘
2784,10:43:27,11.22,--,7,7854,买盘
2785,10:43:24,11.22,--,44,49368,买盘
2786,10:43:21,11.22,0.01,65,72930,买盘
2787,10:43:18,11.21,-0.01,45,50445,卖盘
2788,10:43:15,11.22,0.01,7,7854,买盘
2789,10:43:12,11.21,-0.01,3,3363,卖盘
2790,10:43:09,11.22,--,76,85272,买盘
2791,10:43:06,11.22,--,3,3366,买盘
2792,10:43:03,11.22,--,1,1122,买盘
2793,10:43:00,11.22,0.01,2,2244,买盘
2794,10:42:57,11.21,-0.01,56,62776,卖盘
2795,10:42:54,11.22,--,4,4488,买盘
2796,10:42:51,11.22,--,17,19074,买盘
2797,10:42:48,11.22,--,2,2244,买盘
2798,10:42:42,11.22,0.01,20,22440,买盘
2799,10:42:39,11.21,--,4,4484,卖盘
2800,10:42:36,11.21,0.01,185,207564,买盘
2801,10:42:33,11.2,-0.01,2,2240,卖盘
2802,10:42:30,11.21,--,28,31388,买盘
2803,10:42:27,11.21,--,32,35872,买盘
2804,10:42:24,11.21,--,117,131157,买盘
2805,10:42:21,11.21,0.01,2,2242,买盘
2806,10:42:18,11.2,-0.01,154,172480,卖盘
2807,10:42:15,11.21,--,163,182723,买盘
2808,10:42:12,11.21,--,2,2242,买盘
2809,10:42:09,11.21,--,20,22420,买盘
2810,10:42:06,11.21,--,1,1121,买盘
2811,10:42:03,11.21,--,4,4484,买盘
2812,10:42:00,11.21,--,27,30267,买盘
2813,10:41:57,11.21,0.01,17,19057,买盘
2814,10:41:54,11.2,-0.01,11,12320,卖盘
2815,10:41:51,11.21,0.01,1,1121,买盘
2816,10:41:48,11.2,-0.01,23,25760,卖盘
2817,10:41:45,11.21,--,84,94164,买盘
2818,10:41:42,11.21,--,222,249893,卖盘
2819,10:41:39,11.21,--,111,124431,卖盘
2820,10:41:36,11.21,--,118,132367,卖盘
2821,10:41:33,11.21,-0.01,152,170392,卖盘
2822,10:41:30,11.22,--,53,59466,买盘
2823,10:41:27,11.22,0.01,3,3366,买盘
2824,10:41:24,11.21,--,21,23541,卖盘
2825,10:41:21,11.21,--,115,128915,买盘
2826,10:41:18,11.21,--,8,8968,买盘
2827,10:41:15,11.21,--,35,39235,买盘
