,time,price,change,volume,amount,type
0,15:00:03,7.85,0.01,3784,2970440,买盘
1,14:57:00,7.84,-0.01,12,9408,卖盘
2,14:56:57,7.85,0.01,199,156215,买盘
3,14:56:54,7.84,-0.01,92,72520,卖盘
4,14:56:51,7.85,--,129,101265,买盘
5,14:56:48,7.85,0.01,21,16485,买盘
6,14:56:45,7.84,--,44,34496,卖盘
7,14:56:42,7.84,--,47,36848,卖盘
8,14:56:39,7.84,--,70,54880,卖盘
9,14:56:36,7.84,-0.01,136,106624,卖盘
10,14:56:33,7.85,--,243,190755,买盘
11,14:56:30,7.85,0.01,536,420760,买盘
12,14:56:27,7.84,--,6,4704,卖盘
13,14:56:24,7.84,--,252,197568,卖盘
14,14:56:21,7.84,--,120,94080,卖盘
15,14:56:18,7.84,--,54,42336,卖盘
16,14:56:15,7.84,--,84,65856,卖盘
17,14:56:12,7.84,--,12,9408,卖盘
18,14:56:09,7.84,-0.01,23,18032,卖盘
19,14:56:06,7.85,0.01,101,79285,买盘
20,14:56:03,7.84,-0.01,124,97216,卖盘
21,14:56:00,7.85,0.01,175,137375,买盘
22,14:55:57,7.84,--,75,58800,卖盘
23,14:55:54,7.84,--,113,88592,卖盘
24,14:55:51,7.84,--,135,105840,卖盘
25,14:55:45,7.84,-0.01,21,16464,卖盘
26,14:55:42,7.85,--,35,27475,买盘
27,14:55:39,7.85,--,187,146795,买盘
28,14:55:36,7.85,0.01,2,1570,买盘
29,14:55:33,7.84,--,1,784,卖盘
30,14:55:30,7.84,-0.01,41,32144,卖盘
31,14:55:27,7.85,--,99,77715,买盘
32,14:55:21,7.85,0.01,46,36110,买盘
33,14:55:18,7.84,--,659,516656,买盘
34,14:55:15,7.84,--,133,104272,卖盘
35,14:55:12,7.84,--,50,39200,卖盘
36,14:55:09,7.84,--,86,67424,卖盘
37,14:55:06,7.84,-0.01,54,42336,卖盘
38,14:55:03,7.85,0.01,188,148153,买盘
39,14:55:00,7.84,--,50,39200,买盘
40,14:54:54,7.84,0.01,179,140336,买盘
41,14:54:51,7.83,-0.01,12,9396,卖盘
42,14:54:48,7.84,0.01,13,10192,买盘
43,14:54:45,7.83,--,12,9396,卖盘
44,14:54:42,7.83,-0.02,18,14094,卖盘
45,14:54:39,7.85,0.02,285,223725,买盘
46,14:54:36,7.83,-0.01,1,783,卖盘
47,14:54:33,7.84,--,294,230848,卖盘
48,14:54:30,7.84,-0.01,22,17248,卖盘
49,14:54:27,7.85,0.01,13,10205,买盘
50,14:54:24,7.84,-0.01,18,14112,卖盘
51,14:54:21,7.85,0.01,58,45741,买盘
52,14:54:18,7.84,--,357,279888,卖盘
53,14:54:15,7.84,-0.01,4,3614,卖盘
54,14:54:12,7.85,0.01,134,105190,买盘
55,14:54:09,7.84,--,69,54621,卖盘
56,14:54:06,7.84,--,76,59584,卖盘
57,14:54:03,7.84,--,155,121520,卖盘
58,14:54:00,7.84,--,181,141904,卖盘
59,14:53:54,7.84,--,12,9408,卖盘
60,14:53:51,7.84,-0.01,73,57232,卖盘
61,14:53:48,7.85,0.01,9,7065,买盘
62,14:53:45,7.84,--,333,261072,卖盘
63,14:53:42,7.84,--,119,93296,卖盘
64,14:53:39,7.84,--,8,6272,卖盘
65,14:53:36,7.84,--,118,92512,卖盘
66,14:53:33,7.84,--,278,217952,卖盘
67,14:53:30,7.84,--,15,11760,卖盘
68,14:53:27,7.84,--,7,5488,卖盘
69,14:53:24,7.84,--,2,1568,卖盘
70,14:53:21,7.84,--,7,5488,卖盘
71,14:53:18,7.84,--,45,35280,卖盘
72,14:53:15,7.84,--,81,63504,卖盘
73,14:53:12,7.84,--,17,13328,买盘
74,14:53:09,7.84,--,142,111328,卖盘
75,14:53:06,7.84,--,11,8624,卖盘
76,14:53:03,7.84,--,134,105056,卖盘
77,14:53:00,7.84,--,151,118384,卖盘
78,14:52:57,7.84,--,5,3920,卖盘
79,14:52:54,7.84,--,111,87024,卖盘
80,14:52:51,7.84,--,154,120736,卖盘
81,14:52:48,7.84,--,28,21952,卖盘
82,14:52:45,7.84,0.01,1,784,中性盘
83,14:52:42,7.83,--,273,213759,卖盘
84,14:52:39,7.83,-0.01,122,95526,卖盘
85,14:52:33,7.84,0.01,3,2352,中性盘
86,14:52:30,7.83,-0.01,142,111186,卖盘
87,14:52:27,7.84,--,76,59584,卖盘
88,14:52:24,7.84,--,12,9408,卖盘
89,14:52:21,7.84,0.01,79,61936,买盘
90,14:52:18,7.83,--,1,783,卖盘
91,14:52:15,7.83,-0.01,72,56376,卖盘
92,14:52:12,7.84,--,236,185024,买盘
93,14:52:09,7.84,0.01,53,41552,买盘
94,14:52:06,7.83,--,119,93177,卖盘
95,14:52:03,7.83,--,50,39150,卖盘
96,14:52:00,7.83,--,1,783,卖盘
97,14:51:57,7.83,--,3,2349,卖盘
98,14:51:54,7.83,--,29,22707,卖盘
99,14:51:51,7.83,--,2,1566,卖盘
100,14:51:48,7.83,--,18,14094,卖盘
101,14:51:45,7.83,--,90,70470,卖盘
102,14:51:42,7.83,--,5,3915,卖盘
103,14:51:39,7.83,--,119,93177,卖盘
104,14:51:36,7.83,-0.02,26,20358,卖盘
105,14:51:33,7.85,0.02,102,80070,买盘
106,14:51:30,7.83,--,144,112752,卖盘
107,14:51:24,7.83,-0.02,12,9396,卖盘
108,14:51:21,7.85,0.02,20,15700,买盘
109,14:51:18,7.83,--,77,60291,卖盘
110,14:51:15,7.83,--,24,18792,卖盘
111,14:51:12,7.83,-0.01,537,420752,卖盘
112,14:51:09,7.84,--,34,27157,卖盘
113,14:51:06,7.84,--,205,160720,卖盘
114,14:51:03,7.84,-0.01,183,143472,卖盘
115,14:51:00,7.85,0.01,124,97340,买盘
116,14:50:57,7.84,--,72,56448,卖盘
117,14:50:51,7.84,--,216,169344,卖盘
118,14:50:48,7.84,--,115,90277,卖盘
119,14:50:45,7.84,--,112,87808,卖盘
120,14:50:42,7.84,-0.01,498,390432,卖盘
121,14:50:39,7.85,0.01,4,3493,买盘
122,14:50:36,7.84,--,228,178752,卖盘
123,14:50:33,7.84,--,56,43904,卖盘
124,14:50:30,7.84,--,84,65856,卖盘
125,14:50:27,7.84,--,25,19600,卖盘
126,14:50:24,7.84,--,1,784,卖盘
127,14:50:21,7.84,0.01,175,137795,买盘
128,14:50:18,7.83,-0.01,172,134863,卖盘
129,14:50:15,7.84,--,161,126224,卖盘
130,14:50:12,7.84,--,0,470,卖盘
131,14:50:09,7.84,--,229,179536,卖盘
132,14:50:06,7.84,--,39,30576,卖盘
133,14:50:03,7.84,--,42,32928,卖盘
134,14:50:00,7.84,--,18,14112,卖盘
135,14:49:57,7.84,--,61,47824,卖盘
136,14:49:54,7.84,--,174,136541,买盘
137,14:49:51,7.84,0.01,67,52528,买盘
138,14:49:48,7.83,--,1,783,卖盘
139,14:49:45,7.83,--,161,126063,卖盘
140,14:49:42,7.83,-0.01,231,180873,卖盘
141,14:49:36,7.84,-0.01,325,255576,卖盘
142,14:49:33,7.85,0.01,172,135020,买盘
143,14:49:30,7.84,-0.01,2,1568,卖盘
144,14:49:27,7.85,0.01,19,14915,买盘
145,14:49:24,7.84,--,269,210896,卖盘
146,14:49:21,7.84,--,3,2352,卖盘
147,14:49:18,7.84,--,55,43120,卖盘
148,14:49:15,7.84,--,185,145040,卖盘
149,14:49:12,7.84,--,100,78400,卖盘
150,14:49:09,7.84,--,118,92512,卖盘
151,14:49:06,7.84,--,101,79184,卖盘
152,14:49:03,7.84,--,3,2352,卖盘
153,14:49:00,7.84,--,71,55664,卖盘
154,14:48:57,7.84,--,68,53312,卖盘
155,14:48:54,7.84,--,433,339479,买盘
156,14:48:51,7.84,0.01,1441,1129744,买盘
157,14:48:48,7.83,--,87,68121,卖盘
158,14:48:42,7.83,--,6,4698,卖盘
159,14:48:39,7.83,--,201,157383,卖盘
160,14:48:36,7.83,--,117,91611,卖盘
161,14:48:33,7.83,--,2,1566,卖盘
162,14:48:30,7.83,-0.01,123,96309,卖盘
163,14:48:27,7.84,0.01,1148,900032,买盘
164,14:48:21,7.83,--,1,783,卖盘
165,14:48:18,7.83,--,120,93960,卖盘
166,14:48:15,7.83,--,151,118233,卖盘
167,14:48:12,7.83,--,10,7830,卖盘
168,14:48:09,7.83,--,45,35235,卖盘
169,14:48:06,7.83,--,330,258390,卖盘
170,14:48:03,7.83,--,23,18009,卖盘
171,14:48:00,7.83,--,63,49329,卖盘
172,14:47:57,7.83,--,4,3132,卖盘
173,14:47:54,7.83,-0.01,9,7047,卖盘
174,14:47:51,7.84,0.01,406,318304,买盘
175,14:47:48,7.83,--,84,65772,卖盘
176,14:47:45,7.83,--,2,1566,卖盘
177,14:47:42,7.83,-0.01,1,783,卖盘
178,14:47:39,7.84,--,130,101920,买盘
179,14:47:36,7.84,0.01,46,36064,买盘
180,14:47:33,7.83,--,63,49329,卖盘
181,14:47:30,7.83,--,5,3915,卖盘
182,14:47:27,7.83,--,409,320247,卖盘
183,14:47:24,7.83,-0.01,1,783,卖盘
184,14:47:21,7.84,0.01,100,78400,买盘
185,14:47:18,7.83,0.01,6,4698,卖盘
186,14:47:15,7.82,--,155,121210,卖盘
187,14:47:12,7.82,--,74,57868,卖盘
188,14:47:09,7.82,-0.01,0,7,卖盘
189,14:47:06,7.83,--,127,99441,卖盘
190,14:47:03,7.83,0.01,181,141723,买盘
191,14:47:00,7.82,--,7,5474,卖盘
192,14:46:57,7.82,-0.01,11,8602,卖盘
193,14:46:54,7.83,0.01,263,205929,买盘
194,14:46:51,7.82,--,71,55522,卖盘
195,14:46:48,7.82,-0.01,2,1564,卖盘
196,14:46:45,7.83,--,30,23490,卖盘
197,14:46:42,7.83,0.01,26,20358,买盘
198,14:46:39,7.82,-0.01,182,142324,卖盘
199,14:46:36,7.83,--,232,181656,买盘
200,14:46:33,7.83,0.01,59,46197,买盘
201,14:46:30,7.82,--,1,782,卖盘
202,14:46:27,7.82,--,98,76636,卖盘
203,14:46:24,7.82,-0.01,34,27213,卖盘
204,14:46:21,7.83,--,51,39933,买盘
205,14:46:18,7.83,--,12,9396,买盘
206,14:46:15,7.83,--,45,35235,卖盘
207,14:46:12,7.83,--,1,783,卖盘
208,14:46:09,7.83,0.01,212,165996,买盘
209,14:46:06,7.82,-0.01,211,165002,卖盘
210,14:46:03,7.83,--,1024,801792,卖盘
211,14:46:00,7.83,0.01,15,11745,买盘
212,14:45:57,7.82,-0.01,21,16422,卖盘
213,14:45:54,7.83,0.01,20,15660,中性盘
214,14:45:51,7.82,-0.01,37,28934,卖盘
215,14:45:48,7.83,--,522,409501,卖盘
216,14:45:45,7.83,--,37,28971,卖盘
217,14:45:42,7.83,-0.01,26,20358,卖盘
218,14:45:39,7.84,0.01,71,55664,买盘
219,14:45:36,7.83,--,37,28978,买盘
220,14:45:30,7.83,0.01,49,38367,买盘
221,14:45:27,7.82,--,84,65688,卖盘
222,14:45:24,7.82,--,3,2346,卖盘
223,14:45:21,7.82,-0.01,121,94622,卖盘
224,14:45:18,7.83,-0.01,96,75943,卖盘
225,14:45:15,7.84,--,579,453936,买盘
226,14:45:12,7.84,0.01,214,167776,买盘
227,14:45:09,7.83,--,86,67338,卖盘
228,14:45:06,7.83,--,71,55593,卖盘
229,14:45:03,7.83,--,735,575505,卖盘
230,14:45:00,7.83,--,30,23490,卖盘
231,14:44:57,7.83,--,1,783,卖盘
232,14:44:54,7.83,-0.01,24,18792,卖盘
233,14:44:51,7.84,0.01,19,14896,买盘
234,14:44:48,7.83,--,88,68904,卖盘
235,14:44:45,7.83,--,94,73602,卖盘
236,14:44:42,7.83,-0.01,4,3132,卖盘
237,14:44:39,7.84,0.01,9,7056,买盘
238,14:44:36,7.83,--,1,783,卖盘
239,14:44:33,7.83,-0.01,50,39150,卖盘
240,14:44:30,7.84,0.01,14,10976,买盘
241,14:44:27,7.83,--,119,93177,卖盘
242,14:44:21,7.83,--,37,28971,卖盘
243,14:44:18,7.83,-0.01,32,25056,卖盘
244,14:44:15,7.84,0.01,63,49392,买盘
245,14:44:12,7.83,-0.01,202,158166,卖盘
246,14:44:09,7.84,--,95,74487,买盘
247,14:44:06,7.84,0.01,30,23520,买盘
248,14:44:03,7.83,--,7,5481,卖盘
249,14:44:00,7.83,-0.01,32,25056,卖盘
250,14:43:57,7.84,0.01,70,54880,买盘
251,14:43:54,7.83,--,1,783,卖盘
252,14:43:51,7.83,--,25,19575,卖盘
253,14:43:48,7.83,--,116,90828,卖盘
254,14:43:45,7.83,--,64,50112,卖盘
255,14:43:42,7.83,--,1,783,卖盘
256,14:43:39,7.83,--,1,783,卖盘
257,14:43:36,7.83,--,11,8613,卖盘
258,14:43:33,7.83,--,11,8613,卖盘
259,14:43:30,7.83,--,115,90045,卖盘
260,14:43:27,7.83,-0.01,13,10179,卖盘
261,14:43:24,7.84,0.02,1010,791840,买盘
262,14:43:21,7.82,-0.01,66,51612,卖盘
263,14:43:18,7.83,--,107,83781,买盘
264,14:43:15,7.83,0.01,247,193401,买盘
265,14:43:12,7.82,-0.01,1,782,卖盘
266,14:43:09,7.83,0.01,42,32893,买盘
267,14:43:06,7.82,--,115,89930,卖盘
268,14:43:03,7.82,--,5,3910,卖盘
269,14:43:00,7.82,-0.01,1,782,卖盘
270,14:42:57,7.83,0.01,36,28188,买盘
271,14:42:54,7.82,--,791,618562,卖盘
272,14:42:51,7.82,-0.01,383,299506,卖盘
273,14:42:48,7.83,0.01,118,92394,买盘
274,14:42:45,7.82,-0.01,1,782,卖盘
275,14:42:42,7.83,--,4,3132,买盘
276,14:42:39,7.83,0.01,51,39933,买盘
277,14:42:33,7.82,-0.01,36,28152,卖盘
278,14:42:30,7.83,0.01,37,28971,买盘
279,14:42:27,7.82,--,70,54740,卖盘
280,14:42:24,7.82,-0.01,116,90712,卖盘
281,14:42:18,7.83,0.01,29,22707,买盘
282,14:42:15,7.82,-0.01,156,121992,卖盘
283,14:42:12,7.83,0.01,116,90828,买盘
284,14:42:09,7.82,--,127,99314,卖盘
285,14:42:06,7.82,--,468,365976,卖盘
286,14:42:00,7.82,0.01,251,196766,买盘
287,14:41:57,7.81,-0.01,63,49203,卖盘
288,14:41:54,7.82,0.01,2743,2145026,买盘
289,14:41:51,7.81,-0.01,176,137456,卖盘
290,14:41:48,7.82,0.01,8,6256,买盘
291,14:41:45,7.81,--,101,78881,卖盘
292,14:41:42,7.81,--,110,85910,卖盘
293,14:41:39,7.81,--,18,14058,卖盘
294,14:41:36,7.81,--,83,64823,卖盘
295,14:41:33,7.81,--,80,62480,卖盘
296,14:41:30,7.81,-0.01,26,20306,卖盘
297,14:41:27,7.82,--,341,266662,买盘
298,14:41:24,7.82,0.01,330,258060,买盘
299,14:41:21,7.81,--,1144,893464,卖盘
300,14:41:18,7.81,-0.01,632,493592,卖盘
301,14:41:15,7.82,--,163,127466,买盘
302,14:41:12,7.82,0.01,111,86802,买盘
303,14:41:09,7.81,--,1,781,卖盘
304,14:41:06,7.81,--,17,13277,卖盘
305,14:41:03,7.81,-0.01,71,55451,卖盘
306,14:41:00,7.82,0.01,151,118082,买盘
307,14:40:57,7.81,-0.01,44,34364,卖盘
308,14:40:54,7.82,--,1790,1399780,卖盘
309,14:40:51,7.82,--,85,66470,卖盘
310,14:40:45,7.82,--,6,4692,卖盘
311,14:40:42,7.82,--,21,16422,卖盘
312,14:40:39,7.82,--,76,59432,卖盘
313,14:40:36,7.82,--,94,73508,卖盘
314,14:40:33,7.82,-0.01,9,7038,卖盘
315,14:40:30,7.83,0.01,271,212193,买盘
316,14:40:27,7.82,--,151,118082,卖盘
317,14:40:24,7.82,-0.01,11,8602,卖盘
318,14:40:21,7.83,0.01,33,25839,买盘
319,14:40:18,7.82,--,5,3910,卖盘
320,14:40:15,7.82,-0.01,99,77418,卖盘
321,14:40:12,7.83,0.01,160,125280,买盘
322,14:40:09,7.82,--,7,5474,卖盘
323,14:40:06,7.82,-0.01,4,3128,卖盘
324,14:40:03,7.83,0.01,96,75168,买盘
325,14:40:00,7.82,-0.01,101,78982,卖盘
326,14:39:57,7.83,0.01,85,66555,买盘
327,14:39:54,7.82,-0.01,963,753066,卖盘
328,14:39:48,7.83,--,18,14094,买盘
329,14:39:45,7.83,0.01,72,56376,买盘
330,14:39:42,7.82,-0.01,65,50830,卖盘
331,14:39:39,7.83,0.01,78,61074,买盘
332,14:39:36,7.82,--,64,50048,卖盘
333,14:39:33,7.82,--,17,13294,卖盘
334,14:39:30,7.82,-0.01,1,782,卖盘
335,14:39:27,7.83,--,20,15660,买盘
336,14:39:24,7.83,0.01,113,88479,买盘
337,14:39:21,7.82,-0.01,124,96968,卖盘
338,14:39:18,7.83,0.01,23,18009,买盘
339,14:39:15,7.82,-0.01,283,221306,卖盘
340,14:39:12,7.83,0.01,9,7047,买盘
341,14:39:09,7.82,-0.01,169,132752,卖盘
342,14:39:06,7.83,0.01,568,444744,买盘
343,14:39:03,7.82,--,46,35972,卖盘
344,14:39:00,7.82,-0.01,3,2346,卖盘
345,14:38:57,7.83,0.01,92,72036,买盘
346,14:38:54,7.82,--,41,32062,卖盘
347,14:38:51,7.82,--,89,69598,卖盘
348,14:38:48,7.82,-0.01,21,16422,卖盘
349,14:38:45,7.83,0.01,21,16443,买盘
350,14:38:42,7.82,--,1,782,卖盘
351,14:38:39,7.82,--,72,56304,卖盘
352,14:38:36,7.82,--,95,74290,卖盘
353,14:38:33,7.82,--,23,17986,卖盘
354,14:38:30,7.82,--,78,60996,卖盘
355,14:38:27,7.82,--,131,102442,卖盘
356,14:38:24,7.82,--,10,8445,卖盘
357,14:38:21,7.82,-0.01,9,7038,卖盘
358,14:38:18,7.83,0.01,115,90045,买盘
359,14:38:15,7.82,--,2,1564,卖盘
360,14:38:12,7.82,--,187,146234,卖盘
361,14:38:09,7.82,--,166,129812,卖盘
362,14:38:06,7.82,--,103,80546,卖盘
363,14:38:03,7.82,--,1,782,卖盘
364,14:38:00,7.82,--,142,111044,卖盘
365,14:37:57,7.82,--,20,15640,卖盘
366,14:37:54,7.82,--,84,65688,卖盘
367,14:37:51,7.82,--,1,782,卖盘
368,14:37:48,7.82,--,4,3128,卖盘
369,14:37:45,7.82,-0.01,3,2346,卖盘
370,14:37:42,7.83,0.01,79,61857,买盘
371,14:37:39,7.82,--,51,39882,卖盘
372,14:37:36,7.82,--,109,85238,卖盘
373,14:37:33,7.82,--,6,4692,卖盘
374,14:37:30,7.82,--,17,13294,卖盘
375,14:37:27,7.82,--,69,53958,卖盘
376,14:37:24,7.82,-0.01,1,782,卖盘
377,14:37:21,7.83,0.01,202,158166,买盘
378,14:37:18,7.82,-0.01,2,1564,卖盘
379,14:37:15,7.83,0.01,143,111969,买盘
380,14:37:12,7.82,-0.01,6,4692,卖盘
381,14:37:09,7.83,--,109,85347,卖盘
382,14:37:06,7.83,-0.01,33,25839,卖盘
383,14:37:03,7.84,--,5,3920,买盘
384,14:37:00,7.84,0.01,79,61936,买盘
385,14:36:57,7.83,--,16,12528,卖盘
386,14:36:54,7.83,--,64,50112,卖盘
387,14:36:51,7.83,--,3,2349,卖盘
388,14:36:48,7.83,--,103,80649,卖盘
389,14:36:45,7.83,--,5,3915,卖盘
390,14:36:39,7.83,--,6,4698,卖盘
391,14:36:36,7.83,--,60,46980,卖盘
392,14:36:33,7.83,0.01,297,232551,买盘
393,14:36:30,7.82,--,21,16422,卖盘
394,14:36:27,7.82,--,33,25806,卖盘
395,14:36:24,7.82,--,2,1564,卖盘
396,14:36:21,7.82,-0.01,19,14858,卖盘
397,14:36:18,7.83,0.01,64,50112,买盘
398,14:36:15,7.82,-0.01,75,58650,卖盘
399,14:36:12,7.83,--,180,140940,卖盘
400,14:36:09,7.83,0.01,178,139374,买盘
401,14:36:06,7.82,-0.02,19,14858,卖盘
402,14:36:03,7.84,0.01,121,94864,买盘
403,14:36:00,7.83,--,1,783,卖盘
404,14:35:57,7.83,-0.01,65,50895,卖盘
405,14:35:54,7.84,0.01,40,31360,买盘
406,14:35:51,7.83,--,70,54810,卖盘
407,14:35:48,7.83,-0.01,15,11745,卖盘
408,14:35:45,7.84,0.01,14,10976,买盘
409,14:35:42,7.83,--,17,13311,卖盘
410,14:35:39,7.83,--,2,1769,卖盘
411,14:35:36,7.83,--,164,128412,卖盘
412,14:35:30,7.83,--,77,60291,卖盘
413,14:35:27,7.83,--,52,40716,卖盘
414,14:35:24,7.83,--,64,50112,卖盘
415,14:35:21,7.83,--,44,34452,买盘
416,14:35:18,7.83,--,2102,1645866,卖盘
417,14:35:15,7.83,--,74,57942,卖盘
418,14:35:12,7.83,--,10,7830,卖盘
419,14:35:09,7.83,--,153,119806,卖盘
420,14:35:06,7.83,-0.01,33,25839,卖盘
421,14:35:03,7.84,0.01,64,50176,买盘
422,14:35:00,7.83,--,266,208278,卖盘
423,14:34:57,7.83,--,72,56376,卖盘
424,14:34:54,7.83,--,317,248211,卖盘
425,14:34:51,7.83,--,20,15660,卖盘
426,14:34:48,7.83,--,33,25839,卖盘
427,14:34:45,7.83,--,46,36018,卖盘
428,14:34:42,7.83,--,31,24273,卖盘
429,14:34:36,7.83,--,75,58725,卖盘
430,14:34:33,7.83,--,6,4698,卖盘
431,14:34:30,7.83,--,23,18009,卖盘
432,14:34:27,7.83,--,103,80649,卖盘
433,14:34:24,7.83,0.01,27,21141,买盘
434,14:34:21,7.82,-0.01,229,179078,卖盘
435,14:34:18,7.83,--,11,8613,买盘
436,14:34:15,7.83,0.01,231,180873,买盘
437,14:34:12,7.82,--,153,119646,卖盘
438,14:34:09,7.82,--,15,11730,卖盘
439,14:34:06,7.82,-0.01,32,25024,卖盘
440,14:34:03,7.83,0.01,54,42282,买盘
441,14:34:00,7.82,--,98,76636,卖盘
442,14:33:57,7.82,--,10,7820,卖盘
443,14:33:54,7.82,--,553,432446,卖盘
444,14:33:51,7.82,--,2,1564,卖盘
445,14:33:48,7.82,-0.01,7,5474,卖盘
446,14:33:45,7.83,0.01,9,7047,买盘
447,14:33:42,7.82,--,33,25806,卖盘
448,14:33:39,7.82,-0.01,79,61778,卖盘
449,14:33:36,7.83,0.02,250,196376,买盘
450,14:33:33,7.81,-0.01,1178,920018,卖盘
451,14:33:30,7.82,0.01,470,367540,买盘
452,14:33:27,7.81,-0.01,78,60918,卖盘
453,14:33:24,7.82,--,158,123556,买盘
454,14:33:21,7.82,--,23,17986,买盘
455,14:33:18,7.82,--,273,213486,买盘
456,14:33:15,7.82,--,139,108698,买盘
457,14:33:12,7.82,0.01,635,496828,买盘
458,14:33:09,7.81,--,282,220242,卖盘
459,14:33:06,7.81,--,222,173694,卖盘
460,14:33:03,7.81,--,217,169477,卖盘
461,14:33:00,7.81,-0.01,101,78881,卖盘
462,14:32:57,7.82,--,317,247894,买盘
463,14:32:54,7.82,--,2280,1782960,卖盘
464,14:32:51,7.82,--,493,385526,卖盘
465,14:32:48,7.82,--,2053,1605446,卖盘
466,14:32:45,7.82,--,302,236164,卖盘
467,14:32:42,7.82,--,149,116518,卖盘
468,14:32:39,7.82,--,1,782,卖盘
469,14:32:36,7.82,-0.01,83,64906,卖盘
470,14:32:33,7.83,0.01,64,50112,买盘
471,14:32:30,7.82,--,14,10948,卖盘
472,14:32:27,7.82,--,39,30498,卖盘
473,14:32:24,7.82,--,2,1564,卖盘
474,14:32:21,7.82,-0.01,12,9384,卖盘
475,14:32:18,7.83,--,283,222113,卖盘
476,14:32:15,7.83,--,147,115101,卖盘
477,14:32:12,7.83,--,78,61074,卖盘
478,14:32:09,7.83,--,219,171484,卖盘
479,14:32:06,7.83,--,757,592731,卖盘
480,14:32:03,7.83,--,1695,1327185,卖盘
481,14:32:00,7.83,--,90,70470,卖盘
482,14:31:57,7.83,--,1,783,卖盘
483,14:31:54,7.83,--,193,151119,卖盘
484,14:31:51,7.83,--,208,162864,卖盘
485,14:31:48,7.83,--,226,176958,卖盘
486,14:31:45,7.83,--,21,16443,卖盘
487,14:31:42,7.83,--,122,95526,卖盘
488,14:31:39,7.83,--,109,85347,卖盘
489,14:31:36,7.83,--,59,46197,卖盘
490,14:31:33,7.83,--,104,81432,卖盘
491,14:31:30,7.83,--,267,209061,卖盘
492,14:31:27,7.83,--,25,19575,卖盘
493,14:31:24,7.83,--,251,196533,卖盘
494,14:31:21,7.83,--,564,441635,卖盘
495,14:31:18,7.83,--,349,273267,卖盘
496,14:31:15,7.83,--,18,14094,卖盘
497,14:31:12,7.83,-0.01,3,2349,卖盘
498,14:31:09,7.84,0.01,137,107408,买盘
499,14:31:06,7.83,--,207,162081,卖盘
500,14:31:03,7.83,--,60,46980,卖盘
501,14:31:00,7.83,-0.01,26,20358,卖盘
502,14:30:57,7.84,0.01,26,20384,买盘
503,14:30:54,7.83,--,20,15660,卖盘
504,14:30:51,7.83,--,73,57159,卖盘
505,14:30:48,7.83,--,1,783,卖盘
506,14:30:45,7.83,-0.01,27,21141,卖盘
507,14:30:42,7.84,--,63,49619,买盘
508,14:30:39,7.84,--,458,359628,卖盘
509,14:30:36,7.84,--,22,17248,卖盘
510,14:30:33,7.84,--,151,118384,卖盘
511,14:30:30,7.84,-0.01,33,25872,卖盘
512,14:30:27,7.85,0.01,60,47100,买盘
513,14:30:24,7.84,--,104,81763,买盘
514,14:30:21,7.84,--,348,273388,卖盘
515,14:30:18,7.84,--,186,145824,卖盘
516,14:30:15,7.84,-0.01,827,648368,卖盘
517,14:30:12,7.85,0.01,111,87135,买盘
518,14:30:09,7.84,--,108,84672,卖盘
519,14:30:06,7.84,--,26,20384,卖盘
520,14:30:03,7.84,--,15,11760,卖盘
521,14:30:00,7.84,--,211,165424,卖盘
522,14:29:57,7.84,--,60,47040,卖盘
523,14:29:54,7.84,--,78,61152,卖盘
524,14:29:51,7.84,--,29,22736,卖盘
525,14:29:48,7.84,-0.01,74,58016,卖盘
526,14:29:45,7.85,--,78,61230,买盘
527,14:29:42,7.85,0.01,820,643700,买盘
528,14:29:39,7.84,--,123,96432,卖盘
529,14:29:36,7.84,--,2,1568,卖盘
530,14:29:27,7.84,--,15,11760,卖盘
531,14:29:24,7.84,--,9,7056,卖盘
532,14:29:21,7.84,--,385,301840,卖盘
533,14:29:18,7.84,--,2133,1672993,卖盘
534,14:29:15,7.84,-0.01,30,23520,卖盘
535,14:29:12,7.85,0.01,9,7065,买盘
536,14:29:09,7.84,--,8,6562,卖盘
537,14:29:06,7.84,--,698,547232,卖盘
538,14:29:03,7.84,--,5,3920,卖盘
539,14:29:00,7.84,--,17,13328,卖盘
540,14:28:57,7.84,-0.01,2,1568,卖盘
541,14:28:54,7.85,0.01,79,62015,买盘
542,14:28:51,7.84,--,69,54096,卖盘
543,14:28:48,7.84,--,1,784,卖盘
544,14:28:45,7.84,--,91,71344,卖盘
545,14:28:42,7.84,--,3,2352,卖盘
546,14:28:39,7.84,--,163,127792,卖盘
547,14:28:36,7.84,--,80,62720,卖盘
548,14:28:33,7.84,--,25,19600,卖盘
549,14:28:30,7.84,--,16,12544,卖盘
550,14:28:27,7.84,--,344,269696,卖盘
551,14:28:24,7.84,--,11,8624,卖盘
552,14:28:21,7.84,--,202,158368,卖盘
553,14:28:18,7.84,-0.01,3,2352,卖盘
554,14:28:15,7.85,0.01,61,47885,买盘
555,14:28:12,7.84,--,82,64288,卖盘
556,14:28:09,7.84,--,12,9408,卖盘
557,14:28:06,7.84,--,360,282240,卖盘
558,14:28:03,7.84,-0.01,118,93170,卖盘
559,14:28:00,7.85,--,14,11068,卖盘
560,14:27:57,7.85,-0.01,307,240995,卖盘
561,14:27:54,7.86,0.01,87,68806,买盘
562,14:27:51,7.85,--,74,58090,卖盘
563,14:27:48,7.85,--,25,19625,卖盘
564,14:27:45,7.85,--,87,68295,卖盘
565,14:27:42,7.85,--,39,30615,卖盘
566,14:27:39,7.85,--,289,226865,卖盘
567,14:27:36,7.85,--,162,127170,卖盘
568,14:27:33,7.85,--,20,15700,卖盘
569,14:27:30,7.85,--,888,697080,卖盘
570,14:27:27,7.85,--,439,344615,卖盘
571,14:27:24,7.85,--,82,64370,卖盘
572,14:27:21,7.85,-0.01,874,686090,卖盘
573,14:27:15,7.86,0.01,83,65238,买盘
574,14:27:12,7.85,--,2283,1792155,卖盘
575,14:27:09,7.85,--,50,39257,卖盘
576,14:27:06,7.85,--,156,122460,卖盘
577,14:27:03,7.85,-0.01,8,6280,卖盘
578,14:26:57,7.86,0.01,97,76242,买盘
579,14:26:51,7.85,--,19,14915,卖盘
580,14:26:48,7.85,-0.01,21,16485,卖盘
581,14:26:45,7.86,--,22,17292,买盘
582,14:26:42,7.86,0.01,67,52662,买盘
583,14:26:39,7.85,--,326,255910,卖盘
584,14:26:36,7.85,-0.01,443,347755,卖盘
585,14:26:33,7.86,--,6,4716,买盘
586,14:26:30,7.86,--,79,62094,买盘
587,14:26:27,7.86,--,556,437063,卖盘
588,14:26:24,7.86,--,158,124188,卖盘
589,14:26:21,7.86,--,83,65238,卖盘
590,14:26:18,7.86,--,589,462954,卖盘
591,14:26:15,7.86,--,1590,1249740,卖盘
592,14:26:12,7.86,--,1358,1067388,卖盘
593,14:26:09,7.86,-0.01,2128,1672608,卖盘
594,14:26:06,7.87,0.01,209,164483,买盘
595,14:26:03,7.86,--,117,91962,卖盘
596,14:26:00,7.86,--,2029,1594794,卖盘
597,14:25:57,7.86,--,48,37728,卖盘
598,14:25:54,7.86,--,10,7860,卖盘
599,14:25:51,7.86,--,200,157200,卖盘
600,14:25:48,7.86,-0.01,17,13362,卖盘
601,14:25:45,7.87,0.01,734,577658,买盘
602,14:25:42,7.86,--,2252,1770072,卖盘
603,14:25:39,7.86,--,13,10218,卖盘
604,14:25:36,7.86,-0.01,5,3930,卖盘
605,14:25:33,7.87,0.01,190,149530,买盘
606,14:25:30,7.86,--,4,3144,卖盘
607,14:25:27,7.86,--,55,43230,卖盘
608,14:25:24,7.86,--,473,371778,卖盘
609,14:25:21,7.86,--,1,786,卖盘
610,14:25:18,7.86,--,69,54234,卖盘
611,14:25:15,7.86,--,391,307326,卖盘
612,14:25:12,7.86,--,2,1572,卖盘
613,14:25:09,7.86,-0.01,102,80172,卖盘
614,14:25:06,7.87,0.01,250,196750,买盘
615,14:25:03,7.86,--,42,33012,卖盘
616,14:25:00,7.86,--,19,14934,卖盘
617,14:24:57,7.86,--,13,10218,卖盘
618,14:24:54,7.86,--,394,309684,卖盘
619,14:24:51,7.86,-0.01,2,1572,卖盘
620,14:24:48,7.87,0.01,10,7870,买盘
621,14:24:45,7.86,--,20,15720,卖盘
622,14:24:42,7.86,--,10,7860,卖盘
623,14:24:39,7.86,--,279,219294,卖盘
624,14:24:36,7.86,--,1,786,卖盘
625,14:24:33,7.86,--,21,16506,卖盘
626,14:24:30,7.86,--,4,3144,卖盘
627,14:24:27,7.86,--,14,11004,卖盘
628,14:24:21,7.86,-0.01,116,91176,卖盘
629,14:24:18,7.87,0.01,52,40924,买盘
630,14:24:12,7.86,--,12,9432,卖盘
631,14:24:09,7.86,-0.01,365,286897,卖盘
632,14:24:06,7.87,0.01,161,126707,买盘
633,14:24:00,7.86,--,4,3144,卖盘
634,14:23:57,7.86,--,34,26724,卖盘
635,14:23:54,7.86,--,10,7860,卖盘
636,14:23:51,7.86,--,1,786,卖盘
637,14:23:45,7.86,--,7,5502,卖盘
638,14:23:42,7.86,--,77,60522,卖盘
639,14:23:36,7.86,--,2,1572,卖盘
640,14:23:33,7.86,--,6,4716,卖盘
641,14:23:30,7.86,--,26,20436,卖盘
642,14:23:27,7.86,--,108,84888,卖盘
643,14:23:24,7.86,-0.01,27,21222,卖盘
644,14:23:21,7.87,0.01,206,162122,买盘
645,14:23:18,7.86,-0.01,23,18078,卖盘
646,14:23:15,7.87,0.01,82,64534,买盘
647,14:23:12,7.86,--,6,4716,卖盘
648,14:23:09,7.86,--,40,31440,卖盘
649,14:23:06,7.86,-0.01,225,176850,卖盘
650,14:23:03,7.87,0.01,49,38563,买盘
651,14:23:00,7.86,--,1,786,卖盘
652,14:22:57,7.86,-0.01,62,48732,卖盘
653,14:22:54,7.87,0.01,1,787,买盘
654,14:22:51,7.86,--,1,786,卖盘
655,14:22:48,7.86,--,46,36470,卖盘
656,14:22:45,7.86,--,112,88032,卖盘
657,14:22:42,7.86,-0.01,20,15720,卖盘
658,14:22:39,7.87,--,41,32267,买盘
659,14:22:36,7.87,0.01,17,13379,买盘
660,14:22:33,7.86,--,4,3144,卖盘
661,14:22:30,7.86,--,33,25938,卖盘
662,14:22:27,7.86,-0.01,4,3144,卖盘
663,14:22:24,7.87,0.01,52,40924,买盘
664,14:22:21,7.86,-0.01,134,105324,卖盘
665,14:22:18,7.87,0.01,63,49581,买盘
666,14:22:15,7.86,--,1,786,卖盘
667,14:22:12,7.86,--,44,34584,卖盘
668,14:22:09,7.86,--,57,44809,卖盘
669,14:22:06,7.86,--,155,121830,卖盘
670,14:22:03,7.86,-0.01,12,9432,卖盘
671,14:22:00,7.87,0.01,30,23610,买盘
672,14:21:54,7.86,--,66,51876,卖盘
673,14:21:51,7.86,-0.01,47,36942,卖盘
674,14:21:48,7.87,0.01,62,48794,买盘
675,14:21:42,7.86,--,1,786,卖盘
676,14:21:39,7.86,-0.01,1,786,卖盘
677,14:21:36,7.87,0.01,26,20462,买盘
678,14:21:33,7.86,--,10,7860,卖盘
679,14:21:30,7.86,--,44,34584,卖盘
680,14:21:27,7.86,-0.01,2,1572,卖盘
681,14:21:21,7.87,0.01,66,51942,买盘
682,14:21:15,7.86,--,1,786,卖盘
683,14:21:09,7.86,--,19,14934,卖盘
684,14:21:06,7.86,-0.01,157,123402,卖盘
685,14:21:03,7.87,0.01,12,9444,买盘
686,14:21:00,7.86,--,159,124974,卖盘
687,14:20:57,7.86,-0.01,7,5502,卖盘
688,14:20:54,7.87,0.01,125,98375,买盘
689,14:20:48,7.86,--,2,1572,卖盘
690,14:20:45,7.86,--,85,66810,卖盘
691,14:20:42,7.86,--,1,786,卖盘
692,14:20:39,7.86,--,19,14934,卖盘
693,14:20:36,7.86,--,869,683034,卖盘
694,14:20:33,7.86,--,15,11790,卖盘
695,14:20:27,7.86,-0.01,2,1572,卖盘
696,14:20:24,7.87,0.01,64,50368,买盘
697,14:20:18,7.86,--,2,1572,卖盘
698,14:20:15,7.86,-0.01,7,5502,卖盘
699,14:20:12,7.87,0.01,101,79487,买盘
700,14:20:09,7.86,--,1,793,卖盘
701,14:20:06,7.86,--,191,150126,卖盘
702,14:20:03,7.86,-0.01,22,17292,卖盘
703,14:20:00,7.87,--,1,787,买盘
704,14:19:57,7.87,0.01,143,112541,买盘
705,14:19:54,7.86,--,62,48732,卖盘
706,14:19:51,7.86,--,2,1572,卖盘
707,14:19:48,7.86,--,12,9432,卖盘
708,14:19:45,7.86,--,80,62880,卖盘
709,14:19:42,7.86,--,2,1572,卖盘
710,14:19:39,7.86,--,7,5502,卖盘
711,14:19:36,7.86,-0.01,7,5502,卖盘
712,14:19:30,7.87,0.01,127,99949,买盘
713,14:19:27,7.86,--,7,5502,卖盘
714,14:19:24,7.86,-0.01,66,51876,卖盘
715,14:19:21,7.87,0.01,78,61386,买盘
716,14:19:18,7.86,--,2,1572,卖盘
717,14:19:15,7.86,-0.01,101,79386,卖盘
718,14:19:12,7.87,0.01,20,15740,买盘
719,14:19:09,7.86,--,8,6288,卖盘
720,14:19:06,7.86,-0.01,13,10218,卖盘
721,14:19:03,7.87,--,63,49581,买盘
722,14:19:00,7.87,--,101,79487,买盘
723,14:18:57,7.87,0.01,3,2361,买盘
724,14:18:54,7.86,--,2,1572,卖盘
725,14:18:51,7.86,--,82,64452,卖盘
726,14:18:48,7.86,--,35,27510,卖盘
727,14:18:45,7.86,--,53,41658,卖盘
728,14:18:39,7.86,--,11,8646,卖盘
729,14:18:36,7.86,-0.01,4,3144,卖盘
730,14:18:33,7.87,0.01,66,51942,买盘
731,14:18:30,7.86,--,17,13362,卖盘
732,14:18:27,7.86,--,4,3144,卖盘
733,14:18:24,7.86,--,24,18864,卖盘
734,14:18:18,7.86,--,1,786,卖盘
735,14:18:12,7.86,--,22,17292,卖盘
736,14:18:09,7.86,--,9,7443,卖盘
737,14:18:06,7.86,--,84,66024,卖盘
738,14:18:03,7.86,-0.01,2,1572,卖盘
739,14:18:00,7.87,0.01,8,6296,买盘
740,14:17:57,7.86,--,3,2358,卖盘
741,14:17:54,7.86,--,205,161130,卖盘
742,14:17:51,7.86,--,12,9432,卖盘
743,14:17:48,7.86,--,182,143052,卖盘
744,14:17:45,7.86,--,1,786,卖盘
745,14:17:42,7.86,--,42,33012,卖盘
746,14:17:39,7.86,-0.01,20,15720,卖盘
747,14:17:36,7.87,0.01,64,50368,买盘
748,14:17:30,7.86,--,3,2358,卖盘
749,14:17:27,7.86,--,16,12576,卖盘
750,14:17:24,7.86,--,19,14934,卖盘
751,14:17:18,7.86,--,3,2358,卖盘
752,14:17:15,7.86,--,51,40086,卖盘
753,14:17:12,7.86,-0.02,5,3930,卖盘
754,14:17:09,7.88,0.01,64,50432,买盘
755,14:17:06,7.87,-0.01,6,4722,卖盘
756,14:17:00,7.88,0.02,44,34672,买盘
757,14:16:54,7.86,-0.01,4,3144,卖盘
758,14:16:51,7.87,--,118,93078,卖盘
759,14:16:48,7.87,--,363,285681,卖盘
760,14:16:45,7.87,--,8,6296,卖盘
761,14:16:42,7.87,-0.01,67,52729,卖盘
762,14:16:39,7.88,0.01,2,1576,买盘
763,14:16:36,7.87,--,17,13379,卖盘
764,14:16:33,7.87,--,2,1574,卖盘
765,14:16:30,7.87,--,10,7870,卖盘
766,14:16:27,7.87,--,2,1574,卖盘
767,14:16:24,7.87,--,4,3148,卖盘
768,14:16:21,7.87,-0.01,17,13379,卖盘
769,14:16:12,7.88,0.01,83,65404,买盘
770,14:16:09,7.87,--,13,10231,卖盘
771,14:16:06,7.87,--,4,3148,卖盘
772,14:16:03,7.87,--,5,3935,卖盘
773,14:16:00,7.87,--,3,2361,卖盘
774,14:15:54,7.87,-0.01,8,6296,卖盘
775,14:15:51,7.88,0.01,31,24428,买盘
776,14:15:48,7.87,--,13,10231,卖盘
777,14:15:45,7.87,--,160,125920,卖盘
778,14:15:39,7.87,--,2,1574,卖盘
779,14:15:36,7.87,-0.01,2,1574,卖盘
780,14:15:33,7.88,0.01,14,11347,买盘
781,14:15:30,7.87,--,301,236887,卖盘
782,14:15:27,7.87,--,4,3148,卖盘
783,14:15:24,7.87,--,3,2361,卖盘
784,14:15:18,7.87,--,64,50368,卖盘
785,14:15:15,7.87,--,2,1574,卖盘
786,14:15:12,7.87,--,40,31480,卖盘
787,14:15:09,7.87,--,23,18258,卖盘
788,14:15:06,7.87,--,105,82635,卖盘
789,14:14:57,7.87,--,153,120513,卖盘
790,14:14:54,7.87,--,233,183371,卖盘
791,14:14:51,7.87,-0.01,25,19675,卖盘
792,14:14:48,7.88,0.01,125,98500,买盘
793,14:14:45,7.87,--,9,7083,卖盘
794,14:14:42,7.87,-0.01,7,5509,卖盘
795,14:14:39,7.88,0.01,21,16548,买盘
796,14:14:36,7.87,--,33,25971,卖盘
797,14:14:33,7.87,-0.01,2,1574,卖盘
798,14:14:30,7.88,0.01,2,1576,买盘
799,14:14:27,7.87,--,5,3935,卖盘
800,14:14:24,7.87,-0.01,29,22823,卖盘
801,14:14:21,7.88,0.01,75,59100,买盘
802,14:14:18,7.87,-0.01,1,787,卖盘
803,14:14:15,7.88,0.01,66,52008,买盘
804,14:14:12,7.87,--,70,55090,卖盘
805,14:14:06,7.87,-0.01,4,3148,卖盘
806,14:14:03,7.88,0.01,37,29156,买盘
807,14:14:00,7.87,--,11,8657,卖盘
808,14:13:57,7.87,-0.01,90,70830,卖盘
809,14:13:54,7.88,0.01,99,78012,买盘
810,14:13:51,7.87,--,55,43285,卖盘
811,14:13:48,7.87,--,18,14166,卖盘
812,14:13:42,7.87,--,122,96014,卖盘
813,14:13:39,7.87,--,20,15740,卖盘
814,14:13:36,7.87,--,8,6296,卖盘
815,14:13:33,7.87,--,101,79487,卖盘
816,14:13:30,7.87,0.01,141,110967,买盘
817,14:13:27,7.86,-0.01,16,12576,卖盘
818,14:13:24,7.87,0.01,408,321096,买盘
819,14:13:12,7.86,--,1,786,卖盘
820,14:13:09,7.86,-0.01,77,60522,卖盘
821,14:13:06,7.87,0.01,24,18888,买盘
822,14:13:03,7.86,-0.01,1,786,卖盘
823,14:13:00,7.87,0.01,128,100736,买盘
824,14:12:57,7.86,-0.01,70,55020,卖盘
825,14:12:54,7.87,0.01,8,6296,买盘
826,14:12:51,7.86,--,11,8646,卖盘
827,14:12:48,7.86,-0.01,92,72312,卖盘
828,14:12:42,7.87,0.01,67,52729,买盘
829,14:12:39,7.86,--,10,7860,卖盘
830,14:12:36,7.86,--,3,2358,卖盘
831,14:12:33,7.86,-0.01,20,15720,卖盘
832,14:12:27,7.87,0.01,64,50368,买盘
833,14:12:24,7.86,--,3,2358,卖盘
834,14:12:21,7.86,--,16,12576,卖盘
835,14:12:18,7.86,--,16,12576,卖盘
836,14:12:15,7.86,-0.01,6,4716,卖盘
837,14:12:12,7.87,--,250,196750,买盘
838,14:12:09,7.87,0.01,7,5509,买盘
839,14:12:06,7.86,--,49,38514,卖盘
840,14:12:03,7.86,-0.01,7,5502,卖盘
841,14:12:00,7.87,--,175,138417,卖盘
842,14:11:57,7.87,--,9,7083,卖盘
843,14:11:54,7.87,--,32,25184,卖盘
844,14:11:51,7.87,--,40,31480,卖盘
845,14:11:48,7.87,--,179,141290,卖盘
846,14:11:45,7.87,--,389,306143,卖盘
847,14:11:42,7.87,-0.01,923,726401,卖盘
848,14:11:39,7.88,0.01,15,11820,买盘
849,14:11:36,7.87,-0.01,52,40924,卖盘
850,14:11:33,7.88,--,63,49644,买盘
851,14:11:30,7.88,0.01,106,83528,买盘
852,14:11:27,7.87,--,11,8657,卖盘
853,14:11:24,7.87,-0.01,3,2361,卖盘
854,14:11:21,7.88,0.01,70,55160,买盘
855,14:11:18,7.87,--,1,787,卖盘
856,14:11:15,7.87,--,15,11805,卖盘
857,14:11:12,7.87,--,100,78700,卖盘
858,14:11:09,7.87,--,8,6296,卖盘
859,14:11:06,7.87,-0.01,2,1574,卖盘
860,14:11:03,7.88,--,64,50432,买盘
861,14:10:54,7.88,0.01,24,18912,买盘
862,14:10:51,7.87,--,11,8657,卖盘
863,14:10:45,7.87,--,6,4722,卖盘
864,14:10:42,7.87,--,150,118050,卖盘
865,14:10:39,7.87,-0.01,1,787,卖盘
866,14:10:36,7.88,0.01,63,49644,买盘
867,14:10:33,7.87,--,64,50368,卖盘
868,14:10:30,7.87,--,3,2361,卖盘
869,14:10:27,7.87,--,8,6296,卖盘
870,14:10:24,7.87,--,203,159761,卖盘
871,14:10:21,7.87,-0.01,6,4722,卖盘
872,14:10:18,7.88,0.01,99,78012,买盘
873,14:10:15,7.87,--,9,7083,卖盘
874,14:10:12,7.87,--,1,787,卖盘
875,14:10:09,7.87,--,83,65328,卖盘
876,14:10:06,7.87,--,16,12592,卖盘
877,14:10:03,7.87,--,80,62960,卖盘
878,14:10:00,7.87,--,2,1574,卖盘
879,14:09:57,7.87,--,70,55090,卖盘
880,14:09:54,7.87,--,17,13379,卖盘
881,14:09:48,7.87,--,100,78700,卖盘
882,14:09:45,7.87,--,7,5509,卖盘
883,14:09:42,7.87,-0.01,348,273876,卖盘
884,14:09:39,7.88,0.01,111,87468,买盘
885,14:09:36,7.87,--,63,49581,卖盘
886,14:09:33,7.87,--,2,1574,卖盘
887,14:09:30,7.87,-0.01,2,1574,卖盘
888,14:09:27,7.88,0.01,11,8668,买盘
889,14:09:24,7.87,--,3,2361,卖盘
890,14:09:21,7.87,-0.01,46,36202,卖盘
891,14:09:15,7.88,--,29,22852,买盘
892,14:09:12,7.88,0.01,199,156812,买盘
893,14:09:09,7.87,--,93,73647,卖盘
894,14:09:03,7.87,--,3,2361,卖盘
895,14:08:57,7.87,-0.01,4,3148,卖盘
896,14:08:54,7.88,0.01,24,18912,买盘
897,14:08:51,7.87,--,27,21249,卖盘
898,14:08:48,7.87,--,6,4722,卖盘
899,14:08:45,7.87,--,233,183371,卖盘
900,14:08:42,7.87,-0.01,1,787,卖盘
901,14:08:39,7.88,0.01,19,14972,买盘
902,14:08:36,7.87,--,4,3148,卖盘
903,14:08:33,7.87,--,94,73978,卖盘
904,14:08:27,7.87,--,2,1574,卖盘
905,14:08:24,7.87,-0.01,23,18101,卖盘
906,14:08:21,7.88,0.01,74,58312,买盘
907,14:08:18,7.87,-0.01,4,3148,卖盘
908,14:08:15,7.88,0.01,123,96924,买盘
909,14:08:12,7.87,--,91,71617,卖盘
910,14:08:09,7.87,--,4,3148,卖盘
911,14:08:06,7.87,--,111,87357,卖盘
912,14:08:03,7.87,--,4,3148,卖盘
913,14:07:57,7.87,--,17,13379,买盘
914,14:07:54,7.87,--,25,19675,卖盘
915,14:07:51,7.87,--,19,14953,买盘
916,14:07:48,7.87,0.01,144,113328,买盘
917,14:07:42,7.86,--,77,60522,卖盘
918,14:07:39,7.86,--,382,300252,卖盘
919,14:07:36,7.86,--,5,3930,卖盘
920,14:07:33,7.86,--,2,1572,卖盘
921,14:07:30,7.86,--,3,2358,卖盘
922,14:07:27,7.86,-0.01,115,90390,卖盘
923,14:07:24,7.87,0.01,27,21249,买盘
924,14:07:21,7.86,--,124,97464,卖盘
925,14:07:15,7.86,-0.01,106,83316,卖盘
926,14:07:12,7.87,0.01,5,3935,买盘
927,14:07:09,7.86,-0.01,7,5502,卖盘
928,14:07:06,7.87,0.01,193,151891,买盘
929,14:07:03,7.86,-0.01,89,69954,卖盘
930,14:06:57,7.87,--,83,65321,卖盘
931,14:06:54,7.87,0.01,21,16527,中性盘
932,14:06:51,7.86,-0.01,96,75456,卖盘
933,14:06:48,7.87,--,50,39350,卖盘
934,14:06:45,7.87,--,13,10231,卖盘
935,14:06:42,7.87,--,177,139645,卖盘
936,14:06:39,7.87,--,334,262858,卖盘
937,14:06:33,7.87,--,2,1574,卖盘
938,14:06:30,7.87,--,15,11805,买盘
939,14:06:27,7.87,--,24,18888,卖盘
940,14:06:24,7.87,0.01,89,70043,买盘
941,14:06:21,7.86,--,4,3144,卖盘
942,14:06:18,7.86,-0.01,121,95106,卖盘
943,14:06:15,7.87,--,52,40924,卖盘
944,14:06:12,7.87,--,15,11805,卖盘
945,14:06:09,7.87,--,20,15740,卖盘
946,14:06:06,7.87,--,101,79487,卖盘
947,14:06:03,7.87,--,2,1574,卖盘
948,14:06:00,7.87,--,57,44859,卖盘
949,14:05:57,7.87,--,82,64534,卖盘
950,14:05:54,7.87,--,1,787,卖盘
951,14:05:51,7.87,--,2,1574,卖盘
952,14:05:48,7.87,--,13,10231,卖盘
953,14:05:45,7.87,--,1,787,卖盘
954,14:05:42,7.87,--,52,40924,卖盘
955,14:05:39,7.87,0.01,208,164010,买盘
956,14:05:36,7.86,--,1,786,卖盘
957,14:05:33,7.86,--,12,9432,卖盘
958,14:05:30,7.86,--,23,18078,卖盘
959,14:05:27,7.86,--,65,51090,卖盘
960,14:05:24,7.86,-0.01,6,4716,卖盘
961,14:05:21,7.87,0.01,3,2361,买盘
962,14:05:18,7.86,--,6,4716,卖盘
963,14:05:15,7.86,--,19,14934,卖盘
964,14:05:12,7.86,-0.01,63,49518,卖盘
965,14:05:06,7.87,--,8,6296,买盘
966,14:05:03,7.87,0.01,19,14953,买盘
967,14:05:00,7.86,--,217,170562,卖盘
968,14:04:54,7.86,--,2,1572,卖盘
969,14:04:51,7.86,--,36,28296,卖盘
970,14:04:45,7.86,--,36,28296,卖盘
971,14:04:42,7.86,--,6,4716,卖盘
972,14:04:39,7.86,--,226,177636,卖盘
973,14:04:36,7.86,--,1,786,卖盘
974,14:04:33,7.86,-0.01,64,50304,卖盘
975,14:04:30,7.87,0.01,4,3148,买盘
976,14:04:27,7.86,-0.01,12,9432,卖盘
977,14:04:24,7.87,--,315,247905,卖盘
978,14:04:21,7.87,--,5,3935,卖盘
979,14:04:18,7.87,--,100,78700,卖盘
980,14:04:12,7.87,--,17,13379,卖盘
981,14:04:09,7.87,--,1,787,卖盘
982,14:04:06,7.87,--,6,4722,卖盘
983,14:04:03,7.87,--,70,55090,卖盘
984,14:04:00,7.87,--,1,787,卖盘
985,14:03:57,7.87,--,37,29119,卖盘
986,14:03:54,7.87,--,1,787,卖盘
987,14:03:51,7.87,--,4,3148,卖盘
988,14:03:48,7.87,--,100,78700,卖盘
989,14:03:42,7.87,--,1,787,卖盘
990,14:03:39,7.87,--,1,787,卖盘
991,14:03:36,7.87,0.01,7,5509,买盘
992,14:03:33,7.86,--,2,1572,卖盘
993,14:03:30,7.86,--,2,1572,卖盘
994,14:03:27,7.86,-0.01,20,15720,卖盘
995,14:03:24,7.87,--,1,787,卖盘
996,14:03:21,7.87,--,15,11805,卖盘
997,14:03:18,7.87,0.01,642,505411,买盘
998,14:03:15,7.86,--,54,42444,卖盘
999,14:03:12,7.86,--,3,2358,卖盘
1000,14:03:09,7.86,--,66,51876,卖盘
1001,14:03:06,7.86,--,29,22794,卖盘
1002,14:03:03,7.86,--,7,5502,卖盘
1003,14:03:00,7.86,-0.01,61,47946,卖盘
1004,14:02:57,7.87,--,28,22036,买盘
1005,14:02:54,7.87,0.01,163,128281,买盘
1006,14:02:51,7.86,--,69,54234,卖盘
1007,14:02:48,7.86,--,5,3930,卖盘
1008,14:02:42,7.86,-0.01,2,1572,卖盘
1009,14:02:39,7.87,0.01,63,49581,买盘
1010,14:02:36,7.86,--,9,7074,卖盘
1011,14:02:33,7.86,--,36,28296,卖盘
1012,14:02:27,7.86,--,2,1572,卖盘
1013,14:02:24,7.86,--,1,786,卖盘
1014,14:02:21,7.86,--,13,10218,卖盘
1015,14:02:18,7.86,--,33,25938,卖盘
1016,14:02:15,7.86,--,1,786,卖盘
1017,14:02:12,7.86,--,67,52662,卖盘
1018,14:02:06,7.86,--,5,3930,卖盘
1019,14:02:03,7.86,-0.01,12,9432,卖盘
1020,14:02:00,7.87,0.01,230,181010,买盘
1021,14:01:57,7.86,-0.01,41,32226,卖盘
1022,14:01:54,7.87,0.01,20,15740,买盘
1023,14:01:51,7.86,--,2,1572,卖盘
1024,14:01:48,7.86,--,52,40872,卖盘
1025,14:01:45,7.86,-0.01,1,786,卖盘
1026,14:01:42,7.87,0.01,124,97588,买盘
1027,14:01:39,7.86,--,20,15720,卖盘
1028,14:01:36,7.86,-0.01,5,3930,卖盘
1029,14:01:33,7.87,0.01,22,17314,买盘
1030,14:01:30,7.86,--,16,12576,卖盘
1031,14:01:27,7.86,0.01,41,32226,买盘
1032,14:01:24,7.85,--,72,56520,卖盘
1033,14:01:21,7.85,-0.01,52,40820,卖盘
1034,14:01:15,7.86,-0.01,85,66810,卖盘
1035,14:01:12,7.87,0.01,20,15740,买盘
1036,14:01:09,7.86,--,13,10218,卖盘
1037,14:01:06,7.86,0.01,268,210648,买盘
1038,14:01:03,7.85,-0.01,9,7065,卖盘
1039,14:01:00,7.86,-0.01,165,129690,卖盘
1040,14:00:57,7.87,0.01,18,14166,买盘
1041,14:00:54,7.86,--,22,17292,卖盘
1042,14:00:51,7.86,--,21,16506,卖盘
1043,14:00:48,7.86,--,628,493608,买盘
1044,14:00:45,7.86,0.01,520,408720,买盘
1045,14:00:42,7.85,-0.01,1,785,卖盘
1046,14:00:39,7.86,0.01,41,32226,买盘
1047,14:00:36,7.85,-0.01,1,785,卖盘
1048,14:00:33,7.86,--,27,21222,买盘
1049,14:00:30,7.86,0.01,68,53448,买盘
1050,14:00:24,7.85,--,100,78500,卖盘
1051,14:00:21,7.85,-0.01,21,16485,卖盘
1052,14:00:18,7.86,0.01,91,71526,买盘
1053,14:00:12,7.85,--,3,2355,卖盘
1054,14:00:09,7.85,--,101,79685,卖盘
1055,14:00:06,7.85,-0.01,3,2355,卖盘
1056,14:00:03,7.86,0.01,3,2358,买盘
1057,14:00:00,7.85,-0.01,8,6280,卖盘
1058,13:59:57,7.86,0.01,127,99822,买盘
1059,13:59:51,7.85,--,114,89490,卖盘
1060,13:59:48,7.85,--,146,114610,卖盘
1061,13:59:45,7.85,-0.01,32,25120,卖盘
1062,13:59:42,7.86,0.01,48,37728,买盘
1063,13:59:39,7.85,--,132,103620,卖盘
1064,13:59:36,7.85,--,13,10205,卖盘
1065,13:59:33,7.85,-0.01,175,137375,卖盘
1066,13:59:30,7.86,0.01,17,13362,买盘
1067,13:59:27,7.85,-0.01,1,785,卖盘
1068,13:59:24,7.86,0.01,91,71526,买盘
1069,13:59:21,7.85,--,103,80855,卖盘
1070,13:59:06,7.85,-0.01,83,65155,卖盘
1071,13:59:03,7.86,--,58,45588,买盘
1072,13:59:00,7.86,0.01,500,393000,买盘
1073,13:58:57,7.85,-0.01,6,4710,卖盘
1074,13:58:54,7.86,0.01,71,55806,买盘
1075,13:58:51,7.85,-0.01,2,1570,卖盘
1076,13:58:48,7.86,0.01,77,60522,买盘
1077,13:58:45,7.85,--,149,116965,卖盘
1078,13:58:42,7.85,--,1,785,卖盘
1079,13:58:39,7.85,-0.01,12,9420,卖盘
1080,13:58:36,7.86,0.01,10,7860,买盘
1081,13:58:33,7.85,-0.01,12,9420,卖盘
1082,13:58:30,7.86,--,118,92748,买盘
1083,13:58:27,7.86,0.01,66,51876,买盘
1084,13:58:21,7.85,-0.01,23,18055,卖盘
1085,13:58:18,7.86,--,10,7860,买盘
1086,13:58:12,7.86,--,26,20436,买盘
1087,13:58:09,7.86,0.01,167,131262,买盘
1088,13:58:06,7.85,--,202,158570,卖盘
1089,13:58:03,7.85,-0.01,2,1570,卖盘
1090,13:58:00,7.86,0.01,63,49518,买盘
1091,13:57:57,7.85,-0.01,5,3925,卖盘
1092,13:57:54,7.86,0.01,22,17292,买盘
1093,13:57:51,7.85,--,3,2355,卖盘
1094,13:57:48,7.85,--,2,1570,卖盘
1095,13:57:42,7.85,--,61,47885,卖盘
1096,13:57:39,7.85,-0.01,59,46315,卖盘
1097,13:57:36,7.86,--,1925,1513780,卖盘
1098,13:57:33,7.86,-0.01,17,13362,卖盘
1099,13:57:30,7.87,--,346,272302,买盘
1100,13:57:27,7.87,--,111,87357,买盘
1101,13:57:24,7.87,0.01,26,20462,买盘
1102,13:57:21,7.86,-0.01,6,4716,卖盘
1103,13:57:18,7.87,--,45,35415,买盘
1104,13:57:15,7.87,0.01,3,2361,买盘
1105,13:57:09,7.86,--,2,1572,卖盘
1106,13:57:06,7.86,-0.01,2,1572,卖盘
1107,13:57:03,7.87,--,66,51942,买盘
1108,13:57:00,7.87,0.01,54,42498,买盘
1109,13:56:57,7.86,--,10,7860,卖盘
1110,13:56:54,7.86,--,308,242088,卖盘
1111,13:56:51,7.86,--,63,49518,卖盘
1112,13:56:45,7.86,-0.01,1,786,卖盘
1113,13:56:42,7.87,0.01,21,16527,买盘
1114,13:56:39,7.86,--,4,3144,卖盘
1115,13:56:36,7.86,--,64,50304,卖盘
1116,13:56:27,7.86,--,10,7860,卖盘
1117,13:56:24,7.86,-0.01,241,189426,卖盘
1118,13:56:21,7.87,0.01,23,18101,买盘
1119,13:56:18,7.86,--,66,51876,卖盘
1120,13:56:15,7.86,--,1,786,卖盘
1121,13:56:12,7.86,--,6,4716,卖盘
1122,13:56:09,7.86,-0.01,5,3930,卖盘
1123,13:56:06,7.87,0.01,110,86570,买盘
1124,13:55:54,7.86,-0.01,1,786,卖盘
1125,13:55:48,7.87,0.01,54,42498,买盘
1126,13:55:45,7.86,--,264,207504,卖盘
1127,13:55:39,7.86,--,72,56592,卖盘
1128,13:55:36,7.86,-0.01,14,11004,卖盘
1129,13:55:30,7.87,--,33,25971,买盘
1130,13:55:27,7.87,0.01,245,192815,买盘
1131,13:55:21,7.86,-0.01,1,786,卖盘
1132,13:55:18,7.87,--,1,787,买盘
1133,13:55:12,7.87,0.01,85,66895,买盘
1134,13:55:09,7.86,--,1,793,卖盘
1135,13:55:06,7.86,--,1,786,卖盘
1136,13:55:03,7.86,--,2,1572,卖盘
1137,13:54:57,7.86,-0.01,1,786,卖盘
1138,13:54:54,7.87,0.01,21,16527,买盘
1139,13:54:51,7.86,--,7,5502,卖盘
1140,13:54:48,7.86,-0.01,5,3930,卖盘
1141,13:54:45,7.87,--,20,15740,买盘
1142,13:54:42,7.87,--,87,68469,买盘
1143,13:54:36,7.87,0.01,30,23610,买盘
1144,13:54:33,7.86,--,170,133620,卖盘
1145,13:54:30,7.86,--,1,786,卖盘
1146,13:54:27,7.86,--,51,40086,卖盘
1147,13:54:24,7.86,--,25,19650,卖盘
1148,13:54:21,7.86,-0.01,65,51090,卖盘
1149,13:54:18,7.87,--,22,17314,买盘
1150,13:54:15,7.87,0.01,75,59025,买盘
1151,13:54:09,7.86,--,1,786,卖盘
1152,13:54:06,7.86,--,5,3930,卖盘
1153,13:54:03,7.86,-0.01,11,8646,卖盘
1154,13:54:00,7.87,--,49,38563,买盘
1155,13:53:57,7.87,--,6,4722,买盘
1156,13:53:54,7.87,--,12,9444,买盘
1157,13:53:51,7.87,--,77,60599,买盘
1158,13:53:48,7.87,0.01,278,218786,买盘
1159,13:53:45,7.86,-0.01,4,3144,卖盘
1160,13:53:42,7.87,0.01,41,32267,买盘
1161,13:53:33,7.86,--,40,31440,卖盘
1162,13:53:27,7.86,-0.01,19,14934,卖盘
1163,13:53:24,7.87,0.01,87,68469,买盘
1164,13:53:21,7.86,-0.01,1,786,卖盘
1165,13:53:18,7.87,0.01,63,49581,买盘
1166,13:53:09,7.86,-0.01,2,1572,卖盘
1167,13:53:06,7.87,0.01,22,17314,买盘
1168,13:53:03,7.86,--,3,2358,卖盘
1169,13:53:00,7.86,-0.01,7,5502,卖盘
1170,13:52:57,7.87,0.01,156,122772,买盘
1171,13:52:54,7.86,--,1,786,卖盘
1172,13:52:51,7.86,-0.01,68,53448,卖盘
1173,13:52:48,7.87,0.01,21,16527,买盘
1174,13:52:45,7.86,--,4,3144,卖盘
1175,13:52:39,7.86,-0.01,3,2358,卖盘
1176,13:52:36,7.87,--,4,3148,买盘
1177,13:52:30,7.87,--,22,17314,买盘
1178,13:52:24,7.87,--,1,787,买盘
1179,13:52:21,7.87,0.01,64,50368,买盘
1180,13:52:18,7.86,-0.01,1,786,卖盘
1181,13:52:15,7.87,--,3,2361,买盘
1182,13:52:12,7.87,0.01,23,18101,买盘
1183,13:52:09,7.86,--,9,7081,卖盘
1184,13:52:06,7.86,--,191,150126,卖盘
1185,13:52:03,7.86,-0.01,14,11004,卖盘
1186,13:52:00,7.87,--,13,10231,买盘
1187,13:51:54,7.87,0.01,83,65321,买盘
1188,13:51:51,7.86,-0.01,7,5502,卖盘
1189,13:51:48,7.87,0.01,109,85783,买盘
1190,13:51:45,7.86,--,100,78600,卖盘
1191,13:51:42,7.86,--,5,3930,卖盘
1192,13:51:39,7.86,-0.01,149,117114,卖盘
1193,13:51:36,7.87,0.01,22,17314,买盘
1194,13:51:33,7.86,--,9,7074,卖盘
1195,13:51:30,7.86,-0.01,281,220866,卖盘
1196,13:51:27,7.87,0.01,62,48794,买盘
1197,13:51:24,7.86,--,42,33012,卖盘
1198,13:51:21,7.86,-0.01,21,16506,卖盘
1199,13:51:18,7.87,0.01,30,23610,买盘
1200,13:51:15,7.86,--,17,13362,卖盘
1201,13:51:12,7.86,--,500,393000,卖盘
1202,13:51:09,7.86,-0.01,2,1572,卖盘
1203,13:51:06,7.87,0.01,29,22823,买盘
1204,13:51:03,7.86,-0.01,43,33798,卖盘
1205,13:51:00,7.87,--,22,17314,买盘
1206,13:50:57,7.87,0.01,63,49581,买盘
1207,13:50:54,7.86,--,31,24366,卖盘
1208,13:50:51,7.86,--,20,15720,卖盘
1209,13:50:48,7.86,-0.01,4,3144,卖盘
1210,13:50:45,7.87,--,24,18888,买盘
1211,13:50:42,7.87,0.01,696,547752,买盘
1212,13:50:39,7.86,-0.01,134,105324,卖盘
1213,13:50:36,7.87,0.01,1,787,买盘
1214,13:50:33,7.86,-0.01,6,4716,卖盘
1215,13:50:30,7.87,--,93,73191,买盘
1216,13:50:24,7.87,0.01,91,71617,买盘
1217,13:50:21,7.86,--,1,786,卖盘
1218,13:50:09,7.86,-0.01,6,4716,卖盘
1219,13:50:06,7.87,0.01,61,48007,买盘
1220,13:50:03,7.86,--,77,60522,卖盘
1221,13:49:57,7.86,--,30,23580,卖盘
1222,13:49:54,7.86,--,16,12576,卖盘
1223,13:49:51,7.86,-0.01,454,356844,卖盘
1224,13:49:48,7.87,--,64,50368,买盘
1225,13:49:45,7.87,0.01,300,236100,买盘
1226,13:49:42,7.86,--,1,786,卖盘
1227,13:49:36,7.86,-0.01,5,3930,卖盘
1228,13:49:33,7.87,--,63,49581,买盘
1229,13:49:30,7.87,--,22,17314,买盘
1230,13:49:21,7.87,--,2,1574,买盘
1231,13:49:18,7.87,0.01,21,16527,买盘
1232,13:49:15,7.86,-0.01,3,2358,卖盘
1233,13:49:12,7.87,0.01,33,25971,买盘
1234,13:49:09,7.86,-0.01,9,7081,卖盘
1235,13:49:06,7.87,--,62,48794,买盘
1236,13:49:03,7.87,--,51,40137,买盘
1237,13:48:57,7.87,--,76,59812,买盘
1238,13:48:54,7.87,0.01,37,29119,买盘
1239,13:48:51,7.86,-0.01,116,91176,卖盘
1240,13:48:48,7.87,--,5,3935,买盘
1241,13:48:45,7.87,0.01,5,3935,买盘
1242,13:48:42,7.86,--,8,6288,卖盘
1243,13:48:39,7.86,-0.01,133,104538,卖盘
1244,13:48:36,7.87,--,23,18101,买盘
1245,13:48:33,7.87,--,18,14166,买盘
1246,13:48:27,7.87,0.01,40,31480,买盘
1247,13:48:21,7.86,-0.01,10,7860,卖盘
1248,13:48:18,7.87,0.01,37,29119,买盘
1249,13:48:12,7.86,-0.01,6,4716,卖盘
1250,13:48:09,7.87,0.01,67,52729,买盘
1251,13:48:06,7.86,--,11,8646,卖盘
1252,13:48:03,7.86,-0.01,1,786,卖盘
1253,13:48:00,7.87,0.01,22,17314,买盘
1254,13:47:57,7.86,--,55,43230,卖盘
1255,13:47:54,7.86,-0.01,3,2358,卖盘
1256,13:47:51,7.87,0.01,20,15740,买盘
1257,13:47:48,7.86,--,15,11790,卖盘
1258,13:47:45,7.86,-0.01,50,39300,卖盘
1259,13:47:42,7.87,0.01,104,81848,买盘
1260,13:47:39,7.86,-0.01,61,47946,卖盘
1261,13:47:36,7.87,--,115,90505,买盘
1262,13:47:33,7.87,0.01,15,11805,买盘
1263,13:47:30,7.86,--,50,39300,卖盘
1264,13:47:27,7.86,-0.01,30,23580,卖盘
1265,13:47:24,7.87,0.01,33,25971,买盘
1266,13:47:21,7.86,-0.01,1,786,卖盘
1267,13:47:18,7.87,0.01,3,2361,买盘
1268,13:47:15,7.86,-0.01,68,53448,卖盘
1269,13:47:12,7.87,0.01,126,99162,买盘
1270,13:47:09,7.86,--,1,786,卖盘
1271,13:47:06,7.86,--,23,18722,卖盘
1272,13:46:57,7.86,-0.01,13,10218,卖盘
1273,13:46:54,7.87,--,223,175501,买盘
1274,13:46:51,7.87,--,14,11018,买盘
1275,13:46:48,7.87,0.01,67,52729,买盘
1276,13:46:45,7.86,-0.01,198,155628,卖盘
1277,13:46:42,7.87,0.01,30,23610,买盘
1278,13:46:39,7.86,--,524,411864,卖盘
1279,13:46:33,7.86,-0.01,89,69954,卖盘
1280,13:46:30,7.87,--,22,17314,买盘
1281,13:46:27,7.87,--,1,787,买盘
1282,13:46:24,7.87,0.01,12,9444,买盘
1283,13:46:21,7.86,-0.01,28,22008,卖盘
1284,13:46:18,7.87,0.01,85,66895,买盘
1285,13:46:15,7.86,-0.01,16,12576,卖盘
1286,13:46:12,7.87,0.01,94,73978,买盘
1287,13:46:09,7.86,-0.01,1,786,卖盘
1288,13:46:06,7.87,--,8,6296,买盘
1289,13:46:03,7.87,--,42,33054,买盘
1290,13:46:00,7.87,--,19,14953,买盘
1291,13:45:54,7.87,--,61,48007,买盘
1292,13:45:51,7.87,--,494,388778,买盘
1293,13:45:48,7.87,--,16,12592,买盘
1294,13:45:45,7.87,0.01,36,28332,买盘
1295,13:45:42,7.86,--,801,629586,卖盘
1296,13:45:39,7.86,-0.01,7,5502,卖盘
1297,13:45:36,7.87,--,41,32267,买盘
1298,13:45:33,7.87,--,8,6296,买盘
1299,13:45:24,7.87,--,11,8657,买盘
1300,13:45:21,7.87,--,64,50368,买盘
1301,13:45:18,7.87,0.01,53,41711,买盘
1302,13:45:15,7.86,-0.01,200,157200,卖盘
1303,13:45:12,7.87,--,23,18101,买盘
1304,13:45:09,7.87,0.01,11,8657,买盘
1305,13:45:06,7.86,--,2,1572,卖盘
1306,13:45:03,7.86,-0.01,20,15720,卖盘
1307,13:45:00,7.87,0.01,22,17314,买盘
1308,13:44:57,7.86,-0.01,21,16506,卖盘
1309,13:44:54,7.87,0.01,88,69256,买盘
1310,13:44:48,7.86,--,7,5502,卖盘
1311,13:44:45,7.86,-0.01,47,36942,卖盘
1312,13:44:42,7.87,--,38,29906,买盘
1313,13:44:39,7.87,--,114,89718,买盘
1314,13:44:36,7.87,0.01,1,787,买盘
1315,13:44:33,7.86,--,1,786,卖盘
1316,13:44:30,7.86,--,1,786,卖盘
1317,13:44:27,7.86,-0.01,69,54234,卖盘
1318,13:44:24,7.87,0.01,26,20462,买盘
1319,13:44:21,7.86,-0.01,13,10218,卖盘
1320,13:44:06,7.87,0.01,23,18101,买盘
1321,13:43:57,7.86,-0.01,66,51876,卖盘
1322,13:43:54,7.87,--,30,23610,买盘
1323,13:43:48,7.87,0.01,22,17314,买盘
1324,13:43:36,7.86,--,1,786,卖盘
1325,13:43:33,7.86,--,16,12576,卖盘
1326,13:43:30,7.86,-0.01,90,70740,卖盘
1327,13:43:27,7.87,--,60,47220,买盘
1328,13:43:24,7.87,--,68,54287,卖盘
1329,13:43:21,7.87,--,460,362020,卖盘
1330,13:43:18,7.87,--,9,7083,卖盘
1331,13:43:15,7.87,-0.01,244,192028,卖盘
1332,13:43:12,7.88,0.01,96,75648,买盘
1333,13:43:06,7.87,--,2,1574,卖盘
1334,13:43:03,7.87,--,69,54303,卖盘
1335,13:43:00,7.87,-0.01,68,53516,卖盘
1336,13:42:54,7.88,--,91,71708,买盘
1337,13:42:51,7.88,0.01,2,1576,买盘
1338,13:42:48,7.87,--,1,787,卖盘
1339,13:42:42,7.87,--,7,5509,卖盘
1340,13:42:39,7.87,-0.01,187,147169,卖盘
1341,13:42:36,7.88,--,29,22852,买盘
1342,13:42:33,7.88,0.01,132,104016,买盘
1343,13:42:27,7.87,--,19,14953,卖盘
1344,13:42:21,7.87,-0.01,4,3148,卖盘
1345,13:42:18,7.88,0.01,23,18124,买盘
1346,13:42:06,7.87,--,63,49777,卖盘
1347,13:42:03,7.87,-0.01,16,12592,卖盘
1348,13:42:00,7.88,--,126,99288,买盘
1349,13:41:57,7.88,--,6,4728,买盘
1350,13:41:48,7.88,--,20,15760,买盘
1351,13:41:45,7.88,--,1,788,买盘
1352,13:41:42,7.88,--,23,18124,买盘
1353,13:41:36,7.88,--,62,48856,买盘
1354,13:41:33,7.88,--,3,2364,买盘
1355,13:41:24,7.88,0.01,21,16548,买盘
1356,13:41:21,7.87,--,2,1574,卖盘
1357,13:41:18,7.87,-0.01,6,4722,卖盘
1358,13:41:15,7.88,--,88,69344,买盘
1359,13:41:09,7.88,--,86,67768,买盘
1360,13:41:06,7.88,--,24,18912,买盘
1361,13:41:03,7.88,0.01,9,7092,买盘
1362,13:41:00,7.87,-0.01,1,787,卖盘
1363,13:40:51,7.88,--,18,14184,买盘
1364,13:40:48,7.88,0.01,32,25216,买盘
1365,13:40:45,7.87,-0.01,66,51942,卖盘
1366,13:40:42,7.88,--,68,53584,买盘
1367,13:40:36,7.88,0.01,10,7880,买盘
1368,13:40:33,7.87,-0.01,5,3935,卖盘
1369,13:40:30,7.88,0.01,23,18124,买盘
1370,13:40:27,7.87,-0.01,41,32267,卖盘
1371,13:40:24,7.88,0.01,1000,788000,买盘
1372,13:40:21,7.87,-0.01,14,11018,卖盘
1373,13:40:18,7.88,--,3,2364,买盘
1374,13:40:12,7.88,0.01,84,66192,买盘
1375,13:40:09,7.87,--,6,4722,卖盘
1376,13:40:06,7.87,--,2,1574,卖盘
1377,13:40:03,7.87,-0.01,4,3148,卖盘
1378,13:40:00,7.88,0.01,16,12608,买盘
1379,13:39:57,7.87,-0.01,0,708,卖盘
1380,13:39:54,7.88,0.01,73,57524,买盘
1381,13:39:51,7.87,--,60,47220,卖盘
1382,13:39:48,7.87,-0.01,6,4722,卖盘
1383,13:39:45,7.88,--,62,48856,买盘
1384,13:39:42,7.88,--,1,788,买盘
1385,13:39:36,7.88,0.01,26,20488,买盘
1386,13:39:33,7.87,--,68,53516,卖盘
1387,13:39:27,7.87,--,6,4722,卖盘
1388,13:39:21,7.87,-0.01,21,16527,卖盘
1389,13:39:18,7.88,--,284,223792,买盘
1390,13:39:09,7.88,0.01,1,788,买盘
1391,13:39:06,7.87,--,5,3935,卖盘
1392,13:39:03,7.87,-0.01,35,27545,卖盘
1393,13:39:00,7.88,--,56,44128,买盘
1394,13:38:57,7.88,0.01,1,788,买盘
1395,13:38:51,7.87,--,24,18888,卖盘
1396,13:38:48,7.87,-0.01,130,102310,卖盘
1397,13:38:42,7.88,--,22,17336,买盘
1398,13:38:39,7.88,0.01,12,9456,买盘
1399,13:38:30,7.87,-0.01,1,787,卖盘
1400,13:38:24,7.88,0.01,27,21276,买盘
1401,13:38:21,7.87,--,64,50368,卖盘
1402,13:38:18,7.87,--,29,22823,卖盘
1403,13:38:12,7.87,--,28,22036,卖盘
1404,13:38:09,7.87,-0.01,16,12592,卖盘
1405,13:38:06,7.88,0.01,28,22064,买盘
1406,13:38:03,7.87,--,9,7319,卖盘
1407,13:38:00,7.87,-0.01,172,135364,卖盘
1408,13:37:57,7.88,0.01,1,788,买盘
1409,13:37:54,7.87,-0.01,64,50368,卖盘
1410,13:37:51,7.88,0.01,80,63040,买盘
1411,13:37:48,7.87,--,46,36202,卖盘
1412,13:37:45,7.87,--,0,448,卖盘
1413,13:37:42,7.87,-0.01,100,78700,卖盘
1414,13:37:39,7.88,--,1,788,买盘
1415,13:37:33,7.88,--,1,788,买盘
1416,13:37:30,7.88,0.01,22,17336,买盘
1417,13:37:27,7.87,-0.01,10,7870,卖盘
1418,13:37:24,7.88,0.01,282,222216,买盘
1419,13:37:21,7.87,0.01,3,2361,卖盘
1420,13:37:15,7.86,-0.02,46,36156,卖盘
1421,13:37:12,7.88,0.01,78,61464,买盘
1422,13:37:09,7.87,--,65,51312,买盘
1423,13:37:03,7.87,-0.01,76,60441,卖盘
1424,13:37:00,7.88,--,65,51220,买盘
1425,13:36:57,7.88,--,64,50432,买盘
1426,13:36:54,7.88,0.01,22,17336,买盘
1427,13:36:51,7.87,--,28,22036,卖盘
1428,13:36:42,7.87,--,6,4722,卖盘
1429,13:36:39,7.87,--,92,72561,买盘
1430,13:36:36,7.87,--,66,51942,买盘
1431,13:36:33,7.87,--,28,22036,买盘
1432,13:36:30,7.87,0.01,135,106245,买盘
1433,13:36:21,7.86,--,10,7860,卖盘
1434,13:36:18,7.86,--,23,18078,卖盘
1435,13:36:15,7.86,--,12,9432,卖盘
1436,13:36:12,7.86,-0.01,10,7860,卖盘
1437,13:36:09,7.87,0.01,225,177075,买盘
1438,13:36:06,7.86,--,1,786,卖盘
1439,13:36:03,7.86,-0.01,18,14148,卖盘
1440,13:36:00,7.87,0.01,95,74765,买盘
1441,13:35:57,7.86,--,11,8646,卖盘
1442,13:35:54,7.86,-0.01,2,1572,卖盘
1443,13:35:48,7.87,--,20,15740,买盘
1444,13:35:42,7.87,0.01,22,17314,买盘
1445,13:35:39,7.86,--,5,3930,卖盘
1446,13:35:36,7.86,--,11,8646,卖盘
1447,13:35:33,7.86,-0.01,75,58950,卖盘
1448,13:35:30,7.87,0.01,345,271515,买盘
1449,13:35:27,7.86,-0.01,7,5502,卖盘
1450,13:35:24,7.87,0.01,221,173927,买盘
1451,13:35:21,7.86,--,1,786,卖盘
1452,13:35:12,7.86,--,5,3930,卖盘
1453,13:35:09,7.86,-0.01,5,3930,卖盘
1454,13:35:06,7.87,0.01,162,127494,买盘
1455,13:35:03,7.86,-0.01,169,132841,卖盘
1456,13:35:00,7.87,--,6,4722,买盘
1457,13:34:57,7.87,--,13,10231,买盘
1458,13:34:54,7.87,0.01,1,787,买盘
1459,13:34:51,7.86,-0.01,10,7860,卖盘
1460,13:34:48,7.87,--,22,17314,买盘
1461,13:34:45,7.87,0.01,27,21249,买盘
1462,13:34:39,7.86,-0.01,6,4716,卖盘
1463,13:34:36,7.87,--,113,88931,买盘
1464,13:34:30,7.87,0.01,23,18101,买盘
1465,13:34:24,7.86,--,3,2358,卖盘
1466,13:34:21,7.86,-0.01,2,1572,卖盘
1467,13:34:15,7.87,--,7,5509,买盘
1468,13:34:12,7.87,0.01,27,21249,买盘
1469,13:34:09,7.86,--,63,49518,卖盘
1470,13:34:06,7.86,--,1,786,卖盘
1471,13:34:03,7.86,--,2,1572,卖盘
1472,13:33:57,7.86,-0.01,33,25938,卖盘
1473,13:33:54,7.87,0.01,22,17314,买盘
1474,13:33:48,7.86,--,2,1572,卖盘
1475,13:33:42,7.86,-0.01,1,786,卖盘
1476,13:33:39,7.87,--,78,61386,买盘
1477,13:33:36,7.87,0.01,136,107032,买盘
1478,13:33:30,7.86,--,37,29082,卖盘
1479,13:33:27,7.86,-0.01,15,11790,卖盘
1480,13:33:24,7.87,0.01,26,20462,买盘
1481,13:33:21,7.86,-0.01,1,786,卖盘
1482,13:33:18,7.87,--,21,16527,买盘
1483,13:33:15,7.87,--,80,62960,买盘
1484,13:33:12,7.87,--,74,58238,买盘
1485,13:33:06,7.87,0.01,31,24397,买盘
1486,13:33:03,7.86,-0.01,2,1579,卖盘
1487,13:33:00,7.87,0.01,27,21249,买盘
1488,13:32:57,7.86,-0.01,1,786,卖盘
1489,13:32:51,7.87,--,21,16527,买盘
1490,13:32:48,7.87,--,27,21249,买盘
1491,13:32:45,7.87,--,67,52729,买盘
1492,13:32:42,7.87,--,22,17314,买盘
1493,13:32:36,7.87,--,30,23610,买盘
1494,13:32:30,7.87,--,3,2361,买盘
1495,13:32:24,7.87,0.01,29,22823,买盘
1496,13:32:21,7.86,-0.01,51,40086,卖盘
1497,13:32:15,7.87,0.01,66,51942,买盘
1498,13:32:12,7.86,-0.01,31,24366,卖盘
1499,13:32:09,7.87,--,7,5509,买盘
1500,13:32:06,7.87,--,42,33054,买盘
1501,13:32:03,7.87,0.01,16,12592,买盘
1502,13:32:00,7.86,--,1,786,卖盘
1503,13:31:57,7.86,--,98,77028,买盘
1504,13:31:54,7.86,0.01,1,786,买盘
1505,13:31:51,7.85,-0.01,6,4710,卖盘
1506,13:31:48,7.86,--,144,113184,买盘
1507,13:31:45,7.86,--,15,11790,买盘
1508,13:31:42,7.86,--,14,11004,买盘
1509,13:31:39,7.86,--,8,6288,买盘
1510,13:31:36,7.86,0.01,26,20436,买盘
1511,13:31:33,7.85,-0.01,191,149935,卖盘
1512,13:31:30,7.86,0.01,145,113970,买盘
1513,13:31:21,7.85,-0.01,79,62015,卖盘
1514,13:31:18,7.86,--,37,29082,买盘
1515,13:31:15,7.86,-0.01,13,10218,卖盘
1516,13:31:12,7.87,0.01,22,17314,买盘
1517,13:31:09,7.86,--,1,786,卖盘
1518,13:31:06,7.86,--,22,17292,卖盘
1519,13:31:03,7.86,-0.01,1,786,卖盘
1520,13:31:00,7.87,0.01,19,14953,买盘
1521,13:30:57,7.86,--,1,786,买盘
1522,13:30:54,7.86,--,64,50304,卖盘
1523,13:30:51,7.86,0.01,26,20436,买盘
1524,13:30:48,7.85,-0.01,8,6280,卖盘
1525,13:30:45,7.86,--,80,62880,买盘
1526,13:30:42,7.86,0.01,15,11790,买盘
1527,13:30:39,7.85,-0.01,100,78500,卖盘
1528,13:30:36,7.86,--,26,20436,买盘
1529,13:30:33,7.86,--,1,786,卖盘
1530,13:30:27,7.86,-0.01,8,6288,卖盘
1531,13:30:24,7.87,0.01,128,100736,买盘
1532,13:30:21,7.86,--,49,38514,买盘
1533,13:30:18,7.86,0.01,42,33012,买盘
1534,13:30:12,7.85,--,5,3925,卖盘
1535,13:30:09,7.85,--,8,6280,卖盘
1536,13:30:06,7.85,-0.01,114,89599,卖盘
1537,13:30:00,7.86,0.01,55,43355,买盘
1538,13:29:57,7.85,--,258,202530,卖盘
1539,13:29:54,7.85,-0.01,68,53380,卖盘
1540,13:29:51,7.86,--,1,786,买盘
1541,13:29:48,7.86,0.01,11,8646,买盘
1542,13:29:45,7.85,-0.01,13,10205,卖盘
1543,13:29:42,7.86,--,72,56592,买盘
1544,13:29:39,7.86,0.01,1,786,买盘
1545,13:29:36,7.85,-0.01,1,785,卖盘
1546,13:29:33,7.86,--,2,1572,买盘
1547,13:29:27,7.86,--,62,48732,买盘
1548,13:29:24,7.86,--,32,25152,买盘
1549,13:29:21,7.86,--,33,25938,买盘
1550,13:29:18,7.86,--,4,3144,买盘
1551,13:29:15,7.86,-0.01,76,60411,卖盘
1552,13:29:09,7.87,0.01,1,787,买盘
1553,13:29:06,7.86,--,34,26724,卖盘
1554,13:29:03,7.86,--,5,3930,卖盘
1555,13:29:00,7.86,--,118,92858,卖盘
1556,13:28:57,7.86,--,32,25152,卖盘
1557,13:28:54,7.86,-0.01,31,24366,卖盘
1558,13:28:51,7.87,--,1,787,买盘
1559,13:28:48,7.87,0.01,21,16527,买盘
1560,13:28:45,7.86,-0.01,1,786,卖盘
1561,13:28:33,7.87,0.01,63,49581,买盘
1562,13:28:24,7.86,--,1,786,卖盘
1563,13:28:21,7.86,-0.01,4,3144,卖盘
1564,13:28:18,7.87,0.02,32,25184,买盘
1565,13:28:15,7.85,-0.01,524,411340,卖盘
1566,13:28:12,7.86,-0.01,7,5502,卖盘
1567,13:28:06,7.87,0.01,18,14166,买盘
1568,13:28:03,7.86,0.01,20,16285,买盘
1569,13:27:57,7.85,-0.01,12,9420,卖盘
1570,13:27:54,7.86,--,67,52882,卖盘
1571,13:27:51,7.86,-0.01,52,41437,卖盘
1572,13:27:48,7.87,0.01,218,171566,买盘
1573,13:27:45,7.86,-0.01,8,6288,卖盘
1574,13:27:42,7.87,--,30,23610,买盘
1575,13:27:39,7.87,0.01,10,7870,买盘
1576,13:27:36,7.86,--,69,54234,卖盘
1577,13:27:33,7.86,--,69,54234,卖盘
1578,13:27:27,7.86,-0.01,1,786,卖盘
1579,13:27:24,7.87,0.01,22,17314,买盘
1580,13:27:21,7.86,-0.01,1,786,卖盘
1581,13:27:18,7.87,--,6,4722,买盘
1582,13:27:12,7.87,0.01,6,4722,买盘
1583,13:27:09,7.86,--,39,30654,买盘
1584,13:27:06,7.86,0.01,36,28296,买盘
1585,13:27:03,7.85,-0.01,800,628000,卖盘
1586,13:26:57,7.86,0.01,58,45588,买盘
1587,13:26:54,7.85,-0.01,5,3925,卖盘
1588,13:26:51,7.86,--,14,11004,买盘
1589,13:26:48,7.86,--,36,28296,买盘
1590,13:26:45,7.86,--,939,738054,卖盘
1591,13:26:42,7.86,-0.01,1,786,卖盘
1592,13:26:39,7.87,--,63,49581,买盘
1593,13:26:36,7.87,0.01,10,7870,买盘
1594,13:26:33,7.86,--,5,3930,卖盘
1595,13:26:30,7.86,-0.01,9,7074,卖盘
1596,13:26:27,7.87,0.01,20,15740,买盘
1597,13:26:24,7.86,--,23,18078,卖盘
1598,13:26:21,7.86,-0.01,7,5502,卖盘
1599,13:26:18,7.87,0.01,6,4722,买盘
1600,13:26:12,7.86,--,67,52662,卖盘
1601,13:26:09,7.86,--,6,4716,卖盘
1602,13:26:06,7.86,-0.01,1,786,卖盘
1603,13:25:54,7.87,--,17,13379,买盘
1604,13:25:48,7.87,--,12,9444,买盘
1605,13:25:45,7.87,--,62,48794,买盘
1606,13:25:42,7.87,--,6,4722,买盘
1607,13:25:30,7.87,--,6,4722,买盘
1608,13:25:27,7.87,0.01,8,6296,买盘
1609,13:25:24,7.86,--,21,16506,卖盘
1610,13:25:21,7.86,-0.01,2,1572,卖盘
1611,13:25:18,7.87,--,5,3935,买盘
1612,13:25:15,7.87,--,64,50368,买盘
1613,13:25:12,7.87,--,6,4722,买盘
1614,13:25:09,7.87,0.01,21,16527,买盘
1615,13:25:06,7.86,-0.01,8,6288,卖盘
1616,13:25:03,7.87,0.01,13,10231,买盘
1617,13:25:00,7.86,-0.01,1,786,卖盘
1618,13:24:57,7.87,0.01,146,114902,买盘
1619,13:24:54,7.86,-0.01,1383,1087038,卖盘
1620,13:24:51,7.87,--,7,5509,买盘
1621,13:24:48,7.87,--,62,48794,买盘
1622,13:24:42,7.87,--,6,4722,买盘
1623,13:24:33,7.87,0.01,25,19675,买盘
1624,13:24:30,7.86,--,355,279030,卖盘
1625,13:24:27,7.86,--,44,34584,卖盘
1626,13:24:21,7.86,-0.01,69,54234,卖盘
1627,13:24:18,7.87,0.01,6,4722,买盘
1628,13:24:15,7.86,-0.01,12,9432,卖盘
1629,13:24:12,7.87,0.01,206,162122,买盘
1630,13:24:06,7.86,-0.01,3,2358,卖盘
1631,13:24:03,7.87,0.01,60,47220,买盘
1632,13:24:00,7.86,-0.01,3,2365,卖盘
1633,13:23:54,7.87,--,58,45646,买盘
1634,13:23:51,7.87,0.01,63,49581,买盘
1635,13:23:48,7.86,-0.01,9,7074,卖盘
1636,13:23:45,7.87,--,13,10231,买盘
1637,13:23:42,7.87,--,26,20462,买盘
1638,13:23:39,7.87,0.01,52,40924,买盘
1639,13:23:36,7.86,--,2,1572,卖盘
1640,13:23:33,7.86,-0.01,17,13362,卖盘
1641,13:23:30,7.87,0.01,178,140086,买盘
1642,13:23:27,7.86,-0.01,7,5502,卖盘
1643,13:23:24,7.87,0.01,62,48794,买盘
1644,13:23:21,7.86,-0.01,6,4716,卖盘
1645,13:23:15,7.87,0.01,14,11018,买盘
1646,13:23:12,7.86,-0.01,13,10218,卖盘
1647,13:23:09,7.87,0.01,1,787,买盘
1648,13:23:06,7.86,--,60,47160,卖盘
1649,13:23:03,7.86,--,251,197286,卖盘
1650,13:23:00,7.86,--,5,3930,卖盘
1651,13:22:57,7.86,-0.01,6,4716,卖盘
1652,13:22:54,7.87,--,126,99162,买盘
1653,13:22:51,7.87,0.01,16,12592,买盘
1654,13:22:45,7.86,-0.01,7,5502,卖盘
1655,13:22:42,7.87,0.01,136,107032,买盘
1656,13:22:39,7.86,--,19,14934,卖盘
1657,13:22:30,7.86,-0.01,6,4716,卖盘
1658,13:22:27,7.87,0.01,66,51942,买盘
1659,13:22:24,7.86,-0.01,6,4716,卖盘
1660,13:22:21,7.87,--,43,33841,买盘
1661,13:22:18,7.87,--,6,4722,买盘
1662,13:22:15,7.87,0.01,6,4722,买盘
1663,13:22:09,7.86,--,5,3930,卖盘
1664,13:22:06,7.86,-0.01,14,11004,卖盘
1665,13:22:00,7.87,0.01,63,49581,买盘
1666,13:21:57,7.86,-0.01,4,3144,卖盘
1667,13:21:51,7.87,0.01,35,27545,买盘
1668,13:21:48,7.86,-0.01,326,256236,卖盘
1669,13:21:42,7.87,--,6,4722,买盘
1670,13:21:39,7.87,0.01,11,8657,买盘
1671,13:21:36,7.86,--,2,1572,卖盘
1672,13:21:33,7.86,-0.01,13,10218,卖盘
1673,13:21:30,7.87,0.01,237,186519,买盘
1674,13:21:27,7.86,--,5,3930,卖盘
1675,13:21:24,7.86,--,9,7074,卖盘
1676,13:21:21,7.86,-0.01,25,19650,卖盘
1677,13:21:18,7.87,0.01,6,4722,买盘
1678,13:21:15,7.86,--,2,1572,卖盘
1679,13:21:12,7.86,--,10,7860,卖盘
1680,13:21:09,7.86,--,35,27510,卖盘
1681,13:21:06,7.86,--,3,2358,卖盘
1682,13:21:03,7.86,--,111,87246,卖盘
1683,13:21:00,7.86,--,180,141480,卖盘
1684,13:20:57,7.86,--,5,3937,卖盘
1685,13:20:54,7.86,--,1,786,卖盘
1686,13:20:51,7.86,-0.01,2,1572,卖盘
1687,13:20:48,7.87,--,11,8657,买盘
1688,13:20:42,7.87,0.01,7,5509,买盘
1689,13:20:39,7.86,-0.01,4,3144,卖盘
1690,13:20:36,7.87,0.01,83,65321,买盘
1691,13:20:33,7.86,-0.01,6,4716,卖盘
1692,13:20:30,7.87,--,7,5509,买盘
1693,13:20:27,7.87,0.01,20,15740,买盘
1694,13:20:21,7.86,-0.01,6,4716,卖盘
1695,13:20:18,7.87,--,23,18101,买盘
1696,13:20:15,7.87,0.01,27,21249,买盘
1697,13:20:09,7.86,-0.01,14,11004,卖盘
1698,13:20:06,7.87,0.01,74,58238,买盘
1699,13:20:03,7.86,--,20,15720,卖盘
1700,13:20:00,7.86,--,186,146196,卖盘
1701,13:19:57,7.86,--,11,8646,卖盘
1702,13:19:54,7.86,-0.01,5,3930,卖盘
1703,13:19:51,7.87,--,100,78700,买盘
1704,13:19:48,7.87,0.01,5,3935,买盘
1705,13:19:45,7.86,--,42,33012,卖盘
1706,13:19:42,7.86,-0.01,4,3144,卖盘
1707,13:19:39,7.87,0.01,62,48794,买盘
1708,13:19:36,7.86,--,6,4716,卖盘
1709,13:19:24,7.86,--,1,786,卖盘
1710,13:19:21,7.86,-0.01,1,786,卖盘
1711,13:19:18,7.87,0.01,19,14953,买盘
1712,13:19:15,7.86,-0.01,33,25938,卖盘
1713,13:19:12,7.87,--,68,53516,买盘
1714,13:19:09,7.87,0.01,6,4722,买盘
1715,13:19:06,7.86,-0.01,1,786,卖盘
1716,13:19:03,7.87,0.01,19,14953,买盘
1717,13:19:00,7.86,--,2,1572,卖盘
1718,13:18:57,7.86,-0.01,0,7,卖盘
1719,13:18:51,7.87,0.01,6,4722,买盘
1720,13:18:45,7.86,-0.01,4,3144,卖盘
1721,13:18:42,7.87,0.01,62,48794,买盘
1722,13:18:39,7.86,-0.01,5,3930,卖盘
1723,13:18:36,7.87,--,10,7870,买盘
1724,13:18:33,7.87,0.01,25,19675,买盘
1725,13:18:27,7.86,--,12,9432,卖盘
1726,13:18:24,7.86,--,3,2358,卖盘
1727,13:18:21,7.86,--,21,16506,卖盘
1728,13:18:18,7.86,-0.01,3,2358,卖盘
1729,13:18:15,7.87,0.01,64,50368,买盘
1730,13:18:09,7.86,--,7,5502,卖盘
1731,13:18:06,7.86,--,206,161916,卖盘
1732,13:18:03,7.86,--,27,21222,卖盘
1733,13:18:00,7.86,-0.01,42,33012,卖盘
1734,13:17:57,7.87,0.01,1,787,买盘
1735,13:17:54,7.86,-0.01,1,786,卖盘
1736,13:17:48,7.87,0.01,63,49581,买盘
1737,13:17:45,7.86,-0.01,5,3930,卖盘
1738,13:17:42,7.87,0.01,75,59025,买盘
1739,13:17:39,7.86,-0.01,7,5502,卖盘
1740,13:17:36,7.87,0.01,40,31480,买盘
1741,13:17:33,7.86,-0.01,39,30654,卖盘
1742,13:17:30,7.87,0.01,10,7870,买盘
1743,13:17:21,7.86,-0.01,12,9432,卖盘
1744,13:17:18,7.87,0.01,204,160548,买盘
1745,13:17:15,7.86,--,1,786,卖盘
1746,13:17:12,7.86,-0.01,2,1572,卖盘
1747,13:17:09,7.87,--,23,18101,买盘
1748,13:17:06,7.87,0.01,1,787,买盘
1749,13:17:03,7.86,--,6,4716,卖盘
1750,13:17:00,7.86,-0.01,2,1572,卖盘
1751,13:16:57,7.87,--,30,23610,买盘
1752,13:16:54,7.87,--,60,47220,买盘
1753,13:16:51,7.87,0.01,62,48794,买盘
1754,13:16:48,7.86,--,11,8646,卖盘
1755,13:16:45,7.86,--,55,43230,卖盘
1756,13:16:42,7.86,-0.01,15,11790,卖盘
1757,13:16:39,7.87,0.01,113,88931,买盘
1758,13:16:33,7.86,--,6,4716,卖盘
1759,13:16:30,7.86,--,23,18078,卖盘
1760,13:16:27,7.86,-0.01,386,303396,卖盘
1761,13:16:24,7.87,0.01,62,48794,买盘
1762,13:16:21,7.86,--,6,4716,卖盘
1763,13:16:18,7.86,--,135,106110,卖盘
1764,13:16:15,7.86,-0.01,7,5502,卖盘
1765,13:16:12,7.87,--,40,31480,买盘
1766,13:16:09,7.87,0.01,50,39350,买盘
1767,13:16:06,7.86,-0.01,2,1572,卖盘
1768,13:16:03,7.87,--,1,787,买盘
1769,13:16:00,7.87,0.01,5,3935,买盘
1770,13:15:57,7.86,-0.01,32,25159,卖盘
1771,13:15:54,7.87,0.01,65,51792,买盘
1772,13:15:51,7.86,-0.01,1,786,卖盘
1773,13:15:48,7.87,0.01,8,6296,买盘
1774,13:15:42,7.86,-0.01,6,4716,卖盘
1775,13:15:36,7.87,0.01,39,30693,买盘
1776,13:15:33,7.86,--,1038,815868,卖盘
1777,13:15:30,7.86,--,22,17292,卖盘
1778,13:15:27,7.86,-0.01,63,49518,卖盘
1779,13:15:24,7.87,--,58,45646,买盘
1780,13:15:21,7.87,--,20,15740,买盘
1781,13:15:18,7.87,0.01,27,21249,买盘
1782,13:15:15,7.86,--,30,23580,卖盘
1783,13:15:12,7.86,--,6,4716,卖盘
1784,13:15:09,7.86,--,20,15720,卖盘
1785,13:15:06,7.86,--,145,113970,卖盘
1786,13:15:00,7.86,-0.01,5,3930,卖盘
1787,13:14:57,7.87,0.01,91,71617,买盘
1788,13:14:54,7.86,--,52,41021,卖盘
1789,13:14:51,7.86,-0.01,1,786,卖盘
1790,13:14:48,7.87,0.01,46,36202,买盘
1791,13:14:45,7.86,-0.01,4,3144,卖盘
1792,13:14:39,7.87,0.01,2,1574,买盘
1793,13:14:36,7.86,-0.01,2,1572,卖盘
1794,13:14:33,7.87,--,7,5509,买盘
1795,13:14:30,7.87,0.01,63,49581,买盘
1796,13:14:27,7.86,--,2,1572,卖盘
1797,13:14:24,7.86,--,1,786,卖盘
1798,13:14:21,7.86,-0.01,1,786,卖盘
1799,13:14:18,7.87,0.01,25,19675,买盘
1800,13:14:15,7.86,--,53,41658,卖盘
1801,13:14:12,7.86,--,8,6288,卖盘
1802,13:14:09,7.86,--,6,4716,卖盘
1803,13:14:06,7.86,--,36,28296,卖盘
1804,13:14:03,7.86,--,70,55020,卖盘
1805,13:13:57,7.86,-0.01,21,16506,卖盘
1806,13:13:54,7.87,--,260,204620,卖盘
1807,13:13:51,7.87,--,155,121985,卖盘
1808,13:13:45,7.87,--,4,3148,卖盘
1809,13:13:42,7.87,--,2,1574,卖盘
1810,13:13:36,7.87,-0.01,67,52729,卖盘
1811,13:13:33,7.88,0.01,10,7880,买盘
1812,13:13:30,7.87,--,14,11018,卖盘
1813,13:13:24,7.87,--,1,787,卖盘
1814,13:13:21,7.87,-0.01,23,18101,卖盘
1815,13:13:18,7.88,0.01,38,29944,买盘
1816,13:13:09,7.87,--,2,1574,卖盘
1817,13:13:06,7.87,0.01,17,13379,买盘
1818,13:13:03,7.86,-0.02,124,97464,卖盘
1819,13:13:00,7.88,0.01,3004,2367152,买盘
1820,13:12:57,7.87,--,2,1574,卖盘
1821,13:12:54,7.87,--,1,787,卖盘
1822,13:12:48,7.87,--,5,3935,卖盘
1823,13:12:45,7.87,-0.01,4,3148,卖盘
1824,13:12:42,7.88,--,50,39400,买盘
1825,13:12:39,7.88,0.01,73,57524,买盘
1826,13:12:36,7.87,-0.01,2,1574,卖盘
1827,13:12:33,7.88,0.01,5,3940,买盘
1828,13:12:30,7.87,-0.01,1,787,卖盘
1829,13:12:27,7.88,0.01,30,23640,买盘
1830,13:12:24,7.87,--,4,3148,卖盘
1831,13:12:21,7.87,--,5,3935,卖盘
1832,13:12:18,7.87,--,95,74765,卖盘
1833,13:12:12,7.87,-0.01,8,6296,卖盘
1834,13:12:09,7.88,--,72,56736,买盘
1835,13:12:06,7.88,--,6,4728,买盘
1836,13:12:03,7.88,--,18,14184,买盘
1837,13:12:00,7.88,--,8,6304,买盘
1838,13:11:57,7.88,0.01,11,8668,买盘
1839,13:11:54,7.87,-0.01,65,51155,卖盘
1840,13:11:51,7.88,0.01,11,8668,买盘
1841,13:11:45,7.87,-0.01,6,4722,卖盘
1842,13:11:42,7.88,0.01,63,49644,买盘
1843,13:11:39,7.87,-0.01,1,787,卖盘
1844,13:11:33,7.88,0.01,16,12608,买盘
1845,13:11:30,7.87,-0.01,2,1574,卖盘
1846,13:11:21,7.88,--,5,3940,买盘
1847,13:11:18,7.88,0.01,12,9456,买盘
1848,13:11:15,7.87,--,71,55877,卖盘
1849,13:11:12,7.87,--,8,6296,卖盘
1850,13:11:06,7.87,-0.01,64,50368,卖盘
1851,13:11:00,7.88,0.01,8,6304,买盘
1852,13:10:57,7.87,--,2,1574,卖盘
1853,13:10:54,7.87,-0.01,1,787,卖盘
1854,13:10:51,7.88,0.01,9,7092,买盘
1855,13:10:48,7.87,-0.01,18,14166,卖盘
1856,13:10:45,7.88,0.01,74,58312,买盘
1857,13:10:42,7.87,--,53,41711,卖盘
1858,13:10:39,7.87,--,16,12592,卖盘
1859,13:10:33,7.87,-0.01,2,1574,卖盘
1860,13:10:30,7.88,0.01,7,5516,买盘
1861,13:10:24,7.87,-0.01,19,14953,卖盘
1862,13:10:21,7.88,--,4,3152,买盘
1863,13:10:18,7.88,0.01,62,48856,买盘
1864,13:10:15,7.87,--,6,4722,卖盘
1865,13:10:12,7.87,--,112,88144,卖盘
1866,13:10:09,7.87,--,55,43285,卖盘
1867,13:10:06,7.87,--,1,787,卖盘
1868,13:10:03,7.87,-0.01,4,3148,卖盘
1869,13:10:00,7.88,0.01,23,18124,买盘
1870,13:09:54,7.87,-0.01,7,5509,卖盘
1871,13:09:51,7.88,--,93,73284,买盘
1872,13:09:48,7.88,0.01,200,157600,买盘
1873,13:09:39,7.87,-0.01,2,1574,卖盘
1874,13:09:36,7.88,--,5,3940,买盘
1875,13:09:30,7.88,0.01,14,11032,买盘
1876,13:09:27,7.87,--,2,1574,卖盘
1877,13:09:24,7.87,-0.01,3,2361,卖盘
1878,13:09:21,7.88,0.01,67,52796,买盘
1879,13:09:18,7.87,--,2,1574,卖盘
1880,13:09:15,7.87,--,6,4722,卖盘
1881,13:09:06,7.87,-0.01,1,787,卖盘
1882,13:09:03,7.88,--,26,20488,买盘
1883,13:09:00,7.88,0.01,5,3940,买盘
1884,13:08:54,7.87,-0.01,79,62188,卖盘
1885,13:08:51,7.88,--,76,59888,买盘
1886,13:08:48,7.88,0.01,13,10244,买盘
1887,13:08:45,7.87,-0.01,8,6296,卖盘
1888,13:08:42,7.88,0.01,107,84316,买盘
1889,13:08:33,7.87,-0.01,2,1574,卖盘
1890,13:08:30,7.88,0.01,5,3940,买盘
1891,13:08:27,7.87,-0.01,67,52729,卖盘
1892,13:08:24,7.88,0.01,134,105592,买盘
1893,13:08:21,7.87,--,31,24397,卖盘
1894,13:08:12,7.87,--,5,3935,卖盘
1895,13:08:09,7.87,--,16,12592,卖盘
1896,13:08:06,7.87,--,23,18101,买盘
1897,13:08:03,7.87,--,7,5509,买盘
1898,13:08:00,7.87,--,41,32267,买盘
1899,13:07:57,7.87,0.01,71,55877,买盘
1900,13:07:54,7.86,--,4,3144,卖盘
1901,13:07:48,7.86,--,2,1572,卖盘
1902,13:07:42,7.86,-0.01,1,786,卖盘
1903,13:07:39,7.87,-0.01,5,3935,卖盘
1904,13:07:36,7.88,0.02,10,7880,买盘
1905,13:07:33,7.86,-0.02,6,4716,卖盘
1906,13:07:30,7.88,0.01,96,75648,买盘
1907,13:07:27,7.87,0.01,340,267580,买盘
1908,13:07:24,7.86,--,6,4716,卖盘
1909,13:07:21,7.86,-0.01,197,154842,卖盘
1910,13:07:18,7.87,0.01,13,10231,买盘
1911,13:07:15,7.86,-0.01,51,40086,卖盘
1912,13:07:12,7.87,0.01,7,5509,买盘
1913,13:07:09,7.86,-0.01,2,1572,卖盘
1914,13:07:06,7.87,--,40,31480,卖盘
1915,13:07:03,7.87,--,29,22823,买盘
1916,13:07:00,7.87,--,57,44859,买盘
1917,13:06:57,7.87,0.01,6,4722,买盘
1918,13:06:54,7.86,--,2,1572,卖盘
1919,13:06:51,7.86,--,2,1572,卖盘
1920,13:06:48,7.86,-0.01,34,26724,卖盘
1921,13:06:45,7.87,--,24,18888,卖盘
1922,13:06:42,7.87,--,5,3935,卖盘
1923,13:06:39,7.87,-0.01,51,40137,卖盘
1924,13:06:36,7.88,0.01,39,30732,买盘
1925,13:06:33,7.87,0.01,11,8657,买盘
1926,13:06:30,7.86,-0.01,2,1572,卖盘
1927,13:06:27,7.87,0.01,3,2361,买盘
1928,13:06:24,7.86,--,4,3144,卖盘
1929,13:06:21,7.86,--,114,89604,卖盘
1930,13:06:18,7.86,--,7,5502,卖盘
1931,13:06:15,7.86,-0.01,149,117114,卖盘
1932,13:06:12,7.87,--,69,54303,卖盘
1933,13:06:09,7.87,--,2,1574,卖盘
1934,13:06:06,7.87,0.01,10,7870,买盘
1935,13:06:03,7.86,-0.01,3,2358,卖盘
1936,13:06:00,7.87,0.01,72,56664,买盘
1937,13:05:57,7.86,--,8,6288,卖盘
1938,13:05:54,7.86,--,69,54234,卖盘
1939,13:05:51,7.86,--,1,786,卖盘
1940,13:05:48,7.86,--,19,14941,卖盘
1941,13:05:42,7.86,--,28,22008,卖盘
1942,13:05:39,7.86,-0.01,63,49518,卖盘
1943,13:05:36,7.87,0.01,17,13379,买盘
1944,13:05:33,7.86,-0.01,71,55806,卖盘
1945,13:05:30,7.87,0.01,3,2361,买盘
1946,13:05:24,7.86,--,2,1572,卖盘
1947,13:05:15,7.86,--,4,3144,卖盘
1948,13:05:12,7.86,-0.01,75,58950,卖盘
1949,13:05:09,7.87,0.01,63,49581,买盘
1950,13:05:03,7.86,--,3,2358,卖盘
1951,13:05:00,7.86,-0.02,4,3144,卖盘
1952,13:04:57,7.88,0.02,3,2364,买盘
1953,13:04:54,7.86,-0.01,5,3930,卖盘
1954,13:04:51,7.87,--,144,113328,卖盘
1955,13:04:48,7.87,--,4,3148,卖盘
1956,13:04:45,7.87,--,105,82642,卖盘
1957,13:04:42,7.87,--,66,51942,卖盘
1958,13:04:39,7.87,--,112,88144,卖盘
1959,13:04:36,7.87,--,23,18101,卖盘
1960,13:04:33,7.87,--,107,84209,卖盘
1961,13:04:30,7.87,-0.01,2,1574,卖盘
1962,13:04:27,7.88,0.01,6,4728,买盘
1963,13:04:24,7.87,--,90,70830,卖盘
1964,13:04:18,7.87,--,2,1574,卖盘
1965,13:04:15,7.87,-0.01,3,2361,卖盘
1966,13:04:12,7.88,0.01,82,64616,买盘
1967,13:04:09,7.87,--,7,5509,卖盘
1968,13:04:06,7.87,--,22,17314,卖盘
1969,13:04:03,7.87,-0.01,4,3148,卖盘
1970,13:03:57,7.88,0.01,7,5516,买盘
1971,13:03:48,7.87,--,2,1574,卖盘
1972,13:03:45,7.87,--,63,49581,卖盘
1973,13:03:42,7.87,--,3,2361,卖盘
1974,13:03:36,7.87,-0.01,2,1574,卖盘
1975,13:03:30,7.88,0.01,3,2364,买盘
1976,13:03:27,7.87,--,3,2361,卖盘
1977,13:03:24,7.87,--,12,9444,卖盘
1978,13:03:21,7.87,--,10,7870,卖盘
1979,13:03:18,7.87,--,16,12592,买盘
1980,13:03:15,7.87,--,35,27545,买盘
1981,13:03:12,7.87,0.01,7,5509,买盘
1982,13:03:09,7.86,--,4,3144,卖盘
1983,13:03:06,7.86,-0.01,1,786,卖盘
1984,13:03:03,7.87,0.01,69,54303,买盘
1985,13:03:00,7.86,-0.01,14,11004,卖盘
1986,13:02:57,7.87,--,4,3148,买盘
1987,13:02:54,7.87,0.01,29,22823,买盘
1988,13:02:51,7.86,-0.01,6,4716,卖盘
1989,13:02:48,7.87,0.01,62,48794,买盘
1990,13:02:39,7.86,-0.01,5,3930,卖盘
1991,13:02:36,7.87,--,326,256562,买盘
1992,13:02:30,7.87,--,11,8657,买盘
1993,13:02:27,7.87,0.01,3,2361,买盘
1994,13:02:24,7.86,-0.01,15,11790,卖盘
1995,13:02:21,7.87,0.01,62,48794,买盘
1996,13:02:18,7.86,-0.01,2,1572,卖盘
1997,13:02:15,7.87,0.01,23,18101,买盘
1998,13:02:06,7.86,--,2,1572,卖盘
1999,13:02:03,7.86,-0.01,4,3144,卖盘
2000,13:01:57,7.87,0.01,5,3935,买盘
2001,13:01:54,7.86,--,66,51876,卖盘
2002,13:01:51,7.86,--,105,82530,卖盘
2003,13:01:45,7.86,--,2,1572,卖盘
2004,13:01:39,7.86,--,16,12576,卖盘
2005,13:01:36,7.86,--,17,13362,卖盘
2006,13:01:33,7.86,-0.01,20,15720,卖盘
2007,13:01:30,7.87,0.01,5,3935,买盘
2008,13:01:27,7.86,-0.01,1,786,卖盘
2009,13:01:24,7.87,0.01,113,88931,买盘
2010,13:01:18,7.86,--,17,13362,卖盘
2011,13:01:15,7.86,--,1,786,卖盘
2012,13:01:12,7.86,-0.01,2,1572,卖盘
2013,13:01:06,7.87,0.01,25,19675,买盘
2014,13:01:00,7.86,-0.01,3,2358,卖盘
2015,13:00:57,7.87,0.01,67,52729,买盘
2016,13:00:54,7.86,--,69,54234,卖盘
2017,13:00:51,7.86,--,34,26724,卖盘
2018,13:00:48,7.86,--,32,25152,卖盘
2019,13:00:42,7.86,--,3,2358,卖盘
2020,13:00:39,7.86,-0.01,19,14934,卖盘
2021,13:00:36,7.87,0.01,55,43285,买盘
2022,13:00:33,7.86,--,71,55806,卖盘
2023,13:00:30,7.86,--,225,176850,卖盘
2024,13:00:27,7.86,-0.01,7,5502,卖盘
2025,13:00:24,7.87,0.01,184,144808,买盘
2026,13:00:18,7.86,--,5,3930,卖盘
2027,13:00:15,7.86,--,3,2358,卖盘
2028,13:00:12,7.86,-0.01,286,224796,卖盘
2029,13:00:09,7.87,0.01,135,106245,买盘
2030,13:00:06,7.86,--,133,104538,卖盘
2031,13:00:03,7.86,--,1049,824514,卖盘
2032,13:00:00,7.86,--,0,0,卖盘
2033,11:30:00,7.86,-0.01,5,3930,卖盘
2034,11:29:57,7.87,0.01,75,59025,买盘
2035,11:29:54,7.86,--,2,1572,卖盘
2036,11:29:42,7.86,--,66,51876,买盘
2037,11:29:39,7.86,--,38,29868,买盘
2038,11:29:36,7.86,0.01,28,22008,买盘
2039,11:29:33,7.85,-0.02,1,785,卖盘
2040,11:29:30,7.87,--,10,7870,买盘
2041,11:29:27,7.87,0.01,82,64534,买盘
2042,11:29:21,7.86,--,37,29082,买盘
2043,11:29:15,7.86,--,30,23580,卖盘
2044,11:29:09,7.86,-0.01,2,1572,卖盘
2045,11:29:03,7.87,0.01,76,59812,买盘
2046,11:29:00,7.86,--,23,18078,买盘
2047,11:28:57,7.86,--,3,2358,买盘
2048,11:28:54,7.86,--,5,3930,卖盘
2049,11:28:51,7.86,--,6,4716,卖盘
2050,11:28:48,7.86,--,56,44016,卖盘
2051,11:28:45,7.86,--,20,15720,卖盘
2052,11:28:39,7.86,--,6,4716,卖盘
2053,11:28:36,7.86,--,50,39300,卖盘
2054,11:28:30,7.86,--,44,34584,买盘
2055,11:28:27,7.86,0.01,68,53448,买盘
2056,11:28:18,7.85,--,5,3925,卖盘
2057,11:28:15,7.85,--,2,1570,卖盘
2058,11:28:12,7.85,-0.01,7,5495,卖盘
2059,11:28:09,7.86,0.01,1,786,买盘
2060,11:28:06,7.85,-0.01,6,4710,卖盘
2061,11:28:03,7.86,0.01,124,97464,买盘
2062,11:28:00,7.85,--,36,28260,卖盘
2063,11:27:57,7.85,-0.01,11,8635,卖盘
2064,11:27:54,7.86,0.01,11,8646,买盘
2065,11:27:48,7.85,-0.01,6,4710,卖盘
2066,11:27:45,7.86,0.01,66,51876,买盘
2067,11:27:42,7.85,--,17,13345,卖盘
2068,11:27:39,7.85,--,18,14130,卖盘
2069,11:27:36,7.85,-0.01,46,36110,卖盘
2070,11:27:33,7.86,0.01,64,50304,买盘
2071,11:27:30,7.85,-0.01,2,1570,卖盘
2072,11:27:24,7.86,0.01,56,44016,买盘
2073,11:27:21,7.85,-0.01,1,785,卖盘
2074,11:27:15,7.86,--,3,2358,买盘
2075,11:27:09,7.86,0.01,27,21222,买盘
2076,11:27:06,7.85,--,74,58090,卖盘
2077,11:27:03,7.85,--,59,46315,卖盘
2078,11:26:57,7.85,-0.01,168,131880,卖盘
2079,11:26:54,7.86,--,21,16506,买盘
2080,11:26:51,7.86,-0.01,123,96678,卖盘
2081,11:26:48,7.87,0.01,15,11805,买盘
2082,11:26:45,7.86,--,193,151698,卖盘
2083,11:26:39,7.86,-0.01,16,12576,卖盘
2084,11:26:36,7.87,0.01,69,54303,买盘
2085,11:26:33,7.86,-0.01,42,33012,卖盘
2086,11:26:24,7.87,0.01,57,44859,买盘
2087,11:26:15,7.86,--,2,1572,卖盘
2088,11:26:12,7.86,-0.01,1,786,卖盘
2089,11:26:09,7.87,0.01,91,71617,买盘
2090,11:26:06,7.86,--,20,15720,卖盘
2091,11:26:03,7.86,--,7,5502,卖盘
2092,11:26:00,7.86,--,30,23580,卖盘
2093,11:25:57,7.86,--,20,15720,卖盘
2094,11:25:54,7.86,--,26,20436,卖盘
2095,11:25:51,7.86,--,2,1572,卖盘
2096,11:25:45,7.86,--,25,19650,卖盘
2097,11:25:42,7.86,-0.01,3,2358,卖盘
2098,11:25:39,7.87,0.01,64,50368,买盘
2099,11:25:36,7.86,--,4,3144,卖盘
2100,11:25:33,7.86,--,10,7860,卖盘
2101,11:25:30,7.86,--,13,10218,卖盘
2102,11:25:27,7.86,-0.01,15,11790,卖盘
2103,11:25:24,7.87,0.01,50,39350,买盘
2104,11:25:18,7.86,-0.01,6,4716,卖盘
2105,11:25:12,7.87,0.01,62,48794,买盘
2106,11:25:09,7.86,-0.01,2,1572,卖盘
2107,11:25:00,7.87,0.01,7,5509,买盘
2108,11:24:57,7.86,--,2,1572,卖盘
2109,11:24:45,7.86,0.01,120,94320,买盘
2110,11:24:42,7.85,--,3,2355,卖盘
2111,11:24:39,7.85,--,4,3140,卖盘
2112,11:24:36,7.85,--,1,785,卖盘
2113,11:24:33,7.85,-0.01,6,4710,卖盘
2114,11:24:30,7.86,0.01,245,192570,买盘
2115,11:24:24,7.85,-0.01,2,1570,卖盘
2116,11:24:18,7.86,0.01,4,3144,买盘
2117,11:24:15,7.85,--,68,53380,卖盘
2118,11:24:12,7.85,--,122,95770,卖盘
2119,11:24:09,7.85,--,18,14130,卖盘
2120,11:24:03,7.85,--,4,3140,卖盘
2121,11:23:57,7.85,--,1,785,卖盘
2122,11:23:54,7.85,--,1,785,卖盘
2123,11:23:51,7.85,-0.01,2,1570,卖盘
2124,11:23:48,7.86,--,138,108468,卖盘
2125,11:23:45,7.86,--,5,3930,卖盘
2126,11:23:42,7.86,--,10,7860,卖盘
2127,11:23:39,7.86,--,6,4716,卖盘
2128,11:23:36,7.86,--,11,8646,卖盘
2129,11:23:27,7.86,--,35,27510,买盘
2130,11:23:21,7.86,--,2,1572,买盘
2131,11:23:18,7.86,--,84,66024,买盘
2132,11:23:12,7.86,0.01,10,7860,买盘
2133,11:23:09,7.85,--,1,785,卖盘
2134,11:23:06,7.85,-0.01,2,1570,卖盘
2135,11:23:00,7.86,--,10,7860,卖盘
2136,11:22:57,7.86,--,73,57378,卖盘
2137,11:22:54,7.86,-0.01,150,117900,卖盘
2138,11:22:51,7.87,0.01,62,48794,买盘
2139,11:22:45,7.86,--,51,40086,买盘
2140,11:22:42,7.86,0.01,24,18864,买盘
2141,11:22:36,7.85,--,6,4710,卖盘
2142,11:22:33,7.85,-0.01,12,9420,卖盘
2143,11:22:30,7.86,--,287,225582,买盘
2144,11:22:27,7.86,--,10,7860,买盘
2145,11:22:24,7.86,0.01,62,48732,买盘
2146,11:22:21,7.85,-0.01,64,50240,卖盘
2147,11:22:18,7.86,0.01,11,8646,买盘
2148,11:22:15,7.85,--,10,7850,卖盘
2149,11:22:12,7.85,--,2,1570,卖盘
2150,11:22:06,7.85,-0.01,1,785,卖盘
2151,11:22:03,7.86,0.01,2,1572,买盘
2152,11:22:00,7.85,--,1,785,卖盘
2153,11:21:57,7.85,--,32,25120,卖盘
2154,11:21:54,7.85,--,64,50240,卖盘
2155,11:21:48,7.85,-0.01,5,3925,卖盘
2156,11:21:45,7.86,0.01,64,50304,买盘
2157,11:21:39,7.85,-0.01,2,1570,卖盘
2158,11:21:36,7.86,0.01,89,69954,买盘
2159,11:21:33,7.85,--,7,5495,卖盘
2160,11:21:30,7.85,-0.01,120,94200,卖盘
2161,11:21:27,7.86,--,61,47946,买盘
2162,11:21:24,7.86,0.01,63,49518,买盘
2163,11:21:15,7.85,-0.01,51,40035,卖盘
2164,11:21:12,7.86,--,10,7860,买盘
2165,11:21:09,7.86,0.01,10,7860,买盘
2166,11:21:06,7.85,--,5,3925,卖盘
2167,11:21:03,7.85,-0.01,13,10205,卖盘
2168,11:21:00,7.86,0.01,60,47160,买盘
2169,11:20:57,7.85,--,63,49455,卖盘
2170,11:20:54,7.85,-0.01,3,2355,卖盘
2171,11:20:48,7.86,--,5,3930,卖盘
2172,11:20:45,7.86,--,12,9432,卖盘
2173,11:20:42,7.86,--,29,22794,买盘
2174,11:20:36,7.86,0.01,1,786,买盘
2175,11:20:33,7.85,--,1,785,卖盘
2176,11:20:30,7.85,-0.01,23,18055,卖盘
2177,11:20:27,7.86,0.01,41,32226,买盘
2178,11:20:21,7.85,--,1,785,卖盘
2179,11:20:15,7.85,--,6,4710,卖盘
2180,11:20:12,7.85,-0.01,150,117750,卖盘
2181,11:20:09,7.86,--,2,1572,卖盘
2182,11:20:06,7.86,--,25,19650,卖盘
2183,11:20:00,7.86,--,112,88032,卖盘
2184,11:19:57,7.86,0.01,263,206718,买盘
2185,11:19:54,7.85,--,1,785,卖盘
2186,11:19:48,7.85,-0.01,6,4710,卖盘
2187,11:19:45,7.86,0.01,76,59736,买盘
2188,11:19:36,7.85,-0.01,1,785,卖盘
2189,11:19:30,7.86,0.01,63,49518,买盘
2190,11:19:27,7.85,-0.01,16,12560,卖盘
2191,11:19:24,7.86,--,633,497538,卖盘
2192,11:19:15,7.86,--,2,1572,卖盘
2193,11:19:12,7.86,--,6,4716,卖盘
2194,11:19:09,7.86,-0.01,200,157200,卖盘
2195,11:19:06,7.87,0.01,1,787,买盘
2196,11:19:03,7.86,--,74,58164,卖盘
2197,11:19:00,7.86,--,311,244446,卖盘
2198,11:18:57,7.86,--,1,786,卖盘
2199,11:18:54,7.86,--,6,4716,卖盘
2200,11:18:51,7.86,--,11,8646,卖盘
2201,11:18:48,7.86,--,8,6288,卖盘
2202,11:18:45,7.86,--,8,6288,卖盘
2203,11:18:42,7.86,--,3,2358,卖盘
2204,11:18:33,7.86,0.01,13,10218,买盘
2205,11:18:30,7.85,--,2,1570,卖盘
2206,11:18:27,7.85,-0.01,4,3140,卖盘
2207,11:18:24,7.86,--,55,43230,买盘
2208,11:18:21,7.86,--,21,16506,买盘
2209,11:18:18,7.86,--,4,3144,买盘
2210,11:18:15,7.86,0.01,26,20436,买盘
2211,11:18:09,7.85,--,7,5495,卖盘
2212,11:18:06,7.85,-0.01,163,127955,卖盘
2213,11:18:03,7.86,0.01,104,81744,买盘
2214,11:18:00,7.85,--,6,4710,卖盘
2215,11:17:57,7.85,--,4,3140,卖盘
2216,11:17:54,7.85,--,30,23550,卖盘
2217,11:17:51,7.85,-0.01,13,10205,卖盘
2218,11:17:48,7.86,--,3,2358,买盘
2219,11:17:45,7.86,--,113,88818,买盘
2220,11:17:36,7.86,--,74,58164,买盘
2221,11:17:33,7.86,0.01,104,81744,买盘
2222,11:17:24,7.85,-0.01,1,785,卖盘
2223,11:17:21,7.86,0.01,30,23580,买盘
2224,11:17:15,7.85,--,4,3140,卖盘
2225,11:17:12,7.85,--,2,1570,卖盘
2226,11:17:09,7.85,--,78,61230,卖盘
2227,11:17:06,7.85,--,3,2355,卖盘
2228,11:17:03,7.85,--,24,18840,卖盘
2229,11:16:57,7.85,--,1,785,卖盘
2230,11:16:54,7.85,--,5,3925,卖盘
2231,11:16:51,7.85,-0.01,6,4710,卖盘
2232,11:16:48,7.86,--,22,17292,买盘
2233,11:16:45,7.86,0.01,573,450378,买盘
2234,11:16:42,7.85,-0.01,10,7850,卖盘
2235,11:16:39,7.86,--,64,50304,买盘
2236,11:16:33,7.86,--,15,11790,买盘
2237,11:16:30,7.86,0.01,10,7860,买盘
2238,11:16:27,7.85,--,1,785,卖盘
2239,11:16:24,7.85,--,4,3140,卖盘
2240,11:16:18,7.85,-0.01,2,1570,卖盘
2241,11:16:15,7.86,--,81,63666,买盘
2242,11:16:12,7.86,--,92,72312,买盘
2243,11:16:09,7.86,0.01,14,11004,买盘
2244,11:16:06,7.85,--,7,5495,卖盘
2245,11:16:03,7.85,--,13,10205,卖盘
2246,11:16:00,7.85,--,21,16485,卖盘
2247,11:15:57,7.85,--,3,2355,卖盘
2248,11:15:54,7.85,--,6,4710,卖盘
2249,11:15:51,7.85,--,4,3140,卖盘
2250,11:15:45,7.85,-0.01,2,1570,卖盘
2251,11:15:42,7.86,0.01,62,48732,买盘
2252,11:15:36,7.85,--,35,27475,卖盘
2253,11:15:33,7.85,-0.01,1,785,卖盘
2254,11:15:27,7.86,0.01,10,7860,买盘
2255,11:15:24,7.85,--,2,1570,卖盘
2256,11:15:18,7.85,-0.01,11,8635,卖盘
2257,11:15:15,7.86,0.01,63,49518,买盘
2258,11:15:12,7.85,--,2,1570,卖盘
2259,11:15:09,7.85,--,2,1570,卖盘
2260,11:15:06,7.85,--,1,785,卖盘
2261,11:15:03,7.85,--,21,16485,卖盘
2262,11:15:00,7.85,--,22,17270,卖盘
2263,11:14:57,7.85,--,769,603665,卖盘
2264,11:14:54,7.85,--,105,82425,卖盘
2265,11:14:51,7.85,--,16,12560,卖盘
2266,11:14:48,7.85,-0.01,18,14130,卖盘
2267,11:14:45,7.86,--,76,59736,买盘
2268,11:14:42,7.86,--,186,146196,买盘
2269,11:14:39,7.86,--,24,18864,买盘
2270,11:14:33,7.86,0.01,5,3930,买盘
2271,11:14:30,7.85,--,1,785,卖盘
2272,11:14:27,7.85,-0.01,11,8635,卖盘
2273,11:14:24,7.86,--,1,786,买盘
2274,11:14:21,7.86,--,25,19650,买盘
2275,11:14:18,7.86,--,64,50304,买盘
2276,11:14:12,7.86,--,13,10218,买盘
2277,11:14:09,7.86,0.01,2,1572,买盘
2278,11:14:06,7.85,--,15,11775,卖盘
2279,11:14:03,7.85,-0.01,2,1570,卖盘
2280,11:14:00,7.86,0.01,13,10218,买盘
2281,11:13:57,7.85,--,11,8635,卖盘
2282,11:13:54,7.85,-0.01,67,52595,卖盘
2283,11:13:51,7.86,--,12,9432,买盘
2284,11:13:48,7.86,0.01,63,49518,买盘
2285,11:13:45,7.85,--,57,44745,卖盘
2286,11:13:39,7.85,-0.01,8,6280,卖盘
2287,11:13:36,7.86,--,6,4716,买盘
2288,11:13:33,7.86,0.01,56,44016,买盘
2289,11:13:30,7.85,-0.01,5,3925,卖盘
2290,11:13:27,7.86,0.01,60,47160,买盘
2291,11:13:21,7.85,--,64,50240,卖盘
2292,11:13:18,7.85,--,99,77715,卖盘
2293,11:13:12,7.85,-0.01,36,28260,卖盘
2294,11:13:09,7.86,--,3,2358,买盘
2295,11:13:06,7.86,0.01,8,6288,买盘
2296,11:13:00,7.85,--,7,5495,卖盘
2297,11:12:57,7.85,--,31,24335,卖盘
2298,11:12:54,7.85,-0.01,1,785,卖盘
2299,11:12:51,7.86,0.01,63,49518,买盘
2300,11:12:48,7.85,-0.01,2,1570,卖盘
2301,11:12:45,7.86,--,156,122616,买盘
2302,11:12:42,7.86,0.01,641,503826,买盘
2303,11:12:39,7.85,-0.01,2,1570,卖盘
2304,11:12:36,7.86,0.01,8,6288,买盘
2305,11:12:33,7.85,--,85,66725,卖盘
2306,11:12:27,7.85,-0.01,42,32970,卖盘
2307,11:12:24,7.86,--,73,57378,买盘
2308,11:12:18,7.86,0.01,13,10218,买盘
2309,11:12:15,7.85,-0.01,2,1570,卖盘
2310,11:12:12,7.86,--,11,8646,买盘
2311,11:12:09,7.86,--,18,14148,买盘
2312,11:12:06,7.86,0.01,24,18864,买盘
2313,11:12:00,7.85,--,4,3140,卖盘
2314,11:11:57,7.85,--,63,49455,卖盘
2315,11:11:54,7.85,-0.01,18,14130,卖盘
2316,11:11:51,7.86,0.01,4,3144,买盘
2317,11:11:48,7.85,--,1,785,卖盘
2318,11:11:45,7.85,--,26,20410,卖盘
2319,11:11:42,7.85,--,1,785,卖盘
2320,11:11:30,7.85,-0.01,8,6280,卖盘
2321,11:11:27,7.86,0.01,73,57378,买盘
2322,11:11:21,7.85,-0.01,2,1570,卖盘
2323,11:11:15,7.86,0.01,10,7860,买盘
2324,11:11:12,7.85,--,1,785,卖盘
2325,11:11:09,7.85,-0.01,53,41605,卖盘
2326,11:11:06,7.86,0.01,21,16506,买盘
2327,11:11:03,7.85,--,79,62015,卖盘
2328,11:11:00,7.85,--,66,51810,卖盘
2329,11:10:57,7.85,--,169,132665,卖盘
2330,11:10:54,7.85,--,1,785,卖盘
2331,11:10:48,7.85,--,2,1570,卖盘
2332,11:10:42,7.85,--,36,28260,卖盘
2333,11:10:36,7.85,--,2,1570,卖盘
2334,11:10:33,7.85,-0.01,12,9420,卖盘
2335,11:10:30,7.86,0.01,392,308112,买盘
2336,11:10:27,7.85,--,2,1570,卖盘
2337,11:10:24,7.85,-0.01,89,69865,卖盘
2338,11:10:18,7.86,--,52,40872,买盘
2339,11:10:15,7.86,0.01,7,5502,买盘
2340,11:10:06,7.85,--,27,21195,卖盘
2341,11:10:03,7.85,-0.01,80,62800,卖盘
2342,11:10:00,7.86,0.01,7,5502,买盘
2343,11:09:57,7.85,--,1,785,卖盘
2344,11:09:54,7.85,--,1,785,卖盘
2345,11:09:51,7.85,-0.01,2,1570,卖盘
2346,11:09:48,7.86,0.01,25,19650,买盘
2347,11:09:39,7.85,-0.01,55,43175,卖盘
2348,11:09:33,7.86,0.01,63,49518,买盘
2349,11:09:30,7.85,--,1,785,卖盘
2350,11:09:27,7.85,--,28,21980,卖盘
2351,11:09:21,7.85,--,5,3925,卖盘
2352,11:09:18,7.85,--,65,51025,卖盘
2353,11:09:15,7.85,--,103,80855,卖盘
2354,11:09:09,7.85,-0.01,2,1570,卖盘
2355,11:09:06,7.86,0.01,83,65238,买盘
2356,11:09:03,7.85,--,4,3140,卖盘
2357,11:09:00,7.85,--,1,785,卖盘
2358,11:08:57,7.85,--,5,3925,卖盘
2359,11:08:54,7.85,--,1,785,卖盘
2360,11:08:51,7.85,--,9,7065,卖盘
2361,11:08:48,7.85,--,20,15700,卖盘
2362,11:08:45,7.85,-0.01,3,2355,卖盘
2363,11:08:36,7.86,0.01,62,48732,买盘
2364,11:08:33,7.85,--,11,8635,卖盘
2365,11:08:30,7.85,-0.01,4,3140,卖盘
2366,11:08:27,7.86,0.01,28,22008,买盘
2367,11:08:24,7.85,--,2,1570,卖盘
2368,11:08:21,7.85,-0.01,15,11775,卖盘
2369,11:08:18,7.86,0.01,16,12576,买盘
2370,11:08:15,7.85,--,32,25120,卖盘
2371,11:08:12,7.85,--,2,1570,卖盘
2372,11:08:09,7.85,-0.01,67,52595,卖盘
2373,11:08:06,7.86,--,37,29082,买盘
2374,11:08:03,7.86,--,7,5502,买盘
2375,11:08:00,7.86,0.01,115,90390,买盘
2376,11:07:57,7.85,--,1,785,卖盘
2377,11:07:54,7.85,--,13,10205,卖盘
2378,11:07:51,7.85,--,1,785,卖盘
2379,11:07:48,7.85,--,25,19625,卖盘
2380,11:07:45,7.85,--,3,2355,卖盘
2381,11:07:42,7.85,-0.01,9,7065,卖盘
2382,11:07:39,7.86,--,272,213792,买盘
2383,11:07:33,7.86,0.01,2,1572,买盘
2384,11:07:27,7.85,--,103,80855,卖盘
2385,11:07:24,7.85,-0.01,12,9420,卖盘
2386,11:07:21,7.86,0.01,10,7860,买盘
2387,11:07:18,7.85,--,32,25120,卖盘
2388,11:07:15,7.85,-0.01,35,27475,卖盘
2389,11:07:12,7.86,0.01,62,48732,买盘
2390,11:07:09,7.85,--,1,785,卖盘
2391,11:07:06,7.85,-0.01,36,28260,卖盘
2392,11:07:03,7.86,0.01,15,11790,买盘
2393,11:07:00,7.85,-0.01,6,4710,卖盘
2394,11:06:57,7.86,0.01,6,4716,买盘
2395,11:06:54,7.85,-0.01,16,12560,卖盘
2396,11:06:48,7.86,0.01,30,23580,买盘
2397,11:06:45,7.85,-0.01,59,46315,卖盘
2398,11:06:42,7.86,0.01,94,73884,买盘
2399,11:06:36,7.85,--,20,15700,卖盘
2400,11:06:33,7.85,--,2,1570,卖盘
2401,11:06:27,7.85,-0.01,8,6280,卖盘
2402,11:06:24,7.86,0.01,9,7074,买盘
2403,11:06:21,7.85,-0.01,52,40820,卖盘
2404,11:06:15,7.86,0.01,62,48732,买盘
2405,11:06:12,7.85,--,2,1570,卖盘
2406,11:06:09,7.85,-0.01,9,7065,卖盘
2407,11:06:06,7.86,0.01,21,16506,买盘
2408,11:06:00,7.85,--,4,3140,卖盘
2409,11:05:57,7.85,--,51,40035,卖盘
2410,11:05:54,7.85,--,1,785,卖盘
2411,11:05:48,7.85,-0.01,6,4710,卖盘
2412,11:05:45,7.86,--,63,49518,买盘
2413,11:05:39,7.86,--,89,69954,买盘
2414,11:05:36,7.86,--,300,235800,买盘
2415,11:05:33,7.86,0.01,56,44016,买盘
2416,11:05:30,7.85,--,37,29045,卖盘
2417,11:05:27,7.85,-0.01,8,6280,卖盘
2418,11:05:24,7.86,--,68,53448,买盘
2419,11:05:18,7.86,--,189,148554,买盘
2420,11:05:15,7.86,--,55,43230,买盘
2421,11:05:12,7.86,0.01,16,12576,买盘
2422,11:05:09,7.85,--,10,7850,卖盘
2423,11:05:06,7.85,-0.01,48,37680,卖盘
2424,11:05:03,7.86,0.01,1,786,买盘
2425,11:05:00,7.85,--,131,102835,卖盘
2426,11:04:57,7.85,--,1,785,卖盘
2427,11:04:54,7.85,-0.01,8,6280,卖盘
2428,11:04:51,7.86,--,56,44016,买盘
2429,11:04:48,7.86,0.01,63,49518,买盘
2430,11:04:45,7.85,--,1,785,卖盘
2431,11:04:42,7.85,--,14,10990,卖盘
2432,11:04:39,7.85,--,22,17270,卖盘
2433,11:04:36,7.85,-0.01,12,9420,卖盘
2434,11:04:33,7.86,--,13,10218,买盘
2435,11:04:30,7.86,0.01,56,44016,买盘
2436,11:04:27,7.85,--,2,1570,卖盘
2437,11:04:24,7.85,--,25,19625,卖盘
2438,11:04:21,7.85,-0.01,124,97340,卖盘
2439,11:04:15,7.86,--,2,1572,买盘
2440,11:04:12,7.86,0.01,112,88032,买盘
2441,11:04:09,7.85,-0.01,8,6280,卖盘
2442,11:04:06,7.86,0.01,113,88818,买盘
2443,11:04:00,7.85,--,3,2355,卖盘
2444,11:03:57,7.85,-0.01,22,17270,卖盘
2445,11:03:54,7.86,--,57,44802,买盘
2446,11:03:51,7.86,0.01,72,56592,买盘
2447,11:03:48,7.85,-0.01,101,79285,卖盘
2448,11:03:45,7.86,0.01,166,130476,买盘
2449,11:03:42,7.85,--,235,184475,卖盘
2450,11:03:39,7.85,--,184,144440,卖盘
2451,11:03:36,7.85,-0.01,252,197820,卖盘
2452,11:03:30,7.86,0.01,66,51876,买盘
2453,11:03:27,7.85,--,7,5495,卖盘
2454,11:03:24,7.85,--,126,98910,卖盘
2455,11:03:18,7.85,--,54,42390,卖盘
2456,11:03:15,7.85,--,7,5495,卖盘
2457,11:03:12,7.85,--,60,47100,卖盘
2458,11:03:09,7.85,--,1,785,卖盘
2459,11:03:06,7.85,--,11,8635,卖盘
2460,11:03:03,7.85,--,21,16485,卖盘
2461,11:03:00,7.85,--,496,389360,买盘
2462,11:02:57,7.85,--,131,102835,买盘
2463,11:02:54,7.85,--,66,51810,买盘
2464,11:02:51,7.85,--,56,43960,买盘
2465,11:02:48,7.85,--,20,15700,买盘
2466,11:02:45,7.85,0.01,3,2355,买盘
2467,11:02:42,7.84,-0.01,2,1568,卖盘
2468,11:02:30,7.85,0.01,12,9420,买盘
2469,11:02:27,7.84,--,63,49392,卖盘
2470,11:02:24,7.84,-0.01,2,1568,卖盘
2471,11:02:21,7.85,0.01,20,15700,买盘
2472,11:02:18,7.84,--,2,1568,卖盘
2473,11:02:15,7.84,--,4,3136,卖盘
2474,11:02:09,7.84,--,2,1568,卖盘
2475,11:02:06,7.84,--,13,10192,卖盘
2476,11:02:03,7.84,--,6,4704,卖盘
2477,11:02:00,7.84,-0.01,66,51744,卖盘
2478,11:01:57,7.85,0.01,70,54950,买盘
2479,11:01:54,7.84,--,52,40768,卖盘
2480,11:01:51,7.84,-0.01,117,91728,卖盘
2481,11:01:48,7.85,0.01,102,80070,买盘
2482,11:01:45,7.84,-0.01,1,784,卖盘
2483,11:01:39,7.85,0.01,10,7850,买盘
2484,11:01:36,7.84,--,2,1568,卖盘
2485,11:01:33,7.84,--,225,176400,卖盘
2486,11:01:30,7.84,--,71,55664,卖盘
2487,11:01:27,7.84,--,4,3136,卖盘
2488,11:01:24,7.84,-0.01,13,10192,卖盘
2489,11:01:21,7.85,0.01,2,1570,买盘
2490,11:01:18,7.84,--,15,11760,卖盘
2491,11:01:15,7.84,--,6,4704,卖盘
2492,11:01:09,7.84,--,10,7840,卖盘
2493,11:01:06,7.84,--,1,784,卖盘
2494,11:01:03,7.84,--,2,1568,卖盘
2495,11:01:00,7.84,--,40,31360,买盘
2496,11:00:57,7.84,--,93,72912,卖盘
2497,11:00:54,7.84,-0.01,1008,790272,卖盘
2498,11:00:51,7.85,0.01,16,12560,买盘
2499,11:00:48,7.84,--,11,8624,卖盘
2500,11:00:45,7.84,-0.01,21,16464,卖盘
2501,11:00:42,7.85,0.01,50,39250,买盘
2502,11:00:39,7.84,--,2,1568,卖盘
2503,11:00:36,7.84,-0.01,22,17248,卖盘
2504,11:00:33,7.85,0.01,390,306150,买盘
2505,11:00:30,7.84,--,2,1568,卖盘
2506,11:00:27,7.84,--,3,2352,卖盘
2507,11:00:21,7.84,--,1,784,卖盘
2508,11:00:18,7.84,--,27,21168,卖盘
2509,11:00:12,7.84,--,36,28224,卖盘
2510,11:00:09,7.84,--,2,1568,卖盘
2511,11:00:06,7.84,--,2,1568,卖盘
2512,11:00:03,7.84,0.01,61,47824,买盘
2513,11:00:00,7.83,-0.01,95,74385,卖盘
2514,10:59:57,7.84,--,429,336336,卖盘
2515,10:59:54,7.84,--,66,51744,卖盘
2516,10:59:51,7.84,--,8,6272,卖盘
2517,10:59:48,7.84,--,216,169344,卖盘
2518,10:59:45,7.84,--,88,68992,买盘
2519,10:59:42,7.84,0.01,4,3136,卖盘
2520,10:59:39,7.83,--,7,5481,卖盘
2521,10:59:36,7.83,-0.01,163,127629,卖盘
2522,10:59:33,7.84,--,125,98384,买盘
2523,10:59:30,7.84,0.01,10,7840,买盘
2524,10:59:27,7.83,-0.01,1,783,卖盘
2525,10:59:24,7.84,--,12,9408,买盘
2526,10:59:21,7.84,0.01,43,33712,买盘
2527,10:59:18,7.83,-0.01,386,302637,卖盘
2528,10:59:12,7.84,-0.01,11,8624,卖盘
2529,10:59:09,7.85,0.01,62,48670,买盘
2530,10:59:06,7.84,--,32,25088,卖盘
2531,10:59:03,7.84,--,3,2352,卖盘
2532,10:59:00,7.84,--,51,39984,卖盘
2533,10:58:57,7.84,--,2,1568,卖盘
2534,10:58:54,7.84,--,53,41936,买盘
2535,10:58:51,7.84,-0.01,1498,1174432,卖盘
2536,10:58:45,7.85,0.01,34,26690,买盘
2537,10:58:39,7.84,--,120,94080,卖盘
2538,10:58:36,7.84,-0.01,10,7840,卖盘
2539,10:58:33,7.85,0.01,226,177410,买盘
2540,10:58:27,7.84,--,3,2352,卖盘
2541,10:58:24,7.84,--,28,21952,卖盘
2542,10:58:21,7.84,--,865,678160,卖盘
2543,10:58:18,7.84,--,2,1568,卖盘
2544,10:58:15,7.84,-0.01,16,12544,卖盘
2545,10:58:12,7.85,0.01,709,556565,买盘
2546,10:58:06,7.84,--,1,784,卖盘
2547,10:58:03,7.84,-0.01,30,23520,卖盘
2548,10:58:00,7.85,0.01,18,14130,买盘
2549,10:57:57,7.84,--,8,6272,卖盘
2550,10:57:54,7.84,--,27,21168,卖盘
2551,10:57:51,7.84,--,104,81536,卖盘
2552,10:57:45,7.84,-0.01,3,2352,卖盘
2553,10:57:42,7.85,0.01,79,62015,买盘
2554,10:57:39,7.84,--,12,9408,卖盘
2555,10:57:36,7.84,--,36,28224,卖盘
2556,10:57:33,7.84,-0.01,7,5488,卖盘
2557,10:57:30,7.85,0.01,74,58090,买盘
2558,10:57:27,7.84,-0.01,111,87024,卖盘
2559,10:57:24,7.85,0.01,69,54165,买盘
2560,10:57:21,7.84,-0.01,6,4704,卖盘
2561,10:57:18,7.85,0.01,237,186045,买盘
2562,10:57:15,7.84,--,129,101136,卖盘
2563,10:57:12,7.84,-0.01,3,2352,卖盘
2564,10:57:06,7.85,0.01,2,1570,买盘
2565,10:57:03,7.84,--,5,3920,卖盘
2566,10:57:00,7.84,--,12,9408,卖盘
2567,10:56:57,7.84,-0.01,73,57232,卖盘
2568,10:56:54,7.85,0.01,19,14915,买盘
2569,10:56:51,7.84,-0.01,7,5488,卖盘
2570,10:56:48,7.85,--,123,96555,买盘
2571,10:56:45,7.85,--,73,57305,买盘
2572,10:56:42,7.85,0.01,3,2355,买盘
2573,10:56:36,7.84,-0.01,5,3920,卖盘
2574,10:56:33,7.85,--,3,2355,买盘
2575,10:56:30,7.85,0.01,44,34540,买盘
2576,10:56:27,7.84,--,3,2352,卖盘
2577,10:56:24,7.84,-0.01,9,7056,卖盘
2578,10:56:21,7.85,--,56,43960,买盘
2579,10:56:18,7.85,0.01,89,69865,买盘
2580,10:56:15,7.84,-0.01,6,4704,卖盘
2581,10:56:12,7.85,--,9,7065,买盘
2582,10:56:09,7.85,--,68,53380,买盘
2583,10:56:06,7.85,0.01,353,277105,买盘
2584,10:56:03,7.84,--,11,8624,卖盘
2585,10:56:00,7.84,-0.01,67,52528,卖盘
2586,10:55:57,7.85,--,69,54165,买盘
2587,10:55:54,7.85,0.01,185,145225,买盘
2588,10:55:51,7.84,-0.01,1,784,卖盘
2589,10:55:48,7.85,0.01,88,69080,买盘
2590,10:55:45,7.84,-0.01,1,784,卖盘
2591,10:55:42,7.85,--,73,57305,买盘
2592,10:55:39,7.85,0.01,20,15700,买盘
2593,10:55:36,7.84,--,6,4704,卖盘
2594,10:55:33,7.84,--,134,105056,卖盘
2595,10:55:30,7.84,--,2,1568,卖盘
2596,10:55:27,7.84,-0.01,5,3920,卖盘
2597,10:55:24,7.85,0.01,30,23550,买盘
2598,10:55:21,7.84,-0.01,63,49392,卖盘
2599,10:55:18,7.85,0.01,14,10990,买盘
2600,10:55:15,7.84,-0.01,8,6272,卖盘
2601,10:55:12,7.85,0.01,205,160925,买盘
2602,10:55:09,7.84,-0.01,14,10976,卖盘
2603,10:55:06,7.85,--,599,470215,卖盘
2604,10:55:03,7.85,-0.01,71,55735,卖盘
2605,10:55:00,7.86,0.01,102,80172,买盘
2606,10:54:57,7.85,--,56,43960,卖盘
2607,10:54:54,7.85,--,412,323420,卖盘
2608,10:54:51,7.85,--,2914,2287490,卖盘
2609,10:54:48,7.85,--,5,3925,卖盘
2610,10:54:45,7.85,--,63,49455,卖盘
2611,10:54:42,7.85,--,43,33755,卖盘
2612,10:54:39,7.85,--,150,117750,卖盘
2613,10:54:36,7.85,--,32,25120,卖盘
2614,10:54:33,7.85,--,1,785,卖盘
2615,10:54:30,7.85,--,3,2355,卖盘
2616,10:54:27,7.85,--,8,6280,卖盘
2617,10:54:24,7.85,--,65,51025,卖盘
2618,10:54:21,7.85,--,11,8635,卖盘
2619,10:54:18,7.85,-0.01,77,60445,卖盘
2620,10:54:15,7.86,--,3774,2966992,卖盘
2621,10:54:12,7.86,--,5,3930,卖盘
2622,10:54:06,7.86,--,1,786,卖盘
2623,10:54:03,7.86,--,2,1572,卖盘
2624,10:54:00,7.86,--,4,3144,卖盘
2625,10:53:57,7.86,-0.01,16,12576,卖盘
2626,10:53:54,7.87,0.01,133,104671,买盘
2627,10:53:51,7.86,-0.01,4,3144,卖盘
2628,10:53:48,7.87,0.01,4,3148,买盘
2629,10:53:45,7.86,--,9,7074,卖盘
2630,10:53:42,7.86,--,2,1572,卖盘
2631,10:53:39,7.86,--,2,1572,卖盘
2632,10:53:36,7.86,--,22,17292,卖盘
2633,10:53:33,7.86,--,30,23580,卖盘
2634,10:53:30,7.86,--,6,4716,卖盘
2635,10:53:27,7.86,-0.01,78,61308,卖盘
2636,10:53:24,7.87,--,674,530438,卖盘
2637,10:53:21,7.87,-0.01,25,19675,卖盘
2638,10:53:18,7.88,0.01,126,99288,买盘
2639,10:53:15,7.87,--,14,11018,卖盘
2640,10:53:12,7.87,--,2,1574,卖盘
2641,10:53:09,7.87,--,1,787,卖盘
2642,10:53:03,7.87,-0.01,143,112541,卖盘
2643,10:53:00,7.88,0.01,430,338840,买盘
2644,10:52:57,7.87,--,74,58238,卖盘
2645,10:52:51,7.87,--,23,18101,卖盘
2646,10:52:45,7.87,--,3,2361,卖盘
2647,10:52:36,7.87,-0.01,2,1574,卖盘
2648,10:52:33,7.88,0.01,4,3152,买盘
2649,10:52:30,7.87,--,67,52729,卖盘
2650,10:52:27,7.87,-0.01,3,2361,卖盘
2651,10:52:24,7.88,0.01,7,5516,买盘
2652,10:52:21,7.87,--,9,7083,卖盘
2653,10:52:18,7.87,--,3,2361,卖盘
2654,10:52:12,7.87,--,13,10231,卖盘
2655,10:52:09,7.87,--,266,209342,卖盘
2656,10:52:06,7.87,--,32,25184,卖盘
2657,10:52:03,7.87,--,5,3935,卖盘
2658,10:52:00,7.87,--,65,51155,卖盘
2659,10:51:57,7.87,--,10,7870,卖盘
2660,10:51:54,7.87,--,1,787,卖盘
2661,10:51:51,7.87,-0.01,3,2361,卖盘
2662,10:51:48,7.88,0.01,2,1576,买盘
2663,10:51:45,7.87,--,4,3148,卖盘
2664,10:51:39,7.87,-0.01,11,8657,卖盘
2665,10:51:33,7.88,0.01,67,52796,买盘
2666,10:51:27,7.87,--,7,5509,卖盘
2667,10:51:24,7.87,-0.01,195,153465,卖盘
2668,10:51:21,7.88,0.01,10,7880,买盘
2669,10:51:18,7.87,--,16,12592,卖盘
2670,10:51:06,7.87,-0.01,2,1574,卖盘
2671,10:51:03,7.88,--,63,49644,买盘
2672,10:51:00,7.88,0.01,6,4728,买盘
2673,10:50:57,7.87,--,14,11018,卖盘
2674,10:50:54,7.87,--,21,16527,卖盘
2675,10:50:51,7.87,--,18,14166,卖盘
2676,10:50:48,7.87,-0.01,6,4722,卖盘
2677,10:50:45,7.88,0.01,23,18124,买盘
2678,10:50:42,7.87,-0.01,8,6296,卖盘
2679,10:50:39,7.88,--,11,8668,买盘
2680,10:50:36,7.88,0.01,67,52796,买盘
2681,10:50:33,7.87,-0.01,22,17314,卖盘
2682,10:50:30,7.88,--,248,195424,买盘
2683,10:50:27,7.88,--,7,5516,买盘
2684,10:50:24,7.88,0.01,7,5516,买盘
2685,10:50:21,7.87,-0.01,7,5509,卖盘
2686,10:50:18,7.88,--,5,3940,买盘
2687,10:50:15,7.88,0.01,7,5516,买盘
2688,10:50:12,7.87,-0.01,12,9444,卖盘
2689,10:50:09,7.88,--,6,4728,买盘
2690,10:50:06,7.88,0.01,79,62252,买盘
2691,10:50:03,7.87,-0.01,10,7870,卖盘
2692,10:50:00,7.88,--,18,14184,买盘
2693,10:49:57,7.88,0.01,116,91408,买盘
2694,10:49:54,7.87,--,284,223508,买盘
2695,10:49:51,7.87,0.01,11,8657,买盘
2696,10:49:48,7.86,-0.01,4,3144,卖盘
2697,10:49:45,7.87,--,68,53516,买盘
2698,10:49:42,7.87,0.01,17,13379,买盘
2699,10:49:39,7.86,-0.01,88,69168,卖盘
2700,10:49:36,7.87,0.01,8,6296,买盘
2701,10:49:33,7.86,-0.01,9,7074,卖盘
2702,10:49:30,7.87,0.01,16,12592,买盘
2703,10:49:27,7.86,-0.02,3,2358,卖盘
2704,10:49:24,7.88,0.01,7,5516,买盘
2705,10:49:21,7.87,-0.01,30,23610,卖盘
2706,10:49:18,7.88,0.02,5,3940,买盘
2707,10:49:15,7.86,-0.01,79,62094,卖盘
2708,10:49:12,7.87,--,210,165270,买盘
2709,10:49:09,7.87,--,68,53516,买盘
2710,10:49:06,7.87,0.01,30,23610,买盘
2711,10:49:03,7.86,--,10,7860,卖盘
2712,10:49:00,7.86,-0.01,9,7074,卖盘
2713,10:48:57,7.87,--,115,90505,买盘
2714,10:48:54,7.87,0.01,13,10231,买盘
2715,10:48:51,7.86,--,13,10218,卖盘
2716,10:48:48,7.86,-0.01,21,16506,卖盘
2717,10:48:45,7.87,0.01,8,6296,买盘
2718,10:48:42,7.86,-0.01,77,60522,卖盘
2719,10:48:39,7.87,--,16,12592,买盘
2720,10:48:36,7.87,--,10,7870,买盘
2721,10:48:33,7.87,--,10,7870,买盘
2722,10:48:30,7.87,0.01,5,3935,买盘
2723,10:48:27,7.86,--,9,7074,卖盘
2724,10:48:24,7.86,--,8,6288,卖盘
2725,10:48:21,7.86,--,7,5502,卖盘
2726,10:48:18,7.86,-0.01,2,1572,卖盘
2727,10:48:15,7.87,0.01,131,103097,买盘
2728,10:48:12,7.86,--,9,7074,卖盘
2729,10:48:09,7.86,-0.02,159,124974,卖盘
2730,10:48:06,7.88,--,6,4728,买盘
2731,10:48:03,7.88,--,6,4728,买盘
2732,10:48:00,7.88,0.01,12,9456,买盘
2733,10:47:57,7.87,0.01,173,136151,买盘
2734,10:47:54,7.86,-0.01,6,4716,卖盘
2735,10:47:51,7.87,0.01,61,48007,买盘
2736,10:47:48,7.86,-0.01,25,19650,卖盘
2737,10:47:45,7.87,--,75,59025,买盘
2738,10:47:42,7.87,--,12,9444,买盘
2739,10:47:39,7.87,0.01,7,5509,买盘
2740,10:47:36,7.86,--,40,31440,卖盘
2741,10:47:33,7.86,-0.01,32,25152,卖盘
2742,10:47:30,7.87,0.01,284,223508,买盘
2743,10:47:27,7.86,-0.01,130,102180,卖盘
2744,10:47:24,7.87,0.01,206,162122,买盘
2745,10:47:21,7.86,--,45,35370,卖盘
2746,10:47:18,7.86,--,64,50304,卖盘
2747,10:47:15,7.86,-0.01,122,95892,卖盘
2748,10:47:12,7.87,0.01,29,22823,买盘
2749,10:47:09,7.86,--,25,19650,卖盘
2750,10:47:06,7.86,--,10,7860,卖盘
2751,10:47:03,7.86,-0.01,7,5502,卖盘
2752,10:47:00,7.87,0.01,6,4722,买盘
2753,10:46:57,7.86,-0.01,11,8646,卖盘
2754,10:46:54,7.87,--,14,11018,买盘
2755,10:46:51,7.87,--,31,24397,买盘
2756,10:46:48,7.87,0.01,73,57451,买盘
2757,10:46:45,7.86,-0.01,2,1572,卖盘
2758,10:46:42,7.87,0.01,16,12592,买盘
2759,10:46:39,7.86,-0.01,17,13362,卖盘
2760,10:46:36,7.87,--,44,34628,买盘
2761,10:46:33,7.87,0.01,18,14166,买盘
2762,10:46:30,7.86,-0.02,671,527406,卖盘
2763,10:46:27,7.88,0.01,6,4728,买盘
2764,10:46:24,7.87,--,7,5509,卖盘
2765,10:46:21,7.87,-0.01,69,54303,卖盘
2766,10:46:18,7.88,--,5,3940,买盘
2767,10:46:15,7.88,--,5,3940,买盘
2768,10:46:12,7.88,0.01,5,3940,买盘
2769,10:46:09,7.87,--,6,4722,卖盘
2770,10:46:06,7.87,-0.01,10,7870,卖盘
2771,10:46:03,7.88,--,11,8668,买盘
2772,10:46:00,7.88,0.01,10,7880,买盘
2773,10:45:57,7.87,-0.01,15,11805,卖盘
2774,10:45:54,7.88,--,5,3940,买盘
2775,10:45:51,7.88,0.01,75,59100,买盘
2776,10:45:48,7.87,-0.01,125,98375,卖盘
2777,10:45:45,7.88,--,22,17336,买盘
2778,10:45:42,7.88,--,191,150508,买盘
2779,10:45:39,7.88,--,13,10244,买盘
2780,10:45:36,7.88,--,18,14184,买盘
2781,10:45:33,7.88,0.01,8,6304,买盘
2782,10:45:27,7.87,--,30,23610,卖盘
2783,10:45:24,7.87,-0.01,74,58238,卖盘
2784,10:45:21,7.88,0.01,15,11820,买盘
2785,10:45:15,7.87,--,2,1574,卖盘
2786,10:45:09,7.87,-0.01,57,44859,卖盘
2787,10:45:06,7.88,--,21,16548,买盘
2788,10:45:03,7.88,0.01,7,5516,买盘
2789,10:45:00,7.87,--,20,15740,卖盘
2790,10:44:57,7.87,-0.01,10,7870,卖盘
2791,10:44:54,7.88,0.01,112,88256,买盘
2792,10:44:51,7.87,-0.01,29,22823,卖盘
2793,10:44:48,7.88,0.02,257,202516,买盘
2794,10:44:45,7.86,--,1,786,卖盘
2795,10:44:42,7.86,--,14,11004,卖盘
2796,10:44:39,7.86,-0.01,49,38514,卖盘
2797,10:44:33,7.87,--,10,7870,买盘
2798,10:44:30,7.87,0.01,42,33054,买盘
2799,10:44:27,7.86,-0.01,186,146196,卖盘
2800,10:44:24,7.87,0.01,13,10231,买盘
2801,10:44:18,7.86,--,37,29082,卖盘
2802,10:44:15,7.86,-0.01,227,178422,卖盘
2803,10:44:12,7.87,-0.01,1,787,卖盘
2804,10:44:09,7.88,0.02,10,7880,买盘
2805,10:44:06,7.86,-0.02,12,9432,卖盘
2806,10:44:00,7.88,0.02,11,8668,买盘
2807,10:43:57,7.86,-0.01,124,97464,卖盘
2808,10:43:54,7.87,--,11,8657,买盘
2809,10:43:48,7.87,--,113,88931,买盘
2810,10:43:45,7.87,0.01,60,47220,买盘
2811,10:43:42,7.86,-0.01,87,68382,卖盘
2812,10:43:39,7.87,-0.01,137,107819,卖盘
2813,10:43:36,7.88,0.02,80,63040,买盘
2814,10:43:33,7.86,-0.02,142,111612,卖盘
2815,10:43:30,7.88,0.01,77,60676,买盘
2816,10:43:27,7.87,0.01,20,15740,买盘
2817,10:43:24,7.86,-0.01,58,45588,卖盘
2818,10:43:21,7.87,--,25,19675,买盘
2819,10:43:18,7.87,0.01,10,7870,买盘
2820,10:43:15,7.86,-0.01,5,3930,卖盘
2821,10:43:12,7.87,-0.01,40,31480,卖盘
2822,10:43:09,7.88,0.01,5,3940,买盘
2823,10:43:06,7.87,--,7,5509,买盘
2824,10:43:03,7.87,0.01,5,3935,买盘
2825,10:43:00,7.86,-0.02,251,197286,卖盘
2826,10:42:57,7.88,--,20,15760,买盘
2827,10:42:54,7.88,0.01,10,7880,买盘
2828,10:42:51,7.87,-0.01,10,7870,卖盘
2829,10:42:48,7.88,0.01,5,3940,买盘
2830,10:42:45,7.87,--,9,7083,卖盘
2831,10:42:42,7.87,--,7,5509,卖盘
2832,10:42:39,7.87,--,114,89718,买盘
2833,10:42:36,7.87,--,74,58238,买盘
2834,10:42:33,7.87,0.01,67,52729,买盘
2835,10:42:27,7.86,-0.01,11,8646,卖盘
2836,10:42:24,7.87,--,10,7870,买盘
2837,10:42:21,7.87,--,29,22823,买盘
2838,10:42:18,7.87,--,11,8657,买盘
2839,10:42:15,7.87,0.01,22,17314,买盘
2840,10:42:12,7.86,-0.01,13,10218,卖盘
2841,10:42:09,7.87,0.01,43,33841,买盘
2842,10:42:06,7.86,-0.01,161,126546,卖盘
2843,10:42:03,7.87,--,132,103884,买盘
2844,10:42:00,7.87,--,10,7870,买盘
2845,10:41:57,7.87,--,166,130642,买盘
2846,10:41:54,7.87,--,24,18888,买盘
2847,10:41:51,7.87,--,10,7870,买盘
2848,10:41:48,7.87,--,255,200685,卖盘
2849,10:41:45,7.87,-0.01,8,6296,卖盘
2850,10:41:42,7.88,--,39,30732,买盘
2851,10:41:39,7.88,--,6,4728,买盘
2852,10:41:36,7.88,0.01,79,62252,买盘
2853,10:41:33,7.87,--,21,16527,卖盘
2854,10:41:30,7.87,-0.01,13,10231,卖盘
2855,10:41:27,7.88,--,11,8668,买盘
2856,10:41:24,7.88,0.01,10,7880,买盘
2857,10:41:21,7.87,-0.01,122,96014,卖盘
2858,10:41:18,7.88,--,11,8668,买盘
2859,10:41:15,7.88,0.01,10,7880,买盘
2860,10:41:12,7.87,-0.01,23,18101,卖盘
2861,10:41:09,7.88,--,7,5516,买盘
2862,10:41:06,7.88,0.01,110,86680,买盘
2863,10:41:03,7.87,--,417,328336,买盘
2864,10:41:00,7.87,--,38,29906,买盘
2865,10:40:57,7.87,--,15,11805,买盘
2866,10:40:54,7.87,--,20,15740,买盘
2867,10:40:51,7.87,0.01,140,110180,买盘
2868,10:40:48,7.86,-0.01,67,52662,卖盘
2869,10:40:45,7.87,0.01,31,24397,买盘
2870,10:40:42,7.86,-0.01,1,786,卖盘
2871,10:40:39,7.87,--,117,92079,买盘
2872,10:40:36,7.87,--,10,7870,买盘
2873,10:40:30,7.87,0.01,10,7870,买盘
2874,10:40:27,7.86,-0.01,109,85674,卖盘
2875,10:40:24,7.87,--,15,11805,买盘
2876,10:40:21,7.87,0.01,135,106245,买盘
2877,10:40:18,7.86,--,205,161130,卖盘
2878,10:40:15,7.86,-0.01,100,78600,卖盘
2879,10:40:12,7.87,--,40,31480,买盘
2880,10:40:09,7.87,--,213,167631,买盘
2881,10:40:06,7.87,0.01,38,29906,买盘
2882,10:40:03,7.86,-0.01,17,13362,卖盘
2883,10:40:00,7.87,0.01,10,7870,买盘
2884,10:39:57,7.86,-0.01,14,11004,卖盘
2885,10:39:54,7.87,--,60,47849,卖盘
2886,10:39:51,7.87,-0.01,77,60599,卖盘
2887,10:39:48,7.88,0.01,8,6304,买盘
2888,10:39:45,7.87,0.01,21,16684,买盘
2889,10:39:42,7.86,--,101,79386,卖盘
2890,10:39:39,7.86,-0.01,6,4716,卖盘
2891,10:39:36,7.87,--,39,30693,买盘
2892,10:39:33,7.87,--,54,42498,买盘
2893,10:39:30,7.87,0.01,200,157400,买盘
2894,10:39:27,7.86,--,113,88818,卖盘
2895,10:39:24,7.86,--,29,22794,卖盘
2896,10:39:21,7.86,-0.01,1024,804864,卖盘
2897,10:39:18,7.87,0.01,40,31480,买盘
2898,10:39:15,7.86,-0.01,12,9432,卖盘
2899,10:39:12,7.87,0.01,94,73978,买盘
2900,10:39:09,7.86,-0.01,27,21222,卖盘
2901,10:39:06,7.87,--,26,20462,买盘
2902,10:39:03,7.87,--,315,247905,买盘
2903,10:39:00,7.87,--,12,9444,买盘
2904,10:38:57,7.87,--,64,50368,买盘
2905,10:38:54,7.87,--,8,6296,买盘
2906,10:38:51,7.87,--,13,10231,买盘
2907,10:38:48,7.87,--,12,9444,买盘
2908,10:38:45,7.87,--,69,54303,买盘
