,time,price,change,volume,amount,type
0,15:00:03,8.12,0.01,11541,9371292,卖盘
1,14:57:00,8.11,-0.01,198,160578,卖盘
2,14:56:57,8.12,-0.01,463,375955,卖盘
3,14:56:54,8.13,0.01,61,49593,买盘
4,14:56:51,8.12,--,285,231419,卖盘
5,14:56:48,8.12,--,502,407623,卖盘
6,14:56:45,8.12,-0.01,82,66584,卖盘
7,14:56:42,8.13,--,256,208128,买盘
8,14:56:39,8.13,0.01,235,191055,买盘
9,14:56:36,8.12,-0.02,78,63335,卖盘
10,14:56:33,8.14,0.01,609,495726,买盘
11,14:56:30,8.13,0.01,688,559344,买盘
12,14:56:27,8.12,--,68,55215,卖盘
13,14:56:24,8.12,-0.02,2469,2004827,卖盘
14,14:56:21,8.14,0.01,79,64306,买盘
15,14:56:18,8.13,-0.01,86,69918,卖盘
16,14:56:15,8.14,--,198,161172,买盘
17,14:56:12,8.14,0.01,92,74888,买盘
18,14:56:09,8.13,-0.01,410,333330,卖盘
19,14:56:06,8.14,0.01,208,169312,买盘
20,14:56:03,8.13,-0.01,139,113007,卖盘
21,14:56:00,8.14,-0.01,236,192104,卖盘
22,14:55:57,8.15,0.01,137,111655,买盘
23,14:55:54,8.14,--,99,80586,买盘
24,14:55:51,8.14,0.01,136,110704,买盘
25,14:55:48,8.13,--,86,69918,卖盘
26,14:55:45,8.13,-0.01,110,89592,卖盘
27,14:55:42,8.14,--,207,168498,卖盘
28,14:55:39,8.14,-0.01,191,155474,卖盘
29,14:55:36,8.15,--,196,159740,买盘
30,14:55:33,8.15,--,29,23635,买盘
31,14:55:30,8.15,--,40,32600,买盘
32,14:55:27,8.15,0.01,63,51997,买盘
33,14:55:24,8.14,--,97,78958,买盘
34,14:55:21,8.14,-0.01,209,170288,卖盘
35,14:55:18,8.15,0.01,97,79055,中性盘
36,14:55:15,8.14,-0.01,267,217338,卖盘
37,14:55:12,8.15,--,43,35045,卖盘
38,14:55:09,8.15,--,196,159740,卖盘
39,14:55:06,8.15,0.02,222,181582,买盘
40,14:55:03,8.13,-0.02,178,144714,卖盘
41,14:55:00,8.15,0.01,72,58680,中性盘
42,14:54:57,8.14,--,464,377696,卖盘
43,14:54:54,8.14,-0.01,801,652014,卖盘
44,14:54:51,8.15,--,307,250205,卖盘
45,14:54:48,8.15,--,776,632440,卖盘
46,14:54:45,8.15,--,254,207010,卖盘
47,14:54:42,8.15,--,180,146700,卖盘
48,14:54:39,8.15,--,175,142625,卖盘
49,14:54:36,8.15,--,252,205380,买盘
50,14:54:33,8.15,0.01,377,307255,中性盘
51,14:54:30,8.14,--,1402,1141309,卖盘
52,14:54:27,8.14,--,219,178266,卖盘
53,14:54:24,8.14,--,483,393162,买盘
54,14:54:21,8.14,--,106,86284,买盘
55,14:54:18,8.14,0.01,673,547822,买盘
56,14:54:15,8.13,--,74,60162,卖盘
57,14:54:12,8.13,--,96,78048,卖盘
58,14:54:09,8.13,--,5,4065,卖盘
59,14:54:06,8.13,0.01,532,432516,卖盘
60,14:54:03,8.12,-0.01,30,24359,卖盘
61,14:54:00,8.13,0.01,96,78048,买盘
62,14:53:57,8.12,-0.01,63,51155,卖盘
63,14:53:54,8.13,-0.01,14,11382,卖盘
64,14:53:51,8.14,0.02,743,604802,买盘
65,14:53:48,8.12,-0.02,544,441727,卖盘
66,14:53:45,8.14,--,433,352462,卖盘
67,14:53:42,8.14,--,93,75702,卖盘
68,14:53:39,8.14,0.01,815,663410,买盘
69,14:53:36,8.13,-0.01,1196,972348,卖盘
70,14:53:33,8.14,0.01,92,74888,买盘
71,14:53:30,8.13,--,598,486174,卖盘
72,14:53:27,8.13,--,76,61788,卖盘
73,14:53:24,8.13,--,110,89430,卖盘
74,14:53:21,8.13,--,469,381297,卖盘
75,14:53:18,8.13,--,167,135771,卖盘
76,14:53:15,8.13,0.01,1113,904869,买盘
77,14:53:12,8.12,--,24,19487,买盘
78,14:53:09,8.12,--,326,264874,卖盘
79,14:53:06,8.12,0.02,1311,1065181,买盘
80,14:53:03,8.1,-0.01,38,30780,卖盘
81,14:53:00,8.11,--,154,124893,卖盘
82,14:52:57,8.11,--,393,318723,卖盘
83,14:52:54,8.11,--,152,123271,卖盘
84,14:52:51,8.11,0.01,235,190585,买盘
85,14:52:48,8.1,--,167,135270,卖盘
86,14:52:45,8.1,-0.01,106,85860,卖盘
87,14:52:42,8.11,--,450,364950,买盘
88,14:52:39,8.11,--,43,34873,买盘
89,14:52:36,8.11,--,112,90832,买盘
90,14:52:33,8.11,--,142,115161,买盘
91,14:52:30,8.11,0.01,229,185719,买盘
92,14:52:27,8.1,-0.01,91,73710,卖盘
93,14:52:24,8.11,0.01,122,98942,买盘
94,14:52:21,8.1,--,51,41310,卖盘
95,14:52:18,8.1,-0.01,128,103680,卖盘
96,14:52:15,8.11,0.01,169,137059,买盘
97,14:52:12,8.1,--,237,192618,卖盘
98,14:52:09,8.1,--,79,63990,卖盘
99,14:52:06,8.1,--,99,80190,卖盘
100,14:52:03,8.1,--,112,90720,卖盘
101,14:52:00,8.1,--,340,275400,卖盘
102,14:51:57,8.1,--,413,334530,卖盘
103,14:51:54,8.1,--,89,72090,卖盘
104,14:51:51,8.1,-0.01,62,50220,卖盘
105,14:51:48,8.11,--,54,43794,买盘
106,14:51:45,8.11,0.01,136,110295,买盘
107,14:51:42,8.1,--,131,106110,卖盘
108,14:51:39,8.1,--,583,472902,买盘
109,14:51:36,8.1,--,31,25110,买盘
110,14:51:33,8.1,--,114,92340,买盘
111,14:51:30,8.1,--,250,202500,买盘
112,14:51:27,8.1,--,1561,1264410,买盘
113,14:51:24,8.1,--,410,332100,买盘
114,14:51:21,8.1,-0.02,789,639090,卖盘
115,14:51:18,8.12,0.02,866,703191,买盘
116,14:51:15,8.1,-0.01,92,74520,卖盘
117,14:51:12,8.11,--,73,59202,买盘
118,14:51:09,8.11,0.01,1457,1181627,买盘
119,14:51:06,8.1,-0.01,93,75330,卖盘
120,14:51:03,8.11,--,55,44605,买盘
121,14:51:00,8.11,-0.01,1348,1093228,卖盘
122,14:50:57,8.12,0.04,378,306935,买盘
123,14:50:54,8.08,-0.03,1913,1545704,卖盘
124,14:50:51,8.11,--,104,84992,卖盘
125,14:50:48,8.11,--,91,73801,卖盘
126,14:50:45,8.11,-0.01,206,167066,卖盘
127,14:50:42,8.12,0.01,177,143724,买盘
128,14:50:39,8.11,--,34,27573,卖盘
129,14:50:36,8.11,0.01,2557,2073889,买盘
130,14:50:33,8.1,0.01,58,46980,买盘
131,14:50:30,8.09,-0.01,118,96109,卖盘
132,14:50:27,8.1,--,566,458460,卖盘
133,14:50:24,8.1,--,51,41310,卖盘
134,14:50:21,8.1,0.02,764,619002,买盘
135,14:50:18,8.08,0.01,1550,1252400,买盘
136,14:50:15,8.07,-0.02,2329,1879503,卖盘
137,14:50:12,8.09,--,402,325218,卖盘
138,14:50:09,8.09,--,425,343825,卖盘
139,14:50:06,8.09,--,205,165845,卖盘
140,14:50:03,8.09,0.02,909,735381,买盘
141,14:50:00,8.07,-0.01,33,26631,卖盘
142,14:49:57,8.08,--,126,101808,买盘
143,14:49:54,8.08,-0.01,421,340168,卖盘
144,14:49:51,8.09,--,858,694283,买盘
145,14:49:48,8.09,--,105,84945,买盘
146,14:49:45,8.09,0.02,1718,1389862,买盘
147,14:49:42,8.07,-0.01,1246,1006006,卖盘
148,14:49:39,8.08,-0.01,243,196344,卖盘
149,14:49:36,8.09,0.01,288,232992,买盘
150,14:49:33,8.08,0.01,1179,952955,买盘
151,14:49:30,8.07,--,666,537462,卖盘
152,14:49:27,8.07,--,156,125892,卖盘
153,14:49:24,8.07,--,870,702090,卖盘
154,14:49:21,8.07,--,398,321186,卖盘
155,14:49:18,8.07,--,231,186417,卖盘
156,14:49:15,8.07,0.01,608,490656,买盘
157,14:49:12,8.06,-0.01,91,73346,卖盘
158,14:49:09,8.07,0.01,351,283257,买盘
159,14:49:06,8.06,-0.01,175,141050,卖盘
160,14:49:03,8.07,--,283,228381,买盘
161,14:49:00,8.07,0.01,396,319572,买盘
162,14:48:57,8.06,--,741,597246,卖盘
163,14:48:54,8.06,-0.01,104,83824,中性盘
164,14:48:51,8.07,0.02,233,188031,买盘
165,14:48:48,8.05,-0.02,655,527275,卖盘
166,14:48:45,8.07,0.01,95,76665,买盘
167,14:48:42,8.06,-0.01,99,79794,卖盘
168,14:48:39,8.07,-0.01,1156,932892,卖盘
169,14:48:36,8.08,0.01,348,281184,买盘
170,14:48:33,8.07,0.01,335,270345,买盘
171,14:48:30,8.06,-0.01,363,292578,卖盘
172,14:48:27,8.07,0.01,64,51648,买盘
173,14:48:24,8.06,-0.01,33,26598,卖盘
174,14:48:21,8.07,0.01,476,384132,买盘
175,14:48:18,8.06,-0.01,48,38688,卖盘
176,14:48:15,8.07,0.01,323,260661,买盘
177,14:48:12,8.06,-0.01,293,236158,卖盘
178,14:48:09,8.07,0.01,243,196101,买盘
179,14:48:06,8.06,-0.02,306,246636,卖盘
180,14:48:03,8.08,0.01,218,176144,买盘
181,14:48:00,8.07,-0.01,77,62139,卖盘
182,14:47:57,8.08,0.01,83,67064,买盘
183,14:47:54,8.07,-0.01,566,456762,卖盘
184,14:47:51,8.08,--,184,148672,买盘
185,14:47:48,8.08,--,203,164024,买盘
186,14:47:45,8.08,--,1754,1417232,卖盘
187,14:47:42,8.08,--,193,155944,卖盘
188,14:47:39,8.08,--,690,557520,卖盘
189,14:47:36,8.08,-0.01,764,617312,卖盘
190,14:47:33,8.09,--,320,258880,买盘
191,14:47:30,8.09,--,72,58248,买盘
192,14:47:27,8.09,0.01,659,533131,买盘
193,14:47:24,8.08,-0.01,458,370064,卖盘
194,14:47:21,8.09,--,388,313892,买盘
195,14:47:18,8.09,--,605,489445,买盘
196,14:47:15,8.09,0.01,341,275869,买盘
197,14:47:12,8.08,-0.01,133,107464,卖盘
198,14:47:09,8.09,0.01,452,365668,买盘
199,14:47:06,8.08,--,1396,1127968,卖盘
200,14:47:03,8.08,-0.01,188,151904,卖盘
201,14:47:00,8.09,--,73,59057,买盘
202,14:46:57,8.09,--,662,535558,买盘
203,14:46:54,8.09,--,300,242700,卖盘
204,14:46:51,8.09,--,344,278296,买盘
205,14:46:48,8.09,--,698,564682,买盘
206,14:46:45,8.09,0.01,194,156946,买盘
207,14:46:42,8.08,-0.01,996,804768,卖盘
208,14:46:39,8.09,--,1002,810618,买盘
209,14:46:36,8.09,0.01,199,160991,买盘
210,14:46:33,8.08,-0.01,48,38784,卖盘
211,14:46:30,8.09,0.01,116,93844,买盘
212,14:46:27,8.08,-0.01,67,54136,卖盘
213,14:46:24,8.09,0.01,30,24270,买盘
214,14:46:21,8.08,--,62,50096,卖盘
215,14:46:18,8.08,--,61,49288,卖盘
216,14:46:15,8.08,--,206,166448,卖盘
217,14:46:12,8.08,--,80,64640,卖盘
218,14:46:09,8.08,--,936,756288,买盘
219,14:46:06,8.08,--,340,274720,买盘
220,14:46:03,8.08,--,214,172912,买盘
221,14:46:00,8.08,0.01,1391,1123928,买盘
222,14:45:57,8.07,--,170,137190,卖盘
223,14:45:54,8.07,--,183,147681,卖盘
224,14:45:51,8.07,-0.01,299,241293,卖盘
225,14:45:48,8.08,--,331,267448,买盘
226,14:45:45,8.08,--,55,44440,买盘
227,14:45:42,8.08,--,1005,812040,买盘
228,14:45:39,8.08,--,227,183416,买盘
229,14:45:36,8.08,--,426,344208,买盘
230,14:45:33,8.08,--,2378,1921424,卖盘
231,14:45:30,8.08,--,158,127664,卖盘
232,14:45:27,8.08,--,219,176952,卖盘
233,14:45:24,8.08,--,798,644784,买盘
234,14:45:21,8.08,--,623,503384,买盘
235,14:45:18,8.08,--,1516,1224928,买盘
236,14:45:15,8.08,0.01,50,40400,买盘
237,14:45:12,8.07,-0.01,211,170277,卖盘
238,14:45:09,8.08,0.01,1181,954248,买盘
239,14:45:06,8.07,--,137,110559,卖盘
240,14:45:03,8.07,--,192,154944,卖盘
241,14:45:00,8.07,--,109,87963,卖盘
242,14:44:57,8.07,0.01,817,659319,买盘
243,14:44:54,8.06,--,3214,2590484,卖盘
244,14:44:51,8.06,--,998,804388,卖盘
245,14:44:48,8.06,--,319,257114,卖盘
246,14:44:45,8.06,--,672,541632,卖盘
247,14:44:42,8.06,--,113,91078,卖盘
248,14:44:39,8.06,--,426,343356,卖盘
249,14:44:36,8.06,--,639,515034,卖盘
250,14:44:33,8.06,0.01,576,464256,买盘
251,14:44:30,8.05,-0.01,5212,4195660,卖盘
252,14:44:27,8.06,--,411,331266,卖盘
253,14:44:24,8.06,0.01,2782,2242292,买盘
254,14:44:21,8.05,--,567,456435,卖盘
255,14:44:18,8.05,--,1350,1086750,买盘
256,14:44:15,8.05,--,672,540960,买盘
257,14:44:12,8.05,--,487,392035,买盘
258,14:44:09,8.05,--,254,204470,卖盘
259,14:44:06,8.05,--,1272,1023960,卖盘
260,14:44:03,8.05,-0.01,1945,1565725,卖盘
261,14:44:00,8.06,0.01,2329,1877174,买盘
262,14:43:57,8.05,-0.01,285,229425,卖盘
263,14:43:54,8.06,--,597,481182,卖盘
264,14:43:51,8.06,-0.01,1338,1078428,卖盘
265,14:43:48,8.07,--,256,206592,卖盘
266,14:43:45,8.07,0.01,2784,2246688,买盘
267,14:43:42,8.06,--,515,415090,卖盘
268,14:43:39,8.06,-0.01,1307,1053442,卖盘
269,14:43:36,8.07,--,398,321186,买盘
270,14:43:33,8.07,--,383,309081,买盘
271,14:43:30,8.07,--,94,75858,买盘
272,14:43:27,8.07,-0.01,1600,1291200,卖盘
273,14:43:24,8.08,0.01,211,170488,买盘
274,14:43:21,8.07,-0.01,94,75858,卖盘
275,14:43:18,8.08,0.01,196,158368,买盘
276,14:43:15,8.07,-0.01,676,545532,卖盘
277,14:43:12,8.08,0.01,904,730432,买盘
278,14:43:09,8.07,--,258,208206,卖盘
279,14:43:06,8.07,-0.01,1206,973242,卖盘
280,14:43:03,8.08,--,135,109080,买盘
281,14:43:00,8.08,--,869,702152,卖盘
282,14:42:57,8.08,-0.01,856,691648,卖盘
283,14:42:54,8.09,0.01,392,317128,买盘
284,14:42:51,8.08,-0.01,195,157560,卖盘
285,14:42:48,8.09,0.01,402,325218,中性盘
286,14:42:45,8.08,--,3006,2428848,卖盘
287,14:42:42,8.08,--,500,404000,卖盘
288,14:42:39,8.08,-0.01,55,44440,卖盘
289,14:42:36,8.09,--,125,101125,卖盘
290,14:42:33,8.09,0.01,896,724864,买盘
291,14:42:30,8.08,-0.01,41,33128,卖盘
292,14:42:27,8.09,-0.01,233,189071,卖盘
293,14:42:24,8.1,--,46,37260,买盘
294,14:42:21,8.1,-0.01,329,266490,卖盘
295,14:42:18,8.11,0.02,1369,1110259,买盘
296,14:42:15,8.09,-0.01,1446,1170048,卖盘
297,14:42:12,8.1,--,252,204120,买盘
298,14:42:09,8.1,-0.01,474,384515,卖盘
299,14:42:06,8.11,0.01,2412,1956131,买盘
300,14:42:03,8.1,--,49,39690,卖盘
301,14:42:00,8.1,-0.01,962,779220,卖盘
302,14:41:57,8.11,--,105,85155,买盘
303,14:41:54,8.11,--,77,62446,买盘
304,14:41:51,8.11,--,229,185719,买盘
305,14:41:48,8.11,--,85,68935,买盘
306,14:41:45,8.11,--,40,32439,买盘
307,14:41:42,8.11,--,959,778024,卖盘
308,14:41:39,8.11,-0.01,561,454970,卖盘
309,14:41:36,8.12,0.01,1255,1019059,买盘
310,14:41:33,8.11,-0.01,481,390091,卖盘
311,14:41:30,8.12,0.01,63,51155,买盘
312,14:41:27,8.11,-0.01,621,503630,卖盘
313,14:41:24,8.12,--,40,32479,买盘
314,14:41:21,8.12,--,283,229795,买盘
315,14:41:18,8.12,--,42,34104,买盘
316,14:41:15,8.12,--,251,203811,买盘
317,14:41:12,8.12,0.01,146,118551,买盘
318,14:41:09,8.11,--,494,400634,卖盘
319,14:41:06,8.11,--,258,209237,卖盘
320,14:41:03,8.11,-0.01,49,39739,卖盘
321,14:41:00,8.12,0.01,265,215179,买盘
322,14:40:57,8.11,-0.01,1042,845061,卖盘
323,14:40:54,8.12,0.01,694,563528,买盘
324,14:40:51,8.11,--,41,33251,卖盘
325,14:40:48,8.11,--,530,429829,卖盘
326,14:40:45,8.11,-0.01,257,208426,卖盘
327,14:40:42,8.12,0.01,48,38975,买盘
328,14:40:39,8.11,--,250,202750,卖盘
329,14:40:36,8.11,--,375,304125,卖盘
330,14:40:33,8.11,-0.01,172,139492,卖盘
331,14:40:30,8.12,--,2921,2371852,卖盘
332,14:40:27,8.12,0.01,4146,3367087,买盘
333,14:40:24,8.11,--,101,81911,买盘
334,14:40:21,8.11,--,425,344675,买盘
335,14:40:18,8.11,--,985,798835,买盘
336,14:40:15,8.11,--,653,529858,卖盘
337,14:40:09,8.11,0.01,1630,1322465,买盘
338,14:40:06,8.1,--,1322,1070820,卖盘
339,14:40:03,8.1,-0.01,1784,1445064,卖盘
340,14:40:00,8.11,0.01,180,145980,买盘
341,14:39:57,8.1,-0.01,2207,1787670,卖盘
342,14:39:54,8.11,-0.01,802,650697,卖盘
343,14:39:51,8.12,--,81,65772,买盘
344,14:39:48,8.12,0.01,582,472583,买盘
345,14:39:45,8.11,-0.01,455,369005,卖盘
346,14:39:42,8.12,0.01,190,154279,买盘
347,14:39:39,8.11,-0.01,760,616360,卖盘
348,14:39:36,8.12,0.01,258,209495,买盘
349,14:39:33,8.11,-0.01,217,175987,卖盘
350,14:39:30,8.12,--,197,159963,买盘
351,14:39:27,8.12,0.01,46,37352,买盘
352,14:39:24,8.11,-0.01,285,231670,卖盘
353,14:39:21,8.12,--,182,147784,买盘
354,14:39:18,8.12,0.01,30,24359,买盘
355,14:39:15,8.11,-0.01,33,26762,卖盘
356,14:39:12,8.12,0.01,300,243599,买盘
357,14:39:09,8.11,-0.01,280,227079,卖盘
358,14:39:06,8.12,--,11,8932,买盘
359,14:39:03,8.12,0.01,77,62523,买盘
360,14:39:00,8.11,-0.01,61,49471,卖盘
361,14:38:57,8.12,--,26,21111,买盘
362,14:38:54,8.12,0.01,39,31667,买盘
363,14:38:51,8.11,--,159,128948,卖盘
364,14:38:48,8.11,--,1311,1063221,卖盘
365,14:38:45,8.11,-0.01,208,168688,卖盘
366,14:38:42,8.12,0.01,175,142100,买盘
367,14:38:39,8.11,-0.01,68,55147,卖盘
368,14:38:36,8.12,--,102,82823,买盘
369,14:38:33,8.12,--,13,10555,买盘
370,14:38:30,8.12,0.01,360,292320,买盘
371,14:38:27,8.11,-0.01,1003,813433,卖盘
372,14:38:24,8.12,0.01,21,17052,买盘
373,14:38:21,8.11,--,165,133815,买盘
374,14:38:18,8.11,0.01,368,298448,买盘
375,14:38:15,8.1,-0.01,622,503820,卖盘
376,14:38:12,8.11,--,198,160578,买盘
377,14:38:09,8.11,--,385,312235,买盘
378,14:38:06,8.11,--,271,219780,买盘
379,14:38:03,8.11,0.01,246,199506,买盘
380,14:38:00,8.1,-0.01,1128,913890,卖盘
381,14:37:57,8.11,--,270,218969,买盘
382,14:37:54,8.11,--,566,459025,买盘
383,14:37:51,8.11,-0.01,3321,2693331,卖盘
384,14:37:48,8.12,--,874,709687,买盘
385,14:37:45,8.12,0.01,214,173767,买盘
386,14:37:42,8.11,--,290,235189,卖盘
387,14:37:39,8.11,--,798,647178,卖盘
388,14:37:36,8.11,-0.01,145,117594,卖盘
389,14:37:33,8.12,0.01,265,215179,买盘
390,14:37:30,8.11,--,335,271685,买盘
391,14:37:27,8.11,--,361,292771,买盘
392,14:37:24,8.11,--,482,390902,买盘
393,14:37:21,8.11,-0.01,928,752608,卖盘
394,14:37:18,8.12,--,553,449035,买盘
395,14:37:15,8.12,0.01,2114,1716567,买盘
396,14:37:12,8.11,--,198,160578,卖盘
397,14:37:09,8.11,-0.01,350,283850,卖盘
398,14:37:06,8.12,0.01,250,202999,买盘
399,14:37:03,8.11,--,493,399823,卖盘
400,14:37:00,8.11,--,179,145169,卖盘
401,14:36:57,8.11,-0.01,292,236811,卖盘
402,14:36:54,8.12,0.01,70,56839,买盘
403,14:36:51,8.11,--,136,110295,卖盘
404,14:36:48,8.11,--,2863,2321893,买盘
405,14:36:45,8.11,--,76,61635,买盘
406,14:36:42,8.11,--,229,185719,买盘
407,14:36:39,8.11,--,262,212481,买盘
408,14:36:36,8.11,0.01,1334,1081874,买盘
409,14:36:33,8.1,--,587,475470,卖盘
410,14:36:30,8.1,--,883,715230,卖盘
411,14:36:27,8.1,-0.01,157,127170,卖盘
412,14:36:24,8.11,-0.01,2167,1757436,卖盘
413,14:36:21,8.12,0.01,1842,1495703,买盘
414,14:36:18,8.11,-0.01,815,660965,卖盘
415,14:36:15,8.12,--,236,191631,买盘
416,14:36:12,8.12,0.01,58,47095,卖盘
417,14:36:09,8.11,-0.02,1195,969144,卖盘
418,14:36:06,8.13,--,83,67479,买盘
419,14:36:03,8.13,0.01,145,117885,买盘
420,14:36:00,8.12,--,776,630111,卖盘
421,14:35:57,8.12,--,587,476643,卖盘
422,14:35:54,8.12,--,119,96627,卖盘
423,14:35:51,8.12,--,82,66584,买盘
424,14:35:48,8.12,--,224,181887,买盘
425,14:35:45,8.12,--,315,255779,买盘
426,14:35:42,8.12,0.01,95,77139,买盘
427,14:35:39,8.11,-0.02,670,543370,卖盘
428,14:35:36,8.13,0.01,202,164226,买盘
429,14:35:33,8.12,0.01,80,64959,卖盘
430,14:35:30,8.11,-0.01,61,49471,卖盘
431,14:35:27,8.12,--,435,353219,买盘
432,14:35:24,8.12,0.01,82,66584,买盘
433,14:35:21,8.11,-0.01,545,441994,卖盘
434,14:35:18,8.12,0.01,542,440103,买盘
435,14:35:15,8.11,--,732,593652,卖盘
436,14:35:12,8.11,--,322,261141,卖盘
437,14:35:09,8.11,--,1497,1214067,卖盘
438,14:35:06,8.11,--,1014,822354,卖盘
439,14:35:03,8.11,--,1613,1308143,卖盘
440,14:35:00,8.11,--,267,216536,卖盘
441,14:34:57,8.11,-0.01,90,72990,卖盘
442,14:34:54,8.12,--,404,328047,卖盘
443,14:34:51,8.12,--,703,570836,卖盘
444,14:34:48,8.12,--,1317,1069404,卖盘
445,14:34:45,8.12,--,373,302875,卖盘
446,14:34:42,8.12,--,286,232231,卖盘
447,14:34:39,8.12,-0.01,763,619555,卖盘
448,14:34:36,8.13,--,252,204876,买盘
449,14:34:33,8.13,--,821,667473,买盘
450,14:34:30,8.13,--,339,275607,买盘
451,14:34:27,8.13,0.01,50,40650,买盘
452,14:34:24,8.12,-0.01,191,155091,卖盘
453,14:34:21,8.13,-0.01,144,117072,卖盘
454,14:34:18,8.14,--,1410,1147740,买盘
455,14:34:15,8.14,0.01,640,520960,买盘
456,14:34:12,8.13,-0.01,63,51219,卖盘
457,14:34:09,8.14,0.01,337,274318,买盘
458,14:34:06,8.13,-0.01,241,195933,卖盘
459,14:34:03,8.14,--,915,744810,卖盘
460,14:34:00,8.14,-0.01,345,280830,卖盘
461,14:33:57,8.15,--,438,356970,买盘
462,14:33:54,8.15,--,126,102690,买盘
463,14:33:51,8.15,--,31,25265,买盘
464,14:33:48,8.15,--,1407,1146705,卖盘
465,14:33:45,8.15,--,664,541160,卖盘
466,14:33:42,8.15,--,222,180930,卖盘
467,14:33:39,8.15,--,228,185820,卖盘
468,14:33:36,8.15,-0.01,136,110840,卖盘
469,14:33:33,8.16,0.01,1305,1064880,买盘
470,14:33:30,8.15,--,134,109210,卖盘
471,14:33:27,8.15,-0.01,412,335780,卖盘
472,14:33:24,8.16,0.01,269,219504,买盘
473,14:33:21,8.15,-0.01,134,109210,卖盘
474,14:33:18,8.16,--,107,87312,买盘
475,14:33:15,8.16,0.01,102,83232,中性盘
476,14:33:12,8.15,-0.01,643,524045,卖盘
477,14:33:09,8.16,--,2063,1683408,卖盘
478,14:33:06,8.16,-0.01,82,66912,卖盘
479,14:33:03,8.17,0.01,201,164217,买盘
480,14:33:00,8.16,--,139,113424,买盘
481,14:32:57,8.16,--,61,49776,卖盘
482,14:32:54,8.16,-0.01,109,88944,卖盘
483,14:32:51,8.17,0.01,370,302290,买盘
484,14:32:48,8.16,--,399,325584,卖盘
485,14:32:45,8.16,--,195,159120,卖盘
486,14:32:42,8.16,--,272,221952,买盘
487,14:32:39,8.16,--,244,199104,买盘
488,14:32:36,8.16,--,226,184416,卖盘
489,14:32:33,8.16,--,140,114240,卖盘
490,14:32:30,8.16,--,17,13872,卖盘
491,14:32:27,8.16,--,51,41616,卖盘
492,14:32:24,8.16,--,360,293760,买盘
493,14:32:21,8.16,--,308,251328,卖盘
494,14:32:18,8.16,--,291,237456,卖盘
495,14:32:15,8.16,--,306,249696,卖盘
496,14:32:12,8.16,-0.01,68,55488,卖盘
497,14:32:09,8.17,0.01,313,255721,买盘
498,14:32:06,8.16,-0.01,47,38352,买盘
499,14:32:03,8.17,--,3144,2568648,买盘
500,14:32:00,8.17,0.01,15,12255,买盘
501,14:31:57,8.16,-0.01,154,125664,卖盘
502,14:31:54,8.17,0.01,356,290852,买盘
503,14:31:51,8.16,-0.01,31,25296,卖盘
504,14:31:48,8.17,--,25,20425,买盘
505,14:31:45,8.17,0.01,329,268793,买盘
506,14:31:42,8.16,--,75,61200,卖盘
507,14:31:39,8.16,--,36,29376,卖盘
508,14:31:36,8.16,--,600,489600,卖盘
509,14:31:30,8.16,--,68,55488,卖盘
510,14:31:27,8.16,--,134,109344,卖盘
511,14:31:24,8.16,-0.01,24,19584,卖盘
512,14:31:21,8.17,--,53,43301,买盘
513,14:31:18,8.17,0.01,19,15523,买盘
514,14:31:15,8.16,--,48,39168,卖盘
515,14:31:12,8.16,-0.01,397,323952,卖盘
516,14:31:09,8.17,0.01,35,28595,买盘
517,14:31:06,8.16,--,101,82416,卖盘
518,14:31:03,8.16,--,117,95472,卖盘
519,14:31:00,8.16,--,244,199104,卖盘
520,14:30:57,8.16,-0.01,3234,2638944,卖盘
521,14:30:54,8.17,0.01,174,142158,买盘
522,14:30:51,8.16,--,100,81600,卖盘
523,14:30:48,8.16,--,110,89760,卖盘
524,14:30:45,8.16,--,68,55488,卖盘
525,14:30:42,8.16,-0.01,1353,1104048,卖盘
526,14:30:39,8.17,-0.01,146,119282,中性盘
527,14:30:36,8.18,0.01,114,93252,买盘
528,14:30:33,8.17,--,194,158498,卖盘
529,14:30:30,8.17,--,25,20425,买盘
530,14:30:27,8.17,0.01,76,62092,中性盘
531,14:30:24,8.16,-0.02,786,641376,卖盘
532,14:30:21,8.18,--,80,65440,买盘
533,14:30:18,8.18,--,80,65440,买盘
534,14:30:15,8.18,0.01,2,1636,买盘
535,14:30:12,8.17,-0.01,221,180557,卖盘
536,14:30:09,8.18,0.01,34,27812,买盘
537,14:30:06,8.17,-0.01,423,345591,卖盘
538,14:30:03,8.18,0.01,15,12270,买盘
539,14:30:00,8.17,--,115,93955,卖盘
540,14:29:57,8.17,--,26,21242,卖盘
541,14:29:54,8.17,-0.01,28,22876,卖盘
542,14:29:51,8.18,0.01,123,100614,买盘
543,14:29:48,8.17,--,205,167485,卖盘
544,14:29:45,8.17,--,200,163400,买盘
545,14:29:42,8.17,--,307,250819,买盘
546,14:29:39,8.17,--,177,144609,买盘
547,14:29:36,8.17,0.01,29,23693,买盘
548,14:29:33,8.16,-0.01,87,70992,卖盘
549,14:29:30,8.17,0.01,111,90687,买盘
550,14:29:27,8.16,-0.01,27,22032,卖盘
551,14:29:24,8.17,--,184,150328,买盘
552,14:29:21,8.17,--,67,54739,买盘
553,14:29:18,8.17,--,66,53922,买盘
554,14:29:15,8.17,--,62,50654,买盘
555,14:29:12,8.17,--,158,129086,买盘
556,14:29:09,8.17,--,159,129903,买盘
557,14:29:06,8.17,--,590,482030,买盘
558,14:29:03,8.17,-0.01,2441,1994297,卖盘
559,14:29:00,8.18,0.01,71,58078,买盘
560,14:28:57,8.17,-0.01,153,125001,卖盘
561,14:28:54,8.18,--,86,70348,买盘
562,14:28:51,8.18,0.01,75,61350,买盘
563,14:28:48,8.17,--,112,91504,卖盘
564,14:28:45,8.17,-0.01,69,56373,卖盘
565,14:28:42,8.18,0.01,223,182414,买盘
566,14:28:39,8.17,-0.01,135,110295,卖盘
567,14:28:36,8.18,0.01,276,225768,买盘
568,14:28:33,8.17,-0.01,166,135622,卖盘
569,14:28:30,8.18,0.01,296,242128,买盘
570,14:28:27,8.17,-0.01,132,107844,卖盘
571,14:28:24,8.18,0.01,75,61350,买盘
572,14:28:21,8.17,--,3,2451,卖盘
573,14:28:18,8.17,-0.01,154,125818,卖盘
574,14:28:15,8.18,--,110,89980,买盘
575,14:28:12,8.18,--,60,49080,买盘
576,14:28:09,8.18,--,385,314930,卖盘
577,14:28:06,8.18,-0.01,209,170962,卖盘
578,14:28:03,8.19,0.01,114,93366,买盘
579,14:28:00,8.18,--,13,10634,卖盘
580,14:27:57,8.18,--,450,368100,卖盘
581,14:27:54,8.18,--,25,20450,卖盘
582,14:27:51,8.18,-0.01,32,26176,卖盘
583,14:27:48,8.19,--,42,34398,买盘
584,14:27:45,8.19,--,115,94185,买盘
585,14:27:42,8.19,--,70,57330,买盘
586,14:27:39,8.19,0.01,1,819,买盘
587,14:27:36,8.18,--,30,24540,卖盘
588,14:27:33,8.18,--,50,40900,卖盘
589,14:27:30,8.18,--,88,71984,卖盘
590,14:27:27,8.18,--,13,10634,卖盘
591,14:27:24,8.18,--,785,642130,卖盘
592,14:27:21,8.18,-0.01,398,325564,卖盘
593,14:27:18,8.19,0.01,96,78624,买盘
594,14:27:15,8.18,-0.01,74,60532,卖盘
595,14:27:12,8.19,0.01,254,208026,买盘
596,14:27:09,8.18,--,142,116156,卖盘
597,14:27:06,8.18,--,283,231494,卖盘
598,14:27:03,8.18,-0.01,302,247036,卖盘
599,14:27:00,8.19,0.01,310,253889,买盘
600,14:26:57,8.18,-0.01,142,116156,卖盘
601,14:26:54,8.19,0.01,96,78624,买盘
602,14:26:51,8.18,--,126,103068,卖盘
603,14:26:48,8.18,--,44,35992,卖盘
604,14:26:45,8.18,-0.01,712,582416,卖盘
605,14:26:42,8.19,0.01,75,61424,买盘
606,14:26:39,8.18,--,181,148058,卖盘
607,14:26:36,8.18,--,77,62986,卖盘
608,14:26:33,8.18,-0.01,101,82618,卖盘
609,14:26:30,8.19,0.02,892,730548,买盘
610,14:26:27,8.17,-0.01,119,97223,卖盘
611,14:26:24,8.18,--,339,277302,买盘
612,14:26:21,8.18,0.01,133,108794,买盘
613,14:26:18,8.17,--,236,192812,卖盘
614,14:26:15,8.17,-0.01,841,687097,卖盘
615,14:26:12,8.18,--,35,28630,买盘
616,14:26:09,8.18,--,25,20450,买盘
617,14:26:06,8.18,0.01,116,94888,买盘
618,14:26:03,8.17,-0.01,932,761444,卖盘
619,14:26:00,8.18,0.01,33,26994,买盘
620,14:25:57,8.17,--,732,598044,卖盘
621,14:25:54,8.17,--,167,136439,卖盘
622,14:25:51,8.17,--,156,127452,卖盘
623,14:25:48,8.17,--,128,104576,卖盘
624,14:25:45,8.17,--,152,124184,卖盘
625,14:25:42,8.17,--,69,56373,买盘
626,14:25:39,8.17,--,773,631541,买盘
627,14:25:36,8.17,--,197,160949,买盘
628,14:25:33,8.17,0.01,243,198531,买盘
629,14:25:30,8.16,--,157,128112,卖盘
630,14:25:27,8.16,--,194,158304,卖盘
631,14:25:24,8.16,--,970,791520,卖盘
632,14:25:21,8.16,--,112,91392,卖盘
633,14:25:18,8.16,--,129,105264,卖盘
634,14:25:15,8.16,--,75,61200,卖盘
635,14:25:12,8.16,--,886,722976,卖盘
636,14:25:09,8.16,-0.01,920,750720,卖盘
637,14:25:06,8.17,0.01,225,183825,买盘
638,14:25:03,8.16,-0.01,328,267648,卖盘
639,14:25:00,8.17,--,111,90687,买盘
640,14:24:57,8.17,0.01,179,146243,买盘
641,14:24:54,8.16,--,941,767856,卖盘
642,14:24:51,8.16,-0.01,943,769488,卖盘
643,14:24:48,8.17,0.01,259,211603,买盘
644,14:24:45,8.16,--,169,137904,卖盘
645,14:24:42,8.16,-0.01,250,204000,卖盘
646,14:24:39,8.17,0.01,106,86602,买盘
647,14:24:36,8.16,--,28,22848,卖盘
648,14:24:33,8.16,-0.01,171,139536,卖盘
649,14:24:30,8.17,--,10,8170,买盘
650,14:24:27,8.17,--,12,9804,买盘
651,14:24:24,8.17,--,64,52288,买盘
652,14:24:21,8.17,--,35,28595,买盘
653,14:24:18,8.17,-0.01,4368,3568656,卖盘
654,14:24:15,8.18,0.01,347,283846,买盘
655,14:24:12,8.17,-0.01,36,29412,卖盘
656,14:24:09,8.18,--,71,58078,买盘
657,14:24:06,8.18,--,106,86708,买盘
658,14:24:03,8.18,--,163,133334,买盘
659,14:24:00,8.18,--,119,97342,买盘
660,14:23:57,8.18,--,820,670760,卖盘
661,14:23:54,8.18,-0.01,218,178324,卖盘
662,14:23:51,8.19,0.01,204,167076,买盘
663,14:23:48,8.18,--,64,52352,卖盘
664,14:23:45,8.18,--,48,39264,卖盘
665,14:23:42,8.18,-0.01,348,284664,卖盘
666,14:23:39,8.19,0.01,147,120392,买盘
667,14:23:36,8.18,--,35,28630,卖盘
668,14:23:33,8.18,--,396,323928,卖盘
669,14:23:30,8.18,--,40,32720,卖盘
670,14:23:27,8.18,-0.01,771,630678,卖盘
671,14:23:24,8.19,--,27,22113,买盘
672,14:23:21,8.19,0.01,1,819,买盘
673,14:23:18,8.18,-0.01,86,70348,卖盘
674,14:23:15,8.19,0.01,215,176085,买盘
675,14:23:12,8.18,--,174,142332,卖盘
676,14:23:09,8.18,--,902,737836,卖盘
677,14:23:06,8.18,--,24,19632,卖盘
678,14:23:03,8.18,-0.01,31,25358,卖盘
679,14:23:00,8.19,0.01,237,194103,买盘
680,14:22:57,8.18,--,191,156238,卖盘
681,14:22:54,8.18,--,290,237220,卖盘
682,14:22:51,8.18,--,217,177506,卖盘
683,14:22:48,8.18,-0.01,348,284664,卖盘
684,14:22:45,8.19,0.01,22,18018,买盘
685,14:22:42,8.18,--,42,34356,卖盘
686,14:22:39,8.18,--,104,85072,卖盘
687,14:22:36,8.18,--,37,30266,卖盘
688,14:22:33,8.18,-0.01,83,67894,卖盘
689,14:22:30,8.19,--,36,29484,买盘
690,14:22:27,8.19,0.01,14,11466,买盘
691,14:22:24,8.18,--,463,378734,卖盘
692,14:22:21,8.18,-0.01,19,15542,卖盘
693,14:22:18,8.19,0.01,35,28665,买盘
694,14:22:15,8.18,-0.01,30,24540,卖盘
695,14:22:12,8.19,--,925,757575,买盘
696,14:22:09,8.19,0.01,41,33579,买盘
697,14:22:06,8.18,-0.01,188,153784,卖盘
698,14:22:03,8.19,0.01,201,164619,买盘
699,14:22:00,8.18,-0.01,67,54806,卖盘
700,14:21:57,8.19,0.01,84,68796,买盘
701,14:21:54,8.18,--,226,184868,卖盘
702,14:21:51,8.18,--,312,255216,卖盘
703,14:21:48,8.18,-0.01,40,32720,卖盘
704,14:21:45,8.19,0.01,24,19656,买盘
705,14:21:42,8.18,-0.01,131,107158,卖盘
706,14:21:39,8.19,0.01,202,165438,买盘
707,14:21:36,8.18,--,455,372190,卖盘
708,14:21:33,8.18,-0.01,83,67894,卖盘
709,14:21:30,8.19,0.01,12,9828,买盘
710,14:21:27,8.18,--,89,72802,卖盘
711,14:21:24,8.18,-0.01,9,7362,卖盘
712,14:21:21,8.19,--,70,57330,买盘
713,14:21:15,8.19,--,16,13104,买盘
714,14:21:12,8.19,0.01,41,33579,买盘
715,14:21:09,8.18,--,25,20450,卖盘
716,14:21:06,8.18,-0.01,1,818,卖盘
717,14:21:03,8.19,0.01,81,66339,买盘
718,14:21:00,8.18,-0.01,44,35992,卖盘
719,14:20:57,8.19,--,22,18018,买盘
720,14:20:54,8.19,--,562,460278,买盘
721,14:20:51,8.19,--,151,123668,买盘
722,14:20:48,8.19,--,252,206879,卖盘
723,14:20:45,8.19,-0.01,181,148239,卖盘
724,14:20:42,8.2,0.01,11,9020,买盘
725,14:20:39,8.19,--,272,222768,卖盘
726,14:20:36,8.19,--,1,819,卖盘
727,14:20:33,8.19,-0.01,5,4094,卖盘
728,14:20:30,8.2,--,528,432959,买盘
729,14:20:27,8.2,--,10,8200,买盘
730,14:20:24,8.2,0.01,1,819,买盘
731,14:20:21,8.19,--,30,24570,卖盘
732,14:20:18,8.19,--,63,51597,卖盘
733,14:20:15,8.19,--,30,24570,卖盘
734,14:20:12,8.19,--,78,63881,卖盘
735,14:20:09,8.19,--,56,45864,卖盘
736,14:20:06,8.19,--,54,44226,卖盘
737,14:20:03,8.19,--,11,9009,卖盘
738,14:20:00,8.19,--,1107,906633,卖盘
739,14:19:57,8.19,-0.01,25,20475,卖盘
740,14:19:54,8.2,0.01,300,245999,买盘
741,14:19:51,8.19,-0.01,199,162981,卖盘
742,14:19:48,8.2,0.01,195,159900,买盘
743,14:19:45,8.19,--,180,147420,卖盘
744,14:19:42,8.19,--,62,50778,卖盘
745,14:19:39,8.19,-0.01,63,51597,卖盘
746,14:19:36,8.2,0.01,11,9020,买盘
747,14:19:33,8.19,-0.01,65,53235,卖盘
748,14:19:30,8.2,--,1,819,买盘
749,14:19:27,8.2,--,98,80360,买盘
750,14:19:24,8.2,--,51,41820,买盘
751,14:19:18,8.2,0.01,70,57399,买盘
752,14:19:15,8.19,-0.01,156,127763,卖盘
753,14:19:12,8.2,--,318,260759,买盘
754,14:19:09,8.2,--,52,42639,买盘
755,14:19:06,8.2,0.01,39,31979,买盘
756,14:19:03,8.19,-0.01,33,27027,卖盘
757,14:19:00,8.2,--,58,47559,买盘
758,14:18:57,8.2,--,49,40180,买盘
759,14:18:54,8.2,--,36,29519,买盘
760,14:18:51,8.2,0.01,47,38540,买盘
761,14:18:48,8.19,-0.01,26,21294,卖盘
762,14:18:45,8.2,--,548,449359,买盘
763,14:18:42,8.2,--,260,213199,卖盘
764,14:18:39,8.2,--,466,382119,卖盘
765,14:18:36,8.2,--,80,65600,卖盘
766,14:18:33,8.2,-0.01,568,465759,卖盘
767,14:18:30,8.21,--,38,31198,买盘
768,14:18:27,8.21,0.01,9,7389,买盘
769,14:18:24,8.2,-0.01,214,175479,卖盘
770,14:18:21,8.21,--,5,4105,买盘
771,14:18:18,8.21,0.01,21,17241,买盘
772,14:18:15,8.2,--,48,39360,卖盘
773,14:18:12,8.2,--,17,13939,卖盘
774,14:18:09,8.2,-0.01,15,12299,卖盘
775,14:18:06,8.21,0.01,1,821,买盘
776,14:18:03,8.2,-0.01,62,50839,卖盘
777,14:18:00,8.21,0.01,34,27914,买盘
778,14:17:57,8.2,--,30,24599,卖盘
779,14:17:54,8.2,--,103,84459,卖盘
780,14:17:51,8.2,--,19,15579,卖盘
781,14:17:48,8.2,--,97,79540,卖盘
782,14:17:45,8.2,--,24,19680,卖盘
783,14:17:42,8.2,--,418,342759,卖盘
784,14:17:39,8.2,--,16,13119,卖盘
785,14:17:36,8.2,--,66,54119,卖盘
786,14:17:33,8.2,--,1,819,卖盘
787,14:17:30,8.2,--,74,60679,卖盘
788,14:17:24,8.2,--,111,91019,卖盘
789,14:17:12,8.2,--,45,36900,卖盘
790,14:17:09,8.2,--,7,5739,卖盘
791,14:17:06,8.2,-0.01,57,46739,卖盘
792,14:17:03,8.21,--,3,2463,买盘
793,14:17:00,8.21,--,18,14778,买盘
794,14:16:57,8.21,0.01,101,82921,买盘
795,14:16:54,8.2,-0.01,341,279620,卖盘
796,14:16:51,8.21,--,1836,1507356,买盘
797,14:16:48,8.21,--,4,3284,买盘
798,14:16:45,8.21,0.01,18,14778,买盘
799,14:16:42,8.2,--,27,22139,卖盘
800,14:16:39,8.2,--,9,7379,卖盘
801,14:16:36,8.2,--,307,251739,卖盘
802,14:16:33,8.2,--,6,4920,卖盘
803,14:16:30,8.2,-0.01,40,32800,卖盘
804,14:16:27,8.21,0.01,75,61575,买盘
805,14:16:24,8.2,--,365,299300,卖盘
806,14:16:21,8.2,-0.01,55,45099,卖盘
807,14:16:18,8.21,0.01,132,108372,买盘
808,14:16:15,8.2,-0.01,145,118899,卖盘
809,14:16:12,8.21,--,100,82100,买盘
810,14:16:09,8.21,--,19,15599,买盘
811,14:16:06,8.21,0.01,31,25451,买盘
812,14:16:03,8.2,-0.01,6,4920,卖盘
813,14:16:00,8.21,--,48,39408,买盘
814,14:15:57,8.21,0.01,171,140391,买盘
815,14:15:54,8.2,-0.01,23,18860,卖盘
816,14:15:51,8.21,0.01,64,52544,买盘
817,14:15:48,8.2,--,111,91019,卖盘
818,14:15:45,8.2,--,274,224679,卖盘
819,14:15:42,8.2,-0.01,63,51659,卖盘
820,14:15:39,8.21,0.01,62,50902,买盘
821,14:15:36,8.2,--,216,177119,卖盘
822,14:15:33,8.2,--,266,218119,买盘
823,14:15:30,8.2,0.01,122,100039,买盘
824,14:15:27,8.19,-0.01,679,556101,卖盘
825,14:15:24,8.2,--,149,122179,卖盘
826,14:15:21,8.2,0.01,158,129887,买盘
827,14:15:18,8.19,--,732,599508,买盘
828,14:15:15,8.19,--,65,53235,买盘
829,14:15:12,8.19,--,121,99099,卖盘
830,14:15:09,8.19,-0.01,185,151515,卖盘
831,14:15:06,8.2,0.01,765,627300,买盘
832,14:15:03,8.19,-0.01,261,214119,卖盘
833,14:15:00,8.2,--,301,246819,买盘
834,14:14:57,8.2,0.01,1322,1084040,买盘
835,14:14:54,8.19,--,367,300573,卖盘
836,14:14:51,8.19,-0.01,752,615888,卖盘
837,14:14:48,8.2,0.01,13,10659,买盘
838,14:14:45,8.19,--,49,40131,卖盘
839,14:14:42,8.19,-0.01,90,73710,卖盘
840,14:14:39,8.2,0.01,249,204179,买盘
841,14:14:36,8.19,--,1158,948402,卖盘
842,14:14:33,8.19,--,28,22932,卖盘
843,14:14:30,8.19,-0.01,160,131039,卖盘
844,14:14:27,8.2,0.01,66,54119,买盘
845,14:14:24,8.19,-0.01,113,92547,卖盘
846,14:14:21,8.2,0.01,11,9020,买盘
847,14:14:18,8.19,-0.01,13,10647,卖盘
848,14:14:15,8.2,--,77,63139,买盘
849,14:14:12,8.2,0.01,15,12299,买盘
850,14:14:09,8.19,-0.01,10,8189,卖盘
851,14:14:06,8.2,--,40,32800,买盘
852,14:14:03,8.2,0.01,190,155800,买盘
853,14:14:00,8.19,-0.01,18,14742,卖盘
854,14:13:57,8.2,0.01,58,47559,买盘
855,14:13:54,8.19,-0.01,4,3931,卖盘
856,14:13:51,8.2,--,100,82000,买盘
857,14:13:48,8.2,0.01,6,4920,买盘
858,14:13:45,8.19,--,140,114660,卖盘
859,14:13:42,8.19,--,9,7371,卖盘
860,14:13:39,8.19,-0.01,7,5733,卖盘
861,14:13:36,8.2,0.01,54,44279,买盘
862,14:13:33,8.19,-0.01,111,90909,卖盘
863,14:13:30,8.2,--,106,86919,买盘
864,14:13:27,8.2,--,80,65600,买盘
865,14:13:24,8.2,--,60,49199,买盘
866,14:13:21,8.2,--,103,84459,买盘
867,14:13:18,8.2,--,2497,2047539,卖盘
868,14:13:15,8.2,--,101,82820,卖盘
869,14:13:12,8.2,-0.01,102,83640,卖盘
870,14:13:09,8.21,0.01,5,4105,买盘
871,14:13:06,8.2,-0.01,25,20500,卖盘
872,14:13:00,8.21,0.01,1,821,买盘
873,14:12:57,8.2,-0.01,80,65600,卖盘
874,14:12:54,8.21,0.01,22,18062,买盘
875,14:12:51,8.2,-0.01,2,1639,卖盘
876,14:12:48,8.21,--,3,2463,买盘
877,14:12:45,8.21,--,12,9852,买盘
878,14:12:42,8.21,--,10,8210,买盘
879,14:12:39,8.21,--,55,45155,买盘
880,14:12:36,8.21,0.01,453,371913,买盘
881,14:12:33,8.2,-0.01,1,819,卖盘
882,14:12:30,8.21,0.01,22,18062,买盘
883,14:12:27,8.2,-0.01,31,25419,卖盘
884,14:12:24,8.21,--,124,101804,买盘
885,14:12:21,8.21,--,516,423636,买盘
886,14:12:18,8.21,--,109,89489,买盘
887,14:12:15,8.21,--,185,151885,买盘
888,14:12:12,8.21,--,3,2463,买盘
889,14:12:09,8.21,0.01,237,194577,买盘
890,14:12:06,8.2,-0.01,205,168099,卖盘
891,14:12:03,8.21,--,31,25451,买盘
892,14:12:00,8.21,0.01,69,56649,买盘
893,14:11:57,8.2,--,49,40180,卖盘
894,14:11:54,8.2,-0.01,30,24599,卖盘
895,14:11:51,8.21,--,161,132181,买盘
896,14:11:48,8.21,--,118,96878,买盘
897,14:11:45,8.21,--,21,17241,买盘
898,14:11:42,8.21,0.01,341,279961,买盘
899,14:11:39,8.2,--,133,109059,卖盘
900,14:11:36,8.2,--,228,186959,卖盘
901,14:11:33,8.2,-0.01,62,50839,卖盘
902,14:11:30,8.21,0.01,5,4105,买盘
903,14:11:27,8.2,--,116,95119,卖盘
904,14:11:24,8.2,--,42,34440,卖盘
905,14:11:21,8.2,-0.01,8,6559,卖盘
906,14:11:18,8.21,0.01,56,45976,买盘
907,14:11:15,8.2,-0.01,18,14759,卖盘
908,14:11:12,8.21,--,6,4926,买盘
909,14:11:09,8.21,0.01,27,22167,买盘
910,14:11:06,8.2,--,26,21319,卖盘
911,14:11:03,8.2,-0.01,326,267320,卖盘
912,14:11:00,8.21,0.01,13,10673,买盘
913,14:10:57,8.2,-0.01,57,46739,卖盘
914,14:10:54,8.21,0.01,60,49260,买盘
915,14:10:51,8.2,--,24,19680,卖盘
916,14:10:48,8.2,--,20,16400,卖盘
917,14:10:45,8.2,--,2,1639,卖盘
918,14:10:42,8.2,--,87,71340,卖盘
919,14:10:39,8.2,-0.01,12,9840,卖盘
920,14:10:36,8.21,0.02,545,447445,买盘
921,14:10:33,8.19,--,86,70434,卖盘
922,14:10:30,8.19,--,79,64700,卖盘
923,14:10:27,8.19,-0.01,22,18018,卖盘
924,14:10:24,8.2,--,161,132020,买盘
925,14:10:21,8.2,-0.01,670,549400,卖盘
926,14:10:18,8.21,--,38,31198,买盘
927,14:10:15,8.21,0.01,305,250405,买盘
928,14:10:12,8.2,--,1090,893799,卖盘
929,14:10:09,8.2,-0.01,86,70520,卖盘
930,14:10:06,8.21,--,18,14778,买盘
931,14:10:03,8.21,0.01,82,67322,买盘
932,14:10:00,8.2,--,4,3279,卖盘
933,14:09:57,8.2,--,143,117259,卖盘
934,14:09:54,8.2,-0.01,5,4100,卖盘
935,14:09:51,8.21,--,236,193756,买盘
936,14:09:48,8.21,--,65,53365,买盘
937,14:09:45,8.21,0.01,28,22988,买盘
938,14:09:42,8.2,-0.01,11,9020,卖盘
939,14:09:39,8.21,0.01,35,28735,买盘
940,14:09:36,8.2,--,43,35260,卖盘
941,14:09:33,8.2,0.01,195,159900,买盘
942,14:09:30,8.19,-0.01,19,15560,卖盘
943,14:09:27,8.2,0.01,13,10659,买盘
944,14:09:24,8.19,-0.01,212,173628,卖盘
945,14:09:21,8.2,0.01,234,191879,买盘
946,14:09:18,8.19,--,64,52416,卖盘
947,14:09:15,8.19,--,181,148239,卖盘
948,14:09:12,8.19,--,10,8189,卖盘
949,14:09:09,8.19,--,251,205569,卖盘
950,14:09:06,8.19,-0.01,50,40950,卖盘
951,14:09:03,8.2,--,224,183679,买盘
952,14:09:00,8.2,--,167,136940,买盘
953,14:08:57,8.2,0.01,21,17220,买盘
954,14:08:54,8.19,-0.01,23,18837,卖盘
955,14:08:51,8.2,--,33,27059,买盘
956,14:08:48,8.2,--,10,8200,买盘
957,14:08:42,8.2,--,59,48379,买盘
958,14:08:39,8.2,0.01,28,22959,买盘
959,14:08:36,8.19,-0.01,74,60605,卖盘
960,14:08:33,8.2,--,88,72160,买盘
961,14:08:30,8.2,--,80,65600,买盘
962,14:08:27,8.2,0.01,99,81180,买盘
963,14:08:24,8.19,-0.01,72,58968,卖盘
964,14:08:21,8.2,0.01,3,2460,买盘
965,14:08:18,8.19,-0.01,314,257165,卖盘
966,14:08:15,8.2,0.01,146,119719,买盘
967,14:08:12,8.19,-0.01,50,40950,卖盘
968,14:08:09,8.2,0.01,125,102499,买盘
969,14:08:06,8.19,-0.01,33,27027,卖盘
970,14:08:03,8.2,0.01,34,27879,买盘
971,14:08:00,8.19,-0.01,33,27027,卖盘
972,14:07:57,8.2,--,145,118899,卖盘
973,14:07:54,8.2,0.01,6,4920,中性盘
974,14:07:51,8.19,--,893,732104,卖盘
975,14:07:48,8.19,-0.01,953,780507,卖盘
976,14:07:45,8.2,0.01,508,416559,买盘
977,14:07:42,8.19,--,195,159705,卖盘
978,14:07:39,8.19,--,31,26093,卖盘
979,14:07:36,8.19,--,285,233415,卖盘
980,14:07:33,8.19,--,107,87633,卖盘
981,14:07:30,8.19,-0.01,821,672399,卖盘
982,14:07:27,8.2,0.01,137,112339,买盘
983,14:07:24,8.19,-0.01,1200,982799,卖盘
984,14:07:21,8.2,0.01,44,36080,买盘
985,14:07:18,8.19,-0.01,182,149058,卖盘
986,14:07:15,8.2,0.01,27,22139,买盘
987,14:07:12,8.19,-0.01,425,348075,中性盘
988,14:07:09,8.2,0.02,782,641240,买盘
989,14:07:06,8.18,-0.01,594,485892,卖盘
990,14:07:03,8.19,0.01,918,751842,买盘
991,14:07:00,8.18,-0.01,217,177506,卖盘
992,14:06:57,8.19,0.01,131,107289,买盘
993,14:06:54,8.18,--,851,696118,卖盘
994,14:06:51,8.18,-0.01,437,357466,卖盘
995,14:06:48,8.19,0.01,1012,829434,买盘
996,14:06:45,8.18,0.01,574,469532,买盘
997,14:06:42,8.17,-0.01,1039,849075,卖盘
998,14:06:39,8.18,-0.01,793,648674,卖盘
999,14:06:36,8.19,0.01,341,279279,买盘
1000,14:06:33,8.18,--,64,52352,卖盘
1001,14:06:30,8.18,-0.01,1198,979964,卖盘
1002,14:06:27,8.19,--,944,773136,买盘
1003,14:06:24,8.19,0.01,375,307125,买盘
1004,14:06:21,8.18,--,2099,1716982,卖盘
1005,14:06:18,8.18,--,325,265850,卖盘
1006,14:06:15,8.18,--,141,115338,卖盘
1007,14:06:12,8.18,-0.01,203,166708,卖盘
1008,14:06:09,8.19,0.01,105,85995,买盘
1009,14:06:06,8.18,--,259,211862,卖盘
1010,14:06:03,8.18,--,102,83436,卖盘
1011,14:06:00,8.18,--,468,382824,卖盘
1012,14:05:57,8.18,--,183,149694,卖盘
1013,14:05:54,8.18,-0.01,352,288704,卖盘
1014,14:05:51,8.19,--,18,14742,买盘
1015,14:05:48,8.19,0.01,432,353808,买盘
1016,14:05:45,8.18,--,107,87526,卖盘
1017,14:05:42,8.18,-0.02,294,240492,卖盘
1018,14:05:39,8.2,0.01,1788,1466159,买盘
1019,14:05:36,8.19,-0.01,1258,1030383,卖盘
1020,14:05:33,8.2,--,1694,1389407,卖盘
1021,14:05:30,8.2,--,1143,937259,卖盘
1022,14:05:27,8.2,--,2134,1749879,卖盘
1023,14:05:24,8.2,--,3466,2842119,卖盘
1024,14:05:21,8.2,--,3139,2573980,卖盘
1025,14:05:18,8.2,-0.01,2783,2282060,卖盘
1026,14:05:15,8.21,--,216,177336,买盘
1027,14:05:12,8.21,0.01,214,175694,买盘
1028,14:05:09,8.2,-0.01,2008,1646559,卖盘
1029,14:05:06,8.21,--,9,7389,买盘
1030,14:05:03,8.21,--,266,218386,买盘
1031,14:05:00,8.21,--,1617,1327557,卖盘
1032,14:04:57,8.21,--,9,7389,卖盘
1033,14:04:54,8.21,--,361,296381,卖盘
1034,14:04:51,8.21,-0.01,458,376018,卖盘
1035,14:04:48,8.22,0.01,21,17262,买盘
1036,14:04:45,8.21,--,260,213460,卖盘
1037,14:04:42,8.21,--,27,22167,卖盘
1038,14:04:39,8.21,-0.01,108,88668,卖盘
1039,14:04:36,8.22,0.01,38,31236,买盘
1040,14:04:33,8.21,-0.01,96,78816,卖盘
1041,14:04:30,8.22,0.01,153,125766,买盘
1042,14:04:27,8.21,--,93,76353,卖盘
1043,14:04:24,8.21,-0.01,201,165021,卖盘
1044,14:04:21,8.22,--,462,379764,买盘
1045,14:04:18,8.22,--,163,133986,买盘
1046,14:04:15,8.22,0.01,415,341130,买盘
1047,14:04:12,8.21,-0.01,4,3284,卖盘
1048,14:04:09,8.22,0.01,26,21372,买盘
1049,14:04:06,8.21,--,197,161737,卖盘
1050,14:04:03,8.21,-0.01,20,16420,卖盘
1051,14:04:00,8.22,0.01,97,79734,买盘
1052,14:03:57,8.21,-0.01,48,39408,卖盘
1053,14:03:54,8.22,--,1380,1134360,买盘
1054,14:03:51,8.22,--,10,8220,买盘
1055,14:03:48,8.22,0.01,9,7398,买盘
1056,14:03:45,8.21,--,50,41050,卖盘
1057,14:03:42,8.21,-0.01,1,821,卖盘
1058,14:03:36,8.22,0.01,46,37812,买盘
1059,14:03:33,8.21,--,81,66501,卖盘
1060,14:03:30,8.21,--,19,15599,卖盘
1061,14:03:27,8.21,--,249,204429,卖盘
1062,14:03:24,8.21,--,102,83742,卖盘
1063,14:03:21,8.21,-0.01,26,21346,卖盘
1064,14:03:18,8.22,0.01,107,87954,买盘
1065,14:03:15,8.21,--,73,59933,卖盘
1066,14:03:12,8.21,-0.01,45,36945,卖盘
1067,14:03:09,8.22,0.01,31,25482,买盘
1068,14:03:06,8.21,-0.01,32,26272,卖盘
1069,14:03:03,8.22,0.01,35,28770,买盘
1070,14:03:00,8.21,--,69,56649,卖盘
1071,14:02:54,8.21,-0.01,571,468791,卖盘
1072,14:02:51,8.22,--,47,38634,买盘
1073,14:02:48,8.22,--,23,18906,买盘
1074,14:02:45,8.22,--,71,58362,买盘
1075,14:02:42,8.22,0.01,19,15618,买盘
1076,14:02:39,8.21,--,38,31198,卖盘
1077,14:02:36,8.21,-0.01,114,93594,卖盘
1078,14:02:33,8.22,0.01,17,13974,买盘
1079,14:02:30,8.21,-0.01,13,10673,卖盘
1080,14:02:27,8.22,0.01,13,10686,买盘
1081,14:02:24,8.21,-0.01,61,50081,卖盘
1082,14:02:21,8.22,--,12,9864,买盘
1083,14:02:18,8.22,0.01,109,89598,买盘
1084,14:02:15,8.21,--,63,51723,卖盘
1085,14:02:12,8.21,-0.01,14,11494,卖盘
1086,14:02:09,8.22,--,40,32880,买盘
1087,14:02:06,8.22,0.01,39,32058,买盘
1088,14:02:03,8.21,-0.01,42,34482,卖盘
1089,14:02:00,8.22,--,20,16440,买盘
1090,14:01:57,8.22,0.01,19,15618,买盘
1091,14:01:54,8.21,--,5,4105,卖盘
1092,14:01:51,8.21,-0.01,5,4105,卖盘
1093,14:01:48,8.22,-0.01,467,384515,卖盘
1094,14:01:45,8.23,0.01,36,29628,买盘
1095,14:01:42,8.22,--,16,13152,卖盘
1096,14:01:39,8.22,-0.01,247,203034,卖盘
1097,14:01:36,8.23,0.01,49,40327,买盘
1098,14:01:33,8.22,--,145,119190,卖盘
1099,14:01:30,8.22,-0.01,3,2466,卖盘
1100,14:01:27,8.23,0.01,27,22221,买盘
1101,14:01:24,8.22,--,57,46854,卖盘
1102,14:01:18,8.22,--,537,441414,卖盘
1103,14:01:15,8.22,--,343,281946,卖盘
1104,14:01:12,8.22,-0.01,82,67404,卖盘
1105,14:01:09,8.23,0.01,13,10699,买盘
1106,14:01:06,8.22,--,50,41100,卖盘
1107,14:01:03,8.22,-0.01,30,24660,卖盘
1108,14:00:54,8.23,--,15,12345,买盘
1109,14:00:51,8.23,--,29,23867,买盘
1110,14:00:48,8.23,0.01,46,37858,买盘
1111,14:00:45,8.22,-0.01,110,90420,卖盘
1112,14:00:42,8.23,--,72,59256,买盘
1113,14:00:39,8.23,--,102,83946,买盘
1114,14:00:36,8.23,0.01,106,87238,买盘
1115,14:00:33,8.22,-0.01,103,84666,卖盘
1116,14:00:30,8.23,0.01,5,4115,买盘
1117,14:00:27,8.22,--,104,85488,卖盘
1118,14:00:24,8.22,-0.01,68,55896,卖盘
1119,14:00:21,8.23,0.01,22,18106,买盘
1120,14:00:18,8.22,-0.01,48,39456,卖盘
1121,14:00:15,8.23,--,36,29628,买盘
1122,14:00:12,8.23,0.01,716,589268,买盘
1123,14:00:09,8.22,--,75,61650,卖盘
1124,14:00:06,8.22,--,16,13152,卖盘
1125,14:00:03,8.22,--,7,5754,卖盘
1126,14:00:00,8.22,--,86,70872,买盘
1127,13:59:57,8.22,--,918,754596,买盘
1128,13:59:54,8.22,--,705,579510,买盘
1129,13:59:51,8.22,--,18,14796,买盘
1130,13:59:48,8.22,--,195,160290,买盘
1131,13:59:45,8.22,--,89,73158,买盘
1132,13:59:42,8.22,0.01,23,18906,买盘
1133,13:59:39,8.21,--,144,118224,卖盘
1134,13:59:36,8.21,-0.01,1059,869439,卖盘
1135,13:59:33,8.22,0.01,75,61650,买盘
1136,13:59:30,8.21,--,66,54186,卖盘
1137,13:59:27,8.21,-0.01,217,178157,卖盘
1138,13:59:24,8.22,0.01,262,215364,买盘
1139,13:59:21,8.21,--,890,730690,卖盘
1140,13:59:18,8.21,--,68,55828,卖盘
1141,13:59:15,8.21,--,215,176515,卖盘
1142,13:59:12,8.21,--,114,93594,卖盘
1143,13:59:09,8.21,--,74,60754,卖盘
1144,13:59:06,8.21,--,468,384228,买盘
1145,13:59:03,8.21,--,76,62396,买盘
1146,13:59:00,8.21,0.01,753,618213,买盘
1147,13:58:57,8.2,--,95,77900,卖盘
1148,13:58:54,8.2,--,327,268140,卖盘
1149,13:58:51,8.2,--,130,106599,卖盘
1150,13:58:48,8.2,--,1483,1216060,卖盘
1151,13:58:45,8.2,--,52,42639,卖盘
1152,13:58:42,8.2,--,203,166460,卖盘
1153,13:58:39,8.2,--,68,55759,卖盘
1154,13:58:36,8.2,--,1147,940539,卖盘
1155,13:58:33,8.2,--,636,521519,卖盘
1156,13:58:30,8.2,--,1232,1010239,卖盘
1157,13:58:27,8.2,--,47,38540,卖盘
1158,13:58:24,8.2,--,1755,1439099,卖盘
1159,13:58:21,8.2,--,100,82000,卖盘
1160,13:58:18,8.2,-0.01,216,177119,卖盘
1161,13:58:15,8.21,0.01,103,84563,买盘
1162,13:58:12,8.2,-0.01,64,52479,卖盘
1163,13:58:09,8.21,0.01,5,4105,买盘
1164,13:58:06,8.2,--,116,95119,卖盘
1165,13:58:03,8.2,--,2,1639,卖盘
1166,13:58:00,8.2,-0.01,106,86919,卖盘
1167,13:57:57,8.21,--,68,55828,买盘
1168,13:57:54,8.21,--,72,59112,买盘
1169,13:57:51,8.21,--,56,45976,买盘
1170,13:57:48,8.21,--,336,275856,买盘
1171,13:57:45,8.21,--,1507,1237247,卖盘
1172,13:57:42,8.21,--,692,568132,卖盘
1173,13:57:39,8.21,--,28,22988,卖盘
1174,13:57:36,8.21,--,88,72248,卖盘
1175,13:57:33,8.21,--,25,20525,卖盘
1176,13:57:30,8.21,--,74,60754,卖盘
1177,13:57:27,8.21,--,200,164200,卖盘
1178,13:57:24,8.21,-0.01,47,38587,卖盘
1179,13:57:21,8.22,--,67,55074,买盘
1180,13:57:18,8.22,0.01,216,177552,买盘
1181,13:57:15,8.21,--,310,254510,卖盘
1182,13:57:12,8.21,--,303,248763,卖盘
1183,13:57:09,8.21,--,13,10673,卖盘
1184,13:57:06,8.21,--,133,109193,卖盘
1185,13:57:03,8.21,--,358,293918,卖盘
1186,13:57:00,8.21,-0.01,85,69785,卖盘
1187,13:56:54,8.22,0.01,39,32058,买盘
1188,13:56:51,8.21,-0.01,2013,1652673,卖盘
1189,13:56:48,8.22,0.01,2,1644,买盘
1190,13:56:45,8.21,--,97,79637,卖盘
1191,13:56:42,8.21,--,7,5747,卖盘
1192,13:56:39,8.21,--,155,127255,卖盘
1193,13:56:36,8.21,--,369,302949,卖盘
1194,13:56:33,8.21,--,138,113298,卖盘
1195,13:56:30,8.21,--,62,50902,卖盘
1196,13:56:27,8.21,--,28,22988,卖盘
1197,13:56:24,8.21,--,20,16420,卖盘
1198,13:56:21,8.21,-0.01,284,233164,卖盘
1199,13:56:18,8.22,0.01,40,32880,买盘
1200,13:56:15,8.21,-0.01,75,61575,卖盘
1201,13:56:12,8.22,0.01,22,18084,买盘
1202,13:56:09,8.21,--,202,165842,卖盘
1203,13:56:06,8.21,--,88,72248,卖盘
1204,13:56:03,8.21,--,308,252868,卖盘
1205,13:56:00,8.21,--,10,8210,卖盘
1206,13:55:57,8.21,--,657,539397,卖盘
1207,13:55:54,8.21,-0.01,38,31198,卖盘
1208,13:55:51,8.22,--,23,18906,买盘
1209,13:55:48,8.22,0.01,48,39456,买盘
1210,13:55:45,8.21,--,49,40229,卖盘
1211,13:55:42,8.21,-0.01,15,12315,卖盘
1212,13:55:39,8.22,0.01,23,18906,买盘
1213,13:55:36,8.21,--,50,41050,卖盘
1214,13:55:33,8.21,-0.01,156,128076,卖盘
1215,13:55:30,8.22,0.01,6,4932,买盘
1216,13:55:27,8.21,-0.01,46,37766,卖盘
1217,13:55:24,8.22,0.01,1037,852414,买盘
1218,13:55:21,8.21,--,74,60754,卖盘
1219,13:55:18,8.21,-0.01,67,55007,卖盘
1220,13:55:15,8.22,0.01,55,45210,买盘
1221,13:55:12,8.21,-0.01,122,100162,卖盘
1222,13:55:09,8.22,0.01,22,18084,买盘
1223,13:55:06,8.21,-0.01,83,68143,卖盘
1224,13:55:03,8.22,0.01,94,77268,买盘
1225,13:55:00,8.21,-0.01,140,114940,卖盘
1226,13:54:57,8.22,--,97,79734,买盘
1227,13:54:54,8.22,--,74,60828,买盘
1228,13:54:51,8.22,--,50,41100,买盘
1229,13:54:48,8.22,0.01,1,822,买盘
1230,13:54:45,8.21,-0.01,362,297202,卖盘
1231,13:54:42,8.22,--,15,12330,买盘
1232,13:54:39,8.22,0.01,11,9042,买盘
1233,13:54:36,8.21,-0.01,76,62396,卖盘
1234,13:54:33,8.22,--,121,99462,买盘
1235,13:54:30,8.22,0.01,15,12330,买盘
1236,13:54:27,8.21,--,41,33661,卖盘
1237,13:54:24,8.21,--,12,9852,卖盘
1238,13:54:21,8.21,-0.01,93,76353,卖盘
1239,13:54:18,8.22,--,6,4932,买盘
1240,13:54:15,8.22,0.01,4,3288,买盘
1241,13:54:12,8.21,--,25,20525,卖盘
1242,13:54:09,8.21,-0.02,2020,1658420,卖盘
1243,13:54:06,8.23,0.01,1414,1163722,买盘
1244,13:54:03,8.22,-0.01,97,79734,卖盘
1245,13:54:00,8.23,--,6,4938,买盘
1246,13:53:57,8.23,--,71,58433,买盘
1247,13:53:54,8.23,--,142,116866,买盘
1248,13:53:51,8.23,--,593,488039,买盘
1249,13:53:48,8.23,--,91,74893,买盘
1250,13:53:45,8.23,--,51,41973,买盘
1251,13:53:42,8.23,--,25,20575,买盘
1252,13:53:39,8.23,0.01,2,1646,买盘
1253,13:53:36,8.22,--,41,33702,卖盘
1254,13:53:33,8.22,-0.01,596,489912,卖盘
1255,13:53:30,8.23,--,129,106167,买盘
1256,13:53:27,8.23,--,86,70778,买盘
1257,13:53:24,8.23,--,104,85592,买盘
1258,13:53:21,8.23,--,19,15637,买盘
1259,13:53:18,8.23,--,13,10699,买盘
1260,13:53:15,8.23,--,34,27982,买盘
1261,13:53:09,8.23,--,21,17283,买盘
1262,13:53:06,8.23,0.01,9,7407,买盘
1263,13:53:03,8.22,--,36,29592,卖盘
1264,13:53:00,8.22,--,96,78912,卖盘
1265,13:52:57,8.22,-0.01,4,3288,卖盘
1266,13:52:54,8.23,0.01,10,8230,买盘
1267,13:52:51,8.22,-0.01,32,26304,卖盘
1268,13:52:48,8.23,0.01,79,65017,买盘
1269,13:52:45,8.22,-0.01,10,8220,卖盘
1270,13:52:42,8.23,0.01,66,54318,买盘
1271,13:52:39,8.22,-0.01,4,3288,卖盘
1272,13:52:36,8.23,--,158,130034,买盘
1273,13:52:33,8.23,0.01,34,27982,买盘
1274,13:52:30,8.22,--,346,284412,卖盘
1275,13:52:27,8.22,--,15,12330,卖盘
1276,13:52:24,8.22,-0.01,18,14796,卖盘
1277,13:52:21,8.23,0.01,10,8230,买盘
1278,13:52:18,8.22,--,95,78090,卖盘
1279,13:52:15,8.22,-0.01,33,27126,卖盘
1280,13:52:12,8.23,--,46,37858,买盘
1281,13:52:09,8.23,0.01,16,13168,买盘
1282,13:52:06,8.22,--,39,32058,卖盘
1283,13:52:03,8.22,-0.01,146,120012,卖盘
1284,13:52:00,8.23,--,146,120158,买盘
1285,13:51:57,8.23,--,24,19752,买盘
1286,13:51:54,8.23,0.01,223,183529,买盘
1287,13:51:51,8.22,--,50,41100,卖盘
1288,13:51:48,8.22,--,71,58362,卖盘
1289,13:51:45,8.22,-0.01,64,52608,卖盘
1290,13:51:42,8.23,--,31,25513,买盘
1291,13:51:39,8.23,--,59,48557,买盘
1292,13:51:36,8.23,0.01,64,52672,买盘
1293,13:51:33,8.22,--,58,47676,卖盘
1294,13:51:30,8.22,-0.01,76,62472,卖盘
1295,13:51:27,8.23,--,15,12345,买盘
1296,13:51:24,8.23,--,159,130857,买盘
1297,13:51:21,8.23,--,39,32097,买盘
1298,13:51:18,8.23,--,4,3292,买盘
1299,13:51:15,8.23,--,35,28887,买盘
1300,13:51:12,8.23,--,204,167892,卖盘
1301,13:51:09,8.23,--,19,15637,卖盘
1302,13:51:06,8.23,--,7,5761,买盘
1303,13:51:03,8.23,-0.01,4,3292,卖盘
1304,13:51:00,8.24,0.01,204,168096,买盘
1305,13:50:57,8.23,--,42,34566,卖盘
1306,13:50:54,8.23,-0.01,20,16460,卖盘
1307,13:50:51,8.24,0.01,33,27192,买盘
1308,13:50:48,8.23,-0.01,52,42796,卖盘
1309,13:50:45,8.24,0.01,4,3296,买盘
1310,13:50:42,8.23,--,2,1646,卖盘
1311,13:50:39,8.23,-0.01,365,300395,卖盘
1312,13:50:36,8.24,0.01,101,83224,买盘
1313,13:50:30,8.23,-0.01,84,69132,卖盘
1314,13:50:27,8.24,0.01,50,41200,买盘
1315,13:50:24,8.23,0.01,11,9053,卖盘
1316,13:50:21,8.22,-0.01,69,56718,卖盘
1317,13:50:18,8.23,--,21,17283,买盘
1318,13:50:15,8.23,0.01,3,2469,买盘
1319,13:50:12,8.22,--,290,238380,卖盘
1320,13:50:09,8.22,-0.01,29,23838,卖盘
1321,13:50:06,8.23,--,23,18929,买盘
1322,13:50:03,8.23,0.01,3,2469,中性盘
1323,13:50:00,8.22,-0.01,239,196458,卖盘
1324,13:49:57,8.23,--,159,130857,买盘
1325,13:49:54,8.23,--,20,16460,买盘
1326,13:49:51,8.23,--,90,74070,买盘
1327,13:49:48,8.23,--,595,489685,买盘
1328,13:49:45,8.23,--,26,21398,买盘
1329,13:49:42,8.23,0.01,435,358005,买盘
1330,13:49:39,8.22,-0.01,8,6576,卖盘
1331,13:49:36,8.23,0.01,21,17283,买盘
1332,13:49:33,8.22,--,142,116724,卖盘
1333,13:49:30,8.22,--,67,55074,卖盘
1334,13:49:27,8.22,--,77,63294,卖盘
1335,13:49:24,8.22,--,15,12330,卖盘
1336,13:49:21,8.22,-0.01,87,71514,卖盘
1337,13:49:18,8.23,--,273,224679,买盘
1338,13:49:15,8.23,0.01,266,218918,买盘
1339,13:49:12,8.22,-0.01,258,212076,卖盘
1340,13:49:09,8.23,--,84,69132,买盘
1341,13:49:06,8.23,--,583,479809,买盘
1342,13:49:03,8.23,--,59,48557,买盘
1343,13:49:00,8.23,0.01,87,71601,买盘
1344,13:48:57,8.22,-0.01,76,62472,卖盘
1345,13:48:54,8.23,0.01,147,120981,买盘
1346,13:48:51,8.22,-0.01,9,7398,卖盘
1347,13:48:48,8.23,0.01,137,112751,买盘
1348,13:48:45,8.22,--,228,187416,卖盘
1349,13:48:42,8.22,--,20,16440,卖盘
1350,13:48:39,8.22,-0.01,392,322224,卖盘
1351,13:48:36,8.23,0.01,183,150609,买盘
1352,13:48:33,8.22,-0.01,2,1644,卖盘
1353,13:48:30,8.23,--,15,12345,买盘
1354,13:48:27,8.23,0.01,88,72424,买盘
1355,13:48:24,8.22,--,229,188238,卖盘
1356,13:48:21,8.22,-0.01,8,6576,卖盘
1357,13:48:18,8.23,--,20,16460,买盘
1358,13:48:15,8.23,0.01,19,15637,买盘
1359,13:48:12,8.22,--,111,91242,卖盘
1360,13:48:09,8.22,--,40,32880,卖盘
1361,13:48:06,8.22,0.01,50,41100,卖盘
1362,13:48:03,8.21,-0.01,393,322653,卖盘
1363,13:48:00,8.22,0.01,44,36496,买盘
1364,13:47:57,8.21,-0.01,103,84563,卖盘
1365,13:47:54,8.22,0.01,208,170976,买盘
1366,13:47:51,8.21,-0.01,117,96057,卖盘
1367,13:47:48,8.22,--,7,5754,买盘
1368,13:47:45,8.22,--,128,105216,买盘
1369,13:47:42,8.22,--,24,19728,买盘
1370,13:47:39,8.22,--,52,42744,买盘
1371,13:47:36,8.22,--,64,52608,买盘
1372,13:47:33,8.22,0.01,70,57540,买盘
1373,13:47:30,8.21,--,65,53365,卖盘
1374,13:47:27,8.21,--,145,119045,卖盘
1375,13:47:24,8.21,-0.01,519,426099,卖盘
1376,13:47:21,8.22,--,332,272904,买盘
1377,13:47:18,8.22,0.01,91,74802,买盘
1378,13:47:15,8.21,-0.01,72,59112,卖盘
1379,13:47:12,8.22,--,262,215364,买盘
1380,13:47:09,8.22,--,126,103572,买盘
1381,13:47:06,8.22,--,69,56718,买盘
1382,13:47:03,8.22,-0.01,465,382230,卖盘
1383,13:47:00,8.23,0.01,112,92176,买盘
1384,13:46:57,8.22,-0.01,152,124944,卖盘
1385,13:46:54,8.23,0.01,14,11522,买盘
1386,13:46:51,8.22,-0.01,44,36168,卖盘
1387,13:46:48,8.23,0.01,79,65017,买盘
1388,13:46:45,8.22,-0.01,175,143850,卖盘
1389,13:46:39,8.23,--,86,70778,买盘
1390,13:46:36,8.23,--,191,157193,卖盘
1391,13:46:33,8.23,--,19,15637,卖盘
1392,13:46:30,8.23,--,21,17283,卖盘
1393,13:46:27,8.23,--,117,96291,卖盘
1394,13:46:24,8.23,0.01,280,230440,买盘
1395,13:46:21,8.22,-0.01,482,396204,卖盘
1396,13:46:18,8.23,--,115,94645,买盘
1397,13:46:15,8.23,0.01,24,19752,买盘
1398,13:46:12,8.22,--,6,4932,卖盘
1399,13:46:09,8.22,--,734,603348,买盘
1400,13:46:06,8.22,0.01,476,391272,买盘
1401,13:46:03,8.21,--,444,364524,卖盘
1402,13:46:00,8.21,--,70,57470,卖盘
1403,13:45:57,8.21,--,491,403111,卖盘
1404,13:45:54,8.21,--,2444,2006524,买盘
1405,13:45:51,8.21,--,683,560743,买盘
1406,13:45:48,8.21,--,318,261078,买盘
1407,13:45:45,8.21,0.01,282,231522,买盘
1408,13:45:42,8.2,--,1547,1268540,卖盘
1409,13:45:39,8.2,-0.01,1057,866739,卖盘
1410,13:45:36,8.21,--,50,41050,买盘
1411,13:45:33,8.21,0.01,316,259436,买盘
1412,13:45:30,8.2,-0.01,337,276340,卖盘
1413,13:45:27,8.21,--,73,59933,买盘
1414,13:45:24,8.21,--,501,411321,卖盘
1415,13:45:21,8.21,--,2292,1881732,卖盘
1416,13:45:18,8.21,-0.01,2847,2337387,卖盘
1417,13:45:15,8.22,0.01,341,280302,买盘
1418,13:45:12,8.21,--,435,357135,卖盘
1419,13:45:09,8.21,-0.01,1653,1357113,卖盘
1420,13:45:06,8.22,0.01,487,400314,买盘
1421,13:45:03,8.21,--,1947,1598487,卖盘
1422,13:45:00,8.21,-0.01,500,410500,卖盘
1423,13:44:57,8.22,--,88,72336,买盘
1424,13:44:54,8.22,0.01,54,44388,买盘
1425,13:44:51,8.21,-0.02,4685,3847000,卖盘
1426,13:44:48,8.23,0.01,218,179414,买盘
1427,13:44:45,8.22,--,10,8220,卖盘
1428,13:44:39,8.22,--,192,157824,卖盘
1429,13:44:36,8.22,--,1687,1386714,卖盘
1430,13:44:33,8.22,--,42,34524,卖盘
1431,13:44:30,8.22,--,312,256464,卖盘
1432,13:44:27,8.22,--,67,55074,卖盘
1433,13:44:24,8.22,-0.01,59,48498,卖盘
1434,13:44:21,8.23,--,7,5761,买盘
1435,13:44:18,8.23,-0.01,5994,4933062,卖盘
1436,13:44:15,8.24,--,8,6592,买盘
1437,13:44:12,8.24,--,4,3296,买盘
1438,13:44:06,8.24,--,81,66744,买盘
1439,13:44:03,8.24,0.01,20,16480,买盘
1440,13:44:00,8.23,-0.01,15,12345,卖盘
1441,13:43:57,8.24,--,81,66744,买盘
1442,13:43:54,8.24,--,38,31814,卖盘
1443,13:43:51,8.24,--,451,371624,卖盘
1444,13:43:48,8.24,--,54,44817,卖盘
1445,13:43:45,8.24,--,1229,1012696,卖盘
1446,13:43:42,8.24,--,69,56856,卖盘
1447,13:43:39,8.24,-0.01,275,226600,卖盘
1448,13:43:36,8.25,0.01,36,29700,买盘
1449,13:43:33,8.24,--,374,308176,卖盘
1450,13:43:30,8.24,-0.01,64,52736,卖盘
1451,13:43:27,8.25,--,22,18150,买盘
1452,13:43:24,8.25,0.01,294,242550,买盘
1453,13:43:21,8.24,-0.01,53,43672,卖盘
1454,13:43:18,8.25,--,33,27225,买盘
1455,13:43:15,8.25,--,20,16500,买盘
1456,13:43:12,8.25,0.01,982,810150,买盘
1457,13:43:09,8.24,-0.01,84,69216,卖盘
1458,13:43:06,8.25,0.01,55,45375,买盘
1459,13:43:03,8.24,-0.01,15,12360,卖盘
1460,13:43:00,8.25,--,9,7425,买盘
1461,13:42:54,8.25,0.01,3,2475,买盘
1462,13:42:51,8.24,-0.01,17,14008,卖盘
1463,13:42:48,8.25,0.01,433,357225,买盘
1464,13:42:45,8.24,-0.01,44,36256,卖盘
1465,13:42:42,8.25,0.01,19,15675,买盘
1466,13:42:39,8.24,-0.01,18,14832,卖盘
1467,13:42:36,8.25,0.01,26,21450,买盘
1468,13:42:33,8.24,-0.01,265,218360,卖盘
1469,13:42:27,8.25,--,3,2475,买盘
1470,13:42:24,8.25,--,15,12375,买盘
1471,13:42:21,8.25,--,209,172425,买盘
1472,13:42:18,8.25,--,7,5775,买盘
1473,13:42:15,8.25,0.01,8,6600,买盘
1474,13:42:12,8.24,--,10,8240,卖盘
1475,13:42:06,8.24,--,76,62624,卖盘
1476,13:42:03,8.24,-0.01,9,7416,卖盘
1477,13:42:00,8.25,0.01,3,2475,买盘
1478,13:41:54,8.24,-0.01,56,46144,卖盘
1479,13:41:51,8.25,--,41,33825,买盘
1480,13:41:48,8.25,--,25,20625,买盘
1481,13:41:45,8.25,--,46,37950,买盘
1482,13:41:42,8.25,0.01,71,58575,买盘
1483,13:41:36,8.24,--,30,24720,卖盘
1484,13:41:30,8.24,-0.01,2,1648,卖盘
1485,13:41:27,8.25,-0.01,95,78375,卖盘
1486,13:41:24,8.26,0.01,52,42952,买盘
1487,13:41:21,8.25,--,110,90750,买盘
1488,13:41:18,8.25,--,21,17325,买盘
1489,13:41:15,8.25,--,67,55275,卖盘
1490,13:41:12,8.25,-0.01,37,30525,卖盘
1491,13:41:06,8.26,0.01,22,18172,买盘
1492,13:41:03,8.25,-0.01,3,2475,中性盘
1493,13:40:57,8.26,0.01,39,32214,买盘
1494,13:40:54,8.25,--,37,30525,买盘
1495,13:40:51,8.25,--,5,4125,买盘
1496,13:40:45,8.25,--,32,26400,买盘
1497,13:40:42,8.25,--,70,57750,买盘
1498,13:40:39,8.25,--,29,23925,买盘
1499,13:40:36,8.25,--,127,104775,买盘
1500,13:40:33,8.25,--,8,6600,买盘
1501,13:40:30,8.25,--,2,1650,买盘
1502,13:40:27,8.25,--,10,8250,买盘
1503,13:40:24,8.25,0.01,21,17325,买盘
1504,13:40:21,8.24,-0.01,23,18952,卖盘
1505,13:40:18,8.25,0.01,358,295350,买盘
1506,13:40:15,8.24,-0.01,60,49440,卖盘
1507,13:40:12,8.25,--,19,15675,买盘
1508,13:40:09,8.25,--,67,55275,买盘
1509,13:40:06,8.25,0.01,19,15675,买盘
1510,13:40:00,8.24,-0.01,2,1648,卖盘
1511,13:39:57,8.25,--,18,14850,买盘
1512,13:39:54,8.25,--,5,4125,买盘
1513,13:39:48,8.25,--,79,65175,买盘
1514,13:39:45,8.25,0.01,53,43725,买盘
1515,13:39:39,8.24,-0.01,5,4120,卖盘
1516,13:39:36,8.25,--,39,32175,买盘
1517,13:39:33,8.25,--,21,17325,买盘
1518,13:39:30,8.25,0.01,12,9900,买盘
1519,13:39:27,8.24,--,195,160680,卖盘
1520,13:39:24,8.24,-0.01,38,31312,卖盘
1521,13:39:21,8.25,0.01,31,25575,买盘
1522,13:39:18,8.24,--,5,4120,卖盘
1523,13:39:15,8.24,--,130,107120,卖盘
1524,13:39:12,8.24,-0.01,15,12360,卖盘
1525,13:39:09,8.25,--,153,126225,买盘
1526,13:39:06,8.25,--,69,56925,买盘
1527,13:39:03,8.25,--,116,95700,买盘
1528,13:39:00,8.25,--,12,9900,买盘
1529,13:38:57,8.25,--,53,43725,买盘
1530,13:38:54,8.25,0.01,105,86625,买盘
1531,13:38:51,8.24,-0.01,31,25544,卖盘
1532,13:38:48,8.25,0.01,22,18150,卖盘
1533,13:38:45,8.24,--,36,29664,卖盘
1534,13:38:42,8.24,-0.01,186,153264,卖盘
1535,13:38:39,8.25,--,2,1650,买盘
1536,13:38:36,8.25,--,60,49500,买盘
1537,13:38:33,8.25,0.01,35,28875,买盘
1538,13:38:30,8.24,--,27,22248,卖盘
1539,13:38:27,8.24,--,12,9888,卖盘
1540,13:38:24,8.24,--,12,9888,卖盘
1541,13:38:21,8.24,-0.01,311,256264,卖盘
1542,13:38:18,8.25,--,7,5775,买盘
1543,13:38:12,8.25,0.01,8,6600,买盘
1544,13:38:09,8.24,-0.01,54,44496,卖盘
1545,13:38:06,8.25,--,115,94875,买盘
1546,13:38:03,8.25,--,48,39600,卖盘
1547,13:38:00,8.25,--,109,89925,买盘
1548,13:37:57,8.25,0.01,44,36300,买盘
1549,13:37:54,8.24,-0.01,45,37080,卖盘
1550,13:37:51,8.25,--,300,247500,买盘
1551,13:37:48,8.25,--,9,7425,买盘
1552,13:37:45,8.25,0.01,32,26400,买盘
1553,13:37:42,8.24,-0.01,164,135136,卖盘
1554,13:37:39,8.25,--,26,21450,买盘
1555,13:37:36,8.25,--,11,9075,买盘
1556,13:37:33,8.25,--,34,28050,卖盘
1557,13:37:30,8.25,-0.01,20,16500,卖盘
1558,13:37:27,8.26,0.01,3,2478,买盘
1559,13:37:24,8.25,--,5,4125,买盘
1560,13:37:21,8.25,--,50,41250,买盘
1561,13:37:18,8.25,--,11,9075,买盘
1562,13:37:15,8.25,0.01,2,1650,买盘
1563,13:37:12,8.24,--,229,188696,卖盘
1564,13:37:09,8.24,-0.01,12,9888,卖盘
1565,13:37:06,8.25,--,10,8250,买盘
1566,13:37:03,8.25,-0.01,591,487575,卖盘
1567,13:37:00,8.26,--,28,23128,卖盘
1568,13:36:57,8.26,0.01,229,189154,买盘
1569,13:36:54,8.25,-0.01,505,416625,卖盘
1570,13:36:51,8.26,--,36,29736,买盘
1571,13:36:48,8.26,0.01,67,55342,买盘
1572,13:36:45,8.25,-0.02,1,825,卖盘
1573,13:36:42,8.27,0.02,17,14059,买盘
1574,13:36:39,8.25,-0.01,46,37950,卖盘
1575,13:36:36,8.26,--,13,10738,买盘
1576,13:36:33,8.26,--,17,14042,卖盘
1577,13:36:30,8.26,--,27,22302,卖盘
1578,13:36:27,8.26,--,45,37170,卖盘
1579,13:36:21,8.26,--,4,3304,买盘
1580,13:36:18,8.26,--,163,134638,卖盘
1581,13:36:15,8.26,--,52,42952,卖盘
1582,13:36:12,8.26,-0.01,208,171808,卖盘
1583,13:36:09,8.27,--,35,28945,买盘
1584,13:36:06,8.27,--,63,52101,买盘
1585,13:36:03,8.27,0.01,10,8270,买盘
1586,13:36:00,8.26,-0.01,10,8260,中性盘
1587,13:35:54,8.27,0.01,949,784823,买盘
1588,13:35:51,8.26,0.01,31,25606,买盘
1589,13:35:48,8.25,-0.01,505,416625,卖盘
1590,13:35:45,8.26,--,61,50386,买盘
1591,13:35:42,8.26,0.01,93,76818,买盘
1592,13:35:39,8.25,--,64,52800,买盘
1593,13:35:36,8.25,--,136,112200,买盘
1594,13:35:33,8.25,0.01,27,22275,买盘
1595,13:35:30,8.24,-0.01,48,39552,卖盘
1596,13:35:27,8.25,--,892,735900,买盘
1597,13:35:24,8.25,--,5,4125,买盘
1598,13:35:21,8.25,--,76,62700,卖盘
1599,13:35:18,8.25,--,115,94875,卖盘
1600,13:35:12,8.25,--,98,80850,卖盘
1601,13:35:09,8.25,--,67,55275,卖盘
1602,13:35:06,8.25,--,327,269775,卖盘
1603,13:35:03,8.25,0.01,714,589050,买盘
1604,13:35:00,8.24,--,2,1648,卖盘
1605,13:34:57,8.24,--,537,442488,卖盘
1606,13:34:54,8.24,--,30,24720,卖盘
1607,13:34:51,8.24,--,8,6592,卖盘
1608,13:34:48,8.24,-0.01,53,43672,卖盘
1609,13:34:45,8.25,0.01,1,825,买盘
1610,13:34:42,8.24,-0.01,14,11536,卖盘
1611,13:34:39,8.25,--,83,68475,买盘
1612,13:34:36,8.25,0.01,58,47850,买盘
1613,13:34:33,8.24,--,13,10712,卖盘
1614,13:34:30,8.24,--,15,12360,卖盘
1615,13:34:27,8.24,--,6,4944,卖盘
1616,13:34:24,8.24,-0.01,77,63448,卖盘
1617,13:34:21,8.25,0.01,5,4125,买盘
1618,13:34:18,8.24,--,8,6592,卖盘
1619,13:34:15,8.24,--,139,114536,卖盘
1620,13:34:12,8.24,-0.01,80,65920,卖盘
1621,13:34:09,8.25,--,34,28050,买盘
1622,13:34:06,8.25,--,45,37125,买盘
1623,13:34:03,8.25,--,57,47025,卖盘
1624,13:34:00,8.25,--,8,6600,中性盘
1625,13:33:57,8.25,--,11,9075,卖盘
1626,13:33:54,8.25,-0.01,28,23100,卖盘
1627,13:33:51,8.26,0.01,91,75166,买盘
1628,13:33:48,8.25,-0.01,52,42900,卖盘
1629,13:33:45,8.26,--,2,1652,买盘
1630,13:33:42,8.26,0.01,49,40474,买盘
1631,13:33:39,8.25,-0.01,10,8250,卖盘
1632,13:33:36,8.26,0.01,145,119770,买盘
1633,13:33:33,8.25,-0.01,51,42075,卖盘
1634,13:33:30,8.26,0.01,53,43778,买盘
1635,13:33:27,8.25,--,2,1650,卖盘
1636,13:33:24,8.25,-0.01,25,20625,卖盘
1637,13:33:21,8.26,--,3,2478,买盘
1638,13:33:18,8.26,--,1823,1505798,卖盘
1639,13:33:15,8.26,--,101,83426,卖盘
1640,13:33:12,8.26,--,31,25606,卖盘
1641,13:33:09,8.26,--,905,747530,卖盘
1642,13:33:06,8.26,--,117,96642,卖盘
1643,13:33:03,8.26,--,94,77644,卖盘
1644,13:33:00,8.26,--,30,24780,卖盘
1645,13:32:57,8.26,--,501,413826,卖盘
1646,13:32:54,8.26,--,15,12390,卖盘
1647,13:32:51,8.26,0.01,1508,1245608,买盘
1648,13:32:48,8.25,0.01,16,13200,买盘
1649,13:32:45,8.24,-0.01,52,42848,卖盘
1650,13:32:42,8.25,0.01,91,75075,买盘
1651,13:32:39,8.24,-0.01,44,36256,卖盘
1652,13:32:36,8.25,--,76,62700,买盘
1653,13:32:33,8.25,0.01,8,6600,买盘
1654,13:32:30,8.24,--,303,249672,卖盘
1655,13:32:27,8.24,-0.01,4,3296,卖盘
1656,13:32:24,8.25,--,59,48675,买盘
1657,13:32:21,8.25,--,372,306900,卖盘
1658,13:32:18,8.25,--,102,84150,卖盘
1659,13:32:15,8.25,--,65,53625,卖盘
1660,13:32:12,8.25,--,58,47850,卖盘
1661,13:32:09,8.25,-0.01,130,107250,卖盘
1662,13:32:06,8.26,0.01,32,26432,买盘
1663,13:32:03,8.25,--,305,251625,卖盘
1664,13:32:00,8.25,--,49,40425,卖盘
1665,13:31:57,8.25,-0.01,7,5775,卖盘
1666,13:31:54,8.26,0.01,128,105728,买盘
1667,13:31:51,8.25,-0.01,405,334125,卖盘
1668,13:31:48,8.26,0.01,49,40474,买盘
1669,13:31:45,8.25,-0.01,12,9900,卖盘
1670,13:31:42,8.26,0.01,1,826,买盘
1671,13:31:39,8.25,--,45,37125,卖盘
1672,13:31:36,8.25,--,109,89925,卖盘
1673,13:31:33,8.25,--,5,4125,卖盘
1674,13:31:30,8.25,--,5,4125,卖盘
1675,13:31:27,8.25,-0.01,51,42075,卖盘
1676,13:31:21,8.26,--,12,9912,买盘
1677,13:31:18,8.26,0.01,52,42952,买盘
1678,13:31:15,8.25,-0.01,73,60225,卖盘
1679,13:31:12,8.26,0.01,46,37996,买盘
1680,13:31:09,8.25,-0.01,2,1650,卖盘
1681,13:31:06,8.26,--,89,73514,买盘
1682,13:31:03,8.26,0.01,6,4956,买盘
1683,13:31:00,8.25,--,31,25575,卖盘
1684,13:30:57,8.25,--,25,20625,卖盘
1685,13:30:54,8.25,--,51,42075,卖盘
1686,13:30:51,8.25,--,23,18975,卖盘
1687,13:30:48,8.25,--,30,24750,卖盘
1688,13:30:45,8.25,--,66,54450,卖盘
1689,13:30:42,8.25,--,9,7425,卖盘
1690,13:30:39,8.25,-0.01,1,825,卖盘
1691,13:30:36,8.26,--,267,220542,买盘
1692,13:30:33,8.26,--,75,61950,买盘
1693,13:30:30,8.26,0.01,41,33866,买盘
1694,13:30:27,8.25,--,9,7425,卖盘
1695,13:30:24,8.25,--,148,122100,卖盘
1696,13:30:21,8.25,-0.01,104,85800,卖盘
1697,13:30:18,8.26,--,1,826,买盘
1698,13:30:15,8.26,--,5,4130,买盘
1699,13:30:12,8.26,--,193,159418,买盘
1700,13:30:06,8.26,0.01,57,47082,买盘
1701,13:30:03,8.25,-0.01,1,825,卖盘
1702,13:30:00,8.26,0.01,53,43778,买盘
1703,13:29:57,8.25,-0.01,88,72600,卖盘
1704,13:29:54,8.26,0.01,76,62776,买盘
1705,13:29:48,8.25,--,51,42075,卖盘
1706,13:29:45,8.25,--,14,11550,卖盘
1707,13:29:42,8.25,--,5,4125,卖盘
1708,13:29:39,8.25,-0.01,198,163350,卖盘
1709,13:29:36,8.26,0.01,19,15694,买盘
1710,13:29:33,8.25,-0.01,1,825,卖盘
1711,13:29:30,8.26,0.01,7,5782,买盘
1712,13:29:27,8.25,-0.01,70,57750,卖盘
1713,13:29:24,8.26,--,11,9086,买盘
1714,13:29:21,8.26,--,7,5782,买盘
1715,13:29:18,8.26,0.01,315,260190,买盘
1716,13:29:15,8.25,--,226,186450,卖盘
1717,13:29:12,8.25,--,3,2475,卖盘
1718,13:29:09,8.25,--,33,27225,卖盘
1719,13:29:06,8.25,-0.01,68,56100,卖盘
1720,13:29:00,8.26,0.01,7,5782,买盘
1721,13:28:57,8.25,--,1006,829950,卖盘
1722,13:28:54,8.25,-0.01,63,51975,卖盘
1723,13:28:51,8.26,--,14,11564,买盘
1724,13:28:48,8.26,--,4,3304,买盘
1725,13:28:45,8.26,0.01,37,30562,买盘
1726,13:28:42,8.25,--,47,38775,卖盘
1727,13:28:39,8.25,-0.01,15,12375,卖盘
1728,13:28:36,8.26,0.01,45,37170,买盘
1729,13:28:33,8.25,--,51,42075,卖盘
1730,13:28:30,8.25,--,54,44550,卖盘
1731,13:28:27,8.25,-0.01,544,448800,卖盘
1732,13:28:21,8.26,--,55,45430,买盘
1733,13:28:18,8.26,--,17,14042,买盘
1734,13:28:12,8.26,0.01,75,61950,买盘
1735,13:28:09,8.25,-0.01,58,47850,卖盘
1736,13:28:06,8.26,0.01,83,68558,买盘
1737,13:28:03,8.25,--,366,301950,卖盘
1738,13:28:00,8.25,--,108,89100,卖盘
1739,13:27:57,8.25,-0.01,53,43725,卖盘
1740,13:27:54,8.26,0.01,5,4130,买盘
1741,13:27:51,8.25,-0.01,14,11550,卖盘
1742,13:27:48,8.26,0.01,48,39648,买盘
1743,13:27:42,8.25,-0.01,36,29700,卖盘
1744,13:27:36,8.26,0.01,260,214760,买盘
1745,13:27:33,8.25,--,8,6600,卖盘
1746,13:27:30,8.25,--,3,2475,卖盘
1747,13:27:27,8.25,--,20,16500,卖盘
1748,13:27:24,8.25,-0.01,58,47850,卖盘
1749,13:27:21,8.26,--,1,826,买盘
1750,13:27:18,8.26,0.01,24,19824,买盘
1751,13:27:15,8.25,-0.01,570,470250,卖盘
1752,13:27:12,8.26,0.01,20,16520,买盘
1753,13:27:09,8.25,-0.01,10,8250,卖盘
1754,13:27:06,8.26,0.01,118,97468,买盘
1755,13:27:03,8.25,-0.01,67,55275,卖盘
1756,13:27:00,8.26,--,26,21476,买盘
1757,13:26:57,8.26,--,60,49560,卖盘
1758,13:26:54,8.26,--,36,29736,卖盘
1759,13:26:51,8.26,-0.01,46,37996,卖盘
1760,13:26:48,8.27,0.01,25,20675,买盘
1761,13:26:42,8.26,--,44,36344,卖盘
1762,13:26:39,8.26,-0.01,19,15694,卖盘
1763,13:26:36,8.27,0.01,32,26464,买盘
1764,13:26:33,8.26,-0.01,4,3304,卖盘
1765,13:26:30,8.27,--,53,43831,买盘
1766,13:26:27,8.27,--,1,827,买盘
1767,13:26:21,8.27,0.02,502,415154,买盘
1768,13:26:18,8.25,-0.02,248,204600,卖盘
1769,13:26:15,8.27,0.02,24,19848,买盘
1770,13:26:12,8.25,-0.01,59,48675,卖盘
1771,13:26:09,8.26,-0.01,105,86730,卖盘
1772,13:26:06,8.27,--,13,10751,买盘
1773,13:26:03,8.27,0.01,2,1654,买盘
1774,13:26:00,8.26,-0.01,3,2478,中性盘
1775,13:25:57,8.27,--,189,156303,买盘
1776,13:25:51,8.27,--,1,827,买盘
1777,13:25:48,8.27,0.02,23,19021,买盘
1778,13:25:45,8.25,-0.02,80,66000,卖盘
1779,13:25:42,8.27,0.01,2,1654,买盘
1780,13:25:39,8.26,0.01,60,49560,卖盘
1781,13:25:36,8.25,-0.01,154,127050,卖盘
1782,13:25:33,8.26,-0.01,282,232932,卖盘
1783,13:25:30,8.27,--,1,827,买盘
1784,13:25:27,8.27,0.01,28,23156,买盘
1785,13:25:24,8.26,--,85,70210,卖盘
1786,13:25:21,8.26,-0.01,602,497252,卖盘
1787,13:25:18,8.27,--,1,827,买盘
1788,13:25:15,8.27,0.01,11,9097,买盘
1789,13:25:12,8.26,--,48,39648,卖盘
1790,13:25:09,8.26,-0.01,75,61950,卖盘
1791,13:25:06,8.27,--,11,9097,买盘
1792,13:25:03,8.27,--,71,58717,买盘
1793,13:25:00,8.27,0.01,3,2481,买盘
1794,13:24:57,8.26,--,70,57820,卖盘
1795,13:24:51,8.26,--,73,60298,卖盘
1796,13:24:48,8.26,-0.01,17,14042,卖盘
1797,13:24:45,8.27,0.01,50,41350,买盘
1798,13:24:42,8.26,--,97,80122,卖盘
1799,13:24:39,8.26,--,56,46256,卖盘
1800,13:24:36,8.26,--,62,51212,卖盘
1801,13:24:30,8.26,--,57,47082,卖盘
1802,13:24:27,8.26,--,50,41300,卖盘
1803,13:24:24,8.26,--,8,6608,卖盘
1804,13:24:21,8.26,--,4,3304,卖盘
1805,13:24:18,8.26,--,90,74340,卖盘
1806,13:24:15,8.26,-0.01,36,29736,卖盘
1807,13:24:12,8.27,0.01,1,827,买盘
1808,13:24:09,8.26,--,7,5782,卖盘
1809,13:24:06,8.26,--,61,50386,卖盘
1810,13:24:03,8.26,-0.01,12,9912,卖盘
1811,13:24:00,8.27,0.01,32,26464,买盘
1812,13:23:57,8.26,--,46,37996,卖盘
1813,13:23:54,8.26,--,18,14868,卖盘
1814,13:23:51,8.26,-0.01,101,83426,卖盘
1815,13:23:48,8.27,0.01,691,571457,买盘
1816,13:23:45,8.26,-0.01,50,41300,卖盘
1817,13:23:39,8.27,--,29,23983,买盘
1818,13:23:36,8.27,0.01,24,19848,买盘
1819,13:23:33,8.26,-0.01,82,67732,卖盘
1820,13:23:30,8.27,0.01,13,10751,买盘
1821,13:23:27,8.26,-0.01,44,36344,卖盘
1822,13:23:24,8.27,--,53,43831,买盘
1823,13:23:21,8.27,0.01,1,827,买盘
1824,13:23:18,8.26,-0.01,78,64428,卖盘
1825,13:23:15,8.27,0.01,8,6616,买盘
1826,13:23:12,8.26,--,94,77644,卖盘
1827,13:23:09,8.26,-0.01,2,1652,卖盘
1828,13:23:06,8.27,--,65,53755,买盘
1829,13:23:03,8.27,--,52,43004,买盘
1830,13:23:00,8.27,--,137,113299,买盘
1831,13:22:57,8.27,0.01,45,37215,买盘
1832,13:22:54,8.26,--,1,826,卖盘
1833,13:22:51,8.26,--,49,40474,卖盘
1834,13:22:48,8.26,--,67,55342,卖盘
1835,13:22:45,8.26,--,81,66906,卖盘
1836,13:22:42,8.26,--,59,48734,卖盘
1837,13:22:39,8.26,-0.01,58,47908,卖盘
1838,13:22:36,8.27,0.01,11,9097,买盘
1839,13:22:33,8.26,--,124,102424,卖盘
1840,13:22:30,8.26,-0.01,212,175112,卖盘
1841,13:22:27,8.27,0.01,53,43831,买盘
1842,13:22:24,8.26,-0.01,1,826,卖盘
1843,13:22:21,8.27,0.01,89,73603,买盘
1844,13:22:18,8.26,--,5,4130,卖盘
1845,13:22:15,8.26,-0.01,67,55342,卖盘
1846,13:22:12,8.27,0.01,30,24810,买盘
1847,13:22:09,8.26,--,3,2478,卖盘
1848,13:22:06,8.26,-0.01,68,56168,卖盘
1849,13:22:03,8.27,0.01,14,11578,买盘
1850,13:22:00,8.26,--,9,7434,卖盘
1851,13:21:57,8.26,--,100,82600,卖盘
1852,13:21:54,8.26,--,93,76818,卖盘
1853,13:21:51,8.26,--,85,70210,卖盘
1854,13:21:48,8.26,-0.01,46,37996,卖盘
1855,13:21:45,8.27,0.01,5,4135,买盘
1856,13:21:42,8.26,--,66,54516,卖盘
1857,13:21:39,8.26,-0.01,92,75992,卖盘
1858,13:21:36,8.27,--,20,16540,买盘
1859,13:21:33,8.27,0.01,137,113299,买盘
1860,13:21:27,8.26,-0.01,20,16520,卖盘
1861,13:21:24,8.27,0.01,25,20675,买盘
1862,13:21:21,8.26,--,44,36344,卖盘
1863,13:21:18,8.26,-0.01,9,7434,卖盘
1864,13:21:15,8.27,0.01,7,5789,买盘
1865,13:21:09,8.26,--,86,71036,卖盘
1866,13:21:06,8.26,--,8,6608,卖盘
1867,13:21:03,8.26,--,2,1652,卖盘
1868,13:21:00,8.26,-0.01,85,70210,卖盘
1869,13:20:57,8.27,0.01,20,16540,买盘
1870,13:20:54,8.26,--,2,1652,卖盘
1871,13:20:48,8.26,--,68,56168,卖盘
1872,13:20:45,8.26,-0.01,63,52038,卖盘
1873,13:20:42,8.27,--,7,5789,买盘
1874,13:20:39,8.27,0.01,540,446580,买盘
1875,13:20:36,8.26,-0.01,49,40474,卖盘
1876,13:20:33,8.27,0.01,4,3308,买盘
1877,13:20:30,8.26,--,122,100772,卖盘
1878,13:20:27,8.26,--,102,84252,卖盘
1879,13:20:24,8.26,--,25,20650,卖盘
1880,13:20:21,8.26,--,90,74340,卖盘
1881,13:20:18,8.26,-0.01,61,50386,卖盘
1882,13:20:15,8.27,--,60,49620,买盘
1883,13:20:12,8.27,0.01,21,17367,买盘
1884,13:20:09,8.26,--,5,4130,卖盘
1885,13:20:06,8.26,--,8,6608,卖盘
1886,13:20:03,8.26,--,129,106554,卖盘
1887,13:20:00,8.26,-0.01,154,127204,卖盘
1888,13:19:57,8.27,0.01,6,4962,买盘
1889,13:19:54,8.26,-0.01,45,37170,卖盘
1890,13:19:51,8.27,0.01,18,14886,买盘
1891,13:19:48,8.26,--,100,82600,卖盘
1892,13:19:45,8.26,--,2,1652,卖盘
1893,13:19:42,8.26,--,52,42952,卖盘
1894,13:19:36,8.26,-0.01,12,9912,卖盘
1895,13:19:33,8.27,0.01,72,59544,买盘
1896,13:19:30,8.26,--,105,86730,卖盘
1897,13:19:27,8.26,-0.01,4,3304,卖盘
1898,13:19:24,8.27,0.01,34,28118,买盘
1899,13:19:21,8.26,-0.01,59,48734,卖盘
1900,13:19:18,8.27,--,300,248100,买盘
1901,13:19:15,8.27,--,29,23983,买盘
1902,13:19:12,8.27,--,5,4135,买盘
1903,13:19:09,8.27,--,81,66987,买盘
1904,13:19:06,8.27,0.01,301,248927,买盘
1905,13:19:03,8.26,-0.01,100,82600,卖盘
1906,13:19:00,8.27,0.01,5,4135,买盘
1907,13:18:57,8.26,-0.01,65,53690,卖盘
1908,13:18:54,8.27,--,10,8270,买盘
1909,13:18:51,8.27,--,21,17367,买盘
1910,13:18:48,8.27,--,53,43831,买盘
1911,13:18:45,8.27,--,43,35561,买盘
1912,13:18:42,8.27,0.01,52,43004,买盘
1913,13:18:39,8.26,-0.01,29,23954,卖盘
1914,13:18:36,8.27,--,59,48793,买盘
1915,13:18:33,8.27,0.01,38,31426,买盘
1916,13:18:30,8.26,--,22,18172,卖盘
1917,13:18:27,8.26,--,9,7434,卖盘
1918,13:18:24,8.26,--,95,78470,卖盘
1919,13:18:21,8.26,-0.01,7,5782,卖盘
1920,13:18:18,8.27,--,58,47966,买盘
1921,13:18:15,8.27,0.01,72,59544,买盘
1922,13:18:12,8.26,-0.01,1,826,卖盘
1923,13:18:09,8.27,0.01,30,24810,买盘
1924,13:18:06,8.26,--,98,80948,卖盘
1925,13:18:03,8.26,--,155,128030,卖盘
1926,13:18:00,8.26,-0.01,13,10738,卖盘
1927,13:17:57,8.27,--,20,16540,买盘
1928,13:17:54,8.27,0.01,75,62025,买盘
1929,13:17:51,8.26,--,59,48734,卖盘
1930,13:17:48,8.26,--,1,826,卖盘
1931,13:17:42,8.26,--,117,96642,卖盘
1932,13:17:39,8.26,--,102,84252,卖盘
1933,13:17:36,8.26,--,12,9912,卖盘
1934,13:17:33,8.26,--,143,118118,卖盘
1935,13:17:30,8.26,-0.01,43,35518,卖盘
1936,13:17:27,8.27,0.01,12,9924,买盘
1937,13:17:24,8.26,-0.01,31,25606,卖盘
1938,13:17:21,8.27,--,7,5789,买盘
1939,13:17:18,8.27,--,54,44658,买盘
1940,13:17:12,8.27,0.01,20,16540,买盘
1941,13:17:09,8.26,-0.01,75,61950,卖盘
1942,13:17:06,8.27,--,168,138936,买盘
1943,13:17:03,8.27,0.01,13,10751,买盘
1944,13:17:00,8.26,--,69,56994,卖盘
1945,13:16:57,8.26,-0.01,70,57820,卖盘
1946,13:16:54,8.27,0.01,27,22329,买盘
1947,13:16:51,8.26,--,10,8260,卖盘
1948,13:16:45,8.26,-0.01,64,52864,卖盘
1949,13:16:42,8.27,0.01,8,6616,买盘
1950,13:16:39,8.26,--,1,826,卖盘
1951,13:16:36,8.26,--,10,8260,卖盘
1952,13:16:33,8.26,--,69,56994,卖盘
1953,13:16:30,8.26,-0.01,22,18172,卖盘
1954,13:16:27,8.27,0.01,22,18194,买盘
1955,13:16:24,8.26,-0.01,139,114814,卖盘
1956,13:16:21,8.27,0.01,1,827,买盘
1957,13:16:18,8.26,-0.01,8,6608,卖盘
1958,13:16:15,8.27,0.01,169,139763,买盘
1959,13:16:12,8.26,--,73,60298,卖盘
1960,13:16:09,8.26,-0.01,5,4130,卖盘
1961,13:16:06,8.27,0.01,35,28945,买盘
1962,13:16:03,8.26,--,7,5782,卖盘
1963,13:16:00,8.26,--,298,246148,卖盘
1964,13:15:57,8.26,--,67,55342,卖盘
1965,13:15:54,8.26,--,46,37996,卖盘
1966,13:15:51,8.26,--,70,57820,卖盘
1967,13:15:48,8.26,--,2,1652,卖盘
1968,13:15:45,8.26,--,16,13216,卖盘
1969,13:15:42,8.26,-0.01,11,9086,卖盘
1970,13:15:39,8.27,--,71,58717,买盘
1971,13:15:36,8.27,--,102,84354,买盘
1972,13:15:33,8.27,0.02,22,18194,买盘
1973,13:15:30,8.25,--,17,14025,卖盘
1974,13:15:27,8.25,-0.02,76,62700,卖盘
1975,13:15:24,8.27,0.01,89,73603,买盘
1976,13:15:21,8.26,0.01,234,193284,买盘
1977,13:15:18,8.25,--,45,37125,卖盘
1978,13:15:15,8.25,-0.01,255,210375,卖盘
1979,13:15:12,8.26,0.01,342,282492,买盘
1980,13:15:09,8.25,-0.01,21,17325,卖盘
1981,13:15:06,8.26,--,55,45430,买盘
1982,13:15:03,8.26,0.01,403,332878,买盘
1983,13:15:00,8.25,-0.01,367,302775,卖盘
1984,13:14:57,8.26,0.01,337,278362,买盘
1985,13:14:54,8.25,-0.01,643,530475,卖盘
1986,13:14:51,8.26,--,712,588112,买盘
1987,13:14:48,8.26,0.01,40,33040,买盘
1988,13:14:45,8.25,--,80,66000,卖盘
1989,13:14:42,8.25,--,81,66825,卖盘
1990,13:14:39,8.25,-0.01,174,143550,卖盘
1991,13:14:36,8.26,0.01,80,66080,买盘
1992,13:14:33,8.25,--,370,305250,卖盘
1993,13:14:30,8.25,--,113,93225,卖盘
1994,13:14:27,8.25,--,270,222750,卖盘
1995,13:14:24,8.25,--,33,27225,卖盘
1996,13:14:21,8.25,-0.01,199,164175,卖盘
1997,13:14:18,8.26,0.01,3,2478,买盘
1998,13:14:15,8.25,--,23,18975,卖盘
1999,13:14:12,8.25,--,76,62700,卖盘
2000,13:14:09,8.25,-0.01,38,31350,卖盘
2001,13:14:06,8.26,0.01,16,13216,买盘
2002,13:14:03,8.25,--,40,33000,卖盘
2003,13:14:00,8.25,--,145,119625,卖盘
2004,13:13:57,8.25,-0.01,21,17325,卖盘
2005,13:13:54,8.26,0.01,108,89208,买盘
2006,13:13:51,8.25,--,14,11550,卖盘
2007,13:13:48,8.25,-0.01,52,42900,卖盘
2008,13:13:45,8.26,0.01,27,22302,买盘
2009,13:13:42,8.25,--,111,91575,卖盘
2010,13:13:39,8.25,-0.01,57,47025,卖盘
2011,13:13:36,8.26,0.01,24,19824,买盘
2012,13:13:33,8.25,--,17,14025,卖盘
2013,13:13:30,8.25,-0.01,77,63525,卖盘
2014,13:13:27,8.26,--,175,144550,买盘
2015,13:13:24,8.26,0.01,112,92512,买盘
2016,13:13:21,8.25,--,36,29700,卖盘
2017,13:13:18,8.25,--,37,30525,卖盘
2018,13:13:15,8.25,--,78,64350,卖盘
2019,13:13:12,8.25,-0.01,19,15675,卖盘
2020,13:13:09,8.26,0.01,52,42952,买盘
2021,13:13:06,8.25,-0.01,69,56925,卖盘
2022,13:13:03,8.26,--,72,59472,买盘
2023,13:13:00,8.26,0.01,61,50386,买盘
2024,13:12:57,8.25,--,11,9075,卖盘
2025,13:12:54,8.25,-0.01,48,39600,卖盘
2026,13:12:51,8.26,--,18,14868,买盘
2027,13:12:48,8.26,--,52,42952,买盘
2028,13:12:45,8.26,0.01,51,42126,中性盘
2029,13:12:42,8.25,-0.01,62,51150,卖盘
2030,13:12:39,8.26,--,60,49560,买盘
2031,13:12:36,8.26,0.01,14,11564,买盘
2032,13:12:33,8.25,-0.01,58,47850,卖盘
2033,13:12:30,8.26,--,26,21476,卖盘
2034,13:12:27,8.26,-0.01,43,35518,卖盘
2035,13:12:24,8.27,0.01,238,196859,买盘
2036,13:12:21,8.26,--,61,50386,买盘
2037,13:12:15,8.26,--,8,6608,买盘
2038,13:12:12,8.26,0.01,25,20650,买盘
2039,13:12:09,8.25,-0.01,86,70950,卖盘
2040,13:12:06,8.26,--,141,116466,买盘
2041,13:12:03,8.26,--,186,153636,买盘
2042,13:12:00,8.26,0.01,500,413000,买盘
2043,13:11:57,8.25,--,66,54450,卖盘
2044,13:11:54,8.25,-0.01,97,80025,卖盘
2045,13:11:51,8.26,0.01,22,18172,买盘
2046,13:11:48,8.25,-0.01,138,113850,卖盘
2047,13:11:45,8.26,--,98,80948,买盘
2048,13:11:42,8.26,0.01,210,173460,买盘
2049,13:11:39,8.25,--,38,31350,卖盘
2050,13:11:36,8.25,--,67,55275,卖盘
2051,13:11:33,8.25,-0.01,11,9075,卖盘
2052,13:11:30,8.26,0.01,16,13216,买盘
2053,13:11:27,8.25,--,77,63525,卖盘
2054,13:11:24,8.25,--,17,14025,卖盘
2055,13:11:21,8.25,--,91,75075,卖盘
2056,13:11:18,8.25,--,302,249150,卖盘
2057,13:11:15,8.25,--,128,105600,卖盘
2058,13:11:12,8.25,--,76,62700,卖盘
2059,13:11:09,8.25,--,86,70950,卖盘
2060,13:11:06,8.25,-0.01,31,25575,卖盘
2061,13:11:03,8.26,0.01,209,172634,买盘
2062,13:11:00,8.25,--,43,35475,卖盘
2063,13:10:57,8.25,-0.01,71,58575,卖盘
2064,13:10:54,8.26,0.01,83,68558,买盘
2065,13:10:51,8.25,-0.01,26,21450,卖盘
2066,13:10:48,8.26,--,150,123900,买盘
2067,13:10:45,8.26,0.01,20,16520,买盘
2068,13:10:42,8.25,--,51,42075,卖盘
2069,13:10:39,8.25,--,22,18150,卖盘
2070,13:10:36,8.25,--,84,69300,卖盘
2071,13:10:33,8.25,-0.01,63,51975,卖盘
2072,13:10:30,8.26,0.01,60,49560,买盘
2073,13:10:27,8.25,-0.01,13,10725,卖盘
2074,13:10:24,8.26,0.01,86,71036,买盘
2075,13:10:21,8.25,--,48,39600,卖盘
2076,13:10:18,8.25,--,5,4125,卖盘
2077,13:10:15,8.25,-0.01,16,13200,卖盘
2078,13:10:12,8.26,--,43,35518,买盘
2079,13:10:09,8.26,0.01,74,61124,买盘
2080,13:10:06,8.25,--,7,5775,卖盘
2081,13:10:03,8.25,-0.01,34,28842,卖盘
2082,13:10:00,8.26,--,109,90034,卖盘
2083,13:09:57,8.26,--,66,54516,卖盘
2084,13:09:54,8.26,--,80,66080,卖盘
2085,13:09:51,8.26,--,212,175112,卖盘
2086,13:09:48,8.26,-0.01,681,562539,卖盘
2087,13:09:45,8.27,0.01,60,49620,买盘
2088,13:09:42,8.26,--,14,11564,卖盘
2089,13:09:39,8.26,--,90,74340,卖盘
2090,13:09:36,8.26,-0.01,69,56994,卖盘
2091,13:09:33,8.27,--,13,10751,买盘
2092,13:09:30,8.27,0.01,17,14059,买盘
2093,13:09:27,8.26,-0.01,61,50386,卖盘
2094,13:09:24,8.27,--,57,47139,买盘
2095,13:09:21,8.27,0.01,15,12405,买盘
2096,13:09:18,8.26,-0.01,17,14042,卖盘
2097,13:09:15,8.27,0.01,21,17367,买盘
2098,13:09:12,8.26,--,62,51212,卖盘
2099,13:09:09,8.26,--,12,9912,卖盘
2100,13:09:06,8.26,--,9,7434,卖盘
2101,13:09:03,8.26,--,59,48734,卖盘
2102,13:09:00,8.26,--,84,69384,卖盘
2103,13:08:57,8.26,--,18,14868,卖盘
2104,13:08:54,8.26,--,114,94164,卖盘
2105,13:08:51,8.26,-0.01,48,39648,卖盘
2106,13:08:48,8.27,--,8,6616,买盘
2107,13:08:45,8.27,--,42,34734,买盘
2108,13:08:42,8.27,0.01,80,66160,买盘
2109,13:08:39,8.26,-0.01,53,43778,卖盘
2110,13:08:33,8.27,0.01,3,2481,买盘
2111,13:08:30,8.26,-0.01,98,80948,卖盘
2112,13:08:24,8.27,--,91,75257,买盘
2113,13:08:21,8.27,0.01,2,1654,买盘
2114,13:08:18,8.26,-0.01,50,41300,卖盘
2115,13:08:15,8.27,--,8,6616,买盘
2116,13:08:12,8.27,-0.01,21,17367,买盘
2117,13:08:09,8.28,0.02,71,58787,买盘
2118,13:08:06,8.26,-0.01,156,128856,卖盘
2119,13:08:03,8.27,--,14,11578,卖盘
2120,13:08:00,8.27,--,33,27291,卖盘
2121,13:07:57,8.27,0.01,167,138109,买盘
2122,13:07:54,8.26,-0.01,36,29736,卖盘
2123,13:07:51,8.27,--,5,4135,买盘
2124,13:07:48,8.27,0.01,52,43004,买盘
2125,13:07:45,8.26,--,70,57820,卖盘
2126,13:07:42,8.26,-0.01,28,23128,卖盘
2127,13:07:39,8.27,0.01,1,827,买盘
2128,13:07:33,8.26,-0.01,200,165200,卖盘
2129,13:07:30,8.27,--,234,193518,卖盘
2130,13:07:24,8.27,--,128,105856,卖盘
2131,13:07:18,8.27,--,1,827,卖盘
2132,13:07:15,8.27,--,42,34734,卖盘
2133,13:07:12,8.27,0.01,265,219155,买盘
2134,13:07:09,8.26,-0.01,77,63602,卖盘
2135,13:07:06,8.27,0.01,8,6616,买盘
2136,13:07:03,8.26,--,5,4130,卖盘
2137,13:07:00,8.26,--,235,194110,卖盘
2138,13:06:57,8.26,-0.01,296,244496,卖盘
2139,13:06:54,8.27,--,13,10751,买盘
2140,13:06:51,8.27,0.01,53,43831,买盘
2141,13:06:48,8.26,-0.01,7,5782,卖盘
2142,13:06:45,8.27,--,16,13232,买盘
2143,13:06:42,8.27,--,4,3308,买盘
2144,13:06:39,8.27,0.01,254,210058,买盘
2145,13:06:33,8.26,-0.01,2,1652,卖盘
2146,13:06:30,8.27,0.01,61,50447,买盘
2147,13:06:27,8.26,-0.01,57,47082,卖盘
2148,13:06:24,8.27,--,54,44658,买盘
2149,13:06:18,8.27,--,64,52928,买盘
2150,13:06:15,8.27,0.01,8,6616,买盘
2151,13:06:09,8.26,-0.01,12,9912,卖盘
2152,13:06:06,8.27,0.01,47,38869,买盘
2153,13:06:03,8.26,-0.01,3,2478,卖盘
2154,13:05:57,8.27,0.01,2,1654,买盘
2155,13:05:54,8.26,--,137,113162,卖盘
2156,13:05:51,8.26,--,5,4130,卖盘
2157,13:05:48,8.26,--,19,15694,卖盘
2158,13:05:45,8.26,--,87,71862,卖盘
2159,13:05:42,8.26,-0.01,65,53690,卖盘
2160,13:05:39,8.27,0.01,259,214193,买盘
2161,13:05:36,8.26,--,34,28084,卖盘
2162,13:05:33,8.26,--,103,85078,卖盘
2163,13:05:27,8.26,--,222,183372,卖盘
2164,13:05:24,8.26,--,37,30562,卖盘
2165,13:05:21,8.26,--,60,49560,卖盘
2166,13:05:18,8.26,-0.01,8,6608,卖盘
2167,13:05:15,8.27,0.01,8,6616,买盘
2168,13:05:12,8.26,--,240,198240,卖盘
2169,13:05:09,8.26,--,75,61950,卖盘
2170,13:05:03,8.26,--,7,5782,卖盘
2171,13:05:00,8.26,--,52,42952,卖盘
2172,13:04:57,8.26,-0.01,146,120596,卖盘
2173,13:04:51,8.27,0.01,45,37215,买盘
2174,13:04:48,8.26,-0.01,173,142898,卖盘
2175,13:04:45,8.27,--,9,7443,买盘
2176,13:04:42,8.27,0.01,50,41350,买盘
2177,13:04:39,8.26,--,51,42126,卖盘
2178,13:04:33,8.26,--,72,59472,卖盘
2179,13:04:30,8.26,--,11,9086,卖盘
2180,13:04:27,8.26,--,43,35518,卖盘
2181,13:04:24,8.26,--,133,109858,卖盘
2182,13:04:21,8.26,-0.01,83,68558,卖盘
2183,13:04:18,8.27,0.01,8,6616,买盘
2184,13:04:15,8.26,-0.01,82,67732,卖盘
2185,13:04:12,8.27,0.01,1,827,买盘
2186,13:04:06,8.26,-0.01,54,44604,卖盘
2187,13:04:03,8.27,0.01,107,88489,买盘
2188,13:03:54,8.26,-0.01,82,67732,卖盘
2189,13:03:51,8.27,--,11,9097,买盘
2190,13:03:48,8.27,0.01,10,8270,买盘
2191,13:03:45,8.26,--,61,50386,卖盘
2192,13:03:42,8.26,-0.01,60,49560,卖盘
2193,13:03:39,8.27,--,72,59544,买盘
2194,13:03:36,8.27,--,35,28945,买盘
2195,13:03:33,8.27,--,98,81046,买盘
2196,13:03:27,8.27,--,10,8270,卖盘
2197,13:03:24,8.27,-0.01,4,3308,卖盘
2198,13:03:21,8.28,0.01,59,48851,买盘
2199,13:03:12,8.27,--,60,49620,卖盘
2200,13:03:09,8.27,--,80,66160,卖盘
2201,13:03:06,8.27,--,51,42177,卖盘
2202,13:03:03,8.27,--,49,40523,卖盘
2203,13:02:57,8.27,--,149,123223,卖盘
2204,13:02:54,8.27,0.01,141,116607,中性盘
2205,13:02:48,8.26,--,50,41300,卖盘
2206,13:02:39,8.26,-0.01,21,17346,卖盘
2207,13:02:36,8.27,--,120,99240,卖盘
2208,13:02:33,8.27,--,20,16540,买盘
2209,13:02:30,8.27,--,36,29772,卖盘
2210,13:02:27,8.27,--,40,33080,卖盘
2211,13:02:24,8.27,--,51,42177,卖盘
2212,13:02:18,8.27,--,34,28118,卖盘
2213,13:02:15,8.27,--,85,70295,卖盘
2214,13:02:12,8.27,--,20,16540,卖盘
2215,13:02:09,8.27,--,114,94278,卖盘
2216,13:02:06,8.27,--,29,23983,卖盘
2217,13:02:03,8.27,--,48,39696,卖盘
2218,13:02:00,8.27,--,3,2481,卖盘
2219,13:01:57,8.27,0.01,334,276218,买盘
2220,13:01:54,8.26,--,40,33040,卖盘
2221,13:01:51,8.26,--,44,36344,卖盘
2222,13:01:48,8.26,--,5,4130,卖盘
2223,13:01:42,8.26,--,53,43778,卖盘
2224,13:01:33,8.26,--,26,21476,卖盘
2225,13:01:30,8.26,--,51,42126,卖盘
2226,13:01:27,8.26,--,81,66906,卖盘
2227,13:01:24,8.26,--,5,4130,卖盘
2228,13:01:21,8.26,--,71,58646,卖盘
2229,13:01:18,8.26,-0.01,59,48734,卖盘
2230,13:01:15,8.27,0.01,5,4135,买盘
2231,13:01:12,8.26,-0.01,10,8260,卖盘
2232,13:01:09,8.27,0.01,53,43831,买盘
2233,13:01:06,8.26,-0.01,10,8260,卖盘
2234,13:01:00,8.27,0.01,6,4962,买盘
2235,13:00:57,8.26,--,53,43778,卖盘
2236,13:00:54,8.26,--,26,21476,卖盘
2237,13:00:48,8.26,--,28,23128,卖盘
2238,13:00:45,8.26,--,52,42952,卖盘
2239,13:00:39,8.26,0.01,69,56994,卖盘
2240,13:00:36,8.25,--,49,40425,卖盘
2241,13:00:33,8.25,--,9,7425,卖盘
2242,13:00:30,8.25,--,24,19800,卖盘
2243,13:00:27,8.25,--,19,15675,卖盘
2244,13:00:24,8.25,-0.01,46,37950,卖盘
2245,13:00:12,8.26,--,44,36344,卖盘
2246,13:00:06,8.26,-0.01,159,131334,卖盘
2247,13:00:03,8.27,0.01,4701,3887892,买盘
2248,13:00:00,8.26,--,19,15694,卖盘
2249,11:30:00,8.26,-0.02,4,3304,卖盘
2250,11:29:51,8.28,--,55,45540,买盘
2251,11:29:45,8.28,--,23,19044,买盘
2252,11:29:42,8.28,0.01,42,34776,买盘
2253,11:29:39,8.27,-0.01,53,43831,卖盘
2254,11:29:33,8.28,0.01,4,3311,买盘
2255,11:29:30,8.27,--,72,59544,卖盘
2256,11:29:27,8.27,--,6,4962,卖盘
2257,11:29:24,8.27,-0.01,627,518529,卖盘
2258,11:29:21,8.28,--,3,2484,卖盘
2259,11:29:18,8.28,-0.01,47,38916,卖盘
2260,11:29:15,8.29,0.01,8,6631,买盘
2261,11:29:09,8.28,--,70,57959,卖盘
2262,11:29:06,8.28,--,44,36432,卖盘
2263,11:29:00,8.28,--,5,4140,卖盘
2264,11:28:57,8.28,0.01,83,68724,买盘
2265,11:28:45,8.27,--,64,52928,卖盘
2266,11:28:42,8.27,--,30,24810,卖盘
2267,11:28:39,8.27,--,30,24810,卖盘
2268,11:28:36,8.27,--,16,13232,卖盘
2269,11:28:33,8.27,--,133,109991,卖盘
2270,11:28:30,8.27,-0.01,92,76084,卖盘
2271,11:28:27,8.28,0.01,9,7451,买盘
2272,11:28:24,8.27,--,49,40523,卖盘
2273,11:28:21,8.27,-0.01,28,23156,卖盘
2274,11:28:18,8.28,--,31,25667,买盘
2275,11:28:15,8.28,0.01,58,48023,买盘
2276,11:28:12,8.27,--,71,58717,卖盘
2277,11:28:09,8.27,-0.01,6,4962,卖盘
2278,11:28:06,8.28,0.01,44,36432,买盘
2279,11:28:03,8.27,--,7,5789,卖盘
2280,11:28:00,8.27,-0.01,51,42177,卖盘
2281,11:27:57,8.28,0.01,38,31463,买盘
2282,11:27:54,8.27,--,103,85181,卖盘
2283,11:27:51,8.27,-0.01,51,42177,卖盘
2284,11:27:45,8.28,0.01,70,57959,买盘
2285,11:27:42,8.27,--,5,4135,卖盘
2286,11:27:39,8.27,-0.01,120,99240,卖盘
2287,11:27:36,8.28,0.01,87,72036,买盘
2288,11:27:33,8.27,--,55,45485,卖盘
2289,11:27:27,8.27,--,48,39696,卖盘
2290,11:27:24,8.27,--,30,24810,卖盘
2291,11:27:18,8.27,-0.02,47,38869,卖盘
2292,11:27:15,8.29,--,67,55542,买盘
2293,11:27:09,8.29,0.02,5,4145,买盘
2294,11:27:06,8.27,--,56,46312,卖盘
2295,11:27:03,8.27,-0.02,84,69468,卖盘
2296,11:27:00,8.29,0.02,2,1657,买盘
2297,11:26:57,8.27,--,42,34734,卖盘
2298,11:26:54,8.27,--,121,100067,卖盘
2299,11:26:51,8.27,--,198,163746,卖盘
2300,11:26:48,8.27,--,35,28945,卖盘
2301,11:26:45,8.27,--,21,17367,卖盘
2302,11:26:42,8.27,--,49,40523,卖盘
2303,11:26:39,8.27,-0.01,6,4962,卖盘
2304,11:26:36,8.28,--,5,4140,买盘
2305,11:26:33,8.28,0.01,54,44712,中性盘
2306,11:26:27,8.27,-0.02,12,9924,卖盘
2307,11:26:24,8.29,0.02,1,828,买盘
2308,11:26:21,8.27,-0.02,82,67814,卖盘
2309,11:26:18,8.29,-0.01,17,14092,中性盘
2310,11:26:15,8.3,0.01,64,53120,买盘
2311,11:26:12,8.29,0.02,25,20724,买盘
2312,11:26:09,8.27,-0.01,123,101721,卖盘
2313,11:26:06,8.28,--,7,5796,卖盘
2314,11:26:03,8.28,-0.01,21,17388,卖盘
2315,11:26:00,8.29,--,49,40620,卖盘
2316,11:25:57,8.29,--,6,4973,买盘
2317,11:25:54,8.29,--,1,828,买盘
2318,11:25:51,8.29,0.01,133,110256,买盘
2319,11:25:48,8.28,--,54,44712,卖盘
2320,11:25:45,8.28,0.01,30,24839,中性盘
2321,11:25:36,8.27,-0.01,138,114126,卖盘
2322,11:25:30,8.28,0.01,10,8280,买盘
2323,11:25:27,8.27,-0.01,46,38042,卖盘
2324,11:25:24,8.28,0.01,94,77832,买盘
2325,11:25:21,8.27,--,70,57890,卖盘
2326,11:25:15,8.27,--,164,135628,卖盘
2327,11:25:09,8.27,-0.01,9,7443,卖盘
2328,11:25:06,8.28,--,1,827,买盘
2329,11:25:03,8.28,--,76,62927,卖盘
2330,11:25:00,8.28,--,15,12419,卖盘
2331,11:24:54,8.28,--,146,120887,买盘
2332,11:24:51,8.28,0.01,34,28151,买盘
2333,11:24:48,8.27,-0.01,4,3308,卖盘
2334,11:24:45,8.28,0.01,8,6623,买盘
2335,11:24:42,8.27,-0.01,51,42177,卖盘
2336,11:24:39,8.28,--,48,39744,卖盘
2337,11:24:36,8.28,--,22,18216,卖盘
2338,11:24:30,8.28,-0.02,49,40572,卖盘
2339,11:24:27,8.3,0.02,30,24900,买盘
2340,11:24:21,8.28,--,357,295596,卖盘
2341,11:24:15,8.28,--,180,149040,卖盘
2342,11:24:12,8.28,--,30,24839,卖盘
2343,11:24:09,8.28,--,144,119231,卖盘
2344,11:24:06,8.28,-0.02,13,10764,卖盘
2345,11:24:03,8.3,--,15,12450,买盘
2346,11:23:57,8.3,0.01,468,388440,买盘
2347,11:23:54,8.29,--,172,142587,卖盘
2348,11:23:51,8.29,--,14,11605,卖盘
2349,11:23:48,8.29,--,133,110256,卖盘
2350,11:23:45,8.29,--,133,110256,卖盘
2351,11:23:42,8.29,--,13,10776,卖盘
2352,11:23:39,8.29,--,41,33989,卖盘
2353,11:23:36,8.29,0.01,58,48081,中性盘
2354,11:23:30,8.28,-0.01,135,111779,卖盘
2355,11:23:27,8.29,0.01,10,8290,买盘
2356,11:23:24,8.28,--,52,43056,卖盘
2357,11:23:21,8.28,--,32,26495,卖盘
2358,11:23:18,8.28,-0.01,1,827,卖盘
2359,11:23:15,8.29,--,78,64661,卖盘
2360,11:23:12,8.29,-0.01,5,4145,卖盘
2361,11:23:09,8.3,0.02,73,60590,买盘
2362,11:23:03,8.28,-0.01,93,77004,卖盘
2363,11:23:00,8.29,--,2,1657,卖盘
2364,11:22:57,8.29,--,53,43936,买盘
2365,11:22:54,8.29,0.01,30,24869,买盘
2366,11:22:51,8.28,-0.01,53,43884,卖盘
2367,11:22:45,8.29,--,15,12434,买盘
2368,11:22:42,8.29,--,53,43936,买盘
2369,11:22:36,8.29,0.01,62,51397,买盘
2370,11:22:33,8.28,0.01,40,33120,买盘
2371,11:22:30,8.27,-0.01,253,209231,卖盘
2372,11:22:27,8.28,0.01,154,127511,买盘
2373,11:22:24,8.27,--,71,58717,卖盘
2374,11:22:18,8.27,-0.01,59,48793,卖盘
2375,11:22:15,8.28,--,15,12419,买盘
2376,11:22:09,8.28,--,50,41400,买盘
2377,11:22:06,8.28,0.01,35,28979,买盘
2378,11:22:03,8.27,--,57,47139,卖盘
2379,11:22:00,8.27,--,13,10751,卖盘
2380,11:21:57,8.27,--,47,38869,卖盘
2381,11:21:51,8.27,-0.01,36,29772,卖盘
2382,11:21:48,8.28,0.01,95,78660,买盘
2383,11:21:45,8.27,-0.01,62,51274,卖盘
2384,11:21:42,8.28,0.01,12,9936,买盘
2385,11:21:39,8.27,--,72,59544,卖盘
2386,11:21:36,8.27,-0.01,47,38869,卖盘
2387,11:21:30,8.28,--,1,827,买盘
2388,11:21:27,8.28,0.01,9,7451,买盘
2389,11:21:24,8.27,--,44,36388,卖盘
2390,11:21:18,8.27,-0.01,6,4962,卖盘
2391,11:21:15,8.28,0.01,9,7451,买盘
2392,11:21:12,8.27,-0.01,102,84354,卖盘
2393,11:21:09,8.28,0.01,28,23184,买盘
2394,11:21:03,8.27,--,48,39696,卖盘
2395,11:21:00,8.27,-0.01,57,47139,卖盘
2396,11:20:51,8.28,--,66,54647,卖盘
2397,11:20:48,8.28,--,16,13247,卖盘
2398,11:20:45,8.28,0.01,22,18216,买盘
2399,11:20:42,8.27,--,48,39696,卖盘
2400,11:20:39,8.27,--,45,37215,卖盘
2401,11:20:33,8.27,--,25,20675,卖盘
2402,11:20:30,8.27,--,97,80219,卖盘
2403,11:20:27,8.27,-0.01,63,52101,卖盘
2404,11:20:24,8.28,0.01,49,40572,买盘
2405,11:20:21,8.27,--,6,4962,卖盘
2406,11:20:18,8.27,-0.01,53,43831,卖盘
2407,11:20:15,8.28,--,17,14075,买盘
2408,11:20:09,8.28,0.01,78,64583,买盘
2409,11:20:06,8.27,-0.01,298,246446,卖盘
2410,11:20:00,8.28,--,10,8280,买盘
2411,11:19:57,8.28,0.01,47,38916,买盘
2412,11:19:54,8.27,-0.01,50,41350,卖盘
2413,11:19:51,8.28,--,137,113435,买盘
2414,11:19:48,8.28,--,73,60443,买盘
2415,11:19:45,8.28,--,89,73692,卖盘
2416,11:19:42,8.28,--,1,827,卖盘
2417,11:19:33,8.28,--,47,38916,卖盘
2418,11:19:27,8.28,--,68,56303,买盘
2419,11:19:24,8.28,0.01,5,4140,买盘
2420,11:19:21,8.27,-0.01,72,59544,卖盘
2421,11:19:18,8.28,-0.01,7,5796,卖盘
2422,11:19:15,8.29,0.01,8,6631,买盘
2423,11:19:12,8.28,--,70,57959,卖盘
2424,11:19:09,8.28,-0.01,2,1655,卖盘
2425,11:19:03,8.29,0.02,10,8290,买盘
2426,11:19:00,8.27,-0.01,100,82700,卖盘
2427,11:18:57,8.28,--,40,33120,卖盘
2428,11:18:54,8.28,-0.01,3,2484,卖盘
2429,11:18:51,8.29,0.01,37,30672,买盘
2430,11:18:48,8.28,--,44,36432,卖盘
2431,11:18:45,8.28,0.01,84,69552,买盘
2432,11:18:42,8.27,-0.01,65,53755,卖盘
2433,11:18:39,8.28,0.01,187,154836,买盘
2434,11:18:36,8.27,--,20,16540,卖盘
2435,11:18:33,8.27,-0.01,12,9924,卖盘
2436,11:18:30,8.28,0.01,6,4968,买盘
2437,11:18:27,8.27,-0.01,62,51274,卖盘
2438,11:18:24,8.28,--,46,38088,卖盘
2439,11:18:21,8.28,-0.01,54,44712,卖盘
2440,11:18:18,8.29,--,531,440198,卖盘
2441,11:18:15,8.29,--,82,67978,卖盘
2442,11:18:12,8.29,-0.01,35,29014,卖盘
2443,11:18:09,8.3,0.01,38,31540,买盘
2444,11:18:06,8.29,--,59,48910,卖盘
2445,11:18:03,8.29,--,2,1657,卖盘
2446,11:17:54,8.29,-0.01,148,122691,卖盘
2447,11:17:51,8.3,0.01,26,21580,买盘
2448,11:17:48,8.29,-0.01,30,24869,卖盘
2449,11:17:45,8.3,0.01,15,12450,买盘
2450,11:17:42,8.29,--,71,58858,卖盘
2451,11:17:39,8.29,--,8,6631,卖盘
2452,11:17:36,8.29,--,5,4145,卖盘
2453,11:17:33,8.29,--,48,39791,卖盘
2454,11:17:24,8.29,0.02,85,70465,买盘
2455,11:17:21,8.27,--,61,50447,卖盘
2456,11:17:18,8.27,-0.02,60,49620,卖盘
2457,11:17:15,8.29,0.02,13,10776,买盘
2458,11:17:12,8.27,--,46,38042,卖盘
2459,11:17:09,8.27,-0.01,119,98413,卖盘
2460,11:17:06,8.28,--,21,17388,卖盘
2461,11:17:00,8.28,--,761,630108,卖盘
2462,11:16:54,8.28,-0.01,16,13247,卖盘
2463,11:16:51,8.29,-0.01,64,53055,卖盘
2464,11:16:48,8.3,0.01,70,58100,买盘
2465,11:16:45,8.29,--,1127,934282,卖盘
2466,11:16:42,8.29,-0.01,7,5802,卖盘
2467,11:16:39,8.3,0.01,25,20750,买盘
2468,11:16:36,8.29,--,79,65490,卖盘
2469,11:16:33,8.29,0.02,188,155851,买盘
2470,11:16:27,8.27,-0.01,126,104202,卖盘
2471,11:16:24,8.28,-0.01,9,7451,中性盘
2472,11:16:21,8.29,--,624,517295,卖盘
2473,11:16:18,8.29,0.02,117,96992,买盘
2474,11:16:15,8.27,-0.01,55,45485,卖盘
2475,11:16:12,8.28,--,231,191267,卖盘
2476,11:16:06,8.28,--,19,15731,卖盘
2477,11:16:03,8.28,0.01,464,384904,买盘
2478,11:16:00,8.27,--,28,23156,卖盘
2479,11:15:57,8.27,--,2,1654,卖盘
2480,11:15:54,8.27,--,55,45485,卖盘
2481,11:15:51,8.27,-0.01,715,591305,卖盘
2482,11:15:48,8.28,0.01,8,6623,买盘
2483,11:15:45,8.27,--,240,198480,卖盘
2484,11:15:42,8.27,--,57,47139,卖盘
2485,11:15:39,8.27,0.01,184,152168,买盘
2486,11:15:36,8.26,-0.01,4,3304,卖盘
2487,11:15:33,8.27,0.01,12,9924,中性盘
2488,11:15:30,8.26,-0.01,369,304794,卖盘
2489,11:15:27,8.27,0.02,352,291104,买盘
2490,11:15:24,8.25,-0.01,220,181500,卖盘
2491,11:15:21,8.26,--,108,89208,卖盘
2492,11:15:18,8.26,--,221,182546,卖盘
2493,11:15:15,8.26,-0.01,9,7434,卖盘
2494,11:15:12,8.27,0.01,752,621904,买盘
2495,11:15:09,8.26,--,222,183372,卖盘
2496,11:15:03,8.26,--,72,59472,卖盘
2497,11:15:00,8.26,--,154,127204,卖盘
2498,11:14:57,8.26,--,277,228802,卖盘
2499,11:14:54,8.26,--,309,255234,卖盘
2500,11:14:51,8.26,--,192,158592,卖盘
2501,11:14:48,8.26,--,46,37996,卖盘
2502,11:14:45,8.26,--,211,174286,卖盘
2503,11:14:42,8.26,--,57,47082,卖盘
2504,11:14:39,8.26,--,45,37170,卖盘
2505,11:14:36,8.26,--,53,43778,卖盘
2506,11:14:33,8.26,-0.01,26,21476,卖盘
2507,11:14:30,8.27,0.01,31,25637,买盘
2508,11:14:27,8.26,--,7,5782,卖盘
2509,11:14:24,8.26,--,44,36344,卖盘
2510,11:14:21,8.26,--,16,13216,卖盘
2511,11:14:18,8.26,-0.01,264,218064,卖盘
2512,11:14:15,8.27,0.01,50,41350,买盘
2513,11:14:12,8.26,-0.01,80,66080,卖盘
2514,11:14:09,8.27,--,89,73603,买盘
2515,11:14:03,8.27,--,69,57063,买盘
2516,11:14:00,8.27,--,71,58717,买盘
2517,11:13:57,8.27,0.01,200,165400,买盘
2518,11:13:54,8.26,--,14,11564,卖盘
2519,11:13:51,8.26,-0.01,269,222194,卖盘
2520,11:13:48,8.27,--,71,58717,卖盘
2521,11:13:45,8.27,--,21,17367,卖盘
2522,11:13:42,8.27,--,473,391171,卖盘
2523,11:13:39,8.27,--,68,56236,卖盘
2524,11:13:36,8.27,--,76,62852,卖盘
2525,11:13:33,8.27,--,17,14059,卖盘
2526,11:13:30,8.27,-0.01,67,55409,卖盘
2527,11:13:27,8.28,0.01,44,36432,买盘
2528,11:13:24,8.27,--,80,66160,卖盘
2529,11:13:21,8.27,--,11,9097,卖盘
2530,11:13:18,8.27,--,60,49620,卖盘
2531,11:13:15,8.27,-0.01,110,90970,卖盘
2532,11:13:12,8.28,0.01,7,5796,买盘
2533,11:13:06,8.27,--,59,48793,卖盘
2534,11:13:03,8.27,-0.01,54,44658,卖盘
2535,11:13:00,8.28,0.01,30,24839,买盘
2536,11:12:57,8.27,-0.01,47,38869,卖盘
2537,11:12:54,8.28,--,20,16560,买盘
2538,11:12:48,8.28,0.01,9,7451,买盘
2539,11:12:45,8.27,-0.01,55,45485,卖盘
2540,11:12:42,8.28,0.01,68,56303,买盘
2541,11:12:39,8.27,--,72,59544,卖盘
2542,11:12:36,8.27,--,7,5789,卖盘
2543,11:12:33,8.27,-0.01,44,36388,卖盘
2544,11:12:27,8.28,0.01,10,8280,买盘
2545,11:12:24,8.27,-0.01,52,43004,卖盘
2546,11:12:21,8.28,0.01,86,71208,买盘
2547,11:12:18,8.27,--,12,9924,卖盘
2548,11:12:12,8.27,--,67,55409,卖盘
2549,11:12:09,8.27,--,28,23156,卖盘
2550,11:12:06,8.27,-0.01,7,5789,卖盘
2551,11:12:03,8.28,0.01,20,16560,买盘
2552,11:12:00,8.27,--,50,41350,卖盘
2553,11:11:57,8.27,--,40,33080,卖盘
2554,11:11:54,8.27,--,72,59544,卖盘
2555,11:11:51,8.27,--,450,372150,卖盘
2556,11:11:48,8.27,--,509,420943,卖盘
2557,11:11:45,8.27,--,1,827,卖盘
2558,11:11:42,8.27,--,2,1654,卖盘
2559,11:11:39,8.27,-0.01,58,47966,卖盘
2560,11:11:30,8.28,0.01,31,25667,买盘
2561,11:11:27,8.27,-0.01,46,38042,卖盘
2562,11:11:24,8.28,--,30,24839,买盘
2563,11:11:21,8.28,0.01,7,5796,买盘
2564,11:11:18,8.27,-0.01,51,42177,卖盘
2565,11:11:12,8.28,--,17,14075,买盘
2566,11:11:09,8.28,0.01,55,45540,买盘
2567,11:11:06,8.27,-0.01,147,121569,卖盘
2568,11:11:03,8.28,--,77,63755,卖盘
2569,11:11:00,8.28,0.01,1,827,卖盘
2570,11:10:54,8.27,-0.01,54,44658,卖盘
2571,11:10:48,8.28,0.01,61,50507,买盘
2572,11:10:45,8.27,--,71,58717,卖盘
2573,11:10:42,8.27,--,60,49620,卖盘
2574,11:10:39,8.27,-0.01,9,7443,卖盘
2575,11:10:36,8.28,0.01,94,77832,买盘
2576,11:10:33,8.27,-0.01,76,62852,卖盘
2577,11:10:30,8.28,--,20,16560,买盘
2578,11:10:27,8.28,0.01,211,174708,买盘
2579,11:10:24,8.27,--,24,19848,卖盘
2580,11:10:21,8.27,-0.02,742,613634,卖盘
2581,11:10:18,8.29,0.01,19,15750,买盘
2582,11:10:12,8.28,--,251,207827,卖盘
2583,11:10:09,8.28,-0.01,8,6623,卖盘
2584,11:10:03,8.29,0.01,34,28185,买盘
2585,11:10:00,8.28,-0.01,46,38088,卖盘
2586,11:09:54,8.29,--,420,348179,买盘
2587,11:09:51,8.29,0.01,9,7460,买盘
2588,11:09:48,8.28,--,100,82800,卖盘
2589,11:09:45,8.28,--,1,827,卖盘
2590,11:09:39,8.28,--,137,113435,卖盘
2591,11:09:36,8.28,--,492,407375,卖盘
2592,11:09:33,8.28,-0.01,17,14075,卖盘
2593,11:09:27,8.29,0.01,140,116059,买盘
2594,11:09:24,8.28,--,10,8280,卖盘
2595,11:09:21,8.28,-0.01,1,827,卖盘
2596,11:09:18,8.29,--,15,12434,买盘
2597,11:09:15,8.29,--,239,198247,卖盘
2598,11:09:12,8.29,--,6,4973,卖盘
2599,11:09:09,8.29,--,20,16580,卖盘
2600,11:09:06,8.29,-0.01,65,53884,卖盘
2601,11:09:03,8.3,--,16,13280,买盘
2602,11:09:00,8.3,0.01,27,22410,买盘
2603,11:08:57,8.29,--,50,41449,卖盘
2604,11:08:54,8.29,--,59,48910,卖盘
2605,11:08:51,8.29,-0.01,72,59687,卖盘
2606,11:08:48,8.3,--,137,113710,买盘
2607,11:08:45,8.3,0.01,15,12450,买盘
2608,11:08:42,8.29,--,69,57200,卖盘
2609,11:08:39,8.29,--,5,4145,卖盘
2610,11:08:36,8.29,-0.01,2,1657,卖盘
2611,11:08:33,8.3,--,97,80510,买盘
2612,11:08:30,8.3,--,10,8300,买盘
2613,11:08:27,8.3,--,106,87980,买盘
2614,11:08:24,8.3,0.01,30,24900,买盘
2615,11:08:21,8.29,--,50,41449,卖盘
2616,11:08:12,8.29,-0.01,2,1657,卖盘
2617,11:08:09,8.3,--,576,478080,卖盘
2618,11:08:06,8.3,--,71,58930,卖盘
2619,11:08:03,8.3,-0.01,524,434920,卖盘
2620,11:08:00,8.31,0.01,58,48198,买盘
2621,11:07:57,8.3,--,20,16600,卖盘
2622,11:07:51,8.3,--,3,2490,卖盘
2623,11:07:48,8.3,--,54,44820,卖盘
2624,11:07:45,8.3,--,201,167170,卖盘
2625,11:07:42,8.3,--,6,4980,卖盘
2626,11:07:39,8.3,--,177,146910,卖盘
2627,11:07:36,8.3,-0.01,46,38180,卖盘
2628,11:07:33,8.31,0.01,16,13296,买盘
2629,11:07:30,8.3,-0.01,5,4648,卖盘
2630,11:07:27,8.31,--,2160,1794960,卖盘
2631,11:07:24,8.31,--,73,60663,卖盘
2632,11:07:21,8.31,--,373,309963,卖盘
2633,11:07:15,8.31,--,63,52353,卖盘
2634,11:07:09,8.31,-0.01,190,157890,卖盘
2635,11:07:06,8.32,0.01,12,9984,买盘
2636,11:07:03,8.31,--,267,221877,卖盘
2637,11:07:00,8.31,-0.01,14,11634,卖盘
2638,11:06:57,8.32,0.01,50,41600,买盘
2639,11:06:54,8.31,--,527,437937,卖盘
2640,11:06:51,8.31,--,64,53184,卖盘
2641,11:06:48,8.31,-0.01,531,441261,卖盘
2642,11:06:45,8.32,0.01,70,58240,买盘
2643,11:06:42,8.31,--,50,41550,卖盘
2644,11:06:39,8.31,--,187,155397,卖盘
2645,11:06:36,8.31,-0.01,77,63987,卖盘
2646,11:06:33,8.32,0.01,16,13312,买盘
2647,11:06:30,8.31,-0.01,50,41550,卖盘
2648,11:06:27,8.32,0.01,30,24960,买盘
2649,11:06:24,8.31,-0.01,10,8310,卖盘
2650,11:06:18,8.32,--,67,55744,买盘
2651,11:06:15,8.32,0.01,114,94848,买盘
2652,11:06:09,8.31,--,47,39057,卖盘
2653,11:06:06,8.31,--,155,128805,卖盘
2654,11:06:03,8.31,-0.01,17,14127,卖盘
2655,11:06:00,8.32,0.01,21,17472,买盘
2656,11:05:57,8.31,--,47,39057,卖盘
2657,11:05:54,8.31,--,7,5817,卖盘
2658,11:05:51,8.31,--,70,58170,卖盘
2659,11:05:48,8.31,-0.01,42,34902,卖盘
2660,11:05:45,8.32,-0.01,50,41600,卖盘
2661,11:05:42,8.33,0.01,10,8330,买盘
2662,11:05:39,8.32,--,3,2496,买盘
2663,11:05:36,8.32,--,53,44096,买盘
2664,11:05:33,8.32,0.01,47,39104,买盘
2665,11:05:30,8.31,--,4,3324,卖盘
2666,11:05:27,8.31,--,16,13296,卖盘
2667,11:05:24,8.31,-0.02,52,43212,卖盘
2668,11:05:18,8.33,0.02,7,5831,买盘
2669,11:05:15,8.31,--,2,1662,卖盘
2670,11:05:12,8.31,-0.02,86,71466,卖盘
2671,11:05:09,8.33,0.02,78,64974,买盘
2672,11:05:06,8.31,-0.02,69,57339,卖盘
2673,11:05:03,8.33,0.01,67,55811,买盘
2674,11:05:00,8.32,--,25,20800,卖盘
2675,11:04:57,8.32,--,10,8320,卖盘
2676,11:04:54,8.32,0.01,11,9152,买盘
2677,11:04:51,8.31,-0.01,218,181158,卖盘
2678,11:04:48,8.32,0.01,15,12480,中性盘
2679,11:04:39,8.31,-0.01,48,39888,卖盘
2680,11:04:36,8.32,-0.01,1,832,卖盘
2681,11:04:33,8.33,0.01,22,18326,买盘
2682,11:04:30,8.32,0.01,56,46592,买盘
2683,11:04:27,8.31,--,1,831,卖盘
2684,11:04:24,8.31,--,38,31578,卖盘
2685,11:04:21,8.31,-0.02,69,57339,卖盘
2686,11:04:18,8.33,0.01,45,37485,买盘
2687,11:04:15,8.32,--,32,26624,买盘
2688,11:04:12,8.32,0.01,9,7488,卖盘
2689,11:04:09,8.31,--,21,17451,卖盘
2690,11:04:06,8.31,-0.01,154,128306,卖盘
2691,11:04:03,8.32,0.01,16,13312,买盘
2692,11:03:57,8.31,-0.01,53,44043,卖盘
2693,11:03:54,8.32,0.01,7,5824,买盘
2694,11:03:51,8.31,-0.01,10,8310,卖盘
2695,11:03:45,8.32,--,59,49088,买盘
2696,11:03:39,8.32,--,4,3827,卖盘
2697,11:03:36,8.32,-0.01,80,66560,卖盘
2698,11:03:33,8.33,0.01,56,46648,买盘
2699,11:03:27,8.32,--,451,375564,买盘
2700,11:03:24,8.32,--,56,46592,买盘
2701,11:03:21,8.32,-0.01,666,554611,卖盘
2702,11:03:18,8.33,--,21,17493,买盘
2703,11:03:12,8.33,0.01,125,104125,买盘
2704,11:03:09,8.32,--,14,11648,卖盘
2705,11:03:00,8.32,-0.01,46,38272,卖盘
2706,11:02:57,8.33,--,124,103292,买盘
2707,11:02:54,8.33,0.01,24,19992,买盘
2708,11:02:51,8.32,-0.01,117,97344,卖盘
2709,11:02:48,8.33,0.01,143,119119,买盘
2710,11:02:45,8.32,-0.01,85,70720,卖盘
2711,11:02:42,8.33,--,101,84133,买盘
2712,11:02:39,8.33,0.01,51,42483,买盘
2713,11:02:36,8.32,--,50,41600,卖盘
2714,11:02:27,8.32,--,161,133952,卖盘
2715,11:02:24,8.32,--,30,24960,卖盘
2716,11:02:21,8.32,--,9,7488,卖盘
2717,11:02:18,8.32,-0.01,112,93184,卖盘
2718,11:02:15,8.33,0.01,57,47481,买盘
2719,11:02:12,8.32,--,2,1664,卖盘
2720,11:02:09,8.32,--,1,832,卖盘
2721,11:02:06,8.32,--,337,280384,卖盘
2722,11:02:03,8.32,--,5,4160,卖盘
2723,11:02:00,8.32,--,5,4160,卖盘
2724,11:01:57,8.32,--,5,4160,卖盘
2725,11:01:54,8.32,-0.01,111,92352,卖盘
2726,11:01:51,8.33,--,400,333200,买盘
2727,11:01:48,8.33,--,20,16660,买盘
2728,11:01:45,8.33,0.01,109,90797,买盘
2729,11:01:42,8.32,-0.01,53,44096,卖盘
2730,11:01:39,8.33,--,60,49980,卖盘
2731,11:01:36,8.33,0.01,91,75803,买盘
2732,11:01:33,8.32,-0.01,92,76544,卖盘
2733,11:01:30,8.33,0.01,39,32487,买盘
2734,11:01:27,8.32,-0.01,6,4992,卖盘
2735,11:01:24,8.33,0.01,56,46648,买盘
2736,11:01:21,8.32,-0.01,126,104832,卖盘
2737,11:01:18,8.33,--,1010,841330,买盘
2738,11:01:15,8.33,--,16,13328,买盘
2739,11:01:12,8.33,0.01,5,4165,买盘
2740,11:01:09,8.32,-0.01,110,91520,卖盘
2741,11:01:06,8.33,--,15,12495,买盘
2742,11:01:03,8.33,0.01,10,8330,买盘
2743,11:01:00,8.32,-0.01,45,37440,卖盘
2744,11:00:57,8.33,-0.01,291,242403,卖盘
2745,11:00:54,8.34,0.01,285,237690,买盘
2746,11:00:51,8.33,--,71,59143,卖盘
2747,11:00:48,8.33,-0.01,63,52479,卖盘
2748,11:00:45,8.34,--,2,1668,买盘
2749,11:00:42,8.34,0.01,8,6672,买盘
2750,11:00:39,8.33,--,20,16660,卖盘
2751,11:00:36,8.33,--,238,198254,卖盘
2752,11:00:33,8.33,--,1518,1264494,买盘
2753,11:00:30,8.33,0.01,23,19159,买盘
2754,11:00:27,8.32,-0.01,104,86528,卖盘
2755,11:00:24,8.33,0.01,12,9996,买盘
2756,11:00:21,8.32,--,1,832,卖盘
2757,11:00:18,8.32,--,73,60736,卖盘
2758,11:00:15,8.32,--,137,113984,卖盘
2759,11:00:09,8.32,--,4,3328,卖盘
2760,11:00:06,8.32,--,100,83200,卖盘
2761,11:00:03,8.32,--,575,478400,卖盘
2762,11:00:00,8.32,-0.01,5,4160,卖盘
2763,10:59:54,8.33,0.01,59,49147,买盘
2764,10:59:51,8.32,--,73,60736,卖盘
2765,10:59:45,8.32,--,2,1664,卖盘
2766,10:59:42,8.32,--,157,130624,卖盘
2767,10:59:39,8.32,--,7,5824,卖盘
2768,10:59:36,8.32,--,33,27456,卖盘
2769,10:59:30,8.32,--,81,67392,卖盘
2770,10:59:27,8.32,-0.01,22,18304,卖盘
2771,10:59:24,8.33,0.01,12,9996,买盘
2772,10:59:21,8.32,--,53,44096,卖盘
2773,10:59:18,8.32,--,16,13312,卖盘
2774,10:59:15,8.32,--,133,110988,买盘
2775,10:59:12,8.32,0.01,621,516672,买盘
2776,10:59:09,8.31,--,53,44043,卖盘
2777,10:59:06,8.31,-0.01,203,168693,卖盘
2778,10:59:03,8.32,--,35,29120,买盘
2779,10:59:00,8.32,--,13,10816,买盘
2780,10:58:57,8.32,--,323,268736,买盘
2781,10:58:54,8.32,0.01,80,66560,买盘
2782,10:58:51,8.31,--,1,831,卖盘
2783,10:58:48,8.31,-0.01,50,41550,卖盘
2784,10:58:45,8.32,0.01,22,18304,买盘
2785,10:58:42,8.31,-0.01,24,19944,卖盘
2786,10:58:39,8.32,0.01,3,2496,买盘
2787,10:58:36,8.31,--,65,54015,卖盘
2788,10:58:33,8.31,-0.01,125,103875,卖盘
2789,10:58:30,8.32,--,58,48256,买盘
2790,10:58:27,8.32,0.01,12,9984,买盘
2791,10:58:24,8.31,0.01,131,108861,买盘
2792,10:58:21,8.3,--,79,65570,卖盘
2793,10:58:18,8.3,-0.01,91,75530,卖盘
2794,10:58:15,8.31,--,120,99720,买盘
2795,10:58:09,8.31,--,1,831,买盘
2796,10:58:06,8.31,--,44,36564,卖盘
2797,10:58:03,8.31,--,72,59832,卖盘
2798,10:58:00,8.31,--,6,4986,卖盘
2799,10:57:57,8.31,--,2,1662,卖盘
2800,10:57:54,8.31,--,83,68973,卖盘
2801,10:57:51,8.31,--,59,49029,卖盘
2802,10:57:48,8.31,0.01,29,24099,买盘
2803,10:57:45,8.3,--,31,25730,卖盘
2804,10:57:42,8.3,-0.01,46,38180,卖盘
2805,10:57:39,8.31,0.01,2,1662,买盘
2806,10:57:36,8.3,-0.01,68,56440,卖盘
2807,10:57:33,8.31,--,11,9141,卖盘
2808,10:57:30,8.31,--,56,46536,卖盘
2809,10:57:24,8.31,0.01,13,10803,买盘
2810,10:57:21,8.3,-0.02,16,13280,卖盘
2811,10:57:18,8.32,0.01,47,39104,买盘
2812,10:57:15,8.31,--,10,8310,卖盘
2813,10:57:12,8.31,0.01,2,1662,中性盘
2814,10:57:09,8.3,-0.01,52,43160,卖盘
2815,10:57:06,8.31,--,10,8310,卖盘
2816,10:57:03,8.31,--,11,9141,卖盘
2817,10:57:00,8.31,--,40,33240,卖盘
2818,10:56:57,8.31,--,59,49029,卖盘
2819,10:56:54,8.31,0.01,32,26592,买盘
2820,10:56:51,8.3,--,68,56440,卖盘
2821,10:56:45,8.3,-0.01,62,51460,卖盘
2822,10:56:42,8.31,--,22,18282,买盘
2823,10:56:39,8.31,0.01,51,42381,买盘
2824,10:56:36,8.3,-0.01,92,76360,卖盘
2825,10:56:33,8.31,0.01,35,29085,买盘
2826,10:56:30,8.3,-0.01,19,15770,卖盘
2827,10:56:24,8.31,--,173,143763,买盘
2828,10:56:15,8.31,--,23,19113,买盘
2829,10:56:12,8.31,--,72,59832,买盘
2830,10:56:09,8.31,0.01,56,46536,买盘
2831,10:56:06,8.3,--,98,81340,卖盘
2832,10:56:03,8.3,-0.01,50,41500,卖盘
2833,10:56:00,8.31,--,15,12465,买盘
