,time,price,change,volume,amount,type
0,15:00:03,7.01,--,7335,5141835,中性盘
1,14:57:00,7.01,-0.01,109,76409,中性盘
2,14:56:57,7.02,0.01,318,223236,买盘
3,14:56:54,7.01,--,40,28040,买盘
4,14:56:51,7.01,-0.01,418,293571,卖盘
5,14:56:48,7.02,0.01,82,58125,买盘
6,14:56:45,7.01,--,435,304935,卖盘
7,14:56:42,7.01,--,39,27339,卖盘
8,14:56:39,7.01,--,721,505421,卖盘
9,14:56:36,7.01,--,6,4206,卖盘
10,14:56:33,7.01,--,25,17525,卖盘
11,14:56:30,7.01,--,287,201187,卖盘
12,14:56:27,7.01,--,759,532059,卖盘
13,14:56:24,7.01,--,45,31545,卖盘
14,14:56:21,7.01,-0.01,110,77397,卖盘
15,14:56:18,7.02,0.01,1468,1030535,买盘
16,14:56:15,7.01,--,94,65894,卖盘
17,14:56:12,7.01,--,50,35050,卖盘
18,14:56:09,7.01,--,616,431816,卖盘
19,14:56:06,7.01,--,29,20329,卖盘
20,14:56:03,7.01,--,1016,712216,卖盘
21,14:56:00,7.01,--,28,19628,卖盘
22,14:55:57,7.01,--,1,701,卖盘
23,14:55:54,7.01,--,25,17525,卖盘
24,14:55:51,7.01,--,86,60286,卖盘
25,14:55:48,7.01,-0.01,60,42060,卖盘
26,14:55:45,7.02,0.01,68,47736,买盘
27,14:55:42,7.01,--,3,2103,卖盘
28,14:55:39,7.01,-0.01,66,46266,卖盘
29,14:55:36,7.02,0.01,64,44928,买盘
30,14:55:30,7.01,--,20,14020,卖盘
31,14:55:27,7.01,-0.01,10,7010,卖盘
32,14:55:24,7.02,0.01,153,107406,买盘
33,14:55:21,7.01,--,134,93934,卖盘
34,14:55:18,7.01,--,550,385550,卖盘
35,14:55:15,7.01,-0.01,46,32246,卖盘
36,14:55:12,7.02,0.01,34,23868,买盘
37,14:55:09,7.01,-0.01,13,9113,卖盘
38,14:55:06,7.02,0.01,75,52650,买盘
39,14:55:03,7.01,-0.01,21,14721,中性盘
40,14:55:00,7.02,--,3554,2494908,买盘
41,14:54:57,7.02,--,229,160758,买盘
42,14:54:54,7.02,0.01,266,186732,买盘
43,14:54:51,7.01,-0.01,40,28040,卖盘
44,14:54:48,7.02,--,23,16145,买盘
45,14:54:45,7.02,--,138,96876,买盘
46,14:54:42,7.02,--,82,57564,买盘
47,14:54:39,7.02,--,81,56862,买盘
48,14:54:36,7.02,--,60,42120,买盘
49,14:54:33,7.02,--,113,79326,买盘
50,14:54:30,7.02,-0.01,2745,1927481,卖盘
51,14:54:27,7.03,--,3,2109,买盘
52,14:54:24,7.03,--,35,24605,买盘
53,14:54:21,7.03,--,519,364885,买盘
54,14:54:18,7.03,0.01,54,37962,买盘
55,14:54:15,7.02,-0.01,100,70200,卖盘
56,14:54:12,7.03,0.01,22,15466,买盘
57,14:54:09,7.02,--,31,21762,卖盘
58,14:54:06,7.02,--,10,7020,卖盘
59,14:54:03,7.02,--,5,3510,卖盘
60,14:54:00,7.02,-0.01,27,19136,卖盘
61,14:53:57,7.03,--,106,74518,买盘
62,14:53:54,7.03,0.01,19,13357,买盘
63,14:53:51,7.02,--,393,275886,卖盘
64,14:53:48,7.02,--,131,91962,卖盘
65,14:53:45,7.02,--,453,318006,买盘
66,14:53:42,7.02,--,6,4212,买盘
67,14:53:39,7.02,0.01,75,52650,买盘
68,14:53:36,7.01,-0.01,731,512431,卖盘
69,14:53:33,7.02,--,206,144612,卖盘
70,14:53:30,7.02,--,115,80730,卖盘
71,14:53:27,7.02,--,624,438048,卖盘
72,14:53:21,7.02,--,45,31589,卖盘
73,14:53:18,7.02,--,350,245699,卖盘
74,14:53:15,7.02,--,107,75114,卖盘
75,14:53:12,7.02,--,237,166374,卖盘
76,14:53:09,7.02,--,594,416988,买盘
77,14:53:06,7.02,--,5,3510,买盘
78,14:53:03,7.02,--,167,117234,卖盘
79,14:53:00,7.02,--,97,68094,卖盘
80,14:52:57,7.02,--,160,112320,卖盘
81,14:52:54,7.02,--,54,37908,卖盘
82,14:52:51,7.02,--,40,28080,卖盘
83,14:52:45,7.02,--,59,41418,卖盘
84,14:52:42,7.02,--,161,113022,卖盘
85,14:52:39,7.02,--,203,142506,卖盘
86,14:52:36,7.02,--,1887,1324674,买盘
87,14:52:33,7.02,0.01,117,82134,买盘
88,14:52:30,7.01,-0.01,154,107954,卖盘
89,14:52:27,7.02,--,94,65988,买盘
90,14:52:24,7.02,--,38,26676,买盘
91,14:52:21,7.02,--,84,58968,买盘
92,14:52:18,7.02,--,3,2106,买盘
93,14:52:15,7.02,0.01,81,56862,买盘
94,14:52:12,7.01,--,570,399570,卖盘
95,14:52:09,7.01,-0.01,49,34349,卖盘
96,14:52:06,7.02,--,65,45630,买盘
97,14:52:03,7.02,0.01,396,277992,买盘
98,14:52:00,7.01,-0.01,302,211702,卖盘
99,14:51:57,7.02,0.01,10,7020,买盘
100,14:51:54,7.01,-0.01,57,39957,卖盘
101,14:51:51,7.02,--,60,42120,买盘
102,14:51:48,7.02,--,2,1404,买盘
103,14:51:45,7.02,0.01,20,14040,买盘
104,14:51:42,7.01,-0.01,232,162632,卖盘
105,14:51:36,7.02,--,25,17550,买盘
106,14:51:33,7.02,--,93,65285,买盘
107,14:51:30,7.02,--,2,1404,买盘
108,14:51:27,7.02,-0.01,526,369252,卖盘
109,14:51:24,7.03,0.01,33,23199,买盘
110,14:51:21,7.02,--,138,96876,卖盘
111,14:51:15,7.02,-0.01,131,91962,卖盘
112,14:51:12,7.03,0.01,398,279794,买盘
113,14:51:09,7.02,--,238,167076,卖盘
114,14:51:06,7.02,--,1,702,卖盘
115,14:51:03,7.02,--,49,34398,卖盘
116,14:51:00,7.02,-0.01,9,6318,卖盘
117,14:50:57,7.03,0.01,125,87875,买盘
118,14:50:54,7.02,--,5,3510,卖盘
119,14:50:51,7.02,--,9,6318,卖盘
120,14:50:45,7.02,0.01,1164,817128,买盘
121,14:50:42,7.01,-0.01,422,295822,卖盘
122,14:50:39,7.02,--,272,190944,买盘
123,14:50:36,7.02,--,10,7020,买盘
124,14:50:33,7.02,--,17,11934,买盘
125,14:50:30,7.02,--,60,42120,买盘
126,14:50:27,7.02,0.01,5,3510,买盘
127,14:50:24,7.01,-0.01,200,140200,卖盘
128,14:50:21,7.02,--,26,18252,买盘
129,14:50:15,7.02,0.01,220,154440,买盘
130,14:50:12,7.01,-0.01,343,240443,卖盘
131,14:50:09,7.02,0.01,20,14040,买盘
132,14:50:06,7.01,--,144,100944,卖盘
133,14:50:03,7.01,--,35,24535,卖盘
134,14:50:00,7.01,--,24,16824,卖盘
135,14:49:57,7.01,--,47,32947,卖盘
136,14:49:54,7.01,--,1205,844705,卖盘
137,14:49:51,7.01,-0.01,101,70801,卖盘
138,14:49:48,7.02,--,78,54756,买盘
139,14:49:45,7.02,--,3,2106,买盘
140,14:49:42,7.02,0.01,404,283608,买盘
141,14:49:39,7.01,--,37,25937,卖盘
142,14:49:36,7.01,-0.01,8,5608,卖盘
143,14:49:33,7.02,0.01,202,141804,买盘
144,14:49:30,7.01,--,209,146509,卖盘
145,14:49:27,7.01,-0.01,9,6309,卖盘
146,14:49:24,7.02,0.01,5,3510,买盘
147,14:49:21,7.01,--,367,257267,卖盘
148,14:49:18,7.01,-0.01,477,334377,卖盘
149,14:49:15,7.02,0.01,623,437346,买盘
150,14:49:12,7.01,-0.01,314,220114,卖盘
151,14:49:09,7.02,--,37,25974,买盘
152,14:49:06,7.02,--,264,185328,买盘
153,14:49:03,7.02,--,34,23868,买盘
154,14:49:00,7.02,0.01,54,37908,买盘
155,14:48:57,7.01,--,42,29442,卖盘
156,14:48:54,7.01,-0.01,39,27339,卖盘
157,14:48:51,7.02,--,40,28080,买盘
158,14:48:48,7.02,0.01,13,9126,买盘
159,14:48:45,7.01,--,51,35751,卖盘
160,14:48:42,7.01,-0.01,81,56781,卖盘
161,14:48:39,7.02,0.01,158,110916,买盘
162,14:48:36,7.01,-0.01,78,54678,卖盘
163,14:48:33,7.02,--,812,570024,买盘
164,14:48:30,7.02,--,33,23166,买盘
165,14:48:24,7.02,0.01,318,223236,买盘
166,14:48:21,7.01,--,2,1402,卖盘
167,14:48:18,7.01,-0.01,1,701,卖盘
168,14:48:15,7.02,0.01,115,80730,买盘
169,14:48:12,7.01,--,535,375035,卖盘
170,14:48:09,7.01,-0.01,129,90429,卖盘
171,14:48:06,7.02,--,101,70902,买盘
172,14:48:03,7.02,0.01,57,40014,买盘
173,14:48:00,7.01,-0.01,83,58183,卖盘
174,14:47:57,7.02,--,164,115128,买盘
175,14:47:54,7.02,--,29,20358,买盘
176,14:47:51,7.02,--,61,42822,买盘
177,14:47:45,7.02,--,24,16848,买盘
178,14:47:42,7.02,--,1232,864864,卖盘
179,14:47:39,7.02,-0.01,6,4212,卖盘
180,14:47:36,7.03,--,89,62567,买盘
181,14:47:33,7.03,0.01,21,14763,买盘
182,14:47:30,7.02,-0.01,4,2808,卖盘
183,14:47:27,7.03,0.01,25,17575,买盘
184,14:47:21,7.02,-0.01,20,14040,卖盘
185,14:47:18,7.03,0.01,364,255892,买盘
186,14:47:15,7.02,-0.01,1,702,卖盘
187,14:47:12,7.03,--,100,70300,买盘
188,14:47:09,7.03,--,37,26011,买盘
189,14:47:06,7.03,0.01,172,120916,买盘
190,14:47:03,7.02,--,251,176202,卖盘
191,14:47:00,7.02,--,35,24570,卖盘
192,14:46:57,7.02,-0.01,43,30747,卖盘
193,14:46:54,7.03,0.01,198,139194,买盘
194,14:46:51,7.02,--,15,10530,卖盘
195,14:46:48,7.02,-0.01,57,40014,卖盘
196,14:46:45,7.03,--,318,223554,买盘
197,14:46:42,7.03,0.01,154,108262,买盘
198,14:46:39,7.02,--,17,11934,卖盘
199,14:46:36,7.02,-0.01,86,60371,卖盘
200,14:46:33,7.03,0.01,98,68894,买盘
201,14:46:30,7.02,-0.01,83,58266,卖盘
202,14:46:27,7.03,--,55,38665,买盘
203,14:46:24,7.03,0.01,10,7030,买盘
204,14:46:21,7.02,--,1,702,卖盘
205,14:46:18,7.02,--,617,433134,卖盘
206,14:46:15,7.02,--,292,204984,卖盘
207,14:46:12,7.02,--,31,21762,卖盘
208,14:46:09,7.02,-0.01,36,25272,卖盘
209,14:46:06,7.03,0.01,72,50616,买盘
210,14:46:03,7.02,--,63,44226,卖盘
211,14:46:00,7.02,-0.01,253,177606,卖盘
212,14:45:57,7.03,0.01,58,40774,买盘
213,14:45:48,7.02,-0.01,5,3510,卖盘
214,14:45:45,7.03,0.01,12,8436,买盘
215,14:45:42,7.02,--,209,146718,卖盘
216,14:45:36,7.02,--,64,44928,卖盘
217,14:45:33,7.02,--,72,50544,卖盘
218,14:45:30,7.02,--,23,16145,卖盘
219,14:45:24,7.02,0.01,325,228150,买盘
220,14:45:21,7.01,-0.01,10,7010,卖盘
221,14:45:18,7.02,--,32,22464,买盘
222,14:45:15,7.02,--,20,14040,买盘
223,14:45:12,7.02,--,397,278694,卖盘
224,14:45:09,7.02,--,129,90558,卖盘
225,14:45:06,7.02,--,219,153738,卖盘
226,14:45:03,7.02,--,208,146016,卖盘
227,14:45:00,7.02,--,40,28080,卖盘
228,14:44:57,7.02,--,110,77220,卖盘
229,14:44:54,7.02,--,2,1404,卖盘
230,14:44:51,7.02,--,215,150930,卖盘
231,14:44:48,7.02,--,124,87048,买盘
232,14:44:45,7.02,--,103,72306,买盘
233,14:44:42,7.02,--,36,25272,买盘
234,14:44:39,7.02,--,61,42822,买盘
235,14:44:36,7.02,0.01,5,3510,买盘
236,14:44:33,7.01,-0.01,531,372231,卖盘
237,14:44:30,7.02,0.01,96,67392,买盘
238,14:44:27,7.01,-0.01,11,7711,卖盘
239,14:44:24,7.02,0.01,15,10530,买盘
240,14:44:21,7.01,-0.01,32,22432,卖盘
241,14:44:18,7.02,0.01,349,244997,买盘
242,14:44:15,7.01,-0.01,421,295121,卖盘
243,14:44:12,7.02,0.01,6,4212,买盘
244,14:44:09,7.01,-0.01,2,1402,卖盘
245,14:44:06,7.02,--,70,49140,买盘
246,14:44:03,7.02,--,118,82836,买盘
247,14:43:57,7.02,--,375,263250,卖盘
248,14:43:54,7.02,--,479,336258,卖盘
249,14:43:51,7.02,--,10,7020,卖盘
250,14:43:45,7.02,--,270,189540,卖盘
251,14:43:42,7.02,-0.01,11,7721,卖盘
252,14:43:39,7.03,0.01,300,210900,买盘
253,14:43:36,7.02,--,11,7721,卖盘
254,14:43:33,7.02,--,103,72306,卖盘
255,14:43:30,7.02,--,23,16145,卖盘
256,14:43:27,7.02,-0.01,52,36504,卖盘
257,14:43:24,7.03,--,521,366263,买盘
258,14:43:21,7.03,--,97,68191,买盘
259,14:43:18,7.03,--,103,72409,买盘
260,14:43:15,7.03,0.01,27,18981,买盘
261,14:43:12,7.02,-0.01,494,346788,卖盘
262,14:43:09,7.03,0.01,161,113183,买盘
263,14:43:06,7.02,-0.01,552,387784,卖盘
264,14:43:03,7.03,--,132,92796,卖盘
265,14:43:00,7.03,--,29,20387,卖盘
266,14:42:57,7.03,--,3,2109,卖盘
267,14:42:54,7.03,--,151,106153,卖盘
268,14:42:51,7.03,--,908,638324,卖盘
269,14:42:48,7.03,--,10,7030,卖盘
270,14:42:45,7.03,--,57,40071,卖盘
271,14:42:42,7.03,--,304,213712,卖盘
272,14:42:39,7.03,--,621,436563,卖盘
273,14:42:33,7.03,--,127,89281,卖盘
274,14:42:30,7.03,--,16,11248,卖盘
275,14:42:27,7.03,-0.01,20,14060,卖盘
276,14:42:24,7.04,0.01,2042,1437568,买盘
277,14:42:21,7.03,--,9,6327,卖盘
278,14:42:18,7.03,-0.01,297,208791,卖盘
279,14:42:15,7.04,0.01,5,3520,买盘
280,14:42:12,7.03,-0.01,17,11951,卖盘
281,14:42:09,7.04,--,35,24640,买盘
282,14:42:06,7.04,0.01,7,4928,买盘
283,14:42:03,7.03,-0.01,698,490694,卖盘
284,14:42:00,7.04,--,48,33792,买盘
285,14:41:57,7.04,--,159,111936,卖盘
286,14:41:54,7.04,--,20,14080,卖盘
287,14:41:51,7.04,--,14,9856,买盘
288,14:41:48,7.04,--,100,70400,买盘
289,14:41:45,7.04,--,483,340032,买盘
290,14:41:42,7.04,--,244,171776,买盘
291,14:41:39,7.04,--,45,31680,买盘
292,14:41:36,7.04,0.01,618,435072,买盘
293,14:41:33,7.03,--,92,64676,卖盘
294,14:41:30,7.03,--,45,31635,卖盘
295,14:41:27,7.03,--,355,249565,卖盘
296,14:41:24,7.03,--,46,32338,卖盘
297,14:41:21,7.03,-0.01,139,97717,卖盘
298,14:41:18,7.04,0.01,241,169664,买盘
299,14:41:15,7.03,-0.01,65,45695,卖盘
300,14:41:12,7.04,0.01,14,9856,买盘
301,14:41:06,7.03,--,27,18981,卖盘
302,14:41:03,7.03,-0.01,127,89281,卖盘
303,14:41:00,7.04,--,120,84480,买盘
304,14:40:57,7.04,0.01,76,53504,买盘
305,14:40:54,7.03,--,6,4218,卖盘
306,14:40:51,7.03,--,10,7030,卖盘
307,14:40:48,7.03,-0.01,2830,1989911,卖盘
308,14:40:45,7.04,--,171,120384,卖盘
309,14:40:42,7.04,--,292,205568,卖盘
310,14:40:39,7.04,--,20,14080,卖盘
311,14:40:36,7.04,--,306,215424,卖盘
312,14:40:33,7.04,-0.01,100,70400,卖盘
313,14:40:30,7.05,0.01,88,62040,买盘
314,14:40:27,7.04,-0.01,180,126720,卖盘
315,14:40:24,7.05,0.01,3,2115,买盘
316,14:40:21,7.04,-0.01,1,704,卖盘
317,14:40:18,7.05,--,1306,921012,卖盘
318,14:40:15,7.05,--,825,581625,卖盘
319,14:40:12,7.05,--,1071,755055,卖盘
320,14:40:09,7.05,--,10,7050,卖盘
321,14:40:06,7.05,--,162,114210,卖盘
322,14:40:03,7.05,--,756,532980,卖盘
323,14:40:00,7.05,--,127,89535,卖盘
324,14:39:57,7.05,-0.01,64,45120,卖盘
325,14:39:54,7.06,0.01,650,458900,买盘
326,14:39:51,7.05,--,106,74730,卖盘
327,14:39:48,7.05,-0.01,105,74025,卖盘
328,14:39:45,7.06,--,294,207564,买盘
329,14:39:42,7.06,0.01,78,55068,买盘
330,14:39:39,7.05,-0.01,8,5640,卖盘
331,14:39:36,7.06,0.01,190,134140,买盘
332,14:39:33,7.05,-0.01,65,45825,卖盘
333,14:39:30,7.06,--,95,67070,买盘
334,14:39:27,7.06,0.01,77,54362,买盘
335,14:39:24,7.05,-0.01,89,62745,卖盘
336,14:39:21,7.06,0.01,72,50832,买盘
337,14:39:18,7.05,--,36,25380,卖盘
338,14:39:15,7.05,-0.01,479,337695,卖盘
339,14:39:12,7.06,0.01,1406,992636,买盘
340,14:39:09,7.05,-0.01,261,184005,卖盘
341,14:39:06,7.06,--,185,130610,买盘
342,14:39:03,7.06,0.01,811,572566,买盘
343,14:39:00,7.05,-0.01,206,145230,卖盘
344,14:38:57,7.06,0.01,302,213212,买盘
345,14:38:54,7.05,-0.01,144,101520,卖盘
346,14:38:51,7.06,0.01,214,151084,买盘
347,14:38:48,7.05,--,449,316545,卖盘
348,14:38:45,7.05,--,190,133950,卖盘
349,14:38:42,7.05,--,576,406080,卖盘
350,14:38:39,7.05,--,4819,3397818,买盘
351,14:38:36,7.05,--,6,4230,买盘
352,14:38:33,7.05,0.01,156,109980,买盘
353,14:38:30,7.04,-0.01,167,117568,卖盘
354,14:38:27,7.05,0.01,363,255915,买盘
355,14:38:24,7.04,--,38,26752,卖盘
356,14:38:21,7.04,--,39,27456,卖盘
357,14:38:18,7.04,--,223,156992,卖盘
358,14:38:15,7.04,--,9110,6413440,卖盘
359,14:38:12,7.04,--,783,551232,卖盘
360,14:38:09,7.04,-0.01,519,365376,卖盘
361,14:38:06,7.05,0.01,954,672570,买盘
362,14:38:03,7.04,--,313,220352,卖盘
363,14:38:00,7.04,-0.01,95,66880,卖盘
364,14:37:57,7.05,0.01,27,19035,买盘
365,14:37:54,7.04,--,157,110528,卖盘
366,14:37:51,7.04,--,16,11264,卖盘
367,14:37:48,7.04,--,20,14080,卖盘
368,14:37:45,7.04,--,849,597696,卖盘
369,14:37:42,7.04,-0.01,100,70400,卖盘
370,14:37:39,7.05,0.01,517,364485,买盘
371,14:37:36,7.04,--,4186,2946944,买盘
372,14:37:33,7.04,--,312,219648,卖盘
373,14:37:30,7.04,--,165,116160,卖盘
374,14:37:27,7.04,--,886,623744,卖盘
375,14:37:24,7.04,-0.01,650,457600,买盘
376,14:37:21,7.05,0.02,520,366600,买盘
377,14:37:18,7.03,-0.02,356,250268,卖盘
378,14:37:15,7.05,0.01,554,391134,买盘
379,14:37:12,7.04,--,510,359040,卖盘
380,14:37:09,7.04,--,1828,1287052,卖盘
381,14:37:06,7.04,--,29,20416,卖盘
382,14:37:03,7.04,--,312,219648,卖盘
383,14:37:00,7.04,-0.01,247,173888,卖盘
384,14:36:57,7.05,--,168,118440,买盘
385,14:36:54,7.05,0.01,314,221370,买盘
386,14:36:51,7.04,--,419,294976,卖盘
387,14:36:48,7.04,-0.01,398,280192,卖盘
388,14:36:45,7.05,0.01,106,74730,买盘
389,14:36:42,7.04,-0.01,69,48576,卖盘
390,14:36:39,7.05,--,63,44415,买盘
391,14:36:36,7.05,--,103,72615,买盘
392,14:36:33,7.05,--,66,46530,买盘
393,14:36:30,7.05,--,209,147345,买盘
394,14:36:27,7.05,0.01,415,292575,买盘
395,14:36:24,7.04,--,72,50688,卖盘
396,14:36:21,7.04,--,174,122496,买盘
397,14:36:18,7.04,-0.01,195,137280,卖盘
398,14:36:15,7.05,0.01,1880,1325400,买盘
399,14:36:12,7.04,-0.01,410,288640,卖盘
400,14:36:09,7.05,0.01,540,380700,买盘
401,14:36:06,7.04,--,1076,757504,卖盘
402,14:36:03,7.04,-0.01,14,9856,卖盘
403,14:36:00,7.05,--,352,248160,买盘
404,14:35:57,7.05,--,50,35250,买盘
405,14:35:54,7.05,0.01,649,457545,买盘
406,14:35:51,7.04,--,127,89408,卖盘
407,14:35:48,7.04,--,342,240768,卖盘
408,14:35:45,7.04,--,421,296384,卖盘
409,14:35:42,7.04,--,416,292864,卖盘
410,14:35:39,7.04,--,1963,1381952,卖盘
411,14:35:36,7.04,--,1172,825088,买盘
412,14:35:33,7.04,--,364,256256,卖盘
413,14:35:30,7.04,-0.01,226,159104,卖盘
414,14:35:27,7.05,0.01,144,101520,买盘
415,14:35:24,7.04,--,70,49280,买盘
416,14:35:21,7.04,-0.01,866,609664,卖盘
417,14:35:18,7.05,0.01,5444,3838020,买盘
418,14:35:15,7.04,--,847,596288,买盘
419,14:35:12,7.04,--,100,70400,买盘
420,14:35:09,7.04,--,128,90112,买盘
421,14:35:06,7.04,--,2,1408,买盘
422,14:35:03,7.04,--,231,162624,卖盘
423,14:35:00,7.04,0.01,2,1408,中性盘
424,14:34:57,7.03,-0.01,4983,3503049,卖盘
425,14:34:54,7.04,--,306,215424,买盘
426,14:34:51,7.04,--,23,16192,买盘
427,14:34:48,7.04,--,217,152768,买盘
428,14:34:45,7.04,--,753,530112,买盘
429,14:34:42,7.04,--,137,96448,买盘
430,14:34:39,7.04,--,533,375232,买盘
431,14:34:36,7.04,--,488,343552,买盘
432,14:34:33,7.04,--,158,111232,买盘
433,14:34:30,7.04,--,227,159808,买盘
434,14:34:27,7.04,--,291,204864,买盘
435,14:34:24,7.04,--,174,122496,买盘
436,14:34:21,7.04,--,37,26048,买盘
437,14:34:18,7.04,--,975,686400,买盘
438,14:34:15,7.04,--,175,123200,买盘
439,14:34:12,7.04,--,223,156992,买盘
440,14:34:09,7.04,0.01,532,374528,买盘
441,14:34:06,7.03,-0.01,337,236911,卖盘
442,14:34:03,7.04,--,378,266112,买盘
443,14:34:00,7.04,--,156,109824,买盘
444,14:33:57,7.04,--,499,351296,买盘
445,14:33:54,7.04,--,238,167552,买盘
446,14:33:51,7.04,--,820,577280,买盘
447,14:33:48,7.04,--,185,130240,买盘
448,14:33:45,7.04,--,4920,3463680,卖盘
449,14:33:42,7.04,-0.01,1185,834240,卖盘
450,14:33:39,7.05,0.01,1786,1259130,买盘
451,14:33:36,7.04,-0.01,51,35904,卖盘
452,14:33:33,7.05,--,1373,967965,买盘
453,14:33:30,7.05,0.01,257,181185,买盘
454,14:33:27,7.04,-0.01,133,93632,卖盘
455,14:33:24,7.05,0.01,727,512535,买盘
456,14:33:21,7.04,--,274,192896,卖盘
457,14:33:18,7.04,-0.01,249,175296,卖盘
458,14:33:15,7.05,0.02,433,305265,买盘
459,14:33:12,7.03,-0.02,1043,733229,卖盘
460,14:33:09,7.05,0.01,398,280590,买盘
461,14:33:06,7.04,--,2873,2022592,卖盘
462,14:33:03,7.04,--,5567,3919168,买盘
463,14:33:00,7.04,0.01,1076,757504,买盘
464,14:32:57,7.03,-0.01,1115,783845,卖盘
465,14:32:54,7.04,--,3209,2259136,买盘
466,14:32:51,7.04,0.01,182,128128,买盘
467,14:32:48,7.03,-0.01,228,160284,卖盘
468,14:32:45,7.04,--,718,505472,买盘
469,14:32:42,7.04,--,1254,882816,买盘
470,14:32:39,7.04,0.01,433,304832,买盘
471,14:32:36,7.03,-0.01,503,353609,卖盘
472,14:32:33,7.04,0.01,872,613888,买盘
473,14:32:30,7.03,--,723,508269,买盘
474,14:32:27,7.03,-0.01,540,379620,卖盘
475,14:32:24,7.04,0.01,843,593472,买盘
476,14:32:21,7.03,--,1902,1337106,卖盘
477,14:32:18,7.03,--,72,50616,卖盘
478,14:32:15,7.03,--,30,21090,卖盘
479,14:32:12,7.03,--,8663,6090089,买盘
480,14:32:09,7.03,0.01,3073,2160319,买盘
481,14:32:06,7.02,-0.01,1169,820638,卖盘
482,14:32:03,7.03,--,2126,1494578,买盘
483,14:32:00,7.03,0.01,189,132867,买盘
484,14:31:57,7.02,--,4637,3255833,买盘
485,14:31:54,7.02,--,243,170586,买盘
486,14:31:51,7.02,--,148,103896,买盘
487,14:31:48,7.02,--,41,28782,买盘
488,14:31:42,7.02,0.01,788,553176,买盘
489,14:31:39,7.01,--,239,167539,卖盘
490,14:31:36,7.01,--,47,32947,卖盘
491,14:31:33,7.01,--,9,6309,卖盘
492,14:31:30,7.01,-0.01,34,23834,卖盘
493,14:31:27,7.02,--,284,199368,买盘
494,14:31:24,7.02,0.01,712,499823,买盘
495,14:31:21,7.01,--,23,16123,卖盘
496,14:31:18,7.01,--,213,149313,卖盘
497,14:31:15,7.01,-0.01,106,74306,卖盘
498,14:31:12,7.02,0.01,48,33696,买盘
499,14:31:09,7.01,--,647,453547,卖盘
500,14:31:06,7.01,-0.01,4790,3357790,卖盘
501,14:31:03,7.02,--,5,3510,买盘
502,14:31:00,7.02,0.01,48,33696,买盘
503,14:30:57,7.01,-0.01,102,71502,卖盘
504,14:30:54,7.02,0.01,165,115830,买盘
505,14:30:51,7.01,--,2,1402,卖盘
506,14:30:45,7.01,-0.01,168,117768,卖盘
507,14:30:42,7.02,0.01,247,173394,买盘
508,14:30:39,7.01,--,45,31545,卖盘
509,14:30:36,7.01,-0.01,3,2103,卖盘
510,14:30:33,7.02,--,300,210600,买盘
511,14:30:30,7.02,0.01,227,159354,买盘
512,14:30:27,7.01,-0.01,75,52575,卖盘
513,14:30:24,7.02,0.01,44,30887,买盘
514,14:30:21,7.01,--,180,126180,卖盘
515,14:30:18,7.01,-0.01,10,7010,卖盘
516,14:30:15,7.02,0.01,86,60371,买盘
517,14:30:12,7.01,--,175,122675,卖盘
518,14:30:09,7.01,--,15,10515,卖盘
519,14:30:06,7.01,-0.01,62,43462,卖盘
520,14:30:03,7.02,0.01,62,43524,买盘
521,14:30:00,7.01,--,679,475979,卖盘
522,14:29:57,7.01,--,1038,727638,卖盘
523,14:29:54,7.01,--,10,7010,卖盘
524,14:29:51,7.01,-0.01,193,135293,买盘
525,14:29:48,7.02,0.01,306,214812,买盘
526,14:29:45,7.01,--,33,23133,买盘
527,14:29:42,7.01,--,316,221516,卖盘
528,14:29:39,7.01,-0.01,318,222918,卖盘
529,14:29:36,7.02,--,69,48438,买盘
530,14:29:33,7.02,0.01,106,74412,买盘
531,14:29:30,7.01,--,250,175250,卖盘
532,14:29:27,7.01,--,345,241845,卖盘
533,14:29:24,7.01,--,110,77110,卖盘
534,14:29:21,7.01,-0.01,10,7010,卖盘
535,14:29:18,7.02,--,9,6318,买盘
536,14:29:15,7.02,--,162,113724,买盘
537,14:29:12,7.02,0.01,51,35802,买盘
538,14:29:09,7.01,--,2047,1434947,卖盘
539,14:29:06,7.01,-0.01,181,126881,卖盘
540,14:29:03,7.02,0.01,130,91260,买盘
541,14:29:00,7.01,--,10,7010,卖盘
542,14:28:54,7.01,--,578,405178,卖盘
543,14:28:51,7.01,-0.01,9,6309,卖盘
544,14:28:48,7.02,--,10,7020,买盘
545,14:28:42,7.02,0.01,146,102492,买盘
546,14:28:39,7.01,--,3,2103,卖盘
547,14:28:36,7.01,-0.01,46,32246,卖盘
548,14:28:33,7.02,0.01,173,121445,买盘
549,14:28:30,7.01,-0.01,46,32246,卖盘
550,14:28:27,7.02,0.01,5,3510,买盘
551,14:28:24,7.01,--,79,55379,卖盘
552,14:28:21,7.01,-0.01,171,119871,卖盘
553,14:28:18,7.02,0.01,55,38610,买盘
554,14:28:12,7.01,--,74,51874,卖盘
555,14:28:09,7.01,--,188,131788,卖盘
556,14:28:06,7.01,--,58,40658,卖盘
557,14:28:03,7.01,--,18,12618,卖盘
558,14:28:00,7.01,-0.01,49,34349,卖盘
559,14:27:57,7.02,0.01,156,109512,买盘
560,14:27:54,7.01,--,1004,703804,买盘
561,14:27:51,7.01,--,89,62389,卖盘
562,14:27:48,7.01,--,614,430414,买盘
563,14:27:45,7.01,--,90,63090,买盘
564,14:27:42,7.01,--,587,411487,卖盘
565,14:27:39,7.01,-0.01,243,170343,卖盘
566,14:27:36,7.02,--,201,141102,买盘
567,14:27:33,7.02,0.01,24,16848,买盘
568,14:27:30,7.01,--,22,15422,卖盘
569,14:27:27,7.01,--,6,4206,卖盘
570,14:27:24,7.01,--,415,290915,卖盘
571,14:27:21,7.01,-0.01,13,9113,卖盘
572,14:27:15,7.02,0.01,300,210600,买盘
573,14:27:09,7.01,--,104,72904,卖盘
574,14:27:06,7.01,-0.01,106,74306,卖盘
575,14:27:03,7.02,--,152,106704,买盘
576,14:27:00,7.02,--,6,4212,买盘
577,14:26:57,7.02,0.01,746,523691,买盘
578,14:26:54,7.01,-0.01,94,65894,卖盘
579,14:26:51,7.02,0.01,197,138294,买盘
580,14:26:48,7.01,--,241,168941,卖盘
581,14:26:42,7.01,-0.01,126,88326,卖盘
582,14:26:39,7.02,--,39,27378,买盘
583,14:26:36,7.02,0.01,3,2106,买盘
584,14:26:30,7.01,--,218,152818,卖盘
585,14:26:27,7.01,-0.01,48,33648,卖盘
586,14:26:24,7.02,--,124,87048,买盘
587,14:26:21,7.02,--,23,16145,买盘
588,14:26:18,7.02,0.01,148,103896,买盘
589,14:26:15,7.01,--,81,56781,卖盘
590,14:26:12,7.01,--,68,47668,卖盘
591,14:26:09,7.01,-0.01,21,14721,卖盘
592,14:26:06,7.02,0.01,215,150930,买盘
593,14:26:03,7.01,-0.01,27,18927,卖盘
594,14:26:00,7.02,0.01,7,4914,买盘
595,14:25:57,7.01,--,167,117067,卖盘
596,14:25:54,7.01,--,156,109356,卖盘
597,14:25:51,7.01,--,3,2103,卖盘
598,14:25:48,7.01,-0.01,10,7010,卖盘
599,14:25:45,7.02,0.01,153,107406,买盘
600,14:25:42,7.01,--,189,132629,买盘
601,14:25:39,7.01,0.01,36,25236,买盘
602,14:25:36,7.0,-0.01,51,35700,卖盘
603,14:25:33,7.01,--,173,121273,买盘
604,14:25:30,7.01,--,674,472474,卖盘
605,14:25:27,7.01,--,209,146509,卖盘
606,14:25:24,7.01,--,238,166838,卖盘
607,14:25:21,7.01,--,52,36452,卖盘
608,14:25:18,7.01,--,47,32947,卖盘
609,14:25:15,7.01,--,52,36452,卖盘
610,14:25:12,7.01,--,212,148612,卖盘
611,14:25:09,7.01,--,3,2103,卖盘
612,14:25:06,7.01,--,15,10515,卖盘
613,14:25:03,7.01,-0.01,164,114964,卖盘
614,14:25:00,7.02,0.01,196,137592,买盘
615,14:24:54,7.01,--,241,168941,卖盘
616,14:24:51,7.01,--,214,150014,卖盘
617,14:24:48,7.01,--,17,11917,卖盘
618,14:24:45,7.01,--,79,55379,卖盘
619,14:24:42,7.01,--,83,58183,卖盘
620,14:24:39,7.01,-0.01,217,152117,卖盘
621,14:24:36,7.02,0.01,126,88452,买盘
622,14:24:33,7.01,--,2,1402,卖盘
623,14:24:30,7.01,-0.01,103,72203,卖盘
624,14:24:27,7.02,0.01,160,112320,买盘
625,14:24:24,7.01,--,164,114964,卖盘
626,14:24:21,7.01,-0.01,50,35050,卖盘
627,14:24:18,7.02,--,145,101790,买盘
628,14:24:15,7.02,0.01,34,23868,买盘
629,14:24:12,7.01,0.01,156,109356,买盘
630,14:24:09,7.0,-0.01,1,700,卖盘
631,14:24:06,7.01,--,560,392560,卖盘
632,14:24:03,7.01,--,33,23133,卖盘
633,14:23:57,7.01,--,1,701,卖盘
634,14:23:54,7.01,0.01,277,194177,买盘
635,14:23:51,7.0,-0.02,5,3500,卖盘
636,14:23:48,7.02,0.02,241,169182,买盘
637,14:23:45,7.0,-0.01,157,109900,卖盘
638,14:23:42,7.01,--,5,3505,买盘
639,14:23:39,7.01,--,8,5608,买盘
640,14:23:36,7.01,-0.01,12,8412,买盘
641,14:23:33,7.02,0.01,160,112320,买盘
642,14:23:30,7.01,--,181,126881,买盘
643,14:23:27,7.01,0.01,10,7010,买盘
644,14:23:24,7.0,--,55,38500,卖盘
645,14:23:21,7.0,--,160,112000,卖盘
646,14:23:18,7.0,-0.01,21,14700,卖盘
647,14:23:15,7.01,--,700,490700,买盘
648,14:23:12,7.01,0.01,442,309842,买盘
649,14:23:09,7.0,--,23,16100,卖盘
650,14:23:06,7.0,-0.01,33,23100,卖盘
651,14:23:03,7.01,--,8,5608,买盘
652,14:23:00,7.01,--,200,140200,买盘
653,14:22:57,7.01,0.01,4,2804,买盘
654,14:22:54,7.0,-0.01,204,142800,卖盘
655,14:22:51,7.01,-0.01,10,7010,中性盘
656,14:22:48,7.02,--,371,260554,买盘
657,14:22:45,7.02,0.01,87,61073,买盘
658,14:22:42,7.01,--,111,77811,卖盘
659,14:22:39,7.01,0.01,1291,905579,买盘
660,14:22:36,7.0,-0.01,221,154700,卖盘
661,14:22:33,7.01,--,37,25937,买盘
662,14:22:30,7.01,0.01,25,17525,买盘
663,14:22:27,7.0,-0.01,151,105700,卖盘
664,14:22:24,7.01,0.01,251,175951,买盘
665,14:22:21,7.0,-0.01,81,56700,卖盘
666,14:22:18,7.01,--,130,91130,买盘
667,14:22:15,7.01,--,175,122675,买盘
668,14:22:12,7.01,--,15,10515,买盘
669,14:22:09,7.01,--,858,601570,卖盘
670,14:22:06,7.01,--,191,133891,卖盘
671,14:22:03,7.01,--,63,44163,卖盘
672,14:22:00,7.01,-0.01,101,70801,卖盘
673,14:21:57,7.02,--,110,77220,买盘
674,14:21:54,7.02,0.01,150,105300,买盘
675,14:21:51,7.01,-0.01,88,62276,卖盘
676,14:21:48,7.02,0.01,51,35802,买盘
677,14:21:45,7.01,-0.01,30,21030,卖盘
678,14:21:42,7.02,0.01,201,141102,买盘
679,14:21:39,7.01,--,13,9113,卖盘
680,14:21:36,7.01,--,5,3505,卖盘
681,14:21:33,7.01,--,204,143004,卖盘
682,14:21:30,7.01,-0.01,47,32947,卖盘
683,14:21:27,7.02,0.01,4,2808,买盘
684,14:21:24,7.01,--,772,541172,卖盘
685,14:21:21,7.01,--,298,208898,卖盘
686,14:21:18,7.01,-0.01,47,32947,卖盘
687,14:21:15,7.02,0.01,221,155142,买盘
688,14:21:12,7.01,-0.01,7,4907,卖盘
689,14:21:09,7.02,--,163,114426,买盘
690,14:21:06,7.02,0.01,130,91260,买盘
691,14:21:03,7.01,--,13,9113,卖盘
692,14:21:00,7.01,-0.01,27,18927,卖盘
693,14:20:57,7.02,0.01,143,100386,买盘
694,14:20:54,7.01,--,45,31545,卖盘
695,14:20:51,7.01,--,111,77811,卖盘
696,14:20:48,7.01,--,219,153519,卖盘
697,14:20:45,7.01,-0.01,56,39256,卖盘
698,14:20:42,7.02,--,21,14742,买盘
699,14:20:39,7.02,0.01,116,81432,买盘
700,14:20:36,7.01,--,196,137396,卖盘
701,14:20:33,7.01,-0.01,64,44864,卖盘
702,14:20:30,7.02,0.01,86,60371,买盘
703,14:20:27,7.01,--,40,28040,卖盘
704,14:20:24,7.01,-0.01,179,125479,卖盘
705,14:20:21,7.02,0.01,140,98280,买盘
706,14:20:15,7.01,-0.01,198,138798,卖盘
707,14:20:12,7.02,0.01,49,34398,买盘
708,14:20:09,7.01,--,52,36452,卖盘
709,14:20:06,7.01,-0.01,285,199785,卖盘
710,14:20:03,7.02,--,203,142506,买盘
711,14:20:00,7.02,0.01,1,702,买盘
712,14:19:57,7.01,-0.01,37,25937,卖盘
713,14:19:54,7.02,--,44,30887,买盘
714,14:19:51,7.02,0.01,218,153036,买盘
715,14:19:48,7.01,-0.01,2,1402,卖盘
716,14:19:45,7.02,0.01,23,16145,买盘
717,14:19:42,7.01,--,183,128283,卖盘
718,14:19:39,7.01,--,15,10515,卖盘
719,14:19:36,7.01,0.01,165,115665,买盘
720,14:19:33,7.0,-0.01,89,62300,卖盘
721,14:19:30,7.01,--,177,124077,买盘
722,14:19:27,7.01,-0.01,11,7711,买盘
723,14:19:24,7.02,0.01,195,136890,买盘
724,14:19:21,7.01,--,84,58884,卖盘
725,14:19:18,7.01,-0.01,287,201187,卖盘
726,14:19:15,7.02,0.02,29,20358,买盘
727,14:19:09,7.0,--,222,155400,卖盘
728,14:19:06,7.0,-0.01,111,77700,卖盘
729,14:19:03,7.01,0.01,11,7711,卖盘
730,14:19:00,7.0,-0.01,246,172200,卖盘
731,14:18:57,7.01,--,199,139499,买盘
732,14:18:54,7.01,--,112,78512,买盘
733,14:18:51,7.01,--,151,105851,买盘
734,14:18:48,7.01,--,300,210300,买盘
735,14:18:45,7.01,0.01,272,190672,买盘
736,14:18:42,7.0,--,150,105000,卖盘
737,14:18:39,7.0,--,601,420700,卖盘
738,14:18:36,7.0,-0.01,178,124600,卖盘
739,14:18:33,7.01,--,458,321058,买盘
740,14:18:30,7.01,0.01,9,6309,买盘
741,14:18:27,7.0,-0.01,13,9100,卖盘
742,14:18:24,7.01,--,345,241845,买盘
743,14:18:21,7.01,0.01,1721,1206421,买盘
744,14:18:18,7.0,-0.01,126,88200,卖盘
745,14:18:15,7.01,0.01,9,6309,买盘
746,14:18:12,7.0,--,203,142100,卖盘
747,14:18:09,7.0,-0.01,381,266700,卖盘
748,14:18:06,7.01,0.01,44,30844,买盘
749,14:18:03,7.0,-0.01,283,198100,卖盘
750,14:18:00,7.01,0.01,106,74306,买盘
751,14:17:57,7.0,-0.01,25,17500,卖盘
752,14:17:54,7.01,0.01,108,75708,买盘
753,14:17:51,7.0,--,356,249200,卖盘
754,14:17:48,7.0,--,2,1400,卖盘
755,14:17:45,7.0,--,126,88200,卖盘
756,14:17:42,7.0,-0.01,131,91700,卖盘
757,14:17:39,7.01,--,142,99542,买盘
758,14:17:36,7.01,0.01,4,2804,买盘
759,14:17:33,7.0,--,2,1400,卖盘
760,14:17:30,7.0,-0.01,204,142800,卖盘
761,14:17:27,7.01,0.01,167,117067,买盘
762,14:17:24,7.0,--,55,38500,卖盘
763,14:17:21,7.0,--,65,45500,卖盘
764,14:17:18,7.0,-0.01,233,163100,卖盘
765,14:17:15,7.01,--,171,119871,买盘
766,14:17:09,7.01,--,45,31545,买盘
767,14:17:06,7.01,0.01,236,165436,买盘
768,14:17:03,7.0,--,10,7000,卖盘
769,14:17:00,7.0,-0.01,326,228200,卖盘
770,14:16:57,7.01,--,135,94635,买盘
771,14:16:54,7.01,--,2,1402,买盘
772,14:16:51,7.01,0.01,120,84120,买盘
773,14:16:48,7.0,--,182,127400,卖盘
774,14:16:45,7.0,-0.01,158,110600,卖盘
775,14:16:42,7.01,--,8,5608,买盘
776,14:16:39,7.01,0.01,249,174549,买盘
777,14:16:36,7.0,--,51,35700,卖盘
778,14:16:33,7.0,-0.01,451,315700,卖盘
779,14:16:30,7.01,0.01,88,61688,买盘
780,14:16:27,7.0,--,545,381500,卖盘
781,14:16:24,7.0,--,151,105700,卖盘
782,14:16:21,7.0,--,1,700,卖盘
783,14:16:18,7.0,--,198,138600,卖盘
784,14:16:15,7.0,-0.01,80,56000,卖盘
785,14:16:12,7.01,--,154,107954,买盘
786,14:16:09,7.01,0.01,132,92532,买盘
787,14:16:06,7.0,--,15,10500,卖盘
788,14:16:03,7.0,-0.01,131,91700,卖盘
789,14:16:00,7.01,0.01,154,107954,买盘
790,14:15:57,7.0,--,67,46900,卖盘
791,14:15:54,7.0,-0.01,21,14700,卖盘
792,14:15:51,7.01,0.01,161,112861,买盘
793,14:15:48,7.0,--,173,121100,卖盘
794,14:15:42,7.0,--,4,2800,卖盘
795,14:15:39,7.0,--,439,307300,卖盘
796,14:15:36,7.0,--,3,2100,卖盘
797,14:15:33,7.0,--,14,9800,卖盘
798,14:15:27,7.0,-0.01,256,179200,卖盘
799,14:15:24,7.01,0.01,10,7010,买盘
800,14:15:21,7.0,--,269,188300,卖盘
801,14:15:18,7.0,--,262,183400,卖盘
802,14:15:15,7.0,--,17,11900,卖盘
803,14:15:12,7.0,--,71,49700,卖盘
804,14:15:06,7.0,--,176,123200,买盘
805,14:15:03,7.0,--,125,87500,卖盘
806,14:15:00,7.0,--,59,41300,卖盘
807,14:14:54,7.0,0.01,189,132300,买盘
808,14:14:51,6.99,-0.01,16,11184,卖盘
809,14:14:48,7.0,0.01,159,111300,买盘
810,14:14:45,6.99,-0.01,7,4893,卖盘
811,14:14:42,7.0,--,246,172200,买盘
812,14:14:39,7.0,0.01,6,4200,买盘
813,14:14:36,6.99,--,3,2097,卖盘
814,14:14:33,6.99,--,346,241854,卖盘
815,14:14:30,6.99,-0.01,3,2097,卖盘
816,14:14:27,7.0,--,10,7000,买盘
817,14:14:24,7.0,0.01,82,57400,买盘
818,14:14:21,6.99,-0.01,244,170556,卖盘
819,14:14:18,7.0,0.01,102,71400,买盘
820,14:14:15,6.99,--,106,74094,卖盘
821,14:14:12,6.99,-0.02,70,48930,卖盘
822,14:14:09,7.01,0.02,162,113562,买盘
823,14:14:06,6.99,--,26,18174,卖盘
824,14:14:03,6.99,--,33,23067,卖盘
825,14:14:00,6.99,-0.01,282,197118,卖盘
826,14:13:57,7.0,0.01,1,700,买盘
827,14:13:54,6.99,--,1,699,卖盘
828,14:13:51,6.99,--,163,113937,卖盘
829,14:13:48,6.99,--,282,197118,卖盘
830,14:13:45,6.99,-0.01,166,116034,卖盘
831,14:13:42,7.0,--,251,175700,卖盘
832,14:13:39,7.0,--,66,46200,卖盘
833,14:13:36,7.0,--,253,177100,卖盘
834,14:13:33,7.0,--,7,4900,卖盘
835,14:13:30,7.0,-0.01,99,69300,卖盘
836,14:13:27,7.01,0.02,279,195579,买盘
837,14:13:24,6.99,--,61,42639,卖盘
838,14:13:21,6.99,-0.01,53,37047,卖盘
839,14:13:18,7.0,0.01,118,82600,买盘
840,14:13:15,6.99,-0.01,163,113937,卖盘
841,14:13:12,7.0,0.01,45,31500,买盘
842,14:13:09,6.99,-0.01,1,699,卖盘
843,14:13:06,7.0,--,49,34300,买盘
844,14:13:03,7.0,--,149,104300,买盘
845,14:13:00,7.0,0.01,100,70000,买盘
846,14:12:57,6.99,-0.01,100,69900,卖盘
847,14:12:54,7.0,0.01,228,159600,买盘
848,14:12:51,6.99,-0.01,84,58716,卖盘
849,14:12:48,7.0,--,5,3500,卖盘
850,14:12:45,7.0,-0.01,130,91000,买盘
851,14:12:42,7.01,0.01,184,128984,买盘
852,14:12:39,7.0,-0.01,6,4200,买盘
853,14:12:36,7.01,0.01,76,53276,买盘
854,14:12:33,7.0,-0.01,5,3500,中性盘
855,14:12:30,7.01,0.01,826,579026,买盘
856,14:12:27,7.0,--,101,70700,卖盘
857,14:12:21,7.0,0.01,261,182700,买盘
858,14:12:18,6.99,--,130,90870,卖盘
859,14:12:15,6.99,--,21,14679,卖盘
860,14:12:12,6.99,-0.02,226,157974,卖盘
861,14:12:09,7.01,--,152,106552,买盘
862,14:12:06,7.01,0.01,60,42060,买盘
863,14:12:03,7.0,-0.01,62,43400,卖盘
864,14:12:00,7.01,--,44,30844,买盘
865,14:11:57,7.01,0.02,152,106552,买盘
866,14:11:54,6.99,-0.01,10,6990,卖盘
867,14:11:51,7.0,--,205,143500,买盘
868,14:11:48,7.0,0.01,226,158200,买盘
869,14:11:45,6.99,--,3,2097,卖盘
870,14:11:42,6.99,-0.02,52,36348,卖盘
871,14:11:39,7.01,--,17,11917,买盘
872,14:11:36,7.01,0.01,187,131087,买盘
873,14:11:33,7.0,--,82,57400,卖盘
874,14:11:30,7.0,0.01,5,3500,中性盘
875,14:11:24,6.99,--,185,129315,卖盘
876,14:11:18,6.99,--,63,44037,卖盘
877,14:11:15,6.99,--,173,121353,卖盘
878,14:11:12,6.99,--,972,679428,买盘
879,14:11:09,6.99,--,47,32853,买盘
880,14:11:06,6.99,--,176,123024,买盘
881,14:11:03,6.99,-0.01,484,338316,卖盘
882,14:11:00,7.0,0.01,4025,2817500,买盘
883,14:10:57,6.99,-0.01,2,1398,卖盘
884,14:10:54,7.0,0.01,1,700,买盘
885,14:10:51,6.99,-0.01,183,127917,卖盘
886,14:10:48,7.0,0.01,132,92400,买盘
887,14:10:45,6.99,-0.01,78,54522,卖盘
888,14:10:42,7.0,0.01,153,107100,买盘
889,14:10:36,6.99,-0.01,3,2097,卖盘
890,14:10:33,7.0,--,6,4200,买盘
891,14:10:30,7.0,0.02,178,124600,买盘
892,14:10:27,6.98,-0.01,6,4188,卖盘
893,14:10:24,6.99,0.01,12,8388,买盘
894,14:10:21,6.98,-0.02,4,2792,卖盘
895,14:10:18,7.0,0.01,177,123900,买盘
896,14:10:15,6.99,-0.01,3,2097,卖盘
897,14:10:12,7.0,0.02,1,700,买盘
898,14:10:09,6.98,-0.01,250,174500,卖盘
899,14:10:06,6.99,0.01,32,22368,买盘
900,14:10:03,6.98,--,22,15356,卖盘
901,14:10:00,6.98,--,7,4886,卖盘
902,14:09:57,6.98,-0.01,360,251280,卖盘
903,14:09:54,6.99,0.01,2,1398,买盘
904,14:09:51,6.98,--,1,698,卖盘
905,14:09:48,6.98,--,1,698,卖盘
906,14:09:45,6.98,--,259,180782,卖盘
907,14:09:42,6.98,-0.01,2,1396,卖盘
908,14:09:39,6.99,--,75,52425,买盘
909,14:09:36,6.99,0.01,232,162168,买盘
910,14:09:33,6.98,--,101,70498,卖盘
911,14:09:30,6.98,--,72,50256,卖盘
912,14:09:27,6.98,-0.02,3,2094,卖盘
913,14:09:24,7.0,0.02,156,109200,买盘
914,14:09:21,6.98,--,2,1396,卖盘
915,14:09:18,6.98,--,6,4188,卖盘
916,14:09:15,6.98,-0.02,75,52350,卖盘
917,14:09:12,7.0,--,149,104300,买盘
918,14:09:06,7.0,0.02,33,23100,买盘
919,14:09:03,6.98,--,181,126338,卖盘
920,14:09:00,6.98,--,44,30712,卖盘
921,14:08:57,6.98,-0.02,22,15356,卖盘
922,14:08:54,7.0,0.02,1,700,买盘
923,14:08:51,6.98,-0.02,158,110284,卖盘
924,14:08:48,7.0,0.02,40,28000,买盘
925,14:08:45,6.98,-0.01,85,59330,卖盘
926,14:08:42,6.99,-0.01,31,21669,卖盘
927,14:08:39,7.0,0.01,153,107100,买盘
928,14:08:36,6.99,--,3,2097,卖盘
929,14:08:33,6.99,--,53,37047,卖盘
930,14:08:30,6.99,--,47,32853,卖盘
931,14:08:27,6.99,--,146,102054,卖盘
932,14:08:24,6.99,--,44,30756,卖盘
933,14:08:21,6.99,-0.01,2,1398,中性盘
934,14:08:18,7.0,0.02,169,118300,买盘
935,14:08:15,6.98,--,69,48162,卖盘
936,14:08:12,6.98,-0.01,50,34900,卖盘
937,14:08:09,6.99,--,3,2097,买盘
938,14:08:06,6.99,0.01,198,138402,买盘
939,14:08:03,6.98,--,50,34900,卖盘
940,14:07:57,6.98,-0.01,78,54444,卖盘
941,14:07:54,6.99,0.01,159,111141,买盘
942,14:07:51,6.98,--,47,32806,卖盘
943,14:07:48,6.98,--,2,1396,卖盘
944,14:07:45,6.98,-0.02,233,162634,卖盘
945,14:07:42,7.0,0.02,52,36400,买盘
946,14:07:39,6.98,--,36,25128,卖盘
947,14:07:36,6.98,--,2,1396,卖盘
948,14:07:33,6.98,-0.01,152,106096,卖盘
949,14:07:30,6.99,--,44,30756,卖盘
950,14:07:27,6.99,-0.01,3,2097,卖盘
951,14:07:24,7.0,--,15,10500,买盘
952,14:07:21,7.0,--,196,137200,买盘
953,14:07:18,7.0,0.02,83,58100,买盘
954,14:07:15,6.98,--,190,132620,卖盘
955,14:07:12,6.98,--,158,110284,卖盘
956,14:07:09,6.98,--,37,25826,卖盘
957,14:07:06,6.98,--,21,14658,卖盘
958,14:07:03,6.98,--,5,3490,卖盘
959,14:07:00,6.98,-0.01,182,127036,卖盘
960,14:06:57,6.99,--,5,3495,卖盘
961,14:06:54,6.99,0.01,45,31455,卖盘
962,14:06:51,6.98,-0.02,38,26524,卖盘
963,14:06:48,7.0,0.02,158,110600,买盘
964,14:06:45,6.98,-0.01,95,66310,卖盘
965,14:06:39,6.99,-0.01,210,146790,中性盘
966,14:06:36,7.0,0.01,2,1400,买盘
967,14:06:33,6.99,--,53,37047,卖盘
968,14:06:30,6.99,--,37,25863,卖盘
969,14:06:27,6.99,0.01,206,143994,买盘
970,14:06:24,6.98,-0.01,117,81666,卖盘
971,14:06:21,6.99,-0.01,39,27261,卖盘
972,14:06:18,7.0,0.01,22,15400,买盘
973,14:06:15,6.99,0.02,238,166362,买盘
974,14:06:12,6.97,--,1,697,卖盘
975,14:06:09,6.97,-0.01,57,39729,卖盘
976,14:06:06,6.98,--,291,203118,卖盘
977,14:06:03,6.98,--,4,2792,卖盘
978,14:06:00,6.98,-0.01,52,36296,卖盘
979,14:05:57,6.99,0.01,73,51027,买盘
980,14:05:54,6.98,0.01,167,116566,买盘
981,14:05:51,6.97,--,103,71791,卖盘
982,14:05:48,6.97,-0.01,28,19516,卖盘
983,14:05:45,6.98,-0.02,2,1396,中性盘
984,14:05:42,7.0,0.02,367,256900,买盘
985,14:05:39,6.98,0.01,36,25128,中性盘
986,14:05:36,6.97,-0.02,19,13243,卖盘
987,14:05:33,6.99,0.01,160,111840,买盘
988,14:05:30,6.98,0.01,61,42578,买盘
989,14:05:27,6.97,-0.02,20,13940,卖盘
990,14:05:24,6.99,0.01,31,21669,中性盘
991,14:05:21,6.98,--,222,154956,卖盘
992,14:05:18,6.98,--,1,698,卖盘
993,14:05:15,6.98,--,108,75384,买盘
994,14:05:12,6.98,0.01,70,48860,卖盘
995,14:05:09,6.97,--,183,127551,卖盘
996,14:05:06,6.97,-0.03,20,13940,卖盘
997,14:05:03,7.0,0.03,25,17500,买盘
998,14:05:00,6.97,-0.01,189,131733,卖盘
999,14:04:57,6.98,-0.02,100,69800,卖盘
1000,14:04:54,7.0,0.01,1,700,买盘
1001,14:04:51,6.99,--,37,25863,卖盘
1002,14:04:48,6.99,0.01,133,92967,买盘
1003,14:04:45,6.98,--,7,4886,买盘
1004,14:04:42,6.98,--,36,25128,卖盘
1005,14:04:39,6.98,-0.02,38,26524,卖盘
1006,14:04:36,7.0,0.02,158,110600,买盘
1007,14:04:33,6.98,--,3,2094,卖盘
1008,14:04:30,6.98,--,36,25128,卖盘
1009,14:04:27,6.98,--,215,150070,卖盘
1010,14:04:21,6.98,--,38,26524,卖盘
1011,14:04:18,6.98,-0.02,40,27920,卖盘
1012,14:04:15,7.0,0.02,177,123900,买盘
1013,14:04:12,6.98,-0.01,81,56538,中性盘
1014,14:04:09,6.99,-0.01,89,62211,中性盘
1015,14:04:06,7.0,0.01,2540,1778000,买盘
1016,14:04:03,6.99,0.02,226,157974,买盘
1017,14:04:00,6.97,-0.01,143,99671,卖盘
1018,14:03:57,6.98,0.01,15,10470,买盘
1019,14:03:54,6.97,--,155,108035,卖盘
1020,14:03:51,6.97,--,68,47396,卖盘
1021,14:03:48,6.97,-0.01,1,697,卖盘
1022,14:03:45,6.98,--,25,17450,买盘
1023,14:03:42,6.98,--,817,570342,卖盘
1024,14:03:39,6.98,--,36,25128,卖盘
1025,14:03:33,6.98,-0.02,3,2094,卖盘
1026,14:03:30,7.0,0.02,210,147000,买盘
1027,14:03:27,6.98,--,366,255468,卖盘
1028,14:03:24,6.98,--,1,698,卖盘
1029,14:03:21,6.98,--,190,132620,卖盘
1030,14:03:18,6.98,-0.02,2,1396,卖盘
1031,14:03:15,7.0,0.02,32,22400,买盘
1032,14:03:12,6.98,--,408,284784,卖盘
1033,14:03:09,6.98,--,231,161238,卖盘
1034,14:03:06,6.98,--,39,27222,卖盘
1035,14:03:03,6.98,--,6,4188,卖盘
1036,14:03:00,6.98,--,41,28618,卖盘
1037,14:02:57,6.98,--,213,148674,卖盘
1038,14:02:54,6.98,--,1,698,卖盘
1039,14:02:51,6.98,--,37,25826,卖盘
1040,14:02:48,6.98,--,297,207306,卖盘
1041,14:02:45,6.98,--,20,13960,卖盘
1042,14:02:42,6.98,--,76,53048,卖盘
1043,14:02:39,6.98,-0.02,60,41880,卖盘
1044,14:02:36,7.0,0.02,155,108500,买盘
1045,14:02:33,6.98,-0.01,36,25128,卖盘
1046,14:02:30,6.99,0.01,187,130713,买盘
1047,14:02:27,6.98,--,3,2094,卖盘
1048,14:02:24,6.98,--,168,117264,卖盘
1049,14:02:21,6.98,--,238,166124,卖盘
1050,14:02:15,6.98,-0.01,201,140298,卖盘
1051,14:02:12,6.99,0.01,196,137004,买盘
1052,14:02:09,6.98,--,82,57236,卖盘
1053,14:02:06,6.98,--,133,92834,卖盘
1054,14:02:03,6.98,-0.01,486,339228,卖盘
1055,14:02:00,6.99,0.01,38,26562,买盘
1056,14:01:57,6.98,--,63,43974,卖盘
1057,14:01:54,6.98,--,6,4188,卖盘
1058,14:01:51,6.98,-0.01,264,184272,卖盘
1059,14:01:48,6.99,--,41,28659,买盘
1060,14:01:45,6.99,0.01,104,72696,买盘
1061,14:01:42,6.98,--,131,91438,卖盘
1062,14:01:39,6.98,--,261,182178,卖盘
1063,14:01:36,6.98,-0.01,1,698,卖盘
1064,14:01:30,6.99,0.01,197,137703,买盘
1065,14:01:24,6.98,--,4,2792,卖盘
1066,14:01:21,6.98,-0.01,2,1396,卖盘
1067,14:01:18,6.99,0.01,179,125121,买盘
1068,14:01:12,6.98,--,161,112378,卖盘
1069,14:01:06,6.98,--,46,32108,卖盘
1070,14:01:03,6.98,-0.01,50,34900,卖盘
1071,14:01:00,6.99,0.01,2,1398,买盘
1072,14:00:57,6.98,-0.01,50,34900,卖盘
1073,14:00:54,6.99,--,6,4194,买盘
1074,14:00:51,6.99,0.01,31,21669,买盘
1075,14:00:48,6.98,-0.01,25,17450,卖盘
1076,14:00:45,6.99,0.01,43,30057,买盘
1077,14:00:42,6.98,--,197,137506,卖盘
1078,14:00:39,6.98,-0.01,52,36296,卖盘
1079,14:00:36,6.99,--,39,27261,买盘
1080,14:00:33,6.99,0.01,16,11184,买盘
1081,14:00:30,6.98,--,292,203816,卖盘
1082,14:00:27,6.98,-0.01,31,21638,卖盘
1083,14:00:24,6.99,0.01,98,68502,买盘
1084,14:00:21,6.98,-0.01,3,2094,卖盘
1085,14:00:18,6.99,0.01,10,6990,买盘
1086,14:00:15,6.98,--,33,23034,卖盘
1087,14:00:12,6.98,--,181,126338,卖盘
1088,14:00:06,6.98,-0.01,32,22336,卖盘
1089,14:00:03,6.99,0.01,4,2796,买盘
1090,14:00:00,6.98,--,120,83760,卖盘
1091,13:59:54,6.98,--,51,35598,卖盘
1092,13:59:51,6.98,--,133,92834,卖盘
1093,13:59:48,6.98,-0.01,1,698,卖盘
1094,13:59:45,6.99,0.01,70,48930,买盘
1095,13:59:42,6.98,-0.02,122,85156,卖盘
1096,13:59:33,7.0,0.02,6,4200,买盘
1097,13:59:30,6.98,--,274,191252,卖盘
1098,13:59:27,6.98,--,2,1396,卖盘
1099,13:59:24,6.98,--,2,1396,卖盘
1100,13:59:21,6.98,--,7,4886,卖盘
1101,13:59:18,6.98,-0.01,220,153560,卖盘
1102,13:59:15,6.99,0.01,10,6990,买盘
1103,13:59:12,6.98,--,1,698,卖盘
1104,13:59:09,6.98,-0.02,102,71196,卖盘
1105,13:59:06,7.0,--,167,116900,买盘
1106,13:59:03,7.0,0.02,48,33600,买盘
1107,13:59:00,6.98,-0.02,1,698,卖盘
1108,13:58:57,7.0,0.02,166,116200,买盘
1109,13:58:54,6.98,-0.01,103,71894,卖盘
1110,13:58:51,6.99,--,8,5592,卖盘
1111,13:58:45,6.99,-0.01,172,120228,卖盘
1112,13:58:42,7.0,0.01,2030,1421000,买盘
1113,13:58:39,6.99,--,85,59415,卖盘
1114,13:58:36,6.99,-0.01,3,2097,卖盘
1115,13:58:33,7.0,0.01,186,130200,买盘
1116,13:58:30,6.99,-0.01,4,2796,卖盘
1117,13:58:27,7.0,0.01,3,2100,买盘
1118,13:58:24,6.99,-0.01,406,283794,卖盘
1119,13:58:21,7.0,0.01,331,231700,买盘
1120,13:58:18,6.99,-0.01,1,699,卖盘
1121,13:58:15,7.0,-0.01,1391,973700,卖盘
1122,13:58:12,7.01,0.01,316,221516,买盘
1123,13:58:09,7.0,-0.01,84,58800,卖盘
1124,13:58:06,7.01,0.01,107,75007,买盘
1125,13:58:03,7.0,--,81,56700,卖盘
1126,13:58:00,7.0,--,167,116900,卖盘
1127,13:57:57,7.0,-0.01,70,49000,卖盘
1128,13:57:54,7.01,0.02,56,39256,买盘
1129,13:57:51,6.99,-0.02,160,111840,卖盘
1130,13:57:48,7.01,0.02,60,42060,买盘
1131,13:57:42,6.99,-0.01,79,55221,卖盘
1132,13:57:39,7.0,-0.01,247,172900,卖盘
1133,13:57:33,7.01,0.01,311,218011,买盘
1134,13:57:30,7.0,-0.01,15,10500,卖盘
1135,13:57:27,7.01,0.01,258,180858,买盘
1136,13:57:24,7.0,--,12,8400,卖盘
1137,13:57:21,7.0,--,1,700,卖盘
1138,13:57:18,7.0,--,250,175000,卖盘
1139,13:57:15,7.0,-0.01,8,5600,卖盘
1140,13:57:12,7.01,0.01,255,178755,买盘
1141,13:57:09,7.0,-0.01,107,74900,卖盘
1142,13:57:06,7.01,0.01,183,128283,买盘
1143,13:57:03,7.0,-0.01,47,32900,卖盘
1144,13:57:00,7.01,--,60,42060,买盘
1145,13:56:54,7.01,0.01,158,110758,买盘
1146,13:56:48,7.0,0.01,5,3500,买盘
1147,13:56:45,6.99,--,265,185235,卖盘
1148,13:56:42,6.99,--,1,699,卖盘
1149,13:56:39,6.99,--,72,50328,卖盘
1150,13:56:36,6.99,-0.01,39,27261,卖盘
1151,13:56:33,7.0,--,150,105000,卖盘
1152,13:56:30,7.0,-0.01,17,11900,卖盘
1153,13:56:27,7.01,0.01,6,4206,买盘
1154,13:56:24,7.0,-0.01,2,1400,中性盘
1155,13:56:21,7.01,0.02,187,131087,买盘
1156,13:56:18,6.99,-0.02,20,13980,卖盘
1157,13:56:12,7.01,0.02,148,103748,买盘
1158,13:56:09,6.99,-0.01,90,62910,卖盘
1159,13:56:06,7.0,0.01,61,42700,买盘
1160,13:56:03,6.99,-0.02,5,3495,卖盘
1161,13:56:00,7.01,0.02,160,112160,买盘
1162,13:55:54,6.99,--,1,699,卖盘
1163,13:55:51,6.99,-0.02,5,3495,卖盘
1164,13:55:48,7.01,0.02,163,114263,买盘
1165,13:55:45,6.99,-0.01,11,7689,卖盘
1166,13:55:42,7.0,--,13,9100,买盘
1167,13:55:39,7.0,-0.01,90,63000,卖盘
1168,13:55:36,7.01,0.01,184,128984,买盘
1169,13:55:30,7.0,-0.01,53,37100,买盘
1170,13:55:27,7.01,0.02,145,101645,买盘
1171,13:55:24,6.99,--,21,14679,卖盘
1172,13:55:21,6.99,--,226,157974,卖盘
1173,13:55:18,6.99,-0.01,20,13980,卖盘
1174,13:55:15,7.0,--,172,120400,买盘
1175,13:55:12,7.0,0.01,22,15400,买盘
1176,13:55:09,6.99,--,84,58716,卖盘
1177,13:55:06,6.99,-0.01,21,14679,卖盘
1178,13:55:03,7.0,--,140,98000,买盘
1179,13:55:00,7.0,--,78,54880,卖盘
1180,13:54:57,7.0,--,22,15400,卖盘
1181,13:54:54,7.0,-0.01,165,115500,卖盘
1182,13:54:51,7.01,0.01,52,36452,买盘
1183,13:54:48,7.0,--,5,3500,卖盘
1184,13:54:45,7.0,--,372,260820,买盘
1185,13:54:42,7.0,0.01,240,168000,买盘
1186,13:54:39,6.99,-0.01,132,92268,卖盘
1187,13:54:36,7.0,--,19,13300,买盘
1188,13:54:33,7.0,--,20,14000,买盘
1189,13:54:30,7.0,0.01,153,107100,买盘
1190,13:54:24,6.99,--,1,699,卖盘
1191,13:54:21,6.99,--,175,122325,卖盘
1192,13:54:18,6.99,--,3,2097,卖盘
1193,13:54:15,6.99,--,43,30057,买盘
1194,13:54:12,6.99,-0.01,1,699,卖盘
1195,13:54:09,7.0,0.01,314,220080,买盘
1196,13:54:06,6.99,--,41,28659,卖盘
1197,13:54:03,6.99,--,1,699,卖盘
1198,13:54:00,6.99,-0.01,10,6990,卖盘
1199,13:53:57,7.0,--,216,151200,买盘
1200,13:53:51,7.0,0.01,32,22400,买盘
1201,13:53:48,6.99,0.01,158,110861,买盘
1202,13:53:42,6.98,-0.01,100,69800,卖盘
1203,13:53:39,6.99,-0.02,62,43338,卖盘
1204,13:53:36,7.01,0.02,137,96037,买盘
1205,13:53:33,6.99,-0.01,110,76890,卖盘
1206,13:53:30,7.0,0.01,126,88200,买盘
1207,13:53:27,6.99,--,19,13281,卖盘
1208,13:53:24,6.99,--,267,186633,卖盘
1209,13:53:21,6.99,-0.01,1,699,卖盘
1210,13:53:18,7.0,0.01,14,9800,买盘
1211,13:53:15,6.99,--,215,150285,卖盘
1212,13:53:09,6.99,--,109,76191,卖盘
1213,13:53:06,6.99,-0.01,110,76890,卖盘
1214,13:53:03,7.0,--,161,112700,买盘
1215,13:53:00,7.0,--,100,70000,买盘
1216,13:52:51,7.0,--,144,100800,买盘
1217,13:52:48,7.0,0.01,108,75600,买盘
1218,13:52:42,6.99,-0.01,153,106947,卖盘
1219,13:52:39,7.0,0.01,20,14000,买盘
1220,13:52:36,6.99,-0.01,111,77589,卖盘
1221,13:52:33,7.0,--,73,51100,买盘
1222,13:52:30,7.0,--,149,104300,买盘
1223,13:52:27,7.0,0.01,400,280000,买盘
1224,13:52:24,6.99,-0.01,1,699,卖盘
1225,13:52:21,7.0,-0.01,90,63000,卖盘
1226,13:52:18,7.01,0.01,175,122675,买盘
1227,13:52:15,7.0,--,305,213500,卖盘
1228,13:52:12,7.0,--,17,11900,卖盘
1229,13:52:09,7.0,0.01,141,98700,买盘
1230,13:52:06,6.99,-0.01,90,62910,卖盘
1231,13:52:03,7.0,0.01,16,11200,买盘
1232,13:52:00,6.99,-0.02,5,3495,卖盘
1233,13:51:57,7.01,--,151,105851,买盘
1234,13:51:45,7.01,0.01,165,115665,买盘
1235,13:51:42,7.0,--,4,2800,卖盘
1236,13:51:39,7.0,0.01,4,2800,买盘
1237,13:51:36,6.99,--,245,171255,卖盘
1238,13:51:33,6.99,-0.01,14,9786,卖盘
1239,13:51:30,7.0,--,7,4900,卖盘
1240,13:51:27,7.0,--,25,17500,卖盘
1241,13:51:24,7.0,--,172,120400,卖盘
1242,13:51:21,7.0,--,2,1400,卖盘
1243,13:51:18,7.0,--,114,79800,卖盘
1244,13:51:15,7.0,-0.01,63,44100,卖盘
1245,13:51:12,7.01,0.01,150,105150,买盘
1246,13:51:09,7.0,--,45,31500,买盘
1247,13:51:06,7.0,--,136,95200,买盘
1248,13:51:03,7.0,0.01,156,109200,买盘
1249,13:51:00,6.99,--,1007,703893,卖盘
1250,13:50:54,6.99,--,7,4893,卖盘
1251,13:50:51,6.99,--,154,107646,卖盘
1252,13:50:48,6.99,--,79,55221,卖盘
1253,13:50:45,6.99,--,245,171255,卖盘
1254,13:50:42,6.99,-0.01,314,219486,卖盘
1255,13:50:39,7.0,0.01,141,98700,买盘
1256,13:50:36,6.99,--,77,53823,卖盘
1257,13:50:30,6.99,--,157,109743,卖盘
1258,13:50:27,6.99,--,22,15378,卖盘
1259,13:50:24,6.99,-0.01,1,699,卖盘
1260,13:50:21,7.0,--,105,73500,买盘
1261,13:50:18,7.0,--,160,112000,买盘
1262,13:50:15,7.0,0.01,40,28000,买盘
1263,13:50:12,6.99,--,2,1398,卖盘
1264,13:50:09,6.99,--,38,26562,卖盘
1265,13:50:06,6.99,--,254,177546,卖盘
1266,13:50:03,6.99,--,98,68502,买盘
1267,13:50:00,6.99,-0.01,14,9786,卖盘
1268,13:49:57,7.0,--,141,98700,买盘
1269,13:49:54,7.0,0.02,100,70000,买盘
1270,13:49:45,6.98,-0.01,161,112378,卖盘
1271,13:49:42,6.99,0.01,1,699,买盘
1272,13:49:36,6.98,-0.02,70,48860,卖盘
1273,13:49:33,7.0,--,176,123200,买盘
1274,13:49:27,7.0,--,10,7000,买盘
1275,13:49:24,7.0,0.01,314,219800,买盘
1276,13:49:21,6.99,--,13,9087,卖盘
1277,13:49:18,6.99,-0.01,215,150285,卖盘
1278,13:49:15,7.0,0.01,318,222600,买盘
1279,13:49:12,6.99,0.01,159,111141,卖盘
1280,13:49:09,6.98,-0.01,6,4188,卖盘
1281,13:49:06,6.99,-0.01,98,68502,卖盘
1282,13:49:03,7.0,0.01,560,392000,买盘
1283,13:49:00,6.99,-0.01,153,106947,卖盘
1284,13:48:57,7.0,0.01,1,700,买盘
1285,13:48:54,6.99,-0.01,63,44037,卖盘
1286,13:48:51,7.0,--,164,114800,买盘
1287,13:48:48,7.0,0.01,1053,737100,买盘
1288,13:48:45,6.99,-0.01,15,10485,卖盘
1289,13:48:42,7.0,--,21,14700,买盘
1290,13:48:39,7.0,0.01,162,113400,买盘
1291,13:48:36,6.99,--,108,75492,卖盘
1292,13:48:30,6.99,-0.01,42,29358,卖盘
1293,13:48:27,7.0,0.01,144,100800,买盘
1294,13:48:24,6.99,--,46,32154,卖盘
1295,13:48:21,6.99,-0.01,16,11184,中性盘
1296,13:48:18,7.0,--,45,31500,买盘
1297,13:48:15,7.0,0.01,168,117600,买盘
1298,13:48:12,6.99,-0.01,8,5592,卖盘
1299,13:48:09,7.0,0.01,15,10500,买盘
1300,13:48:06,6.99,--,239,167061,卖盘
1301,13:48:03,6.99,-0.01,1,699,中性盘
1302,13:48:00,7.0,--,33,23100,买盘
1303,13:47:57,7.0,--,80,56000,买盘
1304,13:47:54,7.0,--,224,156800,买盘
1305,13:47:51,7.0,--,100,70000,买盘
1306,13:47:48,7.0,--,1,700,买盘
1307,13:47:45,7.0,--,25,17500,买盘
1308,13:47:42,7.0,--,174,121800,买盘
1309,13:47:39,7.0,0.01,67,46900,买盘
1310,13:47:36,6.99,-0.01,7,4893,卖盘
1311,13:47:33,7.0,--,160,112000,卖盘
1312,13:47:30,7.0,--,103,72100,卖盘
1313,13:47:27,7.0,--,500,350000,卖盘
1314,13:47:24,7.0,--,1,700,卖盘
1315,13:47:21,7.0,--,209,146300,买盘
1316,13:47:15,7.0,--,21,14700,买盘
1317,13:47:12,7.0,--,63,44100,买盘
1318,13:47:09,7.0,0.01,265,185500,买盘
1319,13:47:06,6.99,--,21,14679,卖盘
1320,13:47:03,6.99,--,105,73395,卖盘
1321,13:47:00,6.99,--,166,116034,卖盘
1322,13:46:57,6.99,0.01,16,11184,买盘
1323,13:46:51,6.98,-0.01,124,86649,卖盘
1324,13:46:48,6.99,-0.02,287,201214,卖盘
1325,13:46:45,7.01,0.02,99,69399,买盘
1326,13:46:42,6.99,--,151,105549,卖盘
1327,13:46:36,6.99,--,179,125121,卖盘
1328,13:46:33,6.99,-0.01,205,143295,卖盘
1329,13:46:30,7.0,--,369,258300,买盘
1330,13:46:27,7.0,--,223,156100,买盘
1331,13:46:24,7.0,0.01,31,21700,买盘
1332,13:46:21,6.99,--,22,15378,卖盘
1333,13:46:18,6.99,-0.01,20,13980,卖盘
1334,13:46:15,7.0,--,550,385000,买盘
1335,13:46:12,7.0,--,21,14700,买盘
1336,13:46:09,7.0,-0.01,10,7000,中性盘
1337,13:46:03,7.01,0.01,198,139050,买盘
1338,13:46:00,7.0,--,3,2100,卖盘
1339,13:45:57,7.0,--,2554,1788248,买盘
1340,13:45:54,7.0,0.01,138,96600,买盘
1341,13:45:51,6.99,--,13,9087,卖盘
1342,13:45:48,6.99,--,10,6990,卖盘
1343,13:45:42,6.99,--,215,150285,卖盘
1344,13:45:36,6.99,-0.01,46,32154,卖盘
1345,13:45:33,7.0,0.01,112,78400,买盘
1346,13:45:30,6.99,-0.01,145,101355,卖盘
1347,13:45:27,7.0,0.01,198,138600,买盘
1348,13:45:24,6.99,-0.01,1,699,卖盘
1349,13:45:21,7.0,--,164,114800,买盘
1350,13:45:18,7.0,0.01,73,51100,买盘
1351,13:45:15,6.99,--,100,69900,卖盘
1352,13:45:12,6.99,--,23,16077,卖盘
1353,13:45:09,6.99,--,867,606130,买盘
1354,13:45:06,6.99,0.01,121,84579,买盘
1355,13:45:03,6.98,-0.01,115,80270,卖盘
1356,13:44:57,6.99,0.01,177,123723,买盘
1357,13:44:54,6.98,--,151,105398,卖盘
1358,13:44:51,6.98,--,20,13960,卖盘
1359,13:44:48,6.98,--,174,121452,卖盘
1360,13:44:42,6.98,-0.01,1,698,卖盘
1361,13:44:39,6.99,--,42,29358,买盘
1362,13:44:36,6.99,0.01,260,181740,买盘
1363,13:44:33,6.98,--,80,55840,卖盘
1364,13:44:30,6.98,-0.01,60,41880,卖盘
1365,13:44:24,6.99,0.01,150,104850,买盘
1366,13:44:21,6.98,--,1,698,卖盘
1367,13:44:18,6.98,-0.01,83,57934,卖盘
1368,13:44:15,6.99,0.01,165,115335,买盘
1369,13:44:12,6.98,0.01,1294,903735,买盘
1370,13:44:09,6.97,--,50,34850,卖盘
1371,13:44:06,6.97,--,21,14637,卖盘
1372,13:44:03,6.97,-0.01,257,179129,卖盘
1373,13:44:00,6.98,0.01,50,34900,买盘
1374,13:43:57,6.97,--,36,25092,买盘
1375,13:43:54,6.97,-0.01,5,3485,中性盘
1376,13:43:51,6.98,0.01,185,129130,买盘
1377,13:43:48,6.97,--,30,20910,卖盘
1378,13:43:45,6.97,--,3,2091,买盘
1379,13:43:42,6.97,--,190,132430,买盘
1380,13:43:39,6.97,--,100,69700,卖盘
1381,13:43:36,6.97,--,1,697,卖盘
1382,13:43:33,6.97,-0.01,66,46002,卖盘
1383,13:43:30,6.98,--,161,112378,买盘
1384,13:43:27,6.98,0.01,10,6980,买盘
1385,13:43:24,6.97,-0.01,1,697,卖盘
1386,13:43:21,6.98,--,5,3490,买盘
1387,13:43:18,6.98,--,183,127734,买盘
1388,13:43:15,6.98,--,33,23034,买盘
1389,13:43:12,6.98,--,41,28618,买盘
1390,13:43:09,6.98,0.02,153,106794,买盘
1391,13:43:06,6.96,--,21,14616,卖盘
1392,13:43:03,6.96,--,106,73776,卖盘
1393,13:43:00,6.96,-0.02,5,3480,卖盘
1394,13:42:57,6.98,0.02,162,113076,买盘
1395,13:42:54,6.96,-0.01,1,696,卖盘
1396,13:42:51,6.97,0.01,1,697,中性盘
1397,13:42:45,6.96,-0.01,255,177480,卖盘
1398,13:42:42,6.97,--,8,5576,买盘
1399,13:42:39,6.97,0.01,47,32759,买盘
1400,13:42:36,6.96,-0.01,548,381408,卖盘
1401,13:42:33,6.97,--,91,63427,买盘
1402,13:42:30,6.97,--,50,34850,买盘
1403,13:42:27,6.97,0.01,24,16728,买盘
1404,13:42:24,6.96,--,196,136416,卖盘
1405,13:42:21,6.96,--,8,5568,卖盘
1406,13:42:18,6.96,-0.01,12,8352,卖盘
1407,13:42:15,6.97,--,34,23698,买盘
1408,13:42:12,6.97,0.01,170,118490,买盘
1409,13:42:09,6.96,-0.01,1,696,卖盘
1410,13:42:06,6.97,0.02,29,20213,买盘
1411,13:42:03,6.95,-0.02,163,113285,卖盘
1412,13:42:00,6.97,0.01,180,125460,买盘
1413,13:41:54,6.96,--,26,18096,买盘
1414,13:41:51,6.96,--,163,113448,买盘
1415,13:41:48,6.96,--,25,17400,卖盘
1416,13:41:45,6.96,--,125,87000,卖盘
1417,13:41:42,6.96,-0.01,21,14616,卖盘
1418,13:41:39,6.97,--,173,120581,买盘
1419,13:41:36,6.97,0.02,50,34850,买盘
1420,13:41:33,6.95,-0.01,93,64635,卖盘
1421,13:41:30,6.96,-0.01,2,1392,卖盘
1422,13:41:27,6.97,0.01,169,117793,中性盘
1423,13:41:24,6.96,-0.01,421,293016,卖盘
1424,13:41:21,6.97,--,238,165886,卖盘
1425,13:41:18,6.97,--,206,143582,卖盘
1426,13:41:15,6.97,--,269,187493,卖盘
1427,13:41:12,6.97,--,55,38335,卖盘
1428,13:41:09,6.97,0.02,139,96883,中性盘
1429,13:41:06,6.95,--,233,161935,卖盘
1430,13:41:03,6.95,-0.02,57,39615,卖盘
1431,13:41:00,6.97,--,96,66912,买盘
1432,13:40:57,6.97,--,422,294134,买盘
1433,13:40:54,6.97,0.02,315,219555,买盘
1434,13:40:51,6.95,-0.01,4,2780,卖盘
1435,13:40:48,6.96,-0.01,10,6960,中性盘
1436,13:40:45,6.97,0.02,169,117793,买盘
1437,13:40:42,6.95,-0.01,153,106335,卖盘
1438,13:40:39,6.96,0.01,21,14616,卖盘
1439,13:40:36,6.95,-0.01,50,34750,卖盘
1440,13:40:33,6.96,--,176,122496,买盘
1441,13:40:30,6.96,--,96,66816,买盘
1442,13:40:27,6.96,--,30,20880,买盘
1443,13:40:24,6.96,0.01,32,22272,中性盘
1444,13:40:21,6.95,-0.01,849,590055,卖盘
1445,13:40:18,6.96,-0.01,50,34800,卖盘
1446,13:40:15,6.97,0.01,100,69700,买盘
1447,13:40:12,6.96,-0.01,363,252648,卖盘
1448,13:40:09,6.97,0.01,308,214676,买盘
1449,13:40:06,6.96,--,101,70296,卖盘
1450,13:40:03,6.96,--,167,116232,卖盘
1451,13:40:00,6.96,-0.01,396,275616,卖盘
1452,13:39:57,6.97,0.01,2,1394,买盘
1453,13:39:54,6.96,--,12,8352,卖盘
1454,13:39:51,6.96,--,1965,1367640,卖盘
1455,13:39:48,6.96,--,182,126672,卖盘
1456,13:39:45,6.96,--,52,36192,卖盘
1457,13:39:42,6.96,--,1,696,卖盘
1458,13:39:39,6.96,--,337,234552,卖盘
1459,13:39:36,6.96,--,10,6960,卖盘
1460,13:39:33,6.96,-0.01,208,144768,卖盘
1461,13:39:30,6.97,--,38,26548,卖盘
1462,13:39:27,6.97,0.01,1655,1154169,买盘
1463,13:39:24,6.96,--,75,52200,卖盘
1464,13:39:21,6.96,--,3,2088,卖盘
1465,13:39:18,6.96,-0.01,3,2088,卖盘
1466,13:39:15,6.97,0.01,170,118490,买盘
1467,13:39:12,6.96,-0.01,85,59160,卖盘
1468,13:39:09,6.97,0.01,301,209797,买盘
1469,13:39:06,6.96,--,176,122496,卖盘
1470,13:39:03,6.96,--,19,13224,卖盘
1471,13:39:00,6.96,-0.01,71,49416,卖盘
1472,13:38:54,6.97,--,215,149855,卖盘
1473,13:38:51,6.97,--,140,97580,买盘
1474,13:38:45,6.97,--,60,41820,买盘
1475,13:38:42,6.97,0.01,388,270436,买盘
1476,13:38:39,6.96,--,48,33408,卖盘
1477,13:38:36,6.96,-0.01,123,85608,卖盘
1478,13:38:33,6.97,--,651,453747,买盘
1479,13:38:30,6.97,0.01,210,146370,买盘
1480,13:38:27,6.96,--,213,148248,卖盘
1481,13:38:24,6.96,--,1,696,卖盘
1482,13:38:21,6.96,--,358,249168,卖盘
1483,13:38:18,6.96,--,1,696,卖盘
1484,13:38:15,6.96,--,200,139200,卖盘
1485,13:38:12,6.96,-0.01,18,12528,卖盘
1486,13:38:09,6.97,0.01,621,432837,买盘
1487,13:38:06,6.96,--,31,21576,卖盘
1488,13:38:03,6.96,--,2,1392,卖盘
1489,13:38:00,6.96,--,264,183744,卖盘
1490,13:37:57,6.96,-0.01,55,38280,卖盘
1491,13:37:54,6.97,--,65,45305,买盘
1492,13:37:51,6.97,--,100,69700,买盘
1493,13:37:48,6.97,0.01,154,107338,买盘
1494,13:37:45,6.96,--,54,37584,卖盘
1495,13:37:42,6.96,--,11,7656,卖盘
1496,13:37:39,6.96,--,32,22272,卖盘
1497,13:37:36,6.96,-0.01,236,164256,卖盘
1498,13:37:33,6.97,--,20,13940,买盘
1499,13:37:30,6.97,0.01,160,111520,买盘
1500,13:37:27,6.96,-0.01,81,56640,卖盘
1501,13:37:21,6.97,--,66,46357,卖盘
1502,13:37:18,6.97,--,400,278800,卖盘
1503,13:37:15,6.97,--,101,70397,卖盘
1504,13:37:12,6.97,--,5,3485,卖盘
1505,13:37:09,6.97,--,225,156825,卖盘
1506,13:37:06,6.97,--,21,14637,卖盘
1507,13:37:03,6.97,-0.01,59,41123,卖盘
1508,13:37:00,6.98,--,532,371336,买盘
1509,13:36:57,6.98,0.01,2,1396,买盘
1510,13:36:54,6.97,--,65,45305,卖盘
1511,13:36:51,6.97,-0.01,51,35547,卖盘
1512,13:36:48,6.98,0.01,3,2094,买盘
1513,13:36:45,6.97,--,62,43214,卖盘
1514,13:36:42,6.97,-0.01,4,2788,卖盘
1515,13:36:39,6.98,--,901,628898,买盘
1516,13:36:36,6.98,0.01,29,20242,买盘
1517,13:36:33,6.97,--,50,34850,卖盘
1518,13:36:30,6.97,--,96,66912,卖盘
1519,13:36:27,6.97,--,75,52275,卖盘
1520,13:36:24,6.97,-0.01,12,8364,卖盘
1521,13:36:21,6.98,--,161,112378,买盘
1522,13:36:15,6.98,--,441,307818,买盘
1523,13:36:12,6.98,--,8,5584,买盘
1524,13:36:09,6.98,--,3,2094,买盘
1525,13:36:06,6.98,0.01,91,63518,买盘
1526,13:36:03,6.97,--,18,12546,卖盘
1527,13:36:00,6.97,--,327,227919,卖盘
1528,13:35:57,6.97,--,544,379168,卖盘
1529,13:35:54,6.97,--,36,25092,卖盘
1530,13:35:48,6.97,--,30,20910,卖盘
1531,13:35:45,6.97,--,54,37638,卖盘
1532,13:35:42,6.97,--,1,697,卖盘
1533,13:35:36,6.97,-0.01,26,18122,卖盘
1534,13:35:33,6.98,--,3,2094,买盘
1535,13:35:30,6.98,0.01,110,76780,买盘
1536,13:35:24,6.97,-0.01,6,4182,卖盘
1537,13:35:18,6.98,--,407,284086,买盘
1538,13:35:09,6.98,0.01,1,698,买盘
1539,13:35:06,6.97,--,23,16031,卖盘
1540,13:35:03,6.97,-0.01,1,697,卖盘
1541,13:35:00,6.98,--,90,63273,卖盘
1542,13:34:57,6.98,--,50,34900,卖盘
1543,13:34:54,6.98,--,11,7678,卖盘
1544,13:34:51,6.98,--,5,3490,卖盘
1545,13:34:48,6.98,--,848,591904,卖盘
1546,13:34:45,6.98,--,302,210796,卖盘
1547,13:34:39,6.98,-0.01,1,698,卖盘
1548,13:34:36,6.99,0.01,108,75492,买盘
1549,13:34:33,6.98,-0.01,2,1396,卖盘
1550,13:34:30,6.99,0.01,105,73395,买盘
1551,13:34:24,6.98,--,17,11866,卖盘
1552,13:34:21,6.98,--,1,698,卖盘
1553,13:34:18,6.98,--,360,251280,卖盘
1554,13:34:15,6.98,-0.01,10,6980,卖盘
1555,13:34:12,6.99,0.01,1,699,买盘
1556,13:34:09,6.98,--,21,14658,卖盘
1557,13:34:06,6.98,-0.01,42,29316,卖盘
1558,13:34:03,6.99,--,5,3495,买盘
1559,13:34:00,6.99,0.01,10,6990,买盘
1560,13:33:57,6.98,--,81,56538,卖盘
1561,13:33:54,6.98,-0.01,146,101908,卖盘
1562,13:33:51,6.99,--,40,27960,买盘
1563,13:33:48,6.99,0.01,4,2796,买盘
1564,13:33:45,6.98,--,16,11168,卖盘
1565,13:33:42,6.98,--,206,143788,卖盘
1566,13:33:36,6.98,-0.01,1,698,卖盘
1567,13:33:33,6.99,0.01,83,58017,买盘
1568,13:33:30,6.98,--,42,29316,卖盘
1569,13:33:27,6.98,-0.01,89,62122,卖盘
1570,13:33:24,6.99,0.01,61,42639,买盘
1571,13:33:21,6.98,-0.01,26,18148,卖盘
1572,13:33:18,6.99,0.01,141,98559,买盘
1573,13:33:15,6.98,--,50,34900,卖盘
1574,13:33:12,6.98,--,972,678825,卖盘
1575,13:33:09,6.98,-0.01,20,13960,卖盘
1576,13:33:06,6.99,0.01,24,16776,买盘
1577,13:33:03,6.98,--,20,13960,卖盘
1578,13:33:00,6.98,--,22,15356,卖盘
1579,13:32:57,6.98,--,74,51652,卖盘
1580,13:32:51,6.98,--,147,102892,卖盘
1581,13:32:48,6.98,-0.01,17,11866,卖盘
1582,13:32:45,6.99,0.01,1,699,买盘
1583,13:32:42,6.98,--,2,1396,卖盘
1584,13:32:39,6.98,--,9,6282,卖盘
1585,13:32:36,6.98,--,4,2792,卖盘
1586,13:32:33,6.98,--,10,6980,卖盘
1587,13:32:30,6.98,--,2887,2015412,卖盘
1588,13:32:27,6.98,--,94,65612,卖盘
1589,13:32:24,6.98,--,1,698,卖盘
1590,13:32:21,6.98,--,243,169614,卖盘
1591,13:32:18,6.98,--,1,698,卖盘
1592,13:32:15,6.98,--,10,6980,卖盘
1593,13:32:12,6.98,0.01,35,24430,中性盘
1594,13:32:09,6.97,-0.02,61,42517,卖盘
1595,13:32:06,6.99,--,8,6193,卖盘
1596,13:32:03,6.99,--,179,125596,卖盘
1597,13:32:00,6.99,0.02,1916,1339605,买盘
1598,13:31:57,6.97,--,143,99671,卖盘
1599,13:31:54,6.97,--,12,8364,卖盘
1600,13:31:51,6.97,--,32,22304,卖盘
1601,13:31:48,6.97,--,1,697,卖盘
1602,13:31:45,6.97,--,96,66912,卖盘
1603,13:31:42,6.97,--,21,14637,卖盘
1604,13:31:39,6.97,--,171,119187,卖盘
1605,13:31:36,6.97,-0.01,260,181220,卖盘
1606,13:31:33,6.98,--,116,80968,买盘
1607,13:31:30,6.98,0.01,33,23034,买盘
1608,13:31:27,6.97,--,155,108035,卖盘
1609,13:31:24,6.97,--,742,517174,卖盘
1610,13:31:21,6.97,-0.01,82,57544,卖盘
1611,13:31:18,6.98,0.01,10,6980,买盘
1612,13:31:15,6.97,-0.01,20,13940,卖盘
1613,13:31:12,6.98,0.01,22,15356,买盘
1614,13:31:09,6.97,--,15,10455,卖盘
1615,13:31:06,6.97,--,137,95489,卖盘
1616,13:31:03,6.97,-0.01,112,78064,卖盘
1617,13:31:00,6.98,0.01,82,57473,买盘
1618,13:30:57,6.97,-0.01,87,60639,卖盘
1619,13:30:54,6.98,--,10,6980,买盘
1620,13:30:51,6.98,0.01,155,108190,买盘
1621,13:30:48,6.97,--,58,40426,卖盘
1622,13:30:45,6.97,-0.01,3027,2109819,卖盘
1623,13:30:42,6.98,0.01,429,299442,买盘
1624,13:30:36,6.97,--,18,13012,卖盘
1625,13:30:33,6.97,--,200,139400,卖盘
1626,13:30:30,6.97,--,29,20213,卖盘
1627,13:30:27,6.97,--,301,209797,卖盘
1628,13:30:24,6.97,--,274,190978,卖盘
1629,13:30:21,6.97,-0.01,63,43911,卖盘
1630,13:30:18,6.98,0.01,29,20242,买盘
1631,13:30:15,6.97,-0.01,100,69700,卖盘
1632,13:30:12,6.98,0.01,10,6980,买盘
1633,13:30:09,6.97,--,5,3485,卖盘
1634,13:30:06,6.97,-0.01,128,89216,卖盘
1635,13:30:03,6.98,--,251,175198,买盘
1636,13:30:00,6.98,0.01,22,15356,买盘
1637,13:29:57,6.97,--,110,76670,卖盘
1638,13:29:51,6.97,-0.01,760,529720,卖盘
1639,13:29:48,6.98,--,132,92136,买盘
1640,13:29:45,6.98,--,55,38390,买盘
1641,13:29:42,6.98,--,608,424921,卖盘
1642,13:29:39,6.98,--,568,396464,卖盘
1643,13:29:36,6.98,--,16,11168,卖盘
1644,13:29:33,6.98,-0.01,38,26524,卖盘
1645,13:29:30,6.99,0.01,11,7689,买盘
1646,13:29:27,6.98,--,178,124244,卖盘
1647,13:29:24,6.98,-0.01,57,39786,卖盘
1648,13:29:21,6.99,0.01,20,13980,买盘
1649,13:29:18,6.98,-0.01,1004,700792,卖盘
1650,13:29:15,6.99,--,5,3495,买盘
1651,13:29:12,6.99,--,124,86676,买盘
1652,13:29:09,6.99,0.01,60,41940,买盘
1653,13:29:06,6.98,--,102,71196,卖盘
1654,13:29:03,6.98,--,13,9074,卖盘
1655,13:29:00,6.98,--,32,22496,卖盘
1656,13:28:57,6.98,--,197,137506,卖盘
1657,13:28:54,6.98,--,44,30712,卖盘
1658,13:28:51,6.98,--,69,48162,卖盘
1659,13:28:48,6.98,-0.01,1,698,卖盘
1660,13:28:45,6.99,--,110,76890,买盘
1661,13:28:42,6.99,--,87,60813,买盘
1662,13:28:39,6.99,--,6,4194,买盘
1663,13:28:36,6.99,0.01,12,8388,买盘
1664,13:28:33,6.98,-0.01,41,28618,卖盘
1665,13:28:30,6.99,--,5,3495,买盘
1666,13:28:24,6.99,--,426,298445,卖盘
1667,13:28:21,6.99,-0.01,3610,2523390,卖盘
1668,13:28:18,7.0,0.01,94,65800,买盘
1669,13:28:15,6.99,--,100,69900,卖盘
1670,13:28:12,6.99,-0.01,3,2097,卖盘
1671,13:28:09,7.0,--,19,13300,买盘
1672,13:28:03,7.0,--,2026,1418200,卖盘
1673,13:28:00,7.0,--,404,282800,卖盘
1674,13:27:57,7.0,--,74,51800,卖盘
1675,13:27:54,7.0,-0.01,72,50400,卖盘
1676,13:27:48,7.01,0.01,31,21731,买盘
1677,13:27:45,7.0,-0.01,105,73500,卖盘
1678,13:27:42,7.01,--,1049,735349,买盘
1679,13:27:39,7.01,0.01,30,21030,买盘
1680,13:27:36,7.0,-0.01,81,56700,卖盘
1681,13:27:33,7.01,--,11,7711,买盘
1682,13:27:30,7.01,--,8,6196,卖盘
1683,13:27:27,7.01,--,51,35751,卖盘
1684,13:27:24,7.01,--,144,100944,卖盘
1685,13:27:21,7.01,--,74,51986,卖盘
1686,13:27:15,7.01,-0.01,1,701,卖盘
1687,13:27:12,7.02,0.01,38,26676,买盘
1688,13:27:09,7.01,-0.01,41,28741,卖盘
1689,13:27:06,7.02,0.01,36,25272,买盘
1690,13:27:03,7.01,--,329,230629,卖盘
1691,13:27:00,7.01,-0.01,6,4206,卖盘
1692,13:26:54,7.02,0.02,197,138294,买盘
1693,13:26:51,7.0,-0.01,48,33600,卖盘
1694,13:26:48,7.01,--,45,31545,买盘
1695,13:26:45,7.01,-0.01,19,13319,中性盘
1696,13:26:42,7.02,--,1133,796053,买盘
1697,13:26:36,7.02,0.01,130,91260,买盘
1698,13:26:33,7.01,--,91,63791,卖盘
1699,13:26:30,7.01,--,22,15422,卖盘
1700,13:26:27,7.01,--,67,46967,卖盘
1701,13:26:24,7.01,0.01,1739,1219053,买盘
1702,13:26:21,7.0,-0.01,54,37800,卖盘
1703,13:26:18,7.01,--,60,42060,买盘
1704,13:26:15,7.01,0.01,16,11216,买盘
1705,13:26:12,7.0,-0.01,1,700,卖盘
1706,13:26:09,7.01,--,55,38555,买盘
1707,13:26:06,7.01,--,74,51874,买盘
1708,13:26:03,7.01,0.01,10,7010,买盘
1709,13:26:00,7.0,-0.01,19,13300,卖盘
1710,13:25:54,7.01,--,365,255865,买盘
1711,13:25:51,7.01,0.01,30,21030,买盘
1712,13:25:48,7.0,-0.01,2,1400,卖盘
1713,13:25:45,7.01,0.01,1551,1087251,买盘
1714,13:25:42,7.0,-0.01,3,2100,卖盘
1715,13:25:39,7.01,--,42,29442,买盘
1716,13:25:36,7.01,--,26,18226,买盘
1717,13:25:33,7.01,--,6,4206,买盘
1718,13:25:30,7.01,--,85,59585,买盘
1719,13:25:27,7.01,--,263,185049,卖盘
1720,13:25:24,7.01,--,77,53977,卖盘
1721,13:25:21,7.01,-0.01,287,201187,卖盘
1722,13:25:18,7.02,0.01,31,21762,买盘
1723,13:25:15,7.01,0.01,322,225736,买盘
1724,13:25:12,7.0,-0.01,24,16800,卖盘
1725,13:25:09,7.01,0.01,70,49070,买盘
1726,13:25:06,7.0,-0.02,85,60186,卖盘
1727,13:25:03,7.02,0.01,494,346802,买盘
1728,13:25:00,7.01,--,2,1402,买盘
1729,13:24:54,7.01,--,177,124763,卖盘
1730,13:24:51,7.01,--,350,245350,卖盘
1731,13:24:48,7.01,--,22,15422,卖盘
1732,13:24:45,7.01,0.01,191,133905,买盘
1733,13:24:42,7.0,--,200,140000,卖盘
1734,13:24:39,7.0,--,101,70700,卖盘
1735,13:24:36,7.0,-0.01,59,41300,卖盘
1736,13:24:33,7.01,--,41,28741,买盘
1737,13:24:30,7.01,0.01,93,65193,买盘
1738,13:24:24,7.0,-0.01,2187,1530900,卖盘
1739,13:24:21,7.01,--,2,1402,买盘
1740,13:24:18,7.01,--,102,71502,买盘
1741,13:24:15,7.01,--,41,28741,买盘
1742,13:24:12,7.01,--,2,1402,买盘
1743,13:24:09,7.01,--,16,11216,买盘
1744,13:24:06,7.01,0.01,228,159828,买盘
1745,13:24:03,7.0,--,3,2100,卖盘
1746,13:24:00,7.0,-0.01,25,17500,卖盘
1747,13:23:57,7.01,0.01,60,42060,买盘
1748,13:23:54,7.0,--,71,49700,卖盘
1749,13:23:45,7.0,-0.01,65,45500,卖盘
1750,13:23:42,7.01,0.01,50,35050,买盘
1751,13:23:36,7.0,--,4,2800,卖盘
1752,13:23:33,7.0,--,1,700,卖盘
1753,13:23:30,7.0,--,3,2100,卖盘
1754,13:23:27,7.0,0.01,33,23100,买盘
1755,13:23:24,6.99,-0.02,87,60813,卖盘
1756,13:23:21,7.01,0.01,934,654734,买盘
1757,13:23:18,7.0,--,12,8400,卖盘
1758,13:23:15,7.0,--,75,52500,卖盘
1759,13:23:12,7.0,-0.01,154,107800,卖盘
1760,13:23:09,7.01,0.01,72,50472,买盘
1761,13:23:06,7.0,--,97,67900,卖盘
1762,13:23:03,7.0,--,1474,1031800,买盘
1763,13:23:00,7.0,0.01,9,6300,买盘
1764,13:22:57,6.99,-0.01,346,241854,卖盘
1765,13:22:54,7.0,--,99,69300,买盘
1766,13:22:45,7.0,--,72,50400,买盘
1767,13:22:42,7.0,--,76,53200,卖盘
1768,13:22:39,7.0,--,28,19600,卖盘
1769,13:22:36,7.0,0.01,42,29400,买盘
1770,13:22:33,6.99,-0.01,687,480213,卖盘
1771,13:22:30,7.0,0.01,650,455000,买盘
1772,13:22:27,6.99,--,3,2097,卖盘
1773,13:22:24,6.99,-0.01,89,62211,卖盘
1774,13:22:21,7.0,0.01,559,391300,买盘
1775,13:22:18,6.99,-0.01,129,90171,卖盘
1776,13:22:15,7.0,--,118,82600,买盘
1777,13:22:12,7.0,--,504,352800,买盘
1778,13:22:09,7.0,--,63,44100,买盘
1779,13:22:06,7.0,0.01,260,182000,买盘
1780,13:22:03,6.99,--,5,3495,卖盘
1781,13:22:00,6.99,--,23,16077,卖盘
1782,13:21:51,6.99,--,99,69201,卖盘
1783,13:21:42,6.99,--,3,2097,卖盘
1784,13:21:39,6.99,-0.01,233,162867,卖盘
1785,13:21:36,7.0,0.01,28,19600,买盘
1786,13:21:33,6.99,--,204,142596,卖盘
1787,13:21:30,6.99,-0.01,148,103452,卖盘
1788,13:21:27,7.0,0.01,10,7000,买盘
1789,13:21:24,6.99,--,201,140499,卖盘
1790,13:21:21,6.99,-0.01,91,63609,卖盘
1791,13:21:18,7.0,0.01,55,38500,买盘
1792,13:21:15,6.99,--,10,6990,卖盘
1793,13:21:12,6.99,--,10,6990,卖盘
1794,13:21:09,6.99,-0.01,90,62910,卖盘
1795,13:21:06,7.0,--,228,159600,买盘
1796,13:21:03,7.0,0.01,147,102900,买盘
1797,13:21:00,6.99,--,3,2097,卖盘
1798,13:20:57,6.99,--,36,25164,卖盘
1799,13:20:54,6.99,-0.01,9,6291,卖盘
1800,13:20:51,7.0,--,437,305900,买盘
1801,13:20:45,7.0,0.01,45,31500,买盘
1802,13:20:42,6.99,--,90,62910,卖盘
1803,13:20:39,6.99,--,555,387945,卖盘
1804,13:20:33,6.99,--,16,11184,卖盘
1805,13:20:30,6.99,-0.01,62,43338,卖盘
1806,13:20:27,7.0,--,63,44100,买盘
1807,13:20:24,7.0,0.01,21,14700,买盘
1808,13:20:21,6.99,-0.01,105,73395,卖盘
1809,13:20:18,7.0,--,41,28700,买盘
1810,13:20:12,7.0,0.01,1,700,买盘
1811,13:20:09,6.99,-0.01,90,62910,卖盘
1812,13:20:06,7.0,0.01,45,31500,买盘
1813,13:20:03,6.99,-0.01,383,267717,卖盘
1814,13:20:00,7.0,--,106,74200,买盘
1815,13:19:54,7.0,0.01,42,29400,买盘
1816,13:19:51,6.99,-0.01,64,44736,卖盘
1817,13:19:45,7.0,--,15,10500,买盘
1818,13:19:42,7.0,--,4,2800,买盘
1819,13:19:39,7.0,--,5,3500,买盘
1820,13:19:36,7.0,--,123,86100,买盘
1821,13:19:33,7.0,--,2,1400,买盘
1822,13:19:30,7.0,0.01,3,2100,买盘
1823,13:19:24,6.99,--,7,4893,卖盘
1824,13:19:21,6.99,-0.01,81,56619,卖盘
1825,13:19:18,7.0,--,3002,2101400,买盘
1826,13:19:15,7.0,0.01,700,490000,买盘
1827,13:19:09,6.99,-0.01,244,171108,卖盘
1828,13:19:06,7.0,0.01,176,123200,买盘
1829,13:19:03,6.99,--,8,5592,卖盘
1830,13:19:00,6.99,--,2,1398,卖盘
1831,13:18:54,6.99,--,106,74094,卖盘
1832,13:18:51,6.99,--,293,204807,卖盘
1833,13:18:48,6.99,-0.01,20,13980,卖盘
1834,13:18:45,7.0,--,3,2100,买盘
1835,13:18:42,7.0,--,5,3500,买盘
1836,13:18:39,7.0,0.01,10,7000,买盘
1837,13:18:36,6.99,-0.01,130,90870,卖盘
1838,13:18:33,7.0,--,231,161700,买盘
1839,13:18:30,7.0,--,50,35000,买盘
1840,13:18:27,7.0,--,741,518700,买盘
1841,13:18:24,7.0,--,26,18375,买盘
1842,13:18:21,7.0,0.01,113,79100,买盘
1843,13:18:18,6.99,--,22,15378,卖盘
1844,13:18:15,6.99,--,650,454350,卖盘
1845,13:18:12,6.99,-0.01,110,76890,卖盘
1846,13:18:09,7.0,--,50,35000,买盘
1847,13:18:06,7.0,--,63,44100,买盘
1848,13:18:03,7.0,--,81,56700,买盘
1849,13:18:00,7.0,--,13,9100,买盘
1850,13:17:57,7.0,--,149,104300,买盘
1851,13:17:54,7.0,--,609,426300,买盘
1852,13:17:51,7.0,0.01,317,221900,买盘
1853,13:17:48,6.99,-0.01,314,219486,卖盘
1854,13:17:45,7.0,--,2,1400,买盘
1855,13:17:36,7.0,--,990,693000,买盘
1856,13:17:33,7.0,0.01,166,116200,买盘
1857,13:17:30,6.99,-0.01,58,40542,卖盘
1858,13:17:27,7.0,--,49,34300,买盘
1859,13:17:24,7.0,--,293,205100,买盘
1860,13:17:21,7.0,0.01,106,74200,买盘
1861,13:17:18,6.99,--,18,12582,卖盘
1862,13:17:15,6.99,-0.02,99,69201,卖盘
1863,13:17:12,7.01,0.01,167,117067,买盘
1864,13:17:09,7.0,--,36,25200,买盘
1865,13:17:06,7.0,-0.01,131,91700,卖盘
1866,13:17:03,7.01,0.01,42,29442,买盘
1867,13:17:00,7.0,--,3,2100,卖盘
1868,13:16:57,7.0,--,201,140700,买盘
1869,13:16:54,7.0,0.01,44,30800,买盘
1870,13:16:51,6.99,-0.01,73,51027,卖盘
1871,13:16:48,7.0,--,559,391300,买盘
1872,13:16:45,7.0,--,22,15400,买盘
1873,13:16:42,7.0,--,130,91000,买盘
1874,13:16:39,7.0,--,75,52500,买盘
1875,13:16:33,7.0,--,88,61600,买盘
1876,13:16:30,7.0,--,1,700,买盘
1877,13:16:27,7.0,--,76,53200,买盘
1878,13:16:24,7.0,0.01,1009,706300,买盘
1879,13:16:21,6.99,--,84,58716,卖盘
1880,13:16:18,6.99,--,2,1398,卖盘
1881,13:16:15,6.99,-0.01,4,2796,卖盘
1882,13:16:12,7.0,--,49,34300,买盘
1883,13:16:09,7.0,0.01,13,9100,买盘
1884,13:16:06,6.99,--,21,14679,卖盘
1885,13:16:03,6.99,-0.01,1236,863964,卖盘
1886,13:16:00,7.0,0.01,29,20300,买盘
1887,13:15:57,6.99,--,99,69201,卖盘
1888,13:15:54,6.99,-0.01,1,699,卖盘
1889,13:15:51,7.0,0.01,13,9100,买盘
1890,13:15:48,6.99,-0.01,184,128616,卖盘
1891,13:15:45,7.0,--,48,33600,买盘
1892,13:15:42,7.0,--,88,61600,买盘
1893,13:15:39,7.0,--,1706,1194200,买盘
1894,13:15:36,7.0,0.01,55,38500,买盘
1895,13:15:30,6.99,-0.01,42,29358,中性盘
1896,13:15:21,7.0,0.02,115,80500,买盘
1897,13:15:18,6.98,-0.02,569,397162,卖盘
1898,13:15:12,7.0,--,486,340200,买盘
1899,13:15:09,7.0,0.02,189,132300,买盘
1900,13:15:06,6.98,-0.01,20,13960,卖盘
1901,13:15:03,6.99,--,2,1398,买盘
1902,13:15:00,6.99,--,317,221583,买盘
1903,13:14:57,6.99,--,29,20271,买盘
1904,13:14:54,6.99,--,45,31455,买盘
1905,13:14:48,6.99,--,149,104151,卖盘
1906,13:14:42,6.99,--,8,5592,卖盘
1907,13:14:39,6.99,--,6,4194,卖盘
1908,13:14:30,6.99,--,2,1398,卖盘
1909,13:14:27,6.99,--,487,340413,卖盘
1910,13:14:21,6.99,--,426,297774,买盘
1911,13:14:18,6.99,--,118,82482,买盘
1912,13:14:15,6.99,--,43,30057,买盘
1913,13:14:12,6.99,0.01,59,41241,买盘
1914,13:14:09,6.98,-0.01,6,4188,卖盘
1915,13:14:06,6.99,0.01,26,18174,买盘
1916,13:14:03,6.98,-0.01,2,1396,卖盘
1917,13:14:00,6.99,--,1923,1344177,买盘
1918,13:13:57,6.99,--,4,2796,买盘
1919,13:13:54,6.99,--,11,7689,买盘
1920,13:13:51,6.99,--,26,18174,买盘
1921,13:13:48,6.99,--,118,82482,买盘
1922,13:13:33,6.99,--,103,71997,买盘
1923,13:13:30,6.99,--,135,94365,买盘
1924,13:13:21,6.99,0.02,163,113937,买盘
1925,13:13:18,6.97,-0.01,94,65518,卖盘
1926,13:13:09,6.98,0.01,111,77478,买盘
1927,13:13:06,6.97,--,20,13940,卖盘
1928,13:13:03,6.97,--,11,7667,卖盘
1929,13:13:00,6.97,-0.01,1271,885887,卖盘
1930,13:12:57,6.98,--,71,49558,买盘
1931,13:12:54,6.98,--,168,117264,卖盘
1932,13:12:48,6.98,--,311,217078,卖盘
1933,13:12:42,6.98,--,10,6980,卖盘
1934,13:12:39,6.98,--,531,370638,卖盘
1935,13:12:36,6.98,--,133,92834,卖盘
1936,13:12:33,6.98,--,60,41880,买盘
1937,13:12:30,6.98,--,1,698,买盘
1938,13:12:24,6.98,--,121,84458,买盘
1939,13:12:21,6.98,--,67,46766,买盘
1940,13:12:18,6.98,--,13,9074,卖盘
1941,13:12:15,6.98,--,135,94230,卖盘
1942,13:12:12,6.98,--,214,149372,卖盘
1943,13:12:09,6.98,0.01,24,17394,买盘
1944,13:12:06,6.97,--,52,36244,卖盘
1945,13:12:03,6.97,--,130,90610,卖盘
1946,13:12:00,6.97,--,9,6273,卖盘
1947,13:11:57,6.97,--,8,5576,卖盘
1948,13:11:54,6.97,-0.01,20,13940,卖盘
1949,13:11:51,6.98,0.02,732,510936,买盘
1950,13:11:48,6.96,-0.01,189,131544,卖盘
1951,13:11:42,6.97,--,130,90610,买盘
1952,13:11:39,6.97,--,12,8364,买盘
1953,13:11:36,6.97,--,2,1394,买盘
1954,13:11:33,6.97,0.01,3,2091,买盘
1955,13:11:30,6.96,-0.01,128,89088,卖盘
1956,13:11:27,6.97,-0.01,3011,2098667,买盘
1957,13:11:21,6.98,--,46,32108,买盘
1958,13:11:18,6.98,--,107,74686,买盘
1959,13:11:09,6.98,0.02,114,79572,买盘
1960,13:11:06,6.96,-0.02,21,14616,卖盘
1961,13:11:03,6.98,--,21,14658,买盘
1962,13:11:00,6.98,0.02,100,69800,买盘
1963,13:10:54,6.96,--,37,25752,卖盘
1964,13:10:51,6.96,-0.02,86,59856,卖盘
1965,13:10:48,6.98,--,143,99814,买盘
1966,13:10:45,6.98,--,673,469754,买盘
1967,13:10:39,6.98,0.01,81,56538,买盘
1968,13:10:36,6.97,--,80,55760,卖盘
1969,13:10:33,6.97,--,12,8364,卖盘
1970,13:10:30,6.97,-0.01,294,204918,卖盘
1971,13:10:27,6.98,0.01,80,55840,买盘
1972,13:10:24,6.97,0.01,53,36941,买盘
1973,13:10:21,6.96,-0.01,5,3480,卖盘
1974,13:10:18,6.97,-0.01,61,42517,卖盘
1975,13:10:15,6.98,--,128,89344,买盘
1976,13:10:12,6.98,0.01,24,16752,买盘
1977,13:10:09,6.97,-0.01,6,4182,卖盘
1978,13:10:06,6.98,--,109,76082,买盘
1979,13:09:57,6.98,0.01,7,4886,买盘
1980,13:09:54,6.97,--,235,163795,卖盘
1981,13:09:48,6.97,--,122,85034,卖盘
1982,13:09:45,6.97,-0.01,61,42517,卖盘
1983,13:09:42,6.98,0.01,89,62122,买盘
1984,13:09:39,6.97,-0.01,7,4879,卖盘
1985,13:09:33,6.98,0.01,195,136110,买盘
1986,13:09:24,6.97,-0.01,328,228616,卖盘
1987,13:09:21,6.98,--,88,61424,买盘
1988,13:09:18,6.98,0.01,40,27920,买盘
1989,13:09:15,6.97,-0.01,304,211888,卖盘
1990,13:09:09,6.98,0.01,84,58632,买盘
1991,13:09:06,6.97,--,30,20910,卖盘
1992,13:09:03,6.97,-0.01,1,697,卖盘
1993,13:09:00,6.98,--,87,60726,买盘
1994,13:08:57,6.98,0.01,1,698,买盘
1995,13:08:51,6.97,-0.01,14,9758,卖盘
1996,13:08:48,6.98,--,94,65612,买盘
1997,13:08:45,6.98,--,158,110284,买盘
1998,13:08:36,6.98,0.01,119,83062,买盘
1999,13:08:30,6.97,-0.01,51,35547,卖盘
2000,13:08:27,6.98,0.01,90,62820,买盘
2001,13:08:21,6.97,-0.01,4,2788,卖盘
2002,13:08:18,6.98,--,9,6282,买盘
2003,13:08:15,6.98,0.01,230,160540,买盘
2004,13:08:12,6.97,-0.01,3,2091,卖盘
2005,13:08:09,6.98,0.01,156,108888,买盘
2006,13:08:06,6.97,-0.01,20,13940,卖盘
2007,13:08:03,6.98,0.01,88,61424,买盘
2008,13:07:57,6.97,-0.01,43,29971,卖盘
2009,13:07:54,6.98,0.01,83,57934,买盘
2010,13:07:48,6.97,-0.01,40,27880,卖盘
2011,13:07:45,6.98,--,107,74686,买盘
2012,13:07:42,6.98,--,82,57236,买盘
2013,13:07:33,6.98,--,107,74686,买盘
2014,13:07:30,6.98,--,81,56538,买盘
2015,13:07:21,6.98,0.01,96,67008,买盘
2016,13:07:18,6.97,--,1,697,卖盘
2017,13:07:15,6.97,--,195,135915,卖盘
2018,13:07:12,6.97,-0.01,20,13940,卖盘
2019,13:07:09,6.98,0.01,94,65612,买盘
2020,13:07:06,6.97,--,22,15334,卖盘
2021,13:07:00,6.97,-0.01,103,71791,卖盘
2022,13:06:57,6.98,0.01,152,106096,买盘
2023,13:06:51,6.97,-0.01,5,3485,卖盘
2024,13:06:48,6.98,0.01,328,228944,买盘
2025,13:06:45,6.97,-0.01,102,71094,卖盘
2026,13:06:36,6.98,0.01,85,59330,买盘
2027,13:06:33,6.97,--,20,13940,买盘
2028,13:06:30,6.97,--,760,529720,卖盘
2029,13:06:27,6.97,-0.01,28,19516,卖盘
2030,13:06:24,6.98,--,93,64914,买盘
2031,13:06:21,6.98,0.01,95,66310,买盘
2032,13:06:18,6.97,--,3,2091,卖盘
2033,13:06:15,6.97,-0.01,214,149158,卖盘
2034,13:06:12,6.98,0.01,142,99116,买盘
2035,13:06:06,6.97,--,20,13940,卖盘
2036,13:06:03,6.97,--,192,133824,卖盘
2037,13:05:57,6.97,-0.01,15,10455,卖盘
2038,13:05:54,6.98,--,230,160540,买盘
2039,13:05:51,6.98,0.01,85,59330,买盘
2040,13:05:48,6.97,--,9,6273,卖盘
2041,13:05:45,6.97,-0.01,163,113611,卖盘
2042,13:05:42,6.98,--,124,86552,买盘
2043,13:05:33,6.98,--,45,31410,买盘
2044,13:05:30,6.98,--,83,57934,买盘
2045,13:05:27,6.98,--,2,1396,买盘
2046,13:05:24,6.98,--,20,13960,买盘
2047,13:05:18,6.98,0.01,99,69102,买盘
2048,13:05:15,6.97,-0.01,98,68306,卖盘
2049,13:05:12,6.98,--,40,27920,买盘
2050,13:05:09,6.98,0.01,96,67008,买盘
2051,13:05:06,6.97,-0.01,25,17425,卖盘
2052,13:05:03,6.98,0.01,4,2792,买盘
2053,13:04:57,6.97,-0.01,99,69003,卖盘
2054,13:04:54,6.98,0.01,20,13960,买盘
2055,13:04:51,6.97,--,51,35547,卖盘
2056,13:04:48,6.97,-0.01,35,24395,卖盘
2057,13:04:45,6.98,0.01,172,120056,买盘
2058,13:04:42,6.97,--,45,31365,卖盘
2059,13:04:39,6.97,-0.01,370,257890,卖盘
2060,13:04:36,6.98,0.01,98,68404,买盘
2061,13:04:30,6.97,-0.01,3,2091,中性盘
2062,13:04:24,6.98,--,93,64914,买盘
2063,13:04:21,6.98,0.01,94,65612,买盘
2064,13:04:15,6.97,-0.01,14,9758,卖盘
2065,13:04:12,6.98,--,92,64216,买盘
2066,13:04:09,6.98,0.01,98,68404,买盘
2067,13:04:06,6.97,--,41,28577,卖盘
2068,13:04:03,6.97,--,95,66215,卖盘
2069,13:04:00,6.97,--,44,30668,卖盘
2070,13:03:57,6.97,-0.01,50,34850,卖盘
2071,13:03:51,6.98,0.01,91,63518,买盘
2072,13:03:48,6.97,--,30,20910,买盘
2073,13:03:45,6.97,0.01,5,3485,买盘
2074,13:03:42,6.96,-0.01,71,49416,卖盘
2075,13:03:39,6.97,--,124,86428,买盘
2076,13:03:36,6.97,0.01,41,28577,买盘
2077,13:03:33,6.96,-0.01,32,22272,卖盘
2078,13:03:30,6.97,--,41,28577,买盘
2079,13:03:27,6.97,--,332,231404,买盘
2080,13:03:24,6.97,0.01,9,6273,买盘
2081,13:03:18,6.96,-0.01,96,66816,卖盘
2082,13:03:15,6.97,0.01,40,27880,买盘
2083,13:03:12,6.96,--,61,42456,卖盘
2084,13:03:06,6.96,-0.01,94,65424,卖盘
2085,13:03:03,6.97,--,403,280946,卖盘
2086,13:02:57,6.97,-0.01,14,9758,卖盘
2087,13:02:54,6.98,--,89,62122,买盘
2088,13:02:45,6.98,0.01,88,61424,买盘
2089,13:02:42,6.97,--,79,55063,卖盘
2090,13:02:39,6.97,-0.01,1,697,卖盘
2091,13:02:33,6.98,--,143,99814,买盘
2092,13:02:30,6.98,0.01,2,1396,买盘
2093,13:02:24,6.97,-0.01,9,6273,卖盘
2094,13:02:21,6.98,0.01,85,59330,买盘
2095,13:02:15,6.97,--,200,139400,卖盘
2096,13:02:12,6.97,--,168,117096,卖盘
2097,13:02:09,6.97,-0.01,54,37638,卖盘
2098,13:02:06,6.98,0.01,34,23732,买盘
2099,13:02:03,6.97,--,3000,2091000,卖盘
2100,13:02:00,6.97,--,211,147067,卖盘
2101,13:01:51,6.97,-0.01,44,30668,卖盘
2102,13:01:48,6.98,0.01,85,59330,买盘
2103,13:01:45,6.97,--,48,33456,卖盘
2104,13:01:42,6.97,-0.01,54,37638,卖盘
2105,13:01:39,6.98,0.01,98,68404,买盘
2106,13:01:30,6.97,-0.01,1,697,卖盘
2107,13:01:27,6.98,0.01,81,56538,买盘
2108,13:01:24,6.97,--,26,18122,卖盘
2109,13:01:18,6.97,-0.01,7,4879,卖盘
2110,13:01:15,6.98,--,95,66310,买盘
2111,13:01:12,6.98,--,176,122848,买盘
2112,13:01:09,6.98,--,41,28618,买盘
2113,13:01:06,6.98,-0.01,121,84458,卖盘
2114,13:01:03,6.99,--,4,2796,买盘
2115,13:01:00,6.99,--,60,41940,买盘
2116,13:00:57,6.99,--,156,109044,买盘
2117,13:00:54,6.99,--,49,34251,买盘
2118,13:00:51,6.99,--,1,699,买盘
2119,13:00:48,6.99,0.01,76,53124,买盘
2120,13:00:42,6.98,-0.01,96,67008,卖盘
2121,13:00:39,6.99,--,3,2097,买盘
2122,13:00:36,6.99,0.02,76,53124,买盘
2123,13:00:33,6.97,-0.02,1,697,卖盘
2124,13:00:30,6.99,--,21,14679,买盘
2125,13:00:24,6.99,0.01,85,59415,买盘
2126,13:00:21,6.98,--,8,5584,卖盘
2127,13:00:18,6.98,--,2,1396,买盘
2128,13:00:15,6.98,--,77,53746,买盘
2129,13:00:12,6.98,--,33,23034,卖盘
2130,13:00:09,6.98,--,42,29316,卖盘
2131,13:00:06,6.98,--,739,515822,买盘
2132,13:00:03,6.98,--,2877,2008788,买盘
2133,13:00:00,6.98,--,0,0,买盘
2134,11:30:00,6.98,0.01,1,698,买盘
2135,11:29:57,6.97,--,34,23698,卖盘
2136,11:29:54,6.97,-0.02,1,697,卖盘
2137,11:29:51,6.99,0.02,75,52425,买盘
2138,11:29:42,6.97,-0.01,191,133127,卖盘
2139,11:29:39,6.98,0.01,10,6980,买盘
2140,11:29:33,6.97,-0.01,26,18122,卖盘
2141,11:29:30,6.98,--,82,57236,买盘
2142,11:29:27,6.98,--,2,1396,买盘
2143,11:29:24,6.98,--,94,65612,买盘
2144,11:29:18,6.98,--,76,53048,买盘
2145,11:29:15,6.98,--,11,7678,买盘
2146,11:29:12,6.98,--,6,4188,买盘
2147,11:29:09,6.98,--,130,90740,卖盘
2148,11:28:57,6.98,-0.01,76,53048,中性盘
2149,11:28:51,6.99,0.01,90,62910,买盘
2150,11:28:48,6.98,--,245,171010,买盘
2151,11:28:45,6.98,0.01,79,55142,买盘
2152,11:28:42,6.97,--,84,58548,卖盘
2153,11:28:39,6.97,-0.01,3,2091,卖盘
2154,11:28:36,6.98,--,96,67008,买盘
2155,11:28:30,6.98,0.01,1,698,买盘
2156,11:28:27,6.97,-0.01,21,14637,卖盘
2157,11:28:24,6.98,0.01,82,57236,买盘
2158,11:28:18,6.97,-0.01,10,6970,卖盘
2159,11:28:12,6.98,0.01,190,132620,买盘
2160,11:28:09,6.97,-0.01,17,11849,卖盘
2161,11:28:03,6.98,--,79,55142,买盘
2162,11:28:00,6.98,0.01,38,26524,买盘
2163,11:27:57,6.97,-0.01,10,6970,卖盘
2164,11:27:51,6.98,--,77,53746,买盘
2165,11:27:45,6.98,--,1,698,买盘
2166,11:27:42,6.98,--,326,227548,买盘
2167,11:27:39,6.98,0.01,113,78874,买盘
2168,11:27:33,6.97,-0.01,46,32062,卖盘
2169,11:27:30,6.98,--,4,2792,买盘
2170,11:27:27,6.98,0.01,377,263146,买盘
2171,11:27:24,6.97,-0.01,677,471869,卖盘
2172,11:27:18,6.98,0.01,78,54444,买盘
2173,11:27:15,6.97,-0.01,1,697,卖盘
2174,11:27:12,6.98,0.01,50,34900,买盘
2175,11:27:09,6.97,-0.01,72,50184,卖盘
2176,11:27:06,6.98,--,82,57236,买盘
2177,11:27:00,6.98,--,43,30014,买盘
2178,11:26:54,6.98,0.01,284,198232,买盘
2179,11:26:45,6.97,-0.01,225,156825,卖盘
2180,11:26:39,6.98,0.01,166,115868,买盘
2181,11:26:36,6.97,-0.01,20,13940,卖盘
2182,11:26:33,6.98,0.01,125,87250,买盘
2183,11:26:30,6.97,-0.01,2,1394,卖盘
2184,11:26:27,6.98,--,125,87250,买盘
2185,11:26:24,6.98,--,4,2792,买盘
2186,11:26:21,6.98,0.01,74,51652,买盘
2187,11:26:18,6.97,--,8,5576,卖盘
2188,11:26:15,6.97,-0.01,150,104550,卖盘
2189,11:26:12,6.98,0.01,74,51652,买盘
2190,11:26:09,6.97,-0.01,70,48790,卖盘
2191,11:26:06,6.98,--,218,152164,买盘
2192,11:26:03,6.98,0.01,10,6980,买盘
2193,11:26:00,6.97,-0.01,77,53669,卖盘
2194,11:25:57,6.98,0.01,26,18148,买盘
2195,11:25:54,6.97,-0.01,87,60639,卖盘
2196,11:25:51,6.98,--,18,12564,买盘
2197,11:25:48,6.98,0.01,86,60028,买盘
2198,11:25:42,6.97,--,10,6970,卖盘
2199,11:25:39,6.97,--,167,116399,卖盘
2200,11:25:33,6.97,--,120,83640,卖盘
2201,11:25:30,6.97,-0.01,29,20213,卖盘
2202,11:25:27,6.98,0.01,91,63518,买盘
2203,11:25:24,6.97,--,20,13940,卖盘
2204,11:25:21,6.97,-0.01,96,66912,卖盘
2205,11:25:18,6.98,--,106,73988,买盘
2206,11:25:15,6.98,0.01,83,57934,买盘
2207,11:25:09,6.97,-0.01,78,54366,卖盘
2208,11:25:06,6.98,0.01,76,53048,买盘
2209,11:25:03,6.97,-0.01,1,697,卖盘
2210,11:25:00,6.98,--,10,6980,买盘
2211,11:24:57,6.98,0.01,25,17450,买盘
2212,11:24:54,6.97,-0.01,307,213979,卖盘
2213,11:24:51,6.98,--,10,6980,买盘
2214,11:24:48,6.98,--,361,251978,买盘
2215,11:24:45,6.98,--,20,13960,买盘
2216,11:24:42,6.98,--,683,476734,买盘
2217,11:24:39,6.98,--,200,139600,买盘
2218,11:24:36,6.98,--,38,26524,买盘
2219,11:24:33,6.98,0.01,132,92136,买盘
2220,11:24:30,6.97,-0.01,7,4879,卖盘
2221,11:24:27,6.98,--,2,1396,买盘
2222,11:24:21,6.98,0.01,69,48162,买盘
2223,11:24:18,6.97,--,110,76670,卖盘
2224,11:24:15,6.97,-0.01,118,82246,卖盘
2225,11:24:12,6.98,--,50,34900,买盘
2226,11:24:09,6.98,0.01,85,59330,买盘
2227,11:24:00,6.97,-0.01,140,97580,卖盘
2228,11:23:57,6.98,0.01,42,29316,买盘
2229,11:23:54,6.97,-0.01,1,697,卖盘
2230,11:23:51,6.98,--,98,68404,买盘
2231,11:23:48,6.98,--,261,182178,买盘
2232,11:23:45,6.98,0.01,38,26524,买盘
2233,11:23:42,6.97,--,6,4182,卖盘
2234,11:23:36,6.97,--,96,66912,卖盘
2235,11:23:33,6.97,--,100,69700,卖盘
2236,11:23:30,6.97,--,18,12546,卖盘
2237,11:23:27,6.97,-0.01,215,149855,卖盘
2238,11:23:24,6.98,0.01,82,57236,买盘
2239,11:23:18,6.97,-0.01,32,22304,卖盘
2240,11:23:15,6.98,0.01,78,54444,买盘
2241,11:23:12,6.97,-0.01,161,112217,卖盘
2242,11:23:09,6.98,--,31,21638,买盘
2243,11:23:03,6.98,--,133,92834,买盘
2244,11:23:00,6.98,--,268,187064,买盘
2245,11:22:57,6.98,--,512,357376,买盘
2246,11:22:54,6.98,0.01,76,53048,买盘
2247,11:22:51,6.97,-0.01,100,69700,卖盘
2248,11:22:48,6.98,--,230,160540,买盘
2249,11:22:45,6.98,--,24,16752,买盘
2250,11:22:42,6.98,-0.01,76,53048,卖盘
2251,11:22:39,6.99,--,7,4893,买盘
2252,11:22:36,6.99,0.01,88,61512,买盘
2253,11:22:33,6.98,--,80,55840,卖盘
2254,11:22:30,6.98,--,89,62122,卖盘
2255,11:22:27,6.98,--,10,6980,卖盘
2256,11:22:21,6.98,--,90,62820,卖盘
2257,11:22:18,6.98,-0.01,97,67706,卖盘
2258,11:22:09,6.99,--,79,55221,买盘
2259,11:22:03,6.99,--,201,140499,买盘
2260,11:21:57,6.99,--,90,62910,买盘
2261,11:21:54,6.99,0.01,574,401226,买盘
2262,11:21:51,6.98,-0.01,9,6282,卖盘
2263,11:21:48,6.99,--,78,54522,买盘
2264,11:21:45,6.99,--,41,28659,买盘
2265,11:21:42,6.99,0.01,229,160071,买盘
2266,11:21:39,6.98,-0.01,53,36994,卖盘
2267,11:21:36,6.99,0.01,96,67104,买盘
2268,11:21:30,6.98,-0.01,8,5584,卖盘
2269,11:21:24,6.99,0.01,80,55920,买盘
2270,11:21:21,6.98,--,991,691718,卖盘
2271,11:21:18,6.98,-0.01,12,8376,卖盘
2272,11:21:12,6.99,0.01,144,100656,买盘
2273,11:21:09,6.98,--,82,57236,卖盘
2274,11:21:03,6.98,--,253,176594,卖盘
2275,11:21:00,6.98,--,100,69800,卖盘
2276,11:20:54,6.98,--,32,22336,卖盘
2277,11:20:51,6.98,--,117,81666,卖盘
2278,11:20:45,6.98,-0.01,251,175198,卖盘
2279,11:20:42,6.99,--,221,154479,买盘
2280,11:20:39,6.99,0.01,72,50328,买盘
2281,11:20:36,6.98,--,176,122848,买盘
2282,11:20:33,6.98,0.01,42,29316,买盘
2283,11:20:30,6.97,-0.01,79,55063,卖盘
2284,11:20:27,6.98,--,100,69800,买盘
2285,11:20:24,6.98,--,3,2094,买盘
2286,11:20:21,6.98,-0.01,134,93532,卖盘
2287,11:20:18,6.99,0.01,141,98559,买盘
2288,11:20:15,6.98,--,12,8376,卖盘
2289,11:20:12,6.98,--,183,127734,买盘
2290,11:20:06,6.98,--,135,94230,买盘
2291,11:20:03,6.98,--,165,115170,买盘
2292,11:19:57,6.98,--,466,325268,买盘
2293,11:19:51,6.98,0.01,5,3490,买盘
2294,11:19:48,6.97,-0.01,1,697,卖盘
2295,11:19:45,6.98,--,85,59330,买盘
2296,11:19:36,6.98,0.01,54,37692,买盘
2297,11:19:33,6.97,--,117,81549,卖盘
2298,11:19:30,6.97,-0.01,13,9061,卖盘
2299,11:19:27,6.98,--,46,32108,买盘
2300,11:19:24,6.98,0.01,82,57236,买盘
2301,11:19:21,6.97,-0.01,10,6970,卖盘
2302,11:19:18,6.98,--,36,25128,买盘
2303,11:19:15,6.98,--,14,9772,买盘
2304,11:19:12,6.98,--,81,56538,买盘
2305,11:19:09,6.98,--,1,698,买盘
2306,11:19:06,6.98,0.01,854,596092,买盘
2307,11:19:03,6.97,-0.01,1,697,卖盘
2308,11:19:00,6.98,0.01,118,82364,买盘
2309,11:18:57,6.97,--,92,64124,卖盘
2310,11:18:54,6.97,-0.01,125,87125,卖盘
2311,11:18:51,6.98,0.01,79,55142,买盘
2312,11:18:48,6.97,--,42,29274,卖盘
2313,11:18:45,6.97,--,17,11849,买盘
2314,11:18:39,6.97,0.01,76,52972,买盘
2315,11:18:36,6.96,--,1,696,卖盘
2316,11:18:33,6.96,--,66,45936,卖盘
2317,11:18:30,6.96,-0.01,111,77256,卖盘
2318,11:18:27,6.97,--,164,114308,买盘
2319,11:18:21,6.97,0.01,15,10455,买盘
2320,11:18:18,6.96,--,74,51504,卖盘
2321,11:18:15,6.96,--,4,2784,卖盘
2322,11:18:09,6.96,-0.01,1,696,卖盘
2323,11:18:06,6.97,--,82,57154,买盘
2324,11:18:03,6.97,0.01,43,29971,买盘
2325,11:18:00,6.96,--,47,32712,卖盘
2326,11:17:57,6.96,-0.01,510,354960,卖盘
2327,11:17:54,6.97,0.01,85,59245,买盘
2328,11:17:51,6.96,--,20,13920,卖盘
2329,11:17:48,6.96,--,55,38280,卖盘
2330,11:17:45,6.96,-0.01,103,71688,卖盘
2331,11:17:36,6.97,0.01,1,697,买盘
2332,11:17:33,6.96,--,138,96048,卖盘
2333,11:17:30,6.96,--,2,1392,卖盘
2334,11:17:24,6.96,-0.01,15,10440,卖盘
2335,11:17:21,6.97,0.01,71,49487,买盘
2336,11:17:18,6.96,-0.01,22,15312,卖盘
2337,11:17:12,6.97,0.01,83,57851,买盘
2338,11:17:09,6.96,-0.01,116,80736,卖盘
2339,11:17:06,6.97,--,140,97580,买盘
2340,11:17:03,6.97,0.01,273,190281,买盘
2341,11:17:00,6.96,-0.01,156,108576,卖盘
2342,11:16:57,6.97,0.01,3,2091,买盘
2343,11:16:54,6.96,--,2,1392,卖盘
2344,11:16:51,6.96,-0.01,1002,697392,卖盘
2345,11:16:48,6.97,0.01,114,79458,买盘
2346,11:16:42,6.96,--,26,18096,卖盘
2347,11:16:39,6.96,--,83,57768,卖盘
2348,11:16:36,6.96,--,18,12528,卖盘
2349,11:16:33,6.96,-0.01,20,13920,卖盘
2350,11:16:30,6.97,--,151,105247,买盘
2351,11:16:27,6.97,--,83,57851,买盘
2352,11:16:21,6.97,0.01,117,81549,买盘
2353,11:16:18,6.96,-0.01,27,18792,卖盘
2354,11:16:15,6.97,--,81,56457,买盘
2355,11:16:09,6.97,0.01,232,161704,买盘
2356,11:16:06,6.96,-0.01,602,418992,卖盘
2357,11:16:00,6.97,0.01,48,33456,买盘
2358,11:15:57,6.96,--,92,64032,卖盘
2359,11:15:54,6.96,--,116,80736,卖盘
2360,11:15:51,6.96,--,5,3480,卖盘
2361,11:15:48,6.96,--,101,70296,卖盘
2362,11:15:45,6.96,-0.01,31,21576,卖盘
2363,11:15:42,6.97,--,76,52972,买盘
2364,11:15:39,6.97,0.01,25,17425,买盘
2365,11:15:33,6.96,--,94,65424,卖盘
2366,11:15:30,6.96,--,2,1392,卖盘
2367,11:15:27,6.96,--,10,6960,卖盘
2368,11:15:24,6.96,-0.01,50,34800,卖盘
2369,11:15:21,6.97,--,86,59942,买盘
2370,11:15:15,6.97,0.01,42,29274,买盘
2371,11:15:12,6.96,-0.01,52,36192,卖盘
2372,11:15:09,6.97,0.01,86,59942,买盘
2373,11:15:06,6.96,-0.01,171,119016,卖盘
2374,11:15:03,6.97,--,1,697,买盘
2375,11:14:57,6.97,0.01,85,59245,买盘
2376,11:14:51,6.96,-0.01,70,48720,卖盘
2377,11:14:48,6.97,0.01,122,85034,买盘
2378,11:14:45,6.96,-0.01,26,18096,卖盘
2379,11:14:42,6.97,--,101,70397,买盘
2380,11:14:39,6.97,--,79,55063,买盘
2381,11:14:36,6.97,0.01,89,62033,买盘
2382,11:14:33,6.96,-0.01,40,27840,卖盘
2383,11:14:30,6.97,--,105,73185,买盘
2384,11:14:24,6.97,0.01,72,50184,买盘
2385,11:14:21,6.96,-0.01,46,32016,卖盘
2386,11:14:15,6.97,--,212,147764,卖盘
2387,11:14:12,6.97,--,11,7667,卖盘
2388,11:14:09,6.97,--,2,1394,卖盘
2389,11:14:06,6.97,-0.01,12,8364,卖盘
2390,11:14:03,6.98,0.01,76,53048,买盘
2391,11:13:57,6.97,--,41,28577,买盘
2392,11:13:51,6.97,0.01,639,445383,中性盘
2393,11:13:48,6.96,-0.02,90,62640,卖盘
2394,11:13:45,6.98,0.01,254,177292,买盘
2395,11:13:42,6.97,--,584,407048,卖盘
2396,11:13:39,6.97,--,1,697,卖盘
2397,11:13:33,6.97,--,20,13940,卖盘
2398,11:13:30,6.97,--,376,262072,卖盘
2399,11:13:27,6.97,-0.01,20,13940,卖盘
2400,11:13:24,6.98,0.01,5,3490,买盘
2401,11:13:21,6.97,-0.01,16,11152,卖盘
2402,11:13:18,6.98,--,108,75384,买盘
2403,11:13:09,6.98,0.01,118,82391,买盘
2404,11:13:06,6.97,--,20,13940,卖盘
2405,11:13:00,6.97,-0.01,53,36941,卖盘
2406,11:12:57,6.98,0.03,280,195440,买盘
2407,11:12:54,6.95,-0.02,221,153595,卖盘
2408,11:12:51,6.97,-0.01,92,64124,中性盘
2409,11:12:45,6.98,--,1233,860634,买盘
2410,11:12:42,6.98,--,116,80968,买盘
2411,11:12:39,6.98,0.01,12,8376,买盘
2412,11:12:36,6.97,0.01,157,109429,中性盘
2413,11:12:33,6.96,-0.01,102,70992,卖盘
2414,11:12:30,6.97,-0.01,2,1394,中性盘
2415,11:12:27,6.98,0.01,59,41182,买盘
2416,11:12:24,6.97,0.01,135,94095,买盘
2417,11:12:18,6.96,-0.01,70,48720,卖盘
2418,11:12:15,6.97,--,75,52275,买盘
2419,11:12:12,6.97,--,73,50881,买盘
2420,11:12:09,6.97,--,2,1394,买盘
2421,11:12:06,6.97,0.01,114,79458,买盘
2422,11:12:03,6.96,--,167,116232,卖盘
2423,11:12:00,6.96,-0.01,10,6960,卖盘
2424,11:11:57,6.97,0.01,20,13940,买盘
2425,11:11:54,6.96,-0.01,22,15312,卖盘
2426,11:11:51,6.97,0.01,76,52972,买盘
2427,11:11:48,6.96,-0.01,97,67512,卖盘
2428,11:11:45,6.97,0.01,89,62033,买盘
2429,11:11:42,6.96,-0.01,132,91872,卖盘
2430,11:11:39,6.97,--,96,66912,买盘
2431,11:11:36,6.97,0.01,44,30668,买盘
2432,11:11:33,6.96,-0.01,21,14616,卖盘
2433,11:11:30,6.97,0.01,81,56457,买盘
2434,11:11:27,6.96,-0.01,1666,1159536,卖盘
2435,11:11:18,6.97,0.01,82,57154,买盘
2436,11:11:15,6.96,--,24,16704,卖盘
2437,11:11:12,6.96,-0.01,40,27840,卖盘
2438,11:11:09,6.97,--,29,20213,买盘
2439,11:11:06,6.97,0.01,119,82943,买盘
2440,11:11:03,6.96,--,3,2088,卖盘
2441,11:11:00,6.96,-0.01,59,41064,卖盘
2442,11:10:57,6.97,0.01,81,56457,买盘
2443,11:10:54,6.96,--,32,22272,卖盘
2444,11:10:51,6.96,--,78,54288,卖盘
2445,11:10:48,6.96,--,16,11136,卖盘
2446,11:10:45,6.96,--,211,146856,卖盘
2447,11:10:42,6.96,--,649,451704,卖盘
2448,11:10:39,6.96,--,22,15312,卖盘
2449,11:10:36,6.96,--,92,64032,卖盘
2450,11:10:33,6.96,--,183,127368,卖盘
2451,11:10:30,6.96,--,43,29928,卖盘
2452,11:10:27,6.96,--,87,60552,卖盘
2453,11:10:24,6.96,--,134,93264,卖盘
2454,11:10:21,6.96,-0.01,98,68208,卖盘
2455,11:10:12,6.97,-0.01,808,563176,卖盘
2456,11:10:09,6.98,--,41,28618,买盘
2457,11:10:06,6.98,--,55,38390,买盘
2458,11:10:00,6.98,0.01,120,83760,买盘
2459,11:09:57,6.97,--,41,28577,卖盘
2460,11:09:54,6.97,-0.01,301,209797,卖盘
2461,11:09:51,6.98,0.01,408,284784,买盘
2462,11:09:48,6.97,--,7,4879,卖盘
2463,11:09:45,6.97,-0.01,27,18819,卖盘
2464,11:09:42,6.98,--,2,1396,买盘
2465,11:09:39,6.98,0.01,122,85156,买盘
2466,11:09:36,6.97,--,24,16728,卖盘
2467,11:09:30,6.97,-0.01,12,8364,卖盘
2468,11:09:27,6.98,0.01,191,133318,买盘
2469,11:09:24,6.97,--,7,4879,卖盘
2470,11:09:21,6.97,--,238,165886,卖盘
2471,11:09:18,6.97,--,172,119884,卖盘
2472,11:09:15,6.97,-0.01,42,29274,卖盘
2473,11:09:12,6.98,0.01,36,25128,买盘
2474,11:09:09,6.97,-0.01,82,57154,卖盘
2475,11:09:06,6.98,0.01,168,117264,买盘
2476,11:09:00,6.97,-0.01,106,73882,卖盘
2477,11:08:57,6.98,--,5,3490,买盘
2478,11:08:54,6.98,--,88,61424,买盘
2479,11:08:51,6.98,--,20,13960,买盘
2480,11:08:48,6.98,--,500,349000,买盘
2481,11:08:45,6.98,0.01,172,120056,买盘
2482,11:08:42,6.97,--,173,120581,卖盘
2483,11:08:39,6.97,-0.01,168,117096,卖盘
2484,11:08:36,6.98,--,30,20940,买盘
2485,11:08:33,6.98,--,86,60028,买盘
2486,11:08:30,6.98,--,12,8376,买盘
2487,11:08:27,6.98,--,65,45370,买盘
2488,11:08:21,6.98,--,73,50954,买盘
2489,11:08:18,6.98,--,76,53048,买盘
2490,11:08:15,6.98,--,57,39786,买盘
2491,11:08:12,6.98,0.01,50,34900,买盘
2492,11:08:09,6.97,-0.01,371,258587,卖盘
2493,11:08:06,6.98,--,112,78176,买盘
2494,11:08:03,6.98,--,10,6980,买盘
2495,11:08:00,6.98,--,83,57934,买盘
2496,11:07:57,6.98,--,97,67706,买盘
2497,11:07:48,6.98,--,147,102606,买盘
2498,11:07:45,6.98,0.02,3,2094,买盘
2499,11:07:42,6.96,-0.02,26,18096,卖盘
2500,11:07:36,6.98,0.02,181,126338,买盘
2501,11:07:33,6.96,-0.01,142,98832,卖盘
2502,11:07:30,6.97,--,41,28577,买盘
2503,11:07:27,6.97,--,82,57154,买盘
2504,11:07:24,6.97,--,22,15334,买盘
2505,11:07:21,6.97,--,33,23001,买盘
2506,11:07:18,6.97,--,157,109429,买盘
2507,11:07:15,6.97,--,85,59245,买盘
2508,11:07:12,6.97,0.01,45,31365,买盘
2509,11:07:09,6.96,--,4,2784,卖盘
2510,11:07:06,6.96,-0.01,123,85608,卖盘
2511,11:07:03,6.97,0.01,112,78064,买盘
2512,11:07:00,6.96,-0.01,131,91176,卖盘
2513,11:06:54,6.97,--,319,222343,卖盘
2514,11:06:51,6.97,--,32,22304,卖盘
2515,11:06:48,6.97,--,25,17425,卖盘
2516,11:06:42,6.97,--,104,72488,买盘
2517,11:06:39,6.97,--,28,19516,买盘
2518,11:06:36,6.97,-0.01,180,125738,卖盘
2519,11:06:30,6.98,0.01,284,198650,买盘
2520,11:06:27,6.97,--,2000,1394000,买盘
2521,11:06:24,6.97,--,122,85034,买盘
2522,11:06:21,6.97,--,74,51578,买盘
2523,11:06:18,6.97,--,2,1394,买盘
2524,11:06:15,6.97,--,62,43214,买盘
2525,11:06:12,6.97,0.01,260,181220,买盘
2526,11:06:09,6.96,-0.01,74,51504,卖盘
2527,11:06:06,6.97,0.01,76,52972,买盘
2528,11:06:03,6.96,--,5,3480,卖盘
2529,11:06:00,6.96,-0.01,99,68904,卖盘
2530,11:05:57,6.97,0.01,71,49487,买盘
2531,11:05:54,6.96,--,32,22272,卖盘
2532,11:05:51,6.96,0.01,45,31459,买盘
2533,11:05:48,6.95,--,82,56990,卖盘
2534,11:05:45,6.95,-0.01,126,87570,卖盘
2535,11:05:42,6.96,--,71,49416,买盘
2536,11:05:39,6.96,--,89,61944,买盘
2537,11:05:36,6.96,--,276,192096,买盘
2538,11:05:33,6.96,--,40,27840,买盘
2539,11:05:30,6.96,--,90,62640,买盘
2540,11:05:27,6.96,0.01,10,6960,买盘
2541,11:05:24,6.95,-0.01,83,57685,卖盘
2542,11:05:21,6.96,--,66,45936,买盘
2543,11:05:18,6.96,--,125,87000,买盘
2544,11:05:15,6.96,0.01,173,120408,买盘
2545,11:05:12,6.95,-0.01,55,38225,卖盘
2546,11:05:09,6.96,0.01,70,48720,买盘
2547,11:05:06,6.95,-0.01,75,52125,卖盘
2548,11:05:03,6.96,--,84,58464,买盘
2549,11:04:57,6.96,--,1,696,买盘
2550,11:04:54,6.96,0.01,81,56376,买盘
2551,11:04:48,6.95,-0.01,6,4170,卖盘
2552,11:04:45,6.96,--,10,6960,买盘
2553,11:04:42,6.96,0.01,71,49416,买盘
2554,11:04:39,6.95,-0.01,113,78535,卖盘
2555,11:04:36,6.96,--,68,47328,买盘
2556,11:04:33,6.96,0.01,907,631272,买盘
2557,11:04:30,6.95,--,316,219620,卖盘
2558,11:04:27,6.95,-0.01,123,85485,卖盘
2559,11:04:21,6.96,--,263,183048,买盘
2560,11:04:18,6.96,--,330,229680,买盘
2561,11:04:15,6.96,--,71,49416,买盘
2562,11:04:12,6.96,0.01,45,31320,买盘
2563,11:04:06,6.95,-0.01,80,55600,卖盘
2564,11:04:03,6.96,0.01,94,65424,买盘
2565,11:04:00,6.95,--,40,27800,卖盘
2566,11:03:57,6.95,-0.01,18,12510,卖盘
2567,11:03:54,6.96,0.01,64,44544,买盘
2568,11:03:51,6.95,-0.01,1,695,卖盘
2569,11:03:45,6.96,0.01,65,45240,买盘
2570,11:03:42,6.95,-0.01,137,95215,卖盘
2571,11:03:39,6.96,--,1,696,买盘
2572,11:03:36,6.96,--,144,100224,买盘
2573,11:03:33,6.96,--,6,4176,买盘
2574,11:03:30,6.96,0.01,68,47328,买盘
2575,11:03:21,6.95,-0.01,35,25006,卖盘
2576,11:03:18,6.96,--,61,42456,买盘
2577,11:03:15,6.96,--,2,1392,买盘
2578,11:03:12,6.96,--,124,86304,买盘
2579,11:03:09,6.96,--,187,130152,买盘
2580,11:03:03,6.96,--,4,2784,买盘
2581,11:03:00,6.96,--,73,50808,买盘
2582,11:02:57,6.96,--,75,52200,买盘
2583,11:02:54,6.96,0.01,73,50808,买盘
2584,11:02:48,6.95,-0.01,17,11815,卖盘
2585,11:02:45,6.96,0.01,103,71688,买盘
2586,11:02:42,6.95,--,3,2085,买盘
2587,11:02:39,6.95,--,77,53515,卖盘
2588,11:02:36,6.95,--,93,64635,卖盘
2589,11:02:33,6.95,--,57,39615,卖盘
2590,11:02:30,6.95,-0.01,1,695,卖盘
2591,11:02:24,6.96,--,66,45936,买盘
2592,11:02:21,6.96,0.01,112,77952,买盘
2593,11:02:18,6.95,-0.01,75,52125,卖盘
2594,11:02:15,6.96,0.01,22,15312,买盘
2595,11:02:12,6.95,--,142,98690,卖盘
2596,11:02:06,6.95,-0.01,8,5560,中性盘
2597,11:02:00,6.96,0.01,76,52896,买盘
2598,11:01:57,6.95,0.01,12,8340,买盘
2599,11:01:54,6.94,-0.01,20,13880,卖盘
2600,11:01:51,6.95,--,88,61160,买盘
2601,11:01:48,6.95,-0.01,48,33360,卖盘
2602,11:01:45,6.96,0.01,31,21576,买盘
2603,11:01:42,6.95,-0.01,226,157070,卖盘
2604,11:01:39,6.96,--,122,84912,买盘
2605,11:01:36,6.96,0.02,71,49416,买盘
2606,11:01:33,6.94,-0.01,503,349082,卖盘
2607,11:01:30,6.95,--,1,695,买盘
2608,11:01:27,6.95,--,112,77840,买盘
2609,11:01:21,6.95,--,13,9035,买盘
2610,11:01:18,6.95,--,98,68110,卖盘
2611,11:01:15,6.95,--,3,2085,卖盘
2612,11:01:12,6.95,--,30,20850,卖盘
2613,11:01:09,6.95,-0.01,4,2780,卖盘
2614,11:01:06,6.96,0.01,152,105792,买盘
2615,11:01:03,6.95,--,60,41700,买盘
2616,11:01:00,6.95,--,33,22935,买盘
2617,11:00:57,6.95,--,123,85485,买盘
2618,11:00:54,6.95,--,93,64635,买盘
2619,11:00:51,6.95,0.01,97,67415,买盘
2620,11:00:48,6.94,-0.01,23,15962,卖盘
2621,11:00:45,6.95,0.01,71,49345,买盘
2622,11:00:42,6.94,-0.01,26,18044,卖盘
2623,11:00:39,6.95,--,25,17375,买盘
2624,11:00:36,6.95,--,110,76450,买盘
2625,11:00:33,6.95,--,222,154290,买盘
2626,11:00:30,6.95,--,36,25020,买盘
2627,11:00:21,6.95,--,162,112590,买盘
2628,11:00:15,6.95,--,10,6950,买盘
2629,11:00:12,6.95,--,1531,1064045,买盘
2630,11:00:09,6.95,--,49,34055,买盘
2631,11:00:06,6.95,0.01,112,77840,买盘
2632,11:00:00,6.94,--,245,170030,卖盘
2633,10:59:54,6.94,--,17,11798,卖盘
2634,10:59:51,6.94,--,47,32618,卖盘
2635,10:59:48,6.94,--,67,46498,卖盘
2636,10:59:45,6.94,-0.01,72,49968,卖盘
2637,10:59:42,6.95,--,7,4865,买盘
2638,10:59:39,6.95,0.01,64,45036,买盘
2639,10:59:36,6.94,--,93,64542,卖盘
2640,10:59:33,6.94,--,6,4164,卖盘
2641,10:59:30,6.94,--,27,18738,卖盘
2642,10:59:27,6.94,-0.01,171,118674,卖盘
2643,10:59:24,6.95,0.01,5,3475,买盘
2644,10:59:21,6.94,-0.01,68,47192,卖盘
2645,10:59:15,6.95,--,70,48650,买盘
2646,10:59:09,6.95,0.01,35,24325,买盘
2647,10:59:06,6.94,--,170,117980,卖盘
2648,10:59:03,6.94,--,50,34700,卖盘
2649,10:59:00,6.94,--,1156,802264,卖盘
2650,10:58:57,6.94,-0.01,3,2082,卖盘
2651,10:58:54,6.95,0.01,116,80620,买盘
2652,10:58:51,6.94,--,1,694,卖盘
2653,10:58:48,6.94,-0.01,1,694,卖盘
2654,10:58:45,6.95,--,66,45870,买盘
2655,10:58:42,6.95,--,101,70195,买盘
2656,10:58:39,6.95,--,5,3475,买盘
2657,10:58:36,6.95,0.01,147,102165,买盘
2658,10:58:33,6.94,-0.01,178,123532,卖盘
2659,10:58:30,6.95,--,83,57685,买盘
2660,10:58:27,6.95,0.01,18,12510,买盘
2661,10:58:24,6.94,-0.01,230,159620,卖盘
2662,10:58:21,6.95,--,202,140390,买盘
2663,10:58:18,6.95,--,3,2085,买盘
2664,10:58:15,6.95,--,240,166800,买盘
2665,10:58:12,6.95,--,35,24325,买盘
2666,10:58:09,6.95,--,362,251590,卖盘
2667,10:58:06,6.95,-0.01,70,48650,卖盘
2668,10:58:03,6.96,--,72,50112,买盘
2669,10:58:00,6.96,0.01,66,45936,买盘
2670,10:57:57,6.95,--,23,15985,卖盘
2671,10:57:54,6.95,--,70,48650,卖盘
2672,10:57:51,6.95,0.01,1213,843035,买盘
2673,10:57:48,6.94,-0.01,127,88138,卖盘
2674,10:57:45,6.95,--,38,26410,买盘
2675,10:57:42,6.95,--,62,43090,买盘
2676,10:57:39,6.95,--,10,6950,买盘
2677,10:57:36,6.95,--,67,46565,买盘
2678,10:57:33,6.95,0.01,60,41700,买盘
2679,10:57:30,6.94,--,50,34700,卖盘
2680,10:57:27,6.94,-0.01,97,67318,卖盘
2681,10:57:24,6.95,--,11,7645,买盘
2682,10:57:21,6.95,0.01,3,2085,中性盘
2683,10:57:18,6.94,-0.02,7,4858,卖盘
2684,10:57:15,6.96,0.01,163,113448,买盘
2685,10:57:12,6.95,--,15,10425,买盘
2686,10:57:09,6.95,--,66,45870,卖盘
2687,10:57:06,6.95,--,5,3475,卖盘
2688,10:57:03,6.95,0.01,70,48650,中性盘
2689,10:57:00,6.94,-0.01,25,17350,卖盘
2690,10:56:57,6.95,-0.01,10,6950,中性盘
2691,10:56:54,6.96,0.02,82,57072,买盘
2692,10:56:51,6.94,-0.01,2,1388,卖盘
2693,10:56:48,6.95,--,20,13900,买盘
2694,10:56:45,6.95,-0.01,36,25020,买盘
2695,10:56:42,6.96,--,195,135720,买盘
2696,10:56:39,6.96,0.01,121,84772,买盘
2697,10:56:36,6.95,-0.01,5,3475,卖盘
2698,10:56:33,6.96,--,50,34800,买盘
2699,10:56:30,6.96,0.01,113,78648,买盘
2700,10:56:27,6.95,-0.01,171,118845,卖盘
2701,10:56:24,6.96,--,63,43848,买盘
2702,10:56:21,6.96,--,65,45240,买盘
2703,10:56:18,6.96,--,13,9048,买盘
2704,10:56:15,6.96,--,1,696,买盘
2705,10:56:12,6.96,0.01,49,34104,买盘
2706,10:56:09,6.95,--,182,126490,卖盘
2707,10:56:03,6.95,0.01,12,8479,买盘
2708,10:56:00,6.94,-0.01,1,694,卖盘
2709,10:55:57,6.95,--,457,317615,买盘
2710,10:55:54,6.95,--,68,47260,买盘
2711,10:55:51,6.95,--,7,4865,买盘
2712,10:55:48,6.95,--,51,35445,买盘
2713,10:55:45,6.95,--,72,50040,买盘
2714,10:55:42,6.95,0.01,262,182090,买盘
2715,10:55:39,6.94,-0.01,30,20820,卖盘
2716,10:55:36,6.95,--,18,12510,买盘
2717,10:55:33,6.95,--,141,97995,买盘
2718,10:55:30,6.95,0.01,175,121625,买盘
2719,10:55:27,6.94,-0.01,126,87444,卖盘
2720,10:55:24,6.95,--,83,57685,买盘
2721,10:55:21,6.95,0.01,15,10425,买盘
2722,10:55:15,6.94,-0.01,7,4982,卖盘
2723,10:55:12,6.95,0.01,72,50040,买盘
2724,10:55:06,6.94,-0.01,24,16656,卖盘
2725,10:55:03,6.95,--,20,13900,买盘
2726,10:55:00,6.95,--,190,132050,买盘
2727,10:54:57,6.95,0.01,100,69500,买盘
2728,10:54:54,6.94,-0.01,41,28454,卖盘
2729,10:54:51,6.95,0.01,76,52820,买盘
2730,10:54:48,6.94,-0.01,202,140188,卖盘
2731,10:54:45,6.95,0.01,121,84095,买盘
2732,10:54:42,6.94,-0.01,12,8328,卖盘
2733,10:54:39,6.95,--,63,43785,买盘
2734,10:54:36,6.95,--,20,13900,买盘
2735,10:54:30,6.95,--,69,47955,买盘
2736,10:54:27,6.95,--,48,33360,买盘
2737,10:54:24,6.95,--,10,6950,买盘
2738,10:54:18,6.95,0.01,68,47260,买盘
2739,10:54:12,6.94,-0.01,1,694,卖盘
2740,10:54:06,6.95,--,66,45870,买盘
2741,10:54:03,6.95,--,53,36835,买盘
2742,10:54:00,6.95,--,215,149425,买盘
2743,10:53:57,6.95,--,27,18765,买盘
2744,10:53:54,6.95,--,56,38920,买盘
2745,10:53:51,6.95,--,34,23630,买盘
2746,10:53:48,6.95,0.01,40,27800,买盘
2747,10:53:45,6.94,--,70,48580,卖盘
2748,10:53:42,6.94,--,26,18044,卖盘
2749,10:53:39,6.94,-0.01,506,351164,卖盘
2750,10:53:36,6.95,--,55,38225,买盘
2751,10:53:33,6.95,0.01,68,47260,买盘
2752,10:53:30,6.94,--,76,52744,卖盘
2753,10:53:24,6.94,-0.01,77,53438,卖盘
2754,10:53:21,6.95,0.01,61,42395,买盘
2755,10:53:15,6.94,--,10,6940,卖盘
2756,10:53:12,6.94,--,69,47886,卖盘
2757,10:53:09,6.94,--,248,172112,卖盘
2758,10:53:06,6.94,-0.01,1,694,卖盘
2759,10:53:03,6.95,--,63,43785,买盘
2760,10:53:00,6.95,0.01,615,427425,买盘
2761,10:52:57,6.94,--,17,11798,卖盘
2762,10:52:51,6.94,-0.01,93,64542,卖盘
2763,10:52:48,6.95,0.01,67,46565,买盘
2764,10:52:45,6.94,--,4,2776,卖盘
2765,10:52:42,6.94,--,34,23596,卖盘
2766,10:52:39,6.94,-0.01,69,47886,卖盘
2767,10:52:33,6.95,--,13,9035,买盘
2768,10:52:30,6.95,--,45,31275,买盘
2769,10:52:27,6.95,--,75,52125,买盘
2770,10:52:24,6.95,--,9,6255,买盘
2771,10:52:21,6.95,0.01,10,6950,买盘
2772,10:52:15,6.94,--,78,54132,卖盘
2773,10:52:09,6.94,-0.01,70,48580,卖盘
2774,10:52:06,6.95,0.01,62,43090,买盘
2775,10:52:03,6.94,--,142,98548,卖盘
2776,10:51:57,6.94,-0.01,134,92996,卖盘
2777,10:51:54,6.95,0.01,62,43090,买盘
2778,10:51:51,6.94,--,64,44416,买盘
2779,10:51:48,6.94,--,78,54132,卖盘
2780,10:51:45,6.94,-0.01,96,66624,卖盘
2781,10:51:42,6.95,0.01,98,68110,买盘
2782,10:51:39,6.94,--,28,19432,买盘
2783,10:51:36,6.94,--,180,125058,卖盘
2784,10:51:33,6.94,-0.01,78,54687,卖盘
2785,10:51:30,6.95,--,147,102165,买盘
2786,10:51:27,6.95,0.01,45,31275,买盘
2787,10:51:21,6.94,--,71,49274,卖盘
2788,10:51:18,6.94,-0.01,200,138800,卖盘
2789,10:51:12,6.95,--,3,2085,买盘
2790,10:51:09,6.95,0.01,71,49345,买盘
2791,10:51:06,6.94,--,334,231796,卖盘
2792,10:51:03,6.94,-0.01,42,29148,卖盘
2793,10:51:00,6.95,--,68,47260,买盘
2794,10:50:57,6.95,0.01,70,48650,买盘
2795,10:50:54,6.94,--,32,22208,卖盘
2796,10:50:51,6.94,-0.01,97,67318,卖盘
2797,10:50:48,6.95,0.01,515,357925,买盘
2798,10:50:45,6.94,--,5,3470,卖盘
2799,10:50:42,6.94,--,51,35394,卖盘
2800,10:50:39,6.94,-0.01,300,208200,卖盘
2801,10:50:36,6.95,0.01,145,100775,买盘
2802,10:50:30,6.94,-0.01,397,275518,卖盘
2803,10:50:27,6.95,0.01,157,109115,买盘
2804,10:50:21,6.94,--,36,24984,卖盘
2805,10:50:18,6.94,--,32,22208,卖盘
2806,10:50:15,6.94,--,73,50662,买盘
2807,10:50:12,6.94,--,105,72870,买盘
2808,10:50:09,6.94,--,10,6940,买盘
2809,10:50:06,6.94,-0.01,273,189462,卖盘
2810,10:50:03,6.95,--,312,216840,买盘
2811,10:50:00,6.95,0.01,22,15290,买盘
2812,10:49:57,6.94,--,57,39558,卖盘
2813,10:49:54,6.94,--,97,67318,卖盘
2814,10:49:51,6.94,-0.01,2,1388,卖盘
2815,10:49:48,6.95,0.01,203,141085,买盘
2816,10:49:45,6.94,--,56,38864,卖盘
2817,10:49:42,6.94,--,81,56214,卖盘
2818,10:49:39,6.94,-0.01,10,6940,卖盘
2819,10:49:33,6.95,--,26,18070,买盘
2820,10:49:30,6.95,0.01,168,116760,买盘
2821,10:49:27,6.94,--,3,2082,卖盘
2822,10:49:24,6.94,0.01,74,51356,买盘
2823,10:49:21,6.93,-0.01,117,81081,卖盘
2824,10:49:18,6.94,--,145,100630,买盘
2825,10:49:12,6.94,--,48,33312,买盘
2826,10:49:09,6.94,--,68,47192,买盘
2827,10:49:06,6.94,--,10,6940,买盘
2828,10:49:03,6.94,0.01,30,20820,买盘
2829,10:49:00,6.93,-0.01,281,194733,卖盘
2830,10:48:57,6.94,--,181,125614,买盘
2831,10:48:54,6.94,--,220,152680,卖盘
2832,10:48:51,6.94,--,2,1388,卖盘
2833,10:48:48,6.94,-0.01,342,237348,买盘
2834,10:48:45,6.95,0.02,280,194600,买盘
2835,10:48:42,6.93,-0.01,13,9009,卖盘
2836,10:48:39,6.94,--,170,117980,买盘
2837,10:48:36,6.94,--,135,93690,买盘
2838,10:48:33,6.94,0.01,58,40252,买盘
2839,10:48:30,6.93,--,67,46431,卖盘
2840,10:48:27,6.93,-0.01,113,78309,卖盘
2841,10:48:24,6.94,--,241,167254,买盘
2842,10:48:21,6.94,--,5,3470,买盘
2843,10:48:18,6.94,0.01,178,123532,买盘
2844,10:48:15,6.93,--,18,12474,卖盘
2845,10:48:12,6.93,--,147,101871,卖盘
