,time,price,change,volume,amount,type
0,15:00:03,7.35,0.01,3358,2468130,买盘
1,14:57:00,7.34,-0.01,24,17616,卖盘
2,14:56:57,7.35,0.01,54,39690,买盘
3,14:56:54,7.34,-0.01,21,15414,卖盘
4,14:56:51,7.35,--,164,120716,买盘
5,14:56:48,7.35,--,151,110985,买盘
6,14:56:45,7.35,--,809,594615,买盘
7,14:56:42,7.35,0.01,85,62475,买盘
8,14:56:39,7.34,--,12,8808,卖盘
9,14:56:36,7.34,--,98,71932,卖盘
10,14:56:33,7.34,-0.01,48,35540,卖盘
11,14:56:30,7.35,0.01,13,9613,买盘
12,14:56:27,7.34,--,61,44774,卖盘
13,14:56:24,7.34,--,117,85878,卖盘
14,14:56:21,7.34,-0.01,28,20552,卖盘
15,14:56:18,7.35,0.01,532,391020,买盘
16,14:56:15,7.34,--,95,69730,卖盘
17,14:56:12,7.34,--,797,584998,卖盘
18,14:56:09,7.34,--,64,46976,卖盘
19,14:56:06,7.34,--,1096,804464,卖盘
20,14:56:03,7.34,--,83,60922,卖盘
21,14:56:00,7.34,--,1584,1162656,卖盘
22,14:55:57,7.34,-0.01,109,80006,卖盘
23,14:55:54,7.35,0.01,82,60270,买盘
24,14:55:51,7.34,--,40,29360,卖盘
25,14:55:48,7.34,--,7,5138,卖盘
26,14:55:45,7.34,-0.01,15,11010,卖盘
27,14:55:39,7.35,0.01,15,11025,买盘
28,14:55:36,7.34,-0.01,5,3670,卖盘
29,14:55:33,7.35,0.01,16,11760,买盘
30,14:55:30,7.34,--,19,13946,卖盘
31,14:55:27,7.34,-0.01,38,27892,卖盘
32,14:55:24,7.35,0.01,116,85260,买盘
33,14:55:21,7.34,-0.01,30,22020,卖盘
34,14:55:18,7.35,--,394,289590,买盘
35,14:55:15,7.35,0.01,149,109515,买盘
36,14:55:12,7.34,-0.01,5,3670,卖盘
37,14:55:09,7.35,--,74,54390,买盘
38,14:55:06,7.35,0.01,111,81585,买盘
39,14:55:03,7.34,--,85,62390,卖盘
40,14:55:00,7.34,-0.01,24,17616,卖盘
41,14:54:57,7.35,--,118,86730,买盘
42,14:54:54,7.35,--,62,45570,买盘
43,14:54:51,7.35,--,23,16905,买盘
44,14:54:48,7.35,--,74,54390,买盘
45,14:54:45,7.35,--,510,374850,买盘
46,14:54:42,7.35,0.01,20,14700,买盘
47,14:54:39,7.34,-0.01,17,12478,卖盘
48,14:54:36,7.35,--,245,180075,买盘
49,14:54:33,7.35,--,81,59535,买盘
50,14:54:30,7.35,--,124,91140,买盘
51,14:54:27,7.35,0.01,174,127890,买盘
52,14:54:24,7.34,-0.01,54,39636,卖盘
53,14:54:21,7.35,--,423,310905,买盘
54,14:54:18,7.35,--,16,11760,买盘
55,14:54:15,7.35,--,141,103635,买盘
56,14:54:12,7.35,--,73,53655,买盘
57,14:54:09,7.35,--,474,348390,买盘
58,14:54:06,7.35,--,58,42630,买盘
59,14:54:03,7.35,0.01,28,20580,买盘
60,14:54:00,7.34,-0.01,141,103494,卖盘
61,14:53:51,7.35,--,49,36015,买盘
62,14:53:48,7.35,--,143,105105,买盘
63,14:53:45,7.35,--,6,4410,买盘
64,14:53:42,7.35,--,17,12495,买盘
65,14:53:39,7.35,--,203,149205,买盘
66,14:53:36,7.35,--,484,355740,买盘
67,14:53:33,7.35,0.01,38,27930,买盘
68,14:53:30,7.34,-0.01,1,734,卖盘
69,14:53:27,7.35,--,24,17640,买盘
70,14:53:24,7.35,0.01,98,72030,买盘
71,14:53:18,7.34,-0.01,9,6606,卖盘
72,14:53:15,7.35,--,165,121275,买盘
73,14:53:12,7.35,--,8,5880,买盘
74,14:53:09,7.35,0.01,10,7350,买盘
75,14:53:00,7.34,-0.01,16,11744,卖盘
76,14:52:57,7.35,0.01,9,6615,买盘
77,14:52:54,7.34,--,30,22020,卖盘
78,14:52:45,7.34,--,6,4404,卖盘
79,14:52:42,7.34,--,14,10276,卖盘
80,14:52:36,7.34,-0.01,14,10276,卖盘
81,14:52:33,7.35,0.01,142,104370,买盘
82,14:52:30,7.34,--,8,5872,卖盘
83,14:52:27,7.34,-0.01,172,126248,卖盘
84,14:52:24,7.35,--,101,74235,买盘
85,14:52:21,7.35,0.01,23,16905,买盘
86,14:52:18,7.34,--,34,24956,卖盘
87,14:52:15,7.34,--,110,80740,卖盘
88,14:52:12,7.34,-0.01,6,4404,卖盘
89,14:52:09,7.35,0.01,7,5145,买盘
90,14:52:06,7.34,-0.01,2,1468,卖盘
91,14:52:03,7.35,--,46,33810,买盘
92,14:52:00,7.35,--,208,152880,买盘
93,14:51:57,7.35,--,9,6615,买盘
94,14:51:51,7.35,0.01,32,23520,买盘
95,14:51:48,7.34,--,26,19084,卖盘
96,14:51:45,7.34,-0.01,116,85144,卖盘
97,14:51:42,7.35,--,4,2940,买盘
98,14:51:39,7.35,0.01,14,10290,买盘
99,14:51:36,7.34,-0.01,19,13946,卖盘
100,14:51:33,7.35,0.01,206,151410,买盘
101,14:51:30,7.34,-0.01,41,30094,卖盘
102,14:51:27,7.35,--,230,169050,买盘
103,14:51:24,7.35,0.01,37,27195,买盘
104,14:51:21,7.34,--,20,14680,卖盘
105,14:51:18,7.34,-0.01,20,14680,卖盘
106,14:51:15,7.35,0.01,96,70560,买盘
107,14:51:12,7.34,-0.01,8,5872,卖盘
108,14:51:09,7.35,0.01,90,66150,买盘
109,14:51:06,7.34,-0.01,3,2202,卖盘
110,14:51:03,7.35,--,35,25725,买盘
111,14:51:00,7.35,0.01,140,102900,买盘
112,14:50:57,7.34,-0.01,11,8074,卖盘
113,14:50:54,7.35,--,165,121275,买盘
114,14:50:51,7.35,--,20,14700,买盘
115,14:50:48,7.35,--,32,23520,卖盘
116,14:50:45,7.35,--,20,14700,卖盘
117,14:50:42,7.35,--,39,28665,买盘
118,14:50:39,7.35,--,25,18375,买盘
119,14:50:36,7.35,--,80,58800,买盘
120,14:50:33,7.35,0.01,22,16170,买盘
121,14:50:30,7.34,-0.01,8,5872,卖盘
122,14:50:27,7.35,0.01,28,20580,买盘
123,14:50:24,7.34,--,60,44040,卖盘
124,14:50:21,7.34,-0.01,35,25690,卖盘
125,14:50:18,7.35,0.01,190,139650,买盘
126,14:50:15,7.34,--,30,22020,卖盘
127,14:50:12,7.34,--,74,54316,卖盘
128,14:50:09,7.34,-0.02,1401,1028334,卖盘
129,14:50:06,7.36,0.01,221,162656,买盘
130,14:50:03,7.35,--,141,103635,卖盘
131,14:49:57,7.35,--,15,11025,卖盘
132,14:49:54,7.35,--,6,4410,卖盘
133,14:49:51,7.35,0.01,115,84525,买盘
134,14:49:48,7.34,--,9,6606,卖盘
135,14:49:45,7.34,-0.01,158,115972,卖盘
136,14:49:42,7.35,0.01,13,9555,买盘
137,14:49:39,7.34,-0.01,18,13212,卖盘
138,14:49:36,7.35,--,22,16170,买盘
139,14:49:33,7.35,--,85,62475,买盘
140,14:49:30,7.35,--,107,78645,买盘
141,14:49:27,7.35,--,28,20580,买盘
142,14:49:24,7.35,0.01,17,12495,买盘
143,14:49:21,7.34,--,43,31562,卖盘
144,14:49:18,7.34,--,21,15414,卖盘
145,14:49:15,7.34,--,1,734,卖盘
146,14:49:09,7.34,-0.01,19,13946,卖盘
147,14:49:06,7.35,0.01,117,85995,买盘
148,14:49:03,7.34,-0.01,55,40370,卖盘
149,14:49:00,7.35,--,506,371910,买盘
150,14:48:57,7.35,0.01,46,33810,买盘
151,14:48:54,7.34,--,49,35966,卖盘
152,14:48:48,7.34,--,14,10276,卖盘
153,14:48:45,7.34,-0.01,13,9542,卖盘
154,14:48:42,7.35,0.01,38,27930,买盘
155,14:48:39,7.34,-0.01,294,215796,卖盘
156,14:48:36,7.35,--,79,58065,买盘
157,14:48:33,7.35,0.01,7,5145,买盘
158,14:48:27,7.34,--,14,10276,卖盘
159,14:48:24,7.34,--,32,23488,卖盘
160,14:48:21,7.34,--,162,118908,卖盘
161,14:48:18,7.34,--,15,11010,卖盘
162,14:48:12,7.34,-0.01,47,34498,卖盘
163,14:48:09,7.35,--,783,575505,卖盘
164,14:48:03,7.35,--,5,3675,卖盘
165,14:48:00,7.35,--,31,22785,卖盘
166,14:47:57,7.35,--,4,2940,卖盘
167,14:47:54,7.35,--,13,9555,卖盘
168,14:47:51,7.35,--,3,2205,卖盘
169,14:47:48,7.35,--,14,10290,卖盘
170,14:47:45,7.35,-0.01,29,21315,卖盘
171,14:47:42,7.36,0.01,131,96416,买盘
172,14:47:39,7.35,-0.01,19,13965,卖盘
173,14:47:33,7.36,0.01,1,736,买盘
174,14:47:30,7.35,--,18,13230,卖盘
175,14:47:27,7.35,--,77,56595,卖盘
176,14:47:24,7.35,-0.01,13,9555,卖盘
177,14:47:18,7.36,--,48,35328,买盘
178,14:47:15,7.36,0.01,6,4416,买盘
179,14:47:12,7.35,-0.01,34,24990,卖盘
180,14:47:06,7.36,0.01,75,55200,买盘
181,14:47:03,7.35,-0.01,156,114660,卖盘
182,14:47:00,7.36,0.01,1004,738944,买盘
183,14:46:57,7.35,-0.01,11,8085,卖盘
184,14:46:54,7.36,0.01,171,125856,买盘
185,14:46:51,7.35,--,13,9555,卖盘
186,14:46:48,7.35,--,81,59535,卖盘
187,14:46:45,7.35,--,1014,745290,卖盘
188,14:46:42,7.35,--,36,26460,卖盘
189,14:46:39,7.35,-0.01,10,7350,卖盘
190,14:46:33,7.36,--,2,1472,买盘
191,14:46:27,7.36,0.01,30,22080,买盘
192,14:46:21,7.35,--,56,41160,卖盘
193,14:46:18,7.35,--,199,146265,卖盘
194,14:46:15,7.35,--,25,18375,卖盘
195,14:46:12,7.35,-0.01,26,19110,卖盘
196,14:46:09,7.36,0.01,513,377568,买盘
197,14:46:06,7.35,--,86,63210,卖盘
198,14:46:03,7.35,-0.01,30,22050,卖盘
199,14:46:00,7.36,0.01,23,16928,买盘
200,14:45:57,7.35,--,213,156555,卖盘
201,14:45:48,7.35,--,5,3675,卖盘
202,14:45:45,7.35,--,10,7350,卖盘
203,14:45:39,7.35,--,24,17640,卖盘
204,14:45:36,7.35,-0.01,11,8085,卖盘
205,14:45:33,7.36,0.01,63,46368,买盘
206,14:45:27,7.35,-0.01,21,15435,卖盘
207,14:45:24,7.36,--,16,11776,买盘
208,14:45:21,7.36,0.01,20,14720,买盘
209,14:45:18,7.35,-0.01,40,29400,卖盘
210,14:45:15,7.36,0.01,13,9568,买盘
211,14:45:12,7.35,--,45,33075,卖盘
212,14:45:09,7.35,-0.01,131,96285,卖盘
213,14:45:06,7.36,--,932,685952,买盘
214,14:45:03,7.36,0.01,5,3680,买盘
215,14:44:54,7.35,--,44,32340,卖盘
216,14:44:51,7.35,--,27,19845,卖盘
217,14:44:48,7.35,--,252,185220,卖盘
218,14:44:45,7.35,-0.01,1031,757785,卖盘
219,14:44:42,7.36,0.01,10,7360,买盘
220,14:44:39,7.35,--,24,17640,卖盘
221,14:44:30,7.35,--,47,34545,卖盘
222,14:44:27,7.35,-0.01,478,351330,卖盘
223,14:44:24,7.36,0.01,23,16928,买盘
224,14:44:21,7.35,--,173,127155,卖盘
225,14:44:18,7.35,--,210,154350,卖盘
226,14:44:15,7.35,--,10,7350,卖盘
227,14:44:12,7.35,--,11,8085,卖盘
228,14:44:09,7.35,--,120,88200,卖盘
229,14:44:06,7.35,-0.01,55,40425,卖盘
230,14:44:03,7.36,0.01,20,14720,买盘
231,14:44:00,7.35,-0.01,40,29400,卖盘
232,14:43:57,7.36,0.01,39,28704,买盘
233,14:43:54,7.35,--,294,216090,卖盘
234,14:43:51,7.35,--,10,7350,卖盘
235,14:43:45,7.35,-0.01,1,735,卖盘
236,14:43:42,7.36,0.01,78,57408,买盘
237,14:43:39,7.35,--,1439,1057665,卖盘
238,14:43:36,7.35,--,6,4410,卖盘
239,14:43:33,7.35,-0.01,40,29400,卖盘
240,14:43:27,7.36,0.01,20,14720,买盘
241,14:43:24,7.35,-0.01,39,28665,卖盘
242,14:43:21,7.36,0.01,10,7360,买盘
243,14:43:18,7.35,--,5,3675,卖盘
244,14:43:15,7.35,-0.01,25,18375,卖盘
245,14:43:12,7.36,0.01,5,3680,买盘
246,14:43:09,7.35,-0.01,15,11025,卖盘
247,14:43:06,7.36,--,2,1472,买盘
248,14:43:03,7.36,--,6,4416,买盘
249,14:43:00,7.36,--,25,18400,买盘
250,14:42:57,7.36,0.01,23,16928,买盘
251,14:42:54,7.35,--,218,160230,卖盘
252,14:42:51,7.35,--,561,412335,卖盘
253,14:42:48,7.35,--,10,7350,卖盘
254,14:42:45,7.35,--,9,6615,卖盘
255,14:42:42,7.35,--,9,6615,卖盘
256,14:42:39,7.35,--,170,124950,卖盘
257,14:42:36,7.35,-0.01,11,8085,卖盘
258,14:42:33,7.36,--,104,76544,买盘
259,14:42:30,7.36,0.01,15,11040,买盘
260,14:42:27,7.35,-0.01,28,20580,卖盘
261,14:42:24,7.36,0.01,22,16192,买盘
262,14:42:21,7.35,--,4,2940,卖盘
263,14:42:18,7.35,-0.01,75,55125,卖盘
264,14:42:15,7.36,--,81,59616,买盘
265,14:42:12,7.36,0.01,141,103776,买盘
266,14:42:09,7.35,--,4,2940,卖盘
267,14:42:06,7.35,-0.01,66,48510,卖盘
268,14:42:03,7.36,0.01,17,12512,买盘
269,14:42:00,7.35,-0.01,83,61005,卖盘
270,14:41:57,7.36,0.01,31,22816,买盘
271,14:41:54,7.35,-0.01,11,8085,卖盘
272,14:41:51,7.36,0.01,42,30912,买盘
273,14:41:48,7.35,--,18,13230,卖盘
274,14:41:45,7.35,-0.01,114,83790,卖盘
275,14:41:42,7.36,--,2015,1483040,买盘
276,14:41:39,7.36,--,81,59616,买盘
277,14:41:33,7.36,0.01,8,5888,买盘
278,14:41:30,7.35,-0.01,18,13230,卖盘
279,14:41:27,7.36,0.01,146,107456,买盘
280,14:41:24,7.35,--,13,9555,卖盘
281,14:41:21,7.35,-0.01,17,12495,卖盘
282,14:41:18,7.36,0.01,87,64032,买盘
283,14:41:15,7.35,--,43,31605,卖盘
284,14:41:12,7.35,--,14,10290,卖盘
285,14:41:09,7.35,--,20,14700,卖盘
286,14:41:06,7.35,--,14,10290,卖盘
287,14:41:03,7.35,--,48,35280,卖盘
288,14:41:00,7.35,-0.01,1,735,卖盘
289,14:40:57,7.36,0.01,21,15456,买盘
290,14:40:54,7.35,--,27,19845,卖盘
291,14:40:51,7.35,--,0,588,卖盘
292,14:40:48,7.35,--,5,3675,卖盘
293,14:40:45,7.35,-0.01,7,5145,卖盘
294,14:40:42,7.36,0.01,11,8096,买盘
295,14:40:39,7.35,-0.01,39,28665,卖盘
296,14:40:36,7.36,0.01,539,396704,买盘
297,14:40:33,7.35,--,14,10290,卖盘
298,14:40:30,7.35,-0.01,278,204330,卖盘
299,14:40:27,7.36,0.01,83,61088,买盘
300,14:40:24,7.35,--,565,415275,卖盘
301,14:40:21,7.35,--,185,135975,卖盘
302,14:40:18,7.35,--,107,78645,卖盘
303,14:40:15,7.35,-0.01,7,5145,卖盘
304,14:40:12,7.36,--,159,117024,买盘
305,14:40:09,7.36,--,115,84640,买盘
306,14:40:06,7.36,0.01,39,28704,买盘
307,14:40:03,7.35,--,255,187425,卖盘
308,14:40:00,7.35,--,9,6615,卖盘
309,14:39:57,7.35,-0.01,111,81585,卖盘
310,14:39:54,7.36,0.01,1,736,买盘
311,14:39:51,7.35,-0.01,1,735,卖盘
312,14:39:48,7.36,--,2,1472,买盘
313,14:39:42,7.36,0.01,12,8832,买盘
314,14:39:39,7.35,--,163,119805,卖盘
315,14:39:36,7.35,-0.01,30,22050,卖盘
316,14:39:33,7.36,0.01,42,30912,买盘
317,14:39:30,7.35,-0.01,1,735,卖盘
318,14:39:24,7.36,0.01,13,9568,买盘
319,14:39:21,7.35,--,1,735,卖盘
320,14:39:15,7.35,-0.01,56,41160,卖盘
321,14:39:12,7.36,--,30,22080,买盘
322,14:39:09,7.36,--,18,13248,买盘
323,14:39:06,7.36,--,1,736,买盘
324,14:39:03,7.36,0.01,21,15456,买盘
325,14:39:00,7.35,--,19,13965,卖盘
326,14:38:57,7.35,--,5,3675,卖盘
327,14:38:54,7.35,-0.01,1,735,卖盘
328,14:38:51,7.36,0.01,2,1472,买盘
329,14:38:48,7.35,-0.01,31,22785,卖盘
330,14:38:45,7.36,0.01,199,146464,买盘
331,14:38:42,7.35,--,32,23520,卖盘
332,14:38:39,7.35,-0.01,28,20580,卖盘
333,14:38:36,7.36,--,23,16928,买盘
334,14:38:33,7.36,0.01,7,5152,买盘
335,14:38:30,7.35,--,14,10290,卖盘
336,14:38:24,7.35,-0.01,11,8085,卖盘
337,14:38:21,7.36,--,42,30912,买盘
338,14:38:18,7.36,--,5,3680,买盘
339,14:38:15,7.36,--,10,7360,买盘
340,14:38:12,7.36,--,6,4416,买盘
341,14:38:09,7.36,--,82,60352,买盘
342,14:38:06,7.36,0.01,76,55936,买盘
343,14:38:03,7.35,--,1,735,卖盘
344,14:38:00,7.35,-0.01,2,1470,卖盘
345,14:37:54,7.36,--,13,9568,买盘
346,14:37:42,7.36,0.01,12,8832,买盘
347,14:37:39,7.35,--,30,22050,卖盘
348,14:37:36,7.35,-0.01,10,7350,卖盘
349,14:37:33,7.36,0.01,17,12512,买盘
350,14:37:30,7.35,-0.01,18,13230,卖盘
351,14:37:27,7.36,--,100,73600,买盘
352,14:37:24,7.36,0.01,30,22080,买盘
353,14:37:21,7.35,--,200,147000,卖盘
354,14:37:18,7.35,-0.01,6,4410,卖盘
355,14:37:15,7.36,0.01,100,73600,买盘
356,14:37:12,7.35,--,15,11025,卖盘
357,14:37:09,7.35,-0.01,10,7350,卖盘
358,14:37:06,7.36,0.01,10,7360,买盘
359,14:37:03,7.35,--,32,23520,卖盘
360,14:37:00,7.35,--,129,94815,卖盘
361,14:36:51,7.35,-0.01,18,13230,卖盘
362,14:36:48,7.36,0.01,17,12512,买盘
363,14:36:42,7.35,--,14,10290,卖盘
364,14:36:39,7.35,--,45,33075,卖盘
365,14:36:36,7.35,--,1040,764400,卖盘
366,14:36:33,7.35,--,1,735,卖盘
367,14:36:30,7.35,--,21,15435,卖盘
368,14:36:27,7.35,-0.01,6,4410,卖盘
369,14:36:24,7.36,--,40,29440,买盘
370,14:36:21,7.36,0.01,107,78752,买盘
371,14:36:18,7.35,--,1,735,卖盘
372,14:36:15,7.35,-0.01,7,5145,卖盘
373,14:36:12,7.36,--,70,51520,买盘
374,14:36:09,7.36,--,15,11040,买盘
375,14:36:06,7.36,0.01,10,7360,买盘
376,14:36:03,7.35,--,34,24990,卖盘
377,14:36:00,7.35,-0.01,3,2205,卖盘
378,14:35:51,7.36,--,25,18400,买盘
379,14:35:48,7.36,0.01,1,736,买盘
380,14:35:45,7.35,-0.01,5,3675,卖盘
381,14:35:42,7.36,--,28,20608,买盘
382,14:35:39,7.36,--,107,78752,买盘
383,14:35:36,7.36,0.01,80,58880,买盘
384,14:35:33,7.35,--,28,20580,卖盘
385,14:35:30,7.35,-0.01,17,12495,卖盘
386,14:35:27,7.36,0.01,16,11776,买盘
387,14:35:21,7.35,-0.01,24,17640,卖盘
388,14:35:18,7.36,0.01,80,58880,买盘
389,14:35:15,7.35,-0.01,5,3675,卖盘
390,14:35:12,7.36,0.01,20,14720,买盘
391,14:35:09,7.35,-0.01,72,52920,卖盘
392,14:35:03,7.36,0.01,24,17664,买盘
393,14:35:00,7.35,--,212,155820,卖盘
394,14:34:57,7.35,-0.01,11,8085,卖盘
395,14:34:54,7.36,0.01,63,46368,买盘
396,14:34:51,7.35,-0.01,100,73500,卖盘
397,14:34:48,7.36,--,18,13248,买盘
398,14:34:45,7.36,0.01,6,4416,买盘
399,14:34:42,7.35,--,5,3675,卖盘
400,14:34:39,7.35,-0.01,93,68355,卖盘
401,14:34:36,7.36,0.01,23,16928,买盘
402,14:34:33,7.35,--,9,6615,卖盘
403,14:34:30,7.35,--,142,104370,卖盘
404,14:34:27,7.35,-0.01,14,10290,卖盘
405,14:34:24,7.36,--,4,2944,买盘
406,14:34:21,7.36,0.01,60,44160,买盘
407,14:34:18,7.35,-0.01,157,115395,卖盘
408,14:34:15,7.36,0.01,487,358432,买盘
409,14:34:12,7.35,--,133,97755,卖盘
410,14:34:09,7.35,--,1,735,卖盘
411,14:34:03,7.35,--,16,11760,卖盘
412,14:34:00,7.35,--,17,12495,卖盘
413,14:33:57,7.35,--,31,22785,卖盘
414,14:33:54,7.35,--,9,6615,卖盘
415,14:33:51,7.35,-0.01,1,735,卖盘
416,14:33:48,7.36,0.01,40,29440,买盘
417,14:33:42,7.35,--,1,735,卖盘
418,14:33:39,7.35,--,19,13965,卖盘
419,14:33:36,7.35,--,14,10290,卖盘
420,14:33:33,7.35,--,34,24990,卖盘
421,14:33:30,7.35,--,176,129360,卖盘
422,14:33:27,7.35,--,8,5880,卖盘
423,14:33:24,7.35,-0.01,2,1470,卖盘
424,14:33:21,7.36,--,39,28704,卖盘
425,14:33:18,7.36,-0.01,7,5152,卖盘
426,14:33:15,7.37,0.01,130,95810,买盘
427,14:33:09,7.36,--,11,8096,卖盘
428,14:33:06,7.36,--,159,117612,买盘
429,14:33:03,7.36,--,14,10304,买盘
430,14:33:00,7.36,--,54,39891,卖盘
431,14:32:57,7.36,--,11,8096,卖盘
432,14:32:54,7.36,-0.01,58,42688,卖盘
433,14:32:51,7.37,--,111,81807,买盘
434,14:32:48,7.37,--,6,4422,买盘
435,14:32:45,7.37,0.01,17,12529,买盘
436,14:32:39,7.36,--,1,736,卖盘
437,14:32:36,7.36,--,2,2060,买盘
438,14:32:33,7.36,--,37,27232,买盘
439,14:32:30,7.36,0.01,87,64032,买盘
440,14:32:27,7.35,--,7,5145,卖盘
441,14:32:24,7.35,-0.02,56,41307,卖盘
442,14:32:21,7.37,0.01,17,12529,买盘
443,14:32:18,7.36,-0.01,8,5888,卖盘
444,14:32:15,7.37,0.01,124,91388,买盘
445,14:32:12,7.36,-0.01,38,27968,卖盘
446,14:32:09,7.37,0.01,55,40535,买盘
447,14:32:03,7.36,--,16,11776,卖盘
448,14:32:00,7.36,0.01,69,51372,买盘
449,14:31:57,7.35,--,16,11760,卖盘
450,14:31:54,7.35,-0.01,27,19845,卖盘
451,14:31:51,7.36,--,64,47104,买盘
452,14:31:48,7.36,0.01,18,13248,买盘
453,14:31:42,7.35,--,1,735,卖盘
454,14:31:39,7.35,--,1,735,卖盘
455,14:31:33,7.35,--,5,3675,卖盘
456,14:31:30,7.35,--,16,11760,卖盘
457,14:31:27,7.35,-0.01,24,17640,卖盘
458,14:31:24,7.36,-0.01,18,13248,卖盘
459,14:31:21,7.37,0.01,15,11055,买盘
460,14:31:18,7.36,--,19,13984,卖盘
461,14:31:09,7.36,-0.01,12,8832,卖盘
462,14:31:06,7.37,0.02,29,21373,买盘
463,14:31:03,7.35,-0.01,64,47040,卖盘
464,14:31:00,7.36,0.01,12,8832,买盘
465,14:30:57,7.35,--,29,21315,卖盘
466,14:30:54,7.35,-0.01,10,7350,卖盘
467,14:30:51,7.36,0.01,123,90528,买盘
468,14:30:48,7.35,-0.02,11,8085,卖盘
469,14:30:45,7.37,0.01,3,2211,买盘
470,14:30:39,7.36,--,1,736,卖盘
471,14:30:33,7.36,--,11,8096,买盘
472,14:30:27,7.36,--,54,39744,买盘
473,14:30:24,7.36,--,24,17664,买盘
474,14:30:21,7.36,--,5,3680,买盘
475,14:30:18,7.36,--,2,1472,买盘
476,14:30:15,7.36,--,7,5152,买盘
477,14:30:12,7.36,-0.01,45,33120,卖盘
478,14:30:09,7.37,--,52,38324,买盘
479,14:30:06,7.37,0.02,1,737,买盘
480,14:30:03,7.35,-0.01,26,19110,卖盘
481,14:30:00,7.36,--,26,19136,卖盘
482,14:29:57,7.36,--,449,330464,卖盘
483,14:29:54,7.36,--,514,378304,卖盘
484,14:29:48,7.36,-0.01,38,27968,卖盘
485,14:29:45,7.37,0.01,809,596233,买盘
486,14:29:39,7.36,-0.01,1,736,卖盘
487,14:29:36,7.37,--,63,46431,买盘
488,14:29:33,7.37,--,8,5896,买盘
489,14:29:30,7.37,0.01,3,2211,买盘
490,14:29:27,7.36,-0.01,21,15456,卖盘
491,14:29:24,7.37,0.01,157,115709,买盘
492,14:29:21,7.36,--,19,13984,卖盘
493,14:29:18,7.36,--,413,303968,卖盘
494,14:29:12,7.36,--,1,736,卖盘
495,14:29:09,7.36,-0.01,5,3680,卖盘
496,14:29:06,7.37,0.01,39,28743,买盘
497,14:29:03,7.36,--,8,5888,卖盘
498,14:29:00,7.36,--,158,116288,卖盘
499,14:28:57,7.36,--,215,158240,卖盘
500,14:28:54,7.36,-0.01,10,7360,卖盘
501,14:28:51,7.37,--,70,51590,买盘
502,14:28:48,7.37,0.01,15,11055,买盘
503,14:28:45,7.36,--,17,12512,卖盘
504,14:28:42,7.36,--,30,22080,卖盘
505,14:28:39,7.36,--,14,10304,卖盘
506,14:28:36,7.36,--,295,217120,卖盘
507,14:28:33,7.36,--,100,73600,卖盘
508,14:28:27,7.36,--,16,11776,卖盘
509,14:28:24,7.36,--,23,16928,卖盘
510,14:28:21,7.36,-0.01,200,147200,卖盘
511,14:28:18,7.37,0.01,20,14740,买盘
512,14:28:15,7.36,--,22,16192,卖盘
513,14:28:12,7.36,--,20,14720,卖盘
514,14:28:09,7.36,--,1,736,卖盘
515,14:28:06,7.36,--,60,44160,卖盘
516,14:28:03,7.36,--,9,6624,卖盘
517,14:28:00,7.36,--,7,5152,卖盘
518,14:27:57,7.36,--,21,15456,卖盘
519,14:27:54,7.36,--,79,58144,卖盘
520,14:27:48,7.36,-0.01,44,32384,卖盘
521,14:27:45,7.37,0.01,25,18425,买盘
522,14:27:39,7.36,-0.01,1,736,卖盘
523,14:27:36,7.37,0.01,2,1474,买盘
524,14:27:33,7.36,-0.01,23,16928,卖盘
525,14:27:30,7.37,0.01,38,28006,买盘
526,14:27:27,7.36,--,1,736,卖盘
527,14:27:24,7.36,-0.01,15,11040,卖盘
528,14:27:18,7.37,0.01,13,9581,买盘
529,14:27:12,7.36,--,34,25024,卖盘
530,14:27:09,7.36,-0.01,39,28704,卖盘
531,14:27:06,7.37,--,14,10318,买盘
532,14:27:03,7.37,0.01,305,224785,买盘
533,14:27:00,7.36,--,89,65504,卖盘
534,14:26:57,7.36,-0.01,4,2944,卖盘
535,14:26:54,7.37,0.01,49,36113,买盘
536,14:26:48,7.36,--,5,3680,卖盘
537,14:26:45,7.36,--,18,13248,卖盘
538,14:26:42,7.36,--,103,75808,卖盘
539,14:26:39,7.36,--,1,736,卖盘
540,14:26:36,7.36,-0.01,17,12512,卖盘
541,14:26:33,7.37,0.01,4,2948,买盘
542,14:26:27,7.36,--,80,58880,卖盘
543,14:26:24,7.36,--,34,25024,卖盘
544,14:26:21,7.36,-0.01,9,6624,卖盘
545,14:26:18,7.37,0.01,108,79596,买盘
546,14:26:09,7.36,-0.01,1,736,卖盘
547,14:26:06,7.37,0.01,2,1474,买盘
548,14:26:03,7.36,--,2,1472,卖盘
549,14:26:00,7.36,--,52,38272,卖盘
550,14:25:57,7.36,--,1,736,卖盘
551,14:25:54,7.36,--,47,34592,卖盘
552,14:25:51,7.36,-0.01,6,4416,卖盘
553,14:25:48,7.37,--,154,113498,买盘
554,14:25:45,7.37,0.01,181,133397,买盘
555,14:25:42,7.36,--,5,3680,卖盘
556,14:25:39,7.36,-0.01,1,736,卖盘
557,14:25:33,7.37,0.01,2,1474,买盘
558,14:25:27,7.36,--,14,10304,卖盘
559,14:25:24,7.36,--,15,11040,卖盘
560,14:25:15,7.36,-0.01,6,4416,卖盘
561,14:25:12,7.37,0.01,100,73700,买盘
562,14:25:09,7.36,--,1,736,卖盘
563,14:25:06,7.36,-0.01,2,1472,卖盘
564,14:25:03,7.37,0.01,11,8107,买盘
565,14:25:00,7.36,--,2,1472,卖盘
566,14:24:57,7.36,-0.01,42,30912,卖盘
567,14:24:54,7.37,-0.01,424,312488,卖盘
568,14:24:51,7.38,0.01,145,107010,买盘
569,14:24:39,7.37,-0.01,1,737,卖盘
570,14:24:36,7.38,0.01,84,61992,买盘
571,14:24:33,7.37,-0.01,136,100232,卖盘
572,14:24:30,7.38,0.01,186,137268,买盘
573,14:24:27,7.37,-0.01,14,10318,卖盘
574,14:24:24,7.38,0.01,49,36162,买盘
575,14:24:21,7.37,-0.01,50,36850,卖盘
576,14:24:18,7.38,0.01,1,738,买盘
577,14:24:09,7.37,-0.01,11,8107,卖盘
578,14:24:06,7.38,0.01,50,36900,买盘
579,14:24:03,7.37,-0.01,2,1474,卖盘
580,14:24:00,7.38,0.01,31,22878,买盘
581,14:23:57,7.37,--,1,737,卖盘
582,14:23:54,7.37,--,14,10318,卖盘
583,14:23:48,7.37,-0.01,6,4422,卖盘
584,14:23:45,7.38,--,50,36900,买盘
585,14:23:39,7.38,0.01,13,9594,买盘
586,14:23:36,7.37,-0.01,60,44220,卖盘
587,14:23:33,7.38,--,4,2952,买盘
588,14:23:30,7.38,0.01,10,7380,买盘
589,14:23:27,7.37,--,28,20636,卖盘
590,14:23:24,7.37,--,1,737,卖盘
591,14:23:21,7.37,--,8,5896,卖盘
592,14:23:18,7.37,--,13,9581,卖盘
593,14:23:15,7.37,-0.01,1,737,卖盘
594,14:23:12,7.38,0.01,2,1476,买盘
595,14:23:09,7.37,-0.01,48,35376,卖盘
596,14:23:06,7.38,0.01,2,1476,买盘
597,14:23:03,7.37,-0.01,5,3685,卖盘
598,14:23:00,7.38,0.01,16,11808,买盘
599,14:22:54,7.37,-0.01,6,4422,卖盘
600,14:22:51,7.38,0.01,49,36162,买盘
601,14:22:48,7.37,--,60,44220,卖盘
602,14:22:45,7.37,--,1,737,卖盘
603,14:22:42,7.37,--,20,14740,卖盘
604,14:22:39,7.37,0.01,476,350812,买盘
605,14:22:33,7.36,-0.01,6,4416,卖盘
606,14:22:30,7.37,--,97,71489,买盘
607,14:22:27,7.37,--,31,22847,买盘
608,14:22:24,7.37,0.01,207,152559,买盘
609,14:22:21,7.36,--,18,13248,卖盘
610,14:22:18,7.36,--,1,736,卖盘
611,14:22:15,7.36,--,36,26496,卖盘
612,14:22:12,7.36,-0.01,145,106720,卖盘
613,14:22:09,7.37,0.01,13,9581,买盘
614,14:22:06,7.36,-0.01,170,125120,卖盘
615,14:22:03,7.37,0.01,29,21373,买盘
616,14:22:00,7.36,--,2,1472,卖盘
617,14:21:54,7.36,--,1,736,卖盘
618,14:21:51,7.36,--,22,16192,卖盘
619,14:21:48,7.36,--,193,142048,卖盘
620,14:21:42,7.36,--,10,7360,卖盘
621,14:21:39,7.36,--,179,131744,卖盘
622,14:21:36,7.36,-0.01,8,5888,卖盘
623,14:21:33,7.37,--,108,79596,买盘
624,14:21:30,7.37,0.01,42,30954,买盘
625,14:21:24,7.36,--,1,736,卖盘
626,14:21:18,7.36,--,13,9568,卖盘
627,14:21:12,7.36,--,11,8096,卖盘
628,14:21:09,7.36,-0.01,13,9568,卖盘
629,14:21:06,7.37,--,124,91388,买盘
630,14:21:03,7.37,--,11,8107,买盘
631,14:21:00,7.37,0.01,4,2948,买盘
632,14:20:57,7.36,-0.01,50,36800,卖盘
633,14:20:54,7.37,0.01,1,737,买盘
634,14:20:51,7.36,--,19,13984,卖盘
635,14:20:48,7.36,--,140,103040,卖盘
636,14:20:45,7.36,--,1,736,卖盘
637,14:20:42,7.36,--,5,3680,卖盘
638,14:20:39,7.36,--,16,11776,卖盘
639,14:20:36,7.36,--,1,736,卖盘
640,14:20:33,7.36,--,6,4416,卖盘
641,14:20:30,7.36,-0.01,48,35622,卖盘
642,14:20:27,7.37,0.02,8,5896,买盘
643,14:20:21,7.35,-0.01,38,27930,卖盘
644,14:20:18,7.36,--,125,92000,卖盘
645,14:20:15,7.36,--,10,7360,卖盘
646,14:20:12,7.36,0.01,8,5888,中性盘
647,14:20:09,7.35,-0.01,28,20580,卖盘
648,14:20:06,7.36,--,23,16928,买盘
649,14:20:03,7.36,--,27,19872,卖盘
650,14:19:57,7.36,--,22,16192,卖盘
651,14:19:54,7.36,--,456,335616,卖盘
652,14:19:45,7.36,--,13,9568,卖盘
653,14:19:42,7.36,--,5,3680,卖盘
654,14:19:36,7.36,--,2,1472,买盘
655,14:19:33,7.36,--,18,13248,买盘
656,14:19:30,7.36,--,46,33856,买盘
657,14:19:27,7.36,-0.01,256,188416,卖盘
658,14:19:24,7.37,0.01,13,9581,买盘
659,14:19:21,7.36,--,13,9568,卖盘
660,14:19:18,7.36,--,31,22816,卖盘
661,14:19:09,7.36,-0.01,2,1472,卖盘
662,14:19:03,7.37,0.01,51,37587,买盘
663,14:19:00,7.36,--,9,6624,卖盘
664,14:18:57,7.36,-0.01,1,736,卖盘
665,14:18:54,7.37,0.01,16,11792,买盘
666,14:18:51,7.36,--,13,9568,卖盘
667,14:18:42,7.36,--,10,7360,卖盘
668,14:18:39,7.36,-0.01,259,190624,卖盘
669,14:18:36,7.37,0.01,398,293326,买盘
670,14:18:33,7.36,-0.01,20,14720,卖盘
671,14:18:30,7.37,0.01,1,737,买盘
672,14:18:27,7.36,-0.01,5,3680,卖盘
673,14:18:24,7.37,0.01,11,8107,买盘
674,14:18:18,7.36,--,8,5888,卖盘
675,14:18:15,7.36,--,23,16928,卖盘
676,14:18:12,7.36,--,20,14720,卖盘
677,14:18:06,7.36,--,50,36800,卖盘
678,14:17:57,7.36,--,7,5152,卖盘
679,14:17:54,7.36,--,172,126592,卖盘
680,14:17:51,7.36,--,13,9568,卖盘
681,14:17:48,7.36,--,33,24288,卖盘
682,14:17:45,7.36,--,1,736,卖盘
683,14:17:36,7.36,--,7,5152,卖盘
684,14:17:33,7.36,--,8,5888,卖盘
685,14:17:18,7.36,-0.01,13,9568,卖盘
686,14:17:15,7.37,0.01,4,2948,买盘
687,14:17:09,7.36,-0.01,73,53728,卖盘
688,14:17:06,7.37,--,502,369974,买盘
689,14:17:03,7.37,--,54,39798,买盘
690,14:17:00,7.37,0.01,302,222574,买盘
691,14:16:57,7.36,0.01,2,1472,卖盘
692,14:16:51,7.35,--,9,6615,卖盘
693,14:16:48,7.35,--,188,138180,卖盘
694,14:16:45,7.35,-0.01,4572,3361037,卖盘
695,14:16:42,7.36,--,38,27968,卖盘
696,14:16:39,7.36,--,11,8096,卖盘
697,14:16:36,7.36,--,6,4416,卖盘
698,14:16:33,7.36,-0.01,140,103040,卖盘
699,14:16:30,7.37,0.01,7,5159,买盘
700,14:16:27,7.36,--,11,8096,卖盘
701,14:16:24,7.36,-0.01,117,86112,卖盘
702,14:16:18,7.37,0.01,71,52327,买盘
703,14:16:15,7.36,-0.01,37,27232,卖盘
704,14:16:12,7.37,--,19,14003,买盘
705,14:16:09,7.37,--,125,92125,买盘
706,14:16:06,7.37,--,204,150348,买盘
707,14:16:03,7.37,--,3,2211,买盘
708,14:16:00,7.37,--,35,25795,买盘
709,14:15:57,7.37,0.01,16,11792,买盘
710,14:15:54,7.36,-0.01,15,11040,卖盘
711,14:15:48,7.37,--,40,29480,买盘
712,14:15:45,7.37,--,154,113498,买盘
713,14:15:42,7.37,--,3,2211,买盘
714,14:15:39,7.37,--,19,14003,买盘
715,14:15:36,7.37,0.01,213,156981,买盘
716,14:15:33,7.36,-0.01,19,13984,卖盘
717,14:15:30,7.37,0.01,19,14003,买盘
718,14:15:27,7.36,--,5,3680,卖盘
719,14:15:21,7.36,-0.01,11,8096,卖盘
720,14:15:15,7.37,--,48,35376,买盘
721,14:15:12,7.37,0.01,3,2211,买盘
722,14:15:09,7.36,--,12,8832,卖盘
723,14:15:06,7.36,-0.01,6,4416,卖盘
724,14:15:03,7.37,--,162,119394,买盘
725,14:15:00,7.37,0.01,183,134871,买盘
726,14:14:57,7.36,-0.01,191,140576,卖盘
727,14:14:54,7.37,--,12,8844,买盘
728,14:14:51,7.37,0.01,76,56012,买盘
729,14:14:48,7.36,--,24,17664,卖盘
730,14:14:45,7.36,--,72,52992,卖盘
731,14:14:42,7.36,-0.01,78,57408,卖盘
732,14:14:39,7.37,--,38,28006,买盘
733,14:14:36,7.37,0.01,13,9581,买盘
734,14:14:30,7.36,--,59,43424,卖盘
735,14:14:27,7.36,--,31,22816,卖盘
736,14:14:24,7.36,--,457,336940,卖盘
737,14:14:21,7.36,--,3,2208,卖盘
738,14:14:18,7.36,--,5,3680,卖盘
739,14:14:15,7.36,-0.01,41,30176,卖盘
740,14:14:12,7.37,0.01,8,5896,买盘
741,14:14:09,7.36,-0.01,13,9568,卖盘
742,14:14:06,7.37,0.01,23,16951,买盘
743,14:14:03,7.36,--,20,14720,卖盘
744,14:14:00,7.36,--,1,736,卖盘
745,14:13:57,7.36,-0.01,15,11040,卖盘
746,14:13:54,7.37,0.01,40,29480,买盘
747,14:13:48,7.36,--,1,736,卖盘
748,14:13:45,7.36,--,19,13984,卖盘
749,14:13:42,7.36,--,23,16928,卖盘
750,14:13:39,7.36,-0.01,14,10304,卖盘
751,14:13:36,7.37,0.01,34,25058,买盘
752,14:13:33,7.36,--,44,32384,卖盘
753,14:13:30,7.36,--,1012,744832,卖盘
754,14:13:27,7.36,--,1,736,卖盘
755,14:13:21,7.36,--,19,13984,卖盘
756,14:13:18,7.36,-0.01,5,3680,卖盘
757,14:13:15,7.37,0.01,24,17688,买盘
758,14:13:12,7.36,--,66,48576,卖盘
759,14:13:09,7.36,-0.01,15,11040,卖盘
760,14:13:06,7.37,0.01,1,737,买盘
761,14:13:00,7.36,--,1,736,卖盘
762,14:12:57,7.36,--,19,13984,卖盘
763,14:12:54,7.36,--,120,88320,卖盘
764,14:12:48,7.36,--,12,8832,卖盘
765,14:12:45,7.36,-0.01,27,19872,卖盘
766,14:12:42,7.37,--,25,18425,买盘
767,14:12:39,7.37,0.01,2,1474,买盘
768,14:12:36,7.36,--,25,18400,卖盘
769,14:12:33,7.36,-0.01,100,73600,卖盘
770,14:12:30,7.37,0.01,3,2211,买盘
771,14:12:27,7.36,-0.01,15,11040,卖盘
772,14:12:24,7.37,--,19,14003,买盘
773,14:12:21,7.37,0.01,122,89914,买盘
774,14:12:15,7.36,--,38,27968,卖盘
775,14:12:12,7.36,--,125,92000,卖盘
776,14:12:09,7.36,-0.01,100,73600,卖盘
777,14:12:06,7.37,0.01,14,10318,买盘
778,14:12:03,7.36,-0.01,11,8096,卖盘
779,14:12:00,7.37,0.01,29,21373,买盘
780,14:11:57,7.36,--,412,303232,卖盘
781,14:11:54,7.36,--,19,13984,卖盘
782,14:11:51,7.36,-0.01,40,29440,卖盘
783,14:11:48,7.37,--,12,8844,买盘
784,14:11:45,7.37,0.01,18,13266,买盘
785,14:11:42,7.36,--,34,25024,卖盘
786,14:11:39,7.36,--,10,7360,卖盘
787,14:11:30,7.36,--,16,11776,卖盘
788,14:11:27,7.36,-0.01,10,7360,卖盘
789,14:11:24,7.37,0.01,146,107602,买盘
790,14:11:18,7.36,-0.01,55,40774,卖盘
791,14:11:15,7.37,0.01,13,9581,买盘
792,14:11:12,7.36,--,25,18400,卖盘
793,14:11:09,7.36,-0.01,22,16192,卖盘
794,14:11:06,7.37,0.01,1,737,买盘
795,14:10:57,7.36,-0.01,10,7360,卖盘
796,14:10:54,7.37,--,21,15477,买盘
797,14:10:48,7.37,0.01,16,11792,买盘
798,14:10:45,7.36,--,22,16192,卖盘
799,14:10:42,7.36,--,31,22816,卖盘
800,14:10:36,7.36,-0.01,17,12512,卖盘
801,14:10:33,7.37,--,3,2211,买盘
802,14:10:24,7.37,0.01,43,31691,买盘
803,14:10:21,7.36,-0.01,17,12512,卖盘
804,14:10:18,7.37,0.01,1,737,买盘
805,14:10:12,7.36,--,10,7360,卖盘
806,14:10:09,7.36,-0.01,32,23552,卖盘
807,14:10:06,7.37,0.01,6,4422,买盘
808,14:10:03,7.36,-0.01,16,11776,卖盘
809,14:09:57,7.37,0.01,5,3685,买盘
810,14:09:54,7.36,-0.01,10,7360,卖盘
811,14:09:51,7.37,0.01,40,29480,买盘
812,14:09:42,7.36,--,59,43424,卖盘
813,14:09:39,7.36,--,47,34592,卖盘
814,14:09:36,7.36,--,20,14720,卖盘
815,14:09:30,7.36,-0.01,11,8096,卖盘
816,14:09:27,7.37,0.01,10,7370,买盘
817,14:09:24,7.36,--,18,13248,卖盘
818,14:09:21,7.36,--,129,94944,卖盘
819,14:09:18,7.36,--,11,8096,卖盘
820,14:09:12,7.36,-0.01,7,5152,卖盘
821,14:09:09,7.37,0.01,107,78859,买盘
822,14:09:06,7.36,--,17,12512,卖盘
823,14:09:03,7.36,--,46,33856,卖盘
824,14:09:00,7.36,--,12,8832,卖盘
825,14:08:57,7.36,-0.01,11,8096,卖盘
826,14:08:45,7.37,--,65,47905,买盘
827,14:08:42,7.37,0.01,1,737,买盘
828,14:08:36,7.36,--,5,3680,卖盘
829,14:08:33,7.36,-0.01,33,24288,卖盘
830,14:08:27,7.37,0.01,10,7370,买盘
831,14:08:24,7.36,--,11,8096,卖盘
832,14:08:21,7.36,--,8,5888,卖盘
833,14:08:18,7.36,--,1,736,卖盘
834,14:08:12,7.36,--,43,31648,卖盘
835,14:08:09,7.36,--,10,7360,卖盘
836,14:08:06,7.36,--,49,36064,卖盘
837,14:08:03,7.36,--,70,51520,卖盘
838,14:08:00,7.36,--,35,25760,卖盘
839,14:07:57,7.36,--,100,73600,卖盘
840,14:07:48,7.36,-0.01,19,13984,卖盘
841,14:07:45,7.37,0.01,143,105391,买盘
842,14:07:42,7.36,--,1,736,卖盘
843,14:07:39,7.36,--,10,7360,卖盘
844,14:07:33,7.36,--,8,5888,卖盘
845,14:07:30,7.36,--,5,3680,卖盘
846,14:07:27,7.36,-0.01,17,12512,卖盘
847,14:07:24,7.37,--,1,737,买盘
848,14:07:21,7.37,0.01,7,5159,买盘
849,14:07:18,7.36,--,105,77280,卖盘
850,14:07:15,7.36,--,12,8832,卖盘
851,14:07:06,7.36,--,12,8832,卖盘
852,14:07:03,7.36,-0.01,50,36800,卖盘
853,14:07:00,7.37,--,4,2948,买盘
854,14:06:57,7.37,0.01,24,17688,买盘
855,14:06:54,7.36,-0.01,23,16928,卖盘
856,14:06:51,7.37,--,120,88440,买盘
857,14:06:48,7.37,0.01,2,1474,买盘
858,14:06:45,7.36,--,101,74336,卖盘
859,14:06:42,7.36,--,217,159712,卖盘
860,14:06:33,7.36,-0.01,11,8096,卖盘
861,14:06:30,7.37,0.01,20,14740,中性盘
862,14:06:21,7.36,-0.02,17,12512,卖盘
863,14:06:18,7.38,0.01,108,79704,买盘
864,14:06:15,7.37,--,19,14003,买盘
865,14:06:12,7.37,0.01,3,2211,买盘
866,14:06:09,7.36,--,11,8096,卖盘
867,14:06:06,7.36,--,35,25760,卖盘
868,14:06:03,7.36,--,163,119968,卖盘
869,14:06:00,7.36,--,12,8832,卖盘
870,14:05:57,7.36,--,7,5152,卖盘
871,14:05:54,7.36,--,54,39744,卖盘
872,14:05:48,7.36,--,10,7360,卖盘
873,14:05:39,7.36,--,105,77280,卖盘
874,14:05:36,7.36,-0.01,10,7360,卖盘
875,14:05:33,7.37,0.01,30,22110,中性盘
876,14:05:30,7.36,-0.02,8,5888,卖盘
877,14:05:27,7.38,0.01,67,49770,买盘
878,14:05:24,7.37,0.01,141,103917,买盘
879,14:05:21,7.36,-0.01,144,105984,卖盘
880,14:05:18,7.37,0.01,7,5159,买盘
881,14:05:15,7.36,--,12,8832,卖盘
882,14:05:12,7.36,--,40,29440,卖盘
883,14:05:09,7.36,-0.01,2,1472,卖盘
884,14:05:06,7.37,0.01,1,737,买盘
885,14:05:03,7.36,-0.01,20,14720,卖盘
886,14:05:00,7.37,0.01,100,73700,买盘
887,14:04:54,7.36,-0.01,11,8096,卖盘
888,14:04:45,7.37,0.01,37,27269,买盘
889,14:04:42,7.36,--,10,7360,卖盘
890,14:04:30,7.36,--,12,8832,卖盘
891,14:04:21,7.36,-0.01,20,14720,卖盘
892,14:04:15,7.37,--,10,7782,卖盘
893,14:04:12,7.37,--,7,5159,卖盘
894,14:04:09,7.37,--,153,113085,买盘
895,14:04:06,7.37,0.01,154,113498,买盘
896,14:04:03,7.36,-0.01,5,3680,卖盘
897,14:04:00,7.37,0.01,12,8844,买盘
898,14:03:57,7.36,--,11,8096,卖盘
899,14:03:51,7.36,--,30,22080,卖盘
900,14:03:48,7.36,--,11,8096,卖盘
901,14:03:45,7.36,0.01,1,736,中性盘
902,14:03:42,7.35,-0.02,4,2940,卖盘
903,14:03:39,7.37,--,28,20636,买盘
904,14:03:36,7.37,0.01,24,17688,买盘
905,14:03:33,7.36,-0.01,181,133216,中性盘
906,14:03:30,7.37,0.01,56,41272,买盘
907,14:03:27,7.36,0.01,106,78016,买盘
908,14:03:24,7.35,-0.01,118,86730,卖盘
909,14:03:18,7.36,--,17,12512,卖盘
910,14:03:15,7.36,0.01,98,72128,买盘
911,14:03:12,7.35,--,18,13230,卖盘
912,14:03:09,7.35,-0.01,117,85995,卖盘
913,14:03:06,7.36,--,8,5888,买盘
914,14:03:03,7.36,-0.01,55,40480,卖盘
915,14:03:00,7.37,0.01,7,5159,买盘
916,14:02:57,7.36,--,3,2208,卖盘
917,14:02:54,7.36,--,33,24288,卖盘
918,14:02:51,7.36,--,11,8096,卖盘
919,14:02:45,7.36,--,17,12512,卖盘
920,14:02:42,7.36,0.01,11,8096,中性盘
921,14:02:39,7.35,-0.01,100,73500,卖盘
922,14:02:33,7.36,--,12,8832,卖盘
923,14:02:30,7.36,--,266,195776,买盘
924,14:02:27,7.36,--,69,50784,买盘
925,14:02:21,7.36,0.01,16,11776,买盘
926,14:02:18,7.35,-0.01,11,8085,卖盘
927,14:02:15,7.36,0.01,3,2208,买盘
928,14:02:12,7.35,--,75,55125,卖盘
929,14:02:09,7.35,--,9,6615,卖盘
930,14:02:06,7.35,--,176,129360,卖盘
931,14:02:03,7.35,-0.01,10,7350,卖盘
932,14:02:00,7.36,--,85,62560,买盘
933,14:01:57,7.36,--,94,69184,买盘
934,14:01:54,7.36,0.01,25,18400,买盘
935,14:01:48,7.35,--,8,5880,卖盘
936,14:01:45,7.35,-0.01,111,81585,卖盘
937,14:01:42,7.36,--,71,52256,买盘
938,14:01:39,7.36,0.01,138,101568,买盘
939,14:01:33,7.35,--,25,18375,卖盘
940,14:01:30,7.35,--,310,227850,卖盘
941,14:01:27,7.35,-0.01,26,19110,卖盘
942,14:01:24,7.36,--,95,69920,买盘
943,14:01:21,7.36,--,46,33856,买盘
944,14:01:18,7.36,--,110,80960,买盘
945,14:01:15,7.36,--,37,27232,买盘
946,14:01:12,7.36,0.01,131,96416,买盘
947,14:01:06,7.35,-0.02,27,19845,卖盘
948,14:01:03,7.37,0.01,101,74437,买盘
949,14:01:00,7.36,--,10,7360,卖盘
950,14:00:54,7.36,--,19,13984,卖盘
951,14:00:51,7.36,-0.01,28,20608,卖盘
952,14:00:48,7.37,--,152,112024,买盘
953,14:00:45,7.37,0.01,120,88440,买盘
954,14:00:42,7.36,--,83,61088,买盘
955,14:00:39,7.36,--,687,505632,卖盘
956,14:00:36,7.36,-0.01,9,6624,卖盘
957,14:00:33,7.37,0.01,144,106128,买盘
958,14:00:27,7.36,--,40,29440,卖盘
959,14:00:24,7.36,-0.01,14,10304,卖盘
960,14:00:21,7.37,--,204,150348,买盘
961,14:00:18,7.37,--,2267,1670779,买盘
962,14:00:09,7.37,--,10,7370,买盘
963,14:00:06,7.37,0.01,23,16951,买盘
964,14:00:00,7.36,--,2,1472,卖盘
965,13:59:57,7.36,--,6,4416,卖盘
966,13:59:54,7.36,-0.01,130,95680,卖盘
967,13:59:51,7.37,--,114,84018,买盘
968,13:59:45,7.37,0.01,47,34639,中性盘
969,13:59:33,7.36,--,22,16192,卖盘
970,13:59:24,7.36,--,1,736,卖盘
971,13:59:21,7.36,-0.01,11,8096,卖盘
972,13:59:18,7.37,-0.01,19,14003,中性盘
973,13:59:15,7.38,0.02,118,87084,买盘
974,13:59:12,7.36,-0.01,18,13248,卖盘
975,13:59:09,7.37,--,88,64856,买盘
976,13:59:06,7.37,0.01,7,5159,买盘
977,13:59:03,7.36,--,30,22080,卖盘
978,13:59:00,7.36,-0.01,84,61824,卖盘
979,13:58:57,7.37,--,151,111287,买盘
980,13:58:54,7.37,--,30,22110,买盘
981,13:58:51,7.37,0.01,110,81070,买盘
982,13:58:48,7.36,-0.01,38,27968,卖盘
983,13:58:45,7.37,0.01,44,32428,买盘
984,13:58:42,7.36,-0.01,6,4416,卖盘
985,13:58:39,7.37,--,68,50116,买盘
986,13:58:33,7.37,--,11,8107,买盘
987,13:58:30,7.37,0.01,47,34639,买盘
988,13:58:27,7.36,-0.01,20,14720,卖盘
989,13:58:24,7.37,--,165,121605,买盘
990,13:58:21,7.37,0.01,52,38324,买盘
991,13:58:18,7.36,--,9,6624,卖盘
992,13:58:15,7.36,--,223,164128,卖盘
993,13:58:12,7.36,--,6,4416,卖盘
994,13:58:09,7.36,-0.01,30,22080,卖盘
995,13:58:06,7.37,--,23,16951,买盘
996,13:57:57,7.37,0.01,61,44957,买盘
997,13:57:54,7.36,--,24,17664,卖盘
998,13:57:51,7.36,-0.01,131,96416,中性盘
999,13:57:48,7.37,--,93,68541,买盘
1000,13:57:45,7.37,0.01,1,737,买盘
1001,13:57:42,7.36,--,20,14720,卖盘
1002,13:57:39,7.36,--,128,94208,卖盘
1003,13:57:36,7.36,--,204,150144,卖盘
1004,13:57:33,7.36,0.01,12,8832,中性盘
1005,13:57:24,7.35,-0.01,16,11760,卖盘
1006,13:57:21,7.36,0.01,240,176640,买盘
1007,13:57:15,7.35,-0.01,15,11025,卖盘
1008,13:57:12,7.36,--,141,103776,买盘
1009,13:57:09,7.36,--,21,15456,买盘
1010,13:57:06,7.36,0.01,42,30912,买盘
1011,13:57:03,7.35,--,38,27930,卖盘
1012,13:57:00,7.35,-0.01,22,16170,卖盘
1013,13:56:57,7.36,--,144,105984,买盘
1014,13:56:54,7.36,--,52,38272,买盘
1015,13:56:51,7.36,0.01,20,14720,买盘
1016,13:56:48,7.35,--,12,8820,卖盘
1017,13:56:42,7.35,--,13,9555,卖盘
1018,13:56:39,7.35,--,8,5880,卖盘
1019,13:56:36,7.35,-0.01,130,95550,卖盘
1020,13:56:33,7.36,--,49,36064,买盘
1021,13:56:30,7.36,--,42,30912,买盘
1022,13:56:27,7.36,0.01,59,43424,买盘
1023,13:56:24,7.35,-0.01,72,52920,卖盘
1024,13:56:21,7.36,--,530,390080,买盘
1025,13:56:18,7.36,0.01,107,78752,买盘
1026,13:56:15,7.35,--,11,8085,卖盘
1027,13:56:06,7.35,-0.01,109,80115,卖盘
1028,13:56:03,7.36,--,152,111872,买盘
1029,13:56:00,7.36,0.01,2,1472,买盘
1030,13:55:54,7.35,--,7,5145,卖盘
1031,13:55:51,7.35,--,28,20580,卖盘
1032,13:55:48,7.35,--,10,7350,卖盘
1033,13:55:45,7.35,--,51,37485,卖盘
1034,13:55:42,7.35,-0.01,11,8085,卖盘
1035,13:55:39,7.36,0.01,50,36800,买盘
1036,13:55:36,7.35,-0.01,10,7350,卖盘
1037,13:55:33,7.36,0.01,214,157504,买盘
1038,13:55:30,7.35,-0.01,12,8820,卖盘
1039,13:55:27,7.36,0.01,10,7360,买盘
1040,13:55:24,7.35,-0.01,5,3675,卖盘
1041,13:55:21,7.36,0.01,30,22080,买盘
1042,13:55:18,7.35,-0.01,11,8085,卖盘
1043,13:55:15,7.36,0.01,59,43424,买盘
1044,13:55:12,7.35,-0.01,5,3675,卖盘
1045,13:55:09,7.36,--,140,103040,买盘
1046,13:55:06,7.36,--,181,133216,买盘
1047,13:54:57,7.36,--,12,8832,买盘
1048,13:54:54,7.36,0.01,7,5152,买盘
1049,13:54:48,7.35,--,8,5880,卖盘
1050,13:54:45,7.35,--,111,81585,卖盘
1051,13:54:42,7.35,--,10,7350,卖盘
1052,13:54:36,7.35,--,18,13230,卖盘
1053,13:54:27,7.35,--,15,11025,卖盘
1054,13:54:24,7.35,--,21,15435,卖盘
1055,13:54:18,7.35,--,28,20580,卖盘
1056,13:54:15,7.35,--,91,66885,卖盘
1057,13:54:12,7.35,-0.01,11,8085,卖盘
1058,13:54:06,7.36,0.01,9,6624,买盘
1059,13:54:03,7.35,-0.02,11,8085,卖盘
1060,13:54:00,7.37,--,9,6633,买盘
1061,13:53:54,7.37,0.02,50,36850,买盘
1062,13:53:51,7.35,--,11,8085,卖盘
1063,13:53:48,7.35,-0.02,12,8820,卖盘
1064,13:53:45,7.37,0.02,245,180565,买盘
1065,13:53:42,7.35,--,1,735,卖盘
1066,13:53:39,7.35,-0.01,11,8085,卖盘
1067,13:53:36,7.36,-0.01,11,8096,卖盘
1068,13:53:30,7.37,0.02,15,11055,买盘
1069,13:53:27,7.35,--,5,3675,卖盘
1070,13:53:24,7.35,-0.02,140,102900,卖盘
1071,13:53:21,7.37,0.01,145,106865,买盘
1072,13:53:18,7.36,0.01,14,10304,卖盘
1073,13:53:15,7.35,--,64,47040,卖盘
1074,13:53:12,7.35,--,1501,1103235,卖盘
1075,13:53:09,7.35,-0.02,32,23520,卖盘
1076,13:53:06,7.37,0.01,23,17186,买盘
1077,13:53:03,7.36,--,7,5152,买盘
1078,13:53:00,7.36,0.01,28,20608,买盘
1079,13:52:57,7.35,-0.01,217,159495,卖盘
1080,13:52:54,7.36,--,20,14720,卖盘
1081,13:52:51,7.36,--,2,1472,卖盘
1082,13:52:48,7.36,--,6,4416,卖盘
1083,13:52:45,7.36,--,60,44160,卖盘
1084,13:52:39,7.36,0.01,86,63296,买盘
1085,13:52:36,7.35,--,10,7350,卖盘
1086,13:52:33,7.35,--,202,148470,卖盘
1087,13:52:24,7.35,--,38,27930,卖盘
1088,13:52:21,7.35,-0.02,266,195826,卖盘
1089,13:52:18,7.37,0.02,1,737,买盘
1090,13:52:15,7.35,--,5,3675,卖盘
1091,13:52:12,7.35,-0.01,27,19845,卖盘
1092,13:52:09,7.36,--,19,13984,卖盘
1093,13:52:06,7.36,0.01,31,22816,买盘
1094,13:52:03,7.35,--,15,11025,卖盘
1095,13:52:00,7.35,-0.01,18,13230,卖盘
1096,13:51:57,7.36,0.01,57,41952,买盘
1097,13:51:54,7.35,--,61,44835,卖盘
1098,13:51:51,7.35,--,25,18375,卖盘
1099,13:51:48,7.35,-0.01,5,3675,卖盘
1100,13:51:45,7.36,0.01,35,25760,买盘
1101,13:51:42,7.35,--,29,21315,卖盘
1102,13:51:39,7.35,-0.01,15,11025,卖盘
1103,13:51:36,7.36,-0.01,23,16928,卖盘
1104,13:51:33,7.37,0.01,3,2211,买盘
1105,13:51:30,7.36,--,4,2944,卖盘
1106,13:51:27,7.36,0.01,18,13248,中性盘
1107,13:51:24,7.35,--,176,129360,卖盘
1108,13:51:21,7.35,-0.02,7,5145,卖盘
1109,13:51:18,7.37,0.01,63,46431,买盘
1110,13:51:15,7.36,--,33,24288,卖盘
1111,13:51:12,7.36,--,98,72231,买盘
1112,13:51:09,7.36,--,968,713080,卖盘
1113,13:51:06,7.36,--,22,16192,卖盘
1114,13:51:03,7.36,--,32,23552,卖盘
1115,13:50:57,7.36,--,36,26496,卖盘
1116,13:50:54,7.36,--,515,379040,卖盘
1117,13:50:51,7.36,--,39,28704,卖盘
1118,13:50:45,7.36,--,10,7360,卖盘
1119,13:50:36,7.36,--,12,8832,卖盘
1120,13:50:33,7.36,--,14,10304,卖盘
1121,13:50:27,7.36,-0.01,18,13248,卖盘
1122,13:50:24,7.37,0.01,87,64119,买盘
1123,13:50:21,7.36,--,35,25760,卖盘
1124,13:50:18,7.36,--,11,8096,卖盘
1125,13:50:15,7.36,-0.01,160,118010,卖盘
1126,13:50:12,7.37,0.01,43,31691,买盘
1127,13:50:09,7.36,--,101,74336,卖盘
1128,13:50:06,7.36,--,13,9568,卖盘
1129,13:50:00,7.36,--,21,15456,卖盘
1130,13:49:51,7.36,--,12,8832,卖盘
1131,13:49:48,7.36,-0.01,33,24288,卖盘
1132,13:49:45,7.37,0.01,147,108339,买盘
1133,13:49:42,7.36,--,10,7360,卖盘
1134,13:49:36,7.36,-0.01,45,33120,卖盘
1135,13:49:33,7.37,--,2,1474,买盘
1136,13:49:30,7.37,--,19,14003,买盘
1137,13:49:27,7.37,--,249,183513,买盘
1138,13:49:24,7.37,--,211,155507,买盘
1139,13:49:21,7.37,--,69,50853,买盘
1140,13:49:15,7.37,--,13,9581,买盘
1141,13:49:12,7.37,--,3,2211,买盘
1142,13:49:09,7.37,0.01,8,5896,买盘
1143,13:49:06,7.36,-0.01,58,42688,卖盘
1144,13:49:03,7.37,--,7,5159,买盘
1145,13:49:00,7.37,--,24,17688,买盘
1146,13:48:54,7.37,0.01,61,44957,买盘
1147,13:48:51,7.36,--,14,10304,卖盘
1148,13:48:42,7.36,--,11,8096,卖盘
1149,13:48:36,7.36,--,18,13248,卖盘
1150,13:48:33,7.36,--,60,44160,卖盘
1151,13:48:30,7.36,--,12,8832,卖盘
1152,13:48:24,7.36,--,1,736,卖盘
1153,13:48:21,7.36,--,21,15456,卖盘
1154,13:48:18,7.36,-0.01,15,11040,卖盘
1155,13:48:15,7.37,--,20,14740,买盘
1156,13:48:12,7.37,0.01,43,31691,买盘
1157,13:48:09,7.36,--,44,32384,卖盘
1158,13:48:06,7.36,-0.01,14,10304,卖盘
1159,13:48:00,7.37,0.01,28,20636,买盘
1160,13:47:57,7.36,-0.01,179,131744,卖盘
1161,13:47:54,7.37,0.01,28,20636,买盘
1162,13:47:51,7.36,-0.01,18,13248,卖盘
1163,13:47:48,7.37,--,34,25058,买盘
1164,13:47:42,7.37,--,30,22110,买盘
1165,13:47:39,7.37,0.01,18,13266,买盘
1166,13:47:36,7.36,--,26,19136,卖盘
1167,13:47:33,7.36,-0.01,29,21344,卖盘
1168,13:47:30,7.37,0.01,118,86966,买盘
1169,13:47:27,7.36,--,0,588,卖盘
1170,13:47:24,7.36,--,50,36800,卖盘
1171,13:47:21,7.36,-0.01,13,9568,卖盘
1172,13:47:18,7.37,--,23,16951,买盘
1173,13:47:15,7.37,0.01,14,10318,买盘
1174,13:47:12,7.36,-0.01,7,5152,卖盘
1175,13:47:09,7.37,0.01,3,2211,买盘
1176,13:47:06,7.36,-0.01,56,41216,卖盘
1177,13:47:03,7.37,0.01,17,12529,买盘
1178,13:46:51,7.36,--,25,18400,卖盘
1179,13:46:48,7.36,-0.01,8,5888,卖盘
1180,13:46:45,7.37,--,219,161403,买盘
1181,13:46:42,7.37,0.01,387,285219,买盘
1182,13:46:36,7.36,--,15,11040,卖盘
1183,13:46:30,7.36,--,11,8096,卖盘
1184,13:46:21,7.36,--,15,11040,卖盘
1185,13:46:18,7.36,-0.01,17,12512,卖盘
1186,13:46:15,7.37,0.01,103,75911,买盘
1187,13:46:12,7.36,-0.01,48,35328,卖盘
1188,13:46:09,7.37,0.01,169,124553,买盘
1189,13:46:06,7.36,--,23,16928,卖盘
1190,13:46:00,7.36,--,37,27232,卖盘
1191,13:45:57,7.36,-0.01,10,7360,卖盘
1192,13:45:51,7.37,--,50,36850,买盘
1193,13:45:48,7.37,0.01,13,9581,买盘
1194,13:45:45,7.36,--,12,8832,卖盘
1195,13:45:36,7.36,-0.01,47,34592,卖盘
1196,13:45:33,7.37,0.01,200,147400,买盘
1197,13:45:30,7.36,--,3,2208,卖盘
1198,13:45:24,7.36,--,21,15456,卖盘
1199,13:45:21,7.36,-0.01,15,11040,卖盘
1200,13:45:15,7.37,0.01,22,16214,买盘
1201,13:45:12,7.36,-0.01,9,6624,卖盘
1202,13:45:09,7.37,0.01,24,17688,买盘
1203,13:45:06,7.36,-0.01,23,16928,卖盘
1204,13:45:03,7.37,0.01,89,65593,买盘
1205,13:44:54,7.36,-0.01,1,736,卖盘
1206,13:44:51,7.37,0.01,39,28743,买盘
1207,13:44:39,7.36,--,19,13984,卖盘
1208,13:44:36,7.36,--,105,77280,卖盘
1209,13:44:30,7.36,0.01,12,8832,中性盘
1210,13:44:21,7.35,--,34,24990,卖盘
1211,13:44:18,7.35,--,12,8820,卖盘
1212,13:44:15,7.35,-0.01,22,16170,卖盘
1213,13:44:12,7.36,0.01,240,176640,买盘
1214,13:44:09,7.35,-0.01,7,5145,卖盘
1215,13:44:06,7.36,--,13,9568,买盘
1216,13:44:03,7.36,--,78,57408,买盘
1217,13:44:00,7.36,0.01,26,19136,买盘
1218,13:43:57,7.35,-0.01,122,89670,卖盘
1219,13:43:48,7.36,0.01,34,25024,买盘
1220,13:43:45,7.35,--,112,82320,卖盘
1221,13:43:42,7.35,--,1,735,卖盘
1222,13:43:39,7.35,-0.01,9,6615,卖盘
1223,13:43:36,7.36,0.01,3,2208,买盘
1224,13:43:33,7.35,-0.01,24,17640,卖盘
1225,13:43:27,7.36,0.01,16,11776,买盘
1226,13:43:24,7.35,-0.01,11,8085,卖盘
1227,13:43:21,7.36,0.01,32,23552,买盘
1228,13:43:18,7.35,--,10,7350,卖盘
1229,13:43:15,7.35,--,249,183015,卖盘
1230,13:43:12,7.35,-0.02,96,70560,卖盘
1231,13:43:09,7.37,0.02,17,12529,买盘
1232,13:43:00,7.35,-0.02,16,12201,卖盘
1233,13:42:57,7.37,0.01,20,14740,买盘
1234,13:42:54,7.36,0.01,114,83904,买盘
1235,13:42:48,7.35,-0.01,12,8820,卖盘
1236,13:42:45,7.36,0.01,1,736,买盘
1237,13:42:42,7.35,-0.02,37,27195,卖盘
1238,13:42:39,7.37,0.01,27,19899,买盘
1239,13:42:36,7.36,0.01,9,6624,卖盘
1240,13:42:33,7.35,-0.02,146,107310,卖盘
1241,13:42:30,7.37,0.02,1,737,买盘
1242,13:42:27,7.35,-0.01,46,33810,卖盘
1243,13:42:24,7.36,-0.01,58,42688,卖盘
1244,13:42:21,7.37,--,33,24321,买盘
1245,13:42:18,7.37,0.01,22,16214,买盘
1246,13:42:15,7.36,--,33,24288,卖盘
1247,13:42:12,7.36,-0.01,2,1472,中性盘
1248,13:42:06,7.37,0.02,13,9581,买盘
1249,13:42:03,7.35,--,52,38220,卖盘
1250,13:41:54,7.35,--,10,7350,卖盘
1251,13:41:51,7.35,-0.01,16,11760,卖盘
1252,13:41:48,7.36,--,8,5888,卖盘
1253,13:41:45,7.36,0.01,106,78016,买盘
1254,13:41:42,7.35,-0.01,23,16905,卖盘
1255,13:41:39,7.36,--,5,3680,买盘
1256,13:41:36,7.36,--,39,28704,买盘
1257,13:41:33,7.36,0.01,120,88320,买盘
1258,13:41:30,7.35,-0.01,76,55860,卖盘
1259,13:41:27,7.36,--,80,58880,买盘
1260,13:41:24,7.36,0.01,88,64768,买盘
1261,13:41:21,7.35,-0.01,16,11760,卖盘
1262,13:41:18,7.36,0.01,118,86848,买盘
1263,13:41:15,7.35,-0.01,175,128625,卖盘
1264,13:41:12,7.36,0.01,245,180320,买盘
1265,13:41:09,7.35,-0.01,675,496125,卖盘
1266,13:41:06,7.36,--,1,736,买盘
1267,13:41:03,7.36,--,1,736,买盘
1268,13:41:00,7.36,0.01,18,13248,买盘
1269,13:40:57,7.35,--,3,2205,卖盘
1270,13:40:54,7.35,--,10,7350,卖盘
1271,13:40:48,7.35,-0.01,36,26460,卖盘
1272,13:40:45,7.36,--,25,18400,买盘
1273,13:40:39,7.36,0.01,1,736,买盘
1274,13:40:36,7.35,-0.01,22,16170,卖盘
1275,13:40:33,7.36,--,202,148672,买盘
1276,13:40:30,7.36,0.01,5,3680,买盘
1277,13:40:27,7.35,-0.01,12,8820,卖盘
1278,13:40:21,7.36,0.01,1,736,买盘
1279,13:40:18,7.35,--,18,13230,卖盘
1280,13:40:15,7.35,--,12,8820,卖盘
1281,13:40:12,7.35,-0.01,3,2205,卖盘
1282,13:40:09,7.36,--,3,2208,买盘
1283,13:40:06,7.36,0.01,9,6624,买盘
1284,13:40:03,7.35,--,18,13230,卖盘
1285,13:39:57,7.35,--,1,735,卖盘
1286,13:39:54,7.35,--,11,8085,卖盘
1287,13:39:51,7.35,--,7,5145,卖盘
1288,13:39:48,7.35,--,60,44100,卖盘
1289,13:39:42,7.35,--,11,8085,卖盘
1290,13:39:36,7.35,--,10,7350,卖盘
1291,13:39:30,7.35,-0.01,11,8085,卖盘
1292,13:39:27,7.36,0.01,13,9568,买盘
1293,13:39:21,7.35,-0.01,10,7350,卖盘
1294,13:39:15,7.36,--,22,16192,买盘
1295,13:39:12,7.36,0.01,1,736,买盘
1296,13:39:09,7.35,-0.01,12,8820,卖盘
1297,13:39:06,7.36,--,1,736,买盘
1298,13:39:03,7.36,0.01,2,1472,买盘
1299,13:39:00,7.35,--,9,6615,卖盘
1300,13:38:57,7.35,--,169,124215,卖盘
1301,13:38:48,7.35,-0.01,21,15435,卖盘
1302,13:38:42,7.36,0.01,9,6624,买盘
1303,13:38:36,7.35,-0.01,23,16905,卖盘
1304,13:38:33,7.36,0.01,1,736,买盘
1305,13:38:30,7.35,-0.01,7,5145,卖盘
1306,13:38:27,7.36,0.01,167,122912,买盘
1307,13:38:24,7.35,-0.01,10,7350,卖盘
1308,13:38:18,7.36,0.01,50,36800,买盘
1309,13:38:15,7.35,-0.01,21,15435,卖盘
1310,13:38:09,7.36,--,1,736,买盘
1311,13:38:06,7.36,0.01,1,736,买盘
1312,13:38:03,7.35,--,20,14700,卖盘
1313,13:38:00,7.35,--,1,735,卖盘
1314,13:37:57,7.35,--,10,7350,卖盘
1315,13:37:54,7.35,--,6,4410,卖盘
1316,13:37:51,7.35,-0.01,21,15435,卖盘
1317,13:37:45,7.36,0.01,23,16928,买盘
1318,13:37:42,7.35,--,29,21315,卖盘
1319,13:37:39,7.35,--,50,36750,卖盘
1320,13:37:36,7.35,--,1124,826140,买盘
1321,13:37:30,7.35,--,63,46305,买盘
1322,13:37:24,7.35,--,15,11025,买盘
1323,13:37:21,7.35,0.01,38,27930,买盘
1324,13:37:18,7.34,--,22,16148,卖盘
1325,13:37:12,7.34,--,5,3670,卖盘
1326,13:37:09,7.34,-0.01,22,16148,卖盘
1327,13:37:06,7.35,--,41,30135,买盘
1328,13:37:00,7.35,0.01,2,1470,买盘
1329,13:36:57,7.34,-0.01,32,23488,卖盘
1330,13:36:54,7.35,0.01,200,147000,买盘
1331,13:36:51,7.34,--,1,734,卖盘
1332,13:36:45,7.34,--,28,20552,卖盘
1333,13:36:42,7.34,--,5,3670,卖盘
1334,13:36:39,7.34,--,80,58720,卖盘
1335,13:36:33,7.34,-0.01,21,15414,卖盘
1336,13:36:30,7.35,--,5,3675,买盘
1337,13:36:27,7.35,0.01,1,735,买盘
1338,13:36:24,7.34,--,21,15414,卖盘
1339,13:36:18,7.34,--,5,3670,卖盘
1340,13:36:15,7.34,-0.01,46,33764,卖盘
1341,13:36:12,7.35,0.01,42,30870,买盘
1342,13:36:03,7.34,--,9,6752,卖盘
1343,13:36:00,7.34,-0.01,29,21286,卖盘
1344,13:35:57,7.35,--,50,36750,买盘
1345,13:35:51,7.35,--,41,30135,买盘
1346,13:35:45,7.35,--,2,1470,买盘
1347,13:35:42,7.35,0.01,1,735,买盘
1348,13:35:39,7.34,--,31,22754,卖盘
1349,13:35:36,7.34,-0.01,206,151204,卖盘
1350,13:35:33,7.35,--,85,62475,买盘
1351,13:35:30,7.35,0.01,83,61005,买盘
1352,13:35:27,7.34,-0.01,220,161480,卖盘
1353,13:35:24,7.35,--,26,19110,买盘
1354,13:35:21,7.35,0.01,145,106575,买盘
1355,13:35:18,7.34,-0.01,21,15414,卖盘
1356,13:35:15,7.35,--,6,4410,买盘
1357,13:35:09,7.35,0.01,8,5880,买盘
1358,13:35:06,7.34,--,51,37434,卖盘
1359,13:35:03,7.34,--,524,384616,卖盘
1360,13:34:54,7.34,-0.01,54,39636,卖盘
1361,13:34:48,7.35,0.01,2,1470,买盘
1362,13:34:45,7.34,-0.01,20,14680,卖盘
1363,13:34:42,7.35,--,28,20580,买盘
1364,13:34:39,7.35,0.01,12,8820,买盘
1365,13:34:36,7.34,-0.01,19,13946,卖盘
1366,13:34:33,7.35,--,35,25725,买盘
1367,13:34:30,7.35,0.01,40,29400,买盘
1368,13:34:27,7.34,--,10,7340,卖盘
1369,13:34:24,7.34,--,19,13946,卖盘
1370,13:34:21,7.34,--,438,321492,卖盘
1371,13:34:15,7.34,-0.01,17,12478,卖盘
1372,13:34:12,7.35,--,75,55125,买盘
1373,13:34:09,7.35,--,3,2205,买盘
1374,13:34:03,7.35,--,5,3675,买盘
1375,13:34:00,7.35,--,71,52185,买盘
1376,13:33:57,7.35,--,81,59535,买盘
1377,13:33:51,7.35,0.01,110,80850,买盘
1378,13:33:48,7.34,-0.01,21,15414,卖盘
1379,13:33:45,7.35,--,70,51450,买盘
1380,13:33:42,7.35,--,25,18375,买盘
1381,13:33:39,7.35,--,73,53655,买盘
1382,13:33:36,7.35,--,20,14700,买盘
1383,13:33:33,7.35,0.01,39,28665,买盘
1384,13:33:30,7.34,--,46,33764,卖盘
1385,13:33:27,7.34,-0.02,152,111568,卖盘
1386,13:33:24,7.36,0.01,73,53728,买盘
1387,13:33:21,7.35,--,200,147000,卖盘
1388,13:33:18,7.35,--,16,11760,卖盘
1389,13:33:15,7.35,--,23,16905,卖盘
1390,13:33:06,7.35,-0.01,32,23520,卖盘
1391,13:33:00,7.36,0.01,4,2944,买盘
1392,13:32:54,7.35,--,21,15435,卖盘
1393,13:32:51,7.35,--,6,4410,卖盘
1394,13:32:48,7.35,--,10,7350,卖盘
1395,13:32:45,7.35,--,1,735,卖盘
1396,13:32:42,7.35,-0.01,53,38955,卖盘
1397,13:32:39,7.36,0.01,13,9568,买盘
1398,13:32:36,7.35,--,2,1470,卖盘
1399,13:32:33,7.35,--,32,23520,卖盘
1400,13:32:30,7.35,-0.01,12,8820,卖盘
1401,13:32:27,7.36,0.01,57,41952,买盘
1402,13:32:21,7.35,--,40,29400,卖盘
1403,13:32:15,7.35,--,34,24990,卖盘
1404,13:32:12,7.35,--,6,4410,卖盘
1405,13:32:09,7.35,-0.01,21,15435,卖盘
1406,13:32:06,7.36,0.01,1,736,买盘
1407,13:32:03,7.35,--,8,5880,卖盘
1408,13:32:00,7.35,--,22,16170,卖盘
1409,13:31:57,7.35,--,3,2205,卖盘
1410,13:31:51,7.35,-0.01,40,29400,卖盘
1411,13:31:48,7.36,--,21,15456,买盘
1412,13:31:45,7.36,--,25,18400,买盘
1413,13:31:42,7.36,0.01,146,107456,买盘
1414,13:31:39,7.35,0.01,9,6615,卖盘
1415,13:31:36,7.34,-0.01,20,14680,卖盘
1416,13:31:33,7.35,--,2,1470,买盘
1417,13:31:30,7.35,--,48,35280,卖盘
1418,13:31:27,7.35,--,37,27195,买盘
1419,13:31:24,7.35,0.01,23,16905,买盘
1420,13:31:21,7.34,-0.02,7,5138,卖盘
1421,13:31:18,7.36,0.01,159,117024,买盘
1422,13:31:15,7.35,--,312,229320,卖盘
1423,13:31:12,7.35,--,96,70560,卖盘
1424,13:31:09,7.35,--,11,8085,卖盘
1425,13:31:06,7.35,--,246,180810,卖盘
1426,13:31:03,7.35,--,22,16170,卖盘
1427,13:30:57,7.35,--,5,3675,卖盘
1428,13:30:54,7.35,-0.01,21,15435,卖盘
1429,13:30:51,7.36,--,38,27968,买盘
1430,13:30:48,7.36,--,10,7360,买盘
1431,13:30:45,7.36,0.01,26,19136,买盘
1432,13:30:42,7.35,--,31,22785,卖盘
1433,13:30:39,7.35,--,151,110985,卖盘
1434,13:30:33,7.35,--,72,52920,卖盘
1435,13:30:30,7.35,--,21,15435,卖盘
1436,13:30:24,7.35,--,30,22050,卖盘
1437,13:30:21,7.35,--,50,36750,卖盘
1438,13:30:09,7.35,--,25,18375,卖盘
1439,13:30:06,7.35,--,109,80115,卖盘
1440,13:30:03,7.35,--,2673,1964655,卖盘
1441,13:29:57,7.35,-0.01,32,23520,卖盘
1442,13:29:54,7.36,--,292,214912,买盘
1443,13:29:51,7.36,--,8,5888,买盘
1444,13:29:48,7.36,0.01,123,90528,买盘
1445,13:29:45,7.35,--,7,5145,卖盘
1446,13:29:39,7.35,--,6,4410,卖盘
1447,13:29:36,7.35,-0.01,36,26460,卖盘
1448,13:29:33,7.36,0.01,2,1472,买盘
1449,13:29:30,7.35,--,21,15435,卖盘
1450,13:29:27,7.35,--,1,735,卖盘
1451,13:29:24,7.35,-0.01,21,15435,卖盘
1452,13:29:21,7.36,--,1,736,买盘
1453,13:29:18,7.36,--,12,8832,买盘
1454,13:29:15,7.36,0.01,39,28704,买盘
1455,13:29:12,7.35,-0.01,7,5145,卖盘
1456,13:29:09,7.36,--,76,55936,买盘
1457,13:29:06,7.36,--,27,19872,买盘
1458,13:29:03,7.36,0.01,30,22080,买盘
1459,13:28:51,7.35,--,24,17640,卖盘
1460,13:28:45,7.35,--,5,3675,卖盘
1461,13:28:42,7.35,--,20,14700,卖盘
1462,13:28:39,7.35,--,100,73500,卖盘
1463,13:28:36,7.35,-0.01,7,5145,卖盘
1464,13:28:33,7.36,0.01,103,75808,买盘
1465,13:28:30,7.35,--,19,13965,卖盘
1466,13:28:27,7.35,-0.01,40,29400,卖盘
1467,13:28:24,7.36,0.01,12,8832,买盘
1468,13:28:21,7.35,--,5,3675,卖盘
1469,13:28:18,7.35,--,83,61005,卖盘
1470,13:28:09,7.35,-0.01,42,30870,卖盘
1471,13:28:06,7.36,--,373,274528,买盘
1472,13:28:03,7.36,--,30,22080,买盘
1473,13:28:00,7.36,0.01,7,5152,买盘
1474,13:27:57,7.35,-0.01,22,16170,卖盘
1475,13:27:51,7.36,0.01,13,9568,买盘
1476,13:27:48,7.35,--,6,4410,卖盘
1477,13:27:45,7.35,--,32,23520,卖盘
1478,13:27:36,7.35,--,39,28665,卖盘
1479,13:27:24,7.35,--,21,15435,卖盘
1480,13:27:12,7.35,-0.01,38,27930,卖盘
1481,13:27:09,7.36,--,229,168544,买盘
1482,13:27:06,7.36,-0.01,17,12512,中性盘
1483,13:27:03,7.37,0.01,21,15477,买盘
1484,13:27:00,7.36,-0.01,10,7360,卖盘
1485,13:26:57,7.37,0.02,207,152559,买盘
1486,13:26:54,7.35,--,8,5880,卖盘
1487,13:26:51,7.35,-0.01,42,30870,卖盘
1488,13:26:39,7.36,--,23,16928,卖盘
1489,13:26:36,7.36,-0.01,1,736,卖盘
1490,13:26:33,7.37,0.01,9,6633,买盘
1491,13:26:30,7.36,0.01,42,30912,买盘
1492,13:26:27,7.35,-0.01,25,18375,卖盘
1493,13:26:24,7.36,--,91,66976,买盘
1494,13:26:21,7.36,0.01,4,2944,买盘
1495,13:26:18,7.35,-0.01,22,16170,卖盘
1496,13:26:15,7.36,0.01,7,5152,买盘
1497,13:26:12,7.35,-0.01,18,13230,卖盘
1498,13:26:09,7.36,--,353,259808,卖盘
1499,13:26:06,7.36,-0.01,22,16192,卖盘
1500,13:26:03,7.37,0.01,22,16214,买盘
1501,13:26:00,7.36,--,15,11040,卖盘
1502,13:25:57,7.36,--,20,14720,卖盘
1503,13:25:48,7.36,-0.01,92,67712,卖盘
1504,13:25:45,7.37,0.01,151,111287,买盘
1505,13:25:36,7.36,--,1,736,卖盘
1506,13:25:33,7.36,--,35,25760,卖盘
1507,13:25:24,7.36,--,49,36064,卖盘
1508,13:25:21,7.36,--,15,11040,卖盘
1509,13:25:18,7.36,0.01,286,210496,买盘
1510,13:25:15,7.35,--,105,77175,卖盘
1511,13:25:12,7.35,-0.01,266,195510,卖盘
1512,13:25:06,7.36,0.01,6,4416,买盘
1513,13:25:03,7.35,--,20,14700,卖盘
1514,13:25:00,7.35,--,22,16170,卖盘
1515,13:24:57,7.35,-0.01,7,5145,卖盘
1516,13:24:54,7.36,0.01,90,66240,买盘
1517,13:24:51,7.35,--,12,8820,卖盘
1518,13:24:48,7.35,--,12,8820,卖盘
1519,13:24:45,7.35,-0.01,5,3675,卖盘
1520,13:24:42,7.36,--,7,5152,买盘
1521,13:24:39,7.36,0.01,58,42688,买盘
1522,13:24:36,7.35,--,129,94815,卖盘
1523,13:24:33,7.35,--,3224,2369640,卖盘
1524,13:24:30,7.35,--,515,378525,卖盘
1525,13:24:27,7.35,--,23,16905,卖盘
1526,13:24:24,7.35,-0.01,1,735,卖盘
1527,13:24:21,7.36,--,20,14720,买盘
1528,13:24:18,7.36,0.01,169,124384,买盘
1529,13:24:15,7.35,--,222,163170,卖盘
1530,13:24:09,7.35,-0.01,15,11025,卖盘
1531,13:24:06,7.36,--,23,16928,买盘
1532,13:23:57,7.36,--,4,2944,卖盘
1533,13:23:54,7.36,--,21,15456,卖盘
1534,13:23:51,7.36,0.01,5,3680,中性盘
1535,13:23:48,7.35,-0.01,28,20580,卖盘
1536,13:23:45,7.36,0.01,25,18400,中性盘
1537,13:23:36,7.35,--,7,5145,卖盘
1538,13:23:33,7.35,-0.01,42,30870,卖盘
1539,13:23:30,7.36,--,5,3680,卖盘
1540,13:23:27,7.36,--,4,2944,卖盘
1541,13:23:24,7.36,--,22,16192,卖盘
1542,13:23:21,7.36,--,24,17664,卖盘
1543,13:23:18,7.36,--,37,27232,买盘
1544,13:23:15,7.36,--,202,148672,卖盘
1545,13:23:12,7.36,--,14,10304,卖盘
1546,13:23:09,7.36,--,32,23552,卖盘
1547,13:23:06,7.36,-0.01,15,11040,卖盘
1548,13:23:03,7.37,--,19,14003,买盘
1549,13:23:00,7.37,0.01,22,16214,买盘
1550,13:22:54,7.36,--,32,23552,卖盘
1551,13:22:51,7.36,--,5,3680,卖盘
1552,13:22:48,7.36,--,63,46368,卖盘
1553,13:22:45,7.36,--,59,43424,卖盘
1554,13:22:42,7.36,--,5,3680,卖盘
1555,13:22:39,7.36,0.01,5,3680,中性盘
1556,13:22:36,7.35,--,21,15435,卖盘
1557,13:22:30,7.35,-0.02,1,735,卖盘
1558,13:22:27,7.37,0.02,49,36113,买盘
1559,13:22:24,7.35,--,39,28665,卖盘
1560,13:22:21,7.35,--,217,159495,卖盘
1561,13:22:18,7.35,-0.02,29,21315,卖盘
1562,13:22:15,7.37,0.02,47,34639,买盘
1563,13:22:12,7.35,-0.01,51,37485,卖盘
1564,13:22:09,7.36,--,106,78016,卖盘
1565,13:22:06,7.36,0.01,56,41216,买盘
1566,13:22:03,7.35,-0.01,114,83790,卖盘
1567,13:22:00,7.36,--,38,27968,卖盘
1568,13:21:54,7.36,--,105,77280,卖盘
1569,13:21:51,7.36,--,40,29440,卖盘
1570,13:21:48,7.36,--,20,14720,卖盘
1571,13:21:45,7.36,--,35,25760,卖盘
1572,13:21:42,7.36,--,27,19872,卖盘
1573,13:21:39,7.36,-0.01,131,96416,卖盘
1574,13:21:36,7.37,0.01,691,509267,买盘
1575,13:21:30,7.36,0.01,33,24288,中性盘
1576,13:21:24,7.35,-0.01,47,34545,卖盘
1577,13:21:21,7.36,0.01,252,185472,买盘
1578,13:21:18,7.35,-0.01,209,153615,卖盘
1579,13:21:15,7.36,--,21,15456,买盘
1580,13:21:12,7.36,--,2,1472,买盘
1581,13:21:09,7.36,0.01,31,22816,买盘
1582,13:21:06,7.35,-0.01,6,4410,卖盘
1583,13:21:03,7.36,--,78,57408,买盘
1584,13:20:57,7.36,--,53,39008,买盘
1585,13:20:54,7.36,0.01,154,113344,买盘
1586,13:20:51,7.35,--,18,13230,卖盘
1587,13:20:45,7.35,-0.01,20,14700,卖盘
1588,13:20:42,7.36,0.01,34,25024,买盘
1589,13:20:39,7.35,--,5,3675,卖盘
1590,13:20:36,7.35,-0.01,20,14700,卖盘
1591,13:20:33,7.36,-0.01,19,13984,卖盘
1592,13:20:30,7.37,0.01,18,13266,买盘
1593,13:20:27,7.36,--,29,21344,卖盘
1594,13:20:24,7.36,--,39,28704,卖盘
1595,13:20:21,7.36,-0.01,239,175904,卖盘
1596,13:20:18,7.37,0.01,68,50116,买盘
1597,13:20:15,7.36,--,5,3680,卖盘
1598,13:20:12,7.36,-0.01,20,14720,卖盘
1599,13:20:06,7.37,0.01,1,737,买盘
1600,13:20:03,7.36,--,41,30176,卖盘
1601,13:20:00,7.36,--,1,736,卖盘
1602,13:19:57,7.36,--,11,8096,卖盘
1603,13:19:51,7.36,--,69,50784,卖盘
1604,13:19:48,7.36,--,163,119968,卖盘
1605,13:19:39,7.36,--,19,13984,卖盘
1606,13:19:33,7.36,--,20,14720,卖盘
1607,13:19:30,7.36,--,21,15456,卖盘
1608,13:19:27,7.36,--,23,16928,卖盘
1609,13:19:24,7.36,--,222,163392,卖盘
1610,13:19:18,7.36,--,45,33120,卖盘
1611,13:19:12,7.36,--,10,7360,卖盘
1612,13:19:09,7.36,--,32,23552,卖盘
1613,13:19:06,7.36,--,797,586592,卖盘
1614,13:19:03,7.36,--,23,16928,卖盘
1615,13:18:57,7.36,--,57,41952,卖盘
1616,13:18:51,7.36,-0.01,7,5152,卖盘
1617,13:18:48,7.37,0.01,34,25058,买盘
1618,13:18:45,7.36,--,34,25024,卖盘
1619,13:18:39,7.36,--,40,29440,卖盘
1620,13:18:33,7.36,--,44,32384,卖盘
1621,13:18:27,7.36,--,18,13248,卖盘
1622,13:18:24,7.36,--,246,181056,卖盘
1623,13:18:18,7.36,--,20,14720,卖盘
1624,13:18:12,7.36,--,59,43424,卖盘
1625,13:18:09,7.36,-0.01,480,353280,卖盘
1626,13:18:06,7.37,0.01,36,26532,买盘
1627,13:18:03,7.36,--,23,16928,卖盘
1628,13:18:00,7.36,--,20,14720,卖盘
1629,13:17:57,7.36,--,5,3680,卖盘
1630,13:17:54,7.36,--,5,3680,卖盘
1631,13:17:51,7.36,--,21,15456,卖盘
1632,13:17:48,7.36,--,22,16192,卖盘
1633,13:17:45,7.36,--,3,2208,卖盘
1634,13:17:39,7.36,--,20,14720,卖盘
1635,13:17:33,7.36,--,48,35328,卖盘
1636,13:17:30,7.36,--,21,15456,卖盘
1637,13:17:27,7.36,--,244,179584,卖盘
1638,13:17:21,7.36,--,8,5888,卖盘
1639,13:17:18,7.36,--,179,131744,卖盘
1640,13:17:15,7.36,--,10,7360,卖盘
1641,13:17:09,7.36,-0.01,8,5888,卖盘
1642,13:17:06,7.37,--,121,89177,买盘
1643,13:17:03,7.37,0.01,72,53064,买盘
1644,13:17:00,7.36,0.01,450,331200,买盘
1645,13:16:57,7.35,--,1,735,卖盘
1646,13:16:54,7.35,--,35,25725,卖盘
1647,13:16:51,7.35,--,15,11025,卖盘
1648,13:16:48,7.35,-0.01,150,110250,卖盘
1649,13:16:45,7.36,0.01,12,8832,买盘
1650,13:16:42,7.35,--,26,19110,卖盘
1651,13:16:39,7.35,-0.01,100,73500,卖盘
1652,13:16:36,7.36,0.01,15,11040,买盘
1653,13:16:33,7.35,--,60,44100,卖盘
1654,13:16:30,7.35,--,233,171255,卖盘
1655,13:16:27,7.35,-0.01,5,3675,卖盘
1656,13:16:24,7.36,0.01,5,3680,买盘
1657,13:16:21,7.35,-0.01,38,27930,卖盘
1658,13:16:18,7.36,--,78,57408,买盘
1659,13:16:15,7.36,0.01,159,117024,买盘
1660,13:16:09,7.35,--,32,23520,卖盘
1661,13:16:06,7.35,-0.01,13,9555,卖盘
1662,13:16:03,7.36,0.01,186,136896,买盘
1663,13:16:00,7.35,-0.01,42,30870,卖盘
1664,13:15:57,7.36,--,18,13248,买盘
1665,13:15:54,7.36,0.01,4,2944,买盘
1666,13:15:48,7.35,--,21,15435,卖盘
1667,13:15:45,7.35,--,16,11760,卖盘
1668,13:15:42,7.35,-0.01,54,39690,卖盘
1669,13:15:39,7.36,0.01,31,22816,买盘
1670,13:15:36,7.35,-0.01,17,12495,卖盘
1671,13:15:33,7.36,0.01,38,27968,买盘
1672,13:15:30,7.35,-0.01,223,163905,卖盘
1673,13:15:27,7.36,0.01,27,19872,买盘
1674,13:15:24,7.35,-0.01,40,29400,卖盘
1675,13:15:21,7.36,--,1008,741888,买盘
1676,13:15:18,7.36,0.01,134,98624,买盘
1677,13:15:15,7.35,--,23,16905,卖盘
1678,13:15:12,7.35,-0.01,16,11760,卖盘
1679,13:15:09,7.36,--,350,257600,买盘
1680,13:15:06,7.36,0.01,14,10304,买盘
1681,13:15:03,7.35,--,35,25725,卖盘
1682,13:14:57,7.35,-0.01,17,12495,卖盘
1683,13:14:54,7.36,0.01,62,45632,买盘
1684,13:14:51,7.35,-0.01,40,29400,卖盘
1685,13:14:48,7.36,0.01,2,1472,买盘
1686,13:14:42,7.35,-0.01,40,29400,卖盘
1687,13:14:39,7.36,0.01,11,8096,买盘
1688,13:14:36,7.35,--,13,9555,卖盘
1689,13:14:33,7.35,--,224,164640,卖盘
1690,13:14:30,7.35,-0.01,25,18375,卖盘
1691,13:14:27,7.36,0.01,10,7360,买盘
1692,13:14:21,7.35,-0.01,18,13230,卖盘
1693,13:14:18,7.36,--,36,26496,买盘
1694,13:14:12,7.36,0.01,56,41216,买盘
1695,13:14:09,7.35,-0.01,23,16905,卖盘
1696,13:14:06,7.36,--,1,736,买盘
1697,13:14:03,7.36,--,2,1472,买盘
1698,13:14:00,7.36,0.01,36,26496,买盘
1699,13:13:57,7.35,-0.01,23,16905,卖盘
1700,13:13:51,7.36,0.01,5,3680,买盘
1701,13:13:48,7.35,--,22,16170,卖盘
1702,13:13:45,7.35,--,9,6615,卖盘
1703,13:13:42,7.35,--,193,141855,卖盘
1704,13:13:39,7.35,--,14,10290,卖盘
1705,13:13:36,7.35,-0.01,252,185220,卖盘
1706,13:13:33,7.36,--,50,36800,买盘
1707,13:13:30,7.36,--,66,48576,买盘
1708,13:13:27,7.36,0.01,68,50048,买盘
1709,13:13:24,7.35,--,8,5880,卖盘
1710,13:13:21,7.35,-0.01,1,735,卖盘
1711,13:13:18,7.36,0.01,10,7360,买盘
1712,13:13:15,7.35,-0.01,38,27930,卖盘
1713,13:13:12,7.36,--,362,266432,买盘
1714,13:13:09,7.36,--,12,8832,买盘
1715,13:13:06,7.36,0.01,61,44896,买盘
1716,13:13:03,7.35,-0.01,1193,876855,卖盘
1717,13:13:00,7.36,0.01,12,8832,买盘
1718,13:12:57,7.35,-0.01,15,11025,卖盘
1719,13:12:54,7.36,0.01,24,17664,买盘
1720,13:12:51,7.35,--,23,16905,卖盘
1721,13:12:45,7.35,-0.01,37,27195,卖盘
1722,13:12:42,7.36,--,163,119968,买盘
1723,13:12:39,7.36,0.01,33,24288,买盘
1724,13:12:36,7.35,--,475,349125,卖盘
1725,13:12:30,7.35,--,23,16905,卖盘
1726,13:12:27,7.35,--,14,10290,卖盘
1727,13:12:24,7.35,--,1,735,卖盘
1728,13:12:18,7.35,-0.01,58,42630,卖盘
1729,13:12:15,7.36,0.01,115,84640,买盘
1730,13:12:12,7.35,-0.01,11,8085,卖盘
1731,13:12:09,7.36,0.01,35,25760,买盘
1732,13:12:03,7.35,-0.01,8,5880,卖盘
1733,13:12:00,7.36,0.01,209,153824,买盘
1734,13:11:57,7.35,-0.01,3224,2369640,卖盘
1735,13:11:54,7.36,--,12,8832,买盘
1736,13:11:51,7.36,--,21,15456,买盘
1737,13:11:48,7.36,0.01,52,38272,买盘
1738,13:11:45,7.35,-0.01,31,22785,卖盘
1739,13:11:42,7.36,0.01,130,95680,买盘
1740,13:11:39,7.35,--,223,163905,卖盘
1741,13:11:36,7.35,-0.01,21,15435,卖盘
1742,13:11:30,7.36,0.01,1,736,买盘
1743,13:11:24,7.35,-0.01,31,22785,卖盘
1744,13:11:21,7.36,--,16,11776,买盘
1745,13:11:18,7.36,--,170,125120,买盘
1746,13:11:15,7.36,0.01,20,14720,买盘
1747,13:11:12,7.35,-0.01,32,23520,卖盘
1748,13:11:09,7.36,0.01,290,213440,买盘
1749,13:11:06,7.35,-0.01,7,5145,卖盘
1750,13:11:03,7.36,0.01,106,78016,买盘
1751,13:11:00,7.35,-0.01,6,4410,卖盘
1752,13:10:57,7.36,0.01,10,7360,买盘
1753,13:10:54,7.35,--,32,23520,卖盘
1754,13:10:51,7.35,--,74,54390,卖盘
1755,13:10:45,7.35,--,30,22050,卖盘
1756,13:10:42,7.35,--,12,8820,卖盘
1757,13:10:39,7.35,--,257,188895,卖盘
1758,13:10:36,7.35,-0.01,3,2205,卖盘
1759,13:10:33,7.36,0.01,5,3680,买盘
1760,13:10:30,7.35,--,19,13965,卖盘
1761,13:10:21,7.35,--,31,22785,卖盘
1762,13:10:18,7.35,--,243,178605,卖盘
1763,13:10:15,7.35,--,5,3675,卖盘
1764,13:10:09,7.35,--,9,6615,卖盘
1765,13:10:06,7.35,--,171,125685,卖盘
1766,13:09:57,7.35,--,3,2205,卖盘
1767,13:09:54,7.35,-0.01,20,14700,卖盘
1768,13:09:51,7.36,0.01,5,3680,买盘
1769,13:09:45,7.35,--,31,22785,卖盘
1770,13:09:42,7.35,-0.01,223,163905,卖盘
1771,13:09:33,7.36,0.01,30,22080,买盘
1772,13:09:30,7.35,--,4,2940,卖盘
1773,13:09:27,7.35,-0.02,66,48510,卖盘
1774,13:09:24,7.37,0.02,53,39061,买盘
1775,13:09:21,7.35,-0.01,32,23520,卖盘
1776,13:09:18,7.36,--,15,11040,买盘
1777,13:09:15,7.36,0.01,2,1472,买盘
1778,13:09:12,7.35,-0.01,28,20580,卖盘
1779,13:09:09,7.36,-0.01,45,33120,卖盘
1780,13:09:03,7.37,0.01,31,22847,买盘
1781,13:09:00,7.36,--,26,19136,卖盘
1782,13:08:57,7.36,-0.01,7,5152,中性盘
1783,13:08:54,7.37,0.02,88,64856,买盘
1784,13:08:51,7.35,--,10,7350,卖盘
1785,13:08:48,7.35,-0.01,49,36015,卖盘
1786,13:08:45,7.36,--,321,236403,卖盘
1787,13:08:39,7.36,--,25,18400,卖盘
1788,13:08:36,7.36,--,51,37536,卖盘
1789,13:08:33,7.36,-0.01,52,38272,卖盘
1790,13:08:30,7.37,0.01,22,16214,买盘
1791,13:08:27,7.36,-0.01,20,14720,卖盘
1792,13:08:24,7.37,0.01,19,14003,买盘
1793,13:08:21,7.36,-0.01,7,5152,卖盘
1794,13:08:18,7.37,0.01,123,90651,买盘
1795,13:08:15,7.36,--,23,16928,卖盘
1796,13:08:12,7.36,--,23,16928,卖盘
1797,13:08:09,7.36,--,89,65504,卖盘
1798,13:08:06,7.36,--,43,31648,卖盘
1799,13:08:03,7.36,-0.01,28,20608,卖盘
1800,13:08:00,7.37,0.01,5,3685,买盘
1801,13:07:57,7.36,--,2,1472,卖盘
1802,13:07:54,7.36,--,20,14720,卖盘
1803,13:07:48,7.36,--,40,29440,卖盘
1804,13:07:45,7.36,--,225,165600,卖盘
1805,13:07:42,7.36,--,23,16928,卖盘
1806,13:07:39,7.36,--,11,8096,卖盘
1807,13:07:36,7.36,--,2,1472,卖盘
1808,13:07:33,7.36,--,47,34592,卖盘
1809,13:07:27,7.36,-0.01,2,1472,卖盘
1810,13:07:24,7.37,0.01,18,13266,买盘
1811,13:07:21,7.36,--,23,16928,卖盘
1812,13:07:18,7.36,-0.01,31,22816,卖盘
1813,13:07:15,7.37,0.01,68,50116,买盘
1814,13:07:12,7.36,--,4,2944,卖盘
1815,13:07:09,7.36,-0.01,56,41216,卖盘
1816,13:07:06,7.37,0.01,1,737,买盘
1817,13:07:03,7.36,--,30,22080,卖盘
1818,13:07:00,7.36,--,136,100096,卖盘
1819,13:06:54,7.36,--,1,736,卖盘
1820,13:06:51,7.36,--,11,8096,卖盘
1821,13:06:48,7.36,--,271,199456,卖盘
1822,13:06:45,7.36,-0.01,4,2944,卖盘
1823,13:06:42,7.37,0.01,100,73700,买盘
1824,13:06:39,7.36,--,2,1472,卖盘
1825,13:06:36,7.36,--,21,15456,卖盘
1826,13:06:33,7.36,--,34,25024,卖盘
1827,13:06:30,7.36,--,146,107456,卖盘
1828,13:06:27,7.36,-0.01,20,14720,卖盘
1829,13:06:24,7.37,0.01,12,8844,买盘
1830,13:06:21,7.36,--,1,736,卖盘
1831,13:06:18,7.36,--,27,19872,卖盘
1832,13:06:15,7.36,--,24,17664,卖盘
1833,13:06:06,7.36,--,8,5888,卖盘
1834,13:06:03,7.36,--,187,137632,卖盘
1835,13:05:57,7.36,--,1,736,卖盘
1836,13:05:54,7.36,--,21,15456,卖盘
1837,13:05:51,7.36,--,5,3680,卖盘
1838,13:05:48,7.36,--,28,20608,卖盘
1839,13:05:45,7.36,-0.01,1,736,卖盘
1840,13:05:42,7.37,0.01,24,17688,买盘
1841,13:05:36,7.36,-0.01,3,2208,卖盘
1842,13:05:33,7.37,0.01,78,57486,买盘
1843,13:05:30,7.36,-0.01,207,152352,卖盘
1844,13:05:27,7.37,0.01,1,737,买盘
1845,13:05:24,7.36,--,2,1472,卖盘
1846,13:05:21,7.36,--,50,36800,卖盘
1847,13:05:18,7.36,--,28,20608,卖盘
1848,13:05:12,7.36,--,1,736,卖盘
1849,13:05:09,7.36,--,20,14720,卖盘
1850,13:05:06,7.36,--,2,1472,卖盘
1851,13:05:03,7.36,--,27,19872,卖盘
1852,13:05:00,7.36,--,2,1472,卖盘
1853,13:04:57,7.36,-0.01,40,29440,卖盘
1854,13:04:54,7.37,0.01,1,737,买盘
1855,13:04:51,7.36,--,2,1472,卖盘
1856,13:04:48,7.36,--,49,36064,卖盘
1857,13:04:42,7.36,-0.01,5,3680,卖盘
1858,13:04:39,7.37,0.01,124,91388,买盘
1859,13:04:36,7.36,--,23,16928,卖盘
1860,13:04:33,7.36,--,28,20608,卖盘
1861,13:04:30,7.36,--,1,736,卖盘
1862,13:04:27,7.36,--,8,5888,卖盘
1863,13:04:24,7.36,--,22,16192,卖盘
1864,13:04:21,7.36,--,24,17664,卖盘
1865,13:04:18,7.36,--,31,22816,卖盘
1866,13:04:12,7.36,-0.01,20,14720,卖盘
1867,13:04:09,7.37,0.01,22,16214,买盘
1868,13:04:06,7.36,-0.01,4,2944,卖盘
1869,13:04:03,7.37,0.01,55,40535,买盘
1870,13:04:00,7.36,--,2,1472,卖盘
1871,13:03:57,7.36,--,64,47104,卖盘
1872,13:03:54,7.36,--,78,57408,卖盘
1873,13:03:51,7.36,--,42,30912,卖盘
1874,13:03:48,7.36,--,33,24288,卖盘
1875,13:03:45,7.36,-0.01,23,16928,卖盘
1876,13:03:42,7.37,0.01,14,10318,买盘
1877,13:03:39,7.36,-0.01,11,8096,卖盘
1878,13:03:33,7.37,0.01,31,22847,买盘
1879,13:03:30,7.36,--,22,16192,卖盘
1880,13:03:21,7.36,-0.01,1,736,卖盘
1881,13:03:18,7.37,0.01,58,42746,买盘
1882,13:03:12,7.36,-0.01,1,736,卖盘
1883,13:03:09,7.37,0.01,62,45694,买盘
1884,13:03:06,7.36,--,407,299552,卖盘
1885,13:02:57,7.36,--,26,19136,卖盘
1886,13:02:54,7.36,-0.01,2,1472,卖盘
1887,13:02:51,7.37,0.01,142,104654,买盘
1888,13:02:48,7.36,--,30,22080,卖盘
1889,13:02:45,7.36,--,20,14720,卖盘
1890,13:02:33,7.36,-0.01,57,41952,卖盘
1891,13:02:27,7.37,0.01,7,5159,买盘
1892,13:02:24,7.36,--,46,33856,卖盘
1893,13:02:18,7.36,--,31,22816,卖盘
1894,13:02:12,7.36,--,19,13984,卖盘
1895,13:02:06,7.36,--,1,736,卖盘
1896,13:02:03,7.36,--,31,22816,卖盘
1897,13:02:00,7.36,--,19,13984,卖盘
1898,13:01:51,7.36,--,20,14720,卖盘
1899,13:01:48,7.36,-0.01,35,25760,卖盘
1900,13:01:42,7.37,0.01,15,11055,买盘
1901,13:01:39,7.36,-0.01,39,28704,卖盘
1902,13:01:36,7.37,0.01,51,37587,买盘
1903,13:01:33,7.36,--,36,26496,卖盘
1904,13:01:30,7.36,--,1,736,卖盘
1905,13:01:27,7.36,--,24,17664,卖盘
1906,13:01:24,7.36,--,2,1472,卖盘
1907,13:01:21,7.36,-0.01,268,197248,卖盘
1908,13:01:18,7.37,0.01,2149,1583813,买盘
1909,13:01:15,7.36,--,31,22816,卖盘
1910,13:01:09,7.36,--,1,736,卖盘
1911,13:01:06,7.36,-0.01,150,110400,卖盘
1912,13:01:03,7.37,0.01,96,70752,买盘
1913,13:01:00,7.36,--,35,25760,卖盘
1914,13:00:57,7.36,--,1,736,卖盘
1915,13:00:54,7.36,--,59,43424,卖盘
1916,13:00:48,7.36,--,1,736,卖盘
1917,13:00:45,7.36,--,54,39744,卖盘
1918,13:00:42,7.36,--,40,29440,卖盘
1919,13:00:39,7.36,-0.01,141,103776,卖盘
1920,13:00:36,7.37,--,71,52327,买盘
1921,13:00:33,7.37,--,67,49379,买盘
1922,13:00:30,7.37,--,594,437778,买盘
1923,13:00:27,7.37,0.01,20,14740,买盘
1924,13:00:24,7.36,--,1,736,卖盘
1925,13:00:21,7.36,--,19,13984,卖盘
1926,13:00:18,7.36,--,1,736,卖盘
1927,13:00:15,7.36,--,35,25760,卖盘
1928,13:00:12,7.36,--,101,74336,卖盘
1929,13:00:09,7.36,-0.01,13,9568,卖盘
1930,13:00:06,7.37,--,72,53064,买盘
1931,13:00:03,7.37,0.01,885,652245,买盘
1932,13:00:00,7.36,--,0,0,卖盘
1933,11:30:00,7.36,--,63,46368,卖盘
1934,11:29:51,7.36,--,8,5888,卖盘
1935,11:29:48,7.36,-0.01,119,87584,卖盘
1936,11:29:45,7.37,--,48,35376,买盘
1937,11:29:42,7.37,0.01,4,2948,买盘
1938,11:29:39,7.36,-0.01,20,14720,卖盘
1939,11:29:36,7.37,0.01,10,7370,买盘
1940,11:29:33,7.36,--,11,8096,卖盘
1941,11:29:30,7.36,--,39,28704,卖盘
1942,11:29:27,7.36,-0.01,32,23552,卖盘
1943,11:29:21,7.37,0.01,1,737,买盘
1944,11:29:18,7.36,-0.01,75,55200,卖盘
1945,11:29:15,7.37,0.01,157,115709,买盘
1946,11:29:12,7.36,-0.01,6,4416,卖盘
1947,11:29:09,7.37,0.01,69,50853,买盘
1948,11:29:06,7.36,--,22,16192,卖盘
1949,11:29:03,7.36,-0.01,37,27232,卖盘
1950,11:28:57,7.37,0.01,20,14740,买盘
1951,11:28:54,7.36,--,21,15456,卖盘
1952,11:28:45,7.36,--,35,25760,卖盘
1953,11:28:42,7.36,-0.01,20,14720,卖盘
1954,11:28:33,7.37,0.01,52,38324,买盘
1955,11:28:30,7.36,-0.01,42,30912,卖盘
1956,11:28:27,7.37,0.01,1,737,买盘
1957,11:28:21,7.36,--,23,16928,卖盘
1958,11:28:18,7.36,--,37,27232,卖盘
1959,11:28:12,7.36,--,17,12512,卖盘
1960,11:28:09,7.36,--,36,26496,卖盘
1961,11:28:06,7.36,-0.01,17,12512,卖盘
1962,11:28:03,7.37,0.01,49,36113,买盘
1963,11:28:00,7.36,--,29,21344,卖盘
1964,11:27:57,7.36,-0.01,34,25024,卖盘
1965,11:27:51,7.37,0.01,3,2211,买盘
1966,11:27:48,7.36,--,57,41952,卖盘
1967,11:27:45,7.36,-0.01,2,1472,卖盘
1968,11:27:42,7.37,0.01,18,13266,买盘
1969,11:27:39,7.36,--,7,5152,卖盘
1970,11:27:36,7.36,-0.01,89,65504,卖盘
1971,11:27:33,7.37,0.01,43,31691,买盘
1972,11:27:30,7.36,-0.01,5,3680,卖盘
1973,11:27:27,7.37,0.01,19,14003,买盘
1974,11:27:24,7.36,-0.01,13,9568,卖盘
1975,11:27:21,7.37,--,3,2211,买盘
1976,11:27:18,7.37,0.01,21,15477,买盘
1977,11:27:15,7.36,--,66,48576,卖盘
1978,11:27:12,7.36,--,0,588,卖盘
1979,11:27:06,7.36,--,8,5888,卖盘
1980,11:27:03,7.36,--,67,49312,卖盘
1981,11:27:00,7.36,-0.01,3,2208,卖盘
1982,11:26:57,7.37,--,1,737,买盘
1983,11:26:54,7.37,0.01,4,2948,买盘
1984,11:26:51,7.36,--,19,13984,卖盘
1985,11:26:48,7.36,-0.01,47,34592,卖盘
1986,11:26:42,7.37,0.01,25,18425,买盘
1987,11:26:39,7.36,-0.01,5,3680,卖盘
1988,11:26:36,7.37,0.01,30,22110,买盘
1989,11:26:33,7.36,--,42,30912,卖盘
1990,11:26:30,7.36,-0.01,23,16928,卖盘
1991,11:26:27,7.37,--,1,737,买盘
1992,11:26:24,7.37,0.01,8,5896,买盘
1993,11:26:18,7.36,--,26,19136,卖盘
1994,11:26:15,7.36,--,40,29440,卖盘
1995,11:26:09,7.36,-0.01,22,16192,卖盘
1996,11:26:06,7.37,0.01,2,1474,买盘
1997,11:26:03,7.36,-0.01,59,43424,卖盘
1998,11:26:00,7.37,--,97,71489,卖盘
1999,11:25:57,7.37,--,42,30954,卖盘
2000,11:25:54,7.37,--,50,36850,卖盘
2001,11:25:51,7.37,0.01,125,92125,买盘
2002,11:25:48,7.36,--,47,34592,卖盘
2003,11:25:45,7.36,--,121,89056,卖盘
2004,11:25:42,7.36,-0.01,28,20608,卖盘
2005,11:25:39,7.37,0.01,144,106128,买盘
2006,11:25:36,7.36,--,20,14720,卖盘
2007,11:25:33,7.36,-0.01,45,33120,卖盘
2008,11:25:27,7.37,--,43,31691,买盘
2009,11:25:24,7.37,0.01,225,165825,买盘
2010,11:25:21,7.36,--,5,3680,卖盘
2011,11:25:18,7.36,-0.01,46,33856,卖盘
2012,11:25:15,7.37,0.01,21,15477,买盘
2013,11:25:12,7.36,-0.01,12,8832,卖盘
2014,11:25:09,7.37,0.01,19,14003,买盘
2015,11:25:06,7.36,--,1,736,卖盘
2016,11:25:03,7.36,--,29,21344,卖盘
2017,11:25:00,7.36,--,54,39744,卖盘
2018,11:24:54,7.36,--,8,5888,卖盘
2019,11:24:51,7.36,--,23,16928,卖盘
2020,11:24:45,7.36,--,56,41216,卖盘
2021,11:24:42,7.36,--,16,11776,卖盘
2022,11:24:39,7.36,-0.01,52,38272,卖盘
2023,11:24:36,7.37,0.01,1,737,买盘
2024,11:24:33,7.36,--,5,3680,卖盘
2025,11:24:30,7.36,-0.02,64,47104,卖盘
2026,11:24:27,7.38,0.02,6,4428,买盘
2027,11:24:24,7.36,--,14,10304,卖盘
2028,11:24:21,7.36,--,2,1472,卖盘
2029,11:24:18,7.36,--,20,14720,卖盘
2030,11:24:15,7.36,-0.02,46,33856,卖盘
2031,11:24:09,7.38,0.02,36,26568,买盘
2032,11:24:06,7.36,--,20,14720,卖盘
2033,11:24:03,7.36,--,1,736,卖盘
2034,11:24:00,7.36,--,81,59616,卖盘
2035,11:23:57,7.36,--,23,16928,卖盘
2036,11:23:48,7.36,--,6,4416,卖盘
2037,11:23:45,7.36,-0.02,65,47840,卖盘
2038,11:23:39,7.38,0.02,35,25830,买盘
2039,11:23:33,7.36,--,36,26496,卖盘
2040,11:23:30,7.36,-0.02,262,192832,卖盘
2041,11:23:27,7.38,--,26,19188,买盘
2042,11:23:24,7.38,--,65,47970,买盘
2043,11:23:21,7.38,0.02,105,77490,买盘
2044,11:23:18,7.36,--,25,18400,卖盘
2045,11:23:15,7.36,--,8,5888,卖盘
2046,11:23:12,7.36,-0.02,47,34592,卖盘
2047,11:23:09,7.38,--,25,18450,买盘
2048,11:23:06,7.38,0.02,84,61992,买盘
2049,11:23:03,7.36,--,6,4416,卖盘
2050,11:23:00,7.36,-0.01,172,126592,卖盘
2051,11:22:57,7.37,-0.01,831,612447,卖盘
2052,11:22:54,7.38,--,25,18450,买盘
2053,11:22:51,7.38,0.01,46,33948,买盘
2054,11:22:48,7.37,-0.01,76,56012,卖盘
2055,11:22:45,7.38,0.01,531,391878,买盘
2056,11:22:42,7.37,-0.01,29,21373,卖盘
2057,11:22:39,7.38,--,101,74538,买盘
2058,11:22:33,7.38,--,10,7380,买盘
2059,11:22:30,7.38,0.01,25,18450,买盘
2060,11:22:27,7.37,-0.01,45,33165,卖盘
2061,11:22:21,7.38,0.01,44,32472,买盘
2062,11:22:18,7.37,--,63,46431,卖盘
2063,11:22:15,7.37,--,19,14003,卖盘
2064,11:22:12,7.37,--,33,24321,卖盘
2065,11:22:09,7.37,-0.01,105,77385,卖盘
2066,11:22:06,7.38,--,57,42066,买盘
2067,11:22:03,7.38,0.01,168,123984,买盘
2068,11:22:00,7.37,-0.01,66,48642,卖盘
2069,11:21:57,7.38,--,21,15498,买盘
2070,11:21:54,7.38,--,47,34686,买盘
2071,11:21:48,7.38,--,25,18450,买盘
2072,11:21:45,7.38,0.01,25,18450,买盘
2073,11:21:42,7.37,-0.01,36,26532,卖盘
2074,11:21:39,7.38,0.01,25,18450,买盘
2075,11:21:36,7.37,--,82,60434,卖盘
2076,11:21:33,7.37,-0.01,166,122342,卖盘
2077,11:21:30,7.38,--,25,18450,买盘
2078,11:21:27,7.38,0.01,25,18450,买盘
2079,11:21:21,7.37,-0.01,49,36113,卖盘
2080,11:21:18,7.38,--,37,27306,买盘
2081,11:21:15,7.38,--,99,73062,买盘
2082,11:21:12,7.38,0.01,746,550548,买盘
2083,11:21:09,7.37,--,619,456203,卖盘
2084,11:21:06,7.37,-0.01,73,53801,卖盘
2085,11:21:03,7.38,--,22,16236,买盘
2086,11:21:00,7.38,--,51,37638,买盘
2087,11:20:57,7.38,--,26,19188,买盘
2088,11:20:54,7.38,-0.01,10,7380,中性盘
2089,11:20:51,7.39,0.02,25,18475,买盘
2090,11:20:48,7.37,-0.02,22,16214,卖盘
2091,11:20:45,7.39,--,38,28082,买盘
2092,11:20:42,7.39,--,101,74639,买盘
2093,11:20:39,7.39,0.01,38,28082,买盘
2094,11:20:36,7.38,--,54,39852,卖盘
2095,11:20:33,7.38,-0.01,7,5166,卖盘
2096,11:20:30,7.39,--,75,55425,买盘
2097,11:20:27,7.39,0.01,52,38428,买盘
2098,11:20:24,7.38,--,35,25830,卖盘
2099,11:20:21,7.38,-0.01,131,96678,卖盘
2100,11:20:18,7.39,0.01,31,22909,买盘
2101,11:20:15,7.38,-0.01,47,34686,卖盘
2102,11:20:09,7.39,--,25,18475,买盘
2103,11:20:06,7.39,0.02,25,18475,买盘
2104,11:20:03,7.37,--,49,36113,卖盘
2105,11:20:00,7.37,-0.02,55,40535,卖盘
2106,11:19:57,7.39,--,27,19953,买盘
2107,11:19:54,7.39,--,36,26604,买盘
2108,11:19:51,7.39,--,26,19214,买盘
2109,11:19:48,7.39,--,25,18475,买盘
2110,11:19:45,7.39,0.02,24,17736,买盘
2111,11:19:42,7.37,-0.02,28,20636,卖盘
2112,11:19:39,7.39,--,31,22909,买盘
2113,11:19:36,7.39,0.01,61,45079,买盘
2114,11:19:33,7.38,--,10,7380,卖盘
2115,11:19:30,7.38,-0.01,36,26568,卖盘
2116,11:19:27,7.39,0.01,26,19214,买盘
2117,11:19:24,7.38,-0.01,9,6642,卖盘
2118,11:19:21,7.39,--,68,50252,买盘
2119,11:19:18,7.39,--,9,6651,买盘
2120,11:19:15,7.39,--,51,37689,买盘
2121,11:19:12,7.39,--,146,107894,买盘
2122,11:19:09,7.39,--,43,31777,买盘
2123,11:19:06,7.39,--,22,16258,买盘
2124,11:19:03,7.39,--,55,40645,买盘
2125,11:19:00,7.39,0.02,8,5912,买盘
2126,11:18:57,7.37,-0.02,48,35376,卖盘
2127,11:18:54,7.39,--,24,17736,买盘
2128,11:18:51,7.39,--,42,31038,买盘
2129,11:18:48,7.39,0.02,69,50991,买盘
2130,11:18:45,7.37,-0.02,38,28006,卖盘
2131,11:18:42,7.39,--,25,18475,买盘
2132,11:18:39,7.39,0.02,30,22170,买盘
2133,11:18:36,7.37,-0.02,45,33165,卖盘
2134,11:18:33,7.39,--,27,19953,买盘
2135,11:18:30,7.39,--,72,53208,买盘
2136,11:18:27,7.39,0.02,195,144105,买盘
2137,11:18:24,7.37,-0.02,22,16214,卖盘
2138,11:18:21,7.39,--,26,19214,买盘
2139,11:18:18,7.39,--,34,25126,买盘
2140,11:18:15,7.39,--,124,91636,买盘
2141,11:18:09,7.39,0.01,49,36211,买盘
2142,11:18:06,7.38,--,8,5904,卖盘
2143,11:18:03,7.38,-0.01,50,36900,卖盘
2144,11:17:57,7.39,--,1,739,买盘
2145,11:17:54,7.39,0.01,12,8868,买盘
2146,11:17:51,7.38,-0.01,22,16236,卖盘
2147,11:17:45,7.39,--,31,22909,买盘
2148,11:17:42,7.39,0.01,46,33994,买盘
2149,11:17:39,7.38,-0.01,25,18450,卖盘
2150,11:17:36,7.39,--,35,25865,买盘
2151,11:17:33,7.39,0.01,35,25865,买盘
2152,11:17:30,7.38,-0.01,47,34686,卖盘
2153,11:17:27,7.39,--,25,18475,买盘
2154,11:17:24,7.39,0.01,25,18475,买盘
2155,11:17:21,7.38,--,33,24354,卖盘
2156,11:17:18,7.38,-0.01,160,118080,卖盘
2157,11:17:15,7.39,0.01,26,19214,买盘
2158,11:17:12,7.38,-0.01,6,4428,卖盘
2159,11:17:09,7.39,0.03,71,52469,买盘
2160,11:17:06,7.36,-0.02,77,56672,卖盘
2161,11:17:03,7.38,0.01,1152,850176,买盘
2162,11:17:00,7.37,0.01,71,52327,买盘
2163,11:16:57,7.36,-0.01,185,136160,卖盘
2164,11:16:54,7.37,--,40,29480,买盘
2165,11:16:51,7.37,--,89,65593,买盘
2166,11:16:48,7.37,0.01,138,101706,买盘
2167,11:16:45,7.36,-0.01,141,103776,卖盘
2168,11:16:42,7.37,--,254,187198,买盘
2169,11:16:39,7.37,0.01,24,17688,买盘
2170,11:16:36,7.36,-0.01,52,38272,卖盘
2171,11:16:33,7.37,--,28,20636,买盘
2172,11:16:30,7.37,--,25,18425,买盘
2173,11:16:27,7.37,--,9,6633,买盘
2174,11:16:24,7.37,0.01,32,23584,买盘
2175,11:16:21,7.36,-0.01,10,7360,卖盘
2176,11:16:15,7.37,0.01,17,12529,买盘
2177,11:16:12,7.36,--,51,37536,卖盘
2178,11:16:06,7.36,--,94,69184,卖盘
2179,11:16:03,7.36,-0.01,34,25024,卖盘
2180,11:15:57,7.37,--,37,27269,买盘
2181,11:15:54,7.37,0.01,8,5896,买盘
2182,11:15:51,7.36,--,20,14720,卖盘
2183,11:15:45,7.36,-0.01,30,22080,卖盘
2184,11:15:42,7.37,0.01,67,49379,买盘
2185,11:15:39,7.36,--,65,47840,卖盘
2186,11:15:36,7.36,-0.01,13,9568,卖盘
2187,11:15:33,7.37,--,222,163614,买盘
2188,11:15:30,7.37,--,20,14740,买盘
2189,11:15:27,7.37,--,31,22847,买盘
2190,11:15:24,7.37,0.01,13,9581,买盘
2191,11:15:21,7.36,-0.01,201,147936,卖盘
2192,11:15:18,7.37,0.01,66,48642,买盘
2193,11:15:09,7.36,--,29,21344,卖盘
2194,11:15:06,7.36,-0.01,373,274528,卖盘
2195,11:15:00,7.37,0.01,3,2211,买盘
2196,11:14:57,7.36,--,23,16928,卖盘
2197,11:14:54,7.36,-0.01,23,16928,卖盘
2198,11:14:51,7.37,--,441,325017,买盘
2199,11:14:48,7.37,--,10,7370,买盘
2200,11:14:45,7.37,--,87,64119,买盘
2201,11:14:39,7.37,--,1,737,买盘
2202,11:14:36,7.37,--,10,7370,买盘
2203,11:14:33,7.37,--,67,49379,买盘
2204,11:14:27,7.37,--,4,2948,买盘
2205,11:14:24,7.37,0.01,40,29480,买盘
2206,11:14:21,7.36,--,20,14720,卖盘
2207,11:14:15,7.36,--,6,4416,卖盘
2208,11:14:12,7.36,--,120,88320,卖盘
2209,11:14:09,7.36,-0.01,10,7360,卖盘
2210,11:14:06,7.37,0.02,3,2211,买盘
2211,11:14:03,7.35,--,7,5145,卖盘
2212,11:14:00,7.35,-0.01,174,127890,卖盘
2213,11:13:57,7.36,0.01,140,103577,买盘
2214,11:13:51,7.35,--,17,12495,卖盘
2215,11:13:48,7.35,-0.01,50,36750,卖盘
2216,11:13:45,7.36,0.01,32,23552,买盘
2217,11:13:42,7.35,--,225,165375,卖盘
2218,11:13:39,7.35,-0.01,19,13965,卖盘
2219,11:13:36,7.36,0.01,10,7360,买盘
2220,11:13:33,7.35,-0.01,15,11025,卖盘
2221,11:13:30,7.36,0.01,154,113344,买盘
2222,11:13:27,7.35,-0.01,225,165375,卖盘
2223,11:13:24,7.36,--,28,20608,买盘
2224,11:13:18,7.36,0.01,18,13248,买盘
2225,11:13:15,7.35,--,23,16905,卖盘
2226,11:13:12,7.35,--,1,735,卖盘
2227,11:13:09,7.35,--,20,14700,卖盘
2228,11:13:06,7.35,--,433,318255,卖盘
2229,11:13:03,7.35,--,38,27930,卖盘
2230,11:12:57,7.35,--,19,13965,卖盘
2231,11:12:54,7.35,--,245,180075,卖盘
2232,11:12:45,7.35,--,2,1470,卖盘
2233,11:12:42,7.35,-0.01,40,29400,卖盘
2234,11:12:36,7.36,0.01,20,14720,买盘
2235,11:12:33,7.35,-0.01,37,27195,卖盘
2236,11:12:30,7.36,--,3,2208,买盘
2237,11:12:27,7.36,0.01,7,5152,买盘
2238,11:12:24,7.35,-0.01,50,36750,卖盘
2239,11:12:21,7.36,0.01,70,51520,买盘
2240,11:12:18,7.35,--,130,95550,卖盘
2241,11:12:15,7.35,-0.01,54,39690,卖盘
2242,11:12:12,7.36,0.01,18,13248,买盘
2243,11:12:09,7.35,-0.01,40,29400,卖盘
2244,11:12:06,7.36,--,31,22816,买盘
2245,11:12:03,7.36,--,1,736,买盘
2246,11:12:00,7.36,--,48,35328,买盘
2247,11:11:57,7.36,0.01,5,3680,买盘
2248,11:11:54,7.35,-0.01,5,3675,卖盘
2249,11:11:51,7.36,0.01,4,2944,买盘
2250,11:11:48,7.35,--,39,28665,卖盘
2251,11:11:45,7.35,--,3,2205,卖盘
2252,11:11:42,7.35,--,68,49980,卖盘
2253,11:11:39,7.35,--,277,203595,卖盘
2254,11:11:36,7.35,-0.01,211,155085,卖盘
2255,11:11:33,7.36,0.01,31,22816,买盘
2256,11:11:30,7.35,-0.01,3,2205,卖盘
2257,11:11:27,7.36,--,46,33856,买盘
2258,11:11:24,7.36,0.01,70,51520,买盘
2259,11:11:21,7.35,-0.01,45,33075,卖盘
2260,11:11:18,7.36,0.01,55,40480,买盘
2261,11:11:15,7.35,-0.01,208,152880,卖盘
2262,11:11:12,7.36,0.01,20,14720,买盘
2263,11:11:09,7.35,-0.01,7,5145,卖盘
2264,11:11:06,7.36,--,30,22080,买盘
2265,11:11:03,7.36,--,91,66976,买盘
2266,11:11:00,7.36,0.01,2,1472,买盘
2267,11:10:57,7.35,--,11,8085,卖盘
2268,11:10:54,7.35,-0.01,64,47040,卖盘
2269,11:10:51,7.36,--,3,2208,买盘
2270,11:10:45,7.36,--,18,13248,买盘
2271,11:10:42,7.36,--,47,34592,买盘
2272,11:10:39,7.36,0.01,100,73600,买盘
2273,11:10:33,7.35,--,59,43365,卖盘
2274,11:10:30,7.35,-0.01,20,14700,卖盘
2275,11:10:27,7.36,0.01,1,736,买盘
2276,11:10:24,7.35,-0.01,15,11025,卖盘
2277,11:10:21,7.36,0.01,75,55200,买盘
2278,11:10:18,7.35,-0.01,25,18375,卖盘
2279,11:10:15,7.36,0.01,4,2944,买盘
2280,11:10:09,7.35,-0.01,31,22785,卖盘
2281,11:10:06,7.36,--,142,104512,买盘
2282,11:10:00,7.36,0.01,54,39744,买盘
2283,11:09:57,7.35,--,22,16170,卖盘
2284,11:09:54,7.35,-0.01,93,68355,卖盘
2285,11:09:51,7.36,--,17,12512,买盘
2286,11:09:48,7.36,--,234,172224,买盘
2287,11:09:45,7.36,--,45,33120,买盘
2288,11:09:39,7.36,--,10,7360,买盘
2289,11:09:36,7.36,0.01,49,36064,买盘
2290,11:09:33,7.35,-0.01,10,7350,卖盘
2291,11:09:27,7.36,0.01,1,736,买盘
2292,11:09:24,7.35,-0.01,22,16170,卖盘
2293,11:09:18,7.36,0.01,7,5152,买盘
2294,11:09:15,7.35,--,20,14700,卖盘
2295,11:09:12,7.35,-0.01,24,17640,卖盘
2296,11:09:09,7.36,--,7,5152,买盘
2297,11:09:06,7.36,0.01,6,4416,买盘
2298,11:09:03,7.35,-0.01,20,14700,卖盘
2299,11:09:00,7.36,--,2,1472,买盘
2300,11:08:57,7.36,--,8,5888,买盘
2301,11:08:54,7.36,0.01,60,44160,买盘
2302,11:08:51,7.35,--,19,13965,卖盘
2303,11:08:48,7.35,-0.01,104,76440,卖盘
2304,11:08:45,7.36,--,398,292928,买盘
2305,11:08:42,7.36,0.01,7,5152,买盘
2306,11:08:39,7.35,-0.01,29,21315,卖盘
2307,11:08:36,7.36,0.01,1,736,买盘
2308,11:08:30,7.35,--,22,16170,卖盘
2309,11:08:27,7.35,-0.01,6,4410,卖盘
2310,11:08:24,7.36,0.01,131,96416,买盘
2311,11:08:21,7.35,--,97,71295,卖盘
2312,11:08:18,7.35,--,21,15435,卖盘
2313,11:08:15,7.35,-0.01,9,6615,卖盘
2314,11:08:12,7.36,0.01,10,7360,买盘
2315,11:08:09,7.35,--,5,3675,卖盘
2316,11:08:06,7.35,-0.01,26,19110,卖盘
2317,11:08:03,7.36,--,13,9568,买盘
2318,11:08:00,7.36,--,5,3680,买盘
2319,11:07:57,7.36,--,30,22080,买盘
2320,11:07:54,7.36,0.01,21,15456,买盘
2321,11:07:51,7.35,--,45,33075,卖盘
2322,11:07:48,7.35,-0.01,186,136710,卖盘
2323,11:07:45,7.36,0.01,26,19136,买盘
2324,11:07:42,7.35,-0.01,91,66885,卖盘
2325,11:07:39,7.36,--,171,125856,买盘
2326,11:07:36,7.36,0.01,15,11040,买盘
2327,11:07:33,7.35,-0.01,83,61005,卖盘
2328,11:07:30,7.36,--,20,14720,买盘
2329,11:07:27,7.36,--,22,16192,买盘
2330,11:07:24,7.36,--,46,33856,买盘
2331,11:07:21,7.36,--,115,84640,买盘
2332,11:07:18,7.36,--,2,1472,买盘
2333,11:07:15,7.36,--,9,6624,买盘
2334,11:07:12,7.36,--,24,17664,买盘
2335,11:07:09,7.36,0.01,60,44160,买盘
2336,11:07:06,7.35,--,433,318255,卖盘
2337,11:07:03,7.35,--,29,21315,卖盘
2338,11:07:00,7.35,--,175,128625,卖盘
2339,11:06:57,7.35,--,285,209475,卖盘
2340,11:06:54,7.35,-0.01,512,376320,卖盘
2341,11:06:51,7.36,--,185,136160,买盘
2342,11:06:48,7.36,--,20,14720,买盘
2343,11:06:45,7.36,--,37,27232,买盘
2344,11:06:42,7.36,--,51,37536,买盘
2345,11:06:39,7.36,0.01,31,22816,买盘
2346,11:06:36,7.35,--,79,58065,卖盘
2347,11:06:33,7.35,-0.01,162,119070,卖盘
2348,11:06:30,7.36,0.01,32,23552,买盘
2349,11:06:27,7.35,--,42,30870,卖盘
2350,11:06:24,7.35,--,1,735,卖盘
2351,11:06:18,7.35,-0.01,21,15435,卖盘
2352,11:06:15,7.36,--,17,12512,买盘
2353,11:06:12,7.36,--,13,9568,买盘
2354,11:06:06,7.36,--,22,16192,买盘
2355,11:06:03,7.36,0.01,2,1472,买盘
2356,11:06:00,7.35,-0.01,5,3675,卖盘
2357,11:05:57,7.36,0.01,23,16928,买盘
2358,11:05:54,7.35,-0.01,69,50715,卖盘
2359,11:05:51,7.36,--,305,224480,买盘
2360,11:05:48,7.36,--,4,2944,买盘
2361,11:05:45,7.36,--,40,29440,买盘
2362,11:05:42,7.36,0.01,5,3680,买盘
2363,11:05:33,7.35,--,35,25725,卖盘
2364,11:05:30,7.35,-0.01,26,19110,卖盘
2365,11:05:27,7.36,0.01,51,37536,买盘
2366,11:05:24,7.35,--,25,18375,卖盘
2367,11:05:21,7.35,--,57,41895,卖盘
2368,11:05:18,7.35,--,200,147000,卖盘
2369,11:05:15,7.35,--,5,3675,卖盘
2370,11:05:12,7.35,-0.01,21,15435,卖盘
2371,11:05:09,7.36,--,30,22080,买盘
2372,11:05:06,7.36,0.01,10,7360,买盘
2373,11:05:03,7.35,--,21,15435,卖盘
2374,11:05:00,7.35,-0.01,23,16905,卖盘
2375,11:04:54,7.36,--,2,1472,买盘
2376,11:04:51,7.36,0.01,7,5152,买盘
2377,11:04:48,7.35,-0.01,78,57330,卖盘
2378,11:04:45,7.36,--,90,66240,买盘
2379,11:04:42,7.36,0.01,249,183264,买盘
2380,11:04:39,7.35,--,85,62475,卖盘
2381,11:04:36,7.35,--,6,4410,卖盘
2382,11:04:33,7.35,--,12,8820,卖盘
2383,11:04:27,7.35,--,24,17640,卖盘
2384,11:04:24,7.35,--,5,3675,卖盘
2385,11:04:18,7.35,--,17,12495,卖盘
2386,11:04:15,7.35,--,21,15435,卖盘
2387,11:04:12,7.35,--,11,8085,卖盘
2388,11:04:09,7.35,-0.01,38,27930,卖盘
2389,11:04:06,7.36,0.01,277,203872,买盘
2390,11:04:03,7.35,--,183,134505,卖盘
2391,11:04:00,7.35,-0.01,29,21315,卖盘
2392,11:03:57,7.36,--,226,166336,买盘
2393,11:03:54,7.36,--,57,41952,买盘
2394,11:03:45,7.36,0.01,22,16192,买盘
2395,11:03:42,7.35,-0.01,20,14700,卖盘
2396,11:03:39,7.36,0.01,7,5152,买盘
2397,11:03:36,7.35,--,5,3675,卖盘
2398,11:03:33,7.35,--,91,66885,卖盘
2399,11:03:30,7.35,--,28,20580,卖盘
2400,11:03:27,7.35,--,11,8085,卖盘
2401,11:03:24,7.35,-0.02,6,4410,卖盘
2402,11:03:21,7.37,0.01,43,31691,买盘
2403,11:03:18,7.36,0.01,26,19136,中性盘
2404,11:03:15,7.35,--,114,83790,卖盘
2405,11:03:12,7.35,--,1019,748965,卖盘
2406,11:03:09,7.35,-0.01,215,158025,卖盘
2407,11:03:06,7.36,0.01,10,7360,买盘
2408,11:03:03,7.35,-0.01,36,26460,卖盘
2409,11:03:00,7.36,0.01,40,29440,买盘
2410,11:02:57,7.35,--,70,51450,卖盘
2411,11:02:54,7.35,--,12,8820,卖盘
2412,11:02:51,7.35,-0.01,70,51450,卖盘
2413,11:02:48,7.36,--,6,4416,买盘
2414,11:02:45,7.36,0.01,12,8832,买盘
2415,11:02:42,7.35,--,182,133770,卖盘
2416,11:02:39,7.35,--,7,5145,卖盘
2417,11:02:36,7.35,-0.01,6,4410,卖盘
2418,11:02:33,7.36,0.01,54,39744,买盘
2419,11:02:30,7.35,-0.01,11,8085,卖盘
2420,11:02:27,7.36,--,1,736,买盘
2421,11:02:24,7.36,0.01,80,58880,卖盘
2422,11:02:21,7.35,--,104,76440,卖盘
2423,11:02:18,7.35,--,89,65415,卖盘
2424,11:02:15,7.35,-0.01,1572,1155420,卖盘
2425,11:02:12,7.36,--,63,46368,买盘
2426,11:02:09,7.36,--,64,47104,卖盘
2427,11:02:06,7.36,--,363,267168,卖盘
2428,11:02:03,7.36,--,22,16192,卖盘
2429,11:02:00,7.36,--,10,7360,卖盘
2430,11:01:57,7.36,--,19,13984,卖盘
2431,11:01:54,7.36,-0.01,10,7360,卖盘
2432,11:01:51,7.37,0.01,16,11792,买盘
2433,11:01:48,7.36,-0.01,34,25024,卖盘
2434,11:01:45,7.37,0.01,20,14740,买盘
2435,11:01:39,7.36,--,13,9568,卖盘
2436,11:01:36,7.36,--,69,50784,卖盘
2437,11:01:33,7.36,--,19,13984,卖盘
2438,11:01:30,7.36,-0.01,13,9568,卖盘
2439,11:01:27,7.37,0.01,57,42009,买盘
2440,11:01:24,7.36,--,121,89056,买盘
2441,11:01:21,7.36,--,278,204608,买盘
2442,11:01:18,7.36,0.01,38,27968,买盘
2443,11:01:15,7.35,--,77,56595,卖盘
2444,11:01:12,7.35,-0.01,94,69090,卖盘
2445,11:01:09,7.36,--,45,33120,买盘
2446,11:01:06,7.36,--,47,34592,买盘
2447,11:01:03,7.36,--,56,41216,买盘
2448,11:01:00,7.36,--,315,231840,卖盘
2449,11:00:54,7.36,--,16,11776,卖盘
2450,11:00:51,7.36,--,12,8832,卖盘
2451,11:00:45,7.36,-0.01,5,3680,卖盘
2452,11:00:42,7.37,0.01,98,72226,买盘
2453,11:00:39,7.36,--,14,10304,卖盘
2454,11:00:36,7.36,-0.01,5,3680,卖盘
2455,11:00:33,7.37,0.01,68,50116,买盘
2456,11:00:30,7.36,--,28,20608,卖盘
2457,11:00:27,7.36,-0.01,32,23552,卖盘
2458,11:00:24,7.37,--,269,198253,买盘
2459,11:00:21,7.37,0.01,29,21373,买盘
2460,11:00:18,7.36,-0.01,52,38272,卖盘
2461,11:00:15,7.37,0.01,10,7370,买盘
2462,11:00:12,7.36,--,34,25024,卖盘
2463,11:00:09,7.36,--,231,170016,卖盘
2464,11:00:03,7.36,--,31,22816,卖盘
2465,11:00:00,7.36,--,101,74336,卖盘
2466,10:59:57,7.36,--,11,8096,卖盘
2467,10:59:54,7.36,--,27,19872,卖盘
2468,10:59:51,7.36,--,3,2208,卖盘
2469,10:59:45,7.36,--,11,8096,卖盘
2470,10:59:42,7.36,--,71,52256,卖盘
2471,10:59:39,7.36,--,608,447488,买盘
2472,10:59:36,7.36,--,19,13984,买盘
2473,10:59:33,7.36,0.01,14,10304,买盘
2474,10:59:27,7.35,-0.01,53,38955,卖盘
2475,10:59:24,7.36,--,233,171488,买盘
2476,10:59:21,7.36,--,28,20608,买盘
2477,10:59:18,7.36,--,21,15456,买盘
2478,10:59:15,7.36,0.01,45,33120,买盘
2479,10:59:12,7.35,-0.01,78,57330,卖盘
2480,10:59:09,7.36,--,200,147200,买盘
2481,10:59:06,7.36,0.01,44,32384,买盘
2482,10:59:03,7.35,-0.01,11,8085,卖盘
2483,10:59:00,7.36,--,35,25760,买盘
2484,10:58:54,7.36,--,66,48576,买盘
2485,10:58:51,7.36,--,22,16192,买盘
2486,10:58:45,7.36,--,50,36800,买盘
2487,10:58:42,7.36,0.01,11,8096,买盘
2488,10:58:39,7.35,-0.01,20,14700,卖盘
2489,10:58:36,7.36,--,17,12512,买盘
2490,10:58:33,7.36,--,12,8832,买盘
2491,10:58:30,7.36,--,36,26496,买盘
2492,10:58:27,7.36,0.01,29,21344,买盘
2493,10:58:24,7.35,--,58,42630,卖盘
2494,10:58:21,7.35,--,8,5880,卖盘
2495,10:58:18,7.35,-0.01,87,63945,卖盘
2496,10:58:12,7.36,--,119,87584,买盘
2497,10:58:09,7.36,--,522,384192,卖盘
2498,10:58:06,7.36,--,26,19136,卖盘
2499,10:58:03,7.36,-0.01,50,36800,卖盘
2500,10:58:00,7.37,--,50,36850,买盘
2501,10:57:57,7.37,0.01,134,98758,买盘
2502,10:57:54,7.36,--,849,624864,卖盘
2503,10:57:51,7.36,--,573,421728,卖盘
2504,10:57:45,7.36,-0.01,36,26496,卖盘
2505,10:57:42,7.37,0.01,28,20636,买盘
2506,10:57:36,7.36,--,12,8832,卖盘
2507,10:57:33,7.36,--,12,8832,卖盘
2508,10:57:30,7.36,-0.01,41,30176,卖盘
2509,10:57:27,7.37,--,37,27269,买盘
2510,10:57:24,7.37,0.01,22,16214,买盘
2511,10:57:21,7.36,--,109,80224,卖盘
2512,10:57:12,7.36,--,23,16928,卖盘
2513,10:57:09,7.36,-0.01,205,150880,卖盘
2514,10:57:06,7.37,--,514,378818,买盘
2515,10:57:03,7.37,0.01,305,224785,买盘
2516,10:57:00,7.36,--,16,11776,卖盘
2517,10:56:57,7.36,--,20,14720,卖盘
2518,10:56:54,7.36,--,12,8832,卖盘
2519,10:56:51,7.36,-0.01,194,142784,卖盘
2520,10:56:45,7.37,0.01,10,7370,买盘
2521,10:56:42,7.36,-0.01,5,3680,卖盘
2522,10:56:39,7.37,0.01,24,17688,买盘
2523,10:56:36,7.36,--,52,38272,卖盘
2524,10:56:30,7.36,--,20,14720,卖盘
2525,10:56:27,7.36,--,14,10304,卖盘
2526,10:56:24,7.36,-0.01,1,736,卖盘
2527,10:56:21,7.37,0.01,4,2948,买盘
2528,10:56:18,7.36,--,28,20608,卖盘
2529,10:56:15,7.36,--,1,736,卖盘
2530,10:56:09,7.36,--,15,11040,卖盘
2531,10:56:06,7.36,-0.01,263,193568,卖盘
2532,10:56:00,7.37,0.01,1,737,买盘
2533,10:55:54,7.36,-0.01,16,11776,卖盘
2534,10:55:51,7.37,--,4,2948,买盘
2535,10:55:48,7.37,--,13,9581,买盘
2536,10:55:45,7.37,--,28,20636,买盘
2537,10:55:42,7.37,--,41,30217,卖盘
2538,10:55:39,7.37,--,7,5159,卖盘
2539,10:55:36,7.37,--,80,58960,卖盘
2540,10:55:33,7.37,--,16,11792,卖盘
2541,10:55:27,7.37,--,8,5896,卖盘
2542,10:55:24,7.37,0.01,4,2948,买盘
2543,10:55:21,7.36,-0.01,16,11776,卖盘
2544,10:55:18,7.37,--,48,35376,买盘
2545,10:55:15,7.37,--,105,77385,买盘
2546,10:55:12,7.37,0.01,1,737,买盘
2547,10:55:09,7.36,-0.01,113,83168,卖盘
2548,10:55:06,7.37,-0.01,523,385451,卖盘
2549,10:55:03,7.38,--,2,1476,买盘
2550,10:55:00,7.38,0.01,16,11808,买盘
2551,10:54:57,7.37,-0.01,13,9581,卖盘
2552,10:54:54,7.38,0.01,243,179334,买盘
2553,10:54:51,7.37,0.01,1,737,买盘
2554,10:54:48,7.36,-0.01,36,26496,卖盘
2555,10:54:45,7.37,0.01,1,737,买盘
2556,10:54:36,7.36,-0.01,18,13248,卖盘
2557,10:54:33,7.37,--,93,68541,买盘
2558,10:54:27,7.37,--,12,8844,买盘
2559,10:54:21,7.37,0.01,11,8107,买盘
2560,10:54:18,7.36,--,7,5152,卖盘
2561,10:54:15,7.36,--,13,9568,卖盘
2562,10:54:12,7.36,-0.01,11,8096,卖盘
2563,10:54:09,7.37,--,244,179828,买盘
2564,10:54:06,7.37,0.01,100,73700,买盘
2565,10:54:03,7.36,-0.01,97,71392,卖盘
2566,10:54:00,7.37,0.01,1348,993476,买盘
2567,10:53:57,7.36,--,90,66240,卖盘
2568,10:53:54,7.36,-0.01,17,12512,卖盘
2569,10:53:51,7.37,--,31,22847,买盘
2570,10:53:48,7.37,0.01,44,32428,买盘
2571,10:53:42,7.36,-0.01,47,34592,卖盘
2572,10:53:36,7.37,--,15,11055,买盘
2573,10:53:33,7.37,0.01,17,12529,买盘
2574,10:53:30,7.36,-0.01,10,7360,卖盘
2575,10:53:27,7.37,0.01,54,39798,买盘
2576,10:53:24,7.36,-0.01,14,10304,卖盘
2577,10:53:21,7.37,0.01,12,8844,买盘
2578,10:53:18,7.36,--,7,5152,卖盘
2579,10:53:15,7.36,0.01,182,133952,卖盘
2580,10:53:12,7.35,-0.01,287,210945,卖盘
2581,10:53:09,7.36,--,533,393016,买盘
2582,10:53:06,7.36,0.01,96,70656,买盘
2583,10:53:03,7.35,--,40,29400,卖盘
2584,10:53:00,7.35,--,2,1470,卖盘
2585,10:52:57,7.35,-0.01,136,99960,卖盘
2586,10:52:54,7.36,--,753,554208,买盘
2587,10:52:51,7.36,0.01,1,736,买盘
2588,10:52:48,7.35,-0.01,12,8820,卖盘
2589,10:52:42,7.36,0.01,52,38272,买盘
2590,10:52:39,7.35,-0.01,189,138915,卖盘
2591,10:52:36,7.36,0.01,404,297344,买盘
2592,10:52:33,7.35,-0.01,8,5880,卖盘
2593,10:52:30,7.36,--,100,73600,买盘
2594,10:52:27,7.36,0.01,15,11040,买盘
2595,10:52:24,7.35,-0.01,67,49245,卖盘
2596,10:52:21,7.36,0.01,20,14720,买盘
2597,10:52:18,7.35,-0.01,55,40425,卖盘
2598,10:52:15,7.36,0.01,80,58880,买盘
2599,10:52:12,7.35,--,241,177135,卖盘
2600,10:52:09,7.35,--,80,58800,卖盘
2601,10:52:06,7.35,--,10,7350,卖盘
2602,10:52:03,7.35,-0.01,171,125685,卖盘
2603,10:52:00,7.36,-0.01,822,604999,卖盘
2604,10:51:57,7.37,0.01,2,1474,买盘
2605,10:51:51,7.36,-0.01,33,24288,卖盘
2606,10:51:45,7.37,0.01,6,4422,买盘
2607,10:51:42,7.36,-0.01,10,7360,卖盘
2608,10:51:39,7.37,--,2,1474,买盘
2609,10:51:33,7.37,0.01,7,5159,买盘
2610,10:51:30,7.36,--,56,41216,卖盘
2611,10:51:27,7.36,--,94,69184,卖盘
2612,10:51:24,7.36,--,625,460728,买盘
2613,10:51:21,7.36,0.01,74,54464,买盘
2614,10:51:18,7.35,--,320,235200,卖盘
2615,10:51:15,7.35,--,234,171990,卖盘
2616,10:51:12,7.35,-0.01,91,66885,卖盘
2617,10:51:09,7.36,0.01,60,44160,买盘
2618,10:51:06,7.35,--,56,41160,卖盘
2619,10:51:03,7.35,-0.01,100,73500,卖盘
2620,10:51:00,7.36,0.01,31,22816,买盘
2621,10:50:57,7.35,--,11,8085,卖盘
2622,10:50:51,7.35,-0.01,17,12495,卖盘
2623,10:50:48,7.36,--,34,25024,买盘
2624,10:50:45,7.36,0.01,85,62560,买盘
2625,10:50:42,7.35,-0.01,118,86730,卖盘
2626,10:50:39,7.36,--,987,726439,卖盘
2627,10:50:36,7.36,--,398,292928,卖盘
2628,10:50:33,7.36,--,3211,2363296,卖盘
2629,10:50:30,7.36,-0.01,130,95680,卖盘
2630,10:50:27,7.37,0.01,26,19162,买盘
2631,10:50:24,7.36,--,114,83904,卖盘
2632,10:50:21,7.36,--,10,7360,卖盘
2633,10:50:18,7.36,-0.01,230,169280,卖盘
2634,10:50:15,7.37,0.01,85,62645,买盘
2635,10:50:12,7.36,--,122,89792,卖盘
2636,10:50:09,7.36,-0.01,576,423936,卖盘
2637,10:50:06,7.37,0.01,4,2948,买盘
2638,10:50:03,7.36,--,16,11776,卖盘
2639,10:50:00,7.36,--,31,22816,卖盘
2640,10:49:54,7.36,-0.01,5,3680,卖盘
2641,10:49:51,7.37,--,69,50853,买盘
2642,10:49:48,7.37,0.01,65,47905,买盘
2643,10:49:45,7.36,-0.01,322,236992,卖盘
2644,10:49:42,7.37,0.01,5,3685,买盘
2645,10:49:39,7.36,--,80,58880,卖盘
2646,10:49:36,7.36,-0.01,202,148672,卖盘
2647,10:49:33,7.37,0.01,6,4422,买盘
2648,10:49:30,7.36,-0.01,13,9568,卖盘
2649,10:49:27,7.37,--,52,38324,买盘
2650,10:49:24,7.37,--,244,179828,买盘
2651,10:49:21,7.37,0.01,56,41272,买盘
2652,10:49:18,7.36,-0.01,321,236256,卖盘
2653,10:49:15,7.37,0.01,15,11055,买盘
2654,10:49:12,7.36,-0.01,16,11776,卖盘
2655,10:49:09,7.37,0.01,46,33902,买盘
2656,10:49:06,7.36,-0.01,21,15456,卖盘
2657,10:49:00,7.37,0.01,77,56749,买盘
2658,10:48:57,7.36,--,145,106720,卖盘
2659,10:48:54,7.36,-0.01,39,28704,卖盘
2660,10:48:51,7.37,0.01,60,44220,买盘
2661,10:48:45,7.36,--,25,18400,卖盘
2662,10:48:42,7.36,--,123,90528,卖盘
2663,10:48:36,7.36,-0.01,6,4416,卖盘
2664,10:48:33,7.37,0.01,50,36850,买盘
2665,10:48:30,7.36,-0.01,97,71392,卖盘
2666,10:48:27,7.37,--,130,95810,卖盘
2667,10:48:24,7.37,--,66,48642,卖盘
2668,10:48:21,7.37,0.01,239,176143,中性盘
2669,10:48:18,7.36,-0.01,74,54464,卖盘
2670,10:48:15,7.37,--,28,20636,买盘
2671,10:48:12,7.37,--,76,56012,买盘
2672,10:48:09,7.37,-0.01,452,333124,卖盘
2673,10:48:06,7.38,0.01,60,44280,买盘
2674,10:48:03,7.37,--,1213,893981,卖盘
2675,10:48:00,7.37,-0.01,140,103180,卖盘
2676,10:47:57,7.38,--,2,1476,买盘
2677,10:47:51,7.38,--,7,5166,买盘
2678,10:47:48,7.38,0.01,22,16236,买盘
2679,10:47:42,7.37,-0.01,13,9581,卖盘
2680,10:47:39,7.38,--,62,45756,买盘
2681,10:47:36,7.38,0.01,25,18450,买盘
2682,10:47:27,7.37,--,58,42746,卖盘
2683,10:47:24,7.37,--,11,8107,卖盘
2684,10:47:21,7.37,-0.01,251,184987,卖盘
2685,10:47:18,7.38,0.01,175,129150,买盘
2686,10:47:15,7.37,-0.01,10,7370,卖盘
2687,10:47:09,7.38,--,35,25830,买盘
2688,10:47:06,7.38,--,412,304056,买盘
2689,10:47:03,7.38,0.01,3,2214,买盘
2690,10:47:00,7.37,--,19,14003,卖盘
2691,10:46:57,7.37,--,120,88440,卖盘
2692,10:46:54,7.37,-0.01,15,11055,卖盘
2693,10:46:51,7.38,0.01,1,738,买盘
2694,10:46:48,7.37,0.01,34,25058,中性盘
2695,10:46:42,7.36,-0.01,24,18392,卖盘
2696,10:46:39,7.37,--,17,12529,买盘
2697,10:46:36,7.37,--,126,92862,买盘
2698,10:46:33,7.37,-0.01,1172,863771,卖盘
2699,10:46:30,7.38,--,2,1476,买盘
2700,10:46:27,7.38,0.01,60,44280,买盘
2701,10:46:24,7.37,--,223,164351,卖盘
2702,10:46:21,7.37,-0.01,68,50116,卖盘
2703,10:46:18,7.38,0.01,110,81180,买盘
2704,10:46:15,7.37,-0.01,29,21373,卖盘
2705,10:46:12,7.38,0.01,11,8118,买盘
2706,10:46:09,7.37,-0.01,10,7370,卖盘
2707,10:46:06,7.38,0.01,10,7380,买盘
2708,10:46:03,7.37,-0.01,17,12529,卖盘
2709,10:46:00,7.38,0.01,213,157194,买盘
2710,10:45:57,7.37,--,10,7370,卖盘
2711,10:45:54,7.37,--,36,26532,卖盘
2712,10:45:51,7.37,--,700,515900,卖盘
2713,10:45:48,7.37,-0.01,11,8107,卖盘
2714,10:45:45,7.38,--,11,8118,买盘
2715,10:45:42,7.38,--,1,738,买盘
2716,10:45:39,7.38,0.01,66,48708,买盘
2717,10:45:36,7.37,-0.01,17,12529,卖盘
2718,10:45:33,7.38,0.01,125,92250,买盘
2719,10:45:30,7.37,--,11,8107,卖盘
2720,10:45:27,7.37,--,234,172458,卖盘
2721,10:45:21,7.37,--,23,16951,卖盘
2722,10:45:18,7.37,--,494,364078,卖盘
2723,10:45:15,7.37,--,11,8107,卖盘
2724,10:45:12,7.37,-0.01,31,22847,卖盘
2725,10:45:09,7.38,0.01,12,8856,买盘
2726,10:45:06,7.37,--,5,3685,卖盘
2727,10:45:03,7.37,--,21,15477,卖盘
2728,10:44:54,7.37,-0.01,11,8107,卖盘
2729,10:44:51,7.38,--,5,3690,买盘
2730,10:44:48,7.38,0.01,11,8118,买盘
2731,10:44:45,7.37,-0.01,4,3014,卖盘
2732,10:44:42,7.38,0.01,11,8118,买盘
2733,10:44:33,7.37,-0.01,74,54538,卖盘
2734,10:44:30,7.38,0.01,334,246492,买盘
2735,10:44:27,7.37,--,4,2948,卖盘
2736,10:44:21,7.37,--,12,8844,卖盘
2737,10:44:12,7.37,--,29,21373,卖盘
2738,10:44:09,7.37,-0.01,202,148874,卖盘
2739,10:44:06,7.38,0.01,27,19926,买盘
2740,10:44:03,7.37,--,7,5159,卖盘
2741,10:44:00,7.37,--,174,128238,卖盘
2742,10:43:57,7.37,-0.01,16,11792,卖盘
2743,10:43:54,7.38,--,35,25830,买盘
2744,10:43:51,7.38,--,1,738,买盘
2745,10:43:48,7.38,0.01,13,9594,买盘
2746,10:43:45,7.37,-0.01,12,8844,卖盘
2747,10:43:42,7.38,0.01,45,33210,买盘
2748,10:43:39,7.37,--,48,35376,卖盘
2749,10:43:36,7.37,--,101,74437,卖盘
2750,10:43:33,7.37,--,451,332387,卖盘
2751,10:43:30,7.37,--,3223,2375351,卖盘
2752,10:43:27,7.37,--,16,11792,卖盘
2753,10:43:24,7.37,--,11,8107,卖盘
2754,10:43:15,7.37,--,10,7370,卖盘
2755,10:43:09,7.37,-0.01,6,4422,卖盘
2756,10:43:03,7.38,--,23,16974,买盘
2757,10:42:57,7.38,0.01,5,3690,买盘
2758,10:42:51,7.37,-0.01,21,15477,卖盘
2759,10:42:48,7.38,--,193,142434,买盘
2760,10:42:45,7.38,--,735,542872,卖盘
2761,10:42:42,7.38,--,34,25092,卖盘
2762,10:42:39,7.38,--,219,161622,卖盘
2763,10:42:36,7.38,--,1177,868626,卖盘
2764,10:42:33,7.38,--,223,164574,卖盘
2765,10:42:30,7.38,--,42,30996,卖盘
2766,10:42:27,7.38,-0.01,9,6642,卖盘
2767,10:42:24,7.39,0.01,144,106416,买盘
2768,10:42:18,7.38,-0.01,20,14760,卖盘
2769,10:42:15,7.39,0.01,33,24387,买盘
2770,10:42:12,7.38,--,238,175644,卖盘
2771,10:42:06,7.38,--,80,59040,卖盘
2772,10:42:03,7.38,--,485,357930,卖盘
2773,10:42:00,7.38,--,5,3690,卖盘
2774,10:41:57,7.38,-0.01,10,7380,卖盘
2775,10:41:54,7.39,--,87,64293,买盘
2776,10:41:51,7.39,0.01,2,1478,买盘
2777,10:41:45,7.38,-0.01,12,8856,卖盘
2778,10:41:39,7.39,0.01,6,4434,买盘
2779,10:41:36,7.38,--,9,6642,卖盘
2780,10:41:33,7.38,-0.01,203,149814,卖盘
2781,10:41:27,7.39,--,5,3695,卖盘
2782,10:41:24,7.39,--,42,31038,卖盘
2783,10:41:15,7.39,--,31,22909,卖盘
2784,10:41:12,7.39,--,12,8868,卖盘
2785,10:41:09,7.39,--,36,26604,卖盘
2786,10:41:06,7.39,--,812,600068,买盘
2787,10:41:00,7.39,--,27,19953,买盘
2788,10:40:54,7.39,0.01,1,739,买盘
2789,10:40:51,7.38,-0.01,24,17712,卖盘
2790,10:40:42,7.39,--,12,8868,买盘
2791,10:40:39,7.39,0.01,226,167014,买盘
2792,10:40:36,7.38,--,223,164574,卖盘
2793,10:40:30,7.38,--,1,738,卖盘
2794,10:40:27,7.38,--,10,7380,卖盘
2795,10:40:21,7.38,-0.01,5,3690,卖盘
2796,10:40:18,7.39,--,24,17736,买盘
2797,10:40:12,7.39,--,21,15519,买盘
2798,10:40:06,7.39,--,14,10346,买盘
2799,10:40:03,7.39,--,1,739,买盘
2800,10:40:00,7.39,0.01,27,19953,买盘
2801,10:39:57,7.38,--,11,8118,卖盘
2802,10:39:54,7.38,--,256,188928,卖盘
2803,10:39:45,7.38,--,11,8118,卖盘
2804,10:39:39,7.38,--,16,11808,卖盘
2805,10:39:36,7.38,--,243,179334,卖盘
2806,10:39:33,7.38,--,11,8118,卖盘
2807,10:39:30,7.38,--,10,7380,卖盘
2808,10:39:21,7.38,-0.01,12,8856,卖盘
2809,10:39:15,7.39,0.01,7,5173,买盘
2810,10:39:12,7.38,-0.01,36,26568,卖盘
2811,10:39:09,7.39,0.01,5,3695,买盘
2812,10:39:06,7.38,-0.01,6,4428,卖盘
2813,10:39:03,7.39,--,141,104199,买盘
2814,10:39:00,7.39,0.01,71,52469,买盘
2815,10:38:57,7.38,-0.01,37,27306,卖盘
2816,10:38:54,7.39,--,123,90897,卖盘
2817,10:38:48,7.39,--,18,13302,买盘
2818,10:38:45,7.39,0.01,5,3695,买盘
2819,10:38:42,7.38,--,14,10332,卖盘
2820,10:38:39,7.38,-0.01,17,12546,卖盘
2821,10:38:36,7.39,0.01,2,1478,买盘
2822,10:38:27,7.38,-0.01,17,12546,卖盘
2823,10:38:24,7.39,-0.01,16,11824,卖盘
2824,10:38:21,7.4,0.01,3,2220,买盘
2825,10:38:15,7.39,0.01,12,8868,中性盘
2826,10:38:09,7.38,-0.01,28,20664,卖盘
2827,10:38:06,7.39,--,11,8129,卖盘
2828,10:38:03,7.39,--,46,33994,卖盘
2829,10:38:00,7.39,--,137,101243,卖盘
2830,10:37:57,7.39,--,11,8129,卖盘
2831,10:37:54,7.39,--,16,11824,中性盘
2832,10:37:51,7.39,--,1,739,买盘
2833,10:37:48,7.39,--,12,8868,买盘
2834,10:37:45,7.39,0.01,7,5173,买盘
2835,10:37:42,7.38,--,51,37638,卖盘
2836,10:37:39,7.38,--,8,5904,卖盘
2837,10:37:36,7.38,--,136,100368,卖盘
2838,10:37:33,7.38,-0.01,117,86346,卖盘
2839,10:37:30,7.39,0.01,14,10346,买盘
2840,10:37:27,7.38,--,41,30258,卖盘
2841,10:37:21,7.38,-0.01,22,16236,卖盘
2842,10:37:18,7.39,0.01,166,122674,买盘
2843,10:37:12,7.38,--,1,738,卖盘
2844,10:37:09,7.38,--,12,8856,卖盘
2845,10:37:06,7.38,--,37,27306,卖盘
2846,10:37:03,7.38,--,10,7380,卖盘
2847,10:37:00,7.38,--,119,87822,卖盘
2848,10:36:57,7.38,--,9,6642,卖盘
2849,10:36:54,7.38,--,157,115866,卖盘
2850,10:36:48,7.38,--,32,23616,卖盘
2851,10:36:45,7.38,--,2,1476,卖盘
2852,10:36:36,7.38,--,11,8118,卖盘
2853,10:36:33,7.38,--,9,6642,卖盘
2854,10:36:30,7.38,--,107,79113,卖盘
2855,10:36:27,7.38,--,15,11070,卖盘
2856,10:36:24,7.38,-0.01,1,738,卖盘
2857,10:36:21,7.39,0.01,2,1478,买盘
2858,10:36:15,7.38,-0.01,17,12546,卖盘
2859,10:36:06,7.39,0.01,2,1478,买盘
2860,10:36:03,7.38,-0.01,11,8118,卖盘
2861,10:36:00,7.39,0.01,9,6651,买盘
2862,10:35:57,7.38,--,17,12546,卖盘
2863,10:35:54,7.38,--,3,2214,卖盘
2864,10:35:51,7.38,-0.01,16,11808,卖盘
2865,10:35:48,7.39,--,59,43601,买盘
2866,10:35:42,7.39,--,67,49513,卖盘
2867,10:35:39,7.39,--,6,4434,卖盘
2868,10:35:36,7.39,--,145,107155,卖盘
2869,10:35:33,7.39,--,10,7390,卖盘
2870,10:35:30,7.39,--,235,173665,卖盘
2871,10:35:27,7.39,--,301,222439,卖盘
2872,10:35:24,7.39,--,10,7390,卖盘
2873,10:35:21,7.39,--,4,2956,卖盘
2874,10:35:18,7.39,--,47,34733,卖盘
2875,10:35:15,7.39,-0.01,8,5912,卖盘
2876,10:35:12,7.4,0.01,146,108040,买盘
2877,10:35:09,7.39,--,20,14780,卖盘
2878,10:35:06,7.39,--,147,108633,卖盘
2879,10:34:57,7.39,-0.01,11,8129,卖盘
2880,10:34:54,7.4,0.01,3,2220,买盘
2881,10:34:45,7.39,--,31,22909,卖盘
2882,10:34:42,7.39,--,13,9607,卖盘
2883,10:34:39,7.39,-0.01,11,8129,卖盘
2884,10:34:36,7.4,0.01,228,168720,买盘
2885,10:34:33,7.39,-0.01,4,2956,卖盘
2886,10:34:30,7.4,--,6,4440,买盘
2887,10:34:24,7.4,0.01,20,14800,买盘
2888,10:34:12,7.39,-0.01,12,8868,卖盘
