,time,price,change,volume,amount,type
0,15:00:03,7.85,0.02,11290,8862650,买盘
1,14:57:00,7.83,--,0,0,卖盘
2,14:56:57,7.83,-0.01,1,783,卖盘
3,14:56:54,7.84,--,133,104671,买盘
4,14:56:51,7.84,0.01,50,39200,买盘
5,14:56:48,7.83,--,30,23490,卖盘
6,14:56:42,7.83,--,75,58725,买盘
7,14:56:39,7.83,--,524,410292,买盘
8,14:56:36,7.83,0.01,237,185571,买盘
9,14:56:33,7.82,-0.01,90,70380,卖盘
10,14:56:30,7.83,0.01,86,67338,买盘
11,14:56:27,7.82,-0.01,13,10166,卖盘
12,14:56:24,7.83,--,47,36801,买盘
13,14:56:21,7.83,--,50,39150,买盘
14,14:56:18,7.83,--,252,197316,买盘
15,14:56:15,7.83,-0.01,746,584118,卖盘
16,14:56:12,7.84,--,14,10976,买盘
17,14:56:09,7.84,--,599,469616,买盘
18,14:56:06,7.84,--,67,52528,买盘
19,14:56:03,7.84,--,142,111328,买盘
20,14:56:00,7.84,--,62,48608,买盘
21,14:55:57,7.84,--,136,106624,买盘
22,14:55:54,7.84,--,56,43904,买盘
23,14:55:51,7.84,-0.01,129,101136,卖盘
24,14:55:48,7.85,--,9524,7476340,买盘
25,14:55:45,7.85,--,38,29830,买盘
26,14:55:42,7.85,--,37,29045,买盘
27,14:55:39,7.85,--,23,18055,买盘
28,14:55:36,7.85,0.01,3,2355,买盘
29,14:55:33,7.84,--,150,117600,卖盘
30,14:55:30,7.84,--,1628,1276352,买盘
31,14:55:27,7.84,--,43,33712,买盘
32,14:55:24,7.84,--,424,332416,买盘
33,14:55:21,7.84,--,129,101136,买盘
34,14:55:18,7.84,--,10,7840,买盘
35,14:55:15,7.84,0.01,323,253232,买盘
36,14:55:12,7.83,-0.01,6,4698,卖盘
37,14:55:09,7.84,0.01,355,278320,买盘
38,14:55:06,7.83,--,419,328077,买盘
39,14:55:03,7.83,--,251,196533,买盘
40,14:55:00,7.83,0.01,811,635013,买盘
41,14:54:57,7.82,-0.01,8,6256,卖盘
42,14:54:54,7.83,0.01,3,2349,买盘
43,14:54:51,7.82,--,135,105570,卖盘
44,14:54:48,7.82,--,1,782,卖盘
45,14:54:45,7.82,-0.01,27,21114,卖盘
46,14:54:42,7.83,0.01,2117,1657611,买盘
47,14:54:39,7.82,--,61,47702,买盘
48,14:54:36,7.82,--,3,2346,买盘
49,14:54:33,7.82,--,4,3128,买盘
50,14:54:30,7.82,0.01,3,2346,买盘
51,14:54:27,7.81,-0.01,25,19525,卖盘
52,14:54:24,7.82,--,206,161092,买盘
53,14:54:21,7.82,--,40,31280,买盘
54,14:54:18,7.82,0.01,22,17204,买盘
55,14:54:15,7.81,-0.01,15,11715,卖盘
56,14:54:12,7.82,--,3,2346,买盘
57,14:54:09,7.82,--,63,49266,买盘
58,14:54:06,7.82,0.01,15,11730,买盘
59,14:54:03,7.81,--,126,98406,卖盘
60,14:54:00,7.81,--,432,337392,买盘
61,14:53:57,7.81,--,25,19525,买盘
62,14:53:54,7.81,--,100,78100,买盘
63,14:53:51,7.81,--,30,23430,买盘
64,14:53:48,7.81,0.01,128,99968,买盘
65,14:53:45,7.8,-0.01,56,43680,卖盘
66,14:53:42,7.81,--,28,21868,买盘
67,14:53:39,7.81,--,8,6248,买盘
68,14:53:36,7.81,0.01,23,17963,买盘
69,14:53:33,7.8,-0.01,65,50700,卖盘
70,14:53:30,7.81,--,14,10934,买盘
71,14:53:27,7.81,--,11,8591,买盘
72,14:53:24,7.81,--,79,61699,买盘
73,14:53:21,7.81,--,35,27335,买盘
74,14:53:18,7.81,--,225,175725,买盘
75,14:53:15,7.81,0.01,88,68728,买盘
76,14:53:12,7.8,-0.01,75,58500,卖盘
77,14:53:09,7.81,0.01,74,57794,买盘
78,14:53:06,7.8,-0.01,37,28860,卖盘
79,14:53:03,7.81,--,33,25773,买盘
80,14:53:00,7.81,0.01,10,7810,买盘
81,14:52:57,7.8,-0.01,221,172380,卖盘
82,14:52:51,7.81,0.01,6,4686,买盘
83,14:52:48,7.8,--,99,77220,卖盘
84,14:52:45,7.8,-0.01,274,213720,卖盘
85,14:52:42,7.81,--,4,3124,买盘
86,14:52:39,7.81,--,45,35145,买盘
87,14:52:36,7.81,--,31,24211,买盘
88,14:52:33,7.81,--,31,24211,买盘
89,14:52:30,7.81,--,147,114807,买盘
90,14:52:27,7.81,0.01,30,23430,买盘
91,14:52:24,7.8,-0.01,46,35880,卖盘
92,14:52:21,7.81,--,18,14058,买盘
93,14:52:18,7.81,--,3,2343,买盘
94,14:52:15,7.81,0.01,162,126522,买盘
95,14:52:12,7.8,--,13,10140,卖盘
96,14:52:09,7.8,-0.01,185,144300,卖盘
97,14:52:06,7.81,--,4,3124,买盘
98,14:52:03,7.81,--,10,7810,买盘
99,14:52:00,7.81,0.01,41,32021,买盘
100,14:51:57,7.8,-0.01,144,112320,卖盘
101,14:51:54,7.81,0.01,171,133551,买盘
102,14:51:51,7.8,--,122,95160,卖盘
103,14:51:48,7.8,-0.01,10,7800,卖盘
104,14:51:42,7.81,0.01,45,35145,买盘
105,14:51:39,7.8,--,70,54600,卖盘
106,14:51:36,7.8,--,17,13260,卖盘
107,14:51:33,7.8,--,498,388440,买盘
108,14:51:30,7.8,--,62,48360,买盘
109,14:51:27,7.8,--,254,198120,买盘
110,14:51:24,7.8,--,47,36660,买盘
111,14:51:21,7.8,0.01,21,16380,买盘
112,14:51:18,7.79,--,21,16359,卖盘
113,14:51:15,7.79,-0.01,1711,1332869,卖盘
114,14:51:12,7.8,-0.01,55,42900,卖盘
115,14:51:09,7.81,--,256,199936,买盘
116,14:51:06,7.81,--,590,460790,买盘
117,14:51:03,7.81,--,1125,878625,买盘
118,14:50:57,7.81,0.01,62,48422,买盘
119,14:50:48,7.8,--,35,27300,卖盘
120,14:50:45,7.8,-0.01,6,4680,卖盘
121,14:50:42,7.81,0.01,44,34364,买盘
122,14:50:39,7.8,--,846,659880,卖盘
123,14:50:36,7.8,-0.01,15,11700,卖盘
124,14:50:30,7.81,0.01,9,7029,买盘
125,14:50:27,7.8,--,10,7800,卖盘
126,14:50:24,7.8,-0.01,4,3120,卖盘
127,14:50:21,7.81,--,2,1562,买盘
128,14:50:18,7.81,0.01,43,33583,买盘
129,14:50:15,7.8,--,60,46800,卖盘
130,14:50:06,7.8,-0.01,293,228540,卖盘
131,14:50:03,7.81,0.01,51,39831,买盘
132,14:50:00,7.8,-0.01,7,5460,卖盘
133,14:49:57,7.81,--,17,13277,买盘
134,14:49:54,7.81,--,3,2343,买盘
135,14:49:51,7.81,0.01,40,31240,买盘
136,14:49:48,7.8,-0.01,5,3900,卖盘
137,14:49:45,7.81,--,8,6248,买盘
138,14:49:42,7.81,0.01,26,20306,买盘
139,14:49:39,7.8,0.01,2077,1620060,买盘
140,14:49:36,7.79,-0.01,55,42845,卖盘
141,14:49:33,7.8,--,70,54600,买盘
142,14:49:30,7.8,0.01,2,1560,买盘
143,14:49:24,7.79,--,115,89585,卖盘
144,14:49:21,7.79,--,10,7790,卖盘
145,14:49:18,7.79,-0.01,9,7011,卖盘
146,14:49:15,7.8,--,106,82680,买盘
147,14:49:12,7.8,--,44,34320,买盘
148,14:49:09,7.8,0.01,51,39780,买盘
149,14:49:06,7.79,--,19,14801,买盘
150,14:49:03,7.79,--,25,19475,买盘
151,14:49:00,7.79,0.01,144,112176,买盘
152,14:48:57,7.78,-0.01,47,36566,卖盘
153,14:48:51,7.79,--,11,8569,买盘
154,14:48:48,7.79,--,66,51414,买盘
155,14:48:42,7.79,0.01,15,11685,卖盘
156,14:48:39,7.78,--,19,14782,卖盘
157,14:48:36,7.78,-0.01,1911,1486758,卖盘
158,14:48:33,7.79,--,940,732384,买盘
159,14:48:30,7.79,--,112,87248,买盘
160,14:48:27,7.79,0.01,10,7790,买盘
161,14:48:24,7.78,-0.01,322,250516,卖盘
162,14:48:21,7.79,--,37,28823,买盘
163,14:48:18,7.79,0.01,108,84132,买盘
164,14:48:15,7.78,--,48,37344,卖盘
165,14:48:12,7.78,-0.01,159,123702,卖盘
166,14:48:09,7.79,--,544,423776,买盘
167,14:48:06,7.79,--,30,23370,买盘
168,14:48:03,7.79,--,120,93480,买盘
169,14:48:00,7.79,--,6,4674,买盘
170,14:47:57,7.79,--,22,17138,买盘
171,14:47:54,7.79,--,31,24149,买盘
172,14:47:51,7.79,--,86,66994,买盘
173,14:47:48,7.79,--,1158,902082,卖盘
174,14:47:45,7.79,-0.01,51,39729,卖盘
175,14:47:42,7.8,0.02,1061,827580,买盘
176,14:47:39,7.78,-0.01,47,36566,卖盘
177,14:47:36,7.79,0.01,34,26486,买盘
178,14:47:33,7.78,--,51,39678,卖盘
179,14:47:30,7.78,-0.01,5,3890,卖盘
180,14:47:27,7.79,0.01,246,191634,买盘
181,14:47:24,7.78,--,38,29564,卖盘
182,14:47:21,7.78,-0.01,3,2334,卖盘
183,14:47:18,7.79,--,4,3116,买盘
184,14:47:15,7.79,--,97,75563,买盘
185,14:47:12,7.79,0.01,21,16359,买盘
186,14:47:09,7.78,--,372,289416,卖盘
187,14:47:06,7.78,-0.01,91,70798,卖盘
188,14:47:03,7.79,--,312,243048,买盘
189,14:46:57,7.79,0.01,320,249280,买盘
190,14:46:54,7.78,-0.01,17,13226,卖盘
191,14:46:51,7.79,0.01,16,12464,买盘
192,14:46:48,7.78,--,5,3890,卖盘
193,14:46:45,7.78,-0.01,81,63018,卖盘
194,14:46:42,7.79,--,5,3895,买盘
195,14:46:39,7.79,0.01,31,24149,买盘
196,14:46:36,7.78,--,3,2334,卖盘
197,14:46:33,7.78,-0.01,70,54460,卖盘
198,14:46:30,7.79,0.01,5,3895,买盘
199,14:46:24,7.78,-0.01,81,63018,卖盘
200,14:46:21,7.79,--,28,21812,买盘
201,14:46:18,7.79,0.01,14,10906,买盘
202,14:46:15,7.78,--,71,55238,卖盘
203,14:46:12,7.78,--,75,58350,卖盘
204,14:46:09,7.78,--,33,25674,卖盘
205,14:46:06,7.78,-0.01,21,16338,卖盘
206,14:46:03,7.79,0.01,132,102828,买盘
207,14:46:00,7.78,-0.01,66,51348,卖盘
208,14:45:54,7.79,--,34,26486,买盘
209,14:45:51,7.79,0.01,69,53751,买盘
210,14:45:48,7.78,-0.01,125,97250,卖盘
211,14:45:45,7.79,--,10,7790,买盘
212,14:45:42,7.79,--,11,8569,买盘
213,14:45:39,7.79,--,267,207993,买盘
214,14:45:36,7.79,--,51,39729,卖盘
215,14:45:33,7.79,--,4,3116,卖盘
216,14:45:30,7.79,--,144,112176,卖盘
217,14:45:27,7.79,--,286,222794,卖盘
218,14:45:24,7.79,--,361,281219,买盘
219,14:45:21,7.79,0.01,30,23370,买盘
220,14:45:18,7.78,--,73,56794,卖盘
221,14:45:15,7.78,--,12,9336,卖盘
222,14:45:09,7.78,--,5,3890,卖盘
223,14:45:06,7.78,-0.01,164,127592,卖盘
224,14:45:03,7.79,0.01,249,193971,买盘
225,14:45:00,7.78,-0.01,394,306532,卖盘
226,14:44:57,7.79,--,35,27265,买盘
227,14:44:54,7.79,--,107,83353,买盘
228,14:44:51,7.79,--,108,84132,买盘
229,14:44:48,7.79,0.01,60,46740,买盘
230,14:44:45,7.78,--,11,8558,卖盘
231,14:44:42,7.78,-0.01,146,113588,卖盘
232,14:44:39,7.79,0.01,37,28823,买盘
233,14:44:36,7.78,--,10,7780,卖盘
234,14:44:33,7.78,-0.01,71,55238,卖盘
235,14:44:30,7.79,0.01,45,35055,买盘
236,14:44:27,7.78,-0.01,95,73910,卖盘
237,14:44:24,7.79,0.01,40,31160,买盘
238,14:44:21,7.78,-0.01,62,48236,卖盘
239,14:44:18,7.79,--,13,10127,买盘
240,14:44:15,7.79,0.01,1,779,买盘
241,14:44:12,7.78,--,6,4668,卖盘
242,14:44:09,7.78,-0.01,130,101140,卖盘
243,14:44:06,7.79,--,47,36613,买盘
244,14:44:03,7.79,--,7,5453,买盘
245,14:44:00,7.79,--,93,72447,买盘
246,14:43:54,7.79,0.01,22,17138,买盘
247,14:43:51,7.78,-0.01,14,10892,卖盘
248,14:43:48,7.79,0.01,89,69331,买盘
249,14:43:45,7.78,-0.01,13,10114,卖盘
250,14:43:42,7.79,0.01,26,20254,买盘
251,14:43:39,7.78,--,76,59128,卖盘
252,14:43:36,7.78,-0.01,45,35010,卖盘
253,14:43:33,7.79,-0.01,1248,972192,卖盘
254,14:43:30,7.8,0.01,366,285480,买盘
255,14:43:27,7.79,-0.01,59,45961,卖盘
256,14:43:24,7.8,0.01,1,780,买盘
257,14:43:18,7.79,--,58,45182,卖盘
258,14:43:15,7.79,--,121,94259,卖盘
259,14:43:12,7.79,--,15,11685,卖盘
260,14:43:09,7.79,--,2,1558,卖盘
261,14:43:06,7.79,--,69,53751,卖盘
262,14:43:03,7.79,-0.01,10,7790,卖盘
263,14:43:00,7.8,0.01,13,10140,买盘
264,14:42:57,7.79,-0.01,20,15580,卖盘
265,14:42:54,7.8,0.01,77,60060,买盘
266,14:42:51,7.79,--,15,11685,卖盘
267,14:42:48,7.79,--,38,29602,卖盘
268,14:42:45,7.79,--,561,437019,卖盘
269,14:42:42,7.79,-0.01,3,2337,卖盘
270,14:42:39,7.8,--,1,780,买盘
271,14:42:36,7.8,0.01,8,6240,买盘
272,14:42:33,7.79,-0.01,75,58425,卖盘
273,14:42:30,7.8,0.01,490,382200,买盘
274,14:42:24,7.79,--,21,16359,买盘
275,14:42:21,7.79,--,153,119187,买盘
276,14:42:18,7.79,0.01,171,133209,买盘
277,14:42:15,7.78,-0.01,48,37344,卖盘
278,14:42:12,7.79,0.01,49,38171,买盘
279,14:42:09,7.78,-0.01,81,63018,卖盘
280,14:42:06,7.79,0.01,63,49077,买盘
281,14:42:03,7.78,--,8,6224,卖盘
282,14:42:00,7.78,--,13,10114,卖盘
283,14:41:57,7.78,-0.01,64,49792,卖盘
284,14:41:54,7.79,0.01,33,25707,买盘
285,14:41:51,7.78,--,6,4668,卖盘
286,14:41:48,7.78,-0.01,232,180496,卖盘
287,14:41:45,7.79,0.01,15,11685,买盘
288,14:41:42,7.78,-0.01,41,31898,卖盘
289,14:41:39,7.79,--,14,10906,卖盘
290,14:41:36,7.79,--,160,124640,卖盘
291,14:41:30,7.79,--,11,8569,卖盘
292,14:41:27,7.79,--,1,779,卖盘
293,14:41:24,7.79,--,8,6232,卖盘
294,14:41:21,7.79,--,5,3895,卖盘
295,14:41:18,7.79,0.01,56,43624,卖盘
296,14:41:15,7.78,--,24,18672,卖盘
297,14:41:12,7.78,-0.01,838,651964,卖盘
298,14:41:09,7.79,0.01,26,20254,买盘
299,14:41:06,7.78,-0.01,107,83246,卖盘
300,14:41:03,7.79,0.01,33,25707,买盘
301,14:41:00,7.78,--,64,49792,卖盘
302,14:40:57,7.78,--,101,78578,卖盘
303,14:40:51,7.78,-0.01,73,56794,卖盘
304,14:40:48,7.79,--,155,120745,买盘
305,14:40:45,7.79,--,33,25707,买盘
306,14:40:42,7.79,--,264,205656,买盘
307,14:40:39,7.79,0.01,8,6232,买盘
308,14:40:36,7.78,-0.01,79,61462,卖盘
309,14:40:33,7.79,0.01,84,65436,买盘
310,14:40:30,7.78,-0.01,22,17116,卖盘
311,14:40:27,7.79,--,143,111397,买盘
312,14:40:24,7.79,0.01,5,3895,买盘
313,14:40:21,7.78,-0.01,27,21006,卖盘
314,14:40:18,7.79,0.01,376,292904,买盘
315,14:40:15,7.78,--,64,49792,卖盘
316,14:40:12,7.78,--,132,102696,卖盘
317,14:40:09,7.78,-0.01,1,778,卖盘
318,14:40:06,7.79,--,19,14801,买盘
319,14:40:03,7.79,--,79,61541,买盘
320,14:39:57,7.79,--,19,14801,买盘
321,14:39:54,7.79,0.01,128,99712,买盘
322,14:39:51,7.78,-0.01,69,53682,卖盘
323,14:39:48,7.79,--,76,59204,买盘
324,14:39:45,7.79,--,11,8569,买盘
325,14:39:42,7.79,--,182,141778,买盘
326,14:39:39,7.79,--,225,175275,买盘
327,14:39:36,7.79,0.01,17,13243,买盘
328,14:39:33,7.78,-0.01,27,21006,卖盘
329,14:39:30,7.79,0.01,35,27265,买盘
330,14:39:27,7.78,--,287,223286,卖盘
331,14:39:24,7.78,--,74,57572,卖盘
332,14:39:18,7.78,-0.01,43,33454,卖盘
333,14:39:15,7.79,0.01,108,84132,买盘
334,14:39:12,7.78,-0.01,323,251294,卖盘
335,14:39:09,7.79,0.01,25,19475,买盘
336,14:39:06,7.78,-0.01,82,63796,卖盘
337,14:39:03,7.79,0.01,2163,1684977,买盘
338,14:39:00,7.78,--,69,53682,卖盘
339,14:38:57,7.78,-0.01,87,67686,卖盘
340,14:38:54,7.79,0.01,40,31160,买盘
341,14:38:51,7.78,--,74,57572,卖盘
342,14:38:48,7.78,--,42,32676,卖盘
343,14:38:45,7.78,-0.01,68,52904,卖盘
344,14:38:42,7.79,0.01,82,63878,买盘
345,14:38:39,7.78,--,104,80912,卖盘
346,14:38:36,7.78,--,13,10114,卖盘
347,14:38:33,7.78,--,95,73910,卖盘
348,14:38:30,7.78,-0.01,215,167270,卖盘
349,14:38:27,7.79,0.01,1,779,买盘
350,14:38:24,7.78,--,145,112810,卖盘
351,14:38:21,7.78,--,3,2334,卖盘
352,14:38:18,7.78,--,53,41234,卖盘
353,14:38:15,7.78,-0.01,17,13226,卖盘
354,14:38:12,7.79,--,89,69331,买盘
355,14:38:09,7.79,--,28,21812,买盘
356,14:38:06,7.79,0.01,23,17917,买盘
357,14:38:03,7.78,--,948,737544,卖盘
358,14:38:00,7.78,--,149,115922,卖盘
359,14:37:57,7.78,--,76,59128,卖盘
360,14:37:54,7.78,-0.01,35,27230,卖盘
361,14:37:51,7.79,0.01,85,66215,买盘
362,14:37:48,7.78,--,4,3112,卖盘
363,14:37:45,7.78,-0.01,12,9336,卖盘
364,14:37:42,7.79,0.01,7,5453,买盘
365,14:37:39,7.78,--,78,60684,卖盘
366,14:37:36,7.78,--,13,10114,卖盘
367,14:37:33,7.78,-0.01,70,54460,卖盘
368,14:37:30,7.79,--,20,15580,买盘
369,14:37:27,7.79,--,3,2337,买盘
370,14:37:24,7.79,0.01,127,98933,买盘
371,14:37:21,7.78,--,53,41234,卖盘
372,14:37:18,7.78,-0.01,12,9336,卖盘
373,14:37:15,7.79,--,243,189297,买盘
374,14:37:12,7.79,0.01,79,61541,买盘
375,14:37:09,7.78,-0.01,27,21006,卖盘
376,14:37:06,7.79,0.01,47,36613,买盘
377,14:37:03,7.78,-0.01,4,3112,卖盘
378,14:37:00,7.79,--,44,34276,买盘
379,14:36:57,7.79,0.01,20,15580,买盘
380,14:36:51,7.78,-0.01,90,70020,卖盘
381,14:36:48,7.79,-0.01,2321,1808059,卖盘
382,14:36:45,7.8,--,14,10920,买盘
383,14:36:42,7.8,0.01,510,397800,买盘
384,14:36:39,7.79,--,100,77900,卖盘
385,14:36:36,7.79,-0.01,67,52193,卖盘
386,14:36:33,7.8,0.01,44,34320,买盘
387,14:36:27,7.79,--,146,113734,卖盘
388,14:36:24,7.79,--,256,199424,卖盘
389,14:36:21,7.79,--,311,242269,卖盘
390,14:36:18,7.79,-0.01,32,24928,卖盘
391,14:36:15,7.8,0.01,85,66300,买盘
392,14:36:12,7.79,--,76,59204,卖盘
393,14:36:09,7.79,--,19,14801,卖盘
394,14:36:06,7.79,--,12,9348,卖盘
395,14:36:03,7.79,--,134,104386,卖盘
396,14:35:57,7.79,-0.01,66,51414,卖盘
397,14:35:54,7.8,--,27,21060,买盘
398,14:35:51,7.8,0.01,302,235560,买盘
399,14:35:48,7.79,--,73,56867,卖盘
400,14:35:45,7.79,--,14,10906,卖盘
401,14:35:42,7.79,-0.01,77,59983,卖盘
402,14:35:39,7.8,0.01,28,21840,买盘
403,14:35:36,7.79,-0.01,1,779,卖盘
404,14:35:30,7.8,0.01,73,56940,买盘
405,14:35:27,7.79,--,65,50635,卖盘
406,14:35:24,7.79,-0.01,12,9348,卖盘
407,14:35:21,7.8,--,292,227970,卖盘
408,14:35:18,7.8,--,10,7800,卖盘
409,14:35:12,7.8,--,20,15600,卖盘
410,14:35:09,7.8,--,48,37440,卖盘
411,14:35:06,7.8,--,88,68640,卖盘
412,14:35:03,7.8,-0.01,533,415740,卖盘
413,14:35:00,7.81,0.01,234,182754,买盘
414,14:34:57,7.8,--,76,59280,卖盘
415,14:34:54,7.8,--,3,2340,卖盘
416,14:34:51,7.8,-0.01,23,17940,卖盘
417,14:34:48,7.81,--,15,11715,买盘
418,14:34:45,7.81,--,146,114026,买盘
419,14:34:42,7.81,0.01,1,781,买盘
420,14:34:36,7.8,--,4,3120,卖盘
421,14:34:33,7.8,--,23,17940,卖盘
422,14:34:30,7.8,--,70,54600,卖盘
423,14:34:27,7.8,--,15,11700,卖盘
424,14:34:24,7.8,-0.01,17,13260,卖盘
425,14:34:21,7.81,--,164,128084,买盘
426,14:34:18,7.81,--,31,24211,买盘
427,14:34:15,7.81,0.01,31,24211,买盘
428,14:34:09,7.8,--,34,26520,卖盘
429,14:34:06,7.8,--,903,704909,买盘
430,14:34:03,7.8,--,33,25740,买盘
431,14:34:00,7.8,0.01,52,40560,买盘
432,14:33:57,7.79,--,72,56088,卖盘
433,14:33:51,7.79,--,7,5453,卖盘
434,14:33:48,7.79,--,619,482201,卖盘
435,14:33:45,7.79,-0.01,4,3116,卖盘
436,14:33:42,7.8,0.01,6,4680,买盘
437,14:33:39,7.79,--,92,71668,卖盘
438,14:33:36,7.79,--,1,779,卖盘
439,14:33:33,7.79,--,7,5453,卖盘
440,14:33:30,7.79,--,32,24928,卖盘
441,14:33:27,7.79,-0.01,6,4674,卖盘
442,14:33:24,7.8,0.01,128,99840,买盘
443,14:33:21,7.79,--,69,53751,卖盘
444,14:33:18,7.79,--,79,61541,卖盘
445,14:33:15,7.79,--,66,51414,卖盘
446,14:33:12,7.79,-0.01,51,39729,卖盘
447,14:33:06,7.8,0.01,38,29640,买盘
448,14:33:03,7.79,-0.01,10,7790,卖盘
449,14:33:00,7.8,0.01,64,49920,买盘
450,14:32:57,7.79,-0.01,4,3116,卖盘
451,14:32:54,7.8,--,2,1560,买盘
452,14:32:51,7.8,--,83,64740,买盘
453,14:32:48,7.8,--,606,472890,卖盘
454,14:32:45,7.8,--,123,95940,卖盘
455,14:32:42,7.8,--,70,54600,卖盘
456,14:32:39,7.8,--,87,67860,卖盘
457,14:32:33,7.8,-0.01,3,2340,卖盘
458,14:32:30,7.81,0.01,80,62480,买盘
459,14:32:27,7.8,--,20,15600,卖盘
460,14:32:24,7.8,-0.01,8,6240,卖盘
461,14:32:21,7.81,--,134,104654,买盘
462,14:32:18,7.81,0.01,16,12496,买盘
463,14:32:12,7.8,--,110,85800,卖盘
464,14:32:09,7.8,--,21,16949,卖盘
465,14:32:06,7.8,--,199,155220,卖盘
466,14:32:03,7.8,--,267,208260,卖盘
467,14:32:00,7.8,--,64,49920,卖盘
468,14:31:57,7.8,--,15,11700,卖盘
469,14:31:54,7.8,--,99,77220,卖盘
470,14:31:51,7.8,--,86,67080,卖盘
471,14:31:42,7.8,-0.01,67,52260,卖盘
472,14:31:39,7.81,--,23,17963,买盘
473,14:31:33,7.81,0.01,13,10153,买盘
474,14:31:30,7.8,--,71,55380,卖盘
475,14:31:27,7.8,--,277,216060,卖盘
476,14:31:24,7.8,-0.01,74,57720,卖盘
477,14:31:21,7.81,0.01,217,169477,买盘
478,14:31:18,7.8,--,3,2340,卖盘
479,14:31:15,7.8,--,5,3900,卖盘
480,14:31:12,7.8,-0.01,15,11700,卖盘
481,14:31:06,7.81,--,61,47641,买盘
482,14:31:03,7.81,0.01,36,28116,买盘
483,14:31:00,7.8,--,130,101400,卖盘
484,14:30:57,7.8,0.01,7,5460,中性盘
485,14:30:54,7.79,-0.01,58,45182,卖盘
486,14:30:51,7.8,0.01,84,65520,买盘
487,14:30:48,7.79,--,24,18696,卖盘
488,14:30:45,7.79,-0.02,117,91143,卖盘
489,14:30:42,7.81,0.02,67,52327,买盘
490,14:30:39,7.79,-0.01,127,98933,卖盘
491,14:30:36,7.8,--,54,42120,买盘
492,14:30:33,7.8,0.01,31,24180,买盘
493,14:30:30,7.79,--,3,2337,卖盘
494,14:30:27,7.79,-0.01,2,1558,卖盘
495,14:30:24,7.8,0.01,99,77220,买盘
496,14:30:21,7.79,-0.01,34,26486,卖盘
497,14:30:18,7.8,--,6,4680,中性盘
498,14:30:15,7.8,--,184,143520,卖盘
499,14:30:09,7.8,--,3,2340,卖盘
500,14:30:06,7.8,--,65,50700,卖盘
501,14:30:03,7.8,--,105,81900,卖盘
502,14:30:00,7.8,-0.01,87,67860,卖盘
503,14:29:54,7.81,0.01,125,97625,买盘
504,14:29:51,7.8,--,31,24180,卖盘
505,14:29:48,7.8,--,300,234000,卖盘
506,14:29:45,7.8,--,8,6240,卖盘
507,14:29:42,7.8,--,32,24960,卖盘
508,14:29:39,7.8,--,15,11700,卖盘
509,14:29:30,7.8,--,3,2340,卖盘
510,14:29:24,7.8,--,4,3120,卖盘
511,14:29:21,7.8,--,142,110760,卖盘
512,14:29:18,7.8,--,899,701220,卖盘
513,14:29:09,7.8,--,1,780,卖盘
514,14:29:06,7.8,--,74,57720,卖盘
515,14:29:03,7.8,--,7,5460,卖盘
516,14:29:00,7.8,--,64,49920,卖盘
517,14:28:57,7.8,--,81,63180,卖盘
518,14:28:51,7.8,0.01,14,10920,卖盘
519,14:28:45,7.79,-0.02,176,137104,卖盘
520,14:28:42,7.81,0.01,241,188221,买盘
521,14:28:39,7.8,--,486,379080,卖盘
522,14:28:36,7.8,--,20,15600,卖盘
523,14:28:33,7.8,--,4,3120,卖盘
524,14:28:30,7.8,--,88,68640,卖盘
525,14:28:27,7.8,-0.01,50,39000,卖盘
526,14:28:24,7.81,0.01,11,8591,买盘
527,14:28:21,7.8,--,66,51480,卖盘
528,14:28:18,7.8,-0.01,15,11700,卖盘
529,14:28:15,7.81,--,3,2343,买盘
530,14:28:12,7.81,--,40,31240,买盘
531,14:28:09,7.81,0.01,113,88253,买盘
532,14:28:06,7.8,--,6,4680,卖盘
533,14:28:03,7.8,--,194,151320,卖盘
534,14:27:57,7.8,--,1,780,卖盘
535,14:27:54,7.8,--,1,780,卖盘
536,14:27:51,7.8,--,2,1560,卖盘
537,14:27:48,7.8,--,19,14820,卖盘
538,14:27:45,7.8,-0.01,98,76440,卖盘
539,14:27:42,7.81,0.01,240,187440,买盘
540,14:27:39,7.8,--,4,3120,卖盘
541,14:27:36,7.8,-0.01,65,50700,卖盘
542,14:27:33,7.81,--,52,40612,买盘
543,14:27:30,7.81,--,5,3905,买盘
544,14:27:24,7.81,0.02,314,245234,买盘
545,14:27:21,7.79,--,68,52972,卖盘
546,14:27:18,7.79,-0.01,3,2337,卖盘
547,14:27:15,7.8,--,24,18720,卖盘
548,14:27:12,7.8,0.01,39,30420,买盘
549,14:27:09,7.79,-0.01,137,106723,卖盘
550,14:27:06,7.8,--,9,7020,卖盘
551,14:27:03,7.8,--,41,31980,卖盘
552,14:27:00,7.8,--,78,60840,卖盘
553,14:26:57,7.8,--,3,2340,卖盘
554,14:26:54,7.8,--,64,49920,卖盘
555,14:26:51,7.8,--,41,31980,卖盘
556,14:26:48,7.8,--,52,40560,卖盘
557,14:26:45,7.8,-0.01,5,3900,卖盘
558,14:26:42,7.81,0.01,71,55451,买盘
559,14:26:39,7.8,0.01,307,239460,买盘
560,14:26:36,7.79,--,53,41287,卖盘
561,14:26:33,7.79,--,76,59204,卖盘
562,14:26:30,7.79,--,26,20254,卖盘
563,14:26:27,7.79,-0.01,20,15580,卖盘
564,14:26:24,7.8,--,81,63180,买盘
565,14:26:21,7.8,--,76,59280,买盘
566,14:26:15,7.8,--,215,167700,卖盘
567,14:26:09,7.8,--,25,19500,卖盘
568,14:26:06,7.8,--,27,21060,卖盘
569,14:26:03,7.8,--,53,41340,卖盘
570,14:26:00,7.8,-0.01,89,69420,卖盘
571,14:25:57,7.81,0.01,26,20306,买盘
572,14:25:51,7.8,--,7,5460,卖盘
573,14:25:48,7.8,--,24,18720,卖盘
574,14:25:45,7.8,-0.01,223,173940,卖盘
575,14:25:42,7.81,--,4,3124,买盘
576,14:25:39,7.81,0.01,2,1562,买盘
577,14:25:36,7.8,--,15,11700,卖盘
578,14:25:30,7.8,-0.01,40,31200,卖盘
579,14:25:27,7.81,0.01,23,17963,买盘
580,14:25:24,7.8,--,5,3900,卖盘
581,14:25:21,7.8,--,5,3900,卖盘
582,14:25:18,7.8,--,68,53040,卖盘
583,14:25:15,7.8,--,4,3120,卖盘
584,14:25:12,7.8,--,238,185640,卖盘
585,14:25:09,7.8,--,206,160680,卖盘
586,14:25:06,7.8,--,86,67080,卖盘
587,14:25:03,7.8,--,21,16380,卖盘
588,14:24:57,7.8,--,3,2340,卖盘
589,14:24:51,7.8,--,29,22620,卖盘
590,14:24:48,7.8,--,10,7800,卖盘
591,14:24:45,7.8,-0.01,289,225420,卖盘
592,14:24:42,7.81,0.01,1,781,买盘
593,14:24:39,7.8,--,7,5460,卖盘
594,14:24:36,7.8,-0.01,516,402480,卖盘
595,14:24:33,7.81,0.01,120,93720,买盘
596,14:24:30,7.8,--,12,9360,卖盘
597,14:24:27,7.8,-0.01,3,2340,卖盘
598,14:24:24,7.81,0.01,12,9372,买盘
599,14:24:21,7.8,-0.01,67,52260,卖盘
600,14:24:18,7.81,0.01,13,10153,买盘
601,14:24:12,7.8,--,17,13260,卖盘
602,14:24:09,7.8,--,5,3900,卖盘
603,14:24:06,7.8,-0.01,26,20280,卖盘
604,14:24:03,7.81,--,180,140580,买盘
605,14:23:57,7.81,--,153,119493,买盘
606,14:23:54,7.81,0.01,19,14839,买盘
607,14:23:45,7.8,-0.01,1,780,卖盘
608,14:23:42,7.81,--,1,781,买盘
609,14:23:39,7.81,0.01,45,35145,买盘
610,14:23:36,7.8,--,2,1560,卖盘
611,14:23:33,7.8,--,38,29640,卖盘
612,14:23:30,7.8,-0.01,15,11700,卖盘
613,14:23:27,7.81,0.01,19,14839,买盘
614,14:23:24,7.8,-0.01,7,5460,卖盘
615,14:23:21,7.81,0.01,106,82786,买盘
616,14:23:18,7.8,-0.01,66,51480,卖盘
617,14:23:15,7.81,0.01,1,781,买盘
618,14:23:09,7.8,--,73,56940,卖盘
619,14:23:06,7.8,-0.01,21,16380,卖盘
620,14:23:03,7.81,0.01,101,78881,买盘
621,14:23:00,7.8,--,7,5460,卖盘
622,14:22:54,7.8,-0.01,49,38220,卖盘
623,14:22:48,7.81,0.01,11,8591,买盘
624,14:22:45,7.8,--,161,125580,卖盘
625,14:22:42,7.8,-0.01,165,128700,卖盘
626,14:22:39,7.81,0.01,50,39050,买盘
627,14:22:33,7.8,-0.01,9,7020,卖盘
628,14:22:30,7.81,0.01,7,5467,买盘
629,14:22:27,7.8,-0.01,53,41340,卖盘
630,14:22:24,7.81,--,4,3124,买盘
631,14:22:21,7.81,0.01,6,4686,买盘
632,14:22:18,7.8,-0.01,81,63180,卖盘
633,14:22:15,7.81,0.01,27,21087,中性盘
634,14:22:09,7.8,--,133,103740,卖盘
635,14:22:06,7.8,-0.02,9,7020,卖盘
636,14:22:03,7.82,0.02,363,283866,买盘
637,14:22:00,7.8,-0.01,15,11700,卖盘
638,14:21:57,7.81,--,10,7810,买盘
639,14:21:51,7.81,0.01,60,46860,买盘
640,14:21:48,7.8,--,22,17160,卖盘
641,14:21:45,7.8,-0.01,9,7020,卖盘
642,14:21:42,7.81,--,7,5467,买盘
643,14:21:39,7.81,0.01,93,72633,买盘
644,14:21:36,7.8,--,137,106860,卖盘
645,14:21:33,7.8,--,5,3900,卖盘
646,14:21:30,7.8,--,100,78000,卖盘
647,14:21:27,7.8,-0.01,19,14820,卖盘
648,14:21:24,7.81,0.01,1,781,买盘
649,14:21:18,7.8,--,71,55380,卖盘
650,14:21:15,7.8,--,29,22620,卖盘
651,14:21:12,7.8,--,200,156000,卖盘
652,14:21:09,7.8,--,72,56160,卖盘
653,14:21:06,7.8,-0.01,5,3900,卖盘
654,14:21:03,7.81,0.01,6,4686,买盘
655,14:21:00,7.8,--,220,171600,卖盘
656,14:20:57,7.8,--,123,95940,卖盘
657,14:20:54,7.8,--,23,17940,卖盘
658,14:20:51,7.8,--,33,25740,卖盘
659,14:20:48,7.8,--,5,3900,卖盘
660,14:20:42,7.8,--,2,1560,卖盘
661,14:20:39,7.8,--,6,4680,卖盘
662,14:20:36,7.8,0.01,5,3900,中性盘
663,14:20:33,7.79,--,344,267976,卖盘
664,14:20:30,7.79,-0.01,3,2337,卖盘
665,14:20:27,7.8,0.01,43,33540,买盘
666,14:20:24,7.79,-0.01,20,15580,卖盘
667,14:20:21,7.8,0.01,84,65520,买盘
668,14:20:18,7.79,--,175,136325,卖盘
669,14:20:15,7.79,--,57,44403,卖盘
670,14:20:12,7.79,--,174,135546,卖盘
671,14:20:09,7.79,--,6,4674,卖盘
672,14:20:06,7.79,-0.01,79,61541,卖盘
673,14:20:03,7.8,--,1,780,买盘
674,14:20:00,7.8,0.01,44,34320,买盘
675,14:19:57,7.79,--,14,10906,卖盘
676,14:19:54,7.79,--,1001,779779,卖盘
677,14:19:51,7.79,-0.01,7,5453,卖盘
678,14:19:48,7.8,0.01,52,40560,买盘
679,14:19:45,7.79,-0.01,20,15580,卖盘
680,14:19:42,7.8,0.01,5,3900,买盘
681,14:19:36,7.79,-0.01,21,16359,卖盘
682,14:19:33,7.8,--,224,174720,买盘
683,14:19:30,7.8,0.01,4385,3420300,买盘
684,14:19:27,7.79,--,4,3116,卖盘
685,14:19:24,7.79,--,49,38171,卖盘
686,14:19:21,7.79,--,175,136325,卖盘
687,14:19:18,7.79,--,25,19475,卖盘
688,14:19:15,7.79,--,71,55309,卖盘
689,14:19:12,7.79,-0.01,117,91143,卖盘
690,14:19:09,7.8,--,17,13260,买盘
691,14:19:06,7.8,--,7,5460,买盘
692,14:19:03,7.8,--,140,109200,卖盘
693,14:19:00,7.8,--,4677,3648060,卖盘
694,14:18:57,7.8,-0.01,27,21060,卖盘
695,14:18:54,7.81,0.01,106,82786,买盘
696,14:18:51,7.8,--,2,1560,卖盘
697,14:18:48,7.8,--,15,11700,卖盘
698,14:18:45,7.8,-0.02,1322,1031160,卖盘
699,14:18:42,7.82,0.01,2,1564,买盘
700,14:18:39,7.81,-0.01,4,3124,卖盘
701,14:18:36,7.82,0.01,50,39100,买盘
702,14:18:30,7.81,--,103,80443,卖盘
703,14:18:27,7.81,-0.02,3175,2480010,卖盘
704,14:18:24,7.83,0.01,15,11745,买盘
705,14:18:21,7.82,--,2,1564,卖盘
706,14:18:18,7.82,-0.01,59,46138,卖盘
707,14:18:15,7.83,0.01,1,783,买盘
708,14:18:12,7.82,--,102,79764,卖盘
709,14:18:09,7.82,--,252,197064,卖盘
710,14:18:06,7.82,-0.01,2,1564,卖盘
711,14:18:03,7.83,0.01,1,783,买盘
712,14:18:00,7.82,--,334,261188,卖盘
713,14:17:57,7.82,--,33,25806,卖盘
714,14:17:54,7.82,--,3,2346,卖盘
715,14:17:51,7.82,--,24,18768,卖盘
716,14:17:48,7.82,--,17,13294,卖盘
717,14:17:45,7.82,-0.01,3,2346,卖盘
718,14:17:42,7.83,0.01,6,4698,买盘
719,14:17:39,7.82,--,114,89148,卖盘
720,14:17:36,7.82,-0.01,376,294032,卖盘
721,14:17:33,7.83,0.01,10,7830,买盘
722,14:17:30,7.82,-0.01,23,17986,卖盘
723,14:17:27,7.83,0.01,34,26622,买盘
724,14:17:24,7.82,--,136,106352,卖盘
725,14:17:18,7.82,-0.01,7,5474,卖盘
726,14:17:15,7.83,0.01,1,783,买盘
727,14:17:12,7.82,-0.01,3,2346,卖盘
728,14:17:09,7.83,0.01,11,8613,买盘
729,14:17:06,7.82,--,2,1564,卖盘
730,14:17:03,7.82,-0.01,2,1564,卖盘
731,14:16:57,7.83,0.01,20,15660,买盘
732,14:16:54,7.82,--,4,3128,卖盘
733,14:16:51,7.82,--,2,1564,卖盘
734,14:16:48,7.82,--,1,782,卖盘
735,14:16:45,7.82,-0.01,23,17986,卖盘
736,14:16:42,7.83,--,2,1566,买盘
737,14:16:39,7.83,0.01,82,64206,买盘
738,14:16:33,7.82,--,38,29716,卖盘
739,14:16:30,7.82,--,4,3128,卖盘
740,14:16:27,7.82,-0.01,16,12512,卖盘
741,14:16:24,7.83,0.01,1,783,买盘
742,14:16:21,7.82,--,2,1564,卖盘
743,14:16:18,7.82,-0.01,14,10948,卖盘
744,14:16:15,7.83,--,91,71253,卖盘
745,14:16:12,7.83,--,347,271701,卖盘
746,14:16:09,7.83,--,7,5481,卖盘
747,14:16:06,7.83,--,69,54027,卖盘
748,14:16:03,7.83,--,3,2349,卖盘
749,14:16:00,7.83,--,6,4698,卖盘
750,14:15:57,7.83,-0.01,152,119016,卖盘
751,14:15:51,7.84,0.01,5,3920,买盘
752,14:15:48,7.83,--,1,783,卖盘
753,14:15:45,7.83,-0.01,1,783,卖盘
754,14:15:42,7.84,0.01,137,107408,买盘
755,14:15:39,7.83,--,38,29754,卖盘
756,14:15:36,7.83,-0.01,2,1566,卖盘
757,14:15:33,7.84,--,13,10192,买盘
758,14:15:30,7.84,--,5,3920,买盘
759,14:15:24,7.84,--,148,116032,买盘
760,14:15:15,7.84,0.01,1,784,买盘
761,14:15:12,7.83,--,16,12528,卖盘
762,14:15:09,7.83,--,7,5481,卖盘
763,14:15:06,7.83,-0.01,9,7047,卖盘
764,14:15:03,7.84,0.01,18,14112,买盘
765,14:15:00,7.83,-0.01,5,3915,卖盘
766,14:14:57,7.84,0.01,27,21168,买盘
767,14:14:54,7.83,--,1,783,卖盘
768,14:14:51,7.83,--,18,14094,卖盘
769,14:14:48,7.83,-0.01,24,18792,卖盘
770,14:14:45,7.84,--,5,3920,买盘
771,14:14:42,7.84,0.01,9,7056,买盘
772,14:14:39,7.83,--,1,783,卖盘
773,14:14:36,7.83,--,56,43848,卖盘
774,14:14:33,7.83,-0.01,25,19575,卖盘
775,14:14:30,7.84,0.01,15,11760,买盘
776,14:14:27,7.83,--,3,2349,卖盘
777,14:14:24,7.83,-0.01,4,3132,卖盘
778,14:14:21,7.84,--,17,13328,买盘
779,14:14:18,7.84,--,35,27440,买盘
780,14:14:12,7.84,0.01,17,13328,买盘
781,14:14:09,7.83,-0.01,8,6264,卖盘
782,14:14:06,7.84,0.01,31,24304,买盘
783,14:14:03,7.83,--,50,39150,卖盘
784,14:13:54,7.83,--,5,3915,卖盘
785,14:13:51,7.83,--,46,36018,卖盘
786,14:13:48,7.83,--,2,1566,卖盘
787,14:13:45,7.83,--,16,12528,卖盘
788,14:13:42,7.83,--,40,31320,卖盘
789,14:13:39,7.83,--,40,31320,卖盘
790,14:13:33,7.83,--,1,783,卖盘
791,14:13:30,7.83,-0.01,4,3132,卖盘
792,14:13:27,7.84,0.01,27,21168,买盘
793,14:13:24,7.83,--,402,314766,卖盘
794,14:13:21,7.83,--,1,783,卖盘
795,14:13:18,7.83,--,16,12528,卖盘
796,14:13:15,7.83,-0.01,15,11745,卖盘
797,14:13:12,7.84,--,113,88592,买盘
798,14:13:09,7.84,0.01,219,171696,买盘
799,14:13:06,7.83,--,107,83781,卖盘
800,14:13:03,7.83,--,3,2349,卖盘
801,14:13:00,7.83,--,3,2349,卖盘
802,14:12:57,7.83,--,18,14094,卖盘
803,14:12:51,7.83,--,26,20358,卖盘
804,14:12:48,7.83,-0.01,2,1566,卖盘
805,14:12:42,7.84,--,79,61936,买盘
806,14:12:39,7.84,--,98,76832,买盘
807,14:12:33,7.84,0.01,5,3920,买盘
808,14:12:30,7.83,--,1,783,卖盘
809,14:12:27,7.83,--,15,11745,卖盘
810,14:12:24,7.83,--,33,25839,卖盘
811,14:12:21,7.83,--,121,94743,卖盘
812,14:12:18,7.83,--,7,5481,卖盘
813,14:12:15,7.83,--,46,36018,卖盘
814,14:12:12,7.83,--,66,51678,卖盘
815,14:12:09,7.83,--,15,11745,卖盘
816,14:12:06,7.83,-0.01,12,9396,卖盘
817,14:12:03,7.84,0.01,11,8624,买盘
818,14:12:00,7.83,-0.01,400,313200,卖盘
819,14:11:54,7.84,0.01,28,21952,买盘
820,14:11:51,7.83,--,38,29754,卖盘
821,14:11:48,7.83,--,1,783,卖盘
822,14:11:45,7.83,--,54,42282,卖盘
823,14:11:39,7.83,--,26,20358,卖盘
824,14:11:36,7.83,--,530,414990,卖盘
825,14:11:33,7.83,-0.01,3,2349,卖盘
826,14:11:24,7.84,--,2,1568,买盘
827,14:11:21,7.84,--,25,19600,买盘
828,14:11:18,7.84,--,10,7840,买盘
829,14:11:15,7.84,0.01,14,10976,买盘
830,14:11:09,7.83,--,16,12528,卖盘
831,14:11:06,7.83,--,39,30537,卖盘
832,14:11:03,7.83,-0.01,67,52461,卖盘
833,14:11:00,7.84,0.01,46,36064,买盘
834,14:10:57,7.83,--,92,72036,卖盘
835,14:10:54,7.83,-0.01,104,81432,卖盘
836,14:10:48,7.84,--,45,35280,买盘
837,14:10:45,7.84,--,30,23520,买盘
838,14:10:42,7.84,--,10,7840,买盘
839,14:10:39,7.84,0.01,2,1568,买盘
840,14:10:36,7.83,--,30,23490,卖盘
841,14:10:33,7.83,-0.01,54,42282,卖盘
842,14:10:30,7.84,0.01,44,34496,买盘
843,14:10:27,7.83,-0.01,1,783,卖盘
844,14:10:24,7.84,0.01,1,784,买盘
845,14:10:18,7.83,--,5,3915,卖盘
846,14:10:15,7.83,--,89,69687,卖盘
847,14:10:12,7.83,--,115,90045,卖盘
848,14:10:09,7.83,--,39,30537,卖盘
849,14:10:03,7.83,-0.01,17,13311,卖盘
850,14:09:57,7.84,0.01,13,10192,买盘
851,14:09:54,7.83,-0.01,3,2349,卖盘
852,14:09:51,7.84,0.01,35,27440,买盘
853,14:09:48,7.83,-0.01,1,783,卖盘
854,14:09:45,7.84,--,2,1568,卖盘
855,14:09:42,7.84,0.01,37,29008,买盘
856,14:09:39,7.83,-0.01,65,50895,卖盘
857,14:09:36,7.84,--,87,68208,买盘
858,14:09:33,7.84,--,21,16464,买盘
859,14:09:30,7.84,--,363,284592,卖盘
860,14:09:27,7.84,--,22,17248,卖盘
861,14:09:24,7.84,--,270,211680,买盘
862,14:09:21,7.84,--,151,118384,买盘
863,14:09:18,7.84,0.01,21,16464,买盘
864,14:09:15,7.83,--,16,12528,卖盘
865,14:09:12,7.83,-0.01,4,3132,卖盘
866,14:09:09,7.84,--,112,87808,卖盘
867,14:09:06,7.84,--,100,78400,卖盘
868,14:09:03,7.84,--,16,12544,卖盘
869,14:09:00,7.84,-0.01,13,10192,卖盘
870,14:08:57,7.85,0.01,238,186830,买盘
871,14:08:54,7.84,--,2,1568,卖盘
872,14:08:51,7.84,--,42,32928,卖盘
873,14:08:48,7.84,--,8,6272,卖盘
874,14:08:45,7.84,-0.01,17,13328,卖盘
875,14:08:42,7.85,0.01,16,12560,买盘
876,14:08:36,7.84,--,2,1568,卖盘
877,14:08:33,7.84,0.01,30,23520,买盘
878,14:08:30,7.83,--,36,28188,卖盘
879,14:08:24,7.83,--,46,36018,卖盘
880,14:08:21,7.83,--,60,46980,卖盘
881,14:08:18,7.83,--,2,1566,卖盘
882,14:08:15,7.83,-0.01,48,37584,卖盘
883,14:08:12,7.84,0.01,1530,1199520,买盘
884,14:08:09,7.83,-0.01,25,19575,卖盘
885,14:08:03,7.84,--,4,3136,买盘
886,14:08:00,7.84,--,30,23520,买盘
887,14:07:51,7.84,0.01,10,7840,买盘
888,14:07:48,7.83,-0.01,38,29754,卖盘
889,14:07:42,7.84,0.01,16,12544,买盘
890,14:07:39,7.83,-0.01,5,3915,卖盘
891,14:07:36,7.84,--,8,6272,买盘
892,14:07:27,7.84,--,1,784,买盘
893,14:07:24,7.84,0.01,4,3136,买盘
894,14:07:21,7.83,--,1,783,卖盘
895,14:07:18,7.83,--,1,783,卖盘
896,14:07:15,7.83,--,218,170694,卖盘
897,14:07:12,7.83,--,21,16443,卖盘
898,14:07:09,7.83,--,132,103356,卖盘
899,14:07:03,7.83,-0.01,131,102573,卖盘
900,14:06:57,7.84,0.01,58,45472,买盘
901,14:06:54,7.83,0.01,76,59508,买盘
902,14:06:51,7.82,--,38,29716,卖盘
903,14:06:48,7.82,--,24,18768,卖盘
904,14:06:45,7.82,-0.01,827,646714,卖盘
905,14:06:42,7.83,-0.01,111,86913,卖盘
906,14:06:39,7.84,0.01,30,23520,买盘
907,14:06:36,7.83,--,1,783,卖盘
908,14:06:27,7.83,--,50,39150,卖盘
909,14:06:24,7.83,-0.01,4,3132,卖盘
910,14:06:18,7.84,--,88,68992,买盘
911,14:06:15,7.84,0.02,203,159152,买盘
912,14:06:12,7.82,-0.01,24,18768,卖盘
913,14:06:09,7.83,--,8,6264,卖盘
914,14:06:06,7.83,-0.01,14,10962,卖盘
915,14:06:03,7.84,--,335,262640,买盘
916,14:06:00,7.84,0.01,134,105056,买盘
917,14:05:57,7.83,--,5,3915,卖盘
918,14:05:48,7.83,--,16,12528,卖盘
919,14:05:45,7.83,--,2,1566,卖盘
920,14:05:42,7.83,-0.01,6,4698,卖盘
921,14:05:39,7.84,0.01,11,8624,买盘
922,14:05:36,7.83,0.01,4,3132,中性盘
923,14:05:33,7.82,-0.02,13,10166,卖盘
924,14:05:30,7.84,0.01,1000,784000,买盘
925,14:05:27,7.83,--,110,86130,买盘
926,14:05:24,7.83,0.01,1,783,买盘
927,14:05:21,7.82,-0.01,35,27370,卖盘
928,14:05:18,7.83,--,1286,1006938,卖盘
929,14:05:15,7.83,--,4,3132,卖盘
930,14:05:09,7.83,--,10,7830,卖盘
931,14:05:06,7.83,--,1,783,卖盘
932,14:05:03,7.83,--,85,66555,卖盘
933,14:04:57,7.83,-0.01,3,2349,卖盘
934,14:04:54,7.84,0.01,50,39200,买盘
935,14:04:51,7.83,--,50,39150,卖盘
936,14:04:48,7.83,-0.01,904,707832,卖盘
937,14:04:42,7.84,0.01,3,2352,买盘
938,14:04:39,7.83,-0.01,1,783,卖盘
939,14:04:36,7.84,0.01,18,14112,买盘
940,14:04:30,7.83,--,11,8613,卖盘
941,14:04:27,7.83,-0.01,5,3915,卖盘
942,14:04:24,7.84,0.01,2,1568,买盘
943,14:04:21,7.83,--,205,160515,卖盘
944,14:04:18,7.83,--,25,19575,卖盘
945,14:04:15,7.83,-0.01,53,41499,卖盘
946,14:04:12,7.84,0.01,62,48608,买盘
947,14:04:09,7.83,--,107,83781,卖盘
948,14:04:06,7.83,-0.01,175,137025,卖盘
949,14:04:03,7.84,0.01,5,3920,买盘
950,14:04:00,7.83,-0.01,5,3915,卖盘
951,14:03:57,7.84,0.01,25,19600,买盘
952,14:03:54,7.83,--,7,5481,卖盘
953,14:03:51,7.83,--,58,45414,卖盘
954,14:03:48,7.83,--,2,1566,卖盘
955,14:03:45,7.83,-0.01,18,14094,卖盘
956,14:03:42,7.84,--,109,85456,卖盘
957,14:03:39,7.84,--,5,3920,卖盘
958,14:03:36,7.84,0.01,116,90944,买盘
959,14:03:33,7.83,-0.01,4,3132,卖盘
960,14:03:30,7.84,0.01,20,15680,买盘
961,14:03:24,7.83,--,2,1566,卖盘
962,14:03:21,7.83,--,4,3132,卖盘
963,14:03:18,7.83,--,3,2349,卖盘
964,14:03:12,7.83,--,4,3132,卖盘
965,14:03:09,7.83,--,7,5481,卖盘
966,14:03:06,7.83,-0.01,11,8613,卖盘
967,14:03:03,7.84,0.01,93,72912,买盘
968,14:02:57,7.83,-0.01,112,87696,卖盘
969,14:02:54,7.84,--,50,39200,买盘
970,14:02:51,7.84,--,9,7056,买盘
971,14:02:45,7.84,0.01,141,110544,卖盘
972,14:02:42,7.83,-0.01,56,43848,卖盘
973,14:02:39,7.84,0.01,721,565264,买盘
974,14:02:36,7.83,--,2,1566,卖盘
975,14:02:33,7.83,--,22,17226,卖盘
976,14:02:30,7.83,--,50,39150,卖盘
977,14:02:27,7.83,-0.01,24,18792,卖盘
978,14:02:24,7.84,0.01,107,83888,买盘
979,14:02:21,7.83,--,277,216891,卖盘
980,14:02:18,7.83,--,28,21924,卖盘
981,14:02:15,7.83,-0.01,42,32886,卖盘
982,14:02:12,7.84,0.01,86,67424,买盘
983,14:02:09,7.83,--,10,7830,卖盘
984,14:02:06,7.83,-0.01,1,783,卖盘
985,14:02:03,7.84,0.01,367,287728,买盘
986,14:02:00,7.83,--,84,65772,卖盘
987,14:01:57,7.83,--,1,783,卖盘
988,14:01:54,7.83,-0.01,8,6264,卖盘
989,14:01:51,7.84,0.01,25,19600,买盘
990,14:01:48,7.83,--,1,783,卖盘
991,14:01:42,7.83,-0.01,2,1566,卖盘
992,14:01:39,7.84,0.01,46,36064,买盘
993,14:01:36,7.83,--,7,5481,卖盘
994,14:01:33,7.83,-0.01,8,6264,卖盘
995,14:01:30,7.84,--,10,7840,买盘
996,14:01:24,7.84,0.01,1,784,买盘
997,14:01:21,7.83,--,1,783,卖盘
998,14:01:18,7.83,-0.01,6,4698,卖盘
999,14:01:12,7.84,0.01,26,20384,买盘
1000,14:01:06,7.83,--,168,131544,卖盘
1001,14:01:03,7.83,--,5,3915,卖盘
1002,14:01:00,7.83,--,90,70470,卖盘
1003,14:00:54,7.83,--,3,2349,卖盘
1004,14:00:51,7.83,-0.01,18,14094,卖盘
1005,14:00:48,7.84,--,1292,1012928,买盘
1006,14:00:45,7.84,0.01,20,15680,买盘
1007,14:00:42,7.83,-0.01,16,12528,卖盘
1008,14:00:39,7.84,0.01,6,4704,买盘
1009,14:00:36,7.83,-0.01,3,2349,卖盘
1010,14:00:27,7.84,0.01,5,3920,买盘
1011,14:00:24,7.83,--,3,2349,卖盘
1012,14:00:18,7.83,0.01,182,142506,买盘
1013,14:00:15,7.82,--,174,136068,卖盘
1014,14:00:12,7.82,--,3,2346,卖盘
1015,14:00:06,7.82,-0.01,11,8602,卖盘
1016,14:00:03,7.83,0.01,39,30537,中性盘
1017,14:00:00,7.82,--,140,109480,卖盘
1018,13:59:57,7.82,-0.01,457,357374,卖盘
1019,13:59:54,7.83,--,145,113535,卖盘
1020,13:59:51,7.83,-0.01,6,4698,卖盘
1021,13:59:42,7.84,0.01,7,5488,买盘
1022,13:59:39,7.83,--,4,3132,卖盘
1023,13:59:36,7.83,--,4,3132,卖盘
1024,13:59:33,7.83,--,4,3132,卖盘
1025,13:59:30,7.83,--,52,40716,卖盘
1026,13:59:24,7.83,-0.01,4,3132,卖盘
1027,13:59:21,7.84,--,4,3136,买盘
1028,13:59:18,7.84,0.01,6,4704,买盘
1029,13:59:15,7.83,-0.01,2,1566,卖盘
1030,13:59:12,7.84,0.01,26,20384,买盘
1031,13:59:09,7.83,--,1,783,卖盘
1032,13:59:06,7.83,-0.01,11,8613,卖盘
1033,13:59:03,7.84,0.01,82,64288,买盘
1034,13:59:00,7.83,--,5,3915,卖盘
1035,13:58:57,7.83,--,27,21141,买盘
1036,13:58:54,7.83,--,31,24273,买盘
1037,13:58:51,7.83,0.01,52,40716,买盘
1038,13:58:48,7.82,-0.01,26,20332,卖盘
1039,13:58:45,7.83,--,7,5481,买盘
1040,13:58:42,7.83,0.01,1,783,中性盘
1041,13:58:39,7.82,-0.01,7,5474,卖盘
1042,13:58:36,7.83,--,4,3132,中性盘
1043,13:58:33,7.83,--,73,57159,卖盘
1044,13:58:30,7.83,--,3,2349,卖盘
1045,13:58:24,7.83,-0.01,51,39933,卖盘
1046,13:58:21,7.84,0.01,6,4704,买盘
1047,13:58:18,7.83,--,6,4698,卖盘
1048,13:58:15,7.83,--,19,14877,卖盘
1049,13:58:12,7.83,--,3,2349,卖盘
1050,13:58:09,7.83,--,1,783,卖盘
1051,13:58:06,7.83,--,20,15660,卖盘
1052,13:58:03,7.83,--,18,14094,卖盘
1053,13:58:00,7.83,0.01,128,100224,买盘
1054,13:57:57,7.82,--,6,4692,卖盘
1055,13:57:48,7.82,-0.01,5,3910,卖盘
1056,13:57:42,7.83,0.01,57,44631,买盘
1057,13:57:39,7.82,--,385,301070,卖盘
1058,13:57:36,7.82,-0.01,1,782,卖盘
1059,13:57:33,7.83,0.01,14,10962,买盘
1060,13:57:30,7.82,-0.01,6,4692,卖盘
1061,13:57:24,7.83,--,47,36801,买盘
1062,13:57:21,7.83,0.01,3,2349,买盘
1063,13:57:18,7.82,--,20,15640,卖盘
1064,13:57:09,7.82,--,42,32844,卖盘
1065,13:57:06,7.82,--,112,87584,卖盘
1066,13:57:03,7.82,--,86,67252,卖盘
1067,13:57:00,7.82,--,7,5474,卖盘
1068,13:56:57,7.82,--,24,18768,卖盘
1069,13:56:54,7.82,--,15,11730,卖盘
1070,13:56:51,7.82,-0.01,1,782,卖盘
1071,13:56:48,7.83,0.01,17,13311,买盘
1072,13:56:45,7.82,-0.01,23,17986,卖盘
1073,13:56:42,7.83,--,99,77517,卖盘
1074,13:56:39,7.83,--,5,3915,卖盘
1075,13:56:36,7.83,--,8,6264,卖盘
1076,13:56:33,7.83,--,32,25056,卖盘
1077,13:56:27,7.83,--,3,2349,卖盘
1078,13:56:24,7.83,--,2,1566,卖盘
1079,13:56:21,7.83,--,15,11745,卖盘
1080,13:56:18,7.83,--,1,783,卖盘
1081,13:56:15,7.83,--,13,10179,卖盘
1082,13:56:12,7.83,0.01,107,83781,买盘
1083,13:56:09,7.82,--,243,190026,卖盘
1084,13:56:06,7.82,--,6,4692,卖盘
1085,13:56:03,7.82,--,94,73508,卖盘
1086,13:55:57,7.82,-0.01,1,782,卖盘
1087,13:55:54,7.83,--,2,1566,买盘
1088,13:55:51,7.83,--,37,28971,卖盘
1089,13:55:48,7.83,--,183,143289,卖盘
1090,13:55:45,7.83,--,11,8613,买盘
1091,13:55:42,7.83,0.01,1,783,买盘
1092,13:55:39,7.82,-0.01,7,5474,卖盘
1093,13:55:36,7.83,0.01,8,6264,买盘
1094,13:55:33,7.82,-0.01,2,1564,卖盘
1095,13:55:30,7.83,--,189,147987,买盘
1096,13:55:27,7.83,--,5,3915,买盘
1097,13:55:24,7.83,--,4,3132,买盘
1098,13:55:18,7.83,0.01,73,57159,中性盘
1099,13:55:15,7.82,--,23,17986,卖盘
1100,13:55:12,7.82,-0.01,1,782,卖盘
1101,13:55:09,7.83,--,45,35235,卖盘
1102,13:55:06,7.83,--,37,28971,买盘
1103,13:55:03,7.83,--,90,70470,买盘
1104,13:55:00,7.83,0.01,100,78300,买盘
1105,13:54:57,7.82,--,4,3128,卖盘
1106,13:54:48,7.82,-0.01,18,14076,卖盘
1107,13:54:45,7.83,--,260,203580,买盘
1108,13:54:42,7.83,0.01,7,5481,买盘
1109,13:54:39,7.82,--,8,6256,卖盘
1110,13:54:36,7.82,--,28,21896,卖盘
1111,13:54:33,7.82,--,1,782,卖盘
1112,13:54:30,7.82,--,1,782,卖盘
1113,13:54:27,7.82,--,28,21896,卖盘
1114,13:54:24,7.82,--,2,1564,卖盘
1115,13:54:21,7.82,-0.01,5,3910,卖盘
1116,13:54:18,7.83,0.01,57,44631,买盘
1117,13:54:15,7.82,--,98,76636,卖盘
1118,13:54:12,7.82,--,25,19550,卖盘
1119,13:54:09,7.82,--,100,78200,卖盘
1120,13:54:06,7.82,-0.01,21,16422,卖盘
1121,13:54:03,7.83,--,86,67338,买盘
1122,13:54:00,7.83,0.01,5,3915,买盘
1123,13:53:57,7.82,-0.01,4,3128,卖盘
1124,13:53:48,7.83,--,20,15660,买盘
1125,13:53:45,7.83,0.01,2,1566,买盘
1126,13:53:42,7.82,-0.01,2,1564,卖盘
1127,13:53:39,7.83,0.01,25,19575,买盘
1128,13:53:36,7.82,--,3,2346,卖盘
1129,13:53:33,7.82,--,6,4692,卖盘
1130,13:53:30,7.82,--,200,156400,卖盘
1131,13:53:27,7.82,-0.01,12,9384,卖盘
1132,13:53:24,7.83,0.01,1,783,买盘
1133,13:53:18,7.82,--,1,782,卖盘
1134,13:53:15,7.82,--,260,203320,卖盘
1135,13:53:12,7.82,--,4,3128,卖盘
1136,13:53:09,7.82,--,6,4692,卖盘
1137,13:53:06,7.82,--,29,22678,卖盘
1138,13:53:03,7.82,--,486,380052,卖盘
1139,13:53:00,7.82,--,3,2346,卖盘
1140,13:52:57,7.82,-0.01,3,2346,卖盘
1141,13:52:54,7.83,--,15,11745,买盘
1142,13:52:51,7.83,0.01,17,13311,买盘
1143,13:52:48,7.82,-0.01,1,782,卖盘
1144,13:52:45,7.83,--,15,11745,买盘
1145,13:52:42,7.83,--,2,1566,买盘
1146,13:52:39,7.83,0.01,6,4698,中性盘
1147,13:52:36,7.82,--,3,2346,卖盘
1148,13:52:33,7.82,-0.01,9,7038,卖盘
1149,13:52:30,7.83,--,63,49329,卖盘
1150,13:52:27,7.83,-0.01,50,39150,卖盘
1151,13:52:24,7.84,0.01,1,784,买盘
1152,13:52:21,7.83,--,19,14877,卖盘
1153,13:52:18,7.83,--,113,88479,卖盘
1154,13:52:15,7.83,0.01,196,153468,买盘
1155,13:52:09,7.82,--,100,78200,卖盘
1156,13:52:06,7.82,--,62,48484,卖盘
1157,13:52:03,7.82,--,3,2346,卖盘
1158,13:52:00,7.82,-0.01,60,46920,卖盘
1159,13:51:57,7.83,0.01,20,15660,买盘
1160,13:51:54,7.82,-0.01,5,3910,卖盘
1161,13:51:51,7.83,--,60,46980,买盘
1162,13:51:48,7.83,--,30,23490,买盘
1163,13:51:39,7.83,0.01,6,4698,买盘
1164,13:51:36,7.82,--,4,3128,卖盘
1165,13:51:33,7.82,-0.01,100,78200,卖盘
1166,13:51:24,7.83,--,31,24273,买盘
1167,13:51:21,7.83,--,39,30537,卖盘
1168,13:51:18,7.83,--,11,8613,卖盘
1169,13:51:12,7.83,0.01,41,32103,买盘
1170,13:51:09,7.82,--,1,782,卖盘
1171,13:51:06,7.82,--,11,8602,卖盘
1172,13:51:03,7.82,--,2,1564,卖盘
1173,13:51:00,7.82,--,110,86020,卖盘
1174,13:50:57,7.82,--,6,4692,卖盘
1175,13:50:48,7.82,--,22,17204,卖盘
1176,13:50:45,7.82,-0.01,802,627164,卖盘
1177,13:50:42,7.83,-0.01,1,783,买盘
1178,13:50:39,7.84,0.02,266,208544,买盘
1179,13:50:36,7.82,--,106,82892,卖盘
1180,13:50:33,7.82,--,21,16422,卖盘
1181,13:50:30,7.82,--,4,3128,卖盘
1182,13:50:24,7.82,--,2,1564,卖盘
1183,13:50:21,7.82,--,88,68816,卖盘
1184,13:50:18,7.82,--,28,21896,卖盘
1185,13:50:15,7.82,--,2,1564,卖盘
1186,13:50:12,7.82,--,15,11730,卖盘
1187,13:50:09,7.82,--,3,2346,卖盘
1188,13:50:06,7.82,--,30,23460,卖盘
1189,13:50:03,7.82,-0.01,72,56304,卖盘
1190,13:50:00,7.83,--,125,97875,卖盘
1191,13:49:57,7.83,--,370,289710,卖盘
1192,13:49:54,7.83,--,269,210627,卖盘
1193,13:49:48,7.83,--,1,783,卖盘
1194,13:49:45,7.83,-0.01,3,2349,卖盘
1195,13:49:42,7.84,0.01,40,31360,买盘
1196,13:49:39,7.83,--,105,82215,卖盘
1197,13:49:36,7.83,--,3,2349,卖盘
1198,13:49:33,7.83,-0.01,51,39933,卖盘
1199,13:49:30,7.84,0.01,2,1568,买盘
1200,13:49:27,7.83,--,7,5481,卖盘
1201,13:49:24,7.83,--,50,39150,卖盘
1202,13:49:21,7.83,--,236,184788,买盘
1203,13:49:18,7.83,0.01,18,14094,买盘
1204,13:49:12,7.82,-0.01,3,2346,卖盘
1205,13:49:09,7.83,-0.01,26,20358,卖盘
1206,13:49:06,7.84,0.02,36,28224,买盘
1207,13:49:03,7.82,-0.01,503,393557,卖盘
1208,13:49:00,7.83,--,1044,817452,卖盘
1209,13:48:57,7.83,--,3,2349,卖盘
1210,13:48:51,7.83,--,4,3132,卖盘
1211,13:48:48,7.83,--,28,21924,卖盘
1212,13:48:45,7.83,-0.01,3,2349,卖盘
1213,13:48:42,7.84,--,1,784,买盘
1214,13:48:39,7.84,0.01,4,3136,买盘
1215,13:48:36,7.83,--,3,2349,卖盘
1216,13:48:33,7.83,--,1,783,卖盘
1217,13:48:30,7.83,--,45,35235,卖盘
1218,13:48:27,7.83,--,3,2349,卖盘
1219,13:48:24,7.83,--,4,3132,卖盘
1220,13:48:21,7.83,-0.01,5,3915,卖盘
1221,13:48:18,7.84,0.01,32,25088,买盘
1222,13:48:15,7.83,--,61,47763,卖盘
1223,13:48:12,7.83,-0.01,10,7830,卖盘
1224,13:48:09,7.84,0.01,56,43904,买盘
1225,13:48:06,7.83,--,13,10179,卖盘
1226,13:48:03,7.83,--,19,14877,卖盘
1227,13:48:00,7.83,--,137,107271,卖盘
1228,13:47:57,7.83,--,34,26622,卖盘
1229,13:47:54,7.83,-0.01,23,18009,卖盘
1230,13:47:51,7.84,--,5,3920,买盘
1231,13:47:48,7.84,0.01,14,10976,买盘
1232,13:47:42,7.83,--,65,50895,卖盘
1233,13:47:39,7.83,0.01,333,261310,买盘
1234,13:47:36,7.82,--,9,7038,卖盘
1235,13:47:33,7.82,-0.01,3,2346,卖盘
1236,13:47:30,7.83,0.01,193,151119,买盘
1237,13:47:27,7.82,-0.01,5,3910,卖盘
1238,13:47:24,7.83,0.01,170,133110,买盘
1239,13:47:21,7.82,-0.01,33,25806,卖盘
1240,13:47:18,7.83,0.01,64,50112,买盘
1241,13:47:15,7.82,--,25,19550,卖盘
1242,13:47:12,7.82,--,1,782,卖盘
1243,13:47:06,7.82,--,184,143888,卖盘
1244,13:47:03,7.82,--,5,3910,卖盘
1245,13:47:00,7.82,--,181,141542,卖盘
1246,13:46:57,7.82,--,8,6256,卖盘
1247,13:46:48,7.82,--,1,782,卖盘
1248,13:46:45,7.82,-0.01,290,226780,卖盘
1249,13:46:42,7.83,0.01,26,20358,买盘
1250,13:46:39,7.82,--,15,11730,卖盘
1251,13:46:36,7.82,-0.01,35,27370,卖盘
1252,13:46:33,7.83,--,47,36801,买盘
1253,13:46:30,7.83,0.01,4,3132,买盘
1254,13:46:27,7.82,-0.01,14,10948,卖盘
1255,13:46:24,7.83,0.01,1,783,买盘
1256,13:46:21,7.82,--,3,2346,卖盘
1257,13:46:18,7.82,--,2,1564,卖盘
1258,13:46:15,7.82,--,18,14076,卖盘
1259,13:46:09,7.82,--,1,782,卖盘
1260,13:46:06,7.82,-0.01,8,6256,卖盘
1261,13:46:03,7.83,0.01,1,783,买盘
1262,13:46:00,7.82,--,84,65688,卖盘
1263,13:45:57,7.82,--,216,168912,卖盘
1264,13:45:54,7.82,--,5,3910,卖盘
1265,13:45:51,7.82,--,15,11730,卖盘
1266,13:45:48,7.82,--,558,436356,卖盘
1267,13:45:45,7.82,-0.01,1,782,卖盘
1268,13:45:42,7.83,--,1,783,买盘
1269,13:45:39,7.83,0.01,87,68121,买盘
1270,13:45:36,7.82,-0.01,33,25806,卖盘
1271,13:45:33,7.83,--,8,6710,买盘
1272,13:45:30,7.83,--,21,16443,买盘
1273,13:45:27,7.83,0.01,16,12528,买盘
1274,13:45:24,7.82,-0.01,597,466854,卖盘
1275,13:45:21,7.83,--,9,7047,买盘
1276,13:45:18,7.83,0.01,8,6264,买盘
1277,13:45:15,7.82,--,14,10948,卖盘
1278,13:45:12,7.82,--,1,782,卖盘
1279,13:45:09,7.82,--,7,5474,卖盘
1280,13:45:06,7.82,-0.01,12,9384,卖盘
1281,13:45:03,7.83,0.01,94,73602,买盘
1282,13:45:00,7.82,--,3,2346,卖盘
1283,13:44:57,7.82,--,15,11730,卖盘
1284,13:44:54,7.82,-0.01,4,3128,卖盘
1285,13:44:51,7.83,--,18,14094,买盘
1286,13:44:45,7.83,--,12,9396,买盘
1287,13:44:42,7.83,0.01,24,18792,买盘
1288,13:44:39,7.82,-0.01,3,2346,卖盘
1289,13:44:36,7.83,--,47,36801,买盘
1290,13:44:33,7.83,--,283,221589,买盘
1291,13:44:30,7.83,--,4,3132,买盘
1292,13:44:27,7.83,0.01,10,7830,买盘
1293,13:44:24,7.82,-0.01,61,47702,卖盘
1294,13:44:21,7.83,0.01,35,27405,买盘
1295,13:44:18,7.82,-0.01,3,2346,卖盘
1296,13:44:15,7.83,--,28,21924,买盘
1297,13:44:12,7.83,0.01,3,2349,买盘
1298,13:44:09,7.82,--,2,1564,卖盘
1299,13:44:06,7.82,-0.01,32,25024,卖盘
1300,13:44:03,7.83,--,18,14094,买盘
1301,13:44:00,7.83,--,81,63423,买盘
1302,13:43:57,7.83,0.01,19,14877,买盘
1303,13:43:51,7.82,-0.01,2,1564,卖盘
1304,13:43:48,7.83,0.01,37,28971,买盘
1305,13:43:45,7.82,-0.01,1,782,卖盘
1306,13:43:42,7.83,0.01,1,783,买盘
1307,13:43:39,7.82,--,63,49266,卖盘
1308,13:43:36,7.82,--,56,43792,卖盘
1309,13:43:33,7.82,-0.01,3,2346,卖盘
1310,13:43:30,7.83,--,29,22707,买盘
1311,13:43:27,7.83,--,233,182439,买盘
1312,13:43:24,7.83,--,42,32886,买盘
1313,13:43:21,7.83,0.01,69,54027,买盘
1314,13:43:18,7.82,--,6,4692,卖盘
1315,13:43:15,7.82,-0.01,30,23460,卖盘
1316,13:43:12,7.83,0.01,19,14877,买盘
1317,13:43:06,7.82,-0.01,39,30498,卖盘
1318,13:43:03,7.83,0.01,24,18792,买盘
1319,13:43:00,7.82,--,3,2346,卖盘
1320,13:42:57,7.82,-0.01,9,7038,卖盘
1321,13:42:54,7.83,0.01,19,14877,买盘
1322,13:42:51,7.82,-0.01,6,4692,卖盘
1323,13:42:45,7.83,--,80,62640,买盘
1324,13:42:42,7.83,0.01,24,18792,买盘
1325,13:42:39,7.82,-0.01,218,170476,卖盘
1326,13:42:36,7.83,--,21,16443,买盘
1327,13:42:30,7.83,0.01,4,3132,买盘
1328,13:42:27,7.82,-0.01,24,18768,卖盘
1329,13:42:24,7.83,0.01,11,8613,买盘
1330,13:42:21,7.82,-0.01,14,10948,卖盘
1331,13:42:18,7.83,--,80,62640,买盘
1332,13:42:09,7.83,0.01,19,14877,买盘
1333,13:42:06,7.82,-0.01,37,28934,卖盘
1334,13:42:03,7.83,--,34,26622,买盘
1335,13:42:00,7.83,0.01,19,14877,买盘
1336,13:41:57,7.82,--,4,3128,卖盘
1337,13:41:51,7.82,--,75,58650,卖盘
1338,13:41:48,7.82,--,190,148580,卖盘
1339,13:41:45,7.82,-0.01,14,10948,卖盘
1340,13:41:42,7.83,--,20,15660,买盘
1341,13:41:39,7.83,0.01,3,2349,买盘
1342,13:41:36,7.82,-0.01,42,32844,卖盘
1343,13:41:33,7.83,--,22,17226,买盘
1344,13:41:30,7.83,--,4,3132,买盘
1345,13:41:27,7.83,--,6,4698,买盘
1346,13:41:24,7.83,0.01,156,122148,买盘
1347,13:41:21,7.82,-0.01,5,3910,卖盘
1348,13:41:15,7.83,0.01,57,44631,买盘
1349,13:41:12,7.82,--,176,137632,卖盘
1350,13:41:09,7.82,-0.01,6,4692,卖盘
1351,13:41:06,7.83,--,28,21924,买盘
1352,13:41:03,7.83,--,1,783,买盘
1353,13:41:00,7.83,--,7,5481,买盘
1354,13:40:57,7.83,0.01,62,48546,买盘
1355,13:40:48,7.82,-0.01,54,42228,卖盘
1356,13:40:45,7.83,--,2,1566,买盘
1357,13:40:42,7.83,--,39,30537,买盘
1358,13:40:39,7.83,0.01,56,43848,买盘
1359,13:40:36,7.82,-0.01,1,782,卖盘
1360,13:40:33,7.83,0.01,6,4698,买盘
1361,13:40:30,7.82,-0.01,49,38318,卖盘
1362,13:40:27,7.83,0.01,36,28188,买盘
1363,13:40:24,7.82,-0.01,16,12512,卖盘
1364,13:40:21,7.83,--,19,14877,买盘
1365,13:40:18,7.83,--,9,7047,买盘
1366,13:40:15,7.83,--,36,28188,买盘
1367,13:40:12,7.83,--,22,17226,买盘
1368,13:40:06,7.83,--,44,34452,买盘
1369,13:40:03,7.83,0.01,77,60291,买盘
1370,13:40:00,7.82,--,172,134504,卖盘
1371,13:39:57,7.82,-0.01,1,782,卖盘
1372,13:39:54,7.83,--,24,18792,买盘
1373,13:39:51,7.83,0.01,75,58725,买盘
1374,13:39:48,7.82,-0.01,36,28152,卖盘
1375,13:39:45,7.83,--,19,14877,买盘
1376,13:39:42,7.83,0.01,17,13311,买盘
1377,13:39:39,7.82,-0.01,1,782,卖盘
1378,13:39:36,7.83,0.01,22,17226,买盘
1379,13:39:33,7.82,--,34,26588,卖盘
1380,13:39:30,7.82,--,11,8602,卖盘
1381,13:39:27,7.82,--,52,40664,卖盘
1382,13:39:24,7.82,--,123,96186,卖盘
1383,13:39:18,7.82,-0.01,40,31280,卖盘
1384,13:39:15,7.83,--,57,44631,买盘
1385,13:39:12,7.83,0.01,20,15660,买盘
1386,13:39:09,7.82,--,64,50048,卖盘
1387,13:39:06,7.82,-0.01,12,9384,卖盘
1388,13:39:03,7.83,--,1,783,买盘
1389,13:39:00,7.83,0.01,42,32886,买盘
1390,13:38:57,7.82,--,1,782,卖盘
1391,13:38:54,7.82,-0.01,107,83674,卖盘
1392,13:38:51,7.83,--,18,14094,买盘
1393,13:38:48,7.83,0.01,12,9396,买盘
1394,13:38:45,7.82,-0.01,44,34408,卖盘
1395,13:38:42,7.83,0.01,20,15660,买盘
1396,13:38:39,7.82,-0.01,3,2346,卖盘
1397,13:38:36,7.83,0.01,22,17226,买盘
1398,13:38:33,7.82,-0.01,51,39882,卖盘
1399,13:38:30,7.83,0.01,13,10179,买盘
1400,13:38:27,7.82,--,19,14858,卖盘
1401,13:38:24,7.82,-0.01,56,43792,卖盘
1402,13:38:21,7.83,0.01,11,8613,买盘
1403,13:38:18,7.82,-0.01,15,11730,卖盘
1404,13:38:15,7.83,0.01,20,15660,买盘
1405,13:38:12,7.82,--,8,6256,卖盘
1406,13:38:09,7.82,-0.01,6,4692,卖盘
1407,13:38:06,7.83,0.01,29,22707,买盘
1408,13:38:03,7.82,--,55,43010,卖盘
1409,13:38:00,7.82,-0.01,140,109480,卖盘
1410,13:37:57,7.83,0.01,19,14877,买盘
1411,13:37:54,7.82,--,33,25806,卖盘
1412,13:37:51,7.82,--,134,104788,卖盘
1413,13:37:48,7.82,--,52,40664,卖盘
1414,13:37:45,7.82,-0.01,1,782,卖盘
1415,13:37:42,7.83,0.01,7,5481,买盘
1416,13:37:39,7.82,--,180,140760,卖盘
1417,13:37:36,7.82,--,15,11730,卖盘
1418,13:37:33,7.82,--,7,5474,卖盘
1419,13:37:30,7.82,--,83,64906,卖盘
1420,13:37:27,7.82,--,17,13294,卖盘
1421,13:37:24,7.82,-0.01,18,14076,卖盘
1422,13:37:21,7.83,0.01,20,15660,买盘
1423,13:37:18,7.82,--,15,11730,卖盘
1424,13:37:15,7.82,-0.01,39,30498,卖盘
1425,13:37:12,7.83,0.01,19,14877,买盘
1426,13:37:09,7.82,--,1,782,卖盘
1427,13:37:06,7.82,-0.01,101,78982,卖盘
1428,13:37:03,7.83,0.01,19,14877,买盘
1429,13:37:00,7.82,--,18,14076,卖盘
1430,13:36:57,7.82,--,3,2346,卖盘
1431,13:36:54,7.82,--,20,15640,卖盘
1432,13:36:51,7.82,-0.01,1,782,卖盘
1433,13:36:48,7.83,--,20,15660,买盘
1434,13:36:45,7.83,0.01,33,25839,买盘
1435,13:36:42,7.82,--,1001,782782,卖盘
1436,13:36:39,7.82,-0.01,49,38318,卖盘
1437,13:36:36,7.83,0.01,21,16443,买盘
1438,13:36:33,7.82,-0.01,26,20332,卖盘
1439,13:36:27,7.83,0.01,62,48546,买盘
1440,13:36:24,7.82,--,4,3128,卖盘
1441,13:36:21,7.82,-0.01,45,35190,卖盘
1442,13:36:18,7.83,--,598,468445,卖盘
1443,13:36:15,7.83,-0.01,50,39150,卖盘
1444,13:36:09,7.84,--,19,14896,买盘
1445,13:36:06,7.84,0.01,149,116816,买盘
1446,13:36:03,7.83,-0.01,9,7047,卖盘
1447,13:36:00,7.84,0.01,173,135632,买盘
1448,13:35:57,7.83,--,14,10962,卖盘
1449,13:35:54,7.83,--,46,36589,卖盘
1450,13:35:51,7.83,--,35,27405,卖盘
1451,13:35:48,7.83,-0.01,43,33669,卖盘
1452,13:35:45,7.84,--,95,74480,买盘
1453,13:35:42,7.84,0.01,26,20384,买盘
1454,13:35:39,7.83,--,17,13311,卖盘
1455,13:35:36,7.83,-0.01,7,5481,卖盘
1456,13:35:33,7.84,0.01,451,353584,买盘
1457,13:35:30,7.83,--,121,94743,卖盘
1458,13:35:27,7.83,-0.01,15,11745,卖盘
1459,13:35:24,7.84,--,20,15680,买盘
1460,13:35:18,7.84,0.01,64,50176,买盘
1461,13:35:15,7.83,--,633,495639,卖盘
1462,13:35:12,7.83,-0.01,3,2349,卖盘
1463,13:35:06,7.84,0.01,150,117600,买盘
1464,13:35:03,7.83,--,17,13311,卖盘
1465,13:35:00,7.83,-0.01,42,32886,卖盘
1466,13:34:57,7.84,0.01,22,17248,买盘
1467,13:34:54,7.83,-0.01,4,3132,卖盘
1468,13:34:51,7.84,--,55,43120,买盘
1469,13:34:48,7.84,--,55,43120,买盘
1470,13:34:45,7.84,0.01,33,25872,买盘
1471,13:34:42,7.83,-0.01,82,64206,卖盘
1472,13:34:39,7.84,0.01,53,41552,买盘
1473,13:34:36,7.83,--,119,93177,卖盘
1474,13:34:33,7.83,-0.01,32,25056,卖盘
1475,13:34:30,7.84,--,18,14112,买盘
1476,13:34:27,7.84,0.01,151,118384,买盘
1477,13:34:24,7.83,-0.01,2,1566,卖盘
1478,13:34:21,7.84,0.01,20,15680,买盘
1479,13:34:18,7.83,--,14,10962,卖盘
1480,13:34:15,7.83,-0.01,21,16443,卖盘
1481,13:34:12,7.84,--,19,14896,买盘
1482,13:34:09,7.84,0.01,11,8624,买盘
1483,13:34:06,7.83,-0.01,37,28971,卖盘
1484,13:34:03,7.84,0.01,23,18032,买盘
1485,13:34:00,7.83,--,37,28971,卖盘
1486,13:33:57,7.83,--,1,783,卖盘
1487,13:33:54,7.83,--,19,14877,买盘
1488,13:33:48,7.83,--,247,193401,买盘
1489,13:33:45,7.83,0.01,142,111186,买盘
1490,13:33:42,7.82,-0.01,320,250240,卖盘
1491,13:33:39,7.83,0.01,13,10179,买盘
1492,13:33:36,7.82,--,22,17204,卖盘
1493,13:33:33,7.82,--,2,1564,卖盘
1494,13:33:30,7.82,-0.01,51,39882,卖盘
1495,13:33:27,7.83,--,32,25056,买盘
1496,13:33:24,7.83,0.01,1,783,买盘
1497,13:33:21,7.82,-0.01,1,782,卖盘
1498,13:33:18,7.83,0.01,250,195750,买盘
1499,13:33:15,7.82,-0.01,2,1564,卖盘
1500,13:33:09,7.83,0.01,22,17226,买盘
1501,13:33:06,7.82,--,9,7038,卖盘
1502,13:33:03,7.82,-0.01,10,7820,卖盘
1503,13:33:00,7.83,0.01,66,51678,买盘
1504,13:32:57,7.82,-0.01,5,3910,卖盘
1505,13:32:54,7.83,--,25,19575,买盘
1506,13:32:51,7.83,--,19,14877,买盘
1507,13:32:48,7.83,--,4,3132,买盘
1508,13:32:42,7.83,0.01,34,26622,买盘
1509,13:32:39,7.82,--,1,782,卖盘
1510,13:32:36,7.82,-0.01,1,782,卖盘
1511,13:32:33,7.83,--,25,19575,买盘
1512,13:32:30,7.83,0.01,8,6264,买盘
1513,13:32:27,7.82,-0.01,32,25024,卖盘
1514,13:32:24,7.83,0.01,24,18792,买盘
1515,13:32:21,7.82,--,1,782,卖盘
1516,13:32:18,7.82,-0.01,10,7820,卖盘
1517,13:32:15,7.83,--,40,31320,买盘
1518,13:32:12,7.83,0.01,35,27405,买盘
1519,13:32:09,7.82,--,56,43792,买盘
1520,13:32:06,7.82,--,109,85238,卖盘
1521,13:32:03,7.82,--,262,205275,买盘
1522,13:32:00,7.82,0.01,35,27370,买盘
1523,13:31:57,7.81,-0.01,20,15620,卖盘
1524,13:31:54,7.82,--,1,782,买盘
1525,13:31:48,7.82,0.01,73,57086,买盘
1526,13:31:45,7.81,--,13,10153,卖盘
1527,13:31:42,7.81,-0.01,26,20306,卖盘
1528,13:31:39,7.82,0.01,19,14858,买盘
1529,13:31:36,7.81,--,9,7560,卖盘
1530,13:31:33,7.81,-0.01,10,7810,卖盘
1531,13:31:30,7.82,0.01,22,17204,买盘
1532,13:31:27,7.81,--,4,3124,卖盘
1533,13:31:24,7.81,-0.01,134,104654,卖盘
1534,13:31:21,7.82,0.01,46,35972,买盘
1535,13:31:18,7.81,--,1,781,卖盘
1536,13:31:15,7.81,-0.01,20,15620,卖盘
1537,13:31:12,7.82,0.01,22,17204,买盘
1538,13:31:09,7.81,--,9,7029,卖盘
1539,13:31:06,7.81,--,38,29678,卖盘
1540,13:31:03,7.81,-0.01,28,21868,卖盘
1541,13:31:00,7.82,0.01,61,47702,买盘
1542,13:30:57,7.81,-0.01,4,3124,卖盘
1543,13:30:54,7.82,--,106,82892,买盘
1544,13:30:51,7.82,--,209,163438,买盘
1545,13:30:48,7.82,--,9,7038,买盘
1546,13:30:45,7.82,--,34,26588,买盘
1547,13:30:42,7.82,0.01,5,3910,买盘
1548,13:30:39,7.81,-0.01,7,5467,卖盘
1549,13:30:36,7.82,0.01,21,16422,买盘
1550,13:30:33,7.81,-0.01,48,37488,卖盘
1551,13:30:27,7.82,0.01,20,15640,买盘
1552,13:30:24,7.81,-0.01,3,2343,卖盘
1553,13:30:18,7.82,0.01,33,25806,买盘
1554,13:30:15,7.81,--,26,20306,卖盘
1555,13:30:12,7.81,-0.01,44,34364,卖盘
1556,13:30:09,7.82,0.01,26,20566,买盘
1557,13:30:06,7.81,--,14,10934,卖盘
1558,13:30:03,7.81,--,17,13277,卖盘
1559,13:30:00,7.81,--,51,39831,卖盘
1560,13:29:57,7.81,--,36,28116,卖盘
1561,13:29:54,7.81,-0.01,4,3124,卖盘
1562,13:29:51,7.82,0.01,85,66470,买盘
1563,13:29:48,7.81,--,1,781,卖盘
1564,13:29:45,7.81,-0.01,31,24211,卖盘
1565,13:29:42,7.82,0.01,1,1165,买盘
1566,13:29:39,7.81,--,12,9372,卖盘
1567,13:29:36,7.81,--,145,113245,卖盘
1568,13:29:33,7.81,--,201,156981,卖盘
1569,13:29:24,7.81,--,1,781,卖盘
1570,13:29:21,7.81,--,27,21126,卖盘
1571,13:29:18,7.81,--,2,1562,卖盘
1572,13:29:12,7.81,--,18,14058,卖盘
1573,13:29:09,7.81,--,1,781,卖盘
1574,13:29:06,7.81,-0.01,7,5467,卖盘
1575,13:29:03,7.82,0.01,1,782,买盘
1576,13:29:00,7.81,--,36,28116,卖盘
1577,13:28:57,7.81,-0.01,12,9372,卖盘
1578,13:28:51,7.82,0.01,10,7820,买盘
1579,13:28:48,7.81,--,1,781,卖盘
1580,13:28:45,7.81,--,10,7810,卖盘
1581,13:28:42,7.81,--,5,3905,卖盘
1582,13:28:39,7.81,--,44,34364,卖盘
1583,13:28:36,7.81,--,2,1562,卖盘
1584,13:28:33,7.81,-0.01,25,19525,卖盘
1585,13:28:30,7.82,0.01,432,337824,买盘
1586,13:28:24,7.81,--,11,8591,卖盘
1587,13:28:21,7.81,--,4,3124,卖盘
1588,13:28:18,7.81,--,2,1562,卖盘
1589,13:28:15,7.81,--,33,25773,卖盘
1590,13:28:09,7.81,--,23,17963,卖盘
1591,13:28:06,7.81,--,8,6248,卖盘
1592,13:28:03,7.81,-0.01,10,7810,卖盘
1593,13:28:00,7.82,--,86,67252,买盘
1594,13:27:57,7.82,0.01,1,782,买盘
1595,13:27:54,7.81,--,18,14058,卖盘
1596,13:27:51,7.81,--,7,5467,卖盘
1597,13:27:48,7.81,--,43,33583,卖盘
1598,13:27:45,7.81,-0.01,4,3537,卖盘
1599,13:27:42,7.82,0.01,11,8602,买盘
1600,13:27:39,7.81,--,2,1562,卖盘
1601,13:27:36,7.81,--,2,1562,卖盘
1602,13:27:33,7.81,--,5,3905,卖盘
1603,13:27:27,7.81,-0.01,34,26554,卖盘
1604,13:27:24,7.82,--,1,782,买盘
1605,13:27:21,7.82,0.01,21,16422,买盘
1606,13:27:18,7.81,--,38,29678,卖盘
1607,13:27:12,7.81,--,130,101530,卖盘
1608,13:27:09,7.81,--,1,781,卖盘
1609,13:27:06,7.81,--,122,95282,卖盘
1610,13:27:03,7.81,--,9,7029,卖盘
1611,13:27:00,7.81,-0.01,8,6248,卖盘
1612,13:26:57,7.82,0.01,50,39100,买盘
1613,13:26:54,7.81,--,53,41393,卖盘
1614,13:26:51,7.81,--,9,7029,卖盘
1615,13:26:48,7.81,-0.01,10,7810,卖盘
1616,13:26:45,7.82,--,207,161874,买盘
1617,13:26:42,7.82,0.01,108,84456,买盘
1618,13:26:36,7.81,--,16,12496,卖盘
1619,13:26:33,7.81,--,8,6248,卖盘
1620,13:26:30,7.81,--,41,32021,卖盘
1621,13:26:24,7.81,--,2,1562,卖盘
1622,13:26:21,7.81,-0.01,4,3124,卖盘
1623,13:26:18,7.82,0.01,22,17204,买盘
1624,13:26:15,7.81,-0.01,11,8591,卖盘
1625,13:26:12,7.82,0.01,5,3910,买盘
1626,13:26:09,7.81,--,1,781,卖盘
1627,13:26:06,7.81,--,8,6248,卖盘
1628,13:26:03,7.81,--,14,10934,卖盘
1629,13:26:00,7.81,--,39,30459,卖盘
1630,13:25:57,7.81,--,15,11715,卖盘
1631,13:25:54,7.81,--,182,142142,卖盘
1632,13:25:51,7.81,--,3,2343,卖盘
1633,13:25:48,7.81,-0.01,33,25773,卖盘
1634,13:25:45,7.82,--,3,2346,买盘
1635,13:25:42,7.82,0.01,4,3128,买盘
1636,13:25:39,7.81,--,1,781,卖盘
1637,13:25:36,7.81,--,3,2343,卖盘
1638,13:25:33,7.81,--,5,3905,卖盘
1639,13:25:30,7.81,--,6,4686,卖盘
1640,13:25:24,7.81,-0.01,11,8591,卖盘
1641,13:25:21,7.82,0.01,78,60996,买盘
1642,13:25:18,7.81,--,40,31240,卖盘
1643,13:25:12,7.81,--,39,30459,卖盘
1644,13:25:09,7.81,--,6,4686,卖盘
1645,13:25:06,7.81,--,14,10934,卖盘
1646,13:25:03,7.81,-0.01,82,64042,卖盘
1647,13:24:57,7.82,0.01,83,64906,买盘
1648,13:24:54,7.81,--,9,7029,卖盘
1649,13:24:51,7.81,--,25,19525,卖盘
1650,13:24:48,7.81,-0.01,101,78881,卖盘
1651,13:24:42,7.82,0.01,1,782,买盘
1652,13:24:39,7.81,--,4,3124,卖盘
1653,13:24:36,7.81,-0.01,111,86691,卖盘
1654,13:24:33,7.82,0.01,48,37536,买盘
1655,13:24:27,7.81,--,3,2343,卖盘
1656,13:24:24,7.81,--,2,1562,卖盘
1657,13:24:21,7.81,-0.01,27,21087,卖盘
1658,13:24:18,7.82,0.01,200,156400,买盘
1659,13:24:15,7.81,--,28,21868,卖盘
1660,13:24:12,7.81,--,43,33583,卖盘
1661,13:24:09,7.81,--,69,53889,卖盘
1662,13:24:06,7.81,-0.01,26,20306,卖盘
1663,13:24:03,7.82,--,9,7038,买盘
1664,13:24:00,7.82,--,124,96968,卖盘
1665,13:23:57,7.82,--,6,4692,卖盘
1666,13:23:54,7.82,-0.01,37,28934,卖盘
1667,13:23:51,7.83,--,121,94743,买盘
1668,13:23:45,7.83,--,2,1566,买盘
1669,13:23:42,7.83,0.01,4,3132,买盘
1670,13:23:39,7.82,--,81,63342,买盘
1671,13:23:36,7.82,--,83,64906,卖盘
1672,13:23:33,7.82,0.01,27,21114,买盘
1673,13:23:30,7.81,-0.01,1,781,卖盘
1674,13:23:27,7.82,0.01,87,68034,买盘
1675,13:23:24,7.81,--,34,26554,卖盘
1676,13:23:18,7.81,--,51,39831,卖盘
1677,13:23:12,7.81,-0.01,10,7810,卖盘
1678,13:23:09,7.82,--,210,164220,卖盘
1679,13:23:06,7.82,--,176,137632,卖盘
1680,13:23:03,7.82,--,7,5474,卖盘
1681,13:23:00,7.82,-0.01,4,3128,卖盘
1682,13:22:57,7.83,--,80,62640,买盘
1683,13:22:54,7.83,0.01,85,66555,买盘
1684,13:22:51,7.82,--,3,2346,卖盘
1685,13:22:48,7.82,-0.01,41,32062,卖盘
1686,13:22:45,7.83,0.01,149,116667,买盘
1687,13:22:42,7.82,-0.01,20,15640,卖盘
1688,13:22:39,7.83,--,50,39150,买盘
1689,13:22:36,7.83,0.01,28,21924,买盘
1690,13:22:33,7.82,--,36,28152,卖盘
1691,13:22:30,7.82,--,1,782,卖盘
1692,13:22:24,7.82,--,19,14858,卖盘
1693,13:22:21,7.82,-0.01,176,137632,卖盘
1694,13:22:18,7.83,0.01,320,250560,买盘
1695,13:22:15,7.82,--,21,16422,卖盘
1696,13:22:12,7.82,--,53,41446,卖盘
1697,13:22:09,7.82,--,50,39100,卖盘
1698,13:22:06,7.82,-0.01,7,5474,卖盘
1699,13:22:03,7.83,0.01,46,36018,买盘
1700,13:22:00,7.82,--,4,3128,卖盘
1701,13:21:57,7.82,--,15,11730,卖盘
1702,13:21:54,7.82,--,1,782,卖盘
1703,13:21:51,7.82,--,3,2346,卖盘
1704,13:21:48,7.82,--,60,46920,卖盘
1705,13:21:45,7.82,-0.01,64,50048,卖盘
1706,13:21:42,7.83,--,1,783,买盘
1707,13:21:39,7.83,0.01,2,1566,买盘
1708,13:21:36,7.82,--,5,3910,卖盘
1709,13:21:33,7.82,--,11,8602,卖盘
1710,13:21:30,7.82,--,16,12512,卖盘
1711,13:21:27,7.82,--,10,7820,卖盘
1712,13:21:24,7.82,-0.01,3,2346,卖盘
1713,13:21:21,7.83,0.01,72,56376,买盘
1714,13:21:18,7.82,--,36,28152,卖盘
1715,13:21:15,7.82,-0.01,113,88366,卖盘
1716,13:21:12,7.83,--,45,35235,买盘
1717,13:21:06,7.83,--,40,31320,买盘
1718,13:21:03,7.83,0.01,11,8613,买盘
1719,13:21:00,7.82,--,160,125120,卖盘
1720,13:20:57,7.82,--,4,3128,卖盘
1721,13:20:54,7.82,--,4,3128,卖盘
1722,13:20:51,7.82,--,4,3128,卖盘
1723,13:20:48,7.82,--,1,782,卖盘
1724,13:20:45,7.82,--,32,25024,卖盘
1725,13:20:42,7.82,-0.01,13,10166,卖盘
1726,13:20:36,7.83,0.01,12,9396,买盘
1727,13:20:33,7.82,--,6,4692,卖盘
1728,13:20:30,7.82,-0.01,3,2346,卖盘
1729,13:20:27,7.83,0.01,16,12528,买盘
1730,13:20:24,7.82,-0.01,279,218178,卖盘
1731,13:20:21,7.83,--,187,146421,买盘
1732,13:20:18,7.83,--,2,1566,买盘
1733,13:20:15,7.83,0.01,102,79866,买盘
1734,13:20:12,7.82,--,23,17986,卖盘
1735,13:20:09,7.82,--,12,9384,卖盘
1736,13:20:06,7.82,--,13,10166,卖盘
1737,13:20:03,7.82,--,22,17204,卖盘
1738,13:20:00,7.82,--,6,4692,卖盘
1739,13:19:57,7.82,--,7,5474,卖盘
1740,13:19:54,7.82,--,439,343298,卖盘
1741,13:19:48,7.82,--,6,4692,卖盘
1742,13:19:45,7.82,-0.01,10,7820,卖盘
1743,13:19:42,7.83,--,59,46197,买盘
1744,13:19:39,7.83,0.01,26,20358,买盘
1745,13:19:36,7.82,--,2,1564,卖盘
1746,13:19:33,7.82,--,5,3910,卖盘
1747,13:19:30,7.82,--,30,23460,卖盘
1748,13:19:27,7.82,-0.01,15,11730,卖盘
1749,13:19:24,7.83,--,42,32886,买盘
1750,13:19:21,7.83,0.01,22,17226,买盘
1751,13:19:18,7.82,--,7,5474,卖盘
1752,13:19:15,7.82,-0.01,83,64906,卖盘
1753,13:19:12,7.83,0.01,15,11745,买盘
1754,13:19:09,7.82,--,124,96968,卖盘
1755,13:19:06,7.82,--,10,7820,卖盘
1756,13:19:03,7.82,--,28,21896,卖盘
1757,13:19:00,7.82,--,1,782,卖盘
1758,13:18:57,7.82,--,11,8602,卖盘
1759,13:18:54,7.82,--,112,87584,卖盘
1760,13:18:51,7.82,--,38,29716,卖盘
1761,13:18:48,7.82,-0.01,3,2346,卖盘
1762,13:18:45,7.83,--,20,15660,买盘
1763,13:18:42,7.83,--,26,20358,买盘
1764,13:18:39,7.83,0.01,2,1566,买盘
1765,13:18:36,7.82,--,41,32062,卖盘
1766,13:18:33,7.82,--,6,4692,卖盘
1767,13:18:27,7.82,--,4,3128,卖盘
1768,13:18:24,7.82,--,3,2346,卖盘
1769,13:18:21,7.82,-0.01,1,782,卖盘
1770,13:18:18,7.83,0.01,2,1566,买盘
1771,13:18:15,7.82,--,18,14076,卖盘
1772,13:18:12,7.82,--,859,671738,买盘
1773,13:18:09,7.82,0.01,39,30498,买盘
1774,13:18:06,7.81,--,9,7029,卖盘
1775,13:18:03,7.81,--,7,5467,卖盘
1776,13:18:00,7.81,--,1,781,卖盘
1777,13:17:54,7.81,--,2,1562,卖盘
1778,13:17:51,7.81,--,69,53889,卖盘
1779,13:17:48,7.81,-0.01,25,19525,卖盘
1780,13:17:42,7.82,0.01,33,25806,买盘
1781,13:17:39,7.81,--,2,1562,卖盘
1782,13:17:36,7.81,--,58,45298,卖盘
1783,13:17:33,7.81,--,2,1562,卖盘
1784,13:17:30,7.81,--,1,781,卖盘
1785,13:17:27,7.81,--,4,3124,卖盘
1786,13:17:24,7.81,--,11,8591,卖盘
1787,13:17:21,7.81,0.01,274,214486,买盘
1788,13:17:18,7.8,-0.01,4,3120,卖盘
1789,13:17:15,7.81,0.01,6,4686,买盘
1790,13:17:12,7.8,--,6,4680,卖盘
1791,13:17:09,7.8,--,215,167700,卖盘
1792,13:17:06,7.8,--,29,22620,卖盘
1793,13:17:03,7.8,--,66,51480,卖盘
1794,13:17:00,7.8,-0.01,9,7020,卖盘
1795,13:16:57,7.81,0.01,1,781,买盘
1796,13:16:54,7.8,--,7,5460,卖盘
1797,13:16:51,7.8,-0.01,5,3900,卖盘
1798,13:16:42,7.81,0.01,1,781,买盘
1799,13:16:39,7.8,--,21,16380,卖盘
1800,13:16:36,7.8,--,7,5460,卖盘
1801,13:16:33,7.8,--,3,2340,卖盘
1802,13:16:27,7.8,--,1,780,卖盘
1803,13:16:24,7.8,-0.01,19,14820,卖盘
1804,13:16:21,7.81,--,7,5467,买盘
1805,13:16:15,7.81,0.01,3,2343,买盘
1806,13:16:12,7.8,--,4,3120,卖盘
1807,13:16:09,7.8,-0.01,2,1560,卖盘
1808,13:16:06,7.81,0.01,36,28116,买盘
1809,13:16:03,7.8,-0.01,14,10920,卖盘
1810,13:16:00,7.81,--,22,17182,买盘
1811,13:15:54,7.81,0.01,75,58575,买盘
1812,13:15:51,7.8,-0.01,21,16380,卖盘
1813,13:15:42,7.81,0.01,2,1562,买盘
1814,13:15:39,7.8,--,1,780,卖盘
1815,13:15:36,7.8,--,19,14820,卖盘
1816,13:15:33,7.8,-0.01,13,10140,卖盘
1817,13:15:30,7.81,--,5,3905,买盘
1818,13:15:27,7.81,0.01,20,15620,买盘
1819,13:15:24,7.8,--,29,22620,卖盘
1820,13:15:21,7.8,-0.01,12,9360,卖盘
1821,13:15:18,7.81,0.01,50,39050,买盘
1822,13:15:15,7.8,--,91,70980,卖盘
1823,13:15:12,7.8,--,4,3120,卖盘
1824,13:15:09,7.8,--,28,22253,卖盘
1825,13:15:06,7.8,--,8,6240,卖盘
1826,13:15:03,7.8,--,15,11700,卖盘
1827,13:15:00,7.8,--,8,6240,卖盘
1828,13:14:57,7.8,--,3,2340,卖盘
1829,13:14:54,7.8,--,3,2340,卖盘
1830,13:14:51,7.8,--,2,1560,卖盘
1831,13:14:48,7.8,-0.01,1,780,卖盘
1832,13:14:45,7.81,--,2,1562,买盘
1833,13:14:42,7.81,--,39,30459,买盘
1834,13:14:39,7.81,0.01,1,781,买盘
1835,13:14:36,7.8,-0.01,3,2340,卖盘
1836,13:14:33,7.81,--,21,16401,买盘
1837,13:14:30,7.81,0.01,100,78100,买盘
1838,13:14:27,7.8,-0.01,13,10140,卖盘
1839,13:14:24,7.81,0.01,1,781,买盘
1840,13:14:21,7.8,-0.01,4,3120,卖盘
1841,13:14:18,7.81,0.01,20,15620,买盘
1842,13:14:15,7.8,--,63,49623,卖盘
1843,13:14:09,7.8,--,15,11700,卖盘
1844,13:14:06,7.8,-0.01,12,9360,卖盘
1845,13:14:03,7.81,--,9,7029,买盘
1846,13:14:00,7.81,0.01,49,38269,买盘
1847,13:13:54,7.8,--,16,12480,卖盘
1848,13:13:51,7.8,--,2,1560,卖盘
1849,13:13:48,7.8,--,32,25350,卖盘
1850,13:13:45,7.8,--,1,780,卖盘
1851,13:13:42,7.8,-0.01,10,7800,卖盘
1852,13:13:39,7.81,0.01,21,16401,买盘
1853,13:13:36,7.8,--,18,14040,卖盘
1854,13:13:33,7.8,--,4,3120,卖盘
1855,13:13:30,7.8,-0.01,38,29640,卖盘
1856,13:13:27,7.81,--,5,3905,买盘
1857,13:13:24,7.81,0.01,1,781,买盘
1858,13:13:15,7.8,--,18,14040,卖盘
1859,13:13:12,7.8,--,54,42120,卖盘
1860,13:13:06,7.8,-0.01,40,31200,卖盘
1861,13:13:03,7.81,0.01,2,1562,买盘
1862,13:13:00,7.8,--,2,1560,卖盘
1863,13:12:57,7.8,--,45,35380,卖盘
1864,13:12:51,7.8,--,20,15600,卖盘
1865,13:12:45,7.8,--,23,17940,卖盘
1866,13:12:42,7.8,-0.01,2,1560,卖盘
1867,13:12:39,7.81,0.01,31,24211,买盘
1868,13:12:36,7.8,--,2,1560,卖盘
1869,13:12:30,7.8,--,16,12768,卖盘
1870,13:12:27,7.8,-0.01,314,244920,卖盘
1871,13:12:24,7.81,0.01,12,9372,买盘
1872,13:12:21,7.8,--,1,780,卖盘
1873,13:12:18,7.8,--,10,7800,卖盘
1874,13:12:12,7.8,-0.01,3,2340,卖盘
1875,13:12:09,7.81,0.01,5,3905,买盘
1876,13:12:06,7.8,-0.01,44,34702,卖盘
1877,13:12:03,7.81,--,1,781,买盘
1878,13:11:57,7.81,0.01,214,167134,买盘
1879,13:11:54,7.8,--,8,6240,卖盘
1880,13:11:51,7.8,--,62,48360,卖盘
1881,13:11:48,7.8,--,15,11700,卖盘
1882,13:11:45,7.8,-0.01,33,25740,卖盘
1883,13:11:39,7.81,0.01,100,78100,买盘
1884,13:11:36,7.8,-0.01,2,1560,卖盘
1885,13:11:33,7.81,--,50,39050,买盘
1886,13:11:30,7.81,0.01,125,97625,买盘
1887,13:11:27,7.8,--,3,2340,卖盘
1888,13:11:24,7.8,--,61,47580,卖盘
1889,13:11:21,7.8,--,32,25529,卖盘
1890,13:11:18,7.8,--,5,3900,卖盘
1891,13:11:15,7.8,-0.01,37,28860,卖盘
1892,13:11:12,7.81,0.01,40,31240,买盘
1893,13:11:09,7.8,--,4,3120,卖盘
1894,13:11:06,7.8,--,9,7020,卖盘
1895,13:11:03,7.8,--,61,47580,卖盘
1896,13:11:00,7.8,-0.01,54,42120,卖盘
1897,13:10:57,7.81,--,7,5467,买盘
1898,13:10:54,7.81,0.01,23,17963,买盘
1899,13:10:51,7.8,-0.01,20,15600,卖盘
1900,13:10:45,7.81,--,136,106216,买盘
1901,13:10:42,7.81,--,1,781,买盘
1902,13:10:39,7.81,0.01,36,28116,买盘
1903,13:10:36,7.8,-0.01,688,536640,卖盘
1904,13:10:30,7.81,0.01,30,23430,买盘
1905,13:10:27,7.8,-0.01,4,3120,卖盘
1906,13:10:24,7.81,0.01,1,781,买盘
1907,13:10:21,7.8,--,4,3120,卖盘
1908,13:10:18,7.8,--,1,780,卖盘
1909,13:10:06,7.8,-0.01,12,9555,卖盘
1910,13:10:03,7.81,0.01,3,2343,买盘
1911,13:09:54,7.8,--,54,42120,卖盘
1912,13:09:51,7.8,--,2,1560,卖盘
1913,13:09:48,7.8,--,25,19500,卖盘
1914,13:09:45,7.8,-0.01,77,60060,卖盘
1915,13:09:42,7.81,0.01,5,3905,买盘
1916,13:09:39,7.8,--,7,5460,卖盘
1917,13:09:36,7.8,-0.01,9,7020,卖盘
1918,13:09:33,7.81,0.01,10,7810,买盘
1919,13:09:27,7.8,--,152,118560,卖盘
1920,13:09:24,7.8,-0.01,5,3900,卖盘
1921,13:09:18,7.81,0.01,6,4686,买盘
1922,13:09:15,7.8,--,25,19500,卖盘
1923,13:09:12,7.8,--,44,34320,卖盘
1924,13:09:06,7.8,--,9,7020,卖盘
1925,13:09:03,7.8,-0.01,6,4680,卖盘
1926,13:09:00,7.81,--,50,39706,卖盘
1927,13:08:57,7.81,-0.01,5,3905,卖盘
1928,13:08:54,7.82,0.01,34,26588,买盘
1929,13:08:51,7.81,--,2,1562,卖盘
1930,13:08:45,7.81,-0.01,10,7810,卖盘
1931,13:08:42,7.82,0.02,6,4817,买盘
1932,13:08:39,7.8,--,48,37440,卖盘
1933,13:08:36,7.8,--,9,7020,卖盘
1934,13:08:33,7.8,--,285,222300,卖盘
1935,13:08:30,7.8,--,47,36660,卖盘
1936,13:08:27,7.8,-0.01,15,11700,卖盘
1937,13:08:24,7.81,0.01,8,6248,买盘
1938,13:08:21,7.8,--,9,7020,卖盘
1939,13:08:18,7.8,--,3,2340,卖盘
1940,13:08:15,7.8,-0.01,16,12480,卖盘
1941,13:08:12,7.81,0.01,36,28116,买盘
1942,13:08:09,7.8,--,2,1560,卖盘
1943,13:08:06,7.8,-0.01,6,4680,卖盘
1944,13:08:03,7.81,--,3,2343,买盘
1945,13:08:00,7.81,--,28,21868,卖盘
1946,13:07:57,7.81,-0.01,1,781,卖盘
1947,13:07:54,7.82,--,18,14076,买盘
1948,13:07:51,7.82,--,11,8602,买盘
1949,13:07:48,7.82,0.01,5,3910,买盘
1950,13:07:45,7.81,-0.01,42,32802,卖盘
1951,13:07:42,7.82,--,56,43792,买盘
1952,13:07:39,7.82,0.01,313,244766,买盘
1953,13:07:36,7.81,--,7,5467,卖盘
1954,13:07:33,7.81,--,15,11715,卖盘
1955,13:07:30,7.81,--,4,3124,卖盘
1956,13:07:24,7.81,-0.01,6,4686,卖盘
1957,13:07:21,7.82,0.01,8,6256,买盘
1958,13:07:18,7.81,--,4,3124,卖盘
1959,13:07:15,7.81,--,18,14058,卖盘
1960,13:07:12,7.81,-0.01,20,15620,卖盘
1961,13:07:09,7.82,0.01,50,39100,买盘
1962,13:07:06,7.81,--,14,10934,卖盘
1963,13:07:03,7.81,-0.01,54,42174,卖盘
1964,13:07:00,7.82,0.01,32,25024,买盘
1965,13:06:57,7.81,-0.01,3,2343,卖盘
1966,13:06:54,7.82,0.01,9,7038,买盘
1967,13:06:51,7.81,--,1,781,卖盘
1968,13:06:48,7.81,--,2,1562,卖盘
1969,13:06:45,7.81,--,111,86691,买盘
1970,13:06:42,7.81,--,2,1562,买盘
1971,13:06:39,7.81,--,8,6248,买盘
1972,13:06:36,7.81,0.01,9,7029,买盘
1973,13:06:30,7.8,-0.01,3,2340,卖盘
1974,13:06:27,7.81,--,11,8591,买盘
1975,13:06:24,7.81,--,1,781,买盘
1976,13:06:21,7.81,--,20,15620,卖盘
1977,13:06:18,7.81,--,1,781,卖盘
1978,13:06:15,7.81,--,20,15620,卖盘
1979,13:06:12,7.81,--,13,10153,卖盘
1980,13:06:09,7.81,--,22,17182,卖盘
1981,13:06:06,7.81,--,30,23430,买盘
1982,13:06:03,7.81,--,6,4686,买盘
1983,13:06:00,7.81,--,107,83567,卖盘
1984,13:05:57,7.81,--,1,781,卖盘
1985,13:05:51,7.81,--,1,781,卖盘
1986,13:05:48,7.81,--,20,15620,卖盘
1987,13:05:45,7.81,-0.01,4,3124,卖盘
1988,13:05:42,7.82,--,1,782,买盘
1989,13:05:39,7.82,0.01,17,13294,买盘
1990,13:05:36,7.81,-0.01,669,522489,卖盘
1991,13:05:30,7.82,0.01,10,7820,买盘
1992,13:05:27,7.81,--,56,43736,卖盘
1993,13:05:24,7.81,--,5,3905,卖盘
1994,13:05:18,7.81,-0.01,2,1562,卖盘
1995,13:05:12,7.82,0.01,103,80546,买盘
1996,13:05:06,7.81,--,23,17963,卖盘
1997,13:05:00,7.81,--,62,48422,卖盘
1998,13:04:57,7.81,--,6,4686,卖盘
1999,13:04:54,7.81,--,140,109340,卖盘
2000,13:04:51,7.81,--,4,3124,卖盘
2001,13:04:48,7.81,-0.01,1,781,卖盘
2002,13:04:45,7.82,--,22,17204,买盘
2003,13:04:42,7.82,0.01,4,3128,买盘
2004,13:04:39,7.81,--,1,781,卖盘
2005,13:04:36,7.81,-0.01,15,11715,卖盘
2006,13:04:33,7.82,0.01,6,4692,买盘
2007,13:04:27,7.81,-0.01,5,3905,卖盘
2008,13:04:24,7.82,0.01,1,782,买盘
2009,13:04:18,7.81,-0.01,19,14839,卖盘
2010,13:04:12,7.82,0.01,40,31280,买盘
2011,13:04:09,7.81,--,20,15620,卖盘
2012,13:04:06,7.81,-0.01,19,14839,卖盘
2013,13:04:03,7.82,0.01,65,50830,买盘
2014,13:03:54,7.81,-0.01,16,12496,卖盘
2015,13:03:51,7.82,0.01,8,6256,买盘
2016,13:03:45,7.81,--,6,4686,卖盘
2017,13:03:42,7.81,0.01,8,6248,买盘
2018,13:03:39,7.8,--,15,11700,卖盘
2019,13:03:36,7.8,-0.01,1,780,卖盘
2020,13:03:33,7.81,--,8,6248,卖盘
2021,13:03:27,7.81,-0.01,1,781,卖盘
2022,13:03:24,7.82,0.01,9,7038,买盘
2023,13:03:21,7.81,--,4,3124,卖盘
2024,13:03:18,7.81,--,147,114807,买盘
2025,13:03:15,7.81,--,77,60137,买盘
2026,13:03:12,7.81,0.01,6,4686,买盘
2027,13:03:09,7.8,--,3,2340,卖盘
2028,13:03:06,7.8,-0.01,140,109200,卖盘
2029,13:03:03,7.81,0.01,38,29678,买盘
2030,13:03:00,7.8,--,4,3120,卖盘
2031,13:02:57,7.8,--,4,3120,卖盘
2032,13:02:51,7.8,-0.01,3,2340,卖盘
2033,13:02:48,7.81,--,153,119493,买盘
2034,13:02:45,7.81,0.01,24,18744,买盘
2035,13:02:39,7.8,--,23,17940,卖盘
2036,13:02:36,7.8,--,1843,1438039,卖盘
2037,13:02:30,7.8,--,1,780,卖盘
2038,13:02:27,7.8,-0.01,4,3120,卖盘
2039,13:02:24,7.81,0.01,1,781,买盘
2040,13:02:18,7.8,--,9,7020,卖盘
2041,13:02:15,7.8,--,540,421200,卖盘
2042,13:02:12,7.8,--,14,10920,卖盘
2043,13:02:09,7.8,--,16,12480,卖盘
2044,13:02:06,7.8,--,12,9360,卖盘
2045,13:02:03,7.8,-0.01,109,85020,卖盘
2046,13:02:00,7.81,-0.01,207,161667,卖盘
2047,13:01:57,7.82,0.01,5,3910,买盘
2048,13:01:48,7.81,-0.01,50,39050,卖盘
2049,13:01:45,7.82,--,507,396755,卖盘
2050,13:01:42,7.82,-0.01,15,11730,卖盘
2051,13:01:36,7.83,0.01,11,8613,买盘
2052,13:01:33,7.82,-0.01,1,782,卖盘
2053,13:01:24,7.83,0.01,1,783,买盘
2054,13:01:21,7.82,--,15,11730,卖盘
2055,13:01:15,7.82,--,14,10948,卖盘
2056,13:01:09,7.82,-0.01,1,782,卖盘
2057,13:01:06,7.83,--,26,20358,买盘
2058,13:01:03,7.83,--,4,3132,买盘
2059,13:01:00,7.83,--,13,10179,买盘
2060,13:00:54,7.83,0.01,62,48546,买盘
2061,13:00:48,7.82,--,1,782,卖盘
2062,13:00:45,7.82,-0.01,6,4692,卖盘
2063,13:00:42,7.83,--,1,783,买盘
2064,13:00:36,7.83,--,13,10179,买盘
2065,13:00:33,7.83,0.01,5,3915,买盘
2066,13:00:30,7.82,--,1,782,卖盘
2067,13:00:27,7.82,--,2,1564,卖盘
2068,13:00:18,7.82,--,1,782,卖盘
2069,13:00:09,7.82,--,57,44574,卖盘
2070,13:00:06,7.82,--,1238,968616,买盘
2071,13:00:03,7.82,--,1858,1452956,买盘
2072,13:00:00,7.82,0.01,50,39100,买盘
2073,11:30:00,7.81,--,1,781,卖盘
2074,11:29:57,7.81,-0.01,24,18744,卖盘
2075,11:29:54,7.82,--,9,7038,买盘
2076,11:29:51,7.82,0.01,5,3910,买盘
2077,11:29:48,7.81,--,71,55451,卖盘
2078,11:29:45,7.81,--,90,70290,卖盘
2079,11:29:42,7.81,--,41,32021,卖盘
2080,11:29:39,7.81,--,142,110902,卖盘
2081,11:29:36,7.81,--,10,7810,卖盘
2082,11:29:33,7.81,--,91,71071,卖盘
2083,11:29:30,7.81,-0.01,5,3905,卖盘
2084,11:29:21,7.82,0.01,17,13294,买盘
2085,11:29:18,7.81,--,45,35145,卖盘
2086,11:29:15,7.81,-0.01,7,5467,卖盘
2087,11:29:12,7.82,0.01,3,2346,买盘
2088,11:29:06,7.81,-0.01,4,3124,卖盘
2089,11:29:03,7.82,0.01,42,32844,买盘
2090,11:29:00,7.81,--,9,7029,卖盘
2091,11:28:57,7.81,--,17,13277,卖盘
2092,11:28:51,7.81,--,5,3905,卖盘
2093,11:28:48,7.81,--,50,39050,卖盘
2094,11:28:42,7.81,-0.01,6,4686,卖盘
2095,11:28:39,7.82,--,59,46138,买盘
2096,11:28:36,7.82,0.01,9,7038,买盘
2097,11:28:33,7.81,--,61,47641,卖盘
2098,11:28:30,7.81,--,6,4686,卖盘
2099,11:28:27,7.81,--,133,103873,卖盘
2100,11:28:21,7.81,--,7,5467,卖盘
2101,11:28:18,7.81,-0.01,42,32802,卖盘
2102,11:28:15,7.82,--,8,6256,买盘
2103,11:28:12,7.82,0.01,67,52394,买盘
2104,11:28:09,7.81,-0.01,61,47641,卖盘
2105,11:28:03,7.82,--,61,47702,买盘
2106,11:28:00,7.82,0.01,17,13294,买盘
2107,11:27:57,7.81,-0.01,31,24211,卖盘
2108,11:27:54,7.82,0.01,1,782,买盘
2109,11:27:51,7.81,--,19,14839,卖盘
2110,11:27:48,7.81,--,50,39050,卖盘
2111,11:27:45,7.81,--,6,4686,卖盘
2112,11:27:42,7.81,--,138,107778,卖盘
2113,11:27:39,7.81,--,9,7029,卖盘
2114,11:27:33,7.81,-0.01,62,48422,卖盘
2115,11:27:30,7.82,--,31,24242,买盘
2116,11:27:27,7.82,--,47,36754,买盘
2117,11:27:24,7.82,--,237,185334,买盘
2118,11:27:21,7.82,0.01,5,3910,买盘
2119,11:27:18,7.81,--,43,33583,卖盘
2120,11:27:15,7.81,-0.01,25,19525,卖盘
2121,11:27:12,7.82,--,34,26588,买盘
2122,11:27:09,7.82,--,16,12512,买盘
2123,11:27:06,7.82,0.01,2,1564,买盘
2124,11:27:03,7.81,-0.01,166,129646,卖盘
2125,11:27:00,7.82,0.01,11,8602,买盘
2126,11:26:57,7.81,--,14,10934,卖盘
2127,11:26:54,7.81,--,21,16401,卖盘
2128,11:26:51,7.81,-0.01,105,82005,卖盘
2129,11:26:48,7.82,--,49,38318,买盘
2130,11:26:45,7.82,0.01,3,2346,买盘
2131,11:26:42,7.81,-0.01,4,3124,卖盘
2132,11:26:39,7.82,0.01,16,12512,买盘
2133,11:26:36,7.81,--,250,195250,卖盘
2134,11:26:33,7.81,-0.01,310,242110,卖盘
2135,11:26:30,7.82,0.01,16,12512,买盘
2136,11:26:27,7.81,-0.01,101,78881,卖盘
2137,11:26:21,7.82,0.01,5,3910,买盘
2138,11:26:18,7.81,--,53,41393,卖盘
2139,11:26:15,7.81,--,1,781,卖盘
2140,11:26:12,7.81,--,44,34364,卖盘
2141,11:26:03,7.81,--,174,135894,卖盘
2142,11:26:00,7.81,--,3,2343,卖盘
2143,11:25:57,7.81,-0.01,90,70290,卖盘
2144,11:25:51,7.82,0.01,48,37536,买盘
2145,11:25:48,7.81,-0.01,9,7029,卖盘
2146,11:25:42,7.82,--,14,10948,买盘
2147,11:25:39,7.82,--,56,43792,买盘
2148,11:25:36,7.82,0.01,35,27370,买盘
2149,11:25:33,7.81,--,182,142142,卖盘
2150,11:25:27,7.81,0.01,20,15620,买盘
2151,11:25:24,7.8,-0.01,100,78000,卖盘
2152,11:25:21,7.81,--,1,781,买盘
2153,11:25:18,7.81,0.01,62,48422,买盘
2154,11:25:15,7.8,-0.01,4,3120,卖盘
2155,11:25:12,7.81,0.01,20,15620,买盘
2156,11:25:06,7.8,-0.01,9,7020,卖盘
2157,11:25:03,7.81,0.01,191,149171,买盘
2158,11:25:00,7.8,--,93,72540,卖盘
2159,11:24:57,7.8,--,6,4680,卖盘
2160,11:24:54,7.8,-0.01,39,30420,卖盘
2161,11:24:51,7.81,--,27,21087,买盘
2162,11:24:48,7.81,--,52,40612,买盘
2163,11:24:45,7.81,--,47,36707,买盘
2164,11:24:42,7.81,--,214,167134,买盘
2165,11:24:36,7.81,0.01,13,10153,买盘
2166,11:24:33,7.8,--,43,33540,卖盘
2167,11:24:30,7.8,-0.01,6,4680,卖盘
2168,11:24:27,7.81,0.01,315,246015,买盘
2169,11:24:24,7.8,-0.01,21,16380,卖盘
2170,11:24:21,7.81,0.01,161,125741,买盘
2171,11:24:18,7.8,--,48,37440,卖盘
2172,11:24:15,7.8,--,170,132600,卖盘
2173,11:24:12,7.8,--,55,42900,卖盘
2174,11:24:09,7.8,-0.01,103,80340,卖盘
2175,11:24:06,7.81,--,38,29678,买盘
2176,11:24:03,7.81,--,43,33583,买盘
2177,11:24:00,7.81,0.01,13,10153,买盘
2178,11:23:57,7.8,--,17,13260,卖盘
2179,11:23:54,7.8,--,401,312780,卖盘
2180,11:23:51,7.8,--,124,96720,卖盘
2181,11:23:48,7.8,--,603,470340,卖盘
2182,11:23:45,7.8,-0.01,342,266760,卖盘
2183,11:23:42,7.81,--,6,4686,买盘
2184,11:23:39,7.81,0.01,4,3124,买盘
2185,11:23:36,7.8,--,3,2340,卖盘
2186,11:23:33,7.8,--,43,33540,卖盘
2187,11:23:30,7.8,-0.01,8,6240,卖盘
2188,11:23:27,7.81,--,35,27335,买盘
2189,11:23:24,7.81,--,56,43736,买盘
2190,11:23:21,7.81,--,116,90596,买盘
2191,11:23:18,7.81,--,50,39050,买盘
2192,11:23:15,7.81,0.01,137,106997,买盘
2193,11:23:12,7.8,--,1,780,卖盘
2194,11:23:09,7.8,-0.01,1,780,卖盘
2195,11:23:06,7.81,--,20,15620,买盘
2196,11:23:03,7.81,--,124,96844,买盘
2197,11:23:00,7.81,0.01,50,39050,买盘
2198,11:22:57,7.8,-0.01,23,17940,卖盘
2199,11:22:54,7.81,--,52,40612,买盘
2200,11:22:51,7.81,0.01,53,41393,买盘
2201,11:22:48,7.8,--,317,247260,卖盘
2202,11:22:45,7.8,-0.01,34,26520,卖盘
2203,11:22:42,7.81,0.01,1,781,买盘
2204,11:22:39,7.8,--,21,16380,卖盘
2205,11:22:36,7.8,--,1,780,卖盘
2206,11:22:33,7.8,--,43,33540,卖盘
2207,11:22:30,7.8,--,6,4680,卖盘
2208,11:22:27,7.8,-0.01,17,13260,中性盘
2209,11:22:21,7.81,0.02,38,29678,买盘
2210,11:22:18,7.79,-0.01,47,36613,卖盘
2211,11:22:12,7.8,-0.01,1,780,卖盘
2212,11:22:09,7.81,0.02,82,64042,买盘
2213,11:22:06,7.79,-0.01,4,3116,卖盘
2214,11:22:03,7.8,--,153,119340,卖盘
2215,11:22:00,7.8,0.01,20,15600,买盘
2216,11:21:57,7.79,--,51,39729,卖盘
2217,11:21:54,7.79,--,21,16359,卖盘
2218,11:21:51,7.79,-0.01,183,142557,卖盘
2219,11:21:48,7.8,--,75,58500,买盘
2220,11:21:45,7.8,--,30,23400,买盘
2221,11:21:42,7.8,0.01,32,24960,买盘
2222,11:21:36,7.79,--,4,3116,卖盘
2223,11:21:33,7.79,--,290,225910,卖盘
2224,11:21:30,7.79,0.01,2951,2298829,买盘
2225,11:21:27,7.78,-0.01,26,20228,卖盘
2226,11:21:24,7.79,--,56,43624,买盘
2227,11:21:21,7.79,0.01,698,543742,买盘
2228,11:21:18,7.78,-0.01,63,49014,卖盘
2229,11:21:15,7.79,--,10,7790,买盘
2230,11:21:12,7.79,--,10,7790,买盘
2231,11:21:03,7.79,--,194,151126,买盘
2232,11:21:00,7.79,0.01,113,88027,买盘
2233,11:20:57,7.78,-0.01,48,37344,卖盘
2234,11:20:54,7.79,0.01,69,53751,买盘
2235,11:20:51,7.78,--,24,18672,卖盘
2236,11:20:48,7.78,--,203,157934,卖盘
2237,11:20:45,7.78,-0.01,1,778,卖盘
2238,11:20:42,7.79,0.01,9,7011,买盘
2239,11:20:39,7.78,--,3,2334,卖盘
2240,11:20:33,7.78,-0.01,27,21006,卖盘
2241,11:20:30,7.79,0.01,20,15580,买盘
2242,11:20:27,7.78,--,4,3112,卖盘
2243,11:20:24,7.78,--,25,19450,卖盘
2244,11:20:21,7.78,-0.01,10,7780,卖盘
2245,11:20:18,7.79,--,128,99712,买盘
2246,11:20:15,7.79,--,729,567891,卖盘
2247,11:20:12,7.79,--,72,56088,卖盘
2248,11:20:06,7.79,-0.01,51,39729,卖盘
2249,11:20:03,7.8,--,170,132600,买盘
2250,11:20:00,7.8,0.01,183,142740,买盘
2251,11:19:57,7.79,--,8,6232,卖盘
2252,11:19:54,7.79,--,4,3116,卖盘
2253,11:19:51,7.79,--,2,1558,卖盘
2254,11:19:48,7.79,--,44,34276,卖盘
2255,11:19:45,7.79,-0.01,4,3116,卖盘
2256,11:19:42,7.8,0.01,10,7800,买盘
2257,11:19:39,7.79,--,4,3116,卖盘
2258,11:19:33,7.79,--,40,31160,卖盘
2259,11:19:24,7.79,--,31,24149,卖盘
2260,11:19:21,7.79,--,4,3116,卖盘
2261,11:19:18,7.79,--,83,64657,卖盘
2262,11:19:15,7.79,--,6,4674,卖盘
2263,11:19:12,7.79,--,4,3116,卖盘
2264,11:19:09,7.79,--,40,31160,买盘
2265,11:19:06,7.79,--,83,64657,买盘
2266,11:19:03,7.79,--,188,146452,买盘
2267,11:19:00,7.79,--,5,3895,买盘
2268,11:18:57,7.79,0.01,136,105944,买盘
2269,11:18:54,7.78,-0.01,59,45902,卖盘
2270,11:18:51,7.79,--,698,543742,卖盘
2271,11:18:48,7.79,-0.01,50,38950,卖盘
2272,11:18:42,7.8,0.01,40,31200,买盘
2273,11:18:39,7.79,-0.01,4,3116,卖盘
2274,11:18:36,7.8,--,105,81900,买盘
2275,11:18:33,7.8,0.01,98,76440,买盘
2276,11:18:30,7.79,--,3,2337,卖盘
2277,11:18:27,7.79,-0.01,4,3116,卖盘
2278,11:18:24,7.8,--,10,7800,买盘
2279,11:18:21,7.8,--,8,6240,买盘
2280,11:18:18,7.8,0.01,47,36660,买盘
2281,11:18:15,7.79,--,156,121524,卖盘
2282,11:18:12,7.79,--,154,119966,卖盘
2283,11:18:06,7.79,--,62,48298,卖盘
2284,11:18:03,7.79,-0.01,43,33497,卖盘
2285,11:18:00,7.8,0.01,6,4680,买盘
2286,11:17:57,7.79,-0.01,111,86469,卖盘
2287,11:17:54,7.8,0.01,169,131820,买盘
2288,11:17:48,7.79,-0.01,38,29602,卖盘
2289,11:17:45,7.8,--,23,17940,买盘
2290,11:17:42,7.8,--,29,22620,买盘
2291,11:17:39,7.8,--,8,6240,买盘
2292,11:17:33,7.8,0.01,39,30420,买盘
2293,11:17:30,7.79,--,9,7011,卖盘
2294,11:17:27,7.79,-0.01,15,11685,卖盘
2295,11:17:24,7.8,0.01,23,17940,买盘
2296,11:17:21,7.79,--,20,15580,卖盘
2297,11:17:18,7.79,--,53,41287,卖盘
2298,11:17:15,7.79,-0.01,11,8569,卖盘
2299,11:17:12,7.8,0.01,33,25740,买盘
2300,11:17:09,7.79,-0.01,4,3116,卖盘
2301,11:17:06,7.8,0.01,35,27300,买盘
2302,11:17:03,7.79,-0.01,46,35834,卖盘
2303,11:17:00,7.8,0.01,42,32760,买盘
2304,11:16:57,7.79,--,107,83353,卖盘
2305,11:16:54,7.79,-0.01,251,195529,卖盘
2306,11:16:51,7.8,0.01,80,62400,买盘
2307,11:16:48,7.79,--,48,37392,卖盘
2308,11:16:45,7.79,-0.01,6,4674,卖盘
2309,11:16:42,7.8,0.01,7,5460,买盘
2310,11:16:39,7.79,--,1,779,卖盘
2311,11:16:36,7.79,--,18,14022,卖盘
2312,11:16:33,7.79,-0.01,37,28823,卖盘
2313,11:16:30,7.8,--,8,6240,买盘
2314,11:16:27,7.8,--,11,8580,买盘
2315,11:16:24,7.8,--,68,53040,买盘
2316,11:16:21,7.8,0.01,12,9360,买盘
2317,11:16:18,7.79,--,886,690194,卖盘
2318,11:16:15,7.79,--,11,8569,卖盘
2319,11:16:12,7.79,-0.01,3,2337,卖盘
2320,11:16:09,7.8,0.01,51,39780,买盘
2321,11:16:06,7.79,--,63,49077,卖盘
2322,11:16:03,7.79,--,172,133988,卖盘
2323,11:15:57,7.79,-0.01,27,21033,卖盘
2324,11:15:54,7.8,--,22,17160,买盘
2325,11:15:51,7.8,--,12,9360,买盘
2326,11:15:45,7.8,0.01,10,7800,买盘
2327,11:15:42,7.79,--,15,11685,卖盘
2328,11:15:39,7.79,--,39,30381,卖盘
2329,11:15:36,7.79,--,60,46740,卖盘
2330,11:15:33,7.79,--,150,116850,卖盘
2331,11:15:30,7.79,--,3,2337,卖盘
2332,11:15:27,7.79,-0.01,25,19475,卖盘
2333,11:15:24,7.8,--,41,31980,买盘
2334,11:15:21,7.8,--,60,46800,买盘
2335,11:15:18,7.8,0.01,53,41340,中性盘
2336,11:15:15,7.79,--,41,31939,卖盘
2337,11:15:12,7.79,--,50,38950,卖盘
2338,11:15:09,7.79,-0.01,4,3116,卖盘
2339,11:15:06,7.8,--,53,41340,买盘
2340,11:15:03,7.8,--,90,70200,卖盘
2341,11:15:00,7.8,0.01,11,8580,买盘
2342,11:14:57,7.79,-0.01,55,42845,卖盘
2343,11:14:54,7.8,--,71,55380,卖盘
2344,11:14:51,7.8,--,48,37440,买盘
2345,11:14:48,7.8,0.01,118,92040,买盘
2346,11:14:45,7.79,-0.01,7,5453,卖盘
2347,11:14:42,7.8,--,11,8580,买盘
2348,11:14:36,7.8,0.01,5,3900,买盘
2349,11:14:33,7.79,--,139,108281,卖盘
2350,11:14:27,7.79,-0.01,24,18696,卖盘
2351,11:14:24,7.8,0.01,12,9360,中性盘
2352,11:14:21,7.79,--,35,27265,卖盘
2353,11:14:18,7.79,-0.01,53,41287,卖盘
2354,11:14:15,7.8,--,74,57720,卖盘
2355,11:14:12,7.8,-0.01,15,11700,卖盘
2356,11:14:09,7.81,0.01,10,7810,买盘
2357,11:14:03,7.8,--,193,150540,卖盘
2358,11:14:00,7.8,-0.01,62,48360,卖盘
2359,11:13:57,7.81,0.01,104,81224,买盘
2360,11:13:54,7.8,--,13,10140,卖盘
2361,11:13:51,7.8,--,323,251940,卖盘
2362,11:13:48,7.8,--,80,62400,卖盘
2363,11:13:42,7.8,-0.01,56,43680,卖盘
2364,11:13:39,7.81,--,192,149952,买盘
2365,11:13:36,7.81,0.01,22,17182,买盘
2366,11:13:33,7.8,--,49,38220,卖盘
2367,11:13:30,7.8,-0.01,3,2340,卖盘
2368,11:13:24,7.81,0.01,51,39831,买盘
2369,11:13:21,7.8,-0.01,61,47580,卖盘
2370,11:13:18,7.81,0.01,166,129646,买盘
2371,11:13:09,7.8,--,1,780,卖盘
2372,11:13:06,7.8,-0.01,16,12480,卖盘
2373,11:13:03,7.81,0.02,235,183535,买盘
2374,11:13:00,7.79,--,137,106723,卖盘
2375,11:12:57,7.79,--,61,47519,卖盘
2376,11:12:54,7.79,-0.01,31,24149,卖盘
2377,11:12:51,7.8,0.01,65,50700,买盘
2378,11:12:48,7.79,-0.01,71,55309,卖盘
2379,11:12:45,7.8,--,483,376740,卖盘
2380,11:12:42,7.8,--,62,48360,卖盘
2381,11:12:36,7.8,--,15,11700,卖盘
2382,11:12:33,7.8,-0.01,181,141180,卖盘
2383,11:12:30,7.81,0.01,35,27335,买盘
2384,11:12:27,7.8,--,52,40560,卖盘
2385,11:12:24,7.8,--,171,133380,卖盘
2386,11:12:21,7.8,--,46,35880,卖盘
2387,11:12:18,7.8,--,46,35880,卖盘
2388,11:12:15,7.8,--,16,12480,卖盘
2389,11:12:12,7.8,-0.01,3,2340,卖盘
2390,11:12:09,7.81,0.01,212,165572,买盘
2391,11:12:06,7.8,--,6,4680,卖盘
2392,11:12:03,7.8,--,182,141960,卖盘
2393,11:12:00,7.8,--,10,7800,卖盘
2394,11:11:57,7.8,--,17,13260,卖盘
2395,11:11:54,7.8,--,20,15600,卖盘
2396,11:11:51,7.8,-0.01,130,101400,卖盘
2397,11:11:48,7.81,0.01,77,60137,买盘
2398,11:11:45,7.8,--,28,21840,卖盘
2399,11:11:42,7.8,--,21,16380,卖盘
2400,11:11:39,7.8,-0.01,10,7800,卖盘
2401,11:11:36,7.81,0.01,5,3905,买盘
2402,11:11:33,7.8,-0.01,113,88140,卖盘
2403,11:11:30,7.81,0.01,21,16401,买盘
2404,11:11:27,7.8,--,57,44460,卖盘
2405,11:11:24,7.8,-0.01,5,3900,卖盘
2406,11:11:21,7.81,0.01,1,781,买盘
2407,11:11:18,7.8,--,57,44460,卖盘
2408,11:11:15,7.8,--,10,7800,卖盘
2409,11:11:12,7.8,--,16,12480,买盘
2410,11:11:09,7.8,--,162,126360,买盘
2411,11:11:06,7.8,--,14,10920,买盘
2412,11:11:03,7.8,0.01,136,106080,中性盘
2413,11:10:57,7.79,--,26,20254,卖盘
2414,11:10:54,7.79,-0.01,59,45961,卖盘
2415,11:10:51,7.8,0.01,106,82680,买盘
2416,11:10:48,7.79,-0.01,88,68552,卖盘
2417,11:10:45,7.8,0.01,66,51480,买盘
2418,11:10:42,7.79,--,205,159695,卖盘
2419,11:10:39,7.79,--,5,3895,卖盘
2420,11:10:36,7.79,-0.01,200,155800,卖盘
2421,11:10:33,7.8,0.01,41,31980,买盘
2422,11:10:30,7.79,--,66,51414,卖盘
2423,11:10:27,7.79,--,2,1558,卖盘
2424,11:10:24,7.79,--,1,779,卖盘
2425,11:10:21,7.79,-0.01,79,61541,卖盘
2426,11:10:18,7.8,--,128,99840,买盘
2427,11:10:15,7.8,0.01,77,60060,买盘
2428,11:10:12,7.79,--,4,3116,卖盘
2429,11:10:09,7.79,-0.01,6,4674,卖盘
2430,11:10:03,7.8,-0.01,77,60060,卖盘
2431,11:10:00,7.81,0.01,56,43736,买盘
2432,11:09:57,7.8,--,8,6240,卖盘
2433,11:09:54,7.8,--,12,9360,卖盘
2434,11:09:51,7.8,--,64,49920,卖盘
2435,11:09:48,7.8,-0.01,41,31980,卖盘
2436,11:09:42,7.81,0.01,15,11715,买盘
2437,11:09:39,7.8,--,51,39780,卖盘
2438,11:09:36,7.8,--,4,3120,卖盘
2439,11:09:33,7.8,-0.01,39,30420,卖盘
2440,11:09:30,7.81,--,15,11715,买盘
2441,11:09:27,7.81,0.01,6,4686,买盘
2442,11:09:24,7.8,-0.01,4,3120,卖盘
2443,11:09:21,7.81,0.01,6,4686,买盘
2444,11:09:18,7.8,--,38,29640,卖盘
2445,11:09:15,7.8,--,3,2340,卖盘
2446,11:09:12,7.8,--,76,59280,卖盘
2447,11:09:09,7.8,--,200,156000,买盘
2448,11:09:06,7.8,0.01,6,4680,买盘
2449,11:09:03,7.79,-0.01,73,56867,卖盘
2450,11:09:00,7.8,0.01,20,15600,买盘
2451,11:08:57,7.79,--,114,88806,卖盘
2452,11:08:54,7.79,--,3,2337,卖盘
2453,11:08:51,7.79,--,29,22591,卖盘
2454,11:08:48,7.79,--,38,29602,卖盘
2455,11:08:45,7.79,-0.01,1,779,卖盘
2456,11:08:42,7.8,--,32,24960,卖盘
2457,11:08:39,7.8,--,51,39780,卖盘
2458,11:08:36,7.8,--,25,19500,卖盘
2459,11:08:33,7.8,--,39,30420,卖盘
2460,11:08:30,7.8,-0.01,4,3120,卖盘
2461,11:08:27,7.81,0.01,10,7810,买盘
2462,11:08:21,7.8,--,57,44460,卖盘
2463,11:08:18,7.8,-0.01,41,31980,卖盘
2464,11:08:09,7.81,0.01,60,46860,买盘
2465,11:08:03,7.8,0.01,57,44460,卖盘
2466,11:08:00,7.79,--,5,3895,卖盘
2467,11:07:57,7.79,--,51,39729,卖盘
2468,11:07:54,7.79,-0.02,328,255512,卖盘
2469,11:07:51,7.81,0.02,41,32021,买盘
2470,11:07:48,7.79,--,41,31939,卖盘
2471,11:07:45,7.79,-0.01,7,5453,卖盘
2472,11:07:42,7.8,--,19,14820,买盘
2473,11:07:39,7.8,0.01,54,42120,买盘
2474,11:07:36,7.79,--,2,1558,卖盘
2475,11:07:33,7.79,-0.02,39,30381,卖盘
2476,11:07:27,7.81,0.01,12,9372,买盘
2477,11:07:24,7.8,--,19,14820,卖盘
2478,11:07:21,7.8,--,14,10920,卖盘
2479,11:07:18,7.8,--,176,137280,卖盘
2480,11:07:15,7.8,--,4,3120,卖盘
2481,11:07:09,7.8,0.01,175,136500,买盘
2482,11:07:06,7.79,-0.01,10,7790,卖盘
2483,11:07:03,7.8,--,60,46800,买盘
2484,11:07:00,7.8,0.01,18,14040,买盘
2485,11:06:57,7.79,--,11,8569,卖盘
2486,11:06:54,7.79,--,4,3116,卖盘
2487,11:06:51,7.79,--,1,779,卖盘
2488,11:06:48,7.79,-0.01,128,99712,卖盘
2489,11:06:45,7.8,--,51,39780,买盘
2490,11:06:42,7.8,0.01,34,26520,买盘
2491,11:06:39,7.79,--,125,97375,卖盘
2492,11:06:36,7.79,--,10,7790,卖盘
2493,11:06:33,7.79,-0.01,39,30381,卖盘
2494,11:06:30,7.8,0.01,8,6240,买盘
2495,11:06:27,7.79,--,5,3895,卖盘
2496,11:06:24,7.79,-0.01,46,35834,卖盘
2497,11:06:21,7.8,0.01,14,10920,买盘
2498,11:06:18,7.79,-0.01,400,311600,卖盘
2499,11:06:15,7.8,--,10,7800,买盘
2500,11:06:09,7.8,0.01,2,1560,买盘
2501,11:06:06,7.79,-0.01,4,3116,卖盘
2502,11:06:03,7.8,--,45,35100,买盘
2503,11:06:00,7.8,0.01,10,7800,买盘
2504,11:05:57,7.79,-0.01,68,52972,卖盘
2505,11:05:54,7.8,--,1,780,买盘
2506,11:05:51,7.8,0.01,28,21840,买盘
2507,11:05:48,7.79,--,14,10906,卖盘
2508,11:05:45,7.79,--,145,112955,买盘
2509,11:05:42,7.79,--,7,5453,买盘
2510,11:05:39,7.79,0.01,26,20254,买盘
2511,11:05:36,7.78,--,14,10892,卖盘
2512,11:05:33,7.78,-0.01,91,70798,卖盘
2513,11:05:24,7.79,-0.01,59,45961,卖盘
2514,11:05:21,7.8,0.02,407,317460,买盘
2515,11:05:18,7.78,-0.01,71,55238,卖盘
2516,11:05:15,7.79,--,18,14022,买盘
2517,11:05:12,7.79,--,4,3116,买盘
2518,11:05:09,7.79,0.01,25,19475,买盘
2519,11:05:06,7.78,--,5,3890,卖盘
2520,11:05:03,7.78,--,56,43568,卖盘
2521,11:04:57,7.78,-0.01,33,25674,卖盘
2522,11:04:54,7.79,0.01,40,31160,买盘
2523,11:04:51,7.78,--,10,7780,卖盘
2524,11:04:48,7.78,-0.01,45,35010,卖盘
2525,11:04:45,7.79,--,12,9348,买盘
2526,11:04:42,7.79,0.01,55,42845,买盘
2527,11:04:39,7.78,--,3,2334,卖盘
2528,11:04:36,7.78,--,35,27230,卖盘
2529,11:04:33,7.78,-0.01,46,35788,卖盘
2530,11:04:30,7.79,--,33,25707,买盘
2531,11:04:27,7.79,0.01,1,779,买盘
2532,11:04:24,7.78,-0.01,21,16338,卖盘
2533,11:04:21,7.79,0.01,44,34276,买盘
2534,11:04:18,7.78,--,52,40456,卖盘
2535,11:04:15,7.78,--,3,2334,卖盘
2536,11:04:12,7.78,-0.01,7,5446,卖盘
2537,11:04:09,7.79,0.01,168,130872,买盘
2538,11:04:06,7.78,--,3,2334,卖盘
2539,11:04:03,7.78,--,54,42012,卖盘
2540,11:04:00,7.78,--,1,778,卖盘
2541,11:03:57,7.78,--,34,26452,卖盘
2542,11:03:54,7.78,-0.01,5,3890,卖盘
2543,11:03:48,7.79,0.02,111,86928,买盘
2544,11:03:45,7.77,-0.01,79,61383,卖盘
2545,11:03:42,7.78,--,9,7002,买盘
2546,11:03:39,7.78,--,97,75466,买盘
2547,11:03:36,7.78,-0.01,202,157156,卖盘
2548,11:03:33,7.79,--,132,102828,买盘
2549,11:03:27,7.79,--,21,16359,买盘
2550,11:03:24,7.79,--,10,7790,买盘
2551,11:03:21,7.79,0.01,27,21033,买盘
2552,11:03:18,7.78,-0.01,41,31898,卖盘
2553,11:03:15,7.79,0.01,86,66994,买盘
2554,11:03:12,7.78,--,13,10114,卖盘
2555,11:03:09,7.78,--,21,16338,卖盘
2556,11:03:06,7.78,--,11,8558,卖盘
2557,11:03:03,7.78,-0.01,57,44346,卖盘
2558,11:03:00,7.79,0.01,33,25707,买盘
2559,11:02:57,7.78,-0.01,22,17116,卖盘
2560,11:02:51,7.79,0.01,11,8569,买盘
2561,11:02:48,7.78,--,64,49792,卖盘
2562,11:02:45,7.78,--,15,11670,卖盘
2563,11:02:42,7.78,-0.01,114,88692,卖盘
2564,11:02:39,7.79,0.01,9,7011,买盘
2565,11:02:36,7.78,--,17,13226,卖盘
2566,11:02:33,7.78,-0.01,60,46680,卖盘
2567,11:02:30,7.79,0.01,1,779,买盘
2568,11:02:27,7.78,-0.01,3,2334,卖盘
2569,11:02:24,7.79,--,97,75563,买盘
2570,11:02:21,7.79,--,8,6232,买盘
2571,11:02:18,7.79,0.01,165,128535,买盘
2572,11:02:15,7.78,-0.01,31,24118,卖盘
2573,11:02:12,7.79,0.01,8,6232,买盘
2574,11:02:06,7.78,--,4,3112,卖盘
2575,11:02:03,7.78,--,87,67686,卖盘
2576,11:02:00,7.78,--,24,18672,卖盘
2577,11:01:57,7.78,--,25,19450,卖盘
2578,11:01:54,7.78,--,4,3112,卖盘
2579,11:01:48,7.78,-0.01,87,67686,卖盘
2580,11:01:45,7.79,0.01,5,3895,买盘
2581,11:01:39,7.78,--,25,19450,卖盘
2582,11:01:36,7.78,--,14,10892,卖盘
2583,11:01:33,7.78,--,75,58350,卖盘
2584,11:01:30,7.78,--,73,56794,卖盘
2585,11:01:27,7.78,--,5,3890,卖盘
2586,11:01:24,7.78,-0.01,30,23340,卖盘
2587,11:01:21,7.79,--,4,3116,买盘
2588,11:01:18,7.79,--,42,32718,买盘
2589,11:01:15,7.79,0.01,47,36613,买盘
2590,11:01:12,7.78,-0.01,4,3112,卖盘
2591,11:01:09,7.79,--,150,116850,买盘
2592,11:01:03,7.79,0.01,42,32718,买盘
2593,11:00:57,7.78,-0.01,15,11670,卖盘
2594,11:00:54,7.79,0.01,2,1558,买盘
2595,11:00:51,7.78,0.01,152,118256,卖盘
2596,11:00:48,7.77,-0.01,194,150738,卖盘
2597,11:00:45,7.78,--,20,15560,卖盘
2598,11:00:42,7.78,--,25,19450,卖盘
2599,11:00:36,7.78,--,47,36566,买盘
2600,11:00:33,7.78,--,317,246626,卖盘
2601,11:00:30,7.78,--,23,17894,卖盘
2602,11:00:27,7.78,--,166,129148,买盘
2603,11:00:24,7.78,--,35,27230,买盘
2604,11:00:21,7.78,--,135,105030,买盘
2605,11:00:18,7.78,--,93,72354,买盘
2606,11:00:15,7.78,0.01,9,7002,买盘
2607,11:00:12,7.77,--,144,111888,卖盘
2608,11:00:09,7.77,-0.02,242,188034,卖盘
2609,11:00:06,7.79,0.01,64,49856,买盘
2610,11:00:03,7.78,--,53,41234,卖盘
2611,11:00:00,7.78,--,83,64574,卖盘
2612,10:59:57,7.78,--,58,45124,卖盘
2613,10:59:54,7.78,--,225,175050,卖盘
2614,10:59:51,7.78,--,50,38900,卖盘
2615,10:59:48,7.78,--,37,28786,卖盘
2616,10:59:45,7.78,--,150,116700,买盘
2617,10:59:42,7.78,--,589,458242,买盘
2618,10:59:39,7.78,0.01,200,155600,卖盘
2619,10:59:36,7.77,--,59,45843,卖盘
2620,10:59:33,7.77,--,1552,1205904,卖盘
2621,10:59:30,7.77,-0.01,175,135975,卖盘
2622,10:59:27,7.78,0.01,56,43568,买盘
2623,10:59:24,7.77,--,6,4662,卖盘
2624,10:59:21,7.77,-0.01,63,48951,卖盘
2625,10:59:18,7.78,-0.01,219,170382,卖盘
2626,10:59:09,7.79,--,4,3116,买盘
2627,10:59:06,7.79,0.01,131,102049,买盘
2628,10:59:03,7.78,-0.01,74,57572,卖盘
2629,10:59:00,7.79,--,100,77900,卖盘
2630,10:58:57,7.79,-0.01,270,210330,卖盘
2631,10:58:51,7.8,0.01,13,10140,买盘
2632,10:58:48,7.79,--,99,77121,卖盘
2633,10:58:45,7.79,-0.01,5005,3898895,卖盘
2634,10:58:42,7.8,0.01,1,780,买盘
2635,10:58:39,7.79,--,50,38950,卖盘
2636,10:58:36,7.79,--,2,1558,卖盘
2637,10:58:33,7.79,--,48,37392,卖盘
2638,10:58:30,7.79,--,13,10127,卖盘
2639,10:58:27,7.79,--,45,35055,卖盘
2640,10:58:24,7.79,-0.01,20,15580,卖盘
2641,10:58:21,7.8,--,2,1560,买盘
2642,10:58:18,7.8,0.01,54,42120,买盘
2643,10:58:15,7.79,-0.01,68,52972,卖盘
2644,10:58:06,7.8,--,74,57720,买盘
2645,10:58:03,7.8,0.01,39,30420,买盘
2646,10:57:57,7.79,--,26,20254,卖盘
2647,10:57:51,7.79,-0.01,25,19475,卖盘
2648,10:57:48,7.8,--,39,30420,买盘
2649,10:57:45,7.8,--,100,78000,买盘
2650,10:57:42,7.8,0.01,22,17160,买盘
2651,10:57:36,7.79,-0.01,81,63099,卖盘
2652,10:57:33,7.8,--,526,410280,卖盘
2653,10:57:30,7.8,--,16,12480,卖盘
2654,10:57:27,7.8,-0.01,36,28080,卖盘
2655,10:57:24,7.81,--,54,42174,买盘
2656,10:57:21,7.81,0.01,32,24992,买盘
2657,10:57:18,7.8,--,821,640380,买盘
2658,10:57:15,7.8,--,10,7800,买盘
2659,10:57:12,7.8,--,8,6240,买盘
2660,10:57:06,7.8,0.01,5,3900,买盘
2661,10:57:03,7.79,-0.01,97,75563,卖盘
2662,10:57:00,7.8,--,1262,984360,卖盘
2663,10:56:57,7.8,-0.01,33,25740,卖盘
2664,10:56:54,7.81,0.01,106,82786,买盘
2665,10:56:51,7.8,--,1,780,卖盘
2666,10:56:48,7.8,-0.01,37,28860,卖盘
2667,10:56:42,7.81,--,3,2343,买盘
2668,10:56:39,7.81,0.01,12,9372,买盘
2669,10:56:36,7.8,--,22,17160,卖盘
2670,10:56:33,7.8,-0.01,60,46800,卖盘
2671,10:56:30,7.81,0.01,16,12496,买盘
2672,10:56:27,7.8,--,30,23400,卖盘
2673,10:56:24,7.8,-0.01,293,228540,卖盘
2674,10:56:21,7.81,--,7,5467,买盘
2675,10:56:18,7.81,--,121,94501,买盘
2676,10:56:15,7.81,--,55,42955,买盘
2677,10:56:12,7.81,--,38,29678,买盘
2678,10:56:03,7.81,--,97,75757,买盘
2679,10:56:00,7.81,--,495,386595,卖盘
2680,10:55:57,7.81,-0.01,171,133551,卖盘
2681,10:55:54,7.82,0.01,8,6256,买盘
2682,10:55:51,7.81,-0.01,32,24992,卖盘
2683,10:55:42,7.82,0.01,208,162656,买盘
2684,10:55:39,7.81,-0.01,11,8591,卖盘
2685,10:55:36,7.82,0.01,31,24242,买盘
2686,10:55:33,7.81,-0.01,28,21868,卖盘
2687,10:55:30,7.82,--,6,4692,买盘
2688,10:55:24,7.82,--,28,21896,买盘
2689,10:55:21,7.82,0.01,7,5474,买盘
2690,10:55:18,7.81,-0.01,44,34364,卖盘
2691,10:55:15,7.82,--,10,7820,买盘
2692,10:55:12,7.82,--,94,73508,买盘
2693,10:55:03,7.82,--,48,37536,买盘
2694,10:55:00,7.82,0.01,2,1564,买盘
2695,10:54:57,7.81,--,16,12496,卖盘
2696,10:54:54,7.81,-0.01,3,2343,卖盘
2697,10:54:51,7.82,0.01,13,10166,买盘
2698,10:54:48,7.81,-0.01,70,54670,卖盘
2699,10:54:45,7.82,--,14,10948,买盘
2700,10:54:42,7.82,--,8,6256,买盘
2701,10:54:39,7.82,0.01,53,41446,买盘
2702,10:54:36,7.81,--,15,11715,卖盘
2703,10:54:33,7.81,-0.01,48,37488,卖盘
2704,10:54:30,7.82,--,73,57086,买盘
2705,10:54:21,7.82,0.01,2,1564,买盘
2706,10:54:18,7.81,--,42,32802,卖盘
2707,10:54:12,7.81,-0.01,32,24992,买盘
2708,10:54:09,7.82,0.02,23,17986,买盘
2709,10:54:06,7.8,-0.02,50,39000,卖盘
2710,10:54:03,7.82,--,59,46138,买盘
2711,10:54:00,7.82,0.01,1,782,买盘
2712,10:53:57,7.81,-0.01,65,50765,卖盘
2713,10:53:51,7.82,--,21,16422,买盘
2714,10:53:48,7.82,0.01,54,42228,买盘
2715,10:53:45,7.81,-0.01,5,3905,卖盘
2716,10:53:42,7.82,0.01,102,79764,买盘
2717,10:53:36,7.81,--,6,4686,卖盘
2718,10:53:33,7.81,-0.01,43,33583,卖盘
2719,10:53:30,7.82,0.01,338,264316,买盘
2720,10:53:27,7.81,--,44,34364,卖盘
2721,10:53:24,7.81,-0.01,6,4686,卖盘
2722,10:53:21,7.82,0.01,145,113390,买盘
2723,10:53:18,7.81,--,42,32802,卖盘
2724,10:53:15,7.81,-0.01,136,106216,卖盘
2725,10:53:12,7.82,0.01,26,20332,买盘
2726,10:53:09,7.81,--,100,78100,卖盘
2727,10:53:06,7.81,--,27,21087,卖盘
2728,10:53:03,7.81,--,45,35145,卖盘
2729,10:52:57,7.81,--,11,8591,卖盘
2730,10:52:51,7.81,--,6,4686,卖盘
2731,10:52:48,7.81,--,57,44517,卖盘
2732,10:52:45,7.81,--,1,781,卖盘
2733,10:52:42,7.81,--,76,59356,卖盘
2734,10:52:36,7.81,--,1,781,卖盘
2735,10:52:33,7.81,--,43,33583,卖盘
2736,10:52:30,7.81,--,160,125272,买盘
2737,10:52:27,7.81,--,33,25773,买盘
2738,10:52:24,7.81,--,54,42174,买盘
2739,10:52:21,7.81,--,117,91377,买盘
2740,10:52:18,7.81,--,1324,1034044,买盘
2741,10:52:15,7.81,--,13,10153,买盘
2742,10:52:12,7.81,0.01,95,74195,买盘
2743,10:52:06,7.8,--,6,4680,卖盘
2744,10:52:03,7.8,--,80,62400,卖盘
2745,10:51:57,7.8,--,38,29640,卖盘
2746,10:51:51,7.8,--,1,780,卖盘
2747,10:51:48,7.8,-0.01,42,32760,卖盘
2748,10:51:45,7.81,0.01,7,5467,买盘
2749,10:51:42,7.8,-0.01,25,19500,卖盘
2750,10:51:36,7.81,0.01,16,12496,买盘
2751,10:51:33,7.8,-0.01,44,34320,卖盘
2752,10:51:30,7.81,0.01,76,59356,买盘
2753,10:51:24,7.8,-0.01,60,46800,卖盘
2754,10:51:21,7.81,--,312,243672,买盘
2755,10:51:18,7.81,--,105,82005,买盘
2756,10:51:12,7.81,--,14,10934,买盘
2757,10:51:09,7.81,0.01,8,6248,买盘
2758,10:51:06,7.8,--,5,3900,卖盘
2759,10:51:03,7.8,-0.01,49,38220,卖盘
2760,10:51:00,7.81,0.01,95,74195,买盘
2761,10:50:57,7.8,-0.01,54,42120,卖盘
2762,10:50:51,7.81,--,30,23430,买盘
2763,10:50:48,7.81,0.01,105,82005,买盘
2764,10:50:45,7.8,-0.01,1,780,卖盘
2765,10:50:42,7.81,0.01,2,1562,买盘
2766,10:50:36,7.8,-0.01,21,16380,卖盘
2767,10:50:33,7.81,--,67,52327,买盘
2768,10:50:30,7.81,0.01,6,4686,买盘
2769,10:50:27,7.8,--,10,7800,卖盘
2770,10:50:21,7.8,--,1,780,卖盘
2771,10:50:18,7.8,-0.01,45,35100,卖盘
2772,10:50:15,7.81,--,3,2343,买盘
2773,10:50:09,7.81,0.01,27,21087,买盘
2774,10:50:06,7.8,--,67,52260,卖盘
2775,10:50:03,7.8,--,49,38220,卖盘
2776,10:49:57,7.8,-0.01,113,88140,卖盘
2777,10:49:54,7.81,0.01,28,21868,买盘
2778,10:49:48,7.8,--,45,35100,卖盘
2779,10:49:45,7.8,-0.01,31,24180,卖盘
2780,10:49:42,7.81,--,2,1562,买盘
2781,10:49:39,7.81,0.01,1,781,买盘
2782,10:49:36,7.8,--,19,14820,卖盘
2783,10:49:33,7.8,--,47,36660,卖盘
2784,10:49:30,7.8,--,11,8580,卖盘
2785,10:49:27,7.8,-0.01,62,48360,卖盘
2786,10:49:21,7.81,0.01,2,1562,买盘
2787,10:49:18,7.8,-0.01,59,46020,卖盘
2788,10:49:15,7.81,0.01,500,390500,买盘
2789,10:49:09,7.8,-0.01,13,10140,卖盘
2790,10:49:03,7.81,--,55,42955,买盘
2791,10:48:57,7.81,--,19,14839,买盘
2792,10:48:51,7.81,0.01,48,37488,买盘
2793,10:48:48,7.8,--,46,35880,卖盘
2794,10:48:45,7.8,-0.01,1,780,卖盘
2795,10:48:42,7.81,--,2,1562,买盘
2796,10:48:39,7.81,0.01,5,3905,买盘
2797,10:48:36,7.8,--,156,121680,卖盘
2798,10:48:33,7.8,--,86,67080,卖盘
2799,10:48:30,7.8,--,25,19500,卖盘
2800,10:48:27,7.8,--,2,1560,卖盘
2801,10:48:24,7.8,--,14,10920,卖盘
2802,10:48:21,7.8,--,1,780,卖盘
2803,10:48:18,7.8,-0.01,67,52260,卖盘
2804,10:48:15,7.81,0.01,51,39831,买盘
2805,10:48:06,7.8,--,96,74880,买盘
2806,10:48:03,7.8,-0.01,113,88140,卖盘
2807,10:48:00,7.81,0.01,10,7810,买盘
2808,10:47:57,7.8,--,60,46800,卖盘
2809,10:47:54,7.8,-0.01,26,20280,卖盘
2810,10:47:51,7.81,--,53,41393,买盘
2811,10:47:48,7.81,0.01,54,42174,买盘
2812,10:47:45,7.8,--,1,780,卖盘
2813,10:47:42,7.8,--,63,49140,买盘
2814,10:47:39,7.8,--,20,15600,买盘
2815,10:47:36,7.8,0.01,5,3900,买盘
2816,10:47:33,7.79,-0.01,55,42845,卖盘
2817,10:47:30,7.8,-0.01,2,1560,卖盘
2818,10:47:27,7.81,--,178,139018,买盘
2819,10:47:24,7.81,--,5,3905,买盘
2820,10:47:21,7.81,0.01,57,44517,买盘
2821,10:47:18,7.8,--,63,49608,卖盘
2822,10:47:09,7.8,--,9,7332,买盘
2823,10:47:06,7.8,--,100,78000,买盘
2824,10:47:03,7.8,0.01,47,36660,买盘
2825,10:46:57,7.79,-0.01,14,10906,卖盘
2826,10:46:54,7.8,--,38,29640,买盘
2827,10:46:51,7.8,0.01,12,9360,买盘
2828,10:46:48,7.79,-0.01,103,80704,卖盘
2829,10:46:45,7.8,-0.01,3,2340,卖盘
2830,10:46:42,7.81,0.01,1,781,买盘
2831,10:46:39,7.8,--,1,780,卖盘
2832,10:46:36,7.8,--,8,6240,卖盘
2833,10:46:33,7.8,--,56,43680,卖盘
2834,10:46:30,7.8,--,11,8580,卖盘
2835,10:46:27,7.8,-0.01,1,780,卖盘
2836,10:46:24,7.81,--,3,2343,买盘
2837,10:46:21,7.81,0.01,32,24992,买盘
2838,10:46:18,7.8,--,65,50700,卖盘
2839,10:46:15,7.8,--,1,780,卖盘
2840,10:46:06,7.8,--,73,57252,买盘
2841,10:46:03,7.8,--,31,24648,卖盘
2842,10:46:00,7.8,--,38,29640,卖盘
2843,10:45:57,7.8,--,29,22620,卖盘
2844,10:45:54,7.8,--,24,18720,卖盘
2845,10:45:51,7.8,-0.01,1,780,卖盘
2846,10:45:48,7.81,--,46,35926,买盘
2847,10:45:45,7.81,0.01,20,15620,买盘
2848,10:45:42,7.8,--,6,4680,卖盘
2849,10:45:39,7.8,--,131,102492,买盘
2850,10:45:36,7.8,--,27,21060,买盘
2851,10:45:33,7.8,--,196,153348,卖盘
2852,10:45:30,7.8,--,16,12480,卖盘
2853,10:45:27,7.8,-0.01,7,5460,卖盘
2854,10:45:24,7.81,--,2,1562,买盘
2855,10:45:21,7.81,0.01,102,79662,买盘
2856,10:45:18,7.8,-0.01,51,39780,卖盘
2857,10:45:15,7.81,--,46,35926,买盘
2858,10:45:12,7.81,0.01,1,781,买盘
2859,10:45:09,7.8,-0.01,69,53820,卖盘
2860,10:45:03,7.81,0.01,80,62480,买盘
2861,10:45:00,7.8,--,465,363012,卖盘
2862,10:44:57,7.8,--,37,28860,卖盘
2863,10:44:54,7.8,-0.01,34,26520,卖盘
2864,10:44:51,7.81,--,63,49203,买盘
2865,10:44:48,7.81,--,94,73414,买盘
2866,10:44:42,7.81,0.01,6,4686,买盘
2867,10:44:39,7.8,-0.01,37,28860,卖盘
2868,10:44:33,7.81,--,68,53108,买盘
2869,10:44:30,7.81,--,200,156200,买盘
2870,10:44:27,7.81,--,29,22649,买盘
2871,10:44:24,7.81,--,14,10934,买盘
2872,10:44:21,7.81,--,2,1562,买盘
2873,10:44:18,7.81,0.01,70,54670,买盘
2874,10:44:15,7.8,--,15,11700,卖盘
2875,10:44:12,7.8,--,7,5460,卖盘
2876,10:44:06,7.8,-0.01,4,3120,卖盘
2877,10:44:03,7.81,0.01,106,82786,买盘
2878,10:44:00,7.8,--,1,780,卖盘
2879,10:43:57,7.8,--,17,13260,卖盘
2880,10:43:51,7.8,--,5,3900,卖盘
2881,10:43:48,7.8,--,64,49920,卖盘
2882,10:43:45,7.8,--,19,14820,卖盘
2883,10:43:42,7.8,--,17,13260,卖盘
2884,10:43:39,7.8,--,6,4680,卖盘
2885,10:43:36,7.8,--,205,159900,卖盘
2886,10:43:33,7.8,-0.01,49,38220,卖盘
2887,10:43:27,7.81,--,28,21868,买盘
2888,10:43:21,7.81,0.01,20,15620,买盘
2889,10:43:18,7.8,-0.01,83,64740,卖盘
2890,10:43:12,7.81,0.01,46,35926,买盘
2891,10:43:06,7.8,-0.01,4,3120,卖盘
2892,10:43:03,7.81,0.01,50,39050,买盘
2893,10:43:00,7.8,--,39,30420,卖盘
2894,10:42:57,7.8,--,134,104520,卖盘
2895,10:42:54,7.8,-0.01,26,20280,卖盘
2896,10:42:51,7.81,0.01,22,17182,买盘
2897,10:42:48,7.8,--,64,49920,卖盘
2898,10:42:45,7.8,-0.01,19,14820,卖盘
2899,10:42:42,7.81,0.01,2,1562,买盘
2900,10:42:36,7.8,--,9,7020,卖盘
2901,10:42:33,7.8,-0.01,49,38220,卖盘
2902,10:42:30,7.81,--,9,7029,买盘
2903,10:42:27,7.81,--,21,16401,买盘
2904,10:42:24,7.81,--,1,781,买盘
2905,10:42:21,7.81,0.01,39,30459,买盘
2906,10:42:18,7.8,--,147,114660,卖盘
2907,10:42:15,7.8,--,40,31200,卖盘
2908,10:42:12,7.8,-0.01,22,17160,卖盘
2909,10:42:09,7.81,--,67,52327,买盘
2910,10:42:06,7.81,--,13,10153,买盘
2911,10:42:03,7.81,0.01,65,50765,买盘
2912,10:42:00,7.8,--,151,117780,卖盘
2913,10:41:57,7.8,--,34,26520,卖盘
2914,10:41:54,7.8,--,15,11700,卖盘
2915,10:41:51,7.8,-0.01,40,31200,卖盘
2916,10:41:48,7.81,0.01,849,663069,买盘
2917,10:41:45,7.8,--,29,22620,卖盘
2918,10:41:42,7.8,--,21,16380,卖盘
2919,10:41:39,7.8,--,2,1560,卖盘
2920,10:41:36,7.8,--,7,5460,卖盘
2921,10:41:33,7.8,--,49,38220,卖盘
2922,10:41:27,7.8,-0.01,1,780,卖盘
2923,10:41:24,7.81,--,75,58575,买盘
2924,10:41:21,7.81,0.01,11,8591,买盘
2925,10:41:18,7.8,--,49,38220,卖盘
2926,10:41:12,7.8,-0.01,11,8580,卖盘
