,time,price,change,volume,amount,type
0,15:00:03,11.51,--,2234,2571334,卖盘
1,14:57:00,11.51,--,10,11510,卖盘
2,14:56:57,11.51,0.01,284,327413,买盘
3,14:56:54,11.5,--,29,33350,卖盘
4,14:56:51,11.5,--,20,23000,卖盘
5,14:56:48,11.5,--,7,8050,卖盘
6,14:56:45,11.5,--,10,11500,卖盘
7,14:56:42,11.5,-0.01,30,34500,卖盘
8,14:56:39,11.51,0.01,1,1151,买盘
9,14:56:36,11.5,--,21,24150,卖盘
10,14:56:33,11.5,--,87,100050,卖盘
11,14:56:30,11.5,--,30,34500,买盘
12,14:56:27,11.5,--,5,5750,买盘
13,14:56:24,11.5,--,292,335800,卖盘
14,14:56:18,11.5,--,77,88550,卖盘
15,14:56:15,11.5,--,6,6900,卖盘
16,14:56:12,11.5,-0.01,5,5750,卖盘
17,14:56:09,11.51,0.01,28,32228,买盘
18,14:56:06,11.5,-0.01,16,18400,卖盘
19,14:56:03,11.51,-0.01,23,26473,买盘
20,14:56:00,11.52,--,62,71424,买盘
21,14:55:57,11.52,0.01,46,52992,买盘
22,14:55:54,11.51,--,1,1151,中性盘
23,14:55:51,11.51,0.01,192,220992,买盘
24,14:55:48,11.5,--,20,23000,卖盘
25,14:55:45,11.5,-0.01,33,37950,卖盘
26,14:55:36,11.51,0.01,115,132365,买盘
27,14:55:33,11.5,--,1,1150,卖盘
28,14:55:27,11.5,-0.01,30,34500,卖盘
29,14:55:24,11.51,-0.01,10,11510,买盘
30,14:55:18,11.52,0.02,447,514944,买盘
31,14:55:15,11.5,--,10,11500,卖盘
32,14:55:09,11.5,-0.02,26,29900,卖盘
33,14:55:06,11.52,--,3,3456,买盘
34,14:55:03,11.52,0.02,407,468864,买盘
35,14:54:57,11.5,-0.02,5,5750,卖盘
36,14:54:54,11.52,0.01,567,653184,买盘
37,14:54:51,11.51,0.01,7,8057,买盘
38,14:54:48,11.5,--,20,23000,卖盘
39,14:54:45,11.5,-0.01,34,39100,卖盘
40,14:54:42,11.51,-0.01,323,371773,卖盘
41,14:54:39,11.52,0.01,26,29952,买盘
42,14:54:36,11.51,0.01,5,5755,买盘
43,14:54:33,11.5,--,1,1150,卖盘
44,14:54:30,11.5,-0.02,11,12650,卖盘
45,14:54:27,11.52,--,25,28800,买盘
46,14:54:15,11.52,0.02,25,28800,买盘
47,14:54:09,11.5,--,72,82800,卖盘
48,14:54:06,11.5,--,6,6900,卖盘
49,14:54:03,11.5,--,109,125350,卖盘
50,14:54:00,11.5,--,5,5750,卖盘
51,14:53:57,11.5,-0.02,200,230000,卖盘
52,14:53:51,11.52,--,74,85248,买盘
53,14:53:48,11.52,0.01,366,421632,买盘
54,14:53:42,11.51,0.01,7,8057,买盘
55,14:53:39,11.5,-0.01,100,115000,卖盘
56,14:53:36,11.51,--,35,40285,买盘
57,14:53:30,11.51,0.01,7,8057,买盘
58,14:53:27,11.5,-0.01,32,37490,卖盘
59,14:53:18,11.51,0.01,32,37292,买盘
60,14:53:15,11.5,--,1,1150,卖盘
61,14:53:12,11.5,--,40,46000,卖盘
62,14:53:06,11.5,--,37,42550,卖盘
63,14:53:03,11.5,--,377,433550,卖盘
64,14:53:00,11.5,-0.01,156,179400,卖盘
65,14:52:57,11.51,--,98,112798,买盘
66,14:52:54,11.51,--,407,468457,买盘
67,14:52:51,11.51,0.01,5,5755,买盘
68,14:52:45,11.5,-0.01,7,8050,卖盘
69,14:52:42,11.51,--,13,14963,买盘
70,14:52:39,11.51,--,10,11510,买盘
71,14:52:36,11.51,--,2,2302,卖盘
72,14:52:33,11.51,-0.01,50,57550,卖盘
73,14:52:27,11.52,0.01,9,10368,买盘
74,14:52:24,11.51,-0.01,5,5755,卖盘
75,14:52:21,11.52,0.03,7,8064,买盘
76,14:52:18,11.49,-0.03,1860,2137898,卖盘
77,14:52:09,11.52,--,7,8064,买盘
78,14:52:06,11.52,--,17,19584,买盘
79,14:52:03,11.52,--,52,59904,买盘
80,14:52:00,11.52,--,55,63360,买盘
81,14:51:57,11.52,--,7,8064,买盘
82,14:51:54,11.52,--,31,35712,买盘
83,14:51:48,11.52,--,59,68613,卖盘
84,14:51:45,11.52,--,12,13824,卖盘
85,14:51:42,11.52,-0.01,14,16128,卖盘
86,14:51:36,11.53,0.01,12,13836,买盘
87,14:51:33,11.52,--,52,60410,买盘
88,14:51:30,11.52,--,26,29952,买盘
89,14:51:27,11.52,--,53,61056,买盘
90,14:51:24,11.52,--,11,12672,买盘
91,14:51:18,11.52,-0.01,103,118840,卖盘
92,14:51:12,11.53,0.01,7,8071,买盘
93,14:51:09,11.52,-0.01,73,84096,卖盘
94,14:51:06,11.53,0.01,32,36896,买盘
95,14:51:03,11.52,-0.01,1,1152,卖盘
96,14:51:00,11.53,--,14,16142,买盘
97,14:50:57,11.53,0.01,58,66874,买盘
98,14:50:54,11.52,-0.01,1,1152,卖盘
99,14:50:51,11.53,--,7,8071,买盘
100,14:50:48,11.53,0.01,20,23060,买盘
101,14:50:45,11.52,-0.01,3,3456,卖盘
102,14:50:39,11.53,--,46,53038,买盘
103,14:50:27,11.53,--,37,42661,买盘
104,14:50:21,11.53,--,18,20754,买盘
105,14:50:18,11.53,0.01,93,108197,买盘
106,14:50:15,11.52,--,7,8064,买盘
107,14:50:12,11.52,--,4,4608,买盘
108,14:50:09,11.52,-0.01,33,38016,卖盘
109,14:50:06,11.53,--,20,23060,买盘
110,14:50:00,11.53,--,21,24213,卖盘
111,14:49:54,11.53,-0.01,1,1153,中性盘
112,14:49:51,11.54,--,114,131556,买盘
113,14:49:39,11.54,0.01,20,23080,买盘
114,14:49:36,11.53,--,50,57650,卖盘
115,14:49:33,11.53,--,10,11530,卖盘
116,14:49:30,11.53,--,4,4612,卖盘
117,14:49:27,11.53,--,32,36896,卖盘
118,14:49:24,11.53,--,5,5765,卖盘
119,14:49:21,11.53,--,20,23060,卖盘
120,14:49:18,11.53,--,12,13836,卖盘
121,14:49:15,11.53,0.01,572,659516,买盘
122,14:49:12,11.52,-0.01,18,20736,卖盘
123,14:49:06,11.53,0.01,2,2306,买盘
124,14:49:03,11.52,-0.01,3,3456,卖盘
125,14:49:00,11.53,0.01,59,68027,买盘
126,14:48:57,11.52,0.01,3,3456,买盘
127,14:48:54,11.51,-0.02,104,119704,卖盘
128,14:48:51,11.53,0.01,19,21907,买盘
129,14:48:48,11.52,--,139,160128,买盘
130,14:48:45,11.52,0.01,7,8064,买盘
131,14:48:42,11.51,-0.01,4,4604,卖盘
132,14:48:33,11.52,--,63,72576,中性盘
133,14:48:30,11.52,--,30,34560,卖盘
134,14:48:27,11.52,--,9,10368,卖盘
135,14:48:18,11.52,--,1,1152,卖盘
136,14:48:15,11.52,--,1,1152,卖盘
137,14:48:12,11.52,0.01,3,3456,中性盘
138,14:48:06,11.51,-0.03,28,32228,买盘
139,14:48:03,11.54,0.01,660,761640,买盘
140,14:48:00,11.53,0.02,94,108382,买盘
141,14:47:57,11.51,--,30,34530,买盘
142,14:47:51,11.51,--,27,31077,买盘
143,14:47:48,11.51,--,28,32918,卖盘
144,14:47:45,11.51,--,8,9208,卖盘
145,14:47:42,11.51,-0.02,13,15423,卖盘
146,14:47:36,11.53,--,41,47273,买盘
147,14:47:33,11.53,0.01,2,2306,买盘
148,14:47:30,11.52,--,3,3456,卖盘
149,14:47:27,11.52,0.02,4,4608,买盘
150,14:47:24,11.5,0.01,110,126500,买盘
151,14:47:21,11.49,-0.01,43,49407,卖盘
152,14:47:15,11.5,--,54,62100,买盘
153,14:47:12,11.5,--,51,58650,卖盘
154,14:47:09,11.5,--,70,80500,卖盘
155,14:47:06,11.5,0.01,62,71300,买盘
156,14:47:03,11.49,-0.01,16,18384,卖盘
157,14:47:00,11.5,0.01,31,35650,买盘
158,14:46:57,11.49,-0.01,405,465345,卖盘
159,14:46:54,11.5,--,58,66700,买盘
160,14:46:51,11.5,--,10,11500,买盘
161,14:46:45,11.5,0.01,34,39100,中性盘
162,14:46:39,11.49,--,26,29874,买盘
163,14:46:36,11.49,-0.01,30,34470,买盘
164,14:46:30,11.5,-0.01,7,8050,买盘
165,14:46:24,11.51,0.06,1,1151,买盘
166,14:46:21,11.45,-0.06,97,111065,中性盘
167,14:46:18,11.51,--,7,8057,买盘
168,14:46:12,11.51,-0.02,5,5755,中性盘
169,14:46:09,11.53,0.16,21,24213,中性盘
170,14:46:06,11.37,-0.18,10052,11429124,卖盘
171,14:46:03,11.55,--,1,1155,买盘
172,14:45:54,11.55,0.02,7,8085,买盘
173,14:45:45,11.53,-0.01,8,9224,卖盘
174,14:45:42,11.54,--,3,3461,买盘
175,14:45:36,11.54,--,8,9232,买盘
176,14:45:33,11.54,0.01,7,8077,买盘
177,14:45:30,11.53,-0.01,5,5765,卖盘
178,14:45:27,11.54,-0.01,5,5770,中性盘
179,14:45:21,11.55,--,7,8085,买盘
180,14:45:09,11.55,0.01,20,23100,买盘
181,14:45:06,11.54,--,1,1154,买盘
182,14:45:03,11.54,-0.01,6,6923,中性盘
183,14:44:57,11.55,--,37,42735,买盘
184,14:44:54,11.55,0.02,44,50820,买盘
185,14:44:51,11.53,-0.01,4,4612,卖盘
186,14:44:48,11.54,-0.01,6,6923,中性盘
187,14:44:45,11.55,0.01,130,150150,买盘
188,14:44:39,11.54,--,7,8077,卖盘
189,14:44:36,11.54,--,516,595464,卖盘
190,14:44:33,11.54,--,1,1154,卖盘
191,14:44:30,11.54,-0.01,11,12693,卖盘
192,14:44:27,11.55,--,1,1155,买盘
193,14:44:21,11.55,0.01,195,225225,买盘
194,14:44:09,11.54,0.01,11,12693,中性盘
195,14:44:06,11.53,-0.01,4,4612,卖盘
196,14:44:00,11.54,0.01,7,8077,买盘
197,14:43:54,11.53,-0.02,5,5765,卖盘
198,14:43:45,11.55,0.02,491,567105,买盘
199,14:43:39,11.53,--,25,28825,卖盘
200,14:43:30,11.53,--,121,139513,卖盘
201,14:43:27,11.53,--,27,31131,卖盘
202,14:43:18,11.53,-0.01,1,1153,卖盘
203,14:43:15,11.54,--,8,9232,买盘
204,14:43:09,11.54,0.01,1,1154,买盘
205,14:43:06,11.53,--,4,4612,卖盘
206,14:43:03,11.53,--,3,3459,卖盘
207,14:43:00,11.53,--,495,570735,卖盘
208,14:42:48,11.53,0.01,24,27672,买盘
209,14:42:45,11.52,-0.01,1,1152,卖盘
210,14:42:42,11.53,--,7,8071,买盘
211,14:42:33,11.53,-0.02,47,54191,卖盘
212,14:42:30,11.55,0.01,2315,2673825,买盘
213,14:42:27,11.54,--,3,3461,卖盘
214,14:42:24,11.54,--,5,5770,买盘
215,14:42:21,11.54,--,5,5770,卖盘
216,14:42:18,11.54,--,71,81934,买盘
217,14:42:15,11.54,--,3,3461,买盘
218,14:42:12,11.54,--,17,19618,买盘
219,14:42:09,11.54,-0.01,535,617390,卖盘
220,14:42:06,11.55,0.01,17,19635,买盘
221,14:42:03,11.54,--,41,47314,卖盘
222,14:42:00,11.54,-0.01,3,3461,卖盘
223,14:41:57,11.55,0.01,7,8085,买盘
224,14:41:48,11.54,--,41,47314,卖盘
225,14:41:45,11.54,-0.01,12,13847,卖盘
226,14:41:39,11.55,--,23,26565,买盘
227,14:41:33,11.55,0.01,11,12705,买盘
228,14:41:30,11.54,-0.01,20,23080,卖盘
229,14:41:21,11.55,--,491,567105,买盘
230,14:41:15,11.55,0.01,7,8085,买盘
231,14:41:09,11.54,--,1,1154,卖盘
232,14:41:06,11.54,--,60,69240,买盘
233,14:41:03,11.54,--,4,4616,卖盘
234,14:41:00,11.54,--,4,4616,买盘
235,14:40:57,11.54,0.01,6,6923,中性盘
236,14:40:51,11.53,-0.01,24,27672,卖盘
237,14:40:48,11.54,0.01,12,13847,买盘
238,14:40:42,11.53,-0.02,2,2306,卖盘
239,14:40:36,11.55,0.01,7,8085,买盘
240,14:40:30,11.54,--,17,19618,买盘
241,14:40:27,11.54,-0.01,55,63469,卖盘
242,14:40:21,11.55,--,14,16170,买盘
243,14:40:15,11.55,0.01,33,38115,买盘
244,14:40:12,11.54,--,521,601234,卖盘
245,14:40:09,11.54,--,130,150020,买盘
246,14:40:03,11.54,0.01,53,61161,买盘
247,14:39:54,11.53,-0.01,17,19601,卖盘
248,14:39:51,11.54,--,103,118861,买盘
249,14:39:39,11.54,0.01,8,9232,买盘
250,14:39:33,11.53,--,5,5765,卖盘
251,14:39:30,11.53,-0.01,276,318228,卖盘
252,14:39:27,11.54,--,7,8077,买盘
253,14:39:18,11.54,0.01,7,8077,买盘
254,14:39:12,11.53,-0.01,16,18448,卖盘
255,14:39:09,11.54,-0.01,3,3461,卖盘
256,14:39:06,11.55,--,2,2310,买盘
257,14:39:03,11.55,--,23,26565,买盘
258,14:38:57,11.55,--,10,11550,买盘
259,14:38:45,11.55,0.01,492,568260,买盘
260,14:38:42,11.54,--,5,5770,卖盘
261,14:38:36,11.54,-0.01,4,4616,卖盘
262,14:38:33,11.55,0.01,18,20790,买盘
263,14:38:30,11.54,0.01,6,6923,买盘
264,14:38:27,11.53,--,201,231753,卖盘
265,14:38:24,11.53,-0.01,1,1153,卖盘
266,14:38:21,11.54,0.01,13,15001,买盘
267,14:38:18,11.53,--,5,5765,卖盘
268,14:38:12,11.53,-0.01,9,10377,卖盘
269,14:38:09,11.54,--,1,1154,买盘
270,14:38:06,11.54,0.01,1,1154,中性盘
271,14:38:00,11.53,-0.02,10,11530,卖盘
272,14:37:48,11.55,0.01,12,13860,买盘
273,14:37:45,11.54,0.01,7,8077,买盘
274,14:37:42,11.53,0.01,10,11530,买盘
275,14:37:39,11.52,-0.01,10,11520,卖盘
276,14:37:36,11.53,--,14,16142,卖盘
277,14:37:30,11.53,--,30,34590,卖盘
278,14:37:27,11.53,--,74,85414,买盘
279,14:37:24,11.53,--,27,31131,买盘
280,14:37:18,11.53,--,12,13836,买盘
281,14:37:12,11.53,--,18,20754,买盘
282,14:37:09,11.53,--,51,58803,买盘
283,14:37:06,11.53,--,1,1153,买盘
284,14:37:03,11.53,--,9,10377,买盘
285,14:37:00,11.53,--,12,13836,买盘
286,14:36:51,11.53,--,33,39109,卖盘
287,14:36:48,11.53,-0.02,6,6918,卖盘
288,14:36:42,11.55,0.01,1258,1452990,买盘
289,14:36:39,11.54,0.01,53,61161,买盘
290,14:36:36,11.53,--,7,8071,卖盘
291,14:36:33,11.53,--,280,322932,买盘
292,14:36:30,11.53,0.01,25,28825,买盘
293,14:36:27,11.52,--,53,61056,买盘
294,14:36:15,11.52,--,7,8064,买盘
295,14:36:12,11.52,-0.01,29,33408,卖盘
296,14:36:09,11.53,--,345,397785,买盘
297,14:36:06,11.53,0.01,1,1153,买盘
298,14:36:03,11.52,--,7,8064,买盘
299,14:36:00,11.52,--,9,10368,卖盘
300,14:35:57,11.52,--,6,6912,卖盘
301,14:35:54,11.52,--,28,32256,买盘
302,14:35:51,11.52,0.01,50,57600,买盘
303,14:35:48,11.51,--,25,28775,卖盘
304,14:35:45,11.51,-0.01,36,41436,卖盘
305,14:35:42,11.52,--,27,31104,买盘
306,14:35:33,11.52,--,42,48384,买盘
307,14:35:30,11.52,0.01,52,59904,买盘
308,14:35:24,11.51,-0.01,30,34530,卖盘
309,14:35:18,11.52,0.01,7,8064,买盘
310,14:35:15,11.51,--,1,1151,卖盘
311,14:35:12,11.51,-0.01,18,20718,卖盘
312,14:35:09,11.52,0.01,7,8064,买盘
313,14:35:06,11.51,-0.01,82,94382,卖盘
314,14:35:03,11.52,--,57,65664,买盘
315,14:34:57,11.52,--,507,584064,买盘
316,14:34:54,11.52,0.01,16,18432,买盘
317,14:34:45,11.51,--,16,18416,卖盘
318,14:34:42,11.51,--,3,3453,卖盘
319,14:34:39,11.51,--,4,4604,卖盘
320,14:34:36,11.51,-0.01,15,17265,卖盘
321,14:34:33,11.52,--,7,8064,买盘
322,14:34:27,11.52,0.01,24,27648,买盘
323,14:34:24,11.51,-0.01,4,4604,卖盘
324,14:34:21,11.52,--,7,8064,买盘
325,14:34:18,11.52,--,96,110592,买盘
326,14:34:15,11.52,0.01,29,33408,买盘
327,14:34:12,11.51,-0.01,12,13812,卖盘
328,14:34:09,11.52,--,426,490752,买盘
329,14:34:06,11.52,--,3,3456,买盘
330,14:34:03,11.52,--,6,6912,买盘
331,14:34:00,11.52,0.01,7,8064,买盘
332,14:33:54,11.51,-0.01,11,12661,卖盘
333,14:33:51,11.52,0.01,9,10368,买盘
334,14:33:48,11.51,--,8,9208,卖盘
335,14:33:45,11.51,--,200,230200,卖盘
336,14:33:42,11.51,--,5,5755,卖盘
337,14:33:39,11.51,--,1,1151,卖盘
338,14:33:36,11.51,--,45,51795,卖盘
339,14:33:33,11.51,--,263,302713,卖盘
340,14:33:30,11.51,-0.01,185,212935,卖盘
341,14:33:24,11.52,0.01,34,39168,买盘
342,14:33:21,11.51,-0.01,5,5755,卖盘
343,14:33:18,11.52,0.01,8,9216,买盘
344,14:33:15,11.51,--,17,19567,卖盘
345,14:33:12,11.51,-0.01,31,35681,卖盘
346,14:33:06,11.52,--,5,5760,买盘
347,14:33:03,11.52,--,204,235008,卖盘
348,14:32:57,11.52,--,201,231552,卖盘
349,14:32:51,11.52,--,108,124416,卖盘
350,14:32:48,11.52,--,25,28800,卖盘
351,14:32:42,11.52,-0.01,20,23040,卖盘
352,14:32:39,11.53,0.01,42,48426,买盘
353,14:32:33,11.52,-0.01,100,115200,卖盘
354,14:32:30,11.53,0.01,7,8071,买盘
355,14:32:27,11.52,-0.01,88,101376,卖盘
356,14:32:24,11.53,--,1,1153,买盘
357,14:32:21,11.53,0.01,10,11530,买盘
358,14:32:18,11.52,--,17,19584,卖盘
359,14:32:15,11.52,-0.01,90,103680,卖盘
360,14:32:09,11.53,--,6,6918,买盘
361,14:32:06,11.53,0.01,12,13836,买盘
362,14:32:03,11.52,--,1,1152,卖盘
363,14:32:00,11.52,--,1,1152,卖盘
364,14:31:57,11.52,-0.01,6,6912,卖盘
365,14:31:54,11.53,0.01,11,12683,买盘
366,14:31:48,11.52,--,8,9216,卖盘
367,14:31:45,11.52,-0.01,4,4608,卖盘
368,14:31:42,11.53,--,7,8071,买盘
369,14:31:33,11.53,-0.01,122,141726,卖盘
370,14:31:30,11.54,0.01,186,214643,买盘
371,14:31:27,11.53,--,234,269802,卖盘
372,14:31:24,11.53,--,225,259425,卖盘
373,14:31:21,11.53,--,216,249048,卖盘
374,14:31:18,11.53,--,3,3459,卖盘
375,14:31:15,11.53,--,100,115300,卖盘
376,14:31:09,11.53,-0.01,654,754062,卖盘
377,14:31:06,11.54,0.01,3,3461,买盘
378,14:31:03,11.53,-0.01,498,574194,卖盘
379,14:30:57,11.54,0.01,7,8077,买盘
380,14:30:48,11.53,-0.01,11,12683,卖盘
381,14:30:45,11.54,0.01,27,31157,买盘
382,14:30:42,11.53,--,20,23060,卖盘
383,14:30:36,11.53,--,16,18448,卖盘
384,14:30:33,11.53,--,55,63415,卖盘
385,14:30:30,11.53,--,5,5765,卖盘
386,14:30:27,11.53,-0.01,112,129136,卖盘
387,14:30:24,11.54,0.01,8,9232,买盘
388,14:30:21,11.53,-0.01,403,464659,卖盘
389,14:30:18,11.54,0.01,4,4616,买盘
390,14:30:15,11.53,-0.01,3,3459,卖盘
391,14:30:12,11.54,--,7,8077,买盘
392,14:30:09,11.54,--,5,5770,买盘
393,14:30:06,11.54,0.01,32,36928,买盘
394,14:30:03,11.53,-0.01,3,3459,卖盘
395,14:30:00,11.54,--,7,8077,买盘
396,14:29:54,11.54,0.01,4,4616,买盘
397,14:29:51,11.53,--,8,9224,卖盘
398,14:29:48,11.53,--,7,8071,卖盘
399,14:29:45,11.53,--,4,4612,卖盘
400,14:29:42,11.53,--,25,28825,卖盘
401,14:29:39,11.53,-0.01,9,10377,卖盘
402,14:29:33,11.54,--,3,3461,买盘
403,14:29:27,11.54,0.01,27,31157,买盘
404,14:29:18,11.53,-0.01,5,5765,卖盘
405,14:29:15,11.54,--,7,8077,买盘
406,14:29:09,11.54,--,4,4616,买盘
407,14:29:06,11.54,0.01,7,8077,买盘
408,14:29:03,11.53,--,5,5765,卖盘
409,14:29:00,11.53,--,20,23060,卖盘
410,14:28:57,11.53,--,147,169491,卖盘
411,14:28:54,11.53,-0.01,86,99158,卖盘
412,14:28:48,11.54,0.01,61,70394,买盘
413,14:28:45,11.53,-0.01,61,70333,卖盘
414,14:28:42,11.54,--,8,9232,买盘
415,14:28:39,11.54,0.01,143,165022,买盘
416,14:28:36,11.53,-0.01,72,83016,卖盘
417,14:28:30,11.54,0.01,7,8077,买盘
418,14:28:27,11.53,--,54,62262,卖盘
419,14:28:24,11.53,--,10,11530,卖盘
420,14:28:21,11.53,-0.01,37,42661,卖盘
421,14:28:18,11.54,0.01,7,8077,买盘
422,14:28:15,11.53,--,20,23060,卖盘
423,14:28:12,11.53,--,217,250201,卖盘
424,14:28:09,11.53,--,25,28825,卖盘
425,14:28:06,11.53,--,8,9224,卖盘
426,14:28:00,11.53,--,1,1153,卖盘
427,14:27:57,11.53,-0.01,10,11530,卖盘
428,14:27:54,11.54,0.01,13,15001,买盘
429,14:27:51,11.53,-0.01,18,20754,卖盘
430,14:27:48,11.54,--,5,5770,买盘
431,14:27:45,11.54,0.01,7,8077,买盘
432,14:27:42,11.53,--,3,3459,卖盘
433,14:27:39,11.53,-0.01,145,167185,卖盘
434,14:27:36,11.54,--,151,174254,买盘
435,14:27:33,11.54,0.01,7,8077,买盘
436,14:27:27,11.53,-0.01,64,73792,卖盘
437,14:27:24,11.54,--,42,48468,买盘
438,14:27:18,11.54,0.01,6,6923,买盘
439,14:27:12,11.53,--,12,13836,卖盘
440,14:27:06,11.53,-0.01,22,25366,卖盘
441,14:27:03,11.54,--,947,1093645,卖盘
442,14:27:00,11.54,--,58,66932,卖盘
443,14:26:57,11.54,--,3,3461,卖盘
444,14:26:54,11.54,--,203,234261,卖盘
445,14:26:51,11.54,-0.01,3,3461,卖盘
446,14:26:48,11.55,0.01,42,48510,买盘
447,14:26:42,11.54,--,1,1154,卖盘
448,14:26:39,11.54,-0.01,2,2308,卖盘
449,14:26:36,11.55,0.01,7,8085,买盘
450,14:26:33,11.54,--,33,38082,卖盘
451,14:26:30,11.54,-0.01,21,24234,卖盘
452,14:26:27,11.55,0.01,37,42735,买盘
453,14:26:21,11.54,--,36,41544,卖盘
454,14:26:18,11.54,-0.01,200,230799,卖盘
455,14:26:15,11.55,0.01,7,8085,买盘
456,14:26:12,11.54,-0.01,4,4616,卖盘
457,14:26:09,11.55,--,6,6930,买盘
458,14:26:03,11.55,0.01,11,12705,买盘
459,14:25:57,11.54,-0.01,33,38082,卖盘
460,14:25:51,11.55,--,26,30030,买盘
461,14:25:45,11.55,--,9,10395,买盘
462,14:25:42,11.55,--,7,8085,买盘
463,14:25:39,11.55,0.01,2,2310,买盘
464,14:25:36,11.54,--,5,5770,卖盘
465,14:25:33,11.54,-0.01,100,115399,卖盘
466,14:25:30,11.55,0.01,7,8085,买盘
467,14:25:24,11.54,-0.01,19,21926,卖盘
468,14:25:21,11.55,0.01,6,6930,买盘
469,14:25:18,11.54,--,64,73856,卖盘
470,14:25:15,11.54,-0.01,4,4616,卖盘
471,14:25:06,11.55,0.01,8,9240,买盘
472,14:25:03,11.54,-0.01,63,72702,卖盘
473,14:25:00,11.55,0.01,3,3465,买盘
474,14:24:57,11.54,-0.01,1,1154,卖盘
475,14:24:54,11.55,0.01,8,9240,买盘
476,14:24:48,11.54,--,7,8077,卖盘
477,14:24:45,11.54,-0.01,17,19618,卖盘
478,14:24:42,11.55,--,1,1155,买盘
479,14:24:33,11.55,--,7,8085,买盘
480,14:24:30,11.55,0.01,72,83160,买盘
481,14:24:24,11.54,--,7,8077,卖盘
482,14:24:21,11.54,--,207,238877,卖盘
483,14:24:15,11.54,-0.01,203,234261,卖盘
484,14:24:09,11.55,0.01,8,9240,买盘
485,14:24:06,11.54,--,25,28849,卖盘
486,14:24:03,11.54,--,5,5770,卖盘
487,14:24:00,11.54,--,14,16155,卖盘
488,14:23:54,11.54,--,1,1154,卖盘
489,14:23:51,11.54,-0.01,5,5770,卖盘
490,14:23:48,11.55,0.01,15,17325,买盘
491,14:23:45,11.54,-0.01,1,1154,卖盘
492,14:23:42,11.55,0.01,84,97020,买盘
493,14:23:39,11.54,-0.01,2,2308,卖盘
494,14:23:36,11.55,0.01,7,8085,买盘
495,14:23:33,11.54,--,73,84242,卖盘
496,14:23:30,11.54,--,2,2308,卖盘
497,14:23:27,11.54,-0.01,1,1154,卖盘
498,14:23:24,11.55,--,8,9240,买盘
499,14:23:12,11.55,0.01,10,11550,买盘
500,14:23:06,11.54,-0.01,2,2308,卖盘
501,14:23:03,11.55,--,34,39270,买盘
502,14:22:57,11.55,--,9,10395,买盘
503,14:22:54,11.55,--,100,115500,买盘
504,14:22:51,11.55,--,31,35805,买盘
505,14:22:42,11.55,--,30,34650,买盘
506,14:22:39,11.55,--,40,46200,买盘
507,14:22:36,11.55,0.01,1,1155,买盘
508,14:22:33,11.54,--,16,18464,卖盘
509,14:22:30,11.54,-0.01,283,326582,卖盘
510,14:22:27,11.55,--,9,10395,买盘
511,14:22:24,11.55,--,6,6930,买盘
512,14:22:15,11.55,--,18,20790,卖盘
513,14:22:12,11.55,--,12,13860,卖盘
514,14:22:09,11.55,-0.01,105,121275,卖盘
515,14:22:06,11.56,--,7,8092,买盘
516,14:22:03,11.56,0.01,3,3468,买盘
517,14:21:57,11.55,0.01,183,211365,买盘
518,14:21:54,11.54,-0.01,61,70394,卖盘
519,14:21:51,11.55,--,19,21945,买盘
520,14:21:48,11.55,--,6,6930,买盘
521,14:21:45,11.55,--,10,11550,买盘
522,14:21:42,11.55,--,7,8085,买盘
523,14:21:39,11.55,--,11,12705,买盘
524,14:21:36,11.55,--,4,4620,买盘
525,14:21:33,11.55,--,14,16170,买盘
526,14:21:30,11.55,--,139,160545,买盘
527,14:21:27,11.55,0.01,10,11550,买盘
528,14:21:24,11.54,-0.01,4,4616,卖盘
529,14:21:21,11.55,0.01,8,9240,买盘
530,14:21:18,11.54,-0.01,3,3461,卖盘
531,14:21:12,11.55,--,20,23100,买盘
532,14:21:09,11.55,--,7,8085,买盘
533,14:21:06,11.55,--,2,2310,买盘
534,14:21:03,11.55,--,10,11550,买盘
535,14:21:00,11.55,0.01,22,25410,中性盘
536,14:20:57,11.54,-0.01,34,39236,卖盘
537,14:20:54,11.55,--,130,150150,买盘
538,14:20:51,11.55,--,3,3465,买盘
539,14:20:45,11.55,0.01,7,8085,买盘
540,14:20:42,11.54,-0.01,16,18464,卖盘
541,14:20:39,11.55,0.01,112,129360,买盘
542,14:20:36,11.54,-0.01,8,9232,卖盘
543,14:20:33,11.55,--,5,5775,买盘
544,14:20:30,11.55,-0.01,53,61215,卖盘
545,14:20:27,11.56,--,54,62424,买盘
546,14:20:24,11.56,0.01,66,76296,买盘
547,14:20:21,11.55,--,150,173250,卖盘
548,14:20:15,11.55,-0.01,74,85470,卖盘
549,14:20:12,11.56,--,28,32368,买盘
550,14:20:06,11.56,0.01,2,2312,买盘
551,14:20:03,11.55,-0.01,244,281820,卖盘
552,14:20:00,11.56,--,7,8092,买盘
553,14:19:48,11.56,0.01,10,11560,买盘
554,14:19:45,11.55,--,13,15015,卖盘
555,14:19:42,11.55,-0.01,10,11550,卖盘
556,14:19:39,11.56,--,49,56644,买盘
557,14:19:36,11.56,0.01,4,4624,买盘
558,14:19:33,11.55,--,1,1155,卖盘
559,14:19:30,11.55,-0.01,30,34650,卖盘
560,14:19:27,11.56,0.01,7,8092,买盘
561,14:19:21,11.55,--,4,4620,卖盘
562,14:19:18,11.55,--,103,118965,买盘
563,14:19:15,11.55,-0.01,27,31185,买盘
564,14:19:12,11.56,0.02,44,50864,买盘
565,14:19:06,11.54,-0.01,4,4616,卖盘
566,14:19:03,11.55,0.01,9,10395,买盘
567,14:19:00,11.54,--,1,1154,卖盘
568,14:18:57,11.54,--,3,3461,卖盘
569,14:18:54,11.54,-0.01,8,9232,卖盘
570,14:18:51,11.55,--,3,3465,买盘
571,14:18:48,11.55,--,8,9240,买盘
572,14:18:42,11.55,--,14,16170,买盘
573,14:18:39,11.55,-0.01,317,366135,卖盘
574,14:18:36,11.56,--,92,106352,买盘
575,14:18:33,11.56,--,58,67048,买盘
576,14:18:30,11.56,--,9,10404,买盘
577,14:18:24,11.56,--,2,2312,买盘
578,14:18:18,11.56,0.01,12,13872,买盘
579,14:18:15,11.55,--,20,23100,卖盘
580,14:18:09,11.55,-0.01,3,3465,卖盘
581,14:18:06,11.56,--,7,8092,买盘
582,14:18:03,11.56,0.01,7,8092,买盘
583,14:18:00,11.55,-0.01,44,50820,卖盘
584,14:17:57,11.56,--,10,11560,买盘
585,14:17:51,11.56,0.01,9,10404,买盘
586,14:17:45,11.55,-0.01,8,9240,卖盘
587,14:17:42,11.56,--,6,6936,买盘
588,14:17:39,11.56,0.01,3,3468,买盘
589,14:17:36,11.55,-0.01,4,4620,卖盘
590,14:17:33,11.56,0.01,7,8092,买盘
591,14:17:30,11.55,--,12,13860,卖盘
592,14:17:27,11.55,--,30,34650,卖盘
593,14:17:24,11.55,-0.01,4,4620,卖盘
594,14:17:21,11.56,--,44,50864,买盘
595,14:17:12,11.56,0.01,24,27744,买盘
596,14:17:09,11.55,-0.01,5,5775,卖盘
597,14:17:03,11.56,--,3,3468,买盘
598,14:17:00,11.56,--,7,8092,买盘
599,14:16:57,11.56,--,6,6936,买盘
600,14:16:51,11.56,--,57,65892,买盘
601,14:16:48,11.56,--,8,9248,买盘
602,14:16:36,11.56,0.01,45,52020,买盘
603,14:16:33,11.55,--,3,3465,卖盘
604,14:16:27,11.55,-0.01,53,61215,卖盘
605,14:16:24,11.56,--,20,23120,买盘
606,14:16:21,11.56,0.01,11,12716,买盘
607,14:16:18,11.55,--,6,6930,卖盘
608,14:16:15,11.55,--,8,9240,卖盘
609,14:16:09,11.55,-0.01,100,115500,卖盘
610,14:16:06,11.56,0.01,6,6936,买盘
611,14:16:03,11.55,-0.01,10,11550,卖盘
612,14:16:00,11.56,0.01,37,42772,买盘
613,14:15:57,11.55,-0.01,31,35805,卖盘
614,14:15:54,11.56,--,50,57800,买盘
615,14:15:51,11.56,0.01,8,9248,买盘
616,14:15:48,11.55,-0.01,3,3465,卖盘
617,14:15:39,11.56,0.01,21,24276,买盘
618,14:15:36,11.55,-0.01,93,107415,卖盘
619,14:15:27,11.56,--,7,8092,买盘
620,14:15:21,11.56,--,40,46240,买盘
621,14:15:18,11.56,--,7,8092,买盘
622,14:15:12,11.56,0.01,26,30056,买盘
623,14:15:09,11.55,-0.01,55,63525,卖盘
624,14:15:06,11.56,0.01,8,9248,买盘
625,14:15:03,11.55,-0.01,2,2310,卖盘
626,14:15:00,11.56,--,31,35836,买盘
627,14:14:57,11.56,--,33,38148,买盘
628,14:14:54,11.56,--,7,8092,买盘
629,14:14:51,11.56,0.01,31,35836,买盘
630,14:14:48,11.55,-0.01,10,11550,卖盘
631,14:14:45,11.56,--,1,1156,买盘
632,14:14:42,11.56,--,7,8092,买盘
633,14:14:33,11.56,0.02,15,17340,买盘
634,14:14:27,11.54,--,220,253879,卖盘
635,14:14:24,11.54,-0.01,1,1154,卖盘
636,14:14:21,11.55,--,17,19635,买盘
637,14:14:18,11.55,--,100,115500,买盘
638,14:14:15,11.55,0.01,36,41580,买盘
639,14:14:12,11.54,-0.01,1,1154,卖盘
640,14:14:09,11.55,0.01,8,9240,买盘
641,14:14:06,11.54,-0.01,3,3461,卖盘
642,14:14:03,11.55,0.01,5,5775,买盘
643,14:14:00,11.54,--,2,2308,卖盘
644,14:13:57,11.54,-0.01,10,11540,卖盘
645,14:13:54,11.55,--,10,11550,买盘
646,14:13:51,11.55,--,21,24255,买盘
647,14:13:45,11.55,--,7,8085,买盘
648,14:13:36,11.55,--,7,8085,买盘
649,14:13:33,11.55,0.01,9,10395,买盘
650,14:13:30,11.54,--,16,18464,卖盘
651,14:13:24,11.54,-0.01,62,71548,卖盘
652,14:13:21,11.55,--,20,23100,买盘
653,14:13:15,11.55,--,20,23100,买盘
654,14:13:12,11.55,--,7,8085,买盘
655,14:13:09,11.55,--,3,3465,买盘
656,14:13:06,11.55,0.01,22,25410,买盘
657,14:13:03,11.54,-0.01,5,5770,卖盘
658,14:13:00,11.55,--,7,8085,买盘
659,14:12:51,11.55,0.01,7,8085,买盘
660,14:12:45,11.54,-0.01,1,1154,卖盘
661,14:12:42,11.55,--,30,34650,买盘
662,14:12:39,11.55,0.01,12,13860,买盘
663,14:12:33,11.54,--,20,23080,卖盘
664,14:12:30,11.54,-0.01,2,2308,卖盘
665,14:12:27,11.55,--,212,244860,买盘
666,14:12:21,11.55,--,8,9240,买盘
667,14:12:15,11.55,--,7,8085,买盘
668,14:12:12,11.55,0.01,8,9240,买盘
669,14:12:06,11.54,-0.01,1,1154,卖盘
670,14:12:03,11.55,0.01,7,8085,买盘
671,14:12:00,11.54,-0.01,8,9232,卖盘
672,14:11:54,11.55,0.01,7,8085,买盘
673,14:11:51,11.54,-0.01,1,1154,卖盘
674,14:11:48,11.55,0.01,265,306075,买盘
675,14:11:42,11.54,-0.01,65,75010,卖盘
676,14:11:39,11.55,--,30,34650,买盘
677,14:11:36,11.55,0.01,1,1155,买盘
678,14:11:33,11.54,-0.01,1,1154,卖盘
679,14:11:30,11.55,0.01,7,8085,买盘
680,14:11:24,11.54,-0.01,7,8077,卖盘
681,14:11:21,11.55,--,11,12705,买盘
682,14:11:18,11.55,--,37,42735,买盘
683,14:11:12,11.55,0.01,34,39270,买盘
684,14:11:09,11.54,--,17,19618,卖盘
685,14:11:00,11.54,-0.01,1,1154,卖盘
686,14:10:57,11.55,--,7,8085,买盘
687,14:10:48,11.55,--,25,28875,买盘
688,14:10:45,11.55,0.01,7,8085,买盘
689,14:10:39,11.54,--,3,3461,卖盘
690,14:10:36,11.54,-0.01,1,1154,卖盘
691,14:10:33,11.55,--,7,8085,买盘
692,14:10:30,11.55,--,3,3465,买盘
693,14:10:27,11.55,0.01,1,1155,买盘
694,14:10:24,11.54,-0.01,292,336968,卖盘
695,14:10:21,11.55,--,34,39270,买盘
696,14:10:18,11.55,--,101,116655,买盘
697,14:10:12,11.55,--,44,50820,买盘
698,14:10:03,11.55,0.01,17,19635,买盘
699,14:10:00,11.54,--,64,73856,卖盘
700,14:09:57,11.54,-0.01,11,12693,卖盘
701,14:09:51,11.55,--,4,4620,买盘
702,14:09:48,11.55,0.01,47,54285,买盘
703,14:09:42,11.54,-0.01,10,11540,卖盘
704,14:09:36,11.55,0.01,28,32340,买盘
705,14:09:33,11.54,--,3,3461,卖盘
706,14:09:30,11.54,-0.01,100,115399,卖盘
707,14:09:27,11.55,0.01,7,8085,买盘
708,14:09:18,11.54,-0.01,13,15001,卖盘
709,14:09:15,11.55,--,7,8085,买盘
710,14:09:09,11.55,0.01,78,90090,买盘
711,14:09:06,11.54,-0.01,8,9232,卖盘
712,14:09:03,11.55,--,7,8085,买盘
713,14:09:00,11.55,--,1,1155,买盘
714,14:08:54,11.55,--,20,23100,买盘
715,14:08:51,11.55,0.01,8,9240,买盘
716,14:08:48,11.54,--,3,3461,卖盘
717,14:08:39,11.54,--,152,175754,买盘
718,14:08:33,11.54,--,218,251571,买盘
719,14:08:30,11.54,--,16,18464,买盘
720,14:08:27,11.54,--,31,35774,买盘
721,14:08:24,11.54,-0.01,40,46967,卖盘
722,14:08:18,11.55,0.01,13,15015,买盘
723,14:08:15,11.54,--,139,160406,卖盘
724,14:08:12,11.54,-0.01,162,186948,卖盘
725,14:08:06,11.55,0.01,8,9240,买盘
726,14:08:03,11.54,-0.01,3,3461,卖盘
727,14:08:00,11.55,--,30,34650,买盘
728,14:07:57,11.55,--,31,35805,买盘
729,14:07:54,11.55,0.01,11,12705,买盘
730,14:07:51,11.54,-0.01,1,1154,卖盘
731,14:07:45,11.55,0.01,7,8085,买盘
732,14:07:39,11.54,--,41,47314,卖盘
733,14:07:36,11.54,-0.01,540,623160,卖盘
734,14:07:33,11.55,--,11,12705,买盘
735,14:07:30,11.55,--,10,11550,买盘
736,14:07:27,11.55,--,2,2310,买盘
737,14:07:21,11.55,--,7,8085,买盘
738,14:07:09,11.55,--,7,8085,买盘
739,14:07:06,11.55,0.01,1,1155,买盘
740,14:07:03,11.54,-0.01,1,1154,卖盘
741,14:06:57,11.55,--,87,100485,买盘
742,14:06:48,11.55,--,7,8085,买盘
743,14:06:39,11.55,--,51,58905,买盘
744,14:06:36,11.55,--,7,8085,买盘
745,14:06:33,11.55,0.01,37,42735,买盘
746,14:06:30,11.54,-0.01,94,108475,卖盘
747,14:06:27,11.55,--,44,50820,买盘
748,14:06:24,11.55,--,24,27720,买盘
749,14:06:18,11.55,--,5,5775,买盘
750,14:06:12,11.55,-0.01,21,24844,卖盘
751,14:06:06,11.56,0.01,88,101728,买盘
752,14:06:03,11.55,--,1,1155,卖盘
753,14:06:00,11.55,--,11,12705,卖盘
754,14:05:54,11.55,--,4,5185,买盘
755,14:05:51,11.55,--,7,8085,买盘
756,14:05:48,11.55,--,40,46200,买盘
757,14:05:45,11.55,--,67,77385,买盘
758,14:05:42,11.55,--,39,45045,买盘
759,14:05:39,11.55,--,7,8085,买盘
760,14:05:36,11.55,--,10,11550,买盘
761,14:05:33,11.55,--,57,65835,买盘
762,14:05:30,11.55,--,8,9240,买盘
763,14:05:27,11.55,--,20,23100,买盘
764,14:05:21,11.55,--,50,57750,买盘
765,14:05:18,11.55,--,10,11550,买盘
766,14:05:15,11.55,--,8,9240,买盘
767,14:05:09,11.55,--,93,107415,买盘
768,14:05:06,11.55,--,73,84315,买盘
769,14:05:03,11.55,--,1,1155,买盘
770,14:05:00,11.55,--,82,94710,买盘
771,14:04:54,11.55,0.01,7,8085,买盘
772,14:04:45,11.54,-0.01,58,66932,卖盘
773,14:04:42,11.55,--,12,13860,买盘
774,14:04:36,11.55,0.01,2,2310,买盘
775,14:04:33,11.54,-0.01,12,13847,卖盘
776,14:04:30,11.55,0.01,20,23100,买盘
777,14:04:27,11.54,--,1,1154,卖盘
778,14:04:24,11.54,-0.01,30,34620,卖盘
779,14:04:18,11.55,0.01,7,8085,买盘
780,14:04:15,11.54,-0.01,150,173100,卖盘
781,14:04:12,11.55,--,8,9240,买盘
782,14:04:09,11.55,--,7,8085,买盘
783,14:04:03,11.55,0.01,1,1155,买盘
784,14:04:00,11.54,-0.01,99,114245,卖盘
785,14:03:57,11.55,--,7,8085,买盘
786,14:03:54,11.55,0.01,43,49665,买盘
787,14:03:51,11.54,--,87,100397,卖盘
788,14:03:48,11.54,-0.01,18,20772,卖盘
789,14:03:45,11.55,0.01,7,8085,买盘
790,14:03:39,11.54,-0.01,191,220413,卖盘
791,14:03:36,11.55,--,9,10395,买盘
792,14:03:33,11.55,--,7,8085,买盘
793,14:03:30,11.55,--,7,8085,买盘
794,14:03:24,11.55,0.01,7,8085,买盘
795,14:03:21,11.54,-0.01,9,10386,卖盘
796,14:03:18,11.55,--,25,28875,买盘
797,14:03:12,11.55,0.01,7,8085,买盘
798,14:03:06,11.54,-0.01,8,9232,卖盘
799,14:03:03,11.55,--,6,6930,买盘
800,14:03:00,11.55,0.01,21,24255,买盘
801,14:02:57,11.54,--,57,65778,卖盘
802,14:02:54,11.54,--,16,18464,卖盘
803,14:02:51,11.54,-0.01,3,3461,卖盘
804,14:02:48,11.55,--,7,8085,买盘
805,14:02:36,11.55,--,130,150150,买盘
806,14:02:33,11.55,0.01,9,10395,买盘
807,14:02:27,11.54,-0.01,37,42698,卖盘
808,14:02:15,11.55,0.01,7,8085,买盘
809,14:02:09,11.54,-0.01,14,16155,卖盘
810,14:02:06,11.55,--,102,117810,买盘
811,14:02:03,11.55,--,8,9240,买盘
812,14:01:57,11.55,--,239,276045,买盘
813,14:01:51,11.55,0.01,7,8085,买盘
814,14:01:48,11.54,--,1,1154,卖盘
815,14:01:45,11.54,-0.01,10,11540,卖盘
816,14:01:42,11.55,--,211,243705,买盘
817,14:01:30,11.55,--,7,8085,买盘
818,14:01:27,11.55,0.01,104,120120,买盘
819,14:01:21,11.54,-0.01,4,4616,卖盘
820,14:01:18,11.55,0.01,11,12705,买盘
821,14:01:12,11.54,--,56,64623,卖盘
822,14:01:09,11.54,-0.01,1,1154,卖盘
823,14:01:06,11.55,--,8,9240,买盘
824,14:01:03,11.55,--,1,1155,买盘
825,14:00:57,11.55,--,39,45045,买盘
826,14:00:54,11.55,--,12,13860,买盘
827,14:00:45,11.55,0.01,7,8085,买盘
828,14:00:42,11.54,-0.01,5,5770,卖盘
829,14:00:39,11.55,0.01,33,38115,买盘
830,14:00:36,11.54,-0.01,4,4616,卖盘
831,14:00:33,11.55,--,12,13860,买盘
832,14:00:27,11.55,--,112,129360,买盘
833,14:00:24,11.55,--,5,5775,买盘
834,14:00:21,11.55,--,12,13860,买盘
835,14:00:18,11.55,--,5,5775,买盘
836,14:00:12,11.55,--,4,4620,买盘
837,14:00:09,11.55,--,22,25410,买盘
838,14:00:06,11.55,--,1,1155,买盘
839,14:00:03,11.55,--,42,48510,买盘
840,14:00:00,11.55,--,7,8085,买盘
841,13:59:57,11.55,0.01,84,97020,买盘
842,13:59:54,11.54,-0.01,11,12693,卖盘
843,13:59:51,11.55,--,22,25410,买盘
844,13:59:48,11.55,0.01,7,8085,买盘
845,13:59:39,11.54,-0.01,48,55391,卖盘
846,13:59:36,11.55,--,23,26565,买盘
847,13:59:33,11.55,--,243,280665,买盘
848,13:59:30,11.55,--,28,32340,买盘
849,13:59:27,11.55,--,65,75075,买盘
850,13:59:24,11.55,--,46,53130,买盘
851,13:59:15,11.55,--,8,9240,买盘
852,13:59:12,11.55,0.01,7,8085,买盘
853,13:59:09,11.54,-0.01,10,11540,卖盘
854,13:59:03,11.55,0.01,8,9240,买盘
855,13:59:00,11.54,--,5,5770,卖盘
856,13:58:54,11.54,-0.01,24,27695,卖盘
857,13:58:51,11.55,--,14,16170,买盘
858,13:58:48,11.55,0.01,23,26565,买盘
859,13:58:42,11.54,-0.01,11,12693,卖盘
860,13:58:39,11.55,--,17,19635,买盘
861,13:58:30,11.55,--,4,4620,买盘
862,13:58:27,11.55,--,8,9240,买盘
863,13:58:21,11.55,0.01,19,21945,买盘
864,13:58:18,11.54,--,12,13847,卖盘
865,13:58:12,11.54,--,2,2308,卖盘
866,13:58:09,11.54,--,1,1154,卖盘
867,13:58:06,11.54,--,9,10386,卖盘
868,13:58:03,11.54,--,8,9232,卖盘
869,13:58:00,11.54,--,37,42698,卖盘
870,13:57:57,11.54,-0.01,1,1154,卖盘
871,13:57:54,11.55,0.01,7,8085,买盘
872,13:57:51,11.54,--,1,1154,卖盘
873,13:57:45,11.54,--,69,79626,卖盘
874,13:57:42,11.54,-0.01,12,13847,卖盘
875,13:57:30,11.55,0.01,29,33495,买盘
876,13:57:27,11.54,-0.01,3,3461,卖盘
877,13:57:24,11.55,--,5,5775,买盘
878,13:57:21,11.55,0.01,7,8085,买盘
879,13:57:18,11.54,--,25,28849,卖盘
880,13:57:15,11.54,--,79,91166,卖盘
881,13:57:12,11.54,-0.01,83,95782,卖盘
882,13:57:09,11.55,--,7,8085,买盘
883,13:57:06,11.55,--,1,1155,买盘
884,13:56:57,11.55,0.01,107,123585,买盘
885,13:56:54,11.54,-0.01,1,1154,卖盘
886,13:56:45,11.55,0.01,7,8085,买盘
887,13:56:42,11.54,-0.01,10,11540,卖盘
888,13:56:39,11.55,--,12,13860,买盘
889,13:56:36,11.55,0.01,7,8085,买盘
890,13:56:30,11.54,--,5,5770,卖盘
891,13:56:24,11.54,--,8,9232,卖盘
892,13:56:21,11.54,-0.01,2,2308,卖盘
893,13:56:18,11.55,--,56,64680,买盘
894,13:56:12,11.55,0.01,7,8085,买盘
895,13:56:09,11.54,-0.01,7,8077,卖盘
896,13:56:06,11.55,--,13,15015,买盘
897,13:56:03,11.55,--,35,40425,买盘
898,13:56:00,11.55,--,7,8085,买盘
899,13:55:54,11.55,0.01,60,69300,买盘
900,13:55:51,11.54,-0.01,58,66932,卖盘
901,13:55:48,11.55,0.01,52,60060,买盘
902,13:55:42,11.54,--,1,1154,卖盘
903,13:55:39,11.54,-0.01,8,9232,卖盘
904,13:55:36,11.55,--,8,9240,买盘
905,13:55:27,11.55,--,7,8085,买盘
906,13:55:15,11.55,--,7,8085,买盘
907,13:55:06,11.55,--,4,4620,买盘
908,13:55:03,11.55,--,10,11550,买盘
909,13:55:00,11.55,--,34,39270,买盘
910,13:54:54,11.55,--,19,21945,卖盘
911,13:54:42,11.55,--,12,13860,卖盘
912,13:54:39,11.55,--,25,28875,卖盘
913,13:54:33,11.55,-0.01,3,3465,卖盘
914,13:54:30,11.56,0.01,102,117912,买盘
915,13:54:27,11.55,--,1,1155,卖盘
916,13:54:24,11.55,--,27,31185,卖盘
917,13:54:21,11.55,-0.01,73,84315,卖盘
918,13:54:18,11.56,0.01,7,8092,买盘
919,13:54:15,11.55,-0.01,1,1155,卖盘
920,13:54:09,11.56,0.01,1,1156,买盘
921,13:54:06,11.55,0.01,10,11550,中性盘
922,13:54:03,11.54,--,56,64623,卖盘
923,13:54:00,11.54,-0.01,20,23080,卖盘
924,13:53:57,11.55,0.01,8,9240,买盘
925,13:53:54,11.54,-0.01,12,13847,卖盘
926,13:53:45,11.55,--,7,8085,买盘
927,13:53:42,11.55,--,10,11550,买盘
928,13:53:33,11.55,--,12,13860,买盘
929,13:53:27,11.55,--,36,41580,买盘
930,13:53:24,11.55,--,30,34650,买盘
931,13:53:21,11.55,--,717,828135,卖盘
932,13:53:18,11.55,-0.01,1,1155,卖盘
933,13:53:15,11.56,--,2,2312,买盘
934,13:53:09,11.56,--,7,8092,买盘
935,13:53:06,11.56,0.01,1,1156,买盘
936,13:53:03,11.55,-0.01,51,58905,卖盘
937,13:53:00,11.56,--,7,8092,买盘
938,13:52:57,11.56,0.01,20,23120,买盘
939,13:52:54,11.55,-0.01,3,3465,卖盘
940,13:52:51,11.56,--,26,30056,买盘
941,13:52:48,11.56,0.01,31,35836,买盘
942,13:52:45,11.55,-0.01,6,6930,卖盘
943,13:52:39,11.56,0.01,2,2312,买盘
944,13:52:36,11.55,--,17,19635,卖盘
945,13:52:33,11.55,-0.01,27,31185,卖盘
946,13:52:24,11.56,0.01,7,8092,买盘
947,13:52:18,11.55,-0.01,59,68145,卖盘
948,13:52:15,11.56,--,7,8092,买盘
949,13:52:09,11.56,0.01,10,11560,买盘
950,13:52:06,11.55,--,3,3465,卖盘
951,13:52:03,11.55,-0.01,9,10395,卖盘
952,13:51:51,11.56,0.01,7,8092,买盘
953,13:51:45,11.55,--,13,15015,卖盘
954,13:51:42,11.55,-0.01,22,25410,卖盘
955,13:51:39,11.56,0.01,7,8092,买盘
956,13:51:36,11.55,--,1,1155,卖盘
957,13:51:33,11.55,-0.01,2,2310,卖盘
958,13:51:30,11.56,0.01,7,8092,买盘
959,13:51:27,11.55,--,96,110880,卖盘
960,13:51:24,11.55,-0.01,5,5775,卖盘
961,13:51:18,11.56,0.01,7,8092,买盘
962,13:51:15,11.55,-0.01,54,62370,卖盘
963,13:51:06,11.56,0.01,9,10404,买盘
964,13:51:03,11.55,-0.01,33,38115,卖盘
965,13:51:00,11.56,0.01,13,15028,买盘
966,13:50:57,11.55,-0.01,9,10395,卖盘
967,13:50:54,11.56,--,12,13872,买盘
968,13:50:42,11.56,--,7,8092,买盘
969,13:50:33,11.56,0.01,7,8092,买盘
970,13:50:30,11.55,--,66,76230,卖盘
971,13:50:27,11.55,-0.01,17,19635,卖盘
972,13:50:24,11.56,--,38,43928,买盘
973,13:50:21,11.56,0.01,7,8092,买盘
974,13:50:18,11.55,--,30,34650,卖盘
975,13:50:15,11.55,--,50,57750,卖盘
976,13:50:12,11.55,-0.01,1,1155,卖盘
977,13:50:09,11.56,--,33,38148,买盘
978,13:49:57,11.56,0.01,29,33524,买盘
979,13:49:48,11.55,-0.01,1,1155,卖盘
980,13:49:45,11.56,0.01,12,13872,买盘
981,13:49:42,11.55,-0.01,10,11550,卖盘
982,13:49:36,11.56,0.01,7,8092,买盘
983,13:49:33,11.55,--,1,1155,卖盘
984,13:49:30,11.55,--,10,11550,卖盘
985,13:49:24,11.55,-0.01,16,18480,卖盘
986,13:49:18,11.56,0.01,38,43928,买盘
987,13:49:15,11.55,-0.01,8,9240,卖盘
988,13:49:12,11.56,0.01,5,5780,买盘
989,13:49:09,11.55,--,46,53130,卖盘
990,13:49:06,11.55,--,1,1155,卖盘
991,13:49:03,11.55,--,21,24255,卖盘
992,13:49:00,11.55,--,26,30030,卖盘
993,13:48:54,11.55,--,18,20790,买盘
994,13:48:51,11.55,0.01,7,8085,中性盘
995,13:48:45,11.54,-0.01,96,110783,卖盘
996,13:48:42,11.55,--,5,5775,买盘
997,13:48:39,11.55,0.01,7,8085,买盘
998,13:48:33,11.54,-0.01,16,18464,卖盘
999,13:48:30,11.55,--,20,23100,买盘
1000,13:48:27,11.55,--,7,8085,买盘
1001,13:48:24,11.55,--,2,2310,买盘
1002,13:48:21,11.55,--,39,45045,买盘
1003,13:48:15,11.55,0.01,7,8085,买盘
1004,13:48:12,11.54,--,1,1154,卖盘
1005,13:48:09,11.54,-0.01,10,11540,卖盘
1006,13:48:06,11.55,--,30,34650,买盘
1007,13:48:03,11.55,--,7,8085,买盘
1008,13:47:54,11.55,-0.01,43,49665,买盘
1009,13:47:48,11.56,--,3,3468,买盘
1010,13:47:42,11.56,0.02,7,8092,买盘
1011,13:47:33,11.54,-0.02,2,2308,卖盘
1012,13:47:30,11.56,0.02,36,41616,买盘
1013,13:47:24,11.54,-0.01,9,10386,卖盘
1014,13:47:18,11.55,0.01,4,4620,买盘
1015,13:47:15,11.54,-0.02,15,17310,卖盘
1016,13:47:09,11.56,0.02,82,94792,买盘
1017,13:47:06,11.54,-0.01,1,1154,卖盘
1018,13:47:03,11.55,0.01,5,5775,买盘
1019,13:47:00,11.54,-0.01,157,181178,卖盘
1020,13:46:57,11.55,-0.01,70,80850,卖盘
1021,13:46:48,11.56,--,2,2312,买盘
1022,13:46:45,11.56,--,7,8092,买盘
1023,13:46:42,11.56,--,39,45084,买盘
1024,13:46:39,11.56,0.01,50,57800,买盘
1025,13:46:36,11.55,-0.01,4,4620,卖盘
1026,13:46:33,11.56,0.01,8,9248,买盘
1027,13:46:30,11.55,-0.01,100,115500,卖盘
1028,13:46:27,11.56,--,4,4624,买盘
1029,13:46:21,11.56,0.01,97,112132,买盘
1030,13:46:18,11.55,--,2,2310,卖盘
1031,13:46:15,11.55,-0.01,100,115500,卖盘
1032,13:46:12,11.56,0.01,7,8092,买盘
1033,13:46:09,11.55,-0.01,7,8085,卖盘
1034,13:46:06,11.56,--,39,45084,买盘
1035,13:46:03,11.56,--,7,8092,买盘
1036,13:46:00,11.56,--,7,8092,买盘
1037,13:45:57,11.56,0.01,2,2312,买盘
1038,13:45:54,11.55,--,1,1155,卖盘
1039,13:45:51,11.55,-0.01,8,9240,卖盘
1040,13:45:48,11.56,--,7,8092,买盘
1041,13:45:42,11.56,--,39,45084,买盘
1042,13:45:39,11.56,--,11,12716,买盘
1043,13:45:36,11.56,0.01,7,8092,买盘
1044,13:45:33,11.55,--,22,25410,卖盘
1045,13:45:30,11.55,--,8,9240,卖盘
1046,13:45:27,11.55,-0.01,11,12705,卖盘
1047,13:45:24,11.56,0.01,2,2312,买盘
1048,13:45:15,11.55,-0.01,64,73920,卖盘
1049,13:45:12,11.56,--,30,34680,买盘
1050,13:45:03,11.56,0.01,7,8092,买盘
1051,13:44:57,11.55,-0.01,1,1155,卖盘
1052,13:44:54,11.56,--,4,4624,买盘
1053,13:44:51,11.56,0.01,7,8092,买盘
1054,13:44:45,11.55,--,79,91245,卖盘
1055,13:44:42,11.55,-0.01,1,1155,卖盘
1056,13:44:39,11.56,--,7,8092,买盘
1057,13:44:30,11.56,--,405,468180,买盘
1058,13:44:21,11.56,0.01,13,15028,买盘
1059,13:44:18,11.55,0.01,7,8085,买盘
1060,13:44:15,11.54,-0.01,8,9232,卖盘
1061,13:44:09,11.55,--,28,32340,买盘
1062,13:44:06,11.55,0.01,10,11550,买盘
1063,13:44:03,11.54,--,24,27695,卖盘
1064,13:44:00,11.54,-0.01,4,4616,卖盘
1065,13:43:54,11.55,-0.01,7,8085,买盘
1066,13:43:51,11.56,0.01,397,458932,买盘
1067,13:43:48,11.55,--,38,43890,买盘
1068,13:43:45,11.55,--,17,19635,买盘
1069,13:43:42,11.55,--,2,2310,买盘
1070,13:43:33,11.55,0.01,7,8085,买盘
1071,13:43:30,11.54,--,62,71548,卖盘
1072,13:43:27,11.54,-0.01,32,36928,卖盘
1073,13:43:21,11.55,0.01,10,11550,买盘
1074,13:43:18,11.54,--,1,1154,卖盘
1075,13:43:15,11.54,-0.01,35,40390,卖盘
1076,13:43:09,11.55,--,7,8085,买盘
1077,13:43:06,11.55,--,1,1155,买盘
1078,13:42:57,11.55,--,28,32340,卖盘
1079,13:42:54,11.55,-0.01,5,5775,卖盘
1080,13:42:51,11.56,--,98,113288,买盘
1081,13:42:48,11.56,0.01,7,8092,买盘
1082,13:42:45,11.55,-0.01,73,84315,卖盘
1083,13:42:36,11.56,0.01,7,8092,买盘
1084,13:42:33,11.55,--,10,11550,卖盘
1085,13:42:27,11.55,-0.01,1,1155,卖盘
1086,13:42:24,11.56,0.01,15,17340,买盘
1087,13:42:21,11.55,--,3,3465,卖盘
1088,13:42:18,11.55,-0.01,2,2310,卖盘
1089,13:42:15,11.56,--,10,11560,买盘
1090,13:42:12,11.56,0.01,11,12716,买盘
1091,13:42:09,11.55,--,8,9240,卖盘
1092,13:42:06,11.55,--,69,79695,卖盘
1093,13:42:03,11.55,-0.01,1,1155,卖盘
1094,13:42:00,11.56,0.01,7,8092,买盘
1095,13:41:57,11.55,--,30,34650,买盘
1096,13:41:51,11.55,--,7,8085,买盘
1097,13:41:48,11.55,0.01,5,5775,买盘
1098,13:41:45,11.54,--,56,64623,卖盘
1099,13:41:42,11.54,-0.01,3,3461,卖盘
1100,13:41:39,11.55,0.01,7,8085,买盘
1101,13:41:33,11.54,-0.02,43,49621,卖盘
1102,13:41:27,11.56,0.01,7,8092,买盘
1103,13:41:18,11.55,-0.01,2,2310,卖盘
1104,13:41:15,11.56,0.01,7,8092,买盘
1105,13:41:09,11.55,-0.01,30,34650,卖盘
1106,13:41:06,11.56,--,7,8092,买盘
1107,13:41:03,11.56,0.01,97,112132,买盘
1108,13:41:00,11.55,-0.01,1,1155,卖盘
1109,13:40:57,11.56,--,5,5780,买盘
1110,13:40:54,11.56,0.01,17,19652,买盘
1111,13:40:48,11.55,-0.01,20,23100,卖盘
1112,13:40:42,11.56,--,7,8092,买盘
1113,13:40:30,11.56,--,7,8092,买盘
1114,13:40:21,11.56,0.01,7,8092,买盘
1115,13:40:18,11.55,-0.01,1,1155,卖盘
1116,13:40:12,11.56,--,5,5780,买盘
1117,13:40:09,11.56,0.01,7,8092,买盘
1118,13:40:06,11.55,-0.01,1,1155,卖盘
1119,13:40:03,11.56,0.01,1,1156,买盘
1120,13:40:00,11.55,-0.01,60,69300,卖盘
1121,13:39:57,11.56,0.01,7,8092,买盘
1122,13:39:48,11.55,--,1,1155,卖盘
1123,13:39:42,11.55,--,151,174405,卖盘
1124,13:39:39,11.55,-0.01,5,5775,卖盘
1125,13:39:36,11.56,--,3,3468,买盘
1126,13:39:33,11.56,--,7,8092,买盘
1127,13:39:27,11.56,--,32,36992,买盘
1128,13:39:24,11.56,0.01,17,19652,买盘
1129,13:39:21,11.55,--,3,3465,卖盘
1130,13:39:18,11.55,-0.01,15,17325,卖盘
1131,13:39:12,11.56,--,27,31212,买盘
1132,13:39:06,11.56,--,1,1156,买盘
1133,13:39:03,11.56,--,1,1156,买盘
1134,13:39:00,11.56,0.01,7,8092,买盘
1135,13:38:48,11.55,--,10,11550,卖盘
1136,13:38:45,11.55,--,2,2310,卖盘
1137,13:38:42,11.55,-0.01,6,6930,卖盘
1138,13:38:39,11.56,0.01,12,13872,买盘
1139,13:38:33,11.55,--,8,9240,卖盘
1140,13:38:30,11.55,--,1,1155,卖盘
1141,13:38:27,11.55,--,41,47355,卖盘
1142,13:38:24,11.55,--,10,11550,卖盘
1143,13:38:21,11.55,--,58,66990,卖盘
1144,13:38:18,11.55,--,59,68145,卖盘
1145,13:38:15,11.55,-0.01,26,30030,卖盘
1146,13:38:03,11.56,--,8,9248,买盘
1147,13:37:57,11.56,0.01,21,24276,买盘
1148,13:37:54,11.55,-0.01,3,3465,卖盘
1149,13:37:51,11.56,--,42,48552,买盘
1150,13:37:48,11.56,0.01,115,132940,买盘
1151,13:37:42,11.55,--,45,51975,买盘
1152,13:37:30,11.55,0.01,7,8085,买盘
1153,13:37:27,11.54,-0.01,10,11540,卖盘
1154,13:37:24,11.55,--,39,45045,买盘
1155,13:37:21,11.55,--,28,32340,买盘
1156,13:37:18,11.55,--,7,8085,买盘
1157,13:37:06,11.55,--,46,53130,买盘
1158,13:37:03,11.55,--,5,5775,买盘
1159,13:37:00,11.55,0.01,39,45045,买盘
1160,13:36:57,11.54,-0.01,1,1154,卖盘
1161,13:36:54,11.55,--,7,8085,买盘
1162,13:36:45,11.55,--,7,8085,买盘
1163,13:36:42,11.55,0.01,21,24255,中性盘
1164,13:36:36,11.54,-0.02,101,116553,卖盘
1165,13:36:33,11.56,0.02,7,8092,买盘
1166,13:36:24,11.54,--,57,65778,卖盘
1167,13:36:21,11.54,-0.01,23,26541,卖盘
1168,13:36:18,11.55,--,79,91245,买盘
1169,13:36:15,11.55,0.01,4,4620,买盘
1170,13:36:12,11.54,-0.01,1,1154,卖盘
1171,13:36:09,11.55,--,7,8085,买盘
1172,13:36:03,11.55,--,11,12705,卖盘
1173,13:35:57,11.55,--,18,20790,买盘
1174,13:35:54,11.55,--,20,23100,买盘
1175,13:35:51,11.55,--,42,48510,买盘
1176,13:35:48,11.55,--,7,8085,买盘
1177,13:35:45,11.55,--,21,24255,买盘
1178,13:35:36,11.55,0.01,7,8085,买盘
1179,13:35:30,11.54,-0.01,4,4616,卖盘
1180,13:35:24,11.55,--,7,8085,买盘
1181,13:35:18,11.55,0.01,5,5775,买盘
1182,13:35:15,11.54,-0.01,1,1154,卖盘
1183,13:35:12,11.55,--,7,8085,买盘
1184,13:35:03,11.55,-0.01,18,20790,中性盘
1185,13:35:00,11.56,0.02,20,23120,买盘
1186,13:34:54,11.54,-0.01,101,116553,卖盘
1187,13:34:51,11.55,0.01,4,4620,中性盘
1188,13:34:39,11.54,-0.01,67,77318,卖盘
1189,13:34:36,11.55,--,11,12705,卖盘
1190,13:34:27,11.55,--,1,1155,买盘
1191,13:34:24,11.55,-0.01,3,3465,卖盘
1192,13:34:18,11.56,--,7,8092,买盘
1193,13:34:09,11.56,0.01,37,42772,买盘
1194,13:34:06,11.55,--,8,9240,买盘
1195,13:34:03,11.55,--,1,1155,买盘
1196,13:33:54,11.55,0.01,12,13860,买盘
1197,13:33:48,11.54,-0.01,6,6923,卖盘
1198,13:33:45,11.55,--,53,61215,卖盘
1199,13:33:42,11.55,-0.01,2,2310,中性盘
1200,13:33:36,11.56,0.01,50,57800,买盘
1201,13:33:30,11.55,--,37,42735,买盘
1202,13:33:24,11.55,--,5,5775,买盘
1203,13:33:21,11.55,0.01,7,8085,买盘
1204,13:33:15,11.54,-0.01,200,230799,卖盘
1205,13:33:12,11.55,0.01,13,15015,买盘
1206,13:33:09,11.54,-0.01,51,58853,卖盘
1207,13:33:06,11.55,--,5,5775,买盘
1208,13:32:57,11.55,--,69,79695,买盘
1209,13:32:51,11.55,0.01,91,105105,买盘
1210,13:32:48,11.54,-0.01,82,94628,卖盘
1211,13:32:45,11.55,0.01,7,8085,买盘
1212,13:32:39,11.54,-0.01,1,1154,卖盘
1213,13:32:36,11.55,--,7,8085,买盘
1214,13:32:24,11.55,--,9,11434,卖盘
1215,13:32:21,11.55,--,37,42850,买盘
1216,13:32:12,11.55,--,41,48394,卖盘
1217,13:32:09,11.55,--,15,17325,卖盘
1218,13:32:06,11.55,--,2,2310,卖盘
1219,13:32:03,11.55,-0.01,3,3465,卖盘
1220,13:32:00,11.56,--,7,8092,买盘
1221,13:31:51,11.56,--,227,262412,买盘
1222,13:31:48,11.56,0.01,28,32368,买盘
1223,13:31:45,11.55,--,3,3465,卖盘
1224,13:31:42,11.55,--,2,2310,卖盘
1225,13:31:39,11.55,-0.01,34,39270,卖盘
1226,13:31:36,11.56,0.01,34,39304,买盘
1227,13:31:33,11.55,-0.01,2,2772,卖盘
1228,13:31:27,11.56,0.01,7,8092,买盘
1229,13:31:21,11.55,--,9,10395,卖盘
1230,13:31:18,11.55,-0.01,5,5775,卖盘
1231,13:31:15,11.56,0.01,8,9248,买盘
1232,13:31:12,11.55,--,20,23100,卖盘
1233,13:31:06,11.55,--,56,64680,卖盘
1234,13:31:03,11.55,--,27,31185,卖盘
1235,13:31:00,11.55,-0.01,50,57750,卖盘
1236,13:30:57,11.56,--,3,3468,买盘
1237,13:30:54,11.56,--,7,8092,买盘
1238,13:30:42,11.56,0.01,7,8092,买盘
1239,13:30:36,11.55,-0.01,2,3118,卖盘
1240,13:30:30,11.56,0.01,7,8092,买盘
1241,13:30:21,11.55,-0.01,1,1155,卖盘
1242,13:30:18,11.56,0.01,44,50864,买盘
1243,13:30:15,11.55,--,5,5775,卖盘
1244,13:30:09,11.55,--,250,288750,买盘
1245,13:30:06,11.55,-0.01,7,8085,买盘
1246,13:30:03,11.56,0.02,10,11560,买盘
1247,13:30:00,11.54,-0.02,1,1154,卖盘
1248,13:29:57,11.56,--,7,8092,买盘
1249,13:29:54,11.56,0.01,38,43928,买盘
1250,13:29:45,11.55,--,7,8085,买盘
1251,13:29:42,11.55,0.01,129,148995,买盘
1252,13:29:36,11.54,-0.01,5,6577,卖盘
1253,13:29:33,11.55,--,7,8085,买盘
1254,13:29:30,11.55,0.01,39,45045,买盘
1255,13:29:27,11.54,--,50,57699,卖盘
1256,13:29:24,11.54,--,58,66932,卖盘
1257,13:29:21,11.54,-0.01,65,75010,卖盘
1258,13:29:12,11.55,--,7,8085,买盘
1259,13:29:06,11.55,--,38,43890,买盘
1260,13:29:03,11.55,--,1,1155,买盘
1261,13:29:00,11.55,0.01,7,8085,买盘
1262,13:28:57,11.54,-0.01,2,2308,卖盘
1263,13:28:51,11.55,0.01,17,19635,买盘
1264,13:28:48,11.54,--,8,9232,卖盘
1265,13:28:45,11.54,-0.01,6,6923,卖盘
1266,13:28:42,11.55,--,38,43890,买盘
1267,13:28:36,11.55,--,9,11203,买盘
1268,13:28:30,11.55,--,210,242550,买盘
1269,13:28:24,11.55,0.01,7,8085,买盘
1270,13:28:18,11.54,-0.01,1,1154,卖盘
1271,13:28:15,11.55,--,7,8085,买盘
1272,13:28:03,11.55,--,7,8085,买盘
1273,13:28:00,11.55,-0.01,38,43890,卖盘
1274,13:27:51,11.56,0.02,26,30056,买盘
1275,13:27:45,11.54,--,13,15001,卖盘
1276,13:27:42,11.54,-0.01,50,57699,卖盘
1277,13:27:39,11.55,0.01,1,1155,买盘
1278,13:27:36,11.54,--,2,3115,卖盘
1279,13:27:33,11.54,-0.01,56,64623,卖盘
1280,13:27:30,11.55,--,1,1617,买盘
1281,13:27:27,11.55,0.01,106,122430,买盘
1282,13:27:24,11.54,-0.01,1,1154,卖盘
1283,13:27:18,11.55,--,7,8085,买盘
1284,13:27:15,11.55,--,5,5775,买盘
1285,13:27:12,11.55,0.01,200,231000,买盘
1286,13:27:06,11.54,--,10,11540,卖盘
1287,13:27:03,11.54,-0.01,106,122323,卖盘
1288,13:27:00,11.55,--,31,35805,买盘
1289,13:26:54,11.55,--,7,8085,买盘
1290,13:26:48,11.55,--,1,1155,买盘
1291,13:26:45,11.55,-0.01,15,18018,卖盘
1292,13:26:42,11.56,0.01,12,13872,买盘
1293,13:26:39,11.55,--,3,3465,卖盘
1294,13:26:36,11.55,--,2,3118,卖盘
1295,13:26:33,11.55,-0.01,17,19635,卖盘
1296,13:26:30,11.56,0.01,4,4624,买盘
1297,13:26:24,11.55,--,15,17325,卖盘
1298,13:26:21,11.55,0.01,5,6583,买盘
1299,13:26:18,11.54,--,2,2308,卖盘
1300,13:26:12,11.54,--,2,2308,卖盘
1301,13:26:09,11.54,--,8,9232,卖盘
1302,13:26:06,11.54,-0.01,17,19618,卖盘
1303,13:26:03,11.55,--,9,10395,买盘
1304,13:25:57,11.55,0.01,27,31185,买盘
1305,13:25:51,11.54,-0.01,56,64623,卖盘
1306,13:25:48,11.55,--,2,2310,买盘
1307,13:25:45,11.55,--,35,40425,买盘
1308,13:25:42,11.55,0.01,20,23100,买盘
1309,13:25:39,11.54,--,147,169638,卖盘
1310,13:25:36,11.54,-0.01,10,12347,卖盘
1311,13:25:33,11.55,--,17,19635,买盘
1312,13:25:24,11.55,0.01,17,19635,买盘
1313,13:25:21,11.54,-0.01,19,21926,卖盘
1314,13:25:18,11.55,--,5,5775,买盘
1315,13:25:12,11.55,0.01,7,8085,买盘
1316,13:25:09,11.54,-0.01,1,1154,卖盘
1317,13:25:06,11.55,0.01,7,8085,买盘
1318,13:25:03,11.54,-0.02,82,94974,卖盘
1319,13:25:00,11.56,0.01,7,8092,买盘
1320,13:24:51,11.55,--,15,17325,卖盘
1321,13:24:48,11.55,--,24,27720,卖盘
1322,13:24:45,11.55,-0.01,9,10395,卖盘
1323,13:24:39,11.56,0.01,7,8092,买盘
1324,13:24:36,11.55,--,2,3118,卖盘
1325,13:24:33,11.55,-0.01,2,2310,卖盘
1326,13:24:27,11.56,0.02,7,8092,买盘
1327,13:24:24,11.54,--,15,17310,卖盘
1328,13:24:21,11.54,-0.02,278,320812,卖盘
1329,13:24:18,11.56,--,10,11560,买盘
1330,13:24:15,11.56,0.01,127,146812,买盘
1331,13:24:12,11.55,--,36,41580,卖盘
1332,13:24:06,11.55,-0.01,57,65835,卖盘
1333,13:24:03,11.56,0.01,88,101728,买盘
1334,13:23:54,11.55,--,8,9240,卖盘
1335,13:23:51,11.55,--,4,4620,卖盘
1336,13:23:48,11.55,--,60,69300,卖盘
1337,13:23:42,11.55,--,57,65835,卖盘
1338,13:23:36,11.55,-0.01,2,3118,卖盘
1339,13:23:33,11.56,0.01,16,18496,买盘
1340,13:23:30,11.55,-0.01,71,82005,卖盘
1341,13:23:24,11.56,--,1,1156,买盘
1342,13:23:21,11.56,--,6,6936,买盘
1343,13:23:18,11.56,--,7,8092,买盘
1344,13:23:09,11.56,--,7,8092,买盘
1345,13:23:03,11.56,--,6,6936,买盘
1346,13:22:57,11.56,--,7,8092,买盘
1347,13:22:48,11.56,--,6,6936,买盘
1348,13:22:45,11.56,0.01,7,8092,买盘
1349,13:22:42,11.55,--,94,108570,卖盘
1350,13:22:39,11.55,--,2,2310,卖盘
1351,13:22:36,11.55,-0.01,310,358858,卖盘
1352,13:22:33,11.56,0.01,7,8092,买盘
1353,13:22:27,11.55,-0.01,1,1155,卖盘
1354,13:22:24,11.56,--,32,36992,买盘
1355,13:22:21,11.56,--,68,78608,买盘
1356,13:22:18,11.56,0.01,41,47396,买盘
1357,13:22:15,11.55,-0.01,13,15015,卖盘
1358,13:22:12,11.56,--,7,8092,买盘
1359,13:22:06,11.56,--,7,8092,买盘
1360,13:22:00,11.56,--,7,8092,买盘
1361,13:21:48,11.56,0.01,7,8092,买盘
1362,13:21:45,11.55,-0.01,14,16170,卖盘
1363,13:21:39,11.56,--,6,6936,买盘
1364,13:21:36,11.56,0.01,12,13872,买盘
1365,13:21:33,11.55,-0.01,12,14668,卖盘
1366,13:21:30,11.56,0.01,9,10404,买盘
1367,13:21:27,11.55,--,20,23100,卖盘
1368,13:21:18,11.55,-0.01,19,21945,卖盘
1369,13:21:15,11.56,0.01,35,40460,买盘
1370,13:21:12,11.55,--,142,164010,卖盘
1371,13:21:06,11.55,-0.01,29,33495,卖盘
1372,13:21:03,11.56,--,29,33524,买盘
1373,13:20:54,11.56,--,7,8092,买盘
1374,13:20:51,11.56,0.01,8,9248,买盘
1375,13:20:48,11.55,-0.01,7,8085,卖盘
1376,13:20:45,11.56,0.01,5,5780,买盘
1377,13:20:42,11.55,-0.01,3,3465,卖盘
1378,13:20:39,11.56,0.01,21,24276,买盘
1379,13:20:36,11.55,--,64,73920,卖盘
1380,13:20:33,11.55,-0.01,20,23100,卖盘
1381,13:20:30,11.56,--,7,8092,买盘
1382,13:20:18,11.56,0.01,13,15028,买盘
1383,13:20:15,11.55,-0.01,2,2310,卖盘
1384,13:20:12,11.56,--,10,11560,买盘
1385,13:20:06,11.56,0.01,7,8092,买盘
1386,13:20:03,11.55,-0.01,6,6930,卖盘
1387,13:20:00,11.56,0.01,7,8092,买盘
1388,13:19:57,11.55,--,45,51975,卖盘
1389,13:19:54,11.55,--,36,41580,卖盘
1390,13:19:48,11.55,-0.01,12,13860,卖盘
1391,13:19:45,11.56,0.01,30,34680,买盘
1392,13:19:42,11.55,--,122,140910,卖盘
1393,13:19:36,11.55,-0.01,6,6930,卖盘
1394,13:19:33,11.56,0.01,12,13872,买盘
1395,13:19:27,11.55,-0.01,33,38115,卖盘
1396,13:19:24,11.56,--,7,8092,买盘
1397,13:19:21,11.56,0.02,7,8092,买盘
1398,13:19:18,11.54,-0.01,2,2308,卖盘
1399,13:19:15,11.55,-0.01,34,39270,卖盘
1400,13:19:12,11.56,--,5,5780,买盘
1401,13:19:09,11.56,0.01,7,8092,买盘
1402,13:19:06,11.55,-0.01,9,10395,中性盘
1403,13:19:03,11.56,--,16,18496,买盘
1404,13:18:57,11.56,--,66,76296,买盘
1405,13:18:54,11.56,--,200,231200,买盘
1406,13:18:51,11.56,--,64,73984,买盘
1407,13:18:48,11.56,--,10,11560,买盘
1408,13:18:42,11.56,--,10,11560,买盘
1409,13:18:36,11.56,0.02,7,8092,买盘
1410,13:18:33,11.54,--,1,1154,卖盘
1411,13:18:30,11.54,-0.02,2,2308,卖盘
1412,13:18:27,11.56,--,7,8092,买盘
1413,13:18:24,11.56,0.02,12,13872,买盘
1414,13:18:21,11.54,-0.02,20,23080,卖盘
1415,13:18:18,11.56,0.02,19,21964,买盘
1416,13:18:15,11.54,-0.02,66,76164,卖盘
1417,13:18:12,11.56,0.02,7,8092,买盘
1418,13:18:06,11.54,-0.01,6,6923,卖盘
1419,13:18:03,11.55,-0.01,4,4620,中性盘
1420,13:17:51,11.56,0.02,7,8092,买盘
1421,13:17:42,11.54,--,15,17310,卖盘
1422,13:17:39,11.54,-0.01,20,23080,卖盘
1423,13:17:36,11.55,--,18,20790,买盘
1424,13:17:33,11.55,0.01,5,5775,买盘
1425,13:17:30,11.54,-0.01,1,1154,卖盘
1426,13:17:27,11.55,-0.01,7,8085,中性盘
1427,13:17:15,11.56,0.02,7,8092,买盘
1428,13:17:12,11.54,--,5,5770,卖盘
1429,13:17:06,11.54,-0.02,67,77318,卖盘
1430,13:17:03,11.56,--,43,49708,买盘
1431,13:16:54,11.56,--,10,11560,买盘
1432,13:16:51,11.56,0.01,6,6936,买盘
1433,13:16:48,11.55,-0.01,8,9240,卖盘
1434,13:16:45,11.56,--,160,184960,买盘
1435,13:16:42,11.56,0.01,7,8092,买盘
1436,13:16:39,11.55,--,2,2310,卖盘
1437,13:16:36,11.55,--,501,578655,卖盘
1438,13:16:33,11.55,-0.01,12,13860,卖盘
1439,13:16:30,11.56,--,9,10404,买盘
1440,13:16:27,11.56,--,1,1156,买盘
1441,13:16:21,11.56,0.01,7,8092,买盘
1442,13:16:15,11.55,-0.01,15,17325,卖盘
1443,13:16:12,11.56,--,6,6936,买盘
1444,13:16:09,11.56,--,7,8092,买盘
1445,13:16:03,11.56,--,5,5780,买盘
1446,13:15:57,11.56,0.01,7,8092,买盘
1447,13:15:48,11.55,-0.01,1,1155,卖盘
1448,13:15:45,11.56,0.01,7,8092,买盘
1449,13:15:36,11.55,-0.01,6,6930,卖盘
1450,13:15:33,11.56,--,7,8092,买盘
1451,13:15:30,11.56,--,5,5780,买盘
1452,13:15:24,11.56,0.01,7,8092,买盘
1453,13:15:21,11.55,--,13,15015,卖盘
1454,13:15:18,11.55,--,60,69300,卖盘
1455,13:15:15,11.55,-0.01,87,100485,卖盘
1456,13:15:12,11.56,0.01,285,329460,买盘
1457,13:15:06,11.55,-0.01,9,10395,卖盘
1458,13:15:03,11.56,--,11,12716,买盘
1459,13:15:00,11.56,--,7,8092,买盘
1460,13:14:54,11.56,--,7,8092,买盘
1461,13:14:51,11.56,--,36,41616,买盘
1462,13:14:48,11.56,0.01,7,8092,买盘
1463,13:14:45,11.55,--,2,2310,卖盘
1464,13:14:39,11.55,--,0,231,买盘
1465,13:14:33,11.55,--,20,23100,买盘
1466,13:14:30,11.55,-0.01,43,50589,卖盘
1467,13:14:27,11.56,0.01,45,52020,买盘
1468,13:14:24,11.55,--,8,9240,卖盘
1469,13:14:21,11.55,--,11,12936,买盘
1470,13:14:18,11.55,--,10,11550,买盘
1471,13:14:15,11.55,--,7,8085,买盘
1472,13:14:09,11.55,--,30,34650,买盘
1473,13:14:06,11.55,--,7,8085,买盘
1474,13:14:03,11.55,--,48,55440,买盘
1475,13:14:00,11.55,--,38,43890,买盘
1476,13:13:57,11.55,0.01,39,45045,买盘
1477,13:13:54,11.54,-0.01,50,57699,卖盘
1478,13:13:51,11.55,0.01,52,60060,买盘
1479,13:13:45,11.54,-0.01,120,138480,卖盘
1480,13:13:42,11.55,0.01,7,8085,买盘
1481,13:13:30,11.54,-0.01,79,91166,卖盘
1482,13:13:27,11.55,--,39,45045,买盘
1483,13:13:24,11.55,0.01,21,24255,买盘
1484,13:13:21,11.54,-0.01,1,1154,卖盘
1485,13:13:18,11.55,0.01,7,8085,买盘
1486,13:13:15,11.54,--,11,12693,卖盘
1487,13:13:12,11.54,-0.01,3,3461,卖盘
1488,13:13:06,11.55,--,17,19635,买盘
1489,13:13:03,11.55,--,37,42735,买盘
1490,13:13:00,11.55,0.01,38,43890,买盘
1491,13:12:57,11.54,-0.01,8,9232,卖盘
1492,13:12:54,11.55,0.01,14,16170,买盘
1493,13:12:51,11.54,-0.01,103,118861,卖盘
1494,13:12:48,11.55,--,8,9240,买盘
1495,13:12:45,11.55,--,14,16170,买盘
1496,13:12:39,11.55,--,80,92400,买盘
1497,13:12:36,11.55,--,91,105105,买盘
1498,13:12:33,11.55,--,7,8085,买盘
1499,13:12:21,11.55,--,44,50820,买盘
1500,13:12:15,11.55,--,19,21945,买盘
1501,13:12:12,11.55,--,154,177870,买盘
1502,13:12:09,11.55,--,7,8085,买盘
1503,13:12:06,11.55,--,1,1155,买盘
1504,13:12:03,11.55,--,5,5775,买盘
1505,13:12:00,11.55,0.01,7,8085,买盘
1506,13:11:57,11.54,--,5,5770,卖盘
1507,13:11:51,11.54,-0.01,5,5770,卖盘
1508,13:11:48,11.55,--,17,19635,买盘
1509,13:11:45,11.55,0.01,59,68145,买盘
1510,13:11:42,11.54,-0.01,40,46160,卖盘
1511,13:11:39,11.55,0.01,6,6930,买盘
1512,13:11:36,11.54,--,9,10386,卖盘
1513,13:11:33,11.54,-0.01,1,1154,卖盘
1514,13:11:30,11.55,--,17,19635,买盘
1515,13:11:27,11.55,--,1,1155,买盘
1516,13:11:24,11.55,--,12,13860,买盘
1517,13:11:21,11.55,--,5,5775,买盘
1518,13:11:15,11.55,0.01,7,8085,买盘
1519,13:11:12,11.54,-0.01,2,2308,卖盘
1520,13:11:03,11.55,--,7,8085,买盘
1521,13:10:57,11.55,0.01,8,9240,买盘
1522,13:10:54,11.54,--,3,3461,卖盘
1523,13:10:51,11.54,--,42,48468,卖盘
1524,13:10:48,11.54,--,4,4616,卖盘
1525,13:10:45,11.54,-0.01,1,1154,卖盘
1526,13:10:39,11.55,0.01,17,19635,买盘
1527,13:10:36,11.54,--,9,10386,卖盘
1528,13:10:30,11.54,-0.01,1,1154,卖盘
1529,13:10:27,11.55,0.01,16,18480,买盘
1530,13:10:24,11.54,--,40,46160,卖盘
1531,13:10:21,11.54,-0.01,1,1154,卖盘
1532,13:10:18,11.55,0.01,7,8085,买盘
1533,13:10:09,11.54,-0.01,3,3461,卖盘
1534,13:10:06,11.55,--,9,10395,买盘
1535,13:10:00,11.55,0.01,76,87780,买盘
1536,13:09:57,11.54,-0.01,1,1154,卖盘
1537,13:09:54,11.55,--,7,8085,买盘
1538,13:09:42,11.55,--,7,8085,买盘
1539,13:09:39,11.55,0.01,8,9240,买盘
1540,13:09:36,11.54,--,23,26541,卖盘
1541,13:09:33,11.54,-0.01,201,231953,卖盘
1542,13:09:30,11.55,--,7,8085,买盘
1543,13:09:27,11.55,--,7,8085,买盘
1544,13:09:21,11.55,--,7,8085,买盘
1545,13:09:18,11.55,--,18,21714,卖盘
1546,13:09:15,11.55,--,1,1155,卖盘
1547,13:09:12,11.55,--,2,2310,卖盘
1548,13:09:09,11.55,--,3,3465,卖盘
1549,13:09:06,11.55,0.01,1,1155,卖盘
1550,13:09:03,11.54,--,9,10616,买盘
1551,13:09:00,11.54,--,37,42698,买盘
1552,13:08:57,11.54,--,17,19618,买盘
1553,13:08:54,11.54,--,26,30003,买盘
1554,13:08:51,11.54,-0.01,260,300963,卖盘
1555,13:08:48,11.55,--,8,9240,卖盘
1556,13:08:45,11.55,--,6,6930,买盘
1557,13:08:36,11.55,--,25,28875,买盘
1558,13:08:33,11.55,--,17,19635,买盘
1559,13:08:27,11.55,--,5,5775,卖盘
1560,13:08:24,11.55,--,2,2310,买盘
1561,13:08:18,11.55,0.01,8,9240,买盘
1562,13:08:15,11.54,-0.01,58,66932,卖盘
1563,13:08:12,11.55,--,3,3465,卖盘
1564,13:08:06,11.55,--,6,6930,卖盘
1565,13:08:03,11.55,-0.01,1,1155,卖盘
1566,13:07:54,11.56,--,38,43928,买盘
1567,13:07:39,11.56,0.01,9,10404,买盘
1568,13:07:36,11.55,--,13,15015,买盘
1569,13:07:30,11.55,--,40,46200,买盘
1570,13:07:27,11.55,--,7,8085,买盘
1571,13:07:21,11.55,--,9,10395,买盘
1572,13:07:18,11.55,0.01,8,9240,卖盘
1573,13:07:06,11.54,-0.01,29,33466,卖盘
1574,13:07:03,11.55,--,1,1386,买盘
1575,13:06:54,11.55,--,2,3234,卖盘
1576,13:06:51,11.55,--,104,120351,买盘
1577,13:06:48,11.55,--,39,45045,买盘
1578,13:06:45,11.55,--,32,36960,买盘
1579,13:06:39,11.55,0.01,7,8085,买盘
1580,13:06:36,11.54,-0.01,3,3461,卖盘
1581,13:06:30,11.55,0.01,7,8085,买盘
1582,13:06:27,11.54,--,58,66932,卖盘
1583,13:06:24,11.54,-0.01,7,8077,卖盘
1584,13:06:18,11.55,0.01,46,53130,买盘
1585,13:06:12,11.54,--,1,1154,卖盘
1586,13:06:09,11.54,-0.01,2,2308,卖盘
1587,13:06:06,11.55,0.01,7,8085,买盘
1588,13:06:00,11.54,--,18,20772,卖盘
1589,13:05:57,11.54,-0.01,3,3461,卖盘
1590,13:05:54,11.55,--,128,147840,买盘
1591,13:05:51,11.55,0.01,2,2310,买盘
1592,13:05:45,11.54,-0.01,2,2308,卖盘
1593,13:05:42,11.55,0.01,27,31185,买盘
1594,13:05:36,11.54,-0.01,6,6923,卖盘
1595,13:05:33,11.55,--,7,8085,买盘
1596,13:05:27,11.55,0.01,7,8085,买盘
1597,13:05:24,11.54,-0.01,44,50775,卖盘
1598,13:05:21,11.55,--,7,8085,买盘
1599,13:05:09,11.55,--,23,27489,卖盘
1600,13:05:06,11.55,0.01,0,231,买盘
1601,13:05:03,11.54,-0.01,15,17310,卖盘
1602,13:05:00,11.55,--,94,109494,卖盘
1603,13:04:48,11.55,--,14,16170,卖盘
1604,13:04:42,11.55,--,16,18480,卖盘
1605,13:04:39,11.55,--,116,133980,卖盘
1606,13:04:36,11.55,--,1,1155,卖盘
1607,13:04:30,11.55,-0.01,12,14091,卖盘
1608,13:04:27,11.56,0.01,21,24276,买盘
1609,13:04:24,11.55,--,1,1155,卖盘
1610,13:04:06,11.55,--,18,20790,卖盘
1611,13:04:03,11.55,--,14,16170,买盘
1612,13:04:00,11.55,--,17,19635,买盘
1613,13:03:51,11.55,--,7,8085,买盘
1614,13:03:39,11.55,--,11,12705,买盘
1615,13:03:27,11.55,--,7,8085,买盘
1616,13:03:24,11.55,--,3,3465,买盘
1617,13:03:15,11.55,0.01,7,8085,买盘
1618,13:03:12,11.54,-0.01,1,1154,卖盘
1619,13:03:03,11.55,--,8,9240,买盘
1620,13:02:54,11.55,--,81,93555,买盘
1621,13:02:51,11.55,--,4,4620,买盘
1622,13:02:42,11.55,--,7,8085,买盘
1623,13:02:30,11.55,--,7,8085,买盘
1624,13:02:18,11.55,0.01,7,8085,买盘
1625,13:02:15,11.54,-0.01,3,3461,卖盘
1626,13:02:09,11.55,--,7,8085,买盘
1627,13:02:06,11.55,0.01,7,8085,买盘
1628,13:02:03,11.54,--,3,3461,卖盘
1629,13:02:00,11.54,--,51,58853,卖盘
1630,13:01:57,11.54,-0.01,9,10386,卖盘
1631,13:01:48,11.55,--,1,1155,买盘
1632,13:01:45,11.55,--,22,25410,买盘
1633,13:01:42,11.55,--,10,11550,买盘
1634,13:01:39,11.55,0.01,42,48510,买盘
1635,13:01:33,11.54,-0.01,16,18464,卖盘
1636,13:01:27,11.55,--,51,58905,买盘
1637,13:01:21,11.55,0.01,8,9240,买盘
1638,13:01:15,11.54,--,19,21926,卖盘
1639,13:01:12,11.54,--,10,11540,卖盘
1640,13:01:09,11.54,--,58,66932,卖盘
1641,13:01:06,11.54,-0.01,11,12693,卖盘
1642,13:01:03,11.55,--,2,2310,买盘
1643,13:01:00,11.55,--,8,9240,买盘
1644,13:00:57,11.55,--,5,5775,买盘
1645,13:00:48,11.55,0.01,7,8085,买盘
1646,13:00:45,11.54,-0.01,7,8077,卖盘
1647,13:00:42,11.55,--,13,15015,买盘
1648,13:00:36,11.55,0.01,13,15015,买盘
1649,13:00:33,11.54,-0.01,23,26541,卖盘
1650,13:00:24,11.55,--,17,19635,买盘
1651,13:00:21,11.55,0.01,24,27720,买盘
1652,13:00:18,11.54,-0.01,2,2308,卖盘
1653,13:00:15,11.55,--,1,1155,买盘
1654,13:00:12,11.55,--,17,19635,买盘
1655,13:00:09,11.55,--,20,23100,买盘
1656,13:00:06,11.55,0.01,170,196350,买盘
1657,13:00:03,11.54,-0.01,774,893195,卖盘
1658,13:00:00,11.55,--,0,0,卖盘
1659,11:30:00,11.55,--,0,0,卖盘
1660,11:29:54,11.55,0.01,5,5775,卖盘
1661,11:29:24,11.54,-0.01,58,66932,卖盘
1662,11:29:21,11.55,--,5,5775,卖盘
1663,11:29:15,11.55,-0.01,2,2310,中性盘
1664,11:29:06,11.56,--,2,2312,买盘
1665,11:29:03,11.56,--,7,8092,买盘
1666,11:28:54,11.56,--,9,10404,买盘
1667,11:28:48,11.56,--,20,23120,买盘
1668,11:28:42,11.56,0.02,59,68204,买盘
1669,11:28:39,11.54,--,103,118861,卖盘
1670,11:28:36,11.54,-0.02,2,2308,卖盘
1671,11:28:30,11.56,--,7,8092,买盘
1672,11:28:24,11.56,0.01,69,79764,买盘
1673,11:28:12,11.55,--,46,53130,买盘
1674,11:28:09,11.55,--,10,11550,买盘
1675,11:28:06,11.55,--,7,8085,买盘
1676,11:28:03,11.55,--,220,254100,买盘
1677,11:28:00,11.55,0.01,24,27720,买盘
1678,11:27:57,11.54,-0.01,3,3461,卖盘
1679,11:27:54,11.55,--,19,21945,买盘
1680,11:27:45,11.55,0.01,7,8085,买盘
1681,11:27:42,11.54,--,120,138480,卖盘
1682,11:27:36,11.54,-0.01,58,66932,卖盘
1683,11:27:33,11.55,--,9,10395,买盘
1684,11:27:24,11.55,--,5,5775,买盘
1685,11:27:21,11.55,0.01,22,25410,买盘
1686,11:27:15,11.54,-0.01,20,23080,卖盘
1687,11:27:09,11.55,--,7,8085,买盘
1688,11:27:03,11.55,0.01,1,1155,买盘
1689,11:27:00,11.54,-0.01,1,1154,卖盘
1690,11:26:57,11.55,--,8,9240,买盘
1691,11:26:54,11.55,--,10,11550,买盘
1692,11:26:48,11.55,--,12,13860,买盘
1693,11:26:45,11.55,--,94,108570,买盘
1694,11:26:42,11.55,--,107,123585,买盘
1695,11:26:36,11.55,0.01,7,8085,买盘
1696,11:26:33,11.54,-0.01,21,24234,卖盘
1697,11:26:30,11.55,--,5,5775,买盘
1698,11:26:27,11.55,--,37,42735,买盘
1699,11:26:24,11.55,0.01,7,8085,买盘
1700,11:26:21,11.54,-0.01,13,15001,卖盘
1701,11:26:18,11.55,0.01,14,16170,买盘
1702,11:26:15,11.54,-0.01,43,49621,卖盘
1703,11:26:12,11.55,--,7,8085,买盘
1704,11:26:09,11.55,--,20,23100,买盘
1705,11:26:03,11.55,--,1,1155,买盘
1706,11:26:00,11.55,0.02,9,10395,中性盘
1707,11:25:51,11.53,-0.01,97,111841,卖盘
1708,11:25:48,11.54,-0.01,200,230799,卖盘
1709,11:25:36,11.55,--,105,121275,买盘
1710,11:25:27,11.55,0.01,39,45045,买盘
1711,11:25:24,11.54,--,7,8077,买盘
1712,11:25:21,11.54,--,10,11540,买盘
1713,11:25:15,11.54,--,10,11540,买盘
1714,11:25:12,11.54,--,6,6923,买盘
1715,11:25:09,11.54,--,10,11540,买盘
1716,11:25:03,11.54,--,9,10386,买盘
1717,11:24:57,11.54,--,28,32311,买盘
1718,11:24:54,11.54,--,40,46160,买盘
1719,11:24:51,11.54,--,15,17310,卖盘
1720,11:24:48,11.54,0.01,2,2308,买盘
1721,11:24:45,11.53,-0.02,37,42661,卖盘
1722,11:24:39,11.55,0.01,7,8085,买盘
1723,11:24:30,11.54,--,1,1154,卖盘
1724,11:24:27,11.54,--,6,6923,买盘
1725,11:24:21,11.54,--,1,1154,买盘
1726,11:24:18,11.54,-0.01,43,49621,卖盘
1727,11:24:15,11.55,0.01,7,8085,买盘
1728,11:24:09,11.54,--,18,20772,买盘
1729,11:24:06,11.54,0.01,7,8077,买盘
1730,11:24:00,11.53,--,2,2306,卖盘
1731,11:23:57,11.53,-0.01,57,65721,卖盘
1732,11:23:54,11.54,--,7,8077,买盘
1733,11:23:51,11.54,--,56,64623,买盘
1734,11:23:48,11.54,-0.01,518,597772,卖盘
1735,11:23:45,11.55,--,40,46200,卖盘
1736,11:23:36,11.55,-0.01,26,30030,卖盘
1737,11:23:33,11.56,--,7,8092,买盘
1738,11:23:30,11.56,0.01,19,21964,买盘
1739,11:23:27,11.55,--,48,55440,买盘
1740,11:23:24,11.55,--,54,62370,买盘
1741,11:23:18,11.55,--,56,64680,卖盘
1742,11:23:15,11.55,--,10,11550,卖盘
1743,11:23:12,11.55,--,1,1155,卖盘
1744,11:23:09,11.55,--,16,18480,卖盘
1745,11:23:06,11.55,--,11,12705,卖盘
1746,11:22:45,11.55,0.01,3,3465,买盘
1747,11:22:42,11.54,-0.01,2,2308,卖盘
1748,11:22:33,11.55,--,7,8085,买盘
1749,11:22:30,11.55,--,9,10395,买盘
1750,11:22:24,11.55,--,56,64680,买盘
1751,11:22:21,11.55,0.01,7,8085,买盘
1752,11:22:18,11.54,--,171,197333,卖盘
1753,11:22:15,11.54,-0.01,1,1154,卖盘
1754,11:22:12,11.55,--,64,73920,买盘
1755,11:22:09,11.55,--,7,8085,买盘
1756,11:21:57,11.55,0.01,7,8085,买盘
1757,11:21:54,11.54,-0.01,6,6923,卖盘
1758,11:21:48,11.55,--,7,8085,买盘
1759,11:21:45,11.55,0.01,7,8085,买盘
1760,11:21:39,11.54,-0.01,3,3461,卖盘
1761,11:21:36,11.55,0.01,7,8085,买盘
1762,11:21:27,11.54,-0.01,1,1154,卖盘
1763,11:21:24,11.55,--,7,8085,买盘
1764,11:21:21,11.55,--,38,43890,卖盘
1765,11:21:12,11.55,--,3,3465,买盘
1766,11:21:09,11.55,--,30,34650,卖盘
1767,11:21:06,11.55,--,31,35805,卖盘
1768,11:21:03,11.55,--,17,19635,卖盘
1769,11:21:00,11.55,--,12,13860,中性盘
1770,11:20:57,11.55,--,6,6930,买盘
1771,11:20:54,11.55,--,5,5775,买盘
1772,11:20:51,11.55,--,64,73920,买盘
1773,11:20:48,11.55,--,13,15015,买盘
1774,11:20:45,11.55,--,57,65835,买盘
1775,11:20:36,11.55,0.01,8,9240,买盘
1776,11:20:33,11.54,-0.01,1,1154,卖盘
1777,11:20:27,11.55,0.01,74,85470,买盘
1778,11:20:24,11.54,--,1,1154,卖盘
1779,11:20:18,11.54,-0.01,1,1154,卖盘
1780,11:20:15,11.55,--,7,8085,买盘
1781,11:20:03,11.55,0.01,7,8085,买盘
1782,11:19:54,11.54,-0.01,11,12693,卖盘
1783,11:19:51,11.55,--,7,8085,买盘
1784,11:19:39,11.55,--,107,123585,买盘
1785,11:19:33,11.55,--,11,12705,买盘
1786,11:19:27,11.55,--,7,8085,买盘
1787,11:19:21,11.55,--,2,2310,买盘
1788,11:19:18,11.55,--,3,3465,买盘
1789,11:19:15,11.55,--,17,19635,买盘
1790,11:19:09,11.55,--,11,12705,买盘
1791,11:19:06,11.55,--,17,19635,买盘
1792,11:19:03,11.55,0.01,41,47355,买盘
1793,11:19:00,11.54,-0.01,44,50775,卖盘
1794,11:18:54,11.55,--,7,8085,买盘
1795,11:18:42,11.55,0.02,7,8085,买盘
1796,11:18:39,11.53,-0.01,64,73792,卖盘
1797,11:18:36,11.54,-0.01,143,165022,卖盘
1798,11:18:30,11.55,--,7,8085,买盘
1799,11:18:27,11.55,--,38,43890,买盘
1800,11:18:24,11.55,--,347,400785,买盘
1801,11:18:21,11.55,--,17,19635,买盘
1802,11:18:18,11.55,--,8,9240,买盘
1803,11:18:12,11.55,--,2,2310,买盘
1804,11:18:09,11.55,--,1,1155,买盘
1805,11:18:06,11.55,--,7,8085,买盘
1806,11:18:03,11.55,--,2,2310,买盘
1807,11:17:57,11.55,0.01,7,8085,买盘
1808,11:17:48,11.54,-0.01,20,23080,卖盘
1809,11:17:45,11.55,--,7,8085,买盘
1810,11:17:39,11.55,--,6,6930,买盘
1811,11:17:33,11.55,0.01,7,8085,买盘
1812,11:17:30,11.54,-0.01,10,11540,卖盘
1813,11:17:27,11.55,0.01,8,9240,买盘
1814,11:17:21,11.54,-0.01,127,146558,卖盘
1815,11:17:15,11.55,--,9,10395,买盘
1816,11:17:12,11.55,--,30,34650,买盘
1817,11:17:09,11.55,--,7,8085,买盘
1818,11:17:06,11.55,--,30,34650,买盘
1819,11:17:00,11.55,--,7,8085,买盘
1820,11:16:57,11.55,0.01,7,8085,买盘
1821,11:16:51,11.54,-0.01,57,65778,卖盘
1822,11:16:48,11.55,--,6,6930,买盘
1823,11:16:45,11.55,--,7,8085,买盘
1824,11:16:36,11.55,0.01,42,48510,买盘
1825,11:16:33,11.54,-0.01,1,1154,卖盘
1826,11:16:30,11.55,--,5,5775,买盘
1827,11:16:27,11.55,--,7,8085,买盘
1828,11:16:24,11.55,--,7,8085,买盘
1829,11:16:15,11.55,--,17,19635,买盘
1830,11:16:12,11.55,0.01,7,8085,买盘
1831,11:16:06,11.54,-0.01,30,34620,卖盘
1832,11:16:03,11.55,--,10,11550,买盘
1833,11:16:00,11.55,0.01,52,60060,买盘
1834,11:15:54,11.54,--,15,17310,卖盘
1835,11:15:51,11.54,-0.01,10,11540,卖盘
1836,11:15:48,11.55,0.01,19,21945,买盘
1837,11:15:45,11.54,-0.01,90,103859,卖盘
1838,11:15:36,11.55,0.01,7,8085,买盘
1839,11:15:33,11.54,--,24,27695,卖盘
1840,11:15:30,11.54,--,10,11540,卖盘
1841,11:15:27,11.54,-0.01,17,19618,卖盘
1842,11:15:24,11.55,0.01,41,47355,买盘
1843,11:15:21,11.54,-0.01,54,62315,卖盘
1844,11:15:15,11.55,--,7,8085,买盘
1845,11:15:09,11.55,0.01,30,34650,买盘
1846,11:15:06,11.54,-0.01,57,65778,卖盘
1847,11:15:03,11.55,--,7,8085,买盘
1848,11:14:51,11.55,--,16,18480,买盘
1849,11:14:48,11.55,--,42,48510,买盘
1850,11:14:45,11.55,--,42,48510,买盘
1851,11:14:39,11.55,--,7,8085,买盘
1852,11:14:36,11.55,--,6,6930,买盘
1853,11:14:33,11.55,--,35,40425,买盘
1854,11:14:27,11.55,--,7,8085,买盘
1855,11:14:24,11.55,--,11,12705,买盘
1856,11:14:15,11.55,--,16,18480,买盘
1857,11:14:12,11.55,--,88,101640,买盘
1858,11:14:09,11.55,--,26,30030,买盘
1859,11:14:06,11.55,--,264,304920,买盘
1860,11:14:03,11.55,--,2,2310,买盘
1861,11:13:57,11.55,--,6,6930,买盘
1862,11:13:54,11.55,--,7,8085,买盘
1863,11:13:42,11.55,--,7,8085,买盘
1864,11:13:36,11.55,--,30,34650,买盘
1865,11:13:30,11.55,--,7,8085,买盘
1866,11:13:27,11.55,0.01,9,10395,买盘
1867,11:13:24,11.54,0.01,11,12693,买盘
1868,11:13:21,11.53,-0.01,100,115300,卖盘
1869,11:13:18,11.54,--,7,8077,买盘
1870,11:13:15,11.54,--,7,8077,买盘
1871,11:13:09,11.54,--,7,8077,买盘
1872,11:13:06,11.54,--,68,78472,买盘
1873,11:13:03,11.54,--,8,9232,买盘
1874,11:12:57,11.54,--,13,15001,买盘
1875,11:12:51,11.54,--,6,6923,卖盘
1876,11:12:48,11.54,-0.01,5,5770,卖盘
1877,11:12:45,11.55,0.01,9,10395,买盘
1878,11:12:42,11.54,--,50,57699,买盘
1879,11:12:33,11.54,0.01,7,8077,买盘
1880,11:12:24,11.53,-0.01,1,1153,卖盘
1881,11:12:21,11.54,--,35,40390,卖盘
1882,11:12:15,11.54,0.01,2,2308,买盘
1883,11:12:09,11.53,--,7,8094,卖盘
1884,11:12:00,11.53,--,12,13836,卖盘
1885,11:11:57,11.53,--,8,9224,卖盘
1886,11:11:51,11.53,-0.01,2,2306,卖盘
1887,11:11:48,11.54,--,7,8077,买盘
1888,11:11:42,11.54,-0.01,55,63469,卖盘
1889,11:11:39,11.55,0.01,11,12705,买盘
1890,11:11:36,11.54,-0.01,63,72702,卖盘
1891,11:11:33,11.55,0.01,1,1155,买盘
1892,11:11:24,11.54,-0.01,10,11540,中性盘
1893,11:11:12,11.55,--,9,10395,买盘
1894,11:11:06,11.55,0.01,27,31185,买盘
1895,11:11:03,11.54,-0.01,8,9232,中性盘
1896,11:11:00,11.55,--,7,8085,买盘
1897,11:10:54,11.55,--,10,11550,买盘
1898,11:10:48,11.55,--,26,30030,买盘
1899,11:10:39,11.55,--,8,9240,买盘
1900,11:10:36,11.55,--,7,8085,买盘
1901,11:10:33,11.55,0.02,7,8085,买盘
1902,11:10:27,11.53,-0.02,51,58803,卖盘
1903,11:10:15,11.55,--,7,8085,买盘
1904,11:10:12,11.55,--,10,11550,买盘
1905,11:10:09,11.55,--,14,16170,买盘
1906,11:10:06,11.55,0.01,100,115500,买盘
1907,11:10:03,11.54,--,18,20772,买盘
1908,11:10:00,11.54,-0.01,21,24234,中性盘
1909,11:09:54,11.55,0.02,10,11550,买盘
1910,11:09:51,11.53,-0.02,64,73792,卖盘
1911,11:09:48,11.55,--,35,40425,买盘
1912,11:09:39,11.55,0.01,7,8085,买盘
1913,11:09:33,11.54,--,1,1154,卖盘
1914,11:09:30,11.54,-0.01,2,2308,卖盘
1915,11:09:27,11.55,--,7,8085,买盘
1916,11:09:18,11.55,0.02,7,8085,买盘
1917,11:09:15,11.53,-0.01,57,65721,卖盘
1918,11:09:12,11.54,--,4,4616,买盘
1919,11:09:06,11.54,--,8,9232,买盘
1920,11:09:00,11.54,-0.01,17,19618,卖盘
1921,11:08:54,11.55,0.01,7,8085,买盘
1922,11:08:51,11.54,--,4,4616,买盘
1923,11:08:45,11.54,0.01,13,15001,买盘
1924,11:08:42,11.53,-0.01,10,11530,卖盘
1925,11:08:36,11.54,--,3,3461,买盘
1926,11:08:30,11.54,--,10,11540,买盘
1927,11:08:27,11.54,--,20,23080,买盘
1928,11:08:24,11.54,-0.01,47,54237,卖盘
1929,11:08:21,11.55,--,5,5775,买盘
1930,11:08:18,11.55,--,7,8085,买盘
1931,11:08:12,11.55,--,13,15015,买盘
1932,11:08:09,11.55,--,6,6930,买盘
1933,11:08:06,11.55,--,75,86625,买盘
1934,11:08:03,11.55,0.01,53,61215,买盘
1935,11:07:57,11.54,0.01,7,8077,买盘
1936,11:07:51,11.53,--,4,4612,卖盘
1937,11:07:45,11.53,-0.01,26,29978,卖盘
1938,11:07:42,11.54,--,50,57699,买盘
1939,11:07:39,11.54,--,2,2308,买盘
1940,11:07:33,11.54,0.01,27,31157,买盘
1941,11:07:30,11.53,-0.02,123,141819,卖盘
1942,11:07:21,11.55,--,7,8085,买盘
1943,11:07:09,11.55,--,9,10395,买盘
1944,11:07:06,11.55,--,2,2310,买盘
1945,11:07:03,11.55,--,7,8085,买盘
1946,11:06:57,11.55,--,7,8085,买盘
1947,11:06:54,11.55,--,13,15015,买盘
1948,11:06:51,11.55,0.01,101,116655,买盘
1949,11:06:48,11.54,-0.01,20,23080,卖盘
1950,11:06:45,11.55,0.01,2,2310,买盘
1951,11:06:39,11.54,-0.01,2,2308,卖盘
1952,11:06:36,11.55,0.01,7,8085,买盘
1953,11:06:27,11.54,-0.01,13,15001,卖盘
1954,11:06:24,11.55,0.01,7,8085,买盘
1955,11:06:21,11.54,--,60,69240,卖盘
1956,11:06:18,11.54,-0.01,130,150020,卖盘
1957,11:06:12,11.55,0.01,7,8085,买盘
1958,11:06:09,11.54,-0.01,371,428133,卖盘
1959,11:06:03,11.55,--,1,1155,买盘
1960,11:06:00,11.55,--,7,8085,买盘
1961,11:05:57,11.55,0.01,2,2310,买盘
1962,11:05:51,11.54,-0.01,36,41544,卖盘
1963,11:05:48,11.55,--,16,18480,买盘
1964,11:05:45,11.55,--,10,11550,买盘
1965,11:05:42,11.55,--,14,16170,买盘
1966,11:05:39,11.55,--,10,11550,买盘
1967,11:05:36,11.55,--,7,8085,买盘
1968,11:05:33,11.55,0.01,3,3465,买盘
1969,11:05:30,11.54,--,2,2308,卖盘
1970,11:05:27,11.54,-0.01,9,10386,卖盘
1971,11:05:15,11.55,--,118,136290,买盘
1972,11:05:12,11.55,0.01,24,27720,买盘
1973,11:05:03,11.54,--,9,10386,卖盘
1974,11:04:54,11.54,--,10,11540,卖盘
1975,11:04:51,11.54,-0.01,20,23080,卖盘
1976,11:04:48,11.55,--,123,142065,买盘
1977,11:04:39,11.55,0.01,7,8085,买盘
1978,11:04:36,11.54,--,2,2308,卖盘
1979,11:04:33,11.54,--,56,64623,卖盘
1980,11:04:30,11.54,-0.01,8,9232,卖盘
1981,11:04:27,11.55,--,7,8085,买盘
1982,11:04:24,11.55,0.01,3,3465,买盘
1983,11:04:18,11.54,--,8,9232,卖盘
1984,11:04:12,11.54,-0.01,6,6923,卖盘
1985,11:04:09,11.55,0.01,10,11550,买盘
1986,11:04:06,11.54,-0.01,29,33466,卖盘
1987,11:04:03,11.55,0.01,3,3465,买盘
1988,11:04:00,11.54,--,2,2308,卖盘
1989,11:03:57,11.54,-0.01,30,34620,卖盘
1990,11:03:54,11.55,0.01,222,256410,买盘
1991,11:03:48,11.54,--,7,8077,卖盘
1992,11:03:45,11.54,-0.01,5,5770,卖盘
1993,11:03:42,11.55,--,7,8085,买盘
1994,11:03:39,11.55,--,3,3465,买盘
1995,11:03:36,11.55,--,15,17325,买盘
1996,11:03:30,11.55,0.01,36,41580,买盘
1997,11:03:24,11.54,-0.01,4,4616,卖盘
1998,11:03:18,11.55,--,88,101640,买盘
1999,11:03:12,11.55,--,3,3465,买盘
2000,11:03:09,11.55,0.01,7,8085,买盘
2001,11:03:06,11.54,-0.01,10,11540,卖盘
2002,11:03:03,11.55,--,2,2310,买盘
2003,11:02:57,11.55,0.01,7,8085,买盘
2004,11:02:54,11.54,-0.01,25,28849,卖盘
2005,11:02:48,11.55,--,59,68145,买盘
2006,11:02:45,11.55,0.01,7,8085,买盘
2007,11:02:39,11.54,-0.01,10,11540,卖盘
2008,11:02:36,11.55,--,137,158235,买盘
2009,11:02:33,11.55,--,47,54285,买盘
2010,11:02:27,11.55,--,3,3465,买盘
2011,11:02:21,11.55,--,48,55440,买盘
2012,11:02:18,11.55,--,39,45045,买盘
2013,11:02:09,11.55,--,7,8085,买盘
2014,11:02:03,11.55,--,4,4620,买盘
2015,11:02:00,11.55,--,13,15015,买盘
2016,11:01:57,11.55,--,9,10395,买盘
2017,11:01:51,11.55,--,40,46200,买盘
2018,11:01:48,11.55,--,7,8085,买盘
2019,11:01:45,11.55,--,30,34650,买盘
2020,11:01:42,11.55,--,3,3465,买盘
2021,11:01:39,11.55,--,149,172095,买盘
2022,11:01:36,11.55,0.01,7,8085,买盘
2023,11:01:30,11.54,-0.01,13,15001,卖盘
2024,11:01:27,11.55,--,49,56595,买盘
2025,11:01:24,11.55,--,105,121713,卖盘
2026,11:01:21,11.55,--,401,463871,买盘
2027,11:01:18,11.55,--,2,2310,买盘
2028,11:01:12,11.55,--,7,8085,买盘
2029,11:01:03,11.55,--,12,13860,买盘
2030,11:01:00,11.55,--,114,131670,买盘
2031,11:00:57,11.55,0.01,9,10395,买盘
2032,11:00:51,11.54,-0.01,210,242339,卖盘
2033,11:00:48,11.55,--,7,8085,买盘
2034,11:00:39,11.55,0.01,7,8085,买盘
2035,11:00:36,11.54,--,5,5770,卖盘
2036,11:00:30,11.54,--,3,3461,卖盘
2037,11:00:27,11.54,--,20,23080,卖盘
2038,11:00:21,11.54,--,21,24234,卖盘
2039,11:00:18,11.54,-0.01,22,25387,卖盘
2040,11:00:15,11.55,0.01,67,77385,买盘
2041,11:00:09,11.54,--,11,12693,买盘
2042,11:00:06,11.54,-0.01,118,136172,卖盘
2043,11:00:03,11.55,--,21,24255,买盘
2044,10:59:51,11.55,0.01,7,8085,买盘
2045,10:59:48,11.54,--,13,15001,卖盘
2046,10:59:45,11.54,-0.01,136,156944,卖盘
2047,10:59:39,11.55,--,107,123585,买盘
2048,10:59:27,11.55,--,7,8085,买盘
2049,10:59:21,11.55,--,30,34650,买盘
2050,10:59:18,11.55,--,7,8085,买盘
2051,10:59:15,11.55,0.02,1,1155,买盘
2052,10:59:12,11.53,--,58,66874,卖盘
2053,10:59:09,11.53,-0.01,8,9224,卖盘
2054,10:59:06,11.54,--,20,23149,买盘
2055,10:59:03,11.54,--,6,6923,买盘
2056,10:59:00,11.54,--,26,31088,卖盘
2057,10:58:57,11.54,0.01,90,103929,买盘
2058,10:58:54,11.53,-0.01,197,227141,卖盘
2059,10:58:51,11.54,--,41,47314,买盘
2060,10:58:45,11.54,--,7,8077,买盘
2061,10:58:42,11.54,--,8,9232,买盘
2062,10:58:39,11.54,--,199,230730,卖盘
2063,10:58:30,11.54,-0.01,68,78472,卖盘
2064,10:58:21,11.55,--,39,45045,买盘
2065,10:58:18,11.55,--,7,8085,买盘
2066,10:58:15,11.55,0.01,105,121275,买盘
2067,10:58:12,11.54,-0.01,1,1154,卖盘
2068,10:58:09,11.55,0.01,12,13860,买盘
2069,10:58:06,11.54,-0.01,239,275806,卖盘
2070,10:57:57,11.55,--,7,8085,买盘
2071,10:57:48,11.55,--,2,2310,买盘
2072,10:57:45,11.55,0.01,7,8085,买盘
2073,10:57:39,11.54,-0.01,2,2308,卖盘
2074,10:57:36,11.55,--,4,4620,买盘
2075,10:57:33,11.55,0.01,7,8085,买盘
2076,10:57:30,11.54,-0.01,121,139634,卖盘
2077,10:57:27,11.55,--,96,110880,买盘
2078,10:57:24,11.55,--,3,3465,买盘
2079,10:57:21,11.55,--,7,8085,买盘
2080,10:57:18,11.55,--,5,5775,买盘
2081,10:57:12,11.55,0.01,5,5775,买盘
2082,10:57:09,11.54,--,68,78472,卖盘
2083,10:57:06,11.54,-0.01,1,1154,卖盘
2084,10:57:03,11.55,--,1,1155,买盘
2085,10:56:57,11.55,--,9,10395,买盘
2086,10:56:51,11.55,--,5,5775,买盘
2087,10:56:45,11.55,0.01,7,8085,买盘
2088,10:56:42,11.54,-0.01,30,34620,卖盘
2089,10:56:39,11.55,--,18,20790,买盘
2090,10:56:36,11.55,--,7,8085,买盘
2091,10:56:33,11.55,--,2,2310,买盘
2092,10:56:27,11.55,--,1,1155,买盘
2093,10:56:24,11.55,0.01,7,8085,买盘
2094,10:56:18,11.54,-0.01,4,4616,卖盘
2095,10:56:12,11.55,--,31,35805,买盘
2096,10:56:09,11.55,--,41,47355,买盘
2097,10:56:06,11.55,--,11,12705,买盘
2098,10:56:03,11.55,--,2,2310,买盘
2099,10:56:00,11.55,--,8,9240,买盘
2100,10:55:54,11.55,0.01,20,23100,买盘
2101,10:55:51,11.54,-0.01,2,2308,卖盘
2102,10:55:48,11.55,0.01,3,3465,买盘
2103,10:55:45,11.54,-0.01,56,64623,卖盘
2104,10:55:42,11.55,0.01,20,23100,买盘
2105,10:55:36,11.54,--,20,23080,卖盘
2106,10:55:30,11.54,--,1,1154,卖盘
2107,10:55:27,11.54,--,5,5770,卖盘
2108,10:55:24,11.54,-0.01,87,100397,卖盘
2109,10:55:18,11.55,0.01,5,5775,买盘
2110,10:55:15,11.54,--,125,144250,卖盘
2111,10:55:12,11.54,-0.01,10,11540,卖盘
2112,10:55:09,11.55,--,22,25410,买盘
2113,10:55:06,11.55,--,42,48510,买盘
2114,10:55:03,11.55,--,28,32340,买盘
2115,10:55:00,11.55,0.01,27,31185,买盘
2116,10:54:48,11.54,-0.01,4,4616,卖盘
2117,10:54:33,11.55,--,7,8085,买盘
2118,10:54:30,11.55,0.01,8,9240,买盘
2119,10:54:27,11.54,-0.01,1,1154,卖盘
2120,10:54:21,11.55,--,1,1155,买盘
2121,10:54:03,11.55,--,86,99330,买盘
2122,10:54:00,11.55,0.01,87,100485,买盘
2123,10:53:57,11.54,-0.01,13,15001,卖盘
2124,10:53:42,11.55,--,44,50820,买盘
2125,10:53:33,11.55,0.01,189,218295,买盘
2126,10:53:30,11.54,-0.01,18,20772,卖盘
2127,10:53:18,11.55,--,7,8085,买盘
2128,10:53:12,11.55,0.01,1,1155,买盘
2129,10:53:03,11.54,--,7,8077,卖盘
2130,10:53:00,11.54,--,20,23080,卖盘
2131,10:52:57,11.54,-0.01,50,57699,卖盘
2132,10:52:54,11.55,--,14,16170,买盘
2133,10:52:51,11.55,0.01,18,20790,买盘
2134,10:52:42,11.54,--,200,230799,卖盘
2135,10:52:39,11.54,-0.01,2,2308,卖盘
2136,10:52:33,11.55,0.01,4,4620,买盘
2137,10:52:15,11.54,--,57,65778,卖盘
2138,10:52:12,11.54,-0.01,88,101551,卖盘
2139,10:52:06,11.55,0.01,50,57750,买盘
2140,10:51:57,11.54,-0.01,10,11540,卖盘
2141,10:51:48,11.55,--,10,11550,买盘
2142,10:51:45,11.55,0.01,11,12705,买盘
2143,10:51:36,11.54,-0.01,3,3461,卖盘
2144,10:51:30,11.55,0.01,159,183645,买盘
2145,10:51:27,11.54,-0.01,3,3461,卖盘
2146,10:51:18,11.55,0.01,3,3465,买盘
2147,10:51:15,11.54,--,50,57699,卖盘
2148,10:51:09,11.54,--,13,15001,卖盘
2149,10:50:54,11.54,-0.01,12,13847,卖盘
2150,10:50:48,11.55,--,4,4620,买盘
2151,10:50:45,11.55,0.01,6,6930,买盘
2152,10:50:42,11.54,--,13,15001,卖盘
2153,10:50:30,11.54,-0.01,57,65778,卖盘
2154,10:50:27,11.55,--,14,16170,买盘
2155,10:50:21,11.55,--,50,57750,买盘
2156,10:50:09,11.55,-0.01,5,5775,卖盘
2157,10:50:03,11.56,--,1,1156,买盘
2158,10:49:51,11.56,--,1,1156,买盘
2159,10:49:48,11.56,0.01,38,43928,买盘
2160,10:49:45,11.55,--,1,1155,卖盘
2161,10:49:42,11.55,-0.01,19,21945,卖盘
2162,10:49:30,11.56,--,20,23120,买盘
2163,10:49:27,11.56,--,20,23120,买盘
2164,10:49:24,11.56,0.02,4,4624,买盘
2165,10:49:18,11.54,-0.02,8,9232,卖盘
2166,10:49:12,11.56,0.01,100,115600,买盘
2167,10:49:09,11.55,--,89,102795,卖盘
2168,10:49:06,11.55,--,1,1155,卖盘
2169,10:49:03,11.55,--,102,117810,卖盘
2170,10:48:48,11.55,--,68,78540,卖盘
2171,10:48:45,11.55,--,20,23100,卖盘
2172,10:48:42,11.55,-0.01,57,65835,卖盘
2173,10:48:39,11.56,0.01,174,201144,买盘
2174,10:48:36,11.55,--,41,47355,卖盘
2175,10:48:21,11.55,-0.01,1,1155,卖盘
2176,10:48:18,11.56,0.01,91,105196,买盘
2177,10:48:09,11.55,-0.01,1,1155,卖盘
2178,10:48:03,11.56,--,4,4624,买盘
2179,10:47:57,11.56,--,43,49708,买盘
2180,10:47:54,11.56,--,2,2312,买盘
2181,10:47:42,11.56,--,50,57800,买盘
2182,10:47:36,11.56,--,95,109820,买盘
2183,10:47:33,11.56,--,2,2312,买盘
2184,10:47:30,11.56,--,15,17340,买盘
2185,10:47:27,11.56,--,2,2312,买盘
2186,10:47:21,11.56,0.01,81,93636,买盘
2187,10:47:18,11.55,-0.01,28,32340,卖盘
2188,10:47:15,11.56,--,80,92480,买盘
2189,10:47:06,11.56,0.01,103,119068,买盘
2190,10:46:57,11.55,--,56,64680,卖盘
2191,10:46:54,11.55,-0.01,2,2310,卖盘
2192,10:46:39,11.56,0.01,3,3468,买盘
2193,10:46:33,11.55,--,10,11550,卖盘
2194,10:46:24,11.55,--,12,13860,卖盘
2195,10:46:21,11.55,--,12,13860,卖盘
2196,10:46:18,11.55,--,3,3465,卖盘
2197,10:46:12,11.55,-0.01,278,321090,卖盘
2198,10:46:03,11.56,--,32,36992,买盘
2199,10:46:00,11.56,0.01,10,11560,买盘
2200,10:45:57,11.55,--,11,12705,卖盘
2201,10:45:51,11.55,--,1,1155,卖盘
2202,10:45:48,11.55,-0.02,55,63525,卖盘
2203,10:45:39,11.57,0.02,157,181649,买盘
2204,10:45:36,11.55,--,28,32340,卖盘
2205,10:45:30,11.55,--,16,18480,卖盘
2206,10:45:27,11.55,-0.01,91,105105,卖盘
2207,10:45:24,11.56,0.01,328,379168,买盘
2208,10:45:21,11.55,-0.01,59,68145,卖盘
2209,10:45:18,11.56,0.01,93,107508,买盘
2210,10:45:03,11.55,-0.01,24,27720,卖盘
2211,10:45:00,11.56,0.01,34,39304,买盘
2212,10:44:57,11.55,--,3,3465,卖盘
2213,10:44:51,11.55,--,3,3465,卖盘
2214,10:44:48,11.55,--,27,31185,卖盘
2215,10:44:42,11.55,--,20,23100,卖盘
2216,10:44:39,11.55,--,15,17325,卖盘
2217,10:44:36,11.55,-0.01,2,2310,卖盘
2218,10:44:33,11.56,--,10,11560,买盘
2219,10:44:30,11.56,0.01,10,11560,买盘
2220,10:44:27,11.55,--,9,10395,卖盘
2221,10:44:09,11.55,--,60,69300,卖盘
2222,10:44:06,11.55,-0.01,2,2310,卖盘
2223,10:44:03,11.56,--,5,5780,买盘
2224,10:43:57,11.56,0.01,5,5780,买盘
2225,10:43:54,11.55,--,20,23100,卖盘
2226,10:43:51,11.55,-0.01,4,4620,卖盘
2227,10:43:42,11.56,0.01,3,3468,买盘
2228,10:43:24,11.55,-0.01,56,64680,卖盘
2229,10:43:21,11.56,--,25,28900,买盘
2230,10:43:18,11.56,--,3,3468,买盘
2231,10:43:03,11.56,--,2,2312,买盘
2232,10:43:00,11.56,0.01,2,2312,买盘
2233,10:42:57,11.55,--,20,23100,卖盘
2234,10:42:54,11.55,-0.01,16,18480,卖盘
2235,10:42:48,11.56,0.01,4,4624,买盘
2236,10:42:45,11.55,-0.01,200,231000,卖盘
2237,10:42:33,11.56,0.01,5,5780,买盘
2238,10:42:30,11.55,-0.01,1,1155,卖盘
2239,10:42:27,11.56,--,2,2312,买盘
2240,10:42:18,11.56,--,20,23120,卖盘
2241,10:42:09,11.56,--,11,12716,卖盘
2242,10:42:06,11.56,-0.01,257,297092,卖盘
2243,10:42:03,11.57,--,4,4628,买盘
2244,10:41:57,11.57,0.01,9,10413,买盘
2245,10:41:54,11.56,--,10,11560,卖盘
2246,10:41:48,11.56,--,6,6936,卖盘
2247,10:41:45,11.56,-0.01,3,3468,卖盘
2248,10:41:39,11.57,0.01,59,68263,买盘
2249,10:41:36,11.56,--,10,11560,卖盘
2250,10:41:33,11.56,--,2,2312,卖盘
2251,10:41:24,11.56,-0.01,10,11560,卖盘
2252,10:41:21,11.57,0.01,9,10413,买盘
2253,10:41:06,11.56,-0.01,348,402288,卖盘
2254,10:41:03,11.57,--,2,2314,买盘
2255,10:40:57,11.57,0.01,10,11570,买盘
2256,10:40:54,11.56,--,1,1156,卖盘
2257,10:40:45,11.56,--,2,2312,卖盘
2258,10:40:42,11.56,--,20,23120,卖盘
2259,10:40:39,11.56,--,50,57800,卖盘
2260,10:40:33,11.56,--,25,28900,卖盘
2261,10:40:27,11.56,-0.01,3,3468,卖盘
2262,10:40:21,11.57,0.01,2,2314,买盘
2263,10:40:18,11.56,-0.01,100,115600,卖盘
2264,10:40:09,11.57,0.01,9,10413,买盘
2265,10:40:06,11.56,--,3,3468,卖盘
2266,10:40:03,11.56,-0.01,50,57800,卖盘
2267,10:39:57,11.57,0.01,5,5785,买盘
2268,10:39:54,11.56,-0.01,92,106352,卖盘
2269,10:39:51,11.57,0.01,50,57850,买盘
2270,10:39:36,11.56,--,29,33524,卖盘
2271,10:39:33,11.56,--,22,25432,卖盘
2272,10:39:15,11.56,-0.01,1,1156,卖盘
2273,10:39:12,11.57,--,11,12727,买盘
2274,10:39:06,11.57,0.01,21,24297,买盘
2275,10:39:03,11.56,--,5,5780,卖盘
2276,10:39:00,11.56,--,8,9248,卖盘
2277,10:38:57,11.56,--,10,11560,卖盘
2278,10:38:48,11.56,--,5,5780,卖盘
2279,10:38:45,11.56,--,101,116756,卖盘
2280,10:38:39,11.56,--,1,1156,卖盘
2281,10:38:33,11.56,--,355,410380,卖盘
2282,10:38:18,11.56,--,10,11560,卖盘
2283,10:38:15,11.56,--,34,39304,卖盘
2284,10:38:12,11.56,--,10,11560,卖盘
2285,10:38:09,11.56,--,9,10404,卖盘
2286,10:38:06,11.56,-0.01,60,69360,卖盘
2287,10:38:03,11.57,--,2,2314,买盘
2288,10:37:42,11.57,0.01,11,12727,买盘
2289,10:37:39,11.56,-0.01,1,1156,卖盘
2290,10:37:36,11.57,0.01,26,30082,买盘
2291,10:37:33,11.56,--,42,48552,卖盘
2292,10:37:30,11.56,--,6,6936,卖盘
2293,10:37:27,11.56,-0.01,124,143344,卖盘
2294,10:37:24,11.57,0.01,328,379496,买盘
2295,10:37:21,11.56,--,10,11560,卖盘
2296,10:37:15,11.56,-0.01,220,254320,卖盘
2297,10:37:12,11.57,0.01,11,12727,买盘
2298,10:37:06,11.56,--,16,18496,卖盘
2299,10:36:57,11.56,--,20,23120,卖盘
2300,10:36:45,11.56,--,20,23120,卖盘
2301,10:36:42,11.56,--,30,34680,卖盘
2302,10:36:39,11.56,--,20,23120,卖盘
2303,10:36:36,11.56,--,3,3468,中性盘
2304,10:36:24,11.56,--,222,256632,卖盘
2305,10:36:21,11.56,-0.01,100,115600,卖盘
2306,10:36:18,11.57,0.01,3,3471,买盘
2307,10:36:15,11.56,--,57,65892,卖盘
2308,10:36:12,11.56,-0.01,8,9248,卖盘
2309,10:36:09,11.57,0.01,10,11570,买盘
2310,10:36:06,11.56,--,19,21964,卖盘
2311,10:36:03,11.56,-0.01,15,17340,卖盘
2312,10:36:00,11.57,0.01,36,41652,买盘
2313,10:35:51,11.56,-0.01,19,21964,卖盘
2314,10:35:48,11.57,--,12,13884,买盘
2315,10:35:45,11.57,--,1,1157,买盘
2316,10:35:36,11.57,0.01,3,3471,买盘
2317,10:35:24,11.56,--,8,9248,卖盘
2318,10:35:21,11.56,-0.01,2,2312,卖盘
2319,10:35:15,11.57,0.01,2,2314,买盘
2320,10:35:09,11.56,--,69,79764,卖盘
2321,10:35:06,11.56,--,4,4624,卖盘
2322,10:35:03,11.56,--,38,43928,卖盘
2323,10:35:00,11.56,-0.01,12,13872,卖盘
2324,10:34:51,11.57,0.01,2,2314,买盘
2325,10:34:42,11.56,-0.01,4,4624,卖盘
2326,10:34:39,11.57,0.01,3,3471,买盘
2327,10:34:30,11.56,--,56,64736,卖盘
2328,10:34:27,11.56,-0.01,8,9248,卖盘
2329,10:34:24,11.57,0.01,100,115700,买盘
2330,10:34:18,11.56,--,18,20808,卖盘
2331,10:34:12,11.56,--,3,3468,卖盘
2332,10:34:09,11.56,-0.01,21,24276,卖盘
2333,10:33:57,11.57,--,21,24297,买盘
2334,10:33:54,11.57,0.01,7,8099,买盘
2335,10:33:51,11.56,--,8,9248,卖盘
2336,10:33:45,11.56,-0.01,6,6936,卖盘
2337,10:33:36,11.57,0.01,4,4628,买盘
2338,10:33:30,11.56,--,3,3468,卖盘
2339,10:33:27,11.56,--,118,136408,卖盘
2340,10:33:21,11.56,--,4,4624,卖盘
2341,10:33:12,11.56,-0.01,10,11560,卖盘
2342,10:33:09,11.57,--,1,1157,买盘
2343,10:33:03,11.57,--,2,2314,买盘
2344,10:32:54,11.57,0.02,6,6942,买盘
2345,10:32:51,11.55,-0.02,6,6930,卖盘
2346,10:32:45,11.57,--,58,67106,买盘
2347,10:32:42,11.57,0.02,6,6942,买盘
2348,10:32:39,11.55,-0.02,18,20790,卖盘
2349,10:32:36,11.57,--,337,389909,买盘
2350,10:32:30,11.57,--,11,12727,买盘
2351,10:32:24,11.57,--,1,1157,买盘
2352,10:32:18,11.57,--,9,10413,买盘
2353,10:32:15,11.57,--,283,327431,买盘
2354,10:32:09,11.57,--,23,26611,买盘
2355,10:32:03,11.57,--,2,2314,买盘
2356,10:32:00,11.57,0.01,4,4628,买盘
2357,10:31:57,11.56,--,5,5780,卖盘
2358,10:31:54,11.56,--,1,1156,卖盘
2359,10:31:48,11.56,--,205,236980,卖盘
2360,10:31:45,11.56,--,50,57800,卖盘
2361,10:31:39,11.56,-0.01,4,4624,卖盘
2362,10:31:36,11.57,0.01,1,1157,买盘
2363,10:31:33,11.56,--,58,67048,买盘
2364,10:31:30,11.56,--,16,18496,买盘
2365,10:31:27,11.56,0.01,36,41616,买盘
2366,10:31:24,11.55,-0.01,12,13860,卖盘
2367,10:31:15,11.56,0.01,105,121380,买盘
2368,10:31:12,11.55,--,1,1155,卖盘
2369,10:31:09,11.55,--,10,11550,卖盘
2370,10:31:00,11.55,-0.01,56,64680,卖盘
2371,10:30:57,11.56,0.01,8,9248,买盘
2372,10:30:51,11.55,-0.01,3,3465,卖盘
2373,10:30:48,11.56,--,1,1156,买盘
2374,10:30:36,11.56,--,67,77452,买盘
2375,10:30:30,11.56,--,328,379168,买盘
2376,10:30:27,11.56,0.01,3,3468,买盘
2377,10:30:24,11.55,--,40,46200,卖盘
2378,10:30:21,11.55,-0.01,9,10395,卖盘
2379,10:30:18,11.56,--,10,11560,买盘
2380,10:30:12,11.56,0.01,30,34680,买盘
2381,10:30:00,11.55,-0.01,23,26565,卖盘
2382,10:29:57,11.56,0.01,5,5780,买盘
2383,10:29:54,11.55,--,17,19635,卖盘
2384,10:29:45,11.55,-0.01,5,5775,卖盘
2385,10:29:33,11.56,--,24,27744,买盘
2386,10:29:30,11.56,--,32,36992,买盘
2387,10:29:27,11.56,--,21,24276,买盘
2388,10:29:24,11.56,--,431,498236,卖盘
2389,10:29:21,11.56,--,5,5780,卖盘
2390,10:29:15,11.56,-0.01,60,69360,卖盘
2391,10:29:12,11.57,0.01,5,5785,买盘
2392,10:28:51,11.56,-0.01,30,34680,中性盘
2393,10:28:48,11.57,0.02,7,8099,买盘
2394,10:28:45,11.55,-0.01,20,23100,卖盘
2395,10:28:42,11.56,--,22,25432,买盘
2396,10:28:39,11.56,0.01,100,115600,买盘
2397,10:28:36,11.55,-0.01,3,3465,卖盘
2398,10:28:33,11.56,-0.01,28,32368,中性盘
2399,10:28:27,11.57,--,151,174707,买盘
2400,10:28:24,11.57,0.01,1000,1157000,买盘
2401,10:28:18,11.56,-0.01,51,58956,中性盘
2402,10:28:15,11.57,0.02,2,2314,买盘
2403,10:28:12,11.55,-0.01,660,762300,卖盘
2404,10:28:09,11.56,--,10,11560,卖盘
2405,10:27:57,11.56,0.01,7,8092,买盘
2406,10:27:54,11.55,-0.01,1,1155,卖盘
2407,10:27:51,11.56,--,22,25432,买盘
2408,10:27:48,11.56,--,99,114444,卖盘
2409,10:27:45,11.56,-0.01,1,1156,卖盘
2410,10:27:42,11.57,0.01,21,24297,买盘
2411,10:27:36,11.56,--,34,39304,卖盘
2412,10:27:33,11.56,-0.01,17,19652,卖盘
2413,10:27:30,11.57,0.01,16,18512,买盘
2414,10:27:27,11.56,-0.01,98,113288,卖盘
2415,10:27:24,11.57,--,160,185120,买盘
2416,10:27:15,11.57,--,39,45123,买盘
2417,10:27:12,11.57,--,1,1157,买盘
2418,10:27:09,11.57,0.01,1,1157,买盘
2419,10:27:06,11.56,-0.01,3,3468,卖盘
2420,10:27:03,11.57,--,1,1157,买盘
2421,10:26:57,11.57,0.01,10,11570,买盘
2422,10:26:54,11.56,-0.01,37,42772,卖盘
2423,10:26:51,11.57,--,45,52065,买盘
2424,10:26:48,11.57,0.01,335,387595,买盘
2425,10:26:45,11.56,-0.01,5,5780,卖盘
2426,10:26:39,11.57,0.01,19,21983,买盘
2427,10:26:33,11.56,-0.01,2,2312,卖盘
2428,10:26:27,11.57,--,30,34710,买盘
2429,10:26:24,11.57,0.01,10,11570,买盘
2430,10:26:21,11.56,--,1,1156,卖盘
2431,10:26:18,11.56,-0.01,2,2312,中性盘
2432,10:26:12,11.57,0.01,10,11570,买盘
2433,10:26:09,11.56,-0.01,48,55927,卖盘
2434,10:26:06,11.57,--,6,6942,买盘
2435,10:26:03,11.57,--,10,11570,买盘
2436,10:26:00,11.57,0.01,46,53222,买盘
2437,10:25:54,11.56,-0.01,20,23120,卖盘
2438,10:25:51,11.57,--,20,23140,买盘
2439,10:25:48,11.57,--,20,23140,买盘
2440,10:25:45,11.57,--,52,60164,买盘
2441,10:25:39,11.57,0.01,1,1157,买盘
2442,10:25:36,11.56,-0.01,56,64736,卖盘
2443,10:25:33,11.57,0.01,5,5785,买盘
2444,10:25:30,11.56,-0.01,5,5780,卖盘
2445,10:25:27,11.57,--,26,30082,买盘
2446,10:25:24,11.57,0.01,18,20826,买盘
2447,10:25:21,11.56,-0.01,15,18056,卖盘
2448,10:25:15,11.57,0.01,42,48594,买盘
2449,10:25:09,11.56,-0.01,30,34680,卖盘
2450,10:25:06,11.57,0.01,182,210574,买盘
2451,10:25:03,11.56,--,1062,1227672,买盘
2452,10:24:57,11.56,0.01,4,4624,买盘
2453,10:24:54,11.55,-0.01,32,36960,卖盘
2454,10:24:45,11.56,--,24,27744,买盘
2455,10:24:42,11.56,--,38,43928,买盘
2456,10:24:39,11.56,--,150,173400,买盘
2457,10:24:36,11.56,--,10,11560,买盘
2458,10:24:33,11.56,0.02,2,2381,买盘
2459,10:24:30,11.54,--,10,11540,卖盘
2460,10:24:27,11.54,-0.02,2,2308,卖盘
2461,10:24:24,11.56,0.02,4,4624,买盘
2462,10:24:21,11.54,--,16,18464,卖盘
2463,10:24:18,11.54,-0.02,1,1154,卖盘
2464,10:24:15,11.56,0.02,93,107508,买盘
2465,10:24:12,11.54,-0.02,1019,1175926,卖盘
2466,10:24:06,11.56,0.01,55,63580,买盘
2467,10:24:03,11.55,--,256,295680,买盘
2468,10:24:00,11.55,0.01,26,30030,买盘
2469,10:23:54,11.54,--,64,73856,卖盘
2470,10:23:51,11.54,-0.01,34,39236,卖盘
2471,10:23:48,11.55,--,200,231000,买盘
2472,10:23:45,11.55,0.01,33,38115,买盘
2473,10:23:42,11.54,--,70,80780,卖盘
2474,10:23:39,11.54,-0.01,1,1154,卖盘
2475,10:23:36,11.55,0.01,3,3465,买盘
2476,10:23:24,11.54,-0.01,71,81934,卖盘
2477,10:23:21,11.55,--,234,270270,买盘
2478,10:23:15,11.55,0.01,4,4620,买盘
2479,10:23:12,11.54,-0.01,68,78472,卖盘
2480,10:23:09,11.55,--,49,56595,买盘
2481,10:23:06,11.55,--,122,140910,买盘
2482,10:23:03,11.55,--,332,383460,买盘
2483,10:23:00,11.55,0.01,15,17325,买盘
2484,10:22:57,11.54,--,76,87704,卖盘
2485,10:22:54,11.54,--,2,2308,卖盘
2486,10:22:48,11.54,-0.01,1,1154,卖盘
2487,10:22:45,11.55,--,15,17325,买盘
2488,10:22:42,11.55,--,61,70455,买盘
2489,10:22:39,11.55,--,203,234465,买盘
2490,10:22:33,11.55,--,30,34650,买盘
2491,10:22:30,11.55,0.01,206,237930,买盘
2492,10:22:27,11.54,-0.01,60,69240,卖盘
2493,10:22:24,11.55,--,200,231000,买盘
2494,10:22:21,11.55,--,34,39270,买盘
2495,10:22:18,11.55,--,204,235620,买盘
2496,10:22:15,11.55,--,31,35805,买盘
2497,10:22:12,11.55,0.01,200,231000,买盘
2498,10:22:09,11.54,-0.01,97,111937,卖盘
2499,10:22:06,11.55,--,201,232155,买盘
2500,10:22:03,11.55,0.01,12,13860,买盘
2501,10:22:00,11.54,-0.01,2,2308,卖盘
2502,10:21:57,11.55,--,41,47355,买盘
2503,10:21:54,11.55,--,234,270270,买盘
2504,10:21:51,11.55,0.01,2,2310,买盘
2505,10:21:48,11.54,-0.01,24,27695,卖盘
2506,10:21:39,11.55,0.01,268,309540,买盘
2507,10:21:36,11.54,--,13,15001,卖盘
2508,10:21:27,11.54,--,1,1154,卖盘
2509,10:21:24,11.54,-0.01,1,1154,卖盘
2510,10:21:21,11.55,0.01,2,2310,买盘
2511,10:21:15,11.54,--,1,1154,买盘
2512,10:21:09,11.54,--,20,23080,买盘
2513,10:21:03,11.54,0.01,8,9232,买盘
2514,10:21:00,11.53,-0.01,1,1153,卖盘
2515,10:20:57,11.54,--,21,24234,卖盘
2516,10:20:54,11.54,--,300,346200,卖盘
2517,10:20:48,11.54,--,39,45006,卖盘
2518,10:20:42,11.54,--,32,36928,卖盘
2519,10:20:39,11.54,-0.01,2,2308,卖盘
2520,10:20:36,11.55,--,4,4620,买盘
2521,10:20:33,11.55,0.01,12,13860,买盘
2522,10:20:27,11.54,--,219,252725,卖盘
2523,10:20:24,11.54,--,57,65778,卖盘
2524,10:20:21,11.54,-0.01,2,2308,卖盘
2525,10:20:06,11.55,0.01,47,54285,买盘
2526,10:20:03,11.54,--,8,9232,卖盘
2527,10:20:00,11.54,-0.01,2,2308,卖盘
2528,10:19:57,11.55,0.01,147,169785,买盘
2529,10:19:54,11.54,--,45,51929,卖盘
2530,10:19:51,11.54,-0.01,6,6923,卖盘
2531,10:19:39,11.55,0.01,11,12705,买盘
2532,10:19:36,11.54,-0.01,1,1154,卖盘
2533,10:19:33,11.55,--,49,56595,买盘
2534,10:19:30,11.55,0.01,47,54285,买盘
2535,10:19:21,11.54,--,1,1154,卖盘
2536,10:19:18,11.54,-0.01,1,1154,卖盘
2537,10:19:15,11.55,0.01,44,50820,买盘
2538,10:19:09,11.54,--,80,92320,买盘
2539,10:19:06,11.54,--,42,48468,买盘
2540,10:19:03,11.54,--,1,1154,买盘
2541,10:19:00,11.54,0.01,46,53083,买盘
2542,10:18:54,11.53,--,11,12683,卖盘
2543,10:18:51,11.53,-0.01,10,11530,卖盘
2544,10:18:48,11.54,--,4,4616,买盘
2545,10:18:42,11.54,--,88,101551,卖盘
2546,10:18:39,11.54,--,56,64623,卖盘
2547,10:18:36,11.54,--,123,141942,卖盘
2548,10:18:33,11.54,--,1,1154,卖盘
2549,10:18:30,11.54,-0.01,100,115399,中性盘
2550,10:18:24,11.55,--,1,1155,买盘
2551,10:18:21,11.55,0.01,235,271425,买盘
2552,10:18:15,11.54,0.01,449,518145,买盘
2553,10:18:12,11.53,--,1,1153,卖盘
2554,10:18:09,11.53,-0.01,5,5765,卖盘
2555,10:18:06,11.54,0.01,20,23080,买盘
2556,10:18:03,11.53,--,4,4612,卖盘
2557,10:18:00,11.53,--,18,20754,卖盘
2558,10:17:42,11.53,-0.01,2,2306,卖盘
2559,10:17:39,11.54,0.01,14,16155,买盘
2560,10:17:27,11.53,-0.01,12,13836,卖盘
2561,10:17:24,11.54,--,436,503143,卖盘
2562,10:17:18,11.54,--,100,115399,卖盘
2563,10:17:06,11.54,--,167,192718,卖盘
2564,10:17:03,11.54,--,243,280422,卖盘
2565,10:17:00,11.54,--,3,3461,卖盘
2566,10:16:57,11.54,--,150,173100,卖盘
2567,10:16:54,11.54,--,60,69240,卖盘
2568,10:16:51,11.54,-0.01,100,115399,卖盘
2569,10:16:48,11.55,0.01,345,398475,买盘
2570,10:16:42,11.54,--,101,116553,卖盘
2571,10:16:39,11.54,--,1,1154,卖盘
2572,10:16:36,11.54,-0.01,1,1154,卖盘
2573,10:16:33,11.55,0.01,5,5775,买盘
2574,10:16:27,11.54,--,31,35774,卖盘
2575,10:16:24,11.54,-0.01,1,1154,卖盘
2576,10:16:21,11.55,--,215,248325,买盘
2577,10:16:18,11.55,--,65,75075,买盘
2578,10:16:12,11.55,--,12,13860,买盘
2579,10:16:06,11.55,--,54,62370,买盘
2580,10:16:03,11.55,--,2,2310,买盘
2581,10:15:54,11.55,0.01,6,6930,买盘
2582,10:15:48,11.54,-0.01,6,6923,卖盘
2583,10:15:45,11.55,0.01,16,18480,买盘
2584,10:15:27,11.54,-0.01,1,1154,卖盘
2585,10:15:24,11.55,0.01,5,5775,买盘
2586,10:15:18,11.54,--,1,1154,卖盘
2587,10:15:15,11.54,--,50,57699,卖盘
2588,10:15:09,11.54,-0.01,77,88858,卖盘
2589,10:15:06,11.55,--,127,146685,买盘
2590,10:15:03,11.55,0.01,333,384615,买盘
2591,10:15:00,11.54,-0.01,2,2308,卖盘
2592,10:14:57,11.55,0.01,5,5775,买盘
2593,10:14:39,11.54,-0.01,1,1154,卖盘
2594,10:14:36,11.55,--,7,8085,买盘
2595,10:14:21,11.55,--,2,2310,买盘
2596,10:14:15,11.55,0.01,12,13860,买盘
2597,10:14:12,11.54,--,1,1154,卖盘
2598,10:14:09,11.54,-0.01,18,20772,卖盘
2599,10:14:06,11.55,--,12,13860,买盘
2600,10:14:03,11.55,--,48,55440,买盘
2601,10:14:00,11.55,--,30,34650,买盘
2602,10:13:57,11.55,--,50,57750,买盘
2603,10:13:54,11.55,0.01,27,31185,买盘
2604,10:13:51,11.54,-0.01,1,1154,卖盘
2605,10:13:48,11.55,--,5,5775,买盘
2606,10:13:39,11.55,0.01,35,40425,买盘
2607,10:13:33,11.54,--,25,28849,卖盘
2608,10:13:30,11.54,--,1,1154,卖盘
2609,10:13:27,11.54,--,5,5770,卖盘
2610,10:13:24,11.54,--,86,99243,卖盘
2611,10:13:21,11.54,--,11,12693,卖盘
2612,10:13:18,11.54,--,40,46160,卖盘
2613,10:13:15,11.54,-0.01,27,31157,卖盘
2614,10:13:03,11.55,0.01,10,11550,买盘
2615,10:12:54,11.54,-0.01,5,5770,卖盘
2616,10:12:48,11.55,0.01,28,32340,买盘
2617,10:12:45,11.54,--,1,1154,卖盘
2618,10:12:42,11.54,-0.01,1,1154,卖盘
2619,10:12:27,11.55,--,1,1155,买盘
2620,10:12:24,11.55,0.01,6,6930,买盘
2621,10:12:21,11.54,--,340,392360,卖盘
2622,10:12:15,11.54,-0.01,7,8077,卖盘
2623,10:12:12,11.55,--,6,6930,买盘
2624,10:12:06,11.55,--,10,11550,买盘
2625,10:12:03,11.55,0.01,5,5775,买盘
2626,10:12:00,11.54,--,1,1154,卖盘
2627,10:11:57,11.54,-0.01,2,2308,卖盘
2628,10:11:54,11.55,0.01,1,1155,买盘
2629,10:11:45,11.54,--,3,3461,卖盘
2630,10:11:39,11.54,-0.01,58,66932,卖盘
2631,10:11:36,11.55,0.01,44,50820,买盘
2632,10:11:33,11.54,-0.01,40,46160,卖盘
2633,10:11:30,11.55,0.01,102,117810,买盘
2634,10:11:27,11.54,--,8,9232,卖盘
2635,10:11:21,11.54,--,2,2308,卖盘
2636,10:11:18,11.54,--,1,1154,卖盘
2637,10:11:15,11.54,--,5,5770,卖盘
2638,10:11:12,11.54,--,1,1154,卖盘
2639,10:11:09,11.54,--,100,115399,卖盘
2640,10:11:06,11.54,--,1038,1197852,买盘
2641,10:11:03,11.54,--,1,1154,买盘
2642,10:11:00,11.54,0.01,48,55391,买盘
2643,10:10:57,11.53,-0.01,64,73792,卖盘
2644,10:10:54,11.54,0.01,1,1154,买盘
2645,10:10:48,11.53,--,1,1153,卖盘
2646,10:10:42,11.53,--,23,26519,卖盘
2647,10:10:39,11.53,--,1,1153,卖盘
2648,10:10:36,11.53,--,25,28825,卖盘
2649,10:10:30,11.53,--,9,10377,卖盘
2650,10:10:27,11.53,-0.01,85,98005,卖盘
2651,10:10:24,11.54,0.01,332,383128,买盘
2652,10:10:21,11.53,-0.01,50,57650,卖盘
2653,10:10:18,11.54,0.01,2,2308,买盘
2654,10:10:15,11.53,--,19,21907,卖盘
2655,10:10:12,11.53,--,12,13836,卖盘
2656,10:10:06,11.53,--,115,132595,卖盘
2657,10:10:03,11.53,--,51,58803,卖盘
2658,10:10:00,11.53,-0.01,7,8071,卖盘
2659,10:09:57,11.54,0.01,4,4616,买盘
2660,10:09:54,11.53,-0.01,69,79557,卖盘
2661,10:09:51,11.54,0.01,50,57699,买盘
2662,10:09:45,11.53,--,100,115300,卖盘
2663,10:09:39,11.53,--,23,26519,卖盘
2664,10:09:33,11.53,--,7,8071,卖盘
2665,10:09:30,11.53,--,1,1153,卖盘
2666,10:09:27,11.53,0.01,337,388561,买盘
2667,10:09:24,11.52,--,1,1152,卖盘
2668,10:09:21,11.52,--,2,2304,卖盘
2669,10:09:15,11.52,--,20,23040,卖盘
2670,10:09:12,11.52,--,21,24192,卖盘
2671,10:09:09,11.52,-0.01,4,4608,卖盘
2672,10:09:06,11.53,--,3,3459,买盘
2673,10:09:03,11.53,0.01,10,11530,买盘
2674,10:08:57,11.52,-0.01,45,51840,卖盘
2675,10:08:54,11.53,0.01,13,14989,买盘
2676,10:08:51,11.52,-0.01,1,1152,卖盘
2677,10:08:48,11.53,--,1,1153,买盘
2678,10:08:42,11.53,0.01,2,2306,买盘
2679,10:08:39,11.52,-0.01,10,11520,卖盘
2680,10:08:36,11.53,0.01,1,1153,买盘
2681,10:08:30,11.52,-0.01,8,9216,卖盘
2682,10:08:27,11.53,--,5,5765,买盘
2683,10:08:18,11.53,--,5,5765,买盘
2684,10:08:15,11.53,0.01,6,6918,买盘
2685,10:08:09,11.52,--,3,3456,卖盘
2686,10:08:06,11.52,-0.02,357,411264,卖盘
2687,10:08:03,11.54,--,5,5770,买盘
2688,10:07:57,11.54,--,2,2308,买盘
2689,10:07:54,11.54,--,45,51929,买盘
2690,10:07:51,11.54,0.01,1,1154,买盘
2691,10:07:45,11.53,-0.01,1,1153,卖盘
2692,10:07:42,11.54,--,130,150020,买盘
2693,10:07:33,11.54,--,34,39236,卖盘
2694,10:07:30,11.54,--,10,11540,卖盘
2695,10:07:27,11.54,--,3,3461,卖盘
2696,10:07:24,11.54,--,57,65778,卖盘
2697,10:07:15,11.54,--,2,2308,卖盘
2698,10:07:09,11.54,0.01,18,20772,买盘
2699,10:07:00,11.53,-0.01,43,49579,卖盘
2700,10:06:57,11.54,--,5,5770,卖盘
2701,10:06:51,11.54,--,5,5770,卖盘
2702,10:06:45,11.54,--,13,15001,卖盘
2703,10:06:42,11.54,0.01,10,11540,中性盘
2704,10:06:39,11.53,-0.02,8,9224,卖盘
2705,10:06:36,11.55,0.02,3,3465,买盘
2706,10:06:33,11.53,--,400,461200,卖盘
2707,10:06:30,11.53,--,6,6918,卖盘
2708,10:06:24,11.53,--,10,11530,卖盘
2709,10:06:21,11.53,--,61,70333,卖盘
2710,10:06:18,11.53,--,4,4612,卖盘
2711,10:06:00,11.53,--,4,4612,卖盘
2712,10:05:54,11.53,--,3,3459,卖盘
2713,10:05:51,11.53,-0.01,15,17295,卖盘
2714,10:05:48,11.54,0.01,2,2308,买盘
2715,10:05:39,11.53,-0.01,16,18448,卖盘
2716,10:05:36,11.54,0.01,11,12693,买盘
2717,10:05:33,11.53,-0.01,1,1153,卖盘
2718,10:05:30,11.54,0.01,2,2308,买盘
2719,10:05:21,11.53,-0.01,108,124524,卖盘
2720,10:05:18,11.54,--,10,11540,卖盘
2721,10:05:06,11.54,--,10,11540,卖盘
2722,10:05:03,11.54,--,71,81934,卖盘
2723,10:05:00,11.54,--,5,5770,卖盘
2724,10:04:57,11.54,-0.01,11,12693,卖盘
2725,10:04:54,11.55,0.01,9,10395,买盘
2726,10:04:42,11.54,-0.01,47,54237,卖盘
2727,10:04:39,11.55,0.01,20,23100,买盘
2728,10:04:36,11.54,--,1,1154,卖盘
2729,10:04:33,11.54,--,147,169638,卖盘
2730,10:04:30,11.54,-0.01,7,8077,卖盘
2731,10:04:18,11.55,0.01,53,61215,买盘
2732,10:04:15,11.54,--,40,46160,卖盘
2733,10:04:12,11.54,--,12,13847,卖盘
2734,10:04:09,11.54,-0.01,7,8077,卖盘
2735,10:04:06,11.55,--,4,4620,买盘
2736,10:04:00,11.55,--,2,2310,买盘
2737,10:03:48,11.55,0.01,7,8085,买盘
2738,10:03:45,11.54,-0.01,1,1154,卖盘
2739,10:03:42,11.55,0.01,5,5775,买盘
2740,10:03:39,11.54,--,30,34620,卖盘
2741,10:03:33,11.54,--,73,84242,卖盘
2742,10:03:30,11.54,-0.01,8,9232,卖盘
2743,10:03:24,11.55,0.01,18,20790,买盘
2744,10:03:21,11.54,--,18,20772,卖盘
2745,10:03:15,11.54,--,22,25387,卖盘
2746,10:03:09,11.54,--,39,45006,卖盘
2747,10:03:06,11.54,--,10,11540,卖盘
2748,10:03:03,11.54,-0.01,5,5770,卖盘
2749,10:03:00,11.55,0.01,3,3465,买盘
2750,10:02:57,11.54,--,33,38082,卖盘
2751,10:02:51,11.54,--,2,2308,卖盘
2752,10:02:48,11.54,--,1,1154,卖盘
2753,10:02:45,11.54,-0.01,1,1154,卖盘
2754,10:02:42,11.55,0.01,1,1155,买盘
2755,10:02:33,11.54,-0.01,54,62315,卖盘
2756,10:02:30,11.55,--,33,38115,买盘
2757,10:02:27,11.55,0.01,100,115500,买盘
2758,10:02:24,11.54,-0.01,19,21926,卖盘
2759,10:02:21,11.55,--,26,30030,买盘
2760,10:02:18,11.55,--,10,11550,买盘
2761,10:02:12,11.55,--,5,5775,买盘
2762,10:02:09,11.55,-0.01,92,106260,卖盘
2763,10:02:06,11.56,0.01,46,53176,买盘
2764,10:02:03,11.55,--,3,3465,卖盘
2765,10:02:00,11.55,--,12,13860,卖盘
2766,10:01:57,11.55,-0.01,1,1155,卖盘
2767,10:01:54,11.56,0.01,4,4624,买盘
2768,10:01:48,11.55,--,413,477015,买盘
2769,10:01:45,11.55,0.01,40,46200,买盘
2770,10:01:42,11.54,-0.01,34,39236,卖盘
2771,10:01:39,11.55,0.01,14,16170,买盘
2772,10:01:36,11.54,-0.01,345,398129,卖盘
2773,10:01:33,11.55,--,45,51975,买盘
2774,10:01:30,11.55,--,59,68145,买盘
2775,10:01:24,11.55,--,4,4620,买盘
2776,10:01:18,11.55,0.01,11,12705,买盘
2777,10:01:15,11.54,-0.01,1,1154,卖盘
2778,10:01:12,11.55,--,2,2310,买盘
2779,10:01:09,11.55,0.01,8,9240,买盘
2780,10:01:06,11.54,--,93,107321,卖盘
2781,10:01:00,11.54,--,30,34620,卖盘
2782,10:00:57,11.54,--,2,2308,卖盘
2783,10:00:54,11.54,-0.01,1,1154,卖盘
2784,10:00:51,11.55,0.01,9,10395,买盘
2785,10:00:45,11.54,-0.01,7,8077,中性盘
2786,10:00:42,11.55,0.01,35,40425,买盘
2787,10:00:39,11.54,-0.01,121,139634,卖盘
2788,10:00:36,11.55,0.01,60,69300,买盘
2789,10:00:30,11.54,-0.01,11,12693,卖盘
2790,10:00:27,11.55,0.02,72,83160,买盘
2791,10:00:24,11.53,-0.01,2,2306,卖盘
2792,10:00:18,11.54,0.01,1,1154,买盘
2793,10:00:09,11.53,--,1,1153,卖盘
2794,10:00:06,11.53,-0.01,1,1153,卖盘
2795,10:00:03,11.54,--,2,2308,买盘
2796,09:59:54,11.54,--,2,2308,买盘
2797,09:59:51,11.54,--,40,46160,买盘
2798,09:59:48,11.54,--,34,39236,买盘
2799,09:59:45,11.54,--,45,51929,买盘
2800,09:59:42,11.54,--,24,27695,买盘
2801,09:59:33,11.54,0.01,47,54237,买盘
2802,09:59:30,11.53,--,22,25366,卖盘
2803,09:59:27,11.53,-0.01,1,1153,卖盘
2804,09:59:24,11.54,--,8,9232,买盘
2805,09:59:21,11.54,--,1,1154,买盘
2806,09:59:18,11.54,0.01,5,5770,买盘
2807,09:59:15,11.53,-0.01,35,40355,卖盘
2808,09:59:12,11.54,0.01,10,11540,买盘
2809,09:59:09,11.53,--,128,147584,卖盘
2810,09:59:06,11.53,--,103,118759,卖盘
2811,09:59:03,11.53,-0.01,48,55344,卖盘
2812,09:59:00,11.54,0.01,26,30003,买盘
2813,09:58:57,11.53,--,3,3459,卖盘
2814,09:58:54,11.53,--,1,1153,卖盘
2815,09:58:51,11.53,-0.01,14,16142,卖盘
2816,09:58:48,11.54,0.01,1,1154,买盘
2817,09:58:45,11.53,--,100,115300,卖盘
2818,09:58:42,11.53,-0.01,1,1153,卖盘
2819,09:58:39,11.54,--,221,255033,买盘
2820,09:58:36,11.54,--,22,25387,买盘
2821,09:58:33,11.54,0.01,57,65778,买盘
2822,09:58:24,11.53,--,1,1153,卖盘
2823,09:58:21,11.53,-0.01,50,57650,卖盘
2824,09:58:09,11.54,0.01,1,1154,买盘
2825,09:58:06,11.53,-0.01,4,4612,卖盘
2826,09:58:03,11.54,0.01,45,51929,买盘
2827,09:58:00,11.53,--,12,13836,卖盘
2828,09:57:57,11.53,--,4,4612,卖盘
2829,09:57:54,11.53,-0.01,10,11530,卖盘
2830,09:57:45,11.54,0.01,30,34620,买盘
2831,09:57:42,11.53,--,5,5765,卖盘
2832,09:57:39,11.53,--,9,10377,卖盘
2833,09:57:36,11.53,-0.01,1,1153,卖盘
2834,09:57:33,11.54,0.01,64,73856,买盘
2835,09:57:30,11.53,-0.01,34,39202,卖盘
2836,09:57:24,11.54,0.01,4,4616,买盘
2837,09:57:21,11.53,--,6,6918,卖盘
2838,09:57:18,11.53,-0.01,3,3459,卖盘
2839,09:57:09,11.54,0.01,508,586232,买盘
2840,09:57:06,11.53,-0.01,10,11530,卖盘
2841,09:57:03,11.54,0.01,45,51929,买盘
2842,09:57:00,11.53,--,2,2306,卖盘
2843,09:56:54,11.53,--,52,59956,卖盘
2844,09:56:51,11.53,--,68,78404,买盘
2845,09:56:48,11.53,-0.01,22,25366,卖盘
