,time,price,change,volume,amount,type
0,15:00:03,6.9,--,1697,1170930,买盘
1,14:57:00,6.9,--,16,11040,买盘
2,14:56:57,6.9,--,16,11040,买盘
3,14:56:54,6.9,--,10,6900,买盘
4,14:56:51,6.9,--,50,34589,买盘
5,14:56:48,6.9,0.01,28,19320,买盘
6,14:56:45,6.89,-0.01,29,19981,卖盘
7,14:56:42,6.9,--,152,104880,买盘
8,14:56:39,6.9,--,11,7590,买盘
9,14:56:36,6.9,0.01,386,266340,买盘
10,14:56:33,6.89,-0.01,14,9646,卖盘
11,14:56:27,6.9,--,20,13800,买盘
12,14:56:21,6.9,--,11,7590,买盘
13,14:56:18,6.9,--,76,52440,买盘
14,14:56:15,6.9,--,5,3450,买盘
15,14:56:12,6.9,--,36,24840,买盘
16,14:56:06,6.9,--,41,28290,买盘
17,14:56:03,6.9,0.01,369,254610,买盘
18,14:56:00,6.89,-0.01,27,18603,卖盘
19,14:55:57,6.9,--,44,30360,买盘
20,14:55:54,6.9,0.01,90,62100,买盘
21,14:55:51,6.89,-0.01,9,6201,卖盘
22,14:55:45,6.9,0.01,12,8280,买盘
23,14:55:42,6.89,-0.01,87,59943,卖盘
24,14:55:39,6.9,0.01,294,202860,买盘
25,14:55:36,6.89,--,25,17225,卖盘
26,14:55:30,6.89,--,40,27560,卖盘
27,14:55:27,6.89,--,1,689,卖盘
28,14:55:24,6.89,-0.01,285,196365,卖盘
29,14:55:21,6.9,--,478,329820,买盘
30,14:55:18,6.9,0.01,112,77280,买盘
31,14:55:15,6.89,-0.01,70,48230,卖盘
32,14:55:12,6.9,0.01,12,8280,买盘
33,14:55:09,6.89,--,946,651794,卖盘
34,14:55:06,6.89,--,4763,3282120,买盘
35,14:55:03,6.89,--,145,99905,买盘
36,14:55:00,6.89,--,68,46852,买盘
37,14:54:57,6.89,--,28,19574,买盘
38,14:54:54,6.89,0.01,18,12402,买盘
39,14:54:51,6.88,--,84,57792,卖盘
40,14:54:48,6.88,-0.01,39,26832,卖盘
41,14:54:45,6.89,--,108,74412,买盘
42,14:54:39,6.89,0.01,15,10335,买盘
43,14:54:36,6.88,-0.01,53,36464,卖盘
44,14:54:33,6.89,--,230,158470,买盘
45,14:54:30,6.89,0.01,20,13780,买盘
46,14:54:27,6.88,-0.01,71,48848,卖盘
47,14:54:24,6.89,--,20,13780,买盘
48,14:54:21,6.89,0.01,68,46852,买盘
49,14:54:18,6.88,-0.01,45,30960,卖盘
50,14:54:15,6.89,--,200,137800,买盘
51,14:54:12,6.89,0.01,100,68900,买盘
52,14:54:09,6.88,--,7,4816,卖盘
53,14:54:06,6.88,--,41,28208,卖盘
54,14:54:03,6.88,--,2,1376,卖盘
55,14:54:00,6.88,-0.01,35,24080,卖盘
56,14:53:57,6.89,0.01,799,550511,买盘
57,14:53:54,6.88,-0.01,40,27520,卖盘
58,14:53:51,6.89,0.01,65,44785,买盘
59,14:53:48,6.88,-0.01,7,4816,卖盘
60,14:53:45,6.89,--,230,158470,买盘
61,14:53:42,6.89,0.01,2,1378,买盘
62,14:53:39,6.88,-0.01,2,1376,卖盘
63,14:53:36,6.89,0.01,39,26871,买盘
64,14:53:33,6.88,--,19,13072,卖盘
65,14:53:30,6.88,-0.01,7,4816,卖盘
66,14:53:27,6.89,--,43,29627,买盘
67,14:53:24,6.89,0.01,78,53742,买盘
68,14:53:21,6.88,--,6,4128,卖盘
69,14:53:18,6.88,--,21,14448,卖盘
70,14:53:15,6.88,--,146,100448,卖盘
71,14:53:12,6.88,-0.01,7,4816,卖盘
72,14:53:09,6.89,0.01,10,6890,买盘
73,14:53:06,6.88,-0.01,40,27520,卖盘
74,14:53:03,6.89,--,27,18603,买盘
75,14:53:00,6.89,--,30,20670,买盘
76,14:52:57,6.89,0.01,50,34450,买盘
77,14:52:54,6.88,-0.01,24,16512,卖盘
78,14:52:51,6.89,--,3,2067,买盘
79,14:52:48,6.89,0.01,256,176384,买盘
80,14:52:45,6.88,--,13,8944,卖盘
81,14:52:42,6.88,-0.01,28,19264,卖盘
82,14:52:39,6.89,--,21,14469,买盘
83,14:52:36,6.89,0.01,97,66833,买盘
84,14:52:33,6.88,--,360,247680,卖盘
85,14:52:30,6.88,--,20,13760,卖盘
86,14:52:27,6.88,-0.01,217,149296,卖盘
87,14:52:21,6.89,--,1,689,买盘
88,14:52:18,6.89,0.01,44,30316,买盘
89,14:52:15,6.88,--,180,123840,卖盘
90,14:52:12,6.88,--,119,81872,卖盘
91,14:52:06,6.88,--,42,28896,卖盘
92,14:52:03,6.88,--,21,14448,卖盘
93,14:52:00,6.88,--,20,13760,卖盘
94,14:51:51,6.88,--,10,6880,卖盘
95,14:51:48,6.88,--,310,213280,卖盘
96,14:51:45,6.88,--,54,37152,卖盘
97,14:51:42,6.88,--,13,8944,卖盘
98,14:51:36,6.88,--,49,33712,卖盘
99,14:51:33,6.88,--,60,41280,卖盘
100,14:51:30,6.88,--,8,5504,卖盘
101,14:51:27,6.88,--,20,13760,卖盘
102,14:51:24,6.88,-0.01,16,11008,卖盘
103,14:51:21,6.89,--,46,31694,买盘
104,14:51:18,6.89,--,27,18603,买盘
105,14:51:15,6.89,0.01,24,16536,买盘
106,14:51:12,6.88,-0.01,3,2064,卖盘
107,14:51:09,6.89,0.01,10,6890,买盘
108,14:51:06,6.88,--,468,321984,卖盘
109,14:51:03,6.88,-0.01,60,41280,卖盘
110,14:51:00,6.89,0.01,8,5512,买盘
111,14:50:57,6.88,-0.01,38,26144,卖盘
112,14:50:51,6.89,0.01,262,180518,买盘
113,14:50:48,6.88,-0.01,2,1376,卖盘
114,14:50:45,6.89,--,32,22048,买盘
115,14:50:42,6.89,--,238,163982,买盘
116,14:50:39,6.89,--,10,6890,买盘
117,14:50:36,6.89,0.01,157,108173,买盘
118,14:50:33,6.88,-0.01,15,10320,卖盘
119,14:50:30,6.89,0.01,40,27560,买盘
120,14:50:27,6.88,-0.01,8,5504,卖盘
121,14:50:24,6.89,--,38,26182,买盘
122,14:50:21,6.89,--,27,18603,买盘
123,14:50:15,6.89,0.01,57,39273,买盘
124,14:50:12,6.88,--,5,3440,卖盘
125,14:50:06,6.88,--,37,25456,卖盘
126,14:50:03,6.88,-0.01,215,147920,卖盘
127,14:50:00,6.89,0.01,5,3445,买盘
128,14:49:54,6.88,-0.01,8,5504,卖盘
129,14:49:51,6.89,0.01,2,1378,买盘
130,14:49:48,6.88,--,10,6880,卖盘
131,14:49:45,6.88,--,120,82560,卖盘
132,14:49:42,6.88,--,15,10320,卖盘
133,14:49:39,6.88,--,20,13760,卖盘
134,14:49:36,6.88,--,57,39216,卖盘
135,14:49:33,6.88,--,9,6192,卖盘
136,14:49:30,6.88,--,69,47472,卖盘
137,14:49:27,6.88,-0.01,1,688,卖盘
138,14:49:21,6.89,0.01,105,72345,买盘
139,14:49:18,6.88,--,6,4128,卖盘
140,14:49:15,6.88,--,7,4816,卖盘
141,14:49:12,6.88,--,12,8256,卖盘
142,14:49:06,6.88,--,43,29584,卖盘
143,14:49:03,6.88,--,51,35088,卖盘
144,14:48:57,6.88,-0.01,40,27520,卖盘
145,14:48:54,6.89,--,70,48230,买盘
146,14:48:51,6.89,--,1,689,买盘
147,14:48:48,6.89,0.01,1,689,买盘
148,14:48:45,6.88,--,13,8944,卖盘
149,14:48:42,6.88,--,51,35088,卖盘
150,14:48:39,6.88,--,34,23392,卖盘
151,14:48:36,6.88,--,42,28896,卖盘
152,14:48:33,6.88,-0.01,11,7568,卖盘
153,14:48:30,6.89,--,1,689,买盘
154,14:48:27,6.89,0.01,100,68900,买盘
155,14:48:24,6.88,--,11,7568,卖盘
156,14:48:21,6.88,-0.01,102,70176,卖盘
157,14:48:18,6.89,0.01,2,1378,买盘
158,14:48:15,6.88,-0.01,10,6880,卖盘
159,14:48:12,6.89,0.01,21,14469,买盘
160,14:48:06,6.88,--,63,43344,卖盘
161,14:48:03,6.88,--,39,26832,卖盘
162,14:48:00,6.88,--,239,164432,卖盘
163,14:47:57,6.88,--,29,19952,卖盘
164,14:47:54,6.88,-0.01,15,10320,卖盘
165,14:47:51,6.89,0.01,1,689,买盘
166,14:47:48,6.88,--,150,103200,卖盘
167,14:47:45,6.88,--,12,8256,卖盘
168,14:47:42,6.88,--,46,31648,卖盘
169,14:47:39,6.88,--,4,2752,卖盘
170,14:47:36,6.88,--,37,25456,卖盘
171,14:47:33,6.88,--,33,22704,卖盘
172,14:47:30,6.88,--,41,28208,卖盘
173,14:47:27,6.88,--,4,2752,卖盘
174,14:47:21,6.88,-0.01,153,105264,卖盘
175,14:47:18,6.89,0.01,100,68900,买盘
176,14:47:15,6.88,--,1034,711392,卖盘
177,14:47:12,6.88,-0.01,4,2752,卖盘
178,14:47:09,6.89,0.01,306,210834,买盘
179,14:47:06,6.88,--,39,26832,卖盘
180,14:47:03,6.88,--,13,8944,卖盘
181,14:47:00,6.88,-0.01,195,134160,卖盘
182,14:46:57,6.89,0.01,10,6890,买盘
183,14:46:54,6.88,-0.01,100,68800,卖盘
184,14:46:51,6.89,0.01,1,689,买盘
185,14:46:45,6.88,--,12,8256,卖盘
186,14:46:42,6.88,-0.01,6,4128,卖盘
187,14:46:36,6.89,0.01,65,44785,买盘
188,14:46:33,6.88,-0.01,62,42656,卖盘
189,14:46:30,6.89,--,101,69589,买盘
190,14:46:27,6.89,0.01,24,16536,买盘
191,14:46:24,6.88,-0.01,5,3440,卖盘
192,14:46:21,6.89,0.01,1,689,买盘
193,14:46:18,6.88,--,61,41968,卖盘
194,14:46:15,6.88,-0.01,50,34400,卖盘
195,14:46:12,6.89,0.01,80,55120,买盘
196,14:46:09,6.88,--,170,116960,卖盘
197,14:46:06,6.88,--,45,30960,卖盘
198,14:46:03,6.88,--,63,43344,卖盘
199,14:46:00,6.88,-0.01,145,99760,卖盘
200,14:45:57,6.89,--,25,17225,买盘
201,14:45:54,6.89,--,114,78546,买盘
202,14:45:51,6.89,0.01,1,689,买盘
203,14:45:45,6.88,-0.01,51,35088,卖盘
204,14:45:42,6.89,0.01,5,3445,买盘
205,14:45:36,6.88,--,39,26832,卖盘
206,14:45:33,6.88,-0.01,52,35776,卖盘
207,14:45:30,6.89,0.01,4,2756,买盘
208,14:45:27,6.88,-0.01,400,275200,卖盘
209,14:45:24,6.89,--,137,94393,买盘
210,14:45:21,6.89,0.01,19,13091,买盘
211,14:45:18,6.88,--,44,30272,卖盘
212,14:45:15,6.88,--,29,19952,卖盘
213,14:45:12,6.88,--,61,41968,卖盘
214,14:45:09,6.88,-0.01,225,154800,卖盘
215,14:45:06,6.89,0.01,178,122642,买盘
216,14:45:03,6.88,--,19,13072,卖盘
217,14:45:00,6.88,--,134,92192,卖盘
218,14:44:54,6.88,-0.01,300,206400,卖盘
219,14:44:51,6.89,0.01,57,39273,买盘
220,14:44:48,6.88,-0.01,174,119712,卖盘
221,14:44:45,6.89,0.01,31,21359,买盘
222,14:44:42,6.88,-0.01,52,35776,卖盘
223,14:44:39,6.89,0.01,39,26871,买盘
224,14:44:36,6.88,--,42,28896,卖盘
225,14:44:33,6.88,--,12,8256,卖盘
226,14:44:30,6.88,--,5,3440,卖盘
227,14:44:27,6.88,--,30,20640,卖盘
228,14:44:24,6.88,-0.01,162,111456,卖盘
229,14:44:21,6.89,--,257,177073,买盘
230,14:44:15,6.89,0.01,60,41340,买盘
231,14:44:12,6.88,--,200,137600,卖盘
232,14:44:09,6.88,--,160,110080,卖盘
233,14:44:06,6.88,--,38,26144,卖盘
234,14:44:03,6.88,--,17,11696,卖盘
235,14:44:00,6.88,--,38,26144,卖盘
236,14:43:57,6.88,--,26,17888,卖盘
237,14:43:54,6.88,--,81,55728,卖盘
238,14:43:51,6.88,--,392,269696,卖盘
239,14:43:48,6.88,--,16,11008,卖盘
240,14:43:45,6.88,--,62,42656,卖盘
241,14:43:42,6.88,-0.01,11,7568,卖盘
242,14:43:36,6.89,0.01,65,44785,买盘
243,14:43:33,6.88,--,22,15136,卖盘
244,14:43:30,6.88,-0.01,10,6880,卖盘
245,14:43:27,6.89,--,16,11024,买盘
246,14:43:24,6.89,--,214,147446,买盘
247,14:43:21,6.89,--,6,4134,买盘
248,14:43:15,6.89,--,405,279045,卖盘
249,14:43:12,6.89,--,230,158470,卖盘
250,14:43:09,6.89,--,161,110929,卖盘
251,14:43:06,6.89,--,66,45474,卖盘
252,14:43:03,6.89,--,224,154336,卖盘
253,14:43:00,6.89,--,183,126087,卖盘
254,14:42:54,6.89,-0.01,430,296270,卖盘
255,14:42:51,6.9,0.01,38,26220,买盘
256,14:42:48,6.89,--,3,2067,卖盘
257,14:42:45,6.89,--,16,11024,卖盘
258,14:42:42,6.89,--,43,29627,卖盘
259,14:42:39,6.89,--,11,7579,卖盘
260,14:42:36,6.89,--,179,123331,卖盘
261,14:42:33,6.89,--,7,4823,卖盘
262,14:42:30,6.89,-0.01,100,68900,卖盘
263,14:42:24,6.9,0.01,36,24840,买盘
264,14:42:21,6.89,--,84,57876,卖盘
265,14:42:18,6.89,-0.01,30,20670,卖盘
266,14:42:15,6.9,0.01,87,60030,买盘
267,14:42:12,6.89,--,671,462319,卖盘
268,14:42:09,6.89,--,95,65455,卖盘
269,14:42:06,6.89,--,42,28938,卖盘
270,14:42:03,6.89,--,14,9646,卖盘
271,14:42:00,6.89,--,12,8268,卖盘
272,14:41:57,6.89,--,32,22048,卖盘
273,14:41:51,6.89,--,100,68900,卖盘
274,14:41:48,6.89,--,20,13780,卖盘
275,14:41:45,6.89,--,20,13780,卖盘
276,14:41:42,6.89,--,9,6201,卖盘
277,14:41:39,6.89,--,20,13780,卖盘
278,14:41:36,6.89,--,106,73034,卖盘
279,14:41:33,6.89,--,52,35828,卖盘
280,14:41:30,6.89,--,12,8268,卖盘
281,14:41:24,6.89,--,359,247351,卖盘
282,14:41:21,6.89,--,86,59254,卖盘
283,14:41:18,6.89,--,50,34450,卖盘
284,14:41:15,6.89,--,31,21359,卖盘
285,14:41:06,6.89,--,66,45474,卖盘
286,14:41:03,6.89,-0.01,10,6890,卖盘
287,14:41:00,6.9,0.01,239,164910,买盘
288,14:40:54,6.89,--,11,7579,卖盘
289,14:40:48,6.89,--,2,1378,卖盘
290,14:40:45,6.89,--,113,77857,卖盘
291,14:40:42,6.89,--,20,13780,卖盘
292,14:40:39,6.89,--,2,1378,卖盘
293,14:40:36,6.89,--,137,94393,卖盘
294,14:40:33,6.89,--,32,22048,卖盘
295,14:40:24,6.89,-0.01,1487,1024543,卖盘
296,14:40:21,6.9,--,47,32430,买盘
297,14:40:18,6.9,0.01,115,79350,买盘
298,14:40:15,6.89,--,21,14469,卖盘
299,14:40:12,6.89,--,15,10335,卖盘
300,14:40:09,6.89,--,3,2067,卖盘
301,14:40:06,6.89,--,67,46163,卖盘
302,14:40:03,6.89,-0.01,1,689,卖盘
303,14:39:57,6.9,0.01,5,3450,买盘
304,14:39:51,6.89,--,49,33761,卖盘
305,14:39:45,6.89,-0.01,18,12402,卖盘
306,14:39:42,6.9,0.01,3,2070,买盘
307,14:39:33,6.89,-0.01,14,9646,卖盘
308,14:39:30,6.9,--,4,2760,买盘
309,14:39:24,6.9,--,2,1380,卖盘
310,14:39:21,6.9,-0.01,201,138690,卖盘
311,14:39:15,6.91,0.01,11,7601,买盘
312,14:39:06,6.9,--,305,210450,卖盘
313,14:39:03,6.9,--,18,12420,卖盘
314,14:39:00,6.9,--,136,93840,卖盘
315,14:38:57,6.9,--,8,5520,卖盘
316,14:38:51,6.9,-0.01,30,20700,卖盘
317,14:38:48,6.91,0.01,34,23494,买盘
318,14:38:45,6.9,--,47,32430,卖盘
319,14:38:39,6.9,--,100,69000,卖盘
320,14:38:36,6.9,--,2,1380,卖盘
321,14:38:33,6.9,--,70,48300,卖盘
322,14:38:27,6.9,--,9,6210,卖盘
323,14:38:24,6.9,-0.01,1,690,卖盘
324,14:38:21,6.91,--,7,4837,买盘
325,14:38:15,6.91,--,26,17966,买盘
326,14:38:12,6.91,--,57,39387,买盘
327,14:38:09,6.91,0.01,12,8292,买盘
328,14:38:06,6.9,-0.01,13,8970,卖盘
329,14:38:03,6.91,0.01,77,53207,买盘
330,14:37:57,6.9,--,33,22770,卖盘
331,14:37:54,6.9,-0.01,5,3450,卖盘
332,14:37:51,6.91,0.01,6,4146,买盘
333,14:37:48,6.9,--,1,690,卖盘
334,14:37:45,6.9,--,46,31740,卖盘
335,14:37:42,6.9,--,4,2760,卖盘
336,14:37:39,6.9,--,15,10350,卖盘
337,14:37:33,6.9,--,7,4830,卖盘
338,14:37:30,6.9,--,8,5520,卖盘
339,14:37:24,6.9,-0.01,30,20700,卖盘
340,14:37:18,6.91,0.01,8,5528,买盘
341,14:37:15,6.9,--,5,3450,卖盘
342,14:37:12,6.9,--,259,178710,卖盘
343,14:37:03,6.9,--,47,32430,买盘
344,14:37:00,6.9,--,26,17940,买盘
345,14:36:54,6.9,0.01,89,61410,买盘
346,14:36:48,6.89,--,18,12402,卖盘
347,14:36:45,6.89,--,7,4823,卖盘
348,14:36:42,6.89,-0.01,1,689,卖盘
349,14:36:39,6.9,--,50,34500,买盘
350,14:36:33,6.9,--,88,60720,卖盘
351,14:36:30,6.9,--,66,45540,卖盘
352,14:36:27,6.9,--,319,220110,卖盘
353,14:36:24,6.9,-0.01,757,522330,卖盘
354,14:36:21,6.91,--,1,691,买盘
355,14:36:18,6.91,0.01,14,9674,买盘
356,14:36:15,6.9,--,37,25530,卖盘
357,14:36:12,6.9,--,66,45540,卖盘
358,14:36:09,6.9,--,16,11040,卖盘
359,14:36:03,6.9,--,3,2070,卖盘
360,14:35:51,6.9,-0.01,20,13800,卖盘
361,14:35:45,6.91,0.01,17,11747,买盘
362,14:35:42,6.9,-0.01,23,15870,卖盘
363,14:35:36,6.91,--,11,7601,买盘
364,14:35:33,6.91,0.01,56,38696,买盘
365,14:35:24,6.9,-0.01,19,13110,卖盘
366,14:35:21,6.91,0.01,1,691,买盘
367,14:35:18,6.9,-0.01,330,227700,卖盘
368,14:35:15,6.91,0.01,1,691,买盘
369,14:35:12,6.9,-0.01,3,2070,卖盘
370,14:35:09,6.91,0.01,6,4146,买盘
371,14:35:03,6.9,-0.01,47,32430,卖盘
372,14:35:00,6.91,0.01,20,13820,买盘
373,14:34:57,6.9,-0.01,2,1380,卖盘
374,14:34:54,6.91,--,20,13820,买盘
375,14:34:51,6.91,0.01,1,691,买盘
376,14:34:45,6.9,-0.01,11,7590,卖盘
377,14:34:42,6.91,--,98,67718,买盘
378,14:34:39,6.91,0.01,149,102959,买盘
379,14:34:36,6.9,--,1,690,卖盘
380,14:34:33,6.9,--,2,1380,卖盘
381,14:34:30,6.9,--,5,3450,卖盘
382,14:34:24,6.9,-0.01,1,690,卖盘
383,14:34:21,6.91,--,1,691,买盘
384,14:34:15,6.91,0.01,1,691,买盘
385,14:34:12,6.9,-0.01,16,11040,卖盘
386,14:34:06,6.91,0.01,136,93976,买盘
387,14:34:03,6.9,--,249,171810,卖盘
388,14:34:00,6.9,--,1,690,卖盘
389,14:33:54,6.9,--,2,1380,卖盘
390,14:33:45,6.9,--,16,11040,卖盘
391,14:33:42,6.9,-0.01,103,71070,卖盘
392,14:33:36,6.91,--,218,150638,买盘
393,14:33:33,6.91,0.01,5,3455,买盘
394,14:33:30,6.9,--,2,1380,卖盘
395,14:33:27,6.9,-0.01,15,10350,卖盘
396,14:33:21,6.91,--,51,35241,买盘
397,14:33:15,6.91,--,61,42151,买盘
398,14:33:12,6.91,0.01,10,6910,买盘
399,14:33:03,6.9,--,1,690,卖盘
400,14:33:00,6.9,-0.01,10,6900,卖盘
401,14:32:57,6.91,--,54,37314,买盘
402,14:32:48,6.91,--,272,187952,买盘
403,14:32:45,6.91,0.01,9,6219,买盘
404,14:32:42,6.9,-0.01,396,273240,卖盘
405,14:32:39,6.91,--,652,450532,买盘
406,14:32:36,6.91,0.01,3,2073,买盘
407,14:32:33,6.9,-0.01,1,690,卖盘
408,14:32:27,6.91,0.01,44,30404,买盘
409,14:32:24,6.9,-0.01,2,1380,卖盘
410,14:32:21,6.91,--,1,691,买盘
411,14:32:15,6.91,--,1,691,买盘
412,14:32:12,6.91,0.01,5,3455,买盘
413,14:32:09,6.9,--,8,5520,卖盘
414,14:32:03,6.9,--,3,2070,卖盘
415,14:31:57,6.9,--,100,69000,卖盘
416,14:31:54,6.9,--,29,20010,卖盘
417,14:31:51,6.9,--,28,19320,卖盘
418,14:31:45,6.9,--,7,4830,卖盘
419,14:31:42,6.9,-0.01,83,57270,卖盘
420,14:31:39,6.91,0.01,173,119543,买盘
421,14:31:36,6.9,--,56,38640,卖盘
422,14:31:33,6.9,-0.01,9,6210,卖盘
423,14:31:30,6.91,0.01,7,4837,买盘
424,14:31:27,6.9,--,17,11730,卖盘
425,14:31:24,6.9,--,227,156630,卖盘
426,14:31:21,6.9,--,13,8970,卖盘
427,14:31:18,6.9,-0.01,61,42090,卖盘
428,14:31:15,6.91,--,1,691,买盘
429,14:31:09,6.91,--,5,3455,买盘
430,14:31:06,6.91,0.01,61,42151,买盘
431,14:31:03,6.9,-0.01,31,21390,卖盘
432,14:30:54,6.91,0.01,3,2073,买盘
433,14:30:48,6.9,--,25,17250,卖盘
434,14:30:45,6.9,--,17,11730,卖盘
435,14:30:42,6.9,-0.01,11,7590,卖盘
436,14:30:39,6.91,--,106,73246,买盘
437,14:30:36,6.91,0.01,194,134054,买盘
438,14:30:33,6.9,--,14,9660,卖盘
439,14:30:27,6.9,--,24,16560,卖盘
440,14:30:24,6.9,-0.01,5,3450,卖盘
441,14:30:21,6.91,0.01,1,691,买盘
442,14:30:15,6.9,--,112,77280,卖盘
443,14:30:12,6.9,--,28,19320,卖盘
444,14:30:09,6.9,-0.01,2,1380,卖盘
445,14:30:06,6.91,--,44,30404,买盘
446,14:29:51,6.91,0.01,122,84302,买盘
447,14:29:45,6.9,--,11,7590,卖盘
448,14:29:42,6.9,--,159,109710,卖盘
449,14:29:39,6.9,-0.01,10,6900,卖盘
450,14:29:36,6.91,0.01,68,46988,买盘
451,14:29:33,6.9,--,187,129030,卖盘
452,14:29:30,6.9,-0.01,2,1380,卖盘
453,14:29:27,6.91,--,1,691,买盘
454,14:29:24,6.91,0.01,19,13129,买盘
455,14:29:21,6.9,--,1,690,卖盘
456,14:29:18,6.9,--,14,9660,卖盘
457,14:29:15,6.9,--,13,8970,卖盘
458,14:29:03,6.9,--,8,5520,卖盘
459,14:28:57,6.9,--,1,690,卖盘
460,14:28:48,6.9,--,11,7590,卖盘
461,14:28:45,6.9,--,47,32430,卖盘
462,14:28:36,6.9,-0.01,165,113850,卖盘
463,14:28:33,6.91,--,1,691,买盘
464,14:28:30,6.91,0.01,167,115397,买盘
465,14:28:24,6.9,-0.01,29,20010,卖盘
466,14:28:21,6.91,--,1,691,买盘
467,14:28:15,6.91,0.01,1,691,买盘
468,14:28:12,6.9,--,5,3450,卖盘
469,14:28:03,6.9,--,1,690,卖盘
470,14:27:57,6.9,--,15,10350,卖盘
471,14:27:54,6.9,--,265,182850,卖盘
472,14:27:45,6.9,--,457,315330,卖盘
473,14:27:42,6.9,--,50,34500,卖盘
474,14:27:36,6.9,--,70,48300,卖盘
475,14:27:33,6.9,--,110,75900,卖盘
476,14:27:30,6.9,--,297,204930,卖盘
477,14:27:24,6.9,--,24,16560,卖盘
478,14:27:21,6.9,--,103,71070,卖盘
479,14:27:18,6.9,-0.01,188,129720,卖盘
480,14:27:15,6.91,0.01,21,14511,买盘
481,14:27:12,6.9,--,35,24150,卖盘
482,14:27:06,6.9,-0.01,4,2760,卖盘
483,14:27:03,6.91,--,79,54589,买盘
484,14:27:00,6.91,0.01,10,6910,买盘
485,14:26:51,6.9,--,60,41400,卖盘
486,14:26:45,6.9,--,7,4830,卖盘
487,14:26:42,6.9,--,8,5520,卖盘
488,14:26:39,6.9,-0.01,29,20010,卖盘
489,14:26:33,6.91,0.01,73,50443,买盘
490,14:26:30,6.9,-0.01,177,122130,卖盘
491,14:26:18,6.91,--,1,691,买盘
492,14:26:15,6.91,0.01,25,17275,买盘
493,14:26:06,6.9,--,22,15180,卖盘
494,14:26:03,6.9,-0.01,95,65550,卖盘
495,14:26:00,6.91,--,40,27640,买盘
496,14:25:54,6.91,--,6,4146,买盘
497,14:25:51,6.91,--,20,13820,买盘
498,14:25:48,6.91,--,8,5528,卖盘
499,14:25:45,6.91,-0.01,207,143037,卖盘
500,14:25:42,6.92,0.01,1,692,买盘
501,14:25:39,6.91,--,5,3455,卖盘
502,14:25:36,6.91,--,50,34550,卖盘
503,14:25:33,6.91,--,42,29022,卖盘
504,14:25:30,6.91,-0.01,101,69791,卖盘
505,14:25:27,6.92,0.01,157,108644,买盘
506,14:25:24,6.91,-0.01,30,20730,卖盘
507,14:25:21,6.92,0.01,51,35292,买盘
508,14:25:18,6.91,-0.01,11,7601,卖盘
509,14:25:15,6.92,0.01,13,8996,买盘
510,14:25:12,6.91,--,3,2073,卖盘
511,14:25:06,6.91,--,50,34550,卖盘
512,14:25:03,6.91,--,2,1382,卖盘
513,14:25:00,6.91,--,56,38696,卖盘
514,14:24:45,6.91,--,57,39387,卖盘
515,14:24:42,6.91,--,210,145110,卖盘
516,14:24:39,6.91,--,25,17275,卖盘
517,14:24:36,6.91,--,39,26949,卖盘
518,14:24:33,6.91,--,3,2073,卖盘
519,14:24:30,6.91,--,205,141655,卖盘
520,14:24:27,6.91,--,182,125762,卖盘
521,14:24:24,6.91,--,1,691,卖盘
522,14:24:21,6.91,--,12,8292,卖盘
523,14:24:18,6.91,--,20,13820,卖盘
524,14:24:15,6.91,--,6,4146,卖盘
525,14:24:12,6.91,-0.01,26,17966,卖盘
526,14:24:09,6.92,0.01,47,32524,买盘
527,14:24:03,6.91,--,21,14511,卖盘
528,14:24:00,6.91,--,14,9674,卖盘
529,14:23:57,6.91,--,45,31095,卖盘
530,14:23:51,6.91,--,40,27640,卖盘
531,14:23:45,6.91,--,7,4837,卖盘
532,14:23:42,6.91,-0.01,201,138891,卖盘
533,14:23:33,6.92,0.01,3,2076,买盘
534,14:23:30,6.91,-0.01,4,2764,卖盘
535,14:23:27,6.92,--,74,51208,买盘
536,14:23:24,6.92,0.01,173,119716,买盘
537,14:23:21,6.91,-0.01,47,32635,卖盘
538,14:23:18,6.92,--,1,692,买盘
539,14:23:15,6.92,0.01,1,692,买盘
540,14:23:12,6.91,--,8,5528,卖盘
541,14:23:06,6.91,--,1,691,卖盘
542,14:23:03,6.91,--,24,16584,卖盘
543,14:23:00,6.91,--,20,14096,卖盘
544,14:22:57,6.91,0.01,1496,1033991,买盘
545,14:22:51,6.9,--,100,69000,卖盘
546,14:22:45,6.9,--,7,4830,卖盘
547,14:22:42,6.9,-0.01,1,690,卖盘
548,14:22:39,6.91,0.01,30,20730,买盘
549,14:22:33,6.9,-0.01,2,1380,卖盘
550,14:22:27,6.91,--,73,50443,买盘
551,14:22:21,6.91,0.01,179,123689,买盘
552,14:22:18,6.9,--,15,10764,卖盘
553,14:22:15,6.9,-0.01,117,80730,卖盘
554,14:22:06,6.91,--,11,7601,买盘
555,14:22:03,6.91,0.01,36,24876,买盘
556,14:21:48,6.9,--,11,7590,卖盘
557,14:21:45,6.9,-0.01,7,4830,卖盘
558,14:21:42,6.91,0.01,1,691,买盘
559,14:21:33,6.9,--,8,5520,卖盘
560,14:21:30,6.9,-0.01,1,690,卖盘
561,14:21:27,6.91,--,83,57353,买盘
562,14:21:24,6.91,--,11,7601,买盘
563,14:21:21,6.91,0.02,166,114706,买盘
564,14:21:12,6.89,-0.01,1,689,卖盘
565,14:21:09,6.9,--,10,6900,买盘
566,14:20:57,6.9,0.01,3,2070,中性盘
567,14:20:54,6.89,-0.01,18,12402,卖盘
568,14:20:51,6.9,--,5,3450,买盘
569,14:20:48,6.9,0.01,10,6900,买盘
570,14:20:45,6.89,-0.01,23,15847,卖盘
571,14:20:36,6.9,0.01,30,20700,买盘
572,14:20:33,6.89,--,2,1378,卖盘
573,14:20:30,6.89,-0.01,1,689,卖盘
574,14:20:27,6.9,-0.01,5,3450,中性盘
575,14:20:24,6.91,0.02,109,75319,买盘
576,14:20:21,6.89,-0.01,186,128154,卖盘
577,14:20:18,6.9,--,1,690,买盘
578,14:20:15,6.9,0.01,1,690,买盘
579,14:20:12,6.89,--,3,2067,卖盘
580,14:20:09,6.89,--,1,689,卖盘
581,14:20:06,6.89,-0.01,1,689,卖盘
582,14:20:00,6.9,--,60,41400,买盘
583,14:19:57,6.9,--,160,110400,买盘
584,14:19:45,6.9,0.01,110,75900,买盘
585,14:19:42,6.89,-0.01,1,689,卖盘
586,14:19:39,6.9,--,7,4830,买盘
587,14:19:36,6.9,0.01,10,6900,买盘
588,14:19:33,6.89,-0.01,152,104728,卖盘
589,14:19:30,6.9,--,77,53130,买盘
590,14:19:24,6.9,--,116,80040,买盘
591,14:19:21,6.9,--,127,87630,买盘
592,14:19:18,6.9,--,1295,893550,卖盘
593,14:19:15,6.9,-0.01,6,4140,卖盘
594,14:19:12,6.91,0.01,20,13820,买盘
595,14:19:09,6.9,-0.01,10,6900,卖盘
596,14:19:03,6.91,0.01,5,3455,买盘
597,14:18:51,6.9,--,10,6900,卖盘
598,14:18:48,6.9,--,5,3450,卖盘
599,14:18:45,6.9,-0.01,7,4830,卖盘
600,14:18:36,6.91,0.01,2,1382,买盘
601,14:18:33,6.9,--,203,140070,卖盘
602,14:18:30,6.9,-0.01,1,690,卖盘
603,14:18:27,6.91,0.01,98,67718,买盘
604,14:18:24,6.9,-0.01,10,6900,卖盘
605,14:18:21,6.91,--,1,691,买盘
606,14:18:18,6.91,0.01,159,109869,买盘
607,14:18:15,6.9,--,9,6210,卖盘
608,14:18:12,6.9,--,41,28290,卖盘
609,14:18:09,6.9,--,74,51060,买盘
610,14:18:03,6.9,-0.01,11,7590,卖盘
611,14:18:00,6.91,0.01,2,1382,买盘
612,14:17:57,6.9,--,10,6900,买盘
613,14:17:54,6.9,--,5,3450,买盘
614,14:17:51,6.9,--,45,31243,卖盘
615,14:17:45,6.9,--,18,13047,卖盘
616,14:17:42,6.9,--,62,43338,卖盘
617,14:17:39,6.9,--,15,10350,卖盘
618,14:17:33,6.9,-0.01,2,1380,中性盘
619,14:17:24,6.91,--,100,69100,买盘
620,14:17:18,6.91,0.02,148,102268,买盘
621,14:17:12,6.89,-0.01,202,139178,卖盘
622,14:17:09,6.9,--,15,10350,买盘
623,14:17:06,6.9,--,22,15180,买盘
624,14:17:03,6.9,--,12,8280,买盘
625,14:16:57,6.9,--,104,71760,买盘
626,14:16:54,6.9,--,15,10350,卖盘
627,14:16:51,6.9,--,3,2070,卖盘
628,14:16:45,6.9,--,17,11730,卖盘
629,14:16:42,6.9,--,1,690,卖盘
630,14:16:39,6.9,--,12,8280,卖盘
631,14:16:33,6.9,--,4,2760,卖盘
632,14:16:30,6.9,--,58,40020,卖盘
633,14:16:27,6.9,-0.01,1,690,卖盘
634,14:16:24,6.91,--,111,76701,买盘
635,14:16:21,6.91,0.01,191,131981,买盘
636,14:16:18,6.9,-0.01,205,141450,卖盘
637,14:16:15,6.91,0.02,2,1382,买盘
638,14:16:12,6.89,-0.01,30,20670,卖盘
639,14:16:09,6.9,--,199,137310,卖盘
640,14:16:06,6.9,--,37,25530,卖盘
641,14:16:03,6.9,--,118,81420,卖盘
642,14:16:00,6.9,--,10,6900,卖盘
643,14:15:51,6.9,--,28,19320,买盘
644,14:15:48,6.9,--,3,2070,买盘
645,14:15:45,6.9,0.01,19,13110,买盘
646,14:15:39,6.89,-0.01,6,4134,卖盘
647,14:15:36,6.9,0.01,1,690,买盘
648,14:15:33,6.89,-0.01,1,689,卖盘
649,14:15:27,6.9,-0.01,43,29670,卖盘
650,14:15:24,6.91,--,96,66336,买盘
651,14:15:21,6.91,0.01,16,11056,买盘
652,14:15:18,6.9,--,183,126270,卖盘
653,14:15:15,6.9,0.01,10,6900,买盘
654,14:15:12,6.89,-0.01,3,2067,卖盘
655,14:15:09,6.9,--,211,145590,买盘
656,14:15:06,6.9,--,7,4830,中性盘
657,14:15:03,6.9,--,101,69690,买盘
658,14:15:00,6.9,--,20,13800,买盘
659,14:14:57,6.9,--,5,3450,买盘
660,14:14:54,6.9,0.01,130,89700,买盘
661,14:14:45,6.89,--,7,4823,卖盘
662,14:14:42,6.89,-0.01,40,27560,卖盘
663,14:14:39,6.9,0.01,20,13800,卖盘
664,14:14:36,6.89,--,1,689,卖盘
665,14:14:33,6.89,--,10,6890,卖盘
666,14:14:30,6.89,-0.01,1,689,卖盘
667,14:14:27,6.9,--,9,6210,买盘
668,14:14:24,6.9,--,38,26220,买盘
669,14:14:21,6.9,--,149,102810,买盘
670,14:14:18,6.9,--,158,109020,买盘
671,14:14:12,6.9,--,20,13800,买盘
672,14:14:09,6.9,--,698,481620,卖盘
673,14:14:06,6.9,--,19,13110,卖盘
674,14:14:03,6.9,--,110,75900,卖盘
675,14:13:57,6.9,--,19,13110,卖盘
676,14:13:48,6.9,--,11,7590,卖盘
677,14:13:45,6.9,--,45,31050,卖盘
678,14:13:42,6.9,--,9,6210,卖盘
679,14:13:39,6.9,--,16,11040,卖盘
680,14:13:36,6.9,-0.01,84,57960,卖盘
681,14:13:33,6.91,0.01,6,4146,买盘
682,14:13:30,6.9,--,118,81420,卖盘
683,14:13:24,6.9,-0.01,2,1380,卖盘
684,14:13:21,6.91,--,1,691,买盘
685,14:13:18,6.91,0.01,91,62881,买盘
686,14:13:15,6.9,--,20,13800,卖盘
687,14:13:12,6.9,--,204,140760,卖盘
688,14:13:09,6.9,--,34,23460,卖盘
689,14:13:06,6.9,--,227,156630,卖盘
690,14:13:03,6.9,--,12,8280,卖盘
691,14:13:00,6.9,--,28,19320,卖盘
692,14:12:48,6.9,--,81,55890,卖盘
693,14:12:45,6.9,--,7,4830,卖盘
694,14:12:42,6.9,--,1,690,卖盘
695,14:12:39,6.9,--,50,34500,卖盘
696,14:12:33,6.9,--,26,17940,卖盘
697,14:12:30,6.9,--,2,1380,卖盘
698,14:12:24,6.9,-0.01,52,35880,卖盘
699,14:12:21,6.91,--,23,15893,买盘
700,14:12:18,6.91,0.01,89,61499,买盘
701,14:12:15,6.9,--,12,8280,卖盘
702,14:12:12,6.9,-0.01,21,14490,卖盘
703,14:12:09,6.91,0.01,165,114015,买盘
704,14:12:06,6.9,--,273,188370,卖盘
705,14:12:03,6.9,--,64,44160,卖盘
706,14:12:00,6.9,--,23,15870,卖盘
707,14:11:57,6.9,--,2,1380,卖盘
708,14:11:54,6.9,--,11,7590,卖盘
709,14:11:48,6.9,--,11,7590,卖盘
710,14:11:45,6.9,-0.01,7,4830,卖盘
711,14:11:39,6.91,0.01,1,691,买盘
712,14:11:36,6.9,--,5,3450,卖盘
713,14:11:33,6.9,-0.01,6,4140,卖盘
714,14:11:30,6.91,0.01,2,1382,买盘
715,14:11:27,6.9,--,17,11730,卖盘
716,14:11:24,6.9,-0.01,3,2070,卖盘
717,14:11:21,6.91,--,1,691,买盘
718,14:11:18,6.91,--,31,21421,买盘
719,14:11:15,6.91,--,122,84302,买盘
720,14:11:12,6.91,--,23,15893,买盘
721,14:11:09,6.91,0.01,199,137509,买盘
722,14:11:06,6.9,--,212,146280,卖盘
723,14:11:03,6.9,--,19,13110,买盘
724,14:11:00,6.9,-0.01,94,65080,卖盘
725,14:10:51,6.91,0.01,20,13820,买盘
726,14:10:48,6.9,--,162,111780,卖盘
727,14:10:45,6.9,-0.01,18,12420,卖盘
728,14:10:39,6.91,0.01,12,8292,买盘
729,14:10:36,6.9,-0.01,100,69000,卖盘
730,14:10:30,6.91,0.01,4,2764,买盘
731,14:10:27,6.9,--,30,20700,卖盘
732,14:10:24,6.9,-0.01,1,690,卖盘
733,14:10:21,6.91,--,2,1382,买盘
734,14:10:18,6.91,--,12,8292,买盘
735,14:10:15,6.91,0.01,39,26949,买盘
736,14:10:12,6.9,--,103,71070,卖盘
737,14:10:09,6.9,--,176,121440,卖盘
738,14:10:06,6.9,--,24,16560,卖盘
739,14:10:03,6.9,-0.01,201,138690,卖盘
740,14:09:57,6.91,0.01,8,5528,买盘
741,14:09:54,6.9,-0.01,72,49680,卖盘
742,14:09:51,6.91,--,2,1382,买盘
743,14:09:48,6.91,0.01,12,8292,买盘
744,14:09:45,6.9,--,7,4830,卖盘
745,14:09:42,6.9,-0.01,1,690,卖盘
746,14:09:39,6.91,0.01,3,2073,买盘
747,14:09:33,6.9,--,23,15870,卖盘
748,14:09:30,6.9,-0.01,4,2760,卖盘
749,14:09:27,6.91,0.01,5,3455,买盘
750,14:09:24,6.9,--,12,8280,卖盘
751,14:09:21,6.9,-0.01,37,25530,卖盘
752,14:09:12,6.91,--,64,44224,买盘
753,14:09:09,6.91,0.01,84,58044,买盘
754,14:09:06,6.9,--,227,157099,买盘
755,14:09:03,6.9,--,340,234600,买盘
756,14:08:57,6.9,--,10,6900,买盘
757,14:08:51,6.9,--,50,34500,买盘
758,14:08:45,6.9,0.01,25,17250,买盘
759,14:08:42,6.89,-0.01,5,3445,卖盘
760,14:08:36,6.9,--,18,12420,买盘
761,14:08:33,6.9,--,22,15180,买盘
762,14:08:30,6.9,--,3,2070,买盘
763,14:08:27,6.9,--,6,4140,买盘
764,14:08:24,6.9,--,509,351210,买盘
765,14:08:21,6.9,--,1,690,买盘
766,14:08:15,6.9,--,1,690,买盘
767,14:08:12,6.9,--,108,74520,买盘
768,14:08:09,6.9,0.01,160,110400,买盘
769,14:08:06,6.89,--,1,689,卖盘
770,14:08:03,6.89,-0.01,202,139178,卖盘
771,14:07:54,6.9,--,1,690,买盘
772,14:07:51,6.9,0.01,22,15180,买盘
773,14:07:45,6.89,-0.01,14,9646,卖盘
774,14:07:36,6.9,--,5,3450,买盘
775,14:07:33,6.9,0.01,41,28290,买盘
776,14:07:30,6.89,-0.01,1,689,卖盘
777,14:07:27,6.9,0.01,1,690,买盘
778,14:07:24,6.89,--,8,5512,卖盘
779,14:07:21,6.89,-0.01,7,4823,卖盘
780,14:07:15,6.9,--,59,40710,买盘
781,14:07:09,6.9,--,98,67620,买盘
782,14:07:06,6.9,--,26,17940,买盘
783,14:07:03,6.9,0.01,314,216660,买盘
784,14:07:00,6.89,-0.01,50,34450,卖盘
785,14:06:51,6.9,0.01,3,2070,买盘
786,14:06:45,6.89,--,6,4134,卖盘
787,14:06:42,6.89,-0.01,26,17914,卖盘
788,14:06:39,6.9,--,29,20010,买盘
789,14:06:36,6.9,--,157,108330,买盘
790,14:06:33,6.9,0.01,318,219420,买盘
791,14:06:30,6.89,-0.01,40,27560,卖盘
792,14:06:27,6.9,0.01,35,24150,买盘
793,14:06:21,6.89,-0.01,1,689,卖盘
794,14:06:18,6.9,0.01,3,2070,买盘
795,14:06:15,6.89,--,11,7579,卖盘
796,14:06:12,6.89,-0.01,271,186719,卖盘
797,14:06:09,6.9,0.01,71,48990,买盘
798,14:06:06,6.89,--,177,121953,卖盘
799,14:06:03,6.89,--,37,25493,卖盘
800,14:06:00,6.89,--,200,137800,卖盘
801,14:05:57,6.89,--,2000,1378000,卖盘
802,14:05:54,6.89,--,30,20670,卖盘
803,14:05:51,6.89,-0.01,172,118508,卖盘
804,14:05:48,6.9,0.01,7,4830,买盘
805,14:05:45,6.89,--,16,11024,卖盘
806,14:05:42,6.89,--,4,2756,卖盘
807,14:05:39,6.89,--,9,6201,卖盘
808,14:05:33,6.89,--,11,7579,卖盘
809,14:05:30,6.89,-0.01,80,55120,卖盘
810,14:05:27,6.9,--,330,227700,买盘
811,14:05:21,6.9,--,1,690,买盘
812,14:05:18,6.9,--,6,4140,买盘
813,14:05:15,6.9,0.01,1,690,买盘
814,14:05:12,6.89,-0.01,12,8268,卖盘
815,14:05:06,6.9,0.01,69,47610,买盘
816,14:05:03,6.89,-0.01,32,22048,卖盘
817,14:05:00,6.9,0.01,344,237360,买盘
818,14:04:57,6.89,--,35,24115,卖盘
819,14:04:54,6.89,--,45,31005,卖盘
820,14:04:48,6.89,--,20,13780,卖盘
821,14:04:45,6.89,--,36,24804,卖盘
822,14:04:42,6.89,-0.01,15,10335,卖盘
823,14:04:39,6.9,0.01,72,49680,买盘
824,14:04:33,6.89,--,3,2067,卖盘
825,14:04:27,6.89,-0.01,5,3445,卖盘
826,14:04:24,6.9,0.01,33,22770,买盘
827,14:04:21,6.89,-0.01,15,10335,卖盘
828,14:04:18,6.9,--,384,264960,买盘
829,14:04:15,6.9,0.01,83,57270,买盘
830,14:04:06,6.89,-0.01,30,20670,卖盘
831,14:04:03,6.9,0.01,130,89700,买盘
832,14:04:00,6.89,-0.01,5,3445,卖盘
833,14:03:57,6.9,--,399,275310,买盘
834,14:03:54,6.9,--,11,7590,买盘
835,14:03:48,6.9,0.01,11,7590,买盘
836,14:03:45,6.89,--,21,14469,卖盘
837,14:03:42,6.89,--,109,75101,卖盘
838,14:03:36,6.89,--,6,4134,卖盘
839,14:03:33,6.89,-0.01,26,17914,卖盘
840,14:03:30,6.9,0.01,8,5520,买盘
841,14:03:27,6.89,--,47,32383,卖盘
842,14:03:24,6.89,-0.01,91,62699,卖盘
843,14:03:21,6.9,--,1,690,买盘
844,14:03:18,6.9,--,93,64170,买盘
845,14:03:15,6.9,0.01,19,13110,买盘
846,14:03:12,6.89,--,80,55120,卖盘
847,14:03:09,6.89,--,1,689,卖盘
848,14:03:06,6.89,--,1,689,卖盘
849,14:03:03,6.89,-0.01,109,75101,卖盘
850,14:03:00,6.9,0.01,268,184920,买盘
851,14:02:57,6.89,--,204,140556,卖盘
852,14:02:54,6.89,--,10,6890,卖盘
853,14:02:48,6.89,--,165,113685,卖盘
854,14:02:45,6.89,--,9,6201,卖盘
855,14:02:42,6.89,-0.01,21,14469,卖盘
856,14:02:39,6.9,--,1,690,买盘
857,14:02:36,6.9,0.01,98,67620,买盘
858,14:02:33,6.89,--,20,13780,卖盘
859,14:02:30,6.89,-0.01,29,20642,卖盘
860,14:02:27,6.9,0.01,30,20700,买盘
861,14:02:21,6.89,--,281,193609,卖盘
862,14:02:18,6.89,--,15,10335,卖盘
863,14:02:15,6.89,--,114,78546,卖盘
864,14:02:12,6.89,-0.01,6,4134,卖盘
865,14:02:03,6.9,0.01,109,75210,买盘
866,14:02:00,6.89,-0.01,1,689,卖盘
867,14:01:57,6.9,--,381,262890,买盘
868,14:01:54,6.9,--,10,6900,买盘
869,14:01:51,6.9,--,30,20700,买盘
870,14:01:45,6.9,0.01,533,367770,买盘
871,14:01:42,6.89,-0.01,21,14469,卖盘
872,14:01:36,6.9,--,501,345690,买盘
873,14:01:33,6.9,--,51,35190,买盘
874,14:01:27,6.9,0.01,65,44850,买盘
875,14:01:24,6.89,-0.01,5,3445,卖盘
876,14:01:21,6.9,--,120,82800,买盘
877,14:01:18,6.9,--,1,690,买盘
878,14:01:15,6.9,0.01,1,690,买盘
879,14:01:09,6.89,--,30,20670,卖盘
880,14:01:03,6.89,-0.01,190,130910,卖盘
881,14:00:57,6.9,0.01,152,104880,买盘
882,14:00:54,6.89,--,258,177762,卖盘
883,14:00:45,6.89,-0.01,6,4134,卖盘
884,14:00:39,6.9,--,30,20700,买盘
885,14:00:33,6.9,--,11,7590,买盘
886,14:00:30,6.9,0.01,502,346380,买盘
887,14:00:27,6.89,-0.01,60,41340,卖盘
888,14:00:24,6.9,--,17,11730,买盘
889,14:00:21,6.9,--,1,690,买盘
890,14:00:15,6.9,0.01,5,3450,买盘
891,14:00:09,6.89,--,1,689,卖盘
892,14:00:03,6.89,-0.01,8,5512,卖盘
893,14:00:00,6.9,0.01,77,53130,买盘
894,13:59:57,6.89,--,132,90948,卖盘
895,13:59:54,6.89,-0.01,390,268710,卖盘
896,13:59:51,6.9,0.01,1,690,买盘
897,13:59:48,6.89,--,10,6890,卖盘
898,13:59:45,6.89,--,11,7579,卖盘
899,13:59:42,6.89,--,1,689,卖盘
900,13:59:39,6.89,--,7,4823,卖盘
901,13:59:36,6.89,--,10,6890,卖盘
902,13:59:33,6.89,--,127,87503,卖盘
903,13:59:27,6.89,--,22,15158,卖盘
904,13:59:24,6.89,--,743,511927,卖盘
905,13:59:21,6.89,-0.01,3,2067,卖盘
906,13:59:18,6.9,0.01,23,15870,买盘
907,13:59:15,6.89,--,66,45474,卖盘
908,13:59:12,6.89,--,13,8957,卖盘
909,13:59:06,6.89,--,17,11713,卖盘
910,13:59:03,6.89,-0.01,21,14469,卖盘
911,13:59:00,6.9,--,73,50370,买盘
912,13:58:57,6.9,--,181,124890,买盘
913,13:58:54,6.9,0.01,776,535440,买盘
914,13:58:51,6.89,--,297,204633,卖盘
915,13:58:45,6.89,--,69,47541,卖盘
916,13:58:42,6.89,-0.01,4,2756,卖盘
917,13:58:39,6.9,0.01,6,4140,买盘
918,13:58:33,6.89,--,16,11024,卖盘
919,13:58:30,6.89,-0.01,26,17914,卖盘
920,13:58:24,6.9,0.01,30,20700,买盘
921,13:58:21,6.89,--,150,103350,卖盘
922,13:58:15,6.89,--,8,5512,卖盘
923,13:58:09,6.89,-0.01,190,130910,卖盘
924,13:58:06,6.9,0.01,7,4830,买盘
925,13:58:03,6.89,--,7,4823,卖盘
926,13:57:57,6.89,-0.01,2,1378,卖盘
927,13:57:54,6.9,--,395,272550,买盘
928,13:57:51,6.9,0.01,372,256680,买盘
929,13:57:48,6.89,--,15,10335,卖盘
930,13:57:45,6.89,--,139,95771,卖盘
931,13:57:42,6.89,--,5,3445,卖盘
932,13:57:39,6.89,--,14,9646,卖盘
933,13:57:36,6.89,--,25,17225,卖盘
934,13:57:33,6.89,--,12,8268,卖盘
935,13:57:30,6.89,--,12,8268,卖盘
936,13:57:27,6.89,--,24,16536,卖盘
937,13:57:24,6.89,--,1,689,卖盘
938,13:57:21,6.89,--,23,15847,卖盘
939,13:57:18,6.89,-0.01,10,6890,卖盘
940,13:57:15,6.9,0.01,28,19320,买盘
941,13:57:12,6.89,--,21,14469,卖盘
942,13:57:06,6.89,--,1,689,卖盘
943,13:57:03,6.89,--,1,689,卖盘
944,13:57:00,6.89,-0.01,21,14469,卖盘
945,13:56:57,6.9,--,10,6900,买盘
946,13:56:54,6.9,--,352,242880,买盘
947,13:56:51,6.9,--,360,248400,买盘
948,13:56:48,6.9,0.01,18,12420,买盘
949,13:56:45,6.89,-0.01,6,4134,卖盘
950,13:56:42,6.9,0.01,5,3450,买盘
951,13:56:39,6.89,-0.01,124,85436,卖盘
952,13:56:36,6.9,--,5,3450,买盘
953,13:56:33,6.9,0.01,4,2760,买盘
954,13:56:30,6.89,-0.01,12,8268,卖盘
955,13:56:27,6.9,0.01,180,124200,买盘
956,13:56:24,6.89,-0.01,13,8957,卖盘
957,13:56:21,6.9,--,1,690,买盘
958,13:56:18,6.9,--,170,117300,买盘
959,13:56:15,6.9,0.01,15,10350,买盘
960,13:56:12,6.89,--,21,14469,卖盘
961,13:56:06,6.89,--,501,345189,卖盘
962,13:56:03,6.89,--,42,28938,卖盘
963,13:56:00,6.89,-0.01,90,62010,卖盘
964,13:55:54,6.9,--,79,54510,买盘
965,13:55:51,6.9,--,701,483690,买盘
966,13:55:48,6.9,0.01,168,115920,买盘
967,13:55:45,6.89,--,6,4134,卖盘
968,13:55:42,6.89,-0.01,344,237374,卖盘
969,13:55:39,6.9,--,13,8970,卖盘
970,13:55:36,6.9,--,1003,692070,卖盘
971,13:55:33,6.9,--,164,113160,卖盘
972,13:55:30,6.9,--,102,70380,卖盘
973,13:55:27,6.9,--,3018,2082420,卖盘
974,13:55:24,6.9,--,10,6900,卖盘
975,13:55:18,6.9,--,24,16560,卖盘
976,13:55:15,6.9,--,55,37950,卖盘
977,13:55:12,6.9,--,80,55200,卖盘
978,13:55:03,6.9,-0.01,3,2070,卖盘
979,13:54:57,6.91,--,20,13820,买盘
980,13:54:54,6.91,--,81,55971,买盘
981,13:54:51,6.91,0.01,23,15893,买盘
982,13:54:48,6.9,-0.01,528,364320,卖盘
983,13:54:45,6.91,0.01,191,131981,买盘
984,13:54:42,6.9,--,63,43470,卖盘
985,13:54:33,6.9,--,169,116610,卖盘
986,13:54:27,6.9,--,18,12420,卖盘
987,13:54:24,6.9,--,7,4830,卖盘
988,13:54:21,6.9,-0.01,64,44160,卖盘
989,13:54:18,6.91,0.01,1,691,买盘
990,13:54:15,6.9,-0.01,77,53130,卖盘
991,13:54:12,6.91,0.01,13,8983,买盘
992,13:54:09,6.9,-0.01,26,17940,卖盘
993,13:54:06,6.91,0.01,145,100195,买盘
994,13:54:03,6.9,--,5,3450,卖盘
995,13:54:00,6.9,--,3,2070,卖盘
996,13:53:54,6.9,-0.01,15,10350,卖盘
997,13:53:51,6.91,0.01,110,76010,买盘
998,13:53:48,6.9,--,364,251160,卖盘
999,13:53:45,6.9,--,6,4140,卖盘
1000,13:53:42,6.9,-0.01,494,340860,卖盘
1001,13:53:39,6.91,--,5,3455,买盘
1002,13:53:36,6.91,0.01,5,3455,买盘
1003,13:53:33,6.9,--,108,74520,卖盘
1004,13:53:27,6.9,-0.01,1,690,卖盘
1005,13:53:24,6.91,--,43,29713,买盘
1006,13:53:18,6.91,0.01,1,691,买盘
1007,13:53:15,6.9,--,5,3450,卖盘
1008,13:53:12,6.9,-0.01,5,3450,卖盘
1009,13:53:09,6.91,0.01,15,10365,买盘
1010,13:53:06,6.9,--,508,350520,卖盘
1011,13:53:03,6.9,--,4,2760,卖盘
1012,13:52:57,6.9,--,9,6210,卖盘
1013,13:52:51,6.9,--,1,690,卖盘
1014,13:52:48,6.9,--,105,72450,卖盘
1015,13:52:45,6.9,-0.01,206,142140,卖盘
1016,13:52:42,6.91,0.01,235,162385,买盘
1017,13:52:39,6.9,--,1,690,卖盘
1018,13:52:36,6.9,--,2,1380,卖盘
1019,13:52:33,6.9,--,25,17250,卖盘
1020,13:52:30,6.9,--,2,1380,卖盘
1021,13:52:27,6.9,--,1,690,卖盘
1022,13:52:24,6.9,-0.01,110,75900,卖盘
1023,13:52:21,6.91,--,33,22803,买盘
1024,13:52:18,6.91,0.01,1,691,买盘
1025,13:52:15,6.9,-0.01,5,3450,卖盘
1026,13:52:12,6.91,0.01,2,1382,买盘
1027,13:52:09,6.9,--,50,34500,卖盘
1028,13:52:06,6.9,--,50,34500,卖盘
1029,13:52:03,6.9,--,3,2070,卖盘
1030,13:52:00,6.9,--,210,144900,卖盘
1031,13:51:57,6.9,--,3,2070,卖盘
1032,13:51:51,6.9,-0.01,20,13800,卖盘
1033,13:51:48,6.91,0.01,83,57353,买盘
1034,13:51:45,6.9,--,377,260130,卖盘
1035,13:51:42,6.9,-0.01,1,690,卖盘
1036,13:51:39,6.91,--,37,25567,买盘
1037,13:51:36,6.91,0.01,18,12438,买盘
1038,13:51:33,6.9,--,2,1380,卖盘
1039,13:51:30,6.9,-0.01,2,1380,卖盘
1040,13:51:24,6.91,0.01,44,30404,买盘
1041,13:51:21,6.9,--,31,21390,卖盘
1042,13:51:18,6.9,-0.01,17,11730,卖盘
1043,13:51:15,6.91,0.01,20,13820,买盘
1044,13:51:09,6.9,--,153,105570,卖盘
1045,13:51:06,6.9,--,3,2070,卖盘
1046,13:51:03,6.9,--,2,1380,卖盘
1047,13:51:00,6.9,--,5,3450,卖盘
1048,13:50:51,6.9,-0.01,20,13800,卖盘
1049,13:50:48,6.91,0.01,75,51825,买盘
1050,13:50:45,6.9,--,283,195270,卖盘
1051,13:50:42,6.9,-0.01,213,146970,卖盘
1052,13:50:39,6.91,0.01,1,691,买盘
1053,13:50:33,6.9,--,74,51060,卖盘
1054,13:50:30,6.9,--,1,690,卖盘
1055,13:50:27,6.9,--,42,28980,卖盘
1056,13:50:24,6.9,--,1,690,卖盘
1057,13:50:21,6.9,--,155,106950,卖盘
1058,13:50:18,6.9,--,146,101347,卖盘
1059,13:50:15,6.9,--,18,12420,卖盘
1060,13:50:12,6.9,--,5,3450,卖盘
1061,13:50:09,6.9,--,282,194580,卖盘
1062,13:50:06,6.9,--,40,27600,卖盘
1063,13:50:03,6.9,--,25,17250,卖盘
1064,13:50:00,6.9,--,29,20499,卖盘
1065,13:49:57,6.9,--,20,13800,卖盘
1066,13:49:54,6.9,--,15,10350,卖盘
1067,13:49:48,6.9,-0.01,20,13800,卖盘
1068,13:49:45,6.91,0.01,301,207991,买盘
1069,13:49:42,6.9,-0.01,4,2760,卖盘
1070,13:49:39,6.91,0.01,166,114761,买盘
1071,13:49:36,6.9,--,10,6900,卖盘
1072,13:49:33,6.9,--,7,4830,卖盘
1073,13:49:30,6.9,--,52,35880,卖盘
1074,13:49:27,6.9,--,2,1380,卖盘
1075,13:49:24,6.9,-0.01,1,690,卖盘
1076,13:49:21,6.91,0.01,251,173441,买盘
1077,13:49:18,6.9,--,116,80654,卖盘
1078,13:49:15,6.9,--,36,24840,卖盘
1079,13:49:12,6.9,--,80,55200,卖盘
1080,13:49:03,6.9,-0.01,264,182160,卖盘
1081,13:49:00,6.91,0.01,11,7601,买盘
1082,13:48:57,6.9,-0.01,2078,1433930,卖盘
1083,13:48:54,6.91,0.01,5,3455,买盘
1084,13:48:51,6.9,--,20,13800,卖盘
1085,13:48:48,6.9,--,16,11040,卖盘
1086,13:48:45,6.9,--,108,74520,卖盘
1087,13:48:42,6.9,-0.01,231,159390,卖盘
1088,13:48:39,6.91,0.01,166,114706,买盘
1089,13:48:36,6.9,--,44,30946,卖盘
1090,13:48:33,6.9,--,6,4140,卖盘
1091,13:48:30,6.9,--,6,4140,卖盘
1092,13:48:27,6.9,--,263,181470,卖盘
1093,13:48:24,6.9,--,5,3450,卖盘
1094,13:48:21,6.9,--,70,48300,卖盘
1095,13:48:18,6.9,--,36,24840,卖盘
1096,13:48:15,6.9,--,41,28290,卖盘
1097,13:48:12,6.9,--,44,30360,卖盘
1098,13:48:03,6.9,--,42,28980,卖盘
1099,13:47:57,6.9,--,47,32430,卖盘
1100,13:47:45,6.9,-0.01,6,4140,卖盘
1101,13:47:42,6.91,--,277,191407,买盘
1102,13:47:36,6.91,0.01,179,123689,买盘
1103,13:47:33,6.9,--,5,3450,卖盘
1104,13:47:30,6.9,--,1,690,卖盘
1105,13:47:24,6.9,--,2,1380,卖盘
1106,13:47:21,6.9,--,3,2070,卖盘
1107,13:47:15,6.9,-0.01,61,42090,卖盘
1108,13:47:09,6.91,0.01,11,7601,买盘
1109,13:47:03,6.9,-0.01,26,17940,卖盘
1110,13:47:00,6.91,0.01,31,21421,买盘
1111,13:46:57,6.9,--,76,52440,卖盘
1112,13:46:54,6.9,--,1,690,卖盘
1113,13:46:51,6.9,--,4,2760,卖盘
1114,13:46:45,6.9,--,9,6210,卖盘
1115,13:46:42,6.9,--,15,10350,卖盘
1116,13:46:39,6.9,--,308,212520,卖盘
1117,13:46:36,6.9,-0.01,157,108330,卖盘
1118,13:46:33,6.91,0.01,32,22112,买盘
1119,13:46:30,6.9,--,100,69000,卖盘
1120,13:46:27,6.9,--,1,690,卖盘
1121,13:46:24,6.9,--,10,6900,卖盘
1122,13:46:21,6.9,--,4,2760,卖盘
1123,13:46:18,6.9,--,12,8280,卖盘
1124,13:46:12,6.9,--,6,4140,卖盘
1125,13:46:06,6.9,--,25,17250,卖盘
1126,13:46:03,6.9,--,8,5520,卖盘
1127,13:46:00,6.9,--,150,103500,卖盘
1128,13:45:57,6.9,--,34,23460,卖盘
1129,13:45:51,6.9,--,34,23460,卖盘
1130,13:45:48,6.9,--,3,2070,卖盘
1131,13:45:45,6.9,--,62,42780,卖盘
1132,13:45:42,6.9,--,2,1380,卖盘
1133,13:45:39,6.9,--,487,336030,卖盘
1134,13:45:33,6.9,--,38,26220,卖盘
1135,13:45:30,6.9,--,12,8280,卖盘
1136,13:45:27,6.9,--,20,13800,卖盘
1137,13:45:24,6.9,--,5,3450,卖盘
1138,13:45:21,6.9,-0.01,51,35190,卖盘
1139,13:45:18,6.91,0.01,41,28331,买盘
1140,13:45:15,6.9,--,7,4830,卖盘
1141,13:45:12,6.9,--,52,35880,卖盘
1142,13:45:09,6.9,--,6,4140,卖盘
1143,13:45:06,6.9,--,5,3450,卖盘
1144,13:45:03,6.9,--,7,4830,卖盘
1145,13:45:00,6.9,-0.01,15,10350,卖盘
1146,13:44:57,6.91,0.01,28,19348,买盘
1147,13:44:54,6.9,--,5,3450,卖盘
1148,13:44:51,6.9,--,4,2760,卖盘
1149,13:44:45,6.9,--,86,59340,卖盘
1150,13:44:39,6.9,--,279,192510,卖盘
1151,13:44:36,6.9,--,193,133170,卖盘
1152,13:44:33,6.9,--,47,32430,卖盘
1153,13:44:30,6.9,--,134,92460,卖盘
1154,13:44:27,6.9,--,53,36570,卖盘
1155,13:44:24,6.9,-0.01,8,5520,卖盘
1156,13:44:21,6.91,--,1,691,买盘
1157,13:44:18,6.91,0.01,1,691,买盘
1158,13:44:15,6.9,--,26,17940,卖盘
1159,13:44:12,6.9,--,41,28290,卖盘
1160,13:44:09,6.9,--,24,16560,卖盘
1161,13:44:06,6.9,--,72,49680,卖盘
1162,13:44:03,6.9,--,699,482310,卖盘
1163,13:44:00,6.9,--,45,31050,卖盘
1164,13:43:54,6.9,--,45,31050,卖盘
1165,13:43:51,6.9,--,265,182850,卖盘
1166,13:43:45,6.9,--,13,8970,卖盘
1167,13:43:42,6.9,-0.01,8,5520,卖盘
1168,13:43:39,6.91,0.01,175,120925,买盘
1169,13:43:36,6.9,--,111,76590,卖盘
1170,13:43:33,6.9,-0.01,167,115230,卖盘
1171,13:43:30,6.91,--,12,8292,买盘
1172,13:43:21,6.91,--,302,208682,买盘
1173,13:43:18,6.91,--,410,283323,卖盘
1174,13:43:15,6.91,--,176,121616,卖盘
1175,13:43:12,6.91,-0.01,43,29713,卖盘
1176,13:43:09,6.92,0.01,8,5536,买盘
1177,13:43:06,6.91,--,1,691,卖盘
1178,13:43:03,6.91,--,33,22803,卖盘
1179,13:43:00,6.91,--,8,5528,卖盘
1180,13:42:54,6.91,--,76,52516,卖盘
1181,13:42:51,6.91,--,3,2073,卖盘
1182,13:42:48,6.91,-0.01,14,9674,卖盘
1183,13:42:45,6.92,0.01,839,580588,买盘
1184,13:42:42,6.91,--,96,66336,卖盘
1185,13:42:39,6.91,--,359,248069,卖盘
1186,13:42:36,6.91,--,279,192789,卖盘
1187,13:42:33,6.91,--,170,117470,卖盘
1188,13:42:27,6.91,--,213,147183,卖盘
1189,13:42:24,6.91,-0.01,14,9674,卖盘
1190,13:42:21,6.92,--,6,4152,买盘
1191,13:42:18,6.92,--,17,11764,买盘
1192,13:42:15,6.92,0.01,25,17300,买盘
1193,13:42:12,6.91,--,13,8983,卖盘
1194,13:42:09,6.91,--,2,1382,卖盘
1195,13:42:06,6.91,--,129,89139,卖盘
1196,13:42:03,6.91,--,15,10365,卖盘
1197,13:41:57,6.91,--,32,22112,卖盘
1198,13:41:54,6.91,--,19,13129,卖盘
1199,13:41:45,6.91,-0.01,6,4146,卖盘
1200,13:41:42,6.92,--,2,1384,买盘
1201,13:41:36,6.92,--,283,195836,买盘
1202,13:41:33,6.92,--,12,8304,买盘
1203,13:41:30,6.92,0.01,181,125252,买盘
1204,13:41:27,6.91,--,1,691,卖盘
1205,13:41:24,6.91,--,13,9107,卖盘
1206,13:41:21,6.91,-0.01,100,69100,卖盘
1207,13:41:18,6.92,0.01,1,692,买盘
1208,13:41:09,6.91,--,146,100886,卖盘
1209,13:41:06,6.91,--,4,2764,卖盘
1210,13:41:03,6.91,--,1,691,卖盘
1211,13:41:00,6.91,--,12,8292,卖盘
1212,13:40:57,6.91,-0.01,5,3455,卖盘
1213,13:40:54,6.92,0.01,30,20760,买盘
1214,13:40:51,6.91,--,344,237704,卖盘
1215,13:40:45,6.91,-0.01,6,4146,卖盘
1216,13:40:42,6.92,--,1,692,买盘
1217,13:40:36,6.92,0.01,103,71276,买盘
1218,13:40:33,6.91,--,202,139582,卖盘
1219,13:40:30,6.91,-0.01,3,2073,卖盘
1220,13:40:27,6.92,0.01,210,145320,买盘
1221,13:40:24,6.91,-0.01,23,15893,卖盘
1222,13:40:21,6.92,0.01,1,692,买盘
1223,13:40:18,6.91,-0.01,200,138200,卖盘
1224,13:40:15,6.92,0.01,1,692,买盘
1225,13:40:12,6.91,--,4,2764,卖盘
1226,13:40:06,6.91,--,18,12438,卖盘
1227,13:40:03,6.91,--,1,691,卖盘
1228,13:39:57,6.91,-0.01,5,3455,卖盘
1229,13:39:54,6.92,0.01,10,6920,买盘
1230,13:39:51,6.91,--,2,1382,卖盘
1231,13:39:48,6.91,--,58,40078,卖盘
1232,13:39:45,6.91,--,56,38696,卖盘
1233,13:39:39,6.91,--,2,1382,卖盘
1234,13:39:36,6.91,--,10,6910,卖盘
1235,13:39:33,6.91,-0.01,198,136818,卖盘
1236,13:39:30,6.92,0.01,157,109197,买盘
1237,13:39:27,6.91,--,229,158239,买盘
1238,13:39:24,6.91,--,10,6910,买盘
1239,13:39:21,6.91,0.01,159,109869,买盘
1240,13:39:18,6.9,-0.01,75,51750,卖盘
1241,13:39:15,6.91,--,13,8983,买盘
1242,13:39:12,6.91,--,4,2764,买盘
1243,13:39:09,6.91,0.01,10,6910,买盘
1244,13:39:06,6.9,--,1,690,卖盘
1245,13:39:03,6.9,-0.01,176,121440,卖盘
1246,13:38:54,6.91,0.01,10,6910,买盘
1247,13:38:48,6.9,--,106,73140,卖盘
1248,13:38:45,6.9,-0.01,6,4140,卖盘
1249,13:38:42,6.91,0.01,335,231485,买盘
1250,13:38:39,6.9,--,2,1380,卖盘
1251,13:38:36,6.9,-0.01,10,6900,卖盘
1252,13:38:33,6.91,0.01,205,141655,买盘
1253,13:38:30,6.9,-0.01,160,110400,卖盘
1254,13:38:27,6.91,--,166,114706,买盘
1255,13:38:24,6.91,0.01,1,691,买盘
1256,13:38:18,6.9,--,6,4140,卖盘
1257,13:38:15,6.9,-0.01,13,8970,卖盘
1258,13:38:12,6.91,0.01,1,691,买盘
1259,13:38:09,6.9,-0.01,5,3450,卖盘
1260,13:38:06,6.91,--,3,2073,买盘
1261,13:38:00,6.91,--,20,13820,买盘
1262,13:37:57,6.91,--,5,3455,买盘
1263,13:37:51,6.91,--,22,15202,买盘
1264,13:37:48,6.91,0.01,501,346191,买盘
1265,13:37:45,6.9,-0.01,6,4140,卖盘
1266,13:37:42,6.91,--,3,2073,买盘
1267,13:37:39,6.91,0.01,34,23494,买盘
1268,13:37:33,6.9,--,139,95910,卖盘
1269,13:37:30,6.9,-0.01,67,46230,卖盘
1270,13:37:27,6.91,--,180,124380,买盘
1271,13:37:24,6.91,--,168,116088,买盘
1272,13:37:21,6.91,--,1,691,买盘
1273,13:37:18,6.91,--,6,4146,买盘
1274,13:37:15,6.91,--,1,691,买盘
1275,13:37:09,6.91,0.01,1,691,买盘
1276,13:37:06,6.9,--,80,55200,卖盘
1277,13:37:03,6.9,--,1,690,卖盘
1278,13:37:00,6.9,-0.01,6,4140,卖盘
1279,13:36:54,6.91,-0.01,24,16722,卖盘
1280,13:36:51,6.92,0.02,73,51069,买盘
1281,13:36:48,6.9,--,37,25530,卖盘
1282,13:36:45,6.9,--,6,4140,卖盘
1283,13:36:42,6.9,--,5,3450,卖盘
1284,13:36:39,6.9,--,229,158010,卖盘
1285,13:36:33,6.9,--,25,17250,卖盘
1286,13:36:30,6.9,--,271,186990,卖盘
1287,13:36:27,6.9,-0.01,31,21390,卖盘
1288,13:36:24,6.91,0.01,226,156166,买盘
1289,13:36:21,6.9,--,2,1380,卖盘
1290,13:36:18,6.9,-0.01,18,12420,卖盘
1291,13:36:15,6.91,--,42,29022,买盘
1292,13:36:06,6.91,0.01,285,196935,买盘
1293,13:36:03,6.9,-0.01,12,8280,卖盘
1294,13:36:00,6.91,--,41,28331,买盘
1295,13:35:57,6.91,--,173,119543,买盘
1296,13:35:54,6.91,--,2,1382,买盘
1297,13:35:51,6.91,--,44,30404,买盘
1298,13:35:45,6.91,0.01,79,54589,买盘
1299,13:35:42,6.9,--,7,4830,卖盘
1300,13:35:39,6.9,-0.01,40,27600,卖盘
1301,13:35:36,6.91,0.01,73,50443,买盘
1302,13:35:33,6.9,-0.01,156,107640,卖盘
1303,13:35:30,6.91,--,201,138891,买盘
1304,13:35:27,6.91,--,203,140273,买盘
1305,13:35:24,6.91,--,267,184497,买盘
1306,13:35:21,6.91,--,1,691,买盘
1307,13:35:18,6.91,--,1,691,买盘
1308,13:35:15,6.91,--,228,157548,买盘
1309,13:35:12,6.91,--,12,8292,买盘
1310,13:35:09,6.91,-0.01,275,190163,卖盘
1311,13:35:06,6.92,0.01,1003,694076,买盘
1312,13:35:03,6.91,-0.01,5,3455,卖盘
1313,13:34:57,6.92,0.01,1,692,买盘
1314,13:34:45,6.91,--,9,6219,卖盘
1315,13:34:42,6.91,-0.01,32,22112,卖盘
1316,13:34:39,6.92,--,7,4844,买盘
1317,13:34:36,6.92,0.01,3,2076,买盘
1318,13:34:33,6.91,--,35,24737,卖盘
1319,13:34:30,6.91,--,200,138200,卖盘
1320,13:34:27,6.91,--,76,52516,卖盘
1321,13:34:24,6.91,-0.01,40,27640,卖盘
1322,13:34:21,6.92,--,173,119716,买盘
1323,13:34:18,6.92,0.01,21,14532,买盘
1324,13:34:15,6.91,--,4,2764,卖盘
1325,13:34:12,6.91,--,16,11056,卖盘
1326,13:34:03,6.91,-0.01,6,4146,卖盘
1327,13:34:00,6.92,0.01,3,2076,买盘
1328,13:33:54,6.91,--,1,691,卖盘
1329,13:33:51,6.91,--,280,193480,买盘
1330,13:33:48,6.91,0.01,10,6910,买盘
1331,13:33:45,6.9,-0.01,6,4140,卖盘
1332,13:33:42,6.91,--,231,159621,买盘
1333,13:33:33,6.91,-0.01,153,105723,卖盘
1334,13:33:30,6.92,0.01,1,692,买盘
1335,13:33:27,6.91,-0.01,212,146492,卖盘
1336,13:33:24,6.92,--,94,65048,买盘
1337,13:33:21,6.92,0.01,153,105876,买盘
1338,13:33:18,6.91,0.01,543,375213,买盘
1339,13:33:12,6.9,-0.01,1,690,卖盘
1340,13:33:09,6.91,--,6,4146,买盘
1341,13:33:06,6.91,0.01,34,23494,买盘
1342,13:33:03,6.9,-0.01,8,5520,卖盘
1343,13:32:57,6.91,0.01,1,691,买盘
1344,13:32:51,6.9,--,26,17940,卖盘
1345,13:32:45,6.9,--,96,66240,卖盘
1346,13:32:42,6.9,-0.01,31,21390,卖盘
1347,13:32:39,6.91,0.01,6,4146,买盘
1348,13:32:36,6.9,-0.01,41,28290,卖盘
1349,13:32:30,6.91,--,55,38005,买盘
1350,13:32:27,6.91,-0.01,33,22803,卖盘
1351,13:32:24,6.92,--,80,55360,买盘
1352,13:32:21,6.92,--,187,129404,买盘
1353,13:32:15,6.92,0.01,8,5536,买盘
1354,13:32:12,6.91,--,4,2764,卖盘
1355,13:32:06,6.91,0.01,53,36623,买盘
1356,13:32:03,6.9,-0.01,75,51750,卖盘
1357,13:32:00,6.91,--,7,4837,买盘
1358,13:31:57,6.91,--,8,5528,卖盘
1359,13:31:54,6.91,--,189,130599,卖盘
1360,13:31:51,6.91,0.01,63,43533,买盘
1361,13:31:48,6.9,-0.01,120,82800,卖盘
1362,13:31:45,6.91,--,21,14511,买盘
1363,13:31:42,6.91,0.01,11,7601,买盘
1364,13:31:39,6.9,-0.01,304,209760,卖盘
1365,13:31:36,6.91,--,98,67718,买盘
1366,13:31:33,6.91,--,101,69791,买盘
1367,13:31:30,6.91,0.01,3,2073,买盘
1368,13:31:27,6.9,--,17,11730,卖盘
1369,13:31:24,6.9,-0.01,200,138000,卖盘
1370,13:31:21,6.91,--,1,691,买盘
1371,13:31:18,6.91,--,271,187261,买盘
1372,13:31:12,6.91,--,40,27640,买盘
1373,13:31:09,6.91,--,7,4837,买盘
1374,13:31:06,6.91,--,13,8983,买盘
1375,13:31:03,6.91,0.01,2,1382,买盘
1376,13:31:00,6.9,-0.01,29,20010,卖盘
1377,13:30:51,6.91,0.01,5,3455,买盘
1378,13:30:48,6.9,-0.02,601,414690,卖盘
1379,13:30:45,6.92,--,7,4844,买盘
1380,13:30:42,6.92,--,167,115564,买盘
1381,13:30:39,6.92,0.01,11,7612,买盘
1382,13:30:33,6.91,--,6,4146,卖盘
1383,13:30:30,6.91,--,22,15202,卖盘
1384,13:30:27,6.91,-0.01,1,691,卖盘
1385,13:30:24,6.92,0.01,211,146012,买盘
1386,13:30:21,6.91,--,97,67027,卖盘
1387,13:30:18,6.91,--,339,234249,卖盘
1388,13:30:15,6.91,--,170,117470,卖盘
1389,13:30:12,6.91,-0.01,50,34550,卖盘
1390,13:30:06,6.92,0.01,13,8996,买盘
1391,13:30:03,6.91,--,4,2764,卖盘
1392,13:30:00,6.91,--,36,24876,卖盘
1393,13:29:57,6.91,0.01,427,295685,买盘
1394,13:29:54,6.9,--,63,43470,卖盘
1395,13:29:51,6.9,-0.01,2,1380,卖盘
1396,13:29:48,6.91,0.01,1,691,买盘
1397,13:29:45,6.9,--,6,4140,卖盘
1398,13:29:42,6.9,-0.01,1,690,卖盘
1399,13:29:30,6.91,0.01,62,42842,买盘
1400,13:29:27,6.9,-0.01,1,690,卖盘
1401,13:29:24,6.91,--,87,60117,买盘
1402,13:29:21,6.91,--,27,18864,卖盘
1403,13:29:18,6.91,--,88,60808,卖盘
1404,13:29:15,6.91,--,174,120234,卖盘
1405,13:29:12,6.91,-0.01,109,75319,卖盘
1406,13:29:09,6.92,0.01,2,1384,买盘
1407,13:29:03,6.91,--,62,42842,卖盘
1408,13:29:00,6.91,--,97,67704,卖盘
1409,13:28:54,6.91,-0.01,14,9674,卖盘
1410,13:28:51,6.92,0.01,43,29756,买盘
1411,13:28:45,6.91,--,27,18657,卖盘
1412,13:28:42,6.91,--,1,691,卖盘
1413,13:28:39,6.91,--,113,78739,卖盘
1414,13:28:36,6.91,--,62,42842,卖盘
1415,13:28:33,6.91,--,6,4146,卖盘
1416,13:28:30,6.91,--,23,15893,卖盘
1417,13:28:27,6.91,--,410,283310,卖盘
1418,13:28:24,6.91,--,300,207300,卖盘
1419,13:28:18,6.91,-0.01,435,301199,卖盘
1420,13:28:15,6.92,--,277,191684,买盘
1421,13:28:12,6.92,0.01,82,56744,买盘
1422,13:28:09,6.91,--,139,96049,卖盘
1423,13:28:06,6.91,--,531,366921,卖盘
1424,13:28:03,6.91,--,310,214210,卖盘
1425,13:28:00,6.91,--,11,7601,卖盘
1426,13:27:57,6.91,--,450,311157,卖盘
1427,13:27:54,6.91,--,539,372449,卖盘
1428,13:27:51,6.91,--,64,44224,卖盘
1429,13:27:45,6.91,--,347,239777,卖盘
1430,13:27:42,6.91,--,11,7601,卖盘
1431,13:27:39,6.91,--,107,74538,卖盘
1432,13:27:36,6.91,--,41,28448,卖盘
1433,13:27:33,6.91,--,7,4837,卖盘
1434,13:27:30,6.91,--,15,10365,卖盘
1435,13:27:27,6.91,--,1,691,卖盘
1436,13:27:24,6.91,--,10,6910,卖盘
1437,13:27:21,6.91,--,201,138891,卖盘
1438,13:27:18,6.91,--,508,351173,卖盘
1439,13:27:15,6.91,-0.01,32,22112,卖盘
1440,13:27:12,6.92,0.01,157,108644,买盘
1441,13:27:09,6.91,--,97,67027,卖盘
1442,13:27:03,6.91,--,1,691,卖盘
1443,13:27:00,6.91,-0.01,9,6219,卖盘
1444,13:26:57,6.92,--,77,53927,买盘
1445,13:26:54,6.92,--,50,34600,买盘
1446,13:26:51,6.92,0.01,25,17300,买盘
1447,13:26:48,6.91,--,21,14511,卖盘
1448,13:26:45,6.91,--,29,20039,卖盘
1449,13:26:42,6.91,--,5,3455,卖盘
1450,13:26:39,6.91,--,73,50443,卖盘
1451,13:26:36,6.91,-0.01,117,80847,卖盘
1452,13:26:33,6.92,0.01,27,18684,买盘
1453,13:26:30,6.91,-0.01,5,3455,卖盘
1454,13:26:27,6.92,0.01,58,40136,买盘
1455,13:26:24,6.91,--,40,27640,卖盘
1456,13:26:21,6.91,--,200,138200,卖盘
1457,13:26:18,6.91,-0.01,4,2764,卖盘
1458,13:26:15,6.92,0.01,148,102416,买盘
1459,13:26:12,6.91,--,181,125071,卖盘
1460,13:26:06,6.91,--,85,58735,卖盘
1461,13:26:03,6.91,-0.01,31,21421,卖盘
1462,13:26:00,6.92,--,35,24220,买盘
1463,13:25:57,6.92,0.01,221,152932,买盘
1464,13:25:54,6.91,-0.01,1,691,卖盘
1465,13:25:51,6.92,0.01,65,44980,买盘
1466,13:25:45,6.91,--,9,6219,卖盘
1467,13:25:42,6.91,--,29,20039,卖盘
1468,13:25:39,6.91,--,40,27640,卖盘
1469,13:25:33,6.91,--,10,6910,卖盘
1470,13:25:30,6.91,--,1,691,卖盘
1471,13:25:27,6.91,--,10,6910,卖盘
1472,13:25:24,6.91,--,2,1382,卖盘
1473,13:25:21,6.91,--,646,446386,卖盘
1474,13:25:18,6.91,--,101,69791,卖盘
1475,13:25:15,6.91,-0.01,43,29713,卖盘
1476,13:25:12,6.92,--,107,74044,买盘
1477,13:25:09,6.92,0.01,190,131480,买盘
1478,13:25:06,6.91,--,9,6219,卖盘
1479,13:25:03,6.91,--,18,12438,卖盘
1480,13:25:00,6.91,--,9,6219,卖盘
1481,13:24:57,6.91,--,21,14511,卖盘
1482,13:24:51,6.91,--,2,1382,卖盘
1483,13:24:45,6.91,--,36,24876,卖盘
1484,13:24:42,6.91,-0.01,22,15202,卖盘
1485,13:24:36,6.92,0.01,51,35292,买盘
1486,13:24:33,6.91,--,59,40769,卖盘
1487,13:24:30,6.91,--,72,49752,卖盘
1488,13:24:27,6.91,-0.01,3,2073,卖盘
1489,13:24:24,6.92,--,340,235280,买盘
1490,13:24:18,6.92,0.01,201,139092,买盘
1491,13:24:15,6.91,-0.01,106,73246,卖盘
1492,13:24:12,6.92,0.01,97,67124,买盘
1493,13:24:09,6.91,-0.01,359,248069,卖盘
1494,13:24:06,6.92,--,1,692,买盘
1495,13:24:03,6.92,--,18,12456,买盘
1496,13:23:57,6.92,--,1,692,买盘
1497,13:23:51,6.92,0.01,14,9688,买盘
1498,13:23:48,6.91,-0.01,730,504430,卖盘
1499,13:23:45,6.92,0.01,17,11764,买盘
1500,13:23:42,6.91,--,75,51825,卖盘
1501,13:23:39,6.91,--,1,691,卖盘
1502,13:23:36,6.91,--,1,691,卖盘
1503,13:23:33,6.91,-0.01,9,6219,卖盘
1504,13:23:30,6.92,0.01,48,33216,买盘
1505,13:23:27,6.91,--,120,82920,卖盘
1506,13:23:24,6.91,-0.01,5,3455,卖盘
1507,13:23:21,6.92,0.01,4,2768,买盘
1508,13:23:18,6.91,--,205,141655,卖盘
1509,13:23:15,6.91,-0.01,4,2764,卖盘
1510,13:23:12,6.92,0.01,68,47056,买盘
1511,13:23:09,6.91,-0.01,7,4837,卖盘
1512,13:23:06,6.92,0.01,266,184072,买盘
1513,13:23:03,6.91,-0.01,6,4146,卖盘
1514,13:23:00,6.92,--,1,692,买盘
1515,13:22:57,6.92,0.01,94,65048,买盘
1516,13:22:51,6.91,-0.01,59,40769,卖盘
1517,13:22:48,6.92,0.01,1,692,买盘
1518,13:22:45,6.91,--,15,10365,卖盘
1519,13:22:42,6.91,-0.01,7,4837,卖盘
1520,13:22:39,6.92,--,14,9688,买盘
1521,13:22:33,6.92,--,49,33908,买盘
1522,13:22:27,6.92,0.01,1,692,买盘
1523,13:22:24,6.91,-0.01,45,31095,卖盘
1524,13:22:21,6.92,--,15,10380,买盘
1525,13:22:18,6.92,0.01,304,210368,买盘
1526,13:22:15,6.91,-0.01,6,4146,卖盘
1527,13:22:12,6.92,0.01,4,2768,买盘
1528,13:22:09,6.91,--,110,76010,卖盘
1529,13:22:06,6.91,--,201,138891,卖盘
1530,13:22:03,6.91,-0.01,207,143037,卖盘
1531,13:21:54,6.92,0.01,1,692,买盘
1532,13:21:51,6.91,-0.01,75,51825,卖盘
1533,13:21:48,6.92,0.01,185,128020,买盘
1534,13:21:45,6.91,-0.01,10,6910,卖盘
1535,13:21:42,6.92,--,1,692,买盘
1536,13:21:39,6.92,0.01,54,37368,买盘
1537,13:21:36,6.91,--,1,691,卖盘
1538,13:21:33,6.91,-0.01,11,7601,卖盘
1539,13:21:30,6.92,--,10,6920,买盘
1540,13:21:21,6.92,--,2,1384,买盘
1541,13:21:18,6.92,0.01,5,3460,买盘
1542,13:21:15,6.91,-0.01,205,141655,卖盘
1543,13:21:12,6.92,0.01,44,30448,买盘
1544,13:21:09,6.91,-0.01,90,62190,卖盘
1545,13:21:06,6.92,0.01,112,77504,买盘
1546,13:21:03,6.91,-0.01,159,109869,卖盘
1547,13:20:57,6.92,--,12,8304,买盘
1548,13:20:54,6.92,0.01,4,2768,买盘
1549,13:20:51,6.91,-0.01,48,33168,卖盘
1550,13:20:48,6.92,--,1,692,买盘
1551,13:20:45,6.92,0.01,11,7612,买盘
1552,13:20:42,6.91,-0.01,23,15893,卖盘
1553,13:20:36,6.92,--,1,692,买盘
1554,13:20:33,6.92,0.01,69,47748,买盘
1555,13:20:30,6.91,-0.01,11,7601,卖盘
1556,13:20:24,6.92,--,54,37368,买盘
1557,13:20:21,6.92,--,81,56052,买盘
1558,13:20:18,6.92,--,1,692,买盘
1559,13:20:15,6.92,0.01,51,35292,买盘
1560,13:20:12,6.91,-0.01,31,21421,卖盘
1561,13:20:06,6.92,0.01,552,381984,买盘
1562,13:20:03,6.91,-0.01,155,107105,卖盘
1563,13:20:00,6.92,--,7,4844,买盘
1564,13:19:57,6.92,0.01,52,35984,买盘
1565,13:19:54,6.91,-0.01,13,8983,卖盘
1566,13:19:51,6.92,--,1,692,买盘
1567,13:19:48,6.92,0.01,5,3460,买盘
1568,13:19:45,6.91,--,6,4422,卖盘
1569,13:19:39,6.91,-0.01,3,2073,卖盘
1570,13:19:36,6.92,0.01,23,15916,买盘
1571,13:19:33,6.91,--,22,15202,卖盘
1572,13:19:30,6.91,--,200,138200,卖盘
1573,13:19:27,6.91,--,5,3455,卖盘
1574,13:19:24,6.91,--,120,82920,卖盘
1575,13:19:21,6.91,-0.01,83,57353,卖盘
1576,13:19:18,6.92,0.01,41,28372,买盘
1577,13:19:15,6.91,--,85,58735,卖盘
1578,13:19:06,6.91,-0.01,388,268108,卖盘
1579,13:19:03,6.92,--,63,43596,买盘
1580,13:19:00,6.92,--,165,114180,买盘
1581,13:18:54,6.92,--,4,2768,买盘
1582,13:18:51,6.92,0.01,10,6920,买盘
1583,13:18:45,6.91,-0.01,106,73246,卖盘
1584,13:18:42,6.92,--,5,3460,买盘
1585,13:18:39,6.92,--,53,36676,买盘
1586,13:18:36,6.92,--,15,10380,买盘
1587,13:18:30,6.92,--,5,3460,买盘
1588,13:18:27,6.92,--,6,4152,买盘
1589,13:18:24,6.92,--,22,15224,买盘
1590,13:18:21,6.92,--,124,85808,买盘
1591,13:18:15,6.92,--,1,692,买盘
1592,13:18:12,6.92,--,656,453952,买盘
1593,13:18:09,6.92,0.01,26,17992,买盘
1594,13:18:06,6.91,--,146,100886,卖盘
1595,13:18:03,6.91,-0.01,36,24876,卖盘
1596,13:18:00,6.92,--,177,122484,买盘
1597,13:17:57,6.92,--,32,22144,买盘
1598,13:17:54,6.92,--,1,692,买盘
1599,13:17:51,6.92,--,9,6228,买盘
1600,13:17:48,6.92,0.01,4,2768,买盘
1601,13:17:45,6.91,-0.01,6,4146,卖盘
1602,13:17:42,6.92,--,361,249812,买盘
1603,13:17:36,6.92,--,4,2768,买盘
1604,13:17:33,6.92,--,17,11764,卖盘
1605,13:17:30,6.92,--,2,1384,卖盘
1606,13:17:27,6.92,--,108,74736,买盘
1607,13:17:24,6.92,--,385,266420,买盘
1608,13:17:21,6.92,0.01,45,31140,买盘
1609,13:17:18,6.91,-0.01,80,55280,卖盘
1610,13:17:15,6.92,--,73,50516,买盘
1611,13:17:09,6.92,0.01,1,692,买盘
1612,13:17:06,6.91,-0.01,35,24185,卖盘
1613,13:17:03,6.92,--,94,65048,买盘
1614,13:17:00,6.92,0.01,20,13840,买盘
1615,13:16:57,6.91,-0.01,161,111251,卖盘
1616,13:16:54,6.92,--,150,103800,买盘
1617,13:16:51,6.92,0.01,9,6228,买盘
1618,13:16:48,6.91,--,26,17966,卖盘
1619,13:16:45,6.91,-0.01,6,4146,卖盘
1620,13:16:42,6.92,0.01,5,3460,买盘
1621,13:16:33,6.91,-0.01,83,57353,卖盘
1622,13:16:30,6.92,0.01,104,71968,买盘
1623,13:16:27,6.91,--,6,4146,卖盘
1624,13:16:24,6.91,-0.01,59,40769,卖盘
1625,13:16:21,6.92,--,4,2768,买盘
1626,13:16:15,6.92,--,1,692,买盘
1627,13:16:12,6.92,--,1,692,买盘
1628,13:16:09,6.92,0.01,4,2768,买盘
1629,13:16:03,6.91,--,94,64954,卖盘
1630,13:16:00,6.91,--,44,30404,卖盘
1631,13:15:57,6.91,--,173,119543,卖盘
1632,13:15:54,6.91,-0.01,40,27640,卖盘
1633,13:15:51,6.92,--,30,20760,买盘
1634,13:15:48,6.92,--,250,173000,买盘
1635,13:15:45,6.92,--,89,61588,买盘
1636,13:15:36,6.92,0.01,23,15916,买盘
1637,13:15:33,6.91,--,19,13129,卖盘
1638,13:15:30,6.91,-0.01,1,691,卖盘
1639,13:15:24,6.92,--,4,2768,买盘
1640,13:15:21,6.92,0.01,28,19376,买盘
1641,13:15:18,6.91,--,247,170677,买盘
1642,13:15:15,6.91,--,55,38005,买盘
1643,13:15:12,6.91,--,36,24876,买盘
1644,13:15:09,6.91,0.01,529,365539,买盘
1645,13:15:06,6.9,--,107,73830,卖盘
1646,13:15:03,6.9,--,45,31050,卖盘
1647,13:15:00,6.9,--,107,73830,卖盘
1648,13:14:57,6.9,--,30,20700,卖盘
1649,13:14:54,6.9,-0.01,174,120060,卖盘
1650,13:14:48,6.91,0.01,103,71173,买盘
1651,13:14:45,6.9,--,31,21390,卖盘
1652,13:14:42,6.9,--,202,139380,卖盘
1653,13:14:33,6.9,--,45,31050,卖盘
1654,13:14:30,6.9,-0.01,2,1380,卖盘
1655,13:14:27,6.91,--,62,42842,买盘
1656,13:14:21,6.91,--,467,322697,买盘
1657,13:14:18,6.91,--,120,82920,买盘
1658,13:14:15,6.91,--,1,691,买盘
1659,13:14:12,6.91,0.01,20,13820,买盘
1660,13:14:03,6.9,-0.01,2,1380,卖盘
1661,13:13:57,6.91,--,92,63572,买盘
1662,13:13:54,6.91,--,174,120234,买盘
1663,13:13:51,6.91,--,13,8983,买盘
1664,13:13:48,6.91,--,2028,1401348,卖盘
1665,13:13:45,6.91,-0.01,11,7601,卖盘
1666,13:13:42,6.92,0.01,4,2768,买盘
1667,13:13:39,6.91,--,10,6910,卖盘
1668,13:13:36,6.91,--,100,69100,卖盘
1669,13:13:33,6.91,--,119,82229,卖盘
1670,13:13:27,6.91,--,30,20730,卖盘
1671,13:13:24,6.91,--,426,294366,卖盘
1672,13:13:21,6.91,--,31,21421,卖盘
1673,13:13:12,6.91,--,816,563856,卖盘
1674,13:13:03,6.91,--,2,1382,卖盘
1675,13:13:00,6.91,-0.01,75,51825,卖盘
1676,13:12:57,6.92,--,1,692,买盘
1677,13:12:54,6.92,--,148,102416,买盘
1678,13:12:51,6.92,0.01,214,148088,买盘
1679,13:12:48,6.91,--,48,33168,买盘
1680,13:12:45,6.91,--,31,21421,卖盘
1681,13:12:42,6.91,--,30,20730,卖盘
1682,13:12:39,6.91,--,486,335826,卖盘
1683,13:12:33,6.91,-0.01,13,8983,卖盘
1684,13:12:27,6.92,0.01,3,2076,买盘
1685,13:12:24,6.91,--,52,35932,买盘
1686,13:12:21,6.91,--,106,73246,卖盘
1687,13:12:18,6.91,-0.01,10,6910,卖盘
1688,13:12:15,6.92,0.01,1,692,买盘
1689,13:12:12,6.91,--,28,19348,卖盘
1690,13:12:06,6.91,--,534,368994,卖盘
1691,13:12:03,6.91,--,2507,1732337,卖盘
1692,13:11:54,6.91,-0.01,171,118161,卖盘
1693,13:11:51,6.92,--,1069,739748,卖盘
1694,13:11:48,6.92,--,95,65740,卖盘
1695,13:11:45,6.92,--,1002,693384,卖盘
1696,13:11:42,6.92,--,33,22836,卖盘
1697,13:11:39,6.92,--,19,13148,卖盘
1698,13:11:36,6.92,--,11,7612,卖盘
1699,13:11:33,6.92,-0.01,6,4152,卖盘
1700,13:11:27,6.93,--,2,1386,买盘
1701,13:11:24,6.93,--,52,36036,买盘
1702,13:11:15,6.93,0.01,13,9009,买盘
1703,13:11:12,6.92,--,4,2768,卖盘
1704,13:11:03,6.92,--,6,4152,卖盘
1705,13:11:00,6.92,-0.01,204,141168,卖盘
1706,13:10:57,6.93,--,50,34650,买盘
1707,13:10:54,6.93,--,129,89397,买盘
1708,13:10:51,6.93,-0.01,235,163132,卖盘
1709,13:10:48,6.94,0.01,436,302584,买盘
1710,13:10:45,6.93,--,118,81774,卖盘
1711,13:10:42,6.93,--,203,140679,卖盘
1712,13:10:39,6.93,--,202,139986,卖盘
1713,13:10:36,6.93,--,36,24948,卖盘
1714,13:10:33,6.93,--,30,20790,卖盘
1715,13:10:27,6.93,--,50,34650,卖盘
1716,13:10:24,6.93,-0.01,13,9009,卖盘
1717,13:10:21,6.94,0.01,45,31230,买盘
1718,13:10:15,6.93,--,148,102564,卖盘
1719,13:10:12,6.93,--,7,4851,卖盘
1720,13:10:03,6.93,--,59,40887,卖盘
1721,13:10:00,6.93,-0.01,14,9702,卖盘
1722,13:09:54,6.94,--,200,138800,买盘
1723,13:09:51,6.94,--,94,65236,买盘
1724,13:09:48,6.94,0.01,245,170030,买盘
1725,13:09:45,6.93,-0.01,23,15939,卖盘
1726,13:09:36,6.94,0.01,47,32618,买盘
1727,13:09:33,6.93,-0.01,52,36036,卖盘
1728,13:09:30,6.94,0.01,20,13880,买盘
1729,13:09:27,6.93,-0.01,1,693,卖盘
1730,13:09:24,6.94,--,20,13880,买盘
1731,13:09:21,6.94,0.01,1,694,买盘
1732,13:09:15,6.93,--,46,31878,卖盘
1733,13:09:12,6.93,--,77,53361,卖盘
1734,13:09:09,6.93,--,82,56826,卖盘
1735,13:09:03,6.93,--,17,11781,卖盘
1736,13:08:51,6.93,--,80,55440,卖盘
1737,13:08:48,6.93,-0.01,32,22176,卖盘
1738,13:08:45,6.94,0.01,169,117286,买盘
1739,13:08:33,6.93,--,2,1386,卖盘
1740,13:08:30,6.93,-0.01,1,693,卖盘
1741,13:08:27,6.94,0.01,2,1388,买盘
1742,13:08:21,6.93,-0.01,5,3465,卖盘
1743,13:08:15,6.94,0.01,12,8328,买盘
1744,13:08:12,6.93,--,13,9009,卖盘
1745,13:08:06,6.93,--,35,24255,卖盘
1746,13:08:03,6.93,--,1,693,卖盘
1747,13:08:00,6.93,-0.01,36,24948,卖盘
1748,13:07:51,6.94,0.01,84,58296,买盘
1749,13:07:48,6.93,--,177,122661,卖盘
1750,13:07:45,6.93,-0.01,72,49896,卖盘
1751,13:07:39,6.94,0.01,1505,1044470,买盘
1752,13:07:30,6.93,--,16,11088,卖盘
1753,13:07:27,6.93,-0.01,2,1386,卖盘
1754,13:07:21,6.94,0.01,14,9716,买盘
1755,13:07:18,6.93,-0.01,11,7623,卖盘
1756,13:07:15,6.94,--,29,20126,买盘
1757,13:07:09,6.94,--,2,1388,买盘
1758,13:06:54,6.94,0.01,15,10410,买盘
1759,13:06:51,6.93,-0.01,50,34650,卖盘
1760,13:06:48,6.94,--,98,68012,买盘
1761,13:06:45,6.94,0.01,172,119368,买盘
1762,13:06:42,6.93,-0.01,26,18018,卖盘
1763,13:06:39,6.94,--,14,9716,买盘
1764,13:06:33,6.94,0.01,1,694,买盘
1765,13:06:30,6.93,--,14,9702,卖盘
1766,13:06:27,6.93,--,1,693,卖盘
1767,13:06:21,6.93,-0.01,9,6237,卖盘
1768,13:06:18,6.94,--,46,31924,买盘
1769,13:06:15,6.94,--,12,8328,买盘
1770,13:06:09,6.94,--,1,694,买盘
1771,13:06:06,6.94,--,20,13880,买盘
1772,13:06:03,6.94,--,6,4164,买盘
1773,13:06:00,6.94,--,167,115898,买盘
1774,13:05:57,6.94,0.01,1,694,买盘
1775,13:05:54,6.93,-0.01,14,9702,卖盘
1776,13:05:48,6.94,--,93,64542,买盘
1777,13:05:45,6.94,--,48,33312,买盘
1778,13:05:39,6.94,--,154,106876,买盘
1779,13:05:33,6.94,0.01,1,694,买盘
1780,13:05:30,6.93,--,14,9702,卖盘
1781,13:05:24,6.93,-0.01,56,38808,卖盘
1782,13:05:21,6.94,--,77,53438,买盘
1783,13:05:15,6.94,--,17,11798,买盘
1784,13:05:09,6.94,0.01,1,694,买盘
1785,13:05:00,6.93,-0.01,4,2772,卖盘
1786,13:04:57,6.94,--,54,37476,买盘
1787,13:04:54,6.94,--,95,66346,买盘
1788,13:04:48,6.94,0.01,4,2776,买盘
1789,13:04:45,6.93,-0.01,94,65142,卖盘
1790,13:04:42,6.94,--,73,50662,买盘
1791,13:04:39,6.94,--,164,113816,买盘
1792,13:04:36,6.94,--,22,15268,买盘
1793,13:04:33,6.94,--,1,694,买盘
1794,13:04:30,6.94,--,5,3470,买盘
1795,13:04:24,6.94,--,11,7634,买盘
1796,13:04:21,6.94,--,12,8328,买盘
1797,13:04:18,6.94,0.01,64,44416,买盘
1798,13:04:15,6.93,-0.01,212,146916,卖盘
1799,13:04:12,6.94,--,48,33312,买盘
1800,13:04:09,6.94,0.01,15,10410,买盘
1801,13:04:03,6.93,-0.01,75,51975,卖盘
1802,13:04:00,6.94,--,111,77034,卖盘
1803,13:03:57,6.94,--,34,23596,卖盘
1804,13:03:54,6.94,--,1,694,卖盘
1805,13:03:51,6.94,-0.01,70,48580,卖盘
1806,13:03:48,6.95,0.01,81,56295,买盘
1807,13:03:45,6.94,-0.01,310,215140,卖盘
1808,13:03:42,6.95,--,154,107030,买盘
1809,13:03:36,6.95,0.01,158,109810,买盘
1810,13:03:33,6.94,--,20,13880,卖盘
1811,13:03:30,6.94,-0.01,36,24984,卖盘
1812,13:03:27,6.95,--,1,695,买盘
1813,13:03:24,6.95,0.01,20,13900,买盘
1814,13:03:21,6.94,--,61,42334,卖盘
1815,13:03:18,6.94,-0.01,30,20820,卖盘
1816,13:03:15,6.95,--,82,56990,买盘
1817,13:03:12,6.95,0.01,1,695,买盘
1818,13:03:06,6.94,--,79,54826,卖盘
1819,13:03:03,6.94,-0.01,1,694,卖盘
1820,13:03:00,6.95,0.01,1,695,买盘
1821,13:02:57,6.94,--,13,9022,卖盘
1822,13:02:51,6.94,-0.01,51,35394,卖盘
1823,13:02:42,6.95,0.01,106,73670,买盘
1824,13:02:39,6.94,-0.01,101,70094,卖盘
1825,13:02:36,6.95,--,152,105640,买盘
1826,13:02:33,6.95,0.01,80,55600,买盘
1827,13:02:27,6.94,--,119,82586,卖盘
1828,13:02:21,6.94,-0.01,11,7634,卖盘
1829,13:02:15,6.95,--,13,9035,买盘
1830,13:02:12,6.95,--,1,695,买盘
1831,13:02:03,6.95,--,236,164020,买盘
1832,13:02:00,6.95,0.01,15,10425,买盘
1833,13:01:51,6.94,-0.01,1,694,卖盘
1834,13:01:48,6.95,--,1,695,买盘
1835,13:01:39,6.95,--,84,58380,买盘
1836,13:01:36,6.95,--,168,116760,买盘
1837,13:01:33,6.95,0.01,10,6950,买盘
1838,13:01:30,6.94,--,15,10410,卖盘
1839,13:01:27,6.94,--,14,9716,卖盘
1840,13:01:21,6.94,-0.01,127,88138,卖盘
1841,13:01:15,6.95,0.01,1,695,买盘
1842,13:01:03,6.94,-0.01,27,18738,卖盘
1843,13:00:54,6.95,0.01,5,3475,买盘
1844,13:00:48,6.94,-0.01,45,31230,卖盘
1845,13:00:42,6.95,--,85,59075,买盘
1846,13:00:36,6.95,0.01,162,112590,买盘
1847,13:00:33,6.94,--,8,5552,卖盘
1848,13:00:27,6.94,--,1,694,卖盘
1849,13:00:24,6.94,-0.01,2,1388,卖盘
1850,13:00:21,6.95,--,12,8340,买盘
1851,13:00:15,6.95,0.01,6,4170,买盘
1852,13:00:12,6.94,--,25,17350,卖盘
1853,13:00:09,6.94,--,108,74952,卖盘
1854,13:00:06,6.94,--,185,128390,卖盘
1855,13:00:03,6.94,-0.01,1566,1086804,卖盘
1856,13:00:00,6.95,0.01,4,2780,买盘
1857,11:30:00,6.94,--,0,0,卖盘
1858,11:29:57,6.94,--,11,7634,卖盘
1859,11:29:54,6.94,-0.01,10,6940,卖盘
1860,11:29:48,6.95,--,2,1390,买盘
1861,11:29:39,6.95,--,50,34750,买盘
1862,11:29:36,6.95,--,79,54905,买盘
1863,11:29:33,6.95,--,6,4170,买盘
1864,11:29:30,6.95,0.01,220,152900,买盘
1865,11:29:27,6.94,-0.01,1,694,卖盘
1866,11:29:21,6.95,0.01,1,695,买盘
1867,11:29:15,6.94,-0.01,10,6940,卖盘
1868,11:29:12,6.95,0.01,1,695,买盘
1869,11:29:06,6.94,-0.02,46,31924,卖盘
1870,11:29:00,6.96,0.01,580,403680,买盘
1871,11:28:57,6.95,0.01,5,3475,买盘
1872,11:28:51,6.94,--,1,694,卖盘
1873,11:28:48,6.94,-0.01,11,7634,卖盘
1874,11:28:42,6.95,--,3,2085,买盘
1875,11:28:36,6.95,--,132,91740,买盘
1876,11:28:33,6.95,--,254,176530,买盘
1877,11:28:30,6.95,--,5,3475,买盘
1878,11:28:27,6.95,0.01,1,695,买盘
1879,11:28:24,6.94,-0.01,59,40946,卖盘
1880,11:28:21,6.95,--,3,2085,买盘
1881,11:28:18,6.95,0.01,2,1390,买盘
1882,11:28:00,6.94,-0.01,50,34700,卖盘
1883,11:27:39,6.95,0.01,1,695,买盘
1884,11:27:33,6.94,--,79,54826,卖盘
1885,11:27:30,6.94,--,205,142270,卖盘
1886,11:27:27,6.94,--,75,52050,卖盘
1887,11:27:24,6.94,-0.01,1,694,卖盘
1888,11:27:21,6.95,0.01,1,695,买盘
1889,11:27:18,6.94,-0.01,6,4164,卖盘
1890,11:27:15,6.95,0.01,1,695,买盘
1891,11:27:12,6.94,-0.01,12,8328,卖盘
1892,11:27:09,6.95,0.01,45,31275,买盘
1893,11:27:06,6.94,--,20,13880,卖盘
1894,11:27:00,6.94,-0.01,41,28454,卖盘
1895,11:26:57,6.95,0.01,970,674150,买盘
1896,11:26:54,6.94,--,5,3470,卖盘
1897,11:26:48,6.94,--,32,22208,卖盘
1898,11:26:45,6.94,-0.01,14,9716,卖盘
1899,11:26:39,6.95,0.01,1,695,买盘
1900,11:26:33,6.94,-0.01,136,94384,卖盘
1901,11:26:30,6.95,--,172,119540,买盘
1902,11:26:27,6.95,0.01,51,35445,买盘
1903,11:26:24,6.94,--,1,694,卖盘
1904,11:26:18,6.94,--,1,694,卖盘
1905,11:26:15,6.94,--,10,6940,卖盘
1906,11:26:03,6.94,--,11,7634,卖盘
1907,11:26:00,6.94,--,10,6940,卖盘
1908,11:25:57,6.94,--,1,694,卖盘
1909,11:25:54,6.94,-0.01,5,3470,卖盘
1910,11:25:51,6.95,0.01,55,38225,买盘
1911,11:25:48,6.94,--,3,2082,卖盘
1912,11:25:42,6.94,--,11,7634,卖盘
1913,11:25:36,6.94,-0.01,11,7634,卖盘
1914,11:25:30,6.95,0.01,350,243250,买盘
1915,11:25:24,6.94,-0.01,57,39558,卖盘
1916,11:25:21,6.95,--,55,38225,买盘
1917,11:25:18,6.95,--,60,41700,买盘
1918,11:25:15,6.95,--,5,3475,买盘
1919,11:25:12,6.95,--,11,7645,买盘
1920,11:24:57,6.95,0.01,4,2780,买盘
1921,11:24:48,6.94,--,205,142270,卖盘
1922,11:24:39,6.94,-0.01,12,8328,卖盘
1923,11:24:30,6.95,--,99,68805,买盘
1924,11:24:27,6.95,0.01,148,102860,买盘
1925,11:24:24,6.94,-0.01,1,694,卖盘
1926,11:24:21,6.95,--,8,5560,买盘
1927,11:24:15,6.95,0.01,29,20155,买盘
1928,11:24:12,6.94,-0.01,11,7634,卖盘
1929,11:24:09,6.95,0.01,52,36140,买盘
1930,11:24:03,6.94,--,6,4164,卖盘
1931,11:23:54,6.94,-0.01,8,5552,卖盘
1932,11:23:51,6.95,0.01,1,695,买盘
1933,11:23:48,6.94,--,10,6940,卖盘
1934,11:23:39,6.94,-0.01,16,11104,卖盘
1935,11:23:33,6.95,--,50,34750,买盘
1936,11:23:30,6.95,--,92,63940,买盘
1937,11:23:27,6.95,0.01,1,695,买盘
1938,11:23:24,6.94,--,188,130472,卖盘
1939,11:23:21,6.94,--,19,13186,卖盘
1940,11:23:18,6.94,--,117,81198,卖盘
1941,11:23:15,6.94,-0.01,21,14574,卖盘
1942,11:23:09,6.95,0.01,23,15985,买盘
1943,11:23:06,6.94,--,50,34700,卖盘
1944,11:23:03,6.94,--,2,1388,卖盘
1945,11:23:00,6.94,--,6,4164,卖盘
1946,11:22:57,6.94,--,1,694,卖盘
1947,11:22:51,6.94,--,37,25678,卖盘
1948,11:22:42,6.94,-0.01,282,195708,卖盘
1949,11:22:39,6.95,--,115,79925,买盘
1950,11:22:36,6.95,0.01,5,3475,买盘
1951,11:22:27,6.94,--,97,67318,卖盘
1952,11:22:24,6.94,--,171,118674,卖盘
1953,11:22:21,6.94,--,303,210282,卖盘
1954,11:22:18,6.94,-0.01,1,694,卖盘
1955,11:22:15,6.95,--,2,1390,买盘
1956,11:22:09,6.95,--,1,695,买盘
1957,11:22:03,6.95,--,1,695,买盘
1958,11:21:51,6.95,--,37,25715,买盘
1959,11:21:48,6.95,0.01,10,6950,买盘
1960,11:21:45,6.94,--,1,694,卖盘
1961,11:21:42,6.94,-0.01,135,93690,卖盘
1962,11:21:39,6.95,--,1,695,买盘
1963,11:21:36,6.95,0.01,50,34750,买盘
1964,11:21:30,6.94,-0.01,252,174888,卖盘
1965,11:21:27,6.95,--,52,36140,买盘
1966,11:21:24,6.95,--,83,57685,买盘
1967,11:21:21,6.95,0.01,175,121625,买盘
1968,11:21:18,6.94,--,2,1388,卖盘
1969,11:21:09,6.94,-0.01,16,11659,卖盘
1970,11:21:06,6.95,--,41,28495,买盘
1971,11:20:54,6.95,--,4,2780,买盘
1972,11:20:51,6.95,0.01,30,20850,买盘
1973,11:20:48,6.94,-0.01,19,13186,卖盘
1974,11:20:45,6.95,--,207,143865,买盘
1975,11:20:42,6.95,--,2,1390,买盘
1976,11:20:30,6.95,--,1,695,买盘
1977,11:20:27,6.95,--,505,350975,买盘
1978,11:20:24,6.95,--,69,47955,买盘
1979,11:20:21,6.95,--,269,186955,买盘
1980,11:20:18,6.95,--,2,1390,买盘
1981,11:20:15,6.95,0.01,5,3475,买盘
1982,11:20:12,6.94,-0.01,2,1388,卖盘
1983,11:20:09,6.95,--,15,10425,买盘
1984,11:20:06,6.95,--,19,13205,买盘
1985,11:19:57,6.95,0.01,1,695,买盘
1986,11:19:54,6.94,-0.01,100,69400,卖盘
1987,11:19:51,6.95,--,30,20850,买盘
1988,11:19:48,6.95,--,10,6950,买盘
1989,11:19:45,6.95,--,1,695,买盘
1990,11:19:33,6.95,0.01,1,695,买盘
1991,11:19:27,6.94,-0.01,2,1388,卖盘
1992,11:19:24,6.95,--,79,54905,买盘
1993,11:19:21,6.95,--,170,118150,买盘
1994,11:19:15,6.95,--,27,18765,买盘
1995,11:19:09,6.95,0.01,116,80620,买盘
1996,11:19:03,6.94,-0.01,11,7634,卖盘
1997,11:18:57,6.95,--,10,6950,买盘
1998,11:18:54,6.95,--,1221,848595,买盘
1999,11:18:51,6.95,--,41,28495,买盘
2000,11:18:45,6.95,0.01,501,348195,买盘
2001,11:18:42,6.94,-0.01,134,92996,卖盘
2002,11:18:36,6.95,--,236,164020,买盘
2003,11:18:30,6.95,--,15,10425,买盘
2004,11:18:27,6.95,0.01,1,695,买盘
2005,11:18:24,6.94,-0.01,422,292868,卖盘
2006,11:18:21,6.95,--,31,21545,买盘
2007,11:18:18,6.95,--,185,128575,买盘
2008,11:18:15,6.95,--,609,423255,买盘
2009,11:18:09,6.95,--,193,134135,买盘
2010,11:18:06,6.95,--,5,3475,买盘
2011,11:17:57,6.95,0.01,23,15985,买盘
2012,11:17:51,6.94,-0.01,80,55520,卖盘
2013,11:17:45,6.95,--,4,2780,买盘
2014,11:17:42,6.95,0.01,10,6950,买盘
2015,11:17:33,6.94,--,184,127696,卖盘
2016,11:17:30,6.94,--,23,15962,卖盘
2017,11:17:27,6.94,-0.01,16,11104,卖盘
2018,11:17:24,6.95,0.01,6,4170,买盘
2019,11:17:21,6.94,-0.01,9,6246,卖盘
2020,11:17:18,6.95,--,41,28495,买盘
2021,11:17:15,6.95,0.01,1,695,买盘
2022,11:17:12,6.94,-0.01,34,23596,卖盘
2023,11:17:06,6.95,0.01,171,118845,买盘
2024,11:17:03,6.94,-0.01,29,20126,卖盘
2025,11:17:00,6.95,0.01,104,72280,买盘
2026,11:16:57,6.94,--,1,694,卖盘
2027,11:16:51,6.94,-0.01,5,3470,卖盘
2028,11:16:48,6.95,--,4,2780,买盘
2029,11:16:45,6.95,--,14,9730,买盘
2030,11:16:39,6.95,--,171,118845,买盘
2031,11:16:36,6.95,0.01,24,16680,买盘
2032,11:16:33,6.94,-0.01,3,2082,卖盘
2033,11:16:30,6.95,0.01,177,123015,买盘
2034,11:16:27,6.94,--,18,12492,卖盘
2035,11:16:24,6.94,-0.01,1,694,卖盘
2036,11:16:18,6.95,0.01,6,4170,买盘
2037,11:16:15,6.94,-0.01,111,77034,卖盘
2038,11:16:12,6.95,--,9,6255,买盘
2039,11:16:06,6.95,--,14,9730,买盘
2040,11:16:03,6.95,--,103,71585,买盘
2041,11:15:57,6.95,--,29,20155,买盘
2042,11:15:54,6.95,--,4,2780,买盘
2043,11:15:45,6.95,0.01,4,2780,买盘
2044,11:15:42,6.94,--,27,18738,卖盘
2045,11:15:39,6.94,--,57,39558,卖盘
2046,11:15:36,6.94,-0.01,6,4164,卖盘
2047,11:15:33,6.95,--,1811,1258645,买盘
2048,11:15:27,6.95,0.01,131,91045,买盘
2049,11:15:24,6.94,-0.01,11,7634,卖盘
2050,11:15:21,6.95,--,184,127880,买盘
2051,11:15:18,6.95,--,3,2085,买盘
2052,11:15:15,6.95,--,5,3475,买盘
2053,11:15:12,6.95,--,63,43785,买盘
2054,11:15:09,6.95,--,8,5560,买盘
2055,11:15:03,6.95,--,1,695,买盘
2056,11:15:00,6.95,--,91,63245,买盘
2057,11:14:51,6.95,--,7,4865,买盘
2058,11:14:48,6.95,--,5,3475,买盘
2059,11:14:39,6.95,--,4,2780,买盘
2060,11:14:36,6.95,--,157,109115,买盘
2061,11:14:30,6.95,--,97,67415,买盘
2062,11:14:27,6.95,--,134,93130,买盘
2063,11:14:24,6.95,--,112,77840,买盘
2064,11:14:21,6.95,--,36,25020,买盘
2065,11:14:18,6.95,--,132,91740,买盘
2066,11:14:15,6.95,--,4,2780,买盘
2067,11:14:09,6.95,--,113,78535,买盘
2068,11:14:06,6.95,--,33,22935,买盘
2069,11:14:00,6.95,0.01,51,35445,买盘
2070,11:13:57,6.94,-0.01,214,148516,卖盘
2071,11:13:54,6.95,--,16,11120,买盘
2072,11:13:42,6.95,--,5,3475,买盘
2073,11:13:39,6.95,0.01,107,74365,买盘
2074,11:13:36,6.94,-0.01,3,2082,卖盘
2075,11:13:33,6.95,0.01,4,2780,买盘
2076,11:13:30,6.94,-0.01,75,52050,卖盘
2077,11:13:27,6.95,0.01,124,86180,买盘
2078,11:13:24,6.94,-0.01,101,70094,卖盘
2079,11:13:21,6.95,0.01,5,3475,买盘
2080,11:13:18,6.94,-0.01,4,2776,卖盘
2081,11:13:15,6.95,0.01,57,39615,买盘
2082,11:13:12,6.94,-0.01,13,9022,卖盘
2083,11:13:09,6.95,--,657,456615,买盘
2084,11:13:00,6.95,0.01,5,3475,买盘
2085,11:12:57,6.94,0.01,819,568386,买盘
2086,11:12:54,6.93,-0.01,40,27720,卖盘
2087,11:12:48,6.94,--,1782,1236708,买盘
2088,11:12:42,6.94,--,11,7634,买盘
2089,11:12:36,6.94,0.01,20,13880,买盘
2090,11:12:33,6.93,-0.01,20,13860,卖盘
2091,11:12:30,6.94,--,81,56214,买盘
2092,11:12:27,6.94,--,4,2776,买盘
2093,11:12:24,6.94,--,55,38170,买盘
2094,11:12:21,6.94,--,122,84668,买盘
2095,11:12:18,6.94,--,265,183910,买盘
2096,11:12:15,6.94,0.01,8,5552,买盘
2097,11:12:12,6.93,-0.01,1,693,卖盘
2098,11:12:09,6.94,--,5,3470,买盘
2099,11:12:06,6.94,--,5,3470,买盘
2100,11:12:03,6.94,--,4,2776,买盘
2101,11:12:00,6.94,--,10,6940,买盘
2102,11:11:51,6.94,--,1004,696776,买盘
2103,11:11:48,6.94,0.01,29,20126,买盘
2104,11:11:45,6.93,-0.01,5,3465,卖盘
2105,11:11:42,6.94,0.01,5,3470,买盘
2106,11:11:36,6.93,--,2,1386,卖盘
2107,11:11:33,6.93,-0.01,51,35343,卖盘
2108,11:11:30,6.94,--,4,2776,买盘
2109,11:11:27,6.94,0.01,52,36088,买盘
2110,11:11:24,6.93,-0.01,86,59598,卖盘
2111,11:11:21,6.94,--,125,86750,买盘
2112,11:11:18,6.94,--,15,10410,买盘
2113,11:11:15,6.94,--,50,34700,买盘
2114,11:11:09,6.94,--,7,4858,买盘
2115,11:11:00,6.94,0.01,5,3470,买盘
2116,11:10:57,6.93,-0.01,17,11781,卖盘
2117,11:10:54,6.94,0.01,1,694,买盘
2118,11:10:51,6.93,-0.01,5,3465,卖盘
2119,11:10:48,6.94,--,130,90220,买盘
2120,11:10:45,6.94,--,174,120756,买盘
2121,11:10:36,6.94,--,8,5552,买盘
2122,11:10:30,6.94,--,86,59684,买盘
2123,11:10:27,6.94,--,71,49274,买盘
2124,11:10:24,6.94,--,37,25678,买盘
2125,11:10:21,6.94,--,58,40252,买盘
2126,11:10:18,6.94,--,118,81892,买盘
2127,11:10:15,6.94,--,5,3470,买盘
2128,11:10:12,6.94,--,50,34700,买盘
2129,11:10:03,6.94,--,5,3470,买盘
2130,11:10:00,6.94,--,29,20126,买盘
2131,11:09:57,6.94,--,4,2776,买盘
2132,11:09:51,6.94,--,172,119368,买盘
2133,11:09:42,6.94,--,162,112428,买盘
2134,11:09:39,6.94,--,4,2776,买盘
2135,11:09:33,6.94,--,3,2082,买盘
2136,11:09:27,6.94,-0.01,1596,1107624,卖盘
2137,11:09:24,6.95,0.01,64,44480,买盘
2138,11:09:21,6.94,-0.01,99,68706,卖盘
2139,11:09:18,6.95,0.01,133,92435,买盘
2140,11:09:12,6.94,-0.01,22,15268,卖盘
2141,11:09:09,6.95,--,119,82705,买盘
2142,11:09:06,6.95,0.01,30,20850,买盘
2143,11:09:03,6.94,--,5,3470,卖盘
2144,11:09:00,6.94,--,1,694,卖盘
2145,11:08:57,6.94,--,15,10410,卖盘
2146,11:08:54,6.94,--,442,306748,卖盘
2147,11:08:51,6.94,-0.01,110,76340,卖盘
2148,11:08:48,6.95,0.01,59,41005,买盘
2149,11:08:45,6.94,-0.01,147,102018,卖盘
2150,11:08:39,6.95,0.01,1,695,买盘
2151,11:08:36,6.94,-0.01,6,4164,卖盘
2152,11:08:24,6.95,0.01,78,54210,买盘
2153,11:08:21,6.94,-0.01,2,1388,卖盘
2154,11:08:18,6.95,--,1,695,买盘
2155,11:08:15,6.95,0.01,610,423950,买盘
2156,11:08:09,6.94,-0.01,473,328262,卖盘
2157,11:08:06,6.95,0.01,29,20155,买盘
2158,11:08:03,6.94,-0.01,20,13880,卖盘
2159,11:08:00,6.95,--,64,44480,买盘
2160,11:07:45,6.95,0.01,100,69500,买盘
2161,11:07:39,6.94,-0.01,135,93690,卖盘
2162,11:07:33,6.95,--,22,15290,买盘
2163,11:07:30,6.95,0.01,93,64635,买盘
2164,11:07:24,6.94,-0.01,518,359492,卖盘
2165,11:07:21,6.95,0.01,52,36140,买盘
2166,11:07:18,6.94,-0.01,121,83974,卖盘
2167,11:07:15,6.95,0.01,127,88265,买盘
2168,11:07:06,6.94,--,10,6940,卖盘
2169,11:07:03,6.94,--,1,694,卖盘
2170,11:07:00,6.94,-0.01,100,69400,卖盘
2171,11:06:54,6.95,--,29,20155,买盘
2172,11:06:48,6.95,0.01,6,4170,买盘
2173,11:06:42,6.94,-0.01,3,2082,卖盘
2174,11:06:39,6.95,0.01,600,417000,买盘
2175,11:06:36,6.94,--,50,34700,卖盘
2176,11:06:30,6.94,--,1,694,卖盘
2177,11:06:27,6.94,--,10,6940,卖盘
2178,11:06:21,6.94,--,85,58990,卖盘
2179,11:06:18,6.94,-0.01,126,87444,卖盘
2180,11:06:09,6.95,0.01,108,75060,买盘
2181,11:06:06,6.94,0.01,616,428156,买盘
2182,11:06:00,6.93,-0.01,172,119196,卖盘
2183,11:05:57,6.94,--,31,21514,买盘
2184,11:05:54,6.94,--,126,87444,买盘
2185,11:05:48,6.94,--,757,525358,买盘
2186,11:05:45,6.94,--,10,6940,买盘
2187,11:05:39,6.94,--,194,134636,买盘
2188,11:05:36,6.94,--,24,16656,买盘
2189,11:05:30,6.94,--,1,694,买盘
2190,11:05:27,6.94,0.01,373,258862,买盘
2191,11:05:24,6.93,-0.01,2,1386,卖盘
2192,11:05:21,6.94,--,250,173500,买盘
2193,11:05:18,6.94,--,59,40946,买盘
2194,11:05:15,6.94,--,131,90914,买盘
2195,11:05:12,6.94,--,15,10410,买盘
2196,11:05:09,6.94,--,458,317852,买盘
2197,11:05:03,6.94,--,4,2776,买盘
2198,11:05:00,6.94,--,166,115204,买盘
2199,11:04:54,6.94,--,4,2776,买盘
2200,11:04:51,6.94,--,15,10410,买盘
2201,11:04:48,6.94,--,4,2776,买盘
2202,11:04:45,6.94,--,15,10410,买盘
2203,11:04:42,6.94,--,4,2776,买盘
2204,11:04:39,6.94,0.01,100,69400,买盘
2205,11:04:36,6.93,--,188,130284,卖盘
2206,11:04:33,6.93,-0.01,30,20790,卖盘
2207,11:04:30,6.94,0.01,272,188768,买盘
2208,11:04:27,6.93,-0.01,135,93555,卖盘
2209,11:04:24,6.94,--,10,6940,买盘
2210,11:04:21,6.94,--,5,3470,买盘
2211,11:04:18,6.94,--,50,34700,买盘
2212,11:04:15,6.94,0.01,120,83280,买盘
2213,11:04:12,6.93,-0.01,169,117117,卖盘
2214,11:04:09,6.94,--,4,2776,买盘
2215,11:04:06,6.94,--,239,165866,买盘
2216,11:04:03,6.94,--,68,47192,买盘
2217,11:03:57,6.94,--,5,3470,买盘
2218,11:03:54,6.94,--,89,61766,买盘
2219,11:03:51,6.94,--,30,20820,买盘
2220,11:03:45,6.94,0.01,4,2776,买盘
2221,11:03:36,6.93,--,104,72072,卖盘
2222,11:03:33,6.93,--,2,1386,卖盘
2223,11:03:30,6.93,--,1,693,卖盘
2224,11:03:27,6.93,-0.01,124,85932,卖盘
2225,11:03:24,6.94,--,6,4164,买盘
2226,11:03:21,6.94,0.01,1,694,买盘
2227,11:03:18,6.93,-0.01,41,28413,卖盘
2228,11:03:15,6.94,0.01,179,124226,买盘
2229,11:03:12,6.93,-0.01,38,26334,卖盘
2230,11:03:09,6.94,--,133,92302,买盘
2231,11:03:03,6.94,0.01,254,176276,买盘
2232,11:03:00,6.93,--,10,6930,卖盘
2233,11:02:57,6.93,-0.01,90,62370,卖盘
2234,11:02:54,6.94,--,8,5552,买盘
2235,11:02:51,6.94,--,84,58296,买盘
2236,11:02:48,6.94,0.01,73,50662,买盘
2237,11:02:42,6.93,-0.01,5,3465,卖盘
2238,11:02:39,6.94,0.01,6,4164,买盘
2239,11:02:36,6.93,--,100,69300,卖盘
2240,11:02:30,6.93,--,11,7623,卖盘
2241,11:02:27,6.93,--,15,10395,卖盘
2242,11:02:21,6.93,--,2,1386,卖盘
2243,11:02:18,6.93,-0.01,66,45738,卖盘
2244,11:02:15,6.94,--,15,10410,买盘
2245,11:02:09,6.94,0.01,240,166560,买盘
2246,11:02:06,6.93,-0.01,1,693,卖盘
2247,11:02:03,6.94,0.01,16,11104,买盘
2248,11:02:00,6.93,-0.01,50,34650,卖盘
2249,11:01:57,6.94,--,8,5552,买盘
2250,11:01:51,6.94,--,129,89526,买盘
2251,11:01:48,6.94,--,10,6940,买盘
2252,11:01:45,6.94,0.01,3,2082,买盘
2253,11:01:42,6.93,--,10,6930,卖盘
2254,11:01:39,6.93,-0.01,48,33264,卖盘
2255,11:01:33,6.94,0.01,6,4164,买盘
2256,11:01:27,6.93,-0.01,141,97713,卖盘
2257,11:01:24,6.94,0.01,4,2776,买盘
2258,11:01:21,6.93,-0.01,2,1386,卖盘
2259,11:01:18,6.94,-0.01,6,4205,卖盘
2260,11:01:12,6.95,--,144,100080,买盘
2261,11:01:09,6.95,0.01,172,119540,买盘
2262,11:01:06,6.94,--,46,31924,卖盘
2263,11:01:03,6.94,-0.01,26,18044,卖盘
2264,11:01:00,6.95,0.01,25,17375,买盘
2265,11:00:57,6.94,--,90,62460,卖盘
2266,11:00:54,6.94,--,16,11104,卖盘
2267,11:00:51,6.94,--,733,509354,卖盘
2268,11:00:48,6.94,--,52,36088,卖盘
2269,11:00:45,6.94,--,1,694,卖盘
2270,11:00:42,6.94,--,46,31924,卖盘
2271,11:00:39,6.94,--,111,77034,卖盘
2272,11:00:36,6.94,--,1,694,卖盘
2273,11:00:33,6.94,-0.01,26,18044,卖盘
2274,11:00:27,6.95,0.01,342,237690,买盘
2275,11:00:21,6.94,-0.01,35,24290,卖盘
2276,11:00:18,6.95,0.01,1011,702645,买盘
2277,11:00:15,6.94,--,85,58990,卖盘
2278,11:00:12,6.94,--,420,291480,卖盘
2279,11:00:09,6.94,-0.01,10,6940,卖盘
2280,11:00:06,6.95,--,147,102165,买盘
2281,11:00:03,6.95,0.01,29,20155,买盘
2282,11:00:00,6.94,-0.01,65,45110,卖盘
2283,10:59:57,6.95,--,3,2085,买盘
2284,10:59:54,6.95,--,4,2780,买盘
2285,10:59:51,6.95,0.01,45,31275,买盘
2286,10:59:45,6.94,--,12,8328,卖盘
2287,10:59:36,6.94,-0.01,25,17350,卖盘
2288,10:59:33,6.95,--,158,109810,买盘
2289,10:59:27,6.95,--,73,50735,买盘
2290,10:59:24,6.95,--,5,3475,买盘
2291,10:59:21,6.95,0.01,1,695,买盘
2292,10:59:18,6.94,--,43,29842,卖盘
2293,10:59:15,6.94,-0.01,501,347694,卖盘
2294,10:59:12,6.95,--,5,3475,买盘
2295,10:59:09,6.95,--,188,130660,买盘
2296,10:59:03,6.95,--,50,34750,买盘
2297,10:59:00,6.95,--,4,2780,买盘
2298,10:58:54,6.95,--,32,22240,买盘
2299,10:58:51,6.95,-0.01,55,38225,卖盘
2300,10:58:48,6.96,0.01,5,3480,买盘
2301,10:58:45,6.95,--,49,34055,卖盘
2302,10:58:42,6.95,--,4,2780,卖盘
2303,10:58:39,6.95,--,55,38225,卖盘
2304,10:58:36,6.95,--,29,20155,卖盘
2305,10:58:33,6.95,-0.01,20,13900,卖盘
2306,10:58:30,6.96,--,231,160776,买盘
2307,10:58:27,6.96,0.01,143,99528,买盘
2308,10:58:24,6.95,-0.01,40,27800,卖盘
2309,10:58:21,6.96,--,10,6960,买盘
2310,10:58:15,6.96,--,159,110664,买盘
2311,10:58:12,6.96,--,190,132240,买盘
2312,10:58:09,6.96,0.01,255,177480,买盘
2313,10:58:06,6.95,--,23,15985,卖盘
2314,10:58:03,6.95,--,227,157765,卖盘
2315,10:58:00,6.95,-0.01,20,13900,卖盘
2316,10:57:57,6.96,0.01,38,26448,买盘
2317,10:57:54,6.95,--,88,61160,卖盘
2318,10:57:51,6.95,-0.01,27,18765,卖盘
2319,10:57:48,6.96,0.01,103,71688,买盘
2320,10:57:45,6.95,--,75,52125,卖盘
2321,10:57:42,6.95,-0.01,34,23630,卖盘
2322,10:57:36,6.96,0.01,5,3480,买盘
2323,10:57:33,6.95,--,490,340550,卖盘
2324,10:57:30,6.95,-0.01,25,17375,卖盘
2325,10:57:24,6.96,--,4,2784,买盘
2326,10:57:21,6.96,0.01,91,63336,买盘
2327,10:57:15,6.95,--,108,75060,卖盘
2328,10:57:12,6.95,-0.01,98,68110,卖盘
2329,10:57:06,6.96,--,221,153816,买盘
2330,10:57:03,6.96,0.01,55,38280,买盘
2331,10:57:00,6.95,--,110,76450,卖盘
2332,10:56:57,6.95,--,121,84095,卖盘
2333,10:56:54,6.95,--,43,29885,卖盘
2334,10:56:45,6.95,--,40,27800,卖盘
2335,10:56:39,6.95,-0.01,43,29885,卖盘
2336,10:56:36,6.96,0.01,1,696,买盘
2337,10:56:33,6.95,--,600,417000,卖盘
2338,10:56:30,6.95,--,7,4865,卖盘
2339,10:56:27,6.95,--,35,24325,卖盘
2340,10:56:24,6.95,--,1,695,卖盘
2341,10:56:21,6.95,-0.01,317,220315,卖盘
2342,10:56:18,6.96,--,2,1392,买盘
2343,10:56:15,6.96,--,4,2784,买盘
2344,10:56:09,6.96,--,1,696,买盘
2345,10:56:06,6.96,--,260,180960,买盘
2346,10:56:03,6.96,0.01,167,116232,买盘
2347,10:56:00,6.95,-0.01,141,97995,卖盘
2348,10:55:57,6.96,--,157,109272,买盘
2349,10:55:54,6.96,--,69,48024,买盘
2350,10:55:51,6.96,--,20,13920,买盘
2351,10:55:33,6.96,0.01,1,696,买盘
2352,10:55:30,6.95,-0.01,1,695,卖盘
2353,10:55:27,6.96,--,140,97440,买盘
2354,10:55:24,6.96,--,5,3480,买盘
2355,10:55:21,6.96,--,1,696,买盘
2356,10:55:18,6.96,--,21,14616,买盘
2357,10:55:15,6.96,--,5,3480,买盘
2358,10:55:06,6.96,--,29,20184,买盘
2359,10:55:03,6.96,--,66,45936,买盘
2360,10:55:00,6.96,0.01,131,91176,买盘
2361,10:54:57,6.95,--,20,13900,卖盘
2362,10:54:54,6.95,--,8,5560,卖盘
2363,10:54:51,6.95,--,113,78535,卖盘
2364,10:54:48,6.95,--,50,34750,卖盘
2365,10:54:42,6.95,-0.01,70,48650,卖盘
2366,10:54:39,6.96,0.01,46,32016,买盘
2367,10:54:36,6.95,--,4,2780,卖盘
2368,10:54:33,6.95,--,91,63245,卖盘
2369,10:54:30,6.95,--,10,6950,卖盘
2370,10:54:27,6.95,--,53,36835,卖盘
2371,10:54:24,6.95,--,1,695,卖盘
2372,10:54:21,6.95,--,8,5560,卖盘
2373,10:54:18,6.95,-0.01,20,13900,卖盘
2374,10:54:15,6.96,0.01,2,1392,买盘
2375,10:54:09,6.95,--,10,6950,卖盘
2376,10:54:06,6.95,-0.01,193,134135,卖盘
2377,10:54:00,6.96,0.01,197,137112,买盘
2378,10:53:57,6.95,--,14,9730,卖盘
2379,10:53:51,6.95,--,59,41005,卖盘
2380,10:53:42,6.95,--,95,66025,卖盘
2381,10:53:39,6.95,--,20,13900,卖盘
2382,10:53:33,6.95,-0.01,256,177920,卖盘
2383,10:53:30,6.96,0.01,82,57072,买盘
2384,10:53:27,6.95,--,30,20850,卖盘
2385,10:53:24,6.95,--,212,147340,卖盘
2386,10:53:21,6.95,--,50,34750,卖盘
2387,10:53:18,6.95,-0.01,9,6255,卖盘
2388,10:53:15,6.96,--,1,696,买盘
2389,10:53:12,6.96,--,1,696,买盘
2390,10:53:09,6.96,0.01,78,54288,买盘
2391,10:53:06,6.95,--,14,9730,卖盘
2392,10:53:00,6.95,-0.01,4,2780,卖盘
2393,10:52:57,6.96,--,128,89088,买盘
2394,10:52:54,6.96,0.01,8,5568,买盘
2395,10:52:48,6.95,-0.01,98,68110,卖盘
2396,10:52:42,6.96,0.01,118,82128,买盘
2397,10:52:39,6.95,--,18,12510,卖盘
2398,10:52:33,6.95,-0.01,40,27800,卖盘
2399,10:52:30,6.96,0.01,6,4176,买盘
2400,10:52:27,6.95,-0.01,2,1390,卖盘
2401,10:52:24,6.96,0.01,16,11136,买盘
2402,10:52:21,6.95,--,14,9730,卖盘
2403,10:52:18,6.95,-0.01,31,21545,卖盘
2404,10:52:15,6.96,0.01,3,2088,买盘
2405,10:52:12,6.95,--,167,116065,卖盘
2406,10:52:09,6.95,-0.01,36,25020,卖盘
2407,10:52:06,6.96,0.01,29,20184,买盘
2408,10:52:03,6.95,--,460,319700,卖盘
2409,10:52:00,6.95,--,405,281475,卖盘
2410,10:51:57,6.95,--,359,249505,卖盘
2411,10:51:54,6.95,--,657,456615,卖盘
2412,10:51:51,6.95,--,50,34750,卖盘
2413,10:51:48,6.95,--,14,9730,卖盘
2414,10:51:45,6.95,--,15,10425,卖盘
2415,10:51:42,6.95,-0.01,14,9730,卖盘
2416,10:51:30,6.96,--,67,46632,买盘
2417,10:51:24,6.96,--,20,13920,买盘
2418,10:51:21,6.96,--,21,14616,买盘
2419,10:51:18,6.96,--,31,21576,买盘
2420,10:51:15,6.96,0.01,30,20880,买盘
2421,10:51:12,6.95,--,30,20850,卖盘
2422,10:51:03,6.95,--,2,1390,卖盘
2423,10:51:00,6.95,-0.01,162,112590,卖盘
2424,10:50:57,6.96,0.01,267,185832,买盘
2425,10:50:54,6.95,--,39,27105,卖盘
2426,10:50:51,6.95,--,145,100775,卖盘
2427,10:50:45,6.95,--,10,6950,卖盘
2428,10:50:42,6.95,--,5,3475,卖盘
2429,10:50:39,6.95,--,106,73670,卖盘
2430,10:50:36,6.95,--,10,6950,卖盘
2431,10:50:33,6.95,--,8,5560,卖盘
2432,10:50:24,6.95,-0.01,101,70195,卖盘
2433,10:50:21,6.96,0.01,79,54984,买盘
2434,10:50:18,6.95,--,305,211975,卖盘
2435,10:50:15,6.95,--,17,11815,卖盘
2436,10:50:12,6.95,--,113,78535,卖盘
2437,10:50:09,6.95,--,16,11120,卖盘
2438,10:50:06,6.95,-0.01,153,106335,卖盘
2439,10:50:03,6.96,--,36,25056,买盘
2440,10:49:57,6.96,0.01,178,123888,买盘
2441,10:49:54,6.95,--,11,7645,卖盘
2442,10:49:51,6.95,--,64,44480,卖盘
2443,10:49:48,6.95,--,512,355840,卖盘
2444,10:49:45,6.95,--,247,171665,卖盘
2445,10:49:42,6.95,--,1,695,卖盘
2446,10:49:39,6.95,--,218,151510,卖盘
2447,10:49:33,6.95,-0.01,6,4170,卖盘
2448,10:49:30,6.96,0.01,34,23664,买盘
2449,10:49:27,6.95,--,70,48650,卖盘
2450,10:49:21,6.95,-0.01,2,1390,卖盘
2451,10:49:18,6.96,--,2,1392,买盘
2452,10:49:15,6.96,0.01,29,20184,买盘
2453,10:49:06,6.95,-0.01,16,11120,卖盘
2454,10:49:03,6.96,--,15,10440,买盘
2455,10:49:00,6.96,--,74,51504,买盘
2456,10:48:54,6.96,0.01,116,80736,买盘
2457,10:48:51,6.95,--,2,1390,卖盘
2458,10:48:48,6.95,-0.01,1,695,卖盘
2459,10:48:45,6.96,--,2,1392,买盘
2460,10:48:39,6.96,0.01,940,654240,买盘
2461,10:48:36,6.95,-0.01,10,6950,卖盘
2462,10:48:33,6.96,--,210,146160,买盘
2463,10:48:27,6.96,0.01,14,9744,买盘
2464,10:48:24,6.95,-0.01,14,9730,卖盘
2465,10:48:21,6.96,--,33,22968,买盘
2466,10:48:18,6.96,--,3,2088,买盘
2467,10:48:12,6.96,--,11,7656,买盘
2468,10:48:09,6.96,--,103,71688,买盘
2469,10:48:06,6.96,--,14,9744,买盘
2470,10:48:03,6.96,--,1,696,买盘
2471,10:48:00,6.96,--,1,696,买盘
2472,10:47:57,6.96,--,72,50112,买盘
2473,10:47:54,6.96,--,113,78648,买盘
2474,10:47:51,6.96,--,1,696,买盘
2475,10:47:48,6.96,--,123,85608,买盘
2476,10:47:45,6.96,--,1,696,买盘
2477,10:47:42,6.96,--,4,2784,买盘
2478,10:47:39,6.96,--,87,60552,买盘
2479,10:47:36,6.96,0.01,1,696,买盘
2480,10:47:33,6.95,--,65,45175,卖盘
2481,10:47:30,6.95,-0.01,18,12510,卖盘
2482,10:47:27,6.96,--,32,22272,买盘
2483,10:47:24,6.96,--,1152,801792,买盘
2484,10:47:21,6.96,--,120,83520,买盘
2485,10:47:18,6.96,--,1003,698088,买盘
2486,10:47:15,6.96,--,1,696,买盘
2487,10:47:12,6.96,--,1,696,买盘
2488,10:47:09,6.96,--,15,10440,买盘
2489,10:47:06,6.96,--,1,696,买盘
2490,10:47:03,6.96,--,15,10440,买盘
2491,10:47:00,6.96,--,45,31320,买盘
2492,10:46:57,6.96,--,18,12528,买盘
2493,10:46:54,6.96,0.01,178,123888,买盘
2494,10:46:51,6.95,-0.01,205,142475,卖盘
2495,10:46:48,6.96,--,5,3480,买盘
2496,10:46:45,6.96,--,1,696,买盘
2497,10:46:42,6.96,--,15,10440,买盘
2498,10:46:39,6.96,--,26,18096,买盘
2499,10:46:36,6.96,0.01,15,10440,买盘
2500,10:46:33,6.95,-0.01,7,4865,卖盘
2501,10:46:30,6.96,--,1,696,买盘
2502,10:46:27,6.96,--,5,3480,买盘
2503,10:46:24,6.96,--,30,20880,买盘
2504,10:46:21,6.96,--,12,8352,买盘
2505,10:46:18,6.96,--,88,61248,买盘
2506,10:46:15,6.96,--,327,227592,买盘
2507,10:46:12,6.96,0.01,2,1392,买盘
2508,10:46:09,6.95,-0.01,5,3475,卖盘
2509,10:46:06,6.96,--,1,696,买盘
2510,10:46:03,6.96,--,6,4176,买盘
2511,10:46:00,6.96,--,1,696,买盘
2512,10:45:57,6.96,0.01,13,9048,买盘
2513,10:45:54,6.95,-0.01,102,70890,卖盘
2514,10:45:51,6.96,--,158,109968,买盘
2515,10:45:48,6.96,--,6,4176,买盘
2516,10:45:45,6.96,--,1,696,买盘
2517,10:45:42,6.96,--,4,2784,买盘
2518,10:45:39,6.96,--,12,8352,买盘
2519,10:45:36,6.96,--,1,696,买盘
2520,10:45:33,6.96,--,20,13920,买盘
2521,10:45:30,6.96,--,8,5568,买盘
2522,10:45:27,6.96,--,124,86582,买盘
2523,10:45:24,6.96,--,1,696,买盘
2524,10:45:21,6.96,--,32,22272,买盘
2525,10:45:18,6.96,--,6,4176,买盘
2526,10:45:15,6.96,0.01,44,30624,买盘
2527,10:45:12,6.95,-0.01,11,7645,卖盘
2528,10:45:09,6.96,--,18,12528,买盘
2529,10:45:06,6.96,--,346,240816,买盘
2530,10:45:03,6.96,--,9,6264,买盘
2531,10:45:00,6.96,--,11,7656,买盘
2532,10:44:57,6.96,--,32,22272,买盘
2533,10:44:54,6.96,--,92,64032,买盘
2534,10:44:51,6.96,--,79,54984,买盘
2535,10:44:48,6.96,--,126,87696,买盘
2536,10:44:45,6.96,--,351,244296,买盘
2537,10:44:42,6.96,--,1,696,买盘
2538,10:44:39,6.96,--,31,21576,买盘
2539,10:44:36,6.96,--,80,55680,买盘
2540,10:44:33,6.96,--,4,2784,买盘
2541,10:44:30,6.96,--,16,11136,买盘
2542,10:44:27,6.96,--,113,78648,买盘
2543,10:44:24,6.96,--,43,29928,买盘
2544,10:44:21,6.96,--,3,2088,买盘
2545,10:44:15,6.96,--,1503,1046088,买盘
2546,10:44:12,6.96,--,4,2784,买盘
2547,10:44:09,6.96,--,8,5568,买盘
2548,10:44:06,6.96,--,81,56376,买盘
2549,10:44:03,6.96,--,216,150336,买盘
2550,10:44:00,6.96,--,1,696,买盘
2551,10:43:57,6.96,--,58,40368,买盘
2552,10:43:54,6.96,--,3,2088,买盘
2553,10:43:51,6.96,--,330,229680,买盘
2554,10:43:48,6.96,--,1,696,买盘
2555,10:43:45,6.96,0.01,154,107184,买盘
2556,10:43:42,6.95,-0.01,405,281475,卖盘
2557,10:43:39,6.96,--,4,2784,买盘
2558,10:43:36,6.96,--,9,6264,买盘
2559,10:43:33,6.96,--,94,65424,买盘
2560,10:43:30,6.96,--,4,2784,买盘
2561,10:43:27,6.96,--,64,44544,买盘
2562,10:43:24,6.96,--,12,8352,买盘
2563,10:43:21,6.96,--,17,11832,买盘
2564,10:43:18,6.96,--,42,29232,买盘
2565,10:43:15,6.96,--,1502,1045392,买盘
2566,10:43:12,6.96,0.01,7,4872,买盘
2567,10:43:09,6.95,-0.01,30,20850,卖盘
2568,10:43:06,6.96,--,730,508080,买盘
2569,10:43:03,6.96,--,165,114840,买盘
2570,10:43:00,6.96,0.01,363,252648,买盘
2571,10:42:57,6.95,-0.01,5,3475,卖盘
2572,10:42:54,6.96,--,70,48720,买盘
2573,10:42:51,6.96,--,1117,777432,买盘
2574,10:42:48,6.96,0.01,2,1392,买盘
2575,10:42:45,6.95,-0.01,1030,715850,卖盘
2576,10:42:42,6.96,0.01,26,18096,买盘
2577,10:42:39,6.95,-0.01,11,7645,卖盘
2578,10:42:33,6.96,0.01,20,13920,买盘
2579,10:42:30,6.95,--,10,6950,卖盘
2580,10:42:27,6.95,--,36,25020,卖盘
2581,10:42:24,6.95,--,52,36140,卖盘
2582,10:42:21,6.95,-0.01,75,52125,卖盘
2583,10:42:18,6.96,--,23,16008,买盘
2584,10:42:15,6.96,--,1,696,买盘
2585,10:42:12,6.96,--,6,4176,买盘
2586,10:42:09,6.96,--,4,2784,买盘
2587,10:42:06,6.96,--,2,1392,买盘
2588,10:42:00,6.96,0.01,33,22968,买盘
2589,10:41:54,6.95,-0.01,153,106335,卖盘
2590,10:41:51,6.96,--,3,2088,买盘
2591,10:41:48,6.96,--,30,20880,买盘
2592,10:41:45,6.96,--,107,74472,买盘
2593,10:41:39,6.96,0.01,104,72384,买盘
2594,10:41:33,6.95,-0.01,6,4170,卖盘
2595,10:41:30,6.96,--,35,24360,买盘
2596,10:41:27,6.96,0.01,105,73080,买盘
2597,10:41:24,6.95,-0.01,12,8340,卖盘
2598,10:41:21,6.96,--,1,696,买盘
2599,10:41:18,6.96,--,105,73080,买盘
2600,10:41:15,6.96,--,416,289536,买盘
2601,10:41:12,6.96,--,10,6960,买盘
2602,10:41:09,6.96,-0.01,1157,805272,卖盘
2603,10:41:06,6.97,--,4,2788,买盘
2604,10:41:03,6.97,--,32,22304,买盘
2605,10:41:00,6.97,--,35,24395,买盘
2606,10:40:57,6.97,--,54,37638,买盘
2607,10:40:54,6.97,--,41,28577,买盘
2608,10:40:51,6.97,--,86,59942,买盘
2609,10:40:48,6.97,0.01,116,80852,买盘
2610,10:40:45,6.96,-0.01,7,4872,卖盘
2611,10:40:42,6.97,--,35,24395,买盘
2612,10:40:39,6.97,--,6,4182,买盘
2613,10:40:33,6.97,0.01,23,16031,买盘
2614,10:40:30,6.96,--,35,24360,卖盘
2615,10:40:27,6.96,--,253,176088,卖盘
2616,10:40:24,6.96,-0.01,122,84912,卖盘
2617,10:40:21,6.97,0.01,7,4879,买盘
2618,10:40:15,6.96,--,454,315984,卖盘
2619,10:40:12,6.96,--,504,350784,卖盘
2620,10:40:09,6.96,--,6,4176,卖盘
2621,10:40:06,6.96,--,100,69600,卖盘
2622,10:40:03,6.96,-0.01,30,20880,卖盘
2623,10:40:00,6.97,--,3,2091,买盘
2624,10:39:57,6.97,0.01,753,524841,买盘
2625,10:39:54,6.96,-0.01,31,21576,卖盘
2626,10:39:51,6.97,0.01,1839,1281783,买盘
2627,10:39:48,6.96,--,983,684168,买盘
2628,10:39:45,6.96,--,216,150336,买盘
2629,10:39:42,6.96,--,1,696,买盘
2630,10:39:39,6.96,--,3,2088,买盘
2631,10:39:36,6.96,--,51,35496,买盘
2632,10:39:33,6.96,--,27,18792,买盘
2633,10:39:30,6.96,0.01,2,1392,买盘
2634,10:39:27,6.95,-0.01,24,16680,卖盘
2635,10:39:24,6.96,--,103,71688,买盘
2636,10:39:21,6.96,--,30,20880,买盘
2637,10:39:18,6.96,--,443,308328,买盘
2638,10:39:15,6.96,0.01,36,25056,买盘
2639,10:39:12,6.95,-0.01,2,1390,卖盘
2640,10:39:09,6.96,--,10,6960,买盘
2641,10:39:06,6.96,--,11,7656,买盘
2642,10:39:03,6.96,0.01,125,87000,买盘
2643,10:39:00,6.95,-0.01,148,102860,卖盘
2644,10:38:57,6.96,--,17,11832,买盘
2645,10:38:54,6.96,--,56,38976,买盘
2646,10:38:51,6.96,--,81,56376,买盘
2647,10:38:48,6.96,--,208,144768,买盘
2648,10:38:45,6.96,--,14,9744,买盘
2649,10:38:42,6.96,-0.01,3148,2191008,卖盘
2650,10:38:39,6.97,--,153,106641,买盘
2651,10:38:36,6.97,0.01,15,10455,买盘
2652,10:38:33,6.96,-0.01,6,4176,卖盘
2653,10:38:30,6.97,--,19,13243,买盘
2654,10:38:27,6.97,--,14,9758,买盘
2655,10:38:24,6.97,--,3,2091,买盘
2656,10:38:21,6.97,--,10,6970,买盘
2657,10:38:18,6.97,--,3,2091,买盘
2658,10:38:15,6.97,--,20,13940,买盘
2659,10:38:12,6.97,0.01,3933,2741301,买盘
2660,10:38:09,6.96,--,46,32016,买盘
2661,10:38:06,6.96,--,8,5568,买盘
2662,10:38:03,6.96,--,8,5568,买盘
2663,10:38:00,6.96,--,14,9744,买盘
2664,10:37:57,6.96,--,3,2088,买盘
2665,10:37:54,6.96,--,348,242208,买盘
2666,10:37:51,6.96,--,1,696,买盘
2667,10:37:48,6.96,--,15,10440,买盘
2668,10:37:45,6.96,--,260,180960,买盘
2669,10:37:42,6.96,--,11,7656,买盘
2670,10:37:39,6.96,0.01,169,117624,买盘
2671,10:37:36,6.95,-0.01,120,83400,卖盘
2672,10:37:33,6.96,--,7,4872,买盘
2673,10:37:30,6.96,--,63,43848,买盘
2674,10:37:27,6.96,--,2,1392,买盘
2675,10:37:24,6.96,0.01,55,38280,买盘
2676,10:37:21,6.95,--,143,99385,卖盘
2677,10:37:18,6.95,-0.01,8,5560,卖盘
2678,10:37:15,6.96,--,24,16704,买盘
2679,10:37:12,6.96,0.01,138,96048,买盘
2680,10:37:09,6.95,-0.01,6,4170,卖盘
2681,10:37:06,6.96,--,2,1392,买盘
2682,10:37:03,6.96,--,172,119712,买盘
2683,10:37:00,6.96,--,1,696,买盘
2684,10:36:57,6.96,--,16,11136,买盘
2685,10:36:54,6.96,--,296,206016,买盘
2686,10:36:51,6.96,--,24,16704,买盘
2687,10:36:48,6.96,--,106,73776,买盘
2688,10:36:45,6.96,0.01,122,84912,买盘
2689,10:36:42,6.95,-0.01,197,136915,卖盘
2690,10:36:39,6.96,0.01,3323,2313065,买盘
2691,10:36:36,6.95,--,2,1390,买盘
2692,10:36:33,6.95,0.01,105,72975,买盘
2693,10:36:30,6.94,-0.01,14,9716,卖盘
2694,10:36:27,6.95,--,6,4170,买盘
2695,10:36:24,6.95,--,1,695,买盘
2696,10:36:21,6.95,--,2,1390,买盘
2697,10:36:18,6.95,--,532,369740,买盘
2698,10:36:15,6.95,--,17,11815,买盘
2699,10:36:12,6.95,--,11,7645,买盘
2700,10:36:09,6.95,--,1,695,买盘
2701,10:36:06,6.95,--,2,1390,买盘
2702,10:36:03,6.95,--,73,50735,买盘
2703,10:36:00,6.95,--,124,86180,买盘
2704,10:35:57,6.95,--,42,29190,买盘
2705,10:35:54,6.95,--,197,136915,买盘
2706,10:35:51,6.95,-0.01,1433,996372,卖盘
2707,10:35:48,6.96,--,5,3480,买盘
2708,10:35:45,6.96,--,33,22968,买盘
2709,10:35:42,6.96,--,121,84216,买盘
2710,10:35:39,6.96,--,45,31320,买盘
2711,10:35:36,6.96,--,130,90480,买盘
2712,10:35:33,6.96,--,32,22272,买盘
2713,10:35:30,6.96,--,1,696,买盘
2714,10:35:27,6.96,--,102,70992,买盘
2715,10:35:24,6.96,0.01,1,696,买盘
2716,10:35:21,6.95,-0.01,6,4170,卖盘
2717,10:35:18,6.96,--,12,8352,买盘
2718,10:35:15,6.96,--,5,3480,买盘
2719,10:35:12,6.96,--,1,696,买盘
2720,10:35:09,6.96,--,150,104400,买盘
2721,10:35:06,6.96,--,2,1392,买盘
2722,10:35:03,6.96,0.01,574,399504,买盘
2723,10:35:00,6.95,-0.01,21,14595,卖盘
2724,10:34:57,6.96,--,37,25752,买盘
2725,10:34:54,6.96,0.01,1,696,买盘
2726,10:34:48,6.95,-0.01,4,2780,卖盘
2727,10:34:45,6.96,--,69,48024,买盘
2728,10:34:39,6.96,--,129,89784,买盘
2729,10:34:36,6.96,0.01,10,6960,买盘
2730,10:34:33,6.95,-0.01,50,34750,卖盘
2731,10:34:30,6.96,0.01,30,20880,买盘
2732,10:34:24,6.95,--,40,27800,卖盘
2733,10:34:21,6.95,--,11,7645,卖盘
2734,10:34:18,6.95,--,2,1390,卖盘
2735,10:34:15,6.95,--,15,10425,卖盘
2736,10:34:12,6.95,-0.01,10,6950,卖盘
2737,10:34:09,6.96,--,4,2784,买盘
2738,10:34:06,6.96,0.01,10,6960,买盘
2739,10:34:03,6.95,--,10,6950,卖盘
2740,10:34:00,6.95,-0.01,201,139695,卖盘
2741,10:33:57,6.96,0.01,40,27840,买盘
2742,10:33:54,6.95,-0.01,184,127880,卖盘
2743,10:33:51,6.96,0.01,29,20184,买盘
2744,10:33:45,6.95,--,5,3475,卖盘
2745,10:33:42,6.95,-0.01,67,46565,卖盘
2746,10:33:39,6.96,--,50,34800,买盘
2747,10:33:36,6.96,--,127,88392,买盘
2748,10:33:33,6.96,--,13,9048,买盘
2749,10:33:30,6.96,--,2,1392,买盘
2750,10:33:27,6.96,0.01,1,696,买盘
2751,10:33:21,6.95,-0.01,4,2780,卖盘
2752,10:33:18,6.96,--,52,36192,买盘
2753,10:33:15,6.96,--,504,350784,买盘
2754,10:33:12,6.96,0.01,100,69600,买盘
2755,10:33:06,6.95,-0.01,18,12510,卖盘
2756,10:33:03,6.96,--,126,87696,买盘
2757,10:32:54,6.96,--,143,99528,买盘
2758,10:32:48,6.96,--,22,15312,买盘
2759,10:32:39,6.96,--,226,157296,买盘
2760,10:32:36,6.96,--,3431,2387976,买盘
2761,10:32:33,6.96,--,32,22272,买盘
2762,10:32:30,6.96,--,25,17400,买盘
2763,10:32:27,6.96,0.01,4,2784,买盘
2764,10:32:24,6.95,-0.01,60,41700,卖盘
2765,10:32:21,6.96,--,4,2784,买盘
2766,10:32:18,6.96,--,170,118320,买盘
2767,10:32:15,6.96,0.01,114,79344,买盘
2768,10:32:12,6.95,-0.01,53,36835,卖盘
2769,10:32:09,6.96,--,21,14616,买盘
2770,10:32:06,6.96,--,166,115536,买盘
2771,10:32:03,6.96,--,6,4176,买盘
2772,10:32:00,6.96,--,638,444048,买盘
2773,10:31:57,6.96,0.01,6,4176,买盘
2774,10:31:54,6.95,-0.01,95,66025,卖盘
2775,10:31:51,6.96,--,1,696,买盘
2776,10:31:48,6.96,0.01,23,16008,买盘
2777,10:31:45,6.95,-0.01,29,20155,卖盘
2778,10:31:42,6.96,--,4,2784,买盘
2779,10:31:39,6.96,--,2,1392,买盘
2780,10:31:36,6.96,0.01,323,225065,买盘
2781,10:31:33,6.95,--,6,4170,买盘
2782,10:31:30,6.95,--,117,81315,买盘
2783,10:31:27,6.95,0.01,23,15985,买盘
2784,10:31:24,6.94,-0.01,53,36782,卖盘
2785,10:31:21,6.95,-0.01,4986,3465707,卖盘
2786,10:31:18,6.96,0.01,24,16704,买盘
2787,10:31:15,6.95,-0.01,125,86875,卖盘
2788,10:31:12,6.96,--,56,38976,买盘
2789,10:31:09,6.96,0.01,10,6960,买盘
2790,10:31:06,6.95,-0.01,273,189735,卖盘
2791,10:31:03,6.96,0.01,206,143376,买盘
2792,10:31:00,6.95,--,11,7645,卖盘
2793,10:30:57,6.95,-0.01,13,9035,卖盘
2794,10:30:54,6.96,--,12,8352,买盘
2795,10:30:51,6.96,--,23,16008,买盘
2796,10:30:48,6.96,0.01,6,4176,买盘
2797,10:30:45,6.95,-0.01,2,1390,卖盘
2798,10:30:42,6.96,0.01,47,32712,买盘
2799,10:30:39,6.95,-0.01,437,303715,卖盘
2800,10:30:36,6.96,--,281,195576,买盘
2801,10:30:33,6.96,--,57,39672,买盘
2802,10:30:30,6.96,--,14,9744,买盘
2803,10:30:27,6.96,0.01,183,127368,买盘
2804,10:30:24,6.95,-0.01,5,3475,卖盘
2805,10:30:21,6.96,--,535,372360,买盘
2806,10:30:18,6.96,--,90,62640,买盘
2807,10:30:15,6.96,--,12,8352,买盘
2808,10:30:12,6.96,--,102,70992,买盘
2809,10:30:09,6.96,--,302,210192,买盘
2810,10:30:06,6.96,--,3,2088,买盘
2811,10:30:03,6.96,--,33,22968,买盘
2812,10:30:00,6.96,--,40,27840,买盘
2813,10:29:54,6.96,--,239,166344,买盘
2814,10:29:51,6.96,--,9,6264,买盘
2815,10:29:48,6.96,--,12,8352,买盘
2816,10:29:45,6.96,--,90,62640,买盘
2817,10:29:42,6.96,--,401,279096,买盘
2818,10:29:39,6.96,--,52,36192,买盘
2819,10:29:36,6.96,--,258,179568,买盘
2820,10:29:33,6.96,--,3,2088,买盘
2821,10:29:30,6.96,--,229,159384,买盘
2822,10:29:27,6.96,--,22,15312,买盘
2823,10:29:24,6.96,--,12,8352,买盘
2824,10:29:21,6.96,--,6,4176,买盘
2825,10:29:18,6.96,--,61,42456,买盘
2826,10:29:15,6.96,--,13,9048,买盘
2827,10:29:12,6.96,--,3,2088,买盘
2828,10:29:09,6.96,0.01,206,143376,买盘
2829,10:29:03,6.95,-0.01,5,3475,卖盘
2830,10:29:00,6.96,--,91,63336,买盘
2831,10:28:57,6.96,--,4,3041,买盘
2832,10:28:54,6.96,--,67,46632,买盘
2833,10:28:48,6.96,--,4,2784,买盘
2834,10:28:45,6.96,--,33,22968,买盘
2835,10:28:42,6.96,0.01,29,20184,买盘
2836,10:28:39,6.95,-0.01,213,148035,卖盘
2837,10:28:36,6.96,--,144,100224,买盘
2838,10:28:33,6.96,--,290,201840,买盘
2839,10:28:30,6.96,--,19,13224,买盘
2840,10:28:27,6.96,--,12,8352,买盘
2841,10:28:24,6.96,--,19,13224,买盘
2842,10:28:21,6.96,--,17,11832,买盘
2843,10:28:18,6.96,0.01,3,2088,买盘
2844,10:28:15,6.95,-0.01,149,103555,卖盘
2845,10:28:12,6.96,0.01,223,155208,买盘
2846,10:28:09,6.95,-0.01,301,209195,卖盘
2847,10:28:06,6.96,--,40,27840,买盘
2848,10:28:03,6.96,--,14,9744,买盘
2849,10:28:00,6.96,0.01,31,21576,买盘
2850,10:27:57,6.95,--,51,35445,卖盘
2851,10:27:54,6.95,-0.01,51,35445,卖盘
2852,10:27:51,6.96,0.01,87,60552,买盘
2853,10:27:48,6.95,-0.01,116,80620,卖盘
2854,10:27:45,6.96,--,31,21576,买盘
2855,10:27:42,6.96,--,27,18792,买盘
2856,10:27:39,6.96,--,163,113448,买盘
2857,10:27:36,6.96,0.01,338,235248,买盘
2858,10:27:33,6.95,--,27,18765,卖盘
2859,10:27:30,6.95,-0.01,206,143170,卖盘
2860,10:27:27,6.96,--,61,42456,买盘
2861,10:27:21,6.96,0.01,1,696,买盘
2862,10:27:18,6.95,-0.01,68,47260,卖盘
2863,10:27:15,6.96,0.01,29,20184,买盘
2864,10:27:09,6.95,--,9,6255,卖盘
2865,10:27:06,6.95,-0.01,1,695,卖盘
2866,10:27:03,6.96,0.01,161,112056,买盘
2867,10:27:00,6.95,-0.01,88,61160,卖盘
2868,10:26:57,6.96,--,3,2088,买盘
2869,10:26:51,6.96,--,322,224112,买盘
2870,10:26:45,6.96,0.01,14,9744,买盘
2871,10:26:42,6.95,-0.01,1191,827745,卖盘
2872,10:26:39,6.96,--,46,32016,买盘
2873,10:26:36,6.96,--,161,112056,买盘
2874,10:26:33,6.96,0.01,72,50112,买盘
2875,10:26:30,6.95,--,8,5560,卖盘
2876,10:26:27,6.95,-0.01,151,104945,卖盘
2877,10:26:24,6.96,0.01,8,5568,买盘
2878,10:26:21,6.95,--,58,40310,卖盘
2879,10:26:18,6.95,--,26,18070,卖盘
2880,10:26:12,6.95,--,12,8340,卖盘
2881,10:26:09,6.95,--,11,7645,卖盘
2882,10:26:06,6.95,-0.01,5,3475,卖盘
2883,10:26:03,6.96,--,192,133632,买盘
2884,10:26:00,6.96,--,13,9048,买盘
2885,10:25:57,6.96,--,22,15312,买盘
2886,10:25:54,6.96,--,52,36192,买盘
2887,10:25:51,6.96,--,32,22272,买盘
2888,10:25:48,6.96,--,39,27144,买盘
2889,10:25:42,6.96,0.01,59,41064,买盘
2890,10:25:39,6.95,-0.01,71,49345,卖盘
2891,10:25:33,6.96,0.01,173,120408,买盘
2892,10:25:30,6.95,-0.01,32,22240,卖盘
2893,10:25:27,6.96,0.01,113,78648,买盘
2894,10:25:24,6.95,-0.01,135,93825,卖盘
2895,10:25:21,6.96,--,17,11832,买盘
2896,10:25:18,6.96,--,20,13920,买盘
2897,10:25:15,6.96,--,85,59160,买盘
2898,10:25:12,6.96,--,14,9744,买盘
2899,10:25:09,6.96,--,22,15312,买盘
2900,10:25:06,6.96,--,194,135024,买盘
2901,10:25:00,6.96,--,26,18096,买盘
2902,10:24:57,6.96,--,35,24360,买盘
2903,10:24:54,6.96,0.01,19,13224,买盘
2904,10:24:51,6.95,--,84,58380,卖盘
2905,10:24:48,6.95,-0.01,25,17375,卖盘
2906,10:24:45,6.96,0.01,53,36888,买盘
2907,10:24:42,6.95,-0.01,4,2780,卖盘
2908,10:24:39,6.96,--,20,13920,买盘
2909,10:24:36,6.96,--,141,98136,买盘
2910,10:24:33,6.96,0.01,171,119016,买盘
2911,10:24:30,6.95,--,40,27800,卖盘
2912,10:24:27,6.95,--,57,39615,卖盘
2913,10:24:24,6.95,-0.01,14,9730,卖盘
2914,10:24:21,6.96,0.01,10,6960,买盘
2915,10:24:18,6.95,--,34,23630,卖盘
2916,10:24:15,6.95,--,38,26410,卖盘
2917,10:24:12,6.95,--,212,147340,卖盘
2918,10:24:06,6.95,-0.01,25,17375,卖盘
2919,10:24:03,6.96,--,161,112056,买盘
2920,10:24:00,6.96,--,21,14616,买盘
2921,10:23:57,6.96,--,36,25056,买盘
2922,10:23:54,6.96,--,30,20880,买盘
2923,10:23:51,6.96,--,81,56376,买盘
2924,10:23:48,6.96,0.01,18,12528,买盘
2925,10:23:45,6.95,-0.01,44,30580,卖盘
2926,10:23:42,6.96,--,99,68904,买盘
2927,10:23:39,6.96,0.01,29,20184,买盘
2928,10:23:36,6.95,-0.01,13,9035,卖盘
