,time,price,change,volume,amount,type
0,15:00:03,11.57,--,13695,15845138,买盘
1,14:57:00,11.57,0.01,88,101816,买盘
2,14:56:57,11.56,-0.01,18,20808,卖盘
3,14:56:54,11.57,--,127,146939,买盘
4,14:56:51,11.57,0.01,196,226772,买盘
5,14:56:48,11.56,-0.01,60,69360,卖盘
6,14:56:45,11.57,--,10,11570,买盘
7,14:56:42,11.57,0.01,69,79833,买盘
8,14:56:39,11.56,-0.01,96,110976,卖盘
9,14:56:33,11.57,--,91,105287,买盘
10,14:56:30,11.57,--,61,70577,买盘
11,14:56:27,11.57,--,14,16198,买盘
12,14:56:24,11.57,0.01,218,252226,买盘
13,14:56:21,11.56,--,23,26588,卖盘
14,14:56:18,11.56,--,380,439280,卖盘
15,14:56:15,11.56,--,50,57800,卖盘
16,14:56:12,11.56,--,82,94792,卖盘
17,14:56:09,11.56,--,119,137564,卖盘
18,14:56:06,11.56,--,67,77452,卖盘
19,14:56:03,11.56,-0.01,38,43928,卖盘
20,14:56:00,11.57,0.01,55,63635,买盘
21,14:55:57,11.56,-0.01,26,30056,卖盘
22,14:55:54,11.57,--,71,82147,买盘
23,14:55:51,11.57,0.01,39,45123,买盘
24,14:55:48,11.56,--,11,12716,卖盘
25,14:55:45,11.56,--,20,23120,卖盘
26,14:55:42,11.56,-0.01,454,524824,卖盘
27,14:55:39,11.57,0.01,24,27768,买盘
28,14:55:36,11.56,--,4,4624,卖盘
29,14:55:33,11.56,-0.01,611,706316,卖盘
30,14:55:30,11.57,--,36,41652,买盘
31,14:55:27,11.57,--,77,89089,买盘
32,14:55:24,11.57,0.01,40,46280,买盘
33,14:55:21,11.56,-0.01,152,175712,卖盘
34,14:55:18,11.57,--,78,90246,买盘
35,14:55:15,11.57,--,6,6942,买盘
36,14:55:12,11.57,--,8,9256,买盘
37,14:55:09,11.57,--,258,298506,买盘
38,14:55:06,11.57,--,200,231400,买盘
39,14:55:03,11.57,--,39,45123,买盘
40,14:55:00,11.57,--,223,258011,买盘
41,14:54:57,11.57,0.01,15,17355,买盘
42,14:54:54,11.56,-0.01,610,705160,卖盘
43,14:54:51,11.57,--,37,42809,买盘
44,14:54:48,11.57,0.01,112,129584,买盘
45,14:54:45,11.56,-0.01,10,11560,卖盘
46,14:54:42,11.57,--,57,65949,买盘
47,14:54:39,11.57,0.01,30,34710,买盘
48,14:54:36,11.56,--,50,57800,卖盘
49,14:54:33,11.56,-0.01,32,36992,卖盘
50,14:54:30,11.57,0.01,518,599326,买盘
51,14:54:27,11.56,-0.01,173,199988,卖盘
52,14:54:24,11.57,--,21,24297,买盘
53,14:54:21,11.57,0.01,30,34710,买盘
54,14:54:18,11.56,--,93,107508,卖盘
55,14:54:15,11.56,--,84,97104,卖盘
56,14:54:12,11.56,--,33,38148,卖盘
57,14:54:06,11.56,--,61,70516,买盘
58,14:54:03,11.56,--,105,121380,买盘
59,14:54:00,11.56,0.01,44,50864,买盘
60,14:53:51,11.55,-0.01,546,631092,卖盘
61,14:53:48,11.56,--,61,70516,卖盘
62,14:53:45,11.56,--,269,311657,卖盘
63,14:53:42,11.56,--,48,55488,买盘
64,14:53:39,11.56,--,1088,1257728,买盘
65,14:53:36,11.56,--,74,85544,买盘
66,14:53:33,11.56,--,130,150280,买盘
67,14:53:30,11.56,0.01,130,150280,买盘
68,14:53:27,11.55,-0.01,128,147840,卖盘
69,14:53:24,11.56,--,36,41616,买盘
70,14:53:21,11.56,0.01,31,35836,买盘
71,14:53:18,11.55,-0.01,19,21945,卖盘
72,14:53:15,11.56,--,24,27744,买盘
73,14:53:12,11.56,--,56,64736,买盘
74,14:53:09,11.56,--,171,197676,买盘
75,14:53:03,11.56,--,15,17340,买盘
76,14:53:00,11.56,--,62,71672,买盘
77,14:52:57,11.56,0.01,60,69360,买盘
78,14:52:54,11.55,-0.01,500,577500,卖盘
79,14:52:48,11.56,--,2,2312,买盘
80,14:52:45,11.56,0.01,6,6936,买盘
81,14:52:42,11.55,-0.01,1,1155,卖盘
82,14:52:39,11.56,--,240,277440,买盘
83,14:52:36,11.56,--,56,64736,买盘
84,14:52:33,11.56,--,15,17340,买盘
85,14:52:30,11.56,0.01,55,63580,买盘
86,14:52:24,11.55,-0.01,69,79695,卖盘
87,14:52:21,11.56,0.01,9,10404,买盘
88,14:52:18,11.55,-0.01,39,45045,卖盘
89,14:52:15,11.56,--,69,79764,买盘
90,14:52:12,11.56,0.01,42,48552,买盘
91,14:52:09,11.55,-0.01,200,231000,卖盘
92,14:52:06,11.56,--,127,146812,卖盘
93,14:52:03,11.56,--,81,93636,卖盘
94,14:52:00,11.56,--,27,31212,卖盘
95,14:51:57,11.56,--,30,34680,卖盘
96,14:51:54,11.56,0.01,42,48552,买盘
97,14:51:51,11.55,-0.01,4,4620,卖盘
98,14:51:48,11.56,--,148,171088,买盘
99,14:51:45,11.56,0.01,72,83232,买盘
100,14:51:42,11.55,--,36,41580,卖盘
101,14:51:39,11.55,-0.01,188,217140,卖盘
102,14:51:36,11.56,0.01,130,150280,买盘
103,14:51:33,11.55,-0.01,110,127050,卖盘
104,14:51:30,11.56,--,92,106352,买盘
105,14:51:27,11.56,--,25,28900,买盘
106,14:51:24,11.56,0.01,116,134096,买盘
107,14:51:21,11.55,--,33,38115,卖盘
108,14:51:18,11.55,-0.01,40,46200,卖盘
109,14:51:15,11.56,--,11,12716,买盘
110,14:51:12,11.56,0.01,23,26588,买盘
111,14:51:09,11.55,-0.02,1,1155,卖盘
112,14:51:06,11.57,0.01,425,491725,买盘
113,14:51:03,11.56,-0.01,90,104040,卖盘
114,14:51:00,11.57,0.01,270,312390,买盘
115,14:50:57,11.56,--,10,11560,卖盘
116,14:50:54,11.56,--,34,39304,卖盘
117,14:50:48,11.56,-0.01,10,11560,卖盘
118,14:50:45,11.57,0.01,16,18512,买盘
119,14:50:42,11.56,-0.01,26,30056,卖盘
120,14:50:39,11.57,--,65,75205,买盘
121,14:50:36,11.57,--,10,11570,买盘
122,14:50:33,11.57,--,12,13884,买盘
123,14:50:30,11.57,0.01,69,79833,买盘
124,14:50:27,11.56,--,115,132940,卖盘
125,14:50:24,11.56,--,32,36992,卖盘
126,14:50:21,11.56,--,51,58956,卖盘
127,14:50:18,11.56,--,91,105196,卖盘
128,14:50:15,11.56,-0.01,234,270504,卖盘
129,14:50:12,11.57,0.01,71,82147,买盘
130,14:50:09,11.56,--,36,41616,卖盘
131,14:50:06,11.56,0.01,200,231200,买盘
132,14:50:03,11.55,-0.01,20,23100,卖盘
133,14:50:00,11.56,--,3073,3552388,买盘
134,14:49:57,11.56,0.01,177,204612,买盘
135,14:49:54,11.55,--,15,17325,卖盘
136,14:49:51,11.55,-0.01,42,48510,卖盘
137,14:49:48,11.56,0.01,37,42772,买盘
138,14:49:45,11.55,--,37,42735,卖盘
139,14:49:42,11.55,--,134,154770,卖盘
140,14:49:39,11.55,-0.01,26,30030,卖盘
141,14:49:36,11.56,0.01,18,20808,买盘
142,14:49:33,11.55,-0.01,73,84315,卖盘
143,14:49:30,11.56,--,178,205768,买盘
144,14:49:27,11.56,0.01,6,6936,买盘
145,14:49:24,11.55,-0.01,213,246015,卖盘
146,14:49:21,11.56,0.01,192,221952,买盘
147,14:49:18,11.55,--,74,85470,卖盘
148,14:49:15,11.55,-0.01,167,192885,卖盘
149,14:49:12,11.56,0.02,133,154210,买盘
150,14:49:09,11.54,-0.01,25,28849,卖盘
151,14:49:06,11.55,--,501,578655,买盘
152,14:49:03,11.55,--,3,3465,买盘
153,14:49:00,11.55,0.01,21,24255,买盘
154,14:48:57,11.54,--,67,77318,卖盘
155,14:48:51,11.54,-0.01,46,53083,卖盘
156,14:48:48,11.55,--,569,657195,买盘
157,14:48:45,11.55,--,52,60060,买盘
158,14:48:42,11.55,--,15,17325,买盘
159,14:48:39,11.55,--,42,48510,买盘
160,14:48:36,11.55,--,9,10395,买盘
161,14:48:33,11.55,--,9,10395,买盘
162,14:48:30,11.55,--,103,118965,买盘
163,14:48:27,11.55,--,114,131670,买盘
164,14:48:24,11.55,-0.01,1320,1525293,卖盘
165,14:48:21,11.56,0.01,5,5780,买盘
166,14:48:18,11.55,-0.01,65,75075,卖盘
167,14:48:15,11.56,--,132,152592,买盘
168,14:48:12,11.56,--,32,36992,买盘
169,14:48:09,11.56,--,15,17340,买盘
170,14:48:06,11.56,--,12,13872,买盘
171,14:48:03,11.56,--,76,87856,买盘
172,14:48:00,11.56,0.01,16,18496,买盘
173,14:47:57,11.55,-0.01,300,346500,卖盘
174,14:47:54,11.56,--,39,45084,买盘
175,14:47:51,11.56,--,42,48552,买盘
176,14:47:48,11.56,0.01,121,139876,买盘
177,14:47:45,11.55,-0.01,22,25410,卖盘
178,14:47:42,11.56,--,59,68204,买盘
179,14:47:39,11.56,0.01,111,128316,买盘
180,14:47:36,11.55,-0.01,96,110880,卖盘
181,14:47:33,11.56,--,98,113288,买盘
182,14:47:30,11.56,--,119,137564,买盘
183,14:47:27,11.56,--,186,215016,买盘
184,14:47:24,11.56,0.01,468,541008,买盘
185,14:47:21,11.55,--,38,43890,卖盘
186,14:47:18,11.55,-0.01,2,2310,卖盘
187,14:47:15,11.56,--,202,233512,买盘
188,14:47:12,11.56,--,42,48552,买盘
189,14:47:06,11.56,0.01,41,47396,买盘
190,14:47:03,11.55,--,12,13860,卖盘
191,14:47:00,11.55,--,2056,2375142,买盘
192,14:46:57,11.55,--,502,579810,买盘
193,14:46:54,11.55,--,21,24255,买盘
194,14:46:51,11.55,--,17,19635,买盘
195,14:46:48,11.55,0.01,112,129360,买盘
196,14:46:45,11.54,-0.01,225,259649,卖盘
197,14:46:42,11.55,--,33,38115,买盘
198,14:46:39,11.55,--,120,138600,买盘
199,14:46:36,11.55,--,293,338415,买盘
200,14:46:33,11.55,--,3,3465,买盘
201,14:46:30,11.55,--,70,80850,买盘
202,14:46:27,11.55,--,77,88935,买盘
203,14:46:24,11.55,0.01,18,20790,买盘
204,14:46:21,11.54,-0.01,70,80780,卖盘
205,14:46:18,11.55,0.01,697,805035,买盘
206,14:46:15,11.54,--,104,120015,卖盘
207,14:46:12,11.54,-0.01,32,36928,卖盘
208,14:46:09,11.55,0.01,643,742665,买盘
209,14:46:06,11.54,-0.01,26,30003,卖盘
210,14:46:03,11.55,--,18,20790,买盘
211,14:46:00,11.55,0.01,65,75075,买盘
212,14:45:57,11.54,--,29,33466,卖盘
213,14:45:54,11.54,-0.01,39,45006,卖盘
214,14:45:51,11.55,--,561,647955,买盘
215,14:45:48,11.55,--,10,11550,买盘
216,14:45:45,11.55,0.01,45,51975,买盘
217,14:45:42,11.54,-0.01,8,9232,卖盘
218,14:45:39,11.55,0.01,20,23100,买盘
219,14:45:36,11.54,--,19,21926,卖盘
220,14:45:33,11.54,--,27,31157,买盘
221,14:45:30,11.54,-0.01,14,16155,买盘
222,14:45:24,11.55,0.01,23,26565,买盘
223,14:45:21,11.54,--,31,35774,卖盘
224,14:45:18,11.54,--,41,47314,卖盘
225,14:45:15,11.54,--,12,13847,卖盘
226,14:45:12,11.54,--,21,24234,卖盘
227,14:45:09,11.54,0.01,46,53776,买盘
228,14:45:06,11.53,--,198,228294,卖盘
229,14:45:03,11.53,-0.01,14,16142,卖盘
230,14:45:00,11.54,--,26,30003,买盘
231,14:44:57,11.54,0.01,30,34620,买盘
232,14:44:54,11.53,-0.01,56,64568,卖盘
233,14:44:51,11.54,0.01,74,85396,买盘
234,14:44:48,11.53,--,361,416233,卖盘
235,14:44:45,11.53,-0.01,23,26519,卖盘
236,14:44:42,11.54,--,28,32311,买盘
237,14:44:39,11.54,0.01,116,133864,买盘
238,14:44:36,11.53,-0.01,10,11530,卖盘
239,14:44:33,11.54,--,165,190410,买盘
240,14:44:30,11.54,0.01,166,191564,买盘
241,14:44:27,11.53,-0.01,191,220223,卖盘
242,14:44:24,11.54,--,1403,1619061,买盘
243,14:44:21,11.54,0.01,124,143096,买盘
244,14:44:18,11.53,-0.01,1700,1960100,卖盘
245,14:44:15,11.54,--,12,13847,买盘
246,14:44:12,11.54,0.01,1593,1838321,买盘
247,14:44:09,11.53,-0.01,17,19601,卖盘
248,14:44:06,11.54,0.01,108,124631,买盘
249,14:44:03,11.53,--,4,4612,卖盘
250,14:44:00,11.53,--,20,23060,卖盘
251,14:43:57,11.53,--,5,5765,卖盘
252,14:43:54,11.53,--,234,269802,卖盘
253,14:43:51,11.53,--,1,1153,卖盘
254,14:43:48,11.53,--,64,73792,卖盘
255,14:43:45,11.53,--,224,258272,卖盘
256,14:43:42,11.53,0.01,1271,1465463,买盘
257,14:43:39,11.52,-0.01,26,29952,卖盘
258,14:43:33,11.53,--,2,2306,买盘
259,14:43:30,11.53,--,25,28825,买盘
260,14:43:27,11.53,0.01,5,5765,买盘
261,14:43:24,11.52,-0.01,12,13824,卖盘
262,14:43:21,11.53,0.01,349,402397,买盘
263,14:43:18,11.52,--,145,167040,卖盘
264,14:43:15,11.52,--,36,41472,卖盘
265,14:43:12,11.52,--,2,2304,卖盘
266,14:43:09,11.52,-0.01,23,26496,卖盘
267,14:43:06,11.53,--,11,12683,买盘
268,14:43:03,11.53,0.01,22,25366,买盘
269,14:43:00,11.52,--,277,319104,卖盘
270,14:42:57,11.52,--,31,35712,卖盘
271,14:42:54,11.52,-0.01,26,29952,卖盘
272,14:42:51,11.53,0.01,35,40355,买盘
273,14:42:45,11.52,--,460,529920,卖盘
274,14:42:42,11.52,--,1012,1165824,卖盘
275,14:42:39,11.52,-0.01,20,23040,卖盘
276,14:42:36,11.53,0.01,1,1153,买盘
277,14:42:33,11.52,-0.01,34,39168,卖盘
278,14:42:30,11.53,--,1284,1481581,卖盘
279,14:42:27,11.53,--,3,3459,卖盘
280,14:42:24,11.53,--,140,161420,卖盘
281,14:42:21,11.53,--,22,25366,卖盘
282,14:42:18,11.53,--,25,28825,卖盘
283,14:42:15,11.53,--,212,244436,卖盘
284,14:42:12,11.53,--,169,194857,卖盘
285,14:42:09,11.53,-0.01,6,6918,卖盘
286,14:42:06,11.54,0.01,24,27695,买盘
287,14:42:03,11.53,-0.01,38,43814,卖盘
288,14:42:00,11.54,0.01,17,19618,买盘
289,14:41:54,11.53,-0.01,21,24213,卖盘
290,14:41:51,11.54,0.01,59,68086,买盘
291,14:41:45,11.53,--,98,112994,卖盘
292,14:41:42,11.53,--,46,53983,卖盘
293,14:41:39,11.53,--,42,48426,卖盘
294,14:41:36,11.53,-0.01,72,83246,卖盘
295,14:41:33,11.54,--,47,54237,买盘
296,14:41:30,11.54,--,18,20772,买盘
297,14:41:27,11.54,0.01,54,62315,买盘
298,14:41:21,11.53,-0.01,5,5765,卖盘
299,14:41:18,11.54,--,36,41544,买盘
300,14:41:15,11.54,0.01,118,136172,买盘
301,14:41:12,11.53,--,22,25366,卖盘
302,14:41:09,11.53,-0.01,6,6918,卖盘
303,14:41:06,11.54,--,47,54237,买盘
304,14:41:03,11.54,--,45,51929,买盘
305,14:41:00,11.54,0.01,39,45006,买盘
306,14:40:57,11.53,-0.01,37,42661,卖盘
307,14:40:54,11.54,--,1,1154,买盘
308,14:40:51,11.54,0.01,107,123477,买盘
309,14:40:48,11.53,--,304,350512,买盘
310,14:40:45,11.53,--,3,3459,买盘
311,14:40:42,11.53,--,62,71486,买盘
312,14:40:39,11.53,--,13,14989,买盘
313,14:40:36,11.53,-0.01,2451,2826003,卖盘
314,14:40:33,11.54,--,62,71548,买盘
315,14:40:30,11.54,0.01,50,57699,买盘
316,14:40:27,11.53,--,20,23060,卖盘
317,14:40:24,11.53,-0.01,18,20754,卖盘
318,14:40:21,11.54,0.01,110,126939,买盘
319,14:40:15,11.53,--,156,179868,卖盘
320,14:40:12,11.53,-0.01,35,40355,卖盘
321,14:40:09,11.54,0.01,47,54237,买盘
322,14:40:03,11.53,--,56,64568,卖盘
323,14:40:00,11.53,--,36,41508,卖盘
324,14:39:54,11.53,--,85,98005,卖盘
325,14:39:51,11.53,-0.01,510,588030,卖盘
326,14:39:48,11.54,--,27,31157,买盘
327,14:39:45,11.54,--,79,91166,买盘
328,14:39:42,11.54,--,30,34620,买盘
329,14:39:39,11.54,--,22,25387,买盘
330,14:39:36,11.54,-0.01,99,114245,卖盘
331,14:39:33,11.55,0.01,77,88935,买盘
332,14:39:30,11.54,--,10,11540,卖盘
333,14:39:27,11.54,--,116,133864,卖盘
334,14:39:24,11.54,--,69,79626,卖盘
335,14:39:21,11.54,--,133,153482,卖盘
336,14:39:18,11.54,-0.01,255,294270,卖盘
337,14:39:15,11.55,0.01,25,28875,买盘
338,14:39:12,11.54,-0.01,12,13847,卖盘
339,14:39:09,11.55,--,307,354585,买盘
340,14:39:06,11.55,0.01,64,73920,买盘
341,14:39:03,11.54,--,80,92320,卖盘
342,14:39:00,11.54,-0.01,415,478909,卖盘
343,14:38:57,11.55,--,255,294525,买盘
344,14:38:54,11.55,0.01,89,102795,买盘
345,14:38:51,11.54,-0.01,5,5770,中性盘
346,14:38:45,11.55,--,105,121275,买盘
347,14:38:42,11.55,0.01,64,73920,买盘
348,14:38:39,11.54,-0.01,123,141942,中性盘
349,14:38:36,11.55,0.02,36,41580,买盘
350,14:38:33,11.53,-0.02,52,59956,卖盘
351,14:38:30,11.55,0.02,8,9240,买盘
352,14:38:24,11.53,--,6,6918,卖盘
353,14:38:21,11.53,--,109,125677,卖盘
354,14:38:18,11.53,-0.01,65,74945,卖盘
355,14:38:15,11.54,--,53,61161,买盘
356,14:38:12,11.54,0.01,276,318504,买盘
357,14:38:09,11.53,-0.01,36,41508,卖盘
358,14:38:06,11.54,--,364,420055,买盘
359,14:38:03,11.54,--,105,121169,买盘
360,14:38:00,11.54,--,51,58853,买盘
361,14:37:57,11.54,--,226,260803,买盘
362,14:37:54,11.54,--,223,257341,买盘
363,14:37:51,11.54,--,6,6923,买盘
364,14:37:45,11.54,--,106,122323,买盘
365,14:37:42,11.54,--,6,6923,买盘
366,14:37:39,11.54,--,284,327736,买盘
367,14:37:36,11.54,--,7,8077,买盘
368,14:37:33,11.54,--,103,118861,买盘
369,14:37:30,11.54,--,218,251571,卖盘
370,14:37:27,11.54,--,218,251571,卖盘
371,14:37:24,11.54,--,71,81934,卖盘
372,14:37:21,11.54,-0.01,214,246955,卖盘
373,14:37:18,11.55,--,3,3465,买盘
374,14:37:15,11.55,0.01,25,28875,买盘
375,14:37:12,11.54,-0.01,55,63469,卖盘
376,14:37:09,11.55,--,47,54285,买盘
377,14:37:06,11.55,--,110,127050,买盘
378,14:37:03,11.55,--,65,75075,买盘
379,14:37:00,11.55,--,26,30030,买盘
380,14:36:57,11.55,--,91,105105,买盘
381,14:36:54,11.55,-0.01,540,623700,卖盘
382,14:36:51,11.56,0.01,23,26588,买盘
383,14:36:48,11.55,--,63,72765,卖盘
384,14:36:45,11.55,--,440,508200,卖盘
385,14:36:42,11.55,-0.01,230,265650,卖盘
386,14:36:39,11.56,--,216,249696,买盘
387,14:36:36,11.56,0.01,236,272816,买盘
388,14:36:33,11.55,--,214,247170,卖盘
389,14:36:30,11.55,-0.01,67,77385,卖盘
390,14:36:27,11.56,0.01,74,85544,买盘
391,14:36:24,11.55,-0.01,150,173250,卖盘
392,14:36:21,11.56,--,230,265880,买盘
393,14:36:18,11.56,-0.01,277,320212,卖盘
394,14:36:15,11.57,--,32,37024,买盘
395,14:36:09,11.57,--,49,56693,买盘
396,14:36:06,11.57,--,18,20826,买盘
397,14:36:03,11.57,--,103,119171,卖盘
398,14:36:00,11.57,--,31,35867,买盘
399,14:35:57,11.57,-0.01,221,255697,中性盘
400,14:35:54,11.58,0.02,220,254760,买盘
401,14:35:51,11.56,-0.01,66,76296,卖盘
402,14:35:48,11.57,--,30,34710,买盘
403,14:35:45,11.57,--,174,201318,买盘
404,14:35:42,11.57,--,237,274209,卖盘
405,14:35:39,11.57,--,129,149253,卖盘
406,14:35:33,11.57,--,179,207103,卖盘
407,14:35:30,11.57,-0.01,81,93717,卖盘
408,14:35:27,11.58,0.01,58,67164,买盘
409,14:35:24,11.57,--,26,30082,卖盘
410,14:35:21,11.57,-0.01,315,364455,卖盘
411,14:35:18,11.58,0.01,468,541944,买盘
412,14:35:15,11.57,--,80,92560,买盘
413,14:35:12,11.57,--,101,116857,买盘
414,14:35:09,11.57,0.01,30,34710,买盘
415,14:35:06,11.56,-0.01,317,366452,卖盘
416,14:35:03,11.57,--,464,536848,买盘
417,14:35:00,11.57,--,74,85618,买盘
418,14:34:57,11.57,--,99,114543,买盘
419,14:34:54,11.57,--,412,476684,买盘
420,14:34:51,11.57,--,676,782132,买盘
421,14:34:48,11.57,--,371,429247,买盘
422,14:34:45,11.57,--,151,174707,买盘
423,14:34:42,11.57,--,63,72891,买盘
424,14:34:39,11.57,-0.01,179,207103,卖盘
425,14:34:36,11.58,--,63,72954,买盘
426,14:34:33,11.58,--,162,187596,买盘
427,14:34:30,11.58,--,391,452778,买盘
428,14:34:27,11.58,--,154,178332,买盘
429,14:34:24,11.58,0.01,264,305712,买盘
430,14:34:21,11.57,-0.01,22,25454,卖盘
431,14:34:18,11.58,0.02,486,562788,买盘
432,14:34:15,11.56,-0.01,39,45084,卖盘
433,14:34:12,11.57,0.01,631,730067,买盘
434,14:34:09,11.56,--,475,549100,卖盘
435,14:34:06,11.56,--,3409,3941208,买盘
436,14:34:03,11.56,0.01,29,33524,买盘
437,14:34:00,11.55,0.01,1824,2107644,买盘
438,14:33:57,11.54,-0.01,241,278114,卖盘
439,14:33:54,11.55,0.01,109,125895,买盘
440,14:33:51,11.54,-0.01,41,47314,卖盘
441,14:33:48,11.55,--,10,11550,买盘
442,14:33:45,11.55,0.01,369,426195,买盘
443,14:33:42,11.54,--,30,34620,买盘
444,14:33:39,11.54,0.01,33,38082,买盘
445,14:33:36,11.53,-0.01,128,147584,卖盘
446,14:33:33,11.54,--,101,116553,买盘
447,14:33:30,11.54,0.01,214,246955,买盘
448,14:33:27,11.53,-0.01,165,190245,卖盘
449,14:33:24,11.54,--,62,71548,买盘
450,14:33:21,11.54,0.01,805,928969,买盘
451,14:33:18,11.53,--,27,31131,卖盘
452,14:33:15,11.53,--,489,563817,买盘
453,14:33:12,11.53,0.01,1024,1180672,买盘
454,14:33:09,11.52,--,11,12672,卖盘
455,14:33:06,11.52,--,151,173952,卖盘
456,14:33:03,11.52,--,1751,2017152,买盘
457,14:33:00,11.52,--,30,34560,买盘
458,14:32:57,11.52,0.01,100,115200,买盘
459,14:32:54,11.51,-0.01,23,26473,卖盘
460,14:32:51,11.52,0.01,27,31104,买盘
461,14:32:48,11.51,-0.01,13,14963,卖盘
462,14:32:45,11.52,0.01,9,10368,买盘
463,14:32:42,11.51,-0.01,46,52946,卖盘
464,14:32:39,11.52,0.01,26,29952,买盘
465,14:32:36,11.51,--,40,46040,买盘
466,14:32:33,11.51,--,1,1151,买盘
467,14:32:30,11.51,--,129,148479,买盘
468,14:32:24,11.51,0.01,83,95533,买盘
469,14:32:21,11.5,--,329,378350,卖盘
470,14:32:18,11.5,--,2,2300,卖盘
471,14:32:15,11.5,-0.01,82,94300,卖盘
472,14:32:12,11.51,0.01,5,5755,买盘
473,14:32:09,11.5,-0.01,39,44850,卖盘
474,14:32:06,11.51,--,17,19567,买盘
475,14:32:03,11.51,--,17,19567,买盘
476,14:32:00,11.51,--,362,416662,买盘
477,14:31:57,11.51,--,4,4604,买盘
478,14:31:54,11.51,0.01,5,5755,买盘
479,14:31:51,11.5,-0.01,48,55200,卖盘
480,14:31:48,11.51,--,1049,1208089,卖盘
481,14:31:45,11.51,--,1,1151,卖盘
482,14:31:42,11.51,--,1,1151,卖盘
483,14:31:39,11.51,--,33,37983,卖盘
484,14:31:36,11.51,--,1,1151,卖盘
485,14:31:33,11.51,-0.01,14,16574,卖盘
486,14:31:30,11.52,0.01,66,76032,买盘
487,14:31:27,11.51,--,54,62154,卖盘
488,14:31:24,11.51,--,1,1151,卖盘
489,14:31:21,11.51,-0.01,15,17265,卖盘
490,14:31:15,11.52,0.01,20,23040,买盘
491,14:31:12,11.51,--,36,41436,卖盘
492,14:31:09,11.51,-0.01,44,50644,卖盘
493,14:31:06,11.52,--,45,51840,买盘
494,14:31:03,11.52,0.01,15,17280,买盘
495,14:31:00,11.51,--,63,72513,卖盘
496,14:30:57,11.51,-0.01,193,222143,卖盘
497,14:30:54,11.52,--,127,146304,买盘
498,14:30:51,11.52,--,10,11520,买盘
499,14:30:45,11.52,--,55,63360,买盘
500,14:30:42,11.52,--,10,11520,买盘
501,14:30:39,11.52,--,23,26496,买盘
502,14:30:36,11.52,--,26,29952,买盘
503,14:30:33,11.52,0.01,1,1152,买盘
504,14:30:30,11.51,-0.01,10,11510,卖盘
505,14:30:24,11.52,0.01,72,82944,买盘
506,14:30:21,11.51,--,333,383283,卖盘
507,14:30:18,11.51,-0.01,20,23020,卖盘
508,14:30:15,11.52,0.01,1,1152,买盘
509,14:30:12,11.51,-0.01,3,3453,卖盘
510,14:30:09,11.52,0.01,29,33408,买盘
511,14:30:06,11.51,-0.01,20,23020,卖盘
512,14:30:03,11.52,--,23,26496,买盘
513,14:30:00,11.52,--,7,8064,买盘
514,14:29:57,11.52,--,8,9216,买盘
515,14:29:54,11.52,--,23,26496,买盘
516,14:29:51,11.52,--,26,29952,买盘
517,14:29:48,11.52,--,7,8064,买盘
518,14:29:45,11.52,--,53,61056,买盘
519,14:29:42,11.52,--,5,5760,买盘
520,14:29:39,11.52,--,14,16128,买盘
521,14:29:36,11.52,--,92,105984,买盘
522,14:29:33,11.52,--,48,55296,买盘
523,14:29:30,11.52,--,183,210816,买盘
524,14:29:27,11.52,--,110,126720,买盘
525,14:29:24,11.52,--,25,28800,买盘
526,14:29:21,11.52,--,391,450432,卖盘
527,14:29:18,11.52,--,69,79488,卖盘
528,14:29:15,11.52,-0.01,8,9216,卖盘
529,14:29:12,11.53,--,98,112994,买盘
530,14:29:09,11.53,0.01,24,27672,买盘
531,14:29:06,11.52,-0.01,5,5760,卖盘
532,14:29:03,11.53,--,140,161420,买盘
533,14:29:00,11.53,0.01,7,8071,买盘
534,14:28:57,11.52,--,54,62208,卖盘
535,14:28:54,11.52,-0.01,25,28800,卖盘
536,14:28:51,11.53,--,630,726390,买盘
537,14:28:48,11.53,--,46,53038,买盘
538,14:28:45,11.53,0.01,327,377031,买盘
539,14:28:42,11.52,-0.01,10,11520,卖盘
540,14:28:39,11.53,--,76,87628,买盘
541,14:28:36,11.53,--,65,74945,买盘
542,14:28:33,11.53,--,203,234059,买盘
543,14:28:30,11.53,--,34,39202,买盘
544,14:28:27,11.53,--,13,14989,买盘
545,14:28:24,11.53,0.01,168,193704,买盘
546,14:28:21,11.52,--,40,46080,卖盘
547,14:28:18,11.52,-0.01,15,17280,卖盘
548,14:28:15,11.53,--,34,39202,买盘
549,14:28:12,11.53,0.01,63,72639,买盘
550,14:28:09,11.52,--,66,76032,卖盘
551,14:28:03,11.52,--,809,931968,买盘
552,14:28:00,11.52,0.01,7,8064,买盘
553,14:27:57,11.51,-0.01,11,12661,卖盘
554,14:27:54,11.52,--,112,129024,买盘
555,14:27:51,11.52,--,12,13824,买盘
556,14:27:48,11.52,--,23,26496,买盘
557,14:27:45,11.52,0.01,306,352512,买盘
558,14:27:42,11.51,--,148,170348,卖盘
559,14:27:39,11.51,--,84,96684,卖盘
560,14:27:36,11.51,-0.01,329,378679,卖盘
561,14:27:33,11.52,--,225,259200,买盘
562,14:27:30,11.52,0.01,63,72576,买盘
563,14:27:27,11.51,-0.01,13,14963,卖盘
564,14:27:24,11.52,0.01,14,16128,买盘
565,14:27:21,11.51,--,33,37983,卖盘
566,14:27:18,11.51,--,834,959934,买盘
567,14:27:15,11.51,--,71,81721,买盘
568,14:27:12,11.51,--,122,140422,买盘
569,14:27:09,11.51,--,92,105892,买盘
570,14:27:06,11.51,--,19,21869,买盘
571,14:27:03,11.51,--,158,181858,卖盘
572,14:27:00,11.51,-0.01,306,352206,卖盘
573,14:26:57,11.52,0.01,102,117504,买盘
574,14:26:54,11.51,--,2,2302,卖盘
575,14:26:51,11.51,-0.01,20,23020,卖盘
576,14:26:48,11.52,--,111,127872,买盘
577,14:26:45,11.52,--,47,54144,买盘
578,14:26:42,11.52,-0.01,37,42624,卖盘
579,14:26:39,11.53,--,167,192551,买盘
580,14:26:33,11.53,--,110,126830,买盘
581,14:26:30,11.53,--,88,101464,买盘
582,14:26:27,11.53,--,42,48426,买盘
583,14:26:24,11.53,--,154,177562,买盘
584,14:26:21,11.53,-0.01,23,26519,中性盘
585,14:26:18,11.54,--,180,207719,买盘
586,14:26:15,11.54,--,157,181178,买盘
587,14:26:12,11.54,--,241,278114,买盘
588,14:26:09,11.54,--,163,188102,买盘
589,14:26:06,11.54,--,259,298886,卖盘
590,14:26:03,11.54,-0.01,2709,3126186,卖盘
591,14:26:00,11.55,--,296,341880,买盘
592,14:25:57,11.55,0.01,679,784245,买盘
593,14:25:54,11.54,--,337,388898,买盘
594,14:25:51,11.54,--,408,470831,买盘
595,14:25:48,11.54,0.01,145,167330,买盘
596,14:25:45,11.53,--,515,593795,买盘
597,14:25:42,11.53,--,153,176409,买盘
598,14:25:39,11.53,--,231,266343,买盘
599,14:25:36,11.53,0.02,4079,4703317,买盘
600,14:25:33,11.51,0.01,1101,1268114,买盘
601,14:25:30,11.5,0.01,10206,11736900,买盘
602,14:25:27,11.49,--,1025,1177725,卖盘
603,14:25:24,11.49,--,157,180393,卖盘
604,14:25:21,11.49,0.01,2907,3340326,买盘
605,14:25:18,11.48,0.01,19,21812,买盘
606,14:25:15,11.47,-0.01,5,5735,卖盘
607,14:25:12,11.48,0.01,3300,3788400,买盘
608,14:25:09,11.47,-0.01,20,22940,卖盘
609,14:25:06,11.48,0.01,23,26404,买盘
610,14:25:03,11.47,--,2,2294,卖盘
611,14:25:00,11.47,--,33,37851,卖盘
612,14:24:54,11.47,--,8,9176,卖盘
613,14:24:48,11.47,--,56,64232,卖盘
614,14:24:45,11.47,-0.01,47,53909,卖盘
615,14:24:42,11.48,0.01,12,13776,买盘
616,14:24:39,11.47,--,452,518902,买盘
617,14:24:33,11.47,--,2,2294,买盘
618,14:24:30,11.47,0.01,7,8029,买盘
619,14:24:27,11.46,--,2,2292,卖盘
620,14:24:24,11.46,--,60,68760,卖盘
621,14:24:21,11.46,--,3,3438,卖盘
622,14:24:18,11.46,-0.01,21,24066,卖盘
623,14:24:12,11.47,0.01,55,63085,买盘
624,14:24:09,11.46,-0.01,5,5730,卖盘
625,14:24:06,11.47,--,17,19499,买盘
626,14:24:03,11.47,--,7,8029,买盘
627,14:24:00,11.47,0.01,23,26381,买盘
628,14:23:57,11.46,--,6,6876,卖盘
629,14:23:51,11.46,-0.01,11,13522,卖盘
630,14:23:45,11.47,--,57,65379,买盘
631,14:23:39,11.47,--,10,11470,买盘
632,14:23:30,11.47,0.02,463,531061,买盘
633,14:23:27,11.45,-0.02,1,1145,卖盘
634,14:23:15,11.47,0.02,14,16058,买盘
635,14:23:09,11.45,--,15,17175,卖盘
636,14:23:06,11.45,-0.02,10,11450,卖盘
637,14:23:00,11.47,0.01,62,71114,买盘
638,14:22:57,11.46,0.01,54,61884,买盘
639,14:22:54,11.45,--,235,269075,买盘
640,14:22:51,11.45,--,9,10305,买盘
641,14:22:48,11.45,--,1,1145,买盘
642,14:22:45,11.45,--,196,224420,买盘
643,14:22:42,11.45,--,22,25190,买盘
644,14:22:36,11.45,--,56,64119,买盘
645,14:22:33,11.45,0.01,14,16029,买盘
646,14:22:30,11.44,-0.01,16,18304,卖盘
647,14:22:27,11.45,--,37,42365,买盘
648,14:22:24,11.45,--,9,10305,买盘
649,14:22:21,11.45,-0.02,391,447695,卖盘
650,14:22:15,11.47,0.01,70,80290,买盘
651,14:22:12,11.46,-0.01,2,2292,中性盘
652,14:22:09,11.47,--,15,17205,买盘
653,14:22:06,11.47,0.02,18,20646,买盘
654,14:22:03,11.45,-0.02,39,44655,卖盘
655,14:22:00,11.47,--,9,10323,买盘
656,14:21:48,11.47,0.01,3648,4184256,买盘
657,14:21:45,11.46,0.01,20,22920,买盘
658,14:21:39,11.45,-0.01,235,269075,卖盘
659,14:21:36,11.46,--,10,11460,买盘
660,14:21:33,11.46,--,1,1146,买盘
661,14:21:30,11.46,0.01,27,30942,买盘
662,14:21:27,11.45,--,14,16029,卖盘
663,14:21:21,11.45,--,20,22900,卖盘
664,14:21:18,11.45,-0.01,20,22900,卖盘
665,14:21:15,11.46,0.01,3,3438,买盘
666,14:21:12,11.45,-0.01,50,57250,卖盘
667,14:21:09,11.46,0.01,10,11460,买盘
668,14:21:06,11.45,-0.01,63,72135,卖盘
669,14:21:03,11.46,--,2,2292,买盘
670,14:21:00,11.46,0.01,32,36672,买盘
671,14:20:54,11.45,--,100,114500,卖盘
672,14:20:48,11.45,-0.01,55,62974,卖盘
673,14:20:45,11.46,0.01,30,34380,买盘
674,14:20:42,11.45,-0.01,1,1145,卖盘
675,14:20:39,11.46,--,15,17190,买盘
676,14:20:36,11.46,0.01,4,4584,买盘
677,14:20:33,11.45,-0.01,12,13740,卖盘
678,14:20:30,11.46,0.01,7,8022,买盘
679,14:20:24,11.45,-0.01,50,57250,卖盘
680,14:20:21,11.46,--,20,22920,买盘
681,14:20:15,11.46,0.01,52,59592,买盘
682,14:20:12,11.45,--,142,162590,卖盘
683,14:20:09,11.45,-0.01,15,17175,卖盘
684,14:20:06,11.46,--,10,11460,买盘
685,14:20:00,11.46,--,19,21774,买盘
686,14:19:57,11.46,0.01,10,11460,买盘
687,14:19:54,11.45,--,20,22900,卖盘
688,14:19:51,11.45,--,30,34350,卖盘
689,14:19:48,11.45,-0.01,10,11450,卖盘
690,14:19:45,11.46,0.01,22,25212,买盘
691,14:19:42,11.45,--,139,159155,买盘
692,14:19:39,11.45,--,10,11450,买盘
693,14:19:36,11.45,0.01,7,8014,买盘
694,14:19:33,11.44,-0.01,6,6864,卖盘
695,14:19:30,11.45,--,7,8014,买盘
696,14:19:27,11.45,--,15,17175,买盘
697,14:19:21,11.45,0.01,15,17175,买盘
698,14:19:18,11.44,-0.01,2,2288,卖盘
699,14:19:12,11.45,0.01,10,11450,买盘
700,14:19:09,11.44,-0.01,15,17160,卖盘
701,14:19:06,11.45,-0.01,108,123923,卖盘
702,14:19:00,11.46,0.01,406,465276,买盘
703,14:18:51,11.45,--,3,3435,卖盘
704,14:18:48,11.45,-0.01,7,8014,卖盘
705,14:18:45,11.46,0.01,8,9168,买盘
706,14:18:42,11.45,-0.01,1,1145,卖盘
707,14:18:36,11.46,0.01,11,12606,买盘
708,14:18:30,11.45,--,10,11450,卖盘
709,14:18:27,11.45,--,20,23781,买盘
710,14:18:21,11.45,--,12,13740,买盘
711,14:18:18,11.45,--,170,194913,卖盘
712,14:18:15,11.45,--,217,248464,卖盘
713,14:18:12,11.45,-0.01,203,232435,卖盘
714,14:18:09,11.46,0.01,10,11460,买盘
715,14:18:03,11.45,--,17,19465,卖盘
716,14:18:00,11.45,--,23,26335,卖盘
717,14:17:54,11.45,--,24,27480,卖盘
718,14:17:51,11.45,--,5,5725,卖盘
719,14:17:48,11.45,-0.01,2,2290,卖盘
720,14:17:45,11.46,0.01,33,37818,买盘
721,14:17:42,11.45,-0.01,41,46945,卖盘
722,14:17:39,11.46,0.01,32,36672,买盘
723,14:17:36,11.45,--,4,4580,卖盘
724,14:17:33,11.45,-0.01,5,5725,卖盘
725,14:17:30,11.46,--,6,6876,买盘
726,14:17:27,11.46,--,10,11460,买盘
727,14:17:21,11.46,--,13,14898,买盘
728,14:17:18,11.46,0.01,4,4584,买盘
729,14:17:12,11.45,-0.01,20,22900,卖盘
730,14:17:09,11.46,0.01,38,43548,买盘
731,14:17:06,11.45,-0.01,67,76944,卖盘
732,14:17:03,11.46,--,26,29796,买盘
733,14:17:00,11.46,--,10,11460,买盘
734,14:16:57,11.46,0.01,18,20628,买盘
735,14:16:54,11.45,--,28,32059,卖盘
736,14:16:51,11.45,-0.01,10,11450,卖盘
737,14:16:48,11.46,--,31,35526,买盘
738,14:16:45,11.46,--,2,2292,买盘
739,14:16:39,11.46,--,3,3438,买盘
740,14:16:36,11.46,--,10,11460,买盘
741,14:16:33,11.46,--,41,46986,买盘
742,14:16:30,11.46,0.01,7,8022,买盘
743,14:16:24,11.45,-0.01,5,5725,卖盘
744,14:16:21,11.46,--,32,36672,买盘
745,14:16:18,11.46,--,28,32088,买盘
746,14:16:15,11.46,--,20,22920,买盘
747,14:16:12,11.46,-0.01,44,50424,中性盘
748,14:16:09,11.47,--,78,90085,买盘
749,14:16:06,11.47,0.01,22,25234,买盘
750,14:16:03,11.46,-0.01,60,68760,卖盘
751,14:16:00,11.47,0.01,11,12617,买盘
752,14:15:57,11.46,--,160,183360,卖盘
753,14:15:54,11.46,--,50,57300,卖盘
754,14:15:48,11.46,-0.01,40,45840,卖盘
755,14:15:45,11.47,0.01,12,13764,买盘
756,14:15:42,11.46,-0.01,10,11460,卖盘
757,14:15:39,11.47,0.01,12,13764,买盘
758,14:15:36,11.46,--,29,33761,买盘
759,14:15:33,11.46,--,5,5730,买盘
760,14:15:30,11.46,--,66,75636,买盘
761,14:15:27,11.46,--,313,358698,买盘
762,14:15:21,11.46,--,5,5730,买盘
763,14:15:18,11.46,0.01,9,10314,买盘
764,14:15:12,11.45,-0.01,21,24045,卖盘
765,14:15:09,11.46,--,84,96264,买盘
766,14:15:06,11.46,--,12,13752,买盘
767,14:15:03,11.46,--,392,449232,买盘
768,14:15:00,11.46,--,28,32088,买盘
769,14:14:57,11.46,--,27,30942,买盘
770,14:14:54,11.46,--,151,173046,买盘
771,14:14:51,11.46,0.01,16,18336,买盘
772,14:14:48,11.45,-0.01,42,48090,卖盘
773,14:14:42,11.46,0.01,21,24066,买盘
774,14:14:39,11.45,--,70,80150,卖盘
775,14:14:36,11.45,--,30,34350,卖盘
776,14:14:33,11.45,-0.01,712,815240,卖盘
777,14:14:30,11.46,--,28,32088,买盘
778,14:14:27,11.46,--,3,3438,买盘
779,14:14:21,11.46,--,1,1146,买盘
780,14:14:18,11.46,--,129,147834,买盘
781,14:14:15,11.46,0.01,44,50424,买盘
782,14:14:12,11.45,-0.01,2,2290,卖盘
783,14:14:09,11.46,--,41,46986,买盘
784,14:14:06,11.46,0.01,154,176484,买盘
785,14:14:03,11.45,-0.01,65,74425,卖盘
786,14:14:00,11.46,0.01,181,207426,买盘
787,14:13:54,11.45,-0.01,10,11450,卖盘
788,14:13:51,11.46,--,10,11460,买盘
789,14:13:48,11.46,0.01,9,10314,买盘
790,14:13:45,11.45,--,162,185490,卖盘
791,14:13:42,11.45,-0.01,10,11450,卖盘
792,14:13:39,11.46,0.01,45,51570,买盘
793,14:13:36,11.45,--,2061,2360497,买盘
794,14:13:33,11.45,0.01,15,17175,买盘
795,14:13:30,11.44,0.01,511,584584,买盘
796,14:13:27,11.43,-0.01,108,123444,卖盘
797,14:13:24,11.44,0.01,45,51480,买盘
798,14:13:21,11.43,-0.01,1,1143,卖盘
799,14:13:18,11.44,--,51,58344,买盘
800,14:13:12,11.44,--,4,4576,买盘
801,14:13:09,11.44,--,13,14872,买盘
802,14:13:06,11.44,--,61,69784,买盘
803,14:13:03,11.44,--,75,85800,买盘
804,14:13:00,11.44,0.01,53,60632,买盘
805,14:12:57,11.43,-0.01,188,214884,卖盘
806,14:12:54,11.44,--,470,537680,买盘
807,14:12:51,11.44,--,14,16016,买盘
808,14:12:48,11.44,--,14,16130,买盘
809,14:12:45,11.44,--,23,26312,买盘
810,14:12:39,11.44,0.01,23,26312,买盘
811,14:12:36,11.43,-0.01,32,36576,卖盘
812,14:12:33,11.44,0.01,7,8008,买盘
813,14:12:30,11.43,--,10,11430,卖盘
814,14:12:27,11.43,-0.01,30,34290,卖盘
815,14:12:24,11.44,0.01,2,2288,买盘
816,14:12:21,11.43,--,470,537210,买盘
817,14:12:18,11.43,--,300,342900,买盘
818,14:12:15,11.43,--,25,28575,买盘
819,14:12:12,11.43,--,10,11430,买盘
820,14:12:06,11.43,--,28,32004,买盘
821,14:12:03,11.43,--,2,2286,买盘
822,14:12:00,11.43,--,7,8001,买盘
823,14:11:57,11.43,0.01,14,16002,买盘
824,14:11:54,11.42,-0.01,50,57100,卖盘
825,14:11:51,11.43,--,15,17145,买盘
826,14:11:48,11.43,--,4,4572,买盘
827,14:11:36,11.43,--,223,254889,买盘
828,14:11:33,11.43,--,26,29718,买盘
829,14:11:30,11.43,0.01,6,6858,买盘
830,14:11:24,11.42,-0.01,22,25124,卖盘
831,14:11:21,11.43,0.01,8,9144,买盘
832,14:11:18,11.42,--,20,22840,卖盘
833,14:11:15,11.42,--,9,10278,卖盘
834,14:11:12,11.42,-0.01,12,13704,卖盘
835,14:11:09,11.43,0.01,10,11430,买盘
836,14:11:06,11.42,-0.01,17,19414,卖盘
837,14:11:03,11.43,--,2,2286,买盘
838,14:11:00,11.43,0.01,7,8001,买盘
839,14:10:57,11.42,--,5,5710,卖盘
840,14:10:54,11.42,--,1,1142,卖盘
841,14:10:51,11.42,--,90,102780,卖盘
842,14:10:48,11.42,--,10,11420,卖盘
843,14:10:42,11.42,-0.01,52,59384,卖盘
844,14:10:39,11.43,0.01,38,43434,买盘
845,14:10:36,11.42,--,54,61668,卖盘
846,14:10:33,11.42,-0.01,5,5710,卖盘
847,14:10:30,11.43,--,6,6858,买盘
848,14:10:27,11.43,--,20,22860,买盘
849,14:10:24,11.43,0.01,55,62865,买盘
850,14:10:21,11.42,--,40,45680,卖盘
851,14:10:15,11.42,-0.01,9,10278,卖盘
852,14:10:09,11.43,--,24,27432,买盘
853,14:10:06,11.43,0.01,1,1143,买盘
854,14:10:03,11.42,-0.01,29,33118,卖盘
855,14:10:00,11.43,0.01,7,8001,买盘
856,14:09:57,11.42,--,49,55958,卖盘
857,14:09:54,11.42,-0.01,40,45680,卖盘
858,14:09:48,11.43,0.01,441,504063,买盘
859,14:09:42,11.42,--,1,1142,卖盘
860,14:09:39,11.42,-0.01,200,228400,卖盘
861,14:09:36,11.43,--,10,11430,买盘
862,14:09:33,11.43,--,28,32004,买盘
863,14:09:30,11.43,0.01,6,6858,买盘
864,14:09:27,11.42,0.01,128,146176,买盘
865,14:09:24,11.41,--,13,14833,卖盘
866,14:09:21,11.41,--,10,11410,卖盘
867,14:09:12,11.41,-0.01,22,25102,卖盘
868,14:09:09,11.42,--,5,5710,买盘
869,14:09:06,11.42,--,10,11420,买盘
870,14:09:03,11.42,0.01,7,7994,买盘
871,14:09:00,11.41,-0.01,67,76447,卖盘
872,14:08:54,11.42,0.01,14,15988,买盘
873,14:08:51,11.41,--,9,10269,卖盘
874,14:08:48,11.41,-0.01,1,1141,卖盘
875,14:08:45,11.42,--,3,3426,买盘
876,14:08:39,11.42,--,21,23982,买盘
877,14:08:36,11.42,--,10,11420,买盘
878,14:08:33,11.42,--,10,11420,买盘
879,14:08:30,11.42,--,7,7994,买盘
880,14:08:27,11.42,0.01,1,1142,买盘
881,14:08:24,11.41,--,10,11410,卖盘
882,14:08:18,11.41,--,34,38794,卖盘
883,14:08:15,11.41,-0.01,4,4564,卖盘
884,14:08:12,11.42,--,37,42254,买盘
885,14:08:06,11.42,--,10,11420,买盘
886,14:08:03,11.42,--,17,19414,买盘
887,14:08:00,11.42,--,6,6852,买盘
888,14:07:54,11.42,--,176,200992,卖盘
889,14:07:51,11.42,-0.01,51,58242,卖盘
890,14:07:48,11.43,--,271,309753,买盘
891,14:07:45,11.43,0.01,49,56007,买盘
892,14:07:42,11.42,-0.01,4,4568,卖盘
893,14:07:39,11.43,0.01,74,84582,买盘
894,14:07:36,11.42,-0.01,4,4568,卖盘
895,14:07:33,11.43,0.01,11,12573,买盘
896,14:07:30,11.42,--,24,27408,卖盘
897,14:07:27,11.42,--,23,26266,卖盘
898,14:07:24,11.42,--,16,18272,卖盘
899,14:07:18,11.42,--,34,38828,买盘
900,14:07:12,11.42,-0.01,26,29692,买盘
901,14:07:09,11.43,--,10,11430,买盘
902,14:07:06,11.43,--,18,20574,买盘
903,14:07:03,11.43,0.01,32,36576,买盘
904,14:07:00,11.42,--,6,6852,买盘
905,14:06:54,11.42,--,7,7994,买盘
906,14:06:51,11.42,--,24,27408,买盘
907,14:06:48,11.42,--,25,28550,买盘
908,14:06:45,11.42,--,1,1142,买盘
909,14:06:39,11.42,--,27,30834,买盘
910,14:06:36,11.42,--,10,11420,买盘
911,14:06:33,11.42,--,7,7994,买盘
912,14:06:30,11.42,--,7,7994,买盘
913,14:06:27,11.42,0.02,14,15988,买盘
914,14:06:24,11.4,--,1,1140,卖盘
915,14:06:18,11.4,-0.02,23,26220,卖盘
916,14:06:09,11.42,--,10,11420,买盘
917,14:06:03,11.42,--,23,26266,买盘
918,14:06:00,11.42,0.01,7,7994,买盘
919,14:05:57,11.41,-0.01,10,11410,卖盘
920,14:05:54,11.42,--,11,12562,买盘
921,14:05:51,11.42,--,114,130188,买盘
922,14:05:48,11.42,--,3,3426,买盘
923,14:05:45,11.42,--,345,393990,买盘
924,14:05:42,11.42,--,21,23982,买盘
925,14:05:39,11.42,--,60,68520,买盘
926,14:05:33,11.42,--,13,14846,买盘
927,14:05:30,11.42,--,6,6852,买盘
928,14:05:27,11.42,0.01,1,1142,买盘
929,14:05:21,11.41,-0.01,2,2282,卖盘
930,14:05:12,11.42,--,28,31976,买盘
931,14:05:09,11.42,0.01,10,11420,买盘
932,14:05:06,11.41,-0.01,15,17115,卖盘
933,14:05:03,11.42,--,18,20556,买盘
934,14:05:00,11.42,0.01,7,7994,买盘
935,14:04:57,11.41,--,16,18256,卖盘
936,14:04:54,11.41,-0.01,20,22820,卖盘
937,14:04:51,11.42,0.01,19,21698,买盘
938,14:04:45,11.41,-0.01,1,1141,卖盘
939,14:04:42,11.42,--,3,3426,买盘
940,14:04:39,11.42,--,23,26266,买盘
941,14:04:36,11.42,0.01,27,30834,买盘
942,14:04:33,11.41,--,37,42217,卖盘
943,14:04:30,11.41,-0.01,8,9128,卖盘
944,14:04:27,11.42,0.01,1,1142,买盘
945,14:04:24,11.41,--,38,43358,卖盘
946,14:04:21,11.41,-0.01,152,173432,卖盘
947,14:04:12,11.42,--,26,29692,买盘
948,14:04:06,11.42,--,10,11420,买盘
949,14:04:03,11.42,--,11,12562,买盘
950,14:04:00,11.42,--,17,19414,买盘
951,14:03:57,11.42,--,14,15988,买盘
952,14:03:54,11.42,--,5,5710,买盘
953,14:03:51,11.42,0.01,23,26266,买盘
954,14:03:48,11.41,-0.01,18,20538,卖盘
955,14:03:45,11.42,--,248,283216,买盘
956,14:03:42,11.42,--,2,2284,买盘
957,14:03:39,11.42,--,10,11420,买盘
958,14:03:33,11.42,--,7,7994,买盘
959,14:03:30,11.42,--,6,6852,买盘
960,14:03:27,11.42,--,1,1142,买盘
961,14:03:21,11.42,0.01,15,17130,买盘
962,14:03:18,11.41,--,10,11410,卖盘
963,14:03:09,11.41,-0.01,2,2282,卖盘
964,14:03:06,11.42,--,17,19414,买盘
965,14:03:03,11.42,--,9,10278,买盘
966,14:03:00,11.42,--,7,7994,买盘
967,14:02:57,11.42,0.01,59,67378,买盘
968,14:02:54,11.41,--,19,21679,买盘
969,14:02:51,11.41,0.01,10,11410,买盘
970,14:02:48,11.4,-0.01,157,178980,卖盘
971,14:02:42,11.41,--,14,15974,买盘
972,14:02:39,11.41,--,57,65037,买盘
973,14:02:36,11.41,--,5,5705,买盘
974,14:02:33,11.41,--,9,10269,买盘
975,14:02:30,11.41,0.01,7,7987,买盘
976,14:02:21,11.4,-0.01,106,120840,卖盘
977,14:02:18,11.41,--,10,11410,买盘
978,14:02:15,11.41,--,25,28525,买盘
979,14:02:09,11.41,--,10,11410,买盘
980,14:02:03,11.41,--,35,39935,买盘
981,14:02:00,11.41,--,16,18256,买盘
982,14:01:54,11.41,0.01,87,99267,买盘
983,14:01:51,11.4,-0.02,269,306660,卖盘
984,14:01:45,11.42,0.01,1,1142,买盘
985,14:01:39,11.41,--,36,41076,卖盘
986,14:01:36,11.41,-0.01,22,25102,卖盘
987,14:01:33,11.42,--,7,7994,买盘
988,14:01:30,11.42,--,43,49106,买盘
989,14:01:27,11.42,--,40,45680,买盘
990,14:01:24,11.42,--,7,7994,买盘
991,14:01:21,11.42,--,145,165590,买盘
992,14:01:18,11.42,--,10,11420,买盘
993,14:01:15,11.42,--,50,57100,买盘
994,14:01:06,11.42,--,10,11420,买盘
995,14:01:03,11.42,--,7,7994,买盘
996,14:01:00,11.42,0.01,6,6852,买盘
997,14:00:57,11.41,0.01,152,173432,买盘
998,14:00:51,11.4,--,20,22800,卖盘
999,14:00:48,11.4,--,19,21660,卖盘
1000,14:00:45,11.4,--,1425,1624933,买盘
1001,14:00:42,11.4,0.01,665,758100,买盘
1002,14:00:39,11.39,--,39,44421,买盘
1003,14:00:36,11.39,0.01,6,6834,买盘
1004,14:00:33,11.38,-0.01,9,10242,卖盘
1005,14:00:30,11.39,--,7,7973,买盘
1006,14:00:24,11.39,--,4,4556,买盘
1007,14:00:09,11.39,--,10,11390,买盘
1008,14:00:06,11.39,--,17,19363,买盘
1009,14:00:03,11.39,--,20,22780,买盘
1010,14:00:00,11.39,0.01,18,20502,买盘
1011,13:59:57,11.38,-0.01,52,59176,卖盘
1012,13:59:51,11.39,0.01,2,2278,买盘
1013,13:59:48,11.38,--,39,44382,卖盘
1014,13:59:45,11.38,-0.01,5,5690,卖盘
1015,13:59:42,11.39,--,73,83147,买盘
1016,13:59:39,11.39,0.01,17,19363,买盘
1017,13:59:33,11.38,-0.01,4,4552,卖盘
1018,13:59:30,11.39,--,22,25058,买盘
1019,13:59:27,11.39,--,151,171989,买盘
1020,13:59:21,11.39,--,1,1139,买盘
1021,13:59:18,11.39,--,18,20502,买盘
1022,13:59:12,11.39,0.01,35,39865,买盘
1023,13:59:09,11.38,-0.01,10,11380,卖盘
1024,13:59:06,11.39,--,10,11390,买盘
1025,13:59:03,11.39,0.01,12,13668,买盘
1026,13:59:00,11.38,-0.01,9,10242,卖盘
1027,13:58:54,11.39,--,2,2278,买盘
1028,13:58:51,11.39,--,14,15946,买盘
1029,13:58:48,11.39,--,1,1139,买盘
1030,13:58:45,11.39,0.01,1,1139,买盘
1031,13:58:42,11.38,--,44,50072,卖盘
1032,13:58:39,11.38,--,761,866018,买盘
1033,13:58:36,11.38,--,25,28450,买盘
1034,13:58:30,11.38,--,6,6828,买盘
1035,13:58:27,11.38,--,6,6828,买盘
1036,13:58:24,11.38,0.01,1,1138,买盘
1037,13:58:21,11.37,--,3,3410,卖盘
1038,13:58:18,11.37,--,18,20466,卖盘
1039,13:58:15,11.37,--,1,1137,卖盘
1040,13:58:12,11.37,--,22,25014,卖盘
1041,13:58:09,11.37,--,20,22740,卖盘
1042,13:58:03,11.37,-0.01,56,63671,卖盘
1043,13:58:00,11.38,0.01,7,7966,买盘
1044,13:57:48,11.37,-0.01,20,22740,卖盘
1045,13:57:45,11.38,0.02,2,2276,买盘
1046,13:57:42,11.36,-0.01,43,48848,卖盘
1047,13:57:39,11.37,--,10,11370,买盘
1048,13:57:33,11.37,--,19,21603,买盘
1049,13:57:30,11.37,--,236,268332,卖盘
1050,13:57:12,11.37,--,3,3410,卖盘
1051,13:57:09,11.37,--,22,25014,卖盘
1052,13:57:06,11.37,0.01,7,7958,中性盘
1053,13:57:00,11.36,--,189,214704,卖盘
1054,13:56:51,11.36,-0.02,3,3408,卖盘
1055,13:56:48,11.38,0.02,14,15932,买盘
1056,13:56:45,11.36,-0.02,60,68160,卖盘
1057,13:56:42,11.38,0.02,1,1138,买盘
1058,13:56:39,11.36,--,5,5680,卖盘
1059,13:56:36,11.36,-0.01,13,14768,卖盘
1060,13:56:33,11.37,--,5,5685,买盘
1061,13:56:30,11.37,--,18,20466,买盘
1062,13:56:27,11.37,0.01,1,1137,买盘
1063,13:56:21,11.36,--,61,69296,买盘
1064,13:56:18,11.36,--,1,1136,买盘
1065,13:56:12,11.36,--,3,3408,买盘
1066,13:56:09,11.36,0.01,14,15904,买盘
1067,13:56:06,11.35,-0.01,272,309208,卖盘
1068,13:56:03,11.36,--,2,2272,买盘
1069,13:56:00,11.36,--,6,6816,买盘
1070,13:55:48,11.36,--,1,1136,买盘
1071,13:55:45,11.36,--,4,4544,买盘
1072,13:55:42,11.36,--,213,241968,卖盘
1073,13:55:39,11.36,-0.02,20,22720,卖盘
1074,13:55:36,11.38,--,399,454062,买盘
1075,13:55:33,11.38,0.01,21,23898,买盘
1076,13:55:30,11.37,-0.01,7,7958,中性盘
1077,13:55:21,11.38,0.02,16,18208,买盘
1078,13:55:18,11.36,-0.02,1,1136,卖盘
1079,13:55:09,11.38,0.01,63,71694,买盘
1080,13:55:06,11.37,--,5,5685,买盘
1081,13:55:03,11.37,--,12,13643,卖盘
1082,13:55:00,11.37,-0.01,11,12507,卖盘
1083,13:54:57,11.38,0.02,17,19346,买盘
1084,13:54:54,11.36,--,20,22720,卖盘
1085,13:54:42,11.36,-0.02,12,13632,卖盘
1086,13:54:39,11.38,0.03,23,26174,买盘
1087,13:54:36,11.35,--,27,30645,卖盘
1088,13:54:33,11.35,-0.03,13,14755,卖盘
1089,13:54:30,11.38,0.03,7,7966,买盘
1090,13:54:27,11.35,--,47,53345,卖盘
1091,13:54:21,11.35,--,3,3405,卖盘
1092,13:54:18,11.35,--,20,22700,买盘
1093,13:54:15,11.35,--,80,90800,买盘
1094,13:54:12,11.35,--,16,18160,买盘
1095,13:54:09,11.35,--,16,18160,买盘
1096,13:54:06,11.35,--,10,11350,买盘
1097,13:54:03,11.35,-0.04,898,1019876,卖盘
1098,13:54:00,11.39,--,18,20502,买盘
1099,13:53:57,11.39,--,29,33031,买盘
1100,13:53:54,11.39,0.01,11,12529,买盘
1101,13:53:51,11.38,-0.01,14,15932,卖盘
1102,13:53:45,11.39,--,42,47838,买盘
1103,13:53:42,11.39,--,37,42143,买盘
1104,13:53:39,11.39,--,16,18224,买盘
1105,13:53:36,11.39,--,55,62645,买盘
1106,13:53:33,11.39,--,19,21641,买盘
1107,13:53:30,11.39,0.01,10,11390,买盘
1108,13:53:27,11.38,-0.01,7,7966,卖盘
1109,13:53:21,11.39,--,2,2278,买盘
1110,13:53:15,11.39,0.01,1,1139,买盘
1111,13:53:12,11.38,-0.01,2,2958,卖盘
1112,13:53:09,11.39,--,26,29614,买盘
1113,13:53:06,11.39,0.01,13,14807,买盘
1114,13:53:03,11.38,-0.01,10,11380,卖盘
1115,13:53:00,11.39,--,7,7973,买盘
1116,13:52:57,11.39,0.01,6,6834,买盘
1117,13:52:54,11.38,--,194,220772,卖盘
1118,13:52:51,11.38,-0.01,37,42106,卖盘
1119,13:52:45,11.39,--,1,1139,买盘
1120,13:52:42,11.39,--,38,43282,买盘
1121,13:52:39,11.39,--,16,18224,买盘
1122,13:52:36,11.39,0.01,10,11390,买盘
1123,13:52:33,11.38,-0.01,17,19346,卖盘
1124,13:52:30,11.39,0.01,6,6834,买盘
1125,13:52:21,11.38,-0.01,7,7966,卖盘
1126,13:52:18,11.39,0.01,23,26197,买盘
1127,13:52:15,11.38,0.01,31,35278,买盘
1128,13:52:12,11.37,--,3,4354,卖盘
1129,13:52:09,11.37,-0.01,36,40932,卖盘
1130,13:52:06,11.38,0.01,16,18208,买盘
1131,13:52:03,11.37,-0.01,95,108014,卖盘
1132,13:52:00,11.38,--,7,7966,买盘
1133,13:51:57,11.38,--,5,5690,买盘
1134,13:51:51,11.38,--,13,14794,买盘
1135,13:51:48,11.38,--,8,9104,买盘
1136,13:51:45,11.38,--,10,11380,买盘
1137,13:51:42,11.38,--,15,17070,买盘
1138,13:51:39,11.38,--,41,46658,买盘
1139,13:51:36,11.38,--,10,11380,买盘
1140,13:51:33,11.38,0.01,8,9104,买盘
1141,13:51:30,11.37,-0.01,100,113699,卖盘
1142,13:51:27,11.38,0.01,26,29588,买盘
1143,13:51:21,11.37,-0.01,4,4548,卖盘
1144,13:51:18,11.38,0.01,13,14794,买盘
1145,13:51:12,11.37,-0.01,2,2274,卖盘
1146,13:51:09,11.38,--,28,31864,买盘
1147,13:51:06,11.38,--,24,27312,买盘
1148,13:51:03,11.38,--,2,2276,买盘
1149,13:51:00,11.38,--,22,25036,买盘
1150,13:50:54,11.38,--,3,3414,买盘
1151,13:50:51,11.38,--,14,15932,买盘
1152,13:50:48,11.38,--,8,9104,买盘
1153,13:50:45,11.38,--,107,121766,买盘
1154,13:50:42,11.38,-0.01,159,180942,卖盘
1155,13:50:39,11.39,--,561,638979,买盘
1156,13:50:36,11.39,--,10,11390,买盘
1157,13:50:33,11.39,--,1,1139,买盘
1158,13:50:30,11.39,0.01,6,6834,买盘
1159,13:50:27,11.38,--,22,25036,卖盘
1160,13:50:24,11.38,-0.01,107,121766,卖盘
1161,13:50:18,11.39,0.01,4,4556,买盘
1162,13:50:12,11.38,-0.01,7,7966,卖盘
1163,13:50:09,11.39,0.01,83,94537,买盘
1164,13:50:06,11.38,-0.01,3,3414,卖盘
1165,13:50:03,11.39,--,2,2278,买盘
1166,13:50:00,11.39,0.01,7,7973,买盘
1167,13:49:57,11.38,--,38,43244,卖盘
1168,13:49:48,11.38,-0.01,35,39830,卖盘
1169,13:49:45,11.39,0.01,15,17085,买盘
1170,13:49:42,11.38,-0.01,8,9104,卖盘
1171,13:49:39,11.39,--,110,125290,买盘
1172,13:49:36,11.39,--,10,11390,买盘
1173,13:49:33,11.39,--,2,2278,买盘
1174,13:49:30,11.39,0.01,7,7973,买盘
1175,13:49:27,11.38,--,2,2276,卖盘
1176,13:49:24,11.38,--,5,5690,卖盘
1177,13:49:21,11.38,--,50,56900,卖盘
1178,13:49:15,11.38,--,9,10242,卖盘
1179,13:49:12,11.38,--,1125,1280250,买盘
1180,13:49:09,11.38,0.01,24,27312,买盘
1181,13:49:06,11.37,--,19,21603,卖盘
1182,13:49:03,11.37,-0.01,3,3410,卖盘
1183,13:49:00,11.38,--,6,6828,买盘
1184,13:48:57,11.38,0.01,15,17070,买盘
1185,13:48:54,11.37,-0.01,394,447977,卖盘
1186,13:48:48,11.38,0.01,1,1138,买盘
1187,13:48:45,11.37,--,8,9096,卖盘
1188,13:48:42,11.37,--,11,12507,卖盘
1189,13:48:36,11.37,--,47,53438,卖盘
1190,13:48:33,11.37,-0.01,26,29561,卖盘
1191,13:48:30,11.38,--,517,588346,买盘
1192,13:48:27,11.38,0.01,401,456338,买盘
1193,13:48:24,11.37,0.02,1,1137,卖盘
1194,13:48:21,11.35,-0.03,358,406330,卖盘
1195,13:48:15,11.38,0.01,1,1138,买盘
1196,13:48:12,11.37,-0.01,2,2274,卖盘
1197,13:48:09,11.38,--,6,6828,买盘
1198,13:48:06,11.38,--,17,19346,买盘
1199,13:48:03,11.38,0.01,66,75108,买盘
1200,13:48:00,11.37,-0.01,10,11370,卖盘
1201,13:47:57,11.38,0.01,17,19346,买盘
1202,13:47:54,11.37,--,12,13643,卖盘
1203,13:47:51,11.37,-0.01,4,4548,卖盘
1204,13:47:42,11.38,--,10,11380,买盘
1205,13:47:39,11.38,0.03,10,11380,买盘
1206,13:47:36,11.35,-0.02,236,267860,卖盘
1207,13:47:33,11.37,-0.01,7,7958,卖盘
1208,13:47:30,11.38,0.01,8,9104,买盘
1209,13:47:27,11.37,0.01,2,2274,买盘
1210,13:47:24,11.36,-0.02,13,14768,卖盘
1211,13:47:18,11.38,0.02,84,95592,买盘
1212,13:47:15,11.36,-0.02,645,732720,卖盘
1213,13:47:09,11.38,0.01,32,36416,买盘
1214,13:47:06,11.37,--,135,153495,卖盘
1215,13:47:03,11.37,-0.01,7,7958,卖盘
1216,13:47:00,11.38,--,7,7966,买盘
1217,13:46:57,11.38,0.01,3,3414,买盘
1218,13:46:51,11.37,-0.01,12,13643,卖盘
1219,13:46:48,11.38,0.01,30,34140,买盘
1220,13:46:45,11.37,-0.01,3,3410,卖盘
1221,13:46:42,11.38,0.01,15,17070,买盘
1222,13:46:39,11.37,-0.01,2,2274,卖盘
1223,13:46:36,11.38,0.01,11,12518,买盘
1224,13:46:30,11.37,--,11,12507,卖盘
1225,13:46:27,11.37,--,10,11370,卖盘
1226,13:46:24,11.37,--,10,11370,卖盘
1227,13:46:21,11.37,--,2,2274,卖盘
1228,13:46:18,11.37,--,2,2274,卖盘
1229,13:46:15,11.37,--,26,29561,卖盘
1230,13:46:12,11.37,-0.01,20,22740,买盘
1231,13:46:09,11.38,--,10,11380,买盘
1232,13:46:06,11.38,0.01,17,19346,买盘
1233,13:46:03,11.37,-0.01,2,2274,中性盘
1234,13:46:00,11.38,0.02,7,7966,买盘
1235,13:45:57,11.36,-0.01,28,31808,卖盘
1236,13:45:54,11.37,--,142,161454,卖盘
1237,13:45:51,11.37,--,11,12507,卖盘
1238,13:45:48,11.37,--,8,9096,卖盘
1239,13:45:45,11.37,--,5,5685,卖盘
1240,13:45:42,11.37,--,56,63671,买盘
1241,13:45:36,11.37,--,10,11370,买盘
1242,13:45:33,11.37,--,2,2274,买盘
1243,13:45:30,11.37,0.01,40,45480,买盘
1244,13:45:27,11.36,-0.01,12,13632,卖盘
1245,13:45:24,11.37,--,8,9096,买盘
1246,13:45:18,11.37,--,113,128480,买盘
1247,13:45:15,11.37,0.01,20,22740,买盘
1248,13:45:12,11.36,-0.01,9,10224,卖盘
1249,13:45:09,11.37,0.01,17,19329,买盘
1250,13:45:03,11.36,-0.01,3,3408,卖盘
1251,13:45:00,11.37,0.01,7,7958,买盘
1252,13:44:51,11.36,-0.01,37,42032,卖盘
1253,13:44:48,11.37,0.01,2,2274,买盘
1254,13:44:42,11.36,-0.01,29,32944,卖盘
1255,13:44:39,11.37,--,10,11370,买盘
1256,13:44:30,11.37,--,6,6821,买盘
1257,13:44:27,11.37,--,77,87549,卖盘
1258,13:44:21,11.37,--,7,7958,卖盘
1259,13:44:18,11.37,-0.01,35,39795,卖盘
1260,13:44:15,11.38,0.01,2,2276,买盘
1261,13:44:12,11.37,-0.01,104,118247,卖盘
1262,13:44:09,11.38,--,10,11380,买盘
1263,13:44:03,11.38,--,10,11380,买盘
1264,13:44:00,11.38,0.01,7,7966,买盘
1265,13:43:57,11.37,-0.01,2,2274,卖盘
1266,13:43:54,11.38,--,5,5690,买盘
1267,13:43:51,11.38,0.01,107,121766,买盘
1268,13:43:48,11.37,--,37,42069,卖盘
1269,13:43:42,11.37,-0.01,2,2274,卖盘
1270,13:43:39,11.38,--,11,12518,买盘
1271,13:43:36,11.38,--,4,4552,买盘
1272,13:43:33,11.38,--,3,3414,买盘
1273,13:43:30,11.38,--,29,33002,买盘
1274,13:43:27,11.38,--,1,1138,买盘
1275,13:43:24,11.38,0.01,17,19346,买盘
1276,13:43:21,11.37,--,4,4548,买盘
1277,13:43:18,11.37,--,8,9096,买盘
1278,13:43:12,11.37,0.01,17,19329,买盘
1279,13:43:09,11.36,-0.02,31,35216,卖盘
1280,13:43:03,11.38,--,1,1138,买盘
1281,13:43:00,11.38,--,13,14794,买盘
1282,13:42:57,11.38,--,6,6828,买盘
1283,13:42:54,11.38,0.02,14,15932,买盘
1284,13:42:51,11.36,-0.02,36,40896,卖盘
1285,13:42:48,11.38,0.01,30,34140,买盘
1286,13:42:45,11.37,-0.01,265,301305,卖盘
1287,13:42:42,11.38,--,23,26174,买盘
1288,13:42:39,11.38,--,39,44382,买盘
1289,13:42:36,11.38,--,18,20484,买盘
1290,13:42:33,11.38,--,9,10242,买盘
1291,13:42:30,11.38,0.01,12,13656,买盘
1292,13:42:27,11.37,--,2,2274,卖盘
1293,13:42:24,11.37,--,1,1137,卖盘
1294,13:42:21,11.37,-0.01,23,26151,卖盘
1295,13:42:18,11.38,--,10,11380,买盘
1296,13:42:15,11.38,0.01,2,2276,买盘
1297,13:42:12,11.37,-0.01,16,18192,卖盘
1298,13:42:09,11.38,0.01,19,21622,买盘
1299,13:42:06,11.37,-0.01,6,6821,卖盘
1300,13:42:00,11.38,0.01,6,6828,买盘
1301,13:41:54,11.37,--,6,6821,卖盘
1302,13:41:51,11.37,-0.01,5,5685,卖盘
1303,13:41:45,11.38,0.01,1,1138,买盘
1304,13:41:42,11.37,-0.01,7,7958,卖盘
1305,13:41:39,11.38,0.01,39,44382,买盘
1306,13:41:36,11.37,--,22,25014,卖盘
1307,13:41:33,11.37,--,10,11370,卖盘
1308,13:41:30,11.37,-0.01,33,37521,卖盘
1309,13:41:27,11.38,--,16,18208,买盘
1310,13:41:15,11.38,0.01,1,1138,买盘
1311,13:41:12,11.37,--,23,26151,卖盘
1312,13:41:09,11.37,-0.01,11,12507,卖盘
1313,13:41:06,11.38,--,19,21622,买盘
1314,13:41:03,11.38,0.01,7,7966,买盘
1315,13:41:00,11.37,-0.01,13,14780,卖盘
1316,13:40:57,11.38,--,6,6828,买盘
1317,13:40:45,11.38,--,3,3414,买盘
1318,13:40:39,11.38,0.01,58,66004,买盘
1319,13:40:36,11.37,-0.01,14,15917,卖盘
1320,13:40:30,11.38,0.01,6,6828,买盘
1321,13:40:27,11.37,--,25,28424,卖盘
1322,13:40:21,11.37,-0.01,8,9096,卖盘
1323,13:40:15,11.38,0.01,41,46658,买盘
1324,13:40:12,11.37,-0.01,32,36384,卖盘
1325,13:40:09,11.38,--,804,914952,买盘
1326,13:40:06,11.38,0.01,17,19346,买盘
1327,13:40:03,11.37,-0.01,13,14780,卖盘
1328,13:40:00,11.38,0.01,7,7966,买盘
1329,13:39:57,11.37,--,1,1137,卖盘
1330,13:39:54,11.37,-0.01,24,27287,卖盘
1331,13:39:51,11.38,--,57,64866,买盘
1332,13:39:48,11.38,--,31,35278,买盘
1333,13:39:45,11.38,--,40,45520,买盘
1334,13:39:42,11.38,--,27,30726,买盘
1335,13:39:39,11.38,--,49,55762,买盘
1336,13:39:36,11.38,--,13,14794,买盘
1337,13:39:33,11.38,--,18,20484,买盘
1338,13:39:30,11.38,--,19,21622,买盘
1339,13:39:27,11.38,0.01,45,51210,买盘
1340,13:39:24,11.37,-0.01,69,78453,卖盘
1341,13:39:21,11.38,--,9,10242,买盘
1342,13:39:18,11.38,--,71,80798,买盘
1343,13:39:15,11.38,0.01,20,22760,买盘
1344,13:39:12,11.37,--,38,43206,卖盘
1345,13:39:09,11.37,--,16,18192,卖盘
1346,13:39:06,11.37,-0.01,12,13643,卖盘
1347,13:39:03,11.38,--,28,31864,买盘
1348,13:39:00,11.38,--,57,64866,买盘
1349,13:38:57,11.38,--,12,13656,买盘
1350,13:38:54,11.38,--,31,35278,买盘
1351,13:38:51,11.38,--,8,9104,买盘
1352,13:38:48,11.38,--,2,2276,买盘
1353,13:38:45,11.38,--,7,7966,买盘
1354,13:38:42,11.38,--,16,18208,买盘
1355,13:38:39,11.38,--,40,45520,买盘
1356,13:38:36,11.38,--,30,34140,买盘
1357,13:38:33,11.38,0.01,2,2276,买盘
1358,13:38:30,11.37,-0.01,7,7958,卖盘
1359,13:38:27,11.38,--,17,19346,买盘
1360,13:38:24,11.38,0.01,20,22760,买盘
1361,13:38:18,11.37,-0.01,15,17055,卖盘
1362,13:38:12,11.38,--,12,13656,买盘
1363,13:38:09,11.38,--,10,11380,买盘
1364,13:38:03,11.38,--,2,2276,买盘
1365,13:38:00,11.38,0.01,7,7966,买盘
1366,13:37:57,11.37,-0.01,7,7958,卖盘
1367,13:37:51,11.38,--,27,30726,买盘
1368,13:37:48,11.38,--,11,12518,买盘
1369,13:37:45,11.38,0.01,3,3414,买盘
1370,13:37:42,11.37,-0.01,6,6821,卖盘
1371,13:37:39,11.38,--,18,20484,买盘
1372,13:37:36,11.38,--,11,12518,买盘
1373,13:37:33,11.38,--,74,84212,买盘
1374,13:37:30,11.38,0.01,14,15932,买盘
1375,13:37:27,11.37,--,7,7958,卖盘
1376,13:37:24,11.37,-0.01,12,13643,卖盘
1377,13:37:21,11.38,--,21,23898,买盘
1378,13:37:18,11.38,0.01,1,1138,买盘
1379,13:37:15,11.37,-0.01,16,18192,卖盘
1380,13:37:12,11.38,--,17,19346,买盘
1381,13:37:09,11.38,--,10,11380,买盘
1382,13:37:03,11.38,--,1,1138,买盘
1383,13:37:00,11.38,0.01,6,6828,买盘
1384,13:36:57,11.37,-0.01,7,7958,卖盘
1385,13:36:54,11.38,0.01,20,22760,买盘
1386,13:36:51,11.37,-0.01,7,7958,卖盘
1387,13:36:45,11.38,0.01,1,1138,买盘
1388,13:36:42,11.37,-0.01,2,2274,卖盘
1389,13:36:39,11.38,0.01,29,33002,买盘
1390,13:36:36,11.37,--,17,19329,买盘
1391,13:36:33,11.37,0.01,3,3410,买盘
1392,13:36:30,11.36,-0.02,57,64752,卖盘
1393,13:36:24,11.38,0.01,20,22760,买盘
1394,13:36:21,11.37,-0.01,15,17055,中性盘
1395,13:36:18,11.38,0.02,15,17070,买盘
1396,13:36:15,11.36,-0.02,104,118144,卖盘
1397,13:36:12,11.38,--,7,7966,买盘
1398,13:36:09,11.38,0.01,25,28450,买盘
1399,13:36:06,11.37,--,56,63671,买盘
1400,13:36:00,11.37,--,19,21603,买盘
1401,13:35:57,11.37,-0.01,148,168276,卖盘
1402,13:35:54,11.38,0.01,31,35278,买盘
1403,13:35:51,11.37,-0.01,57,64808,卖盘
1404,13:35:48,11.38,0.01,10,11380,买盘
1405,13:35:45,11.37,-0.01,11,12507,卖盘
1406,13:35:42,11.38,--,21,23898,买盘
1407,13:35:39,11.38,--,50,56900,买盘
1408,13:35:30,11.38,0.01,7,7966,买盘
1409,13:35:24,11.37,-0.01,7,7958,卖盘
1410,13:35:21,11.38,0.01,20,22760,买盘
1411,13:35:18,11.37,-0.01,11,12507,卖盘
1412,13:35:15,11.38,0.01,3,3414,买盘
1413,13:35:12,11.37,--,100,113699,卖盘
1414,13:35:09,11.37,-0.01,26,29561,卖盘
1415,13:35:06,11.38,--,16,18208,买盘
1416,13:35:03,11.38,--,10,11380,买盘
1417,13:35:00,11.38,--,6,6828,买盘
1418,13:34:51,11.38,0.01,27,30726,买盘
1419,13:34:48,11.37,-0.01,7,7958,卖盘
1420,13:34:45,11.38,--,5,5690,买盘
1421,13:34:42,11.38,0.01,24,27312,买盘
1422,13:34:39,11.37,--,229,261419,买盘
1423,13:34:30,11.37,--,7,7958,买盘
1424,13:34:27,11.37,--,20,22740,买盘
1425,13:34:24,11.37,--,75,85275,买盘
1426,13:34:21,11.37,0.01,20,22740,买盘
1427,13:34:15,11.36,--,33,37488,卖盘
1428,13:34:12,11.36,-0.01,7,7952,卖盘
1429,13:34:06,11.37,0.01,19,21603,买盘
1430,13:34:03,11.36,-0.01,5,5680,卖盘
1431,13:34:00,11.37,0.01,7,7958,买盘
1432,13:33:57,11.36,-0.01,15,17040,卖盘
1433,13:33:54,11.37,0.01,20,22740,买盘
1434,13:33:42,11.36,-0.01,125,142000,卖盘
1435,13:33:39,11.37,--,49,55712,买盘
1436,13:33:36,11.37,0.01,1,1137,买盘
1437,13:33:33,11.36,-0.01,28,31808,卖盘
1438,13:33:30,11.37,--,6,6821,买盘
1439,13:33:27,11.37,0.01,6,6821,买盘
1440,13:33:24,11.36,-0.01,32,36352,卖盘
1441,13:33:21,11.37,--,72,81864,买盘
1442,13:33:09,11.37,0.01,10,11370,买盘
1443,13:33:06,11.36,--,7,7952,卖盘
1444,13:33:03,11.36,-0.01,11,12496,卖盘
1445,13:33:00,11.37,--,7,7958,买盘
1446,13:32:57,11.37,--,33,37521,买盘
1447,13:32:54,11.37,0.01,29,32973,买盘
1448,13:32:51,11.36,--,86,97696,卖盘
1449,13:32:48,11.36,--,4,4544,卖盘
1450,13:32:45,11.36,--,25,28400,买盘
1451,13:32:42,11.36,--,19,21584,买盘
1452,13:32:39,11.36,--,8,9088,买盘
1453,13:32:36,11.36,--,17,19312,买盘
1454,13:32:30,11.36,--,6,6816,买盘
1455,13:32:18,11.36,--,2,2272,买盘
1456,13:32:09,11.36,0.01,39,44304,买盘
1457,13:32:06,11.35,-0.01,12,13620,卖盘
1458,13:32:03,11.36,0.01,5,5680,中性盘
1459,13:32:00,11.35,-0.01,51,57885,卖盘
1460,13:31:57,11.36,--,30,34080,卖盘
1461,13:31:48,11.36,-0.01,58,65888,卖盘
1462,13:31:45,11.37,0.01,14,15917,买盘
1463,13:31:42,11.36,--,5,5680,卖盘
1464,13:31:39,11.36,-0.01,16,18176,买盘
1465,13:31:36,11.37,0.01,43,48891,买盘
1466,13:31:33,11.36,0.02,8,9088,中性盘
1467,13:31:30,11.34,-0.03,16,18144,卖盘
1468,13:31:15,11.37,0.03,25,28424,买盘
1469,13:31:12,11.34,--,49,55566,卖盘
1470,13:31:06,11.34,-0.02,519,588546,卖盘
1471,13:31:03,11.36,-0.01,9,10224,卖盘
1472,13:31:00,11.37,--,6,6821,买盘
1473,13:30:48,11.37,--,10,11370,买盘
1474,13:30:45,11.37,--,17,19329,买盘
1475,13:30:42,11.37,0.01,21,23877,买盘
1476,13:30:39,11.36,--,200,227200,卖盘
1477,13:30:36,11.36,--,26,29536,卖盘
1478,13:30:33,11.36,--,6,6816,卖盘
1479,13:30:30,11.36,--,52,59072,卖盘
1480,13:30:27,11.36,--,22,24992,卖盘
1481,13:30:24,11.36,--,128,145408,卖盘
1482,13:30:21,11.36,--,8,9088,卖盘
1483,13:30:15,11.36,-0.01,28,31808,卖盘
1484,13:30:12,11.37,--,9,10233,买盘
1485,13:30:09,11.37,--,10,11370,买盘
1486,13:30:03,11.37,--,10,11370,买盘
1487,13:30:00,11.37,0.01,6,6821,买盘
1488,13:29:57,11.36,--,7,7952,卖盘
1489,13:29:54,11.36,-0.01,31,35216,卖盘
1490,13:29:51,11.37,0.01,49,55712,买盘
1491,13:29:48,11.36,-0.01,30,34080,卖盘
1492,13:29:45,11.37,0.01,2,2274,买盘
1493,13:29:42,11.36,--,13,14768,卖盘
1494,13:29:39,11.36,-0.01,21,23856,卖盘
1495,13:29:36,11.37,--,22,25014,买盘
1496,13:29:30,11.37,--,23,26151,买盘
1497,13:29:27,11.37,0.01,8,9096,买盘
1498,13:29:24,11.36,--,100,113600,卖盘
1499,13:29:21,11.36,-0.01,15,17040,卖盘
1500,13:29:18,11.37,0.01,9,10233,买盘
1501,13:29:15,11.36,-0.01,55,62480,卖盘
1502,13:29:12,11.37,0.01,75,85275,买盘
1503,13:29:09,11.36,-0.01,23,26128,卖盘
1504,13:29:06,11.37,--,50,56849,买盘
1505,13:29:03,11.37,--,25,28424,买盘
1506,13:29:00,11.37,0.01,13,14780,买盘
1507,13:28:51,11.36,--,7,7952,卖盘
1508,13:28:48,11.36,--,16,18176,卖盘
1509,13:28:45,11.36,--,6,6816,卖盘
1510,13:28:39,11.36,--,12,13632,卖盘
1511,13:28:36,11.36,--,27,30672,卖盘
1512,13:28:30,11.36,--,14,15904,卖盘
1513,13:28:27,11.36,0.01,78,88608,买盘
1514,13:28:24,11.35,--,23,26105,卖盘
1515,13:28:21,11.35,--,24,27240,卖盘
1516,13:28:15,11.35,-0.01,60,68100,卖盘
1517,13:28:12,11.36,0.01,10,11360,买盘
1518,13:28:09,11.35,-0.01,14,15890,卖盘
1519,13:28:06,11.36,--,142,161312,买盘
1520,13:28:00,11.36,--,39,44304,买盘
1521,13:27:57,11.36,0.01,1,1136,买盘
1522,13:27:54,11.35,--,6,6810,卖盘
1523,13:27:51,11.35,-0.01,6,6810,卖盘
1524,13:27:48,11.36,0.01,12,13632,买盘
1525,13:27:45,11.35,--,17,19295,卖盘
1526,13:27:42,11.35,-0.01,38,43130,卖盘
1527,13:27:39,11.36,0.01,20,22720,买盘
1528,13:27:33,11.35,-0.01,31,35185,卖盘
1529,13:27:30,11.36,0.01,6,6816,买盘
1530,13:27:24,11.35,-0.01,6,6810,卖盘
1531,13:27:21,11.36,--,24,27264,卖盘
1532,13:27:18,11.36,--,37,42032,卖盘
1533,13:27:15,11.36,--,62,70432,买盘
1534,13:27:12,11.36,--,8,9088,买盘
1535,13:27:09,11.36,--,10,11360,买盘
1536,13:27:03,11.36,--,24,27264,卖盘
1537,13:27:00,11.36,0.01,17,19312,卖盘
1538,13:26:57,11.35,-0.02,400,454000,卖盘
1539,13:26:54,11.37,0.01,10,11370,买盘
1540,13:26:45,11.36,--,34,38624,卖盘
1541,13:26:42,11.36,-0.01,7,7952,卖盘
1542,13:26:39,11.37,--,1,1137,买盘
1543,13:26:36,11.37,0.01,10,11370,买盘
1544,13:26:33,11.36,-0.01,5,5680,卖盘
1545,13:26:30,11.37,0.01,6,6821,买盘
1546,13:26:27,11.36,-0.01,14,15904,卖盘
1547,13:26:21,11.37,0.01,15,17055,买盘
1548,13:26:18,11.36,-0.01,90,102240,卖盘
1549,13:26:15,11.37,0.01,1,1137,买盘
1550,13:26:12,11.36,-0.01,64,72704,卖盘
1551,13:26:09,11.37,0.01,10,11370,买盘
1552,13:26:06,11.36,--,24,27264,卖盘
1553,13:26:03,11.36,-0.01,31,35216,卖盘
1554,13:26:00,11.37,0.01,8,9096,买盘
1555,13:25:57,11.36,--,7,7952,卖盘
1556,13:25:54,11.36,--,18,20448,卖盘
1557,13:25:51,11.36,--,6,6816,卖盘
1558,13:25:48,11.36,--,10,11360,卖盘
1559,13:25:45,11.36,--,133,151088,买盘
1560,13:25:42,11.36,--,18,20448,买盘
1561,13:25:36,11.36,--,10,11360,买盘
1562,13:25:33,11.36,--,10,11360,买盘
1563,13:25:30,11.36,--,8,9088,买盘
1564,13:25:24,11.36,-0.01,61,69296,卖盘
1565,13:25:21,11.37,0.01,51,57986,买盘
1566,13:25:15,11.36,--,19,21584,卖盘
1567,13:25:12,11.36,-0.01,18,20448,卖盘
1568,13:25:09,11.37,0.01,18,20466,买盘
1569,13:25:06,11.36,--,49,55664,卖盘
1570,13:25:03,11.36,-0.01,112,127232,卖盘
1571,13:25:00,11.37,0.01,7,7958,买盘
1572,13:24:54,11.36,--,15,17040,卖盘
1573,13:24:51,11.36,-0.01,10,11360,卖盘
1574,13:24:48,11.37,--,9,10233,买盘
1575,13:24:45,11.37,--,2,2274,买盘
1576,13:24:42,11.37,--,32,36384,买盘
1577,13:24:39,11.37,--,10,11370,买盘
1578,13:24:36,11.37,0.01,34,38658,买盘
1579,13:24:33,11.36,--,32,36352,卖盘
1580,13:24:30,11.36,-0.01,14,15904,卖盘
1581,13:24:27,11.37,0.01,14,15917,买盘
1582,13:24:24,11.36,-0.01,10,11360,卖盘
1583,13:24:21,11.37,--,18,20466,买盘
1584,13:24:18,11.37,0.01,80,90960,买盘
1585,13:24:15,11.36,--,100,113600,卖盘
1586,13:24:12,11.36,--,15,17040,卖盘
1587,13:24:09,11.36,-0.01,15,17040,卖盘
1588,13:24:06,11.37,0.01,17,19329,买盘
1589,13:24:03,11.36,--,34,38624,卖盘
1590,13:24:00,11.36,--,110,124960,卖盘
1591,13:23:51,11.36,-0.01,11,12496,卖盘
1592,13:23:48,11.37,0.01,1,1137,买盘
1593,13:23:42,11.36,-0.01,26,29536,卖盘
1594,13:23:39,11.37,0.01,25,28424,买盘
1595,13:23:36,11.36,-0.01,5,5680,卖盘
1596,13:23:33,11.37,0.01,2,2274,买盘
1597,13:23:30,11.36,-0.01,40,45440,卖盘
1598,13:23:24,11.37,0.01,43,48891,买盘
1599,13:23:21,11.36,-0.01,18,20448,卖盘
1600,13:23:18,11.37,--,21,23877,买盘
1601,13:23:15,11.37,--,22,25014,买盘
1602,13:23:09,11.37,0.02,10,11370,买盘
1603,13:23:00,11.35,--,22,24970,卖盘
1604,13:22:57,11.35,--,9,10215,卖盘
1605,13:22:54,11.35,-0.02,3,3405,卖盘
1606,13:22:48,11.37,--,11,12507,买盘
1607,13:22:45,11.37,--,23,26151,买盘
1608,13:22:36,11.37,0.02,10,11370,买盘
1609,13:22:33,11.35,-0.02,30,34050,卖盘
1610,13:22:30,11.37,0.01,54,61397,买盘
1611,13:22:27,11.36,0.01,96,109056,中性盘
1612,13:22:18,11.35,-0.01,100,113500,卖盘
1613,13:22:15,11.36,-0.01,16,18176,中性盘
1614,13:22:12,11.37,--,9,10233,买盘
1615,13:22:09,11.37,--,10,11370,买盘
1616,13:22:06,11.37,0.02,65,73905,买盘
1617,13:22:03,11.35,-0.02,17,19295,卖盘
1618,13:22:00,11.37,0.02,7,7958,买盘
1619,13:21:57,11.35,-0.02,27,30645,卖盘
1620,13:21:54,11.37,0.02,15,17055,买盘
1621,13:21:51,11.35,-0.02,8,9080,卖盘
1622,13:21:48,11.37,0.02,40,45480,买盘
1623,13:21:45,11.35,-0.02,39,44265,卖盘
1624,13:21:42,11.37,0.01,18,20466,买盘
1625,13:21:39,11.36,-0.01,6,6816,卖盘
1626,13:21:36,11.37,0.01,46,52302,买盘
1627,13:21:30,11.36,--,16,18176,卖盘
1628,13:21:27,11.36,--,47,53392,买盘
1629,13:21:24,11.36,0.01,50,56800,买盘
1630,13:21:21,11.35,--,31,35185,卖盘
1631,13:21:18,11.35,-0.01,17,19295,卖盘
1632,13:21:15,11.36,--,73,82928,买盘
1633,13:21:12,11.36,--,57,64752,买盘
1634,13:21:09,11.36,0.01,25,28400,买盘
1635,13:21:03,11.35,-0.01,6,6810,卖盘
1636,13:21:00,11.36,0.01,8,9088,买盘
1637,13:20:57,11.35,-0.01,11,12485,卖盘
1638,13:20:54,11.36,0.01,11,12496,买盘
1639,13:20:51,11.35,-0.01,7,7945,卖盘
1640,13:20:48,11.36,--,1,1136,买盘
1641,13:20:45,11.36,--,16,18176,买盘
1642,13:20:42,11.36,0.01,11,12496,买盘
1643,13:20:39,11.35,-0.01,13,14755,卖盘
1644,13:20:36,11.36,--,40,45440,买盘
1645,13:20:33,11.36,--,4,4544,买盘
1646,13:20:30,11.36,--,8,9088,买盘
1647,13:20:27,11.36,--,90,102240,卖盘
1648,13:20:24,11.36,--,11,12496,卖盘
1649,13:20:21,11.36,--,18,20448,卖盘
1650,13:20:18,11.36,--,80,90880,卖盘
1651,13:20:15,11.36,--,138,156768,卖盘
1652,13:20:12,11.36,-0.01,11,12496,卖盘
1653,13:20:09,11.37,0.01,289,328593,买盘
1654,13:20:06,11.36,-0.01,5,5680,卖盘
1655,13:20:03,11.37,--,7,7958,买盘
1656,13:20:00,11.37,0.01,7,7958,买盘
1657,13:19:57,11.36,--,7,7952,卖盘
1658,13:19:54,11.36,-0.01,3,3408,卖盘
1659,13:19:51,11.37,--,5,5685,买盘
1660,13:19:48,11.37,--,3,3410,买盘
1661,13:19:45,11.37,-0.01,630,716400,卖盘
1662,13:19:42,11.38,--,11,12518,买盘
1663,13:19:39,11.38,0.01,10,11380,买盘
1664,13:19:36,11.37,--,10,11370,卖盘
1665,13:19:33,11.37,-0.01,140,160226,卖盘
1666,13:19:30,11.38,0.01,7,7966,买盘
1667,13:19:24,11.37,-0.01,40,45480,卖盘
1668,13:19:21,11.38,--,19,21622,买盘
1669,13:19:18,11.38,0.01,8,9104,买盘
1670,13:19:15,11.37,-0.01,462,525294,卖盘
1671,13:19:12,11.38,--,50,56900,买盘
1672,13:19:06,11.38,--,10,11380,买盘
1673,13:19:03,11.38,-0.01,711,809118,卖盘
1674,13:19:00,11.39,0.01,16,18224,买盘
1675,13:18:57,11.38,--,4,4552,卖盘
1676,13:18:54,11.38,-0.01,1,1138,卖盘
1677,13:18:51,11.39,--,1,1139,买盘
1678,13:18:48,11.39,0.01,1,1139,买盘
1679,13:18:45,11.38,-0.01,14,15932,卖盘
1680,13:18:42,11.39,0.01,15,17085,买盘
1681,13:18:39,11.38,-0.01,24,27312,卖盘
1682,13:18:36,11.39,0.01,2,2278,买盘
1683,13:18:33,11.38,--,19,21622,卖盘
1684,13:18:30,11.38,--,17,19346,卖盘
1685,13:18:24,11.38,--,1,1138,卖盘
1686,13:18:21,11.38,-0.01,4,4552,卖盘
1687,13:18:18,11.39,--,1,1139,买盘
1688,13:18:15,11.39,0.01,10,11390,买盘
1689,13:18:12,11.38,--,12,13656,买盘
1690,13:18:09,11.38,--,10,11380,买盘
1691,13:18:06,11.38,-0.01,45,51210,卖盘
1692,13:18:00,11.39,0.01,16,18224,买盘
1693,13:17:57,11.38,--,2,2276,卖盘
1694,13:17:54,11.38,--,23,26174,卖盘
1695,13:17:51,11.38,-0.01,10,11380,卖盘
1696,13:17:48,11.39,0.01,19,21641,买盘
1697,13:17:45,11.38,--,15,17070,卖盘
1698,13:17:42,11.38,--,13,14794,卖盘
1699,13:17:39,11.38,-0.01,20,22760,卖盘
1700,13:17:36,11.39,0.01,8,9112,买盘
1701,13:17:33,11.38,--,31,35278,买盘
1702,13:17:30,11.38,--,17,19346,买盘
1703,13:17:27,11.38,--,3,3414,买盘
1704,13:17:24,11.38,-0.01,48,54624,卖盘
1705,13:17:21,11.39,0.01,14,15946,买盘
1706,13:17:18,11.38,--,30,34140,卖盘
1707,13:17:15,11.38,--,4,4552,卖盘
1708,13:17:09,11.38,0.01,15,17070,买盘
1709,13:17:06,11.37,--,21,23877,卖盘
1710,13:17:03,11.37,-0.02,31,35247,卖盘
1711,13:17:00,11.39,--,6,6834,买盘
1712,13:16:57,11.39,--,32,36448,买盘
1713,13:16:54,11.39,0.02,24,27336,买盘
1714,13:16:48,11.37,-0.02,102,115973,卖盘
1715,13:16:45,11.39,0.01,23,26197,买盘
1716,13:16:42,11.38,--,42,47796,卖盘
1717,13:16:36,11.38,--,13,14794,买盘
1718,13:16:33,11.38,--,5,5690,买盘
1719,13:16:30,11.38,0.01,8,9104,买盘
1720,13:16:27,11.37,--,20,22740,卖盘
1721,13:16:24,11.37,-0.01,1,1137,卖盘
1722,13:16:21,11.38,--,5,5690,买盘
1723,13:16:18,11.38,--,1,1138,买盘
1724,13:16:15,11.38,-0.01,38,43244,买盘
1725,13:16:12,11.39,--,9,10251,买盘
1726,13:16:09,11.39,0.01,17,19363,买盘
1727,13:16:06,11.38,--,31,35278,买盘
1728,13:16:03,11.38,--,116,132008,买盘
1729,13:16:00,11.38,--,7,7966,买盘
1730,13:15:57,11.38,0.01,8,9104,买盘
1731,13:15:54,11.37,--,18,20466,卖盘
1732,13:15:51,11.37,-0.01,5,5685,卖盘
1733,13:15:48,11.38,--,1,1138,买盘
1734,13:15:42,11.38,--,585,665730,买盘
1735,13:15:39,11.38,--,10,11380,买盘
1736,13:15:36,11.38,--,3,3414,买盘
1737,13:15:33,11.38,0.01,17,19346,买盘
1738,13:15:30,11.37,-0.01,14,15917,卖盘
1739,13:15:24,11.38,--,19,21622,卖盘
1740,13:15:21,11.38,-0.01,10,11380,卖盘
1741,13:15:18,11.39,--,94,107066,买盘
1742,13:15:15,11.39,0.01,70,79730,买盘
1743,13:15:12,11.38,--,30,34140,卖盘
1744,13:15:09,11.38,-0.01,115,130870,卖盘
1745,13:15:06,11.39,0.01,60,68340,买盘
1746,13:15:03,11.38,--,3,3414,卖盘
1747,13:15:00,11.38,--,18,20484,卖盘
1748,13:14:54,11.38,--,15,17070,卖盘
1749,13:14:51,11.38,-0.01,2,2276,卖盘
1750,13:14:48,11.39,--,9,10251,买盘
1751,13:14:45,11.39,0.01,1,1139,买盘
1752,13:14:42,11.38,-0.01,1,1138,卖盘
1753,13:14:36,11.39,0.01,32,36448,买盘
1754,13:14:30,11.38,--,19,21622,卖盘
1755,13:14:27,11.38,--,8,9104,卖盘
1756,13:14:24,11.38,-0.01,10,11380,卖盘
1757,13:14:21,11.39,0.01,32,36448,买盘
1758,13:14:18,11.38,--,64,72832,卖盘
1759,13:14:15,11.38,--,30,34140,卖盘
1760,13:14:09,11.38,-0.01,2,2276,卖盘
1761,13:14:06,11.39,--,10,11390,买盘
1762,13:14:00,11.39,--,11,12529,买盘
1763,13:13:57,11.39,0.01,15,17085,买盘
1764,13:13:54,11.38,0.01,4,4552,买盘
1765,13:13:51,11.37,-0.01,3,3410,卖盘
1766,13:13:48,11.38,--,3,3414,卖盘
1767,13:13:42,11.38,--,23,26174,买盘
1768,13:13:39,11.38,--,29,33002,买盘
1769,13:13:33,11.38,--,10,11380,买盘
1770,13:13:30,11.38,--,34,38692,买盘
1771,13:13:27,11.38,--,128,145664,卖盘
1772,13:13:24,11.38,--,1,1138,卖盘
1773,13:13:21,11.38,--,10,11380,卖盘
1774,13:13:09,11.38,-0.01,20,22760,卖盘
1775,13:13:06,11.39,--,173,197047,买盘
1776,13:13:03,11.39,--,15,17085,买盘
1777,13:13:00,11.39,0.01,7,7973,买盘
1778,13:12:54,11.38,--,1,1138,卖盘
1779,13:12:51,11.38,--,20,22760,卖盘
1780,13:12:48,11.38,--,20,22760,卖盘
1781,13:12:45,11.38,-0.01,21,23898,卖盘
1782,13:12:42,11.39,0.01,3,3417,买盘
1783,13:12:39,11.38,-0.01,1,1138,卖盘
1784,13:12:36,11.39,0.01,11,12529,买盘
1785,13:12:33,11.38,-0.01,4,4552,卖盘
1786,13:12:30,11.39,0.01,8,9112,买盘
1787,13:12:27,11.38,-0.01,18,20484,卖盘
1788,13:12:24,11.39,0.01,16,18224,买盘
1789,13:12:21,11.38,0.01,9,10242,卖盘
1790,13:12:15,11.37,-0.01,15,17055,卖盘
1791,13:12:12,11.38,--,238,271413,买盘
1792,13:12:09,11.38,--,5,5690,买盘
1793,13:12:06,11.38,--,14,15932,买盘
1794,13:12:03,11.38,--,5,5690,买盘
1795,13:12:00,11.38,--,25,28450,买盘
1796,13:11:57,11.38,--,1,1138,买盘
1797,13:11:54,11.38,--,381,433578,买盘
1798,13:11:48,11.38,0.01,30,34140,买盘
1799,13:11:45,11.37,--,31,35247,卖盘
1800,13:11:42,11.37,-0.01,3,3410,卖盘
1801,13:11:39,11.38,--,42,47796,买盘
1802,13:11:36,11.38,--,12,13656,买盘
1803,13:11:33,11.38,--,4,4552,买盘
1804,13:11:30,11.38,--,7,7966,买盘
1805,13:11:27,11.38,0.01,5,5690,买盘
1806,13:11:24,11.37,--,11,12507,卖盘
1807,13:11:18,11.37,--,7,7958,卖盘
1808,13:11:15,11.37,--,5,5685,卖盘
1809,13:11:12,11.37,-0.01,5,5685,卖盘
1810,13:11:09,11.38,--,14,15932,买盘
1811,13:11:06,11.38,--,10,11380,买盘
1812,13:11:03,11.38,--,10,11380,买盘
1813,13:11:00,11.38,0.01,14,15932,买盘
1814,13:10:54,11.37,--,4,4548,卖盘
1815,13:10:51,11.37,--,41,46617,卖盘
1816,13:10:48,11.37,-0.01,27,30698,卖盘
1817,13:10:45,11.38,--,12,13656,买盘
1818,13:10:39,11.38,--,2,2276,买盘
1819,13:10:36,11.38,--,63,71694,买盘
1820,13:10:33,11.38,--,14,15932,买盘
1821,13:10:30,11.38,--,7,7966,买盘
1822,13:10:27,11.38,--,25,28450,买盘
1823,13:10:24,11.38,--,41,46658,买盘
1824,13:10:21,11.38,--,1,1138,买盘
1825,13:10:15,11.38,0.01,17,19346,买盘
1826,13:10:12,11.37,-0.01,8,9096,卖盘
1827,13:10:09,11.38,--,10,11380,买盘
1828,13:10:00,11.38,--,6,6828,买盘
1829,13:09:57,11.38,0.01,16,18208,买盘
1830,13:09:54,11.37,-0.01,3,3410,卖盘
1831,13:09:45,11.38,0.01,1,1138,买盘
1832,13:09:42,11.37,-0.01,7,7958,卖盘
1833,13:09:36,11.38,0.01,10,11380,买盘
1834,13:09:30,11.37,-0.01,41,46617,卖盘
1835,13:09:27,11.38,0.01,33,37554,买盘
1836,13:09:21,11.37,-0.01,1,1137,卖盘
1837,13:09:18,11.38,--,70,79660,买盘
1838,13:09:15,11.38,0.01,30,34140,买盘
1839,13:09:12,11.37,--,1,1137,卖盘
1840,13:09:09,11.37,-0.01,3,3410,卖盘
1841,13:09:06,11.38,--,17,19346,买盘
1842,13:09:00,11.38,--,7,7966,买盘
1843,13:08:57,11.38,0.01,14,15932,买盘
1844,13:08:54,11.37,--,5,5685,卖盘
1845,13:08:51,11.37,--,64,72768,卖盘
1846,13:08:48,11.37,-0.01,2,2274,卖盘
1847,13:08:45,11.38,0.01,12,13656,买盘
1848,13:08:42,11.37,-0.01,32,36384,卖盘
1849,13:08:39,11.38,0.01,24,27312,买盘
1850,13:08:36,11.37,-0.01,7,7958,卖盘
1851,13:08:33,11.38,--,2,2276,买盘
1852,13:08:30,11.38,0.01,14,15932,买盘
1853,13:08:21,11.37,-0.01,3,3410,卖盘
1854,13:08:15,11.38,0.01,1,1138,买盘
1855,13:08:09,11.37,--,11,12507,卖盘
1856,13:08:06,11.37,-0.01,7,7958,卖盘
1857,13:08:03,11.38,0.01,15,17070,买盘
1858,13:08:00,11.37,--,33,37521,卖盘
1859,13:07:51,11.37,-0.01,2,2274,卖盘
1860,13:07:48,11.38,0.01,5,5690,买盘
1861,13:07:45,11.37,--,7,7958,卖盘
1862,13:07:39,11.37,-0.01,6,6821,卖盘
1863,13:07:36,11.38,0.01,20,22760,买盘
1864,13:07:33,11.37,--,2,2274,卖盘
1865,13:07:30,11.37,-0.01,14,15917,卖盘
1866,13:07:24,11.38,0.01,15,17070,买盘
1867,13:07:21,11.37,--,1,1137,卖盘
1868,13:07:15,11.37,--,15,17055,卖盘
1869,13:07:09,11.37,-0.01,20,22740,卖盘
1870,13:07:06,11.38,0.01,21,23898,买盘
1871,13:07:03,11.37,--,6,6821,卖盘
1872,13:07:00,11.37,-0.01,14,15917,卖盘
1873,13:06:54,11.38,--,25,29019,卖盘
1874,13:06:48,11.38,--,56,63728,卖盘
1875,13:06:45,11.38,--,49,55762,卖盘
1876,13:06:42,11.38,-0.01,4,4552,卖盘
1877,13:06:39,11.39,0.01,10,11390,买盘
1878,13:06:36,11.38,--,2,2276,卖盘
1879,13:06:30,11.38,--,64,72832,卖盘
1880,13:06:27,11.38,-0.01,19,21622,卖盘
1881,13:06:15,11.39,--,12,13668,买盘
1882,13:06:09,11.39,--,16,18224,买盘
1883,13:06:06,11.39,0.01,10,11390,买盘
1884,13:06:00,11.38,--,11,12518,卖盘
1885,13:05:57,11.38,--,29,33002,卖盘
1886,13:05:54,11.38,-0.01,14,15932,卖盘
1887,13:05:51,11.39,--,3,3417,买盘
1888,13:05:48,11.39,0.01,2,2278,买盘
1889,13:05:45,11.38,--,11,12518,卖盘
1890,13:05:39,11.38,--,25,28450,卖盘
1891,13:05:36,11.38,--,21,23898,卖盘
1892,13:05:33,11.38,-0.01,4,5007,卖盘
1893,13:05:30,11.39,0.01,21,23919,买盘
1894,13:05:27,11.38,--,7,7966,卖盘
1895,13:05:24,11.38,--,4,4552,卖盘
1896,13:05:18,11.38,--,3,3414,卖盘
1897,13:05:15,11.38,-0.01,16,18208,卖盘
1898,13:05:09,11.39,0.01,3,3417,买盘
1899,13:05:06,11.38,--,12,13656,卖盘
1900,13:05:03,11.38,-0.01,3,3414,卖盘
1901,13:05:00,11.39,--,6,6834,买盘
1902,13:04:54,11.39,0.01,14,15946,买盘
1903,13:04:51,11.38,-0.01,76,86488,卖盘
1904,13:04:39,11.39,--,12,13668,买盘
1905,13:04:33,11.39,--,32,36448,买盘
1906,13:04:30,11.39,0.02,39,44534,买盘
1907,13:04:27,11.37,--,60,68220,卖盘
1908,13:04:21,11.37,-0.01,7,7958,卖盘
1909,13:04:18,11.38,0.01,36,40968,买盘
1910,13:04:15,11.37,-0.01,8,9096,卖盘
1911,13:04:06,11.38,--,10,11380,买盘
1912,13:04:03,11.38,--,19,21622,买盘
1913,13:04:00,11.38,--,21,23898,买盘
1914,13:03:57,11.38,0.01,40,45520,买盘
1915,13:03:51,11.37,-0.01,37,42069,卖盘
1916,13:03:48,11.38,0.01,33,37554,买盘
1917,13:03:42,11.37,-0.01,1,1137,卖盘
1918,13:03:36,11.38,--,28,31864,买盘
1919,13:03:33,11.38,0.01,16,18208,买盘
1920,13:03:30,11.37,--,26,29561,中性盘
1921,13:03:21,11.37,--,1,1137,卖盘
1922,13:03:18,11.37,-0.01,15,17055,卖盘
1923,13:03:15,11.38,0.01,72,81936,买盘
1924,13:03:06,11.37,0.01,10,11370,买盘
1925,13:03:03,11.36,--,26,29536,买盘
1926,13:03:00,11.36,--,49,55664,买盘
1927,13:02:57,11.36,--,4,4544,买盘
1928,13:02:54,11.36,--,43,48848,买盘
1929,13:02:51,11.36,--,31,35216,买盘
1930,13:02:48,11.36,0.01,1,1136,买盘
1931,13:02:45,11.35,--,130,147550,卖盘
1932,13:02:42,11.35,-0.01,50,56750,卖盘
1933,13:02:36,11.36,--,24,27264,买盘
1934,13:02:30,11.36,0.01,6,6816,买盘
1935,13:02:27,11.35,-0.01,40,45400,卖盘
1936,13:02:24,11.36,0.01,14,15904,买盘
1937,13:02:21,11.35,--,13,14755,卖盘
1938,13:02:18,11.35,--,28,31780,卖盘
1939,13:02:15,11.35,--,8,9080,卖盘
1940,13:02:12,11.35,--,7,7945,卖盘
1941,13:02:09,11.35,-0.01,276,313668,卖盘
1942,13:02:00,11.36,-0.01,634,720224,卖盘
1943,13:01:57,11.37,--,400,455607,卖盘
1944,13:01:51,11.37,-0.01,1,1137,卖盘
1945,13:01:48,11.38,0.01,15,17070,买盘
1946,13:01:45,11.37,-0.01,40,45480,卖盘
1947,13:01:42,11.38,--,16,18208,买盘
1948,13:01:36,11.38,--,20,22760,买盘
1949,13:01:33,11.38,--,5,5690,买盘
1950,13:01:30,11.38,--,9,10242,买盘
1951,13:01:27,11.38,--,2,2276,买盘
1952,13:01:24,11.38,--,32,36416,买盘
1953,13:01:18,11.38,--,1,1138,买盘
1954,13:01:12,11.38,--,29,33002,买盘
1955,13:01:09,11.38,-0.01,186,212692,卖盘
1956,13:01:06,11.39,0.01,10,11390,买盘
1957,13:01:00,11.38,-0.01,57,64866,卖盘
1958,13:00:57,11.39,0.01,18,20502,买盘
1959,13:00:51,11.38,--,3,3414,卖盘
1960,13:00:48,11.38,--,20,22760,卖盘
1961,13:00:45,11.38,--,52,59176,卖盘
1962,13:00:42,11.38,--,156,177528,卖盘
1963,13:00:39,11.38,-0.01,1,1138,卖盘
1964,13:00:36,11.39,--,32,36448,买盘
1965,13:00:33,11.39,0.01,11,12529,买盘
1966,13:00:30,11.38,--,26,29588,卖盘
1967,13:00:27,11.38,-0.01,2,2276,卖盘
1968,13:00:21,11.39,--,3,3417,买盘
1969,13:00:18,11.39,0.01,15,17085,买盘
1970,13:00:09,11.38,--,22,25036,卖盘
1971,13:00:06,11.38,-0.01,88,100144,卖盘
1972,13:00:03,11.39,-0.01,930,1059270,卖盘
1973,13:00:00,11.4,--,0,0,买盘
1974,11:30:00,11.4,--,14,15960,买盘
1975,11:29:57,11.4,0.01,10,11400,买盘
1976,11:29:54,11.39,-0.01,18,20502,卖盘
1977,11:29:48,11.4,0.01,1,1140,买盘
1978,11:29:45,11.39,--,3,3417,买盘
1979,11:29:36,11.39,-0.01,2,2278,卖盘
1980,11:29:33,11.4,0.02,3,3420,买盘
1981,11:29:30,11.38,-0.02,400,455200,卖盘
1982,11:29:27,11.4,--,23,26220,买盘
1983,11:29:24,11.4,0.01,16,18240,买盘
1984,11:29:21,11.39,-0.03,7,7973,卖盘
1985,11:29:09,11.42,0.02,40,45794,买盘
1986,11:29:06,11.4,--,1,1140,买盘
1987,11:28:54,11.4,0.01,425,485526,买盘
1988,11:28:51,11.39,--,7,7973,卖盘
1989,11:28:48,11.39,-0.04,21,23919,卖盘
1990,11:28:45,11.43,0.01,18,20574,买盘
1991,11:28:42,11.42,0.02,15,17130,买盘
1992,11:28:39,11.4,-0.02,45,51471,卖盘
1993,11:28:33,11.42,0.02,20,22840,买盘
1994,11:28:24,11.4,--,450,513000,卖盘
1995,11:28:15,11.4,--,7,7980,卖盘
1996,11:28:12,11.4,-0.02,101,115140,卖盘
1997,11:28:06,11.42,--,27,30834,买盘
1998,11:28:03,11.42,--,485,553870,买盘
1999,11:28:00,11.42,--,20,22840,买盘
2000,11:27:57,11.42,--,7,7994,买盘
2001,11:27:51,11.42,-0.01,20,22840,中性盘
2002,11:27:48,11.43,0.01,18,20574,买盘
2003,11:27:45,11.42,--,2,2284,卖盘
2004,11:27:42,11.42,--,4,4568,买盘
2005,11:27:39,11.42,--,20,22840,买盘
2006,11:27:36,11.42,--,10,11420,买盘
2007,11:27:33,11.42,--,2,2284,买盘
2008,11:27:30,11.42,--,20,22840,买盘
2009,11:27:27,11.42,--,14,15988,买盘
2010,11:27:24,11.42,-0.01,31,35402,卖盘
2011,11:27:21,11.43,--,16,18288,卖盘
2012,11:27:15,11.43,0.01,63,72009,买盘
2013,11:27:12,11.42,-0.01,1,1142,卖盘
2014,11:27:09,11.43,0.01,14,16002,买盘
2015,11:26:57,11.42,-0.01,1,1142,卖盘
2016,11:26:54,11.43,--,14,16002,买盘
2017,11:26:51,11.43,--,15,17145,买盘
2018,11:26:48,11.43,--,9,10287,卖盘
2019,11:26:39,11.43,--,12,13716,卖盘
2020,11:26:36,11.43,0.02,18,20574,买盘
2021,11:26:33,11.41,--,1,1141,卖盘
2022,11:26:27,11.41,-0.02,28,31948,卖盘
2023,11:26:21,11.43,--,29,33147,买盘
2024,11:26:12,11.43,0.01,16,18288,买盘
2025,11:26:09,11.42,--,220,251240,卖盘
2026,11:26:06,11.42,--,5,5710,卖盘
2027,11:25:57,11.42,-0.01,60,68520,卖盘
2028,11:25:54,11.43,0.01,2,2286,买盘
2029,11:25:51,11.42,-0.01,60,68520,卖盘
2030,11:25:48,11.43,0.01,26,29718,买盘
2031,11:25:45,11.42,--,16,18272,卖盘
2032,11:25:36,11.42,--,25,28550,卖盘
2033,11:25:33,11.42,-0.01,1,1142,卖盘
2034,11:25:27,11.43,0.01,105,120529,买盘
2035,11:25:24,11.42,0.01,100,114200,买盘
2036,11:25:21,11.41,-0.01,1,1141,卖盘
2037,11:25:18,11.42,0.01,1,1142,买盘
2038,11:25:15,11.41,--,30,34230,卖盘
2039,11:25:09,11.41,-0.01,1,1141,卖盘
2040,11:25:06,11.42,--,32,36544,买盘
2041,11:25:03,11.42,--,4,4568,买盘
2042,11:25:00,11.42,0.01,15,17130,买盘
2043,11:24:57,11.41,-0.01,1,1141,卖盘
2044,11:24:51,11.42,--,1,1142,买盘
2045,11:24:48,11.42,--,1,1142,买盘
2046,11:24:45,11.42,0.01,9,10278,买盘
2047,11:24:36,11.41,-0.01,7,7987,卖盘
2048,11:24:33,11.42,0.01,72,82224,买盘
2049,11:24:24,11.41,-0.01,19,21679,卖盘
2050,11:24:21,11.42,0.01,14,15988,买盘
2051,11:24:18,11.41,-0.01,6,6846,卖盘
2052,11:24:15,11.42,--,1,1142,买盘
2053,11:24:06,11.42,--,49,55958,买盘
2054,11:24:03,11.42,0.01,1,1142,买盘
2055,11:24:00,11.41,-0.01,40,45640,卖盘
2056,11:23:48,11.42,0.01,26,29692,买盘
2057,11:23:45,11.41,-0.01,16,18256,卖盘
2058,11:23:42,11.42,--,1,1142,买盘
2059,11:23:36,11.42,0.01,30,34260,买盘
2060,11:23:30,11.41,--,7,7987,卖盘
2061,11:23:27,11.41,--,10,11410,卖盘
2062,11:23:24,11.41,--,10,11410,卖盘
2063,11:23:21,11.41,--,21,23961,卖盘
2064,11:23:18,11.41,--,1,1141,卖盘
2065,11:23:12,11.41,--,17,19397,卖盘
2066,11:23:09,11.41,-0.01,8,9128,卖盘
2067,11:23:06,11.42,0.01,14,15988,买盘
2068,11:23:03,11.41,--,10,11410,卖盘
2069,11:23:00,11.41,--,7,7987,卖盘
2070,11:22:57,11.41,-0.01,41,46781,卖盘
2071,11:22:54,11.42,0.01,8,9136,买盘
2072,11:22:51,11.41,-0.01,1,1141,卖盘
2073,11:22:48,11.42,0.01,4,4568,买盘
2074,11:22:42,11.41,-0.01,8,9128,卖盘
2075,11:22:33,11.42,--,36,41112,买盘
2076,11:22:30,11.42,0.02,14,15988,买盘
2077,11:22:27,11.4,--,2,2280,卖盘
2078,11:22:24,11.4,--,28,31920,卖盘
2079,11:22:21,11.4,-0.02,4,4560,卖盘
2080,11:22:18,11.42,--,6,6852,买盘
2081,11:22:15,11.42,--,59,67378,买盘
2082,11:22:09,11.42,0.01,8,9136,买盘
2083,11:22:06,11.41,--,4,4564,买盘
2084,11:22:03,11.41,--,9,10269,买盘
2085,11:22:00,11.41,0.01,6,6846,买盘
2086,11:21:57,11.4,--,5,5700,卖盘
2087,11:21:54,11.4,-0.01,44,50160,卖盘
2088,11:21:51,11.41,--,8,9128,买盘
2089,11:21:48,11.41,--,11,12551,买盘
2090,11:21:42,11.41,0.01,1,1141,买盘
2091,11:21:39,11.4,-0.01,84,95760,卖盘
2092,11:21:36,11.41,--,215,245315,买盘
2093,11:21:33,11.41,0.01,7,7987,买盘
2094,11:21:27,11.4,--,1,1140,卖盘
2095,11:21:24,11.4,--,11,12540,卖盘
2096,11:21:21,11.4,-0.01,27,30780,卖盘
2097,11:21:18,11.41,--,91,103831,买盘
2098,11:21:15,11.41,--,82,93562,买盘
2099,11:21:06,11.41,--,158,180278,买盘
2100,11:21:03,11.41,--,2,2282,买盘
2101,11:21:00,11.41,--,2,2282,买盘
2102,11:20:51,11.41,--,130,148330,买盘
2103,11:20:48,11.41,--,15,17115,买盘
2104,11:20:42,11.41,0.01,1,1141,买盘
2105,11:20:36,11.4,-0.01,32,36480,卖盘
2106,11:20:33,11.41,--,3,3423,买盘
2107,11:20:27,11.41,0.01,18,20538,买盘
2108,11:20:24,11.4,--,15,17100,卖盘
2109,11:20:21,11.4,-0.01,7,7980,卖盘
2110,11:20:18,11.41,0.01,25,28525,买盘
2111,11:20:15,11.4,-0.01,9,10260,卖盘
2112,11:20:12,11.41,--,9,10269,买盘
2113,11:20:06,11.41,--,308,351428,买盘
2114,11:20:03,11.41,--,3,3423,买盘
2115,11:20:00,11.41,0.01,15,17115,买盘
2116,11:19:57,11.4,--,2,2280,卖盘
2117,11:19:51,11.4,-0.01,17,19380,卖盘
2118,11:19:48,11.41,0.01,21,23961,买盘
2119,11:19:45,11.4,--,93,106020,卖盘
2120,11:19:42,11.4,--,19,21660,卖盘
2121,11:19:39,11.4,--,1,1140,卖盘
2122,11:19:36,11.4,-0.01,4,4560,卖盘
2123,11:19:33,11.41,0.01,2,2282,买盘
2124,11:19:24,11.4,-0.01,43,49020,卖盘
2125,11:19:21,11.41,--,14,15974,买盘
2126,11:19:18,11.41,0.01,1,1141,买盘
2127,11:19:15,11.4,-0.01,7,7980,卖盘
2128,11:19:12,11.41,0.01,11,12551,买盘
2129,11:19:09,11.4,-0.01,20,22800,卖盘
2130,11:19:03,11.41,--,14,15974,买盘
2131,11:19:00,11.41,--,27,30807,买盘
2132,11:18:57,11.41,0.01,2,2282,买盘
2133,11:18:54,11.4,-0.01,20,22800,卖盘
2134,11:18:51,11.41,0.01,4,4564,买盘
2135,11:18:48,11.4,-0.01,10,11400,卖盘
2136,11:18:45,11.41,--,438,499758,买盘
2137,11:18:42,11.41,0.01,2,2282,买盘
2138,11:18:39,11.4,--,27,30780,卖盘
2139,11:18:30,11.4,--,20,22800,卖盘
2140,11:18:27,11.4,-0.01,15,17100,卖盘
2141,11:18:24,11.41,0.01,4,4564,买盘
2142,11:18:21,11.4,--,13,14820,卖盘
2143,11:18:18,11.4,--,3,3420,卖盘
2144,11:18:15,11.4,--,107,122436,卖盘
2145,11:18:12,11.4,--,100,114000,卖盘
2146,11:18:09,11.4,--,136,155040,卖盘
2147,11:18:06,11.4,--,3,3420,卖盘
2148,11:18:03,11.4,--,12,13680,卖盘
2149,11:18:00,11.4,--,80,91200,卖盘
2150,11:17:51,11.4,--,34,38760,卖盘
2151,11:17:48,11.4,-0.01,2,2280,卖盘
2152,11:17:42,11.41,0.01,23,26243,买盘
2153,11:17:39,11.4,--,37,42180,卖盘
2154,11:17:36,11.4,--,2,2280,卖盘
2155,11:17:33,11.4,-0.01,43,49020,卖盘
2156,11:17:30,11.41,0.01,34,38794,买盘
2157,11:17:27,11.4,-0.01,32,36480,卖盘
2158,11:17:24,11.41,0.01,286,326326,买盘
2159,11:17:21,11.4,--,3,3420,卖盘
2160,11:17:18,11.4,--,3,3420,卖盘
2161,11:17:15,11.4,--,13,14820,卖盘
2162,11:17:12,11.4,--,56,63840,卖盘
2163,11:17:06,11.4,--,16,18240,卖盘
2164,11:16:57,11.4,--,20,22800,卖盘
2165,11:16:54,11.4,0.01,329,375060,买盘
2166,11:16:48,11.39,--,10,11390,卖盘
2167,11:16:45,11.39,--,2,2278,卖盘
2168,11:16:42,11.39,-0.01,4,4556,卖盘
2169,11:16:39,11.4,0.01,18,20520,买盘
2170,11:16:36,11.39,--,7,7973,卖盘
2171,11:16:33,11.39,--,3,3417,卖盘
2172,11:16:27,11.39,-0.01,2,2278,卖盘
2173,11:16:21,11.4,0.01,16,18240,买盘
2174,11:16:18,11.39,--,52,59228,卖盘
2175,11:16:06,11.39,-0.01,38,43282,卖盘
2176,11:16:03,11.4,--,1,1140,买盘
2177,11:16:00,11.4,-0.01,17,19380,中性盘
2178,11:15:57,11.41,0.01,37,42217,买盘
2179,11:15:54,11.4,--,115,131100,卖盘
2180,11:15:51,11.4,-0.01,71,80940,卖盘
2181,11:15:45,11.41,--,30,34230,买盘
2182,11:15:42,11.41,--,22,25102,买盘
2183,11:15:39,11.41,0.01,75,85575,买盘
2184,11:15:36,11.4,--,8,9120,卖盘
2185,11:15:30,11.4,--,15,17100,卖盘
2186,11:15:24,11.4,-0.01,201,229140,卖盘
2187,11:15:15,11.41,--,70,79870,买盘
2188,11:15:03,11.41,--,2,2282,买盘
2189,11:15:00,11.41,--,27,30807,买盘
2190,11:14:57,11.41,--,23,26243,买盘
2191,11:14:51,11.41,--,33,37653,买盘
2192,11:14:48,11.41,--,22,25102,买盘
2193,11:14:36,11.41,-0.01,357,407337,卖盘
2194,11:14:33,11.42,0.01,31,35402,买盘
2195,11:14:24,11.41,-0.01,21,23961,卖盘
2196,11:14:21,11.42,0.01,3,3426,买盘
2197,11:14:18,11.41,-0.01,21,23961,卖盘
2198,11:14:12,11.42,0.01,1,1142,买盘
2199,11:14:09,11.41,--,1,1141,卖盘
2200,11:14:03,11.41,--,52,59332,卖盘
2201,11:14:00,11.41,-0.01,84,95844,卖盘
2202,11:13:57,11.42,0.01,17,19414,买盘
2203,11:13:54,11.41,--,11,12551,卖盘
2204,11:13:51,11.41,-0.01,20,22820,卖盘
2205,11:13:48,11.42,0.01,26,29692,买盘
2206,11:13:45,11.41,--,1,1141,卖盘
2207,11:13:42,11.41,-0.01,28,31948,卖盘
2208,11:13:36,11.42,--,24,27408,买盘
2209,11:13:21,11.42,--,7,7994,卖盘
2210,11:13:18,11.42,--,28,31976,卖盘
2211,11:13:12,11.42,--,19,21698,卖盘
2212,11:13:09,11.42,0.02,12,13704,中性盘
2213,11:13:03,11.4,-0.03,6,6840,卖盘
2214,11:12:54,11.43,0.02,60,68580,买盘
2215,11:12:48,11.41,--,7,7987,卖盘
2216,11:12:45,11.41,0.01,403,460576,买盘
2217,11:12:42,11.4,--,10,11400,买盘
2218,11:12:39,11.4,-0.01,379,432447,卖盘
2219,11:12:36,11.41,0.01,15,17115,买盘
2220,11:12:33,11.4,--,106,120840,卖盘
2221,11:12:27,11.4,-0.01,23,26220,卖盘
2222,11:12:24,11.41,0.01,235,268135,买盘
2223,11:12:21,11.4,--,21,23940,卖盘
2224,11:12:18,11.4,-0.01,9,10260,卖盘
2225,11:12:12,11.41,-0.02,296,337736,卖盘
2226,11:12:09,11.43,--,63,72009,买盘
2227,11:12:03,11.43,--,38,43434,卖盘
2228,11:12:00,11.43,-0.01,20,22860,卖盘
2229,11:11:57,11.44,0.01,24,27456,买盘
2230,11:11:54,11.43,--,6,6858,卖盘
2231,11:11:51,11.43,--,10,11430,卖盘
2232,11:11:45,11.43,--,7,8001,卖盘
2233,11:11:42,11.43,-0.01,23,26289,中性盘
2234,11:11:21,11.44,0.01,52,59488,买盘
2235,11:11:18,11.43,0.02,44,50292,买盘
2236,11:11:15,11.41,--,7,7987,卖盘
2237,11:11:06,11.41,--,10,11410,卖盘
2238,11:11:03,11.41,-0.02,22,25102,卖盘
2239,11:11:00,11.43,0.03,5,5715,买盘
2240,11:10:57,11.4,--,31,35340,卖盘
2241,11:10:54,11.4,-0.03,1118,1274793,卖盘
2242,11:10:45,11.43,--,175,200962,买盘
2243,11:10:42,11.43,0.01,6,6858,买盘
2244,11:10:39,11.42,-0.01,7,7994,卖盘
2245,11:10:36,11.43,0.01,6,6858,买盘
2246,11:10:30,11.42,--,10,11420,卖盘
2247,11:10:27,11.42,--,20,22840,卖盘
2248,11:10:24,11.42,--,110,125620,卖盘
2249,11:10:21,11.42,-0.01,42,47964,卖盘
2250,11:10:18,11.43,--,3,3429,买盘
2251,11:10:15,11.43,0.01,9,10287,买盘
2252,11:10:12,11.42,-0.01,53,60526,卖盘
2253,11:10:09,11.43,-0.01,59,67437,卖盘
2254,11:10:06,11.44,0.02,27,30888,中性盘
2255,11:09:51,11.42,-0.01,769,879202,卖盘
2256,11:09:48,11.43,-0.02,14,16002,卖盘
2257,11:09:45,11.45,0.01,50,57250,买盘
2258,11:09:42,11.44,--,567,649002,卖盘
2259,11:09:39,11.44,-0.01,7,8008,卖盘
2260,11:09:36,11.45,0.01,24,27480,买盘
2261,11:09:33,11.44,-0.01,39,44616,卖盘
2262,11:09:30,11.45,--,25,28625,卖盘
2263,11:09:27,11.45,--,65,74425,卖盘
2264,11:09:24,11.45,-0.01,4,4580,卖盘
2265,11:09:21,11.46,0.01,84,96264,买盘
2266,11:09:18,11.45,--,92,105340,卖盘
2267,11:09:15,11.45,--,4,4580,卖盘
2268,11:09:09,11.45,--,5,5725,卖盘
2269,11:09:06,11.45,--,125,143125,卖盘
2270,11:09:03,11.45,--,30,34350,卖盘
2271,11:08:57,11.45,--,4,4580,卖盘
2272,11:08:51,11.45,-0.01,11,12595,卖盘
2273,11:08:48,11.46,--,17,19482,买盘
2274,11:08:45,11.46,--,15,17190,买盘
2275,11:08:42,11.46,--,3,3438,买盘
2276,11:08:39,11.46,0.01,47,53862,买盘
2277,11:08:36,11.45,0.01,218,249609,买盘
2278,11:08:33,11.44,-0.01,14,16016,卖盘
2279,11:08:30,11.45,--,14,16029,买盘
2280,11:08:27,11.45,0.01,1,1145,买盘
2281,11:08:24,11.44,-0.01,15,17160,卖盘
2282,11:08:18,11.45,--,1,1145,买盘
2283,11:08:09,11.45,--,30,34350,买盘
2284,11:08:06,11.45,0.01,4,4580,买盘
2285,11:08:03,11.44,--,28,32032,卖盘
2286,11:08:00,11.44,-0.01,15,17160,卖盘
2287,11:07:54,11.45,0.01,92,105340,买盘
2288,11:07:51,11.44,-0.01,48,54912,卖盘
2289,11:07:48,11.45,0.01,27,30914,买盘
2290,11:07:45,11.44,--,15,17160,卖盘
2291,11:07:42,11.44,--,5,5720,卖盘
2292,11:07:36,11.44,-0.01,38,43472,卖盘
2293,11:07:33,11.45,--,15,17175,买盘
2294,11:07:30,11.45,--,23,26335,买盘
2295,11:07:27,11.45,0.01,9,10305,买盘
2296,11:07:24,11.44,-0.01,1,1144,卖盘
2297,11:07:21,11.45,--,4,4580,买盘
2298,11:07:18,11.45,0.01,1,1145,买盘
2299,11:07:09,11.44,--,23,26312,卖盘
2300,11:07:06,11.44,--,9,10296,卖盘
2301,11:07:03,11.44,-0.01,14,16016,卖盘
2302,11:07:00,11.45,--,22,25190,买盘
2303,11:06:57,11.45,--,14,16029,买盘
2304,11:06:54,11.45,0.01,13,14884,买盘
2305,11:06:48,11.44,-0.01,25,28600,卖盘
2306,11:06:45,11.45,0.01,7,8014,买盘
2307,11:06:42,11.44,--,7,8008,卖盘
2308,11:06:39,11.44,--,50,57200,卖盘
2309,11:06:36,11.44,-0.01,20,22880,卖盘
2310,11:06:33,11.45,--,1,1145,买盘
2311,11:06:27,11.45,0.01,28,32059,买盘
2312,11:06:24,11.44,-0.01,7,8008,卖盘
2313,11:06:21,11.45,--,15,17175,买盘
2314,11:06:18,11.45,--,1,1145,买盘
2315,11:06:09,11.45,--,4,4580,买盘
2316,11:06:06,11.45,0.01,20,22900,买盘
2317,11:06:03,11.44,-0.01,7,8008,卖盘
2318,11:06:00,11.45,--,8,9160,买盘
2319,11:05:57,11.45,0.01,29,33205,买盘
2320,11:05:54,11.44,-0.01,7,8008,卖盘
2321,11:05:51,11.45,--,29,33205,买盘
2322,11:05:48,11.45,--,1,1145,买盘
2323,11:05:42,11.45,--,14,16029,买盘
2324,11:05:39,11.45,0.01,36,41220,买盘
2325,11:05:36,11.44,-0.01,23,26312,卖盘
2326,11:05:33,11.45,--,1,1145,买盘
2327,11:05:30,11.45,0.01,23,26335,买盘
2328,11:05:24,11.44,--,1,1144,卖盘
2329,11:05:21,11.44,--,2,2288,卖盘
2330,11:05:18,11.44,-0.01,21,24813,卖盘
2331,11:05:15,11.45,0.01,18,20610,买盘
2332,11:05:09,11.44,-0.01,5,5720,卖盘
2333,11:05:06,11.45,0.01,14,16029,买盘
2334,11:05:03,11.44,--,36,41184,卖盘
2335,11:04:57,11.44,--,1,1144,卖盘
2336,11:04:48,11.44,--,8,9152,卖盘
2337,11:04:42,11.44,--,6,6864,卖盘
2338,11:04:39,11.44,--,8,9152,卖盘
2339,11:04:33,11.44,-0.01,14,16016,卖盘
2340,11:04:30,11.45,--,46,52670,买盘
2341,11:04:27,11.45,0.01,30,34350,买盘
2342,11:04:18,11.44,--,8,9152,卖盘
2343,11:04:15,11.44,-0.01,4,4576,卖盘
2344,11:04:12,11.45,--,195,223275,买盘
2345,11:04:09,11.45,0.01,20,22900,买盘
2346,11:04:06,11.44,-0.01,2,2288,卖盘
2347,11:04:03,11.45,0.01,22,25190,买盘
2348,11:04:00,11.44,--,4,4576,卖盘
2349,11:03:57,11.44,-0.01,2,2288,卖盘
2350,11:03:48,11.45,0.01,17,19465,买盘
2351,11:03:45,11.44,--,8,9152,卖盘
2352,11:03:36,11.44,-0.01,3,3432,卖盘
2353,11:03:33,11.45,--,1,1145,买盘
2354,11:03:21,11.45,--,10,11450,买盘
2355,11:03:18,11.45,--,37,42365,买盘
2356,11:03:15,11.45,--,77,88165,买盘
2357,11:03:12,11.45,0.01,1,1145,买盘
2358,11:03:09,11.44,-0.01,13,14872,卖盘
2359,11:03:06,11.45,--,115,131675,买盘
2360,11:03:03,11.45,--,2,2290,买盘
2361,11:02:51,11.45,--,15,17175,买盘
2362,11:02:48,11.45,0.01,27,30914,买盘
2363,11:02:45,11.44,--,3,3432,卖盘
2364,11:02:39,11.44,-0.01,54,61776,卖盘
2365,11:02:36,11.45,--,19,21755,买盘
2366,11:02:33,11.45,--,184,210680,卖盘
2367,11:02:30,11.45,-0.01,13,14884,卖盘
2368,11:02:27,11.46,0.01,15,17190,买盘
2369,11:02:24,11.45,--,4,4580,卖盘
2370,11:02:15,11.45,-0.01,10,11450,卖盘
2371,11:02:12,11.46,0.01,4,4584,买盘
2372,11:02:09,11.45,--,12,13740,卖盘
2373,11:02:03,11.45,-0.01,1,1145,卖盘
2374,11:01:57,11.46,--,6,6876,买盘
2375,11:01:48,11.46,0.01,14,16044,买盘
2376,11:01:45,11.45,--,54,61829,买盘
2377,11:01:42,11.45,0.01,11,12595,买盘
2378,11:01:39,11.44,--,7,8008,卖盘
2379,11:01:36,11.44,--,2,2288,卖盘
2380,11:01:33,11.44,-0.01,12,13728,卖盘
2381,11:01:30,11.45,0.02,35,40075,买盘
2382,11:01:21,11.43,--,3,3429,卖盘
2383,11:01:18,11.43,-0.03,12,13716,卖盘
2384,11:01:12,11.46,0.03,26,29796,买盘
2385,11:01:09,11.43,--,2,2286,卖盘
2386,11:01:03,11.43,-0.02,7,8001,卖盘
2387,11:01:00,11.45,--,1,1145,买盘
2388,11:00:57,11.45,--,110,125949,买盘
2389,11:00:54,11.45,--,2,2290,买盘
2390,11:00:51,11.45,--,105,120224,卖盘
2391,11:00:45,11.45,-0.01,56,64119,卖盘
2392,11:00:42,11.46,--,32,36672,买盘
2393,11:00:39,11.46,0.01,16,18336,买盘
2394,11:00:33,11.45,-0.01,21,24045,卖盘
2395,11:00:30,11.46,0.01,49,56154,买盘
2396,11:00:27,11.45,--,26,29769,卖盘
2397,11:00:24,11.45,--,1,1145,卖盘
2398,11:00:18,11.45,--,31,35495,卖盘
2399,11:00:12,11.45,--,8,9160,卖盘
2400,11:00:06,11.45,--,15,17175,卖盘
2401,11:00:03,11.45,-0.01,17,19465,卖盘
2402,11:00:00,11.46,--,18,20628,买盘
2403,10:59:57,11.46,0.01,29,33234,买盘
2404,10:59:54,11.45,--,52,59539,买盘
2405,10:59:51,11.45,--,1,1145,买盘
2406,10:59:42,11.45,--,2,2290,买盘
2407,10:59:39,11.45,0.02,20,22900,买盘
2408,10:59:33,11.43,-0.02,10,11430,卖盘
2409,10:59:30,11.45,0.02,10,11450,买盘
2410,10:59:27,11.43,-0.03,1,1143,卖盘
2411,10:59:24,11.46,0.02,931,1066926,买盘
2412,10:59:21,11.44,-0.01,15,17160,中性盘
2413,10:59:18,11.45,--,56,64119,买盘
2414,10:59:12,11.45,0.02,2,2290,买盘
2415,10:59:09,11.43,-0.02,3,3429,卖盘
2416,10:59:00,11.45,0.02,45,51525,买盘
2417,10:58:45,11.43,-0.02,1,1143,卖盘
2418,10:58:42,11.45,--,17,19465,买盘
2419,10:58:39,11.45,--,8,9160,买盘
2420,10:58:30,11.45,--,2,2290,买盘
2421,10:58:27,11.45,0.02,170,194650,买盘
2422,10:58:24,11.43,-0.02,11,12573,中性盘
2423,10:58:18,11.45,0.02,664,760280,买盘
2424,10:58:15,11.43,--,215,245745,买盘
2425,10:58:12,11.43,0.01,6,6858,买盘
2426,10:58:09,11.42,-0.01,2,2284,卖盘
2427,10:58:06,11.43,--,15,17145,买盘
2428,10:58:03,11.43,0.01,6,6858,买盘
2429,10:57:57,11.42,--,13,14846,卖盘
2430,10:57:54,11.42,--,7,7994,卖盘
2431,10:57:51,11.42,-0.01,5,5710,卖盘
2432,10:57:48,11.43,0.01,1,1143,买盘
2433,10:57:39,11.42,-0.01,1,1142,卖盘
2434,10:57:36,11.43,0.01,79,90297,买盘
2435,10:57:33,11.42,-0.01,27,30834,卖盘
2436,10:57:30,11.43,--,98,112014,买盘
2437,10:57:27,11.43,--,40,45720,买盘
2438,10:57:24,11.43,--,50,57150,买盘
2439,10:57:18,11.43,-0.01,133,152133,卖盘
2440,10:57:15,11.44,--,41,46904,买盘
2441,10:57:12,11.44,0.01,10,11440,买盘
2442,10:57:06,11.43,--,451,516521,卖盘
2443,10:57:03,11.43,--,4,4572,卖盘
2444,10:57:00,11.43,--,6,6858,卖盘
2445,10:56:54,11.43,-0.02,24,27432,卖盘
2446,10:56:51,11.45,0.02,14,16029,买盘
2447,10:56:48,11.43,-0.02,8,9144,卖盘
2448,10:56:42,11.45,0.01,18,20610,买盘
2449,10:56:39,11.44,0.01,21,24024,中性盘
2450,10:56:30,11.43,-0.02,1,1143,卖盘
2451,10:56:18,11.45,0.01,347,397315,买盘
2452,10:56:15,11.44,--,54,61776,买盘
2453,10:56:12,11.44,0.01,9,10296,买盘
2454,10:56:06,11.43,-0.01,22,25146,卖盘
2455,10:56:03,11.44,--,4,4576,买盘
2456,10:55:54,11.44,0.01,1,1144,买盘
2457,10:55:48,11.43,--,4,4572,卖盘
2458,10:55:45,11.43,-0.01,11,12573,卖盘
2459,10:55:42,11.44,--,25,28600,买盘
2460,10:55:39,11.44,--,1,1144,买盘
2461,10:55:36,11.44,0.01,14,16016,买盘
2462,10:55:33,11.43,-0.01,2,2286,卖盘
2463,10:55:30,11.44,--,60,68640,买盘
2464,10:55:24,11.44,0.01,61,69784,买盘
2465,10:55:18,11.43,--,103,117729,卖盘
2466,10:55:15,11.43,--,7,8001,卖盘
2467,10:55:09,11.43,--,1,1143,卖盘
2468,10:55:06,11.43,--,104,118872,卖盘
2469,10:55:03,11.43,0.01,167,190881,买盘
2470,10:55:00,11.42,-0.01,16,18272,卖盘
2471,10:54:57,11.43,--,10,11430,买盘
2472,10:54:48,11.43,0.01,4,4572,买盘
2473,10:54:42,11.42,--,16,18272,卖盘
2474,10:54:39,11.42,--,7,7994,卖盘
2475,10:54:36,11.42,--,10,11420,卖盘
2476,10:54:33,11.42,--,4,4568,卖盘
2477,10:54:30,11.42,-0.01,55,62810,卖盘
2478,10:54:27,11.43,--,21,24003,买盘
2479,10:54:24,11.43,--,12,13716,买盘
2480,10:54:21,11.43,--,36,41148,买盘
2481,10:54:18,11.43,--,2,2286,买盘
2482,10:54:15,11.43,--,60,68580,买盘
2483,10:54:12,11.43,0.01,8,9144,买盘
2484,10:54:09,11.42,-0.01,67,76514,卖盘
2485,10:54:03,11.43,--,23,26289,买盘
2486,10:54:00,11.43,0.01,10,11430,买盘
2487,10:53:57,11.42,-0.01,1,1142,卖盘
2488,10:53:54,11.43,0.01,5,5715,买盘
2489,10:53:51,11.42,-0.01,10,11420,卖盘
2490,10:53:48,11.43,--,25,28575,买盘
2491,10:53:45,11.43,--,15,17145,买盘
2492,10:53:42,11.43,0.01,6,6858,买盘
2493,10:53:39,11.42,--,7,7994,卖盘
2494,10:53:36,11.42,-0.01,19,21698,卖盘
2495,10:53:30,11.43,-0.02,14,16002,卖盘
2496,10:53:27,11.45,-0.01,16,18320,中性盘
2497,10:53:18,11.46,0.04,12,13752,买盘
2498,10:53:15,11.42,--,20,22840,买盘
2499,10:53:12,11.42,-0.04,8,9136,买盘
2500,10:53:09,11.46,--,279,319734,买盘
2501,10:53:06,11.46,0.05,691,791886,买盘
2502,10:53:03,11.41,-0.03,7,7987,卖盘
2503,10:52:57,11.44,0.02,1002,1146288,买盘
2504,10:52:54,11.42,--,83,94786,买盘
2505,10:52:48,11.42,--,1,1142,买盘
2506,10:52:42,11.42,--,23,26266,买盘
2507,10:52:39,11.42,--,129,147318,卖盘
2508,10:52:36,11.42,--,1,1142,卖盘
2509,10:52:33,11.42,--,22,25124,卖盘
2510,10:52:30,11.42,-0.01,10,11420,卖盘
2511,10:52:21,11.43,0.01,35,40005,买盘
2512,10:52:18,11.42,-0.01,485,553870,卖盘
2513,10:52:15,11.43,0.01,19,21717,买盘
2514,10:52:12,11.42,-0.01,2,2284,卖盘
2515,10:52:09,11.43,--,5,5715,卖盘
2516,10:52:06,11.43,--,65,74295,卖盘
2517,10:52:03,11.43,--,7,8001,卖盘
2518,10:52:00,11.43,-0.01,22,25146,卖盘
2519,10:51:57,11.44,--,25,28600,买盘
2520,10:51:54,11.44,0.01,14,16016,买盘
2521,10:51:51,11.43,-0.01,4,4572,卖盘
2522,10:51:48,11.44,0.01,118,134992,买盘
2523,10:51:42,11.43,--,5,5715,卖盘
2524,10:51:36,11.43,--,8,9144,卖盘
2525,10:51:33,11.43,--,5,5715,卖盘
2526,10:51:30,11.43,-0.01,7,8001,卖盘
2527,10:51:24,11.44,-0.01,40,45760,买盘
2528,10:51:21,11.45,--,1,1145,买盘
2529,10:51:18,11.45,0.01,147,168315,买盘
2530,10:51:15,11.44,0.01,392,448448,买盘
2531,10:51:09,11.43,0.02,18,20574,买盘
2532,10:51:06,11.41,-0.02,857,978475,卖盘
2533,10:51:00,11.43,-0.01,7,8001,卖盘
2534,10:50:57,11.44,0.01,10,11440,买盘
2535,10:50:51,11.43,--,12,13716,卖盘
2536,10:50:48,11.43,--,3,3429,卖盘
2537,10:50:45,11.43,--,7,8001,卖盘
2538,10:50:42,11.43,-0.01,1,1143,卖盘
2539,10:50:39,11.44,0.01,17,19448,买盘
2540,10:50:36,11.43,--,8,9144,买盘
2541,10:50:24,11.43,-0.01,1,1143,卖盘
2542,10:50:18,11.44,-0.01,365,417560,卖盘
2543,10:50:15,11.45,0.01,1,1145,买盘
2544,10:50:12,11.44,--,17,19448,卖盘
2545,10:50:06,11.44,-0.01,5,5720,卖盘
2546,10:49:57,11.45,0.03,16,18320,买盘
2547,10:49:54,11.42,--,11,12562,卖盘
2548,10:49:48,11.42,0.01,52,59384,中性盘
2549,10:49:27,11.41,--,161,183701,卖盘
2550,10:49:24,11.41,--,2,2282,卖盘
2551,10:49:18,11.41,--,21,23961,卖盘
2552,10:49:15,11.41,-0.02,421,480361,卖盘
2553,10:49:12,11.43,0.02,1,1143,中性盘
2554,10:49:06,11.41,--,688,785008,卖盘
2555,10:49:03,11.41,0.01,3,3423,卖盘
2556,10:49:00,11.4,-0.01,880,1003200,卖盘
2557,10:48:51,11.41,-0.01,880,1004080,卖盘
2558,10:48:48,11.42,-0.01,258,294636,卖盘
2559,10:48:45,11.43,-0.01,11,12573,卖盘
2560,10:48:42,11.44,--,15,17160,买盘
2561,10:48:39,11.44,-0.01,65,74360,卖盘
2562,10:48:30,11.45,--,7,8014,买盘
2563,10:48:24,11.45,0.01,486,556470,买盘
2564,10:48:21,11.44,0.01,7,8008,买盘
2565,10:48:18,11.43,-0.02,8,9144,卖盘
2566,10:48:15,11.45,--,96,109920,买盘
2567,10:48:09,11.45,--,466,533570,买盘
2568,10:48:06,11.45,0.01,650,744250,买盘
2569,10:48:03,11.44,--,56,64064,买盘
2570,10:48:00,11.44,-0.01,67,76648,卖盘
2571,10:47:57,11.45,--,51,58395,买盘
2572,10:47:54,11.45,--,27,30914,卖盘
2573,10:47:51,11.45,-0.02,2,2290,卖盘
2574,10:47:48,11.47,--,335,384245,买盘
2575,10:47:45,11.47,0.02,687,787989,买盘
2576,10:47:42,11.45,--,2,2290,买盘
2577,10:47:39,11.45,-0.02,975,1116375,卖盘
2578,10:47:33,11.47,0.01,42,48174,买盘
2579,10:47:30,11.46,--,115,131790,卖盘
2580,10:47:27,11.46,--,548,628008,买盘
2581,10:47:24,11.46,-0.01,102,116892,卖盘
2582,10:47:21,11.47,--,11,12617,买盘
2583,10:47:18,11.47,0.01,31,35557,买盘
2584,10:47:15,11.46,--,54,61884,卖盘
2585,10:47:09,11.46,--,460,527160,买盘
2586,10:47:03,11.46,--,29,33234,买盘
2587,10:47:00,11.46,--,1,1146,买盘
2588,10:46:57,11.46,-0.01,57,65322,中性盘
2589,10:46:51,11.47,0.02,698,800606,买盘
2590,10:46:48,11.45,-0.01,533,610743,卖盘
2591,10:46:45,11.46,--,7,8022,卖盘
2592,10:46:39,11.46,-0.01,115,131790,卖盘
2593,10:46:36,11.47,0.01,14,16058,买盘
2594,10:46:33,11.46,--,103,118725,买盘
2595,10:46:27,11.46,0.01,1,1146,买盘
2596,10:46:24,11.45,-0.01,66,75570,中性盘
2597,10:46:21,11.46,0.01,420,481320,买盘
2598,10:46:18,11.45,--,199,227855,卖盘
2599,10:46:15,11.45,-0.01,200,229000,卖盘
2600,10:46:12,11.46,0.01,59,67614,买盘
2601,10:46:09,11.45,--,782,895390,卖盘
2602,10:46:06,11.45,--,2,2290,卖盘
2603,10:46:03,11.45,--,48,54960,卖盘
2604,10:45:57,11.45,--,10,11450,卖盘
2605,10:45:54,11.45,0.03,1,1145,中性盘
2606,10:45:51,11.42,-0.04,14,15988,卖盘
2607,10:45:48,11.46,0.04,500,573000,买盘
2608,10:45:45,11.42,-0.01,10,11420,卖盘
2609,10:45:42,11.43,0.02,1,1143,中性盘
2610,10:45:39,11.41,-0.03,10,11410,卖盘
2611,10:45:36,11.44,0.03,50,57200,买盘
2612,10:45:24,11.41,-0.03,1,1141,卖盘
2613,10:45:21,11.44,0.03,1,1144,中性盘
2614,10:45:18,11.41,-0.04,6,6846,卖盘
2615,10:45:15,11.45,--,70,80150,买盘
2616,10:45:12,11.45,--,220,251899,买盘
2617,10:45:09,11.45,0.03,885,1013324,买盘
2618,10:45:03,11.42,--,7,7994,卖盘
2619,10:44:48,11.42,-0.01,805,919310,卖盘
2620,10:44:42,11.43,0.01,51,58293,买盘
2621,10:44:33,11.42,-0.02,404,461368,卖盘
2622,10:44:30,11.44,0.02,23,26312,买盘
2623,10:44:27,11.42,-0.01,12,13704,卖盘
2624,10:44:18,11.43,-0.01,10,11430,中性盘
2625,10:44:12,11.44,0.02,20,22880,买盘
2626,10:44:09,11.42,-0.01,2,2284,卖盘
2627,10:44:06,11.43,--,5,5715,买盘
2628,10:44:03,11.43,--,35,40005,卖盘
2629,10:43:57,11.43,--,2,2286,卖盘
2630,10:43:54,11.43,--,20,22860,卖盘
2631,10:43:48,11.43,-0.02,5,5715,卖盘
2632,10:43:45,11.45,--,452,517539,买盘
2633,10:43:42,11.45,0.01,270,309150,买盘
2634,10:43:36,11.44,--,1,1144,买盘
2635,10:43:33,11.44,--,10,11440,买盘
2636,10:43:30,11.44,0.01,100,114400,中性盘
2637,10:43:24,11.43,-0.01,325,371475,卖盘
2638,10:43:18,11.44,-0.01,10,11440,卖盘
2639,10:43:15,11.45,--,650,744250,买盘
2640,10:43:12,11.45,0.01,9,10305,买盘
2641,10:43:09,11.44,-0.01,10,11440,卖盘
2642,10:43:06,11.45,--,31,35495,买盘
2643,10:43:03,11.45,0.01,17,19465,买盘
2644,10:43:00,11.44,--,8,9152,卖盘
2645,10:42:57,11.44,--,196,224224,买盘
2646,10:42:54,11.44,--,29,33176,买盘
2647,10:42:48,11.44,--,117,133848,卖盘
2648,10:42:45,11.44,--,364,416416,卖盘
2649,10:42:42,11.44,-0.01,5,5720,卖盘
2650,10:42:39,11.45,0.01,31,35495,买盘
2651,10:42:36,11.44,-0.01,5,5720,卖盘
2652,10:42:33,11.45,--,2,2290,买盘
2653,10:42:27,11.45,--,63,72135,买盘
2654,10:42:24,11.45,-0.01,236,270907,卖盘
2655,10:42:21,11.46,--,31,35526,买盘
2656,10:42:18,11.46,0.01,6,6876,买盘
2657,10:42:15,11.45,--,3,3435,卖盘
2658,10:42:12,11.45,--,11,12595,卖盘
2659,10:42:09,11.45,-0.01,13,14884,卖盘
2660,10:42:06,11.46,0.01,518,593628,买盘
2661,10:42:03,11.45,--,101,115645,卖盘
2662,10:41:57,11.45,--,94,108088,买盘
2663,10:41:54,11.45,--,25,28625,买盘
2664,10:41:51,11.45,--,53,60684,买盘
2665,10:41:48,11.45,--,18,20610,买盘
2666,10:41:42,11.45,--,341,390445,买盘
2667,10:41:39,11.45,--,650,744250,买盘
2668,10:41:36,11.45,0.01,14,16029,买盘
2669,10:41:33,11.44,--,2,2288,卖盘
2670,10:41:30,11.44,--,20,22880,卖盘
2671,10:41:24,11.44,--,7,8008,卖盘
2672,10:41:18,11.44,--,4,4576,卖盘
2673,10:41:15,11.44,--,83,94952,买盘
2674,10:41:12,11.44,--,4,4576,买盘
2675,10:41:06,11.44,0.01,8,9152,买盘
2676,10:41:03,11.43,0.01,3,3429,卖盘
2677,10:41:00,11.42,-0.02,346,395132,卖盘
2678,10:40:57,11.44,0.02,465,531960,买盘
2679,10:40:54,11.42,--,150,171300,卖盘
2680,10:40:48,11.42,-0.01,46,52532,卖盘
2681,10:40:45,11.43,0.01,51,58293,买盘
2682,10:40:42,11.42,-0.01,210,239820,卖盘
2683,10:40:33,11.43,--,4,4572,买盘
2684,10:40:30,11.43,--,11,12573,买盘
2685,10:40:27,11.43,--,20,22860,买盘
2686,10:40:24,11.43,--,3,3429,买盘
2687,10:40:21,11.43,--,24,27432,买盘
2688,10:40:18,11.43,--,30,34290,买盘
2689,10:40:15,11.43,--,14,16002,买盘
2690,10:40:12,11.43,0.01,1,1143,买盘
2691,10:40:09,11.42,-0.01,15,17130,卖盘
2692,10:40:06,11.43,--,10,11430,买盘
2693,10:40:03,11.43,--,6,6858,买盘
2694,10:39:57,11.43,--,4,4572,买盘
2695,10:39:54,11.43,--,50,57150,买盘
2696,10:39:51,11.43,--,8,9144,买盘
2697,10:39:48,11.43,0.01,1,1143,买盘
2698,10:39:45,11.42,-0.01,7,7994,卖盘
2699,10:39:42,11.43,--,11,12573,买盘
2700,10:39:39,11.43,--,3,3429,买盘
2701,10:39:36,11.43,--,4,4572,买盘
2702,10:39:33,11.43,--,5,5715,买盘
2703,10:39:30,11.43,0.01,14,16002,买盘
2704,10:39:27,11.42,-0.01,10,11420,卖盘
2705,10:39:21,11.43,--,1,1143,买盘
2706,10:39:18,11.43,--,2,2286,买盘
2707,10:39:15,11.43,0.01,87,99441,买盘
2708,10:39:12,11.42,--,4,4568,卖盘
2709,10:39:09,11.42,0.01,25,28550,买盘
2710,10:39:06,11.41,-0.01,54,61614,卖盘
2711,10:39:03,11.42,--,8,9136,买盘
2712,10:39:00,11.42,--,27,30834,买盘
2713,10:38:57,11.42,--,1,1142,买盘
2714,10:38:54,11.42,0.01,8,9136,买盘
2715,10:38:48,11.41,-0.01,9,10269,卖盘
2716,10:38:45,11.42,0.01,7,7994,买盘
2717,10:38:42,11.41,-0.01,9,10269,卖盘
2718,10:38:39,11.42,--,5,5710,买盘
2719,10:38:36,11.42,--,29,33118,买盘
2720,10:38:33,11.42,0.01,10,11420,买盘
2721,10:38:30,11.41,-0.01,56,63896,卖盘
2722,10:38:27,11.42,--,10,11420,买盘
2723,10:38:18,11.42,--,9,10278,买盘
2724,10:38:15,11.42,--,15,17130,买盘
2725,10:38:12,11.42,0.01,11,12562,买盘
2726,10:38:09,11.41,-0.01,7,7987,卖盘
2727,10:38:06,11.42,--,22,25124,买盘
2728,10:38:03,11.42,--,14,15988,买盘
2729,10:38:00,11.42,0.01,1,1142,买盘
2730,10:37:51,11.41,-0.01,2,2282,卖盘
2731,10:37:48,11.42,--,1,1142,买盘
2732,10:37:42,11.42,--,1,1142,买盘
2733,10:37:39,11.42,--,25,28550,买盘
2734,10:37:36,11.42,--,39,44538,买盘
2735,10:37:24,11.42,0.01,12,13704,买盘
2736,10:37:21,11.41,--,3,3423,卖盘
2737,10:37:18,11.41,--,1,1141,卖盘
2738,10:37:15,11.41,--,158,180825,买盘
2739,10:37:12,11.41,--,1,1141,买盘
2740,10:37:06,11.41,0.01,30,34230,买盘
2741,10:37:03,11.4,--,8,9120,卖盘
2742,10:37:00,11.4,--,3,3420,卖盘
2743,10:36:57,11.4,--,1,1140,卖盘
2744,10:36:54,11.4,--,21,23940,卖盘
2745,10:36:51,11.4,--,10,11400,卖盘
2746,10:36:48,11.4,--,42,47880,卖盘
2747,10:36:45,11.4,--,80,91200,卖盘
2748,10:36:39,11.4,--,20,22800,卖盘
2749,10:36:36,11.4,--,3,3420,卖盘
2750,10:36:33,11.4,--,101,115824,卖盘
2751,10:36:30,11.4,-0.01,50,57000,卖盘
2752,10:36:21,11.41,--,1,1141,买盘
2753,10:36:18,11.41,--,1,1141,买盘
2754,10:36:15,11.41,0.01,12,13692,买盘
2755,10:36:12,11.4,--,17,19380,卖盘
2756,10:36:09,11.4,--,1,1140,卖盘
2757,10:36:06,11.4,--,20,22800,卖盘
2758,10:36:03,11.4,--,8,9120,卖盘
2759,10:35:54,11.4,--,300,342000,卖盘
2760,10:35:51,11.4,-0.01,3,3420,卖盘
2761,10:35:48,11.41,0.01,44,50204,买盘
2762,10:35:45,11.4,-0.01,10,11400,卖盘
2763,10:35:42,11.41,--,2,2282,买盘
2764,10:35:39,11.41,0.01,9,10269,买盘
2765,10:35:36,11.4,-0.01,8,9120,卖盘
2766,10:35:33,11.41,--,2,2282,买盘
2767,10:35:30,11.41,0.01,15,17115,买盘
2768,10:35:24,11.4,-0.01,1,1140,卖盘
2769,10:35:18,11.41,--,20,22820,买盘
2770,10:35:15,11.41,--,18,20538,买盘
2771,10:35:12,11.41,--,66,75306,买盘
2772,10:35:03,11.41,0.01,12,13692,买盘
2773,10:35:00,11.4,-0.01,20,22800,卖盘
2774,10:34:54,11.41,--,15,17115,买盘
2775,10:34:48,11.41,0.01,14,15974,买盘
2776,10:34:39,11.4,-0.01,7,7980,卖盘
2777,10:34:36,11.41,--,18,20538,买盘
2778,10:34:33,11.41,--,21,24554,卖盘
2779,10:34:27,11.41,--,25,28525,卖盘
2780,10:34:24,11.41,--,7,7987,卖盘
2781,10:34:21,11.41,--,9,10816,卖盘
2782,10:34:15,11.41,--,9,10269,卖盘
2783,10:34:12,11.41,0.01,9,10269,买盘
2784,10:34:09,11.4,-0.01,42,47880,卖盘
2785,10:34:06,11.41,-0.01,21,23961,买盘
2786,10:34:03,11.42,--,30,34260,买盘
2787,10:34:00,11.42,0.02,2,2284,买盘
2788,10:33:54,11.4,--,14,15960,卖盘
2789,10:33:51,11.4,-0.01,531,605340,卖盘
2790,10:33:45,11.41,--,10,11410,卖盘
2791,10:33:42,11.41,0.01,5,5705,中性盘
2792,10:33:39,11.4,-0.02,205,233700,卖盘
2793,10:33:36,11.42,0.01,40,45680,买盘
2794,10:33:33,11.41,--,1,1141,卖盘
2795,10:33:30,11.41,-0.01,7,7987,卖盘
2796,10:33:24,11.42,--,29,33118,买盘
2797,10:33:21,11.42,0.01,4,4568,买盘
2798,10:33:18,11.41,--,3,3423,卖盘
2799,10:33:15,11.41,--,58,66178,买盘
2800,10:33:12,11.41,--,2,2282,买盘
2801,10:33:06,11.41,--,12,13692,买盘
2802,10:33:03,11.41,0.01,18,20538,卖盘
2803,10:33:00,11.4,-0.01,300,342000,卖盘
2804,10:32:48,11.41,-0.01,8,9128,卖盘
2805,10:32:42,11.42,--,1,1142,买盘
2806,10:32:39,11.42,0.01,12,13704,买盘
2807,10:32:36,11.41,-0.01,6,6846,卖盘
2808,10:32:33,11.42,0.01,6,6852,买盘
2809,10:32:30,11.41,--,1,1141,卖盘
2810,10:32:27,11.41,--,14,15974,卖盘
2811,10:32:24,11.41,--,2,2282,卖盘
