,time,price,change,volume,amount,type
0,15:00:03,13.02,0.01,16320,21248640,买盘
1,14:57:00,13.01,-0.01,482,627888,卖盘
2,14:56:57,13.02,0.01,139,180978,买盘
3,14:56:54,13.01,--,588,766106,卖盘
4,14:56:51,13.01,-0.01,196,256023,卖盘
5,14:56:48,13.02,0.01,129,167958,买盘
6,14:56:45,13.01,--,76,98876,买盘
7,14:56:42,13.01,--,102,132702,买盘
8,14:56:39,13.01,0.01,240,312240,买盘
9,14:56:36,13.0,-0.01,726,943800,卖盘
10,14:56:33,13.01,--,103,134003,买盘
11,14:56:30,13.01,--,231,300531,卖盘
12,14:56:27,13.01,0.01,72,93672,卖盘
13,14:56:24,13.0,--,801,1041300,卖盘
14,14:56:21,13.0,-0.01,75,97500,卖盘
15,14:56:18,13.01,--,530,689530,买盘
16,14:56:15,13.01,--,174,226374,买盘
17,14:56:12,13.01,--,237,308337,卖盘
18,14:56:09,13.01,-0.01,366,476166,卖盘
19,14:56:06,13.02,--,848,1104096,买盘
20,14:56:03,13.02,--,38,49476,买盘
21,14:56:00,13.02,0.01,712,927024,买盘
22,14:55:57,13.01,-0.01,28,36428,卖盘
23,14:55:54,13.02,--,30,39060,买盘
24,14:55:51,13.02,--,78,101556,买盘
25,14:55:48,13.02,-0.01,766,998360,卖盘
26,14:55:45,13.03,0.01,171,222813,买盘
27,14:55:42,13.02,--,409,532518,卖盘
28,14:55:39,13.02,--,34,44268,卖盘
29,14:55:36,13.02,-0.01,18,23436,卖盘
30,14:55:33,13.03,-0.01,46,59938,中性盘
31,14:55:30,13.04,0.01,360,469439,买盘
32,14:55:27,13.03,0.01,199,259297,卖盘
33,14:55:24,13.02,-0.01,69,89838,卖盘
34,14:55:21,13.03,0.01,196,255388,买盘
35,14:55:18,13.02,-0.01,85,110670,卖盘
36,14:55:15,13.03,-0.01,36,46908,卖盘
37,14:55:12,13.04,--,224,292096,买盘
38,14:55:09,13.04,--,80,104320,买盘
39,14:55:06,13.04,--,80,104320,买盘
40,14:55:03,13.04,0.02,36,46944,买盘
41,14:55:00,13.02,-0.02,525,683550,卖盘
42,14:54:57,13.04,--,44,57375,买盘
43,14:54:54,13.04,--,116,151264,买盘
44,14:54:51,13.04,-0.01,514,670256,卖盘
45,14:54:48,13.05,--,114,148770,卖盘
46,14:54:45,13.05,--,342,446310,卖盘
47,14:54:42,13.05,0.01,237,309285,买盘
48,14:54:39,13.04,-0.01,144,187776,卖盘
49,14:54:36,13.05,--,190,247950,买盘
50,14:54:33,13.05,0.01,304,396720,中性盘
51,14:54:30,13.04,-0.01,36,46944,卖盘
52,14:54:27,13.05,--,128,167040,买盘
53,14:54:24,13.05,--,68,89092,卖盘
54,14:54:21,13.05,--,42,54810,卖盘
55,14:54:18,13.05,0.01,208,272392,买盘
56,14:54:15,13.04,-0.02,149,194296,卖盘
57,14:54:12,13.06,0.01,243,317358,买盘
58,14:54:09,13.05,-0.01,97,126585,卖盘
59,14:54:06,13.06,--,92,120152,卖盘
60,14:54:03,13.06,--,101,131906,卖盘
61,14:54:00,13.06,--,110,143660,卖盘
62,14:53:57,13.06,--,43,56158,买盘
63,14:53:54,13.06,0.01,210,274260,买盘
64,14:53:51,13.05,-0.01,30,39150,卖盘
65,14:53:48,13.06,0.01,96,125376,买盘
66,14:53:45,13.05,-0.02,304,396720,卖盘
67,14:53:42,13.07,0.02,86,112402,买盘
68,14:53:36,13.05,-0.01,201,262305,卖盘
69,14:53:33,13.06,--,635,829310,卖盘
70,14:53:30,13.06,--,216,282096,卖盘
71,14:53:27,13.06,--,55,71830,卖盘
72,14:53:24,13.06,--,81,105786,卖盘
73,14:53:21,13.06,--,233,304298,卖盘
74,14:53:18,13.06,--,47,61382,卖盘
75,14:53:15,13.06,-0.01,50,65300,买盘
76,14:53:12,13.07,0.01,350,457450,买盘
77,14:53:09,13.06,--,447,583782,卖盘
78,14:53:06,13.06,0.01,214,279484,中性盘
79,14:53:03,13.05,-0.01,288,375840,卖盘
80,14:53:00,13.06,0.01,417,544602,中性盘
81,14:52:57,13.05,--,266,347482,卖盘
82,14:52:54,13.05,-0.01,269,351045,卖盘
83,14:52:51,13.06,0.01,55,71830,买盘
84,14:52:48,13.05,-0.01,113,147465,卖盘
85,14:52:45,13.06,0.01,55,72104,买盘
86,14:52:42,13.05,-0.01,126,164430,卖盘
87,14:52:39,13.06,0.01,59,77054,买盘
88,14:52:36,13.05,-0.01,767,1001887,卖盘
89,14:52:33,13.06,--,234,305956,买盘
90,14:52:30,13.06,--,107,139742,买盘
91,14:52:27,13.06,--,107,140695,卖盘
92,14:52:24,13.06,--,149,194946,卖盘
93,14:52:21,13.06,0.01,212,276872,卖盘
94,14:52:18,13.05,-0.02,119,155295,卖盘
95,14:52:15,13.07,0.01,19,24833,买盘
96,14:52:12,13.06,-0.01,19,24814,卖盘
97,14:52:09,13.07,--,150,196050,买盘
98,14:52:06,13.07,0.02,24,31368,买盘
99,14:52:03,13.05,-0.02,22,28710,卖盘
100,14:52:00,13.07,--,459,599913,买盘
101,14:51:57,13.07,0.01,60,78420,买盘
102,14:51:54,13.06,--,369,481914,卖盘
103,14:51:51,13.06,-0.01,92,120152,卖盘
104,14:51:48,13.07,--,54,70578,买盘
105,14:51:45,13.07,--,203,265321,买盘
106,14:51:42,13.07,--,43,56201,买盘
107,14:51:39,13.07,--,19,24833,买盘
108,14:51:36,13.07,--,6,7842,买盘
109,14:51:33,13.07,--,149,195239,卖盘
110,14:51:30,13.07,-0.01,371,485302,卖盘
111,14:51:27,13.08,0.01,87,113796,买盘
112,14:51:24,13.07,-0.01,75,98025,卖盘
113,14:51:21,13.08,--,430,562440,买盘
114,14:51:18,13.08,--,115,150420,买盘
115,14:51:15,13.08,--,131,171348,买盘
116,14:51:12,13.08,--,18,23544,买盘
117,14:51:06,13.08,0.01,60,78480,买盘
118,14:51:03,13.07,--,119,155533,卖盘
119,14:51:00,13.07,-0.01,292,381644,卖盘
120,14:50:57,13.08,--,298,389784,买盘
121,14:50:54,13.08,--,29,37932,买盘
122,14:50:51,13.08,--,208,272064,买盘
123,14:50:48,13.08,--,460,601680,买盘
124,14:50:45,13.08,0.01,318,415944,买盘
125,14:50:42,13.07,-0.01,24,31368,卖盘
126,14:50:39,13.08,--,82,107256,买盘
127,14:50:36,13.08,0.01,132,172656,买盘
128,14:50:33,13.07,--,93,121551,卖盘
129,14:50:30,13.07,-0.01,17,22624,卖盘
130,14:50:27,13.08,0.01,207,270756,买盘
131,14:50:24,13.07,--,44,57508,卖盘
132,14:50:21,13.07,--,97,126779,卖盘
133,14:50:18,13.07,--,16,20912,卖盘
134,14:50:15,13.07,0.01,124,162068,买盘
135,14:50:12,13.06,-0.01,41,53546,卖盘
136,14:50:09,13.07,0.01,333,435231,买盘
137,14:50:06,13.06,-0.01,161,210266,卖盘
138,14:50:03,13.07,0.01,117,152919,买盘
139,14:50:00,13.06,-0.01,272,355232,卖盘
140,14:49:57,13.07,0.01,165,215655,买盘
141,14:49:54,13.06,-0.01,2,2612,卖盘
142,14:49:51,13.07,0.01,30,39210,买盘
143,14:49:48,13.06,--,195,254670,买盘
144,14:49:45,13.06,--,308,402248,卖盘
145,14:49:42,13.06,--,50,65300,买盘
146,14:49:39,13.06,--,172,224632,买盘
147,14:49:36,13.06,--,69,90114,买盘
148,14:49:33,13.06,--,26,33956,卖盘
149,14:49:30,13.06,--,116,151496,买盘
150,14:49:27,13.06,0.01,55,71830,中性盘
151,14:49:24,13.05,-0.01,124,162224,卖盘
152,14:49:21,13.06,0.01,378,494281,买盘
153,14:49:18,13.05,--,35,45675,卖盘
154,14:49:15,13.05,--,47,62379,买盘
155,14:49:12,13.05,-0.01,141,184266,卖盘
156,14:49:09,13.06,0.01,108,141048,买盘
157,14:49:06,13.05,--,248,323640,卖盘
158,14:49:03,13.05,--,71,93699,卖盘
159,14:49:00,13.05,--,214,279270,卖盘
160,14:48:57,13.05,--,170,221850,卖盘
161,14:48:54,13.05,--,3,3915,卖盘
162,14:48:51,13.05,-0.01,36,46980,中性盘
163,14:48:48,13.06,0.01,153,201032,买盘
164,14:48:45,13.05,--,25,32625,买盘
165,14:48:42,13.05,--,50,65250,买盘
166,14:48:39,13.05,--,184,240120,买盘
167,14:48:36,13.05,--,90,117450,买盘
168,14:48:33,13.05,0.01,129,168345,买盘
169,14:48:30,13.04,-0.01,91,118663,卖盘
170,14:48:27,13.05,--,66,86221,卖盘
171,14:48:24,13.05,--,35,46079,卖盘
172,14:48:21,13.05,--,69,90045,卖盘
173,14:48:18,13.05,0.01,63,83024,买盘
174,14:48:15,13.04,--,132,172128,卖盘
175,14:48:12,13.04,-0.01,251,327304,卖盘
176,14:48:09,13.05,--,34,44878,买盘
177,14:48:06,13.05,0.01,30,39150,买盘
178,14:48:03,13.04,-0.01,109,142136,卖盘
179,14:48:00,13.05,--,126,164430,买盘
180,14:47:57,13.05,-0.01,125,163125,卖盘
181,14:47:54,13.06,0.01,8,10448,买盘
182,14:47:51,13.05,--,132,172260,买盘
183,14:47:48,13.05,--,2,2610,买盘
184,14:47:45,13.05,-0.01,67,87435,卖盘
185,14:47:42,13.06,0.02,41,53546,买盘
186,14:47:39,13.04,--,12,15647,卖盘
187,14:47:36,13.04,--,1117,1456568,卖盘
188,14:47:33,13.04,--,64,83456,卖盘
189,14:47:30,13.04,--,52,67808,卖盘
190,14:47:27,13.04,--,852,1111008,卖盘
191,14:47:24,13.04,--,99,129095,卖盘
192,14:47:21,13.04,--,141,184268,卖盘
193,14:47:18,13.04,0.01,724,944095,买盘
194,14:47:15,13.03,-0.01,11,14333,中性盘
195,14:47:12,13.04,--,612,798048,买盘
196,14:47:09,13.04,0.01,100,130399,买盘
197,14:47:06,13.03,--,522,680166,卖盘
198,14:47:03,13.03,--,101,131603,卖盘
199,14:47:00,13.03,--,73,95119,卖盘
200,14:46:57,13.03,-0.01,78,102767,卖盘
201,14:46:54,13.04,--,67,87368,买盘
202,14:46:51,13.04,--,46,59983,买盘
203,14:46:48,13.04,--,49,63895,买盘
204,14:46:45,13.04,--,35,45640,买盘
205,14:46:42,13.04,-0.01,560,730240,中性盘
206,14:46:39,13.05,--,26,33930,买盘
207,14:46:36,13.05,--,198,258390,买盘
208,14:46:33,13.05,--,97,126585,买盘
209,14:46:30,13.05,0.01,524,683820,买盘
210,14:46:27,13.04,-0.01,185,242504,卖盘
211,14:46:24,13.05,-0.01,107,139635,买盘
212,14:46:21,13.06,-0.02,71,92726,卖盘
213,14:46:18,13.08,0.01,6,7848,买盘
214,14:46:15,13.07,--,53,69271,卖盘
215,14:46:12,13.07,0.01,2845,3718415,买盘
216,14:46:09,13.06,0.02,172,224632,买盘
217,14:46:06,13.04,-0.02,48,62591,卖盘
218,14:46:03,13.06,0.01,131,171086,买盘
219,14:46:00,13.05,-0.02,666,869130,卖盘
220,14:45:57,13.07,0.01,25,32675,买盘
221,14:45:54,13.06,--,5,6530,卖盘
222,14:45:51,13.06,--,317,414002,买盘
223,14:45:48,13.06,--,314,410084,卖盘
224,14:45:45,13.06,--,46,60076,卖盘
225,14:45:42,13.06,--,231,301686,卖盘
226,14:45:39,13.06,0.01,36,47016,买盘
227,14:45:36,13.05,-0.02,105,137025,卖盘
228,14:45:33,13.07,0.02,296,386872,买盘
229,14:45:30,13.05,0.01,15,19575,中性盘
230,14:45:27,13.04,-0.01,167,217768,卖盘
231,14:45:24,13.05,-0.01,9,11745,卖盘
232,14:45:21,13.06,0.01,5,6530,买盘
233,14:45:18,13.05,0.01,157,205289,买盘
234,14:45:15,13.04,--,70,91280,买盘
235,14:45:12,13.04,-0.02,58,75632,中性盘
236,14:45:09,13.06,0.02,219,286014,买盘
237,14:45:06,13.04,--,58,75632,卖盘
238,14:45:03,13.04,-0.02,134,174736,卖盘
239,14:45:00,13.06,--,90,117540,买盘
240,14:44:57,13.06,--,115,150190,卖盘
241,14:44:54,13.06,--,57,74442,买盘
242,14:44:51,13.06,--,24,31344,卖盘
243,14:44:48,13.06,0.03,10,13060,买盘
244,14:44:45,13.03,--,52,67756,卖盘
245,14:44:42,13.03,-0.03,57,74271,卖盘
246,14:44:39,13.06,-0.03,35,45710,中性盘
247,14:44:36,13.09,0.03,53,69377,买盘
248,14:44:33,13.06,0.04,32,41792,卖盘
249,14:44:30,13.02,-0.01,52,67704,卖盘
250,14:44:27,13.03,0.01,31,40393,中性盘
251,14:44:24,13.02,--,1889,2459478,买盘
252,14:44:21,13.02,--,226,294252,卖盘
253,14:44:18,13.02,0.01,214,279031,买盘
254,14:44:15,13.01,-0.01,134,174334,卖盘
255,14:44:12,13.02,0.01,398,518196,买盘
256,14:44:09,13.01,-0.01,79,102779,卖盘
257,14:44:06,13.02,--,90,117180,买盘
258,14:44:03,13.02,--,229,298158,买盘
259,14:44:00,13.02,--,130,169260,买盘
260,14:43:57,13.02,0.02,132,172332,买盘
261,14:43:54,13.0,-0.01,200,260832,卖盘
262,14:43:51,13.01,--,264,343932,买盘
263,14:43:48,13.01,--,218,283618,买盘
264,14:43:45,13.01,0.01,12,15612,买盘
265,14:43:42,13.0,--,224,291200,卖盘
266,14:43:39,13.0,0.01,281,366301,买盘
267,14:43:36,12.99,-0.01,303,393597,卖盘
268,14:43:33,13.0,0.01,226,293800,买盘
269,14:43:30,12.99,-0.01,1870,2429130,卖盘
270,14:43:27,13.0,0.01,56,72800,买盘
271,14:43:24,12.99,--,122,158478,卖盘
272,14:43:21,12.99,--,12,15588,卖盘
273,14:43:18,12.99,0.01,982,1276020,买盘
274,14:43:15,12.98,--,154,200294,卖盘
275,14:43:12,12.98,--,237,307626,卖盘
276,14:43:09,12.98,--,44,57112,卖盘
277,14:43:06,12.98,0.01,395,512710,买盘
278,14:43:03,12.97,--,206,267182,卖盘
279,14:43:00,12.97,-0.01,30,38910,卖盘
280,14:42:57,12.98,--,90,116820,买盘
281,14:42:54,12.98,--,30,38940,买盘
282,14:42:51,12.98,--,78,101244,卖盘
283,14:42:48,12.98,--,64,83072,卖盘
284,14:42:45,12.98,-0.01,531,689238,卖盘
285,14:42:42,12.99,--,93,120807,买盘
286,14:42:39,12.99,--,10,12990,买盘
287,14:42:36,12.99,--,15,19485,买盘
288,14:42:33,12.99,--,286,372410,卖盘
289,14:42:30,12.99,--,200,259800,卖盘
290,14:42:27,12.99,--,250,324750,卖盘
291,14:42:24,12.99,-0.01,182,236418,卖盘
292,14:42:21,13.0,0.01,87,113100,买盘
293,14:42:18,12.99,-0.01,45,58455,卖盘
294,14:42:15,13.0,--,14,18603,买盘
295,14:42:12,13.0,--,186,241995,卖盘
296,14:42:09,13.0,-0.01,1343,1745900,卖盘
297,14:42:06,13.01,0.01,578,751978,买盘
298,14:42:03,13.0,--,161,209300,卖盘
299,14:42:00,13.0,--,667,867100,卖盘
300,14:41:57,13.0,-0.01,79,102700,卖盘
301,14:41:54,13.01,--,35,45535,买盘
302,14:41:51,13.01,0.01,17,22117,买盘
303,14:41:48,13.0,-0.01,66,85800,卖盘
304,14:41:45,13.01,0.01,182,236782,买盘
305,14:41:42,13.0,--,20,26000,卖盘
306,14:41:36,13.0,-0.01,103,133900,卖盘
307,14:41:33,13.01,--,220,286220,卖盘
308,14:41:30,13.01,--,193,251093,卖盘
309,14:41:27,13.01,-0.01,148,192548,卖盘
310,14:41:24,13.02,0.01,55,71610,买盘
311,14:41:21,13.01,--,28,36428,卖盘
312,14:41:18,13.01,--,50,65050,卖盘
313,14:41:15,13.01,--,40,52040,买盘
314,14:41:12,13.01,--,143,186446,买盘
315,14:41:09,13.01,--,121,157421,买盘
316,14:41:06,13.01,--,44,57244,买盘
317,14:41:03,13.01,--,113,147013,买盘
318,14:41:00,13.01,--,244,317444,买盘
319,14:40:57,13.01,0.01,250,325250,买盘
320,14:40:54,13.0,--,16,20800,卖盘
321,14:40:48,13.0,-0.02,31,40300,卖盘
322,14:40:45,13.02,--,91,118482,买盘
323,14:40:42,13.02,0.01,17,22134,买盘
324,14:40:39,13.01,-0.01,186,241986,卖盘
325,14:40:36,13.02,--,13,16926,买盘
326,14:40:33,13.02,0.01,8,10416,买盘
327,14:40:30,13.01,-0.01,59,76759,卖盘
328,14:40:27,13.02,--,11,14322,买盘
329,14:40:24,13.02,0.01,97,126294,买盘
330,14:40:21,13.01,-0.01,39,50739,卖盘
331,14:40:18,13.02,-0.01,1139,1483381,卖盘
332,14:40:15,13.03,--,10,13030,买盘
333,14:40:12,13.03,0.02,38,49514,买盘
334,14:40:09,13.01,-0.01,250,325653,卖盘
335,14:40:06,13.02,--,40,52080,买盘
336,14:40:03,13.02,0.01,29,37758,买盘
337,14:40:00,13.01,-0.01,100,130100,卖盘
338,14:39:57,13.02,--,87,113274,买盘
339,14:39:54,13.02,-0.02,141,183582,卖盘
340,14:39:51,13.04,0.02,167,217768,买盘
341,14:39:48,13.02,-0.01,48,62496,卖盘
342,14:39:45,13.03,--,14,18242,买盘
343,14:39:42,13.03,--,4,5212,卖盘
344,14:39:39,13.03,--,93,121179,卖盘
345,14:39:36,13.03,0.02,3,3909,买盘
346,14:39:33,13.01,-0.03,27,35127,卖盘
347,14:39:30,13.04,0.02,22,28687,买盘
348,14:39:27,13.02,--,135,175770,卖盘
349,14:39:21,13.02,--,20,26040,卖盘
350,14:39:18,13.02,--,281,365862,中性盘
351,14:39:15,13.02,0.01,21,27342,中性盘
352,14:39:12,13.01,-0.02,1013,1317913,卖盘
353,14:39:09,13.03,--,31,40796,卖盘
354,14:39:06,13.03,0.01,404,527675,买盘
355,14:39:03,13.02,-0.01,85,110670,卖盘
356,14:39:00,13.03,--,186,243283,买盘
357,14:38:57,13.03,--,82,106846,买盘
358,14:38:54,13.03,0.01,123,160269,买盘
359,14:38:51,13.02,--,157,204414,卖盘
360,14:38:48,13.02,--,60,78120,卖盘
361,14:38:45,13.02,--,80,104160,卖盘
362,14:38:42,13.02,--,16,20832,卖盘
363,14:38:39,13.02,-0.01,100,130200,卖盘
364,14:38:36,13.03,--,8,10424,买盘
365,14:38:33,13.03,--,128,166784,卖盘
366,14:38:30,13.03,--,63,82089,卖盘
367,14:38:27,13.03,0.01,192,250553,买盘
368,14:38:24,13.02,-0.01,3,3906,卖盘
369,14:38:21,13.03,--,80,105165,卖盘
370,14:38:15,13.03,--,58,75574,卖盘
371,14:38:12,13.03,-0.01,9,11727,卖盘
372,14:38:09,13.04,0.01,143,186472,买盘
373,14:38:06,13.03,--,28,36887,卖盘
374,14:38:03,13.03,-0.01,28,36484,卖盘
375,14:38:00,13.04,0.01,18,23472,买盘
376,14:37:57,13.03,-0.02,133,173299,卖盘
377,14:37:54,13.05,--,20,26100,买盘
378,14:37:51,13.05,0.02,90,117450,买盘
379,14:37:48,13.03,-0.01,94,122482,卖盘
380,14:37:45,13.04,0.01,54,70416,买盘
381,14:37:39,13.03,-0.01,101,131603,卖盘
382,14:37:33,13.04,--,150,195600,卖盘
383,14:37:30,13.04,-0.01,577,752408,卖盘
384,14:37:27,13.05,--,27,35235,买盘
385,14:37:24,13.05,--,3,3915,买盘
386,14:37:21,13.05,--,293,382756,卖盘
387,14:37:18,13.05,-0.01,400,522000,卖盘
388,14:37:15,13.06,0.01,8,10448,买盘
389,14:37:12,13.05,--,214,279270,卖盘
390,14:37:09,13.05,--,386,503730,卖盘
391,14:37:06,13.05,--,39,51299,卖盘
392,14:37:03,13.05,-0.01,76,99180,卖盘
393,14:36:57,13.06,--,1,1306,买盘
394,14:36:54,13.06,--,8,10448,买盘
395,14:36:51,13.06,--,10,13060,买盘
396,14:36:48,13.06,--,22,28732,买盘
397,14:36:45,13.06,--,173,226643,卖盘
398,14:36:42,13.06,-0.01,107,139742,卖盘
399,14:36:39,13.07,0.01,44,57508,买盘
400,14:36:36,13.06,-0.01,87,113622,卖盘
401,14:36:33,13.07,0.01,12,15684,买盘
402,14:36:30,13.06,--,138,180228,卖盘
403,14:36:27,13.06,--,53,69218,卖盘
404,14:36:24,13.06,-0.01,5,6530,卖盘
405,14:36:21,13.07,-0.01,107,139849,中性盘
406,14:36:18,13.08,--,33,43164,买盘
407,14:36:15,13.08,0.02,46,60168,买盘
408,14:36:12,13.06,-0.02,28,36568,卖盘
409,14:36:09,13.08,--,16,20928,买盘
410,14:36:06,13.08,0.01,69,90945,买盘
411,14:36:03,13.07,--,23,30270,卖盘
412,14:36:00,13.07,-0.01,50,65350,卖盘
413,14:35:57,13.08,--,106,138648,卖盘
414,14:35:54,13.08,--,4,5232,卖盘
415,14:35:51,13.08,-0.01,34,44472,卖盘
416,14:35:48,13.09,0.01,16,20944,买盘
417,14:35:45,13.08,--,6,7848,卖盘
418,14:35:42,13.08,0.01,15,19620,买盘
419,14:35:39,13.07,--,10,13070,卖盘
420,14:35:36,13.07,-0.01,34,44438,卖盘
421,14:35:33,13.08,--,174,227592,卖盘
422,14:35:30,13.08,--,150,196200,卖盘
423,14:35:27,13.08,--,47,61476,卖盘
424,14:35:24,13.08,0.01,174,227592,买盘
425,14:35:21,13.07,--,1,1307,卖盘
426,14:35:15,13.07,-0.01,118,154226,卖盘
427,14:35:12,13.08,0.01,22,28776,买盘
428,14:35:09,13.07,--,10,13070,卖盘
429,14:35:06,13.07,--,18,23526,卖盘
430,14:35:03,13.07,--,47,61429,卖盘
431,14:35:00,13.07,-0.01,35,46150,卖盘
432,14:34:57,13.08,-0.01,48,62784,卖盘
433,14:34:54,13.09,0.01,37,48433,买盘
434,14:34:51,13.08,--,36,47088,卖盘
435,14:34:45,13.08,-0.01,46,60168,中性盘
436,14:34:39,13.09,--,92,120428,买盘
437,14:34:36,13.09,--,33,43197,买盘
438,14:34:33,13.09,-0.01,129,168861,中性盘
439,14:34:30,13.1,0.02,138,180780,买盘
440,14:34:27,13.08,-0.01,171,223668,卖盘
441,14:34:24,13.09,--,54,71589,卖盘
442,14:34:21,13.09,--,73,95557,卖盘
443,14:34:18,13.09,--,51,67164,买盘
444,14:34:15,13.09,--,146,191114,买盘
445,14:34:12,13.09,--,223,292810,卖盘
446,14:34:09,13.09,--,66,86394,卖盘
447,14:34:06,13.09,--,28,36652,卖盘
448,14:34:03,13.09,--,65,85085,卖盘
449,14:34:00,13.09,--,27,35748,卖盘
450,14:33:57,13.09,--,344,450296,卖盘
451,14:33:54,13.09,--,118,154462,卖盘
452,14:33:51,13.09,--,28,36652,卖盘
453,14:33:48,13.09,--,163,214466,买盘
454,14:33:45,13.09,-0.01,104,136136,卖盘
455,14:33:42,13.1,0.01,200,262000,买盘
456,14:33:39,13.09,-0.01,202,264418,卖盘
457,14:33:36,13.1,--,41,53710,买盘
458,14:33:33,13.1,0.02,10,13100,买盘
459,14:33:30,13.08,-0.01,2133,2789964,卖盘
460,14:33:27,13.09,-0.01,59,77231,卖盘
461,14:33:24,13.1,0.01,218,285580,买盘
462,14:33:21,13.09,-0.01,64,83776,中性盘
463,14:33:18,13.1,--,18,23580,买盘
464,14:33:15,13.1,0.01,148,193880,买盘
465,14:33:12,13.09,--,125,163625,卖盘
466,14:33:09,13.09,--,119,155771,卖盘
467,14:33:06,13.09,--,34,44506,卖盘
468,14:33:03,13.09,0.01,33,43197,买盘
469,14:33:00,13.08,-0.01,434,567672,卖盘
470,14:32:57,13.09,--,113,148322,买盘
471,14:32:54,13.09,--,58,75922,买盘
472,14:32:51,13.09,--,19,24871,买盘
473,14:32:48,13.09,--,101,132209,卖盘
474,14:32:45,13.09,-0.01,13,17017,中性盘
475,14:32:39,13.1,0.01,360,471600,买盘
476,14:32:36,13.09,--,106,138754,卖盘
477,14:32:33,13.09,0.01,1300,1701700,买盘
478,14:32:30,13.08,--,131,171348,买盘
479,14:32:27,13.08,--,319,417252,买盘
480,14:32:24,13.08,0.01,21,27468,买盘
481,14:32:21,13.07,-0.01,178,232646,卖盘
482,14:32:18,13.08,0.01,185,241980,买盘
483,14:32:15,13.07,-0.01,133,173831,卖盘
484,14:32:12,13.08,--,21,27468,买盘
485,14:32:09,13.08,0.02,38,49704,买盘
486,14:32:06,13.06,-0.01,438,572028,卖盘
487,14:32:03,13.07,0.01,68,88876,买盘
488,14:32:00,13.06,--,283,369598,卖盘
489,14:31:57,13.06,-0.01,142,185856,卖盘
490,14:31:54,13.07,--,23,30061,买盘
491,14:31:51,13.07,--,1,1307,买盘
492,14:31:48,13.07,0.02,349,456143,买盘
493,14:31:45,13.05,-0.01,163,212715,卖盘
494,14:31:42,13.06,0.01,1,1306,买盘
495,14:31:39,13.05,--,99,129703,买盘
496,14:31:36,13.05,--,25,32625,买盘
497,14:31:33,13.05,--,28,36540,买盘
498,14:31:30,13.05,--,2,2610,买盘
499,14:31:27,13.05,--,221,288405,买盘
500,14:31:24,13.05,0.02,80,104400,买盘
501,14:31:21,13.03,-0.02,112,145936,卖盘
502,14:31:18,13.05,0.01,351,458055,买盘
503,14:31:15,13.04,--,33,43032,买盘
504,14:31:12,13.04,0.01,104,135616,买盘
505,14:31:09,13.03,-0.01,108,140724,卖盘
506,14:31:06,13.04,0.01,16,20864,买盘
507,14:31:03,13.03,--,86,112058,卖盘
508,14:31:00,13.03,--,130,169390,卖盘
509,14:30:57,13.03,0.01,738,962890,买盘
510,14:30:54,13.02,-0.01,442,575887,卖盘
511,14:30:51,13.03,--,27,35181,买盘
512,14:30:48,13.03,--,356,463868,买盘
513,14:30:45,13.03,0.01,72,93816,买盘
514,14:30:42,13.02,-0.01,9,11718,卖盘
515,14:30:39,13.03,0.01,355,462565,买盘
516,14:30:36,13.02,0.01,401,522102,卖盘
517,14:30:33,13.01,-0.01,61,79361,卖盘
518,14:30:30,13.02,--,75,97650,卖盘
519,14:30:27,13.02,-0.01,171,222642,卖盘
520,14:30:24,13.03,0.01,29,37787,买盘
521,14:30:21,13.02,--,30,39060,卖盘
522,14:30:18,13.02,-0.01,2,2604,卖盘
523,14:30:15,13.03,0.01,39,51833,买盘
524,14:30:12,13.02,--,270,351540,买盘
525,14:30:09,13.02,--,96,124992,买盘
526,14:30:06,13.02,0.01,183,238266,买盘
527,14:30:03,13.01,--,82,106682,卖盘
528,14:30:00,13.01,-0.01,23,29923,卖盘
529,14:29:57,13.02,--,48,62496,买盘
530,14:29:54,13.02,0.01,79,102858,买盘
531,14:29:51,13.01,--,50,65453,卖盘
532,14:29:48,13.01,--,185,240685,卖盘
533,14:29:45,13.01,--,150,195150,卖盘
534,14:29:42,13.01,0.01,93,120993,中性盘
535,14:29:39,13.0,-0.01,921,1197729,卖盘
536,14:29:36,13.01,--,147,191247,买盘
537,14:29:33,13.01,0.01,223,290123,买盘
538,14:29:30,13.0,--,209,271700,买盘
539,14:29:27,13.0,--,18,23400,买盘
540,14:29:24,13.0,--,135,175500,买盘
541,14:29:21,13.0,--,98,127400,卖盘
542,14:29:18,13.0,--,60,78000,卖盘
543,14:29:15,13.0,--,165,214500,买盘
544,14:29:12,13.0,-0.01,107,139841,卖盘
545,14:29:09,13.01,--,125,162625,买盘
546,14:29:06,13.01,--,197,256297,买盘
547,14:29:03,13.01,0.01,323,420938,买盘
548,14:29:00,13.0,-0.01,152,197600,卖盘
549,14:28:57,13.01,--,30,39030,买盘
550,14:28:54,13.01,0.01,79,102779,买盘
551,14:28:51,13.0,--,46,60203,卖盘
552,14:28:48,13.0,-0.01,126,164138,卖盘
553,14:28:45,13.01,0.01,86,111886,买盘
554,14:28:42,13.0,--,25,32500,卖盘
555,14:28:39,13.0,--,164,213200,卖盘
556,14:28:36,13.0,-0.01,261,339300,卖盘
557,14:28:33,13.01,0.01,296,385096,买盘
558,14:28:30,13.0,-0.01,101,131300,卖盘
559,14:28:27,13.01,0.01,11,14311,买盘
560,14:28:24,13.0,-0.01,1,1300,卖盘
561,14:28:21,13.01,--,6,7806,买盘
562,14:28:18,13.01,--,149,193849,卖盘
563,14:28:15,13.01,--,112,145712,卖盘
564,14:28:12,13.01,0.01,481,625781,买盘
565,14:28:09,13.0,-0.01,452,587600,卖盘
566,14:28:06,13.01,0.01,491,638791,买盘
567,14:28:03,13.0,-0.01,1630,2119000,卖盘
568,14:28:00,13.01,--,609,792309,买盘
569,14:27:57,13.01,--,131,170431,买盘
570,14:27:54,13.01,0.01,30,39030,买盘
571,14:27:51,13.0,--,119,154700,卖盘
572,14:27:48,13.0,-0.01,127,165503,卖盘
573,14:27:45,13.01,--,320,416320,买盘
574,14:27:42,13.01,--,44,57244,买盘
575,14:27:39,13.01,--,15,19515,买盘
576,14:27:36,13.01,--,63,82249,卖盘
577,14:27:33,13.01,--,592,770192,卖盘
578,14:27:30,13.01,-0.01,134,174334,卖盘
579,14:27:27,13.02,0.01,53,69006,买盘
580,14:27:24,13.01,--,28,36454,卖盘
581,14:27:21,13.01,--,14,18214,卖盘
582,14:27:18,13.01,--,47,61147,卖盘
583,14:27:15,13.01,--,100,130100,卖盘
584,14:27:12,13.01,-0.01,128,166528,卖盘
585,14:27:09,13.02,--,123,160146,买盘
586,14:27:06,13.02,0.01,41,53382,买盘
587,14:27:03,13.01,-0.01,847,1101947,卖盘
588,14:27:00,13.02,--,496,646729,买盘
589,14:26:57,13.02,0.01,340,442680,买盘
590,14:26:54,13.01,-0.01,92,119692,卖盘
591,14:26:51,13.02,0.01,96,124992,买盘
592,14:26:48,13.01,-0.01,176,229379,卖盘
593,14:26:45,13.02,0.01,141,183582,买盘
594,14:26:42,13.01,--,36,46836,卖盘
595,14:26:39,13.01,-0.01,269,349969,卖盘
596,14:26:36,13.02,--,22,28644,买盘
597,14:26:33,13.02,0.01,44,57288,买盘
598,14:26:30,13.01,-0.01,934,1215134,卖盘
599,14:26:27,13.02,--,44,57288,买盘
600,14:26:24,13.02,--,11,14322,买盘
601,14:26:21,13.02,--,9,11718,买盘
602,14:26:18,13.02,-0.01,139,181342,卖盘
603,14:26:15,13.03,0.01,167,217601,买盘
604,14:26:12,13.02,-0.01,113,147126,卖盘
605,14:26:09,13.03,0.01,78,101634,买盘
606,14:26:06,13.02,--,70,91140,卖盘
607,14:26:03,13.02,--,87,113274,卖盘
608,14:26:00,13.02,--,34,44268,卖盘
609,14:25:57,13.02,--,642,835884,卖盘
610,14:25:54,13.02,--,21,27342,卖盘
611,14:25:51,13.02,--,110,143220,卖盘
612,14:25:48,13.02,--,22,28644,卖盘
613,14:25:45,13.02,-0.01,38,49879,卖盘
614,14:25:42,13.03,--,18,23454,买盘
615,14:25:39,13.03,--,10,13030,买盘
616,14:25:36,13.03,--,144,187905,卖盘
617,14:25:33,13.03,-0.01,69,89907,卖盘
618,14:25:30,13.04,0.01,10,13040,买盘
619,14:25:27,13.03,--,139,181117,卖盘
620,14:25:24,13.03,-0.01,127,165481,卖盘
621,14:25:21,13.04,0.01,22,28687,买盘
622,14:25:18,13.03,-0.01,106,138118,卖盘
623,14:25:12,13.04,--,1,1304,买盘
624,14:25:09,13.04,0.01,14,18256,买盘
625,14:25:06,13.03,--,37,48211,卖盘
626,14:25:03,13.03,-0.01,38,49514,卖盘
627,14:25:00,13.04,--,105,136920,买盘
628,14:24:57,13.04,0.01,100,130399,买盘
629,14:24:54,13.03,-0.01,178,231934,卖盘
630,14:24:51,13.04,--,6,7823,买盘
631,14:24:48,13.04,--,21,27384,买盘
632,14:24:45,13.04,--,177,231538,卖盘
633,14:24:42,13.04,--,17,22168,卖盘
634,14:24:39,13.04,-0.01,205,267320,卖盘
635,14:24:36,13.05,0.01,5,6525,买盘
636,14:24:33,13.04,--,112,146048,卖盘
637,14:24:30,13.04,--,14,18256,卖盘
638,14:24:27,13.04,--,22,28687,卖盘
639,14:24:24,13.04,--,125,163573,卖盘
640,14:24:21,13.04,0.01,581,757624,买盘
641,14:24:18,13.03,-0.01,100,130300,卖盘
642,14:24:12,13.04,--,30,39120,买盘
643,14:24:09,13.04,--,255,332520,买盘
644,14:24:06,13.04,--,46,59983,买盘
645,14:24:03,13.04,--,90,117359,买盘
646,14:24:00,13.04,--,98,127791,买盘
647,14:23:54,13.04,0.01,121,157784,中性盘
648,14:23:48,13.03,-0.01,221,287963,卖盘
649,14:23:45,13.04,0.01,15,19560,买盘
650,14:23:42,13.03,-0.01,127,165884,卖盘
651,14:23:39,13.04,0.01,206,268624,买盘
652,14:23:36,13.03,--,19,24757,卖盘
653,14:23:33,13.03,-0.01,57,74271,卖盘
654,14:23:30,13.04,0.01,9,11736,买盘
655,14:23:27,13.03,-0.01,89,115967,卖盘
656,14:23:24,13.04,0.01,1,1304,买盘
657,14:23:21,13.03,-0.01,241,314023,卖盘
658,14:23:18,13.04,--,475,619400,买盘
659,14:23:15,13.04,0.01,10,13040,买盘
660,14:23:12,13.03,-0.01,123,160269,卖盘
661,14:23:09,13.04,--,117,152568,买盘
662,14:23:06,13.04,0.01,34,44336,买盘
663,14:23:03,13.03,--,20,26060,卖盘
664,14:23:00,13.03,--,20,26060,卖盘
665,14:22:57,13.03,-0.01,40,52120,卖盘
666,14:22:54,13.04,0.01,138,179952,买盘
667,14:22:51,13.03,-0.01,379,493837,卖盘
668,14:22:45,13.04,0.01,67,87368,买盘
669,14:22:42,13.03,--,42,54726,卖盘
670,14:22:39,13.03,-0.01,40,52523,卖盘
671,14:22:36,13.04,--,20,26080,买盘
672,14:22:33,13.04,--,136,177943,卖盘
673,14:22:30,13.04,--,297,387288,卖盘
674,14:22:27,13.04,--,31,40424,卖盘
675,14:22:24,13.04,--,5,6520,卖盘
676,14:22:21,13.04,--,85,110840,卖盘
677,14:22:18,13.04,--,472,615488,卖盘
678,14:22:15,13.04,--,229,298616,卖盘
679,14:22:12,13.04,-0.01,6,7823,卖盘
680,14:22:09,13.05,0.01,26,33930,买盘
681,14:22:06,13.04,--,46,59983,卖盘
682,14:22:03,13.04,-0.01,26,33904,卖盘
683,14:22:00,13.05,0.01,360,469800,买盘
684,14:21:57,13.04,-0.01,314,409456,卖盘
685,14:21:54,13.05,--,12,15660,买盘
686,14:21:51,13.05,0.01,14,18270,买盘
687,14:21:48,13.04,-0.01,80,104320,卖盘
688,14:21:45,13.05,0.01,9,11745,买盘
689,14:21:42,13.04,--,34,44336,卖盘
690,14:21:39,13.04,-0.01,110,143844,卖盘
691,14:21:36,13.05,0.01,17,22185,买盘
692,14:21:33,13.04,--,31,40424,卖盘
693,14:21:30,13.04,-0.01,3,3911,卖盘
694,14:21:27,13.05,--,4,5220,买盘
695,14:21:24,13.05,0.01,205,267525,买盘
696,14:21:21,13.04,-0.01,11,14343,卖盘
697,14:21:18,13.05,0.01,207,270813,买盘
698,14:21:15,13.04,--,198,258191,卖盘
699,14:21:12,13.04,-0.01,182,237327,卖盘
700,14:21:09,13.05,--,50,65250,买盘
701,14:21:06,13.05,0.01,19,24795,买盘
702,14:21:03,13.04,-0.01,61,79544,卖盘
703,14:21:00,13.05,--,8,10440,买盘
704,14:20:57,13.05,--,33,43065,买盘
705,14:20:54,13.05,--,12,15660,买盘
706,14:20:51,13.05,--,10,13050,买盘
707,14:20:48,13.05,--,43,56115,买盘
708,14:20:45,13.05,--,27,35704,卖盘
709,14:20:42,13.05,-0.01,110,143550,卖盘
710,14:20:39,13.06,0.01,6,7836,买盘
711,14:20:36,13.05,--,17,22589,卖盘
712,14:20:33,13.05,--,49,63945,卖盘
713,14:20:30,13.05,0.01,56,73510,买盘
714,14:20:27,13.04,--,0,521,卖盘
715,14:20:24,13.04,-0.01,20,26080,卖盘
716,14:20:21,13.05,0.01,61,79605,买盘
717,14:20:15,13.04,-0.01,59,76936,卖盘
718,14:20:12,13.05,--,40,52200,买盘
719,14:20:09,13.05,0.01,86,112230,买盘
720,14:20:06,13.04,-0.01,147,191688,卖盘
721,14:20:03,13.05,0.01,22,28710,买盘
722,14:20:00,13.04,--,50,65199,卖盘
723,14:19:57,13.04,-0.01,11,14343,卖盘
724,14:19:54,13.05,--,30,39150,买盘
725,14:19:51,13.05,--,26,33930,买盘
726,14:19:48,13.05,--,51,66555,买盘
727,14:19:45,13.05,0.01,58,75690,买盘
728,14:19:42,13.04,-0.01,549,715896,卖盘
729,14:19:39,13.05,0.01,52,67860,买盘
730,14:19:36,13.04,-0.01,12,16052,卖盘
731,14:19:33,13.05,--,17,22185,买盘
732,14:19:30,13.05,--,13,16965,买盘
733,14:19:27,13.05,0.01,72,93960,买盘
734,14:19:24,13.04,-0.01,22,28687,卖盘
735,14:19:21,13.05,0.01,32,41760,买盘
736,14:19:18,13.04,-0.01,5,6520,卖盘
737,14:19:15,13.05,--,64,83520,买盘
738,14:19:12,13.05,0.01,130,169650,买盘
739,14:19:09,13.04,-0.01,190,247759,卖盘
740,14:19:06,13.05,--,95,123975,买盘
741,14:19:03,13.05,0.01,225,293625,买盘
742,14:19:00,13.04,--,20,26080,卖盘
743,14:18:57,13.04,--,20,26080,卖盘
744,14:18:51,13.04,-0.01,26,33904,卖盘
745,14:18:45,13.05,0.01,218,284490,买盘
746,14:18:42,13.04,--,48,62591,买盘
747,14:18:39,13.04,--,1,1304,买盘
748,14:18:36,13.04,0.01,13,16952,买盘
749,14:18:33,13.03,--,30,39493,卖盘
750,14:18:30,13.03,-0.01,163,212389,卖盘
751,14:18:27,13.04,--,9,11736,买盘
752,14:18:24,13.04,--,15,19560,买盘
753,14:18:21,13.04,0.01,51,66504,买盘
754,14:18:18,13.03,-0.01,6,7818,卖盘
755,14:18:15,13.04,-0.01,500,652000,卖盘
756,14:18:12,13.05,--,116,151380,买盘
757,14:18:09,13.05,--,191,249255,买盘
758,14:18:06,13.05,0.01,40,52200,买盘
759,14:18:03,13.04,--,364,474655,卖盘
760,14:18:00,13.04,-0.01,4,5216,卖盘
761,14:17:57,13.05,0.01,2,2610,买盘
762,14:17:48,13.04,--,55,71720,买盘
763,14:17:42,13.04,0.01,12,15647,买盘
764,14:17:39,13.03,-0.01,21,27363,卖盘
765,14:17:36,13.04,--,115,149960,买盘
766,14:17:33,13.04,0.01,73,95596,买盘
767,14:17:30,13.03,--,33,42999,卖盘
768,14:17:27,13.03,-0.01,676,880828,卖盘
769,14:17:24,13.04,--,11,14343,买盘
770,14:17:21,13.04,0.01,45,58679,买盘
771,14:17:18,13.03,-0.01,121,157663,卖盘
772,14:17:12,13.04,--,8,10432,买盘
773,14:17:09,13.04,--,45,58679,买盘
774,14:17:06,13.04,--,41,53464,买盘
775,14:17:03,13.04,--,40,52160,买盘
776,14:17:00,13.04,--,90,117359,买盘
777,14:16:57,13.04,--,62,80848,买盘
778,14:16:54,13.04,--,45,58679,买盘
779,14:16:51,13.04,--,3,3911,买盘
780,14:16:48,13.04,--,389,507894,卖盘
781,14:16:45,13.04,--,12,15647,卖盘
782,14:16:42,13.04,--,16,20864,卖盘
783,14:16:39,13.04,-0.01,18,23472,卖盘
784,14:16:36,13.05,0.01,3,3915,买盘
785,14:16:33,13.04,--,84,110201,买盘
786,14:16:30,13.04,--,74,96900,买盘
787,14:16:27,13.04,--,199,259495,买盘
788,14:16:24,13.04,--,81,105624,买盘
789,14:16:21,13.04,--,324,422496,买盘
790,14:16:18,13.04,--,186,242543,买盘
791,14:16:15,13.04,0.01,251,327304,买盘
792,14:16:12,13.03,-0.01,65,84695,卖盘
793,14:16:09,13.04,-0.01,129,168854,卖盘
794,14:16:06,13.05,0.01,105,137690,买盘
795,14:16:03,13.04,--,175,228199,买盘
796,14:15:57,13.04,--,206,269523,卖盘
797,14:15:54,13.04,--,290,378160,卖盘
798,14:15:51,13.04,-0.01,175,228199,卖盘
799,14:15:48,13.05,--,29,37845,买盘
800,14:15:45,13.05,--,343,447615,买盘
801,14:15:42,13.05,--,39,50895,买盘
802,14:15:39,13.05,--,51,66555,买盘
803,14:15:36,13.05,0.01,1,1305,买盘
804,14:15:33,13.04,-0.01,15,19560,卖盘
805,14:15:30,13.05,0.01,25,32625,买盘
806,14:15:27,13.04,-0.01,40,52564,卖盘
807,14:15:24,13.05,--,1,1305,买盘
808,14:15:21,13.05,--,10,13050,买盘
809,14:15:18,13.05,0.01,5,6525,买盘
810,14:15:15,13.04,-0.01,50,65199,卖盘
811,14:15:12,13.05,--,30,40024,卖盘
812,14:15:09,13.05,-0.01,19,24795,卖盘
813,14:15:06,13.06,0.01,68,88808,买盘
814,14:15:03,13.05,--,81,105705,卖盘
815,14:15:00,13.05,-0.01,47,61335,卖盘
816,14:14:54,13.06,0.01,18,23508,买盘
817,14:14:51,13.05,--,253,330595,买盘
818,14:14:48,13.05,--,27,35235,买盘
819,14:14:45,13.05,--,2,2610,买盘
820,14:14:42,13.05,0.01,67,87435,买盘
821,14:14:39,13.04,-0.01,168,220349,卖盘
822,14:14:36,13.05,--,361,471105,卖盘
823,14:14:33,13.05,--,46,60030,卖盘
824,14:14:30,13.05,-0.01,108,140940,卖盘
825,14:14:27,13.06,--,29,38278,买盘
826,14:14:24,13.06,--,663,865878,买盘
827,14:14:21,13.06,--,1,1306,买盘
828,14:14:18,13.06,--,148,193288,买盘
829,14:14:15,13.06,--,8,10448,买盘
830,14:14:12,13.06,0.01,84,109704,买盘
831,14:14:09,13.05,--,14,18270,卖盘
832,14:14:06,13.05,-0.01,62,80910,卖盘
833,14:14:03,13.06,0.01,25,32650,买盘
834,14:14:00,13.05,--,63,82215,卖盘
835,14:13:57,13.05,--,21,27405,卖盘
836,14:13:54,13.05,--,5,6525,卖盘
837,14:13:51,13.05,-0.01,21,27405,卖盘
838,14:13:48,13.06,0.01,11,14366,买盘
839,14:13:45,13.05,--,52,67860,卖盘
840,14:13:42,13.05,-0.01,121,157905,卖盘
841,14:13:39,13.06,0.01,3,3918,买盘
842,14:13:36,13.05,--,238,310590,卖盘
843,14:13:33,13.05,-0.01,15,19575,卖盘
844,14:13:30,13.06,--,194,253364,买盘
845,14:13:27,13.06,0.01,219,286014,买盘
846,14:13:24,13.05,--,105,137951,卖盘
847,14:13:21,13.05,-0.01,44,57420,卖盘
848,14:13:18,13.06,0.01,7,9142,买盘
849,14:13:15,13.05,--,3,3915,卖盘
850,14:13:12,13.05,--,3,3915,卖盘
851,14:13:09,13.05,--,6,7830,卖盘
852,14:13:06,13.05,--,75,97875,卖盘
853,14:13:03,13.05,--,26,33930,卖盘
854,14:13:00,13.05,--,19,24795,卖盘
855,14:12:57,13.05,-0.01,15,19575,卖盘
856,14:12:54,13.06,0.02,89,116234,买盘
857,14:12:51,13.04,--,24,31295,卖盘
858,14:12:45,13.04,--,45,58679,卖盘
859,14:12:42,13.04,0.01,35,45640,中性盘
860,14:12:39,13.03,-0.01,152,198056,卖盘
861,14:12:36,13.04,-0.01,80,104320,卖盘
862,14:12:33,13.05,0.02,98,127890,买盘
863,14:12:30,13.03,-0.02,89,115967,卖盘
864,14:12:27,13.05,0.01,373,486765,买盘
865,14:12:24,13.04,--,12,16052,卖盘
866,14:12:21,13.04,--,5,6520,卖盘
867,14:12:18,13.04,0.01,30,40332,买盘
868,14:12:15,13.03,--,283,368749,卖盘
869,14:12:12,13.03,--,52,67756,卖盘
870,14:12:09,13.03,--,76,99028,卖盘
871,14:12:06,13.03,-0.01,123,160269,卖盘
872,14:12:03,13.04,0.01,256,333824,买盘
873,14:12:00,13.03,--,53,69059,卖盘
874,14:11:57,13.03,--,106,138118,卖盘
875,14:11:54,13.03,-0.01,3,3909,卖盘
876,14:11:51,13.04,0.01,63,82152,买盘
877,14:11:48,13.03,-0.01,26,33878,卖盘
878,14:11:45,13.04,--,527,687208,买盘
879,14:11:42,13.04,--,2,2608,买盘
880,14:11:39,13.04,--,3,3911,买盘
881,14:11:36,13.04,--,1,1304,买盘
882,14:11:33,13.04,-0.01,517,674259,卖盘
883,14:11:30,13.05,--,96,125280,卖盘
884,14:11:27,13.05,--,10,13050,卖盘
885,14:11:24,13.05,--,16,20880,卖盘
886,14:11:21,13.05,--,27,35639,卖盘
887,14:11:18,13.05,-0.01,273,356265,卖盘
888,14:11:15,13.06,0.01,2,2612,买盘
889,14:11:12,13.05,--,113,147465,卖盘
890,14:11:09,13.05,--,24,31320,卖盘
891,14:11:06,13.05,-0.01,123,161415,卖盘
892,14:11:03,13.06,--,15,19590,卖盘
893,14:11:00,13.06,-0.01,44,57464,卖盘
894,14:10:57,13.07,0.01,21,27447,买盘
895,14:10:54,13.06,-0.01,23,30038,卖盘
896,14:10:51,13.07,--,22,28754,买盘
897,14:10:48,13.07,0.01,68,88876,买盘
898,14:10:45,13.06,-0.01,25,32650,卖盘
899,14:10:42,13.07,--,15,19605,买盘
900,14:10:39,13.07,--,23,30061,买盘
901,14:10:36,13.07,0.01,82,107174,买盘
902,14:10:33,13.06,-0.01,40,52240,卖盘
903,14:10:30,13.07,0.01,42,54894,买盘
904,14:10:27,13.06,-0.01,5,6530,卖盘
905,14:10:21,13.07,--,29,38308,买盘
906,14:10:18,13.07,-0.02,106,139443,卖盘
907,14:10:15,13.09,0.01,305,399245,买盘
908,14:10:12,13.08,--,37,48396,卖盘
909,14:10:09,13.08,-0.01,30,39240,卖盘
910,14:10:06,13.09,0.01,58,75922,买盘
911,14:10:03,13.08,--,32,41856,卖盘
912,14:10:00,13.08,--,50,65400,卖盘
913,14:09:57,13.08,--,24,31797,买盘
914,14:09:54,13.08,--,43,56244,买盘
915,14:09:51,13.08,--,103,134724,买盘
916,14:09:48,13.08,--,26,34008,买盘
917,14:09:45,13.08,0.01,106,138648,买盘
918,14:09:42,13.07,-0.01,117,152919,卖盘
919,14:09:39,13.08,--,223,291684,买盘
920,14:09:36,13.08,--,77,100716,买盘
921,14:09:33,13.08,0.01,37,48396,买盘
922,14:09:30,13.07,--,9,11763,买盘
923,14:09:27,13.07,--,278,363346,买盘
924,14:09:24,13.07,0.01,142,185594,买盘
925,14:09:21,13.06,-0.01,43,56158,卖盘
926,14:09:18,13.07,--,42,55299,买盘
927,14:09:15,13.07,0.01,28,36596,买盘
928,14:09:12,13.06,--,18,23508,卖盘
929,14:09:09,13.06,--,218,284708,卖盘
930,14:09:06,13.06,--,90,117540,卖盘
931,14:09:03,13.06,-0.01,25,32650,卖盘
932,14:09:00,13.07,0.01,204,266628,买盘
933,14:08:57,13.06,--,143,186758,买盘
934,14:08:54,13.06,--,54,70524,买盘
935,14:08:51,13.06,0.01,80,104480,买盘
936,14:08:48,13.05,-0.01,31,40455,卖盘
937,14:08:45,13.06,0.01,133,173698,买盘
938,14:08:42,13.05,--,50,65250,卖盘
939,14:08:39,13.05,-0.01,49,63945,卖盘
940,14:08:36,13.06,--,138,180228,买盘
941,14:08:33,13.06,0.02,70,91420,买盘
942,14:08:30,13.04,-0.01,217,282968,卖盘
943,14:08:27,13.05,--,314,409770,买盘
944,14:08:24,13.05,0.01,25,32625,买盘
945,14:08:21,13.04,-0.01,39,50856,卖盘
946,14:08:18,13.05,0.01,128,167444,买盘
947,14:08:15,13.04,-0.01,2,2608,卖盘
948,14:08:12,13.05,--,159,207495,买盘
949,14:08:09,13.05,0.01,26,33930,买盘
950,14:08:06,13.04,--,72,93888,卖盘
951,14:08:03,13.04,--,159,207336,卖盘
952,14:08:00,13.04,-0.01,11,14343,卖盘
953,14:07:57,13.05,0.01,239,311895,买盘
954,14:07:54,13.04,--,91,118663,卖盘
955,14:07:51,13.04,-0.01,45,58679,卖盘
956,14:07:48,13.05,0.02,7,9135,买盘
957,14:07:45,13.03,-0.01,758,987674,卖盘
958,14:07:42,13.04,--,149,194296,买盘
959,14:07:39,13.04,0.01,100,130399,买盘
960,14:07:36,13.03,--,100,130300,卖盘
961,14:07:33,13.03,--,302,393506,卖盘
962,14:07:30,13.03,-0.01,16,20848,买盘
963,14:07:27,13.04,--,299,389896,买盘
964,14:07:24,13.04,0.01,248,323392,买盘
965,14:07:21,13.03,--,115,149845,买盘
966,14:07:18,13.03,--,574,747922,买盘
967,14:07:15,13.03,--,204,266215,买盘
968,14:07:12,13.03,--,28,36484,买盘
969,14:07:09,13.03,0.01,142,185026,买盘
970,14:07:06,13.02,--,34,44268,卖盘
971,14:07:03,13.02,--,71,92442,卖盘
972,14:07:00,13.02,-0.01,64,83328,卖盘
973,14:06:57,13.03,--,50,65150,买盘
974,14:06:54,13.03,0.01,157,204571,买盘
975,14:06:51,13.02,-0.01,43,55986,卖盘
976,14:06:48,13.03,--,114,148542,买盘
977,14:06:45,13.03,-0.01,900,1172700,卖盘
978,14:06:42,13.04,--,137,178648,买盘
979,14:06:39,13.04,--,36,46944,买盘
980,14:06:36,13.04,0.01,121,157784,买盘
981,14:06:33,13.03,--,123,160269,卖盘
982,14:06:30,13.03,-0.01,50,65150,卖盘
983,14:06:27,13.04,0.01,307,401540,买盘
984,14:06:24,13.03,0.01,556,724689,买盘
985,14:06:21,13.02,0.01,83,108066,买盘
986,14:06:18,13.01,-0.01,228,296628,卖盘
987,14:06:15,13.02,--,247,321737,买盘
988,14:06:12,13.02,0.01,21,27342,买盘
989,14:06:09,13.01,--,266,346066,卖盘
990,14:06:06,13.01,-0.01,41,53341,卖盘
991,14:06:03,13.02,0.01,89,115878,买盘
992,14:06:00,13.01,--,131,170431,卖盘
993,14:05:57,13.01,--,118,153518,卖盘
994,14:05:54,13.01,--,24,31224,卖盘
995,14:05:51,13.01,-0.01,301,391601,卖盘
996,14:05:48,13.02,--,111,144522,买盘
997,14:05:45,13.02,0.01,137,178374,买盘
998,14:05:42,13.01,-0.02,164,213364,卖盘
999,14:05:39,13.03,0.01,35,45605,买盘
1000,14:05:36,13.02,--,283,368466,买盘
1001,14:05:33,13.02,--,250,325500,卖盘
1002,14:05:30,13.02,-0.01,273,355446,卖盘
1003,14:05:27,13.03,0.01,244,317932,买盘
1004,14:05:24,13.02,--,15,19530,卖盘
1005,14:05:21,13.02,-0.01,284,369768,卖盘
1006,14:05:18,13.03,0.02,175,228025,买盘
1007,14:05:15,13.01,--,13,16913,卖盘
1008,14:05:12,13.01,-0.01,146,190349,卖盘
1009,14:05:09,13.02,0.01,378,492156,买盘
1010,14:05:06,13.01,-0.01,299,388999,卖盘
1011,14:05:03,13.02,0.01,143,186186,买盘
1012,14:05:00,13.01,-0.02,180,235259,卖盘
1013,14:04:57,13.03,--,248,323144,买盘
1014,14:04:54,13.03,0.01,251,327053,卖盘
1015,14:04:51,13.02,-0.01,367,477834,卖盘
1016,14:04:48,13.03,--,14,18242,卖盘
1017,14:04:45,13.03,--,7,9121,卖盘
1018,14:04:42,13.03,-0.01,372,484716,中性盘
1019,14:04:39,13.04,0.02,166,216464,买盘
1020,14:04:36,13.02,-0.03,194,252588,卖盘
1021,14:04:33,13.05,0.01,667,870435,买盘
1022,14:04:30,13.04,-0.01,312,406848,卖盘
1023,14:04:27,13.05,0.01,72,93960,买盘
1024,14:04:24,13.04,--,534,696336,卖盘
1025,14:04:21,13.04,-0.01,513,670073,卖盘
1026,14:04:18,13.05,--,17,22185,买盘
1027,14:04:15,13.05,-0.01,340,443791,卖盘
1028,14:04:12,13.06,0.01,83,108398,买盘
1029,14:04:09,13.05,--,81,106109,卖盘
1030,14:04:06,13.05,-0.01,204,266220,卖盘
1031,14:04:03,13.06,--,346,451876,买盘
1032,14:04:00,13.06,0.01,77,100562,买盘
1033,14:03:57,13.05,-0.01,44,57420,卖盘
1034,14:03:54,13.06,-0.01,195,254670,卖盘
1035,14:03:51,13.07,0.01,312,407784,买盘
1036,14:03:48,13.06,--,54,70524,卖盘
1037,14:03:45,13.06,--,19,24814,卖盘
1038,14:03:42,13.06,0.01,380,496280,买盘
1039,14:03:39,13.05,--,29,37845,卖盘
1040,14:03:36,13.05,-0.02,519,677295,卖盘
1041,14:03:33,13.07,0.01,57,74499,买盘
1042,14:03:30,13.06,--,166,216796,卖盘
1043,14:03:27,13.06,--,312,407472,卖盘
1044,14:03:24,13.06,--,14,18284,卖盘
1045,14:03:21,13.06,--,122,159332,卖盘
1046,14:03:18,13.06,0.01,175,228550,买盘
1047,14:03:15,13.05,-0.01,8,10440,卖盘
1048,14:03:12,13.06,0.01,137,178922,买盘
1049,14:03:09,13.05,--,440,574200,卖盘
1050,14:03:06,13.05,--,251,327959,卖盘
1051,14:03:03,13.05,--,522,681210,卖盘
1052,14:03:00,13.05,-0.01,34,44370,卖盘
1053,14:02:57,13.06,-0.02,1360,1776160,卖盘
1054,14:02:54,13.08,--,356,465648,卖盘
1055,14:02:51,13.08,0.02,768,1004544,买盘
1056,14:02:48,13.06,--,2,2612,卖盘
1057,14:02:45,13.06,--,129,168474,卖盘
1058,14:02:42,13.06,-0.01,172,224632,卖盘
1059,14:02:39,13.07,-0.01,107,139849,卖盘
1060,14:02:36,13.08,0.01,26,34008,买盘
1061,14:02:33,13.07,0.01,201,262707,买盘
1062,14:02:30,13.06,--,38,49628,卖盘
1063,14:02:27,13.06,--,33,43098,卖盘
1064,14:02:24,13.06,--,293,382658,卖盘
1065,14:02:21,13.06,0.01,10,13060,买盘
1066,14:02:18,13.05,-0.02,201,262305,卖盘
1067,14:02:15,13.07,--,58,75806,卖盘
1068,14:02:12,13.07,0.02,59,77113,买盘
1069,14:02:09,13.05,-0.02,1488,1941840,卖盘
1070,14:02:06,13.07,--,546,714027,买盘
1071,14:02:03,13.07,--,68,88876,卖盘
1072,14:02:00,13.07,--,20,26140,卖盘
1073,14:01:57,13.07,--,90,117630,卖盘
1074,14:01:54,13.07,0.01,51,66657,卖盘
1075,14:01:51,13.06,-0.01,47,61382,卖盘
1076,14:01:48,13.07,--,16,20912,买盘
1077,14:01:45,13.07,-0.01,287,375109,卖盘
1078,14:01:42,13.08,0.01,108,141264,买盘
1079,14:01:39,13.07,-0.01,133,173831,卖盘
1080,14:01:36,13.08,0.01,109,142572,买盘
1081,14:01:33,13.07,--,39,50973,卖盘
1082,14:01:30,13.07,-0.01,33,43131,卖盘
1083,14:01:27,13.08,--,26,34008,买盘
1084,14:01:24,13.08,--,141,184428,买盘
1085,14:01:21,13.08,--,186,243288,卖盘
1086,14:01:18,13.08,-0.01,76,99408,卖盘
1087,14:01:15,13.09,--,114,149226,买盘
1088,14:01:12,13.09,0.01,201,263109,买盘
1089,14:01:09,13.08,--,9,11772,卖盘
1090,14:01:06,13.08,-0.01,106,139550,卖盘
1091,14:01:03,13.09,--,58,76327,卖盘
1092,14:01:00,13.09,-0.01,23,30107,卖盘
1093,14:00:57,13.1,--,270,353962,卖盘
1094,14:00:54,13.1,-0.01,613,803030,卖盘
1095,14:00:51,13.11,--,26,34086,买盘
1096,14:00:48,13.11,0.01,35,45885,买盘
1097,14:00:45,13.1,--,14,18340,卖盘
1098,14:00:42,13.1,--,215,281650,卖盘
1099,14:00:36,13.1,-0.01,50,65500,卖盘
1100,14:00:33,13.11,--,42,55062,买盘
1101,14:00:30,13.11,0.01,8,10488,买盘
1102,14:00:27,13.1,-0.02,132,172920,卖盘
1103,14:00:24,13.12,0.01,528,693641,买盘
1104,14:00:21,13.11,-0.01,8,10488,卖盘
1105,14:00:18,13.12,0.01,1,1312,买盘
1106,14:00:15,13.11,-0.01,122,159942,卖盘
1107,14:00:12,13.12,0.01,6,7871,买盘
1108,14:00:09,13.11,-0.01,193,253023,卖盘
1109,14:00:06,13.12,--,70,92745,卖盘
1110,14:00:03,13.12,-0.01,27,35830,卖盘
1111,14:00:00,13.13,--,305,400465,买盘
1112,13:59:57,13.13,--,4,5252,买盘
1113,13:59:54,13.13,-0.01,41,54738,卖盘
1114,13:59:51,13.14,0.01,21,27594,买盘
1115,13:59:48,13.13,--,50,65650,卖盘
1116,13:59:45,13.13,--,233,305929,卖盘
1117,13:59:42,13.13,-0.02,60,78780,卖盘
1118,13:59:39,13.15,0.01,7,9205,买盘
1119,13:59:36,13.14,0.01,62,81468,卖盘
1120,13:59:33,13.13,-0.01,119,156247,卖盘
1121,13:59:30,13.14,0.01,42,55188,中性盘
1122,13:59:27,13.13,-0.01,74,97162,卖盘
1123,13:59:24,13.14,--,23,30222,买盘
1124,13:59:21,13.14,--,25,32850,买盘
1125,13:59:18,13.14,0.01,6,7884,买盘
1126,13:59:15,13.13,--,22,28886,卖盘
1127,13:59:12,13.13,-0.01,28,36764,卖盘
1128,13:59:09,13.14,-0.01,281,369733,卖盘
1129,13:59:06,13.15,0.01,130,170950,买盘
1130,13:59:03,13.14,--,24,31536,卖盘
1131,13:59:00,13.14,--,13,17489,卖盘
1132,13:58:57,13.14,-0.01,81,106434,卖盘
1133,13:58:51,13.15,0.01,30,39450,买盘
1134,13:58:48,13.14,--,10,13140,卖盘
1135,13:58:45,13.14,--,50,65700,卖盘
1136,13:58:42,13.14,-0.01,344,452016,卖盘
1137,13:58:39,13.15,0.01,8,10520,买盘
1138,13:58:36,13.14,-0.01,20,26280,卖盘
1139,13:58:33,13.15,--,442,581230,买盘
1140,13:58:30,13.15,--,29,38135,买盘
1141,13:58:27,13.15,--,70,92050,买盘
1142,13:58:21,13.15,--,83,109145,卖盘
1143,13:58:18,13.15,--,67,88105,卖盘
1144,13:58:15,13.15,--,17,22355,卖盘
1145,13:58:12,13.15,--,24,31560,卖盘
1146,13:58:09,13.15,--,31,40765,卖盘
1147,13:58:06,13.15,--,20,26300,卖盘
1148,13:58:03,13.15,--,281,369515,卖盘
1149,13:58:00,13.15,--,347,456712,卖盘
1150,13:57:57,13.15,--,79,103885,卖盘
1151,13:57:54,13.15,-0.01,100,131500,卖盘
1152,13:57:51,13.16,0.01,19,25004,买盘
1153,13:57:48,13.15,--,66,86790,卖盘
1154,13:57:45,13.15,--,103,135445,卖盘
1155,13:57:42,13.15,--,24,31560,卖盘
1156,13:57:39,13.15,--,127,167005,卖盘
1157,13:57:36,13.15,0.01,309,406335,买盘
1158,13:57:33,13.14,-0.01,263,345582,卖盘
1159,13:57:30,13.15,0.01,57,74955,买盘
1160,13:57:27,13.14,-0.01,5,6570,卖盘
1161,13:57:24,13.15,0.01,65,85475,买盘
1162,13:57:21,13.14,--,10,13140,卖盘
1163,13:57:15,13.14,--,2,2628,卖盘
1164,13:57:12,13.14,0.01,369,484866,买盘
1165,13:57:09,13.13,--,28,36764,卖盘
1166,13:57:06,13.13,-0.01,20,26260,卖盘
1167,13:57:03,13.14,--,9,11826,买盘
1168,13:57:00,13.14,0.01,6,7884,买盘
1169,13:56:57,13.13,-0.01,12,16163,卖盘
1170,13:56:54,13.14,--,401,526914,卖盘
1171,13:56:51,13.14,-0.01,130,170820,卖盘
1172,13:56:48,13.15,0.01,556,731140,买盘
1173,13:56:45,13.14,--,22,28908,卖盘
1174,13:56:42,13.14,-0.01,5,6570,卖盘
1175,13:56:39,13.15,0.01,11,14465,买盘
1176,13:56:36,13.14,--,31,40734,卖盘
1177,13:56:33,13.14,--,129,169506,买盘
1178,13:56:30,13.14,0.01,59,77526,买盘
1179,13:56:27,13.13,--,21,27573,卖盘
1180,13:56:24,13.13,-0.01,20,26260,卖盘
1181,13:56:21,13.14,0.02,27,35478,买盘
1182,13:56:18,13.12,0.01,27,35424,卖盘
1183,13:56:15,13.11,-0.01,16,20976,卖盘
1184,13:56:12,13.12,--,61,80032,卖盘
1185,13:56:09,13.12,--,4,5248,卖盘
1186,13:56:06,13.12,--,42,55104,买盘
1187,13:56:03,13.12,--,38,49856,卖盘
1188,13:56:00,13.12,--,8,10496,卖盘
1189,13:55:57,13.12,--,263,345056,卖盘
1190,13:55:54,13.12,--,121,158752,卖盘
1191,13:55:51,13.12,--,23,30176,卖盘
1192,13:55:45,13.12,--,5,6560,卖盘
1193,13:55:42,13.12,--,6,9131,卖盘
1194,13:55:39,13.12,--,32,42443,卖盘
1195,13:55:36,13.12,0.01,5,6560,卖盘
1196,13:55:30,13.11,--,20,26220,卖盘
1197,13:55:27,13.11,-0.07,120,157320,中性盘
1198,13:55:21,13.18,0.08,1882,2480476,买盘
1199,13:55:18,13.1,--,148,193880,卖盘
1200,13:55:15,13.1,--,45,58950,卖盘
1201,13:55:12,13.1,--,54,70740,卖盘
1202,13:55:09,13.1,--,107,140170,卖盘
1203,13:55:06,13.1,-0.01,36,47160,卖盘
1204,13:55:03,13.11,--,85,111435,卖盘
1205,13:55:00,13.11,--,50,65550,买盘
1206,13:54:57,13.11,--,72,94392,买盘
1207,13:54:54,13.11,--,15,19665,买盘
1208,13:54:51,13.11,--,63,82828,卖盘
1209,13:54:45,13.11,-0.01,43,56373,卖盘
1210,13:54:42,13.12,--,285,373920,卖盘
1211,13:54:39,13.12,-0.01,284,373014,买盘
1212,13:54:36,13.13,0.01,173,227149,买盘
1213,13:54:33,13.12,0.01,68,89216,买盘
1214,13:54:30,13.11,-0.01,144,188784,卖盘
1215,13:54:27,13.12,0.01,6,7871,买盘
1216,13:54:24,13.11,-0.01,20,26220,卖盘
1217,13:54:21,13.12,--,79,103648,买盘
1218,13:54:18,13.12,-0.01,81,106272,卖盘
1219,13:54:15,13.13,0.01,4,5252,买盘
1220,13:54:12,13.12,--,29,38048,卖盘
1221,13:54:09,13.12,--,22,28864,卖盘
1222,13:54:06,13.12,-0.03,454,595648,卖盘
1223,13:54:03,13.15,-0.01,115,152487,卖盘
1224,13:54:00,13.16,--,266,350056,卖盘
1225,13:53:57,13.16,--,189,248960,买盘
1226,13:53:54,13.16,0.01,85,111860,买盘
1227,13:53:51,13.15,--,2,2630,卖盘
1228,13:53:48,13.15,--,15,19725,卖盘
1229,13:53:45,13.15,-0.01,17,22355,卖盘
1230,13:53:42,13.16,0.01,124,163184,买盘
1231,13:53:39,13.15,--,90,118350,卖盘
1232,13:53:36,13.15,-0.01,70,92457,卖盘
1233,13:53:33,13.16,--,11,14476,买盘
1234,13:53:30,13.16,--,9,11844,买盘
1235,13:53:27,13.16,0.01,135,178383,买盘
1236,13:53:24,13.15,--,17,22355,卖盘
1237,13:53:21,13.15,--,331,435265,买盘
1238,13:53:18,13.15,--,96,126240,买盘
1239,13:53:15,13.15,--,25,32875,买盘
1240,13:53:12,13.15,0.01,23,30245,买盘
1241,13:53:09,13.14,--,116,152424,卖盘
1242,13:53:06,13.14,--,23,30222,卖盘
1243,13:53:03,13.14,--,73,95922,买盘
1244,13:53:00,13.14,--,28,36792,买盘
1245,13:52:57,13.14,0.02,19,24966,买盘
1246,13:52:54,13.12,--,19,24928,卖盘
1247,13:52:51,13.12,-0.01,22,28864,卖盘
1248,13:52:48,13.13,0.02,20,26260,买盘
1249,13:52:45,13.11,-0.01,96,125856,卖盘
1250,13:52:42,13.12,--,1,1312,卖盘
1251,13:52:39,13.12,0.01,20,26240,买盘
1252,13:52:36,13.11,0.01,280,367748,买盘
1253,13:52:33,13.1,--,55,73098,卖盘
1254,13:52:30,13.1,--,43,56330,买盘
1255,13:52:27,13.1,0.01,382,500420,买盘
1256,13:52:24,13.09,-0.01,364,476476,卖盘
1257,13:52:21,13.1,0.01,171,224010,买盘
1258,13:52:18,13.09,--,29,37961,卖盘
1259,13:52:15,13.09,--,112,146608,卖盘
1260,13:52:12,13.09,0.02,20,26180,买盘
1261,13:52:09,13.07,-0.01,328,428696,卖盘
1262,13:52:06,13.08,--,224,292992,卖盘
1263,13:52:03,13.08,--,105,137340,卖盘
1264,13:52:00,13.08,--,65,85020,买盘
1265,13:51:57,13.08,0.01,99,129492,买盘
1266,13:51:54,13.07,--,350,457450,卖盘
1267,13:51:51,13.07,-0.01,50,65350,中性盘
1268,13:51:48,13.08,0.01,55,71940,买盘
1269,13:51:45,13.07,-0.01,8,10456,卖盘
1270,13:51:42,13.08,0.01,11,14388,买盘
1271,13:51:39,13.07,-0.01,402,525910,卖盘
1272,13:51:36,13.08,--,27,35316,卖盘
1273,13:51:33,13.08,-0.01,216,282933,卖盘
1274,13:51:30,13.09,-0.01,338,442442,卖盘
1275,13:51:27,13.1,--,47,61570,买盘
1276,13:51:24,13.1,--,1216,1592960,卖盘
1277,13:51:21,13.1,-0.01,76,99560,卖盘
1278,13:51:18,13.11,--,47,61617,买盘
1279,13:51:15,13.11,-0.01,371,486381,卖盘
1280,13:51:12,13.12,0.01,97,127263,买盘
1281,13:51:09,13.11,-0.02,526,689586,卖盘
1282,13:51:06,13.13,--,143,188664,卖盘
1283,13:51:03,13.13,--,98,128674,卖盘
1284,13:51:00,13.13,-0.01,1,1313,卖盘
1285,13:50:57,13.14,0.01,206,270684,买盘
1286,13:50:54,13.13,--,228,299364,卖盘
1287,13:50:51,13.13,0.02,445,584692,买盘
1288,13:50:48,13.11,--,158,207138,卖盘
1289,13:50:45,13.11,-0.01,386,506046,卖盘
1290,13:50:42,13.12,-0.01,53,69536,卖盘
1291,13:50:39,13.13,--,26,34138,买盘
1292,13:50:36,13.13,--,200,263505,卖盘
1293,13:50:33,13.13,--,84,110292,卖盘
1294,13:50:30,13.13,-0.02,376,494095,卖盘
1295,13:50:27,13.15,0.02,16,21040,买盘
1296,13:50:24,13.13,-0.03,385,506095,卖盘
1297,13:50:21,13.16,0.01,119,156604,买盘
1298,13:50:18,13.15,--,520,684523,卖盘
1299,13:50:15,13.15,-0.01,45,59175,卖盘
1300,13:50:12,13.16,--,126,165816,卖盘
1301,13:50:09,13.16,--,78,102648,卖盘
1302,13:50:06,13.16,--,93,122388,卖盘
1303,13:50:03,13.16,--,20,26320,卖盘
1304,13:50:00,13.16,-0.01,300,394800,卖盘
1305,13:49:57,13.17,-0.01,650,856050,卖盘
1306,13:49:54,13.18,--,22,28996,买盘
1307,13:49:51,13.18,--,290,382220,买盘
1308,13:49:48,13.18,--,17,22406,买盘
1309,13:49:45,13.18,--,4,5272,买盘
1310,13:49:42,13.18,--,305,402583,卖盘
1311,13:49:39,13.18,--,6,7908,卖盘
1312,13:49:36,13.18,--,6,7908,卖盘
1313,13:49:33,13.18,-0.01,105,138390,卖盘
1314,13:49:30,13.19,--,14,18874,买盘
1315,13:49:27,13.19,--,57,75183,卖盘
1316,13:49:24,13.19,--,65,85735,卖盘
1317,13:49:21,13.19,0.01,101,133219,买盘
1318,13:49:18,13.18,-0.01,161,212198,卖盘
1319,13:49:15,13.19,0.01,139,183341,买盘
1320,13:49:12,13.18,--,53,69854,卖盘
1321,13:49:09,13.18,--,27,35586,卖盘
1322,13:49:06,13.18,--,47,61946,卖盘
1323,13:49:03,13.18,-0.01,132,173976,卖盘
1324,13:49:00,13.19,--,71,93649,卖盘
1325,13:48:57,13.19,--,26,34294,卖盘
1326,13:48:48,13.19,-0.01,50,65950,卖盘
1327,13:48:45,13.2,--,133,175560,卖盘
1328,13:48:42,13.2,-0.01,48,63360,卖盘
1329,13:48:39,13.21,0.01,4,5284,买盘
1330,13:48:36,13.2,--,112,147840,卖盘
1331,13:48:33,13.2,--,173,228360,卖盘
1332,13:48:30,13.2,--,37,48840,卖盘
1333,13:48:27,13.2,-0.01,341,450529,卖盘
1334,13:48:24,13.21,0.01,167,220607,买盘
1335,13:48:21,13.2,--,148,195360,卖盘
1336,13:48:18,13.2,-0.01,523,690360,卖盘
1337,13:48:15,13.21,--,6,7926,买盘
1338,13:48:12,13.21,--,129,170409,买盘
1339,13:48:09,13.21,--,804,1062084,买盘
1340,13:48:06,13.21,--,988,1306059,卖盘
1341,13:48:03,13.21,-0.01,113,149273,卖盘
1342,13:48:00,13.22,0.01,24,31728,买盘
1343,13:47:57,13.21,--,62,81902,卖盘
1344,13:47:54,13.21,-0.01,80,105680,卖盘
1345,13:47:51,13.22,0.01,65,85930,买盘
1346,13:47:48,13.21,-0.01,40,52840,卖盘
1347,13:47:45,13.22,--,87,115014,买盘
1348,13:47:42,13.22,0.01,1,1322,买盘
1349,13:47:39,13.21,--,69,91149,卖盘
1350,13:47:36,13.21,-0.01,367,484807,卖盘
1351,13:47:33,13.22,--,43,56846,买盘
1352,13:47:30,13.22,--,48,63456,卖盘
1353,13:47:27,13.22,0.01,220,290840,买盘
1354,13:47:24,13.21,-0.01,124,164213,卖盘
1355,13:47:21,13.22,--,12,15864,买盘
1356,13:47:15,13.22,--,159,210198,买盘
1357,13:47:12,13.22,0.01,8,10576,买盘
1358,13:47:09,13.21,-0.01,248,327608,卖盘
1359,13:47:06,13.22,--,70,92540,卖盘
1360,13:47:03,13.22,--,35,46270,卖盘
1361,13:47:00,13.22,--,81,107082,卖盘
1362,13:46:57,13.22,--,46,60812,卖盘
1363,13:46:54,13.22,0.01,179,236638,买盘
1364,13:46:51,13.21,-0.01,47,62087,买盘
1365,13:46:48,13.22,0.02,35,46270,买盘
1366,13:46:45,13.2,--,413,545160,卖盘
1367,13:46:42,13.2,-0.01,88,116160,卖盘
1368,13:46:39,13.21,0.01,114,150594,中性盘
1369,13:46:36,13.2,-0.02,295,389400,卖盘
1370,13:46:33,13.22,--,325,429650,买盘
1371,13:46:30,13.22,--,70,92540,买盘
1372,13:46:27,13.22,0.01,367,485174,买盘
1373,13:46:24,13.21,-0.01,151,199880,卖盘
1374,13:46:21,13.22,0.01,3,3966,买盘
1375,13:46:18,13.21,-0.01,36,47556,卖盘
1376,13:46:15,13.22,0.01,63,83286,买盘
1377,13:46:12,13.21,--,25,33025,卖盘
1378,13:46:09,13.21,--,20,26420,卖盘
1379,13:46:06,13.21,-0.01,236,311756,卖盘
1380,13:46:03,13.22,0.01,39,51558,买盘
1381,13:46:00,13.21,--,120,158520,卖盘
1382,13:45:57,13.21,-0.01,62,81902,卖盘
1383,13:45:54,13.22,0.01,19,25118,买盘
1384,13:45:51,13.21,--,143,188903,卖盘
1385,13:45:48,13.21,--,1,1321,卖盘
1386,13:45:45,13.21,--,13,17173,卖盘
1387,13:45:42,13.21,-0.01,110,145310,中性盘
1388,13:45:39,13.22,0.02,1012,1337864,买盘
1389,13:45:36,13.2,--,273,360360,卖盘
1390,13:45:33,13.2,--,77,101640,卖盘
1391,13:45:30,13.2,--,255,336600,卖盘
1392,13:45:27,13.2,--,53,69960,卖盘
1393,13:45:24,13.2,--,52,68640,卖盘
1394,13:45:21,13.2,--,25,33409,卖盘
1395,13:45:18,13.2,--,30,39600,卖盘
1396,13:45:15,13.2,0.01,132,174240,买盘
1397,13:45:12,13.19,--,40,52760,卖盘
1398,13:45:09,13.19,--,1,1319,卖盘
1399,13:45:06,13.19,-0.02,126,166194,卖盘
1400,13:45:03,13.21,0.01,232,306472,买盘
1401,13:45:00,13.2,--,252,332640,卖盘
1402,13:44:57,13.2,--,16,21120,卖盘
1403,13:44:54,13.2,--,345,455400,卖盘
1404,13:44:51,13.2,-0.01,50,66000,卖盘
1405,13:44:48,13.21,0.01,137,180977,买盘
1406,13:44:45,13.2,--,32,42240,卖盘
1407,13:44:42,13.2,--,88,116160,卖盘
1408,13:44:39,13.2,--,127,167640,卖盘
1409,13:44:36,13.2,-0.01,10,13200,卖盘
1410,13:44:33,13.21,0.01,145,191545,买盘
1411,13:44:30,13.2,--,25,33000,卖盘
1412,13:44:27,13.2,--,12,15840,卖盘
1413,13:44:24,13.2,--,40,52800,卖盘
1414,13:44:21,13.2,--,26,34320,卖盘
1415,13:44:18,13.2,--,44,58489,卖盘
1416,13:44:15,13.2,-0.01,79,104280,卖盘
1417,13:44:12,13.21,0.01,232,306472,买盘
1418,13:44:09,13.2,--,31,40920,卖盘
1419,13:44:06,13.2,--,25,33000,卖盘
1420,13:44:03,13.2,0.01,297,392040,买盘
1421,13:44:00,13.19,--,375,494625,卖盘
1422,13:43:57,13.19,--,11,14509,卖盘
1423,13:43:54,13.19,-0.01,764,1007716,卖盘
1424,13:43:51,13.2,--,2,2640,卖盘
1425,13:43:48,13.2,--,9,11880,卖盘
1426,13:43:45,13.2,0.01,108,142560,买盘
1427,13:43:42,13.19,--,116,153004,卖盘
1428,13:43:39,13.19,-0.01,63,83097,卖盘
1429,13:43:36,13.2,--,944,1246080,卖盘
1430,13:43:33,13.2,-0.01,102,134640,中性盘
1431,13:43:30,13.21,--,387,512138,买盘
1432,13:43:27,13.21,0.01,23,30383,买盘
1433,13:43:24,13.2,--,187,246840,卖盘
1434,13:43:21,13.2,--,320,422743,卖盘
1435,13:43:18,13.2,-0.01,48,63426,卖盘
1436,13:43:15,13.21,-0.01,78,103038,卖盘
1437,13:43:12,13.22,0.01,198,261756,买盘
1438,13:43:09,13.21,0.01,315,416115,买盘
1439,13:43:06,13.2,--,29,38280,卖盘
1440,13:43:03,13.2,--,5,6600,卖盘
1441,13:43:00,13.2,-0.01,157,207240,卖盘
1442,13:42:57,13.21,-0.01,43,56803,卖盘
1443,13:42:54,13.22,0.02,38,50236,买盘
1444,13:42:51,13.2,--,114,150480,卖盘
1445,13:42:48,13.2,-0.01,22,29040,卖盘
1446,13:42:45,13.21,--,165,217965,卖盘
1447,13:42:42,13.21,0.01,65,85865,买盘
1448,13:42:39,13.2,--,44,58080,卖盘
1449,13:42:36,13.2,-0.01,45,59400,卖盘
1450,13:42:33,13.21,--,22,29062,卖盘
1451,13:42:30,13.21,--,11,14531,卖盘
1452,13:42:27,13.21,0.01,196,258916,买盘
1453,13:42:24,13.2,-0.01,194,256080,卖盘
1454,13:42:21,13.21,0.01,20,26420,买盘
1455,13:42:18,13.2,--,28,37369,卖盘
1456,13:42:15,13.2,0.01,57,75240,买盘
1457,13:42:12,13.19,--,55,72545,卖盘
1458,13:42:09,13.19,-0.01,13,17147,卖盘
1459,13:42:06,13.2,--,52,68640,买盘
1460,13:42:03,13.2,0.01,1575,2079000,买盘
1461,13:42:00,13.19,--,2,2638,卖盘
1462,13:41:57,13.19,--,21,27699,卖盘
1463,13:41:54,13.19,0.01,60,79140,买盘
1464,13:41:51,13.18,-0.01,36,47448,卖盘
1465,13:41:48,13.19,--,5,6595,买盘
1466,13:41:45,13.19,-0.01,16,21104,买盘
1467,13:41:42,13.2,0.02,55,72600,买盘
1468,13:41:39,13.18,-0.01,253,333454,卖盘
1469,13:41:36,13.19,0.01,158,208402,买盘
1470,13:41:30,13.18,--,83,109394,卖盘
1471,13:41:27,13.18,-0.01,58,76444,卖盘
1472,13:41:24,13.19,0.01,11,14509,买盘
1473,13:41:21,13.18,--,46,60628,卖盘
1474,13:41:18,13.18,--,55,73504,卖盘
1475,13:41:15,13.18,--,0,711,卖盘
1476,13:41:12,13.18,--,40,52720,卖盘
1477,13:41:09,13.18,--,421,554878,卖盘
1478,13:41:06,13.18,--,177,233286,卖盘
1479,13:41:03,13.18,--,107,141026,卖盘
1480,13:41:00,13.18,--,31,40858,卖盘
1481,13:40:57,13.18,--,74,97532,买盘
1482,13:40:54,13.18,--,56,73808,买盘
1483,13:40:51,13.18,--,250,329500,卖盘
1484,13:40:48,13.18,-0.02,210,276780,卖盘
1485,13:40:45,13.2,0.02,49,64680,买盘
1486,13:40:42,13.18,-0.01,106,139708,卖盘
1487,13:40:39,13.19,--,9,11871,买盘
1488,13:40:36,13.19,--,461,608969,卖盘
1489,13:40:33,13.19,--,67,88373,卖盘
1490,13:40:30,13.19,--,13,17147,卖盘
1491,13:40:27,13.19,-0.01,26,34294,卖盘
1492,13:40:24,13.2,--,57,75240,买盘
1493,13:40:21,13.2,--,71,93720,卖盘
1494,13:40:18,13.2,--,135,178200,买盘
1495,13:40:15,13.2,--,65,86209,买盘
1496,13:40:12,13.2,-0.01,15,19800,卖盘
1497,13:40:09,13.21,0.02,71,93791,买盘
1498,13:40:06,13.19,-0.02,389,513091,卖盘
1499,13:40:03,13.21,0.01,27,35667,买盘
1500,13:40:00,13.2,--,21,27720,卖盘
1501,13:39:57,13.2,-0.01,20,26400,卖盘
1502,13:39:54,13.21,--,13,17173,买盘
1503,13:39:51,13.21,0.03,87,114927,买盘
1504,13:39:48,13.18,--,137,180566,买盘
1505,13:39:45,13.18,-0.03,391,515338,卖盘
1506,13:39:42,13.21,0.03,152,200792,买盘
1507,13:39:39,13.18,--,29,38222,卖盘
1508,13:39:36,13.18,-0.03,5,6590,卖盘
1509,13:39:33,13.21,0.04,53,70013,买盘
1510,13:39:30,13.17,-0.01,76,100092,卖盘
1511,13:39:27,13.18,-0.03,27,35586,中性盘
1512,13:39:24,13.21,-0.02,86,113606,卖盘
1513,13:39:21,13.23,0.06,3009,3980907,买盘
1514,13:39:18,13.17,0.01,194,256525,买盘
1515,13:39:15,13.16,-0.01,10,13160,卖盘
1516,13:39:12,13.17,--,269,354681,买盘
1517,13:39:09,13.17,--,58,76386,买盘
1518,13:39:06,13.17,--,135,177795,卖盘
1519,13:39:03,13.17,--,14,18438,卖盘
1520,13:39:00,13.17,--,60,79020,卖盘
1521,13:38:57,13.17,-0.01,7,9219,卖盘
1522,13:38:54,13.18,--,42,55356,买盘
1523,13:38:51,13.18,--,21,27678,买盘
1524,13:38:48,13.18,--,260,342680,卖盘
1525,13:38:45,13.18,0.01,37,48766,中性盘
1526,13:38:42,13.17,-0.01,109,143553,卖盘
1527,13:38:39,13.18,-0.01,610,803980,卖盘
1528,13:38:36,13.19,--,89,117391,买盘
1529,13:38:33,13.19,0.01,2,2638,买盘
1530,13:38:30,13.18,--,57,75126,卖盘
1531,13:38:27,13.18,--,28,36904,卖盘
1532,13:38:24,13.18,-0.02,96,126528,卖盘
1533,13:38:21,13.2,0.01,70,92400,买盘
1534,13:38:18,13.19,-0.01,15,19785,卖盘
1535,13:38:15,13.2,--,184,242880,买盘
1536,13:38:12,13.2,0.01,86,113520,买盘
1537,13:38:09,13.19,-0.01,449,592336,卖盘
1538,13:38:06,13.2,--,359,473880,卖盘
1539,13:38:03,13.2,--,105,138600,卖盘
1540,13:38:00,13.2,-0.01,126,166320,卖盘
1541,13:37:57,13.21,--,119,158136,买盘
1542,13:37:54,13.21,0.01,74,97754,买盘
1543,13:37:51,13.2,-0.01,448,591360,卖盘
1544,13:37:48,13.21,--,56,74359,卖盘
1545,13:37:45,13.21,-0.01,21,27741,卖盘
1546,13:37:42,13.22,0.01,399,527478,买盘
1547,13:37:39,13.21,--,152,200792,卖盘
1548,13:37:36,13.21,-0.01,256,338176,卖盘
1549,13:37:33,13.22,--,104,137488,买盘
1550,13:37:30,13.22,0.01,449,593578,买盘
1551,13:37:27,13.21,--,54,71334,卖盘
1552,13:37:24,13.21,--,92,122324,卖盘
1553,13:37:21,13.21,--,48,63408,卖盘
1554,13:37:18,13.21,-0.01,105,138705,卖盘
1555,13:37:15,13.22,-0.01,57,75354,买盘
1556,13:37:12,13.23,--,882,1166886,买盘
1557,13:37:09,13.23,0.01,55,72765,买盘
1558,13:37:06,13.22,-0.01,243,321655,卖盘
1559,13:37:03,13.23,-0.01,1237,1636815,卖盘
1560,13:37:00,13.24,--,152,201248,买盘
1561,13:36:57,13.24,--,147,194628,买盘
1562,13:36:54,13.24,0.01,129,170796,卖盘
1563,13:36:51,13.23,-0.02,229,302967,卖盘
1564,13:36:48,13.25,-0.01,267,353775,卖盘
1565,13:36:45,13.26,0.01,268,355368,买盘
1566,13:36:42,13.25,--,213,282225,买盘
1567,13:36:39,13.25,-0.01,292,386900,卖盘
1568,13:36:36,13.26,--,64,84864,买盘
1569,13:36:33,13.26,-0.01,27,36451,卖盘
1570,13:36:30,13.27,0.01,199,264073,买盘
1571,13:36:27,13.26,0.01,63,83538,卖盘
1572,13:36:24,13.25,--,94,125225,买盘
1573,13:36:21,13.25,--,1073,1422639,卖盘
1574,13:36:18,13.25,-0.01,94,124550,卖盘
1575,13:36:15,13.26,0.01,31,41106,买盘
1576,13:36:12,13.25,-0.01,66,87715,卖盘
1577,13:36:09,13.26,--,396,525096,买盘
1578,13:36:06,13.26,0.01,46,61407,买盘
1579,13:36:03,13.25,--,1133,1501225,卖盘
1580,13:36:00,13.25,--,141,187885,买盘
1581,13:35:57,13.25,--,107,141775,买盘
1582,13:35:54,13.25,--,144,190800,买盘
1583,13:35:51,13.25,--,61,81885,买盘
1584,13:35:48,13.25,--,46,60950,买盘
1585,13:35:45,13.25,--,124,164300,卖盘
1586,13:35:42,13.25,0.02,171,226575,买盘
1587,13:35:39,13.23,-0.02,238,314874,卖盘
1588,13:35:36,13.25,-0.01,392,519400,买盘
1589,13:35:33,13.26,0.02,362,480012,买盘
1590,13:35:30,13.24,--,168,222432,卖盘
1591,13:35:27,13.24,--,92,121808,卖盘
1592,13:35:24,13.24,-0.01,163,215812,卖盘
1593,13:35:21,13.25,0.02,116,153700,买盘
1594,13:35:18,13.23,--,89,117747,卖盘
1595,13:35:15,13.23,0.02,610,808088,买盘
1596,13:35:12,13.21,-0.02,50,66050,卖盘
1597,13:35:09,13.23,0.03,45,59535,买盘
1598,13:35:06,13.2,-0.03,102,135550,卖盘
1599,13:35:03,13.23,0.03,106,140648,买盘
1600,13:35:00,13.2,-0.03,1425,1881396,卖盘
1601,13:34:57,13.23,--,100,132300,买盘
1602,13:34:54,13.23,--,165,218295,买盘
1603,13:34:51,13.23,-0.03,208,275184,卖盘
1604,13:34:48,13.26,--,117,155142,买盘
1605,13:34:45,13.26,--,234,310284,买盘
1606,13:34:42,13.26,0.01,157,208182,买盘
1607,13:34:39,13.25,-0.01,173,229225,卖盘
1608,13:34:36,13.26,--,20,26520,卖盘
1609,13:34:33,13.26,-0.02,509,674934,卖盘
1610,13:34:30,13.28,-0.01,145,192560,卖盘
1611,13:34:27,13.29,--,105,139545,卖盘
1612,13:34:24,13.29,-0.01,661,879386,卖盘
1613,13:34:21,13.3,-0.01,298,396340,卖盘
1614,13:34:18,13.31,-0.02,27,35937,卖盘
1615,13:34:15,13.33,-0.01,467,622511,卖盘
1616,13:34:12,13.34,--,214,285476,买盘
1617,13:34:09,13.34,-0.01,1168,1558112,卖盘
1618,13:34:06,13.35,--,600,801000,买盘
1619,13:34:03,13.35,-0.01,1095,1461825,卖盘
1620,13:34:00,13.36,--,361,482296,卖盘
1621,13:33:57,13.36,-0.01,637,851032,卖盘
1622,13:33:54,13.37,0.01,322,430514,买盘
1623,13:33:51,13.36,--,766,1023376,卖盘
1624,13:33:48,13.36,--,146,195056,买盘
1625,13:33:45,13.36,--,756,1010016,买盘
1626,13:33:42,13.36,--,213,284568,买盘
1627,13:33:39,13.36,0.01,162,216432,买盘
1628,13:33:36,13.35,0.01,1141,1523235,买盘
1629,13:33:33,13.34,--,1229,1639486,卖盘
1630,13:33:30,13.34,--,443,590962,买盘
1631,13:33:27,13.34,--,230,306820,买盘
1632,13:33:24,13.34,0.01,259,345506,买盘
1633,13:33:21,13.33,-0.01,156,207948,卖盘
1634,13:33:18,13.34,0.02,836,1115224,买盘
1635,13:33:15,13.32,--,649,864468,卖盘
1636,13:33:12,13.32,-0.01,362,482184,卖盘
1637,13:33:09,13.33,0.01,36,47988,买盘
1638,13:33:06,13.32,0.01,1348,1795536,买盘
1639,13:33:03,13.31,--,223,296813,买盘
1640,13:33:00,13.31,0.01,570,759082,买盘
1641,13:32:57,13.3,-0.01,312,414960,卖盘
1642,13:32:54,13.31,0.01,683,909073,买盘
1643,13:32:51,13.3,0.01,301,400330,买盘
1644,13:32:48,13.29,-0.01,359,477110,卖盘
1645,13:32:45,13.3,0.03,2267,3015110,买盘
1646,13:32:42,13.27,-0.01,373,494971,卖盘
1647,13:32:39,13.28,--,231,306768,卖盘
1648,13:32:36,13.28,--,1053,1398384,卖盘
1649,13:32:33,13.28,0.01,116,154048,买盘
1650,13:32:30,13.27,--,121,160567,买盘
1651,13:32:27,13.27,0.01,2059,2732293,买盘
1652,13:32:24,13.26,--,461,611286,买盘
1653,13:32:21,13.26,--,195,258570,买盘
1654,13:32:18,13.26,--,326,432276,买盘
1655,13:32:15,13.26,--,366,485316,买盘
1656,13:32:12,13.26,--,503,666978,买盘
1657,13:32:09,13.26,0.01,325,430950,买盘
1658,13:32:06,13.25,--,531,703575,卖盘
1659,13:32:03,13.25,0.04,1746,2313450,买盘
1660,13:32:00,13.21,--,171,225891,卖盘
1661,13:31:57,13.21,--,135,178744,卖盘
1662,13:31:54,13.21,-0.01,83,109643,卖盘
1663,13:31:51,13.22,0.02,492,650424,买盘
1664,13:31:48,13.2,--,654,863280,卖盘
1665,13:31:45,13.2,-0.01,10,13200,卖盘
1666,13:31:42,13.21,0.01,466,616788,买盘
1667,13:31:39,13.2,--,1227,1619640,买盘
1668,13:31:36,13.2,0.01,1027,1355640,买盘
1669,13:31:33,13.19,--,234,308909,卖盘
1670,13:31:30,13.19,--,482,635758,买盘
1671,13:31:27,13.19,--,229,302051,买盘
1672,13:31:24,13.19,0.01,612,807228,买盘
1673,13:31:21,13.18,--,401,529308,卖盘
1674,13:31:18,13.18,0.02,2630,3466340,买盘
1675,13:31:15,13.16,--,945,1243620,买盘
1676,13:31:12,13.16,--,134,176344,买盘
1677,13:31:09,13.16,--,202,265832,买盘
1678,13:31:06,13.16,--,6874,9046184,买盘
1679,13:31:03,13.16,--,387,509292,买盘
1680,13:31:00,13.16,-0.01,1174,1545892,卖盘
1681,13:30:57,13.17,0.01,383,504819,买盘
1682,13:30:54,13.16,--,79,103964,卖盘
1683,13:30:51,13.16,--,109,143444,买盘
1684,13:30:48,13.16,0.01,88,115808,中性盘
1685,13:30:45,13.15,--,61,80215,卖盘
1686,13:30:42,13.15,-0.02,179,235385,卖盘
1687,13:30:39,13.17,0.03,62,81654,买盘
1688,13:30:36,13.14,--,134,176076,卖盘
1689,13:30:33,13.14,--,188,247032,卖盘
1690,13:30:30,13.14,0.01,7550,9920700,买盘
1691,13:30:27,13.13,-0.01,73,95849,卖盘
1692,13:30:24,13.14,--,82,107748,买盘
1693,13:30:21,13.14,0.01,99,130086,买盘
1694,13:30:18,13.13,-0.01,297,389961,卖盘
1695,13:30:15,13.14,--,76,99864,买盘
1696,13:30:12,13.14,-0.01,232,304848,买盘
1697,13:30:09,13.15,-0.01,447,587844,卖盘
1698,13:30:06,13.16,0.01,86,113583,买盘
1699,13:30:03,13.15,--,147,193305,买盘
1700,13:30:00,13.15,--,139,183692,卖盘
1701,13:29:57,13.15,--,86,113497,买盘
1702,13:29:54,13.15,--,76,99940,买盘
1703,13:29:51,13.15,--,216,284040,卖盘
1704,13:29:48,13.15,--,609,801702,买盘
1705,13:29:45,13.15,--,489,643482,卖盘
1706,13:29:42,13.15,--,227,298505,卖盘
1707,13:29:39,13.15,--,77,101255,卖盘
1708,13:29:36,13.15,0.01,1915,2519092,买盘
1709,13:29:33,13.14,--,534,701676,卖盘
1710,13:29:30,13.14,--,239,314046,卖盘
1711,13:29:27,13.14,--,112,147168,卖盘
1712,13:29:24,13.14,--,77,101585,卖盘
1713,13:29:21,13.14,--,23,30222,卖盘
1714,13:29:18,13.14,--,123,161622,买盘
1715,13:29:15,13.14,0.01,347,455958,买盘
1716,13:29:12,13.13,-0.01,46,60398,卖盘
1717,13:29:09,13.14,--,76,99864,买盘
1718,13:29:06,13.14,0.01,58,76212,买盘
1719,13:29:03,13.13,-0.01,44,57772,卖盘
1720,13:29:00,13.14,0.01,193,253602,买盘
1721,13:28:57,13.13,--,61,80093,卖盘
1722,13:28:54,13.13,--,25,32825,卖盘
1723,13:28:51,13.13,--,617,811250,买盘
1724,13:28:48,13.13,0.01,51,66963,买盘
1725,13:28:45,13.12,-0.03,9,11808,卖盘
1726,13:28:42,13.15,0.03,96,126240,买盘
1727,13:28:39,13.12,-0.02,94,123327,卖盘
1728,13:28:36,13.14,0.02,953,1252242,买盘
1729,13:28:33,13.12,--,202,265024,买盘
1730,13:28:30,13.12,--,121,158752,买盘
1731,13:28:27,13.12,--,318,417216,买盘
1732,13:28:24,13.12,--,174,228288,买盘
1733,13:28:21,13.12,--,56,73472,买盘
1734,13:28:18,13.12,--,236,309632,买盘
1735,13:28:15,13.12,--,174,228288,买盘
1736,13:28:12,13.12,-0.01,185,242720,卖盘
1737,13:28:09,13.13,-0.01,42,55146,卖盘
1738,13:28:06,13.14,0.01,147,193158,买盘
1739,13:28:03,13.13,-0.01,205,270084,卖盘
1740,13:28:00,13.14,--,313,411676,买盘
1741,13:27:57,13.14,0.01,152,200647,买盘
1742,13:27:54,13.13,-0.01,99,130380,卖盘
1743,13:27:51,13.14,-0.01,162,212881,卖盘
1744,13:27:48,13.15,--,304,399760,买盘
1745,13:27:45,13.15,0.01,168,220920,买盘
1746,13:27:42,13.14,0.01,492,646488,买盘
1747,13:27:39,13.13,-0.01,1034,1357642,卖盘
1748,13:27:36,13.14,--,141,186404,买盘
1749,13:27:33,13.14,--,75,98550,买盘
1750,13:27:30,13.14,-0.01,315,413910,卖盘
1751,13:27:27,13.15,-0.01,1354,1780957,卖盘
1752,13:27:24,13.16,0.01,2855,3757180,买盘
1753,13:27:21,13.15,--,295,387925,卖盘
1754,13:27:18,13.15,--,162,213030,卖盘
1755,13:27:15,13.15,0.02,3181,4183882,买盘
1756,13:27:12,13.13,--,162,212706,卖盘
1757,13:27:09,13.13,0.01,332,435916,买盘
1758,13:27:06,13.12,-0.01,33,43296,卖盘
1759,13:27:03,13.13,0.01,442,580346,买盘
1760,13:27:00,13.12,--,74,97088,卖盘
1761,13:26:57,13.12,--,1037,1360544,卖盘
1762,13:26:54,13.12,0.01,498,653376,买盘
1763,13:26:51,13.11,--,27,35803,卖盘
1764,13:26:48,13.11,--,12,15732,买盘
1765,13:26:45,13.11,0.01,7,9177,买盘
1766,13:26:42,13.1,--,78,102180,卖盘
1767,13:26:39,13.1,--,23,30130,买盘
1768,13:26:36,13.1,--,232,303920,买盘
1769,13:26:33,13.1,--,158,206980,卖盘
1770,13:26:30,13.1,-0.02,111,145410,卖盘
1771,13:26:27,13.12,0.01,32,41984,买盘
1772,13:26:24,13.11,-0.01,38,49818,卖盘
1773,13:26:21,13.12,--,105,137760,买盘
1774,13:26:18,13.12,0.01,120,157440,买盘
1775,13:26:15,13.11,-0.02,67,87837,卖盘
1776,13:26:12,13.13,0.05,39,51207,买盘
1777,13:26:09,13.08,-0.03,1469,1921452,卖盘
1778,13:26:06,13.11,-0.01,65,85215,卖盘
1779,13:26:03,13.12,0.02,74,97088,买盘
1780,13:26:00,13.1,0.02,367,480770,买盘
1781,13:25:57,13.08,--,3,3924,卖盘
1782,13:25:54,13.08,--,66,86328,卖盘
1783,13:25:51,13.08,-0.01,120,156960,卖盘
1784,13:25:48,13.09,-0.05,30,39675,中性盘
1785,13:25:45,13.14,0.08,2402,3156228,买盘
1786,13:25:42,13.06,-0.01,64,83584,卖盘
1787,13:25:39,13.07,-0.01,1,1307,卖盘
1788,13:25:36,13.08,0.03,1190,1556520,买盘
1789,13:25:33,13.05,--,61,79605,卖盘
1790,13:25:30,13.05,-0.01,54,70470,卖盘
1791,13:25:27,13.06,-0.01,75,97950,卖盘
1792,13:25:24,13.07,--,27,35289,买盘
1793,13:25:21,13.07,-0.01,1864,2436248,卖盘
1794,13:25:18,13.08,0.01,75,98100,买盘
1795,13:25:15,13.07,--,27,35289,买盘
1796,13:25:12,13.07,-0.01,52,67964,卖盘
1797,13:25:09,13.08,--,175,228900,买盘
1798,13:25:06,13.08,0.01,271,354468,买盘
1799,13:25:03,13.07,--,134,175138,卖盘
1800,13:25:00,13.07,0.01,239,312373,买盘
1801,13:24:57,13.06,--,292,381352,卖盘
1802,13:24:54,13.06,--,66,86196,卖盘
1803,13:24:51,13.06,--,80,104884,买盘
1804,13:24:48,13.06,--,286,373516,买盘
1805,13:24:45,13.06,--,142,185452,卖盘
1806,13:24:42,13.06,-0.01,251,327806,卖盘
1807,13:24:39,13.07,0.01,514,671798,买盘
1808,13:24:36,13.06,--,418,545908,卖盘
1809,13:24:33,13.06,-0.01,10,13060,卖盘
1810,13:24:30,13.07,--,23,30061,买盘
1811,13:24:27,13.07,0.01,209,273163,买盘
1812,13:24:24,13.06,--,141,184146,卖盘
1813,13:24:21,13.06,--,373,487138,买盘
1814,13:24:18,13.06,--,253,330418,买盘
1815,13:24:15,13.06,0.01,228,297768,卖盘
1816,13:24:12,13.05,--,5141,6709005,卖盘
1817,13:24:09,13.05,-0.01,70,91350,卖盘
1818,13:24:06,13.06,0.01,73,95338,买盘
1819,13:24:03,13.05,--,422,550710,卖盘
1820,13:24:00,13.05,--,580,757944,卖盘
1821,13:23:57,13.05,--,248,323640,卖盘
1822,13:23:54,13.05,--,212,276921,买盘
1823,13:23:51,13.05,0.01,553,721665,买盘
1824,13:23:48,13.04,-0.01,6,7823,卖盘
1825,13:23:45,13.05,--,111,145259,买盘
1826,13:23:42,13.05,0.01,74,96570,买盘
1827,13:23:39,13.04,--,98,127791,买盘
1828,13:23:36,13.04,--,7,9128,买盘
1829,13:23:33,13.04,--,5,6520,买盘
1830,13:23:30,13.04,0.01,69,89976,买盘
1831,13:23:27,13.03,-0.01,28,36484,卖盘
1832,13:23:21,13.04,--,154,200816,买盘
1833,13:23:18,13.04,0.01,24,31295,买盘
1834,13:23:15,13.03,-0.01,11,14333,卖盘
1835,13:23:12,13.04,0.01,101,131821,买盘
1836,13:23:06,13.03,--,60,78180,买盘
1837,13:23:03,13.03,--,23,29969,买盘
1838,13:23:00,13.03,--,24,31272,买盘
1839,13:22:57,13.03,-0.01,224,292249,卖盘
1840,13:22:54,13.04,0.01,453,590712,买盘
1841,13:22:51,13.03,--,82,106846,卖盘
1842,13:22:48,13.03,--,140,182420,卖盘
1843,13:22:45,13.03,-0.02,12,16039,卖盘
1844,13:22:42,13.05,0.02,65,84825,买盘
1845,13:22:39,13.03,--,105,136815,卖盘
1846,13:22:36,13.03,--,121,157663,卖盘
1847,13:22:33,13.03,--,60,78492,卖盘
1848,13:22:30,13.03,-0.01,196,255596,卖盘
1849,13:22:27,13.04,0.01,399,520295,买盘
1850,13:22:24,13.03,-0.01,144,187632,卖盘
1851,13:22:21,13.04,--,21,27384,买盘
1852,13:22:18,13.04,--,182,237327,买盘
1853,13:22:15,13.04,0.01,93,121271,买盘
1854,13:22:12,13.03,--,30,39090,卖盘
1855,13:22:09,13.03,--,234,304902,卖盘
1856,13:22:06,13.03,0.01,195,254085,买盘
1857,13:22:03,13.02,-0.01,1,1302,卖盘
1858,13:22:00,13.03,0.01,49,63847,买盘
1859,13:21:57,13.02,--,152,197904,卖盘
1860,13:21:54,13.02,--,51,66402,卖盘
1861,13:21:51,13.02,--,101,131502,卖盘
1862,13:21:48,13.02,-0.01,130,169260,卖盘
1863,13:21:45,13.03,0.02,359,467777,买盘
1864,13:21:42,13.01,--,95,123998,卖盘
1865,13:21:39,13.01,-0.01,74,96274,卖盘
1866,13:21:36,13.02,--,173,225246,卖盘
1867,13:21:33,13.02,--,2,2604,卖盘
1868,13:21:27,13.02,-0.01,61,79422,卖盘
1869,13:21:24,13.03,0.01,94,122482,买盘
1870,13:21:21,13.02,--,13,16926,买盘
1871,13:21:18,13.02,-0.02,2,2604,中性盘
1872,13:21:15,13.04,0.01,427,556808,买盘
1873,13:21:12,13.03,--,20,26060,买盘
1874,13:21:09,13.03,--,127,165481,买盘
1875,13:21:06,13.03,--,15,19545,买盘
1876,13:21:03,13.03,--,43,56029,卖盘
1877,13:21:00,13.03,--,15,19545,卖盘
1878,13:20:57,13.03,-0.02,20,26060,卖盘
1879,13:20:54,13.05,0.01,50,65250,买盘
1880,13:20:51,13.04,-0.01,184,240027,卖盘
1881,13:20:48,13.05,0.01,18,23490,买盘
1882,13:20:45,13.04,--,12,15647,卖盘
1883,13:20:42,13.04,-0.01,230,299920,卖盘
1884,13:20:39,13.05,--,36,47384,卖盘
1885,13:20:36,13.05,0.01,136,177884,买盘
1886,13:20:33,13.04,-0.01,2,2608,卖盘
1887,13:20:30,13.05,0.01,46,60030,买盘
1888,13:20:27,13.04,--,2,2608,卖盘
1889,13:20:24,13.04,-0.01,33,43032,卖盘
1890,13:20:18,13.05,--,119,155295,买盘
1891,13:20:15,13.05,--,42,54810,买盘
1892,13:20:12,13.05,--,257,336285,卖盘
1893,13:20:09,13.05,-0.01,20,26100,卖盘
1894,13:20:06,13.06,--,295,385270,卖盘
1895,13:20:03,13.06,--,51,66606,卖盘
1896,13:20:00,13.06,--,22,28732,卖盘
1897,13:19:57,13.06,--,31,40486,卖盘
1898,13:19:54,13.06,--,118,154108,卖盘
1899,13:19:51,13.06,-0.01,135,176310,卖盘
1900,13:19:48,13.07,0.01,81,105867,买盘
1901,13:19:45,13.06,0.01,99,129294,买盘
1902,13:19:42,13.05,--,146,190530,卖盘
1903,13:19:39,13.05,-0.01,141,184409,卖盘
1904,13:19:36,13.06,0.02,68,88808,买盘
1905,13:19:33,13.04,--,53,69112,卖盘
1906,13:19:30,13.04,-0.02,312,406848,卖盘
1907,13:19:27,13.06,0.01,27,35262,买盘
1908,13:19:24,13.05,-0.02,509,664427,卖盘
1909,13:19:21,13.07,0.02,160,209120,买盘
1910,13:19:18,13.05,-0.02,11,14355,卖盘
1911,13:19:15,13.07,0.01,19,24833,买盘
1912,13:19:12,13.06,0.01,7,9142,中性盘
1913,13:19:09,13.05,-0.01,54,70470,卖盘
1914,13:19:06,13.06,--,51,66606,卖盘
1915,13:19:03,13.06,-0.01,54,70524,卖盘
1916,13:19:00,13.07,0.01,102,133314,买盘
1917,13:18:57,13.06,--,14,18284,买盘
1918,13:18:54,13.06,--,52,67912,卖盘
1919,13:18:51,13.06,--,435,568110,卖盘
1920,13:18:48,13.06,--,12,15672,卖盘
1921,13:18:45,13.06,-0.01,15,19590,卖盘
1922,13:18:42,13.07,--,173,226111,买盘
1923,13:18:39,13.07,--,50,65768,卖盘
1924,13:18:36,13.07,0.01,64,84536,买盘
1925,13:18:33,13.06,--,71,92726,卖盘
1926,13:18:30,13.06,-0.01,156,203736,卖盘
1927,13:18:27,13.07,--,400,522800,买盘
1928,13:18:24,13.07,--,71,92797,买盘
1929,13:18:21,13.07,--,1,1307,买盘
1930,13:18:18,13.07,-0.01,87,113709,卖盘
1931,13:18:15,13.08,0.01,78,102664,买盘
1932,13:18:12,13.07,-0.01,136,177752,卖盘
1933,13:18:09,13.08,--,26,34008,买盘
1934,13:18:06,13.08,0.01,163,213204,买盘
1935,13:18:03,13.07,-0.01,49,64043,卖盘
1936,13:18:00,13.08,-0.01,693,907346,卖盘
1937,13:17:57,13.09,--,313,409717,卖盘
1938,13:17:54,13.09,-0.01,134,175406,卖盘
1939,13:17:51,13.1,0.01,252,330120,买盘
1940,13:17:48,13.09,--,106,138754,买盘
1941,13:17:45,13.09,--,111,145299,买盘
1942,13:17:42,13.09,--,22,28798,买盘
1943,13:17:39,13.09,0.01,70,92035,买盘
1944,13:17:36,13.08,--,281,367548,买盘
1945,13:17:33,13.08,-0.02,29,37932,卖盘
1946,13:17:30,13.1,0.01,2564,3358840,买盘
1947,13:17:27,13.09,--,38,49742,买盘
1948,13:17:24,13.09,--,122,159698,买盘
1949,13:17:21,13.09,-0.01,118,154462,卖盘
1950,13:17:18,13.1,--,239,313090,买盘
1951,13:17:15,13.1,--,12,15720,买盘
1952,13:17:12,13.1,--,46,60260,买盘
1953,13:17:09,13.1,--,180,236887,卖盘
1954,13:17:06,13.1,--,458,599980,卖盘
1955,13:17:03,13.1,--,127,166370,卖盘
1956,13:17:00,13.1,--,283,370952,买盘
1957,13:16:57,13.1,-0.01,369,484477,卖盘
1958,13:16:54,13.11,--,120,157320,买盘
1959,13:16:51,13.11,--,471,617481,卖盘
1960,13:16:48,13.11,--,98,128478,卖盘
1961,13:16:45,13.11,0.01,57,74727,中性盘
1962,13:16:42,13.1,-0.02,369,483390,卖盘
1963,13:16:39,13.12,0.01,155,203360,中性盘
1964,13:16:36,13.11,-0.02,241,315951,卖盘
1965,13:16:33,13.13,--,80,105447,买盘
1966,13:16:30,13.13,0.01,483,634179,买盘
1967,13:16:27,13.12,-0.01,1432,1878784,卖盘
1968,13:16:24,13.13,--,175,229775,卖盘
1969,13:16:21,13.13,--,28,36764,卖盘
1970,13:16:18,13.13,--,191,251203,买盘
1971,13:16:15,13.13,0.01,29,38786,买盘
1972,13:16:12,13.12,-0.01,176,230912,卖盘
1973,13:16:09,13.13,0.01,420,551460,买盘
1974,13:16:06,13.12,--,28,36736,买盘
1975,13:16:03,13.12,-0.01,518,680429,卖盘
1976,13:16:00,13.13,0.01,2336,3067168,买盘
1977,13:15:57,13.12,0.01,134,175808,卖盘
1978,13:15:54,13.11,-0.01,885,1160235,卖盘
1979,13:15:51,13.12,--,250,328000,买盘
1980,13:15:48,13.12,--,380,498559,买盘
1981,13:15:45,13.12,--,221,289952,买盘
1982,13:15:42,13.12,0.01,135,177120,买盘
1983,13:15:39,13.11,--,1091,1430301,卖盘
1984,13:15:36,13.11,--,181,237291,卖盘
1985,13:15:33,13.11,--,32,41952,卖盘
1986,13:15:30,13.11,--,234,307272,买盘
1987,13:15:27,13.11,--,194,254334,买盘
1988,13:15:24,13.11,--,91,120520,买盘
1989,13:15:21,13.11,0.01,501,656811,买盘
1990,13:15:18,13.1,--,229,299990,卖盘
1991,13:15:15,13.1,--,416,544960,卖盘
1992,13:15:12,13.1,--,16,20960,卖盘
1993,13:15:09,13.1,0.02,1277,1672961,买盘
1994,13:15:06,13.08,-0.02,277,362316,卖盘
1995,13:15:03,13.1,0.01,358,468980,买盘
1996,13:15:00,13.09,--,162,212058,卖盘
1997,13:14:57,13.09,-0.01,82,107338,中性盘
1998,13:14:54,13.1,0.03,139,182090,买盘
1999,13:14:51,13.07,0.01,6416,8386378,买盘
2000,13:14:48,13.06,--,227,296462,卖盘
2001,13:14:45,13.06,-0.01,32,41792,卖盘
2002,13:14:42,13.07,--,297,388179,买盘
2003,13:14:39,13.07,0.01,89,116323,买盘
2004,13:14:36,13.06,-0.01,114,148884,中性盘
2005,13:14:33,13.07,0.01,188,246617,买盘
2006,13:14:30,13.06,--,25,33120,卖盘
2007,13:14:27,13.06,0.01,100,131840,卖盘
2008,13:14:24,13.05,-0.01,393,512865,卖盘
2009,13:14:21,13.06,--,103,134766,买盘
2010,13:14:18,13.06,0.01,65,85856,买盘
2011,13:14:15,13.05,--,61,80244,卖盘
2012,13:14:12,13.05,--,22,29284,卖盘
2013,13:14:09,13.05,-0.02,145,189225,卖盘
2014,13:14:06,13.07,0.03,43,56201,买盘
2015,13:14:03,13.04,0.01,71,92988,中性盘
2016,13:14:00,13.03,-0.01,68,89503,卖盘
2017,13:13:57,13.04,--,12,15647,卖盘
2018,13:13:54,13.04,--,2835,3696839,卖盘
2019,13:13:51,13.04,0.01,95,124284,买盘
2020,13:13:48,13.03,--,42,55625,卖盘
2021,13:13:45,13.03,-0.01,67,87301,卖盘
2022,13:13:42,13.04,--,104,135616,买盘
2023,13:13:39,13.04,--,360,469439,买盘
2024,13:13:36,13.04,0.01,39,50856,买盘
2025,13:13:33,13.03,-0.01,106,138118,卖盘
2026,13:13:30,13.04,0.01,43,56071,买盘
2027,13:13:27,13.03,-0.01,129,168490,卖盘
2028,13:13:24,13.04,--,870,1134480,卖盘
2029,13:13:21,13.04,--,347,452487,卖盘
2030,13:13:18,13.04,--,349,455095,卖盘
2031,13:13:15,13.04,--,428,558112,买盘
2032,13:13:12,13.04,0.01,94,122575,买盘
2033,13:13:09,13.03,-0.01,236,307508,卖盘
2034,13:13:06,13.04,-0.01,109,142136,卖盘
2035,13:13:03,13.05,--,91,118755,买盘
2036,13:13:00,13.05,0.01,303,395415,买盘
2037,13:12:57,13.04,-0.01,670,873680,卖盘
2038,13:12:54,13.05,--,237,309285,买盘
2039,13:12:51,13.05,--,96,125280,买盘
2040,13:12:48,13.05,--,519,677295,卖盘
2041,13:12:45,13.05,-0.01,129,168345,卖盘
2042,13:12:42,13.06,--,779,1017374,买盘
2043,13:12:39,13.06,--,1251,1633806,买盘
2044,13:12:36,13.06,-0.01,1456,1901536,卖盘
2045,13:12:33,13.07,--,183,239181,买盘
2046,13:12:30,13.07,-0.01,672,879245,卖盘
2047,13:12:27,13.08,0.01,296,387168,买盘
2048,13:12:24,13.07,--,471,616002,卖盘
2049,13:12:21,13.07,--,86,113669,买盘
2050,13:12:18,13.07,--,1011,1321377,买盘
2051,13:12:15,13.07,--,654,854778,买盘
2052,13:12:12,13.07,--,124,162068,买盘
2053,13:12:09,13.07,0.01,340,445504,买盘
2054,13:12:06,13.06,--,128,167168,买盘
2055,13:12:03,13.06,0.02,330,430980,买盘
2056,13:12:00,13.04,--,580,756320,卖盘
2057,13:11:57,13.04,--,386,503343,买盘
2058,13:11:54,13.04,--,214,279056,买盘
2059,13:11:51,13.04,0.01,511,666344,买盘
2060,13:11:48,13.03,--,250,325750,买盘
2061,13:11:45,13.03,--,923,1202669,买盘
2062,13:11:42,13.03,0.02,1255,1635265,买盘
2063,13:11:39,13.01,--,320,416320,买盘
2064,13:11:36,13.01,0.01,614,798814,买盘
2065,13:11:33,13.0,0.01,1813,2357680,买盘
2066,13:11:30,12.99,-0.01,1119,1453581,卖盘
2067,13:11:27,13.0,0.01,2808,3650400,买盘
2068,13:11:24,12.99,--,7328,9519474,买盘
2069,13:11:21,12.99,--,555,720945,买盘
2070,13:11:18,12.99,--,3030,3935970,买盘
2071,13:11:15,12.99,0.01,373,484527,买盘
2072,13:11:12,12.98,0.01,1374,1783685,买盘
2073,13:11:09,12.97,0.01,7,9079,买盘
2074,13:11:06,12.96,--,212,274752,卖盘
2075,13:11:03,12.96,-0.01,170,220320,卖盘
2076,13:11:00,12.97,--,127,164719,卖盘
2077,13:10:57,12.97,0.01,1146,1486362,买盘
2078,13:10:54,12.96,0.01,130,168480,买盘
2079,13:10:51,12.95,--,43,55685,卖盘
2080,13:10:48,12.95,--,14,18130,卖盘
2081,13:10:45,12.95,--,35,45325,卖盘
2082,13:10:42,12.95,-0.01,32,41440,卖盘
2083,13:10:39,12.96,--,32,41472,买盘
2084,13:10:36,12.96,--,13,16848,买盘
2085,13:10:33,12.96,-0.01,27,34992,买盘
2086,13:10:27,12.97,0.04,6,7782,买盘
2087,13:10:24,12.93,0.01,1419,1834767,买盘
2088,13:10:21,12.92,-0.01,1299,1678308,卖盘
2089,13:10:18,12.93,0.01,19,24567,中性盘
2090,13:10:12,12.92,-0.06,322,416024,中性盘
2091,13:10:09,12.98,0.07,3857,5006386,买盘
2092,13:10:06,12.91,--,76,99226,卖盘
2093,13:10:03,12.91,-0.01,201,259491,卖盘
2094,13:10:00,12.92,--,12,15504,买盘
2095,13:09:57,12.92,--,4,5168,买盘
2096,13:09:54,12.92,--,5,6460,买盘
2097,13:09:51,12.92,--,46,59432,卖盘
2098,13:09:48,12.92,-0.01,28,36176,买盘
2099,13:09:45,12.93,0.02,216,279288,买盘
2100,13:09:42,12.91,--,11,14201,卖盘
2101,13:09:39,12.91,-0.03,258,333078,卖盘
2102,13:09:36,12.94,0.01,2220,2872680,买盘
2103,13:09:33,12.93,--,121,156453,卖盘
2104,13:09:30,12.93,-0.01,75,96975,卖盘
2105,13:09:27,12.94,0.01,47,60818,买盘
2106,13:09:24,12.93,-0.01,1,1293,卖盘
2107,13:09:21,12.94,0.01,38,49573,买盘
2108,13:09:18,12.93,-0.01,68,87924,卖盘
2109,13:09:15,12.94,--,10,12940,买盘
2110,13:09:12,12.94,--,21,27174,买盘
2111,13:09:09,12.94,-0.01,83,108049,卖盘
2112,13:09:06,12.95,0.01,38,49210,买盘
2113,13:09:03,12.94,--,13,16822,卖盘
2114,13:09:00,12.94,--,16,20704,卖盘
2115,13:08:57,12.94,--,21,27174,卖盘
2116,13:08:54,12.94,--,508,657352,卖盘
2117,13:08:51,12.94,-0.01,16,20704,卖盘
2118,13:08:48,12.95,--,48,62160,买盘
2119,13:08:45,12.95,--,14,18130,买盘
2120,13:08:42,12.95,0.01,392,507640,买盘
2121,13:08:39,12.94,-0.01,107,138458,卖盘
2122,13:08:36,12.95,--,138,178710,买盘
2123,13:08:33,12.95,-0.01,264,342061,卖盘
2124,13:08:30,12.96,0.01,137,177552,买盘
2125,13:08:27,12.95,-0.01,32,41440,卖盘
2126,13:08:24,12.96,--,18,23328,买盘
2127,13:08:21,12.96,--,45,59214,卖盘
2128,13:08:18,12.96,-0.01,1194,1547825,卖盘
2129,13:08:15,12.97,--,10,12970,买盘
2130,13:08:12,12.97,0.01,202,261994,买盘
2131,13:08:09,12.96,0.01,700,907200,买盘
2132,13:08:06,12.95,--,144,187593,卖盘
2133,13:08:03,12.95,-0.01,272,352240,卖盘
2134,13:08:00,12.96,0.01,181,234576,买盘
2135,13:07:57,12.95,-0.01,21,27195,卖盘
2136,13:07:54,12.96,-0.01,12,15552,中性盘
2137,13:07:51,12.97,0.01,139,180283,买盘
2138,13:07:48,12.96,--,24,31104,卖盘
2139,13:07:45,12.96,-0.01,38,49248,卖盘
2140,13:07:42,12.97,0.01,1,1297,买盘
2141,13:07:39,12.96,0.01,12,15552,中性盘
2142,13:07:36,12.95,--,2360,3056200,买盘
2143,13:07:33,12.95,0.01,9,11655,买盘
2144,13:07:30,12.94,-0.02,105,135870,卖盘
2145,13:07:27,12.96,--,103,133488,买盘
2146,13:07:24,12.96,--,28,36288,买盘
2147,13:07:21,12.96,--,108,139968,买盘
2148,13:07:18,12.96,-0.01,475,616014,卖盘
2149,13:07:15,12.97,0.01,43,56173,买盘
2150,13:07:12,12.96,--,1308,1695168,卖盘
2151,13:07:09,12.96,--,4,5184,卖盘
2152,13:07:06,12.96,-0.01,414,536544,卖盘
2153,13:07:03,12.97,--,997,1293109,卖盘
2154,13:07:00,12.97,--,394,511018,卖盘
2155,13:06:57,12.97,--,51,66147,卖盘
2156,13:06:54,12.97,--,47,60959,买盘
2157,13:06:51,12.97,--,23,29831,卖盘
2158,13:06:48,12.97,--,88,114615,买盘
2159,13:06:45,12.97,--,171,221787,买盘
2160,13:06:42,12.97,0.02,301,390397,买盘
2161,13:06:39,12.95,-0.02,213,275835,卖盘
2162,13:06:36,12.97,--,3279,4252863,买盘
2163,13:06:33,12.97,--,316,409852,买盘
2164,13:06:30,12.97,0.02,58,75226,买盘
2165,13:06:27,12.95,-0.02,45,58275,卖盘
2166,13:06:24,12.97,0.01,417,540849,买盘
2167,13:06:21,12.96,--,210,272160,买盘
2168,13:06:18,12.96,--,44,57024,买盘
2169,13:06:15,12.96,--,339,440419,卖盘
2170,13:06:12,12.96,-0.01,291,377537,卖盘
2171,13:06:09,12.97,--,72,93384,买盘
2172,13:06:06,12.97,--,169,219193,买盘
2173,13:06:03,12.97,-0.01,187,243654,卖盘
2174,13:06:00,12.98,0.01,4835,6275830,买盘
2175,13:05:57,12.97,--,10,12970,买盘
2176,13:05:54,12.97,0.01,47,60959,买盘
2177,13:05:51,12.96,-0.01,13,16848,中性盘
2178,13:05:48,12.97,--,35,45395,买盘
2179,13:05:45,12.97,0.02,21,27885,买盘
2180,13:05:42,12.95,--,269,348355,买盘
2181,13:05:39,12.95,-0.02,837,1084562,卖盘
2182,13:05:36,12.97,--,49,63553,买盘
2183,13:05:33,12.97,-0.01,253,328141,买盘
2184,13:05:30,12.98,0.01,132,171336,买盘
2185,13:05:27,12.97,-0.01,22,28534,中性盘
2186,13:05:24,12.98,0.03,806,1046188,买盘
2187,13:05:21,12.95,--,7,9712,买盘
2188,13:05:18,12.95,-0.03,547,709465,卖盘
2189,13:05:15,12.98,0.03,223,290297,买盘
2190,13:05:12,12.95,0.01,48,62315,买盘
2191,13:05:09,12.94,-0.01,1,1294,中性盘
2192,13:05:06,12.95,0.02,322,416990,买盘
2193,13:05:03,12.93,--,6,7758,卖盘
2194,13:05:00,12.93,--,30,39281,买盘
2195,13:04:57,12.93,--,6522,8433747,卖盘
2196,13:04:54,12.93,--,172,222396,卖盘
2197,13:04:51,12.93,-0.01,3,3879,卖盘
2198,13:04:48,12.94,--,7,9058,买盘
2199,13:04:45,12.94,0.01,9,11646,中性盘
2200,13:04:42,12.93,-0.01,66,85338,卖盘
2201,13:04:39,12.94,--,40,51760,卖盘
2202,13:04:36,12.94,--,89,116330,买盘
2203,13:04:33,12.94,--,77,99638,买盘
2204,13:04:27,12.94,0.01,86,111284,买盘
2205,13:04:24,12.93,--,77,99561,卖盘
2206,13:04:21,12.93,-0.01,2,2586,卖盘
2207,13:04:18,12.94,0.01,34,43996,买盘
2208,13:04:15,12.93,-0.02,11,14223,卖盘
2209,13:04:12,12.95,0.01,37,48316,买盘
2210,13:04:09,12.94,-0.01,423,547362,卖盘
2211,13:04:06,12.95,0.01,126,163170,买盘
2212,13:04:03,12.94,--,766,992006,卖盘
2213,13:04:00,12.94,-0.01,67,87008,卖盘
2214,13:03:57,12.95,0.01,191,247345,买盘
2215,13:03:54,12.94,--,360,465840,卖盘
2216,13:03:51,12.94,-0.01,124,160456,卖盘
2217,13:03:48,12.95,0.01,44,56980,买盘
2218,13:03:45,12.94,-0.01,50,64700,卖盘
2219,13:03:42,12.95,0.01,22,28490,买盘
2220,13:03:39,12.94,--,21,27174,卖盘
2221,13:03:36,12.94,--,453,586182,卖盘
2222,13:03:33,12.94,--,69,89286,卖盘
2223,13:03:30,12.94,--,28,36232,卖盘
2224,13:03:27,12.94,--,24,31056,买盘
2225,13:03:24,12.94,-0.01,12,15528,中性盘
2226,13:03:21,12.95,0.02,236,305620,买盘
2227,13:03:18,12.93,--,48,62064,卖盘
2228,13:03:15,12.93,--,69,89217,卖盘
2229,13:03:12,12.93,--,44,56892,卖盘
2230,13:03:09,12.93,-0.01,22,28846,卖盘
2231,13:03:06,12.94,--,32,41408,买盘
2232,13:03:03,12.94,0.01,314,406316,买盘
2233,13:03:00,12.93,0.01,42,54306,中性盘
2234,13:02:57,12.92,-0.02,48,62016,卖盘
2235,13:02:54,12.94,--,63,81522,买盘
2236,13:02:51,12.94,-0.01,268,346792,中性盘
2237,13:02:48,12.95,0.02,473,612535,买盘
2238,13:02:45,12.93,-0.02,12,15516,卖盘
2239,13:02:42,12.95,--,5,6475,买盘
2240,13:02:39,12.95,0.02,100,129500,买盘
2241,13:02:36,12.93,-0.02,16,20688,中性盘
2242,13:02:33,12.95,0.02,2000,2590000,买盘
2243,13:02:30,12.93,0.01,6,7758,买盘
2244,13:02:27,12.92,--,9,11628,卖盘
2245,13:02:24,12.92,--,45,59121,卖盘
2246,13:02:21,12.92,-0.01,28,36757,卖盘
2247,13:02:18,12.93,0.02,71,91803,买盘
2248,13:02:15,12.91,-0.01,55,71818,卖盘
2249,13:02:12,12.92,--,36,46925,卖盘
2250,13:02:09,12.92,0.01,53,68476,中性盘
2251,13:02:06,12.91,-0.01,91,117481,卖盘
2252,13:02:03,12.92,-0.02,31,40052,中性盘
2253,13:01:54,12.94,0.03,1590,2057460,买盘
2254,13:01:51,12.91,--,13,16783,卖盘
2255,13:01:48,12.91,--,2,2582,卖盘
2256,13:01:45,12.91,--,378,487998,买盘
2257,13:01:42,12.91,--,31,40021,卖盘
2258,13:01:39,12.91,-0.02,73,94243,卖盘
2259,13:01:36,12.93,0.02,11,14223,买盘
2260,13:01:33,12.91,--,182,234962,买盘
2261,13:01:30,12.91,--,1,1291,买盘
2262,13:01:27,12.91,-0.02,160,207592,卖盘
2263,13:01:24,12.93,0.01,93,120249,买盘
2264,13:01:21,12.92,--,29,37468,买盘
2265,13:01:18,12.92,--,471,609022,卖盘
2266,13:01:15,12.92,--,202,260984,卖盘
2267,13:01:12,12.92,-0.01,4,5168,卖盘
2268,13:01:09,12.93,0.01,8,10344,买盘
2269,13:01:06,12.92,--,61,79212,卖盘
2270,13:01:03,12.92,--,37,47804,卖盘
2271,13:01:00,12.92,-0.01,1022,1320424,卖盘
2272,13:00:57,12.93,--,168,217224,买盘
2273,13:00:54,12.93,--,82,106026,买盘
2274,13:00:51,12.93,--,512,662016,买盘
2275,13:00:48,12.93,--,45,58185,买盘
2276,13:00:45,12.93,--,145,187485,买盘
2277,13:00:42,12.93,0.01,416,537888,买盘
2278,13:00:39,12.92,-0.01,13,16796,卖盘
2279,13:00:36,12.93,--,54,69822,买盘
2280,13:00:33,12.93,--,63,81459,买盘
2281,13:00:30,12.93,--,46,59478,买盘
2282,13:00:27,12.93,0.01,327,422811,买盘
2283,13:00:24,12.92,-0.01,48,62016,卖盘
2284,13:00:21,12.93,--,44,56892,买盘
2285,13:00:18,12.93,--,307,396951,买盘
2286,13:00:15,12.93,--,22,28446,买盘
2287,13:00:12,12.93,0.01,610,788730,买盘
2288,13:00:09,12.92,--,58,75336,卖盘
2289,13:00:06,12.92,--,838,1082696,卖盘
2290,13:00:03,12.92,0.04,7549,9753566,买盘
2291,13:00:00,12.88,--,0,0,卖盘
2292,11:30:00,12.88,-0.01,590,759920,中性盘
2293,11:29:57,12.89,0.02,508,654992,买盘
2294,11:29:54,12.87,-0.01,171,221183,卖盘
2295,11:29:51,12.88,--,6,7728,买盘
2296,11:29:48,12.88,--,61,78568,买盘
2297,11:29:45,12.88,0.01,35,45080,买盘
2298,11:29:42,12.87,--,57,73359,卖盘
2299,11:29:39,12.87,-0.01,91,117117,卖盘
2300,11:29:36,12.88,--,201,258888,买盘
2301,11:29:33,12.88,--,114,146832,买盘
2302,11:29:30,12.88,--,66,85008,买盘
2303,11:29:27,12.88,0.02,300,386400,买盘
2304,11:29:24,12.86,-0.02,334,429524,卖盘
2305,11:29:21,12.88,--,35,45080,买盘
2306,11:29:18,12.88,0.02,45,57960,买盘
2307,11:29:15,12.86,-0.02,6,7716,卖盘
2308,11:29:12,12.88,0.02,29,37352,买盘
2309,11:29:09,12.86,--,234,300924,卖盘
2310,11:29:06,12.86,--,306,393516,卖盘
2311,11:29:03,12.86,--,1058,1360588,卖盘
2312,11:29:00,12.86,--,12,15432,卖盘
2313,11:28:57,12.86,0.03,1845,2373621,买盘
2314,11:28:54,12.83,-0.01,121,155243,卖盘
2315,11:28:51,12.84,0.01,173,222132,买盘
2316,11:28:48,12.83,-0.01,239,306637,卖盘
2317,11:28:45,12.84,0.01,37,47508,买盘
2318,11:28:42,12.83,-0.01,62,79546,卖盘
2319,11:28:39,12.84,--,25,32100,买盘
2320,11:28:33,12.84,0.01,1,1284,买盘
2321,11:28:30,12.83,--,37,47471,买盘
2322,11:28:27,12.83,-0.01,34,43622,卖盘
2323,11:28:24,12.84,0.01,163,209292,买盘
2324,11:28:21,12.83,0.01,5,6415,中性盘
2325,11:28:18,12.82,-0.01,268,343576,卖盘
2326,11:28:15,12.83,--,130,166790,买盘
2327,11:28:12,12.83,--,191,245053,买盘
2328,11:28:09,12.83,--,1,1283,买盘
2329,11:28:06,12.83,0.01,187,239921,买盘
2330,11:28:03,12.82,-0.01,5,6410,卖盘
2331,11:27:57,12.83,0.01,53,67999,买盘
2332,11:27:54,12.82,-0.01,59,76740,卖盘
2333,11:27:51,12.83,--,4,5132,买盘
2334,11:27:48,12.83,0.01,157,201431,买盘
2335,11:27:45,12.82,-0.01,117,149994,卖盘
2336,11:27:42,12.83,--,8,10264,买盘
2337,11:27:39,12.83,--,1,1283,买盘
2338,11:27:33,12.83,--,428,549124,买盘
2339,11:27:30,12.83,--,10,12830,买盘
2340,11:27:27,12.83,0.01,34,43622,买盘
2341,11:27:21,12.82,--,5,6410,卖盘
2342,11:27:18,12.82,--,29,37178,卖盘
2343,11:27:15,12.82,-0.01,114,146148,卖盘
2344,11:27:12,12.83,--,20,25660,买盘
2345,11:27:09,12.83,--,4,5132,买盘
2346,11:27:06,12.83,0.01,219,280977,买盘
2347,11:27:03,12.82,--,54,69228,卖盘
2348,11:27:00,12.82,--,10,12820,卖盘
2349,11:26:57,12.82,-0.01,3,3846,卖盘
2350,11:26:54,12.83,0.01,66,84678,买盘
2351,11:26:51,12.82,-0.01,18,23076,卖盘
2352,11:26:48,12.83,--,18,23094,买盘
2353,11:26:45,12.83,0.01,13,16679,买盘
2354,11:26:42,12.82,-0.01,207,265374,卖盘
2355,11:26:39,12.83,--,6,7698,买盘
2356,11:26:36,12.83,--,2,2566,买盘
2357,11:26:27,12.83,0.01,2,2566,买盘
2358,11:26:24,12.82,--,2,2564,卖盘
2359,11:26:21,12.82,--,52,66664,卖盘
2360,11:26:18,12.82,0.01,208,267758,买盘
2361,11:26:15,12.81,-0.01,21,26901,卖盘
2362,11:26:12,12.82,--,3,4025,卖盘
2363,11:26:09,12.82,--,24,30768,卖盘
2364,11:26:06,12.82,-0.01,20,25640,卖盘
2365,11:26:03,12.83,0.01,84,107772,买盘
2366,11:26:00,12.82,--,257,329474,卖盘
2367,11:25:57,12.82,-0.01,62,79484,卖盘
2368,11:25:54,12.83,--,10,12830,买盘
2369,11:25:51,12.83,0.01,95,122988,买盘
2370,11:25:48,12.82,-0.01,4,5128,卖盘
2371,11:25:45,12.83,--,21,26943,买盘
2372,11:25:42,12.83,--,116,148828,买盘
2373,11:25:39,12.83,0.01,2,2566,买盘
2374,11:25:36,12.82,-0.01,27,34614,卖盘
2375,11:25:33,12.83,0.01,8,10264,买盘
2376,11:25:30,12.82,--,47,60254,卖盘
2377,11:25:27,12.82,--,65,83330,卖盘
2378,11:25:21,12.82,--,53,67946,卖盘
2379,11:25:18,12.82,--,19,24358,卖盘
2380,11:25:15,12.82,--,19,24358,卖盘
2381,11:25:12,12.82,--,16,20512,卖盘
2382,11:25:09,12.82,--,199,255118,买盘
2383,11:25:06,12.82,--,26,33332,买盘
2384,11:25:03,12.82,--,51,65382,买盘
2385,11:25:00,12.82,--,137,175634,买盘
2386,11:24:57,12.82,0.01,30,38460,买盘
2387,11:24:54,12.81,--,5,6405,卖盘
2388,11:24:51,12.81,-0.01,4,5124,卖盘
2389,11:24:48,12.82,--,39,49998,买盘
2390,11:24:45,12.82,0.01,16,20512,中性盘
2391,11:24:42,12.81,--,243,311283,卖盘
2392,11:24:39,12.81,-0.01,170,217770,卖盘
2393,11:24:36,12.82,0.01,316,405112,买盘
2394,11:24:33,12.81,-0.01,4,5124,卖盘
2395,11:24:30,12.82,--,3,3846,买盘
2396,11:24:27,12.82,--,1,1282,买盘
2397,11:24:21,12.82,0.01,9,11538,买盘
2398,11:24:18,12.81,--,159,203679,卖盘
2399,11:24:15,12.81,-0.01,132,169092,卖盘
2400,11:24:12,12.82,0.01,190,243580,买盘
2401,11:24:09,12.81,--,559,716719,卖盘
2402,11:24:03,12.81,--,105,134505,卖盘
2403,11:24:00,12.81,--,19,25146,卖盘
2404,11:23:57,12.81,-0.01,15,20226,卖盘
2405,11:23:54,12.82,-0.02,17,22101,卖盘
2406,11:23:51,12.84,0.02,574,737131,买盘
2407,11:23:48,12.82,-0.01,35,45652,卖盘
2408,11:23:45,12.83,0.01,23,29509,买盘
2409,11:23:39,12.82,--,301,385882,卖盘
2410,11:23:36,12.82,--,185,237170,卖盘
2411,11:23:33,12.82,--,30,38460,卖盘
2412,11:23:30,12.82,-0.01,9,11538,卖盘
2413,11:23:27,12.83,--,10,12830,买盘
2414,11:23:24,12.83,--,90,116368,卖盘
2415,11:23:21,12.83,-0.01,33,42339,卖盘
2416,11:23:18,12.84,0.01,1,1284,买盘
2417,11:23:15,12.83,--,45,57735,卖盘
2418,11:23:12,12.83,-0.01,61,78263,卖盘
2419,11:23:09,12.84,--,66,84744,买盘
2420,11:23:06,12.84,0.01,120,154080,买盘
2421,11:23:03,12.83,--,16,20528,卖盘
2422,11:23:00,12.83,-0.01,200,256600,卖盘
2423,11:22:57,12.84,0.01,97,124548,买盘
2424,11:22:54,12.83,-0.01,12,15396,卖盘
2425,11:22:51,12.84,0.01,89,114276,买盘
2426,11:22:48,12.83,-0.01,19,24377,卖盘
2427,11:22:45,12.84,0.01,42,53928,买盘
2428,11:22:42,12.83,--,77,98791,卖盘
2429,11:22:39,12.83,-0.01,16,20528,卖盘
2430,11:22:36,12.84,0.01,14,17976,买盘
2431,11:22:33,12.83,--,236,302788,卖盘
2432,11:22:30,12.83,--,83,106489,卖盘
2433,11:22:27,12.83,--,1,1283,卖盘
2434,11:22:21,12.83,--,2,2566,卖盘
2435,11:22:18,12.83,--,17,21811,卖盘
2436,11:22:15,12.83,--,12,15396,卖盘
2437,11:22:12,12.83,--,9,11547,卖盘
2438,11:22:09,12.83,-0.01,19,24377,卖盘
2439,11:22:06,12.84,0.01,1,1284,买盘
2440,11:22:03,12.83,--,464,595312,卖盘
2441,11:22:00,12.83,-0.01,263,337429,卖盘
2442,11:21:54,12.84,0.01,3,3852,买盘
2443,11:21:51,12.83,-0.01,2,2566,卖盘
2444,11:21:48,12.84,0.01,141,182148,买盘
2445,11:21:45,12.83,--,33,42339,卖盘
2446,11:21:42,12.83,0.01,131,168637,买盘
2447,11:21:39,12.82,-0.01,20,25640,卖盘
2448,11:21:36,12.83,--,7,8981,买盘
2449,11:21:33,12.83,--,109,139847,买盘
2450,11:21:30,12.83,0.01,1,1283,买盘
2451,11:21:27,12.82,-0.01,6,7692,卖盘
2452,11:21:24,12.83,--,34,43622,买盘
2453,11:21:21,12.83,--,8,10264,买盘
2454,11:21:18,12.83,0.01,4,5132,买盘
2455,11:21:15,12.82,-0.01,9,11538,卖盘
2456,11:21:12,12.83,0.01,5,6415,买盘
2457,11:21:09,12.82,-0.01,72,92560,卖盘
2458,11:21:06,12.83,0.01,24,30792,买盘
2459,11:21:03,12.82,--,204,261528,卖盘
2460,11:21:00,12.82,--,2,2564,卖盘
2461,11:20:57,12.82,--,2,2564,卖盘
2462,11:20:54,12.82,-0.01,16,20512,卖盘
2463,11:20:51,12.83,0.01,17,21811,中性盘
2464,11:20:48,12.82,-0.01,117,149994,卖盘
2465,11:20:45,12.83,--,16,21631,买盘
2466,11:20:39,12.83,--,54,69282,买盘
2467,11:20:36,12.83,0.01,31,39773,买盘
2468,11:20:33,12.82,-0.01,477,611514,卖盘
2469,11:20:30,12.83,--,450,577350,买盘
2470,11:20:27,12.83,0.01,1,1283,买盘
2471,11:20:24,12.82,--,9,11538,卖盘
2472,11:20:21,12.82,--,4,5128,卖盘
2473,11:20:15,12.82,-0.01,11,14102,卖盘
2474,11:20:12,12.83,0.01,29,37207,买盘
2475,11:20:09,12.82,--,2,2564,卖盘
2476,11:20:06,12.82,--,30,38460,卖盘
2477,11:20:03,12.82,-0.01,71,91022,卖盘
2478,11:20:00,12.83,0.01,5,6415,买盘
2479,11:19:57,12.82,-0.01,75,96150,卖盘
2480,11:19:54,12.83,0.01,10,12830,买盘
2481,11:19:51,12.82,--,71,91022,买盘
2482,11:19:48,12.82,0.01,2,2564,卖盘
2483,11:19:45,12.81,-0.02,291,373872,卖盘
2484,11:19:42,12.83,0.01,121,155243,买盘
2485,11:19:39,12.82,--,20,25640,买盘
2486,11:19:36,12.82,0.01,247,316654,买盘
2487,11:19:30,12.81,-0.01,3,3843,卖盘
2488,11:19:27,12.82,0.01,299,383318,买盘
2489,11:19:24,12.81,-0.01,14,17934,卖盘
2490,11:19:21,12.82,0.01,18,23076,买盘
2491,11:19:18,12.81,--,5,6405,卖盘
2492,11:19:15,12.81,--,18,23058,卖盘
2493,11:19:12,12.81,--,20,25620,卖盘
2494,11:19:09,12.81,--,2,2562,卖盘
2495,11:19:06,12.81,--,200,256200,卖盘
2496,11:19:03,12.81,-0.01,113,144753,卖盘
2497,11:19:00,12.82,0.01,1,1282,买盘
2498,11:18:57,12.81,--,10,12810,卖盘
2499,11:18:54,12.81,0.01,434,555954,买盘
2500,11:18:51,12.8,-0.01,21,26880,卖盘
2501,11:18:48,12.81,--,374,479094,卖盘
2502,11:18:45,12.81,0.01,120,153720,买盘
2503,11:18:42,12.8,-0.01,8,10240,卖盘
2504,11:18:39,12.81,--,30,38430,买盘
2505,11:18:36,12.81,0.01,20,25620,买盘
2506,11:18:33,12.8,-0.01,4,5120,卖盘
2507,11:18:30,12.81,0.01,96,122976,买盘
2508,11:18:27,12.8,--,10,12800,卖盘
2509,11:18:24,12.8,--,257,328960,卖盘
2510,11:18:21,12.8,-0.01,2,2560,卖盘
2511,11:18:18,12.81,--,48,61488,买盘
2512,11:18:15,12.81,--,224,286944,卖盘
2513,11:18:12,12.81,--,52,66612,卖盘
2514,11:18:09,12.81,-0.01,10,12810,卖盘
2515,11:18:06,12.82,0.01,9,11538,买盘
2516,11:18:03,12.81,0.01,187,240648,买盘
2517,11:18:00,12.8,-0.01,2,2560,卖盘
2518,11:17:57,12.81,--,68,87287,卖盘
2519,11:17:54,12.81,--,68,87108,卖盘
2520,11:17:51,12.81,--,15,19215,卖盘
2521,11:17:48,12.81,--,152,194712,卖盘
2522,11:17:45,12.81,--,28,35868,卖盘
2523,11:17:42,12.81,--,59,76680,卖盘
2524,11:17:39,12.81,-0.01,11,14091,卖盘
2525,11:17:36,12.82,0.01,15,19230,买盘
2526,11:17:33,12.81,--,12,15372,卖盘
2527,11:17:30,12.81,-0.01,37,47397,卖盘
2528,11:17:27,12.82,0.01,9,11538,买盘
2529,11:17:24,12.81,-0.01,4,5124,卖盘
2530,11:17:21,12.82,--,206,264092,卖盘
2531,11:17:15,12.82,--,467,598694,卖盘
2532,11:17:12,12.82,--,3,3846,卖盘
2533,11:17:09,12.82,-0.01,40,51280,卖盘
2534,11:17:06,12.83,--,50,64329,卖盘
2535,11:17:03,12.83,--,8,10264,卖盘
2536,11:17:00,12.83,-0.01,208,266864,卖盘
2537,11:16:57,12.84,0.01,20,25680,买盘
2538,11:16:54,12.83,--,140,179620,卖盘
2539,11:16:51,12.83,-0.01,386,495238,卖盘
2540,11:16:48,12.84,--,16,20544,买盘
2541,11:16:45,12.84,0.01,21,26964,买盘
2542,11:16:42,12.83,-0.01,13,16679,卖盘
2543,11:16:39,12.84,--,137,175908,买盘
2544,11:16:36,12.84,0.01,1,1284,买盘
2545,11:16:30,12.83,-0.01,8,10264,卖盘
2546,11:16:27,12.84,0.01,23,29532,买盘
2547,11:16:24,12.83,-0.02,460,590718,卖盘
2548,11:16:21,12.85,0.01,141,181185,买盘
2549,11:16:18,12.84,-0.01,20,25680,卖盘
2550,11:16:15,12.85,--,233,299405,买盘
2551,11:16:12,12.85,0.01,65,83525,买盘
2552,11:16:09,12.84,-0.01,13,16692,卖盘
2553,11:16:06,12.85,0.01,1,1285,买盘
2554,11:16:03,12.84,-0.01,78,100152,卖盘
2555,11:16:00,12.85,0.01,29,37265,买盘
2556,11:15:57,12.84,--,44,56496,卖盘
2557,11:15:54,12.84,--,4,5136,卖盘
2558,11:15:51,12.84,--,35,44940,卖盘
2559,11:15:48,12.84,--,12,15408,卖盘
2560,11:15:45,12.84,--,34,43656,卖盘
2561,11:15:42,12.84,--,56,72468,卖盘
2562,11:15:39,12.84,--,27,35207,卖盘
2563,11:15:36,12.84,--,107,137388,卖盘
2564,11:15:33,12.84,--,30,38520,卖盘
2565,11:15:30,12.84,--,131,168204,卖盘
2566,11:15:27,12.84,--,18,23112,卖盘
2567,11:15:24,12.84,--,153,196452,卖盘
2568,11:15:21,12.84,-0.01,9,11556,卖盘
2569,11:15:18,12.85,--,149,191465,买盘
2570,11:15:15,12.85,--,40,51400,买盘
2571,11:15:12,12.85,0.01,8,10280,买盘
2572,11:15:09,12.84,--,69,88596,卖盘
2573,11:15:06,12.84,--,46,59064,卖盘
2574,11:15:03,12.84,--,11,14124,卖盘
2575,11:15:00,12.84,-0.01,2,2568,卖盘
2576,11:14:57,12.85,0.01,134,172190,买盘
2577,11:14:54,12.84,--,48,61632,卖盘
2578,11:14:51,12.84,-0.01,29,37236,卖盘
2579,11:14:48,12.85,0.01,38,48830,买盘
2580,11:14:45,12.84,-0.01,292,374928,卖盘
2581,11:14:42,12.85,--,12,15420,买盘
2582,11:14:39,12.85,--,33,42405,买盘
2583,11:14:36,12.85,--,14,17990,买盘
2584,11:14:30,12.85,--,15,19275,买盘
2585,11:14:27,12.85,0.01,28,35980,买盘
2586,11:14:21,12.84,-0.01,200,256800,卖盘
2587,11:14:18,12.85,--,16,20560,卖盘
2588,11:14:15,12.85,--,78,100230,卖盘
2589,11:14:12,12.85,--,23,29555,卖盘
2590,11:14:09,12.85,--,93,119505,卖盘
2591,11:14:06,12.85,--,81,104085,卖盘
2592,11:14:03,12.85,--,70,90875,买盘
2593,11:14:00,12.85,--,491,631294,卖盘
2594,11:13:57,12.85,--,5,6425,卖盘
2595,11:13:51,12.85,-0.01,10,12850,卖盘
2596,11:13:48,12.86,0.01,122,156892,买盘
2597,11:13:45,12.85,-0.01,98,125930,卖盘
2598,11:13:42,12.86,--,160,205760,买盘
2599,11:13:39,12.86,0.01,111,142746,买盘
2600,11:13:36,12.85,--,142,183575,卖盘
2601,11:13:33,12.85,--,58,75635,买盘
2602,11:13:30,12.85,--,242,311638,卖盘
2603,11:13:27,12.85,--,5,6450,卖盘
2604,11:13:24,12.85,-0.01,6,7710,卖盘
2605,11:13:21,12.86,0.01,15,19290,买盘
2606,11:13:18,12.85,--,83,106655,卖盘
2607,11:13:15,12.85,--,38,48830,卖盘
2608,11:13:12,12.85,--,34,43690,卖盘
2609,11:13:09,12.85,--,207,265995,卖盘
2610,11:13:06,12.85,-0.01,36,46260,卖盘
2611,11:13:03,12.86,0.01,7,9002,买盘
2612,11:13:00,12.85,-0.01,184,236440,卖盘
2613,11:12:57,12.86,--,11,14146,买盘
2614,11:12:51,12.86,0.01,38,48868,买盘
2615,11:12:45,12.85,--,48,61680,卖盘
2616,11:12:42,12.85,--,88,113080,卖盘
2617,11:12:39,12.85,--,16,20560,卖盘
2618,11:12:36,12.85,--,18,23130,卖盘
2619,11:12:33,12.85,-0.01,5,6425,卖盘
2620,11:12:30,12.86,0.01,40,52031,买盘
2621,11:12:24,12.85,--,9,11565,买盘
2622,11:12:21,12.85,--,4,5833,卖盘
2623,11:12:18,12.85,--,10,12850,卖盘
2624,11:12:15,12.85,--,54,69390,卖盘
2625,11:12:12,12.85,--,110,141350,卖盘
2626,11:12:09,12.85,--,59,75815,卖盘
2627,11:12:06,12.85,--,19,24415,卖盘
2628,11:12:03,12.85,--,92,118220,卖盘
2629,11:12:00,12.85,--,217,278845,卖盘
2630,11:11:54,12.85,-0.01,16,20560,卖盘
2631,11:11:51,12.86,--,20,25720,买盘
2632,11:11:48,12.86,-0.01,112,144212,卖盘
2633,11:11:45,12.87,0.01,116,150398,买盘
2634,11:11:42,12.86,--,7,9002,买盘
2635,11:11:39,12.86,--,257,330682,卖盘
2636,11:11:36,12.86,-0.01,68,88553,卖盘
2637,11:11:33,12.87,0.01,25,32174,买盘
2638,11:11:27,12.86,--,12,15432,卖盘
2639,11:11:24,12.86,--,42,54012,卖盘
2640,11:11:21,12.86,--,35,45010,卖盘
2641,11:11:18,12.86,--,1,1286,卖盘
2642,11:11:15,12.86,-0.01,74,95164,中性盘
2643,11:11:12,12.87,--,179,230373,买盘
2644,11:11:09,12.87,0.01,116,149292,买盘
2645,11:11:06,12.86,--,15,19290,卖盘
2646,11:11:03,12.86,-0.01,10,12860,卖盘
2647,11:11:00,12.87,0.02,4,5148,买盘
2648,11:10:57,12.85,-0.01,98,125930,卖盘
2649,11:10:54,12.86,0.01,12,15432,买盘
2650,11:10:51,12.85,-0.01,310,398864,卖盘
2651,11:10:48,12.86,--,353,453958,买盘
2652,11:10:45,12.86,--,118,151748,买盘
2653,11:10:42,12.86,0.01,30,38580,买盘
2654,11:10:36,12.85,-0.01,296,380360,卖盘
2655,11:10:33,12.86,0.01,62,79732,买盘
2656,11:10:30,12.85,--,117,150602,卖盘
2657,11:10:27,12.85,--,25,32125,卖盘
2658,11:10:24,12.85,--,20,25700,卖盘
2659,11:10:21,12.85,--,4,5140,卖盘
2660,11:10:18,12.85,--,10,12850,卖盘
2661,11:10:15,12.85,--,8,10280,卖盘
2662,11:10:12,12.85,0.01,404,520245,买盘
2663,11:10:09,12.84,--,2,2568,卖盘
2664,11:10:06,12.84,-0.01,8,10272,卖盘
2665,11:10:03,12.85,--,1,1285,买盘
2666,11:10:00,12.85,0.01,10,12850,买盘
2667,11:09:57,12.84,-0.01,227,291468,卖盘
2668,11:09:54,12.85,--,75,96375,买盘
2669,11:09:51,12.85,0.01,242,310970,买盘
2670,11:09:48,12.84,--,15,19439,卖盘
2671,11:09:45,12.84,-0.01,17,21828,卖盘
2672,11:09:42,12.85,--,23,29555,买盘
2673,11:09:39,12.85,0.01,50,64250,买盘
2674,11:09:36,12.84,--,53,68052,卖盘
2675,11:09:33,12.84,-0.01,88,114096,卖盘
2676,11:09:30,12.85,0.01,36,46260,买盘
2677,11:09:27,12.84,--,849,1090116,买盘
2678,11:09:24,12.84,0.01,6,7704,买盘
2679,11:09:21,12.83,-0.01,12,15396,卖盘
2680,11:09:18,12.84,0.01,17,21828,买盘
2681,11:09:15,12.83,-0.01,23,29509,卖盘
2682,11:09:12,12.84,--,8,10272,买盘
2683,11:09:09,12.84,0.01,27,34668,买盘
2684,11:09:06,12.83,-0.01,75,96225,卖盘
2685,11:09:03,12.84,--,59,75756,买盘
2686,11:09:00,12.84,0.01,11,14124,买盘
2687,11:08:57,12.83,-0.01,12,15396,卖盘
2688,11:08:54,12.84,0.01,9,11556,买盘
2689,11:08:51,12.83,--,6,7698,卖盘
2690,11:08:48,12.83,-0.01,3,3849,卖盘
2691,11:08:45,12.84,0.01,18,23112,买盘
2692,11:08:42,12.83,--,30,38490,卖盘
2693,11:08:39,12.83,0.01,236,303891,买盘
2694,11:08:36,12.82,-0.01,166,212812,卖盘
2695,11:08:33,12.83,--,20,25660,买盘
2696,11:08:30,12.83,--,13,16679,买盘
2697,11:08:27,12.83,0.02,17,21811,买盘
2698,11:08:24,12.81,-0.01,95,121695,卖盘
2699,11:08:21,12.82,--,39,50177,卖盘
2700,11:08:18,12.82,0.01,5,7512,买盘
2701,11:08:15,12.81,-0.01,16,20496,卖盘
2702,11:08:12,12.82,--,8,10256,买盘
2703,11:08:09,12.82,-0.01,87,111713,卖盘
2704,11:08:06,12.83,0.01,10,12830,买盘
2705,11:08:03,12.82,-0.01,35,44870,卖盘
2706,11:08:00,12.83,0.01,36,46188,买盘
2707,11:07:54,12.82,-0.01,103,132046,卖盘
2708,11:07:51,12.83,0.01,513,658179,买盘
2709,11:07:48,12.82,-0.01,4,5128,卖盘
2710,11:07:45,12.83,--,61,78263,买盘
2711,11:07:42,12.83,0.01,34,43622,买盘
2712,11:07:36,12.82,--,18,23076,卖盘
2713,11:07:33,12.82,--,122,156404,卖盘
2714,11:07:30,12.82,--,61,79304,卖盘
2715,11:07:27,12.82,-0.01,80,102560,卖盘
2716,11:07:24,12.83,0.01,50,64150,买盘
2717,11:07:21,12.82,--,13,16666,卖盘
2718,11:07:18,12.82,0.01,741,949962,买盘
2719,11:07:15,12.81,--,6,7686,卖盘
2720,11:07:12,12.81,--,50,64050,卖盘
2721,11:07:09,12.81,-0.01,2,2562,卖盘
2722,11:07:06,12.82,0.01,21,26922,买盘
2723,11:07:03,12.81,--,279,357399,卖盘
2724,11:07:00,12.81,-0.01,80,102480,卖盘
2725,11:06:57,12.82,--,23,29486,买盘
2726,11:06:54,12.82,--,200,256400,买盘
