,time,price,change,volume,amount,type
0,15:00:03,7.52,--,2455,1846160,卖盘
1,14:57:00,7.52,--,0,0,卖盘
2,14:56:57,7.52,-0.01,26,19552,卖盘
3,14:56:54,7.53,0.01,48,36144,买盘
4,14:56:51,7.52,--,169,127238,卖盘
5,14:56:48,7.52,--,36,27072,卖盘
6,14:56:45,7.52,-0.01,58,43616,卖盘
7,14:56:42,7.53,0.01,73,54969,买盘
8,14:56:36,7.52,--,1,752,卖盘
9,14:56:33,7.52,--,25,18800,卖盘
10,14:56:30,7.52,-0.01,14,10528,卖盘
11,14:56:27,7.53,0.01,219,164907,买盘
12,14:56:24,7.52,-0.01,22,16544,卖盘
13,14:56:21,7.53,0.01,54,40662,买盘
14,14:56:18,7.52,-0.01,701,527152,卖盘
15,14:56:15,7.53,0.01,41,30873,买盘
16,14:56:12,7.52,--,729,548599,买盘
17,14:56:09,7.52,--,49,36848,买盘
18,14:56:06,7.52,--,61,45872,买盘
19,14:56:03,7.52,--,381,286512,买盘
20,14:56:00,7.52,--,50,37600,买盘
21,14:55:57,7.52,--,15,11280,买盘
22,14:55:54,7.52,0.01,27,20304,买盘
23,14:55:51,7.51,-0.01,45,33795,卖盘
24,14:55:48,7.52,0.01,137,103024,买盘
25,14:55:45,7.51,-0.01,374,280874,卖盘
26,14:55:42,7.52,--,18,13536,买盘
27,14:55:39,7.52,--,249,187248,买盘
28,14:55:36,7.52,0.01,348,261695,买盘
29,14:55:33,7.51,-0.01,2,1502,卖盘
30,14:55:30,7.52,0.01,66,49632,买盘
31,14:55:27,7.51,-0.01,47,35297,卖盘
32,14:55:24,7.52,--,28,21056,买盘
33,14:55:21,7.52,0.01,17,12784,买盘
34,14:55:18,7.51,--,19,14269,卖盘
35,14:55:15,7.51,-0.01,7,5257,卖盘
36,14:55:12,7.52,0.01,1,752,买盘
37,14:55:09,7.51,-0.01,17,12767,卖盘
38,14:55:06,7.52,0.01,148,111296,买盘
39,14:55:03,7.51,-0.01,20,15020,卖盘
40,14:55:00,7.52,--,166,124832,买盘
41,14:54:57,7.52,0.01,210,157920,买盘
42,14:54:54,7.51,-0.01,51,38301,卖盘
43,14:54:51,7.52,--,49,36848,买盘
44,14:54:48,7.52,0.01,104,78208,买盘
45,14:54:45,7.51,--,253,190003,卖盘
46,14:54:42,7.51,--,112,84112,卖盘
47,14:54:39,7.51,-0.01,116,87116,卖盘
48,14:54:36,7.52,0.01,45,33840,买盘
49,14:54:33,7.51,--,5,3755,卖盘
50,14:54:30,7.51,--,17,12767,卖盘
51,14:54:27,7.51,--,56,42056,卖盘
52,14:54:24,7.51,-0.01,772,579772,卖盘
53,14:54:21,7.52,0.01,1,752,买盘
54,14:54:18,7.51,-0.01,22,16522,卖盘
55,14:54:15,7.52,0.01,6,4512,买盘
56,14:54:12,7.51,-0.01,61,45811,卖盘
57,14:54:09,7.52,0.01,43,32335,买盘
58,14:54:06,7.51,--,20,15020,卖盘
59,14:54:03,7.51,--,106,79606,卖盘
60,14:54:00,7.51,--,2,1502,卖盘
61,14:53:57,7.51,-0.01,10,7510,卖盘
62,14:53:54,7.52,0.01,16,12032,买盘
63,14:53:51,7.51,-0.01,56,42056,卖盘
64,14:53:48,7.52,0.01,7,5264,买盘
65,14:53:45,7.51,-0.01,117,87867,卖盘
66,14:53:42,7.52,--,1,752,买盘
67,14:53:39,7.52,0.01,30,22560,买盘
68,14:53:36,7.51,-0.01,3,2253,卖盘
69,14:53:33,7.52,0.01,23,17296,买盘
70,14:53:30,7.51,-0.01,143,107393,卖盘
71,14:53:27,7.52,--,27,20304,买盘
72,14:53:24,7.52,--,9,6768,买盘
73,14:53:21,7.52,--,87,65423,买盘
74,14:53:18,7.52,--,6,4512,买盘
75,14:53:15,7.52,--,60,45120,买盘
76,14:53:09,7.52,--,27,20304,买盘
77,14:53:06,7.52,--,244,183488,买盘
78,14:53:03,7.52,0.01,16,12032,买盘
79,14:53:00,7.51,-0.01,194,145694,卖盘
80,14:52:57,7.52,--,12,9024,买盘
81,14:52:54,7.52,--,267,200784,买盘
82,14:52:48,7.52,--,15,11280,买盘
83,14:52:45,7.52,--,116,87232,买盘
84,14:52:42,7.52,--,7,5264,买盘
85,14:52:39,7.52,0.01,161,121072,买盘
86,14:52:36,7.51,-0.01,111,83361,卖盘
87,14:52:33,7.52,0.01,213,160176,买盘
88,14:52:30,7.51,-0.01,14,10514,卖盘
89,14:52:27,7.52,0.01,10,7520,买盘
90,14:52:24,7.51,-0.01,153,114903,卖盘
91,14:52:21,7.52,--,12,9024,买盘
92,14:52:18,7.52,--,24,18048,买盘
93,14:52:15,7.52,--,7,5264,买盘
94,14:52:12,7.52,0.01,35,26320,买盘
95,14:52:09,7.51,-0.01,92,69092,卖盘
96,14:52:06,7.52,--,50,37600,买盘
97,14:52:03,7.52,0.01,4,3008,买盘
98,14:52:00,7.51,--,12,9012,卖盘
99,14:51:57,7.51,--,8,6008,卖盘
100,14:51:54,7.51,-0.01,7,5257,卖盘
101,14:51:51,7.52,0.01,36,27072,买盘
102,14:51:48,7.51,-0.01,30,22530,卖盘
103,14:51:45,7.52,0.01,3,2256,买盘
104,14:51:42,7.51,-0.01,16,12016,卖盘
105,14:51:39,7.52,--,32,24064,买盘
106,14:51:36,7.52,0.01,45,33840,买盘
107,14:51:33,7.51,--,343,257593,卖盘
108,14:51:30,7.51,-0.01,7,5257,卖盘
109,14:51:27,7.52,0.01,6,4512,买盘
110,14:51:24,7.51,-0.01,26,19526,卖盘
111,14:51:21,7.52,0.01,101,75952,买盘
112,14:51:18,7.51,--,75,56325,买盘
113,14:51:15,7.51,--,41,30791,买盘
114,14:51:12,7.51,--,310,232810,买盘
115,14:51:09,7.51,--,40,30040,买盘
116,14:51:06,7.51,--,30,22530,买盘
117,14:51:03,7.51,--,720,540720,卖盘
118,14:51:00,7.51,-0.01,20,15020,卖盘
119,14:50:57,7.52,--,132,99264,买盘
120,14:50:54,7.52,0.01,38,28576,买盘
121,14:50:51,7.51,--,100,75100,卖盘
122,14:50:48,7.51,--,3,2253,卖盘
123,14:50:45,7.51,-0.01,13,9763,卖盘
124,14:50:42,7.52,0.01,3,2256,买盘
125,14:50:36,7.51,0.01,3,2253,卖盘
126,14:50:33,7.5,-0.01,81,60750,卖盘
127,14:50:30,7.51,--,333,250083,买盘
128,14:50:27,7.51,--,77,57827,买盘
129,14:50:24,7.51,--,71,53321,买盘
130,14:50:21,7.51,--,114,85614,买盘
131,14:50:18,7.51,0.01,46,34546,买盘
132,14:50:15,7.5,-0.01,192,144000,卖盘
133,14:50:12,7.51,0.01,205,153955,买盘
134,14:50:09,7.5,-0.01,48,36000,卖盘
135,14:50:06,7.51,--,29,21779,买盘
136,14:50:03,7.51,0.01,9,6759,买盘
137,14:50:00,7.5,-0.01,14,10500,卖盘
138,14:49:57,7.51,--,29,21779,买盘
139,14:49:54,7.51,-0.01,154,115654,卖盘
140,14:49:51,7.52,0.01,80,60160,买盘
141,14:49:48,7.51,-0.01,835,627085,卖盘
142,14:49:45,7.52,--,5,3760,买盘
143,14:49:42,7.52,0.01,64,48128,买盘
144,14:49:39,7.51,--,59,44309,卖盘
145,14:49:36,7.51,-0.01,71,53321,卖盘
146,14:49:33,7.52,0.01,106,79712,买盘
147,14:49:30,7.51,--,136,102136,卖盘
148,14:49:27,7.51,--,372,279372,卖盘
149,14:49:24,7.51,-0.01,13,9763,卖盘
150,14:49:21,7.52,0.01,13,9776,买盘
151,14:49:18,7.51,-0.01,57,42807,卖盘
152,14:49:15,7.52,0.01,41,30832,买盘
153,14:49:12,7.51,--,1007,756257,卖盘
154,14:49:09,7.51,--,100,75100,卖盘
155,14:49:06,7.51,--,10,7510,卖盘
156,14:49:03,7.51,--,39,29289,卖盘
157,14:49:00,7.51,-0.01,3,2253,卖盘
158,14:48:57,7.52,--,5,3760,买盘
159,14:48:54,7.52,--,114,85728,买盘
160,14:48:51,7.52,0.01,2744,2063487,买盘
161,14:48:48,7.51,--,22,16522,卖盘
162,14:48:45,7.51,--,46,34546,卖盘
163,14:48:42,7.51,--,10,7510,卖盘
164,14:48:39,7.51,-0.01,67,50317,卖盘
165,14:48:36,7.52,--,22,16544,买盘
166,14:48:33,7.52,0.01,156,117312,买盘
167,14:48:30,7.51,-0.01,134,100634,卖盘
168,14:48:24,7.52,--,11,8272,买盘
169,14:48:21,7.52,--,69,51888,买盘
170,14:48:18,7.52,--,42,31584,买盘
171,14:48:15,7.52,--,16,12032,买盘
172,14:48:09,7.52,0.01,12,9024,买盘
173,14:48:06,7.51,--,238,178738,卖盘
174,14:48:03,7.51,-0.01,14,10514,卖盘
175,14:48:00,7.52,0.01,220,165440,买盘
176,14:47:57,7.51,-0.01,60,45060,卖盘
177,14:47:54,7.52,0.01,37,27824,买盘
178,14:47:51,7.51,--,62,46562,卖盘
179,14:47:48,7.51,--,15,11265,卖盘
180,14:47:45,7.51,-0.01,4,3004,卖盘
181,14:47:42,7.52,--,1,752,买盘
182,14:47:39,7.52,0.01,36,27072,买盘
183,14:47:36,7.51,--,36,27036,卖盘
184,14:47:33,7.51,-0.01,29,21779,卖盘
185,14:47:30,7.52,--,33,24816,买盘
186,14:47:21,7.52,--,48,36096,买盘
187,14:47:18,7.52,0.01,1137,855024,买盘
188,14:47:15,7.51,--,36,27036,卖盘
189,14:47:12,7.51,--,10,7510,卖盘
190,14:47:09,7.51,--,98,73598,卖盘
191,14:47:06,7.51,--,122,91622,卖盘
192,14:47:03,7.51,-0.01,23,17273,卖盘
193,14:47:00,7.52,--,71,53392,买盘
194,14:46:57,7.52,0.01,42,31584,买盘
195,14:46:54,7.51,-0.01,700,525700,卖盘
196,14:46:51,7.52,--,23,17296,买盘
197,14:46:48,7.52,--,23,17296,买盘
198,14:46:45,7.52,--,1,752,买盘
199,14:46:42,7.52,--,16,12032,买盘
200,14:46:39,7.52,0.01,25,18800,买盘
201,14:46:36,7.51,-0.01,7,5257,卖盘
202,14:46:33,7.52,--,19,14288,买盘
203,14:46:30,7.52,0.01,3,2256,买盘
204,14:46:24,7.51,-0.01,2,1502,卖盘
205,14:46:21,7.52,--,27,20304,买盘
206,14:46:18,7.52,--,47,35344,买盘
207,14:46:15,7.52,0.01,410,308320,买盘
208,14:46:09,7.51,--,1,751,卖盘
209,14:46:06,7.51,-0.01,3,2253,卖盘
210,14:46:03,7.52,--,6,4512,买盘
211,14:46:00,7.52,--,35,26320,买盘
212,14:45:51,7.52,0.01,13,9776,买盘
213,14:45:48,7.51,--,6,4506,卖盘
214,14:45:42,7.51,--,4,3004,卖盘
215,14:45:39,7.51,-0.01,33,24783,卖盘
216,14:45:33,7.52,--,29,21808,买盘
217,14:45:30,7.52,--,47,35344,买盘
218,14:45:27,7.52,0.01,3,2256,买盘
219,14:45:24,7.51,-0.01,8,6008,卖盘
220,14:45:21,7.52,--,10,7520,买盘
221,14:45:18,7.52,--,10,7520,买盘
222,14:45:12,7.52,--,32,24064,买盘
223,14:45:09,7.52,-0.01,550,413600,卖盘
224,14:45:06,7.53,0.01,342,257526,买盘
225,14:45:03,7.52,--,4634,3484768,卖盘
226,14:44:57,7.52,-0.01,2,1504,卖盘
227,14:44:51,7.53,0.01,7,5271,买盘
228,14:44:48,7.52,-0.01,19,14288,卖盘
229,14:44:45,7.53,0.01,9,6777,买盘
230,14:44:42,7.52,-0.01,131,98512,卖盘
231,14:44:39,7.53,--,5,3765,买盘
232,14:44:36,7.53,--,26,19578,买盘
233,14:44:33,7.53,--,22,16566,买盘
234,14:44:30,7.53,--,46,34638,买盘
235,14:44:21,7.53,--,1,753,买盘
236,14:44:18,7.53,--,29,21837,买盘
237,14:44:15,7.53,--,8,6024,买盘
238,14:44:12,7.53,--,140,105420,买盘
239,14:44:09,7.53,--,2,1506,买盘
240,14:44:06,7.53,0.01,13,9789,买盘
241,14:44:03,7.52,--,24,18048,卖盘
242,14:44:00,7.52,--,9,6768,卖盘
243,14:43:57,7.52,-0.01,20,15040,卖盘
244,14:43:51,7.53,0.01,1,753,买盘
245,14:43:45,7.52,-0.01,8,6016,卖盘
246,14:43:42,7.53,--,1,753,买盘
247,14:43:36,7.53,--,46,34638,买盘
248,14:43:33,7.53,--,17,12801,买盘
249,14:43:30,7.53,--,40,30120,买盘
250,14:43:27,7.53,--,3,2259,买盘
251,14:43:24,7.53,--,68,51204,买盘
252,14:43:21,7.53,--,16,12048,卖盘
253,14:43:18,7.53,--,39,29367,中性盘
254,14:43:09,7.53,--,25,18825,卖盘
255,14:43:06,7.53,-0.01,6,4518,卖盘
256,14:43:03,7.54,0.01,1,754,买盘
257,14:43:00,7.53,--,2,1506,买盘
258,14:42:57,7.53,--,29,21837,买盘
259,14:42:51,7.53,--,6,4518,买盘
260,14:42:48,7.53,-0.01,16,12048,卖盘
261,14:42:45,7.54,0.01,123,92742,买盘
262,14:42:42,7.53,-0.01,10,7530,卖盘
263,14:42:39,7.54,--,5,3770,买盘
264,14:42:36,7.54,--,96,72384,买盘
265,14:42:33,7.54,0.01,29,21866,买盘
266,14:42:30,7.53,-0.01,15,11295,卖盘
267,14:42:27,7.54,--,211,159094,买盘
268,14:42:24,7.54,--,6,4524,买盘
269,14:42:21,7.54,--,124,93496,买盘
270,14:42:12,7.54,0.01,4,3016,买盘
271,14:42:06,7.53,--,8,6024,卖盘
272,14:42:03,7.53,-0.01,8,6024,卖盘
273,14:41:57,7.54,0.01,3,2262,买盘
274,14:41:54,7.53,-0.01,14,10542,中性盘
275,14:41:51,7.54,0.02,23,17342,买盘
276,14:41:48,7.52,-0.02,555,417360,卖盘
277,14:41:45,7.54,0.01,1,754,买盘
278,14:41:42,7.53,--,35,26355,买盘
279,14:41:39,7.53,--,624,469872,卖盘
280,14:41:36,7.53,-0.01,9,6777,卖盘
281,14:41:33,7.54,--,27,20358,买盘
282,14:41:24,7.54,--,5,3770,买盘
283,14:41:21,7.54,--,121,91234,买盘
284,14:41:15,7.54,--,1,754,买盘
285,14:41:12,7.54,--,15,11310,买盘
286,14:41:09,7.54,--,59,44486,买盘
287,14:41:06,7.54,--,5,3770,买盘
288,14:41:03,7.54,0.01,1,754,买盘
289,14:41:00,7.53,--,6,4518,卖盘
290,14:40:57,7.53,--,18,13554,买盘
291,14:40:54,7.53,--,65,48945,买盘
292,14:40:51,7.53,--,14,10542,买盘
293,14:40:48,7.53,-0.01,247,185991,卖盘
294,14:40:45,7.54,0.01,5,3770,买盘
295,14:40:42,7.53,0.01,106,79818,买盘
296,14:40:39,7.52,-0.01,258,194016,卖盘
297,14:40:36,7.53,-0.01,74,55722,卖盘
298,14:40:33,7.54,0.01,13,9802,买盘
299,14:40:30,7.53,-0.01,20,15060,卖盘
300,14:40:27,7.54,--,19,14326,买盘
301,14:40:24,7.54,--,6,4524,买盘
302,14:40:21,7.54,--,107,80678,买盘
303,14:40:18,7.54,0.01,128,96512,买盘
304,14:40:15,7.53,-0.01,200,150600,卖盘
305,14:40:09,7.54,0.01,76,57304,买盘
306,14:40:06,7.53,--,404,304212,卖盘
307,14:40:03,7.53,--,21,15813,卖盘
308,14:40:00,7.53,--,24,18072,卖盘
309,14:39:45,7.53,-0.01,45,33885,卖盘
310,14:39:39,7.54,--,11,8294,买盘
311,14:39:36,7.54,0.01,13,9802,买盘
312,14:39:33,7.53,--,133,100149,卖盘
313,14:39:30,7.53,-0.01,58,43674,卖盘
314,14:39:27,7.54,--,11,8294,买盘
315,14:39:21,7.54,--,26,19604,买盘
316,14:39:18,7.54,--,130,98020,买盘
317,14:39:15,7.54,0.01,54,40716,买盘
318,14:39:06,7.53,--,7,5271,卖盘
319,14:39:03,7.53,-0.01,6,4518,卖盘
320,14:39:00,7.54,0.01,6,4524,买盘
321,14:38:57,7.53,-0.01,85,64005,卖盘
322,14:38:54,7.54,0.01,1,754,买盘
323,14:38:45,7.53,-0.01,4,3012,卖盘
324,14:38:42,7.54,--,1,754,买盘
325,14:38:39,7.54,--,1,754,买盘
326,14:38:36,7.54,--,5,3770,买盘
327,14:38:33,7.54,0.01,102,76908,买盘
328,14:38:30,7.53,0.01,69,51957,买盘
329,14:38:27,7.52,-0.02,1218,915936,卖盘
330,14:38:21,7.54,--,5,3770,买盘
331,14:38:18,7.54,--,64,48256,买盘
332,14:38:15,7.54,--,117,88218,买盘
333,14:38:12,7.54,0.01,37,27898,买盘
334,14:38:09,7.53,--,64,48192,卖盘
335,14:38:06,7.53,-0.01,4,3012,卖盘
336,14:38:03,7.54,--,1,754,买盘
337,14:37:57,7.54,0.01,6,4524,买盘
338,14:37:54,7.53,-0.01,10,7530,卖盘
339,14:37:42,7.54,--,5,3770,买盘
340,14:37:39,7.54,0.01,102,76908,买盘
341,14:37:36,7.53,-0.01,8,6024,卖盘
342,14:37:33,7.54,--,111,83694,买盘
343,14:37:30,7.54,--,133,100282,买盘
344,14:37:24,7.54,--,11,8294,买盘
345,14:37:21,7.54,--,1,754,买盘
346,14:37:18,7.54,--,67,50518,买盘
347,14:37:15,7.54,0.01,112,84448,买盘
348,14:37:12,7.53,-0.01,69,51957,卖盘
349,14:37:09,7.54,0.01,11,8294,买盘
350,14:37:06,7.53,--,65,48945,卖盘
351,14:37:03,7.53,--,2,1506,卖盘
352,14:36:57,7.53,--,10,7530,卖盘
353,14:36:51,7.53,--,6,4518,卖盘
354,14:36:48,7.53,-0.01,5,3765,卖盘
355,14:36:42,7.54,0.01,1,754,买盘
356,14:36:39,7.53,--,13,9789,卖盘
357,14:36:36,7.53,--,10,7530,卖盘
358,14:36:33,7.53,--,4,3012,卖盘
359,14:36:30,7.53,-0.01,76,57228,卖盘
360,14:36:27,7.54,0.01,6,4524,买盘
361,14:36:24,7.53,--,122,91866,买盘
362,14:36:21,7.53,--,56,42168,买盘
363,14:36:18,7.53,--,9,6777,买盘
364,14:36:15,7.53,-0.01,82,61746,卖盘
365,14:36:12,7.54,0.01,116,87464,买盘
366,14:36:09,7.53,0.01,38,28614,买盘
367,14:36:06,7.52,--,1,752,卖盘
368,14:36:03,7.52,-0.01,24,18048,卖盘
369,14:36:00,7.53,-0.01,278,209334,卖盘
370,14:35:57,7.54,--,55,41470,买盘
371,14:35:54,7.54,--,11,8294,买盘
372,14:35:51,7.54,0.01,26,19604,买盘
373,14:35:48,7.53,--,49,36897,卖盘
374,14:35:42,7.53,-0.01,19,14307,卖盘
375,14:35:39,7.54,--,54,40716,买盘
376,14:35:33,7.54,0.01,5,3770,买盘
377,14:35:30,7.53,-0.01,38,28614,卖盘
378,14:35:27,7.54,0.01,14,10556,买盘
379,14:35:24,7.53,--,19,14307,卖盘
380,14:35:21,7.53,-0.01,34,25602,卖盘
381,14:35:18,7.54,0.01,142,107068,买盘
382,14:35:15,7.53,-0.01,17,12801,卖盘
383,14:35:12,7.54,--,141,106314,买盘
384,14:35:09,7.54,0.01,5,3770,买盘
385,14:35:06,7.53,--,8,6024,卖盘
386,14:35:03,7.53,--,95,71535,卖盘
387,14:35:00,7.53,0.01,10,7530,买盘
388,14:34:57,7.52,-0.02,30,22560,卖盘
389,14:34:51,7.54,--,66,49764,买盘
390,14:34:48,7.54,0.01,137,103298,买盘
391,14:34:42,7.53,--,88,66264,买盘
392,14:34:39,7.53,--,11,8283,买盘
393,14:34:33,7.53,--,4,3012,买盘
394,14:34:30,7.53,--,30,22590,买盘
395,14:34:27,7.53,0.01,43,32379,买盘
396,14:34:24,7.52,-0.01,77,57904,卖盘
397,14:34:21,7.53,--,5,3765,买盘
398,14:34:18,7.53,--,62,46686,买盘
399,14:34:15,7.53,--,121,91113,买盘
400,14:34:12,7.53,--,41,30873,买盘
401,14:34:09,7.53,0.01,122,91866,买盘
402,14:34:06,7.52,--,62,46624,卖盘
403,14:34:03,7.52,-0.01,5,3760,卖盘
404,14:34:00,7.53,0.01,24,18072,买盘
405,14:33:57,7.52,-0.01,405,304560,卖盘
406,14:33:54,7.53,0.01,29,21837,买盘
407,14:33:51,7.52,-0.01,447,336144,卖盘
408,14:33:45,7.53,--,54,40662,买盘
409,14:33:42,7.53,--,6,4518,买盘
410,14:33:39,7.53,--,2,1506,买盘
411,14:33:36,7.53,--,20,15060,买盘
412,14:33:33,7.53,--,10,7530,买盘
413,14:33:30,7.53,--,44,33132,买盘
414,14:33:27,7.53,--,19,14307,买盘
415,14:33:24,7.53,--,65,48945,买盘
416,14:33:21,7.53,--,219,164907,买盘
417,14:33:18,7.53,--,2,1506,买盘
418,14:33:15,7.53,0.01,43,32379,买盘
419,14:33:12,7.52,--,12,9024,卖盘
420,14:33:09,7.52,--,142,106784,卖盘
421,14:33:06,7.52,--,1,752,卖盘
422,14:33:03,7.52,-0.01,66,49632,卖盘
423,14:33:00,7.53,--,95,71535,买盘
424,14:32:57,7.53,--,7,5271,买盘
425,14:32:54,7.53,--,15,11295,买盘
426,14:32:51,7.53,--,200,150600,买盘
427,14:32:48,7.53,--,54,40662,买盘
428,14:32:45,7.53,--,1,753,买盘
429,14:32:42,7.53,--,1,753,买盘
430,14:32:39,7.53,--,29,21837,买盘
431,14:32:36,7.53,--,9,6777,买盘
432,14:32:33,7.53,--,18,13554,买盘
433,14:32:21,7.53,--,7,5271,买盘
434,14:32:18,7.53,--,20,15060,买盘
435,14:32:09,7.53,--,54,40662,买盘
436,14:32:06,7.53,--,410,308730,买盘
437,14:32:03,7.53,0.01,9,6777,买盘
438,14:32:00,7.52,--,1,752,卖盘
439,14:31:57,7.52,-0.01,12,9024,卖盘
440,14:31:51,7.53,0.01,17,12801,买盘
441,14:31:45,7.52,-0.01,21,15792,卖盘
442,14:31:42,7.53,--,148,111444,买盘
443,14:31:39,7.53,0.01,58,43674,买盘
444,14:31:36,7.52,--,14,10528,卖盘
445,14:31:33,7.52,--,28,21056,卖盘
446,14:31:27,7.52,--,12,9024,卖盘
447,14:31:24,7.52,-0.01,19,14288,卖盘
448,14:31:21,7.53,--,12,9036,买盘
449,14:31:18,7.53,--,17,12801,买盘
450,14:31:15,7.53,--,6,4518,买盘
451,14:31:12,7.53,--,37,27861,买盘
452,14:31:09,7.53,--,63,47439,买盘
453,14:31:06,7.53,0.01,112,84336,买盘
454,14:31:03,7.52,-0.01,7,5264,卖盘
455,14:31:00,7.53,--,9,6777,买盘
456,14:30:57,7.53,0.01,30,22590,买盘
457,14:30:54,7.52,-0.01,19,14288,卖盘
458,14:30:51,7.53,--,44,33132,买盘
459,14:30:45,7.53,--,7,5271,买盘
460,14:30:42,7.53,--,62,46686,买盘
461,14:30:39,7.53,0.01,1,753,买盘
462,14:30:30,7.52,--,22,16544,卖盘
463,14:30:27,7.52,-0.01,18,13536,卖盘
464,14:30:24,7.53,--,28,21084,买盘
465,14:30:21,7.53,0.01,7,5271,买盘
466,14:30:18,7.52,-0.01,76,57152,卖盘
467,14:30:15,7.53,0.01,39,29367,买盘
468,14:30:12,7.52,--,100,75200,卖盘
469,14:30:09,7.52,-0.01,22,16544,卖盘
470,14:30:06,7.53,0.01,30,22590,买盘
471,14:30:03,7.52,--,201,151152,卖盘
472,14:30:00,7.52,--,19,14288,卖盘
473,14:29:57,7.52,-0.01,4,3008,卖盘
474,14:29:51,7.53,0.01,29,21837,买盘
475,14:29:48,7.52,-0.01,4,3008,卖盘
476,14:29:45,7.53,--,19,14307,买盘
477,14:29:42,7.53,0.01,171,128763,买盘
478,14:29:36,7.52,-0.01,33,24816,卖盘
479,14:29:30,7.53,--,1,753,买盘
480,14:29:24,7.53,0.01,28,21084,买盘
481,14:29:21,7.52,-0.01,21,15792,卖盘
482,14:29:18,7.53,--,107,80571,买盘
483,14:29:15,7.53,0.01,10,7530,买盘
484,14:29:12,7.52,-0.01,110,82720,卖盘
485,14:29:09,7.53,0.01,12,9036,买盘
486,14:29:06,7.52,-0.01,25,18800,卖盘
487,14:29:03,7.53,0.01,319,240207,买盘
488,14:29:00,7.52,-0.01,68,51136,卖盘
489,14:28:57,7.53,--,5,3765,买盘
490,14:28:54,7.53,0.01,76,57228,买盘
491,14:28:51,7.52,--,7,5264,卖盘
492,14:28:45,7.52,-0.01,2,1504,卖盘
493,14:28:42,7.53,--,1,753,买盘
494,14:28:39,7.53,--,9,6777,买盘
495,14:28:36,7.53,--,7,5271,买盘
496,14:28:33,7.53,--,59,44427,买盘
497,14:28:30,7.53,--,14,10542,买盘
498,14:28:21,7.53,--,2,1506,买盘
499,14:28:18,7.53,0.01,2,1506,买盘
500,14:28:12,7.52,--,17,12784,卖盘
501,14:28:09,7.52,--,1,752,卖盘
502,14:28:06,7.52,--,19,14288,卖盘
503,14:28:03,7.52,-0.01,18,13536,卖盘
504,14:28:00,7.53,0.01,149,112197,买盘
505,14:27:57,7.52,-0.01,10,7520,卖盘
506,14:27:54,7.53,0.01,29,21837,买盘
507,14:27:48,7.52,--,12,9024,卖盘
508,14:27:45,7.52,-0.01,54,40608,卖盘
509,14:27:42,7.53,0.01,82,61746,买盘
510,14:27:39,7.52,--,500,376000,卖盘
511,14:27:36,7.52,-0.01,9,6768,卖盘
512,14:27:33,7.53,--,34,25602,买盘
513,14:27:30,7.53,--,60,45180,买盘
514,14:27:27,7.53,0.01,20,15060,买盘
515,14:27:24,7.52,--,379,285008,卖盘
516,14:27:21,7.52,-0.01,329,247408,卖盘
517,14:27:18,7.53,0.01,114,85842,买盘
518,14:27:15,7.52,--,9,6768,卖盘
519,14:27:09,7.52,--,17,12784,卖盘
520,14:27:06,7.52,--,2,1504,卖盘
521,14:27:03,7.52,--,59,44368,卖盘
522,14:27:00,7.52,--,34,25568,卖盘
523,14:26:57,7.52,-0.01,62,46624,卖盘
524,14:26:54,7.53,--,74,55722,买盘
525,14:26:51,7.53,--,6,4518,买盘
526,14:26:48,7.53,--,16,12048,买盘
527,14:26:45,7.53,--,119,89607,买盘
528,14:26:42,7.53,--,1,753,买盘
529,14:26:39,7.53,--,20,15060,买盘
530,14:26:33,7.53,0.01,4,3012,买盘
531,14:26:30,7.52,-0.01,57,42864,卖盘
532,14:26:27,7.53,--,361,271833,买盘
533,14:26:24,7.53,--,186,140058,买盘
534,14:26:21,7.53,--,6,4518,买盘
535,14:26:18,7.53,--,102,76806,买盘
536,14:26:15,7.53,--,20,15060,买盘
537,14:26:12,7.53,--,124,93372,买盘
538,14:26:09,7.53,0.01,61,45933,买盘
539,14:26:06,7.52,-0.01,27,20304,卖盘
540,14:26:03,7.53,--,75,56475,买盘
541,14:26:00,7.53,--,26,19578,买盘
542,14:25:57,7.53,0.01,136,102408,买盘
543,14:25:54,7.52,-0.01,424,318848,卖盘
544,14:25:51,7.53,--,33,24849,买盘
545,14:25:48,7.53,0.01,30,22590,买盘
546,14:25:45,7.52,-0.01,2,1504,卖盘
547,14:25:42,7.53,--,50,37650,买盘
548,14:25:39,7.53,0.01,58,43674,买盘
549,14:25:36,7.52,-0.01,1,752,卖盘
550,14:25:33,7.53,--,19,14307,买盘
551,14:25:21,7.53,--,1,753,买盘
552,14:25:18,7.53,0.01,17,12801,买盘
553,14:25:09,7.52,--,1,752,卖盘
554,14:25:06,7.52,-0.01,12,9024,卖盘
555,14:25:03,7.53,0.01,179,134787,买盘
556,14:25:00,7.52,--,9,6768,卖盘
557,14:24:57,7.52,-0.01,129,97008,卖盘
558,14:24:54,7.53,0.01,17,12801,买盘
559,14:24:51,7.52,-0.01,34,25568,卖盘
560,14:24:48,7.53,0.01,4,3012,买盘
561,14:24:45,7.52,-0.01,7,5264,卖盘
562,14:24:42,7.53,--,2,1506,买盘
563,14:24:36,7.53,--,10,7530,买盘
564,14:24:33,7.53,--,4,3012,买盘
565,14:24:30,7.53,--,15,11295,买盘
566,14:24:27,7.53,--,17,12801,买盘
567,14:24:18,7.53,--,2,1506,买盘
568,14:24:15,7.53,--,65,48945,买盘
569,14:24:12,7.53,0.01,8,6024,买盘
570,14:24:09,7.52,-0.01,100,75200,卖盘
571,14:24:06,7.53,0.01,9,6777,买盘
572,14:24:03,7.52,--,19,14288,卖盘
573,14:24:00,7.52,-0.01,8,6016,卖盘
574,14:23:57,7.53,--,21,15813,买盘
575,14:23:54,7.53,--,113,85089,买盘
576,14:23:51,7.53,--,8,6024,买盘
577,14:23:48,7.53,--,100,75300,买盘
578,14:23:45,7.53,--,5,3765,买盘
579,14:23:42,7.53,--,11,8283,买盘
580,14:23:39,7.53,0.01,2,1506,买盘
581,14:23:36,7.52,-0.01,10,7520,卖盘
582,14:23:33,7.53,--,25,18825,买盘
583,14:23:30,7.53,--,151,113703,买盘
584,14:23:27,7.53,--,15,11295,买盘
585,14:23:18,7.53,--,2,1506,买盘
586,14:23:15,7.53,--,33,24849,买盘
587,14:23:12,7.53,0.01,231,173943,买盘
588,14:23:06,7.52,-0.01,20,15040,卖盘
589,14:23:03,7.53,--,19,14307,买盘
590,14:23:00,7.53,0.01,30,22590,买盘
591,14:22:57,7.52,-0.01,53,39856,卖盘
592,14:22:54,7.53,0.01,122,91866,买盘
593,14:22:48,7.52,--,13,9776,卖盘
594,14:22:45,7.52,--,100,75200,卖盘
595,14:22:42,7.52,-0.01,1,752,卖盘
596,14:22:39,7.53,--,12,9036,买盘
597,14:22:33,7.53,--,36,27108,买盘
598,14:22:30,7.53,--,5,3765,买盘
599,14:22:27,7.53,--,45,33885,买盘
600,14:22:24,7.53,--,47,35391,买盘
601,14:22:21,7.53,0.01,6,4518,买盘
602,14:22:18,7.52,--,51,38352,卖盘
603,14:22:15,7.52,-0.01,37,27824,卖盘
604,14:22:12,7.53,--,17,12801,买盘
605,14:22:09,7.53,0.01,326,245478,买盘
606,14:22:06,7.52,-0.01,55,41360,卖盘
607,14:22:03,7.53,--,27,20331,买盘
608,14:22:00,7.53,--,50,37650,买盘
609,14:21:54,7.53,--,10,7530,买盘
610,14:21:51,7.53,--,112,84336,买盘
611,14:21:42,7.53,0.01,1,753,买盘
612,14:21:39,7.52,-0.01,2,1504,卖盘
613,14:21:33,7.53,--,21,15813,买盘
614,14:21:30,7.53,--,52,39156,买盘
615,14:21:27,7.53,--,5,3765,买盘
616,14:21:24,7.53,--,18,13554,买盘
617,14:21:15,7.53,--,70,52710,买盘
618,14:21:12,7.53,0.01,9,6777,买盘
619,14:21:09,7.52,--,86,64671,卖盘
620,14:21:06,7.52,--,70,52640,卖盘
621,14:21:03,7.52,-0.01,138,103776,卖盘
622,14:21:00,7.53,0.01,15,11295,买盘
623,14:20:54,7.52,-0.01,13,9776,卖盘
624,14:20:51,7.53,0.01,118,88854,买盘
625,14:20:48,7.52,--,45,33840,卖盘
626,14:20:45,7.52,--,35,26320,卖盘
627,14:20:39,7.52,--,4,3008,卖盘
628,14:20:36,7.52,--,1,752,卖盘
629,14:20:33,7.52,-0.01,48,36096,卖盘
630,14:20:30,7.53,--,55,41415,买盘
631,14:20:27,7.53,--,15,11295,买盘
632,14:20:24,7.53,--,56,42168,买盘
633,14:20:21,7.53,--,51,38403,买盘
634,14:20:18,7.53,--,1,753,买盘
635,14:20:09,7.53,0.01,43,32379,买盘
636,14:20:06,7.52,--,3,2256,卖盘
637,14:20:03,7.52,-0.01,48,36096,卖盘
638,14:20:00,7.53,0.01,443,333579,买盘
639,14:19:57,7.52,-0.01,25,18800,卖盘
640,14:19:54,7.53,--,9,6777,买盘
641,14:19:51,7.53,0.01,112,84336,买盘
642,14:19:39,7.52,--,7,5264,卖盘
643,14:19:33,7.52,--,36,27072,卖盘
644,14:19:30,7.52,-0.01,19,14288,卖盘
645,14:19:27,7.53,--,5,3765,买盘
646,14:19:24,7.53,--,15,11295,买盘
647,14:19:21,7.53,0.01,1,753,买盘
648,14:19:15,7.52,-0.01,4,3008,卖盘
649,14:19:12,7.53,--,64,48192,买盘
650,14:19:06,7.53,0.01,5,3765,买盘
651,14:19:03,7.52,-0.01,3,2256,卖盘
652,14:19:00,7.53,0.01,1,753,买盘
653,14:18:51,7.52,-0.01,14,10528,卖盘
654,14:18:48,7.53,0.01,112,84336,买盘
655,14:18:45,7.52,-0.01,1,752,卖盘
656,14:18:42,7.53,--,1,753,买盘
657,14:18:36,7.53,--,1,753,买盘
658,14:18:33,7.53,--,31,23343,买盘
659,14:18:30,7.53,--,9,6777,买盘
660,14:18:27,7.53,--,147,110691,买盘
661,14:18:24,7.53,0.01,28,21084,买盘
662,14:18:21,7.52,-0.01,203,152656,卖盘
663,14:18:15,7.53,0.01,10,7530,买盘
664,14:18:06,7.52,--,2,1504,卖盘
665,14:18:03,7.52,-0.01,4,3008,卖盘
666,14:17:57,7.53,--,24,18072,买盘
667,14:17:51,7.53,0.01,11,8283,买盘
668,14:17:48,7.52,-0.01,121,90992,卖盘
669,14:17:45,7.53,--,1,753,买盘
670,14:17:42,7.53,--,6,4518,买盘
671,14:17:39,7.53,--,17,12801,买盘
672,14:17:36,7.53,--,300,225900,买盘
673,14:17:33,7.53,--,7,5271,买盘
674,14:17:30,7.53,0.01,22,16566,买盘
675,14:17:27,7.52,-0.01,291,218832,卖盘
676,14:17:24,7.53,--,15,11295,买盘
677,14:17:21,7.53,--,1,753,买盘
678,14:17:18,7.53,--,3,2259,买盘
679,14:17:15,7.53,--,1,753,买盘
680,14:17:06,7.53,0.01,5,3765,买盘
681,14:17:03,7.52,-0.01,19,14288,卖盘
682,14:16:57,7.53,0.01,6,4518,中性盘
683,14:16:48,7.52,-0.02,15,11280,卖盘
684,14:16:45,7.54,--,218,164372,买盘
685,14:16:39,7.54,--,1,754,买盘
686,14:16:36,7.54,0.01,35,26390,买盘
687,14:16:33,7.53,-0.01,6,4518,卖盘
688,14:16:30,7.54,0.01,5,3770,买盘
689,14:16:27,7.53,-0.01,4,3012,卖盘
690,14:16:24,7.54,--,14,10556,买盘
691,14:16:21,7.54,--,68,51272,买盘
692,14:16:18,7.54,0.01,7,5278,买盘
693,14:16:15,7.53,--,70,52710,卖盘
694,14:16:06,7.53,-0.01,1,753,卖盘
695,14:16:03,7.54,0.01,10,7540,买盘
696,14:15:57,7.53,-0.01,15,11295,卖盘
697,14:15:48,7.54,--,12,9048,买盘
698,14:15:45,7.54,--,112,84448,买盘
699,14:15:42,7.54,--,7,5278,买盘
700,14:15:39,7.54,0.01,21,15834,买盘
701,14:15:36,7.53,-0.01,55,41415,卖盘
702,14:15:30,7.54,--,1,754,买盘
703,14:15:27,7.54,--,15,11310,买盘
704,14:15:24,7.54,0.01,16,12064,买盘
705,14:15:21,7.53,--,270,203310,卖盘
706,14:15:18,7.53,-0.01,49,36897,卖盘
707,14:15:15,7.54,0.01,100,75400,买盘
708,14:15:12,7.53,--,6,4518,卖盘
709,14:15:06,7.53,--,1,753,卖盘
710,14:15:03,7.53,-0.01,9,6777,卖盘
711,14:15:00,7.54,--,2,1508,买盘
712,14:14:51,7.54,0.01,5,3770,买盘
713,14:14:48,7.53,-0.01,117,88101,卖盘
714,14:14:45,7.54,--,112,84448,买盘
715,14:14:42,7.54,0.01,1,754,买盘
716,14:14:39,7.53,--,14,10542,卖盘
717,14:14:36,7.53,--,10,7530,卖盘
718,14:14:30,7.53,-0.01,22,16566,卖盘
719,14:14:27,7.54,0.01,23,17342,买盘
720,14:14:24,7.53,-0.01,106,79818,卖盘
721,14:14:21,7.54,--,1,754,买盘
722,14:14:18,7.54,0.01,2,1508,买盘
723,14:14:15,7.53,--,33,24849,卖盘
724,14:14:09,7.53,-0.01,15,11295,卖盘
725,14:14:06,7.54,0.01,112,84448,买盘
726,14:14:03,7.53,-0.01,5,3765,卖盘
727,14:14:00,7.54,--,2,1508,买盘
728,14:13:54,7.54,0.01,47,35438,买盘
729,14:13:51,7.53,-0.01,200,150600,卖盘
730,14:13:48,7.54,--,1,754,买盘
731,14:13:45,7.54,--,9,6786,买盘
732,14:13:42,7.54,--,114,85956,买盘
733,14:13:39,7.54,0.01,45,33930,买盘
734,14:13:30,7.53,-0.01,39,29367,卖盘
735,14:13:27,7.54,0.01,523,394342,买盘
736,14:13:24,7.53,-0.01,443,333579,卖盘
737,14:13:21,7.54,--,401,302354,买盘
738,14:13:18,7.54,--,2,1508,买盘
739,14:13:12,7.54,0.01,6,4524,买盘
740,14:13:09,7.53,-0.01,116,87348,卖盘
741,14:13:06,7.54,0.01,11,8294,买盘
742,14:13:03,7.53,-0.01,134,100902,卖盘
743,14:13:00,7.54,0.01,2,1508,买盘
744,14:12:57,7.53,--,1,753,卖盘
745,14:12:51,7.53,-0.01,3,2259,卖盘
746,14:12:48,7.54,0.01,97,73138,买盘
747,14:12:45,7.53,-0.01,1814,1365942,卖盘
748,14:12:42,7.54,--,113,85202,买盘
749,14:12:39,7.54,--,11,8294,买盘
750,14:12:36,7.54,0.01,164,123656,买盘
751,14:12:33,7.53,-0.01,230,173190,卖盘
752,14:12:30,7.54,0.01,2,1508,买盘
753,14:12:12,7.53,--,3,2259,卖盘
754,14:12:09,7.53,--,18,13554,卖盘
755,14:12:03,7.53,-0.01,26,19578,卖盘
756,14:12:00,7.54,--,114,85956,买盘
757,14:11:57,7.54,--,30,22620,买盘
758,14:11:45,7.54,0.01,45,33930,买盘
759,14:11:42,7.53,-0.01,10,7530,卖盘
760,14:11:39,7.54,--,112,84448,买盘
761,14:11:36,7.54,0.01,9,6786,买盘
762,14:11:33,7.53,--,120,90360,卖盘
763,14:11:24,7.53,-0.01,10,7530,卖盘
764,14:11:21,7.54,0.01,31,23374,买盘
765,14:11:18,7.53,-0.01,10,7530,卖盘
766,14:11:12,7.54,0.01,25,18850,买盘
767,14:11:09,7.53,0.01,455,342878,买盘
768,14:11:06,7.52,-0.01,1,752,卖盘
769,14:11:03,7.53,--,17,12801,买盘
770,14:11:00,7.53,--,112,84336,买盘
771,14:10:51,7.53,--,5,3765,买盘
772,14:10:42,7.53,--,76,57228,买盘
773,14:10:39,7.53,--,112,84336,买盘
774,14:10:30,7.53,0.01,2,1506,买盘
775,14:10:24,7.52,-0.01,27,20304,卖盘
776,14:10:21,7.53,--,1,753,买盘
777,14:10:12,7.53,--,5,3765,买盘
778,14:10:09,7.53,0.01,1,753,买盘
779,14:10:06,7.52,--,1,752,卖盘
780,14:10:03,7.52,--,22,16544,卖盘
781,14:10:00,7.52,--,90,67680,卖盘
782,14:09:57,7.52,--,79,59408,卖盘
783,14:09:54,7.52,--,189,142128,卖盘
784,14:09:51,7.52,-0.01,1,752,卖盘
785,14:09:48,7.53,--,45,33885,买盘
786,14:09:42,7.53,--,10,7530,买盘
787,14:09:39,7.53,0.01,112,84336,买盘
788,14:09:36,7.52,-0.01,7,5264,卖盘
789,14:09:21,7.53,0.01,10,7530,买盘
790,14:09:15,7.52,--,10,7520,卖盘
791,14:09:09,7.52,--,5,3760,卖盘
792,14:09:06,7.52,--,3,2256,卖盘
793,14:09:03,7.52,-0.01,7,5264,卖盘
794,14:09:00,7.53,--,17,12801,买盘
795,14:08:57,7.53,0.01,118,88854,买盘
796,14:08:54,7.52,-0.01,53,39856,卖盘
797,14:08:42,7.53,--,55,41415,买盘
798,14:08:39,7.53,--,9,6777,买盘
799,14:08:36,7.53,0.01,119,89607,买盘
800,14:08:33,7.52,--,10,7520,卖盘
801,14:08:30,7.52,--,1,752,卖盘
802,14:08:24,7.52,-0.01,1,752,卖盘
803,14:08:21,7.53,--,1,753,买盘
804,14:08:15,7.53,0.01,6,4518,买盘
805,14:08:09,7.52,--,1,752,卖盘
806,14:08:06,7.52,--,23,17296,卖盘
807,14:08:03,7.52,--,9,6768,卖盘
808,14:08:00,7.52,-0.01,5,3760,卖盘
809,14:07:57,7.53,--,11,8283,买盘
810,14:07:54,7.53,--,112,84336,买盘
811,14:07:51,7.53,--,2,1506,买盘
812,14:07:48,7.53,0.01,41,30873,买盘
813,14:07:45,7.52,--,10,7520,卖盘
814,14:07:42,7.52,-0.01,8,6016,卖盘
815,14:07:39,7.53,0.01,13,9789,买盘
816,14:07:36,7.52,-0.01,167,125584,卖盘
817,14:07:33,7.53,0.01,1,753,买盘
818,14:07:30,7.52,-0.01,1,752,卖盘
819,14:07:27,7.53,--,40,30609,卖盘
820,14:07:24,7.53,--,9,7040,买盘
821,14:07:21,7.53,0.01,93,70029,买盘
822,14:07:18,7.52,-0.01,4,3008,卖盘
823,14:07:15,7.53,--,3,2259,买盘
824,14:07:12,7.53,--,49,36897,买盘
825,14:07:09,7.53,0.01,50,37650,买盘
826,14:07:06,7.52,-0.01,935,703608,卖盘
827,14:07:03,7.53,-0.01,1514,1140042,卖盘
828,14:06:57,7.54,--,34,25636,买盘
829,14:06:54,7.54,0.01,122,91988,买盘
830,14:06:51,7.53,-0.01,72,54216,卖盘
831,14:06:45,7.54,--,32,24128,买盘
832,14:06:42,7.54,--,596,449384,买盘
833,14:06:39,7.54,--,1,754,买盘
834,14:06:36,7.54,--,6,4524,买盘
835,14:06:33,7.54,--,118,88972,买盘
836,14:06:30,7.54,0.01,19,14326,买盘
837,14:06:27,7.53,--,60,45180,卖盘
838,14:06:24,7.53,--,19,14307,卖盘
839,14:06:21,7.53,-0.01,10,7530,卖盘
840,14:06:18,7.54,--,41,30914,买盘
841,14:06:09,7.54,0.01,51,38454,买盘
842,14:06:06,7.53,--,4,3012,卖盘
843,14:06:03,7.53,--,17,12801,卖盘
844,14:05:57,7.53,-0.01,7,5271,卖盘
845,14:05:54,7.54,0.01,65,49010,买盘
846,14:05:51,7.53,--,102,76806,卖盘
847,14:05:45,7.53,--,21,15813,卖盘
848,14:05:42,7.53,-0.01,50,37650,卖盘
849,14:05:39,7.54,--,2,1508,买盘
850,14:05:36,7.54,0.01,14,10556,买盘
851,14:05:33,7.53,-0.01,172,129516,卖盘
852,14:05:30,7.54,0.01,16,12064,买盘
853,14:05:27,7.53,-0.01,261,196533,卖盘
854,14:05:21,7.54,0.01,22,16588,买盘
855,14:05:06,7.53,--,12,9036,卖盘
856,14:05:03,7.53,-0.01,6,4518,卖盘
857,14:05:00,7.54,--,6,4524,买盘
858,14:04:57,7.54,0.01,45,33930,买盘
859,14:04:54,7.53,-0.01,68,51204,卖盘
860,14:04:51,7.54,0.01,133,100282,买盘
861,14:04:48,7.53,--,332,249996,卖盘
862,14:04:45,7.53,-0.01,2,1506,卖盘
863,14:04:42,7.54,--,22,16588,买盘
864,14:04:36,7.54,--,18,13572,买盘
865,14:04:33,7.54,--,115,86710,买盘
866,14:04:30,7.54,--,11,8294,买盘
867,14:04:27,7.54,0.01,211,159094,买盘
868,14:04:24,7.53,--,219,164907,卖盘
869,14:04:21,7.53,-0.01,127,95894,卖盘
870,14:04:18,7.54,0.01,3,2262,买盘
871,14:04:15,7.53,-0.01,5,3765,卖盘
872,14:04:09,7.54,0.01,31,23374,买盘
873,14:04:06,7.53,--,218,164154,卖盘
874,14:04:03,7.53,--,12,9036,卖盘
875,14:03:57,7.53,-0.01,22,16566,卖盘
876,14:03:54,7.54,0.01,17,12818,买盘
877,14:03:51,7.53,-0.01,312,234936,卖盘
878,14:03:42,7.54,--,2,1508,买盘
879,14:03:39,7.54,--,5,3770,买盘
880,14:03:33,7.54,0.01,15,11310,买盘
881,14:03:30,7.53,--,162,121986,卖盘
882,14:03:27,7.53,--,56,42168,卖盘
883,14:03:24,7.53,-0.01,50,37650,卖盘
884,14:03:18,7.54,0.01,38,28652,买盘
885,14:03:06,7.53,--,10,7530,卖盘
886,14:03:03,7.53,-0.01,5,3765,卖盘
887,14:03:00,7.54,0.01,9,6786,买盘
888,14:02:57,7.53,-0.01,73,54969,卖盘
889,14:02:54,7.54,0.01,59,44486,买盘
890,14:02:51,7.53,-0.01,12,9036,卖盘
891,14:02:48,7.54,--,132,99528,买盘
892,14:02:42,7.54,--,35,26390,买盘
893,14:02:39,7.54,--,1,754,买盘
894,14:02:33,7.54,--,14,10556,买盘
895,14:02:30,7.54,0.01,112,84448,买盘
896,14:02:27,7.53,-0.01,7,5271,卖盘
897,14:02:24,7.54,--,6,4524,买盘
898,14:02:21,7.54,--,65,49010,买盘
899,14:02:15,7.54,--,36,27144,买盘
900,14:02:12,7.54,0.01,2,1508,买盘
901,14:02:09,7.53,-0.01,2,1506,卖盘
902,14:02:06,7.54,0.01,7,5278,买盘
903,14:02:03,7.53,-0.01,20,15060,卖盘
904,14:02:00,7.54,--,46,34684,买盘
905,14:01:54,7.54,--,37,27898,买盘
906,14:01:51,7.54,--,132,99528,买盘
907,14:01:48,7.54,0.01,59,44486,买盘
908,14:01:45,7.53,-0.01,76,57228,卖盘
909,14:01:42,7.54,--,3,2262,买盘
910,14:01:33,7.54,0.01,31,23374,买盘
911,14:01:30,7.53,-0.01,523,393819,卖盘
912,14:01:27,7.54,--,142,107068,买盘
913,14:01:24,7.54,--,16,12064,买盘
914,14:01:21,7.54,--,31,23374,买盘
915,14:01:18,7.54,0.01,500,377000,买盘
916,14:01:15,7.53,--,5,3765,卖盘
917,14:01:09,7.53,--,1,753,卖盘
918,14:01:06,7.53,-0.01,5,3765,卖盘
919,14:01:03,7.54,0.01,1,754,买盘
920,14:01:00,7.53,--,45,33885,卖盘
921,14:00:57,7.53,--,19,14307,卖盘
922,14:00:48,7.53,-0.01,16,12048,卖盘
923,14:00:45,7.54,0.01,112,84448,买盘
924,14:00:42,7.53,-0.01,12,9036,卖盘
925,14:00:39,7.54,--,150,113100,买盘
926,14:00:36,7.54,--,44,33176,买盘
927,14:00:33,7.54,--,11,8294,买盘
928,14:00:30,7.54,--,135,101790,买盘
929,14:00:27,7.54,--,120,90480,买盘
930,14:00:21,7.54,--,1,754,买盘
931,14:00:15,7.54,--,1,754,买盘
932,14:00:12,7.54,0.01,8,6032,买盘
933,14:00:09,7.53,--,136,102408,卖盘
934,14:00:06,7.53,--,1,753,卖盘
935,14:00:03,7.53,-0.01,9,6777,卖盘
936,14:00:00,7.54,--,22,16588,买盘
937,13:59:57,7.54,--,259,195286,买盘
938,13:59:48,7.54,--,4,3016,买盘
939,13:59:45,7.54,0.01,69,52026,买盘
940,13:59:42,7.53,--,128,96384,卖盘
941,13:59:39,7.53,--,100,75300,卖盘
942,13:59:36,7.53,--,3,2259,卖盘
943,13:59:33,7.53,-0.01,8,6024,卖盘
944,13:59:30,7.54,--,8,6032,买盘
945,13:59:27,7.54,--,137,103298,买盘
946,13:59:24,7.54,--,29,21866,买盘
947,13:59:21,7.54,--,1,754,买盘
948,13:59:15,7.54,0.01,4,3016,买盘
949,13:59:12,7.53,--,20,15060,卖盘
950,13:59:06,7.53,--,2,1506,卖盘
951,13:59:00,7.53,--,22,16566,卖盘
952,13:58:57,7.53,--,27,20331,卖盘
953,13:58:51,7.53,-0.01,1,753,卖盘
954,13:58:45,7.54,--,18,13572,买盘
955,13:58:42,7.54,--,119,89726,买盘
956,13:58:36,7.54,--,30,22620,买盘
957,13:58:30,7.54,--,2,1508,买盘
958,13:58:27,7.54,--,7,5278,买盘
959,13:58:24,7.54,--,112,84448,买盘
960,13:58:18,7.54,0.01,5,3770,买盘
961,13:58:15,7.53,--,10,7530,卖盘
962,13:58:12,7.53,--,10,7530,卖盘
963,13:58:09,7.53,--,4,3012,卖盘
964,13:58:06,7.53,--,1,753,卖盘
965,13:58:03,7.53,--,57,42921,卖盘
966,13:58:00,7.53,-0.01,1,753,卖盘
967,13:57:57,7.54,0.01,8,6032,买盘
968,13:57:54,7.53,-0.01,102,76806,卖盘
969,13:57:42,7.54,0.01,52,39208,买盘
970,13:57:39,7.53,-0.01,85,64005,卖盘
971,13:57:36,7.54,0.01,19,14326,买盘
972,13:57:33,7.53,--,93,70029,卖盘
973,13:57:27,7.53,-0.01,7,5271,卖盘
974,13:57:24,7.54,--,112,84448,买盘
975,13:57:21,7.54,--,1,754,买盘
976,13:57:18,7.54,--,2,1508,买盘
977,13:57:15,7.54,0.01,11,8294,买盘
978,13:57:12,7.53,-0.01,206,155118,卖盘
979,13:57:09,7.54,0.01,37,27898,买盘
980,13:57:06,7.53,--,3,2259,卖盘
981,13:57:03,7.53,--,2,1506,卖盘
982,13:57:00,7.53,-0.01,6,4518,卖盘
983,13:56:54,7.54,--,20,15080,买盘
984,13:56:51,7.54,--,42,31668,买盘
985,13:56:45,7.54,--,16,12064,买盘
986,13:56:42,7.54,--,296,223184,买盘
987,13:56:39,7.54,--,112,84448,买盘
988,13:56:33,7.54,--,36,27144,买盘
989,13:56:27,7.54,--,1,754,买盘
990,13:56:24,7.54,--,13,9802,买盘
991,13:56:21,7.54,0.01,168,126672,买盘
992,13:56:18,7.53,-0.01,11,8283,卖盘
993,13:56:09,7.54,0.01,36,27144,买盘
994,13:56:06,7.53,--,28,21084,卖盘
995,13:56:03,7.53,-0.01,2,1506,中性盘
996,13:55:42,7.54,--,8,6032,买盘
997,13:55:39,7.54,--,47,35438,买盘
998,13:55:36,7.54,0.01,65,49010,买盘
999,13:55:33,7.53,0.01,5,3765,买盘
1000,13:55:30,7.52,-0.01,2,1932,卖盘
1001,13:55:27,7.53,--,5,3765,买盘
1002,13:55:24,7.53,-0.01,94,70782,卖盘
1003,13:55:21,7.54,0.02,80,60320,买盘
1004,13:55:15,7.52,-0.01,32,24064,卖盘
1005,13:55:09,7.53,--,8,6024,中性盘
1006,13:55:06,7.53,--,10,7530,卖盘
1007,13:55:03,7.53,--,97,73041,卖盘
1008,13:54:57,7.53,-0.01,35,26355,卖盘
1009,13:54:51,7.54,--,25,18850,买盘
1010,13:54:48,7.54,--,317,239274,买盘
1011,13:54:45,7.54,--,52,39208,买盘
1012,13:54:42,7.54,--,6,4524,买盘
1013,13:54:39,7.54,--,48,36192,买盘
1014,13:54:36,7.54,--,65,49010,买盘
1015,13:54:30,7.54,0.01,6,4524,买盘
1016,13:54:27,7.53,-0.01,100,75796,卖盘
1017,13:54:21,7.54,0.01,16,12064,买盘
1018,13:54:18,7.53,--,92,69276,买盘
1019,13:54:15,7.53,--,11,8283,买盘
1020,13:54:12,7.53,--,124,93372,卖盘
1021,13:54:09,7.53,--,3,2259,卖盘
1022,13:54:06,7.53,--,6,4518,卖盘
1023,13:54:03,7.53,--,3,2259,卖盘
1024,13:54:00,7.53,--,5,3765,卖盘
1025,13:53:57,7.53,--,2,1506,卖盘
1026,13:53:48,7.53,-0.01,2,1506,卖盘
1027,13:53:42,7.54,--,6,4524,买盘
1028,13:53:39,7.54,--,44,33176,买盘
1029,13:53:36,7.54,0.01,8,6032,买盘
1030,13:53:33,7.53,-0.01,155,116715,卖盘
1031,13:53:30,7.54,--,7,5278,买盘
1032,13:53:27,7.54,0.01,132,99528,买盘
1033,13:53:24,7.53,-0.01,1,753,卖盘
1034,13:53:21,7.54,--,8,6032,买盘
1035,13:53:18,7.54,0.01,112,84448,买盘
1036,13:53:15,7.53,--,8,6024,卖盘
1037,13:53:09,7.53,--,3,2259,卖盘
1038,13:53:06,7.53,-0.01,3,2259,卖盘
1039,13:52:57,7.54,0.02,13,9802,买盘
1040,13:52:54,7.52,-0.02,200,150400,卖盘
1041,13:52:42,7.54,--,1,754,买盘
1042,13:52:39,7.54,0.01,45,33930,买盘
1043,13:52:36,7.53,--,8,6024,买盘
1044,13:52:33,7.53,--,100,75300,买盘
1045,13:52:30,7.53,--,22,16566,买盘
1046,13:52:18,7.53,--,6,4518,买盘
1047,13:52:15,7.53,0.01,131,98643,买盘
1048,13:52:12,7.52,--,126,94752,卖盘
1049,13:52:09,7.52,--,84,63168,卖盘
1050,13:52:06,7.52,--,4,3008,卖盘
1051,13:52:03,7.52,-0.01,2,1504,卖盘
1052,13:51:36,7.53,--,48,36144,买盘
1053,13:51:33,7.53,--,36,27108,买盘
1054,13:51:30,7.53,0.01,8,6024,买盘
1055,13:51:27,7.52,-0.01,110,82720,卖盘
1056,13:51:24,7.53,--,30,22590,买盘
1057,13:51:21,7.53,--,1,753,买盘
1058,13:51:18,7.53,--,10,7530,买盘
1059,13:51:15,7.53,--,112,84336,买盘
1060,13:51:09,7.53,0.01,79,59487,买盘
1061,13:51:06,7.52,--,110,82720,卖盘
1062,13:51:03,7.52,-0.01,1,752,卖盘
1063,13:51:00,7.53,--,21,15813,买盘
1064,13:50:57,7.53,--,6,4518,买盘
1065,13:50:54,7.53,--,47,35391,买盘
1066,13:50:51,7.53,--,1,753,买盘
1067,13:50:45,7.53,--,24,18072,买盘
1068,13:50:42,7.53,--,43,32379,买盘
1069,13:50:39,7.53,0.01,1,753,买盘
1070,13:50:36,7.52,--,1,752,卖盘
1071,13:50:33,7.52,-0.01,1,752,卖盘
1072,13:50:30,7.53,0.01,7,5271,买盘
1073,13:50:27,7.52,-0.01,172,129343,卖盘
1074,13:50:24,7.53,-0.01,838,631014,卖盘
1075,13:50:21,7.54,--,2,1508,买盘
1076,13:50:18,7.54,--,25,18850,买盘
1077,13:50:15,7.54,--,231,174174,买盘
1078,13:50:12,7.54,--,166,125164,买盘
1079,13:50:09,7.54,0.01,8,6032,买盘
1080,13:50:06,7.53,--,105,79065,卖盘
1081,13:50:03,7.53,--,19,14307,卖盘
1082,13:50:00,7.53,-0.01,5,3765,卖盘
1083,13:49:54,7.54,--,1,754,买盘
1084,13:49:51,7.54,--,16,12064,买盘
1085,13:49:48,7.54,0.01,310,233740,买盘
1086,13:49:45,7.53,0.01,100,75300,买盘
1087,13:49:42,7.52,--,4,3008,卖盘
1088,13:49:36,7.52,--,1,752,卖盘
1089,13:49:33,7.52,-0.01,1,752,卖盘
1090,13:49:30,7.53,0.01,12,9036,买盘
1091,13:49:24,7.52,--,2,1504,卖盘
1092,13:49:21,7.52,-0.01,11,8272,卖盘
1093,13:49:18,7.53,--,15,11295,买盘
1094,13:49:15,7.53,-0.01,210,158672,卖盘
1095,13:49:12,7.54,0.01,112,84448,买盘
1096,13:49:09,7.53,--,24,18072,卖盘
1097,13:49:06,7.53,--,103,77559,卖盘
1098,13:49:03,7.53,-0.01,2,1506,卖盘
1099,13:48:57,7.54,0.01,30,22620,买盘
1100,13:48:48,7.53,-0.01,2,1506,卖盘
1101,13:48:39,7.54,0.01,12,9048,买盘
1102,13:48:36,7.53,--,9,6777,卖盘
1103,13:48:33,7.53,--,50,37650,卖盘
1104,13:48:27,7.53,--,67,50451,卖盘
1105,13:48:24,7.53,-0.01,9,6777,卖盘
1106,13:48:21,7.54,--,1,754,买盘
1107,13:48:18,7.54,0.01,8,6032,买盘
1108,13:48:15,7.53,--,127,95631,卖盘
1109,13:48:12,7.53,--,434,326802,卖盘
1110,13:48:09,7.53,--,273,205569,卖盘
1111,13:48:06,7.53,-0.01,11,8283,卖盘
1112,13:48:03,7.54,--,61,45994,买盘
1113,13:47:57,7.54,--,70,52780,买盘
1114,13:47:54,7.54,--,139,104806,买盘
1115,13:47:45,7.54,0.01,5,3770,买盘
1116,13:47:42,7.53,--,38,28614,卖盘
1117,13:47:36,7.53,--,48,36144,卖盘
1118,13:47:33,7.53,--,1,753,卖盘
1119,13:47:21,7.53,-0.01,10,7530,卖盘
1120,13:47:18,7.54,--,2,1508,买盘
1121,13:47:12,7.54,--,11,8294,买盘
1122,13:47:09,7.54,0.01,166,125164,买盘
1123,13:47:06,7.53,--,4,3012,卖盘
1124,13:47:03,7.53,--,9,6777,卖盘
1125,13:47:00,7.53,--,5,3765,卖盘
1126,13:46:57,7.53,--,1,753,卖盘
1127,13:46:54,7.53,-0.01,15,11295,卖盘
1128,13:46:42,7.54,--,3,2262,买盘
1129,13:46:39,7.54,0.01,1,754,买盘
1130,13:46:36,7.53,--,1,753,卖盘
1131,13:46:33,7.53,-0.01,1,753,卖盘
1132,13:46:30,7.54,0.01,7,5278,买盘
1133,13:46:27,7.53,-0.01,57,42921,卖盘
1134,13:46:18,7.54,--,39,29406,买盘
1135,13:46:12,7.54,0.01,7,5278,买盘
1136,13:46:09,7.53,--,120,90360,卖盘
1137,13:46:06,7.53,--,17,12801,卖盘
1138,13:46:03,7.53,--,59,44427,卖盘
1139,13:45:42,7.53,--,90,67770,卖盘
1140,13:45:39,7.53,--,477,359391,买盘
1141,13:45:36,7.53,--,7,5271,买盘
1142,13:45:33,7.53,0.01,58,43674,买盘
1143,13:45:30,7.52,-0.01,25,18800,卖盘
1144,13:45:27,7.53,--,20,15060,买盘
1145,13:45:21,7.53,--,1,753,买盘
1146,13:45:18,7.53,--,2,1506,买盘
1147,13:45:12,7.53,--,11,8283,买盘
1148,13:45:09,7.53,0.01,142,106926,买盘
1149,13:45:06,7.52,--,6,4512,卖盘
1150,13:45:03,7.52,-0.01,12,9024,卖盘
1151,13:45:00,7.53,0.01,20,15060,买盘
1152,13:44:51,7.52,-0.01,41,30832,卖盘
1153,13:44:48,7.53,--,5,3765,买盘
1154,13:44:45,7.53,--,69,51957,买盘
1155,13:44:42,7.53,0.01,7,5271,买盘
1156,13:44:36,7.52,--,1,752,卖盘
1157,13:44:33,7.52,-0.01,6,4512,卖盘
1158,13:44:30,7.53,-0.01,94,70782,卖盘
1159,13:44:27,7.54,0.01,5,3770,买盘
1160,13:44:24,7.53,--,91,68523,卖盘
1161,13:44:18,7.53,--,15,11295,卖盘
1162,13:44:15,7.53,-0.01,30,22590,卖盘
1163,13:44:09,7.54,0.01,44,33176,买盘
1164,13:44:06,7.53,0.01,12,9036,买盘
1165,13:44:03,7.52,-0.01,45,33840,卖盘
1166,13:44:00,7.53,0.01,720,542160,买盘
1167,13:43:54,7.52,-0.01,4,3008,卖盘
1168,13:43:51,7.53,--,5,3765,买盘
1169,13:43:48,7.53,--,30,22590,买盘
1170,13:43:45,7.53,--,2,1506,买盘
1171,13:43:42,7.53,0.01,1,753,买盘
1172,13:43:39,7.52,-0.01,82,62182,卖盘
1173,13:43:36,7.53,--,319,240207,卖盘
1174,13:43:33,7.53,-0.01,45,33885,卖盘
1175,13:43:30,7.54,--,404,304616,买盘
1176,13:43:27,7.54,0.01,42,31668,买盘
1177,13:43:21,7.53,--,15,11295,卖盘
1178,13:43:18,7.53,-0.01,232,174696,卖盘
1179,13:43:15,7.54,0.01,53,39962,买盘
1180,13:43:12,7.53,--,430,323790,买盘
1181,13:43:09,7.53,0.01,8,6024,买盘
1182,13:43:06,7.52,-0.01,232,174464,卖盘
1183,13:43:03,7.53,--,1616,1216848,买盘
1184,13:43:00,7.53,--,132,99396,买盘
1185,13:42:54,7.53,0.01,8,6024,买盘
1186,13:42:51,7.52,-0.01,10,7520,卖盘
1187,13:42:48,7.53,0.01,46,34638,买盘
1188,13:42:45,7.52,-0.01,107,80464,卖盘
1189,13:42:42,7.53,0.01,13,9789,买盘
1190,13:42:36,7.52,--,1,752,卖盘
1191,13:42:33,7.52,-0.01,1,752,卖盘
1192,13:42:24,7.53,--,33,24849,买盘
1193,13:42:21,7.53,--,195,146835,买盘
1194,13:42:15,7.53,0.01,5,3765,买盘
1195,13:42:09,7.52,--,4,3008,卖盘
1196,13:42:06,7.52,-0.01,76,57152,卖盘
1197,13:42:03,7.53,--,122,91866,买盘
1198,13:41:57,7.53,0.01,64,48192,买盘
1199,13:41:54,7.52,-0.01,7,5264,卖盘
1200,13:41:45,7.53,--,1,753,买盘
1201,13:41:42,7.53,--,1,753,买盘
1202,13:41:36,7.53,--,7,5271,买盘
1203,13:41:33,7.53,0.01,104,78312,买盘
1204,13:41:30,7.52,--,2045,1537840,卖盘
1205,13:41:27,7.52,-0.01,666,500832,卖盘
1206,13:41:24,7.53,--,5,3765,买盘
1207,13:41:21,7.53,0.01,107,80571,买盘
1208,13:41:18,7.52,-0.01,38,28576,卖盘
1209,13:41:12,7.53,0.01,31,23343,买盘
1210,13:41:06,7.52,--,60,45120,卖盘
1211,13:41:03,7.52,-0.01,198,148896,卖盘
1212,13:41:00,7.53,--,1,753,买盘
1213,13:40:57,7.53,--,2,1506,买盘
1214,13:40:51,7.53,--,29,21837,买盘
1215,13:40:45,7.53,--,11,8283,买盘
1216,13:40:42,7.53,--,7,5271,买盘
1217,13:40:39,7.53,0.01,30,22590,买盘
1218,13:40:36,7.52,-0.01,1,752,卖盘
1219,13:40:30,7.53,0.01,77,57981,买盘
1220,13:40:27,7.52,--,1452,1091904,卖盘
1221,13:40:24,7.52,-0.01,30,22560,卖盘
1222,13:40:18,7.53,--,57,42921,中性盘
1223,13:40:15,7.53,--,648,487944,买盘
1224,13:40:12,7.53,--,42,31626,卖盘
1225,13:40:09,7.53,0.01,132,99396,买盘
1226,13:40:06,7.52,--,915,688080,卖盘
1227,13:40:03,7.52,-0.01,19,14288,卖盘
1228,13:40:00,7.53,0.01,219,164907,买盘
1229,13:39:57,7.52,-0.01,5,3760,卖盘
1230,13:39:54,7.53,--,35,26355,买盘
1231,13:39:51,7.53,0.01,54,40662,买盘
1232,13:39:48,7.52,-0.01,18,13536,卖盘
1233,13:39:45,7.53,--,2,1506,买盘
1234,13:39:42,7.53,--,51,38403,买盘
1235,13:39:36,7.53,--,34,25602,买盘
1236,13:39:33,7.53,--,650,489450,买盘
1237,13:39:30,7.53,--,628,472884,买盘
1238,13:39:27,7.53,-0.02,232,174929,卖盘
1239,13:39:24,7.55,0.01,117,88335,买盘
1240,13:39:21,7.54,--,2301,1734954,买盘
1241,13:39:18,7.54,--,10,7540,买盘
1242,13:39:15,7.54,-0.01,104,78936,卖盘
1243,13:39:12,7.55,0.01,46,34730,买盘
1244,13:39:09,7.54,--,137,103298,卖盘
1245,13:39:06,7.54,--,3,2495,卖盘
1246,13:39:00,7.54,--,7,5278,买盘
1247,13:38:57,7.54,--,8,6032,买盘
1248,13:38:51,7.54,0.01,5,3770,买盘
1249,13:38:48,7.53,-0.01,75,56475,卖盘
1250,13:38:45,7.54,--,1,754,买盘
1251,13:38:42,7.54,--,1,754,买盘
1252,13:38:39,7.54,0.01,1,754,买盘
1253,13:38:36,7.53,--,2,1506,卖盘
1254,13:38:33,7.53,-0.01,4,3012,卖盘
1255,13:38:30,7.54,0.01,14,10556,买盘
1256,13:38:27,7.53,--,26,19578,卖盘
1257,13:38:24,7.53,--,7,5271,卖盘
1258,13:38:21,7.53,-0.01,1,753,卖盘
1259,13:38:18,7.54,0.01,2,1508,买盘
1260,13:38:09,7.53,--,19,14307,卖盘
1261,13:38:06,7.53,-0.01,25,18825,卖盘
1262,13:38:03,7.54,--,16,12064,买盘
1263,13:38:00,7.54,--,24,18194,卖盘
1264,13:37:57,7.54,0.01,112,85103,买盘
1265,13:37:51,7.53,--,36,27108,卖盘
1266,13:37:48,7.53,--,150,112950,卖盘
1267,13:37:45,7.53,-0.01,187,140811,卖盘
1268,13:37:42,7.54,--,1,754,买盘
1269,13:37:39,7.54,--,5,3770,买盘
1270,13:37:36,7.54,--,45,33930,买盘
1271,13:37:33,7.54,0.01,17,12818,买盘
1272,13:37:24,7.53,-0.01,9,6777,卖盘
1273,13:37:21,7.54,--,1,754,买盘
1274,13:37:18,7.54,0.01,2,1508,买盘
1275,13:37:12,7.53,--,5,3765,卖盘
1276,13:37:06,7.53,--,12,9036,卖盘
1277,13:37:03,7.53,-0.01,2,1506,卖盘
1278,13:37:00,7.54,--,8,6032,买盘
1279,13:36:57,7.54,--,112,84448,买盘
1280,13:36:51,7.54,--,52,39208,买盘
1281,13:36:48,7.54,0.01,50,37700,买盘
1282,13:36:42,7.53,-0.01,4,3012,卖盘
1283,13:36:39,7.54,--,16,12064,买盘
1284,13:36:36,7.54,0.01,51,38454,买盘
1285,13:36:33,7.53,-0.01,7,5271,卖盘
1286,13:36:24,7.54,0.01,16,12064,买盘
1287,13:36:21,7.53,-0.02,95,71632,卖盘
1288,13:36:18,7.55,0.01,2,1510,买盘
1289,13:36:12,7.54,--,2,1508,卖盘
1290,13:36:09,7.54,--,58,43732,卖盘
1291,13:36:06,7.54,--,3,2262,卖盘
1292,13:36:03,7.54,-0.01,12,9048,卖盘
1293,13:36:00,7.55,--,217,163835,买盘
1294,13:35:57,7.55,--,112,84560,买盘
1295,13:35:51,7.55,--,6,4530,买盘
1296,13:35:48,7.55,0.01,100,75500,买盘
1297,13:35:45,7.54,--,9,6786,卖盘
1298,13:35:42,7.54,--,133,100282,卖盘
1299,13:35:36,7.54,-0.01,14,10556,卖盘
1300,13:35:33,7.55,0.01,1,755,买盘
1301,13:35:30,7.54,-0.01,1,754,卖盘
1302,13:35:27,7.55,0.01,21,15855,买盘
1303,13:35:24,7.54,-0.01,157,118378,卖盘
1304,13:35:09,7.55,0.01,16,12080,买盘
1305,13:35:06,7.54,--,59,44486,卖盘
1306,13:35:03,7.54,-0.01,3,2262,卖盘
1307,13:35:00,7.55,0.01,9,6795,买盘
1308,13:34:57,7.54,--,159,119886,卖盘
1309,13:34:54,7.54,--,7,5278,卖盘
1310,13:34:51,7.54,-0.01,4,3016,卖盘
1311,13:34:48,7.55,--,5,3775,买盘
1312,13:34:45,7.55,--,95,71725,买盘
1313,13:34:42,7.55,0.01,13,9815,买盘
1314,13:34:39,7.54,--,135,101790,卖盘
1315,13:34:36,7.54,--,21,16489,买盘
1316,13:34:33,7.54,--,65,49010,买盘
1317,13:34:30,7.54,0.01,38,28652,买盘
1318,13:34:24,7.53,-0.01,11,8283,卖盘
1319,13:34:21,7.54,0.01,14,10556,买盘
1320,13:34:18,7.53,-0.01,103,77559,卖盘
1321,13:34:15,7.54,0.01,98,73892,买盘
1322,13:34:09,7.53,--,1,753,卖盘
1323,13:34:06,7.53,-0.01,8,6024,卖盘
1324,13:33:57,7.54,--,39,29406,买盘
1325,13:33:54,7.54,0.01,112,84448,买盘
1326,13:33:51,7.53,-0.01,9,7296,卖盘
1327,13:33:45,7.54,--,7,5278,买盘
1328,13:33:42,7.54,0.01,101,76154,买盘
1329,13:33:36,7.53,-0.01,1,753,卖盘
1330,13:33:33,7.54,0.01,8,6032,买盘
1331,13:33:30,7.53,-0.01,106,79818,卖盘
1332,13:33:27,7.54,0.01,13,9802,买盘
1333,13:33:24,7.53,-0.01,203,152859,卖盘
1334,13:33:21,7.54,0.01,1,754,买盘
1335,13:33:18,7.53,--,3,2259,卖盘
1336,13:33:15,7.53,-0.01,2,1506,卖盘
1337,13:33:09,7.54,0.01,16,12064,买盘
1338,13:33:06,7.53,--,15,11295,卖盘
1339,13:33:00,7.53,-0.01,7,5271,卖盘
1340,13:32:57,7.54,--,6,4524,买盘
1341,13:32:54,7.54,0.01,112,84448,买盘
1342,13:32:51,7.53,-0.01,6,4518,卖盘
1343,13:32:48,7.54,--,56,42224,买盘
1344,13:32:45,7.54,--,4,3016,买盘
1345,13:32:42,7.54,0.01,1,754,买盘
1346,13:32:36,7.53,--,1,753,卖盘
1347,13:32:33,7.53,--,36,27108,卖盘
1348,13:32:30,7.53,-0.01,109,82077,卖盘
1349,13:32:21,7.54,0.01,12,9048,买盘
1350,13:32:15,7.53,--,1,753,卖盘
1351,13:32:12,7.53,--,7,5271,卖盘
1352,13:32:09,7.53,--,1,753,卖盘
1353,13:32:06,7.53,-0.01,28,21084,卖盘
1354,13:32:03,7.54,--,45,33930,买盘
1355,13:32:00,7.54,--,48,36192,买盘
1356,13:31:54,7.54,--,6,4524,买盘
1357,13:31:51,7.54,--,112,84448,买盘
1358,13:31:45,7.54,--,1,754,买盘
1359,13:31:42,7.54,0.01,6,4524,买盘
1360,13:31:39,7.53,--,7,5271,卖盘
1361,13:31:36,7.53,-0.01,1,753,卖盘
1362,13:31:33,7.54,0.01,81,61074,买盘
1363,13:31:30,7.53,-0.01,45,33885,卖盘
1364,13:31:24,7.54,--,44,33176,买盘
1365,13:31:21,7.54,0.01,1,754,买盘
1366,13:31:18,7.53,-0.01,22,16566,卖盘
1367,13:31:15,7.54,0.01,348,262392,买盘
1368,13:31:12,7.53,-0.01,41,30873,卖盘
1369,13:31:09,7.54,--,7,5278,买盘
1370,13:31:06,7.54,--,52,39208,买盘
1371,13:31:03,7.54,--,58,43732,买盘
1372,13:31:00,7.54,--,13,9802,买盘
1373,13:30:57,7.54,--,154,116116,买盘
1374,13:30:54,7.54,--,1183,891982,卖盘
1375,13:30:51,7.54,--,118,88972,卖盘
1376,13:30:48,7.54,-0.01,24,18096,卖盘
1377,13:30:45,7.55,--,3,2265,买盘
1378,13:30:42,7.55,0.01,8,6040,买盘
1379,13:30:39,7.54,--,7,5278,卖盘
1380,13:30:36,7.54,-0.01,16,12064,卖盘
1381,13:30:27,7.55,0.01,50,37750,买盘
1382,13:30:24,7.54,-0.01,250,188500,卖盘
1383,13:30:21,7.55,--,1,755,买盘
1384,13:30:18,7.55,0.01,1,755,买盘
1385,13:30:15,7.54,--,10,7540,卖盘
1386,13:30:12,7.54,-0.01,100,75400,卖盘
1387,13:30:09,7.55,0.01,16,12080,买盘
1388,13:30:06,7.54,--,63,47502,卖盘
1389,13:30:03,7.54,-0.01,93,70122,卖盘
1390,13:29:57,7.55,--,22,16610,买盘
1391,13:29:51,7.55,--,9,6795,买盘
1392,13:29:48,7.55,0.01,152,114760,买盘
1393,13:29:45,7.54,-0.01,2,1508,卖盘
1394,13:29:42,7.55,--,33,24915,买盘
1395,13:29:39,7.55,0.01,55,41525,买盘
1396,13:29:36,7.54,-0.01,62,46748,卖盘
1397,13:29:33,7.55,0.01,113,85315,买盘
1398,13:29:30,7.54,--,2070,1560780,卖盘
1399,13:29:27,7.54,--,16,12064,卖盘
1400,13:29:24,7.54,-0.01,29,21866,卖盘
1401,13:29:18,7.55,0.01,32,24160,买盘
1402,13:29:15,7.54,--,30,22620,卖盘
1403,13:29:12,7.54,--,500,377000,卖盘
1404,13:29:09,7.54,--,1,754,卖盘
1405,13:29:06,7.54,--,19,14326,卖盘
1406,13:29:03,7.54,--,19,14326,卖盘
1407,13:29:00,7.54,--,111,83694,卖盘
1408,13:28:57,7.54,-0.01,18,13572,卖盘
1409,13:28:51,7.55,--,8,6040,买盘
1410,13:28:48,7.55,0.01,120,90600,买盘
1411,13:28:45,7.54,-0.01,3,2262,卖盘
1412,13:28:39,7.55,0.01,2,1510,买盘
1413,13:28:36,7.54,-0.01,5,3770,卖盘
1414,13:28:33,7.55,--,30,22650,买盘
1415,13:28:30,7.55,--,126,95130,买盘
1416,13:28:27,7.55,--,106,80030,买盘
1417,13:28:21,7.55,--,1,755,买盘
1418,13:28:18,7.55,--,12,9060,买盘
1419,13:28:15,7.55,0.01,7,5285,买盘
1420,13:28:12,7.54,--,139,104806,卖盘
1421,13:28:06,7.54,--,15,11310,卖盘
1422,13:28:03,7.54,--,210,158340,卖盘
1423,13:28:00,7.54,--,100,75400,卖盘
1424,13:27:57,7.54,-0.01,17,12818,卖盘
1425,13:27:51,7.55,--,16,12080,买盘
1426,13:27:48,7.55,--,143,107965,买盘
1427,13:27:45,7.55,--,1,755,买盘
1428,13:27:42,7.55,0.01,1,755,买盘
1429,13:27:39,7.54,--,35,26390,卖盘
1430,13:27:36,7.54,-0.01,8,6032,卖盘
1431,13:27:33,7.55,0.01,2,1510,买盘
1432,13:27:30,7.54,--,17,12818,卖盘
1433,13:27:27,7.54,--,29,21866,卖盘
1434,13:27:24,7.54,--,20,15080,卖盘
1435,13:27:15,7.54,-0.01,6,4524,卖盘
1436,13:27:12,7.55,--,54,40770,买盘
1437,13:27:09,7.55,0.01,16,12080,买盘
1438,13:27:06,7.54,-0.01,12,9048,卖盘
1439,13:27:03,7.55,0.01,1,755,买盘
1440,13:26:57,7.54,-0.01,7,5278,卖盘
1441,13:26:51,7.55,0.01,26,19630,买盘
1442,13:26:48,7.54,-0.01,187,140998,卖盘
1443,13:26:45,7.55,--,120,90600,买盘
1444,13:26:42,7.55,--,101,76255,买盘
1445,13:26:36,7.55,0.01,32,24160,买盘
1446,13:26:33,7.54,--,54,40716,卖盘
1447,13:26:30,7.54,-0.01,7,5278,卖盘
1448,13:26:21,7.55,--,32,24160,买盘
1449,13:26:18,7.55,0.01,34,25670,买盘
1450,13:26:15,7.54,-0.01,1,754,卖盘
1451,13:26:09,7.55,--,14,10570,买盘
1452,13:26:06,7.55,--,55,41525,买盘
1453,13:26:03,7.55,--,15,11325,买盘
1454,13:26:00,7.55,--,1,755,买盘
1455,13:25:57,7.55,--,37,27935,买盘
1456,13:25:48,7.55,0.01,13,9815,买盘
1457,13:25:45,7.54,--,180,135720,卖盘
1458,13:25:33,7.54,--,1,754,卖盘
1459,13:25:27,7.54,-0.01,7,5278,卖盘
1460,13:25:21,7.55,0.01,55,41525,买盘
1461,13:25:18,7.54,--,143,107822,卖盘
1462,13:25:09,7.54,--,10,7540,卖盘
1463,13:25:06,7.54,-0.01,4,3016,卖盘
1464,13:25:00,7.55,0.01,29,21895,买盘
1465,13:24:57,7.54,-0.01,10,7540,卖盘
1466,13:24:54,7.55,0.01,6,4530,买盘
1467,13:24:51,7.54,-0.01,112,84448,卖盘
1468,13:24:48,7.55,--,7,5285,买盘
1469,13:24:45,7.55,--,114,86070,买盘
1470,13:24:42,7.55,--,19,14345,买盘
1471,13:24:39,7.55,0.01,100,75500,买盘
1472,13:24:33,7.54,--,1,754,卖盘
1473,13:24:30,7.54,--,44,33176,卖盘
1474,13:24:21,7.54,--,9,6786,卖盘
1475,13:24:18,7.54,--,4,3016,卖盘
1476,13:24:15,7.54,--,7,5278,卖盘
1477,13:24:12,7.54,-0.01,53,39962,卖盘
1478,13:24:09,7.55,0.01,16,12080,买盘
1479,13:24:06,7.54,-0.01,3,2262,卖盘
1480,13:24:03,7.55,--,38,28690,买盘
1481,13:24:00,7.55,0.02,241,181955,买盘
1482,13:23:57,7.53,-0.01,100,75300,卖盘
1483,13:23:54,7.54,--,5,3770,买盘
1484,13:23:51,7.54,0.01,68,51272,买盘
1485,13:23:48,7.53,-0.01,1,753,卖盘
1486,13:23:45,7.54,-0.01,34,25636,中性盘
1487,13:23:42,7.55,--,7,5285,买盘
1488,13:23:39,7.55,0.01,108,81540,买盘
1489,13:23:36,7.54,0.01,2090,1575860,买盘
1490,13:23:33,7.53,--,2,1506,卖盘
1491,13:23:30,7.53,-0.01,17,12801,卖盘
1492,13:23:27,7.54,0.01,9,6786,买盘
1493,13:23:24,7.53,-0.01,180,135540,卖盘
1494,13:23:21,7.54,0.01,239,180206,买盘
1495,13:23:18,7.53,--,4274,3218322,卖盘
1496,13:23:15,7.53,-0.01,527,396831,卖盘
1497,13:23:12,7.54,0.01,122,91988,买盘
1498,13:23:09,7.53,--,1,753,卖盘
1499,13:23:06,7.53,-0.01,9,6777,卖盘
1500,13:23:03,7.54,--,21,15834,买盘
1501,13:22:57,7.54,--,31,23374,买盘
1502,13:22:54,7.54,--,41,30914,买盘
1503,13:22:51,7.54,0.01,770,580580,买盘
1504,13:22:45,7.53,-0.01,2,1506,卖盘
1505,13:22:42,7.54,--,42,31668,买盘
1506,13:22:39,7.54,0.01,30,22620,买盘
1507,13:22:33,7.53,--,1,753,卖盘
1508,13:22:30,7.53,--,14,10542,卖盘
1509,13:22:27,7.53,-0.01,12,9036,卖盘
1510,13:22:21,7.54,--,39,29406,买盘
1511,13:22:18,7.54,0.01,15,11310,买盘
1512,13:22:15,7.53,-0.02,212,160035,卖盘
1513,13:22:12,7.55,0.01,25,18875,买盘
1514,13:22:09,7.54,-0.01,200,150800,卖盘
1515,13:22:06,7.55,--,13,9815,买盘
1516,13:22:00,7.55,0.01,5,3775,买盘
1517,13:21:57,7.54,--,30,22620,卖盘
1518,13:21:51,7.54,-0.01,35,26390,卖盘
1519,13:21:45,7.55,--,2,1510,买盘
1520,13:21:42,7.55,--,1,755,买盘
1521,13:21:39,7.55,0.01,27,20385,买盘
1522,13:21:36,7.54,--,26,19604,卖盘
1523,13:21:33,7.54,--,51,38454,卖盘
1524,13:21:30,7.54,-0.01,21,15834,卖盘
1525,13:21:27,7.55,--,10,7550,买盘
1526,13:21:24,7.55,0.01,135,101925,买盘
1527,13:21:18,7.54,--,25,18850,卖盘
1528,13:21:15,7.54,--,37,27898,卖盘
1529,13:21:12,7.54,--,66,49764,卖盘
1530,13:21:09,7.54,-0.01,26,19604,卖盘
1531,13:21:06,7.55,0.01,26,19630,买盘
1532,13:21:03,7.54,--,99,74646,卖盘
1533,13:21:00,7.54,-0.01,1804,1360216,卖盘
1534,13:20:48,7.55,--,52,39260,买盘
1535,13:20:45,7.55,0.01,1003,757265,买盘
1536,13:20:36,7.54,--,7,5278,卖盘
1537,13:20:33,7.54,-0.01,15,11310,卖盘
1538,13:20:21,7.55,--,1,755,买盘
1539,13:20:18,7.55,0.01,9,6795,买盘
1540,13:20:15,7.54,--,54,40716,卖盘
1541,13:20:12,7.54,--,15,11310,卖盘
1542,13:20:09,7.54,--,10,7540,卖盘
1543,13:20:06,7.54,-0.01,3,2262,卖盘
1544,13:20:03,7.55,--,10,7550,买盘
1545,13:20:00,7.55,--,23,17365,买盘
1546,13:19:57,7.55,--,11,8305,买盘
1547,13:19:54,7.55,0.01,110,83050,买盘
1548,13:19:51,7.54,--,34,25636,卖盘
1549,13:19:45,7.54,--,2,1508,卖盘
1550,13:19:42,7.54,--,3,2262,卖盘
1551,13:19:39,7.54,--,6,4524,卖盘
1552,13:19:33,7.54,--,8,6032,卖盘
1553,13:19:30,7.54,--,14,10556,卖盘
1554,13:19:27,7.54,-0.01,8,6032,卖盘
1555,13:19:24,7.55,0.01,7,5285,买盘
1556,13:19:21,7.54,-0.01,109,82186,卖盘
1557,13:19:18,7.55,0.01,10,7550,买盘
1558,13:19:15,7.54,--,10,7540,卖盘
1559,13:19:12,7.54,--,72,54642,卖盘
1560,13:19:09,7.54,--,2,1508,卖盘
1561,13:19:06,7.54,--,2,1508,卖盘
1562,13:19:03,7.54,--,1,754,卖盘
1563,13:18:51,7.54,--,21,15834,卖盘
1564,13:18:48,7.54,-0.01,16,12064,卖盘
1565,13:18:45,7.55,--,42,31710,买盘
1566,13:18:42,7.55,--,1,755,买盘
1567,13:18:36,7.55,0.01,6,4530,买盘
1568,13:18:33,7.54,--,104,78416,卖盘
1569,13:18:21,7.54,--,8,6032,卖盘
1570,13:18:15,7.54,--,7,5278,卖盘
1571,13:18:12,7.54,-0.01,65,49010,卖盘
1572,13:18:09,7.55,--,22,16610,买盘
1573,13:18:06,7.55,--,93,70215,买盘
1574,13:18:03,7.55,--,1,755,买盘
1575,13:17:57,7.55,0.01,6,4530,买盘
1576,13:17:54,7.54,--,38,28652,卖盘
1577,13:17:51,7.54,--,81,61074,卖盘
1578,13:17:48,7.54,--,67,50518,卖盘
1579,13:17:45,7.54,--,2,1508,卖盘
1580,13:17:42,7.54,--,51,38454,卖盘
1581,13:17:36,7.54,--,14,10556,卖盘
1582,13:17:33,7.54,--,51,38454,卖盘
1583,13:17:27,7.54,-0.01,10,7540,卖盘
1584,13:17:21,7.55,0.01,3,2265,买盘
1585,13:17:15,7.54,--,56,42224,卖盘
1586,13:17:12,7.54,--,981,739674,买盘
1587,13:17:09,7.54,0.01,58,43732,买盘
1588,13:17:06,7.53,--,11,8283,卖盘
1589,13:17:03,7.53,--,65,48945,卖盘
1590,13:17:00,7.53,-0.01,16,12048,卖盘
1591,13:16:57,7.54,0.01,45,33930,买盘
1592,13:16:54,7.53,--,29,21837,卖盘
1593,13:16:51,7.53,--,21,15813,卖盘
1594,13:16:45,7.53,--,26,19578,卖盘
1595,13:16:42,7.53,--,1,753,卖盘
1596,13:16:33,7.53,-0.01,3,2259,卖盘
1597,13:16:27,7.54,0.01,6,4524,买盘
1598,13:16:24,7.53,-0.01,20,15060,卖盘
1599,13:16:21,7.54,--,8,6032,买盘
1600,13:16:18,7.54,0.01,45,33930,买盘
1601,13:16:15,7.53,--,18,13554,卖盘
1602,13:16:12,7.53,-0.01,19,14307,卖盘
1603,13:16:09,7.54,0.01,6,4524,买盘
1604,13:16:06,7.53,--,40,30120,卖盘
1605,13:16:03,7.53,--,6,4518,卖盘
1606,13:15:57,7.53,-0.01,48,36144,卖盘
1607,13:15:54,7.54,0.01,9,6786,买盘
1608,13:15:51,7.53,--,121,91113,卖盘
1609,13:15:45,7.53,--,17,12801,卖盘
1610,13:15:42,7.53,-0.01,9,6777,卖盘
1611,13:15:39,7.54,0.01,32,24128,买盘
1612,13:15:36,7.53,--,628,472884,卖盘
1613,13:15:33,7.53,-0.01,101,76053,卖盘
1614,13:15:27,7.54,0.01,5,3770,买盘
1615,13:15:24,7.53,-0.01,7,5271,卖盘
1616,13:15:21,7.54,0.01,4,3016,买盘
1617,13:15:15,7.53,-0.01,20,15060,卖盘
1618,13:15:09,7.54,0.01,68,51272,买盘
1619,13:15:06,7.53,-0.01,20,15060,卖盘
1620,13:15:03,7.54,0.01,1,754,买盘
1621,13:15:00,7.53,-0.01,20,15060,卖盘
1622,13:14:57,7.54,--,65,49010,买盘
1623,13:14:54,7.54,0.01,205,154570,买盘
1624,13:14:51,7.53,--,14,10542,卖盘
1625,13:14:45,7.53,--,19,14307,卖盘
1626,13:14:39,7.53,--,21,15813,卖盘
1627,13:14:36,7.53,-0.01,6,4518,卖盘
1628,13:14:33,7.54,0.01,36,27144,买盘
1629,13:14:30,7.53,--,48,36144,卖盘
1630,13:14:27,7.53,--,4,3012,卖盘
1631,13:14:24,7.53,--,1,753,卖盘
1632,13:14:21,7.53,--,8,6024,卖盘
1633,13:14:18,7.53,--,31,23343,卖盘
1634,13:14:15,7.53,--,56,42168,卖盘
1635,13:14:12,7.53,-0.01,2,1506,卖盘
1636,13:14:09,7.54,--,5,3770,买盘
1637,13:14:06,7.54,0.01,10,7540,买盘
1638,13:14:03,7.53,--,65,48945,卖盘
1639,13:14:00,7.53,--,3,2259,卖盘
1640,13:13:57,7.53,--,24,18072,卖盘
1641,13:13:54,7.53,--,6,4518,卖盘
1642,13:13:51,7.53,--,56,42168,卖盘
1643,13:13:48,7.53,--,14,10542,卖盘
1644,13:13:45,7.53,-0.01,190,143070,卖盘
1645,13:13:42,7.54,0.01,2,1508,买盘
1646,13:13:39,7.53,--,7,5271,卖盘
1647,13:13:36,7.53,--,1,753,卖盘
1648,13:13:33,7.53,-0.01,20,15060,卖盘
1649,13:13:30,7.54,0.01,16,12064,买盘
1650,13:13:27,7.53,-0.01,52,39156,卖盘
1651,13:13:21,7.54,0.01,2,1508,买盘
1652,13:13:18,7.53,--,1,753,卖盘
1653,13:13:15,7.53,--,48,36144,卖盘
1654,13:13:12,7.53,-0.01,2,1506,卖盘
1655,13:13:09,7.54,0.01,23,17342,买盘
1656,13:13:06,7.53,--,408,307224,卖盘
1657,13:13:03,7.53,--,12,9036,卖盘
1658,13:13:00,7.53,--,95,71535,卖盘
1659,13:12:54,7.53,--,14,10542,卖盘
1660,13:12:51,7.53,--,7,5271,卖盘
1661,13:12:48,7.53,--,11,8283,卖盘
1662,13:12:45,7.53,-0.01,22,16566,卖盘
1663,13:12:42,7.54,0.01,41,30914,买盘
1664,13:12:39,7.53,--,2,1506,卖盘
1665,13:12:36,7.53,--,2,1506,卖盘
1666,13:12:33,7.53,--,51,38403,卖盘
1667,13:12:30,7.53,-0.01,8,6024,卖盘
1668,13:12:27,7.54,0.01,32,24128,买盘
1669,13:12:24,7.53,--,33,24849,卖盘
1670,13:12:21,7.53,--,1,753,卖盘
1671,13:12:18,7.53,--,2,1506,卖盘
1672,13:12:15,7.53,--,36,27108,卖盘
1673,13:12:12,7.53,--,76,57228,卖盘
1674,13:12:09,7.53,--,18,13554,卖盘
1675,13:12:06,7.53,--,11,8283,卖盘
1676,13:12:03,7.53,--,4,3012,卖盘
1677,13:12:00,7.53,--,46,34638,卖盘
1678,13:11:57,7.53,--,2,1506,卖盘
1679,13:11:54,7.53,--,2,1506,卖盘
1680,13:11:51,7.53,--,7,5271,卖盘
1681,13:11:48,7.53,-0.01,44,33132,卖盘
1682,13:11:45,7.54,0.01,13,9802,买盘
1683,13:11:42,7.53,--,4,3012,卖盘
1684,13:11:39,7.53,--,23,17319,卖盘
1685,13:11:36,7.53,--,3,2259,卖盘
1686,13:11:33,7.53,--,13,9789,卖盘
1687,13:11:30,7.53,--,138,103914,卖盘
1688,13:11:27,7.53,--,1,753,卖盘
1689,13:11:24,7.53,--,1,753,卖盘
1690,13:11:21,7.53,--,4,3012,卖盘
1691,13:11:18,7.53,--,24,18072,卖盘
1692,13:11:15,7.53,--,3,2259,卖盘
1693,13:11:09,7.53,--,8,6024,卖盘
1694,13:11:06,7.53,--,3,2259,卖盘
1695,13:11:03,7.53,--,51,38403,卖盘
1696,13:11:00,7.53,-0.01,2,1506,卖盘
1697,13:10:57,7.54,--,36,27144,买盘
1698,13:10:54,7.54,--,262,197548,买盘
1699,13:10:51,7.54,0.01,42,31668,买盘
1700,13:10:48,7.53,--,3,2259,卖盘
1701,13:10:45,7.53,--,13,9789,卖盘
1702,13:10:42,7.53,--,103,77559,卖盘
1703,13:10:36,7.53,--,11,8283,卖盘
1704,13:10:33,7.53,--,67,50451,卖盘
1705,13:10:30,7.53,--,52,39156,卖盘
1706,13:10:27,7.53,--,18,13554,卖盘
1707,13:10:24,7.53,-0.01,12,9036,卖盘
1708,13:10:21,7.54,0.01,10,7540,买盘
1709,13:10:18,7.53,--,163,122739,卖盘
1710,13:10:15,7.53,--,155,116715,卖盘
1711,13:10:12,7.53,-0.01,43,32379,卖盘
1712,13:10:09,7.54,0.01,7,5278,买盘
1713,13:10:06,7.53,-0.01,30,22590,卖盘
1714,13:10:03,7.54,0.01,16,12064,买盘
1715,13:10:00,7.53,--,3,2259,卖盘
1716,13:09:54,7.53,--,47,35391,卖盘
1717,13:09:51,7.53,--,6,4518,卖盘
1718,13:09:48,7.53,--,61,45933,卖盘
1719,13:09:45,7.53,--,18,13554,卖盘
1720,13:09:42,7.53,--,12,9036,卖盘
1721,13:09:39,7.53,--,93,70029,卖盘
1722,13:09:36,7.53,--,27,20331,卖盘
1723,13:09:33,7.53,--,5,3765,卖盘
1724,13:09:30,7.53,--,3,2259,卖盘
1725,13:09:27,7.53,--,3,2259,卖盘
1726,13:09:24,7.53,--,6,4518,卖盘
1727,13:09:21,7.53,--,17,12801,卖盘
1728,13:09:18,7.53,--,14,10542,卖盘
1729,13:09:15,7.53,--,88,66264,卖盘
1730,13:09:12,7.53,--,20,15060,卖盘
1731,13:09:09,7.53,--,23,17319,卖盘
1732,13:09:06,7.53,--,23,17319,卖盘
1733,13:09:03,7.53,-0.01,3,2259,卖盘
1734,13:09:00,7.54,0.01,2,1508,买盘
1735,13:08:57,7.53,--,44,33132,卖盘
1736,13:08:54,7.53,--,1,753,卖盘
1737,13:08:51,7.53,-0.01,7,5271,卖盘
1738,13:08:48,7.54,0.01,87,65598,买盘
1739,13:08:45,7.53,--,2,1506,卖盘
1740,13:08:39,7.53,--,3,2259,卖盘
1741,13:08:36,7.53,--,17,12801,卖盘
1742,13:08:33,7.53,--,2,1506,卖盘
1743,13:08:30,7.53,--,12,9036,卖盘
1744,13:08:27,7.53,--,121,91113,卖盘
1745,13:08:24,7.53,--,1,753,卖盘
1746,13:08:21,7.53,--,3,2259,卖盘
1747,13:08:18,7.53,--,11,8283,卖盘
1748,13:08:15,7.53,--,1,753,卖盘
1749,13:08:09,7.53,--,1,753,卖盘
1750,13:08:06,7.53,-0.01,27,20331,卖盘
1751,13:08:03,7.54,--,11,8294,买盘
1752,13:08:00,7.54,0.01,132,99528,买盘
1753,13:07:57,7.53,-0.01,59,44427,卖盘
1754,13:07:54,7.54,--,21,15834,买盘
1755,13:07:51,7.54,--,96,72384,买盘
1756,13:07:48,7.54,--,175,131950,买盘
1757,13:07:45,7.54,--,17,12818,买盘
1758,13:07:42,7.54,0.01,1,754,买盘
1759,13:07:33,7.53,-0.01,27,20331,卖盘
1760,13:07:30,7.54,--,81,61074,买盘
1761,13:07:21,7.54,--,8,6032,买盘
1762,13:07:18,7.54,--,81,61074,买盘
1763,13:07:15,7.54,0.01,15,11310,买盘
1764,13:07:09,7.53,--,40,30120,卖盘
1765,13:07:06,7.53,-0.01,2,1506,卖盘
1766,13:07:03,7.54,--,1,754,买盘
1767,13:07:00,7.54,0.01,15,11310,买盘
1768,13:06:57,7.53,-0.01,120,91075,卖盘
1769,13:06:54,7.54,0.01,74,55796,买盘
1770,13:06:51,7.53,-0.01,137,103161,卖盘
1771,13:06:48,7.54,--,32,24128,买盘
1772,13:06:45,7.54,0.01,5,3770,买盘
1773,13:06:42,7.53,-0.01,43,32379,卖盘
1774,13:06:39,7.54,0.01,2,1508,买盘
1775,13:06:36,7.53,-0.01,9,6777,卖盘
1776,13:06:33,7.54,--,18,13572,买盘
1777,13:06:24,7.54,--,13,9802,买盘
1778,13:06:21,7.54,--,200,150800,买盘
1779,13:06:18,7.54,0.01,2,1508,买盘
1780,13:06:12,7.53,-0.01,6,4518,卖盘
1781,13:06:09,7.54,--,17,12818,买盘
1782,13:06:06,7.54,--,5,3770,买盘
1783,13:06:03,7.54,--,20,15080,买盘
1784,13:06:00,7.54,0.01,88,66352,买盘
1785,13:05:57,7.53,-0.01,150,112950,卖盘
1786,13:05:54,7.54,--,80,60320,买盘
1787,13:05:48,7.54,--,10,7540,买盘
1788,13:05:45,7.54,--,17,12818,买盘
1789,13:05:42,7.54,--,8,6032,买盘
1790,13:05:39,7.54,--,160,120640,买盘
1791,13:05:36,7.54,0.01,3,2262,买盘
1792,13:05:33,7.53,--,64,48192,卖盘
1793,13:05:30,7.53,-0.01,283,213099,卖盘
1794,13:05:27,7.54,--,3,2262,买盘
1795,13:05:24,7.54,--,37,27898,买盘
1796,13:05:21,7.54,--,1,754,买盘
1797,13:05:18,7.54,0.01,15,11310,买盘
1798,13:05:06,7.53,-0.01,2,1506,卖盘
1799,13:05:03,7.54,--,13,9802,买盘
1800,13:04:57,7.54,--,2,1508,买盘
1801,13:04:54,7.54,0.01,32,24128,买盘
1802,13:04:51,7.53,-0.01,136,102408,卖盘
1803,13:04:45,7.54,--,6,4524,买盘
1804,13:04:42,7.54,0.01,71,53534,买盘
1805,13:04:39,7.53,-0.01,1,753,卖盘
1806,13:04:33,7.54,--,18,13572,买盘
1807,13:04:30,7.54,--,6,4524,买盘
1808,13:04:27,7.54,--,105,79170,买盘
1809,13:04:24,7.54,--,20,15080,买盘
1810,13:04:18,7.54,--,1,754,买盘
1811,13:04:15,7.54,--,23,17342,买盘
1812,13:04:12,7.54,--,380,286520,买盘
1813,13:04:09,7.54,--,6,4524,买盘
1814,13:04:06,7.54,0.01,111,83694,买盘
1815,13:04:03,7.53,-0.01,36,27108,卖盘
1816,13:04:00,7.54,--,1,754,买盘
1817,13:03:57,7.54,0.01,19,14326,买盘
1818,13:03:51,7.53,-0.01,1,753,卖盘
1819,13:03:48,7.54,--,2,1508,买盘
1820,13:03:45,7.54,--,26,19604,买盘
1821,13:03:42,7.54,--,263,198302,买盘
1822,13:03:39,7.54,0.01,31,23374,买盘
1823,13:03:36,7.53,--,9,6777,卖盘
1824,13:03:33,7.53,-0.01,10,7530,卖盘
1825,13:03:27,7.54,--,2,1508,买盘
1826,13:03:24,7.54,0.01,60,45240,买盘
1827,13:03:21,7.53,-0.01,78,58734,卖盘
1828,13:03:12,7.54,--,1,754,买盘
1829,13:03:09,7.54,0.01,72,54288,买盘
1830,13:03:06,7.53,--,6,4518,卖盘
1831,13:03:03,7.53,--,25,18825,卖盘
1832,13:03:00,7.53,--,366,275598,卖盘
1833,13:02:57,7.53,--,45,33885,卖盘
1834,13:02:54,7.53,-0.01,5,3765,卖盘
1835,13:02:51,7.54,--,60,45240,买盘
1836,13:02:45,7.54,0.01,4,3016,买盘
1837,13:02:39,7.53,--,20,15060,卖盘
1838,13:02:36,7.53,--,11,8283,卖盘
1839,13:02:33,7.53,-0.01,33,24849,卖盘
1840,13:02:30,7.54,0.01,2,1508,买盘
1841,13:02:27,7.53,-0.01,148,111444,卖盘
1842,13:02:21,7.54,--,11,8294,买盘
1843,13:02:18,7.54,--,9,6786,买盘
1844,13:02:15,7.54,0.01,108,81432,买盘
1845,13:02:12,7.53,-0.01,6,4518,卖盘
1846,13:02:09,7.54,--,10,7540,买盘
1847,13:02:06,7.54,--,126,95004,买盘
1848,13:02:00,7.54,--,30,22620,买盘
1849,13:01:54,7.54,--,1,754,买盘
1850,13:01:51,7.54,--,39,29406,买盘
1851,13:01:48,7.54,--,34,25636,买盘
1852,13:01:45,7.54,--,1,754,买盘
1853,13:01:42,7.54,0.01,8,6032,买盘
1854,13:01:36,7.53,--,16,12048,卖盘
1855,13:01:33,7.53,--,18,13554,卖盘
1856,13:01:30,7.53,--,9,6777,卖盘
1857,13:01:24,7.53,--,53,39909,卖盘
1858,13:01:21,7.53,--,58,43674,卖盘
1859,13:01:18,7.53,-0.01,294,221382,卖盘
1860,13:01:15,7.54,--,41,30914,买盘
1861,13:01:12,7.54,--,26,19604,买盘
1862,13:01:09,7.54,0.01,26,19604,买盘
1863,13:01:06,7.53,--,10,7530,卖盘
1864,13:01:03,7.53,--,28,21084,卖盘
1865,13:01:00,7.53,--,24,18072,卖盘
1866,13:00:57,7.53,-0.01,13,9789,卖盘
1867,13:00:54,7.54,--,1,754,买盘
1868,13:00:51,7.54,0.01,66,49764,买盘
1869,13:00:48,7.53,-0.01,43,32379,卖盘
1870,13:00:45,7.54,0.01,1,754,买盘
1871,13:00:42,7.53,-0.01,17,12801,卖盘
1872,13:00:39,7.54,0.01,11,8294,买盘
1873,13:00:36,7.53,--,27,20331,卖盘
1874,13:00:33,7.53,-0.01,7,5271,卖盘
1875,13:00:30,7.54,0.01,17,12818,买盘
1876,13:00:27,7.53,-0.01,181,136293,卖盘
1877,13:00:24,7.54,--,69,52026,买盘
1878,13:00:21,7.54,--,1,754,买盘
1879,13:00:12,7.54,--,10,7540,买盘
1880,13:00:09,7.54,--,99,74646,买盘
1881,13:00:06,7.54,--,680,512720,买盘
1882,13:00:03,7.54,--,1458,1099332,买盘
1883,13:00:00,7.54,--,874,658996,卖盘
1884,11:30:00,7.54,--,127,95758,买盘
1885,11:29:54,7.54,--,2,1508,买盘
1886,11:29:51,7.54,--,35,26390,买盘
1887,11:29:48,7.54,0.01,132,99528,买盘
1888,11:29:42,7.53,-0.01,3,2259,卖盘
1889,11:29:39,7.54,--,61,45994,买盘
1890,11:29:36,7.54,0.01,1000,754000,买盘
1891,11:29:33,7.53,-0.01,6,4518,卖盘
1892,11:29:27,7.54,--,45,33930,买盘
1893,11:29:24,7.54,--,1028,775112,买盘
1894,11:29:18,7.54,0.01,8,6032,买盘
1895,11:29:15,7.53,-0.01,89,67017,卖盘
1896,11:29:12,7.54,0.01,30,22620,买盘
1897,11:29:09,7.53,-0.01,26,19578,卖盘
1898,11:28:57,7.54,0.01,5,3770,买盘
1899,11:28:54,7.53,--,38,28614,卖盘
1900,11:28:48,7.53,-0.01,10,7530,卖盘
1901,11:28:45,7.54,0.01,33,24882,买盘
1902,11:28:42,7.53,--,5,3765,卖盘
1903,11:28:39,7.53,--,16,12048,卖盘
1904,11:28:33,7.53,--,2,1506,卖盘
1905,11:28:30,7.53,-0.01,19,14307,卖盘
1906,11:28:27,7.54,--,2,1508,买盘
1907,11:28:15,7.54,--,5,3770,买盘
1908,11:28:12,7.54,0.01,82,61828,买盘
1909,11:28:09,7.53,-0.01,26,19578,卖盘
1910,11:28:06,7.54,0.01,8,6032,买盘
1911,11:28:03,7.53,--,77,57981,卖盘
1912,11:27:54,7.53,-0.01,1,753,卖盘
1913,11:27:51,7.54,0.01,1,754,买盘
1914,11:27:45,7.53,0.01,88,66264,买盘
1915,11:27:42,7.52,--,14,10528,卖盘
1916,11:27:39,7.52,-0.01,123,92496,卖盘
1917,11:27:36,7.53,--,54,40662,买盘
1918,11:27:33,7.53,0.01,269,202557,买盘
1919,11:27:30,7.52,-0.01,6,4512,卖盘
1920,11:27:27,7.53,--,1,753,买盘
1921,11:27:18,7.53,--,15,11295,买盘
1922,11:27:12,7.53,0.01,12,9036,买盘
1923,11:27:09,7.52,-0.01,16,12032,卖盘
1924,11:27:06,7.53,--,137,103161,买盘
1925,11:27:03,7.53,--,1726,1299678,买盘
1926,11:26:57,7.53,--,43,32379,买盘
1927,11:26:51,7.53,--,1,753,买盘
1928,11:26:45,7.53,0.01,1,753,买盘
1929,11:26:42,7.52,--,23,17296,卖盘
1930,11:26:39,7.52,-0.01,17,12784,卖盘
1931,11:26:36,7.53,0.01,10,7530,买盘
1932,11:26:33,7.52,--,200,150400,卖盘
1933,11:26:30,7.52,-0.01,21,15792,卖盘
1934,11:26:27,7.53,0.01,1,753,买盘
1935,11:26:21,7.52,-0.01,14,10528,卖盘
1936,11:26:12,7.53,--,5,3765,买盘
1937,11:26:09,7.53,0.01,97,73041,买盘
1938,11:26:06,7.52,-0.01,23,17296,卖盘
1939,11:26:00,7.53,--,24,18072,买盘
1940,11:25:57,7.53,--,462,347886,买盘
1941,11:25:51,7.53,--,37,27861,买盘
1942,11:25:48,7.53,0.01,39,29367,买盘
1943,11:25:45,7.52,--,14,10528,卖盘
1944,11:25:42,7.52,-0.01,2,1504,卖盘
1945,11:25:39,7.53,--,7,5271,买盘
1946,11:25:36,7.53,--,20,15060,买盘
1947,11:25:33,7.53,0.01,2,1506,买盘
1948,11:25:30,7.52,-0.01,103,77456,卖盘
1949,11:25:24,7.53,--,5,3765,买盘
1950,11:25:21,7.53,--,100,75300,买盘
1951,11:25:18,7.53,--,7,5271,买盘
1952,11:25:12,7.53,--,12,9036,买盘
1953,11:25:09,7.53,--,10,7530,买盘
1954,11:25:06,7.53,0.01,175,131775,买盘
1955,11:25:00,7.52,--,10,7520,卖盘
1956,11:24:54,7.52,--,10,7520,卖盘
1957,11:24:51,7.52,--,1,752,卖盘
1958,11:24:45,7.52,-0.01,25,18800,卖盘
1959,11:24:42,7.53,--,4,3012,买盘
1960,11:24:39,7.53,0.01,5,3765,买盘
1961,11:24:36,7.52,-0.01,36,27072,卖盘
1962,11:24:33,7.53,0.01,5,3765,买盘
1963,11:24:30,7.52,--,1,752,卖盘
1964,11:24:27,7.52,--,11,8272,卖盘
1965,11:24:21,7.52,-0.01,19,14288,卖盘
1966,11:24:18,7.53,--,67,50451,买盘
1967,11:24:15,7.53,--,100,75300,买盘
1968,11:24:06,7.53,0.01,3,2259,买盘
1969,11:24:03,7.52,-0.01,4,3008,卖盘
1970,11:24:00,7.53,0.01,54,40662,买盘
1971,11:23:57,7.52,-0.01,7,5264,卖盘
1972,11:23:51,7.53,--,5,3765,买盘
1973,11:23:48,7.53,--,1,753,买盘
1974,11:23:45,7.53,0.01,1,753,买盘
1975,11:23:42,7.52,-0.01,108,81216,卖盘
1976,11:23:39,7.53,--,14,10542,买盘
1977,11:23:36,7.53,--,323,243219,卖盘
1978,11:23:30,7.53,--,13,9789,卖盘
1979,11:23:27,7.53,--,201,151353,卖盘
1980,11:23:21,7.53,--,2,1506,卖盘
1981,11:23:15,7.53,--,29,21837,卖盘
1982,11:23:12,7.53,-0.01,41,30873,卖盘
1983,11:23:09,7.54,0.01,45,33930,买盘
1984,11:23:06,7.53,-0.01,1062,799686,卖盘
1985,11:23:03,7.54,--,106,79924,买盘
1986,11:22:57,7.54,--,24,18096,买盘
1987,11:22:51,7.54,--,19,14326,买盘
1988,11:22:48,7.54,--,1,754,买盘
1989,11:22:45,7.54,0.01,32,24128,买盘
1990,11:22:42,7.53,-0.01,20,15060,卖盘
1991,11:22:39,7.54,--,4,3016,买盘
1992,11:22:36,7.54,0.01,10,7540,买盘
1993,11:22:33,7.53,-0.01,232,174696,卖盘
1994,11:22:30,7.54,--,363,273702,买盘
1995,11:22:27,7.54,--,7,5278,买盘
1996,11:22:24,7.54,0.01,54,40716,买盘
1997,11:22:21,7.53,-0.01,4,3012,卖盘
1998,11:22:18,7.54,--,2,1508,买盘
1999,11:22:15,7.54,0.01,2,1508,买盘
2000,11:22:12,7.53,--,10,7530,卖盘
2001,11:22:09,7.53,-0.01,57,42921,卖盘
2002,11:22:06,7.54,--,1,754,买盘
2003,11:22:03,7.54,--,1,754,买盘
2004,11:22:00,7.54,0.01,8,6032,买盘
2005,11:21:57,7.53,--,100,75300,卖盘
2006,11:21:51,7.53,--,3,2259,卖盘
2007,11:21:48,7.53,-0.01,6,4518,卖盘
2008,11:21:45,7.54,0.01,28,21112,买盘
2009,11:21:42,7.53,-0.01,31,23343,卖盘
2010,11:21:39,7.54,--,10,7540,买盘
2011,11:21:36,7.54,0.01,218,164372,买盘
2012,11:21:30,7.53,--,30,22590,卖盘
2013,11:21:27,7.53,--,117,88101,卖盘
2014,11:21:21,7.53,-0.01,21,15813,卖盘
2015,11:21:18,7.54,--,2,1508,买盘
2016,11:21:12,7.54,--,42,31668,买盘
2017,11:21:06,7.54,0.01,33,24882,买盘
2018,11:21:03,7.53,-0.01,324,243972,卖盘
2019,11:21:00,7.54,--,74,55796,买盘
2020,11:20:57,7.54,--,5,3770,买盘
2021,11:20:51,7.54,--,1,754,买盘
2022,11:20:48,7.54,0.01,6,4524,买盘
2023,11:20:45,7.53,--,36,27108,卖盘
2024,11:20:42,7.53,--,22,16566,卖盘
2025,11:20:39,7.53,-0.01,55,41415,卖盘
2026,11:20:36,7.54,0.01,8,6032,买盘
2027,11:20:33,7.53,--,105,79065,卖盘
2028,11:20:30,7.53,--,1,753,卖盘
2029,11:20:27,7.53,--,11,8283,卖盘
2030,11:20:21,7.53,-0.01,19,14307,卖盘
2031,11:20:18,7.54,0.01,8,6032,买盘
2032,11:20:15,7.53,--,10,7530,卖盘
2033,11:20:09,7.53,-0.01,42,31626,卖盘
2034,11:20:03,7.54,--,7,5278,买盘
2035,11:20:00,7.54,--,54,40716,买盘
2036,11:19:57,7.54,0.01,5,3770,买盘
2037,11:19:54,7.53,-0.01,39,29367,卖盘
2038,11:19:51,7.54,--,48,36192,买盘
2039,11:19:48,7.54,--,542,408668,买盘
2040,11:19:45,7.54,0.01,81,61074,买盘
2041,11:19:42,7.53,--,41,30873,卖盘
2042,11:19:39,7.53,--,39,29367,卖盘
2043,11:19:30,7.53,--,27,20331,卖盘
2044,11:19:27,7.53,-0.01,11,8283,卖盘
2045,11:19:18,7.54,0.01,2,1508,买盘
2046,11:19:15,7.53,--,10,7530,卖盘
2047,11:19:12,7.53,-0.01,16,12048,卖盘
2048,11:19:09,7.54,--,6,4524,买盘
2049,11:19:06,7.54,--,55,41470,买盘
2050,11:19:03,7.54,--,2,1508,买盘
2051,11:19:00,7.54,--,1,754,买盘
2052,11:18:57,7.54,0.01,40,30160,买盘
2053,11:18:54,7.53,--,54,40662,卖盘
2054,11:18:51,7.53,-0.01,10,7530,卖盘
2055,11:18:48,7.54,0.01,49,36946,买盘
2056,11:18:42,7.53,-0.01,18,13554,卖盘
2057,11:18:39,7.54,0.01,1,754,买盘
2058,11:18:30,7.53,-0.01,26,19578,卖盘
2059,11:18:27,7.54,--,13,9802,买盘
2060,11:18:21,7.54,--,20,15080,买盘
2061,11:18:18,7.54,--,2,1508,买盘
2062,11:18:15,7.54,0.01,7,5278,买盘
2063,11:18:12,7.53,-0.01,16,12048,卖盘
2064,11:18:06,7.54,--,61,45994,买盘
2065,11:18:03,7.54,--,3,2262,买盘
2066,11:18:00,7.54,--,26,19604,买盘
2067,11:17:57,7.54,0.02,2,1508,买盘
2068,11:17:51,7.52,-0.02,1,752,卖盘
2069,11:17:48,7.54,0.01,14,11159,买盘
2070,11:17:45,7.53,--,236,177858,卖盘
2071,11:17:42,7.53,--,4,3012,卖盘
2072,11:17:39,7.53,-0.01,72,54216,卖盘
2073,11:17:36,7.54,--,10,7540,买盘
2074,11:17:33,7.54,0.01,257,193778,买盘
2075,11:17:30,7.53,--,240,181322,买盘
2076,11:17:18,7.53,--,1,753,买盘
2077,11:17:15,7.53,0.01,1,753,买盘
2078,11:17:09,7.52,-0.01,119,89488,卖盘
2079,11:17:06,7.53,--,77,57981,买盘
2080,11:17:03,7.53,0.01,4,3012,买盘
2081,11:17:00,7.52,-0.01,20,15040,卖盘
2082,11:16:54,7.53,--,50,37650,买盘
2083,11:16:48,7.53,--,1,753,买盘
2084,11:16:45,7.53,0.01,16,12048,买盘
2085,11:16:42,7.52,--,11,8272,卖盘
2086,11:16:39,7.52,-0.01,89,66928,卖盘
2087,11:16:36,7.53,--,93,70029,买盘
2088,11:16:33,7.53,0.01,5,3765,买盘
2089,11:16:30,7.52,-0.01,128,96256,卖盘
2090,11:16:27,7.53,--,5,3765,买盘
2091,11:16:18,7.53,--,6,4518,买盘
2092,11:16:15,7.53,--,89,67017,买盘
2093,11:16:09,7.53,--,12,9036,买盘
2094,11:16:06,7.53,--,1,753,买盘
2095,11:15:57,7.53,--,55,41415,买盘
2096,11:15:54,7.53,--,1256,945768,买盘
2097,11:15:51,7.53,0.01,20,15060,买盘
2098,11:15:42,7.52,--,17,12784,卖盘
2099,11:15:36,7.52,--,6,4512,卖盘
2100,11:15:33,7.52,0.01,103,77456,买盘
2101,11:15:30,7.51,-0.01,1,751,卖盘
2102,11:15:27,7.52,--,1,752,买盘
2103,11:15:21,7.52,-0.01,4,3008,卖盘
2104,11:15:18,7.53,0.01,13,9789,买盘
2105,11:15:15,7.52,-0.01,126,94752,中性盘
2106,11:15:12,7.53,0.01,59,44427,买盘
2107,11:15:09,7.52,0.01,20,15040,买盘
2108,11:14:54,7.51,--,20,15020,卖盘
2109,11:14:51,7.51,-0.01,220,165220,卖盘
2110,11:14:48,7.52,--,84,63168,买盘
2111,11:14:45,7.52,0.01,68,51136,买盘
2112,11:14:42,7.51,-0.01,414,310914,卖盘
2113,11:14:39,7.52,--,252,189504,买盘
2114,11:14:33,7.52,0.01,15,11280,买盘
2115,11:14:30,7.51,-0.01,358,268858,卖盘
2116,11:14:27,7.52,--,163,122576,买盘
2117,11:14:24,7.52,--,898,675296,买盘
2118,11:14:18,7.52,0.01,10,7520,买盘
2119,11:14:12,7.51,-0.01,5,3755,卖盘
2120,11:14:06,7.52,--,7,5264,买盘
2121,11:14:03,7.52,0.01,59,44368,买盘
2122,11:14:00,7.51,--,1,751,卖盘
2123,11:13:57,7.51,-0.01,35,26285,卖盘
2124,11:13:48,7.52,--,1,752,买盘
2125,11:13:45,7.52,0.01,27,20304,买盘
2126,11:13:42,7.51,-0.01,3,2253,卖盘
2127,11:13:39,7.52,0.01,68,51136,买盘
2128,11:13:30,7.51,--,7,5257,卖盘
2129,11:13:24,7.51,-0.01,94,70594,卖盘
2130,11:13:21,7.52,0.01,440,330880,买盘
2131,11:13:18,7.51,-0.01,366,274866,卖盘
2132,11:13:15,7.52,--,4,3008,买盘
2133,11:13:12,7.52,0.01,5,3760,买盘
2134,11:13:09,7.51,-0.01,101,75851,卖盘
2135,11:13:06,7.52,--,4,3008,买盘
2136,11:13:03,7.52,--,22,16544,买盘
2137,11:12:54,7.52,0.01,25,18800,买盘
2138,11:12:51,7.51,-0.01,566,425066,卖盘
2139,11:12:48,7.52,--,1,752,买盘
2140,11:12:45,7.52,0.01,8,6016,买盘
2141,11:12:42,7.51,-0.01,27,20277,卖盘
2142,11:12:39,7.52,--,192,144384,买盘
2143,11:12:36,7.52,--,10,7520,买盘
2144,11:12:33,7.52,--,60,45120,买盘
2145,11:12:30,7.52,--,24,18048,买盘
2146,11:12:27,7.52,0.01,51,38352,买盘
2147,11:12:24,7.51,-0.01,2,1502,卖盘
2148,11:12:18,7.52,0.01,12,9024,买盘
2149,11:12:12,7.51,-0.01,2,1502,卖盘
2150,11:12:06,7.52,--,54,40608,买盘
2151,11:12:03,7.52,0.01,3,2256,买盘
2152,11:12:00,7.51,-0.01,1,751,卖盘
2153,11:11:51,7.52,--,15,11280,买盘
2154,11:11:48,7.52,0.01,301,226352,买盘
2155,11:11:45,7.51,--,21,15771,卖盘
2156,11:11:42,7.51,--,18,13518,卖盘
2157,11:11:39,7.51,-0.01,21,15771,卖盘
2158,11:11:36,7.52,--,142,106784,买盘
2159,11:11:33,7.52,0.01,2,1504,买盘
2160,11:11:30,7.51,-0.01,1,751,卖盘
2161,11:11:24,7.52,0.01,1,752,买盘
2162,11:11:21,7.51,--,3,2253,卖盘
2163,11:11:18,7.51,-0.01,6,4506,卖盘
2164,11:11:15,7.52,0.02,122,91744,买盘
2165,11:11:12,7.5,-0.01,198,148500,卖盘
2166,11:11:09,7.51,--,67,50317,买盘
2167,11:11:06,7.51,--,145,108895,买盘
2168,11:11:03,7.51,0.01,8,6008,买盘
2169,11:11:00,7.5,-0.01,128,96000,卖盘
2170,11:10:57,7.51,--,184,138184,买盘
2171,11:10:51,7.51,--,36,27036,买盘
2172,11:10:48,7.51,0.01,11,8261,买盘
2173,11:10:45,7.5,--,130,97500,卖盘
2174,11:10:42,7.5,-0.01,36,27000,卖盘
2175,11:10:39,7.51,0.01,41,30791,买盘
2176,11:10:36,7.5,-0.01,7,5250,卖盘
2177,11:10:33,7.51,--,13,9763,买盘
2178,11:10:30,7.51,--,224,168224,买盘
2179,11:10:27,7.51,--,2,1502,买盘
2180,11:10:18,7.51,0.01,2,1502,买盘
2181,11:10:15,7.5,-0.01,52,39000,卖盘
2182,11:10:12,7.51,0.01,5,3755,买盘
2183,11:10:09,7.5,-0.01,14,10500,卖盘
2184,11:10:06,7.51,--,11,8261,买盘
2185,11:10:03,7.51,--,86,64586,买盘
2186,11:10:00,7.51,--,11,8261,买盘
2187,11:09:57,7.51,--,100,75100,买盘
2188,11:09:54,7.51,--,5,3755,买盘
2189,11:09:51,7.51,0.01,72,54072,买盘
2190,11:09:48,7.5,-0.01,192,144000,卖盘
2191,11:09:45,7.51,0.01,43,32293,买盘
2192,11:09:42,7.5,-0.01,20,15000,卖盘
2193,11:09:39,7.51,0.01,1,751,买盘
2194,11:09:36,7.5,-0.01,88,66000,卖盘
2195,11:09:33,7.51,0.01,100,75100,买盘
2196,11:09:30,7.5,-0.01,9,6750,卖盘
2197,11:09:27,7.51,0.01,1,751,买盘
2198,11:09:24,7.5,--,42,31500,卖盘
2199,11:09:21,7.5,-0.01,211,158250,卖盘
2200,11:09:18,7.51,--,45,33795,买盘
2201,11:09:15,7.51,--,72,54072,买盘
2202,11:09:12,7.51,--,302,226802,买盘
2203,11:09:06,7.51,0.01,17,12767,买盘
2204,11:09:03,7.5,--,353,264750,卖盘
2205,11:09:00,7.5,--,28,21000,卖盘
2206,11:08:57,7.5,--,28,21000,卖盘
2207,11:08:54,7.5,-0.01,170,127500,卖盘
2208,11:08:51,7.51,0.01,24,18024,买盘
2209,11:08:48,7.5,--,36,27000,卖盘
2210,11:08:45,7.5,--,72,54000,卖盘
2211,11:08:42,7.5,-0.01,98,73500,卖盘
2212,11:08:39,7.51,0.01,54,40554,买盘
2213,11:08:30,7.5,--,9,6750,卖盘
2214,11:08:27,7.5,0.01,190,142500,买盘
2215,11:08:24,7.49,-0.01,115,86135,卖盘
2216,11:08:21,7.5,-0.01,22,16500,卖盘
2217,11:08:18,7.51,--,130,97630,买盘
2218,11:08:15,7.51,0.01,6,4506,买盘
2219,11:08:12,7.5,--,122,91500,卖盘
2220,11:08:09,7.5,-0.01,2000,1500000,卖盘
2221,11:08:06,7.51,0.01,1,751,买盘
2222,11:08:00,7.5,-0.01,21,15750,卖盘
2223,11:07:57,7.51,0.01,5,3755,买盘
2224,11:07:54,7.5,--,32,24000,卖盘
2225,11:07:48,7.5,--,1,750,卖盘
2226,11:07:42,7.5,-0.01,106,79500,卖盘
2227,11:07:39,7.51,0.01,86,64586,买盘
2228,11:07:36,7.5,--,61,45750,卖盘
2229,11:07:33,7.5,-0.01,67,50250,卖盘
2230,11:07:30,7.51,0.01,52,39052,买盘
2231,11:07:27,7.5,--,21,15750,卖盘
2232,11:07:21,7.5,--,61,45750,卖盘
2233,11:07:18,7.5,--,44,33000,卖盘
2234,11:07:15,7.5,--,276,207000,卖盘
2235,11:07:12,7.5,-0.01,1,750,卖盘
2236,11:07:09,7.51,--,15,11265,买盘
2237,11:07:06,7.51,--,1,751,买盘
2238,11:07:00,7.51,0.01,11,8261,买盘
2239,11:06:51,7.5,-0.01,4,3000,卖盘
2240,11:06:48,7.51,0.01,10,7510,买盘
2241,11:06:45,7.5,--,1,750,卖盘
2242,11:06:42,7.5,-0.01,56,42000,卖盘
2243,11:06:30,7.51,--,10,7510,买盘
2244,11:06:27,7.51,0.01,219,164469,买盘
2245,11:06:24,7.5,--,4919,3689250,买盘
2246,11:06:21,7.5,--,13,9750,买盘
2247,11:06:18,7.5,--,340,255000,卖盘
2248,11:06:15,7.5,--,289,216750,买盘
2249,11:06:09,7.5,--,59,44250,买盘
2250,11:06:06,7.5,--,176,132000,买盘
2251,11:06:03,7.5,--,46,34500,买盘
2252,11:06:00,7.5,--,495,371250,卖盘
2253,11:05:48,7.5,-0.01,31,23250,卖盘
2254,11:05:45,7.51,0.01,23,17273,买盘
2255,11:05:42,7.5,-0.01,545,408750,卖盘
2256,11:05:39,7.51,--,9,6759,买盘
2257,11:05:36,7.51,--,200,150200,买盘
2258,11:05:30,7.51,0.01,6,4506,买盘
2259,11:05:27,7.5,-0.01,106,79500,卖盘
2260,11:05:24,7.51,--,13,9763,买盘
2261,11:05:21,7.51,--,202,151702,买盘
2262,11:05:18,7.51,--,54,40554,买盘
2263,11:05:15,7.51,--,18,13518,买盘
2264,11:05:09,7.51,--,2,1502,买盘
2265,11:05:06,7.51,0.01,24,18024,买盘
2266,11:05:03,7.5,--,479,359250,卖盘
2267,11:05:00,7.5,--,125,93750,卖盘
2268,11:04:57,7.5,--,243,182250,卖盘
2269,11:04:54,7.5,--,117,87750,卖盘
2270,11:04:51,7.5,--,102,76500,卖盘
2271,11:04:48,7.5,--,22,16500,卖盘
2272,11:04:42,7.5,-0.01,110,82500,卖盘
2273,11:04:39,7.51,--,1298,974798,买盘
2274,11:04:36,7.51,0.01,104,78104,买盘
2275,11:04:33,7.5,--,1,750,卖盘
2276,11:04:30,7.5,-0.01,2,1500,卖盘
2277,11:04:27,7.51,0.01,14,10514,买盘
2278,11:04:24,7.5,--,50,37500,卖盘
2279,11:04:21,7.5,--,18,13500,卖盘
2280,11:04:18,7.5,--,22,16500,卖盘
2281,11:04:15,7.5,-0.01,34,25500,卖盘
2282,11:04:03,7.51,0.01,16,12016,买盘
2283,11:04:00,7.5,-0.01,124,93000,卖盘
2284,11:03:54,7.51,0.01,28,21028,买盘
2285,11:03:51,7.5,--,584,438000,买盘
2286,11:03:48,7.5,--,73,54750,买盘
2287,11:03:45,7.5,0.01,250,187500,买盘
2288,11:03:42,7.49,-0.01,65,48685,卖盘
2289,11:03:36,7.5,--,54,40500,买盘
2290,11:03:33,7.5,--,1241,930750,买盘
2291,11:03:30,7.5,--,3,2250,买盘
2292,11:03:27,7.5,0.01,3,2250,买盘
2293,11:03:24,7.49,--,67,50183,卖盘
2294,11:03:21,7.49,-0.01,1,749,卖盘
2295,11:03:18,7.5,--,12,9000,买盘
2296,11:03:15,7.5,0.01,249,186750,买盘
2297,11:03:12,7.49,-0.01,10,7490,卖盘
2298,11:03:09,7.5,0.01,13,9750,买盘
2299,11:03:06,7.49,--,60,44940,卖盘
2300,11:03:03,7.49,-0.01,1,749,卖盘
2301,11:03:00,7.5,--,80,60000,买盘
2302,11:02:57,7.5,0.01,41,30750,买盘
2303,11:02:54,7.49,-0.01,3,2247,卖盘
2304,11:02:51,7.5,--,50,37500,买盘
2305,11:02:48,7.5,--,44,33000,买盘
2306,11:02:45,7.5,--,536,402000,卖盘
2307,11:02:42,7.5,--,109,81750,卖盘
2308,11:02:39,7.5,--,62,46500,卖盘
2309,11:02:36,7.5,-0.01,112,84000,卖盘
2310,11:02:33,7.51,--,259,194509,买盘
2311,11:02:30,7.51,0.01,6187,4646437,买盘
2312,11:02:27,7.5,-0.01,1,750,卖盘
2313,11:02:24,7.51,0.01,41,30791,买盘
2314,11:02:15,7.5,-0.01,1,750,卖盘
2315,11:02:12,7.51,0.01,10,7510,买盘
2316,11:02:09,7.5,-0.01,23,17250,卖盘
2317,11:02:06,7.51,--,160,120160,买盘
2318,11:02:03,7.51,0.01,71,53321,买盘
2319,11:02:00,7.5,--,84,63000,卖盘
2320,11:01:57,7.5,-0.01,78,58500,卖盘
2321,11:01:54,7.51,0.01,1,751,买盘
2322,11:01:51,7.5,--,90,67500,卖盘
2323,11:01:48,7.5,--,28,21000,卖盘
2324,11:01:45,7.5,--,543,407250,卖盘
2325,11:01:42,7.5,-0.01,30,22500,卖盘
2326,11:01:39,7.51,--,14,10514,买盘
2327,11:01:33,7.51,--,51,38301,买盘
2328,11:01:30,7.51,0.01,12,9012,买盘
2329,11:01:27,7.5,-0.01,2,1500,卖盘
2330,11:01:24,7.51,0.01,29,21779,买盘
2331,11:01:21,7.5,--,580,435000,卖盘
2332,11:01:18,7.5,-0.01,108,81000,卖盘
2333,11:01:15,7.51,--,561,421311,买盘
2334,11:01:12,7.51,0.01,5,3755,买盘
2335,11:01:09,7.5,-0.01,34,25500,卖盘
2336,11:01:06,7.51,--,31,23281,买盘
2337,11:01:03,7.51,--,10,7510,买盘
2338,11:01:00,7.51,0.01,37,27787,买盘
2339,11:00:57,7.5,--,30,22500,卖盘
2340,11:00:54,7.5,-0.01,57,42750,卖盘
2341,11:00:51,7.51,0.01,20,15020,买盘
2342,11:00:48,7.5,-0.01,36,27000,卖盘
2343,11:00:45,7.51,0.01,88,66088,买盘
2344,11:00:42,7.5,-0.01,79,59250,卖盘
2345,11:00:39,7.51,0.01,78,58578,买盘
2346,11:00:36,7.5,-0.01,31,23250,卖盘
2347,11:00:33,7.51,--,24,18024,买盘
2348,11:00:30,7.51,--,429,322179,买盘
2349,11:00:27,7.51,--,91,68341,买盘
2350,11:00:24,7.51,0.01,189,141939,买盘
2351,11:00:21,7.5,-0.01,66,49500,卖盘
2352,11:00:18,7.51,--,31,23281,买盘
2353,11:00:15,7.51,--,343,257593,买盘
2354,11:00:12,7.51,0.01,196,147196,买盘
2355,11:00:09,7.5,--,40,30000,卖盘
2356,11:00:06,7.5,--,107,80250,卖盘
2357,11:00:03,7.5,--,174,130500,卖盘
2358,11:00:00,7.5,--,6,4500,卖盘
2359,10:59:57,7.5,--,26,19500,卖盘
2360,10:59:54,7.5,--,32,24000,卖盘
2361,10:59:51,7.5,--,54,40500,卖盘
2362,10:59:48,7.5,--,62,46500,卖盘
2363,10:59:45,7.5,--,322,241500,卖盘
2364,10:59:42,7.5,--,2385,1788750,卖盘
2365,10:59:39,7.5,-0.01,24,18000,卖盘
2366,10:59:33,7.51,0.01,13,9763,买盘
2367,10:59:27,7.5,--,30,22500,卖盘
2368,10:59:21,7.5,--,17,12750,卖盘
2369,10:59:18,7.5,--,135,101250,卖盘
2370,10:59:15,7.5,-0.01,18,13500,卖盘
2371,10:59:12,7.51,--,19,14269,买盘
2372,10:59:09,7.51,--,178,133678,买盘
2373,10:59:06,7.51,-0.01,4281,3215031,卖盘
2374,10:59:03,7.52,--,17,12784,买盘
2375,10:59:00,7.52,0.01,11,8272,买盘
2376,10:58:57,7.51,-0.01,18,13518,卖盘
2377,10:58:54,7.52,--,23,17296,买盘
2378,10:58:51,7.52,0.01,541,406832,买盘
2379,10:58:48,7.51,--,1,751,卖盘
2380,10:58:45,7.51,--,24,18024,卖盘
2381,10:58:42,7.51,-0.01,104,78104,卖盘
2382,10:58:39,7.52,--,18,13536,买盘
2383,10:58:36,7.52,--,65,48880,买盘
2384,10:58:33,7.52,0.01,360,270720,买盘
2385,10:58:30,7.51,--,1750,1314250,卖盘
2386,10:58:27,7.51,-0.01,56,42056,卖盘
2387,10:58:24,7.52,--,9,6768,买盘
2388,10:58:21,7.52,0.01,193,145136,买盘
2389,10:58:18,7.51,--,107,80357,卖盘
2390,10:58:15,7.51,-0.01,4,3004,卖盘
2391,10:58:12,7.52,0.01,14,10528,买盘
2392,10:58:09,7.51,--,300,225300,卖盘
2393,10:58:06,7.51,--,17,12767,卖盘
2394,10:58:03,7.51,--,8,6008,卖盘
2395,10:58:00,7.51,--,11,8261,卖盘
2396,10:57:57,7.51,-0.01,128,96128,卖盘
2397,10:57:51,7.52,0.01,17,12784,买盘
2398,10:57:48,7.51,--,2,1502,卖盘
2399,10:57:45,7.51,--,17,12767,卖盘
2400,10:57:42,7.51,-0.01,4,3004,卖盘
2401,10:57:33,7.52,0.01,2,1504,买盘
2402,10:57:30,7.51,--,31,23281,卖盘
2403,10:57:27,7.51,-0.01,327,245577,卖盘
2404,10:57:24,7.52,--,5,3760,买盘
2405,10:57:21,7.52,0.01,29,21808,买盘
2406,10:57:18,7.51,--,6,4506,卖盘
2407,10:57:15,7.51,-0.01,47,35297,卖盘
2408,10:57:12,7.52,0.01,15,11280,买盘
2409,10:57:09,7.51,--,14,10514,卖盘
2410,10:57:06,7.51,--,15,11265,卖盘
2411,10:57:03,7.51,-0.01,39,29289,卖盘
2412,10:57:00,7.52,--,3,2256,买盘
2413,10:56:57,7.52,0.01,1,752,买盘
2414,10:56:48,7.51,--,29,21779,卖盘
2415,10:56:45,7.51,--,59,44309,卖盘
2416,10:56:42,7.51,-0.01,2,1502,卖盘
2417,10:56:39,7.52,--,1,752,买盘
2418,10:56:36,7.52,0.01,14,10528,买盘
2419,10:56:33,7.51,--,101,75851,卖盘
2420,10:56:27,7.51,-0.01,8,6008,卖盘
2421,10:56:24,7.52,--,63,47376,买盘
2422,10:56:18,7.52,--,69,51888,买盘
2423,10:56:15,7.52,0.01,1,752,买盘
2424,10:56:09,7.51,-0.01,2,1502,卖盘
2425,10:56:06,7.52,--,1,752,买盘
2426,10:56:03,7.52,0.01,2,1504,买盘
2427,10:56:00,7.51,-0.01,11,8261,卖盘
2428,10:55:57,7.52,0.01,6,4512,买盘
2429,10:55:54,7.51,-0.01,100,75100,卖盘
2430,10:55:48,7.52,0.01,7,5264,买盘
2431,10:55:42,7.51,-0.01,33,24783,卖盘
2432,10:55:39,7.52,--,57,42864,买盘
2433,10:55:36,7.52,0.01,73,54896,买盘
2434,10:55:33,7.51,--,44,33044,卖盘
2435,10:55:30,7.51,--,32,24032,卖盘
2436,10:55:27,7.51,-0.01,53,39803,卖盘
2437,10:55:24,7.52,0.01,700,526400,买盘
2438,10:55:21,7.51,-0.01,20,15020,卖盘
2439,10:55:18,7.52,0.01,22,16544,买盘
2440,10:55:15,7.51,-0.01,78,58578,卖盘
2441,10:55:09,7.52,--,2,1504,买盘
2442,10:55:03,7.52,0.01,15,11280,买盘
2443,10:55:00,7.51,-0.01,1,751,卖盘
2444,10:54:54,7.52,--,6,4512,买盘
2445,10:54:51,7.52,--,7,5264,买盘
2446,10:54:48,7.52,0.01,145,109040,买盘
2447,10:54:45,7.51,--,150,112650,卖盘
2448,10:54:42,7.51,-0.01,19,14269,卖盘
2449,10:54:39,7.52,0.01,47,35344,买盘
2450,10:54:36,7.51,-0.01,20,15020,卖盘
2451,10:54:33,7.52,0.01,6,4512,买盘
2452,10:54:30,7.51,--,13,9763,卖盘
2453,10:54:27,7.51,-0.01,30,22530,卖盘
2454,10:54:21,7.52,0.01,70,52640,买盘
2455,10:54:18,7.51,--,41,30791,卖盘
2456,10:54:15,7.51,-0.01,10,7510,卖盘
2457,10:54:12,7.52,0.01,20,15040,买盘
2458,10:54:09,7.51,-0.01,12,9012,卖盘
2459,10:54:06,7.52,--,2,1504,买盘
2460,10:54:03,7.52,--,22,16544,买盘
2461,10:54:00,7.52,-0.01,31,23312,中性盘
2462,10:53:54,7.53,--,1,753,买盘
2463,10:53:51,7.53,0.01,10,7530,买盘
2464,10:53:48,7.52,--,25,18800,买盘
2465,10:53:45,7.52,0.01,7,5264,买盘
2466,10:53:42,7.51,-0.01,3,2253,卖盘
2467,10:53:36,7.52,--,93,69936,卖盘
2468,10:53:33,7.52,-0.01,34,25568,卖盘
2469,10:53:27,7.53,0.01,104,78312,买盘
2470,10:53:24,7.52,-0.01,1200,902400,卖盘
2471,10:53:18,7.53,0.01,7,5271,买盘
2472,10:53:15,7.52,-0.01,80,60160,卖盘
2473,10:53:09,7.53,--,1,753,买盘
2474,10:53:06,7.53,--,41,30873,买盘
2475,10:53:03,7.53,0.01,14,10542,买盘
2476,10:53:00,7.52,-0.01,189,142128,卖盘
2477,10:52:48,7.53,--,37,27861,买盘
2478,10:52:45,7.53,0.01,47,35391,买盘
2479,10:52:42,7.52,--,55,41360,卖盘
2480,10:52:39,7.52,-0.01,28,21056,卖盘
2481,10:52:36,7.53,--,15,11295,买盘
2482,10:52:33,7.53,0.01,53,39909,买盘
2483,10:52:27,7.52,-0.01,35,26320,卖盘
2484,10:52:21,7.53,0.01,38,28614,买盘
2485,10:52:18,7.52,-0.01,851,639952,卖盘
2486,10:52:12,7.53,0.01,10,7530,买盘
2487,10:52:06,7.52,-0.01,16,12032,卖盘
2488,10:52:03,7.53,0.01,39,29367,买盘
2489,10:52:00,7.52,--,72,54144,卖盘
2490,10:51:48,7.52,-0.01,1,752,卖盘
2491,10:51:45,7.53,0.01,29,21837,买盘
2492,10:51:42,7.52,-0.01,8,6016,卖盘
2493,10:51:39,7.53,--,155,116715,买盘
2494,10:51:36,7.53,0.01,61,45933,买盘
2495,10:51:33,7.52,-0.01,18,13536,卖盘
2496,10:51:30,7.53,0.01,1,753,买盘
2497,10:51:27,7.52,--,22,16544,卖盘
2498,10:51:24,7.52,--,12,9024,卖盘
2499,10:51:21,7.52,--,12,9024,卖盘
2500,10:51:18,7.52,--,1,752,卖盘
2501,10:51:12,7.52,--,8,6016,卖盘
2502,10:51:09,7.52,-0.01,100,75200,卖盘
2503,10:51:06,7.53,--,1,753,买盘
2504,10:51:03,7.53,0.01,18,13554,买盘
2505,10:51:00,7.52,--,2,1504,卖盘
2506,10:50:54,7.52,-0.01,37,27824,卖盘
2507,10:50:51,7.53,0.01,9,6777,买盘
2508,10:50:48,7.52,--,61,45872,卖盘
2509,10:50:42,7.52,--,18,13536,卖盘
2510,10:50:39,7.52,--,10,7520,卖盘
2511,10:50:33,7.52,-0.01,28,21056,卖盘
2512,10:50:30,7.53,0.01,1,753,买盘
2513,10:50:27,7.52,-0.01,3,2256,卖盘
2514,10:50:24,7.53,--,16,12048,买盘
2515,10:50:21,7.53,0.01,314,236442,买盘
2516,10:50:18,7.52,-0.01,1,752,卖盘
2517,10:50:15,7.53,--,16,12048,买盘
2518,10:50:12,7.53,--,8,6024,买盘
2519,10:50:09,7.53,--,57,42921,买盘
2520,10:50:06,7.53,0.01,99,74547,买盘
2521,10:50:03,7.52,--,18,13536,卖盘
2522,10:50:00,7.52,--,1,752,卖盘
2523,10:49:57,7.52,--,16,12032,卖盘
2524,10:49:54,7.52,--,7,5264,卖盘
2525,10:49:51,7.52,--,128,96256,卖盘
2526,10:49:48,7.52,-0.01,17,12784,卖盘
2527,10:49:45,7.53,0.01,6,4518,买盘
2528,10:49:42,7.52,--,151,113552,卖盘
2529,10:49:39,7.52,--,78,58656,卖盘
2530,10:49:36,7.52,-0.01,15,11280,卖盘
2531,10:49:33,7.53,0.01,58,43674,买盘
2532,10:49:30,7.52,--,27,20304,卖盘
2533,10:49:27,7.52,-0.01,38,28576,卖盘
2534,10:49:24,7.53,0.01,66,49698,买盘
2535,10:49:21,7.52,--,21,15792,卖盘
2536,10:49:18,7.52,--,155,116560,卖盘
2537,10:49:12,7.52,--,16,12032,卖盘
2538,10:49:09,7.52,--,306,230112,卖盘
2539,10:49:06,7.52,--,204,153408,卖盘
2540,10:49:03,7.52,--,36,27072,卖盘
2541,10:49:00,7.52,-0.01,1,752,卖盘
2542,10:48:57,7.53,--,13,9789,买盘
2543,10:48:54,7.53,--,241,181473,买盘
2544,10:48:51,7.53,0.01,4,3012,买盘
2545,10:48:48,7.52,-0.01,117,87984,卖盘
2546,10:48:45,7.53,0.01,34,25602,买盘
2547,10:48:42,7.52,-0.01,86,64671,卖盘
2548,10:48:39,7.53,0.01,5,3765,买盘
2549,10:48:36,7.52,--,111,83472,卖盘
2550,10:48:33,7.52,-0.01,19,14288,卖盘
2551,10:48:27,7.53,0.01,10,7530,买盘
2552,10:48:24,7.52,-0.01,60,45120,卖盘
2553,10:48:18,7.53,--,2,1506,买盘
2554,10:48:15,7.53,--,20,15060,买盘
2555,10:48:06,7.53,0.01,7,5271,买盘
2556,10:48:03,7.52,-0.01,16,12032,卖盘
2557,10:48:00,7.53,--,2,1506,买盘
2558,10:47:57,7.53,--,1,753,买盘
2559,10:47:48,7.53,--,2,1506,买盘
2560,10:47:45,7.53,0.01,20,15060,买盘
2561,10:47:42,7.52,--,3,2256,卖盘
2562,10:47:39,7.52,--,5,3760,卖盘
2563,10:47:36,7.52,-0.01,27,20304,卖盘
2564,10:47:33,7.53,0.01,6,4518,买盘
2565,10:47:30,7.52,--,77,57904,卖盘
2566,10:47:27,7.52,-0.01,43,32335,卖盘
2567,10:47:24,7.53,0.01,4,3012,买盘
2568,10:47:21,7.52,--,71,53392,卖盘
2569,10:47:18,7.52,-0.01,18,13536,卖盘
2570,10:47:12,7.53,--,1,753,买盘
2571,10:47:09,7.53,0.01,23,17319,买盘
2572,10:47:06,7.52,--,61,45872,买盘
2573,10:47:03,7.52,0.01,3,2256,买盘
2574,10:47:00,7.51,-0.01,25,18775,卖盘
2575,10:46:57,7.52,0.01,42,31584,买盘
2576,10:46:54,7.51,-0.01,212,159212,卖盘
2577,10:46:51,7.52,0.01,1,752,买盘
2578,10:46:48,7.51,--,29,21779,卖盘
2579,10:46:45,7.51,--,27,20277,卖盘
2580,10:46:42,7.51,--,5,3755,卖盘
2581,10:46:39,7.51,-0.01,58,43558,卖盘
2582,10:46:36,7.52,--,87,65423,买盘
2583,10:46:33,7.52,--,20,15040,买盘
2584,10:46:30,7.52,--,18,13536,买盘
2585,10:46:27,7.52,--,9,6768,买盘
2586,10:46:24,7.52,--,75,56400,买盘
2587,10:46:21,7.52,--,8,6016,买盘
2588,10:46:18,7.52,--,143,107536,买盘
2589,10:46:12,7.52,--,6,4512,买盘
2590,10:46:09,7.52,--,8,6016,买盘
2591,10:46:06,7.52,--,2,1504,买盘
2592,10:46:03,7.52,--,2,1504,买盘
2593,10:46:00,7.52,--,51,38352,买盘
2594,10:45:57,7.52,--,10,7520,买盘
2595,10:45:54,7.52,--,34,25568,买盘
2596,10:45:51,7.52,--,334,251168,卖盘
2597,10:45:48,7.52,--,12,9024,卖盘
2598,10:45:45,7.52,-0.01,30,22560,卖盘
2599,10:45:42,7.53,0.01,75,56475,买盘
2600,10:45:39,7.52,-0.01,4,3008,卖盘
2601,10:45:36,7.53,0.01,74,55722,买盘
2602,10:45:33,7.52,-0.01,300,225600,卖盘
2603,10:45:27,7.53,0.01,31,23343,买盘
2604,10:45:21,7.52,-0.01,32,24064,卖盘
2605,10:45:18,7.53,0.01,6,4518,买盘
2606,10:45:15,7.52,-0.01,26,19552,卖盘
2607,10:45:09,7.53,--,3,2259,买盘
2608,10:45:06,7.53,0.01,1,753,买盘
2609,10:45:03,7.52,--,10,7520,卖盘
2610,10:45:00,7.52,--,17,12784,卖盘
2611,10:44:57,7.52,--,26,19552,卖盘
2612,10:44:54,7.52,--,16,12032,卖盘
2613,10:44:48,7.52,--,1,752,卖盘
2614,10:44:42,7.52,--,9,6768,卖盘
2615,10:44:39,7.52,-0.01,27,20304,中性盘
2616,10:44:36,7.53,0.02,69,51957,买盘
2617,10:44:33,7.51,--,2,1502,卖盘
2618,10:44:30,7.51,-0.01,16,12016,卖盘
2619,10:44:27,7.52,0.01,12,9024,买盘
2620,10:44:24,7.51,-0.01,150,112650,卖盘
2621,10:44:21,7.52,0.01,47,35344,买盘
2622,10:44:18,7.51,-0.01,151,113401,卖盘
2623,10:44:15,7.52,0.01,59,44368,买盘
2624,10:44:12,7.51,-0.01,344,258344,卖盘
2625,10:44:09,7.52,--,400,300800,买盘
2626,10:44:06,7.52,--,28,21056,买盘
2627,10:44:03,7.52,--,118,88736,买盘
2628,10:44:00,7.52,--,10,7520,买盘
2629,10:43:57,7.52,--,27,20304,买盘
2630,10:43:54,7.52,--,115,86480,买盘
2631,10:43:48,7.52,--,9,6768,买盘
2632,10:43:45,7.52,0.01,69,51888,买盘
2633,10:43:42,7.51,--,47,35297,卖盘
2634,10:43:39,7.51,-0.01,100,75100,卖盘
2635,10:43:36,7.52,--,97,72944,买盘
2636,10:43:33,7.52,--,809,608368,买盘
2637,10:43:30,7.52,0.01,74,55648,买盘
2638,10:43:27,7.51,-0.01,33,24783,卖盘
2639,10:43:24,7.52,--,186,139872,买盘
2640,10:43:18,7.52,--,77,57904,买盘
2641,10:43:15,7.52,--,7,5264,买盘
2642,10:43:12,7.52,0.01,76,57152,买盘
2643,10:43:09,7.51,--,13,9763,卖盘
2644,10:43:06,7.51,-0.01,7,5257,卖盘
2645,10:43:00,7.52,0.01,47,35344,买盘
2646,10:42:57,7.51,-0.01,120,90120,卖盘
2647,10:42:54,7.52,--,54,40608,买盘
2648,10:42:51,7.52,--,5,3760,买盘
2649,10:42:48,7.52,--,103,77456,买盘
2650,10:42:45,7.52,--,10,7520,买盘
2651,10:42:42,7.52,0.01,28,21056,买盘
2652,10:42:39,7.51,--,59,44309,卖盘
2653,10:42:36,7.51,-0.01,140,105140,卖盘
2654,10:42:33,7.52,0.01,444,333888,买盘
2655,10:42:30,7.51,--,110,82610,卖盘
2656,10:42:27,7.51,--,1,751,卖盘
2657,10:42:24,7.51,--,38,28538,卖盘
2658,10:42:18,7.51,--,1,751,卖盘
2659,10:42:15,7.51,-0.01,7,5257,卖盘
2660,10:42:12,7.52,0.01,5,3760,买盘
2661,10:42:09,7.51,-0.01,92,69092,卖盘
2662,10:42:06,7.52,0.01,6,4512,买盘
2663,10:42:03,7.51,--,6,4506,卖盘
2664,10:42:00,7.51,--,20,15020,卖盘
2665,10:41:57,7.51,--,3,2253,卖盘
2666,10:41:54,7.51,--,63,47313,卖盘
2667,10:41:51,7.51,--,92,69092,卖盘
2668,10:41:48,7.51,--,1,751,卖盘
2669,10:41:42,7.51,-0.01,34,25534,卖盘
2670,10:41:39,7.52,0.01,70,52640,买盘
2671,10:41:36,7.51,--,1318,989818,卖盘
2672,10:41:33,7.51,--,164,123164,卖盘
2673,10:41:30,7.51,-0.01,90,67590,卖盘
2674,10:41:27,7.52,0.01,462,347424,买盘
2675,10:41:24,7.51,--,100,75100,卖盘
2676,10:41:21,7.51,--,66,49566,卖盘
2677,10:41:18,7.51,--,1,751,卖盘
2678,10:41:15,7.51,--,26,19526,卖盘
2679,10:41:12,7.51,--,73,54823,卖盘
2680,10:41:09,7.51,--,7,5257,卖盘
2681,10:41:06,7.51,--,34,25534,卖盘
2682,10:41:03,7.51,-0.01,26,19526,卖盘
2683,10:41:00,7.52,0.01,205,154160,买盘
2684,10:40:57,7.51,--,3121,2343871,卖盘
2685,10:40:54,7.51,--,452,339452,卖盘
2686,10:40:48,7.51,--,47,35297,卖盘
2687,10:40:45,7.51,--,159,119409,卖盘
2688,10:40:42,7.51,--,370,277870,卖盘
2689,10:40:39,7.51,-0.01,46,34546,卖盘
2690,10:40:36,7.52,--,53,39856,买盘
2691,10:40:33,7.52,0.01,2,1504,买盘
2692,10:40:30,7.51,--,60,45060,卖盘
2693,10:40:27,7.51,--,37,27787,卖盘
2694,10:40:24,7.51,-0.01,32,24032,卖盘
2695,10:40:21,7.52,--,62,46624,买盘
2696,10:40:18,7.52,--,462,347424,买盘
2697,10:40:15,7.52,0.01,48,36096,买盘
2698,10:40:12,7.51,-0.01,54,40554,卖盘
2699,10:40:09,7.52,--,8,6016,买盘
2700,10:40:06,7.52,0.01,17,12784,买盘
2701,10:40:03,7.51,-0.01,41,30791,卖盘
2702,10:40:00,7.52,--,426,320352,买盘
2703,10:39:57,7.52,-0.01,1163,874576,卖盘
2704,10:39:51,7.53,0.01,3,2259,买盘
2705,10:39:48,7.52,--,9,6768,卖盘
2706,10:39:42,7.52,--,5,3760,卖盘
2707,10:39:39,7.52,-0.01,12,9024,卖盘
2708,10:39:36,7.53,--,68,51204,买盘
2709,10:39:33,7.53,0.01,495,372735,买盘
2710,10:39:30,7.52,0.01,108,81216,买盘
2711,10:39:27,7.51,-0.01,2034,1527534,卖盘
2712,10:39:18,7.52,--,33,24816,买盘
2713,10:39:15,7.52,--,348,261695,买盘
2714,10:39:12,7.52,0.01,23,17296,买盘
2715,10:39:09,7.51,-0.01,3,2253,卖盘
2716,10:39:06,7.52,--,102,76704,买盘
2717,10:39:03,7.52,-0.01,434,326368,卖盘
2718,10:39:00,7.53,0.01,10,7530,买盘
2719,10:38:57,7.52,-0.01,16,12032,卖盘
2720,10:38:51,7.53,--,7,5271,买盘
2721,10:38:48,7.53,--,140,105420,买盘
2722,10:38:45,7.53,0.01,2730,2055840,买盘
2723,10:38:42,7.52,--,8,6016,卖盘
2724,10:38:39,7.52,-0.01,26,19552,卖盘
2725,10:38:36,7.53,--,6,4518,买盘
2726,10:38:33,7.53,0.01,29,21837,买盘
2727,10:38:30,7.52,--,22,16544,卖盘
2728,10:38:27,7.52,-0.01,23,17296,卖盘
2729,10:38:24,7.53,--,5,3765,买盘
2730,10:38:21,7.53,0.01,97,73041,买盘
2731,10:38:18,7.52,--,93,69936,卖盘
2732,10:38:15,7.52,-0.01,1,752,卖盘
2733,10:38:12,7.53,0.01,30,22590,买盘
2734,10:38:09,7.52,--,17,12784,卖盘
2735,10:38:06,7.52,--,30,22560,卖盘
2736,10:38:03,7.52,-0.01,49,36848,卖盘
2737,10:38:00,7.53,0.01,13,9789,买盘
2738,10:37:57,7.52,--,193,145136,卖盘
2739,10:37:54,7.52,-0.01,59,44368,卖盘
2740,10:37:51,7.53,0.01,5,3765,买盘
2741,10:37:48,7.52,--,31,23312,卖盘
2742,10:37:45,7.52,--,69,51888,卖盘
2743,10:37:42,7.52,--,106,79712,卖盘
2744,10:37:39,7.52,--,2037,1531824,卖盘
2745,10:37:36,7.52,-0.01,168,126336,卖盘
2746,10:37:33,7.53,--,1,753,买盘
2747,10:37:30,7.53,--,1,753,买盘
2748,10:37:27,7.53,0.01,33,24849,买盘
2749,10:37:24,7.52,-0.01,19,14288,卖盘
2750,10:37:21,7.53,0.01,77,57981,买盘
2751,10:37:18,7.52,--,52,39104,卖盘
2752,10:37:15,7.52,--,67,50384,卖盘
2753,10:37:09,7.52,-0.01,4,3008,卖盘
2754,10:37:06,7.53,0.01,42,31626,买盘
2755,10:37:03,7.52,-0.01,40,30080,卖盘
2756,10:37:00,7.53,--,15,11295,买盘
2757,10:36:57,7.53,0.01,6,4518,买盘
2758,10:36:48,7.52,--,19,14288,卖盘
2759,10:36:45,7.52,--,27,20304,卖盘
2760,10:36:42,7.52,-0.01,4,3008,卖盘
2761,10:36:39,7.53,--,17,12801,买盘
2762,10:36:36,7.53,--,4,3012,买盘
2763,10:36:33,7.53,0.01,16,12048,买盘
2764,10:36:30,7.52,--,9,6768,卖盘
2765,10:36:27,7.52,-0.01,1,752,卖盘
2766,10:36:21,7.53,0.01,15,11295,买盘
2767,10:36:18,7.52,-0.01,20,15040,卖盘
2768,10:36:15,7.53,0.01,5,3765,买盘
2769,10:36:12,7.52,-0.01,92,69184,卖盘
2770,10:36:09,7.53,0.01,10,7530,买盘
2771,10:36:06,7.52,--,125,94000,卖盘
2772,10:36:03,7.52,-0.01,31,23312,卖盘
2773,10:36:00,7.53,--,20,15060,买盘
2774,10:35:57,7.53,--,65,48945,买盘
2775,10:35:54,7.53,0.01,16,12048,买盘
2776,10:35:51,7.52,--,160,120320,卖盘
2777,10:35:48,7.52,--,22,16544,卖盘
2778,10:35:45,7.52,--,43,32335,卖盘
2779,10:35:42,7.52,-0.01,2,1504,卖盘
2780,10:35:36,7.53,--,15,11295,买盘
2781,10:35:33,7.53,--,3,2259,买盘
2782,10:35:30,7.53,0.01,20,15060,买盘
2783,10:35:27,7.52,-0.01,40,30080,卖盘
2784,10:35:24,7.53,--,163,122739,买盘
2785,10:35:21,7.53,0.01,1,753,买盘
2786,10:35:18,7.52,-0.01,17,12784,卖盘
2787,10:35:15,7.53,0.01,3,2259,买盘
2788,10:35:09,7.52,-0.01,50,37600,卖盘
2789,10:35:03,7.53,0.01,5,3765,买盘
2790,10:35:00,7.52,--,16,12032,卖盘
2791,10:34:48,7.52,-0.01,72,54144,卖盘
2792,10:34:45,7.53,0.01,119,89607,买盘
2793,10:34:42,7.52,-0.01,90,67680,卖盘
2794,10:34:36,7.53,--,43,32379,买盘
2795,10:34:33,7.53,--,23,17319,买盘
2796,10:34:30,7.53,--,102,76806,买盘
2797,10:34:27,7.53,--,36,27108,买盘
2798,10:34:24,7.53,0.01,36,27108,买盘
2799,10:34:21,7.52,--,7,5264,卖盘
2800,10:34:18,7.52,--,24,18048,卖盘
2801,10:34:15,7.52,-0.01,177,133104,卖盘
2802,10:34:12,7.53,0.01,1383,1041399,买盘
2803,10:34:09,7.52,-0.01,20,15040,卖盘
2804,10:34:06,7.53,0.01,1,753,买盘
2805,10:34:03,7.52,--,32,24064,卖盘
2806,10:34:00,7.52,-0.01,116,87232,卖盘
2807,10:33:57,7.53,--,1,753,买盘
2808,10:33:54,7.53,--,7,5271,买盘
2809,10:33:51,7.53,0.01,72,54216,买盘
2810,10:33:48,7.52,--,19,14288,卖盘
2811,10:33:45,7.52,--,6,4512,卖盘
2812,10:33:42,7.52,--,2,1504,卖盘
2813,10:33:39,7.52,-0.01,42,31584,卖盘
2814,10:33:36,7.53,--,126,94878,买盘
2815,10:33:30,7.53,--,5,3765,买盘
2816,10:33:27,7.53,--,9,6777,买盘
2817,10:33:24,7.53,--,146,109938,买盘
2818,10:33:21,7.53,--,143,107679,卖盘
2819,10:33:18,7.53,--,34,25602,卖盘
2820,10:33:15,7.53,--,26,19578,卖盘
2821,10:33:12,7.53,-0.01,29,21837,卖盘
2822,10:33:09,7.54,--,42,31668,买盘
2823,10:33:06,7.54,0.02,1,754,买盘
2824,10:33:03,7.52,-0.01,46,35193,卖盘
2825,10:33:00,7.53,--,5,3765,买盘
2826,10:32:57,7.53,--,20,15060,买盘
2827,10:32:51,7.53,--,38,28614,买盘
2828,10:32:48,7.53,--,26,20180,买盘
2829,10:32:45,7.53,0.01,15,11295,买盘
2830,10:32:42,7.52,-0.01,247,185744,卖盘
2831,10:32:39,7.53,--,42,31626,买盘
2832,10:32:36,7.53,--,41,30873,买盘
2833,10:32:33,7.53,0.01,3,2259,买盘
2834,10:32:27,7.52,-0.01,8,6016,卖盘
2835,10:32:24,7.53,--,9,6777,买盘
2836,10:32:21,7.53,--,185,139455,卖盘
2837,10:32:18,7.53,--,49,36897,卖盘
2838,10:32:12,7.53,-0.01,3,2259,卖盘
2839,10:32:06,7.54,--,3,2262,买盘
2840,10:32:03,7.54,--,10,7540,买盘
2841,10:32:00,7.54,0.01,4,3016,买盘
2842,10:31:57,7.53,-0.01,36,27108,卖盘
2843,10:31:54,7.54,--,14,10556,买盘
2844,10:31:51,7.54,0.01,123,92742,买盘
2845,10:31:48,7.53,--,298,224394,卖盘
2846,10:31:45,7.53,0.01,1265,953147,买盘
2847,10:31:42,7.52,--,5,3760,卖盘
2848,10:31:39,7.52,--,7,5264,卖盘
2849,10:31:36,7.52,--,75,56400,卖盘
2850,10:31:33,7.52,-0.01,167,125584,卖盘
2851,10:31:30,7.53,0.01,101,76053,买盘
2852,10:31:27,7.52,--,37,27824,卖盘
2853,10:31:24,7.52,-0.01,40,30080,卖盘
2854,10:31:21,7.53,--,38,28614,买盘
2855,10:31:18,7.53,0.01,44,33132,买盘
2856,10:31:15,7.52,-0.01,22,16544,卖盘
2857,10:31:12,7.53,--,1,753,买盘
2858,10:31:06,7.53,--,1,753,买盘
2859,10:31:03,7.53,--,1,753,买盘
2860,10:31:00,7.53,--,41,30873,买盘
2861,10:30:57,7.53,-0.01,719,541557,卖盘
2862,10:30:54,7.54,0.01,25,18850,买盘
2863,10:30:51,7.53,--,61,45933,卖盘
2864,10:30:45,7.53,--,27,20331,卖盘
2865,10:30:42,7.53,-0.01,3,2259,卖盘
2866,10:30:39,7.54,0.01,3,2262,买盘
2867,10:30:36,7.53,--,56,42168,卖盘
2868,10:30:33,7.53,-0.01,521,392313,卖盘
2869,10:30:30,7.54,--,3,2262,买盘
2870,10:30:27,7.54,--,1,754,买盘
2871,10:30:24,7.54,--,1,754,买盘
2872,10:30:18,7.54,--,8,6032,买盘
2873,10:30:15,7.54,0.01,42,31668,买盘
2874,10:30:12,7.53,-0.01,4,3012,卖盘
2875,10:30:09,7.54,--,2,1508,买盘
2876,10:30:06,7.54,0.01,70,52780,买盘
2877,10:30:03,7.53,-0.01,105,79065,卖盘
2878,10:30:00,7.54,--,46,34684,买盘
2879,10:29:57,7.54,--,83,62582,买盘
2880,10:29:54,7.54,--,1,754,买盘
2881,10:29:51,7.54,--,20,15080,买盘
2882,10:29:48,7.54,--,37,27898,买盘
2883,10:29:45,7.54,0.01,36,27144,买盘
2884,10:29:42,7.53,-0.01,3,2259,卖盘
2885,10:29:39,7.54,--,1,754,买盘
2886,10:29:36,7.54,--,8,6032,买盘
2887,10:29:33,7.54,--,51,38454,买盘
2888,10:29:30,7.54,--,178,134212,买盘
2889,10:29:27,7.54,--,101,76154,买盘
2890,10:29:24,7.54,--,8,6032,买盘
2891,10:29:21,7.54,0.01,105,79170,买盘
2892,10:29:18,7.53,-0.01,2002,1507506,卖盘
2893,10:29:15,7.54,--,11,8294,买盘
2894,10:29:12,7.54,--,147,110838,买盘
2895,10:29:09,7.54,0.01,1,754,买盘
2896,10:29:06,7.53,-0.01,33,24849,卖盘
2897,10:29:03,7.54,--,19,14326,买盘
2898,10:29:00,7.54,0.01,5,3770,买盘
2899,10:28:57,7.53,--,3,2259,卖盘
2900,10:28:54,7.53,--,84,63252,卖盘
2901,10:28:51,7.53,-0.01,115,86595,卖盘
2902,10:28:48,7.54,--,17,12818,买盘
2903,10:28:45,7.54,0.01,1,754,买盘
2904,10:28:42,7.53,-0.01,2,1506,卖盘
2905,10:28:39,7.54,--,1,754,买盘
2906,10:28:36,7.54,--,11,8294,买盘
2907,10:28:33,7.54,--,72,54288,买盘
2908,10:28:30,7.54,--,106,79924,买盘
2909,10:28:27,7.54,--,102,76908,买盘
2910,10:28:24,7.54,0.01,10,7540,买盘
2911,10:28:21,7.53,-0.01,87,65511,卖盘
2912,10:28:15,7.54,--,35,26390,买盘
2913,10:28:09,7.54,--,1,754,买盘
