,time,price,change,volume,amount,type
0,15:00:03,7.32,--,4268,3124176,买盘
1,14:57:00,7.32,--,425,311326,买盘
2,14:56:57,7.32,--,16,11712,买盘
3,14:56:54,7.32,--,40,29280,买盘
4,14:56:51,7.32,--,117,86149,卖盘
5,14:56:48,7.32,--,67,49044,卖盘
6,14:56:45,7.32,0.02,492,360370,买盘
7,14:56:42,7.3,-0.01,54,39420,卖盘
8,14:56:39,7.31,--,369,269739,买盘
9,14:56:36,7.31,--,1271,929101,买盘
10,14:56:33,7.31,-0.01,3198,2337738,卖盘
11,14:56:30,7.32,--,91,66612,买盘
12,14:56:27,7.32,--,1,732,买盘
13,14:56:24,7.32,-0.01,31,22692,卖盘
14,14:56:21,7.33,--,2,1466,买盘
15,14:56:18,7.33,--,26,19058,买盘
16,14:56:15,7.33,0.01,375,274875,买盘
17,14:56:12,7.32,--,14,10248,买盘
18,14:56:09,7.32,--,1277,934764,买盘
19,14:56:06,7.32,--,108,79056,买盘
20,14:56:03,7.32,0.01,42,30744,买盘
21,14:56:00,7.31,--,105,76755,卖盘
22,14:55:57,7.31,-0.01,11,8041,卖盘
23,14:55:54,7.32,0.01,208,152256,买盘
24,14:55:51,7.31,--,70,51170,卖盘
25,14:55:48,7.31,--,174,127194,卖盘
26,14:55:45,7.31,-0.01,967,706877,卖盘
27,14:55:42,7.32,--,304,222528,买盘
28,14:55:39,7.32,0.01,32,23424,买盘
29,14:55:36,7.31,-0.01,100,73100,卖盘
30,14:55:33,7.32,0.01,40,29280,买盘
31,14:55:30,7.31,--,265,193715,卖盘
32,14:55:27,7.31,-0.01,10,7310,卖盘
33,14:55:24,7.32,--,16,11712,买盘
34,14:55:21,7.32,--,1,732,买盘
35,14:55:18,7.32,--,274,200568,买盘
36,14:55:15,7.32,0.01,158,115656,买盘
37,14:55:12,7.31,-0.01,65,47515,卖盘
38,14:55:09,7.32,--,5,3660,买盘
39,14:55:06,7.32,--,179,131028,买盘
40,14:55:03,7.32,--,8,5856,买盘
41,14:55:00,7.32,--,20,14640,买盘
42,14:54:57,7.32,--,7,5124,买盘
43,14:54:54,7.32,--,8,5856,买盘
44,14:54:51,7.32,--,12,8784,买盘
45,14:54:48,7.32,--,10,7320,买盘
46,14:54:45,7.32,0.01,44,32208,买盘
47,14:54:42,7.31,-0.01,44,32164,卖盘
48,14:54:36,7.32,--,100,73200,买盘
49,14:54:33,7.32,--,41,30012,买盘
50,14:54:30,7.32,--,29,21228,买盘
51,14:54:27,7.32,--,11,8052,买盘
52,14:54:24,7.32,--,7,5124,买盘
53,14:54:21,7.32,--,49,35868,买盘
54,14:54:18,7.32,--,156,114192,买盘
55,14:54:15,7.32,0.01,230,168360,买盘
56,14:54:12,7.31,--,34,24854,卖盘
57,14:54:06,7.31,-0.01,284,207604,卖盘
58,14:54:03,7.32,--,76,55632,买盘
59,14:54:00,7.32,--,16,11712,买盘
60,14:53:54,7.32,--,13,9516,买盘
61,14:53:51,7.32,--,45,32940,买盘
62,14:53:48,7.32,--,6,4392,买盘
63,14:53:45,7.32,0.01,154,112728,买盘
64,14:53:42,7.31,--,270,197370,卖盘
65,14:53:39,7.31,-0.01,146,106726,卖盘
66,14:53:36,7.32,0.01,1,732,买盘
67,14:53:33,7.31,--,301,220031,卖盘
68,14:53:30,7.31,--,27,19737,卖盘
69,14:53:27,7.31,-0.01,92,67252,卖盘
70,14:53:24,7.32,--,102,74664,买盘
71,14:53:21,7.32,--,33,24156,买盘
72,14:53:18,7.32,--,24,17568,买盘
73,14:53:15,7.32,--,68,49776,买盘
74,14:53:12,7.32,--,48,35136,买盘
75,14:53:09,7.32,0.01,67,49044,买盘
76,14:53:06,7.31,--,209,152779,卖盘
77,14:53:03,7.31,-0.01,424,309944,卖盘
78,14:53:00,7.32,--,10,7320,买盘
79,14:52:57,7.32,--,59,43188,买盘
80,14:52:54,7.32,--,384,281088,买盘
81,14:52:51,7.32,0.01,548,401136,买盘
82,14:52:48,7.31,-0.01,287,209797,卖盘
83,14:52:45,7.32,0.01,54,39528,买盘
84,14:52:42,7.31,--,123,89913,卖盘
85,14:52:39,7.31,--,78,57018,卖盘
86,14:52:36,7.31,-0.01,4,2924,卖盘
87,14:52:33,7.32,0.01,132,96624,买盘
88,14:52:30,7.31,--,82,59942,买盘
89,14:52:27,7.31,--,201,146931,买盘
90,14:52:24,7.31,--,365,266815,卖盘
91,14:52:21,7.31,-0.01,15,10965,卖盘
92,14:52:18,7.32,0.01,61,44652,买盘
93,14:52:15,7.31,0.01,8,5848,卖盘
94,14:52:12,7.3,-0.01,130,94900,卖盘
95,14:52:06,7.31,-0.01,3,2193,卖盘
96,14:52:03,7.32,--,18,13176,买盘
97,14:51:57,7.32,0.01,94,68808,买盘
98,14:51:54,7.31,-0.01,113,82603,卖盘
99,14:51:51,7.32,0.01,252,184464,买盘
100,14:51:48,7.31,-0.01,545,398395,卖盘
101,14:51:45,7.32,--,21,15372,买盘
102,14:51:42,7.32,0.01,351,256932,买盘
103,14:51:39,7.31,-0.01,674,492694,卖盘
104,14:51:36,7.32,--,184,134688,买盘
105,14:51:33,7.32,0.01,133,97356,买盘
106,14:51:30,7.31,--,100,73100,卖盘
107,14:51:27,7.31,-0.01,65,47515,卖盘
108,14:51:24,7.32,0.01,67,49044,买盘
109,14:51:21,7.31,-0.01,51,37281,卖盘
110,14:51:18,7.32,0.01,1,732,买盘
111,14:51:15,7.31,-0.01,27,19737,卖盘
112,14:51:12,7.32,--,2,1464,买盘
113,14:51:09,7.32,--,94,68808,买盘
114,14:51:06,7.32,--,121,88572,买盘
115,14:51:03,7.32,0.02,44,32208,买盘
116,14:51:00,7.3,-0.01,63,45990,卖盘
117,14:50:57,7.31,--,156,114036,买盘
118,14:50:54,7.31,-0.01,376,274856,卖盘
119,14:50:51,7.32,0.01,47,34404,买盘
120,14:50:48,7.31,--,4,2924,卖盘
121,14:50:45,7.31,-0.01,55,40205,卖盘
122,14:50:42,7.32,0.01,285,208620,买盘
123,14:50:39,7.31,--,673,491963,买盘
124,14:50:36,7.31,--,39,28509,买盘
125,14:50:33,7.31,--,178,130118,买盘
126,14:50:30,7.31,0.01,249,182019,买盘
127,14:50:27,7.3,-0.01,203,148190,卖盘
128,14:50:24,7.31,0.01,169,123539,买盘
129,14:50:21,7.3,--,404,294920,卖盘
130,14:50:18,7.3,-0.01,27,19710,卖盘
131,14:50:12,7.31,0.01,50,36550,买盘
132,14:50:09,7.3,-0.01,2329,1700170,卖盘
133,14:50:06,7.31,--,5,3655,买盘
134,14:50:03,7.31,--,1820,1330420,买盘
135,14:50:00,7.31,0.01,34,24854,买盘
136,14:49:54,7.3,-0.01,734,535820,卖盘
137,14:49:51,7.31,0.01,20,14620,买盘
138,14:49:48,7.3,--,33,24090,卖盘
139,14:49:45,7.3,--,67,48910,卖盘
140,14:49:42,7.3,-0.01,42,30660,卖盘
141,14:49:39,7.31,0.01,16,11696,买盘
142,14:49:36,7.3,-0.01,17,12410,卖盘
143,14:49:33,7.31,0.01,1956,1429836,买盘
144,14:49:30,7.3,-0.01,44,32120,卖盘
145,14:49:27,7.31,--,123,89913,买盘
146,14:49:24,7.31,0.01,26,19006,买盘
147,14:49:21,7.3,-0.01,28,20440,卖盘
148,14:49:18,7.31,--,30,21930,买盘
149,14:49:15,7.31,--,80,58480,买盘
150,14:49:12,7.31,--,68,49708,买盘
151,14:49:09,7.31,0.01,1,731,买盘
152,14:49:06,7.3,-0.01,174,127020,卖盘
153,14:49:03,7.31,--,37,27047,买盘
154,14:49:00,7.31,--,20,14620,买盘
155,14:48:57,7.31,--,103,75293,买盘
156,14:48:54,7.31,0.01,240,175440,买盘
157,14:48:51,7.3,-0.01,120,87600,卖盘
158,14:48:48,7.31,--,24,17544,卖盘
159,14:48:45,7.31,--,12,8772,卖盘
160,14:48:42,7.31,--,154,112574,买盘
161,14:48:39,7.31,--,11,8041,买盘
162,14:48:33,7.31,-0.01,223,163013,卖盘
163,14:48:30,7.32,0.01,15,10980,买盘
164,14:48:27,7.31,--,165,120615,卖盘
165,14:48:24,7.31,--,59,43129,卖盘
166,14:48:21,7.31,--,66,48246,卖盘
167,14:48:18,7.31,--,15,10965,卖盘
168,14:48:15,7.31,--,13,9503,卖盘
169,14:48:12,7.31,--,136,99416,买盘
170,14:48:09,7.31,--,79,57749,买盘
171,14:48:06,7.31,--,8,5848,买盘
172,14:48:03,7.31,--,92,67252,买盘
173,14:48:00,7.31,--,101,73831,买盘
174,14:47:57,7.31,0.01,37,27047,买盘
175,14:47:54,7.3,-0.01,533,389090,卖盘
176,14:47:51,7.31,--,47,34357,买盘
177,14:47:48,7.31,--,12,8772,买盘
178,14:47:45,7.31,--,68,49708,买盘
179,14:47:42,7.31,-0.01,573,418863,卖盘
180,14:47:36,7.32,--,33,24156,买盘
181,14:47:33,7.32,0.01,29,21228,买盘
182,14:47:30,7.31,-0.01,76,55556,卖盘
183,14:47:24,7.32,--,8,5856,买盘
184,14:47:21,7.32,0.01,14,10248,买盘
185,14:47:15,7.31,--,141,103071,卖盘
186,14:47:12,7.31,-0.01,20,14620,卖盘
187,14:47:09,7.32,0.01,152,111264,买盘
188,14:47:06,7.31,--,19,13889,卖盘
189,14:47:03,7.31,--,241,176171,买盘
190,14:47:00,7.31,--,30,21930,买盘
191,14:46:57,7.31,--,33,24123,买盘
192,14:46:54,7.31,--,88,64328,买盘
193,14:46:51,7.31,--,3,2193,买盘
194,14:46:45,7.31,--,40,29240,买盘
195,14:46:39,7.31,0.01,16,11696,买盘
196,14:46:36,7.3,-0.01,115,83950,卖盘
197,14:46:33,7.31,--,5,3655,买盘
198,14:46:30,7.31,--,77,56287,买盘
199,14:46:27,7.31,--,44,32164,买盘
200,14:46:24,7.31,--,27,19737,买盘
201,14:46:21,7.31,--,61,44591,买盘
202,14:46:18,7.31,--,59,43129,卖盘
203,14:46:12,7.31,-0.01,85,62135,卖盘
204,14:46:09,7.32,0.01,1031,754692,买盘
205,14:46:06,7.31,--,29,21199,卖盘
206,14:46:03,7.31,-0.01,143,104533,卖盘
207,14:45:57,7.32,--,71,51972,买盘
208,14:45:54,7.32,--,20,14640,买盘
209,14:45:45,7.32,-0.01,18,13176,中性盘
210,14:45:42,7.33,0.01,42,30786,买盘
211,14:45:39,7.32,--,52,38064,买盘
212,14:45:36,7.32,-0.01,32,23424,卖盘
213,14:45:33,7.33,0.01,1,733,买盘
214,14:45:30,7.32,-0.01,17,12444,卖盘
215,14:45:27,7.33,0.01,33,24189,买盘
216,14:45:24,7.32,0.02,4,2928,中性盘
217,14:45:21,7.3,-0.02,8710,6358300,卖盘
218,14:45:18,7.32,--,71,51972,卖盘
219,14:45:15,7.32,--,18,13176,卖盘
220,14:45:12,7.32,--,30,21960,卖盘
221,14:45:06,7.32,--,10,7320,卖盘
222,14:45:03,7.32,--,2,1464,卖盘
223,14:45:00,7.32,-0.01,20,14640,卖盘
224,14:44:57,7.33,0.01,7,5131,买盘
225,14:44:54,7.32,--,13,9516,卖盘
226,14:44:48,7.32,--,8,5856,卖盘
227,14:44:45,7.32,--,10,7320,卖盘
228,14:44:42,7.32,--,36,26352,卖盘
229,14:44:33,7.32,-0.01,7,5124,卖盘
230,14:44:27,7.33,--,8,5864,买盘
231,14:44:24,7.33,0.01,3,2199,买盘
232,14:44:21,7.32,-0.01,5,3660,卖盘
233,14:44:18,7.33,--,1,733,买盘
234,14:44:15,7.33,0.01,1,733,买盘
235,14:44:12,7.32,--,83,60756,买盘
236,14:44:09,7.32,--,1,732,买盘
237,14:44:06,7.32,0.01,2,1464,买盘
238,14:44:03,7.31,-0.02,38,27778,卖盘
239,14:44:00,7.33,0.01,1331,975623,买盘
240,14:43:57,7.32,--,7,5124,买盘
241,14:43:54,7.32,0.01,6,4392,买盘
242,14:43:51,7.31,-0.01,13,9503,卖盘
243,14:43:48,7.32,0.01,118,86376,买盘
244,14:43:42,7.31,-0.01,3,2193,卖盘
245,14:43:39,7.32,--,104,76128,买盘
246,14:43:36,7.32,0.01,134,98088,买盘
247,14:43:33,7.31,-0.01,86,62866,卖盘
248,14:43:30,7.32,--,27,19764,买盘
249,14:43:27,7.32,--,8,5856,买盘
250,14:43:21,7.32,--,14,10248,买盘
251,14:43:18,7.32,--,5,3660,买盘
252,14:43:15,7.32,--,102,74664,买盘
253,14:43:12,7.32,--,53,38796,买盘
254,14:43:09,7.32,0.01,511,374052,买盘
255,14:43:03,7.31,-0.01,132,96492,卖盘
256,14:43:00,7.32,--,35,25620,买盘
257,14:42:57,7.32,--,58,42456,买盘
258,14:42:51,7.32,--,156,114192,买盘
259,14:42:48,7.32,0.01,21,15372,买盘
260,14:42:45,7.31,--,50,36550,卖盘
261,14:42:42,7.31,-0.01,6,4386,卖盘
262,14:42:39,7.32,0.01,1,732,买盘
263,14:42:33,7.31,--,51,37281,卖盘
264,14:42:30,7.31,-0.01,205,149855,卖盘
265,14:42:27,7.32,0.01,8,5856,买盘
266,14:42:24,7.31,-0.01,30,21930,卖盘
267,14:42:21,7.32,--,121,88572,卖盘
268,14:42:18,7.32,--,6,4392,卖盘
269,14:42:15,7.32,0.01,62,45384,买盘
270,14:42:12,7.31,-0.01,227,165937,卖盘
271,14:42:09,7.32,--,143,104676,买盘
272,14:42:03,7.32,0.01,20,14640,买盘
273,14:42:00,7.31,-0.01,154,112574,卖盘
274,14:41:57,7.32,--,8,5856,买盘
275,14:41:54,7.32,--,33,24156,买盘
276,14:41:51,7.32,-0.01,7,5124,中性盘
277,14:41:48,7.33,0.01,30,21990,买盘
278,14:41:45,7.32,0.01,33,24156,卖盘
279,14:41:39,7.31,-0.02,103,75293,卖盘
280,14:41:36,7.33,0.01,20,14660,买盘
281,14:41:33,7.32,--,15,10980,卖盘
282,14:41:30,7.32,-0.01,0,468,卖盘
283,14:41:27,7.33,0.01,8,5864,买盘
284,14:41:24,7.32,--,31,22692,卖盘
285,14:41:21,7.32,-0.01,66,48312,卖盘
286,14:41:18,7.33,--,36,26388,买盘
287,14:41:15,7.33,0.01,1,733,买盘
288,14:41:12,7.32,--,6,4392,买盘
289,14:41:09,7.32,--,3,2196,买盘
290,14:41:06,7.32,0.01,2,1464,买盘
291,14:41:03,7.31,--,1,731,卖盘
292,14:40:57,7.31,-0.01,104,76024,卖盘
293,14:40:54,7.32,--,55,40260,买盘
294,14:40:51,7.32,--,11,8052,买盘
295,14:40:48,7.32,-0.01,3,2196,买盘
296,14:40:45,7.33,0.01,330,241890,买盘
297,14:40:42,7.32,--,50,36600,买盘
298,14:40:39,7.32,--,676,494832,买盘
299,14:40:36,7.32,--,4,2928,买盘
300,14:40:30,7.32,--,90,65880,买盘
301,14:40:27,7.32,--,7,5124,买盘
302,14:40:24,7.32,0.01,24,17568,买盘
303,14:40:21,7.31,-0.01,2,1462,卖盘
304,14:40:18,7.32,0.01,20,14640,买盘
305,14:40:15,7.31,-0.01,5,3655,卖盘
306,14:40:09,7.32,--,2,1464,买盘
307,14:40:06,7.32,0.01,37,27084,买盘
308,14:40:03,7.31,-0.01,1,731,卖盘
309,14:39:57,7.32,--,213,155916,买盘
310,14:39:54,7.32,--,50,36600,买盘
311,14:39:51,7.32,--,4,2928,买盘
312,14:39:48,7.32,--,485,355020,买盘
313,14:39:45,7.32,--,441,322812,买盘
314,14:39:39,7.32,--,74,54168,买盘
315,14:39:36,7.32,--,6,4392,买盘
316,14:39:33,7.32,0.01,38,27816,买盘
317,14:39:27,7.31,-0.01,51,37281,卖盘
318,14:39:24,7.32,--,324,237168,卖盘
319,14:39:21,7.32,-0.01,2,1464,卖盘
320,14:39:18,7.33,--,1,733,买盘
321,14:39:12,7.33,0.01,115,84295,买盘
322,14:39:06,7.32,--,27,19764,卖盘
323,14:39:03,7.32,-0.01,1,732,卖盘
324,14:39:00,7.33,--,55,40315,买盘
325,14:38:57,7.33,0.01,7,5131,买盘
326,14:38:51,7.32,--,69,50508,买盘
327,14:38:48,7.32,--,1,732,买盘
328,14:38:45,7.32,--,10,7320,卖盘
329,14:38:42,7.32,--,225,164700,买盘
330,14:38:39,7.32,--,55,40260,买盘
331,14:38:36,7.32,--,36,26352,买盘
332,14:38:33,7.32,0.01,30,21960,买盘
333,14:38:30,7.31,--,5,3655,卖盘
334,14:38:27,7.31,--,129,94299,卖盘
335,14:38:24,7.31,--,104,76024,卖盘
336,14:38:21,7.31,-0.01,43,31433,卖盘
337,14:38:18,7.32,0.01,101,73932,买盘
338,14:38:12,7.31,-0.01,15,10965,卖盘
339,14:38:09,7.32,0.01,2,1464,买盘
340,14:38:06,7.31,-0.01,2,1462,卖盘
341,14:38:03,7.32,--,162,118584,买盘
342,14:38:00,7.32,--,3,2196,买盘
343,14:37:57,7.32,--,11,8052,买盘
344,14:37:51,7.32,0.01,81,59292,买盘
345,14:37:48,7.31,-0.01,52,38012,卖盘
346,14:37:45,7.32,0.01,11,8052,买盘
347,14:37:42,7.31,-0.01,58,42398,卖盘
348,14:37:39,7.32,--,4,2928,买盘
349,14:37:36,7.32,--,1,732,买盘
350,14:37:33,7.32,--,10,7320,买盘
351,14:37:30,7.32,--,13,9516,买盘
352,14:37:27,7.32,--,8,5856,买盘
353,14:37:18,7.32,0.01,35,25620,买盘
354,14:37:15,7.31,--,50,36550,卖盘
355,14:37:12,7.31,--,284,207604,卖盘
356,14:37:09,7.31,--,1,731,卖盘
357,14:37:03,7.31,--,1400,1023400,卖盘
358,14:37:00,7.31,-0.01,47,34357,卖盘
359,14:36:57,7.32,--,74,54168,买盘
360,14:36:54,7.32,0.01,55,40260,买盘
361,14:36:45,7.31,--,30,21930,卖盘
362,14:36:42,7.31,-0.01,40,29240,卖盘
363,14:36:39,7.32,--,4,2928,买盘
364,14:36:36,7.32,--,20,14640,买盘
365,14:36:30,7.32,--,3,2196,买盘
366,14:36:27,7.32,--,42,30744,买盘
367,14:36:24,7.32,--,105,76860,买盘
368,14:36:21,7.32,--,13,9516,买盘
369,14:36:15,7.32,0.01,30,21960,买盘
370,14:36:12,7.31,-0.01,20,14620,卖盘
371,14:36:09,7.32,0.01,2,1464,中性盘
372,14:36:06,7.31,-0.02,48,35088,卖盘
373,14:36:03,7.33,0.01,5,3665,买盘
374,14:36:00,7.32,-0.01,47,34404,卖盘
375,14:35:57,7.33,0.01,8,5864,买盘
376,14:35:54,7.32,-0.01,425,311100,卖盘
377,14:35:48,7.33,--,18,13194,买盘
378,14:35:45,7.33,--,26,19058,买盘
379,14:35:42,7.33,--,201,147333,买盘
380,14:35:39,7.33,0.01,15,10995,买盘
381,14:35:36,7.32,--,92,67344,卖盘
382,14:35:33,7.32,-0.01,12,8784,卖盘
383,14:35:27,7.33,0.01,7,5131,买盘
384,14:35:21,7.32,--,38,27816,卖盘
385,14:35:18,7.32,-0.01,66,48312,卖盘
386,14:35:15,7.33,0.01,2,1466,买盘
387,14:35:12,7.32,--,6,4392,卖盘
388,14:35:09,7.32,--,434,317688,买盘
389,14:35:06,7.32,--,30,21960,买盘
390,14:35:03,7.32,--,6,4392,买盘
391,14:35:00,7.32,0.01,11,8052,买盘
392,14:34:57,7.31,-0.01,117,85527,卖盘
393,14:34:54,7.32,--,412,301584,买盘
394,14:34:51,7.32,--,47,34404,买盘
395,14:34:48,7.32,0.01,40,29280,买盘
396,14:34:45,7.31,--,33,24123,卖盘
397,14:34:42,7.31,--,149,108919,卖盘
398,14:34:33,7.31,-0.01,1,731,卖盘
399,14:34:30,7.32,--,135,98820,买盘
400,14:34:27,7.32,0.01,157,114924,买盘
401,14:34:21,7.31,--,49,35819,卖盘
402,14:34:18,7.31,--,700,511700,卖盘
403,14:34:15,7.31,-0.01,66,48246,卖盘
404,14:34:09,7.32,0.01,10,7320,买盘
405,14:34:06,7.31,--,1099,803369,卖盘
406,14:34:03,7.31,--,123,89913,卖盘
407,14:34:00,7.31,--,87,63597,卖盘
408,14:33:57,7.31,-0.01,51,37281,卖盘
409,14:33:54,7.32,--,57,41724,买盘
410,14:33:51,7.32,--,52,38064,买盘
411,14:33:45,7.32,0.01,11,8052,买盘
412,14:33:42,7.31,-0.01,66,48246,卖盘
413,14:33:39,7.32,--,4,2928,买盘
414,14:33:33,7.32,--,32,23424,买盘
415,14:33:30,7.32,--,82,60024,买盘
416,14:33:27,7.32,0.01,33,24156,买盘
417,14:33:24,7.31,--,100,73100,卖盘
418,14:33:21,7.31,-0.01,235,171785,卖盘
419,14:33:18,7.32,--,55,40260,买盘
420,14:33:15,7.32,--,52,38064,买盘
421,14:33:12,7.32,--,309,226188,买盘
422,14:33:09,7.32,--,37,27084,买盘
423,14:33:06,7.32,--,44,32208,买盘
424,14:33:03,7.32,--,53,38796,买盘
425,14:33:00,7.32,--,30,21960,买盘
426,14:32:57,7.32,--,17,12444,买盘
427,14:32:54,7.32,--,200,146400,买盘
428,14:32:51,7.32,--,22,16104,买盘
429,14:32:48,7.32,--,7,5124,买盘
430,14:32:45,7.32,--,1,732,买盘
431,14:32:42,7.32,--,177,129564,买盘
432,14:32:39,7.32,--,1,732,买盘
433,14:32:36,7.32,--,2,1464,买盘
434,14:32:33,7.32,--,100,73200,买盘
435,14:32:27,7.32,--,488,357216,买盘
436,14:32:24,7.32,0.01,20,14640,买盘
437,14:32:21,7.31,-0.01,1,731,卖盘
438,14:32:18,7.32,0.01,10,7320,买盘
439,14:32:15,7.31,-0.01,106,77486,卖盘
440,14:32:12,7.32,--,3,2196,买盘
441,14:32:09,7.32,--,59,43188,买盘
442,14:32:06,7.32,--,31,22692,买盘
443,14:32:00,7.32,--,3,2196,买盘
444,14:31:57,7.32,--,8,5856,买盘
445,14:31:54,7.32,--,29,21228,买盘
446,14:31:51,7.32,--,100,73200,买盘
447,14:31:48,7.32,--,119,87108,买盘
448,14:31:45,7.32,--,70,51240,买盘
449,14:31:42,7.32,--,1,732,买盘
450,14:31:39,7.32,--,55,40260,买盘
451,14:31:36,7.32,--,290,212280,买盘
452,14:31:33,7.32,--,1,732,买盘
453,14:31:30,7.32,--,5,3660,买盘
454,14:31:27,7.32,--,20,14640,买盘
455,14:31:24,7.32,--,10,7320,买盘
456,14:31:21,7.32,--,131,95892,买盘
457,14:31:18,7.32,--,3,2196,买盘
458,14:31:15,7.32,--,2,1464,买盘
459,14:31:12,7.32,--,1,732,买盘
460,14:31:09,7.32,--,15,10980,买盘
461,14:31:06,7.32,0.01,10,7320,买盘
462,14:31:03,7.31,-0.01,101,73831,卖盘
463,14:31:00,7.32,--,10,7320,买盘
464,14:30:57,7.32,--,46,33672,买盘
465,14:30:54,7.32,--,20,14640,买盘
466,14:30:51,7.32,--,31,22692,买盘
467,14:30:48,7.32,--,60,43920,买盘
468,14:30:45,7.32,--,63,46116,买盘
469,14:30:33,7.32,--,16,11712,买盘
470,14:30:30,7.32,--,26,19032,买盘
471,14:30:27,7.32,--,32,23424,买盘
472,14:30:24,7.32,--,4,2928,买盘
473,14:30:21,7.32,--,35,25620,买盘
474,14:30:18,7.32,--,164,120048,买盘
475,14:30:15,7.32,0.01,33,24156,买盘
476,14:30:12,7.31,-0.01,29,21199,卖盘
477,14:30:09,7.32,0.01,3,2196,买盘
478,14:30:06,7.31,--,11,8041,卖盘
479,14:30:03,7.31,-0.01,4,2924,卖盘
480,14:30:00,7.32,--,105,76860,买盘
481,14:29:57,7.32,--,1,732,买盘
482,14:29:54,7.32,--,80,58560,买盘
483,14:29:48,7.32,0.01,11,8052,买盘
484,14:29:45,7.31,--,35,25585,卖盘
485,14:29:39,7.31,-0.01,10,7310,卖盘
486,14:29:36,7.32,--,20,14640,买盘
487,14:29:33,7.32,0.01,15,10980,买盘
488,14:29:30,7.31,-0.01,63,46053,卖盘
489,14:29:27,7.32,--,11,8052,买盘
490,14:29:24,7.32,0.01,40,29280,买盘
491,14:29:21,7.31,-0.01,9,6579,卖盘
492,14:29:18,7.32,--,20,14640,买盘
493,14:29:15,7.32,--,26,19032,买盘
494,14:29:12,7.32,--,63,46116,买盘
495,14:29:09,7.32,--,10,7320,买盘
496,14:29:06,7.32,0.01,2,1464,买盘
497,14:29:03,7.31,--,1,731,卖盘
498,14:28:57,7.31,--,357,260967,买盘
499,14:28:54,7.31,--,7,5117,买盘
500,14:28:51,7.31,--,168,122808,买盘
501,14:28:48,7.31,--,10,7310,买盘
502,14:28:42,7.31,--,35,25585,买盘
503,14:28:39,7.31,--,68,49708,买盘
504,14:28:36,7.31,--,120,87720,买盘
505,14:28:33,7.31,--,5,3655,买盘
506,14:28:30,7.31,--,159,116229,买盘
507,14:28:27,7.31,--,588,429828,买盘
508,14:28:24,7.31,--,23,16813,买盘
509,14:28:21,7.31,--,130,95030,买盘
510,14:28:18,7.31,--,10,7310,买盘
511,14:28:15,7.31,--,48,35088,买盘
512,14:28:12,7.31,--,215,157165,买盘
513,14:28:09,7.31,--,84,61404,买盘
514,14:28:06,7.31,--,203,148393,买盘
515,14:28:03,7.31,0.01,355,259505,买盘
516,14:28:00,7.3,-0.01,311,227030,卖盘
517,14:27:57,7.31,--,2,1462,买盘
518,14:27:54,7.31,0.01,13,9503,买盘
519,14:27:51,7.3,-0.01,101,73730,卖盘
520,14:27:48,7.31,0.01,34,24854,买盘
521,14:27:45,7.3,--,24,17520,买盘
522,14:27:42,7.3,--,86,62780,买盘
523,14:27:39,7.3,--,602,439460,买盘
524,14:27:36,7.3,-0.01,369,269370,卖盘
525,14:27:33,7.31,0.01,30,21930,买盘
526,14:27:30,7.3,-0.01,44,32120,卖盘
527,14:27:27,7.31,--,27,19737,买盘
528,14:27:24,7.31,0.01,18,13158,买盘
529,14:27:21,7.3,--,70,51100,卖盘
530,14:27:18,7.3,--,3,2190,卖盘
531,14:27:12,7.3,--,17,12410,买盘
532,14:27:09,7.3,--,343,250390,买盘
533,14:27:06,7.3,--,98,71540,买盘
534,14:27:03,7.3,--,62,45260,买盘
535,14:27:00,7.3,0.01,44,32120,买盘
536,14:26:57,7.29,-0.01,982,715878,卖盘
537,14:26:54,7.3,--,155,113150,买盘
538,14:26:51,7.3,--,164,119720,买盘
539,14:26:48,7.3,--,519,378870,买盘
540,14:26:45,7.3,--,59,43070,买盘
541,14:26:39,7.3,--,266,194180,买盘
542,14:26:36,7.3,--,99,72270,买盘
543,14:26:33,7.3,--,44,32120,买盘
544,14:26:30,7.3,--,65,47450,买盘
545,14:26:27,7.3,--,370,270100,买盘
546,14:26:24,7.3,--,51,37230,买盘
547,14:26:21,7.3,-0.01,2352,1716960,卖盘
548,14:26:18,7.31,0.01,125,91375,买盘
549,14:26:15,7.3,--,79,57670,卖盘
550,14:26:12,7.3,-0.01,617,450410,卖盘
551,14:26:09,7.31,0.01,33,24123,买盘
552,14:26:06,7.3,--,62,45260,卖盘
553,14:26:03,7.3,-0.01,82,59860,卖盘
554,14:26:00,7.31,--,91,66521,买盘
555,14:25:57,7.31,--,12535,9163085,买盘
556,14:25:54,7.31,--,68,49708,买盘
557,14:25:51,7.31,--,193,141083,买盘
558,14:25:48,7.31,--,8,5848,买盘
559,14:25:42,7.31,--,12,8772,买盘
560,14:25:39,7.31,--,21,15351,买盘
561,14:25:36,7.31,--,4,2924,买盘
562,14:25:33,7.31,--,30,21930,买盘
563,14:25:30,7.31,--,11,8041,买盘
564,14:25:27,7.31,--,47,34357,买盘
565,14:25:24,7.31,0.01,274,200294,买盘
566,14:25:21,7.3,-0.01,34,24820,卖盘
567,14:25:18,7.31,--,30,21930,买盘
568,14:25:15,7.31,--,32,23392,买盘
569,14:25:12,7.31,0.01,10,7310,买盘
570,14:25:09,7.3,-0.01,30,21900,卖盘
571,14:25:06,7.31,0.01,1,731,买盘
572,14:25:03,7.3,-0.01,15,10950,卖盘
573,14:25:00,7.31,0.01,500,365500,买盘
574,14:24:57,7.3,-0.01,30,21900,卖盘
575,14:24:54,7.31,--,217,158627,买盘
576,14:24:48,7.31,--,4,2924,买盘
577,14:24:45,7.31,--,1,731,买盘
578,14:24:42,7.31,--,18,13158,买盘
579,14:24:39,7.31,--,26,19006,买盘
580,14:24:36,7.31,--,20,14620,买盘
581,14:24:33,7.31,--,3,2193,买盘
582,14:24:30,7.31,--,118,86258,买盘
583,14:24:27,7.31,--,87,63597,买盘
584,14:24:24,7.31,--,55,40205,买盘
585,14:24:18,7.31,--,55,40205,买盘
586,14:24:15,7.31,--,30,21930,买盘
587,14:24:12,7.31,--,166,121346,买盘
588,14:24:09,7.31,0.01,51,37281,买盘
589,14:24:06,7.3,-0.01,227,165710,卖盘
590,14:24:03,7.31,--,36,26316,买盘
591,14:24:00,7.31,--,166,121346,买盘
592,14:23:57,7.31,--,46,33626,买盘
593,14:23:54,7.31,0.01,73,53363,买盘
594,14:23:51,7.3,-0.01,179,130670,卖盘
595,14:23:48,7.31,0.01,196,143276,买盘
596,14:23:45,7.3,-0.01,97,70810,卖盘
597,14:23:42,7.31,--,3,2193,买盘
598,14:23:39,7.31,--,1,731,买盘
599,14:23:36,7.31,--,62,45322,买盘
600,14:23:33,7.31,0.01,12,8772,买盘
601,14:23:30,7.3,-0.01,4252,3103960,卖盘
602,14:23:24,7.31,0.01,27,19737,买盘
603,14:23:21,7.3,--,14,10220,卖盘
604,14:23:18,7.3,--,33,24090,卖盘
605,14:23:15,7.3,--,477,348210,卖盘
606,14:23:12,7.3,-0.01,320,233600,卖盘
607,14:23:09,7.31,0.01,1329,971499,买盘
608,14:23:06,7.3,--,59,43070,卖盘
609,14:23:03,7.3,--,14,10220,卖盘
610,14:23:00,7.3,--,56,40880,卖盘
611,14:22:57,7.3,-0.01,90,65700,卖盘
612,14:22:54,7.31,0.01,57,41667,买盘
613,14:22:51,7.3,-0.01,1004,732920,卖盘
614,14:22:48,7.31,0.01,10,7310,买盘
615,14:22:45,7.3,--,95,69350,卖盘
616,14:22:42,7.3,--,56,40880,卖盘
617,14:22:39,7.3,--,159,116070,卖盘
618,14:22:36,7.3,-0.01,99,72270,卖盘
619,14:22:33,7.31,--,13,9503,买盘
620,14:22:30,7.31,--,37,27047,买盘
621,14:22:27,7.31,--,116,84796,买盘
622,14:22:24,7.31,0.01,27,19737,买盘
623,14:22:21,7.3,-0.01,218,159140,卖盘
624,14:22:18,7.31,--,11,8041,买盘
625,14:22:15,7.31,0.01,2,1462,买盘
626,14:22:12,7.3,-0.01,277,202210,卖盘
627,14:22:09,7.31,--,53,38743,买盘
628,14:22:06,7.31,--,2,1462,买盘
629,14:22:03,7.31,0.01,276,201756,买盘
630,14:22:00,7.3,-0.01,302,220460,卖盘
631,14:21:57,7.31,--,39,28509,买盘
632,14:21:54,7.31,--,52,38012,买盘
633,14:21:51,7.31,--,157,114767,买盘
634,14:21:48,7.31,--,7,5117,买盘
635,14:21:42,7.31,--,358,261698,买盘
636,14:21:39,7.31,0.01,72,52632,买盘
637,14:21:36,7.3,-0.01,32,23360,卖盘
638,14:21:33,7.31,0.01,39,28509,买盘
639,14:21:30,7.3,-0.01,282,205860,卖盘
640,14:21:27,7.31,--,2,1462,买盘
641,14:21:24,7.31,0.01,7,5117,买盘
642,14:21:21,7.3,--,71,51830,卖盘
643,14:21:18,7.3,-0.01,49,35770,卖盘
644,14:21:12,7.31,--,38,27778,买盘
645,14:21:09,7.31,0.01,43,31433,买盘
646,14:21:06,7.3,--,8,5840,卖盘
647,14:21:00,7.3,--,57,41610,卖盘
648,14:20:57,7.3,-0.01,345,251850,卖盘
649,14:20:54,7.31,--,71,51901,买盘
650,14:20:51,7.31,--,10,7310,买盘
651,14:20:48,7.31,--,3,2193,买盘
652,14:20:45,7.31,--,50,36550,买盘
653,14:20:42,7.31,--,602,440062,买盘
654,14:20:39,7.31,0.01,43,31433,买盘
655,14:20:36,7.3,-0.01,100,73000,卖盘
656,14:20:33,7.31,--,159,116229,买盘
657,14:20:30,7.31,0.01,11,8041,买盘
658,14:20:27,7.3,-0.01,124,90520,卖盘
659,14:20:24,7.31,--,85,62135,买盘
660,14:20:21,7.31,--,3,2193,买盘
661,14:20:18,7.31,--,2,1462,买盘
662,14:20:12,7.31,0.01,41,29971,买盘
663,14:20:09,7.3,--,250,182500,卖盘
664,14:20:06,7.3,-0.01,442,322660,卖盘
665,14:20:03,7.31,0.01,206,150586,买盘
666,14:20:00,7.3,-0.01,15,10950,卖盘
667,14:19:57,7.31,--,43,31433,买盘
668,14:19:54,7.31,0.01,119,86989,买盘
669,14:19:51,7.3,-0.01,605,441650,卖盘
670,14:19:48,7.31,0.01,118,86258,买盘
671,14:19:42,7.3,-0.01,63,45990,卖盘
672,14:19:39,7.31,0.01,26,19006,买盘
673,14:19:36,7.3,-0.01,44,32558,卖盘
674,14:19:33,7.31,--,91,66813,买盘
675,14:19:30,7.31,-0.01,1145,837433,卖盘
676,14:19:27,7.32,--,10,7320,买盘
677,14:19:24,7.32,--,56,40992,买盘
678,14:19:21,7.32,--,20,14640,买盘
679,14:19:18,7.32,0.01,11,8052,买盘
680,14:19:15,7.31,-0.01,50,36550,卖盘
681,14:19:12,7.32,--,8,5856,买盘
682,14:19:09,7.32,0.01,22,16104,买盘
683,14:19:06,7.31,-0.01,2,1462,卖盘
684,14:19:03,7.32,0.01,152,111556,买盘
685,14:19:00,7.31,--,70,51170,买盘
686,14:18:57,7.31,--,77,56287,买盘
687,14:18:54,7.31,--,28,20468,买盘
688,14:18:51,7.31,--,147,107457,买盘
689,14:18:48,7.31,-0.01,432,316230,卖盘
690,14:18:45,7.32,0.01,41,30012,买盘
691,14:18:42,7.31,--,70,51170,卖盘
692,14:18:39,7.31,-0.01,72,52632,卖盘
693,14:18:36,7.32,0.01,70,51240,买盘
694,14:18:30,7.31,-0.01,6,4386,卖盘
695,14:18:24,7.32,0.01,124,90768,买盘
696,14:18:21,7.31,--,228,166960,买盘
697,14:18:18,7.31,--,170,124270,买盘
698,14:18:15,7.31,--,4,2924,买盘
699,14:18:12,7.31,--,1118,817258,买盘
700,14:18:09,7.31,--,28,20468,买盘
701,14:18:06,7.31,--,909,664479,买盘
702,14:18:03,7.31,--,8,5848,买盘
703,14:18:00,7.31,--,54,39474,买盘
704,14:17:57,7.31,--,142,103802,买盘
705,14:17:54,7.31,--,79,57749,买盘
706,14:17:51,7.31,--,16,11696,买盘
707,14:17:48,7.31,--,87,63597,买盘
708,14:17:45,7.31,--,198,145176,卖盘
709,14:17:42,7.31,-0.01,2181,1594311,卖盘
710,14:17:39,7.32,0.01,143,104676,买盘
711,14:17:36,7.31,--,1074,785094,卖盘
712,14:17:33,7.31,--,138,100878,卖盘
713,14:17:30,7.31,--,40,29240,卖盘
714,14:17:27,7.31,--,23,16813,卖盘
715,14:17:24,7.31,--,164,119884,卖盘
716,14:17:21,7.31,--,13,9503,卖盘
717,14:17:18,7.31,--,500,365500,卖盘
718,14:17:15,7.31,--,204,149124,卖盘
719,14:17:12,7.31,--,40,29240,卖盘
720,14:17:09,7.31,--,42,30702,卖盘
721,14:17:06,7.31,--,2,1462,卖盘
722,14:17:03,7.31,--,12,8772,卖盘
723,14:17:00,7.31,-0.01,286,209066,卖盘
724,14:16:57,7.32,--,214,156648,买盘
725,14:16:54,7.32,0.01,1112,814569,买盘
726,14:16:51,7.31,-0.01,67,48977,卖盘
727,14:16:48,7.32,0.01,12,8784,买盘
728,14:16:45,7.31,--,122,89182,卖盘
729,14:16:39,7.31,--,2,1462,卖盘
730,14:16:36,7.31,-0.01,565,413015,卖盘
731,14:16:33,7.32,0.01,20,14640,买盘
732,14:16:30,7.31,--,3271,2391101,卖盘
733,14:16:27,7.31,-0.01,1560,1140360,卖盘
734,14:16:24,7.32,0.01,33,24156,买盘
735,14:16:21,7.31,-0.01,40,29240,卖盘
736,14:16:18,7.32,0.01,830,607560,买盘
737,14:16:15,7.31,-0.01,1,731,卖盘
738,14:16:12,7.32,--,35,25620,买盘
739,14:16:06,7.32,0.01,26,19032,买盘
740,14:16:03,7.31,--,9,6579,卖盘
741,14:16:00,7.31,--,1000,731000,卖盘
742,14:15:57,7.31,-0.01,41,29971,卖盘
743,14:15:54,7.32,0.01,448,327936,买盘
744,14:15:51,7.31,--,7,5117,卖盘
745,14:15:45,7.31,-0.01,17,12427,卖盘
746,14:15:42,7.32,--,2,1464,买盘
747,14:15:39,7.32,0.01,152,111264,买盘
748,14:15:36,7.31,-0.01,142,103802,卖盘
749,14:15:33,7.32,--,64,46848,买盘
750,14:15:30,7.32,--,34,24888,买盘
751,14:15:27,7.32,--,134,98088,买盘
752,14:15:24,7.32,0.01,81,59292,买盘
753,14:15:21,7.31,-0.01,2636,1927354,卖盘
754,14:15:15,7.32,--,30,21960,买盘
755,14:15:12,7.32,--,1,732,买盘
756,14:15:06,7.32,--,182,133224,买盘
757,14:15:03,7.32,--,17,12444,买盘
758,14:15:00,7.32,--,87,63684,买盘
759,14:14:57,7.32,--,7,5124,买盘
760,14:14:54,7.32,--,32,23424,买盘
761,14:14:51,7.32,--,6,4392,买盘
762,14:14:48,7.32,--,4143,3032968,卖盘
763,14:14:45,7.32,-0.01,880,644160,卖盘
764,14:14:42,7.33,--,1,733,买盘
765,14:14:39,7.33,0.01,1,733,买盘
766,14:14:36,7.32,--,2,1464,卖盘
767,14:14:27,7.32,-0.01,430,314760,卖盘
768,14:14:24,7.33,0.01,11,8063,买盘
769,14:14:18,7.32,--,764,559248,卖盘
770,14:14:15,7.32,--,4,2928,卖盘
771,14:14:12,7.32,-0.01,9,6588,卖盘
772,14:14:09,7.33,--,28,20524,买盘
773,14:14:06,7.33,0.01,6,4398,买盘
774,14:14:03,7.32,--,67,49044,卖盘
775,14:14:00,7.32,--,8,5856,卖盘
776,14:13:57,7.32,-0.01,320,234240,卖盘
777,14:13:54,7.33,--,1,733,买盘
778,14:13:51,7.33,--,1,733,买盘
779,14:13:48,7.33,0.01,10,7330,买盘
780,14:13:45,7.32,--,174,127368,卖盘
781,14:13:42,7.32,-0.01,2,1464,卖盘
782,14:13:39,7.33,--,12,8796,买盘
783,14:13:33,7.33,0.01,3,2199,买盘
784,14:13:30,7.32,--,5,3660,卖盘
785,14:13:27,7.32,-0.01,354,259128,卖盘
786,14:13:24,7.33,0.01,74,54242,买盘
787,14:13:21,7.32,-0.01,43,31476,卖盘
788,14:13:18,7.33,--,1,733,买盘
789,14:13:12,7.33,--,1,733,买盘
790,14:13:09,7.33,--,3,2199,买盘
791,14:13:06,7.33,0.01,174,127542,买盘
792,14:13:03,7.32,-0.01,1,732,卖盘
793,14:13:00,7.33,0.01,54,39582,买盘
794,14:12:57,7.32,-0.01,311,227652,卖盘
795,14:12:54,7.33,0.01,353,258749,买盘
796,14:12:48,7.32,-0.01,550,402600,卖盘
797,14:12:45,7.33,0.01,25,18325,买盘
798,14:12:42,7.32,-0.01,3,2196,卖盘
799,14:12:39,7.33,0.01,60,43980,买盘
800,14:12:36,7.32,-0.01,13,9516,卖盘
801,14:12:33,7.33,0.01,200,146600,买盘
802,14:12:30,7.32,-0.01,2,1464,卖盘
803,14:12:27,7.33,--,325,238225,买盘
804,14:12:24,7.33,--,6,4398,买盘
805,14:12:21,7.33,--,314,230162,买盘
806,14:12:18,7.33,--,1,733,买盘
807,14:12:12,7.33,--,2,1466,买盘
808,14:12:09,7.33,--,885,648705,买盘
809,14:12:06,7.33,0.01,1,733,买盘
810,14:12:03,7.32,-0.01,2,1464,卖盘
811,14:12:00,7.33,--,59,43247,买盘
812,14:11:57,7.33,--,331,242623,买盘
813,14:11:54,7.33,0.01,6,4398,买盘
814,14:11:51,7.32,-0.01,669,489708,卖盘
815,14:11:48,7.33,0.01,10,7330,买盘
816,14:11:45,7.32,-0.01,220,161040,卖盘
817,14:11:42,7.33,--,33,24189,买盘
818,14:11:39,7.33,--,2,1466,买盘
819,14:11:36,7.33,0.01,42,30786,买盘
820,14:11:33,7.32,--,71,51972,卖盘
821,14:11:30,7.32,--,10,7320,卖盘
822,14:11:27,7.32,--,355,259860,卖盘
823,14:11:24,7.32,--,76,55632,卖盘
824,14:11:21,7.32,-0.01,1,732,卖盘
825,14:11:18,7.33,--,94,68902,买盘
826,14:11:15,7.33,--,115,84295,买盘
827,14:11:12,7.33,0.01,1,733,买盘
828,14:11:06,7.32,--,18,13176,卖盘
829,14:11:03,7.32,-0.01,1,732,卖盘
830,14:10:57,7.33,--,18,13194,买盘
831,14:10:54,7.33,--,430,315190,买盘
832,14:10:51,7.33,0.01,83,60839,买盘
833,14:10:48,7.32,-0.01,78,57096,卖盘
834,14:10:45,7.33,0.01,141,103353,买盘
835,14:10:42,7.32,-0.01,6,4392,卖盘
836,14:10:39,7.33,0.01,70,51310,买盘
837,14:10:33,7.32,-0.01,25,18300,卖盘
838,14:10:30,7.33,--,81,59373,买盘
839,14:10:27,7.33,--,8,5864,买盘
840,14:10:24,7.33,0.01,306,224298,买盘
841,14:10:21,7.32,--,52,38064,卖盘
842,14:10:18,7.32,--,37,27084,卖盘
843,14:10:15,7.32,-0.01,1,732,卖盘
844,14:10:12,7.33,0.01,1,733,买盘
845,14:10:09,7.32,-0.01,24,17568,卖盘
846,14:10:06,7.33,0.01,19,13927,买盘
847,14:10:03,7.32,--,68,49776,卖盘
848,14:10:00,7.32,-0.01,208,152256,卖盘
849,14:09:57,7.33,--,50,36650,买盘
850,14:09:54,7.33,--,101,74033,买盘
851,14:09:51,7.33,--,587,430271,买盘
852,14:09:48,7.33,--,31,22723,买盘
853,14:09:42,7.33,--,1,733,买盘
854,14:09:39,7.33,--,211,154663,买盘
855,14:09:36,7.33,--,15,10995,买盘
856,14:09:30,7.33,--,35,25655,买盘
857,14:09:27,7.33,--,9,6597,买盘
858,14:09:24,7.33,0.01,138,101154,买盘
859,14:09:21,7.32,-0.01,304,222528,卖盘
860,14:09:18,7.33,--,64,46912,买盘
861,14:09:15,7.33,0.01,2,1466,买盘
862,14:09:12,7.32,-0.01,30,21960,卖盘
863,14:09:06,7.33,--,3,2199,买盘
864,14:09:03,7.33,--,4,2932,买盘
865,14:09:00,7.33,--,5,3665,买盘
866,14:08:57,7.33,--,23,16859,买盘
867,14:08:54,7.33,--,1,733,买盘
868,14:08:51,7.33,0.01,4,2932,买盘
869,14:08:48,7.32,--,353,258396,卖盘
870,14:08:45,7.32,-0.01,325,237900,卖盘
871,14:08:42,7.33,--,67,49111,买盘
872,14:08:39,7.33,--,177,129741,买盘
873,14:08:36,7.33,--,66,48378,买盘
874,14:08:33,7.33,--,100,73300,买盘
875,14:08:30,7.33,--,24,17592,买盘
876,14:08:27,7.33,--,138,101154,买盘
877,14:08:24,7.33,--,1,733,买盘
878,14:08:21,7.33,0.01,823,603259,买盘
879,14:08:18,7.32,--,323,236436,卖盘
880,14:08:15,7.32,-0.01,52,38064,卖盘
881,14:08:12,7.33,--,57,41781,买盘
882,14:08:09,7.33,--,136,99688,买盘
883,14:08:06,7.33,--,64,46912,买盘
884,14:08:03,7.33,--,11,8063,买盘
885,14:08:00,7.33,--,32,23456,买盘
886,14:07:57,7.33,--,55,40315,买盘
887,14:07:54,7.33,--,4,2932,买盘
888,14:07:51,7.33,0.01,26,19058,买盘
889,14:07:48,7.32,--,377,275964,卖盘
890,14:07:45,7.32,-0.01,38,27816,卖盘
891,14:07:42,7.33,--,71,52043,买盘
892,14:07:39,7.33,0.01,1,733,买盘
893,14:07:36,7.32,-0.01,95,69540,卖盘
894,14:07:33,7.33,--,105,76965,买盘
895,14:07:30,7.33,--,103,75499,买盘
896,14:07:27,7.33,--,108,79164,买盘
897,14:07:24,7.33,--,54,39582,买盘
898,14:07:21,7.33,--,33,24189,买盘
899,14:07:18,7.33,--,1901,1393433,买盘
900,14:07:15,7.33,--,30,21990,买盘
901,14:07:12,7.33,--,77,56441,买盘
902,14:07:09,7.33,0.01,402,294666,买盘
903,14:07:06,7.32,--,327,239364,卖盘
904,14:07:03,7.32,-0.01,83,60756,卖盘
905,14:07:00,7.33,--,32,23456,买盘
906,14:06:57,7.33,--,59,43247,买盘
907,14:06:54,7.33,--,93,68169,买盘
908,14:06:51,7.33,0.01,445,326185,买盘
909,14:06:48,7.32,--,303,221796,卖盘
910,14:06:45,7.32,-0.01,115,84180,卖盘
911,14:06:42,7.33,--,631,462523,买盘
912,14:06:39,7.33,0.01,1,733,买盘
913,14:06:33,7.32,--,71,52557,卖盘
914,14:06:30,7.32,--,41,30012,卖盘
915,14:06:27,7.32,--,112,81984,卖盘
916,14:06:24,7.32,--,105,76860,卖盘
917,14:06:18,7.32,-0.01,405,296460,卖盘
918,14:06:15,7.33,--,20,14660,买盘
919,14:06:12,7.33,0.01,2,1466,买盘
920,14:06:09,7.32,--,1,732,卖盘
921,14:06:06,7.32,--,43,31476,卖盘
922,14:06:03,7.32,-0.01,45,32940,卖盘
923,14:06:00,7.33,--,2,1466,买盘
924,14:05:57,7.33,--,8,5864,买盘
925,14:05:54,7.33,0.01,1,733,买盘
926,14:05:51,7.32,--,34,24888,卖盘
927,14:05:48,7.32,--,311,227652,卖盘
928,14:05:42,7.32,-0.01,4,2928,卖盘
929,14:05:39,7.33,--,34,24922,买盘
930,14:05:33,7.33,0.01,4,2932,买盘
931,14:05:30,7.32,-0.01,25,18300,卖盘
932,14:05:27,7.33,--,21,15393,买盘
933,14:05:24,7.33,0.01,394,288802,买盘
934,14:05:21,7.32,--,15,10980,卖盘
935,14:05:18,7.32,--,274,200568,卖盘
936,14:05:15,7.32,-0.01,303,221796,卖盘
937,14:05:12,7.33,0.01,32,23456,买盘
938,14:05:09,7.32,--,201,147132,卖盘
939,14:05:06,7.32,-0.01,5,3660,卖盘
940,14:05:00,7.33,--,11,8063,买盘
941,14:04:57,7.33,--,13,9529,买盘
942,14:04:48,7.33,0.01,3,2199,买盘
943,14:04:45,7.32,-0.01,403,294996,卖盘
944,14:04:42,7.33,--,35,25655,买盘
945,14:04:39,7.33,--,65,47645,买盘
946,14:04:33,7.33,0.01,35,25655,买盘
947,14:04:30,7.32,--,17,12444,卖盘
948,14:04:27,7.32,-0.01,10,7320,卖盘
949,14:04:24,7.33,0.01,13,9529,买盘
950,14:04:21,7.32,-0.01,543,397476,卖盘
951,14:04:15,7.33,0.01,25,18325,买盘
952,14:04:12,7.32,-0.01,353,258396,卖盘
953,14:04:06,7.33,0.01,16,11728,买盘
954,14:04:03,7.32,-0.01,1,732,卖盘
955,14:04:00,7.33,--,7,5131,买盘
956,14:03:57,7.33,--,7,5131,买盘
957,14:03:54,7.33,0.01,72,52776,买盘
958,14:03:51,7.32,-0.01,20,14640,卖盘
959,14:03:48,7.33,0.01,189,138537,买盘
960,14:03:45,7.32,--,236,172752,卖盘
961,14:03:42,7.32,--,303,221796,卖盘
962,14:03:39,7.32,-0.01,20,14640,卖盘
963,14:03:36,7.33,--,6,4398,买盘
964,14:03:33,7.33,0.01,1,733,买盘
965,14:03:27,7.32,-0.01,42,30744,卖盘
966,14:03:24,7.33,0.01,10,7330,买盘
967,14:03:21,7.32,--,113,82716,卖盘
968,14:03:18,7.32,-0.01,50,36600,卖盘
969,14:03:15,7.33,--,20,14660,买盘
970,14:03:12,7.33,--,414,303462,买盘
971,14:03:09,7.33,0.01,11,8063,买盘
972,14:03:06,7.32,-0.01,444,325008,卖盘
973,14:03:03,7.33,--,1,733,买盘
974,14:03:00,7.33,--,53,38849,买盘
975,14:02:57,7.33,--,12,8796,买盘
976,14:02:54,7.33,--,64,46912,买盘
977,14:02:51,7.33,0.01,579,424407,买盘
978,14:02:48,7.32,--,100,73200,卖盘
979,14:02:42,7.32,-0.01,24,17568,卖盘
980,14:02:39,7.33,0.01,371,271943,买盘
981,14:02:30,7.32,-0.01,166,121512,卖盘
982,14:02:27,7.33,--,717,525561,买盘
983,14:02:24,7.33,--,3164,2319358,卖盘
984,14:02:21,7.33,-0.01,42,30786,卖盘
985,14:02:18,7.34,0.01,11,8074,买盘
986,14:02:12,7.33,--,2073,1519509,卖盘
987,14:02:09,7.33,--,461,337913,卖盘
988,14:02:06,7.33,--,4,2932,卖盘
989,14:02:03,7.33,-0.01,68,49844,卖盘
990,14:01:57,7.34,0.01,7,5138,买盘
991,14:01:51,7.33,--,63,46179,卖盘
992,14:01:48,7.33,-0.01,1,733,卖盘
993,14:01:45,7.34,--,20,14680,买盘
994,14:01:42,7.34,0.01,3,2202,买盘
995,14:01:39,7.33,-0.01,33,24189,卖盘
996,14:01:36,7.34,--,354,259836,买盘
997,14:01:30,7.34,--,4,2936,买盘
998,14:01:27,7.34,--,19,13946,买盘
999,14:01:24,7.34,--,1,734,买盘
1000,14:01:21,7.34,--,14,10276,买盘
1001,14:01:18,7.34,--,2,1468,买盘
1002,14:01:15,7.34,--,100,73400,买盘
1003,14:01:12,7.34,0.01,50,36700,买盘
1004,14:01:09,7.33,--,37,27121,卖盘
1005,14:01:06,7.33,--,320,234560,卖盘
1006,14:01:03,7.33,-0.01,60,43980,卖盘
1007,14:00:57,7.34,0.01,8,5872,买盘
1008,14:00:54,7.33,--,263,192779,卖盘
1009,14:00:48,7.33,--,1,733,卖盘
1010,14:00:45,7.33,--,2,1466,卖盘
1011,14:00:42,7.33,-0.01,167,122411,卖盘
1012,14:00:39,7.34,--,33,24222,买盘
1013,14:00:36,7.34,--,52,38168,买盘
1014,14:00:33,7.34,--,313,229742,买盘
1015,14:00:27,7.34,--,14,10276,买盘
1016,14:00:21,7.34,0.01,12,8808,买盘
1017,14:00:18,7.33,--,23,16859,卖盘
1018,14:00:12,7.33,-0.01,37,27121,卖盘
1019,14:00:09,7.34,0.01,10,7340,买盘
1020,14:00:06,7.33,-0.01,5,3665,卖盘
1021,14:00:03,7.34,--,313,229742,买盘
1022,14:00:00,7.34,0.01,45,33030,买盘
1023,13:59:57,7.33,-0.01,228,167124,卖盘
1024,13:59:48,7.34,--,51,37434,买盘
1025,13:59:45,7.34,0.01,64,46976,买盘
1026,13:59:42,7.33,-0.01,267,195711,卖盘
1027,13:59:39,7.34,--,29,21286,买盘
1028,13:59:36,7.34,--,5,3670,买盘
1029,13:59:33,7.34,0.01,5,3670,买盘
1030,13:59:30,7.33,--,323,236759,卖盘
1031,13:59:27,7.33,-0.01,2,1466,卖盘
1032,13:59:24,7.34,--,71,52114,买盘
1033,13:59:21,7.34,0.01,13,9542,买盘
1034,13:59:18,7.33,-0.01,4,2932,卖盘
1035,13:59:15,7.34,--,50,36700,买盘
1036,13:59:09,7.34,--,1,734,买盘
1037,13:59:06,7.34,--,12,8808,买盘
1038,13:59:03,7.34,0.01,4,2936,买盘
1039,13:59:00,7.33,--,303,222099,卖盘
1040,13:58:57,7.33,-0.01,252,184716,卖盘
1041,13:58:54,7.34,0.01,1,734,买盘
1042,13:58:48,7.33,-0.01,10,7330,卖盘
1043,13:58:45,7.34,--,3,2202,买盘
1044,13:58:42,7.34,--,1,734,买盘
1045,13:58:39,7.34,--,57,41838,买盘
1046,13:58:36,7.34,0.01,20,14680,买盘
1047,13:58:30,7.33,--,303,222099,卖盘
1048,13:58:27,7.33,-0.01,18,13194,卖盘
1049,13:58:24,7.34,--,70,51380,买盘
1050,13:58:18,7.34,--,14,10276,买盘
1051,13:58:15,7.34,--,306,224604,买盘
1052,13:58:12,7.34,0.01,11,8074,买盘
1053,13:58:09,7.33,-0.01,18,13194,卖盘
1054,13:58:06,7.34,0.01,22,16148,买盘
1055,13:58:03,7.33,-0.01,2,1466,卖盘
1056,13:58:00,7.34,--,1232,904288,买盘
1057,13:57:57,7.34,--,23,16882,买盘
1058,13:57:54,7.34,--,7,5138,买盘
1059,13:57:48,7.34,0.01,1,734,买盘
1060,13:57:42,7.33,-0.01,3,2199,卖盘
1061,13:57:39,7.34,--,1,734,买盘
1062,13:57:33,7.34,0.01,20,14680,买盘
1063,13:57:27,7.33,-0.02,531,389223,卖盘
1064,13:57:24,7.35,--,3009,2211615,买盘
1065,13:57:21,7.35,0.01,14,10290,买盘
1066,13:57:18,7.34,-0.01,110,80740,卖盘
1067,13:57:12,7.35,0.01,10,7350,买盘
1068,13:57:06,7.34,--,2,1468,卖盘
1069,13:57:03,7.34,-0.01,1,734,卖盘
1070,13:57:00,7.35,0.01,22,16170,买盘
1071,13:56:57,7.34,-0.01,305,223870,卖盘
1072,13:56:54,7.35,0.01,17,12495,买盘
1073,13:56:48,7.34,--,53,38902,卖盘
1074,13:56:45,7.34,--,6,4404,卖盘
1075,13:56:42,7.34,-0.01,1,734,卖盘
1076,13:56:39,7.35,0.01,1,735,买盘
1077,13:56:36,7.34,-0.01,6,4404,卖盘
1078,13:56:27,7.35,--,1,735,买盘
1079,13:56:24,7.35,--,57,41895,买盘
1080,13:56:21,7.35,0.01,776,570360,买盘
1081,13:56:18,7.34,-0.01,613,449942,卖盘
1082,13:56:15,7.35,0.01,5,3675,买盘
1083,13:56:12,7.34,-0.01,200,146800,卖盘
1084,13:56:06,7.35,0.01,42,30870,买盘
1085,13:56:00,7.34,-0.01,1,734,卖盘
1086,13:55:57,7.35,--,18,13230,买盘
1087,13:55:54,7.35,--,20,14700,买盘
1088,13:55:51,7.35,--,88,64680,买盘
1089,13:55:48,7.35,--,10,7350,买盘
1090,13:55:39,7.35,--,117,85995,买盘
1091,13:55:36,7.35,--,5,3675,买盘
1092,13:55:33,7.35,--,511,375585,买盘
1093,13:55:30,7.35,0.01,30,22050,买盘
1094,13:55:27,7.34,-0.01,43,31562,卖盘
1095,13:55:24,7.35,0.01,11,8085,买盘
1096,13:55:21,7.34,--,13,9542,卖盘
1097,13:55:18,7.34,-0.01,199,146066,卖盘
1098,13:55:15,7.35,--,1,735,买盘
1099,13:55:09,7.35,0.01,10,7350,买盘
1100,13:55:06,7.34,--,63,46242,卖盘
1101,13:55:03,7.34,-0.01,7,5138,卖盘
1102,13:55:00,7.35,--,10,7350,买盘
1103,13:54:54,7.35,--,103,75705,卖盘
1104,13:54:48,7.35,--,36,26460,卖盘
1105,13:54:42,7.35,--,241,177135,买盘
1106,13:54:39,7.35,--,20,14700,买盘
1107,13:54:36,7.35,--,88,64680,买盘
1108,13:54:33,7.35,-0.01,389,285915,卖盘
1109,13:54:30,7.36,--,94,69184,买盘
1110,13:54:24,7.36,0.01,8,5888,买盘
1111,13:54:21,7.35,-0.01,21,15435,卖盘
1112,13:54:18,7.36,0.01,13,9568,买盘
1113,13:54:15,7.35,--,27,19845,卖盘
1114,13:54:12,7.35,--,35,25725,卖盘
1115,13:54:09,7.35,--,31,22785,卖盘
1116,13:54:06,7.35,-0.01,2,1470,卖盘
1117,13:54:03,7.36,--,1,736,买盘
1118,13:54:00,7.36,--,2,1472,买盘
1119,13:53:54,7.36,--,8,5888,买盘
1120,13:53:48,7.36,0.01,43,31648,买盘
1121,13:53:45,7.35,--,8,5880,卖盘
1122,13:53:42,7.35,--,150,110250,卖盘
1123,13:53:36,7.35,--,120,88200,卖盘
1124,13:53:33,7.35,-0.01,202,148470,卖盘
1125,13:53:30,7.36,--,10,7360,买盘
1126,13:53:24,7.36,--,38,27968,买盘
1127,13:53:21,7.36,--,24,17664,买盘
1128,13:53:18,7.36,--,13,9568,买盘
1129,13:53:12,7.36,0.01,10,7360,买盘
1130,13:53:06,7.35,--,2,1470,卖盘
1131,13:53:03,7.35,--,8,5880,卖盘
1132,13:53:00,7.35,-0.01,6,4410,卖盘
1133,13:52:54,7.36,0.01,22,16192,买盘
1134,13:52:51,7.35,-0.01,1,735,卖盘
1135,13:52:48,7.36,--,1,736,买盘
1136,13:52:42,7.36,--,1,736,买盘
1137,13:52:36,7.36,0.01,12,8832,买盘
1138,13:52:33,7.35,-0.01,35,25725,卖盘
1139,13:52:24,7.36,--,9,6624,买盘
1140,13:52:18,7.36,0.01,13,9568,买盘
1141,13:52:12,7.35,--,1,735,卖盘
1142,13:52:09,7.35,-0.01,1,735,卖盘
1143,13:52:06,7.36,--,2,1472,买盘
1144,13:52:03,7.36,0.01,4,2944,买盘
1145,13:52:00,7.35,-0.01,29,21315,卖盘
1146,13:51:57,7.36,--,1,736,买盘
1147,13:51:54,7.36,0.01,8,5888,买盘
1148,13:51:51,7.35,--,4,2940,卖盘
1149,13:51:39,7.35,--,70,51450,卖盘
1150,13:51:36,7.35,--,5,3675,卖盘
1151,13:51:30,7.35,-0.01,21,15435,卖盘
1152,13:51:24,7.36,0.01,9,6624,买盘
1153,13:51:21,7.35,-0.01,4,2940,卖盘
1154,13:51:18,7.36,0.01,27,19872,买盘
1155,13:51:09,7.35,--,36,26460,卖盘
1156,13:51:06,7.35,--,4,2940,卖盘
1157,13:51:03,7.35,--,401,294735,卖盘
1158,13:50:57,7.35,-0.01,100,73500,卖盘
1159,13:50:54,7.36,0.01,7,5152,买盘
1160,13:50:48,7.35,--,65,47775,卖盘
1161,13:50:42,7.35,--,1,735,卖盘
1162,13:50:27,7.35,-0.01,5,3675,卖盘
1163,13:50:24,7.36,--,10,7360,买盘
1164,13:50:21,7.36,0.01,12,8832,买盘
1165,13:50:18,7.35,--,51,37485,卖盘
1166,13:50:15,7.35,--,18,13230,卖盘
1167,13:50:12,7.35,-0.01,162,119070,卖盘
1168,13:50:09,7.36,0.01,5,3680,买盘
1169,13:50:06,7.35,-0.01,39,28665,卖盘
1170,13:50:00,7.36,0.01,3,2208,买盘
1171,13:49:57,7.35,-0.01,51,37485,卖盘
1172,13:49:54,7.36,--,8,5888,买盘
1173,13:49:48,7.36,0.01,2,1472,买盘
1174,13:49:45,7.35,--,43,31605,卖盘
1175,13:49:42,7.35,--,3,2205,卖盘
1176,13:49:39,7.35,-0.01,13,9555,卖盘
1177,13:49:33,7.36,--,4,2944,买盘
1178,13:49:30,7.36,--,61,44896,买盘
1179,13:49:24,7.36,--,10,7360,买盘
1180,13:49:21,7.36,0.01,24,17664,买盘
1181,13:49:18,7.35,--,200,147000,卖盘
1182,13:49:09,7.35,--,4,2940,卖盘
1183,13:49:06,7.35,-0.01,2,1470,卖盘
1184,13:49:03,7.36,0.01,2,1472,买盘
1185,13:49:00,7.35,-0.01,23,16905,卖盘
1186,13:48:57,7.36,--,1,736,买盘
1187,13:48:54,7.36,--,8,5888,买盘
1188,13:48:48,7.36,--,1,736,买盘
1189,13:48:45,7.36,--,1,736,买盘
1190,13:48:42,7.36,--,13,9568,买盘
1191,13:48:39,7.36,0.01,10,7360,买盘
1192,13:48:36,7.35,--,6,4410,卖盘
1193,13:48:33,7.35,--,15,11025,卖盘
1194,13:48:30,7.35,--,100,73500,卖盘
1195,13:48:27,7.35,-0.01,1,735,卖盘
1196,13:48:24,7.36,0.01,7,5152,买盘
1197,13:48:21,7.35,--,75,55125,卖盘
1198,13:48:15,7.35,--,8,5880,卖盘
1199,13:48:12,7.35,--,73,53655,卖盘
1200,13:48:06,7.35,--,8,5880,卖盘
1201,13:48:03,7.35,-0.01,1,735,卖盘
1202,13:47:54,7.36,0.01,8,5888,买盘
1203,13:47:48,7.35,-0.01,124,91140,卖盘
1204,13:47:45,7.36,0.01,13,9568,买盘
1205,13:47:42,7.35,--,1,735,卖盘
1206,13:47:39,7.35,--,320,235200,卖盘
1207,13:47:36,7.35,-0.01,51,37485,卖盘
1208,13:47:24,7.36,0.01,7,5152,买盘
1209,13:47:21,7.35,--,1,735,卖盘
1210,13:47:15,7.35,--,122,89670,买盘
1211,13:47:12,7.35,--,22,16170,买盘
1212,13:47:09,7.35,0.01,2,1470,买盘
1213,13:47:06,7.34,--,3,2202,卖盘
1214,13:47:03,7.34,-0.01,1,734,卖盘
1215,13:47:00,7.35,--,48,35280,买盘
1216,13:46:57,7.35,--,7,5145,买盘
1217,13:46:54,7.35,--,20,14700,买盘
1218,13:46:51,7.35,--,20,14700,买盘
1219,13:46:45,7.35,--,185,135975,买盘
1220,13:46:42,7.35,-0.01,116,85260,卖盘
1221,13:46:39,7.36,--,1,736,买盘
1222,13:46:36,7.36,--,1,736,买盘
1223,13:46:33,7.36,0.02,1,736,买盘
1224,13:46:30,7.34,-0.02,118,86612,卖盘
1225,13:46:27,7.36,0.01,9,6624,买盘
1226,13:46:21,7.35,--,1,735,卖盘
1227,13:46:15,7.35,0.01,18,13230,买盘
1228,13:46:06,7.34,--,276,202584,卖盘
1229,13:46:03,7.34,-0.01,1,734,卖盘
1230,13:46:00,7.35,--,10,7350,买盘
1231,13:45:57,7.35,--,18,13230,买盘
1232,13:45:54,7.35,--,11,8085,买盘
1233,13:45:51,7.35,--,1,735,买盘
1234,13:45:48,7.35,--,29,21315,买盘
1235,13:45:42,7.35,0.01,2,1470,买盘
1236,13:45:36,7.34,-0.01,78,57252,卖盘
1237,13:45:33,7.35,-0.01,426,313110,卖盘
1238,13:45:27,7.36,0.01,7,5152,买盘
1239,13:45:18,7.35,-0.01,1,735,卖盘
1240,13:45:12,7.36,--,100,73600,买盘
1241,13:45:09,7.36,0.01,1,736,买盘
1242,13:45:06,7.35,--,3,2205,卖盘
1243,13:45:03,7.35,-0.01,1,735,卖盘
1244,13:44:57,7.36,--,7,5152,买盘
1245,13:44:51,7.36,0.01,67,49312,买盘
1246,13:44:45,7.35,-0.01,500,367500,卖盘
1247,13:44:42,7.36,0.01,15,11040,买盘
1248,13:44:36,7.35,--,1,735,卖盘
1249,13:44:33,7.35,-0.01,171,125685,卖盘
1250,13:44:30,7.36,--,12,8832,买盘
1251,13:44:27,7.36,0.01,7,5152,买盘
1252,13:44:21,7.35,-0.01,1,735,卖盘
1253,13:44:15,7.36,0.01,2,1472,中性盘
1254,13:44:09,7.35,--,49,36015,卖盘
1255,13:44:06,7.35,-0.01,131,96285,卖盘
1256,13:44:03,7.36,--,901,663136,买盘
1257,13:43:57,7.36,0.01,8,5888,买盘
1258,13:43:54,7.35,--,508,373380,卖盘
1259,13:43:51,7.35,--,6,4410,卖盘
1260,13:43:48,7.35,-0.01,26,19110,卖盘
1261,13:43:45,7.36,--,473,348128,买盘
1262,13:43:42,7.36,0.01,23,16928,买盘
1263,13:43:39,7.35,--,132,97020,卖盘
1264,13:43:33,7.35,-0.01,20,14700,卖盘
1265,13:43:30,7.36,--,17,12512,买盘
1266,13:43:27,7.36,0.01,524,385664,买盘
1267,13:43:15,7.35,--,1,735,卖盘
1268,13:43:12,7.35,--,1,735,卖盘
1269,13:43:09,7.35,--,1,735,卖盘
1270,13:43:06,7.35,-0.01,133,97755,卖盘
1271,13:43:03,7.36,--,73,53728,买盘
1272,13:42:57,7.36,--,8,5888,买盘
1273,13:42:54,7.36,0.01,1,736,买盘
1274,13:42:48,7.35,--,5,3675,卖盘
1275,13:42:45,7.35,--,10,7350,卖盘
1276,13:42:42,7.35,-0.01,14,10290,卖盘
1277,13:42:36,7.36,--,295,217120,买盘
1278,13:42:27,7.36,--,7,5152,买盘
1279,13:42:24,7.36,0.01,177,130272,买盘
1280,13:42:21,7.35,-0.01,7,5145,卖盘
1281,13:42:09,7.36,--,500,368000,买盘
1282,13:42:06,7.36,0.01,2,1472,买盘
1283,13:42:03,7.35,--,132,97020,卖盘
1284,13:42:00,7.35,--,80,58800,卖盘
1285,13:41:57,7.35,-0.01,9,6615,卖盘
1286,13:41:54,7.36,0.01,501,368736,买盘
1287,13:41:51,7.35,-0.01,47,34545,卖盘
1288,13:41:45,7.36,0.01,12,8832,买盘
1289,13:41:42,7.35,-0.01,11,8085,卖盘
1290,13:41:39,7.36,0.01,53,39008,买盘
1291,13:41:33,7.35,-0.01,129,94815,卖盘
1292,13:41:27,7.36,--,12,8832,买盘
1293,13:41:15,7.36,--,5,3680,买盘
1294,13:41:12,7.36,--,34,25024,买盘
1295,13:41:09,7.36,--,2,1472,买盘
1296,13:41:06,7.36,--,66,48576,买盘
1297,13:41:03,7.36,0.01,1,736,买盘
1298,13:41:00,7.35,--,145,106575,卖盘
1299,13:40:57,7.35,-0.01,17,12495,卖盘
1300,13:40:51,7.36,--,41,30176,买盘
1301,13:40:48,7.36,--,10,7360,买盘
1302,13:40:45,7.36,0.01,10,7360,买盘
1303,13:40:42,7.35,-0.01,15,11025,卖盘
1304,13:40:39,7.36,--,1,736,买盘
1305,13:40:36,7.36,--,30,22080,买盘
1306,13:40:33,7.36,0.01,1,736,买盘
1307,13:40:30,7.35,-0.01,129,94815,卖盘
1308,13:40:27,7.36,--,7,5152,买盘
1309,13:40:24,7.36,0.01,23,16928,买盘
1310,13:40:21,7.35,-0.01,1,735,卖盘
1311,13:40:18,7.36,0.01,12,8832,买盘
1312,13:40:15,7.35,--,2,1470,卖盘
1313,13:40:12,7.35,--,30,22050,卖盘
1314,13:40:09,7.35,--,1,735,卖盘
1315,13:40:06,7.35,--,2,1470,卖盘
1316,13:40:03,7.35,-0.01,353,259455,卖盘
1317,13:40:00,7.36,--,134,98624,买盘
1318,13:39:57,7.36,0.01,8,5888,买盘
1319,13:39:54,7.35,--,1,735,卖盘
1320,13:39:45,7.35,--,19,13965,卖盘
1321,13:39:42,7.35,--,2,1470,卖盘
1322,13:39:33,7.35,--,40,29400,卖盘
1323,13:39:30,7.35,0.01,2,1470,中性盘
1324,13:39:27,7.34,-0.01,137,100558,卖盘
1325,13:39:24,7.35,--,33,24416,买盘
1326,13:39:21,7.35,--,538,395430,买盘
1327,13:39:15,7.35,--,22,16170,买盘
1328,13:39:12,7.35,--,2,1470,买盘
1329,13:39:06,7.35,0.01,4,2940,买盘
1330,13:39:03,7.34,-0.01,13,9542,卖盘
1331,13:39:00,7.35,--,139,102165,买盘
1332,13:38:57,7.35,--,57,41895,买盘
1333,13:38:54,7.35,0.01,104,76440,买盘
1334,13:38:51,7.34,--,10,7340,卖盘
1335,13:38:48,7.34,-0.01,1176,863184,卖盘
1336,13:38:45,7.35,--,31,22785,买盘
1337,13:38:42,7.35,--,268,196980,买盘
1338,13:38:39,7.35,--,7,5145,买盘
1339,13:38:33,7.35,--,29,21315,买盘
1340,13:38:30,7.35,--,32,23520,买盘
1341,13:38:27,7.35,--,141,103635,买盘
1342,13:38:24,7.35,--,200,147000,买盘
1343,13:38:21,7.35,--,50,36750,买盘
1344,13:38:18,7.35,0.01,231,169785,买盘
1345,13:38:15,7.34,-0.01,5,3670,卖盘
1346,13:38:12,7.35,--,101,74235,买盘
1347,13:38:09,7.35,--,32,23520,买盘
1348,13:38:06,7.35,--,29,21315,买盘
1349,13:38:03,7.35,0.01,12,8820,买盘
1350,13:37:57,7.34,-0.01,138,101292,卖盘
1351,13:37:54,7.35,--,207,152145,买盘
1352,13:37:51,7.35,--,58,42630,买盘
1353,13:37:48,7.35,--,3,2205,买盘
1354,13:37:45,7.35,--,27,19845,买盘
1355,13:37:42,7.35,--,13,9555,买盘
1356,13:37:39,7.35,--,1,735,买盘
1357,13:37:36,7.35,0.01,1,735,买盘
1358,13:37:33,7.34,-0.01,46,33764,卖盘
1359,13:37:27,7.35,0.01,178,130830,买盘
1360,13:37:21,7.34,-0.01,130,95420,卖盘
1361,13:37:18,7.35,0.01,10,7350,买盘
1362,13:37:15,7.34,--,87,63858,卖盘
1363,13:37:06,7.34,--,19,13946,卖盘
1364,13:37:03,7.34,-0.01,5,3670,卖盘
1365,13:36:57,7.35,0.01,137,100695,买盘
1366,13:36:48,7.34,--,42,30828,卖盘
1367,13:36:45,7.34,-0.01,45,33030,卖盘
1368,13:36:42,7.35,--,14,10290,买盘
1369,13:36:39,7.35,--,365,268275,买盘
1370,13:36:36,7.35,0.01,54,39690,买盘
1371,13:36:33,7.34,--,63,46242,卖盘
1372,13:36:30,7.34,-0.01,1,734,卖盘
1373,13:36:27,7.35,0.01,8,5880,买盘
1374,13:36:24,7.34,--,129,94686,卖盘
1375,13:36:21,7.34,--,1,734,卖盘
1376,13:36:15,7.34,--,74,54316,卖盘
1377,13:36:09,7.34,--,1,734,卖盘
1378,13:36:06,7.34,-0.01,206,151204,卖盘
1379,13:36:03,7.35,0.01,43,31605,买盘
1380,13:36:00,7.34,--,27,19818,卖盘
1381,13:35:57,7.34,0.01,81,59454,中性盘
1382,13:35:54,7.33,-0.01,129,94557,卖盘
1383,13:35:48,7.34,-0.01,15,11010,卖盘
1384,13:35:45,7.35,--,15,11025,买盘
1385,13:35:42,7.35,0.01,1,735,买盘
1386,13:35:39,7.34,--,584,428656,卖盘
1387,13:35:36,7.34,--,1,734,卖盘
1388,13:35:33,7.34,--,50,36700,卖盘
1389,13:35:30,7.34,-0.01,5,3670,卖盘
1390,13:35:27,7.35,0.01,8,5880,买盘
1391,13:35:24,7.34,--,108,79272,卖盘
1392,13:35:21,7.34,-0.01,129,94686,卖盘
1393,13:35:12,7.35,--,32,23520,买盘
1394,13:35:09,7.35,--,29,21315,买盘
1395,13:35:03,7.35,--,3,2205,买盘
1396,13:34:57,7.35,--,229,168315,买盘
1397,13:34:54,7.35,0.01,8,5880,买盘
1398,13:34:51,7.34,--,129,94686,卖盘
1399,13:34:48,7.34,--,74,54316,卖盘
1400,13:34:45,7.34,-0.01,79,57986,卖盘
1401,13:34:42,7.35,--,60,44100,买盘
1402,13:34:39,7.35,--,611,449085,买盘
1403,13:34:36,7.35,--,35,25725,买盘
1404,13:34:33,7.35,0.01,1,735,买盘
1405,13:34:30,7.34,-0.01,75,55050,卖盘
1406,13:34:27,7.35,0.01,9,6615,买盘
1407,13:34:21,7.34,--,149,109366,卖盘
1408,13:34:12,7.34,--,76,55784,卖盘
1409,13:34:09,7.34,--,1,734,卖盘
1410,13:34:06,7.34,-0.01,2,1468,卖盘
1411,13:34:03,7.35,0.01,4,2940,买盘
1412,13:34:00,7.34,-0.01,5,3670,卖盘
1413,13:33:57,7.35,--,7,5145,买盘
1414,13:33:54,7.35,0.01,104,76440,买盘
1415,13:33:51,7.34,-0.01,129,94686,卖盘
1416,13:33:48,7.35,0.01,152,111720,买盘
1417,13:33:42,7.34,-0.01,55,40370,卖盘
1418,13:33:39,7.35,0.01,75,55125,买盘
1419,13:33:36,7.34,--,6,4404,卖盘
1420,13:33:30,7.34,-0.01,50,36700,卖盘
1421,13:33:27,7.35,0.01,7,5145,买盘
1422,13:33:24,7.34,--,10,7340,卖盘
1423,13:33:21,7.34,--,74,54316,卖盘
1424,13:33:18,7.34,--,129,94686,卖盘
1425,13:33:09,7.34,--,5,3670,卖盘
1426,13:33:06,7.34,-0.01,1,734,卖盘
1427,13:33:03,7.35,0.01,34,24990,买盘
1428,13:33:00,7.34,-0.01,74,54316,卖盘
1429,13:32:57,7.35,--,57,41895,买盘
1430,13:32:54,7.35,0.01,4,2940,买盘
1431,13:32:48,7.34,--,129,94686,卖盘
1432,13:32:45,7.34,-0.01,75,55050,卖盘
1433,13:32:42,7.35,0.01,13,9555,买盘
1434,13:32:36,7.34,-0.01,5,3670,卖盘
1435,13:32:33,7.35,0.01,1,735,买盘
1436,13:32:27,7.34,--,82,60188,卖盘
1437,13:32:21,7.34,-0.01,1,734,卖盘
1438,13:32:18,7.35,--,153,112455,买盘
1439,13:32:15,7.35,0.01,83,61005,买盘
1440,13:32:09,7.34,--,76,55784,卖盘
1441,13:32:06,7.34,-0.01,61,44774,卖盘
1442,13:32:03,7.35,--,2,1470,买盘
1443,13:32:00,7.35,--,9,6615,买盘
1444,13:31:57,7.35,--,7,5145,买盘
1445,13:31:54,7.35,--,85,62475,买盘
1446,13:31:51,7.35,--,44,32340,买盘
1447,13:31:48,7.35,0.01,1,735,买盘
1448,13:31:45,7.34,-0.01,157,115238,卖盘
1449,13:31:42,7.35,--,12,8820,买盘
1450,13:31:39,7.35,0.01,162,119070,买盘
1451,13:31:36,7.34,-0.01,75,55050,卖盘
1452,13:31:33,7.35,--,35,25725,买盘
1453,13:31:30,7.35,--,10,7350,买盘
1454,13:31:27,7.35,--,7,5145,买盘
1455,13:31:24,7.35,0.01,107,78645,买盘
1456,13:31:21,7.34,-0.01,109,80006,卖盘
1457,13:31:18,7.35,0.01,1,735,买盘
1458,13:31:15,7.34,--,129,94686,卖盘
1459,13:31:06,7.34,--,6,4404,卖盘
1460,13:31:03,7.34,-0.01,74,54316,卖盘
1461,13:31:00,7.35,--,15,11025,买盘
1462,13:30:57,7.35,--,8,5880,买盘
1463,13:30:54,7.35,--,28,20580,买盘
1464,13:30:48,7.35,0.01,85,62475,买盘
1465,13:30:45,7.34,--,403,295802,卖盘
1466,13:30:42,7.34,-0.01,18,13212,卖盘
1467,13:30:39,7.35,0.01,13,9555,买盘
1468,13:30:27,7.34,-0.01,85,62390,卖盘
1469,13:30:21,7.35,0.01,47,34545,买盘
1470,13:30:12,7.34,--,150,110100,卖盘
1471,13:30:09,7.34,--,75,55050,卖盘
1472,13:30:06,7.34,-0.01,23,16882,卖盘
1473,13:30:03,7.35,--,9,6615,买盘
1474,13:29:57,7.35,--,38,27930,买盘
1475,13:29:54,7.35,0.01,10,7350,买盘
1476,13:29:51,7.34,--,90,66060,卖盘
1477,13:29:48,7.34,-0.01,103,75602,卖盘
1478,13:29:45,7.35,0.01,1,735,买盘
1479,13:29:42,7.34,-0.01,129,94686,卖盘
1480,13:29:39,7.35,0.01,13,9555,买盘
1481,13:29:33,7.34,-0.01,75,55050,卖盘
1482,13:29:30,7.35,--,19,13965,买盘
1483,13:29:27,7.35,--,150,110250,买盘
1484,13:29:24,7.35,--,41,30135,买盘
1485,13:29:21,7.35,0.01,5,3675,买盘
1486,13:29:18,7.34,--,11,8074,卖盘
1487,13:29:15,7.34,--,74,54316,卖盘
1488,13:29:12,7.34,--,129,94686,卖盘
1489,13:29:06,7.34,-0.01,138,101292,卖盘
1490,13:29:03,7.35,0.01,13,9555,买盘
1491,13:28:57,7.34,-0.01,104,76336,卖盘
1492,13:28:54,7.35,--,27,19845,买盘
1493,13:28:51,7.35,0.01,20,14700,买盘
1494,13:28:48,7.34,-0.01,520,381680,卖盘
1495,13:28:45,7.35,--,101,74235,买盘
1496,13:28:42,7.35,--,1244,914340,买盘
1497,13:28:33,7.35,--,43,31605,买盘
1498,13:28:27,7.35,--,1,735,买盘
1499,13:28:24,7.35,--,11,8085,买盘
1500,13:28:21,7.35,--,23,16905,买盘
1501,13:28:18,7.35,--,125,91875,买盘
1502,13:28:15,7.35,--,668,490980,卖盘
1503,13:28:12,7.35,--,129,94815,卖盘
1504,13:28:06,7.35,-0.01,42,30870,卖盘
1505,13:28:03,7.36,--,34,25024,买盘
1506,13:28:00,7.36,--,1,736,买盘
1507,13:27:54,7.36,--,32,23552,买盘
1508,13:27:42,7.36,0.01,11,8096,买盘
1509,13:27:39,7.35,--,141,103635,卖盘
1510,13:27:33,7.35,--,5,3675,卖盘
1511,13:27:30,7.35,-0.01,57,41895,卖盘
1512,13:27:24,7.36,0.01,7,5152,买盘
1513,13:27:21,7.35,--,52,38220,卖盘
1514,13:27:18,7.35,-0.01,3,2205,卖盘
1515,13:27:15,7.36,0.01,25,18400,买盘
1516,13:27:09,7.35,-0.01,129,94815,卖盘
1517,13:27:06,7.36,--,10,7360,买盘
1518,13:27:03,7.36,--,13,9568,买盘
1519,13:26:54,7.36,--,38,27968,买盘
1520,13:26:45,7.36,--,1,736,买盘
1521,13:26:42,7.36,--,191,140576,买盘
1522,13:26:39,7.36,--,30,22080,买盘
1523,13:26:36,7.36,--,11,8096,买盘
1524,13:26:33,7.36,0.01,1,736,买盘
1525,13:26:27,7.35,-0.01,13,9555,卖盘
1526,13:26:24,7.36,0.01,64,47104,买盘
1527,13:26:21,7.35,--,1,735,卖盘
1528,13:26:18,7.35,--,1,735,卖盘
1529,13:26:15,7.35,-0.01,1,735,卖盘
1530,13:26:12,7.36,--,216,158990,卖盘
1531,13:26:09,7.36,-0.01,129,94944,卖盘
1532,13:26:06,7.37,--,12,8844,买盘
1533,13:26:03,7.37,--,74,54538,买盘
1534,13:25:54,7.37,--,7,5159,买盘
1535,13:25:51,7.37,0.02,1736,1280154,买盘
1536,13:25:42,7.35,--,1,735,卖盘
1537,13:25:39,7.35,-0.01,129,94815,卖盘
1538,13:25:36,7.36,--,37,27232,买盘
1539,13:25:33,7.36,0.01,1,736,买盘
1540,13:25:30,7.35,-0.01,5,3675,卖盘
1541,13:25:24,7.36,--,7,5152,买盘
1542,13:25:18,7.36,0.01,29,21344,买盘
1543,13:25:15,7.35,0.01,176,129360,买盘
1544,13:25:09,7.34,--,242,177628,卖盘
1545,13:25:06,7.34,-0.01,1,734,卖盘
1546,13:25:03,7.35,--,5,3675,买盘
1547,13:25:00,7.35,--,11,8085,买盘
1548,13:24:57,7.35,--,10,7350,买盘
1549,13:24:54,7.35,--,7,5145,买盘
1550,13:24:48,7.35,--,69,50715,买盘
1551,13:24:45,7.35,0.01,34,24990,买盘
1552,13:24:42,7.34,--,506,371404,卖盘
1553,13:24:36,7.34,--,135,99090,卖盘
1554,13:24:27,7.34,-0.01,53,38902,卖盘
1555,13:24:24,7.35,0.01,18,13230,买盘
1556,13:24:21,7.34,-0.01,1,734,卖盘
1557,13:24:18,7.35,--,10,7350,买盘
1558,13:24:12,7.35,--,211,155085,买盘
1559,13:24:09,7.35,0.01,32,23520,买盘
1560,13:24:06,7.34,-0.01,129,94686,卖盘
1561,13:24:03,7.35,--,3,2205,买盘
1562,13:23:57,7.35,--,4,2940,买盘
1563,13:23:54,7.35,--,7,5145,买盘
1564,13:23:51,7.35,--,1,735,买盘
1565,13:23:42,7.35,--,89,65415,买盘
1566,13:23:39,7.35,--,163,119805,卖盘
1567,13:23:36,7.35,--,577,424095,买盘
1568,13:23:33,7.35,--,55,40425,买盘
1569,13:23:30,7.35,0.01,60,44100,买盘
1570,13:23:27,7.34,-0.01,759,557106,卖盘
1571,13:23:24,7.35,0.01,27,19845,买盘
1572,13:23:21,7.34,-0.01,14,10276,卖盘
1573,13:23:18,7.35,--,35,25725,买盘
1574,13:23:09,7.35,--,21,15435,买盘
1575,13:23:06,7.35,-0.01,149,109515,卖盘
1576,13:23:03,7.36,--,4,2944,买盘
1577,13:23:00,7.36,0.01,1,736,买盘
1578,13:22:57,7.35,-0.01,130,95550,卖盘
1579,13:22:54,7.36,--,8,5888,买盘
1580,13:22:51,7.36,0.01,45,33120,买盘
1581,13:22:48,7.35,-0.01,2,1470,卖盘
1582,13:22:45,7.36,0.02,2000,1472000,买盘
1583,13:22:33,7.34,-0.01,149,109366,卖盘
1584,13:22:30,7.35,-0.01,8,5880,卖盘
1585,13:22:27,7.36,--,5,3680,买盘
1586,13:22:24,7.36,--,7,5152,买盘
1587,13:22:21,7.36,0.01,27,19872,买盘
1588,13:22:18,7.35,0.01,14,10290,买盘
1589,13:22:15,7.34,-0.02,201,147534,卖盘
1590,13:22:12,7.36,0.01,54,39744,买盘
1591,13:22:09,7.35,--,10,7350,买盘
1592,13:22:06,7.35,--,121,88935,买盘
1593,13:22:03,7.35,--,174,127890,买盘
1594,13:22:00,7.35,--,20,14700,买盘
1595,13:21:54,7.35,--,231,169785,买盘
1596,13:21:51,7.35,--,2,1470,买盘
1597,13:21:45,7.35,--,5,3675,买盘
1598,13:21:39,7.35,--,1,735,买盘
1599,13:21:36,7.35,--,33,24255,买盘
1600,13:21:33,7.35,--,153,112455,买盘
1601,13:21:24,7.35,0.01,2007,1475145,买盘
1602,13:21:15,7.34,-0.01,71,52114,卖盘
1603,13:21:12,7.35,--,11,8085,买盘
1604,13:21:09,7.35,--,19,13965,买盘
1605,13:21:03,7.35,--,170,124950,买盘
1606,13:21:00,7.35,--,19,13965,买盘
1607,13:20:57,7.35,--,11,8085,买盘
1608,13:20:54,7.35,0.01,8,5880,买盘
1609,13:20:48,7.34,-0.01,68,49919,卖盘
1610,13:20:42,7.35,0.01,11,8085,买盘
1611,13:20:39,7.34,--,10,7340,卖盘
1612,13:20:36,7.34,0.01,3,2202,中性盘
1613,13:20:30,7.33,-0.01,162,118746,卖盘
1614,13:20:27,7.34,-0.01,33,24222,卖盘
1615,13:20:24,7.35,0.01,7,5145,买盘
1616,13:20:21,7.34,--,40,29360,买盘
1617,13:20:18,7.34,--,10,7340,买盘
1618,13:20:15,7.34,--,1,734,买盘
1619,13:20:12,7.34,0.01,82,60188,买盘
1620,13:20:09,7.33,--,54,39582,卖盘
1621,13:20:06,7.33,-0.01,26,19058,卖盘
1622,13:20:03,7.34,--,2,1468,买盘
1623,13:20:00,7.34,--,438,321492,买盘
1624,13:19:57,7.34,--,16,11744,买盘
1625,13:19:54,7.34,--,35,25690,买盘
1626,13:19:51,7.34,--,31,22754,买盘
1627,13:19:48,7.34,--,32,23488,买盘
1628,13:19:45,7.34,--,31,22754,买盘
1629,13:19:42,7.34,--,25,18350,买盘
1630,13:19:39,7.34,--,2,1468,买盘
1631,13:19:36,7.34,0.01,22,16148,买盘
1632,13:19:33,7.33,-0.01,46,33718,卖盘
1633,13:19:30,7.34,--,156,114504,买盘
1634,13:19:24,7.34,--,7,5138,买盘
1635,13:19:21,7.34,0.01,1,734,买盘
1636,13:19:18,7.33,-0.01,331,242623,卖盘
1637,13:19:15,7.34,--,19,13946,买盘
1638,13:19:12,7.34,--,50,36700,买盘
1639,13:19:09,7.34,0.01,93,68262,买盘
1640,13:19:06,7.33,--,29,21257,卖盘
1641,13:19:03,7.33,-0.01,65,47645,卖盘
1642,13:19:00,7.34,0.01,1,734,买盘
1643,13:18:57,7.33,-0.01,638,467654,卖盘
1644,13:18:54,7.34,--,8,5872,买盘
1645,13:18:51,7.34,--,83,60922,买盘
1646,13:18:48,7.34,--,1,734,买盘
1647,13:18:45,7.34,--,81,59454,买盘
1648,13:18:42,7.34,--,45,33030,买盘
1649,13:18:39,7.34,0.01,103,75602,买盘
1650,13:18:36,7.33,-0.01,2,1466,卖盘
1651,13:18:33,7.34,0.01,10,7340,买盘
1652,13:18:30,7.33,--,3,2199,卖盘
1653,13:18:27,7.33,-0.02,150,109950,卖盘
1654,13:18:24,7.35,0.02,22,16170,买盘
1655,13:18:12,7.33,--,188,137804,卖盘
1656,13:18:09,7.33,-0.02,100,73300,卖盘
1657,13:18:06,7.35,0.01,5,3675,买盘
1658,13:18:03,7.34,0.01,3,2202,买盘
1659,13:18:00,7.33,-0.02,129,94557,卖盘
1660,13:17:57,7.35,0.01,591,434385,买盘
1661,13:17:54,7.34,--,17,12478,买盘
1662,13:17:51,7.34,--,9,6606,买盘
1663,13:17:48,7.34,--,46,33764,买盘
1664,13:17:39,7.34,0.01,1,734,买盘
1665,13:17:36,7.33,--,21,15393,卖盘
1666,13:17:33,7.33,-0.01,9,6597,卖盘
1667,13:17:30,7.34,0.01,154,113036,买盘
1668,13:17:27,7.33,-0.01,137,100421,卖盘
1669,13:17:24,7.34,0.01,2546,1868764,买盘
1670,13:17:21,7.33,-0.01,401,293933,卖盘
1671,13:17:18,7.34,0.01,1,734,买盘
1672,13:17:15,7.33,-0.01,4,2932,卖盘
1673,13:17:12,7.34,--,1,734,买盘
1674,13:17:09,7.34,0.01,2,1468,买盘
1675,13:17:06,7.33,-0.01,361,264613,卖盘
1676,13:17:03,7.34,--,13,9542,买盘
1677,13:16:57,7.34,--,144,105696,买盘
1678,13:16:51,7.34,0.01,10,7340,买盘
1679,13:16:48,7.33,-0.01,30,21990,卖盘
1680,13:16:42,7.34,--,50,36700,买盘
1681,13:16:39,7.34,--,1,734,买盘
1682,13:16:36,7.34,0.01,6,4404,买盘
1683,13:16:33,7.33,-0.01,10,7330,卖盘
1684,13:16:27,7.34,0.01,7,5138,买盘
1685,13:16:24,7.33,--,129,94557,卖盘
1686,13:16:21,7.33,--,21,15393,卖盘
1687,13:16:18,7.33,--,30,21990,卖盘
1688,13:16:15,7.33,--,3,2199,卖盘
1689,13:16:12,7.33,-0.01,51,37383,卖盘
1690,13:16:09,7.34,--,46,33764,买盘
1691,13:16:06,7.34,--,17,12478,卖盘
1692,13:16:03,7.34,-0.01,2,1468,中性盘
1693,13:15:57,7.35,0.02,7,5145,买盘
1694,13:15:54,7.33,-0.01,133,97489,卖盘
1695,13:15:51,7.34,--,1,734,卖盘
1696,13:15:45,7.34,--,2,1468,买盘
1697,13:15:42,7.34,--,10,7340,买盘
1698,13:15:39,7.34,--,31,22754,买盘
1699,13:15:36,7.34,0.01,157,115238,买盘
1700,13:15:33,7.33,-0.02,7,5131,卖盘
1701,13:15:27,7.35,0.02,9,6615,买盘
1702,13:15:24,7.33,-0.01,255,186915,卖盘
1703,13:15:18,7.34,--,84,61656,卖盘
1704,13:15:12,7.34,--,56,41104,买盘
1705,13:15:09,7.34,--,14,10276,买盘
1706,13:15:06,7.34,--,46,33764,买盘
1707,13:15:03,7.34,--,26,19084,买盘
1708,13:14:57,7.34,--,80,58720,买盘
1709,13:14:54,7.34,--,179,131386,买盘
1710,13:14:51,7.34,--,10,7340,买盘
1711,13:14:48,7.34,--,13,9542,买盘
1712,13:14:45,7.34,--,18,13212,买盘
1713,13:14:42,7.34,--,5,3670,买盘
1714,13:14:39,7.34,--,2,1468,买盘
1715,13:14:36,7.34,--,6,4404,买盘
1716,13:14:33,7.34,--,10,7340,买盘
1717,13:14:30,7.34,--,28,20552,买盘
1718,13:14:27,7.34,--,7,5138,买盘
1719,13:14:24,7.34,--,130,95420,买盘
1720,13:14:21,7.34,--,50,36700,买盘
1721,13:14:18,7.34,-0.01,196,143864,卖盘
1722,13:14:15,7.35,--,5,3675,买盘
1723,13:14:12,7.35,--,14,10290,买盘
1724,13:14:06,7.35,--,1,735,买盘
1725,13:14:03,7.35,--,54,39690,买盘
1726,13:13:57,7.35,0.01,68,49980,买盘
1727,13:13:54,7.34,--,129,94686,卖盘
1728,13:13:51,7.34,--,36,26424,买盘
1729,13:13:45,7.34,--,35,25690,买盘
1730,13:13:42,7.34,--,3,2202,买盘
1731,13:13:39,7.34,--,14,10276,买盘
1732,13:13:36,7.34,--,10,7340,买盘
1733,13:13:33,7.34,--,22,16148,卖盘
1734,13:13:30,7.34,-0.01,6,4404,卖盘
1735,13:13:27,7.35,0.02,8,5880,买盘
1736,13:13:21,7.33,-0.01,130,95290,卖盘
1737,13:13:18,7.34,-0.01,317,232678,卖盘
1738,13:13:15,7.35,0.01,6,4410,买盘
1739,13:13:09,7.34,-0.01,100,73400,卖盘
1740,13:13:03,7.35,--,4,2940,买盘
1741,13:13:00,7.35,--,351,257985,买盘
1742,13:12:57,7.35,0.01,333,244755,买盘
1743,13:12:54,7.34,--,6,4404,卖盘
1744,13:12:51,7.34,--,444,325896,卖盘
1745,13:12:48,7.34,--,254,186436,卖盘
1746,13:12:39,7.34,--,25,18350,卖盘
1747,13:12:36,7.34,--,2,1468,卖盘
1748,13:12:30,7.34,-0.01,3,2202,卖盘
1749,13:12:27,7.35,0.01,24,17640,买盘
1750,13:12:24,7.34,--,6,4404,卖盘
1751,13:12:21,7.34,--,146,107164,卖盘
1752,13:12:18,7.34,--,6,4404,卖盘
1753,13:12:15,7.34,--,15,11010,卖盘
1754,13:12:12,7.34,--,8,5872,卖盘
1755,13:12:09,7.34,--,3,2202,卖盘
1756,13:12:06,7.34,-0.01,220,161480,卖盘
1757,13:12:03,7.35,0.01,29,21315,买盘
1758,13:12:00,7.34,--,3,2202,卖盘
1759,13:11:57,7.34,--,11,8074,卖盘
1760,13:11:54,7.34,--,16,11744,卖盘
1761,13:11:51,7.34,-0.01,133,97622,卖盘
1762,13:11:48,7.35,--,7,5145,买盘
1763,13:11:45,7.35,0.01,55,40425,买盘
1764,13:11:42,7.34,--,358,262772,卖盘
1765,13:11:39,7.34,--,3,2202,卖盘
1766,13:11:36,7.34,--,47,34498,卖盘
1767,13:11:33,7.34,--,6,4404,卖盘
1768,13:11:30,7.34,-0.01,5,3670,卖盘
1769,13:11:27,7.35,0.01,270,198450,买盘
1770,13:11:24,7.34,--,4,2936,卖盘
1771,13:11:21,7.34,-0.01,451,331034,卖盘
1772,13:11:18,7.35,0.01,64,47040,买盘
1773,13:11:15,7.34,--,59,43306,卖盘
1774,13:11:12,7.34,-0.01,32,23488,卖盘
1775,13:11:09,7.35,0.01,504,370440,买盘
1776,13:11:06,7.34,-0.01,7,5138,卖盘
1777,13:11:03,7.35,0.01,11,8085,买盘
1778,13:11:00,7.34,--,68,49912,卖盘
1779,13:10:57,7.34,--,10,7340,卖盘
1780,13:10:54,7.34,--,62,45508,卖盘
1781,13:10:51,7.34,--,157,115238,卖盘
1782,13:10:48,7.34,--,7,5138,卖盘
1783,13:10:45,7.34,--,3,2202,卖盘
1784,13:10:42,7.34,--,9,6606,卖盘
1785,13:10:39,7.34,--,3,2202,卖盘
1786,13:10:36,7.34,--,3,2202,卖盘
1787,13:10:33,7.34,--,37,27158,卖盘
1788,13:10:30,7.34,-0.01,7,5138,卖盘
1789,13:10:27,7.35,0.01,11,8085,买盘
1790,13:10:24,7.34,--,3,2202,卖盘
1791,13:10:21,7.34,--,7,5138,卖盘
1792,13:10:18,7.34,--,149,109366,卖盘
1793,13:10:15,7.34,-0.01,4,2936,卖盘
1794,13:10:12,7.35,0.01,24,17640,买盘
1795,13:10:09,7.34,--,8,5872,卖盘
1796,13:10:06,7.34,-0.01,3,2202,卖盘
1797,13:10:03,7.35,0.01,5,3675,买盘
1798,13:10:00,7.34,--,28,20552,卖盘
1799,13:09:57,7.34,--,10,7340,卖盘
1800,13:09:54,7.34,--,23,16882,卖盘
1801,13:09:51,7.34,--,3,2202,卖盘
1802,13:09:48,7.34,--,141,103494,卖盘
1803,13:09:45,7.34,--,3,2202,卖盘
1804,13:09:42,7.34,--,6,4404,卖盘
1805,13:09:39,7.34,--,7,5138,卖盘
1806,13:09:36,7.34,--,3,2202,卖盘
1807,13:09:33,7.34,--,7,5138,卖盘
1808,13:09:30,7.34,--,3,2202,卖盘
1809,13:09:27,7.34,--,25,18350,卖盘
1810,13:09:24,7.34,--,3,2202,卖盘
1811,13:09:21,7.34,--,5,3670,卖盘
1812,13:09:18,7.34,--,157,115238,卖盘
1813,13:09:15,7.34,-0.01,3,2202,卖盘
1814,13:09:12,7.35,0.01,26,19110,买盘
1815,13:09:09,7.34,-0.01,53,38902,卖盘
1816,13:09:06,7.35,--,25,18375,卖盘
1817,13:09:03,7.35,--,11,8085,卖盘
1818,13:09:00,7.35,--,3,2205,卖盘
1819,13:08:57,7.35,--,10,7350,卖盘
1820,13:08:48,7.35,--,26,19110,卖盘
1821,13:08:45,7.35,--,129,94815,卖盘
1822,13:08:39,7.35,--,49,36015,卖盘
1823,13:08:36,7.35,--,20,14700,卖盘
1824,13:08:33,7.35,--,10,7350,卖盘
1825,13:08:30,7.35,-0.01,50,36750,卖盘
1826,13:08:27,7.36,0.01,23,16928,买盘
1827,13:08:21,7.35,--,1,735,卖盘
1828,13:08:18,7.35,--,16,11760,卖盘
1829,13:08:03,7.35,--,180,132300,买盘
1830,13:08:00,7.35,--,13,9555,买盘
1831,13:07:57,7.35,--,33,24255,买盘
1832,13:07:54,7.35,--,9,6615,买盘
1833,13:07:51,7.35,-0.01,236,173460,卖盘
1834,13:07:48,7.36,--,10,7360,买盘
1835,13:07:45,7.36,0.01,3,2208,买盘
1836,13:07:42,7.35,--,131,96285,卖盘
1837,13:07:39,7.35,-0.01,5,3675,卖盘
1838,13:07:27,7.36,0.01,8,5888,买盘
1839,13:07:21,7.35,0.01,1,735,卖盘
1840,13:07:18,7.34,--,1,734,卖盘
1841,13:07:12,7.34,-0.01,183,134322,卖盘
1842,13:07:09,7.35,0.01,11,8085,买盘
1843,13:07:06,7.34,-0.01,53,38902,卖盘
1844,13:07:03,7.35,0.01,14,10290,买盘
1845,13:07:00,7.34,--,33,24222,卖盘
1846,13:06:57,7.34,--,23,16882,卖盘
1847,13:06:42,7.34,-0.02,129,94686,卖盘
1848,13:06:39,7.36,0.01,1,736,买盘
1849,13:06:33,7.35,-0.01,2,1470,卖盘
1850,13:06:27,7.36,0.01,58,42688,买盘
1851,13:06:24,7.35,-0.01,5,3675,卖盘
1852,13:06:21,7.36,--,1,736,买盘
1853,13:06:18,7.36,0.02,53,39008,买盘
1854,13:06:12,7.34,-0.02,134,98356,卖盘
1855,13:06:09,7.36,--,1,736,买盘
1856,13:06:06,7.36,--,36,26496,买盘
1857,13:06:03,7.36,--,299,220064,买盘
1858,13:06:00,7.36,--,104,76544,买盘
1859,13:05:57,7.36,--,7,5152,买盘
1860,13:05:51,7.36,--,69,50784,买盘
1861,13:05:48,7.36,0.01,7,5152,买盘
1862,13:05:42,7.35,-0.01,131,96285,卖盘
1863,13:05:39,7.36,--,5,3680,买盘
1864,13:05:33,7.36,--,7,5152,买盘
1865,13:05:27,7.36,--,8,5888,买盘
1866,13:05:24,7.36,0.01,200,147200,买盘
1867,13:05:21,7.35,-0.01,16,12311,中性盘
1868,13:05:18,7.36,--,100,73600,买盘
1869,13:05:15,7.36,--,172,126592,买盘
1870,13:05:12,7.36,--,5,3680,买盘
1871,13:05:09,7.36,0.01,106,78016,买盘
1872,13:05:06,7.35,--,1,735,卖盘
1873,13:05:03,7.35,--,24,17640,买盘
1874,13:05:00,7.35,--,1,735,买盘
1875,13:04:57,7.35,--,26,19110,卖盘
1876,13:04:42,7.35,0.01,1,735,中性盘
1877,13:04:39,7.34,-0.01,130,95420,卖盘
1878,13:04:36,7.35,-0.01,20,14700,卖盘
1879,13:04:27,7.36,0.01,7,5152,买盘
1880,13:04:24,7.35,0.01,143,105105,买盘
1881,13:04:18,7.34,-0.01,4,2936,卖盘
1882,13:04:12,7.35,0.01,50,36750,买盘
1883,13:04:09,7.34,-0.01,205,150470,卖盘
1884,13:04:06,7.35,--,5,3675,买盘
1885,13:04:03,7.35,--,298,219030,买盘
1886,13:04:00,7.35,--,10,7350,买盘
1887,13:03:57,7.35,--,7,5145,买盘
1888,13:03:45,7.35,0.01,26,19110,买盘
1889,13:03:42,7.34,-0.01,1,734,卖盘
1890,13:03:39,7.35,--,55,40425,买盘
1891,13:03:33,7.35,--,373,274155,卖盘
1892,13:03:30,7.35,-0.01,80,58800,卖盘
1893,13:03:27,7.36,0.01,8,5888,买盘
1894,13:03:09,7.35,--,3,2205,卖盘
1895,13:03:03,7.35,--,127,93866,买盘
1896,13:02:57,7.35,0.01,15,11025,买盘
1897,13:02:42,7.34,-0.01,1,734,卖盘
1898,13:02:39,7.35,--,3500,2572500,买盘
1899,13:02:33,7.35,--,1,735,买盘
1900,13:02:27,7.35,0.01,7,5145,买盘
1901,13:02:24,7.34,-0.01,2,1468,卖盘
1902,13:02:21,7.35,--,3,2205,买盘
1903,13:02:18,7.35,--,5,3675,买盘
1904,13:02:12,7.35,0.01,20,14700,买盘
1905,13:02:09,7.34,-0.01,2,1468,卖盘
1906,13:02:03,7.35,--,297,218295,买盘
1907,13:02:00,7.35,--,31,22785,买盘
1908,13:01:57,7.35,0.01,7,5145,买盘
1909,13:01:54,7.34,--,10,7340,卖盘
1910,13:01:51,7.34,--,104,76336,卖盘
1911,13:01:48,7.34,--,1,734,卖盘
1912,13:01:42,7.34,--,31,22754,卖盘
1913,13:01:39,7.34,0.01,123,90282,买盘
1914,13:01:36,7.33,-0.01,1,733,卖盘
1915,13:01:30,7.34,--,1,734,买盘
1916,13:01:27,7.34,0.01,8,5872,买盘
1917,13:01:21,7.33,--,1,733,卖盘
1918,13:01:03,7.33,--,376,275608,卖盘
1919,13:01:00,7.33,-0.01,4,2932,卖盘
1920,13:00:57,7.34,--,7,5138,买盘
1921,13:00:51,7.34,--,21,15414,买盘
1922,13:00:48,7.34,--,1,734,买盘
1923,13:00:42,7.34,0.01,200,146800,买盘
1924,13:00:39,7.33,-0.01,1112,815096,卖盘
1925,13:00:27,7.34,--,1,734,买盘
1926,13:00:24,7.34,--,23,16882,买盘
1927,13:00:21,7.34,--,16,11744,买盘
1928,13:00:18,7.34,0.01,2,1468,买盘
1929,13:00:12,7.33,-0.01,138,101154,卖盘
1930,13:00:09,7.34,--,204,149736,买盘
1931,13:00:06,7.34,--,154,113036,买盘
1932,13:00:03,7.34,--,2989,2193926,买盘
1933,13:00:00,7.34,--,7,5138,买盘
1934,11:30:00,7.34,--,0,0,买盘
1935,11:29:54,7.34,--,10,7340,买盘
1936,11:29:51,7.34,--,18,13212,买盘
1937,11:29:48,7.34,--,1,734,买盘
1938,11:29:42,7.34,--,10,7340,买盘
1939,11:29:39,7.34,--,14,10276,买盘
1940,11:29:33,7.34,0.01,1,734,买盘
1941,11:29:30,7.33,-0.01,189,138537,卖盘
1942,11:29:24,7.34,0.01,1,734,买盘
1943,11:29:21,7.33,-0.01,11,8063,卖盘
1944,11:29:15,7.34,0.01,46,33764,买盘
1945,11:29:06,7.33,--,3,2199,卖盘
1946,11:29:03,7.33,--,22,16126,卖盘
1947,11:29:00,7.33,--,35,25655,卖盘
1948,11:28:54,7.33,-0.01,117,85761,卖盘
1949,11:28:48,7.34,0.01,1,734,买盘
1950,11:28:45,7.33,-0.01,36,26388,卖盘
1951,11:28:42,7.34,--,11,8074,买盘
1952,11:28:39,7.34,0.01,24,17616,买盘
1953,11:28:36,7.33,--,5,3665,卖盘
1954,11:28:33,7.33,--,4,2932,卖盘
1955,11:28:27,7.33,-0.01,24,17592,卖盘
1956,11:28:24,7.34,0.01,8,5872,买盘
1957,11:28:21,7.33,-0.01,2,1466,卖盘
1958,11:28:18,7.34,0.01,195,143130,买盘
1959,11:28:15,7.33,-0.01,5,3665,卖盘
1960,11:28:09,7.34,0.01,14,10276,买盘
1961,11:28:06,7.33,--,63,46179,卖盘
1962,11:28:03,7.33,--,16,11728,卖盘
1963,11:27:57,7.33,--,4,2932,卖盘
1964,11:27:51,7.33,-0.01,12,8796,卖盘
1965,11:27:48,7.34,--,35,25690,买盘
1966,11:27:45,7.34,0.01,72,52848,买盘
1967,11:27:42,7.33,--,223,163459,卖盘
1968,11:27:36,7.33,-0.01,1,733,卖盘
1969,11:27:33,7.34,0.01,37,27158,买盘
1970,11:27:30,7.33,-0.01,1,733,卖盘
1971,11:27:24,7.34,--,1000,734000,买盘
1972,11:27:21,7.34,0.01,20,14680,买盘
1973,11:27:06,7.33,--,695,509435,卖盘
1974,11:27:03,7.33,-0.01,132,96756,卖盘
1975,11:27:00,7.34,0.01,10,7340,买盘
1976,11:26:57,7.33,-0.01,8,5864,卖盘
1977,11:26:54,7.34,0.01,101,74134,买盘
1978,11:26:51,7.33,-0.01,1,733,卖盘
1979,11:26:48,7.34,0.01,2,1468,买盘
1980,11:26:45,7.33,-0.01,75,54975,卖盘
1981,11:26:39,7.34,0.01,2,1468,买盘
1982,11:26:36,7.33,--,1,733,卖盘
1983,11:26:33,7.33,-0.01,3,2199,卖盘
1984,11:26:27,7.34,0.01,20,14680,买盘
1985,11:26:18,7.33,-0.01,1,733,卖盘
1986,11:26:15,7.34,0.01,50,37287,买盘
1987,11:26:12,7.33,--,37,27121,卖盘
1988,11:26:09,7.33,--,907,664831,卖盘
1989,11:26:06,7.33,--,3,2199,卖盘
1990,11:26:03,7.33,-0.01,1,733,卖盘
1991,11:25:51,7.34,--,14,10276,买盘
1992,11:25:48,7.34,--,2,1468,买盘
1993,11:25:45,7.34,0.01,33,24222,买盘
1994,11:25:39,7.33,--,1,733,卖盘
1995,11:25:36,7.33,--,1,733,卖盘
1996,11:25:33,7.33,-0.01,65,47645,卖盘
1997,11:25:30,7.34,0.01,2,1468,买盘
1998,11:25:21,7.33,-0.01,41,30053,卖盘
1999,11:25:18,7.34,--,49,35966,买盘
2000,11:25:15,7.34,0.01,7,5138,买盘
2001,11:25:06,7.33,-0.01,2,1466,卖盘
2002,11:25:03,7.34,--,136,99824,买盘
2003,11:25:00,7.34,--,5,3670,买盘
2004,11:24:57,7.34,--,5,3670,买盘
2005,11:24:54,7.34,--,385,282590,卖盘
2006,11:24:48,7.34,--,6,4404,卖盘
2007,11:24:42,7.34,--,140,102760,卖盘
2008,11:24:39,7.34,--,57,41838,卖盘
2009,11:24:36,7.34,-0.01,1,734,卖盘
2010,11:24:33,7.35,0.01,10,7350,买盘
2011,11:24:30,7.34,0.01,35,25690,买盘
2012,11:24:27,7.33,-0.01,1,733,卖盘
2013,11:24:24,7.34,--,203,149002,买盘
2014,11:24:21,7.34,--,6,4404,买盘
2015,11:24:18,7.34,--,27,19818,买盘
2016,11:24:12,7.34,0.01,37,27158,买盘
2017,11:24:09,7.33,--,1,733,卖盘
2018,11:24:06,7.33,-0.01,5,3665,卖盘
2019,11:24:03,7.34,--,23,16882,买盘
2020,11:23:57,7.34,--,30,22020,买盘
2021,11:23:54,7.34,--,12,8808,买盘
2022,11:23:48,7.34,--,1,734,买盘
2023,11:23:36,7.34,--,27,19818,买盘
2024,11:23:33,7.34,--,35,25690,买盘
2025,11:23:30,7.34,0.01,4,2936,买盘
2026,11:23:27,7.33,--,1,733,卖盘
2027,11:23:21,7.33,-0.01,30,21990,卖盘
2028,11:23:18,7.34,--,422,309748,买盘
2029,11:23:15,7.34,--,3,2202,买盘
2030,11:23:12,7.34,0.01,1,734,买盘
2031,11:23:09,7.33,--,22,16126,卖盘
2032,11:23:06,7.33,--,1,733,卖盘
2033,11:23:03,7.33,-0.01,5,3665,卖盘
2034,11:23:00,7.34,--,300,220200,买盘
2035,11:22:57,7.34,--,110,80740,买盘
2036,11:22:54,7.34,0.01,10,7340,买盘
2037,11:22:48,7.33,-0.01,101,74033,卖盘
2038,11:22:45,7.34,0.01,317,232678,买盘
2039,11:22:42,7.33,-0.01,5,3665,卖盘
2040,11:22:36,7.34,--,6,4404,买盘
2041,11:22:30,7.34,--,52,38168,买盘
2042,11:22:27,7.34,0.01,4,2936,买盘
2043,11:22:21,7.33,--,15,10995,卖盘
2044,11:22:15,7.33,--,13,9529,卖盘
2045,11:22:09,7.33,--,34,24922,卖盘
2046,11:22:03,7.33,--,1,733,卖盘
2047,11:22:00,7.33,--,4,2932,卖盘
2048,11:21:57,7.33,--,33,24189,买盘
2049,11:21:54,7.33,--,5,3665,买盘
2050,11:21:51,7.33,--,162,118746,卖盘
2051,11:21:48,7.33,--,37,27121,卖盘
2052,11:21:45,7.33,--,100,73300,卖盘
2053,11:21:42,7.33,-0.01,5,3665,卖盘
2054,11:21:39,7.34,0.01,1,734,买盘
2055,11:21:36,7.33,--,60,43980,卖盘
2056,11:21:33,7.33,--,57,41781,卖盘
2057,11:21:30,7.33,--,468,343044,卖盘
2058,11:21:24,7.33,--,2,1466,卖盘
2059,11:21:21,7.33,--,25,18325,卖盘
2060,11:21:18,7.33,--,21,15393,卖盘
2061,11:21:15,7.33,--,320,234560,卖盘
2062,11:21:09,7.33,--,1,733,卖盘
2063,11:21:06,7.33,--,3,2199,卖盘
2064,11:21:03,7.33,--,68,49844,卖盘
2065,11:21:00,7.33,-0.01,40,29320,卖盘
2066,11:20:54,7.34,0.01,25,18350,买盘
2067,11:20:51,7.33,-0.01,32,23456,卖盘
2068,11:20:48,7.34,0.01,12,8808,买盘
2069,11:20:45,7.33,--,2,1466,卖盘
2070,11:20:42,7.33,--,66,48378,卖盘
2071,11:20:36,7.33,--,1,733,卖盘
2072,11:20:33,7.33,-0.01,1,733,卖盘
2073,11:20:30,7.34,--,10,7340,买盘
2074,11:20:27,7.34,--,12,8808,买盘
2075,11:20:21,7.34,--,2,1468,买盘
2076,11:20:15,7.34,0.01,1,734,买盘
2077,11:20:09,7.33,--,2,1466,卖盘
2078,11:20:06,7.33,--,1,733,卖盘
2079,11:20:03,7.33,--,186,136338,卖盘
2080,11:19:57,7.33,--,135,98955,买盘
2081,11:19:54,7.33,-0.01,159,116547,卖盘
2082,11:19:51,7.34,--,6,4404,买盘
2083,11:19:48,7.34,0.01,76,55784,买盘
2084,11:19:42,7.33,-0.01,122,89426,卖盘
2085,11:19:33,7.34,0.01,1,734,买盘
2086,11:19:30,7.33,-0.01,3,2199,卖盘
2087,11:19:27,7.34,0.01,599,439666,买盘
2088,11:19:24,7.33,--,2169,1589877,卖盘
2089,11:19:21,7.33,--,34,24922,卖盘
2090,11:19:12,7.33,--,5,3665,卖盘
2091,11:19:09,7.33,--,11,8063,卖盘
2092,11:19:06,7.33,-0.01,35,25655,卖盘
2093,11:19:03,7.34,0.01,4,2936,买盘
2094,11:19:00,7.33,--,15,10995,买盘
2095,11:18:57,7.33,--,248,181784,买盘
2096,11:18:54,7.33,--,108,79164,买盘
2097,11:18:51,7.33,--,105,76965,买盘
2098,11:18:48,7.33,--,22,16126,买盘
2099,11:18:45,7.33,--,1258,922114,卖盘
2100,11:18:42,7.33,--,1,733,卖盘
2101,11:18:39,7.33,--,994,728602,卖盘
2102,11:18:36,7.33,--,45,32985,卖盘
2103,11:18:33,7.33,--,50,36650,卖盘
2104,11:18:30,7.33,--,55,40315,卖盘
2105,11:18:27,7.33,--,11,8063,卖盘
2106,11:18:24,7.33,--,1217,892061,卖盘
2107,11:18:21,7.33,--,1,733,卖盘
2108,11:18:18,7.33,-0.01,70,51310,卖盘
2109,11:18:12,7.34,0.01,1,734,买盘
2110,11:18:09,7.33,--,57,41781,卖盘
2111,11:18:06,7.33,-0.01,1807,1324531,卖盘
2112,11:18:03,7.34,--,2,1468,买盘
2113,11:17:57,7.34,--,9,6606,买盘
2114,11:17:54,7.34,0.01,338,248092,买盘
2115,11:17:51,7.33,--,285,208905,卖盘
2116,11:17:48,7.33,--,24,17592,卖盘
2117,11:17:45,7.33,--,20,14660,卖盘
2118,11:17:39,7.33,--,10,7330,卖盘
2119,11:17:33,7.33,-0.01,17,12461,卖盘
2120,11:17:30,7.34,0.01,135,99090,买盘
2121,11:17:27,7.33,-0.01,10,7330,卖盘
2122,11:17:24,7.34,0.01,723,530682,买盘
2123,11:17:21,7.33,-0.01,434,318122,卖盘
2124,11:17:18,7.34,0.01,34,24956,买盘
2125,11:17:15,7.33,--,30,21990,卖盘
2126,11:17:09,7.33,--,13,9529,卖盘
2127,11:17:03,7.33,--,30,21990,卖盘
2128,11:17:00,7.33,-0.01,2,1466,卖盘
2129,11:16:54,7.34,0.01,92,67528,买盘
2130,11:16:51,7.33,-0.01,5,3665,卖盘
2131,11:16:48,7.34,0.01,1,734,买盘
2132,11:16:45,7.33,--,96,70368,卖盘
2133,11:16:39,7.33,--,2,1466,卖盘
2134,11:16:36,7.33,--,18,13194,卖盘
2135,11:16:33,7.33,--,19,13927,卖盘
2136,11:16:30,7.33,--,115,84295,卖盘
2137,11:16:27,7.33,--,5,3665,卖盘
2138,11:16:24,7.33,-0.01,16,11728,卖盘
2139,11:16:21,7.34,0.01,30,22020,买盘
2140,11:16:18,7.33,-0.01,18,13194,卖盘
2141,11:16:12,7.34,0.01,48,35232,买盘
2142,11:16:09,7.33,--,1,733,卖盘
2143,11:16:03,7.33,-0.01,341,249953,卖盘
2144,11:16:00,7.34,--,1,734,买盘
2145,11:15:57,7.34,--,11,8074,买盘
2146,11:15:51,7.34,--,43,31562,买盘
2147,11:15:48,7.34,--,33,24222,买盘
2148,11:15:45,7.34,--,2,1468,买盘
2149,11:15:42,7.34,--,1779,1305786,卖盘
2150,11:15:39,7.34,--,8,5872,卖盘
2151,11:15:36,7.34,--,119,87346,卖盘
2152,11:15:27,7.34,--,1,734,卖盘
2153,11:15:15,7.34,--,414,303876,卖盘
2154,11:15:09,7.34,-0.01,37,27158,卖盘
2155,11:15:06,7.35,--,10,7350,买盘
2156,11:15:03,7.35,--,390,286863,卖盘
2157,11:15:00,7.35,--,189,138915,卖盘
2158,11:14:57,7.35,--,1462,1074570,卖盘
2159,11:14:54,7.35,--,164,120540,卖盘
2160,11:14:51,7.35,-0.01,1817,1335495,卖盘
2161,11:14:48,7.36,0.01,1,736,买盘
2162,11:14:36,7.35,--,1,735,卖盘
2163,11:14:33,7.35,--,300,220500,卖盘
2164,11:14:30,7.35,--,30,22050,卖盘
2165,11:14:24,7.35,--,250,183750,卖盘
2166,11:14:21,7.35,--,230,169050,卖盘
2167,11:14:12,7.35,--,2,1470,卖盘
2168,11:14:09,7.35,--,1,735,卖盘
2169,11:14:06,7.35,-0.01,331,243285,卖盘
2170,11:14:03,7.36,0.01,1,736,买盘
2171,11:14:00,7.35,-0.01,10,7350,卖盘
2172,11:13:57,7.36,--,28,20608,买盘
2173,11:13:54,7.36,0.01,66,48576,买盘
2174,11:13:51,7.35,-0.01,4,2940,卖盘
2175,11:13:48,7.36,0.01,83,61088,买盘
2176,11:13:42,7.35,--,6,4410,卖盘
2177,11:13:39,7.35,--,3,2205,卖盘
2178,11:13:36,7.35,--,1,735,卖盘
2179,11:13:33,7.35,--,1,735,卖盘
2180,11:13:30,7.35,--,2,1470,卖盘
2181,11:13:24,7.35,-0.01,6,4410,卖盘
2182,11:13:18,7.36,0.01,32,23552,买盘
2183,11:13:15,7.35,--,108,79380,卖盘
2184,11:13:09,7.35,--,1,735,卖盘
2185,11:13:06,7.35,--,103,75705,卖盘
2186,11:13:00,7.35,-0.01,11,8085,卖盘
2187,11:12:57,7.36,--,9,6624,买盘
2188,11:12:54,7.36,0.01,11,8096,买盘
2189,11:12:51,7.35,--,102,74970,卖盘
2190,11:12:48,7.35,-0.01,427,313845,卖盘
2191,11:12:39,7.36,--,33,24288,买盘
2192,11:12:33,7.36,0.01,101,74336,买盘
2193,11:12:30,7.35,-0.01,63,46305,卖盘
2194,11:12:27,7.36,0.01,21,15456,买盘
2195,11:12:18,7.35,--,17,12495,卖盘
2196,11:12:15,7.35,-0.01,5,3675,卖盘
2197,11:12:12,7.36,0.01,7,5152,买盘
2198,11:12:09,7.35,--,1,735,卖盘
2199,11:12:06,7.35,-0.01,2,1470,卖盘
2200,11:12:03,7.36,0.01,134,98624,买盘
2201,11:12:00,7.35,--,1,735,卖盘
2202,11:11:57,7.35,--,17,12495,卖盘
2203,11:11:51,7.35,--,47,34545,卖盘
2204,11:11:48,7.35,--,13,9555,卖盘
2205,11:11:45,7.35,--,206,151410,卖盘
2206,11:11:33,7.35,-0.01,16,11760,卖盘
2207,11:11:30,7.36,0.01,28,20608,买盘
2208,11:11:27,7.35,-0.01,81,59535,卖盘
2209,11:11:24,7.36,--,19,13984,买盘
2210,11:11:18,7.36,0.01,11,8096,买盘
2211,11:11:09,7.35,--,1,735,卖盘
2212,11:11:03,7.35,--,4,2940,卖盘
2213,11:11:00,7.35,-0.01,1,735,卖盘
2214,11:10:51,7.36,0.01,200,147200,买盘
2215,11:10:48,7.35,-0.01,52,38220,卖盘
2216,11:10:45,7.36,--,1,736,买盘
2217,11:10:39,7.36,0.01,5,3680,买盘
2218,11:10:36,7.35,--,2,1470,卖盘
2219,11:10:33,7.35,--,1,735,卖盘
2220,11:10:24,7.35,-0.01,36,26460,卖盘
2221,11:10:18,7.36,--,1,736,买盘
2222,11:10:15,7.36,0.01,30,22080,买盘
2223,11:10:09,7.35,--,32,23520,卖盘
2224,11:10:06,7.35,-0.01,4,2940,卖盘
2225,11:10:03,7.36,0.01,10,7360,买盘
2226,11:10:00,7.35,-0.01,1,735,卖盘
2227,11:09:57,7.36,--,50,36800,买盘
2228,11:09:51,7.36,--,5,3680,买盘
2229,11:09:48,7.36,--,23,16928,买盘
2230,11:09:45,7.36,0.01,10,7360,买盘
2231,11:09:42,7.35,-0.01,1,735,卖盘
2232,11:09:39,7.36,0.01,5,3680,买盘
2233,11:09:36,7.35,-0.01,5,3675,卖盘
2234,11:09:33,7.36,0.01,35,25760,买盘
2235,11:09:30,7.35,-0.01,17,12495,卖盘
2236,11:09:27,7.36,0.01,5,3680,买盘
2237,11:09:18,7.35,--,88,64680,卖盘
2238,11:09:15,7.35,--,8,5880,卖盘
2239,11:09:09,7.35,--,7,5145,卖盘
2240,11:09:06,7.35,--,1,735,卖盘
2241,11:09:03,7.35,--,1,735,卖盘
2242,11:09:00,7.35,--,7,5145,卖盘
2243,11:08:57,7.35,--,24,17640,卖盘
2244,11:08:54,7.35,--,10,7350,卖盘
2245,11:08:51,7.35,-0.01,10,7350,卖盘
2246,11:08:48,7.36,0.01,33,24288,买盘
2247,11:08:36,7.35,-0.01,20,14700,卖盘
2248,11:08:33,7.36,0.01,1,736,买盘
2249,11:08:27,7.35,--,6,4410,卖盘
2250,11:08:24,7.35,--,132,97020,卖盘
2251,11:08:09,7.35,--,451,331485,卖盘
2252,11:08:06,7.35,--,37,27195,卖盘
2253,11:08:03,7.35,-0.01,1,735,卖盘
2254,11:07:57,7.36,0.01,10,7360,买盘
2255,11:07:54,7.35,-0.01,1,735,卖盘
2256,11:07:48,7.36,0.01,1,736,买盘
2257,11:07:36,7.35,--,2,1470,卖盘
2258,11:07:33,7.35,-0.01,20,14700,卖盘
2259,11:07:30,7.36,0.01,29,21344,买盘
2260,11:07:27,7.35,--,1,735,卖盘
2261,11:07:24,7.35,-0.01,2,1470,卖盘
2262,11:07:18,7.36,0.01,10,7360,买盘
2263,11:07:15,7.35,--,10,7350,卖盘
2264,11:07:09,7.35,--,1,735,卖盘
2265,11:07:06,7.35,--,20,14700,卖盘
2266,11:07:00,7.35,-0.01,1,735,卖盘
2267,11:06:57,7.36,--,33,24288,买盘
2268,11:06:48,7.36,0.01,1,736,买盘
2269,11:06:45,7.35,--,5,3675,卖盘
2270,11:06:42,7.35,--,10,7350,卖盘
2271,11:06:39,7.35,--,54,39690,卖盘
2272,11:06:30,7.35,-0.01,1,735,卖盘
2273,11:06:24,7.36,0.01,32,23552,买盘
2274,11:06:21,7.35,-0.01,10,7350,卖盘
2275,11:06:15,7.36,0.01,50,36800,买盘
2276,11:06:12,7.35,--,30,22050,卖盘
2277,11:06:09,7.35,--,1,735,卖盘
2278,11:06:06,7.35,--,3,2205,卖盘
2279,11:06:00,7.35,--,154,113190,卖盘
2280,11:05:57,7.35,-0.01,1000,735000,卖盘
2281,11:05:54,7.36,--,11,8096,买盘
2282,11:05:48,7.36,--,39,28704,买盘
2283,11:05:45,7.36,--,413,303968,买盘
2284,11:05:42,7.36,0.01,315,231840,买盘
2285,11:05:39,7.35,--,50,36750,卖盘
2286,11:05:24,7.35,-0.01,15,11025,卖盘
2287,11:05:21,7.36,0.01,10,7360,买盘
2288,11:05:09,7.35,--,1,735,卖盘
2289,11:05:06,7.35,--,1,735,卖盘
2290,11:05:03,7.35,--,51,37485,卖盘
2291,11:05:00,7.35,-0.01,1,735,卖盘
2292,11:04:51,7.36,--,31,22816,买盘
2293,11:04:48,7.36,--,1,736,买盘
2294,11:04:42,7.36,0.01,6,4416,买盘
2295,11:04:36,7.35,-0.01,1620,1190700,卖盘
2296,11:04:30,7.36,--,100,73600,买盘
2297,11:04:18,7.36,0.01,2,1472,买盘
2298,11:04:15,7.35,-0.01,1,735,卖盘
2299,11:04:12,7.36,0.01,13,9568,买盘
2300,11:04:09,7.35,-0.01,1,735,卖盘
2301,11:04:03,7.36,0.01,14,10304,买盘
2302,11:04:00,7.35,-0.01,2,1470,卖盘
2303,11:03:54,7.36,--,61,44896,买盘
2304,11:03:48,7.36,--,2,1472,买盘
2305,11:03:45,7.36,--,6,4416,买盘
2306,11:03:42,7.36,0.01,32,23552,买盘
2307,11:03:39,7.35,-0.01,3,2205,卖盘
2308,11:03:36,7.36,--,7,5152,买盘
2309,11:03:33,7.36,--,64,47104,买盘
2310,11:03:30,7.36,-0.01,519,381984,卖盘
2311,11:03:24,7.37,0.01,1,737,买盘
2312,11:03:21,7.36,-0.01,73,53728,卖盘
2313,11:03:15,7.37,0.01,2,1474,买盘
2314,11:03:06,7.36,--,4,2944,卖盘
2315,11:03:03,7.36,--,10,7360,卖盘
2316,11:03:00,7.36,--,1,736,卖盘
2317,11:02:57,7.36,-0.01,1,736,卖盘
2318,11:02:54,7.37,--,3,2211,买盘
2319,11:02:51,7.37,--,100,73700,买盘
2320,11:02:48,7.37,--,2,1474,买盘
2321,11:02:45,7.37,--,8,5896,买盘
2322,11:02:39,7.37,--,32,23584,买盘
2323,11:02:33,7.37,--,7,5159,买盘
2324,11:02:24,7.37,0.01,2,1474,买盘
2325,11:02:18,7.36,--,32,23552,卖盘
2326,11:02:09,7.36,--,56,41216,买盘
2327,11:02:06,7.36,--,94,69184,卖盘
2328,11:02:03,7.36,--,124,91264,卖盘
2329,11:02:00,7.36,-0.01,1,736,卖盘
2330,11:01:57,7.37,--,30,22110,买盘
2331,11:01:54,7.37,--,30,22110,买盘
2332,11:01:48,7.37,0.01,1,737,买盘
2333,11:01:42,7.36,--,10,7360,卖盘
2334,11:01:39,7.36,--,4,2944,卖盘
2335,11:01:36,7.36,--,53,39008,卖盘
2336,11:01:30,7.36,--,100,73600,卖盘
2337,11:01:27,7.36,--,72,52992,卖盘
2338,11:01:21,7.36,--,46,33856,买盘
2339,11:01:18,7.36,--,102,75072,买盘
2340,11:01:12,7.36,--,220,161920,买盘
2341,11:01:09,7.36,0.01,20,14720,买盘
2342,11:01:06,7.35,--,16,11760,卖盘
2343,11:01:00,7.35,-0.01,12,8820,卖盘
2344,11:00:57,7.36,--,100,73600,买盘
2345,11:00:54,7.36,0.01,33,24288,买盘
2346,11:00:51,7.35,-0.01,1,735,卖盘
2347,11:00:48,7.36,0.01,1,736,买盘
2348,11:00:42,7.35,-0.01,26,19110,卖盘
2349,11:00:39,7.36,0.01,10,7360,买盘
2350,11:00:27,7.35,-0.01,4,2940,卖盘
2351,11:00:24,7.36,0.01,16,11776,买盘
2352,11:00:21,7.35,-0.01,102,74970,卖盘
2353,11:00:18,7.36,--,31,22816,买盘
2354,11:00:15,7.36,--,14,10304,买盘
2355,11:00:12,7.36,--,128,94208,买盘
2356,11:00:09,7.36,--,74,54464,卖盘
2357,11:00:06,7.36,--,8,5888,卖盘
2358,11:00:00,7.36,--,2,1472,卖盘
2359,10:59:51,7.36,-0.01,11,8096,卖盘
2360,10:59:48,7.37,--,1,737,买盘
2361,10:59:45,7.37,--,8,5896,买盘
2362,10:59:39,7.37,--,2,1474,买盘
2363,10:59:33,7.37,0.01,1,737,买盘
2364,10:59:27,7.36,-0.01,1,736,卖盘
2365,10:59:24,7.37,0.01,1,737,买盘
2366,10:59:21,7.36,--,35,25760,卖盘
2367,10:59:18,7.36,-0.01,245,180320,卖盘
2368,10:59:12,7.37,0.01,1,737,买盘
2369,10:59:09,7.36,--,16,11776,卖盘
2370,10:59:00,7.36,--,51,37536,卖盘
2371,10:58:51,7.36,-0.01,1,736,卖盘
2372,10:58:48,7.37,0.02,32,23584,买盘
2373,10:58:45,7.35,-0.01,19,13965,卖盘
2374,10:58:42,7.36,0.01,100,73600,买盘
2375,10:58:39,7.35,--,1,735,卖盘
2376,10:58:36,7.35,--,21,15758,卖盘
2377,10:58:33,7.35,-0.01,44,32340,卖盘
2378,10:58:30,7.36,0.01,1,736,买盘
2379,10:58:27,7.35,-0.01,90,66150,卖盘
2380,10:58:18,7.36,--,1,736,买盘
2381,10:58:15,7.36,-0.01,2,1472,卖盘
2382,10:58:12,7.37,0.01,68,50116,买盘
2383,10:58:06,7.36,--,1,736,卖盘
2384,10:58:00,7.36,--,19,13984,卖盘
2385,10:57:51,7.36,-0.01,5,3680,卖盘
2386,10:57:48,7.37,0.01,1,737,买盘
2387,10:57:42,7.36,--,8,5888,卖盘
2388,10:57:30,7.36,--,9,6624,买盘
2389,10:57:27,7.36,--,32,23552,买盘
2390,10:57:24,7.36,--,25,18400,买盘
2391,10:57:15,7.36,0.01,20,14720,买盘
2392,10:57:12,7.35,-0.01,25,18375,卖盘
2393,10:57:09,7.36,--,1,736,买盘
2394,10:57:06,7.36,--,24,17664,买盘
2395,10:57:03,7.36,0.01,20,14720,买盘
2396,10:57:00,7.35,-0.01,7,5145,卖盘
2397,10:56:57,7.36,--,10,7360,买盘
2398,10:56:54,7.36,--,57,41952,卖盘
2399,10:56:51,7.36,--,83,61088,卖盘
2400,10:56:48,7.36,-0.01,5,3680,卖盘
2401,10:56:45,7.37,0.01,58,42746,买盘
2402,10:56:42,7.36,--,191,140576,卖盘
2403,10:56:39,7.36,--,4,2944,卖盘
2404,10:56:30,7.36,--,1,736,卖盘
2405,10:56:27,7.36,--,4,2944,卖盘
2406,10:56:24,7.36,--,200,147200,卖盘
2407,10:56:18,7.36,-0.01,456,335616,卖盘
2408,10:56:15,7.37,0.01,1,737,买盘
2409,10:56:12,7.36,--,11,8096,卖盘
2410,10:56:06,7.36,--,15,11040,卖盘
2411,10:56:00,7.36,--,22,16192,卖盘
2412,10:55:54,7.36,--,23,16928,卖盘
2413,10:55:51,7.36,-0.01,1,736,卖盘
2414,10:55:48,7.37,0.01,2,1474,买盘
2415,10:55:45,7.36,-0.01,4,2944,卖盘
2416,10:55:42,7.37,0.01,35,25795,买盘
2417,10:55:36,7.36,-0.01,1,736,卖盘
2418,10:55:33,7.37,0.01,87,64119,买盘
2419,10:55:30,7.36,--,11,8096,卖盘
2420,10:55:27,7.36,--,181,133216,卖盘
2421,10:55:24,7.36,--,10,7360,卖盘
2422,10:55:21,7.36,-0.01,13,9568,卖盘
2423,10:55:15,7.37,0.01,10,7370,买盘
2424,10:55:12,7.36,-0.01,24,17664,卖盘
2425,10:55:06,7.37,0.01,28,20636,买盘
2426,10:55:03,7.36,-0.01,156,114816,卖盘
2427,10:55:00,7.37,0.01,30,22110,买盘
2428,10:54:57,7.36,--,1,736,卖盘
2429,10:54:54,7.36,--,472,347392,卖盘
2430,10:54:51,7.36,--,1,736,卖盘
2431,10:54:48,7.36,-0.01,6,4416,卖盘
2432,10:54:42,7.37,0.01,10,7370,买盘
2433,10:54:36,7.36,--,23,16928,卖盘
2434,10:54:30,7.36,--,1,736,卖盘
2435,10:54:27,7.36,--,5,3680,卖盘
2436,10:54:24,7.36,--,243,178848,卖盘
2437,10:54:21,7.36,-0.01,6,4416,卖盘
2438,10:54:18,7.37,0.01,32,23584,买盘
2439,10:54:15,7.36,--,55,40480,卖盘
2440,10:54:06,7.36,--,1,736,卖盘
2441,10:54:03,7.36,--,5,3680,卖盘
2442,10:54:00,7.36,--,2,1472,卖盘
2443,10:53:57,7.36,-0.01,1,736,卖盘
2444,10:53:54,7.37,0.01,26,19162,买盘
2445,10:53:51,7.36,-0.01,2,1472,卖盘
2446,10:53:48,7.37,--,8,5896,买盘
2447,10:53:45,7.37,0.01,31,22847,买盘
2448,10:53:42,7.36,-0.01,19,13984,卖盘
2449,10:53:39,7.37,--,20,14740,买盘
2450,10:53:33,7.37,0.01,22,16214,买盘
2451,10:53:30,7.36,--,6,4416,卖盘
2452,10:53:27,7.36,--,11,8096,卖盘
2453,10:53:21,7.36,-0.01,4,2944,卖盘
2454,10:53:18,7.37,--,1,737,买盘
2455,10:53:12,7.37,0.01,5,3685,买盘
2456,10:53:09,7.36,--,5,3680,卖盘
2457,10:53:03,7.36,--,2,1472,卖盘
2458,10:53:00,7.36,--,2,1472,卖盘
2459,10:52:57,7.36,-0.01,8,5888,卖盘
2460,10:52:54,7.37,--,15,11055,买盘
2461,10:52:51,7.37,--,105,77385,买盘
2462,10:52:48,7.37,0.01,6,4422,买盘
2463,10:52:36,7.36,--,4,2944,卖盘
2464,10:52:30,7.36,--,2,1472,卖盘
2465,10:52:27,7.36,--,2,1472,卖盘
2466,10:52:24,7.36,-0.01,4,2944,卖盘
2467,10:52:21,7.37,--,110,81070,买盘
2468,10:52:18,7.37,0.01,28,20636,买盘
2469,10:52:15,7.36,--,5,3680,卖盘
2470,10:52:09,7.36,-0.01,46,33856,卖盘
2471,10:52:06,7.37,0.01,62,45694,买盘
2472,10:52:03,7.36,--,11,8096,卖盘
2473,10:52:00,7.36,--,62,45632,卖盘
2474,10:51:57,7.36,--,1,736,卖盘
2475,10:51:54,7.36,-0.01,10,7360,卖盘
2476,10:51:51,7.37,--,6,4422,买盘
2477,10:51:48,7.37,--,1,737,买盘
2478,10:51:45,7.37,--,3,2211,买盘
2479,10:51:42,7.37,--,32,23584,买盘
2480,10:51:39,7.37,--,436,321332,买盘
2481,10:51:36,7.37,--,6,4422,买盘
2482,10:51:33,7.37,0.01,21,15477,买盘
2483,10:51:30,7.36,-0.01,6,4416,卖盘
2484,10:51:27,7.37,--,1,737,买盘
2485,10:51:24,7.37,-0.01,283,208571,卖盘
2486,10:51:21,7.38,0.01,21,15498,买盘
2487,10:51:18,7.37,-0.01,14,10318,卖盘
2488,10:51:09,7.38,0.01,14,10332,买盘
2489,10:51:06,7.37,--,1,737,卖盘
2490,10:51:03,7.37,--,2,1474,卖盘
2491,10:51:00,7.37,--,121,89177,买盘
2492,10:50:57,7.37,--,26,19162,买盘
2493,10:50:54,7.37,--,50,36850,买盘
2494,10:50:51,7.37,--,68,50116,买盘
2495,10:50:48,7.37,0.01,87,64119,买盘
2496,10:50:45,7.36,-0.01,5,3680,卖盘
2497,10:50:42,7.37,--,50,36850,买盘
2498,10:50:39,7.37,0.01,35,25795,买盘
2499,10:50:33,7.36,--,5,3680,卖盘
2500,10:50:30,7.36,-0.01,12,8832,卖盘
2501,10:50:27,7.37,--,4,2948,买盘
2502,10:50:24,7.37,0.01,19,14003,买盘
2503,10:50:21,7.36,-0.01,33,24288,卖盘
2504,10:50:18,7.37,-0.01,7,5159,卖盘
2505,10:50:15,7.38,--,340,250920,买盘
2506,10:50:12,7.38,0.01,5,3690,买盘
2507,10:50:06,7.37,--,2,1474,卖盘
2508,10:50:03,7.37,0.01,2,1474,中性盘
2509,10:50:00,7.36,-0.01,7,5152,卖盘
2510,10:49:57,7.37,0.01,3,2211,中性盘
2511,10:49:51,7.36,-0.02,5,3680,卖盘
2512,10:49:48,7.38,0.01,44,32472,买盘
2513,10:49:45,7.37,--,76,56012,卖盘
2514,10:49:42,7.37,--,3,2211,卖盘
2515,10:49:39,7.37,--,24,17688,卖盘
2516,10:49:33,7.37,--,1,737,卖盘
2517,10:49:30,7.37,--,1,737,卖盘
2518,10:49:27,7.37,--,4,2948,卖盘
2519,10:49:18,7.37,--,5,3685,卖盘
2520,10:49:15,7.37,0.01,110,81070,买盘
2521,10:49:09,7.36,--,7,5152,卖盘
2522,10:49:06,7.36,--,4,2944,卖盘
2523,10:49:03,7.36,-0.01,2,1472,卖盘
2524,10:49:00,7.37,0.01,49,36113,卖盘
2525,10:48:57,7.36,-0.01,1,736,卖盘
2526,10:48:54,7.37,--,4,2948,卖盘
2527,10:48:51,7.37,--,1,737,卖盘
2528,10:48:48,7.37,0.01,12,8844,中性盘
2529,10:48:45,7.36,-0.01,5,3680,卖盘
2530,10:48:42,7.37,0.01,13,9581,买盘
2531,10:48:33,7.36,-0.01,5,3680,卖盘
2532,10:48:30,7.37,--,37,27269,卖盘
2533,10:48:21,7.37,0.01,5,3685,中性盘
2534,10:48:12,7.36,-0.01,789,580704,卖盘
2535,10:48:09,7.37,--,20,14740,卖盘
2536,10:48:06,7.37,--,3,2211,卖盘
2537,10:48:03,7.37,0.01,113,83281,买盘
2538,10:48:00,7.36,-0.01,6,4416,卖盘
2539,10:47:57,7.37,0.01,2,1474,买盘
2540,10:47:51,7.36,--,1,736,卖盘
2541,10:47:48,7.36,-0.01,7,5152,卖盘
2542,10:47:45,7.37,--,11,8107,卖盘
2543,10:47:36,7.37,--,6,4422,买盘
2544,10:47:30,7.37,0.01,1,737,卖盘
2545,10:47:27,7.36,--,4,2944,卖盘
2546,10:47:24,7.36,--,1210,890560,卖盘
2547,10:47:21,7.36,--,1,736,卖盘
2548,10:47:18,7.36,--,14,10304,卖盘
2549,10:47:15,7.36,--,4,2944,卖盘
2550,10:47:03,7.36,--,49,36064,卖盘
2551,10:47:00,7.36,-0.01,1,736,卖盘
2552,10:46:57,7.37,0.01,13,9581,买盘
2553,10:46:54,7.36,--,4,2944,卖盘
2554,10:46:51,7.36,-0.01,1,736,卖盘
2555,10:46:48,7.37,0.01,42,30954,买盘
2556,10:46:42,7.36,-0.01,10,7360,卖盘
2557,10:46:36,7.37,--,3,2211,买盘
2558,10:46:33,7.37,0.01,1,737,买盘
2559,10:46:30,7.36,-0.01,7,5152,卖盘
2560,10:46:27,7.37,0.01,4,2948,买盘
2561,10:46:24,7.36,--,4,2944,卖盘
2562,10:46:21,7.36,--,4,2944,卖盘
2563,10:46:18,7.36,-0.01,301,221536,卖盘
2564,10:46:15,7.37,0.01,14,10318,买盘
2565,10:46:09,7.36,--,11,8096,卖盘
2566,10:46:03,7.36,--,41,30176,卖盘
2567,10:46:00,7.36,--,31,22816,卖盘
2568,10:45:57,7.36,--,7,5152,卖盘
2569,10:45:54,7.36,--,5,3680,卖盘
2570,10:45:51,7.36,--,1,736,卖盘
2571,10:45:48,7.36,-0.01,6,4416,卖盘
2572,10:45:42,7.37,--,1,737,买盘
2573,10:45:39,7.37,0.01,3,2211,买盘
2574,10:45:36,7.36,--,24,17664,卖盘
2575,10:45:33,7.36,--,26,19136,卖盘
2576,10:45:30,7.36,-0.01,1,736,卖盘
2577,10:45:27,7.37,0.01,2,1474,买盘
2578,10:45:24,7.36,-0.01,4,2944,卖盘
2579,10:45:18,7.37,--,10,7370,买盘
2580,10:45:15,7.37,0.01,7,5159,买盘
2581,10:45:09,7.36,--,398,292928,卖盘
2582,10:45:06,7.36,--,2,1472,卖盘
2583,10:45:03,7.36,--,15,11040,卖盘
2584,10:45:00,7.36,--,105,77280,卖盘
2585,10:44:57,7.36,--,7,5152,卖盘
2586,10:44:51,7.36,--,4,2944,卖盘
2587,10:44:48,7.36,-0.01,12,8832,卖盘
2588,10:44:45,7.37,0.01,3,2211,买盘
2589,10:44:42,7.36,-0.01,22,16192,卖盘
2590,10:44:39,7.37,0.01,28,20636,买盘
2591,10:44:33,7.36,--,2,1472,卖盘
2592,10:44:30,7.36,--,26,19136,卖盘
2593,10:44:27,7.36,-0.01,1,736,卖盘
2594,10:44:21,7.37,0.01,30,22110,买盘
2595,10:44:18,7.36,-0.01,44,32384,卖盘
2596,10:44:12,7.37,--,200,147400,买盘
2597,10:44:09,7.37,0.01,25,18425,买盘
2598,10:44:03,7.36,--,35,25760,卖盘
2599,10:44:00,7.36,--,2,1472,卖盘
2600,10:43:57,7.36,-0.01,5,3680,卖盘
2601,10:43:51,7.37,0.01,21,15477,买盘
2602,10:43:48,7.36,--,10,7360,卖盘
2603,10:43:45,7.36,0.01,172,126592,买盘
2604,10:43:42,7.35,--,11,8085,卖盘
2605,10:43:39,7.35,-0.01,64,47040,卖盘
2606,10:43:33,7.36,0.01,74,54464,买盘
2607,10:43:30,7.35,--,22,16170,卖盘
2608,10:43:27,7.35,-0.01,40,29400,卖盘
2609,10:43:24,7.36,--,14,10304,买盘
2610,10:43:21,7.36,--,2,1472,买盘
2611,10:43:15,7.36,--,16,11776,买盘
2612,10:43:12,7.36,0.01,18,13248,买盘
2613,10:43:06,7.35,--,1,735,卖盘
2614,10:43:03,7.35,--,702,515970,卖盘
2615,10:43:00,7.35,--,6,4410,卖盘
2616,10:42:57,7.35,--,1,735,卖盘
2617,10:42:54,7.35,-0.01,80,58800,卖盘
2618,10:42:51,7.36,0.01,30,22080,买盘
2619,10:42:48,7.35,-0.01,7,5145,卖盘
2620,10:42:45,7.36,0.01,250,184000,买盘
2621,10:42:39,7.35,--,30,22050,卖盘
2622,10:42:36,7.35,-0.01,1,735,卖盘
2623,10:42:30,7.36,0.01,8,5888,买盘
2624,10:42:27,7.35,-0.01,24,17640,卖盘
2625,10:42:21,7.36,--,2,1472,买盘
2626,10:42:18,7.36,0.01,34,25024,买盘
2627,10:42:15,7.35,-0.01,11,8085,卖盘
2628,10:42:09,7.36,--,192,141312,卖盘
2629,10:42:06,7.36,--,5,3680,卖盘
2630,10:42:03,7.36,--,15,11040,卖盘
2631,10:42:00,7.36,--,2,1472,卖盘
2632,10:41:57,7.36,--,2,1472,卖盘
2633,10:41:54,7.36,--,11,8096,卖盘
2634,10:41:51,7.36,--,1,736,卖盘
2635,10:41:48,7.36,--,2,1472,卖盘
2636,10:41:45,7.36,--,5,3680,卖盘
2637,10:41:42,7.36,-0.01,500,368000,卖盘
2638,10:41:39,7.37,--,51,37587,买盘
2639,10:41:33,7.37,0.01,60,44220,买盘
2640,10:41:30,7.36,--,86,63296,卖盘
2641,10:41:27,7.36,-0.01,22,16192,卖盘
2642,10:41:24,7.37,0.01,13,9581,买盘
2643,10:41:21,7.36,--,23,16928,卖盘
2644,10:41:18,7.36,--,62,45632,卖盘
2645,10:41:15,7.36,-0.01,30,22080,卖盘
2646,10:41:12,7.37,0.01,6,4422,买盘
2647,10:41:06,7.36,--,24,17664,卖盘
2648,10:41:03,7.36,--,32,23552,卖盘
2649,10:41:00,7.36,--,31,22816,卖盘
2650,10:40:57,7.36,-0.01,1,736,卖盘
2651,10:40:54,7.37,0.01,3,2211,买盘
2652,10:40:51,7.36,--,2,1472,卖盘
2653,10:40:48,7.36,--,27,19872,卖盘
2654,10:40:45,7.36,--,28,20608,卖盘
2655,10:40:39,7.36,--,1061,780896,卖盘
2656,10:40:36,7.36,-0.01,20,14720,卖盘
2657,10:40:33,7.37,0.01,10,7370,买盘
2658,10:40:30,7.36,--,3,2208,卖盘
2659,10:40:27,7.36,-0.01,23,16928,卖盘
2660,10:40:24,7.37,--,44,32428,买盘
2661,10:40:18,7.37,0.01,30,22110,买盘
2662,10:40:15,7.36,--,6,4416,卖盘
2663,10:40:09,7.36,--,20,14720,卖盘
2664,10:40:06,7.36,--,5,3680,卖盘
2665,10:40:03,7.36,--,114,83904,卖盘
2666,10:40:00,7.36,--,2,1472,卖盘
2667,10:39:57,7.36,--,9,6624,卖盘
2668,10:39:54,7.36,-0.01,4,2944,卖盘
2669,10:39:48,7.37,--,62,45694,卖盘
2670,10:39:45,7.37,--,100,73700,卖盘
2671,10:39:42,7.37,--,78,57486,卖盘
2672,10:39:36,7.37,--,20,14740,卖盘
2673,10:39:33,7.37,--,5,3685,卖盘
2674,10:39:30,7.37,--,1,737,卖盘
2675,10:39:27,7.37,--,117,86229,卖盘
2676,10:39:21,7.37,--,55,40535,卖盘
2677,10:39:18,7.37,0.01,5,3685,买盘
2678,10:39:15,7.36,--,84,61824,卖盘
2679,10:39:09,7.36,--,4,2944,卖盘
2680,10:39:06,7.36,--,1,736,卖盘
2681,10:39:03,7.36,--,189,139104,卖盘
2682,10:39:00,7.36,--,6,4416,卖盘
2683,10:38:57,7.36,--,31,22816,卖盘
2684,10:38:51,7.36,--,1,736,卖盘
2685,10:38:48,7.36,-0.01,298,219328,卖盘
2686,10:38:39,7.37,0.01,778,573386,买盘
2687,10:38:36,7.36,0.01,166,122176,买盘
2688,10:38:33,7.35,-0.01,20,14700,卖盘
2689,10:38:27,7.36,--,103,75808,买盘
2690,10:38:24,7.36,--,274,201664,买盘
2691,10:38:21,7.36,--,36,26496,买盘
2692,10:38:18,7.36,--,19,13984,买盘
2693,10:38:15,7.36,--,12,8832,买盘
2694,10:38:12,7.36,--,114,83904,买盘
2695,10:38:09,7.36,0.01,72,52992,买盘
2696,10:38:06,7.35,--,1,735,卖盘
2697,10:38:03,7.35,--,6,4410,卖盘
2698,10:38:00,7.35,-0.01,96,70560,卖盘
2699,10:37:57,7.36,0.01,113,83168,买盘
2700,10:37:54,7.35,--,7,5145,卖盘
2701,10:37:51,7.35,--,5,3675,卖盘
2702,10:37:48,7.35,-0.01,2,1470,卖盘
2703,10:37:45,7.36,--,2,1472,买盘
2704,10:37:42,7.36,--,46,33856,买盘
2705,10:37:39,7.36,--,31,22816,买盘
2706,10:37:36,7.36,0.01,61,44896,买盘
2707,10:37:33,7.35,-0.01,1,735,卖盘
2708,10:37:30,7.36,--,42,30912,买盘
2709,10:37:27,7.36,-0.01,111,81696,卖盘
2710,10:37:21,7.37,0.02,7,5159,买盘
2711,10:37:18,7.35,-0.01,4,2940,卖盘
2712,10:37:15,7.36,0.01,7,5152,买盘
2713,10:37:12,7.35,-0.01,100,73500,卖盘
2714,10:37:09,7.36,--,83,61286,卖盘
2715,10:37:06,7.36,--,117,86112,卖盘
2716,10:37:03,7.36,-0.01,11,8096,中性盘
2717,10:37:00,7.37,0.01,94,69278,买盘
2718,10:36:57,7.36,-0.01,95,69920,中性盘
2719,10:36:54,7.37,0.01,261,192357,买盘
2720,10:36:51,7.36,0.01,122,89792,买盘
2721,10:36:48,7.35,--,16,11760,卖盘
2722,10:36:45,7.35,-0.01,180,132300,卖盘
2723,10:36:42,7.36,0.01,5,3680,买盘
2724,10:36:39,7.35,--,48,35280,卖盘
2725,10:36:36,7.35,--,234,171990,卖盘
2726,10:36:33,7.35,--,5,3675,卖盘
2727,10:36:30,7.35,--,258,189630,卖盘
2728,10:36:27,7.35,--,1,735,卖盘
2729,10:36:24,7.35,--,105,77175,卖盘
2730,10:36:21,7.35,--,1,735,卖盘
2731,10:36:18,7.35,--,1,735,卖盘
2732,10:36:12,7.35,-0.01,201,148271,卖盘
2733,10:36:09,7.36,--,2,1472,卖盘
2734,10:36:06,7.36,--,1,736,卖盘
2735,10:36:00,7.36,-0.01,19,13984,卖盘
2736,10:35:57,7.37,--,9,6633,买盘
2737,10:35:54,7.37,--,216,159192,买盘
2738,10:35:51,7.37,--,452,333124,买盘
2739,10:35:48,7.37,0.01,6,4422,买盘
2740,10:35:45,7.36,-0.01,1,736,卖盘
2741,10:35:42,7.37,0.01,50,36850,买盘
2742,10:35:39,7.36,-0.01,5,3680,卖盘
2743,10:35:36,7.37,0.01,3184,2346608,买盘
2744,10:35:33,7.36,--,55,40480,卖盘
2745,10:35:30,7.36,--,1,736,卖盘
2746,10:35:27,7.36,--,7,5152,卖盘
2747,10:35:21,7.36,--,32,23552,卖盘
2748,10:35:18,7.36,--,6,4416,卖盘
2749,10:35:15,7.36,--,43,31648,卖盘
2750,10:35:12,7.36,--,1,736,卖盘
2751,10:35:06,7.36,--,7,5152,卖盘
2752,10:35:03,7.36,--,20,14720,卖盘
2753,10:35:00,7.36,--,40,29440,卖盘
2754,10:34:57,7.36,--,2,1472,卖盘
2755,10:34:54,7.36,--,4,2944,卖盘
2756,10:34:51,7.36,--,2,1472,卖盘
2757,10:34:48,7.36,--,4,2944,卖盘
2758,10:34:45,7.36,-0.01,3,2208,卖盘
2759,10:34:42,7.37,0.01,9,6633,买盘
2760,10:34:39,7.36,-0.01,1,736,卖盘
2761,10:34:36,7.37,0.01,27,19899,买盘
2762,10:34:33,7.36,-0.01,31,22816,卖盘
2763,10:34:30,7.37,0.01,30,22110,买盘
2764,10:34:27,7.36,--,30,22080,卖盘
2765,10:34:24,7.36,--,110,80960,卖盘
2766,10:34:21,7.36,-0.01,26,19136,卖盘
2767,10:34:18,7.37,0.01,82,60434,买盘
2768,10:34:12,7.36,--,9,6624,卖盘
2769,10:34:09,7.36,--,1,736,卖盘
2770,10:34:06,7.36,--,5,3680,卖盘
2771,10:34:00,7.36,-0.01,5,3680,卖盘
2772,10:33:54,7.37,0.01,151,111287,买盘
2773,10:33:51,7.36,--,2,1472,卖盘
2774,10:33:48,7.36,-0.01,5,3680,卖盘
2775,10:33:45,7.37,--,258,190146,卖盘
2776,10:33:39,7.37,--,4,2948,卖盘
2777,10:33:36,7.37,--,454,334598,卖盘
2778,10:33:33,7.37,--,15,11055,卖盘
2779,10:33:30,7.37,--,46,33902,卖盘
2780,10:33:27,7.37,--,5,3685,卖盘
2781,10:33:21,7.37,--,12,8844,卖盘
2782,10:33:18,7.37,--,45,33165,卖盘
2783,10:33:15,7.37,--,5,3685,卖盘
2784,10:33:12,7.37,--,68,50116,卖盘
2785,10:33:09,7.37,--,5,3685,卖盘
2786,10:33:06,7.37,-0.01,34,25058,卖盘
2787,10:33:03,7.38,--,4,2952,买盘
2788,10:33:00,7.38,--,23,16974,买盘
2789,10:32:57,7.38,0.01,3,2214,买盘
2790,10:32:54,7.37,--,4,2948,卖盘
2791,10:32:51,7.37,-0.01,1,737,卖盘
2792,10:32:48,7.38,0.01,3,2214,买盘
2793,10:32:42,7.37,--,5,3685,卖盘
2794,10:32:39,7.37,--,38,28006,卖盘
2795,10:32:33,7.37,-0.01,6,4422,卖盘
2796,10:32:24,7.38,0.01,4,2952,买盘
2797,10:32:21,7.37,--,20,14740,卖盘
2798,10:32:18,7.37,--,66,48642,卖盘
2799,10:32:15,7.37,--,21,15477,卖盘
2800,10:32:09,7.37,--,14,10318,卖盘
2801,10:32:06,7.37,--,3,2211,卖盘
2802,10:32:00,7.37,--,5,3685,卖盘
2803,10:31:57,7.37,--,3,2211,卖盘
2804,10:31:54,7.37,--,1,737,卖盘
2805,10:31:48,7.37,--,27,19899,卖盘
2806,10:31:39,7.37,--,23,16951,卖盘
2807,10:31:36,7.37,--,3,2211,卖盘
2808,10:31:30,7.37,0.01,76,56012,买盘
2809,10:31:24,7.36,--,15,11040,卖盘
2810,10:31:21,7.36,--,2,1472,卖盘
2811,10:31:15,7.36,--,36,26496,卖盘
2812,10:31:09,7.36,--,31,22816,卖盘
2813,10:31:06,7.36,--,30,22080,卖盘
2814,10:31:03,7.36,-0.01,4,2944,卖盘
2815,10:30:54,7.37,0.01,20,14740,买盘
2816,10:30:51,7.36,--,4,2944,卖盘
2817,10:30:48,7.36,-0.01,101,74336,卖盘
2818,10:30:45,7.37,0.01,618,455466,买盘
2819,10:30:42,7.36,-0.01,3,2208,卖盘
2820,10:30:36,7.37,0.01,1,737,买盘
2821,10:30:33,7.36,-0.01,77,56672,卖盘
2822,10:30:30,7.37,--,8,5896,买盘
2823,10:30:27,7.37,--,3,2211,买盘
2824,10:30:24,7.37,0.01,11,8107,买盘
2825,10:30:21,7.36,--,67,49312,卖盘
2826,10:30:18,7.36,--,6,4416,卖盘
2827,10:30:15,7.36,--,94,69184,卖盘
2828,10:30:12,7.36,--,58,42688,卖盘
2829,10:30:09,7.36,-0.01,6,4416,卖盘
2830,10:30:06,7.37,--,8,5896,买盘
2831,10:30:03,7.37,--,48,35376,买盘
2832,10:30:00,7.37,--,2,1474,买盘
2833,10:29:57,7.37,--,164,120868,买盘
2834,10:29:54,7.37,--,31,22847,买盘
2835,10:29:48,7.37,0.01,177,130449,买盘
2836,10:29:45,7.36,-0.01,5,3680,卖盘
2837,10:29:42,7.37,--,2,1474,买盘
2838,10:29:36,7.37,--,5,3685,买盘
2839,10:29:30,7.37,--,1,737,买盘
2840,10:29:27,7.37,0.01,5,3685,买盘
2841,10:29:24,7.36,-0.01,6,4416,卖盘
2842,10:29:18,7.37,0.01,46,33902,买盘
2843,10:29:12,7.36,-0.01,13,9568,卖盘
2844,10:29:06,7.37,--,4,2948,买盘
2845,10:29:03,7.37,0.01,8,5896,买盘
2846,10:29:00,7.36,--,12,8832,卖盘
2847,10:28:57,7.36,-0.01,75,55200,卖盘
2848,10:28:54,7.37,0.01,74,54538,买盘
2849,10:28:51,7.36,--,4,2944,卖盘
2850,10:28:48,7.36,-0.01,184,135424,卖盘
2851,10:28:45,7.37,--,2,1474,买盘
2852,10:28:42,7.37,0.01,1,737,买盘
2853,10:28:39,7.36,-0.01,214,157504,卖盘
2854,10:28:36,7.37,--,2,1474,买盘
2855,10:28:33,7.37,--,40,29480,买盘
2856,10:28:30,7.37,--,5,3685,买盘
2857,10:28:24,7.37,0.01,11,8107,买盘
2858,10:28:21,7.36,-0.01,597,439392,卖盘
2859,10:28:18,7.37,--,6,4422,卖盘
2860,10:28:15,7.37,--,10,7370,卖盘
2861,10:28:12,7.37,--,18,13266,卖盘
2862,10:28:09,7.37,0.01,40,29480,买盘
2863,10:28:06,7.36,-0.02,6,4416,卖盘
2864,10:28:03,7.38,0.01,100,73800,买盘
2865,10:28:00,7.37,--,3,2211,买盘
2866,10:27:57,7.37,--,8,5896,卖盘
2867,10:27:54,7.37,-0.01,6,4422,卖盘
2868,10:27:48,7.38,0.01,1,738,买盘
2869,10:27:45,7.37,--,18,13266,卖盘
2870,10:27:42,7.37,--,68,50116,买盘
2871,10:27:36,7.37,0.01,76,56012,买盘
2872,10:27:33,7.36,-0.01,5,3680,卖盘
2873,10:27:30,7.37,--,35,25795,卖盘
2874,10:27:27,7.37,-0.01,2,1474,卖盘
2875,10:27:24,7.38,0.01,46,33948,买盘
2876,10:27:21,7.37,-0.01,9,6633,卖盘
2877,10:27:18,7.38,0.01,10,7380,买盘
2878,10:27:15,7.37,0.01,51,37587,买盘
2879,10:27:12,7.36,-0.01,6,4614,卖盘
2880,10:27:09,7.37,0.01,10,7370,买盘
2881,10:27:06,7.36,--,42,30912,卖盘
2882,10:27:03,7.36,--,3,2208,卖盘
2883,10:27:00,7.36,-0.01,502,369472,卖盘
2884,10:26:57,7.37,-0.01,30,22110,卖盘
2885,10:26:54,7.38,0.02,2,1476,买盘
2886,10:26:51,7.36,-0.02,4,2944,卖盘
2887,10:26:45,7.38,0.01,26,19188,买盘
2888,10:26:42,7.37,0.01,1,737,买盘
2889,10:26:39,7.36,-0.01,4,2944,卖盘
2890,10:26:36,7.37,--,2,1474,买盘
2891,10:26:33,7.37,--,23,16951,卖盘
2892,10:26:30,7.37,0.01,23,16951,买盘
2893,10:26:27,7.36,-0.02,80,58880,卖盘
2894,10:26:24,7.38,--,1,738,买盘
2895,10:26:18,7.38,0.01,7,5166,买盘
2896,10:26:15,7.37,-0.01,3,2211,卖盘
2897,10:26:12,7.38,0.01,2,1476,买盘
2898,10:26:06,7.37,--,7,5159,卖盘
2899,10:26:03,7.37,-0.01,16,11792,卖盘
2900,10:26:00,7.38,--,1,738,买盘
2901,10:25:57,7.38,0.01,1,738,买盘
2902,10:25:54,7.37,-0.01,336,247632,卖盘
2903,10:25:48,7.38,0.01,2,1476,买盘
2904,10:25:45,7.37,-0.01,4,2948,卖盘
2905,10:25:42,7.38,0.01,1,738,买盘
2906,10:25:33,7.37,-0.01,5,3685,卖盘
2907,10:25:30,7.38,0.01,6,4428,中性盘
2908,10:25:24,7.37,-0.01,5,3685,卖盘
2909,10:25:21,7.38,0.01,29,21402,中性盘
2910,10:25:15,7.37,-0.01,77,56749,卖盘
2911,10:25:12,7.38,--,5,3690,买盘
2912,10:25:06,7.38,--,2,1476,卖盘
2913,10:25:03,7.38,--,18,13284,卖盘
2914,10:25:00,7.38,0.02,7,5166,中性盘
2915,10:24:51,7.36,-0.02,800,588800,卖盘
2916,10:24:48,7.38,--,148,109224,买盘
2917,10:24:45,7.38,0.01,73,53874,买盘
2918,10:24:42,7.37,--,10,7370,卖盘
