,time,price,change,volume,amount,type
0,15:00:03,11.64,--,3020,3515280,买盘
1,14:57:00,11.64,--,0,0,买盘
2,14:56:57,11.64,-0.01,8,9312,卖盘
3,14:56:54,11.65,--,24,27960,买盘
4,14:56:51,11.65,0.01,189,220185,买盘
5,14:56:48,11.64,-0.01,10,11640,卖盘
6,14:56:45,11.65,--,47,54755,买盘
7,14:56:42,11.65,--,18,20970,买盘
8,14:56:36,11.65,--,2,2330,买盘
9,14:56:33,11.65,-0.01,70,81550,卖盘
10,14:56:30,11.66,--,144,167904,买盘
11,14:56:27,11.66,--,39,45474,买盘
12,14:56:24,11.66,0.01,76,88616,买盘
13,14:56:21,11.65,--,101,117665,卖盘
14,14:56:18,11.65,-0.01,35,40775,卖盘
15,14:56:15,11.66,0.01,13,15158,买盘
16,14:56:12,11.65,0.03,814,948519,买盘
17,14:56:06,11.62,--,500,581000,卖盘
18,14:56:03,11.62,-0.01,4,4648,卖盘
19,14:56:00,11.63,0.01,217,252371,买盘
20,14:55:57,11.62,0.01,462,537703,买盘
21,14:55:54,11.61,0.01,104,120744,买盘
22,14:55:51,11.6,-0.01,1,1160,卖盘
23,14:55:48,11.61,0.01,13,15093,买盘
24,14:55:45,11.6,-0.01,13,15080,卖盘
25,14:55:42,11.61,0.01,57,66177,买盘
26,14:55:39,11.6,-0.01,26,30160,卖盘
27,14:55:36,11.61,--,32,37152,买盘
28,14:55:33,11.61,0.01,29,33669,买盘
29,14:55:30,11.6,--,11,12760,卖盘
30,14:55:27,11.6,--,2028,2352480,买盘
31,14:55:24,11.6,0.01,209,242440,买盘
32,14:55:21,11.59,-0.01,6,6954,卖盘
33,14:55:18,11.6,--,71,82360,卖盘
34,14:55:15,11.6,--,113,131080,买盘
35,14:55:12,11.6,0.01,383,444280,买盘
36,14:55:09,11.59,-0.01,11,12749,卖盘
37,14:55:06,11.6,0.01,3,3480,买盘
38,14:55:00,11.59,-0.01,2,2318,卖盘
39,14:54:54,11.6,0.01,30,34800,中性盘
40,14:54:51,11.59,-0.01,102,119156,卖盘
41,14:54:48,11.6,--,3,3480,买盘
42,14:54:45,11.6,0.01,14,16240,中性盘
43,14:54:42,11.59,-0.01,138,159942,卖盘
44,14:54:39,11.6,-0.01,133,154280,卖盘
45,14:54:36,11.61,0.01,1177,1366497,买盘
46,14:54:33,11.6,--,140,162400,卖盘
47,14:54:30,11.6,--,24,27840,卖盘
48,14:54:24,11.6,--,190,220400,卖盘
49,14:54:15,11.6,--,105,121800,卖盘
50,14:54:12,11.6,--,74,85840,卖盘
51,14:54:09,11.6,-0.01,30,34800,卖盘
52,14:54:06,11.61,0.01,14,16254,买盘
53,14:54:03,11.6,-0.01,67,77720,卖盘
54,14:54:00,11.61,--,5,5805,买盘
55,14:53:57,11.61,--,15,17415,买盘
56,14:53:54,11.61,0.01,194,225234,买盘
57,14:53:51,11.6,-0.01,37,42920,卖盘
58,14:53:48,11.61,0.01,78,90558,买盘
59,14:53:45,11.6,--,20,23200,卖盘
60,14:53:42,11.6,--,126,146160,卖盘
61,14:53:39,11.6,-0.01,10,11600,卖盘
62,14:53:36,11.61,0.01,28,32508,买盘
63,14:53:33,11.6,--,101,117160,卖盘
64,14:53:30,11.6,--,6,6960,卖盘
65,14:53:27,11.6,-0.01,44,51040,中性盘
66,14:53:24,11.61,0.02,1305,1515105,买盘
67,14:53:21,11.59,--,20,23180,卖盘
68,14:53:18,11.59,-0.01,20,23180,卖盘
69,14:53:15,11.6,0.01,1,1160,买盘
70,14:53:12,11.59,--,65,75335,卖盘
71,14:53:09,11.59,-0.01,54,62586,卖盘
72,14:53:06,11.6,0.01,166,192560,买盘
73,14:53:03,11.59,0.01,164,190076,买盘
74,14:53:00,11.58,-0.01,21,24318,卖盘
75,14:52:57,11.59,--,8,9272,买盘
76,14:52:54,11.59,--,2,2318,买盘
77,14:52:51,11.59,--,30,34770,买盘
78,14:52:48,11.59,--,201,232959,卖盘
79,14:52:45,11.59,-0.01,182,210938,卖盘
80,14:52:36,11.6,0.01,170,197200,买盘
81,14:52:33,11.59,-0.01,44,50996,卖盘
82,14:52:30,11.6,--,6,6960,买盘
83,14:52:27,11.6,--,212,245920,买盘
84,14:52:24,11.6,0.01,180,208800,买盘
85,14:52:21,11.59,--,291,337269,卖盘
86,14:52:15,11.59,--,30,34770,卖盘
87,14:52:12,11.59,-0.01,1205,1396595,卖盘
88,14:52:09,11.6,--,7,8120,买盘
89,14:52:06,11.6,0.01,197,228520,买盘
90,14:52:03,11.59,-0.01,1049,1215791,卖盘
91,14:52:00,11.6,--,50,58000,买盘
92,14:51:57,11.6,--,23,26680,买盘
93,14:51:54,11.6,--,182,211120,卖盘
94,14:51:51,11.6,-0.01,1,1160,中性盘
95,14:51:48,11.61,0.01,70,81270,买盘
96,14:51:45,11.6,--,128,148480,卖盘
97,14:51:42,11.6,--,56,64960,卖盘
98,14:51:39,11.6,-0.01,45,52200,卖盘
99,14:51:36,11.61,0.01,16,18576,买盘
100,14:51:33,11.6,-0.01,10,11600,卖盘
101,14:51:30,11.61,0.01,11,12771,买盘
102,14:51:27,11.6,--,1,1160,卖盘
103,14:51:24,11.6,--,88,102080,卖盘
104,14:51:21,11.6,--,204,236640,卖盘
105,14:51:18,11.6,-0.01,10,11600,卖盘
106,14:51:15,11.61,0.01,59,68499,买盘
107,14:51:12,11.6,--,81,93960,卖盘
108,14:51:09,11.6,-0.01,800,928000,卖盘
109,14:51:06,11.61,0.01,20,23220,买盘
110,14:51:03,11.6,-0.01,4,4640,卖盘
111,14:51:00,11.61,0.01,13,15093,买盘
112,14:50:57,11.6,-0.01,8,9280,卖盘
113,14:50:51,11.61,-0.01,77,89698,卖盘
114,14:50:48,11.62,--,10,11620,买盘
115,14:50:45,11.62,0.01,88,103115,买盘
116,14:50:42,11.61,--,72,83893,卖盘
117,14:50:39,11.61,--,43,50782,买盘
118,14:50:36,11.61,0.01,135,156735,买盘
119,14:50:33,11.6,-0.01,94,109341,卖盘
120,14:50:30,11.61,--,90,105349,买盘
121,14:50:27,11.61,--,71,82431,买盘
122,14:50:24,11.61,0.01,34,39474,买盘
123,14:50:21,11.6,-0.01,18,20880,卖盘
124,14:50:18,11.61,--,37,42957,买盘
125,14:50:15,11.61,--,35,40635,买盘
126,14:50:12,11.61,-0.01,436,506497,卖盘
127,14:50:09,11.62,--,33,38346,买盘
128,14:50:06,11.62,0.01,211,245181,买盘
129,14:50:03,11.61,--,89,103329,卖盘
130,14:50:00,11.61,--,90,104490,卖盘
131,14:49:54,11.61,--,64,74304,卖盘
132,14:49:51,11.61,-0.01,47,54567,卖盘
133,14:49:48,11.62,--,46,53452,买盘
134,14:49:45,11.62,--,104,120847,买盘
135,14:49:42,11.62,--,62,72044,买盘
136,14:49:39,11.62,--,82,95284,买盘
137,14:49:36,11.62,--,40,46480,买盘
138,14:49:33,11.62,--,27,31373,买盘
139,14:49:30,11.62,0.01,1,1162,买盘
140,14:49:27,11.61,--,75,87075,卖盘
141,14:49:24,11.61,--,64,74304,卖盘
142,14:49:21,11.61,--,70,82129,买盘
143,14:49:18,11.61,--,69,80109,买盘
144,14:49:15,11.61,--,217,251937,买盘
145,14:49:12,11.61,--,16,18576,买盘
146,14:49:09,11.61,--,22,25542,买盘
147,14:49:06,11.61,0.01,377,437697,买盘
148,14:49:03,11.6,--,19,22040,卖盘
149,14:48:57,11.6,--,1654,1919104,买盘
150,14:48:54,11.6,0.01,88,102080,买盘
151,14:48:48,11.59,--,16,18544,卖盘
152,14:48:45,11.59,--,1,1159,卖盘
153,14:48:42,11.59,-0.01,104,120536,卖盘
154,14:48:39,11.6,--,13,15080,买盘
155,14:48:36,11.6,0.01,123,142680,买盘
156,14:48:33,11.59,--,170,197030,卖盘
157,14:48:30,11.59,--,21,24339,卖盘
158,14:48:27,11.59,--,31,35929,卖盘
159,14:48:24,11.59,--,99,114741,卖盘
160,14:48:21,11.59,--,61,70699,卖盘
161,14:48:18,11.59,-0.01,150,173850,卖盘
162,14:48:15,11.6,0.01,63,73080,买盘
163,14:48:12,11.59,-0.01,40,46360,卖盘
164,14:48:09,11.6,--,10,11600,买盘
165,14:48:06,11.6,0.01,73,84680,买盘
166,14:48:03,11.59,--,100,115900,卖盘
167,14:48:00,11.59,--,88,101992,卖盘
168,14:47:57,11.59,--,25,28975,卖盘
169,14:47:54,11.59,--,64,74176,卖盘
170,14:47:51,11.59,--,71,82289,卖盘
171,14:47:48,11.59,--,2,2318,卖盘
172,14:47:42,11.59,--,79,91561,卖盘
173,14:47:39,11.59,-0.01,11,12749,卖盘
174,14:47:36,11.6,--,30,34800,买盘
175,14:47:33,11.6,0.01,90,104400,买盘
176,14:47:30,11.59,-0.01,91,105469,卖盘
177,14:47:27,11.6,0.01,109,126440,买盘
178,14:47:24,11.59,--,67,77653,卖盘
179,14:47:21,11.59,--,44,50996,卖盘
180,14:47:18,11.59,--,102,118218,卖盘
181,14:47:15,11.59,--,88,101992,卖盘
182,14:47:12,11.59,-0.01,14,16226,卖盘
183,14:47:09,11.6,--,2,2320,买盘
184,14:47:06,11.6,0.01,88,102080,买盘
185,14:47:03,11.59,--,64,74176,卖盘
186,14:47:00,11.59,-0.01,25,28975,卖盘
187,14:46:57,11.6,0.01,733,850280,买盘
188,14:46:54,11.59,--,17,19703,买盘
189,14:46:51,11.59,0.01,46,53314,买盘
190,14:46:48,11.58,-0.01,44,50952,卖盘
191,14:46:45,11.59,0.01,106,122854,买盘
192,14:46:42,11.58,--,74,85692,卖盘
193,14:46:39,11.58,--,118,136644,卖盘
194,14:46:36,11.58,-0.01,54,62532,卖盘
195,14:46:33,11.59,0.01,303,351177,买盘
196,14:46:30,11.58,--,5,5790,卖盘
197,14:46:27,11.58,-0.01,57,66585,卖盘
198,14:46:21,11.59,--,55,63745,买盘
199,14:46:18,11.59,--,15,17385,买盘
200,14:46:15,11.59,0.01,83,96197,买盘
201,14:46:12,11.58,--,69,79902,卖盘
202,14:46:09,11.58,-0.01,60,69480,卖盘
203,14:46:06,11.59,0.01,31,35929,买盘
204,14:46:03,11.58,--,490,567420,卖盘
205,14:46:00,11.58,--,265,306870,卖盘
206,14:45:57,11.58,-0.01,11,12738,卖盘
207,14:45:54,11.59,--,214,248026,买盘
208,14:45:51,11.59,0.01,590,683810,买盘
209,14:45:48,11.58,--,52,60216,卖盘
210,14:45:42,11.58,-0.01,16,18528,卖盘
211,14:45:36,11.59,--,271,314089,买盘
212,14:45:33,11.59,--,33,38247,卖盘
213,14:45:30,11.59,--,65,75335,卖盘
214,14:45:27,11.59,--,160,185440,买盘
215,14:45:24,11.59,0.01,106,122854,买盘
216,14:45:21,11.58,-0.01,48,55584,卖盘
217,14:45:18,11.59,--,14,16226,买盘
218,14:45:15,11.59,0.01,13,15067,买盘
219,14:45:12,11.58,--,139,160962,卖盘
220,14:45:09,11.58,-0.02,120,138960,卖盘
221,14:45:06,11.6,0.01,10,11600,买盘
222,14:45:03,11.59,--,38,44042,卖盘
223,14:45:00,11.59,--,332,384788,卖盘
224,14:44:57,11.59,--,44,50996,卖盘
225,14:44:54,11.59,--,6,6954,卖盘
226,14:44:51,11.59,--,15,17385,卖盘
227,14:44:48,11.59,-0.01,15,17385,卖盘
228,14:44:45,11.6,0.01,199,230840,买盘
229,14:44:42,11.59,--,10,11590,卖盘
230,14:44:39,11.59,--,22,25498,卖盘
231,14:44:36,11.59,--,148,171532,卖盘
232,14:44:33,11.59,--,60,69540,卖盘
233,14:44:30,11.59,--,27,31293,卖盘
234,14:44:27,11.59,--,57,66063,卖盘
235,14:44:24,11.59,--,51,59109,卖盘
236,14:44:21,11.59,--,112,129808,卖盘
237,14:44:18,11.59,--,34,39406,卖盘
238,14:44:15,11.59,-0.01,533,617747,卖盘
239,14:44:12,11.6,0.01,24,27840,买盘
240,14:44:09,11.59,-0.01,30,34770,卖盘
241,14:44:06,11.6,--,63,73080,买盘
242,14:44:03,11.6,--,63,73080,买盘
243,14:43:57,11.6,--,26,30160,买盘
244,14:43:54,11.6,--,22,25520,买盘
245,14:43:51,11.6,--,1,1160,买盘
246,14:43:48,11.6,--,21,24360,买盘
247,14:43:45,11.6,0.01,91,105560,买盘
248,14:43:42,11.59,-0.01,70,81130,卖盘
249,14:43:39,11.6,--,26,30160,买盘
250,14:43:36,11.6,--,298,345680,买盘
251,14:43:33,11.6,0.01,98,113680,买盘
252,14:43:30,11.59,-0.01,13,15067,卖盘
253,14:43:27,11.6,--,5,5800,买盘
254,14:43:24,11.6,0.01,81,93960,买盘
255,14:43:21,11.59,--,16,18544,卖盘
256,14:43:18,11.59,--,13,15067,卖盘
257,14:43:15,11.59,--,1125,1303875,买盘
258,14:43:12,11.59,0.01,64,74176,买盘
259,14:43:09,11.58,-0.01,38,44004,卖盘
260,14:43:06,11.59,0.01,50,57950,买盘
261,14:43:03,11.58,-0.01,69,79902,卖盘
262,14:43:00,11.59,0.01,62,71858,买盘
263,14:42:57,11.58,-0.01,14,16212,卖盘
264,14:42:54,11.59,-0.01,5,5795,中性盘
265,14:42:51,11.6,0.02,619,718040,买盘
266,14:42:48,11.58,--,639,739962,卖盘
267,14:42:45,11.58,-0.01,23,26634,卖盘
268,14:42:42,11.59,--,34,39406,买盘
269,14:42:39,11.59,--,20,23180,买盘
270,14:42:36,11.59,--,188,217892,买盘
271,14:42:33,11.59,--,20,23180,买盘
272,14:42:30,11.59,0.01,49,56791,买盘
273,14:42:27,11.58,-0.01,73,84534,卖盘
274,14:42:24,11.59,--,32,37088,买盘
275,14:42:21,11.59,0.01,30,34770,买盘
276,14:42:18,11.58,-0.01,230,266340,卖盘
277,14:42:15,11.59,0.01,94,108946,买盘
278,14:42:12,11.58,-0.01,50,57900,卖盘
279,14:42:09,11.59,--,83,96197,买盘
280,14:42:06,11.59,0.01,20,23180,买盘
281,14:42:03,11.58,-0.01,78,90324,卖盘
282,14:42:00,11.59,--,5,5795,卖盘
283,14:41:57,11.59,0.01,9,10431,买盘
284,14:41:54,11.58,--,50,57900,卖盘
285,14:41:51,11.58,-0.02,217,251286,卖盘
286,14:41:45,11.6,0.01,115,133400,买盘
287,14:41:42,11.59,--,68,78812,卖盘
288,14:41:39,11.59,-0.01,14,16226,卖盘
289,14:41:36,11.6,0.01,119,138040,买盘
290,14:41:33,11.59,--,50,57950,卖盘
291,14:41:30,11.59,-0.01,46,53314,卖盘
292,14:41:27,11.6,--,23,26680,买盘
293,14:41:24,11.6,--,33,38280,买盘
294,14:41:21,11.6,--,136,157760,买盘
295,14:41:18,11.6,0.01,21,24360,买盘
296,14:41:15,11.59,--,50,57950,卖盘
297,14:41:09,11.59,--,56,64904,卖盘
298,14:41:06,11.59,-0.01,18,20862,卖盘
299,14:41:03,11.6,--,36,41760,买盘
300,14:41:00,11.6,--,4,5336,卖盘
301,14:40:57,11.6,0.01,110,128064,买盘
302,14:40:54,11.59,--,88,101992,卖盘
303,14:40:48,11.59,-0.01,224,259616,卖盘
304,14:40:45,11.6,0.01,85,98600,买盘
305,14:40:42,11.59,--,254,294386,卖盘
306,14:40:39,11.59,-0.01,10,11590,卖盘
307,14:40:36,11.6,--,29,33640,买盘
308,14:40:30,11.6,--,38,44080,买盘
309,14:40:27,11.6,--,20,23200,买盘
310,14:40:24,11.6,--,28,32480,买盘
311,14:40:21,11.6,--,19,22040,买盘
312,14:40:18,11.6,0.01,17,19720,买盘
313,14:40:15,11.59,--,51,59109,卖盘
314,14:40:12,11.59,-0.01,231,267729,卖盘
315,14:40:06,11.6,--,100,116000,卖盘
316,14:40:03,11.6,--,443,513880,卖盘
317,14:40:00,11.6,-0.01,53,61480,卖盘
318,14:39:57,11.61,0.01,359,416799,买盘
319,14:39:54,11.6,--,50,58000,卖盘
320,14:39:51,11.6,--,188,218080,卖盘
321,14:39:48,11.6,-0.01,27,31320,卖盘
322,14:39:45,11.61,0.01,64,74304,买盘
323,14:39:42,11.6,--,4,4640,卖盘
324,14:39:39,11.6,--,236,273760,卖盘
325,14:39:36,11.6,--,25,29000,卖盘
326,14:39:33,11.6,--,58,67280,卖盘
327,14:39:30,11.6,--,13,15080,卖盘
328,14:39:27,11.6,--,172,199520,卖盘
329,14:39:24,11.6,-0.01,6,6960,卖盘
330,14:39:21,11.61,--,105,121905,买盘
331,14:39:18,11.61,--,30,34830,买盘
332,14:39:15,11.61,--,16,18576,买盘
333,14:39:09,11.61,0.01,1,1161,买盘
334,14:39:06,11.6,--,254,294640,卖盘
335,14:39:03,11.6,--,64,74240,买盘
336,14:39:00,11.6,0.01,21,24360,中性盘
337,14:38:57,11.59,-0.02,49,56791,卖盘
338,14:38:54,11.61,0.02,70,81270,买盘
339,14:38:51,11.59,-0.02,10,11590,卖盘
340,14:38:48,11.61,0.01,30,34830,买盘
341,14:38:45,11.6,--,87,100920,买盘
342,14:38:42,11.6,0.01,2,2320,买盘
343,14:38:39,11.59,-0.01,225,260775,卖盘
344,14:38:36,11.6,0.01,37,42920,买盘
345,14:38:33,11.59,--,79,91561,卖盘
346,14:38:30,11.59,-0.01,66,76494,卖盘
347,14:38:27,11.6,--,10,11600,买盘
348,14:38:24,11.6,0.01,53,61480,买盘
349,14:38:21,11.59,-0.01,23,26657,卖盘
350,14:38:15,11.6,0.01,96,111360,买盘
351,14:38:12,11.59,--,14,16226,卖盘
352,14:38:09,11.59,-0.01,2,2318,卖盘
353,14:38:06,11.6,--,578,670480,买盘
354,14:38:03,11.6,--,53,61480,买盘
355,14:38:00,11.6,0.01,26,30160,买盘
356,14:37:54,11.59,--,52,60268,卖盘
357,14:37:51,11.59,--,328,380152,卖盘
358,14:37:48,11.59,--,14,16226,卖盘
359,14:37:45,11.59,-0.01,27,31293,卖盘
360,14:37:42,11.6,--,307,356421,卖盘
361,14:37:39,11.6,--,8,9280,卖盘
362,14:37:36,11.6,-0.01,14,16240,卖盘
363,14:37:33,11.61,--,3,3483,买盘
364,14:37:30,11.61,--,153,177633,卖盘
365,14:37:27,11.61,--,32,37152,卖盘
366,14:37:24,11.61,-0.01,200,232200,卖盘
367,14:37:21,11.62,--,313,363706,买盘
368,14:37:18,11.62,0.01,137,159194,买盘
369,14:37:15,11.61,--,280,325080,卖盘
370,14:37:12,11.61,--,50,58050,卖盘
371,14:37:09,11.61,0.01,1012,1175791,买盘
372,14:37:06,11.6,--,14,16240,卖盘
373,14:37:03,11.6,-0.01,71,82360,卖盘
374,14:36:54,11.61,0.01,132,153252,卖盘
375,14:36:51,11.6,-0.01,384,445440,卖盘
376,14:36:48,11.61,0.01,74,85914,买盘
377,14:36:45,11.6,-0.01,12,13920,卖盘
378,14:36:42,11.61,--,213,247293,卖盘
379,14:36:39,11.61,--,158,183438,卖盘
380,14:36:36,11.61,--,2,2322,卖盘
381,14:36:33,11.61,--,51,59211,卖盘
382,14:36:30,11.61,--,42,48762,卖盘
383,14:36:27,11.61,-0.01,56,65016,卖盘
384,14:36:21,11.62,--,17,19754,买盘
385,14:36:18,11.62,0.01,15,17430,买盘
386,14:36:15,11.61,--,45,52245,卖盘
387,14:36:12,11.61,-0.01,49,56889,卖盘
388,14:36:09,11.62,--,39,45318,买盘
389,14:36:06,11.62,0.01,49,56937,买盘
390,14:36:03,11.61,--,73,84753,卖盘
391,14:36:00,11.61,--,4,4644,卖盘
392,14:35:57,11.61,-0.01,16,18576,卖盘
393,14:35:54,11.62,--,33,38346,买盘
394,14:35:51,11.62,--,1803,2095085,卖盘
395,14:35:48,11.62,--,91,105742,卖盘
396,14:35:45,11.62,-0.01,12,13943,卖盘
397,14:35:42,11.63,0.01,43,50009,买盘
398,14:35:36,11.62,--,15,17430,卖盘
399,14:35:33,11.62,--,70,81340,卖盘
400,14:35:27,11.62,-0.01,13,15105,卖盘
401,14:35:21,11.63,0.01,3,3489,买盘
402,14:35:18,11.62,--,300,348600,卖盘
403,14:35:15,11.62,-0.01,32,37184,卖盘
404,14:35:12,11.63,0.01,5,5815,买盘
405,14:35:06,11.62,--,26,30211,卖盘
406,14:35:03,11.62,-0.01,106,123171,卖盘
407,14:34:57,11.63,0.01,13,15119,买盘
408,14:34:54,11.62,--,57,66234,卖盘
409,14:34:51,11.62,-0.01,202,234723,卖盘
410,14:34:48,11.63,0.01,34,39542,买盘
411,14:34:45,11.62,--,49,56937,卖盘
412,14:34:42,11.62,-0.01,15,17430,卖盘
413,14:34:39,11.63,--,433,503579,卖盘
414,14:34:36,11.63,--,2,2326,卖盘
415,14:34:33,11.63,--,52,60476,卖盘
416,14:34:30,11.63,--,23,26749,卖盘
417,14:34:27,11.63,--,27,31401,卖盘
418,14:34:24,11.63,--,60,69780,卖盘
419,14:34:21,11.63,--,19,22097,卖盘
420,14:34:18,11.63,--,305,354715,卖盘
421,14:34:15,11.63,--,50,58150,卖盘
422,14:34:12,11.63,--,5,5815,卖盘
423,14:34:09,11.63,0.01,35,40705,买盘
424,14:34:03,11.62,-0.01,54,62747,卖盘
425,14:34:00,11.63,-0.01,1,1163,卖盘
426,14:33:57,11.64,0.01,15,17460,买盘
427,14:33:54,11.63,--,51,59313,卖盘
428,14:33:51,11.63,-0.01,2,2326,卖盘
429,14:33:48,11.64,--,40,46560,买盘
430,14:33:45,11.64,0.01,106,123384,买盘
431,14:33:42,11.63,--,9,10467,卖盘
432,14:33:39,11.63,--,259,301217,卖盘
433,14:33:36,11.63,--,46,53498,卖盘
434,14:33:33,11.63,--,89,103507,卖盘
435,14:33:30,11.63,--,8,9304,卖盘
436,14:33:24,11.63,--,65,75595,卖盘
437,14:33:21,11.63,--,30,34890,卖盘
438,14:33:18,11.63,--,34,39542,卖盘
439,14:33:15,11.63,--,62,72106,卖盘
440,14:33:12,11.63,--,100,116300,卖盘
441,14:33:09,11.63,--,7,8141,卖盘
442,14:33:06,11.63,--,11,12793,卖盘
443,14:33:03,11.63,--,244,283772,卖盘
444,14:32:57,11.63,--,250,290750,卖盘
445,14:32:54,11.63,--,94,109322,卖盘
446,14:32:51,11.63,--,12,13956,卖盘
447,14:32:48,11.63,--,25,29075,卖盘
448,14:32:45,11.63,--,11,12793,卖盘
449,14:32:42,11.63,-0.01,104,120952,卖盘
450,14:32:39,11.64,0.01,193,224652,买盘
451,14:32:36,11.63,--,1,1163,卖盘
452,14:32:33,11.63,--,50,58150,卖盘
453,14:32:30,11.63,-0.01,13,15119,卖盘
454,14:32:21,11.64,0.01,210,244440,买盘
455,14:32:18,11.63,--,12,13956,卖盘
456,14:32:15,11.63,--,51,59313,卖盘
457,14:32:12,11.63,--,17,19771,卖盘
458,14:32:09,11.63,--,53,61639,卖盘
459,14:32:06,11.63,--,2,2326,卖盘
460,14:32:03,11.63,--,51,59313,卖盘
461,14:31:57,11.63,--,77,89551,卖盘
462,14:31:54,11.63,--,49,56987,卖盘
463,14:31:51,11.63,--,1,1163,卖盘
464,14:31:48,11.63,--,30,34890,卖盘
465,14:31:45,11.63,-0.01,32,37216,卖盘
466,14:31:42,11.64,--,29,33756,买盘
467,14:31:36,11.64,0.01,22,25608,买盘
468,14:31:33,11.63,-0.01,18,20934,卖盘
469,14:31:30,11.64,--,10,11640,买盘
470,14:31:27,11.64,--,9,10476,卖盘
471,14:31:24,11.64,--,63,73332,卖盘
472,14:31:21,11.64,-0.01,15,17460,卖盘
473,14:31:18,11.65,0.01,2,2330,买盘
474,14:31:15,11.64,0.01,65,75660,买盘
475,14:31:12,11.63,-0.01,16,18608,卖盘
476,14:31:09,11.64,--,35,40740,买盘
477,14:31:06,11.64,--,57,66348,卖盘
478,14:31:03,11.64,-0.01,15,17460,卖盘
479,14:31:00,11.65,--,466,542890,卖盘
480,14:30:54,11.65,--,50,58250,卖盘
481,14:30:51,11.65,--,99,115335,卖盘
482,14:30:48,11.65,0.01,76,88540,买盘
483,14:30:45,11.64,-0.01,78,90792,卖盘
484,14:30:42,11.65,0.01,55,64075,买盘
485,14:30:39,11.64,-0.01,53,61692,卖盘
486,14:30:36,11.65,--,679,791035,买盘
487,14:30:33,11.65,--,107,124655,买盘
488,14:30:30,11.65,--,22,25630,买盘
489,14:30:27,11.65,--,3,3495,买盘
490,14:30:21,11.65,0.01,30,34950,买盘
491,14:30:18,11.64,-0.01,120,139680,卖盘
492,14:30:15,11.65,0.01,51,59415,买盘
493,14:30:06,11.64,--,13,15132,卖盘
494,14:30:03,11.64,-0.01,109,126876,卖盘
495,14:30:00,11.65,--,172,200380,买盘
496,14:29:57,11.65,0.01,1,1165,买盘
497,14:29:54,11.64,--,62,72168,卖盘
498,14:29:51,11.64,--,100,116400,买盘
499,14:29:48,11.64,0.01,7,8148,买盘
500,14:29:45,11.63,--,97,112811,中性盘
501,14:29:39,11.63,-0.01,20,23260,中性盘
502,14:29:36,11.64,0.02,2201,2561964,买盘
503,14:29:33,11.62,--,63,73206,卖盘
504,14:29:30,11.62,-0.01,120,139440,卖盘
505,14:29:27,11.63,0.01,18,20934,买盘
506,14:29:24,11.62,--,88,102256,卖盘
507,14:29:21,11.62,-0.01,18,20916,卖盘
508,14:29:18,11.63,--,6,6978,买盘
509,14:29:15,11.63,--,170,197710,买盘
510,14:29:12,11.63,0.01,21,24423,买盘
511,14:29:03,11.62,--,62,72044,卖盘
512,14:29:00,11.62,--,18,20916,卖盘
513,14:28:54,11.62,--,52,60423,卖盘
514,14:28:51,11.62,--,204,237047,卖盘
515,14:28:48,11.62,--,249,289338,卖盘
516,14:28:45,11.62,-0.01,49,56937,卖盘
517,14:28:39,11.63,--,25,29075,买盘
518,14:28:36,11.63,0.01,12,13956,买盘
519,14:28:33,11.62,-0.01,33,38346,卖盘
520,14:28:30,11.63,0.01,169,196547,买盘
521,14:28:27,11.62,-0.01,13,15105,卖盘
522,14:28:21,11.63,--,40,46520,买盘
523,14:28:18,11.63,0.01,10,11630,买盘
524,14:28:15,11.62,--,72,83664,卖盘
525,14:28:12,11.62,-0.01,5,5810,卖盘
526,14:28:09,11.63,0.01,47,54661,买盘
527,14:28:06,11.62,-0.01,53,61585,卖盘
528,14:28:03,11.63,--,38,44194,买盘
529,14:28:00,11.63,--,486,565218,卖盘
530,14:27:54,11.63,--,76,88388,卖盘
531,14:27:51,11.63,--,53,61639,卖盘
532,14:27:48,11.63,--,41,47683,卖盘
533,14:27:45,11.63,-0.01,43,50009,卖盘
534,14:27:42,11.64,--,5,5820,买盘
535,14:27:39,11.64,0.01,50,58200,买盘
536,14:27:36,11.63,-0.01,1,1163,卖盘
537,14:27:33,11.64,--,53,61692,买盘
538,14:27:30,11.64,--,1,1164,买盘
539,14:27:24,11.64,0.01,174,202536,买盘
540,14:27:21,11.63,--,15,17445,卖盘
541,14:27:15,11.63,--,168,195384,卖盘
542,14:27:09,11.63,--,16,18608,卖盘
543,14:27:06,11.63,--,42,48846,卖盘
544,14:27:03,11.63,-0.01,13,15119,卖盘
545,14:27:00,11.64,--,415,483060,卖盘
546,14:26:57,11.64,--,11,12804,卖盘
547,14:26:54,11.64,--,344,400416,卖盘
548,14:26:51,11.64,--,25,29100,卖盘
549,14:26:48,11.64,--,132,153648,卖盘
550,14:26:45,11.64,-0.01,1,1164,卖盘
551,14:26:42,11.65,0.01,100,116500,买盘
552,14:26:39,11.64,--,99,115236,卖盘
553,14:26:36,11.64,-0.01,431,501684,卖盘
554,14:26:33,11.65,0.01,82,95530,买盘
555,14:26:27,11.64,-0.01,13,15132,卖盘
556,14:26:24,11.65,--,43,50095,买盘
557,14:26:21,11.65,0.01,56,65240,买盘
558,14:26:15,11.64,-0.01,45,52380,卖盘
559,14:26:09,11.65,0.01,12,13980,买盘
560,14:26:06,11.64,-0.01,14,16296,卖盘
561,14:26:03,11.65,--,11,12815,买盘
562,14:25:57,11.65,--,29,33785,买盘
563,14:25:54,11.65,--,59,68735,买盘
564,14:25:51,11.65,--,281,327365,卖盘
565,14:25:48,11.65,--,16,18640,卖盘
566,14:25:45,11.65,--,102,118830,卖盘
567,14:25:42,11.65,--,14,16310,卖盘
568,14:25:39,11.65,-0.01,116,135140,卖盘
569,14:25:36,11.66,0.01,545,635470,买盘
570,14:25:33,11.65,--,38,44270,买盘
571,14:25:30,11.65,--,13,15145,买盘
572,14:25:27,11.65,--,1,1165,买盘
573,14:25:24,11.65,0.01,268,312220,买盘
574,14:25:21,11.64,-0.01,47,54708,卖盘
575,14:25:18,11.65,0.01,22,25630,买盘
576,14:25:15,11.64,-0.01,88,102432,卖盘
577,14:25:12,11.65,--,51,59415,卖盘
578,14:25:09,11.65,--,23,26795,卖盘
579,14:25:06,11.65,--,100,116500,卖盘
580,14:25:03,11.65,-0.01,56,65240,卖盘
581,14:25:00,11.66,0.01,37,43142,买盘
582,14:24:57,11.65,--,10,11650,卖盘
583,14:24:54,11.65,--,93,108345,卖盘
584,14:24:51,11.65,--,29,33785,卖盘
585,14:24:48,11.65,--,13,15145,卖盘
586,14:24:45,11.65,--,121,140965,卖盘
587,14:24:42,11.65,--,24,28752,买盘
588,14:24:39,11.65,--,162,188730,买盘
589,14:24:36,11.65,0.01,36,41940,买盘
590,14:24:33,11.64,--,9,10476,卖盘
591,14:24:27,11.64,--,279,324756,买盘
592,14:24:24,11.64,0.01,126,146664,买盘
593,14:24:21,11.63,-0.01,8,9304,卖盘
594,14:24:18,11.64,-0.01,3,3492,买盘
595,14:24:15,11.65,0.02,50,58250,买盘
596,14:24:12,11.63,-0.01,30,34890,卖盘
597,14:24:09,11.64,0.01,1013,1179132,中性盘
598,14:24:06,11.63,--,10,11630,卖盘
599,14:24:03,11.63,--,198,230274,卖盘
600,14:23:51,11.63,--,13,15119,卖盘
601,14:23:48,11.63,0.01,120,139560,买盘
602,14:23:45,11.62,-0.01,33,38346,卖盘
603,14:23:42,11.63,--,98,113974,买盘
604,14:23:36,11.63,--,309,359367,卖盘
605,14:23:33,11.63,--,119,138397,卖盘
606,14:23:30,11.63,-0.01,22,25586,卖盘
607,14:23:27,11.64,0.01,18,20952,买盘
608,14:23:24,11.63,--,50,58150,卖盘
609,14:23:21,11.63,--,13,15119,卖盘
610,14:23:18,11.63,-0.02,14,16282,卖盘
611,14:23:15,11.65,0.02,250,291250,买盘
612,14:23:12,11.63,--,24,27912,卖盘
613,14:23:09,11.63,-0.02,13,15119,卖盘
614,14:23:06,11.65,0.02,9,10485,买盘
615,14:23:03,11.63,--,56,65128,卖盘
616,14:22:57,11.63,--,303,352389,买盘
617,14:22:54,11.63,--,52,60476,买盘
618,14:22:51,11.63,--,2,2326,买盘
619,14:22:48,11.63,0.01,7,8141,买盘
620,14:22:45,11.62,-0.01,64,74368,卖盘
621,14:22:42,11.63,0.01,52,60476,买盘
622,14:22:39,11.62,-0.01,340,395080,卖盘
623,14:22:36,11.63,0.01,2028,2358564,买盘
624,14:22:33,11.62,--,179,207998,卖盘
625,14:22:30,11.62,--,10,11620,卖盘
626,14:22:24,11.62,--,74,85988,卖盘
627,14:22:21,11.62,--,11,12782,卖盘
628,14:22:18,11.62,--,522,606564,买盘
629,14:22:15,11.62,--,603,700686,买盘
630,14:22:12,11.62,--,28,32535,买盘
631,14:22:09,11.62,--,277,321874,买盘
632,14:22:06,11.62,--,2,2324,买盘
633,14:22:03,11.62,--,80,92960,买盘
634,14:22:00,11.62,--,26,30211,买盘
635,14:21:54,11.62,--,143,166166,买盘
636,14:21:51,11.62,--,42,48804,买盘
637,14:21:48,11.62,0.01,1,1162,买盘
638,14:21:45,11.61,-0.01,94,109134,卖盘
639,14:21:42,11.62,--,34,39508,买盘
640,14:21:39,11.62,--,24,27887,买盘
641,14:21:36,11.62,0.01,7,8133,买盘
642,14:21:33,11.61,--,75,87075,卖盘
643,14:21:27,11.61,0.01,1340,1556366,买盘
644,14:21:24,11.6,--,109,126440,卖盘
645,14:21:21,11.6,--,12,13920,卖盘
646,14:21:18,11.6,--,267,309720,卖盘
647,14:21:15,11.6,--,18,20880,卖盘
648,14:21:12,11.6,-0.01,2,2320,卖盘
649,14:21:09,11.61,0.01,8,9288,买盘
650,14:21:03,11.6,--,51,59160,卖盘
651,14:21:00,11.6,--,65,75400,买盘
652,14:20:57,11.6,--,141,163560,卖盘
653,14:20:54,11.6,--,52,60320,卖盘
654,14:20:51,11.6,--,50,58000,卖盘
655,14:20:48,11.6,--,10,11600,卖盘
656,14:20:45,11.6,--,23,26680,卖盘
657,14:20:42,11.6,-0.01,3,3480,卖盘
658,14:20:36,11.61,0.01,20,23220,买盘
659,14:20:33,11.6,--,51,59160,卖盘
660,14:20:27,11.6,-0.01,37,42920,卖盘
661,14:20:24,11.61,--,31,35991,买盘
662,14:20:21,11.61,0.01,66,76626,买盘
663,14:20:18,11.6,--,159,184440,卖盘
664,14:20:15,11.6,--,76,88160,卖盘
665,14:20:06,11.6,--,36,41760,卖盘
666,14:20:03,11.6,--,60,69600,卖盘
667,14:20:00,11.6,0.01,66,76560,买盘
668,14:19:57,11.59,-0.01,19,22021,卖盘
669,14:19:54,11.6,--,78,90480,卖盘
670,14:19:51,11.6,--,355,411800,买盘
671,14:19:48,11.6,0.01,11,12760,买盘
672,14:19:45,11.59,-0.01,122,141398,卖盘
673,14:19:39,11.6,--,510,591600,买盘
674,14:19:36,11.6,0.01,1,1160,买盘
675,14:19:33,11.59,--,61,70699,卖盘
676,14:19:30,11.59,0.01,408,472872,买盘
677,14:19:27,11.58,-0.01,306,354348,卖盘
678,14:19:24,11.59,0.01,645,747555,买盘
679,14:19:21,11.58,-0.01,2,2316,卖盘
680,14:19:15,11.59,0.01,125,144875,买盘
681,14:19:12,11.58,--,2,2316,卖盘
682,14:19:09,11.58,--,12,13896,卖盘
683,14:19:06,11.58,--,11,12738,卖盘
684,14:19:03,11.58,-0.01,2,2316,卖盘
685,14:19:00,11.59,0.01,51,59109,买盘
686,14:18:57,11.58,--,39,45162,卖盘
687,14:18:54,11.58,--,71,82218,卖盘
688,14:18:51,11.58,--,396,458568,卖盘
689,14:18:48,11.58,0.01,39,45162,买盘
690,14:18:45,11.57,--,30,34710,卖盘
691,14:18:42,11.57,-0.01,520,601640,卖盘
692,14:18:39,11.58,--,4,4632,买盘
693,14:18:36,11.58,0.01,25,28950,买盘
694,14:18:33,11.57,-0.01,19,21983,卖盘
695,14:18:30,11.58,0.01,33,38214,买盘
696,14:18:27,11.57,-0.01,5,5785,卖盘
697,14:18:24,11.58,--,1940,2246520,卖盘
698,14:18:21,11.58,--,7,8106,卖盘
699,14:18:18,11.58,-0.01,93,107694,卖盘
700,14:18:15,11.59,0.01,21,24339,买盘
701,14:18:12,11.58,-0.01,570,660060,卖盘
702,14:18:09,11.59,0.01,50,57950,买盘
703,14:18:06,11.58,--,50,57900,卖盘
704,14:18:03,11.58,--,58,67164,卖盘
705,14:18:00,11.58,-0.01,269,311502,卖盘
706,14:17:54,11.59,--,1096,1270264,卖盘
707,14:17:51,11.59,-0.02,413,478667,卖盘
708,14:17:48,11.61,0.02,35,40635,买盘
709,14:17:45,11.59,-0.01,182,210938,卖盘
710,14:17:42,11.6,0.01,10,11600,买盘
711,14:17:36,11.59,--,62,71858,卖盘
712,14:17:33,11.59,--,173,200507,卖盘
713,14:17:30,11.59,-0.02,20,23180,卖盘
714,14:17:27,11.61,0.01,60,69660,买盘
715,14:17:24,11.6,--,291,338174,卖盘
716,14:17:21,11.6,-0.01,1392,1614720,卖盘
717,14:17:18,11.61,--,15,17415,买盘
718,14:17:09,11.61,--,1292,1500012,买盘
719,14:17:06,11.61,0.01,300,348300,买盘
720,14:17:03,11.6,-0.01,63,73080,卖盘
721,14:17:00,11.61,--,2,2322,买盘
722,14:16:57,11.61,--,825,958904,卖盘
723,14:16:54,11.61,--,132,153252,卖盘
724,14:16:51,11.61,--,40,46440,卖盘
725,14:16:45,11.61,-0.01,33,38313,卖盘
726,14:16:42,11.62,0.01,5,5810,买盘
727,14:16:36,11.61,--,359,416799,卖盘
728,14:16:33,11.61,--,102,118422,卖盘
729,14:16:30,11.61,-0.01,50,58050,卖盘
730,14:16:27,11.62,--,20,23240,买盘
731,14:16:24,11.62,0.01,57,66234,买盘
732,14:16:21,11.61,--,12,13932,卖盘
733,14:16:18,11.61,--,4,4644,卖盘
734,14:16:12,11.61,--,88,102168,卖盘
735,14:16:09,11.61,-0.01,7,8127,卖盘
736,14:16:06,11.62,0.01,16,18592,买盘
737,14:16:03,11.61,-0.01,82,95202,卖盘
738,14:15:54,11.62,--,15,17430,买盘
739,14:15:51,11.62,--,53,61585,买盘
740,14:15:48,11.62,0.01,1,1162,买盘
741,14:15:45,11.61,-0.01,18,20898,卖盘
742,14:15:42,11.62,--,20,23240,买盘
743,14:15:36,11.62,0.01,2,2324,买盘
744,14:15:33,11.61,--,71,82431,卖盘
745,14:15:30,11.61,-0.01,30,34830,卖盘
746,14:15:27,11.62,--,452,525224,买盘
747,14:15:24,11.62,0.01,207,240533,买盘
748,14:15:21,11.61,--,2,2322,卖盘
749,14:15:15,11.61,--,10,11610,卖盘
750,14:15:12,11.61,-0.01,501,581661,卖盘
751,14:15:06,11.62,0.01,757,879633,买盘
752,14:15:03,11.61,--,54,62694,卖盘
753,14:15:00,11.61,-0.01,1,1161,卖盘
754,14:14:57,11.62,0.01,38,44156,买盘
755,14:14:54,11.61,--,50,58050,卖盘
756,14:14:51,11.61,--,13,15093,卖盘
757,14:14:48,11.61,--,16,18576,卖盘
758,14:14:45,11.61,--,517,600318,买盘
759,14:14:42,11.61,0.01,64,74304,买盘
760,14:14:39,11.6,--,4,4640,卖盘
761,14:14:36,11.6,-0.01,1,1392,卖盘
762,14:14:33,11.61,--,19,22372,买盘
763,14:14:30,11.61,0.01,107,124227,买盘
764,14:14:27,11.6,--,215,249400,卖盘
765,14:14:24,11.6,-0.01,3,3480,卖盘
766,14:14:21,11.61,--,2,2322,买盘
767,14:14:18,11.61,--,226,262386,买盘
768,14:14:15,11.61,--,167,193887,买盘
769,14:14:12,11.61,--,15,17415,买盘
770,14:14:09,11.61,--,92,106812,买盘
771,14:14:06,11.61,0.01,41,47601,买盘
772,14:14:03,11.6,-0.01,204,236640,卖盘
773,14:13:57,11.61,--,78,90558,买盘
774,14:13:54,11.61,0.01,100,116100,买盘
775,14:13:51,11.6,--,207,240120,卖盘
776,14:13:48,11.6,--,31,35960,卖盘
777,14:13:45,11.6,-0.01,31,35960,卖盘
778,14:13:42,11.61,--,72,83592,买盘
779,14:13:39,11.61,0.01,14,16254,买盘
780,14:13:36,11.6,--,3,3480,卖盘
781,14:13:33,11.6,--,103,119480,卖盘
782,14:13:30,11.6,-0.01,2,2320,卖盘
783,14:13:27,11.61,0.01,2,2322,买盘
784,14:13:24,11.6,--,59,68440,卖盘
785,14:13:21,11.6,-0.01,28,32480,卖盘
786,14:13:18,11.61,--,27,31347,买盘
787,14:13:15,11.61,--,21,24381,买盘
788,14:13:12,11.61,--,4,4644,买盘
789,14:13:09,11.61,0.01,20,23220,买盘
790,14:13:06,11.6,--,10,11600,卖盘
791,14:13:03,11.6,-0.01,37,42920,卖盘
792,14:13:00,11.61,--,35,40635,买盘
793,14:12:57,11.61,--,32,37152,买盘
794,14:12:54,11.61,--,350,406350,买盘
795,14:12:51,11.61,--,560,650160,卖盘
796,14:12:48,11.61,--,86,99846,卖盘
797,14:12:45,11.61,-0.01,22,25542,卖盘
798,14:12:42,11.62,--,2,2324,买盘
799,14:12:39,11.62,0.01,26,30211,买盘
800,14:12:36,11.61,--,9,10449,卖盘
801,14:12:33,11.61,--,81,94041,卖盘
802,14:12:30,11.61,-0.01,100,116100,卖盘
803,14:12:27,11.62,0.01,13,15105,买盘
804,14:12:24,11.61,--,50,58050,卖盘
805,14:12:21,11.61,--,13,15093,卖盘
806,14:12:15,11.61,-0.01,6,6966,卖盘
807,14:12:12,11.62,-0.01,13,15105,卖盘
808,14:12:09,11.63,0.02,153,177939,买盘
809,14:12:03,11.61,-0.02,450,522450,卖盘
810,14:12:00,11.63,--,50,58150,买盘
811,14:11:57,11.63,--,64,74432,买盘
812,14:11:54,11.63,0.01,102,118626,买盘
813,14:11:51,11.62,--,106,123171,卖盘
814,14:11:48,11.62,--,23,26726,卖盘
815,14:11:45,11.62,-0.01,85,98770,卖盘
816,14:11:42,11.63,--,60,69780,买盘
817,14:11:36,11.63,0.01,45,52335,买盘
818,14:11:33,11.62,-0.01,22,25564,卖盘
819,14:11:30,11.63,--,1,1163,买盘
820,14:11:27,11.63,--,50,58150,买盘
821,14:11:21,11.63,--,18,20934,卖盘
822,14:11:18,11.63,0.01,3,3489,卖盘
823,14:11:15,11.62,-0.01,60,69720,卖盘
824,14:11:12,11.63,0.01,30,34890,买盘
825,14:11:09,11.62,--,7,8133,卖盘
826,14:11:06,11.62,--,2,2324,卖盘
827,14:11:03,11.62,-0.01,220,255639,卖盘
828,14:11:00,11.63,--,51,59313,买盘
829,14:10:57,11.63,--,186,216318,买盘
830,14:10:54,11.63,--,50,58150,买盘
831,14:10:51,11.63,-0.01,154,179102,买盘
832,14:10:48,11.64,0.01,250,291000,买盘
833,14:10:45,11.63,-0.01,240,280050,卖盘
834,14:10:42,11.64,--,44,51216,买盘
835,14:10:39,11.64,--,80,93120,买盘
836,14:10:36,11.64,0.01,25,29100,买盘
837,14:10:33,11.63,-0.01,22,25586,卖盘
838,14:10:30,11.64,--,58,67512,买盘
839,14:10:27,11.64,--,41,47724,卖盘
840,14:10:24,11.64,0.01,338,393432,买盘
841,14:10:21,11.63,-0.01,11,12793,卖盘
842,14:10:18,11.64,0.01,24,27936,买盘
843,14:10:15,11.63,--,51,59313,卖盘
844,14:10:12,11.63,--,220,255860,卖盘
845,14:10:03,11.63,--,51,59313,卖盘
846,14:10:00,11.63,--,369,429379,买盘
847,14:09:57,11.63,--,20,23260,买盘
848,14:09:54,11.63,--,60,69780,买盘
849,14:09:48,11.63,0.02,1001,1164163,买盘
850,14:09:45,11.61,-0.02,75,87075,卖盘
851,14:09:42,11.63,0.01,22,25586,买盘
852,14:09:39,11.62,--,56,65071,买盘
853,14:09:36,11.62,0.01,52,60423,买盘
854,14:09:33,11.61,-0.01,36,41796,卖盘
855,14:09:30,11.62,--,80,92960,买盘
856,14:09:27,11.62,--,318,369516,买盘
857,14:09:24,11.62,--,4,4648,买盘
858,14:09:21,11.62,0.01,24,27887,买盘
859,14:09:18,11.61,--,10,11610,卖盘
860,14:09:15,11.61,--,1031,1197234,买盘
861,14:09:12,11.61,0.01,423,491103,买盘
862,14:09:09,11.6,--,100,116000,卖盘
863,14:09:06,11.6,--,9,10440,卖盘
864,14:09:03,11.6,-0.01,20,23200,卖盘
865,14:09:00,11.61,0.01,11,12771,买盘
866,14:08:57,11.6,--,5,5800,卖盘
867,14:08:54,11.6,-0.01,145,168200,卖盘
868,14:08:51,11.61,--,380,441180,买盘
869,14:08:48,11.61,0.01,21,24381,买盘
870,14:08:45,11.6,--,81,93960,卖盘
871,14:08:42,11.6,-0.01,229,265640,卖盘
872,14:08:39,11.61,0.01,2,2322,买盘
873,14:08:33,11.6,-0.01,71,82360,卖盘
874,14:08:30,11.61,0.01,186,215946,买盘
875,14:08:27,11.6,--,100,116000,卖盘
876,14:08:24,11.6,--,105,121800,卖盘
877,14:08:21,11.6,--,231,267960,买盘
878,14:08:18,11.6,--,73,84680,买盘
879,14:08:15,11.6,--,45,52200,买盘
880,14:08:12,11.6,-0.01,57,66120,买盘
881,14:08:09,11.61,0.01,100,116100,买盘
882,14:08:06,11.6,--,1123,1303689,卖盘
883,14:08:03,11.6,--,93,107880,卖盘
884,14:08:00,11.6,-0.01,81,93960,卖盘
885,14:07:54,11.61,0.01,144,167184,买盘
886,14:07:51,11.6,--,78,90480,卖盘
887,14:07:48,11.6,--,19,22040,卖盘
888,14:07:45,11.6,--,77,89320,卖盘
889,14:07:42,11.6,0.01,931,1080110,买盘
890,14:07:39,11.59,--,33,38247,卖盘
891,14:07:36,11.59,--,64,74176,卖盘
892,14:07:33,11.59,-0.01,390,452010,卖盘
893,14:07:30,11.6,0.01,96,111360,买盘
894,14:07:27,11.59,-0.01,67,77653,卖盘
895,14:07:24,11.6,0.01,31,35960,买盘
896,14:07:21,11.59,-0.01,432,500688,卖盘
897,14:07:18,11.6,--,127,147320,买盘
898,14:07:15,11.6,--,117,135720,买盘
899,14:07:12,11.6,--,5,5800,买盘
900,14:07:09,11.6,--,17,19720,买盘
901,14:07:06,11.6,0.01,247,286520,买盘
902,14:07:03,11.59,-0.01,2033,2357255,卖盘
903,14:07:00,11.6,-0.01,141,163560,卖盘
904,14:06:57,11.61,0.01,10,11610,买盘
905,14:06:54,11.6,-0.01,64,74240,卖盘
906,14:06:51,11.61,--,17,19737,买盘
907,14:06:48,11.61,0.01,7,8127,买盘
908,14:06:45,11.6,-0.01,159,184440,卖盘
909,14:06:42,11.61,0.01,247,286767,买盘
910,14:06:39,11.6,-0.01,4,4640,卖盘
911,14:06:36,11.61,0.01,10,11610,买盘
912,14:06:33,11.6,--,90,104400,卖盘
913,14:06:30,11.6,-0.02,1772,2055520,卖盘
914,14:06:27,11.62,0.01,120,139440,买盘
915,14:06:24,11.61,--,128,148608,卖盘
916,14:06:21,11.61,-0.01,104,120744,卖盘
917,14:06:18,11.62,--,150,174300,买盘
918,14:06:15,11.62,0.01,80,92960,买盘
919,14:06:12,11.61,--,98,113778,卖盘
920,14:06:09,11.61,--,21,24381,买盘
921,14:06:06,11.61,--,24,27864,买盘
922,14:06:03,11.61,0.01,82,95202,中性盘
923,14:06:00,11.6,--,422,489543,卖盘
924,14:05:57,11.6,--,148,171680,卖盘
925,14:05:54,11.6,0.01,857,994247,买盘
926,14:05:51,11.59,--,63,73017,卖盘
927,14:05:48,11.59,-0.01,8,9272,卖盘
928,14:05:45,11.6,--,214,249272,卖盘
929,14:05:42,11.6,-0.01,19,22040,卖盘
930,14:05:39,11.61,0.01,1459,1693899,买盘
931,14:05:36,11.6,-0.01,96,111360,卖盘
932,14:05:33,11.61,-0.01,85,98685,卖盘
933,14:05:30,11.62,--,98,113875,买盘
934,14:05:27,11.62,--,47,54613,买盘
935,14:05:24,11.62,--,67,77854,买盘
936,14:05:21,11.62,--,4,4648,买盘
937,14:05:18,11.62,--,255,296310,买盘
938,14:05:15,11.62,--,108,125495,买盘
939,14:05:12,11.62,--,218,253315,买盘
940,14:05:09,11.62,--,154,178948,买盘
941,14:05:06,11.62,0.02,10,11620,买盘
942,14:05:03,11.6,-0.01,118,136880,卖盘
943,14:05:00,11.61,0.01,49,56889,买盘
944,14:04:57,11.6,-0.01,32,37120,卖盘
945,14:04:54,11.61,0.01,251,291411,买盘
946,14:04:51,11.6,--,102,118320,卖盘
947,14:04:48,11.6,-0.01,341,395687,卖盘
948,14:04:45,11.61,0.01,687,797607,买盘
949,14:04:42,11.6,--,218,252880,卖盘
950,14:04:39,11.6,--,75,87000,卖盘
951,14:04:36,11.6,--,21,24360,卖盘
952,14:04:33,11.6,--,154,178640,买盘
953,14:04:30,11.6,0.01,162,187920,买盘
954,14:04:27,11.59,-0.01,202,234118,卖盘
955,14:04:24,11.6,0.01,166,192560,买盘
956,14:04:21,11.59,--,1,1159,卖盘
957,14:04:18,11.59,--,57,66063,买盘
958,14:04:15,11.59,-0.01,20,23180,中性盘
959,14:04:12,11.6,0.01,1105,1281800,买盘
960,14:04:09,11.59,--,9,10431,卖盘
961,14:04:06,11.59,--,46,53314,卖盘
962,14:04:03,11.59,0.01,774,897066,买盘
963,14:04:00,11.58,0.01,24,27792,买盘
964,14:03:57,11.57,--,38,43966,卖盘
965,14:03:54,11.57,--,200,231400,买盘
966,14:03:51,11.57,-0.01,146,168922,卖盘
967,14:03:48,11.58,0.01,19,22002,买盘
968,14:03:45,11.57,-0.01,70,80990,卖盘
969,14:03:42,11.58,-0.01,103,119274,卖盘
970,14:03:39,11.59,--,82,95038,买盘
971,14:03:36,11.59,0.01,64,74176,买盘
972,14:03:33,11.58,-0.02,120,138960,卖盘
973,14:03:30,11.6,--,4005,4646542,买盘
974,14:03:27,11.6,0.01,42,48720,买盘
975,14:03:24,11.59,-0.01,65,75335,卖盘
976,14:03:21,11.6,--,396,459360,卖盘
977,14:03:18,11.6,-0.01,11,12760,中性盘
978,14:03:15,11.61,0.02,79,91719,买盘
979,14:03:12,11.59,-0.01,2141,2481419,卖盘
980,14:03:09,11.6,-0.02,2764,3206240,卖盘
981,14:03:06,11.62,0.01,62,72044,买盘
982,14:03:03,11.61,--,824,956664,卖盘
983,14:03:00,11.61,-0.02,44,51084,卖盘
984,14:02:57,11.63,0.02,40,46520,买盘
985,14:02:54,11.61,-0.01,1576,1829736,卖盘
986,14:02:51,11.62,--,321,373002,卖盘
987,14:02:48,11.62,--,600,697200,卖盘
988,14:02:45,11.62,-0.01,61,70882,卖盘
989,14:02:42,11.63,0.01,13,15119,买盘
990,14:02:39,11.62,-0.01,231,268422,卖盘
991,14:02:36,11.63,0.01,46,53498,买盘
992,14:02:33,11.62,-0.01,1,1162,卖盘
993,14:02:30,11.63,0.01,35,40705,中性盘
994,14:02:27,11.62,-0.01,1000,1162000,卖盘
995,14:02:24,11.63,-0.01,107,124441,卖盘
996,14:02:21,11.64,--,248,288672,卖盘
997,14:02:18,11.64,-0.01,1559,1814676,卖盘
998,14:02:15,11.65,0.01,187,217855,买盘
999,14:02:12,11.64,-0.01,167,194388,卖盘
1000,14:02:09,11.65,0.01,117,136305,买盘
1001,14:02:06,11.64,--,18,20952,卖盘
1002,14:02:03,11.64,--,80,93120,卖盘
1003,14:01:57,11.64,-0.01,214,249096,卖盘
1004,14:01:54,11.65,--,32,37280,买盘
1005,14:01:51,11.65,--,227,264629,卖盘
1006,14:01:48,11.65,--,256,298240,卖盘
1007,14:01:45,11.65,--,133,154945,卖盘
1008,14:01:42,11.65,--,2,2330,卖盘
1009,14:01:39,11.65,--,9,10485,卖盘
1010,14:01:36,11.65,--,86,100190,卖盘
1011,14:01:33,11.65,--,58,67570,卖盘
1012,14:01:30,11.65,--,117,136305,卖盘
1013,14:01:27,11.65,--,107,124655,卖盘
1014,14:01:24,11.65,--,178,207370,卖盘
1015,14:01:21,11.65,--,203,236495,卖盘
1016,14:01:15,11.65,--,51,59415,卖盘
1017,14:01:12,11.65,--,18,20970,卖盘
1018,14:01:09,11.65,-0.01,5,5825,卖盘
1019,14:01:06,11.66,0.01,98,114268,买盘
1020,14:01:03,11.65,--,125,145625,卖盘
1021,14:01:00,11.65,-0.01,11,12815,卖盘
1022,14:00:57,11.66,0.01,127,148082,买盘
1023,14:00:54,11.65,--,50,58250,卖盘
1024,14:00:51,11.65,-0.01,9,10485,卖盘
1025,14:00:48,11.66,0.01,70,81620,买盘
1026,14:00:45,11.65,--,61,71065,卖盘
1027,14:00:42,11.65,-0.01,40,46600,卖盘
1028,14:00:39,11.66,--,10,11660,买盘
1029,14:00:36,11.66,0.01,8,9328,买盘
1030,14:00:33,11.65,--,62,72230,卖盘
1031,14:00:30,11.65,-0.01,10,11650,卖盘
1032,14:00:24,11.66,--,12,13992,买盘
1033,14:00:21,11.66,--,150,174900,卖盘
1034,14:00:18,11.66,--,10,11660,卖盘
1035,14:00:15,11.66,--,50,58300,卖盘
1036,14:00:09,11.66,--,26,30316,卖盘
1037,14:00:06,11.66,--,22,25652,卖盘
1038,14:00:03,11.66,--,61,71126,卖盘
1039,14:00:00,11.66,--,1341,1563606,买盘
1040,13:59:57,11.66,0.01,12,13992,买盘
1041,13:59:54,11.65,--,100,116500,卖盘
1042,13:59:51,11.65,--,202,235330,卖盘
1043,13:59:45,11.65,--,103,119995,卖盘
1044,13:59:42,11.65,--,58,67570,卖盘
1045,13:59:39,11.65,-0.01,3,4194,卖盘
1046,13:59:36,11.66,0.01,39,46348,买盘
1047,13:59:33,11.65,--,12,13980,卖盘
1048,13:59:30,11.65,--,179,208535,卖盘
1049,13:59:27,11.65,--,9,10485,卖盘
1050,13:59:24,11.65,--,39,45435,卖盘
1051,13:59:21,11.65,--,342,398430,卖盘
1052,13:59:18,11.65,--,13,15145,卖盘
1053,13:59:15,11.65,--,6,6990,卖盘
1054,13:59:12,11.65,--,44,51260,卖盘
1055,13:59:09,11.65,--,192,223680,卖盘
1056,13:59:06,11.65,--,40,46600,卖盘
1057,13:59:03,11.65,--,12,13980,卖盘
1058,13:59:00,11.65,--,60,69900,卖盘
1059,13:58:57,11.65,-0.01,9,10485,卖盘
1060,13:58:54,11.66,--,22,25652,买盘
1061,13:58:51,11.66,0.01,320,373120,买盘
1062,13:58:48,11.65,--,73,85045,卖盘
1063,13:58:45,11.65,-0.01,302,351830,卖盘
1064,13:58:42,11.66,--,30,34980,买盘
1065,13:58:39,11.66,0.01,94,109604,买盘
1066,13:58:36,11.65,-0.01,23,27668,卖盘
1067,13:58:33,11.66,0.01,196,228536,买盘
1068,13:58:30,11.65,--,158,184070,卖盘
1069,13:58:27,11.65,-0.01,219,255135,卖盘
1070,13:58:24,11.66,0.01,45,52470,买盘
1071,13:58:21,11.65,-0.01,66,76890,卖盘
1072,13:58:18,11.66,--,103,120098,买盘
1073,13:58:15,11.66,--,329,383614,卖盘
1074,13:58:12,11.66,--,171,199386,卖盘
1075,13:58:09,11.66,-0.01,55,64130,卖盘
1076,13:58:06,11.67,0.02,66,77022,买盘
1077,13:58:03,11.65,-0.01,215,250475,卖盘
1078,13:58:00,11.66,--,22,25652,买盘
1079,13:57:57,11.66,0.01,50,58300,买盘
1080,13:57:54,11.65,-0.01,316,368140,卖盘
1081,13:57:51,11.66,--,17,19822,买盘
1082,13:57:48,11.66,--,62,72292,买盘
1083,13:57:45,11.66,--,26,30316,买盘
1084,13:57:42,11.66,--,156,181896,买盘
1085,13:57:39,11.66,0.01,12,13992,买盘
1086,13:57:36,11.65,--,109,127858,卖盘
1087,13:57:33,11.65,--,31,36115,卖盘
1088,13:57:30,11.65,--,66,76890,卖盘
1089,13:57:27,11.65,--,10,11650,卖盘
1090,13:57:21,11.65,--,60,69900,卖盘
1091,13:57:18,11.65,--,90,104850,买盘
1092,13:57:15,11.65,0.01,30,34950,买盘
1093,13:57:12,11.64,--,159,185076,卖盘
1094,13:57:09,11.64,--,313,364332,卖盘
1095,13:57:06,11.64,--,1,1164,卖盘
1096,13:57:03,11.64,-0.01,61,71004,卖盘
1097,13:57:00,11.65,--,20,23300,买盘
1098,13:56:57,11.65,0.01,16,18640,买盘
1099,13:56:54,11.64,--,86,100104,卖盘
1100,13:56:51,11.64,--,83,96612,卖盘
1101,13:56:48,11.64,-0.01,1,1164,卖盘
1102,13:56:45,11.65,--,91,106015,买盘
1103,13:56:42,11.65,--,43,50095,买盘
1104,13:56:39,11.65,--,59,68735,买盘
1105,13:56:36,11.65,-0.01,2628,3061620,卖盘
1106,13:56:33,11.66,--,633,738078,卖盘
1107,13:56:30,11.66,-0.01,954,1112364,卖盘
1108,13:56:27,11.67,--,57,66519,买盘
1109,13:56:21,11.67,0.01,49,57183,买盘
1110,13:56:18,11.66,--,1,1166,卖盘
1111,13:56:15,11.66,-0.01,14,16324,卖盘
1112,13:56:09,11.67,--,1308,1527311,卖盘
1113,13:56:06,11.67,--,12,14004,卖盘
1114,13:56:03,11.67,-0.01,1534,1790493,卖盘
1115,13:56:00,11.68,-0.01,29,33872,卖盘
1116,13:55:57,11.69,0.01,4,4676,买盘
1117,13:55:54,11.68,-0.01,35,40880,卖盘
1118,13:55:51,11.69,--,200,233800,买盘
1119,13:55:48,11.69,0.01,92,107548,买盘
1120,13:55:45,11.68,--,9,10512,卖盘
1121,13:55:42,11.68,--,26,30368,卖盘
1122,13:55:39,11.68,--,10,11680,卖盘
1123,13:55:36,11.68,--,6,7884,卖盘
1124,13:55:33,11.68,-0.01,10,11680,卖盘
1125,13:55:30,11.69,--,24,28056,买盘
1126,13:55:27,11.69,0.01,56,65464,买盘
1127,13:55:21,11.68,-0.01,10,11680,卖盘
1128,13:55:12,11.69,0.01,25,29225,买盘
1129,13:55:09,11.68,-0.01,123,144446,卖盘
1130,13:55:06,11.69,--,4,4676,卖盘
1131,13:55:03,11.69,-0.01,2,2338,卖盘
1132,13:55:00,11.7,0.01,356,416520,买盘
1133,13:54:51,11.69,-0.01,42,49098,卖盘
1134,13:54:48,11.7,0.01,157,184076,买盘
1135,13:54:45,11.69,--,21,24549,买盘
1136,13:54:42,11.69,--,442,517259,买盘
1137,13:54:39,11.69,0.01,14,16366,买盘
1138,13:54:36,11.68,--,120,141036,卖盘
1139,13:54:33,11.68,-0.01,5,5840,卖盘
1140,13:54:30,11.69,--,122,143401,卖盘
1141,13:54:27,11.69,--,35,40915,卖盘
1142,13:54:21,11.69,--,2,2338,卖盘
1143,13:54:18,11.69,--,27,31563,卖盘
1144,13:54:15,11.69,--,30,35070,卖盘
1145,13:54:09,11.69,-0.01,30,35070,卖盘
1146,13:54:06,11.7,0.01,18,21060,买盘
1147,13:54:03,11.69,--,61,71309,卖盘
1148,13:54:00,11.69,--,100,116900,卖盘
1149,13:53:57,11.69,-0.01,6,7014,卖盘
1150,13:53:54,11.7,--,10,11700,买盘
1151,13:53:51,11.7,0.01,7,8189,买盘
1152,13:53:48,11.69,--,22,25718,卖盘
1153,13:53:42,11.69,--,10,11690,卖盘
1154,13:53:36,11.69,--,21,25425,卖盘
1155,13:53:33,11.69,--,28,33410,卖盘
1156,13:53:30,11.69,--,83,97027,卖盘
1157,13:53:27,11.69,0.01,226,264194,买盘
1158,13:53:24,11.68,-0.01,266,310688,卖盘
1159,13:53:21,11.69,-0.01,9,10521,卖盘
1160,13:53:15,11.7,0.01,72,84240,买盘
1161,13:53:12,11.69,0.01,10,11690,买盘
1162,13:53:09,11.68,-0.01,139,162352,卖盘
1163,13:53:03,11.69,-0.01,12,14028,卖盘
1164,13:53:00,11.7,--,24,28080,买盘
1165,13:52:57,11.7,--,108,126359,买盘
1166,13:52:54,11.7,--,68,79560,买盘
1167,13:52:51,11.7,0.01,86,100620,买盘
1168,13:52:48,11.69,0.01,43,50267,买盘
1169,13:52:45,11.68,-0.01,14,16352,卖盘
1170,13:52:42,11.69,--,25,29225,买盘
1171,13:52:39,11.69,0.01,70,81830,买盘
1172,13:52:36,11.68,--,81,95484,卖盘
1173,13:52:33,11.68,-0.01,56,65408,卖盘
1174,13:52:30,11.69,0.01,32,38284,买盘
1175,13:52:27,11.68,--,36,42048,买盘
1176,13:52:24,11.68,0.01,72,84096,买盘
1177,13:52:21,11.67,-0.01,249,290583,卖盘
1178,13:52:18,11.68,--,8,9344,买盘
1179,13:52:15,11.68,0.01,155,181040,买盘
1180,13:52:09,11.67,--,42,49014,卖盘
1181,13:52:06,11.67,--,9,10503,卖盘
1182,13:52:03,11.67,-0.01,20,23340,卖盘
1183,13:52:00,11.68,--,112,130816,买盘
1184,13:51:57,11.68,--,10,11680,买盘
1185,13:51:54,11.68,0.01,5,5840,买盘
1186,13:51:51,11.67,--,60,70020,卖盘
1187,13:51:48,11.67,-0.01,5,5835,卖盘
1188,13:51:45,11.68,--,20,23360,买盘
1189,13:51:42,11.68,--,229,267472,买盘
1190,13:51:36,11.68,0.01,34,40588,买盘
1191,13:51:33,11.67,--,3,3501,卖盘
1192,13:51:30,11.67,-0.01,26,30342,卖盘
1193,13:51:27,11.68,--,330,385440,买盘
1194,13:51:24,11.68,0.01,26,30368,买盘
1195,13:51:21,11.67,--,5,5835,卖盘
1196,13:51:18,11.67,-0.01,10,11670,卖盘
1197,13:51:15,11.68,--,112,131108,卖盘
1198,13:51:12,11.68,--,41,47888,卖盘
1199,13:51:09,11.68,--,31,36208,卖盘
1200,13:51:06,11.68,--,39,45552,卖盘
1201,13:51:03,11.68,-0.01,15,17520,卖盘
1202,13:51:00,11.69,0.01,7,8183,买盘
1203,13:50:57,11.68,-0.01,18,21024,卖盘
1204,13:50:48,11.69,0.01,15,17535,买盘
1205,13:50:45,11.68,--,9,10512,卖盘
1206,13:50:39,11.68,--,11,13724,卖盘
1207,13:50:36,11.68,-0.01,10,11680,卖盘
1208,13:50:33,11.69,--,7,8183,卖盘
1209,13:50:30,11.69,--,218,254842,卖盘
1210,13:50:27,11.69,--,89,104041,卖盘
1211,13:50:24,11.69,--,13,15197,卖盘
1212,13:50:21,11.69,--,1,1169,卖盘
1213,13:50:18,11.69,-0.01,5,5845,卖盘
1214,13:50:15,11.7,0.01,8,9360,买盘
1215,13:50:12,11.69,--,19,22211,卖盘
1216,13:50:09,11.69,--,39,45591,卖盘
1217,13:50:06,11.69,--,22,25718,卖盘
1218,13:50:03,11.69,0.01,2,2338,中性盘
1219,13:50:00,11.68,-0.01,73,85264,卖盘
1220,13:49:57,11.69,--,588,687372,买盘
1221,13:49:51,11.69,--,192,224448,买盘
1222,13:49:48,11.69,--,68,79492,卖盘
1223,13:49:45,11.69,0.01,38,44422,买盘
1224,13:49:39,11.68,--,28,32704,卖盘
1225,13:49:36,11.68,--,1,2044,卖盘
1226,13:49:33,11.68,-0.02,85,99280,卖盘
1227,13:49:30,11.7,0.01,260,304200,买盘
1228,13:49:27,11.69,0.01,90,105210,买盘
1229,13:49:21,11.68,--,4,4672,卖盘
1230,13:49:18,11.68,-0.01,9,10512,卖盘
1231,13:49:15,11.69,0.01,195,227955,买盘
1232,13:49:12,11.68,--,63,73584,卖盘
1233,13:49:09,11.68,--,39,45552,卖盘
1234,13:49:06,11.68,--,385,449680,卖盘
1235,13:49:03,11.68,-0.01,1,1168,卖盘
1236,13:49:00,11.69,--,12,14028,买盘
1237,13:48:57,11.69,0.01,1,1169,买盘
1238,13:48:54,11.68,--,19,22192,卖盘
1239,13:48:51,11.68,--,76,88768,卖盘
1240,13:48:48,11.68,--,228,266304,卖盘
1241,13:48:45,11.68,--,55,64240,卖盘
1242,13:48:42,11.68,--,33,38544,卖盘
1243,13:48:39,11.68,--,19,22192,卖盘
1244,13:48:36,11.68,--,10,12556,卖盘
1245,13:48:33,11.68,--,2,2336,卖盘
1246,13:48:30,11.68,-0.01,39,45552,卖盘
1247,13:48:27,11.69,0.01,8,9352,买盘
1248,13:48:24,11.68,-0.01,207,242722,卖盘
1249,13:48:21,11.69,-0.01,69,80661,卖盘
1250,13:48:18,11.7,0.01,1,1170,买盘
1251,13:48:15,11.69,--,3,3507,卖盘
1252,13:48:12,11.69,--,127,148463,卖盘
1253,13:48:09,11.69,-0.01,40,46760,卖盘
1254,13:48:06,11.7,--,17,19890,买盘
1255,13:48:03,11.7,0.01,23,26910,买盘
1256,13:48:00,11.69,--,61,71531,卖盘
1257,13:47:54,11.69,--,10,11690,卖盘
1258,13:47:51,11.69,0.01,33,38577,卖盘
1259,13:47:45,11.68,-0.01,220,256960,卖盘
1260,13:47:42,11.69,--,20,23380,卖盘
1261,13:47:39,11.69,0.01,454,531602,买盘
1262,13:47:36,11.68,--,5,6716,卖盘
1263,13:47:33,11.68,--,37,43216,卖盘
1264,13:47:27,11.68,--,14,16352,卖盘
1265,13:47:24,11.68,-0.01,1,1168,卖盘
1266,13:47:18,11.69,0.01,37,43253,买盘
1267,13:47:15,11.68,0.01,155,181040,买盘
1268,13:47:12,11.67,--,26,30342,卖盘
1269,13:47:09,11.67,--,136,158712,卖盘
1270,13:47:06,11.67,--,39,45513,卖盘
1271,13:47:03,11.67,--,62,72354,卖盘
1272,13:47:00,11.67,--,149,174758,买盘
1273,13:46:57,11.67,--,46,53682,买盘
1274,13:46:54,11.67,--,77,89859,买盘
1275,13:46:51,11.67,-0.01,1046,1220973,卖盘
1276,13:46:48,11.68,--,53,61904,买盘
1277,13:46:45,11.68,0.01,63,73584,买盘
1278,13:46:42,11.67,--,61,71187,卖盘
1279,13:46:39,11.67,-0.01,20,23340,卖盘
1280,13:46:36,11.68,0.01,37,44092,买盘
1281,13:46:33,11.67,-0.01,87,101529,卖盘
1282,13:46:30,11.68,--,130,151840,买盘
1283,13:46:27,11.68,--,1021,1192528,买盘
1284,13:46:24,11.68,--,3192,3728256,卖盘
1285,13:46:21,11.68,-0.01,75,87600,卖盘
1286,13:46:18,11.69,--,9,10521,买盘
1287,13:46:12,11.69,--,134,156938,卖盘
1288,13:46:09,11.69,--,39,45591,卖盘
1289,13:46:06,11.69,--,25,29225,卖盘
1290,13:46:03,11.69,--,76,88844,卖盘
1291,13:46:00,11.69,--,546,638274,卖盘
1292,13:45:57,11.69,--,4,4676,卖盘
1293,13:45:54,11.69,--,10,11690,卖盘
1294,13:45:51,11.69,--,2,2338,卖盘
1295,13:45:48,11.69,--,204,238476,卖盘
1296,13:45:45,11.69,-0.01,129,150801,卖盘
1297,13:45:42,11.7,0.01,80,93600,买盘
1298,13:45:39,11.69,--,69,80661,卖盘
1299,13:45:36,11.69,--,45,52605,卖盘
1300,13:45:33,11.69,--,28,33608,卖盘
1301,13:45:30,11.69,--,1,1169,卖盘
1302,13:45:27,11.69,-0.01,244,285236,卖盘
1303,13:45:24,11.7,--,148,173160,买盘
1304,13:45:21,11.7,0.01,8,9360,买盘
1305,13:45:18,11.69,--,90,105210,卖盘
1306,13:45:15,11.69,--,31,36239,卖盘
1307,13:45:12,11.69,-0.01,360,421786,卖盘
1308,13:45:09,11.7,--,41,47970,卖盘
1309,13:45:06,11.7,--,211,246869,卖盘
1310,13:45:03,11.7,--,2109,2467530,卖盘
1311,13:44:57,11.7,--,83,97110,卖盘
1312,13:44:54,11.7,--,16,18720,卖盘
1313,13:44:51,11.7,--,317,370890,卖盘
1314,13:44:48,11.7,--,189,221130,卖盘
1315,13:44:45,11.7,--,50,58500,卖盘
1316,13:44:42,11.7,--,186,218134,卖盘
1317,13:44:36,11.7,--,132,155317,卖盘
1318,13:44:33,11.7,--,2,2340,卖盘
1319,13:44:30,11.7,-0.01,9,10530,卖盘
1320,13:44:24,11.71,0.01,11,12881,买盘
1321,13:44:21,11.7,-0.01,9,10530,卖盘
1322,13:44:18,11.71,--,25,29275,买盘
1323,13:44:15,11.71,-0.01,2643,3095573,卖盘
1324,13:44:09,11.72,--,152,178144,买盘
1325,13:44:06,11.72,0.01,37,43364,买盘
1326,13:44:03,11.71,-0.01,1,1171,卖盘
1327,13:44:00,11.72,0.01,18,21096,买盘
1328,13:43:54,11.71,--,218,255278,卖盘
1329,13:43:51,11.71,--,30,35130,卖盘
1330,13:43:48,11.71,--,63,73773,卖盘
1331,13:43:45,11.71,--,35,40985,卖盘
1332,13:43:42,11.71,-0.01,138,161598,卖盘
1333,13:43:39,11.72,0.01,19,22268,买盘
1334,13:43:36,11.71,--,38,45376,卖盘
1335,13:43:33,11.71,--,2,2342,卖盘
1336,13:43:27,11.71,--,9,10539,卖盘
1337,13:43:21,11.71,--,200,234200,卖盘
1338,13:43:15,11.71,--,31,36301,卖盘
1339,13:43:12,11.71,--,1,1171,卖盘
1340,13:43:09,11.71,-0.01,35,40985,卖盘
1341,13:43:06,11.72,0.01,10,11720,买盘
1342,13:43:03,11.71,--,10,11710,卖盘
1343,13:42:51,11.71,-0.01,124,145204,卖盘
1344,13:42:45,11.72,--,20,23440,卖盘
1345,13:42:42,11.72,0.01,12,14064,卖盘
1346,13:42:39,11.71,--,40,46840,卖盘
1347,13:42:36,11.71,-0.01,137,161305,卖盘
1348,13:42:33,11.72,--,11,12892,卖盘
1349,13:42:30,11.72,0.01,204,239404,买盘
1350,13:42:27,11.71,-0.01,1,1171,卖盘
1351,13:42:21,11.72,0.01,4,4688,买盘
1352,13:42:18,11.71,--,67,78457,卖盘
1353,13:42:15,11.71,-0.01,10,11710,卖盘
1354,13:42:12,11.72,0.01,5,5860,买盘
1355,13:42:09,11.71,--,40,46840,卖盘
1356,13:42:03,11.71,-0.01,2,2342,卖盘
1357,13:42:00,11.72,0.01,59,69148,买盘
1358,13:41:57,11.71,--,10,11710,卖盘
1359,13:41:54,11.71,-0.01,45,52695,卖盘
1360,13:41:51,11.72,0.01,2,2344,买盘
1361,13:41:45,11.71,-0.01,9,10539,卖盘
1362,13:41:39,11.72,0.01,36,42192,买盘
1363,13:41:36,11.71,--,14,17272,卖盘
1364,13:41:33,11.71,-0.01,1,1171,卖盘
1365,13:41:27,11.72,--,59,70003,卖盘
1366,13:41:24,11.72,--,9,10548,卖盘
1367,13:41:21,11.72,--,100,117200,卖盘
1368,13:41:12,11.72,--,14,16408,卖盘
1369,13:41:09,11.72,--,40,46880,卖盘
1370,13:41:06,11.72,0.01,81,95248,买盘
1371,13:41:03,11.71,--,11,12881,卖盘
1372,13:41:00,11.71,--,1,1171,卖盘
1373,13:40:54,11.71,-0.01,1,1171,卖盘
1374,13:40:51,11.72,--,15,17580,买盘
1375,13:40:48,11.72,--,5,5860,买盘
1376,13:40:45,11.72,0.01,25,29300,买盘
1377,13:40:39,11.71,-0.01,10,11710,卖盘
1378,13:40:36,11.72,0.01,11,13771,买盘
1379,13:40:33,11.71,--,3,3513,卖盘
1380,13:40:30,11.71,--,8,9368,卖盘
1381,13:40:27,11.71,-0.01,8,9368,卖盘
1382,13:40:21,11.72,--,13,15236,买盘
1383,13:40:18,11.72,--,1915,2245235,卖盘
1384,13:40:12,11.72,--,3,3516,卖盘
1385,13:40:09,11.72,--,32,37504,卖盘
1386,13:40:06,11.72,--,26,30472,卖盘
1387,13:40:03,11.72,-0.01,2,2344,卖盘
1388,13:40:00,11.73,--,11,12903,买盘
1389,13:39:57,11.73,0.01,12,14076,买盘
1390,13:39:54,11.72,--,7,8204,卖盘
1391,13:39:51,11.72,-0.01,7,8204,卖盘
1392,13:39:48,11.73,--,101,118473,买盘
1393,13:39:45,11.73,--,14,16422,买盘
1394,13:39:39,11.73,0.01,50,58650,买盘
1395,13:39:33,11.72,-0.01,35,41020,卖盘
1396,13:39:30,11.73,--,3,3519,买盘
1397,13:39:27,11.73,0.01,3,3519,买盘
1398,13:39:24,11.72,--,87,101964,卖盘
1399,13:39:21,11.72,--,9,10548,卖盘
1400,13:39:12,11.72,--,66,77352,卖盘
1401,13:39:09,11.72,-0.01,1,1172,卖盘
1402,13:39:06,11.73,0.01,6,7038,买盘
1403,13:39:03,11.72,--,2,2344,卖盘
1404,13:39:00,11.72,--,32,37504,卖盘
1405,13:38:57,11.72,--,1,1172,卖盘
1406,13:38:51,11.72,-0.01,31,36332,卖盘
1407,13:38:45,11.73,0.01,1,1173,买盘
1408,13:38:42,11.72,--,1,1172,卖盘
1409,13:38:39,11.72,--,191,223852,卖盘
1410,13:38:33,11.72,--,81,94932,卖盘
1411,13:38:30,11.72,--,1,1172,卖盘
1412,13:38:27,11.72,--,17,19924,卖盘
1413,13:38:24,11.72,-0.01,3,3516,卖盘
1414,13:38:18,11.73,0.01,192,225216,买盘
1415,13:38:15,11.72,--,29,33988,卖盘
1416,13:38:12,11.72,--,3,3516,卖盘
1417,13:38:09,11.72,--,3,3516,卖盘
1418,13:38:06,11.72,--,10,11720,卖盘
1419,13:38:03,11.72,-0.01,147,172284,卖盘
1420,13:38:00,11.73,--,1,1173,买盘
1421,13:37:57,11.73,0.01,9,10557,买盘
1422,13:37:54,11.72,--,10,11720,卖盘
1423,13:37:51,11.72,--,24,28128,卖盘
1424,13:37:45,11.72,--,10,11720,卖盘
1425,13:37:42,11.72,--,7,8204,卖盘
1426,13:37:36,11.72,--,50,58600,卖盘
1427,13:37:33,11.72,--,118,138296,卖盘
1428,13:37:27,11.72,-0.01,10,11720,卖盘
1429,13:37:21,11.73,0.01,59,69207,买盘
1430,13:37:15,11.72,-0.01,27,31644,卖盘
1431,13:37:12,11.73,0.01,3,3519,买盘
1432,13:37:09,11.72,--,11,12892,卖盘
1433,13:37:06,11.72,--,3,3516,卖盘
1434,13:37:03,11.72,--,2,2344,卖盘
1435,13:37:00,11.72,--,20,23440,卖盘
1436,13:36:54,11.72,--,3,3516,卖盘
1437,13:36:51,11.72,--,27,31644,卖盘
1438,13:36:48,11.72,-0.01,9,10548,卖盘
1439,13:36:42,11.73,--,16,18768,买盘
1440,13:36:39,11.73,--,39,45747,买盘
1441,13:36:36,11.73,0.01,23,26979,买盘
1442,13:36:33,11.72,-0.01,22,25784,卖盘
1443,13:36:27,11.73,0.01,61,71553,买盘
1444,13:36:24,11.72,-0.01,38,44536,卖盘
1445,13:36:21,11.73,0.01,2,2346,买盘
1446,13:36:15,11.72,-0.01,10,11720,卖盘
1447,13:36:12,11.73,0.01,25,29325,买盘
1448,13:36:03,11.72,-0.01,9,10548,卖盘
1449,13:36:00,11.73,--,413,484449,买盘
1450,13:35:57,11.73,0.01,1,1173,买盘
1451,13:35:54,11.72,--,11,12892,卖盘
1452,13:35:51,11.72,--,76,89072,卖盘
1453,13:35:42,11.72,-0.01,10,11720,卖盘
1454,13:35:36,11.73,0.01,40,46920,买盘
1455,13:35:33,11.72,-0.01,253,296516,卖盘
1456,13:35:30,11.73,0.01,1,1173,买盘
1457,13:35:21,11.72,-0.01,9,10548,卖盘
1458,13:35:15,11.73,0.01,10,11730,买盘
1459,13:35:09,11.72,-0.01,186,217992,卖盘
1460,13:35:06,11.73,0.01,27,31671,买盘
1461,13:35:03,11.72,-0.01,336,393792,卖盘
1462,13:35:00,11.73,--,13,15249,卖盘
1463,13:34:57,11.73,-0.01,1,1173,卖盘
1464,13:34:54,11.74,--,7,8218,买盘
1465,13:34:51,11.74,0.01,22,25828,买盘
1466,13:34:48,11.73,--,17,19941,卖盘
1467,13:34:39,11.73,--,39,45747,买盘
1468,13:34:36,11.73,0.01,43,50439,买盘
1469,13:34:33,11.72,--,32,37504,卖盘
1470,13:34:30,11.72,-0.01,7,8204,卖盘
1471,13:34:27,11.73,--,120,140760,买盘
1472,13:34:24,11.73,0.01,41,48093,买盘
1473,13:34:15,11.72,-0.01,9,10548,卖盘
1474,13:34:12,11.73,--,4,4692,买盘
1475,13:34:06,11.73,0.01,9,10557,买盘
1476,13:34:03,11.72,-0.01,45,52740,卖盘
1477,13:34:00,11.73,0.01,30,35190,买盘
1478,13:33:57,11.72,-0.01,172,201584,卖盘
1479,13:33:54,11.73,0.01,8,9384,买盘
1480,13:33:51,11.72,-0.01,33,38676,卖盘
1481,13:33:48,11.73,--,47,55131,买盘
1482,13:33:45,11.73,--,1,1173,买盘
1483,13:33:42,11.73,0.01,10,11730,买盘
1484,13:33:33,11.72,--,2,2344,卖盘
1485,13:33:30,11.72,-0.01,9,10548,卖盘
1486,13:33:21,11.73,0.01,29,34017,买盘
1487,13:33:18,11.72,-0.01,272,318784,卖盘
1488,13:33:15,11.73,--,30,35190,卖盘
1489,13:33:12,11.73,--,20,23460,卖盘
1490,13:33:09,11.73,--,13,15249,卖盘
1491,13:33:03,11.73,-0.01,1,1173,卖盘
1492,13:33:00,11.74,--,5,5870,买盘
1493,13:32:57,11.74,0.01,39,45786,买盘
1494,13:32:51,11.73,--,24,28152,卖盘
1495,13:32:45,11.73,--,34,39882,卖盘
1496,13:32:42,11.73,--,3,3519,卖盘
1497,13:32:39,11.73,--,42,49266,卖盘
1498,13:32:36,11.73,--,10,11730,卖盘
1499,13:32:33,11.73,--,2,2346,卖盘
1500,13:32:24,11.73,-0.01,8,9384,卖盘
1501,13:32:21,11.74,0.01,11,12914,买盘
1502,13:32:15,11.73,-0.01,140,164220,卖盘
1503,13:32:06,11.74,0.01,5,5870,买盘
1504,13:32:03,11.73,-0.01,2,2346,中性盘
1505,13:32:00,11.74,0.01,20,23480,买盘
1506,13:31:57,11.73,--,1296,1520923,卖盘
1507,13:31:54,11.73,--,7,8211,卖盘
1508,13:31:51,11.73,-0.01,50,58650,卖盘
1509,13:31:48,11.74,--,100,117400,买盘
1510,13:31:45,11.74,--,4,4696,买盘
1511,13:31:42,11.74,0.01,91,106834,买盘
1512,13:31:39,11.73,--,1,1173,卖盘
1513,13:31:33,11.73,--,5,5865,卖盘
1514,13:31:30,11.73,-0.01,29,34017,卖盘
1515,13:31:21,11.74,0.01,6,7044,买盘
1516,13:31:18,11.73,--,126,148255,买盘
1517,13:31:15,11.73,--,10,11730,买盘
1518,13:31:12,11.73,--,17,19941,买盘
1519,13:31:06,11.73,0.01,9,10557,买盘
1520,13:31:03,11.72,-0.01,5,5860,卖盘
1521,13:31:00,11.73,0.01,6,7038,买盘
1522,13:30:54,11.72,-0.01,11,12892,卖盘
1523,13:30:51,11.73,--,57,66861,买盘
1524,13:30:48,11.73,--,11,12903,买盘
1525,13:30:42,11.73,0.01,51,59823,买盘
1526,13:30:39,11.72,--,1,1172,卖盘
1527,13:30:33,11.72,-0.01,204,239088,卖盘
1528,13:30:30,11.73,--,300,351900,买盘
1529,13:30:24,11.73,0.01,40,46920,买盘
1530,13:30:21,11.72,--,5,5860,卖盘
1531,13:30:09,11.72,--,13,15236,卖盘
1532,13:30:03,11.72,--,2,2344,卖盘
1533,13:29:57,11.72,--,1,1172,卖盘
1534,13:29:51,11.72,--,23,26956,卖盘
1535,13:29:39,11.72,--,6,7032,卖盘
1536,13:29:36,11.72,--,60,70320,卖盘
1537,13:29:33,11.72,--,1,1172,卖盘
1538,13:29:27,11.72,--,34,39848,卖盘
1539,13:29:21,11.72,--,13,15236,卖盘
1540,13:29:15,11.72,--,66,77352,卖盘
1541,13:29:12,11.72,-0.01,32,37504,卖盘
1542,13:29:03,11.73,0.01,152,178296,买盘
1543,13:29:00,11.72,--,1,1172,卖盘
1544,13:28:57,11.72,-0.01,2,2344,卖盘
1545,13:28:54,11.73,0.01,17,19941,买盘
1546,13:28:51,11.72,-0.01,30,35160,卖盘
1547,13:28:42,11.73,0.01,10,11730,买盘
1548,13:28:33,11.72,-0.01,344,403882,卖盘
1549,13:28:30,11.73,--,10,11730,卖盘
1550,13:28:24,11.73,--,65,76245,卖盘
1551,13:28:18,11.73,--,1,1173,卖盘
1552,13:28:15,11.73,--,10,11730,卖盘
1553,13:28:12,11.73,--,1,1173,卖盘
1554,13:28:06,11.73,0.01,54,63799,买盘
1555,13:28:03,11.72,--,13,15236,卖盘
1556,13:27:57,11.72,--,1,1172,卖盘
1557,13:27:54,11.72,-0.01,43,50396,卖盘
1558,13:27:51,11.73,--,325,381225,买盘
1559,13:27:48,11.73,0.01,27,31671,买盘
1560,13:27:33,11.72,-0.01,1,1172,卖盘
1561,13:27:27,11.73,0.01,1,1173,买盘
1562,13:27:24,11.72,--,10,11720,卖盘
1563,13:27:15,11.72,--,2,2344,卖盘
1564,13:27:09,11.72,--,13,15236,卖盘
1565,13:27:03,11.72,--,202,236744,卖盘
1566,13:26:57,11.72,--,30,35160,卖盘
1567,13:26:54,11.72,--,7,8204,卖盘
1568,13:26:51,11.72,--,23,26956,卖盘
1569,13:26:48,11.72,--,2,2344,卖盘
1570,13:26:33,11.72,-0.01,1,1172,卖盘
1571,13:26:27,11.73,0.01,24,28152,买盘
1572,13:26:15,11.72,-0.01,25,29300,卖盘
1573,13:26:12,11.73,--,5,5865,买盘
1574,13:26:03,11.73,--,75,87975,买盘
1575,13:26:00,11.73,0.01,15,17595,买盘
1576,13:25:57,11.72,-0.01,52,60944,卖盘
1577,13:25:54,11.73,0.01,13,15249,买盘
1578,13:25:51,11.72,--,23,26956,卖盘
1579,13:25:42,11.72,--,18,21096,卖盘
1580,13:25:39,11.72,--,11,12892,卖盘
1581,13:25:33,11.72,-0.01,1,1172,卖盘
1582,13:25:27,11.73,--,1,1173,买盘
1583,13:25:21,11.73,--,3,3519,买盘
1584,13:25:15,11.73,--,85,99705,买盘
1585,13:25:12,11.73,--,23,26979,买盘
1586,13:25:06,11.73,0.01,7,8211,买盘
1587,13:25:03,11.72,-0.01,2,2344,卖盘
1588,13:24:57,11.73,0.01,8,9384,买盘
1589,13:24:54,11.72,--,51,59772,卖盘
1590,13:24:51,11.72,-0.01,22,25784,卖盘
1591,13:24:45,11.73,0.01,300,351900,买盘
1592,13:24:33,11.72,-0.01,1,1172,卖盘
1593,13:24:24,11.73,0.01,3,3519,买盘
1594,13:24:18,11.72,--,41,48895,卖盘
1595,13:24:03,11.72,-0.01,1,1172,卖盘
1596,13:24:00,11.73,--,1,1173,买盘
1597,13:23:57,11.73,0.01,1,1173,买盘
1598,13:23:54,11.72,-0.01,6,7032,卖盘
1599,13:23:51,11.73,0.01,61,71553,买盘
1600,13:23:42,11.72,-0.01,15,17580,卖盘
1601,13:23:36,11.73,0.01,301,353073,买盘
1602,13:23:33,11.72,-0.01,2,2344,卖盘
1603,13:23:24,11.73,0.01,3,3519,买盘
1604,13:23:21,11.72,-0.01,1,1172,卖盘
1605,13:23:18,11.73,--,8,9384,买盘
1606,13:23:15,11.73,--,7,8211,买盘
1607,13:23:12,11.73,0.01,22,25806,买盘
1608,13:23:09,11.72,--,34,40492,卖盘
1609,13:23:03,11.72,--,27,31644,卖盘
1610,13:22:57,11.72,-0.01,19,22268,卖盘
1611,13:22:54,11.73,0.01,3,3519,买盘
1612,13:22:51,11.72,--,31,36332,卖盘
1613,13:22:45,11.72,-0.01,19,22268,卖盘
1614,13:22:42,11.73,--,37,43401,买盘
1615,13:22:36,11.73,0.01,30,35190,买盘
1616,13:22:33,11.72,--,2,2344,卖盘
1617,13:22:30,11.72,-0.01,10,11720,卖盘
1618,13:22:27,11.73,0.01,11,12903,买盘
1619,13:22:24,11.72,-0.01,410,480520,卖盘
1620,13:22:21,11.73,--,9,10557,买盘
1621,13:22:15,11.73,--,7,8211,买盘
1622,13:22:09,11.73,--,36,42228,买盘
1623,13:22:06,11.73,0.01,3,3519,买盘
1624,13:22:03,11.72,-0.01,61,71492,卖盘
1625,13:22:00,11.73,0.01,71,83283,买盘
1626,13:21:57,11.72,-0.01,21,24612,卖盘
1627,13:21:51,11.73,0.01,151,177123,买盘
1628,13:21:48,11.72,-0.01,19,22268,卖盘
1629,13:21:45,11.73,--,66,77418,买盘
1630,13:21:39,11.73,--,12,14076,买盘
1631,13:21:36,11.73,0.01,51,59823,买盘
1632,13:21:33,11.72,--,28,32816,卖盘
1633,13:21:24,11.72,--,162,189864,买盘
1634,13:21:21,11.72,0.01,30,35160,买盘
1635,13:21:18,11.71,--,10,11710,卖盘
1636,13:21:15,11.71,--,45,52695,卖盘
1637,13:21:12,11.71,-0.01,2,2342,卖盘
1638,13:21:09,11.72,0.01,25,29300,买盘
1639,13:21:06,11.71,--,30,35130,卖盘
1640,13:21:03,11.71,--,4,4684,卖盘
1641,13:21:00,11.71,--,10,11710,卖盘
1642,13:20:57,11.71,--,1,1171,卖盘
1643,13:20:51,11.71,--,34,39814,卖盘
1644,13:20:45,11.71,-0.01,5,5855,卖盘
1645,13:20:42,11.72,0.01,23,26956,买盘
1646,13:20:39,11.71,--,170,199070,卖盘
1647,13:20:36,11.71,--,15,17565,卖盘
1648,13:20:33,11.71,--,2,2342,卖盘
1649,13:20:30,11.71,-0.01,43,50353,卖盘
1650,13:20:27,11.72,--,50,58600,买盘
1651,13:20:18,11.72,0.01,2,2344,买盘
1652,13:20:09,11.71,--,1,1171,卖盘
1653,13:20:03,11.71,--,1,1171,卖盘
1654,13:19:57,11.71,--,2,2342,卖盘
1655,13:19:54,11.71,-0.01,5,5855,卖盘
1656,13:19:51,11.72,--,33,38676,买盘
1657,13:19:39,11.72,--,9,10548,卖盘
1658,13:19:33,11.72,--,6,7032,卖盘
1659,13:19:24,11.72,--,32,37504,卖盘
1660,13:19:21,11.72,--,41,48052,卖盘
1661,13:19:18,11.72,--,57,66804,卖盘
1662,13:19:15,11.72,--,3,3516,卖盘
1663,13:19:09,11.72,--,152,178144,卖盘
1664,13:19:03,11.72,--,3,3516,卖盘
1665,13:19:00,11.72,-0.01,1,1172,卖盘
1666,13:18:57,11.73,0.01,30,35190,买盘
1667,13:18:54,11.72,--,6,7032,卖盘
1668,13:18:51,11.72,--,37,43364,卖盘
1669,13:18:48,11.72,--,40,46880,卖盘
1670,13:18:33,11.72,-0.01,8,9376,卖盘
1671,13:18:30,11.73,-0.01,224,262752,卖盘
1672,13:18:27,11.74,0.01,60,70440,买盘
1673,13:18:24,11.73,--,27,31671,卖盘
1674,13:18:21,11.73,-0.01,80,93840,卖盘
1675,13:18:18,11.74,0.01,76,89224,买盘
1676,13:18:12,11.73,--,3,3519,卖盘
1677,13:18:03,11.73,-0.01,12,14076,卖盘
1678,13:17:51,11.74,--,72,84528,卖盘
1679,13:17:48,11.74,--,6,7044,卖盘
1680,13:17:45,11.74,--,41,48134,卖盘
1681,13:17:42,11.74,--,1,1174,卖盘
1682,13:17:39,11.74,--,19,22306,卖盘
1683,13:17:33,11.74,--,179,210146,买盘
1684,13:17:18,11.74,--,1,1174,买盘
1685,13:17:15,11.74,--,6,7044,买盘
1686,13:17:09,11.74,0.01,4,4696,买盘
1687,13:17:06,11.73,--,17,19941,卖盘
1688,13:17:03,11.73,--,35,41055,卖盘
1689,13:17:00,11.73,-0.01,50,58650,卖盘
1690,13:16:57,11.74,--,21,24654,买盘
1691,13:16:54,11.74,-0.01,780,915720,卖盘
1692,13:16:51,11.75,0.01,75,88125,买盘
1693,13:16:48,11.74,-0.01,14,16436,卖盘
1694,13:16:42,11.75,0.01,15,17625,买盘
1695,13:16:39,11.74,0.01,350,410900,买盘
1696,13:16:33,11.73,-0.01,1,1173,卖盘
1697,13:16:27,11.74,0.01,2,2348,买盘
1698,13:16:24,11.73,-0.01,6,7038,卖盘
1699,13:16:21,11.74,0.01,5,5870,买盘
1700,13:16:18,11.73,--,219,256887,买盘
1701,13:16:15,11.73,--,31,36363,买盘
1702,13:16:09,11.73,--,6,7038,买盘
1703,13:16:06,11.73,0.01,61,71553,买盘
1704,13:16:03,11.72,-0.01,5,5860,中性盘
1705,13:15:57,11.73,0.01,94,110262,买盘
1706,13:15:54,11.72,--,108,126576,买盘
1707,13:15:51,11.72,--,188,220336,买盘
1708,13:15:48,11.72,--,162,189864,买盘
1709,13:15:45,11.72,0.01,63,73836,买盘
1710,13:15:42,11.71,--,46,53866,卖盘
1711,13:15:39,11.71,-0.01,105,122955,卖盘
1712,13:15:36,11.72,0.01,42,49224,买盘
1713,13:15:33,11.71,--,52,60892,卖盘
1714,13:15:30,11.71,-0.01,124,145204,卖盘
1715,13:15:27,11.72,--,22,25784,买盘
1716,13:15:24,11.72,--,26,30472,买盘
1717,13:15:21,11.72,0.01,371,434812,买盘
1718,13:15:18,11.71,--,447,523437,卖盘
1719,13:15:15,11.71,-0.01,322,377062,卖盘
1720,13:15:12,11.72,--,15,17580,买盘
1721,13:15:09,11.72,--,6,7032,买盘
1722,13:15:06,11.72,0.01,8,9376,买盘
1723,13:15:03,11.71,-0.01,26,30446,卖盘
1724,13:15:00,11.72,0.01,75,87900,买盘
1725,13:14:57,11.71,-0.01,57,66747,卖盘
1726,13:14:54,11.72,0.01,47,55084,买盘
1727,13:14:51,11.71,-0.01,38,44498,卖盘
1728,13:14:45,11.72,--,3,3516,买盘
1729,13:14:42,11.72,0.01,19,22268,买盘
1730,13:14:39,11.71,--,1,1171,卖盘
1731,13:14:36,11.71,--,10,11710,卖盘
1732,13:14:33,11.71,--,1,1171,卖盘
1733,13:14:30,11.71,--,71,83141,卖盘
1734,13:14:27,11.71,--,86,100706,卖盘
1735,13:14:21,11.71,-0.01,10,11710,卖盘
1736,13:14:18,11.72,0.01,72,84384,买盘
1737,13:14:15,11.71,--,73,85483,卖盘
1738,13:14:09,11.71,--,166,194386,卖盘
1739,13:14:03,11.71,--,32,37472,卖盘
1740,13:13:54,11.71,-0.01,10,11710,卖盘
1741,13:13:51,11.72,0.01,24,28128,买盘
1742,13:13:48,11.71,--,135,158085,卖盘
1743,13:13:45,11.71,--,4,4684,卖盘
1744,13:13:42,11.71,--,35,40985,卖盘
1745,13:13:39,11.71,--,266,311486,卖盘
1746,13:13:33,11.71,-0.01,14,16394,卖盘
1747,13:13:30,11.72,0.01,27,31644,买盘
1748,13:13:24,11.71,-0.01,2,2342,卖盘
1749,13:13:21,11.72,--,15,17580,买盘
1750,13:13:18,11.72,0.01,40,46880,买盘
1751,13:13:15,11.71,-0.01,14,16394,卖盘
1752,13:13:12,11.72,0.01,5,5860,买盘
1753,13:13:09,11.71,--,51,59721,卖盘
1754,13:13:03,11.71,-0.01,14,16394,卖盘
1755,13:12:57,11.72,--,12,14064,买盘
1756,13:12:51,11.72,--,10,11720,卖盘
1757,13:12:48,11.72,--,37,43364,卖盘
1758,13:12:42,11.72,-0.01,3,3516,卖盘
1759,13:12:39,11.73,0.01,11,12903,买盘
1760,13:12:36,11.72,--,20,23440,卖盘
1761,13:12:33,11.72,--,1,1172,卖盘
1762,13:12:30,11.72,--,160,187520,卖盘
1763,13:12:27,11.72,--,6,7032,卖盘
1764,13:12:24,11.72,--,3,3516,卖盘
1765,13:12:21,11.72,--,324,379728,卖盘
1766,13:12:15,11.72,-0.01,60,70320,卖盘
1767,13:12:12,11.73,0.01,6,7038,买盘
1768,13:12:09,11.72,--,10,11720,卖盘
1769,13:12:06,11.72,--,50,58600,卖盘
1770,13:12:03,11.72,-0.01,2,2344,卖盘
1771,13:12:00,11.73,0.01,17,19941,买盘
1772,13:11:57,11.72,-0.01,3,3516,卖盘
1773,13:11:54,11.73,0.01,17,19941,买盘
1774,13:11:51,11.72,--,23,26956,卖盘
1775,13:11:45,11.72,--,3,3516,卖盘
1776,13:11:39,11.72,-0.01,8,9376,卖盘
1777,13:11:33,11.73,0.01,223,261579,买盘
1778,13:11:30,11.72,-0.01,4,4688,卖盘
1779,13:11:24,11.73,0.01,31,36363,买盘
1780,13:11:21,11.72,-0.01,40,46880,卖盘
1781,13:11:18,11.73,0.01,2,2346,买盘
1782,13:11:15,11.72,--,50,58600,卖盘
1783,13:11:12,11.72,--,4,4688,卖盘
1784,13:11:09,11.72,--,54,63288,卖盘
1785,13:11:06,11.72,--,10,11720,卖盘
1786,13:11:03,11.72,-0.01,13,15236,卖盘
1787,13:11:00,11.73,0.01,86,100878,买盘
1788,13:10:57,11.72,-0.01,18,21096,卖盘
1789,13:10:54,11.73,0.01,32,37536,买盘
1790,13:10:51,11.72,-0.01,27,31644,卖盘
1791,13:10:39,11.73,0.01,4,4692,买盘
1792,13:10:33,11.72,-0.01,21,24612,卖盘
1793,13:10:30,11.73,0.01,31,36363,买盘
1794,13:10:24,11.72,-0.01,13,15236,卖盘
1795,13:10:18,11.73,0.01,1,1173,买盘
1796,13:10:12,11.72,-0.01,200,234400,卖盘
1797,13:10:09,11.73,0.01,1,1173,买盘
1798,13:10:03,11.72,--,1,1172,卖盘
1799,13:10:00,11.72,-0.01,3,3516,卖盘
1800,13:09:57,11.73,--,21,24633,卖盘
1801,13:09:51,11.73,--,2,2346,卖盘
1802,13:09:48,11.73,--,25,29325,卖盘
1803,13:09:33,11.73,--,28,32844,卖盘
1804,13:09:27,11.73,--,1,1173,卖盘
1805,13:09:24,11.73,--,46,53958,卖盘
1806,13:09:21,11.73,--,10,11730,卖盘
1807,13:09:18,11.73,-0.01,3,3519,卖盘
1808,13:09:15,11.74,0.01,30,35220,买盘
1809,13:09:12,11.73,-0.01,609,714357,卖盘
1810,13:09:06,11.74,0.01,26,30524,买盘
1811,13:09:03,11.73,-0.01,6,7038,卖盘
1812,13:08:54,11.74,0.01,3,3522,买盘
1813,13:08:51,11.73,--,1,1173,卖盘
1814,13:08:48,11.73,--,23,26979,卖盘
1815,13:08:33,11.73,-0.01,24,28152,卖盘
1816,13:08:27,11.74,--,9,10566,买盘
1817,13:08:24,11.74,--,1,1174,买盘
1818,13:08:21,11.74,--,3,3522,买盘
1819,13:08:12,11.74,--,9,10566,买盘
1820,13:08:09,11.74,--,8,9392,买盘
1821,13:08:06,11.74,0.01,15,17610,买盘
1822,13:08:03,11.73,-0.01,1,1173,卖盘
1823,13:07:57,11.74,0.01,6,7044,买盘
1824,13:07:51,11.73,-0.01,53,62169,卖盘
1825,13:07:42,11.74,0.01,12,14088,买盘
1826,13:07:36,11.73,--,54,63342,卖盘
1827,13:07:33,11.73,--,21,24633,卖盘
1828,13:07:21,11.73,-0.01,99,116127,卖盘
1829,13:07:12,11.74,0.01,15,17610,买盘
1830,13:07:09,11.73,--,13,15249,卖盘
1831,13:07:03,11.73,--,1,1173,卖盘
1832,13:07:00,11.73,--,114,133722,买盘
1833,13:06:57,11.73,0.01,112,131376,买盘
1834,13:06:54,11.72,-0.01,48,56256,卖盘
1835,13:06:51,11.73,--,57,66861,买盘
1836,13:06:48,11.73,--,57,66861,买盘
1837,13:06:45,11.73,--,5,5865,买盘
1838,13:06:42,11.73,--,11,12903,买盘
1839,13:06:39,11.73,--,12,14076,买盘
1840,13:06:36,11.73,0.01,51,59823,买盘
1841,13:06:33,11.72,-0.01,18,21096,卖盘
1842,13:06:30,11.73,--,44,51612,买盘
1843,13:06:27,11.73,--,21,24633,买盘
1844,13:06:24,11.73,--,54,63342,买盘
1845,13:06:21,11.73,--,8,9384,买盘
1846,13:06:18,11.73,0.01,8,9384,买盘
1847,13:06:15,11.72,-0.01,27,31644,卖盘
1848,13:06:12,11.73,--,50,58650,买盘
1849,13:06:09,11.73,0.01,13,15249,买盘
1850,13:06:06,11.72,--,1,1172,卖盘
1851,13:06:03,11.72,-0.01,102,120247,卖盘
1852,13:06:00,11.73,0.01,5,5865,买盘
1853,13:05:57,11.72,-0.01,3,3516,卖盘
1854,13:05:54,11.73,0.01,33,38709,买盘
1855,13:05:51,11.72,--,30,35160,卖盘
1856,13:05:48,11.72,-0.01,55,64460,卖盘
1857,13:05:45,11.73,0.01,12,14076,买盘
1858,13:05:42,11.72,-0.01,40,46880,卖盘
1859,13:05:39,11.73,0.01,42,49266,买盘
1860,13:05:33,11.72,--,1,1172,卖盘
1861,13:05:30,11.72,-0.01,39,45708,卖盘
1862,13:05:27,11.73,0.01,28,32844,买盘
1863,13:05:24,11.72,--,44,51568,卖盘
1864,13:05:18,11.72,-0.01,115,134780,卖盘
1865,13:05:15,11.73,0.01,10,11730,买盘
1866,13:05:09,11.72,--,3,3516,卖盘
1867,13:05:03,11.72,--,2,2344,卖盘
1868,13:05:00,11.72,-0.01,150,175800,卖盘
1869,13:04:57,11.73,-0.01,5,5865,中性盘
1870,13:04:51,11.74,0.02,4,4696,买盘
1871,13:04:48,11.72,-0.01,25,29300,卖盘
1872,13:04:45,11.73,--,10,11730,卖盘
1873,13:04:39,11.73,--,20,23460,卖盘
1874,13:04:36,11.73,0.01,20,23460,买盘
1875,13:04:33,11.72,-0.01,2,2344,卖盘
1876,13:04:24,11.73,0.01,1,1173,买盘
1877,13:04:21,11.72,-0.01,19,22268,卖盘
1878,13:04:18,11.73,--,20,23460,买盘
1879,13:04:15,11.73,--,2,2346,买盘
1880,13:04:12,11.73,0.01,2,2346,买盘
1881,13:04:03,11.72,--,2,2344,卖盘
1882,13:04:00,11.72,-0.01,28,32816,卖盘
1883,13:03:54,11.73,0.01,12,14076,买盘
1884,13:03:48,11.72,-0.01,51,59772,卖盘
1885,13:03:45,11.73,--,203,238119,卖盘
1886,13:03:42,11.73,--,21,24633,卖盘
1887,13:03:39,11.73,--,30,35190,卖盘
1888,13:03:36,11.73,0.01,106,124338,买盘
1889,13:03:33,11.72,-0.01,1,1172,卖盘
1890,13:03:27,11.73,--,30,35190,买盘
1891,13:03:21,11.73,--,126,147798,买盘
1892,13:03:18,11.73,--,20,23460,买盘
1893,13:03:06,11.73,--,45,52785,卖盘
1894,13:03:03,11.73,-0.01,2,2346,卖盘
1895,13:02:54,11.74,0.02,22,25828,买盘
1896,13:02:51,11.72,-0.01,19,22268,卖盘
1897,13:02:45,11.73,0.01,9,10557,中性盘
1898,13:02:36,11.72,-0.01,90,105480,卖盘
1899,13:02:33,11.73,0.01,11,12903,买盘
1900,13:02:24,11.72,-0.01,29,33988,卖盘
1901,13:02:18,11.73,--,10,11730,买盘
1902,13:02:15,11.73,--,71,83283,买盘
1903,13:02:12,11.73,--,17,19941,买盘
1904,13:02:09,11.73,--,1,1173,买盘
1905,13:02:03,11.73,--,3,3519,买盘
1906,13:02:00,11.73,0.01,20,23460,买盘
1907,13:01:48,11.72,--,1015,1189732,买盘
1908,13:01:45,11.72,0.01,6,7032,买盘
1909,13:01:42,11.71,-0.01,14,16394,卖盘
1910,13:01:39,11.72,0.01,28,32816,买盘
1911,13:01:33,11.71,--,9,10539,卖盘
1912,13:01:30,11.71,--,5,5855,卖盘
1913,13:01:24,11.71,-0.01,12,14052,卖盘
1914,13:01:18,11.72,0.01,3,3516,买盘
1915,13:01:12,11.71,--,10,11710,卖盘
1916,13:01:06,11.71,--,46,53866,卖盘
1917,13:01:03,11.71,--,2,2342,卖盘
1918,13:01:00,11.71,--,9,10539,卖盘
1919,13:00:51,11.71,--,9,10539,卖盘
1920,13:00:39,11.71,--,13,15223,卖盘
1921,13:00:33,11.71,--,17,19907,卖盘
1922,13:00:30,11.71,-0.01,15,17565,卖盘
1923,13:00:24,11.72,0.01,75,87900,买盘
1924,13:00:21,11.71,--,15,17565,卖盘
1925,13:00:18,11.71,-0.01,25,29275,卖盘
1926,13:00:15,11.72,--,1,1172,买盘
1927,13:00:12,11.72,0.01,10,11720,买盘
1928,13:00:09,11.71,-0.01,29,33959,卖盘
1929,13:00:06,11.72,--,158,185176,买盘
1930,13:00:03,11.72,--,2463,2886636,卖盘
1931,13:00:00,11.72,--,0,0,卖盘
1932,11:30:00,11.72,--,20,23440,卖盘
1933,11:29:54,11.72,-0.01,10,11720,卖盘
1934,11:29:51,11.73,0.01,29,34017,买盘
1935,11:29:48,11.72,--,37,43364,卖盘
1936,11:29:42,11.72,--,20,23440,卖盘
1937,11:29:39,11.72,--,51,59772,卖盘
1938,11:29:36,11.72,--,50,58600,卖盘
1939,11:29:33,11.72,-0.01,10,11720,卖盘
1940,11:29:30,11.73,0.01,4,4692,买盘
1941,11:29:27,11.72,--,32,37504,卖盘
1942,11:29:24,11.72,--,42,49224,卖盘
1943,11:29:21,11.72,-0.01,10,11720,卖盘
1944,11:29:18,11.73,--,11,12903,买盘
1945,11:29:15,11.73,0.01,200,234600,买盘
1946,11:29:12,11.72,--,3,3516,卖盘
1947,11:29:09,11.72,-0.01,9,10548,卖盘
1948,11:29:06,11.73,0.01,6,7038,买盘
1949,11:29:03,11.72,--,10,11720,卖盘
1950,11:29:00,11.72,-0.01,10,11720,卖盘
1951,11:28:57,11.73,--,40,46920,买盘
1952,11:28:51,11.73,--,45,52785,卖盘
1953,11:28:48,11.73,--,34,39882,卖盘
1954,11:28:45,11.73,--,2,2346,卖盘
1955,11:28:39,11.73,--,6,7038,卖盘
1956,11:28:36,11.73,--,41,48093,卖盘
1957,11:28:33,11.73,--,2,2346,卖盘
1958,11:28:30,11.73,--,7,8211,卖盘
1959,11:28:27,11.73,--,17,19941,买盘
1960,11:28:24,11.73,--,50,58650,买盘
1961,11:28:21,11.73,--,80,93840,买盘
1962,11:28:18,11.73,--,30,35190,买盘
1963,11:28:15,11.73,0.01,21,24633,买盘
1964,11:28:12,11.72,--,43,50396,卖盘
1965,11:28:09,11.72,--,14,16408,卖盘
1966,11:28:06,11.72,--,100,117200,卖盘
1967,11:28:03,11.72,--,6,7032,卖盘
1968,11:28:00,11.72,--,10,11720,卖盘
1969,11:27:57,11.72,-0.01,1,1172,卖盘
1970,11:27:54,11.73,0.01,25,29325,买盘
1971,11:27:51,11.72,--,30,35160,卖盘
1972,11:27:48,11.72,--,22,25784,卖盘
1973,11:27:45,11.72,--,205,240260,卖盘
1974,11:27:42,11.72,--,8,9376,卖盘
1975,11:27:39,11.72,--,35,41020,卖盘
1976,11:27:36,11.72,--,800,937600,卖盘
1977,11:27:33,11.72,--,12,14064,卖盘
1978,11:27:30,11.72,--,20,23440,卖盘
1979,11:27:27,11.72,--,151,176972,卖盘
1980,11:27:21,11.72,-0.01,16,18752,卖盘
1981,11:27:18,11.73,0.01,422,495006,买盘
1982,11:27:12,11.72,--,170,199240,卖盘
1983,11:27:09,11.72,--,9,10548,卖盘
1984,11:27:06,11.72,--,110,128920,卖盘
1985,11:27:03,11.72,0.01,169,198068,买盘
1986,11:27:00,11.71,--,4,4684,卖盘
1987,11:26:57,11.71,-0.01,60,70260,卖盘
1988,11:26:54,11.72,--,20,23440,卖盘
1989,11:26:51,11.72,0.01,34,39848,买盘
1990,11:26:48,11.71,-0.01,32,37472,卖盘
1991,11:26:45,11.72,--,33,38676,卖盘
1992,11:26:36,11.72,--,13,15236,卖盘
1993,11:26:33,11.72,--,3,3516,买盘
1994,11:26:30,11.72,0.01,97,113684,买盘
1995,11:26:27,11.71,-0.02,9,10539,卖盘
1996,11:26:24,11.73,0.02,7,8211,买盘
1997,11:26:21,11.71,--,34,39814,卖盘
1998,11:26:15,11.71,-0.03,9,10539,卖盘
1999,11:26:12,11.74,0.03,5,5870,买盘
2000,11:26:06,11.71,-0.02,2000,2342000,卖盘
2001,11:26:03,11.73,--,10,11730,卖盘
2002,11:26:00,11.73,--,4,4692,卖盘
2003,11:25:57,11.73,-0.02,128,150144,卖盘
2004,11:25:54,11.75,0.02,1,1175,买盘
2005,11:25:51,11.73,--,12,14076,卖盘
2006,11:25:48,11.73,-0.01,39,45747,卖盘
2007,11:25:45,11.74,0.01,18,21132,卖盘
2008,11:25:42,11.73,--,18,21114,卖盘
2009,11:25:39,11.73,-0.01,19,22287,卖盘
2010,11:25:36,11.74,0.01,35,41090,中性盘
2011,11:25:33,11.73,--,27,31671,卖盘
2012,11:25:30,11.73,--,126,147798,卖盘
2013,11:25:21,11.73,--,9,10557,卖盘
2014,11:25:09,11.73,--,38,44574,卖盘
2015,11:25:03,11.73,-0.01,1,1173,卖盘
2016,11:25:00,11.74,--,18,21132,卖盘
2017,11:24:57,11.74,--,11,12914,卖盘
2018,11:24:54,11.74,0.01,71,83354,买盘
2019,11:24:48,11.73,--,48,56304,卖盘
2020,11:24:45,11.73,-0.01,18,21114,卖盘
2021,11:24:36,11.74,0.01,24,28176,买盘
2022,11:24:33,11.73,-0.01,32,37536,卖盘
2023,11:24:30,11.74,0.01,7,8218,买盘
2024,11:24:27,11.73,-0.01,182,213486,卖盘
2025,11:24:24,11.74,--,21,24654,买盘
2026,11:24:21,11.74,--,10,11740,买盘
2027,11:24:18,11.74,--,5,5870,买盘
2028,11:24:15,11.74,0.01,12,14088,买盘
2029,11:24:12,11.73,--,7,8211,卖盘
2030,11:24:09,11.73,--,6,7038,卖盘
2031,11:24:06,11.73,--,28,32844,卖盘
2032,11:24:03,11.73,--,11,12903,卖盘
2033,11:24:00,11.73,-0.01,107,125511,卖盘
2034,11:23:54,11.74,0.01,1,1174,买盘
2035,11:23:51,11.73,--,23,26979,卖盘
2036,11:23:48,11.73,-0.01,30,35190,卖盘
2037,11:23:42,11.74,--,22,25828,买盘
2038,11:23:39,11.74,0.01,5,5870,买盘
2039,11:23:36,11.73,--,4,4692,卖盘
2040,11:23:33,11.73,--,52,60996,卖盘
2041,11:23:30,11.73,--,57,66861,卖盘
2042,11:23:27,11.73,-0.01,2,2346,卖盘
2043,11:23:24,11.74,0.01,2,2348,买盘
2044,11:23:21,11.73,--,9,10557,卖盘
2045,11:23:18,11.73,--,9,10557,卖盘
2046,11:23:09,11.73,--,62,72726,卖盘
2047,11:23:03,11.73,--,1,1173,卖盘
2048,11:22:57,11.73,--,9,10557,卖盘
2049,11:22:48,11.73,--,38,44574,卖盘
2050,11:22:45,11.73,-0.01,8,9384,卖盘
2051,11:22:39,11.74,0.01,5,5870,买盘
2052,11:22:36,11.73,--,12,14076,卖盘
2053,11:22:33,11.73,--,73,85629,卖盘
2054,11:22:27,11.73,-0.01,3,3519,卖盘
2055,11:22:24,11.74,--,30,35220,买盘
2056,11:22:21,11.74,0.01,30,35220,买盘
2057,11:22:18,11.73,--,400,469200,卖盘
2058,11:22:15,11.73,--,4,4692,卖盘
2059,11:22:12,11.73,-0.01,9,10557,卖盘
2060,11:22:09,11.74,0.01,10,11740,买盘
2061,11:22:03,11.73,--,11,12903,卖盘
2062,11:22:00,11.73,--,29,34017,卖盘
2063,11:21:57,11.73,--,8,9384,卖盘
2064,11:21:54,11.73,--,3,3519,卖盘
2065,11:21:51,11.73,--,10,11730,卖盘
2066,11:21:48,11.73,--,37,43401,卖盘
2067,11:21:39,11.73,-0.01,13,15249,卖盘
2068,11:21:33,11.74,--,201,235974,买盘
2069,11:21:30,11.74,--,27,31698,买盘
2070,11:21:27,11.74,0.01,13,15262,买盘
2071,11:21:21,11.73,--,3,3519,卖盘
2072,11:21:18,11.73,-0.01,9,10557,卖盘
2073,11:21:15,11.74,--,70,82180,卖盘
2074,11:21:12,11.74,-0.01,25,29350,卖盘
2075,11:21:09,11.75,0.01,18,21150,买盘
2076,11:21:06,11.74,--,9,10566,卖盘
2077,11:21:03,11.74,-0.01,2,2348,卖盘
2078,11:20:57,11.75,0.01,27,31725,买盘
2079,11:20:54,11.74,0.01,88,103312,买盘
2080,11:20:51,11.73,--,10,11730,卖盘
2081,11:20:48,11.73,--,60,70380,卖盘
2082,11:20:45,11.73,-0.01,10,11730,卖盘
2083,11:20:36,11.74,0.01,10,11740,买盘
2084,11:20:33,11.73,-0.01,9,10557,卖盘
2085,11:20:27,11.74,--,13,15262,买盘
2086,11:20:24,11.74,--,30,35220,买盘
2087,11:20:21,11.74,--,55,64570,买盘
2088,11:20:18,11.74,0.01,10,11740,买盘
2089,11:20:15,11.73,--,3,3519,卖盘
2090,11:20:12,11.73,--,42,49266,卖盘
2091,11:20:09,11.73,-0.01,7,8211,卖盘
2092,11:20:06,11.74,0.01,10,11740,买盘
2093,11:20:03,11.73,-0.01,18,21114,卖盘
2094,11:20:00,11.74,-0.01,14,16436,卖盘
2095,11:19:54,11.75,0.02,25,29375,买盘
2096,11:19:51,11.73,--,30,35190,卖盘
2097,11:19:48,11.73,--,52,60996,卖盘
2098,11:19:45,11.73,--,92,107916,卖盘
2099,11:19:42,11.73,--,19,22287,卖盘
2100,11:19:39,11.73,--,10,11730,卖盘
2101,11:19:36,11.73,-0.01,4,4692,卖盘
2102,11:19:33,11.74,--,8,9392,买盘
2103,11:19:27,11.74,0.01,14,16436,买盘
2104,11:19:24,11.73,--,37,43401,卖盘
2105,11:19:21,11.73,--,236,276828,卖盘
2106,11:19:18,11.73,--,9,10557,卖盘
2107,11:19:15,11.73,0.01,191,224277,买盘
2108,11:19:09,11.72,--,106,124232,卖盘
2109,11:19:06,11.72,--,13,15236,卖盘
2110,11:19:03,11.72,-0.01,2,2344,卖盘
2111,11:18:54,11.73,--,41,48093,买盘
2112,11:18:51,11.73,0.01,50,58650,买盘
2113,11:18:48,11.72,-0.01,57,66804,卖盘
2114,11:18:45,11.73,--,49,57477,买盘
2115,11:18:42,11.73,--,325,382163,卖盘
2116,11:18:39,11.73,--,72,84456,卖盘
2117,11:18:33,11.73,-0.01,14,16422,卖盘
2118,11:18:30,11.74,0.01,2,2348,卖盘
2119,11:18:24,11.73,--,98,114954,卖盘
2120,11:18:21,11.73,--,38,44574,卖盘
2121,11:18:18,11.73,--,35,41055,卖盘
2122,11:18:15,11.73,--,838,982974,卖盘
2123,11:18:12,11.73,-0.01,8,9384,卖盘
2124,11:18:09,11.74,--,9,10566,卖盘
2125,11:18:06,11.74,0.01,29,34046,买盘
2126,11:18:03,11.73,--,4,4692,卖盘
2127,11:18:00,11.73,--,10,11730,卖盘
2128,11:17:57,11.73,-0.01,3,3519,卖盘
2129,11:17:51,11.74,0.01,12,14088,买盘
2130,11:17:48,11.73,-0.01,33,38709,卖盘
2131,11:17:39,11.74,0.01,50,58700,买盘
2132,11:17:36,11.73,-0.01,44,51612,卖盘
2133,11:17:33,11.74,0.01,20,23480,卖盘
2134,11:17:27,11.73,-0.02,9,10557,卖盘
2135,11:17:24,11.75,--,304,357200,买盘
2136,11:17:18,11.75,0.01,44,51700,买盘
2137,11:17:15,11.74,--,209,245366,卖盘
2138,11:17:12,11.74,--,2,2348,卖盘
2139,11:17:03,11.74,--,12,14088,卖盘
2140,11:17:00,11.74,--,28,32872,卖盘
2141,11:16:57,11.74,--,3,3522,卖盘
2142,11:16:54,11.74,-0.01,12,14088,卖盘
2143,11:16:51,11.75,0.02,17,19975,买盘
2144,11:16:48,11.73,-0.01,23,26979,卖盘
2145,11:16:45,11.74,-0.01,8,9392,中性盘
2146,11:16:42,11.75,0.02,12,14100,买盘
2147,11:16:39,11.73,-0.02,61,71553,卖盘
2148,11:16:36,11.75,0.01,11,12925,买盘
2149,11:16:33,11.74,--,1,1174,卖盘
2150,11:16:30,11.74,--,204,239496,卖盘
2151,11:16:24,11.74,--,29,34046,卖盘
2152,11:16:21,11.74,--,457,536518,卖盘
2153,11:16:15,11.74,--,146,171404,卖盘
2154,11:16:09,11.74,--,15,17610,卖盘
2155,11:16:06,11.74,--,54,63396,卖盘
2156,11:16:03,11.74,-0.01,12,14088,卖盘
2157,11:16:00,11.75,0.01,15,17625,买盘
2158,11:15:57,11.74,--,165,193710,卖盘
2159,11:15:51,11.74,--,299,351026,卖盘
2160,11:15:48,11.74,-0.01,66,77484,卖盘
2161,11:15:45,11.75,0.01,119,139825,买盘
2162,11:15:42,11.74,-0.01,71,83354,卖盘
2163,11:15:39,11.75,--,4,4700,买盘
2164,11:15:36,11.75,0.01,16,18800,买盘
2165,11:15:33,11.74,-0.01,31,36394,卖盘
2166,11:15:30,11.75,-0.01,20,23500,中性盘
2167,11:15:27,11.76,0.01,92,108192,买盘
2168,11:15:24,11.75,--,15,17625,买盘
2169,11:15:21,11.75,0.01,6,7050,买盘
2170,11:15:18,11.74,-0.01,28,32872,卖盘
2171,11:15:15,11.75,--,31,36895,卖盘
2172,11:15:12,11.75,--,210,246750,卖盘
2173,11:15:09,11.75,--,16,18800,卖盘
2174,11:15:03,11.75,-0.01,9,10575,卖盘
2175,11:14:57,11.76,0.01,20,23520,买盘
2176,11:14:51,11.75,--,21,24675,卖盘
2177,11:14:48,11.75,--,25,29375,卖盘
2178,11:14:45,11.75,--,14,16450,卖盘
2179,11:14:42,11.75,--,12,14100,卖盘
2180,11:14:33,11.75,--,2,2350,卖盘
2181,11:14:30,11.75,--,9,10575,卖盘
2182,11:14:27,11.75,--,254,298450,卖盘
2183,11:14:18,11.75,--,14,16450,卖盘
2184,11:14:09,11.75,--,10,11750,卖盘
2185,11:14:06,11.75,--,9,10575,卖盘
2186,11:14:03,11.75,--,1,1175,卖盘
2187,11:13:57,11.75,--,8,9400,卖盘
2188,11:13:48,11.75,--,20,23500,卖盘
2189,11:13:45,11.75,--,10,11750,卖盘
2190,11:13:42,11.75,--,1,1175,卖盘
2191,11:13:36,11.75,--,47,55225,卖盘
2192,11:13:33,11.75,-0.01,7,8225,卖盘
2193,11:13:30,11.76,--,29,34104,买盘
2194,11:13:24,11.76,--,210,246960,买盘
2195,11:13:21,11.76,--,34,39984,买盘
2196,11:13:18,11.76,0.01,76,89376,买盘
2197,11:13:12,11.75,--,10,11750,卖盘
2198,11:13:03,11.75,--,15,17625,卖盘
2199,11:13:00,11.75,--,58,68150,卖盘
2200,11:12:54,11.75,--,14,16450,卖盘
2201,11:12:51,11.75,--,8,9400,卖盘
2202,11:12:48,11.75,-0.01,78,92355,卖盘
2203,11:12:45,11.76,0.01,1,1176,买盘
2204,11:12:39,11.75,--,9,10575,卖盘
2205,11:12:33,11.75,--,2,2350,卖盘
2206,11:12:30,11.75,-0.01,17,19975,卖盘
2207,11:12:24,11.76,0.01,200,235200,买盘
2208,11:12:21,11.75,--,3,3525,卖盘
2209,11:12:18,11.75,--,10,11750,卖盘
2210,11:12:15,11.75,-0.01,4,4700,卖盘
2211,11:12:09,11.76,0.01,17,19992,买盘
2212,11:12:03,11.75,--,7,8225,卖盘
2213,11:12:00,11.75,-0.01,36,42300,卖盘
2214,11:11:57,11.76,0.01,22,25872,买盘
2215,11:11:48,11.75,--,72,84600,卖盘
2216,11:11:45,11.75,-0.01,10,11750,卖盘
2217,11:11:42,11.76,0.01,22,25872,买盘
2218,11:11:33,11.75,-0.01,10,11750,卖盘
2219,11:11:24,11.76,0.01,33,38808,买盘
2220,11:11:21,11.75,-0.01,3,3525,卖盘
2221,11:11:18,11.76,0.01,16,18816,买盘
2222,11:11:12,11.75,-0.01,13,15275,卖盘
2223,11:11:06,11.76,0.01,1,1176,买盘
2224,11:11:03,11.75,--,12,14100,卖盘
2225,11:11:00,11.75,--,41,48175,卖盘
2226,11:10:57,11.75,--,16,18800,卖盘
2227,11:10:51,11.75,--,211,247925,卖盘
2228,11:10:48,11.75,-0.01,34,39950,卖盘
2229,11:10:42,11.76,0.01,1,1176,买盘
2230,11:10:39,11.75,--,19,22325,卖盘
2231,11:10:36,11.75,--,4,4700,卖盘
2232,11:10:33,11.75,--,1,1175,卖盘
2233,11:10:27,11.75,--,11,12925,卖盘
2234,11:10:21,11.75,-0.01,21,24675,卖盘
2235,11:10:18,11.76,0.01,48,56448,买盘
2236,11:10:15,11.75,--,20,23500,卖盘
2237,11:10:12,11.75,--,39,45825,卖盘
2238,11:10:09,11.75,--,3,3525,卖盘
2239,11:10:06,11.75,--,9,10575,卖盘
2240,11:10:03,11.75,--,32,37600,卖盘
2241,11:09:54,11.75,--,54,63450,卖盘
2242,11:09:48,11.75,--,21,24675,卖盘
2243,11:09:45,11.75,-0.01,9,10575,卖盘
2244,11:09:42,11.76,--,11,12936,买盘
2245,11:09:39,11.76,0.01,3,3528,买盘
2246,11:09:33,11.75,--,25,29375,卖盘
2247,11:09:24,11.75,--,1,1175,卖盘
2248,11:09:21,11.75,--,145,170375,卖盘
2249,11:09:12,11.75,--,1,1175,卖盘
2250,11:09:09,11.75,-0.01,40,47000,卖盘
2251,11:09:06,11.76,0.01,2,2352,买盘
2252,11:09:03,11.75,--,32,37600,卖盘
2253,11:09:00,11.75,--,19,22325,卖盘
2254,11:08:57,11.75,--,1,1175,卖盘
2255,11:08:51,11.75,--,204,239700,卖盘
2256,11:08:48,11.75,--,120,141000,卖盘
2257,11:08:42,11.75,--,44,51700,卖盘
2258,11:08:39,11.75,--,9,10575,卖盘
2259,11:08:36,11.75,--,126,148050,卖盘
2260,11:08:33,11.75,-0.01,28,32900,卖盘
2261,11:08:30,11.76,--,1,1176,卖盘
2262,11:08:27,11.76,--,14,16464,卖盘
2263,11:08:24,11.76,--,10,11760,卖盘
2264,11:08:21,11.76,--,2,2352,卖盘
2265,11:08:15,11.76,--,18,21168,卖盘
2266,11:08:12,11.76,0.01,245,288120,买盘
2267,11:08:09,11.75,--,339,398325,卖盘
2268,11:08:06,11.75,--,13,15275,卖盘
2269,11:08:03,11.75,--,102,119850,卖盘
2270,11:08:00,11.75,--,1,1175,卖盘
2271,11:07:57,11.75,-0.01,3,3525,卖盘
2272,11:07:54,11.76,0.01,114,134064,买盘
2273,11:07:48,11.75,--,29,34075,卖盘
2274,11:07:45,11.75,-0.01,17,19975,卖盘
2275,11:07:42,11.76,--,9,10584,卖盘
2276,11:07:39,11.76,--,281,330456,买盘
2277,11:07:33,11.76,0.01,12,14112,买盘
2278,11:07:30,11.75,--,48,56400,卖盘
2279,11:07:27,11.75,-0.01,1,1175,卖盘
2280,11:07:24,11.76,0.01,288,338688,买盘
2281,11:07:21,11.75,--,8,9400,卖盘
2282,11:07:15,11.75,--,24,28200,卖盘
2283,11:07:09,11.75,--,10,11750,卖盘
2284,11:07:03,11.75,--,30,35250,卖盘
2285,11:07:00,11.75,-0.01,30,35250,卖盘
2286,11:06:54,11.76,--,18,21168,买盘
2287,11:06:51,11.76,0.01,5,5880,买盘
2288,11:06:48,11.75,-0.01,30,35250,卖盘
2289,11:06:45,11.76,0.01,16,18816,买盘
2290,11:06:36,11.75,--,9,10575,卖盘
2291,11:06:33,11.75,-0.01,21,24675,卖盘
2292,11:06:30,11.76,0.01,53,62328,买盘
2293,11:06:27,11.75,-0.01,9,10575,卖盘
2294,11:06:24,11.76,--,3,3528,买盘
2295,11:06:21,11.76,0.01,71,83496,买盘
2296,11:06:15,11.75,--,50,58750,卖盘
2297,11:06:12,11.75,-0.01,6,7050,卖盘
2298,11:06:06,11.76,0.01,5,5880,买盘
2299,11:06:03,11.75,--,56,65800,卖盘
2300,11:06:00,11.75,--,1,1175,卖盘
2301,11:05:57,11.75,--,36,42300,卖盘
2302,11:05:54,11.75,--,9,10575,卖盘
2303,11:05:51,11.75,--,6,7050,卖盘
2304,11:05:48,11.75,--,59,69325,卖盘
2305,11:05:45,11.75,--,3,3525,卖盘
2306,11:05:42,11.75,--,10,11750,卖盘
2307,11:05:33,11.75,--,1,1175,卖盘
2308,11:05:30,11.75,--,12,14100,卖盘
2309,11:05:27,11.75,--,5,5875,卖盘
2310,11:05:24,11.75,--,1,1175,卖盘
2311,11:05:21,11.75,-0.01,39,45825,卖盘
2312,11:05:18,11.76,0.01,72,84672,买盘
2313,11:05:12,11.75,--,8,9400,卖盘
2314,11:05:09,11.75,--,13,15275,卖盘
2315,11:05:03,11.75,--,2,2350,卖盘
2316,11:05:00,11.75,--,1,1175,卖盘
2317,11:04:57,11.75,-0.01,9,10575,卖盘
2318,11:04:51,11.76,0.01,1,1176,买盘
2319,11:04:48,11.75,--,33,38775,卖盘
2320,11:04:45,11.75,--,88,103400,卖盘
2321,11:04:36,11.75,--,40,47000,卖盘
2322,11:04:33,11.75,--,4,4700,卖盘
2323,11:04:27,11.75,--,40,47000,卖盘
2324,11:04:24,11.75,--,14,16450,卖盘
2325,11:04:21,11.75,--,310,364250,卖盘
2326,11:04:12,11.75,-0.01,13,15275,卖盘
2327,11:04:09,11.76,0.01,1,1176,买盘
2328,11:04:06,11.75,--,20,23500,卖盘
2329,11:04:03,11.75,--,11,12925,卖盘
2330,11:04:00,11.75,--,1,1175,卖盘
2331,11:03:57,11.75,--,2,2350,卖盘
2332,11:03:51,11.75,--,10,11750,卖盘
2333,11:03:48,11.75,--,25,29375,卖盘
2334,11:03:45,11.75,0.01,30,35250,买盘
2335,11:03:42,11.74,-0.01,39,45786,卖盘
2336,11:03:39,11.75,--,89,104575,卖盘
2337,11:03:36,11.75,--,1,1175,卖盘
2338,11:03:33,11.75,--,33,38775,卖盘
2339,11:03:30,11.75,--,10,11750,卖盘
2340,11:03:27,11.75,0.01,4,4700,中性盘
2341,11:03:24,11.74,--,64,75370,卖盘
2342,11:03:18,11.74,-0.01,64,75136,卖盘
2343,11:03:12,11.75,0.01,98,115150,买盘
2344,11:03:09,11.74,--,4,4696,卖盘
2345,11:03:06,11.74,--,10,11740,卖盘
2346,11:03:03,11.74,-0.01,1,1174,卖盘
2347,11:02:57,11.75,--,25,29375,买盘
2348,11:02:54,11.75,0.01,2,2350,买盘
2349,11:02:51,11.74,--,1,1174,卖盘
2350,11:02:48,11.74,--,64,75136,卖盘
2351,11:02:45,11.74,--,146,171404,买盘
2352,11:02:42,11.74,--,65,76310,买盘
2353,11:02:39,11.74,--,102,119748,买盘
2354,11:02:36,11.74,0.01,106,124444,买盘
2355,11:02:33,11.73,-0.01,29,34017,卖盘
2356,11:02:30,11.74,--,60,70440,买盘
2357,11:02:27,11.74,0.01,11,12914,买盘
2358,11:02:24,11.73,-0.01,18,21114,卖盘
2359,11:02:21,11.74,0.01,18,21132,买盘
2360,11:02:18,11.73,-0.01,29,34017,卖盘
2361,11:02:15,11.74,--,31,36394,卖盘
2362,11:02:12,11.74,-0.01,42,49308,卖盘
2363,11:02:06,11.75,0.01,17,19975,买盘
2364,11:02:03,11.74,--,17,19958,买盘
2365,11:02:00,11.74,--,13,15262,买盘
2366,11:01:57,11.74,--,5,5870,买盘
2367,11:01:54,11.74,--,39,45786,买盘
2368,11:01:51,11.74,0.01,56,65744,买盘
2369,11:01:48,11.73,-0.01,62,72726,卖盘
2370,11:01:45,11.74,-0.01,46,54004,中性盘
2371,11:01:42,11.75,0.01,74,86950,买盘
2372,11:01:39,11.74,0.01,13,15262,买盘
2373,11:01:36,11.73,--,201,235773,卖盘
2374,11:01:33,11.73,--,9,10557,买盘
2375,11:01:30,11.73,--,108,126684,买盘
2376,11:01:27,11.73,--,683,801159,卖盘
2377,11:01:24,11.73,--,40,46920,卖盘
2378,11:01:18,11.73,--,37,43401,卖盘
2379,11:01:15,11.73,--,18,21114,卖盘
2380,11:01:12,11.73,-0.01,50,58650,卖盘
2381,11:01:09,11.74,0.01,3,3522,买盘
2382,11:01:06,11.73,--,68,79764,卖盘
2383,11:01:03,11.73,--,68,79764,卖盘
2384,11:01:00,11.73,--,8,9384,卖盘
2385,11:00:57,11.73,--,64,75072,卖盘
2386,11:00:54,11.73,0.01,32,37536,中性盘
2387,11:00:48,11.72,-0.02,20,23440,卖盘
2388,11:00:45,11.74,0.01,12,14088,中性盘
2389,11:00:39,11.73,-0.02,32,37536,卖盘
2390,11:00:36,11.75,0.01,128,150400,买盘
2391,11:00:33,11.74,0.01,969,1137606,买盘
2392,11:00:30,11.73,--,128,150144,卖盘
2393,11:00:27,11.73,--,181,212313,卖盘
2394,11:00:24,11.73,-0.01,173,202929,卖盘
2395,11:00:21,11.74,0.01,41,48134,买盘
2396,11:00:18,11.73,--,3,3519,卖盘
2397,11:00:15,11.73,--,40,46920,卖盘
2398,11:00:12,11.73,--,71,83283,卖盘
2399,11:00:09,11.73,--,1,1173,卖盘
2400,11:00:06,11.73,--,15,17595,卖盘
2401,11:00:03,11.73,-0.01,14,16422,卖盘
2402,11:00:00,11.74,0.01,20,23480,买盘
2403,10:59:57,11.73,--,23,26979,卖盘
2404,10:59:54,11.73,--,84,98532,卖盘
2405,10:59:51,11.73,--,99,116127,卖盘
2406,10:59:48,11.73,--,339,397647,卖盘
2407,10:59:45,11.73,-0.01,10,11730,卖盘
2408,10:59:42,11.74,0.01,16,18784,买盘
2409,10:59:39,11.73,--,8,9384,卖盘
2410,10:59:36,11.73,--,213,249849,卖盘
2411,10:59:33,11.73,--,17,19941,卖盘
2412,10:59:30,11.73,-0.01,1,1173,卖盘
2413,10:59:27,11.74,--,25,29350,买盘
2414,10:59:21,11.74,0.01,16,18784,买盘
2415,10:59:18,11.73,--,15,17595,卖盘
2416,10:59:12,11.73,-0.01,110,129030,卖盘
2417,10:59:09,11.74,0.01,3,3522,买盘
2418,10:59:06,11.73,--,9,10557,卖盘
2419,10:59:03,11.73,--,11,12903,卖盘
2420,10:59:00,11.73,--,3,3519,卖盘
2421,10:58:57,11.73,-0.01,18,21114,卖盘
2422,10:58:54,11.74,--,62,72788,买盘
2423,10:58:51,11.74,--,41,48134,卖盘
2424,10:58:48,11.74,--,73,85702,卖盘
2425,10:58:45,11.74,--,13,15262,卖盘
2426,10:58:39,11.74,--,19,22306,卖盘
2427,10:58:36,11.74,--,86,100964,买盘
2428,10:58:33,11.74,0.01,26,30524,中性盘
2429,10:58:30,11.73,--,268,315513,卖盘
2430,10:58:27,11.73,--,1,1173,卖盘
2431,10:58:21,11.73,--,9,10557,卖盘
2432,10:58:18,11.73,-0.01,238,279197,卖盘
2433,10:58:15,11.74,--,3,3522,卖盘
2434,10:58:12,11.74,--,20,23480,卖盘
2435,10:58:09,11.74,--,165,193710,卖盘
2436,10:58:06,11.74,--,36,42264,卖盘
2437,10:58:03,11.74,--,2,2348,卖盘
2438,10:58:00,11.74,--,9,10566,卖盘
2439,10:57:57,11.74,--,14,16436,卖盘
2440,10:57:51,11.74,--,31,36394,卖盘
2441,10:57:48,11.74,--,161,189014,卖盘
2442,10:57:45,11.74,--,8,9392,卖盘
2443,10:57:42,11.74,--,79,92746,卖盘
2444,10:57:39,11.74,--,10,11740,卖盘
2445,10:57:36,11.74,--,12,14088,卖盘
2446,10:57:33,11.74,--,1,1174,卖盘
2447,10:57:30,11.74,--,3,3522,卖盘
2448,10:57:27,11.74,--,1,1174,卖盘
2449,10:57:24,11.74,--,9,10566,卖盘
2450,10:57:15,11.74,-0.01,22,26508,卖盘
2451,10:57:12,11.75,0.01,11,12925,买盘
2452,10:57:09,11.74,--,205,240670,卖盘
2453,10:57:06,11.74,-0.01,6,7044,卖盘
2454,10:57:03,11.75,0.01,12,14100,买盘
2455,10:57:00,11.74,--,116,136184,卖盘
2456,10:56:54,11.74,--,13,15262,卖盘
2457,10:56:51,11.74,--,29,34046,卖盘
2458,10:56:48,11.74,-0.01,22,25828,卖盘
2459,10:56:45,11.75,0.01,32,37600,买盘
2460,10:56:42,11.74,--,58,68092,卖盘
2461,10:56:39,11.74,-0.01,5,5870,卖盘
2462,10:56:36,11.75,0.01,3,3525,买盘
2463,10:56:33,11.74,--,11,12914,卖盘
2464,10:56:30,11.74,-0.01,38,44612,卖盘
2465,10:56:27,11.75,0.01,71,83425,买盘
2466,10:56:24,11.74,-0.01,0,469,卖盘
2467,10:56:21,11.75,0.01,170,199750,买盘
2468,10:56:18,11.74,--,83,97442,卖盘
2469,10:56:12,11.74,--,100,117400,卖盘
2470,10:56:09,11.74,-0.01,8,9392,卖盘
2471,10:56:06,11.75,0.01,2,2350,买盘
2472,10:56:03,11.74,--,143,167882,卖盘
2473,10:56:00,11.74,--,6,7044,卖盘
2474,10:55:57,11.74,--,8,9392,卖盘
2475,10:55:54,11.74,--,10,11740,卖盘
2476,10:55:51,11.74,--,50,58700,卖盘
2477,10:55:48,11.74,--,101,118574,卖盘
2478,10:55:45,11.74,--,22,25828,卖盘
2479,10:55:42,11.74,--,3,3522,卖盘
2480,10:55:39,11.74,--,58,68092,卖盘
2481,10:55:36,11.74,--,11,12914,卖盘
2482,10:55:33,11.74,-0.01,1,1174,卖盘
2483,10:55:30,11.75,--,10,11750,买盘
2484,10:55:27,11.75,0.01,22,25850,买盘
2485,10:55:24,11.74,-0.01,58,68092,卖盘
2486,10:55:15,11.75,--,47,55225,买盘
2487,10:55:09,11.75,--,46,54543,卖盘
2488,10:55:06,11.75,--,140,164500,卖盘
2489,10:55:03,11.75,--,15,17625,卖盘
2490,10:55:00,11.75,-0.01,92,108100,卖盘
2491,10:54:57,11.76,0.01,9,10584,买盘
2492,10:54:51,11.75,--,44,51700,卖盘
2493,10:54:48,11.75,--,25,29375,卖盘
2494,10:54:45,11.75,--,74,86950,卖盘
2495,10:54:42,11.75,--,9,10575,卖盘
2496,10:54:36,11.75,--,113,132775,卖盘
2497,10:54:33,11.75,--,3,3525,卖盘
2498,10:54:30,11.75,--,10,11750,卖盘
2499,10:54:27,11.75,--,9,10575,卖盘
2500,10:54:24,11.75,-0.01,4,4700,卖盘
2501,10:54:21,11.76,0.01,11,12936,买盘
2502,10:54:18,11.75,--,27,32406,买盘
2503,10:54:15,11.75,--,1,1175,买盘
2504,10:54:12,11.75,--,13,15275,买盘
2505,10:54:09,11.75,--,74,86950,买盘
2506,10:54:06,11.75,0.01,2,2350,买盘
2507,10:54:03,11.74,--,29,34046,卖盘
2508,10:53:57,11.74,-0.01,3,3522,卖盘
2509,10:53:54,11.75,0.01,134,157450,买盘
2510,10:53:51,11.74,--,105,123270,卖盘
2511,10:53:48,11.74,--,45,52830,卖盘
2512,10:53:42,11.74,--,20,23480,卖盘
2513,10:53:39,11.74,--,39,45786,买盘
2514,10:53:36,11.74,--,11,12914,买盘
2515,10:53:33,11.74,--,138,162012,卖盘
2516,10:53:27,11.74,--,253,297022,卖盘
2517,10:53:24,11.74,--,62,72788,卖盘
2518,10:53:21,11.74,--,79,92746,卖盘
2519,10:53:18,11.74,--,77,90398,卖盘
2520,10:53:15,11.74,-0.01,1257,1475718,卖盘
2521,10:53:12,11.75,0.01,25,29375,买盘
2522,10:53:09,11.74,--,29,34046,卖盘
2523,10:53:06,11.74,--,46,54004,卖盘
2524,10:53:03,11.74,--,3,3522,卖盘
2525,10:53:00,11.74,--,75,88050,卖盘
2526,10:52:54,11.74,--,10,11740,卖盘
2527,10:52:51,11.74,--,26,30524,卖盘
2528,10:52:48,11.74,--,88,103312,卖盘
2529,10:52:45,11.74,--,45,52830,卖盘
2530,10:52:42,11.74,--,100,117400,卖盘
2531,10:52:39,11.74,--,10,11740,卖盘
2532,10:52:36,11.74,--,298,349852,卖盘
2533,10:52:33,11.74,--,1,1174,卖盘
2534,10:52:30,11.74,--,23,27002,卖盘
2535,10:52:27,11.74,-0.01,29,34046,卖盘
2536,10:52:24,11.75,0.01,1005,1180875,买盘
2537,10:52:21,11.74,-0.01,59,69266,卖盘
2538,10:52:18,11.75,--,260,305993,卖盘
2539,10:52:15,11.75,--,25,29375,卖盘
2540,10:52:09,11.75,-0.01,40,47000,卖盘
2541,10:52:06,11.76,0.01,18,21168,买盘
2542,10:52:03,11.75,-0.01,2,2350,卖盘
2543,10:52:00,11.76,0.01,98,115248,买盘
2544,10:51:57,11.75,--,60,70500,卖盘
2545,10:51:54,11.75,--,21,24675,卖盘
2546,10:51:51,11.75,--,448,526400,卖盘
2547,10:51:48,11.75,--,216,253800,卖盘
2548,10:51:45,11.75,--,19,22325,卖盘
2549,10:51:42,11.75,--,56,65800,卖盘
2550,10:51:39,11.75,--,91,106925,卖盘
2551,10:51:36,11.75,--,201,236175,卖盘
2552,10:51:33,11.75,--,2,2350,卖盘
2553,10:51:30,11.75,--,70,82250,卖盘
2554,10:51:27,11.75,--,68,79900,卖盘
2555,10:51:21,11.75,--,40,47000,卖盘
2556,10:51:18,11.75,--,48,56400,卖盘
2557,10:51:12,11.75,-0.01,38,44650,卖盘
2558,10:51:06,11.76,0.01,168,197568,买盘
2559,10:51:03,11.75,--,226,265550,卖盘
2560,10:51:00,11.75,-0.01,5,5875,卖盘
2561,10:50:54,11.76,0.01,6,7056,买盘
2562,10:50:51,11.75,--,3,3525,卖盘
2563,10:50:48,11.75,--,82,96350,卖盘
2564,10:50:45,11.75,-0.01,332,390100,卖盘
2565,10:50:42,11.76,--,70,82320,卖盘
2566,10:50:39,11.76,-0.01,66,77616,卖盘
2567,10:50:36,11.77,0.01,182,214214,买盘
2568,10:50:33,11.76,--,31,36456,卖盘
2569,10:50:30,11.76,--,480,564480,卖盘
2570,10:50:27,11.76,--,10,11760,卖盘
2571,10:50:24,11.76,-0.01,82,96432,卖盘
2572,10:50:18,11.77,0.01,101,118877,买盘
2573,10:50:15,11.76,--,49,57624,卖盘
2574,10:50:09,11.76,-0.01,52,61152,卖盘
2575,10:50:06,11.77,0.01,10,11770,买盘
2576,10:50:03,11.76,-0.01,5,5880,卖盘
2577,10:50:00,11.77,0.01,5,5885,中性盘
2578,10:49:51,11.76,--,7,8232,卖盘
2579,10:49:48,11.76,-0.01,26,30576,卖盘
2580,10:49:42,11.77,--,21,24717,卖盘
2581,10:49:39,11.77,-0.01,1,1177,卖盘
2582,10:49:36,11.78,0.01,4,4712,买盘
2583,10:49:33,11.77,-0.01,4,4708,卖盘
2584,10:49:30,11.78,0.01,4,4712,买盘
2585,10:49:27,11.77,--,22,25894,卖盘
2586,10:49:24,11.77,--,1,1177,卖盘
2587,10:49:21,11.77,-0.01,42,49434,卖盘
2588,10:49:18,11.78,--,11,12958,买盘
2589,10:49:15,11.78,0.01,150,176700,买盘
2590,10:49:09,11.77,--,16,18832,卖盘
2591,10:49:06,11.77,--,6,7062,卖盘
2592,10:49:03,11.77,--,32,37664,卖盘
2593,10:48:48,11.77,-0.01,23,27071,卖盘
2594,10:48:42,11.78,--,10,11780,买盘
2595,10:48:39,11.78,0.01,17,20026,买盘
2596,10:48:33,11.77,-0.01,2,2354,卖盘
2597,10:48:30,11.78,--,17,20026,买盘
2598,10:48:21,11.78,0.01,30,35340,买盘
2599,10:48:15,11.77,-0.01,35,41195,卖盘
2600,10:48:06,11.78,0.01,1,1178,买盘
2601,10:48:03,11.77,--,1,1177,卖盘
2602,10:48:00,11.77,--,2,2354,卖盘
2603,10:47:57,11.77,0.01,30,35863,买盘
2604,10:47:54,11.76,--,2,2352,卖盘
2605,10:47:51,11.76,--,9,10584,卖盘
2606,10:47:48,11.76,-0.01,19,22344,卖盘
2607,10:47:42,11.77,--,8,10039,卖盘
2608,10:47:39,11.77,--,165,194205,卖盘
2609,10:47:36,11.77,--,3,3531,卖盘
2610,10:47:33,11.77,--,2,2354,卖盘
2611,10:47:30,11.77,--,60,70620,卖盘
2612,10:47:27,11.77,-0.01,653,768581,卖盘
2613,10:47:24,11.78,0.01,40,47120,买盘
2614,10:47:21,11.77,--,107,125939,卖盘
2615,10:47:18,11.77,--,15,17655,卖盘
2616,10:47:15,11.77,--,6,7062,卖盘
2617,10:47:12,11.77,--,9,10593,卖盘
2618,10:47:06,11.77,--,56,65912,卖盘
2619,10:47:03,11.77,--,1,1177,卖盘
2620,10:47:00,11.77,--,10,11770,卖盘
2621,10:46:57,11.77,-0.01,13,15301,卖盘
2622,10:46:54,11.78,0.01,130,153140,买盘
2623,10:46:48,11.77,--,23,27071,卖盘
2624,10:46:45,11.77,-0.01,13,15301,卖盘
2625,10:46:42,11.78,0.01,34,40052,买盘
2626,10:46:39,11.77,-0.01,8,9416,卖盘
2627,10:46:36,11.78,--,55,64790,卖盘
2628,10:46:33,11.78,--,2,2356,卖盘
2629,10:46:27,11.78,--,3,3534,卖盘
2630,10:46:24,11.78,-0.01,16,18848,卖盘
2631,10:46:15,11.79,0.01,10,11790,买盘
2632,10:46:12,11.78,--,13,15314,卖盘
2633,10:46:03,11.78,--,1,1178,卖盘
2634,10:46:00,11.78,-0.01,12,14136,卖盘
2635,10:45:51,11.79,0.01,13,15326,买盘
2636,10:45:48,11.78,-0.01,58,68324,卖盘
2637,10:45:45,11.79,0.01,214,252305,买盘
2638,10:45:42,11.78,--,29,34162,卖盘
2639,10:45:39,11.78,--,24,28272,卖盘
2640,10:45:36,11.78,--,118,139004,卖盘
2641,10:45:33,11.78,-0.01,1,1178,卖盘
2642,10:45:30,11.79,0.01,11,12968,买盘
2643,10:45:27,11.78,--,43,50654,卖盘
2644,10:45:21,11.78,-0.01,3,3534,卖盘
2645,10:45:18,11.79,--,23,27116,买盘
2646,10:45:15,11.79,0.01,4,4716,买盘
2647,10:45:06,11.78,--,16,18848,卖盘
2648,10:45:03,11.78,-0.01,2,2356,卖盘
2649,10:45:00,11.79,0.01,7,8253,买盘
2650,10:44:57,11.78,--,1,1178,卖盘
2651,10:44:54,11.78,--,12,14136,卖盘
2652,10:44:51,11.78,--,9,10602,卖盘
2653,10:44:48,11.78,--,24,28272,卖盘
2654,10:44:42,11.78,--,13,15314,卖盘
2655,10:44:39,11.78,--,1,1178,卖盘
2656,10:44:36,11.78,--,1,1178,卖盘
2657,10:44:33,11.78,--,13,15314,卖盘
2658,10:44:30,11.78,-0.01,68,80104,卖盘
2659,10:44:27,11.79,--,1,1179,买盘
2660,10:44:24,11.79,0.01,4,4716,买盘
2661,10:44:21,11.78,--,13,15314,卖盘
2662,10:44:18,11.78,--,30,35340,卖盘
2663,10:44:15,11.78,-0.01,23,27094,卖盘
2664,10:44:12,11.79,0.01,10,11790,买盘
2665,10:44:09,11.78,--,40,47120,卖盘
2666,10:44:03,11.78,--,2,2356,卖盘
2667,10:44:00,11.78,-0.01,13,15314,卖盘
2668,10:43:57,11.79,--,4,4716,买盘
2669,10:43:48,11.79,--,40,47160,买盘
2670,10:43:45,11.79,0.01,25,29474,买盘
2671,10:43:39,11.78,-0.01,12,14136,卖盘
2672,10:43:36,11.79,0.01,12,14147,买盘
2673,10:43:33,11.78,-0.01,4,4712,卖盘
2674,10:43:30,11.79,0.01,4,4716,买盘
2675,10:43:27,11.78,--,14,16492,卖盘
2676,10:43:21,11.78,--,20,23560,卖盘
2677,10:43:18,11.78,--,52,61256,卖盘
2678,10:43:15,11.78,--,12,14136,卖盘
2679,10:43:12,11.78,--,2,2356,卖盘
2680,10:43:09,11.78,--,4,4712,卖盘
2681,10:43:06,11.78,--,16,18848,卖盘
2682,10:43:03,11.78,--,2,2356,卖盘
2683,10:43:00,11.78,-0.01,27,31806,卖盘
2684,10:42:57,11.79,--,28,33012,买盘
2685,10:42:54,11.79,0.01,34,40086,买盘
2686,10:42:51,11.78,--,50,58900,卖盘
2687,10:42:48,11.78,--,24,28272,卖盘
2688,10:42:42,11.78,-0.01,12,14136,卖盘
2689,10:42:39,11.79,--,4,4716,买盘
2690,10:42:36,11.79,0.01,20,23580,买盘
2691,10:42:33,11.78,--,63,74214,卖盘
2692,10:42:30,11.78,--,35,41230,卖盘
2693,10:42:27,11.78,-0.01,274,322772,卖盘
2694,10:42:21,11.79,--,72,84888,买盘
2695,10:42:18,11.79,0.01,117,137943,买盘
2696,10:42:09,11.78,-0.01,13,15314,卖盘
2697,10:42:06,11.79,0.01,5,5895,买盘
2698,10:42:03,11.78,-0.01,12,14136,卖盘
2699,10:42:00,11.79,0.01,32,37728,买盘
2700,10:41:57,11.78,--,14,16492,卖盘
2701,10:41:48,11.78,--,57,67146,卖盘
2702,10:41:45,11.78,0.01,9,10602,中性盘
2703,10:41:36,11.77,-0.02,33,38841,卖盘
2704,10:41:33,11.79,0.01,12,14147,买盘
2705,10:41:30,11.78,--,4,4712,买盘
2706,10:41:27,11.78,-0.01,34,40052,卖盘
2707,10:41:24,11.79,0.01,4,4716,买盘
2708,10:41:15,11.78,--,12,14136,卖盘
2709,10:41:12,11.78,--,97,114266,卖盘
2710,10:41:09,11.78,--,3,3534,买盘
2711,10:41:06,11.78,0.01,15,17670,买盘
2712,10:41:03,11.77,-0.01,23,27071,卖盘
2713,10:41:00,11.78,--,3,3534,买盘
2714,10:40:57,11.78,0.01,15,17670,买盘
2715,10:40:54,11.77,-0.01,58,68266,卖盘
2716,10:40:51,11.78,--,26,30628,买盘
2717,10:40:48,11.78,--,63,74214,买盘
2718,10:40:45,11.78,0.01,10,11780,买盘
2719,10:40:42,11.77,-0.01,13,15301,卖盘
2720,10:40:39,11.78,--,11,12958,买盘
2721,10:40:36,11.78,0.01,46,54188,买盘
2722,10:40:33,11.77,--,44,51788,卖盘
2723,10:40:30,11.77,-0.01,11,12947,卖盘
2724,10:40:27,11.78,0.01,16,18848,买盘
2725,10:40:21,11.77,-0.01,24,28248,卖盘
2726,10:40:18,11.78,0.01,22,25916,买盘
2727,10:40:09,11.77,-0.01,14,16478,卖盘
2728,10:40:06,11.78,0.01,9,10602,买盘
2729,10:40:03,11.77,-0.01,34,40018,卖盘
2730,10:40:00,11.78,0.01,21,24738,买盘
2731,10:39:48,11.77,-0.01,63,74151,卖盘
2732,10:39:45,11.78,0.01,94,110732,买盘
2733,10:39:39,11.77,-0.01,10,11770,卖盘
2734,10:39:36,11.78,--,20,23560,买盘
2735,10:39:33,11.78,--,2,2356,买盘
2736,10:39:30,11.78,-0.01,74,87172,卖盘
2737,10:39:27,11.79,0.01,1,1179,买盘
2738,10:39:24,11.78,--,66,77748,卖盘
2739,10:39:21,11.78,--,12,14136,卖盘
2740,10:39:18,11.78,--,62,73036,卖盘
2741,10:39:15,11.78,--,12,14136,卖盘
2742,10:39:09,11.78,--,15,17670,卖盘
2743,10:39:03,11.78,-0.01,55,64790,卖盘
2744,10:39:00,11.79,0.01,1000,1179000,买盘
2745,10:38:51,11.78,--,13,15314,卖盘
2746,10:38:48,11.78,--,22,25916,卖盘
2747,10:38:45,11.78,--,155,182590,卖盘
2748,10:38:42,11.78,--,55,64790,卖盘
2749,10:38:39,11.78,--,10,11780,卖盘
2750,10:38:36,11.78,-0.01,5,5890,卖盘
2751,10:38:33,11.79,0.01,19,22401,买盘
2752,10:38:30,11.78,--,31,36518,卖盘
2753,10:38:27,11.78,-0.01,1,1178,卖盘
2754,10:38:24,11.79,--,17,20043,买盘
2755,10:38:21,11.79,0.01,108,127331,买盘
2756,10:38:18,11.78,--,31,36518,卖盘
2757,10:38:15,11.78,--,1,1178,卖盘
2758,10:38:12,11.78,--,18,21204,卖盘
2759,10:38:09,11.78,-0.01,12,14136,卖盘
2760,10:38:06,11.79,0.01,12,14147,买盘
2761,10:38:03,11.78,--,1,1178,卖盘
2762,10:38:00,11.78,--,4,4712,卖盘
2763,10:37:57,11.78,--,40,47120,买盘
2764,10:37:51,11.78,0.01,20,23560,中性盘
2765,10:37:48,11.77,-0.02,21,24717,卖盘
2766,10:37:45,11.79,--,21,25289,买盘
2767,10:37:42,11.79,0.01,4,4716,买盘
2768,10:37:39,11.78,--,30,35340,卖盘
2769,10:37:36,11.78,--,15,17670,卖盘
2770,10:37:33,11.78,--,25,29450,卖盘
2771,10:37:24,11.78,-0.01,19,22382,卖盘
2772,10:37:18,11.79,0.01,1,1179,买盘
2773,10:37:15,11.78,--,9,10602,卖盘
2774,10:37:12,11.78,--,18,21204,卖盘
2775,10:37:09,11.78,--,61,71858,卖盘
2776,10:37:03,11.78,0.01,327,385206,买盘
2777,10:36:51,11.77,--,13,15301,卖盘
2778,10:36:48,11.77,--,22,25894,卖盘
2779,10:36:45,11.77,--,5,6979,卖盘
2780,10:36:42,11.77,--,30,35310,卖盘
2781,10:36:39,11.77,--,38,44726,卖盘
2782,10:36:33,11.77,--,8,9416,卖盘
2783,10:36:30,11.77,--,26,30602,卖盘
2784,10:36:18,11.77,--,14,16478,卖盘
2785,10:36:06,11.77,--,61,71797,卖盘
2786,10:36:03,11.77,--,1,1177,卖盘
2787,10:35:54,11.77,--,16,18832,卖盘
2788,10:35:48,11.77,--,36,42701,卖盘
2789,10:35:45,11.77,--,18,21186,卖盘
2790,10:35:42,11.77,--,76,89452,卖盘
2791,10:35:39,11.77,-0.01,51,61133,卖盘
2792,10:35:36,11.78,--,2,2356,买盘
2793,10:35:33,11.78,0.01,20,23560,买盘
2794,10:35:27,11.77,--,1,1177,卖盘
2795,10:35:24,11.77,-0.01,17,20009,卖盘
2796,10:35:18,11.78,--,1,1178,买盘
2797,10:35:15,11.78,0.01,51,60078,买盘
2798,10:35:12,11.77,--,15,17655,卖盘
2799,10:35:09,11.77,-0.01,4,4708,卖盘
2800,10:35:06,11.78,0.01,3,3534,买盘
2801,10:35:03,11.77,--,1,1177,卖盘
2802,10:35:00,11.77,-0.01,21,24717,卖盘
