,time,price,change,volume,amount,type
0,15:00:03,7.86,--,7476,5876136,买盘
1,14:57:00,7.86,0.01,2,1572,买盘
2,14:56:57,7.85,-0.01,27,21195,卖盘
3,14:56:54,7.86,--,177,139593,买盘
4,14:56:51,7.86,--,1962,1542132,卖盘
5,14:56:48,7.86,--,148,116328,卖盘
6,14:56:45,7.86,--,21,16506,卖盘
7,14:56:42,7.86,--,571,448806,买盘
8,14:56:39,7.86,0.01,6,4716,买盘
9,14:56:36,7.85,--,22,17270,卖盘
10,14:56:33,7.85,-0.01,10,7850,卖盘
11,14:56:30,7.86,--,57,44802,买盘
12,14:56:27,7.86,--,53,41658,买盘
13,14:56:24,7.86,--,57,44802,买盘
14,14:56:21,7.86,--,122,95892,买盘
15,14:56:18,7.86,--,46,36156,买盘
16,14:56:15,7.86,--,265,208290,买盘
17,14:56:12,7.86,--,44,34584,买盘
18,14:56:09,7.86,--,8,6288,买盘
19,14:56:06,7.86,--,177,139122,买盘
20,14:56:03,7.86,--,26,20436,买盘
21,14:56:00,7.86,--,71,55806,买盘
22,14:55:57,7.86,--,56,44016,买盘
23,14:55:54,7.86,--,244,191784,买盘
24,14:55:51,7.86,-0.01,345,271170,卖盘
25,14:55:48,7.87,--,36,28332,买盘
26,14:55:45,7.87,0.01,100,78700,买盘
27,14:55:42,7.86,-0.01,100,78600,卖盘
28,14:55:39,7.87,0.01,74,58238,买盘
29,14:55:36,7.86,-0.01,10,7860,卖盘
30,14:55:33,7.87,0.01,42,33054,买盘
31,14:55:30,7.86,--,73,57378,卖盘
32,14:55:27,7.86,--,80,62880,卖盘
33,14:55:24,7.86,-0.01,20,15720,卖盘
34,14:55:21,7.87,--,411,323457,买盘
35,14:55:18,7.87,0.01,188,147956,买盘
36,14:55:15,7.86,--,180,141480,卖盘
37,14:55:12,7.86,--,210,165060,卖盘
38,14:55:09,7.86,-0.01,24,18864,卖盘
39,14:55:06,7.87,0.01,114,89718,买盘
40,14:55:03,7.86,--,43,33798,卖盘
41,14:55:00,7.86,--,169,132834,卖盘
42,14:54:57,7.86,-0.01,31,24366,卖盘
43,14:54:54,7.87,0.01,24,18888,买盘
44,14:54:51,7.86,-0.01,160,125760,卖盘
45,14:54:48,7.87,0.02,143,112541,买盘
46,14:54:45,7.85,--,213,167205,卖盘
47,14:54:36,7.85,-0.01,188,147580,卖盘
48,14:54:33,7.86,0.01,371,291606,买盘
49,14:54:30,7.85,--,49,38465,卖盘
50,14:54:27,7.85,--,267,209595,卖盘
51,14:54:24,7.85,-0.01,122,95770,卖盘
52,14:54:21,7.86,0.01,133,104538,买盘
53,14:54:18,7.85,--,396,310860,卖盘
54,14:54:15,7.85,--,15,11775,卖盘
55,14:54:12,7.85,-0.01,54,42390,卖盘
56,14:54:09,7.86,0.01,110,86460,买盘
57,14:54:06,7.85,--,5,3925,卖盘
58,14:54:03,7.85,--,16,12560,卖盘
59,14:54:00,7.85,--,7,5495,卖盘
60,14:53:57,7.85,--,24,18840,卖盘
61,14:53:54,7.85,-0.01,36,28260,卖盘
62,14:53:51,7.86,0.01,122,95892,买盘
63,14:53:48,7.85,-0.01,10,7850,卖盘
64,14:53:45,7.86,0.01,39,30654,买盘
65,14:53:42,7.85,--,28,21980,卖盘
66,14:53:39,7.85,-0.01,146,114610,卖盘
67,14:53:36,7.86,--,20,15720,买盘
68,14:53:33,7.86,--,135,106110,买盘
69,14:53:30,7.86,0.01,20,15720,买盘
70,14:53:27,7.85,-0.01,15,11775,卖盘
71,14:53:24,7.86,--,87,68382,买盘
72,14:53:21,7.86,--,37,29082,买盘
73,14:53:18,7.86,--,40,31440,买盘
74,14:53:15,7.86,-0.01,25,19650,卖盘
75,14:53:12,7.87,0.01,34,26758,买盘
76,14:53:09,7.86,--,12,9432,买盘
77,14:53:06,7.86,-0.01,260,204360,卖盘
78,14:53:03,7.87,0.01,684,538308,买盘
79,14:53:00,7.86,--,114,89604,卖盘
80,14:52:57,7.86,--,39,30654,卖盘
81,14:52:54,7.86,--,402,315972,卖盘
82,14:52:51,7.86,--,58,45588,卖盘
83,14:52:48,7.86,--,39,30654,卖盘
84,14:52:45,7.86,--,33,25938,卖盘
85,14:52:42,7.86,--,360,282960,卖盘
86,14:52:39,7.86,--,69,54234,卖盘
87,14:52:36,7.86,-0.01,52,40872,卖盘
88,14:52:33,7.87,0.01,1378,1084486,买盘
89,14:52:30,7.86,--,352,276672,卖盘
90,14:52:27,7.86,--,12,9432,卖盘
91,14:52:24,7.86,-0.01,191,150126,卖盘
92,14:52:21,7.87,--,89,70043,买盘
93,14:52:18,7.87,--,42,33054,买盘
94,14:52:15,7.87,0.01,60,47220,买盘
95,14:52:12,7.86,--,262,205932,卖盘
96,14:52:09,7.86,--,71,55806,卖盘
97,14:52:06,7.86,--,18,14148,卖盘
98,14:52:03,7.86,-0.01,8,6288,卖盘
99,14:52:00,7.87,0.01,23,18101,买盘
100,14:51:51,7.86,-0.01,43,33798,卖盘
101,14:51:48,7.87,--,24,18888,买盘
102,14:51:45,7.87,--,11,8657,买盘
103,14:51:42,7.87,--,128,100736,卖盘
104,14:51:36,7.87,-0.01,10,7870,买盘
105,14:51:33,7.88,0.02,655,516140,买盘
106,14:51:30,7.86,-0.01,36,28296,卖盘
107,14:51:24,7.87,--,106,83422,卖盘
108,14:51:21,7.87,--,313,246331,卖盘
109,14:51:18,7.87,0.01,398,313226,买盘
110,14:51:15,7.86,--,76,59736,卖盘
111,14:51:12,7.86,-0.01,68,53448,卖盘
112,14:51:09,7.87,--,435,342345,卖盘
113,14:51:06,7.87,--,176,138512,买盘
114,14:51:03,7.87,--,650,511550,买盘
115,14:51:00,7.87,--,13,10231,买盘
116,14:50:57,7.87,-0.01,4,3148,中性盘
117,14:50:54,7.88,0.01,1042,821096,买盘
118,14:50:51,7.87,--,30,23610,买盘
119,14:50:48,7.87,--,229,180223,买盘
120,14:50:45,7.87,--,201,158187,买盘
121,14:50:42,7.87,0.01,12,9444,买盘
122,14:50:39,7.86,--,8,6288,卖盘
123,14:50:36,7.86,-0.02,63,49518,卖盘
124,14:50:33,7.88,0.01,279,219852,买盘
125,14:50:30,7.87,-0.01,265,208680,卖盘
126,14:50:27,7.88,0.01,174,137112,买盘
127,14:50:24,7.87,0.01,526,414623,买盘
128,14:50:21,7.86,-0.01,133,104538,卖盘
129,14:50:18,7.87,0.01,171,134577,买盘
130,14:50:15,7.86,-0.01,171,134406,卖盘
131,14:50:12,7.87,--,25,19675,买盘
132,14:50:09,7.87,--,70,55090,买盘
133,14:50:06,7.87,--,873,687176,卖盘
134,14:50:03,7.87,-0.01,360,283320,卖盘
135,14:50:00,7.88,--,117,92196,买盘
136,14:49:57,7.88,--,62,48856,买盘
137,14:49:54,7.88,0.01,164,129232,买盘
138,14:49:51,7.87,-0.01,70,55090,卖盘
139,14:49:48,7.88,0.01,218,171784,买盘
140,14:49:42,7.87,--,35,27545,卖盘
141,14:49:39,7.87,--,543,427341,卖盘
142,14:49:36,7.87,--,153,120411,卖盘
143,14:49:33,7.87,-0.01,213,167631,卖盘
144,14:49:30,7.88,0.01,13,10244,买盘
145,14:49:27,7.87,--,418,328966,卖盘
146,14:49:24,7.87,--,131,103097,卖盘
147,14:49:21,7.87,--,96,75552,卖盘
148,14:49:18,7.87,--,227,179310,买盘
149,14:49:15,7.87,--,55,43410,卖盘
150,14:49:12,7.87,--,91,72278,买盘
151,14:49:09,7.87,--,5,3935,买盘
152,14:49:06,7.87,--,115,90630,卖盘
153,14:49:03,7.87,--,137,108480,买盘
154,14:49:00,7.87,0.01,40,31480,买盘
155,14:48:57,7.86,-0.01,316,248376,卖盘
156,14:48:54,7.87,--,1617,1272704,卖盘
157,14:48:51,7.87,0.01,1500,1181161,买盘
158,14:48:48,7.86,--,233,183138,卖盘
159,14:48:45,7.86,-0.01,562,441732,卖盘
160,14:48:42,7.87,0.01,174,136938,买盘
161,14:48:39,7.86,--,390,306540,卖盘
162,14:48:36,7.86,-0.01,50,39300,卖盘
163,14:48:33,7.87,0.01,241,189667,买盘
164,14:48:30,7.86,--,552,433872,卖盘
165,14:48:27,7.86,--,133,104538,卖盘
166,14:48:24,7.86,--,180,141480,卖盘
167,14:48:21,7.86,--,241,189426,卖盘
168,14:48:18,7.86,--,1979,1556122,买盘
169,14:48:15,7.86,0.01,133,104538,买盘
170,14:48:12,7.85,-0.01,11,8635,卖盘
171,14:48:09,7.86,0.01,38,29868,买盘
172,14:48:06,7.85,--,36,28260,卖盘
173,14:48:03,7.85,-0.01,183,143655,卖盘
174,14:48:00,7.86,--,9,7074,买盘
175,14:47:57,7.86,0.01,116,91176,买盘
176,14:47:54,7.85,--,15,11775,卖盘
177,14:47:51,7.85,--,70,54950,卖盘
178,14:47:48,7.85,-0.01,172,135020,卖盘
179,14:47:42,7.86,0.01,273,214578,买盘
180,14:47:39,7.85,--,51,40035,卖盘
181,14:47:36,7.85,--,233,182905,卖盘
182,14:47:33,7.85,--,173,135805,卖盘
183,14:47:30,7.85,--,434,340690,卖盘
184,14:47:27,7.85,--,56,43960,买盘
185,14:47:24,7.85,--,19,14915,卖盘
186,14:47:21,7.85,--,23,18055,买盘
187,14:47:18,7.85,--,194,152290,买盘
188,14:47:15,7.85,--,16,12560,买盘
189,14:47:12,7.85,--,5,3925,买盘
190,14:47:09,7.85,--,95,74575,买盘
191,14:47:06,7.85,--,62,48670,卖盘
192,14:47:03,7.85,--,312,244920,卖盘
193,14:47:00,7.85,-0.01,55,43175,卖盘
194,14:46:57,7.86,0.01,96,75456,买盘
195,14:46:54,7.85,--,54,42390,卖盘
196,14:46:51,7.85,-0.01,50,39250,卖盘
197,14:46:48,7.86,0.01,181,142266,买盘
198,14:46:45,7.85,--,15,11775,卖盘
199,14:46:42,7.85,--,70,54950,卖盘
200,14:46:39,7.85,--,6,4710,卖盘
201,14:46:36,7.85,--,247,193895,卖盘
202,14:46:33,7.85,--,181,142085,卖盘
203,14:46:30,7.85,0.01,691,542435,买盘
204,14:46:27,7.84,--,607,475888,卖盘
205,14:46:24,7.84,-0.01,1,784,卖盘
206,14:46:21,7.85,--,810,635850,买盘
207,14:46:18,7.85,--,209,164065,买盘
208,14:46:12,7.85,--,11,8635,买盘
209,14:46:09,7.85,0.01,10,7850,买盘
210,14:46:06,7.84,--,4,3136,卖盘
211,14:46:03,7.84,-0.01,177,138768,卖盘
212,14:46:00,7.85,0.01,6,4710,买盘
213,14:45:57,7.84,--,400,313600,卖盘
214,14:45:54,7.84,--,3,2352,卖盘
215,14:45:51,7.84,-0.01,93,72912,卖盘
216,14:45:48,7.85,--,1406,1103710,买盘
217,14:45:45,7.85,0.01,169,132665,买盘
218,14:45:42,7.84,-0.01,47,36848,卖盘
219,14:45:39,7.85,0.01,67,52595,买盘
220,14:45:36,7.84,--,1,784,卖盘
221,14:45:33,7.84,--,11,8624,卖盘
222,14:45:30,7.84,--,193,151312,卖盘
223,14:45:24,7.84,--,139,108976,卖盘
224,14:45:21,7.84,--,3,2352,卖盘
225,14:45:18,7.84,--,16,12544,卖盘
226,14:45:15,7.84,--,228,178752,卖盘
227,14:45:12,7.84,--,59,46256,卖盘
228,14:45:09,7.84,--,30,23520,卖盘
229,14:45:06,7.84,--,107,83888,卖盘
230,14:45:03,7.84,-0.01,366,286944,卖盘
231,14:45:00,7.85,--,239,187615,买盘
232,14:44:57,7.85,0.01,266,208810,买盘
233,14:44:54,7.84,--,19,14896,卖盘
234,14:44:51,7.84,--,183,143472,卖盘
235,14:44:48,7.84,--,1058,829472,卖盘
236,14:44:45,7.84,-0.01,333,261072,卖盘
237,14:44:42,7.85,--,67,52595,买盘
238,14:44:39,7.85,0.01,399,313215,买盘
239,14:44:36,7.84,--,200,156800,卖盘
240,14:44:33,7.84,--,15,11760,卖盘
241,14:44:30,7.84,--,199,156016,卖盘
242,14:44:24,7.84,-0.01,1,784,卖盘
243,14:44:18,7.85,0.01,8,6280,买盘
244,14:44:15,7.84,--,238,186592,卖盘
245,14:44:12,7.84,--,52,40768,卖盘
246,14:44:09,7.84,--,1,784,卖盘
247,14:44:06,7.84,-0.01,34,26656,卖盘
248,14:44:03,7.85,0.01,15,11775,买盘
249,14:44:00,7.84,--,398,312032,卖盘
250,14:43:57,7.84,--,118,92512,卖盘
251,14:43:51,7.84,--,1775,1391600,买盘
252,14:43:48,7.84,--,7,5488,买盘
253,14:43:45,7.84,--,223,174832,买盘
254,14:43:42,7.84,--,110,86240,买盘
255,14:43:36,7.84,0.01,101,79184,买盘
256,14:43:33,7.83,-0.01,19,14877,卖盘
257,14:43:30,7.84,0.01,220,172480,买盘
258,14:43:27,7.83,--,25,19575,卖盘
259,14:43:24,7.83,-0.01,3,2349,卖盘
260,14:43:21,7.84,0.01,58,45472,买盘
261,14:43:18,7.83,-0.01,1,783,卖盘
262,14:43:15,7.84,0.01,178,139552,买盘
263,14:43:12,7.83,--,19,14877,卖盘
264,14:43:09,7.83,--,10,7830,卖盘
265,14:43:06,7.83,--,81,63423,卖盘
266,14:43:03,7.83,--,15,11745,卖盘
267,14:43:00,7.83,--,202,158166,卖盘
268,14:42:57,7.83,-0.01,1,783,卖盘
269,14:42:54,7.84,0.01,27,21168,买盘
270,14:42:48,7.83,--,10,7830,卖盘
271,14:42:45,7.83,--,246,192618,卖盘
272,14:42:42,7.83,-0.01,6,4698,卖盘
273,14:42:39,7.84,0.01,17,13328,买盘
274,14:42:36,7.83,--,40,31320,卖盘
275,14:42:33,7.83,-0.01,3,2349,卖盘
276,14:42:30,7.84,0.01,180,141120,买盘
277,14:42:27,7.83,-0.01,147,115101,卖盘
278,14:42:24,7.84,--,179,140336,买盘
279,14:42:21,7.84,--,106,83104,卖盘
280,14:42:18,7.84,0.01,89,69776,中性盘
281,14:42:15,7.83,--,275,215325,卖盘
282,14:42:12,7.83,-0.01,70,54810,卖盘
283,14:42:09,7.84,--,230,180320,买盘
284,14:42:06,7.84,0.01,13,10192,买盘
285,14:42:03,7.83,-0.02,19,14877,卖盘
286,14:41:57,7.85,0.01,174,136590,买盘
287,14:41:54,7.84,--,20,15680,买盘
288,14:41:48,7.84,--,15,11760,买盘
289,14:41:45,7.84,--,100,78400,买盘
290,14:41:42,7.84,--,212,166678,卖盘
291,14:41:39,7.84,--,152,119168,卖盘
292,14:41:36,7.84,--,21,16464,卖盘
293,14:41:33,7.84,-0.01,37,29008,卖盘
294,14:41:30,7.85,0.01,15,11775,买盘
295,14:41:27,7.84,--,3,2352,卖盘
296,14:41:24,7.84,--,1,784,卖盘
297,14:41:21,7.84,-0.01,32,25088,卖盘
298,14:41:18,7.85,0.01,126,98910,买盘
299,14:41:15,7.84,--,43,34025,买盘
300,14:41:12,7.84,0.01,40,31360,买盘
301,14:41:09,7.83,-0.01,5,3915,卖盘
302,14:41:06,7.84,0.01,57,44688,买盘
303,14:41:03,7.83,--,23,18009,卖盘
304,14:41:00,7.83,-0.01,1,783,卖盘
305,14:40:54,7.84,--,5,3920,买盘
306,14:40:51,7.84,--,25,19600,买盘
307,14:40:48,7.84,--,1002,785568,买盘
308,14:40:45,7.84,0.01,20,15680,买盘
309,14:40:42,7.83,-0.01,137,107271,卖盘
310,14:40:33,7.84,0.01,113,88592,买盘
311,14:40:27,7.83,-0.01,1,783,卖盘
312,14:40:24,7.84,--,105,82320,买盘
313,14:40:21,7.84,--,13,10192,买盘
314,14:40:18,7.84,--,457,358288,买盘
315,14:40:15,7.84,0.01,5,3920,买盘
316,14:40:12,7.83,-0.01,3,2349,卖盘
317,14:40:09,7.84,--,196,153664,买盘
318,14:40:06,7.84,-0.01,615,482630,卖盘
319,14:40:03,7.85,--,164,128740,买盘
320,14:40:00,7.85,--,14,10990,买盘
321,14:39:57,7.85,0.01,68,53380,买盘
322,14:39:51,7.84,--,1,784,卖盘
323,14:39:45,7.84,--,324,254329,卖盘
324,14:39:42,7.84,--,2,1568,卖盘
325,14:39:39,7.84,-0.01,103,80752,卖盘
326,14:39:30,7.85,0.01,50,39250,买盘
327,14:39:27,7.84,-0.01,5,3920,卖盘
328,14:39:24,7.85,--,105,82425,买盘
329,14:39:21,7.85,0.01,9,7065,买盘
330,14:39:18,7.84,-0.01,2,1568,卖盘
331,14:39:15,7.85,--,40,31400,买盘
332,14:39:12,7.85,0.01,8,6280,买盘
333,14:39:09,7.84,--,204,159936,卖盘
334,14:39:06,7.84,--,13,10192,卖盘
335,14:39:03,7.84,--,7,5488,卖盘
336,14:39:00,7.84,--,69,54096,卖盘
337,14:38:57,7.84,-0.01,200,156800,卖盘
338,14:38:54,7.85,0.01,148,116180,买盘
339,14:38:51,7.84,--,29,22736,卖盘
340,14:38:48,7.84,--,180,141120,卖盘
341,14:38:45,7.84,--,40,31360,卖盘
342,14:38:42,7.84,--,71,55664,卖盘
343,14:38:39,7.84,--,100,78400,卖盘
344,14:38:36,7.84,-0.01,20,15680,卖盘
345,14:38:33,7.85,0.01,4,3140,买盘
346,14:38:30,7.84,--,34,26656,卖盘
347,14:38:27,7.84,-0.01,99,77616,卖盘
348,14:38:21,7.85,0.01,14,10990,买盘
349,14:38:18,7.84,-0.01,2,1568,卖盘
350,14:38:15,7.85,0.01,179,140829,买盘
351,14:38:12,7.84,--,367,287728,买盘
352,14:38:09,7.84,--,349,273616,买盘
353,14:38:06,7.84,0.01,7,5488,买盘
354,14:38:03,7.83,-0.01,48,37584,卖盘
355,14:37:54,7.84,0.01,136,106624,买盘
356,14:37:48,7.83,-0.01,48,37584,卖盘
357,14:37:45,7.84,--,11,8624,买盘
358,14:37:42,7.84,--,46,36064,买盘
359,14:37:36,7.84,--,241,188944,买盘
360,14:37:33,7.84,--,764,598976,买盘
361,14:37:27,7.84,--,138,108192,买盘
362,14:37:21,7.84,--,154,120736,买盘
363,14:37:15,7.84,--,128,100352,买盘
364,14:37:12,7.84,0.01,57,44688,买盘
365,14:37:09,7.83,--,15,11745,卖盘
366,14:37:06,7.83,--,4,3132,卖盘
367,14:37:03,7.83,-0.01,191,149553,卖盘
368,14:37:00,7.84,--,368,288512,买盘
369,14:36:57,7.84,--,43,33712,买盘
370,14:36:54,7.84,--,43,33712,买盘
371,14:36:48,7.84,0.01,4,3136,买盘
372,14:36:42,7.83,-0.01,43,33669,卖盘
373,14:36:39,7.84,--,600,470400,买盘
374,14:36:36,7.84,0.01,22,17248,买盘
375,14:36:33,7.83,-0.01,601,470583,卖盘
376,14:36:27,7.84,--,39,30576,买盘
377,14:36:24,7.84,0.01,25,19600,买盘
378,14:36:18,7.83,--,14,10962,卖盘
379,14:36:15,7.83,--,46,36018,卖盘
380,14:36:09,7.83,--,547,428301,卖盘
381,14:36:06,7.83,--,24,18792,卖盘
382,14:36:03,7.83,--,32,25056,卖盘
383,14:36:00,7.83,0.01,1896,1484568,买盘
384,14:35:57,7.82,-0.01,90,70380,卖盘
385,14:35:54,7.83,--,117,91611,买盘
386,14:35:51,7.83,--,110,86130,买盘
387,14:35:48,7.83,--,2173,1701459,卖盘
388,14:35:45,7.83,-0.01,173,135459,卖盘
389,14:35:42,7.84,0.01,25,19600,买盘
390,14:35:39,7.83,-0.01,485,379755,卖盘
391,14:35:33,7.84,0.01,5,3920,买盘
392,14:35:30,7.83,--,2,1566,卖盘
393,14:35:27,7.83,--,83,64989,卖盘
394,14:35:24,7.83,--,2258,1768014,卖盘
395,14:35:18,7.83,--,88,68904,卖盘
396,14:35:15,7.83,0.01,516,404028,买盘
397,14:35:06,7.82,--,24,18768,卖盘
398,14:35:03,7.82,-0.01,237,185334,卖盘
399,14:35:00,7.83,--,1,783,买盘
400,14:34:57,7.83,--,20,15660,买盘
401,14:34:54,7.83,0.01,1825,1428975,买盘
402,14:34:48,7.82,-0.01,33,25806,卖盘
403,14:34:45,7.83,--,20,15660,买盘
404,14:34:42,7.83,--,22,17226,买盘
405,14:34:39,7.83,0.01,320,250560,买盘
406,14:34:36,7.82,--,3,2346,卖盘
407,14:34:33,7.82,-0.01,11,8602,卖盘
408,14:34:30,7.83,--,208,162864,买盘
409,14:34:27,7.83,--,28,21924,买盘
410,14:34:21,7.83,--,10,7830,买盘
411,14:34:18,7.83,--,84,65772,买盘
412,14:34:09,7.83,0.01,13,10179,买盘
413,14:34:06,7.82,--,84,65688,卖盘
414,14:34:03,7.82,-0.01,42,32844,卖盘
415,14:34:00,7.83,--,35,27405,买盘
416,14:33:57,7.83,0.01,92,72036,买盘
417,14:33:51,7.82,-0.01,3,2346,卖盘
418,14:33:48,7.83,--,38,29754,买盘
419,14:33:36,7.83,--,101,79083,买盘
420,14:33:33,7.83,--,1,783,买盘
421,14:33:30,7.83,0.01,176,137808,买盘
422,14:33:27,7.82,--,12,9384,卖盘
423,14:33:24,7.82,-0.01,129,100878,卖盘
424,14:33:21,7.83,--,5,3915,买盘
425,14:33:15,7.83,0.01,53,41499,买盘
426,14:33:03,7.82,-0.01,90,70380,卖盘
427,14:33:00,7.83,--,54,42282,买盘
428,14:32:57,7.83,--,207,162081,买盘
429,14:32:51,7.83,--,13,10179,买盘
430,14:32:48,7.83,0.01,10,7830,买盘
431,14:32:45,7.82,--,58,45356,卖盘
432,14:32:42,7.82,-0.01,143,111826,卖盘
433,14:32:39,7.83,--,25,19575,买盘
434,14:32:36,7.83,--,20,15660,买盘
435,14:32:33,7.83,--,49,38367,买盘
436,14:32:30,7.83,--,20,15660,买盘
437,14:32:27,7.83,--,649,508167,卖盘
438,14:32:24,7.83,-0.01,10,7830,卖盘
439,14:32:18,7.84,0.01,28,21952,买盘
440,14:32:12,7.83,0.01,6,4698,中性盘
441,14:32:09,7.82,-0.01,344,269008,卖盘
442,14:32:06,7.83,--,270,211410,买盘
443,14:32:03,7.83,--,45,35235,买盘
444,14:32:00,7.83,--,60,46980,买盘
445,14:31:57,7.83,--,50,39150,买盘
446,14:31:54,7.83,0.01,12,9396,买盘
447,14:31:51,7.82,--,200,156400,卖盘
448,14:31:48,7.82,-0.01,6,4692,卖盘
449,14:31:45,7.83,0.01,80,62640,买盘
450,14:31:42,7.82,-0.01,6,4692,卖盘
451,14:31:39,7.83,0.01,2101,1645083,买盘
452,14:31:36,7.82,-0.01,13,10166,卖盘
453,14:31:33,7.83,0.01,8,6264,买盘
454,14:31:30,7.82,--,11,8602,卖盘
455,14:31:27,7.82,-0.01,1,782,卖盘
456,14:31:24,7.83,0.01,15,11745,买盘
457,14:31:21,7.82,-0.01,5,3910,卖盘
458,14:31:18,7.83,0.01,35,27405,买盘
459,14:31:15,7.82,--,1,782,卖盘
460,14:31:09,7.82,--,271,211922,卖盘
461,14:31:03,7.82,-0.01,34,26588,卖盘
462,14:30:54,7.83,0.01,4,3132,买盘
463,14:30:51,7.82,--,50,39100,卖盘
464,14:30:48,7.82,0.01,63,49727,买盘
465,14:30:45,7.81,--,79,61699,卖盘
466,14:30:42,7.81,-0.01,11,8591,卖盘
467,14:30:39,7.82,--,437,341734,买盘
468,14:30:36,7.82,--,6,4692,买盘
469,14:30:33,7.82,--,71,55522,买盘
470,14:30:30,7.82,0.01,144,112608,买盘
471,14:30:27,7.81,--,134,104654,卖盘
472,14:30:24,7.81,-0.01,46,35926,卖盘
473,14:30:21,7.82,--,58,45356,买盘
474,14:30:18,7.82,--,425,332350,买盘
475,14:30:12,7.82,0.01,76,59432,买盘
476,14:30:09,7.81,-0.01,36,28116,卖盘
477,14:30:06,7.82,--,21,16422,买盘
478,14:30:03,7.82,--,40,31280,买盘
479,14:30:00,7.82,--,5,3910,买盘
480,14:29:57,7.82,--,25,19550,买盘
481,14:29:54,7.82,--,60,46920,买盘
482,14:29:51,7.82,--,3,2346,买盘
483,14:29:48,7.82,0.01,12,9384,买盘
484,14:29:45,7.81,--,12,9372,卖盘
485,14:29:42,7.81,-0.01,106,82786,卖盘
486,14:29:39,7.82,--,10,7820,买盘
487,14:29:36,7.82,--,8,6256,买盘
488,14:29:33,7.82,--,10,7820,买盘
489,14:29:30,7.82,--,10,7820,买盘
490,14:29:27,7.82,--,19,14858,买盘
491,14:29:24,7.82,--,147,114954,买盘
492,14:29:21,7.82,--,38,29716,买盘
493,14:29:18,7.82,--,9,7038,买盘
494,14:29:15,7.82,--,78,60996,买盘
495,14:29:12,7.82,--,6,4692,买盘
496,14:29:09,7.82,--,627,490314,买盘
497,14:29:06,7.82,0.01,59,46138,买盘
498,14:29:03,7.81,-0.01,33,25773,卖盘
499,14:29:00,7.82,0.01,34,26588,买盘
500,14:28:57,7.81,-0.01,50,39050,卖盘
501,14:28:54,7.82,--,10,7820,买盘
502,14:28:51,7.82,0.01,15,11730,买盘
503,14:28:48,7.81,-0.01,261,203841,卖盘
504,14:28:42,7.82,--,50,39100,买盘
505,14:28:39,7.82,--,1,782,买盘
506,14:28:36,7.82,0.01,50,39100,买盘
507,14:28:33,7.81,-0.01,15,11715,卖盘
508,14:28:30,7.82,0.01,5,3910,买盘
509,14:28:27,7.81,-0.01,9,7029,卖盘
510,14:28:24,7.82,--,3,2346,买盘
511,14:28:21,7.82,--,2,1564,买盘
512,14:28:18,7.82,--,54,42228,买盘
513,14:28:15,7.82,0.01,202,157964,买盘
514,14:28:12,7.81,--,3,2343,卖盘
515,14:28:09,7.81,-0.01,26,20306,卖盘
516,14:28:06,7.82,--,33,25806,买盘
517,14:28:03,7.82,--,45,35190,买盘
518,14:28:00,7.82,--,5,3910,买盘
519,14:27:54,7.82,--,36,28152,买盘
520,14:27:51,7.82,0.01,12,9384,买盘
521,14:27:45,7.81,--,119,92939,卖盘
522,14:27:42,7.81,-0.01,3,2343,卖盘
523,14:27:39,7.82,--,54,42228,买盘
524,14:27:33,7.82,--,389,304198,买盘
525,14:27:30,7.82,--,19,14858,买盘
526,14:27:27,7.82,--,30,23460,买盘
527,14:27:24,7.82,--,270,211140,买盘
528,14:27:21,7.82,--,18,14076,买盘
529,14:27:18,7.82,0.01,5,3910,买盘
530,14:27:12,7.81,-0.01,3,2343,卖盘
531,14:27:09,7.82,--,134,104788,买盘
532,14:27:06,7.82,0.01,23,17986,买盘
533,14:27:03,7.81,--,36,28116,卖盘
534,14:27:00,7.81,-0.01,167,130427,卖盘
535,14:26:57,7.82,0.01,3,2346,买盘
536,14:26:54,7.81,-0.01,3,2343,卖盘
537,14:26:51,7.82,--,5,3910,买盘
538,14:26:48,7.82,0.01,1,782,买盘
539,14:26:42,7.81,--,104,81224,卖盘
540,14:26:39,7.81,-0.01,300,234300,卖盘
541,14:26:36,7.82,0.01,3,2346,买盘
542,14:26:33,7.81,-0.01,637,497497,卖盘
543,14:26:30,7.82,0.01,11,8602,买盘
544,14:26:27,7.81,-0.01,300,234300,卖盘
545,14:26:24,7.82,--,106,82892,买盘
546,14:26:21,7.82,--,154,120428,买盘
547,14:26:18,7.82,0.01,50,39100,买盘
548,14:26:15,7.81,--,2,1562,卖盘
549,14:26:12,7.81,--,404,315524,卖盘
550,14:26:09,7.81,--,105,82005,卖盘
551,14:26:06,7.81,--,26,20306,卖盘
552,14:26:03,7.81,--,25,19525,卖盘
553,14:26:00,7.81,0.01,1370,1069970,买盘
554,14:25:57,7.8,-0.01,148,115440,卖盘
555,14:25:54,7.81,0.01,27,21087,买盘
556,14:25:48,7.8,-0.01,52,40560,卖盘
557,14:25:45,7.81,0.01,20,15620,买盘
558,14:25:42,7.8,--,109,85020,卖盘
559,14:25:39,7.8,-0.01,50,39000,卖盘
560,14:25:36,7.81,0.01,50,39050,买盘
561,14:25:33,7.8,-0.01,3,2340,卖盘
562,14:25:27,7.81,--,2,1562,买盘
563,14:25:24,7.81,0.01,84,65604,买盘
564,14:25:18,7.8,-0.01,1,780,卖盘
565,14:25:15,7.81,--,162,126522,卖盘
566,14:25:09,7.81,--,214,167134,买盘
567,14:25:06,7.81,0.01,114,89034,买盘
568,14:25:03,7.8,--,21,16380,卖盘
569,14:25:00,7.8,-0.01,75,58500,卖盘
570,14:24:57,7.81,--,4,3124,买盘
571,14:24:54,7.81,--,24,18744,买盘
572,14:24:48,7.81,--,200,156200,买盘
573,14:24:45,7.81,0.01,30,23430,买盘
574,14:24:42,7.8,--,1,780,卖盘
575,14:24:39,7.8,-0.01,56,43680,卖盘
576,14:24:36,7.81,0.01,1,781,买盘
577,14:24:33,7.8,-0.01,103,80340,卖盘
578,14:24:30,7.81,--,211,164791,买盘
579,14:24:27,7.81,0.01,10,7810,买盘
580,14:24:24,7.8,--,100,78000,卖盘
581,14:24:21,7.8,--,38,29640,卖盘
582,14:24:18,7.8,--,29,22620,买盘
583,14:24:15,7.8,--,136,106080,卖盘
584,14:24:12,7.8,0.01,479,373620,买盘
585,14:24:09,7.79,--,71,55309,卖盘
586,14:24:06,7.79,-0.01,179,139441,卖盘
587,14:24:03,7.8,0.01,103,80340,买盘
588,14:24:00,7.79,-0.01,12,9348,卖盘
589,14:23:57,7.8,--,50,39000,买盘
590,14:23:54,7.8,--,8,6240,买盘
591,14:23:51,7.8,--,42,32760,买盘
592,14:23:48,7.8,--,11,8580,买盘
593,14:23:42,7.8,0.01,55,42900,买盘
594,14:23:39,7.79,-0.01,22,17138,卖盘
595,14:23:36,7.8,--,15,11700,买盘
596,14:23:33,7.8,--,28,21840,买盘
597,14:23:30,7.8,--,35,27300,买盘
598,14:23:27,7.8,--,21,16380,买盘
599,14:23:24,7.8,--,291,226980,买盘
600,14:23:21,7.8,--,3,2340,买盘
601,14:23:18,7.8,0.01,12,9360,买盘
602,14:23:15,7.79,--,8,6232,卖盘
603,14:23:12,7.79,-0.01,231,179949,卖盘
604,14:23:09,7.8,0.01,32,24960,买盘
605,14:23:06,7.79,--,36,28044,卖盘
606,14:23:03,7.79,-0.01,283,220457,卖盘
607,14:23:00,7.8,--,5,3900,买盘
608,14:22:57,7.8,--,10,7800,买盘
609,14:22:54,7.8,--,101,78780,买盘
610,14:22:51,7.8,0.01,71,55380,买盘
611,14:22:48,7.79,--,11,8569,卖盘
612,14:22:42,7.79,-0.01,81,63099,卖盘
613,14:22:39,7.8,0.01,60,46800,买盘
614,14:22:36,7.79,-0.01,54,42066,卖盘
615,14:22:33,7.8,--,32,24960,买盘
616,14:22:30,7.8,--,36,28080,买盘
617,14:22:27,7.8,0.01,12,9360,买盘
618,14:22:24,7.79,-0.01,11,8569,卖盘
619,14:22:21,7.8,--,107,83460,买盘
620,14:22:18,7.8,0.01,16,12480,买盘
621,14:22:15,7.79,-0.01,835,650465,卖盘
622,14:22:12,7.8,--,56,43680,买盘
623,14:22:09,7.8,0.01,27,21060,买盘
624,14:22:06,7.79,--,387,301473,卖盘
625,14:22:03,7.79,-0.01,233,181507,卖盘
626,14:22:00,7.8,--,244,190320,买盘
627,14:21:57,7.8,--,241,187980,买盘
628,14:21:54,7.8,0.01,68,53040,买盘
629,14:21:51,7.79,-0.01,129,100491,卖盘
630,14:21:48,7.8,--,57,44460,买盘
631,14:21:42,7.8,--,7,5460,买盘
632,14:21:39,7.8,--,178,138840,买盘
633,14:21:36,7.8,--,40,31200,买盘
634,14:21:33,7.8,0.01,26,20280,买盘
635,14:21:30,7.79,--,28,21812,卖盘
636,14:21:27,7.79,-0.01,114,88806,卖盘
637,14:21:24,7.8,--,213,166140,买盘
638,14:21:21,7.8,--,68,53040,买盘
639,14:21:18,7.8,--,20,15600,买盘
640,14:21:15,7.8,0.01,48,37440,买盘
641,14:21:12,7.79,-0.01,19,14801,卖盘
642,14:21:09,7.8,0.01,150,117000,买盘
643,14:21:06,7.79,--,34,26486,卖盘
644,14:21:03,7.79,--,34,26486,卖盘
645,14:21:00,7.79,--,34,26486,卖盘
646,14:20:57,7.79,-0.01,22,17138,卖盘
647,14:20:54,7.8,--,13,10140,买盘
648,14:20:51,7.8,--,12,9360,买盘
649,14:20:45,7.8,--,20,15600,买盘
650,14:20:42,7.8,0.01,48,37440,买盘
651,14:20:39,7.79,-0.01,581,452599,卖盘
652,14:20:36,7.8,--,19,14820,卖盘
653,14:20:33,7.8,--,28,21840,卖盘
654,14:20:30,7.8,-0.01,25,19500,卖盘
655,14:20:27,7.81,0.01,40,31240,买盘
656,14:20:24,7.8,--,395,308100,卖盘
657,14:20:21,7.8,--,1347,1050660,卖盘
658,14:20:18,7.8,-0.01,113,88140,卖盘
659,14:20:15,7.81,--,211,164791,买盘
660,14:20:12,7.81,0.01,35,27335,买盘
661,14:20:09,7.8,--,27,21060,卖盘
662,14:20:06,7.8,--,24,18720,卖盘
663,14:20:03,7.8,--,30,23400,卖盘
664,14:20:00,7.8,--,26,20280,卖盘
665,14:19:57,7.8,--,21,16380,卖盘
666,14:19:54,7.8,-0.01,27,21060,卖盘
667,14:19:51,7.81,--,141,110121,买盘
668,14:19:48,7.81,0.01,15,11715,买盘
669,14:19:45,7.8,--,93,72540,卖盘
670,14:19:42,7.8,--,5,3900,卖盘
671,14:19:39,7.8,-0.01,100,78000,卖盘
672,14:19:36,7.81,0.01,166,129646,买盘
673,14:19:33,7.8,-0.01,13,10140,卖盘
674,14:19:30,7.81,0.01,38,29678,买盘
675,14:19:27,7.8,--,14,10920,卖盘
676,14:19:24,7.8,-0.01,1,780,卖盘
677,14:19:21,7.81,0.01,6,4686,买盘
678,14:19:18,7.8,-0.01,10,7800,卖盘
679,14:19:15,7.81,--,331,258511,买盘
680,14:19:12,7.81,0.01,122,95282,买盘
681,14:19:09,7.8,--,39,30420,卖盘
682,14:19:06,7.8,--,30,23400,卖盘
683,14:19:03,7.8,--,628,489840,卖盘
684,14:19:00,7.8,--,25,19500,卖盘
685,14:18:51,7.8,--,30,23400,卖盘
686,14:18:48,7.8,--,4,3120,卖盘
687,14:18:45,7.8,-0.01,40,31200,卖盘
688,14:18:39,7.81,0.01,102,79662,买盘
689,14:18:36,7.8,--,19,14820,卖盘
690,14:18:33,7.8,--,11,8580,卖盘
691,14:18:30,7.8,--,70,54600,卖盘
692,14:18:27,7.8,-0.01,223,173940,卖盘
693,14:18:24,7.81,--,605,472505,卖盘
694,14:18:21,7.81,--,5,3905,卖盘
695,14:18:09,7.81,0.01,1072,837232,买盘
696,14:18:06,7.8,-0.01,49,38220,卖盘
697,14:18:03,7.81,0.01,25,19525,买盘
698,14:18:00,7.8,--,25,19500,卖盘
699,14:17:57,7.8,--,5,3900,卖盘
700,14:17:54,7.8,--,3,2340,卖盘
701,14:17:51,7.8,--,1123,876509,买盘
702,14:17:48,7.8,--,8,6240,买盘
703,14:17:45,7.8,0.01,180,140400,买盘
704,14:17:42,7.79,-0.01,3,2337,卖盘
705,14:17:39,7.8,--,47,36660,买盘
706,14:17:36,7.8,0.01,334,260520,买盘
707,14:17:33,7.79,--,30,23370,卖盘
708,14:17:30,7.79,--,25,19475,卖盘
709,14:17:24,7.79,-0.01,160,124640,卖盘
710,14:17:21,7.8,--,205,159900,买盘
711,14:17:18,7.8,--,69,53820,买盘
712,14:17:15,7.8,--,267,208260,买盘
713,14:17:12,7.8,--,11,8580,买盘
714,14:17:09,7.8,0.01,25,19500,买盘
715,14:17:06,7.79,--,144,112176,卖盘
716,14:17:03,7.79,--,46,35834,卖盘
717,14:17:00,7.79,--,25,19475,卖盘
718,14:16:57,7.79,-0.01,20,15580,卖盘
719,14:16:51,7.8,--,265,206700,买盘
720,14:16:48,7.8,0.01,3,2340,买盘
721,14:16:45,7.79,-0.01,146,113734,卖盘
722,14:16:42,7.8,--,1,780,买盘
723,14:16:39,7.8,0.01,12,9360,买盘
724,14:16:36,7.79,--,42,32718,卖盘
725,14:16:33,7.79,--,26,20254,卖盘
726,14:16:30,7.79,-0.01,35,27265,卖盘
727,14:16:27,7.8,--,5,3900,买盘
728,14:16:24,7.8,--,46,35880,买盘
729,14:16:21,7.8,--,7,5460,买盘
730,14:16:18,7.8,--,505,393900,买盘
731,14:16:15,7.8,0.01,82,63960,买盘
732,14:16:12,7.79,-0.01,84,65436,卖盘
733,14:16:09,7.8,0.01,40,31200,买盘
734,14:16:06,7.79,-0.01,33,25707,卖盘
735,14:16:03,7.8,--,311,242580,买盘
736,14:16:00,7.8,--,52,40560,买盘
737,14:15:57,7.8,--,101,78780,买盘
738,14:15:54,7.8,--,27,21060,买盘
739,14:15:51,7.8,--,362,282360,买盘
740,14:15:48,7.8,--,8,6240,买盘
741,14:15:45,7.8,--,61,47580,买盘
742,14:15:42,7.8,--,7,5460,买盘
743,14:15:39,7.8,--,20,15600,买盘
744,14:15:36,7.8,--,173,134940,买盘
745,14:15:33,7.8,0.01,42,32760,买盘
746,14:15:30,7.79,-0.01,59,45961,卖盘
747,14:15:27,7.8,0.01,38,29640,买盘
748,14:15:24,7.79,--,17,13243,卖盘
749,14:15:21,7.79,-0.01,13,10127,卖盘
750,14:15:18,7.8,--,297,231660,买盘
751,14:15:15,7.8,-0.01,1729,1348830,卖盘
752,14:15:09,7.81,--,4,3124,卖盘
753,14:15:06,7.81,--,141,110121,卖盘
754,14:15:03,7.81,--,29,22649,卖盘
755,14:15:00,7.81,--,29,22649,卖盘
756,14:14:57,7.81,--,17,13277,卖盘
757,14:14:51,7.81,--,94,73414,买盘
758,14:14:42,7.81,0.01,50,39050,买盘
759,14:14:39,7.8,-0.01,17,13260,卖盘
760,14:14:36,7.81,--,22,17182,买盘
761,14:14:33,7.81,0.01,61,48211,买盘
762,14:14:30,7.8,--,110,85800,卖盘
763,14:14:24,7.8,--,165,128700,买盘
764,14:14:21,7.8,--,276,215280,买盘
765,14:14:18,7.8,--,186,145080,买盘
766,14:14:15,7.8,--,139,108420,买盘
767,14:14:12,7.8,--,12,9360,买盘
768,14:14:09,7.8,--,381,297180,买盘
769,14:14:06,7.8,0.01,3848,3001440,买盘
770,14:14:03,7.79,--,42,32718,卖盘
771,14:14:00,7.79,--,34,26486,卖盘
772,14:13:57,7.79,--,66,51414,卖盘
773,14:13:51,7.79,-0.01,132,102828,卖盘
774,14:13:48,7.8,--,5,3900,买盘
775,14:13:42,7.8,--,2,1560,买盘
776,14:13:39,7.8,--,95,74100,买盘
777,14:13:36,7.8,--,20,15600,买盘
778,14:13:33,7.8,--,33,25740,买盘
779,14:13:30,7.8,--,197,153660,买盘
780,14:13:24,7.8,0.01,36,28080,买盘
781,14:13:18,7.79,--,12,9348,卖盘
782,14:13:15,7.79,--,31,24149,买盘
783,14:13:12,7.79,--,46,35834,买盘
784,14:13:09,7.79,0.01,7,5453,买盘
785,14:13:06,7.78,--,29,22562,卖盘
786,14:13:03,7.78,-0.01,94,73132,卖盘
787,14:13:00,7.79,--,469,365351,卖盘
788,14:12:54,7.79,--,37,28823,卖盘
789,14:12:48,7.79,0.01,213,165927,卖盘
790,14:12:42,7.78,-0.01,282,219396,卖盘
791,14:12:33,7.79,0.01,258,200982,买盘
792,14:12:30,7.78,-0.01,88,68464,卖盘
793,14:12:27,7.79,--,53,41287,买盘
794,14:12:24,7.79,0.01,834,649686,买盘
795,14:12:21,7.78,-0.01,382,297196,卖盘
796,14:12:18,7.79,--,89,69331,买盘
797,14:12:15,7.79,0.01,150,116850,买盘
798,14:12:12,7.78,-0.01,3,2334,卖盘
799,14:12:09,7.79,0.01,3,2337,买盘
800,14:12:06,7.78,--,389,302642,卖盘
801,14:12:03,7.78,-0.01,80,62240,卖盘
802,14:12:00,7.79,--,129,100491,卖盘
803,14:11:57,7.79,--,182,141778,卖盘
804,14:11:54,7.79,-0.01,3,2337,卖盘
805,14:11:51,7.8,0.01,39,30420,买盘
806,14:11:48,7.79,-0.01,2070,1612530,卖盘
807,14:11:39,7.8,--,33,25740,买盘
808,14:11:36,7.8,0.01,5,3900,买盘
809,14:11:33,7.79,-0.01,81,63099,卖盘
810,14:11:30,7.8,--,529,412830,卖盘
811,14:11:27,7.8,-0.01,80,62400,卖盘
812,14:11:24,7.81,0.01,20,15620,买盘
813,14:11:18,7.8,-0.01,1187,925860,卖盘
814,14:11:15,7.81,--,60,46860,买盘
815,14:11:12,7.81,0.01,31,24211,买盘
816,14:11:09,7.8,-0.01,272,212160,卖盘
817,14:11:06,7.81,0.01,57,44517,买盘
818,14:11:03,7.8,-0.01,45,35100,卖盘
819,14:11:00,7.81,-0.01,592,462352,卖盘
820,14:10:57,7.82,0.01,535,418370,买盘
821,14:10:51,7.81,--,21,16401,卖盘
822,14:10:48,7.81,-0.01,10,7810,卖盘
823,14:10:45,7.82,0.02,3,2346,买盘
824,14:10:42,7.8,-0.01,50,39000,卖盘
825,14:10:39,7.81,--,77,60137,买盘
826,14:10:36,7.81,--,45,35145,买盘
827,14:10:33,7.81,--,96,74976,卖盘
828,14:10:30,7.81,-0.01,75,58575,卖盘
829,14:10:24,7.82,0.01,50,39100,买盘
830,14:10:21,7.81,--,58,45298,卖盘
831,14:10:18,7.81,--,5,3905,卖盘
832,14:10:15,7.81,--,6,4686,卖盘
833,14:10:12,7.81,--,50,39050,卖盘
834,14:10:09,7.81,--,32,24992,卖盘
835,14:10:06,7.81,--,55,42955,卖盘
836,14:10:03,7.81,--,43,33583,卖盘
837,14:10:00,7.81,0.01,45,35145,卖盘
838,14:09:54,7.8,-0.02,916,714480,卖盘
839,14:09:51,7.82,0.01,16,12512,买盘
840,14:09:48,7.81,-0.01,6,4686,卖盘
841,14:09:45,7.82,--,53,41446,买盘
842,14:09:42,7.82,--,102,79764,买盘
843,14:09:39,7.82,--,156,121992,买盘
844,14:09:36,7.82,0.01,22,17204,买盘
845,14:09:33,7.81,--,30,23430,卖盘
846,14:09:30,7.81,--,75,58575,卖盘
847,14:09:27,7.81,0.01,433,338173,买盘
848,14:09:24,7.8,-0.01,8,6240,卖盘
849,14:09:18,7.81,0.01,85,66385,买盘
850,14:09:15,7.8,--,281,219180,卖盘
851,14:09:12,7.8,0.01,1745,1361669,买盘
852,14:09:09,7.79,--,12,9348,卖盘
853,14:09:06,7.79,--,36,28044,卖盘
854,14:09:03,7.79,-0.01,47,36613,卖盘
855,14:09:00,7.8,0.01,4,3120,买盘
856,14:08:57,7.79,--,26,20254,卖盘
857,14:08:54,7.79,-0.01,2,1558,卖盘
858,14:08:51,7.8,0.01,304,237120,买盘
859,14:08:48,7.79,--,69,53751,买盘
860,14:08:45,7.79,--,173,134767,买盘
861,14:08:39,7.79,--,6,4674,买盘
862,14:08:36,7.79,0.01,36,28044,买盘
863,14:08:33,7.78,--,23,17894,卖盘
864,14:08:30,7.78,-0.02,51,39678,卖盘
865,14:08:27,7.8,0.01,117,91260,买盘
866,14:08:24,7.79,--,235,183065,卖盘
867,14:08:21,7.79,0.01,1702,1325858,买盘
868,14:08:18,7.78,--,265,206170,卖盘
869,14:08:15,7.78,--,35,27230,卖盘
870,14:08:12,7.78,--,81,63018,卖盘
871,14:08:09,7.78,--,116,90248,买盘
872,14:08:06,7.78,0.01,421,327538,买盘
873,14:08:03,7.77,-0.02,3138,2438226,卖盘
874,14:08:00,7.79,0.01,16,12464,买盘
875,14:07:57,7.78,-0.01,264,205392,卖盘
876,14:07:54,7.79,0.01,491,382489,买盘
877,14:07:51,7.78,-0.01,1303,1013734,卖盘
878,14:07:48,7.79,0.01,38,29602,买盘
879,14:07:45,7.78,--,64,49792,卖盘
880,14:07:42,7.78,-0.01,40,31120,卖盘
881,14:07:36,7.79,0.01,120,93480,买盘
882,14:07:33,7.78,-0.01,83,64574,卖盘
883,14:07:30,7.79,--,91,70889,买盘
884,14:07:27,7.79,0.01,277,215783,买盘
885,14:07:24,7.78,--,60,46680,卖盘
886,14:07:21,7.78,--,1192,927376,卖盘
887,14:07:18,7.78,-0.01,202,157156,卖盘
888,14:07:15,7.79,--,1169,910651,买盘
889,14:07:12,7.79,--,44,34276,买盘
890,14:07:09,7.79,0.01,12,9348,买盘
891,14:07:06,7.78,-0.01,1383,1075974,卖盘
892,14:07:03,7.79,--,59,45961,卖盘
893,14:07:00,7.79,-0.01,39,30381,卖盘
894,14:06:57,7.8,0.01,42,32760,买盘
895,14:06:54,7.79,--,424,330296,卖盘
896,14:06:51,7.79,--,1405,1094495,卖盘
897,14:06:48,7.79,-0.01,47,36613,卖盘
898,14:06:45,7.8,--,5,3900,买盘
899,14:06:42,7.8,0.01,8,6240,买盘
900,14:06:39,7.79,-0.01,84,65436,卖盘
901,14:06:36,7.8,--,204,159120,买盘
902,14:06:33,7.8,0.01,118,92040,买盘
903,14:06:30,7.79,--,228,177612,卖盘
904,14:06:27,7.79,-0.01,94,73226,卖盘
905,14:06:24,7.8,--,67,52260,买盘
906,14:06:21,7.8,--,72,56160,买盘
907,14:06:18,7.8,--,37,28860,买盘
908,14:06:15,7.8,-0.01,8018,6254250,卖盘
909,14:06:12,7.81,0.01,77,60137,买盘
910,14:06:09,7.8,-0.01,428,333840,卖盘
911,14:06:06,7.81,--,5062,3953422,卖盘
912,14:06:03,7.81,--,56,43736,卖盘
913,14:05:57,7.81,-0.01,88,68728,卖盘
914,14:05:54,7.82,--,139,108698,买盘
915,14:05:48,7.82,0.01,3,2346,买盘
916,14:05:45,7.81,--,20,15620,卖盘
917,14:05:42,7.81,--,1,781,卖盘
918,14:05:39,7.81,-0.01,45,35145,卖盘
919,14:05:36,7.82,0.01,2,1564,买盘
920,14:05:33,7.81,-0.01,176,137456,卖盘
921,14:05:27,7.82,--,54,42228,买盘
922,14:05:24,7.82,0.01,5,3910,买盘
923,14:05:21,7.81,--,10,7810,卖盘
924,14:05:18,7.81,--,17,13277,卖盘
925,14:05:12,7.81,--,9,7029,卖盘
926,14:05:09,7.81,--,8,6248,卖盘
927,14:05:06,7.81,--,46,35926,卖盘
928,14:05:03,7.81,--,50,39050,卖盘
929,14:05:00,7.81,-0.01,45,35145,卖盘
930,14:04:57,7.82,0.01,58,45356,买盘
931,14:04:54,7.81,--,33,25773,卖盘
932,14:04:51,7.81,--,50,39050,卖盘
933,14:04:45,7.81,--,21,16401,卖盘
934,14:04:42,7.81,-0.01,5613,4384330,卖盘
935,14:04:39,7.82,0.01,2,1564,买盘
936,14:04:36,7.81,--,59,46079,卖盘
937,14:04:33,7.81,-0.01,313,244453,卖盘
938,14:04:30,7.82,0.01,59,46138,买盘
939,14:04:27,7.81,-0.01,608,474848,卖盘
940,14:04:24,7.82,--,4,3128,买盘
941,14:04:21,7.82,--,57,44574,买盘
942,14:04:18,7.82,--,20,15640,买盘
943,14:04:15,7.82,--,63,49266,卖盘
944,14:04:12,7.82,--,18,14076,卖盘
945,14:04:09,7.82,0.01,360,281520,买盘
946,14:04:06,7.81,--,37,28897,卖盘
947,14:04:03,7.81,--,43,33583,卖盘
948,14:04:00,7.81,--,5,3905,卖盘
949,14:03:57,7.81,--,300,234300,卖盘
950,14:03:54,7.81,-0.01,20,15620,卖盘
951,14:03:51,7.82,0.01,2,1564,买盘
952,14:03:48,7.81,-0.01,17,13277,卖盘
953,14:03:45,7.82,0.01,50,39100,买盘
954,14:03:42,7.81,-0.01,1,781,卖盘
955,14:03:39,7.82,0.01,35,27370,买盘
956,14:03:36,7.81,-0.01,36,28116,卖盘
957,14:03:33,7.82,--,436,340952,卖盘
958,14:03:30,7.82,--,10,7820,卖盘
959,14:03:27,7.82,-0.01,34,26588,卖盘
960,14:03:24,7.83,0.01,20,15660,买盘
961,14:03:21,7.82,-0.01,40,31280,卖盘
962,14:03:18,7.83,0.01,205,160515,买盘
963,14:03:15,7.82,--,4,3128,卖盘
964,14:03:12,7.82,-0.01,1163,909466,卖盘
965,14:03:09,7.83,0.01,47,36801,买盘
966,14:03:06,7.82,--,79,61778,卖盘
967,14:03:03,7.82,-0.01,106,82892,卖盘
968,14:03:00,7.83,0.01,69,54027,买盘
969,14:02:57,7.82,-0.01,46,35972,卖盘
970,14:02:51,7.83,0.01,3,2349,买盘
971,14:02:45,7.82,--,7,5474,卖盘
972,14:02:42,7.82,--,200,156400,卖盘
973,14:02:36,7.82,--,1,782,卖盘
974,14:02:33,7.82,-0.01,67,52394,卖盘
975,14:02:30,7.83,0.01,11,8613,买盘
976,14:02:27,7.82,-0.01,37,28934,卖盘
977,14:02:24,7.83,--,70,54810,买盘
978,14:02:21,7.83,0.01,3,2349,买盘
979,14:02:18,7.82,--,97,75854,卖盘
980,14:02:09,7.82,--,5,3910,卖盘
981,14:02:06,7.82,--,68,53176,卖盘
982,14:02:03,7.82,-0.01,47,36754,卖盘
983,14:02:00,7.83,0.01,280,219240,买盘
984,14:01:57,7.82,-0.01,66,51612,卖盘
985,14:01:54,7.83,0.01,600,469800,买盘
986,14:01:51,7.82,--,18,14076,卖盘
987,14:01:48,7.82,-0.01,10,7820,卖盘
988,14:01:45,7.83,0.01,1,783,买盘
989,14:01:42,7.82,--,601,469982,卖盘
990,14:01:39,7.82,-0.01,1,782,卖盘
991,14:01:36,7.83,0.01,10,7830,买盘
992,14:01:33,7.82,--,41,32062,卖盘
993,14:01:30,7.82,--,33,25806,卖盘
994,14:01:27,7.82,--,1026,802332,卖盘
995,14:01:18,7.82,-0.01,1,782,卖盘
996,14:01:15,7.83,0.01,10,7830,买盘
997,14:01:06,7.82,--,129,100878,卖盘
998,14:01:03,7.82,--,58,45356,卖盘
999,14:01:00,7.82,--,4,3128,卖盘
1000,14:00:57,7.82,--,25,19550,卖盘
1001,14:00:54,7.82,--,15,11730,卖盘
1002,14:00:51,7.82,--,13,10166,卖盘
1003,14:00:48,7.82,-0.01,61,47702,卖盘
1004,14:00:45,7.83,0.01,42,32886,买盘
1005,14:00:42,7.82,-0.01,2,1564,卖盘
1006,14:00:39,7.83,--,12,9396,买盘
1007,14:00:36,7.83,0.01,22,17226,买盘
1008,14:00:33,7.82,-0.01,63,49266,卖盘
1009,14:00:30,7.83,0.01,25,19575,买盘
1010,14:00:27,7.82,--,25,19550,卖盘
1011,14:00:24,7.82,-0.01,17,13294,卖盘
1012,14:00:18,7.83,0.01,23,18009,买盘
1013,14:00:15,7.82,--,1,782,卖盘
1014,14:00:12,7.82,0.01,51,39882,中性盘
1015,14:00:06,7.81,-0.01,81,63261,卖盘
1016,14:00:03,7.82,--,54,42228,买盘
1017,14:00:00,7.82,--,80,62560,买盘
1018,13:59:57,7.82,--,241,188462,卖盘
1019,13:59:54,7.82,-0.01,65,50830,卖盘
1020,13:59:48,7.83,0.01,6,4698,买盘
1021,13:59:42,7.82,--,115,89930,卖盘
1022,13:59:39,7.82,--,1,782,卖盘
1023,13:59:36,7.82,--,70,54740,卖盘
1024,13:59:33,7.82,--,150,117300,卖盘
1025,13:59:30,7.82,--,504,394128,卖盘
1026,13:59:27,7.82,--,89,69598,卖盘
1027,13:59:24,7.82,--,1,782,卖盘
1028,13:59:21,7.82,-0.01,12,10040,卖盘
1029,13:59:18,7.83,0.01,60,46980,买盘
1030,13:59:15,7.82,--,2,1564,卖盘
1031,13:59:12,7.82,--,22,17204,卖盘
1032,13:59:06,7.82,--,37,28934,卖盘
1033,13:59:03,7.82,--,47,36754,卖盘
1034,13:59:00,7.82,--,30,23460,卖盘
1035,13:58:57,7.82,--,28,21896,卖盘
1036,13:58:54,7.82,-0.01,20,15640,卖盘
1037,13:58:51,7.83,0.01,11,8613,买盘
1038,13:58:48,7.82,--,334,261188,卖盘
1039,13:58:45,7.82,--,21,16422,卖盘
1040,13:58:42,7.82,--,2,1564,买盘
1041,13:58:39,7.82,--,50,39100,买盘
1042,13:58:33,7.82,--,125,97750,买盘
1043,13:58:30,7.82,0.01,18,14076,中性盘
1044,13:58:27,7.81,-0.02,544,424864,卖盘
1045,13:58:24,7.83,0.01,3,2349,买盘
1046,13:58:21,7.82,0.01,10,7820,中性盘
1047,13:58:09,7.81,-0.01,259,202279,卖盘
1048,13:58:06,7.82,--,69,53958,卖盘
1049,13:58:03,7.82,--,287,224434,卖盘
1050,13:57:57,7.82,--,25,19550,卖盘
1051,13:57:54,7.82,-0.01,139,108698,卖盘
1052,13:57:48,7.83,--,54,42282,买盘
1053,13:57:45,7.83,0.01,3,2349,买盘
1054,13:57:42,7.82,--,1840,1438880,卖盘
1055,13:57:39,7.82,--,1,782,卖盘
1056,13:57:36,7.82,--,1008,788256,卖盘
1057,13:57:33,7.82,-0.01,22,17204,卖盘
1058,13:57:27,7.83,--,43,33669,买盘
1059,13:57:24,7.83,0.01,48,37584,买盘
1060,13:57:21,7.82,--,2,1564,卖盘
1061,13:57:18,7.82,-0.01,21,16422,卖盘
1062,13:57:15,7.83,0.01,180,140940,买盘
1063,13:57:12,7.82,--,23,17986,卖盘
1064,13:57:09,7.82,--,399,312018,卖盘
1065,13:57:06,7.82,--,107,83674,卖盘
1066,13:57:03,7.82,--,22,17204,卖盘
1067,13:57:00,7.82,--,28,21896,卖盘
1068,13:56:57,7.82,-0.01,40,31280,卖盘
1069,13:56:54,7.83,0.01,7,5481,买盘
1070,13:56:51,7.82,--,4,3128,卖盘
1071,13:56:39,7.82,--,611,477802,卖盘
1072,13:56:36,7.82,-0.01,30,23460,卖盘
1073,13:56:33,7.83,--,21,16443,买盘
1074,13:56:27,7.83,--,20,15660,买盘
1075,13:56:24,7.83,--,5,3915,买盘
1076,13:56:21,7.83,0.01,19,14877,买盘
1077,13:56:18,7.82,-0.01,30,23460,卖盘
1078,13:56:15,7.83,--,593,464319,买盘
1079,13:56:12,7.83,--,5,3915,买盘
1080,13:56:09,7.83,0.01,3,2349,买盘
1081,13:56:06,7.82,--,74,57868,卖盘
1082,13:56:03,7.82,-0.01,8,6256,卖盘
1083,13:56:00,7.83,--,13,10179,买盘
1084,13:55:54,7.83,--,17,13311,买盘
1085,13:55:51,7.83,0.01,1,783,买盘
1086,13:55:48,7.82,--,3,2346,卖盘
1087,13:55:45,7.82,--,1,782,卖盘
1088,13:55:42,7.82,-0.01,3,2346,卖盘
1089,13:55:39,7.83,--,5,3915,买盘
1090,13:55:36,7.83,0.01,40,31320,买盘
1091,13:55:33,7.82,-0.01,41,32062,卖盘
1092,13:55:30,7.83,--,20,15660,买盘
1093,13:55:27,7.83,0.01,158,123714,买盘
1094,13:55:24,7.82,--,1,782,卖盘
1095,13:55:21,7.82,--,17,13294,卖盘
1096,13:55:18,7.82,-0.01,15,11730,卖盘
1097,13:55:15,7.83,--,3,2349,买盘
1098,13:55:12,7.83,--,124,97092,买盘
1099,13:55:09,7.83,0.01,6,4698,买盘
1100,13:55:06,7.82,-0.01,6,4692,卖盘
1101,13:55:03,7.83,--,4,3132,买盘
1102,13:55:00,7.83,--,3,2349,买盘
1103,13:54:57,7.83,0.01,3,2349,买盘
1104,13:54:51,7.82,--,7,5474,卖盘
1105,13:54:48,7.82,--,8,6256,卖盘
1106,13:54:45,7.82,--,17,13294,卖盘
1107,13:54:36,7.82,--,126,98532,卖盘
1108,13:54:33,7.82,-0.01,40,31280,卖盘
1109,13:54:24,7.83,0.01,5,3915,买盘
1110,13:54:18,7.82,--,29,22678,卖盘
1111,13:54:15,7.82,--,21,16422,卖盘
1112,13:54:12,7.82,--,8,6256,卖盘
1113,13:54:09,7.82,--,49,38318,卖盘
1114,13:54:06,7.82,--,5,3910,卖盘
1115,13:54:03,7.82,-0.01,42,32844,卖盘
1116,13:54:00,7.83,0.01,3,2349,买盘
1117,13:53:51,7.82,-0.01,2,1564,卖盘
1118,13:53:48,7.83,0.01,29,22707,买盘
1119,13:53:45,7.82,--,11,8602,卖盘
1120,13:53:42,7.82,--,40,31280,卖盘
1121,13:53:39,7.82,--,11,8602,卖盘
1122,13:53:36,7.82,--,553,432446,买盘
1123,13:53:33,7.82,--,302,236164,买盘
1124,13:53:30,7.82,--,20,15640,买盘
1125,13:53:24,7.82,0.01,80,62560,买盘
1126,13:53:21,7.81,-0.01,118,92158,卖盘
1127,13:53:18,7.82,--,10,7820,买盘
1128,13:53:15,7.82,--,22,17204,买盘
1129,13:53:12,7.82,--,351,274482,买盘
1130,13:53:09,7.82,0.01,160,125120,买盘
1131,13:53:06,7.81,--,8,6248,卖盘
1132,13:53:03,7.81,-0.01,540,421740,卖盘
1133,13:53:00,7.82,0.01,1,782,中性盘
1134,13:52:51,7.81,-0.02,278,217118,卖盘
1135,13:52:48,7.83,--,53,41499,买盘
1136,13:52:45,7.83,0.01,17,13311,买盘
1137,13:52:42,7.82,--,142,111513,买盘
1138,13:52:39,7.82,--,29,22678,买盘
1139,13:52:30,7.82,0.01,15,11730,买盘
1140,13:52:27,7.81,--,98,76538,卖盘
1141,13:52:24,7.81,--,103,80443,卖盘
1142,13:52:21,7.81,--,111,86691,卖盘
1143,13:52:18,7.81,-0.01,3,2343,卖盘
1144,13:52:15,7.82,--,7,5474,买盘
1145,13:52:12,7.82,--,112,87584,买盘
1146,13:52:09,7.82,0.01,101,78982,买盘
1147,13:52:06,7.81,-0.01,40,31240,卖盘
1148,13:52:03,7.82,0.01,125,97750,买盘
1149,13:52:00,7.81,-0.01,137,106997,卖盘
1150,13:51:57,7.82,--,2,1564,买盘
1151,13:51:54,7.82,--,13,10166,买盘
1152,13:51:51,7.82,--,12,9384,买盘
1153,13:51:48,7.82,0.01,52,40664,买盘
1154,13:51:45,7.81,-0.01,2,1562,卖盘
1155,13:51:42,7.82,0.01,47,36754,买盘
1156,13:51:39,7.81,-0.01,122,95282,卖盘
1157,13:51:33,7.82,--,12,9384,买盘
1158,13:51:30,7.82,--,5,3910,买盘
1159,13:51:24,7.82,0.01,101,78982,买盘
1160,13:51:21,7.81,-0.01,1,781,卖盘
1161,13:51:18,7.82,--,48,37536,买盘
1162,13:51:15,7.82,-0.01,290,227092,卖盘
1163,13:51:09,7.83,0.01,35,27405,买盘
1164,13:51:06,7.82,-0.01,5,3910,卖盘
1165,13:51:03,7.83,--,120,93960,买盘
1166,13:51:00,7.83,0.01,1,783,买盘
1167,13:50:57,7.82,--,118,92276,卖盘
1168,13:50:54,7.82,-0.01,130,101660,卖盘
1169,13:50:51,7.83,0.01,10,7830,买盘
1170,13:50:48,7.82,--,1,782,卖盘
1171,13:50:45,7.82,--,5,3910,卖盘
1172,13:50:39,7.82,--,66,51612,卖盘
1173,13:50:36,7.82,--,307,240074,卖盘
1174,13:50:33,7.82,-0.01,5,3910,卖盘
1175,13:50:30,7.83,--,167,130761,买盘
1176,13:50:27,7.83,0.01,319,249777,买盘
1177,13:50:24,7.82,-0.01,22,17204,卖盘
1178,13:50:21,7.83,0.01,11,8613,买盘
1179,13:50:18,7.82,--,10,7820,卖盘
1180,13:50:15,7.82,--,157,122774,卖盘
1181,13:50:12,7.82,--,100,78200,卖盘
1182,13:50:09,7.82,--,26,20332,卖盘
1183,13:50:06,7.82,-0.01,248,193936,卖盘
1184,13:50:03,7.83,--,42,32886,买盘
1185,13:50:00,7.83,--,149,116667,买盘
1186,13:49:54,7.83,0.01,5,3915,买盘
1187,13:49:48,7.82,-0.01,10,7820,卖盘
1188,13:49:45,7.83,0.01,39,30537,买盘
1189,13:49:42,7.82,-0.01,310,242420,卖盘
1190,13:49:39,7.83,--,34,26622,买盘
1191,13:49:33,7.83,--,43,33669,买盘
1192,13:49:30,7.83,--,69,54027,买盘
1193,13:49:27,7.83,0.01,571,447093,买盘
1194,13:49:24,7.82,-0.01,100,78200,卖盘
1195,13:49:21,7.83,0.01,77,60291,买盘
1196,13:49:18,7.82,-0.01,4,3128,卖盘
1197,13:49:15,7.83,--,33,25839,买盘
1198,13:49:12,7.83,0.01,374,292842,买盘
1199,13:49:09,7.82,-0.01,1,782,卖盘
1200,13:49:06,7.83,--,7,5481,买盘
1201,13:49:03,7.83,--,30,23490,买盘
1202,13:49:00,7.83,0.01,10,7830,买盘
1203,13:48:57,7.82,--,13,10166,卖盘
1204,13:48:54,7.82,--,1,782,卖盘
1205,13:48:51,7.82,-0.01,1,782,卖盘
1206,13:48:48,7.83,--,30,23490,买盘
1207,13:48:45,7.83,0.01,15,11745,买盘
1208,13:48:42,7.82,-0.01,67,52394,卖盘
1209,13:48:39,7.83,--,32,25056,买盘
1210,13:48:36,7.83,0.01,33,25839,买盘
1211,13:48:30,7.82,-0.01,1,782,卖盘
1212,13:48:27,7.83,0.01,62,49015,买盘
1213,13:48:24,7.82,--,4,3128,卖盘
1214,13:48:21,7.82,--,663,518466,卖盘
1215,13:48:18,7.82,--,4,3128,卖盘
1216,13:48:15,7.82,--,100,78200,卖盘
1217,13:48:09,7.82,--,48,37536,卖盘
1218,13:48:06,7.82,--,62,48484,卖盘
1219,13:48:03,7.82,-0.01,27,21114,卖盘
1220,13:47:57,7.83,0.01,105,82215,买盘
1221,13:47:54,7.82,--,276,215832,卖盘
1222,13:47:51,7.82,--,1,782,卖盘
1223,13:47:48,7.82,-0.01,3,2346,卖盘
1224,13:47:45,7.83,0.01,120,93960,买盘
1225,13:47:42,7.82,--,9,7038,卖盘
1226,13:47:39,7.82,-0.01,523,408986,卖盘
1227,13:47:36,7.83,--,22,17226,买盘
1228,13:47:33,7.83,0.01,200,156600,买盘
1229,13:47:30,7.82,-0.01,1,782,卖盘
1230,13:47:27,7.83,--,271,212193,买盘
1231,13:47:21,7.83,--,4,3132,买盘
1232,13:47:18,7.83,0.01,45,35235,买盘
1233,13:47:15,7.82,--,4,3683,卖盘
1234,13:47:12,7.82,--,4,3354,买盘
1235,13:47:09,7.82,-0.01,171,134277,卖盘
1236,13:47:06,7.83,0.01,225,176175,买盘
1237,13:47:03,7.82,-0.01,112,87584,卖盘
1238,13:46:57,7.83,0.01,29,22707,买盘
1239,13:46:54,7.82,--,1,782,卖盘
1240,13:46:51,7.82,-0.01,1,782,卖盘
1241,13:46:48,7.83,0.01,10,7830,买盘
1242,13:46:45,7.82,-0.01,114,89148,卖盘
1243,13:46:42,7.83,--,32,25056,买盘
1244,13:46:39,7.83,--,31,24273,买盘
1245,13:46:33,7.83,0.01,10,7830,买盘
1246,13:46:30,7.82,-0.01,6,4692,卖盘
1247,13:46:27,7.83,--,75,58725,买盘
1248,13:46:21,7.83,--,4,3132,买盘
1249,13:46:18,7.83,0.01,14,10962,买盘
1250,13:46:15,7.82,-0.01,1103,862546,卖盘
1251,13:46:12,7.83,--,40,31320,买盘
1252,13:46:09,7.83,--,52,40716,买盘
1253,13:46:06,7.83,0.01,4,3132,买盘
1254,13:46:03,7.82,-0.01,1,782,卖盘
1255,13:46:00,7.83,0.01,35,27405,买盘
1256,13:45:57,7.82,--,20,15640,卖盘
1257,13:45:54,7.82,--,55,43010,卖盘
1258,13:45:51,7.82,-0.01,1,782,卖盘
1259,13:45:48,7.83,--,261,204363,买盘
1260,13:45:42,7.83,--,1,783,买盘
1261,13:45:36,7.83,--,3,2349,买盘
1262,13:45:30,7.83,0.01,25,19575,买盘
1263,13:45:27,7.82,-0.01,30,23460,卖盘
1264,13:45:24,7.83,0.01,285,223155,买盘
1265,13:45:21,7.82,-0.01,48,37536,卖盘
1266,13:45:18,7.83,0.01,52,40716,买盘
1267,13:45:15,7.82,-0.01,13,10166,卖盘
1268,13:45:09,7.83,0.01,125,97875,买盘
1269,13:45:06,7.82,--,3,2346,卖盘
1270,13:45:03,7.82,-0.01,3,2346,卖盘
1271,13:45:00,7.83,0.01,39,30537,买盘
1272,13:44:57,7.82,-0.01,3,2346,卖盘
1273,13:44:54,7.83,--,36,28188,买盘
1274,13:44:48,7.83,--,7,5481,买盘
1275,13:44:45,7.83,--,22,17226,买盘
1276,13:44:42,7.83,--,1,783,买盘
1277,13:44:36,7.83,0.01,36,28188,买盘
1278,13:44:33,7.82,--,25,19550,卖盘
1279,13:44:30,7.82,-0.01,18,14076,卖盘
1280,13:44:27,7.83,0.01,41,32103,买盘
1281,13:44:24,7.82,-0.01,14,10948,卖盘
1282,13:44:21,7.83,0.01,143,111969,买盘
1283,13:44:18,7.82,-0.01,12,9384,卖盘
1284,13:44:12,7.83,0.01,12,9396,买盘
1285,13:44:09,7.82,--,22,17204,卖盘
1286,13:44:06,7.82,--,2,1564,卖盘
1287,13:44:03,7.82,-0.01,77,60214,卖盘
1288,13:44:00,7.83,0.01,10,7830,买盘
1289,13:43:57,7.82,-0.01,10,7820,卖盘
1290,13:43:54,7.83,--,5,3915,买盘
1291,13:43:51,7.83,0.01,10,7830,买盘
1292,13:43:48,7.82,-0.01,411,321402,卖盘
1293,13:43:45,7.83,--,119,93177,买盘
1294,13:43:42,7.83,0.01,7,5481,买盘
1295,13:43:39,7.82,--,21,16422,卖盘
1296,13:43:36,7.82,--,50,39100,卖盘
1297,13:43:33,7.82,--,15,11730,卖盘
1298,13:43:30,7.82,--,1,782,卖盘
1299,13:43:27,7.82,-0.01,1,782,卖盘
1300,13:43:24,7.83,--,7,5481,买盘
1301,13:43:21,7.83,--,5,3915,买盘
1302,13:43:18,7.83,0.01,21,16443,买盘
1303,13:43:15,7.82,--,322,251804,卖盘
1304,13:43:09,7.82,--,50,39100,卖盘
1305,13:43:06,7.82,--,31,24242,卖盘
1306,13:43:03,7.82,--,2,1564,卖盘
1307,13:42:57,7.82,-0.01,1,782,卖盘
1308,13:42:54,7.83,--,63,49329,买盘
1309,13:42:51,7.83,--,14,10962,买盘
1310,13:42:48,7.83,0.01,16,12528,买盘
1311,13:42:45,7.82,--,3,2346,卖盘
1312,13:42:42,7.82,--,34,26588,卖盘
1313,13:42:39,7.82,--,16,12512,卖盘
1314,13:42:36,7.82,--,111,86802,卖盘
1315,13:42:33,7.82,--,100,78200,卖盘
1316,13:42:30,7.82,--,4,3128,卖盘
1317,13:42:27,7.82,--,76,59432,卖盘
1318,13:42:24,7.82,-0.01,22,17430,卖盘
1319,13:42:21,7.83,0.01,2681,2099223,买盘
1320,13:42:18,7.82,--,53,41446,买盘
1321,13:42:15,7.82,--,2,1564,买盘
1322,13:42:12,7.82,0.01,73,57086,买盘
1323,13:42:09,7.81,-0.01,11,8591,卖盘
1324,13:42:06,7.82,--,107,83674,卖盘
1325,13:42:03,7.82,--,5,3910,卖盘
1326,13:42:00,7.82,--,81,63342,卖盘
1327,13:41:57,7.82,--,40,31280,卖盘
1328,13:41:54,7.82,--,71,55522,买盘
1329,13:41:51,7.82,--,14,10948,买盘
1330,13:41:48,7.82,0.01,3,2346,买盘
1331,13:41:45,7.81,--,24,18744,卖盘
1332,13:41:42,7.81,--,51,39831,卖盘
1333,13:41:39,7.81,-0.01,21,16401,卖盘
1334,13:41:36,7.82,-0.01,60,46920,卖盘
1335,13:41:33,7.83,0.01,147,115101,买盘
1336,13:41:30,7.82,--,11,8602,买盘
1337,13:41:27,7.82,--,17,13294,买盘
1338,13:41:24,7.82,--,315,246330,买盘
1339,13:41:21,7.82,0.01,32,25024,买盘
1340,13:41:18,7.81,-0.01,20,15620,卖盘
1341,13:41:15,7.82,--,22,17204,买盘
1342,13:41:12,7.82,--,37,28934,买盘
1343,13:41:09,7.82,--,38,29716,买盘
1344,13:41:06,7.82,--,137,107134,卖盘
1345,13:41:03,7.82,-0.01,6,4692,卖盘
1346,13:41:00,7.83,0.01,122,95526,买盘
1347,13:40:57,7.82,--,1,782,卖盘
1348,13:40:54,7.82,0.01,10,7820,卖盘
1349,13:40:51,7.81,-0.01,36,28889,卖盘
1350,13:40:48,7.82,--,594,464508,买盘
1351,13:40:45,7.82,0.01,82,64124,买盘
1352,13:40:42,7.81,-0.01,1032,805992,卖盘
1353,13:40:36,7.82,0.01,25,19550,买盘
1354,13:40:33,7.81,--,2,1562,卖盘
1355,13:40:30,7.81,-0.01,5,3905,卖盘
1356,13:40:27,7.82,0.01,11,8602,买盘
1357,13:40:24,7.81,-0.01,50,39050,卖盘
1358,13:40:21,7.82,0.01,16,12512,买盘
1359,13:40:18,7.81,-0.01,7,5467,卖盘
1360,13:40:15,7.82,--,98,76636,买盘
1361,13:40:12,7.82,--,123,96186,买盘
1362,13:40:09,7.82,0.01,5,3910,买盘
1363,13:40:06,7.81,--,43,33583,卖盘
1364,13:40:03,7.81,-0.01,6,4686,卖盘
1365,13:40:00,7.82,--,53,41446,买盘
1366,13:39:57,7.82,0.01,22,17204,买盘
1367,13:39:54,7.81,--,68,53108,卖盘
1368,13:39:51,7.81,--,1031,805211,卖盘
1369,13:39:48,7.81,-0.01,1,781,卖盘
1370,13:39:45,7.82,0.01,38,29716,买盘
1371,13:39:42,7.81,--,1,781,卖盘
1372,13:39:39,7.81,--,82,64042,卖盘
1373,13:39:36,7.81,-0.01,590,460790,卖盘
1374,13:39:33,7.82,0.01,4,3128,买盘
1375,13:39:30,7.81,-0.01,7,5467,卖盘
1376,13:39:27,7.82,--,20,15640,买盘
1377,13:39:24,7.82,--,54,42228,买盘
1378,13:39:18,7.82,0.01,98,76636,买盘
1379,13:39:15,7.81,-0.01,4,3124,卖盘
1380,13:39:12,7.82,0.01,142,111044,买盘
1381,13:39:06,7.81,0.01,3,2343,卖盘
1382,13:39:03,7.8,-0.01,338,263952,卖盘
1383,13:39:00,7.81,--,869,678689,买盘
1384,13:38:57,7.81,-0.01,869,679157,卖盘
1385,13:38:54,7.82,--,9,7038,买盘
1386,13:38:51,7.82,--,44,34408,买盘
1387,13:38:48,7.82,--,20,15640,买盘
1388,13:38:45,7.82,0.01,17,13294,买盘
1389,13:38:42,7.81,--,1,781,卖盘
1390,13:38:39,7.81,-0.01,40,31240,卖盘
1391,13:38:36,7.82,0.01,47,36754,买盘
1392,13:38:33,7.81,-0.01,34,26554,卖盘
1393,13:38:30,7.82,-0.01,284,222088,卖盘
1394,13:38:27,7.83,0.01,5,3915,买盘
1395,13:38:21,7.82,-0.01,31,24242,卖盘
1396,13:38:18,7.83,0.01,64,50112,买盘
1397,13:38:15,7.82,0.01,141,110262,卖盘
1398,13:38:12,7.81,-0.01,2029,1584649,卖盘
1399,13:38:09,7.82,--,35,27370,卖盘
1400,13:38:06,7.82,--,183,143106,卖盘
1401,13:38:03,7.82,0.01,143,111826,买盘
1402,13:38:00,7.81,-0.01,194,151514,卖盘
1403,13:37:57,7.82,-0.01,710,555220,卖盘
1404,13:37:54,7.83,0.01,7,5481,买盘
1405,13:37:48,7.82,--,6,4692,卖盘
1406,13:37:45,7.82,--,29,22678,卖盘
1407,13:37:42,7.82,-0.01,105,82110,卖盘
1408,13:37:39,7.83,--,23,18009,买盘
1409,13:37:36,7.83,0.01,72,56376,买盘
1410,13:37:30,7.82,--,140,109480,卖盘
1411,13:37:24,7.82,-0.01,36,28152,卖盘
1412,13:37:21,7.83,--,20,15660,买盘
1413,13:37:18,7.83,--,79,61857,卖盘
1414,13:37:15,7.83,--,20,15660,卖盘
1415,13:37:12,7.83,-0.01,113,88479,卖盘
1416,13:37:09,7.84,0.01,26,20384,买盘
1417,13:37:06,7.83,--,4,3132,卖盘
1418,13:37:03,7.83,--,5,3915,卖盘
1419,13:37:00,7.83,--,2,1566,卖盘
1420,13:36:57,7.83,--,84,65772,买盘
1421,13:36:54,7.83,--,14,10962,买盘
1422,13:36:51,7.83,0.02,6,4698,买盘
1423,13:36:48,7.81,--,437,341609,买盘
1424,13:36:45,7.81,--,845,659945,买盘
1425,13:36:42,7.81,--,742,579502,买盘
1426,13:36:39,7.81,0.01,124,96844,买盘
1427,13:36:36,7.8,-0.01,1095,854100,卖盘
1428,13:36:33,7.81,--,71,55451,买盘
1429,13:36:30,7.81,--,531,414711,买盘
1430,13:36:27,7.81,--,106,82786,买盘
1431,13:36:24,7.81,--,622,485782,买盘
1432,13:36:21,7.81,-0.03,6669,5208957,卖盘
1433,13:36:15,7.84,-0.01,233,182672,卖盘
1434,13:36:09,7.85,0.01,655,514175,买盘
1435,13:36:06,7.84,-0.01,2,1568,卖盘
1436,13:36:03,7.85,0.01,68,53380,买盘
1437,13:36:00,7.84,-0.01,5,3920,卖盘
1438,13:35:57,7.85,0.01,484,379940,买盘
1439,13:35:54,7.84,--,35,27440,卖盘
1440,13:35:48,7.84,--,4,3136,卖盘
1441,13:35:45,7.84,--,13,10192,卖盘
1442,13:35:42,7.84,--,7,5488,卖盘
1443,13:35:39,7.84,-0.01,23,18032,卖盘
1444,13:35:36,7.85,0.01,34,26690,买盘
1445,13:35:33,7.84,--,6,4704,卖盘
1446,13:35:30,7.84,--,6,4704,卖盘
1447,13:35:27,7.84,--,2,1568,卖盘
1448,13:35:24,7.84,-0.01,143,112112,卖盘
1449,13:35:18,7.85,0.01,41,32185,买盘
1450,13:35:15,7.84,--,117,91728,卖盘
1451,13:35:12,7.84,-0.01,15,11760,卖盘
1452,13:35:09,7.85,0.01,29,22765,买盘
1453,13:35:06,7.84,--,2,1568,卖盘
1454,13:35:03,7.84,--,106,83104,卖盘
1455,13:35:00,7.84,--,20,15680,卖盘
1456,13:34:57,7.84,-0.01,47,36848,卖盘
1457,13:34:54,7.85,0.01,76,59660,买盘
1458,13:34:48,7.84,-0.01,1,784,卖盘
1459,13:34:45,7.85,0.01,31,24335,买盘
1460,13:34:42,7.84,-0.01,1,784,卖盘
1461,13:34:36,7.85,--,15,11775,买盘
1462,13:34:33,7.85,0.01,41,32185,买盘
1463,13:34:30,7.84,--,4,3136,买盘
1464,13:34:27,7.84,--,60,47040,卖盘
1465,13:34:24,7.84,--,42,32928,买盘
1466,13:34:21,7.84,--,244,191296,买盘
1467,13:34:18,7.84,--,51,39984,买盘
1468,13:34:15,7.84,--,37,29008,买盘
1469,13:34:12,7.84,0.01,19,14896,买盘
1470,13:34:09,7.83,-0.01,70,54810,卖盘
1471,13:34:06,7.84,0.01,35,27440,买盘
1472,13:34:03,7.83,--,281,220023,卖盘
1473,13:34:00,7.83,-0.01,34,26622,卖盘
1474,13:33:57,7.84,--,9,7056,买盘
1475,13:33:54,7.84,--,32,25088,买盘
1476,13:33:51,7.84,--,135,105840,买盘
1477,13:33:48,7.84,0.02,677,530768,买盘
1478,13:33:45,7.82,-0.01,90,70380,卖盘
1479,13:33:42,7.83,--,560,438480,卖盘
1480,13:33:39,7.83,-0.01,4,3132,卖盘
1481,13:33:36,7.84,0.01,149,116816,买盘
1482,13:33:33,7.83,-0.01,590,461970,卖盘
1483,13:33:30,7.84,0.01,33,25872,买盘
1484,13:33:27,7.83,-0.01,347,271701,中性盘
1485,13:33:24,7.84,0.02,144,112896,买盘
1486,13:33:21,7.82,--,17,13294,卖盘
1487,13:33:18,7.82,--,428,334696,卖盘
1488,13:33:15,7.82,--,14,10948,卖盘
1489,13:33:12,7.82,--,41,32062,卖盘
1490,13:33:09,7.82,--,126,98532,卖盘
1491,13:33:06,7.82,-0.02,59,46138,卖盘
1492,13:33:03,7.84,0.01,779,610736,买盘
1493,13:33:00,7.83,0.01,35,27405,买盘
1494,13:32:57,7.82,-0.01,128,100096,卖盘
1495,13:32:54,7.83,0.01,49,38367,买盘
1496,13:32:51,7.82,--,49,38318,卖盘
1497,13:32:48,7.82,-0.01,34,26588,卖盘
1498,13:32:45,7.83,0.01,14,10962,买盘
1499,13:32:42,7.82,--,32,25024,卖盘
1500,13:32:39,7.82,--,20,15640,卖盘
1501,13:32:36,7.82,--,20,15640,卖盘
1502,13:32:33,7.82,0.01,26,20332,买盘
1503,13:32:30,7.81,-0.01,325,253825,卖盘
1504,13:32:27,7.82,-0.01,23,17986,卖盘
1505,13:32:24,7.83,0.02,75,58725,买盘
1506,13:32:21,7.81,-0.01,370,288970,卖盘
1507,13:32:18,7.82,--,199,155618,卖盘
1508,13:32:15,7.82,--,9,7038,卖盘
1509,13:32:12,7.82,-0.01,10,7820,卖盘
1510,13:32:09,7.83,0.01,22,17226,买盘
1511,13:32:06,7.82,--,81,63342,卖盘
1512,13:32:03,7.82,--,73,57086,卖盘
1513,13:32:00,7.82,--,11,8602,卖盘
1514,13:31:57,7.82,--,595,465290,买盘
1515,13:31:54,7.82,0.01,13,10166,买盘
1516,13:31:51,7.81,-0.01,382,298342,卖盘
1517,13:31:48,7.82,--,777,607614,买盘
1518,13:31:45,7.82,0.01,73,57086,买盘
1519,13:31:42,7.81,--,653,509993,卖盘
1520,13:31:39,7.81,-0.02,696,543576,卖盘
1521,13:31:36,7.83,0.02,26,20358,买盘
1522,13:31:33,7.81,-0.02,9531,7443711,卖盘
1523,13:31:30,7.83,0.01,181,141723,买盘
1524,13:31:27,7.82,0.01,107,83986,买盘
1525,13:31:24,7.81,--,5,3905,卖盘
1526,13:31:21,7.81,--,58,45298,卖盘
1527,13:31:18,7.81,--,146,114026,卖盘
1528,13:31:15,7.81,-0.01,47,36707,卖盘
1529,13:31:12,7.82,-0.01,3946,3086241,卖盘
1530,13:31:09,7.83,--,639,500337,买盘
1531,13:31:03,7.83,0.01,38,29754,买盘
1532,13:31:00,7.82,--,216,168912,卖盘
1533,13:30:57,7.82,--,30,23460,卖盘
1534,13:30:54,7.82,--,108,84456,卖盘
1535,13:30:51,7.82,--,60,46920,卖盘
1536,13:30:48,7.82,-0.01,1,782,卖盘
1537,13:30:42,7.83,--,44,34452,卖盘
1538,13:30:39,7.83,--,227,177741,卖盘
1539,13:30:36,7.83,--,800,626400,卖盘
1540,13:30:33,7.83,--,142,111186,卖盘
1541,13:30:30,7.83,--,129,101007,卖盘
1542,13:30:27,7.83,--,614,480762,卖盘
1543,13:30:24,7.83,-0.01,42,32886,卖盘
1544,13:30:21,7.84,0.01,13,10192,买盘
1545,13:30:18,7.83,--,101,79083,卖盘
1546,13:30:15,7.83,-0.01,1283,1004589,卖盘
1547,13:30:12,7.84,0.01,7,5488,买盘
1548,13:30:09,7.83,-0.01,43,33669,卖盘
1549,13:30:06,7.84,--,2494,1955296,卖盘
1550,13:30:03,7.84,--,5,3920,卖盘
1551,13:30:00,7.84,-0.01,70,54880,卖盘
1552,13:29:57,7.85,0.01,19,14915,买盘
1553,13:29:54,7.84,-0.01,2,1568,卖盘
1554,13:29:51,7.85,0.01,32,25120,买盘
1555,13:29:45,7.84,-0.01,39,30576,卖盘
1556,13:29:42,7.85,0.01,22,17270,买盘
1557,13:29:39,7.84,--,62,48608,卖盘
1558,13:29:36,7.84,-0.01,78,61152,卖盘
1559,13:29:33,7.85,0.01,2,1570,买盘
1560,13:29:30,7.84,--,18,14112,卖盘
1561,13:29:27,7.84,-0.01,30,23520,卖盘
1562,13:29:24,7.85,--,76,60264,卖盘
1563,13:29:21,7.85,0.01,643,504935,买盘
1564,13:29:18,7.84,--,28,21952,卖盘
1565,13:29:15,7.84,--,207,162288,卖盘
1566,13:29:12,7.84,--,108,84672,卖盘
1567,13:29:09,7.84,-0.01,6,4704,卖盘
1568,13:29:06,7.85,0.01,85,66725,买盘
1569,13:29:03,7.84,--,171,134064,卖盘
1570,13:29:00,7.84,--,150,117600,卖盘
1571,13:28:57,7.84,-0.01,53,41552,卖盘
1572,13:28:54,7.85,--,10,7850,买盘
1573,13:28:51,7.85,--,10,7850,买盘
1574,13:28:48,7.85,0.01,19,14915,买盘
1575,13:28:45,7.84,-0.01,36,28224,卖盘
1576,13:28:42,7.85,0.01,7,5495,买盘
1577,13:28:39,7.84,--,756,592704,卖盘
1578,13:28:30,7.84,--,5,3920,卖盘
1579,13:28:27,7.84,-0.01,5,3920,卖盘
1580,13:28:24,7.85,0.01,39,30615,买盘
1581,13:28:21,7.84,-0.01,37,29008,卖盘
1582,13:28:15,7.85,-0.01,330,259654,卖盘
1583,13:28:12,7.86,0.01,72,56592,买盘
1584,13:28:09,7.85,--,103,80855,卖盘
1585,13:28:06,7.85,--,15,11775,卖盘
1586,13:28:03,7.85,--,36,28260,卖盘
1587,13:28:00,7.85,-0.01,21,16485,卖盘
1588,13:27:57,7.86,0.01,53,41658,买盘
1589,13:27:54,7.85,-0.01,30,23550,卖盘
1590,13:27:51,7.86,0.01,23,18078,买盘
1591,13:27:48,7.85,--,193,151505,卖盘
1592,13:27:45,7.85,-0.01,114,89490,卖盘
1593,13:27:42,7.86,0.01,57,44802,买盘
1594,13:27:39,7.85,--,68,53380,卖盘
1595,13:27:36,7.85,-0.01,114,89490,卖盘
1596,13:27:33,7.86,0.01,44,34584,买盘
1597,13:27:30,7.85,--,104,81640,卖盘
1598,13:27:24,7.85,--,2,1570,卖盘
1599,13:27:21,7.85,-0.01,1381,1084085,卖盘
1600,13:27:18,7.86,0.01,18,14148,买盘
1601,13:27:15,7.85,-0.01,14,10990,卖盘
1602,13:27:12,7.86,--,45,35370,买盘
1603,13:27:09,7.86,--,39,30654,买盘
1604,13:27:03,7.86,--,36,28296,买盘
1605,13:27:00,7.86,0.01,6,4716,买盘
1606,13:26:57,7.85,-0.01,103,80855,卖盘
1607,13:26:54,7.86,--,68,53448,买盘
1608,13:26:51,7.86,0.01,34,26724,买盘
1609,13:26:48,7.85,-0.01,3,2355,卖盘
1610,13:26:42,7.86,0.01,1,786,中性盘
1611,13:26:39,7.85,--,141,110685,卖盘
1612,13:26:33,7.85,--,37,29225,卖盘
1613,13:26:30,7.85,-0.01,57,44745,卖盘
1614,13:26:27,7.86,0.01,20,15720,买盘
1615,13:26:24,7.85,-0.01,53,41605,卖盘
1616,13:26:21,7.86,0.01,5,3930,买盘
1617,13:26:18,7.85,--,21,16485,卖盘
1618,13:26:15,7.85,--,7,5495,卖盘
1619,13:26:12,7.85,-0.01,117,91845,卖盘
1620,13:26:09,7.86,--,38,30473,卖盘
1621,13:26:06,7.86,--,19,14934,卖盘
1622,13:26:03,7.86,--,13,10398,买盘
1623,13:25:57,7.86,--,330,259985,卖盘
1624,13:25:54,7.86,--,117,91962,卖盘
1625,13:25:48,7.86,0.01,660,518940,买盘
1626,13:25:45,7.85,-0.01,1894,1487394,卖盘
1627,13:25:42,7.86,--,93,73098,卖盘
1628,13:25:39,7.86,--,54,42444,卖盘
1629,13:25:36,7.86,-0.01,2,1572,卖盘
1630,13:25:33,7.87,0.01,9,7083,买盘
1631,13:25:30,7.86,--,503,395358,卖盘
1632,13:25:27,7.86,--,37,29082,卖盘
1633,13:25:24,7.86,-0.01,129,101394,卖盘
1634,13:25:21,7.87,--,7,5509,买盘
1635,13:25:18,7.87,0.01,331,260497,买盘
1636,13:25:15,7.86,--,4,3144,卖盘
1637,13:25:12,7.86,-0.01,12,9432,卖盘
1638,13:25:09,7.87,0.01,251,197537,买盘
1639,13:25:06,7.86,--,180,141480,卖盘
1640,13:25:03,7.86,-0.01,58,45588,卖盘
1641,13:25:00,7.87,--,14,11018,买盘
1642,13:24:57,7.87,--,25,19675,买盘
1643,13:24:54,7.87,0.01,12,9444,买盘
1644,13:24:51,7.86,-0.01,21,16506,卖盘
1645,13:24:48,7.87,--,61,48007,买盘
1646,13:24:42,7.87,--,2,1574,买盘
1647,13:24:39,7.87,0.01,32,25184,买盘
1648,13:24:36,7.86,--,7,5502,卖盘
1649,13:24:33,7.86,--,49,38514,卖盘
1650,13:24:30,7.86,-0.01,19,14934,卖盘
1651,13:24:27,7.87,--,112,88144,买盘
1652,13:24:24,7.87,0.01,4,3148,买盘
1653,13:24:21,7.86,-0.01,24,18864,卖盘
1654,13:24:18,7.87,0.01,12,9444,买盘
1655,13:24:15,7.86,--,9,7074,卖盘
1656,13:24:12,7.86,-0.01,32,25152,卖盘
1657,13:24:09,7.87,--,39,30693,买盘
1658,13:24:06,7.87,0.01,53,41711,买盘
1659,13:24:03,7.86,-0.01,32,25152,卖盘
1660,13:24:00,7.87,--,10,7870,买盘
1661,13:23:57,7.87,--,115,90505,买盘
1662,13:23:54,7.87,0.01,36,28332,买盘
1663,13:23:51,7.86,-0.01,44,34584,卖盘
1664,13:23:48,7.87,0.01,205,161335,买盘
1665,13:23:45,7.86,--,93,73098,卖盘
1666,13:23:39,7.86,-0.01,35,27510,卖盘
1667,13:23:36,7.87,0.01,2,1574,买盘
1668,13:23:33,7.86,--,111,87246,卖盘
1669,13:23:30,7.86,--,54,42444,卖盘
1670,13:23:27,7.86,-0.01,121,95106,卖盘
1671,13:23:21,7.87,0.01,103,81061,买盘
1672,13:23:18,7.86,-0.01,1,786,卖盘
1673,13:23:15,7.87,0.01,75,59025,买盘
1674,13:23:12,7.86,--,15,11790,卖盘
1675,13:23:09,7.86,--,42,33012,卖盘
1676,13:23:06,7.86,--,105,82530,卖盘
1677,13:23:03,7.86,--,8,6288,卖盘
1678,13:23:00,7.86,--,300,235800,卖盘
1679,13:22:57,7.86,--,47,36942,卖盘
1680,13:22:54,7.86,--,97,76242,卖盘
1681,13:22:51,7.86,--,14,11004,卖盘
1682,13:22:48,7.86,--,15,11790,卖盘
1683,13:22:45,7.86,--,67,52662,卖盘
1684,13:22:42,7.86,-0.01,25,19650,卖盘
1685,13:22:39,7.87,--,20,15740,买盘
1686,13:22:36,7.87,0.01,44,34628,买盘
1687,13:22:33,7.86,-0.01,10,7860,卖盘
1688,13:22:30,7.87,0.01,66,51942,买盘
1689,13:22:27,7.86,-0.01,91,71526,卖盘
1690,13:22:24,7.87,--,98,77126,买盘
1691,13:22:21,7.87,--,19,14953,买盘
1692,13:22:18,7.87,0.01,48,37776,买盘
1693,13:22:15,7.86,-0.01,94,73884,卖盘
1694,13:22:12,7.87,--,85,66895,买盘
1695,13:22:09,7.87,--,476,374612,卖盘
1696,13:22:06,7.87,--,318,250266,卖盘
1697,13:22:03,7.87,-0.01,13,10231,卖盘
1698,13:22:00,7.88,0.01,82,64616,买盘
1699,13:21:57,7.87,--,1,787,卖盘
1700,13:21:54,7.87,-0.01,33,25971,卖盘
1701,13:21:51,7.88,0.01,5,3940,买盘
1702,13:21:48,7.87,0.01,21,16527,中性盘
1703,13:21:45,7.86,-0.01,187,147736,卖盘
1704,13:21:42,7.87,--,406,319522,买盘
1705,13:21:39,7.87,--,225,177075,买盘
1706,13:21:36,7.87,0.01,74,58238,买盘
1707,13:21:33,7.86,--,32,25152,卖盘
1708,13:21:30,7.86,-0.01,33,25938,卖盘
1709,13:21:27,7.87,--,18,14166,买盘
1710,13:21:24,7.87,0.01,32,25184,买盘
1711,13:21:21,7.86,-0.01,61,47946,卖盘
1712,13:21:18,7.87,0.01,87,68469,买盘
1713,13:21:15,7.86,--,250,196500,卖盘
1714,13:21:12,7.86,-0.01,186,146196,卖盘
1715,13:21:09,7.87,--,179,140873,买盘
1716,13:21:06,7.87,--,200,157400,买盘
1717,13:21:03,7.87,0.01,257,202259,买盘
1718,13:21:00,7.86,-0.01,15,11790,卖盘
1719,13:20:57,7.87,--,59,46433,买盘
1720,13:20:54,7.87,0.01,14,11018,买盘
1721,13:20:51,7.86,-0.01,5,3930,卖盘
1722,13:20:48,7.87,0.01,181,142447,买盘
1723,13:20:45,7.86,-0.01,76,59736,卖盘
1724,13:20:42,7.87,--,50,39350,买盘
1725,13:20:39,7.87,0.01,90,70830,买盘
1726,13:20:36,7.86,--,27,21222,卖盘
1727,13:20:33,7.86,--,5,3930,卖盘
1728,13:20:30,7.86,--,15,11790,卖盘
1729,13:20:27,7.86,--,23,18078,卖盘
1730,13:20:24,7.86,0.01,3463,2722130,买盘
1731,13:20:21,7.85,--,430,337550,卖盘
1732,13:20:18,7.85,--,33,25905,卖盘
1733,13:20:15,7.85,--,15,11775,卖盘
1734,13:20:09,7.85,--,42,32970,卖盘
1735,13:20:06,7.85,-0.01,35,27475,卖盘
1736,13:20:03,7.86,0.01,627,492822,买盘
1737,13:20:00,7.85,-0.01,67,52595,卖盘
1738,13:19:57,7.86,0.01,32,25152,买盘
1739,13:19:54,7.85,-0.01,1,785,卖盘
1740,13:19:51,7.86,0.01,236,185496,买盘
1741,13:19:48,7.85,--,39,30615,买盘
1742,13:19:45,7.85,--,114,89490,买盘
1743,13:19:42,7.85,--,105,82425,买盘
1744,13:19:39,7.85,--,2,1570,买盘
1745,13:19:36,7.85,0.01,1299,1019715,买盘
1746,13:19:33,7.84,--,10,7840,卖盘
1747,13:19:30,7.84,--,15,11760,卖盘
1748,13:19:27,7.84,--,204,159936,卖盘
1749,13:19:24,7.84,--,56,43904,卖盘
1750,13:19:21,7.84,--,407,319088,卖盘
1751,13:19:18,7.84,--,40,31360,卖盘
1752,13:19:15,7.84,--,75,58800,卖盘
1753,13:19:12,7.84,--,104,81536,卖盘
1754,13:19:09,7.84,0.01,660,518067,买盘
1755,13:19:06,7.83,-0.01,63,49329,卖盘
1756,13:19:03,7.84,--,55,43120,买盘
1757,13:19:00,7.84,--,198,155232,买盘
1758,13:18:57,7.84,--,158,123872,买盘
1759,13:18:54,7.84,--,468,367068,卖盘
1760,13:18:48,7.84,--,61,47824,卖盘
1761,13:18:45,7.84,--,20,15680,卖盘
1762,13:18:36,7.84,--,10,7840,卖盘
1763,13:18:33,7.84,-0.01,35,27440,卖盘
1764,13:18:30,7.85,0.01,61,47885,买盘
1765,13:18:27,7.84,--,20,15680,卖盘
1766,13:18:24,7.84,-0.01,64,50176,卖盘
1767,13:18:18,7.85,0.01,224,175840,买盘
1768,13:18:15,7.84,--,5,3920,卖盘
1769,13:18:12,7.84,--,6,4704,卖盘
1770,13:18:09,7.84,--,23,18032,卖盘
1771,13:18:06,7.84,--,5,3920,卖盘
1772,13:18:03,7.84,--,26,20384,卖盘
1773,13:18:00,7.84,-0.01,26,20384,卖盘
1774,13:17:57,7.85,0.01,34,26690,买盘
1775,13:17:54,7.84,-0.01,12,9408,卖盘
1776,13:17:51,7.85,0.01,41,32185,买盘
1777,13:17:48,7.84,0.01,32,25715,买盘
1778,13:17:45,7.83,--,136,106488,卖盘
1779,13:17:42,7.83,-0.01,3,2349,卖盘
1780,13:17:39,7.84,--,368,288512,买盘
1781,13:17:36,7.84,0.01,20,15680,买盘
1782,13:17:33,7.83,-0.01,115,90045,卖盘
1783,13:17:30,7.84,0.01,230,180320,买盘
1784,13:17:27,7.83,--,17,13311,卖盘
1785,13:17:24,7.83,--,47,36801,卖盘
1786,13:17:21,7.83,--,3,2349,卖盘
1787,13:17:18,7.83,--,9,7047,卖盘
1788,13:17:15,7.83,--,6,4698,卖盘
1789,13:17:12,7.83,--,18,14094,卖盘
1790,13:17:09,7.83,--,75,58725,卖盘
1791,13:17:06,7.83,--,54,42282,卖盘
1792,13:17:03,7.83,--,13,10179,卖盘
1793,13:17:00,7.83,--,3,2349,卖盘
1794,13:16:57,7.83,--,9,7047,卖盘
1795,13:16:54,7.83,-0.01,10,7830,卖盘
1796,13:16:51,7.84,0.01,9,7056,买盘
1797,13:16:45,7.83,--,55,43065,卖盘
1798,13:16:42,7.83,--,26,20358,卖盘
1799,13:16:39,7.83,-0.01,3,2349,卖盘
1800,13:16:36,7.84,0.01,29,22736,买盘
1801,13:16:33,7.83,--,18,14094,卖盘
1802,13:16:27,7.83,--,1,783,卖盘
1803,13:16:24,7.83,--,47,36801,卖盘
1804,13:16:21,7.83,-0.01,26,20358,卖盘
1805,13:16:18,7.84,0.01,33,25872,买盘
1806,13:16:15,7.83,--,104,81432,卖盘
1807,13:16:12,7.83,-0.01,17,13311,卖盘
1808,13:16:09,7.84,0.01,30,23520,买盘
1809,13:16:03,7.83,-0.01,4,3132,卖盘
1810,13:16:00,7.84,0.01,94,73696,买盘
1811,13:15:57,7.83,--,60,46980,卖盘
1812,13:15:54,7.83,--,14,10962,卖盘
1813,13:15:51,7.83,--,19,14877,卖盘
1814,13:15:45,7.83,-0.01,2,1566,卖盘
1815,13:15:42,7.84,0.01,33,25872,买盘
1816,13:15:39,7.83,-0.01,29,22707,卖盘
1817,13:15:36,7.84,0.01,240,188160,买盘
1818,13:15:33,7.83,--,32,25056,卖盘
1819,13:15:27,7.83,--,95,74385,卖盘
1820,13:15:24,7.83,-0.01,20,15660,卖盘
1821,13:15:21,7.84,0.01,1,784,买盘
1822,13:15:18,7.83,--,24,18792,卖盘
1823,13:15:15,7.83,--,4,3132,卖盘
1824,13:15:12,7.83,--,19,14877,卖盘
1825,13:15:09,7.83,--,9,7047,卖盘
1826,13:15:06,7.83,--,5,3915,卖盘
1827,13:15:03,7.83,--,3,2349,卖盘
1828,13:15:00,7.83,-0.01,2,1566,卖盘
1829,13:14:57,7.84,0.01,8,6272,买盘
1830,13:14:54,7.83,-0.01,36,28188,卖盘
1831,13:14:51,7.84,0.01,8,6272,买盘
1832,13:14:48,7.83,--,1,783,卖盘
1833,13:14:45,7.83,-0.01,19,14877,卖盘
1834,13:14:42,7.84,0.01,383,300272,买盘
1835,13:14:39,7.83,--,257,201231,卖盘
1836,13:14:36,7.83,--,120,93960,卖盘
1837,13:14:33,7.83,--,20,15660,卖盘
1838,13:14:30,7.83,-0.01,50,39150,卖盘
1839,13:14:27,7.84,0.01,18,14112,买盘
1840,13:14:24,7.83,--,71,55593,卖盘
1841,13:14:21,7.83,--,210,164430,卖盘
1842,13:14:18,7.83,--,23,18009,卖盘
1843,13:14:15,7.83,--,4,3132,卖盘
1844,13:14:12,7.83,--,92,72036,卖盘
1845,13:14:09,7.83,--,5,3915,卖盘
1846,13:14:06,7.83,-0.01,8,6264,卖盘
1847,13:14:03,7.84,0.01,27,21168,买盘
1848,13:14:00,7.83,-0.01,29,22707,卖盘
1849,13:13:57,7.84,0.01,2,1568,买盘
1850,13:13:54,7.83,-0.01,1,783,卖盘
1851,13:13:51,7.84,0.01,2,1568,买盘
1852,13:13:48,7.83,--,17,13311,卖盘
1853,13:13:45,7.83,--,3,2349,卖盘
1854,13:13:42,7.83,--,1,783,卖盘
1855,13:13:39,7.83,--,85,66555,卖盘
1856,13:13:36,7.83,--,27,21141,卖盘
1857,13:13:33,7.83,-0.01,16,12528,卖盘
1858,13:13:30,7.84,0.01,21,16464,买盘
1859,13:13:27,7.83,-0.01,427,334341,卖盘
1860,13:13:21,7.84,--,1,784,买盘
1861,13:13:18,7.84,0.01,9,7056,买盘
1862,13:13:15,7.83,-0.01,55,43065,卖盘
1863,13:13:12,7.84,--,38,29792,买盘
1864,13:13:09,7.84,0.01,7,5488,买盘
1865,13:13:06,7.83,-0.01,41,32103,卖盘
1866,13:13:03,7.84,--,29,22736,买盘
1867,13:13:00,7.84,0.01,161,126224,买盘
1868,13:12:54,7.83,-0.01,106,82998,卖盘
1869,13:12:51,7.84,--,2,1568,买盘
1870,13:12:48,7.84,0.01,16,12544,买盘
1871,13:12:45,7.83,--,57,44631,卖盘
1872,13:12:42,7.83,-0.01,53,41499,卖盘
1873,13:12:39,7.84,--,22,17248,买盘
1874,13:12:36,7.84,0.01,20,15680,买盘
1875,13:12:33,7.83,--,9,7047,卖盘
1876,13:12:30,7.83,--,13,10179,卖盘
1877,13:12:27,7.83,--,1,783,卖盘
1878,13:12:24,7.83,-0.01,26,20358,卖盘
1879,13:12:21,7.84,0.01,29,22736,买盘
1880,13:12:18,7.83,--,14,10962,卖盘
1881,13:12:15,7.83,--,62,48546,卖盘
1882,13:12:09,7.83,--,53,41499,卖盘
1883,13:12:06,7.83,--,11,8613,卖盘
1884,13:12:03,7.83,-0.01,197,154251,卖盘
1885,13:12:00,7.84,0.01,49,38416,买盘
1886,13:11:57,7.83,--,90,70470,卖盘
1887,13:11:54,7.83,--,172,134676,买盘
1888,13:11:51,7.83,--,82,64206,卖盘
1889,13:11:48,7.83,0.01,18,14094,买盘
1890,13:11:45,7.82,-0.01,2201,1721182,卖盘
1891,13:11:42,7.83,0.01,127,99441,买盘
1892,13:11:36,7.82,--,2,1564,卖盘
1893,13:11:33,7.82,-0.01,15,11730,卖盘
1894,13:11:30,7.83,--,27,21141,买盘
1895,13:11:27,7.83,--,36,28188,中性盘
1896,13:11:24,7.83,-0.01,34,26622,买盘
1897,13:11:21,7.84,0.02,242,189728,买盘
1898,13:11:18,7.82,--,23,17986,卖盘
1899,13:11:15,7.82,--,4,3128,卖盘
1900,13:11:12,7.82,-0.01,1340,1047880,卖盘
1901,13:11:09,7.83,--,26,20358,买盘
1902,13:11:06,7.83,--,8,6264,买盘
1903,13:11:03,7.83,--,191,149709,卖盘
1904,13:11:00,7.83,--,5,3915,卖盘
1905,13:10:54,7.83,--,126,98658,卖盘
1906,13:10:51,7.83,--,2,1566,卖盘
1907,13:10:45,7.83,--,1,783,卖盘
1908,13:10:42,7.83,--,41,32103,卖盘
1909,13:10:39,7.83,--,39,30537,卖盘
1910,13:10:36,7.83,--,2,1566,卖盘
1911,13:10:33,7.83,--,3,2349,卖盘
1912,13:10:30,7.83,0.01,41,32729,买盘
1913,13:10:27,7.82,-0.01,2,1564,卖盘
1914,13:10:24,7.83,--,36,28188,买盘
1915,13:10:21,7.83,--,46,36018,买盘
1916,13:10:18,7.83,--,83,65145,卖盘
1917,13:10:15,7.83,--,13,10179,卖盘
1918,13:10:12,7.83,-0.01,53,41499,卖盘
1919,13:10:09,7.84,0.01,30,23520,买盘
1920,13:10:06,7.83,--,1,783,卖盘
1921,13:10:03,7.83,-0.01,3,2349,卖盘
1922,13:10:00,7.84,--,40,31360,买盘
1923,13:09:57,7.84,0.01,1853,1452752,买盘
1924,13:09:54,7.83,--,5,3915,卖盘
1925,13:09:51,7.83,-0.01,200,156600,卖盘
1926,13:09:48,7.84,0.01,16,12544,买盘
1927,13:09:45,7.83,--,57,44631,卖盘
1928,13:09:42,7.83,-0.01,26,20358,卖盘
1929,13:09:36,7.84,--,16,12544,买盘
1930,13:09:33,7.84,0.01,3,2352,买盘
1931,13:09:30,7.83,--,9,7047,卖盘
1932,13:09:27,7.83,-0.01,25,19575,卖盘
1933,13:09:24,7.84,0.01,13,10192,买盘
1934,13:09:21,7.83,-0.01,3,2349,卖盘
1935,13:09:18,7.84,0.01,12,9408,买盘
1936,13:09:15,7.83,-0.01,8,6264,卖盘
1937,13:09:12,7.84,--,24,18816,买盘
1938,13:09:09,7.84,0.01,114,89376,买盘
1939,13:09:03,7.83,-0.01,9,7047,卖盘
1940,13:09:00,7.84,0.01,14,10976,买盘
1941,13:08:54,7.83,-0.01,1,783,卖盘
1942,13:08:51,7.84,-0.01,243,190512,卖盘
1943,13:08:48,7.85,0.01,542,425470,买盘
1944,13:08:45,7.84,--,9,7056,卖盘
1945,13:08:42,7.84,--,54,42336,卖盘
1946,13:08:39,7.84,--,142,111328,卖盘
1947,13:08:36,7.84,-0.01,37,29008,卖盘
1948,13:08:33,7.85,0.01,3,2355,买盘
1949,13:08:30,7.84,--,13,10192,卖盘
1950,13:08:27,7.84,--,25,19600,卖盘
1951,13:08:24,7.84,--,144,112896,卖盘
1952,13:08:21,7.84,--,101,79184,卖盘
1953,13:08:18,7.84,--,3,2352,卖盘
1954,13:08:15,7.84,--,16,12544,卖盘
1955,13:08:12,7.84,--,51,39984,卖盘
1956,13:08:09,7.84,-0.01,1,784,卖盘
1957,13:08:03,7.85,0.01,8,6280,买盘
1958,13:08:00,7.84,--,23,18032,卖盘
1959,13:07:57,7.84,--,35,27440,卖盘
1960,13:07:54,7.84,--,201,157584,卖盘
1961,13:07:51,7.84,-0.01,55,43120,卖盘
1962,13:07:48,7.85,0.01,372,292020,买盘
1963,13:07:45,7.84,--,115,90160,卖盘
1964,13:07:42,7.84,--,41,32144,卖盘
1965,13:07:39,7.84,-0.01,11,8624,卖盘
1966,13:07:36,7.85,0.01,26,20410,买盘
1967,13:07:33,7.84,--,15,11760,卖盘
1968,13:07:30,7.84,--,49,38416,卖盘
1969,13:07:27,7.84,--,41,32144,卖盘
1970,13:07:24,7.84,--,89,69776,卖盘
1971,13:07:21,7.84,--,98,76832,卖盘
1972,13:07:18,7.84,--,5,3920,卖盘
1973,13:07:15,7.84,-0.01,308,241472,卖盘
1974,13:07:12,7.85,0.01,27,21195,买盘
1975,13:07:09,7.84,-0.01,1,784,卖盘
1976,13:07:06,7.85,0.01,7,5495,买盘
1977,13:07:03,7.84,--,35,27440,卖盘
1978,13:06:54,7.84,-0.01,85,66640,卖盘
1979,13:06:51,7.85,--,172,135020,买盘
1980,13:06:48,7.85,0.01,6,4710,买盘
1981,13:06:45,7.84,-0.01,1,784,卖盘
1982,13:06:42,7.85,--,68,53380,买盘
1983,13:06:39,7.85,--,6,4710,买盘
1984,13:06:33,7.85,--,15,11775,买盘
1985,13:06:30,7.85,0.01,160,125600,买盘
1986,13:06:27,7.84,--,83,65072,卖盘
1987,13:06:24,7.84,--,58,45472,卖盘
1988,13:06:21,7.84,-0.01,7,5488,卖盘
1989,13:06:18,7.85,0.01,4,3140,买盘
1990,13:06:15,7.84,-0.01,54,42336,卖盘
1991,13:06:12,7.85,0.01,30,23550,买盘
1992,13:06:09,7.84,--,22,17248,卖盘
1993,13:06:06,7.84,--,30,23520,卖盘
1994,13:06:03,7.84,-0.01,329,257936,卖盘
1995,13:06:00,7.85,--,7,5495,买盘
1996,13:05:57,7.85,0.01,3,2355,买盘
1997,13:05:54,7.84,--,6,4704,卖盘
1998,13:05:51,7.84,--,115,90160,卖盘
1999,13:05:48,7.84,--,175,137200,卖盘
2000,13:05:45,7.84,-0.01,5,3920,卖盘
2001,13:05:42,7.85,--,310,243350,买盘
2002,13:05:39,7.85,--,10,7850,买盘
2003,13:05:36,7.85,--,24,18840,买盘
2004,13:05:33,7.85,0.01,30,23550,买盘
2005,13:05:30,7.84,-0.01,5,3920,卖盘
2006,13:05:27,7.85,0.01,35,27475,买盘
2007,13:05:21,7.84,-0.01,62,48608,卖盘
2008,13:05:18,7.85,0.01,503,394855,买盘
2009,13:05:12,7.84,--,469,367696,卖盘
2010,13:05:09,7.84,--,1,784,卖盘
2011,13:05:06,7.84,--,3,2352,卖盘
2012,13:05:03,7.84,--,8,6272,卖盘
2013,13:05:00,7.84,--,60,47040,卖盘
2014,13:04:57,7.84,--,339,265776,买盘
2015,13:04:54,7.84,--,40,31360,买盘
2016,13:04:51,7.84,0.01,41,32144,买盘
2017,13:04:48,7.83,-0.01,139,108837,卖盘
2018,13:04:45,7.84,--,266,208544,买盘
2019,13:04:42,7.84,--,9,7056,买盘
2020,13:04:39,7.84,0.01,59,46256,买盘
2021,13:04:36,7.83,-0.01,34,26622,卖盘
2022,13:04:33,7.84,--,212,166208,卖盘
2023,13:04:30,7.84,--,31,24304,卖盘
2024,13:04:27,7.84,--,68,53312,卖盘
2025,13:04:24,7.84,--,40,31360,卖盘
2026,13:04:21,7.84,--,9,7056,卖盘
2027,13:04:15,7.84,--,43,33712,卖盘
2028,13:04:12,7.84,-0.01,13,10192,卖盘
2029,13:04:09,7.85,0.01,1,785,买盘
2030,13:04:06,7.84,--,2,1568,卖盘
2031,13:04:03,7.84,--,71,55664,卖盘
2032,13:04:00,7.84,0.01,512,401408,买盘
2033,13:03:57,7.83,--,54,42282,卖盘
2034,13:03:54,7.83,--,158,123714,卖盘
2035,13:03:51,7.83,--,10,7830,卖盘
2036,13:03:48,7.83,-0.01,76,59508,卖盘
2037,13:03:45,7.84,0.01,68,53312,买盘
2038,13:03:42,7.83,--,41,32103,卖盘
2039,13:03:39,7.83,-0.01,10,7830,卖盘
2040,13:03:36,7.84,--,35,27440,卖盘
2041,13:03:33,7.84,--,3,2352,卖盘
2042,13:03:30,7.84,0.01,304,238336,买盘
2043,13:03:27,7.83,0.01,24,19418,买盘
2044,13:03:24,7.82,--,7,5474,卖盘
2045,13:03:21,7.82,-0.01,20,15640,卖盘
2046,13:03:18,7.83,-0.01,154,120738,卖盘
2047,13:03:15,7.84,0.01,65,50960,买盘
2048,13:03:12,7.83,--,44,34452,卖盘
2049,13:03:09,7.83,--,1,783,卖盘
2050,13:03:06,7.83,-0.01,871,681993,卖盘
2051,13:03:03,7.84,--,306,239904,买盘
2052,13:03:00,7.84,--,7,5488,买盘
2053,13:02:57,7.84,--,7,5488,买盘
2054,13:02:54,7.84,-0.01,402,315168,卖盘
2055,13:02:51,7.85,0.01,502,394070,买盘
2056,13:02:48,7.84,-0.01,111,87024,卖盘
2057,13:02:45,7.85,--,37,29045,买盘
2058,13:02:42,7.85,0.01,21,16485,买盘
2059,13:02:36,7.84,0.01,130,101920,买盘
2060,13:02:33,7.83,--,22,17226,卖盘
2061,13:02:30,7.83,-0.01,1,783,卖盘
2062,13:02:27,7.84,0.01,38,29792,买盘
2063,13:02:24,7.83,--,1,783,卖盘
2064,13:02:21,7.83,--,4,3132,卖盘
2065,13:02:18,7.83,-0.01,10,7830,卖盘
2066,13:02:15,7.84,0.01,25,19600,买盘
2067,13:02:12,7.83,-0.01,35,27405,卖盘
2068,13:02:09,7.84,0.01,3,2352,买盘
2069,13:02:06,7.83,--,68,53244,卖盘
2070,13:02:03,7.83,--,1,783,卖盘
2071,13:02:00,7.83,--,28,21924,卖盘
2072,13:01:57,7.83,-0.01,33,25839,卖盘
2073,13:01:54,7.84,0.01,24,18816,买盘
2074,13:01:51,7.83,-0.01,30,23490,卖盘
2075,13:01:48,7.84,0.01,57,45315,买盘
2076,13:01:45,7.83,-0.01,88,68904,卖盘
2077,13:01:42,7.84,--,4,3136,买盘
2078,13:01:39,7.84,0.01,36,28224,买盘
2079,13:01:36,7.83,--,2,1566,卖盘
2080,13:01:33,7.83,-0.01,45,35235,卖盘
2081,13:01:30,7.84,--,51,39984,卖盘
2082,13:01:27,7.84,--,1,784,卖盘
2083,13:01:24,7.84,0.01,22,17248,买盘
2084,13:01:18,7.83,-0.01,122,95526,卖盘
2085,13:01:15,7.84,--,334,261856,卖盘
2086,13:01:12,7.84,-0.01,216,169344,卖盘
2087,13:01:09,7.85,0.01,301,236285,买盘
2088,13:01:06,7.84,-0.01,82,64288,卖盘
2089,13:01:03,7.85,--,342,268470,买盘
2090,13:01:00,7.85,0.01,49,38465,买盘
2091,13:00:57,7.84,--,53,41552,卖盘
2092,13:00:54,7.84,0.01,610,478240,买盘
2093,13:00:51,7.83,--,56,43848,卖盘
2094,13:00:48,7.83,--,64,50112,卖盘
2095,13:00:45,7.83,-0.01,42,32886,卖盘
2096,13:00:42,7.84,0.01,32,25088,买盘
2097,13:00:39,7.83,--,49,38367,卖盘
2098,13:00:36,7.83,0.01,132,103356,买盘
2099,13:00:33,7.82,-0.02,54,42228,卖盘
2100,13:00:30,7.84,--,267,209328,买盘
2101,13:00:27,7.84,0.02,127,99568,买盘
2102,13:00:24,7.82,--,50,39100,卖盘
2103,13:00:21,7.82,--,40,31280,卖盘
2104,13:00:18,7.82,--,50,39100,卖盘
2105,13:00:15,7.82,--,43,33626,卖盘
2106,13:00:12,7.82,--,73,57086,卖盘
2107,13:00:09,7.82,--,483,377706,卖盘
2108,13:00:06,7.82,--,1791,1400562,卖盘
2109,13:00:03,7.82,0.01,7937,6207046,买盘
2110,13:00:00,7.81,--,0,0,卖盘
2111,11:30:00,7.81,-0.01,21,16401,卖盘
2112,11:29:57,7.82,--,316,247112,买盘
2113,11:29:54,7.82,0.01,332,259624,买盘
2114,11:29:51,7.81,--,53,41393,卖盘
2115,11:29:48,7.81,--,29,22649,卖盘
2116,11:29:45,7.81,-0.01,108,84348,卖盘
2117,11:29:42,7.82,0.01,211,165002,买盘
2118,11:29:39,7.81,--,54,42174,卖盘
2119,11:29:36,7.81,--,54,42174,卖盘
2120,11:29:33,7.81,-0.01,31,24211,卖盘
2121,11:29:30,7.82,0.01,6,4692,买盘
2122,11:29:27,7.81,-0.01,174,135894,卖盘
2123,11:29:24,7.82,--,267,208794,买盘
2124,11:29:18,7.82,0.01,45,35190,买盘
2125,11:29:15,7.81,-0.01,159,124179,卖盘
2126,11:29:12,7.82,--,22,17204,买盘
2127,11:29:09,7.82,--,277,216614,买盘
2128,11:29:06,7.82,--,30,23460,买盘
2129,11:29:03,7.82,--,168,131376,买盘
2130,11:29:00,7.82,--,1699,1329087,卖盘
2131,11:28:57,7.82,-0.01,474,370668,卖盘
2132,11:28:54,7.83,--,6,4698,买盘
2133,11:28:51,7.83,0.01,353,276399,买盘
2134,11:28:48,7.82,--,16,12512,卖盘
2135,11:28:45,7.82,-0.01,63,49266,卖盘
2136,11:28:42,7.83,0.01,172,134676,买盘
2137,11:28:39,7.82,-0.01,45,35190,卖盘
2138,11:28:36,7.83,--,5,3915,买盘
2139,11:28:33,7.83,--,100,78300,买盘
2140,11:28:30,7.83,--,2,1566,买盘
2141,11:28:27,7.83,--,48,37584,买盘
2142,11:28:24,7.83,--,97,75951,卖盘
2143,11:28:21,7.83,--,113,88479,卖盘
2144,11:28:18,7.83,--,246,192618,卖盘
2145,11:28:15,7.83,--,100,78300,卖盘
2146,11:28:12,7.83,--,104,81432,卖盘
2147,11:28:09,7.83,--,57,44631,卖盘
2148,11:28:06,7.83,-0.01,74,57942,卖盘
2149,11:28:03,7.84,0.01,413,323792,买盘
2150,11:28:00,7.83,--,6,4698,买盘
2151,11:27:57,7.83,--,5,3915,买盘
2152,11:27:54,7.83,--,10,7830,卖盘
2153,11:27:51,7.83,--,534,418122,卖盘
2154,11:27:48,7.83,--,1221,956356,卖盘
2155,11:27:45,7.83,--,51,39933,卖盘
2156,11:27:42,7.83,0.01,899,703917,买盘
2157,11:27:39,7.82,-0.01,206,161092,卖盘
2158,11:27:36,7.83,--,22,17226,买盘
2159,11:27:33,7.83,--,540,422820,卖盘
2160,11:27:30,7.83,--,47,36801,卖盘
2161,11:27:27,7.83,-0.01,524,410292,卖盘
2162,11:27:24,7.84,0.01,90,70560,买盘
2163,11:27:21,7.83,--,81,63423,买盘
2164,11:27:18,7.83,--,34,26622,卖盘
2165,11:27:15,7.83,--,87,68121,卖盘
2166,11:27:12,7.83,0.01,91,71253,买盘
2167,11:27:09,7.82,-0.01,174,136068,卖盘
2168,11:27:06,7.83,0.01,248,194184,买盘
2169,11:27:03,7.82,-0.01,330,258060,卖盘
2170,11:27:00,7.83,--,604,472932,买盘
2171,11:26:57,7.83,--,37,28971,卖盘
2172,11:26:54,7.83,--,90,70470,卖盘
2173,11:26:51,7.83,0.01,323,252909,买盘
2174,11:26:48,7.82,--,289,225998,卖盘
2175,11:26:45,7.82,-0.01,16,12512,卖盘
2176,11:26:42,7.83,--,80,62640,卖盘
2177,11:26:39,7.83,--,478,374274,卖盘
2178,11:26:36,7.83,--,959,750897,卖盘
2179,11:26:33,7.83,-0.01,194,151902,卖盘
2180,11:26:30,7.84,--,53,41552,买盘
2181,11:26:27,7.84,0.01,44,34496,买盘
2182,11:26:24,7.83,--,367,287361,卖盘
2183,11:26:21,7.83,--,39,30537,卖盘
2184,11:26:18,7.83,--,3231,2529873,卖盘
2185,11:26:15,7.83,--,11,8613,卖盘
2186,11:26:12,7.83,--,15,11745,卖盘
2187,11:26:09,7.83,--,1,783,卖盘
2188,11:26:06,7.83,-0.01,28,21924,卖盘
2189,11:26:03,7.84,--,23,18032,买盘
2190,11:26:00,7.84,--,19,14896,买盘
2191,11:25:54,7.84,--,1340,1050560,卖盘
2192,11:25:51,7.84,--,212,166208,卖盘
2193,11:25:48,7.84,--,2300,1803200,卖盘
2194,11:25:45,7.84,--,290,227360,卖盘
2195,11:25:42,7.84,--,26,20384,卖盘
2196,11:25:39,7.84,-0.01,36,28224,卖盘
2197,11:25:36,7.85,--,7,5495,买盘
2198,11:25:33,7.85,0.01,44,34540,买盘
2199,11:25:30,7.84,--,27,21168,卖盘
2200,11:25:27,7.84,-0.01,74,58016,卖盘
2201,11:25:24,7.85,0.01,10,7850,买盘
2202,11:25:21,7.84,-0.01,15,11760,卖盘
2203,11:25:18,7.85,--,28,21980,买盘
2204,11:25:15,7.85,0.01,94,73790,买盘
2205,11:25:12,7.84,--,205,160720,卖盘
2206,11:25:09,7.84,--,72,56448,卖盘
2207,11:25:06,7.84,-0.01,47,36848,卖盘
2208,11:25:03,7.85,--,54,42390,买盘
2209,11:25:00,7.85,--,3,2355,买盘
2210,11:24:57,7.85,--,303,237855,买盘
2211,11:24:54,7.85,0.01,771,605235,买盘
2212,11:24:51,7.84,-0.01,1,784,卖盘
2213,11:24:48,7.85,0.01,7,5495,买盘
2214,11:24:45,7.84,-0.01,1,784,卖盘
2215,11:24:42,7.85,0.01,6,4710,买盘
2216,11:24:39,7.84,-0.01,64,50176,卖盘
2217,11:24:36,7.85,--,213,167205,买盘
2218,11:24:33,7.85,0.01,326,255910,买盘
2219,11:24:30,7.84,-0.01,126,98784,卖盘
2220,11:24:27,7.85,0.01,144,113040,买盘
2221,11:24:24,7.84,--,2672,2094848,卖盘
2222,11:24:21,7.84,--,65,50960,卖盘
2223,11:24:18,7.84,-0.01,22,17248,卖盘
2224,11:24:15,7.85,0.01,12,9420,买盘
2225,11:24:12,7.84,-0.01,197,154448,卖盘
2226,11:24:09,7.85,0.01,633,496905,买盘
2227,11:24:06,7.84,--,8,6272,卖盘
2228,11:24:03,7.84,-0.01,94,73696,卖盘
2229,11:24:00,7.85,0.01,106,83210,买盘
2230,11:23:57,7.84,--,21,16464,卖盘
2231,11:23:54,7.84,--,113,88592,卖盘
2232,11:23:51,7.84,--,322,252448,卖盘
2233,11:23:48,7.84,--,157,123088,卖盘
2234,11:23:45,7.84,-0.01,58,45472,卖盘
2235,11:23:42,7.85,--,8,6280,买盘
2236,11:23:39,7.85,0.01,26,20410,买盘
2237,11:23:36,7.84,--,45,35280,卖盘
2238,11:23:33,7.84,--,68,53312,卖盘
2239,11:23:30,7.84,--,35,27440,卖盘
2240,11:23:27,7.84,--,20,15680,卖盘
2241,11:23:24,7.84,-0.01,62,48608,卖盘
2242,11:23:21,7.85,0.01,239,187615,买盘
2243,11:23:18,7.84,--,197,154448,卖盘
2244,11:23:12,7.84,--,23,18032,卖盘
2245,11:23:09,7.84,--,141,110544,卖盘
2246,11:23:06,7.84,--,223,174832,卖盘
2247,11:23:03,7.84,-0.01,20,15680,卖盘
2248,11:23:00,7.85,0.01,551,432535,买盘
2249,11:22:57,7.84,--,130,101920,卖盘
2250,11:22:54,7.84,--,271,212464,卖盘
2251,11:22:51,7.84,--,118,92512,卖盘
2252,11:22:48,7.84,--,46,36064,卖盘
2253,11:22:45,7.84,--,783,613872,卖盘
2254,11:22:42,7.84,--,571,447664,卖盘
2255,11:22:39,7.84,--,359,281456,卖盘
2256,11:22:36,7.84,--,408,319872,卖盘
2257,11:22:33,7.84,-0.01,123,96432,卖盘
2258,11:22:30,7.85,0.01,4021,3156485,买盘
2259,11:22:27,7.84,-0.01,35,27440,卖盘
2260,11:22:24,7.85,--,98,76930,买盘
2261,11:22:18,7.85,0.01,29,22765,买盘
2262,11:22:15,7.84,--,3,2352,卖盘
2263,11:22:12,7.84,-0.01,5,3920,卖盘
2264,11:22:09,7.85,--,56,43960,买盘
2265,11:22:06,7.85,--,7307,5736411,卖盘
2266,11:22:03,7.85,-0.01,2053,1611605,卖盘
2267,11:21:54,7.86,--,2,1572,买盘
2268,11:21:51,7.86,0.01,23,18078,买盘
2269,11:21:48,7.85,--,54,42390,卖盘
2270,11:21:45,7.85,--,37,29045,卖盘
2271,11:21:39,7.85,-0.01,37,29045,卖盘
2272,11:21:36,7.86,0.01,36,28296,买盘
2273,11:21:33,7.85,--,2706,2124210,卖盘
2274,11:21:30,7.85,--,37,29045,卖盘
2275,11:21:27,7.85,--,20,15700,卖盘
2276,11:21:21,7.85,-0.01,21,16485,卖盘
2277,11:21:18,7.86,0.01,13,10218,买盘
2278,11:21:15,7.85,--,22,17270,卖盘
2279,11:21:12,7.85,--,8,6280,卖盘
2280,11:21:09,7.85,-0.01,1072,841520,卖盘
2281,11:21:06,7.86,0.01,10,7860,买盘
2282,11:21:03,7.85,-0.01,3,2355,卖盘
2283,11:21:00,7.86,0.01,87,68382,买盘
2284,11:20:57,7.85,-0.01,62,48670,卖盘
2285,11:20:54,7.86,--,70,55051,卖盘
2286,11:20:51,7.86,--,42,33766,买盘
2287,11:20:48,7.86,0.01,91,71526,买盘
2288,11:20:45,7.85,-0.01,645,506325,卖盘
2289,11:20:42,7.86,--,4,3144,买盘
2290,11:20:39,7.86,0.01,123,96678,买盘
2291,11:20:36,7.85,-0.01,309,242565,卖盘
2292,11:20:33,7.86,0.01,87,68382,买盘
2293,11:20:30,7.85,-0.01,52,40820,卖盘
2294,11:20:27,7.86,--,20,15720,买盘
2295,11:20:24,7.86,0.01,10,7860,买盘
2296,11:20:21,7.85,-0.01,2,1570,卖盘
2297,11:20:15,7.86,--,205,161161,卖盘
2298,11:20:12,7.86,--,139,109254,卖盘
2299,11:20:09,7.86,--,104,81744,卖盘
2300,11:20:03,7.86,--,9,7074,卖盘
2301,11:20:00,7.86,--,2,1572,卖盘
2302,11:19:57,7.86,--,100,78600,卖盘
2303,11:19:54,7.86,--,122,95892,卖盘
2304,11:19:51,7.86,--,71,55806,卖盘
2305,11:19:48,7.86,--,47,36942,卖盘
2306,11:19:45,7.86,--,3,2358,卖盘
2307,11:19:42,7.86,--,70,55020,卖盘
2308,11:19:39,7.86,--,38,29868,卖盘
2309,11:19:36,7.86,--,1,786,卖盘
2310,11:19:33,7.86,--,4,3144,卖盘
2311,11:19:30,7.86,--,1,786,卖盘
2312,11:19:27,7.86,--,26,20436,卖盘
2313,11:19:24,7.86,--,5,3930,卖盘
2314,11:19:21,7.86,-0.01,21,16506,卖盘
2315,11:19:18,7.87,0.01,114,90473,买盘
2316,11:19:15,7.86,--,180,141480,买盘
2317,11:19:12,7.86,-0.01,2106,1655347,卖盘
2318,11:19:09,7.87,--,28,22036,买盘
2319,11:19:06,7.87,0.01,26,20462,买盘
2320,11:19:03,7.86,-0.01,3,2358,卖盘
2321,11:19:00,7.87,--,1,787,买盘
2322,11:18:57,7.87,--,28,22036,买盘
2323,11:18:54,7.87,0.01,10,7870,买盘
2324,11:18:48,7.86,-0.01,5,3930,卖盘
2325,11:18:45,7.87,--,24,18888,买盘
2326,11:18:42,7.87,0.01,3,2361,买盘
2327,11:18:39,7.86,-0.01,50,39300,卖盘
2328,11:18:36,7.87,0.01,44,34628,买盘
2329,11:18:33,7.86,-0.01,304,238944,卖盘
2330,11:18:30,7.87,--,84,66108,买盘
2331,11:18:21,7.87,--,5,3935,买盘
2332,11:18:18,7.87,--,74,58238,买盘
2333,11:18:15,7.87,0.01,26,20462,买盘
2334,11:18:12,7.86,-0.01,5,3930,卖盘
2335,11:18:09,7.87,0.01,6,4722,买盘
2336,11:18:06,7.86,--,1,786,卖盘
2337,11:18:03,7.86,--,86,67596,卖盘
2338,11:18:00,7.86,-0.01,2,1603,卖盘
2339,11:17:57,7.87,0.01,50,39350,买盘
2340,11:17:54,7.86,-0.01,3,2358,卖盘
2341,11:17:51,7.87,--,11,8657,买盘
2342,11:17:48,7.87,0.01,302,237674,买盘
2343,11:17:45,7.86,--,4,3144,卖盘
2344,11:17:42,7.86,-0.01,974,765564,卖盘
2345,11:17:39,7.87,--,19,14953,买盘
2346,11:17:36,7.87,0.01,70,55090,买盘
2347,11:17:33,7.86,-0.01,31,24366,卖盘
2348,11:17:30,7.87,--,32,25184,买盘
2349,11:17:21,7.87,--,63,49581,买盘
2350,11:17:12,7.87,0.01,10,7870,买盘
2351,11:17:09,7.86,--,3,2358,卖盘
2352,11:17:06,7.86,--,20,15720,卖盘
2353,11:17:03,7.86,--,58,45588,卖盘
2354,11:17:00,7.86,--,120,94320,卖盘
2355,11:16:57,7.86,--,65,51090,卖盘
2356,11:16:54,7.86,--,169,132834,卖盘
2357,11:16:51,7.86,--,4,3144,卖盘
2358,11:16:48,7.86,-0.01,2,1572,卖盘
2359,11:16:45,7.87,0.01,212,166844,买盘
2360,11:16:42,7.86,--,1,786,卖盘
2361,11:16:39,7.86,--,334,262524,卖盘
2362,11:16:36,7.86,--,13,10218,卖盘
2363,11:16:33,7.86,--,211,165846,卖盘
2364,11:16:30,7.86,--,1,786,卖盘
2365,11:16:27,7.86,-0.01,26,20436,卖盘
2366,11:16:21,7.87,--,432,339984,买盘
2367,11:16:18,7.87,0.01,9,7083,买盘
2368,11:16:12,7.86,-0.01,4,3144,卖盘
2369,11:16:09,7.87,--,13,10231,买盘
2370,11:16:06,7.87,0.01,14,11018,买盘
2371,11:16:03,7.86,-0.01,14,11004,卖盘
2372,11:16:00,7.87,--,83,65321,买盘
2373,11:15:57,7.87,0.01,56,44072,买盘
2374,11:15:54,7.86,--,2,1572,卖盘
2375,11:15:51,7.86,--,5,3930,卖盘
2376,11:15:48,7.86,--,502,394572,卖盘
2377,11:15:45,7.86,-0.01,29,22794,卖盘
2378,11:15:42,7.87,0.01,19,14953,买盘
2379,11:15:39,7.86,--,36,28296,卖盘
2380,11:15:36,7.86,--,89,69954,卖盘
2381,11:15:33,7.86,--,41,32226,卖盘
2382,11:15:30,7.86,--,73,57378,卖盘
2383,11:15:27,7.86,--,41,32226,卖盘
2384,11:15:24,7.86,--,13,10218,卖盘
2385,11:15:21,7.86,--,5,3930,卖盘
2386,11:15:18,7.86,--,19,14934,卖盘
2387,11:15:15,7.86,--,20,15720,卖盘
2388,11:15:12,7.86,--,154,121044,卖盘
2389,11:15:09,7.86,--,72,56592,卖盘
2390,11:15:06,7.86,--,82,64452,卖盘
2391,11:15:03,7.86,--,43,33798,卖盘
2392,11:15:00,7.86,--,31,24366,卖盘
2393,11:14:57,7.86,--,24,18864,卖盘
2394,11:14:54,7.86,-0.01,9,7074,卖盘
2395,11:14:51,7.87,--,4,3148,买盘
2396,11:14:48,7.87,0.01,5,3935,买盘
2397,11:14:45,7.86,--,15,11790,卖盘
2398,11:14:42,7.86,-0.01,75,58950,卖盘
2399,11:14:39,7.87,0.01,56,44072,买盘
2400,11:14:36,7.86,--,3,2358,卖盘
2401,11:14:33,7.86,--,237,186282,卖盘
2402,11:14:30,7.86,--,32,25152,卖盘
2403,11:14:27,7.86,--,49,38514,卖盘
2404,11:14:24,7.86,--,320,251520,卖盘
2405,11:14:21,7.86,--,51,40086,卖盘
2406,11:14:18,7.86,--,20,15720,卖盘
2407,11:14:15,7.86,-0.01,52,40872,卖盘
2408,11:14:12,7.87,0.01,14,11018,买盘
2409,11:14:09,7.86,--,1,786,卖盘
2410,11:14:06,7.86,--,19,14934,卖盘
2411,11:14:03,7.86,-0.01,3,2358,卖盘
2412,11:14:00,7.87,0.01,67,52729,买盘
2413,11:13:57,7.86,--,56,44739,卖盘
2414,11:13:54,7.86,--,8,6288,卖盘
2415,11:13:51,7.86,--,72,56592,卖盘
2416,11:13:48,7.86,--,50,39300,卖盘
2417,11:13:45,7.86,--,103,80958,卖盘
2418,11:13:42,7.86,-0.01,82,64452,卖盘
2419,11:13:39,7.87,0.01,404,317948,买盘
2420,11:13:36,7.86,--,388,304968,卖盘
2421,11:13:33,7.86,-0.01,22,17292,卖盘
2422,11:13:30,7.87,--,2,1574,买盘
2423,11:13:27,7.87,--,4,3148,买盘
2424,11:13:24,7.87,--,164,129068,买盘
2425,11:13:21,7.87,0.01,5,3935,买盘
2426,11:13:18,7.86,--,15,11790,卖盘
2427,11:13:15,7.86,-0.01,596,468456,卖盘
2428,11:13:12,7.87,--,11,8657,买盘
2429,11:13:09,7.87,0.01,311,244757,买盘
2430,11:13:06,7.86,--,101,79386,卖盘
2431,11:13:03,7.86,-0.01,15,11790,卖盘
2432,11:13:00,7.87,0.01,227,178649,买盘
2433,11:12:57,7.86,-0.01,14,11004,卖盘
2434,11:12:54,7.87,0.01,7,5509,买盘
2435,11:12:51,7.86,-0.01,15,11790,卖盘
2436,11:12:48,7.87,0.01,83,65321,买盘
2437,11:12:45,7.86,--,21,16506,卖盘
2438,11:12:42,7.86,--,21,16506,卖盘
2439,11:12:36,7.86,--,147,115542,卖盘
2440,11:12:33,7.86,-0.01,135,106110,卖盘
2441,11:12:30,7.87,--,4,3148,买盘
2442,11:12:27,7.87,0.01,36,28332,买盘
2443,11:12:24,7.86,--,50,39300,卖盘
2444,11:12:18,7.86,--,3,2358,卖盘
2445,11:12:12,7.86,--,41,32226,卖盘
2446,11:12:09,7.86,--,271,213006,卖盘
2447,11:12:06,7.86,--,1,786,卖盘
2448,11:12:03,7.86,--,5,3930,卖盘
2449,11:12:00,7.86,--,51,40086,卖盘
2450,11:11:57,7.86,--,145,113970,卖盘
2451,11:11:54,7.86,--,32,25152,卖盘
2452,11:11:45,7.86,--,122,95892,卖盘
2453,11:11:42,7.86,--,188,147768,卖盘
2454,11:11:39,7.86,--,60,47160,卖盘
2455,11:11:36,7.86,--,82,64452,卖盘
2456,11:11:33,7.86,-0.01,15,11790,卖盘
2457,11:11:30,7.87,0.01,5,3935,买盘
2458,11:11:27,7.86,-0.01,74,58164,卖盘
2459,11:11:24,7.87,0.01,428,336836,买盘
2460,11:11:21,7.86,--,128,100608,卖盘
2461,11:11:18,7.86,--,2,1572,卖盘
2462,11:11:15,7.86,--,134,105324,卖盘
2463,11:11:12,7.86,--,4,3144,卖盘
2464,11:11:09,7.86,--,71,55806,卖盘
2465,11:11:06,7.86,--,249,195714,卖盘
2466,11:11:03,7.86,--,31,24366,卖盘
2467,11:11:00,7.86,--,1,786,卖盘
2468,11:10:57,7.86,--,1,786,卖盘
2469,11:10:54,7.86,-0.01,17,13362,卖盘
2470,11:10:51,7.87,--,5,3935,买盘
2471,11:10:48,7.87,0.01,17,13379,买盘
2472,11:10:45,7.86,--,79,62094,卖盘
2473,11:10:42,7.86,--,1,786,卖盘
2474,11:10:39,7.86,--,2,1572,卖盘
2475,11:10:36,7.86,--,129,101394,卖盘
2476,11:10:33,7.86,--,84,66024,卖盘
2477,11:10:30,7.86,--,1,786,卖盘
2478,11:10:27,7.86,--,202,158772,卖盘
2479,11:10:24,7.86,--,19,14934,卖盘
2480,11:10:21,7.86,--,52,40872,卖盘
2481,11:10:18,7.86,--,31,24366,卖盘
2482,11:10:15,7.86,-0.01,268,210648,卖盘
2483,11:10:12,7.87,0.01,471,370677,买盘
2484,11:10:09,7.86,-0.01,1,786,卖盘
2485,11:10:06,7.87,0.01,226,177862,买盘
2486,11:10:03,7.86,--,6,4716,卖盘
2487,11:09:57,7.86,--,21,16506,卖盘
2488,11:09:54,7.86,-0.01,5,3930,卖盘
2489,11:09:51,7.87,0.01,39,30693,买盘
2490,11:09:48,7.86,--,24,18864,卖盘
2491,11:09:45,7.86,-0.01,2,1572,卖盘
2492,11:09:42,7.87,0.01,84,66108,买盘
2493,11:09:36,7.86,--,59,46374,卖盘
2494,11:09:33,7.86,--,2,1572,卖盘
2495,11:09:30,7.86,--,12,9432,卖盘
2496,11:09:27,7.86,--,31,24366,卖盘
2497,11:09:24,7.86,--,105,82530,卖盘
2498,11:09:18,7.86,-0.01,15,11790,卖盘
2499,11:09:15,7.87,--,329,258923,买盘
2500,11:09:12,7.87,0.01,34,26758,买盘
2501,11:09:09,7.86,-0.01,1822,1432092,卖盘
2502,11:09:06,7.87,0.01,594,467478,买盘
2503,11:09:03,7.86,-0.01,261,205146,卖盘
2504,11:09:00,7.87,--,586,461182,买盘
2505,11:08:57,7.87,--,306,240822,买盘
2506,11:08:54,7.87,0.01,42,33054,买盘
2507,11:08:51,7.86,-0.01,5,3930,卖盘
2508,11:08:48,7.87,0.01,94,73978,买盘
2509,11:08:45,7.86,--,525,412650,卖盘
2510,11:08:42,7.86,-0.01,26,20436,卖盘
2511,11:08:39,7.87,0.01,47,36989,买盘
2512,11:08:36,7.86,--,32,25152,卖盘
2513,11:08:33,7.86,--,4,3144,卖盘
2514,11:08:30,7.86,--,444,348984,卖盘
2515,11:08:27,7.86,-0.01,2,1572,卖盘
2516,11:08:24,7.87,--,3156,2483772,买盘
2517,11:08:21,7.87,0.01,100,78700,买盘
2518,11:08:18,7.86,-0.01,28,22008,卖盘
2519,11:08:12,7.87,0.01,27,21249,买盘
2520,11:08:09,7.86,--,157,123402,卖盘
2521,11:08:06,7.86,--,63,49518,卖盘
2522,11:08:03,7.86,--,354,278244,卖盘
2523,11:08:00,7.86,--,461,362346,卖盘
2524,11:07:57,7.86,--,11,8646,卖盘
2525,11:07:54,7.86,--,8,6288,卖盘
2526,11:07:51,7.86,-0.01,389,305754,卖盘
2527,11:07:48,7.87,0.01,46,36202,买盘
2528,11:07:45,7.86,--,459,360774,卖盘
2529,11:07:42,7.86,--,61,47946,卖盘
2530,11:07:39,7.86,--,42,33012,卖盘
2531,11:07:36,7.86,--,31,24366,卖盘
2532,11:07:33,7.86,--,161,126546,卖盘
2533,11:07:30,7.86,--,4,3144,卖盘
2534,11:07:27,7.86,--,2,1572,卖盘
2535,11:07:24,7.86,--,9,7074,卖盘
2536,11:07:21,7.86,--,59,46374,卖盘
2537,11:07:18,7.86,--,53,41658,卖盘
2538,11:07:15,7.86,-0.01,44,34584,卖盘
2539,11:07:12,7.87,0.01,24,18888,买盘
2540,11:07:09,7.86,-0.01,111,87246,卖盘
2541,11:07:06,7.87,0.01,230,181010,买盘
2542,11:07:03,7.86,--,141,110826,卖盘
2543,11:07:00,7.86,--,58,45588,卖盘
2544,11:06:54,7.86,--,4,3144,卖盘
2545,11:06:51,7.86,--,26,20436,卖盘
2546,11:06:45,7.86,-0.01,256,201216,卖盘
2547,11:06:42,7.87,0.01,85,66895,买盘
2548,11:06:36,7.86,--,20,15720,卖盘
2549,11:06:33,7.86,-0.01,2,1572,卖盘
2550,11:06:30,7.87,0.01,31,24397,买盘
2551,11:06:27,7.86,-0.01,19,14934,卖盘
2552,11:06:24,7.87,0.01,50,39350,买盘
2553,11:06:21,7.86,-0.01,57,44802,卖盘
2554,11:06:18,7.87,0.01,20,15740,买盘
2555,11:06:15,7.86,-0.01,103,80958,卖盘
2556,11:06:12,7.87,--,36,28332,买盘
2557,11:06:09,7.87,--,28,22036,买盘
2558,11:06:06,7.87,0.01,2,1574,买盘
2559,11:06:03,7.86,--,11,8646,卖盘
2560,11:06:00,7.86,--,88,69168,卖盘
2561,11:05:57,7.86,-0.01,300,235800,卖盘
2562,11:05:54,7.87,--,49,38563,买盘
2563,11:05:48,7.87,--,124,97588,买盘
2564,11:05:45,7.87,0.01,122,96014,买盘
2565,11:05:42,7.86,--,2,1572,卖盘
2566,11:05:39,7.86,-0.01,232,182352,卖盘
2567,11:05:36,7.87,0.01,10,7870,买盘
2568,11:05:33,7.86,-0.01,80,62880,卖盘
2569,11:05:30,7.87,0.01,58,45646,买盘
2570,11:05:27,7.86,-0.01,71,55806,卖盘
2571,11:05:21,7.87,0.01,120,94440,买盘
2572,11:05:18,7.86,-0.01,153,120258,卖盘
2573,11:05:15,7.87,-0.01,60,47220,卖盘
2574,11:05:12,7.88,0.01,6,4728,买盘
2575,11:05:09,7.87,--,6,4722,卖盘
2576,11:05:06,7.87,--,66,51942,卖盘
2577,11:05:03,7.87,--,67,52729,卖盘
2578,11:05:00,7.87,-0.01,82,64534,卖盘
2579,11:04:57,7.88,0.01,11,8668,买盘
2580,11:04:54,7.87,--,869,683903,卖盘
2581,11:04:51,7.87,--,50,39350,卖盘
2582,11:04:45,7.87,--,217,170779,卖盘
2583,11:04:42,7.87,--,106,83422,卖盘
2584,11:04:39,7.87,--,101,79487,卖盘
2585,11:04:36,7.87,--,1,787,卖盘
2586,11:04:33,7.87,--,8,6296,卖盘
2587,11:04:27,7.87,--,3,2361,卖盘
2588,11:04:24,7.87,--,6,4722,卖盘
2589,11:04:21,7.87,--,288,226656,卖盘
2590,11:04:15,7.87,--,5,3935,卖盘
2591,11:04:12,7.87,--,39,30693,卖盘
2592,11:04:09,7.87,--,75,59025,卖盘
2593,11:04:06,7.87,--,15,11805,买盘
2594,11:04:03,7.87,--,50,39350,买盘
2595,11:04:00,7.87,--,519,408453,买盘
2596,11:03:57,7.87,--,7,5509,买盘
2597,11:03:54,7.87,--,31,24397,买盘
2598,11:03:48,7.87,0.01,308,242396,买盘
2599,11:03:45,7.86,-0.01,88,69168,卖盘
2600,11:03:39,7.87,0.01,89,70043,买盘
2601,11:03:36,7.86,--,40,31440,卖盘
2602,11:03:33,7.86,-0.01,78,61308,卖盘
2603,11:03:30,7.87,--,1,787,买盘
2604,11:03:27,7.87,0.01,45,35415,买盘
2605,11:03:24,7.86,-0.01,103,80958,卖盘
2606,11:03:21,7.87,--,10,7870,买盘
2607,11:03:18,7.87,0.01,10,7870,买盘
2608,11:03:15,7.86,-0.01,29,22794,卖盘
2609,11:03:12,7.87,0.01,148,116476,买盘
2610,11:03:09,7.86,--,55,43230,卖盘
2611,11:03:06,7.86,--,28,22008,卖盘
2612,11:03:03,7.86,-0.01,15,11790,卖盘
2613,11:03:00,7.87,--,1,787,买盘
2614,11:02:57,7.87,0.01,11,8657,买盘
2615,11:02:54,7.86,-0.01,571,448806,卖盘
2616,11:02:51,7.87,--,2,1574,买盘
2617,11:02:48,7.87,--,362,284894,卖盘
2618,11:02:45,7.87,0.01,255,200685,买盘
2619,11:02:42,7.86,-0.01,43,33798,卖盘
2620,11:02:39,7.87,--,216,169992,卖盘
2621,11:02:36,7.87,0.01,8,6296,买盘
2622,11:02:33,7.86,-0.01,92,72312,卖盘
2623,11:02:30,7.87,--,11,8657,卖盘
2624,11:02:27,7.87,0.01,9,7083,买盘
2625,11:02:24,7.86,-0.01,362,284532,卖盘
2626,11:02:21,7.87,0.01,7,5509,中性盘
2627,11:02:18,7.86,--,101,79386,卖盘
2628,11:02:15,7.86,-0.01,103,81586,卖盘
2629,11:02:12,7.87,0.01,42,33054,买盘
2630,11:02:09,7.86,-0.01,62,48889,卖盘
2631,11:02:06,7.87,--,29,23452,买盘
2632,11:02:03,7.87,--,23,18101,买盘
2633,11:02:00,7.87,--,13,10231,买盘
2634,11:01:57,7.87,--,99,78070,卖盘
2635,11:01:54,7.87,--,176,138512,卖盘
2636,11:01:51,7.87,--,10,7870,卖盘
2637,11:01:48,7.87,--,32,25184,卖盘
2638,11:01:45,7.87,--,5,3935,卖盘
2639,11:01:42,7.87,--,122,96014,卖盘
2640,11:01:39,7.87,--,73,57451,卖盘
2641,11:01:36,7.87,--,40,31480,卖盘
2642,11:01:33,7.87,--,41,32267,卖盘
2643,11:01:30,7.87,--,138,109235,卖盘
2644,11:01:27,7.87,0.01,40,31480,买盘
2645,11:01:24,7.86,--,56,44016,卖盘
2646,11:01:21,7.86,-0.01,104,81744,卖盘
2647,11:01:18,7.87,--,4,3148,买盘
2648,11:01:15,7.87,--,525,413175,买盘
2649,11:01:12,7.87,0.01,137,107819,买盘
2650,11:01:09,7.86,-0.01,281,220866,卖盘
2651,11:01:06,7.87,0.01,107,84209,买盘
2652,11:01:03,7.86,-0.01,7,5502,卖盘
2653,11:01:00,7.87,--,61,48007,买盘
2654,11:00:57,7.87,0.01,52,40924,买盘
2655,11:00:54,7.86,-0.01,12,9432,卖盘
2656,11:00:51,7.87,0.01,42,33054,买盘
2657,11:00:48,7.86,--,13,10218,卖盘
2658,11:00:45,7.86,-0.01,47,36942,卖盘
2659,11:00:42,7.87,--,191,150317,买盘
2660,11:00:39,7.87,0.01,288,226656,买盘
2661,11:00:36,7.86,--,207,162702,卖盘
2662,11:00:33,7.86,--,11,8646,卖盘
2663,11:00:30,7.86,--,15,11790,卖盘
2664,11:00:27,7.86,-0.01,79,62094,卖盘
2665,11:00:24,7.87,--,8,6296,买盘
2666,11:00:18,7.87,0.01,44,34628,买盘
2667,11:00:15,7.86,--,10,7860,卖盘
2668,11:00:12,7.86,--,34,26724,卖盘
2669,11:00:09,7.86,--,67,52662,卖盘
2670,11:00:06,7.86,--,7,5502,卖盘
2671,11:00:03,7.86,-0.01,33,25938,卖盘
2672,11:00:00,7.87,--,2,1574,买盘
2673,10:59:57,7.87,--,369,290403,买盘
2674,10:59:54,7.87,--,18,14166,买盘
2675,10:59:51,7.87,--,484,380908,卖盘
2676,10:59:48,7.87,--,1,787,卖盘
2677,10:59:45,7.87,-0.01,5,3935,卖盘
2678,10:59:42,7.88,0.01,5,3940,买盘
2679,10:59:39,7.87,--,10,7870,卖盘
2680,10:59:36,7.87,--,5,3935,卖盘
2681,10:59:33,7.87,--,206,162122,卖盘
2682,10:59:30,7.87,--,1,787,卖盘
2683,10:59:27,7.87,--,16,12592,卖盘
2684,10:59:24,7.87,-0.01,7,5509,卖盘
2685,10:59:18,7.88,0.01,104,81952,买盘
2686,10:59:15,7.87,--,24,18888,卖盘
2687,10:59:09,7.87,--,5,3935,卖盘
2688,10:59:06,7.87,-0.01,28,22036,卖盘
2689,10:59:03,7.88,0.01,15,11820,买盘
2690,10:59:00,7.87,--,5,3935,卖盘
2691,10:58:57,7.87,--,12,9444,卖盘
2692,10:58:54,7.87,-0.01,2,1574,中性盘
2693,10:58:51,7.88,0.01,233,183604,买盘
2694,10:58:48,7.87,--,36,28332,卖盘
2695,10:58:45,7.87,--,5,3935,卖盘
2696,10:58:42,7.87,--,1,787,卖盘
2697,10:58:39,7.87,--,20,15740,买盘
2698,10:58:36,7.87,-0.01,24,18888,中性盘
2699,10:58:33,7.88,0.01,578,455464,买盘
2700,10:58:30,7.87,-0.01,2,1574,卖盘
2701,10:58:27,7.88,--,2,1576,买盘
2702,10:58:24,7.88,0.01,25,19700,买盘
2703,10:58:21,7.87,-0.01,1500,1180500,卖盘
2704,10:58:18,7.88,0.01,7,5516,买盘
2705,10:58:15,7.87,-0.01,20,15740,卖盘
2706,10:58:09,7.88,--,37,29156,买盘
2707,10:58:06,7.88,--,40,31520,买盘
2708,10:58:03,7.88,--,22,17336,买盘
2709,10:58:00,7.88,--,1,788,买盘
2710,10:57:57,7.88,0.01,6,4728,买盘
2711,10:57:54,7.87,--,4,3148,卖盘
2712,10:57:51,7.87,--,29,22823,卖盘
2713,10:57:48,7.87,-0.01,1,787,卖盘
2714,10:57:45,7.88,0.01,5,3940,买盘
2715,10:57:42,7.87,--,4,3148,卖盘
2716,10:57:39,7.87,--,25,19675,卖盘
2717,10:57:36,7.87,--,21,16527,卖盘
2718,10:57:33,7.87,--,1,787,卖盘
2719,10:57:30,7.87,-0.01,10,7870,卖盘
2720,10:57:27,7.88,0.01,21,16548,买盘
2721,10:57:24,7.87,--,105,82635,卖盘
2722,10:57:21,7.87,--,51,40137,卖盘
2723,10:57:18,7.87,-0.01,9,7083,卖盘
2724,10:57:15,7.88,--,417,328596,买盘
2725,10:57:12,7.88,0.01,2,1576,买盘
2726,10:57:09,7.87,--,5,3935,卖盘
2727,10:57:06,7.87,--,50,39350,卖盘
2728,10:57:03,7.87,-0.01,42,33054,卖盘
2729,10:57:00,7.88,--,108,85104,买盘
2730,10:56:57,7.88,--,7,5516,买盘
2731,10:56:54,7.88,--,66,52008,买盘
2732,10:56:51,7.88,--,156,122928,卖盘
2733,10:56:48,7.88,-0.01,2,1576,卖盘
2734,10:56:45,7.89,0.02,6,4734,买盘
2735,10:56:42,7.87,-0.01,4581,3605247,卖盘
2736,10:56:39,7.88,0.01,794,626192,买盘
2737,10:56:36,7.87,-0.01,2022,1591314,卖盘
2738,10:56:33,7.88,--,65,51220,买盘
2739,10:56:30,7.88,--,6,4728,买盘
2740,10:56:27,7.88,0.01,20,15760,买盘
2741,10:56:24,7.87,-0.01,1,787,卖盘
2742,10:56:21,7.88,--,8,6304,买盘
2743,10:56:18,7.88,0.01,75,59100,买盘
2744,10:56:15,7.87,--,540,424980,卖盘
2745,10:56:12,7.87,--,13,10231,卖盘
2746,10:56:09,7.87,-0.01,32,25184,卖盘
2747,10:56:06,7.88,--,44,34672,买盘
2748,10:56:03,7.88,--,21,16548,买盘
2749,10:56:00,7.88,0.01,3,2364,买盘
2750,10:55:57,7.87,--,20,15740,卖盘
2751,10:55:54,7.87,--,99,77913,卖盘
2752,10:55:48,7.87,--,91,71617,卖盘
2753,10:55:45,7.87,--,125,98375,卖盘
2754,10:55:42,7.87,-0.01,236,185732,卖盘
2755,10:55:39,7.88,0.01,268,211184,买盘
2756,10:55:36,7.87,--,16,12592,卖盘
2757,10:55:30,7.87,--,7,5509,卖盘
2758,10:55:27,7.87,--,15,11805,卖盘
2759,10:55:24,7.87,-0.01,12,9444,卖盘
2760,10:55:21,7.88,0.01,59,46492,买盘
2761,10:55:18,7.87,-0.01,56,44072,卖盘
2762,10:55:15,7.88,--,3,2364,买盘
2763,10:55:12,7.88,0.01,5,3940,买盘
2764,10:55:09,7.87,-0.01,28,22036,卖盘
2765,10:55:06,7.88,-0.01,9562,7535123,卖盘
2766,10:55:03,7.89,0.01,111,87579,买盘
2767,10:55:00,7.88,-0.01,36,28368,卖盘
2768,10:54:57,7.89,0.01,171,134919,买盘
2769,10:54:54,7.88,--,407,320716,卖盘
2770,10:54:51,7.88,--,1,788,卖盘
2771,10:54:48,7.88,-0.01,2,1576,卖盘
2772,10:54:45,7.89,0.01,133,104937,买盘
2773,10:54:42,7.88,-0.01,77,60676,卖盘
2774,10:54:39,7.89,0.01,87,68643,买盘
2775,10:54:36,7.88,-0.01,100,78800,卖盘
2776,10:54:33,7.89,0.01,6,4734,买盘
2777,10:54:30,7.88,--,3,2364,卖盘
2778,10:54:27,7.88,--,22,17336,卖盘
2779,10:54:24,7.88,--,1,788,卖盘
2780,10:54:21,7.88,--,1,788,卖盘
2781,10:54:18,7.88,-0.01,102,80376,卖盘
2782,10:54:12,7.89,0.01,22,17358,买盘
2783,10:54:09,7.88,-0.01,131,103228,卖盘
2784,10:54:06,7.89,--,216,170424,买盘
2785,10:54:03,7.89,--,9,7101,买盘
2786,10:54:00,7.89,--,1,789,买盘
2787,10:53:57,7.89,0.01,4,3156,买盘
2788,10:53:54,7.88,--,24,18912,卖盘
2789,10:53:51,7.88,--,48,37824,卖盘
2790,10:53:48,7.88,-0.01,7,5516,卖盘
2791,10:53:45,7.89,0.01,3,2367,买盘
2792,10:53:42,7.88,--,6,4728,卖盘
2793,10:53:39,7.88,--,273,215124,卖盘
2794,10:53:36,7.88,-0.01,153,120564,卖盘
2795,10:53:33,7.89,--,22,17358,卖盘
2796,10:53:30,7.89,--,108,85212,买盘
2797,10:53:27,7.89,0.01,10,7890,买盘
2798,10:53:24,7.88,-0.01,57,44916,卖盘
2799,10:53:21,7.89,0.01,38,29982,买盘
2800,10:53:18,7.88,-0.01,1,788,卖盘
2801,10:53:12,7.89,--,10,7890,买盘
2802,10:53:09,7.89,--,58,45762,买盘
2803,10:53:06,7.89,0.01,2,1578,买盘
2804,10:53:03,7.88,-0.02,3,2364,卖盘
2805,10:53:00,7.9,0.02,6,4740,买盘
2806,10:52:57,7.88,-0.01,100,78800,卖盘
2807,10:52:54,7.89,--,175,138122,买盘
2808,10:52:51,7.89,0.01,152,119928,买盘
2809,10:52:48,7.88,-0.01,2,1576,卖盘
2810,10:52:45,7.89,--,5,3945,买盘
2811,10:52:42,7.89,--,29,22881,买盘
2812,10:52:39,7.89,0.01,46,36294,买盘
2813,10:52:36,7.88,--,37,29156,卖盘
2814,10:52:33,7.88,-0.01,1,788,卖盘
2815,10:52:30,7.89,--,33,26037,买盘
2816,10:52:27,7.89,0.01,55,43395,买盘
2817,10:52:24,7.88,-0.01,60,47280,卖盘
2818,10:52:21,7.89,--,11,8679,买盘
2819,10:52:18,7.89,--,105,82845,买盘
2820,10:52:15,7.89,--,26,20514,买盘
2821,10:52:12,7.89,0.01,350,276150,买盘
2822,10:52:09,7.88,--,29,22852,卖盘
2823,10:52:06,7.88,-0.01,8,6304,卖盘
2824,10:52:03,7.89,--,2,1578,买盘
2825,10:52:00,7.89,--,70,55230,买盘
2826,10:51:57,7.89,0.01,259,204351,买盘
2827,10:51:54,7.88,--,19,14972,卖盘
2828,10:51:48,7.88,--,37,29156,卖盘
2829,10:51:45,7.88,--,102,80376,卖盘
2830,10:51:42,7.88,-0.01,4,3152,卖盘
2831,10:51:39,7.89,--,154,122247,卖盘
2832,10:51:36,7.89,0.01,280,220967,买盘
2833,10:51:33,7.88,--,19,14972,卖盘
2834,10:51:30,7.88,-0.01,43,33884,卖盘
2835,10:51:27,7.89,--,20,15780,买盘
2836,10:51:24,7.89,--,41,32349,买盘
2837,10:51:21,7.89,--,36,28404,买盘
2838,10:51:18,7.89,--,83,65487,买盘
2839,10:51:15,7.89,0.01,3,2367,买盘
2840,10:51:12,7.88,--,15,11820,卖盘
2841,10:51:09,7.88,--,5,3940,卖盘
2842,10:51:03,7.88,-0.01,1,788,卖盘
2843,10:51:00,7.89,--,62,48918,买盘
2844,10:50:57,7.89,0.01,50,39450,买盘
2845,10:50:54,7.88,-0.01,17,13396,卖盘
2846,10:50:51,7.89,0.01,35,27615,买盘
2847,10:50:48,7.88,--,7,5516,卖盘
2848,10:50:45,7.88,-0.02,2362,1861886,卖盘
2849,10:50:42,7.9,0.01,321,253590,买盘
2850,10:50:39,7.89,--,53,41817,卖盘
2851,10:50:36,7.89,-0.01,56,44184,卖盘
2852,10:50:33,7.9,0.01,8,6320,买盘
2853,10:50:30,7.89,-0.01,406,320334,卖盘
2854,10:50:27,7.9,0.01,68,53720,买盘
2855,10:50:24,7.89,--,12,9468,卖盘
2856,10:50:21,7.89,--,153,120717,卖盘
2857,10:50:18,7.89,--,80,63120,卖盘
2858,10:50:15,7.89,--,26,20514,卖盘
2859,10:50:12,7.89,--,418,329802,卖盘
2860,10:50:09,7.89,--,27,21303,卖盘
2861,10:50:06,7.89,-0.01,144,113616,卖盘
2862,10:50:03,7.9,--,129,101910,买盘
2863,10:50:00,7.9,0.01,141,111390,买盘
2864,10:49:57,7.89,--,2,1578,卖盘
2865,10:49:54,7.89,--,12,9468,卖盘
2866,10:49:48,7.89,--,3,2367,卖盘
2867,10:49:45,7.89,--,61,48129,卖盘
2868,10:49:42,7.89,-0.01,598,471822,卖盘
2869,10:49:39,7.9,0.01,42,33180,买盘
2870,10:49:36,7.89,--,1,789,卖盘
2871,10:49:30,7.89,--,21,16569,卖盘
2872,10:49:27,7.89,-0.01,4,3156,卖盘
2873,10:49:24,7.9,--,3504,2768160,卖盘
