,time,price,change,volume,amount,type
0,15:00:03,7.61,--,4926,3748686,买盘
1,14:57:00,7.61,0.01,24,18264,买盘
2,14:56:57,7.6,--,535,406600,卖盘
3,14:56:54,7.6,--,3,2280,卖盘
4,14:56:51,7.6,--,47,35720,卖盘
5,14:56:48,7.6,--,92,69920,卖盘
6,14:56:45,7.6,--,221,167960,卖盘
7,14:56:42,7.6,-0.01,7,5320,卖盘
8,14:56:39,7.61,--,77,58597,买盘
9,14:56:36,7.61,0.01,161,122521,买盘
10,14:56:33,7.6,-0.01,44,33797,卖盘
11,14:56:30,7.61,0.01,105,79905,买盘
12,14:56:27,7.6,-0.01,1,760,卖盘
13,14:56:24,7.61,--,77,58597,买盘
14,14:56:21,7.61,--,182,138502,买盘
15,14:56:18,7.61,0.01,154,117194,买盘
16,14:56:15,7.6,-0.01,154,117040,卖盘
17,14:56:12,7.61,0.01,58,44138,买盘
18,14:56:09,7.6,-0.01,315,240114,卖盘
19,14:56:06,7.61,0.01,55,41855,买盘
20,14:56:03,7.6,-0.01,12,9120,卖盘
21,14:56:00,7.61,--,114,86754,买盘
22,14:55:57,7.61,--,84,63924,买盘
23,14:55:54,7.61,0.01,134,101974,买盘
24,14:55:51,7.6,--,55,41800,卖盘
25,14:55:45,7.6,--,50,38000,卖盘
26,14:55:42,7.6,--,71,53960,卖盘
27,14:55:39,7.6,--,95,72200,卖盘
28,14:55:36,7.6,-0.01,2,1520,卖盘
29,14:55:33,7.61,0.01,64,48704,买盘
30,14:55:30,7.6,-0.01,198,150480,卖盘
31,14:55:27,7.61,0.01,136,103496,买盘
32,14:55:24,7.6,--,6,4560,卖盘
33,14:55:21,7.6,-0.01,28,21280,卖盘
34,14:55:18,7.61,0.01,34,25874,买盘
35,14:55:15,7.6,--,11,8360,卖盘
36,14:55:12,7.6,--,19,14440,卖盘
37,14:55:09,7.6,--,38,28880,卖盘
38,14:55:06,7.6,-0.01,54,41040,卖盘
39,14:55:03,7.61,0.01,57,43377,买盘
40,14:55:00,7.6,-0.01,99,75240,卖盘
41,14:54:57,7.61,--,57,43377,买盘
42,14:54:54,7.61,0.01,76,58429,买盘
43,14:54:51,7.6,0.01,96,72960,买盘
44,14:54:48,7.59,-0.01,92,69828,卖盘
45,14:54:45,7.6,-0.01,332,252487,卖盘
46,14:54:42,7.61,--,127,96647,买盘
47,14:54:39,7.61,0.01,510,388110,买盘
48,14:54:36,7.6,-0.01,1,760,卖盘
49,14:54:33,7.61,--,15,11415,买盘
50,14:54:30,7.61,0.01,47,35767,买盘
51,14:54:27,7.6,--,100,76000,卖盘
52,14:54:24,7.6,--,60,46192,买盘
53,14:54:21,7.6,--,25,19167,卖盘
54,14:54:18,7.6,--,173,131480,卖盘
55,14:54:15,7.6,--,29,22040,卖盘
56,14:54:12,7.6,--,16,12160,卖盘
57,14:54:09,7.6,--,54,41040,卖盘
58,14:54:06,7.6,--,221,168552,买盘
59,14:54:03,7.6,--,62,47120,买盘
60,14:54:00,7.6,--,250,190000,买盘
61,14:53:57,7.6,--,365,277400,买盘
62,14:53:54,7.6,0.01,88,66880,买盘
63,14:53:51,7.59,--,884,670956,卖盘
64,14:53:48,7.59,--,85,64515,卖盘
65,14:53:45,7.59,-0.01,121,91839,卖盘
66,14:53:42,7.6,0.01,18,13680,买盘
67,14:53:39,7.59,-0.01,17,12903,卖盘
68,14:53:36,7.6,--,126,95760,买盘
69,14:53:33,7.6,0.01,1253,952280,买盘
70,14:53:30,7.59,--,174,132066,卖盘
71,14:53:27,7.59,--,124,94116,卖盘
72,14:53:24,7.59,--,151,114609,卖盘
73,14:53:21,7.59,--,680,516120,卖盘
74,14:53:18,7.59,-0.01,87,66033,卖盘
75,14:53:15,7.6,0.01,62,47120,买盘
76,14:53:12,7.59,-0.01,30,22770,卖盘
77,14:53:09,7.6,0.01,613,465880,买盘
78,14:53:06,7.59,--,197,149523,卖盘
79,14:53:03,7.59,-0.01,107,81213,卖盘
80,14:53:00,7.6,0.01,11,8360,买盘
81,14:52:57,7.59,--,76,57684,卖盘
82,14:52:54,7.59,--,49,37191,卖盘
83,14:52:51,7.59,-0.01,154,116886,卖盘
84,14:52:48,7.6,0.01,3,2280,买盘
85,14:52:45,7.59,--,92,69828,卖盘
86,14:52:42,7.59,-0.01,336,255024,卖盘
87,14:52:39,7.6,0.01,33,25080,买盘
88,14:52:36,7.59,-0.01,206,156354,卖盘
89,14:52:33,7.6,--,376,285760,买盘
90,14:52:30,7.6,0.01,568,431680,买盘
91,14:52:27,7.59,--,46,34914,卖盘
92,14:52:24,7.59,--,56,42504,卖盘
93,14:52:21,7.59,--,113,85767,卖盘
94,14:52:18,7.59,--,17,12903,卖盘
95,14:52:15,7.59,--,108,81972,卖盘
96,14:52:12,7.59,-0.01,25,18975,卖盘
97,14:52:09,7.6,0.01,110,83600,买盘
98,14:52:06,7.59,-0.01,127,96393,卖盘
99,14:52:03,7.6,--,449,341240,买盘
100,14:52:00,7.6,0.01,341,259160,买盘
101,14:51:57,7.59,--,10,7590,卖盘
102,14:51:54,7.59,--,109,82731,卖盘
103,14:51:51,7.59,--,3,2277,卖盘
104,14:51:45,7.59,-0.01,5,3795,卖盘
105,14:51:42,7.6,0.01,20,15200,买盘
106,14:51:39,7.59,--,123,93357,卖盘
107,14:51:36,7.59,--,28,21252,卖盘
108,14:51:30,7.59,-0.01,117,88803,卖盘
109,14:51:27,7.6,--,55,41800,买盘
110,14:51:24,7.6,--,6,4560,买盘
111,14:51:21,7.6,0.01,111,84360,买盘
112,14:51:18,7.59,-0.01,119,90321,卖盘
113,14:51:15,7.6,0.01,37,28120,买盘
114,14:51:12,7.59,-0.01,6,4554,卖盘
115,14:51:06,7.6,--,61,46360,买盘
116,14:51:03,7.6,--,291,221160,买盘
117,14:51:00,7.6,--,65,49400,买盘
118,14:50:57,7.6,0.01,5,3800,买盘
119,14:50:54,7.59,--,12,9108,卖盘
120,14:50:51,7.59,-0.01,73,55407,卖盘
121,14:50:48,7.6,0.01,70,53200,买盘
122,14:50:45,7.59,--,58,44022,卖盘
123,14:50:42,7.59,--,23,17457,卖盘
124,14:50:39,7.59,-0.01,101,76659,卖盘
125,14:50:36,7.6,0.01,13,9880,买盘
126,14:50:33,7.59,-0.01,43,32637,卖盘
127,14:50:30,7.6,--,60,45600,买盘
128,14:50:27,7.6,--,59,44840,买盘
129,14:50:24,7.6,0.01,630,478800,买盘
130,14:50:21,7.59,-0.01,35,26565,卖盘
131,14:50:18,7.6,0.01,443,336680,买盘
132,14:50:15,7.59,--,14,10626,卖盘
133,14:50:12,7.59,--,22,16698,卖盘
134,14:50:09,7.59,-0.01,116,88044,卖盘
135,14:50:06,7.6,--,357,271320,买盘
136,14:50:03,7.6,--,428,325280,买盘
137,14:50:00,7.6,--,30,22800,买盘
138,14:49:57,7.6,--,58,44080,买盘
139,14:49:54,7.6,0.01,4,3040,买盘
140,14:49:51,7.59,-0.01,102,77418,卖盘
141,14:49:48,7.6,0.01,9,6840,买盘
142,14:49:45,7.59,--,41,31119,卖盘
143,14:49:42,7.59,-0.01,3,2277,卖盘
144,14:49:39,7.6,0.01,91,69160,买盘
145,14:49:36,7.59,-0.01,171,129789,卖盘
146,14:49:33,7.6,--,52,39520,买盘
147,14:49:30,7.6,0.01,12,9120,买盘
148,14:49:27,7.59,--,130,98670,卖盘
149,14:49:21,7.59,--,19,14421,卖盘
150,14:49:18,7.59,--,34,25806,卖盘
151,14:49:15,7.59,--,54,40986,卖盘
152,14:49:12,7.59,--,223,169257,卖盘
153,14:49:09,7.59,--,1,759,卖盘
154,14:49:06,7.59,-0.01,3,2277,卖盘
155,14:49:03,7.6,0.01,9,6840,买盘
156,14:49:00,7.59,--,288,218592,卖盘
157,14:48:57,7.59,--,44,33396,卖盘
158,14:48:54,7.59,--,40,30360,卖盘
159,14:48:51,7.59,-0.01,31,23529,卖盘
160,14:48:48,7.6,0.01,100,76000,买盘
161,14:48:45,7.59,-0.01,74,56166,中性盘
162,14:48:42,7.6,--,239,182096,买盘
163,14:48:39,7.6,0.01,10,7600,买盘
164,14:48:36,7.59,0.01,10,7590,中性盘
165,14:48:33,7.58,-0.01,152,115216,卖盘
166,14:48:30,7.59,-0.01,36,27324,卖盘
167,14:48:27,7.6,--,190,144400,买盘
168,14:48:24,7.6,--,103,78280,买盘
169,14:48:21,7.6,0.01,45,34200,买盘
170,14:48:18,7.59,--,35,26565,卖盘
171,14:48:15,7.59,--,55,41745,卖盘
172,14:48:12,7.59,-0.01,12,9108,卖盘
173,14:48:09,7.6,0.01,199,151240,买盘
174,14:48:06,7.59,-0.01,31,23529,卖盘
175,14:48:03,7.6,--,136,103360,买盘
176,14:48:00,7.6,--,7,5320,买盘
177,14:47:57,7.6,0.01,47,35720,买盘
178,14:47:54,7.59,-0.01,17,12903,卖盘
179,14:47:51,7.6,--,71,53960,买盘
180,14:47:48,7.6,--,17,12920,买盘
181,14:47:42,7.6,0.01,5,3800,买盘
182,14:47:39,7.59,--,24,18216,卖盘
183,14:47:36,7.59,-0.01,13,9867,卖盘
184,14:47:33,7.6,0.01,146,110960,买盘
185,14:47:30,7.59,-0.01,5,3795,卖盘
186,14:47:27,7.6,--,44,33440,买盘
187,14:47:24,7.6,0.01,13,9880,买盘
188,14:47:21,7.59,--,343,260337,卖盘
189,14:47:18,7.59,--,124,94116,卖盘
190,14:47:15,7.59,--,46,34914,卖盘
191,14:47:12,7.59,--,11,8349,卖盘
192,14:47:09,7.59,-0.01,20,15180,卖盘
193,14:47:06,7.6,0.01,8,6080,买盘
194,14:47:03,7.59,-0.01,125,94875,卖盘
195,14:47:00,7.6,0.01,1,760,买盘
196,14:46:57,7.59,--,27,20493,卖盘
197,14:46:54,7.59,--,22,16698,卖盘
198,14:46:51,7.59,-0.01,3,2277,卖盘
199,14:46:48,7.6,0.01,40,30400,买盘
200,14:46:45,7.59,-0.01,6,4554,卖盘
201,14:46:42,7.6,0.01,9,6840,买盘
202,14:46:39,7.59,--,115,87285,卖盘
203,14:46:36,7.59,-0.01,59,44781,卖盘
204,14:46:33,7.6,--,68,51680,买盘
205,14:46:30,7.6,--,39,29640,买盘
206,14:46:27,7.6,--,20,15200,买盘
207,14:46:24,7.6,0.01,6,4560,买盘
208,14:46:21,7.59,-0.01,10,7590,卖盘
209,14:46:18,7.6,0.01,205,155800,买盘
210,14:46:15,7.59,--,220,166980,卖盘
211,14:46:12,7.59,-0.01,13,9867,卖盘
212,14:46:09,7.6,0.01,4,3040,买盘
213,14:46:06,7.59,--,134,101706,卖盘
214,14:46:03,7.59,--,563,427317,卖盘
215,14:46:00,7.59,-0.01,15,11385,卖盘
216,14:45:54,7.6,0.02,9,6840,买盘
217,14:45:51,7.58,-0.01,409,310022,卖盘
218,14:45:48,7.59,-0.01,30,22770,卖盘
219,14:45:45,7.6,0.01,55,41800,买盘
220,14:45:42,7.59,-0.01,98,74382,中性盘
221,14:45:39,7.6,0.01,495,376200,买盘
222,14:45:36,7.59,-0.01,16,12144,卖盘
223,14:45:33,7.6,--,95,72200,买盘
224,14:45:30,7.6,0.01,1181,897560,买盘
225,14:45:27,7.59,--,45,34792,买盘
226,14:45:24,7.59,--,6,4554,买盘
227,14:45:21,7.59,--,79,59961,买盘
228,14:45:18,7.59,--,214,162547,卖盘
229,14:45:15,7.59,--,146,110814,卖盘
230,14:45:12,7.59,--,114,86526,卖盘
231,14:45:09,7.59,--,16,12144,卖盘
232,14:45:06,7.59,-0.01,24,18216,卖盘
233,14:45:03,7.6,0.01,70,53200,买盘
234,14:45:00,7.59,--,333,252747,卖盘
235,14:44:57,7.59,--,22,16698,卖盘
236,14:44:54,7.59,--,446,338514,卖盘
237,14:44:51,7.59,--,1,759,卖盘
238,14:44:45,7.59,-0.01,44,33396,卖盘
239,14:44:42,7.6,0.01,119,90440,买盘
240,14:44:39,7.59,-0.01,36,27324,卖盘
241,14:44:36,7.6,0.01,39,29640,买盘
242,14:44:33,7.59,--,206,156354,卖盘
243,14:44:27,7.59,--,9,6831,卖盘
244,14:44:24,7.59,--,278,211002,卖盘
245,14:44:21,7.59,-0.01,51,38709,卖盘
246,14:44:18,7.6,0.01,94,71440,买盘
247,14:44:15,7.59,-0.01,16,12144,卖盘
248,14:44:12,7.6,0.01,27,20520,买盘
249,14:44:09,7.59,-0.01,120,91080,卖盘
250,14:44:06,7.6,0.01,159,120840,买盘
251,14:44:03,7.59,--,82,62238,卖盘
252,14:44:00,7.59,--,88,66792,卖盘
253,14:43:57,7.59,--,239,182038,卖盘
254,14:43:54,7.59,--,220,166980,卖盘
255,14:43:51,7.59,--,35,26565,卖盘
256,14:43:48,7.59,--,85,64515,卖盘
257,14:43:45,7.59,-0.01,392,297528,卖盘
258,14:43:42,7.6,--,147,111720,买盘
259,14:43:39,7.6,0.01,64,48640,买盘
260,14:43:36,7.59,--,17,12903,卖盘
261,14:43:33,7.59,--,115,87285,卖盘
262,14:43:30,7.59,--,34,25806,卖盘
263,14:43:27,7.59,--,5,3795,卖盘
264,14:43:24,7.59,--,175,132825,卖盘
265,14:43:21,7.59,--,24,18216,卖盘
266,14:43:18,7.59,--,5,3795,卖盘
267,14:43:15,7.59,--,6,4554,卖盘
268,14:43:12,7.59,--,105,79695,卖盘
269,14:43:09,7.59,--,43,32637,卖盘
270,14:43:06,7.59,--,6,4554,卖盘
271,14:43:03,7.59,--,542,411378,卖盘
272,14:43:00,7.59,--,55,41745,卖盘
273,14:42:54,7.59,--,5,3795,卖盘
274,14:42:51,7.59,--,2,1518,卖盘
275,14:42:48,7.59,--,291,220869,买盘
276,14:42:45,7.59,0.01,132,100188,买盘
277,14:42:42,7.58,--,55,41690,卖盘
278,14:42:39,7.58,--,10,7580,卖盘
279,14:42:36,7.58,-0.01,211,159938,卖盘
280,14:42:33,7.59,0.01,110,83490,买盘
281,14:42:30,7.58,-0.01,95,72010,卖盘
282,14:42:27,7.59,0.01,25,18975,买盘
283,14:42:24,7.58,--,296,224368,卖盘
284,14:42:21,7.58,-0.01,7,5306,卖盘
285,14:42:18,7.59,0.01,155,117645,买盘
286,14:42:15,7.58,--,9,6822,卖盘
287,14:42:12,7.58,--,192,145536,卖盘
288,14:42:09,7.58,-0.01,124,93992,卖盘
289,14:42:06,7.59,--,37,28083,买盘
290,14:42:03,7.59,--,138,104742,买盘
291,14:42:00,7.59,--,46,34914,买盘
292,14:41:57,7.59,0.01,50,37950,买盘
293,14:41:54,7.58,--,51,38658,卖盘
294,14:41:51,7.58,--,1,758,卖盘
295,14:41:48,7.58,--,17,12886,卖盘
296,14:41:45,7.58,--,653,495224,买盘
297,14:41:42,7.58,--,19,14402,买盘
298,14:41:39,7.58,--,111,84138,买盘
299,14:41:36,7.58,--,708,537171,卖盘
300,14:41:33,7.58,--,225,170550,卖盘
301,14:41:30,7.58,-0.01,2567,1945786,卖盘
302,14:41:27,7.59,0.01,13,9867,买盘
303,14:41:24,7.58,-0.01,207,156906,卖盘
304,14:41:21,7.59,0.01,89,67551,买盘
305,14:41:18,7.58,--,1052,797416,卖盘
306,14:41:15,7.58,--,60,45480,卖盘
307,14:41:12,7.58,--,178,134924,卖盘
308,14:41:09,7.58,-0.01,27,20466,卖盘
309,14:41:06,7.59,--,149,113091,买盘
310,14:41:03,7.59,--,72,54648,买盘
311,14:40:57,7.59,--,100,75900,买盘
312,14:40:54,7.59,--,214,162426,买盘
313,14:40:51,7.59,0.01,46,34914,买盘
314,14:40:48,7.58,--,53,40174,卖盘
315,14:40:45,7.58,--,53,40174,卖盘
316,14:40:42,7.58,-0.01,3,2274,卖盘
317,14:40:39,7.59,--,4,3036,买盘
318,14:40:36,7.59,--,115,87285,买盘
319,14:40:33,7.59,--,165,125235,买盘
320,14:40:30,7.59,0.01,139,105501,买盘
321,14:40:27,7.58,-0.01,3,2274,卖盘
322,14:40:24,7.59,-0.01,337,255783,卖盘
323,14:40:21,7.6,0.01,9,6840,买盘
324,14:40:18,7.59,-0.01,184,139656,卖盘
325,14:40:15,7.6,0.01,12,9120,买盘
326,14:40:12,7.59,--,52,39468,卖盘
327,14:40:09,7.59,-0.01,30,22770,卖盘
328,14:40:06,7.6,0.01,7,5320,买盘
329,14:40:03,7.59,--,1490,1131084,买盘
330,14:40:00,7.59,0.01,1,759,买盘
331,14:39:54,7.58,-0.01,262,198596,卖盘
332,14:39:51,7.59,0.01,26,19734,买盘
333,14:39:48,7.58,--,95,72010,卖盘
334,14:39:45,7.58,--,3,2274,卖盘
335,14:39:42,7.58,-0.01,3,2274,卖盘
336,14:39:39,7.59,0.01,93,70587,买盘
337,14:39:36,7.58,-0.01,3,2274,卖盘
338,14:39:33,7.59,0.01,657,498663,买盘
339,14:39:30,7.58,-0.01,12,9096,卖盘
340,14:39:27,7.59,--,9,6831,买盘
341,14:39:24,7.59,0.01,124,94116,买盘
342,14:39:21,7.58,--,66,50028,卖盘
343,14:39:18,7.58,--,55,41690,卖盘
344,14:39:15,7.58,--,212,160696,卖盘
345,14:39:12,7.58,--,68,51544,卖盘
346,14:39:09,7.58,--,20,15160,卖盘
347,14:39:06,7.58,-0.01,148,112184,卖盘
348,14:39:03,7.59,0.01,63,47817,买盘
349,14:39:00,7.58,--,26,19708,卖盘
350,14:38:57,7.58,--,151,114458,卖盘
351,14:38:54,7.58,--,316,239528,卖盘
352,14:38:51,7.58,--,254,192532,卖盘
353,14:38:48,7.58,--,67,50786,卖盘
354,14:38:45,7.58,--,19,14402,卖盘
355,14:38:42,7.58,-0.01,3,2274,卖盘
356,14:38:39,7.59,0.01,23,17457,买盘
357,14:38:36,7.58,--,37,28046,卖盘
358,14:38:33,7.58,--,112,84896,卖盘
359,14:38:30,7.58,-0.01,19,14402,卖盘
360,14:38:27,7.59,--,229,173811,买盘
361,14:38:24,7.59,0.01,100,75900,买盘
362,14:38:21,7.58,-0.01,4,3032,卖盘
363,14:38:18,7.59,0.01,17,12903,买盘
364,14:38:15,7.58,--,6,4548,卖盘
365,14:38:12,7.58,-0.01,116,87928,卖盘
366,14:38:06,7.59,0.01,120,91193,买盘
367,14:38:03,7.58,-0.01,138,104604,卖盘
368,14:38:00,7.59,0.01,30,22770,买盘
369,14:37:57,7.58,--,100,75800,卖盘
370,14:37:54,7.58,--,181,137198,卖盘
371,14:37:51,7.58,-0.01,98,74284,卖盘
372,14:37:48,7.59,0.01,11,8349,买盘
373,14:37:45,7.58,-0.01,80,60640,卖盘
374,14:37:42,7.59,--,125,94875,买盘
375,14:37:39,7.59,--,122,92643,卖盘
376,14:37:36,7.59,--,206,156354,卖盘
377,14:37:33,7.59,--,67,50853,卖盘
378,14:37:30,7.59,--,136,103224,卖盘
379,14:37:27,7.59,--,16,12144,卖盘
380,14:37:24,7.59,--,178,135102,卖盘
381,14:37:21,7.59,--,3,2277,卖盘
382,14:37:18,7.59,--,136,103224,卖盘
383,14:37:15,7.59,--,162,122958,卖盘
384,14:37:12,7.59,-0.01,15,11385,卖盘
385,14:37:09,7.6,0.01,670,509200,买盘
386,14:37:06,7.59,--,103,78177,卖盘
387,14:37:03,7.59,-0.01,63,47817,卖盘
388,14:36:57,7.6,0.01,126,95760,买盘
389,14:36:54,7.59,--,197,149978,卖盘
390,14:36:51,7.59,--,206,156354,卖盘
391,14:36:48,7.59,--,5,3795,卖盘
392,14:36:45,7.59,--,46,34914,卖盘
393,14:36:42,7.59,--,3,2277,卖盘
394,14:36:39,7.59,--,21,15939,卖盘
395,14:36:36,7.59,--,140,106260,卖盘
396,14:36:33,7.59,--,115,87285,卖盘
397,14:36:30,7.59,--,53,40227,卖盘
398,14:36:27,7.59,--,311,236049,卖盘
399,14:36:24,7.59,--,4,3036,卖盘
400,14:36:21,7.59,--,53,40227,卖盘
401,14:36:18,7.59,-0.01,55,41745,卖盘
402,14:36:15,7.6,0.01,50,38000,买盘
403,14:36:12,7.59,-0.01,135,102465,卖盘
404,14:36:06,7.6,--,35,26600,买盘
405,14:36:03,7.6,0.01,124,94240,买盘
406,14:36:00,7.59,--,331,251229,卖盘
407,14:35:57,7.59,--,302,229218,卖盘
408,14:35:54,7.59,--,121,91839,卖盘
409,14:35:51,7.59,--,371,281589,卖盘
410,14:35:48,7.59,--,119,90321,卖盘
411,14:35:45,7.59,--,159,120681,卖盘
412,14:35:42,7.59,--,10,7590,卖盘
413,14:35:39,7.59,--,713,541167,卖盘
414,14:35:36,7.59,-0.01,53,40227,卖盘
415,14:35:33,7.6,0.01,142,107920,买盘
416,14:35:30,7.59,--,1,759,卖盘
417,14:35:27,7.59,--,154,116886,卖盘
418,14:35:24,7.59,--,2,1518,卖盘
419,14:35:21,7.59,--,28,21252,卖盘
420,14:35:18,7.59,--,139,105501,卖盘
421,14:35:15,7.59,--,1,759,卖盘
422,14:35:12,7.59,--,131,99429,卖盘
423,14:35:09,7.59,--,4,3036,卖盘
424,14:35:06,7.59,--,38,28842,卖盘
425,14:35:03,7.59,--,85,64515,卖盘
426,14:35:00,7.59,--,29,22011,卖盘
427,14:34:57,7.59,--,55,41745,卖盘
428,14:34:54,7.59,--,69,52371,卖盘
429,14:34:51,7.59,--,16,12144,卖盘
430,14:34:48,7.59,--,5,3795,卖盘
431,14:34:45,7.59,--,9,6831,卖盘
432,14:34:42,7.59,--,4,3036,卖盘
433,14:34:36,7.59,-0.01,117,88803,卖盘
434,14:34:33,7.6,0.01,78,59280,买盘
435,14:34:30,7.59,--,191,145439,卖盘
436,14:34:27,7.59,--,3,2277,卖盘
437,14:34:24,7.59,-0.01,35,26565,卖盘
438,14:34:21,7.6,--,15,11400,买盘
439,14:34:18,7.6,--,7,5320,买盘
440,14:34:15,7.6,0.01,20,15200,买盘
441,14:34:12,7.59,-0.01,29,22011,卖盘
442,14:34:06,7.6,0.01,11,8360,买盘
443,14:34:03,7.59,-0.01,66,50094,卖盘
444,14:34:00,7.6,--,52,39520,买盘
445,14:33:57,7.6,--,6,4560,买盘
446,14:33:54,7.6,--,135,102600,卖盘
447,14:33:51,7.6,-0.01,45,34200,卖盘
448,14:33:48,7.61,0.01,2,1522,买盘
449,14:33:45,7.6,0.01,162,123120,买盘
450,14:33:42,7.59,-0.01,14,10626,卖盘
451,14:33:39,7.6,--,205,155800,卖盘
452,14:33:36,7.6,--,107,81320,买盘
453,14:33:33,7.6,--,266,202160,卖盘
454,14:33:30,7.6,0.01,7,5320,中性盘
455,14:33:27,7.59,--,110,83490,卖盘
456,14:33:21,7.59,-0.01,238,180642,卖盘
457,14:33:18,7.6,0.01,34,25840,买盘
458,14:33:15,7.59,--,22,16698,卖盘
459,14:33:12,7.59,--,208,157872,卖盘
460,14:33:06,7.59,--,8,6072,卖盘
461,14:33:03,7.59,--,2,1518,卖盘
462,14:33:00,7.59,-0.01,226,171534,卖盘
463,14:32:57,7.6,--,94,71440,买盘
464,14:32:54,7.6,0.01,368,279680,买盘
465,14:32:51,7.59,--,3,2277,卖盘
466,14:32:48,7.59,--,32,24288,卖盘
467,14:32:45,7.59,--,671,509289,卖盘
468,14:32:42,7.59,-0.01,103,78177,卖盘
469,14:32:39,7.6,0.01,203,154280,买盘
470,14:32:36,7.59,-0.01,4,3036,卖盘
471,14:32:33,7.6,0.01,94,71440,买盘
472,14:32:30,7.59,-0.01,212,160908,卖盘
473,14:32:27,7.6,--,50,38000,买盘
474,14:32:24,7.6,0.01,122,92720,买盘
475,14:32:21,7.59,-0.01,8,6072,卖盘
476,14:32:18,7.6,0.01,138,104880,买盘
477,14:32:15,7.59,--,124,94116,卖盘
478,14:32:12,7.59,-0.01,30,22770,卖盘
479,14:32:09,7.6,0.01,2,1520,买盘
480,14:32:06,7.59,--,149,113091,卖盘
481,14:32:03,7.59,--,166,125994,卖盘
482,14:32:00,7.59,--,66,50094,卖盘
483,14:31:57,7.59,-0.01,7,5313,卖盘
484,14:31:54,7.6,--,45,34200,买盘
485,14:31:51,7.6,0.01,10,7600,买盘
486,14:31:48,7.59,--,8,6072,卖盘
487,14:31:45,7.59,--,70,53130,卖盘
488,14:31:42,7.59,--,116,88044,卖盘
489,14:31:39,7.59,--,4,3036,卖盘
490,14:31:36,7.59,--,38,28842,卖盘
491,14:31:30,7.59,--,16,12144,卖盘
492,14:31:27,7.59,-0.01,197,149523,卖盘
493,14:31:24,7.6,0.01,51,38760,买盘
494,14:31:21,7.59,-0.01,391,296769,卖盘
495,14:31:18,7.6,0.01,6,4560,买盘
496,14:31:15,7.59,-0.01,47,35673,卖盘
497,14:31:12,7.6,0.01,35,26600,买盘
498,14:31:06,7.59,-0.01,70,53130,卖盘
499,14:31:03,7.6,--,11,8360,买盘
500,14:31:00,7.6,--,99,75240,卖盘
501,14:30:57,7.6,--,114,86640,卖盘
502,14:30:54,7.6,--,625,475000,卖盘
503,14:30:51,7.6,--,20,15200,卖盘
504,14:30:48,7.6,--,53,40280,卖盘
505,14:30:45,7.6,--,10,7600,卖盘
506,14:30:42,7.6,--,26,19760,卖盘
507,14:30:39,7.6,--,254,193040,卖盘
508,14:30:36,7.6,--,3,2280,卖盘
509,14:30:33,7.6,--,63,47880,卖盘
510,14:30:30,7.6,--,18,13680,卖盘
511,14:30:27,7.6,-0.01,8,6080,卖盘
512,14:30:24,7.61,--,32,24352,买盘
513,14:30:21,7.61,0.01,14,10654,买盘
514,14:30:18,7.6,-0.01,120,91200,卖盘
515,14:30:15,7.61,0.01,15,11415,买盘
516,14:30:12,7.6,--,19,14440,卖盘
517,14:30:09,7.6,-0.01,88,66880,卖盘
518,14:30:06,7.61,--,8,6088,买盘
519,14:30:03,7.61,--,2,1522,买盘
520,14:30:00,7.61,0.01,44,33484,买盘
521,14:29:57,7.6,--,131,99560,卖盘
522,14:29:54,7.6,--,27,20520,卖盘
523,14:29:51,7.6,-0.01,11,8360,卖盘
524,14:29:48,7.61,0.01,36,27396,买盘
525,14:29:45,7.6,--,20,15200,卖盘
526,14:29:42,7.6,-0.01,4,3040,卖盘
527,14:29:36,7.61,0.01,107,81427,买盘
528,14:29:33,7.6,--,213,161880,卖盘
529,14:29:30,7.6,-0.01,53,40280,卖盘
530,14:29:27,7.61,0.01,16,12176,买盘
531,14:29:24,7.6,--,26,19760,卖盘
532,14:29:21,7.6,-0.01,3,2280,卖盘
533,14:29:18,7.61,0.01,51,38811,买盘
534,14:29:15,7.6,--,7,5320,卖盘
535,14:29:12,7.6,--,16,12160,卖盘
536,14:29:06,7.6,--,53,40280,卖盘
537,14:29:03,7.6,-0.01,39,29640,卖盘
538,14:29:00,7.61,--,34,25874,买盘
539,14:28:57,7.61,--,1,761,买盘
540,14:28:54,7.61,0.01,11,8371,买盘
541,14:28:51,7.6,-0.01,192,145920,卖盘
542,14:28:48,7.61,0.01,46,35006,买盘
543,14:28:45,7.6,--,5,3800,卖盘
544,14:28:42,7.6,-0.01,5,3800,卖盘
545,14:28:39,7.61,--,62,47182,买盘
546,14:28:36,7.61,0.01,187,142307,买盘
547,14:28:30,7.6,--,34,25840,卖盘
548,14:28:27,7.6,--,23,17480,卖盘
549,14:28:24,7.6,--,50,38000,卖盘
550,14:28:21,7.6,-0.01,53,40280,卖盘
551,14:28:18,7.61,0.01,52,39572,买盘
552,14:28:15,7.6,--,44,33440,卖盘
553,14:28:12,7.6,0.01,25,19000,中性盘
554,14:28:09,7.59,--,195,148005,卖盘
555,14:28:06,7.59,--,152,115368,卖盘
556,14:28:03,7.59,-0.01,6,4554,卖盘
557,14:28:00,7.6,0.01,620,471200,买盘
558,14:27:54,7.59,-0.01,1,759,卖盘
559,14:27:48,7.6,0.01,90,68400,买盘
560,14:27:45,7.59,--,8,6072,卖盘
561,14:27:42,7.59,--,26,19734,卖盘
562,14:27:39,7.59,--,35,26565,卖盘
563,14:27:36,7.59,--,46,34914,卖盘
564,14:27:33,7.59,--,1,759,卖盘
565,14:27:30,7.59,-0.01,5,3795,卖盘
566,14:27:27,7.6,0.01,23,17480,买盘
567,14:27:24,7.59,--,31,23529,卖盘
568,14:27:21,7.59,-0.01,55,41745,卖盘
569,14:27:18,7.6,--,150,114000,买盘
570,14:27:15,7.6,0.01,165,125400,买盘
571,14:27:12,7.59,-0.01,74,56166,卖盘
572,14:27:09,7.6,--,10,7600,买盘
573,14:27:06,7.6,--,1771,1345960,买盘
574,14:27:03,7.6,--,90,68400,买盘
575,14:27:00,7.6,0.01,58,44080,买盘
576,14:26:57,7.59,--,409,310431,卖盘
577,14:26:54,7.59,--,252,191268,卖盘
578,14:26:51,7.59,--,1,759,卖盘
579,14:26:48,7.59,--,1,759,卖盘
580,14:26:45,7.59,--,64,48576,卖盘
581,14:26:42,7.59,--,5,3795,卖盘
582,14:26:39,7.59,-0.01,10,7590,卖盘
583,14:26:36,7.6,0.01,43,32680,买盘
584,14:26:33,7.59,-0.01,3,2277,卖盘
585,14:26:30,7.6,0.01,61,46360,买盘
586,14:26:27,7.59,--,203,154077,卖盘
587,14:26:24,7.59,--,1,759,卖盘
588,14:26:21,7.59,-0.01,3,2277,卖盘
589,14:26:18,7.6,--,89,67640,买盘
590,14:26:15,7.6,0.01,4,3040,买盘
591,14:26:12,7.59,--,436,330924,卖盘
592,14:26:09,7.59,--,29,22011,卖盘
593,14:26:06,7.59,--,12,9108,卖盘
594,14:26:00,7.59,-0.01,10,7590,卖盘
595,14:25:57,7.6,--,415,315400,买盘
596,14:25:54,7.6,--,8,6080,买盘
597,14:25:51,7.6,0.01,11,8360,买盘
598,14:25:48,7.59,--,154,116886,卖盘
599,14:25:45,7.59,-0.01,6,4554,卖盘
600,14:25:42,7.6,0.01,20,15200,买盘
601,14:25:39,7.59,-0.01,22,16698,卖盘
602,14:25:36,7.6,0.01,60,45600,买盘
603,14:25:30,7.59,--,3,2277,卖盘
604,14:25:27,7.59,--,3,2277,卖盘
605,14:25:24,7.59,--,2,1518,卖盘
606,14:25:21,7.59,--,17,12903,卖盘
607,14:25:18,7.59,0.01,1338,1016088,买盘
608,14:25:15,7.58,--,567,429786,卖盘
609,14:25:12,7.58,--,14,10612,卖盘
610,14:25:09,7.58,--,234,177372,卖盘
611,14:25:06,7.58,--,4,3032,卖盘
612,14:25:03,7.58,-0.01,2,1516,卖盘
613,14:25:00,7.59,0.01,71,53889,买盘
614,14:24:57,7.58,--,11,8944,卖盘
615,14:24:54,7.58,--,39,29562,卖盘
616,14:24:51,7.58,-0.01,141,106878,卖盘
617,14:24:48,7.59,0.01,112,85008,买盘
618,14:24:45,7.58,-0.01,4,3032,卖盘
619,14:24:42,7.59,0.01,3,2277,买盘
620,14:24:39,7.58,--,24,18192,卖盘
621,14:24:36,7.58,-0.01,2,1516,卖盘
622,14:24:33,7.59,0.01,5,3795,买盘
623,14:24:30,7.58,--,57,43206,卖盘
624,14:24:27,7.58,--,2,1516,卖盘
625,14:24:24,7.58,--,53,40174,卖盘
626,14:24:21,7.58,--,94,71252,卖盘
627,14:24:18,7.58,--,9,6822,卖盘
628,14:24:12,7.58,--,28,21224,卖盘
629,14:24:09,7.58,--,18,13644,卖盘
630,14:24:06,7.58,--,5,3790,卖盘
631,14:24:03,7.58,--,32,24256,卖盘
632,14:24:00,7.58,-0.01,13,9854,卖盘
633,14:23:57,7.59,0.01,2,1518,买盘
634,14:23:54,7.58,--,1,758,卖盘
635,14:23:51,7.58,-0.01,4,3032,卖盘
636,14:23:48,7.59,0.01,1,759,买盘
637,14:23:45,7.58,-0.01,4,3032,卖盘
638,14:23:42,7.59,0.01,73,55407,买盘
639,14:23:39,7.58,--,12,9096,卖盘
640,14:23:36,7.58,--,2,1516,卖盘
641,14:23:30,7.58,--,2,1516,卖盘
642,14:23:27,7.58,-0.01,5,3790,卖盘
643,14:23:24,7.59,--,147,111633,卖盘
644,14:23:21,7.59,--,109,82731,卖盘
645,14:23:18,7.59,--,3,2277,卖盘
646,14:23:15,7.59,--,102,77418,卖盘
647,14:23:12,7.59,--,124,94116,卖盘
648,14:23:09,7.59,--,60,45540,卖盘
649,14:23:06,7.59,--,7,5313,卖盘
650,14:23:00,7.59,--,117,89501,买盘
651,14:22:57,7.59,0.01,5,3795,买盘
652,14:22:54,7.58,--,91,68978,卖盘
653,14:22:51,7.58,-0.01,1,758,卖盘
654,14:22:48,7.59,0.01,3,2277,买盘
655,14:22:45,7.58,-0.01,56,42448,卖盘
656,14:22:42,7.59,--,501,380319,卖盘
657,14:22:39,7.59,--,4,3036,卖盘
658,14:22:36,7.59,--,33,25047,卖盘
659,14:22:33,7.59,--,5,3795,卖盘
660,14:22:30,7.59,--,2,1518,卖盘
661,14:22:27,7.59,--,79,59961,卖盘
662,14:22:24,7.59,--,26,19734,卖盘
663,14:22:21,7.59,--,5,3795,卖盘
664,14:22:15,7.59,--,47,35673,卖盘
665,14:22:12,7.59,--,9,6831,卖盘
666,14:22:09,7.59,-0.01,513,389367,卖盘
667,14:22:06,7.6,0.01,179,136040,买盘
668,14:22:03,7.59,--,210,159390,卖盘
669,14:22:00,7.59,--,152,115368,卖盘
670,14:21:57,7.59,--,83,62997,卖盘
671,14:21:54,7.59,--,234,178304,卖盘
672,14:21:51,7.59,--,709,538131,卖盘
673,14:21:48,7.59,--,13,9867,卖盘
674,14:21:45,7.59,--,11,8349,卖盘
675,14:21:42,7.59,--,1250,948750,卖盘
676,14:21:39,7.59,--,7,5313,卖盘
677,14:21:36,7.59,--,5,3795,卖盘
678,14:21:30,7.59,--,59,44781,卖盘
679,14:21:27,7.59,--,6,4554,卖盘
680,14:21:24,7.59,--,1,759,卖盘
681,14:21:21,7.59,--,3,2277,卖盘
682,14:21:18,7.59,--,27,20493,卖盘
683,14:21:15,7.59,0.01,458,347622,买盘
684,14:21:12,7.58,--,7,5306,卖盘
685,14:21:09,7.58,-0.01,93,70494,卖盘
686,14:21:06,7.59,0.01,20,15180,买盘
687,14:21:03,7.58,-0.01,3,2274,卖盘
688,14:20:57,7.59,--,158,119922,买盘
689,14:20:54,7.59,0.01,48,36432,买盘
690,14:20:51,7.58,--,19,14402,卖盘
691,14:20:48,7.58,--,80,60640,卖盘
692,14:20:45,7.58,--,45,34110,卖盘
693,14:20:42,7.58,--,75,56850,卖盘
694,14:20:39,7.58,--,121,91718,卖盘
695,14:20:36,7.58,-0.01,97,73526,卖盘
696,14:20:33,7.59,0.01,110,83490,买盘
697,14:20:30,7.58,-0.01,11,8338,卖盘
698,14:20:27,7.59,0.01,154,116886,买盘
699,14:20:24,7.58,--,16,12128,卖盘
700,14:20:21,7.58,-0.01,6,4548,卖盘
701,14:20:18,7.59,0.01,16,12144,买盘
702,14:20:15,7.58,--,6,4548,卖盘
703,14:20:12,7.58,--,414,313812,卖盘
704,14:20:09,7.58,-0.01,29,21982,卖盘
705,14:20:06,7.59,0.01,69,52371,买盘
706,14:20:03,7.58,-0.01,95,72010,卖盘
707,14:20:00,7.59,0.01,4,3036,买盘
708,14:19:57,7.58,-0.01,6,4548,卖盘
709,14:19:54,7.59,0.01,42,31878,买盘
710,14:19:51,7.58,-0.01,53,40174,卖盘
711,14:19:48,7.59,0.01,11,8349,买盘
712,14:19:45,7.58,--,127,96266,卖盘
713,14:19:42,7.58,-0.01,106,80348,卖盘
714,14:19:39,7.59,--,90,68310,买盘
715,14:19:36,7.59,0.01,54,40986,买盘
716,14:19:33,7.58,-0.01,10,7580,卖盘
717,14:19:30,7.59,0.01,55,41745,买盘
718,14:19:27,7.58,--,6,4548,卖盘
719,14:19:24,7.58,--,43,32594,卖盘
720,14:19:21,7.58,-0.01,77,58366,卖盘
721,14:19:18,7.59,0.01,120,91080,买盘
722,14:19:15,7.58,--,55,41690,卖盘
723,14:19:12,7.58,--,98,74284,卖盘
724,14:19:09,7.58,--,34,25772,卖盘
725,14:19:06,7.58,--,4,3032,卖盘
726,14:19:03,7.58,--,196,148568,卖盘
727,14:19:00,7.58,--,84,63672,卖盘
728,14:18:57,7.58,--,159,120522,卖盘
729,14:18:54,7.58,--,676,512408,卖盘
730,14:18:51,7.58,--,67,50786,卖盘
731,14:18:45,7.58,-0.01,4,3032,卖盘
732,14:18:42,7.59,0.01,71,53889,买盘
733,14:18:39,7.58,-0.01,22,16676,卖盘
734,14:18:36,7.59,--,59,44781,买盘
735,14:18:33,7.59,0.01,20,15180,买盘
736,14:18:30,7.58,--,4,3032,卖盘
737,14:18:27,7.58,-0.01,211,159938,卖盘
738,14:18:24,7.59,0.01,7,5313,买盘
739,14:18:21,7.58,--,92,69736,卖盘
740,14:18:18,7.58,--,6,4548,卖盘
741,14:18:15,7.58,--,32,24256,卖盘
742,14:18:12,7.58,--,120,90960,卖盘
743,14:18:09,7.58,-0.01,32,24256,卖盘
744,14:18:06,7.59,--,33,25047,买盘
745,14:18:03,7.59,0.01,344,261096,买盘
746,14:18:00,7.58,--,33,25014,卖盘
747,14:17:57,7.58,--,3,2274,卖盘
748,14:17:54,7.58,--,3,2274,卖盘
749,14:17:51,7.58,--,3,2274,卖盘
750,14:17:45,7.58,--,20,15160,卖盘
751,14:17:42,7.58,-0.01,302,228916,卖盘
752,14:17:39,7.59,--,56,42504,买盘
753,14:17:36,7.59,0.01,6,4554,买盘
754,14:17:33,7.58,--,1320,1000560,卖盘
755,14:17:30,7.58,--,326,247108,卖盘
756,14:17:27,7.58,--,52,39416,卖盘
757,14:17:24,7.58,--,3,2274,卖盘
758,14:17:21,7.58,--,56,42448,卖盘
759,14:17:18,7.58,--,23,17434,卖盘
760,14:17:15,7.58,-0.01,3,2274,卖盘
761,14:17:12,7.59,0.01,43,32637,买盘
762,14:17:09,7.58,--,60,45480,卖盘
763,14:17:06,7.58,--,89,67462,卖盘
764,14:17:03,7.58,0.01,1244,943065,买盘
765,14:17:00,7.57,--,3,2271,卖盘
766,14:16:57,7.57,-0.01,59,44663,卖盘
767,14:16:54,7.58,0.01,33,25014,买盘
768,14:16:51,7.57,-0.01,105,79485,卖盘
769,14:16:48,7.58,0.01,13,9854,买盘
770,14:16:45,7.57,--,85,64345,卖盘
771,14:16:42,7.57,--,294,222558,卖盘
772,14:16:39,7.57,-0.01,204,154428,卖盘
773,14:16:36,7.58,--,227,172066,买盘
774,14:16:33,7.58,--,2431,1842698,卖盘
775,14:16:30,7.58,--,24,18192,卖盘
776,14:16:27,7.58,--,374,283492,卖盘
777,14:16:24,7.58,--,37,28046,卖盘
778,14:16:21,7.58,--,14,10612,卖盘
779,14:16:18,7.58,--,9,6822,卖盘
780,14:16:15,7.58,--,94,71252,卖盘
781,14:16:12,7.58,--,120,90960,卖盘
782,14:16:09,7.58,--,95,72010,卖盘
783,14:16:06,7.58,--,45,34110,卖盘
784,14:16:03,7.58,--,1128,855024,卖盘
785,14:16:00,7.58,-0.01,18,13644,卖盘
786,14:15:57,7.59,--,68,51612,买盘
787,14:15:54,7.59,0.01,97,73623,买盘
788,14:15:51,7.58,-0.01,48,36384,卖盘
789,14:15:48,7.59,0.01,25,18975,买盘
790,14:15:45,7.58,--,23,17434,卖盘
791,14:15:42,7.58,--,563,426754,卖盘
792,14:15:39,7.58,--,38,28804,卖盘
793,14:15:36,7.58,--,270,204660,卖盘
794,14:15:33,7.58,--,2,1516,卖盘
795,14:15:30,7.58,-0.01,31,23498,卖盘
796,14:15:27,7.59,0.01,13,9867,买盘
797,14:15:24,7.58,--,65,49270,卖盘
798,14:15:21,7.58,--,312,236496,卖盘
799,14:15:18,7.58,--,9,6822,卖盘
800,14:15:12,7.58,--,60,45480,卖盘
801,14:15:09,7.58,--,25,18950,卖盘
802,14:15:06,7.58,-0.01,51,38658,卖盘
803,14:15:03,7.59,0.01,174,132066,买盘
804,14:15:00,7.58,--,134,101572,卖盘
805,14:14:57,7.58,--,67,50786,卖盘
806,14:14:54,7.58,--,102,77316,卖盘
807,14:14:51,7.58,--,3,2274,卖盘
808,14:14:48,7.58,--,60,45480,卖盘
809,14:14:45,7.58,--,5,3790,卖盘
810,14:14:42,7.58,-0.01,75,56850,卖盘
811,14:14:39,7.59,0.01,158,119922,买盘
812,14:14:36,7.58,--,119,90202,卖盘
813,14:14:33,7.58,-0.01,186,140988,卖盘
814,14:14:30,7.59,0.01,6,4554,买盘
815,14:14:27,7.58,--,23,17434,卖盘
816,14:14:21,7.58,--,9,6822,卖盘
817,14:14:18,7.58,--,53,40174,卖盘
818,14:14:15,7.58,--,16,12128,卖盘
819,14:14:12,7.58,--,16,12128,卖盘
820,14:14:09,7.58,--,373,282734,卖盘
821,14:14:06,7.58,-0.01,14,10612,卖盘
822,14:14:03,7.59,--,20,15180,买盘
823,14:14:00,7.59,0.01,41,31119,买盘
824,14:13:57,7.58,-0.01,502,380516,卖盘
825,14:13:54,7.59,0.01,34,25806,买盘
826,14:13:51,7.58,-0.01,1,758,卖盘
827,14:13:48,7.59,--,186,141174,买盘
828,14:13:45,7.59,--,135,102465,买盘
829,14:13:42,7.59,0.01,34,25806,买盘
830,14:13:39,7.58,--,80,60640,卖盘
831,14:13:36,7.58,-0.01,721,546518,卖盘
832,14:13:33,7.59,0.01,125,94875,买盘
833,14:13:30,7.58,--,4,3032,卖盘
834,14:13:27,7.58,--,256,194048,卖盘
835,14:13:24,7.58,--,23,17434,卖盘
836,14:13:21,7.58,--,192,145536,卖盘
837,14:13:18,7.58,--,188,142504,卖盘
838,14:13:15,7.58,--,50,37900,卖盘
839,14:13:12,7.58,-0.01,27,20466,卖盘
840,14:13:09,7.59,0.01,36,27324,买盘
841,14:13:06,7.58,--,128,97024,卖盘
842,14:13:03,7.58,-0.01,54,40932,卖盘
843,14:12:57,7.59,0.01,258,195822,买盘
844,14:12:54,7.58,-0.01,8,6064,卖盘
845,14:12:51,7.59,--,18,13662,买盘
846,14:12:48,7.59,0.01,57,43263,买盘
847,14:12:45,7.58,-0.01,202,153116,卖盘
848,14:12:42,7.59,--,132,100188,买盘
849,14:12:39,7.59,0.01,26,19734,买盘
850,14:12:36,7.58,-0.01,8,6064,卖盘
851,14:12:33,7.59,0.01,27,20493,买盘
852,14:12:30,7.58,--,904,685232,卖盘
853,14:12:27,7.58,--,9,6822,卖盘
854,14:12:24,7.58,--,341,258478,卖盘
855,14:12:21,7.58,--,25,18950,卖盘
856,14:12:18,7.58,--,26,19708,卖盘
857,14:12:15,7.58,--,168,127344,卖盘
858,14:12:12,7.58,-0.01,9,6822,卖盘
859,14:12:09,7.59,0.01,12,9108,买盘
860,14:12:06,7.58,--,124,93992,卖盘
861,14:12:03,7.58,-0.01,103,78074,卖盘
862,14:12:00,7.59,0.01,39,29601,买盘
863,14:11:57,7.58,--,60,45480,卖盘
864,14:11:51,7.58,--,49,37142,卖盘
865,14:11:48,7.58,--,252,191016,卖盘
866,14:11:45,7.58,-0.01,2257,1710806,卖盘
867,14:11:42,7.59,0.01,12,9108,买盘
868,14:11:39,7.58,--,100,75800,卖盘
869,14:11:36,7.58,-0.01,95,72010,卖盘
870,14:11:33,7.59,0.01,30,22770,买盘
871,14:11:30,7.58,--,53,40174,卖盘
872,14:11:27,7.58,-0.01,75,56850,卖盘
873,14:11:24,7.59,0.01,2,1518,买盘
874,14:11:21,7.58,-0.01,5,3790,卖盘
875,14:11:18,7.59,0.01,11,8349,买盘
876,14:11:15,7.58,--,13,9854,卖盘
877,14:11:12,7.58,--,7,5306,卖盘
878,14:11:09,7.58,--,54,40932,卖盘
879,14:11:06,7.58,--,59,44722,卖盘
880,14:11:03,7.58,-0.01,57,43206,卖盘
881,14:11:00,7.59,0.01,1637,1242483,买盘
882,14:10:54,7.58,--,4,3032,卖盘
883,14:10:51,7.58,-0.01,142,107636,卖盘
884,14:10:48,7.59,0.01,129,97911,买盘
885,14:10:45,7.58,--,30,22740,卖盘
886,14:10:42,7.58,-0.01,3,2274,卖盘
887,14:10:39,7.59,0.01,39,29601,买盘
888,14:10:36,7.58,-0.01,7,5306,卖盘
889,14:10:33,7.59,--,111,84249,卖盘
890,14:10:30,7.59,--,94,71346,卖盘
891,14:10:27,7.59,--,86,65274,卖盘
892,14:10:24,7.59,--,220,166980,卖盘
893,14:10:21,7.59,0.01,685,519915,买盘
894,14:10:18,7.58,--,3,2274,卖盘
895,14:10:15,7.58,-0.01,25,18950,卖盘
896,14:10:12,7.59,0.01,106,80454,买盘
897,14:10:09,7.58,--,26,19708,卖盘
898,14:10:06,7.58,--,193,146294,卖盘
899,14:10:03,7.58,-0.01,2201,1668358,卖盘
900,14:10:00,7.59,--,72,54648,买盘
901,14:09:57,7.59,0.01,51,38709,买盘
902,14:09:54,7.58,-0.01,38,28804,卖盘
903,14:09:51,7.59,0.01,3,2277,买盘
904,14:09:48,7.58,--,82,62156,卖盘
905,14:09:45,7.58,-0.01,25,18950,卖盘
906,14:09:42,7.59,--,142,107778,买盘
907,14:09:39,7.59,--,284,215556,卖盘
908,14:09:36,7.59,--,182,138138,卖盘
909,14:09:30,7.59,-0.01,30,22770,卖盘
910,14:09:27,7.6,--,11,8360,买盘
911,14:09:24,7.6,0.02,46,34960,买盘
912,14:09:21,7.58,-0.01,2213,1677454,卖盘
913,14:09:18,7.59,--,158,119922,卖盘
914,14:09:15,7.59,--,72,54648,卖盘
915,14:09:12,7.59,0.01,181,137379,买盘
916,14:09:09,7.58,-0.01,170,128860,卖盘
917,14:09:06,7.59,--,39,29601,买盘
918,14:09:03,7.59,0.01,43,32637,买盘
919,14:09:00,7.58,-0.01,88,66704,卖盘
920,14:08:57,7.59,0.01,30,22770,买盘
921,14:08:54,7.58,-0.01,32,24256,卖盘
922,14:08:51,7.59,--,247,187473,买盘
923,14:08:48,7.59,0.01,27,20493,买盘
924,14:08:45,7.58,-0.01,44,33352,卖盘
925,14:08:42,7.59,--,216,163944,买盘
926,14:08:39,7.59,0.01,69,52371,买盘
927,14:08:36,7.58,-0.01,13,9854,卖盘
928,14:08:33,7.59,0.01,35,26565,买盘
929,14:08:30,7.58,-0.03,367,278186,卖盘
930,14:08:27,7.61,--,9,6849,买盘
931,14:08:24,7.61,0.02,2,1522,买盘
932,14:08:21,7.59,--,22,16698,卖盘
933,14:08:15,7.59,0.01,45,34155,买盘
934,14:08:12,7.58,-0.03,48,36384,卖盘
935,14:08:09,7.61,0.03,9,6849,买盘
936,14:08:06,7.58,-0.01,799,605642,卖盘
937,14:08:03,7.59,0.01,6009,4560831,买盘
938,14:08:00,7.58,-0.01,95,72010,卖盘
939,14:07:57,7.59,--,134,101706,买盘
940,14:07:54,7.59,0.01,313,237567,买盘
941,14:07:51,7.58,--,3,2274,卖盘
942,14:07:48,7.58,--,41,31078,卖盘
943,14:07:45,7.58,-0.01,253,191774,卖盘
944,14:07:42,7.59,--,3,2277,买盘
945,14:07:39,7.59,0.01,94,71346,买盘
946,14:07:36,7.58,-0.01,23,17434,卖盘
947,14:07:33,7.59,0.01,41,31119,买盘
948,14:07:30,7.58,-0.01,3,2274,卖盘
949,14:07:27,7.59,--,84,63756,买盘
950,14:07:24,7.59,0.01,26,19734,买盘
951,14:07:21,7.58,--,72,54576,卖盘
952,14:07:18,7.58,--,1,758,卖盘
953,14:07:15,7.58,--,43,32594,卖盘
954,14:07:12,7.58,--,45,34110,卖盘
955,14:07:06,7.58,--,46,34868,卖盘
956,14:07:03,7.58,-0.01,27,20466,卖盘
957,14:07:00,7.59,--,4,3036,买盘
958,14:06:57,7.59,--,22,16698,买盘
959,14:06:54,7.59,--,70,53130,买盘
960,14:06:51,7.59,0.01,3,2277,买盘
961,14:06:48,7.58,--,86,65188,卖盘
962,14:06:45,7.58,-0.01,42,31836,卖盘
963,14:06:42,7.59,0.01,193,146487,买盘
964,14:06:36,7.58,-0.01,32,24256,卖盘
965,14:06:33,7.59,--,89,67551,卖盘
966,14:06:30,7.59,--,34,25806,卖盘
967,14:06:27,7.59,--,190,144210,买盘
968,14:06:24,7.59,0.01,2,1518,买盘
969,14:06:21,7.58,-0.01,12,9096,卖盘
970,14:06:18,7.59,--,411,311949,卖盘
971,14:06:15,7.59,--,20,15180,卖盘
972,14:06:12,7.59,--,201,152559,卖盘
973,14:06:09,7.59,--,5,3795,卖盘
974,14:06:06,7.59,--,47,35673,卖盘
975,14:06:03,7.59,--,12,9108,卖盘
976,14:06:00,7.59,--,206,156354,买盘
977,14:05:57,7.59,--,292,221628,买盘
978,14:05:54,7.59,--,8,6072,买盘
979,14:05:51,7.59,--,251,190509,买盘
980,14:05:48,7.59,0.01,19,14421,买盘
981,14:05:45,7.58,-0.01,6,4548,卖盘
982,14:05:42,7.59,--,139,105501,卖盘
983,14:05:39,7.59,--,2,1518,卖盘
984,14:05:36,7.59,-0.01,140,106260,卖盘
985,14:05:33,7.6,0.01,633,481080,买盘
986,14:05:30,7.59,--,3,2277,卖盘
987,14:05:27,7.59,-0.01,3,2277,卖盘
988,14:05:24,7.6,0.01,12,9120,买盘
989,14:05:21,7.59,--,37,28083,卖盘
990,14:05:15,7.59,--,3,2277,卖盘
991,14:05:12,7.59,--,16,12144,卖盘
992,14:05:09,7.59,--,125,94875,卖盘
993,14:05:06,7.59,--,176,133584,卖盘
994,14:05:03,7.59,--,3,2277,卖盘
995,14:04:57,7.59,--,56,42504,买盘
996,14:04:54,7.59,--,113,85767,买盘
997,14:04:51,7.59,--,114,86526,买盘
998,14:04:48,7.59,--,6,4554,卖盘
999,14:04:45,7.59,--,5,3795,买盘
1000,14:04:42,7.59,0.01,32,24288,中性盘
1001,14:04:39,7.58,-0.01,61,46238,卖盘
1002,14:04:36,7.59,--,272,206448,卖盘
1003,14:04:33,7.59,--,2,1518,卖盘
1004,14:04:30,7.59,-0.01,3,2277,卖盘
1005,14:04:27,7.6,--,3,2280,买盘
1006,14:04:24,7.6,0.01,116,88160,买盘
1007,14:04:21,7.59,--,8,6072,卖盘
1008,14:04:15,7.59,--,198,150282,卖盘
1009,14:04:12,7.59,--,29,22011,卖盘
1010,14:04:09,7.59,--,85,64515,卖盘
1011,14:04:06,7.59,-0.01,25,18975,卖盘
1012,14:04:00,7.6,0.01,69,52440,买盘
1013,14:03:57,7.59,--,17,12903,卖盘
1014,14:03:54,7.59,--,38,28842,卖盘
1015,14:03:51,7.59,-0.01,2,1518,卖盘
1016,14:03:48,7.6,0.02,206,157046,买盘
1017,14:03:45,7.58,-0.01,263,199354,卖盘
1018,14:03:42,7.59,0.01,56,42504,买盘
1019,14:03:39,7.58,--,70,53060,卖盘
1020,14:03:36,7.58,-0.01,169,128102,卖盘
1021,14:03:33,7.59,--,997,756996,卖盘
1022,14:03:30,7.59,--,1423,1080057,卖盘
1023,14:03:27,7.59,-0.01,1615,1226270,卖盘
1024,14:03:24,7.6,--,125,95000,买盘
1025,14:03:21,7.6,0.01,153,116280,买盘
1026,14:03:18,7.59,-0.01,89,67551,卖盘
1027,14:03:15,7.6,0.01,505,383800,买盘
1028,14:03:12,7.59,--,103,78177,卖盘
1029,14:03:09,7.59,--,1,759,卖盘
1030,14:03:06,7.59,--,11,8349,卖盘
1031,14:03:03,7.59,--,6,4554,卖盘
1032,14:03:00,7.59,-0.01,54,40986,卖盘
1033,14:02:57,7.6,0.01,114,86640,买盘
1034,14:02:54,7.59,--,176,133584,卖盘
1035,14:02:51,7.59,--,28,21252,卖盘
1036,14:02:48,7.59,--,843,639837,卖盘
1037,14:02:45,7.59,--,145,110055,卖盘
1038,14:02:42,7.59,--,10,7590,卖盘
1039,14:02:39,7.59,--,38,28842,卖盘
1040,14:02:36,7.59,--,84,63756,卖盘
1041,14:02:30,7.59,--,86,65274,卖盘
1042,14:02:27,7.59,--,21,15939,卖盘
1043,14:02:24,7.59,--,11,8349,卖盘
1044,14:02:21,7.59,-0.01,17,12903,卖盘
1045,14:02:18,7.6,0.01,1059,804840,买盘
1046,14:02:15,7.59,--,4,3036,卖盘
1047,14:02:12,7.59,--,7,5313,卖盘
1048,14:02:09,7.59,--,8,6072,卖盘
1049,14:02:06,7.59,--,22,16698,卖盘
1050,14:02:03,7.59,-0.01,162,122958,卖盘
1051,14:02:00,7.6,--,55,41800,买盘
1052,14:01:54,7.6,--,47,35720,买盘
1053,14:01:51,7.6,0.01,23,17480,买盘
1054,14:01:48,7.59,--,750,569250,卖盘
1055,14:01:45,7.59,--,52,39468,卖盘
1056,14:01:42,7.59,--,103,78177,卖盘
1057,14:01:39,7.59,--,37,28083,卖盘
1058,14:01:36,7.59,--,4,3036,卖盘
1059,14:01:33,7.59,--,14,10626,卖盘
1060,14:01:30,7.59,--,214,162426,卖盘
1061,14:01:27,7.59,--,53,40227,卖盘
1062,14:01:24,7.59,--,32,24288,卖盘
1063,14:01:21,7.59,--,11,8349,卖盘
1064,14:01:18,7.59,-0.01,17,12903,卖盘
1065,14:01:15,7.6,0.01,125,95000,买盘
1066,14:01:12,7.59,--,5,3795,卖盘
1067,14:01:09,7.59,--,81,61479,卖盘
1068,14:01:06,7.59,-0.01,148,112332,卖盘
1069,14:01:03,7.6,--,2890,2196506,卖盘
1070,14:01:00,7.6,--,73,55480,卖盘
1071,14:00:57,7.6,--,200,152000,卖盘
1072,14:00:54,7.6,--,40,30400,卖盘
1073,14:00:51,7.6,-0.01,31,23560,卖盘
1074,14:00:48,7.61,0.01,1010,768610,买盘
1075,14:00:45,7.6,--,21,15960,卖盘
1076,14:00:42,7.6,-0.01,65,49400,卖盘
1077,14:00:39,7.61,0.01,29,22069,买盘
1078,14:00:36,7.6,-0.01,3,2280,卖盘
1079,14:00:33,7.61,0.01,37,28157,买盘
1080,14:00:30,7.6,--,32,24320,卖盘
1081,14:00:27,7.6,-0.01,846,642960,卖盘
1082,14:00:24,7.61,0.01,18,13698,买盘
1083,14:00:21,7.6,--,26,19760,卖盘
1084,14:00:18,7.6,--,140,106400,卖盘
1085,14:00:15,7.6,--,25,19000,卖盘
1086,14:00:12,7.6,--,175,133000,卖盘
1087,14:00:09,7.6,-0.01,57,43320,卖盘
1088,14:00:06,7.61,0.01,67,50987,买盘
1089,14:00:03,7.6,-0.01,25,19000,卖盘
1090,14:00:00,7.61,0.01,173,131653,买盘
1091,13:59:57,7.6,-0.01,40,30400,卖盘
1092,13:59:51,7.61,0.01,16,12176,买盘
1093,13:59:45,7.6,-0.01,108,82080,卖盘
1094,13:59:42,7.61,0.01,274,208514,买盘
1095,13:59:39,7.6,--,48,36480,卖盘
1096,13:59:36,7.6,--,146,111241,卖盘
1097,13:59:33,7.6,--,1,760,卖盘
1098,13:59:30,7.6,--,20,15200,卖盘
1099,13:59:27,7.6,-0.01,162,123120,卖盘
1100,13:59:24,7.61,0.01,12,9132,买盘
1101,13:59:21,7.6,--,45,34200,卖盘
1102,13:59:18,7.6,--,21,15960,卖盘
1103,13:59:15,7.6,--,2,1520,卖盘
1104,13:59:12,7.6,-0.01,29,22040,卖盘
1105,13:59:06,7.61,0.01,110,83710,买盘
1106,13:59:03,7.6,-0.01,31,23560,卖盘
1107,13:59:00,7.61,--,10,7610,买盘
1108,13:58:57,7.61,--,84,63924,买盘
1109,13:58:54,7.61,--,20,15220,买盘
1110,13:58:51,7.61,--,1454,1107079,卖盘
1111,13:58:48,7.61,--,190,144590,卖盘
1112,13:58:45,7.61,-0.01,21,15981,卖盘
1113,13:58:42,7.62,0.01,11,8382,买盘
1114,13:58:39,7.61,--,804,611844,卖盘
1115,13:58:36,7.61,--,33,25113,卖盘
1116,13:58:33,7.61,--,172,130892,卖盘
1117,13:58:30,7.61,--,3,2283,卖盘
1118,13:58:27,7.61,-0.01,2,1522,卖盘
1119,13:58:24,7.62,0.01,35,26670,买盘
1120,13:58:21,7.61,--,88,66968,卖盘
1121,13:58:18,7.61,--,3,2283,卖盘
1122,13:58:15,7.61,--,2,1522,卖盘
1123,13:58:12,7.61,-0.01,2,1522,卖盘
1124,13:58:09,7.62,--,40,30480,买盘
1125,13:58:06,7.62,0.01,5,3810,买盘
1126,13:58:03,7.61,--,86,65446,卖盘
1127,13:58:00,7.61,0.01,3881,2953471,买盘
1128,13:57:57,7.6,-0.01,33,25080,卖盘
1129,13:57:54,7.61,0.01,7,5327,买盘
1130,13:57:51,7.6,-0.01,3,2280,卖盘
1131,13:57:48,7.61,--,85,64685,买盘
1132,13:57:45,7.61,--,50,38050,买盘
1133,13:57:42,7.61,0.01,9,6849,买盘
1134,13:57:36,7.6,-0.01,52,39520,卖盘
1135,13:57:33,7.61,--,207,158112,卖盘
1136,13:57:30,7.61,--,132,100452,卖盘
1137,13:57:27,7.61,--,54,41094,卖盘
1138,13:57:24,7.61,--,210,159810,卖盘
1139,13:57:21,7.61,--,103,78383,卖盘
1140,13:57:18,7.61,0.01,650,494825,买盘
1141,13:57:15,7.6,--,91,69160,卖盘
1142,13:57:12,7.6,--,207,157320,卖盘
1143,13:57:06,7.6,--,18,13680,卖盘
1144,13:57:03,7.6,-0.01,9,6840,卖盘
1145,13:56:54,7.61,--,23,17503,买盘
1146,13:56:51,7.61,0.01,2108,1604188,买盘
1147,13:56:45,7.6,--,3,2280,卖盘
1148,13:56:42,7.6,--,92,69920,卖盘
1149,13:56:39,7.6,--,100,76000,卖盘
1150,13:56:36,7.6,-0.01,153,116280,卖盘
1151,13:56:33,7.61,0.01,20,15220,买盘
1152,13:56:27,7.6,-0.01,3,2280,卖盘
1153,13:56:24,7.61,0.01,19,14459,买盘
1154,13:56:21,7.6,-0.01,3,2280,卖盘
1155,13:56:18,7.61,0.01,52,39572,买盘
1156,13:56:15,7.6,--,86,65360,卖盘
1157,13:56:12,7.6,-0.01,641,487745,卖盘
1158,13:56:09,7.61,--,1,761,卖盘
1159,13:56:06,7.61,--,9,6849,卖盘
1160,13:56:03,7.61,--,42,31962,卖盘
1161,13:56:00,7.61,--,7,5327,卖盘
1162,13:55:57,7.61,--,36,27571,买盘
1163,13:55:54,7.61,0.01,44,33484,买盘
1164,13:55:51,7.6,-0.01,2,1520,卖盘
1165,13:55:48,7.61,0.01,17,12937,买盘
1166,13:55:45,7.6,-0.01,86,65360,卖盘
1167,13:55:42,7.61,0.01,58,44138,买盘
1168,13:55:39,7.6,-0.01,76,57760,卖盘
1169,13:55:36,7.61,--,38,28918,买盘
1170,13:55:33,7.61,0.01,2,1522,买盘
1171,13:55:30,7.6,--,12,9120,卖盘
1172,13:55:27,7.6,-0.01,2,1520,卖盘
1173,13:55:24,7.61,0.01,65,49465,买盘
1174,13:55:21,7.6,-0.01,4,3040,卖盘
1175,13:55:18,7.61,--,12,9132,买盘
1176,13:55:15,7.61,--,1027,782132,卖盘
1177,13:55:12,7.61,-0.01,3,2283,卖盘
1178,13:55:06,7.62,0.01,8,6096,买盘
1179,13:55:03,7.61,--,11,8371,卖盘
1180,13:55:00,7.61,-0.01,34,25874,卖盘
1181,13:54:57,7.62,--,11,8382,买盘
1182,13:54:54,7.62,0.01,967,736854,买盘
1183,13:54:45,7.61,--,24,18264,卖盘
1184,13:54:42,7.61,-0.01,13,9893,卖盘
1185,13:54:39,7.62,0.01,2,1524,买盘
1186,13:54:36,7.61,-0.01,45,34245,卖盘
1187,13:54:33,7.62,0.01,15,11430,买盘
1188,13:54:30,7.61,--,4,3044,卖盘
1189,13:54:27,7.61,--,53,40333,卖盘
1190,13:54:24,7.61,--,1022,777742,卖盘
1191,13:54:21,7.61,--,57,43377,卖盘
1192,13:54:18,7.61,--,102,77797,买盘
1193,13:54:15,7.61,--,13,10478,卖盘
1194,13:54:12,7.61,--,5,3805,卖盘
1195,13:54:09,7.61,--,2,1522,卖盘
1196,13:54:06,7.61,--,3,2283,卖盘
1197,13:54:03,7.61,--,10,7610,卖盘
1198,13:54:00,7.61,--,125,95125,卖盘
1199,13:53:57,7.61,--,16,12176,卖盘
1200,13:53:54,7.61,--,1000,761000,卖盘
1201,13:53:51,7.61,0.01,168,128023,买盘
1202,13:53:48,7.6,--,170,129200,卖盘
1203,13:53:45,7.6,--,58,44080,卖盘
1204,13:53:42,7.6,-0.01,8,6080,卖盘
1205,13:53:39,7.61,0.01,47,35767,买盘
1206,13:53:36,7.6,-0.01,3,2280,卖盘
1207,13:53:33,7.61,0.01,118,89798,买盘
1208,13:53:30,7.6,-0.01,13,9880,卖盘
1209,13:53:27,7.61,--,24,18264,买盘
1210,13:53:24,7.61,--,714,543939,卖盘
1211,13:53:21,7.61,--,6,4566,卖盘
1212,13:53:18,7.61,--,123,93603,卖盘
1213,13:53:15,7.61,--,54,41094,卖盘
1214,13:53:12,7.61,-0.01,31,23591,卖盘
1215,13:53:09,7.62,0.01,76,57912,买盘
1216,13:53:06,7.61,0.01,190,144765,买盘
1217,13:53:03,7.6,-0.01,102,77520,卖盘
1218,13:53:00,7.61,0.01,6,4566,买盘
1219,13:52:57,7.6,--,519,394440,卖盘
1220,13:52:51,7.6,-0.01,47,35720,卖盘
1221,13:52:45,7.61,--,42,31962,买盘
1222,13:52:42,7.61,--,14,10654,买盘
1223,13:52:39,7.61,--,1040,792025,卖盘
1224,13:52:36,7.61,--,1007,766327,卖盘
1225,13:52:30,7.61,--,23,17503,卖盘
1226,13:52:27,7.61,-0.01,14,10654,卖盘
1227,13:52:24,7.62,0.02,306,233347,买盘
1228,13:52:21,7.6,-0.01,48,36480,卖盘
1229,13:52:18,7.61,0.01,4,3044,买盘
1230,13:52:15,7.6,--,7,5320,卖盘
1231,13:52:12,7.6,-0.01,170,129200,卖盘
1232,13:52:09,7.61,--,1114,848339,卖盘
1233,13:52:06,7.61,--,1082,823402,卖盘
1234,13:52:03,7.61,--,21,15981,卖盘
1235,13:52:00,7.61,-0.01,1,761,卖盘
1236,13:51:57,7.62,0.01,11,8382,买盘
1237,13:51:54,7.61,-0.01,5,3805,卖盘
1238,13:51:51,7.62,0.01,13,9906,买盘
1239,13:51:48,7.61,--,7,5327,卖盘
1240,13:51:45,7.61,-0.01,2,1522,卖盘
1241,13:51:42,7.62,0.01,4,3048,买盘
1242,13:51:39,7.61,--,57,43377,卖盘
1243,13:51:36,7.61,--,1106,841666,卖盘
1244,13:51:33,7.61,-0.01,43,32723,卖盘
1245,13:51:30,7.62,0.01,133,101346,买盘
1246,13:51:27,7.61,-0.01,11,8371,卖盘
1247,13:51:24,7.62,0.01,7,5334,买盘
1248,13:51:21,7.61,-0.01,3,2283,卖盘
1249,13:51:18,7.62,0.01,10,7620,买盘
1250,13:51:12,7.61,-0.01,5,3805,卖盘
1251,13:51:09,7.62,0.01,16,12192,买盘
1252,13:51:06,7.61,--,1003,763283,卖盘
1253,13:51:00,7.61,--,8,6088,卖盘
1254,13:50:57,7.61,-0.01,11,8371,卖盘
1255,13:50:54,7.62,0.01,3,2286,买盘
1256,13:50:51,7.61,--,1,761,卖盘
1257,13:50:45,7.61,--,3,2283,卖盘
1258,13:50:42,7.61,-0.01,2,1522,卖盘
1259,13:50:39,7.62,0.01,101,76962,买盘
1260,13:50:36,7.61,-0.01,1047,796767,卖盘
1261,13:50:33,7.62,0.01,20,15240,买盘
1262,13:50:30,7.61,-0.01,4,3044,卖盘
1263,13:50:27,7.62,0.01,35,26670,买盘
1264,13:50:24,7.61,--,59,44899,卖盘
1265,13:50:21,7.61,--,38,28918,卖盘
1266,13:50:18,7.61,-0.01,27,20547,卖盘
1267,13:50:15,7.62,0.01,27,20574,买盘
1268,13:50:12,7.61,-0.01,11,8371,卖盘
1269,13:50:09,7.62,0.01,21,16002,买盘
1270,13:50:06,7.61,--,1009,767849,卖盘
1271,13:50:03,7.61,-0.01,16,12176,卖盘
1272,13:50:00,7.62,--,309,235458,买盘
1273,13:49:57,7.62,--,80,60960,买盘
1274,13:49:54,7.62,0.01,4,3048,买盘
1275,13:49:51,7.61,--,2,1522,卖盘
1276,13:49:48,7.61,--,1,761,卖盘
1277,13:49:45,7.61,--,71,54031,卖盘
1278,13:49:42,7.61,-0.01,89,67729,卖盘
1279,13:49:39,7.62,0.01,13,9906,买盘
1280,13:49:36,7.61,--,1101,837861,卖盘
1281,13:49:30,7.61,--,137,104257,卖盘
1282,13:49:27,7.61,-0.01,99,75339,卖盘
1283,13:49:24,7.62,--,3,2286,买盘
1284,13:49:21,7.62,--,14,10668,买盘
1285,13:49:18,7.62,--,264,201168,卖盘
1286,13:49:15,7.62,--,3,2286,卖盘
1287,13:49:12,7.62,--,7,5334,卖盘
1288,13:49:09,7.62,--,207,157734,买盘
1289,13:49:06,7.62,--,838,638556,卖盘
1290,13:49:03,7.62,--,39,29718,卖盘
1291,13:49:00,7.62,--,135,102870,卖盘
1292,13:48:57,7.62,--,1,762,卖盘
1293,13:48:54,7.62,--,1,762,卖盘
1294,13:48:51,7.62,--,201,153162,卖盘
1295,13:48:45,7.62,--,2,1524,卖盘
1296,13:48:42,7.62,-0.01,27,20574,卖盘
1297,13:48:39,7.63,0.01,13,9919,买盘
1298,13:48:36,7.62,--,1046,797052,卖盘
1299,13:48:30,7.62,--,16,12192,卖盘
1300,13:48:27,7.62,--,36,27432,卖盘
1301,13:48:24,7.62,--,7,5334,卖盘
1302,13:48:21,7.62,--,43,32766,卖盘
1303,13:48:18,7.62,--,6,4572,卖盘
1304,13:48:15,7.62,--,3,2286,卖盘
1305,13:48:12,7.62,--,21,16002,卖盘
1306,13:48:09,7.62,--,1000,762000,卖盘
1307,13:48:06,7.62,-0.01,5,3810,卖盘
1308,13:48:03,7.63,0.01,151,115213,买盘
1309,13:48:00,7.62,-0.01,131,99822,卖盘
1310,13:47:57,7.63,0.01,51,38913,买盘
1311,13:47:51,7.62,-0.01,1,762,卖盘
1312,13:47:48,7.63,0.01,12,9156,买盘
1313,13:47:45,7.62,-0.01,64,48768,卖盘
1314,13:47:42,7.63,0.01,3,2289,买盘
1315,13:47:39,7.62,--,9,6858,卖盘
1316,13:47:36,7.62,-0.01,4,3048,卖盘
1317,13:47:33,7.63,0.01,10,7630,买盘
1318,13:47:30,7.62,--,2,1524,卖盘
1319,13:47:27,7.62,--,5,3810,卖盘
1320,13:47:21,7.62,--,2,1524,卖盘
1321,13:47:18,7.62,--,2,1524,卖盘
1322,13:47:15,7.62,--,3,2286,卖盘
1323,13:47:12,7.62,--,28,21336,卖盘
1324,13:47:09,7.62,--,3,2286,卖盘
1325,13:47:06,7.62,--,45,34290,卖盘
1326,13:47:00,7.62,-0.01,9,6858,卖盘
1327,13:46:54,7.63,--,1,763,买盘
1328,13:46:51,7.63,--,101,77063,买盘
1329,13:46:48,7.63,0.01,173,131999,买盘
1330,13:46:45,7.62,-0.01,2,1524,卖盘
1331,13:46:42,7.63,0.01,93,70959,买盘
1332,13:46:39,7.62,--,255,194310,卖盘
1333,13:46:36,7.62,-0.01,2,1524,卖盘
1334,13:46:33,7.63,0.01,3,2289,买盘
1335,13:46:30,7.62,--,1,762,卖盘
1336,13:46:27,7.62,-0.01,7,5334,卖盘
1337,13:46:24,7.63,0.01,194,148022,买盘
1338,13:46:21,7.62,-0.01,4,3048,卖盘
1339,13:46:18,7.63,--,35,26705,买盘
1340,13:46:15,7.63,0.01,50,38150,买盘
1341,13:46:12,7.62,--,5,3810,卖盘
1342,13:46:06,7.62,--,3,2286,卖盘
1343,13:46:03,7.62,--,3,2286,卖盘
1344,13:46:00,7.62,--,22,16764,卖盘
1345,13:45:51,7.62,-0.01,1,762,卖盘
1346,13:45:48,7.63,0.01,8,6104,买盘
1347,13:45:45,7.62,--,4,3048,卖盘
1348,13:45:42,7.62,-0.01,3,2286,卖盘
1349,13:45:39,7.63,0.01,24,18312,买盘
1350,13:45:36,7.62,-0.01,46,35052,卖盘
1351,13:45:33,7.63,0.01,146,111398,买盘
1352,13:45:30,7.62,--,1013,771906,卖盘
1353,13:45:27,7.62,-0.01,11,8382,卖盘
1354,13:45:24,7.63,--,3,2289,买盘
1355,13:45:21,7.63,0.01,5,3815,买盘
1356,13:45:18,7.62,-0.01,6,4572,卖盘
1357,13:45:15,7.63,0.01,5,3815,买盘
1358,13:45:12,7.62,--,141,107442,卖盘
1359,13:45:06,7.62,--,84,64008,卖盘
1360,13:45:00,7.62,--,6,4572,卖盘
1361,13:44:57,7.62,-0.01,20,15240,卖盘
1362,13:44:54,7.63,0.01,15,11445,买盘
1363,13:44:51,7.62,--,22,16764,卖盘
1364,13:44:45,7.62,--,10,7620,卖盘
1365,13:44:42,7.62,--,289,220218,买盘
1366,13:44:39,7.62,0.01,7,5334,买盘
1367,13:44:36,7.61,-0.02,34,25874,卖盘
1368,13:44:33,7.63,0.01,34,25942,买盘
1369,13:44:30,7.62,--,8,6096,卖盘
1370,13:44:27,7.62,-0.01,3,2286,卖盘
1371,13:44:24,7.63,0.01,46,35098,买盘
1372,13:44:21,7.62,-0.01,9,6858,卖盘
1373,13:44:18,7.63,0.01,6,4578,买盘
1374,13:44:15,7.62,--,1,762,卖盘
1375,13:44:12,7.62,0.01,29,22098,买盘
1376,13:44:06,7.61,--,24,18264,卖盘
1377,13:44:03,7.61,-0.01,43,32723,卖盘
1378,13:44:00,7.62,--,30,22860,买盘
1379,13:43:57,7.62,0.01,10,7620,中性盘
1380,13:43:54,7.61,-0.01,33,25113,卖盘
1381,13:43:51,7.62,--,10,7620,卖盘
1382,13:43:48,7.62,--,30,22860,卖盘
1383,13:43:45,7.62,--,38,28956,卖盘
1384,13:43:42,7.62,--,96,73152,卖盘
1385,13:43:39,7.62,--,328,250111,买盘
1386,13:43:36,7.62,--,55,41910,买盘
1387,13:43:33,7.62,--,795,606376,卖盘
1388,13:43:30,7.62,--,2,1524,卖盘
1389,13:43:27,7.62,--,3,2286,卖盘
1390,13:43:24,7.62,--,71,54102,卖盘
1391,13:43:21,7.62,--,41,31242,卖盘
1392,13:43:18,7.62,--,23,17526,卖盘
1393,13:43:15,7.62,--,16,12192,卖盘
1394,13:43:12,7.62,-0.01,6,4572,卖盘
1395,13:43:06,7.63,0.01,48,36624,买盘
1396,13:43:03,7.62,-0.01,3,2286,卖盘
1397,13:43:00,7.63,0.01,67,51121,买盘
1398,13:42:51,7.62,--,1,762,卖盘
1399,13:42:45,7.62,--,3,2286,卖盘
1400,13:42:42,7.62,-0.01,21,16002,卖盘
1401,13:42:39,7.63,0.01,72,54936,买盘
1402,13:42:36,7.62,--,71,54102,卖盘
1403,13:42:33,7.62,--,45,34632,卖盘
1404,13:42:30,7.62,--,3,2286,卖盘
1405,13:42:27,7.62,--,14,10668,卖盘
1406,13:42:24,7.62,--,17,12954,卖盘
1407,13:42:21,7.62,-0.01,46,35052,卖盘
1408,13:42:18,7.63,0.01,7,5341,买盘
1409,13:42:15,7.62,--,8,6096,卖盘
1410,13:42:12,7.62,--,40,30480,卖盘
1411,13:42:06,7.62,-0.01,205,156210,卖盘
1412,13:42:03,7.63,--,5,3815,买盘
1413,13:42:00,7.63,0.01,21,16023,买盘
1414,13:41:54,7.62,-0.01,35,26670,卖盘
1415,13:41:51,7.63,0.01,3,2289,买盘
1416,13:41:48,7.62,--,44,33528,卖盘
1417,13:41:45,7.62,--,20,15240,卖盘
1418,13:41:42,7.62,--,30,22860,卖盘
1419,13:41:36,7.62,--,3,2286,卖盘
1420,13:41:30,7.62,--,3,2286,卖盘
1421,13:41:27,7.62,-0.01,3,2286,卖盘
1422,13:41:24,7.63,0.01,41,31283,买盘
1423,13:41:21,7.62,--,202,153924,卖盘
1424,13:41:15,7.62,--,99,76032,买盘
1425,13:41:12,7.62,--,27,20574,买盘
1426,13:41:09,7.62,0.01,205,156210,买盘
1427,13:41:06,7.61,--,47,35767,卖盘
1428,13:41:03,7.61,-0.01,7,5327,卖盘
1429,13:41:00,7.62,0.01,17,12954,买盘
1430,13:40:57,7.61,-0.01,30,22830,卖盘
1431,13:40:54,7.62,--,20,15240,买盘
1432,13:40:51,7.62,--,324,246888,买盘
1433,13:40:48,7.62,0.01,29,22098,买盘
1434,13:40:45,7.61,--,10,7610,卖盘
1435,13:40:42,7.61,-0.01,2,1522,卖盘
1436,13:40:39,7.62,0.01,9,6858,买盘
1437,13:40:36,7.61,--,16,12176,卖盘
1438,13:40:33,7.61,--,3,2283,卖盘
1439,13:40:30,7.61,--,134,101974,卖盘
1440,13:40:27,7.61,-0.01,3,2283,卖盘
1441,13:40:24,7.62,--,2,1524,买盘
1442,13:40:21,7.62,--,31,23622,买盘
1443,13:40:18,7.62,0.01,10,7620,买盘
1444,13:40:15,7.61,-0.01,3,2283,卖盘
1445,13:40:12,7.62,--,27,20741,卖盘
1446,13:40:09,7.62,--,239,182118,卖盘
1447,13:40:06,7.62,--,20,15240,卖盘
1448,13:40:03,7.62,--,787,600288,买盘
1449,13:40:00,7.62,--,45,34290,买盘
1450,13:39:57,7.62,--,400,304800,买盘
1451,13:39:54,7.62,0.01,5,3810,买盘
1452,13:39:51,7.61,-0.01,1,761,卖盘
1453,13:39:48,7.62,0.01,36,27432,买盘
1454,13:39:45,7.61,--,2,1522,卖盘
1455,13:39:42,7.61,--,4,3044,卖盘
1456,13:39:39,7.61,--,34,25874,卖盘
1457,13:39:36,7.61,-0.01,16,12176,卖盘
1458,13:39:33,7.62,0.01,74,56388,买盘
1459,13:39:30,7.61,--,3,2283,卖盘
1460,13:39:27,7.61,-0.01,2,1522,卖盘
1461,13:39:24,7.62,0.01,45,34290,买盘
1462,13:39:21,7.61,--,23,17503,卖盘
1463,13:39:18,7.61,--,9,6849,卖盘
1464,13:39:12,7.61,-0.01,40,30440,卖盘
1465,13:39:06,7.62,--,7,5334,买盘
1466,13:39:03,7.62,0.01,5,3810,买盘
1467,13:39:00,7.61,--,382,290702,卖盘
1468,13:38:57,7.61,-0.01,30,22830,卖盘
1469,13:38:54,7.62,0.01,2,1524,买盘
1470,13:38:51,7.61,-0.01,12,9132,卖盘
1471,13:38:48,7.62,0.01,19,14478,买盘
1472,13:38:45,7.61,-0.01,1030,783830,卖盘
1473,13:38:42,7.62,0.01,86,65532,买盘
1474,13:38:36,7.61,-0.01,2,1522,卖盘
1475,13:38:33,7.62,--,83,63246,买盘
1476,13:38:30,7.62,0.01,7,5334,买盘
1477,13:38:27,7.61,--,16,12176,卖盘
1478,13:38:24,7.61,--,22,16742,卖盘
1479,13:38:21,7.61,-0.01,15,11415,卖盘
1480,13:38:18,7.62,0.01,1059,806958,买盘
1481,13:38:15,7.61,--,60,45660,卖盘
1482,13:38:12,7.61,--,104,79144,卖盘
1483,13:38:09,7.61,--,39,29679,卖盘
1484,13:38:06,7.61,--,18,13698,卖盘
1485,13:38:03,7.61,-0.01,21,15981,卖盘
1486,13:38:00,7.62,0.01,44,33528,买盘
1487,13:37:57,7.61,-0.01,46,35006,卖盘
1488,13:37:54,7.62,0.01,36,27432,买盘
1489,13:37:51,7.61,--,31,23591,卖盘
1490,13:37:48,7.61,-0.01,2,1522,卖盘
1491,13:37:45,7.62,0.01,10,7620,买盘
1492,13:37:42,7.61,--,4,3044,卖盘
1493,13:37:39,7.61,--,1,761,卖盘
1494,13:37:36,7.61,-0.01,8,6088,卖盘
1495,13:37:33,7.62,0.01,130,99060,买盘
1496,13:37:30,7.61,-0.01,483,367563,卖盘
1497,13:37:27,7.62,0.01,21,16002,买盘
1498,13:37:24,7.61,--,9,6849,卖盘
1499,13:37:21,7.61,--,3,2283,卖盘
1500,13:37:15,7.61,--,23,17503,卖盘
1501,13:37:12,7.61,--,9,6849,卖盘
1502,13:37:06,7.61,-0.01,3,2283,卖盘
1503,13:37:03,7.62,--,9,6858,买盘
1504,13:37:00,7.62,0.01,13,9906,买盘
1505,13:36:57,7.61,--,7,5327,卖盘
1506,13:36:54,7.61,--,71,54031,卖盘
1507,13:36:51,7.61,--,9,6849,卖盘
1508,13:36:48,7.61,-0.01,5,3805,卖盘
1509,13:36:45,7.62,0.01,17,12954,买盘
1510,13:36:42,7.61,-0.01,35,26635,卖盘
1511,13:36:39,7.62,0.01,7,5334,买盘
1512,13:36:36,7.61,--,39,29679,卖盘
1513,13:36:33,7.61,-0.01,265,201665,卖盘
1514,13:36:30,7.62,0.01,4,3048,买盘
1515,13:36:27,7.61,--,11,8371,卖盘
1516,13:36:24,7.61,--,24,18264,卖盘
1517,13:36:21,7.61,--,47,35767,卖盘
1518,13:36:18,7.61,--,13,9893,卖盘
1519,13:36:15,7.61,--,12,9132,卖盘
1520,13:36:12,7.61,--,8,6088,卖盘
1521,13:36:09,7.61,--,10,7610,卖盘
1522,13:36:06,7.61,--,31,23591,卖盘
1523,13:36:03,7.61,--,21,15981,卖盘
1524,13:36:00,7.61,--,2,1522,卖盘
1525,13:35:57,7.61,--,406,308966,卖盘
1526,13:35:54,7.61,--,13,9893,卖盘
1527,13:35:51,7.61,--,95,72295,卖盘
1528,13:35:48,7.61,--,30,22830,卖盘
1529,13:35:45,7.61,--,18,13698,卖盘
1530,13:35:42,7.61,--,327,248847,卖盘
1531,13:35:39,7.61,--,4,3044,卖盘
1532,13:35:36,7.61,--,20,15220,卖盘
1533,13:35:33,7.61,--,7,5327,卖盘
1534,13:35:30,7.61,--,17,12937,卖盘
1535,13:35:27,7.61,--,28,21308,卖盘
1536,13:35:24,7.61,--,502,382022,卖盘
1537,13:35:21,7.61,--,95,72295,卖盘
1538,13:35:18,7.61,--,4,3044,卖盘
1539,13:35:15,7.61,--,6,4566,卖盘
1540,13:35:12,7.61,-0.01,29,22069,卖盘
1541,13:35:09,7.62,0.01,6,4572,买盘
1542,13:35:06,7.61,--,5,3805,卖盘
1543,13:35:03,7.61,-0.01,7,5327,卖盘
1544,13:35:00,7.62,0.01,14,10668,买盘
1545,13:34:57,7.61,-0.01,10,7610,卖盘
1546,13:34:54,7.62,0.01,7,5334,买盘
1547,13:34:51,7.61,--,242,184162,卖盘
1548,13:34:48,7.61,--,8,6088,卖盘
1549,13:34:45,7.61,0.01,56,42616,买盘
1550,13:34:42,7.6,-0.01,74,56240,卖盘
1551,13:34:39,7.61,--,21,15981,买盘
1552,13:34:36,7.61,--,112,85232,买盘
1553,13:34:33,7.61,0.01,49,37289,买盘
1554,13:34:30,7.6,--,9,6840,卖盘
1555,13:34:27,7.6,-0.01,68,51680,卖盘
1556,13:34:24,7.61,0.01,18,13698,买盘
1557,13:34:21,7.6,--,3,2280,卖盘
1558,13:34:18,7.6,-0.01,396,300960,卖盘
1559,13:34:15,7.61,0.01,14,10654,中性盘
1560,13:34:12,7.6,--,11,8360,卖盘
1561,13:34:09,7.6,-0.01,350,266000,卖盘
1562,13:34:06,7.61,--,14,10654,卖盘
1563,13:34:03,7.61,--,35,26635,卖盘
1564,13:34:00,7.61,--,103,78702,买盘
1565,13:33:57,7.61,--,12,9132,买盘
1566,13:33:54,7.61,--,59,44899,买盘
1567,13:33:51,7.61,0.01,26,19786,买盘
1568,13:33:48,7.6,-0.01,79,60040,卖盘
1569,13:33:45,7.61,0.01,37,28157,买盘
1570,13:33:42,7.6,-0.01,245,186640,卖盘
1571,13:33:39,7.61,--,17,12937,卖盘
1572,13:33:36,7.61,--,3,2283,卖盘
1573,13:33:30,7.61,--,16,12176,卖盘
1574,13:33:27,7.61,--,271,206231,卖盘
1575,13:33:21,7.61,--,45,34564,买盘
1576,13:33:18,7.61,0.01,60,45660,买盘
1577,13:33:15,7.6,--,66,50160,卖盘
1578,13:33:12,7.6,-0.01,131,99560,卖盘
1579,13:33:09,7.61,0.01,25,19025,买盘
1580,13:33:06,7.6,--,30,22800,卖盘
1581,13:33:03,7.6,-0.01,44,33440,卖盘
1582,13:33:00,7.61,--,23,17503,买盘
1583,13:32:57,7.61,--,523,398003,买盘
1584,13:32:51,7.61,--,12,9132,买盘
1585,13:32:48,7.61,0.01,15,11415,买盘
1586,13:32:45,7.6,--,587,446120,卖盘
1587,13:32:42,7.6,--,68,51680,卖盘
1588,13:32:39,7.6,--,28,21280,卖盘
1589,13:32:36,7.6,-0.01,74,56240,卖盘
1590,13:32:33,7.61,0.01,7,5327,买盘
1591,13:32:30,7.6,-0.01,75,57000,卖盘
1592,13:32:27,7.61,0.01,34,25874,买盘
1593,13:32:24,7.6,--,96,72960,卖盘
1594,13:32:21,7.6,-0.01,2,1520,卖盘
1595,13:32:18,7.61,--,58,44138,买盘
1596,13:32:15,7.61,--,34,25874,买盘
1597,13:32:12,7.61,-0.01,560,426601,卖盘
1598,13:32:09,7.62,0.01,6,4572,买盘
1599,13:32:06,7.61,--,53,40333,卖盘
1600,13:32:03,7.61,-0.01,101,76861,卖盘
1601,13:32:00,7.62,--,316,240792,买盘
1602,13:31:57,7.62,0.01,15,11430,买盘
1603,13:31:54,7.61,-0.01,85,64685,卖盘
1604,13:31:51,7.62,--,11,8382,买盘
1605,13:31:48,7.62,0.01,14,10668,买盘
1606,13:31:45,7.61,-0.01,8,6088,卖盘
1607,13:31:42,7.62,0.01,18,13716,买盘
1608,13:31:39,7.61,--,76,57836,卖盘
1609,13:31:36,7.61,--,40,30440,卖盘
1610,13:31:33,7.61,-0.01,96,73056,卖盘
1611,13:31:30,7.62,--,11,8382,买盘
1612,13:31:27,7.62,0.01,78,59436,买盘
1613,13:31:24,7.61,--,8,6088,卖盘
1614,13:31:21,7.61,-0.01,11,8371,卖盘
1615,13:31:18,7.62,--,37,28194,买盘
1616,13:31:15,7.62,0.01,56,42672,买盘
1617,13:31:12,7.61,--,260,197860,卖盘
1618,13:31:09,7.61,--,62,47182,卖盘
1619,13:31:06,7.61,-0.01,19,14459,卖盘
1620,13:31:03,7.62,--,89,67818,买盘
1621,13:31:00,7.62,--,166,126492,买盘
1622,13:30:57,7.62,-0.01,594,452628,卖盘
1623,13:30:54,7.63,0.01,55,41965,买盘
1624,13:30:51,7.62,--,113,86106,卖盘
1625,13:30:48,7.62,--,559,425958,卖盘
1626,13:30:45,7.62,-0.01,372,283464,卖盘
1627,13:30:42,7.63,--,191,145733,买盘
1628,13:30:39,7.63,0.01,18,13734,买盘
1629,13:30:36,7.62,-0.01,2,1524,卖盘
1630,13:30:33,7.63,0.01,16,12208,买盘
1631,13:30:30,7.62,--,110,83820,卖盘
1632,13:30:27,7.62,--,44,33528,卖盘
1633,13:30:24,7.62,--,4,3048,卖盘
1634,13:30:21,7.62,-0.01,9,6858,卖盘
1635,13:30:18,7.63,0.01,18,13734,买盘
1636,13:30:15,7.62,0.01,154,117348,买盘
1637,13:30:12,7.61,-0.01,156,119324,卖盘
1638,13:30:09,7.62,0.01,15,11430,买盘
1639,13:30:06,7.61,-0.02,6,4566,卖盘
1640,13:30:03,7.63,--,16,12208,买盘
1641,13:30:00,7.63,--,147,112161,买盘
1642,13:29:57,7.63,0.02,47,35861,买盘
1643,13:29:54,7.61,-0.01,1,761,卖盘
1644,13:29:51,7.62,0.01,9,6858,中性盘
1645,13:29:48,7.61,-0.02,9,6849,卖盘
1646,13:29:45,7.63,--,21,16023,买盘
1647,13:29:42,7.63,--,41,31283,买盘
1648,13:29:39,7.63,0.01,56,42728,买盘
1649,13:29:36,7.62,--,1876,1429512,卖盘
1650,13:29:33,7.62,-0.01,11,8382,卖盘
1651,13:29:30,7.63,--,16,12208,买盘
1652,13:29:27,7.63,0.01,22,16786,买盘
1653,13:29:24,7.62,--,75,57150,买盘
1654,13:29:21,7.62,--,9,6858,买盘
1655,13:29:18,7.62,0.01,15,11430,买盘
1656,13:29:15,7.61,--,203,154483,卖盘
1657,13:29:12,7.61,-0.01,4,3044,卖盘
1658,13:29:09,7.62,-0.01,36,27432,卖盘
1659,13:29:06,7.63,0.01,10,7630,买盘
1660,13:29:03,7.62,--,15,11430,卖盘
1661,13:29:00,7.62,0.01,18,13716,买盘
1662,13:28:57,7.61,-0.01,9,6849,卖盘
1663,13:28:54,7.62,--,16,12192,买盘
1664,13:28:51,7.62,-0.01,21,16002,中性盘
1665,13:28:48,7.63,--,117,89271,买盘
1666,13:28:45,7.63,0.02,101,77063,买盘
1667,13:28:42,7.61,-0.02,17,12937,卖盘
1668,13:28:39,7.63,0.02,28,21364,买盘
1669,13:28:36,7.61,-0.02,2,1522,卖盘
1670,13:28:33,7.63,--,24,18312,买盘
1671,13:28:30,7.63,0.01,743,566909,买盘
1672,13:28:27,7.62,--,2,1524,卖盘
1673,13:28:24,7.62,--,56,42672,卖盘
1674,13:28:21,7.62,-0.01,80,60960,卖盘
1675,13:28:18,7.63,--,16,12208,买盘
1676,13:28:15,7.63,0.01,8,6104,买盘
1677,13:28:12,7.62,--,386,294132,买盘
1678,13:28:09,7.62,--,20,15240,买盘
1679,13:28:06,7.62,--,204,155448,卖盘
1680,13:28:03,7.62,-0.01,2,1524,卖盘
1681,13:28:00,7.63,--,8,6104,买盘
1682,13:27:57,7.63,0.01,21,16023,买盘
1683,13:27:54,7.62,--,52,39624,卖盘
1684,13:27:51,7.62,-0.01,1,762,中性盘
1685,13:27:48,7.63,0.02,6,4578,买盘
1686,13:27:45,7.61,-0.01,631,480191,卖盘
1687,13:27:42,7.62,--,204,155448,卖盘
1688,13:27:39,7.62,-0.01,17,12954,卖盘
1689,13:27:36,7.63,--,48,36624,买盘
1690,13:27:33,7.63,0.01,7,5341,买盘
1691,13:27:30,7.62,--,55,41910,卖盘
1692,13:27:27,7.62,-0.01,12,9144,卖盘
1693,13:27:24,7.63,0.01,145,110635,买盘
1694,13:27:21,7.62,-0.01,3,2286,卖盘
1695,13:27:18,7.63,0.01,15,11445,买盘
1696,13:27:15,7.62,--,59,44958,卖盘
1697,13:27:12,7.62,-0.01,139,105918,卖盘
1698,13:27:09,7.63,0.01,1,763,买盘
1699,13:27:06,7.62,--,10,7620,卖盘
1700,13:27:03,7.62,-0.01,11,8382,卖盘
1701,13:27:00,7.63,--,6,4578,买盘
1702,13:26:57,7.63,0.01,9,6867,买盘
1703,13:26:54,7.62,-0.01,15,11430,卖盘
1704,13:26:51,7.63,--,21,16023,买盘
1705,13:26:48,7.63,--,274,209062,买盘
1706,13:26:45,7.63,0.01,160,122080,买盘
1707,13:26:42,7.62,-0.01,122,92964,卖盘
1708,13:26:39,7.63,0.01,6,4578,买盘
1709,13:26:36,7.62,-0.01,42,32004,卖盘
1710,13:26:33,7.63,0.01,14,10682,买盘
1711,13:26:30,7.62,-0.01,58,44196,卖盘
1712,13:26:27,7.63,--,17,12971,买盘
1713,13:26:24,7.63,0.01,20,15260,买盘
1714,13:26:21,7.62,--,687,523494,卖盘
1715,13:26:18,7.62,-0.01,16,12192,卖盘
1716,13:26:15,7.63,--,255,194565,买盘
1717,13:26:12,7.63,0.01,13,9919,买盘
1718,13:26:09,7.62,--,87,66294,卖盘
1719,13:26:06,7.62,--,9,6858,卖盘
1720,13:26:03,7.62,--,3,2286,卖盘
1721,13:26:00,7.62,-0.01,100,76200,卖盘
1722,13:25:57,7.63,0.01,36,27468,买盘
1723,13:25:54,7.62,--,14,10668,卖盘
1724,13:25:51,7.62,--,2,1524,卖盘
1725,13:25:48,7.62,-0.01,45,34290,卖盘
1726,13:25:45,7.63,--,21,16023,买盘
1727,13:25:42,7.63,0.01,1429,1090327,买盘
1728,13:25:36,7.62,--,2,1524,卖盘
1729,13:25:33,7.62,--,73,55626,卖盘
1730,13:25:30,7.62,-0.01,3,2286,卖盘
1731,13:25:27,7.63,--,9,6867,买盘
1732,13:25:24,7.63,0.01,36,27468,买盘
1733,13:25:21,7.62,--,24,18288,卖盘
1734,13:25:15,7.62,--,137,104394,卖盘
1735,13:25:12,7.62,-0.01,78,59436,卖盘
1736,13:25:09,7.63,0.01,151,115213,买盘
1737,13:25:06,7.62,--,11,8382,卖盘
1738,13:25:03,7.62,-0.01,2,1524,卖盘
1739,13:25:00,7.63,--,4,3052,买盘
1740,13:24:57,7.63,--,6,4578,买盘
1741,13:24:54,7.63,--,25,19532,卖盘
1742,13:24:51,7.63,--,19,14802,买盘
1743,13:24:48,7.63,--,22,16786,买盘
1744,13:24:45,7.63,--,1,763,买盘
1745,13:24:42,7.63,--,63,48526,卖盘
1746,13:24:39,7.63,--,2,1526,卖盘
1747,13:24:36,7.63,-0.01,32,24416,卖盘
1748,13:24:33,7.64,0.01,3,2292,买盘
1749,13:24:30,7.63,--,35,26705,卖盘
1750,13:24:27,7.63,-0.01,2,1526,卖盘
1751,13:24:24,7.64,--,54,41256,买盘
1752,13:24:21,7.64,0.01,35,26740,买盘
1753,13:24:18,7.63,--,177,135051,卖盘
1754,13:24:15,7.63,--,46,35098,卖盘
1755,13:24:12,7.63,--,9,6867,卖盘
1756,13:24:09,7.63,--,127,96901,卖盘
1757,13:24:06,7.63,-0.01,2,1526,卖盘
1758,13:24:03,7.64,--,6,4584,买盘
1759,13:23:57,7.64,0.01,1,764,买盘
1760,13:23:54,7.63,-0.01,53,40439,卖盘
1761,13:23:51,7.64,0.01,7,5348,买盘
1762,13:23:45,7.63,--,4,3052,卖盘
1763,13:23:42,7.63,-0.01,8,6104,卖盘
1764,13:23:39,7.64,0.01,16,12224,买盘
1765,13:23:36,7.63,--,3,2289,卖盘
1766,13:23:33,7.63,--,2,1526,卖盘
1767,13:23:30,7.63,--,177,135051,卖盘
1768,13:23:27,7.63,-0.01,14,10682,卖盘
1769,13:23:24,7.64,--,2,1528,买盘
1770,13:23:21,7.64,--,3,2292,买盘
1771,13:23:18,7.64,0.01,12,9168,买盘
1772,13:23:15,7.63,--,10,7630,卖盘
1773,13:23:12,7.63,-0.01,9,6867,卖盘
1774,13:23:09,7.64,0.01,25,19100,买盘
1775,13:23:06,7.63,--,104,79352,卖盘
1776,13:23:03,7.63,--,61,46543,卖盘
1777,13:23:00,7.63,-0.01,1,763,卖盘
1778,13:22:57,7.64,--,16,12224,买盘
1779,13:22:54,7.64,--,141,107724,买盘
1780,13:22:51,7.64,-0.01,147,112919,卖盘
1781,13:22:48,7.65,0.01,26,19890,买盘
1782,13:22:45,7.64,--,109,83276,卖盘
1783,13:22:42,7.64,-0.01,301,229964,卖盘
1784,13:22:39,7.65,0.01,2,1530,买盘
1785,13:22:36,7.64,-0.01,23,17572,卖盘
1786,13:22:33,7.65,0.01,1426,1090890,买盘
1787,13:22:30,7.64,--,872,666360,卖盘
1788,13:22:27,7.64,--,152,116128,卖盘
1789,13:22:24,7.64,-0.01,59,45076,卖盘
1790,13:22:21,7.65,0.01,46,35190,买盘
1791,13:22:18,7.64,--,11,8404,卖盘
1792,13:22:15,7.64,--,35,26740,卖盘
1793,13:22:12,7.64,--,48,36672,卖盘
1794,13:22:09,7.64,--,32,24448,卖盘
1795,13:22:06,7.64,--,42,32088,卖盘
1796,13:22:03,7.64,-0.01,3,2292,卖盘
1797,13:22:00,7.65,--,42,32130,买盘
1798,13:21:57,7.65,0.01,1,765,买盘
1799,13:21:54,7.64,--,10,7640,卖盘
1800,13:21:51,7.64,-0.01,13,9932,卖盘
1801,13:21:48,7.65,0.01,10,7650,买盘
1802,13:21:45,7.64,-0.01,11,8404,卖盘
1803,13:21:42,7.65,--,59,45135,买盘
1804,13:21:39,7.65,0.01,7,5355,买盘
1805,13:21:36,7.64,-0.01,83,63412,卖盘
1806,13:21:33,7.65,--,8,6120,买盘
1807,13:21:27,7.65,--,9,6885,买盘
1808,13:21:24,7.65,--,7,5355,买盘
1809,13:21:21,7.65,0.01,36,27540,买盘
1810,13:21:18,7.64,--,14,10696,卖盘
1811,13:21:15,7.64,--,39,29796,卖盘
1812,13:21:12,7.64,--,17,12988,卖盘
1813,13:21:09,7.64,--,20,15280,卖盘
1814,13:21:06,7.64,--,45,34380,卖盘
1815,13:21:03,7.64,--,2021,1544044,卖盘
1816,13:21:00,7.64,-0.01,20,15280,卖盘
1817,13:20:57,7.65,--,9,6885,买盘
1818,13:20:54,7.65,0.02,549,419985,买盘
1819,13:20:51,7.63,--,6,4578,卖盘
1820,13:20:48,7.63,-0.01,6,4578,卖盘
1821,13:20:45,7.64,0.01,8,6112,买盘
1822,13:20:42,7.63,-0.01,21,16023,卖盘
1823,13:20:39,7.64,0.01,5,3820,买盘
1824,13:20:36,7.63,-0.01,3,2289,卖盘
1825,13:20:33,7.64,0.01,8,6112,买盘
1826,13:20:30,7.63,-0.01,9,6867,卖盘
1827,13:20:27,7.64,0.01,23,17572,买盘
1828,13:20:24,7.63,-0.01,53,40439,卖盘
1829,13:20:21,7.64,--,7,5348,买盘
1830,13:20:18,7.64,0.01,200,152800,买盘
1831,13:20:15,7.63,--,7,5341,卖盘
1832,13:20:12,7.63,-0.01,31,23958,卖盘
1833,13:20:09,7.64,0.01,35,26740,买盘
1834,13:20:06,7.63,--,3,2289,卖盘
1835,13:20:03,7.63,-0.01,2,1526,卖盘
1836,13:20:00,7.64,--,6,4584,买盘
1837,13:19:57,7.64,0.02,1,764,买盘
1838,13:19:54,7.62,-0.01,59,44958,卖盘
1839,13:19:51,7.63,-0.01,9,6867,卖盘
1840,13:19:48,7.64,--,9,6876,买盘
1841,13:19:45,7.64,0.01,3,2292,买盘
1842,13:19:42,7.63,--,7,5341,卖盘
1843,13:19:39,7.63,-0.01,5,3815,卖盘
1844,13:19:36,7.64,0.01,20,15280,买盘
1845,13:19:30,7.63,--,2,1526,卖盘
1846,13:19:27,7.63,-0.02,2,1526,卖盘
1847,13:19:24,7.65,--,214,163710,买盘
1848,13:19:21,7.65,0.04,81,61965,买盘
1849,13:19:18,7.61,-0.02,2127,1618647,卖盘
1850,13:19:15,7.63,--,25,19075,卖盘
1851,13:19:12,7.63,--,4,3052,卖盘
1852,13:19:06,7.63,--,2,1526,卖盘
1853,13:19:03,7.63,-0.02,124,94612,卖盘
1854,13:18:57,7.65,0.02,35,26775,买盘
1855,13:18:54,7.63,-0.01,18,13734,卖盘
1856,13:18:51,7.64,-0.01,65,49660,卖盘
1857,13:18:48,7.65,--,27,20655,买盘
1858,13:18:45,7.65,0.01,1030,787950,买盘
1859,13:18:42,7.64,-0.01,9,6876,卖盘
1860,13:18:39,7.65,0.01,51,39015,买盘
1861,13:18:36,7.64,--,3,2292,卖盘
1862,13:18:33,7.64,--,12,9168,买盘
1863,13:18:30,7.64,0.01,26,19864,买盘
1864,13:18:27,7.63,-0.01,61,46543,卖盘
1865,13:18:24,7.64,-0.01,35,26740,卖盘
1866,13:18:21,7.65,--,35,26775,买盘
1867,13:18:18,7.65,0.02,50,38250,买盘
1868,13:18:15,7.63,--,8,6104,卖盘
1869,13:18:12,7.63,-0.02,7,5341,卖盘
1870,13:18:09,7.65,0.02,24,18360,买盘
1871,13:18:06,7.63,-0.01,21,16023,卖盘
1872,13:18:03,7.64,--,7,5348,买盘
1873,13:18:00,7.64,--,2,1528,买盘
1874,13:17:57,7.64,--,6,4584,买盘
1875,13:17:54,7.64,0.01,1,764,中性盘
1876,13:17:51,7.63,--,36,27468,卖盘
1877,13:17:45,7.63,--,48,36624,卖盘
1878,13:17:42,7.63,--,2,1526,卖盘
1879,13:17:39,7.63,--,43,32809,卖盘
1880,13:17:36,7.63,--,8,6104,卖盘
1881,13:17:30,7.63,-0.01,2,1526,卖盘
1882,13:17:27,7.64,-0.01,200,152800,卖盘
1883,13:17:24,7.65,0.01,60,45900,买盘
1884,13:17:21,7.64,0.01,2366,1807624,买盘
1885,13:17:18,7.63,--,64,48832,卖盘
1886,13:17:15,7.63,0.01,37,28231,中性盘
1887,13:17:12,7.62,-0.02,12,9144,卖盘
1888,13:17:09,7.64,0.02,7,5348,买盘
1889,13:17:06,7.62,--,353,268986,卖盘
1890,13:17:03,7.62,-0.01,1,762,卖盘
1891,13:17:00,7.63,--,271,206773,卖盘
1892,13:16:57,7.63,--,735,560805,卖盘
1893,13:16:54,7.63,--,20,15260,卖盘
1894,13:16:51,7.63,--,10,7630,卖盘
1895,13:16:48,7.63,-0.01,6,4578,卖盘
1896,13:16:45,7.64,--,4,3056,买盘
1897,13:16:42,7.64,0.02,37,28268,买盘
1898,13:16:39,7.62,-0.01,86,65532,卖盘
1899,13:16:36,7.63,--,27,20601,卖盘
1900,13:16:33,7.63,--,27,20601,卖盘
1901,13:16:30,7.63,-0.01,2,1526,卖盘
1902,13:16:27,7.64,--,20,15280,买盘
1903,13:16:21,7.64,0.02,23,17572,买盘
1904,13:16:18,7.62,--,9,6858,卖盘
1905,13:16:15,7.62,--,42,32004,卖盘
1906,13:16:12,7.62,--,41,31242,卖盘
1907,13:16:09,7.62,-0.01,666,507492,卖盘
1908,13:16:06,7.63,0.02,1256,958328,买盘
1909,13:16:03,7.61,-0.01,47,35767,卖盘
1910,13:15:57,7.62,--,14,10668,买盘
1911,13:15:54,7.62,--,10,7620,买盘
1912,13:15:51,7.62,-0.01,147,112014,卖盘
1913,13:15:48,7.63,0.01,41,31283,买盘
1914,13:15:45,7.62,0.01,58,44196,中性盘
1915,13:15:42,7.61,-0.01,229,174269,卖盘
1916,13:15:39,7.62,0.01,1,762,买盘
1917,13:15:36,7.61,-0.01,22,16742,卖盘
1918,13:15:33,7.62,0.01,7,5334,买盘
1919,13:15:30,7.61,-0.02,2,1522,卖盘
1920,13:15:27,7.63,0.01,124,94612,买盘
1921,13:15:24,7.62,-0.01,8,6096,卖盘
1922,13:15:21,7.63,0.02,86,65976,买盘
1923,13:15:18,7.61,--,165,125679,卖盘
1924,13:15:15,7.61,--,3,2283,卖盘
1925,13:15:12,7.61,-0.01,320,243520,卖盘
1926,13:15:09,7.62,0.01,6,4572,买盘
1927,13:15:06,7.61,--,10,7610,卖盘
1928,13:15:03,7.61,-0.01,30,22830,卖盘
1929,13:15:00,7.62,--,173,131826,买盘
1930,13:14:57,7.62,0.01,50,38100,买盘
1931,13:14:54,7.61,--,51,38811,卖盘
1932,13:14:51,7.61,-0.01,175,133175,卖盘
1933,13:14:48,7.62,0.01,41,31242,买盘
1934,13:14:45,7.61,-0.01,66,50226,卖盘
1935,13:14:42,7.62,--,115,87630,买盘
1936,13:14:39,7.62,0.01,61,46482,买盘
1937,13:14:36,7.61,-0.01,17,12937,卖盘
1938,13:14:33,7.62,0.01,60,45720,买盘
1939,13:14:30,7.61,--,3,2283,卖盘
1940,13:14:27,7.61,-0.01,132,100452,卖盘
1941,13:14:24,7.62,--,16,12192,买盘
1942,13:14:21,7.62,0.01,1409,1073658,买盘
1943,13:14:15,7.61,--,18,13698,卖盘
1944,13:14:12,7.61,--,12,9132,卖盘
1945,13:14:09,7.61,--,158,120238,卖盘
1946,13:14:06,7.61,--,4,3044,卖盘
1947,13:14:03,7.61,-0.01,257,195577,卖盘
1948,13:14:00,7.62,0.01,4,3048,买盘
1949,13:13:57,7.61,-0.01,48,36528,卖盘
1950,13:13:54,7.62,--,6,4572,买盘
1951,13:13:48,7.62,--,22,16764,买盘
1952,13:13:45,7.62,--,64,48768,买盘
1953,13:13:42,7.62,0.01,38,28956,买盘
1954,13:13:39,7.61,--,61,46421,卖盘
1955,13:13:36,7.61,-0.01,30,22830,卖盘
1956,13:13:33,7.62,--,55,41910,买盘
1957,13:13:30,7.62,0.01,37,28194,买盘
1958,13:13:27,7.61,-0.01,58,44138,卖盘
1959,13:13:21,7.62,--,124,94488,买盘
1960,13:13:18,7.62,0.01,86,65532,买盘
1961,13:13:15,7.61,--,3,2283,卖盘
1962,13:13:12,7.61,-0.01,6,4566,卖盘
1963,13:13:09,7.62,--,1,762,买盘
1964,13:13:06,7.62,0.01,11,8382,买盘
1965,13:13:03,7.61,--,20,15220,卖盘
1966,13:13:00,7.61,-0.01,460,350060,卖盘
1967,13:12:57,7.62,--,77,58674,买盘
1968,13:12:54,7.62,0.01,4,3048,买盘
1969,13:12:51,7.61,--,71,54031,卖盘
1970,13:12:48,7.61,-0.01,16,12176,卖盘
1971,13:12:45,7.62,--,6,4572,买盘
1972,13:12:42,7.62,--,84,64008,买盘
1973,13:12:39,7.62,0.01,1,762,买盘
1974,13:12:36,7.61,-0.01,133,101213,卖盘
1975,13:12:33,7.62,--,342,260604,卖盘
1976,13:12:30,7.62,--,133,101346,卖盘
1977,13:12:27,7.62,-0.01,3,2286,卖盘
1978,13:12:24,7.63,0.01,17,12971,买盘
1979,13:12:21,7.62,0.01,1043,794766,买盘
1980,13:12:18,7.61,--,6,4566,卖盘
1981,13:12:15,7.61,--,241,183401,卖盘
1982,13:12:12,7.61,-0.01,21,15981,卖盘
1983,13:12:09,7.62,0.01,63,48006,买盘
1984,13:12:06,7.61,-0.01,41,31201,卖盘
1985,13:12:03,7.62,--,150,114300,买盘
1986,13:12:00,7.62,--,12,9144,买盘
1987,13:11:57,7.62,--,400,304800,买盘
1988,13:11:54,7.62,0.01,1,762,买盘
1989,13:11:51,7.61,-0.01,41,31201,卖盘
1990,13:11:48,7.62,0.01,61,46482,买盘
1991,13:11:45,7.61,--,13,9893,卖盘
1992,13:11:42,7.61,-0.01,3,2283,卖盘
1993,13:11:39,7.62,0.01,17,12954,买盘
1994,13:11:36,7.61,--,3,2283,卖盘
1995,13:11:33,7.61,-0.01,3,2283,卖盘
1996,13:11:27,7.62,--,9,6858,买盘
1997,13:11:24,7.62,--,4,3048,买盘
1998,13:11:21,7.62,--,132,100584,买盘
1999,13:11:15,7.62,0.01,10,7620,买盘
2000,13:11:12,7.61,-0.01,56,42616,卖盘
2001,13:11:09,7.62,0.01,6,4572,买盘
2002,13:11:06,7.61,--,53,40333,卖盘
2003,13:11:03,7.61,--,5,3805,卖盘
2004,13:11:00,7.61,-0.01,213,162093,卖盘
2005,13:10:57,7.62,--,55,41910,买盘
2006,13:10:54,7.62,--,16,12192,买盘
2007,13:10:51,7.62,--,51,38862,买盘
2008,13:10:48,7.62,--,63,48006,买盘
2009,13:10:45,7.62,--,9,6858,买盘
2010,13:10:42,7.62,0.01,18,13716,买盘
2011,13:10:39,7.61,-0.01,82,62402,卖盘
2012,13:10:36,7.62,0.01,2,1524,买盘
2013,13:10:33,7.61,-0.01,9,6849,卖盘
2014,13:10:27,7.62,--,38,28956,买盘
2015,13:10:24,7.62,--,5,3810,买盘
2016,13:10:21,7.62,0.01,14,10668,买盘
2017,13:10:18,7.61,--,10,7610,卖盘
2018,13:10:15,7.61,--,3,2283,卖盘
2019,13:10:12,7.61,-0.01,7,5327,卖盘
2020,13:10:09,7.62,0.01,26,19812,买盘
2021,13:10:06,7.61,-0.01,25,19025,卖盘
2022,13:10:00,7.62,0.01,47,35814,买盘
2023,13:09:57,7.61,-0.01,98,74578,卖盘
2024,13:09:54,7.62,0.01,31,23622,买盘
2025,13:09:51,7.61,-0.01,1,761,卖盘
2026,13:09:48,7.62,--,8,6096,买盘
2027,13:09:45,7.62,0.01,31,23622,买盘
2028,13:09:42,7.61,--,4,3044,卖盘
2029,13:09:39,7.61,--,11,8371,卖盘
2030,13:09:36,7.61,--,68,51748,卖盘
2031,13:09:33,7.61,-0.01,3,2283,卖盘
2032,13:09:30,7.62,0.01,3,2286,买盘
2033,13:09:27,7.61,--,144,109584,卖盘
2034,13:09:24,7.61,--,42,31962,卖盘
2035,13:09:21,7.61,--,8,6088,卖盘
2036,13:09:18,7.61,--,86,65446,卖盘
2037,13:09:15,7.61,--,40,30440,卖盘
2038,13:09:12,7.61,-0.01,26,19786,卖盘
2039,13:09:09,7.62,0.01,1,762,买盘
2040,13:09:06,7.61,--,3,2283,卖盘
2041,13:09:03,7.61,--,2,1522,卖盘
2042,13:09:00,7.61,--,43,32723,卖盘
2043,13:08:57,7.61,-0.01,53,40333,卖盘
2044,13:08:54,7.62,--,1,762,买盘
2045,13:08:51,7.62,--,11,8382,买盘
2046,13:08:48,7.62,--,4,3048,买盘
2047,13:08:45,7.62,0.01,93,70866,买盘
2048,13:08:42,7.61,-0.01,1,761,卖盘
2049,13:08:36,7.62,--,46,35052,买盘
2050,13:08:33,7.62,-0.01,300,228600,卖盘
2051,13:08:30,7.63,0.01,8,6104,买盘
2052,13:08:27,7.62,-0.01,92,70104,卖盘
2053,13:08:24,7.63,--,16,12208,买盘
2054,13:08:21,7.63,--,18,13734,买盘
2055,13:08:18,7.63,0.01,7,5341,买盘
2056,13:08:15,7.62,--,19,14478,卖盘
2057,13:08:12,7.62,-0.01,5,3810,卖盘
2058,13:08:09,7.63,0.01,4,3052,买盘
2059,13:08:06,7.62,--,64,48768,卖盘
2060,13:08:03,7.62,--,1,762,卖盘
2061,13:08:00,7.62,-0.01,2,1524,卖盘
2062,13:07:57,7.63,0.02,9,6867,买盘
2063,13:07:54,7.61,-0.01,47,35767,卖盘
2064,13:07:51,7.62,--,1,762,买盘
2065,13:07:48,7.62,0.01,12,9144,买盘
2066,13:07:45,7.61,-0.01,18,13698,卖盘
2067,13:07:42,7.62,--,29,22098,买盘
2068,13:07:39,7.62,0.01,17,12954,买盘
2069,13:07:36,7.61,--,32,24352,卖盘
2070,13:07:33,7.61,-0.01,23,17503,卖盘
2071,13:07:30,7.62,--,16,12192,买盘
2072,13:07:27,7.62,--,46,35052,买盘
2073,13:07:24,7.62,--,1,762,买盘
2074,13:07:21,7.62,--,30,22860,买盘
2075,13:07:18,7.62,0.01,14,10668,买盘
2076,13:07:12,7.61,-0.01,11,8371,卖盘
2077,13:07:09,7.62,0.01,7,5334,买盘
2078,13:07:06,7.61,--,483,367563,卖盘
2079,13:07:03,7.61,-0.01,1,761,卖盘
2080,13:07:00,7.62,--,7,5334,买盘
2081,13:06:57,7.62,--,3,2286,买盘
2082,13:06:54,7.62,0.01,190,144780,买盘
2083,13:06:51,7.61,-0.01,1,761,卖盘
2084,13:06:48,7.62,--,71,54102,买盘
2085,13:06:45,7.62,0.01,116,88392,买盘
2086,13:06:42,7.61,-0.01,510,388110,卖盘
2087,13:06:39,7.62,--,1,762,买盘
2088,13:06:36,7.62,0.01,20,15240,买盘
2089,13:06:33,7.61,-0.01,45,34245,卖盘
2090,13:06:30,7.62,--,11,8382,买盘
2091,13:06:27,7.62,--,10,7620,买盘
2092,13:06:24,7.62,--,5,3810,买盘
2093,13:06:21,7.62,0.01,17,12954,买盘
2094,13:06:18,7.61,--,4,3044,卖盘
2095,13:06:15,7.61,--,127,96647,卖盘
2096,13:06:12,7.61,-0.01,8,6088,卖盘
2097,13:06:09,7.62,0.01,2,1524,买盘
2098,13:06:06,7.61,--,3,2283,卖盘
2099,13:06:03,7.61,--,43,32723,卖盘
2100,13:06:00,7.61,--,43,32723,卖盘
2101,13:05:57,7.61,-0.01,6,4566,卖盘
2102,13:05:54,7.62,0.01,29,22098,买盘
2103,13:05:51,7.61,-0.01,503,382783,卖盘
2104,13:05:48,7.62,0.01,86,65532,买盘
2105,13:05:45,7.61,--,10,7610,卖盘
2106,13:05:42,7.61,-0.01,258,196338,卖盘
2107,13:05:36,7.62,--,3,2286,买盘
2108,13:05:33,7.62,0.01,4,3048,买盘
2109,13:05:30,7.61,--,7,5327,卖盘
2110,13:05:27,7.61,-0.01,5,3805,卖盘
2111,13:05:24,7.62,-0.01,222,169164,卖盘
2112,13:05:21,7.63,0.01,13,9919,买盘
2113,13:05:15,7.62,--,22,16764,卖盘
2114,13:05:12,7.62,-0.01,7,5334,卖盘
2115,13:05:09,7.63,0.01,23,17549,买盘
2116,13:05:06,7.62,-0.01,30,22860,卖盘
2117,13:05:00,7.63,--,1,763,买盘
2118,13:04:57,7.63,0.02,9,6867,买盘
2119,13:04:51,7.61,-0.01,1,761,卖盘
2120,13:04:48,7.62,0.01,18,13716,买盘
2121,13:04:45,7.61,-0.02,2,1522,卖盘
2122,13:04:42,7.63,--,65,49595,买盘
2123,13:04:39,7.63,--,60,45780,买盘
2124,13:04:36,7.63,--,30,22890,买盘
2125,13:04:33,7.63,0.01,2,1526,买盘
2126,13:04:30,7.62,-0.01,18,13716,卖盘
2127,13:04:27,7.63,--,12,9156,买盘
2128,13:04:24,7.63,0.01,42,32046,买盘
2129,13:04:21,7.62,-0.01,19,14478,卖盘
2130,13:04:18,7.63,--,1037,791231,买盘
2131,13:04:15,7.63,0.01,9,6867,买盘
2132,13:04:12,7.62,--,123,93726,卖盘
2133,13:04:06,7.62,--,10,7620,卖盘
2134,13:04:03,7.62,-0.01,11,8382,卖盘
2135,13:03:51,7.63,--,6,4578,买盘
2136,13:03:48,7.63,0.01,51,38913,买盘
2137,13:03:45,7.62,0.01,177,134874,买盘
2138,13:03:42,7.61,-0.01,96,73056,卖盘
2139,13:03:39,7.62,0.01,44,33528,买盘
2140,13:03:36,7.61,-0.01,2,1522,卖盘
2141,13:03:33,7.62,--,4,3048,买盘
2142,13:03:30,7.62,0.01,8,6096,买盘
2143,13:03:27,7.61,--,41,31201,卖盘
2144,13:03:24,7.61,--,27,20547,卖盘
2145,13:03:21,7.61,--,371,282331,卖盘
2146,13:03:18,7.61,--,10,7610,卖盘
2147,13:03:15,7.61,-0.01,34,25874,卖盘
2148,13:03:12,7.62,--,44,33528,买盘
2149,13:03:09,7.62,--,16,12192,买盘
2150,13:03:06,7.62,0.01,12,9144,买盘
2151,13:03:03,7.61,--,2,1522,卖盘
2152,13:02:57,7.61,-0.01,49,37289,卖盘
2153,13:02:51,7.62,--,10,7620,买盘
2154,13:02:48,7.62,0.01,1,762,买盘
2155,13:02:45,7.61,-0.01,8,6088,卖盘
2156,13:02:42,7.62,--,18,13716,买盘
2157,13:02:39,7.62,0.01,1,762,买盘
2158,13:02:36,7.61,-0.01,2,1522,卖盘
2159,13:02:33,7.62,--,10,7620,买盘
2160,13:02:30,7.62,0.01,6,4572,买盘
2161,13:02:27,7.61,--,142,108062,买盘
2162,13:02:24,7.61,--,65,49465,买盘
2163,13:02:21,7.61,--,507,385827,买盘
2164,13:02:18,7.61,0.01,46,35006,买盘
2165,13:02:15,7.6,--,23,17480,卖盘
2166,13:02:12,7.6,-0.01,519,394440,卖盘
2167,13:02:09,7.61,0.01,5,3805,买盘
2168,13:02:06,7.6,--,3,2280,卖盘
2169,13:02:03,7.6,-0.01,31,23560,卖盘
2170,13:02:00,7.61,0.01,29,22069,买盘
2171,13:01:57,7.6,-0.01,173,131480,卖盘
2172,13:01:54,7.61,0.01,19,14459,买盘
2173,13:01:51,7.6,-0.01,79,60040,卖盘
2174,13:01:48,7.61,0.01,1,761,买盘
2175,13:01:45,7.6,-0.01,49,37240,卖盘
2176,13:01:42,7.61,--,64,48704,买盘
2177,13:01:39,7.61,0.01,17,12937,买盘
2178,13:01:36,7.6,-0.01,68,51680,卖盘
2179,13:01:33,7.61,0.01,1,761,买盘
2180,13:01:30,7.6,-0.01,2,1520,卖盘
2181,13:01:27,7.61,0.01,16,12176,买盘
2182,13:01:24,7.6,--,1,760,卖盘
2183,13:01:21,7.6,--,26,19760,卖盘
2184,13:01:18,7.6,-0.01,35,26600,卖盘
2185,13:01:15,7.61,--,35,26635,买盘
2186,13:01:12,7.61,-0.02,1105,840905,卖盘
2187,13:01:06,7.63,--,47,35861,买盘
2188,13:01:03,7.63,0.02,155,118265,买盘
2189,13:01:00,7.61,-0.02,40,30440,卖盘
2190,13:00:54,7.63,0.02,6,4578,买盘
2191,13:00:51,7.61,-0.03,19,14459,卖盘
2192,13:00:48,7.64,--,524,400336,买盘
2193,13:00:45,7.64,--,542,414515,买盘
2194,13:00:42,7.64,0.03,201,153900,买盘
2195,13:00:36,7.61,--,9,6849,卖盘
2196,13:00:33,7.61,--,36,27396,卖盘
2197,13:00:27,7.61,--,9,6849,卖盘
2198,13:00:24,7.61,-0.02,9,6849,卖盘
2199,13:00:21,7.63,--,43,32809,买盘
2200,13:00:18,7.63,0.02,828,631764,买盘
2201,13:00:15,7.61,0.01,53,40333,买盘
2202,13:00:12,7.6,-0.01,316,240281,卖盘
2203,13:00:09,7.61,--,185,140785,卖盘
2204,13:00:06,7.61,-0.02,861,655221,卖盘
2205,13:00:03,7.63,0.02,5001,3816403,买盘
2206,13:00:00,7.61,0.01,250,190250,买盘
2207,11:30:00,7.6,-0.01,53,40280,卖盘
2208,11:29:57,7.61,0.01,51,38811,买盘
2209,11:29:54,7.6,-0.01,114,86640,卖盘
2210,11:29:51,7.61,--,64,48704,买盘
2211,11:29:48,7.61,0.01,52,39572,买盘
2212,11:29:45,7.6,--,60,45600,卖盘
2213,11:29:42,7.6,--,2,1520,卖盘
2214,11:29:39,7.6,-0.02,121,91960,卖盘
2215,11:29:36,7.62,0.01,51,38862,买盘
2216,11:29:33,7.61,0.01,7,5327,买盘
2217,11:29:30,7.6,--,98,74480,卖盘
2218,11:29:27,7.6,-0.02,58,44080,卖盘
2219,11:29:24,7.62,0.02,6,4572,买盘
2220,11:29:21,7.6,--,64,48640,卖盘
2221,11:29:18,7.6,-0.02,48,36480,卖盘
2222,11:29:15,7.62,0.02,99,75438,买盘
2223,11:29:12,7.6,--,5,3800,卖盘
2224,11:29:09,7.6,-0.01,96,72960,卖盘
2225,11:29:06,7.61,--,17,12937,买盘
2226,11:29:03,7.61,--,104,79144,买盘
2227,11:29:00,7.61,0.01,48,36528,买盘
2228,11:28:57,7.6,--,51,38760,卖盘
2229,11:28:54,7.6,--,45,34200,卖盘
2230,11:28:51,7.6,-0.01,55,41800,卖盘
2231,11:28:48,7.61,0.01,48,36528,买盘
2232,11:28:45,7.6,--,46,34960,卖盘
2233,11:28:42,7.6,-0.01,53,40280,卖盘
2234,11:28:39,7.61,0.01,58,44138,中性盘
2235,11:28:36,7.6,--,47,35720,卖盘
2236,11:28:33,7.6,--,48,36480,卖盘
2237,11:28:30,7.6,--,86,65360,卖盘
2238,11:28:27,7.6,--,739,561640,卖盘
2239,11:28:24,7.6,--,45,34200,卖盘
2240,11:28:21,7.6,--,49,37240,卖盘
2241,11:28:18,7.6,--,60,45600,卖盘
2242,11:28:15,7.6,--,145,110200,卖盘
2243,11:28:12,7.6,--,50,38000,卖盘
2244,11:28:09,7.6,-0.01,149,113240,卖盘
2245,11:28:06,7.61,0.01,47,35767,中性盘
2246,11:28:03,7.6,--,47,35720,卖盘
2247,11:28:00,7.6,--,50,38000,卖盘
2248,11:27:57,7.6,--,54,41040,卖盘
2249,11:27:54,7.6,--,90,68400,卖盘
2250,11:27:51,7.6,--,101,76760,卖盘
2251,11:27:48,7.6,-0.01,50,38000,卖盘
2252,11:27:45,7.61,--,94,71534,卖盘
2253,11:27:42,7.61,--,47,35767,卖盘
2254,11:27:39,7.61,--,50,38050,卖盘
2255,11:27:36,7.61,--,56,42616,卖盘
2256,11:27:33,7.61,--,46,35006,卖盘
2257,11:27:30,7.61,--,46,35006,卖盘
2258,11:27:27,7.61,--,86,65446,卖盘
2259,11:27:24,7.61,--,131,99691,卖盘
2260,11:27:21,7.61,--,47,35767,卖盘
2261,11:27:18,7.61,--,53,40333,卖盘
2262,11:27:15,7.61,--,118,89798,卖盘
2263,11:27:12,7.61,--,54,41094,卖盘
2264,11:27:09,7.61,--,45,34245,卖盘
2265,11:27:06,7.61,--,47,35767,卖盘
2266,11:27:03,7.61,-0.01,46,35006,卖盘
2267,11:27:00,7.62,0.01,81,61722,买盘
2268,11:26:57,7.61,--,90,68490,卖盘
2269,11:26:54,7.61,--,45,34245,卖盘
2270,11:26:51,7.61,--,133,101213,卖盘
2271,11:26:48,7.61,--,47,35767,卖盘
2272,11:26:45,7.61,--,45,34245,卖盘
2273,11:26:42,7.61,-0.01,47,35767,卖盘
2274,11:26:39,7.62,0.01,80,60960,买盘
2275,11:26:36,7.61,-0.01,55,41855,卖盘
2276,11:26:33,7.62,0.01,488,371856,买盘
2277,11:26:30,7.61,--,66,50226,买盘
2278,11:26:27,7.61,0.01,52,39572,买盘
2279,11:26:24,7.6,--,45,34200,卖盘
2280,11:26:21,7.6,--,50,38000,卖盘
2281,11:26:18,7.6,--,54,41040,卖盘
2282,11:26:15,7.6,--,159,120840,卖盘
2283,11:26:12,7.6,-0.01,47,35720,卖盘
2284,11:26:09,7.61,-0.01,46,35006,卖盘
2285,11:26:06,7.62,0.01,53,40386,买盘
2286,11:26:03,7.61,--,47,35767,卖盘
2287,11:26:00,7.61,--,45,34245,卖盘
2288,11:25:57,7.61,-0.01,46,35006,卖盘
2289,11:25:54,7.62,--,52,39624,买盘
2290,11:25:51,7.62,0.01,68,51816,买盘
2291,11:25:48,7.61,-0.01,57,43377,卖盘
2292,11:25:45,7.62,0.01,57,43434,买盘
2293,11:25:42,7.61,--,53,40333,卖盘
2294,11:25:39,7.61,--,58,44138,卖盘
2295,11:25:36,7.61,--,79,60119,卖盘
2296,11:25:33,7.61,--,227,172747,卖盘
2297,11:25:30,7.61,-0.01,97,74273,卖盘
2298,11:25:27,7.62,--,125,95250,买盘
2299,11:25:24,7.62,--,61,46482,买盘
2300,11:25:21,7.62,0.01,79,60198,买盘
2301,11:25:18,7.61,--,55,42060,卖盘
2302,11:25:15,7.61,--,48,36528,卖盘
2303,11:25:12,7.61,--,67,50987,卖盘
2304,11:25:09,7.61,--,7,5327,卖盘
2305,11:25:06,7.61,-0.01,3,2283,卖盘
2306,11:25:03,7.62,0.01,11,8382,买盘
2307,11:25:00,7.61,-0.01,28,21308,卖盘
2308,11:24:54,7.62,--,7,5334,买盘
2309,11:24:51,7.62,--,2,1524,买盘
2310,11:24:48,7.62,--,15,11430,买盘
2311,11:24:45,7.62,0.01,2,1524,买盘
2312,11:24:42,7.61,-0.01,138,105018,卖盘
2313,11:24:39,7.62,0.01,56,42672,买盘
2314,11:24:36,7.61,-0.01,43,32723,卖盘
2315,11:24:33,7.62,--,9,6858,买盘
2316,11:24:30,7.62,0.01,5,3810,买盘
2317,11:24:27,7.61,--,10,7610,卖盘
2318,11:24:21,7.61,--,17,12937,卖盘
2319,11:24:15,7.61,--,12,9132,中性盘
2320,11:24:12,7.61,--,2,1522,卖盘
2321,11:24:06,7.61,0.01,16,12176,买盘
2322,11:24:03,7.6,--,24,18240,卖盘
2323,11:23:57,7.6,--,54,41040,卖盘
2324,11:23:54,7.6,-0.02,68,51680,卖盘
2325,11:23:51,7.62,--,2,1524,买盘
2326,11:23:48,7.62,--,44,33528,买盘
2327,11:23:45,7.62,0.02,1,762,买盘
2328,11:23:42,7.6,-0.01,149,113240,卖盘
2329,11:23:36,7.61,0.01,5,3805,中性盘
2330,11:23:33,7.6,-0.02,8,6080,卖盘
2331,11:23:30,7.62,0.02,7,5334,买盘
2332,11:23:27,7.6,-0.01,221,168560,卖盘
2333,11:23:24,7.61,0.01,9,6849,中性盘
2334,11:23:21,7.6,-0.01,828,629280,卖盘
2335,11:23:18,7.61,--,3014,2293654,卖盘
2336,11:23:15,7.61,0.01,115,87515,买盘
2337,11:23:12,7.6,-0.01,113,85880,卖盘
2338,11:23:09,7.61,--,322,245042,买盘
2339,11:23:06,7.61,0.01,138,105018,买盘
2340,11:23:03,7.6,-0.01,126,95760,卖盘
2341,11:23:00,7.61,--,4,3044,买盘
2342,11:22:57,7.61,--,39,29679,买盘
2343,11:22:54,7.61,--,77,58597,买盘
2344,11:22:51,7.61,0.01,143,108823,买盘
2345,11:22:48,7.6,-0.01,198,150480,卖盘
2346,11:22:45,7.61,0.01,51,38811,买盘
2347,11:22:42,7.6,--,152,115520,卖盘
2348,11:22:39,7.6,--,160,121600,卖盘
2349,11:22:36,7.6,-0.01,34,25840,卖盘
2350,11:22:33,7.61,--,56,42616,买盘
2351,11:22:30,7.61,--,1,761,买盘
2352,11:22:27,7.61,0.01,8,6088,买盘
2353,11:22:24,7.6,-0.01,43,32680,卖盘
2354,11:22:21,7.61,--,84,63924,买盘
2355,11:22:18,7.61,--,84,63924,买盘
2356,11:22:15,7.61,0.01,211,160571,买盘
2357,11:22:12,7.6,-0.01,55,41800,卖盘
2358,11:22:09,7.61,0.01,39,29679,买盘
2359,11:22:06,7.6,-0.01,30,22800,卖盘
2360,11:22:03,7.61,--,90,68490,买盘
2361,11:22:00,7.61,0.01,122,92842,买盘
2362,11:21:57,7.6,--,20,15200,卖盘
2363,11:21:54,7.6,-0.01,46,34960,卖盘
2364,11:21:51,7.61,--,39,29679,买盘
2365,11:21:48,7.61,--,69,52509,卖盘
2366,11:21:45,7.61,-0.01,34,25874,卖盘
2367,11:21:42,7.62,--,52,39624,买盘
2368,11:21:39,7.62,0.01,25,19050,买盘
2369,11:21:36,7.61,--,62,47182,卖盘
2370,11:21:33,7.61,-0.01,48,36528,卖盘
2371,11:21:30,7.62,0.01,7,5334,买盘
2372,11:21:27,7.61,-0.01,5,3805,卖盘
2373,11:21:24,7.62,0.01,51,38862,买盘
2374,11:21:21,7.61,--,132,100452,卖盘
2375,11:21:18,7.61,--,18,13698,卖盘
2376,11:21:15,7.61,--,5,3805,买盘
2377,11:21:12,7.61,0.01,8,6088,中性盘
2378,11:21:09,7.6,-0.01,41,31160,卖盘
2379,11:21:06,7.61,--,54,41094,买盘
2380,11:21:03,7.61,-0.01,30,22830,中性盘
2381,11:21:00,7.62,0.02,203,154686,买盘
2382,11:20:57,7.6,-0.01,38,28880,卖盘
2383,11:20:54,7.61,-0.01,169,128609,卖盘
2384,11:20:51,7.62,0.01,213,162306,买盘
2385,11:20:48,7.61,--,12,9132,卖盘
2386,11:20:45,7.61,--,21,15981,卖盘
2387,11:20:42,7.61,--,4,3044,卖盘
2388,11:20:36,7.61,0.01,15,11415,中性盘
2389,11:20:33,7.6,-0.01,59,44840,卖盘
2390,11:20:30,7.61,0.01,21,15981,中性盘
2391,11:20:27,7.6,-0.01,195,148200,卖盘
2392,11:20:24,7.61,-0.01,36,27396,卖盘
2393,11:20:21,7.62,0.01,15,11430,买盘
2394,11:20:18,7.61,--,45,34245,卖盘
2395,11:20:15,7.61,--,109,82949,卖盘
2396,11:20:12,7.61,--,37,28157,卖盘
2397,11:20:09,7.61,--,72,54792,卖盘
2398,11:20:06,7.61,-0.01,59,44899,卖盘
2399,11:20:03,7.62,--,2,1524,买盘
2400,11:20:00,7.62,0.01,133,101346,买盘
2401,11:19:57,7.61,-0.01,367,279287,卖盘
2402,11:19:54,7.62,--,56,42672,买盘
2403,11:19:51,7.62,0.01,14,10668,买盘
2404,11:19:48,7.61,--,22,16742,卖盘
2405,11:19:45,7.61,--,48,36528,卖盘
2406,11:19:42,7.61,-0.01,2,1522,卖盘
2407,11:19:39,7.62,0.01,6,4572,买盘
2408,11:19:36,7.61,--,57,43377,卖盘
2409,11:19:33,7.61,-0.01,130,98930,卖盘
2410,11:19:30,7.62,--,10,7620,买盘
2411,11:19:27,7.62,0.01,39,29718,买盘
2412,11:19:24,7.61,--,71,54031,卖盘
2413,11:19:21,7.61,-0.01,6,4566,卖盘
2414,11:19:18,7.62,--,6,4572,买盘
2415,11:19:15,7.62,0.01,32,24384,买盘
2416,11:19:12,7.61,--,56,42616,卖盘
2417,11:19:06,7.61,--,9,6849,卖盘
2418,11:19:03,7.61,--,5,3805,卖盘
2419,11:19:00,7.61,--,48,36528,卖盘
2420,11:18:57,7.61,-0.01,119,90559,卖盘
2421,11:18:54,7.62,--,6,4572,买盘
2422,11:18:51,7.62,--,2,1524,买盘
2423,11:18:48,7.62,0.01,3,2286,买盘
2424,11:18:45,7.61,-0.01,2,1522,卖盘
2425,11:18:42,7.62,0.01,59,44958,买盘
2426,11:18:39,7.61,--,133,101213,卖盘
2427,11:18:36,7.61,-0.01,38,28918,卖盘
2428,11:18:33,7.62,0.01,61,46482,买盘
2429,11:18:30,7.61,--,39,29679,卖盘
2430,11:18:27,7.61,--,88,66968,卖盘
2431,11:18:24,7.61,-0.01,2,1522,卖盘
2432,11:18:21,7.62,0.01,9,6858,买盘
2433,11:18:15,7.61,-0.01,65,49465,卖盘
2434,11:18:12,7.62,--,160,121920,买盘
2435,11:18:09,7.62,0.01,7,5334,买盘
2436,11:18:06,7.61,-0.01,47,35767,卖盘
2437,11:18:03,7.62,--,96,73152,买盘
2438,11:18:00,7.62,--,9,6858,买盘
2439,11:17:51,7.62,0.01,83,63246,买盘
2440,11:17:48,7.61,0.01,278,211558,买盘
2441,11:17:45,7.6,--,63,47880,卖盘
2442,11:17:42,7.6,--,102,77520,卖盘
2443,11:17:39,7.6,--,30,22800,卖盘
2444,11:17:36,7.6,--,10,7600,卖盘
2445,11:17:33,7.6,--,91,69160,卖盘
2446,11:17:30,7.6,--,31,23560,卖盘
2447,11:17:27,7.6,-0.02,59,44840,卖盘
2448,11:17:24,7.62,0.01,82,62484,买盘
2449,11:17:21,7.61,0.01,64,48704,买盘
2450,11:17:18,7.6,--,61,46360,卖盘
2451,11:17:15,7.6,--,26,19760,卖盘
2452,11:17:12,7.6,-0.01,19,14440,卖盘
2453,11:17:09,7.61,--,141,107301,买盘
2454,11:17:06,7.61,--,238,181118,卖盘
2455,11:17:03,7.61,-0.01,1006,765566,卖盘
2456,11:17:00,7.62,0.01,1,762,买盘
2457,11:16:57,7.61,--,27,20547,卖盘
2458,11:16:54,7.61,-0.01,23,17503,卖盘
2459,11:16:51,7.62,0.01,54,41148,买盘
2460,11:16:48,7.61,-0.01,145,110345,卖盘
2461,11:16:45,7.62,0.01,30,22860,买盘
2462,11:16:42,7.61,--,28,21308,卖盘
2463,11:16:39,7.61,-0.01,35,26635,卖盘
2464,11:16:36,7.62,0.01,52,39624,买盘
2465,11:16:33,7.61,--,71,54031,卖盘
2466,11:16:30,7.61,--,40,30440,卖盘
2467,11:16:27,7.61,-0.01,147,111867,卖盘
2468,11:16:24,7.62,0.01,307,233934,买盘
2469,11:16:21,7.61,-0.01,261,198621,卖盘
2470,11:16:18,7.62,0.01,399,304038,买盘
2471,11:16:15,7.61,--,1002,762522,卖盘
2472,11:16:12,7.61,--,6,4566,卖盘
2473,11:16:09,7.61,--,17,12937,卖盘
2474,11:16:06,7.61,-0.01,2,1522,卖盘
2475,11:16:03,7.62,0.01,8,6096,买盘
2476,11:16:00,7.61,-0.01,89,67729,卖盘
2477,11:15:57,7.62,0.02,262,199644,买盘
2478,11:15:54,7.6,-0.02,134,101840,卖盘
2479,11:15:51,7.62,0.01,54,41148,买盘
2480,11:15:48,7.61,--,91,69251,卖盘
2481,11:15:45,7.61,-0.01,351,267111,卖盘
2482,11:15:42,7.62,0.01,1103,840486,买盘
2483,11:15:39,7.61,-0.01,49,37289,卖盘
2484,11:15:36,7.62,--,6,4572,买盘
2485,11:15:33,7.62,--,30,22860,买盘
2486,11:15:30,7.62,0.01,50,38100,买盘
2487,11:15:27,7.61,-0.01,179,136219,卖盘
2488,11:15:24,7.62,0.01,7,5334,买盘
2489,11:15:21,7.61,-0.01,29,22069,卖盘
2490,11:15:18,7.62,--,70,53340,买盘
2491,11:15:15,7.62,0.01,272,207264,买盘
2492,11:15:12,7.61,--,111,84471,卖盘
2493,11:15:09,7.61,--,52,39572,卖盘
2494,11:15:06,7.61,--,171,130131,卖盘
2495,11:15:03,7.61,-0.01,88,66968,卖盘
2496,11:15:00,7.62,--,293,223266,买盘
2497,11:14:57,7.62,0.01,21,16002,买盘
2498,11:14:54,7.61,--,40,30440,卖盘
2499,11:14:51,7.61,--,139,105779,卖盘
2500,11:14:48,7.61,-0.01,53,40333,卖盘
2501,11:14:45,7.62,0.01,43,32766,买盘
2502,11:14:42,7.61,-0.01,108,82188,卖盘
2503,11:14:39,7.62,--,72,54864,买盘
2504,11:14:36,7.62,0.01,55,41910,买盘
2505,11:14:33,7.61,-0.01,57,43377,卖盘
2506,11:14:30,7.62,--,33,25146,买盘
2507,11:14:27,7.62,0.01,64,48768,买盘
2508,11:14:24,7.61,--,43,32723,卖盘
2509,11:14:21,7.61,-0.01,60,45660,卖盘
2510,11:14:18,7.62,0.01,51,38862,买盘
2511,11:14:15,7.61,--,85,64685,卖盘
2512,11:14:12,7.61,-0.01,177,134697,卖盘
2513,11:14:09,7.62,--,379,288798,买盘
2514,11:14:06,7.62,--,535,407670,买盘
2515,11:14:03,7.62,--,695,529590,买盘
2516,11:14:00,7.62,-0.01,1564,1191920,卖盘
2517,11:13:57,7.63,0.01,47,35861,买盘
2518,11:13:54,7.62,-0.01,38,28956,卖盘
2519,11:13:51,7.63,--,28,21364,买盘
2520,11:13:48,7.63,--,90,68822,卖盘
2521,11:13:45,7.63,--,14,10682,卖盘
2522,11:13:42,7.63,--,29,22127,卖盘
2523,11:13:36,7.63,-0.01,1,763,卖盘
2524,11:13:33,7.64,0.01,39,29796,买盘
2525,11:13:30,7.63,--,74,57072,买盘
2526,11:13:27,7.63,0.01,80,61040,买盘
2527,11:13:24,7.62,-0.01,120,91440,卖盘
2528,11:13:21,7.63,0.01,288,219744,买盘
2529,11:13:18,7.62,-0.01,2,1524,卖盘
2530,11:13:15,7.63,0.01,14,10682,买盘
2531,11:13:12,7.62,-0.01,22,16764,卖盘
2532,11:13:09,7.63,0.01,5,3815,买盘
2533,11:13:06,7.62,-0.01,155,118110,卖盘
2534,11:13:03,7.63,--,101,77063,买盘
2535,11:13:00,7.63,--,8,6104,买盘
2536,11:12:57,7.63,--,47,35861,买盘
2537,11:12:54,7.63,--,50,38150,买盘
2538,11:12:51,7.63,--,99,75537,买盘
2539,11:12:48,7.63,--,9,6867,买盘
2540,11:12:45,7.63,0.01,17,12971,买盘
2541,11:12:42,7.62,--,33,25146,卖盘
2542,11:12:39,7.62,--,2023,1541526,卖盘
2543,11:12:36,7.62,-0.01,17,12954,卖盘
2544,11:12:33,7.63,0.01,1003,765289,买盘
2545,11:12:30,7.62,--,28,21336,卖盘
2546,11:12:27,7.62,--,9,7467,卖盘
2547,11:12:24,7.62,-0.01,30,22860,卖盘
2548,11:12:21,7.63,0.01,80,61040,买盘
2549,11:12:15,7.62,-0.01,20,15240,卖盘
2550,11:12:12,7.63,0.01,13,9919,买盘
2551,11:12:09,7.62,--,140,106680,卖盘
2552,11:12:06,7.62,-0.01,378,288036,卖盘
2553,11:12:03,7.63,--,62,47306,买盘
2554,11:12:00,7.63,--,11,8393,买盘
2555,11:11:57,7.63,0.01,26,19838,买盘
2556,11:11:54,7.62,-0.02,1351,1029919,卖盘
2557,11:11:51,7.64,--,1,764,买盘
2558,11:11:48,7.64,0.01,19,14516,买盘
2559,11:11:45,7.63,-0.01,827,631001,卖盘
2560,11:11:42,7.64,--,18,13752,买盘
2561,11:11:39,7.64,--,1,764,买盘
2562,11:11:36,7.64,--,5,3820,买盘
2563,11:11:33,7.64,--,253,193292,卖盘
2564,11:11:30,7.64,--,48,36672,卖盘
2565,11:11:27,7.64,--,2,1528,卖盘
2566,11:11:24,7.64,--,1,764,卖盘
2567,11:11:21,7.64,-0.01,73,55772,卖盘
2568,11:11:18,7.65,0.01,11,8415,买盘
2569,11:11:15,7.64,0.01,46,35144,买盘
2570,11:11:12,7.63,-0.01,241,183883,卖盘
2571,11:11:09,7.64,0.01,22,16808,买盘
2572,11:11:06,7.63,--,82,62566,卖盘
2573,11:11:03,7.63,-0.01,1,763,卖盘
2574,11:11:00,7.64,--,21,16044,买盘
2575,11:10:57,7.64,--,7,5348,买盘
2576,11:10:51,7.64,-0.01,41,31324,卖盘
2577,11:10:48,7.65,0.01,7,5355,买盘
2578,11:10:45,7.64,-0.01,73,55772,卖盘
2579,11:10:42,7.65,0.01,12,9180,买盘
2580,11:10:36,7.64,--,55,42020,卖盘
2581,11:10:33,7.64,--,20,15280,卖盘
2582,11:10:30,7.64,--,3,2292,卖盘
2583,11:10:27,7.64,-0.01,6,4584,卖盘
2584,11:10:24,7.65,0.01,7,5355,买盘
2585,11:10:21,7.64,0.01,5,3820,中性盘
2586,11:10:15,7.63,-0.02,137,104531,卖盘
2587,11:10:12,7.65,0.01,47,35955,买盘
2588,11:10:06,7.64,-0.01,60,45840,卖盘
2589,11:10:03,7.65,--,9,6885,买盘
2590,11:10:00,7.65,--,68,52020,买盘
2591,11:09:57,7.65,0.01,5,3825,买盘
2592,11:09:54,7.64,-0.01,9,6876,卖盘
2593,11:09:51,7.65,0.01,9,6885,买盘
2594,11:09:48,7.64,--,51,38964,卖盘
2595,11:09:45,7.64,--,3,2292,卖盘
2596,11:09:42,7.64,-0.01,4,3056,卖盘
2597,11:09:39,7.65,0.01,27,20655,买盘
2598,11:09:36,7.64,--,5,3820,卖盘
2599,11:09:33,7.64,--,51,39269,买盘
2600,11:09:30,7.64,--,7,5348,买盘
2601,11:09:27,7.64,--,176,134464,买盘
2602,11:09:24,7.64,0.01,10,7640,买盘
2603,11:09:21,7.63,-0.01,24,18312,卖盘
2604,11:09:18,7.64,0.01,48,36672,买盘
2605,11:09:15,7.63,--,156,119028,卖盘
2606,11:09:12,7.63,--,13,9919,卖盘
2607,11:09:09,7.63,-0.01,46,35098,卖盘
2608,11:09:06,7.64,0.01,10,7640,买盘
2609,11:09:03,7.63,-0.01,20,15260,卖盘
2610,11:09:00,7.64,--,133,101612,买盘
2611,11:08:57,7.64,--,44,33616,买盘
2612,11:08:54,7.64,--,6,4584,买盘
2613,11:08:51,7.64,--,8,6112,买盘
2614,11:08:48,7.64,0.01,58,44312,买盘
2615,11:08:45,7.63,-0.01,32,24416,卖盘
2616,11:08:42,7.64,0.01,84,64176,买盘
2617,11:08:36,7.63,-0.01,3,2289,卖盘
2618,11:08:33,7.64,0.01,7,5348,买盘
2619,11:08:30,7.63,-0.01,2,1526,卖盘
2620,11:08:27,7.64,0.01,88,67232,买盘
2621,11:08:24,7.63,--,166,126658,卖盘
2622,11:08:21,7.63,--,8,6104,卖盘
2623,11:08:18,7.63,--,155,118265,卖盘
2624,11:08:15,7.63,--,3,2289,卖盘
2625,11:08:12,7.63,-0.01,22,16786,卖盘
2626,11:08:09,7.64,0.01,256,195584,买盘
2627,11:08:06,7.63,--,4,3052,卖盘
2628,11:08:03,7.63,-0.01,7,5341,卖盘
2629,11:08:00,7.64,--,7,5348,买盘
2630,11:07:57,7.64,--,90,68760,买盘
2631,11:07:54,7.64,--,191,145924,买盘
2632,11:07:51,7.64,0.01,16,12224,买盘
2633,11:07:48,7.63,--,331,252553,卖盘
2634,11:07:45,7.63,--,35,26705,卖盘
2635,11:07:42,7.63,--,33,25179,卖盘
2636,11:07:39,7.63,-0.01,30,22890,卖盘
2637,11:07:36,7.64,--,4,3056,买盘
2638,11:07:33,7.64,--,4,3056,买盘
2639,11:07:30,7.64,0.01,1,764,买盘
2640,11:07:27,7.63,-0.01,9,6867,卖盘
2641,11:07:24,7.64,0.01,7,5348,买盘
2642,11:07:21,7.63,-0.01,140,106820,卖盘
2643,11:07:18,7.64,0.01,6,4584,买盘
2644,11:07:15,7.63,--,10,7630,卖盘
2645,11:07:12,7.63,0.01,124,94612,卖盘
2646,11:07:09,7.62,-0.01,49,37338,卖盘
2647,11:07:06,7.63,-0.01,10,7630,中性盘
2648,11:07:03,7.64,0.01,21,16044,买盘
2649,11:07:00,7.63,-0.01,1,763,中性盘
2650,11:06:57,7.64,0.01,50,38200,买盘
2651,11:06:54,7.63,-0.01,205,156415,卖盘
2652,11:06:51,7.64,--,534,407976,买盘
2653,11:06:48,7.64,--,5,3820,买盘
2654,11:06:42,7.64,--,14,10696,买盘
2655,11:06:39,7.64,0.01,192,146688,买盘
2656,11:06:36,7.63,-0.01,476,363188,卖盘
2657,11:06:33,7.64,0.01,103,78692,买盘
2658,11:06:30,7.63,--,3,2289,卖盘
2659,11:06:27,7.63,--,4,3052,卖盘
2660,11:06:24,7.63,--,142,108346,卖盘
2661,11:06:21,7.63,--,11,8393,卖盘
2662,11:06:15,7.63,--,9,6867,卖盘
2663,11:06:12,7.63,-0.01,127,96901,卖盘
2664,11:06:09,7.64,0.01,21,16044,买盘
2665,11:06:06,7.63,-0.01,89,67907,卖盘
2666,11:06:03,7.64,--,50,38200,买盘
2667,11:06:00,7.64,0.01,17,12988,买盘
2668,11:05:57,7.63,-0.01,20,15260,卖盘
2669,11:05:54,7.64,--,11,8404,买盘
2670,11:05:51,7.64,--,1,764,买盘
2671,11:05:48,7.64,--,8,6112,买盘
2672,11:05:45,7.64,0.01,14,10696,买盘
2673,11:05:42,7.63,-0.01,7,5341,卖盘
2674,11:05:36,7.64,0.01,12,9168,买盘
2675,11:05:33,7.63,-0.01,2,1526,卖盘
2676,11:05:30,7.64,0.01,18,13752,买盘
2677,11:05:27,7.63,--,1008,769104,卖盘
2678,11:05:24,7.63,--,182,138866,卖盘
2679,11:05:21,7.63,-0.01,4,3052,卖盘
2680,11:05:18,7.64,0.01,39,29796,买盘
2681,11:05:15,7.63,--,17,12971,卖盘
2682,11:05:12,7.63,-0.01,6,4578,卖盘
2683,11:05:09,7.64,0.01,51,38964,买盘
2684,11:05:06,7.63,-0.01,2,1526,卖盘
2685,11:05:03,7.64,0.01,64,48896,买盘
2686,11:05:00,7.63,-0.01,100,76300,卖盘
2687,11:04:54,7.64,--,122,93208,买盘
2688,11:04:51,7.64,0.01,67,51188,买盘
2689,11:04:48,7.63,-0.01,55,41965,卖盘
2690,11:04:42,7.64,--,14,10696,买盘
2691,11:04:39,7.64,--,20,15280,买盘
2692,11:04:36,7.64,0.01,83,63412,买盘
2693,11:04:30,7.63,-0.01,189,144207,卖盘
2694,11:04:27,7.64,--,146,111544,买盘
2695,11:04:24,7.64,0.01,2,1528,买盘
2696,11:04:21,7.63,-0.01,6,4578,卖盘
2697,11:04:18,7.64,0.01,12,9168,买盘
2698,11:04:15,7.63,--,49,37387,卖盘
2699,11:04:12,7.63,-0.01,16,12208,卖盘
2700,11:04:09,7.64,0.01,6,4584,买盘
2701,11:04:06,7.63,-0.01,3,2289,卖盘
2702,11:03:57,7.64,0.01,179,136756,买盘
2703,11:03:54,7.63,-0.01,5,3815,卖盘
2704,11:03:51,7.64,--,36,27504,买盘
2705,11:03:48,7.64,0.01,1,764,买盘
2706,11:03:45,7.63,--,9,6867,卖盘
2707,11:03:42,7.63,-0.01,2,1526,卖盘
2708,11:03:36,7.64,0.01,25,19100,买盘
2709,11:03:33,7.63,--,12,9156,卖盘
2710,11:03:30,7.63,-0.01,137,104531,卖盘
2711,11:03:27,7.64,0.01,27,20628,买盘
2712,11:03:24,7.63,--,66,50358,卖盘
2713,11:03:21,7.63,-0.01,6,4578,卖盘
2714,11:03:18,7.64,0.01,278,212392,买盘
2715,11:03:15,7.63,-0.01,86,65618,卖盘
2716,11:03:12,7.64,0.01,109,83276,买盘
2717,11:03:09,7.63,--,39,29757,卖盘
2718,11:03:06,7.63,--,4,3052,卖盘
2719,11:03:03,7.63,--,7,5341,卖盘
2720,11:03:00,7.63,-0.01,46,35098,卖盘
2721,11:02:54,7.64,--,2,1528,买盘
2722,11:02:51,7.64,--,30,22920,买盘
2723,11:02:48,7.64,0.01,152,116128,买盘
2724,11:02:45,7.63,--,49,37387,卖盘
2725,11:02:42,7.63,-0.01,3,2289,卖盘
2726,11:02:39,7.64,--,42,32088,买盘
2727,11:02:36,7.64,--,12,9168,买盘
2728,11:02:33,7.64,--,563,430132,卖盘
2729,11:02:30,7.64,--,19,14516,卖盘
2730,11:02:27,7.64,-0.01,37,28268,卖盘
2731,11:02:24,7.65,0.01,28,21420,买盘
2732,11:02:21,7.64,--,692,528688,买盘
2733,11:02:18,7.64,--,9,6876,买盘
2734,11:02:15,7.64,0.01,53,40492,买盘
2735,11:02:12,7.63,--,50,38150,卖盘
2736,11:02:06,7.63,--,30,22890,卖盘
2737,11:02:03,7.63,--,1,763,卖盘
2738,11:02:00,7.63,--,32,24416,买盘
2739,11:01:57,7.63,--,20,15260,买盘
2740,11:01:54,7.63,--,66,50358,买盘
2741,11:01:51,7.63,--,22,16786,买盘
2742,11:01:48,7.63,0.01,6,4578,买盘
2743,11:01:45,7.62,-0.01,9,6858,卖盘
2744,11:01:42,7.63,--,35,26705,卖盘
2745,11:01:39,7.63,-0.01,8,6104,卖盘
2746,11:01:36,7.64,--,146,111544,买盘
2747,11:01:33,7.64,0.01,8,6112,买盘
2748,11:01:30,7.63,--,3,2289,卖盘
2749,11:01:27,7.63,--,3,2289,卖盘
2750,11:01:24,7.63,-0.01,93,70959,卖盘
2751,11:01:21,7.64,--,69,52716,买盘
2752,11:01:18,7.64,0.01,4,3056,买盘
2753,11:01:15,7.63,--,13,9919,卖盘
2754,11:01:12,7.63,--,10,7630,卖盘
2755,11:01:06,7.63,--,3,2289,卖盘
2756,11:01:03,7.63,-0.01,1,763,卖盘
2757,11:01:00,7.64,0.02,8,6112,买盘
2758,11:00:57,7.62,-0.02,46,35052,卖盘
2759,11:00:51,7.64,--,6,4584,买盘
2760,11:00:48,7.64,0.02,36,27504,买盘
2761,11:00:42,7.62,--,4,3048,卖盘
2762,11:00:39,7.62,-0.02,182,138684,卖盘
2763,11:00:36,7.64,0.01,10,7640,买盘
2764,11:00:33,7.63,0.01,452,344876,买盘
2765,11:00:27,7.62,--,21,16002,卖盘
2766,11:00:24,7.62,--,1,762,卖盘
2767,11:00:21,7.62,-0.01,11,8382,卖盘
2768,11:00:18,7.63,0.01,23,17549,买盘
2769,11:00:15,7.62,-0.01,23,17526,卖盘
2770,11:00:12,7.63,--,135,103005,买盘
2771,11:00:09,7.63,--,5,3815,买盘
2772,11:00:06,7.63,--,45,34335,买盘
2773,11:00:03,7.63,--,26,19838,买盘
2774,10:59:54,7.63,--,65,49595,买盘
2775,10:59:51,7.63,-0.01,540,412020,卖盘
2776,10:59:48,7.64,--,80,61120,买盘
2777,10:59:42,7.64,0.01,143,109252,买盘
2778,10:59:39,7.63,--,21,16023,卖盘
2779,10:59:36,7.63,--,5,3815,卖盘
2780,10:59:33,7.63,--,17,12971,卖盘
2781,10:59:30,7.63,--,3,2289,卖盘
2782,10:59:27,7.63,-0.01,4,3052,卖盘
2783,10:59:24,7.64,0.01,36,27504,买盘
2784,10:59:21,7.63,--,73,55699,卖盘
2785,10:59:18,7.63,-0.01,4,3052,卖盘
2786,10:59:15,7.64,0.01,36,27504,买盘
2787,10:59:12,7.63,--,50,38150,卖盘
2788,10:59:09,7.63,--,26,19838,卖盘
2789,10:59:06,7.63,--,203,154889,卖盘
2790,10:59:03,7.63,-0.01,30,22890,卖盘
2791,10:59:00,7.64,--,36,27504,买盘
2792,10:58:57,7.64,--,5,3820,买盘
2793,10:58:54,7.64,--,32,24448,买盘
2794,10:58:51,7.64,--,71,54244,买盘
2795,10:58:48,7.64,0.01,7,5348,买盘
2796,10:58:45,7.63,--,279,212877,卖盘
2797,10:58:42,7.63,--,34,25942,卖盘
2798,10:58:39,7.63,0.01,20,15260,买盘
2799,10:58:36,7.62,-0.01,17,12954,卖盘
2800,10:58:33,7.63,0.01,5,3815,买盘
2801,10:58:30,7.62,--,136,103632,卖盘
2802,10:58:27,7.62,-0.01,19,14478,卖盘
2803,10:58:24,7.63,0.01,106,80878,买盘
2804,10:58:21,7.62,-0.01,50,38100,卖盘
2805,10:58:18,7.63,0.01,7,5341,买盘
2806,10:58:15,7.62,-0.01,23,17526,卖盘
2807,10:58:12,7.63,0.01,22,16786,买盘
2808,10:58:09,7.62,--,13,9906,卖盘
2809,10:58:06,7.62,--,3,2286,卖盘
2810,10:58:03,7.62,--,117,89154,卖盘
2811,10:57:57,7.62,-0.01,28,21336,卖盘
2812,10:57:54,7.63,-0.01,813,620319,卖盘
2813,10:57:51,7.64,0.01,143,109252,买盘
2814,10:57:48,7.63,-0.01,200,152600,卖盘
2815,10:57:45,7.64,-0.01,103,78692,卖盘
2816,10:57:42,7.65,0.02,42,32130,买盘
2817,10:57:39,7.63,--,110,83930,卖盘
2818,10:57:36,7.63,--,1004,766052,卖盘
2819,10:57:33,7.63,-0.01,4,3052,卖盘
2820,10:57:30,7.64,0.01,6,4584,买盘
2821,10:57:27,7.63,-0.02,13,9919,卖盘
2822,10:57:24,7.65,0.02,142,108630,买盘
2823,10:57:21,7.63,-0.01,58,44254,卖盘
2824,10:57:18,7.64,0.01,170,129880,买盘
2825,10:57:15,7.63,-0.01,6,4578,卖盘
2826,10:57:12,7.64,0.01,71,54244,中性盘
2827,10:57:09,7.63,-0.01,77,58751,卖盘
2828,10:57:06,7.64,0.01,20,15280,买盘
2829,10:57:03,7.63,-0.01,1,763,卖盘
2830,10:57:00,7.64,--,14,10696,卖盘
2831,10:56:57,7.64,-0.01,43,32852,卖盘
2832,10:56:51,7.65,--,144,110160,买盘
2833,10:56:48,7.65,--,24,18360,买盘
2834,10:56:45,7.65,0.01,17,13005,买盘
2835,10:56:42,7.64,-0.01,34,25976,卖盘
2836,10:56:39,7.65,0.01,15,11475,买盘
2837,10:56:36,7.64,-0.01,5,3820,卖盘
2838,10:56:33,7.65,0.01,13,9945,买盘
2839,10:56:27,7.64,--,70,53480,买盘
2840,10:56:24,7.64,0.01,58,44312,买盘
2841,10:56:21,7.63,-0.01,102,77826,卖盘
2842,10:56:18,7.64,0.01,4,3056,买盘
2843,10:56:15,7.63,--,6,4578,卖盘
2844,10:56:12,7.63,-0.01,30,22890,卖盘
2845,10:56:06,7.64,-0.01,32,24448,卖盘
2846,10:56:03,7.65,0.02,93,71145,买盘
2847,10:56:00,7.63,--,251,191513,卖盘
2848,10:55:57,7.63,--,36,27468,卖盘
2849,10:55:54,7.63,--,224,170912,卖盘
2850,10:55:51,7.63,--,63,48069,卖盘
2851,10:55:48,7.63,--,63,48069,卖盘
2852,10:55:45,7.63,--,40,30520,卖盘
2853,10:55:42,7.63,--,214,163282,卖盘
2854,10:55:39,7.63,-0.01,18,13734,卖盘
2855,10:55:36,7.64,--,11,8404,买盘
2856,10:55:33,7.64,0.01,3,2292,买盘
2857,10:55:30,7.63,-0.01,50,38150,卖盘
2858,10:55:27,7.64,0.01,21,16044,买盘
2859,10:55:24,7.63,-0.01,10,7630,卖盘
2860,10:55:21,7.64,--,70,53480,买盘
2861,10:55:18,7.64,0.01,14,10696,买盘
2862,10:55:12,7.63,--,11,8393,卖盘
2863,10:55:06,7.63,--,17,12971,卖盘
2864,10:55:03,7.63,--,213,162519,卖盘
2865,10:54:57,7.63,-0.01,169,128947,卖盘
2866,10:54:54,7.64,--,7,5348,买盘
2867,10:54:51,7.64,--,21,16044,买盘
2868,10:54:48,7.64,0.01,50,38200,买盘
2869,10:54:45,7.63,--,119,90797,卖盘
2870,10:54:42,7.63,--,3,2289,卖盘
2871,10:54:36,7.63,-0.01,9,6867,卖盘
2872,10:54:33,7.64,0.01,6,4584,买盘
2873,10:54:30,7.63,--,178,135814,卖盘
2874,10:54:27,7.63,--,45,34335,卖盘
2875,10:54:24,7.63,--,46,35098,卖盘
2876,10:54:21,7.63,-0.01,20,15260,卖盘
2877,10:54:18,7.64,--,5,3820,买盘
2878,10:54:15,7.64,0.01,83,63412,买盘
2879,10:54:12,7.63,--,44,33572,卖盘
2880,10:54:09,7.63,--,5,3815,卖盘
2881,10:54:06,7.63,-0.01,8,6104,卖盘
2882,10:54:03,7.64,0.01,171,130644,买盘
2883,10:54:00,7.63,-0.01,147,112161,卖盘
2884,10:53:57,7.64,0.01,10,7640,买盘
2885,10:53:54,7.63,-0.01,71,54173,卖盘
2886,10:53:51,7.64,--,12,9168,买盘
2887,10:53:48,7.64,--,61,46604,买盘
2888,10:53:45,7.64,-0.01,23,17572,买盘
2889,10:53:42,7.65,--,420,321300,买盘
2890,10:53:36,7.65,0.01,145,110925,买盘
