,time,price,change,volume,amount,type
0,15:00:03,11.89,-0.01,2797,3325633,中性盘
1,14:57:00,11.9,0.02,11,13090,买盘
2,14:56:54,11.88,-0.02,3,3564,卖盘
3,14:56:51,11.9,--,28,33320,买盘
4,14:56:48,11.9,0.02,23,27370,买盘
5,14:56:42,11.88,-0.03,22,26136,卖盘
6,14:56:36,11.91,0.03,8,9528,买盘
7,14:56:33,11.88,-0.03,53,62964,中性盘
8,14:56:30,11.91,--,59,70269,买盘
9,14:56:27,11.91,--,50,59550,买盘
10,14:56:24,11.91,-0.01,690,822504,卖盘
11,14:56:21,11.92,0.01,10,11920,买盘
12,14:56:18,11.91,--,55,65505,卖盘
13,14:56:15,11.91,--,37,44067,卖盘
14,14:56:09,11.91,-0.01,11,13577,中性盘
15,14:56:06,11.92,0.01,5787,6898104,买盘
16,14:56:03,11.91,--,27,32157,卖盘
17,14:55:57,11.91,--,24,28584,卖盘
18,14:55:54,11.91,-0.01,39,46449,卖盘
19,14:55:51,11.92,--,17,20264,买盘
20,14:55:45,11.92,0.01,55,65560,买盘
21,14:55:42,11.91,-0.01,159,189369,卖盘
22,14:55:39,11.92,--,65,77480,买盘
23,14:55:36,11.92,0.01,126,150192,买盘
24,14:55:33,11.91,--,192,228672,卖盘
25,14:55:30,11.91,-0.01,66,78606,卖盘
26,14:55:24,11.92,0.01,70,83440,买盘
27,14:55:15,11.91,--,46,54786,卖盘
28,14:55:12,11.91,--,58,69078,卖盘
29,14:55:09,11.91,0.01,574,683872,买盘
30,14:55:06,11.9,-0.01,65,77350,卖盘
31,14:55:03,11.91,--,10,11910,买盘
32,14:55:00,11.91,0.01,148,176268,买盘
33,14:54:57,11.9,-0.01,13,15470,卖盘
34,14:54:54,11.91,0.01,120,142920,买盘
35,14:54:48,11.9,--,33,39270,卖盘
36,14:54:45,11.9,-0.01,5,5950,卖盘
37,14:54:42,11.91,0.01,30,35730,买盘
38,14:54:39,11.9,--,83,98770,卖盘
39,14:54:36,11.9,--,29,34510,卖盘
40,14:54:33,11.9,--,212,252280,卖盘
41,14:54:30,11.9,--,53,63070,卖盘
42,14:54:24,11.9,-0.01,50,59500,卖盘
43,14:54:21,11.91,0.01,6,7146,买盘
44,14:54:15,11.9,-0.01,9,10710,卖盘
45,14:54:12,11.91,--,30,35730,买盘
46,14:54:09,11.91,0.01,110,131010,买盘
47,14:54:03,11.9,--,35,41650,卖盘
48,14:54:00,11.9,--,23,27370,卖盘
49,14:53:54,11.9,--,29,34510,卖盘
50,14:53:48,11.9,--,2,2380,卖盘
51,14:53:45,11.9,-0.01,7,8330,卖盘
52,14:53:42,11.91,0.01,200,238200,买盘
53,14:53:39,11.9,--,213,253470,卖盘
54,14:53:36,11.9,--,9,10710,卖盘
55,14:53:33,11.9,--,30,35700,卖盘
56,14:53:30,11.9,-0.01,40,47600,卖盘
57,14:53:27,11.91,0.01,10,11910,买盘
58,14:53:24,11.9,-0.01,82,97580,卖盘
59,14:53:21,11.91,0.01,46,54786,买盘
60,14:53:18,11.9,-0.01,22,26180,卖盘
61,14:53:15,11.91,0.01,40,47640,买盘
62,14:53:12,11.9,-0.01,261,310590,卖盘
63,14:53:09,11.91,0.01,138,164358,买盘
64,14:53:06,11.9,--,4,4760,卖盘
65,14:53:03,11.9,-0.01,10,11900,卖盘
66,14:53:00,11.91,0.01,29,34539,买盘
67,14:52:57,11.9,--,72,85680,卖盘
68,14:52:54,11.9,--,100,119000,卖盘
69,14:52:48,11.9,-0.01,40,47600,卖盘
70,14:52:45,11.91,0.01,53,63123,买盘
71,14:52:42,11.9,-0.01,38,45220,卖盘
72,14:52:39,11.91,0.01,9,10719,买盘
73,14:52:33,11.9,--,14,16660,卖盘
74,14:52:30,11.9,--,98,116620,卖盘
75,14:52:27,11.9,--,5,5950,卖盘
76,14:52:24,11.9,--,20,23800,卖盘
77,14:52:18,11.9,--,81,96390,卖盘
78,14:52:15,11.9,--,498,592620,买盘
79,14:52:12,11.9,0.01,191,227290,买盘
80,14:52:09,11.89,-0.01,27,32103,卖盘
81,14:52:06,11.9,--,53,63070,买盘
82,14:52:03,11.9,--,40,47600,买盘
83,14:52:00,11.9,--,36,42840,买盘
84,14:51:57,11.9,0.01,168,199920,买盘
85,14:51:54,11.89,--,100,119375,卖盘
86,14:51:51,11.89,--,34,40426,卖盘
87,14:51:48,11.89,--,21,24969,卖盘
88,14:51:45,11.89,--,405,481545,卖盘
89,14:51:42,11.89,--,50,59450,卖盘
90,14:51:39,11.89,--,172,204508,卖盘
91,14:51:36,11.89,--,79,93931,卖盘
92,14:51:33,11.89,--,24,28536,卖盘
93,14:51:30,11.89,--,359,426851,卖盘
94,14:51:27,11.89,-0.01,34,40426,卖盘
95,14:51:24,11.9,--,50,59500,买盘
96,14:51:21,11.9,--,46,54740,买盘
97,14:51:18,11.9,--,197,234430,买盘
98,14:51:15,11.9,0.01,61,72590,买盘
99,14:51:12,11.89,--,50,59450,卖盘
100,14:51:09,11.89,-0.01,100,118900,卖盘
101,14:51:06,11.9,0.01,36,42840,买盘
102,14:51:03,11.89,-0.01,47,55883,卖盘
103,14:51:00,11.9,--,162,192780,卖盘
104,14:50:57,11.9,--,29,34510,卖盘
105,14:50:54,11.9,-0.01,15,17850,中性盘
106,14:50:51,11.91,0.02,101,120291,买盘
107,14:50:45,11.89,-0.01,26,30914,卖盘
108,14:50:42,11.9,--,75,89250,卖盘
109,14:50:39,11.9,--,347,412930,买盘
110,14:50:36,11.9,0.01,23,27370,买盘
111,14:50:33,11.89,--,73,86797,卖盘
112,14:50:30,11.89,-0.01,46,54694,卖盘
113,14:50:27,11.9,0.01,15,17850,买盘
114,14:50:24,11.89,--,32,38048,卖盘
115,14:50:21,11.89,--,7,8323,卖盘
116,14:50:18,11.89,--,5,5945,卖盘
117,14:50:15,11.89,--,15,17835,卖盘
118,14:50:09,11.89,--,20,23780,卖盘
119,14:50:06,11.89,--,62,73718,卖盘
120,14:50:03,11.89,--,31,36859,卖盘
121,14:50:00,11.89,--,79,93931,卖盘
122,14:49:57,11.89,--,51,60639,卖盘
123,14:49:54,11.89,-0.01,179,212831,卖盘
124,14:49:51,11.9,0.01,10,11900,买盘
125,14:49:48,11.89,--,110,130790,卖盘
126,14:49:42,11.89,-0.01,32,38048,卖盘
127,14:49:39,11.9,--,44,52360,买盘
128,14:49:36,11.9,-0.01,26,30940,买盘
129,14:49:30,11.91,--,21,25249,卖盘
130,14:49:27,11.91,0.02,3,4525,中性盘
131,14:49:18,11.89,-0.02,137,162893,卖盘
132,14:49:15,11.91,--,5,5955,卖盘
133,14:49:09,11.91,--,30,35730,卖盘
134,14:49:06,11.91,--,110,131010,卖盘
135,14:49:03,11.91,--,20,23820,卖盘
136,14:49:00,11.91,--,99,117909,卖盘
137,14:48:57,11.91,0.01,191,228433,买盘
138,14:48:54,11.9,-0.01,164,195160,卖盘
139,14:48:51,11.91,0.01,24,28584,买盘
140,14:48:48,11.9,--,54,64260,卖盘
141,14:48:45,11.9,-0.01,49,58310,卖盘
142,14:48:42,11.91,0.01,61,72651,买盘
143,14:48:36,11.9,--,22,26180,买盘
144,14:48:30,11.9,--,171,203490,卖盘
145,14:48:27,11.9,--,82,97580,卖盘
146,14:48:24,11.9,--,53,63070,卖盘
147,14:48:21,11.9,--,12,14280,卖盘
148,14:48:18,11.9,-0.01,112,133280,卖盘
149,14:48:12,11.91,--,8,9528,买盘
150,14:48:09,11.91,0.01,81,96471,买盘
151,14:48:06,11.9,--,289,343910,卖盘
152,14:48:03,11.9,-0.01,143,170170,卖盘
153,14:48:00,11.91,--,5,5955,买盘
154,14:47:57,11.91,--,29,34539,买盘
155,14:47:54,11.91,0.01,20,23820,买盘
156,14:47:51,11.9,--,104,123760,卖盘
157,14:47:48,11.9,-0.01,68,80920,卖盘
158,14:47:45,11.91,--,172,204852,买盘
159,14:47:36,11.91,0.01,15,17865,买盘
160,14:47:33,11.9,-0.01,5,5950,卖盘
161,14:47:30,11.91,0.01,5,5955,买盘
162,14:47:27,11.9,--,15,17850,卖盘
163,14:47:24,11.9,--,28,33320,卖盘
164,14:47:21,11.9,--,27,32130,卖盘
165,14:47:18,11.9,--,3,3570,卖盘
166,14:47:09,11.9,--,4,4760,卖盘
167,14:47:06,11.9,-0.01,5,5950,卖盘
168,14:46:54,11.91,--,143,170313,买盘
169,14:46:51,11.91,0.01,74,88134,买盘
170,14:46:45,11.9,--,21,24990,卖盘
171,14:46:42,11.9,--,264,314160,卖盘
172,14:46:39,11.9,-0.02,28,33320,卖盘
173,14:46:36,11.92,0.02,105,125160,买盘
174,14:46:30,11.9,-0.01,292,347480,卖盘
175,14:46:27,11.91,--,98,116718,卖盘
176,14:46:24,11.91,--,40,48390,卖盘
177,14:46:21,11.91,--,26,30966,卖盘
178,14:46:18,11.91,--,7,8337,卖盘
179,14:46:15,11.91,--,3,3573,卖盘
180,14:46:12,11.91,--,146,173886,卖盘
181,14:46:06,11.91,--,32,38112,卖盘
182,14:46:03,11.91,--,39,46449,卖盘
183,14:45:57,11.91,--,12,14292,卖盘
184,14:45:54,11.91,--,158,188178,卖盘
185,14:45:51,11.91,--,10,11910,卖盘
186,14:45:48,11.91,--,20,23820,卖盘
187,14:45:45,11.91,--,7,8337,卖盘
188,14:45:42,11.91,--,30,35730,卖盘
189,14:45:39,11.91,--,101,120291,卖盘
190,14:45:36,11.91,--,31,36921,卖盘
191,14:45:33,11.91,--,103,122982,卖盘
192,14:45:27,11.91,--,130,154830,卖盘
193,14:45:24,11.91,-0.01,9,10719,卖盘
194,14:45:18,11.92,--,9,10728,买盘
195,14:45:15,11.92,0.01,233,277736,买盘
196,14:45:12,11.91,--,40,47640,卖盘
197,14:45:09,11.91,-0.01,76,90516,卖盘
198,14:45:06,11.92,--,5,5960,买盘
199,14:45:03,11.92,0.01,8,9536,买盘
200,14:45:00,11.91,--,14,16674,卖盘
201,14:44:57,11.91,--,40,47640,卖盘
202,14:44:48,11.91,--,3,3573,卖盘
203,14:44:45,11.91,--,17,20247,卖盘
204,14:44:42,11.91,0.01,42,50022,中性盘
205,14:44:36,11.9,--,113,134779,卖盘
206,14:44:33,11.9,--,18,21420,卖盘
207,14:44:27,11.9,-0.02,3,4057,卖盘
208,14:44:24,11.92,--,13,15496,卖盘
209,14:44:21,11.92,0.02,10,11920,卖盘
210,14:44:18,11.9,-0.02,1731,2059890,卖盘
211,14:44:15,11.92,-0.01,18,21456,卖盘
212,14:44:12,11.93,--,4,4772,买盘
213,14:44:09,11.93,0.01,15,17895,买盘
214,14:44:06,11.92,-0.01,30,35760,卖盘
215,14:44:03,11.93,--,1,1193,买盘
216,14:44:00,11.93,0.01,69,82317,买盘
217,14:43:51,11.92,-0.01,11,13112,卖盘
218,14:43:48,11.93,0.01,9,10737,买盘
219,14:43:45,11.92,--,88,104896,卖盘
220,14:43:42,11.92,-0.01,12,14304,卖盘
221,14:43:39,11.93,--,200,239470,卖盘
222,14:43:36,11.93,--,102,122008,卖盘
223,14:43:33,11.93,-0.01,1,1193,卖盘
224,14:43:30,11.94,0.01,5,5970,买盘
225,14:43:27,11.93,-0.01,40,47720,卖盘
226,14:43:18,11.94,--,1,1194,买盘
227,14:43:12,11.94,--,5,5970,买盘
228,14:43:06,11.94,--,138,164772,卖盘
229,14:43:03,11.94,--,689,822666,卖盘
230,14:43:00,11.94,--,105,125370,卖盘
231,14:42:54,11.94,--,96,114624,卖盘
232,14:42:51,11.94,--,52,62088,卖盘
233,14:42:48,11.94,--,85,101490,卖盘
234,14:42:45,11.94,--,7,8358,卖盘
235,14:42:42,11.94,0.02,1168,1394592,买盘
236,14:42:39,11.92,--,117,139773,卖盘
237,14:42:36,11.92,--,18,21456,卖盘
238,14:42:33,11.92,--,6,7152,卖盘
239,14:42:30,11.92,--,20,23840,卖盘
240,14:42:27,11.92,0.02,32,38144,卖盘
241,14:42:24,11.9,-0.01,248,295120,卖盘
242,14:42:21,11.91,--,135,160785,卖盘
243,14:42:15,11.91,-0.01,58,69078,卖盘
244,14:42:12,11.92,0.01,38,45296,买盘
245,14:42:09,11.91,-0.01,10,11910,卖盘
246,14:42:06,11.92,0.01,7,8344,买盘
247,14:42:03,11.91,--,31,36921,卖盘
248,14:41:57,11.91,--,6,7146,卖盘
249,14:41:48,11.91,--,3,3573,卖盘
250,14:41:45,11.91,-0.01,9,10719,卖盘
251,14:41:39,11.92,0.01,147,175545,买盘
252,14:41:36,11.91,--,7,8337,卖盘
253,14:41:30,11.91,-0.01,2,2382,卖盘
254,14:41:24,11.92,--,31,36952,买盘
255,14:41:21,11.92,0.01,11,13112,买盘
256,14:41:18,11.91,--,120,142920,卖盘
257,14:41:15,11.91,--,16,19056,卖盘
258,14:41:12,11.91,--,77,91707,卖盘
259,14:41:09,11.91,-0.01,5,5955,卖盘
260,14:41:06,11.92,0.01,39,46488,买盘
261,14:41:03,11.91,--,36,42876,卖盘
262,14:40:57,11.91,--,28,33348,卖盘
263,14:40:54,11.91,--,27,32157,卖盘
264,14:40:51,11.91,--,12,14292,卖盘
265,14:40:48,11.91,-0.01,97,115527,卖盘
266,14:40:45,11.92,0.01,28,33376,买盘
267,14:40:42,11.91,-0.01,114,136083,卖盘
268,14:40:36,11.92,--,2,2384,买盘
269,14:40:33,11.92,0.01,39,46488,买盘
270,14:40:24,11.91,-0.01,60,71460,卖盘
271,14:40:21,11.92,--,188,224096,卖盘
272,14:40:15,11.92,-0.01,2,2384,卖盘
273,14:40:12,11.93,0.01,36,42948,买盘
274,14:40:09,11.92,0.01,35,41720,买盘
275,14:40:03,11.91,--,29,34539,卖盘
276,14:40:00,11.91,-0.02,25,29775,卖盘
277,14:39:57,11.93,0.01,6,7158,买盘
278,14:39:51,11.92,--,120,143040,卖盘
279,14:39:48,11.92,--,5,5960,卖盘
280,14:39:45,11.92,--,104,124289,卖盘
281,14:39:42,11.92,--,2,2384,卖盘
282,14:39:39,11.92,-0.01,56,66752,买盘
283,14:39:36,11.93,--,23,27439,卖盘
284,14:39:33,11.93,--,11,13123,卖盘
285,14:39:30,11.93,0.02,166,198038,买盘
286,14:39:27,11.91,--,17,20247,卖盘
287,14:39:24,11.91,--,26,30966,卖盘
288,14:39:18,11.91,--,95,113145,卖盘
289,14:39:15,11.91,-0.02,8,9528,卖盘
290,14:39:12,11.93,0.02,12,14316,买盘
291,14:39:09,11.91,-0.01,77,91707,卖盘
292,14:39:06,11.92,-0.01,31,36952,买盘
293,14:39:00,11.93,0.02,20,23860,买盘
294,14:38:54,11.91,-0.01,86,102426,卖盘
295,14:38:51,11.92,--,26,30992,卖盘
296,14:38:45,11.92,--,120,143349,卖盘
297,14:38:42,11.92,-0.01,42,50064,中性盘
298,14:38:33,11.93,0.02,10,11930,买盘
299,14:38:30,11.91,-0.02,7,8337,卖盘
300,14:38:27,11.93,0.01,59,70387,买盘
301,14:38:24,11.92,--,80,95360,买盘
302,14:38:21,11.92,--,10,11920,买盘
303,14:38:15,11.92,--,10,11920,买盘
304,14:38:12,11.92,-0.01,7,8344,买盘
305,14:38:09,11.93,0.01,14,16702,买盘
306,14:38:06,11.92,--,30,35760,买盘
307,14:38:03,11.92,--,50,59600,买盘
308,14:38:00,11.92,0.01,17,20264,买盘
309,14:37:54,11.91,--,7,8337,卖盘
310,14:37:51,11.91,--,104,124185,卖盘
311,14:37:48,11.91,--,83,98853,卖盘
312,14:37:45,11.91,-0.01,18,21438,卖盘
313,14:37:42,11.92,--,5,5960,买盘
314,14:37:39,11.92,0.01,13,15496,买盘
315,14:37:36,11.91,-0.01,9,10719,卖盘
316,14:37:33,11.92,0.01,74,88208,买盘
317,14:37:30,11.91,-0.01,14,16674,卖盘
318,14:37:27,11.92,0.01,43,51256,买盘
319,14:37:18,11.91,-0.01,64,76224,卖盘
320,14:37:15,11.92,--,53,63176,买盘
321,14:37:12,11.92,--,8,9536,买盘
322,14:37:09,11.92,0.01,18,21456,买盘
323,14:37:06,11.91,-0.01,2,2382,卖盘
324,14:37:03,11.92,0.01,32,38144,买盘
325,14:37:00,11.91,--,41,48831,卖盘
326,14:36:57,11.91,--,100,119100,卖盘
327,14:36:54,11.91,--,1,1191,卖盘
328,14:36:51,11.91,-0.02,86,102735,卖盘
329,14:36:48,11.93,0.02,36,42948,买盘
330,14:36:45,11.91,-0.02,61,72651,卖盘
331,14:36:42,11.93,--,44,52492,买盘
332,14:36:36,11.93,0.02,8,9544,买盘
333,14:36:33,11.91,-0.02,26,30966,卖盘
334,14:36:30,11.93,--,16,19088,买盘
335,14:36:27,11.93,0.02,22,26246,买盘
336,14:36:24,11.91,--,641,763431,卖盘
337,14:36:21,11.91,-0.02,31,36921,卖盘
338,14:36:12,11.93,0.02,20,23860,买盘
339,14:36:09,11.91,-0.01,66,78606,卖盘
340,14:36:06,11.92,-0.01,9,10728,买盘
341,14:36:03,11.93,0.02,28,33404,买盘
342,14:35:57,11.91,-0.01,68,80988,卖盘
343,14:35:54,11.92,0.01,6,7152,买盘
344,14:35:51,11.91,-0.01,76,90837,卖盘
345,14:35:45,11.92,--,9,10728,卖盘
346,14:35:39,11.92,0.01,38,45296,中性盘
347,14:35:36,11.91,--,13,15483,卖盘
348,14:35:33,11.91,-0.01,33,39303,卖盘
349,14:35:30,11.92,-0.01,114,135888,卖盘
350,14:35:27,11.93,--,28,33404,买盘
351,14:35:21,11.93,--,113,134809,买盘
352,14:35:18,11.93,0.01,25,29825,买盘
353,14:35:15,11.92,-0.01,101,120392,卖盘
354,14:35:12,11.93,0.01,10,11930,买盘
355,14:35:06,11.92,-0.01,51,60792,卖盘
356,14:35:03,11.93,--,74,88282,买盘
357,14:35:00,11.93,0.02,11,13123,买盘
358,14:34:57,11.91,--,9,10719,卖盘
359,14:34:54,11.91,--,76,90825,卖盘
360,14:34:51,11.91,--,100,119100,卖盘
361,14:34:48,11.91,-0.01,262,312994,卖盘
362,14:34:45,11.92,0.01,16,19072,买盘
363,14:34:42,11.91,-0.01,14,16674,卖盘
364,14:34:39,11.92,--,33,39336,买盘
365,14:34:36,11.92,0.01,20,23840,买盘
366,14:34:30,11.91,-0.01,5,5955,卖盘
367,14:34:27,11.92,--,9,10728,买盘
368,14:34:24,11.92,--,50,59600,买盘
369,14:34:21,11.92,0.02,5,5960,买盘
370,14:34:18,11.9,--,11,13090,卖盘
371,14:34:15,11.9,--,114,135660,卖盘
372,14:34:12,11.9,-0.01,127,151130,卖盘
373,14:34:09,11.91,--,40,48509,卖盘
374,14:34:06,11.91,--,56,66696,卖盘
375,14:34:03,11.91,--,50,59550,卖盘
376,14:34:00,11.91,--,11,13101,卖盘
377,14:33:57,11.91,--,76,90837,卖盘
378,14:33:54,11.91,-0.01,28,33348,卖盘
379,14:33:51,11.92,--,11,13112,买盘
380,14:33:48,11.92,0.01,6,7152,买盘
381,14:33:45,11.91,--,11,13101,卖盘
382,14:33:42,11.91,--,99,117909,卖盘
383,14:33:36,11.91,--,54,64314,卖盘
384,14:33:30,11.91,-0.01,18,21438,卖盘
385,14:33:27,11.92,0.01,22,26224,买盘
386,14:33:24,11.91,--,6,7146,卖盘
387,14:33:21,11.91,--,200,238200,卖盘
388,14:33:15,11.91,-0.02,1,1191,卖盘
389,14:33:03,11.93,--,43,51299,买盘
390,14:33:00,11.93,0.02,31,36983,买盘
391,14:32:57,11.91,-0.02,78,93207,卖盘
392,14:32:54,11.93,0.02,19,22667,买盘
393,14:32:51,11.91,-0.02,37,44067,卖盘
394,14:32:48,11.93,0.01,5,5965,买盘
395,14:32:45,11.92,0.01,10,11920,买盘
396,14:32:42,11.91,--,100,119100,卖盘
397,14:32:39,11.91,--,7,8337,卖盘
398,14:32:36,11.91,-0.01,231,275121,卖盘
399,14:32:33,11.92,0.01,10,11920,买盘
400,14:32:21,11.91,--,7,8337,卖盘
401,14:32:18,11.91,-0.01,22,26202,卖盘
402,14:32:15,11.92,--,2,2384,买盘
403,14:32:09,11.92,0.01,6,7152,买盘
404,14:32:06,11.91,-0.01,36,42876,卖盘
405,14:32:03,11.92,0.01,46,54832,买盘
406,14:32:00,11.91,-0.01,102,121803,卖盘
407,14:31:57,11.92,0.01,38,45296,买盘
408,14:31:54,11.91,-0.01,23,27393,卖盘
409,14:31:45,11.92,0.01,87,103704,买盘
410,14:31:42,11.91,--,105,125055,卖盘
411,14:31:39,11.91,-0.01,1,1191,卖盘
412,14:31:36,11.92,0.01,320,381440,买盘
413,14:31:27,11.91,-0.02,40,47640,卖盘
414,14:31:24,11.93,0.02,64,76352,买盘
415,14:31:21,11.91,--,3,3573,卖盘
416,14:31:12,11.91,-0.01,13,15483,卖盘
417,14:31:06,11.92,0.01,3,3576,买盘
418,14:31:03,11.91,-0.02,5,5955,卖盘
419,14:31:00,11.93,--,100,119610,买盘
420,14:30:57,11.93,0.01,98,116914,买盘
421,14:30:54,11.92,--,11,13112,卖盘
422,14:30:51,11.92,--,15,17880,卖盘
423,14:30:45,11.92,--,253,301576,卖盘
424,14:30:42,11.92,--,31,36952,卖盘
425,14:30:39,11.92,-0.01,34,40528,卖盘
426,14:30:36,11.93,--,53,63229,买盘
427,14:30:33,11.93,0.01,8,9544,买盘
428,14:30:30,11.92,-0.01,178,212176,卖盘
429,14:30:27,11.93,--,30,35790,买盘
430,14:30:24,11.93,0.01,52,62036,卖盘
431,14:30:21,11.92,-0.02,97,115624,卖盘
432,14:30:15,11.94,0.01,38,45694,买盘
433,14:30:12,11.93,--,8,9544,买盘
434,14:30:09,11.93,--,51,60843,买盘
435,14:30:06,11.93,--,129,153897,买盘
436,14:30:03,11.93,--,0,870,卖盘
437,14:30:00,11.93,--,76,90990,卖盘
438,14:29:54,11.93,--,44,52492,卖盘
439,14:29:48,11.93,--,11,13123,卖盘
440,14:29:45,11.93,-0.01,85,101405,卖盘
441,14:29:42,11.94,0.01,47,56118,中性盘
442,14:29:39,11.93,--,1,1193,卖盘
443,14:29:36,11.93,-0.01,76,90978,卖盘
444,14:29:33,11.94,--,6,7164,买盘
445,14:29:27,11.94,-0.01,10,11940,中性盘
446,14:29:24,11.95,--,67,80065,买盘
447,14:29:21,11.95,--,10,11950,买盘
448,14:29:18,11.95,0.01,15,17925,买盘
449,14:29:12,11.94,0.01,30,35820,买盘
450,14:29:09,11.93,--,33,39369,卖盘
451,14:29:06,11.93,--,40,47720,卖盘
452,14:28:57,11.93,-0.01,432,515376,卖盘
453,14:28:54,11.94,--,2,2388,卖盘
454,14:28:51,11.94,--,43,51342,卖盘
455,14:28:48,11.94,0.01,228,272470,买盘
456,14:28:45,11.93,--,14,16702,卖盘
457,14:28:42,11.93,--,208,249229,卖盘
458,14:28:39,11.93,--,11,13123,卖盘
459,14:28:36,11.93,--,6,7158,卖盘
460,14:28:33,11.93,-0.01,3,3579,卖盘
461,14:28:27,11.94,--,10,11940,买盘
462,14:28:24,11.94,--,9,10746,买盘
463,14:28:18,11.94,--,37,44178,买盘
464,14:28:15,11.94,0.01,109,130468,买盘
465,14:28:12,11.93,-0.02,25,30516,卖盘
466,14:28:09,11.95,0.01,16,19120,买盘
467,14:28:06,11.94,--,61,73335,买盘
468,14:28:03,11.94,0.01,1,1194,买盘
469,14:27:57,11.93,-0.01,1,1193,卖盘
470,14:27:54,11.94,0.01,4,4776,买盘
471,14:27:51,11.93,-0.02,81,96633,卖盘
472,14:27:48,11.95,0.01,33,39435,买盘
473,14:27:45,11.94,--,17,20298,卖盘
474,14:27:42,11.94,--,54,64476,买盘
475,14:27:39,11.94,0.01,22,26268,买盘
476,14:27:36,11.93,--,76,90668,卖盘
477,14:27:33,11.93,-0.01,7,8351,卖盘
478,14:27:30,11.94,0.01,8,9552,买盘
479,14:27:27,11.93,--,10,11930,卖盘
480,14:27:24,11.93,--,26,31018,卖盘
481,14:27:21,11.93,-0.01,52,62036,卖盘
482,14:27:18,11.94,0.01,37,44178,买盘
483,14:27:15,11.93,-0.01,2,2386,卖盘
484,14:27:12,11.94,--,22,26268,买盘
485,14:27:09,11.94,-0.01,25,29850,买盘
486,14:27:06,11.95,0.01,32,38240,买盘
487,14:27:03,11.94,--,46,54924,买盘
488,14:26:57,11.94,--,32,38208,买盘
489,14:26:54,11.94,0.01,51,60894,买盘
490,14:26:48,11.93,-0.02,82,97826,卖盘
491,14:26:45,11.95,0.01,9,10755,买盘
492,14:26:42,11.94,--,64,76416,卖盘
493,14:26:39,11.94,--,23,27462,卖盘
494,14:26:36,11.94,--,115,137310,卖盘
495,14:26:33,11.94,--,12,14328,卖盘
496,14:26:30,11.94,--,4,4776,买盘
497,14:26:24,11.94,--,8,9552,卖盘
498,14:26:21,11.94,--,4,4776,买盘
499,14:26:18,11.94,0.01,8,9552,买盘
500,14:26:15,11.93,-0.01,29,34597,卖盘
501,14:26:12,11.94,--,31,37014,卖盘
502,14:26:09,11.94,-0.01,713,851322,卖盘
503,14:26:06,11.95,--,18,21510,买盘
504,14:26:03,11.95,0.02,31,37045,买盘
505,14:25:54,11.93,--,13,15509,卖盘
506,14:25:51,11.93,-0.01,30,35790,卖盘
507,14:25:48,11.94,0.01,4,4776,买盘
508,14:25:45,11.93,-0.01,65,77545,卖盘
509,14:25:42,11.94,0.01,15,17910,买盘
510,14:25:39,11.93,0.01,91,108920,买盘
511,14:25:36,11.92,-0.01,8,9536,卖盘
512,14:25:33,11.93,0.01,50,59650,买盘
513,14:25:30,11.92,--,193,230056,卖盘
514,14:25:27,11.92,--,71,84632,卖盘
515,14:25:24,11.92,-0.01,664,791488,卖盘
516,14:25:21,11.93,--,2,2386,买盘
517,14:25:18,11.93,0.01,114,136002,买盘
518,14:25:15,11.92,-0.01,63,75096,卖盘
519,14:25:12,11.93,--,30,35790,买盘
520,14:25:09,11.93,--,74,88282,买盘
521,14:25:06,11.93,--,47,56071,买盘
522,14:25:00,11.93,--,27,32211,买盘
523,14:24:57,11.93,--,14,16702,买盘
524,14:24:51,11.93,--,1,1193,买盘
525,14:24:48,11.93,0.01,13,15509,买盘
526,14:24:45,11.92,--,14,16688,卖盘
527,14:24:42,11.92,--,45,53640,卖盘
528,14:24:39,11.92,--,90,107280,卖盘
529,14:24:36,11.92,--,8,9536,卖盘
530,14:24:33,11.92,-0.01,5,5960,卖盘
531,14:24:30,11.93,0.01,8,9544,买盘
532,14:24:27,11.92,--,37,44104,卖盘
533,14:24:21,11.92,-0.01,13,15496,卖盘
534,14:24:18,11.93,-0.02,1703,2032848,卖盘
535,14:24:15,11.95,-0.01,106,126669,卖盘
536,14:24:12,11.96,0.01,10,11960,买盘
537,14:24:09,11.95,--,11,13145,卖盘
538,14:24:06,11.95,--,40,47800,卖盘
539,14:24:03,11.95,-0.01,373,445735,卖盘
540,14:24:00,11.96,0.01,39,46644,买盘
541,14:23:57,11.95,--,25,29875,卖盘
542,14:23:54,11.95,--,263,315169,卖盘
543,14:23:51,11.95,--,32,38240,卖盘
544,14:23:48,11.95,--,40,47800,卖盘
545,14:23:45,11.95,-0.01,17,20315,卖盘
546,14:23:42,11.96,0.01,6,7176,买盘
547,14:23:36,11.95,--,28,33460,卖盘
548,14:23:33,11.95,-0.01,22,26290,卖盘
549,14:23:30,11.96,0.01,14,16744,买盘
550,14:23:27,11.95,-0.01,5,5975,卖盘
551,14:23:24,11.96,0.01,4,4784,买盘
552,14:23:21,11.95,--,2,2390,卖盘
553,14:23:18,11.95,-0.01,5,5975,卖盘
554,14:23:15,11.96,0.01,24,28704,买盘
555,14:23:12,11.95,--,61,72895,卖盘
556,14:23:09,11.95,--,217,259314,卖盘
557,14:23:06,11.95,--,99,118305,卖盘
558,14:23:03,11.95,-0.01,13,15534,卖盘
559,14:23:00,11.96,--,50,59800,买盘
560,14:22:57,11.96,0.01,5,5980,买盘
561,14:22:54,11.95,-0.01,2,2390,卖盘
562,14:22:51,11.96,0.01,31,37076,买盘
563,14:22:48,11.95,--,10,11950,卖盘
564,14:22:45,11.95,-0.01,51,60945,卖盘
565,14:22:42,11.96,--,16,19136,买盘
566,14:22:39,11.96,0.01,45,53820,买盘
567,14:22:33,11.95,--,27,32264,卖盘
568,14:22:30,11.95,--,134,160130,买盘
569,14:22:27,11.95,--,2,2390,买盘
570,14:22:21,11.95,--,20,23900,买盘
571,14:22:18,11.95,0.01,31,37045,买盘
572,14:22:15,11.94,-0.02,30,35820,卖盘
573,14:22:12,11.96,0.01,332,397072,买盘
574,14:22:06,11.95,--,9,10755,买盘
575,14:22:03,11.95,--,18,21510,买盘
576,14:22:00,11.95,--,13,15534,买盘
577,14:21:57,11.95,--,70,83650,买盘
578,14:21:54,11.95,--,2,2390,买盘
579,14:21:51,11.95,--,25,29875,买盘
580,14:21:48,11.95,-0.01,6,7170,中性盘
581,14:21:45,11.96,--,195,233220,买盘
582,14:21:42,11.96,0.01,2,2392,买盘
583,14:21:39,11.95,--,9,10755,卖盘
584,14:21:36,11.95,--,41,48995,卖盘
585,14:21:33,11.95,--,42,50190,卖盘
586,14:21:30,11.95,--,33,39769,买盘
587,14:21:27,11.95,--,46,54970,买盘
588,14:21:24,11.95,--,905,1081475,买盘
589,14:21:21,11.95,--,22,26290,买盘
590,14:21:18,11.95,0.01,20,23900,买盘
591,14:21:15,11.94,-0.02,51,60894,卖盘
592,14:21:12,11.96,--,46,55016,买盘
593,14:21:09,11.96,0.01,51,60996,买盘
594,14:21:06,11.95,-0.01,79,94405,卖盘
595,14:21:00,11.96,0.01,76,90896,买盘
596,14:20:57,11.95,-0.01,52,62139,中性盘
597,14:20:54,11.96,0.01,53,63388,买盘
598,14:20:51,11.95,-0.01,33,39435,卖盘
599,14:20:48,11.96,0.01,157,187772,买盘
600,14:20:45,11.95,--,9,10755,卖盘
601,14:20:42,11.95,-0.01,10,11950,卖盘
602,14:20:39,11.96,0.01,515,615940,买盘
603,14:20:36,11.95,-0.01,146,175569,卖盘
604,14:20:33,11.96,0.01,12,14352,买盘
605,14:20:30,11.95,--,225,268970,卖盘
606,14:20:27,11.95,-0.01,1059,1265505,卖盘
607,14:20:24,11.96,0.01,12,14352,买盘
608,14:20:21,11.95,--,25,29875,买盘
609,14:20:18,11.95,--,7,8365,买盘
610,14:20:15,11.95,--,2,2390,买盘
611,14:20:12,11.95,--,188,224660,买盘
612,14:20:09,11.95,-0.01,248,296599,卖盘
613,14:20:06,11.96,0.01,1005,1201980,买盘
614,14:20:03,11.95,--,180,215100,卖盘
615,14:20:00,11.95,--,762,911546,买盘
616,14:19:57,11.95,0.01,476,568820,买盘
617,14:19:54,11.94,--,5043,6021342,卖盘
618,14:19:51,11.94,--,66,78804,卖盘
619,14:19:45,11.94,--,11,13134,卖盘
620,14:19:42,11.94,-0.01,44,52536,卖盘
621,14:19:39,11.95,0.01,26,31069,买盘
622,14:19:36,11.94,--,100,119400,卖盘
623,14:19:33,11.94,0.01,1573,1878162,买盘
624,14:19:30,11.93,--,2,2386,卖盘
625,14:19:24,11.93,--,9,10737,卖盘
626,14:19:21,11.93,0.01,220,262460,买盘
627,14:19:18,11.92,--,14,16688,卖盘
628,14:19:12,11.92,-0.01,29,34568,卖盘
629,14:19:09,11.93,0.01,18,21474,买盘
630,14:19:06,11.92,--,249,296808,买盘
631,14:19:03,11.92,--,121,144232,买盘
632,14:19:00,11.92,0.01,13,15496,买盘
633,14:18:57,11.91,-0.01,33,39303,卖盘
634,14:18:54,11.92,0.01,83,98936,买盘
635,14:18:45,11.91,-0.01,10,11910,卖盘
636,14:18:42,11.92,0.01,180,214560,买盘
637,14:18:39,11.91,--,200,238200,卖盘
638,14:18:36,11.91,-0.01,130,154830,卖盘
639,14:18:33,11.92,0.01,16,19072,买盘
640,14:18:24,11.91,--,21,25011,卖盘
641,14:18:21,11.91,--,38,45258,卖盘
642,14:18:18,11.91,--,6,7146,卖盘
643,14:18:15,11.91,--,53,63123,卖盘
644,14:18:12,11.91,--,70,83370,卖盘
645,14:18:06,11.91,--,11,13101,卖盘
646,14:18:03,11.91,--,4,4764,卖盘
647,14:18:00,11.91,-0.01,11,13101,卖盘
648,14:17:57,11.92,0.01,15,17880,买盘
649,14:17:54,11.91,--,99,117909,卖盘
650,14:17:51,11.91,--,15,17865,卖盘
651,14:17:45,11.91,--,14,16674,卖盘
652,14:17:42,11.91,--,48,57168,卖盘
653,14:17:36,11.91,--,67,79797,卖盘
654,14:17:33,11.91,--,3,3573,卖盘
655,14:17:27,11.91,--,45,53595,卖盘
656,14:17:24,11.91,-0.01,5,5955,卖盘
657,14:17:21,11.92,0.01,14,16688,买盘
658,14:17:18,11.91,--,20,23820,卖盘
659,14:17:15,11.91,-0.01,40,47640,卖盘
660,14:17:12,11.92,0.01,10,11920,买盘
661,14:17:09,11.91,-0.01,12,14292,卖盘
662,14:17:00,11.92,--,10,11920,买盘
663,14:16:57,11.92,-0.01,332,395744,卖盘
664,14:16:54,11.93,--,210,250530,卖盘
665,14:16:51,11.93,--,37,44141,卖盘
666,14:16:45,11.93,--,11,13123,卖盘
667,14:16:42,11.93,--,1,1193,卖盘
668,14:16:39,11.93,--,72,85896,卖盘
669,14:16:36,11.93,--,26,31018,卖盘
670,14:16:33,11.93,--,4,4772,卖盘
671,14:16:27,11.93,-0.01,245,292285,卖盘
672,14:16:18,11.94,0.01,2,2388,买盘
673,14:16:12,11.93,-0.01,20,23860,卖盘
674,14:16:06,11.94,--,1,1194,买盘
675,14:16:03,11.94,0.01,4,4776,买盘
676,14:16:00,11.93,-0.01,28,33404,卖盘
677,14:15:54,11.94,--,17,20298,买盘
678,14:15:48,11.94,--,32,38208,买盘
679,14:15:39,11.94,--,4,4776,买盘
680,14:15:36,11.94,0.01,217,259098,买盘
681,14:15:33,11.93,--,2,2386,卖盘
682,14:15:30,11.93,--,1,1193,卖盘
683,14:15:27,11.93,--,1,1193,卖盘
684,14:15:24,11.93,--,10,11930,卖盘
685,14:15:21,11.93,--,30,35790,卖盘
686,14:15:18,11.93,--,1,1193,卖盘
687,14:15:15,11.93,--,51,60843,卖盘
688,14:15:12,11.93,--,1,1193,卖盘
689,14:15:09,11.93,-0.01,1,1193,卖盘
690,14:15:06,11.94,0.01,214,255516,买盘
691,14:15:03,11.93,-0.01,4,4772,卖盘
692,14:15:00,11.94,0.01,9,10746,买盘
693,14:14:57,11.93,-0.01,5,5965,卖盘
694,14:14:51,11.94,--,37,44178,买盘
695,14:14:48,11.94,0.01,32,38208,买盘
696,14:14:45,11.93,--,20,23860,卖盘
697,14:14:33,11.93,--,2,2386,卖盘
698,14:14:30,11.93,-0.01,25,29825,卖盘
699,14:14:27,11.94,--,430,513420,卖盘
700,14:14:15,11.94,--,25,29850,卖盘
701,14:14:12,11.94,--,27,32238,卖盘
702,14:14:09,11.94,--,4,4776,卖盘
703,14:14:03,11.94,--,3,3582,卖盘
704,14:14:00,11.94,--,29,34626,卖盘
705,14:13:57,11.94,-0.01,2,2388,卖盘
706,14:13:51,11.95,--,114,136230,买盘
707,14:13:48,11.95,--,52,62139,买盘
708,14:13:45,11.95,0.01,8,9560,买盘
709,14:13:42,11.94,--,2,2388,卖盘
710,14:13:39,11.94,--,5,5970,卖盘
711,14:13:36,11.94,-0.01,252,300888,卖盘
712,14:13:33,11.95,0.01,7,8365,买盘
713,14:13:30,11.94,--,25,29850,卖盘
714,14:13:27,11.94,--,2,2388,卖盘
715,14:13:24,11.94,--,10,11940,卖盘
716,14:13:21,11.94,--,22,26268,卖盘
717,14:13:15,11.94,--,4,4776,卖盘
718,14:13:12,11.94,--,30,35820,卖盘
719,14:13:09,11.94,--,5,5970,卖盘
720,14:13:06,11.94,0.01,204,243576,买盘
721,14:13:03,11.93,-0.01,51,60843,卖盘
722,14:13:00,11.94,--,2,2388,买盘
723,14:12:57,11.94,0.01,6,7164,买盘
724,14:12:54,11.93,-0.01,15,17895,卖盘
725,14:12:51,11.94,0.01,9,10746,买盘
726,14:12:48,11.93,-0.01,24,28632,卖盘
727,14:12:45,11.94,0.01,27,32238,买盘
728,14:12:42,11.93,-0.01,28,33404,卖盘
729,14:12:39,11.94,0.01,349,416706,买盘
730,14:12:36,11.93,--,21,25053,卖盘
731,14:12:33,11.93,-0.01,25,29825,卖盘
732,14:12:30,11.94,0.01,13,15522,买盘
733,14:12:27,11.93,--,1,1193,卖盘
734,14:12:21,11.93,--,13,15509,卖盘
735,14:12:18,11.93,-0.01,50,59650,卖盘
736,14:12:15,11.94,0.01,383,457302,买盘
737,14:12:12,11.93,--,8,9544,卖盘
738,14:12:06,11.93,--,33,39369,卖盘
739,14:12:03,11.93,-0.01,2,2386,卖盘
740,14:12:00,11.94,--,4,4776,买盘
741,14:11:54,11.94,0.01,100,119400,买盘
742,14:11:48,11.93,-0.01,24,28632,卖盘
743,14:11:45,11.94,--,13,15522,买盘
744,14:11:42,11.94,0.01,56,66864,买盘
745,14:11:39,11.93,--,16,19088,卖盘
746,14:11:33,11.93,0.01,379,452147,卖盘
747,14:11:30,11.92,-0.01,22,26224,卖盘
748,14:11:27,11.93,--,30,35790,卖盘
749,14:11:21,11.93,--,13,15509,卖盘
750,14:11:12,11.93,--,2,2386,卖盘
751,14:11:09,11.93,--,7,8351,卖盘
752,14:11:03,11.93,-0.01,6,7158,卖盘
753,14:10:57,11.94,0.01,2,2388,买盘
754,14:10:54,11.93,-0.01,2,2386,卖盘
755,14:10:45,11.94,--,15,17910,买盘
756,14:10:39,11.94,--,29,34626,买盘
757,14:10:36,11.94,0.01,10,11940,买盘
758,14:10:33,11.93,-0.01,36,42948,卖盘
759,14:10:30,11.94,--,12,14328,买盘
760,14:10:21,11.94,--,322,384468,买盘
761,14:10:18,11.94,0.01,59,70446,买盘
762,14:10:12,11.93,--,30,35790,卖盘
763,14:10:06,11.93,--,10,11930,卖盘
764,14:10:03,11.93,-0.01,71,84703,卖盘
765,14:09:57,11.94,--,3,3582,买盘
766,14:09:48,11.94,--,12,14328,买盘
767,14:09:45,11.94,--,322,384468,买盘
768,14:09:42,11.94,--,227,271038,买盘
769,14:09:39,11.94,0.01,48,57312,买盘
770,14:09:36,11.93,--,80,95440,卖盘
771,14:09:33,11.93,--,17,20281,卖盘
772,14:09:30,11.93,--,7,8351,卖盘
773,14:09:21,11.93,--,16,19088,卖盘
774,14:09:18,11.93,--,22,26246,卖盘
775,14:09:15,11.93,--,10,11930,卖盘
776,14:09:12,11.93,--,1,1193,卖盘
777,14:09:09,11.93,--,1,1193,卖盘
778,14:09:06,11.93,--,22,26246,卖盘
779,14:09:03,11.93,--,4,4772,卖盘
780,14:09:00,11.93,--,40,47720,卖盘
781,14:08:51,11.93,--,20,23860,卖盘
782,14:08:45,11.93,-0.01,5,5965,卖盘
783,14:08:42,11.94,--,26,31044,买盘
784,14:08:39,11.94,0.01,55,65670,买盘
785,14:08:36,11.93,-0.01,49,58457,卖盘
786,14:08:33,11.94,--,7,8358,买盘
787,14:08:30,11.94,--,260,310440,买盘
788,14:08:27,11.94,--,60,71640,买盘
789,14:08:21,11.94,0.01,21,25074,买盘
790,14:08:18,11.93,-0.01,10,11930,卖盘
791,14:08:15,11.94,0.01,2,2388,买盘
792,14:08:12,11.93,--,2,2386,卖盘
793,14:08:09,11.93,--,31,36983,卖盘
794,14:08:06,11.93,0.01,67,79931,买盘
795,14:08:03,11.92,0.01,22,26224,买盘
796,14:08:00,11.91,-0.01,10,11910,卖盘
797,14:07:57,11.92,--,12,14304,买盘
798,14:07:51,11.92,-0.02,54,64368,卖盘
799,14:07:42,11.94,--,37,44178,买盘
800,14:07:39,11.94,0.01,27,32238,买盘
801,14:07:36,11.93,--,43,51299,卖盘
802,14:07:33,11.93,--,1,1193,卖盘
803,14:07:30,11.93,--,15,17895,卖盘
804,14:07:24,11.93,--,50,59650,卖盘
805,14:07:18,11.93,--,10,11930,卖盘
806,14:07:15,11.93,--,84,100212,卖盘
807,14:07:12,11.93,--,37,44141,卖盘
808,14:07:09,11.93,--,127,151511,买盘
809,14:07:06,11.93,--,8,9544,买盘
810,14:07:00,11.93,--,27,32688,买盘
811,14:06:57,11.93,--,2,2386,买盘
812,14:06:48,11.93,0.02,9,10737,买盘
813,14:06:45,11.91,--,7,8337,卖盘
814,14:06:39,11.91,-0.01,155,184605,卖盘
815,14:06:36,11.92,--,27,32184,买盘
816,14:06:30,11.92,0.01,2,2384,买盘
817,14:06:21,11.91,--,53,64075,买盘
818,14:06:18,11.91,--,22,26202,买盘
819,14:06:12,11.91,--,114,135774,买盘
820,14:06:03,11.91,-0.02,648,772006,卖盘
821,14:05:57,11.93,--,13,15509,卖盘
822,14:05:48,11.93,--,5,5965,卖盘
823,14:05:45,11.93,--,20,23860,卖盘
824,14:05:42,11.93,--,56,66808,买盘
825,14:05:39,11.93,--,17,20281,买盘
826,14:05:36,11.93,--,27,32211,买盘
827,14:05:33,11.93,-0.01,14,16702,卖盘
828,14:05:30,11.94,0.01,2,2388,买盘
829,14:05:27,11.93,--,136,162248,卖盘
830,14:05:24,11.93,--,36,42948,卖盘
831,14:05:21,11.93,0.01,112,133616,买盘
832,14:05:18,11.92,--,13,15496,卖盘
833,14:05:15,11.92,-0.01,30,35760,卖盘
834,14:05:12,11.93,--,1,1193,卖盘
835,14:05:09,11.93,-0.01,1,1193,卖盘
836,14:05:06,11.94,0.01,2,2388,买盘
837,14:05:03,11.93,-0.01,23,27439,卖盘
838,14:05:00,11.94,0.01,3,3582,买盘
839,14:04:57,11.93,--,1,1193,卖盘
840,14:04:54,11.93,-0.01,11,13123,中性盘
841,14:04:45,11.94,0.01,165,197010,买盘
842,14:04:42,11.93,0.01,23,27439,买盘
843,14:04:39,11.92,-0.01,63,75096,卖盘
844,14:04:36,11.93,0.01,29,34597,买盘
845,14:04:33,11.92,--,15,17880,卖盘
846,14:04:30,11.92,-0.01,32,38144,卖盘
847,14:04:27,11.93,--,112,133616,买盘
848,14:04:24,11.93,0.01,2,2386,买盘
849,14:04:21,11.92,--,1,1192,卖盘
850,14:04:18,11.92,-0.01,20,23840,卖盘
851,14:04:15,11.93,0.01,15,17895,买盘
852,14:04:12,11.92,-0.01,3,3576,卖盘
853,14:04:09,11.93,--,37,44141,买盘
854,14:04:06,11.93,--,9,10737,买盘
855,14:04:03,11.93,--,88,104984,卖盘
856,14:04:00,11.93,-0.01,40,47720,卖盘
857,14:03:57,11.94,0.01,3,3582,买盘
858,14:03:51,11.93,--,20,23860,卖盘
859,14:03:48,11.93,--,88,104984,卖盘
860,14:03:45,11.93,--,27,32211,卖盘
861,14:03:42,11.93,--,7,8351,卖盘
862,14:03:36,11.93,--,47,56071,卖盘
863,14:03:33,11.93,-0.01,40,47720,卖盘
864,14:03:30,11.94,0.01,72,85968,买盘
865,14:03:27,11.93,--,10,11930,卖盘
866,14:03:24,11.93,--,79,94247,卖盘
867,14:03:21,11.93,--,10,11930,卖盘
868,14:03:15,11.93,--,9,10737,卖盘
869,14:03:12,11.93,--,10,11930,卖盘
870,14:03:09,11.93,--,4,4772,卖盘
871,14:03:06,11.93,--,67,79931,卖盘
872,14:03:03,11.93,--,12,14316,卖盘
873,14:03:00,11.93,--,242,288706,卖盘
874,14:02:54,11.93,--,10,11930,卖盘
875,14:02:51,11.93,--,43,51299,卖盘
876,14:02:48,11.93,--,207,246951,卖盘
877,14:02:39,11.93,--,20,23860,卖盘
878,14:02:36,11.93,--,16,19088,卖盘
879,14:02:33,11.93,-0.01,3,3579,卖盘
880,14:02:30,11.94,0.01,31,37014,买盘
881,14:02:27,11.93,--,20,23860,卖盘
882,14:02:24,11.93,--,11,13123,卖盘
883,14:02:21,11.93,--,5,5965,卖盘
884,14:02:18,11.93,--,2,2386,卖盘
885,14:02:12,11.93,-0.01,41,48913,卖盘
886,14:02:09,11.94,0.01,61,72834,买盘
887,14:02:06,11.93,--,31,36983,卖盘
888,14:02:03,11.93,--,3,3579,卖盘
889,14:01:54,11.93,-0.01,65,77545,卖盘
890,14:01:51,11.94,--,2,2388,买盘
891,14:01:48,11.94,--,21,25074,买盘
892,14:01:42,11.94,--,9,10746,买盘
893,14:01:39,11.94,0.01,4,4776,买盘
894,14:01:33,11.93,-0.01,19,22667,卖盘
895,14:01:30,11.94,0.01,58,69252,买盘
896,14:01:24,11.93,-0.01,29,34597,卖盘
897,14:01:21,11.94,--,517,617298,买盘
898,14:01:18,11.94,--,293,349842,买盘
899,14:01:15,11.94,0.01,37,44178,买盘
900,14:01:12,11.93,--,1,1193,卖盘
901,14:01:06,11.93,--,4,4772,卖盘
902,14:01:03,11.93,--,33,39369,卖盘
903,14:00:57,11.93,--,15,17895,买盘
904,14:00:54,11.93,--,98,116914,卖盘
905,14:00:51,11.93,--,25,29825,卖盘
906,14:00:48,11.93,--,594,708642,卖盘
907,14:00:45,11.93,-0.01,1,1193,卖盘
908,14:00:39,11.94,0.01,6,7164,买盘
909,14:00:33,11.93,-0.01,20,23860,卖盘
910,14:00:27,11.94,--,34,40596,买盘
911,14:00:18,11.94,--,20,23880,买盘
912,14:00:12,11.94,0.02,89,106767,买盘
913,14:00:09,11.92,--,1,1192,卖盘
914,14:00:03,11.92,--,4,4768,卖盘
915,14:00:00,11.92,-0.01,28,33376,卖盘
916,13:59:57,11.93,0.01,20,23860,买盘
917,13:59:54,11.92,--,11,13112,卖盘
918,13:59:51,11.92,--,16,19072,卖盘
919,13:59:42,11.92,-0.01,2,2384,卖盘
920,13:59:39,11.93,0.01,2,2386,买盘
921,13:59:36,11.92,-0.01,7,8344,卖盘
922,13:59:33,11.93,0.02,18,21474,买盘
923,13:59:30,11.91,-0.03,29,34539,卖盘
924,13:59:24,11.94,0.01,44,52536,买盘
925,13:59:21,11.93,-0.01,678,808854,卖盘
926,13:59:18,11.94,0.01,523,624462,买盘
927,13:59:12,11.93,--,3,3579,卖盘
928,13:59:09,11.93,--,10,11930,卖盘
929,13:59:03,11.93,--,4,4772,卖盘
930,13:58:54,11.93,--,36,42948,卖盘
931,13:58:51,11.93,-0.01,8,9544,卖盘
932,13:58:48,11.94,0.01,5,5970,买盘
933,13:58:45,11.93,--,47,56071,卖盘
934,13:58:42,11.93,--,5,5965,卖盘
935,13:58:39,11.93,--,55,65615,卖盘
936,13:58:36,11.93,--,2,2386,卖盘
937,13:58:33,11.93,--,20,23860,卖盘
938,13:58:30,11.93,--,27,32211,卖盘
939,13:58:27,11.93,--,27,32211,卖盘
940,13:58:24,11.93,0.01,730,870890,买盘
941,13:58:15,11.92,0.01,7,8344,买盘
942,13:58:12,11.91,-0.01,28,33348,卖盘
943,13:58:09,11.92,--,40,47680,卖盘
944,13:58:03,11.92,--,5,5960,卖盘
945,13:57:54,11.92,-0.01,13,15496,卖盘
946,13:57:51,11.93,0.01,302,360286,买盘
947,13:57:45,11.92,--,18,21456,卖盘
948,13:57:42,11.92,--,3,3576,卖盘
949,13:57:39,11.92,--,28,33376,卖盘
950,13:57:36,11.92,--,10,11920,卖盘
951,13:57:33,11.92,-0.01,19,22648,卖盘
952,13:57:30,11.93,--,27,32211,买盘
953,13:57:27,11.93,--,15,17895,买盘
954,13:57:24,11.93,0.01,266,317338,买盘
955,13:57:18,11.92,-0.01,26,30992,卖盘
956,13:57:15,11.93,--,28,33404,买盘
957,13:57:12,11.93,0.01,4,4772,买盘
958,13:57:09,11.92,--,1,1192,卖盘
959,13:57:06,11.92,--,16,19072,卖盘
960,13:57:03,11.92,--,2,2384,卖盘
961,13:57:00,11.92,-0.01,1,1192,卖盘
962,13:56:57,11.93,0.01,10,11930,买盘
963,13:56:54,11.92,--,5,5960,买盘
964,13:56:51,11.92,--,16,19072,买盘
965,13:56:48,11.92,--,23,27416,买盘
966,13:56:45,11.92,--,7,8344,卖盘
967,13:56:42,11.92,--,1,1192,卖盘
968,13:56:39,11.92,--,70,83440,卖盘
969,13:56:36,11.92,--,79,94168,卖盘
970,13:56:33,11.92,--,172,205024,买盘
971,13:56:27,11.92,--,46,54832,买盘
972,13:56:24,11.92,--,3,3576,买盘
973,13:56:21,11.92,--,28,33376,买盘
974,13:56:15,11.92,0.01,6,7152,买盘
975,13:56:12,11.91,--,8,9528,卖盘
976,13:56:09,11.91,--,3,3573,卖盘
977,13:56:06,11.91,--,21,25011,卖盘
978,13:56:03,11.91,--,1,1191,卖盘
979,13:55:54,11.91,-0.01,7,8337,卖盘
980,13:55:48,11.92,0.01,32,38144,买盘
981,13:55:45,11.91,-0.01,10,11910,卖盘
982,13:55:42,11.92,--,6,7152,买盘
983,13:55:39,11.92,-0.01,9,10728,中性盘
984,13:55:27,11.93,0.01,1043,1244299,买盘
985,13:55:24,11.92,--,31,36952,卖盘
986,13:55:21,11.92,--,13,15496,卖盘
987,13:55:15,11.92,--,33,39336,卖盘
988,13:55:12,11.92,--,1,1192,卖盘
989,13:55:09,11.92,--,2,2384,卖盘
990,13:55:03,11.92,-0.01,7,8344,卖盘
991,13:55:00,11.93,--,24,28632,买盘
992,13:54:54,11.93,--,35,41755,买盘
993,13:54:51,11.93,--,2,2386,买盘
994,13:54:48,11.93,0.01,5,5965,买盘
995,13:54:45,11.92,-0.01,30,35760,卖盘
996,13:54:42,11.93,0.01,6,7158,买盘
997,13:54:39,11.92,--,12,14304,卖盘
998,13:54:33,11.92,--,188,225049,买盘
999,13:54:30,11.92,0.01,1,1192,买盘
1000,13:54:27,11.91,-0.01,10,11910,卖盘
1001,13:54:24,11.92,--,14,16688,买盘
1002,13:54:21,11.92,--,225,268200,买盘
1003,13:54:18,11.92,--,33,39336,买盘
1004,13:54:12,11.92,0.01,22,26224,买盘
1005,13:54:09,11.91,-0.01,7,8337,卖盘
1006,13:54:06,11.92,0.01,6,7152,买盘
1007,13:54:03,11.91,--,4,4764,卖盘
1008,13:53:57,11.91,-0.01,1,1191,卖盘
1009,13:53:54,11.92,--,3,3576,买盘
1010,13:53:48,11.92,0.01,13,15496,买盘
1011,13:53:45,11.91,-0.01,36,42876,卖盘
1012,13:53:42,11.92,0.01,35,41720,买盘
1013,13:53:36,11.91,--,9,10719,卖盘
1014,13:53:33,11.91,-0.01,6,7146,卖盘
1015,13:53:30,11.92,--,11,13112,买盘
1016,13:53:27,11.92,--,155,184760,买盘
1017,13:53:24,11.92,--,12,14304,买盘
1018,13:53:21,11.92,--,2,2384,买盘
1019,13:53:18,11.92,0.01,54,64368,买盘
1020,13:53:15,11.91,--,10,11910,卖盘
1021,13:53:09,11.91,--,1,1191,卖盘
1022,13:53:06,11.91,--,23,27393,卖盘
1023,13:53:03,11.91,-0.01,32,38112,卖盘
1024,13:53:00,11.92,0.01,1,1192,买盘
1025,13:52:51,11.91,--,64,76224,卖盘
1026,13:52:48,11.91,--,20,23820,卖盘
1027,13:52:45,11.91,--,5,5955,卖盘
1028,13:52:42,11.91,--,7,8337,卖盘
1029,13:52:36,11.91,--,16,19056,卖盘
1030,13:52:33,11.91,--,4,4764,卖盘
1031,13:52:27,11.91,--,6,7146,卖盘
1032,13:52:24,11.91,--,7,8337,卖盘
1033,13:52:21,11.91,--,21,25011,卖盘
1034,13:52:18,11.91,-0.01,63,75033,卖盘
1035,13:52:15,11.92,--,3,3576,买盘
1036,13:52:12,11.92,--,9,10728,买盘
1037,13:52:09,11.92,--,511,609112,卖盘
1038,13:52:03,11.92,-0.01,14,16688,卖盘
1039,13:52:00,11.93,--,14,16702,买盘
1040,13:51:54,11.93,0.01,32,38176,买盘
1041,13:51:51,11.92,-0.01,20,23840,卖盘
1042,13:51:48,11.93,0.01,316,376988,买盘
1043,13:51:45,11.92,--,3,3576,卖盘
1044,13:51:42,11.92,--,105,125160,卖盘
1045,13:51:30,11.92,--,5,5960,卖盘
1046,13:51:24,11.92,--,113,134696,卖盘
1047,13:51:21,11.92,-0.01,3,3576,卖盘
1048,13:51:18,11.93,--,44,52492,买盘
1049,13:51:15,11.93,0.01,94,112142,买盘
1050,13:51:09,11.92,-0.01,38,45296,卖盘
1051,13:51:06,11.93,0.01,6,7158,买盘
1052,13:51:03,11.92,--,14,16688,卖盘
1053,13:51:00,11.92,--,3,3576,卖盘
1054,13:50:57,11.92,--,110,131120,卖盘
1055,13:50:54,11.92,-0.01,12,14304,卖盘
1056,13:50:48,11.93,0.01,3,3579,买盘
1057,13:50:33,11.92,-0.01,13,15496,卖盘
1058,13:50:30,11.93,--,3,3579,买盘
1059,13:50:24,11.93,--,10,11930,买盘
1060,13:50:21,11.93,--,11,13123,买盘
1061,13:50:18,11.93,--,20,23860,买盘
1062,13:50:15,11.93,0.01,30,35790,买盘
1063,13:50:12,11.92,-0.01,22,26224,卖盘
1064,13:50:09,11.93,-0.01,7,8351,卖盘
1065,13:50:06,11.94,0.01,5,5970,买盘
1066,13:50:03,11.93,-0.01,6,7158,中性盘
1067,13:50:00,11.94,0.01,608,725952,买盘
1068,13:49:57,11.93,--,22,26246,卖盘
1069,13:49:54,11.93,-0.01,64,76352,卖盘
1070,13:49:51,11.94,--,3,3582,买盘
1071,13:49:48,11.94,0.01,10,11940,买盘
1072,13:49:39,11.93,--,100,119300,卖盘
1073,13:49:36,11.93,--,21,25053,卖盘
1074,13:49:33,11.93,--,2,2386,卖盘
1075,13:49:30,11.93,--,20,23860,卖盘
1076,13:49:27,11.93,--,3,3579,卖盘
1077,13:49:24,11.93,--,16,19088,卖盘
1078,13:49:21,11.93,-0.01,116,138388,卖盘
1079,13:49:18,11.94,--,14,16716,买盘
1080,13:49:15,11.94,--,1,1194,买盘
1081,13:49:12,11.94,0.01,36,42984,买盘
1082,13:49:09,11.93,-0.01,1,1193,卖盘
1083,13:49:06,11.94,0.01,7,8358,买盘
1084,13:49:03,11.93,-0.01,5,5965,卖盘
1085,13:48:57,11.94,0.01,1,1194,买盘
1086,13:48:54,11.93,-0.01,58,69194,卖盘
1087,13:48:51,11.94,0.01,617,736698,买盘
1088,13:48:48,11.93,--,20,23860,买盘
1089,13:48:45,11.93,--,155,184915,买盘
1090,13:48:42,11.93,0.01,107,127651,买盘
1091,13:48:39,11.92,--,3,3576,卖盘
1092,13:48:36,11.92,--,16,19072,卖盘
1093,13:48:33,11.92,--,5,5960,卖盘
1094,13:48:24,11.92,--,2,2384,卖盘
1095,13:48:21,11.92,--,17,20264,卖盘
1096,13:48:18,11.92,--,8,9536,卖盘
1097,13:48:15,11.92,--,22,26224,卖盘
1098,13:48:12,11.92,-0.01,11,13112,卖盘
1099,13:48:09,11.93,0.01,27,32211,买盘
1100,13:48:03,11.92,-0.01,4,4768,卖盘
1101,13:48:00,11.93,--,7,8351,买盘
1102,13:47:54,11.93,-0.01,235,280355,卖盘
1103,13:47:51,11.94,0.01,2,2388,买盘
1104,13:47:48,11.93,--,8,9544,卖盘
1105,13:47:45,11.93,--,29,34597,卖盘
1106,13:47:42,11.93,--,92,109756,卖盘
1107,13:47:39,11.93,--,2,2386,卖盘
1108,13:47:36,11.93,--,500,596500,卖盘
1109,13:47:33,11.93,--,5,5965,卖盘
1110,13:47:30,11.93,--,1,1193,卖盘
1111,13:47:24,11.93,-0.01,214,255302,卖盘
1112,13:47:21,11.94,0.01,124,148056,买盘
1113,13:47:18,11.93,-0.01,100,119300,卖盘
1114,13:47:15,11.94,0.01,12,14328,买盘
1115,13:47:12,11.93,--,75,89475,卖盘
1116,13:47:09,11.93,0.01,229,273197,买盘
1117,13:47:06,11.92,--,541,644872,卖盘
1118,13:47:03,11.92,-0.01,1,1192,卖盘
1119,13:47:00,11.93,0.01,20,23860,买盘
1120,13:46:57,11.92,-0.01,5,5960,卖盘
1121,13:46:54,11.93,--,25,29825,买盘
1122,13:46:51,11.93,0.01,2,2386,买盘
1123,13:46:48,11.92,--,11,13112,卖盘
1124,13:46:45,11.92,--,1,1192,卖盘
1125,13:46:42,11.92,--,10,11920,卖盘
1126,13:46:39,11.92,-0.01,2,2384,卖盘
1127,13:46:36,11.93,0.01,5,5965,中性盘
1128,13:46:24,11.92,-0.01,1001,1193192,卖盘
1129,13:46:21,11.93,--,50,59650,卖盘
1130,13:46:18,11.93,-0.01,5,5965,卖盘
1131,13:46:15,11.94,0.01,13,15522,买盘
1132,13:46:12,11.93,--,5,5965,卖盘
1133,13:46:09,11.93,--,32,38176,卖盘
1134,13:46:06,11.93,--,13,15509,卖盘
1135,13:46:03,11.93,--,30,35790,卖盘
1136,13:46:00,11.93,--,23,27439,卖盘
1137,13:45:57,11.93,-0.01,10,11930,卖盘
1138,13:45:54,11.94,0.01,44,52536,买盘
1139,13:45:51,11.93,-0.01,215,256495,卖盘
1140,13:45:48,11.94,0.01,27,32238,买盘
1141,13:45:42,11.93,--,21,25053,卖盘
1142,13:45:39,11.93,--,9,10737,卖盘
1143,13:45:36,11.93,--,211,251723,卖盘
1144,13:45:33,11.93,--,3,3579,卖盘
1145,13:45:15,11.93,--,10,11930,卖盘
1146,13:45:12,11.93,--,48,57264,卖盘
1147,13:45:09,11.93,-0.01,43,51299,卖盘
1148,13:45:06,11.94,0.01,130,155220,买盘
1149,13:45:03,11.93,-0.01,17,20281,卖盘
1150,13:45:00,11.94,0.01,8,9552,买盘
1151,13:44:54,11.93,--,34,40562,卖盘
1152,13:44:51,11.93,--,10,11930,卖盘
1153,13:44:48,11.93,-0.01,110,131230,卖盘
1154,13:44:42,11.94,0.01,4,4776,买盘
1155,13:44:36,11.93,-0.01,11,13123,卖盘
1156,13:44:33,11.94,--,8,9552,买盘
1157,13:44:30,11.94,--,100,119400,买盘
1158,13:44:21,11.94,0.01,1,1194,买盘
1159,13:44:18,11.93,--,5,5965,卖盘
1160,13:44:15,11.93,--,30,35790,卖盘
1161,13:44:12,11.93,--,8,9544,卖盘
1162,13:44:09,11.93,--,19,22667,卖盘
1163,13:44:06,11.93,--,38,45334,卖盘
1164,13:44:03,11.93,-0.01,3,3579,卖盘
1165,13:44:00,11.94,--,1,1194,买盘
1166,13:43:57,11.94,0.01,116,138504,买盘
1167,13:43:48,11.93,--,9,10737,卖盘
1168,13:43:42,11.93,-0.01,4,4772,卖盘
1169,13:43:39,11.94,0.01,25,29850,买盘
1170,13:43:33,11.93,--,12,14316,卖盘
1171,13:43:30,11.93,-0.01,634,756362,卖盘
1172,13:43:24,11.94,0.01,5,5970,买盘
1173,13:43:21,11.93,--,21,25053,卖盘
1174,13:43:18,11.93,--,8,9544,卖盘
1175,13:43:15,11.93,--,6,7158,卖盘
1176,13:43:12,11.93,--,1,1193,卖盘
1177,13:43:09,11.93,-0.01,16,19088,卖盘
1178,13:43:06,11.94,0.01,197,235218,买盘
1179,13:43:03,11.93,--,19,22667,卖盘
1180,13:42:54,11.93,--,113,134809,卖盘
1181,13:42:51,11.93,--,183,218319,卖盘
1182,13:42:48,11.93,--,2,2386,卖盘
1183,13:42:45,11.93,--,20,23860,卖盘
1184,13:42:39,11.93,--,88,104984,卖盘
1185,13:42:33,11.93,-0.01,3,3579,卖盘
1186,13:42:30,11.94,0.01,15,17910,买盘
1187,13:42:27,11.93,-0.01,500,596500,卖盘
1188,13:42:24,11.94,0.01,255,304470,买盘
1189,13:42:18,11.93,--,10,11930,卖盘
1190,13:42:15,11.93,--,57,68001,卖盘
1191,13:42:09,11.93,-0.01,1,1193,卖盘
1192,13:42:06,11.94,--,35,41790,买盘
1193,13:42:03,11.94,-0.01,941,1123792,卖盘
1194,13:41:57,11.95,0.01,1,1195,买盘
1195,13:41:54,11.94,--,10,11940,卖盘
1196,13:41:51,11.94,-0.01,52,62088,卖盘
1197,13:41:45,11.95,0.01,20,23900,买盘
1198,13:41:42,11.94,--,36,42984,卖盘
1199,13:41:39,11.94,-0.01,14,16716,卖盘
1200,13:41:36,11.95,0.01,58,69310,买盘
1201,13:41:33,11.94,-0.01,55,65670,卖盘
1202,13:41:30,11.95,0.01,71,84845,买盘
1203,13:41:27,11.94,-0.01,4,4776,卖盘
1204,13:41:24,11.95,--,6,7170,买盘
1205,13:41:21,11.95,--,227,271265,买盘
1206,13:41:18,11.95,0.01,1,1195,买盘
1207,13:41:15,11.94,--,20,23880,卖盘
1208,13:41:09,11.94,-0.01,172,205368,卖盘
1209,13:41:06,11.95,0.01,25,29875,买盘
1210,13:41:03,11.94,-0.01,14,16716,卖盘
1211,13:41:00,11.95,0.01,69,82455,买盘
1212,13:40:54,11.94,--,46,54924,卖盘
1213,13:40:48,11.94,--,101,120594,卖盘
1214,13:40:45,11.94,0.01,191,229009,买盘
1215,13:40:42,11.93,-0.01,5,5965,卖盘
1216,13:40:39,11.94,0.01,64,76416,买盘
1217,13:40:36,11.93,-0.01,7,8351,卖盘
1218,13:40:33,11.94,0.01,29,34626,买盘
1219,13:40:27,11.93,-0.01,108,128844,卖盘
1220,13:40:24,11.94,--,82,97908,买盘
1221,13:40:21,11.94,0.01,21,25074,买盘
1222,13:40:18,11.93,-0.01,25,29825,卖盘
1223,13:40:15,11.94,0.01,164,195816,买盘
1224,13:40:12,11.93,--,1,1193,卖盘
1225,13:40:09,11.93,--,1,1193,卖盘
1226,13:40:06,11.93,--,1,1193,卖盘
1227,13:40:03,11.93,--,746,889978,卖盘
1228,13:40:00,11.93,--,250,298250,买盘
1229,13:39:57,11.93,0.01,11,13123,买盘
1230,13:39:48,11.92,-0.01,10,11920,卖盘
1231,13:39:45,11.93,--,25,29825,买盘
1232,13:39:39,11.93,0.01,12,14316,买盘
1233,13:39:33,11.92,-0.01,13,15496,卖盘
1234,13:39:30,11.93,--,32,38176,买盘
1235,13:39:24,11.93,--,6,7158,买盘
1236,13:39:21,11.93,--,2,2386,买盘
1237,13:39:15,11.93,0.01,6,7158,买盘
1238,13:39:09,11.92,-0.01,16,19072,卖盘
1239,13:39:06,11.93,--,2,2386,买盘
1240,13:39:03,11.93,0.01,40,47720,买盘
1241,13:39:00,11.92,-0.01,3,3576,卖盘
1242,13:38:57,11.93,-0.01,3,3579,中性盘
1243,13:38:36,11.94,0.02,220,262680,买盘
1244,13:38:33,11.92,-0.02,9,10728,卖盘
1245,13:38:30,11.94,0.01,25,29850,买盘
1246,13:38:27,11.93,--,87,103791,买盘
1247,13:38:24,11.93,0.01,325,387725,买盘
1248,13:38:21,11.92,--,4,4768,卖盘
1249,13:38:15,11.92,--,129,153768,卖盘
1250,13:38:09,11.92,-0.01,17,20264,卖盘
1251,13:38:06,11.93,0.01,2,2386,买盘
1252,13:38:03,11.92,-0.01,37,44104,卖盘
1253,13:38:00,11.93,--,89,106177,买盘
1254,13:37:57,11.93,0.01,28,33404,买盘
1255,13:37:51,11.92,-0.01,31,36952,卖盘
1256,13:37:48,11.93,--,6,7158,买盘
1257,13:37:42,11.93,--,336,400848,买盘
1258,13:37:39,11.93,--,6,7158,买盘
1259,13:37:36,11.93,--,408,486744,买盘
1260,13:37:30,11.93,0.02,3,3579,买盘
1261,13:37:27,11.91,-0.02,300,357300,卖盘
1262,13:37:24,11.93,0.01,32,38176,买盘
1263,13:37:21,11.92,--,68,81056,买盘
1264,13:37:15,11.92,0.01,3,3576,买盘
1265,13:37:09,11.91,-0.01,73,86943,卖盘
1266,13:37:06,11.92,0.01,33,39336,买盘
1267,13:37:03,11.91,-0.01,5,5955,卖盘
1268,13:37:00,11.92,--,53,63176,买盘
1269,13:36:57,11.92,0.01,58,69136,买盘
1270,13:36:54,11.91,--,32,38112,卖盘
1271,13:36:48,11.91,--,16,19056,卖盘
1272,13:36:45,11.91,--,5,5955,卖盘
1273,13:36:39,11.91,--,10,11910,卖盘
1274,13:36:36,11.91,-0.01,5,5955,卖盘
1275,13:36:33,11.92,0.01,24,28608,买盘
1276,13:36:27,11.91,--,12,14292,卖盘
1277,13:36:24,11.91,--,1,1191,卖盘
1278,13:36:21,11.91,--,20,23820,卖盘
1279,13:36:18,11.91,-0.01,1,1191,卖盘
1280,13:36:12,11.92,--,25,29800,买盘
1281,13:36:09,11.92,--,4,4768,买盘
1282,13:36:03,11.92,--,17,20264,买盘
1283,13:36:00,11.92,--,29,34568,买盘
1284,13:35:51,11.92,0.01,4,4768,买盘
1285,13:35:48,11.91,--,5,5955,卖盘
1286,13:35:42,11.91,-0.01,30,35730,卖盘
1287,13:35:33,11.92,0.01,3,3576,买盘
1288,13:35:27,11.91,-0.01,10,11910,卖盘
1289,13:35:24,11.92,-0.01,188,224096,卖盘
1290,13:35:18,11.93,0.01,2,2386,买盘
1291,13:35:15,11.92,--,2,2384,卖盘
1292,13:35:12,11.92,-0.01,140,166880,卖盘
1293,13:35:09,11.93,0.01,4,4772,买盘
1294,13:35:06,11.92,--,5,5960,卖盘
1295,13:35:03,11.92,-0.01,9,10728,卖盘
1296,13:34:57,11.93,--,29,34597,买盘
1297,13:34:54,11.93,0.01,27,32211,买盘
1298,13:34:51,11.92,-0.01,50,59600,卖盘
1299,13:34:45,11.93,0.01,14,16702,买盘
1300,13:34:42,11.92,--,10,11920,卖盘
1301,13:34:33,11.92,-0.01,517,616264,卖盘
1302,13:34:30,11.93,--,2,2386,买盘
1303,13:34:27,11.93,--,33,39369,买盘
1304,13:34:18,11.93,--,7,8351,买盘
1305,13:34:15,11.93,0.01,15,17895,买盘
1306,13:34:09,11.92,--,11,13112,卖盘
1307,13:34:06,11.92,--,13,15496,卖盘
1308,13:34:03,11.92,-0.01,4,4768,卖盘
1309,13:34:00,11.93,--,22,26246,买盘
1310,13:33:57,11.93,--,12,14316,买盘
1311,13:33:54,11.93,--,492,586956,买盘
1312,13:33:51,11.93,--,5,5965,买盘
1313,13:33:48,11.93,--,27,32211,买盘
1314,13:33:33,11.93,0.01,36,42948,买盘
1315,13:33:30,11.92,-0.01,10,11920,卖盘
1316,13:33:24,11.93,--,29,34597,买盘
1317,13:33:21,11.93,0.01,18,21474,买盘
1318,13:33:15,11.92,0.01,297,354024,买盘
1319,13:33:09,11.91,--,1,1191,卖盘
1320,13:33:06,11.91,-0.01,1,1191,卖盘
1321,13:33:03,11.92,0.01,2,2384,买盘
1322,13:33:00,11.91,--,1,1191,卖盘
1323,13:32:57,11.91,-0.01,6,7146,卖盘
1324,13:32:54,11.92,--,26,30992,买盘
1325,13:32:51,11.92,0.02,28,33376,买盘
1326,13:32:39,11.9,-0.02,10,11900,卖盘
1327,13:32:33,11.92,--,2,2384,买盘
1328,13:32:30,11.92,0.01,3,3576,买盘
1329,13:32:27,11.91,-0.01,187,222717,卖盘
1330,13:32:21,11.92,--,10,11920,卖盘
1331,13:32:12,11.92,--,289,345441,买盘
1332,13:32:09,11.92,0.01,14,16688,买盘
1333,13:32:03,11.91,--,38,45258,买盘
1334,13:31:51,11.91,--,16,19056,买盘
1335,13:31:48,11.91,0.01,28,33348,买盘
1336,13:31:45,11.9,0.01,1672,1990632,买盘
1337,13:31:42,11.89,--,1,1189,卖盘
1338,13:31:39,11.89,--,28,33292,卖盘
1339,13:31:36,11.89,--,402,477978,买盘
1340,13:31:30,11.89,--,6,7134,买盘
1341,13:31:27,11.89,0.01,243,290032,买盘
1342,13:31:21,11.88,--,100,118800,卖盘
1343,13:31:18,11.88,--,23,27324,卖盘
1344,13:31:09,11.88,-0.01,1,1188,卖盘
1345,13:31:03,11.89,0.01,2,2378,买盘
1346,13:31:00,11.88,-0.02,5,5940,卖盘
1347,13:30:51,11.9,0.01,13,15470,买盘
1348,13:30:48,11.89,--,55,65395,买盘
1349,13:30:45,11.89,--,10,11890,买盘
1350,13:30:39,11.89,--,1,1189,买盘
1351,13:30:33,11.89,-0.01,1,1189,中性盘
1352,13:30:30,11.9,0.01,95,113050,买盘
1353,13:30:27,11.89,--,541,643249,卖盘
1354,13:30:24,11.89,-0.01,40,47560,卖盘
1355,13:30:21,11.9,0.01,251,298690,买盘
1356,13:30:06,11.89,--,11,13079,卖盘
1357,13:30:03,11.89,--,23,27347,卖盘
1358,13:30:00,11.89,-0.01,25,29725,卖盘
1359,13:29:54,11.9,--,9,10710,买盘
1360,13:29:51,11.9,0.01,14,16660,买盘
1361,13:29:48,11.89,-0.01,16,19024,卖盘
1362,13:29:45,11.9,0.01,30,35700,买盘
1363,13:29:42,11.89,--,20,23780,卖盘
1364,13:29:33,11.89,--,2,2378,卖盘
1365,13:29:30,11.89,--,174,206886,买盘
1366,13:29:27,11.89,--,257,305573,卖盘
1367,13:29:24,11.89,--,1,1189,卖盘
1368,13:29:18,11.89,--,12,14268,卖盘
1369,13:29:15,11.89,--,6,7134,卖盘
1370,13:29:12,11.89,-0.01,60,71340,卖盘
1371,13:29:09,11.9,0.01,3,3570,买盘
1372,13:29:03,11.89,--,36,42804,卖盘
1373,13:28:54,11.89,--,3,3567,卖盘
1374,13:28:51,11.89,--,682,810898,买盘
1375,13:28:48,11.89,0.01,12,14268,买盘
1376,13:28:42,11.88,--,51,60588,卖盘
1377,13:28:39,11.88,--,95,112860,卖盘
1378,13:28:33,11.88,--,3,3564,卖盘
1379,13:28:21,11.88,-0.01,109,129492,卖盘
1380,13:28:18,11.89,0.01,30,35670,买盘
1381,13:28:15,11.88,--,3,3564,卖盘
1382,13:28:09,11.88,--,1,1188,卖盘
1383,13:28:06,11.88,-0.01,312,370656,卖盘
1384,13:28:03,11.89,-0.01,11,13079,卖盘
1385,13:27:57,11.9,0.01,12,14280,买盘
1386,13:27:48,11.89,--,7,8323,卖盘
1387,13:27:45,11.89,--,74,87986,买盘
1388,13:27:42,11.89,0.01,29,34481,买盘
1389,13:27:39,11.88,--,84,99792,卖盘
1390,13:27:33,11.88,--,65,77220,卖盘
1391,13:27:30,11.88,0.01,4,4752,中性盘
1392,13:27:24,11.87,--,10,11870,卖盘
1393,13:27:21,11.87,-0.02,130,154310,卖盘
1394,13:27:12,11.89,--,644,765716,买盘
1395,13:27:09,11.89,--,496,589744,卖盘
1396,13:27:06,11.89,-0.01,6,7134,卖盘
1397,13:27:03,11.9,--,1,1190,买盘
1398,13:27:00,11.9,-0.01,199,236810,卖盘
1399,13:26:57,11.91,--,10,11910,卖盘
1400,13:26:54,11.91,-0.01,57,67887,卖盘
1401,13:26:51,11.92,0.01,20,23840,买盘
1402,13:26:48,11.91,-0.01,69,82179,卖盘
1403,13:26:42,11.92,--,15,17880,买盘
1404,13:26:39,11.92,0.01,38,45296,买盘
1405,13:26:36,11.91,--,43,51213,卖盘
1406,13:26:33,11.91,-0.01,7,8337,卖盘
1407,13:26:30,11.92,--,100,119200,买盘
1408,13:26:27,11.92,0.01,51,60792,买盘
1409,13:26:21,11.91,--,10,11910,卖盘
1410,13:26:18,11.91,--,4,4764,卖盘
1411,13:26:12,11.91,0.01,144,171504,买盘
1412,13:26:09,11.9,--,66,78540,卖盘
1413,13:26:06,11.9,--,31,36890,卖盘
1414,13:26:03,11.9,--,29,34510,卖盘
1415,13:26:00,11.9,--,9,10710,卖盘
1416,13:25:54,11.9,--,2,2380,卖盘
1417,13:25:51,11.9,--,40,47600,卖盘
1418,13:25:48,11.9,--,1,1190,卖盘
1419,13:25:45,11.9,--,18,21420,卖盘
1420,13:25:42,11.9,-0.01,20,23800,卖盘
1421,13:25:39,11.91,0.01,32,38112,买盘
1422,13:25:36,11.9,--,351,417690,卖盘
1423,13:25:30,11.9,--,42,49980,卖盘
1424,13:25:15,11.9,--,6,7140,卖盘
1425,13:25:09,11.9,--,21,24990,卖盘
1426,13:25:06,11.9,--,52,61880,卖盘
1427,13:25:03,11.9,--,1,1190,卖盘
1428,13:25:00,11.9,-0.01,16,19040,卖盘
1429,13:24:54,11.91,-0.01,183,217953,卖盘
1430,13:24:48,11.92,0.01,22,26224,买盘
1431,13:24:45,11.91,-0.01,75,89325,卖盘
1432,13:24:39,11.92,--,106,126352,买盘
1433,13:24:36,11.92,--,31,36952,买盘
1434,13:24:27,11.92,--,4,4768,卖盘
1435,13:24:24,11.92,--,39,46488,卖盘
1436,13:24:21,11.92,--,85,101320,卖盘
1437,13:24:18,11.92,--,20,23840,卖盘
1438,13:24:15,11.92,--,77,91784,买盘
1439,13:24:09,11.92,0.01,5,5960,买盘
1440,13:24:03,11.91,--,6,7146,卖盘
1441,13:23:57,11.91,--,31,36921,卖盘
1442,13:23:54,11.91,-0.01,784,933744,卖盘
1443,13:23:51,11.92,--,50,59600,卖盘
1444,13:23:48,11.92,0.01,20,23840,中性盘
1445,13:23:42,11.91,-0.02,6,7146,卖盘
1446,13:23:39,11.93,--,23,27439,买盘
1447,13:23:33,11.93,0.02,31,36983,买盘
1448,13:23:21,11.91,-0.02,3,3573,卖盘
1449,13:23:18,11.93,--,320,381879,卖盘
1450,13:23:15,11.93,--,10,11930,卖盘
1451,13:23:12,11.93,--,16,19088,卖盘
1452,13:23:06,11.93,--,101,120493,卖盘
1453,13:23:03,11.93,0.01,552,659609,买盘
1454,13:23:00,11.92,--,27,32184,卖盘
1455,13:22:57,11.92,--,41,48872,卖盘
1456,13:22:54,11.92,--,6,7152,卖盘
1457,13:22:51,11.92,--,10,11920,卖盘
1458,13:22:42,11.92,--,902,1075184,卖盘
1459,13:22:39,11.92,-0.01,12,14304,卖盘
1460,13:22:36,11.93,--,51,60843,买盘
1461,13:22:33,11.93,--,1,1193,买盘
1462,13:22:30,11.93,0.01,27,32211,买盘
1463,13:22:27,11.92,-0.01,12,14304,卖盘
1464,13:22:21,11.93,--,12,14316,买盘
1465,13:22:18,11.93,--,474,565601,卖盘
1466,13:22:15,11.93,--,56,66808,卖盘
1467,13:22:09,11.93,--,21,25053,卖盘
1468,13:22:06,11.93,--,1,1193,卖盘
1469,13:22:03,11.93,--,72,85896,卖盘
1470,13:22:00,11.93,--,10,11930,卖盘
1471,13:21:57,11.93,--,6,7158,卖盘
1472,13:21:51,11.93,-0.01,2,2386,卖盘
1473,13:21:45,11.94,0.01,30,35820,买盘
1474,13:21:39,11.93,--,22,26246,卖盘
1475,13:21:36,11.93,-0.01,17,20281,卖盘
1476,13:21:30,11.94,--,29,34626,买盘
1477,13:21:27,11.94,0.01,43,51342,买盘
1478,13:21:21,11.93,-0.01,5,5965,卖盘
1479,13:21:18,11.94,0.01,1,1194,买盘
1480,13:21:12,11.93,-0.01,90,107370,卖盘
1481,13:21:09,11.94,0.01,28,33432,买盘
1482,13:21:06,11.93,-0.01,16,19088,卖盘
1483,13:21:03,11.94,--,10,11940,买盘
1484,13:21:00,11.94,0.01,50,59700,买盘
1485,13:20:57,11.93,-0.01,11,13123,卖盘
1486,13:20:51,11.94,0.01,390,465660,买盘
1487,13:20:48,11.93,0.01,592,707329,买盘
1488,13:20:42,11.92,--,10,11920,卖盘
1489,13:20:39,11.92,-0.01,1,1192,卖盘
1490,13:20:33,11.93,--,16,19088,买盘
1491,13:20:27,11.93,--,29,34597,买盘
1492,13:20:24,11.93,--,1,1193,买盘
1493,13:20:21,11.93,--,16,19088,买盘
1494,13:20:12,11.93,0.01,30,35790,买盘
1495,13:20:09,11.92,--,2,2384,卖盘
1496,13:20:03,11.92,-0.01,5,5960,卖盘
1497,13:20:00,11.93,0.01,8,9544,买盘
1498,13:19:54,11.92,--,9,10728,卖盘
1499,13:19:51,11.92,-0.01,5,5960,卖盘
1500,13:19:48,11.93,0.01,1,1193,买盘
1501,13:19:45,11.92,-0.01,13,15496,卖盘
1502,13:19:42,11.93,--,10,11930,买盘
1503,13:19:30,11.93,0.01,94,112142,买盘
1504,13:19:27,11.92,-0.01,12,14304,卖盘
1505,13:19:24,11.93,0.01,20,23860,买盘
1506,13:19:18,11.92,-0.01,100,119200,卖盘
1507,13:19:15,11.93,--,9,10737,买盘
1508,13:19:09,11.93,--,1,1193,买盘
1509,13:19:06,11.93,--,814,971221,卖盘
1510,13:19:03,11.93,--,9,10737,卖盘
1511,13:19:00,11.93,--,321,382953,卖盘
1512,13:18:57,11.93,-0.01,5,5965,卖盘
1513,13:18:54,11.94,--,2,2388,买盘
1514,13:18:51,11.94,0.01,5,5970,买盘
1515,13:18:42,11.93,-0.01,2,2386,卖盘
1516,13:18:39,11.94,0.01,6,7164,买盘
1517,13:18:36,11.93,--,22,26246,卖盘
1518,13:18:33,11.93,-0.01,5,5965,卖盘
1519,13:18:30,11.94,0.01,14,16716,买盘
1520,13:18:27,11.93,-0.01,41,48913,卖盘
1521,13:18:21,11.94,--,8,9552,买盘
1522,13:18:18,11.94,0.01,63,75222,买盘
1523,13:18:15,11.93,--,1,1193,卖盘
1524,13:18:09,11.93,--,2,2386,卖盘
1525,13:18:06,11.93,-0.01,12,14316,卖盘
1526,13:18:03,11.94,--,5,5970,买盘
1527,13:17:57,11.94,--,37,44178,买盘
1528,13:17:54,11.94,--,1,1194,买盘
1529,13:17:48,11.94,--,44,52536,买盘
1530,13:17:45,11.94,--,13,15522,卖盘
1531,13:17:42,11.94,--,300,358200,卖盘
1532,13:17:39,11.94,--,303,361782,卖盘
1533,13:17:36,11.94,--,302,360588,卖盘
1534,13:17:33,11.94,-0.01,2,2388,卖盘
1535,13:17:30,11.95,0.01,18,21510,买盘
1536,13:17:27,11.94,--,58,69252,卖盘
1537,13:17:24,11.94,-0.01,51,60894,卖盘
1538,13:17:21,11.95,0.01,32,38240,买盘
1539,13:17:18,11.94,--,5,5970,卖盘
1540,13:17:15,11.94,-0.01,50,59700,卖盘
1541,13:17:12,11.95,0.01,9,10755,买盘
1542,13:17:09,11.94,--,3,3582,卖盘
1543,13:17:06,11.94,--,1,1194,卖盘
1544,13:17:03,11.94,-0.01,46,54924,卖盘
1545,13:17:00,11.95,0.01,1,1195,买盘
1546,13:16:57,11.94,--,2,2388,卖盘
1547,13:16:51,11.94,--,615,734310,买盘
1548,13:16:48,11.94,0.01,3,3582,买盘
1549,13:16:45,11.93,-0.01,64,76352,卖盘
1550,13:16:42,11.94,--,10,11940,买盘
1551,13:16:36,11.94,0.01,10,11940,买盘
1552,13:16:33,11.93,-0.01,4,4772,卖盘
1553,13:16:30,11.94,--,500,597000,买盘
1554,13:16:27,11.94,0.01,15,17910,买盘
1555,13:16:24,11.93,0.01,132,158549,买盘
1556,13:16:18,11.92,--,2,2384,卖盘
1557,13:16:15,11.92,--,25,29800,卖盘
1558,13:16:12,11.92,--,2,2384,卖盘
1559,13:16:09,11.92,--,94,112048,卖盘
1560,13:16:06,11.92,0.01,3,3576,中性盘
1561,13:16:03,11.91,-0.02,3,3573,卖盘
1562,13:16:00,11.93,0.01,5,5965,买盘
1563,13:15:57,11.92,--,10,11920,买盘
1564,13:15:45,11.92,0.01,11,13112,中性盘
1565,13:15:36,11.91,-0.02,170,202470,卖盘
1566,13:15:33,11.93,--,415,495095,买盘
1567,13:15:30,11.93,--,113,134809,买盘
1568,13:15:27,11.93,--,18,21474,买盘
1569,13:15:21,11.93,0.01,26,31018,买盘
1570,13:15:18,11.92,--,2,2384,买盘
1571,13:15:12,11.92,--,20,23840,买盘
1572,13:15:06,11.92,--,7,8344,卖盘
1573,13:15:00,11.92,-0.01,3,3576,卖盘
1574,13:14:57,11.93,--,1,1193,买盘
1575,13:14:54,11.93,--,1,1193,买盘
1576,13:14:51,11.93,--,1,1193,买盘
1577,13:14:48,11.93,0.01,16,19088,买盘
1578,13:14:45,11.92,--,1,1192,卖盘
1579,13:14:39,11.92,--,5,5960,卖盘
1580,13:14:36,11.92,--,13,15496,卖盘
1581,13:14:30,11.92,0.01,31,36952,买盘
1582,13:14:27,11.91,-0.01,268,319188,卖盘
1583,13:14:24,11.92,--,69,82248,买盘
1584,13:14:21,11.92,-0.01,99,118008,卖盘
1585,13:14:18,11.93,0.01,1803,2150979,买盘
1586,13:14:15,11.92,--,20,23840,卖盘
1587,13:14:12,11.92,--,11,13112,卖盘
1588,13:14:09,11.92,-0.01,11,13112,卖盘
1589,13:14:06,11.93,-0.01,207,246951,卖盘
1590,13:14:03,11.94,--,20,23880,卖盘
1591,13:14:00,11.94,--,305,364170,买盘
1592,13:13:57,11.94,0.02,50,59700,买盘
1593,13:13:54,11.92,-0.01,34,40528,卖盘
1594,13:13:51,11.93,--,29,34597,卖盘
1595,13:13:48,11.93,--,308,367444,卖盘
1596,13:13:45,11.93,--,3,3579,卖盘
1597,13:13:39,11.93,-0.01,40,47720,卖盘
1598,13:13:36,11.94,--,25,29850,卖盘
1599,13:13:33,11.94,--,2,2388,卖盘
1600,13:13:30,11.94,--,15,17910,卖盘
1601,13:13:27,11.94,-0.01,4,4776,卖盘
1602,13:13:24,11.95,0.01,16,19120,买盘
1603,13:13:21,11.94,-0.01,29,34626,中性盘
1604,13:13:18,11.95,0.02,39,46605,买盘
1605,13:13:15,11.93,-0.02,2,2386,卖盘
1606,13:13:06,11.95,0.01,31,37045,买盘
1607,13:13:03,11.94,-0.01,2,2388,中性盘
1608,13:13:00,11.95,--,50,59750,买盘
1609,13:12:57,11.95,0.02,360,430200,买盘
1610,13:12:54,11.93,--,337,402041,卖盘
1611,13:12:51,11.93,--,300,357900,卖盘
1612,13:12:48,11.93,-0.01,620,739660,卖盘
1613,13:12:45,11.94,0.01,461,550434,买盘
1614,13:12:42,11.93,--,11,13123,卖盘
1615,13:12:39,11.93,-0.01,10,11930,卖盘
1616,13:12:33,11.94,--,32,38208,买盘
1617,13:12:30,11.94,0.01,1,1194,买盘
1618,13:12:27,11.93,--,5,5965,卖盘
1619,13:12:24,11.93,-0.01,13,15509,卖盘
1620,13:12:21,11.94,0.01,568,678192,买盘
1621,13:12:18,11.93,0.01,1067,1272931,买盘
1622,13:12:15,11.92,--,19,22648,卖盘
1623,13:12:06,11.92,--,63,75096,卖盘
1624,13:12:03,11.92,--,6,7152,卖盘
1625,13:12:00,11.92,-0.01,37,44104,卖盘
1626,13:11:57,11.93,0.01,8,9544,买盘
1627,13:11:54,11.92,--,16,19072,卖盘
1628,13:11:45,11.92,0.02,298,355216,买盘
1629,13:11:24,11.9,-0.01,19,22610,卖盘
1630,13:11:21,11.91,0.01,15,17865,买盘
1631,13:11:18,11.9,-0.01,61,72590,卖盘
1632,13:11:15,11.91,0.01,44,52404,买盘
1633,13:11:12,11.9,--,22,26180,卖盘
1634,13:11:09,11.9,-0.01,1,1190,卖盘
1635,13:11:06,11.91,0.01,12,14292,买盘
1636,13:11:03,11.9,--,1,1190,卖盘
1637,13:11:00,11.9,--,2,2380,卖盘
1638,13:10:48,11.9,-0.01,52,61880,卖盘
1639,13:10:45,11.91,--,3,3573,买盘
1640,13:10:42,11.91,--,603,718173,买盘
1641,13:10:39,11.91,0.01,216,257256,买盘
1642,13:10:36,11.9,--,40,47600,卖盘
1643,13:10:33,11.9,--,1,1190,卖盘
1644,13:10:30,11.9,-0.01,3,3570,卖盘
1645,13:10:27,11.91,--,1,1191,买盘
1646,13:10:18,11.91,--,16,19056,买盘
1647,13:10:15,11.91,--,28,33348,买盘
1648,13:10:12,11.91,--,154,183414,买盘
1649,13:10:09,11.91,0.02,80,95280,买盘
1650,13:10:06,11.89,--,3,3567,卖盘
1651,13:10:00,11.89,--,108,128412,卖盘
1652,13:09:57,11.89,-0.01,113,134357,卖盘
1653,13:09:51,11.9,--,4,4760,买盘
1654,13:09:48,11.9,0.01,7,8330,买盘
1655,13:09:45,11.89,-0.01,2,2378,卖盘
1656,13:09:42,11.9,0.01,3,3570,买盘
1657,13:09:36,11.89,-0.01,18,21402,卖盘
1658,13:09:33,11.9,--,19,22610,买盘
1659,13:09:24,11.9,0.01,11,13090,买盘
1660,13:09:21,11.89,--,5,5945,卖盘
1661,13:09:18,11.89,-0.01,43,51127,卖盘
1662,13:09:15,11.9,0.01,43,51170,买盘
1663,13:09:12,11.89,--,1,1189,卖盘
1664,13:09:03,11.89,--,1,1189,卖盘
1665,13:09:00,11.89,-0.01,243,288927,卖盘
1666,13:08:57,11.9,--,2,2380,卖盘
1667,13:08:54,11.9,-0.01,3,3570,中性盘
1668,13:08:51,11.91,0.01,8,9528,买盘
1669,13:08:48,11.9,0.01,10,11900,买盘
1670,13:08:45,11.89,-0.03,6,7134,卖盘
1671,13:08:42,11.92,0.03,7,8344,买盘
1672,13:08:39,11.89,--,2,2378,卖盘
1673,13:08:36,11.89,-0.03,100,118900,卖盘
1674,13:08:30,11.92,0.01,6,7152,买盘
1675,13:08:27,11.91,0.01,207,247489,买盘
1676,13:08:24,11.9,--,418,498134,买盘
1677,13:08:18,11.9,--,7,8330,买盘
1678,13:08:15,11.9,--,19,22610,买盘
1679,13:08:12,11.9,--,28,33320,买盘
1680,13:08:06,11.9,0.01,6,7140,买盘
1681,13:08:03,11.89,-0.01,1,1189,卖盘
1682,13:07:57,11.9,--,19,22610,买盘
1683,13:07:54,11.9,--,160,190400,买盘
1684,13:07:45,11.9,0.01,105,124950,买盘
1685,13:07:36,11.89,--,8,9512,卖盘
1686,13:07:33,11.89,-0.01,8,9512,卖盘
1687,13:07:30,11.9,0.01,1,1190,买盘
1688,13:07:24,11.89,--,21,24969,卖盘
1689,13:07:21,11.89,--,21,24969,卖盘
1690,13:07:18,11.89,-0.01,18,21402,卖盘
1691,13:07:15,11.9,--,34,40460,买盘
1692,13:07:12,11.9,0.01,42,49980,买盘
1693,13:07:06,11.89,--,1,1189,卖盘
1694,13:07:03,11.89,-0.01,11,13079,卖盘
1695,13:06:57,11.9,0.01,163,193970,买盘
1696,13:06:51,11.89,--,27,32103,卖盘
1697,13:06:48,11.89,--,35,41615,卖盘
1698,13:06:42,11.89,-0.01,5,5945,卖盘
1699,13:06:39,11.9,0.01,7,8330,买盘
1700,13:06:36,11.89,--,20,23780,卖盘
1701,13:06:33,11.89,--,14,17359,卖盘
1702,13:06:30,11.89,--,8,9512,卖盘
1703,13:06:24,11.89,--,155,184295,卖盘
1704,13:06:21,11.89,-0.01,2,2378,卖盘
1705,13:06:18,11.9,--,8,9520,买盘
1706,13:06:15,11.9,--,13,15470,买盘
1707,13:06:09,11.9,--,31,36890,买盘
1708,13:06:06,11.9,--,158,188496,卖盘
1709,13:06:03,11.9,-0.01,2,2380,卖盘
1710,13:06:00,11.91,--,22,26202,买盘
1711,13:05:57,11.91,0.01,7,8337,买盘
1712,13:05:54,11.9,--,68,80920,卖盘
1713,13:05:51,11.9,-0.01,8,9520,卖盘
1714,13:05:42,11.91,0.01,22,26202,买盘
1715,13:05:39,11.9,--,170,203014,买盘
1716,13:05:36,11.9,--,7,8330,买盘
1717,13:05:33,11.9,--,2,2380,买盘
1718,13:05:30,11.9,--,44,52360,买盘
1719,13:05:24,11.9,--,7,8330,买盘
1720,13:05:21,11.9,--,1,1190,买盘
1721,13:05:18,11.9,--,300,357000,买盘
1722,13:05:12,11.9,--,36,42840,买盘
1723,13:05:09,11.9,-0.02,281,334866,卖盘
1724,13:05:06,11.92,0.01,41,48872,买盘
1725,13:05:03,11.91,--,502,597882,卖盘
1726,13:05:00,11.91,--,12,14292,卖盘
1727,13:04:57,11.91,-0.01,5,5955,中性盘
1728,13:04:51,11.92,0.02,7,8344,买盘
1729,13:04:48,11.9,-0.02,1010,1201900,卖盘
1730,13:04:39,11.92,-0.01,74,88208,卖盘
1731,13:04:33,11.93,0.02,876,1045783,买盘
1732,13:04:27,11.91,--,110,131486,卖盘
1733,13:04:24,11.91,--,605,720555,卖盘
1734,13:04:21,11.91,-0.01,10,11910,卖盘
1735,13:04:18,11.92,--,2,2384,买盘
1736,13:04:15,11.92,--,6,7152,买盘
1737,13:04:09,11.92,--,44,52448,买盘
1738,13:04:06,11.92,-0.01,42,50064,卖盘
1739,13:04:03,11.93,0.01,57,68001,买盘
1740,13:04:00,11.92,--,96,114432,卖盘
1741,13:03:57,11.92,--,37,44104,卖盘
1742,13:03:54,11.92,--,10,11920,卖盘
1743,13:03:51,11.92,--,12,14304,卖盘
1744,13:03:45,11.92,0.01,8,9536,卖盘
1745,13:03:42,11.91,-0.01,555,661005,卖盘
1746,13:03:39,11.92,-0.01,12,14304,卖盘
1747,13:03:36,11.93,--,12,14316,买盘
1748,13:03:33,11.93,--,13,15509,买盘
1749,13:03:30,11.93,--,2,2386,买盘
1750,13:03:21,11.93,--,27,32211,买盘
1751,13:03:18,11.93,--,5,5965,卖盘
1752,13:03:15,11.93,--,29,34597,卖盘
1753,13:03:12,11.93,-0.01,31,36983,卖盘
1754,13:03:09,11.94,--,7,8358,买盘
1755,13:03:06,11.94,0.02,29,34626,买盘
1756,13:03:03,11.92,--,8,9536,卖盘
1757,13:03:00,11.92,-0.02,97,115624,卖盘
1758,13:02:57,11.94,0.01,144,171936,买盘
1759,13:02:54,11.93,--,63,75159,买盘
1760,13:02:48,11.93,--,46,54878,买盘
1761,13:02:45,11.93,0.01,32,38176,买盘
1762,13:02:42,11.92,-0.01,20,23840,卖盘
1763,13:02:39,11.93,0.01,8,9544,买盘
1764,13:02:33,11.92,--,8,9536,卖盘
1765,13:02:30,11.92,--,8,9536,卖盘
1766,13:02:27,11.92,-0.01,20,23840,卖盘
1767,13:02:24,11.93,--,12,14316,买盘
1768,13:02:21,11.93,0.01,27,32211,买盘
1769,13:02:15,11.92,-0.01,38,45296,卖盘
1770,13:02:09,11.93,0.01,198,236214,买盘
1771,13:02:06,11.92,--,32,38144,买盘
1772,13:02:03,11.92,0.01,8,9536,买盘
1773,13:02:00,11.91,-0.01,2,2382,卖盘
1774,13:01:57,11.92,--,17,20264,买盘
1775,13:01:54,11.92,--,7,8344,买盘
1776,13:01:51,11.92,0.01,2,2384,买盘
1777,13:01:45,11.91,--,1,1191,卖盘
1778,13:01:42,11.91,-0.01,9,10719,卖盘
1779,13:01:33,11.92,--,19,22648,买盘
1780,13:01:30,11.92,0.01,5,5960,买盘
1781,13:01:27,11.91,-0.01,162,192942,卖盘
1782,13:01:21,11.92,0.01,54,64368,买盘
1783,13:01:18,11.91,--,10,11910,卖盘
1784,13:01:15,11.91,-0.01,5,5955,卖盘
1785,13:01:09,11.92,--,7,8344,买盘
1786,13:01:06,11.92,--,12,14304,买盘
1787,13:01:03,11.92,--,37,44104,买盘
1788,13:01:00,11.92,--,1,1192,买盘
1789,13:00:57,11.92,0.01,8,9536,买盘
1790,13:00:54,11.91,--,9,11433,卖盘
1791,13:00:51,11.91,-0.01,11,13101,卖盘
1792,13:00:48,11.92,0.01,6,7152,买盘
1793,13:00:45,11.91,--,32,38112,卖盘
1794,13:00:39,11.91,-0.01,440,524040,卖盘
1795,13:00:36,11.92,--,7,8344,买盘
1796,13:00:27,11.92,--,16,19072,买盘
1797,13:00:24,11.92,--,9,10728,买盘
1798,13:00:15,11.92,--,452,538784,买盘
1799,13:00:12,11.92,--,26,30992,买盘
1800,13:00:09,11.92,--,31,36952,买盘
1801,13:00:06,11.92,--,167,199064,买盘
1802,13:00:03,11.92,-0.01,3163,3770296,卖盘
1803,13:00:00,11.93,--,0,0,买盘
1804,11:30:00,11.93,--,1270,1515110,买盘
1805,11:29:57,11.93,--,134,159862,买盘
1806,11:29:51,11.93,--,6,7158,买盘
1807,11:29:48,11.93,-0.01,2,2386,买盘
1808,11:29:45,11.94,--,20,23880,买盘
1809,11:29:42,11.94,0.01,400,477600,买盘
1810,11:29:39,11.93,--,544,648992,卖盘
1811,11:29:36,11.93,--,2,2386,卖盘
1812,11:29:33,11.93,--,5,5965,卖盘
1813,11:29:30,11.93,-0.01,17,20281,卖盘
1814,11:29:27,11.94,0.01,17,20298,买盘
1815,11:29:21,11.93,-0.01,1010,1204930,卖盘
1816,11:29:18,11.94,0.01,7,8358,买盘
1817,11:29:15,11.93,--,4,4772,卖盘
1818,11:29:12,11.93,--,10,11930,卖盘
1819,11:29:09,11.93,--,77,91861,买盘
1820,11:29:06,11.93,0.02,19,22667,买盘
1821,11:29:03,11.91,-0.03,351,418041,卖盘
1822,11:29:00,11.94,--,38,45372,买盘
1823,11:28:57,11.94,0.03,7,8358,买盘
1824,11:28:54,11.91,-0.03,411,489501,卖盘
1825,11:28:51,11.94,0.01,1500,1791000,买盘
1826,11:28:48,11.93,0.01,8,9544,买盘
1827,11:28:45,11.92,-0.01,139,165688,卖盘
1828,11:28:42,11.93,-0.01,100,119300,卖盘
1829,11:28:39,11.94,0.01,120,143280,买盘
1830,11:28:36,11.93,--,2,2386,买盘
1831,11:28:33,11.93,0.01,7,8351,中性盘
1832,11:28:30,11.92,-0.02,12,14304,中性盘
1833,11:28:24,11.94,0.02,7,8358,买盘
1834,11:28:18,11.92,-0.01,14,16688,卖盘
1835,11:28:15,11.93,--,414,493902,卖盘
1836,11:28:12,11.93,0.01,2588,3087484,买盘
1837,11:28:09,11.92,0.01,74,88208,买盘
1838,11:28:06,11.91,-0.01,5,5955,卖盘
1839,11:28:03,11.92,0.01,33,39336,买盘
1840,11:28:00,11.91,-0.01,35,41685,卖盘
1841,11:27:57,11.92,--,326,388592,卖盘
1842,11:27:54,11.92,-0.01,8,9536,卖盘
1843,11:27:51,11.93,--,57,68001,买盘
1844,11:27:48,11.93,--,324,386532,卖盘
1845,11:27:45,11.93,--,59,70387,卖盘
1846,11:27:42,11.93,-0.01,69,82317,卖盘
1847,11:27:39,11.94,--,66,78804,买盘
1848,11:27:36,11.94,0.04,853,1018482,买盘
1849,11:27:33,11.9,-0.02,59,70210,卖盘
1850,11:27:30,11.92,--,148,176416,买盘
1851,11:27:27,11.92,0.02,70,83440,买盘
1852,11:27:24,11.9,--,125,148750,卖盘
1853,11:27:21,11.9,-0.02,59,70210,卖盘
1854,11:27:15,11.92,0.01,78,92976,买盘
1855,11:27:09,11.91,0.01,10,11910,买盘
1856,11:27:03,11.9,-0.01,23,27370,卖盘
1857,11:27:00,11.91,--,51,60741,买盘
1858,11:26:57,11.91,0.01,30,35730,买盘
1859,11:26:54,11.9,-0.02,10,11900,卖盘
1860,11:26:48,11.92,0.02,138,164496,买盘
1861,11:26:45,11.9,--,30,35700,卖盘
1862,11:26:42,11.9,--,723,860370,买盘
1863,11:26:39,11.9,--,3,3570,买盘
1864,11:26:36,11.9,--,7,8330,买盘
1865,11:26:33,11.9,-0.01,146,173740,卖盘
1866,11:26:30,11.91,--,5,5955,买盘
1867,11:26:27,11.91,0.01,7,8337,买盘
1868,11:26:24,11.9,-0.01,10,11900,卖盘
1869,11:26:21,11.91,--,199,237009,买盘
1870,11:26:18,11.91,0.01,10,11910,买盘
1871,11:26:09,11.9,0.01,21,24990,买盘
1872,11:26:06,11.89,--,59,70151,买盘
1873,11:26:03,11.89,--,6,7134,买盘
1874,11:26:00,11.89,0.01,18,21402,中性盘
1875,11:25:57,11.88,--,389,462132,买盘
1876,11:25:54,11.88,-0.02,111,131868,卖盘
1877,11:25:51,11.9,--,16,19040,买盘
1878,11:25:42,11.9,-0.01,81,96390,卖盘
1879,11:25:39,11.91,--,40,47640,卖盘
1880,11:25:36,11.91,-0.01,48,57168,卖盘
1881,11:25:33,11.92,--,10,11920,买盘
1882,11:25:30,11.92,--,20,23840,买盘
1883,11:25:27,11.92,0.01,26,30992,买盘
1884,11:25:24,11.91,-0.02,3,3573,卖盘
1885,11:25:21,11.93,0.01,589,702677,买盘
1886,11:25:18,11.92,--,99,118008,卖盘
1887,11:25:15,11.92,--,23,27416,卖盘
1888,11:25:12,11.92,--,111,132312,卖盘
1889,11:25:09,11.92,-0.01,161,191912,卖盘
1890,11:25:06,11.93,-0.01,5,5965,卖盘
1891,11:25:03,11.94,--,206,245964,卖盘
1892,11:25:00,11.94,-0.01,506,604164,卖盘
1893,11:24:57,11.95,0.01,61,72895,买盘
1894,11:24:51,11.94,--,160,191040,买盘
1895,11:24:48,11.94,--,66,78804,买盘
1896,11:24:45,11.94,--,67,79998,买盘
1897,11:24:42,11.94,--,26,31044,买盘
1898,11:24:39,11.94,0.01,4,4776,买盘
1899,11:24:36,11.93,0.01,78,93054,中性盘
1900,11:24:33,11.92,--,4189,4993288,卖盘
1901,11:24:30,11.92,--,162,193104,卖盘
1902,11:24:27,11.92,--,68,81056,卖盘
1903,11:24:24,11.92,-0.01,254,302768,卖盘
1904,11:24:21,11.93,--,213,254109,买盘
1905,11:24:18,11.93,--,2,2386,买盘
1906,11:24:15,11.93,-0.02,41,48913,卖盘
1907,11:24:12,11.95,0.02,93,111135,买盘
1908,11:24:09,11.93,--,46,54878,卖盘
1909,11:24:06,11.93,-0.02,260,310180,卖盘
1910,11:24:03,11.95,0.02,978,1168710,买盘
1911,11:24:00,11.93,0.01,625,745625,买盘
1912,11:23:57,11.92,0.01,1105,1317160,中性盘
1913,11:23:54,11.91,--,900,1071900,卖盘
1914,11:23:51,11.91,0.01,95,113145,卖盘
1915,11:23:48,11.9,--,348,414120,卖盘
1916,11:23:45,11.9,-0.01,132,157080,卖盘
1917,11:23:42,11.91,0.01,56,66696,买盘
1918,11:23:39,11.9,--,28,33320,卖盘
1919,11:23:36,11.9,--,20,23800,卖盘
1920,11:23:33,11.9,0.01,171,204442,买盘
1921,11:23:30,11.89,--,16,19024,卖盘
1922,11:23:27,11.89,--,2071,2462419,卖盘
1923,11:23:24,11.89,--,10,11890,卖盘
1924,11:23:21,11.89,-0.01,899,1068911,卖盘
1925,11:23:18,11.9,0.01,22,26180,买盘
1926,11:23:15,11.89,--,1,1189,卖盘
1927,11:23:12,11.89,--,2,2378,卖盘
1928,11:23:09,11.89,-0.01,5,5945,卖盘
1929,11:23:06,11.9,0.03,1692,2013932,买盘
1930,11:22:57,11.87,-0.02,66,78342,卖盘
1931,11:22:54,11.89,--,20,23780,买盘
1932,11:22:51,11.89,0.02,31,36859,买盘
1933,11:22:45,11.87,-0.01,19,22553,卖盘
1934,11:22:42,11.88,--,1,1188,卖盘
1935,11:22:39,11.88,--,113,134244,买盘
1936,11:22:33,11.88,0.01,135,160380,买盘
1937,11:22:27,11.87,-0.01,34,40358,卖盘
1938,11:22:24,11.88,0.01,114,135432,买盘
1939,11:22:21,11.87,-0.01,10,11870,卖盘
1940,11:22:15,11.88,--,10,11880,买盘
1941,11:22:12,11.88,0.01,10,11880,买盘
1942,11:22:09,11.87,-0.01,5,5935,卖盘
1943,11:22:03,11.88,--,15,17820,买盘
1944,11:22:00,11.88,--,35,41580,买盘
1945,11:21:57,11.88,-0.01,74,87912,卖盘
1946,11:21:54,11.89,0.01,93,110577,买盘
1947,11:21:51,11.88,-0.01,400,475200,卖盘
1948,11:21:48,11.89,--,88,104632,买盘
1949,11:21:42,11.89,--,220,261580,买盘
1950,11:21:39,11.89,--,215,255635,买盘
1951,11:21:36,11.89,0.01,185,219965,买盘
1952,11:21:33,11.88,-0.01,1,1188,卖盘
1953,11:21:30,11.89,--,24,28536,买盘
1954,11:21:27,11.89,0.01,133,158137,买盘
1955,11:21:24,11.88,-0.01,16,19008,卖盘
1956,11:21:21,11.89,0.01,7,8323,买盘
1957,11:21:18,11.88,0.01,106,125928,买盘
1958,11:21:15,11.87,-0.02,37,43919,中性盘
1959,11:21:09,11.89,0.02,510,606390,买盘
1960,11:21:06,11.87,--,9,10683,买盘
1961,11:21:03,11.87,-0.01,10,11870,买盘
1962,11:21:00,11.88,0.01,85,100980,买盘
1963,11:20:57,11.87,--,24,28487,卖盘
1964,11:20:54,11.87,-0.01,151,179237,卖盘
1965,11:20:48,11.88,0.01,31,36828,买盘
1966,11:20:45,11.87,-0.01,11,13057,卖盘
1967,11:20:42,11.88,0.01,111,131868,买盘
1968,11:20:36,11.87,-0.01,33,39171,卖盘
1969,11:20:33,11.88,--,46,54648,买盘
1970,11:20:27,11.88,0.01,1,1188,买盘
1971,11:20:24,11.87,0.02,434,515157,买盘
1972,11:20:21,11.85,0.01,6,7110,买盘
1973,11:20:15,11.84,-0.02,10,11840,卖盘
1974,11:20:12,11.86,0.02,401,475586,买盘
1975,11:20:09,11.84,--,10,11840,中性盘
1976,11:20:00,11.84,-0.01,17,20128,卖盘
1977,11:19:48,11.85,--,24,28440,买盘
1978,11:19:45,11.85,--,160,189600,卖盘
1979,11:19:42,11.85,-0.01,300,355500,卖盘
1980,11:19:39,11.86,--,338,400868,买盘
1981,11:19:33,11.86,--,1,1186,买盘
1982,11:19:30,11.86,--,6,7116,买盘
1983,11:19:27,11.86,0.01,9,10674,买盘
1984,11:19:24,11.85,-0.01,23,27255,卖盘
1985,11:19:18,11.86,--,220,260920,买盘
1986,11:19:15,11.86,--,7,8302,买盘
1987,11:19:12,11.86,--,23,27278,卖盘
1988,11:19:09,11.86,--,6,7116,卖盘
1989,11:19:06,11.86,-0.01,25,29650,卖盘
1990,11:19:03,11.87,--,7,8309,买盘
1991,11:18:57,11.87,--,17,20179,买盘
1992,11:18:51,11.87,0.02,6,7121,买盘
1993,11:18:48,11.85,-0.03,31,36735,卖盘
1994,11:18:45,11.88,--,27,32076,买盘
1995,11:18:42,11.88,--,8,9504,买盘
1996,11:18:39,11.88,0.03,2,2376,买盘
1997,11:18:36,11.85,-0.03,500,592500,卖盘
1998,11:18:33,11.88,--,67,79596,买盘
1999,11:18:30,11.88,-0.01,30,35640,卖盘
2000,11:18:27,11.89,0.01,84,99876,买盘
2001,11:18:21,11.88,--,72,85536,卖盘
2002,11:18:18,11.88,--,25,29700,卖盘
2003,11:18:12,11.88,--,43,51084,中性盘
2004,11:18:09,11.88,--,97,115236,卖盘
2005,11:18:06,11.88,--,347,412236,买盘
2006,11:18:03,11.88,--,14,16632,买盘
2007,11:18:00,11.88,--,11,13068,买盘
2008,11:17:57,11.88,--,19,22572,卖盘
2009,11:17:54,11.88,-0.01,10,11880,卖盘
2010,11:17:51,11.89,--,24,28536,买盘
2011,11:17:48,11.89,--,28,33292,买盘
2012,11:17:45,11.89,--,24,28536,买盘
2013,11:17:42,11.89,0.01,27,32103,买盘
2014,11:17:36,11.88,0.03,224,266112,买盘
2015,11:17:33,11.85,-0.01,3,3555,卖盘
2016,11:17:30,11.86,--,11,13046,买盘
2017,11:17:24,11.86,--,6,7116,买盘
2018,11:17:21,11.86,--,1,1186,买盘
2019,11:17:18,11.86,--,11,13046,买盘
2020,11:17:15,11.86,-0.03,11,13046,中性盘
2021,11:17:09,11.89,0.04,1000,1189000,买盘
2022,11:17:06,11.85,-0.04,198,235104,卖盘
2023,11:17:03,11.89,--,7,8323,买盘
2024,11:17:00,11.89,--,20,23780,买盘
2025,11:16:57,11.89,0.01,40,47560,买盘
2026,11:16:54,11.88,-0.01,119,141372,卖盘
2027,11:16:51,11.89,--,129,153381,卖盘
2028,11:16:48,11.89,--,46,54694,卖盘
2029,11:16:45,11.89,--,84,99876,卖盘
2030,11:16:42,11.89,-0.01,116,137924,卖盘
2031,11:16:39,11.9,--,7,8330,买盘
2032,11:16:36,11.9,0.01,202,240380,买盘
2033,11:16:33,11.89,0.04,2543,3024340,买盘
2034,11:16:30,11.85,--,11,13035,买盘
2035,11:16:21,11.85,--,63,74655,买盘
2036,11:16:18,11.85,--,34,40290,买盘
2037,11:16:15,11.85,-0.01,10,11850,中性盘
2038,11:16:12,11.86,0.01,1004,1190744,买盘
2039,11:16:09,11.85,--,17,20145,买盘
2040,11:16:03,11.85,--,190,225150,买盘
2041,11:15:57,11.85,--,1011,1198035,买盘
2042,11:15:54,11.85,--,1,1185,买盘
2043,11:15:45,11.85,--,26,30810,买盘
2044,11:15:42,11.85,--,16,18960,买盘
2045,11:15:39,11.85,0.03,28,33180,买盘
2046,11:15:36,11.82,-0.03,5,5910,卖盘
2047,11:15:33,11.85,0.03,1674,1983690,买盘
2048,11:15:24,11.82,0.01,6,7092,买盘
2049,11:15:21,11.81,0.01,2,2362,中性盘
2050,11:15:18,11.8,-0.02,20,23600,卖盘
2051,11:15:15,11.82,0.01,7,8274,买盘
2052,11:15:12,11.81,--,1,1181,卖盘
2053,11:15:09,11.81,--,19,22439,买盘
2054,11:15:06,11.81,--,1,1181,买盘
2055,11:15:03,11.81,--,47,55507,买盘
2056,11:14:54,11.81,-0.01,38,44878,卖盘
2057,11:14:51,11.82,0.01,7,8274,买盘
2058,11:14:45,11.81,0.01,7,8267,中性盘
2059,11:14:42,11.8,-0.02,45,53100,卖盘
2060,11:14:39,11.82,0.01,69,81558,买盘
2061,11:14:33,11.81,--,2,2362,买盘
2062,11:14:30,11.81,--,6,7086,中性盘
2063,11:14:24,11.81,--,52,61412,卖盘
2064,11:14:21,11.81,0.01,4,4724,买盘
2065,11:14:18,11.8,-0.01,201,237180,卖盘
2066,11:14:15,11.81,--,7,8267,买盘
2067,11:14:12,11.81,--,20,23620,买盘
2068,11:14:06,11.81,--,7,8267,买盘
2069,11:14:03,11.81,-0.01,46,54326,卖盘
2070,11:13:54,11.82,0.01,13,15366,买盘
2071,11:13:48,11.81,-0.01,210,248010,卖盘
2072,11:13:45,11.82,--,7,8274,买盘
2073,11:13:39,11.82,--,16,18912,买盘
2074,11:13:36,11.82,--,35,41370,买盘
2075,11:13:30,11.82,--,2,2364,买盘
2076,11:13:27,11.82,--,15,17730,买盘
2077,11:13:24,11.82,--,6,7092,买盘
2078,11:13:21,11.82,0.01,6,7092,买盘
2079,11:13:12,11.81,-0.01,13,15353,卖盘
2080,11:13:09,11.82,0.01,7,8274,买盘
2081,11:13:03,11.81,--,3,3543,卖盘
2082,11:13:00,11.81,--,8,9448,卖盘
2083,11:12:57,11.81,-0.01,16,18896,卖盘
2084,11:12:45,11.82,0.01,7,8274,买盘
2085,11:12:42,11.81,-0.01,18,21258,卖盘
2086,11:12:39,11.82,0.01,21,24822,买盘
2087,11:12:36,11.81,0.01,36,42516,买盘
2088,11:12:27,11.8,--,36,42480,买盘
2089,11:12:24,11.8,0.01,10,11800,买盘
2090,11:12:21,11.79,-0.01,10,11790,卖盘
2091,11:12:18,11.8,--,2,2360,买盘
2092,11:12:15,11.8,0.01,11,12980,买盘
2093,11:12:09,11.79,--,50,58949,卖盘
2094,11:12:06,11.79,-0.01,8,9432,卖盘
2095,11:12:00,11.8,0.01,41,48380,买盘
2096,11:11:54,11.79,--,12,14147,卖盘
2097,11:11:48,11.79,-0.01,43,50696,中性盘
2098,11:11:45,11.8,0.01,6,7080,买盘
2099,11:11:42,11.79,--,27,31832,买盘
2100,11:11:39,11.79,--,52,61307,卖盘
2101,11:11:36,11.79,--,28,33012,卖盘
2102,11:11:33,11.79,--,12,14147,卖盘
2103,11:11:30,11.79,--,18,21222,买盘
2104,11:11:18,11.79,-0.01,28,33012,卖盘
2105,11:11:09,11.8,0.01,7,8260,买盘
2106,11:11:03,11.79,-0.01,5,5895,卖盘
2107,11:10:57,11.8,-0.01,86,101480,卖盘
2108,11:10:48,11.81,--,10,11810,买盘
2109,11:10:45,11.81,--,10,11810,买盘
2110,11:10:36,11.81,-0.01,24,28344,卖盘
2111,11:10:33,11.82,--,30,35460,买盘
2112,11:10:27,11.82,0.01,106,125292,买盘
2113,11:10:24,11.81,--,20,23620,卖盘
2114,11:10:18,11.81,-0.01,18,21258,卖盘
2115,11:10:15,11.82,0.01,15,17730,买盘
2116,11:10:12,11.81,-0.01,41,48421,卖盘
2117,11:10:03,11.82,0.01,18,21276,买盘
2118,11:09:57,11.81,-0.01,8,9448,卖盘
2119,11:09:54,11.82,0.01,6,7092,买盘
2120,11:09:42,11.81,-0.01,3,3543,卖盘
2121,11:09:39,11.82,--,15,17730,买盘
2122,11:09:36,11.82,--,14,16548,买盘
2123,11:09:30,11.82,0.01,37,43734,买盘
2124,11:09:24,11.81,-0.01,20,23620,卖盘
2125,11:09:18,11.82,--,6,7092,买盘
2126,11:09:15,11.82,0.02,8,9456,买盘
2127,11:09:12,11.8,-0.02,5,5900,卖盘
2128,11:09:09,11.82,--,2,2364,买盘
2129,11:09:06,11.82,0.02,6,7092,买盘
2130,11:09:03,11.8,-0.02,5,5900,卖盘
2131,11:09:00,11.82,--,10,11820,买盘
2132,11:08:57,11.82,0.02,8,9456,买盘
2133,11:08:51,11.8,--,100,118000,卖盘
2134,11:08:48,11.8,-0.02,29,34220,卖盘
2135,11:08:42,11.82,0.02,3,3546,买盘
2136,11:08:39,11.8,-0.02,10,11800,卖盘
2137,11:08:36,11.82,--,21,24822,买盘
2138,11:08:33,11.82,--,29,34278,买盘
2139,11:08:27,11.82,--,1,1182,买盘
2140,11:08:24,11.82,--,7,8274,买盘
2141,11:08:18,11.82,--,3,3546,买盘
2142,11:08:15,11.82,--,15,17730,卖盘
2143,11:08:12,11.82,--,16,18912,卖盘
2144,11:08:09,11.82,-0.01,52,61464,卖盘
2145,11:08:06,11.83,--,35,41405,买盘
2146,11:08:03,11.83,0.01,11,13013,买盘
2147,11:07:57,11.82,-0.01,1,1182,卖盘
2148,11:07:51,11.83,--,7,8281,买盘
2149,11:07:48,11.83,--,31,36673,买盘
2150,11:07:45,11.83,--,3,3549,买盘
2151,11:07:39,11.83,0.01,16,18928,买盘
2152,11:07:36,11.82,--,30,35460,卖盘
2153,11:07:33,11.82,--,10,11820,卖盘
2154,11:07:30,11.82,--,30,35460,卖盘
2155,11:07:27,11.82,0.02,250,295500,买盘
2156,11:07:24,11.8,--,6,7080,卖盘
2157,11:07:21,11.8,--,10,11800,卖盘
2158,11:07:18,11.8,--,13,15340,卖盘
2159,11:07:15,11.8,--,46,54280,卖盘
2160,11:07:09,11.8,0.01,28,33040,买盘
2161,11:07:06,11.79,-0.01,16,18864,卖盘
2162,11:07:00,11.8,--,50,59000,买盘
2163,11:06:57,11.8,-0.02,94,110920,卖盘
2164,11:06:54,11.82,0.02,8,9456,买盘
2165,11:06:48,11.8,--,4,4720,卖盘
2166,11:06:45,11.8,-0.02,27,31860,卖盘
2167,11:06:42,11.82,0.02,60,70920,买盘
2168,11:06:39,11.8,--,2,2360,卖盘
2169,11:06:36,11.8,--,10,11800,卖盘
2170,11:06:33,11.8,--,16,18880,卖盘
2171,11:06:30,11.8,-0.02,16,18880,卖盘
2172,11:06:27,11.82,--,44,52008,买盘
2173,11:06:24,11.82,0.01,7,8274,买盘
2174,11:06:21,11.81,-0.01,13,15353,卖盘
2175,11:06:12,11.82,--,7,8274,买盘
2176,11:06:00,11.82,--,6,7092,买盘
2177,11:05:57,11.82,--,20,23640,买盘
2178,11:05:48,11.82,-0.02,7,8274,中性盘
2179,11:05:42,11.84,0.02,508,601472,买盘
2180,11:05:39,11.82,-0.02,13,15366,卖盘
2181,11:05:36,11.84,0.02,19,22496,买盘
2182,11:05:33,11.82,--,30,35460,卖盘
2183,11:05:27,11.82,-0.01,69,81558,卖盘
2184,11:05:24,11.83,--,10,11830,卖盘
2185,11:05:18,11.83,--,39,46137,买盘
2186,11:05:15,11.83,0.01,7,8281,买盘
2187,11:05:12,11.82,-0.01,4,4728,卖盘
2188,11:05:09,11.83,--,49,57967,买盘
2189,11:05:06,11.83,--,4,4732,买盘
2190,11:05:03,11.83,-0.01,17,20111,买盘
2191,11:04:57,11.84,--,10,11840,买盘
2192,11:04:54,11.84,0.03,6,7104,买盘
2193,11:04:51,11.81,--,10,11810,卖盘
2194,11:04:48,11.81,--,831,981411,卖盘
2195,11:04:45,11.81,-0.01,10,11810,卖盘
2196,11:04:42,11.82,0.01,17,20094,买盘
2197,11:04:39,11.81,--,563,664903,卖盘
2198,11:04:36,11.81,-0.01,15,17715,卖盘
2199,11:04:33,11.82,--,16,18912,买盘
2200,11:04:30,11.82,--,12,14184,买盘
2201,11:04:27,11.82,--,22,26004,买盘
2202,11:04:24,11.82,--,41,48462,买盘
2203,11:04:21,11.82,--,7,8274,买盘
2204,11:04:18,11.82,--,14,16548,买盘
2205,11:04:15,11.82,0.01,242,286044,买盘
2206,11:04:12,11.81,--,27,31887,买盘
2207,11:04:06,11.81,--,2,2362,买盘
2208,11:04:03,11.81,0.01,204,240924,买盘
2209,11:04:00,11.8,-0.01,8,9440,卖盘
2210,11:03:57,11.81,--,8,9448,买盘
2211,11:03:54,11.81,--,12,14172,买盘
2212,11:03:51,11.81,--,19,22439,买盘
2213,11:03:48,11.81,0.01,56,66136,买盘
2214,11:03:45,11.8,-0.01,5,5900,卖盘
2215,11:03:39,11.81,0.01,4,4724,买盘
2216,11:03:36,11.8,--,43,50740,买盘
2217,11:03:30,11.8,--,211,248980,买盘
2218,11:03:27,11.8,--,23,27140,买盘
2219,11:03:24,11.8,--,23,27140,买盘
2220,11:03:21,11.8,--,29,34220,买盘
2221,11:03:15,11.8,0.01,6,7080,买盘
2222,11:03:12,11.79,-0.01,25,29474,卖盘
2223,11:03:09,11.8,--,215,253700,买盘
2224,11:03:06,11.8,--,9,10620,买盘
2225,11:03:03,11.8,--,35,41300,买盘
2226,11:03:00,11.8,--,20,23600,买盘
2227,11:02:51,11.8,0.01,3006,3547080,买盘
2228,11:02:48,11.79,0.01,61,71919,买盘
2229,11:02:45,11.78,-0.01,90,106020,卖盘
2230,11:02:42,11.79,0.01,7,8253,买盘
2231,11:02:39,11.78,--,16,18848,卖盘
2232,11:02:36,11.78,0.01,1070,1260460,买盘
2233,11:02:33,11.77,-0.01,2,2354,卖盘
2234,11:02:30,11.78,--,16,18848,买盘
2235,11:02:27,11.78,0.01,43,50654,买盘
2236,11:02:24,11.77,-0.01,10,11770,卖盘
2237,11:02:21,11.78,0.01,19,22382,买盘
2238,11:02:18,11.77,-0.01,37,43549,卖盘
2239,11:02:15,11.78,--,90,106020,买盘
2240,11:02:09,11.78,0.01,7,8246,买盘
2241,11:02:03,11.77,-0.01,25,29425,卖盘
2242,11:02:00,11.78,--,4,4712,买盘
2243,11:01:57,11.78,0.01,24,28272,买盘
2244,11:01:54,11.77,--,4,4708,卖盘
2245,11:01:51,11.77,--,6,7062,卖盘
2246,11:01:48,11.77,-0.01,14,16478,卖盘
2247,11:01:45,11.78,0.01,339,399424,买盘
2248,11:01:42,11.77,--,27,31779,买盘
2249,11:01:39,11.77,0.01,7,8239,买盘
2250,11:01:36,11.76,--,11,12936,卖盘
2251,11:01:33,11.76,-0.01,13,15288,卖盘
2252,11:01:30,11.77,0.01,9,10593,买盘
2253,11:01:27,11.76,-0.01,85,99960,卖盘
2254,11:01:24,11.77,0.01,7,8239,买盘
2255,11:01:21,11.76,-0.01,61,71736,卖盘
2256,11:01:18,11.77,--,29,34133,买盘
2257,11:01:15,11.77,--,1,1177,买盘
2258,11:01:12,11.77,--,16,18832,买盘
2259,11:01:09,11.77,0.01,28,32956,买盘
2260,11:01:06,11.76,-0.01,8,9408,卖盘
2261,11:01:03,11.77,0.01,14,16478,买盘
2262,11:01:00,11.76,--,20,23520,卖盘
2263,11:00:54,11.76,-0.01,3,3528,卖盘
2264,11:00:51,11.77,--,7,8239,买盘
2265,11:00:48,11.77,0.01,32,37664,买盘
2266,11:00:45,11.76,-0.01,17,19992,卖盘
2267,11:00:42,11.77,--,20,23540,买盘
2268,11:00:39,11.77,0.01,6,7062,买盘
2269,11:00:33,11.76,--,20,23520,卖盘
2270,11:00:30,11.76,-0.01,63,74088,卖盘
2271,11:00:18,11.77,--,21,24717,买盘
2272,11:00:15,11.77,0.01,30,35310,买盘
2273,11:00:12,11.76,-0.01,2,2352,卖盘
2274,11:00:06,11.77,0.01,42,49434,买盘
2275,11:00:03,11.76,-0.01,3,3528,卖盘
2276,10:59:54,11.77,--,7,8239,买盘
2277,10:59:51,11.77,--,4,4708,买盘
2278,10:59:45,11.77,0.01,10,11770,买盘
2279,10:59:42,11.76,--,3,3528,卖盘
2280,10:59:39,11.76,-0.01,1,1176,卖盘
2281,10:59:33,11.77,--,10,11770,买盘
2282,10:59:27,11.77,0.01,30,35310,买盘
2283,10:59:24,11.76,-0.01,8,9408,卖盘
2284,10:59:21,11.77,--,18,21186,买盘
2285,10:59:18,11.77,--,10,11770,买盘
2286,10:59:15,11.77,--,36,42372,买盘
2287,10:59:12,11.77,--,84,98868,买盘
2288,10:59:09,11.77,--,7,8239,买盘
2289,10:59:03,11.77,--,27,31779,买盘
2290,10:59:00,11.77,--,13,15301,买盘
2291,10:58:57,11.77,0.01,5,5885,买盘
2292,10:58:54,11.76,-0.01,10,11760,卖盘
2293,10:58:51,11.77,--,10,11770,买盘
2294,10:58:48,11.77,0.01,6,7062,买盘
2295,10:58:39,11.76,-0.01,99,116424,卖盘
2296,10:58:36,11.77,0.01,5,5885,买盘
2297,10:58:33,11.76,--,3,3528,卖盘
2298,10:58:30,11.76,-0.01,6,7056,卖盘
2299,10:58:27,11.77,0.01,11,12947,买盘
2300,10:58:24,11.76,-0.01,3,3528,中性盘
2301,10:58:18,11.77,0.01,16,18832,买盘
2302,10:58:15,11.76,--,35,41160,买盘
2303,10:58:12,11.76,--,130,152880,买盘
2304,10:58:06,11.76,--,6,7056,买盘
2305,10:58:03,11.76,--,5,5880,买盘
2306,10:58:00,11.76,0.01,22,25872,买盘
2307,10:57:54,11.75,--,22,25850,买盘
2308,10:57:51,11.75,-0.01,2,2350,卖盘
2309,10:57:48,11.76,0.02,32,37632,买盘
2310,10:57:45,11.74,-0.02,42,49308,卖盘
2311,10:57:42,11.76,0.01,6,7056,买盘
2312,10:57:36,11.75,--,8,9400,买盘
2313,10:57:33,11.75,--,7,8225,买盘
2314,10:57:30,11.75,0.01,41,48175,中性盘
2315,10:57:24,11.74,-0.02,2,2348,卖盘
2316,10:57:21,11.76,--,8,9408,买盘
2317,10:57:15,11.76,--,17,19992,买盘
2318,10:57:12,11.76,0.02,33,38808,买盘
2319,10:57:06,11.74,-0.02,130,152620,卖盘
2320,10:57:03,11.76,0.01,87,102500,买盘
2321,10:56:57,11.75,0.01,7,8225,买盘
2322,10:56:54,11.74,--,25,29350,卖盘
2323,10:56:51,11.74,-0.01,30,35220,卖盘
2324,10:56:48,11.75,--,14,16450,买盘
2325,10:56:39,11.75,--,33,38775,买盘
2326,10:56:36,11.75,--,16,18800,买盘
2327,10:56:27,11.75,--,106,124550,买盘
2328,10:56:24,11.75,--,64,75200,买盘
2329,10:56:21,11.75,0.01,27,31725,买盘
2330,10:56:15,11.74,-0.01,42,49308,卖盘
2331,10:56:09,11.75,--,29,34075,买盘
2332,10:56:06,11.75,0.01,6,7050,买盘
2333,10:56:03,11.74,-0.01,11,12914,卖盘
2334,10:56:00,11.75,--,24,28200,买盘
2335,10:55:54,11.75,--,27,31725,买盘
2336,10:55:51,11.75,--,37,43475,买盘
2337,10:55:48,11.75,0.01,8,9400,买盘
2338,10:55:45,11.74,--,14,16436,卖盘
2339,10:55:42,11.74,-0.01,12,14088,卖盘
2340,10:55:39,11.75,--,2,2350,买盘
2341,10:55:30,11.75,0.02,6,7050,买盘
2342,10:55:27,11.73,-0.02,32,37536,卖盘
2343,10:55:24,11.75,--,1,1175,买盘
2344,10:55:21,11.75,0.02,15,17625,买盘
2345,10:55:18,11.73,-0.02,39,45747,卖盘
2346,10:55:12,11.75,--,23,27025,买盘
2347,10:55:09,11.75,0.01,28,32900,买盘
2348,10:55:06,11.74,--,2,2348,买盘
2349,10:55:03,11.74,-0.01,5,5870,卖盘
2350,10:55:00,11.75,--,8,9400,买盘
2351,10:54:54,11.75,--,1,1175,买盘
2352,10:54:48,11.75,--,17,19975,买盘
2353,10:54:45,11.75,--,92,108100,买盘
2354,10:54:39,11.75,--,7,8225,买盘
2355,10:54:36,11.75,0.03,30,35250,买盘
2356,10:54:27,11.72,-0.03,34,39848,卖盘
2357,10:54:24,11.75,--,17,19975,买盘
2358,10:54:21,11.75,0.03,204,239700,买盘
2359,10:54:18,11.72,-0.01,10,11720,卖盘
2360,10:54:15,11.73,0.01,56,65688,买盘
2361,10:54:12,11.72,--,99,116028,卖盘
2362,10:54:09,11.72,-0.01,6,7032,卖盘
2363,10:54:06,11.73,--,32,37536,买盘
2364,10:54:03,11.73,--,11,12903,买盘
2365,10:54:00,11.73,--,2,2346,买盘
2366,10:53:57,11.73,0.01,6,7038,买盘
2367,10:53:54,11.72,-0.01,8,9376,卖盘
2368,10:53:51,11.73,--,53,62169,买盘
2369,10:53:45,11.73,--,10,11730,买盘
2370,10:53:42,11.73,--,49,57477,买盘
2371,10:53:39,11.73,--,40,46920,买盘
2372,10:53:36,11.73,--,5,5865,买盘
2373,10:53:33,11.73,--,2,2346,买盘
2374,10:53:30,11.73,--,8,9384,买盘
2375,10:53:21,11.73,--,2,2346,买盘
2376,10:53:18,11.73,--,6,7038,买盘
2377,10:53:12,11.73,--,27,31671,买盘
2378,10:53:09,11.73,--,18,21114,买盘
2379,10:53:06,11.73,--,105,123165,买盘
2380,10:53:03,11.73,-0.02,437,512601,卖盘
2381,10:52:57,11.75,--,8,9400,买盘
2382,10:52:54,11.75,0.02,3,3525,买盘
2383,10:52:51,11.73,-0.02,196,229908,卖盘
2384,10:52:48,11.75,0.01,146,171550,买盘
2385,10:52:45,11.74,--,7,8218,买盘
2386,10:52:36,11.74,--,29,34046,买盘
2387,10:52:33,11.74,--,7,8218,买盘
2388,10:52:30,11.74,-0.01,5,5870,中性盘
2389,10:52:24,11.75,--,8,9400,买盘
2390,10:52:21,11.75,0.02,36,42300,买盘
2391,10:52:18,11.73,-0.01,30,35190,卖盘
2392,10:52:12,11.74,--,32,37568,买盘
2393,10:52:09,11.74,--,20,23480,买盘
2394,10:52:06,11.74,--,43,50482,买盘
2395,10:52:03,11.74,0.01,68,79832,买盘
2396,10:52:00,11.73,--,4,4692,卖盘
2397,10:51:57,11.73,-0.01,1,1173,卖盘
2398,10:51:51,11.74,--,7,8218,买盘
2399,10:51:42,11.74,--,48,56352,买盘
2400,10:51:39,11.74,0.01,6,7044,买盘
2401,10:51:36,11.73,-0.01,4,4692,卖盘
2402,10:51:33,11.74,0.01,13,15262,买盘
2403,10:51:30,11.73,-0.01,12,14076,卖盘
2404,10:51:27,11.74,--,24,28176,买盘
2405,10:51:21,11.74,--,31,36394,买盘
2406,10:51:18,11.74,--,6,7044,买盘
2407,10:51:12,11.74,--,2,2348,买盘
2408,10:51:09,11.74,--,7,8218,买盘
2409,10:51:06,11.74,--,16,18784,买盘
2410,10:51:03,11.74,0.01,28,32872,买盘
2411,10:50:57,11.73,-0.01,42,49266,卖盘
2412,10:50:54,11.74,--,16,18784,买盘
2413,10:50:51,11.74,--,7,8218,买盘
2414,10:50:45,11.74,--,71,83354,买盘
2415,10:50:42,11.74,0.01,6,7044,买盘
2416,10:50:39,11.73,--,9,10557,卖盘
2417,10:50:36,11.73,--,17,19941,卖盘
2418,10:50:33,11.73,-0.01,15,17595,卖盘
2419,10:50:30,11.74,0.01,8,9392,买盘
2420,10:50:24,11.73,--,58,68034,卖盘
2421,10:50:21,11.73,--,40,46920,卖盘
2422,10:50:18,11.73,--,32,37536,买盘
2423,10:50:15,11.73,0.01,10,11730,买盘
2424,10:50:12,11.72,-0.01,145,169940,卖盘
2425,10:50:09,11.73,--,6,7038,买盘
2426,10:50:03,11.73,--,17,19941,买盘
2427,10:50:00,11.73,--,194,227562,买盘
2428,10:49:57,11.73,0.01,40,46920,买盘
2429,10:49:51,11.72,--,9,10548,卖盘
2430,10:49:48,11.72,--,18,21096,卖盘
2431,10:49:45,11.72,--,13,15236,卖盘
2432,10:49:42,11.72,--,3,3516,卖盘
2433,10:49:39,11.72,--,76,89072,卖盘
2434,10:49:36,11.72,-0.01,15,17580,卖盘
2435,10:49:33,11.73,0.01,62,72726,买盘
2436,10:49:30,11.72,-0.01,7,8204,卖盘
2437,10:49:27,11.73,--,7,8211,买盘
2438,10:49:24,11.73,--,6,7038,买盘
2439,10:49:21,11.73,--,190,222870,卖盘
2440,10:49:18,11.73,-0.01,9,10557,卖盘
2441,10:49:15,11.74,--,3,3522,买盘
2442,10:49:12,11.74,--,7,8218,买盘
2443,10:49:09,11.74,--,7,8218,买盘
2444,10:49:06,11.74,--,5,5870,买盘
2445,10:49:03,11.74,--,20,23480,买盘
2446,10:49:00,11.74,0.01,32,37568,买盘
2447,10:48:57,11.73,-0.01,43,50439,卖盘
2448,10:48:54,11.74,--,8,9392,买盘
2449,10:48:51,11.74,--,9,10566,买盘
2450,10:48:45,11.74,--,7,8218,买盘
2451,10:48:42,11.74,0.01,7,8218,买盘
2452,10:48:39,11.73,--,17,19941,卖盘
2453,10:48:36,11.73,--,12,14076,卖盘
2454,10:48:33,11.73,--,8,9384,卖盘
2455,10:48:30,11.73,-0.01,65,76245,卖盘
2456,10:48:27,11.74,0.01,1,1174,买盘
2457,10:48:24,11.73,-0.01,32,37536,卖盘
2458,10:48:21,11.74,--,8,9392,买盘
2459,10:48:18,11.74,0.01,8,9392,买盘
2460,10:48:15,11.73,-0.01,1,1173,卖盘
2461,10:48:12,11.74,--,17,19958,买盘
2462,10:48:09,11.74,0.01,1,1174,买盘
2463,10:48:06,11.73,-0.01,49,57477,卖盘
2464,10:48:03,11.74,0.01,17,19958,买盘
2465,10:48:00,11.73,-0.01,287,336651,卖盘
2466,10:47:57,11.74,--,7,8218,买盘
2467,10:47:54,11.74,0.01,6,7044,买盘
2468,10:47:51,11.73,--,12,14076,卖盘
2469,10:47:48,11.73,-0.01,9,10557,卖盘
2470,10:47:45,11.74,--,17,19958,买盘
2471,10:47:42,11.74,--,1,1174,买盘
2472,10:47:39,11.74,--,7,8218,买盘
2473,10:47:33,11.74,--,11,12914,买盘
2474,10:47:30,11.74,0.01,1,1174,买盘
2475,10:47:27,11.73,-0.01,1,1173,卖盘
2476,10:47:24,11.74,0.01,9,10566,买盘
2477,10:47:21,11.73,-0.01,1,1173,卖盘
2478,10:47:18,11.74,0.01,1,1174,买盘
2479,10:47:15,11.73,-0.01,1,1173,卖盘
2480,10:47:12,11.74,0.01,8,9392,买盘
2481,10:47:09,11.73,-0.01,6,7038,卖盘
2482,10:47:06,11.74,--,164,192536,买盘
2483,10:47:00,11.74,--,39,45786,买盘
2484,10:46:57,11.74,0.01,30,35220,买盘
2485,10:46:54,11.73,-0.01,1,1173,卖盘
2486,10:46:51,11.74,0.01,8,9392,买盘
2487,10:46:48,11.73,-0.01,1,1173,卖盘
2488,10:46:45,11.74,0.01,1,1174,买盘
2489,10:46:42,11.73,-0.01,1,1173,卖盘
2490,10:46:39,11.74,0.01,7,8218,买盘
2491,10:46:36,11.73,--,93,109089,卖盘
2492,10:46:33,11.73,--,4,4692,卖盘
2493,10:46:30,11.73,-0.01,1,1173,卖盘
2494,10:46:27,11.74,0.01,6,7044,买盘
2495,10:46:24,11.73,--,21,24633,卖盘
2496,10:46:21,11.73,-0.01,6,7038,卖盘
2497,10:46:15,11.74,--,21,24654,买盘
2498,10:46:12,11.74,0.01,1,1174,买盘
2499,10:46:09,11.73,-0.01,1,1173,卖盘
2500,10:46:06,11.74,0.01,61,71614,买盘
2501,10:46:03,11.73,-0.01,4,4692,卖盘
2502,10:46:00,11.74,0.01,16,18784,买盘
2503,10:45:57,11.73,-0.01,30,35190,中性盘
2504,10:45:54,11.74,0.02,8,9392,买盘
2505,10:45:51,11.72,-0.02,1,1172,卖盘
2506,10:45:48,11.74,0.01,211,247714,买盘
2507,10:45:45,11.73,-0.01,74,86802,卖盘
2508,10:45:42,11.74,--,15,17610,买盘
2509,10:45:39,11.74,0.01,44,51656,买盘
2510,10:45:36,11.73,-0.01,1,1173,卖盘
2511,10:45:33,11.74,0.01,19,22306,买盘
2512,10:45:27,11.73,-0.01,6,7038,卖盘
2513,10:45:24,11.74,0.01,1,1174,买盘
2514,10:45:21,11.73,-0.01,19,22287,卖盘
2515,10:45:18,11.74,0.01,1,1174,买盘
2516,10:45:15,11.73,-0.01,1,1173,卖盘
2517,10:45:12,11.74,0.01,37,43438,买盘
2518,10:45:06,11.73,--,6,7038,卖盘
2519,10:45:03,11.73,--,9,10557,卖盘
2520,10:45:00,11.73,--,27,31671,卖盘
2521,10:44:57,11.73,-0.01,38,44574,卖盘
2522,10:44:54,11.74,0.01,28,32872,买盘
2523,10:44:51,11.73,-0.01,8,9384,卖盘
2524,10:44:48,11.74,0.01,1,1174,买盘
2525,10:44:45,11.73,-0.01,1,1173,卖盘
2526,10:44:42,11.74,0.01,22,25828,买盘
2527,10:44:39,11.73,-0.01,8,9384,卖盘
2528,10:44:36,11.74,0.01,1,1174,买盘
2529,10:44:33,11.73,-0.01,3,3519,卖盘
2530,10:44:27,11.74,--,7,8218,买盘
2531,10:44:24,11.74,--,11,12914,买盘
2532,10:44:21,11.74,--,15,17610,买盘
2533,10:44:15,11.74,--,8,9392,买盘
2534,10:44:12,11.74,0.01,1,1174,买盘
2535,10:44:09,11.73,-0.01,3,3519,卖盘
2536,10:44:06,11.74,0.01,58,68092,买盘
2537,10:44:03,11.73,-0.01,1,1173,卖盘
2538,10:44:00,11.74,0.01,1,1174,买盘
2539,10:43:57,11.73,-0.01,1,1173,卖盘
2540,10:43:54,11.74,0.01,25,29350,买盘
2541,10:43:51,11.73,--,47,55131,卖盘
2542,10:43:48,11.73,-0.01,1,1173,卖盘
2543,10:43:42,11.74,--,6,7044,买盘
2544,10:43:33,11.74,--,224,262976,买盘
2545,10:43:30,11.74,0.01,57,66918,买盘
2546,10:43:27,11.73,--,2,2346,卖盘
2547,10:43:24,11.73,-0.01,1,1173,卖盘
2548,10:43:21,11.74,0.01,7,8218,买盘
2549,10:43:18,11.73,-0.02,1,1173,卖盘
2550,10:43:15,11.75,0.02,234,274950,买盘
2551,10:43:12,11.73,-0.01,300,352885,卖盘
2552,10:43:09,11.74,--,615,722010,卖盘
2553,10:43:03,11.74,-0.01,3,3522,卖盘
2554,10:42:57,11.75,--,43,50525,买盘
2555,10:42:54,11.75,--,13,15275,买盘
2556,10:42:51,11.75,0.01,41,48175,买盘
2557,10:42:48,11.74,-0.01,42,49308,卖盘
2558,10:42:39,11.75,0.01,8,9400,买盘
2559,10:42:36,11.74,-0.01,1,1174,卖盘
2560,10:42:33,11.75,--,65,76375,买盘
2561,10:42:27,11.75,--,12,14100,买盘
2562,10:42:21,11.75,--,9,10575,买盘
2563,10:42:18,11.75,--,28,32900,买盘
2564,10:42:15,11.75,--,7,8225,买盘
2565,10:42:12,11.75,0.01,42,49350,买盘
2566,10:42:06,11.74,-0.02,34,39916,卖盘
2567,10:42:03,11.76,0.01,12,14112,买盘
2568,10:41:57,11.75,-0.01,19,22325,卖盘
2569,10:41:54,11.76,0.01,71,83496,买盘
2570,10:41:51,11.75,--,14,16450,买盘
2571,10:41:48,11.75,0.01,40,47000,买盘
2572,10:41:45,11.74,--,327,383898,卖盘
2573,10:41:42,11.74,0.01,140,164547,买盘
2574,10:41:39,11.73,--,30,35190,卖盘
2575,10:41:36,11.73,--,50,58650,卖盘
2576,10:41:33,11.73,-0.01,24,28152,卖盘
2577,10:41:30,11.74,0.01,1,1174,买盘
2578,10:41:24,11.73,-0.01,10,11730,卖盘
2579,10:41:21,11.74,0.01,26,30524,买盘
2580,10:41:18,11.73,-0.01,1,1173,卖盘
2581,10:41:09,11.74,--,15,17610,买盘
2582,10:41:06,11.74,--,7,8218,买盘
2583,10:41:03,11.74,--,22,25828,买盘
2584,10:40:57,11.74,--,6,7044,买盘
2585,10:40:48,11.74,--,22,25828,买盘
2586,10:40:45,11.74,--,44,51656,买盘
2587,10:40:42,11.74,--,2,2348,买盘
2588,10:40:39,11.74,--,35,41090,买盘
2589,10:40:36,11.74,--,320,376666,卖盘
2590,10:40:33,11.74,-0.01,302,354548,卖盘
2591,10:40:30,11.75,0.01,14,16450,买盘
2592,10:40:27,11.74,-0.01,12,14088,卖盘
2593,10:40:24,11.75,0.01,6,7050,买盘
2594,10:40:21,11.74,--,2,2348,卖盘
2595,10:40:18,11.74,-0.01,8,9392,卖盘
2596,10:40:15,11.75,--,7,8225,买盘
2597,10:40:12,11.75,--,9,10575,买盘
2598,10:40:03,11.75,0.01,6,7050,买盘
2599,10:39:57,11.74,--,6,7231,买盘
2600,10:39:54,11.74,--,69,81006,买盘
2601,10:39:51,11.74,--,22,25828,买盘
2602,10:39:48,11.74,--,44,51656,买盘
2603,10:39:45,11.74,--,31,36394,买盘
2604,10:39:39,11.74,0.01,6,7044,买盘
2605,10:39:30,11.73,-0.01,4,4692,卖盘
2606,10:39:27,11.74,0.02,11,12914,买盘
2607,10:39:24,11.72,-0.02,20,23440,卖盘
2608,10:39:18,11.74,0.01,7,8218,买盘
2609,10:39:15,11.73,--,10,11730,买盘
2610,10:39:12,11.73,--,28,32844,买盘
2611,10:39:09,11.73,--,50,58650,卖盘
2612,10:39:03,11.73,--,64,75072,买盘
2613,10:39:00,11.73,--,1,1173,买盘
2614,10:38:57,11.73,--,8,9384,买盘
2615,10:38:54,11.73,-0.01,30,35190,卖盘
2616,10:38:48,11.74,--,53,62222,买盘
2617,10:38:45,11.74,0.01,571,670354,买盘
2618,10:38:39,11.73,-0.01,14,16422,卖盘
2619,10:38:36,11.74,0.01,7,8218,买盘
2620,10:38:33,11.73,--,7,8211,卖盘
2621,10:38:30,11.73,--,153,179469,卖盘
2622,10:38:27,11.73,-0.01,15,17595,卖盘
2623,10:38:24,11.74,0.01,39,45786,买盘
2624,10:38:18,11.73,--,10,11730,卖盘
2625,10:38:15,11.73,--,17,19941,卖盘
2626,10:38:03,11.73,--,15,17595,卖盘
2627,10:37:54,11.73,-0.01,4,4692,卖盘
2628,10:37:48,11.74,0.01,21,24654,买盘
2629,10:37:45,11.73,--,59,69207,卖盘
2630,10:37:42,11.73,--,48,56304,卖盘
2631,10:37:36,11.73,--,39,45747,卖盘
2632,10:37:33,11.73,--,27,31671,卖盘
2633,10:37:30,11.73,--,503,590019,卖盘
2634,10:37:27,11.73,--,4,4692,卖盘
2635,10:37:24,11.73,--,5,5865,卖盘
2636,10:37:09,11.73,-0.01,4,4692,卖盘
2637,10:37:03,11.74,--,11,12914,买盘
2638,10:37:00,11.74,--,1,2160,卖盘
2639,10:36:57,11.74,--,300,352200,卖盘
2640,10:36:54,11.74,--,333,390942,卖盘
2641,10:36:45,11.74,--,26,30524,卖盘
2642,10:36:42,11.74,-0.01,2,2348,卖盘
2643,10:36:39,11.75,0.01,29,34075,买盘
2644,10:36:33,11.74,-0.01,14,16436,卖盘
2645,10:36:30,11.75,--,1,1175,买盘
2646,10:36:24,11.75,0.01,20,23500,买盘
2647,10:36:21,11.74,-0.01,3,3522,卖盘
2648,10:36:06,11.75,--,6,7050,买盘
2649,10:36:03,11.75,0.01,3,3525,买盘
2650,10:36:00,11.74,--,6,7044,卖盘
2651,10:35:57,11.74,--,1,1174,卖盘
2652,10:35:54,11.74,-0.01,100,117400,卖盘
2653,10:35:42,11.75,-0.01,73,85775,卖盘
2654,10:35:39,11.76,0.01,32,37632,买盘
2655,10:35:36,11.75,--,23,27025,卖盘
2656,10:35:33,11.75,--,4,4700,卖盘
2657,10:35:30,11.75,--,1,1175,卖盘
2658,10:35:27,11.75,-0.01,1,1175,卖盘
2659,10:35:24,11.76,0.01,13,15288,买盘
2660,10:35:15,11.75,--,10,11750,卖盘
2661,10:35:09,11.75,--,3,3525,卖盘
2662,10:35:03,11.75,-0.01,10,11750,卖盘
2663,10:35:00,11.76,--,17,19992,买盘
2664,10:34:54,11.76,0.01,27,31752,买盘
2665,10:34:51,11.75,-0.01,86,101050,卖盘
2666,10:34:48,11.76,--,12,14112,买盘
2667,10:34:42,11.76,--,15,17640,买盘
2668,10:34:39,11.76,0.01,29,34104,买盘
2669,10:34:36,11.75,--,12,14100,卖盘
2670,10:34:33,11.75,--,2,2350,卖盘
2671,10:34:30,11.75,--,10,11750,卖盘
2672,10:34:27,11.75,--,1,1175,卖盘
2673,10:34:24,11.75,--,5,5875,卖盘
2674,10:34:21,11.75,--,8,9400,卖盘
2675,10:34:12,11.75,-0.01,10,11750,卖盘
2676,10:33:54,11.76,--,1,1176,买盘
2677,10:33:51,11.76,0.01,116,136416,买盘
2678,10:33:48,11.75,-0.01,19,22325,卖盘
2679,10:33:45,11.76,--,9,10584,买盘
2680,10:33:42,11.76,--,12,14112,买盘
2681,10:33:39,11.76,0.01,78,91728,买盘
2682,10:33:36,11.75,-0.01,20,23500,卖盘
2683,10:33:30,11.76,--,1,1176,买盘
2684,10:33:27,11.76,--,19,22344,买盘
2685,10:33:15,11.76,0.01,52,61152,买盘
2686,10:33:12,11.75,--,13,15275,卖盘
2687,10:33:09,11.75,--,11,12925,卖盘
2688,10:33:00,11.75,--,40,47000,卖盘
2689,10:32:57,11.75,--,13,15275,卖盘
2690,10:32:54,11.75,--,5,5875,卖盘
2691,10:32:51,11.75,--,21,24675,卖盘
2692,10:32:48,11.75,--,10,11750,卖盘
2693,10:32:45,11.75,-0.01,47,55225,卖盘
2694,10:32:39,11.76,0.01,15,17640,买盘
2695,10:32:36,11.75,--,30,35250,卖盘
2696,10:32:33,11.75,-0.01,2,2350,卖盘
2697,10:32:30,11.76,0.01,1,1176,买盘
2698,10:32:24,11.75,--,46,54050,卖盘
2699,10:32:21,11.75,-0.01,2,2350,卖盘
2700,10:32:15,11.76,0.01,1,1176,买盘
2701,10:32:12,11.75,--,49,57575,卖盘
2702,10:32:00,11.75,-0.01,14,16450,卖盘
2703,10:31:57,11.76,--,1,1176,买盘
2704,10:31:54,11.76,0.01,18,21168,买盘
2705,10:31:51,11.75,-0.01,33,38775,卖盘
2706,10:31:42,11.76,0.01,1,1176,买盘
2707,10:31:39,11.75,-0.01,10,11750,卖盘
2708,10:31:36,11.76,0.01,44,51744,买盘
2709,10:31:30,11.75,--,8,9400,卖盘
2710,10:31:27,11.75,-0.02,43,50525,卖盘
2711,10:31:21,11.77,--,1,1177,买盘
2712,10:31:18,11.77,0.01,1,1177,买盘
2713,10:31:12,11.76,0.01,2,2352,中性盘
2714,10:31:09,11.75,--,100,117500,卖盘
2715,10:31:03,11.75,-0.02,1,1175,卖盘
2716,10:31:00,11.77,0.02,9,10593,买盘
2717,10:30:57,11.75,--,37,43475,卖盘
2718,10:30:51,11.75,-0.02,20,23500,卖盘
2719,10:30:48,11.77,0.02,85,100045,买盘
2720,10:30:45,11.75,-0.02,24,28200,卖盘
2721,10:30:39,11.77,--,48,56496,买盘
2722,10:30:33,11.77,0.02,52,61204,买盘
2723,10:30:24,11.75,-0.02,7,8225,卖盘
2724,10:30:21,11.77,0.02,15,17655,买盘
2725,10:30:18,11.75,-0.01,1,1175,卖盘
2726,10:30:15,11.76,0.01,340,399840,买盘
2727,10:30:12,11.75,--,34,39950,卖盘
2728,10:30:09,11.75,-0.01,3,3525,卖盘
2729,10:30:03,11.76,--,5,5880,买盘
2730,10:29:57,11.76,-0.01,60,70560,卖盘
2731,10:29:54,11.77,0.01,63,74151,买盘
2732,10:29:48,11.76,--,16,18816,卖盘
2733,10:29:45,11.76,--,12,14112,卖盘
2734,10:29:39,11.76,-0.01,58,68208,卖盘
2735,10:29:33,11.77,--,20,23540,买盘
2736,10:29:30,11.77,0.01,27,31779,买盘
2737,10:29:24,11.76,--,1,1176,买盘
2738,10:29:21,11.76,--,10,11760,卖盘
2739,10:29:18,11.76,--,2,2352,卖盘
2740,10:29:15,11.76,--,4,4704,卖盘
2741,10:29:09,11.76,--,17,19992,中性盘
2742,10:29:03,11.76,0.01,5,5880,卖盘
2743,10:29:00,11.75,-0.02,10,11750,卖盘
2744,10:28:54,11.77,0.02,24,28248,买盘
2745,10:28:48,11.75,--,2,2350,卖盘
2746,10:28:45,11.75,--,50,58750,卖盘
2747,10:28:39,11.75,-0.01,51,59925,卖盘
2748,10:28:33,11.76,-0.01,6,7056,卖盘
2749,10:28:30,11.77,--,13,15301,买盘
2750,10:28:27,11.77,--,34,40018,买盘
2751,10:28:18,11.77,0.02,33,38841,买盘
2752,10:28:15,11.75,--,2,2350,卖盘
2753,10:28:06,11.75,--,30,35250,卖盘
2754,10:28:00,11.75,0.01,8,9400,中性盘
2755,10:27:51,11.74,--,18,21132,卖盘
2756,10:27:48,11.74,--,2,2348,卖盘
2757,10:27:42,11.74,-0.03,16,18784,卖盘
2758,10:27:39,11.77,0.03,48,56496,买盘
2759,10:27:36,11.74,-0.03,8,9392,卖盘
2760,10:27:33,11.77,0.02,15,17655,买盘
2761,10:27:30,11.75,0.01,38,44650,中性盘
2762,10:27:15,11.74,-0.02,177,207798,卖盘
2763,10:27:12,11.76,--,29,34104,买盘
2764,10:27:09,11.76,0.01,70,82320,买盘
2765,10:27:03,11.75,-0.01,28,32900,卖盘
2766,10:26:57,11.76,--,93,109368,卖盘
2767,10:26:51,11.76,--,23,27048,卖盘
2768,10:26:48,11.76,--,2,2352,卖盘
2769,10:26:45,11.76,--,12,14112,卖盘
2770,10:26:42,11.76,--,21,24696,买盘
2771,10:26:39,11.76,0.01,57,67032,买盘
2772,10:26:36,11.75,0.01,3,3525,中性盘
2773,10:26:33,11.74,-0.01,30,35220,卖盘
2774,10:26:30,11.75,--,20,23688,买盘
2775,10:26:27,11.75,0.01,49,57575,买盘
2776,10:26:18,11.74,-0.01,41,48134,卖盘
2777,10:26:15,11.75,--,3,3525,买盘
2778,10:26:03,11.75,--,5,5875,买盘
2779,10:26:00,11.75,--,3,3525,买盘
2780,10:25:51,11.75,0.01,20,23500,买盘
2781,10:25:39,11.74,-0.01,94,110356,卖盘
2782,10:25:36,11.75,0.01,6,7050,买盘
2783,10:25:33,11.74,-0.01,1,1174,卖盘
2784,10:25:30,11.75,0.01,12,14100,买盘
2785,10:25:27,11.74,-0.01,43,50482,卖盘
2786,10:25:21,11.75,0.01,10,11750,买盘
2787,10:25:18,11.74,--,30,35220,卖盘
2788,10:25:12,11.74,-0.01,143,167882,卖盘
2789,10:25:03,11.75,--,25,29375,买盘
2790,10:24:57,11.75,--,4,4700,买盘
2791,10:24:54,11.75,-0.02,214,252437,卖盘
2792,10:24:51,11.77,0.01,12,14124,买盘
2793,10:24:45,11.76,--,17,19992,买盘
2794,10:24:39,11.76,0.01,48,56448,买盘
2795,10:24:33,11.75,-0.01,52,61100,卖盘
2796,10:24:30,11.76,--,12,14112,买盘
2797,10:24:24,11.76,--,32,37632,买盘
2798,10:24:18,11.76,0.01,12,14112,买盘
2799,10:24:15,11.75,-0.01,27,31725,卖盘
2800,10:24:09,11.76,0.01,2,2352,买盘
2801,10:24:06,11.75,--,5,5875,卖盘
2802,10:24:00,11.75,-0.01,101,118675,卖盘
2803,10:23:57,11.76,--,3,3528,买盘
2804,10:23:54,11.76,0.01,1,1176,买盘
2805,10:23:48,11.75,--,3,3525,卖盘
2806,10:23:45,11.75,--,18,21150,卖盘
2807,10:23:42,11.75,-0.01,1,1175,卖盘
2808,10:23:39,11.76,--,48,56448,买盘
2809,10:23:24,11.76,--,79,92904,买盘
2810,10:23:21,11.76,0.01,27,31752,买盘
2811,10:23:15,11.75,--,77,90475,卖盘
2812,10:23:12,11.75,--,20,23500,卖盘
2813,10:23:09,11.75,-0.01,10,11750,卖盘
2814,10:23:06,11.76,0.01,2,2352,买盘
2815,10:23:03,11.75,--,11,12925,卖盘
2816,10:22:54,11.75,--,115,135125,卖盘
