,time,price,change,volume,amount,type
0,15:00:03,11.86,--,4243,5032435,卖盘
1,14:57:00,11.86,-0.01,129,152994,卖盘
2,14:56:57,11.87,0.01,761,903306,买盘
3,14:56:54,11.86,-0.01,92,109112,中性盘
4,14:56:51,11.87,0.01,120,142440,买盘
5,14:56:48,11.86,-0.01,67,79462,买盘
6,14:56:45,11.87,0.01,3537,4198419,买盘
7,14:56:42,11.86,-0.01,3,3558,卖盘
8,14:56:39,11.87,0.01,74,87838,买盘
9,14:56:36,11.86,--,252,298872,卖盘
10,14:56:33,11.86,--,11,13046,卖盘
11,14:56:30,11.86,-0.01,33,39138,卖盘
12,14:56:27,11.87,0.01,139,164993,买盘
13,14:56:24,11.86,--,6,7116,买盘
14,14:56:21,11.86,--,67,79462,买盘
15,14:56:18,11.86,--,115,136390,卖盘
16,14:56:15,11.86,-0.01,51,60486,卖盘
17,14:56:12,11.87,0.01,36,42732,买盘
18,14:56:09,11.86,-0.01,17,20162,卖盘
19,14:56:06,11.87,--,26,30861,买盘
20,14:56:03,11.87,0.01,82,97334,买盘
21,14:56:00,11.86,-0.01,199,236014,卖盘
22,14:55:57,11.87,--,371,440377,买盘
23,14:55:54,11.87,--,14,16618,买盘
24,14:55:51,11.87,--,376,446311,买盘
25,14:55:48,11.87,--,24,28487,买盘
26,14:55:45,11.87,0.01,12,14243,买盘
27,14:55:42,11.86,--,111,131646,卖盘
28,14:55:39,11.86,--,44,52184,卖盘
29,14:55:36,11.86,--,67,79462,卖盘
30,14:55:33,11.86,-0.01,21,24906,卖盘
31,14:55:30,11.87,--,86,102082,买盘
32,14:55:27,11.87,--,23,27301,买盘
33,14:55:24,11.87,--,52,61723,买盘
34,14:55:21,11.87,--,111,131757,买盘
35,14:55:18,11.87,--,80,94960,买盘
36,14:55:15,11.87,--,32,37984,买盘
37,14:55:12,11.87,-0.01,20,23740,买盘
38,14:55:09,11.88,0.01,36,42768,买盘
39,14:55:06,11.87,-0.01,212,251952,卖盘
40,14:55:03,11.88,--,20,23760,买盘
41,14:55:00,11.88,--,39,46332,买盘
42,14:54:57,11.88,--,291,345708,买盘
43,14:54:54,11.88,0.01,62,73656,买盘
44,14:54:51,11.87,--,27,32048,卖盘
45,14:54:48,11.87,--,14,16618,卖盘
46,14:54:45,11.87,--,97,115138,卖盘
47,14:54:39,11.87,--,86,102082,卖盘
48,14:54:36,11.87,0.01,280,333238,买盘
49,14:54:33,11.86,--,435,515910,卖盘
50,14:54:30,11.86,-0.01,267,316662,卖盘
51,14:54:27,11.87,--,750,890249,买盘
52,14:54:24,11.87,--,80,94960,买盘
53,14:54:21,11.87,0.01,469,556703,买盘
54,14:54:18,11.86,-0.01,2,2372,卖盘
55,14:54:15,11.87,--,18,21366,买盘
56,14:54:12,11.87,--,55,65284,买盘
57,14:54:09,11.87,0.01,188,223155,买盘
58,14:54:06,11.86,-0.01,47,55742,卖盘
59,14:54:03,11.87,--,43,51041,买盘
60,14:53:57,11.87,--,99,117512,买盘
61,14:53:54,11.87,--,12,14243,买盘
62,14:53:51,11.87,--,214,254017,买盘
63,14:53:48,11.87,--,54,64097,买盘
64,14:53:45,11.87,--,10,11870,买盘
65,14:53:42,11.87,--,83,98521,买盘
66,14:53:39,11.87,0.01,49,58162,买盘
67,14:53:36,11.86,--,5,5930,卖盘
68,14:53:33,11.86,-0.01,77,91322,卖盘
69,14:53:30,11.87,--,32,37984,买盘
70,14:53:27,11.87,0.01,293,347791,买盘
71,14:53:24,11.86,-0.01,381,451866,卖盘
72,14:53:21,11.87,--,282,334734,买盘
73,14:53:15,11.87,--,291,345701,买盘
74,14:53:12,11.87,0.01,8,9496,买盘
75,14:53:09,11.86,--,115,136390,卖盘
76,14:53:06,11.86,--,24,28464,卖盘
77,14:53:00,11.86,0.01,507,601302,买盘
78,14:52:57,11.85,-0.01,169,200265,卖盘
79,14:52:54,11.86,--,120,142320,买盘
80,14:52:51,11.86,--,273,323778,买盘
81,14:52:45,11.86,--,164,194504,买盘
82,14:52:42,11.86,--,331,392566,买盘
83,14:52:39,11.86,--,79,93694,买盘
84,14:52:36,11.86,--,18,21348,买盘
85,14:52:33,11.86,--,501,594186,买盘
86,14:52:30,11.86,--,341,404426,买盘
87,14:52:27,11.86,--,138,163668,买盘
88,14:52:24,11.86,--,174,206364,买盘
89,14:52:21,11.86,--,310,367660,买盘
90,14:52:18,11.86,--,10,11860,买盘
91,14:52:15,11.86,--,4,4744,买盘
92,14:52:12,11.86,--,104,123344,买盘
93,14:52:09,11.86,0.01,200,237200,买盘
94,14:52:06,11.85,--,37,43845,卖盘
95,14:52:03,11.85,--,161,190785,卖盘
96,14:52:00,11.85,-0.01,5,5925,卖盘
97,14:51:57,11.86,--,78,92508,买盘
98,14:51:54,11.86,0.01,212,251432,买盘
99,14:51:51,11.85,--,80,94800,卖盘
100,14:51:48,11.85,--,44,52140,卖盘
101,14:51:45,11.85,-0.01,47,55695,卖盘
102,14:51:42,11.86,--,18,21348,买盘
103,14:51:39,11.86,--,125,148250,买盘
104,14:51:36,11.86,--,20,23720,买盘
105,14:51:33,11.86,--,69,81834,买盘
106,14:51:30,11.86,0.01,33,39138,买盘
107,14:51:27,11.85,-0.01,27,31995,卖盘
108,14:51:24,11.86,--,70,83020,买盘
109,14:51:21,11.86,--,74,87764,买盘
110,14:51:18,11.86,--,15,17790,买盘
111,14:51:15,11.86,--,188,222968,买盘
112,14:51:12,11.86,--,27,32022,买盘
113,14:51:09,11.86,--,20,23720,买盘
114,14:51:03,11.86,0.01,27,32022,买盘
115,14:51:00,11.85,--,20,23700,卖盘
116,14:50:57,11.85,--,13,15405,卖盘
117,14:50:54,11.85,0.01,106,125610,买盘
118,14:50:51,11.84,-0.01,158,187072,卖盘
119,14:50:48,11.85,0.01,18,21330,买盘
120,14:50:45,11.84,-0.01,101,119584,卖盘
121,14:50:42,11.85,--,12,14220,买盘
122,14:50:39,11.85,0.01,149,176565,买盘
123,14:50:36,11.84,--,140,165760,买盘
124,14:50:33,11.84,-0.01,306,362304,卖盘
125,14:50:30,11.85,0.01,1311,1553535,买盘
126,14:50:27,11.84,--,34,40256,卖盘
127,14:50:24,11.84,--,289,342176,买盘
128,14:50:21,11.84,--,85,100640,买盘
129,14:50:18,11.84,--,321,380064,买盘
130,14:50:15,11.84,--,340,402560,买盘
131,14:50:12,11.84,--,371,439264,买盘
132,14:50:09,11.84,0.01,22,26048,买盘
133,14:50:06,11.83,-0.01,6,7098,卖盘
134,14:50:03,11.84,--,10,11840,买盘
135,14:50:00,11.84,0.01,11,13024,买盘
136,14:49:57,11.83,--,5,5915,卖盘
137,14:49:54,11.83,--,627,741741,买盘
138,14:49:51,11.83,--,61,72163,买盘
139,14:49:48,11.83,--,37,43771,买盘
140,14:49:45,11.83,--,72,85176,买盘
141,14:49:42,11.83,0.01,33,39039,买盘
142,14:49:39,11.82,-0.01,12,14184,卖盘
143,14:49:36,11.83,0.01,5,5915,买盘
144,14:49:33,11.82,--,6,7092,卖盘
145,14:49:27,11.82,--,262,309684,卖盘
146,14:49:24,11.82,--,1,1182,卖盘
147,14:49:21,11.82,--,133,157206,卖盘
148,14:49:15,11.82,--,316,373512,卖盘
149,14:49:12,11.82,0.01,1818,2148876,买盘
150,14:49:09,11.81,-0.01,32,37792,卖盘
151,14:49:06,11.82,--,49,57918,买盘
152,14:49:03,11.82,--,58,68556,买盘
153,14:49:00,11.82,--,120,141840,买盘
154,14:48:57,11.82,--,1,1182,买盘
155,14:48:54,11.82,--,45,53190,买盘
156,14:48:51,11.82,--,1,1182,买盘
157,14:48:48,11.82,--,27,31914,买盘
158,14:48:45,11.82,--,10,11820,买盘
159,14:48:42,11.82,-0.01,112,132384,中性盘
160,14:48:39,11.83,0.01,10,11830,买盘
161,14:48:36,11.82,--,124,146568,卖盘
162,14:48:33,11.82,--,10,11820,卖盘
163,14:48:27,11.82,-0.01,66,78012,卖盘
164,14:48:24,11.83,--,6,7098,买盘
165,14:48:21,11.83,0.01,75,88725,买盘
166,14:48:18,11.82,--,7,8274,卖盘
167,14:48:15,11.82,-0.01,71,83922,卖盘
168,14:48:12,11.83,0.01,278,328874,买盘
169,14:48:09,11.82,--,33,39006,卖盘
170,14:48:06,11.82,--,44,52008,卖盘
171,14:48:03,11.82,--,54,63828,买盘
172,14:48:00,11.82,--,7,8274,买盘
173,14:47:57,11.82,--,38,44916,买盘
174,14:47:54,11.82,--,244,288408,卖盘
175,14:47:51,11.82,0.02,105,124110,买盘
176,14:47:48,11.8,-0.01,52,61360,卖盘
177,14:47:45,11.81,0.01,146,172426,中性盘
178,14:47:42,11.8,-0.02,1,1180,卖盘
179,14:47:39,11.82,--,87,102834,买盘
180,14:47:36,11.82,0.01,280,330960,买盘
181,14:47:30,11.81,--,31,36611,卖盘
182,14:47:24,11.81,--,10,11810,卖盘
183,14:47:21,11.81,--,1,1181,卖盘
184,14:47:18,11.81,0.01,3,3543,买盘
185,14:47:12,11.8,-0.02,60,70800,卖盘
186,14:47:09,11.82,0.02,18,21276,买盘
187,14:47:06,11.8,--,32,37760,卖盘
188,14:47:03,11.8,--,38,44840,卖盘
189,14:46:57,11.8,-0.01,50,59000,卖盘
190,14:46:54,11.81,0.01,30,35430,买盘
191,14:46:51,11.8,--,1,1180,卖盘
192,14:46:48,11.8,-0.01,122,143960,卖盘
193,14:46:45,11.81,-0.01,38,44878,中性盘
194,14:46:42,11.82,0.01,34,40188,买盘
195,14:46:39,11.81,0.01,280,330680,卖盘
196,14:46:36,11.8,-0.01,37,43660,卖盘
197,14:46:33,11.81,--,298,351938,卖盘
198,14:46:27,11.81,-0.01,32,37792,卖盘
199,14:46:24,11.82,0.01,27,31914,买盘
200,14:46:18,11.81,-0.01,70,82670,卖盘
201,14:46:15,11.82,--,10,11820,买盘
202,14:46:12,11.82,--,1,1182,买盘
203,14:46:09,11.82,0.01,66,78012,买盘
204,14:46:03,11.81,-0.01,10,11810,卖盘
205,14:45:57,11.82,-0.01,165,195030,卖盘
206,14:45:54,11.83,0.01,28,33124,买盘
207,14:45:51,11.82,--,52,61464,卖盘
208,14:45:48,11.82,-0.01,34,40188,卖盘
209,14:45:45,11.83,0.01,22,26026,买盘
210,14:45:39,11.82,-0.01,32,37824,卖盘
211,14:45:36,11.83,0.01,206,243698,买盘
212,14:45:33,11.82,--,144,170208,卖盘
213,14:45:30,11.82,--,60,70920,卖盘
214,14:45:24,11.82,--,45,53190,卖盘
215,14:45:21,11.82,--,15,17730,卖盘
216,14:45:18,11.82,-0.01,17,20094,卖盘
217,14:45:12,11.83,0.01,4,4732,买盘
218,14:45:09,11.82,--,20,23640,卖盘
219,14:45:06,11.82,-0.01,13,15366,卖盘
220,14:45:03,11.83,--,44,52052,买盘
221,14:45:00,11.83,0.01,21,24843,买盘
222,14:44:57,11.82,--,3,3546,卖盘
223,14:44:51,11.82,-0.01,24,28368,卖盘
224,14:44:48,11.83,0.01,16,18928,买盘
225,14:44:45,11.82,--,35,41370,卖盘
226,14:44:42,11.82,-0.01,14,16548,卖盘
227,14:44:36,11.83,--,5,5915,买盘
228,14:44:33,11.83,--,58,68614,买盘
229,14:44:27,11.83,--,84,99372,买盘
230,14:44:21,11.83,--,73,86359,买盘
231,14:44:18,11.83,0.01,11,13013,买盘
232,14:44:15,11.82,--,8,9456,卖盘
233,14:44:09,11.82,-0.01,13,15366,卖盘
234,14:44:06,11.83,--,11,13013,买盘
235,14:44:03,11.83,0.01,52,61516,买盘
236,14:44:00,11.82,-0.01,49,57918,卖盘
237,14:43:57,11.83,--,10,11830,买盘
238,14:43:54,11.83,--,7,8281,买盘
239,14:43:51,11.83,--,5,5915,买盘
240,14:43:48,11.83,0.01,7,8281,买盘
241,14:43:45,11.82,--,5,5910,买盘
242,14:43:42,11.82,-0.01,8,9456,卖盘
243,14:43:39,11.83,--,34,40222,买盘
244,14:43:36,11.83,0.02,7,8281,买盘
245,14:43:33,11.81,-0.01,47,55507,卖盘
246,14:43:30,11.82,--,142,167844,买盘
247,14:43:27,11.82,0.01,61,72102,买盘
248,14:43:24,11.81,-0.01,20,23620,卖盘
249,14:43:21,11.82,--,66,78012,买盘
250,14:43:18,11.82,--,12,14184,买盘
251,14:43:15,11.82,0.01,71,83922,中性盘
252,14:43:09,11.81,--,8,9448,卖盘
253,14:43:06,11.81,--,2,2362,卖盘
254,14:43:03,11.81,--,11,12991,卖盘
255,14:43:00,11.81,-0.03,10,11810,卖盘
256,14:42:57,11.84,0.01,107,126688,买盘
257,14:42:54,11.83,0.02,7,8281,买盘
258,14:42:51,11.81,-0.02,2,2362,卖盘
259,14:42:48,11.83,--,6,7098,买盘
260,14:42:45,11.83,0.02,29,34307,中性盘
261,14:42:42,11.81,--,51,60231,买盘
262,14:42:36,11.81,--,5,5905,买盘
263,14:42:33,11.81,-0.03,370,436970,卖盘
264,14:42:30,11.84,0.01,27,31968,买盘
265,14:42:27,11.83,--,211,249613,买盘
266,14:42:24,11.83,--,21,24843,买盘
267,14:42:21,11.83,--,60,70980,买盘
268,14:42:18,11.83,--,20,23660,买盘
269,14:42:15,11.83,--,18,21294,买盘
270,14:42:12,11.83,--,2,2366,买盘
271,14:42:09,11.83,0.01,22,26026,买盘
272,14:42:06,11.82,-0.01,12,14184,卖盘
273,14:42:03,11.83,0.01,10,11830,买盘
274,14:42:00,11.82,-0.01,13,15366,卖盘
275,14:41:57,11.83,--,90,106470,买盘
276,14:41:51,11.83,--,73,86359,买盘
277,14:41:48,11.83,0.01,24,28392,买盘
278,14:41:42,11.82,--,50,59100,卖盘
279,14:41:39,11.82,--,51,60282,卖盘
280,14:41:36,11.82,-0.01,11,13002,卖盘
281,14:41:33,11.83,0.02,6,7098,买盘
282,14:41:27,11.81,-0.01,49,57869,卖盘
283,14:41:24,11.82,--,25,29550,买盘
284,14:41:21,11.82,0.01,57,67374,买盘
285,14:41:18,11.81,--,76,89756,卖盘
286,14:41:15,11.81,-0.01,39,46059,卖盘
287,14:41:12,11.82,0.01,3,3546,买盘
288,14:41:09,11.81,-0.01,137,161797,卖盘
289,14:41:06,11.82,0.02,16,18912,买盘
290,14:41:03,11.8,--,218,257240,卖盘
291,14:41:00,11.8,--,4,4720,卖盘
292,14:40:54,11.8,--,54,63720,卖盘
293,14:40:51,11.8,--,111,130980,买盘
294,14:40:48,11.8,--,128,151040,买盘
295,14:40:45,11.8,--,100,118000,买盘
296,14:40:42,11.8,--,483,569940,买盘
297,14:40:39,11.8,0.01,275,324500,买盘
298,14:40:36,11.79,-0.01,4,4716,卖盘
299,14:40:33,11.8,--,41,48380,买盘
300,14:40:30,11.8,0.01,79,93220,买盘
301,14:40:27,11.79,--,57,67203,卖盘
302,14:40:24,11.79,--,41,48339,卖盘
303,14:40:21,11.79,-0.01,218,257021,卖盘
304,14:40:18,11.8,0.01,20,23600,买盘
305,14:40:15,11.79,--,17,20043,卖盘
306,14:40:12,11.79,--,35,41265,卖盘
307,14:40:09,11.79,0.01,130,153270,买盘
308,14:40:06,11.78,-0.01,74,87172,卖盘
309,14:40:03,11.79,0.01,517,609543,买盘
310,14:40:00,11.78,--,126,148428,卖盘
311,14:39:57,11.78,--,32,37696,卖盘
312,14:39:54,11.78,0.01,220,259160,买盘
313,14:39:51,11.77,-0.01,23,27071,卖盘
314,14:39:48,11.78,--,26,30628,买盘
315,14:39:45,11.78,0.01,51,60078,买盘
316,14:39:42,11.77,--,2,2354,卖盘
317,14:39:39,11.77,-0.01,45,52965,卖盘
318,14:39:36,11.78,-0.01,123,144894,卖盘
319,14:39:33,11.79,--,7,8253,买盘
320,14:39:30,11.79,--,1,1179,买盘
321,14:39:27,11.79,0.02,18,21222,买盘
322,14:39:21,11.77,-0.01,138,162426,卖盘
323,14:39:18,11.78,-0.01,27,31806,中性盘
324,14:39:15,11.79,0.01,802,945557,买盘
325,14:39:12,11.78,--,87,102486,卖盘
326,14:39:09,11.78,--,27,31806,卖盘
327,14:39:06,11.78,-0.01,3,3534,卖盘
328,14:39:03,11.79,--,1,1179,买盘
329,14:39:00,11.79,0.01,17,20043,买盘
330,14:38:57,11.78,-0.01,63,74214,卖盘
331,14:38:54,11.79,--,7,8253,买盘
332,14:38:51,11.79,--,96,113183,买盘
333,14:38:48,11.79,0.01,3,3536,买盘
334,14:38:45,11.78,0.01,35,41230,中性盘
335,14:38:39,11.77,--,249,293073,卖盘
336,14:38:36,11.77,--,105,123585,卖盘
337,14:38:33,11.77,-0.01,111,130647,卖盘
338,14:38:30,11.78,--,519,611676,买盘
339,14:38:27,11.78,0.01,4,4712,买盘
340,14:38:24,11.77,-0.01,33,38841,卖盘
341,14:38:21,11.78,--,358,422607,卖盘
342,14:38:18,11.78,--,210,247380,卖盘
343,14:38:15,11.78,--,241,283898,卖盘
344,14:38:12,11.78,--,30,35340,卖盘
345,14:38:09,11.78,-0.01,4,4712,卖盘
346,14:38:06,11.79,--,12,14147,买盘
347,14:38:00,11.79,--,79,93141,卖盘
348,14:37:57,11.79,0.01,220,259379,中性盘
349,14:37:54,11.78,--,329,388292,卖盘
350,14:37:48,11.78,-0.01,217,256191,卖盘
351,14:37:45,11.79,0.01,56,66024,买盘
352,14:37:42,11.78,--,49,57722,卖盘
353,14:37:39,11.78,-0.01,47,55366,卖盘
354,14:37:36,11.79,0.01,294,346626,买盘
355,14:37:33,11.78,-0.01,202,237956,卖盘
356,14:37:30,11.79,--,7,8253,买盘
357,14:37:27,11.79,0.01,17,20043,买盘
358,14:37:24,11.78,--,42,49652,卖盘
359,14:37:21,11.78,-0.01,145,170810,卖盘
360,14:37:18,11.79,0.01,14,16506,买盘
361,14:37:15,11.78,-0.01,45,53010,卖盘
362,14:37:12,11.79,0.01,108,127331,买盘
363,14:37:09,11.78,--,94,110732,卖盘
364,14:37:06,11.78,--,80,94240,卖盘
365,14:37:03,11.78,-0.01,68,80104,卖盘
366,14:37:00,11.79,0.01,51,60128,买盘
367,14:36:57,11.78,-0.01,307,361646,卖盘
368,14:36:54,11.79,--,16,18864,买盘
369,14:36:51,11.79,--,15,17685,买盘
370,14:36:48,11.79,--,9,10611,买盘
371,14:36:45,11.79,0.01,98,115541,买盘
372,14:36:42,11.78,--,27,31806,卖盘
373,14:36:39,11.78,-0.01,46,54188,卖盘
374,14:36:36,11.79,0.01,3,3536,买盘
375,14:36:33,11.78,-0.01,58,68324,卖盘
376,14:36:30,11.79,0.01,2,2358,买盘
377,14:36:27,11.78,--,96,113088,卖盘
378,14:36:24,11.78,--,87,102486,卖盘
379,14:36:21,11.78,-0.01,12,14136,卖盘
380,14:36:18,11.79,--,3,3536,买盘
381,14:36:15,11.79,--,2,2358,买盘
382,14:36:12,11.79,--,19,22401,卖盘
383,14:36:09,11.79,--,33,38907,卖盘
384,14:36:06,11.79,-0.01,6,7073,卖盘
385,14:36:03,11.8,--,2,2360,买盘
386,14:35:57,11.8,0.01,36,42480,买盘
387,14:35:54,11.79,--,38,44802,卖盘
388,14:35:51,11.79,-0.01,63,74277,卖盘
389,14:35:48,11.8,--,7,8260,买盘
390,14:35:42,11.8,0.02,82,96760,买盘
391,14:35:39,11.78,-0.01,24,28272,卖盘
392,14:35:36,11.79,-0.01,31,36549,卖盘
393,14:35:33,11.8,0.01,1,1180,买盘
394,14:35:30,11.79,--,46,54233,卖盘
395,14:35:27,11.79,--,32,37728,卖盘
396,14:35:24,11.79,--,8,9432,买盘
397,14:35:21,11.79,-0.01,2,2358,卖盘
398,14:35:18,11.8,--,21,24780,买盘
399,14:35:15,11.8,0.01,53,62540,买盘
400,14:35:12,11.79,-0.01,16,18864,卖盘
401,14:35:09,11.8,--,36,42480,卖盘
402,14:35:06,11.8,--,55,64900,卖盘
403,14:35:03,11.8,--,18,21240,卖盘
404,14:35:00,11.8,0.02,343,404740,买盘
405,14:34:57,11.78,-0.02,65,76570,卖盘
406,14:34:54,11.8,0.01,88,103840,买盘
407,14:34:51,11.79,--,39,45981,卖盘
408,14:34:48,11.79,-0.01,5,5895,卖盘
409,14:34:45,11.8,0.01,6,7080,买盘
410,14:34:42,11.79,-0.01,10,11790,卖盘
411,14:34:39,11.8,--,78,92040,买盘
412,14:34:30,11.8,--,2,2360,买盘
413,14:34:27,11.8,0.01,7,8260,买盘
414,14:34:21,11.79,-0.01,80,94791,卖盘
415,14:34:18,11.8,--,20,23600,卖盘
416,14:34:15,11.8,-0.01,52,61360,卖盘
417,14:34:12,11.81,0.01,8,9448,买盘
418,14:34:09,11.8,-0.01,65,76700,卖盘
419,14:34:06,11.81,--,68,81016,买盘
420,14:34:03,11.81,--,55,64955,卖盘
421,14:34:00,11.81,--,48,56688,卖盘
422,14:33:57,11.81,-0.01,200,236200,卖盘
423,14:33:54,11.82,0.01,7,8274,买盘
424,14:33:51,11.81,-0.01,23,27163,卖盘
425,14:33:48,11.82,0.01,114,134748,买盘
426,14:33:45,11.81,--,48,56688,卖盘
427,14:33:42,11.81,--,10,11810,卖盘
428,14:33:39,11.81,-0.02,356,420436,卖盘
429,14:33:36,11.83,0.01,1,1183,买盘
430,14:33:33,11.82,--,18,21276,卖盘
431,14:33:30,11.82,-0.01,32,37824,卖盘
432,14:33:24,11.83,0.01,16,18928,买盘
433,14:33:21,11.82,--,30,35460,卖盘
434,14:33:18,11.82,--,136,160752,卖盘
435,14:33:15,11.82,-0.01,9,10638,卖盘
436,14:33:09,11.83,0.01,12,14196,中性盘
437,14:33:06,11.82,-0.02,2,2364,卖盘
438,14:33:03,11.84,0.01,112,132608,买盘
439,14:33:00,11.83,--,13,15379,卖盘
440,14:32:57,11.83,--,30,35490,卖盘
441,14:32:54,11.83,--,47,55601,卖盘
442,14:32:51,11.83,-0.01,200,236600,卖盘
443,14:32:48,11.84,0.01,2,2368,买盘
444,14:32:45,11.83,--,3,3549,卖盘
445,14:32:42,11.83,--,39,46137,卖盘
446,14:32:39,11.83,-0.01,1,1183,卖盘
447,14:32:36,11.84,--,180,213120,买盘
448,14:32:33,11.84,--,3,3552,买盘
449,14:32:30,11.84,--,7,8288,买盘
450,14:32:27,11.84,0.01,49,58016,买盘
451,14:32:24,11.83,--,53,62699,卖盘
452,14:32:21,11.83,--,4,4732,卖盘
453,14:32:18,11.83,--,41,48503,卖盘
454,14:32:15,11.83,--,29,34307,卖盘
455,14:32:12,11.83,--,297,351351,卖盘
456,14:32:09,11.83,--,33,39039,卖盘
457,14:32:06,11.83,-0.01,28,33124,卖盘
458,14:32:03,11.84,0.01,13,15392,买盘
459,14:32:00,11.83,-0.01,41,48503,卖盘
460,14:31:57,11.84,0.01,7,8288,买盘
461,14:31:54,11.83,-0.01,14,16562,卖盘
462,14:31:48,11.84,0.01,11,13024,买盘
463,14:31:45,11.83,-0.01,22,26026,卖盘
464,14:31:42,11.84,--,46,54464,买盘
465,14:31:39,11.84,--,7,8288,买盘
466,14:31:36,11.84,--,33,39072,卖盘
467,14:31:33,11.84,--,93,110112,卖盘
468,14:31:30,11.84,--,10,11840,卖盘
469,14:31:27,11.84,--,10,11840,卖盘
470,14:31:24,11.84,--,31,36704,卖盘
471,14:31:21,11.84,-0.01,51,60384,卖盘
472,14:31:18,11.85,0.01,3,3555,买盘
473,14:31:15,11.84,-0.01,100,118400,卖盘
474,14:31:12,11.85,--,6,7110,买盘
475,14:31:09,11.85,0.01,10,11850,买盘
476,14:31:06,11.84,--,14,16576,卖盘
477,14:31:03,11.84,--,50,59200,卖盘
478,14:31:00,11.84,--,72,85248,买盘
479,14:30:54,11.84,--,10,11840,买盘
480,14:30:51,11.84,0.01,3,3552,卖盘
481,14:30:48,11.83,-0.02,12,14196,卖盘
482,14:30:45,11.85,--,147,174195,买盘
483,14:30:42,11.85,0.01,20,23700,买盘
484,14:30:39,11.84,--,16,18944,卖盘
485,14:30:36,11.84,-0.01,35,41440,卖盘
486,14:30:33,11.85,--,9,10665,买盘
487,14:30:30,11.85,--,182,215670,买盘
488,14:30:27,11.85,0.01,63,74655,买盘
489,14:30:24,11.84,--,68,80512,卖盘
490,14:30:21,11.84,-0.01,42,49728,卖盘
491,14:30:18,11.85,0.01,3,3555,买盘
492,14:30:12,11.84,--,46,54464,卖盘
493,14:30:09,11.84,--,286,338624,卖盘
494,14:30:06,11.84,-0.01,504,596736,卖盘
495,14:30:03,11.85,0.01,55,65175,买盘
496,14:30:00,11.84,-0.01,128,151552,卖盘
497,14:29:57,11.85,--,46,54510,买盘
498,14:29:54,11.85,--,59,69915,买盘
499,14:29:51,11.85,0.01,39,46215,买盘
500,14:29:48,11.84,--,25,29600,卖盘
501,14:29:45,11.84,--,65,76960,卖盘
502,14:29:42,11.84,--,79,93536,买盘
503,14:29:39,11.84,0.01,20,23680,买盘
504,14:29:36,11.83,-0.01,189,223587,卖盘
505,14:29:33,11.84,0.01,82,97088,买盘
506,14:29:30,11.83,--,154,182182,卖盘
507,14:29:27,11.83,-0.01,30,35490,卖盘
508,14:29:24,11.84,0.01,161,190624,买盘
509,14:29:18,11.83,--,38,44954,卖盘
510,14:29:15,11.83,-0.01,47,55601,卖盘
511,14:29:12,11.84,0.01,297,351648,买盘
512,14:29:09,11.83,--,12,14196,卖盘
513,14:29:06,11.83,-0.01,70,82810,卖盘
514,14:29:00,11.84,0.01,19,22496,买盘
515,14:28:57,11.83,--,57,67431,卖盘
516,14:28:54,11.83,-0.01,37,43771,卖盘
517,14:28:51,11.84,--,3,3552,买盘
518,14:28:48,11.84,0.01,64,75776,买盘
519,14:28:45,11.83,-0.01,13,15379,卖盘
520,14:28:42,11.84,--,10,11840,买盘
521,14:28:39,11.84,--,2,2368,买盘
522,14:28:33,11.84,0.01,37,43808,买盘
523,14:28:30,11.83,--,31,36673,卖盘
524,14:28:27,11.83,0.01,167,197561,买盘
525,14:28:24,11.82,--,24,28368,卖盘
526,14:28:21,11.82,--,180,212760,卖盘
527,14:28:18,11.82,-0.01,113,133566,卖盘
528,14:28:15,11.83,--,9,10647,卖盘
529,14:28:12,11.83,0.01,12,14196,买盘
530,14:28:09,11.82,-0.01,77,91014,卖盘
531,14:28:06,11.83,0.01,14,16562,买盘
532,14:28:03,11.82,--,264,312048,卖盘
533,14:27:57,11.82,-0.01,175,206850,卖盘
534,14:27:54,11.83,--,322,380926,买盘
535,14:27:51,11.83,--,102,120666,买盘
536,14:27:48,11.83,0.01,53,62699,买盘
537,14:27:45,11.82,--,160,189120,卖盘
538,14:27:42,11.82,-0.01,20,23640,卖盘
539,14:27:39,11.83,0.01,10,11830,买盘
540,14:27:30,11.82,--,18,21276,卖盘
541,14:27:27,11.82,-0.01,30,35460,卖盘
542,14:27:24,11.83,0.01,84,99372,买盘
543,14:27:18,11.82,--,32,37824,卖盘
544,14:27:12,11.82,0.01,68,80376,买盘
545,14:27:09,11.81,-0.01,44,51964,卖盘
546,14:27:06,11.82,--,244,288408,卖盘
547,14:27:03,11.82,-0.01,97,114654,卖盘
548,14:27:00,11.83,0.01,7,8281,买盘
549,14:26:54,11.82,--,95,112290,卖盘
550,14:26:51,11.82,--,31,36642,卖盘
551,14:26:48,11.82,--,31,36642,中性盘
552,14:26:45,11.82,--,56,66192,买盘
553,14:26:39,11.82,--,17,20094,卖盘
554,14:26:36,11.82,--,80,94560,卖盘
555,14:26:27,11.82,--,6,7092,卖盘
556,14:26:24,11.82,--,58,68556,买盘
557,14:26:21,11.82,--,2,2364,买盘
558,14:26:18,11.82,--,24,28368,卖盘
559,14:26:15,11.82,--,4,4728,卖盘
560,14:26:12,11.82,--,30,35460,卖盘
561,14:26:09,11.82,--,34,40188,卖盘
562,14:26:06,11.82,--,3,3546,卖盘
563,14:26:03,11.82,-0.01,2,2364,卖盘
564,14:26:00,11.83,0.01,90,106470,买盘
565,14:25:57,11.82,--,39,46098,卖盘
566,14:25:51,11.82,--,4,4728,卖盘
567,14:25:48,11.82,--,4,4728,中性盘
568,14:25:45,11.82,--,101,119382,买盘
569,14:25:42,11.82,--,20,23640,卖盘
570,14:25:39,11.82,-0.01,60,70920,卖盘
571,14:25:36,11.83,0.01,11,13013,买盘
572,14:25:33,11.82,-0.01,2,2364,卖盘
573,14:25:30,11.83,0.01,7,8281,买盘
574,14:25:24,11.82,-0.01,52,61464,卖盘
575,14:25:21,11.83,0.02,77,91091,买盘
576,14:25:18,11.81,-0.01,85,100385,卖盘
577,14:25:15,11.82,--,29,34278,卖盘
578,14:25:12,11.82,--,124,146568,买盘
579,14:25:09,11.82,0.01,86,101652,买盘
580,14:25:06,11.81,--,34,40154,卖盘
581,14:25:03,11.81,-0.01,37,43697,卖盘
582,14:25:00,11.82,0.01,54,63828,买盘
583,14:24:57,11.81,0.01,58,68498,买盘
584,14:24:54,11.8,--,49,57820,卖盘
585,14:24:51,11.8,--,20,23600,卖盘
586,14:24:48,11.8,--,50,59000,卖盘
587,14:24:45,11.8,-0.01,46,54280,卖盘
588,14:24:42,11.81,--,54,63774,买盘
589,14:24:39,11.81,--,6,7086,买盘
590,14:24:36,11.81,0.01,10,11810,买盘
591,14:24:33,11.8,--,203,239540,买盘
592,14:24:30,11.8,--,23,27140,买盘
593,14:24:27,11.8,0.01,8,9440,买盘
594,14:24:24,11.79,-0.03,586,690894,卖盘
595,14:24:18,11.82,--,85,100470,买盘
596,14:24:15,11.82,0.01,18,21276,买盘
597,14:24:12,11.81,-0.01,6,7086,卖盘
598,14:24:09,11.82,0.01,5,5910,买盘
599,14:24:06,11.81,--,5,5905,卖盘
600,14:24:03,11.81,-0.01,62,73222,卖盘
601,14:24:00,11.82,--,156,184392,卖盘
602,14:23:57,11.82,--,129,152478,卖盘
603,14:23:54,11.82,--,7,8274,卖盘
604,14:23:51,11.82,--,3,3546,卖盘
605,14:23:48,11.82,--,200,236400,卖盘
606,14:23:45,11.82,-0.01,22,26004,卖盘
607,14:23:42,11.83,0.02,24,28392,买盘
608,14:23:36,11.81,-0.01,293,346033,卖盘
609,14:23:33,11.82,--,70,82740,卖盘
610,14:23:30,11.82,--,3,3546,卖盘
611,14:23:27,11.82,--,177,209214,买盘
612,14:23:24,11.82,--,277,327414,卖盘
613,14:23:21,11.82,--,33,39006,卖盘
614,14:23:18,11.82,--,141,166662,卖盘
615,14:23:15,11.82,-0.01,5,5910,卖盘
616,14:23:12,11.83,0.01,1,1183,买盘
617,14:23:09,11.82,--,47,55554,卖盘
618,14:23:06,11.82,-0.01,370,437340,卖盘
619,14:23:03,11.83,--,33,39039,卖盘
620,14:23:00,11.83,--,5,5915,卖盘
621,14:22:54,11.83,--,56,66248,卖盘
622,14:22:48,11.83,-0.01,105,124215,卖盘
623,14:22:45,11.84,0.01,7,8288,买盘
624,14:22:42,11.83,-0.01,16,18928,卖盘
625,14:22:36,11.84,0.01,125,148000,买盘
626,14:22:33,11.83,--,29,34307,卖盘
627,14:22:30,11.83,--,30,35490,卖盘
628,14:22:27,11.83,-0.01,53,62699,卖盘
629,14:22:24,11.84,--,3,3552,买盘
630,14:22:21,11.84,--,100,118400,买盘
631,14:22:18,11.84,--,5,5920,买盘
632,14:22:15,11.84,--,95,112480,买盘
633,14:22:09,11.84,0.01,31,36704,买盘
634,14:22:06,11.83,--,5,5915,卖盘
635,14:22:03,11.83,--,211,249613,卖盘
636,14:22:00,11.83,--,76,89908,卖盘
637,14:21:57,11.83,-0.01,36,42588,卖盘
638,14:21:54,11.84,0.01,2,2368,买盘
639,14:21:51,11.83,-0.01,13,15379,卖盘
640,14:21:48,11.84,0.01,51,60384,买盘
641,14:21:42,11.83,--,5,5915,卖盘
642,14:21:39,11.83,--,48,56784,卖盘
643,14:21:36,11.83,0.01,193,228319,买盘
644,14:21:33,11.82,-0.01,10,11820,卖盘
645,14:21:30,11.83,0.01,44,52052,买盘
646,14:21:27,11.82,-0.01,14,16548,卖盘
647,14:21:24,11.83,0.01,51,60333,买盘
648,14:21:21,11.82,--,29,34278,卖盘
649,14:21:18,11.82,--,14,16548,卖盘
650,14:21:15,11.82,-0.01,6,7092,卖盘
651,14:21:12,11.83,--,80,94640,买盘
652,14:21:09,11.83,--,33,39039,买盘
653,14:21:06,11.83,0.01,86,101738,买盘
654,14:21:03,11.82,--,10,11820,卖盘
655,14:21:00,11.82,--,95,112290,卖盘
656,14:20:57,11.82,--,10,11820,卖盘
657,14:20:54,11.82,--,4,4728,卖盘
658,14:20:51,11.82,-0.01,28,33096,卖盘
659,14:20:48,11.83,0.01,77,91091,买盘
660,14:20:45,11.82,--,26,30732,卖盘
661,14:20:39,11.82,-0.01,54,63828,卖盘
662,14:20:36,11.83,--,46,54418,买盘
663,14:20:33,11.83,--,53,62699,买盘
664,14:20:30,11.83,0.01,5,5915,买盘
665,14:20:27,11.82,-0.01,30,35460,卖盘
666,14:20:24,11.83,--,5,5915,买盘
667,14:20:21,11.83,0.02,37,43771,买盘
668,14:20:18,11.81,--,41,48421,卖盘
669,14:20:15,11.81,--,269,317689,卖盘
670,14:20:12,11.81,--,173,204313,卖盘
671,14:20:09,11.81,--,58,68498,卖盘
672,14:20:06,11.81,--,302,356662,卖盘
673,14:20:03,11.81,--,6,7086,卖盘
674,14:20:00,11.81,-0.01,70,82670,卖盘
675,14:19:54,11.82,0.01,1,1182,买盘
676,14:19:51,11.81,-0.01,34,40154,卖盘
677,14:19:48,11.82,--,423,499986,卖盘
678,14:19:45,11.82,-0.02,37,43734,卖盘
679,14:19:42,11.84,0.01,5,5920,买盘
680,14:19:39,11.83,--,80,94640,卖盘
681,14:19:36,11.83,-0.01,42,49686,卖盘
682,14:19:33,11.84,0.02,88,104192,买盘
683,14:19:30,11.82,--,3,3546,卖盘
684,14:19:27,11.82,-0.01,66,78012,卖盘
685,14:19:24,11.83,--,8,9464,卖盘
686,14:19:21,11.83,--,10,11830,卖盘
687,14:19:18,11.83,--,3,3549,卖盘
688,14:19:15,11.83,--,20,23660,卖盘
689,14:19:12,11.83,-0.01,50,59150,卖盘
690,14:19:09,11.84,0.01,88,104192,买盘
691,14:19:06,11.83,--,105,124215,卖盘
692,14:19:03,11.83,--,5,5915,卖盘
693,14:18:54,11.83,-0.01,4,4732,卖盘
694,14:18:51,11.84,--,9,10656,买盘
695,14:18:48,11.84,--,103,121952,卖盘
696,14:18:45,11.84,-0.01,5,5920,卖盘
697,14:18:42,11.85,--,216,255960,买盘
698,14:18:39,11.85,--,38,45030,买盘
699,14:18:36,11.85,0.01,175,207375,买盘
700,14:18:33,11.84,-0.01,34,40256,卖盘
701,14:18:30,11.85,0.01,54,63990,买盘
702,14:18:27,11.84,-0.01,1,1184,卖盘
703,14:18:24,11.85,--,12,14220,买盘
704,14:18:21,11.85,0.01,10,11850,买盘
705,14:18:18,11.84,--,6,7104,卖盘
706,14:18:15,11.84,--,165,195360,卖盘
707,14:18:12,11.84,-0.01,24,28416,卖盘
708,14:18:09,11.85,--,24,28440,买盘
709,14:18:06,11.85,0.01,113,133905,买盘
710,14:18:03,11.84,--,123,145632,卖盘
711,14:17:57,11.84,-0.01,30,35520,卖盘
712,14:17:54,11.85,0.01,27,31995,买盘
713,14:17:51,11.84,--,23,27232,卖盘
714,14:17:45,11.84,--,56,66304,卖盘
715,14:17:39,11.84,-0.01,64,75776,卖盘
716,14:17:36,11.85,--,1,1185,买盘
717,14:17:33,11.85,--,390,462150,买盘
718,14:17:30,11.85,--,2,2370,买盘
719,14:17:27,11.85,--,77,91245,买盘
720,14:17:24,11.85,--,2,2370,买盘
721,14:17:21,11.85,--,591,700335,卖盘
722,14:17:18,11.85,-0.01,30,35550,卖盘
723,14:17:15,11.86,0.01,131,155366,买盘
724,14:17:12,11.85,--,1,1185,卖盘
725,14:17:09,11.85,--,3,3555,卖盘
726,14:17:06,11.85,--,83,98355,卖盘
727,14:17:03,11.85,--,102,120870,卖盘
728,14:17:00,11.85,-0.01,68,80580,卖盘
729,14:16:57,11.86,--,4,4744,买盘
730,14:16:54,11.86,0.01,5,5930,买盘
731,14:16:51,11.85,--,7,8295,卖盘
732,14:16:48,11.85,0.01,158,187230,买盘
733,14:16:45,11.84,-0.01,172,203648,卖盘
734,14:16:42,11.85,--,12,14220,卖盘
735,14:16:39,11.85,0.01,41,48585,卖盘
736,14:16:36,11.84,-0.02,16,18944,卖盘
737,14:16:33,11.86,0.01,175,207550,买盘
738,14:16:30,11.85,--,32,37920,卖盘
739,14:16:27,11.85,-0.01,100,118500,卖盘
740,14:16:24,11.86,0.01,59,69974,买盘
741,14:16:21,11.85,0.01,127,150495,卖盘
742,14:16:18,11.84,-0.01,18,21312,卖盘
743,14:16:15,11.85,--,10,11850,卖盘
744,14:16:12,11.85,0.01,308,364980,买盘
745,14:16:09,11.84,--,115,136160,卖盘
746,14:16:06,11.84,--,5,5920,卖盘
747,14:16:03,11.84,--,423,500832,卖盘
748,14:16:00,11.84,-0.01,10,11840,卖盘
749,14:15:54,11.85,0.01,2,2370,买盘
750,14:15:51,11.84,--,10,11840,卖盘
751,14:15:48,11.84,--,6,7104,卖盘
752,14:15:45,11.84,--,25,29600,卖盘
753,14:15:42,11.84,-0.01,10,11840,卖盘
754,14:15:39,11.85,0.01,3,3555,买盘
755,14:15:36,11.84,-0.01,3,3552,卖盘
756,14:15:30,11.85,--,11,13035,买盘
757,14:15:27,11.85,0.01,110,130350,买盘
758,14:15:24,11.84,-0.01,159,188256,卖盘
759,14:15:21,11.85,--,10,11850,买盘
760,14:15:18,11.85,--,742,879270,卖盘
761,14:15:15,11.85,-0.01,80,94800,卖盘
762,14:15:12,11.86,--,10,11860,买盘
763,14:15:09,11.86,0.01,17,20162,买盘
764,14:15:06,11.85,--,1,1185,卖盘
765,14:15:03,11.85,-0.01,9,10665,卖盘
766,14:15:00,11.86,--,118,139948,买盘
767,14:14:57,11.86,--,16,18976,买盘
768,14:14:54,11.86,--,10,11860,买盘
769,14:14:51,11.86,0.01,486,576396,买盘
770,14:14:48,11.85,--,22,26070,卖盘
771,14:14:42,11.85,-0.01,10,11850,卖盘
772,14:14:39,11.86,0.01,9,10674,买盘
773,14:14:30,11.85,0.01,28,33180,买盘
774,14:14:27,11.84,-0.01,32,37888,卖盘
775,14:14:24,11.85,-0.01,111,131535,卖盘
776,14:14:21,11.86,0.01,56,66416,买盘
777,14:14:18,11.85,--,7,8295,卖盘
778,14:14:15,11.85,--,10,11850,卖盘
779,14:14:12,11.85,0.01,30,35550,买盘
780,14:14:09,11.84,-0.01,8,9472,卖盘
781,14:14:06,11.85,--,550,651750,卖盘
782,14:14:03,11.85,--,201,238185,卖盘
783,14:14:00,11.85,--,104,123240,卖盘
784,14:13:57,11.85,--,39,46215,卖盘
785,14:13:54,11.85,--,530,628050,卖盘
786,14:13:51,11.85,-0.01,2,2370,卖盘
787,14:13:48,11.86,0.01,7,8302,买盘
788,14:13:45,11.85,-0.01,23,27255,卖盘
789,14:13:39,11.86,0.02,2,2372,买盘
790,14:13:36,11.84,-0.01,41,48544,卖盘
791,14:13:33,11.85,--,261,309285,买盘
792,14:13:27,11.85,0.01,94,111390,买盘
793,14:13:24,11.84,--,104,123136,卖盘
794,14:13:21,11.84,-0.01,1,1184,卖盘
795,14:13:18,11.85,--,61,72285,买盘
796,14:13:15,11.85,--,1329,1574865,买盘
797,14:13:12,11.85,--,205,242925,买盘
798,14:13:09,11.85,0.01,26,30810,买盘
799,14:13:06,11.84,-0.01,36,42624,卖盘
800,14:13:03,11.85,0.01,44,52140,买盘
801,14:13:00,11.84,--,7,8288,卖盘
802,14:12:57,11.84,--,27,31968,买盘
803,14:12:54,11.84,0.01,2,2368,买盘
804,14:12:51,11.83,--,68,80444,卖盘
805,14:12:48,11.83,--,7,8281,卖盘
806,14:12:45,11.83,--,1,1183,卖盘
807,14:12:42,11.83,-0.02,92,108836,卖盘
808,14:12:39,11.85,0.02,103,122055,买盘
809,14:12:36,11.83,--,1,1183,卖盘
810,14:12:33,11.83,-0.01,3,3549,卖盘
811,14:12:30,11.84,--,112,132608,买盘
812,14:12:24,11.84,--,13,15392,买盘
813,14:12:21,11.84,--,82,97088,卖盘
814,14:12:18,11.84,--,20,23680,卖盘
815,14:12:15,11.84,--,31,36704,买盘
816,14:12:12,11.84,0.01,4,4736,买盘
817,14:12:09,11.83,--,4,4732,卖盘
818,14:12:06,11.83,--,36,42588,卖盘
819,14:12:03,11.83,--,9,10647,卖盘
820,14:12:00,11.83,--,4,4732,卖盘
821,14:11:57,11.83,-0.02,30,35490,卖盘
822,14:11:54,11.85,0.01,109,129165,买盘
823,14:11:51,11.84,--,2,2368,卖盘
824,14:11:48,11.84,--,2,2368,卖盘
825,14:11:45,11.84,--,33,39072,卖盘
826,14:11:42,11.84,--,8,9472,卖盘
827,14:11:39,11.84,--,63,74592,卖盘
828,14:11:36,11.84,-0.01,4,4736,卖盘
829,14:11:33,11.85,0.01,20,23700,买盘
830,14:11:30,11.84,-0.01,12,14208,卖盘
831,14:11:24,11.85,-0.01,29,34365,卖盘
832,14:11:21,11.86,0.01,2,2372,买盘
833,14:11:18,11.85,--,31,36735,卖盘
834,14:11:15,11.85,0.01,110,130350,买盘
835,14:11:12,11.84,-0.01,4,4736,卖盘
836,14:11:09,11.85,0.01,1,1185,买盘
837,14:11:06,11.84,-0.02,12,14208,卖盘
838,14:11:00,11.86,0.01,54,64044,买盘
839,14:10:57,11.85,--,19,22515,买盘
840,14:10:54,11.85,--,111,131535,买盘
841,14:10:51,11.85,0.01,35,41475,买盘
842,14:10:48,11.84,-0.01,3,3552,卖盘
843,14:10:45,11.85,-0.01,9,10665,卖盘
844,14:10:39,11.86,0.02,2,2372,买盘
845,14:10:36,11.84,-0.02,49,58016,卖盘
846,14:10:30,11.86,--,19,22534,买盘
847,14:10:24,11.86,--,1676,1987736,买盘
848,14:10:18,11.86,0.01,4,4744,买盘
849,14:10:15,11.85,-0.01,200,237000,卖盘
850,14:10:12,11.86,--,87,103182,买盘
851,14:10:09,11.86,0.01,14,16604,买盘
852,14:10:06,11.85,-0.01,24,28440,卖盘
853,14:10:03,11.86,0.01,70,83020,买盘
854,14:10:00,11.85,--,56,66360,卖盘
855,14:09:57,11.85,-0.01,212,251220,卖盘
856,14:09:54,11.86,--,29,34394,买盘
857,14:09:51,11.86,0.01,88,104368,买盘
858,14:09:48,11.85,-0.01,248,293880,卖盘
859,14:09:45,11.86,0.01,30,35580,买盘
860,14:09:42,11.85,-0.01,12,14220,卖盘
861,14:09:39,11.86,--,36,42696,买盘
862,14:09:36,11.86,--,149,176714,买盘
863,14:09:33,11.86,--,15,17790,买盘
864,14:09:30,11.86,0.01,1,1186,买盘
865,14:09:27,11.85,-0.01,19,22515,卖盘
866,14:09:24,11.86,--,12,14232,买盘
867,14:09:21,11.86,0.01,6,7116,买盘
868,14:09:18,11.85,--,51,60435,卖盘
869,14:09:12,11.85,-0.01,103,122055,卖盘
870,14:09:09,11.86,0.01,21,24906,买盘
871,14:09:06,11.85,-0.01,9,10665,卖盘
872,14:09:03,11.86,--,47,55742,买盘
873,14:09:00,11.86,0.01,34,40324,买盘
874,14:08:57,11.85,-0.01,507,600795,卖盘
875,14:08:54,11.86,-0.01,66,78276,卖盘
876,14:08:51,11.87,--,150,178050,买盘
877,14:08:48,11.87,--,86,102082,买盘
878,14:08:45,11.87,0.01,11,13057,买盘
879,14:08:42,11.86,--,1,1186,卖盘
880,14:08:39,11.86,--,3,3558,卖盘
881,14:08:36,11.86,-0.01,13,15418,卖盘
882,14:08:33,11.87,0.01,3,3560,买盘
883,14:08:30,11.86,--,227,269222,卖盘
884,14:08:27,11.86,--,39,46254,卖盘
885,14:08:24,11.86,-0.01,42,49812,卖盘
886,14:08:21,11.87,0.01,2,2374,买盘
887,14:08:18,11.86,--,13,15418,卖盘
888,14:08:15,11.86,--,3,3558,卖盘
889,14:08:09,11.86,--,55,65230,卖盘
890,14:08:06,11.86,-0.01,13,15418,卖盘
891,14:08:03,11.87,--,39,46293,买盘
892,14:08:00,11.87,0.02,104,123447,买盘
893,14:07:54,11.85,-0.02,103,122055,卖盘
894,14:07:51,11.87,0.01,67,79529,买盘
895,14:07:48,11.86,0.02,80,94880,买盘
896,14:07:42,11.84,--,507,600288,卖盘
897,14:07:39,11.84,-0.02,78,92352,卖盘
898,14:07:33,11.86,0.01,466,552676,买盘
899,14:07:30,11.85,--,75,88875,买盘
900,14:07:27,11.85,0.01,16,18960,买盘
901,14:07:24,11.84,--,4,4736,卖盘
902,14:07:21,11.84,-0.01,67,79328,卖盘
903,14:07:18,11.85,--,2,2370,买盘
904,14:07:12,11.85,--,43,50955,买盘
905,14:07:06,11.85,--,67,79395,买盘
906,14:07:03,11.85,0.01,11,13035,买盘
907,14:07:00,11.84,-0.01,3,3552,卖盘
908,14:06:57,11.85,0.01,12,14220,买盘
909,14:06:54,11.84,-0.01,26,30784,卖盘
910,14:06:51,11.85,--,80,94800,买盘
911,14:06:48,11.85,--,83,98355,买盘
912,14:06:45,11.85,0.01,77,91245,买盘
913,14:06:42,11.84,--,3,3552,卖盘
914,14:06:39,11.84,-0.01,23,27232,卖盘
915,14:06:36,11.85,--,154,182490,买盘
916,14:06:33,11.85,0.01,4,4740,买盘
917,14:06:30,11.84,-0.01,9,10656,卖盘
918,14:06:27,11.85,--,10,11850,买盘
919,14:06:24,11.85,--,5,5925,买盘
920,14:06:21,11.85,0.01,2,2370,买盘
921,14:06:15,11.84,-0.01,104,123136,卖盘
922,14:06:12,11.85,--,131,155235,买盘
923,14:06:09,11.85,0.01,557,660045,买盘
924,14:06:06,11.84,--,84,99456,卖盘
925,14:06:03,11.84,--,4,4736,卖盘
926,14:06:00,11.84,-0.01,40,47360,卖盘
927,14:05:57,11.85,0.01,443,524955,买盘
928,14:05:54,11.84,-0.01,41,48544,卖盘
929,14:05:51,11.85,--,141,167085,买盘
930,14:05:48,11.85,0.01,50,59250,买盘
931,14:05:45,11.84,--,1,1184,卖盘
932,14:05:42,11.84,0.01,105,124556,买盘
933,14:05:36,11.83,-0.01,2,2366,卖盘
934,14:05:33,11.84,0.01,1,1184,买盘
935,14:05:30,11.83,--,3,3549,卖盘
936,14:05:27,11.83,-0.01,61,73109,卖盘
937,14:05:24,11.84,0.02,279,330572,买盘
938,14:05:21,11.82,-0.01,100,118200,卖盘
939,14:05:18,11.83,--,374,442442,卖盘
940,14:05:15,11.83,-0.01,10,11830,卖盘
941,14:05:12,11.84,--,9,10656,买盘
942,14:05:09,11.84,--,14,16576,买盘
943,14:05:06,11.84,--,131,155104,买盘
944,14:05:03,11.84,--,479,567136,买盘
945,14:05:00,11.84,--,40,47360,买盘
946,14:04:57,11.84,0.01,67,79328,买盘
947,14:04:51,11.83,--,34,40222,卖盘
948,14:04:48,11.83,--,209,247247,买盘
949,14:04:45,11.83,--,15,17745,买盘
950,14:04:42,11.83,--,129,152607,买盘
951,14:04:39,11.83,--,137,162071,买盘
952,14:04:33,11.83,0.01,2,2366,买盘
953,14:04:27,11.82,-0.01,190,224580,卖盘
954,14:04:21,11.83,--,213,251979,买盘
955,14:04:18,11.83,0.01,25,29575,买盘
956,14:04:15,11.82,--,60,70920,卖盘
957,14:04:12,11.82,-0.01,41,48462,卖盘
958,14:04:09,11.83,0.01,346,409318,买盘
959,14:04:06,11.82,-0.01,3,3546,卖盘
960,14:04:03,11.83,0.01,131,155446,买盘
961,14:04:00,11.82,--,79,93378,买盘
962,14:03:57,11.82,--,4,4728,买盘
963,14:03:54,11.82,--,4,4728,买盘
964,14:03:51,11.82,--,240,283680,买盘
965,14:03:42,11.82,--,17,20094,买盘
966,14:03:39,11.82,--,125,147750,买盘
967,14:03:36,11.82,--,6,7092,买盘
968,14:03:33,11.82,--,39,46098,买盘
969,14:03:30,11.82,--,10,11820,买盘
970,14:03:27,11.82,0.01,10,11820,买盘
971,14:03:24,11.81,-0.01,1,1181,卖盘
972,14:03:18,11.82,--,32,37824,买盘
973,14:03:15,11.82,--,12,14184,买盘
974,14:03:12,11.82,0.01,113,133566,买盘
975,14:03:09,11.81,-0.01,1,1181,卖盘
976,14:03:06,11.82,--,12,14184,买盘
977,14:03:03,11.82,0.01,33,39006,买盘
978,14:03:00,11.81,--,111,131091,卖盘
979,14:02:57,11.81,-0.01,17,20077,卖盘
980,14:02:54,11.82,0.01,47,55554,买盘
981,14:02:51,11.81,-0.01,5,5905,卖盘
982,14:02:48,11.82,0.01,3,3546,买盘
983,14:02:45,11.81,--,26,30706,卖盘
984,14:02:42,11.81,--,101,119281,卖盘
985,14:02:39,11.81,-0.01,2,2362,卖盘
986,14:02:36,11.82,0.01,123,145386,买盘
987,14:02:33,11.81,--,78,92118,买盘
988,14:02:30,11.81,--,57,67317,买盘
989,14:02:27,11.81,--,83,98023,买盘
990,14:02:24,11.81,0.01,55,64955,买盘
991,14:02:21,11.8,-0.01,7,8260,卖盘
992,14:02:18,11.81,0.01,60,70860,买盘
993,14:02:15,11.8,--,35,41300,卖盘
994,14:02:12,11.8,--,56,66080,卖盘
995,14:02:09,11.8,0.01,56,66080,买盘
996,14:02:06,11.79,--,6,7073,卖盘
997,14:02:03,11.79,--,23,27423,卖盘
998,14:02:00,11.79,--,3,3536,卖盘
999,14:01:57,11.79,--,156,183924,卖盘
1000,14:01:54,11.79,-0.01,21,25112,卖盘
1001,14:01:51,11.8,--,77,90860,买盘
1002,14:01:48,11.8,--,656,774080,买盘
1003,14:01:42,11.8,0.01,34,40120,买盘
1004,14:01:39,11.79,-0.01,22,25937,卖盘
1005,14:01:36,11.8,0.01,78,92040,买盘
1006,14:01:33,11.79,--,8,9432,卖盘
1007,14:01:30,11.79,0.01,43,50696,买盘
1008,14:01:27,11.78,-0.01,3,3534,卖盘
1009,14:01:21,11.79,--,22,25937,买盘
1010,14:01:18,11.79,--,32,37728,买盘
1011,14:01:15,11.79,0.01,180,212219,买盘
1012,14:01:12,11.78,-0.01,4,4712,卖盘
1013,14:01:09,11.79,0.01,101,119078,买盘
1014,14:01:06,11.78,-0.01,11,12958,卖盘
1015,14:01:03,11.79,--,25,29474,买盘
1016,14:01:00,11.79,--,9,10611,卖盘
1017,14:00:57,11.79,-0.01,15,17685,卖盘
1018,14:00:54,11.8,0.01,159,187620,买盘
1019,14:00:51,11.79,-0.01,22,25937,卖盘
1020,14:00:48,11.8,0.01,3,3540,买盘
1021,14:00:45,11.79,-0.01,22,25937,卖盘
1022,14:00:39,11.8,0.01,3,3540,买盘
1023,14:00:36,11.79,--,7,8253,卖盘
1024,14:00:33,11.79,--,96,113183,卖盘
1025,14:00:24,11.79,0.01,89,104930,买盘
1026,14:00:21,11.78,-0.01,11,12958,卖盘
1027,14:00:18,11.79,0.01,24,28295,买盘
1028,14:00:12,11.78,--,9,10602,卖盘
1029,14:00:09,11.78,--,3,3534,卖盘
1030,14:00:06,11.78,--,3,3534,卖盘
1031,14:00:03,11.78,--,27,31806,卖盘
1032,14:00:00,11.78,--,20,23560,卖盘
1033,13:59:57,11.78,-0.01,2,2356,卖盘
1034,13:59:54,11.79,--,54,63665,买盘
1035,13:59:51,11.79,0.01,25,29474,买盘
1036,13:59:48,11.78,--,4,4712,卖盘
1037,13:59:45,11.78,-0.01,8,9424,卖盘
1038,13:59:42,11.79,0.01,86,101393,买盘
1039,13:59:33,11.78,-0.01,171,201438,卖盘
1040,13:59:30,11.79,0.01,89,104930,买盘
1041,13:59:21,11.78,--,5,5890,卖盘
1042,13:59:18,11.78,-0.01,14,16492,卖盘
1043,13:59:12,11.79,0.01,61,71919,买盘
1044,13:59:06,11.78,--,8,9424,卖盘
1045,13:59:03,11.78,-0.01,35,41230,卖盘
1046,13:58:57,11.79,--,28,33012,卖盘
1047,13:58:54,11.79,--,3,3536,卖盘
1048,13:58:51,11.79,--,48,56591,买盘
1049,13:58:48,11.79,0.01,3,3536,买盘
1050,13:58:45,11.78,--,8,9424,卖盘
1051,13:58:42,11.78,--,4,4712,卖盘
1052,13:58:39,11.78,-0.01,5,5890,卖盘
1053,13:58:36,11.79,0.01,99,116720,买盘
1054,13:58:33,11.78,-0.01,10,11780,卖盘
1055,13:58:30,11.79,0.01,78,91962,买盘
1056,13:58:27,11.78,--,58,68324,卖盘
1057,13:58:21,11.78,-0.01,12,14136,卖盘
1058,13:58:18,11.79,0.01,12,14147,买盘
1059,13:58:15,11.78,-0.01,4,4712,卖盘
1060,13:58:12,11.79,0.01,20,23580,买盘
1061,13:58:09,11.78,--,1,1178,卖盘
1062,13:58:06,11.78,--,1,1178,卖盘
1063,13:58:03,11.78,--,4,4712,卖盘
1064,13:58:00,11.78,--,10,11780,卖盘
1065,13:57:57,11.78,-0.01,1,1178,卖盘
1066,13:57:54,11.79,0.01,39,45981,买盘
1067,13:57:51,11.78,--,6,7068,卖盘
1068,13:57:48,11.78,--,213,250914,卖盘
1069,13:57:45,11.78,-0.01,297,349866,卖盘
1070,13:57:42,11.79,0.01,12,14147,买盘
1071,13:57:39,11.78,-0.01,8,9424,卖盘
1072,13:57:36,11.79,--,30,35370,买盘
1073,13:57:33,11.79,0.01,2,2358,买盘
1074,13:57:30,11.78,--,16,18848,卖盘
1075,13:57:27,11.78,--,162,190836,买盘
1076,13:57:24,11.78,--,75,88350,买盘
1077,13:57:21,11.78,0.01,10,11780,买盘
1078,13:57:18,11.77,--,10,11770,卖盘
1079,13:57:15,11.77,--,4,4708,卖盘
1080,13:57:12,11.77,--,1,1177,卖盘
1081,13:57:06,11.77,--,4,4708,卖盘
1082,13:57:03,11.77,-0.01,51,60027,卖盘
1083,13:57:00,11.78,0.01,6,7068,买盘
1084,13:56:54,11.77,--,9,10593,卖盘
1085,13:56:51,11.77,-0.01,89,104753,卖盘
1086,13:56:48,11.78,0.01,54,63612,买盘
1087,13:56:45,11.77,--,30,35310,卖盘
1088,13:56:42,11.77,-0.01,1,1177,卖盘
1089,13:56:39,11.78,0.01,85,100130,买盘
1090,13:56:36,11.77,--,1,1177,卖盘
1091,13:56:33,11.77,--,3,3531,卖盘
1092,13:56:30,11.77,--,8,9416,卖盘
1093,13:56:27,11.77,-0.01,1,1177,卖盘
1094,13:56:24,11.78,--,182,214396,卖盘
1095,13:56:21,11.78,-0.01,533,627874,卖盘
1096,13:56:18,11.79,--,304,358416,买盘
1097,13:56:15,11.79,0.01,5,5895,买盘
1098,13:56:12,11.78,--,5,5890,卖盘
1099,13:56:09,11.78,--,59,69502,卖盘
1100,13:56:06,11.78,--,3,3534,卖盘
1101,13:56:03,11.78,--,1,1178,卖盘
1102,13:56:00,11.78,-0.01,9,10602,卖盘
1103,13:55:57,11.79,0.01,97,114362,买盘
1104,13:55:54,11.78,--,20,23560,卖盘
1105,13:55:51,11.78,--,4,4712,卖盘
1106,13:55:48,11.78,-0.01,7,8246,卖盘
1107,13:55:45,11.79,0.01,54,63665,买盘
1108,13:55:39,11.78,--,4,4712,卖盘
1109,13:55:36,11.78,-0.01,9,10602,卖盘
1110,13:55:33,11.79,--,1,1179,买盘
1111,13:55:30,11.79,--,1,1179,买盘
1112,13:55:27,11.79,0.01,17,20043,买盘
1113,13:55:24,11.78,-0.01,98,115444,卖盘
1114,13:55:18,11.79,0.01,515,607185,买盘
1115,13:55:15,11.78,--,11,12958,卖盘
1116,13:55:12,11.78,--,22,25916,卖盘
1117,13:55:06,11.78,--,10,11780,卖盘
1118,13:55:03,11.78,-0.01,28,32984,卖盘
1119,13:55:00,11.79,0.01,7,8253,买盘
1120,13:54:57,11.78,-0.01,120,141360,卖盘
1121,13:54:54,11.79,--,16,18864,买盘
1122,13:54:51,11.79,--,38,44802,买盘
1123,13:54:45,11.79,--,17,20043,买盘
1124,13:54:42,11.79,0.01,228,268812,买盘
1125,13:54:36,11.78,--,4,4712,卖盘
1126,13:54:33,11.78,0.01,8,9424,卖盘
1127,13:54:27,11.77,-0.01,601,707377,卖盘
1128,13:54:21,11.78,0.01,32,37696,买盘
1129,13:54:09,11.77,-0.01,12,14124,卖盘
1130,13:54:03,11.78,0.01,21,24738,买盘
1131,13:54:00,11.77,-0.01,8,9416,卖盘
1132,13:53:54,11.78,--,9,10602,买盘
1133,13:53:51,11.78,0.01,34,40052,买盘
1134,13:53:48,11.77,-0.02,206,242462,卖盘
1135,13:53:45,11.79,0.01,27,31832,买盘
1136,13:53:42,11.78,--,8,9424,卖盘
1137,13:53:39,11.78,0.01,189,222642,买盘
1138,13:53:36,11.77,--,9,10593,卖盘
1139,13:53:33,11.77,-0.01,3,3531,卖盘
1140,13:53:30,11.78,0.01,384,452352,买盘
1141,13:53:24,11.77,-0.01,13,15301,卖盘
1142,13:53:18,11.78,0.01,93,109554,买盘
1143,13:53:15,11.77,--,14,16478,卖盘
1144,13:53:12,11.77,--,8,9416,卖盘
1145,13:53:09,11.77,-0.01,130,153010,卖盘
1146,13:53:06,11.78,0.01,23,27094,买盘
1147,13:53:03,11.77,--,1,1177,卖盘
1148,13:53:00,11.77,--,48,56496,卖盘
1149,13:52:57,11.77,-0.02,408,480216,卖盘
1150,13:52:54,11.79,0.01,10,11790,买盘
1151,13:52:51,11.78,--,4,4712,卖盘
1152,13:52:45,11.78,--,20,23560,卖盘
1153,13:52:42,11.78,--,7,8246,卖盘
1154,13:52:39,11.78,0.01,24,28272,买盘
1155,13:52:36,11.77,--,50,58850,卖盘
1156,13:52:33,11.77,--,207,243639,卖盘
1157,13:52:30,11.77,--,10,11770,卖盘
1158,13:52:27,11.77,--,42,49434,卖盘
1159,13:52:18,11.77,0.01,53,62381,买盘
1160,13:52:15,11.76,--,1,1176,卖盘
1161,13:52:12,11.76,--,10,11760,卖盘
1162,13:52:09,11.76,--,103,121128,卖盘
1163,13:52:06,11.76,--,10,11760,卖盘
1164,13:52:03,11.76,--,2,2352,卖盘
1165,13:52:00,11.76,--,7,8232,卖盘
1166,13:51:57,11.76,--,36,42336,卖盘
1167,13:51:54,11.76,--,12,14112,卖盘
1168,13:51:51,11.76,--,20,23520,卖盘
1169,13:51:45,11.76,--,13,15288,卖盘
1170,13:51:39,11.76,-0.01,17,19992,卖盘
1171,13:51:36,11.77,0.01,54,63558,买盘
1172,13:51:33,11.76,-0.01,9,10584,卖盘
1173,13:51:30,11.77,--,4,4708,买盘
1174,13:51:24,11.77,0.01,63,74151,买盘
1175,13:51:15,11.76,-0.01,91,107016,卖盘
1176,13:51:12,11.77,-0.01,26,30602,卖盘
1177,13:51:09,11.78,0.01,14,16492,买盘
1178,13:51:06,11.77,--,17,20009,卖盘
1179,13:51:03,11.77,--,5,5885,卖盘
1180,13:51:00,11.77,--,8,9416,卖盘
1181,13:50:57,11.77,-0.01,2,2354,卖盘
1182,13:50:54,11.78,0.01,7,8246,买盘
1183,13:50:51,11.77,-0.01,8,9416,中性盘
1184,13:50:39,11.78,--,12,14136,买盘
1185,13:50:36,11.78,0.02,66,77748,买盘
1186,13:50:30,11.76,--,4,4704,卖盘
1187,13:50:27,11.76,--,17,19992,卖盘
1188,13:50:24,11.76,-0.01,7,8232,卖盘
1189,13:50:21,11.77,--,50,58850,卖盘
1190,13:50:18,11.77,-0.01,12,14124,卖盘
1191,13:50:15,11.78,--,70,82460,买盘
1192,13:50:12,11.78,--,128,150784,买盘
1193,13:50:09,11.78,0.01,5,5890,买盘
1194,13:50:06,11.77,--,10,11770,卖盘
1195,13:50:03,11.77,-0.01,1,1177,卖盘
1196,13:50:00,11.78,--,8,9424,卖盘
1197,13:49:57,11.78,--,11,12958,卖盘
1198,13:49:54,11.78,--,7,8246,卖盘
1199,13:49:51,11.78,0.01,8,9424,中性盘
1200,13:49:45,11.77,-0.01,40,47080,卖盘
1201,13:49:42,11.78,-0.01,31,36518,卖盘
1202,13:49:39,11.79,0.01,11,12968,买盘
1203,13:49:36,11.78,--,4,4712,卖盘
1204,13:49:33,11.78,--,17,20026,买盘
1205,13:49:30,11.78,--,26,30628,买盘
1206,13:49:27,11.78,--,36,42408,买盘
1207,13:49:24,11.78,0.01,11,12958,买盘
1208,13:49:21,11.77,-0.01,23,27071,卖盘
1209,13:49:18,11.78,--,100,117800,卖盘
1210,13:49:15,11.78,--,3,3534,卖盘
1211,13:49:12,11.78,-0.01,89,104842,卖盘
1212,13:49:09,11.79,--,2,2358,买盘
1213,13:49:06,11.79,0.01,2,2358,买盘
1214,13:49:03,11.78,--,23,27094,卖盘
1215,13:49:00,11.78,-0.01,41,48298,卖盘
1216,13:48:54,11.79,--,2,2358,买盘
1217,13:48:51,11.79,0.01,16,18864,买盘
1218,13:48:48,11.78,--,8,9424,卖盘
1219,13:48:45,11.78,--,904,1064912,买盘
1220,13:48:42,11.78,--,120,141360,买盘
1221,13:48:39,11.78,--,9,10602,买盘
1222,13:48:36,11.78,0.01,10,11780,买盘
1223,13:48:33,11.77,-0.02,4,4708,卖盘
1224,13:48:30,11.79,--,60,70740,买盘
1225,13:48:27,11.79,--,175,206324,买盘
1226,13:48:24,11.79,--,26,30653,买盘
1227,13:48:18,11.79,0.01,319,376101,买盘
1228,13:48:15,11.78,-0.01,3,3534,卖盘
1229,13:48:12,11.79,0.01,4,4716,买盘
1230,13:48:09,11.78,0.01,45,53010,买盘
1231,13:48:06,11.77,--,8,9416,卖盘
1232,13:48:03,11.77,-0.02,143,168311,卖盘
1233,13:48:00,11.79,0.01,54,63665,买盘
1234,13:47:57,11.78,-0.01,8,9424,卖盘
1235,13:47:54,11.79,0.01,5,5895,买盘
1236,13:47:51,11.78,--,2,2356,卖盘
1237,13:47:45,11.78,--,12,14136,卖盘
1238,13:47:42,11.78,-0.01,1,1178,卖盘
1239,13:47:39,11.79,0.01,2,2358,买盘
1240,13:47:36,11.78,-0.01,24,28272,卖盘
1241,13:47:33,11.79,0.01,17,20043,买盘
1242,13:47:30,11.78,--,156,183768,买盘
1243,13:47:27,11.78,--,21,24738,买盘
1244,13:47:24,11.78,0.01,32,37696,买盘
1245,13:47:21,11.77,-0.01,9,10593,卖盘
1246,13:47:18,11.78,0.01,2,2356,买盘
1247,13:47:12,11.77,--,1,1177,卖盘
1248,13:47:09,11.77,-0.01,12,14124,卖盘
1249,13:47:06,11.78,0.01,78,91884,买盘
1250,13:47:03,11.77,--,58,68266,卖盘
1251,13:47:00,11.77,--,14,16478,卖盘
1252,13:46:57,11.77,-0.01,5,5885,卖盘
1253,13:46:54,11.78,0.01,1,1178,买盘
1254,13:46:51,11.77,-0.02,166,195382,卖盘
1255,13:46:48,11.79,0.01,59,69561,买盘
1256,13:46:45,11.78,--,48,56544,卖盘
1257,13:46:42,11.78,-0.01,10,11780,卖盘
1258,13:46:39,11.79,0.01,11,12968,买盘
1259,13:46:36,11.78,-0.01,74,87172,卖盘
1260,13:46:33,11.79,0.01,6,7073,买盘
1261,13:46:27,11.78,-0.01,73,85994,卖盘
1262,13:46:24,11.79,0.01,4,4716,买盘
1263,13:46:21,11.78,-0.01,8,9424,中性盘
1264,13:46:15,11.79,0.03,26,30653,买盘
1265,13:46:09,11.76,-0.02,61,71736,卖盘
1266,13:46:06,11.78,0.02,356,419368,买盘
1267,13:46:03,11.76,--,20,23520,卖盘
1268,13:46:00,11.76,-0.01,1,1176,卖盘
1269,13:45:57,11.77,--,30,35310,买盘
1270,13:45:54,11.77,0.01,13,15301,买盘
1271,13:45:48,11.76,-0.01,3,3528,卖盘
1272,13:45:42,11.77,--,15,17655,买盘
1273,13:45:39,11.77,0.01,11,12947,买盘
1274,13:45:33,11.76,-0.01,38,44688,卖盘
1275,13:45:30,11.77,--,3,3531,买盘
1276,13:45:27,11.77,--,14,16478,买盘
1277,13:45:24,11.77,0.01,83,97691,买盘
1278,13:45:21,11.76,-0.01,15,17640,卖盘
1279,13:45:18,11.77,--,16,18832,买盘
1280,13:45:15,11.77,-0.01,65,76505,卖盘
1281,13:45:12,11.78,--,94,110732,卖盘
1282,13:45:09,11.78,--,34,40052,卖盘
1283,13:45:06,11.78,--,180,212040,中性盘
1284,13:45:03,11.78,0.01,88,103664,中性盘
1285,13:45:00,11.77,--,10,11770,卖盘
1286,13:44:57,11.77,--,18,21186,卖盘
1287,13:44:54,11.77,-0.02,11,12947,卖盘
1288,13:44:48,11.79,--,41,48339,买盘
1289,13:44:42,11.79,--,9,10611,买盘
1290,13:44:39,11.79,0.01,55,64844,买盘
1291,13:44:36,11.78,--,28,32984,卖盘
1292,13:44:30,11.78,-0.01,3,3534,卖盘
1293,13:44:27,11.79,--,50,58949,买盘
1294,13:44:24,11.79,0.01,21,24759,买盘
1295,13:44:18,11.78,--,169,199082,卖盘
1296,13:44:15,11.78,--,22,25916,卖盘
1297,13:44:09,11.78,--,15,17670,卖盘
1298,13:44:06,11.78,--,4,4712,卖盘
1299,13:44:03,11.78,--,14,16492,卖盘
1300,13:44:00,11.78,--,128,150784,卖盘
1301,13:43:57,11.78,-0.01,55,64790,卖盘
1302,13:43:54,11.79,0.01,4,4716,买盘
1303,13:43:51,11.78,--,21,24738,卖盘
1304,13:43:42,11.78,--,12,14136,卖盘
1305,13:43:39,11.78,--,35,41230,卖盘
1306,13:43:36,11.78,0.02,181,213218,买盘
1307,13:43:33,11.76,-0.01,10,11760,卖盘
1308,13:43:30,11.77,0.02,11,12947,买盘
1309,13:43:27,11.75,-0.02,7,8225,卖盘
1310,13:43:24,11.77,0.01,50,58850,买盘
1311,13:43:21,11.76,0.01,52,61152,买盘
1312,13:43:18,11.75,-0.01,97,113975,卖盘
1313,13:43:15,11.76,--,4,4704,买盘
1314,13:43:12,11.76,--,6,7056,买盘
1315,13:43:09,11.76,0.01,2,2352,买盘
1316,13:43:06,11.75,--,26,30550,卖盘
1317,13:43:03,11.75,-0.01,25,29375,卖盘
1318,13:43:00,11.76,--,78,91728,买盘
1319,13:42:57,11.76,--,28,32928,卖盘
1320,13:42:54,11.76,-0.01,2,2352,卖盘
1321,13:42:48,11.77,0.01,93,109461,买盘
1322,13:42:45,11.76,--,9,10584,卖盘
1323,13:42:42,11.76,-0.01,2,2352,卖盘
1324,13:42:39,11.77,--,2,2354,买盘
1325,13:42:36,11.77,0.01,44,51788,买盘
1326,13:42:33,11.76,--,18,21168,卖盘
1327,13:42:27,11.76,--,36,42336,卖盘
1328,13:42:24,11.76,--,10,11760,卖盘
1329,13:42:21,11.76,-0.01,3,3528,卖盘
1330,13:42:18,11.77,0.01,54,63558,买盘
1331,13:42:12,11.76,--,9,10584,卖盘
1332,13:42:09,11.76,-0.01,2,2352,卖盘
1333,13:42:03,11.77,--,428,503756,卖盘
1334,13:42:00,11.77,--,1,1177,卖盘
1335,13:41:57,11.77,--,79,92983,买盘
1336,13:41:54,11.77,0.01,3,3531,买盘
1337,13:41:51,11.76,-0.02,8,9408,卖盘
1338,13:41:45,11.78,0.01,700,824600,买盘
1339,13:41:42,11.77,--,133,156541,卖盘
1340,13:41:39,11.77,--,14,16478,卖盘
1341,13:41:36,11.77,-0.01,5,5885,卖盘
1342,13:41:33,11.78,--,1,1178,买盘
1343,13:41:30,11.78,--,10,11780,买盘
1344,13:41:24,11.78,0.01,2,2356,买盘
1345,13:41:21,11.77,--,13,15301,卖盘
1346,13:41:18,11.77,--,71,83567,卖盘
1347,13:41:15,11.77,--,30,35310,卖盘
1348,13:41:12,11.77,-0.01,22,25894,卖盘
1349,13:41:09,11.78,--,1,1178,买盘
1350,13:41:06,11.78,0.01,49,57722,买盘
1351,13:41:03,11.77,-0.01,1,1177,卖盘
1352,13:41:00,11.78,--,125,147250,买盘
1353,13:40:57,11.78,-0.01,655,771590,卖盘
1354,13:40:54,11.79,--,89,104930,卖盘
1355,13:40:51,11.79,-0.01,2,2358,卖盘
1356,13:40:48,11.8,0.02,16,18880,买盘
1357,13:40:45,11.78,-0.01,9,10602,卖盘
1358,13:40:42,11.79,-0.01,45,53054,卖盘
1359,13:40:39,11.8,--,7,8260,买盘
1360,13:40:36,11.8,0.01,18,21240,买盘
1361,13:40:33,11.79,--,9,10611,卖盘
1362,13:40:30,11.79,--,15,17685,卖盘
1363,13:40:24,11.79,-0.01,24,28295,卖盘
1364,13:40:21,11.8,--,3,3540,买盘
1365,13:40:18,11.8,0.01,65,76700,买盘
1366,13:40:15,11.79,0.01,76,89604,中性盘
1367,13:40:12,11.78,-0.02,10,11780,卖盘
1368,13:40:09,11.8,0.02,5,5900,买盘
1369,13:40:06,11.78,--,9,10602,卖盘
1370,13:40:00,11.78,-0.02,53,62434,卖盘
1371,13:39:57,11.8,--,1,1180,买盘
1372,13:39:54,11.8,0.01,83,97940,买盘
1373,13:39:51,11.79,--,40,47160,卖盘
1374,13:39:48,11.79,-0.01,9,10611,卖盘
1375,13:39:45,11.8,--,43,50740,买盘
1376,13:39:39,11.8,0.01,117,138060,买盘
1377,13:39:36,11.79,-0.01,10,11790,中性盘
1378,13:39:33,11.8,--,43,50740,买盘
1379,13:39:30,11.8,0.02,25,29500,买盘
1380,13:39:27,11.78,--,42,49476,卖盘
1381,13:39:24,11.78,-0.01,23,27094,卖盘
1382,13:39:21,11.79,--,30,35370,买盘
1383,13:39:18,11.79,--,26,30653,买盘
1384,13:39:12,11.79,0.01,67,78993,买盘
1385,13:39:09,11.78,--,5,5890,卖盘
1386,13:39:06,11.78,--,47,55366,卖盘
1387,13:39:03,11.78,0.01,962,1133236,买盘
1388,13:39:00,11.77,--,1,1177,卖盘
1389,13:38:57,11.77,--,118,138886,卖盘
1390,13:38:54,11.77,--,15,17655,卖盘
1391,13:38:51,11.77,--,139,163603,卖盘
1392,13:38:48,11.77,--,2,2354,卖盘
1393,13:38:45,11.77,--,16,18832,卖盘
1394,13:38:42,11.77,-0.01,52,61204,卖盘
1395,13:38:39,11.78,--,6,7068,买盘
1396,13:38:36,11.78,--,6,7068,买盘
1397,13:38:33,11.78,--,56,65968,买盘
1398,13:38:30,11.78,0.01,20,23560,买盘
1399,13:38:27,11.77,-0.01,11,12947,卖盘
1400,13:38:24,11.78,0.01,102,120156,买盘
1401,13:38:21,11.77,--,15,17655,卖盘
1402,13:38:18,11.77,--,24,28248,卖盘
1403,13:38:15,11.77,-0.01,1,1177,卖盘
1404,13:38:12,11.78,0.01,115,135470,买盘
1405,13:38:09,11.77,--,28,32956,卖盘
1406,13:38:06,11.77,--,2,2354,卖盘
1407,13:38:03,11.77,--,22,25894,卖盘
1408,13:38:00,11.77,--,229,269533,卖盘
1409,13:37:57,11.77,--,6,7062,卖盘
1410,13:37:54,11.77,--,3,3531,卖盘
1411,13:37:51,11.77,-0.01,15,17655,卖盘
1412,13:37:48,11.78,0.01,289,340442,买盘
1413,13:37:42,11.77,-0.01,4,4708,卖盘
1414,13:37:39,11.78,0.01,9,10602,买盘
1415,13:37:36,11.77,-0.01,30,35310,卖盘
1416,13:37:30,11.78,0.01,21,24738,买盘
1417,13:37:27,11.77,-0.01,8,9416,卖盘
1418,13:37:24,11.78,--,24,28272,买盘
1419,13:37:21,11.78,--,102,120156,买盘
1420,13:37:18,11.78,0.01,9,10602,买盘
1421,13:37:15,11.77,-0.01,269,316613,卖盘
1422,13:37:12,11.78,--,300,353400,买盘
1423,13:37:09,11.78,--,89,104842,买盘
1424,13:37:06,11.78,--,13,15314,买盘
1425,13:37:03,11.78,0.01,43,50654,买盘
1426,13:37:00,11.77,--,10,11770,卖盘
1427,13:36:57,11.77,-0.01,10,11770,卖盘
1428,13:36:54,11.78,0.01,1,1178,买盘
1429,13:36:51,11.77,--,741,872157,买盘
1430,13:36:45,11.77,--,78,91806,买盘
1431,13:36:42,11.77,0.01,307,361339,买盘
1432,13:36:39,11.76,--,75,88200,卖盘
1433,13:36:36,11.76,-0.01,10,11760,卖盘
1434,13:36:30,11.77,--,4,4708,买盘
1435,13:36:27,11.77,--,4,4708,买盘
1436,13:36:24,11.77,0.01,1,1177,买盘
1437,13:36:21,11.76,-0.01,1,1176,卖盘
1438,13:36:15,11.77,--,15,17655,买盘
1439,13:36:09,11.77,--,2,2354,买盘
1440,13:36:06,11.77,0.01,57,67089,买盘
1441,13:36:03,11.76,--,11,12936,卖盘
1442,13:36:00,11.76,--,3,3528,卖盘
1443,13:35:57,11.76,--,36,42336,买盘
1444,13:35:54,11.76,--,3,3528,买盘
1445,13:35:45,11.76,--,83,97608,买盘
1446,13:35:39,11.76,0.01,2,2352,买盘
1447,13:35:36,11.75,-0.01,62,72850,卖盘
1448,13:35:33,11.76,--,25,29400,买盘
1449,13:35:30,11.76,--,22,25872,买盘
1450,13:35:27,11.76,0.01,117,137592,买盘
1451,13:35:24,11.75,--,61,72262,卖盘
1452,13:35:21,11.75,-0.01,1,1175,卖盘
1453,13:35:18,11.76,--,6,7056,买盘
1454,13:35:15,11.76,--,33,38808,买盘
1455,13:35:12,11.76,--,30,35280,买盘
1456,13:35:09,11.76,0.01,42,49392,买盘
1457,13:35:06,11.75,-0.01,55,64625,卖盘
1458,13:35:03,11.76,0.01,7,8232,买盘
1459,13:35:00,11.75,--,44,51700,卖盘
1460,13:34:57,11.75,-0.01,20,23500,卖盘
1461,13:34:54,11.76,0.01,11,12936,买盘
1462,13:34:45,11.75,-0.01,30,35250,卖盘
1463,13:34:42,11.76,--,82,96432,买盘
1464,13:34:39,11.76,0.01,2,2352,买盘
1465,13:34:33,11.75,-0.01,3,3525,卖盘
1466,13:34:30,11.76,--,3,3528,买盘
1467,13:34:24,11.76,0.02,8,9408,买盘
1468,13:34:21,11.74,-0.01,6,7044,卖盘
1469,13:34:12,11.75,-0.01,5,5875,买盘
1470,13:34:09,11.76,--,10,11760,买盘
1471,13:34:03,11.76,0.01,169,198744,买盘
1472,13:34:00,11.75,-0.01,942,1106850,卖盘
1473,13:33:57,11.76,--,89,104664,买盘
1474,13:33:54,11.76,--,15,17640,买盘
1475,13:33:51,11.76,--,49,57624,买盘
1476,13:33:48,11.76,0.01,2,2352,买盘
1477,13:33:45,11.75,-0.01,23,27025,卖盘
1478,13:33:42,11.76,--,62,72912,买盘
1479,13:33:39,11.76,0.01,81,95256,买盘
1480,13:33:36,11.75,-0.01,3,3525,卖盘
1481,13:33:33,11.76,0.01,161,189336,买盘
1482,13:33:30,11.75,-0.01,4,4700,卖盘
1483,13:33:27,11.76,--,3,3528,买盘
1484,13:33:24,11.76,--,26,30576,买盘
1485,13:33:21,11.76,0.01,19,22344,买盘
1486,13:33:18,11.75,--,14,16450,卖盘
1487,13:33:15,11.75,-0.01,52,61100,卖盘
1488,13:33:12,11.76,0.01,348,409248,买盘
1489,13:33:09,11.75,--,10,11750,卖盘
1490,13:33:06,11.75,--,109,128075,卖盘
1491,13:33:03,11.75,--,1,1175,卖盘
1492,13:33:00,11.75,-0.01,91,106925,卖盘
1493,13:32:57,11.76,0.01,93,109368,买盘
1494,13:32:54,11.75,--,13,15275,卖盘
1495,13:32:51,11.75,-0.01,18,21150,卖盘
1496,13:32:48,11.76,0.01,2,2352,买盘
1497,13:32:45,11.75,--,13,15275,卖盘
1498,13:32:42,11.75,--,123,144525,卖盘
1499,13:32:39,11.75,--,80,94000,卖盘
1500,13:32:36,11.75,-0.01,51,59925,卖盘
1501,13:32:33,11.76,0.01,87,102312,买盘
1502,13:32:30,11.75,-0.01,1,1175,卖盘
1503,13:32:27,11.76,0.02,27,31752,买盘
1504,13:32:24,11.74,-0.02,36,42264,卖盘
1505,13:32:21,11.76,--,6,7056,买盘
1506,13:32:18,11.76,0.02,16,18816,买盘
1507,13:32:15,11.74,--,28,32872,卖盘
1508,13:32:09,11.74,--,32,37568,卖盘
1509,13:32:06,11.74,-0.02,11,12914,卖盘
1510,13:32:03,11.76,0.01,389,457464,买盘
1511,13:32:00,11.75,--,133,156275,买盘
1512,13:31:57,11.75,--,101,118675,买盘
1513,13:31:54,11.75,-0.01,536,629800,卖盘
1514,13:31:51,11.76,0.01,11,12936,买盘
1515,13:31:48,11.75,-0.02,11,12925,卖盘
1516,13:31:45,11.77,0.01,68,80036,买盘
1517,13:31:39,11.76,--,71,83496,买盘
1518,13:31:36,11.76,0.01,109,128184,买盘
1519,13:31:33,11.75,-0.01,6,7050,卖盘
1520,13:31:30,11.76,0.01,103,121128,买盘
1521,13:31:27,11.75,-0.01,245,287875,卖盘
1522,13:31:24,11.76,--,108,127008,买盘
1523,13:31:21,11.76,0.01,3,3528,买盘
1524,13:31:18,11.75,0.01,19,22325,买盘
1525,13:31:15,11.74,-0.01,7,8218,卖盘
1526,13:31:12,11.75,--,54,63450,买盘
1527,13:31:09,11.75,--,52,61100,买盘
1528,13:31:06,11.75,-0.02,92,108100,卖盘
1529,13:31:03,11.77,0.01,225,264825,买盘
1530,13:30:57,11.76,--,157,184632,买盘
1531,13:30:54,11.76,0.01,22,25872,买盘
1532,13:30:51,11.75,--,4,4700,卖盘
1533,13:30:48,11.75,-0.01,102,119850,卖盘
1534,13:30:45,11.76,0.01,4,4704,买盘
1535,13:30:42,11.75,-0.01,4,4700,卖盘
1536,13:30:39,11.76,0.01,181,212856,买盘
1537,13:30:36,11.75,-0.01,40,47000,卖盘
1538,13:30:33,11.76,--,82,96432,买盘
1539,13:30:30,11.76,0.01,50,58800,买盘
1540,13:30:27,11.75,--,54,63450,买盘
1541,13:30:24,11.75,--,62,72850,买盘
1542,13:30:21,11.75,--,366,430050,卖盘
1543,13:30:18,11.75,-0.01,37,43475,卖盘
1544,13:30:15,11.76,--,9,10584,买盘
1545,13:30:12,11.76,--,197,231672,买盘
1546,13:30:09,11.76,--,1,1176,买盘
1547,13:30:06,11.76,0.01,26,30576,买盘
1548,13:30:03,11.75,--,4,4700,卖盘
1549,13:30:00,11.75,--,3,3525,卖盘
1550,13:29:57,11.75,--,33,38775,卖盘
1551,13:29:54,11.75,--,242,284350,卖盘
1552,13:29:51,11.75,-0.01,1,1175,卖盘
1553,13:29:48,11.76,--,189,222264,买盘
1554,13:29:45,11.76,0.02,10,11760,买盘
1555,13:29:42,11.74,-0.01,20,23480,卖盘
1556,13:29:39,11.75,--,22,25850,卖盘
1557,13:29:36,11.75,--,53,62275,卖盘
1558,13:29:33,11.75,--,129,151575,卖盘
1559,13:29:30,11.75,--,516,606300,买盘
1560,13:29:27,11.75,--,59,69325,买盘
1561,13:29:24,11.75,0.01,144,169200,买盘
1562,13:29:21,11.74,--,6,7044,卖盘
1563,13:29:18,11.74,--,15,17610,卖盘
1564,13:29:15,11.74,--,3,3522,卖盘
1565,13:29:12,11.74,--,70,82180,卖盘
1566,13:29:09,11.74,--,8,9392,卖盘
1567,13:29:06,11.74,-0.01,1,1174,卖盘
1568,13:29:03,11.75,0.01,6,7050,买盘
1569,13:29:00,11.74,0.01,336,394464,买盘
1570,13:28:57,11.73,-0.01,2,2346,卖盘
1571,13:28:54,11.74,0.01,63,73962,买盘
1572,13:28:51,11.73,-0.01,40,46920,卖盘
1573,13:28:45,11.74,--,19,22306,买盘
1574,13:28:42,11.74,--,107,125618,买盘
1575,13:28:39,11.74,0.01,7,8218,买盘
1576,13:28:36,11.73,-0.01,7,8211,卖盘
1577,13:28:30,11.74,0.01,82,96268,买盘
1578,13:28:27,11.73,-0.01,18,21114,卖盘
1579,13:28:24,11.74,0.01,23,27002,买盘
1580,13:28:21,11.73,-0.01,3,3519,卖盘
1581,13:28:18,11.74,0.01,337,395638,买盘
1582,13:28:15,11.73,--,78,91494,买盘
1583,13:28:12,11.73,--,3,3519,买盘
1584,13:28:09,11.73,0.02,14,16422,买盘
1585,13:28:06,11.71,-0.03,3,3513,卖盘
1586,13:28:03,11.74,0.01,140,164360,买盘
1587,13:28:00,11.73,--,3,3519,买盘
1588,13:27:57,11.73,--,60,70380,买盘
1589,13:27:54,11.73,0.01,7,8211,买盘
1590,13:27:51,11.72,--,76,89072,卖盘
1591,13:27:48,11.72,--,8,9376,卖盘
1592,13:27:45,11.72,0.01,3,3516,买盘
1593,13:27:42,11.71,-0.03,3,3513,卖盘
1594,13:27:39,11.74,0.03,168,197232,买盘
1595,13:27:36,11.71,-0.01,235,275185,卖盘
1596,13:27:33,11.72,-0.01,3,3516,卖盘
1597,13:27:30,11.73,0.01,79,92667,买盘
1598,13:27:27,11.72,-0.02,3,3516,卖盘
1599,13:27:24,11.74,0.02,1,1174,买盘
1600,13:27:21,11.72,--,3,3516,卖盘
1601,13:27:18,11.72,-0.01,46,53912,卖盘
1602,13:27:15,11.73,-0.01,8,9384,买盘
1603,13:27:12,11.74,0.01,141,165534,买盘
1604,13:27:09,11.73,--,16,18768,买盘
1605,13:27:06,11.73,0.01,6,7038,买盘
1606,13:27:03,11.72,-0.01,10,11720,卖盘
1607,13:27:00,11.73,--,14,16422,买盘
1608,13:26:57,11.73,--,3,3519,买盘
1609,13:26:54,11.73,--,1,1173,买盘
1610,13:26:51,11.73,--,10,11730,买盘
1611,13:26:48,11.73,--,216,253368,买盘
1612,13:26:39,11.73,0.01,122,143106,买盘
1613,13:26:36,11.72,-0.01,16,18752,卖盘
1614,13:26:33,11.73,0.01,18,21114,买盘
1615,13:26:30,11.72,--,5,5860,卖盘
1616,13:26:27,11.72,0.02,170,199240,买盘
1617,13:26:24,11.7,-0.01,177,207090,卖盘
1618,13:26:21,11.71,0.01,27,31617,卖盘
1619,13:26:18,11.7,--,11,12870,卖盘
1620,13:26:15,11.7,-0.02,3,3510,卖盘
1621,13:26:12,11.72,0.01,86,100792,买盘
1622,13:26:09,11.71,-0.01,1,1171,卖盘
1623,13:26:06,11.72,--,7,8204,买盘
1624,13:26:03,11.72,--,3,3516,买盘
1625,13:26:00,11.72,-0.01,1,1172,卖盘
1626,13:25:57,11.73,0.03,177,207621,买盘
1627,13:25:54,11.7,--,1,1170,卖盘
1628,13:25:51,11.7,--,33,38610,卖盘
1629,13:25:48,11.7,-0.03,290,339300,卖盘
1630,13:25:45,11.73,0.01,8,9384,买盘
1631,13:25:42,11.72,0.01,8,9376,买盘
1632,13:25:39,11.71,-0.02,202,236542,卖盘
1633,13:25:36,11.73,0.02,617,723741,买盘
1634,13:25:33,11.71,--,235,275185,买盘
1635,13:25:30,11.71,0.01,1,1171,买盘
1636,13:25:27,11.7,-0.01,1,1170,卖盘
1637,13:25:24,11.71,-0.02,373,436783,卖盘
1638,13:25:21,11.73,--,4,4692,买盘
1639,13:25:18,11.73,0.01,42,49266,买盘
1640,13:25:15,11.72,0.01,22,25784,买盘
1641,13:25:12,11.71,-0.01,17,19907,卖盘
1642,13:25:09,11.72,--,240,281280,买盘
1643,13:25:03,11.72,--,9,10548,买盘
1644,13:25:00,11.72,0.01,70,82040,中性盘
1645,13:24:57,11.71,--,6,7026,卖盘
1646,13:24:54,11.71,--,35,40985,卖盘
1647,13:24:51,11.71,--,4,4684,卖盘
1648,13:24:48,11.71,-0.02,56,65576,中性盘
1649,13:24:42,11.73,0.03,391,458643,买盘
1650,13:24:39,11.7,--,6,7020,卖盘
1651,13:24:36,11.7,-0.01,3,3510,卖盘
1652,13:24:33,11.71,0.01,51,59721,买盘
1653,13:24:24,11.7,-0.01,128,149760,卖盘
1654,13:24:21,11.71,--,2,2342,买盘
1655,13:24:18,11.71,--,159,186189,买盘
1656,13:24:15,11.71,--,3,3513,买盘
1657,13:24:12,11.71,0.01,14,16394,买盘
1658,13:24:09,11.7,-0.01,255,298350,卖盘
1659,13:24:06,11.71,0.01,48,56208,买盘
1660,13:24:03,11.7,--,14,16731,买盘
1661,13:24:00,11.7,--,15,17550,买盘
1662,13:23:57,11.7,--,215,251549,买盘
1663,13:23:54,11.7,0.01,312,365040,买盘
1664,13:23:51,11.69,-0.01,59,68971,卖盘
1665,13:23:48,11.7,--,101,118170,买盘
1666,13:23:45,11.7,--,312,365040,买盘
1667,13:23:42,11.7,--,76,88920,买盘
1668,13:23:39,11.7,0.02,3,3510,买盘
1669,13:23:36,11.68,-0.02,47,54896,卖盘
1670,13:23:33,11.7,0.02,171,200070,买盘
1671,13:23:30,11.68,--,35,40880,卖盘
1672,13:23:27,11.68,--,20,23360,卖盘
1673,13:23:24,11.68,--,16,18688,卖盘
1674,13:23:21,11.68,0.01,53,61904,买盘
1675,13:23:18,11.67,-0.01,6,7002,卖盘
1676,13:23:15,11.68,--,196,228928,买盘
1677,13:23:12,11.68,--,14,16352,买盘
1678,13:23:09,11.68,--,59,68912,卖盘
1679,13:23:06,11.68,0.01,24,28032,中性盘
1680,13:23:03,11.67,-0.01,104,121368,卖盘
1681,13:23:00,11.68,-0.01,76,88768,中性盘
1682,13:22:57,11.69,0.02,194,226786,买盘
1683,13:22:54,11.67,-0.01,44,51348,卖盘
1684,13:22:51,11.68,0.01,8,9344,中性盘
1685,13:22:45,11.67,--,47,54849,卖盘
1686,13:22:42,11.67,-0.02,191,222897,卖盘
1687,13:22:39,11.69,0.01,5,5845,买盘
1688,13:22:36,11.68,0.01,20,23360,卖盘
1689,13:22:33,11.67,-0.01,340,396780,卖盘
1690,13:22:30,11.68,--,43,50224,买盘
1691,13:22:24,11.68,--,33,38544,买盘
1692,13:22:21,11.68,--,17,19856,买盘
1693,13:22:18,11.68,--,99,115632,买盘
1694,13:22:15,11.68,--,23,26864,买盘
1695,13:22:12,11.68,-0.01,29,34689,卖盘
1696,13:22:09,11.69,--,2,2338,买盘
1697,13:22:06,11.69,0.01,43,50267,买盘
1698,13:22:03,11.68,-0.01,103,120304,卖盘
1699,13:21:54,11.69,--,25,29225,买盘
1700,13:21:51,11.69,0.01,8,9352,买盘
1701,13:21:48,11.68,--,164,191902,买盘
1702,13:21:45,11.68,0.02,85,99280,买盘
1703,13:21:42,11.66,-0.02,84,97944,卖盘
1704,13:21:39,11.68,0.01,579,676272,买盘
1705,13:21:36,11.67,-0.01,157,183219,卖盘
1706,13:21:33,11.68,--,2,2336,买盘
1707,13:21:30,11.68,0.01,24,28032,买盘
1708,13:21:27,11.67,-0.01,17,19839,卖盘
1709,13:21:24,11.68,--,1777,2075536,卖盘
1710,13:21:21,11.68,-0.01,96,112128,卖盘
1711,13:21:18,11.69,--,292,341348,买盘
1712,13:21:15,11.69,--,25,29225,买盘
1713,13:21:12,11.69,--,50,58450,买盘
1714,13:21:09,11.69,--,309,361221,卖盘
1715,13:21:06,11.69,-0.01,503,588007,卖盘
1716,13:21:03,11.7,--,9,10530,买盘
1717,13:20:57,11.7,0.01,23,26910,买盘
1718,13:20:54,11.69,-0.01,443,517867,卖盘
1719,13:20:51,11.7,--,125,146250,买盘
1720,13:20:48,11.7,--,11,12870,买盘
1721,13:20:45,11.7,-0.01,68,79560,卖盘
1722,13:20:42,11.71,0.01,40,46840,买盘
1723,13:20:39,11.7,-0.01,3360,3931199,卖盘
1724,13:20:36,11.71,0.01,55,64405,买盘
1725,13:20:33,11.7,-0.01,168,196560,卖盘
1726,13:20:30,11.71,0.01,1245,1457895,买盘
1727,13:20:27,11.7,-0.01,86,100620,卖盘
1728,13:20:24,11.71,--,41,48011,买盘
1729,13:20:21,11.71,--,102,119442,买盘
1730,13:20:18,11.71,--,17,19907,买盘
1731,13:20:15,11.71,--,88,103048,买盘
1732,13:20:12,11.71,-0.01,785,919235,卖盘
1733,13:20:09,11.72,0.01,125,146500,买盘
1734,13:20:06,11.71,--,73,85483,卖盘
1735,13:20:03,11.71,--,800,936800,卖盘
1736,13:20:00,11.71,-0.01,20,23420,卖盘
1737,13:19:57,11.72,--,30,35160,买盘
1738,13:19:54,11.72,--,2,2344,买盘
1739,13:19:51,11.72,--,35,41020,买盘
1740,13:19:48,11.72,0.01,349,409028,买盘
1741,13:19:45,11.71,--,18,21078,卖盘
1742,13:19:39,11.71,-0.01,122,142862,卖盘
1743,13:19:36,11.72,0.01,65,76180,买盘
1744,13:19:33,11.71,-0.01,497,581987,卖盘
1745,13:19:30,11.72,0.01,23,26956,买盘
1746,13:19:27,11.71,-0.01,4,4684,卖盘
1747,13:19:24,11.72,-0.01,7,8204,中性盘
1748,13:19:18,11.73,0.01,87,102051,买盘
1749,13:19:12,11.72,0.01,221,259012,买盘
1750,13:19:09,11.71,-0.01,178,208438,卖盘
1751,13:19:06,11.72,--,41,48052,买盘
1752,13:19:03,11.72,--,81,95752,卖盘
1753,13:19:00,11.72,--,100,117200,卖盘
1754,13:18:57,11.72,-0.01,11,12892,卖盘
1755,13:18:54,11.73,--,2,2346,买盘
1756,13:18:48,11.73,0.01,19,22287,买盘
1757,13:18:45,11.72,-0.01,1349,1581379,卖盘
1758,13:18:42,11.73,--,83,97359,买盘
1759,13:18:39,11.73,0.01,5,5865,买盘
1760,13:18:36,11.72,-0.01,10,11720,卖盘
1761,13:18:33,11.73,0.01,305,357765,买盘
1762,13:18:30,11.72,--,109,127748,卖盘
1763,13:18:27,11.72,--,3,3516,卖盘
1764,13:18:24,11.72,--,17,19924,卖盘
1765,13:18:21,11.72,--,3,3516,卖盘
1766,13:18:18,11.72,-0.01,4,4688,卖盘
1767,13:18:12,11.73,-0.01,303,355419,卖盘
1768,13:18:09,11.74,0.01,2,2348,买盘
1769,13:18:03,11.73,-0.01,1,1173,卖盘
1770,13:18:00,11.74,--,6,7044,买盘
1771,13:17:54,11.74,0.02,7,8218,买盘
1772,13:17:51,11.72,-0.01,56,65632,卖盘
1773,13:17:48,11.73,--,27,31671,卖盘
1774,13:17:45,11.73,--,300,351900,卖盘
1775,13:17:42,11.73,--,12,14076,卖盘
1776,13:17:39,11.73,-0.01,503,590019,卖盘
1777,13:17:36,11.74,0.01,11,12914,买盘
1778,13:17:33,11.73,-0.01,509,597057,卖盘
1779,13:17:30,11.74,0.01,55,64570,买盘
1780,13:17:27,11.73,-0.01,41,48093,卖盘
1781,13:17:24,11.74,--,93,109182,买盘
1782,13:17:21,11.74,0.01,1,1174,买盘
1783,13:17:18,11.73,--,27,31671,卖盘
1784,13:17:15,11.73,--,1,1173,卖盘
1785,13:17:12,11.73,-0.01,33,38709,卖盘
1786,13:17:09,11.74,--,132,154968,买盘
1787,13:17:06,11.74,--,3,3522,买盘
1788,13:17:03,11.74,0.01,9,10566,买盘
1789,13:17:00,11.73,-0.01,1,1173,卖盘
1790,13:16:57,11.74,0.01,843,989682,买盘
1791,13:16:54,11.73,-0.01,3,3519,卖盘
1792,13:16:51,11.74,0.01,68,79832,买盘
1793,13:16:48,11.73,-0.01,2,2346,卖盘
1794,13:16:45,11.74,--,262,308057,卖盘
1795,13:16:42,11.74,--,3,3522,卖盘
1796,13:16:39,11.74,-0.01,4,4696,卖盘
1797,13:16:36,11.75,0.01,3,3525,买盘
1798,13:16:33,11.74,--,4,4696,卖盘
1799,13:16:30,11.74,-0.01,59,69266,卖盘
1800,13:16:27,11.75,--,12,14100,买盘
1801,13:16:24,11.75,--,25,29375,买盘
1802,13:16:21,11.75,0.01,35,41125,买盘
1803,13:16:18,11.74,--,18,21132,卖盘
1804,13:16:15,11.74,--,126,147924,卖盘
1805,13:16:12,11.74,--,20,23480,卖盘
1806,13:16:09,11.74,-0.01,3,3522,卖盘
1807,13:16:06,11.75,--,81,95175,买盘
1808,13:16:03,11.75,--,8,9400,买盘
1809,13:16:00,11.75,--,51,59925,买盘
1810,13:15:57,11.75,--,4,4700,买盘
1811,13:15:54,11.75,--,1,1175,买盘
1812,13:15:51,11.75,--,2,2350,买盘
1813,13:15:45,11.75,0.01,30,35250,买盘
1814,13:15:42,11.74,-0.01,18,21132,卖盘
1815,13:15:39,11.75,0.01,2,2350,买盘
1816,13:15:36,11.74,-0.01,2,2348,卖盘
1817,13:15:33,11.75,--,4,4700,买盘
1818,13:15:30,11.75,--,2,2350,买盘
1819,13:15:27,11.75,--,55,64625,买盘
1820,13:15:24,11.75,--,1,1175,买盘
1821,13:15:21,11.75,--,22,25850,买盘
1822,13:15:18,11.75,0.01,370,434750,买盘
1823,13:15:15,11.74,--,13,15262,卖盘
1824,13:15:12,11.74,-0.01,2,2348,卖盘
1825,13:15:09,11.75,0.01,14,17155,买盘
1826,13:15:06,11.74,--,88,103312,买盘
1827,13:15:03,11.74,--,18,21132,买盘
1828,13:15:00,11.74,--,303,356191,卖盘
1829,13:14:54,11.74,-0.01,74,86876,卖盘
1830,13:14:51,11.75,0.01,1,1175,买盘
1831,13:14:48,11.74,-0.01,4,4696,卖盘
1832,13:14:45,11.75,--,69,81075,买盘
1833,13:14:39,11.75,--,2,2350,买盘
1834,13:14:36,11.75,0.01,9,10575,买盘
1835,13:14:33,11.74,--,31,37098,买盘
1836,13:14:30,11.74,0.01,5,5870,买盘
1837,13:14:27,11.73,-0.01,20,23460,卖盘
1838,13:14:24,11.74,--,55,64570,买盘
1839,13:14:21,11.74,--,7,8218,买盘
1840,13:14:18,11.74,--,432,507637,卖盘
1841,13:14:12,11.74,--,200,234800,卖盘
1842,13:14:09,11.74,-0.01,1,1174,卖盘
1843,13:14:06,11.75,0.01,2,2350,买盘
1844,13:14:03,11.74,-0.01,102,119748,卖盘
1845,13:14:00,11.75,--,15,17625,买盘
1846,13:13:57,11.75,0.01,257,301975,买盘
1847,13:13:54,11.74,-0.01,2,2348,卖盘
1848,13:13:51,11.75,0.01,1,1175,买盘
1849,13:13:48,11.74,-0.01,5,5870,卖盘
1850,13:13:45,11.75,0.01,100,117500,买盘
1851,13:13:42,11.74,-0.01,20,23480,卖盘
1852,13:13:39,11.75,--,12,14100,买盘
1853,13:13:36,11.75,--,2,2350,买盘
1854,13:13:30,11.75,--,217,254975,卖盘
1855,13:13:27,11.75,--,2,2350,卖盘
1856,13:13:24,11.75,-0.01,1,1175,卖盘
1857,13:13:21,11.76,0.02,20,23520,买盘
1858,13:13:18,11.74,--,5,5870,卖盘
1859,13:13:15,11.74,-0.01,1,1174,卖盘
1860,13:13:09,11.75,0.01,2,2350,中性盘
1861,13:13:03,11.74,-0.02,1,1174,卖盘
1862,13:13:00,11.76,0.01,109,128184,买盘
1863,13:12:57,11.75,0.01,1,1175,卖盘
1864,13:12:54,11.74,-0.02,1,1174,卖盘
1865,13:12:51,11.76,0.02,1,1176,买盘
1866,13:12:48,11.74,-0.02,7,8218,卖盘
1867,13:12:45,11.76,0.02,10,11760,买盘
1868,13:12:42,11.74,--,1,1174,卖盘
1869,13:12:36,11.74,--,17,19958,卖盘
1870,13:12:33,11.74,-0.03,600,704400,卖盘
1871,13:12:30,11.77,--,21,24717,买盘
1872,13:12:27,11.77,--,23,27071,买盘
1873,13:12:24,11.77,-0.01,74,87098,卖盘
1874,13:12:21,11.78,0.01,54,63612,买盘
1875,13:12:18,11.77,--,44,51788,卖盘
1876,13:12:12,11.77,-0.01,5,5885,卖盘
1877,13:12:09,11.78,--,3,3534,买盘
1878,13:12:06,11.78,--,3,3534,买盘
1879,13:12:03,11.78,-0.01,185,217930,卖盘
1880,13:12:00,11.79,0.01,91,107288,买盘
1881,13:11:54,11.78,-0.01,107,126046,卖盘
1882,13:11:51,11.79,0.01,52,61307,买盘
1883,13:11:48,11.78,-0.01,24,28272,卖盘
1884,13:11:45,11.79,--,51,60128,买盘
1885,13:11:39,11.79,--,15,17685,买盘
1886,13:11:36,11.79,--,344,405575,买盘
1887,13:11:33,11.79,0.01,86,101393,买盘
1888,13:11:30,11.78,-0.01,1,1178,卖盘
1889,13:11:27,11.79,--,5,5895,买盘
1890,13:11:24,11.79,0.01,12,14147,买盘
1891,13:11:21,11.78,-0.01,14,16492,卖盘
1892,13:11:18,11.79,--,56,66024,买盘
1893,13:11:15,11.79,0.01,117,137943,买盘
1894,13:11:12,11.78,--,34,40052,卖盘
1895,13:11:09,11.78,-0.01,32,37696,卖盘
1896,13:11:06,11.79,--,16,18864,买盘
1897,13:11:03,11.79,--,34,40086,买盘
1898,13:11:00,11.79,--,43,50696,买盘
1899,13:10:57,11.79,--,96,113183,买盘
1900,13:10:54,11.79,--,2,2358,买盘
1901,13:10:51,11.79,--,14,16506,买盘
1902,13:10:48,11.79,--,5,5895,买盘
1903,13:10:45,11.79,--,14,16506,买盘
1904,13:10:42,11.79,--,11,12968,买盘
1905,13:10:39,11.79,--,4,4716,买盘
1906,13:10:36,11.79,--,271,319509,卖盘
1907,13:10:33,11.79,-0.01,24,28295,卖盘
1908,13:10:30,11.8,0.01,10,11800,买盘
1909,13:10:27,11.79,-0.01,63,74277,卖盘
1910,13:10:24,11.8,--,18,21240,买盘
1911,13:10:21,11.8,-0.01,143,168740,卖盘
1912,13:10:18,11.81,--,62,73222,买盘
1913,13:10:15,11.81,0.01,2,2362,买盘
1914,13:10:12,11.8,-0.01,11,12980,卖盘
1915,13:10:09,11.81,0.01,111,131091,买盘
1916,13:10:06,11.8,--,3,3540,买盘
1917,13:10:03,11.8,0.01,40,47200,买盘
1918,13:10:00,11.79,-0.01,59,69561,卖盘
1919,13:09:57,11.8,--,20,23600,买盘
1920,13:09:54,11.8,0.01,83,97940,买盘
1921,13:09:51,11.79,-0.01,1,1179,卖盘
1922,13:09:45,11.8,--,5,5900,买盘
1923,13:09:42,11.8,--,48,56640,买盘
1924,13:09:39,11.8,--,17,20060,买盘
1925,13:09:36,11.8,--,71,83780,买盘
1926,13:09:33,11.8,0.01,13,15340,买盘
1927,13:09:30,11.79,--,11,12968,卖盘
1928,13:09:27,11.79,-0.01,2,2358,卖盘
1929,13:09:24,11.8,--,2,2360,买盘
1930,13:09:21,11.8,0.02,11,12980,买盘
1931,13:09:15,11.78,--,55,64790,卖盘
1932,13:09:12,11.78,-0.01,29,34162,卖盘
1933,13:09:09,11.79,-0.01,2,2358,中性盘
1934,13:09:06,11.8,--,6,7080,买盘
1935,13:09:03,11.8,--,3,3540,买盘
1936,13:09:00,11.8,0.02,216,254880,买盘
1937,13:08:57,11.78,--,12,14136,卖盘
1938,13:08:54,11.78,-0.01,53,62434,卖盘
1939,13:08:51,11.79,0.01,15,17685,买盘
1940,13:08:48,11.78,--,500,589000,买盘
1941,13:08:39,11.78,--,6,7068,买盘
1942,13:08:36,11.78,--,4,4712,买盘
1943,13:08:33,11.78,--,6,7068,买盘
1944,13:08:30,11.78,0.01,87,102486,买盘
1945,13:08:27,11.77,-0.01,7,8239,卖盘
1946,13:08:21,11.78,0.01,2,2356,买盘
1947,13:08:18,11.77,0.01,75,88275,买盘
1948,13:08:15,11.76,-0.01,113,132888,卖盘
1949,13:08:12,11.77,0.01,55,64735,买盘
1950,13:08:06,11.76,--,5,5880,卖盘
1951,13:08:00,11.76,--,11,12936,卖盘
1952,13:07:57,11.76,-0.01,2,2352,卖盘
1953,13:07:54,11.77,--,50,58850,买盘
1954,13:07:51,11.77,--,93,109461,买盘
1955,13:07:48,11.77,--,79,92983,买盘
1956,13:07:39,11.77,--,1,1177,买盘
1957,13:07:30,11.77,--,43,50611,买盘
1958,13:07:27,11.77,--,4,4708,买盘
1959,13:07:21,11.77,--,2,2354,买盘
1960,13:07:18,11.77,0.01,30,35310,买盘
1961,13:07:12,11.76,--,15,17640,买盘
1962,13:07:06,11.76,--,12,14112,买盘
1963,13:07:00,11.76,--,82,96432,买盘
1964,13:06:57,11.76,0.01,1,1176,买盘
1965,13:06:54,11.75,-0.01,8,9400,卖盘
1966,13:06:51,11.76,--,4,4704,买盘
1967,13:06:48,11.76,0.01,78,91728,买盘
1968,13:06:45,11.75,-0.01,18,21150,卖盘
1969,13:06:39,11.76,--,20,23520,买盘
1970,13:06:36,11.76,--,3,3528,买盘
1971,13:06:33,11.76,0.01,38,44688,买盘
1972,13:06:30,11.75,-0.01,23,27025,卖盘
1973,13:06:21,11.76,--,7,8232,买盘
1974,13:06:18,11.76,0.01,25,29400,买盘
1975,13:06:09,11.75,-0.01,86,101050,卖盘
1976,13:06:06,11.76,0.01,50,58800,买盘
1977,13:06:00,11.75,-0.01,16,18800,卖盘
1978,13:05:57,11.76,0.01,10,11760,买盘
1979,13:05:54,11.75,-0.01,124,145700,卖盘
1980,13:05:51,11.76,--,2,2352,买盘
1981,13:05:48,11.76,0.01,80,94080,买盘
1982,13:05:45,11.75,--,208,244400,卖盘
1983,13:05:42,11.75,-0.01,6,7050,卖盘
1984,13:05:36,11.76,--,52,61152,买盘
1985,13:05:33,11.76,--,104,122304,买盘
1986,13:05:30,11.76,0.01,17,19992,买盘
1987,13:05:24,11.75,-0.02,7,8225,卖盘
1988,13:05:21,11.77,0.02,2,2354,买盘
1989,13:05:18,11.75,--,56,65800,卖盘
1990,13:05:15,11.75,-0.01,1,1175,卖盘
1991,13:05:12,11.76,--,6,7056,买盘
1992,13:05:06,11.76,0.01,56,65856,买盘
1993,13:05:03,11.75,--,17,19975,卖盘
1994,13:05:00,11.75,--,2,2350,卖盘
1995,13:04:54,11.75,--,3,3525,卖盘
1996,13:04:51,11.75,--,3,3525,卖盘
1997,13:04:48,11.75,--,200,235000,买盘
1998,13:04:45,11.75,0.01,79,92825,买盘
1999,13:04:42,11.74,-0.01,4,4696,卖盘
2000,13:04:36,11.75,0.01,56,65800,买盘
2001,13:04:30,11.74,-0.01,6,7044,卖盘
2002,13:04:27,11.75,--,8,9400,买盘
2003,13:04:21,11.75,--,2,2350,买盘
2004,13:04:18,11.75,0.01,9,10575,买盘
2005,13:04:15,11.74,-0.01,4,4696,卖盘
2006,13:04:12,11.75,--,9,10575,买盘
2007,13:04:09,11.75,0.01,51,59925,买盘
2008,13:04:06,11.74,--,86,100964,卖盘
2009,13:04:00,11.74,-0.01,34,39916,卖盘
2010,13:03:57,11.75,--,4,4700,买盘
2011,13:03:54,11.75,--,4,4700,买盘
2012,13:03:51,11.75,0.01,11,12925,买盘
2013,13:03:48,11.74,-0.01,3,3522,卖盘
2014,13:03:42,11.75,--,82,96350,买盘
2015,13:03:39,11.75,-0.01,36,42300,卖盘
2016,13:03:36,11.76,0.01,9,10584,买盘
2017,13:03:33,11.75,-0.01,15,17625,卖盘
2018,13:03:30,11.76,--,23,27048,买盘
2019,13:03:24,11.76,0.01,76,89376,买盘
2020,13:03:21,11.75,-0.01,67,78725,卖盘
2021,13:03:18,11.76,0.01,4,4704,买盘
2022,13:03:15,11.75,-0.01,38,44650,中性盘
2023,13:03:06,11.76,0.02,8,9408,卖盘
2024,13:03:03,11.74,-0.02,112,131488,卖盘
2025,13:02:57,11.76,-0.01,14,16464,卖盘
2026,13:02:54,11.77,0.01,2,2354,买盘
2027,13:02:51,11.76,--,5,5880,卖盘
2028,13:02:45,11.76,--,14,16464,卖盘
2029,13:02:42,11.76,--,50,58800,买盘
2030,13:02:39,11.76,0.02,36,42336,买盘
2031,13:02:36,11.74,--,35,41090,卖盘
2032,13:02:33,11.74,-0.01,4,4696,卖盘
2033,13:02:30,11.75,-0.01,50,58750,卖盘
2034,13:02:27,11.76,0.02,10,11760,买盘
2035,13:02:24,11.74,--,5,5870,卖盘
2036,13:02:21,11.74,-0.02,8,9392,卖盘
2037,13:02:18,11.76,0.01,172,202272,买盘
2038,13:02:15,11.75,0.01,1,1175,中性盘
2039,13:02:12,11.74,-0.01,50,58700,卖盘
2040,13:02:09,11.75,-0.01,3,3525,卖盘
2041,13:02:06,11.76,--,72,84672,买盘
2042,13:02:03,11.76,--,28,32928,买盘
2043,13:02:00,11.76,--,54,63504,买盘
2044,13:01:57,11.76,0.01,233,274713,买盘
2045,13:01:54,11.75,0.01,35,41125,买盘
2046,13:01:51,11.74,-0.01,54,63396,卖盘
2047,13:01:45,11.75,--,20,23500,买盘
2048,13:01:42,11.75,--,95,112095,卖盘
2049,13:01:39,11.75,-0.01,82,96350,卖盘
2050,13:01:36,11.76,--,10,11760,买盘
2051,13:01:33,11.76,-0.01,40,47040,卖盘
2052,13:01:30,11.77,0.01,5,5885,买盘
2053,13:01:27,11.76,-0.01,8,9408,卖盘
2054,13:01:21,11.77,--,1,1177,买盘
2055,13:01:15,11.77,--,8,9416,买盘
2056,13:01:06,11.77,0.01,6,7062,买盘
2057,13:01:03,11.76,--,2,2352,卖盘
2058,13:00:54,11.76,-0.01,14,16464,卖盘
2059,13:00:51,11.77,0.01,2,3060,买盘
2060,13:00:48,11.76,-0.01,4,4704,卖盘
2061,13:00:45,11.77,--,20,23540,买盘
2062,13:00:36,11.77,--,2,2354,买盘
2063,13:00:33,11.77,--,21,24717,买盘
2064,13:00:27,11.77,--,6,7062,买盘
2065,13:00:24,11.77,--,28,32956,买盘
2066,13:00:21,11.77,0.01,9,10593,买盘
2067,13:00:18,11.76,--,15,17640,卖盘
2068,13:00:15,11.76,--,1,1176,卖盘
2069,13:00:12,11.76,--,48,56448,卖盘
2070,13:00:09,11.76,0.01,124,145824,买盘
2071,13:00:06,11.75,-0.01,22,25850,卖盘
2072,13:00:03,11.76,--,2190,2575440,卖盘
2073,13:00:00,11.76,--,0,0,卖盘
2074,11:30:00,11.76,--,3,3528,卖盘
2075,11:29:57,11.76,--,13,15288,买盘
2076,11:29:54,11.76,0.01,41,48216,买盘
2077,11:29:51,11.75,-0.01,4,4700,卖盘
2078,11:29:48,11.76,--,14,16464,买盘
2079,11:29:45,11.76,0.01,27,31752,买盘
2080,11:29:39,11.75,0.01,6,7050,买盘
2081,11:29:36,11.74,-0.02,6,7044,卖盘
2082,11:29:33,11.76,0.02,96,112896,买盘
2083,11:29:30,11.74,-0.01,135,158490,卖盘
2084,11:29:27,11.75,--,67,78725,买盘
2085,11:29:24,11.75,--,101,118675,买盘
2086,11:29:21,11.75,0.01,149,175075,买盘
2087,11:29:18,11.74,--,10,11740,卖盘
2088,11:29:15,11.74,--,1,1174,卖盘
2089,11:29:12,11.74,-0.01,48,56352,卖盘
2090,11:29:09,11.75,0.01,50,58750,买盘
2091,11:29:06,11.74,--,7,8218,卖盘
2092,11:29:03,11.74,-0.01,115,135010,卖盘
2093,11:29:00,11.75,0.01,12,14100,买盘
2094,11:28:57,11.74,-0.01,65,76310,卖盘
2095,11:28:54,11.75,0.01,74,86950,买盘
2096,11:28:51,11.74,--,41,48134,卖盘
2097,11:28:48,11.74,--,7,8218,卖盘
2098,11:28:45,11.74,-0.01,1,1174,卖盘
2099,11:28:39,11.75,--,20,23500,买盘
2100,11:28:36,11.75,0.01,60,70500,买盘
2101,11:28:33,11.74,-0.02,122,143228,卖盘
2102,11:28:30,11.76,--,30,35280,买盘
2103,11:28:27,11.76,--,40,47040,买盘
2104,11:28:24,11.76,--,6,7056,买盘
2105,11:28:21,11.76,0.01,175,205800,买盘
2106,11:28:18,11.75,--,27,31725,卖盘
2107,11:28:12,11.75,--,4,4700,卖盘
2108,11:28:09,11.75,--,137,160975,买盘
2109,11:28:06,11.75,0.01,2,2350,买盘
2110,11:28:00,11.74,--,18,21132,卖盘
2111,11:27:57,11.74,--,4,4696,卖盘
2112,11:27:54,11.74,--,31,36394,卖盘
2113,11:27:51,11.74,--,37,43438,买盘
2114,11:27:48,11.74,--,37,43438,买盘
2115,11:27:45,11.74,--,11,12914,买盘
2116,11:27:42,11.74,--,60,70440,买盘
2117,11:27:39,11.74,--,79,92746,买盘
2118,11:27:36,11.74,--,15,17610,买盘
2119,11:27:30,11.74,0.01,79,92746,买盘
2120,11:27:24,11.73,-0.01,3,3519,卖盘
2121,11:27:21,11.74,0.01,41,48134,买盘
2122,11:27:18,11.73,0.01,41,48093,中性盘
2123,11:27:15,11.72,-0.01,504,590688,卖盘
2124,11:27:12,11.73,--,4,4692,卖盘
2125,11:27:09,11.73,--,21,24633,买盘
2126,11:27:06,11.73,0.01,94,110262,买盘
2127,11:27:03,11.72,-0.01,3,3516,卖盘
2128,11:27:00,11.73,--,128,150144,买盘
2129,11:26:54,11.73,0.01,5,5865,买盘
2130,11:26:51,11.72,-0.01,95,111340,卖盘
2131,11:26:48,11.73,--,8,9384,买盘
2132,11:26:45,11.73,--,42,49266,买盘
2133,11:26:42,11.73,0.01,4,4692,买盘
2134,11:26:39,11.72,-0.01,33,38676,卖盘
2135,11:26:36,11.73,0.01,4,4692,买盘
2136,11:26:33,11.72,-0.01,51,59772,卖盘
2137,11:26:30,11.73,--,170,199410,买盘
2138,11:26:27,11.73,--,88,103224,买盘
2139,11:26:21,11.73,0.01,3,3519,中性盘
2140,11:26:18,11.72,--,42,49224,卖盘
2141,11:26:15,11.72,-0.01,176,206272,卖盘
2142,11:26:09,11.73,--,17,19941,卖盘
2143,11:26:06,11.73,--,43,50439,卖盘
2144,11:26:03,11.73,--,51,59823,卖盘
2145,11:26:00,11.73,0.01,303,355677,买盘
2146,11:25:57,11.72,--,813,952836,卖盘
2147,11:25:54,11.72,-0.01,2,2344,卖盘
2148,11:25:51,11.73,--,42,49266,买盘
2149,11:25:48,11.73,--,67,78591,买盘
2150,11:25:45,11.73,--,906,1062738,卖盘
2151,11:25:42,11.73,-0.01,23,26979,卖盘
2152,11:25:39,11.74,--,2,2348,买盘
2153,11:25:36,11.74,0.01,252,295848,买盘
2154,11:25:33,11.73,-0.01,4,4692,卖盘
2155,11:25:30,11.74,-0.01,246,288804,卖盘
2156,11:25:27,11.75,0.01,83,97525,买盘
2157,11:25:24,11.74,-0.01,503,590522,卖盘
2158,11:25:21,11.75,0.01,12,14100,买盘
2159,11:25:18,11.74,--,5,5870,卖盘
2160,11:25:15,11.74,-0.01,33,38742,卖盘
2161,11:25:12,11.75,--,98,115150,买盘
2162,11:25:09,11.75,--,59,69325,买盘
2163,11:25:06,11.75,--,1,1175,买盘
2164,11:25:03,11.75,0.01,21,24675,买盘
2165,11:25:00,11.74,-0.01,131,153794,卖盘
2166,11:24:57,11.75,--,93,109275,卖盘
2167,11:24:54,11.75,-0.01,120,141000,卖盘
2168,11:24:51,11.76,0.01,70,82320,买盘
2169,11:24:48,11.75,--,75,88125,卖盘
2170,11:24:45,11.75,--,1,1175,卖盘
2171,11:24:39,11.75,-0.01,245,288850,卖盘
2172,11:24:36,11.76,--,32,37632,卖盘
2173,11:24:30,11.76,--,80,95173,卖盘
2174,11:24:27,11.76,--,9,10584,卖盘
2175,11:24:24,11.76,0.01,208,244890,买盘
2176,11:24:21,11.75,--,110,129250,卖盘
2177,11:24:18,11.75,--,25,29375,卖盘
2178,11:24:12,11.75,--,11,12925,卖盘
2179,11:24:09,11.75,--,57,66975,卖盘
2180,11:24:06,11.75,--,20,23500,卖盘
2181,11:24:03,11.75,--,10,11750,卖盘
2182,11:24:00,11.75,--,4,4700,卖盘
2183,11:23:57,11.75,--,14,16450,卖盘
2184,11:23:51,11.75,--,4,4700,卖盘
2185,11:23:48,11.75,-0.01,8,9400,卖盘
2186,11:23:45,11.76,--,1285,1511160,买盘
2187,11:23:42,11.76,0.01,93,109368,买盘
2188,11:23:39,11.75,-0.01,140,164500,卖盘
2189,11:23:36,11.76,--,7,8232,买盘
2190,11:23:33,11.76,--,78,91728,买盘
2191,11:23:30,11.76,0.01,40,47040,买盘
2192,11:23:27,11.75,-0.01,23,27025,卖盘
2193,11:23:24,11.76,--,93,109368,买盘
2194,11:23:21,11.76,--,138,162288,买盘
2195,11:23:18,11.76,0.01,307,361032,买盘
2196,11:23:15,11.75,--,50,58750,卖盘
2197,11:23:12,11.75,--,23,27025,卖盘
2198,11:23:09,11.75,-0.01,40,47000,卖盘
2199,11:23:06,11.76,0.01,2,2352,买盘
2200,11:23:03,11.75,0.01,348,408900,买盘
2201,11:23:00,11.74,-0.01,8,9392,卖盘
2202,11:22:57,11.75,--,32,37600,买盘
2203,11:22:54,11.75,0.01,30,35250,买盘
2204,11:22:51,11.74,-0.01,144,169056,卖盘
2205,11:22:45,11.75,--,18,21150,卖盘
2206,11:22:42,11.75,--,66,77550,卖盘
2207,11:22:39,11.75,-0.01,3,3525,卖盘
2208,11:22:36,11.76,0.01,4,4704,买盘
2209,11:22:33,11.75,--,4,4700,买盘
2210,11:22:30,11.75,--,49,57575,卖盘
2211,11:22:27,11.75,--,113,132775,买盘
2212,11:22:24,11.75,-0.01,99,116325,卖盘
2213,11:22:21,11.76,--,81,95256,买盘
2214,11:22:18,11.76,0.01,33,38808,买盘
2215,11:22:15,11.75,--,13,15275,卖盘
2216,11:22:12,11.75,0.01,35,41125,卖盘
2217,11:22:09,11.74,-0.01,120,140880,卖盘
2218,11:22:06,11.75,0.01,5,5875,卖盘
2219,11:22:03,11.74,-0.02,85,99790,卖盘
2220,11:21:57,11.76,--,30,36173,卖盘
2221,11:21:54,11.76,0.01,100,117882,买盘
2222,11:21:51,11.75,-0.01,970,1140643,卖盘
2223,11:21:48,11.76,--,86,101136,卖盘
2224,11:21:45,11.76,--,85,99960,卖盘
2225,11:21:42,11.76,-0.01,21,24696,中性盘
2226,11:21:39,11.77,0.01,67,78859,买盘
2227,11:21:36,11.76,--,99,116424,卖盘
2228,11:21:33,11.76,-0.01,27,31752,卖盘
2229,11:21:30,11.77,-0.01,52,61204,卖盘
2230,11:21:27,11.78,0.01,17,20026,买盘
2231,11:21:24,11.77,--,1,1177,卖盘
2232,11:21:21,11.77,-0.01,20,23540,中性盘
2233,11:21:18,11.78,0.03,91,107198,买盘
2234,11:21:15,11.75,--,44,51700,卖盘
2235,11:21:12,11.75,-0.03,9,10575,卖盘
2236,11:21:06,11.78,0.03,13,15314,买盘
2237,11:21:03,11.75,-0.01,24,28200,卖盘
2238,11:21:00,11.76,-0.01,206,242256,卖盘
2239,11:20:57,11.77,0.02,55,64735,买盘
2240,11:20:51,11.75,--,2,2350,卖盘
2241,11:20:48,11.75,-0.03,122,143350,卖盘
2242,11:20:45,11.78,-0.01,10,11780,卖盘
2243,11:20:39,11.79,--,76,89604,买盘
2244,11:20:36,11.79,--,3,3536,买盘
2245,11:20:33,11.79,-0.01,20,23580,买盘
2246,11:20:30,11.8,0.01,17,20060,买盘
2247,11:20:27,11.79,--,5009,5905611,卖盘
2248,11:20:24,11.79,-0.01,352,415007,卖盘
2249,11:20:21,11.8,0.01,1,1180,买盘
2250,11:20:18,11.79,-0.01,154,181566,卖盘
2251,11:20:15,11.8,--,88,103840,买盘
2252,11:20:12,11.8,0.01,66,77880,买盘
2253,11:20:09,11.79,-0.01,156,183924,卖盘
2254,11:20:06,11.8,0.01,8,9440,买盘
2255,11:20:03,11.79,--,86,101393,卖盘
2256,11:20:00,11.79,-0.01,5,5895,卖盘
2257,11:19:57,11.8,0.01,501,591180,买盘
2258,11:19:54,11.79,--,87,102572,卖盘
2259,11:19:51,11.79,--,99,116720,买盘
2260,11:19:48,11.79,--,44,51875,买盘
2261,11:19:45,11.79,--,4,4716,买盘
2262,11:19:42,11.79,-0.01,100,117899,卖盘
2263,11:19:39,11.8,0.01,32,37760,买盘
2264,11:19:36,11.79,--,156,183924,卖盘
2265,11:19:33,11.79,--,4,4716,卖盘
2266,11:19:30,11.79,-0.01,133,156807,卖盘
2267,11:19:27,11.8,0.01,23,27140,买盘
2268,11:19:24,11.79,-0.01,12,14147,卖盘
2269,11:19:21,11.8,0.01,1,1180,买盘
2270,11:19:18,11.79,-0.01,10,11790,卖盘
2271,11:19:15,11.8,0.01,108,127440,买盘
2272,11:19:12,11.79,--,22,25937,卖盘
2273,11:19:09,11.79,-0.01,22,25937,卖盘
2274,11:19:06,11.8,0.01,82,96760,买盘
2275,11:19:03,11.79,--,160,188640,卖盘
2276,11:19:00,11.79,--,1,1179,卖盘
2277,11:18:57,11.79,--,83,97857,卖盘
2278,11:18:54,11.79,-0.01,22,25937,卖盘
2279,11:18:51,11.8,--,12,14160,买盘
2280,11:18:48,11.8,--,46,54280,买盘
2281,11:18:42,11.8,-0.02,771,909780,卖盘
2282,11:18:39,11.82,--,35,41370,买盘
2283,11:18:36,11.82,0.01,58,68556,买盘
2284,11:18:30,11.81,-0.01,240,283440,卖盘
2285,11:18:27,11.82,0.01,16,18912,中性盘
2286,11:18:24,11.81,0.01,45,53145,中性盘
2287,11:18:15,11.8,-0.03,3,3540,卖盘
2288,11:18:12,11.83,0.03,136,160888,买盘
2289,11:18:06,11.8,--,37,43660,卖盘
2290,11:18:03,11.8,-0.02,151,178180,卖盘
2291,11:18:00,11.82,-0.01,32,37824,买盘
2292,11:17:57,11.83,--,5,5915,卖盘
2293,11:17:54,11.83,-0.01,4,4732,中性盘
2294,11:17:51,11.84,0.01,11,13024,买盘
2295,11:17:48,11.83,0.03,3,3549,中性盘
2296,11:17:42,11.8,-0.03,3000,3540000,卖盘
2297,11:17:39,11.83,0.01,11,13013,买盘
2298,11:17:36,11.82,-0.02,5,5910,卖盘
2299,11:17:33,11.84,0.02,54,63936,买盘
2300,11:17:30,11.82,-0.01,68,80376,卖盘
2301,11:17:24,11.83,-0.01,10,11830,卖盘
2302,11:17:21,11.84,0.01,2,2368,买盘
2303,11:17:18,11.83,-0.01,3,3549,卖盘
2304,11:17:15,11.84,0.01,20,23680,买盘
2305,11:17:09,11.83,0.01,131,154973,买盘
2306,11:17:06,11.82,-0.01,4,4728,卖盘
2307,11:17:03,11.83,0.01,310,366730,买盘
2308,11:17:00,11.82,--,1,1182,卖盘
2309,11:16:57,11.82,-0.01,26,30732,卖盘
2310,11:16:54,11.83,-0.01,391,462553,卖盘
2311,11:16:51,11.84,0.01,8,9472,买盘
2312,11:16:48,11.83,--,1,1183,卖盘
2313,11:16:45,11.83,0.01,17,20111,买盘
2314,11:16:42,11.82,--,150,177300,卖盘
2315,11:16:39,11.82,--,37,43734,卖盘
2316,11:16:36,11.82,-0.01,5,5910,卖盘
2317,11:16:33,11.83,--,20,23660,买盘
2318,11:16:30,11.83,0.01,75,88725,买盘
2319,11:16:27,11.82,-0.01,12,14184,卖盘
2320,11:16:21,11.83,0.01,2,2366,买盘
2321,11:16:15,11.82,--,4,4728,卖盘
2322,11:16:12,11.82,--,10,11820,卖盘
2323,11:16:09,11.82,-0.01,15,17730,卖盘
2324,11:16:06,11.83,0.01,12,14196,买盘
2325,11:16:03,11.82,--,107,126474,卖盘
2326,11:16:00,11.82,--,339,400698,卖盘
2327,11:15:57,11.82,--,109,128838,卖盘
2328,11:15:54,11.82,-0.01,3,3546,卖盘
2329,11:15:51,11.83,0.01,2,2366,买盘
2330,11:15:48,11.82,--,103,121746,卖盘
2331,11:15:45,11.82,--,191,225762,卖盘
2332,11:15:39,11.82,--,27,31914,卖盘
2333,11:15:36,11.82,--,94,111108,卖盘
2334,11:15:30,11.82,-0.01,3,3546,卖盘
2335,11:15:27,11.83,0.01,68,80444,买盘
2336,11:15:24,11.82,-0.01,24,28368,卖盘
2337,11:15:21,11.83,0.01,7,8281,买盘
2338,11:15:18,11.82,0.01,74,87468,买盘
2339,11:15:15,11.81,--,19,22439,卖盘
2340,11:15:12,11.81,--,9,10629,卖盘
2341,11:15:09,11.81,-0.02,87,102747,卖盘
2342,11:15:06,11.83,0.01,99,117117,买盘
2343,11:15:03,11.82,0.01,83,98106,买盘
2344,11:15:00,11.81,--,10,11810,卖盘
2345,11:14:51,11.81,-0.01,61,72041,卖盘
2346,11:14:48,11.82,0.01,2,2364,买盘
2347,11:14:45,11.81,--,143,168883,卖盘
2348,11:14:42,11.81,-0.01,13,15353,卖盘
2349,11:14:36,11.82,--,14,16548,卖盘
2350,11:14:33,11.82,-0.01,10,11820,买盘
2351,11:14:30,11.83,--,691,817453,买盘
2352,11:14:27,11.83,--,67,79261,买盘
2353,11:14:24,11.83,--,72,85176,买盘
2354,11:14:21,11.83,0.01,11,13013,买盘
2355,11:14:18,11.82,-0.01,61,72102,卖盘
2356,11:14:15,11.83,0.01,78,92274,买盘
2357,11:14:12,11.82,-0.01,52,61464,卖盘
2358,11:14:09,11.83,0.01,8,9464,买盘
2359,11:14:06,11.82,-0.01,3,3546,卖盘
2360,11:14:03,11.83,0.01,78,92274,买盘
2361,11:14:00,11.82,--,36,42552,卖盘
2362,11:13:57,11.82,-0.01,98,115836,卖盘
2363,11:13:51,11.83,--,20,23660,买盘
2364,11:13:48,11.83,--,2,2366,买盘
2365,11:13:45,11.83,-0.01,2,2366,买盘
2366,11:13:39,11.84,0.02,2,2368,中性盘
2367,11:13:33,11.82,-0.01,52,61464,卖盘
2368,11:13:30,11.83,--,60,70980,买盘
2369,11:13:27,11.83,--,3,3549,买盘
2370,11:13:24,11.83,--,67,79261,买盘
2371,11:13:21,11.83,--,26,30758,买盘
2372,11:13:18,11.83,0.01,16,18928,买盘
2373,11:13:15,11.82,-0.01,50,59100,卖盘
2374,11:13:12,11.83,--,3,3549,买盘
2375,11:13:09,11.83,--,59,69797,买盘
2376,11:13:06,11.83,--,7,8281,买盘
2377,11:13:03,11.83,0.01,319,377377,买盘
2378,11:13:00,11.82,--,138,163116,卖盘
2379,11:12:57,11.82,--,19,22458,卖盘
2380,11:12:54,11.82,-0.01,14,16548,卖盘
2381,11:12:51,11.83,0.01,203,240149,买盘
2382,11:12:48,11.82,--,1,1182,卖盘
2383,11:12:45,11.82,--,62,73284,卖盘
2384,11:12:42,11.82,-0.01,68,80376,卖盘
2385,11:12:36,11.83,--,2,2366,买盘
2386,11:12:33,11.83,--,7,8281,买盘
2387,11:12:30,11.83,--,46,54418,买盘
2388,11:12:27,11.83,-0.02,125,147875,卖盘
2389,11:12:24,11.85,0.01,27,31995,买盘
2390,11:12:21,11.84,--,269,318496,买盘
2391,11:12:15,11.84,--,1,1184,买盘
2392,11:12:12,11.84,0.01,1,1184,买盘
2393,11:12:09,11.83,-0.01,3,3549,卖盘
2394,11:12:06,11.84,0.01,2,2368,买盘
2395,11:12:03,11.83,-0.02,1,1183,卖盘
2396,11:12:00,11.85,--,77,91245,买盘
2397,11:11:54,11.85,0.01,35,41475,买盘
2398,11:11:51,11.84,0.01,21,24864,中性盘
2399,11:11:48,11.83,-0.02,39,46137,卖盘
2400,11:11:45,11.85,--,10,11850,买盘
2401,11:11:42,11.85,--,71,84135,卖盘
2402,11:11:39,11.85,--,82,97170,卖盘
2403,11:11:36,11.85,--,37,43845,卖盘
2404,11:11:33,11.85,--,25,29625,卖盘
2405,11:11:30,11.85,--,10,11850,卖盘
2406,11:11:27,11.85,--,50,59250,卖盘
2407,11:11:24,11.85,--,20,23700,卖盘
2408,11:11:21,11.85,-0.01,75,88875,卖盘
2409,11:11:18,11.86,0.01,7,8302,买盘
2410,11:11:15,11.85,-0.01,6,7110,卖盘
2411,11:11:09,11.86,0.01,6,7116,买盘
2412,11:11:06,11.85,--,17,20145,卖盘
2413,11:11:03,11.85,-0.01,188,222780,卖盘
2414,11:11:00,11.86,--,27,32022,买盘
2415,11:10:57,11.86,0.01,79,93694,买盘
2416,11:10:54,11.85,--,2,2370,卖盘
2417,11:10:51,11.85,--,5,5925,卖盘
2418,11:10:45,11.85,--,1,1185,卖盘
2419,11:10:42,11.85,--,38,45030,卖盘
2420,11:10:39,11.85,--,47,55695,卖盘
2421,11:10:36,11.85,--,31,36735,卖盘
2422,11:10:33,11.85,0.02,523,619755,买盘
2423,11:10:30,11.83,-0.02,27,31941,卖盘
2424,11:10:27,11.85,0.01,12,14220,买盘
2425,11:10:21,11.84,-0.01,4,4736,卖盘
2426,11:10:18,11.85,--,179,212115,买盘
2427,11:10:15,11.85,--,123,145755,卖盘
2428,11:10:12,11.85,-0.01,4,4740,卖盘
2429,11:10:09,11.86,0.01,72,85392,买盘
2430,11:10:06,11.85,--,5,5925,卖盘
2431,11:10:00,11.85,--,163,193155,卖盘
2432,11:09:57,11.85,0.01,41,48585,买盘
2433,11:09:54,11.84,--,2,2368,卖盘
2434,11:09:51,11.84,-0.01,8,9472,卖盘
2435,11:09:48,11.85,0.01,10,11850,买盘
2436,11:09:39,11.84,-0.01,21,24864,卖盘
2437,11:09:36,11.85,--,2,2370,买盘
2438,11:09:33,11.85,0.01,2,2370,买盘
2439,11:09:30,11.84,--,10,11840,卖盘
2440,11:09:27,11.84,0.01,49,58016,中性盘
2441,11:09:21,11.83,-0.01,123,145509,卖盘
2442,11:09:15,11.84,--,79,93536,买盘
2443,11:09:12,11.84,0.01,270,319680,买盘
2444,11:09:09,11.83,-0.01,1,1183,卖盘
2445,11:09:06,11.84,--,29,34336,买盘
2446,11:09:03,11.84,0.01,28,33152,买盘
2447,11:09:00,11.83,--,74,87542,卖盘
2448,11:08:57,11.83,-0.01,2,2366,卖盘
2449,11:08:54,11.84,0.01,83,98272,买盘
2450,11:08:51,11.83,-0.01,7,8281,卖盘
2451,11:08:48,11.84,--,2,2368,买盘
2452,11:08:45,11.84,--,10,11840,买盘
2453,11:08:42,11.84,0.01,67,79328,买盘
2454,11:08:39,11.83,--,15,17745,卖盘
2455,11:08:36,11.83,-0.01,46,54418,卖盘
2456,11:08:33,11.84,--,31,36704,买盘
2457,11:08:30,11.84,--,10,11840,买盘
2458,11:08:27,11.84,--,14,16576,买盘
2459,11:08:21,11.84,0.01,4,4736,买盘
2460,11:08:18,11.83,--,1,1183,卖盘
2461,11:08:15,11.83,--,5,5915,卖盘
2462,11:08:12,11.83,0.01,3,3549,买盘
2463,11:08:09,11.82,-0.01,3,3546,卖盘
2464,11:08:06,11.83,0.01,5,5915,买盘
2465,11:08:03,11.82,--,1,1182,卖盘
2466,11:08:00,11.82,--,1,1182,卖盘
2467,11:07:57,11.82,--,20,23640,卖盘
2468,11:07:54,11.82,-0.01,5,5910,卖盘
2469,11:07:51,11.83,0.01,81,95823,买盘
2470,11:07:48,11.82,-0.01,21,24822,卖盘
2471,11:07:45,11.83,0.01,16,18928,买盘
2472,11:07:42,11.82,-0.01,20,23640,卖盘
2473,11:07:39,11.83,-0.01,16,18928,卖盘
2474,11:07:36,11.84,--,9,10656,买盘
2475,11:07:33,11.84,0.02,4,4736,买盘
2476,11:07:30,11.82,-0.02,4,4728,卖盘
2477,11:07:27,11.84,0.02,1,1184,买盘
2478,11:07:24,11.82,-0.02,200,236400,卖盘
2479,11:07:21,11.84,0.01,4,4736,买盘
2480,11:07:18,11.83,0.01,4,4732,中性盘
2481,11:07:15,11.82,-0.01,50,59100,卖盘
2482,11:07:12,11.83,--,22,26026,买盘
2483,11:07:09,11.83,-0.01,57,67431,卖盘
2484,11:07:06,11.84,0.02,23,27232,买盘
2485,11:07:03,11.82,-0.01,410,484620,卖盘
2486,11:07:00,11.83,0.01,32,37856,买盘
2487,11:06:57,11.82,--,4,4728,卖盘
2488,11:06:54,11.82,--,40,47280,卖盘
2489,11:06:51,11.82,--,101,119382,卖盘
2490,11:06:48,11.82,--,4,4728,卖盘
2491,11:06:45,11.82,-0.01,3,3546,卖盘
2492,11:06:42,11.83,--,35,41405,买盘
2493,11:06:39,11.83,--,25,29575,买盘
2494,11:06:36,11.83,--,8,9464,买盘
2495,11:06:33,11.83,0.01,319,377377,买盘
2496,11:06:27,11.82,-0.01,122,144204,卖盘
2497,11:06:24,11.83,0.01,50,59150,买盘
2498,11:06:21,11.82,-0.01,4,4728,卖盘
2499,11:06:18,11.83,0.01,123,145509,买盘
2500,11:06:12,11.82,-0.01,47,55554,卖盘
2501,11:06:09,11.83,--,57,67431,买盘
2502,11:06:06,11.83,--,39,46137,买盘
2503,11:06:00,11.83,0.01,88,104104,买盘
2504,11:05:57,11.82,--,3,3546,卖盘
2505,11:05:51,11.82,-0.01,21,24822,卖盘
2506,11:05:48,11.83,--,136,160888,卖盘
2507,11:05:45,11.83,--,6,7098,卖盘
2508,11:05:42,11.83,--,85,100555,买盘
2509,11:05:39,11.83,--,450,532350,卖盘
2510,11:05:36,11.83,--,193,228319,卖盘
2511,11:05:33,11.83,-0.01,65,76895,卖盘
2512,11:05:30,11.84,0.01,11,13024,买盘
2513,11:05:24,11.83,-0.01,8,9464,卖盘
2514,11:05:21,11.84,0.01,1,1184,买盘
2515,11:05:15,11.83,--,127,150241,卖盘
2516,11:05:12,11.83,-0.01,20,23660,卖盘
2517,11:05:09,11.84,--,54,63936,买盘
2518,11:05:06,11.84,0.01,3,3552,买盘
2519,11:05:03,11.83,--,78,92274,卖盘
2520,11:04:57,11.83,--,8,9464,卖盘
2521,11:04:54,11.83,--,58,68614,卖盘
2522,11:04:51,11.83,--,4,4732,卖盘
2523,11:04:48,11.83,-0.01,3,3549,卖盘
2524,11:04:45,11.84,0.01,78,92352,买盘
2525,11:04:42,11.83,-0.01,3,3549,卖盘
2526,11:04:39,11.84,--,13,15392,卖盘
2527,11:04:36,11.84,--,107,126688,买盘
2528,11:04:33,11.84,0.01,60,71040,中性盘
2529,11:04:30,11.83,--,5,5915,卖盘
2530,11:04:27,11.83,-0.01,460,544180,卖盘
2531,11:04:24,11.84,-0.01,4,4736,卖盘
2532,11:04:21,11.85,0.01,11,13035,买盘
2533,11:04:18,11.84,0.01,128,151552,买盘
2534,11:04:15,11.83,-0.01,42,49686,卖盘
2535,11:04:09,11.84,--,68,80512,买盘
2536,11:04:06,11.84,--,119,140896,买盘
2537,11:04:00,11.84,0.01,3,3552,买盘
2538,11:03:57,11.83,-0.01,83,98189,卖盘
2539,11:03:54,11.84,--,195,230880,卖盘
2540,11:03:51,11.84,-0.01,60,71040,卖盘
2541,11:03:48,11.85,0.01,19,22515,买盘
2542,11:03:45,11.84,--,136,161024,卖盘
2543,11:03:42,11.84,--,8,9472,卖盘
2544,11:03:39,11.84,--,26,30784,卖盘
2545,11:03:36,11.84,-0.01,113,133792,卖盘
2546,11:03:30,11.85,--,570,675450,买盘
2547,11:03:27,11.85,--,12,14220,买盘
2548,11:03:24,11.85,0.01,14,16590,买盘
2549,11:03:21,11.84,-0.01,68,80512,卖盘
2550,11:03:18,11.85,0.01,20,23700,买盘
2551,11:03:12,11.84,-0.01,13,15392,卖盘
2552,11:03:06,11.85,0.01,52,61620,买盘
2553,11:03:03,11.84,-0.01,170,201280,卖盘
2554,11:03:00,11.85,0.01,100,118500,买盘
2555,11:02:57,11.84,--,39,46176,卖盘
2556,11:02:54,11.84,--,7,8288,卖盘
2557,11:02:51,11.84,--,4,4736,卖盘
2558,11:02:48,11.84,--,6,7104,卖盘
2559,11:02:45,11.84,--,287,339808,买盘
2560,11:02:42,11.84,0.01,90,106560,买盘
2561,11:02:39,11.83,-0.01,4,4732,卖盘
2562,11:02:36,11.84,-0.02,1641,1942944,卖盘
2563,11:02:33,11.86,0.01,19,22534,买盘
2564,11:02:30,11.85,-0.01,4,4740,卖盘
2565,11:02:27,11.86,--,2,2372,买盘
2566,11:02:24,11.86,0.01,5,5930,买盘
2567,11:02:21,11.85,-0.01,2,2370,卖盘
2568,11:02:18,11.86,0.01,25,29650,买盘
2569,11:02:15,11.85,--,105,124425,卖盘
2570,11:02:12,11.85,--,20,23700,卖盘
2571,11:02:06,11.85,--,5,5925,卖盘
2572,11:02:03,11.85,--,125,148125,卖盘
2573,11:02:00,11.85,--,10,11850,卖盘
2574,11:01:57,11.85,--,51,60435,卖盘
2575,11:01:51,11.85,-0.01,3,3555,卖盘
2576,11:01:48,11.86,--,48,56928,买盘
2577,11:01:45,11.86,0.01,28,33208,买盘
2578,11:01:42,11.85,-0.01,23,27255,卖盘
2579,11:01:39,11.86,--,79,93694,买盘
2580,11:01:36,11.86,0.01,28,33208,买盘
2581,11:01:33,11.85,--,32,37920,买盘
2582,11:01:30,11.85,--,262,310470,买盘
2583,11:01:27,11.85,0.01,24,28440,买盘
2584,11:01:24,11.84,--,67,79328,卖盘
2585,11:01:21,11.84,--,135,159840,卖盘
2586,11:01:18,11.84,-0.01,2,2368,卖盘
2587,11:01:15,11.85,--,84,99540,买盘
2588,11:01:12,11.85,--,25,29625,买盘
2589,11:01:09,11.85,--,10,11850,买盘
2590,11:01:06,11.85,0.01,16,18960,买盘
2591,11:01:03,11.84,--,27,31968,卖盘
2592,11:01:00,11.84,--,107,126688,卖盘
2593,11:00:57,11.84,--,82,97088,卖盘
2594,11:00:54,11.84,--,96,113664,卖盘
2595,11:00:51,11.84,-0.01,40,47360,卖盘
2596,11:00:48,11.85,0.01,164,194340,买盘
2597,11:00:45,11.84,--,1,1184,卖盘
2598,11:00:42,11.84,--,80,94720,卖盘
2599,11:00:39,11.84,--,91,107744,卖盘
2600,11:00:36,11.84,--,9,10656,卖盘
2601,11:00:33,11.84,--,70,82880,卖盘
2602,11:00:30,11.84,--,14,16576,卖盘
2603,11:00:24,11.84,--,10,11840,卖盘
2604,11:00:21,11.84,-0.01,49,58016,卖盘
2605,11:00:18,11.85,0.01,5,5925,买盘
2606,11:00:15,11.84,-0.01,2,2368,卖盘
2607,11:00:09,11.85,--,40,47400,买盘
2608,11:00:06,11.85,0.01,1,1185,买盘
2609,11:00:03,11.84,-0.01,13,15392,卖盘
2610,11:00:00,11.85,--,43,50955,买盘
2611,10:59:57,11.85,--,282,334170,买盘
2612,10:59:54,11.85,--,28,33180,买盘
2613,10:59:51,11.85,0.01,12,14220,买盘
2614,10:59:48,11.84,-0.01,102,120768,卖盘
2615,10:59:45,11.85,-0.01,18,21330,卖盘
2616,10:59:39,11.86,--,4,4744,买盘
2617,10:59:36,11.86,0.01,79,93694,买盘
2618,10:59:33,11.85,--,4,4740,卖盘
2619,10:59:30,11.85,--,20,23700,卖盘
2620,10:59:24,11.85,--,93,110205,卖盘
2621,10:59:21,11.85,--,13,15405,卖盘
2622,10:59:18,11.85,-0.01,15,17775,卖盘
2623,10:59:15,11.86,--,10,11860,买盘
2624,10:59:12,11.86,0.01,6,7116,买盘
2625,10:59:09,11.85,-0.01,514,609090,卖盘
2626,10:59:06,11.86,-0.02,121,143506,卖盘
2627,10:59:03,11.88,--,10,11880,买盘
2628,10:59:00,11.88,--,33,39204,卖盘
2629,10:58:57,11.88,--,63,74844,卖盘
2630,10:58:54,11.88,--,11,13068,卖盘
2631,10:58:51,11.88,--,118,140184,卖盘
2632,10:58:48,11.88,0.01,25,29700,中性盘
2633,10:58:39,11.87,-0.02,257,305059,卖盘
2634,10:58:36,11.89,0.01,1,1189,买盘
2635,10:58:33,11.88,0.01,532,632016,买盘
2636,10:58:30,11.87,-0.01,4,4748,卖盘
2637,10:58:27,11.88,--,118,140184,买盘
2638,10:58:21,11.88,0.01,2,2376,买盘
2639,10:58:18,11.87,--,17,20179,卖盘
2640,10:58:15,11.87,-0.01,5,5935,卖盘
2641,10:58:09,11.88,0.01,24,28512,买盘
2642,10:58:06,11.87,--,8,9496,卖盘
2643,10:57:54,11.87,0.01,24,28487,买盘
2644,10:57:51,11.86,-0.01,72,85392,卖盘
2645,10:57:48,11.87,0.01,7,8309,买盘
2646,10:57:45,11.86,--,3,3558,卖盘
2647,10:57:42,11.86,-0.02,29,34394,卖盘
2648,10:57:39,11.88,--,11,13068,买盘
2649,10:57:36,11.88,0.03,23,27324,买盘
2650,10:57:33,11.85,-0.03,191,226335,卖盘
2651,10:57:30,11.88,0.02,4,4752,买盘
2652,10:57:27,11.86,--,3,3558,买盘
2653,10:57:21,11.86,--,1,1186,买盘
2654,10:57:18,11.86,0.01,6,7116,买盘
2655,10:57:15,11.85,0.01,260,308621,买盘
2656,10:57:12,11.84,-0.01,29,34336,卖盘
2657,10:57:09,11.85,--,22,26070,买盘
2658,10:57:06,11.85,--,101,119685,买盘
2659,10:57:03,11.85,--,76,90060,买盘
2660,10:57:00,11.85,-0.05,2524,2991603,卖盘
2661,10:56:57,11.9,--,8,9520,买盘
2662,10:56:54,11.9,--,13,15470,买盘
2663,10:56:51,11.9,--,57,67830,买盘
2664,10:56:48,11.9,0.01,16,19040,买盘
2665,10:56:45,11.89,--,1,1189,卖盘
2666,10:56:42,11.89,--,50,59450,卖盘
2667,10:56:39,11.89,--,952,1131928,卖盘
2668,10:56:36,11.89,-0.01,240,285360,卖盘
2669,10:56:33,11.9,--,33,39270,买盘
2670,10:56:30,11.9,0.01,78,92820,买盘
2671,10:56:27,11.89,--,4,4756,卖盘
2672,10:56:21,11.89,-0.01,3,3567,卖盘
2673,10:56:18,11.9,0.01,14,16660,买盘
2674,10:56:15,11.89,--,163,193807,卖盘
2675,10:56:12,11.89,--,3,3567,卖盘
2676,10:56:09,11.89,--,465,552885,买盘
2677,10:56:06,11.89,--,7,8323,买盘
2678,10:56:03,11.89,0.01,8,9512,买盘
2679,10:56:00,11.88,--,1,1188,卖盘
2680,10:55:57,11.88,-0.01,67,79596,卖盘
2681,10:55:54,11.89,0.01,2,2378,买盘
2682,10:55:51,11.88,-0.01,57,67716,卖盘
2683,10:55:48,11.89,--,22,26158,买盘
2684,10:55:45,11.89,--,44,52316,卖盘
2685,10:55:42,11.89,--,3,3567,卖盘
2686,10:55:39,11.89,-0.01,500,594500,卖盘
2687,10:55:36,11.9,--,2,2380,买盘
2688,10:55:33,11.9,0.01,12,14280,买盘
2689,10:55:30,11.89,-0.01,8,9512,卖盘
2690,10:55:27,11.9,--,203,241570,买盘
2691,10:55:24,11.9,--,35,41650,买盘
2692,10:55:21,11.9,--,20,23800,买盘
2693,10:55:18,11.9,--,12,14280,买盘
2694,10:55:15,11.9,--,200,238000,买盘
2695,10:55:12,11.9,--,74,88060,买盘
2696,10:55:06,11.9,--,240,285600,买盘
2697,10:55:03,11.9,0.01,56,66640,买盘
2698,10:54:57,11.89,-0.01,9,10701,卖盘
2699,10:54:54,11.9,0.01,53,63070,买盘
2700,10:54:51,11.89,-0.01,41,48749,卖盘
2701,10:54:48,11.9,0.01,54,64260,买盘
2702,10:54:45,11.89,--,274,325786,卖盘
2703,10:54:42,11.89,--,1000,1189000,卖盘
2704,10:54:36,11.89,--,135,160515,卖盘
2705,10:54:33,11.89,--,18,21402,买盘
2706,10:54:27,11.89,0.01,78,92742,买盘
2707,10:54:24,11.88,-0.01,32,38016,卖盘
2708,10:54:21,11.89,--,35,41615,卖盘
2709,10:54:15,11.89,--,4,4756,卖盘
2710,10:54:12,11.89,-0.01,12,14268,买盘
2711,10:54:09,11.9,--,86,102340,买盘
2712,10:54:03,11.9,0.01,1,1190,买盘
2713,10:54:00,11.89,-0.01,13,15457,中性盘
2714,10:53:57,11.9,--,95,113050,买盘
2715,10:53:54,11.9,--,109,129710,买盘
2716,10:53:51,11.9,--,30,35700,买盘
2717,10:53:48,11.9,--,35,41650,买盘
2718,10:53:45,11.9,--,67,79730,买盘
2719,10:53:42,11.9,0.01,7,8330,买盘
2720,10:53:39,11.89,--,5,5945,卖盘
2721,10:53:36,11.89,-0.01,102,121278,卖盘
2722,10:53:33,11.9,0.01,13,15470,买盘
2723,10:53:30,11.89,-0.01,3,3567,卖盘
2724,10:53:27,11.9,0.01,95,113050,买盘
2725,10:53:24,11.89,0.01,65,77285,买盘
2726,10:53:21,11.88,-0.01,4,4752,卖盘
2727,10:53:18,11.89,0.01,5,5945,买盘
2728,10:53:15,11.88,--,3,3564,卖盘
2729,10:53:12,11.88,--,79,93852,卖盘
2730,10:53:09,11.88,--,7,8316,卖盘
2731,10:53:06,11.88,--,17,20196,卖盘
2732,10:52:57,11.88,--,13,15444,卖盘
2733,10:52:51,11.88,-0.02,106,125928,卖盘
2734,10:52:48,11.9,0.02,1,1190,买盘
2735,10:52:45,11.88,--,391,464508,卖盘
2736,10:52:42,11.88,-0.01,94,111672,卖盘
2737,10:52:39,11.89,--,72,85608,买盘
2738,10:52:36,11.89,--,115,136735,买盘
2739,10:52:33,11.89,--,5,5945,买盘
2740,10:52:27,11.89,0.02,36,42804,买盘
2741,10:52:24,11.87,-0.02,4,4748,卖盘
2742,10:52:21,11.89,--,95,112955,买盘
2743,10:52:18,11.89,0.01,11,13079,买盘
2744,10:52:15,11.88,-0.01,141,168030,卖盘
2745,10:52:12,11.89,0.01,62,73718,买盘
2746,10:52:09,11.88,--,4,4752,卖盘
2747,10:52:06,11.88,--,13,15444,卖盘
2748,10:52:00,11.88,--,3,3564,卖盘
2749,10:51:57,11.88,--,10,11880,买盘
2750,10:51:54,11.88,--,39,46332,买盘
2751,10:51:51,11.88,--,7,8316,买盘
2752,10:51:48,11.88,--,7,8316,买盘
2753,10:51:45,11.88,--,9,10692,买盘
2754,10:51:42,11.88,0.01,53,62964,买盘
2755,10:51:39,11.87,-0.01,3,3560,卖盘
2756,10:51:36,11.88,--,10,11880,买盘
2757,10:51:33,11.88,--,8,9504,买盘
2758,10:51:30,11.88,0.01,13,15444,买盘
2759,10:51:27,11.87,-0.01,59,70033,卖盘
2760,10:51:24,11.88,--,16,19008,买盘
2761,10:51:21,11.88,--,84,99792,买盘
2762,10:51:18,11.88,0.01,49,58212,买盘
2763,10:51:12,11.87,-0.01,10,11870,卖盘
2764,10:51:09,11.88,--,82,97416,买盘
2765,10:51:06,11.88,--,59,70092,买盘
2766,10:51:03,11.88,0.01,2,2376,买盘
2767,10:51:00,11.87,-0.01,3,3560,卖盘
2768,10:50:57,11.88,0.01,24,28512,买盘
2769,10:50:54,11.87,--,1,1187,卖盘
2770,10:50:51,11.87,-0.01,23,27301,卖盘
2771,10:50:48,11.88,--,9,10692,买盘
2772,10:50:45,11.88,--,239,283932,买盘
2773,10:50:42,11.88,0.01,17,20196,买盘
2774,10:50:39,11.87,0.01,28,33236,买盘
2775,10:50:36,11.86,-0.02,20,23720,卖盘
2776,10:50:33,11.88,0.02,2,2376,买盘
2777,10:50:30,11.86,-0.01,81,96066,卖盘
2778,10:50:27,11.87,0.01,88,104456,买盘
2779,10:50:24,11.86,-0.01,57,67602,卖盘
2780,10:50:21,11.87,0.01,1478,1754386,买盘
2781,10:50:18,11.86,--,79,93694,卖盘
2782,10:50:15,11.86,-0.01,9,10674,卖盘
2783,10:50:09,11.87,0.01,23,27301,买盘
2784,10:50:06,11.86,-0.01,3,3558,卖盘
2785,10:50:03,11.87,0.01,14,16618,买盘
2786,10:49:57,11.86,--,42,49812,卖盘
2787,10:49:54,11.86,-0.01,1,1186,卖盘
2788,10:49:51,11.87,--,94,111577,买盘
2789,10:49:48,11.87,0.01,3,3560,买盘
2790,10:49:45,11.86,--,2,2372,卖盘
2791,10:49:42,11.86,--,10,11860,卖盘
2792,10:49:39,11.86,--,103,122158,卖盘
2793,10:49:36,11.86,--,96,113856,卖盘
2794,10:49:33,11.86,-0.01,39,46254,卖盘
2795,10:49:30,11.87,--,62,73594,买盘
2796,10:49:27,11.87,0.01,10,11870,买盘
2797,10:49:24,11.86,--,49,58114,卖盘
