,time,price,change,volume,amount,type
0,15:00:03,6.9,0.01,4555,3142950,买盘
1,14:57:00,6.89,--,17,11713,卖盘
2,14:56:57,6.89,-0.01,30,20670,卖盘
3,14:56:54,6.9,--,3,2070,买盘
4,14:56:51,6.9,0.01,23,15870,买盘
5,14:56:48,6.89,--,28,19292,卖盘
6,14:56:45,6.89,--,117,80613,卖盘
7,14:56:42,6.89,--,46,31694,卖盘
8,14:56:39,6.89,--,86,59254,卖盘
9,14:56:36,6.89,--,138,95082,卖盘
10,14:56:33,6.89,0.01,175,120575,买盘
11,14:56:30,6.88,-0.01,33,22704,卖盘
12,14:56:27,6.89,0.01,17,11713,买盘
13,14:56:24,6.88,-0.01,47,32336,卖盘
14,14:56:21,6.89,0.01,18,12402,买盘
15,14:56:18,6.88,-0.01,310,213280,卖盘
16,14:56:15,6.89,0.01,18,12402,买盘
17,14:56:12,6.88,-0.01,6,4128,卖盘
18,14:56:09,6.89,--,154,106106,买盘
19,14:56:06,6.89,--,20,13780,买盘
20,14:56:03,6.89,0.01,4,2756,中性盘
21,14:56:00,6.88,-0.01,239,164432,卖盘
22,14:55:57,6.89,0.01,134,92326,买盘
23,14:55:54,6.88,--,21,14448,卖盘
24,14:55:51,6.88,-0.01,277,190576,卖盘
25,14:55:48,6.89,--,67,46163,买盘
26,14:55:45,6.89,0.01,11,7579,买盘
27,14:55:42,6.88,-0.01,14,9632,卖盘
28,14:55:39,6.89,--,25,17225,买盘
29,14:55:36,6.89,--,13,8957,买盘
30,14:55:30,6.89,--,5,3445,买盘
31,14:55:27,6.89,0.01,82,56498,买盘
32,14:55:24,6.88,-0.01,20,13760,卖盘
33,14:55:21,6.89,0.01,62,42718,买盘
34,14:55:18,6.88,-0.01,82,56416,卖盘
35,14:55:15,6.89,0.01,18,12402,买盘
36,14:55:12,6.88,--,292,200896,卖盘
37,14:55:09,6.88,-0.01,23,15824,卖盘
38,14:55:06,6.89,--,61,42029,买盘
39,14:55:03,6.89,0.01,17,11713,买盘
40,14:55:00,6.88,-0.01,2,1376,卖盘
41,14:54:57,6.89,--,134,92326,买盘
42,14:54:54,6.89,--,125,86125,买盘
43,14:54:48,6.89,--,43,29627,买盘
44,14:54:45,6.89,--,6,4134,买盘
45,14:54:42,6.89,0.01,70,48230,买盘
46,14:54:39,6.88,--,94,64672,卖盘
47,14:54:36,6.88,--,85,58480,卖盘
48,14:54:33,6.88,-0.01,1,688,卖盘
49,14:54:30,6.89,0.01,50,34450,买盘
50,14:54:27,6.88,-0.01,3,2064,卖盘
51,14:54:24,6.89,--,51,35139,买盘
52,14:54:21,6.89,--,5,3445,买盘
53,14:54:18,6.89,--,101,69589,买盘
54,14:54:15,6.89,--,95,65455,买盘
55,14:54:12,6.89,--,31,21359,买盘
56,14:54:09,6.89,--,17,11713,买盘
57,14:54:06,6.89,--,162,111618,买盘
58,14:54:03,6.89,--,62,42718,买盘
59,14:54:00,6.89,--,1,689,买盘
60,14:53:57,6.89,--,34,23426,买盘
61,14:53:54,6.89,--,56,38584,买盘
62,14:53:51,6.89,--,2,1378,买盘
63,14:53:48,6.89,--,22,15158,买盘
64,14:53:45,6.89,-0.01,481,331409,卖盘
65,14:53:42,6.9,--,3,2070,买盘
66,14:53:33,6.9,0.01,96,66240,买盘
67,14:53:30,6.89,-0.01,213,146757,卖盘
68,14:53:27,6.9,0.01,27,18630,买盘
69,14:53:24,6.89,-0.01,62,42718,卖盘
70,14:53:21,6.9,--,132,91080,买盘
71,14:53:18,6.9,--,11,7590,买盘
72,14:53:15,6.9,0.01,51,35190,买盘
73,14:53:12,6.89,-0.01,3549,2445261,卖盘
74,14:53:09,6.9,--,5,3450,买盘
75,14:53:06,6.9,--,5,3450,买盘
76,14:53:03,6.9,0.01,71,48990,买盘
77,14:53:00,6.89,-0.01,15,10335,卖盘
78,14:52:57,6.9,--,48,33120,买盘
79,14:52:54,6.9,--,32,22080,买盘
80,14:52:51,6.9,--,59,40710,买盘
81,14:52:48,6.9,--,58,40020,买盘
82,14:52:42,6.9,0.01,9,6210,买盘
83,14:52:39,6.89,-0.01,24,16536,卖盘
84,14:52:36,6.9,--,7,4830,买盘
85,14:52:33,6.9,--,12,8280,买盘
86,14:52:30,6.9,0.01,1,690,买盘
87,14:52:27,6.89,-0.01,50,34450,卖盘
88,14:52:24,6.9,0.01,34,23460,买盘
89,14:52:21,6.89,-0.01,82,56498,卖盘
90,14:52:18,6.9,0.01,61,42090,买盘
91,14:52:15,6.89,--,9,6201,卖盘
92,14:52:12,6.89,--,1,689,卖盘
93,14:52:09,6.89,-0.01,5,3445,卖盘
94,14:52:06,6.9,--,353,243570,买盘
95,14:52:03,6.9,--,135,93150,买盘
96,14:52:00,6.9,0.01,61,42090,买盘
97,14:51:54,6.89,--,41,28249,卖盘
98,14:51:51,6.89,-0.01,65,44785,卖盘
99,14:51:48,6.9,--,27,18630,买盘
100,14:51:45,6.9,--,1,690,买盘
101,14:51:42,6.9,--,44,30360,买盘
102,14:51:39,6.9,0.01,261,180090,买盘
103,14:51:36,6.89,--,1,689,卖盘
104,14:51:33,6.89,--,6,4134,卖盘
105,14:51:30,6.89,--,39,26871,卖盘
106,14:51:24,6.89,-0.01,205,141245,卖盘
107,14:51:18,6.9,--,109,75210,买盘
108,14:51:15,6.9,0.01,5,3450,买盘
109,14:51:12,6.89,-0.01,61,42029,卖盘
110,14:51:09,6.9,0.01,3,2070,买盘
111,14:51:06,6.89,--,13,8957,卖盘
112,14:51:03,6.89,-0.01,1250,861250,卖盘
113,14:51:00,6.9,--,102,70380,买盘
114,14:50:57,6.9,--,489,337410,卖盘
115,14:50:54,6.9,-0.01,30,20700,卖盘
116,14:50:51,6.91,0.01,56,38696,买盘
117,14:50:48,6.9,-0.01,5,3450,卖盘
118,14:50:45,6.91,0.01,167,115397,买盘
119,14:50:42,6.9,-0.01,1,690,卖盘
120,14:50:39,6.91,0.01,4,2764,买盘
121,14:50:36,6.9,--,25,17250,卖盘
122,14:50:33,6.9,--,162,111780,卖盘
123,14:50:27,6.9,--,67,46230,卖盘
124,14:50:24,6.9,0.01,6329,4367010,买盘
125,14:50:21,6.89,-0.01,1,689,卖盘
126,14:50:18,6.9,--,190,131100,买盘
127,14:50:15,6.9,--,1,690,买盘
128,14:50:12,6.9,0.01,12,8280,买盘
129,14:50:09,6.89,-0.01,220,151580,卖盘
130,14:50:03,6.9,0.01,58,40020,买盘
131,14:50:00,6.89,--,100,68900,卖盘
132,14:49:54,6.89,--,50,34450,卖盘
133,14:49:51,6.89,--,237,163293,卖盘
134,14:49:48,6.89,-0.01,5,3445,卖盘
135,14:49:45,6.9,--,16,11040,买盘
136,14:49:42,6.9,0.01,7,4830,买盘
137,14:49:39,6.89,-0.01,20,13780,卖盘
138,14:49:36,6.9,--,24,16560,买盘
139,14:49:33,6.9,--,1,690,买盘
140,14:49:21,6.9,0.01,15,10350,买盘
141,14:49:18,6.89,--,11,7579,卖盘
142,14:49:15,6.89,--,206,142361,买盘
143,14:49:12,6.89,0.01,206,141934,买盘
144,14:49:09,6.88,-0.01,594,408672,卖盘
145,14:49:06,6.89,0.01,21,14469,买盘
146,14:49:03,6.88,-0.01,2,1376,卖盘
147,14:49:00,6.89,--,175,120575,买盘
148,14:48:54,6.89,--,31,21359,买盘
149,14:48:51,6.89,--,24,16536,买盘
150,14:48:48,6.89,0.01,3,2067,买盘
151,14:48:45,6.88,--,11,7568,卖盘
152,14:48:42,6.88,--,47,32336,卖盘
153,14:48:39,6.88,-0.01,5,3440,卖盘
154,14:48:36,6.89,--,51,35139,买盘
155,14:48:33,6.89,--,61,42029,买盘
156,14:48:30,6.89,0.01,25,17225,买盘
157,14:48:27,6.88,-0.01,15,10320,卖盘
158,14:48:24,6.89,0.01,29,19981,买盘
159,14:48:21,6.88,-0.01,26,17888,卖盘
160,14:48:18,6.89,--,42,28938,买盘
161,14:48:15,6.89,--,8,5512,买盘
162,14:48:12,6.89,0.01,110,75790,买盘
163,14:48:09,6.88,-0.01,108,74304,卖盘
164,14:48:06,6.89,--,8,5512,买盘
165,14:48:03,6.89,--,74,50986,买盘
166,14:48:00,6.89,0.01,99,68211,买盘
167,14:47:57,6.88,-0.01,227,156176,卖盘
168,14:47:54,6.89,0.01,119,81991,买盘
169,14:47:51,6.88,-0.01,2,1376,卖盘
170,14:47:48,6.89,--,110,75790,买盘
171,14:47:45,6.89,0.01,59,40651,买盘
172,14:47:42,6.88,-0.01,29,19952,卖盘
173,14:47:39,6.89,--,656,451984,买盘
174,14:47:36,6.89,--,14,9646,买盘
175,14:47:33,6.89,--,44,30316,买盘
176,14:47:30,6.89,--,23,15847,买盘
177,14:47:27,6.89,0.01,44,30316,买盘
178,14:47:24,6.88,-0.01,205,141040,卖盘
179,14:47:21,6.89,--,100,68900,买盘
180,14:47:18,6.89,--,169,116441,买盘
181,14:47:15,6.89,--,46,31694,买盘
182,14:47:12,6.89,0.01,48,33072,买盘
183,14:47:09,6.88,-0.01,73,50224,卖盘
184,14:47:06,6.89,--,9,6201,买盘
185,14:47:03,6.89,--,628,432692,买盘
186,14:47:00,6.89,--,103,70967,买盘
187,14:46:51,6.89,--,37,25493,买盘
188,14:46:48,6.89,--,2,1378,买盘
189,14:46:42,6.89,--,10,6890,买盘
190,14:46:39,6.89,--,2,1378,买盘
191,14:46:36,6.89,--,39,26871,买盘
192,14:46:30,6.89,0.01,2,1378,买盘
193,14:46:27,6.88,--,123,84624,卖盘
194,14:46:24,6.88,--,66,45408,卖盘
195,14:46:21,6.88,--,1,688,卖盘
196,14:46:18,6.88,-0.01,20,13760,卖盘
197,14:46:15,6.89,--,104,71656,买盘
198,14:46:12,6.89,--,17,11713,买盘
199,14:46:06,6.89,--,12,8268,买盘
200,14:46:03,6.89,0.01,142,97838,买盘
201,14:46:00,6.88,-0.01,91,62608,卖盘
202,14:45:54,6.89,0.01,102,70278,买盘
203,14:45:51,6.88,-0.01,12,8256,卖盘
204,14:45:48,6.89,--,65,44785,买盘
205,14:45:45,6.89,--,10,6890,买盘
206,14:45:39,6.89,--,53,36517,买盘
207,14:45:36,6.89,--,96,66144,买盘
208,14:45:33,6.89,--,7812,5382468,卖盘
209,14:45:30,6.89,0.01,461,317629,买盘
210,14:45:27,6.88,-0.01,70,48160,卖盘
211,14:45:24,6.89,--,31,21359,买盘
212,14:45:21,6.89,--,195,134355,卖盘
213,14:45:18,6.89,-0.01,5796,3993444,卖盘
214,14:45:15,6.9,0.01,8,5520,买盘
215,14:45:12,6.89,--,67,46163,卖盘
216,14:45:09,6.89,--,1026,706914,卖盘
217,14:45:06,6.89,-0.01,10,6890,卖盘
218,14:45:03,6.9,--,11,7590,买盘
219,14:45:00,6.9,0.01,57,39330,买盘
220,14:44:54,6.89,--,2,1378,卖盘
221,14:44:51,6.89,--,2,1378,卖盘
222,14:44:48,6.89,-0.01,40,27560,卖盘
223,14:44:45,6.9,--,3,2070,买盘
224,14:44:42,6.9,0.01,142,97980,买盘
225,14:44:39,6.89,-0.01,3,2067,卖盘
226,14:44:36,6.9,0.01,9,6210,买盘
227,14:44:33,6.89,--,1,689,卖盘
228,14:44:30,6.89,-0.01,92,63388,卖盘
229,14:44:27,6.9,0.01,60,41400,买盘
230,14:44:24,6.89,--,58,39962,卖盘
231,14:44:21,6.89,-0.01,102,70278,卖盘
232,14:44:18,6.9,0.01,25,17250,买盘
233,14:44:12,6.89,--,54,37206,卖盘
234,14:44:06,6.89,-0.01,16,11024,卖盘
235,14:44:03,6.9,0.01,46,31740,买盘
236,14:44:00,6.89,--,61,42029,卖盘
237,14:43:57,6.89,-0.01,2,1378,卖盘
238,14:43:54,6.9,0.01,75,51750,买盘
239,14:43:51,6.89,--,2,1378,卖盘
240,14:43:48,6.89,-0.01,3,2067,卖盘
241,14:43:45,6.9,0.01,218,150420,买盘
242,14:43:42,6.89,--,1777,1224353,卖盘
243,14:43:39,6.89,-0.01,62,42718,卖盘
244,14:43:36,6.9,0.01,9,6210,买盘
245,14:43:33,6.89,--,158,108862,卖盘
246,14:43:30,6.89,-0.01,6,4134,卖盘
247,14:43:27,6.9,0.01,4,2760,买盘
248,14:43:21,6.89,--,7,4823,卖盘
249,14:43:18,6.89,-0.01,149,102661,卖盘
250,14:43:15,6.9,0.01,4,2760,买盘
251,14:43:12,6.89,--,50,34450,卖盘
252,14:43:09,6.89,--,5,3445,卖盘
253,14:43:06,6.89,-0.01,2,1378,卖盘
254,14:43:03,6.9,0.01,63,43470,买盘
255,14:43:00,6.89,-0.01,71,48919,卖盘
256,14:42:57,6.9,0.01,520,358800,买盘
257,14:42:54,6.89,--,102,70278,卖盘
258,14:42:51,6.89,--,200,137800,卖盘
259,14:42:48,6.89,-0.01,13,8957,卖盘
260,14:42:45,6.9,0.01,37,25530,买盘
261,14:42:42,6.89,--,1,689,卖盘
262,14:42:39,6.89,-0.01,40,27560,卖盘
263,14:42:36,6.9,0.01,6,4140,买盘
264,14:42:33,6.89,-0.01,5,3445,卖盘
265,14:42:30,6.9,--,53,36570,买盘
266,14:42:27,6.9,0.01,13,8970,买盘
267,14:42:21,6.89,--,1,689,卖盘
268,14:42:18,6.89,--,1,689,卖盘
269,14:42:15,6.89,-0.01,23,15847,卖盘
270,14:42:12,6.9,0.01,404,278760,买盘
271,14:42:09,6.89,--,559,385151,卖盘
272,14:42:06,6.89,-0.01,6,4134,卖盘
273,14:42:03,6.9,--,102,70380,买盘
274,14:42:00,6.9,0.01,113,77970,买盘
275,14:41:57,6.89,--,28,19292,卖盘
276,14:41:54,6.89,--,53,36517,卖盘
277,14:41:51,6.89,-0.01,101,69589,卖盘
278,14:41:48,6.9,--,8,5520,买盘
279,14:41:45,6.9,--,29,20010,买盘
280,14:41:39,6.9,--,1,690,买盘
281,14:41:36,6.9,0.01,6,4140,买盘
282,14:41:33,6.89,--,48,33072,卖盘
283,14:41:30,6.89,-0.01,44,30316,卖盘
284,14:41:27,6.9,0.01,1383,954270,买盘
285,14:41:24,6.89,--,702,483678,卖盘
286,14:41:21,6.89,--,28,19292,卖盘
287,14:41:18,6.89,--,307,211523,卖盘
288,14:41:15,6.89,--,121,83369,卖盘
289,14:41:09,6.89,--,30,20670,卖盘
290,14:41:06,6.89,-0.01,115,79235,卖盘
291,14:41:03,6.9,0.01,4,2760,买盘
292,14:41:00,6.89,-0.01,63,43407,卖盘
293,14:40:57,6.9,0.01,24,16560,买盘
294,14:40:54,6.89,-0.01,190,130910,卖盘
295,14:40:51,6.9,--,9350,6452148,卖盘
296,14:40:48,6.9,--,60,41400,卖盘
297,14:40:45,6.9,--,12,8280,卖盘
298,14:40:42,6.9,-0.01,156,107640,卖盘
299,14:40:36,6.91,--,12,8292,买盘
300,14:40:33,6.91,0.01,225,155475,买盘
301,14:40:30,6.9,--,9917,6842730,卖盘
302,14:40:24,6.9,--,7,4830,卖盘
303,14:40:21,6.9,-0.01,217,149730,卖盘
304,14:40:15,6.91,--,2,1382,买盘
305,14:40:12,6.91,0.01,121,83611,买盘
306,14:40:09,6.9,-0.01,25,17250,卖盘
307,14:40:06,6.91,-0.01,924,638484,卖盘
308,14:40:03,6.92,--,67,46364,买盘
309,14:40:00,6.92,0.01,182,125944,买盘
310,14:39:57,6.91,--,30,20730,买盘
311,14:39:54,6.91,--,111,76701,卖盘
312,14:39:51,6.91,-0.01,1319,911429,卖盘
313,14:39:48,6.92,--,21,14532,买盘
314,14:39:45,6.92,0.01,15,10380,买盘
315,14:39:42,6.91,-0.01,117,80847,卖盘
316,14:39:39,6.92,0.01,6,4152,买盘
317,14:39:36,6.91,--,1,691,卖盘
318,14:39:33,6.91,--,27,18657,卖盘
319,14:39:30,6.91,-0.01,248,171368,卖盘
320,14:39:27,6.92,--,12,8304,买盘
321,14:39:24,6.92,0.01,127,87884,买盘
322,14:39:21,6.91,--,115,79465,卖盘
323,14:39:15,6.91,--,9,6219,卖盘
324,14:39:12,6.91,-0.01,120,82920,卖盘
325,14:39:09,6.92,0.01,1,692,买盘
326,14:39:06,6.91,-0.01,7,4837,卖盘
327,14:39:03,6.92,0.01,31,21452,买盘
328,14:39:00,6.91,--,267,184497,卖盘
329,14:38:57,6.91,--,1,691,卖盘
330,14:38:54,6.91,--,13,8983,卖盘
331,14:38:51,6.91,-0.01,117,80847,卖盘
332,14:38:48,6.92,0.01,29,20068,买盘
333,14:38:45,6.91,--,13,8983,卖盘
334,14:38:42,6.91,-0.01,118,81538,卖盘
335,14:38:39,6.92,--,100,69200,买盘
336,14:38:36,6.92,0.01,7,4844,买盘
337,14:38:33,6.91,--,5,3455,卖盘
338,14:38:30,6.91,-0.01,150,103650,卖盘
339,14:38:27,6.92,0.01,51,35292,买盘
340,14:38:24,6.91,0.01,36,24876,买盘
341,14:38:21,6.9,-0.01,140,96600,卖盘
342,14:38:18,6.91,--,8,5528,买盘
343,14:38:15,6.91,0.01,40,27640,买盘
344,14:38:12,6.9,-0.02,46,31740,卖盘
345,14:38:09,6.92,--,2,1384,买盘
346,14:38:03,6.92,0.01,8,5536,买盘
347,14:38:00,6.91,--,177,122307,卖盘
348,14:37:54,6.91,--,66,45606,买盘
349,14:37:51,6.91,--,52,35932,卖盘
350,14:37:48,6.91,--,5,3455,卖盘
351,14:37:45,6.91,--,110,76010,买盘
352,14:37:42,6.91,--,134,92594,卖盘
353,14:37:39,6.91,-0.01,124,85684,卖盘
354,14:37:36,6.92,--,122,84424,买盘
355,14:37:33,6.92,--,2324,1608208,买盘
356,14:37:30,6.92,0.01,617,426964,买盘
357,14:37:24,6.91,-0.01,7,4837,卖盘
358,14:37:21,6.92,0.01,118,81656,买盘
359,14:37:15,6.91,--,8,5528,卖盘
360,14:37:12,6.91,-0.01,121,83611,卖盘
361,14:37:09,6.92,0.01,2,1384,买盘
362,14:37:06,6.91,-0.01,17,11747,卖盘
363,14:37:03,6.92,0.01,39,26988,买盘
364,14:37:00,6.91,-0.01,211,145801,卖盘
365,14:36:57,6.92,--,101,69892,买盘
366,14:36:54,6.92,--,12,8304,买盘
367,14:36:51,6.92,--,344,238048,买盘
368,14:36:45,6.92,--,3,2076,买盘
369,14:36:42,6.92,--,147,101724,买盘
370,14:36:39,6.92,--,2,1384,买盘
371,14:36:36,6.92,0.02,6,4152,买盘
372,14:36:33,6.9,--,9,6210,卖盘
373,14:36:30,6.9,-0.01,197,135930,卖盘
374,14:36:27,6.91,--,10,6910,买盘
375,14:36:24,6.91,--,11,7601,买盘
376,14:36:21,6.91,--,17,11747,卖盘
377,14:36:18,6.91,--,10,6910,卖盘
378,14:36:15,6.91,--,87,60117,买盘
379,14:36:12,6.91,0.01,149,102959,买盘
380,14:36:09,6.9,-0.01,43,29670,卖盘
381,14:36:06,6.91,-0.01,1932,1335012,卖盘
382,14:36:03,6.92,0.01,132,91344,买盘
383,14:36:00,6.91,--,180,124380,卖盘
384,14:35:57,6.91,--,3,2073,卖盘
385,14:35:54,6.91,--,9,6219,卖盘
386,14:35:51,6.91,--,230,158930,卖盘
387,14:35:48,6.91,-0.01,87,60117,卖盘
388,14:35:45,6.92,0.01,126,87192,买盘
389,14:35:42,6.91,-0.01,1151,795341,卖盘
390,14:35:36,6.92,0.01,12,8304,买盘
391,14:35:33,6.91,--,46,31786,卖盘
392,14:35:30,6.91,--,119,82229,卖盘
393,14:35:27,6.91,--,46,31786,卖盘
394,14:35:21,6.91,-0.01,120,82920,卖盘
395,14:35:18,6.92,--,6,4152,买盘
396,14:35:15,6.92,0.01,6,4152,买盘
397,14:35:12,6.91,-0.01,122,84302,卖盘
398,14:35:09,6.92,--,106,73352,买盘
399,14:35:06,6.92,0.01,6,4152,买盘
400,14:35:03,6.91,--,6,4146,卖盘
401,14:35:00,6.91,--,186,128526,卖盘
402,14:34:54,6.91,--,1,691,卖盘
403,14:34:51,6.91,--,124,85684,卖盘
404,14:34:48,6.91,-0.01,40,27640,卖盘
405,14:34:45,6.92,0.01,29,20068,买盘
406,14:34:42,6.91,--,118,81538,卖盘
407,14:34:39,6.91,-0.01,31,21421,卖盘
408,14:34:36,6.92,0.01,28,19376,买盘
409,14:34:33,6.91,--,41,28331,卖盘
410,14:34:30,6.91,--,116,80156,卖盘
411,14:34:24,6.91,--,73,50443,卖盘
412,14:34:21,6.91,--,220,152020,卖盘
413,14:34:18,6.91,--,2,1382,卖盘
414,14:34:15,6.91,--,7,4837,卖盘
415,14:34:12,6.91,--,122,84302,卖盘
416,14:34:09,6.91,-0.01,26,17966,卖盘
417,14:34:06,6.92,0.02,86,59512,买盘
418,14:34:03,6.9,-0.01,103,71070,卖盘
419,14:34:00,6.91,-0.01,111,76701,卖盘
420,14:33:57,6.92,0.02,128,88576,买盘
421,14:33:54,6.9,-0.01,13,8970,卖盘
422,14:33:51,6.91,0.01,142,98122,买盘
423,14:33:48,6.9,-0.01,1,690,卖盘
424,14:33:45,6.91,--,6,4146,卖盘
425,14:33:42,6.91,--,118,81538,卖盘
426,14:33:39,6.91,-0.01,2,1382,卖盘
427,14:33:36,6.92,--,16,11072,买盘
428,14:33:33,6.92,--,43,29756,买盘
429,14:33:30,6.92,0.01,1824,1262208,买盘
430,14:33:27,6.91,0.01,101,69791,买盘
431,14:33:24,6.9,-0.01,17,11730,卖盘
432,14:33:21,6.91,0.01,118,81538,买盘
433,14:33:18,6.9,-0.01,2,1380,卖盘
434,14:33:15,6.91,--,2,1382,买盘
435,14:33:12,6.91,--,147,101577,买盘
436,14:33:09,6.91,--,12,8292,买盘
437,14:33:06,6.91,--,49,33859,买盘
438,14:33:03,6.91,0.01,17,11747,买盘
439,14:33:00,6.9,--,578,398820,卖盘
440,14:32:57,6.9,-0.01,15,10350,卖盘
441,14:32:54,6.91,--,83,57353,买盘
442,14:32:51,6.91,--,178,122998,卖盘
443,14:32:45,6.91,--,16,11056,卖盘
444,14:32:42,6.91,--,150,103650,卖盘
445,14:32:39,6.91,--,104,71864,卖盘
446,14:32:36,6.91,--,54,37314,买盘
447,14:32:33,6.91,0.01,24,16584,买盘
448,14:32:30,6.9,--,147,101430,卖盘
449,14:32:27,6.9,-0.01,10,6900,卖盘
450,14:32:24,6.91,0.01,27,18657,买盘
451,14:32:21,6.9,-0.01,117,80730,卖盘
452,14:32:18,6.91,--,8,5528,买盘
453,14:32:12,6.91,-0.01,86,59426,中性盘
454,14:32:06,6.92,0.01,33,22836,买盘
455,14:32:03,6.91,--,53,36705,买盘
456,14:32:00,6.91,-0.01,68,47596,卖盘
457,14:31:57,6.92,--,106,73352,买盘
458,14:31:54,6.92,--,66,45672,买盘
459,14:31:51,6.92,--,146,101032,买盘
460,14:31:48,6.92,--,100,69200,买盘
461,14:31:45,6.92,--,10,6920,买盘
462,14:31:42,6.92,--,130,89960,买盘
463,14:31:39,6.92,--,6,4152,买盘
464,14:31:36,6.92,0.01,6,4152,买盘
465,14:31:30,6.91,--,219,151329,卖盘
466,14:31:24,6.91,-0.01,7,4837,卖盘
467,14:31:21,6.92,0.01,210,145320,买盘
468,14:31:18,6.91,-0.01,3,2073,卖盘
469,14:31:15,6.92,--,6,4152,买盘
470,14:31:12,6.92,--,123,85116,买盘
471,14:31:09,6.92,--,29,20068,买盘
472,14:31:06,6.92,--,26,17992,买盘
473,14:31:03,6.92,0.01,1,692,买盘
474,14:31:00,6.91,--,176,121616,卖盘
475,14:30:57,6.91,--,8,5528,卖盘
476,14:30:54,6.91,--,112,77392,卖盘
477,14:30:51,6.91,--,119,82229,卖盘
478,14:30:45,6.91,-0.01,21,14511,卖盘
479,14:30:42,6.92,0.01,117,80964,买盘
480,14:30:39,6.91,-0.01,13,8983,卖盘
481,14:30:36,6.92,--,33,22836,买盘
482,14:30:33,6.92,0.01,6,4152,买盘
483,14:30:30,6.91,-0.01,127,87757,卖盘
484,14:30:27,6.92,--,408,282336,买盘
485,14:30:24,6.92,0.01,11,7612,买盘
486,14:30:21,6.91,--,125,86375,卖盘
487,14:30:18,6.91,-0.01,2,1382,卖盘
488,14:30:15,6.92,--,30,20760,买盘
489,14:30:12,6.92,0.01,120,83040,买盘
490,14:30:09,6.91,-0.01,6,4146,卖盘
491,14:30:06,6.92,0.01,123,85116,买盘
492,14:30:03,6.91,--,4,2764,卖盘
493,14:30:00,6.91,--,119,82229,卖盘
494,14:29:57,6.91,-0.01,40,27640,卖盘
495,14:29:54,6.92,0.01,58,40136,买盘
496,14:29:51,6.91,--,117,80847,卖盘
497,14:29:48,6.91,-0.01,10,6910,卖盘
498,14:29:45,6.92,--,77,53284,买盘
499,14:29:42,6.92,0.01,116,80272,买盘
500,14:29:39,6.91,-0.01,3,2073,卖盘
501,14:29:36,6.92,--,6,4152,买盘
502,14:29:33,6.92,0.01,4,2768,买盘
503,14:29:30,6.91,--,128,88448,卖盘
504,14:29:27,6.91,--,165,114015,卖盘
505,14:29:24,6.91,--,2,1382,卖盘
506,14:29:21,6.91,-0.01,117,80847,卖盘
507,14:29:18,6.92,--,7,4844,买盘
508,14:29:15,6.92,--,108,74736,买盘
509,14:29:12,6.92,0.01,236,163312,买盘
510,14:29:09,6.91,--,88,60808,卖盘
511,14:29:06,6.91,-0.01,308,212828,卖盘
512,14:29:03,6.92,0.01,5,3460,买盘
513,14:29:00,6.91,-0.01,127,87757,卖盘
514,14:28:57,6.92,--,386,267112,买盘
515,14:28:54,6.92,0.01,7,4844,买盘
516,14:28:51,6.91,--,119,82229,卖盘
517,14:28:42,6.91,-0.01,122,84302,卖盘
518,14:28:39,6.92,--,2,1384,买盘
519,14:28:36,6.92,--,43,29756,买盘
520,14:28:33,6.92,0.01,9,6228,买盘
521,14:28:30,6.91,-0.01,118,81538,卖盘
522,14:28:24,6.92,--,109,75428,买盘
523,14:28:21,6.92,0.01,275,190300,买盘
524,14:28:18,6.91,--,191,131981,卖盘
525,14:28:15,6.91,-0.01,8,5528,卖盘
526,14:28:12,6.92,--,117,80964,买盘
527,14:28:09,6.92,0.01,176,121792,买盘
528,14:28:06,6.91,-0.01,48,33168,卖盘
529,14:28:03,6.92,0.01,34,23528,买盘
530,14:28:00,6.91,--,117,80847,卖盘
531,14:27:57,6.91,--,65,44915,卖盘
532,14:27:54,6.91,--,9,6219,卖盘
533,14:27:51,6.91,-0.01,289,199699,卖盘
534,14:27:48,6.92,--,10,6920,买盘
535,14:27:45,6.92,--,1,692,买盘
536,14:27:42,6.92,0.01,156,107952,买盘
537,14:27:39,6.91,-0.01,8,5528,卖盘
538,14:27:36,6.92,--,60,41520,买盘
539,14:27:33,6.92,0.01,139,96188,买盘
540,14:27:30,6.91,--,121,83611,卖盘
541,14:27:24,6.91,--,10,6910,卖盘
542,14:27:21,6.91,--,144,99504,卖盘
543,14:27:18,6.91,-0.01,197,136127,卖盘
544,14:27:12,6.92,0.01,118,81656,买盘
545,14:27:09,6.91,-0.01,10,6910,卖盘
546,14:27:06,6.92,0.01,257,177927,买盘
547,14:27:03,6.91,0.01,1,691,买盘
548,14:27:00,6.9,-0.01,137,94530,卖盘
549,14:26:57,6.91,--,160,110560,买盘
550,14:26:54,6.91,--,4,2764,买盘
551,14:26:51,6.91,--,124,85684,买盘
552,14:26:48,6.91,0.01,10,6910,买盘
553,14:26:45,6.9,-0.01,45,31050,卖盘
554,14:26:42,6.91,--,219,151329,买盘
555,14:26:39,6.91,--,6,4146,买盘
556,14:26:36,6.91,--,1,691,买盘
557,14:26:33,6.91,0.01,13,8983,买盘
558,14:26:30,6.9,-0.01,185,127650,卖盘
559,14:26:24,6.91,0.01,13,8983,买盘
560,14:26:21,6.9,--,168,115920,卖盘
561,14:26:18,6.9,-0.01,222,153180,卖盘
562,14:26:12,6.91,--,122,84302,买盘
563,14:26:09,6.91,--,35,24185,买盘
564,14:26:06,6.91,--,26,17966,买盘
565,14:26:03,6.91,0.01,27,18657,买盘
566,14:26:00,6.9,-0.01,119,82110,卖盘
567,14:25:57,6.91,0.01,205,141655,买盘
568,14:25:54,6.9,-0.01,21,14490,卖盘
569,14:25:51,6.91,--,122,84302,买盘
570,14:25:48,6.91,0.01,100,69100,买盘
571,14:25:45,6.9,-0.01,49,33810,卖盘
572,14:25:42,6.91,--,122,84302,买盘
573,14:25:39,6.91,--,3,2073,买盘
574,14:25:36,6.91,--,83,57353,买盘
575,14:25:30,6.91,-0.01,68,47596,卖盘
576,14:25:27,6.92,0.01,4,2768,买盘
577,14:25:24,6.91,--,43,29713,卖盘
578,14:25:21,6.91,--,131,90521,卖盘
579,14:25:15,6.91,--,5,3455,卖盘
580,14:25:12,6.91,--,146,100886,卖盘
581,14:25:06,6.91,-0.01,49,33859,卖盘
582,14:25:03,6.92,0.01,10,6920,买盘
583,14:25:00,6.91,-0.01,119,82229,卖盘
584,14:24:57,6.92,--,165,114180,买盘
585,14:24:54,6.92,0.01,8,5536,买盘
586,14:24:51,6.91,-0.01,163,112633,卖盘
587,14:24:42,6.92,--,136,94112,买盘
588,14:24:39,6.92,0.01,362,250504,买盘
589,14:24:33,6.91,--,5,3455,卖盘
590,14:24:30,6.91,-0.01,124,85684,卖盘
591,14:24:27,6.92,--,6,4152,买盘
592,14:24:24,6.92,0.01,4,2768,买盘
593,14:24:21,6.91,--,132,91212,卖盘
594,14:24:15,6.91,-0.01,8,5528,卖盘
595,14:24:12,6.92,--,226,156392,买盘
596,14:24:09,6.92,--,12,8304,买盘
597,14:24:06,6.92,--,143,98956,买盘
598,14:24:03,6.92,0.01,7,4844,买盘
599,14:24:00,6.91,-0.01,122,84302,卖盘
600,14:23:57,6.92,0.01,47,32524,买盘
601,14:23:54,6.91,--,67,46297,卖盘
602,14:23:51,6.91,-0.01,246,169986,卖盘
603,14:23:42,6.92,0.01,166,114872,买盘
604,14:23:39,6.91,--,25,17275,卖盘
605,14:23:33,6.91,--,5,3455,卖盘
606,14:23:30,6.91,-0.01,216,149338,卖盘
607,14:23:27,6.92,0.01,117,80964,买盘
608,14:23:21,6.91,--,133,91903,卖盘
609,14:23:18,6.91,-0.01,46,31786,卖盘
610,14:23:15,6.92,--,36,24912,买盘
611,14:23:12,6.92,--,222,153624,买盘
612,14:23:09,6.92,0.01,92,63664,买盘
613,14:23:06,6.91,-0.01,43,29713,卖盘
614,14:23:03,6.92,0.01,2,1384,买盘
615,14:23:00,6.91,-0.01,125,86375,卖盘
616,14:22:57,6.92,0.01,11,7612,买盘
617,14:22:54,6.91,-0.01,201,138891,卖盘
618,14:22:51,6.92,--,248,171616,买盘
619,14:22:48,6.92,--,6,4152,买盘
620,14:22:45,6.92,--,95,65740,买盘
621,14:22:42,6.92,0.01,139,96188,买盘
622,14:22:39,6.91,--,3,2073,卖盘
623,14:22:36,6.91,--,6,4146,卖盘
624,14:22:33,6.91,-0.01,8,5528,卖盘
625,14:22:30,6.92,0.01,204,141168,买盘
626,14:22:27,6.91,-0.01,36,24876,卖盘
627,14:22:24,6.92,--,152,105184,买盘
628,14:22:21,6.92,0.01,251,173692,买盘
629,14:22:18,6.91,--,2,1382,卖盘
630,14:22:15,6.91,--,60,41460,卖盘
631,14:22:12,6.91,--,236,163076,卖盘
632,14:22:06,6.91,-0.01,42,29022,卖盘
633,14:22:03,6.92,0.01,4,2768,买盘
634,14:22:00,6.91,--,122,84302,卖盘
635,14:21:57,6.91,--,1,691,卖盘
636,14:21:54,6.91,-0.01,7,4837,卖盘
637,14:21:51,6.92,0.01,276,190992,买盘
638,14:21:48,6.91,-0.01,50,34550,卖盘
639,14:21:45,6.92,0.01,13,8996,买盘
640,14:21:42,6.91,-0.01,144,99504,卖盘
641,14:21:39,6.92,--,2,1384,买盘
642,14:21:36,6.92,--,92,63664,买盘
643,14:21:33,6.92,0.02,82,56744,买盘
644,14:21:30,6.9,-0.01,265,182850,卖盘
645,14:21:21,6.91,--,32,22112,卖盘
646,14:21:18,6.91,-0.01,7,4837,买盘
647,14:21:15,6.92,0.01,33,22836,买盘
648,14:21:12,6.91,--,159,109869,买盘
649,14:21:09,6.91,--,14,9674,买盘
650,14:21:06,6.91,--,66,45606,买盘
651,14:21:03,6.91,--,26,17966,买盘
652,14:21:00,6.91,-0.01,95,65645,卖盘
653,14:20:54,6.92,--,87,60204,买盘
654,14:20:51,6.92,0.02,274,189608,买盘
655,14:20:48,6.9,-0.02,5,3450,卖盘
656,14:20:45,6.92,0.01,29,20068,买盘
657,14:20:42,6.91,-0.01,118,81538,中性盘
658,14:20:39,6.92,0.01,105,72660,买盘
659,14:20:36,6.91,0.01,1,691,买盘
660,14:20:33,6.9,--,8,5520,卖盘
661,14:20:30,6.9,--,224,154560,卖盘
662,14:20:27,6.9,-0.01,53,36570,卖盘
663,14:20:24,6.91,--,9,6219,买盘
664,14:20:21,6.91,--,104,71864,卖盘
665,14:20:18,6.91,-0.01,64,44224,卖盘
666,14:20:15,6.92,--,2,1384,买盘
667,14:20:12,6.92,--,205,141860,买盘
668,14:20:09,6.92,0.01,79,54668,买盘
669,14:20:06,6.91,--,13,8983,买盘
670,14:20:03,6.91,0.01,8,5528,买盘
671,14:20:00,6.9,-0.01,117,80730,卖盘
672,14:19:57,6.91,0.01,42,29022,买盘
673,14:19:54,6.9,-0.02,16,11040,卖盘
674,14:19:51,6.92,0.01,273,188916,买盘
675,14:19:42,6.91,0.01,108,74628,卖盘
676,14:19:36,6.9,-0.01,50,34500,卖盘
677,14:19:33,6.91,--,88,60808,买盘
678,14:19:30,6.91,--,15,10365,卖盘
679,14:19:27,6.91,-0.01,28,19348,中性盘
680,14:19:24,6.92,0.01,106,73352,买盘
681,14:19:21,6.91,--,76,52516,卖盘
682,14:19:18,6.91,--,8,5528,卖盘
683,14:19:15,6.91,-0.01,9,6219,卖盘
684,14:19:12,6.92,0.01,171,118332,买盘
685,14:19:09,6.91,-0.01,14,9674,卖盘
686,14:19:06,6.92,0.01,32,22144,买盘
687,14:19:03,6.91,0.01,501,346191,买盘
688,14:19:00,6.9,-0.02,117,80730,卖盘
689,14:18:57,6.92,0.02,100,69200,买盘
690,14:18:54,6.9,-0.01,8,5520,卖盘
691,14:18:51,6.91,-0.01,203,140273,卖盘
692,14:18:48,6.92,--,50,34600,买盘
693,14:18:45,6.92,0.01,57,39444,买盘
694,14:18:42,6.91,--,110,76010,卖盘
695,14:18:39,6.91,-0.01,5,3455,卖盘
696,14:18:36,6.92,0.01,89,61588,买盘
697,14:18:33,6.91,--,5,3455,卖盘
698,14:18:30,6.91,-0.01,119,82229,卖盘
699,14:18:24,6.92,0.01,6,4152,买盘
700,14:18:21,6.91,0.01,138,95358,买盘
701,14:18:18,6.9,-0.01,37,25530,卖盘
702,14:18:12,6.91,-0.01,108,74628,卖盘
703,14:18:09,6.92,--,89,61588,买盘
704,14:18:06,6.92,0.01,142,98264,买盘
705,14:18:03,6.91,0.01,19,13129,买盘
706,14:18:00,6.9,--,158,109020,卖盘
707,14:17:54,6.9,-0.01,8,5520,卖盘
708,14:17:51,6.91,--,131,90521,卖盘
709,14:17:48,6.91,--,46,31786,买盘
710,14:17:45,6.91,--,50,34550,买盘
711,14:17:42,6.91,0.01,37,25567,卖盘
712,14:17:36,6.9,--,54,37260,卖盘
713,14:17:33,6.9,-0.01,96,66240,卖盘
714,14:17:30,6.91,--,103,71173,卖盘
715,14:17:24,6.91,--,64,44224,卖盘
716,14:17:21,6.91,--,120,82920,卖盘
717,14:17:18,6.91,--,30,20730,卖盘
718,14:17:15,6.91,--,90,62190,买盘
719,14:17:12,6.91,0.01,218,150638,买盘
720,14:17:09,6.9,-0.01,6,4140,卖盘
721,14:17:06,6.91,--,34,23494,买盘
722,14:17:03,6.91,--,37,25567,买盘
723,14:17:00,6.91,--,75,51825,卖盘
724,14:16:54,6.91,0.01,1,691,卖盘
725,14:16:51,6.9,--,183,126270,卖盘
726,14:16:48,6.9,-0.01,15,10350,卖盘
727,14:16:45,6.91,--,10,6910,买盘
728,14:16:42,6.91,0.01,147,101577,买盘
729,14:16:39,6.9,-0.01,5,3450,卖盘
730,14:16:36,6.91,0.01,25,17275,买盘
731,14:16:30,6.9,--,118,81420,卖盘
732,14:16:27,6.9,--,5,3450,卖盘
733,14:16:24,6.9,-0.02,53,36570,卖盘
734,14:16:21,6.92,--,225,155700,买盘
735,14:16:18,6.92,0.02,6,4152,买盘
736,14:16:15,6.9,--,8,5520,卖盘
737,14:16:12,6.9,-0.01,115,79350,卖盘
738,14:16:09,6.91,--,5,3455,买盘
739,14:16:06,6.91,--,24,16584,买盘
740,14:16:03,6.91,--,23,15893,买盘
741,14:16:00,6.91,--,99,68409,卖盘
742,14:15:57,6.91,--,108,74628,卖盘
743,14:15:54,6.91,--,2,1382,卖盘
744,14:15:51,6.91,-0.01,123,84993,卖盘
745,14:15:48,6.92,0.02,67,46364,买盘
746,14:15:45,6.9,--,141,97290,卖盘
747,14:15:42,6.9,--,124,85560,卖盘
748,14:15:39,6.9,-0.01,74,51060,卖盘
749,14:15:36,6.91,--,5,3455,卖盘
750,14:15:33,6.91,0.01,21,14511,买盘
751,14:15:30,6.9,--,225,155250,卖盘
752,14:15:24,6.9,--,7,4830,卖盘
753,14:15:21,6.9,-0.01,149,102810,卖盘
754,14:15:18,6.91,0.01,66,45606,买盘
755,14:15:15,6.9,-0.02,6,4140,卖盘
756,14:15:12,6.92,--,126,87192,买盘
757,14:15:06,6.92,--,172,119024,买盘
758,14:15:03,6.92,0.01,28,19376,买盘
759,14:15:00,6.91,--,116,80156,卖盘
760,14:14:54,6.91,--,2,1382,卖盘
761,14:14:51,6.91,--,120,82920,买盘
762,14:14:48,6.91,--,58,40078,买盘
763,14:14:45,6.91,--,24,16584,买盘
764,14:14:42,6.91,--,122,84302,买盘
765,14:14:39,6.91,-0.01,4,2764,中性盘
766,14:14:36,6.92,0.02,101,69892,买盘
767,14:14:33,6.9,--,36,24840,卖盘
768,14:14:30,6.9,-0.02,118,81420,卖盘
769,14:14:27,6.92,0.01,9,6228,买盘
770,14:14:24,6.91,0.01,16,11056,买盘
771,14:14:21,6.9,-0.01,111,76590,卖盘
772,14:14:18,6.91,--,2,1382,卖盘
773,14:14:15,6.91,-0.01,11,7601,卖盘
774,14:14:12,6.92,0.01,121,83732,买盘
775,14:14:09,6.91,-0.01,11,7601,卖盘
776,14:14:06,6.92,0.01,11,7612,买盘
777,14:14:03,6.91,--,92,63572,买盘
778,14:14:00,6.91,0.01,187,129217,买盘
779,14:13:54,6.9,-0.01,2,1380,卖盘
780,14:13:51,6.91,--,71,49447,卖盘
781,14:13:48,6.91,--,103,71173,卖盘
782,14:13:45,6.91,--,104,71864,卖盘
783,14:13:42,6.91,--,123,85297,卖盘
784,14:13:33,6.91,0.01,8,5528,卖盘
785,14:13:30,6.9,-0.01,151,104190,卖盘
786,14:13:27,6.91,--,29,20039,买盘
787,14:13:24,6.91,0.01,5,3455,买盘
788,14:13:21,6.9,-0.01,115,79350,卖盘
789,14:13:18,6.91,--,1,691,买盘
790,14:13:15,6.91,--,34,23494,买盘
791,14:13:12,6.91,--,182,125762,买盘
792,14:13:09,6.91,--,3,2073,买盘
793,14:13:06,6.91,--,24,16584,买盘
794,14:13:03,6.91,--,58,40078,买盘
795,14:13:00,6.91,0.01,133,91903,中性盘
796,14:12:54,6.9,--,2,1380,卖盘
797,14:12:51,6.9,-0.02,117,80730,卖盘
798,14:12:48,6.92,0.01,58,40136,买盘
799,14:12:45,6.91,0.01,50,34550,买盘
800,14:12:42,6.9,-0.01,93,64170,卖盘
801,14:12:39,6.91,0.01,30,20730,中性盘
802,14:12:30,6.9,-0.02,116,80040,卖盘
803,14:12:27,6.92,0.01,43,29756,买盘
804,14:12:24,6.91,0.01,7,4837,买盘
805,14:12:21,6.9,-0.01,121,83490,卖盘
806,14:12:18,6.91,0.01,30,20730,买盘
807,14:12:12,6.9,-0.02,74,51060,卖盘
808,14:12:09,6.92,--,70,48440,买盘
809,14:12:06,6.92,0.01,127,87884,买盘
810,14:12:03,6.91,--,26,17966,买盘
811,14:12:00,6.91,--,135,93285,买盘
812,14:11:54,6.91,--,23,15893,买盘
813,14:11:51,6.91,0.01,128,88448,买盘
814,14:11:48,6.9,-0.01,10,6900,卖盘
815,14:11:45,6.91,0.01,61,42151,买盘
816,14:11:42,6.9,-0.01,163,112470,卖盘
817,14:11:39,6.91,--,4,2764,买盘
818,14:11:36,6.91,--,31,21421,买盘
819,14:11:30,6.91,--,9,6219,卖盘
820,14:11:24,6.91,0.01,6,4146,中性盘
821,14:11:21,6.9,-0.02,117,80730,卖盘
822,14:11:18,6.92,--,2,1384,买盘
823,14:11:15,6.92,0.02,189,130788,买盘
824,14:11:12,6.9,-0.01,261,180090,卖盘
825,14:11:09,6.91,--,7,4837,买盘
826,14:11:06,6.91,-0.01,6,4146,中性盘
827,14:11:03,6.92,0.02,26,17992,买盘
828,14:11:00,6.9,--,116,80040,卖盘
829,14:10:54,6.9,--,6,4140,卖盘
830,14:10:51,6.9,-0.02,119,82110,卖盘
831,14:10:48,6.92,--,7,4844,买盘
832,14:10:45,6.92,0.01,58,40136,买盘
833,14:10:42,6.91,-0.01,114,78774,卖盘
834,14:10:39,6.92,0.01,3,2076,买盘
835,14:10:36,6.91,0.01,3,2073,卖盘
836,14:10:33,6.9,--,7,4830,卖盘
837,14:10:30,6.9,-0.02,148,102120,卖盘
838,14:10:27,6.92,0.02,100,69200,买盘
839,14:10:21,6.9,-0.01,81,55890,卖盘
840,14:10:15,6.91,--,5,3455,卖盘
841,14:10:12,6.91,--,135,93285,卖盘
842,14:10:09,6.91,--,16,11056,卖盘
843,14:10:06,6.91,-0.01,26,17966,卖盘
844,14:10:03,6.92,0.01,33,22836,买盘
845,14:10:00,6.91,-0.01,127,87757,卖盘
846,14:09:57,6.92,0.01,29,20068,买盘
847,14:09:51,6.91,-0.01,126,87066,卖盘
848,14:09:48,6.92,0.01,25,17300,买盘
849,14:09:45,6.91,-0.01,18,12438,卖盘
850,14:09:42,6.92,--,179,123868,买盘
851,14:09:39,6.92,0.01,4,2768,买盘
852,14:09:36,6.91,-0.01,5,3455,中性盘
853,14:09:33,6.92,0.02,101,69892,买盘
854,14:09:30,6.9,--,133,91770,卖盘
855,14:09:24,6.9,--,6,4140,卖盘
856,14:09:21,6.9,-0.02,115,79350,卖盘
857,14:09:18,6.92,0.01,44,30448,买盘
858,14:09:15,6.91,--,57,39387,买盘
859,14:09:12,6.91,-0.01,47,32477,卖盘
860,14:09:09,6.92,0.02,38,26296,买盘
861,14:09:06,6.9,--,26,17940,卖盘
862,14:09:03,6.9,--,55,37950,卖盘
863,14:09:00,6.9,-0.02,117,80730,卖盘
864,14:08:57,6.92,--,14,9688,买盘
865,14:08:54,6.92,0.02,36,24912,买盘
866,14:08:51,6.9,-0.02,117,80730,卖盘
867,14:08:45,6.92,0.01,170,117640,买盘
868,14:08:42,6.91,0.01,218,150638,买盘
869,14:08:39,6.9,--,25,17250,卖盘
870,14:08:36,6.9,--,25,17250,买盘
871,14:08:33,6.9,--,130,89700,买盘
872,14:08:30,6.9,--,31,21390,买盘
873,14:08:27,6.9,--,72,49680,买盘
874,14:08:24,6.9,0.01,99,68310,买盘
875,14:08:21,6.89,-0.01,118,81302,卖盘
876,14:08:18,6.9,--,180,124200,买盘
877,14:08:15,6.9,--,20,13800,买盘
878,14:08:12,6.9,--,22,15180,买盘
879,14:08:09,6.9,--,5,3450,买盘
880,14:08:06,6.9,--,56,38640,买盘
881,14:08:03,6.9,--,98,67620,买盘
882,14:08:00,6.9,--,236,162840,买盘
883,14:07:57,6.9,--,72,49680,买盘
884,14:07:54,6.9,0.01,129,89010,买盘
885,14:07:51,6.89,-0.01,103,70967,卖盘
886,14:07:48,6.9,0.01,5,3450,买盘
887,14:07:45,6.89,-0.01,6,4134,卖盘
888,14:07:42,6.9,--,246,169740,买盘
889,14:07:39,6.9,--,1008,695520,买盘
890,14:07:36,6.9,0.01,3,2070,买盘
891,14:07:33,6.89,-0.01,27,18603,卖盘
892,14:07:30,6.9,--,133,91770,买盘
893,14:07:27,6.9,--,124,85560,买盘
894,14:07:21,6.9,0.01,18,12420,买盘
895,14:07:18,6.89,-0.01,46,31694,卖盘
896,14:07:15,6.9,--,283,195270,买盘
897,14:07:12,6.9,--,40,27600,买盘
898,14:07:09,6.9,--,135,93150,买盘
899,14:07:06,6.9,--,27,18630,买盘
900,14:07:03,6.9,--,43,29670,买盘
901,14:07:00,6.9,--,12,8280,买盘
902,14:06:57,6.9,0.01,120,82800,买盘
903,14:06:51,6.89,-0.01,3,2067,卖盘
904,14:06:45,6.9,--,58,40020,买盘
905,14:06:42,6.9,0.01,37,25530,买盘
906,14:06:39,6.89,-0.01,7,4823,卖盘
907,14:06:36,6.9,--,20,13800,买盘
908,14:06:33,6.9,--,33,22770,买盘
909,14:06:30,6.9,--,52,35880,买盘
910,14:06:27,6.9,--,46,31740,买盘
911,14:06:21,6.9,--,83,57270,买盘
912,14:06:18,6.9,0.01,10,6900,买盘
913,14:06:15,6.89,-0.02,100,68900,卖盘
914,14:06:12,6.91,--,401,277091,买盘
915,14:06:09,6.91,--,73,50443,买盘
916,14:06:06,6.91,--,128,88448,买盘
917,14:06:03,6.91,--,31,21421,买盘
918,14:06:00,6.91,--,166,114706,买盘
919,14:05:57,6.91,0.01,64,44224,买盘
920,14:05:54,6.9,0.01,155,106950,买盘
921,14:05:51,6.89,-0.01,3,2067,卖盘
922,14:05:48,6.9,--,36,24840,买盘
923,14:05:45,6.9,--,58,40020,买盘
924,14:05:42,6.9,--,23,15870,买盘
925,14:05:39,6.9,--,16,11040,买盘
926,14:05:36,6.9,--,22,15180,卖盘
927,14:05:33,6.9,--,26,17940,买盘
928,14:05:30,6.9,--,145,100050,卖盘
929,14:05:27,6.9,--,36,24840,买盘
930,14:05:24,6.9,--,57,39330,买盘
931,14:05:21,6.9,0.01,153,105570,中性盘
932,14:05:15,6.89,-0.02,207,142623,卖盘
933,14:05:12,6.91,0.01,3985,2754070,买盘
934,14:05:06,6.9,-0.01,39,26910,卖盘
935,14:05:03,6.91,0.01,144,99759,买盘
936,14:05:00,6.9,--,66,45974,卖盘
937,14:04:57,6.9,-0.01,1,690,卖盘
938,14:04:54,6.91,0.01,34,23494,买盘
939,14:04:51,6.9,--,120,82800,卖盘
940,14:04:48,6.9,-0.01,4,2760,卖盘
941,14:04:45,6.91,--,131,90521,买盘
942,14:04:42,6.91,0.01,118,81538,买盘
943,14:04:33,6.9,--,2,1380,卖盘
944,14:04:30,6.9,--,119,82110,卖盘
945,14:04:27,6.9,--,3,2070,卖盘
946,14:04:24,6.9,--,125,86250,卖盘
947,14:04:21,6.9,--,220,151800,卖盘
948,14:04:18,6.9,0.01,189,130665,买盘
949,14:04:15,6.89,-0.01,2,1378,卖盘
950,14:04:12,6.9,--,56,38640,买盘
951,14:04:09,6.9,--,12,8280,买盘
952,14:04:06,6.9,--,52,35880,买盘
953,14:04:03,6.9,0.01,93,64170,买盘
954,14:04:00,6.89,-0.01,216,148824,卖盘
955,14:03:57,6.9,--,37,25530,买盘
956,14:03:51,6.9,0.01,4,2760,买盘
957,14:03:48,6.89,-0.01,67,46163,卖盘
958,14:03:45,6.9,--,812,560280,买盘
959,14:03:42,6.9,--,81,55890,买盘
960,14:03:39,6.9,--,24,16560,买盘
961,14:03:36,6.9,0.01,3,2070,买盘
962,14:03:33,6.89,-0.01,2,1378,卖盘
963,14:03:30,6.9,--,106,73140,买盘
964,14:03:27,6.9,--,244,168360,买盘
965,14:03:24,6.9,0.01,1,690,买盘
966,14:03:15,6.89,-0.01,1,689,卖盘
967,14:03:12,6.9,0.01,14,9660,买盘
968,14:03:09,6.89,-0.01,57,39273,卖盘
969,14:03:06,6.9,--,37,25530,买盘
970,14:03:03,6.9,0.01,24,16560,买盘
971,14:03:00,6.89,-0.01,42,28938,卖盘
972,14:02:57,6.9,--,93,64170,买盘
973,14:02:51,6.9,0.01,5,3450,买盘
974,14:02:48,6.89,-0.01,6,4134,卖盘
975,14:02:45,6.9,0.01,26,17940,买盘
976,14:02:42,6.89,--,52,35828,卖盘
977,14:02:39,6.89,-0.01,84,57876,卖盘
978,14:02:36,6.9,--,177,122130,买盘
979,14:02:33,6.9,--,76,52440,买盘
980,14:02:30,6.9,--,3,2070,买盘
981,14:02:27,6.9,--,59,40710,买盘
982,14:02:24,6.9,--,10,6900,买盘
983,14:02:21,6.9,--,57,39330,买盘
984,14:02:15,6.9,0.01,10,6900,买盘
985,14:02:12,6.89,-0.01,3,2067,卖盘
986,14:02:09,6.9,--,2,1380,买盘
987,14:02:06,6.9,--,98,67620,买盘
988,14:02:03,6.9,--,142,97980,买盘
989,14:02:00,6.9,--,3,2070,买盘
990,14:01:57,6.9,--,33,22770,买盘
991,14:01:54,6.9,--,77,53130,买盘
992,14:01:51,6.9,0.01,14,9660,买盘
993,14:01:48,6.89,-0.01,110,75790,卖盘
994,14:01:42,6.9,0.01,60,41400,买盘
995,14:01:39,6.89,-0.01,6,4134,卖盘
996,14:01:36,6.9,--,110,75900,买盘
997,14:01:33,6.9,--,19,13110,买盘
998,14:01:30,6.9,--,23,15870,买盘
999,14:01:27,6.9,--,10,6900,买盘
1000,14:01:24,6.9,--,2,1380,买盘
1001,14:01:21,6.9,--,37,25530,买盘
1002,14:01:18,6.9,--,133,91770,买盘
1003,14:01:12,6.9,0.01,103,71070,买盘
1004,14:01:09,6.89,-0.01,29,19981,卖盘
1005,14:01:06,6.9,0.01,122,84180,买盘
1006,14:01:03,6.89,-0.01,31,21359,卖盘
1007,14:01:00,6.9,--,6,4140,买盘
1008,14:00:57,6.9,--,139,95910,买盘
1009,14:00:51,6.9,--,22,15180,买盘
1010,14:00:48,6.9,--,117,81164,卖盘
1011,14:00:42,6.9,-0.01,123,84870,卖盘
1012,14:00:39,6.91,0.01,82,56662,买盘
1013,14:00:30,6.9,-0.01,117,80730,卖盘
1014,14:00:24,6.91,0.01,27,18657,买盘
1015,14:00:21,6.9,-0.01,116,80040,卖盘
1016,14:00:18,6.91,0.01,91,62881,买盘
1017,14:00:15,6.9,--,8,5520,卖盘
1018,14:00:12,6.9,--,118,81420,卖盘
1019,14:00:09,6.9,-0.01,23,15870,卖盘
1020,14:00:06,6.91,--,20,13820,买盘
1021,14:00:03,6.91,0.01,106,73246,买盘
1022,14:00:00,6.9,-0.01,118,81420,卖盘
1023,13:59:54,6.91,0.01,53,36623,买盘
1024,13:59:51,6.9,-0.01,149,102810,卖盘
1025,13:59:48,6.91,0.01,6,4146,买盘
1026,13:59:45,6.9,--,109,75465,买盘
1027,13:59:42,6.9,--,12,8714,卖盘
1028,13:59:39,6.9,-0.01,160,110400,卖盘
1029,13:59:36,6.91,0.01,249,172314,买盘
1030,13:59:33,6.9,--,157,108330,买盘
1031,13:59:24,6.9,0.01,21,14490,买盘
1032,13:59:18,6.89,-0.01,107,73723,卖盘
1033,13:59:15,6.9,--,89,61844,卖盘
1034,13:59:12,6.9,--,122,84180,卖盘
1035,13:59:09,6.9,-0.01,175,120750,卖盘
1036,13:59:06,6.91,0.01,26,17966,买盘
1037,13:59:03,6.9,--,33,22770,卖盘
1038,13:59:00,6.9,--,119,82110,卖盘
1039,13:58:54,6.9,--,15,10350,卖盘
1040,13:58:51,6.9,-0.01,161,111090,卖盘
1041,13:58:48,6.91,0.01,6,4146,买盘
1042,13:58:45,6.9,--,11,7590,卖盘
1043,13:58:42,6.9,-0.01,203,140070,卖盘
1044,13:58:39,6.91,0.01,61,42151,买盘
1045,13:58:36,6.9,-0.01,65,44850,卖盘
1046,13:58:33,6.91,0.01,27,18657,买盘
1047,13:58:30,6.9,-0.01,115,79350,卖盘
1048,13:58:24,6.91,0.01,107,73937,买盘
1049,13:58:21,6.9,-0.01,120,82800,卖盘
1050,13:58:18,6.91,0.01,20,13820,买盘
1051,13:58:15,6.9,--,5,3450,卖盘
1052,13:58:12,6.9,--,115,79350,卖盘
1053,13:58:09,6.9,-0.01,23,15870,卖盘
1054,13:58:06,6.91,0.01,20,13820,买盘
1055,13:58:03,6.9,--,6,4140,卖盘
1056,13:58:00,6.9,--,118,81420,卖盘
1057,13:57:57,6.9,-0.01,22,15180,卖盘
1058,13:57:54,6.91,0.01,31,21421,买盘
1059,13:57:51,6.9,--,117,80730,卖盘
1060,13:57:48,6.9,--,132,91080,卖盘
1061,13:57:45,6.9,--,10,6900,卖盘
1062,13:57:42,6.9,-0.01,145,100050,卖盘
1063,13:57:39,6.91,0.01,83,57353,买盘
1064,13:57:36,6.9,--,40,27600,卖盘
1065,13:57:33,6.9,--,31,21390,卖盘
1066,13:57:30,6.9,--,215,148350,卖盘
1067,13:57:24,6.9,--,31,21390,卖盘
1068,13:57:21,6.9,-0.01,187,129030,卖盘
1069,13:57:18,6.91,0.01,55,38005,买盘
1070,13:57:12,6.9,--,128,88320,卖盘
1071,13:57:09,6.9,-0.01,344,238029,卖盘
1072,13:57:06,6.91,--,63,43533,买盘
1073,13:57:03,6.91,0.01,12,8292,买盘
1074,13:57:00,6.9,--,115,79350,卖盘
1075,13:56:54,6.9,--,6,4140,卖盘
1076,13:56:51,6.9,-0.01,119,82110,卖盘
1077,13:56:48,6.91,0.01,6,4146,买盘
1078,13:56:42,6.9,-0.01,70,48569,卖盘
1079,13:56:39,6.91,--,164,113324,卖盘
1080,13:56:36,6.91,--,6,4146,卖盘
1081,13:56:33,6.91,--,7,4837,卖盘
1082,13:56:30,6.91,-0.01,116,80156,卖盘
1083,13:56:27,6.92,0.01,1,692,买盘
1084,13:56:21,6.91,--,141,97431,卖盘
1085,13:56:18,6.91,--,778,538019,卖盘
1086,13:56:15,6.91,0.01,1951,1348141,买盘
1087,13:56:12,6.9,-0.01,117,80730,卖盘
1088,13:56:09,6.91,--,36,24876,买盘
1089,13:56:06,6.91,--,230,158930,买盘
1090,13:56:03,6.91,--,7,4837,买盘
1091,13:56:00,6.91,0.01,117,80847,买盘
1092,13:55:57,6.9,--,16,11040,卖盘
1093,13:55:54,6.9,--,17,11730,卖盘
1094,13:55:51,6.9,-0.01,117,80730,卖盘
1095,13:55:48,6.91,--,19,13129,买盘
1096,13:55:45,6.91,0.01,106,73246,买盘
1097,13:55:42,6.9,-0.01,119,82110,卖盘
1098,13:55:39,6.91,--,58,40078,买盘
1099,13:55:36,6.91,0.01,3,2073,买盘
1100,13:55:33,6.9,--,10,6900,卖盘
1101,13:55:30,6.9,-0.01,194,133860,卖盘
1102,13:55:27,6.91,0.01,2,1382,买盘
1103,13:55:21,6.9,--,135,93150,卖盘
1104,13:55:18,6.9,-0.01,216,149040,卖盘
1105,13:55:15,6.91,0.01,541,373831,买盘
1106,13:55:12,6.9,-0.01,313,215970,卖盘
1107,13:55:09,6.91,--,26,17966,买盘
1108,13:55:06,6.91,0.01,22,15202,买盘
1109,13:55:03,6.9,--,2,1380,卖盘
1110,13:55:00,6.9,--,119,82110,卖盘
1111,13:54:54,6.9,-0.01,8,5520,卖盘
1112,13:54:51,6.91,--,217,149947,买盘
1113,13:54:48,6.91,--,8,5528,买盘
1114,13:54:45,6.91,0.01,38,26258,买盘
1115,13:54:42,6.9,-0.01,116,80040,卖盘
1116,13:54:39,6.91,--,58,40078,买盘
1117,13:54:36,6.91,--,15,10365,买盘
1118,13:54:33,6.91,--,11,7601,买盘
1119,13:54:30,6.91,--,119,82229,买盘
1120,13:54:27,6.91,-0.01,4,2764,中性盘
1121,13:54:24,6.92,0.02,82,56744,买盘
1122,13:54:21,6.9,-0.02,118,81420,卖盘
1123,13:54:18,6.92,--,1,692,买盘
1124,13:54:12,6.92,--,123,85116,买盘
1125,13:54:09,6.92,--,145,100340,买盘
1126,13:54:06,6.92,--,28,19376,买盘
1127,13:54:03,6.92,0.01,111,76812,买盘
1128,13:54:00,6.91,0.01,118,81538,买盘
1129,13:53:54,6.9,-0.01,5,3450,卖盘
1130,13:53:51,6.91,--,32,22112,卖盘
1131,13:53:48,6.91,-0.01,2,1382,卖盘
1132,13:53:45,6.92,0.01,6,4152,买盘
1133,13:53:42,6.91,-0.01,116,80156,卖盘
1134,13:53:36,6.92,--,11,7612,买盘
1135,13:53:33,6.92,0.02,88,60896,买盘
1136,13:53:30,6.9,--,144,99360,卖盘
1137,13:53:27,6.9,-0.01,5,3450,卖盘
1138,13:53:24,6.91,0.01,15,10365,买盘
1139,13:53:21,6.9,-0.01,118,81420,卖盘
1140,13:53:15,6.91,--,13,8983,买盘
1141,13:53:12,6.91,-0.01,40,27640,卖盘
1142,13:53:09,6.92,--,130,89960,买盘
1143,13:53:06,6.92,--,57,39444,买盘
1144,13:53:03,6.92,0.02,105,72660,买盘
1145,13:53:00,6.9,-0.02,117,80730,卖盘
1146,13:52:57,6.92,0.02,77,53284,买盘
1147,13:52:54,6.9,--,8,5520,卖盘
1148,13:52:51,6.9,--,117,80730,卖盘
1149,13:52:48,6.9,-0.02,1,690,卖盘
1150,13:52:45,6.92,--,1,692,买盘
1151,13:52:42,6.92,0.02,142,98264,买盘
1152,13:52:39,6.9,-0.02,6,4140,卖盘
1153,13:52:36,6.92,0.01,61,42212,买盘
1154,13:52:33,6.91,0.01,1,691,买盘
1155,13:52:30,6.9,-0.01,122,84180,卖盘
1156,13:52:27,6.91,-0.01,98,67718,卖盘
1157,13:52:24,6.92,0.01,1,692,买盘
1158,13:52:21,6.91,-0.01,123,84993,卖盘
1159,13:52:18,6.92,0.01,100,69200,买盘
1160,13:52:15,6.91,0.01,94,64954,买盘
1161,13:52:12,6.9,-0.01,515,355350,卖盘
1162,13:52:09,6.91,--,24,16584,买盘
1163,13:52:06,6.91,--,23,15893,买盘
1164,13:52:03,6.91,--,13,8983,买盘
1165,13:52:00,6.91,0.01,154,106414,买盘
1166,13:51:54,6.9,-0.01,20,13800,卖盘
1167,13:51:51,6.91,--,11,7601,卖盘
1168,13:51:48,6.91,0.01,2,1382,卖盘
1169,13:51:45,6.9,-0.02,10,6900,卖盘
1170,13:51:42,6.92,0.02,236,163312,买盘
1171,13:51:39,6.9,-0.02,30,20700,卖盘
1172,13:51:36,6.92,0.01,80,55360,买盘
1173,13:51:33,6.91,--,2,1382,买盘
1174,13:51:30,6.91,--,100,69100,卖盘
1175,13:51:27,6.91,-0.01,7,4837,中性盘
1176,13:51:24,6.92,0.02,103,71276,买盘
1177,13:51:21,6.9,-0.01,121,83490,卖盘
1178,13:51:18,6.91,0.01,16,11056,买盘
1179,13:51:15,6.9,-0.01,136,93840,卖盘
1180,13:51:12,6.91,--,132,91212,买盘
1181,13:51:09,6.91,--,25,17275,买盘
1182,13:51:06,6.91,0.01,53,36623,买盘
1183,13:51:03,6.9,--,42,28980,卖盘
1184,13:51:00,6.9,--,118,81420,卖盘
1185,13:50:51,6.9,--,124,85560,卖盘
1186,13:50:48,6.9,-0.01,2,1380,卖盘
1187,13:50:45,6.91,--,7,4837,买盘
1188,13:50:42,6.91,--,142,98122,买盘
1189,13:50:39,6.91,--,100,69100,买盘
1190,13:50:36,6.91,0.01,74,51134,买盘
1191,13:50:33,6.9,-0.01,13,8970,卖盘
1192,13:50:30,6.91,0.01,250,172750,买盘
1193,13:50:27,6.9,--,29,20010,卖盘
1194,13:50:24,6.9,--,8,5520,卖盘
1195,13:50:21,6.9,--,120,82800,卖盘
1196,13:50:15,6.9,--,128,88320,卖盘
1197,13:50:12,6.9,-0.01,124,85560,卖盘
1198,13:50:09,6.91,--,49,33859,买盘
1199,13:50:06,6.91,--,39,26949,买盘
1200,13:50:03,6.91,0.01,30,20730,买盘
1201,13:50:00,6.9,--,120,82800,卖盘
1202,13:49:54,6.9,--,27,18630,卖盘
1203,13:49:51,6.9,-0.01,117,80730,卖盘
1204,13:49:48,6.91,--,103,71173,买盘
1205,13:49:45,6.91,0.01,8,5528,买盘
1206,13:49:42,6.9,-0.01,116,80040,卖盘
1207,13:49:39,6.91,--,20,13820,买盘
1208,13:49:36,6.91,--,6,4146,买盘
1209,13:49:33,6.91,--,71,49061,买盘
1210,13:49:30,6.91,--,145,100195,买盘
1211,13:49:27,6.91,0.01,81,55971,买盘
1212,13:49:24,6.9,-0.01,135,93150,卖盘
1213,13:49:21,6.91,0.01,119,82229,买盘
1214,13:49:15,6.9,--,6,4140,卖盘
1215,13:49:12,6.9,-0.01,118,81420,卖盘
1216,13:49:09,6.91,--,25,17275,买盘
1217,13:49:06,6.91,--,43,29713,买盘
1218,13:49:03,6.91,--,22,15202,买盘
1219,13:49:00,6.91,--,226,156166,买盘
1220,13:48:57,6.91,--,49,33859,买盘
1221,13:48:51,6.91,0.01,117,80847,买盘
1222,13:48:48,6.9,-0.01,27,18630,卖盘
1223,13:48:45,6.91,--,210,145110,买盘
1224,13:48:42,6.91,0.01,140,96740,买盘
1225,13:48:39,6.9,-0.01,5,3450,卖盘
1226,13:48:36,6.91,--,61,42151,买盘
1227,13:48:33,6.91,0.01,71,49061,买盘
1228,13:48:30,6.9,-0.01,143,98670,卖盘
1229,13:48:24,6.91,0.01,3,2073,买盘
1230,13:48:21,6.9,-0.01,117,80730,卖盘
1231,13:48:15,6.91,0.01,7,4837,买盘
1232,13:48:12,6.9,-0.01,120,82800,卖盘
1233,13:48:09,6.91,--,31,21421,买盘
1234,13:48:06,6.91,0.01,139,96049,买盘
1235,13:48:03,6.9,--,71,48990,卖盘
1236,13:48:00,6.9,--,2311,1594590,卖盘
1237,13:47:57,6.9,-0.01,10,6900,卖盘
1238,13:47:51,6.91,0.01,130,89830,买盘
1239,13:47:45,6.9,--,10,6900,卖盘
1240,13:47:42,6.9,-0.01,120,82800,卖盘
1241,13:47:36,6.91,0.01,4,2764,买盘
1242,13:47:33,6.9,-0.01,69,47610,卖盘
1243,13:47:30,6.91,--,141,97431,买盘
1244,13:47:21,6.91,0.01,127,87757,中性盘
1245,13:47:18,6.9,-0.02,8,5520,卖盘
1246,13:47:15,6.92,0.02,101,69892,买盘
1247,13:47:12,6.9,-0.01,124,85560,卖盘
1248,13:47:09,6.91,--,115,79465,买盘
1249,13:47:06,6.91,0.01,43,29713,买盘
1250,13:47:03,6.9,--,7,4830,卖盘
1251,13:47:00,6.9,-0.01,129,89010,卖盘
1252,13:46:57,6.91,--,29,20039,买盘
1253,13:46:54,6.91,0.01,42,29022,买盘
1254,13:46:51,6.9,-0.01,131,90390,卖盘
1255,13:46:48,6.91,--,20,13820,买盘
1256,13:46:45,6.91,--,108,74628,买盘
1257,13:46:42,6.91,--,80,55280,卖盘
1258,13:46:39,6.91,--,13,8983,卖盘
1259,13:46:33,6.91,0.01,67,46297,中性盘
1260,13:46:30,6.9,-0.01,123,84870,卖盘
1261,13:46:27,6.91,0.01,57,39387,买盘
1262,13:46:24,6.9,--,999,689310,卖盘
1263,13:46:21,6.9,--,235,162150,卖盘
1264,13:46:18,6.9,--,52,35880,卖盘
1265,13:46:15,6.9,-0.01,7,4830,卖盘
1266,13:46:12,6.91,--,118,81538,买盘
1267,13:46:09,6.91,--,26,17966,买盘
1268,13:46:06,6.91,--,21,14511,买盘
1269,13:46:03,6.91,--,65,44915,买盘
1270,13:46:00,6.91,--,2033,1404803,卖盘
1271,13:45:57,6.91,0.01,5,3455,中性盘
1272,13:45:54,6.9,-0.01,189,130410,卖盘
1273,13:45:51,6.91,0.01,128,88448,买盘
1274,13:45:48,6.9,-0.01,3,2622,卖盘
1275,13:45:45,6.91,--,2,1382,买盘
1276,13:45:42,6.91,-0.01,52,35932,卖盘
1277,13:45:36,6.92,0.02,58,40136,买盘
1278,13:45:33,6.9,--,11,7590,卖盘
1279,13:45:30,6.9,-0.01,217,149730,卖盘
1280,13:45:27,6.91,0.01,50,34550,买盘
1281,13:45:24,6.9,-0.01,998,688620,卖盘
1282,13:45:21,6.91,--,76,52516,卖盘
1283,13:45:15,6.91,-0.01,6,4146,卖盘
1284,13:45:12,6.92,--,129,89268,买盘
1285,13:45:09,6.92,--,60,41520,买盘
1286,13:45:06,6.92,--,21,14532,买盘
1287,13:45:03,6.92,0.01,14,9688,买盘
1288,13:45:00,6.91,--,240,165840,卖盘
1289,13:44:57,6.91,--,1,691,卖盘
1290,13:44:54,6.91,--,17,11747,买盘
1291,13:44:51,6.91,0.01,118,81538,买盘
1292,13:44:48,6.9,-0.01,5,3450,卖盘
1293,13:44:45,6.91,--,35,24185,卖盘
1294,13:44:42,6.91,--,114,78774,卖盘
1295,13:44:39,6.91,-0.01,24,16584,卖盘
1296,13:44:36,6.92,0.02,158,109336,买盘
1297,13:44:33,6.9,--,46,31740,卖盘
1298,13:44:30,6.9,-0.01,194,133860,卖盘
1299,13:44:27,6.91,0.01,14,9674,买盘
1300,13:44:21,6.9,--,125,86250,卖盘
1301,13:44:18,6.9,-0.01,10,6900,卖盘
1302,13:44:15,6.91,0.01,253,174823,买盘
1303,13:44:12,6.9,-0.01,144,99360,卖盘
1304,13:44:09,6.91,--,9,6219,买盘
1305,13:44:06,6.91,-0.01,47,32477,卖盘
1306,13:44:03,6.92,0.01,38,26296,买盘
1307,13:44:00,6.91,--,81,55971,卖盘
1308,13:43:57,6.91,--,21,14511,卖盘
1309,13:43:54,6.91,--,10,6910,卖盘
1310,13:43:51,6.91,-0.01,318,219738,卖盘
1311,13:43:48,6.92,0.01,33,22836,买盘
1312,13:43:45,6.91,--,14,9674,卖盘
1313,13:43:42,6.91,--,117,80847,卖盘
1314,13:43:39,6.91,--,6,4146,卖盘
1315,13:43:36,6.91,-0.01,6,4146,卖盘
1316,13:43:33,6.92,0.01,61,42212,买盘
1317,13:43:30,6.91,--,124,85684,卖盘
1318,13:43:24,6.91,-0.01,5,3455,卖盘
1319,13:43:21,6.92,0.01,179,123868,买盘
1320,13:43:18,6.91,--,533,368303,卖盘
1321,13:43:15,6.91,--,105,72555,卖盘
1322,13:43:12,6.91,-0.01,119,82229,卖盘
1323,13:43:09,6.92,--,25,17300,买盘
1324,13:43:06,6.92,--,21,14532,买盘
1325,13:43:03,6.92,0.01,9,6228,买盘
1326,13:43:00,6.91,--,118,81538,卖盘
1327,13:42:57,6.91,--,102,70482,卖盘
1328,13:42:54,6.91,--,8,5528,卖盘
1329,13:42:51,6.91,-0.01,116,80156,卖盘
1330,13:42:45,6.92,--,4,2768,买盘
1331,13:42:42,6.92,0.01,182,125944,买盘
1332,13:42:39,6.91,-0.01,1056,729696,卖盘
1333,13:42:36,6.92,--,71,49132,买盘
1334,13:42:33,6.92,--,14,9688,买盘
1335,13:42:30,6.92,0.01,116,80272,买盘
1336,13:42:24,6.91,-0.01,6,4146,卖盘
1337,13:42:21,6.92,0.01,189,130788,买盘
1338,13:42:18,6.91,-0.01,18,12438,卖盘
1339,13:42:15,6.92,0.01,94,65048,买盘
1340,13:42:12,6.91,-0.01,124,85684,卖盘
1341,13:42:09,6.92,-0.01,75,51900,卖盘
1342,13:42:06,6.93,--,22,15246,买盘
1343,13:42:03,6.93,0.01,117,81081,买盘
1344,13:42:00,6.92,--,400,276800,卖盘
1345,13:41:57,6.92,--,2,1384,卖盘
1346,13:41:54,6.92,0.01,102,70584,买盘
1347,13:41:51,6.91,-0.01,117,80847,卖盘
1348,13:41:45,6.92,0.01,7,4844,买盘
1349,13:41:42,6.91,-0.02,76,52516,卖盘
1350,13:41:39,6.93,--,48,33264,买盘
1351,13:41:36,6.93,0.01,29,20097,买盘
1352,13:41:33,6.92,--,870,602040,卖盘
1353,13:41:30,6.92,--,137,94804,卖盘
1354,13:41:27,6.92,-0.01,14,9688,卖盘
1355,13:41:24,6.93,--,2,1386,买盘
1356,13:41:21,6.93,0.01,127,88011,买盘
1357,13:41:18,6.92,--,20,13840,卖盘
1358,13:41:15,6.92,--,143,98956,买盘
1359,13:41:12,6.92,0.01,152,105184,买盘
1360,13:41:09,6.91,-0.01,38,26258,卖盘
1361,13:41:06,6.92,0.01,19,13148,买盘
1362,13:41:03,6.91,--,1,691,卖盘
1363,13:41:00,6.91,--,118,81538,卖盘
1364,13:40:57,6.91,--,2,1382,卖盘
1365,13:40:54,6.91,--,5,3455,卖盘
1366,13:40:51,6.91,-0.01,117,80847,卖盘
1367,13:40:48,6.92,--,28,19376,买盘
1368,13:40:45,6.92,--,23,15916,买盘
1369,13:40:42,6.92,0.01,6,4152,卖盘
1370,13:40:39,6.91,-0.02,20,13820,卖盘
1371,13:40:36,6.93,0.02,58,40194,买盘
1372,13:40:33,6.91,--,68,46988,卖盘
1373,13:40:30,6.91,--,117,80847,卖盘
1374,13:40:27,6.91,-0.02,35,24185,卖盘
1375,13:40:24,6.93,0.02,1104,765072,买盘
1376,13:40:21,6.91,-0.01,27,18657,卖盘
1377,13:40:15,6.92,--,7,4844,卖盘
1378,13:40:12,6.92,0.01,198,137016,买盘
1379,13:40:09,6.91,-0.01,22,15202,卖盘
1380,13:40:06,6.92,0.01,19,13148,买盘
1381,13:40:03,6.91,--,8,5528,卖盘
1382,13:40:00,6.91,--,117,80847,卖盘
1383,13:39:57,6.91,-0.01,1,691,卖盘
1384,13:39:54,6.92,--,3,2076,买盘
1385,13:39:51,6.92,0.01,119,82348,买盘
1386,13:39:45,6.91,-0.01,10,6910,卖盘
1387,13:39:42,6.92,--,96,66432,卖盘
1388,13:39:36,6.92,-0.01,66,45672,卖盘
1389,13:39:33,6.93,0.01,135,93555,买盘
1390,13:39:30,6.92,--,119,82348,卖盘
1391,13:39:27,6.92,--,5,3460,卖盘
1392,13:39:24,6.92,0.01,10,6920,卖盘
1393,13:39:21,6.91,-0.01,121,83611,卖盘
1394,13:39:18,6.92,0.01,6,4152,买盘
1395,13:39:12,6.91,--,149,102959,卖盘
1396,13:39:09,6.91,-0.02,1028,710348,卖盘
1397,13:39:06,6.93,0.01,36,24948,买盘
1398,13:39:00,6.92,--,117,80964,卖盘
1399,13:38:57,6.92,--,20,13840,卖盘
1400,13:38:54,6.92,--,590,408280,卖盘
1401,13:38:51,6.92,0.01,128,88576,卖盘
1402,13:38:45,6.91,--,110,76010,卖盘
1403,13:38:42,6.91,-0.02,130,89830,卖盘
1404,13:38:36,6.93,0.01,58,40194,买盘
1405,13:38:33,6.92,--,87,60204,买盘
1406,13:38:30,6.92,0.01,157,108644,买盘
1407,13:38:21,6.91,--,132,91212,卖盘
1408,13:38:18,6.91,-0.01,194,134054,卖盘
1409,13:38:15,6.92,--,5,3460,卖盘
1410,13:38:12,6.92,--,167,115564,买盘
1411,13:38:09,6.92,-0.01,7,4844,卖盘
1412,13:38:06,6.93,0.01,18,12474,买盘
1413,13:38:03,6.92,--,41,28372,买盘
1414,13:38:00,6.92,--,76,52592,卖盘
1415,13:37:57,6.92,-0.01,21,14532,卖盘
1416,13:37:54,6.93,0.02,100,69300,买盘
1417,13:37:51,6.91,--,120,82920,卖盘
1418,13:37:48,6.91,-0.01,152,105032,卖盘
1419,13:37:45,6.92,--,9,6228,买盘
1420,13:37:42,6.92,--,50,34600,卖盘
1421,13:37:36,6.92,--,9,6228,买盘
1422,13:37:33,6.92,--,5,3460,买盘
1423,13:37:30,6.92,0.01,122,84424,卖盘
1424,13:37:27,6.91,--,500,345500,卖盘
1425,13:37:24,6.91,--,8,5528,卖盘
1426,13:37:21,6.91,-0.02,119,82229,卖盘
1427,13:37:18,6.93,0.02,6,4158,买盘
1428,13:37:12,6.91,--,124,85684,卖盘
1429,13:37:09,6.91,-0.01,75,51825,卖盘
1430,13:37:06,6.92,0.01,123,85116,买盘
1431,13:37:03,6.91,--,10,6910,卖盘
1432,13:37:00,6.91,--,115,79465,卖盘
1433,13:36:57,6.91,--,1,691,卖盘
1434,13:36:51,6.91,-0.01,125,86375,卖盘
1435,13:36:45,6.92,0.01,16,11072,买盘
1436,13:36:42,6.91,--,122,84302,卖盘
1437,13:36:39,6.91,-0.01,2,1382,卖盘
1438,13:36:36,6.92,--,1,692,买盘
1439,13:36:30,6.92,--,68,47056,卖盘
1440,13:36:27,6.92,--,6,4152,卖盘
1441,13:36:24,6.92,--,13,8996,买盘
1442,13:36:21,6.92,--,106,73352,卖盘
1443,13:36:18,6.92,-0.01,13,8996,卖盘
1444,13:36:15,6.93,0.01,9,6237,买盘
1445,13:36:12,6.92,--,235,162620,卖盘
1446,13:36:09,6.92,--,6,4152,卖盘
1447,13:36:06,6.92,0.01,57,39444,买盘
1448,13:36:03,6.91,--,15,10365,卖盘
1449,13:36:00,6.91,--,119,82229,卖盘
1450,13:35:54,6.91,-0.01,9,6219,卖盘
1451,13:35:51,6.92,--,185,128020,买盘
1452,13:35:45,6.92,0.01,2,1384,买盘
1453,13:35:42,6.91,-0.02,26,17966,卖盘
1454,13:35:39,6.93,0.02,1,693,买盘
1455,13:35:33,6.91,-0.02,5,3455,卖盘
1456,13:35:30,6.93,0.01,129,89397,买盘
1457,13:35:27,6.92,--,10,6920,卖盘
1458,13:35:24,6.92,0.01,20,13840,卖盘
1459,13:35:21,6.91,-0.01,150,103650,卖盘
1460,13:35:18,6.92,--,106,73352,买盘
1461,13:35:15,6.92,--,14,9688,买盘
1462,13:35:12,6.92,0.01,117,80964,买盘
1463,13:35:09,6.91,-0.01,51,35241,卖盘
1464,13:35:06,6.92,--,42,29064,买盘
1465,13:35:03,6.92,0.01,1,692,买盘
1466,13:35:00,6.91,--,117,80847,卖盘
1467,13:34:54,6.91,-0.01,9,6219,卖盘
1468,13:34:51,6.92,--,105,72660,卖盘
1469,13:34:48,6.92,--,1,692,卖盘
1470,13:34:45,6.92,0.01,66,45672,买盘
1471,13:34:42,6.91,-0.01,54,37314,卖盘
1472,13:34:39,6.92,--,5,3460,卖盘
1473,13:34:36,6.92,--,176,121792,卖盘
1474,13:34:33,6.92,0.01,8,5536,卖盘
1475,13:34:30,6.91,-0.01,224,154784,卖盘
1476,13:34:27,6.92,0.01,16,11072,买盘
1477,13:34:24,6.91,--,21,14511,卖盘
1478,13:34:21,6.91,-0.01,120,82920,卖盘
1479,13:34:18,6.92,0.01,6,4152,买盘
1480,13:34:15,6.91,--,28,19348,卖盘
1481,13:34:12,6.91,--,119,82229,卖盘
1482,13:34:09,6.91,-0.01,22,15202,卖盘
1483,13:34:06,6.92,0.01,20,13840,买盘
1484,13:34:03,6.91,--,6,4146,卖盘
1485,13:34:00,6.91,--,118,81538,卖盘
1486,13:33:54,6.91,-0.01,2,1382,卖盘
1487,13:33:51,6.92,--,71,49132,卖盘
1488,13:33:45,6.92,--,9,6228,卖盘
1489,13:33:42,6.92,-0.01,156,107952,卖盘
1490,13:33:39,6.93,--,106,73458,买盘
1491,13:33:36,6.93,--,1,693,买盘
1492,13:33:33,6.93,0.02,113,78309,买盘
1493,13:33:30,6.91,--,121,83611,卖盘
1494,13:33:21,6.91,-0.01,122,84302,卖盘
1495,13:33:18,6.92,--,27,18684,卖盘
1496,13:33:12,6.92,--,138,95496,买盘
1497,13:33:09,6.92,--,65,44980,买盘
1498,13:33:06,6.92,--,69,47748,买盘
1499,13:33:03,6.92,--,36,24912,买盘
1500,13:33:00,6.92,0.01,18,12456,卖盘
1501,13:32:57,6.91,--,1,691,卖盘
1502,13:32:54,6.91,--,8,5528,卖盘
1503,13:32:51,6.91,-0.02,115,79465,卖盘
1504,13:32:48,6.93,0.02,113,78309,买盘
1505,13:32:45,6.91,--,13,8983,卖盘
1506,13:32:42,6.91,--,133,91903,卖盘
1507,13:32:39,6.91,-0.02,19,13129,卖盘
1508,13:32:36,6.93,--,12,8316,买盘
1509,13:32:33,6.93,0.02,78,54054,买盘
1510,13:32:30,6.91,-0.02,120,82920,卖盘
1511,13:32:24,6.93,0.02,27,18711,买盘
1512,13:32:21,6.91,-0.02,117,80847,卖盘
1513,13:32:18,6.93,0.02,44,30492,买盘
1514,13:32:15,6.91,-0.01,18,12438,卖盘
1515,13:32:12,6.92,0.01,119,82348,买盘
1516,13:32:09,6.91,-0.01,23,15893,卖盘
1517,13:32:06,6.92,0.01,47,32524,买盘
1518,13:32:03,6.91,--,23,15893,卖盘
1519,13:32:00,6.91,-0.01,175,120925,卖盘
1520,13:31:57,6.92,0.01,100,69200,买盘
1521,13:31:54,6.91,-0.01,28,19348,卖盘
1522,13:31:51,6.92,--,727,503084,卖盘
1523,13:31:48,6.92,--,40,27680,卖盘
1524,13:31:45,6.92,--,91,62972,卖盘
1525,13:31:42,6.92,-0.01,220,152240,卖盘
1526,13:31:39,6.93,--,11,7623,买盘
1527,13:31:33,6.93,0.01,64,44352,买盘
1528,13:31:30,6.92,-0.01,151,104492,卖盘
1529,13:31:27,6.93,0.01,352,243936,买盘
1530,13:31:24,6.92,--,98,67816,卖盘
1531,13:31:21,6.92,-0.01,171,118332,卖盘
1532,13:31:18,6.93,0.01,18,12474,买盘
1533,13:31:12,6.92,--,123,85116,卖盘
1534,13:31:09,6.92,-0.01,52,35984,卖盘
1535,13:31:06,6.93,--,88,60984,买盘
1536,13:31:03,6.93,--,127,88011,买盘
1537,13:31:00,6.93,0.01,136,94248,买盘
1538,13:30:54,6.92,--,22,15224,卖盘
1539,13:30:51,6.92,-0.01,115,79580,卖盘
1540,13:30:45,6.93,--,2,1386,买盘
1541,13:30:42,6.93,0.01,129,89397,买盘
1542,13:30:36,6.92,--,9,6228,卖盘
1543,13:30:33,6.92,0.01,277,191684,买盘
1544,13:30:30,6.91,--,190,131290,卖盘
1545,13:30:24,6.91,-0.01,8,5528,卖盘
1546,13:30:21,6.92,--,149,103108,买盘
1547,13:30:18,6.92,--,21,14532,买盘
1548,13:30:15,6.92,--,126,87192,买盘
1549,13:30:12,6.92,--,599,414508,卖盘
1550,13:30:09,6.92,--,127,87884,卖盘
1551,13:30:00,6.92,-0.01,121,83732,卖盘
1552,13:29:57,6.93,0.01,31,21483,买盘
1553,13:29:54,6.92,--,1,692,卖盘
1554,13:29:51,6.92,-0.01,116,80272,卖盘
1555,13:29:45,6.93,0.01,23,15939,买盘
1556,13:29:42,6.92,--,187,129404,卖盘
1557,13:29:39,6.92,-0.01,1,692,卖盘
1558,13:29:36,6.93,--,2,1386,买盘
1559,13:29:33,6.93,0.01,116,80388,买盘
1560,13:29:30,6.92,-0.01,121,83732,卖盘
1561,13:29:27,6.93,0.01,100,69300,买盘
1562,13:29:24,6.92,-0.01,6,4152,卖盘
1563,13:29:21,6.93,0.01,152,105336,买盘
1564,13:29:18,6.92,--,1,692,卖盘
1565,13:29:15,6.92,-0.01,26,17992,卖盘
1566,13:29:12,6.93,--,135,93555,买盘
1567,13:29:09,6.93,--,35,24255,买盘
1568,13:29:06,6.93,--,30,20790,买盘
1569,13:29:03,6.93,0.01,51,35343,买盘
1570,13:29:00,6.92,--,128,88576,卖盘
1571,13:28:54,6.92,0.01,13,8996,卖盘
1572,13:28:51,6.91,-0.02,171,118161,卖盘
1573,13:28:48,6.93,0.02,11,7623,买盘
1574,13:28:45,6.91,--,7,4837,卖盘
1575,13:28:42,6.91,-0.02,128,88448,卖盘
1576,13:28:36,6.93,0.02,34,23562,买盘
1577,13:28:33,6.91,--,166,114706,卖盘
1578,13:28:30,6.91,-0.01,116,80156,卖盘
1579,13:28:27,6.92,--,4,2768,买盘
1580,13:28:24,6.92,--,17,11764,买盘
1581,13:28:21,6.92,--,15,10380,卖盘
1582,13:28:15,6.92,0.01,19,13148,卖盘
1583,13:28:12,6.91,-0.02,116,80156,卖盘
1584,13:28:09,6.93,0.01,77,53361,买盘
1585,13:28:06,6.92,0.01,19,13148,中性盘
1586,13:28:03,6.91,--,20,13820,卖盘
1587,13:28:00,6.91,--,168,116088,卖盘
1588,13:27:54,6.91,-0.02,8,5528,卖盘
1589,13:27:51,6.93,0.02,127,88011,买盘
1590,13:27:48,6.91,-0.02,74,51134,卖盘
1591,13:27:45,6.93,0.02,241,167013,买盘
1592,13:27:42,6.91,-0.02,20,13820,卖盘
1593,13:27:39,6.93,0.02,37,25641,买盘
1594,13:27:36,6.91,--,4,2764,卖盘
1595,13:27:33,6.91,--,71,49061,卖盘
1596,13:27:30,6.91,-0.02,130,89830,卖盘
1597,13:27:27,6.93,--,3,2079,买盘
1598,13:27:24,6.93,0.02,2,1386,买盘
1599,13:27:21,6.91,--,122,84302,卖盘
1600,13:27:18,6.91,--,154,106414,卖盘
1601,13:27:15,6.91,--,26,17966,卖盘
1602,13:27:12,6.91,--,184,127144,卖盘
1603,13:27:09,6.91,-0.02,22,15202,卖盘
1604,13:27:06,6.93,--,36,24948,买盘
1605,13:27:03,6.93,0.02,56,38808,买盘
1606,13:27:00,6.91,--,118,81538,卖盘
1607,13:26:57,6.91,-0.02,5,3455,卖盘
1608,13:26:54,6.93,0.01,180,124740,买盘
1609,13:26:51,6.92,--,118,81656,买盘
1610,13:26:48,6.92,0.01,25,17300,买盘
1611,13:26:45,6.91,-0.01,32,22112,卖盘
1612,13:26:42,6.92,-0.01,56,38752,卖盘
1613,13:26:36,6.93,--,1,693,买盘
1614,13:26:33,6.93,0.02,76,52668,买盘
1615,13:26:30,6.91,-0.02,166,114706,卖盘
1616,13:26:27,6.93,0.02,2,1386,买盘
1617,13:26:24,6.91,-0.02,8,5528,卖盘
1618,13:26:21,6.93,0.02,133,92169,买盘
1619,13:26:18,6.91,--,2,1382,卖盘
1620,13:26:12,6.91,-0.02,121,83611,卖盘
1621,13:26:09,6.93,--,35,24255,买盘
1622,13:26:06,6.93,--,19,13167,买盘
1623,13:26:03,6.93,0.02,112,77616,买盘
1624,13:26:00,6.91,-0.01,217,149947,卖盘
1625,13:25:57,6.92,0.01,21,14532,买盘
1626,13:25:51,6.91,--,121,83611,卖盘
1627,13:25:48,6.91,-0.01,7,4837,卖盘
1628,13:25:45,6.92,0.01,222,153624,买盘
1629,13:25:42,6.91,--,122,84302,卖盘
1630,13:25:39,6.91,-0.01,2,1382,卖盘
1631,13:25:36,6.92,0.01,12,8304,买盘
1632,13:25:33,6.91,-0.01,127,87757,卖盘
1633,13:25:30,6.92,0.01,225,155700,买盘
1634,13:25:27,6.91,-0.01,8,5528,卖盘
1635,13:25:24,6.92,0.01,20,13840,买盘
1636,13:25:21,6.91,--,118,81538,卖盘
1637,13:25:15,6.91,--,11,7601,卖盘
1638,13:25:12,6.91,--,131,90521,卖盘
1639,13:25:09,6.91,-0.02,22,15202,卖盘
1640,13:25:06,6.93,0.02,42,29106,买盘
1641,13:25:03,6.91,--,188,129908,卖盘
1642,13:25:00,6.91,-0.02,135,93285,卖盘
1643,13:24:57,6.93,--,42,29106,买盘
1644,13:24:54,6.93,0.02,6,4158,买盘
1645,13:24:51,6.91,-0.02,127,88143,卖盘
1646,13:24:48,6.93,0.01,215,148995,买盘
1647,13:24:45,6.92,--,8,5536,卖盘
1648,13:24:42,6.92,--,118,81656,卖盘
1649,13:24:39,6.92,-0.01,14,9688,卖盘
1650,13:24:36,6.93,--,68,47124,买盘
1651,13:24:33,6.93,0.01,59,40887,买盘
1652,13:24:30,6.92,-0.01,119,82348,卖盘
1653,13:24:27,6.93,0.01,17,11781,买盘
1654,13:24:24,6.92,-0.01,8,5536,卖盘
1655,13:24:21,6.93,0.01,218,151074,买盘
1656,13:24:18,6.92,-0.01,1,692,卖盘
1657,13:24:15,6.93,--,19,13167,买盘
1658,13:24:12,6.93,0.01,123,85239,买盘
1659,13:24:09,6.92,-0.01,23,15916,卖盘
1660,13:24:06,6.93,--,20,13860,买盘
1661,13:24:03,6.93,0.01,47,32571,买盘
1662,13:24:00,6.92,--,114,78888,卖盘
1663,13:23:57,6.92,--,1,692,卖盘
1664,13:23:54,6.92,-0.01,80,55664,卖盘
1665,13:23:51,6.93,0.01,172,119196,买盘
1666,13:23:45,6.92,--,20,13840,卖盘
1667,13:23:42,6.92,-0.01,134,92728,卖盘
1668,13:23:36,6.93,0.01,29,20097,买盘
1669,13:23:33,6.92,--,14,9688,卖盘
1670,13:23:30,6.92,-0.01,292,202064,卖盘
1671,13:23:27,6.93,0.01,3,2079,买盘
1672,13:23:24,6.92,--,136,94112,卖盘
1673,13:23:21,6.92,-0.01,119,82348,卖盘
1674,13:23:18,6.93,--,14,9702,买盘
1675,13:23:15,6.93,0.01,66,45738,买盘
1676,13:23:12,6.92,--,116,80272,卖盘
1677,13:23:09,6.92,-0.01,23,15916,卖盘
1678,13:23:06,6.93,--,52,36036,买盘
1679,13:23:03,6.93,0.01,69,47817,买盘
1680,13:23:00,6.92,--,119,82348,卖盘
1681,13:22:57,6.92,-0.01,3,2076,卖盘
1682,13:22:54,6.93,--,17,11781,买盘
1683,13:22:51,6.93,0.01,125,86625,买盘
1684,13:22:48,6.92,-0.01,17,11764,卖盘
1685,13:22:45,6.93,0.01,442,306306,买盘
1686,13:22:42,6.92,--,116,80272,卖盘
1687,13:22:39,6.92,-0.01,19,13148,卖盘
1688,13:22:36,6.93,0.01,105,72765,买盘
1689,13:22:33,6.92,-0.01,22,15224,卖盘
1690,13:22:30,6.93,-0.01,241,167013,卖盘
1691,13:22:27,6.94,0.01,64,44416,买盘
1692,13:22:24,6.93,-0.01,10,6930,卖盘
1693,13:22:21,6.94,0.01,258,179052,买盘
1694,13:22:18,6.93,--,50,34650,买盘
1695,13:22:15,6.93,--,17,11781,买盘
1696,13:22:12,6.93,--,121,83853,买盘
1697,13:22:09,6.93,--,102,70686,买盘
1698,13:22:06,6.93,--,24,16632,买盘
1699,13:22:03,6.93,0.01,29,20097,买盘
1700,13:22:00,6.92,-0.01,127,87884,卖盘
1701,13:21:57,6.93,0.01,14,9702,买盘
1702,13:21:51,6.92,-0.01,123,85116,卖盘
1703,13:21:48,6.93,--,12,8316,买盘
1704,13:21:45,6.93,--,18,12474,买盘
1705,13:21:42,6.93,0.01,215,148995,买盘
1706,13:21:39,6.92,--,2,1384,卖盘
1707,13:21:36,6.92,--,17,11764,卖盘
1708,13:21:33,6.92,-0.01,6,4152,卖盘
1709,13:21:30,6.93,--,147,101871,买盘
1710,13:21:27,6.93,--,66,45738,买盘
1711,13:21:24,6.93,--,95,65835,买盘
1712,13:21:21,6.93,0.01,140,97020,中性盘
1713,13:21:18,6.92,-0.02,102,70584,卖盘
1714,13:21:15,6.94,--,49,34006,买盘
1715,13:21:12,6.94,0.02,130,90220,买盘
1716,13:21:09,6.92,-0.02,22,15224,卖盘
1717,13:21:06,6.94,--,47,32618,买盘
1718,13:21:03,6.94,0.02,24,16656,买盘
1719,13:21:00,6.92,--,136,94112,卖盘
1720,13:20:54,6.92,--,110,76120,卖盘
1721,13:20:51,6.92,-0.02,218,150856,卖盘
1722,13:20:48,6.94,0.02,100,69400,买盘
1723,13:20:45,6.92,-0.01,7,4844,卖盘
1724,13:20:42,6.93,--,105,73451,卖盘
1725,13:20:39,6.93,-0.01,15,10395,卖盘
1726,13:20:36,6.94,0.01,28,19432,买盘
1727,13:20:33,6.93,--,15,10395,卖盘
1728,13:20:30,6.93,-0.01,398,275814,卖盘
1729,13:20:27,6.94,0.01,12,8328,买盘
1730,13:20:24,6.93,--,84,58212,卖盘
1731,13:20:21,6.93,-0.01,116,80388,卖盘
1732,13:20:18,6.94,--,36,24984,买盘
1733,13:20:15,6.94,0.01,21,14574,买盘
1734,13:20:12,6.93,0.01,121,83859,买盘
1735,13:20:09,6.92,-0.01,99,68508,卖盘
1736,13:20:06,6.93,--,30,20790,买盘
1737,13:20:03,6.93,--,105,72765,买盘
1738,13:20:00,6.93,--,127,88011,买盘
1739,13:19:57,6.93,0.01,42,29106,买盘
1740,13:19:54,6.92,--,4,2768,卖盘
1741,13:19:51,6.92,--,119,82348,卖盘
1742,13:19:45,6.92,-0.01,7,4844,卖盘
1743,13:19:42,6.93,-0.01,132,91476,买盘
1744,13:19:39,6.94,0.02,8,5552,买盘
1745,13:19:36,6.92,--,3,2076,卖盘
1746,13:19:33,6.92,--,107,74044,卖盘
1747,13:19:30,6.92,-0.02,224,155008,卖盘
1748,13:19:24,6.94,--,8,5552,买盘
1749,13:19:21,6.94,0.02,133,92302,买盘
1750,13:19:18,6.92,--,69,47748,卖盘
1751,13:19:15,6.92,-0.02,4,2768,卖盘
1752,13:19:12,6.94,--,122,84668,买盘
1753,13:19:09,6.94,0.01,74,51356,买盘
1754,13:19:06,6.93,--,19,13167,买盘
1755,13:19:03,6.93,0.01,5,3465,买盘
1756,13:19:00,6.92,-0.01,117,80964,卖盘
1757,13:18:57,6.93,0.01,13,9009,买盘
1758,13:18:54,6.92,-0.01,6,4152,卖盘
1759,13:18:51,6.93,--,120,83160,买盘
1760,13:18:48,6.93,-0.01,31,21483,中性盘
1761,13:18:45,6.94,0.02,18,12492,买盘
1762,13:18:42,6.92,-0.02,120,83040,卖盘
1763,13:18:39,6.94,0.02,8,5552,买盘
1764,13:18:36,6.92,-0.02,2,1384,卖盘
1765,13:18:33,6.94,0.02,67,46498,买盘
1766,13:18:30,6.92,-0.01,173,119716,卖盘
1767,13:18:27,6.93,0.01,29,20097,买盘
1768,13:18:24,6.92,-0.01,20,13840,卖盘
1769,13:18:21,6.93,0.01,223,154539,买盘
1770,13:18:15,6.92,--,2,1384,卖盘
1771,13:18:12,6.92,-0.01,58,40136,卖盘
1772,13:18:09,6.93,-0.01,23,15939,卖盘
1773,13:18:06,6.94,0.01,23,15962,买盘
1774,13:18:03,6.93,--,189,130977,卖盘
1775,13:18:00,6.93,--,130,90090,卖盘
1776,13:17:57,6.93,--,27,18711,买盘
1777,13:17:54,6.93,--,5,3465,中性盘
1778,13:17:51,6.93,-0.01,120,83160,中性盘
1779,13:17:48,6.94,--,14,9716,买盘
1780,13:17:45,6.94,0.02,52,36088,买盘
1781,13:17:42,6.92,--,123,85116,卖盘
1782,13:17:39,6.92,--,20,13840,卖盘
1783,13:17:36,6.92,--,7,4844,卖盘
1784,13:17:33,6.92,--,23,15916,卖盘
1785,13:17:30,6.92,--,275,190300,卖盘
1786,13:17:27,6.92,-0.02,14,9688,卖盘
1787,13:17:24,6.94,0.02,52,36088,买盘
1788,13:17:21,6.92,--,126,87192,卖盘
1789,13:17:18,6.92,--,15,10380,卖盘
1790,13:17:15,6.92,-0.01,18,12456,卖盘
1791,13:17:12,6.93,0.01,170,117810,买盘
1792,13:17:09,6.92,-0.01,22,15224,卖盘
1793,13:17:06,6.93,--,20,13860,买盘
1794,13:17:03,6.93,0.01,26,18018,买盘
1795,13:17:00,6.92,-0.01,30,20760,卖盘
1796,13:16:54,6.93,-0.01,9,6237,中性盘
1797,13:16:51,6.94,0.02,183,127002,买盘
1798,13:16:48,6.92,--,20,13840,卖盘
1799,13:16:45,6.92,-0.02,49,33908,卖盘
1800,13:16:42,6.94,0.02,161,111734,买盘
1801,13:16:39,6.92,-0.02,1,692,卖盘
1802,13:16:36,6.94,--,100,69400,买盘
1803,13:16:33,6.94,0.02,17,11798,买盘
1804,13:16:30,6.92,-0.01,264,182688,卖盘
1805,13:16:27,6.93,--,69,47817,买盘
1806,13:16:24,6.93,0.01,3,2079,买盘
1807,13:16:21,6.92,--,122,84424,卖盘
1808,13:16:18,6.92,-0.01,24,16608,卖盘
1809,13:16:15,6.93,--,76,52668,买盘
1810,13:16:12,6.93,--,44,30492,卖盘
1811,13:16:09,6.93,--,1,693,卖盘
1812,13:16:06,6.93,--,80,55440,买盘
1813,13:16:03,6.93,--,44,30492,卖盘
1814,13:16:00,6.93,--,119,82467,卖盘
1815,13:15:57,6.93,-0.01,13,9009,卖盘
1816,13:15:54,6.94,0.01,82,56908,买盘
1817,13:15:51,6.93,-0.01,121,83853,卖盘
1818,13:15:48,6.94,0.01,25,17350,买盘
1819,13:15:45,6.93,--,74,51282,买盘
1820,13:15:42,6.93,0.02,429,297297,买盘
1821,13:15:39,6.91,-0.01,2,1382,卖盘
1822,13:15:36,6.92,--,22,15224,买盘
1823,13:15:33,6.92,--,57,39444,卖盘
1824,13:15:30,6.92,-0.01,177,122484,卖盘
1825,13:15:27,6.93,--,6,4158,买盘
1826,13:15:24,6.93,--,9,6237,买盘
1827,13:15:21,6.93,--,171,118503,买盘
1828,13:15:18,6.93,--,96,66528,买盘
1829,13:15:15,6.93,0.01,111,76923,买盘
1830,13:15:12,6.92,-0.01,153,105876,卖盘
1831,13:15:09,6.93,--,35,24255,买盘
1832,13:15:06,6.93,0.01,19,13167,买盘
1833,13:15:00,6.92,--,129,89268,卖盘
1834,13:14:57,6.92,-0.02,14,9688,卖盘
1835,13:14:54,6.94,0.01,136,94384,买盘
1836,13:14:51,6.93,0.01,125,86625,买盘
1837,13:14:48,6.92,--,20,13840,卖盘
1838,13:14:45,6.92,--,409,283028,买盘
1839,13:14:42,6.92,0.01,122,84424,买盘
1840,13:14:39,6.91,-0.01,2,1382,卖盘
1841,13:14:36,6.92,0.01,13,8996,买盘
1842,13:14:30,6.91,--,129,89139,卖盘
1843,13:14:27,6.91,-0.02,152,105032,卖盘
1844,13:14:24,6.93,0.02,72,49896,买盘
1845,13:14:21,6.91,-0.02,100,69763,卖盘
1846,13:14:15,6.93,0.01,46,31878,买盘
1847,13:14:12,6.92,-0.01,116,80272,卖盘
1848,13:14:09,6.93,0.01,89,61704,买盘
1849,13:14:06,6.92,--,26,17992,买盘
1850,13:14:03,6.92,--,119,82348,买盘
1851,13:14:00,6.92,--,20,14179,卖盘
1852,13:13:57,6.92,--,9,6228,卖盘
1853,13:13:54,6.92,-0.01,108,74736,卖盘
1854,13:13:51,6.93,0.01,229,158697,买盘
1855,13:13:48,6.92,--,65,44980,卖盘
1856,13:13:45,6.92,-0.01,86,59864,卖盘
1857,13:13:42,6.93,--,218,151074,买盘
1858,13:13:39,6.93,0.01,26,18018,买盘
1859,13:13:36,6.92,--,3,2076,卖盘
1860,13:13:33,6.92,--,6,4152,卖盘
1861,13:13:30,6.92,-0.01,213,147396,卖盘
1862,13:13:27,6.93,0.01,61,42273,买盘
1863,13:13:24,6.92,-0.01,8,5536,卖盘
1864,13:13:21,6.93,0.01,333,230769,买盘
1865,13:13:18,6.92,-0.01,232,160544,卖盘
1866,13:13:15,6.93,--,37,25641,买盘
1867,13:13:12,6.93,0.01,221,153153,买盘
1868,13:13:09,6.92,-0.01,27,18684,卖盘
1869,13:13:06,6.93,0.01,31,21483,买盘
1870,13:13:03,6.92,--,177,122484,卖盘
1871,13:13:00,6.92,-0.01,117,80964,卖盘
1872,13:12:57,6.93,--,36,24948,买盘
1873,13:12:54,6.93,--,97,67221,买盘
1874,13:12:51,6.93,0.01,244,169092,买盘
1875,13:12:48,6.92,-0.01,26,17992,卖盘
1876,13:12:45,6.93,--,14,9702,买盘
1877,13:12:42,6.93,0.01,177,122661,买盘
1878,13:12:39,6.92,--,18,12456,卖盘
1879,13:12:36,6.92,--,2,1384,卖盘
1880,13:12:33,6.92,--,43,29756,买盘
1881,13:12:30,6.92,--,85,58820,卖盘
1882,13:12:27,6.92,0.01,23,15916,卖盘
1883,13:12:24,6.91,-0.01,67,46297,卖盘
1884,13:12:21,6.92,--,447,309324,买盘
1885,13:12:18,6.92,0.01,8,5536,买盘
1886,13:12:15,6.91,-0.01,5,3455,卖盘
1887,13:12:12,6.92,--,148,102416,买盘
1888,13:12:09,6.92,--,36,24912,买盘
1889,13:12:06,6.92,0.01,27,18684,买盘
1890,13:12:03,6.91,-0.01,8,5528,卖盘
1891,13:12:00,6.92,0.01,190,131480,买盘
1892,13:11:57,6.91,--,47,32477,买盘
1893,13:11:54,6.91,--,6,4146,买盘
1894,13:11:51,6.91,-0.01,67,46297,卖盘
1895,13:11:48,6.92,0.01,61,42212,买盘
1896,13:11:45,6.91,-0.01,41,28331,中性盘
1897,13:11:42,6.92,0.01,316,218672,买盘
1898,13:11:36,6.91,-0.01,16,11056,卖盘
1899,13:11:33,6.92,--,36,24912,买盘
1900,13:11:30,6.92,--,120,83040,买盘
1901,13:11:27,6.92,--,81,56052,买盘
1902,13:11:24,6.92,--,20,13840,买盘
1903,13:11:21,6.92,--,251,173692,买盘
1904,13:11:18,6.92,--,9,6228,买盘
1905,13:11:15,6.92,0.01,135,93420,买盘
1906,13:11:12,6.91,--,111,76915,卖盘
1907,13:11:09,6.91,-0.01,22,15202,卖盘
1908,13:11:06,6.92,--,18,12456,买盘
1909,13:11:03,6.92,0.01,17,11764,买盘
1910,13:11:00,6.91,-0.01,116,80156,卖盘
1911,13:10:54,6.92,--,133,92036,买盘
1912,13:10:51,6.92,0.01,128,88576,买盘
1913,13:10:48,6.91,-0.01,2,1382,卖盘
1914,13:10:45,6.92,--,2,1384,买盘
1915,13:10:42,6.92,--,135,93420,买盘
1916,13:10:39,6.92,0.01,102,70584,买盘
1917,13:10:36,6.91,-0.01,18,12438,卖盘
1918,13:10:33,6.92,0.01,28,19376,买盘
1919,13:10:30,6.91,-0.01,135,93285,卖盘
1920,13:10:27,6.92,--,259,179228,买盘
1921,13:10:24,6.92,0.01,26,17992,买盘
1922,13:10:21,6.91,-0.01,1049,724859,卖盘
1923,13:10:18,6.92,0.01,12,8304,买盘
1924,13:10:15,6.91,-0.01,5,3455,卖盘
1925,13:10:12,6.92,0.01,263,182328,买盘
1926,13:10:09,6.91,-0.01,23,15893,卖盘
1927,13:10:06,6.92,--,30,20760,买盘
1928,13:10:03,6.92,0.01,17,11764,买盘
1929,13:10:00,6.91,-0.01,117,80847,卖盘
1930,13:09:54,6.92,--,12,8304,买盘
1931,13:09:51,6.92,--,54,37388,卖盘
1932,13:09:48,6.92,--,106,74023,买盘
1933,13:09:45,6.92,--,14,9688,买盘
1934,13:09:42,6.92,--,119,82348,买盘
1935,13:09:39,6.92,0.01,10,6920,买盘
1936,13:09:36,6.91,-0.01,19,13129,卖盘
1937,13:09:33,6.92,--,16,11072,买盘
1938,13:09:30,6.92,-0.01,10,6920,中性盘
1939,13:09:24,6.93,0.01,58,40194,买盘
1940,13:09:21,6.92,-0.01,64,44689,卖盘
1941,13:09:18,6.93,0.01,34,23562,买盘
1942,13:09:15,6.92,--,43,29756,卖盘
1943,13:09:12,6.92,0.01,2075,1436190,买盘
1944,13:09:09,6.91,-0.01,22,15202,卖盘
1945,13:09:06,6.92,--,19,13148,买盘
1946,13:09:03,6.92,0.01,8,5536,买盘
1947,13:09:00,6.91,-0.01,128,88448,卖盘
1948,13:08:57,6.92,0.01,100,69200,买盘
1949,13:08:54,6.91,-0.01,38,26258,卖盘
1950,13:08:51,6.92,-0.01,482,333544,卖盘
1951,13:08:48,6.93,--,15,10395,买盘
1952,13:08:45,6.93,0.02,2,1386,买盘
1953,13:08:42,6.91,--,117,80847,卖盘
1954,13:08:39,6.91,-0.02,1,691,卖盘
1955,13:08:36,6.93,0.02,13,9009,买盘
1956,13:08:33,6.91,--,20,13820,卖盘
1957,13:08:30,6.91,-0.02,116,80156,卖盘
1958,13:08:27,6.93,0.02,72,49896,买盘
1959,13:08:24,6.91,-0.01,4,2764,卖盘
1960,13:08:21,6.92,--,86,59512,卖盘
1961,13:08:18,6.92,--,103,71276,卖盘
1962,13:08:15,6.92,--,24,16608,卖盘
1963,13:08:12,6.92,0.01,121,83732,中性盘
1964,13:08:09,6.91,-0.02,180,124877,卖盘
1965,13:08:06,6.93,--,19,13167,买盘
1966,13:08:03,6.93,0.02,116,80388,买盘
1967,13:08:00,6.91,--,118,81538,卖盘
1968,13:07:54,6.91,-0.01,3,2073,卖盘
1969,13:07:51,6.92,0.01,130,89960,买盘
1970,13:07:48,6.91,--,14,10288,卖盘
1971,13:07:45,6.91,--,6,4146,卖盘
1972,13:07:42,6.91,--,198,136818,卖盘
1973,13:07:36,6.91,--,7,4837,卖盘
1974,13:07:33,6.91,--,28,19348,卖盘
1975,13:07:30,6.91,-0.01,247,170677,卖盘
1976,13:07:24,6.92,--,60,41520,买盘
1977,13:07:21,6.92,-0.01,11,7612,卖盘
1978,13:07:18,6.93,0.02,12,8316,买盘
1979,13:07:15,6.91,-0.01,103,71173,卖盘
1980,13:07:12,6.92,0.01,120,83040,买盘
1981,13:07:09,6.91,-0.01,31,21421,卖盘
1982,13:07:06,6.92,0.01,40,27680,买盘
1983,13:07:03,6.91,-0.01,21,14511,卖盘
1984,13:07:00,6.92,-0.01,25,17957,卖盘
1985,13:06:57,6.93,0.01,16,11088,买盘
1986,13:06:54,6.92,--,140,96914,买盘
1987,13:06:51,6.92,0.01,144,99648,买盘
1988,13:06:48,6.91,--,20,13820,卖盘
1989,13:06:45,6.91,-0.01,15,10365,卖盘
1990,13:06:42,6.92,--,18,12456,卖盘
1991,13:06:39,6.92,--,1,692,卖盘
1992,13:06:36,6.92,-0.01,6,4152,卖盘
1993,13:06:33,6.93,0.02,14,9702,买盘
1994,13:06:30,6.91,--,121,83611,卖盘
1995,13:06:27,6.91,-0.02,6,4146,卖盘
1996,13:06:24,6.93,0.02,178,123354,买盘
1997,13:06:21,6.91,-0.01,60,41460,卖盘
1998,13:06:18,6.92,--,39,26988,卖盘
1999,13:06:15,6.92,0.01,11,8027,买盘
2000,13:06:12,6.91,--,120,82920,卖盘
2001,13:06:09,6.91,--,41,28331,买盘
2002,13:06:06,6.91,0.01,38,26258,买盘
2003,13:06:03,6.9,--,15,10350,卖盘
2004,13:06:00,6.9,-0.01,131,90390,卖盘
2005,13:05:57,6.91,0.01,12,8292,买盘
2006,13:05:54,6.9,--,7,4830,卖盘
2007,13:05:51,6.9,-0.01,120,82800,卖盘
2008,13:05:48,6.91,0.01,14,9674,买盘
2009,13:05:45,6.9,-0.01,3,2070,卖盘
2010,13:05:42,6.91,--,38,26258,卖盘
2011,13:05:39,6.91,-0.02,16,11056,卖盘
2012,13:05:36,6.93,0.02,106,73458,买盘
2013,13:05:33,6.91,--,9,6219,买盘
2014,13:05:30,6.91,--,55,38005,卖盘
2015,13:05:27,6.91,0.01,21,14511,卖盘
2016,13:05:24,6.9,-0.01,62,42780,卖盘
2017,13:05:21,6.91,--,132,91212,买盘
2018,13:05:18,6.91,--,86,59426,买盘
2019,13:05:15,6.91,--,11,7601,买盘
2020,13:05:12,6.91,--,7,4837,卖盘
2021,13:05:06,6.91,0.01,29,20039,买盘
2022,13:05:03,6.9,--,4,2760,卖盘
2023,13:05:00,6.9,--,121,83490,卖盘
2024,13:04:57,6.9,--,2,1380,卖盘
2025,13:04:54,6.9,-0.01,14,9660,卖盘
2026,13:04:51,6.91,--,112,77392,卖盘
2027,13:04:48,6.91,0.01,15,10365,卖盘
2028,13:04:45,6.9,-0.01,106,73140,卖盘
2029,13:04:42,6.91,0.01,142,98122,买盘
2030,13:04:39,6.9,--,34,23460,卖盘
2031,13:04:36,6.9,--,66,45540,卖盘
2032,13:04:33,6.9,-0.01,13,8970,卖盘
2033,13:04:30,6.91,--,61,42151,卖盘
2034,13:04:27,6.91,0.01,3,2073,卖盘
2035,13:04:24,6.9,--,6,4140,卖盘
2036,13:04:21,6.9,-0.01,192,132480,卖盘
2037,13:04:18,6.91,--,17,11747,买盘
2038,13:04:15,6.91,0.01,5,3455,买盘
2039,13:04:12,6.9,-0.01,76,52440,卖盘
2040,13:04:09,6.91,-0.02,39,26949,中性盘
2041,13:04:06,6.93,0.03,21,14553,买盘
2042,13:04:03,6.9,--,74,51060,卖盘
2043,13:04:00,6.9,--,125,86250,卖盘
2044,13:03:57,6.9,--,234,161460,卖盘
2045,13:03:54,6.9,-0.01,124,85560,卖盘
2046,13:03:51,6.91,--,107,73937,卖盘
2047,13:03:48,6.91,-0.01,8,5528,卖盘
2048,13:03:45,6.92,0.01,13,8996,买盘
2049,13:03:42,6.91,--,22,15202,卖盘
2050,13:03:39,6.91,--,1,691,卖盘
2051,13:03:36,6.91,--,16,11056,卖盘
2052,13:03:33,6.91,--,99,68409,买盘
2053,13:03:30,6.91,--,22,15202,卖盘
2054,13:03:27,6.91,--,1,691,中性盘
2055,13:03:24,6.91,0.01,20,13820,中性盘
2056,13:03:21,6.9,-0.02,181,124890,卖盘
2057,13:03:18,6.92,0.01,9,6228,买盘
2058,13:03:15,6.91,--,15,10365,买盘
2059,13:03:12,6.91,--,102,70482,卖盘
2060,13:03:09,6.91,--,24,16584,卖盘
2061,13:03:06,6.91,--,31,21421,卖盘
2062,13:03:03,6.91,-0.02,1,691,卖盘
2063,13:03:00,6.93,0.02,230,159390,买盘
2064,13:02:57,6.91,--,3,2073,卖盘
2065,13:02:54,6.91,--,7,4837,卖盘
2066,13:02:51,6.91,--,128,88448,卖盘
2067,13:02:48,6.91,--,5,3455,卖盘
2068,13:02:45,6.91,--,3,2073,卖盘
2069,13:02:42,6.91,-0.02,119,82229,卖盘
2070,13:02:39,6.93,--,30,20790,买盘
2071,13:02:36,6.93,0.02,3,2079,买盘
2072,13:02:33,6.91,--,5,3455,卖盘
2073,13:02:30,6.91,-0.02,120,82920,卖盘
2074,13:02:27,6.93,0.02,12,8316,买盘
2075,13:02:24,6.91,--,28,19348,卖盘
2076,13:02:21,6.91,-0.02,179,123689,卖盘
2077,13:02:18,6.93,--,21,14553,买盘
2078,13:02:15,6.93,0.02,5,3465,买盘
2079,13:02:12,6.91,--,115,79465,卖盘
2080,13:02:09,6.91,-0.01,124,85684,卖盘
2081,13:02:06,6.92,0.01,32,22144,买盘
2082,13:02:03,6.91,--,1,691,卖盘
2083,13:02:00,6.91,--,124,85684,卖盘
2084,13:01:57,6.91,-0.01,2,1382,卖盘
2085,13:01:54,6.92,0.01,18,12456,买盘
2086,13:01:51,6.91,--,117,80847,卖盘
2087,13:01:48,6.91,--,5,3455,卖盘
2088,13:01:45,6.91,-0.01,3,2073,卖盘
2089,13:01:42,6.92,0.01,132,91344,买盘
2090,13:01:39,6.91,--,2,1382,卖盘
2091,13:01:36,6.91,--,2,1382,卖盘
2092,13:01:33,6.91,-0.01,291,201081,卖盘
2093,13:01:30,6.92,-0.01,29,20068,卖盘
2094,13:01:27,6.93,0.02,3,2079,买盘
2095,13:01:24,6.91,-0.02,21,14511,卖盘
2096,13:01:21,6.93,0.02,194,134442,买盘
2097,13:01:18,6.91,-0.01,102,70482,卖盘
2098,13:01:15,6.92,--,9,6228,买盘
2099,13:01:12,6.92,-0.01,15,10380,卖盘
2100,13:01:09,6.93,0.01,13,9009,买盘
2101,13:01:06,6.92,0.01,3,2076,买盘
2102,13:01:03,6.91,--,5,3455,卖盘
2103,13:01:00,6.91,--,131,90521,卖盘
2104,13:00:57,6.91,--,98,67718,卖盘
2105,13:00:54,6.91,--,8,5528,卖盘
2106,13:00:51,6.91,--,118,81538,卖盘
2107,13:00:48,6.91,--,115,79465,卖盘
2108,13:00:45,6.91,-0.01,3,2073,卖盘
2109,13:00:42,6.92,--,16,11072,卖盘
2110,13:00:39,6.92,--,39,26988,买盘
2111,13:00:36,6.92,0.01,41,28372,买盘
2112,13:00:33,6.91,--,3,2073,卖盘
2113,13:00:30,6.91,-0.01,118,81538,卖盘
2114,13:00:27,6.92,0.01,15,10380,买盘
2115,13:00:24,6.91,--,57,39387,卖盘
2116,13:00:21,6.91,--,120,82920,卖盘
2117,13:00:18,6.91,--,2,1382,卖盘
2118,13:00:15,6.91,--,11,7601,卖盘
2119,13:00:12,6.91,-0.02,18,12438,卖盘
2120,13:00:09,6.93,--,351,243243,买盘
2121,13:00:06,6.93,--,903,625779,买盘
2122,13:00:03,6.93,--,2539,1759527,买盘
2123,13:00:00,6.93,0.01,4,2772,买盘
2124,11:30:00,6.92,--,131,90652,买盘
2125,11:29:57,6.92,--,20,13840,买盘
2126,11:29:54,6.92,--,61,42212,买盘
2127,11:29:51,6.92,-0.01,28,19376,卖盘
2128,11:29:48,6.93,--,3,2079,买盘
2129,11:29:42,6.93,--,15,10395,买盘
2130,11:29:39,6.93,0.02,119,82467,买盘
2131,11:29:36,6.91,--,24,16584,卖盘
2132,11:29:33,6.91,--,6,4146,卖盘
2133,11:29:30,6.91,--,138,95358,卖盘
2134,11:29:24,6.91,-0.02,28,19348,卖盘
2135,11:29:21,6.93,--,216,149688,买盘
2136,11:29:18,6.93,--,13,9009,买盘
2137,11:29:15,6.93,0.02,19,13167,买盘
2138,11:29:12,6.91,--,6,4146,卖盘
2139,11:29:09,6.91,--,126,87066,卖盘
2140,11:29:00,6.91,-0.02,117,80847,卖盘
2141,11:28:57,6.93,--,12,8316,买盘
2142,11:28:54,6.93,--,109,75537,买盘
2143,11:28:51,6.93,--,119,82467,买盘
2144,11:28:48,6.93,0.02,1,693,买盘
2145,11:28:45,6.91,-0.02,42,29022,卖盘
2146,11:28:42,6.93,--,8,5544,买盘
2147,11:28:39,6.93,0.01,141,97713,买盘
2148,11:28:36,6.92,-0.01,23,15916,卖盘
2149,11:28:33,6.93,0.02,54,37422,买盘
2150,11:28:30,6.91,-0.02,213,147183,卖盘
2151,11:28:24,6.93,0.01,11,7623,买盘
2152,11:28:21,6.92,-0.01,109,75428,卖盘
2153,11:28:18,6.93,--,30,20790,买盘
2154,11:28:15,6.93,--,23,15939,买盘
2155,11:28:12,6.93,0.02,11,7623,买盘
2156,11:28:09,6.91,-0.02,116,80156,卖盘
2157,11:28:00,6.93,--,129,89397,买盘
2158,11:27:54,6.93,0.02,58,40194,买盘
2159,11:27:51,6.91,-0.01,133,91903,卖盘
2160,11:27:48,6.92,-0.01,69,47748,卖盘
2161,11:27:42,6.93,0.01,100,69300,买盘
2162,11:27:39,6.92,--,51,35292,卖盘
2163,11:27:36,6.92,0.01,55,38060,买盘
2164,11:27:33,6.91,-0.01,2,1382,卖盘
2165,11:27:30,6.92,-0.01,83,57436,卖盘
2166,11:27:27,6.93,--,12,8316,买盘
2167,11:27:24,6.93,0.01,4,2772,买盘
2168,11:27:21,6.92,--,125,86500,卖盘
2169,11:27:18,6.92,--,29,20068,买盘
2170,11:27:15,6.92,--,282,195144,买盘
2171,11:27:09,6.92,-0.02,50,34600,卖盘
2172,11:27:06,6.94,--,4,2776,买盘
2173,11:27:03,6.94,0.03,9,6246,买盘
2174,11:27:00,6.91,--,119,82229,卖盘
2175,11:26:54,6.91,-0.03,144,99504,卖盘
2176,11:26:51,6.94,0.01,204,141576,买盘
2177,11:26:48,6.93,--,55,38115,买盘
2178,11:26:45,6.93,0.01,200,138600,买盘
2179,11:26:42,6.92,0.01,20,13840,买盘
2180,11:26:39,6.91,--,114,78774,卖盘
2181,11:26:36,6.91,-0.01,32,22112,卖盘
2182,11:26:33,6.92,-0.01,641,444236,卖盘
2183,11:26:30,6.93,--,128,88704,买盘
2184,11:26:27,6.93,--,2,1386,买盘
2185,11:26:21,6.93,--,133,92169,买盘
2186,11:26:15,6.93,0.01,19,13167,买盘
2187,11:26:12,6.92,-0.01,6,4152,卖盘
2188,11:26:09,6.93,-0.01,227,157311,买盘
2189,11:26:06,6.94,0.02,64,44416,买盘
2190,11:26:03,6.92,-0.01,7,4844,卖盘
2191,11:26:00,6.93,-0.01,119,82467,中性盘
2192,11:25:57,6.94,0.02,70,48580,买盘
2193,11:25:54,6.92,--,5,3460,卖盘
2194,11:25:51,6.92,-0.01,115,79580,卖盘
2195,11:25:48,6.93,--,12,8316,买盘
2196,11:25:45,6.93,--,6,4158,买盘
2197,11:25:42,6.93,--,22,15246,买盘
2198,11:25:39,6.93,0.01,134,92862,买盘
2199,11:25:36,6.92,--,43,29756,卖盘
2200,11:25:33,6.92,--,78,53976,卖盘
2201,11:25:30,6.92,--,122,84424,卖盘
2202,11:25:27,6.92,-0.02,480,332160,卖盘
2203,11:25:24,6.94,0.02,12,8328,买盘
2204,11:25:21,6.92,--,114,78888,卖盘
2205,11:25:18,6.92,--,21,14532,卖盘
2206,11:25:15,6.92,-0.01,25,17300,卖盘
2207,11:25:12,6.93,--,70,48510,买盘
2208,11:25:09,6.93,--,215,148995,买盘
2209,11:25:03,6.93,--,12,8316,买盘
2210,11:25:00,6.93,--,2,1386,卖盘
2211,11:24:57,6.93,--,35,24255,卖盘
2212,11:24:54,6.93,-0.01,26,18018,卖盘
2213,11:24:51,6.94,0.01,126,87444,买盘
2214,11:24:48,6.93,0.01,51,35343,买盘
2215,11:24:45,6.92,-0.01,63,43596,卖盘
2216,11:24:42,6.93,--,9,6237,买盘
2217,11:24:39,6.93,0.01,133,92169,买盘
2218,11:24:36,6.92,--,323,223516,卖盘
2219,11:24:30,6.92,-0.01,149,103108,卖盘
2220,11:24:27,6.93,0.01,100,69300,买盘
2221,11:24:21,6.92,-0.01,121,83732,卖盘
2222,11:24:18,6.93,--,13,9009,买盘
2223,11:24:15,6.93,0.01,38,26334,买盘
2224,11:24:12,6.92,--,20,13840,卖盘
2225,11:24:09,6.92,-0.01,196,135632,卖盘
2226,11:24:06,6.93,0.01,12,8316,买盘
2227,11:24:00,6.92,-0.01,117,80964,卖盘
2228,11:23:57,6.93,--,44,30492,买盘
2229,11:23:54,6.93,0.01,10,6930,买盘
2230,11:23:51,6.92,-0.01,115,79580,卖盘
2231,11:23:48,6.93,--,1,693,买盘
2232,11:23:45,6.93,--,17,11781,买盘
2233,11:23:42,6.93,--,2,1386,买盘
2234,11:23:39,6.93,--,183,126819,买盘
2235,11:23:36,6.93,--,3,2079,买盘
2236,11:23:33,6.93,0.01,11,7623,买盘
2237,11:23:30,6.92,-0.01,126,87192,卖盘
2238,11:23:27,6.93,0.01,10,6930,买盘
2239,11:23:24,6.92,--,18,12456,卖盘
2240,11:23:21,6.92,--,214,148088,卖盘
2241,11:23:15,6.92,0.01,44,30475,买盘
2242,11:23:12,6.91,--,15,10365,卖盘
2243,11:23:09,6.91,-0.01,116,80156,卖盘
2244,11:23:06,6.92,--,10,6920,买盘
2245,11:23:00,6.92,--,49,34572,卖盘
2246,11:22:54,6.92,--,14,9715,买盘
2247,11:22:51,6.92,-0.01,101,70556,卖盘
2248,11:22:48,6.93,0.01,13,9009,买盘
2249,11:22:45,6.92,-0.01,7,4844,卖盘
2250,11:22:42,6.93,--,60,41580,买盘
2251,11:22:39,6.93,0.01,158,109494,买盘
2252,11:22:36,6.92,--,123,85116,卖盘
2253,11:22:30,6.92,--,164,113515,买盘
2254,11:22:27,6.92,--,18,12456,买盘
2255,11:22:24,6.92,--,12,8304,买盘
2256,11:22:21,6.92,--,44,31112,卖盘
2257,11:22:18,6.92,-0.01,78,53976,卖盘
2258,11:22:15,6.93,0.01,41,28413,买盘
2259,11:22:09,6.92,-0.01,151,104768,卖盘
2260,11:22:06,6.93,--,13,9009,买盘
2261,11:22:00,6.93,0.01,139,96327,买盘
2262,11:21:57,6.92,-0.01,1621,1122174,卖盘
2263,11:21:54,6.93,0.01,10,6930,买盘
2264,11:21:51,6.92,-0.01,115,79580,卖盘
2265,11:21:48,6.93,0.01,2,1386,买盘
2266,11:21:45,6.92,-0.01,1,692,卖盘
2267,11:21:42,6.93,0.01,183,126819,买盘
2268,11:21:39,6.92,--,119,82348,卖盘
2269,11:21:36,6.92,-0.01,24,16608,卖盘
2270,11:21:33,6.93,0.01,11,7623,买盘
2271,11:21:30,6.92,-0.01,118,81656,卖盘
2272,11:21:27,6.93,--,36,24948,买盘
2273,11:21:21,6.93,0.01,127,88011,买盘
2274,11:21:18,6.92,-0.01,23,15916,卖盘
2275,11:21:15,6.93,0.01,29,20097,买盘
2276,11:21:09,6.92,--,125,86500,卖盘
2277,11:21:03,6.92,-0.01,6,4152,卖盘
2278,11:21:00,6.93,--,418,289674,买盘
2279,11:20:57,6.93,0.01,13,9009,买盘
2280,11:20:51,6.92,-0.01,114,78888,卖盘
2281,11:20:48,6.93,--,50,34650,买盘
2282,11:20:45,6.93,--,285,197505,卖盘
2283,11:20:42,6.93,0.01,209,144837,买盘
2284,11:20:39,6.92,--,115,79580,卖盘
2285,11:20:36,6.92,--,36,24912,卖盘
2286,11:20:33,6.92,--,5,3460,卖盘
2287,11:20:30,6.92,-0.01,117,80964,卖盘
2288,11:20:27,6.93,--,11,7623,买盘
2289,11:20:24,6.93,0.01,42,29106,买盘
2290,11:20:21,6.92,-0.01,117,80964,卖盘
2291,11:20:18,6.93,0.01,56,38808,买盘
2292,11:20:15,6.92,-0.01,6,4152,卖盘
2293,11:20:12,6.93,0.01,12,8316,买盘
2294,11:20:09,6.92,--,114,78888,卖盘
2295,11:20:06,6.92,-0.01,1,692,卖盘
2296,11:20:03,6.93,--,19,13167,买盘
2297,11:20:00,6.93,--,15,10395,卖盘
2298,11:19:57,6.93,-0.01,5,3465,卖盘
2299,11:19:54,6.94,--,166,115204,买盘
2300,11:19:51,6.94,--,128,88832,买盘
2301,11:19:48,6.94,--,4,2776,买盘
2302,11:19:45,6.94,0.01,102,70788,买盘
2303,11:19:42,6.93,--,17,11781,买盘
2304,11:19:39,6.93,0.01,128,88704,买盘
2305,11:19:36,6.92,--,24,16608,卖盘
2306,11:19:33,6.92,--,6,4152,卖盘
2307,11:19:30,6.92,-0.01,77,53284,卖盘
2308,11:19:21,6.93,--,123,85239,卖盘
2309,11:19:18,6.93,-0.01,32,22176,中性盘
2310,11:19:15,6.94,0.02,20,13880,买盘
2311,11:19:12,6.92,--,1,692,卖盘
2312,11:19:09,6.92,-0.02,114,78888,卖盘
2313,11:19:06,6.94,0.02,12,8328,买盘
2314,11:19:03,6.92,--,5,3460,卖盘
2315,11:19:00,6.92,-0.02,118,81656,卖盘
2316,11:18:57,6.94,--,12,8328,买盘
2317,11:18:54,6.94,0.01,114,79116,买盘
2318,11:18:51,6.93,-0.01,79,54996,卖盘
2319,11:18:48,6.94,0.01,31,21514,买盘
2320,11:18:45,6.93,-0.01,13,9009,卖盘
2321,11:18:42,6.94,0.01,2,1388,买盘
2322,11:18:39,6.93,--,122,84546,卖盘
2323,11:18:36,6.93,-0.01,22,15246,卖盘
2324,11:18:33,6.94,0.02,116,80948,买盘
2325,11:18:30,6.92,-0.01,117,80964,卖盘
2326,11:18:27,6.93,--,74,51282,买盘
2327,11:18:24,6.93,--,3,2079,买盘
2328,11:18:21,6.93,--,136,94248,买盘
2329,11:18:18,6.93,-0.01,688,477061,卖盘
2330,11:18:15,6.94,--,19,13186,买盘
2331,11:18:12,6.94,0.01,12,8328,买盘
2332,11:18:09,6.93,-0.01,119,82467,卖盘
2333,11:18:06,6.94,0.01,51,35394,买盘
2334,11:18:03,6.93,-0.01,7,4851,卖盘
2335,11:18:00,6.94,0.01,239,165866,买盘
2336,11:17:51,6.93,-0.01,122,84546,卖盘
2337,11:17:48,6.94,0.01,13,9022,买盘
2338,11:17:45,6.93,-0.01,2,1386,卖盘
2339,11:17:42,6.94,0.01,135,93690,买盘
2340,11:17:39,6.93,--,127,88011,卖盘
2341,11:17:36,6.93,--,24,16632,卖盘
2342,11:17:33,6.93,--,5,3465,卖盘
2343,11:17:30,6.93,-0.02,111,76923,卖盘
2344,11:17:27,6.95,0.01,11,7645,买盘
2345,11:17:24,6.94,--,59,40946,卖盘
2346,11:17:21,6.94,--,114,79116,卖盘
2347,11:17:18,6.94,--,3,2082,卖盘
2348,11:17:15,6.94,--,16,11104,买盘
2349,11:17:12,6.94,--,100,69400,买盘
2350,11:17:09,6.94,--,4,2776,卖盘
2351,11:17:06,6.94,--,22,15268,买盘
2352,11:17:03,6.94,--,20,13880,买盘
2353,11:17:00,6.94,--,85,58990,卖盘
2354,11:16:57,6.94,-0.01,10,6940,卖盘
2355,11:16:54,6.95,0.01,12,8340,买盘
2356,11:16:51,6.94,-0.01,146,101324,卖盘
2357,11:16:48,6.95,--,1,695,买盘
2358,11:16:45,6.95,--,48,33360,买盘
2359,11:16:42,6.95,0.01,18,12510,买盘
2360,11:16:39,6.94,--,115,79810,卖盘
2361,11:16:36,6.94,--,63,43722,卖盘
2362,11:16:33,6.94,-0.01,6,4164,卖盘
2363,11:16:30,6.95,0.01,164,113980,买盘
2364,11:16:27,6.94,--,1,694,卖盘
2365,11:16:24,6.94,--,109,75646,卖盘
2366,11:16:21,6.94,--,129,89526,卖盘
2367,11:16:18,6.94,-0.01,32,22208,卖盘
2368,11:16:15,6.95,0.01,120,83400,买盘
2369,11:16:12,6.94,--,6,4164,卖盘
2370,11:16:09,6.94,--,136,94384,卖盘
2371,11:16:06,6.94,--,14,9716,卖盘
2372,11:16:03,6.94,--,18,12492,卖盘
2373,11:16:00,6.94,-0.01,114,79116,卖盘
2374,11:15:57,6.95,0.01,16,11120,买盘
2375,11:15:54,6.94,--,12,8328,卖盘
2376,11:15:51,6.94,-0.01,130,90220,卖盘
2377,11:15:48,6.95,0.01,33,22935,买盘
2378,11:15:45,6.94,--,4,2776,卖盘
2379,11:15:42,6.94,--,5,3470,卖盘
2380,11:15:39,6.94,--,114,79116,卖盘
2381,11:15:36,6.94,--,35,24290,卖盘
2382,11:15:33,6.94,--,394,273436,买盘
2383,11:15:30,6.94,0.01,186,129084,买盘
2384,11:15:27,6.93,-0.01,2,1386,卖盘
2385,11:15:24,6.94,0.01,31,21514,买盘
2386,11:15:21,6.93,--,114,79002,卖盘
2387,11:15:18,6.93,-0.01,11,7623,卖盘
2388,11:15:15,6.94,0.01,32,22208,买盘
2389,11:15:12,6.93,--,64,44352,卖盘
2390,11:15:09,6.93,--,261,180873,卖盘
2391,11:15:06,6.93,-0.01,10,6930,卖盘
2392,11:15:03,6.94,0.01,14,9716,买盘
2393,11:15:00,6.93,-0.01,138,95634,卖盘
2394,11:14:57,6.94,--,180,124920,买盘
2395,11:14:54,6.94,--,22,15268,买盘
2396,11:14:51,6.94,--,125,86750,买盘
2397,11:14:48,6.94,0.01,6,4164,买盘
2398,11:14:45,6.93,--,7,4851,卖盘
2399,11:14:42,6.93,-0.01,27,18711,卖盘
2400,11:14:39,6.94,0.01,228,158232,买盘
2401,11:14:36,6.93,--,33,22869,卖盘
2402,11:14:33,6.93,--,16,11088,卖盘
2403,11:14:30,6.93,-0.01,130,90090,卖盘
2404,11:14:24,6.94,--,2,1388,买盘
2405,11:14:21,6.94,--,116,80504,买盘
2406,11:14:18,6.94,--,36,24984,买盘
2407,11:14:15,6.94,0.01,20,13880,买盘
2408,11:14:12,6.93,--,1,693,卖盘
2409,11:14:09,6.93,-0.01,167,116146,卖盘
2410,11:14:06,6.94,--,11,7634,买盘
2411,11:14:03,6.94,0.01,55,38170,买盘
2412,11:14:00,6.93,--,423,293139,卖盘
2413,11:13:57,6.93,-0.01,700,485100,卖盘
2414,11:13:54,6.94,--,20,13880,买盘
2415,11:13:51,6.94,--,215,149210,买盘
2416,11:13:48,6.94,--,41,28454,买盘
2417,11:13:45,6.94,--,13,9022,买盘
2418,11:13:42,6.94,0.01,3,2082,买盘
2419,11:13:39,6.93,-0.01,115,79695,卖盘
2420,11:13:36,6.94,--,1,694,买盘
2421,11:13:33,6.94,0.01,62,43028,买盘
2422,11:13:30,6.93,-0.01,117,81081,卖盘
2423,11:13:27,6.94,0.01,26,18044,买盘
2424,11:13:24,6.93,-0.02,31,21483,卖盘
2425,11:13:21,6.95,0.01,1112,772840,买盘
2426,11:13:18,6.94,-0.01,16,11104,卖盘
2427,11:13:15,6.95,--,382,265490,买盘
2428,11:13:12,6.95,0.01,820,569900,买盘
2429,11:13:09,6.94,--,120,83280,卖盘
2430,11:13:06,6.94,-0.01,19,13186,卖盘
2431,11:13:00,6.95,--,158,109810,买盘
2432,11:12:57,6.95,--,101,70195,买盘
2433,11:12:54,6.95,--,17,11815,买盘
2434,11:12:51,6.95,--,116,80620,买盘
2435,11:12:48,6.95,0.01,13,9035,买盘
2436,11:12:45,6.94,-0.01,1,694,卖盘
2437,11:12:42,6.95,0.01,8,5560,买盘
2438,11:12:39,6.94,-0.01,154,106876,卖盘
2439,11:12:36,6.95,0.01,140,97300,买盘
2440,11:12:33,6.94,--,10,6940,卖盘
2441,11:12:30,6.94,-0.01,125,86750,卖盘
2442,11:12:27,6.95,0.01,717,498315,买盘
2443,11:12:21,6.94,-0.01,139,96466,卖盘
2444,11:12:18,6.95,--,188,130660,买盘
2445,11:12:15,6.95,0.01,30,20850,买盘
2446,11:12:12,6.94,--,100,69400,卖盘
2447,11:12:09,6.94,-0.01,120,83280,卖盘
2448,11:12:06,6.95,--,130,90350,买盘
2449,11:12:03,6.95,--,21,14595,买盘
2450,11:12:00,6.95,--,114,79230,买盘
2451,11:11:57,6.95,--,21,14595,买盘
2452,11:11:54,6.95,--,96,66720,买盘
2453,11:11:51,6.95,--,153,106335,买盘
2454,11:11:48,6.95,--,538,373910,买盘
2455,11:11:45,6.95,--,325,225875,买盘
2456,11:11:42,6.95,--,107,74365,买盘
2457,11:11:39,6.95,-0.01,2146,1492026,卖盘
2458,11:11:36,6.96,0.01,11,7656,买盘
2459,11:11:33,6.95,-0.01,15,10425,卖盘
2460,11:11:30,6.96,--,128,89088,买盘
2461,11:11:27,6.96,0.01,12,8352,买盘
2462,11:11:24,6.95,--,507,352365,卖盘
2463,11:11:21,6.95,-0.01,350,243250,卖盘
2464,11:11:15,6.96,--,39,27144,买盘
2465,11:11:12,6.96,0.01,111,77256,买盘
2466,11:11:09,6.95,-0.01,158,109810,卖盘
2467,11:11:06,6.96,0.01,25,17400,买盘
2468,11:11:03,6.95,--,5,3475,卖盘
2469,11:11:00,6.95,-0.01,126,87570,卖盘
2470,11:10:57,6.96,0.01,12,8352,买盘
2471,11:10:51,6.95,--,148,102860,卖盘
2472,11:10:48,6.95,--,22,15290,卖盘
2473,11:10:45,6.95,-0.01,62,43090,卖盘
2474,11:10:42,6.96,0.01,39,27144,买盘
2475,11:10:39,6.95,-0.01,115,79925,卖盘
2476,11:10:36,6.96,0.01,22,15312,买盘
2477,11:10:33,6.95,--,105,72975,卖盘
2478,11:10:30,6.95,--,116,80620,卖盘
2479,11:10:27,6.95,-0.01,7,4865,卖盘
2480,11:10:24,6.96,--,115,80040,买盘
2481,11:10:21,6.96,0.01,321,223416,买盘
2482,11:10:18,6.95,-0.01,68,47260,卖盘
2483,11:10:15,6.96,0.01,132,91872,买盘
2484,11:10:09,6.95,--,117,81315,卖盘
2485,11:10:06,6.95,-0.01,10,6950,卖盘
2486,11:10:03,6.96,0.01,11,7656,买盘
2487,11:10:00,6.95,--,174,120930,卖盘
2488,11:09:54,6.95,-0.01,17,11815,卖盘
2489,11:09:51,6.96,--,130,90480,买盘
2490,11:09:48,6.96,--,1,696,买盘
2491,11:09:45,6.96,--,130,90480,买盘
2492,11:09:42,6.96,--,61,42456,买盘
2493,11:09:39,6.96,--,128,89088,买盘
2494,11:09:36,6.96,--,111,77256,买盘
2495,11:09:33,6.96,0.01,126,87696,买盘
2496,11:09:30,6.95,--,133,92435,卖盘
2497,11:09:27,6.95,--,2,1390,卖盘
2498,11:09:24,6.95,--,6,4170,卖盘
2499,11:09:21,6.95,-0.01,137,95215,卖盘
2500,11:09:18,6.96,0.01,16,11136,买盘
2501,11:09:15,6.95,--,29,20155,卖盘
2502,11:09:12,6.95,--,18,12510,卖盘
2503,11:09:09,6.95,-0.01,115,79925,卖盘
2504,11:09:06,6.96,0.01,32,22272,买盘
2505,11:09:03,6.95,--,192,133440,卖盘
2506,11:09:00,6.95,--,141,98412,卖盘
2507,11:08:57,6.95,--,780,542100,卖盘
2508,11:08:54,6.95,--,4012,2788757,卖盘
2509,11:08:51,6.95,--,136,94520,卖盘
2510,11:08:48,6.95,-0.01,18,12510,卖盘
2511,11:08:45,6.96,--,117,81432,买盘
2512,11:08:42,6.96,0.01,15,10440,买盘
2513,11:08:39,6.95,--,115,79925,卖盘
2514,11:08:36,6.95,--,8,5560,卖盘
2515,11:08:33,6.95,0.01,148,102860,买盘
2516,11:08:30,6.94,--,124,86056,卖盘
2517,11:08:27,6.94,-0.01,25,17350,卖盘
2518,11:08:24,6.95,--,6,4170,买盘
2519,11:08:21,6.95,--,130,90350,买盘
2520,11:08:18,6.95,--,2,1390,买盘
2521,11:08:15,6.95,--,23,15985,买盘
2522,11:08:12,6.95,--,191,132745,买盘
2523,11:08:09,6.95,--,24,16680,卖盘
2524,11:08:06,6.95,--,94,65330,卖盘
2525,11:08:03,6.95,--,60,41700,卖盘
2526,11:08:00,6.95,--,155,107725,卖盘
2527,11:07:57,6.95,--,685,476075,买盘
2528,11:07:54,6.95,--,39,27105,卖盘
2529,11:07:51,6.95,-0.01,133,92435,卖盘
2530,11:07:48,6.96,--,83,57768,买盘
2531,11:07:45,6.96,0.02,86,59856,买盘
2532,11:07:42,6.94,--,1,694,卖盘
2533,11:07:39,6.94,-0.02,287,199178,卖盘
2534,11:07:36,6.96,0.01,25,17400,买盘
2535,11:07:33,6.95,--,38,26410,卖盘
2536,11:07:30,6.95,0.01,2148,1492860,买盘
2537,11:07:27,6.94,-0.01,80,55520,卖盘
2538,11:07:24,6.95,--,50,34750,买盘
2539,11:07:21,6.95,--,116,80620,买盘
2540,11:07:18,6.95,--,19,13205,买盘
2541,11:07:15,6.95,0.01,11,7645,买盘
2542,11:07:09,6.94,--,139,96466,卖盘
2543,11:07:06,6.94,-0.01,105,72870,卖盘
2544,11:07:03,6.95,0.01,63,43785,买盘
2545,11:07:00,6.94,-0.01,115,79810,卖盘
2546,11:06:54,6.95,--,25,17375,买盘
2547,11:06:51,6.95,--,117,81315,买盘
2548,11:06:48,6.95,--,6,4170,买盘
2549,11:06:45,6.95,--,4,2780,买盘
2550,11:06:42,6.95,0.01,26,18070,买盘
2551,11:06:39,6.94,--,115,79810,卖盘
2552,11:06:36,6.94,-0.01,5,3470,卖盘
2553,11:06:33,6.95,--,114,79230,买盘
2554,11:06:30,6.95,--,137,95215,买盘
2555,11:06:27,6.95,--,99,68805,买盘
2556,11:06:21,6.95,0.01,128,88960,买盘
2557,11:06:18,6.94,-0.01,58,40252,卖盘
2558,11:06:15,6.95,0.01,740,514300,买盘
2559,11:06:12,6.94,--,27,18738,卖盘
2560,11:06:09,6.94,--,127,88138,卖盘
2561,11:06:06,6.94,--,10,6940,卖盘
2562,11:06:03,6.94,--,98,68012,卖盘
2563,11:06:00,6.94,-0.01,122,84668,卖盘
2564,11:05:57,6.95,0.01,108,75060,买盘
2565,11:05:54,6.94,-0.01,8,5552,卖盘
2566,11:05:51,6.95,0.01,276,191820,买盘
2567,11:05:48,6.94,-0.01,116,80504,卖盘
2568,11:05:45,6.95,--,114,79230,买盘
2569,11:05:42,6.95,--,14,9730,买盘
2570,11:05:39,6.95,--,176,122320,买盘
2571,11:05:36,6.95,--,325,225875,买盘
2572,11:05:33,6.95,--,105,72975,买盘
2573,11:05:30,6.95,--,120,83400,买盘
2574,11:05:27,6.95,0.01,16,11120,买盘
2575,11:05:24,6.94,-0.01,114,79116,卖盘
2576,11:05:21,6.95,0.01,158,109810,买盘
2577,11:05:18,6.94,--,4,2776,卖盘
2578,11:05:15,6.94,--,43,29842,卖盘
2579,11:05:12,6.94,--,49,34006,卖盘
2580,11:05:09,6.94,-0.01,121,83974,卖盘
2581,11:05:06,6.95,--,111,77145,买盘
2582,11:05:03,6.95,--,10,6950,买盘
2583,11:05:00,6.95,0.01,215,149425,买盘
2584,11:04:54,6.94,-0.01,15,10410,卖盘
2585,11:04:51,6.95,--,165,114675,买盘
2586,11:04:48,6.95,--,140,97300,买盘
2587,11:04:45,6.95,--,243,168885,买盘
2588,11:04:42,6.95,0.01,31,21545,买盘
2589,11:04:39,6.94,-0.01,117,81198,卖盘
2590,11:04:36,6.95,-0.01,19,13205,卖盘
2591,11:04:33,6.96,0.01,146,101616,买盘
2592,11:04:30,6.95,--,119,82705,卖盘
2593,11:04:27,6.95,--,28,19460,卖盘
2594,11:04:24,6.95,--,25,17375,卖盘
2595,11:04:21,6.95,--,201,139695,卖盘
2596,11:04:18,6.95,--,61,42395,买盘
2597,11:04:15,6.95,--,1110,771450,卖盘
2598,11:04:12,6.95,0.01,37,25715,中性盘
2599,11:04:09,6.94,-0.01,185,128390,卖盘
2600,11:04:06,6.95,--,420,291900,卖盘
2601,11:04:03,6.95,0.01,58,40310,买盘
2602,11:04:00,6.94,-0.01,188,130472,卖盘
2603,11:03:57,6.95,--,480,333600,买盘
2604,11:03:54,6.95,--,189,131355,买盘
2605,11:03:51,6.95,--,331,230045,买盘
2606,11:03:48,6.95,-0.01,1255,872225,卖盘
2607,11:03:45,6.96,0.01,93,64728,买盘
2608,11:03:42,6.95,-0.01,12,8340,卖盘
2609,11:03:39,6.96,0.01,216,150336,买盘
2610,11:03:36,6.95,-0.01,5,3475,卖盘
2611,11:03:33,6.96,0.01,273,190008,买盘
2612,11:03:30,6.95,-0.01,164,113980,卖盘
2613,11:03:27,6.96,--,65,45240,买盘
2614,11:03:24,6.96,0.02,117,81432,买盘
2615,11:03:21,6.94,-0.01,116,80504,卖盘
2616,11:03:18,6.95,--,249,173055,买盘
2617,11:03:15,6.95,--,117,81315,买盘
2618,11:03:12,6.95,--,345,239775,买盘
2619,11:03:09,6.95,--,225,156375,买盘
2620,11:03:06,6.95,-0.01,403,280224,卖盘
2621,11:03:03,6.96,0.01,1042,725232,买盘
2622,11:03:00,6.95,--,257,179171,买盘
2623,11:02:57,6.95,--,7,4865,买盘
2624,11:02:54,6.95,--,3,2224,卖盘
2625,11:02:51,6.95,-0.01,266,184870,卖盘
2626,11:02:48,6.96,0.01,13,9048,买盘
2627,11:02:45,6.95,--,10,6950,卖盘
2628,11:02:42,6.95,--,103,71585,卖盘
2629,11:02:39,6.95,--,1085,754631,买盘
2630,11:02:36,6.95,--,45,31275,买盘
2631,11:02:33,6.95,0.01,1061,737395,买盘
2632,11:02:30,6.94,-0.01,169,117286,卖盘
2633,11:02:27,6.95,0.01,180,125100,买盘
2634,11:02:24,6.94,-0.01,52,36088,卖盘
2635,11:02:21,6.95,--,2409,1674255,买盘
2636,11:02:18,6.95,--,34,23630,买盘
2637,11:02:12,6.95,0.01,51,35445,买盘
2638,11:02:09,6.94,-0.01,208,144352,卖盘
2639,11:02:06,6.95,0.01,200,139000,买盘
2640,11:02:03,6.94,--,165,114510,买盘
2641,11:02:00,6.94,--,70,48580,卖盘
2642,11:01:57,6.94,-0.01,31,21514,卖盘
2643,11:01:54,6.95,0.01,13,9035,买盘
2644,11:01:51,6.94,-0.01,133,92302,卖盘
2645,11:01:48,6.95,--,16,11120,买盘
2646,11:01:45,6.95,0.01,282,195990,买盘
2647,11:01:42,6.94,0.01,135,93690,买盘
2648,11:01:39,6.93,-0.02,102,70686,卖盘
2649,11:01:36,6.95,0.01,140,97300,买盘
2650,11:01:33,6.94,--,76,52744,买盘
2651,11:01:30,6.94,--,17,11798,卖盘
2652,11:01:27,6.94,0.01,16,11104,中性盘
2653,11:01:24,6.93,-0.01,30,20790,卖盘
2654,11:01:21,6.94,--,199,138106,买盘
2655,11:01:18,6.94,--,70,48580,买盘
2656,11:01:15,6.94,--,18,12492,买盘
2657,11:01:12,6.94,0.01,220,152680,买盘
2658,11:01:09,6.93,-0.01,125,86625,卖盘
2659,11:01:06,6.94,--,23,15962,买盘
2660,11:01:03,6.94,0.02,8,5552,买盘
2661,11:01:00,6.92,-0.01,206,142552,卖盘
2662,11:00:57,6.93,-0.01,13,9009,买盘
2663,11:00:51,6.94,--,349,242206,中性盘
2664,11:00:48,6.94,-0.01,71,49274,买盘
2665,11:00:45,6.95,0.03,4002,2781390,买盘
2666,11:00:42,6.92,--,34,23528,卖盘
2667,11:00:39,6.92,-0.01,245,169540,卖盘
2668,11:00:36,6.93,--,11,7623,买盘
2669,11:00:33,6.93,0.01,103,71379,买盘
2670,11:00:30,6.92,-0.01,114,78888,卖盘
2671,11:00:24,6.93,0.01,25,17325,买盘
2672,11:00:21,6.92,--,143,98956,卖盘
2673,11:00:18,6.92,-0.01,50,34600,卖盘
2674,11:00:15,6.93,0.01,40,27720,买盘
2675,11:00:12,6.92,--,15,10380,卖盘
2676,11:00:09,6.92,--,121,83732,买盘
2677,11:00:06,6.92,--,11,7612,买盘
2678,11:00:03,6.92,0.01,15,10380,买盘
2679,11:00:00,6.91,--,115,79465,卖盘
2680,10:59:57,6.91,--,4,2764,卖盘
2681,10:59:54,6.91,-0.01,2,1382,卖盘
2682,10:59:51,6.92,--,130,89960,买盘
2683,10:59:48,6.92,--,8,5536,买盘
2684,10:59:45,6.92,0.01,183,126636,中性盘
2685,10:59:42,6.91,--,115,79465,卖盘
2686,10:59:39,6.91,-0.03,192,132672,卖盘
2687,10:59:36,6.94,0.03,5000,3470000,买盘
2688,10:59:33,6.91,--,1,691,买盘
2689,10:59:30,6.91,--,84,58044,卖盘
2690,10:59:27,6.91,--,12,8292,卖盘
2691,10:59:24,6.91,--,1,691,卖盘
2692,10:59:21,6.91,-0.02,216,149256,卖盘
2693,10:59:18,6.93,--,13,9009,买盘
2694,10:59:15,6.93,0.03,19,13167,买盘
2695,10:59:12,6.9,--,22,15180,卖盘
2696,10:59:09,6.9,-0.01,2089,1441824,卖盘
2697,10:59:06,6.91,--,10,6910,买盘
2698,10:59:03,6.91,0.01,1,691,买盘
2699,10:59:00,6.9,-0.02,108,74520,卖盘
2700,10:58:57,6.92,0.01,12,8304,买盘
2701,10:58:54,6.91,--,47,32477,卖盘
2702,10:58:51,6.91,-0.01,117,80847,卖盘
2703,10:58:48,6.92,0.01,1,692,买盘
2704,10:58:45,6.91,--,109,75319,买盘
2705,10:58:39,6.91,-0.01,8,5528,卖盘
2706,10:58:36,6.92,--,10,6920,买盘
2707,10:58:33,6.92,0.02,1,692,买盘
2708,10:58:30,6.9,-0.02,114,78660,卖盘
2709,10:58:27,6.92,0.01,38,26296,买盘
2710,10:58:24,6.91,-0.01,19,13129,卖盘
2711,10:58:21,6.92,--,118,81656,买盘
2712,10:58:15,6.92,--,19,13148,买盘
2713,10:58:12,6.92,0.01,11,7612,买盘
2714,10:58:09,6.91,--,339,234249,买盘
2715,10:58:06,6.91,--,67,46297,买盘
2716,10:58:03,6.91,0.01,18,12438,买盘
2717,10:58:00,6.9,-0.01,110,75900,卖盘
2718,10:57:57,6.91,0.01,14,9674,买盘
2719,10:57:54,6.9,-0.01,90,62100,卖盘
2720,10:57:51,6.91,--,137,94667,买盘
2721,10:57:48,6.91,0.01,3,2073,买盘
2722,10:57:42,6.9,-0.01,36,24840,卖盘
2723,10:57:39,6.91,--,172,118852,买盘
2724,10:57:33,6.91,0.01,22,15202,买盘
2725,10:57:30,6.9,-0.01,114,78660,卖盘
2726,10:57:27,6.91,0.01,59,40769,买盘
2727,10:57:24,6.9,-0.01,141,97290,卖盘
2728,10:57:21,6.91,--,160,110560,卖盘
2729,10:57:18,6.91,-0.01,20,13820,卖盘
2730,10:57:15,6.92,0.01,42,29064,买盘
2731,10:57:12,6.91,--,56,38696,卖盘
2732,10:57:09,6.91,-0.01,144,99504,卖盘
2733,10:57:06,6.92,--,12,8304,买盘
2734,10:57:03,6.92,0.02,6,4152,买盘
2735,10:57:00,6.9,--,114,78660,卖盘
2736,10:56:57,6.9,-0.02,288,198720,卖盘
2737,10:56:54,6.92,0.01,13,8996,买盘
2738,10:56:51,6.91,0.01,9,6219,卖盘
2739,10:56:48,6.9,--,55,37950,卖盘
2740,10:56:45,6.9,-0.01,5088,3510720,卖盘
2741,10:56:42,6.91,0.01,13,8983,买盘
2742,10:56:39,6.9,-0.01,167,115230,卖盘
2743,10:56:33,6.91,--,15,10365,买盘
2744,10:56:30,6.91,--,43,29713,卖盘
2745,10:56:27,6.91,--,5,3455,卖盘
2746,10:56:24,6.91,--,34,23494,买盘
2747,10:56:21,6.91,--,131,90521,买盘
2748,10:56:18,6.91,--,28,19348,买盘
2749,10:56:15,6.91,--,119,82229,买盘
2750,10:56:12,6.91,0.01,12,8292,买盘
2751,10:56:09,6.9,-0.01,114,78660,卖盘
2752,10:56:06,6.91,--,24,16584,买盘
2753,10:56:03,6.91,0.01,6,4146,买盘
2754,10:56:00,6.9,-0.01,127,87630,卖盘
2755,10:55:54,6.91,--,29,20039,买盘
2756,10:55:51,6.91,--,118,81538,买盘
2757,10:55:48,6.91,--,13,8983,买盘
2758,10:55:45,6.91,0.01,1,691,买盘
2759,10:55:42,6.9,--,47,32430,卖盘
2760,10:55:39,6.9,-0.01,128,88320,卖盘
2761,10:55:36,6.91,--,34,23494,买盘
2762,10:55:33,6.91,--,193,133363,卖盘
2763,10:55:30,6.91,--,117,80847,卖盘
2764,10:55:27,6.91,0.01,15,10365,买盘
2765,10:55:24,6.9,--,2,1380,卖盘
2766,10:55:21,6.9,-0.01,120,82800,卖盘
2767,10:55:15,6.91,--,31,21421,买盘
2768,10:55:12,6.91,0.01,3,2073,买盘
2769,10:55:09,6.9,--,116,80040,卖盘
2770,10:55:06,6.9,-0.01,16,11040,卖盘
2771,10:55:03,6.91,0.01,42,29022,买盘
2772,10:55:00,6.9,-0.01,59,40710,卖盘
2773,10:54:57,6.91,--,31,21421,买盘
2774,10:54:54,6.91,--,24,16584,买盘
2775,10:54:51,6.91,--,124,85684,买盘
2776,10:54:48,6.91,--,9,6219,买盘
2777,10:54:42,6.91,0.01,61,42151,买盘
2778,10:54:39,6.9,-0.01,23,15870,卖盘
2779,10:54:36,6.91,--,2,1382,买盘
2780,10:54:33,6.91,--,1,691,买盘
2781,10:54:30,6.91,--,115,79465,卖盘
2782,10:54:27,6.91,-0.01,5,3455,卖盘
2783,10:54:24,6.92,0.02,30,20760,买盘
2784,10:54:21,6.9,-0.01,114,78660,卖盘
2785,10:54:18,6.91,--,68,46988,买盘
2786,10:54:15,6.91,0.01,19,13129,买盘
2787,10:54:12,6.9,--,2,1380,卖盘
2788,10:54:09,6.9,-0.01,139,95910,卖盘
2789,10:54:06,6.91,--,55,38005,买盘
2790,10:54:03,6.91,--,31,21421,买盘
2791,10:54:00,6.91,-0.01,9,6219,卖盘
2792,10:53:57,6.92,0.01,16,11072,买盘
2793,10:53:54,6.91,--,30,20730,卖盘
2794,10:53:51,6.91,-0.01,115,79465,卖盘
2795,10:53:45,6.92,0.02,54,37368,买盘
2796,10:53:42,6.9,-0.01,15,10350,卖盘
2797,10:53:39,6.91,-0.01,121,83611,卖盘
2798,10:53:36,6.92,0.01,11,7612,买盘
2799,10:53:33,6.91,0.01,51,35241,买盘
2800,10:53:30,6.9,-0.01,68,46920,卖盘
2801,10:53:27,6.91,-0.01,47,32477,卖盘
2802,10:53:24,6.92,0.02,242,167464,买盘
2803,10:53:21,6.9,-0.01,116,80040,卖盘
2804,10:53:18,6.91,-0.01,31,21421,卖盘
2805,10:53:15,6.92,--,19,13148,买盘
2806,10:53:12,6.92,0.01,18,12456,买盘
2807,10:53:09,6.91,--,161,111251,买盘
2808,10:53:06,6.91,--,4,2764,买盘
2809,10:53:03,6.91,--,44,30404,买盘
2810,10:53:00,6.91,--,25,17275,卖盘
2811,10:52:57,6.91,0.01,33,22803,卖盘
2812,10:52:54,6.9,-0.02,48,33120,卖盘
2813,10:52:51,6.92,--,128,88576,买盘
2814,10:52:48,6.92,0.01,1,692,买盘
2815,10:52:45,6.91,--,42,29022,卖盘
2816,10:52:42,6.91,0.01,5,3455,中性盘
2817,10:52:39,6.9,-0.03,133,91770,卖盘
2818,10:52:36,6.93,0.02,153,106029,买盘
2819,10:52:30,6.91,0.01,157,108487,买盘
2820,10:52:24,6.9,-0.01,105,72450,卖盘
2821,10:52:21,6.91,0.01,219,151329,买盘
2822,10:52:18,6.9,-0.03,13,8970,卖盘
2823,10:52:15,6.93,0.03,34,23562,买盘
2824,10:52:12,6.9,-0.01,53,36570,卖盘
2825,10:52:09,6.91,-0.02,110,76010,卖盘
2826,10:52:06,6.93,0.02,65,45045,买盘
2827,10:52:03,6.91,--,20,13820,卖盘
2828,10:52:00,6.91,--,338,233558,卖盘
2829,10:51:57,6.91,--,59,40769,卖盘
2830,10:51:54,6.91,-0.01,105,72555,卖盘
2831,10:51:51,6.92,--,116,80272,买盘
2832,10:51:48,6.92,-0.01,1,692,买盘
2833,10:51:45,6.93,0.03,46,31878,买盘
2834,10:51:39,6.9,-0.01,147,101430,卖盘
2835,10:51:36,6.91,-0.02,19,13129,买盘
2836,10:51:33,6.93,0.02,13,9009,买盘
2837,10:51:30,6.91,--,117,80847,买盘
2838,10:51:27,6.91,0.01,56,38696,买盘
2839,10:51:24,6.9,-0.02,148,102120,卖盘
2840,10:51:21,6.92,-0.01,148,102416,中性盘
2841,10:51:15,6.93,--,31,21483,买盘
2842,10:51:12,6.93,0.02,10,6930,买盘
2843,10:51:09,6.91,-0.02,146,100886,卖盘
2844,10:51:06,6.93,0.02,1,693,买盘
2845,10:51:03,6.91,--,5,3455,卖盘
2846,10:51:00,6.91,-0.02,130,89830,卖盘
2847,10:50:57,6.93,0.01,100,69300,买盘
2848,10:50:54,6.92,--,54,37368,买盘
2849,10:50:51,6.92,--,116,80272,买盘
2850,10:50:48,6.92,--,12,8304,买盘
2851,10:50:45,6.92,0.01,39,26988,买盘
2852,10:50:42,6.91,--,6,4146,卖盘
2853,10:50:39,6.91,-0.01,207,143037,卖盘
2854,10:50:36,6.92,0.01,20,13840,买盘
2855,10:50:33,6.91,--,339,234249,卖盘
2856,10:50:30,6.91,-0.01,5184,3582144,卖盘
2857,10:50:27,6.92,--,12,8304,买盘
2858,10:50:24,6.92,0.01,33,22836,买盘
2859,10:50:21,6.91,--,225,155475,卖盘
2860,10:50:18,6.91,-0.01,5,3455,卖盘
2861,10:50:15,6.92,--,32,22144,买盘
2862,10:50:12,6.92,0.01,4,2768,买盘
2863,10:50:09,6.91,-0.01,116,80156,卖盘
2864,10:50:06,6.92,0.01,13,8996,买盘
2865,10:50:03,6.91,--,2,1382,卖盘
2866,10:50:00,6.91,--,126,87066,买盘
2867,10:49:57,6.91,-0.01,48,33168,卖盘
