,time,price,change,volume,amount,type
0,15:00:03,6.63,-0.01,13117,8696730,卖盘
1,14:57:00,6.64,--,216,143424,买盘
2,14:56:57,6.64,--,86,57104,买盘
3,14:56:54,6.64,--,889,590296,买盘
4,14:56:51,6.64,0.01,148,98504,买盘
5,14:56:48,6.63,-0.01,99,65637,卖盘
6,14:56:45,6.64,--,2319,1539816,买盘
7,14:56:42,6.64,--,727,482728,买盘
8,14:56:39,6.64,--,130,86320,买盘
9,14:56:36,6.64,--,238,158032,买盘
10,14:56:33,6.64,0.01,535,355240,买盘
11,14:56:30,6.63,--,110,72930,卖盘
12,14:56:27,6.63,-0.01,28,18902,卖盘
13,14:56:24,6.64,0.01,140,92960,买盘
14,14:56:21,6.63,--,248,164424,卖盘
15,14:56:15,6.63,--,317,210171,卖盘
16,14:56:12,6.63,0.01,1434,951166,买盘
17,14:56:09,6.62,-0.01,3390,2244180,卖盘
18,14:56:06,6.63,0.01,248,164424,买盘
19,14:56:03,6.62,-0.01,641,424342,卖盘
20,14:56:00,6.63,0.01,41,27183,买盘
21,14:55:57,6.62,-0.01,15,9930,卖盘
22,14:55:54,6.63,--,23,15249,买盘
23,14:55:51,6.63,0.01,225,149175,买盘
24,14:55:48,6.62,-0.01,245,162190,卖盘
25,14:55:45,6.63,0.01,159,105417,买盘
26,14:55:42,6.62,--,36,23832,卖盘
27,14:55:39,6.62,-0.01,297,196614,卖盘
28,14:55:36,6.63,--,1463,969969,买盘
29,14:55:33,6.63,0.01,493,326859,买盘
30,14:55:30,6.62,-0.01,481,318422,卖盘
31,14:55:27,6.63,--,403,267189,买盘
32,14:55:24,6.63,0.01,265,175695,买盘
33,14:55:21,6.62,-0.01,131,86854,卖盘
34,14:55:18,6.63,--,85,56355,买盘
35,14:55:15,6.63,--,55,36465,买盘
36,14:55:12,6.63,0.01,86,57018,买盘
37,14:55:09,6.62,-0.01,266,176092,卖盘
38,14:55:06,6.63,0.01,195,129285,买盘
39,14:55:03,6.62,--,809,535558,卖盘
40,14:55:00,6.62,-0.01,452,299224,卖盘
41,14:54:57,6.63,--,210,139230,买盘
42,14:54:54,6.63,--,399,264537,买盘
43,14:54:51,6.63,--,193,127959,买盘
44,14:54:48,6.63,--,56,37128,买盘
45,14:54:45,6.63,--,433,287079,买盘
46,14:54:42,6.63,--,133,88179,买盘
47,14:54:39,6.63,-0.01,240,159358,卖盘
48,14:54:36,6.64,0.01,866,575024,买盘
49,14:54:33,6.63,--,56,37128,卖盘
50,14:54:30,6.63,--,788,522444,卖盘
51,14:54:27,6.63,--,204,135252,卖盘
52,14:54:24,6.63,-0.01,217,143871,卖盘
53,14:54:21,6.64,--,734,487376,买盘
54,14:54:18,6.64,0.01,263,174632,买盘
55,14:54:15,6.63,--,1627,1078701,卖盘
56,14:54:12,6.63,--,118,78234,卖盘
57,14:54:09,6.63,--,139,92157,卖盘
58,14:54:06,6.63,-0.01,336,222768,卖盘
59,14:54:03,6.64,0.01,155,102920,买盘
60,14:54:00,6.63,--,40,26520,卖盘
61,14:53:57,6.63,--,266,176358,卖盘
62,14:53:54,6.63,--,79,52377,卖盘
63,14:53:51,6.63,--,90,59670,卖盘
64,14:53:48,6.63,-0.01,70,46410,卖盘
65,14:53:45,6.64,--,229,152056,买盘
66,14:53:42,6.64,0.01,59,39176,买盘
67,14:53:39,6.63,--,91,60333,卖盘
68,14:53:36,6.63,--,51,33813,卖盘
69,14:53:33,6.63,-0.01,74,49062,卖盘
70,14:53:30,6.64,0.01,429,284856,买盘
71,14:53:27,6.63,--,240,159120,卖盘
72,14:53:21,6.63,-0.01,25,16575,卖盘
73,14:53:18,6.64,--,139,92296,买盘
74,14:53:15,6.64,0.01,162,107568,买盘
75,14:53:12,6.63,--,62,41106,卖盘
76,14:53:09,6.63,--,110,72930,卖盘
77,14:53:06,6.63,-0.01,79,52377,卖盘
78,14:53:03,6.64,--,8,5312,买盘
79,14:53:00,6.64,0.01,291,193224,买盘
80,14:52:57,6.63,--,120,79560,卖盘
81,14:52:54,6.63,--,33,21879,卖盘
82,14:52:51,6.63,-0.01,124,82212,卖盘
83,14:52:48,6.64,--,144,95616,买盘
84,14:52:45,6.64,0.01,22,14608,买盘
85,14:52:42,6.63,--,220,145860,卖盘
86,14:52:39,6.63,-0.01,215,142545,卖盘
87,14:52:33,6.64,--,46,30544,买盘
88,14:52:30,6.64,0.01,304,201856,买盘
89,14:52:27,6.63,-0.01,407,269841,卖盘
90,14:52:24,6.64,--,48,31872,买盘
91,14:52:21,6.64,--,47,31208,买盘
92,14:52:18,6.64,--,45,29880,买盘
93,14:52:15,6.64,--,383,254312,买盘
94,14:52:12,6.64,0.01,113,75032,买盘
95,14:52:09,6.63,-0.01,201,133263,卖盘
96,14:52:06,6.64,--,93,61752,买盘
97,14:52:03,6.64,0.01,45,29880,买盘
98,14:52:00,6.63,-0.01,633,419679,卖盘
99,14:51:57,6.64,--,61,40504,买盘
100,14:51:54,6.64,0.01,4,2656,买盘
101,14:51:51,6.63,--,104,68952,卖盘
102,14:51:48,6.63,-0.01,167,110721,卖盘
103,14:51:45,6.64,0.01,6,3984,买盘
104,14:51:42,6.63,--,49,32487,卖盘
105,14:51:39,6.63,--,216,143208,卖盘
106,14:51:36,6.63,-0.01,40,26520,卖盘
107,14:51:33,6.64,--,437,290168,买盘
108,14:51:30,6.64,0.01,58,38512,买盘
109,14:51:27,6.63,--,151,100113,卖盘
110,14:51:24,6.63,-0.01,400,265200,卖盘
111,14:51:21,6.64,0.01,107,71048,买盘
112,14:51:18,6.63,-0.01,202,133926,卖盘
113,14:51:15,6.64,--,153,101592,买盘
114,14:51:12,6.64,--,342,227088,买盘
115,14:51:09,6.64,--,149,98936,买盘
116,14:51:06,6.64,--,3,1992,买盘
117,14:51:03,6.64,0.01,59,39176,买盘
118,14:51:00,6.63,-0.01,88,58344,卖盘
119,14:50:57,6.64,--,10,6640,买盘
120,14:50:54,6.64,0.01,77,51128,买盘
121,14:50:51,6.63,--,163,108069,卖盘
122,14:50:48,6.63,-0.01,45,29835,卖盘
123,14:50:45,6.64,0.01,15,9960,买盘
124,14:50:42,6.63,--,55,36465,卖盘
125,14:50:39,6.63,--,39,25857,卖盘
126,14:50:36,6.63,-0.01,151,100643,卖盘
127,14:50:33,6.64,--,27,17928,买盘
128,14:50:30,6.64,--,44,29216,买盘
129,14:50:27,6.64,--,5,3320,买盘
130,14:50:24,6.64,--,40,26560,买盘
131,14:50:21,6.64,--,24,15936,买盘
132,14:50:18,6.64,0.01,582,386448,买盘
133,14:50:15,6.63,-0.01,16,10608,卖盘
134,14:50:12,6.64,--,78,51792,买盘
135,14:50:09,6.64,0.01,112,74368,买盘
136,14:50:06,6.63,-0.01,351,232713,卖盘
137,14:50:03,6.64,0.01,389,258296,买盘
138,14:50:00,6.63,--,161,106743,卖盘
139,14:49:57,6.63,--,106,70278,卖盘
140,14:49:54,6.63,-0.01,16,10608,卖盘
141,14:49:51,6.64,--,55,36520,买盘
142,14:49:48,6.64,0.01,142,94288,买盘
143,14:49:45,6.63,-0.01,321,212823,卖盘
144,14:49:42,6.64,0.01,8,5312,买盘
145,14:49:39,6.63,--,80,53040,卖盘
146,14:49:36,6.63,--,66,43758,卖盘
147,14:49:30,6.63,--,20,13260,卖盘
148,14:49:27,6.63,--,8432,5590972,买盘
149,14:49:21,6.63,0.01,89,59007,买盘
150,14:49:18,6.62,--,77,50974,卖盘
151,14:49:15,6.62,--,30,19860,卖盘
152,14:49:12,6.62,--,459,303858,买盘
153,14:49:09,6.62,--,125,82750,买盘
154,14:49:06,6.62,--,194,128428,买盘
155,14:49:03,6.62,--,257,170134,卖盘
156,14:49:00,6.62,--,674,446188,卖盘
157,14:48:57,6.62,-0.01,268,177416,卖盘
158,14:48:54,6.63,--,53,35139,买盘
159,14:48:51,6.63,0.01,409,271167,买盘
160,14:48:48,6.62,--,10,6620,卖盘
161,14:48:45,6.62,--,27,17874,卖盘
162,14:48:42,6.62,--,41,27142,卖盘
163,14:48:39,6.62,-0.01,78,51636,卖盘
164,14:48:36,6.63,0.01,695,460785,买盘
165,14:48:33,6.62,--,200,132400,买盘
166,14:48:30,6.62,-0.01,517,342254,卖盘
167,14:48:27,6.63,0.01,172,114036,买盘
168,14:48:24,6.62,--,1988,1316161,卖盘
169,14:48:21,6.62,--,19,12578,卖盘
170,14:48:18,6.62,-0.01,40,26480,卖盘
171,14:48:15,6.63,0.01,16,10608,买盘
172,14:48:12,6.62,--,141,93342,卖盘
173,14:48:09,6.62,--,62,41044,卖盘
174,14:48:06,6.62,-0.01,533,352846,卖盘
175,14:48:03,6.63,--,93,61659,买盘
176,14:48:00,6.63,0.01,53,35139,买盘
177,14:47:57,6.62,-0.01,77,50974,卖盘
178,14:47:54,6.63,0.01,1596,1058148,买盘
179,14:47:51,6.62,--,73,48326,卖盘
180,14:47:48,6.62,-0.01,117,77454,卖盘
181,14:47:45,6.63,0.01,345,228735,买盘
182,14:47:42,6.62,--,244,161528,卖盘
183,14:47:39,6.62,-0.01,3,1986,卖盘
184,14:47:36,6.63,--,363,240669,买盘
185,14:47:33,6.63,--,1418,940134,买盘
186,14:47:30,6.63,--,2053,1361139,买盘
187,14:47:27,6.63,0.01,29,19227,买盘
188,14:47:24,6.62,--,176,116512,卖盘
189,14:47:21,6.62,-0.01,163,107906,卖盘
190,14:47:18,6.63,--,32,21216,买盘
191,14:47:15,6.63,--,92,60996,买盘
192,14:47:12,6.63,0.01,377,249951,买盘
193,14:47:09,6.62,-0.01,411,272082,卖盘
194,14:47:06,6.63,--,1084,718692,买盘
195,14:47:03,6.63,--,40,26520,买盘
196,14:47:00,6.63,--,543,360009,买盘
197,14:46:57,6.63,--,68,45084,买盘
198,14:46:54,6.63,0.01,575,381225,买盘
199,14:46:51,6.62,--,32,21184,卖盘
200,14:46:48,6.62,-0.01,62,41044,卖盘
201,14:46:45,6.63,0.01,34,22542,买盘
202,14:46:42,6.62,-0.01,47,31114,卖盘
203,14:46:39,6.63,--,123,81549,买盘
204,14:46:36,6.63,--,114,75582,买盘
205,14:46:33,6.63,0.01,3,1989,买盘
206,14:46:30,6.62,-0.01,1275,844050,卖盘
207,14:46:27,6.63,0.01,211,139919,买盘
208,14:46:24,6.62,-0.01,233,154246,卖盘
209,14:46:21,6.63,--,127,84201,买盘
210,14:46:18,6.63,--,113,74919,买盘
211,14:46:15,6.63,--,305,202215,买盘
212,14:46:12,6.63,-0.01,308,204204,卖盘
213,14:46:09,6.64,0.01,86,57104,买盘
214,14:46:06,6.63,--,100,66300,卖盘
215,14:46:03,6.63,--,37,24531,卖盘
216,14:46:00,6.63,--,51,33813,卖盘
217,14:45:57,6.63,0.01,43,28509,买盘
218,14:45:54,6.62,-0.01,1407,931434,卖盘
219,14:45:51,6.63,--,54,35802,买盘
220,14:45:48,6.63,--,44,29172,买盘
221,14:45:45,6.63,0.01,172,114036,买盘
222,14:45:42,6.62,-0.01,15,9930,卖盘
223,14:45:39,6.63,0.01,335,222105,买盘
224,14:45:36,6.62,-0.01,36,23832,卖盘
225,14:45:33,6.63,--,95,62985,买盘
226,14:45:30,6.63,--,200,132600,买盘
227,14:45:27,6.63,0.01,75,49725,买盘
228,14:45:24,6.62,-0.01,53,35086,卖盘
229,14:45:21,6.63,--,252,167076,买盘
230,14:45:18,6.63,--,665,440895,卖盘
231,14:45:15,6.63,--,101,66963,卖盘
232,14:45:12,6.63,-0.01,41,27183,卖盘
233,14:45:09,6.64,0.01,107,71048,买盘
234,14:45:03,6.63,--,20,13260,卖盘
235,14:45:00,6.63,--,211,139893,卖盘
236,14:44:57,6.63,--,670,444210,卖盘
237,14:44:54,6.63,0.01,680,451370,买盘
238,14:44:51,6.62,--,1204,797048,卖盘
239,14:44:48,6.62,-0.01,501,331662,卖盘
240,14:44:45,6.63,0.01,296,196248,买盘
241,14:44:42,6.62,-0.01,1945,1287590,卖盘
242,14:44:39,6.63,0.01,169,112047,买盘
243,14:44:36,6.62,-0.01,80,52960,卖盘
244,14:44:33,6.63,--,101,66963,买盘
245,14:44:30,6.63,0.01,58,38454,买盘
246,14:44:27,6.62,-0.01,368,243616,卖盘
247,14:44:24,6.63,--,29,19227,买盘
248,14:44:21,6.63,--,126,83538,买盘
249,14:44:18,6.63,--,468,310284,买盘
250,14:44:15,6.63,--,141,93483,买盘
251,14:44:12,6.63,--,51,33813,买盘
252,14:44:09,6.63,--,202,133926,买盘
253,14:44:06,6.63,--,448,297156,卖盘
254,14:44:03,6.63,--,162,107406,卖盘
255,14:43:57,6.63,--,80,53040,卖盘
256,14:43:54,6.63,0.01,2209,1465097,买盘
257,14:43:51,6.62,-0.01,895,592490,卖盘
258,14:43:48,6.63,--,191,126633,买盘
259,14:43:45,6.63,--,102,67626,买盘
260,14:43:42,6.63,0.01,290,192270,买盘
261,14:43:39,6.62,-0.01,187,123794,卖盘
262,14:43:36,6.63,--,56,37128,买盘
263,14:43:33,6.63,--,176,116688,买盘
264,14:43:30,6.63,0.01,2136,1416168,买盘
265,14:43:27,6.62,--,143,94666,卖盘
266,14:43:24,6.62,--,235,155570,卖盘
267,14:43:21,6.62,-0.01,12,7944,卖盘
268,14:43:18,6.63,--,2317,1536171,买盘
269,14:43:15,6.63,--,10,6630,买盘
270,14:43:12,6.63,--,962,637806,买盘
271,14:43:09,6.63,0.01,201,133263,买盘
272,14:43:06,6.62,--,34,22508,卖盘
273,14:43:03,6.62,-0.01,289,191318,卖盘
274,14:43:00,6.63,0.01,272,180336,买盘
275,14:42:57,6.62,--,72,47664,卖盘
276,14:42:54,6.62,--,1215,804330,卖盘
277,14:42:51,6.62,--,165,109230,卖盘
278,14:42:48,6.62,-0.01,423,280026,卖盘
279,14:42:45,6.63,0.01,242,160446,买盘
280,14:42:42,6.62,-0.01,28,18536,卖盘
281,14:42:39,6.63,0.01,70,46410,买盘
282,14:42:36,6.62,--,326,215812,卖盘
283,14:42:33,6.62,--,230,152260,卖盘
284,14:42:30,6.62,-0.01,60,39720,卖盘
285,14:42:27,6.63,0.01,4,2652,买盘
286,14:42:24,6.62,--,3714,2458668,卖盘
287,14:42:21,6.62,--,685,453470,卖盘
288,14:42:18,6.62,--,1695,1122090,卖盘
289,14:42:15,6.62,--,149,98638,卖盘
290,14:42:12,6.62,--,1974,1306801,卖盘
291,14:42:09,6.62,-0.01,346,229052,卖盘
292,14:42:06,6.63,0.01,65,43095,买盘
293,14:42:03,6.62,-0.01,522,345564,卖盘
294,14:42:00,6.63,--,70,46410,买盘
295,14:41:57,6.63,0.01,76,50388,买盘
296,14:41:54,6.62,--,486,321732,卖盘
297,14:41:51,6.62,--,206,136372,卖盘
298,14:41:48,6.62,-0.01,116,76792,卖盘
299,14:41:45,6.63,0.01,28,18564,买盘
300,14:41:42,6.62,--,1549,1025438,卖盘
301,14:41:39,6.62,--,39,25818,卖盘
302,14:41:36,6.62,-0.01,500,331000,卖盘
303,14:41:33,6.63,--,81,53703,买盘
304,14:41:30,6.63,0.01,37,24531,买盘
305,14:41:27,6.62,-0.01,33,21846,卖盘
306,14:41:24,6.63,--,1,663,买盘
307,14:41:21,6.63,--,13,8619,买盘
308,14:41:18,6.63,0.01,71,47073,买盘
309,14:41:15,6.62,-0.01,18,11916,卖盘
310,14:41:12,6.63,--,332,220116,买盘
311,14:41:09,6.63,--,1170,776240,卖盘
312,14:41:06,6.63,--,1353,897039,卖盘
313,14:41:03,6.63,--,138,91494,卖盘
314,14:41:00,6.63,--,117,77571,卖盘
315,14:40:57,6.63,--,69,45747,卖盘
316,14:40:54,6.63,-0.01,134,88842,卖盘
317,14:40:51,6.64,--,55,36520,买盘
318,14:40:48,6.64,0.01,10,6640,买盘
319,14:40:45,6.63,--,13,8619,卖盘
320,14:40:42,6.63,-0.01,71,47073,卖盘
321,14:40:39,6.64,--,121,80344,买盘
322,14:40:36,6.64,--,2,1328,买盘
323,14:40:33,6.64,0.01,147,97608,买盘
324,14:40:30,6.63,-0.01,1215,805545,卖盘
325,14:40:27,6.64,--,10,6640,买盘
326,14:40:24,6.64,--,25,16600,买盘
327,14:40:21,6.64,--,50,33200,买盘
328,14:40:18,6.64,--,122,81008,买盘
329,14:40:15,6.64,--,5,3320,买盘
330,14:40:12,6.64,--,231,153384,买盘
331,14:40:09,6.64,--,104,69056,买盘
332,14:40:06,6.64,0.01,37,24568,买盘
333,14:40:03,6.63,--,252,167076,卖盘
334,14:40:00,6.63,-0.01,660,437580,卖盘
335,14:39:57,6.64,--,50,33200,买盘
336,14:39:54,6.64,--,1437,954168,买盘
337,14:39:51,6.64,--,33,21912,买盘
338,14:39:48,6.64,--,39,25896,买盘
339,14:39:45,6.64,0.01,250,166000,买盘
340,14:39:42,6.63,-0.01,33,21879,卖盘
341,14:39:39,6.64,0.01,129,85656,买盘
342,14:39:36,6.63,--,81,53703,卖盘
343,14:39:33,6.63,-0.01,51,33813,卖盘
344,14:39:30,6.64,--,50,33200,买盘
345,14:39:27,6.64,0.01,1,664,买盘
346,14:39:24,6.63,--,225,149175,卖盘
347,14:39:18,6.63,-0.01,1177,780351,卖盘
348,14:39:15,6.64,0.01,10,6640,买盘
349,14:39:12,6.63,--,260,172512,卖盘
350,14:39:09,6.63,-0.01,32,21216,卖盘
351,14:39:06,6.64,--,88,58432,买盘
352,14:39:03,6.64,--,2,1328,买盘
353,14:39:00,6.64,0.01,99,65736,买盘
354,14:38:57,6.63,-0.01,440,291720,卖盘
355,14:38:54,6.64,--,19,12616,买盘
356,14:38:51,6.64,--,50,33200,买盘
357,14:38:48,6.64,--,35,23240,买盘
358,14:38:45,6.64,--,69,45816,买盘
359,14:38:42,6.64,--,291,193224,卖盘
360,14:38:39,6.64,-0.01,38,25232,卖盘
361,14:38:36,6.65,0.01,2,1330,买盘
362,14:38:33,6.64,--,516,342624,买盘
363,14:38:30,6.64,--,205,136120,卖盘
364,14:38:27,6.64,-0.01,20,13280,卖盘
365,14:38:24,6.65,--,171,113715,买盘
366,14:38:21,6.65,0.01,62,41230,买盘
367,14:38:18,6.64,--,59,39176,卖盘
368,14:38:15,6.64,--,40,26560,卖盘
369,14:38:12,6.64,--,15,9960,卖盘
370,14:38:09,6.64,--,11,7304,卖盘
371,14:38:06,6.64,--,1292,857888,买盘
372,14:38:03,6.64,0.01,124,82336,买盘
373,14:38:00,6.63,-0.01,510,338130,卖盘
374,14:37:54,6.64,0.01,11,7304,买盘
375,14:37:51,6.63,-0.01,505,334815,卖盘
376,14:37:48,6.64,--,14,9296,卖盘
377,14:37:45,6.64,--,37,24568,买盘
378,14:37:42,6.64,0.01,18,11952,买盘
379,14:37:39,6.63,-0.01,49,32487,卖盘
380,14:37:36,6.64,-0.01,170,112880,卖盘
381,14:37:33,6.65,0.01,137,91105,买盘
382,14:37:30,6.64,-0.01,1192,791488,卖盘
383,14:37:27,6.65,0.01,100,66500,买盘
384,14:37:24,6.64,-0.01,26,17264,卖盘
385,14:37:21,6.65,0.01,30,19950,买盘
386,14:37:18,6.64,-0.01,244,162016,卖盘
387,14:37:15,6.65,--,36,23940,买盘
388,14:37:12,6.65,0.01,20,13300,买盘
389,14:37:09,6.64,--,13,8632,卖盘
390,14:37:06,6.64,--,31,20584,卖盘
391,14:37:03,6.64,--,208,138112,卖盘
392,14:36:57,6.64,--,35,23240,卖盘
393,14:36:54,6.64,--,1328,881792,卖盘
394,14:36:51,6.64,--,106,70384,买盘
395,14:36:48,6.64,--,3,1992,买盘
396,14:36:45,6.64,--,56,37184,买盘
397,14:36:42,6.64,--,1212,804768,买盘
398,14:36:39,6.64,--,166,110224,卖盘
399,14:36:36,6.64,-0.01,119,79016,卖盘
400,14:36:33,6.65,--,42,27930,买盘
401,14:36:27,6.65,--,365,242725,买盘
402,14:36:24,6.65,--,45,29925,买盘
403,14:36:21,6.65,--,27,17955,买盘
404,14:36:18,6.65,--,1219,810635,买盘
405,14:36:15,6.65,0.01,1682,1118530,买盘
406,14:36:12,6.64,--,200,132800,卖盘
407,14:36:09,6.64,--,49,32536,卖盘
408,14:36:06,6.64,--,115,76360,买盘
409,14:36:03,6.64,--,43,28552,买盘
410,14:36:00,6.64,--,115,76360,买盘
411,14:35:54,6.64,--,15,9960,买盘
412,14:35:51,6.64,0.01,100,66400,买盘
413,14:35:48,6.63,-0.01,135,89505,卖盘
414,14:35:45,6.64,--,205,136120,买盘
415,14:35:42,6.64,-0.01,648,430272,卖盘
416,14:35:39,6.65,--,15,9975,买盘
417,14:35:36,6.65,--,2,1330,买盘
418,14:35:33,6.65,--,2,1330,买盘
419,14:35:30,6.65,--,157,104405,买盘
420,14:35:27,6.65,--,30,19950,买盘
421,14:35:24,6.65,0.01,82,54530,买盘
422,14:35:21,6.64,-0.01,70,46480,卖盘
423,14:35:18,6.65,--,52,34580,买盘
424,14:35:15,6.65,0.01,2,1330,买盘
425,14:35:12,6.64,-0.01,378,250992,卖盘
426,14:35:09,6.65,0.01,69,45885,买盘
427,14:35:06,6.64,-0.01,1198,795472,卖盘
428,14:35:03,6.65,0.01,114,75810,买盘
429,14:35:00,6.64,-0.01,1006,668515,卖盘
430,14:34:57,6.65,--,211,140448,买盘
431,14:34:54,6.65,--,16,10640,买盘
432,14:34:51,6.65,--,27,17955,买盘
433,14:34:48,6.65,--,2,1330,买盘
434,14:34:45,6.65,0.01,147,97755,买盘
435,14:34:42,6.64,--,40,26560,卖盘
436,14:34:39,6.64,-0.01,794,527216,卖盘
437,14:34:36,6.65,--,29,19285,买盘
438,14:34:33,6.65,--,126,83790,买盘
439,14:34:30,6.65,-0.01,184,122892,卖盘
440,14:34:27,6.66,--,267,177822,买盘
441,14:34:24,6.66,--,300,199800,买盘
442,14:34:21,6.66,0.01,27,17982,买盘
443,14:34:15,6.65,--,31,20748,买盘
444,14:34:12,6.65,0.01,122,81130,买盘
445,14:34:09,6.64,-0.01,126,83664,卖盘
446,14:34:06,6.65,--,12,7980,买盘
447,14:34:03,6.65,--,188,125020,买盘
448,14:34:00,6.65,--,2,1330,买盘
449,14:33:57,6.65,--,77,51205,买盘
450,14:33:54,6.65,--,1024,681492,卖盘
451,14:33:51,6.65,--,248,164920,卖盘
452,14:33:48,6.65,-0.01,11,7315,卖盘
453,14:33:45,6.66,--,16,10656,买盘
454,14:33:42,6.66,0.01,40,26640,买盘
455,14:33:39,6.65,-0.01,55,36575,卖盘
456,14:33:36,6.66,--,6,3996,买盘
457,14:33:33,6.66,0.01,22,14652,买盘
458,14:33:30,6.65,--,69,45885,卖盘
459,14:33:27,6.65,-0.01,67,44555,卖盘
460,14:33:24,6.66,--,58,38628,买盘
461,14:33:21,6.66,--,236,157176,买盘
462,14:33:18,6.66,--,1265,842490,买盘
463,14:33:15,6.66,--,7,4662,买盘
464,14:33:12,6.66,0.01,38,25308,买盘
465,14:33:09,6.65,-0.01,650,432250,卖盘
466,14:33:06,6.66,0.01,1,666,买盘
467,14:33:03,6.65,--,248,164920,卖盘
468,14:33:00,6.65,--,15,9975,卖盘
469,14:32:57,6.65,--,14,9310,卖盘
470,14:32:54,6.65,0.01,802,533463,买盘
471,14:32:51,6.64,-0.01,65,43160,卖盘
472,14:32:48,6.65,--,118,78470,买盘
473,14:32:45,6.65,--,40,26600,买盘
474,14:32:42,6.65,--,1261,838565,买盘
475,14:32:39,6.65,0.01,73,48545,买盘
476,14:32:36,6.64,-0.01,16,10624,卖盘
477,14:32:33,6.65,--,40,26600,买盘
478,14:32:30,6.65,--,61,40565,买盘
479,14:32:27,6.65,--,205,136325,买盘
480,14:32:24,6.65,--,5,3325,买盘
481,14:32:21,6.65,--,29,19285,买盘
482,14:32:18,6.65,--,37,24605,买盘
483,14:32:15,6.65,0.01,109,72485,买盘
484,14:32:12,6.64,-0.01,128,84992,卖盘
485,14:32:09,6.65,--,53,35245,买盘
486,14:32:06,6.65,--,2056,1367240,买盘
487,14:32:03,6.65,0.01,14,9310,买盘
488,14:32:00,6.64,-0.01,142,94288,卖盘
489,14:31:57,6.65,--,309,205485,买盘
490,14:31:54,6.65,--,379,252035,买盘
491,14:31:51,6.65,0.01,39,25935,买盘
492,14:31:48,6.64,-0.01,37,24568,卖盘
493,14:31:45,6.65,--,144,95760,买盘
494,14:31:42,6.65,0.01,87,57855,买盘
495,14:31:39,6.64,-0.01,162,107568,卖盘
496,14:31:36,6.65,--,27,17955,买盘
497,14:31:33,6.65,--,48,31920,买盘
498,14:31:30,6.65,--,1306,868490,买盘
499,14:31:27,6.65,0.01,14,9310,买盘
500,14:31:24,6.64,-0.01,55,36520,卖盘
501,14:31:21,6.65,--,55,36575,买盘
502,14:31:18,6.65,--,112,74480,买盘
503,14:31:15,6.65,--,9,5985,买盘
504,14:31:12,6.65,0.01,12,7980,买盘
505,14:31:09,6.64,--,195,129480,买盘
506,14:31:06,6.64,--,292,193888,买盘
507,14:31:03,6.64,--,2,1328,买盘
508,14:31:00,6.64,--,173,114872,买盘
509,14:30:57,6.64,--,500,332000,买盘
510,14:30:54,6.64,--,183,121512,买盘
511,14:30:51,6.64,-0.01,133,88312,卖盘
512,14:30:48,6.65,0.01,142,94430,买盘
513,14:30:45,6.64,--,20,13280,买盘
514,14:30:42,6.64,--,1264,839296,买盘
515,14:30:39,6.64,0.01,11,7304,买盘
516,14:30:36,6.63,--,191,126633,卖盘
517,14:30:33,6.63,-0.01,30,19890,卖盘
518,14:30:30,6.64,--,31,20584,买盘
519,14:30:27,6.64,--,33,21912,买盘
520,14:30:24,6.64,--,585,388440,买盘
521,14:30:21,6.64,--,30,19920,买盘
522,14:30:18,6.64,--,99,65736,卖盘
523,14:30:15,6.64,--,46,30544,卖盘
524,14:30:12,6.64,0.01,176,116864,买盘
525,14:30:09,6.63,-0.01,399,264537,卖盘
526,14:30:06,6.64,--,359,238376,买盘
527,14:30:03,6.64,--,80,53120,买盘
528,14:30:00,6.64,--,34,22576,买盘
529,14:29:57,6.64,--,520,345280,买盘
530,14:29:54,6.64,--,105,69720,买盘
531,14:29:51,6.64,0.01,27,17928,买盘
532,14:29:48,6.63,-0.01,111,73593,卖盘
533,14:29:45,6.64,--,305,202520,买盘
534,14:29:42,6.64,0.01,1193,792152,买盘
535,14:29:39,6.63,--,206,136578,卖盘
536,14:29:36,6.63,--,89,59007,卖盘
537,14:29:33,6.63,--,790,523770,买盘
538,14:29:30,6.63,--,1108,734604,买盘
539,14:29:27,6.63,--,237,157131,卖盘
540,14:29:24,6.63,--,24,15912,卖盘
541,14:29:21,6.63,--,212,140556,买盘
542,14:29:18,6.63,--,62,41106,买盘
543,14:29:15,6.63,--,13,8619,买盘
544,14:29:12,6.63,0.01,82,54366,买盘
545,14:29:09,6.62,-0.01,242,160204,卖盘
546,14:29:06,6.63,--,886,587418,卖盘
547,14:29:03,6.63,--,68,45084,卖盘
548,14:29:00,6.63,--,3505,2323815,买盘
549,14:28:57,6.63,--,909,602667,买盘
550,14:28:54,6.63,0.01,715,474045,买盘
551,14:28:51,6.62,-0.01,171,113202,卖盘
552,14:28:48,6.63,0.01,38,25194,买盘
553,14:28:45,6.62,-0.01,23,15226,卖盘
554,14:28:42,6.63,--,291,192933,买盘
555,14:28:39,6.63,0.01,396,262548,买盘
556,14:28:36,6.62,-0.01,641,424606,卖盘
557,14:28:33,6.63,0.01,78,51714,买盘
558,14:28:30,6.62,--,2357,1560334,卖盘
559,14:28:27,6.62,-0.01,41,27142,卖盘
560,14:28:24,6.63,--,658,436254,买盘
561,14:28:21,6.63,0.01,254,168402,买盘
562,14:28:18,6.62,-0.01,770,509740,卖盘
563,14:28:15,6.63,--,133,88179,买盘
564,14:28:12,6.63,0.01,323,214149,买盘
565,14:28:09,6.62,-0.01,61,40382,卖盘
566,14:28:06,6.63,0.01,127,84201,买盘
567,14:28:03,6.62,--,842,557404,卖盘
568,14:28:00,6.62,--,4964,3286168,卖盘
569,14:27:57,6.62,--,321,212502,卖盘
570,14:27:54,6.62,--,1832,1212784,卖盘
571,14:27:51,6.62,-0.01,28,18536,卖盘
572,14:27:48,6.63,0.01,37,24531,买盘
573,14:27:45,6.62,-0.01,165,109230,卖盘
574,14:27:42,6.63,0.01,226,149838,买盘
575,14:27:39,6.62,-0.01,58,38396,卖盘
576,14:27:36,6.63,--,45,29835,买盘
577,14:27:33,6.63,--,12,7956,买盘
578,14:27:30,6.63,--,456,302328,买盘
579,14:27:27,6.63,--,61,40443,买盘
580,14:27:24,6.63,--,26,17238,买盘
581,14:27:21,6.63,--,78,51714,买盘
582,14:27:18,6.63,0.01,1233,817479,买盘
583,14:27:15,6.62,-0.01,190,125780,卖盘
584,14:27:12,6.63,--,131,87489,买盘
585,14:27:09,6.63,--,160,106106,卖盘
586,14:27:06,6.63,--,47,31161,卖盘
587,14:27:03,6.63,--,629,417027,卖盘
588,14:27:00,6.63,--,153,101439,卖盘
589,14:26:57,6.63,-0.01,3529,2339727,卖盘
590,14:26:54,6.64,0.01,34,22576,买盘
591,14:26:51,6.63,-0.01,324,214812,卖盘
592,14:26:48,6.64,0.01,35,23240,买盘
593,14:26:45,6.63,--,11,7293,卖盘
594,14:26:42,6.63,-0.01,1373,910299,卖盘
595,14:26:39,6.64,0.01,63,41832,买盘
596,14:26:36,6.63,--,119,78897,卖盘
597,14:26:33,6.63,-0.01,70,46410,卖盘
598,14:26:30,6.64,--,180,119520,买盘
599,14:26:27,6.64,--,1,664,买盘
600,14:26:24,6.64,0.01,76,50464,买盘
601,14:26:21,6.63,-0.01,66,43758,卖盘
602,14:26:18,6.64,--,91,60424,买盘
603,14:26:12,6.64,--,436,289504,买盘
604,14:26:09,6.64,0.01,468,310752,买盘
605,14:26:06,6.63,-0.01,1204,798252,卖盘
606,14:26:03,6.64,--,14,9296,买盘
607,14:26:00,6.64,0.01,2,1328,买盘
608,14:25:57,6.63,--,568,376584,卖盘
609,14:25:54,6.63,--,21,13923,卖盘
610,14:25:51,6.63,--,128,84864,卖盘
611,14:25:48,6.63,-0.01,48,31824,卖盘
612,14:25:45,6.64,0.01,5,3320,买盘
613,14:25:42,6.63,--,3,1989,卖盘
614,14:25:39,6.63,--,271,179673,卖盘
615,14:25:36,6.63,--,412,273156,卖盘
616,14:25:33,6.63,--,78,51714,卖盘
617,14:25:30,6.63,-0.01,1298,860574,卖盘
618,14:25:27,6.64,--,1494,992016,买盘
619,14:25:24,6.64,--,339,225096,买盘
620,14:25:21,6.64,0.01,1,664,买盘
621,14:25:18,6.63,-0.01,117,77571,卖盘
622,14:25:15,6.64,0.01,151,100264,买盘
623,14:25:12,6.63,--,654,433602,卖盘
624,14:25:09,6.63,-0.01,223,147849,卖盘
625,14:25:06,6.64,--,1,664,买盘
626,14:25:03,6.64,--,54,35856,买盘
627,14:25:00,6.64,--,115,76360,买盘
628,14:24:57,6.64,--,68,45152,买盘
629,14:24:54,6.64,--,967,642088,卖盘
630,14:24:51,6.64,--,405,268920,卖盘
631,14:24:48,6.64,--,62,41168,卖盘
632,14:24:45,6.64,0.01,20,13280,卖盘
633,14:24:42,6.63,--,771,511173,卖盘
634,14:24:39,6.63,--,333,220779,卖盘
635,14:24:36,6.63,--,66,43758,卖盘
636,14:24:33,6.63,-0.01,41,27183,卖盘
637,14:24:30,6.64,--,7,4648,买盘
638,14:24:27,6.64,0.01,11,7304,买盘
639,14:24:24,6.63,-0.01,4,2652,卖盘
640,14:24:21,6.64,--,120,79680,买盘
641,14:24:18,6.64,-0.01,937,622168,卖盘
642,14:24:15,6.65,--,56,37240,买盘
643,14:24:12,6.65,0.01,28,18620,买盘
644,14:24:09,6.64,--,45,29880,卖盘
645,14:24:06,6.64,--,11,7304,卖盘
646,14:24:03,6.64,--,56,37184,卖盘
647,14:24:00,6.64,-0.01,5,3320,卖盘
648,14:23:57,6.65,--,120,79800,买盘
649,14:23:54,6.65,0.01,9,5985,买盘
650,14:23:51,6.64,--,20,13280,卖盘
651,14:23:48,6.64,0.01,48,31872,买盘
652,14:23:45,6.63,-0.01,40,26520,卖盘
653,14:23:42,6.64,0.01,1361,903704,买盘
654,14:23:39,6.63,-0.01,154,102102,卖盘
655,14:23:36,6.64,--,65,43160,买盘
656,14:23:33,6.64,--,31,20584,买盘
657,14:23:30,6.64,--,579,384456,买盘
658,14:23:27,6.64,--,26,17264,买盘
659,14:23:24,6.64,--,39,25896,买盘
660,14:23:21,6.64,0.01,111,73704,买盘
661,14:23:18,6.63,-0.01,2245,1488435,卖盘
662,14:23:15,6.64,--,118,78352,买盘
663,14:23:12,6.64,--,15,9960,买盘
664,14:23:09,6.64,--,84,55776,买盘
665,14:23:06,6.64,--,439,291496,卖盘
666,14:23:03,6.64,--,139,92296,卖盘
667,14:22:57,6.64,--,55,36520,卖盘
668,14:22:51,6.64,-0.01,2,1328,卖盘
669,14:22:48,6.65,0.01,30,19950,买盘
670,14:22:42,6.64,--,2018,1339952,卖盘
671,14:22:39,6.64,-0.01,56,37184,卖盘
672,14:22:36,6.65,0.01,83,55195,买盘
673,14:22:33,6.64,--,320,212480,卖盘
674,14:22:30,6.64,-0.01,1181,784184,卖盘
675,14:22:27,6.65,--,47,31255,买盘
676,14:22:18,6.65,0.01,36,23940,买盘
677,14:22:15,6.64,-0.01,125,83000,卖盘
678,14:22:12,6.65,0.01,145,96425,买盘
679,14:22:09,6.64,--,79,52456,卖盘
680,14:22:06,6.64,-0.01,4,2656,卖盘
681,14:22:03,6.65,0.01,214,142310,买盘
682,14:21:54,6.64,--,1245,826680,卖盘
683,14:21:51,6.64,--,634,420976,买盘
684,14:21:48,6.64,--,33,21912,买盘
685,14:21:45,6.64,--,45,29880,买盘
686,14:21:42,6.64,--,779,517256,卖盘
687,14:21:39,6.64,-0.01,55,36520,卖盘
688,14:21:36,6.65,0.01,58,38570,买盘
689,14:21:33,6.64,--,73,48472,卖盘
690,14:21:30,6.64,-0.01,8,5312,卖盘
691,14:21:27,6.65,0.01,16,10640,买盘
692,14:21:24,6.64,--,10,6640,卖盘
693,14:21:21,6.64,--,209,138776,买盘
694,14:21:18,6.64,-0.01,1360,903040,卖盘
695,14:21:15,6.65,--,52,34580,买盘
696,14:21:12,6.65,--,22,14630,买盘
697,14:21:09,6.65,0.01,145,96425,买盘
698,14:21:06,6.64,--,12,7968,卖盘
699,14:21:03,6.64,--,34,22576,卖盘
700,14:21:00,6.64,--,47,31208,卖盘
701,14:20:57,6.64,--,59,39176,卖盘
702,14:20:54,6.64,--,245,162680,卖盘
703,14:20:51,6.64,-0.01,38,25232,卖盘
704,14:20:48,6.65,0.01,1097,729505,买盘
705,14:20:45,6.64,--,183,121512,买盘
706,14:20:42,6.64,-0.01,791,525224,卖盘
707,14:20:39,6.65,--,106,70490,买盘
708,14:20:36,6.65,0.01,100,66500,买盘
709,14:20:33,6.64,--,148,98272,卖盘
710,14:20:30,6.64,-0.01,30,19920,卖盘
711,14:20:27,6.65,--,3,1995,买盘
712,14:20:24,6.65,--,419,278635,买盘
713,14:20:21,6.65,0.01,120,79800,买盘
714,14:20:18,6.64,-0.01,87,57768,卖盘
715,14:20:15,6.65,--,263,174895,买盘
716,14:20:12,6.65,--,33,21945,买盘
717,14:20:09,6.65,0.01,40,26600,买盘
718,14:20:06,6.64,--,1204,799456,卖盘
719,14:19:54,6.64,--,175,116200,买盘
720,14:19:51,6.64,0.01,50,33200,买盘
721,14:19:48,6.63,-0.01,193,127959,卖盘
722,14:19:45,6.64,--,169,112216,买盘
723,14:19:42,6.64,--,9,5976,买盘
724,14:19:39,6.64,--,73,48472,买盘
725,14:19:36,6.64,0.01,82,54448,买盘
726,14:19:33,6.63,-0.01,3,1989,卖盘
727,14:19:30,6.64,-0.01,757,502648,卖盘
728,14:19:24,6.65,0.01,57,37905,买盘
729,14:19:21,6.64,-0.01,7112,4722368,卖盘
730,14:19:18,6.65,--,20,13300,买盘
731,14:19:15,6.65,--,504,335160,买盘
732,14:19:12,6.65,--,487,323855,卖盘
733,14:19:09,6.65,-0.01,4113,2735145,卖盘
734,14:19:06,6.66,0.01,91,60606,买盘
735,14:19:03,6.65,-0.01,9,5985,卖盘
736,14:18:57,6.66,0.01,130,86580,买盘
737,14:18:54,6.65,-0.01,1378,916370,卖盘
738,14:18:51,6.66,--,96,63936,买盘
739,14:18:48,6.66,--,30,19980,买盘
740,14:18:45,6.66,--,27,17982,买盘
741,14:18:42,6.66,--,55,36630,买盘
742,14:18:39,6.66,--,23,15318,买盘
743,14:18:36,6.66,0.01,73,48618,买盘
744,14:18:33,6.65,-0.01,103,68495,卖盘
745,14:18:30,6.66,0.01,260,173160,买盘
746,14:18:27,6.65,--,35,23275,卖盘
747,14:18:24,6.65,-0.01,83,55195,卖盘
748,14:18:21,6.66,0.01,20,13320,买盘
749,14:18:18,6.65,-0.02,96,63840,卖盘
750,14:18:15,6.67,0.01,154,102718,买盘
751,14:18:12,6.66,--,186,123876,买盘
752,14:18:09,6.66,0.01,4,2664,买盘
753,14:18:06,6.65,-0.01,49,32585,卖盘
754,14:18:03,6.66,--,23,15318,买盘
755,14:18:00,6.66,--,38,25308,买盘
756,14:17:57,6.66,0.01,10,6660,买盘
757,14:17:54,6.65,-0.01,9,5985,卖盘
758,14:17:51,6.66,--,12,7992,买盘
759,14:17:48,6.66,-0.01,15,9990,卖盘
760,14:17:45,6.67,0.02,27,18009,买盘
761,14:17:42,6.65,-0.01,2120,1409800,卖盘
762,14:17:39,6.66,--,15,9990,买盘
763,14:17:36,6.66,--,144,95904,买盘
764,14:17:33,6.66,0.01,10,6660,买盘
765,14:17:30,6.65,--,358,238070,卖盘
766,14:17:27,6.65,-0.01,48,31920,卖盘
767,14:17:24,6.66,--,3,1998,买盘
768,14:17:21,6.66,--,65,43290,买盘
769,14:17:18,6.66,--,15,9990,买盘
770,14:17:15,6.66,--,101,67266,买盘
771,14:17:12,6.66,--,27,17982,买盘
772,14:17:09,6.66,--,13,8658,买盘
773,14:17:06,6.66,--,128,85248,卖盘
774,14:17:03,6.66,--,3,1998,卖盘
775,14:17:00,6.66,--,14,9324,卖盘
776,14:16:57,6.66,--,193,128538,卖盘
777,14:16:54,6.66,--,19,12654,卖盘
778,14:16:51,6.66,--,12,7992,卖盘
779,14:16:48,6.66,--,55,36630,卖盘
780,14:16:45,6.66,--,5,3330,买盘
781,14:16:42,6.66,0.01,465,309690,买盘
782,14:16:39,6.65,-0.02,280,186200,卖盘
783,14:16:36,6.67,0.01,364,242788,买盘
784,14:16:33,6.66,--,24,15984,卖盘
785,14:16:30,6.66,--,350,233100,买盘
786,14:16:27,6.66,--,155,103230,买盘
787,14:16:21,6.66,--,2,1332,买盘
788,14:16:18,6.66,--,50,33300,买盘
789,14:16:15,6.66,--,334,222444,买盘
790,14:16:12,6.66,--,248,165168,买盘
791,14:16:09,6.66,--,16,10656,买盘
792,14:16:06,6.66,--,40,26640,买盘
793,14:16:03,6.66,0.01,210,139860,买盘
794,14:16:00,6.65,-0.01,9,5985,卖盘
795,14:15:54,6.66,--,160,106560,买盘
796,14:15:51,6.66,--,12,7992,买盘
797,14:15:48,6.66,--,1,666,买盘
798,14:15:45,6.66,--,201,133866,卖盘
799,14:15:42,6.66,-0.01,32,21312,卖盘
800,14:15:39,6.67,0.01,19,12673,买盘
801,14:15:36,6.66,--,640,426240,买盘
802,14:15:33,6.66,--,115,76590,买盘
803,14:15:30,6.66,0.01,10,6660,买盘
804,14:15:27,6.65,-0.01,108,71820,卖盘
805,14:15:24,6.66,--,100,66600,卖盘
806,14:15:21,6.66,--,42,27972,卖盘
807,14:15:18,6.66,-0.01,94,62604,卖盘
808,14:15:15,6.67,0.02,1141,761047,买盘
809,14:15:12,6.65,-0.01,195,129675,卖盘
810,14:15:09,6.66,0.01,98,65268,买盘
811,14:15:06,6.65,--,222,147630,卖盘
812,14:15:03,6.65,--,9,5985,卖盘
813,14:15:00,6.65,--,114,75810,卖盘
814,14:14:57,6.65,--,1,665,卖盘
815,14:14:54,6.65,-0.01,182,121030,卖盘
816,14:14:48,6.66,--,3,1998,买盘
817,14:14:45,6.66,0.01,28,18648,买盘
818,14:14:42,6.65,-0.01,49,32585,卖盘
819,14:14:39,6.66,--,4,2664,买盘
820,14:14:36,6.66,--,43,28638,买盘
821,14:14:33,6.66,0.01,33,21978,买盘
822,14:14:30,6.65,--,205,136325,卖盘
823,14:14:27,6.65,--,23,15295,卖盘
824,14:14:24,6.65,-0.01,19,12635,卖盘
825,14:14:21,6.66,--,10,6660,买盘
826,14:14:18,6.66,--,252,167832,买盘
827,14:14:15,6.66,--,27,17982,买盘
828,14:14:12,6.66,0.01,36,23976,买盘
829,14:14:09,6.65,-0.01,1773,1179045,卖盘
830,14:14:06,6.66,--,48,31968,买盘
831,14:14:03,6.66,0.01,62,41292,买盘
832,14:14:00,6.65,--,87,57855,卖盘
833,14:13:57,6.65,--,103,68495,卖盘
834,14:13:54,6.65,--,55,36575,卖盘
835,14:13:51,6.65,-0.01,198,131670,卖盘
836,14:13:48,6.66,--,394,262404,卖盘
837,14:13:45,6.66,-0.01,36,23976,卖盘
838,14:13:42,6.67,--,1040,693680,买盘
839,14:13:39,6.67,0.01,3,2001,买盘
840,14:13:36,6.66,--,168,111888,卖盘
841,14:13:33,6.66,--,364,242424,卖盘
842,14:13:30,6.66,-0.01,545,362970,卖盘
843,14:13:27,6.67,0.01,211,140737,买盘
844,14:13:24,6.66,-0.01,60,39960,卖盘
845,14:13:18,6.67,--,83,55361,买盘
846,14:13:12,6.67,--,20,13340,买盘
847,14:13:09,6.67,0.01,292,194764,买盘
848,14:13:06,6.66,--,302,201132,卖盘
849,14:13:03,6.66,-0.01,34,22644,卖盘
850,14:13:00,6.67,--,115,76705,买盘
851,14:12:57,6.67,--,5,3335,买盘
852,14:12:51,6.67,0.01,95,63365,买盘
853,14:12:48,6.66,-0.01,85,56610,卖盘
854,14:12:45,6.67,--,18,12006,买盘
855,14:12:42,6.67,--,105,70035,买盘
856,14:12:36,6.67,--,42,28014,买盘
857,14:12:33,6.67,--,11,7337,买盘
858,14:12:30,6.67,0.01,604,402868,买盘
859,14:12:24,6.66,--,1,666,卖盘
860,14:12:21,6.66,-0.01,288,191808,卖盘
861,14:12:18,6.67,--,10,6670,买盘
862,14:12:15,6.67,--,95,63365,买盘
863,14:12:12,6.67,0.01,60,40020,买盘
864,14:12:06,6.66,--,38,25308,卖盘
865,14:12:03,6.66,-0.01,3,1998,卖盘
866,14:12:00,6.67,--,38,25346,买盘
867,14:11:57,6.67,0.01,50,33350,买盘
868,14:11:54,6.66,-0.01,692,460872,卖盘
869,14:11:51,6.67,0.01,35,23345,买盘
870,14:11:48,6.66,--,123,81918,卖盘
871,14:11:45,6.66,--,16,10656,卖盘
872,14:11:39,6.66,-0.01,154,102564,卖盘
873,14:11:33,6.67,0.01,72,48024,买盘
874,14:11:30,6.66,--,1,666,卖盘
875,14:11:27,6.66,--,83,55278,买盘
876,14:11:24,6.66,-0.01,461,307026,卖盘
877,14:11:18,6.67,0.01,10,6670,买盘
878,14:11:15,6.66,--,28,18648,卖盘
879,14:11:06,6.66,-0.01,3,1998,卖盘
880,14:11:03,6.67,0.01,37,24679,买盘
881,14:11:00,6.66,0.01,14,9324,卖盘
882,14:10:54,6.65,-0.01,327,217455,卖盘
883,14:10:48,6.66,--,43,28638,买盘
884,14:10:45,6.66,--,13,8658,卖盘
885,14:10:42,6.66,--,14,9324,卖盘
886,14:10:39,6.66,--,18,11988,卖盘
887,14:10:33,6.66,0.01,40,26640,中性盘
888,14:10:30,6.65,-0.01,78,51870,卖盘
889,14:10:27,6.66,--,624,415584,买盘
890,14:10:24,6.66,0.01,109,72594,买盘
891,14:10:21,6.65,-0.01,435,289275,卖盘
892,14:10:18,6.66,--,54,35964,买盘
893,14:10:15,6.66,--,321,213786,买盘
894,14:10:12,6.66,--,1455,969030,买盘
895,14:10:09,6.66,--,12,7992,买盘
896,14:10:06,6.66,--,61,40626,买盘
897,14:10:03,6.66,--,24,15984,买盘
898,14:10:00,6.66,--,67,44622,买盘
899,14:09:57,6.66,--,16,10656,买盘
900,14:09:54,6.66,-0.01,1223,814518,卖盘
901,14:09:48,6.67,--,3,2001,买盘
902,14:09:45,6.67,--,5,3335,买盘
903,14:09:39,6.67,0.01,7,4669,买盘
904,14:09:36,6.66,-0.01,163,108558,卖盘
905,14:09:33,6.67,--,745,496915,买盘
906,14:09:30,6.67,--,1,667,买盘
907,14:09:27,6.67,--,53,35351,买盘
908,14:09:24,6.67,--,7,4669,买盘
909,14:09:21,6.67,--,209,139403,买盘
910,14:09:18,6.67,0.01,1000,667000,买盘
911,14:09:15,6.66,--,96,63936,卖盘
912,14:09:12,6.66,-0.01,236,157176,卖盘
913,14:09:09,6.67,--,39,26013,买盘
914,14:09:06,6.67,0.01,18,12006,买盘
915,14:09:03,6.66,--,2,1332,卖盘
916,14:09:00,6.66,-0.01,60,39960,卖盘
917,14:08:57,6.67,--,91,60697,买盘
918,14:08:51,6.67,--,77,51359,买盘
919,14:08:48,6.67,--,30,20010,买盘
920,14:08:45,6.67,--,20,13340,买盘
921,14:08:42,6.67,--,43,28681,买盘
922,14:08:39,6.67,0.01,2,1334,买盘
923,14:08:36,6.66,-0.01,61,40626,卖盘
924,14:08:33,6.67,0.01,63,42021,买盘
925,14:08:30,6.66,-0.01,3,1998,卖盘
926,14:08:27,6.67,0.01,10,6670,买盘
927,14:08:24,6.66,--,12,7992,卖盘
928,14:08:21,6.66,-0.01,6,3996,卖盘
929,14:08:18,6.67,--,109,72703,买盘
930,14:08:15,6.67,--,159,106053,买盘
931,14:08:12,6.67,--,28,18676,买盘
932,14:08:09,6.67,--,82,54694,买盘
933,14:08:03,6.67,--,6,4002,买盘
934,14:08:00,6.67,--,1,667,买盘
935,14:07:57,6.67,--,359,239453,买盘
936,14:07:54,6.67,--,21,14007,买盘
937,14:07:51,6.67,--,480,320160,买盘
938,14:07:48,6.67,0.01,803,535601,买盘
939,14:07:45,6.66,-0.01,130,86580,卖盘
940,14:07:42,6.67,0.01,307,204769,买盘
941,14:07:39,6.66,--,762,507492,卖盘
942,14:07:33,6.66,-0.01,263,175158,卖盘
943,14:07:30,6.67,--,2,1334,买盘
944,14:07:27,6.67,--,24,16008,买盘
945,14:07:24,6.67,--,6,4002,买盘
946,14:07:21,6.67,--,120,80040,买盘
947,14:07:18,6.67,--,127,84709,买盘
948,14:07:15,6.67,0.01,598,398866,买盘
949,14:07:12,6.66,--,81,53946,卖盘
950,14:07:09,6.66,-0.01,2,1332,卖盘
951,14:07:03,6.67,--,169,112723,买盘
952,14:07:00,6.67,0.01,24,16008,买盘
953,14:06:57,6.66,--,43,28638,卖盘
954,14:06:45,6.66,--,1,666,卖盘
955,14:06:42,6.66,--,5,3330,卖盘
956,14:06:39,6.66,--,1,666,卖盘
957,14:06:36,6.66,--,47,31302,卖盘
958,14:06:33,6.66,-0.01,20,13320,卖盘
959,14:06:30,6.67,--,33,22011,买盘
960,14:06:27,6.67,0.02,50,33350,买盘
961,14:06:24,6.65,-0.01,457,303905,卖盘
962,14:06:18,6.66,--,69,45954,卖盘
963,14:06:15,6.66,--,69,45954,卖盘
964,14:06:12,6.66,--,106,70596,卖盘
965,14:06:06,6.66,--,100,66600,卖盘
966,14:06:03,6.66,--,103,68598,卖盘
967,14:06:00,6.66,--,83,55278,卖盘
968,14:05:57,6.66,--,15,9990,卖盘
969,14:05:54,6.66,0.01,98,65268,买盘
970,14:05:51,6.65,-0.01,826,549290,卖盘
971,14:05:48,6.66,--,44,29304,买盘
972,14:05:45,6.66,--,703,468198,买盘
973,14:05:42,6.66,--,400,266400,买盘
974,14:05:39,6.66,--,33,21978,买盘
975,14:05:36,6.66,0.01,190,126540,买盘
976,14:05:33,6.65,-0.01,456,303240,卖盘
977,14:05:30,6.66,0.01,29,19314,买盘
978,14:05:27,6.65,-0.01,220,146300,卖盘
979,14:05:21,6.66,--,152,101232,买盘
980,14:05:18,6.66,--,10,6660,买盘
981,14:05:15,6.66,0.01,23,15318,买盘
982,14:05:12,6.65,-0.01,52,34580,卖盘
983,14:05:06,6.66,--,13,8658,买盘
984,14:05:03,6.66,0.01,52,34632,买盘
985,14:05:00,6.65,--,316,210140,卖盘
986,14:04:57,6.65,--,48,31920,卖盘
987,14:04:54,6.65,-0.01,160,106400,卖盘
988,14:04:48,6.66,--,57,37962,买盘
989,14:04:45,6.66,0.01,275,183150,买盘
990,14:04:42,6.65,--,20,13300,卖盘
991,14:04:39,6.65,--,255,169575,卖盘
992,14:04:36,6.65,--,8,5320,卖盘
993,14:04:33,6.65,-0.01,70,46550,卖盘
994,14:04:30,6.66,--,30,19980,买盘
995,14:04:27,6.66,--,1,666,买盘
996,14:04:24,6.66,--,203,135198,买盘
997,14:04:21,6.66,--,89,59274,买盘
998,14:04:18,6.66,0.01,1644,1094904,买盘
999,14:04:15,6.65,--,116,77140,卖盘
1000,14:04:12,6.65,-0.01,24,15960,卖盘
1001,14:04:09,6.66,--,25,16650,买盘
1002,14:04:06,6.66,0.01,66,43956,买盘
1003,14:04:03,6.65,-0.01,80,53200,卖盘
1004,14:03:57,6.66,0.01,5,3330,买盘
1005,14:03:54,6.65,--,228,151620,卖盘
1006,14:03:48,6.65,-0.01,5,3325,卖盘
1007,14:03:45,6.66,0.01,16,10656,买盘
1008,14:03:42,6.65,-0.01,57,37905,卖盘
1009,14:03:39,6.66,--,6,3996,买盘
1010,14:03:36,6.66,--,2,1332,买盘
1011,14:03:33,6.66,0.01,43,28638,买盘
1012,14:03:30,6.65,-0.01,11,7315,卖盘
1013,14:03:27,6.66,--,78,51948,买盘
1014,14:03:21,6.66,--,312,207792,买盘
1015,14:03:18,6.66,0.01,27,17982,买盘
1016,14:03:15,6.65,-0.01,89,59185,卖盘
1017,14:03:12,6.66,0.01,20,13320,买盘
1018,14:03:09,6.65,--,34,22610,卖盘
1019,14:03:06,6.65,-0.01,420,279300,卖盘
1020,14:03:03,6.66,0.01,82,54612,买盘
1021,14:03:00,6.65,-0.01,50,33250,卖盘
1022,14:02:54,6.66,0.01,43,28638,买盘
1023,14:02:51,6.65,--,105,69825,卖盘
1024,14:02:48,6.65,--,100,66500,卖盘
1025,14:02:42,6.65,--,30,19950,卖盘
1026,14:02:39,6.65,--,3,1995,卖盘
1027,14:02:36,6.65,--,154,102410,卖盘
1028,14:02:33,6.65,--,88,58520,卖盘
1029,14:02:27,6.65,--,10,6650,卖盘
1030,14:02:24,6.65,--,122,81130,卖盘
1031,14:02:21,6.65,-0.01,169,112385,卖盘
1032,14:02:15,6.66,--,80,53280,买盘
1033,14:02:12,6.66,0.01,27,17982,买盘
1034,14:02:09,6.65,--,705,468825,卖盘
1035,14:02:03,6.65,-0.01,50,33250,卖盘
1036,14:02:00,6.66,0.01,12,7992,买盘
1037,14:01:57,6.65,0.01,351,233415,买盘
1038,14:01:54,6.64,-0.01,17,11288,卖盘
1039,14:01:51,6.65,--,65,43225,买盘
1040,14:01:48,6.65,--,5,3325,买盘
1041,14:01:45,6.65,-0.01,536,356440,卖盘
1042,14:01:42,6.66,0.02,465,309690,买盘
1043,14:01:39,6.64,-0.01,72,47808,卖盘
1044,14:01:36,6.65,--,114,75810,买盘
1045,14:01:33,6.65,--,10,6650,买盘
1046,14:01:30,6.65,--,16,10640,买盘
1047,14:01:27,6.65,--,315,209475,卖盘
1048,14:01:24,6.65,--,24,15960,卖盘
1049,14:01:21,6.65,--,176,117040,卖盘
1050,14:01:18,6.65,--,65,43225,卖盘
1051,14:01:15,6.65,--,50,33250,卖盘
1052,14:01:12,6.65,--,72,47880,卖盘
1053,14:01:09,6.65,--,69,45885,卖盘
1054,14:01:06,6.65,--,503,334495,卖盘
1055,14:01:03,6.65,--,129,85785,卖盘
1056,14:01:00,6.65,-0.01,11,7315,卖盘
1057,14:00:57,6.66,--,5,3330,买盘
1058,14:00:54,6.66,0.01,51,33966,买盘
1059,14:00:51,6.65,--,65,43225,卖盘
1060,14:00:48,6.65,--,13,8645,卖盘
1061,14:00:45,6.65,--,171,113715,卖盘
1062,14:00:42,6.65,--,59,39235,卖盘
1063,14:00:39,6.65,-0.01,20,13300,卖盘
1064,14:00:36,6.66,0.01,45,29970,买盘
1065,14:00:33,6.65,--,818,543970,卖盘
1066,14:00:30,6.65,--,774,514710,卖盘
1067,14:00:27,6.65,-0.01,24,15960,卖盘
1068,14:00:24,6.66,0.01,30,19980,买盘
1069,14:00:21,6.65,-0.01,21,13965,卖盘
1070,14:00:18,6.66,--,14,9324,买盘
1071,14:00:15,6.66,--,44,29304,买盘
1072,14:00:12,6.66,0.01,35,23310,买盘
1073,14:00:09,6.65,--,302,200830,卖盘
1074,14:00:06,6.65,-0.01,8,5320,卖盘
1075,14:00:03,6.66,--,81,53946,买盘
1076,13:59:54,6.66,0.01,3,1998,买盘
1077,13:59:48,6.65,-0.01,148,98420,卖盘
1078,13:59:45,6.66,--,100,66600,卖盘
1079,13:59:42,6.66,-0.01,16,10656,卖盘
1080,13:59:39,6.67,0.01,3,2001,买盘
1081,13:59:36,6.66,--,87,57942,卖盘
1082,13:59:33,6.66,0.01,356,237096,买盘
1083,13:59:30,6.65,-0.01,60,39900,卖盘
1084,13:59:24,6.66,--,340,226440,买盘
1085,13:59:21,6.66,0.01,100,66600,买盘
1086,13:59:18,6.65,--,332,220780,卖盘
1087,13:59:15,6.65,-0.01,109,72485,卖盘
1088,13:59:12,6.66,--,48,31968,买盘
1089,13:59:09,6.66,--,105,69930,买盘
1090,13:59:06,6.66,--,41,27306,买盘
1091,13:59:00,6.66,--,394,262404,买盘
1092,13:58:57,6.66,--,112,74592,买盘
1093,13:58:51,6.66,0.01,138,91908,买盘
1094,13:58:48,6.65,--,141,93765,卖盘
1095,13:58:45,6.65,--,23,15295,卖盘
1096,13:58:42,6.65,-0.01,456,303240,卖盘
1097,13:58:39,6.66,--,11,7326,买盘
1098,13:58:36,6.66,--,3,1998,买盘
1099,13:58:33,6.66,--,19,12654,卖盘
1100,13:58:30,6.66,-0.01,256,170496,卖盘
1101,13:58:27,6.67,0.01,3,2001,买盘
1102,13:58:24,6.66,--,59,39294,卖盘
1103,13:58:12,6.66,0.01,59,39294,中性盘
1104,13:58:09,6.65,-0.01,415,275975,卖盘
1105,13:58:06,6.66,--,10,6660,买盘
1106,13:58:03,6.66,--,142,94572,卖盘
1107,13:58:00,6.66,-0.01,35,23310,卖盘
1108,13:57:57,6.67,0.01,41,27347,买盘
1109,13:57:51,6.66,--,86,57276,买盘
1110,13:57:48,6.66,--,71,47286,买盘
1111,13:57:45,6.66,--,30,19980,买盘
1112,13:57:42,6.66,-0.01,38,25308,中性盘
1113,13:57:39,6.67,0.01,187,124729,买盘
1114,13:57:36,6.66,--,55,36856,卖盘
1115,13:57:30,6.66,0.01,86,57715,买盘
1116,13:57:27,6.65,-0.01,456,303240,卖盘
1117,13:57:18,6.66,0.01,114,75924,买盘
1118,13:57:15,6.65,-0.01,118,78470,卖盘
1119,13:57:12,6.66,--,622,414252,买盘
1120,13:57:09,6.66,--,140,93240,买盘
1121,13:57:06,6.66,0.01,86,57276,买盘
1122,13:57:03,6.65,-0.01,120,79800,卖盘
1123,13:57:00,6.66,--,109,72594,买盘
1124,13:56:57,6.66,--,10,6660,买盘
1125,13:56:54,6.66,--,74,49284,买盘
1126,13:56:51,6.66,--,7,4662,买盘
1127,13:56:48,6.66,0.01,52,34632,买盘
1128,13:56:45,6.65,--,20,13300,卖盘
1129,13:56:42,6.65,-0.01,109,72485,卖盘
1130,13:56:39,6.66,--,52,34632,买盘
1131,13:56:36,6.66,--,3,1998,买盘
1132,13:56:33,6.66,--,70,46620,买盘
1133,13:56:30,6.66,--,1,666,买盘
1134,13:56:27,6.66,0.01,20,13320,买盘
1135,13:56:24,6.65,--,92,61180,卖盘
1136,13:56:21,6.65,-0.01,1,665,卖盘
1137,13:56:18,6.66,--,175,116550,买盘
1138,13:56:15,6.66,--,58,38628,买盘
1139,13:56:12,6.66,0.01,174,115884,买盘
1140,13:56:09,6.65,--,409,271985,卖盘
1141,13:56:06,6.65,-0.01,53,35245,卖盘
1142,13:56:03,6.66,--,184,122544,买盘
1143,13:55:57,6.66,0.01,105,69930,买盘
1144,13:55:54,6.65,-0.01,7,4655,卖盘
1145,13:55:51,6.66,--,147,97902,买盘
1146,13:55:48,6.66,0.01,131,87246,买盘
1147,13:55:45,6.65,0.01,44,29260,买盘
1148,13:55:42,6.64,--,128,84992,卖盘
1149,13:55:39,6.64,--,3,1992,卖盘
1150,13:55:36,6.64,-0.01,30,19920,卖盘
1151,13:55:33,6.65,--,285,189525,买盘
1152,13:55:30,6.65,--,20,13300,买盘
1153,13:55:27,6.65,0.01,22,14630,买盘
1154,13:55:24,6.64,-0.02,5,3320,卖盘
1155,13:55:21,6.66,0.01,681,453772,买盘
1156,13:55:18,6.65,--,50,33250,卖盘
1157,13:55:15,6.65,--,123,81795,卖盘
1158,13:55:12,6.65,-0.01,985,655025,卖盘
1159,13:55:09,6.66,0.01,4,2664,买盘
1160,13:55:06,6.65,--,66,43890,卖盘
1161,13:55:03,6.65,-0.01,28,18620,卖盘
1162,13:55:00,6.66,--,279,185814,买盘
1163,13:54:57,6.66,--,21,13986,买盘
1164,13:54:54,6.66,0.01,101,67266,买盘
1165,13:54:51,6.65,-0.01,47,31255,卖盘
1166,13:54:48,6.66,0.01,7,4662,买盘
1167,13:54:45,6.65,--,23,15295,卖盘
1168,13:54:42,6.65,--,58,38570,卖盘
1169,13:54:39,6.65,--,80,53200,卖盘
1170,13:54:36,6.65,--,40,26600,卖盘
1171,13:54:33,6.65,--,841,559703,买盘
1172,13:54:30,6.65,--,54,35910,买盘
1173,13:54:27,6.65,0.01,30,19950,买盘
1174,13:54:24,6.64,-0.01,82,54448,卖盘
1175,13:54:18,6.65,0.01,120,79800,买盘
1176,13:54:15,6.64,-0.01,46,30544,卖盘
1177,13:54:12,6.65,--,23,15295,买盘
1178,13:54:09,6.65,--,207,137655,买盘
1179,13:54:06,6.65,--,64,42560,买盘
1180,13:54:03,6.65,0.01,154,102410,买盘
1181,13:54:00,6.64,-0.01,50,33200,卖盘
1182,13:53:57,6.65,--,22,14630,买盘
1183,13:53:54,6.65,--,30,19950,买盘
1184,13:53:51,6.65,--,13,8645,买盘
1185,13:53:48,6.65,--,250,166250,买盘
1186,13:53:45,6.65,--,52,34580,买盘
1187,13:53:42,6.65,--,43,28595,买盘
1188,13:53:39,6.65,--,9,5985,买盘
1189,13:53:36,6.65,--,10,6650,买盘
1190,13:53:30,6.65,--,59,39235,买盘
1191,13:53:27,6.65,0.01,197,131005,买盘
1192,13:53:24,6.64,--,25,16600,卖盘
1193,13:53:21,6.64,-0.01,50,33200,卖盘
1194,13:53:18,6.65,--,187,124355,买盘
1195,13:53:15,6.65,--,112,74480,买盘
1196,13:53:12,6.65,0.01,19,12635,买盘
1197,13:53:09,6.64,--,1000,664000,卖盘
1198,13:53:06,6.64,-0.01,350,232400,卖盘
1199,13:53:03,6.65,0.01,117,77805,买盘
1200,13:53:00,6.64,--,20,13280,卖盘
1201,13:52:57,6.64,-0.01,6,3984,卖盘
1202,13:52:54,6.65,0.01,97,64505,买盘
1203,13:52:51,6.64,-0.01,14,9296,卖盘
1204,13:52:48,6.65,--,144,95760,买盘
1205,13:52:45,6.65,--,20,13300,买盘
1206,13:52:42,6.65,0.01,262,174230,买盘
1207,13:52:39,6.64,-0.01,106,70384,卖盘
1208,13:52:36,6.65,0.01,15,9975,买盘
1209,13:52:33,6.64,-0.01,1354,899056,卖盘
1210,13:52:30,6.65,--,134,89110,买盘
1211,13:52:27,6.65,--,20,13300,买盘
1212,13:52:24,6.65,--,282,187530,买盘
1213,13:52:21,6.65,--,3,1995,买盘
1214,13:52:18,6.65,0.01,17,11305,买盘
1215,13:52:15,6.64,-0.01,28,18592,卖盘
1216,13:52:12,6.65,--,137,91105,买盘
1217,13:52:09,6.65,--,374,248710,买盘
1218,13:52:06,6.65,--,15,9975,买盘
1219,13:52:03,6.65,0.01,85,56525,买盘
1220,13:52:00,6.64,--,18,11952,卖盘
1221,13:51:57,6.64,--,19,12616,卖盘
1222,13:51:54,6.64,--,89,59096,卖盘
1223,13:51:51,6.64,--,11,7304,卖盘
1224,13:51:48,6.64,--,70,46480,卖盘
1225,13:51:45,6.64,--,20,13280,卖盘
1226,13:51:42,6.64,--,45,29880,卖盘
1227,13:51:39,6.64,-0.01,32,21248,卖盘
1228,13:51:36,6.65,0.02,130,86450,买盘
1229,13:51:33,6.63,--,86,57018,卖盘
1230,13:51:30,6.63,-0.01,224,148512,卖盘
1231,13:51:27,6.64,--,437,290168,买盘
1232,13:51:24,6.64,0.01,253,167992,买盘
1233,13:51:21,6.63,-0.01,60,39780,卖盘
1234,13:51:18,6.64,--,228,151392,买盘
1235,13:51:15,6.64,0.01,127,84328,买盘
1236,13:51:12,6.63,-0.01,130,86190,卖盘
1237,13:51:09,6.64,--,73,48472,买盘
1238,13:51:06,6.64,--,118,78352,买盘
1239,13:51:03,6.64,--,735,488040,卖盘
1240,13:51:00,6.64,--,3080,2045120,卖盘
1241,13:50:57,6.64,--,116,77024,卖盘
1242,13:50:54,6.64,--,734,487376,卖盘
1243,13:50:51,6.64,--,40,26560,卖盘
1244,13:50:48,6.64,--,6,3984,卖盘
1245,13:50:45,6.64,--,162,107568,卖盘
1246,13:50:42,6.64,-0.01,133,88312,卖盘
1247,13:50:39,6.65,--,166,110390,买盘
1248,13:50:36,6.65,0.01,10,6650,买盘
1249,13:50:30,6.64,--,56,37184,卖盘
1250,13:50:27,6.64,--,140,92960,卖盘
1251,13:50:24,6.64,-0.01,86,57104,卖盘
1252,13:50:21,6.65,--,103,68495,买盘
1253,13:50:18,6.65,0.01,110,73150,买盘
1254,13:50:15,6.64,--,37,24568,卖盘
1255,13:50:12,6.64,--,38,25232,卖盘
1256,13:50:09,6.64,--,17,11288,卖盘
1257,13:50:06,6.64,--,164,108896,卖盘
1258,13:50:03,6.64,--,216,143424,卖盘
1259,13:50:00,6.64,-0.01,87,57768,卖盘
1260,13:49:57,6.65,0.01,311,206815,买盘
1261,13:49:54,6.64,--,20,13280,卖盘
1262,13:49:51,6.64,--,16,10624,卖盘
1263,13:49:48,6.64,-0.01,100,66400,卖盘
1264,13:49:45,6.65,0.01,206,136990,买盘
1265,13:49:42,6.64,-0.01,647,429608,卖盘
1266,13:49:39,6.65,0.01,1775,1180375,买盘
1267,13:49:36,6.64,-0.01,184,122176,卖盘
1268,13:49:30,6.65,0.01,555,369075,买盘
1269,13:49:27,6.64,--,38,25232,卖盘
1270,13:49:24,6.64,-0.01,64,42496,卖盘
1271,13:49:21,6.65,--,149,99085,买盘
1272,13:49:18,6.65,--,229,152285,买盘
1273,13:49:15,6.65,0.01,206,136990,买盘
1274,13:49:12,6.64,-0.01,707,469448,卖盘
1275,13:49:09,6.65,--,115,76475,买盘
1276,13:49:06,6.65,0.01,91,60515,买盘
1277,13:49:03,6.64,--,210,139440,卖盘
1278,13:49:00,6.64,--,849,563736,卖盘
1279,13:48:57,6.64,--,141,93624,卖盘
1280,13:48:54,6.64,--,171,113544,卖盘
1281,13:48:51,6.64,-0.01,629,417656,卖盘
1282,13:48:48,6.65,--,42,27930,买盘
1283,13:48:45,6.65,0.01,65,43225,买盘
1284,13:48:42,6.64,-0.01,32,21248,卖盘
1285,13:48:39,6.65,--,13,8645,买盘
1286,13:48:36,6.65,--,22,14630,买盘
1287,13:48:30,6.65,--,25,16625,买盘
1288,13:48:27,6.65,0.01,22,14630,买盘
1289,13:48:24,6.64,-0.01,45,29880,卖盘
1290,13:48:21,6.65,0.01,54,35910,买盘
1291,13:48:18,6.64,-0.01,64,42496,卖盘
1292,13:48:15,6.65,0.01,156,103740,买盘
1293,13:48:12,6.64,-0.01,111,73704,卖盘
1294,13:48:09,6.65,--,13,8645,买盘
1295,13:48:06,6.65,--,489,325411,卖盘
1296,13:48:03,6.65,--,242,160930,卖盘
1297,13:48:00,6.65,--,349,232085,卖盘
1298,13:47:57,6.65,-0.01,1208,803320,卖盘
1299,13:47:54,6.66,0.01,95,63270,买盘
1300,13:47:51,6.65,-0.01,117,77805,卖盘
1301,13:47:48,6.66,--,6,3996,买盘
1302,13:47:45,6.66,--,466,310356,买盘
1303,13:47:39,6.66,0.01,9,5994,买盘
1304,13:47:36,6.65,-0.01,36,23940,卖盘
1305,13:47:30,6.66,0.01,187,124542,买盘
1306,13:47:27,6.65,--,444,295260,卖盘
1307,13:47:24,6.65,-0.01,559,371735,卖盘
1308,13:47:21,6.66,0.01,2,1332,买盘
1309,13:47:18,6.65,-0.01,1,665,卖盘
1310,13:47:15,6.66,--,74,49284,买盘
1311,13:47:12,6.66,--,11,7326,买盘
1312,13:47:09,6.66,--,1,666,买盘
1313,13:47:06,6.66,-0.01,28,18648,卖盘
1314,13:47:03,6.67,0.02,185,123395,买盘
1315,13:47:00,6.65,-0.01,417,277305,卖盘
1316,13:46:54,6.66,--,91,60606,卖盘
1317,13:46:51,6.66,-0.01,3,1998,卖盘
1318,13:46:48,6.67,0.01,5,3335,买盘
1319,13:46:45,6.66,-0.01,48,31968,卖盘
1320,13:46:39,6.67,0.01,161,107387,买盘
1321,13:46:36,6.66,--,233,155178,卖盘
1322,13:46:33,6.66,-0.01,560,372960,卖盘
1323,13:46:30,6.67,--,112,74704,买盘
1324,13:46:27,6.67,--,48,32016,买盘
1325,13:46:21,6.67,--,52,34684,买盘
1326,13:46:18,6.67,0.01,13,8671,买盘
1327,13:46:15,6.66,--,45,29970,卖盘
1328,13:46:12,6.66,--,180,119880,卖盘
1329,13:46:09,6.66,-0.01,62,41292,卖盘
1330,13:46:06,6.67,--,2,1334,买盘
1331,13:46:03,6.67,--,5,3335,买盘
1332,13:46:00,6.67,--,88,58696,买盘
1333,13:45:54,6.67,--,39,26013,买盘
1334,13:45:51,6.67,0.01,169,112723,买盘
1335,13:45:48,6.66,-0.01,365,243090,卖盘
1336,13:45:42,6.67,--,435,290145,买盘
1337,13:45:39,6.67,0.01,100,66700,买盘
1338,13:45:36,6.66,--,37,24642,卖盘
1339,13:45:33,6.66,--,307,204462,卖盘
1340,13:45:30,6.66,-0.01,140,93240,卖盘
1341,13:45:27,6.67,--,5,3335,买盘
1342,13:45:24,6.67,0.01,41,27347,买盘
1343,13:45:21,6.66,--,152,101232,卖盘
1344,13:45:15,6.66,--,135,89910,卖盘
1345,13:45:12,6.66,--,773,514818,卖盘
1346,13:45:09,6.66,0.01,1071,713286,买盘
1347,13:45:06,6.65,-0.01,93,61845,卖盘
1348,13:45:03,6.66,--,350,233100,买盘
1349,13:45:00,6.66,--,277,184482,买盘
1350,13:44:57,6.66,--,9,5994,买盘
1351,13:44:54,6.66,--,44,29304,买盘
1352,13:44:51,6.66,--,32,21312,卖盘
1353,13:44:48,6.66,--,5,3330,买盘
1354,13:44:42,6.66,--,10,6660,买盘
1355,13:44:39,6.66,-0.01,5,3330,中性盘
1356,13:44:36,6.67,0.01,52,34684,买盘
1357,13:44:33,6.66,0.01,166,110556,买盘
1358,13:44:30,6.65,-0.01,72,47880,卖盘
1359,13:44:27,6.66,--,321,213786,买盘
1360,13:44:24,6.66,--,166,110556,买盘
1361,13:44:21,6.66,0.01,48,31968,买盘
1362,13:44:18,6.65,--,57,37905,卖盘
1363,13:44:12,6.65,-0.01,151,100415,卖盘
1364,13:44:06,6.66,--,53,35298,买盘
1365,13:44:03,6.66,--,1,666,买盘
1366,13:44:00,6.66,--,97,64602,卖盘
1367,13:43:57,6.66,--,100,66600,卖盘
1368,13:43:51,6.66,--,94,62604,卖盘
1369,13:43:48,6.66,--,150,99900,卖盘
1370,13:43:42,6.66,--,37,24642,卖盘
1371,13:43:39,6.66,0.01,34,22644,中性盘
1372,13:43:36,6.65,-0.01,46,30590,卖盘
1373,13:43:33,6.66,--,48,31968,买盘
1374,13:43:30,6.66,--,123,81918,买盘
1375,13:43:27,6.66,0.01,38,25308,买盘
1376,13:43:24,6.65,--,35,23275,卖盘
1377,13:43:21,6.65,-0.01,19,12635,卖盘
1378,13:43:18,6.66,--,68,45288,买盘
1379,13:43:15,6.66,--,3,1998,买盘
1380,13:43:12,6.66,--,44,29304,买盘
1381,13:43:09,6.66,0.01,58,38628,买盘
1382,13:43:06,6.65,-0.01,156,103740,卖盘
1383,13:43:03,6.66,--,110,73260,买盘
1384,13:43:00,6.66,--,28,18648,买盘
1385,13:42:57,6.66,--,13,8658,买盘
1386,13:42:54,6.66,0.01,64,42624,卖盘
1387,13:42:51,6.65,-0.02,76,50540,卖盘
1388,13:42:48,6.67,--,349,232783,买盘
1389,13:42:45,6.67,0.01,10,6670,买盘
1390,13:42:42,6.66,--,462,307692,卖盘
1391,13:42:39,6.66,-0.01,268,178488,卖盘
1392,13:42:36,6.67,0.01,68,45356,买盘
1393,13:42:33,6.66,--,49,32634,卖盘
1394,13:42:30,6.66,--,124,82584,卖盘
1395,13:42:27,6.66,-0.01,311,207126,卖盘
1396,13:42:24,6.67,0.01,2,1334,买盘
1397,13:42:21,6.66,--,368,245088,卖盘
1398,13:42:18,6.66,--,100,66600,卖盘
1399,13:42:15,6.66,-0.01,73,48618,卖盘
1400,13:42:12,6.67,--,153,102051,买盘
1401,13:42:09,6.67,0.01,74,49358,买盘
1402,13:42:03,6.66,-0.01,166,110556,卖盘
1403,13:42:00,6.67,0.01,436,290812,买盘
1404,13:41:57,6.66,--,8,5328,卖盘
1405,13:41:54,6.66,--,20,13320,卖盘
1406,13:41:51,6.66,-0.01,169,112554,卖盘
1407,13:41:48,6.67,0.01,520,346840,买盘
1408,13:41:45,6.66,--,58,38628,卖盘
1409,13:41:42,6.66,-0.01,43,28638,卖盘
1410,13:41:39,6.67,--,55,36685,买盘
1411,13:41:36,6.67,--,20,13340,买盘
1412,13:41:33,6.67,0.01,2,1334,买盘
1413,13:41:30,6.66,--,60,39960,卖盘
1414,13:41:27,6.66,-0.01,214,142524,卖盘
1415,13:41:24,6.67,0.01,99,66033,买盘
1416,13:41:21,6.66,-0.01,57,37962,卖盘
1417,13:41:15,6.67,--,17,11339,买盘
1418,13:41:12,6.67,0.01,13,8671,买盘
1419,13:41:09,6.66,-0.01,1,666,卖盘
1420,13:41:06,6.67,0.01,204,136068,买盘
1421,13:41:00,6.66,0.01,18,11988,中性盘
1422,13:40:57,6.65,-0.01,742,493430,卖盘
1423,13:40:54,6.66,0.01,89,59274,买盘
1424,13:40:51,6.65,-0.01,179,119035,卖盘
1425,13:40:48,6.66,--,84,55944,买盘
1426,13:40:45,6.66,--,46,30636,买盘
1427,13:40:42,6.66,--,50,33300,买盘
1428,13:40:39,6.66,--,6,3996,买盘
1429,13:40:33,6.66,--,26,17316,买盘
1430,13:40:30,6.66,--,39,25974,买盘
1431,13:40:27,6.66,--,184,122544,卖盘
1432,13:40:21,6.66,--,21,13986,卖盘
1433,13:40:18,6.66,--,56,37296,卖盘
1434,13:40:15,6.66,--,196,130536,买盘
1435,13:40:12,6.66,--,16,10656,买盘
1436,13:40:09,6.66,--,1,666,买盘
1437,13:40:06,6.66,0.01,10,6660,中性盘
1438,13:40:03,6.65,-0.02,489,325185,卖盘
1439,13:40:00,6.67,0.01,28,18676,买盘
1440,13:39:57,6.66,0.01,26,17316,买盘
1441,13:39:54,6.65,-0.01,30,19950,卖盘
1442,13:39:51,6.66,--,62,41292,买盘
1443,13:39:42,6.66,--,83,55278,卖盘
1444,13:39:39,6.66,--,513,341658,卖盘
1445,13:39:36,6.66,0.01,107,71262,买盘
1446,13:39:30,6.65,-0.01,180,119700,卖盘
1447,13:39:27,6.66,--,3,1998,买盘
1448,13:39:24,6.66,--,203,135198,买盘
1449,13:39:18,6.66,--,32,21312,买盘
1450,13:39:15,6.66,0.01,1,666,买盘
1451,13:39:12,6.65,-0.01,30,19950,卖盘
1452,13:39:09,6.66,--,97,64602,买盘
1453,13:39:06,6.66,--,424,282384,买盘
1454,13:39:03,6.66,--,176,117216,买盘
1455,13:39:00,6.66,--,122,81252,买盘
1456,13:38:57,6.66,--,32,21312,买盘
1457,13:38:54,6.66,-0.01,218,145188,卖盘
1458,13:38:51,6.67,0.01,23,15341,买盘
1459,13:38:48,6.66,--,500,333000,卖盘
1460,13:38:45,6.66,--,606,403596,卖盘
1461,13:38:42,6.66,-0.01,513,341658,卖盘
1462,13:38:39,6.67,0.01,3,2001,买盘
1463,13:38:36,6.66,-0.01,507,337662,卖盘
1464,13:38:33,6.67,0.01,520,346840,买盘
1465,13:38:30,6.66,--,21,13986,卖盘
1466,13:38:24,6.66,--,251,167166,卖盘
1467,13:38:21,6.66,--,70,46620,卖盘
1468,13:38:18,6.66,-0.01,2,1332,卖盘
1469,13:38:15,6.67,--,136,90712,买盘
1470,13:38:12,6.67,0.01,58,38686,买盘
1471,13:38:09,6.66,-0.01,18,11988,卖盘
1472,13:38:06,6.67,--,36,24012,买盘
1473,13:38:03,6.67,0.01,7,4669,买盘
1474,13:38:00,6.66,-0.01,565,376290,卖盘
1475,13:37:57,6.67,--,14,9338,买盘
1476,13:37:54,6.67,--,349,232783,买盘
1477,13:37:51,6.67,0.01,193,128731,买盘
1478,13:37:48,6.66,-0.01,30,19980,卖盘
1479,13:37:45,6.67,--,5,3335,买盘
1480,13:37:42,6.67,--,50,33350,买盘
1481,13:37:39,6.67,0.01,43,28681,买盘
1482,13:37:36,6.66,-0.01,84,55944,卖盘
1483,13:37:33,6.67,--,20,13340,买盘
1484,13:37:30,6.67,0.01,12,8004,买盘
1485,13:37:27,6.66,-0.01,40,26640,卖盘
1486,13:37:24,6.67,--,796,530932,买盘
1487,13:37:21,6.67,--,8,5336,买盘
1488,13:37:18,6.67,0.01,60,40020,买盘
1489,13:37:15,6.66,-0.01,9,5994,卖盘
1490,13:37:12,6.67,--,85,56695,买盘
1491,13:37:09,6.67,--,24,16008,买盘
1492,13:37:06,6.67,--,91,60697,买盘
1493,13:37:03,6.67,0.01,3,2001,买盘
1494,13:37:00,6.66,-0.01,78,51948,卖盘
1495,13:36:57,6.67,--,50,33350,买盘
1496,13:36:48,6.67,0.01,101,67367,买盘
1497,13:36:45,6.66,-0.01,447,297702,卖盘
1498,13:36:42,6.67,--,30,20010,买盘
1499,13:36:39,6.67,0.01,22,14674,买盘
1500,13:36:36,6.66,-0.01,20,13320,卖盘
1501,13:36:33,6.67,0.01,4,2668,买盘
1502,13:36:27,6.66,-0.01,580,386280,卖盘
1503,13:36:24,6.67,--,10,6670,买盘
1504,13:36:21,6.67,--,2,1334,买盘
1505,13:36:18,6.67,--,24,16008,买盘
1506,13:36:15,6.67,--,30,20010,买盘
1507,13:36:12,6.67,--,1081,721027,买盘
1508,13:36:09,6.67,0.01,156,104052,买盘
1509,13:36:06,6.66,-0.01,20,13320,卖盘
1510,13:36:00,6.67,--,4,2668,买盘
1511,13:35:57,6.67,0.01,5,3335,买盘
1512,13:35:54,6.66,-0.01,130,86580,卖盘
1513,13:35:51,6.67,--,85,56695,买盘
1514,13:35:48,6.67,--,518,345506,买盘
1515,13:35:45,6.67,--,86,57362,买盘
1516,13:35:42,6.67,--,10,6670,买盘
1517,13:35:39,6.67,0.01,158,105386,买盘
1518,13:35:36,6.66,--,15,9990,卖盘
1519,13:35:30,6.66,-0.01,65,43290,卖盘
1520,13:35:27,6.67,--,332,221444,买盘
1521,13:35:24,6.67,0.01,35,23345,买盘
1522,13:35:18,6.66,-0.01,115,76590,卖盘
1523,13:35:15,6.67,--,56,37352,买盘
1524,13:35:12,6.67,--,7,4669,买盘
1525,13:35:09,6.67,--,33,22011,买盘
1526,13:35:06,6.67,--,189,126063,卖盘
1527,13:35:03,6.67,--,235,156745,卖盘
1528,13:35:00,6.67,--,5,3335,卖盘
1529,13:34:57,6.67,-0.01,12,8004,卖盘
1530,13:34:54,6.68,0.03,60,40080,买盘
1531,13:34:51,6.65,-0.03,4028,2678620,卖盘
1532,13:34:45,6.68,0.01,505,337340,买盘
1533,13:34:42,6.67,-0.01,70,46690,卖盘
1534,13:34:39,6.68,--,42,28056,买盘
1535,13:34:36,6.68,--,41,27388,买盘
1536,13:34:33,6.68,--,162,108216,买盘
1537,13:34:30,6.68,--,640,427520,买盘
1538,13:34:27,6.68,--,45,30060,买盘
1539,13:34:24,6.68,-0.01,306,204408,卖盘
1540,13:34:21,6.69,--,2076,1388844,买盘
1541,13:34:18,6.69,--,31,20739,买盘
1542,13:34:15,6.69,0.01,1032,690408,买盘
1543,13:34:12,6.68,--,1,668,卖盘
1544,13:34:09,6.68,--,10,6680,卖盘
1545,13:34:06,6.68,--,1959,1308612,买盘
1546,13:34:03,6.68,0.01,35,23380,买盘
1547,13:34:00,6.67,-0.01,46,30682,卖盘
1548,13:33:57,6.68,0.01,61,40748,买盘
1549,13:33:54,6.67,-0.01,56,37352,卖盘
1550,13:33:51,6.68,--,76,50768,买盘
1551,13:33:48,6.68,0.01,4,2672,买盘
1552,13:33:45,6.67,--,55,36685,卖盘
1553,13:33:42,6.67,0.01,1625,1083875,买盘
1554,13:33:39,6.66,-0.01,53,35298,卖盘
1555,13:33:36,6.67,0.01,10,6670,买盘
1556,13:33:30,6.66,--,20,13320,卖盘
1557,13:33:27,6.66,--,9,5994,卖盘
1558,13:33:24,6.66,--,277,184921,买盘
1559,13:33:21,6.66,--,58,38628,买盘
1560,13:33:18,6.66,--,1075,715950,买盘
1561,13:33:15,6.66,0.01,1099,731934,买盘
1562,13:33:09,6.65,--,112,74480,卖盘
1563,13:33:06,6.65,-0.01,49,32585,卖盘
1564,13:33:03,6.66,0.01,1003,667998,买盘
1565,13:33:00,6.65,--,2129,1415785,卖盘
1566,13:32:57,6.65,--,1124,747460,买盘
1567,13:32:54,6.65,--,230,152950,买盘
1568,13:32:51,6.65,0.01,2809,1867985,买盘
1569,13:32:48,6.64,-0.01,230,152720,卖盘
1570,13:32:45,6.65,--,133,88445,买盘
1571,13:32:42,6.65,--,120,79800,买盘
1572,13:32:39,6.65,--,171,113715,买盘
1573,13:32:36,6.65,0.01,102,67830,买盘
1574,13:32:33,6.64,--,132,87648,卖盘
1575,13:32:30,6.64,-0.01,55,36520,卖盘
1576,13:32:27,6.65,--,14,9310,买盘
1577,13:32:24,6.65,0.01,74,49210,买盘
1578,13:32:21,6.64,--,76,50464,卖盘
1579,13:32:15,6.64,0.01,298,197872,买盘
1580,13:32:12,6.63,-0.01,330,218790,卖盘
1581,13:32:09,6.64,0.01,1033,685912,买盘
1582,13:32:06,6.63,-0.01,133,88179,卖盘
1583,13:32:03,6.64,--,64,42496,买盘
1584,13:32:00,6.64,--,225,149400,买盘
1585,13:31:57,6.64,--,24,15936,买盘
1586,13:31:54,6.64,--,163,108232,买盘
1587,13:31:51,6.64,--,40,26560,买盘
1588,13:31:48,6.64,--,18,11952,买盘
1589,13:31:45,6.64,--,178,118192,买盘
1590,13:31:42,6.64,--,66,43824,买盘
1591,13:31:39,6.64,--,105,69720,买盘
1592,13:31:36,6.64,--,1359,902376,买盘
1593,13:31:33,6.64,0.01,183,121512,买盘
1594,13:31:30,6.63,-0.01,18,11934,卖盘
1595,13:31:27,6.64,--,20,13280,买盘
1596,13:31:24,6.64,--,11,7304,买盘
1597,13:31:21,6.64,--,548,363872,买盘
1598,13:31:18,6.64,--,14,9296,买盘
1599,13:31:15,6.64,--,3071,2039144,买盘
1600,13:31:12,6.64,0.01,242,160688,买盘
1601,13:31:09,6.63,--,218,144534,卖盘
1602,13:31:06,6.63,-0.01,20,13260,卖盘
1603,13:31:03,6.64,--,26,17264,买盘
1604,13:31:00,6.64,0.01,1350,896400,买盘
1605,13:30:57,6.63,--,172,114036,卖盘
1606,13:30:54,6.63,-0.01,600,397800,卖盘
1607,13:30:51,6.64,--,66,43824,买盘
1608,13:30:48,6.64,--,849,563736,买盘
1609,13:30:45,6.64,--,8,5312,买盘
1610,13:30:42,6.64,--,229,152056,买盘
1611,13:30:39,6.64,--,56,37184,卖盘
1612,13:30:36,6.64,0.01,1115,740360,中性盘
1613,13:30:33,6.63,-0.01,41,27183,卖盘
1614,13:30:30,6.64,-0.01,966,641424,卖盘
1615,13:30:27,6.65,0.01,234,155610,买盘
1616,13:30:24,6.64,0.01,3660,2430240,卖盘
1617,13:30:21,6.63,-0.01,873,578799,卖盘
1618,13:30:18,6.64,--,157,104248,买盘
1619,13:30:15,6.64,--,876,581664,卖盘
1620,13:30:12,6.64,--,331,219784,卖盘
1621,13:30:09,6.64,--,765,507960,卖盘
1622,13:30:06,6.64,--,550,365200,卖盘
1623,13:30:03,6.64,--,1029,683256,卖盘
1624,13:30:00,6.64,--,561,373141,买盘
1625,13:29:57,6.64,--,266,176624,买盘
1626,13:29:54,6.64,--,110,73040,买盘
1627,13:29:51,6.64,--,1541,1023224,买盘
1628,13:29:48,6.64,--,384,254976,买盘
1629,13:29:45,6.64,0.01,103,68392,买盘
1630,13:29:42,6.63,-0.01,517,342771,卖盘
1631,13:29:39,6.64,--,15,9960,买盘
1632,13:29:36,6.64,0.01,30,19920,买盘
1633,13:29:33,6.63,--,63,41769,卖盘
1634,13:29:30,6.63,-0.01,9,5967,卖盘
1635,13:29:27,6.64,0.01,101,67064,买盘
1636,13:29:24,6.63,-0.01,459,304343,卖盘
1637,13:29:21,6.64,--,144,96253,买盘
1638,13:29:18,6.64,0.01,369,245016,买盘
1639,13:29:15,6.63,-0.01,553,366639,卖盘
1640,13:29:12,6.64,0.01,311,206504,买盘
1641,13:29:09,6.63,-0.01,18,11934,卖盘
1642,13:29:06,6.64,--,2249,1493336,买盘
1643,13:29:03,6.64,--,78,51792,买盘
1644,13:29:00,6.64,--,71,47144,买盘
1645,13:28:57,6.64,--,23,15272,买盘
1646,13:28:54,6.64,--,131,87010,卖盘
1647,13:28:48,6.64,-0.01,46,30544,卖盘
1648,13:28:45,6.65,0.01,65,43863,买盘
1649,13:28:42,6.64,--,97,64434,卖盘
1650,13:28:39,6.64,-0.01,47,31208,卖盘
1651,13:28:36,6.65,0.01,23,15933,买盘
1652,13:28:33,6.64,--,9,5976,买盘
1653,13:28:30,6.64,--,58,38538,卖盘
1654,13:28:27,6.64,-0.01,2421,1607544,卖盘
1655,13:28:24,6.65,0.01,7365,4897725,买盘
1656,13:28:21,6.64,-0.01,8,5312,卖盘
1657,13:28:18,6.65,--,28,18620,买盘
1658,13:28:15,6.65,--,101,67165,买盘
1659,13:28:12,6.65,--,1869,1242885,卖盘
1660,13:28:09,6.65,-0.01,301,200165,卖盘
1661,13:28:06,6.66,0.01,197,131202,买盘
1662,13:28:03,6.65,--,59,39235,卖盘
1663,13:28:00,6.65,--,1190,791350,卖盘
1664,13:27:57,6.65,--,3194,2124010,卖盘
1665,13:27:54,6.65,--,57,37905,卖盘
1666,13:27:51,6.65,--,11,7315,卖盘
1667,13:27:48,6.65,--,2,1330,卖盘
1668,13:27:45,6.65,-0.01,78,51870,卖盘
1669,13:27:42,6.66,0.01,219,145854,买盘
1670,13:27:39,6.65,-0.01,30,19950,卖盘
1671,13:27:36,6.66,--,103,68598,买盘
1672,13:27:33,6.66,--,282,187812,买盘
1673,13:27:30,6.66,0.01,189,125874,买盘
1674,13:27:27,6.65,-0.01,174,115710,卖盘
1675,13:27:24,6.66,0.01,496,330336,买盘
1676,13:27:21,6.65,-0.01,44,29260,卖盘
1677,13:27:18,6.66,--,604,402264,买盘
1678,13:27:15,6.66,--,373,248418,买盘
1679,13:27:12,6.66,--,31,20646,买盘
1680,13:27:09,6.66,--,3,1998,买盘
1681,13:27:06,6.66,0.01,92,61272,买盘
1682,13:27:03,6.65,-0.01,116,77366,卖盘
1683,13:27:00,6.66,--,216,144295,买盘
1684,13:26:57,6.66,--,168,111888,买盘
1685,13:26:54,6.66,--,144,95904,买盘
1686,13:26:48,6.66,0.01,8,5328,买盘
1687,13:26:45,6.65,-0.01,25,16625,卖盘
1688,13:26:42,6.66,--,51,33966,买盘
1689,13:26:39,6.66,--,19,12654,买盘
1690,13:26:36,6.66,--,30,19980,买盘
1691,13:26:33,6.66,--,141,94132,卖盘
1692,13:26:30,6.66,--,8,5328,卖盘
1693,13:26:27,6.66,--,51,34405,买盘
1694,13:26:24,6.66,--,119,79254,买盘
1695,13:26:21,6.66,--,112,74818,卖盘
1696,13:26:18,6.66,--,115,77029,买盘
1697,13:26:15,6.66,0.01,204,135864,买盘
1698,13:26:12,6.65,-0.01,102,67830,卖盘
1699,13:26:09,6.66,--,83,55278,买盘
1700,13:26:06,6.66,--,26,17316,买盘
1701,13:26:03,6.66,--,95,63270,买盘
1702,13:26:00,6.66,--,372,247752,买盘
1703,13:25:57,6.66,--,815,542790,买盘
1704,13:25:54,6.66,--,446,297036,买盘
1705,13:25:51,6.66,0.01,132,87912,买盘
1706,13:25:48,6.65,--,308,204820,卖盘
1707,13:25:45,6.65,--,112,74480,卖盘
1708,13:25:42,6.65,-0.01,150,99750,卖盘
1709,13:25:39,6.66,--,91,60606,买盘
1710,13:25:36,6.66,--,124,82584,买盘
1711,13:25:33,6.66,0.01,54,35964,买盘
1712,13:25:30,6.65,-0.01,228,151620,卖盘
1713,13:25:27,6.66,--,642,427572,买盘
1714,13:25:24,6.66,--,925,616050,买盘
1715,13:25:21,6.66,--,241,160506,买盘
1716,13:25:18,6.66,--,46,30636,买盘
1717,13:25:15,6.66,0.01,78,51948,买盘
1718,13:25:12,6.65,-0.01,553,367745,卖盘
1719,13:25:09,6.66,0.01,1419,945054,买盘
1720,13:25:06,6.65,--,145,96425,卖盘
1721,13:25:03,6.65,-0.01,51,33915,卖盘
1722,13:25:00,6.66,0.01,88,58608,买盘
1723,13:24:57,6.65,--,27,17955,卖盘
1724,13:24:54,6.65,--,78,51870,卖盘
1725,13:24:51,6.65,--,47,31255,卖盘
1726,13:24:48,6.65,--,172,114380,卖盘
1727,13:24:45,6.65,-0.01,107,71155,卖盘
1728,13:24:42,6.66,0.01,20,13320,买盘
1729,13:24:39,6.65,--,24,15960,卖盘
1730,13:24:36,6.65,--,42,27930,卖盘
1731,13:24:33,6.65,--,38,25270,卖盘
1732,13:24:30,6.65,-0.01,112,74480,卖盘
1733,13:24:27,6.66,0.01,110,73260,买盘
1734,13:24:24,6.65,-0.01,1,665,卖盘
1735,13:24:21,6.66,0.01,24,15984,买盘
1736,13:24:18,6.65,--,9,5985,卖盘
1737,13:24:15,6.65,--,160,106400,卖盘
1738,13:24:12,6.65,--,743,494095,卖盘
1739,13:24:06,6.65,-0.01,20,13300,卖盘
1740,13:24:03,6.66,0.01,257,171162,买盘
1741,13:24:00,6.65,--,164,109060,卖盘
1742,13:23:57,6.65,--,4,2660,卖盘
1743,13:23:54,6.65,--,86,57190,卖盘
1744,13:23:51,6.65,-0.01,214,142310,卖盘
1745,13:23:48,6.66,--,163,108558,买盘
1746,13:23:45,6.66,0.01,33,21978,买盘
1747,13:23:42,6.65,--,33,21945,卖盘
1748,13:23:36,6.65,0.01,54,35910,卖盘
1749,13:23:33,6.64,--,10,6640,卖盘
1750,13:23:30,6.64,-0.01,135,90277,卖盘
1751,13:23:27,6.65,--,282,187530,买盘
1752,13:23:24,6.65,--,209,138985,买盘
1753,13:23:21,6.65,--,250,166250,买盘
1754,13:23:18,6.65,--,78,51870,买盘
1755,13:23:15,6.65,--,301,200165,买盘
1756,13:23:12,6.65,0.01,1221,811965,买盘
1757,13:23:09,6.64,-0.01,51,33864,卖盘
1758,13:23:06,6.65,--,251,166915,买盘
1759,13:23:03,6.65,--,105,69825,买盘
1760,13:23:00,6.65,0.01,149,99085,买盘
1761,13:22:57,6.64,--,44,29216,卖盘
1762,13:22:54,6.64,--,22,14608,卖盘
1763,13:22:51,6.64,--,234,155376,卖盘
1764,13:22:48,6.64,--,7,4648,卖盘
1765,13:22:45,6.64,--,128,84992,卖盘
1766,13:22:42,6.64,--,167,110888,卖盘
1767,13:22:39,6.64,-0.01,206,136784,卖盘
1768,13:22:36,6.65,0.01,697,463505,买盘
1769,13:22:33,6.64,--,110,73040,卖盘
1770,13:22:30,6.64,-0.01,253,167992,卖盘
1771,13:22:27,6.65,--,737,490105,买盘
1772,13:22:24,6.65,--,218,144970,买盘
1773,13:22:21,6.65,--,104,69160,买盘
1774,13:22:18,6.65,--,174,115710,买盘
1775,13:22:15,6.65,--,10,6650,买盘
1776,13:22:12,6.65,--,18,11970,买盘
1777,13:22:09,6.65,--,678,450896,卖盘
1778,13:22:06,6.65,--,36,23940,卖盘
1779,13:22:03,6.65,--,136,91078,买盘
1780,13:22:00,6.65,--,112,74480,买盘
1781,13:21:57,6.65,--,251,166915,买盘
1782,13:21:54,6.65,--,175,116375,买盘
1783,13:21:51,6.65,--,769,511411,卖盘
1784,13:21:48,6.65,--,73,48545,卖盘
1785,13:21:45,6.65,-0.01,1015,674975,卖盘
1786,13:21:42,6.66,0.01,21,13986,买盘
1787,13:21:39,6.65,-0.01,131,87115,卖盘
1788,13:21:36,6.66,--,1037,690642,买盘
1789,13:21:33,6.66,0.01,43,28638,买盘
1790,13:21:30,6.65,--,127,84455,卖盘
1791,13:21:27,6.65,-0.01,147,97755,卖盘
1792,13:21:24,6.66,0.01,100,66600,买盘
1793,13:21:21,6.65,-0.01,122,81342,卖盘
1794,13:21:18,6.66,0.01,464,309024,买盘
1795,13:21:15,6.65,-0.01,422,280630,卖盘
1796,13:21:12,6.66,--,159,105894,买盘
1797,13:21:09,6.66,--,926,616716,买盘
1798,13:21:06,6.66,--,159,105894,买盘
1799,13:21:00,6.66,--,68,45288,买盘
1800,13:20:57,6.66,0.01,38,25308,买盘
1801,13:20:54,6.65,--,279,185535,卖盘
1802,13:20:51,6.65,-0.01,142,94855,卖盘
1803,13:20:48,6.66,0.01,37,24642,买盘
1804,13:20:45,6.65,-0.01,68,45220,卖盘
1805,13:20:42,6.66,--,594,395604,买盘
1806,13:20:39,6.66,--,25,16650,买盘
1807,13:20:36,6.66,0.01,413,275058,买盘
1808,13:20:33,6.65,-0.01,112,74480,卖盘
1809,13:20:30,6.66,0.01,42,27972,买盘
1810,13:20:27,6.65,-0.01,266,176890,卖盘
1811,13:20:24,6.66,--,260,173160,买盘
1812,13:20:21,6.66,--,91,60606,买盘
1813,13:20:18,6.66,--,122,81252,买盘
1814,13:20:15,6.66,--,155,103230,买盘
1815,13:20:12,6.66,--,201,133866,买盘
1816,13:20:09,6.66,--,53,35298,买盘
1817,13:20:06,6.66,--,10,6660,买盘
1818,13:20:03,6.66,0.01,73,48618,买盘
1819,13:20:00,6.65,--,146,97090,卖盘
1820,13:19:57,6.65,--,648,430920,卖盘
1821,13:19:51,6.65,--,115,76475,卖盘
1822,13:19:48,6.65,--,35,23275,卖盘
1823,13:19:45,6.65,--,73,48545,卖盘
1824,13:19:42,6.65,0.01,809,537985,买盘
1825,13:19:39,6.64,-0.01,92,61088,卖盘
1826,13:19:36,6.65,--,112,74480,买盘
1827,13:19:33,6.65,0.01,138,91770,买盘
1828,13:19:30,6.64,--,206,136784,卖盘
1829,13:19:27,6.64,-0.01,1210,803440,卖盘
1830,13:19:24,6.65,--,828,550620,买盘
1831,13:19:21,6.65,--,711,472815,买盘
1832,13:19:18,6.65,--,223,148295,卖盘
1833,13:19:15,6.65,--,289,192185,卖盘
1834,13:19:12,6.65,--,482,320530,买盘
1835,13:19:09,6.65,--,1050,698250,卖盘
1836,13:19:06,6.65,--,262,174230,卖盘
1837,13:19:03,6.65,--,614,408310,卖盘
1838,13:19:00,6.65,--,933,620445,买盘
1839,13:18:57,6.65,--,675,448875,卖盘
1840,13:18:54,6.65,--,1919,1276135,卖盘
1841,13:18:51,6.65,--,1851,1230915,卖盘
1842,13:18:48,6.65,--,1177,782705,卖盘
1843,13:18:45,6.65,--,614,408310,卖盘
1844,13:18:42,6.65,--,40,26600,卖盘
1845,13:18:39,6.65,-0.01,852,566580,卖盘
1846,13:18:36,6.66,0.01,494,329004,买盘
1847,13:18:33,6.65,--,801,532665,卖盘
1848,13:18:30,6.65,-0.01,287,190855,卖盘
1849,13:18:27,6.66,0.01,788,524808,买盘
1850,13:18:24,6.65,-0.01,467,310555,卖盘
1851,13:18:21,6.66,0.01,155,103230,买盘
1852,13:18:18,6.65,-0.01,242,160930,卖盘
1853,13:18:15,6.66,0.01,20,13320,买盘
1854,13:18:12,6.65,--,129,85785,卖盘
1855,13:18:09,6.65,-0.01,73,48545,卖盘
1856,13:18:06,6.66,--,189,125874,买盘
1857,13:18:03,6.66,0.01,661,440226,买盘
1858,13:18:00,6.65,-0.01,981,652365,卖盘
1859,13:17:57,6.66,--,11,7326,买盘
1860,13:17:54,6.66,0.01,55,36630,买盘
1861,13:17:51,6.65,-0.01,1398,929670,卖盘
1862,13:17:48,6.66,0.01,268,178488,买盘
1863,13:17:45,6.65,--,5162,3432730,卖盘
1864,13:17:42,6.65,--,101,67165,卖盘
1865,13:17:39,6.65,-0.01,236,156940,卖盘
1866,13:17:36,6.66,--,510,339660,买盘
1867,13:17:33,6.66,--,11,7326,买盘
1868,13:17:30,6.66,--,431,287046,卖盘
1869,13:17:27,6.66,-0.01,14,9324,卖盘
1870,13:17:24,6.67,--,4068,2713356,买盘
1871,13:17:21,6.67,0.01,2920,1947640,买盘
1872,13:17:18,6.66,-0.01,602,400932,卖盘
1873,13:17:15,6.67,--,43,28681,买盘
1874,13:17:12,6.67,0.01,10,6670,买盘
1875,13:17:09,6.66,-0.01,249,165834,卖盘
1876,13:17:06,6.67,--,24,16008,买盘
1877,13:17:03,6.67,--,49,32683,买盘
1878,13:17:00,6.67,0.01,10,6670,买盘
1879,13:16:57,6.66,--,94,62604,卖盘
1880,13:16:54,6.66,--,70,46620,卖盘
1881,13:16:51,6.66,--,32,21312,卖盘
1882,13:16:48,6.66,--,111,73926,卖盘
1883,13:16:45,6.66,--,244,162504,卖盘
1884,13:16:42,6.66,--,81,53946,卖盘
1885,13:16:39,6.66,-0.01,300,199800,卖盘
1886,13:16:36,6.67,--,91,60697,买盘
1887,13:16:33,6.67,--,76,50692,买盘
1888,13:16:30,6.67,--,128,85376,买盘
1889,13:16:27,6.67,--,7,4669,买盘
1890,13:16:24,6.67,--,10,6670,买盘
1891,13:16:21,6.67,--,2,1334,买盘
1892,13:16:18,6.67,--,258,172086,买盘
1893,13:16:15,6.67,--,1,667,买盘
1894,13:16:12,6.67,--,200,133400,买盘
1895,13:16:09,6.67,0.01,87,58029,买盘
1896,13:16:06,6.66,--,24,15984,卖盘
1897,13:16:03,6.66,--,82,54612,卖盘
1898,13:16:00,6.66,-0.01,4,2664,卖盘
1899,13:15:57,6.67,--,62,41354,买盘
1900,13:15:54,6.67,0.01,93,62031,买盘
1901,13:15:51,6.66,-0.01,20,13320,卖盘
1902,13:15:48,6.67,--,67,44689,买盘
1903,13:15:45,6.67,0.01,21,14007,买盘
1904,13:15:42,6.66,-0.01,14,9324,卖盘
1905,13:15:39,6.67,0.01,19,12673,买盘
1906,13:15:36,6.66,-0.01,66,43956,卖盘
1907,13:15:33,6.67,--,39,26013,买盘
1908,13:15:27,6.67,0.01,1,667,买盘
1909,13:15:24,6.66,-0.01,65,43290,卖盘
1910,13:15:21,6.67,0.01,957,638319,买盘
1911,13:15:15,6.66,--,44,29304,卖盘
1912,13:15:12,6.66,-0.01,17,11322,卖盘
1913,13:15:09,6.67,--,1,667,买盘
1914,13:15:06,6.67,0.01,19,12673,买盘
1915,13:15:03,6.66,-0.01,136,90576,卖盘
1916,13:15:00,6.67,--,70,46690,买盘
1917,13:14:57,6.67,0.01,213,142071,买盘
1918,13:14:54,6.66,--,4,2664,卖盘
1919,13:14:51,6.66,-0.01,35,23310,卖盘
1920,13:14:48,6.67,0.01,70,46690,买盘
1921,13:14:42,6.66,--,21,13986,卖盘
1922,13:14:39,6.66,-0.01,226,150516,卖盘
1923,13:14:36,6.67,0.01,49,32683,买盘
1924,13:14:33,6.66,-0.01,147,97902,卖盘
1925,13:14:30,6.67,0.01,72,48024,买盘
1926,13:14:27,6.66,-0.01,43,28638,卖盘
1927,13:14:24,6.67,--,587,391529,买盘
1928,13:14:21,6.67,--,134,89378,买盘
1929,13:14:18,6.67,--,15,10005,买盘
1930,13:14:15,6.67,0.01,112,74704,买盘
1931,13:14:12,6.66,-0.01,14,9324,卖盘
1932,13:14:09,6.67,--,9,6003,买盘
1933,13:14:06,6.67,--,797,531599,买盘
1934,13:14:03,6.67,0.01,581,387527,买盘
1935,13:14:00,6.66,--,23,15318,卖盘
1936,13:13:57,6.66,-0.01,24,15984,卖盘
1937,13:13:54,6.67,--,65,43355,买盘
1938,13:13:51,6.67,--,50,33350,买盘
1939,13:13:48,6.67,--,9,6003,买盘
1940,13:13:45,6.67,0.01,10,6670,买盘
1941,13:13:42,6.66,-0.01,424,282384,卖盘
1942,13:13:39,6.67,--,19,12673,买盘
1943,13:13:36,6.67,--,252,168084,买盘
1944,13:13:33,6.67,0.01,18,12006,买盘
1945,13:13:30,6.66,-0.01,54,35964,卖盘
1946,13:13:27,6.67,--,14,9338,买盘
1947,13:13:24,6.67,--,34,22678,买盘
1948,13:13:21,6.67,0.01,117,78039,买盘
1949,13:13:18,6.66,-0.01,36,23976,卖盘
1950,13:13:15,6.67,--,27,18009,买盘
1951,13:13:12,6.67,--,2091,1394697,卖盘
1952,13:13:09,6.67,-0.01,90,60030,卖盘
1953,13:13:03,6.68,0.01,1028,686704,买盘
1954,13:13:00,6.67,-0.01,20,13340,卖盘
1955,13:12:57,6.68,--,46,30728,买盘
1956,13:12:54,6.68,0.01,72,48096,买盘
1957,13:12:51,6.67,--,220,146740,卖盘
1958,13:12:48,6.67,--,125,83375,卖盘
1959,13:12:42,6.67,--,30,20010,卖盘
1960,13:12:39,6.67,-0.01,78,52026,卖盘
1961,13:12:36,6.68,--,64,42752,买盘
1962,13:12:33,6.68,0.01,45,30060,买盘
1963,13:12:30,6.67,--,91,60697,卖盘
1964,13:12:27,6.67,-0.01,1,667,卖盘
1965,13:12:24,6.68,0.01,103,68804,买盘
1966,13:12:21,6.67,-0.01,125,83375,卖盘
1967,13:12:18,6.68,0.01,31,20708,买盘
1968,13:12:15,6.67,-0.01,147,98049,卖盘
1969,13:12:12,6.68,0.01,94,62792,买盘
1970,13:12:09,6.67,--,105,70035,卖盘
1971,13:12:03,6.67,--,15,10005,卖盘
1972,13:12:00,6.67,--,53,35351,卖盘
1973,13:11:57,6.67,--,34,22678,卖盘
1974,13:11:54,6.67,--,195,130065,卖盘
1975,13:11:51,6.67,--,792,528264,买盘
1976,13:11:48,6.67,--,114,76038,买盘
1977,13:11:45,6.67,0.01,143,95381,买盘
1978,13:11:42,6.66,--,38,25308,卖盘
1979,13:11:39,6.66,-0.01,56,37296,卖盘
1980,13:11:36,6.67,--,68,45356,买盘
1981,13:11:33,6.67,--,239,159413,买盘
1982,13:11:30,6.67,--,24,16008,买盘
1983,13:11:27,6.67,--,75,50025,买盘
1984,13:11:24,6.67,--,747,498249,买盘
1985,13:11:21,6.67,--,264,176088,买盘
1986,13:11:18,6.67,--,88,58696,买盘
1987,13:11:15,6.67,--,168,112056,买盘
1988,13:11:12,6.67,--,205,136735,买盘
1989,13:11:09,6.67,0.01,184,122728,买盘
1990,13:11:06,6.66,-0.01,14,9324,卖盘
1991,13:11:03,6.67,--,159,106053,买盘
1992,13:11:00,6.67,--,98,65366,买盘
1993,13:10:57,6.67,--,318,212106,买盘
1994,13:10:54,6.67,0.01,78,52026,买盘
1995,13:10:51,6.66,-0.01,107,71262,卖盘
1996,13:10:48,6.67,--,83,55361,买盘
1997,13:10:45,6.67,0.01,135,90045,买盘
1998,13:10:42,6.66,-0.01,276,183816,卖盘
1999,13:10:39,6.67,0.01,54,36018,买盘
2000,13:10:36,6.66,--,20,13320,卖盘
2001,13:10:33,6.66,-0.01,265,176490,卖盘
2002,13:10:30,6.67,--,66,44022,买盘
2003,13:10:27,6.67,0.01,13,8671,买盘
2004,13:10:24,6.66,-0.01,234,155844,卖盘
2005,13:10:21,6.67,--,49,32683,买盘
2006,13:10:18,6.67,0.01,89,59363,买盘
2007,13:10:15,6.66,-0.01,2077,1383282,卖盘
2008,13:10:12,6.67,0.01,13,8671,买盘
2009,13:10:09,6.66,-0.01,356,237096,卖盘
2010,13:10:06,6.67,--,20,13340,买盘
2011,13:10:03,6.67,0.01,238,158746,买盘
2012,13:10:00,6.66,-0.01,69,45954,卖盘
2013,13:09:57,6.67,0.01,160,106720,买盘
2014,13:09:54,6.66,-0.01,1026,683316,卖盘
2015,13:09:42,6.67,--,12,8004,买盘
2016,13:09:39,6.67,--,15030,10025010,买盘
2017,13:09:36,6.67,--,289,192763,买盘
2018,13:09:33,6.67,0.01,134,89378,买盘
2019,13:09:30,6.66,-0.01,1049,698634,卖盘
2020,13:09:27,6.67,--,27,18009,买盘
2021,13:09:24,6.67,--,91,60697,买盘
2022,13:09:21,6.67,--,16,10672,买盘
2023,13:09:15,6.67,--,27,18009,买盘
2024,13:09:12,6.67,-0.01,83,55361,卖盘
2025,13:09:09,6.68,--,1713,1144284,买盘
2026,13:09:06,6.68,0.01,10,6680,买盘
2027,13:09:00,6.67,--,130,86710,卖盘
2028,13:08:57,6.67,--,251,167417,卖盘
2029,13:08:54,6.67,-0.01,29,19343,卖盘
2030,13:08:51,6.68,0.01,20,13360,买盘
2031,13:08:48,6.67,-0.01,23,15341,卖盘
2032,13:08:45,6.68,--,5,3340,买盘
2033,13:08:42,6.68,--,990,661320,买盘
2034,13:08:36,6.68,--,35,23380,买盘
2035,13:08:30,6.68,--,36,24048,买盘
2036,13:08:27,6.68,0.01,149,99532,买盘
2037,13:08:24,6.67,-0.01,72,48024,卖盘
2038,13:08:21,6.68,0.01,801,535068,买盘
2039,13:08:18,6.67,-0.01,12,8004,卖盘
2040,13:08:15,6.68,--,287,191716,买盘
2041,13:08:12,6.68,0.01,110,73480,买盘
2042,13:08:09,6.67,-0.01,238,158746,卖盘
2043,13:08:03,6.68,0.01,71,47428,买盘
2044,13:08:00,6.67,-0.01,258,172086,卖盘
2045,13:07:57,6.68,--,8,5344,买盘
2046,13:07:54,6.68,0.01,851,568468,买盘
2047,13:07:51,6.67,-0.01,15,10005,卖盘
2048,13:07:45,6.68,--,10,6680,买盘
2049,13:07:42,6.68,0.01,919,613892,买盘
2050,13:07:39,6.67,--,220,146740,卖盘
2051,13:07:36,6.67,-0.01,192,128064,卖盘
2052,13:07:30,6.68,0.01,10,6680,买盘
2053,13:07:27,6.67,--,30,20010,卖盘
2054,13:07:24,6.67,-0.01,30,20010,卖盘
2055,13:07:21,6.68,--,5,3340,买盘
2056,13:07:18,6.68,--,1029,687372,买盘
2057,13:07:15,6.68,--,1,668,买盘
2058,13:07:12,6.68,--,123,82164,买盘
2059,13:07:09,6.68,--,45,30060,买盘
2060,13:07:06,6.68,--,532,355376,买盘
2061,13:07:00,6.68,--,6,4008,买盘
2062,13:06:57,6.68,--,16,10688,买盘
2063,13:06:54,6.68,0.01,8748,5843664,买盘
2064,13:06:45,6.67,-0.01,14,9338,卖盘
2065,13:06:42,6.68,0.01,20,13360,买盘
2066,13:06:39,6.67,-0.01,62,41354,卖盘
2067,13:06:36,6.68,--,29,19372,买盘
2068,13:06:33,6.68,--,22,14696,买盘
2069,13:06:30,6.68,0.01,1,668,买盘
2070,13:06:27,6.67,-0.01,2524,1683508,卖盘
2071,13:06:24,6.68,--,3,2004,卖盘
2072,13:06:21,6.68,--,675,450900,卖盘
2073,13:06:18,6.68,--,1520,1015747,买盘
2074,13:06:15,6.68,0.01,2352,1571136,买盘
2075,13:06:12,6.67,--,47,31349,卖盘
2076,13:06:09,6.67,--,53,35351,卖盘
2077,13:06:06,6.67,--,60,40020,卖盘
2078,13:06:03,6.67,-0.01,4,2668,卖盘
2079,13:06:00,6.68,0.01,100,66800,买盘
2080,13:05:57,6.67,--,100,66700,卖盘
2081,13:05:54,6.67,--,80,53360,卖盘
2082,13:05:51,6.67,--,201,134067,卖盘
2083,13:05:48,6.67,--,1405,937135,卖盘
2084,13:05:45,6.67,--,15,10005,卖盘
2085,13:05:42,6.67,--,477,318159,卖盘
2086,13:05:39,6.67,--,324,216108,卖盘
2087,13:05:36,6.67,--,8,5336,卖盘
2088,13:05:33,6.67,--,538,358846,卖盘
2089,13:05:30,6.67,--,231,154077,卖盘
2090,13:05:27,6.67,--,420,280140,卖盘
2091,13:05:24,6.67,-0.01,113,75371,卖盘
2092,13:05:21,6.68,--,11,7348,买盘
2093,13:05:18,6.68,0.01,533,356044,买盘
2094,13:05:15,6.67,--,84,56028,卖盘
2095,13:05:12,6.67,--,3,2001,卖盘
2096,13:05:09,6.67,--,480,320160,买盘
2097,13:05:06,6.67,--,204,136068,买盘
2098,13:05:03,6.67,--,75,50025,买盘
2099,13:05:00,6.67,--,691,461003,卖盘
2100,13:04:57,6.67,--,10,6670,卖盘
2101,13:04:54,6.67,--,330,220110,卖盘
2102,13:04:51,6.67,--,1049,700243,买盘
2103,13:04:48,6.67,--,15,10005,买盘
2104,13:04:45,6.67,--,764,509694,卖盘
2105,13:04:42,6.67,--,138,92046,卖盘
2106,13:04:39,6.67,-0.01,453,302151,卖盘
2107,13:04:36,6.68,0.01,35,23380,买盘
2108,13:04:33,6.67,--,1917,1278639,卖盘
2109,13:04:30,6.67,--,62,41354,卖盘
2110,13:04:27,6.67,--,770,513590,卖盘
2111,13:04:21,6.67,--,100,66700,卖盘
2112,13:04:18,6.67,--,540,360180,卖盘
2113,13:04:15,6.67,--,3048,2033016,卖盘
2114,13:04:12,6.67,--,20,13340,卖盘
2115,13:04:09,6.67,-0.01,2020,1347340,卖盘
2116,13:04:03,6.68,--,29,19372,买盘
2117,13:04:00,6.68,--,100,66800,买盘
2118,13:03:57,6.68,--,10,6680,买盘
2119,13:03:51,6.68,--,344,229965,卖盘
2120,13:03:48,6.68,--,63,42084,卖盘
2121,13:03:45,6.68,--,42,28056,卖盘
2122,13:03:39,6.68,--,1781,1190202,买盘
2123,13:03:36,6.68,--,81,54108,买盘
2124,13:03:33,6.68,--,43,28724,买盘
2125,13:03:30,6.68,--,34,22712,买盘
2126,13:03:27,6.68,--,75,50273,卖盘
2127,13:03:24,6.68,--,83,55444,卖盘
2128,13:03:21,6.68,--,22,14696,卖盘
2129,13:03:18,6.68,-0.01,3004,2006672,卖盘
2130,13:03:15,6.69,--,50,33450,买盘
2131,13:03:12,6.69,--,11,7359,买盘
2132,13:03:09,6.69,0.01,30,20070,买盘
2133,13:03:06,6.68,-0.01,307,205076,卖盘
2134,13:03:00,6.69,--,251,167919,买盘
2135,13:02:54,6.69,0.01,30,20070,买盘
2136,13:02:51,6.68,--,102,68136,卖盘
2137,13:02:48,6.68,-0.01,1616,1079488,卖盘
2138,13:02:45,6.69,0.01,205,137145,买盘
2139,13:02:42,6.68,--,30,20040,卖盘
2140,13:02:39,6.68,--,639,426852,卖盘
2141,13:02:36,6.68,--,25,16700,卖盘
2142,13:02:33,6.68,-0.01,561,374748,卖盘
2143,13:02:30,6.69,0.01,51,34119,买盘
2144,13:02:27,6.68,--,213,142778,卖盘
2145,13:02:24,6.68,--,115,76820,卖盘
2146,13:02:21,6.68,-0.01,43,28724,卖盘
2147,13:02:15,6.69,0.01,21,14049,买盘
2148,13:02:12,6.68,--,64,42752,卖盘
2149,13:02:09,6.68,--,18,12024,卖盘
2150,13:02:06,6.68,-0.01,9,6012,卖盘
2151,13:02:00,6.69,0.01,451,301719,买盘
2152,13:01:57,6.68,--,30,20040,卖盘
2153,13:01:54,6.68,--,18,12024,卖盘
2154,13:01:51,6.68,--,53,35404,买盘
2155,13:01:48,6.68,--,22,14696,卖盘
2156,13:01:39,6.68,--,93,62124,卖盘
2157,13:01:33,6.68,--,5,3340,卖盘
2158,13:01:30,6.68,--,105,70140,卖盘
2159,13:01:27,6.68,--,154,103139,卖盘
2160,13:01:24,6.68,-0.01,500,334000,卖盘
2161,13:01:18,6.69,0.01,42,28098,买盘
2162,13:01:15,6.68,--,64,42752,卖盘
2163,13:01:12,6.68,--,44,29392,卖盘
2164,13:01:09,6.68,--,90,60120,卖盘
2165,13:01:06,6.68,0.01,1129,754172,买盘
2166,13:01:00,6.67,-0.01,89,59363,卖盘
2167,13:00:57,6.68,0.01,40,26720,买盘
2168,13:00:54,6.67,--,105,70035,卖盘
2169,13:00:51,6.67,-0.01,10,6670,卖盘
2170,13:00:48,6.68,0.01,103,68804,买盘
2171,13:00:45,6.67,-0.01,142,94714,卖盘
2172,13:00:42,6.68,0.01,2000,1336000,买盘
2173,13:00:39,6.67,--,20,13340,卖盘
2174,13:00:36,6.67,-0.01,18,12006,卖盘
2175,13:00:33,6.68,0.01,42,28056,买盘
2176,13:00:30,6.67,0.01,694,463191,买盘
2177,13:00:27,6.66,-0.01,27,17982,卖盘
2178,13:00:24,6.67,--,136,90712,买盘
2179,13:00:12,6.67,--,55,36685,买盘
2180,13:00:09,6.67,-0.01,580,387233,卖盘
2181,13:00:06,6.68,--,637,425516,买盘
2182,13:00:03,6.68,-0.01,15780,10541040,卖盘
2183,13:00:00,6.69,--,0,0,买盘
2184,11:30:00,6.69,--,9,6021,买盘
2185,11:29:57,6.69,0.01,37,24753,买盘
2186,11:29:54,6.68,-0.01,155,103540,卖盘
2187,11:29:51,6.69,--,20,13380,买盘
2188,11:29:48,6.69,--,27,18063,卖盘
2189,11:29:45,6.69,--,507,339183,买盘
2190,11:29:42,6.69,--,7,4683,买盘
2191,11:29:39,6.69,0.01,108,72252,买盘
2192,11:29:36,6.68,--,88,58784,卖盘
2193,11:29:33,6.68,-0.01,3669,2450892,卖盘
2194,11:29:30,6.69,--,16,10704,买盘
2195,11:29:27,6.69,--,154,103026,买盘
2196,11:29:24,6.69,--,59,39471,买盘
2197,11:29:21,6.69,0.01,165,110385,买盘
2198,11:29:18,6.68,-0.01,68,45424,卖盘
2199,11:29:15,6.69,--,26,17394,买盘
2200,11:29:12,6.69,0.01,57,38133,买盘
2201,11:29:09,6.68,--,320,213760,卖盘
2202,11:29:06,6.68,-0.01,43,28724,卖盘
2203,11:29:03,6.69,--,263,175947,买盘
2204,11:29:00,6.69,--,23,15387,买盘
2205,11:28:57,6.69,--,146,97674,买盘
2206,11:28:54,6.69,--,118,78942,买盘
2207,11:28:51,6.69,--,25,16725,买盘
2208,11:28:48,6.69,--,27,18063,买盘
2209,11:28:45,6.69,--,109,72921,买盘
2210,11:28:42,6.69,--,319,213411,买盘
2211,11:28:39,6.69,--,63,42147,买盘
2212,11:28:36,6.69,--,48,32112,买盘
2213,11:28:33,6.69,--,66,44154,买盘
2214,11:28:30,6.69,--,122,81618,买盘
2215,11:28:27,6.69,--,425,284325,买盘
2216,11:28:24,6.69,--,473,316437,买盘
2217,11:28:21,6.69,--,1045,699105,买盘
2218,11:28:18,6.69,0.01,14,9366,买盘
2219,11:28:15,6.68,-0.01,221,147628,卖盘
2220,11:28:12,6.69,--,26,17394,买盘
2221,11:28:09,6.69,0.01,21,14049,买盘
2222,11:28:06,6.68,-0.01,3,2004,卖盘
2223,11:28:03,6.69,--,37,24753,买盘
2224,11:28:00,6.69,--,69,46161,卖盘
2225,11:27:57,6.69,--,1,669,买盘
2226,11:27:54,6.69,--,230,153870,卖盘
2227,11:27:51,6.69,--,85,56865,买盘
2228,11:27:48,6.69,--,7,4683,买盘
2229,11:27:45,6.69,0.01,70,46830,买盘
2230,11:27:42,6.68,--,315,210420,卖盘
2231,11:27:39,6.68,-0.01,41,27388,卖盘
2232,11:27:36,6.69,--,58,38802,买盘
2233,11:27:33,6.69,--,46,30774,买盘
2234,11:27:30,6.69,--,61,40809,买盘
2235,11:27:27,6.69,--,147,98343,买盘
2236,11:27:24,6.69,--,112,74928,买盘
2237,11:27:21,6.69,--,36,24084,买盘
2238,11:27:18,6.69,--,38,25422,买盘
2239,11:27:15,6.69,0.01,13,8697,卖盘
2240,11:27:12,6.68,-0.01,31,20708,卖盘
2241,11:27:09,6.69,--,59,39471,卖盘
2242,11:27:06,6.69,--,18,12042,卖盘
2243,11:27:03,6.69,--,3,2007,买盘
2244,11:27:00,6.69,0.01,15,10035,买盘
2245,11:26:57,6.68,--,177,118236,卖盘
2246,11:26:54,6.68,-0.01,228,152304,卖盘
2247,11:26:51,6.69,--,150,100350,卖盘
2248,11:26:48,6.69,0.01,1872,1252368,买盘
2249,11:26:45,6.68,-0.01,274,183032,卖盘
2250,11:26:42,6.69,--,117,78273,买盘
2251,11:26:39,6.69,0.01,170,113730,买盘
2252,11:26:36,6.68,--,160,106880,卖盘
2253,11:26:33,6.68,--,51,34068,卖盘
2254,11:26:30,6.68,-0.01,927,619236,卖盘
2255,11:26:27,6.69,--,41,27429,买盘
2256,11:26:24,6.69,--,9,6021,买盘
2257,11:26:21,6.69,0.01,76,50844,买盘
2258,11:26:15,6.68,--,43,28724,卖盘
2259,11:26:12,6.68,-0.01,752,502336,卖盘
2260,11:26:09,6.69,0.01,208,139152,买盘
2261,11:26:06,6.68,-0.01,210,140280,卖盘
2262,11:26:03,6.69,--,26,17394,买盘
2263,11:26:00,6.69,--,156,104364,买盘
2264,11:25:57,6.69,0.01,1,669,买盘
2265,11:25:51,6.68,-0.01,71,47428,卖盘
2266,11:25:48,6.69,--,367,245523,买盘
2267,11:25:45,6.69,0.01,95,63555,买盘
2268,11:25:42,6.68,--,2149,1435532,卖盘
2269,11:25:39,6.68,-0.01,235,156980,卖盘
2270,11:25:36,6.69,0.01,1251,836919,买盘
2271,11:25:33,6.68,-0.01,145,96860,卖盘
2272,11:25:30,6.69,--,545,364605,买盘
2273,11:25:27,6.69,--,286,191334,买盘
2274,11:25:24,6.69,--,77,51513,买盘
2275,11:25:21,6.69,0.01,34,22746,买盘
2276,11:25:18,6.68,-0.01,117,78156,卖盘
2277,11:25:15,6.69,--,57,38133,买盘
2278,11:25:12,6.69,--,365,244185,买盘
2279,11:25:09,6.69,--,15,10035,买盘
2280,11:25:06,6.69,--,1466,980754,卖盘
2281,11:25:03,6.69,--,91,60879,卖盘
2282,11:25:00,6.69,--,52,34788,卖盘
2283,11:24:57,6.69,--,881,589389,买盘
2284,11:24:54,6.69,--,74,49506,买盘
2285,11:24:51,6.69,--,70,46830,买盘
2286,11:24:48,6.69,--,47,31443,买盘
2287,11:24:45,6.69,--,364,243516,买盘
2288,11:24:42,6.69,--,38,25422,买盘
2289,11:24:39,6.69,--,117,78273,买盘
2290,11:24:36,6.69,--,2092,1399548,买盘
2291,11:24:33,6.69,--,104,69576,卖盘
2292,11:24:30,6.69,--,211,141159,卖盘
2293,11:24:27,6.69,--,3203,2142807,买盘
2294,11:24:24,6.69,--,67,44823,买盘
2295,11:24:21,6.69,--,219,146511,买盘
2296,11:24:18,6.69,--,21,14049,买盘
2297,11:24:15,6.69,--,32,21408,买盘
2298,11:24:12,6.69,--,679,454251,卖盘
2299,11:24:09,6.69,--,441,295029,卖盘
2300,11:24:06,6.69,-0.01,48,32112,卖盘
2301,11:24:03,6.7,0.01,50,33500,买盘
2302,11:24:00,6.69,--,2001,1338669,卖盘
2303,11:23:57,6.69,--,137,91653,卖盘
2304,11:23:54,6.69,--,1176,786744,卖盘
2305,11:23:51,6.69,--,149,99681,卖盘
2306,11:23:48,6.69,--,10,6690,卖盘
2307,11:23:45,6.69,--,170,113730,卖盘
2308,11:23:39,6.69,--,16,10704,卖盘
2309,11:23:36,6.69,--,38,25422,卖盘
2310,11:23:33,6.69,--,800,535200,卖盘
2311,11:23:30,6.69,--,176,118038,买盘
2312,11:23:27,6.69,--,512,342528,买盘
2313,11:23:24,6.69,0.01,471,315099,买盘
2314,11:23:21,6.68,-0.01,66,44088,卖盘
2315,11:23:18,6.69,--,112,74928,买盘
2316,11:23:15,6.69,--,2141,1432329,买盘
2317,11:23:12,6.69,0.01,633,423477,买盘
2318,11:23:09,6.68,-0.01,86,57448,卖盘
2319,11:23:06,6.69,--,88,58872,买盘
2320,11:23:03,6.69,--,3655,2445195,买盘
2321,11:23:00,6.69,--,825,551925,卖盘
2322,11:22:57,6.69,--,382,255558,卖盘
2323,11:22:54,6.69,--,44,29436,买盘
2324,11:22:51,6.69,--,223,149187,卖盘
2325,11:22:48,6.69,--,90,60210,卖盘
2326,11:22:45,6.69,--,119,79611,买盘
2327,11:22:42,6.69,0.01,1076,719844,买盘
2328,11:22:39,6.68,--,208,138944,卖盘
2329,11:22:36,6.68,--,147,98196,卖盘
2330,11:22:33,6.68,--,100,66800,卖盘
2331,11:22:30,6.68,-0.01,128,85504,卖盘
2332,11:22:27,6.69,--,7728,5170032,买盘
2333,11:22:24,6.69,0.01,1382,924558,买盘
2334,11:22:21,6.68,--,1123,750164,卖盘
2335,11:22:18,6.68,--,76,50768,卖盘
2336,11:22:15,6.68,--,108,72144,卖盘
2337,11:22:12,6.68,-0.01,1311,875748,卖盘
2338,11:22:09,6.69,0.01,75,50175,买盘
2339,11:22:06,6.68,--,185,123580,卖盘
2340,11:22:03,6.68,-0.01,95,63460,卖盘
2341,11:22:00,6.69,--,170,113730,买盘
2342,11:21:57,6.69,--,2387,1596903,卖盘
2343,11:21:54,6.69,--,2329,1558101,卖盘
2344,11:21:51,6.69,--,1934,1293846,卖盘
2345,11:21:48,6.69,-0.01,403,269607,卖盘
2346,11:21:45,6.7,--,120,80400,买盘
2347,11:21:42,6.7,--,492,329640,买盘
2348,11:21:39,6.7,--,3529,2364805,卖盘
2349,11:21:36,6.7,--,4992,3344640,卖盘
2350,11:21:33,6.7,--,7137,4781790,卖盘
2351,11:21:30,6.7,--,315,211050,卖盘
2352,11:21:24,6.7,--,1274,853580,卖盘
2353,11:21:21,6.7,--,386,258914,卖盘
2354,11:21:18,6.7,--,61,40870,卖盘
2355,11:21:15,6.7,-0.01,113,75710,卖盘
2356,11:21:12,6.71,0.01,1096,735416,买盘
2357,11:21:09,6.7,-0.01,140,93800,卖盘
2358,11:21:06,6.71,0.01,410,275110,买盘
2359,11:21:03,6.7,--,1432,959440,卖盘
2360,11:21:00,6.7,--,3760,2519200,卖盘
2361,11:20:57,6.7,-0.01,80,53600,卖盘
2362,11:20:54,6.71,--,204,136884,买盘
2363,11:20:51,6.71,--,6663,4471369,卖盘
2364,11:20:48,6.71,--,77,51667,卖盘
2365,11:20:45,6.71,--,4405,2955755,卖盘
2366,11:20:42,6.71,-0.01,63,42273,卖盘
2367,11:20:39,6.72,--,6,4032,买盘
2368,11:20:36,6.72,0.01,34,22848,买盘
2369,11:20:33,6.71,-0.01,130,87230,卖盘
2370,11:20:30,6.72,0.01,3,2016,买盘
2371,11:20:27,6.71,--,20,13420,卖盘
2372,11:20:24,6.71,--,37,24827,卖盘
2373,11:20:21,6.71,--,583,391193,卖盘
2374,11:20:15,6.71,-0.01,140,93940,卖盘
2375,11:20:12,6.72,0.01,1,672,买盘
2376,11:20:09,6.71,-0.01,1775,1191025,卖盘
2377,11:20:06,6.72,--,314,211008,买盘
2378,11:20:03,6.72,0.01,3,2016,买盘
2379,11:20:00,6.71,--,344,230824,卖盘
2380,11:19:57,6.71,--,110,73810,卖盘
2381,11:19:51,6.71,-0.01,43,28853,卖盘
2382,11:19:48,6.72,0.01,712,478464,买盘
2383,11:19:45,6.71,--,25,16775,卖盘
2384,11:19:42,6.71,-0.01,387,259677,卖盘
2385,11:19:39,6.72,0.01,1,672,买盘
2386,11:19:36,6.71,--,41,27511,卖盘
2387,11:19:33,6.71,--,57,38247,卖盘
2388,11:19:30,6.71,-0.01,74,49654,卖盘
2389,11:19:27,6.72,--,11,7392,买盘
2390,11:19:21,6.72,0.01,7,4704,买盘
2391,11:19:18,6.71,--,26,17446,卖盘
2392,11:19:15,6.71,--,10,6710,卖盘
2393,11:19:12,6.71,-0.01,2,1342,卖盘
2394,11:19:09,6.72,--,29,19488,买盘
2395,11:19:06,6.72,--,5,3360,买盘
2396,11:19:03,6.72,--,70,47040,买盘
2397,11:18:57,6.72,--,118,79296,买盘
2398,11:18:54,6.72,--,1,672,买盘
2399,11:18:51,6.72,--,70,47040,买盘
2400,11:18:48,6.72,0.01,180,120960,买盘
2401,11:18:42,6.71,--,137,91927,卖盘
2402,11:18:39,6.71,-0.01,18,12078,卖盘
2403,11:18:36,6.72,--,1,672,买盘
2404,11:18:33,6.72,--,43,28896,买盘
2405,11:18:30,6.72,0.01,4,2688,买盘
2406,11:18:27,6.71,--,10,6710,卖盘
2407,11:18:24,6.71,--,35,23485,卖盘
2408,11:18:21,6.71,--,20,13420,卖盘
2409,11:18:18,6.71,--,125,83875,卖盘
2410,11:18:15,6.71,--,18,12078,卖盘
2411,11:18:12,6.71,--,199,133529,卖盘
2412,11:18:09,6.71,-0.01,76,50996,卖盘
2413,11:18:06,6.72,--,40,26880,买盘
2414,11:18:03,6.72,--,284,190848,买盘
2415,11:18:00,6.72,0.01,52,34944,买盘
2416,11:17:57,6.71,-0.01,5,3355,卖盘
2417,11:17:54,6.72,--,20,13440,买盘
2418,11:17:51,6.72,--,290,194880,卖盘
2419,11:17:45,6.72,--,18,12096,卖盘
2420,11:17:42,6.72,--,10,6720,卖盘
2421,11:17:39,6.72,-0.01,31,20832,卖盘
2422,11:17:36,6.73,--,1,673,买盘
2423,11:17:30,6.73,--,16,10768,买盘
2424,11:17:27,6.73,0.01,37,24901,买盘
2425,11:17:24,6.72,--,28,19353,买盘
2426,11:17:21,6.72,-0.01,456,306566,卖盘
2427,11:17:18,6.73,0.01,2,1346,买盘
2428,11:17:15,6.72,0.01,2589,1740345,买盘
2429,11:17:09,6.71,--,297,199287,卖盘
2430,11:17:06,6.71,--,30,20130,卖盘
2431,11:17:03,6.71,--,111,74481,卖盘
2432,11:17:00,6.71,-0.01,33,22143,卖盘
2433,11:16:57,6.72,0.01,33,22176,买盘
2434,11:16:54,6.71,-0.01,45,30195,卖盘
2435,11:16:51,6.72,--,31,20832,买盘
2436,11:16:48,6.72,0.01,15,10080,买盘
2437,11:16:45,6.71,-0.01,28,18788,卖盘
2438,11:16:42,6.72,--,17,11424,买盘
2439,11:16:39,6.72,--,244,163968,买盘
2440,11:16:36,6.72,0.01,119,79968,买盘
2441,11:16:33,6.71,--,44,29524,卖盘
2442,11:16:30,6.71,-0.01,127,85217,卖盘
2443,11:16:27,6.72,--,32,21504,买盘
2444,11:16:24,6.72,--,1,672,买盘
2445,11:16:21,6.72,--,38,25536,买盘
2446,11:16:15,6.72,--,2,1344,买盘
2447,11:16:12,6.72,--,202,135744,买盘
2448,11:16:09,6.72,--,871,585312,买盘
2449,11:16:06,6.72,0.01,72,48384,买盘
2450,11:16:03,6.71,--,21,14091,卖盘
2451,11:16:00,6.71,--,19,12749,卖盘
2452,11:15:57,6.71,--,158,106018,卖盘
2453,11:15:54,6.71,-0.01,38,25498,卖盘
2454,11:15:51,6.72,0.01,117,78624,买盘
2455,11:15:48,6.71,--,600,402680,卖盘
2456,11:15:45,6.71,--,5,3355,卖盘
2457,11:15:42,6.71,-0.01,40,26840,卖盘
2458,11:15:39,6.72,--,30,20160,买盘
2459,11:15:36,6.72,0.01,175,117600,买盘
2460,11:15:33,6.71,--,106,71126,卖盘
2461,11:15:30,6.71,--,392,263032,卖盘
2462,11:15:24,6.71,-0.01,49,32879,卖盘
2463,11:15:21,6.72,--,14,9408,买盘
2464,11:15:18,6.72,--,20,13440,买盘
2465,11:15:15,6.72,--,2,1344,买盘
2466,11:15:09,6.72,--,32,21504,买盘
2467,11:15:06,6.72,--,60,40320,买盘
2468,11:15:03,6.72,--,5,3360,买盘
2469,11:15:00,6.72,--,186,125126,卖盘
2470,11:14:57,6.72,-0.01,151,101472,卖盘
2471,11:14:54,6.73,0.01,226,152098,买盘
2472,11:14:51,6.72,--,12,8064,卖盘
2473,11:14:48,6.72,--,30,20160,卖盘
2474,11:14:45,6.72,--,20,13440,卖盘
2475,11:14:42,6.72,--,69,46368,卖盘
2476,11:14:39,6.72,-0.01,11,7392,卖盘
2477,11:14:36,6.73,0.01,5,3365,买盘
2478,11:14:33,6.72,--,355,238560,卖盘
2479,11:14:30,6.72,-0.01,128,86016,卖盘
2480,11:14:27,6.73,0.01,4,2692,买盘
2481,11:14:24,6.72,--,4,2688,卖盘
2482,11:14:21,6.72,--,5,3360,卖盘
2483,11:14:18,6.72,--,4,2688,卖盘
2484,11:14:15,6.72,-0.01,11,7392,卖盘
2485,11:14:12,6.73,0.01,10,6730,买盘
2486,11:14:09,6.72,--,366,245952,卖盘
2487,11:14:06,6.72,--,94,63168,卖盘
2488,11:14:03,6.72,-0.01,24,16128,卖盘
2489,11:14:00,6.73,0.01,3122,2101106,买盘
2490,11:13:57,6.72,--,290,194880,卖盘
2491,11:13:54,6.72,--,1480,994560,卖盘
2492,11:13:51,6.72,--,18,12096,卖盘
2493,11:13:39,6.72,--,50,33600,卖盘
2494,11:13:36,6.72,--,36,24192,卖盘
2495,11:13:33,6.72,--,5,3360,卖盘
2496,11:13:27,6.72,-0.01,128,86016,卖盘
2497,11:13:24,6.73,0.01,14,9422,买盘
2498,11:13:21,6.72,-0.01,4,2688,卖盘
2499,11:13:18,6.73,--,16,10768,买盘
2500,11:13:15,6.73,0.01,840,565320,买盘
2501,11:13:09,6.72,-0.01,29,19488,卖盘
2502,11:13:06,6.73,--,520,349960,买盘
2503,11:13:03,6.73,0.01,2,1346,买盘
2504,11:13:00,6.72,--,141,94752,卖盘
2505,11:12:57,6.72,--,456,306432,卖盘
2506,11:12:54,6.72,--,20,13440,卖盘
2507,11:12:45,6.72,-0.01,38,25536,卖盘
2508,11:12:42,6.73,0.01,4,2692,买盘
2509,11:12:39,6.72,--,72,48384,卖盘
2510,11:12:36,6.72,-0.01,48,32256,卖盘
2511,11:12:33,6.73,--,331,222763,买盘
2512,11:12:30,6.73,0.01,57,38361,买盘
2513,11:12:27,6.72,-0.01,120,80640,卖盘
2514,11:12:24,6.73,--,20,13460,买盘
2515,11:12:21,6.73,--,12,8076,买盘
2516,11:12:18,6.73,--,539,362747,买盘
2517,11:12:12,6.73,0.01,27,18171,买盘
2518,11:12:09,6.72,-0.01,68,45696,卖盘
2519,11:12:06,6.73,--,116,78068,买盘
2520,11:12:03,6.73,--,12,8076,买盘
2521,11:12:00,6.73,--,71,47783,买盘
2522,11:11:57,6.73,--,49,32977,买盘
2523,11:11:54,6.73,0.01,6,4038,买盘
2524,11:11:51,6.72,-0.01,34,22848,卖盘
2525,11:11:48,6.73,--,47,31631,买盘
2526,11:11:45,6.73,0.01,141,94893,买盘
2527,11:11:42,6.72,--,153,102816,卖盘
2528,11:11:39,6.72,-0.01,59,39648,卖盘
2529,11:11:33,6.73,0.01,101,67973,买盘
2530,11:11:30,6.72,-0.01,378,254016,卖盘
2531,11:11:24,6.73,--,1,673,买盘
2532,11:11:21,6.73,0.01,53,35669,买盘
2533,11:11:18,6.72,--,17,11424,卖盘
2534,11:11:15,6.72,--,278,186816,卖盘
2535,11:11:12,6.72,--,100,67200,卖盘
2536,11:11:09,6.72,--,18,12096,卖盘
2537,11:11:06,6.72,--,30,20160,卖盘
2538,11:11:03,6.72,--,72,48384,卖盘
2539,11:11:00,6.72,--,12,8064,卖盘
2540,11:10:57,6.72,-0.01,40,26880,卖盘
2541,11:10:54,6.73,--,11,7403,买盘
2542,11:10:45,6.73,--,52,34996,买盘
2543,11:10:42,6.73,0.01,16,10768,买盘
2544,11:10:39,6.72,-0.01,14,9408,卖盘
2545,11:10:36,6.73,--,1,673,买盘
2546,11:10:33,6.73,0.01,99,66627,买盘
2547,11:10:30,6.72,-0.01,135,90720,卖盘
2548,11:10:24,6.73,0.01,181,121813,买盘
2549,11:10:18,6.72,--,71,47712,卖盘
2550,11:10:15,6.72,--,18,12096,卖盘
2551,11:10:12,6.72,--,310,208320,卖盘
2552,11:10:03,6.72,--,6,4032,卖盘
2553,11:10:00,6.72,-0.01,292,196224,卖盘
2554,11:09:54,6.73,--,135,90855,买盘
2555,11:09:51,6.73,--,82,55186,买盘
2556,11:09:48,6.73,--,18,12114,卖盘
2557,11:09:45,6.73,--,10,6730,卖盘
2558,11:09:42,6.73,--,18,12652,卖盘
2559,11:09:39,6.73,--,235,158155,卖盘
2560,11:09:36,6.73,--,90,60570,卖盘
2561,11:09:33,6.73,0.01,129,86817,中性盘
2562,11:09:30,6.72,-0.01,284,190848,卖盘
2563,11:09:24,6.73,-0.01,237,159501,卖盘
2564,11:09:21,6.74,0.01,18,12132,买盘
2565,11:09:18,6.73,--,33,22209,卖盘
2566,11:09:12,6.73,-0.01,1,673,卖盘
2567,11:09:09,6.74,0.01,179,120646,买盘
2568,11:09:06,6.73,--,50,33650,卖盘
2569,11:09:03,6.73,--,1,673,卖盘
2570,11:09:00,6.73,--,12,8076,卖盘
2571,11:08:57,6.73,--,263,176999,卖盘
2572,11:08:54,6.73,-0.01,18,12114,卖盘
2573,11:08:51,6.74,0.01,6,4044,买盘
2574,11:08:48,6.73,--,6,4038,卖盘
2575,11:08:45,6.73,--,5,3365,卖盘
2576,11:08:42,6.73,-0.01,120,80760,卖盘
2577,11:08:39,6.74,0.01,306,206244,买盘
2578,11:08:33,6.73,-0.01,1,673,卖盘
2579,11:08:30,6.74,0.01,44,29656,买盘
2580,11:08:27,6.73,-0.01,186,125178,卖盘
2581,11:08:24,6.74,0.01,19,12806,买盘
2582,11:08:21,6.73,0.01,96,64608,买盘
2583,11:08:18,6.72,--,1,672,卖盘
2584,11:08:12,6.72,-0.01,200,134400,卖盘
2585,11:08:09,6.73,--,52,34996,卖盘
2586,11:08:06,6.73,0.01,79,53167,买盘
2587,11:08:03,6.72,-0.01,1056,709632,卖盘
2588,11:08:00,6.73,--,46,30958,买盘
2589,11:07:57,6.73,--,1,673,买盘
2590,11:07:54,6.73,0.01,42,28266,买盘
2591,11:07:51,6.72,-0.01,104,69888,卖盘
2592,11:07:48,6.73,--,16,10768,买盘
2593,11:07:42,6.73,0.01,10,6730,买盘
2594,11:07:39,6.72,--,104,69888,卖盘
2595,11:07:36,6.72,-0.01,1,672,卖盘
2596,11:07:33,6.73,--,16,10768,买盘
2597,11:07:30,6.73,--,38,25574,买盘
2598,11:07:27,6.73,--,20,13460,买盘
2599,11:07:24,6.73,0.01,9,6057,买盘
2600,11:07:21,6.72,--,20,13440,卖盘
2601,11:07:15,6.72,--,3,2016,卖盘
2602,11:07:12,6.72,-0.01,29,19488,卖盘
2603,11:07:09,6.73,--,43,28939,买盘
2604,11:07:06,6.73,0.01,5,3365,买盘
2605,11:07:03,6.72,-0.02,342,229824,卖盘
2606,11:07:00,6.74,0.01,29,19546,买盘
2607,11:06:57,6.73,--,35,23555,卖盘
2608,11:06:51,6.73,--,5,3365,卖盘
2609,11:06:48,6.73,--,15,10095,卖盘
2610,11:06:45,6.73,--,195,131235,卖盘
2611,11:06:42,6.73,-0.01,13,8749,卖盘
2612,11:06:39,6.74,0.01,12,8088,买盘
2613,11:06:36,6.73,--,38,25574,卖盘
2614,11:06:33,6.73,-0.01,29,19517,卖盘
2615,11:06:30,6.74,0.01,239,161086,买盘
2616,11:06:27,6.73,-0.01,25,16825,卖盘
2617,11:06:21,6.74,0.01,5,3370,买盘
2618,11:06:18,6.73,--,102,68646,卖盘
2619,11:06:09,6.73,--,31,20863,卖盘
2620,11:06:03,6.73,--,19,12787,卖盘
2621,11:06:00,6.73,--,5,3365,卖盘
2622,11:05:57,6.73,-0.01,2,1346,卖盘
2623,11:05:54,6.74,0.01,11,7414,买盘
2624,11:05:51,6.73,--,19,12787,卖盘
2625,11:05:48,6.73,--,53,35669,卖盘
2626,11:05:42,6.73,--,530,356690,卖盘
2627,11:05:36,6.73,--,98,65954,卖盘
2628,11:05:33,6.73,--,109,73357,卖盘
2629,11:05:30,6.73,--,3,2019,卖盘
2630,11:05:27,6.73,-0.01,200,134600,卖盘
2631,11:05:24,6.74,--,3,2022,买盘
2632,11:05:21,6.74,--,30,20220,买盘
2633,11:05:18,6.74,0.01,75,50550,买盘
2634,11:05:15,6.73,--,973,654829,卖盘
2635,11:05:12,6.73,-0.01,87,58551,卖盘
2636,11:05:09,6.74,--,31,20894,买盘
2637,11:05:06,6.74,0.01,33,22242,买盘
2638,11:05:03,6.73,--,9,6057,卖盘
2639,11:05:00,6.73,-0.01,955,642715,卖盘
2640,11:04:57,6.74,0.01,1,674,买盘
2641,11:04:48,6.73,--,70,47110,卖盘
2642,11:04:45,6.73,--,23,15479,卖盘
2643,11:04:39,6.73,-0.01,19,12787,卖盘
2644,11:04:36,6.74,0.01,1,674,买盘
2645,11:04:33,6.73,-0.01,1,673,卖盘
2646,11:04:30,6.74,--,10,6740,买盘
2647,11:04:27,6.74,--,5,3370,买盘
2648,11:04:21,6.74,--,6,4044,买盘
2649,11:04:15,6.74,--,21,14154,买盘
2650,11:04:12,6.74,--,150,101100,买盘
2651,11:04:09,6.74,--,111,74814,买盘
2652,11:04:06,6.74,--,12,8088,买盘
2653,11:04:03,6.74,--,29,19546,买盘
2654,11:04:00,6.74,--,75,50550,买盘
2655,11:03:57,6.74,--,37,24938,买盘
2656,11:03:51,6.74,--,15,10110,买盘
2657,11:03:48,6.74,--,20,13480,买盘
2658,11:03:45,6.74,--,37,24938,买盘
2659,11:03:42,6.74,--,3,2022,买盘
2660,11:03:39,6.74,--,48,32352,卖盘
2661,11:03:33,6.74,0.01,14,9436,买盘
2662,11:03:30,6.73,--,73,49129,卖盘
2663,11:03:27,6.73,-0.01,118,79414,卖盘
2664,11:03:24,6.74,--,3,2022,买盘
2665,11:03:21,6.74,--,2,1348,买盘
2666,11:03:15,6.74,--,20,13480,买盘
2667,11:03:12,6.74,--,11,7414,卖盘
2668,11:03:09,6.74,--,17,11458,买盘
2669,11:03:06,6.74,--,10,6740,买盘
2670,11:03:03,6.74,-0.01,4,2696,中性盘
2671,11:02:57,6.75,0.01,9,6075,买盘
2672,11:02:54,6.74,--,297,200717,卖盘
2673,11:02:51,6.74,--,35,23590,卖盘
2674,11:02:48,6.74,--,36,24264,卖盘
2675,11:02:45,6.74,--,154,103796,卖盘
2676,11:02:42,6.74,--,16,10784,卖盘
2677,11:02:39,6.74,--,30,20220,卖盘
2678,11:02:33,6.74,--,9,6066,卖盘
2679,11:02:30,6.74,--,68,45832,卖盘
2680,11:02:27,6.74,-0.01,8,5392,卖盘
2681,11:02:24,6.75,0.01,11,7425,买盘
2682,11:02:18,6.74,--,18,12132,卖盘
2683,11:02:15,6.74,--,10,6740,卖盘
2684,11:02:12,6.74,0.01,1054,710530,买盘
2685,11:02:09,6.73,--,90,60570,卖盘
2686,11:02:06,6.73,--,46,30958,卖盘
2687,11:02:03,6.73,-0.01,25,16825,卖盘
2688,11:02:00,6.74,0.01,6,4044,买盘
2689,11:01:54,6.73,--,33,22209,卖盘
2690,11:01:45,6.73,--,33,22209,卖盘
2691,11:01:42,6.73,-0.01,53,35669,卖盘
2692,11:01:39,6.74,--,9,6066,买盘
2693,11:01:36,6.74,0.01,36,24264,买盘
2694,11:01:33,6.73,-0.01,455,306215,卖盘
2695,11:01:30,6.74,0.01,30,20220,买盘
2696,11:01:27,6.73,--,6,4038,卖盘
2697,11:01:24,6.73,-0.01,18,12114,卖盘
2698,11:01:21,6.74,--,20,13480,买盘
2699,11:01:18,6.74,--,7,4718,买盘
2700,11:01:15,6.74,--,3,2022,买盘
2701,11:01:09,6.74,0.01,101,68074,买盘
2702,11:01:06,6.73,--,31,20863,卖盘
2703,11:01:03,6.73,-0.01,6,4038,卖盘
2704,11:01:00,6.74,0.01,2,1348,买盘
2705,11:00:57,6.73,-0.01,26,17498,卖盘
2706,11:00:54,6.74,--,26,17524,买盘
2707,11:00:45,6.74,0.01,102,68748,买盘
2708,11:00:42,6.73,-0.01,10,6730,卖盘
2709,11:00:39,6.74,0.01,12,8088,买盘
2710,11:00:36,6.73,--,1,673,卖盘
2711,11:00:33,6.73,--,23,15479,卖盘
2712,11:00:30,6.73,-0.01,85,57205,卖盘
2713,11:00:27,6.74,--,6,4044,买盘
2714,11:00:24,6.74,0.01,24,16176,买盘
2715,11:00:21,6.73,-0.01,27,18171,卖盘
2716,11:00:18,6.74,--,235,158390,买盘
2717,11:00:15,6.74,--,2,1348,买盘
2718,11:00:12,6.74,0.01,355,239270,买盘
2719,11:00:09,6.73,--,10,6730,卖盘
2720,11:00:06,6.73,-0.01,1,673,卖盘
2721,11:00:03,6.74,0.01,90,60660,买盘
2722,11:00:00,6.73,--,19,12787,卖盘
2723,10:59:57,6.73,--,17,11441,卖盘
2724,10:59:54,6.73,--,28,18844,卖盘
2725,10:59:51,6.73,-0.01,1,673,卖盘
2726,10:59:48,6.74,0.01,36,24264,买盘
2727,10:59:45,6.73,-0.01,66,44418,卖盘
2728,10:59:42,6.74,0.01,51,34374,买盘
2729,10:59:39,6.73,--,3,2019,卖盘
2730,10:59:36,6.73,--,6,4038,卖盘
2731,10:59:33,6.73,-0.01,235,158155,卖盘
2732,10:59:30,6.74,0.01,188,126712,买盘
2733,10:59:27,6.73,-0.01,2,1346,卖盘
2734,10:59:24,6.74,--,22,14828,买盘
2735,10:59:21,6.74,0.01,51,34374,买盘
2736,10:59:18,6.73,-0.01,55,37015,卖盘
2737,10:59:12,6.74,0.01,10,6740,买盘
2738,10:59:09,6.73,--,30,20190,卖盘
2739,10:59:06,6.73,--,1,673,卖盘
2740,10:59:03,6.73,--,219,147387,买盘
2741,10:59:00,6.73,--,83,55859,买盘
2742,10:58:57,6.73,--,35,23555,买盘
2743,10:58:51,6.73,--,70,47110,买盘
2744,10:58:45,6.73,0.01,21,14133,买盘
2745,10:58:42,6.72,--,64,43008,卖盘
2746,10:58:39,6.72,-0.01,55,36960,卖盘
2747,10:58:36,6.73,0.01,32,21536,买盘
2748,10:58:33,6.72,--,101,67872,卖盘
2749,10:58:30,6.72,-0.01,47,31584,卖盘
2750,10:58:27,6.73,--,15,10095,卖盘
2751,10:58:24,6.73,--,24,16152,买盘
2752,10:58:21,6.73,--,56,37688,卖盘
2753,10:58:15,6.73,--,72,48456,卖盘
2754,10:58:12,6.73,--,14,9422,卖盘
2755,10:58:09,6.73,--,30,20190,买盘
2756,10:58:06,6.73,--,342,230166,买盘
2757,10:58:03,6.73,0.01,425,286025,买盘
2758,10:58:00,6.72,-0.01,11,7392,卖盘
2759,10:57:57,6.73,--,233,156809,买盘
2760,10:57:54,6.73,--,50,33650,买盘
2761,10:57:51,6.73,0.01,60,40380,买盘
2762,10:57:48,6.72,-0.01,300,201600,卖盘
2763,10:57:45,6.73,--,271,182383,买盘
2764,10:57:42,6.73,--,762,512826,买盘
2765,10:57:39,6.73,--,31,20863,买盘
2766,10:57:36,6.73,--,541,364093,买盘
2767,10:57:33,6.73,--,163,109699,买盘
2768,10:57:30,6.73,--,540,363420,买盘
2769,10:57:27,6.73,--,80,53840,买盘
2770,10:57:24,6.73,--,10,6730,买盘
2771,10:57:21,6.73,--,2,1346,买盘
2772,10:57:18,6.73,--,6,4038,买盘
2773,10:57:15,6.73,--,105,70665,买盘
2774,10:57:12,6.73,--,1,673,买盘
2775,10:57:09,6.73,0.01,45,30285,买盘
2776,10:57:06,6.72,--,47,31584,卖盘
2777,10:57:03,6.72,-0.01,355,238560,卖盘
2778,10:57:00,6.73,--,10,6730,买盘
2779,10:56:57,6.73,--,4,2692,买盘
2780,10:56:54,6.73,0.01,2,1346,买盘
2781,10:56:51,6.72,--,803,539616,卖盘
2782,10:56:48,6.72,-0.01,117,78624,卖盘
2783,10:56:45,6.73,--,45,30285,买盘
2784,10:56:42,6.73,--,8,5384,买盘
2785,10:56:36,6.73,--,164,110372,买盘
2786,10:56:33,6.73,--,10,6730,买盘
2787,10:56:30,6.73,--,3,2019,买盘
2788,10:56:27,6.73,--,85,57205,买盘
2789,10:56:24,6.73,--,6,4038,买盘
2790,10:56:21,6.73,--,32,21536,买盘
2791,10:56:18,6.73,--,242,162866,买盘
2792,10:56:15,6.73,0.01,26,17498,买盘
2793,10:56:12,6.72,--,76,51072,卖盘
2794,10:56:09,6.72,--,10,6720,卖盘
2795,10:56:06,6.72,-0.01,53,35616,卖盘
2796,10:56:03,6.73,--,69,46437,买盘
2797,10:55:57,6.73,0.01,362,243626,买盘
2798,10:55:54,6.72,--,100,67200,卖盘
2799,10:55:51,6.72,--,82,55104,卖盘
2800,10:55:48,6.72,--,52,34944,卖盘
2801,10:55:45,6.72,--,165,110880,卖盘
2802,10:55:42,6.72,--,5,3360,卖盘
2803,10:55:39,6.72,0.01,262,176064,买盘
2804,10:55:36,6.71,-0.01,126,84546,卖盘
2805,10:55:33,6.72,--,40,26880,买盘
2806,10:55:30,6.72,--,1391,934752,卖盘
2807,10:55:24,6.72,--,52,34944,卖盘
2808,10:55:21,6.72,--,42,28224,卖盘
2809,10:55:18,6.72,-0.01,21,14112,卖盘
2810,10:55:12,6.73,--,105,70665,买盘
2811,10:55:09,6.73,0.01,10,6730,买盘
2812,10:55:06,6.72,-0.01,1,672,卖盘
2813,10:55:03,6.73,0.01,32,21536,买盘
2814,10:55:00,6.72,-0.01,356,239232,卖盘
2815,10:54:57,6.73,0.01,201,135273,买盘
2816,10:54:54,6.72,-0.01,19,12768,卖盘
2817,10:54:51,6.73,0.01,10,6730,买盘
2818,10:54:48,6.72,--,10,6720,卖盘
2819,10:54:45,6.72,-0.01,28,18816,卖盘
2820,10:54:39,6.73,0.01,6,4038,买盘
2821,10:54:36,6.72,--,67,45024,卖盘
2822,10:54:33,6.72,--,78,52416,卖盘
2823,10:54:30,6.72,-0.01,1400,940800,卖盘
2824,10:54:27,6.73,0.01,27,18171,买盘
2825,10:54:24,6.72,--,59,39648,卖盘
2826,10:54:18,6.72,--,21,14112,卖盘
2827,10:54:12,6.72,0.01,55,36960,卖盘
2828,10:54:09,6.71,-0.01,600,402600,卖盘
2829,10:54:06,6.72,--,327,219744,卖盘
2830,10:54:03,6.72,--,1339,899902,买盘
2831,10:54:00,6.72,--,51,34272,买盘
2832,10:53:57,6.72,0.01,88,59136,买盘
2833,10:53:54,6.71,--,19,12749,卖盘
2834,10:53:51,6.71,-0.01,843,565653,卖盘
2835,10:53:48,6.72,--,14,9408,买盘
2836,10:53:45,6.72,0.01,135,90720,买盘
