,time,price,change,volume,amount,type
0,15:00:03,6.63,--,14442,9575046,买盘
1,14:57:00,6.63,--,119,78897,买盘
2,14:56:57,6.63,--,141,93483,买盘
3,14:56:54,6.63,--,90,59670,买盘
4,14:56:51,6.63,-0.01,202,133926,卖盘
5,14:56:48,6.64,0.02,112,74368,买盘
6,14:56:45,6.62,-0.01,7226,4783612,卖盘
7,14:56:42,6.63,--,106,70278,卖盘
8,14:56:39,6.63,--,311,206193,卖盘
9,14:56:36,6.63,-0.01,35,23205,卖盘
10,14:56:33,6.64,0.01,2522,1674608,买盘
11,14:56:30,6.63,--,384,254592,买盘
12,14:56:27,6.63,--,1877,1244451,买盘
13,14:56:24,6.63,--,296,196248,买盘
14,14:56:21,6.63,--,654,433602,买盘
15,14:56:18,6.63,--,193,127959,买盘
16,14:56:15,6.63,--,390,258570,买盘
17,14:56:12,6.63,--,248,164424,买盘
18,14:56:09,6.63,--,195,129285,买盘
19,14:56:06,6.63,--,271,179673,买盘
20,14:56:03,6.63,--,102,67626,买盘
21,14:56:00,6.63,--,127,84201,买盘
22,14:55:57,6.63,--,996,660348,卖盘
23,14:55:54,6.63,-0.01,40,26520,卖盘
24,14:55:51,6.64,0.01,529,351256,买盘
25,14:55:48,6.63,--,98,64974,卖盘
26,14:55:45,6.63,--,30,19890,卖盘
27,14:55:42,6.63,-0.01,201,133263,卖盘
28,14:55:39,6.64,--,2,1328,买盘
29,14:55:36,6.64,0.01,79,52456,买盘
30,14:55:33,6.63,0.01,75,49725,中性盘
31,14:55:30,6.62,-0.02,429,283998,卖盘
32,14:55:27,6.64,0.01,10,6640,买盘
33,14:55:24,6.63,-0.01,295,195585,卖盘
34,14:55:21,6.64,0.01,55,36520,买盘
35,14:55:18,6.63,--,104,68952,买盘
36,14:55:15,6.63,--,246,163098,买盘
37,14:55:12,6.63,--,434,287742,买盘
38,14:55:09,6.63,--,237,157131,买盘
39,14:55:06,6.63,--,622,412386,买盘
40,14:55:03,6.63,--,1735,1150305,买盘
41,14:55:00,6.63,0.01,756,501228,买盘
42,14:54:57,6.62,-0.01,285,188670,卖盘
43,14:54:54,6.63,0.01,75,49725,买盘
44,14:54:51,6.62,-0.01,296,195952,卖盘
45,14:54:48,6.63,0.01,42,27846,买盘
46,14:54:45,6.62,-0.01,108,71496,卖盘
47,14:54:42,6.63,--,57,37791,买盘
48,14:54:39,6.63,--,439,291057,买盘
49,14:54:36,6.63,--,203,134589,买盘
50,14:54:33,6.63,--,63,41769,买盘
51,14:54:30,6.63,0.01,156,103428,买盘
52,14:54:27,6.62,-0.01,354,234348,卖盘
53,14:54:24,6.63,--,96,63648,买盘
54,14:54:21,6.63,0.01,287,190281,买盘
55,14:54:18,6.62,-0.01,37,24494,卖盘
56,14:54:15,6.63,--,404,267852,买盘
57,14:54:12,6.63,0.01,190,125970,买盘
58,14:54:09,6.62,-0.01,220,145640,卖盘
59,14:54:06,6.63,0.01,103,68289,买盘
60,14:54:03,6.62,--,1363,902306,卖盘
61,14:54:00,6.62,-0.01,114,75468,卖盘
62,14:53:57,6.63,0.01,122,80886,买盘
63,14:53:54,6.62,-0.01,167,110554,卖盘
64,14:53:51,6.63,--,1562,1035606,买盘
65,14:53:48,6.63,0.01,635,421005,买盘
66,14:53:45,6.62,-0.01,77,50974,卖盘
67,14:53:42,6.63,--,176,116688,买盘
68,14:53:39,6.63,--,110,72930,买盘
69,14:53:36,6.63,--,320,212160,买盘
70,14:53:33,6.63,--,97,64311,买盘
71,14:53:30,6.63,--,215,142545,买盘
72,14:53:27,6.63,--,56,37128,买盘
73,14:53:24,6.63,--,616,408408,卖盘
74,14:53:21,6.63,--,70,46410,卖盘
75,14:53:18,6.63,-0.01,48,31824,卖盘
76,14:53:15,6.64,0.01,31,20584,买盘
77,14:53:12,6.63,--,347,230061,买盘
78,14:53:09,6.63,--,267,177021,买盘
79,14:53:06,6.63,0.01,435,288405,买盘
80,14:53:03,6.62,-0.01,266,176092,卖盘
81,14:53:00,6.63,--,79,52377,买盘
82,14:52:57,6.63,--,270,179010,买盘
83,14:52:54,6.63,--,94,62322,买盘
84,14:52:51,6.63,--,766,508388,买盘
85,14:52:48,6.63,--,174,115362,买盘
86,14:52:45,6.63,-0.01,402,266526,卖盘
87,14:52:42,6.64,--,494,328016,买盘
88,14:52:39,6.64,--,85,56440,买盘
89,14:52:36,6.64,0.01,2512,1667968,买盘
90,14:52:33,6.63,--,120,79560,卖盘
91,14:52:30,6.63,-0.01,318,210834,卖盘
92,14:52:27,6.64,0.01,143,94952,买盘
93,14:52:24,6.63,-0.01,273,180999,卖盘
94,14:52:21,6.64,--,135,89640,买盘
95,14:52:18,6.64,0.01,54,35856,买盘
96,14:52:15,6.63,-0.01,10,6630,卖盘
97,14:52:12,6.64,--,163,108232,买盘
98,14:52:09,6.64,--,140,92960,买盘
99,14:52:06,6.64,0.01,390,258960,买盘
100,14:52:03,6.63,-0.01,542,359346,卖盘
101,14:52:00,6.64,0.01,105,69720,买盘
102,14:51:57,6.63,-0.01,131,86853,卖盘
103,14:51:54,6.64,0.01,605,401720,买盘
104,14:51:51,6.63,--,63,41769,卖盘
105,14:51:48,6.63,-0.01,1090,722670,卖盘
106,14:51:45,6.64,0.01,217,144088,买盘
107,14:51:42,6.63,--,3386,2244918,买盘
108,14:51:39,6.63,--,144,95472,买盘
109,14:51:36,6.63,--,460,304980,买盘
110,14:51:33,6.63,--,2,1326,买盘
111,14:51:30,6.63,--,435,288405,买盘
112,14:51:27,6.63,0.01,396,262548,买盘
113,14:51:24,6.62,-0.01,387,256194,卖盘
114,14:51:21,6.63,--,304,201552,买盘
115,14:51:18,6.63,0.01,77,51051,买盘
116,14:51:15,6.62,-0.01,33,21846,卖盘
117,14:51:12,6.63,--,356,236028,买盘
118,14:51:09,6.63,0.01,282,186966,买盘
119,14:51:06,6.62,-0.01,466,308492,卖盘
120,14:51:03,6.63,--,223,147849,买盘
121,14:51:00,6.63,--,2073,1374399,买盘
122,14:50:57,6.63,--,258,171146,买盘
123,14:50:54,6.63,0.01,138,91494,买盘
124,14:50:51,6.62,-0.01,151,99962,卖盘
125,14:50:48,6.63,--,91,60333,买盘
126,14:50:45,6.63,--,655,434265,买盘
127,14:50:42,6.63,--,77,51051,买盘
128,14:50:39,6.63,0.01,90,59670,买盘
129,14:50:36,6.62,-0.01,287,189994,卖盘
130,14:50:33,6.63,0.01,201,133263,买盘
131,14:50:30,6.62,--,108,71496,卖盘
132,14:50:27,6.62,--,20,13240,卖盘
133,14:50:24,6.62,--,1021,675902,卖盘
134,14:50:21,6.62,-0.01,91,60242,卖盘
135,14:50:18,6.63,0.01,10,6630,买盘
136,14:50:15,6.62,--,20,13240,卖盘
137,14:50:12,6.62,--,219,144978,买盘
138,14:50:09,6.62,--,240,158880,买盘
139,14:50:06,6.62,--,226,149612,买盘
140,14:50:03,6.62,--,78,51636,买盘
141,14:50:00,6.62,--,170,112540,买盘
142,14:49:57,6.62,--,230,152260,买盘
143,14:49:54,6.62,--,1713,1134006,卖盘
144,14:49:51,6.62,--,10,6620,卖盘
145,14:49:48,6.62,--,1029,681198,买盘
146,14:49:45,6.62,--,1319,873178,买盘
147,14:49:42,6.62,0.01,499,330338,买盘
148,14:49:39,6.61,-0.01,255,168555,卖盘
149,14:49:36,6.62,0.01,87,57594,买盘
150,14:49:33,6.61,-0.01,902,596222,卖盘
151,14:49:30,6.62,--,222,146964,买盘
152,14:49:27,6.62,--,504,333648,买盘
153,14:49:24,6.62,--,128,84736,买盘
154,14:49:21,6.62,0.01,221,146302,买盘
155,14:49:18,6.61,--,1983,1310763,卖盘
156,14:49:15,6.61,-0.01,1060,700660,卖盘
157,14:49:12,6.62,0.01,17,11254,买盘
158,14:49:09,6.61,-0.01,2404,1589044,卖盘
159,14:49:06,6.62,--,161,106582,买盘
160,14:49:03,6.62,--,629,416398,买盘
161,14:49:00,6.62,--,426,282012,买盘
162,14:48:57,6.62,0.01,516,341592,买盘
163,14:48:54,6.61,--,4762,3147682,卖盘
164,14:48:51,6.61,-0.01,466,308026,卖盘
165,14:48:48,6.62,--,244,161528,买盘
166,14:48:45,6.62,0.01,421,278702,买盘
167,14:48:42,6.61,--,381,251841,卖盘
168,14:48:39,6.61,--,281,185741,卖盘
169,14:48:36,6.61,0.01,55,36355,中性盘
170,14:48:33,6.6,-0.01,8045,5309700,卖盘
171,14:48:30,6.61,--,392,259112,卖盘
172,14:48:27,6.61,--,450,297450,卖盘
173,14:48:24,6.61,--,963,636543,卖盘
174,14:48:21,6.61,--,171,113031,卖盘
175,14:48:18,6.61,--,514,339754,卖盘
176,14:48:15,6.61,-0.01,3905,2581205,卖盘
177,14:48:12,6.62,0.01,2711,1794682,买盘
178,14:48:09,6.61,-0.01,299,197639,卖盘
179,14:48:06,6.62,--,272,180064,买盘
180,14:48:03,6.62,--,284,188008,买盘
181,14:48:00,6.62,0.01,471,311802,买盘
182,14:47:57,6.61,--,511,337771,卖盘
183,14:47:54,6.61,--,1010,667610,卖盘
184,14:47:51,6.61,-0.01,86,56846,卖盘
185,14:47:48,6.62,--,384,254208,买盘
186,14:47:45,6.62,--,435,287970,买盘
187,14:47:42,6.62,--,390,258180,买盘
188,14:47:39,6.62,--,778,515036,卖盘
189,14:47:36,6.62,-0.01,507,335634,卖盘
190,14:47:33,6.63,0.01,245,163084,买盘
191,14:47:30,6.62,--,734,485908,买盘
192,14:47:27,6.62,--,196,129752,买盘
193,14:47:24,6.62,-0.01,2105,1393523,卖盘
194,14:47:21,6.63,0.01,225,149705,买盘
195,14:47:18,6.62,--,1248,826176,卖盘
196,14:47:15,6.62,-0.01,2159,1429377,卖盘
197,14:47:12,6.63,0.01,158,104754,买盘
198,14:47:09,6.62,--,131,86722,卖盘
199,14:47:06,6.62,--,582,385284,卖盘
200,14:47:03,6.62,-0.01,329,217798,卖盘
201,14:47:00,6.63,--,611,405093,买盘
202,14:46:57,6.63,0.01,2295,1521585,买盘
203,14:46:54,6.62,-0.01,358,236996,卖盘
204,14:46:51,6.63,--,382,253266,买盘
205,14:46:48,6.63,--,1223,810849,买盘
206,14:46:45,6.63,--,1080,716040,买盘
207,14:46:42,6.63,--,21,13923,买盘
208,14:46:39,6.63,--,229,151827,买盘
209,14:46:36,6.63,--,299,198237,买盘
210,14:46:33,6.63,--,2461,1631643,卖盘
211,14:46:30,6.63,-0.01,398,263874,卖盘
212,14:46:27,6.64,0.01,633,420312,买盘
213,14:46:24,6.63,-0.01,3144,2084472,卖盘
214,14:46:21,6.64,0.01,17,11288,买盘
215,14:46:18,6.63,--,2162,1433406,卖盘
216,14:46:15,6.63,-0.01,9,5967,卖盘
217,14:46:12,6.64,--,277,183928,买盘
218,14:46:09,6.64,--,2127,1412328,卖盘
219,14:46:06,6.64,--,44,29216,卖盘
220,14:46:03,6.64,--,72,47808,卖盘
221,14:45:57,6.64,--,139,92296,卖盘
222,14:45:54,6.64,--,63,41832,卖盘
223,14:45:51,6.64,-0.01,392,260288,卖盘
224,14:45:48,6.65,--,268,178220,买盘
225,14:45:45,6.65,--,1028,683620,买盘
226,14:45:42,6.65,0.01,21,13965,买盘
227,14:45:39,6.64,-0.01,100,66400,卖盘
228,14:45:36,6.65,0.01,167,111055,买盘
229,14:45:33,6.64,-0.01,138,91632,卖盘
230,14:45:30,6.65,0.01,76,50540,买盘
231,14:45:24,6.64,-0.01,6,3984,卖盘
232,14:45:21,6.65,0.01,3,1995,买盘
233,14:45:18,6.64,--,137,90968,卖盘
234,14:45:15,6.64,-0.01,860,571040,卖盘
235,14:45:12,6.65,--,67,44555,买盘
236,14:45:09,6.65,0.01,172,114380,买盘
237,14:45:06,6.64,--,58,38512,卖盘
238,14:45:03,6.64,--,210,139440,卖盘
239,14:45:00,6.64,-0.01,426,282864,卖盘
240,14:44:57,6.65,--,57,37905,买盘
241,14:44:54,6.65,--,188,125020,买盘
242,14:44:51,6.65,0.01,57,37905,买盘
243,14:44:48,6.64,-0.01,80,53120,卖盘
244,14:44:45,6.65,--,74,49210,买盘
245,14:44:42,6.65,--,215,142975,买盘
246,14:44:39,6.65,0.01,86,57190,买盘
247,14:44:36,6.64,-0.01,71,47144,卖盘
248,14:44:33,6.65,--,157,104405,买盘
249,14:44:30,6.65,--,3,1995,买盘
250,14:44:27,6.65,0.01,207,137655,买盘
251,14:44:24,6.64,--,273,181272,卖盘
252,14:44:21,6.64,--,167,110888,卖盘
253,14:44:18,6.64,0.01,65,43160,卖盘
254,14:44:15,6.63,-0.01,449,297687,卖盘
255,14:44:12,6.64,-0.01,98,65072,卖盘
256,14:44:09,6.65,0.01,33,21945,买盘
257,14:44:06,6.64,--,89,59096,卖盘
258,14:44:03,6.64,-0.01,18,11952,卖盘
259,14:44:00,6.65,--,113,75145,买盘
260,14:43:57,6.65,0.01,205,136325,买盘
261,14:43:54,6.64,--,768,509952,卖盘
262,14:43:51,6.64,--,384,254976,卖盘
263,14:43:48,6.64,-0.01,1116,741024,卖盘
264,14:43:45,6.65,--,12,7980,买盘
265,14:43:42,6.65,--,47,31255,买盘
266,14:43:39,6.65,--,78,51870,买盘
267,14:43:36,6.65,0.01,141,93765,买盘
268,14:43:33,6.64,-0.01,509,337976,卖盘
269,14:43:30,6.65,0.01,84,55860,买盘
270,14:43:27,6.64,-0.01,471,312744,卖盘
271,14:43:24,6.65,--,176,117040,买盘
272,14:43:21,6.65,--,57,37905,买盘
273,14:43:18,6.65,--,159,105735,买盘
274,14:43:15,6.65,--,73,48545,买盘
275,14:43:12,6.65,--,174,115710,买盘
276,14:43:09,6.65,-0.01,2022,1344630,卖盘
277,14:43:06,6.66,0.01,61,40626,买盘
278,14:43:03,6.65,-0.01,54,35910,卖盘
279,14:43:00,6.66,0.01,55,36630,买盘
280,14:42:57,6.65,--,81,53865,卖盘
281,14:42:54,6.65,--,389,258685,卖盘
282,14:42:51,6.65,-0.01,232,154280,卖盘
283,14:42:48,6.66,0.01,67,44622,卖盘
284,14:42:45,6.65,-0.01,759,504735,卖盘
285,14:42:42,6.66,--,103,68598,卖盘
286,14:42:39,6.66,-0.01,29,19314,卖盘
287,14:42:36,6.67,--,52,34684,买盘
288,14:42:33,6.67,--,229,152743,买盘
289,14:42:30,6.67,--,54,36018,买盘
290,14:42:27,6.67,0.01,1,667,买盘
291,14:42:24,6.66,-0.01,60,39960,卖盘
292,14:42:21,6.67,--,52,34684,买盘
293,14:42:15,6.67,0.01,7,4669,买盘
294,14:42:12,6.66,-0.01,52,34632,卖盘
295,14:42:09,6.67,--,180,120060,买盘
296,14:42:06,6.67,0.01,110,73370,买盘
297,14:42:03,6.66,-0.01,329,219114,卖盘
298,14:42:00,6.67,--,63,42021,买盘
299,14:41:57,6.67,0.01,6,4002,买盘
300,14:41:54,6.66,--,221,147186,卖盘
301,14:41:51,6.66,-0.01,35,23310,卖盘
302,14:41:48,6.67,0.01,53,35351,中性盘
303,14:41:45,6.66,-0.01,479,319014,卖盘
304,14:41:42,6.67,-0.01,172,114724,卖盘
305,14:41:39,6.68,0.01,58,38744,买盘
306,14:41:36,6.67,-0.01,54,36018,卖盘
307,14:41:33,6.68,0.01,103,68804,买盘
308,14:41:30,6.67,--,20,13340,卖盘
309,14:41:27,6.67,-0.01,136,90712,卖盘
310,14:41:24,6.68,0.01,40,26720,买盘
311,14:41:21,6.67,0.01,52,34684,卖盘
312,14:41:15,6.66,--,128,85248,卖盘
313,14:41:12,6.66,-0.02,266,177156,卖盘
314,14:41:09,6.68,0.01,257,171676,买盘
315,14:41:06,6.67,0.01,88,58696,买盘
316,14:41:03,6.66,--,149,99234,卖盘
317,14:41:00,6.66,-0.01,16,10656,卖盘
318,14:40:57,6.67,--,165,110055,买盘
319,14:40:54,6.67,--,62,41354,买盘
320,14:40:51,6.67,--,28,18676,买盘
321,14:40:48,6.67,--,506,337502,卖盘
322,14:40:45,6.67,--,43,28681,卖盘
323,14:40:42,6.67,-0.01,53,35351,卖盘
324,14:40:39,6.68,--,19,12692,买盘
325,14:40:36,6.68,--,2,1336,买盘
326,14:40:33,6.68,--,84,56112,买盘
327,14:40:30,6.68,--,176,117568,买盘
328,14:40:27,6.68,--,57,38076,买盘
329,14:40:24,6.68,0.01,101,67468,买盘
330,14:40:21,6.67,-0.01,121,80707,卖盘
331,14:40:18,6.68,0.01,631,421508,中性盘
332,14:40:15,6.67,-0.01,98,65366,卖盘
333,14:40:12,6.68,--,138,92184,卖盘
334,14:40:09,6.68,-0.01,80,53440,卖盘
335,14:40:06,6.69,0.01,5,3345,买盘
336,14:40:03,6.68,--,73,48764,卖盘
337,14:40:00,6.68,-0.01,21,14028,卖盘
338,14:39:57,6.69,0.01,117,78273,买盘
339,14:39:54,6.68,-0.01,1277,853036,卖盘
340,14:39:51,6.69,--,54,36126,买盘
341,14:39:48,6.69,0.01,65,43485,买盘
342,14:39:42,6.68,--,61,40748,卖盘
343,14:39:39,6.68,--,5,3340,卖盘
344,14:39:36,6.68,-0.01,373,249164,卖盘
345,14:39:33,6.69,0.01,28,18732,买盘
346,14:39:30,6.68,-0.01,120,80160,卖盘
347,14:39:27,6.69,0.01,4,2676,买盘
348,14:39:24,6.68,-0.01,213,142284,卖盘
349,14:39:21,6.69,--,16,10704,买盘
350,14:39:18,6.69,--,938,627522,买盘
351,14:39:15,6.69,--,95,63555,买盘
352,14:39:12,6.69,--,5,3345,买盘
353,14:39:09,6.69,0.01,1,669,买盘
354,14:39:06,6.68,-0.01,3,2004,卖盘
355,14:39:03,6.69,--,71,47499,买盘
356,14:39:00,6.69,0.01,18,12042,买盘
357,14:38:57,6.68,-0.01,386,257848,卖盘
358,14:38:54,6.69,0.02,4,2676,买盘
359,14:38:51,6.67,-0.02,51,34017,卖盘
360,14:38:48,6.69,--,21,14049,买盘
361,14:38:45,6.69,--,852,569988,买盘
362,14:38:42,6.69,0.01,37,24753,买盘
363,14:38:39,6.68,-0.02,31,20708,卖盘
364,14:38:36,6.7,0.02,2,1340,买盘
365,14:38:33,6.68,-0.02,736,491648,卖盘
366,14:38:30,6.7,0.01,60,40200,买盘
367,14:38:27,6.69,-0.01,226,151194,卖盘
368,14:38:24,6.7,--,28,18760,买盘
369,14:38:21,6.7,0.01,22,14740,买盘
370,14:38:18,6.69,-0.01,55,36795,卖盘
371,14:38:15,6.7,--,20,13400,买盘
372,14:38:09,6.7,0.01,3,2010,买盘
373,14:38:06,6.69,-0.01,100,66900,卖盘
374,14:38:03,6.7,--,573,383910,卖盘
375,14:38:00,6.7,--,11,7370,卖盘
376,14:37:57,6.7,--,69,46230,卖盘
377,14:37:54,6.7,-0.01,120,80400,卖盘
378,14:37:48,6.71,0.01,7,4697,买盘
379,14:37:45,6.7,-0.01,148,99160,卖盘
380,14:37:42,6.71,--,19,12749,买盘
381,14:37:39,6.71,--,614,412074,卖盘
382,14:37:36,6.71,--,248,166408,卖盘
383,14:37:33,6.71,--,94,63074,卖盘
384,14:37:30,6.71,--,12,8052,卖盘
385,14:37:27,6.71,-0.01,144,96624,卖盘
386,14:37:24,6.72,--,1776,1193472,买盘
387,14:37:21,6.72,--,20,13440,买盘
388,14:37:18,6.72,0.01,5,3360,买盘
389,14:37:15,6.71,--,127,85217,卖盘
390,14:37:12,6.71,-0.01,65,43615,卖盘
391,14:37:09,6.72,--,1,672,买盘
392,14:37:06,6.72,0.01,25,16800,买盘
393,14:37:00,6.71,-0.01,81,54351,卖盘
394,14:36:57,6.72,--,57,38304,买盘
395,14:36:54,6.72,0.01,20,13440,买盘
396,14:36:51,6.71,-0.01,113,75823,卖盘
397,14:36:48,6.72,--,7,4704,卖盘
398,14:36:45,6.72,-0.01,10,6720,卖盘
399,14:36:42,6.73,--,36,24228,买盘
400,14:36:39,6.73,0.01,54,36342,买盘
401,14:36:36,6.72,-0.01,37,24864,卖盘
402,14:36:33,6.73,--,157,105661,卖盘
403,14:36:30,6.73,--,125,84125,卖盘
404,14:36:27,6.73,0.02,1843,1240931,买盘
405,14:36:24,6.71,--,238,159698,卖盘
406,14:36:21,6.71,--,36,24156,卖盘
407,14:36:18,6.71,--,15,10065,卖盘
408,14:36:15,6.71,--,160,107360,买盘
409,14:36:12,6.71,--,109,73139,卖盘
410,14:36:09,6.71,0.01,29,19459,买盘
411,14:36:06,6.7,-0.03,265,177550,买盘
412,14:36:03,6.73,0.02,3182,2141486,买盘
413,14:36:00,6.71,--,183,122793,买盘
414,14:35:57,6.71,0.01,14,9394,买盘
415,14:35:54,6.7,--,1154,773180,卖盘
416,14:35:51,6.7,--,3,2010,卖盘
417,14:35:48,6.7,-0.01,13,8710,卖盘
418,14:35:45,6.71,0.01,926,621346,买盘
419,14:35:42,6.7,-0.01,185,123950,卖盘
420,14:35:39,6.71,--,211,141581,买盘
421,14:35:36,6.71,0.01,110,73810,买盘
422,14:35:33,6.7,--,52,34840,卖盘
423,14:35:30,6.7,--,300,201000,卖盘
424,14:35:27,6.7,-0.01,124,83080,卖盘
425,14:35:24,6.71,0.01,14,9394,买盘
426,14:35:21,6.7,--,50,33500,卖盘
427,14:35:15,6.7,-0.01,119,79730,卖盘
428,14:35:12,6.71,0.01,98,65758,买盘
429,14:35:09,6.7,-0.01,124,83080,卖盘
430,14:35:06,6.71,--,686,460306,卖盘
431,14:35:03,6.71,--,4,2684,卖盘
432,14:35:00,6.71,-0.01,56,37576,卖盘
433,14:34:57,6.72,0.02,1291,867552,买盘
434,14:34:54,6.7,--,82,54940,卖盘
435,14:34:51,6.7,--,3,2010,卖盘
436,14:34:48,6.7,-0.02,52,34840,卖盘
437,14:34:45,6.72,0.02,37,24864,买盘
438,14:34:42,6.7,-0.03,1,670,中性盘
439,14:34:39,6.73,0.04,3044,2048612,买盘
440,14:34:36,6.69,-0.01,147,98343,卖盘
441,14:34:33,6.7,0.01,259,173530,中性盘
442,14:34:30,6.69,-0.01,3013,2015697,卖盘
443,14:34:27,6.7,--,106,71020,买盘
444,14:34:24,6.7,-0.01,161,107950,卖盘
445,14:34:21,6.71,0.01,72,48312,买盘
446,14:34:18,6.7,--,110,73700,卖盘
447,14:34:15,6.7,-0.01,152,101840,卖盘
448,14:34:12,6.71,--,189,126819,买盘
449,14:34:09,6.71,0.01,1,671,买盘
450,14:34:06,6.7,--,316,211720,卖盘
451,14:34:03,6.7,0.02,2349,1574419,买盘
452,14:33:57,6.68,--,99,66132,卖盘
453,14:33:54,6.68,-0.01,174,116232,卖盘
454,14:33:51,6.69,0.01,3,2007,中性盘
455,14:33:48,6.68,-0.02,50,33400,卖盘
456,14:33:45,6.7,0.02,361,241870,买盘
457,14:33:42,6.68,-0.01,52,34736,卖盘
458,14:33:39,6.69,0.01,21,14049,中性盘
459,14:33:36,6.68,-0.02,111,74148,买盘
460,14:33:33,6.7,0.03,3115,2087532,买盘
461,14:33:30,6.67,-0.01,138,92046,卖盘
462,14:33:27,6.68,-0.01,4,2672,中性盘
463,14:33:24,6.69,0.02,3118,2085942,买盘
464,14:33:21,6.67,--,187,124729,卖盘
465,14:33:18,6.67,--,209,139403,卖盘
466,14:33:12,6.67,-0.01,73,48691,卖盘
467,14:33:09,6.68,0.01,272,181696,买盘
468,14:33:06,6.67,--,35,23345,卖盘
469,14:33:03,6.67,--,429,286143,买盘
470,14:33:00,6.67,0.01,40,26680,买盘
471,14:32:57,6.66,-0.01,58,38628,卖盘
472,14:32:54,6.67,0.01,148,98716,买盘
473,14:32:51,6.66,--,3015,2007990,卖盘
474,14:32:48,6.66,-0.01,277,184482,卖盘
475,14:32:45,6.67,--,794,529598,买盘
476,14:32:42,6.67,--,5,3335,买盘
477,14:32:39,6.67,0.01,95,63365,买盘
478,14:32:36,6.66,-0.01,64,42624,卖盘
479,14:32:33,6.67,0.01,43,28681,买盘
480,14:32:30,6.66,-0.01,57,37962,卖盘
481,14:32:27,6.67,0.01,36,24012,买盘
482,14:32:24,6.66,-0.01,101,67266,卖盘
483,14:32:21,6.67,0.01,58,38686,买盘
484,14:32:18,6.66,-0.01,695,462870,卖盘
485,14:32:15,6.67,--,109,72703,买盘
486,14:32:09,6.67,0.01,1,667,买盘
487,14:32:06,6.66,--,208,138528,卖盘
488,14:32:03,6.66,--,221,147186,卖盘
489,14:32:00,6.66,-0.01,10,6660,卖盘
490,14:31:57,6.67,0.03,1047,698349,买盘
491,14:31:54,6.64,--,335,222440,卖盘
492,14:31:51,6.64,--,134,88976,卖盘
493,14:31:48,6.64,-0.02,382,253648,卖盘
494,14:31:45,6.66,--,196,130536,买盘
495,14:31:42,6.66,0.01,509,338994,买盘
496,14:31:39,6.65,0.01,813,540645,买盘
497,14:31:36,6.64,-0.01,55,36520,卖盘
498,14:31:33,6.65,--,33,21945,买盘
499,14:31:30,6.65,0.01,119,79135,买盘
500,14:31:27,6.64,-0.02,58,38697,卖盘
501,14:31:24,6.66,0.01,272,181152,买盘
502,14:31:21,6.65,--,74,49210,卖盘
503,14:31:18,6.65,--,134,89110,卖盘
504,14:31:15,6.65,--,20,13300,卖盘
505,14:31:12,6.65,--,174,116188,买盘
506,14:31:09,6.65,-0.01,86,57190,卖盘
507,14:31:06,6.66,0.02,49,32634,买盘
508,14:31:03,6.64,-0.03,62,41168,卖盘
509,14:31:00,6.67,0.03,10,6670,买盘
510,14:30:57,6.64,-0.03,187,124168,卖盘
511,14:30:54,6.67,0.03,3123,2083041,买盘
512,14:30:51,6.64,--,102,67728,卖盘
513,14:30:48,6.64,-0.01,526,349264,卖盘
514,14:30:45,6.65,0.01,1060,704900,买盘
515,14:30:42,6.64,-0.01,457,303448,卖盘
516,14:30:39,6.65,0.01,186,123690,买盘
517,14:30:36,6.64,--,162,107568,卖盘
518,14:30:33,6.64,--,169,112216,卖盘
519,14:30:30,6.64,--,577,383128,卖盘
520,14:30:27,6.64,--,36,23904,卖盘
521,14:30:24,6.64,--,228,151392,卖盘
522,14:30:21,6.64,-0.01,3226,2142064,卖盘
523,14:30:18,6.65,--,1531,1018115,卖盘
524,14:30:15,6.65,-0.01,2940,1955100,卖盘
525,14:30:12,6.66,0.01,501,333666,买盘
526,14:30:09,6.65,--,114,75810,卖盘
527,14:30:06,6.65,--,113,75145,卖盘
528,14:30:03,6.65,--,176,117040,卖盘
529,14:30:00,6.65,-0.01,198,131670,卖盘
530,14:29:57,6.66,--,269,179154,买盘
531,14:29:54,6.66,--,110,73260,买盘
532,14:29:51,6.66,--,238,158508,买盘
533,14:29:48,6.66,--,100,66600,买盘
534,14:29:45,6.66,-0.01,658,438787,卖盘
535,14:29:42,6.67,0.01,157,104719,买盘
536,14:29:39,6.66,-0.01,234,155844,卖盘
537,14:29:36,6.67,--,301,200767,买盘
538,14:29:33,6.67,0.01,20,13340,买盘
539,14:29:30,6.66,--,1117,744028,买盘
540,14:29:27,6.66,0.01,165,109890,买盘
541,14:29:24,6.65,-0.01,46,30590,卖盘
542,14:29:21,6.66,--,122,81252,买盘
543,14:29:18,6.66,--,177,117882,买盘
544,14:29:15,6.66,--,59,39294,买盘
545,14:29:12,6.66,--,749,499393,卖盘
546,14:29:09,6.66,--,490,326340,卖盘
547,14:29:06,6.66,--,420,279720,卖盘
548,14:29:03,6.66,--,159,105894,卖盘
549,14:29:00,6.66,--,212,141192,卖盘
550,14:28:57,6.66,--,92,61272,卖盘
551,14:28:54,6.66,--,120,79920,卖盘
552,14:28:51,6.66,-0.01,488,325008,卖盘
553,14:28:48,6.67,0.01,2256,1504752,买盘
554,14:28:45,6.66,-0.01,481,320346,卖盘
555,14:28:42,6.67,0.01,566,377722,买盘
556,14:28:39,6.66,--,310,206460,卖盘
557,14:28:36,6.66,--,75,49950,卖盘
558,14:28:33,6.66,--,496,330336,卖盘
559,14:28:30,6.66,-0.01,241,160506,卖盘
560,14:28:27,6.67,--,1097,731699,买盘
561,14:28:24,6.67,0.01,160,106720,买盘
562,14:28:21,6.66,-0.01,133,88578,卖盘
563,14:28:18,6.67,--,43,28681,买盘
564,14:28:15,6.67,--,1,667,买盘
565,14:28:12,6.67,--,78,52026,买盘
566,14:28:09,6.67,0.01,31,20677,买盘
567,14:28:06,6.66,-0.01,3,1998,卖盘
568,14:28:03,6.67,0.01,81,54027,买盘
569,14:28:00,6.66,-0.01,149,99234,卖盘
570,14:27:57,6.67,--,18,12006,买盘
571,14:27:54,6.67,0.01,125,83868,买盘
572,14:27:51,6.66,-0.01,122,81252,卖盘
573,14:27:48,6.67,0.01,132,88044,买盘
574,14:27:45,6.66,-0.01,760,506160,卖盘
575,14:27:42,6.67,--,1,667,买盘
576,14:27:39,6.67,--,56,37352,买盘
577,14:27:36,6.67,0.01,16,10672,买盘
578,14:27:33,6.66,--,200,133200,卖盘
579,14:27:30,6.66,--,164,109224,卖盘
580,14:27:27,6.66,-0.02,54,35964,卖盘
581,14:27:24,6.68,0.02,36,24048,买盘
582,14:27:21,6.66,-0.02,123,81918,卖盘
583,14:27:18,6.68,0.01,2,1336,买盘
584,14:27:15,6.67,-0.01,62,41354,卖盘
585,14:27:12,6.68,0.01,203,135604,买盘
586,14:27:09,6.67,--,14,9338,买盘
587,14:27:06,6.67,--,95,63365,买盘
588,14:27:03,6.67,--,1,667,买盘
589,14:27:00,6.67,-0.01,107,71369,卖盘
590,14:26:57,6.68,--,56,37408,买盘
591,14:26:54,6.68,0.01,54,36072,买盘
592,14:26:51,6.67,--,77,51359,卖盘
593,14:26:48,6.67,-0.01,92,61364,卖盘
594,14:26:45,6.68,0.01,4,2672,买盘
595,14:26:42,6.67,-0.01,64,42688,卖盘
596,14:26:36,6.68,0.01,225,150300,买盘
597,14:26:33,6.67,--,70,46690,卖盘
598,14:26:30,6.67,--,104,69368,卖盘
599,14:26:27,6.67,--,111,74037,卖盘
600,14:26:21,6.67,--,128,85376,卖盘
601,14:26:18,6.67,0.01,634,422958,买盘
602,14:26:15,6.66,-0.01,654,435564,卖盘
603,14:26:12,6.67,0.01,42,28014,买盘
604,14:26:09,6.66,-0.01,53,35298,卖盘
605,14:26:06,6.67,0.01,67,44689,买盘
606,14:26:00,6.66,--,238,158508,卖盘
607,14:25:57,6.66,-0.01,55,36630,卖盘
608,14:25:54,6.67,--,51,34017,买盘
609,14:25:51,6.67,0.01,246,164082,买盘
610,14:25:48,6.66,-0.01,126,83916,卖盘
611,14:25:45,6.67,--,26,17342,买盘
612,14:25:39,6.67,--,60,40020,买盘
613,14:25:36,6.67,--,74,49358,买盘
614,14:25:33,6.67,--,7,4669,买盘
615,14:25:30,6.67,--,141,94047,买盘
616,14:25:27,6.67,0.01,471,314157,买盘
617,14:25:24,6.66,-0.01,78,51948,卖盘
618,14:25:21,6.67,0.01,38,25346,买盘
619,14:25:18,6.66,-0.01,621,413586,卖盘
620,14:25:15,6.67,0.01,127,84709,买盘
621,14:25:12,6.66,-0.01,158,105228,卖盘
622,14:25:09,6.67,--,346,230782,买盘
623,14:25:06,6.67,--,22,14674,买盘
624,14:25:03,6.67,0.01,149,99383,买盘
625,14:25:00,6.66,-0.01,137,91242,卖盘
626,14:24:57,6.67,--,1,667,买盘
627,14:24:54,6.67,0.01,81,54027,买盘
628,14:24:51,6.66,--,184,122544,卖盘
629,14:24:48,6.66,-0.01,239,159174,卖盘
630,14:24:45,6.67,--,25,16675,买盘
631,14:24:42,6.67,--,105,70035,买盘
632,14:24:39,6.67,--,56,37938,卖盘
633,14:24:36,6.67,--,51,34017,卖盘
634,14:24:30,6.67,--,118,78706,卖盘
635,14:24:27,6.67,--,99,66033,卖盘
636,14:24:24,6.67,-0.01,87,58029,卖盘
637,14:24:21,6.68,0.01,2,1336,买盘
638,14:24:18,6.67,--,129,86043,卖盘
639,14:24:15,6.67,--,390,260130,卖盘
640,14:24:12,6.67,--,28,18676,卖盘
641,14:24:09,6.67,-0.01,100,66700,卖盘
642,14:24:06,6.68,--,10,6680,买盘
643,14:24:03,6.68,0.01,7,4676,买盘
644,14:24:00,6.67,-0.01,903,602301,卖盘
645,14:23:57,6.68,-0.01,65,43420,卖盘
646,14:23:54,6.69,0.02,167,111723,买盘
647,14:23:51,6.67,--,92,61364,卖盘
648,14:23:48,6.67,-0.01,16,10672,卖盘
649,14:23:45,6.68,-0.01,155,103540,卖盘
650,14:23:42,6.69,0.01,8,5352,买盘
651,14:23:39,6.68,0.01,23,15364,卖盘
652,14:23:36,6.67,-0.02,79,52693,卖盘
653,14:23:33,6.69,0.01,3200,2140800,买盘
654,14:23:30,6.68,--,17,11356,买盘
655,14:23:27,6.68,0.01,71,47428,买盘
656,14:23:24,6.67,--,304,202768,卖盘
657,14:23:21,6.67,-0.01,294,196098,卖盘
658,14:23:18,6.68,--,101,67468,买盘
659,14:23:15,6.68,0.01,2,1336,买盘
660,14:23:12,6.67,-0.01,57,38019,卖盘
661,14:23:09,6.68,0.01,177,118236,买盘
662,14:23:06,6.67,--,51,34017,卖盘
663,14:23:03,6.67,-0.01,10,6670,卖盘
664,14:23:00,6.68,0.01,104,69472,买盘
665,14:22:57,6.67,-0.01,3,2001,卖盘
666,14:22:54,6.68,--,56,37408,买盘
667,14:22:51,6.68,0.01,128,85504,买盘
668,14:22:48,6.67,--,124,82708,卖盘
669,14:22:45,6.67,-0.01,168,112056,卖盘
670,14:22:42,6.68,0.01,1,668,买盘
671,14:22:39,6.67,-0.01,51,34017,卖盘
672,14:22:36,6.68,0.01,24,16032,买盘
673,14:22:30,6.67,--,69,46023,卖盘
674,14:22:27,6.67,-0.01,54,36018,卖盘
675,14:22:21,6.68,0.01,21,14028,买盘
676,14:22:18,6.67,-0.01,266,177422,卖盘
677,14:22:15,6.68,--,6,4008,买盘
678,14:22:12,6.68,--,2,1336,买盘
679,14:22:09,6.68,0.01,11,7348,买盘
680,14:22:06,6.67,-0.01,63,42021,卖盘
681,14:22:03,6.68,0.01,10,6680,买盘
682,14:22:00,6.67,-0.02,17,11339,卖盘
683,14:21:57,6.69,--,1,669,买盘
684,14:21:54,6.69,0.02,55,36795,买盘
685,14:21:51,6.67,--,75,50025,卖盘
686,14:21:48,6.67,-0.02,68,45356,卖盘
687,14:21:45,6.69,0.01,72,48168,买盘
688,14:21:42,6.68,--,103,68804,买盘
689,14:21:39,6.68,0.01,20,13360,买盘
690,14:21:33,6.67,-0.01,133,88711,卖盘
691,14:21:30,6.68,--,32,21376,卖盘
692,14:21:27,6.68,--,56,37408,买盘
693,14:21:24,6.68,--,50,33400,买盘
694,14:21:21,6.68,--,142,94856,买盘
695,14:21:18,6.68,0.01,57,38076,中性盘
696,14:21:12,6.67,-0.01,196,130732,卖盘
697,14:21:09,6.68,--,8,5344,买盘
698,14:21:06,6.68,0.01,121,80828,买盘
699,14:21:03,6.67,--,25,16675,卖盘
700,14:21:00,6.67,--,53,35351,卖盘
701,14:20:57,6.67,-0.02,3,2001,卖盘
702,14:20:54,6.69,0.02,38,25422,买盘
703,14:20:51,6.67,--,65,43355,卖盘
704,14:20:48,6.67,-0.02,155,103385,卖盘
705,14:20:45,6.69,0.02,7,4683,买盘
706,14:20:42,6.67,--,169,112723,卖盘
707,14:20:39,6.67,-0.02,67,44689,卖盘
708,14:20:36,6.69,0.01,152,101688,买盘
709,14:20:33,6.68,--,144,96192,卖盘
710,14:20:30,6.68,--,281,187708,卖盘
711,14:20:27,6.68,--,589,393452,卖盘
712,14:20:24,6.68,--,452,301936,卖盘
713,14:20:21,6.68,-0.01,32,21376,卖盘
714,14:20:18,6.69,0.01,73,48837,买盘
715,14:20:15,6.68,-0.01,53,35404,卖盘
716,14:20:12,6.69,--,5,3345,买盘
717,14:20:09,6.69,--,97,64893,买盘
718,14:20:06,6.69,0.01,92,61548,买盘
719,14:20:03,6.68,--,82,54776,卖盘
720,14:20:00,6.68,-0.01,80,53440,卖盘
721,14:19:57,6.69,--,77,51513,买盘
722,14:19:54,6.69,0.01,63,42147,买盘
723,14:19:51,6.68,--,16,10688,卖盘
724,14:19:48,6.68,-0.01,171,114228,卖盘
725,14:19:45,6.69,0.01,12,8028,买盘
726,14:19:42,6.68,-0.01,688,459584,卖盘
727,14:19:39,6.69,0.01,9,6021,买盘
728,14:19:33,6.68,-0.01,188,125584,卖盘
729,14:19:30,6.69,0.01,10,6690,买盘
730,14:19:27,6.68,-0.01,109,72812,卖盘
731,14:19:24,6.69,--,1,669,买盘
732,14:19:21,6.69,--,99,66231,买盘
733,14:19:18,6.69,--,2,1338,买盘
734,14:19:15,6.69,0.01,105,70245,买盘
735,14:19:09,6.68,-0.02,49,32732,卖盘
736,14:19:06,6.7,--,1,670,买盘
737,14:19:03,6.7,0.02,93,62310,买盘
738,14:19:00,6.68,-0.02,64,42752,卖盘
739,14:18:57,6.7,--,1,670,买盘
740,14:18:54,6.7,0.01,684,458280,买盘
741,14:18:51,6.69,--,4,2676,卖盘
742,14:18:48,6.69,-0.01,246,164574,卖盘
743,14:18:45,6.7,--,8,5360,买盘
744,14:18:42,6.7,--,30,20100,买盘
745,14:18:39,6.7,--,2,1340,买盘
746,14:18:36,6.7,-0.01,637,426790,卖盘
747,14:18:33,6.71,0.01,33,22143,买盘
748,14:18:30,6.7,--,69,46230,卖盘
749,14:18:27,6.7,--,91,60970,卖盘
750,14:18:24,6.7,--,51,34170,卖盘
751,14:18:18,6.7,--,80,53600,卖盘
752,14:18:15,6.7,-0.01,106,71020,卖盘
753,14:18:09,6.71,0.01,1,671,买盘
754,14:18:06,6.7,--,231,154770,卖盘
755,14:18:03,6.7,-0.01,82,54940,卖盘
756,14:17:57,6.71,--,93,62403,买盘
757,14:17:54,6.71,0.02,1761,1181631,买盘
758,14:17:51,6.69,--,402,268938,卖盘
759,14:17:48,6.69,--,861,576089,买盘
760,14:17:45,6.69,--,81,54189,买盘
761,14:17:42,6.69,--,148,99012,买盘
762,14:17:36,6.69,--,16,10704,买盘
763,14:17:33,6.69,--,110,73590,买盘
764,14:17:30,6.69,--,115,76935,买盘
765,14:17:24,6.69,--,26,17394,买盘
766,14:17:21,6.69,0.01,30,20070,买盘
767,14:17:18,6.68,--,54,36072,卖盘
768,14:17:15,6.68,--,37,24716,卖盘
769,14:17:12,6.68,-0.01,168,112224,卖盘
770,14:17:09,6.69,0.01,135,90315,买盘
771,14:17:06,6.68,-0.01,15,10020,卖盘
772,14:17:03,6.69,0.01,50,33450,买盘
773,14:17:00,6.68,-0.01,393,262524,卖盘
774,14:16:57,6.69,--,63,42147,买盘
775,14:16:54,6.69,0.01,18,12042,买盘
776,14:16:51,6.68,-0.01,216,144288,卖盘
777,14:16:48,6.69,--,237,158553,买盘
778,14:16:45,6.69,0.01,5,3345,买盘
779,14:16:42,6.68,-0.01,103,68804,卖盘
780,14:16:39,6.69,0.01,20,13380,买盘
781,14:16:36,6.68,-0.01,49,32732,卖盘
782,14:16:33,6.69,--,10,6690,买盘
783,14:16:30,6.69,--,1,669,买盘
784,14:16:27,6.69,--,10,6690,买盘
785,14:16:24,6.69,--,56,37464,买盘
786,14:16:18,6.69,0.01,1,669,买盘
787,14:16:15,6.68,--,224,149632,买盘
788,14:16:12,6.68,--,237,158316,买盘
789,14:16:09,6.68,0.01,2,1336,买盘
790,14:16:06,6.67,0.01,133,88711,卖盘
791,14:16:03,6.66,-0.01,63,41958,卖盘
792,14:16:00,6.67,--,129,86043,买盘
793,14:15:57,6.67,-0.01,25,16675,买盘
794,14:15:54,6.68,0.01,3020,2017360,买盘
795,14:15:51,6.67,0.01,49,32683,买盘
796,14:15:48,6.66,-0.02,46,30636,卖盘
797,14:15:45,6.68,0.01,151,100868,买盘
798,14:15:42,6.67,--,33,22011,卖盘
799,14:15:39,6.67,-0.01,52,34684,卖盘
800,14:15:36,6.68,0.02,20,13360,买盘
801,14:15:33,6.66,--,206,137196,卖盘
802,14:15:30,6.66,--,69,45954,卖盘
803,14:15:27,6.66,--,70,46620,卖盘
804,14:15:24,6.66,-0.01,69,45954,卖盘
805,14:15:21,6.67,-0.01,6,4002,卖盘
806,14:15:18,6.68,--,299,199732,买盘
807,14:15:15,6.68,0.01,7,4676,买盘
808,14:15:12,6.67,-0.01,16,10672,卖盘
809,14:15:09,6.68,0.02,1,668,买盘
810,14:15:06,6.66,-0.02,85,56610,卖盘
811,14:15:03,6.68,--,150,100200,买盘
812,14:15:00,6.68,--,2,1336,买盘
813,14:14:57,6.68,0.02,120,80160,买盘
814,14:14:54,6.66,-0.02,76,50616,卖盘
815,14:14:51,6.68,--,12,8016,买盘
816,14:14:48,6.68,--,22,14696,买盘
817,14:14:45,6.68,0.01,59,39412,买盘
818,14:14:42,6.67,-0.01,13,8671,卖盘
819,14:14:39,6.68,--,7,4676,买盘
820,14:14:36,6.68,0.02,74,49432,买盘
821,14:14:33,6.66,-0.01,230,153180,卖盘
822,14:14:30,6.67,--,163,108721,卖盘
823,14:14:27,6.67,--,19,12673,买盘
824,14:14:24,6.67,--,51,34017,卖盘
825,14:14:21,6.67,-0.01,66,44022,卖盘
826,14:14:18,6.68,--,59,39412,买盘
827,14:14:15,6.68,0.01,131,87508,买盘
828,14:14:12,6.67,-0.01,68,45356,卖盘
829,14:14:09,6.68,0.02,1,668,买盘
830,14:14:06,6.66,-0.02,43,28638,卖盘
831,14:14:03,6.68,0.02,154,102872,买盘
832,14:14:00,6.66,-0.02,62,41292,卖盘
833,14:13:57,6.68,0.02,90,60120,买盘
834,14:13:54,6.66,--,125,83250,卖盘
835,14:13:51,6.66,--,16,10656,卖盘
836,14:13:48,6.66,-0.02,58,38628,卖盘
837,14:13:45,6.68,0.01,87,58116,买盘
838,14:13:42,6.67,0.01,119,79373,卖盘
839,14:13:39,6.66,-0.02,71,47286,卖盘
840,14:13:36,6.68,0.02,6,4008,买盘
841,14:13:33,6.66,-0.02,206,137196,卖盘
842,14:13:30,6.68,--,10,6680,买盘
843,14:13:27,6.68,--,125,83500,买盘
844,14:13:24,6.68,--,106,70808,买盘
845,14:13:21,6.68,--,131,87508,买盘
846,14:13:18,6.68,0.01,2,1336,买盘
847,14:13:15,6.67,--,50,33350,卖盘
848,14:13:09,6.67,--,185,123395,买盘
849,14:13:06,6.67,--,318,212106,卖盘
850,14:13:03,6.67,-0.01,183,122061,卖盘
851,14:13:00,6.68,0.01,559,373412,买盘
852,14:12:57,6.67,--,89,59363,卖盘
853,14:12:54,6.67,--,156,104052,卖盘
854,14:12:51,6.67,-0.01,119,79373,卖盘
855,14:12:48,6.68,--,42,28056,买盘
856,14:12:45,6.68,0.01,174,116232,买盘
857,14:12:42,6.67,-0.01,49,32683,卖盘
858,14:12:39,6.68,0.01,2,1336,买盘
859,14:12:33,6.67,--,157,104719,卖盘
860,14:12:30,6.67,-0.01,52,34684,卖盘
861,14:12:24,6.68,0.01,17,11356,买盘
862,14:12:21,6.67,-0.01,52,34684,卖盘
863,14:12:18,6.68,0.01,2,1336,买盘
864,14:12:09,6.67,-0.01,62,41354,卖盘
865,14:12:06,6.68,0.02,63,42084,买盘
866,14:12:00,6.66,-0.02,99,65934,卖盘
867,14:11:57,6.68,0.01,69,46092,买盘
868,14:11:54,6.67,0.01,283,188761,买盘
869,14:11:48,6.66,-0.01,56,37296,卖盘
870,14:11:45,6.67,--,62,41354,卖盘
871,14:11:42,6.67,--,206,137402,卖盘
872,14:11:39,6.67,--,112,74704,卖盘
873,14:11:36,6.67,-0.01,52,34684,卖盘
874,14:11:33,6.68,--,234,156312,买盘
875,14:11:30,6.68,--,27,18036,买盘
876,14:11:27,6.68,--,63,42084,买盘
877,14:11:24,6.68,--,71,47428,买盘
878,14:11:21,6.68,--,24,16032,买盘
879,14:11:18,6.68,--,1,668,买盘
880,14:11:15,6.68,--,158,105544,卖盘
881,14:11:12,6.68,--,41,27388,卖盘
882,14:11:09,6.68,--,22,14696,买盘
883,14:11:06,6.68,0.01,51,34068,买盘
884,14:11:03,6.67,-0.02,62,41354,卖盘
885,14:11:00,6.69,--,16,10704,买盘
886,14:10:57,6.69,0.02,77,51513,买盘
887,14:10:54,6.67,-0.02,166,110722,卖盘
888,14:10:51,6.69,0.01,20,13380,买盘
889,14:10:48,6.68,-0.01,5,3340,卖盘
890,14:10:45,6.69,0.02,13,8697,买盘
891,14:10:42,6.67,-0.02,245,163415,卖盘
892,14:10:39,6.69,0.01,2,1338,买盘
893,14:10:30,6.68,-0.01,65,43420,卖盘
894,14:10:27,6.69,--,14,9366,买盘
895,14:10:24,6.69,--,769,514461,买盘
896,14:10:21,6.69,--,9,6021,买盘
897,14:10:18,6.69,--,81,54189,买盘
898,14:10:15,6.69,--,3,2007,买盘
899,14:10:09,6.69,0.01,50,33450,买盘
900,14:10:06,6.68,--,108,72144,卖盘
901,14:10:03,6.68,--,145,96860,卖盘
902,14:09:57,6.68,--,122,81496,卖盘
903,14:09:54,6.68,--,394,263192,买盘
904,14:09:51,6.68,0.01,17,11356,买盘
905,14:09:48,6.67,--,112,74704,卖盘
906,14:09:45,6.67,-0.01,74,49358,卖盘
907,14:09:39,6.68,-0.01,727,485636,卖盘
908,14:09:36,6.69,--,71,47499,买盘
909,14:09:33,6.69,--,50,33450,买盘
910,14:09:30,6.69,--,22,14718,买盘
911,14:09:27,6.69,--,25,16725,买盘
912,14:09:24,6.69,--,64,42816,买盘
913,14:09:21,6.69,--,506,339049,卖盘
914,14:09:18,6.69,-0.01,83,55527,卖盘
915,14:09:15,6.7,0.02,428,286894,买盘
916,14:09:12,6.68,-0.01,226,150968,卖盘
917,14:09:09,6.69,--,22,14718,买盘
918,14:09:03,6.69,--,199,133131,买盘
919,14:09:00,6.69,--,76,50844,买盘
920,14:08:57,6.69,0.01,79,52851,买盘
921,14:08:54,6.68,--,100,66800,卖盘
922,14:08:51,6.68,--,100,66800,卖盘
923,14:08:48,6.68,-0.01,16,10688,卖盘
924,14:08:45,6.69,0.01,93,62217,买盘
925,14:08:42,6.68,--,60,40080,卖盘
926,14:08:39,6.68,--,235,156980,卖盘
927,14:08:33,6.68,-0.01,111,74148,卖盘
928,14:08:30,6.69,--,51,34119,买盘
929,14:08:24,6.69,--,80,53520,买盘
930,14:08:18,6.69,--,72,48168,买盘
931,14:08:15,6.69,--,81,54189,买盘
932,14:08:12,6.69,0.01,122,81618,买盘
933,14:08:09,6.68,--,116,77488,卖盘
934,14:08:06,6.68,--,198,132264,卖盘
935,14:08:03,6.68,--,246,164328,卖盘
936,14:08:00,6.68,-0.01,14,9352,卖盘
937,14:07:57,6.69,0.01,129,86301,买盘
938,14:07:54,6.68,--,100,66800,卖盘
939,14:07:51,6.68,--,45,30060,卖盘
940,14:07:48,6.68,-0.01,31,20708,卖盘
941,14:07:45,6.69,0.01,457,305733,买盘
942,14:07:42,6.68,-0.01,203,135604,卖盘
943,14:07:39,6.69,0.01,5,3345,买盘
944,14:07:33,6.68,-0.01,205,136940,卖盘
945,14:07:30,6.69,--,10,6690,买盘
946,14:07:27,6.69,--,16,10704,买盘
947,14:07:24,6.69,--,210,140490,买盘
948,14:07:15,6.69,--,27,18063,买盘
949,14:07:12,6.69,0.01,54,36126,买盘
950,14:07:09,6.68,--,29,19372,卖盘
951,14:07:06,6.68,-0.01,21,14028,卖盘
952,14:07:03,6.69,0.01,48,32112,买盘
953,14:07:00,6.68,-0.01,166,110888,卖盘
954,14:06:57,6.69,0.01,189,126441,买盘
955,14:06:54,6.68,--,118,78824,卖盘
956,14:06:51,6.68,--,57,38076,卖盘
957,14:06:48,6.68,--,2,1336,卖盘
958,14:06:45,6.68,-0.01,23,15364,卖盘
959,14:06:42,6.69,0.01,62,41478,买盘
960,14:06:39,6.68,--,395,263860,买盘
961,14:06:36,6.68,--,48,32064,买盘
962,14:06:33,6.68,--,133,88844,买盘
963,14:06:30,6.68,0.01,10,6680,买盘
964,14:06:27,6.67,-0.01,56,37352,卖盘
965,14:06:24,6.68,--,218,145624,买盘
966,14:06:21,6.68,0.01,80,53440,买盘
967,14:06:18,6.67,-0.01,56,37352,卖盘
968,14:06:15,6.68,0.01,4,2672,买盘
969,14:06:12,6.67,0.01,125,83375,买盘
970,14:06:06,6.66,--,393,261738,买盘
971,14:06:03,6.66,-0.01,153,101898,中性盘
972,14:06:00,6.67,0.01,69,46023,买盘
973,14:05:57,6.66,--,208,138528,买盘
974,14:05:54,6.66,--,131,87246,卖盘
975,14:05:51,6.66,--,53,35298,卖盘
976,14:05:48,6.66,--,120,79920,卖盘
977,14:05:45,6.66,--,57,37962,卖盘
978,14:05:42,6.66,--,90,59940,卖盘
979,14:05:39,6.66,-0.01,100,66600,卖盘
980,14:05:36,6.67,0.01,23,15341,买盘
981,14:05:33,6.66,--,66,43956,卖盘
982,14:05:30,6.66,--,533,354978,买盘
983,14:05:27,6.66,--,2,1332,买盘
984,14:05:24,6.66,--,3,1998,买盘
985,14:05:21,6.66,--,82,54612,买盘
986,14:05:18,6.66,--,66,43956,买盘
987,14:05:15,6.66,--,229,152514,买盘
988,14:05:12,6.66,--,139,92574,买盘
989,14:05:09,6.66,--,340,226440,买盘
990,14:05:06,6.66,--,195,129870,买盘
991,14:05:03,6.66,--,163,108558,买盘
992,14:05:00,6.66,--,71,47286,买盘
993,14:04:57,6.66,0.01,134,89244,买盘
994,14:04:54,6.65,--,131,87115,卖盘
995,14:04:51,6.65,-0.01,114,75810,卖盘
996,14:04:48,6.66,0.01,691,460206,买盘
997,14:04:45,6.65,-0.01,97,64505,卖盘
998,14:04:42,6.66,--,47,31302,买盘
999,14:04:39,6.66,0.01,252,167832,买盘
1000,14:04:36,6.65,--,76,50540,卖盘
1001,14:04:33,6.65,-0.01,230,152950,卖盘
1002,14:04:30,6.66,--,80,53280,买盘
1003,14:04:27,6.66,--,58,38628,买盘
1004,14:04:24,6.66,--,111,73926,买盘
1005,14:04:21,6.66,0.01,304,202464,买盘
1006,14:04:18,6.65,--,124,82460,卖盘
1007,14:04:15,6.65,-0.01,57,37905,卖盘
1008,14:04:12,6.66,0.01,26,17316,买盘
1009,14:04:09,6.65,-0.01,300,199500,卖盘
1010,14:04:06,6.66,0.01,196,130536,买盘
1011,14:04:03,6.65,-0.01,203,134995,卖盘
1012,14:04:00,6.66,--,17,11322,买盘
1013,14:03:57,6.66,--,3,1998,买盘
1014,14:03:54,6.66,--,140,93240,买盘
1015,14:03:51,6.66,0.01,47,31302,买盘
1016,14:03:48,6.65,-0.01,54,35910,卖盘
1017,14:03:45,6.66,--,25,16650,买盘
1018,14:03:42,6.66,--,84,55944,买盘
1019,14:03:39,6.66,--,15,9990,买盘
1020,14:03:36,6.66,0.01,20,13320,买盘
1021,14:03:30,6.65,--,163,108395,卖盘
1022,14:03:27,6.65,--,895,595175,买盘
1023,14:03:24,6.65,--,205,136325,买盘
1024,14:03:21,6.65,--,140,93100,买盘
1025,14:03:18,6.65,--,501,333165,买盘
1026,14:03:15,6.65,--,313,208145,买盘
1027,14:03:12,6.65,--,1222,812630,买盘
1028,14:03:09,6.65,--,120,79800,买盘
1029,14:03:06,6.65,--,52,34580,买盘
1030,14:03:03,6.65,--,410,272650,买盘
1031,14:03:00,6.65,--,1010,671650,买盘
1032,14:02:57,6.65,--,176,117040,买盘
1033,14:02:54,6.65,--,41,27265,买盘
1034,14:02:51,6.65,--,131,87115,买盘
1035,14:02:48,6.65,0.01,117,77805,买盘
1036,14:02:45,6.64,--,7,4648,卖盘
1037,14:02:42,6.64,--,177,117528,卖盘
1038,14:02:39,6.64,--,65,43160,卖盘
1039,14:02:36,6.64,-0.01,67,44488,卖盘
1040,14:02:33,6.65,--,123,81795,买盘
1041,14:02:30,6.65,--,30,19950,买盘
1042,14:02:27,6.65,--,749,498085,买盘
1043,14:02:24,6.65,--,162,107730,买盘
1044,14:02:21,6.65,--,47,31255,买盘
1045,14:02:18,6.65,--,207,137655,买盘
1046,14:02:15,6.65,--,73,48545,买盘
1047,14:02:12,6.65,--,666,442890,买盘
1048,14:02:09,6.65,--,1,665,买盘
1049,14:02:06,6.65,--,265,176225,买盘
1050,14:02:03,6.65,--,405,269325,买盘
1051,14:02:00,6.65,--,12,7980,买盘
1052,14:01:57,6.65,0.01,255,169575,买盘
1053,14:01:54,6.64,--,206,136784,卖盘
1054,14:01:51,6.64,--,117,77688,卖盘
1055,14:01:48,6.64,-0.01,71,47144,卖盘
1056,14:01:45,6.65,--,124,82460,买盘
1057,14:01:42,6.65,0.01,235,156275,买盘
1058,14:01:39,6.64,-0.01,364,241696,卖盘
1059,14:01:36,6.65,--,82,54530,买盘
1060,14:01:33,6.65,--,179,119035,买盘
1061,14:01:30,6.65,--,67,44555,买盘
1062,14:01:27,6.65,0.01,1249,830585,买盘
1063,14:01:24,6.64,-0.01,70,46480,卖盘
1064,14:01:21,6.65,0.01,103,68495,买盘
1065,14:01:18,6.64,-0.01,249,165336,卖盘
1066,14:01:15,6.65,--,42,27930,买盘
1067,14:01:12,6.65,--,447,297255,买盘
1068,14:01:09,6.65,--,104,69160,买盘
1069,14:01:06,6.65,--,5,3325,买盘
1070,14:01:03,6.65,0.01,93,61845,买盘
1071,14:01:00,6.64,-0.01,42,27888,卖盘
1072,14:00:57,6.65,--,135,89775,买盘
1073,14:00:54,6.65,--,68,45220,买盘
1074,14:00:51,6.65,0.01,377,250705,买盘
1075,14:00:48,6.64,--,105,69720,卖盘
1076,14:00:45,6.64,--,988,656032,卖盘
1077,14:00:42,6.64,--,140,92960,卖盘
1078,14:00:39,6.64,-0.01,17,11288,卖盘
1079,14:00:36,6.65,--,80,53200,买盘
1080,14:00:33,6.65,--,20,13300,买盘
1081,14:00:30,6.65,--,28,18620,买盘
1082,14:00:27,6.65,--,16,10640,买盘
1083,14:00:24,6.65,--,166,110390,买盘
1084,14:00:21,6.65,0.01,654,434910,买盘
1085,14:00:18,6.64,-0.01,103,68392,卖盘
1086,14:00:15,6.65,0.01,5,3325,买盘
1087,14:00:12,6.64,-0.01,98,65072,卖盘
1088,14:00:06,6.65,--,281,186865,买盘
1089,14:00:03,6.65,--,205,136325,买盘
1090,14:00:00,6.65,--,68,45220,买盘
1091,13:59:57,6.65,--,30,19950,买盘
1092,13:59:54,6.65,--,710,472150,买盘
1093,13:59:51,6.65,--,72,47880,买盘
1094,13:59:48,6.65,--,151,100415,买盘
1095,13:59:45,6.65,0.01,162,107730,买盘
1096,13:59:42,6.64,--,64,42496,卖盘
1097,13:59:39,6.64,--,217,144088,卖盘
1098,13:59:36,6.64,-0.01,107,71048,卖盘
1099,13:59:33,6.65,0.01,124,82460,买盘
1100,13:59:30,6.64,--,139,92296,卖盘
1101,13:59:27,6.64,-0.01,301,199864,卖盘
1102,13:59:24,6.65,0.01,110,73150,买盘
1103,13:59:21,6.64,-0.01,70,46480,卖盘
1104,13:59:18,6.65,0.01,52,34580,买盘
1105,13:59:15,6.64,--,20,13280,卖盘
1106,13:59:12,6.64,--,20,13280,卖盘
1107,13:59:06,6.64,--,113,75032,卖盘
1108,13:59:03,6.64,--,67,45032,买盘
1109,13:59:00,6.64,0.01,206,136784,买盘
1110,13:58:57,6.63,--,466,308958,卖盘
1111,13:58:54,6.63,--,141,93483,卖盘
1112,13:58:51,6.63,-0.01,4383,2905929,卖盘
1113,13:58:48,6.64,--,1193,792152,买盘
1114,13:58:45,6.64,--,272,180608,买盘
1115,13:58:42,6.64,--,59,39176,买盘
1116,13:58:39,6.64,--,9,5976,买盘
1117,13:58:36,6.64,--,117,77688,买盘
1118,13:58:33,6.64,--,201,133464,买盘
1119,13:58:30,6.64,--,44,29216,买盘
1120,13:58:27,6.64,--,37,24568,买盘
1121,13:58:24,6.64,--,209,138776,买盘
1122,13:58:21,6.64,--,91,60424,买盘
1123,13:58:18,6.64,--,209,138776,买盘
1124,13:58:15,6.64,--,31,20584,买盘
1125,13:58:12,6.64,--,295,195880,买盘
1126,13:58:09,6.64,--,1785,1185359,卖盘
1127,13:58:06,6.64,--,160,106240,卖盘
1128,13:58:03,6.64,-0.01,1369,909016,卖盘
1129,13:58:00,6.65,0.01,415,275975,买盘
1130,13:57:57,6.64,--,1221,810744,卖盘
1131,13:57:54,6.64,--,445,295480,卖盘
1132,13:57:51,6.64,--,53,35192,卖盘
1133,13:57:48,6.64,--,1458,968112,卖盘
1134,13:57:45,6.64,--,332,220448,卖盘
1135,13:57:42,6.64,--,75,49800,卖盘
1136,13:57:39,6.64,--,504,334656,卖盘
1137,13:57:36,6.64,--,150,99600,卖盘
1138,13:57:33,6.64,--,1690,1122160,卖盘
1139,13:57:30,6.64,--,280,185920,卖盘
1140,13:57:27,6.64,-0.01,59,39176,卖盘
1141,13:57:24,6.65,--,30,19950,买盘
1142,13:57:21,6.65,--,23,15295,买盘
1143,13:57:18,6.65,0.01,13,8645,买盘
1144,13:57:15,6.64,-0.01,1285,853240,卖盘
1145,13:57:12,6.65,-0.01,1021,678965,卖盘
1146,13:57:09,6.66,--,1110,739260,买盘
1147,13:57:06,6.66,0.01,3119,2077254,买盘
1148,13:57:03,6.65,--,125,83125,卖盘
1149,13:57:00,6.65,-0.01,1434,953610,卖盘
1150,13:56:57,6.66,0.01,131,87246,买盘
1151,13:56:54,6.65,--,1976,1314040,卖盘
1152,13:56:51,6.65,-0.01,319,212135,卖盘
1153,13:56:48,6.66,--,171,113886,买盘
1154,13:56:45,6.66,--,626,416916,买盘
1155,13:56:42,6.66,0.01,182,121212,买盘
1156,13:56:39,6.65,-0.01,32,21280,卖盘
1157,13:56:36,6.66,0.01,218,145188,买盘
1158,13:56:33,6.65,-0.01,146,97090,卖盘
1159,13:56:30,6.66,--,102,67932,买盘
1160,13:56:27,6.66,--,21,13986,买盘
1161,13:56:24,6.66,--,88,58608,买盘
1162,13:56:21,6.66,--,68,45288,买盘
1163,13:56:18,6.66,--,66,43956,买盘
1164,13:56:15,6.66,--,123,81918,买盘
1165,13:56:12,6.66,-0.01,389,259540,卖盘
1166,13:56:09,6.67,--,78,52026,买盘
1167,13:56:06,6.67,0.01,145,96715,买盘
1168,13:56:03,6.66,-0.01,335,223110,卖盘
1169,13:56:00,6.67,0.01,89,59363,买盘
1170,13:55:57,6.66,--,79,52614,卖盘
1171,13:55:54,6.66,-0.01,2141,1425906,卖盘
1172,13:55:51,6.67,0.01,23,15341,买盘
1173,13:55:48,6.66,-0.01,94,62604,卖盘
1174,13:55:45,6.67,--,300,200100,买盘
1175,13:55:42,6.67,--,9,6003,买盘
1176,13:55:39,6.67,--,51,34017,买盘
1177,13:55:36,6.67,--,132,88044,买盘
1178,13:55:33,6.67,--,43,28681,买盘
1179,13:55:30,6.67,--,74,49358,买盘
1180,13:55:27,6.67,--,134,89378,买盘
1181,13:55:24,6.67,--,2,1334,买盘
1182,13:55:18,6.67,--,82,54694,买盘
1183,13:55:15,6.67,0.01,79,52693,买盘
1184,13:55:12,6.66,-0.01,2057,1369962,卖盘
1185,13:55:09,6.67,--,5,3335,买盘
1186,13:55:06,6.67,--,1023,682341,买盘
1187,13:55:03,6.67,--,97,64699,买盘
1188,13:55:00,6.67,--,10,6670,买盘
1189,13:54:57,6.67,--,21,14007,买盘
1190,13:54:54,6.67,--,63,42021,买盘
1191,13:54:51,6.67,0.01,91,60697,买盘
1192,13:54:48,6.66,--,114,75924,卖盘
1193,13:54:45,6.66,-0.01,368,245088,卖盘
1194,13:54:42,6.67,--,88,58696,买盘
1195,13:54:39,6.67,--,188,125396,买盘
1196,13:54:36,6.67,--,77,51359,买盘
1197,13:54:33,6.67,--,108,72036,买盘
1198,13:54:30,6.67,--,80,53360,买盘
1199,13:54:27,6.67,--,115,76705,买盘
1200,13:54:24,6.67,--,101,67367,买盘
1201,13:54:21,6.67,--,99,66033,买盘
1202,13:54:18,6.67,--,45,30015,买盘
1203,13:54:15,6.67,--,34,22678,买盘
1204,13:54:12,6.67,--,3,2001,买盘
1205,13:54:09,6.67,--,172,114724,买盘
1206,13:54:06,6.67,0.01,3,2001,买盘
1207,13:54:03,6.66,-0.01,98,65268,卖盘
1208,13:54:00,6.67,--,64,42688,买盘
1209,13:53:57,6.67,0.01,261,174087,买盘
1210,13:53:54,6.66,--,354,235764,卖盘
1211,13:53:51,6.66,--,35,23310,卖盘
1212,13:53:48,6.66,-0.01,93,61938,卖盘
1213,13:53:45,6.67,--,55,36685,买盘
1214,13:53:42,6.67,--,19,12673,买盘
1215,13:53:39,6.67,--,80,53693,买盘
1216,13:53:36,6.67,0.01,283,188761,买盘
1217,13:53:33,6.66,-0.01,104,69264,卖盘
1218,13:53:30,6.67,--,82,54694,买盘
1219,13:53:24,6.67,--,63,42021,买盘
1220,13:53:21,6.67,--,63,42021,买盘
1221,13:53:18,6.67,0.01,26,17342,买盘
1222,13:53:15,6.66,-0.01,96,63936,卖盘
1223,13:53:12,6.67,--,225,150075,买盘
1224,13:53:09,6.67,--,124,82708,买盘
1225,13:53:06,6.67,--,44,29348,买盘
1226,13:53:03,6.67,--,52,34684,买盘
1227,13:53:00,6.67,--,40,26680,买盘
1228,13:52:57,6.67,0.01,23,15341,买盘
1229,13:52:54,6.66,--,179,119214,卖盘
1230,13:52:51,6.66,-0.01,72,47952,卖盘
1231,13:52:48,6.67,--,71,47357,买盘
1232,13:52:45,6.67,0.01,111,74037,买盘
1233,13:52:42,6.66,-0.01,62,41292,卖盘
1234,13:52:39,6.67,--,23,15341,买盘
1235,13:52:36,6.67,0.01,726,484242,买盘
1236,13:52:33,6.66,-0.01,87,57942,卖盘
1237,13:52:30,6.67,0.01,127,84709,买盘
1238,13:52:27,6.66,-0.01,117,77922,卖盘
1239,13:52:24,6.67,--,164,109388,买盘
1240,13:52:21,6.67,0.01,23,15341,买盘
1241,13:52:18,6.66,-0.01,239,159174,卖盘
1242,13:52:15,6.67,--,90,60030,买盘
1243,13:52:12,6.67,--,126,84042,买盘
1244,13:52:09,6.67,--,62,41354,买盘
1245,13:52:06,6.67,--,13,8671,买盘
1246,13:52:03,6.67,--,10,6670,买盘
1247,13:52:00,6.67,0.01,2,1334,买盘
1248,13:51:57,6.66,-0.01,552,367632,卖盘
1249,13:51:54,6.67,--,66,44022,买盘
1250,13:51:51,6.67,0.01,74,49358,买盘
1251,13:51:48,6.66,--,27,17982,卖盘
1252,13:51:45,6.66,-0.01,81,53946,卖盘
1253,13:51:42,6.67,--,20,13340,买盘
1254,13:51:39,6.67,--,83,55361,买盘
1255,13:51:36,6.67,--,65,43355,买盘
1256,13:51:33,6.67,--,30,20010,买盘
1257,13:51:30,6.67,--,142,94714,买盘
1258,13:51:27,6.67,--,27,18009,买盘
1259,13:51:24,6.67,--,75,50025,买盘
1260,13:51:21,6.67,--,12,8004,买盘
1261,13:51:15,6.67,--,61,40687,买盘
1262,13:51:12,6.67,--,51,34017,买盘
1263,13:51:09,6.67,--,59,39353,买盘
1264,13:51:06,6.67,--,1,667,买盘
1265,13:51:03,6.67,--,66,44022,买盘
1266,13:51:00,6.67,--,605,403535,卖盘
1267,13:50:54,6.67,--,98,65366,卖盘
1268,13:50:51,6.67,-0.01,53,35351,卖盘
1269,13:50:48,6.68,0.01,524,350032,买盘
1270,13:50:45,6.67,--,5,3335,卖盘
1271,13:50:42,6.67,0.01,3,2001,卖盘
1272,13:50:39,6.66,-0.01,58,38628,卖盘
1273,13:50:36,6.67,--,5,3335,卖盘
1274,13:50:30,6.67,--,239,159413,买盘
1275,13:50:27,6.67,--,215,143405,买盘
1276,13:50:24,6.67,--,17,11339,买盘
1277,13:50:21,6.67,--,442,294814,买盘
1278,13:50:18,6.67,--,63,42021,买盘
1279,13:50:15,6.67,--,309,206103,买盘
1280,13:50:12,6.67,0.01,76,50692,买盘
1281,13:50:09,6.66,--,127,84582,卖盘
1282,13:50:06,6.66,-0.01,168,111888,卖盘
1283,13:50:03,6.67,--,167,111389,买盘
1284,13:50:00,6.67,--,75,50025,买盘
1285,13:49:57,6.67,--,1140,760380,卖盘
1286,13:49:54,6.67,--,182,121394,卖盘
1287,13:49:48,6.67,--,15,10005,卖盘
1288,13:49:45,6.67,--,166,110722,卖盘
1289,13:49:42,6.67,--,2,1334,卖盘
1290,13:49:39,6.67,--,4,2668,卖盘
1291,13:49:36,6.67,--,269,179423,卖盘
1292,13:49:33,6.67,--,69,46023,卖盘
1293,13:49:30,6.67,-0.01,200,133400,卖盘
1294,13:49:27,6.68,0.01,49,32732,买盘
1295,13:49:24,6.67,-0.01,38,25879,卖盘
1296,13:49:21,6.68,0.01,60,40080,买盘
1297,13:49:18,6.67,-0.01,80,53360,卖盘
1298,13:49:15,6.68,0.01,100,66800,买盘
1299,13:49:12,6.67,-0.01,77,51359,卖盘
1300,13:49:09,6.68,0.01,190,126920,买盘
1301,13:49:00,6.67,--,174,116058,卖盘
1302,13:48:57,6.67,-0.01,72,48024,卖盘
1303,13:48:54,6.68,--,90,60120,买盘
1304,13:48:51,6.68,0.01,478,319304,买盘
1305,13:48:48,6.67,--,148,98716,卖盘
1306,13:48:45,6.67,-0.01,2045,1364015,卖盘
1307,13:48:42,6.68,0.01,66,44088,买盘
1308,13:48:39,6.67,--,52,34684,卖盘
1309,13:48:36,6.67,-0.01,125,83375,卖盘
1310,13:48:33,6.68,--,35,23380,买盘
1311,13:48:30,6.68,--,15,10020,买盘
1312,13:48:27,6.68,--,93,62124,买盘
1313,13:48:24,6.68,--,57,38076,买盘
1314,13:48:21,6.68,--,501,334668,买盘
1315,13:48:18,6.68,0.01,20,13360,买盘
1316,13:48:15,6.67,-0.01,68,45356,卖盘
1317,13:48:12,6.68,--,35,23380,买盘
1318,13:48:09,6.68,-0.01,148,99398,卖盘
1319,13:48:06,6.69,0.01,2231,1492539,买盘
1320,13:48:03,6.68,-0.01,125,83500,卖盘
1321,13:47:57,6.69,0.01,50,33450,买盘
1322,13:47:54,6.68,--,217,144956,卖盘
1323,13:47:51,6.68,--,32,21376,卖盘
1324,13:47:48,6.68,-0.01,111,74148,卖盘
1325,13:47:45,6.69,0.01,165,110385,买盘
1326,13:47:42,6.68,-0.01,137,91516,卖盘
1327,13:47:36,6.69,0.01,230,153870,买盘
1328,13:47:33,6.68,-0.01,36,24048,卖盘
1329,13:47:27,6.69,--,213,142497,买盘
1330,13:47:24,6.69,0.01,82,54858,买盘
1331,13:47:21,6.68,--,21,14028,卖盘
1332,13:47:18,6.68,-0.01,42,28056,卖盘
1333,13:47:15,6.69,0.01,150,100350,买盘
1334,13:47:09,6.68,--,58,38744,卖盘
1335,13:47:03,6.68,-0.01,2,1336,卖盘
1336,13:47:00,6.69,--,86,57534,买盘
1337,13:46:57,6.69,--,11,7359,买盘
1338,13:46:54,6.69,--,6,4014,买盘
1339,13:46:51,6.69,0.01,140,93660,买盘
1340,13:46:48,6.68,-0.01,80,53440,卖盘
1341,13:46:45,6.69,0.01,65,43485,买盘
1342,13:46:42,6.68,--,87,58116,卖盘
1343,13:46:39,6.68,-0.01,98,65464,卖盘
1344,13:46:36,6.69,--,57,38133,买盘
1345,13:46:30,6.69,--,12,8028,买盘
1346,13:46:27,6.69,0.01,55,36795,买盘
1347,13:46:24,6.68,-0.01,86,57448,卖盘
1348,13:46:21,6.69,--,27,18063,买盘
1349,13:46:18,6.69,--,101,67569,买盘
1350,13:46:15,6.69,--,25,16725,买盘
1351,13:46:12,6.69,--,66,44154,买盘
1352,13:46:09,6.69,0.01,1,669,买盘
1353,13:46:06,6.68,-0.01,2,1336,卖盘
1354,13:46:03,6.69,--,131,87639,买盘
1355,13:45:57,6.69,--,245,163905,买盘
1356,13:45:54,6.69,0.01,110,73590,买盘
1357,13:45:51,6.68,-0.01,23,15364,卖盘
1358,13:45:48,6.69,0.01,209,139821,买盘
1359,13:45:45,6.68,--,108,72144,卖盘
1360,13:45:42,6.68,-0.01,48,32064,卖盘
1361,13:45:39,6.69,--,45,30105,买盘
1362,13:45:33,6.69,--,57,38133,买盘
1363,13:45:30,6.69,--,110,73590,买盘
1364,13:45:27,6.69,--,63,42147,买盘
1365,13:45:24,6.69,--,33,22077,买盘
1366,13:45:21,6.69,--,121,80949,买盘
1367,13:45:18,6.69,--,79,52851,买盘
1368,13:45:15,6.69,0.01,13,8697,买盘
1369,13:45:12,6.68,-0.01,104,69472,卖盘
1370,13:45:09,6.69,0.01,43,28767,买盘
1371,13:45:06,6.68,--,88,58784,卖盘
1372,13:45:03,6.68,-0.01,42,28056,卖盘
1373,13:45:00,6.69,0.01,73,48837,买盘
1374,13:44:57,6.68,-0.01,44,29392,卖盘
1375,13:44:54,6.69,--,38,25422,买盘
1376,13:44:51,6.69,0.01,20,13380,买盘
1377,13:44:48,6.68,-0.01,65,43420,卖盘
1378,13:44:45,6.69,0.01,179,119751,买盘
1379,13:44:42,6.68,-0.01,20,13360,卖盘
1380,13:44:39,6.69,--,20,13380,买盘
1381,13:44:36,6.69,0.01,16,10704,买盘
1382,13:44:33,6.68,-0.01,115,76820,卖盘
1383,13:44:30,6.69,--,171,114399,买盘
1384,13:44:27,6.69,0.01,16,10704,买盘
1385,13:44:24,6.68,-0.01,62,41416,卖盘
1386,13:44:21,6.69,--,1,669,买盘
1387,13:44:18,6.69,--,69,46161,买盘
1388,13:44:15,6.69,--,10,6690,买盘
1389,13:44:12,6.69,--,151,101019,卖盘
1390,13:44:09,6.69,-0.01,32,21408,卖盘
1391,13:44:06,6.7,0.01,7,4690,买盘
1392,13:44:03,6.69,--,123,82287,卖盘
1393,13:44:00,6.69,--,41,27429,卖盘
1394,13:43:57,6.69,-0.01,3,2007,卖盘
1395,13:43:54,6.7,--,182,121940,买盘
1396,13:43:51,6.7,0.01,29,19430,买盘
1397,13:43:48,6.69,--,213,142497,卖盘
1398,13:43:45,6.69,--,109,72921,卖盘
1399,13:43:42,6.69,--,8,5352,卖盘
1400,13:43:39,6.69,--,91,60879,卖盘
1401,13:43:36,6.69,--,10,6690,卖盘
1402,13:43:33,6.69,-0.01,363,242847,卖盘
1403,13:43:27,6.7,--,65,43550,买盘
1404,13:43:24,6.7,--,11,7370,买盘
1405,13:43:21,6.7,0.01,7,4690,买盘
1406,13:43:18,6.69,-0.01,91,60879,卖盘
1407,13:43:15,6.7,0.01,43,28810,买盘
1408,13:43:09,6.69,-0.01,13,8697,卖盘
1409,13:43:06,6.7,--,30,20100,买盘
1410,13:43:03,6.7,--,4,2680,买盘
1411,13:42:57,6.7,0.01,24,16080,买盘
1412,13:42:54,6.69,-0.01,22,14718,卖盘
1413,13:42:51,6.7,0.01,51,34170,买盘
1414,13:42:48,6.69,--,38,25422,卖盘
1415,13:42:45,6.69,--,17,11373,卖盘
1416,13:42:42,6.69,-0.01,55,36795,卖盘
1417,13:42:39,6.7,0.01,10,6700,买盘
1418,13:42:36,6.69,-0.01,174,116406,卖盘
1419,13:42:33,6.7,--,32,21440,买盘
1420,13:42:27,6.7,--,119,79730,买盘
1421,13:42:24,6.7,--,17,11390,买盘
1422,13:42:21,6.7,--,672,450240,买盘
1423,13:42:18,6.7,--,81,54270,买盘
1424,13:42:15,6.7,--,15,10050,买盘
1425,13:42:12,6.7,0.01,228,152760,买盘
1426,13:42:09,6.69,--,21,14049,卖盘
1427,13:42:06,6.69,-0.01,1500,1003500,卖盘
1428,13:42:03,6.7,0.01,102,68340,买盘
1429,13:42:00,6.69,-0.01,21,14049,卖盘
1430,13:41:57,6.7,--,18,12060,买盘
1431,13:41:54,6.7,--,454,304180,买盘
1432,13:41:51,6.7,0.01,4,2680,买盘
1433,13:41:48,6.69,-0.01,88,58872,卖盘
1434,13:41:45,6.7,0.01,1030,690100,买盘
1435,13:41:42,6.69,--,43,28767,卖盘
1436,13:41:39,6.69,--,32,21408,卖盘
1437,13:41:36,6.69,-0.01,22,14718,卖盘
1438,13:41:33,6.7,--,26,17420,买盘
1439,13:41:30,6.7,0.01,109,73030,买盘
1440,13:41:27,6.69,-0.01,21,14049,卖盘
1441,13:41:24,6.7,--,113,75710,买盘
1442,13:41:21,6.7,--,5,3350,买盘
1443,13:41:18,6.7,--,13,8710,买盘
1444,13:41:15,6.7,--,38,25460,买盘
1445,13:41:12,6.7,--,28,18760,买盘
1446,13:41:09,6.7,0.01,12,8040,买盘
1447,13:41:06,6.69,--,20,13380,卖盘
1448,13:41:03,6.69,-0.01,24,16056,卖盘
1449,13:41:00,6.7,--,40,26800,买盘
1450,13:40:57,6.7,--,10,6700,买盘
1451,13:40:54,6.7,--,24,16080,买盘
1452,13:40:51,6.7,0.01,81,54270,买盘
1453,13:40:48,6.69,-0.01,83,55527,卖盘
1454,13:40:45,6.7,0.01,250,167500,买盘
1455,13:40:42,6.69,-0.01,29,19401,卖盘
1456,13:40:39,6.7,--,10,6700,买盘
1457,13:40:36,6.7,--,280,187600,买盘
1458,13:40:33,6.7,0.01,7,4690,买盘
1459,13:40:30,6.69,-0.01,135,90315,卖盘
1460,13:40:27,6.7,-0.01,266,178220,卖盘
1461,13:40:24,6.71,--,110,73810,买盘
1462,13:40:21,6.71,0.01,231,155537,买盘
1463,13:40:18,6.7,--,1020,683534,卖盘
1464,13:40:15,6.7,-0.01,40,26800,卖盘
1465,13:40:12,6.71,--,27,18117,买盘
1466,13:40:09,6.71,--,86,57706,买盘
1467,13:40:06,6.71,--,42,28182,买盘
1468,13:40:03,6.71,0.01,86,57706,买盘
1469,13:40:00,6.7,--,41,27470,卖盘
1470,13:39:57,6.7,-0.01,60,40200,卖盘
1471,13:39:54,6.71,--,3,2013,买盘
1472,13:39:51,6.71,0.01,2,1342,买盘
1473,13:39:48,6.7,-0.01,39,26130,卖盘
1474,13:39:45,6.71,0.01,97,65087,买盘
1475,13:39:42,6.7,-0.01,6,4020,卖盘
1476,13:39:39,6.71,0.01,7,4697,买盘
1477,13:39:36,6.7,-0.01,77,51590,卖盘
1478,13:39:33,6.71,0.01,17,11407,买盘
1479,13:39:30,6.7,-0.01,128,85760,卖盘
1480,13:39:27,6.71,0.01,50,33550,买盘
1481,13:39:24,6.7,--,262,175540,卖盘
1482,13:39:21,6.7,--,15,10050,卖盘
1483,13:39:18,6.7,-0.01,44,29480,卖盘
1484,13:39:15,6.71,--,84,56364,买盘
1485,13:39:12,6.71,--,350,234850,买盘
1486,13:39:09,6.71,--,14,9394,买盘
1487,13:39:06,6.71,--,83,55693,买盘
1488,13:39:03,6.71,--,154,103334,买盘
1489,13:39:00,6.71,--,28,18788,买盘
1490,13:38:57,6.71,0.01,361,242231,买盘
1491,13:38:54,6.7,--,68,45560,卖盘
1492,13:38:51,6.7,-0.01,19,12730,卖盘
1493,13:38:48,6.71,0.01,1,671,买盘
1494,13:38:45,6.7,-0.01,27,18090,卖盘
1495,13:38:42,6.71,0.01,4,2684,买盘
1496,13:38:39,6.7,--,34,22780,卖盘
1497,13:38:36,6.7,-0.01,2001,1340670,卖盘
1498,13:38:33,6.71,--,51,34221,买盘
1499,13:38:30,6.71,0.01,123,82533,买盘
1500,13:38:27,6.7,-0.01,1,670,卖盘
1501,13:38:21,6.71,0.01,11,7381,买盘
1502,13:38:18,6.7,-0.01,37,24790,卖盘
1503,13:38:15,6.71,0.01,15,10065,买盘
1504,13:38:12,6.7,--,90,60300,卖盘
1505,13:38:09,6.7,--,5,3350,卖盘
1506,13:38:06,6.7,-0.01,21,14070,卖盘
1507,13:38:03,6.71,0.01,294,197274,买盘
1508,13:38:00,6.7,--,2000,1340000,卖盘
1509,13:37:54,6.7,-0.01,52,34840,卖盘
1510,13:37:51,6.71,0.01,32,21472,买盘
1511,13:37:48,6.7,-0.01,159,106530,卖盘
1512,13:37:45,6.71,0.01,159,106689,买盘
1513,13:37:42,6.7,-0.01,180,120600,卖盘
1514,13:37:39,6.71,--,45,30195,买盘
1515,13:37:36,6.71,--,1,671,买盘
1516,13:37:33,6.71,--,25,16775,买盘
1517,13:37:30,6.71,0.01,45,30195,买盘
1518,13:37:24,6.7,-0.01,361,241870,卖盘
1519,13:37:21,6.71,--,44,29524,买盘
1520,13:37:18,6.71,--,83,55693,买盘
1521,13:37:15,6.71,0.01,14,9394,买盘
1522,13:37:12,6.7,-0.01,35,23450,卖盘
1523,13:37:09,6.71,--,53,35563,买盘
1524,13:37:06,6.71,0.01,2,1342,买盘
1525,13:37:03,6.7,--,181,121270,卖盘
1526,13:37:00,6.7,--,19,12730,卖盘
1527,13:36:57,6.7,--,100,67000,卖盘
1528,13:36:54,6.7,--,87,58290,卖盘
1529,13:36:48,6.7,--,118,79596,买盘
1530,13:36:45,6.7,--,5,3350,买盘
1531,13:36:42,6.7,--,219,146730,买盘
1532,13:36:39,6.7,--,179,119930,买盘
1533,13:36:36,6.7,--,99,66330,买盘
1534,13:36:33,6.7,--,2,1340,买盘
1535,13:36:30,6.7,--,59,39530,买盘
1536,13:36:27,6.7,--,27,18090,买盘
1537,13:36:24,6.7,--,1,670,买盘
1538,13:36:21,6.7,--,40,26800,买盘
1539,13:36:18,6.7,0.01,9,6030,买盘
1540,13:36:15,6.69,-0.01,43,28767,卖盘
1541,13:36:12,6.7,--,166,111220,买盘
1542,13:36:09,6.7,--,20,13400,买盘
1543,13:36:06,6.7,--,55,36850,买盘
1544,13:36:03,6.7,-0.01,1684,1128414,卖盘
1545,13:36:00,6.71,0.01,81,54351,买盘
1546,13:35:57,6.7,--,155,103850,卖盘
1547,13:35:54,6.7,--,23,15410,卖盘
1548,13:35:48,6.7,--,45,30150,卖盘
1549,13:35:45,6.7,-0.01,20,13400,卖盘
1550,13:35:42,6.71,--,69,46299,买盘
1551,13:35:39,6.71,--,46,30866,买盘
1552,13:35:36,6.71,--,216,144936,买盘
1553,13:35:33,6.71,--,27,18117,买盘
1554,13:35:30,6.71,--,14,9394,买盘
1555,13:35:24,6.71,0.01,45,30195,买盘
1556,13:35:21,6.7,--,68,45560,卖盘
1557,13:35:18,6.7,-0.01,52,34840,卖盘
1558,13:35:15,6.71,--,61,40931,买盘
1559,13:35:12,6.71,0.01,1,671,买盘
1560,13:35:09,6.7,-0.01,218,146060,卖盘
1561,13:35:06,6.71,--,2,1342,买盘
1562,13:35:03,6.71,--,56,37576,买盘
1563,13:35:00,6.71,0.01,153,102663,买盘
1564,13:34:57,6.7,--,2,1340,卖盘
1565,13:34:54,6.7,-0.01,4,2680,卖盘
1566,13:34:51,6.71,0.01,25,16775,买盘
1567,13:34:48,6.7,--,178,119260,卖盘
1568,13:34:45,6.7,--,101,67670,卖盘
1569,13:34:42,6.7,--,6,4020,卖盘
1570,13:34:39,6.7,-0.01,27,18090,卖盘
1571,13:34:36,6.71,--,398,267058,卖盘
1572,13:34:33,6.71,--,213,142923,卖盘
1573,13:34:30,6.71,--,53,35563,卖盘
1574,13:34:27,6.71,--,21,14091,卖盘
1575,13:34:24,6.71,--,1066,715286,买盘
1576,13:34:18,6.71,--,37,24827,买盘
1577,13:34:15,6.71,--,60,40260,买盘
1578,13:34:12,6.71,--,15,10065,买盘
1579,13:34:09,6.71,--,224,150304,买盘
1580,13:34:06,6.71,0.01,23,15433,买盘
1581,13:34:03,6.7,-0.02,33,22110,卖盘
1582,13:33:54,6.72,0.02,45,30240,买盘
1583,13:33:48,6.7,--,9,6030,卖盘
1584,13:33:45,6.7,-0.02,17,11390,卖盘
1585,13:33:42,6.72,0.01,135,90720,买盘
1586,13:33:39,6.71,--,19,12749,买盘
1587,13:33:36,6.71,-0.01,189,126819,卖盘
1588,13:33:33,6.72,0.01,8,5376,买盘
1589,13:33:30,6.71,--,40,26840,卖盘
1590,13:33:27,6.71,-0.01,24,16104,卖盘
1591,13:33:24,6.72,0.01,51,34272,买盘
1592,13:33:21,6.71,-0.01,30,20130,买盘
1593,13:33:18,6.72,--,107,71904,买盘
1594,13:33:15,6.72,--,250,168000,买盘
1595,13:33:12,6.72,0.01,359,241248,买盘
1596,13:33:09,6.71,-0.01,19,12749,卖盘
1597,13:33:06,6.72,--,6,4032,买盘
1598,13:33:00,6.72,0.02,50,33600,买盘
1599,13:32:57,6.7,-0.01,83,55610,卖盘
1600,13:32:54,6.71,-0.01,16,10736,卖盘
1601,13:32:48,6.72,0.01,7,4704,买盘
1602,13:32:45,6.71,-0.01,80,53680,卖盘
1603,13:32:42,6.72,0.01,33,22176,买盘
1604,13:32:39,6.71,--,64,42944,卖盘
1605,13:32:36,6.71,-0.01,790,530090,卖盘
1606,13:32:33,6.72,0.01,609,409248,买盘
1607,13:32:30,6.71,-0.01,130,87230,卖盘
1608,13:32:27,6.72,--,7,4704,买盘
1609,13:32:24,6.72,0.01,26,17472,买盘
1610,13:32:21,6.71,-0.01,1,671,卖盘
1611,13:32:15,6.72,0.01,26,17472,买盘
1612,13:32:12,6.71,--,53,35563,卖盘
1613,13:32:09,6.71,-0.01,4,2684,卖盘
1614,13:32:06,6.72,--,2,1344,买盘
1615,13:32:03,6.72,--,26,17472,买盘
1616,13:32:00,6.72,0.01,22,14784,买盘
1617,13:31:57,6.71,-0.01,2,1342,卖盘
1618,13:31:54,6.72,--,600,403200,卖盘
1619,13:31:51,6.72,-0.01,123,82656,卖盘
1620,13:31:45,6.73,--,47,31631,买盘
1621,13:31:42,6.73,0.01,35,23555,买盘
1622,13:31:39,6.72,-0.01,36,24192,卖盘
1623,13:31:36,6.73,--,100,67300,买盘
1624,13:31:33,6.73,0.01,118,79414,买盘
1625,13:31:30,6.72,--,5,3360,卖盘
1626,13:31:27,6.72,--,60,40320,卖盘
1627,13:31:24,6.72,-0.01,54,36288,卖盘
1628,13:31:21,6.73,0.01,89,59897,买盘
1629,13:31:18,6.72,-0.01,19,12768,卖盘
1630,13:31:15,6.73,--,15,10095,买盘
1631,13:31:12,6.73,--,4,2692,买盘
1632,13:31:09,6.73,--,53,35669,买盘
1633,13:31:06,6.73,--,561,377553,买盘
1634,13:31:03,6.73,--,3,2019,买盘
1635,13:31:00,6.73,0.01,32,21536,买盘
1636,13:30:54,6.72,-0.01,65,43680,卖盘
1637,13:30:51,6.73,0.01,1006,677038,买盘
1638,13:30:48,6.72,--,103,69216,卖盘
1639,13:30:45,6.72,-0.01,72,48384,卖盘
1640,13:30:42,6.73,0.01,61,41053,买盘
1641,13:30:39,6.72,-0.01,157,105504,卖盘
1642,13:30:36,6.73,--,10,6730,买盘
1643,13:30:33,6.73,--,97,65281,买盘
1644,13:30:30,6.73,--,2,1346,买盘
1645,13:30:27,6.73,--,102,68646,买盘
1646,13:30:24,6.73,0.01,29,19517,买盘
1647,13:30:21,6.72,-0.01,20,13440,卖盘
1648,13:30:15,6.73,0.01,91,61243,买盘
1649,13:30:12,6.72,--,1348,905856,卖盘
1650,13:30:09,6.72,--,23,15456,卖盘
1651,13:30:06,6.72,-0.01,1,672,卖盘
1652,13:30:03,6.73,0.01,62,41726,买盘
1653,13:30:00,6.72,-0.01,51,34272,卖盘
1654,13:29:57,6.73,0.01,86,57878,买盘
1655,13:29:54,6.72,-0.01,73,49056,卖盘
1656,13:29:51,6.73,0.01,64,43072,买盘
1657,13:29:48,6.72,--,51,34272,卖盘
1658,13:29:45,6.72,-0.01,1,672,卖盘
1659,13:29:42,6.73,0.01,70,47110,买盘
1660,13:29:39,6.72,-0.01,146,98112,买盘
1661,13:29:36,6.73,0.01,102,68646,买盘
1662,13:29:33,6.72,--,1070,719040,买盘
1663,13:29:30,6.72,--,182,122304,买盘
1664,13:29:27,6.72,--,341,229152,买盘
1665,13:29:24,6.72,--,49,32928,买盘
1666,13:29:21,6.72,0.01,83,55776,买盘
1667,13:29:18,6.71,--,15,10065,卖盘
1668,13:29:15,6.71,-0.01,41,27511,卖盘
1669,13:29:12,6.72,--,12,8064,买盘
1670,13:29:09,6.72,--,3,2016,买盘
1671,13:29:06,6.72,--,29,19488,买盘
1672,13:29:03,6.72,--,21,14112,买盘
1673,13:29:00,6.72,--,200,134400,买盘
1674,13:28:57,6.72,--,115,77280,买盘
1675,13:28:54,6.72,0.01,32,21504,买盘
1676,13:28:51,6.71,-0.01,511,342881,卖盘
1677,13:28:45,6.72,0.01,50,33600,买盘
1678,13:28:42,6.71,-0.01,131,87901,卖盘
1679,13:28:39,6.72,--,49,32928,买盘
1680,13:28:36,6.72,0.01,16,10752,买盘
1681,13:28:33,6.71,--,24,16104,卖盘
1682,13:28:30,6.71,--,11,7381,卖盘
1683,13:28:27,6.71,--,54,36234,买盘
1684,13:28:24,6.71,0.01,537,360327,买盘
1685,13:28:21,6.7,-0.01,22,14740,卖盘
1686,13:28:18,6.71,--,139,93269,买盘
1687,13:28:15,6.71,--,261,175131,卖盘
1688,13:28:12,6.71,0.01,345,231495,买盘
1689,13:28:09,6.7,-0.01,587,393290,卖盘
1690,13:28:06,6.71,--,517,346907,买盘
1691,13:28:03,6.71,0.01,6,4026,买盘
1692,13:28:00,6.7,--,20,13400,卖盘
1693,13:27:57,6.7,-0.01,112,75040,卖盘
1694,13:27:54,6.71,--,30,20130,买盘
1695,13:27:51,6.71,0.01,100,67100,买盘
1696,13:27:48,6.7,--,102,68340,卖盘
1697,13:27:42,6.7,--,27,18090,卖盘
1698,13:27:39,6.7,--,23,15410,卖盘
1699,13:27:36,6.7,--,21,14070,卖盘
1700,13:27:33,6.7,-0.01,74,50116,卖盘
1701,13:27:30,6.71,0.01,20,13420,买盘
1702,13:27:27,6.7,-0.01,93,62310,卖盘
1703,13:27:24,6.71,0.01,2,1342,买盘
1704,13:27:21,6.7,-0.01,44,29480,卖盘
1705,13:27:18,6.71,--,232,155672,买盘
1706,13:27:15,6.71,0.01,76,50996,买盘
1707,13:27:12,6.7,-0.01,71,47570,卖盘
1708,13:27:06,6.71,0.01,4,2684,买盘
1709,13:27:03,6.7,-0.01,20,13400,卖盘
1710,13:27:00,6.71,0.01,6,4026,买盘
1711,13:26:57,6.7,--,3,2010,卖盘
1712,13:26:54,6.7,-0.01,127,85090,卖盘
1713,13:26:51,6.71,0.01,34,22814,买盘
1714,13:26:45,6.7,-0.01,37,24790,卖盘
1715,13:26:42,6.71,0.02,885,593835,买盘
1716,13:26:39,6.69,-0.01,106,70914,卖盘
1717,13:26:36,6.7,--,5,3350,买盘
1718,13:26:33,6.7,0.01,13,8710,买盘
1719,13:26:30,6.69,-0.01,22,14718,卖盘
1720,13:26:27,6.7,--,220,147400,买盘
1721,13:26:24,6.7,0.01,2,1340,买盘
1722,13:26:21,6.69,--,26,17394,卖盘
1723,13:26:15,6.69,-0.01,56,37464,卖盘
1724,13:26:12,6.7,--,10,6700,买盘
1725,13:26:09,6.7,--,159,106530,买盘
1726,13:26:06,6.7,--,2,1340,买盘
1727,13:26:03,6.7,0.01,1,670,买盘
1728,13:25:57,6.69,-0.01,21,14049,卖盘
1729,13:25:54,6.7,0.01,118,79060,买盘
1730,13:25:51,6.69,--,32,21408,卖盘
1731,13:25:45,6.69,-0.01,32,21408,卖盘
1732,13:25:42,6.7,0.01,80,53600,买盘
1733,13:25:39,6.69,--,25,16725,卖盘
1734,13:25:36,6.69,--,4,2676,卖盘
1735,13:25:33,6.69,--,27,18063,卖盘
1736,13:25:30,6.69,-0.01,1,669,卖盘
1737,13:25:24,6.7,--,31,20770,买盘
1738,13:25:21,6.7,0.01,46,30820,买盘
1739,13:25:18,6.69,--,150,100350,卖盘
1740,13:25:12,6.69,--,21,14049,卖盘
1741,13:25:09,6.69,-0.01,6,4014,卖盘
1742,13:25:06,6.7,0.01,38,25460,买盘
1743,13:25:00,6.69,-0.01,60,40140,卖盘
1744,13:24:54,6.7,0.01,94,62980,买盘
1745,13:24:51,6.69,--,65,43485,买盘
1746,13:24:48,6.69,--,2050,1371450,卖盘
1747,13:24:45,6.69,--,42,28098,卖盘
1748,13:24:42,6.69,-0.01,40,26760,卖盘
1749,13:24:39,6.7,--,122,81740,买盘
1750,13:24:36,6.7,0.01,124,83080,买盘
1751,13:24:33,6.69,-0.01,17,11373,卖盘
1752,13:24:30,6.7,0.01,9,6030,买盘
1753,13:24:27,6.69,-0.01,23,15387,卖盘
1754,13:24:24,6.7,0.01,2,1340,买盘
1755,13:24:21,6.69,--,10,6690,卖盘
1756,13:24:18,6.69,--,25,16725,卖盘
1757,13:24:15,6.69,--,1,669,卖盘
1758,13:24:12,6.69,--,188,125772,买盘
1759,13:24:09,6.69,--,67,44823,买盘
1760,13:24:06,6.69,0.01,617,412773,买盘
1761,13:24:03,6.68,-0.01,107,71476,卖盘
1762,13:24:00,6.69,--,269,179961,买盘
1763,13:23:57,6.69,--,51,34119,买盘
1764,13:23:54,6.69,0.01,76,50844,买盘
1765,13:23:51,6.68,-0.01,26,17368,卖盘
1766,13:23:48,6.69,--,236,157884,买盘
1767,13:23:45,6.69,--,94,62886,买盘
1768,13:23:42,6.69,0.01,508,339852,买盘
1769,13:23:39,6.68,--,21,14028,卖盘
1770,13:23:36,6.68,-0.01,3,2004,卖盘
1771,13:23:33,6.69,--,257,171933,买盘
1772,13:23:27,6.69,--,177,118413,买盘
1773,13:23:24,6.69,0.01,2,1338,买盘
1774,13:23:21,6.68,-0.01,121,80828,卖盘
1775,13:23:18,6.69,0.01,51,34119,买盘
1776,13:23:15,6.68,--,4,2672,卖盘
1777,13:23:12,6.68,-0.01,203,135604,卖盘
1778,13:23:09,6.69,--,93,62217,买盘
1779,13:23:06,6.69,--,113,75597,买盘
1780,13:23:03,6.69,0.01,132,88308,买盘
1781,13:23:00,6.68,-0.01,107,71476,卖盘
1782,13:22:54,6.69,--,5,3345,买盘
1783,13:22:51,6.69,0.01,140,93660,买盘
1784,13:22:48,6.68,-0.01,22,14696,卖盘
1785,13:22:45,6.69,--,14,9366,买盘
1786,13:22:42,6.69,--,19,12711,买盘
1787,13:22:39,6.69,0.01,427,285663,买盘
1788,13:22:36,6.68,--,54,36072,卖盘
1789,13:22:33,6.68,-0.01,10,6680,卖盘
1790,13:22:30,6.69,0.01,36,24084,买盘
1791,13:22:27,6.68,--,31,20708,卖盘
1792,13:22:24,6.68,-0.01,35,23380,卖盘
1793,13:22:21,6.69,--,48,32112,买盘
1794,13:22:15,6.69,--,42,28098,买盘
1795,13:22:12,6.69,--,116,77604,买盘
1796,13:22:09,6.69,--,61,40809,买盘
1797,13:22:06,6.69,0.01,27,18063,买盘
1798,13:22:03,6.68,-0.01,90,60120,卖盘
1799,13:22:00,6.69,0.01,4,2676,买盘
1800,13:21:57,6.68,-0.01,1,668,卖盘
1801,13:21:54,6.69,--,27,18063,买盘
1802,13:21:51,6.69,--,16,10704,买盘
1803,13:21:48,6.69,0.01,18,12042,买盘
1804,13:21:45,6.68,--,19,12692,卖盘
1805,13:21:42,6.68,-0.01,44,29392,卖盘
1806,13:21:39,6.69,0.01,36,24084,买盘
1807,13:21:36,6.68,--,15,10020,卖盘
1808,13:21:33,6.68,--,39,26052,卖盘
1809,13:21:30,6.68,-0.01,4,2672,卖盘
1810,13:21:27,6.69,0.01,3,2007,买盘
1811,13:21:24,6.68,--,67,44756,卖盘
1812,13:21:21,6.68,-0.01,21,14028,卖盘
1813,13:21:18,6.69,--,66,44154,买盘
1814,13:21:15,6.69,0.01,21,14049,买盘
1815,13:21:12,6.68,--,40,26720,卖盘
1816,13:21:09,6.68,--,1951,1303401,买盘
1817,13:21:06,6.68,--,191,127588,买盘
1818,13:21:03,6.68,--,100,66800,买盘
1819,13:21:00,6.68,--,25,16700,买盘
1820,13:20:54,6.68,0.01,305,203740,买盘
1821,13:20:51,6.67,-0.01,102,68034,卖盘
1822,13:20:48,6.68,--,44,29392,买盘
1823,13:20:45,6.68,0.01,76,50768,买盘
1824,13:20:42,6.67,-0.01,141,94047,卖盘
1825,13:20:39,6.68,0.01,44,29392,买盘
1826,13:20:36,6.67,-0.01,58,38686,卖盘
1827,13:20:33,6.68,0.01,22,14696,买盘
1828,13:20:30,6.67,-0.01,143,95381,卖盘
1829,13:20:27,6.68,--,310,207080,买盘
1830,13:20:24,6.68,--,58,38744,买盘
1831,13:20:21,6.68,--,106,70808,买盘
1832,13:20:18,6.68,0.01,20,13360,买盘
1833,13:20:15,6.67,-0.01,48,32016,卖盘
1834,13:20:12,6.68,--,22,14696,买盘
1835,13:20:09,6.68,--,41,27388,买盘
1836,13:20:06,6.68,--,38,25384,买盘
1837,13:20:03,6.68,--,37,24716,买盘
1838,13:20:00,6.68,--,251,167668,买盘
1839,13:19:57,6.68,--,9,6012,买盘
1840,13:19:54,6.68,--,232,154976,买盘
1841,13:19:51,6.68,--,25,16700,买盘
1842,13:19:48,6.68,--,42,28056,买盘
1843,13:19:45,6.68,--,5,3340,买盘
1844,13:19:42,6.68,0.01,244,162992,买盘
1845,13:19:39,6.67,-0.01,27,18009,卖盘
1846,13:19:36,6.68,--,15,10020,买盘
1847,13:19:33,6.68,--,85,56780,买盘
1848,13:19:30,6.68,--,31,20708,买盘
1849,13:19:24,6.68,--,49,32732,买盘
1850,13:19:21,6.68,0.01,49,32732,买盘
1851,13:19:18,6.67,-0.01,65,43355,卖盘
1852,13:19:15,6.68,--,81,54108,买盘
1853,13:19:09,6.68,0.01,47,31396,买盘
1854,13:19:06,6.67,-0.01,32,21344,卖盘
1855,13:19:03,6.68,--,1,668,买盘
1856,13:19:00,6.68,0.01,234,156312,买盘
1857,13:18:57,6.67,-0.01,41,27347,卖盘
1858,13:18:54,6.68,--,82,54776,买盘
1859,13:18:51,6.68,--,179,119572,买盘
1860,13:18:48,6.68,0.01,13,8684,买盘
1861,13:18:45,6.67,-0.01,32,21344,卖盘
1862,13:18:42,6.68,0.01,43,28724,买盘
1863,13:18:39,6.67,-0.01,2,1334,卖盘
1864,13:18:36,6.68,--,32,21376,买盘
1865,13:18:33,6.68,--,63,42084,买盘
1866,13:18:30,6.68,0.01,7,4676,买盘
1867,13:18:27,6.67,-0.01,31,20677,卖盘
1868,13:18:24,6.68,--,42,28056,买盘
1869,13:18:21,6.68,--,10,6680,买盘
1870,13:18:18,6.68,0.01,40,26720,买盘
1871,13:18:15,6.67,-0.01,41,27347,卖盘
1872,13:18:12,6.68,--,35,23380,买盘
1873,13:18:09,6.68,--,13,8684,买盘
1874,13:18:06,6.68,--,114,76152,买盘
1875,13:18:03,6.68,0.01,1,668,买盘
1876,13:18:00,6.67,-0.01,50,33350,卖盘
1877,13:17:57,6.68,--,41,27388,买盘
1878,13:17:54,6.68,--,189,126252,买盘
1879,13:17:51,6.68,--,100,66800,买盘
1880,13:17:48,6.68,--,1413,943884,买盘
1881,13:17:45,6.68,--,41,27388,买盘
1882,13:17:42,6.68,--,100,66800,买盘
1883,13:17:39,6.68,0.01,74,49432,买盘
1884,13:17:36,6.67,-0.01,77,51359,卖盘
1885,13:17:33,6.68,--,10,6680,买盘
1886,13:17:30,6.68,0.01,60,40080,买盘
1887,13:17:27,6.67,-0.01,70,46690,卖盘
1888,13:17:24,6.68,--,120,80160,买盘
1889,13:17:21,6.68,--,28,18704,买盘
1890,13:17:18,6.68,--,722,482296,买盘
1891,13:17:15,6.68,--,61,40748,买盘
1892,13:17:12,6.68,--,51,34068,买盘
1893,13:17:09,6.68,0.01,50,33400,买盘
1894,13:17:06,6.67,-0.01,69,46023,卖盘
1895,13:17:03,6.68,0.01,87,58116,买盘
1896,13:17:00,6.67,-0.01,242,161414,卖盘
1897,13:16:57,6.68,0.01,83,55444,买盘
1898,13:16:54,6.67,-0.01,35,23345,卖盘
1899,13:16:51,6.68,--,6,4008,买盘
1900,13:16:48,6.68,--,36,24048,买盘
1901,13:16:45,6.68,0.01,50,33400,买盘
1902,13:16:42,6.67,-0.01,44,29348,卖盘
1903,13:16:39,6.68,--,301,201068,买盘
1904,13:16:36,6.68,0.01,125,83500,买盘
1905,13:16:33,6.67,--,198,132066,卖盘
1906,13:16:30,6.67,-0.01,99,66033,卖盘
1907,13:16:27,6.68,--,11,7348,买盘
1908,13:16:24,6.68,0.01,33,22044,买盘
1909,13:16:21,6.67,-0.01,62,41354,卖盘
1910,13:16:18,6.68,--,511,341348,买盘
1911,13:16:15,6.68,--,50,33400,买盘
1912,13:16:12,6.68,0.01,101,67468,买盘
1913,13:16:09,6.67,-0.01,113,75371,卖盘
1914,13:16:06,6.68,0.01,6,4008,买盘
1915,13:16:03,6.67,--,18,12006,卖盘
1916,13:16:00,6.67,-0.01,362,241454,卖盘
1917,13:15:57,6.68,0.01,334,223112,买盘
1918,13:15:54,6.67,--,162,108054,买盘
1919,13:15:51,6.67,--,107,71369,卖盘
1920,13:15:48,6.67,-0.01,38,25346,卖盘
1921,13:15:45,6.68,0.01,41,27388,买盘
1922,13:15:42,6.67,-0.01,23,15341,卖盘
1923,13:15:39,6.68,--,126,84168,买盘
1924,13:15:36,6.68,--,184,122912,买盘
1925,13:15:33,6.68,--,25,16700,买盘
1926,13:15:30,6.68,0.01,230,153640,买盘
1927,13:15:27,6.67,0.01,29,19343,中性盘
1928,13:15:24,6.66,-0.01,418,278388,卖盘
1929,13:15:21,6.67,--,1,667,卖盘
1930,13:15:18,6.67,--,28,18676,卖盘
1931,13:15:15,6.67,--,61,40687,卖盘
1932,13:15:12,6.67,--,46,30682,卖盘
1933,13:15:09,6.67,--,1,667,卖盘
1934,13:15:06,6.67,--,24,16008,买盘
1935,13:15:03,6.67,0.01,3,2001,卖盘
1936,13:15:00,6.66,--,727,484182,卖盘
1937,13:14:57,6.66,-0.01,49,32634,卖盘
1938,13:14:54,6.67,--,29,19343,买盘
1939,13:14:51,6.67,--,29,19343,买盘
1940,13:14:45,6.67,--,10,6670,买盘
1941,13:14:42,6.67,--,79,52693,买盘
1942,13:14:39,6.67,--,88,58696,买盘
1943,13:14:36,6.67,0.01,75,50025,买盘
1944,13:14:33,6.66,--,29,19314,卖盘
1945,13:14:30,6.66,-0.01,144,95904,卖盘
1946,13:14:27,6.67,--,37,24679,买盘
1947,13:14:24,6.67,0.01,52,34924,买盘
1948,13:14:21,6.66,--,137,91242,买盘
1949,13:14:18,6.66,--,150,99900,买盘
1950,13:14:15,6.66,--,238,158508,买盘
1951,13:14:12,6.66,--,416,277056,买盘
1952,13:14:09,6.66,--,216,143856,买盘
1953,13:14:06,6.66,--,128,85248,买盘
1954,13:14:03,6.66,--,386,257076,买盘
1955,13:14:00,6.66,-0.01,3389,2257500,卖盘
1956,13:13:57,6.67,--,395,263465,买盘
1957,13:13:54,6.67,--,46,30682,买盘
1958,13:13:51,6.67,0.01,360,240120,买盘
1959,13:13:48,6.66,--,150,99900,卖盘
1960,13:13:45,6.66,-0.01,15,9990,卖盘
1961,13:13:42,6.67,--,43,28681,买盘
1962,13:13:39,6.67,0.01,124,82708,买盘
1963,13:13:36,6.66,-0.01,43,28638,卖盘
1964,13:13:33,6.67,--,96,64032,买盘
1965,13:13:30,6.67,--,143,95381,买盘
1966,13:13:27,6.67,0.01,150,100050,买盘
1967,13:13:24,6.66,-0.01,193,128538,卖盘
1968,13:13:21,6.67,--,298,198766,买盘
1969,13:13:18,6.67,--,147,98049,买盘
1970,13:13:15,6.67,--,657,438219,买盘
1971,13:13:12,6.67,--,319,212773,买盘
1972,13:13:09,6.67,--,47,31349,买盘
1973,13:13:06,6.67,--,91,60697,买盘
1974,13:13:03,6.67,--,219,146073,买盘
1975,13:13:00,6.67,--,56,37352,买盘
1976,13:12:57,6.67,--,47,31349,买盘
1977,13:12:54,6.67,--,187,124729,买盘
1978,13:12:51,6.67,--,11,7337,买盘
1979,13:12:48,6.67,--,101,67367,买盘
1980,13:12:45,6.67,--,16,11312,买盘
1981,13:12:42,6.67,0.01,102,68034,买盘
1982,13:12:39,6.66,-0.01,105,69930,卖盘
1983,13:12:36,6.67,0.01,63,42021,买盘
1984,13:12:33,6.66,--,25,16650,卖盘
1985,13:12:30,6.66,-0.01,26,17316,卖盘
1986,13:12:27,6.67,--,34,22678,买盘
1987,13:12:24,6.67,0.01,22,14674,买盘
1988,13:12:21,6.66,--,143,95238,卖盘
1989,13:12:18,6.66,-0.01,59,39294,卖盘
1990,13:12:15,6.67,--,80,53360,买盘
1991,13:12:12,6.67,--,35,23345,买盘
1992,13:12:09,6.67,--,1057,705019,买盘
1993,13:12:06,6.67,--,155,103385,买盘
1994,13:12:03,6.67,--,21,14007,买盘
1995,13:12:00,6.67,--,85,56695,买盘
1996,13:11:57,6.67,--,55,36685,买盘
1997,13:11:54,6.67,--,121,80707,买盘
1998,13:11:51,6.67,--,6,4002,买盘
1999,13:11:48,6.67,--,375,250125,买盘
2000,13:11:45,6.67,0.01,114,76038,买盘
2001,13:11:42,6.66,--,9,5994,卖盘
2002,13:11:39,6.66,--,62,41292,卖盘
2003,13:11:36,6.66,0.01,589,392540,买盘
2004,13:11:33,6.65,-0.01,123,81795,卖盘
2005,13:11:30,6.66,--,259,172494,买盘
2006,13:11:27,6.66,--,271,180486,买盘
2007,13:11:24,6.66,--,371,247086,买盘
2008,13:11:21,6.66,0.01,119,79254,买盘
2009,13:11:18,6.65,-0.01,827,549955,卖盘
2010,13:11:15,6.66,--,22,14652,买盘
2011,13:11:12,6.66,--,489,325674,买盘
2012,13:11:09,6.66,--,94,62604,买盘
2013,13:11:06,6.66,--,58,38628,买盘
2014,13:11:03,6.66,--,192,127872,买盘
2015,13:11:00,6.66,--,68,45288,买盘
2016,13:10:57,6.66,--,183,121878,买盘
2017,13:10:54,6.66,0.01,20,13320,买盘
2018,13:10:51,6.65,-0.01,20,13300,卖盘
2019,13:10:48,6.66,--,169,112554,买盘
2020,13:10:45,6.66,0.01,64,42624,买盘
2021,13:10:42,6.65,-0.01,52,34580,卖盘
2022,13:10:39,6.66,--,82,54612,买盘
2023,13:10:36,6.66,--,2025,1348650,买盘
2024,13:10:33,6.66,--,287,191142,买盘
2025,13:10:30,6.66,--,103,68598,买盘
2026,13:10:27,6.66,--,2,1332,买盘
2027,13:10:24,6.66,--,58,38628,买盘
2028,13:10:21,6.66,--,178,118548,买盘
2029,13:10:18,6.66,--,173,115218,买盘
2030,13:10:15,6.66,--,89,59274,买盘
2031,13:10:12,6.66,0.01,193,128538,买盘
2032,13:10:09,6.65,--,108,71820,卖盘
2033,13:10:06,6.65,-0.01,50,33250,卖盘
2034,13:10:03,6.66,--,30,19980,买盘
2035,13:10:00,6.66,0.01,50,33300,买盘
2036,13:09:57,6.65,-0.01,21,13965,卖盘
2037,13:09:54,6.66,--,76,50616,买盘
2038,13:09:51,6.66,--,53,35298,买盘
2039,13:09:48,6.66,0.01,325,216450,买盘
2040,13:09:45,6.65,--,101,67165,卖盘
2041,13:09:42,6.65,--,199,132335,买盘
2042,13:09:39,6.65,--,29,19285,买盘
2043,13:09:36,6.65,--,53,35245,买盘
2044,13:09:33,6.65,--,489,325185,卖盘
2045,13:09:30,6.65,--,20,13300,卖盘
2046,13:09:27,6.65,--,27,17955,卖盘
2047,13:09:24,6.65,--,39,25935,卖盘
2048,13:09:21,6.65,-0.01,249,165585,卖盘
2049,13:09:18,6.66,0.01,140,93240,买盘
2050,13:09:15,6.65,--,97,64505,买盘
2051,13:09:12,6.65,--,49,32585,买盘
2052,13:09:09,6.65,--,240,159600,买盘
2053,13:09:06,6.65,--,20,13300,买盘
2054,13:09:03,6.65,--,108,71820,买盘
2055,13:09:00,6.65,--,31,20615,买盘
2056,13:08:57,6.65,--,331,220115,买盘
2057,13:08:54,6.65,--,24,15960,买盘
2058,13:08:51,6.65,--,185,123025,买盘
2059,13:08:48,6.65,--,19,12635,买盘
2060,13:08:45,6.65,0.01,85,56525,买盘
2061,13:08:42,6.64,--,32,21248,卖盘
2062,13:08:39,6.64,-0.01,304,201856,卖盘
2063,13:08:36,6.65,--,77,51205,买盘
2064,13:08:33,6.65,--,80,53200,买盘
2065,13:08:30,6.65,--,185,123025,卖盘
2066,13:08:27,6.65,-0.01,87,57855,卖盘
2067,13:08:24,6.66,--,2,1332,买盘
2068,13:08:18,6.66,0.01,132,87912,买盘
2069,13:08:15,6.65,--,34,22610,卖盘
2070,13:08:12,6.65,-0.01,1022,679630,卖盘
2071,13:08:09,6.66,0.01,16,10656,买盘
2072,13:08:06,6.65,-0.01,105,69825,卖盘
2073,13:08:03,6.66,--,25,16650,买盘
2074,13:08:00,6.66,--,1333,887778,买盘
2075,13:07:57,6.66,--,139,92574,买盘
2076,13:07:54,6.66,0.01,32,21312,买盘
2077,13:07:51,6.65,-0.01,11,7315,卖盘
2078,13:07:48,6.66,--,76,50616,买盘
2079,13:07:45,6.66,0.01,20,13320,买盘
2080,13:07:42,6.65,--,4,2660,卖盘
2081,13:07:39,6.65,--,652,433580,卖盘
2082,13:07:36,6.65,--,149,99085,卖盘
2083,13:07:33,6.65,--,718,477470,买盘
2084,13:07:30,6.65,0.01,112,74480,买盘
2085,13:07:27,6.64,-0.01,11,7304,卖盘
2086,13:07:24,6.65,--,68,45220,买盘
2087,13:07:21,6.65,--,301,200165,买盘
2088,13:07:18,6.65,--,37,24605,买盘
2089,13:07:15,6.65,0.01,183,121695,买盘
2090,13:07:12,6.64,-0.01,46,30544,卖盘
2091,13:07:09,6.65,--,454,301910,买盘
2092,13:07:06,6.65,--,101,67165,买盘
2093,13:07:03,6.65,0.01,154,102410,买盘
2094,13:07:00,6.64,-0.01,213,141432,卖盘
2095,13:06:54,6.65,--,68,45220,买盘
2096,13:06:51,6.65,--,6,3990,买盘
2097,13:06:48,6.65,--,144,95760,卖盘
2098,13:06:45,6.65,--,128,85120,买盘
2099,13:06:42,6.65,0.01,108,71820,买盘
2100,13:06:39,6.64,--,14,9296,卖盘
2101,13:06:36,6.64,-0.01,85,56440,卖盘
2102,13:06:33,6.65,--,358,238070,卖盘
2103,13:06:27,6.65,--,53,35245,买盘
2104,13:06:24,6.65,--,14,9310,买盘
2105,13:06:21,6.65,--,90,59850,买盘
2106,13:06:18,6.65,--,124,82460,买盘
2107,13:06:15,6.65,0.01,209,138985,买盘
2108,13:06:12,6.64,-0.01,105,69720,卖盘
2109,13:06:09,6.65,0.01,166,110390,买盘
2110,13:06:06,6.64,--,24,15936,卖盘
2111,13:06:03,6.64,--,221,146744,卖盘
2112,13:06:00,6.64,-0.01,242,160688,卖盘
2113,13:05:57,6.65,--,139,92435,买盘
2114,13:05:54,6.65,0.01,58,38570,买盘
2115,13:05:51,6.64,-0.01,72,47808,卖盘
2116,13:05:48,6.65,--,167,111055,买盘
2117,13:05:45,6.65,-0.01,2682,1783530,卖盘
2118,13:05:42,6.66,0.02,1895,1262070,买盘
2119,13:05:39,6.64,-0.01,120,79680,卖盘
2120,13:05:36,6.65,--,11,7315,买盘
2121,13:05:33,6.65,--,112,74480,买盘
2122,13:05:30,6.65,-0.01,136,90440,中性盘
2123,13:05:27,6.66,--,604,402264,买盘
2124,13:05:24,6.66,--,21,13986,买盘
2125,13:05:21,6.66,0.02,103,68598,买盘
2126,13:05:18,6.64,--,51,33864,卖盘
2127,13:05:15,6.64,-0.02,210,139440,卖盘
2128,13:05:12,6.66,--,501,333666,买盘
2129,13:05:09,6.66,--,69,45954,买盘
2130,13:05:06,6.66,0.01,54,35964,买盘
2131,13:05:03,6.65,-0.01,1,665,卖盘
2132,13:05:00,6.66,0.02,206,137196,买盘
2133,13:04:57,6.64,-0.01,151,100264,卖盘
2134,13:04:54,6.65,--,164,109060,买盘
2135,13:04:51,6.65,--,92,61180,买盘
2136,13:04:48,6.65,--,407,270655,卖盘
2137,13:04:45,6.65,--,167,111055,卖盘
2138,13:04:42,6.65,--,193,128345,卖盘
2139,13:04:39,6.65,--,212,140980,卖盘
2140,13:04:36,6.65,--,483,321195,卖盘
2141,13:04:33,6.65,-0.01,3,1995,卖盘
2142,13:04:30,6.66,0.01,122,81252,买盘
2143,13:04:24,6.65,--,30,19950,卖盘
2144,13:04:21,6.65,--,652,433580,卖盘
2145,13:04:18,6.65,--,102,67830,卖盘
2146,13:04:15,6.65,--,25,16625,卖盘
2147,13:04:12,6.65,--,169,112385,买盘
2148,13:04:09,6.65,--,97,64505,买盘
2149,13:04:06,6.65,--,211,140315,买盘
2150,13:04:03,6.65,--,230,152950,买盘
2151,13:04:00,6.65,--,92,61180,买盘
2152,13:03:57,6.65,--,241,160265,买盘
2153,13:03:54,6.65,--,180,119700,卖盘
2154,13:03:51,6.65,0.01,403,267995,买盘
2155,13:03:48,6.64,-0.01,20,13280,卖盘
2156,13:03:45,6.65,--,223,148295,买盘
2157,13:03:42,6.65,--,661,439565,卖盘
2158,13:03:39,6.65,--,29,19285,卖盘
2159,13:03:36,6.65,--,21,13965,卖盘
2160,13:03:33,6.65,--,3,1995,卖盘
2161,13:03:30,6.65,--,940,625100,买盘
2162,13:03:27,6.65,--,45,29925,买盘
2163,13:03:24,6.65,--,56,37240,买盘
2164,13:03:21,6.65,0.01,147,97755,买盘
2165,13:03:18,6.64,-0.01,30,19920,卖盘
2166,13:03:15,6.65,--,218,144970,买盘
2167,13:03:12,6.65,--,22,14630,买盘
2168,13:03:09,6.65,0.01,805,535325,买盘
2169,13:03:06,6.64,-0.01,132,87648,卖盘
2170,13:03:03,6.65,0.01,121,80465,买盘
2171,13:03:00,6.64,-0.01,94,62416,卖盘
2172,13:02:57,6.65,0.01,99,65835,买盘
2173,13:02:54,6.64,-0.01,647,429608,卖盘
2174,13:02:51,6.65,0.01,45,29925,买盘
2175,13:02:48,6.64,-0.01,94,62416,卖盘
2176,13:02:45,6.65,--,26,17290,买盘
2177,13:02:42,6.65,0.01,275,182875,买盘
2178,13:02:39,6.64,--,22,14608,卖盘
2179,13:02:36,6.64,--,57,37848,卖盘
2180,13:02:33,6.64,-0.01,144,95616,卖盘
2181,13:02:30,6.65,--,116,77140,买盘
2182,13:02:27,6.65,--,754,501410,买盘
2183,13:02:24,6.65,--,58,38570,买盘
2184,13:02:21,6.65,--,416,276640,买盘
2185,13:02:18,6.65,--,174,115710,买盘
2186,13:02:15,6.65,--,241,160265,买盘
2187,13:02:12,6.65,--,309,205485,买盘
2188,13:02:09,6.65,--,15,9975,买盘
2189,13:02:06,6.65,--,148,98420,买盘
2190,13:02:03,6.65,--,314,208810,买盘
2191,13:02:00,6.65,--,39,25935,买盘
2192,13:01:57,6.65,--,100,66500,买盘
2193,13:01:54,6.65,--,13,8645,买盘
2194,13:01:51,6.65,--,45,29925,买盘
2195,13:01:48,6.65,--,120,79800,买盘
2196,13:01:45,6.65,--,584,388360,买盘
2197,13:01:42,6.65,--,13,8645,买盘
2198,13:01:39,6.65,0.01,407,270655,买盘
2199,13:01:36,6.64,-0.01,375,249000,卖盘
2200,13:01:33,6.65,0.01,59,39235,买盘
2201,13:01:30,6.64,-0.01,117,77688,卖盘
2202,13:01:27,6.65,--,815,541975,买盘
2203,13:01:24,6.65,--,6,3990,买盘
2204,13:01:21,6.65,--,152,101080,买盘
2205,13:01:18,6.65,--,20,13300,卖盘
2206,13:01:15,6.65,--,527,350455,卖盘
2207,13:01:12,6.65,--,220,146845,买盘
2208,13:01:09,6.65,--,1334,887110,买盘
2209,13:01:06,6.65,--,178,118370,买盘
2210,13:01:03,6.65,-0.01,1153,766864,卖盘
2211,13:01:00,6.66,0.01,4,2664,买盘
2212,13:00:57,6.65,--,716,476140,卖盘
2213,13:00:54,6.65,-0.01,96,63840,卖盘
2214,13:00:51,6.66,--,204,135864,买盘
2215,13:00:48,6.66,--,85,56610,买盘
2216,13:00:45,6.66,--,37,24642,买盘
2217,13:00:42,6.66,--,16,10656,买盘
2218,13:00:39,6.66,0.01,40,26640,买盘
2219,13:00:36,6.65,--,130,86450,卖盘
2220,13:00:33,6.65,--,40,26600,卖盘
2221,13:00:30,6.65,--,6,3990,卖盘
2222,13:00:27,6.65,-0.01,177,117705,卖盘
2223,13:00:24,6.66,0.01,10,6660,买盘
2224,13:00:21,6.65,-0.01,55,36575,卖盘
2225,13:00:15,6.66,-0.01,180,119880,卖盘
2226,13:00:12,6.67,--,400,266800,买盘
2227,13:00:09,6.67,0.01,581,387527,买盘
2228,13:00:06,6.66,--,15548,10354968,卖盘
2229,13:00:03,6.66,--,6922,4610598,卖盘
2230,13:00:00,6.66,--,0,0,卖盘
2231,11:30:00,6.66,-0.01,227,151182,卖盘
2232,11:29:57,6.67,--,30,20010,买盘
2233,11:29:54,6.67,--,56,37352,买盘
2234,11:29:51,6.67,--,70,46690,买盘
2235,11:29:48,6.67,--,33,22011,买盘
2236,11:29:45,6.67,--,24,16008,买盘
2237,11:29:42,6.67,--,294,196218,卖盘
2238,11:29:39,6.67,--,513,342171,卖盘
2239,11:29:36,6.67,--,39,26013,卖盘
2240,11:29:33,6.67,-0.01,382,254794,卖盘
2241,11:29:30,6.68,0.01,151,100868,买盘
2242,11:29:27,6.67,--,319,212773,卖盘
2243,11:29:24,6.67,--,419,279473,卖盘
2244,11:29:18,6.67,--,100,66700,卖盘
2245,11:29:15,6.67,--,117,78585,买盘
2246,11:29:12,6.67,--,66,44022,买盘
2247,11:29:09,6.67,--,12,8004,买盘
2248,11:29:06,6.67,0.01,85,56695,买盘
2249,11:29:03,6.66,-0.01,139,92693,卖盘
2250,11:29:00,6.67,--,50,33350,卖盘
2251,11:28:57,6.67,-0.01,1,667,卖盘
2252,11:28:54,6.68,0.01,134,89512,买盘
2253,11:28:51,6.67,--,45,30015,卖盘
2254,11:28:48,6.67,0.01,274,183304,买盘
2255,11:28:45,6.66,--,801,533466,卖盘
2256,11:28:42,6.66,-0.01,538,358308,卖盘
2257,11:28:39,6.67,--,31,20677,买盘
2258,11:28:36,6.67,0.01,58,38686,买盘
2259,11:28:33,6.66,-0.01,735,489629,卖盘
2260,11:28:30,6.67,-0.01,604,402868,卖盘
2261,11:28:27,6.68,0.01,97,64796,买盘
2262,11:28:24,6.67,-0.01,87,58029,卖盘
2263,11:28:21,6.68,0.01,94,62792,买盘
2264,11:28:18,6.67,--,420,280140,卖盘
2265,11:28:15,6.67,-0.01,46,30682,卖盘
2266,11:28:12,6.68,0.01,64,42752,买盘
2267,11:28:09,6.67,--,135,90045,卖盘
2268,11:28:06,6.67,-0.01,113,75371,卖盘
2269,11:28:03,6.68,--,10,6680,买盘
2270,11:28:00,6.68,0.01,60,40080,买盘
2271,11:27:57,6.67,-0.01,502,334834,卖盘
2272,11:27:51,6.68,--,13,8684,卖盘
2273,11:27:48,6.68,--,23,15364,卖盘
2274,11:27:45,6.68,--,13,8684,卖盘
2275,11:27:42,6.68,0.01,834,557112,买盘
2276,11:27:39,6.67,--,318,212106,卖盘
2277,11:27:36,6.67,--,590,393530,卖盘
2278,11:27:33,6.67,--,112,74704,卖盘
2279,11:27:30,6.67,--,737,491579,卖盘
2280,11:27:27,6.67,--,242,161414,卖盘
2281,11:27:24,6.67,--,1035,690345,卖盘
2282,11:27:21,6.67,-0.01,48,32016,卖盘
2283,11:27:18,6.68,--,156,104208,买盘
2284,11:27:15,6.68,0.01,293,195724,买盘
2285,11:27:12,6.67,--,192,128064,卖盘
2286,11:27:09,6.67,-0.01,50,33350,卖盘
2287,11:27:06,6.68,0.01,62,41416,买盘
2288,11:27:03,6.67,--,82,54694,卖盘
2289,11:27:00,6.67,-0.01,124,82708,卖盘
2290,11:26:57,6.68,--,56,37408,卖盘
2291,11:26:54,6.68,-0.01,165,110220,卖盘
2292,11:26:51,6.69,0.01,409,273621,买盘
2293,11:26:48,6.68,-0.01,186,124248,卖盘
2294,11:26:45,6.69,0.01,56,37464,买盘
2295,11:26:42,6.68,--,139,92852,卖盘
2296,11:26:39,6.68,--,237,158316,卖盘
2297,11:26:36,6.68,--,25,16700,卖盘
2298,11:26:33,6.68,--,432,288576,卖盘
2299,11:26:30,6.68,--,176,117568,卖盘
2300,11:26:27,6.68,--,55,36740,卖盘
2301,11:26:24,6.68,-0.01,130,86840,卖盘
2302,11:26:21,6.69,0.01,105,70245,买盘
2303,11:26:18,6.68,--,140,93520,卖盘
2304,11:26:15,6.68,--,352,235136,卖盘
2305,11:26:12,6.68,--,768,513024,买盘
2306,11:26:09,6.68,0.01,51,34068,买盘
2307,11:26:06,6.67,-0.01,214,142738,卖盘
2308,11:26:03,6.68,--,98,65464,买盘
2309,11:26:00,6.68,--,283,189044,买盘
2310,11:25:57,6.68,--,62,41416,买盘
2311,11:25:54,6.68,0.01,216,144288,买盘
2312,11:25:51,6.67,-0.01,90,60030,卖盘
2313,11:25:48,6.68,0.01,900,601200,买盘
2314,11:25:45,6.67,--,61,40687,卖盘
2315,11:25:42,6.67,--,74,49358,卖盘
2316,11:25:39,6.67,-0.01,166,110722,卖盘
2317,11:25:36,6.68,--,38,25384,买盘
2318,11:25:33,6.68,0.01,43,28724,买盘
2319,11:25:30,6.67,-0.02,1000,667000,卖盘
2320,11:25:27,6.69,--,66,44154,买盘
2321,11:25:24,6.69,--,33,22077,买盘
2322,11:25:18,6.69,--,10,6690,买盘
2323,11:25:15,6.69,--,155,103695,卖盘
2324,11:25:12,6.69,0.01,311,208059,买盘
2325,11:25:09,6.68,-0.01,1291,862962,卖盘
2326,11:25:06,6.69,--,220,147180,卖盘
2327,11:25:03,6.69,--,2531,1693239,卖盘
2328,11:24:57,6.69,--,130,86970,买盘
2329,11:24:54,6.69,--,662,442878,卖盘
2330,11:24:51,6.69,--,30,20070,卖盘
2331,11:24:48,6.69,--,65,43485,买盘
2332,11:24:45,6.69,--,1501,1004169,卖盘
2333,11:24:42,6.69,0.01,25,16725,买盘
2334,11:24:39,6.68,--,19,12692,卖盘
2335,11:24:36,6.68,-0.01,802,535736,卖盘
2336,11:24:33,6.69,--,108,72252,买盘
2337,11:24:30,6.69,--,106,70914,卖盘
2338,11:24:27,6.69,0.01,41,27429,卖盘
2339,11:24:24,6.68,-0.02,488,325984,卖盘
2340,11:24:21,6.7,--,299,200330,买盘
2341,11:24:18,6.7,0.01,38,25460,买盘
2342,11:24:15,6.69,--,85,56865,卖盘
2343,11:24:12,6.69,-0.01,3,2007,卖盘
2344,11:24:09,6.7,0.02,157,105190,买盘
2345,11:24:06,6.68,-0.01,4894,3269192,卖盘
2346,11:24:03,6.69,-0.01,73,48837,卖盘
2347,11:24:00,6.7,--,9,6030,中性盘
2348,11:23:57,6.7,0.01,11,7370,中性盘
2349,11:23:54,6.69,-0.01,578,386682,卖盘
2350,11:23:51,6.7,0.01,81,54270,买盘
2351,11:23:48,6.69,-0.01,298,199362,卖盘
2352,11:23:45,6.7,0.01,43,28810,买盘
2353,11:23:42,6.69,-0.01,2,1338,卖盘
2354,11:23:39,6.7,0.01,3,2010,买盘
2355,11:23:36,6.69,-0.01,85,56865,卖盘
2356,11:23:33,6.7,0.01,224,150080,买盘
2357,11:23:30,6.69,-0.01,142,94998,卖盘
2358,11:23:27,6.7,--,88,58960,买盘
2359,11:23:24,6.7,--,124,83080,买盘
2360,11:23:21,6.7,--,131,87770,买盘
2361,11:23:18,6.7,--,60,40200,买盘
2362,11:23:15,6.7,--,16,10720,买盘
2363,11:23:12,6.7,--,32,21440,买盘
2364,11:23:09,6.7,--,104,69680,买盘
2365,11:23:06,6.7,-0.01,422,282740,卖盘
2366,11:23:03,6.71,0.01,21,14091,买盘
2367,11:23:00,6.7,--,68,45560,卖盘
2368,11:22:57,6.7,--,99,66330,买盘
2369,11:22:54,6.7,--,201,134670,卖盘
2370,11:22:51,6.7,--,100,67000,卖盘
2371,11:22:48,6.7,-0.01,123,82410,卖盘
2372,11:22:45,6.71,0.01,176,118096,买盘
2373,11:22:42,6.7,-0.01,439,294130,卖盘
2374,11:22:39,6.71,--,149,99979,买盘
2375,11:22:36,6.71,0.01,188,126148,买盘
2376,11:22:33,6.7,--,677,453590,买盘
2377,11:22:30,6.7,--,1,670,买盘
2378,11:22:27,6.7,--,228,152760,卖盘
2379,11:22:24,6.7,--,73,48910,卖盘
2380,11:22:21,6.7,--,216,144720,买盘
2381,11:22:18,6.7,0.01,75,50250,买盘
2382,11:22:15,6.69,-0.01,22,14718,卖盘
2383,11:22:12,6.7,--,237,158790,买盘
2384,11:22:09,6.7,--,33,22110,买盘
2385,11:22:06,6.7,--,112,75040,卖盘
2386,11:22:03,6.7,-0.01,43,28810,中性盘
2387,11:22:00,6.71,0.01,148,99308,买盘
2388,11:21:57,6.7,--,221,148070,买盘
2389,11:21:54,6.7,--,57,38190,买盘
2390,11:21:48,6.7,--,89,59630,买盘
2391,11:21:45,6.7,0.01,4,2680,买盘
2392,11:21:42,6.69,--,80,53520,卖盘
2393,11:21:39,6.69,--,71,47499,卖盘
2394,11:21:36,6.69,-0.01,328,219432,卖盘
2395,11:21:33,6.7,0.01,176,117920,买盘
2396,11:21:30,6.69,--,73,48837,卖盘
2397,11:21:27,6.69,-0.01,11,7359,卖盘
2398,11:21:24,6.7,0.01,3,2010,买盘
2399,11:21:21,6.69,--,25,16725,卖盘
2400,11:21:18,6.69,--,45,30105,卖盘
2401,11:21:15,6.69,-0.01,815,545235,卖盘
2402,11:21:12,6.7,--,46,30820,买盘
2403,11:21:09,6.7,--,178,119394,卖盘
2404,11:21:06,6.7,0.01,160,107736,买盘
2405,11:21:03,6.69,--,190,127110,卖盘
2406,11:21:00,6.69,-0.01,383,256227,卖盘
2407,11:20:57,6.7,--,354,237180,买盘
2408,11:20:54,6.7,--,210,140700,买盘
2409,11:20:51,6.7,0.01,66,44220,买盘
2410,11:20:48,6.69,-0.01,131,87639,卖盘
2411,11:20:45,6.7,--,71,47570,买盘
2412,11:20:42,6.7,--,76,50920,买盘
2413,11:20:39,6.7,--,80,53734,卖盘
2414,11:20:36,6.7,-0.01,37,24790,卖盘
2415,11:20:33,6.71,0.01,152,102528,买盘
2416,11:20:30,6.7,0.01,66,44220,买盘
2417,11:20:27,6.69,-0.01,163,109047,卖盘
2418,11:20:24,6.7,--,68,45560,买盘
2419,11:20:21,6.7,--,106,71020,买盘
2420,11:20:18,6.7,--,69,46230,卖盘
2421,11:20:15,6.7,--,33,22110,卖盘
2422,11:20:12,6.7,--,92,61640,买盘
2423,11:20:09,6.7,--,237,158790,卖盘
2424,11:20:06,6.7,--,20,13400,卖盘
2425,11:20:03,6.7,-0.01,320,214400,卖盘
2426,11:20:00,6.71,0.02,90,60390,买盘
2427,11:19:57,6.69,-0.02,35,23415,卖盘
2428,11:19:54,6.71,0.01,2559,1717089,买盘
2429,11:19:51,6.7,0.01,72,48240,中性盘
2430,11:19:48,6.69,-0.02,600,401400,卖盘
2431,11:19:45,6.71,0.01,1,671,买盘
2432,11:19:42,6.7,0.01,319,213730,买盘
2433,11:19:39,6.69,-0.01,81,54189,卖盘
2434,11:19:36,6.7,0.01,73,48910,买盘
2435,11:19:33,6.69,-0.01,298,199362,卖盘
2436,11:19:30,6.7,--,131,87770,买盘
2437,11:19:27,6.7,--,8,5360,买盘
2438,11:19:24,6.7,--,58,38860,买盘
2439,11:19:21,6.7,--,528,353760,买盘
2440,11:19:18,6.7,--,25,16750,买盘
2441,11:19:15,6.7,--,116,77720,买盘
2442,11:19:12,6.7,0.01,20,13400,卖盘
2443,11:19:09,6.69,-0.01,130,86970,卖盘
2444,11:19:06,6.7,--,120,80400,买盘
2445,11:19:03,6.7,-0.01,442,296140,卖盘
2446,11:19:00,6.71,0.01,260,174460,买盘
2447,11:18:57,6.7,-0.01,65,43550,卖盘
2448,11:18:54,6.71,0.01,8,5368,买盘
2449,11:18:51,6.7,--,101,67670,卖盘
2450,11:18:48,6.7,--,60,40200,卖盘
2451,11:18:45,6.7,--,308,206360,买盘
2452,11:18:42,6.7,--,30,20100,买盘
2453,11:18:39,6.7,0.01,26,17420,买盘
2454,11:18:36,6.69,-0.01,161,107709,卖盘
2455,11:18:33,6.7,--,128,85760,买盘
2456,11:18:30,6.7,--,35,23450,买盘
2457,11:18:27,6.7,--,72,48240,买盘
2458,11:18:24,6.7,--,30,20100,买盘
2459,11:18:21,6.7,--,70,46900,买盘
2460,11:18:18,6.7,--,86,57620,买盘
2461,11:18:15,6.7,--,127,85090,卖盘
2462,11:18:12,6.7,--,64,42880,买盘
2463,11:18:09,6.7,--,52,34840,买盘
2464,11:18:06,6.7,--,241,161470,卖盘
2465,11:18:03,6.7,-0.01,31,20770,卖盘
2466,11:18:00,6.71,0.01,114,76494,买盘
2467,11:17:57,6.7,-0.01,300,201000,卖盘
2468,11:17:54,6.71,0.01,3,2013,买盘
2469,11:17:51,6.7,--,32,21440,卖盘
2470,11:17:45,6.7,--,81,54270,买盘
2471,11:17:42,6.7,--,43,28810,买盘
2472,11:17:39,6.7,--,259,173530,买盘
2473,11:17:36,6.7,--,381,255270,卖盘
2474,11:17:33,6.7,--,3,2010,卖盘
2475,11:17:30,6.7,--,220,147400,卖盘
2476,11:17:27,6.7,-0.01,22,14740,卖盘
2477,11:17:24,6.71,--,1,671,买盘
2478,11:17:21,6.71,0.01,326,218746,买盘
2479,11:17:18,6.7,-0.01,46,30820,卖盘
2480,11:17:12,6.71,0.01,20,13420,买盘
2481,11:17:09,6.7,--,25,16750,卖盘
2482,11:17:06,6.7,-0.01,20,13400,卖盘
2483,11:17:03,6.71,--,20,13420,买盘
2484,11:17:00,6.71,0.01,90,60390,买盘
2485,11:16:57,6.7,--,79,52930,卖盘
2486,11:16:54,6.7,--,49,32830,卖盘
2487,11:16:51,6.7,0.01,5,3350,卖盘
2488,11:16:48,6.69,-0.01,477,319755,卖盘
2489,11:16:45,6.7,--,124,83080,买盘
2490,11:16:42,6.7,--,176,117920,买盘
2491,11:16:39,6.7,--,373,249910,买盘
2492,11:16:36,6.7,0.01,30,20100,买盘
2493,11:16:33,6.69,-0.01,103,68907,卖盘
2494,11:16:30,6.7,0.01,65,43550,买盘
2495,11:16:27,6.69,-0.01,406,271614,卖盘
2496,11:16:24,6.7,--,74,49580,买盘
2497,11:16:21,6.7,0.01,1596,1069320,买盘
2498,11:16:12,6.69,--,92,61548,买盘
2499,11:16:09,6.69,--,150,100350,买盘
2500,11:16:06,6.69,-0.01,81,54189,卖盘
2501,11:16:03,6.7,0.01,501,335670,买盘
2502,11:16:00,6.69,-0.01,112,74928,卖盘
2503,11:15:57,6.7,0.01,604,404680,买盘
2504,11:15:54,6.69,-0.01,23,15387,卖盘
2505,11:15:51,6.7,0.01,67,44890,买盘
2506,11:15:48,6.69,-0.01,73,48837,卖盘
2507,11:15:45,6.7,0.01,171,114570,买盘
2508,11:15:42,6.69,--,124,82956,卖盘
2509,11:15:39,6.69,--,10,6690,卖盘
2510,11:15:36,6.69,--,2,1338,卖盘
2511,11:15:33,6.69,--,268,179292,卖盘
2512,11:15:30,6.69,-0.01,942,630198,卖盘
2513,11:15:27,6.7,0.01,31,20770,买盘
2514,11:15:24,6.69,-0.01,12,8028,卖盘
2515,11:15:21,6.7,0.02,357,239190,买盘
2516,11:15:18,6.68,-0.01,91,60788,卖盘
2517,11:15:15,6.69,--,50,33450,买盘
2518,11:15:12,6.69,0.01,285,190665,买盘
2519,11:15:09,6.68,-0.01,202,134936,卖盘
2520,11:15:06,6.69,0.01,242,161898,买盘
2521,11:15:03,6.68,-0.01,283,189044,卖盘
2522,11:15:00,6.69,0.01,135,90315,买盘
2523,11:14:57,6.68,-0.01,373,249164,卖盘
2524,11:14:54,6.69,0.01,26,17394,买盘
2525,11:14:51,6.68,-0.01,54,36072,卖盘
2526,11:14:48,6.69,0.01,70,46830,买盘
2527,11:14:45,6.68,-0.01,38,25384,卖盘
2528,11:14:42,6.69,--,87,58203,买盘
2529,11:14:39,6.69,--,38,25422,买盘
2530,11:14:36,6.69,--,67,44823,买盘
2531,11:14:33,6.69,-0.01,2092,1399548,卖盘
2532,11:14:30,6.7,0.01,79,52930,买盘
2533,11:14:27,6.69,-0.01,2,1338,卖盘
2534,11:14:24,6.7,--,267,178890,买盘
2535,11:14:21,6.7,0.01,14,9380,买盘
2536,11:14:18,6.69,-0.01,48,32112,卖盘
2537,11:14:15,6.7,0.01,85,56950,买盘
2538,11:14:09,6.69,-0.01,9,6021,卖盘
2539,11:14:06,6.7,--,57,38190,买盘
2540,11:14:03,6.7,--,84,56280,买盘
2541,11:14:00,6.7,--,238,159460,买盘
2542,11:13:57,6.7,0.01,141,94470,买盘
2543,11:13:54,6.69,--,209,139821,卖盘
2544,11:13:51,6.69,-0.01,50,33450,卖盘
2545,11:13:48,6.7,0.01,1,670,买盘
2546,11:13:45,6.69,-0.01,64,42816,卖盘
2547,11:13:42,6.7,--,88,58960,买盘
2548,11:13:39,6.7,--,16,10720,买盘
2549,11:13:36,6.7,0.01,24,16080,买盘
2550,11:13:33,6.69,-0.01,94,62886,卖盘
2551,11:13:30,6.7,0.01,87,58290,买盘
2552,11:13:27,6.69,-0.01,1132,757308,卖盘
2553,11:13:24,6.7,--,249,166830,买盘
2554,11:13:21,6.7,0.01,24,16080,买盘
2555,11:13:18,6.69,-0.01,102,68238,卖盘
2556,11:13:15,6.7,--,92,61640,买盘
2557,11:13:12,6.7,--,258,172860,买盘
2558,11:13:09,6.7,0.01,30,20100,买盘
2559,11:13:06,6.69,-0.01,43,28767,卖盘
2560,11:13:03,6.7,-0.01,1474,987606,卖盘
2561,11:13:00,6.71,--,137,91927,买盘
2562,11:12:57,6.71,0.01,16,10736,买盘
2563,11:12:54,6.7,--,96,64320,卖盘
2564,11:12:51,6.7,-0.01,25,16750,卖盘
2565,11:12:48,6.71,0.01,232,155672,买盘
2566,11:12:45,6.7,-0.01,386,258620,卖盘
2567,11:12:42,6.71,--,21,14091,买盘
2568,11:12:39,6.71,0.01,19,12749,买盘
2569,11:12:36,6.7,--,48,32160,卖盘
2570,11:12:33,6.7,--,59,39530,卖盘
2571,11:12:30,6.7,-0.01,364,243880,卖盘
2572,11:12:27,6.71,0.02,400,269044,买盘
2573,11:12:24,6.69,-0.01,74,49506,卖盘
2574,11:12:21,6.7,-0.01,657,440216,卖盘
2575,11:12:18,6.71,0.02,1605,1077599,买盘
2576,11:12:15,6.69,--,787,526503,卖盘
2577,11:12:12,6.69,--,2409,1611621,卖盘
2578,11:12:09,6.69,--,39,26091,卖盘
2579,11:12:06,6.69,--,151,101019,卖盘
2580,11:12:03,6.69,--,170,113730,卖盘
2581,11:12:00,6.69,-0.01,120,80280,卖盘
2582,11:11:57,6.7,--,195,130650,买盘
2583,11:11:54,6.7,0.01,10,6700,买盘
2584,11:11:51,6.69,--,187,125103,卖盘
2585,11:11:48,6.69,--,186,124434,卖盘
2586,11:11:45,6.69,--,140,93660,卖盘
2587,11:11:42,6.69,-0.01,179,119751,卖盘
2588,11:11:39,6.7,0.01,52,34840,买盘
2589,11:11:36,6.69,--,225,150525,卖盘
2590,11:11:33,6.69,-0.01,89,59541,卖盘
2591,11:11:30,6.7,0.02,16,10720,买盘
2592,11:11:27,6.68,--,380,253840,卖盘
2593,11:11:24,6.68,-0.01,1449,967932,卖盘
2594,11:11:21,6.69,0.01,446,298374,买盘
2595,11:11:18,6.68,-0.01,993,663324,卖盘
2596,11:11:15,6.69,--,116,77604,买盘
2597,11:11:12,6.69,--,1182,790758,买盘
2598,11:11:09,6.69,--,204,136476,买盘
2599,11:11:06,6.69,--,200,133800,买盘
2600,11:11:03,6.69,--,229,153201,买盘
2601,11:11:00,6.69,--,285,190665,买盘
2602,11:10:57,6.69,--,389,260241,卖盘
2603,11:10:54,6.69,--,1500,1003500,买盘
2604,11:10:51,6.69,0.01,303,202707,买盘
2605,11:10:48,6.68,--,661,441548,卖盘
2606,11:10:45,6.68,--,113,75484,卖盘
2607,11:10:42,6.68,--,908,606544,卖盘
2608,11:10:39,6.68,--,120,80160,卖盘
2609,11:10:36,6.68,-0.01,390,260520,卖盘
2610,11:10:33,6.69,--,388,259572,买盘
2611,11:10:30,6.69,--,322,215418,买盘
2612,11:10:27,6.69,--,159,106371,买盘
2613,11:10:24,6.69,--,728,487032,买盘
2614,11:10:21,6.69,--,138,92322,买盘
2615,11:10:18,6.69,--,522,349218,买盘
2616,11:10:15,6.69,-0.01,2042,1366659,卖盘
2617,11:10:12,6.7,--,137,91790,买盘
2618,11:10:09,6.7,--,77,51590,买盘
2619,11:10:06,6.7,--,7,4690,买盘
2620,11:10:03,6.7,--,1700,1139000,卖盘
2621,11:10:00,6.7,--,289,193630,卖盘
2622,11:09:57,6.7,-0.01,108,72360,卖盘
2623,11:09:54,6.71,0.01,151,101321,买盘
2624,11:09:51,6.7,--,93,62310,卖盘
2625,11:09:48,6.7,--,792,530640,买盘
2626,11:09:45,6.7,--,1570,1051900,卖盘
2627,11:09:42,6.7,--,1262,845540,卖盘
2628,11:09:39,6.7,--,2691,1803077,卖盘
2629,11:09:36,6.7,--,323,216410,卖盘
2630,11:09:33,6.7,--,580,388600,卖盘
2631,11:09:30,6.7,-0.01,276,184920,卖盘
2632,11:09:27,6.71,0.01,4232,2839672,买盘
2633,11:09:24,6.7,-0.01,713,477710,卖盘
2634,11:09:21,6.71,--,52,34892,买盘
2635,11:09:15,6.71,--,511,342881,卖盘
2636,11:09:12,6.71,-0.01,2139,1435269,卖盘
2637,11:09:09,6.72,0.01,130,87360,买盘
2638,11:09:06,6.71,-0.01,1401,940071,卖盘
2639,11:09:03,6.72,--,184,123648,买盘
2640,11:09:00,6.72,--,48,32256,买盘
2641,11:08:57,6.72,--,641,430752,买盘
2642,11:08:54,6.72,--,49,32928,买盘
2643,11:08:51,6.72,--,21,14112,买盘
2644,11:08:48,6.72,--,50,33600,买盘
2645,11:08:45,6.72,0.01,49,32928,买盘
2646,11:08:42,6.71,-0.01,84,56364,卖盘
2647,11:08:39,6.72,--,338,227673,卖盘
2648,11:08:36,6.72,--,23,15456,卖盘
2649,11:08:33,6.72,--,80,53760,卖盘
2650,11:08:30,6.72,-0.01,45,30240,卖盘
2651,11:08:27,6.73,0.01,1,673,买盘
2652,11:08:24,6.72,--,20,13440,卖盘
2653,11:08:21,6.72,--,1635,1098720,卖盘
2654,11:08:18,6.72,-0.01,128,86016,卖盘
2655,11:08:15,6.73,--,7,4711,买盘
2656,11:08:09,6.73,--,10,6730,买盘
2657,11:08:06,6.73,0.01,21,14133,中性盘
2658,11:08:03,6.72,-0.02,514,345676,卖盘
2659,11:07:57,6.74,0.01,119,80206,买盘
2660,11:07:54,6.73,--,3,2019,买盘
2661,11:07:48,6.73,--,109,73895,买盘
2662,11:07:45,6.73,--,217,146041,买盘
2663,11:07:42,6.73,--,69,46437,买盘
2664,11:07:39,6.73,--,51,34323,买盘
2665,11:07:36,6.73,--,26,17498,买盘
2666,11:07:33,6.73,0.01,3,2019,买盘
2667,11:07:30,6.72,--,52,34944,卖盘
2668,11:07:27,6.72,--,16,10752,卖盘
2669,11:07:24,6.72,-0.01,229,153888,卖盘
2670,11:07:21,6.73,--,64,43072,买盘
2671,11:07:18,6.73,--,22,14806,买盘
2672,11:07:15,6.73,--,2,1346,买盘
2673,11:07:12,6.73,0.01,123,82779,买盘
2674,11:07:06,6.72,-0.01,42,28224,卖盘
2675,11:07:03,6.73,--,122,82106,买盘
2676,11:07:00,6.73,0.01,31,20863,买盘
2677,11:06:57,6.72,-0.01,110,73920,卖盘
2678,11:06:54,6.73,0.01,158,106334,买盘
2679,11:06:51,6.72,-0.01,14,9408,卖盘
2680,11:06:48,6.73,--,1,673,买盘
2681,11:06:45,6.73,0.01,21,14133,买盘
2682,11:06:39,6.72,-0.01,233,156576,卖盘
2683,11:06:36,6.73,--,16,10768,买盘
2684,11:06:33,6.73,0.01,170,114410,买盘
2685,11:06:30,6.72,-0.01,56,37632,卖盘
2686,11:06:27,6.73,--,389,261797,买盘
2687,11:06:18,6.73,--,25,16825,买盘
2688,11:06:15,6.73,0.01,28,18844,买盘
2689,11:06:12,6.72,-0.01,11,7392,卖盘
2690,11:06:06,6.73,--,31,20863,买盘
2691,11:06:03,6.73,0.01,161,108353,买盘
2692,11:06:00,6.72,-0.01,261,175392,卖盘
2693,11:05:57,6.73,--,90,60570,买盘
2694,11:05:54,6.73,0.01,7,4711,买盘
2695,11:05:51,6.72,--,10,6720,卖盘
2696,11:05:48,6.72,-0.01,139,93408,卖盘
2697,11:05:45,6.73,0.01,16,10768,买盘
2698,11:05:42,6.72,--,40,26880,卖盘
2699,11:05:39,6.72,--,295,198240,卖盘
2700,11:05:36,6.72,--,2,1344,卖盘
2701,11:05:33,6.72,-0.01,50,33600,卖盘
2702,11:05:30,6.73,0.01,8,5384,买盘
2703,11:05:27,6.72,--,25,16800,卖盘
2704,11:05:24,6.72,--,41,27552,卖盘
2705,11:05:21,6.72,-0.01,34,22848,卖盘
2706,11:05:18,6.73,0.01,135,90855,买盘
2707,11:05:15,6.72,-0.01,50,33600,卖盘
2708,11:05:09,6.73,--,31,20863,买盘
2709,11:05:06,6.73,--,599,403127,卖盘
2710,11:05:00,6.73,-0.01,32,21536,卖盘
2711,11:04:57,6.74,--,105,70770,买盘
2712,11:04:54,6.74,0.01,64,43136,买盘
2713,11:04:51,6.73,--,1,673,卖盘
2714,11:04:45,6.73,-0.01,333,224109,卖盘
2715,11:04:42,6.74,--,124,83576,买盘
2716,11:04:39,6.74,--,50,33700,买盘
2717,11:04:36,6.74,0.01,1,674,买盘
2718,11:04:33,6.73,--,71,47783,卖盘
2719,11:04:30,6.73,-0.01,10,6730,卖盘
2720,11:04:27,6.74,--,16,10784,买盘
2721,11:04:24,6.74,-0.01,221,148954,卖盘
2722,11:04:21,6.75,0.01,6,4050,买盘
2723,11:04:18,6.74,--,60,40440,卖盘
2724,11:04:15,6.74,--,334,225116,卖盘
2725,11:04:12,6.74,-0.01,51,34374,卖盘
2726,11:04:09,6.75,--,6,4050,买盘
2727,11:04:06,6.75,--,56,37800,买盘
2728,11:04:03,6.75,--,5,3375,买盘
2729,11:04:00,6.75,--,6,4050,买盘
2730,11:03:57,6.75,--,105,70875,买盘
2731,11:03:54,6.75,0.01,37,24975,买盘
2732,11:03:51,6.74,-0.01,15,10110,卖盘
2733,11:03:48,6.75,--,26,17550,买盘
2734,11:03:45,6.75,--,13,8775,买盘
2735,11:03:42,6.75,--,51,34425,买盘
2736,11:03:36,6.75,0.01,36,24300,中性盘
2737,11:03:33,6.74,--,36,24264,卖盘
2738,11:03:30,6.74,-0.01,82,55268,卖盘
2739,11:03:27,6.75,--,92,62100,买盘
2740,11:03:24,6.75,0.01,14,9450,买盘
2741,11:03:21,6.74,-0.02,10,6740,卖盘
2742,11:03:18,6.76,0.01,279,188604,买盘
2743,11:03:15,6.75,--,10,6750,卖盘
2744,11:03:12,6.75,-0.01,12,8100,卖盘
2745,11:03:09,6.76,0.01,72,48672,买盘
2746,11:03:06,6.75,--,75,50625,卖盘
2747,11:03:03,6.75,-0.01,75,50625,卖盘
2748,11:03:00,6.76,0.01,27,18252,买盘
2749,11:02:57,6.75,--,618,417150,卖盘
2750,11:02:54,6.75,-0.01,15,10125,卖盘
2751,11:02:51,6.76,--,242,163592,买盘
2752,11:02:48,6.76,--,530,358280,买盘
2753,11:02:45,6.76,0.01,8,5408,买盘
2754,11:02:42,6.75,--,1,675,卖盘
2755,11:02:39,6.75,-0.01,7,4725,卖盘
2756,11:02:36,6.76,0.01,1,676,买盘
2757,11:02:33,6.75,--,32,21600,卖盘
2758,11:02:30,6.75,--,133,89775,卖盘
2759,11:02:27,6.75,--,108,72900,卖盘
2760,11:02:24,6.75,--,74,49950,卖盘
2761,11:02:21,6.75,--,37,24975,卖盘
2762,11:02:15,6.75,--,381,257175,买盘
2763,11:02:12,6.75,--,110,74250,买盘
2764,11:02:06,6.75,0.01,1,675,买盘
2765,11:02:03,6.74,-0.01,115,77510,卖盘
2766,11:02:00,6.75,--,99,66825,买盘
2767,11:01:57,6.75,--,127,85725,买盘
2768,11:01:54,6.75,--,20,13500,买盘
2769,11:01:48,6.75,--,62,41850,买盘
2770,11:01:45,6.75,--,17,11475,买盘
2771,11:01:42,6.75,--,65,43875,买盘
2772,11:01:39,6.75,0.01,15,10125,买盘
2773,11:01:33,6.74,-0.01,2,1348,卖盘
2774,11:01:30,6.75,0.01,27,18225,买盘
2775,11:01:27,6.74,--,44,29656,卖盘
2776,11:01:24,6.74,--,74,49876,买盘
2777,11:01:21,6.74,--,2,1348,买盘
2778,11:01:18,6.74,--,53,35722,买盘
2779,11:01:15,6.74,0.01,259,174566,买盘
2780,11:01:12,6.73,-0.01,51,34323,卖盘
2781,11:01:09,6.74,0.01,20,13480,买盘
2782,11:01:06,6.73,--,48,32304,卖盘
2783,11:01:03,6.73,--,10,6730,卖盘
2784,11:01:00,6.73,--,10,6730,卖盘
2785,11:00:57,6.73,--,539,362747,卖盘
2786,11:00:48,6.73,-0.01,120,80760,卖盘
2787,11:00:45,6.74,0.01,1,674,买盘
2788,11:00:42,6.73,--,62,41726,买盘
2789,11:00:39,6.73,--,73,49129,买盘
2790,11:00:36,6.73,0.01,93,62589,买盘
2791,11:00:33,6.72,-0.01,26,17472,卖盘
2792,11:00:30,6.73,--,170,114410,买盘
2793,11:00:27,6.73,0.01,27,18171,买盘
2794,11:00:24,6.72,-0.01,232,155904,卖盘
2795,11:00:21,6.73,0.01,1,673,买盘
2796,11:00:18,6.72,-0.01,25,16800,卖盘
2797,11:00:15,6.73,0.01,6,4038,买盘
2798,11:00:12,6.72,-0.01,107,71904,卖盘
2799,11:00:09,6.73,--,67,45091,买盘
2800,11:00:06,6.73,--,90,60570,买盘
2801,11:00:03,6.73,--,31,20863,买盘
2802,11:00:00,6.73,--,212,142676,卖盘
2803,10:59:57,6.73,-0.01,5,3365,卖盘
2804,10:59:54,6.74,--,108,72792,买盘
2805,10:59:51,6.74,0.01,183,123342,买盘
2806,10:59:48,6.73,-0.01,58,39034,卖盘
2807,10:59:45,6.74,0.01,338,227812,买盘
2808,10:59:39,6.73,0.01,164,110372,买盘
2809,10:59:36,6.72,--,18,12096,卖盘
2810,10:59:33,6.72,--,2,1344,卖盘
2811,10:59:30,6.72,--,108,72576,卖盘
2812,10:59:27,6.72,--,15,10080,卖盘
2813,10:59:24,6.72,-0.01,50,33600,卖盘
2814,10:59:21,6.73,0.01,289,194497,买盘
2815,10:59:18,6.72,--,46,30912,买盘
2816,10:59:15,6.72,--,89,59808,买盘
2817,10:59:12,6.72,--,336,225792,买盘
2818,10:59:09,6.72,--,916,615552,买盘
2819,10:59:06,6.72,--,112,75264,买盘
2820,10:59:03,6.72,--,318,213696,买盘
2821,10:59:00,6.72,--,143,96096,买盘
2822,10:58:57,6.72,--,41,27552,买盘
2823,10:58:54,6.72,--,254,170688,买盘
2824,10:58:48,6.72,--,53,35616,买盘
2825,10:58:45,6.72,-0.01,1629,1094688,卖盘
2826,10:58:39,6.73,--,14,9422,买盘
2827,10:58:36,6.73,0.01,1,673,买盘
2828,10:58:33,6.72,-0.01,2,1344,卖盘
2829,10:58:30,6.73,0.01,118,79414,买盘
2830,10:58:27,6.72,-0.01,136,91392,卖盘
2831,10:58:21,6.73,--,127,85471,买盘
2832,10:58:18,6.73,--,88,59224,买盘
2833,10:58:15,6.73,--,54,36342,买盘
