,time,price,change,volume,amount,type
0,15:00:03,7.01,-0.01,3219,2257191,卖盘
1,14:57:00,7.02,0.01,8,5616,买盘
2,14:56:54,7.01,--,32,22432,卖盘
3,14:56:51,7.01,-0.01,243,170343,卖盘
4,14:56:48,7.02,--,36,25272,买盘
5,14:56:45,7.02,--,464,325728,买盘
6,14:56:42,7.02,--,2,1404,买盘
7,14:56:39,7.02,0.01,39,27378,买盘
8,14:56:33,7.01,-0.01,34,23834,卖盘
9,14:56:30,7.02,--,1,702,买盘
10,14:56:27,7.02,--,71,49842,买盘
11,14:56:24,7.02,0.01,327,229554,买盘
12,14:56:21,7.01,--,23,16123,卖盘
13,14:56:12,7.01,--,73,51173,卖盘
14,14:56:09,7.01,--,153,107253,卖盘
15,14:56:06,7.01,--,274,192074,卖盘
16,14:56:03,7.01,--,45,31643,卖盘
17,14:56:00,7.01,--,22,15422,卖盘
18,14:55:57,7.01,--,414,290459,买盘
19,14:55:54,7.01,--,157,110057,买盘
20,14:55:51,7.01,--,120,84120,买盘
21,14:55:48,7.01,--,17,11917,买盘
22,14:55:45,7.01,--,318,222918,买盘
23,14:55:42,7.01,--,800,560800,买盘
24,14:55:39,7.01,--,25,17525,买盘
25,14:55:36,7.01,--,58,40994,买盘
26,14:55:33,7.01,--,42,29442,买盘
27,14:55:30,7.01,0.01,103,72203,买盘
28,14:55:27,7.0,-0.01,19,13300,卖盘
29,14:55:24,7.01,0.01,50,35050,买盘
30,14:55:21,7.0,-0.01,3,2100,卖盘
31,14:55:18,7.01,0.01,30,21030,买盘
32,14:55:15,7.0,-0.01,73,51709,卖盘
33,14:55:12,7.01,0.01,91,63791,买盘
34,14:55:09,7.0,-0.01,332,232939,卖盘
35,14:55:06,7.01,--,1100,771100,买盘
36,14:55:03,7.01,--,215,150988,买盘
37,14:55:00,7.01,0.01,20,14020,买盘
38,14:54:57,7.0,--,33,23100,卖盘
39,14:54:54,7.0,-0.01,324,226933,卖盘
40,14:54:51,7.01,--,442,309842,买盘
41,14:54:48,7.01,0.01,17,11917,买盘
42,14:54:45,7.0,-0.01,114,80164,卖盘
43,14:54:42,7.01,0.01,11,7711,买盘
44,14:54:39,7.0,--,84,59045,卖盘
45,14:54:36,7.0,-0.01,89,62300,卖盘
46,14:54:33,7.01,--,140,98140,买盘
47,14:54:30,7.01,--,100,70723,买盘
48,14:54:27,7.01,--,21,14721,买盘
49,14:54:24,7.01,--,342,239742,买盘
50,14:54:21,7.01,0.01,33,23133,买盘
51,14:54:18,7.0,-0.01,231,161700,卖盘
52,14:54:15,7.01,--,68,47843,买盘
53,14:54:12,7.01,0.01,21,14721,买盘
54,14:54:09,7.0,-0.01,55,39172,卖盘
55,14:54:06,7.01,--,51,35961,卖盘
56,14:54:03,7.01,--,959,672490,卖盘
57,14:54:00,7.01,--,41,28741,卖盘
58,14:53:57,7.01,--,13,9113,卖盘
59,14:53:54,7.01,-0.01,363,254967,卖盘
60,14:53:51,7.02,0.01,28,19656,买盘
61,14:53:48,7.01,--,100,70100,卖盘
62,14:53:45,7.01,-0.01,35,24535,卖盘
63,14:53:42,7.02,--,172,120743,买盘
64,14:53:39,7.02,0.01,29,20358,买盘
65,14:53:36,7.01,--,251,175951,卖盘
66,14:53:33,7.01,-0.01,150,105150,卖盘
67,14:53:30,7.02,--,9,6318,买盘
68,14:53:27,7.02,--,871,611442,买盘
69,14:53:24,7.02,--,298,209196,买盘
70,14:53:21,7.02,0.01,28,19656,买盘
71,14:53:18,7.01,-0.01,90,63363,卖盘
72,14:53:15,7.02,0.01,5,3510,买盘
73,14:53:12,7.01,-0.01,218,153063,卖盘
74,14:53:09,7.02,0.01,6,4212,买盘
75,14:53:06,7.01,--,321,225021,卖盘
76,14:53:03,7.01,-0.01,51,35877,卖盘
77,14:53:00,7.02,0.01,8,5616,买盘
78,14:52:57,7.01,-0.01,31,21731,卖盘
79,14:52:54,7.02,0.01,151,106128,买盘
80,14:52:51,7.01,-0.01,164,114964,卖盘
81,14:52:48,7.02,0.01,48,33696,买盘
82,14:52:45,7.01,-0.01,152,106692,卖盘
83,14:52:42,7.02,--,19,13338,买盘
84,14:52:39,7.02,0.01,4364,3063528,买盘
85,14:52:36,7.01,-0.01,231,161931,卖盘
86,14:52:33,7.02,0.01,62,43524,买盘
87,14:52:30,7.01,--,167,117067,卖盘
88,14:52:27,7.01,-0.01,10,7010,卖盘
89,14:52:24,7.02,--,7,4914,买盘
90,14:52:21,7.02,0.01,246,172692,买盘
91,14:52:18,7.01,0.01,234,164034,买盘
92,14:52:15,7.0,--,44,31059,卖盘
93,14:52:12,7.0,-0.01,295,206500,卖盘
94,14:52:09,7.01,--,6,4206,买盘
95,14:52:06,7.01,0.01,84,58884,买盘
96,14:52:03,7.0,-0.01,202,141400,卖盘
97,14:52:00,7.01,0.01,69,48369,买盘
98,14:51:57,7.0,-0.02,52,36400,卖盘
99,14:51:54,7.02,0.02,16,11232,买盘
100,14:51:51,7.0,--,10,7000,卖盘
101,14:51:48,7.0,-0.01,166,116200,卖盘
102,14:51:45,7.01,--,563,394663,买盘
103,14:51:42,7.01,--,53,37153,买盘
104,14:51:39,7.01,0.01,114,79914,买盘
105,14:51:36,7.0,-0.01,31,21700,卖盘
106,14:51:33,7.01,0.01,19,13319,买盘
107,14:51:30,7.0,--,9,6300,卖盘
108,14:51:27,7.0,-0.01,1037,725900,卖盘
109,14:51:24,7.01,--,27,18927,买盘
110,14:51:21,7.01,--,63,44163,买盘
111,14:51:18,7.01,--,176,123376,买盘
112,14:51:15,7.01,--,65,45565,买盘
113,14:51:12,7.01,--,15,10515,买盘
114,14:51:09,7.01,--,67,46967,买盘
115,14:51:06,7.01,--,67,46967,买盘
116,14:51:00,7.01,--,46,32246,买盘
117,14:50:57,7.01,--,63,44163,买盘
118,14:50:54,7.01,--,36,25236,买盘
119,14:50:51,7.01,--,39,27339,买盘
120,14:50:48,7.01,0.01,1032,723432,买盘
121,14:50:45,7.0,-0.02,14,9800,卖盘
122,14:50:42,7.02,0.01,1953,1371434,买盘
123,14:50:39,7.01,0.01,8,5608,买盘
124,14:50:36,7.0,-0.01,213,149100,卖盘
125,14:50:33,7.01,0.01,625,438426,买盘
126,14:50:30,7.0,-0.01,75,52500,卖盘
127,14:50:24,7.01,0.01,13,9113,买盘
128,14:50:21,7.0,-0.01,107,74921,卖盘
129,14:50:18,7.01,--,242,169642,买盘
130,14:50:15,7.01,0.01,10,7010,买盘
131,14:50:12,7.0,--,63,44408,卖盘
132,14:50:09,7.0,-0.01,105,73500,卖盘
133,14:50:06,7.01,--,13,9113,买盘
134,14:50:03,7.01,0.01,133,93737,买盘
135,14:50:00,7.0,-0.01,46,32200,卖盘
136,14:49:57,7.01,--,76,53843,买盘
137,14:49:54,7.01,--,69,48369,买盘
138,14:49:51,7.01,0.01,29,20329,买盘
139,14:49:48,7.0,-0.01,137,96341,卖盘
140,14:49:45,7.01,0.01,151,105851,买盘
141,14:49:42,7.0,-0.01,19,13300,卖盘
142,14:49:39,7.01,0.01,66,46707,买盘
143,14:49:36,7.0,-0.01,150,105000,卖盘
144,14:49:33,7.01,--,84,58884,买盘
145,14:49:30,7.01,--,488,342088,买盘
146,14:49:27,7.01,0.01,59,41359,买盘
147,14:49:24,7.0,-0.01,112,78400,卖盘
148,14:49:21,7.01,0.01,29,20735,买盘
149,14:49:18,7.0,-0.01,1004,702800,卖盘
150,14:49:15,7.01,--,54,37854,买盘
151,14:49:12,7.01,0.01,124,86924,买盘
152,14:49:09,7.0,--,222,155400,卖盘
153,14:49:06,7.0,-0.01,171,119700,卖盘
154,14:49:03,7.01,0.01,22,15422,买盘
155,14:49:00,7.0,0.01,320,224413,买盘
156,14:48:57,6.99,-0.01,274,191526,卖盘
157,14:48:54,7.0,--,33,23100,买盘
158,14:48:51,7.0,0.01,42,29400,买盘
159,14:48:48,6.99,-0.01,163,113937,卖盘
160,14:48:45,7.0,--,57,39900,买盘
161,14:48:42,7.0,--,1279,895300,买盘
162,14:48:39,7.0,--,30,21000,买盘
163,14:48:36,7.0,0.01,16,11200,买盘
164,14:48:33,6.99,-0.01,59,41569,卖盘
165,14:48:30,7.0,--,49,34300,买盘
166,14:48:27,7.0,0.01,149,104300,买盘
167,14:48:24,6.99,-0.01,99,69606,卖盘
168,14:48:21,7.0,--,176,123200,买盘
169,14:48:18,7.0,--,361,252987,卖盘
170,14:48:15,7.0,--,114,80346,卖盘
171,14:48:12,7.0,-0.01,2,1400,卖盘
172,14:48:09,7.01,--,102,71642,买盘
173,14:48:06,7.01,0.01,33,23133,买盘
174,14:48:03,7.0,--,138,96600,卖盘
175,14:48:00,7.0,-0.01,91,64127,卖盘
176,14:47:57,7.01,--,71,49771,买盘
177,14:47:54,7.01,0.01,43,30143,买盘
178,14:47:51,7.0,-0.01,18,12600,卖盘
179,14:47:48,7.01,0.01,92,64492,买盘
180,14:47:45,7.0,-0.01,61,42700,卖盘
181,14:47:42,7.01,--,32,22432,买盘
182,14:47:39,7.01,0.01,24,16824,买盘
183,14:47:36,7.0,-0.01,205,143500,卖盘
184,14:47:33,7.01,0.01,5,3505,买盘
185,14:47:30,7.0,--,31,21700,卖盘
186,14:47:27,7.0,-0.01,134,93800,卖盘
187,14:47:24,7.01,--,122,85522,买盘
188,14:47:18,7.01,0.01,32,22432,买盘
189,14:47:15,7.0,--,892,624400,买盘
190,14:47:09,7.0,0.01,27,18900,买盘
191,14:47:06,6.99,-0.01,264,184536,卖盘
192,14:47:03,7.0,0.01,38,26600,买盘
193,14:47:00,6.99,-0.01,81,56716,卖盘
194,14:46:54,7.0,0.01,55,38500,买盘
195,14:46:51,6.99,-0.01,721,503979,卖盘
196,14:46:48,7.0,--,27,18900,买盘
197,14:46:45,7.0,--,59,41300,买盘
198,14:46:42,7.0,--,14,9800,买盘
199,14:46:39,7.0,-0.01,25,17500,中性盘
200,14:46:36,7.01,--,203,142443,买盘
201,14:46:33,7.01,--,1505,1055005,买盘
202,14:46:30,7.01,0.01,53,37153,买盘
203,14:46:27,7.0,--,94,65800,卖盘
204,14:46:24,7.0,--,46,32319,卖盘
205,14:46:21,7.0,-0.01,160,112000,卖盘
206,14:46:18,7.01,0.01,112,79156,买盘
207,14:46:15,7.0,--,46,32200,卖盘
208,14:46:12,7.0,-0.01,95,66500,卖盘
209,14:46:09,7.01,--,84,59311,买盘
210,14:46:06,7.01,--,20,14020,买盘
211,14:46:03,7.01,0.01,128,89728,买盘
212,14:46:00,7.0,-0.01,102,71988,卖盘
213,14:45:57,7.01,0.01,970,679970,买盘
214,14:45:54,7.0,--,292,204400,卖盘
215,14:45:51,7.0,-0.01,73,51212,卖盘
216,14:45:48,7.01,--,66,46266,买盘
217,14:45:45,7.01,0.01,45,31545,买盘
218,14:45:42,7.0,-0.01,73,51282,卖盘
219,14:45:39,7.01,--,71,49771,买盘
220,14:45:33,7.01,0.01,120,84610,买盘
221,14:45:30,7.0,--,37,25900,卖盘
222,14:45:27,7.0,-0.01,109,76531,卖盘
223,14:45:24,7.01,--,5,3505,买盘
224,14:45:21,7.01,--,93,65774,买盘
225,14:45:18,7.01,--,30,21030,买盘
226,14:45:15,7.01,--,9,6309,买盘
227,14:45:12,7.01,0.01,20,14020,买盘
228,14:45:09,7.0,--,75,52542,卖盘
229,14:45:06,7.0,-0.01,102,71400,卖盘
230,14:45:03,7.01,0.01,47,32947,买盘
231,14:45:00,7.0,-0.01,55,38500,卖盘
232,14:44:57,7.01,0.01,23,16123,买盘
233,14:44:54,7.0,-0.01,10,7000,卖盘
234,14:44:51,7.01,--,63,44163,买盘
235,14:44:48,7.01,--,26,18226,买盘
236,14:44:45,7.01,0.01,30,21030,买盘
237,14:44:42,7.0,--,220,154000,卖盘
238,14:44:39,7.0,-0.01,82,57400,卖盘
239,14:44:36,7.01,0.01,48,33648,买盘
240,14:44:33,7.0,0.01,366,256844,买盘
241,14:44:30,6.99,-0.01,45,31455,卖盘
242,14:44:27,7.0,--,100,70147,买盘
243,14:44:24,7.0,--,292,204400,买盘
244,14:44:21,7.0,--,85,59500,买盘
245,14:44:18,7.0,--,60,42147,买盘
246,14:44:15,7.0,--,95,66500,买盘
247,14:44:12,7.0,-0.01,1485,1039556,卖盘
248,14:44:09,7.01,0.01,53,37377,买盘
249,14:44:06,7.0,-0.01,2,1400,卖盘
250,14:44:03,7.01,--,33,23133,买盘
251,14:44:00,7.01,--,100,70366,买盘
252,14:43:57,7.01,--,404,283204,买盘
253,14:43:54,7.01,0.01,62,43728,买盘
254,14:43:51,7.0,-0.01,39,27300,卖盘
255,14:43:48,7.01,0.01,8,5608,买盘
256,14:43:45,7.0,-0.01,92,64876,卖盘
257,14:43:42,7.01,--,21,14721,买盘
258,14:43:39,7.01,--,38,26638,买盘
259,14:43:36,7.01,--,5,3505,买盘
260,14:43:33,7.01,0.01,5,3505,买盘
261,14:43:30,7.0,-0.01,151,105700,卖盘
262,14:43:27,7.01,--,50,35050,买盘
263,14:43:24,7.01,0.01,5,3505,买盘
264,14:43:21,7.0,-0.01,381,266700,卖盘
265,14:43:18,7.01,--,90,63090,买盘
266,14:43:15,7.01,0.01,9,6309,买盘
267,14:43:12,7.0,-0.01,45,31500,卖盘
268,14:43:09,7.01,--,28,19628,买盘
269,14:43:06,7.01,0.01,84,58884,买盘
270,14:43:03,7.0,--,224,156912,买盘
271,14:43:00,7.0,--,139,97510,卖盘
272,14:42:57,7.0,-0.01,387,271390,卖盘
273,14:42:54,7.01,--,5,3505,买盘
274,14:42:48,7.01,--,11,7711,买盘
275,14:42:45,7.01,--,49,34349,买盘
276,14:42:42,7.01,0.01,299,209599,买盘
277,14:42:39,7.0,-0.01,79,55300,卖盘
278,14:42:36,7.01,--,18,12618,买盘
279,14:42:33,7.01,0.01,31,21731,买盘
280,14:42:30,7.0,--,66,46200,卖盘
281,14:42:27,7.0,--,141,98700,买盘
282,14:42:24,7.0,--,40,28000,中性盘
283,14:42:21,7.0,--,236,165200,买盘
284,14:42:18,7.0,--,26,18200,卖盘
285,14:42:15,7.0,--,55,38500,买盘
286,14:42:12,7.0,--,76,53200,买盘
287,14:42:09,7.0,0.01,76,53200,买盘
288,14:42:06,6.99,-0.01,1,699,卖盘
289,14:42:03,7.0,--,56,39200,买盘
290,14:42:00,7.0,--,6,4200,买盘
291,14:41:57,7.0,--,21,14700,买盘
292,14:41:54,7.0,0.01,11,7700,买盘
293,14:41:51,6.99,-0.02,145,101355,卖盘
294,14:41:48,7.01,--,31,21731,买盘
295,14:41:45,7.01,--,149,104449,买盘
296,14:41:39,7.01,0.01,25,17525,买盘
297,14:41:36,7.0,--,63,44100,卖盘
298,14:41:33,7.0,--,143,100100,买盘
299,14:41:30,7.0,--,90,63000,买盘
300,14:41:27,7.0,--,55,38500,买盘
301,14:41:24,7.0,--,29,20300,买盘
302,14:41:18,7.0,--,1942,1359400,买盘
303,14:41:15,7.0,--,30,21000,买盘
304,14:41:09,7.0,--,26,18200,买盘
305,14:41:06,7.0,0.01,87,60900,买盘
306,14:41:03,6.99,-0.01,50,34950,卖盘
307,14:41:00,7.0,--,6,4200,买盘
308,14:40:57,7.0,--,2,1400,买盘
309,14:40:54,7.0,0.01,75,52500,买盘
310,14:40:51,6.99,-0.01,83,58017,卖盘
311,14:40:48,7.0,--,63,44100,买盘
312,14:40:45,7.0,0.01,201,140700,买盘
313,14:40:42,6.99,-0.01,320,223680,卖盘
314,14:40:39,7.0,--,6,4200,买盘
315,14:40:36,7.0,--,28,19600,买盘
316,14:40:33,7.0,--,61,42700,买盘
317,14:40:30,7.0,--,27,18900,买盘
318,14:40:27,7.0,--,15,10500,买盘
319,14:40:24,7.0,--,65,45500,买盘
320,14:40:21,7.0,--,19,13300,买盘
321,14:40:18,7.0,--,20,14000,买盘
322,14:40:15,7.0,0.01,1012,708400,买盘
323,14:40:12,6.99,-0.01,30,20970,卖盘
324,14:40:09,7.0,0.01,31,21700,买盘
325,14:40:06,6.99,-0.01,125,87375,卖盘
326,14:40:03,7.0,--,5,3500,买盘
327,14:40:00,7.0,0.01,26,18200,买盘
328,14:39:57,6.99,--,60,41940,卖盘
329,14:39:54,6.99,--,110,76890,卖盘
330,14:39:51,6.99,-0.01,85,59415,卖盘
331,14:39:48,7.0,--,90,63000,买盘
332,14:39:45,7.0,0.01,6,4200,买盘
333,14:39:42,6.99,-0.01,10,6990,卖盘
334,14:39:39,7.0,--,6,4200,买盘
335,14:39:36,7.0,--,22,15400,买盘
336,14:39:33,7.0,0.01,5,3500,买盘
337,14:39:30,6.99,--,159,111141,买盘
338,14:39:27,6.99,--,40,27960,买盘
339,14:39:24,6.99,--,189,132111,买盘
340,14:39:21,6.99,--,15,10485,买盘
341,14:39:18,6.99,--,8,5592,买盘
342,14:39:15,6.99,--,24,16776,买盘
343,14:39:12,6.99,--,23,16077,买盘
344,14:39:09,6.99,--,25,17475,买盘
345,14:39:06,6.99,-0.01,42,29358,卖盘
346,14:39:03,7.0,0.01,259,181300,买盘
347,14:39:00,6.99,--,31,21669,买盘
348,14:38:54,6.99,-0.01,1239,866061,卖盘
349,14:38:51,7.0,0.01,26,18200,买盘
350,14:38:48,6.99,-0.01,123,85977,卖盘
351,14:38:45,7.0,--,205,143500,买盘
352,14:38:42,7.0,0.01,106,74760,买盘
353,14:38:39,6.99,-0.01,324,226476,卖盘
354,14:38:36,7.0,0.01,7,4900,买盘
355,14:38:33,6.99,-0.01,132,92268,卖盘
356,14:38:30,7.0,--,25,17500,买盘
357,14:38:24,7.0,0.01,5,3500,买盘
358,14:38:21,6.99,-0.01,142,99258,卖盘
359,14:38:18,7.0,--,61,42700,买盘
360,14:38:15,7.0,-0.01,220,154000,中性盘
361,14:38:12,7.01,0.01,74,51874,买盘
362,14:38:09,7.0,--,57,40040,买盘
363,14:38:06,7.0,--,502,351400,买盘
364,14:38:03,7.0,--,7,4900,买盘
365,14:38:00,7.0,--,34,23800,买盘
366,14:37:57,7.0,--,123,86100,买盘
367,14:37:54,7.0,0.01,5,3500,买盘
368,14:37:48,6.99,-0.01,74,51726,卖盘
369,14:37:45,7.0,--,27,18900,买盘
370,14:37:39,7.0,--,13,9100,买盘
371,14:37:36,7.0,--,59,41300,买盘
372,14:37:33,7.0,0.01,45,31500,买盘
373,14:37:30,6.99,--,182,127218,买盘
374,14:37:27,6.99,--,70,48930,买盘
375,14:37:24,6.99,0.01,157,109743,买盘
376,14:37:18,6.98,-0.01,102,71196,卖盘
377,14:37:15,6.99,0.01,66,46134,买盘
378,14:37:12,6.98,-0.02,287,200326,卖盘
379,14:37:09,7.0,0.01,8,5600,买盘
380,14:37:06,6.99,--,59,41241,买盘
381,14:37:03,6.99,--,183,127917,买盘
382,14:37:00,6.99,--,59,41241,买盘
383,14:36:57,6.99,--,374,261426,买盘
384,14:36:54,6.99,--,7,4893,买盘
385,14:36:51,6.99,--,73,51027,买盘
386,14:36:48,6.99,0.01,13,9087,买盘
387,14:36:45,6.98,-0.01,117,81666,卖盘
388,14:36:39,6.99,0.01,203,141897,买盘
389,14:36:36,6.98,-0.01,60,41880,卖盘
390,14:36:33,6.99,0.01,137,95763,买盘
391,14:36:30,6.98,-0.01,69,48162,卖盘
392,14:36:27,6.99,--,102,71298,买盘
393,14:36:24,6.99,0.01,107,74793,买盘
394,14:36:21,6.98,-0.01,716,499768,卖盘
395,14:36:18,6.99,--,92,64308,买盘
396,14:36:15,6.99,--,32,22368,买盘
397,14:36:12,6.99,--,25,17475,买盘
398,14:36:09,6.99,--,75,52425,买盘
399,14:36:06,6.99,-0.01,4025,2813475,卖盘
400,14:36:03,7.0,--,5,3500,买盘
401,14:36:00,7.0,--,46,32200,买盘
402,14:35:57,7.0,-0.01,42,29400,卖盘
403,14:35:54,7.01,0.03,751,526451,买盘
404,14:35:51,6.98,-0.02,5420,3783160,卖盘
405,14:35:48,7.0,-0.01,39,27405,卖盘
406,14:35:45,7.01,--,42,29442,买盘
407,14:35:42,7.01,0.01,24,16824,买盘
408,14:35:39,7.0,-0.01,64,45269,卖盘
409,14:35:36,7.01,--,9,6309,买盘
410,14:35:33,7.01,--,5458,3826058,卖盘
411,14:35:30,7.01,-0.01,10,7010,卖盘
412,14:35:27,7.02,--,36,25272,买盘
413,14:35:24,7.02,0.01,35,24570,买盘
414,14:35:21,7.01,--,67,47268,卖盘
415,14:35:18,7.01,-0.01,157,110057,卖盘
416,14:35:15,7.02,0.01,70,49140,买盘
417,14:35:12,7.01,-0.01,130,91774,卖盘
418,14:35:09,7.02,--,32,22464,买盘
419,14:35:06,7.02,0.01,33,23166,买盘
420,14:35:03,7.01,-0.01,134,94396,卖盘
421,14:35:00,7.02,--,24,16848,买盘
422,14:34:54,7.02,--,5,3510,买盘
423,14:34:51,7.02,--,32,22464,买盘
424,14:34:48,7.02,--,27,18954,买盘
425,14:34:45,7.02,0.01,5,3510,买盘
426,14:34:42,7.01,-0.01,115,81007,卖盘
427,14:34:39,7.02,--,7,4914,买盘
428,14:34:36,7.02,--,44,30887,买盘
429,14:34:33,7.02,0.01,5,3510,买盘
430,14:34:30,7.01,-0.01,61,42761,卖盘
431,14:34:27,7.02,--,135,94770,买盘
432,14:34:24,7.02,0.01,23,16145,买盘
433,14:34:21,7.01,-0.01,19,13753,卖盘
434,14:34:18,7.02,--,151,106002,买盘
435,14:34:15,7.02,--,39,27378,买盘
436,14:34:12,7.02,--,10,7020,买盘
437,14:34:09,7.02,--,9,6318,买盘
438,14:34:06,7.02,--,105,73710,买盘
439,14:34:03,7.02,0.01,137,96174,买盘
440,14:34:00,7.01,--,47,32947,卖盘
441,14:33:57,7.01,-0.01,70,49070,卖盘
442,14:33:54,7.02,--,40,28080,买盘
443,14:33:51,7.02,0.01,94,65988,买盘
444,14:33:48,7.01,-0.01,123,86223,卖盘
445,14:33:45,7.02,--,81,56862,买盘
446,14:33:42,7.02,--,22,15443,买盘
447,14:33:39,7.02,--,42,29484,买盘
448,14:33:36,7.02,--,30,21060,买盘
449,14:33:33,7.02,--,39,27378,买盘
450,14:33:30,7.02,--,46,32291,买盘
451,14:33:27,7.02,--,275,193050,买盘
452,14:33:24,7.02,--,11,7721,买盘
453,14:33:21,7.02,--,560,393695,买盘
454,14:33:18,7.02,--,72,50544,买盘
455,14:33:15,7.02,--,20,14040,买盘
456,14:33:09,7.02,--,60,42120,买盘
457,14:33:06,7.02,0.01,93,65285,买盘
458,14:33:03,7.01,-0.01,6,4206,卖盘
459,14:33:00,7.02,--,6,4212,买盘
460,14:32:57,7.02,-0.01,193,136173,卖盘
461,14:32:54,7.03,0.01,5,3515,买盘
462,14:32:51,7.02,-0.01,20,14040,卖盘
463,14:32:48,7.03,--,28,19684,买盘
464,14:32:45,7.03,0.01,26,18278,买盘
465,14:32:39,7.02,--,279,196265,卖盘
466,14:32:36,7.02,-0.01,95,66928,卖盘
467,14:32:33,7.03,--,24,16872,买盘
468,14:32:30,7.03,--,6,4218,买盘
469,14:32:27,7.03,--,150,105618,买盘
470,14:32:24,7.03,--,33,23199,买盘
471,14:32:21,7.03,0.01,6,4218,买盘
472,14:32:18,7.02,--,46,32895,卖盘
473,14:32:15,7.02,--,40,28080,买盘
474,14:32:12,7.02,-0.01,42,29484,中性盘
475,14:32:09,7.03,0.01,129,91340,买盘
476,14:32:06,7.02,-0.01,55,38610,卖盘
477,14:32:03,7.03,--,43,30229,买盘
478,14:32:00,7.03,0.01,31,21793,买盘
479,14:31:57,7.02,-0.01,150,105300,卖盘
480,14:31:54,7.03,0.01,5,3515,买盘
481,14:31:51,7.02,-0.01,156,109512,卖盘
482,14:31:48,7.03,0.01,48,33744,买盘
483,14:31:45,7.02,-0.01,10,7020,卖盘
484,14:31:42,7.03,0.01,160,112908,买盘
485,14:31:39,7.02,-0.01,300,210838,卖盘
486,14:31:36,7.03,--,10,7030,买盘
487,14:31:33,7.03,0.01,24,16872,买盘
488,14:31:30,7.02,--,66,46444,卖盘
489,14:31:27,7.02,-0.01,88,61775,卖盘
490,14:31:24,7.03,0.01,125,87875,买盘
491,14:31:21,7.02,--,62,43727,卖盘
492,14:31:18,7.02,-0.01,30,21060,卖盘
493,14:31:15,7.03,--,79,55993,买盘
494,14:31:12,7.03,--,216,151848,买盘
495,14:31:09,7.03,0.01,7,4921,买盘
496,14:31:06,7.02,-0.01,101,71477,卖盘
497,14:31:03,7.03,--,39,27417,买盘
498,14:31:00,7.03,0.01,6,4218,买盘
499,14:30:57,7.02,-0.01,44,31147,卖盘
500,14:30:54,7.03,--,125,87875,买盘
501,14:30:48,7.03,--,6,4218,买盘
502,14:30:45,7.03,--,13,9139,买盘
503,14:30:42,7.03,--,27,18981,买盘
504,14:30:39,7.03,--,8,5624,买盘
505,14:30:36,7.03,--,353,248159,买盘
506,14:30:33,7.03,--,44,30932,买盘
507,14:30:30,7.03,0.01,1026,721278,买盘
508,14:30:27,7.02,-0.01,123,86346,卖盘
509,14:30:24,7.03,0.01,91,64500,买盘
510,14:30:21,7.02,-0.01,27,18954,卖盘
511,14:30:18,7.03,--,69,48507,买盘
512,14:30:15,7.03,0.01,45,31635,买盘
513,14:30:12,7.02,-0.01,63,44801,卖盘
514,14:30:09,7.03,0.01,128,89984,买盘
515,14:30:06,7.02,-0.01,77,54671,卖盘
516,14:30:03,7.03,--,56,39368,买盘
517,14:30:00,7.03,--,15,10545,买盘
518,14:29:57,7.03,--,98,69097,买盘
519,14:29:54,7.03,--,5,3515,买盘
520,14:29:48,7.03,--,38,26714,买盘
521,14:29:45,7.03,--,24,16872,买盘
522,14:29:42,7.03,--,2,1406,买盘
523,14:29:39,7.03,--,6,4218,买盘
524,14:29:36,7.03,0.01,24,16872,买盘
525,14:29:33,7.02,-0.01,85,59670,卖盘
526,14:29:30,7.03,0.01,27,18981,买盘
527,14:29:27,7.02,-0.01,69,48438,卖盘
528,14:29:24,7.03,--,46,32338,买盘
529,14:29:21,7.03,--,106,74518,买盘
530,14:29:18,7.03,--,6,4218,买盘
531,14:29:15,7.03,--,25,17575,买盘
532,14:29:12,7.03,--,36,25308,买盘
533,14:29:09,7.03,0.01,16,11248,买盘
534,14:29:06,7.02,--,44,30887,卖盘
535,14:29:03,7.02,-0.01,22,15443,卖盘
536,14:29:00,7.03,0.01,11,7733,买盘
537,14:28:57,7.02,-0.01,48,34004,卖盘
538,14:28:54,7.03,0.01,16,11248,买盘
539,14:28:51,7.02,-0.01,207,145314,卖盘
540,14:28:48,7.03,--,123,86968,买盘
541,14:28:45,7.03,--,35,24605,买盘
542,14:28:42,7.03,--,31,21793,买盘
543,14:28:39,7.03,--,73,51754,买盘
544,14:28:36,7.03,--,72,50616,买盘
545,14:28:33,7.03,--,65,45695,买盘
546,14:28:30,7.03,--,54,38271,买盘
547,14:28:27,7.03,--,218,153254,买盘
548,14:28:24,7.03,0.01,29,20387,买盘
549,14:28:21,7.02,-0.01,87,61200,卖盘
550,14:28:18,7.03,--,27,18981,买盘
551,14:28:15,7.03,--,27,18981,买盘
552,14:28:12,7.03,--,48,33744,买盘
553,14:28:09,7.03,0.01,6,4218,买盘
554,14:28:06,7.02,-0.01,157,110214,卖盘
555,14:28:03,7.03,0.01,36,25308,买盘
556,14:28:00,7.02,-0.01,357,250613,卖盘
557,14:27:54,7.03,-0.01,211,148782,卖盘
558,14:27:51,7.04,--,142,99968,买盘
559,14:27:48,7.04,--,122,85888,买盘
560,14:27:45,7.04,0.01,24,16896,买盘
561,14:27:42,7.03,-0.01,17,11951,卖盘
562,14:27:39,7.04,--,27,19008,买盘
563,14:27:36,7.04,0.01,123,87176,买盘
564,14:27:33,7.03,--,258,181570,卖盘
565,14:27:30,7.03,--,76,53428,卖盘
566,14:27:27,7.03,--,112,78736,卖盘
567,14:27:24,7.03,-0.01,151,106174,卖盘
568,14:27:21,7.04,--,81,57024,买盘
569,14:27:18,7.04,--,206,145024,买盘
570,14:27:15,7.04,0.01,67,47168,买盘
571,14:27:12,7.03,-0.01,204,143538,卖盘
572,14:27:09,7.04,0.01,49,34496,买盘
573,14:27:06,7.03,--,28,19684,卖盘
574,14:27:03,7.03,-0.01,50,35227,卖盘
575,14:27:00,7.04,0.01,30,21120,买盘
576,14:26:57,7.03,--,45,31635,卖盘
577,14:26:54,7.03,-0.01,76,53969,卖盘
578,14:26:48,7.04,--,45,31680,买盘
579,14:26:45,7.04,0.01,28,19712,买盘
580,14:26:42,7.03,-0.01,400,281200,卖盘
581,14:26:39,7.04,--,21,14784,买盘
582,14:26:36,7.04,--,67,47168,买盘
583,14:26:33,7.04,--,415,292160,买盘
584,14:26:30,7.04,0.01,206,145024,买盘
585,14:26:27,7.03,--,33,23199,卖盘
586,14:26:24,7.03,--,58,40774,卖盘
587,14:26:18,7.03,-0.01,21,14763,卖盘
588,14:26:15,7.04,--,27,19008,买盘
589,14:26:12,7.04,--,57,40128,买盘
590,14:26:09,7.04,0.01,7,4928,买盘
591,14:26:06,7.03,-0.01,90,63270,卖盘
592,14:26:03,7.04,--,55,38720,买盘
593,14:26:00,7.04,--,6,4224,买盘
594,14:25:57,7.04,--,2,1408,买盘
595,14:25:54,7.04,--,45,31680,买盘
596,14:25:51,7.04,--,90,63360,买盘
597,14:25:48,7.04,--,6,4224,买盘
598,14:25:45,7.04,--,35,24640,买盘
599,14:25:42,7.04,--,19,13376,买盘
600,14:25:39,7.04,--,31,21824,买盘
601,14:25:36,7.04,--,23,16192,买盘
602,14:25:33,7.04,--,1005,707520,买盘
603,14:25:30,7.04,--,67,47527,买盘
604,14:25:27,7.04,--,24,16896,买盘
605,14:25:24,7.04,--,68,47872,买盘
606,14:25:21,7.04,0.01,106,74624,买盘
607,14:25:18,7.03,-0.01,77,54616,卖盘
608,14:25:15,7.04,--,130,91520,买盘
609,14:25:09,7.04,0.01,70,49681,买盘
610,14:25:06,7.03,-0.01,89,62567,卖盘
611,14:25:03,7.04,0.01,1530,1077120,买盘
612,14:25:00,7.03,-0.01,118,83228,卖盘
613,14:24:57,7.04,--,41,28864,买盘
614,14:24:54,7.04,0.01,63,44352,买盘
615,14:24:51,7.03,-0.01,100,70300,卖盘
616,14:24:48,7.04,--,50,35200,买盘
617,14:24:45,7.04,--,46,32384,买盘
618,14:24:42,7.04,--,217,152768,买盘
619,14:24:39,7.04,--,206,145024,买盘
620,14:24:36,7.04,--,25,17600,买盘
621,14:24:33,7.04,0.01,27,19008,买盘
622,14:24:30,7.03,-0.01,44,30932,卖盘
623,14:24:27,7.04,--,40,28160,买盘
624,14:24:24,7.04,--,44,30976,买盘
625,14:24:18,7.04,0.01,56,39424,买盘
626,14:24:15,7.03,--,32,22496,卖盘
627,14:24:12,7.03,-0.01,115,80845,卖盘
628,14:24:09,7.04,0.01,30,21120,买盘
629,14:24:06,7.03,-0.01,45,31635,卖盘
630,14:24:03,7.04,--,15,10560,买盘
631,14:24:00,7.04,--,58,40832,买盘
632,14:23:57,7.04,--,98,68992,买盘
633,14:23:54,7.04,0.01,5,3520,买盘
634,14:23:51,7.03,-0.01,74,52022,卖盘
635,14:23:48,7.04,0.01,393,276672,买盘
636,14:23:45,7.03,--,6,4218,买盘
637,14:23:42,7.03,--,15,10545,买盘
638,14:23:39,7.03,--,47,33041,买盘
639,14:23:36,7.03,--,27,18981,买盘
640,14:23:33,7.03,--,18,12654,买盘
641,14:23:30,7.03,--,106,74518,买盘
642,14:23:27,7.03,0.01,41,28823,买盘
643,14:23:24,7.02,-0.01,95,66690,卖盘
644,14:23:18,7.03,0.01,33,23199,买盘
645,14:23:15,7.02,-0.01,43,30185,卖盘
646,14:23:09,7.03,0.01,420,295260,买盘
647,14:23:06,7.02,-0.01,165,115830,卖盘
648,14:23:03,7.03,--,35,24605,买盘
649,14:23:00,7.03,--,39,27417,买盘
650,14:22:57,7.03,--,1,703,买盘
651,14:22:54,7.03,--,58,40774,买盘
652,14:22:48,7.03,0.01,7,4921,买盘
653,14:22:45,7.02,-0.01,168,117936,卖盘
654,14:22:42,7.03,--,46,32338,买盘
655,14:22:39,7.03,--,16,11248,买盘
656,14:22:36,7.03,--,3,2109,买盘
657,14:22:33,7.03,--,43,30229,买盘
658,14:22:30,7.03,--,31,21793,买盘
659,14:22:27,7.03,--,2,1406,买盘
660,14:22:24,7.03,0.01,25,17575,买盘
661,14:22:21,7.02,-0.01,102,71604,卖盘
662,14:22:18,7.03,--,41,28823,买盘
663,14:22:15,7.03,--,30,21090,买盘
664,14:22:12,7.03,--,11,7733,买盘
665,14:22:09,7.03,--,72,50616,买盘
666,14:22:06,7.03,--,59,42081,卖盘
667,14:22:03,7.03,--,2046,1438591,卖盘
668,14:22:00,7.03,-0.01,93,65379,卖盘
669,14:21:54,7.04,--,117,82755,买盘
670,14:21:51,7.04,--,72,50688,买盘
671,14:21:48,7.04,0.01,49,34496,买盘
672,14:21:45,7.03,-0.01,48,34186,卖盘
673,14:21:42,7.04,--,23,16192,买盘
674,14:21:39,7.04,--,6,4224,买盘
675,14:21:36,7.04,--,83,58826,买盘
676,14:21:33,7.04,0.01,201,141504,买盘
677,14:21:30,7.03,-0.01,11,7733,卖盘
678,14:21:27,7.04,--,85,60093,买盘
679,14:21:24,7.04,0.01,5,3520,买盘
680,14:21:18,7.03,-0.01,53,37645,卖盘
681,14:21:15,7.04,0.01,97,68288,买盘
682,14:21:12,7.03,-0.01,120,84360,卖盘
683,14:21:09,7.04,0.01,53,37389,买盘
684,14:21:06,7.03,-0.01,1063,747289,卖盘
685,14:21:03,7.04,--,24,16896,买盘
686,14:21:00,7.04,0.01,256,180224,买盘
687,14:20:57,7.03,-0.01,40,28647,卖盘
688,14:20:54,7.04,0.01,99,69696,买盘
689,14:20:51,7.03,-0.01,2,1406,卖盘
690,14:20:48,7.04,0.01,100,70618,买盘
691,14:20:45,7.03,-0.01,226,158878,卖盘
692,14:20:42,7.04,--,41,28864,买盘
693,14:20:39,7.04,--,6,4224,买盘
694,14:20:36,7.04,--,23,16192,买盘
695,14:20:33,7.04,--,93,65472,买盘
696,14:20:30,7.04,--,58,40832,买盘
697,14:20:24,7.04,--,18,12672,买盘
698,14:20:21,7.04,--,19,13376,买盘
699,14:20:18,7.04,0.01,52,36608,买盘
700,14:20:15,7.03,--,9,6327,卖盘
701,14:20:12,7.03,-0.01,32,22496,卖盘
702,14:20:09,7.04,0.01,119,83776,买盘
703,14:20:06,7.03,-0.01,25,17575,卖盘
704,14:20:03,7.04,0.01,46,32384,买盘
705,14:20:00,7.03,-0.01,108,75924,卖盘
706,14:19:57,7.04,--,19,13376,买盘
707,14:19:54,7.04,0.01,162,114048,买盘
708,14:19:51,7.03,-0.01,4,2812,卖盘
709,14:19:48,7.04,--,28,19712,买盘
710,14:19:45,7.04,--,55,38720,买盘
711,14:19:42,7.04,--,1,704,买盘
712,14:19:39,7.04,0.01,127,89408,买盘
713,14:19:36,7.03,-0.01,58,40774,卖盘
714,14:19:33,7.04,--,40,28160,买盘
715,14:19:30,7.04,0.01,56,39424,买盘
716,14:19:27,7.03,-0.01,30,21090,卖盘
717,14:19:24,7.04,0.01,36,25344,买盘
718,14:19:21,7.03,--,98,69568,卖盘
719,14:19:18,7.03,--,214,150442,买盘
720,14:19:15,7.03,--,31,21793,买盘
721,14:19:12,7.03,--,87,61161,买盘
722,14:19:09,7.03,--,45,31635,买盘
723,14:19:06,7.03,--,126,88578,买盘
724,14:19:03,7.03,--,57,40071,买盘
725,14:19:00,7.03,--,6,4218,买盘
726,14:18:57,7.03,0.01,304,213712,买盘
727,14:18:54,7.02,-0.01,39,27378,卖盘
728,14:18:51,7.03,--,45,31635,买盘
729,14:18:48,7.03,--,876,615828,买盘
730,14:18:45,7.03,0.01,6,4218,买盘
731,14:18:42,7.02,-0.01,30,21551,卖盘
732,14:18:39,7.03,--,37,26011,买盘
733,14:18:36,7.03,--,43,30229,买盘
734,14:18:33,7.03,--,170,119510,买盘
735,14:18:30,7.03,--,25,17575,买盘
736,14:18:27,7.03,--,7,4921,买盘
737,14:18:18,7.03,--,125,87875,买盘
738,14:18:15,7.03,--,5,3515,买盘
739,14:18:12,7.03,--,4,2812,买盘
740,14:18:09,7.03,0.01,139,97717,买盘
741,14:18:06,7.02,-0.01,146,102492,卖盘
742,14:18:03,7.03,--,16,11248,买盘
743,14:18:00,7.03,--,1006,707218,买盘
744,14:17:57,7.03,--,200,140600,买盘
745,14:17:54,7.03,0.01,23,16169,买盘
746,14:17:51,7.02,--,2,1404,卖盘
747,14:17:48,7.02,-0.01,216,151632,卖盘
748,14:17:45,7.03,--,18,12654,买盘
749,14:17:42,7.03,--,37,26011,买盘
750,14:17:39,7.03,--,6,4218,买盘
751,14:17:33,7.03,--,79,55537,买盘
752,14:17:30,7.03,--,6,4218,买盘
753,14:17:27,7.03,0.01,11,7733,买盘
754,14:17:24,7.02,--,425,298350,买盘
755,14:17:21,7.02,--,45,31589,买盘
756,14:17:18,7.02,--,11,7721,买盘
757,14:17:15,7.02,--,59,41418,买盘
758,14:17:12,7.02,--,25,17550,买盘
759,14:17:09,7.02,0.01,61,42822,买盘
760,14:17:06,7.01,--,54,37854,卖盘
761,14:17:03,7.01,-0.01,25,17525,卖盘
762,14:17:00,7.02,0.01,255,179010,买盘
763,14:16:57,7.01,-0.01,44,30844,卖盘
764,14:16:54,7.02,--,8,5616,买盘
765,14:16:51,7.02,--,10,7020,买盘
766,14:16:48,7.02,--,45,31589,买盘
767,14:16:45,7.02,--,70,49140,买盘
768,14:16:42,7.02,--,3,2106,买盘
769,14:16:39,7.02,--,12,8424,买盘
770,14:16:36,7.02,--,21,14742,买盘
771,14:16:33,7.02,--,28,19656,买盘
772,14:16:30,7.02,-0.01,8,5616,中性盘
773,14:16:27,7.03,0.01,1131,795093,买盘
774,14:16:24,7.02,-0.01,99,69498,卖盘
775,14:16:21,7.03,--,71,49913,买盘
776,14:16:18,7.03,--,22,15466,买盘
777,14:16:15,7.03,--,132,93020,买盘
778,14:16:12,7.03,--,149,104747,买盘
779,14:16:09,7.03,0.01,52,36556,买盘
780,14:16:06,7.02,-0.01,24,16848,卖盘
781,14:16:03,7.03,--,49,34447,买盘
782,14:16:00,7.03,0.01,1048,736744,买盘
783,14:15:54,7.02,-0.01,74,51948,卖盘
784,14:15:51,7.03,--,20,14060,买盘
785,14:15:48,7.03,--,6,4218,买盘
786,14:15:45,7.03,--,5,3515,买盘
787,14:15:42,7.03,--,46,32338,买盘
788,14:15:39,7.03,--,64,44992,买盘
789,14:15:36,7.03,--,2,1406,买盘
790,14:15:33,7.03,0.01,14,9842,买盘
791,14:15:30,7.02,--,40,28080,卖盘
792,14:15:27,7.02,-0.01,238,167076,卖盘
793,14:15:24,7.03,0.01,5,3515,买盘
794,14:15:21,7.02,-0.01,91,63881,卖盘
795,14:15:18,7.03,--,6,4218,买盘
796,14:15:15,7.03,--,27,18981,买盘
797,14:15:12,7.03,--,219,154167,买盘
798,14:15:09,7.03,0.01,136,95608,买盘
799,14:15:06,7.02,--,103,72867,卖盘
800,14:15:03,7.02,-0.01,5,3510,卖盘
801,14:15:00,7.03,--,107,75221,买盘
802,14:14:57,7.03,--,20,14060,买盘
803,14:14:54,7.03,--,28,19684,买盘
804,14:14:51,7.03,--,12,8436,买盘
805,14:14:48,7.03,--,26,18278,买盘
806,14:14:45,7.03,0.01,28,19684,买盘
807,14:14:42,7.02,--,33,23860,卖盘
808,14:14:39,7.02,--,141,98982,卖盘
809,14:14:36,7.02,-0.01,302,212004,卖盘
810,14:14:33,7.03,0.01,25,17575,买盘
811,14:14:30,7.02,-0.01,44,31309,卖盘
812,14:14:27,7.03,0.01,99,69597,买盘
813,14:14:24,7.02,-0.01,38,26676,卖盘
814,14:14:21,7.03,--,111,78208,买盘
815,14:14:18,7.03,--,58,40774,买盘
816,14:14:15,7.03,--,5,3515,买盘
817,14:14:12,7.03,--,104,73112,买盘
818,14:14:09,7.03,0.01,146,102912,买盘
819,14:14:06,7.02,--,123,86346,卖盘
820,14:14:03,7.02,-0.01,241,169182,卖盘
821,14:14:00,7.03,--,77,54131,买盘
822,14:13:57,7.03,--,35,24605,买盘
823,14:13:54,7.03,--,20,14060,买盘
824,14:13:51,7.03,--,21,14763,买盘
825,14:13:48,7.03,--,29,20387,买盘
826,14:13:45,7.03,0.01,8,5624,买盘
827,14:13:42,7.02,-0.01,104,73008,卖盘
828,14:13:39,7.03,--,18,12654,买盘
829,14:13:36,7.03,--,29,20387,买盘
830,14:13:33,7.03,--,270,189810,买盘
831,14:13:30,7.03,--,26,18278,买盘
832,14:13:27,7.03,--,46,32338,买盘
833,14:13:24,7.03,--,12,8436,买盘
834,14:13:21,7.03,--,1,703,买盘
835,14:13:18,7.03,--,98,68894,买盘
836,14:13:15,7.03,--,6,4218,买盘
837,14:13:12,7.03,--,12,8436,买盘
838,14:13:09,7.03,--,33,23199,买盘
839,14:13:06,7.03,0.01,148,104044,买盘
840,14:13:03,7.02,--,60,42120,卖盘
841,14:13:00,7.02,-0.01,256,179712,卖盘
842,14:12:57,7.03,--,19,13357,买盘
843,14:12:54,7.03,--,44,30932,买盘
844,14:12:51,7.03,--,30,21090,买盘
845,14:12:48,7.03,0.01,6,4218,买盘
846,14:12:45,7.02,-0.01,38,26956,卖盘
847,14:12:42,7.03,--,152,107551,买盘
848,14:12:39,7.03,--,46,32338,买盘
849,14:12:36,7.03,--,23,16169,买盘
850,14:12:33,7.03,--,137,96311,买盘
851,14:12:30,7.03,0.01,38,26714,买盘
852,14:12:27,7.02,-0.01,103,72860,卖盘
853,14:12:24,7.03,--,151,106153,买盘
854,14:12:21,7.03,--,68,47804,买盘
855,14:12:18,7.03,0.01,434,305102,买盘
856,14:12:15,7.02,-0.01,51,36496,卖盘
857,14:12:12,7.03,--,23,16169,买盘
858,14:12:09,7.03,--,87,61161,买盘
859,14:12:06,7.03,--,118,82954,买盘
860,14:12:03,7.03,--,89,62567,买盘
861,14:12:00,7.03,--,83,58461,买盘
862,14:11:57,7.03,0.01,79,55537,买盘
863,14:11:54,7.02,-0.01,9,6318,卖盘
864,14:11:51,7.03,--,37,26011,买盘
865,14:11:48,7.03,--,51,36183,买盘
866,14:11:45,7.03,--,76,53428,买盘
867,14:11:42,7.03,--,2,1406,买盘
868,14:11:39,7.03,--,26,18278,买盘
869,14:11:36,7.03,--,21,14763,买盘
870,14:11:33,7.03,--,82,57646,买盘
871,14:11:30,7.03,--,6,4218,买盘
872,14:11:27,7.03,--,41,28823,买盘
873,14:11:24,7.03,--,132,92796,买盘
874,14:11:21,7.03,0.01,6,4218,买盘
875,14:11:18,7.02,-0.01,1,702,卖盘
876,14:11:15,7.03,--,46,32338,买盘
877,14:11:12,7.03,--,5,3515,买盘
878,14:11:09,7.03,0.01,54,37962,买盘
879,14:11:06,7.02,-0.01,119,83538,卖盘
880,14:11:03,7.03,--,34,23902,买盘
881,14:11:00,7.03,--,6,4218,买盘
882,14:10:54,7.03,0.01,33,23199,买盘
883,14:10:51,7.02,-0.01,127,89154,卖盘
884,14:10:48,7.03,0.01,6,4218,买盘
885,14:10:45,7.02,-0.01,327,229554,卖盘
886,14:10:42,7.03,--,20,14060,买盘
887,14:10:39,7.03,0.01,28,19684,买盘
888,14:10:36,7.02,--,8,5616,卖盘
889,14:10:33,7.02,--,77,54566,卖盘
890,14:10:30,7.02,-0.01,62,43524,卖盘
891,14:10:27,7.03,--,100,70300,买盘
892,14:10:24,7.03,0.01,5,3515,买盘
893,14:10:21,7.02,-0.01,58,41368,卖盘
894,14:10:18,7.03,0.01,34,23902,买盘
895,14:10:15,7.02,-0.01,10,7020,卖盘
896,14:10:12,7.03,0.01,25,17575,买盘
897,14:10:09,7.02,--,111,78413,卖盘
898,14:10:06,7.02,-0.01,180,126359,卖盘
899,14:10:03,7.03,--,8,5624,买盘
900,14:10:00,7.03,--,73,51930,买盘
901,14:09:57,7.03,--,23,16169,买盘
902,14:09:54,7.03,--,36,25308,买盘
903,14:09:48,7.03,--,133,94159,买盘
904,14:09:45,7.03,0.01,5,3515,买盘
905,14:09:42,7.02,-0.01,20,14040,卖盘
906,14:09:39,7.03,--,90,63544,买盘
907,14:09:36,7.03,--,192,134976,买盘
908,14:09:33,7.03,0.01,28,19684,买盘
909,14:09:30,7.02,--,577,405054,卖盘
910,14:09:27,7.02,--,59,41558,卖盘
911,14:09:24,7.02,-0.01,31,21762,卖盘
912,14:09:21,7.03,--,108,75924,买盘
913,14:09:18,7.03,--,50,35234,买盘
914,14:09:15,7.03,--,147,103341,买盘
915,14:09:12,7.03,--,14,9842,买盘
916,14:09:09,7.03,--,77,54131,买盘
917,14:09:06,7.03,--,91,64155,买盘
918,14:09:03,7.03,--,41,28823,买盘
919,14:09:00,7.03,--,6,4218,买盘
920,14:08:57,7.03,--,59,42109,买盘
921,14:08:54,7.03,--,77,54131,买盘
922,14:08:51,7.03,--,64,44992,买盘
923,14:08:48,7.03,0.01,6,4218,买盘
924,14:08:45,7.02,--,37,26381,卖盘
925,14:08:42,7.02,-0.01,114,80028,卖盘
926,14:08:39,7.03,--,39,27417,买盘
927,14:08:36,7.03,--,78,54834,买盘
928,14:08:33,7.03,--,52,36556,买盘
929,14:08:30,7.03,0.01,46,32338,买盘
930,14:08:27,7.02,-0.01,113,79326,卖盘
931,14:08:24,7.03,--,5,3515,买盘
932,14:08:21,7.03,--,26,18278,买盘
933,14:08:18,7.03,--,45,31635,买盘
934,14:08:15,7.03,--,79,55537,买盘
935,14:08:12,7.03,--,76,53428,买盘
936,14:08:09,7.03,--,27,18981,买盘
937,14:08:06,7.03,--,90,63270,买盘
938,14:08:03,7.03,--,50,35150,买盘
939,14:08:00,7.03,--,6,4218,买盘
940,14:07:57,7.03,0.01,23,16169,买盘
941,14:07:54,7.02,-0.01,21,14742,卖盘
942,14:07:48,7.03,--,8,5624,买盘
943,14:07:45,7.03,0.01,257,180671,买盘
944,14:07:42,7.02,-0.01,26,18252,卖盘
945,14:07:39,7.03,0.01,26,18278,买盘
946,14:07:36,7.02,--,65,45630,卖盘
947,14:07:33,7.02,--,100,70200,卖盘
948,14:07:30,7.02,--,56,39312,卖盘
949,14:07:24,7.02,--,301,211765,买盘
950,14:07:21,7.02,--,6,4212,买盘
951,14:07:18,7.02,--,15,10530,买盘
952,14:07:15,7.02,--,5,3510,买盘
953,14:07:12,7.02,--,19,13338,买盘
954,14:07:09,7.02,0.01,36,25272,买盘
955,14:07:06,7.01,-0.01,55,38555,卖盘
956,14:07:03,7.02,--,20,14040,买盘
957,14:07:00,7.02,--,6,4212,买盘
958,14:06:54,7.02,--,9,6318,买盘
959,14:06:51,7.02,--,112,78624,买盘
960,14:06:48,7.02,--,17,11934,买盘
961,14:06:45,7.02,--,5,3510,买盘
962,14:06:42,7.02,--,145,101790,买盘
963,14:06:39,7.02,--,70,49140,买盘
964,14:06:36,7.02,--,53,37206,买盘
965,14:06:33,7.02,--,795,558090,买盘
966,14:06:30,7.02,--,266,186851,买盘
967,14:06:27,7.02,--,216,151632,买盘
968,14:06:24,7.02,--,7,4914,买盘
969,14:06:21,7.02,--,523,367146,买盘
970,14:06:18,7.02,--,64,45405,买盘
971,14:06:15,7.02,--,25,17550,买盘
972,14:06:12,7.02,--,6,4212,买盘
973,14:06:09,7.02,--,32,22464,买盘
974,14:06:06,7.02,--,117,82386,买盘
975,14:06:03,7.02,--,510,358020,买盘
976,14:06:00,7.02,--,6,4212,买盘
977,14:05:54,7.02,--,51,35802,买盘
978,14:05:48,7.02,--,9,6318,买盘
979,14:05:45,7.02,--,24,16848,买盘
980,14:05:39,7.02,0.01,14,9828,买盘
981,14:05:33,7.01,-0.01,169,118469,卖盘
982,14:05:30,7.02,0.01,6,4212,买盘
983,14:05:27,7.01,-0.01,432,302832,卖盘
984,14:05:24,7.02,--,5,3510,买盘
985,14:05:21,7.02,--,58,40716,买盘
986,14:05:18,7.02,--,6,4212,买盘
987,14:05:15,7.02,0.01,5,3510,买盘
988,14:05:12,7.01,-0.01,24,16824,卖盘
989,14:05:09,7.02,0.01,1035,726570,买盘
990,14:05:06,7.01,-0.01,194,135994,卖盘
991,14:05:03,7.02,--,11,7721,买盘
992,14:05:00,7.02,--,47,32994,买盘
993,14:04:57,7.02,0.01,2,1404,买盘
994,14:04:54,7.01,-0.01,43,30143,卖盘
995,14:04:51,7.02,--,37,25974,买盘
996,14:04:48,7.02,0.01,576,404464,买盘
997,14:04:45,7.01,--,33,23133,买盘
998,14:04:42,7.01,--,22,15422,买盘
999,14:04:39,7.01,0.01,129,90429,买盘
1000,14:04:36,7.0,-0.01,14,9800,卖盘
1001,14:04:33,7.01,--,105,73605,买盘
1002,14:04:30,7.01,0.01,25,17525,买盘
1003,14:04:27,7.0,-0.01,35,24500,卖盘
1004,14:04:24,7.01,--,5,3505,买盘
1005,14:04:21,7.01,--,230,161230,买盘
1006,14:04:18,7.01,--,36,25236,买盘
1007,14:04:15,7.01,--,135,94635,买盘
1008,14:04:12,7.01,--,122,85522,买盘
1009,14:04:09,7.01,0.01,30,21030,买盘
1010,14:04:06,7.0,-0.01,71,49700,卖盘
1011,14:04:03,7.01,--,54,38421,买盘
1012,14:04:00,7.01,--,6,4206,买盘
1013,14:03:57,7.01,0.01,23,16123,买盘
1014,14:03:54,7.0,--,256,179606,卖盘
1015,14:03:51,7.0,-0.01,21,14700,卖盘
1016,14:03:48,7.01,0.01,21,14721,买盘
1017,14:03:45,7.0,-0.01,126,88746,卖盘
1018,14:03:42,7.01,0.01,24,16824,买盘
1019,14:03:39,7.0,--,25,17500,卖盘
1020,14:03:36,7.0,-0.01,62,43806,卖盘
1021,14:03:33,7.01,0.01,53,37153,买盘
1022,14:03:30,7.0,-0.01,15,10500,卖盘
1023,14:03:27,7.01,--,113,79759,买盘
1024,14:03:24,7.01,--,15,10515,买盘
1025,14:03:21,7.01,0.01,18,12618,买盘
1026,14:03:18,7.0,--,106,74256,卖盘
1027,14:03:15,7.0,--,77,53900,卖盘
1028,14:03:12,7.0,-0.01,5,3500,卖盘
1029,14:03:09,7.01,0.01,102,71908,买盘
1030,14:03:06,7.0,--,62,43400,卖盘
1031,14:03:00,7.0,--,28,19600,卖盘
1032,14:02:57,7.0,-0.01,39,27825,卖盘
1033,14:02:54,7.01,--,29,20329,买盘
1034,14:02:48,7.01,--,118,83222,买盘
1035,14:02:45,7.01,--,5,3505,买盘
1036,14:02:39,7.01,--,230,161230,买盘
1037,14:02:36,7.01,--,20,14020,买盘
1038,14:02:33,7.01,--,5,3505,买盘
1039,14:02:30,7.01,--,28,19628,买盘
1040,14:02:27,7.01,--,129,90429,买盘
1041,14:02:24,7.01,0.01,5,3505,买盘
1042,14:02:21,7.0,-0.01,30,21000,卖盘
1043,14:02:18,7.01,--,53,37153,买盘
1044,14:02:15,7.01,0.01,23,16123,买盘
1045,14:02:12,7.0,--,14,9800,卖盘
1046,14:02:09,7.0,-0.01,255,178500,卖盘
1047,14:02:06,7.01,--,26,18226,买盘
1048,14:02:03,7.01,0.01,72,50472,买盘
1049,14:02:00,7.0,--,13,9100,卖盘
1050,14:01:57,7.0,-0.01,60,42000,卖盘
1051,14:01:54,7.01,0.01,26,18226,买盘
1052,14:01:51,7.0,-0.01,121,84700,卖盘
1053,14:01:48,7.01,--,28,19628,买盘
1054,14:01:45,7.01,--,5,3505,买盘
1055,14:01:42,7.01,--,153,107253,买盘
1056,14:01:39,7.01,0.01,56,39256,买盘
1057,14:01:36,7.0,-0.01,36,25200,卖盘
1058,14:01:33,7.01,--,5,3505,买盘
1059,14:01:30,7.01,0.01,25,17525,买盘
1060,14:01:27,7.0,--,36,25200,卖盘
1061,14:01:24,7.0,--,182,127400,买盘
1062,14:01:21,7.0,--,20,14000,买盘
1063,14:01:18,7.0,--,109,76300,买盘
1064,14:01:15,7.0,--,49,34300,买盘
1065,14:01:12,7.0,--,28,19600,买盘
1066,14:01:09,7.0,--,75,52500,买盘
1067,14:01:06,7.0,--,48,33600,买盘
1068,14:01:03,7.0,0.01,28,19600,买盘
1069,14:01:00,6.99,-0.01,8,5592,卖盘
1070,14:00:57,7.0,--,20,14000,买盘
1071,14:00:54,7.0,--,34,23800,买盘
1072,14:00:48,7.0,0.01,28,19600,买盘
1073,14:00:45,6.99,-0.01,7,4893,卖盘
1074,14:00:42,7.0,--,33,23100,买盘
1075,14:00:39,7.0,--,7,4900,买盘
1076,14:00:36,7.0,--,19,13300,买盘
1077,14:00:33,7.0,--,21,14700,买盘
1078,14:00:30,7.0,--,29,20300,买盘
1079,14:00:27,7.0,--,3,2100,买盘
1080,14:00:24,7.0,0.01,207,144900,买盘
1081,14:00:21,6.99,-0.01,30,20970,卖盘
1082,14:00:18,7.0,--,80,56000,买盘
1083,14:00:15,7.0,0.01,91,63700,买盘
1084,14:00:12,6.99,-0.01,29,20271,卖盘
1085,14:00:09,7.0,--,51,35700,买盘
1086,14:00:06,7.0,--,56,39200,买盘
1087,14:00:03,7.0,--,19,13300,买盘
1088,14:00:00,7.0,--,11,7700,买盘
1089,13:59:57,7.0,--,22,15400,买盘
1090,13:59:54,7.0,--,5,3500,买盘
1091,13:59:51,7.0,-0.01,36,25200,卖盘
1092,13:59:48,7.01,--,118,83061,买盘
1093,13:59:45,7.01,--,94,66251,买盘
1094,13:59:42,7.01,0.01,19,13319,买盘
1095,13:59:39,7.0,-0.01,236,165200,卖盘
1096,13:59:36,7.01,--,100,70100,买盘
1097,13:59:33,7.01,--,27,18927,买盘
1098,13:59:30,7.01,0.01,48,33648,买盘
1099,13:59:27,7.0,-0.01,43,30100,卖盘
1100,13:59:24,7.01,--,73,51173,买盘
1101,13:59:21,7.01,--,20,14020,买盘
1102,13:59:18,7.01,0.01,26,18226,买盘
1103,13:59:15,7.0,-0.01,25,17500,卖盘
1104,13:59:12,7.01,--,22,15422,买盘
1105,13:59:09,7.01,--,19,13319,买盘
1106,13:59:06,7.01,0.01,54,37854,买盘
1107,13:59:03,7.0,-0.01,71,49840,卖盘
1108,13:59:00,7.01,--,1327,930339,买盘
1109,13:58:57,7.01,--,19,13319,买盘
1110,13:58:54,7.01,--,32,22432,买盘
1111,13:58:51,7.01,--,25,17525,买盘
1112,13:58:48,7.01,0.01,7,4907,买盘
1113,13:58:45,7.0,--,553,387156,卖盘
1114,13:58:42,7.0,-0.01,41,28700,卖盘
1115,13:58:39,7.01,--,27,18927,买盘
1116,13:58:36,7.01,--,24,16824,买盘
1117,13:58:33,7.01,--,173,121329,买盘
1118,13:58:30,7.01,--,36,25236,买盘
1119,13:58:27,7.01,--,11,7711,买盘
1120,13:58:24,7.01,--,23,16123,买盘
1121,13:58:21,7.01,--,22,15422,买盘
1122,13:58:18,7.01,--,174,122086,买盘
1123,13:58:15,7.01,0.01,12,8412,买盘
1124,13:58:12,7.0,-0.01,46,32200,卖盘
1125,13:58:09,7.01,--,90,63090,买盘
1126,13:58:06,7.01,0.01,88,61688,买盘
1127,13:58:03,7.0,-0.01,201,140707,卖盘
1128,13:58:00,7.01,--,37,25937,买盘
1129,13:57:57,7.01,0.01,101,70801,买盘
1130,13:57:54,7.0,--,8,5600,卖盘
1131,13:57:51,7.0,-0.01,60,42035,卖盘
1132,13:57:48,7.01,--,43,30143,买盘
1133,13:57:45,7.01,0.01,25,17525,买盘
1134,13:57:39,7.0,-0.01,65,45612,卖盘
1135,13:57:36,7.01,-0.01,174,122562,卖盘
1136,13:57:33,7.02,--,48,33696,买盘
1137,13:57:30,7.02,--,86,60371,买盘
1138,13:57:27,7.02,--,61,42857,买盘
1139,13:57:24,7.02,--,5,3510,买盘
1140,13:57:21,7.02,--,54,37908,买盘
1141,13:57:18,7.02,0.01,25,17550,买盘
1142,13:57:15,7.01,--,50,35127,卖盘
1143,13:57:12,7.01,-0.01,20,14020,卖盘
1144,13:57:09,7.02,--,27,18954,买盘
1145,13:57:06,7.02,--,110,77220,买盘
1146,13:57:03,7.02,--,8,5616,买盘
1147,13:57:00,7.02,--,27,18954,买盘
1148,13:56:57,7.02,--,528,370656,买盘
1149,13:56:54,7.02,0.01,23,16145,买盘
1150,13:56:51,7.01,-0.01,40,28040,卖盘
1151,13:56:48,7.02,--,29,20358,买盘
1152,13:56:45,7.02,--,23,16145,买盘
1153,13:56:39,7.02,--,53,37206,买盘
1154,13:56:36,7.02,--,128,89856,买盘
1155,13:56:33,7.02,--,28,19656,买盘
1156,13:56:30,7.02,--,6,4212,买盘
1157,13:56:27,7.02,--,24,16848,买盘
1158,13:56:24,7.02,--,7,4914,买盘
1159,13:56:21,7.02,--,27,18954,买盘
1160,13:56:15,7.02,0.01,26,18252,买盘
1161,13:56:12,7.01,--,23,16123,买盘
1162,13:56:09,7.01,-0.01,127,89027,卖盘
1163,13:56:06,7.02,--,76,53352,买盘
1164,13:56:00,7.02,0.01,27,18954,买盘
1165,13:55:54,7.01,-0.01,74,51874,卖盘
1166,13:55:51,7.02,--,1,702,买盘
1167,13:55:48,7.02,0.01,21,14742,买盘
1168,13:55:45,7.01,--,63,44163,买盘
1169,13:55:42,7.01,--,5,3505,买盘
1170,13:55:39,7.01,--,126,88326,买盘
1171,13:55:36,7.01,--,4,2804,买盘
1172,13:55:33,7.01,--,56,39256,买盘
1173,13:55:30,7.01,--,15,10515,买盘
1174,13:55:27,7.01,--,21,14721,买盘
1175,13:55:24,7.01,--,5,3505,买盘
1176,13:55:21,7.01,--,4,2804,买盘
1177,13:55:18,7.01,--,6,4206,买盘
1178,13:55:15,7.01,--,49,34349,买盘
1179,13:55:09,7.01,--,6,4206,买盘
1180,13:55:06,7.01,--,94,65894,卖盘
1181,13:55:03,7.01,-0.01,64,44864,中性盘
1182,13:54:57,7.02,--,50,35100,买盘
1183,13:54:54,7.02,0.01,28,19656,买盘
1184,13:54:51,7.01,--,67,46967,卖盘
1185,13:54:48,7.01,--,34,23834,买盘
1186,13:54:45,7.01,-0.01,101,70801,卖盘
1187,13:54:42,7.02,--,51,35802,买盘
1188,13:54:39,7.02,0.01,6,4212,买盘
1189,13:54:36,7.01,-0.01,50,35050,卖盘
1190,13:54:33,7.02,0.01,28,19656,买盘
1191,13:54:30,7.01,--,53,37153,买盘
1192,13:54:27,7.01,--,7,4907,买盘
1193,13:54:24,7.01,--,166,116366,买盘
1194,13:54:21,7.01,--,21,14721,买盘
1195,13:54:18,7.01,-0.01,8,5608,卖盘
1196,13:54:15,7.02,--,5,3510,买盘
1197,13:54:09,7.02,0.01,48,33696,买盘
1198,13:54:06,7.01,-0.01,21,14721,卖盘
1199,13:54:03,7.02,0.01,162,114032,买盘
1200,13:54:00,7.01,-0.01,226,158426,卖盘
1201,13:53:57,7.02,--,279,195858,买盘
1202,13:53:54,7.02,--,95,66690,买盘
1203,13:53:51,7.02,--,100,70200,买盘
1204,13:53:48,7.02,--,102,71604,买盘
1205,13:53:45,7.02,0.01,5,3510,买盘
1206,13:53:42,7.01,-0.01,1,701,卖盘
1207,13:53:39,7.02,--,28,19656,买盘
1208,13:53:36,7.02,--,60,42120,买盘
1209,13:53:33,7.02,--,55,38610,买盘
1210,13:53:30,7.02,--,26,18252,买盘
1211,13:53:27,7.02,--,21,14742,买盘
1212,13:53:24,7.02,--,10,7020,买盘
1213,13:53:21,7.02,--,105,74103,买盘
1214,13:53:18,7.02,--,187,131274,买盘
1215,13:53:15,7.02,0.01,26,18252,买盘
1216,13:53:12,7.01,--,5,3505,卖盘
1217,13:53:09,7.01,--,47,32947,卖盘
1218,13:53:06,7.01,-0.01,26,18226,卖盘
1219,13:53:03,7.02,--,97,68094,买盘
1220,13:53:00,7.02,--,6,4212,买盘
1221,13:52:57,7.02,--,20,14040,买盘
1222,13:52:54,7.02,--,5,3510,买盘
1223,13:52:51,7.02,--,113,79326,买盘
1224,13:52:48,7.02,--,8,5616,买盘
1225,13:52:45,7.02,--,26,18252,买盘
1226,13:52:42,7.02,--,87,61073,买盘
1227,13:52:39,7.02,--,14,9828,买盘
1228,13:52:36,7.02,--,22,15443,买盘
1229,13:52:33,7.02,--,53,37206,买盘
1230,13:52:30,7.02,--,33,23166,买盘
1231,13:52:27,7.02,--,5,3510,买盘
1232,13:52:24,7.02,--,57,40014,买盘
1233,13:52:21,7.02,--,11,7721,买盘
1234,13:52:18,7.02,0.01,63,44226,买盘
1235,13:52:15,7.01,-0.01,22,15422,卖盘
1236,13:52:12,7.02,0.01,134,94068,买盘
1237,13:52:09,7.01,0.01,44,30844,买盘
1238,13:52:06,7.0,-0.01,53,37100,卖盘
1239,13:52:03,7.01,--,50,35050,买盘
1240,13:52:00,7.01,--,27,18927,买盘
1241,13:51:57,7.01,--,19,13319,买盘
1242,13:51:54,7.01,--,15,10515,买盘
1243,13:51:51,7.01,--,2,1402,买盘
1244,13:51:48,7.01,0.01,78,54678,买盘
1245,13:51:45,7.0,-0.01,36,25200,卖盘
1246,13:51:39,7.01,--,167,117067,买盘
1247,13:51:36,7.01,--,35,24535,买盘
1248,13:51:33,7.01,0.01,15,10515,买盘
1249,13:51:30,7.0,-0.01,36,25200,卖盘
1250,13:51:27,7.01,--,233,163333,买盘
1251,13:51:24,7.01,--,25,17525,买盘
1252,13:51:21,7.01,--,5,3505,买盘
1253,13:51:18,7.01,0.01,26,18226,买盘
1254,13:51:15,7.0,-0.01,221,154700,卖盘
1255,13:51:12,7.01,0.01,26,18226,买盘
1256,13:51:09,7.0,-0.01,106,74200,卖盘
1257,13:51:06,7.01,0.01,75,52575,买盘
1258,13:51:03,7.0,-0.01,69,48300,卖盘
1259,13:51:00,7.01,--,6,4206,买盘
1260,13:50:57,7.01,--,40,28551,买盘
1261,13:50:54,7.01,--,28,19628,买盘
1262,13:50:51,7.01,--,22,15422,买盘
1263,13:50:48,7.01,--,6,4206,买盘
1264,13:50:45,7.01,0.01,27,18927,买盘
1265,13:50:42,7.0,-0.01,718,502705,卖盘
1266,13:50:39,7.01,--,27,18927,买盘
1267,13:50:36,7.01,--,1,701,买盘
1268,13:50:33,7.01,--,78,54678,买盘
1269,13:50:30,7.01,0.01,236,165541,买盘
1270,13:50:27,7.0,-0.01,7,4900,卖盘
1271,13:50:24,7.01,--,128,89728,买盘
1272,13:50:21,7.01,--,20,14020,买盘
1273,13:50:18,7.01,--,63,44310,买盘
1274,13:50:15,7.01,--,5,3505,买盘
1275,13:50:12,7.01,--,28,19628,买盘
1276,13:50:09,7.01,--,6,4206,买盘
1277,13:50:06,7.01,--,103,72805,买盘
1278,13:50:03,7.01,--,57,39957,买盘
1279,13:50:00,7.01,--,29,20329,买盘
1280,13:49:57,7.01,--,24,16824,买盘
1281,13:49:54,7.01,--,28,19628,买盘
1282,13:49:48,7.01,0.01,36,25236,买盘
1283,13:49:45,7.0,-0.01,224,156800,卖盘
1284,13:49:42,7.01,-0.01,39,27339,卖盘
1285,13:49:39,7.02,--,28,19656,买盘
1286,13:49:36,7.02,--,1,702,买盘
1287,13:49:33,7.02,0.01,65,45630,买盘
1288,13:49:30,7.01,-0.01,19,13319,卖盘
1289,13:49:27,7.02,--,21,14742,买盘
1290,13:49:24,7.02,--,23,16145,买盘
1291,13:49:21,7.02,--,16,11232,买盘
1292,13:49:18,7.02,--,19,13338,买盘
1293,13:49:15,7.02,--,33,23166,买盘
1294,13:49:12,7.02,--,68,47736,买盘
1295,13:49:09,7.02,--,6,4212,买盘
1296,13:49:06,7.02,--,47,32994,买盘
1297,13:49:03,7.02,--,29,20358,买盘
1298,13:49:00,7.02,0.01,24,16848,买盘
1299,13:48:57,7.01,--,12,8412,卖盘
1300,13:48:54,7.01,-0.01,54,37854,卖盘
1301,13:48:51,7.02,--,21,14742,买盘
1302,13:48:48,7.02,0.01,17,11934,买盘
1303,13:48:45,7.01,-0.01,108,75708,卖盘
1304,13:48:42,7.02,--,43,30185,买盘
1305,13:48:39,7.02,--,27,18954,买盘
1306,13:48:36,7.02,--,57,40014,买盘
1307,13:48:33,7.02,0.01,6,4212,买盘
1308,13:48:30,7.01,--,84,58884,买盘
1309,13:48:27,7.01,--,34,23834,买盘
1310,13:48:24,7.01,--,15,10515,买盘
1311,13:48:21,7.01,--,133,93233,买盘
1312,13:48:18,7.01,--,26,18226,买盘
1313,13:48:15,7.01,--,5,3505,买盘
1314,13:48:12,7.01,--,123,86223,买盘
1315,13:48:09,7.01,--,27,18927,买盘
1316,13:48:06,7.01,--,82,58161,卖盘
1317,13:48:03,7.01,--,656,459856,卖盘
1318,13:48:00,7.01,--,84,59290,卖盘
1319,13:47:57,7.01,-0.01,35,24535,卖盘
1320,13:47:54,7.02,0.01,28,19656,买盘
1321,13:47:51,7.01,--,10,7010,卖盘
1322,13:47:48,7.01,-0.01,338,237351,卖盘
1323,13:47:45,7.02,--,47,32994,买盘
1324,13:47:42,7.02,--,2,1404,买盘
1325,13:47:39,7.02,0.01,46,32291,买盘
1326,13:47:36,7.01,-0.01,38,27114,卖盘
1327,13:47:33,7.02,--,27,18954,买盘
1328,13:47:30,7.02,--,18,12636,买盘
1329,13:47:27,7.02,0.01,20,14040,买盘
1330,13:47:24,7.01,--,43,30556,卖盘
1331,13:47:21,7.01,-0.01,157,110057,卖盘
1332,13:47:15,7.02,0.01,27,18954,买盘
1333,13:47:12,7.01,-0.01,68,48123,卖盘
1334,13:47:09,7.02,0.01,7,4914,买盘
1335,13:47:06,7.01,-0.01,54,37854,卖盘
1336,13:47:03,7.02,0.01,98,68796,买盘
1337,13:47:00,7.01,-0.01,115,81028,卖盘
1338,13:46:57,7.02,0.01,21,14742,买盘
1339,13:46:54,7.01,-0.01,93,65193,卖盘
1340,13:46:51,7.02,--,21,14742,买盘
1341,13:46:48,7.02,0.01,94,66395,买盘
1342,13:46:45,7.01,-0.01,59,41359,卖盘
1343,13:46:42,7.02,--,23,16145,买盘
1344,13:46:39,7.02,0.01,27,18954,买盘
1345,13:46:36,7.01,-0.01,44,31313,卖盘
1346,13:46:33,7.02,--,41,28782,买盘
1347,13:46:30,7.02,--,23,16145,买盘
1348,13:46:27,7.02,--,21,14742,买盘
1349,13:46:24,7.02,0.01,10,7020,买盘
1350,13:46:21,7.01,-0.01,59,41765,卖盘
1351,13:46:18,7.02,--,28,19656,买盘
1352,13:46:15,7.02,--,24,16848,买盘
1353,13:46:12,7.02,--,36,25272,买盘
1354,13:46:09,7.02,--,85,59824,买盘
1355,13:46:06,7.02,--,173,121445,买盘
1356,13:46:03,7.02,--,35,24570,买盘
1357,13:46:00,7.02,--,4,2808,买盘
1358,13:45:57,7.02,--,67,47560,买盘
1359,13:45:54,7.02,--,25,17550,买盘
1360,13:45:48,7.02,--,8,5616,买盘
1361,13:45:45,7.02,0.01,225,157950,买盘
1362,13:45:42,7.01,-0.01,59,41821,卖盘
1363,13:45:39,7.02,--,208,146016,买盘
1364,13:45:36,7.02,--,74,51948,买盘
1365,13:45:33,7.02,--,34,23868,买盘
1366,13:45:30,7.02,--,115,81186,买盘
1367,13:45:24,7.02,--,5,3510,买盘
1368,13:45:21,7.02,--,172,120743,买盘
1369,13:45:18,7.02,--,66,46858,买盘
1370,13:45:15,7.02,--,30,21060,买盘
1371,13:45:12,7.02,--,21,14742,买盘
1372,13:45:09,7.02,0.01,125,87750,买盘
1373,13:45:06,7.01,--,26,18226,卖盘
1374,13:45:03,7.01,--,90,63335,卖盘
1375,13:45:00,7.01,--,51,35751,卖盘
1376,13:44:57,7.01,-0.01,30,21030,卖盘
1377,13:44:54,7.02,0.01,26,18252,买盘
1378,13:44:51,7.01,-0.01,42,29855,卖盘
1379,13:44:48,7.02,--,87,61073,买盘
1380,13:44:45,7.02,0.01,21,14742,买盘
1381,13:44:39,7.01,-0.01,54,38197,卖盘
1382,13:44:36,7.02,--,24,16848,买盘
1383,13:44:33,7.02,0.01,21,14742,买盘
1384,13:44:30,7.01,-0.01,22,15422,卖盘
1385,13:44:27,7.02,--,48,34032,买盘
1386,13:44:24,7.02,0.01,5,3510,买盘
1387,13:44:21,7.01,--,72,50472,卖盘
1388,13:44:18,7.01,-0.01,23,16123,卖盘
1389,13:44:15,7.02,0.01,179,126065,买盘
1390,13:44:12,7.01,-0.01,50,35050,卖盘
1391,13:44:09,7.02,--,29,20358,买盘
1392,13:44:06,7.02,--,325,228150,买盘
1393,13:44:03,7.02,--,1,702,买盘
1394,13:44:00,7.02,--,6,4212,买盘
1395,13:43:57,7.02,--,2,1404,买盘
1396,13:43:54,7.02,--,5,3510,买盘
1397,13:43:51,7.02,--,20,14040,买盘
1398,13:43:48,7.02,--,12,8424,买盘
1399,13:43:45,7.02,--,23,16145,买盘
1400,13:43:39,7.02,0.01,6,4212,买盘
1401,13:43:36,7.01,-0.01,5,3505,卖盘
1402,13:43:33,7.02,--,21,14742,买盘
1403,13:43:30,7.02,0.01,30,21060,买盘
1404,13:43:27,7.01,--,2,1402,买盘
1405,13:43:24,7.01,--,5,3505,买盘
1406,13:43:21,7.01,--,41,28741,买盘
1407,13:43:18,7.01,--,47,32947,买盘
1408,13:43:15,7.01,-0.01,7,4907,卖盘
1409,13:43:09,7.02,0.01,26,18252,买盘
1410,13:43:06,7.01,-0.01,24,16824,卖盘
1411,13:43:03,7.02,--,31,21762,买盘
1412,13:42:57,7.02,0.01,309,216918,买盘
1413,13:42:54,7.01,--,35,24535,买盘
1414,13:42:48,7.01,--,24,16824,买盘
1415,13:42:45,7.01,--,16,11216,买盘
1416,13:42:42,7.01,--,300,210300,买盘
1417,13:42:39,7.01,--,6,4206,买盘
1418,13:42:36,7.01,--,49,34349,买盘
1419,13:42:33,7.01,0.01,53,37153,买盘
1420,13:42:30,7.0,--,23,16100,卖盘
1421,13:42:27,7.0,--,4,2800,卖盘
1422,13:42:24,7.0,--,233,163100,买盘
1423,13:42:21,7.0,--,6,4200,买盘
1424,13:42:18,7.0,--,20,14000,买盘
1425,13:42:15,7.0,--,20,14000,买盘
1426,13:42:12,7.0,--,46,32200,买盘
1427,13:42:09,7.0,--,9,6300,买盘
1428,13:42:06,7.0,-0.01,5,3500,卖盘
1429,13:42:03,7.01,--,105,73605,买盘
1430,13:42:00,7.01,0.01,506,354706,买盘
1431,13:41:57,7.0,-0.01,79,55734,卖盘
1432,13:41:54,7.01,--,463,324563,买盘
1433,13:41:51,7.01,--,85,59739,买盘
1434,13:41:48,7.01,--,11,7711,买盘
1435,13:41:45,7.01,--,35,24535,买盘
1436,13:41:42,7.01,--,23,16123,买盘
1437,13:41:39,7.01,--,197,138524,买盘
1438,13:41:36,7.01,--,53,37153,买盘
1439,13:41:30,7.01,0.01,28,19628,买盘
1440,13:41:27,7.0,-0.01,97,67900,卖盘
1441,13:41:24,7.01,--,7,4907,买盘
1442,13:41:21,7.01,--,4,2804,买盘
1443,13:41:18,7.01,--,35,24535,买盘
1444,13:41:15,7.01,--,27,18927,买盘
1445,13:41:12,7.01,--,229,160529,买盘
1446,13:41:09,7.01,--,9,6309,买盘
1447,13:41:06,7.01,--,116,81316,买盘
1448,13:41:03,7.01,0.01,150,105150,买盘
1449,13:41:00,7.0,--,18,12600,卖盘
1450,13:40:57,7.0,-0.01,6,4200,卖盘
1451,13:40:54,7.01,--,46,32246,买盘
1452,13:40:51,7.01,--,583,408683,买盘
1453,13:40:48,7.01,--,7,4907,买盘
1454,13:40:45,7.01,--,26,18226,买盘
1455,13:40:42,7.01,0.01,44,30844,买盘
1456,13:40:39,7.0,--,25,17500,卖盘
1457,13:40:36,7.0,-0.01,100,70000,卖盘
1458,13:40:33,7.01,0.01,26,18226,买盘
1459,13:40:30,7.0,--,1722,1205400,卖盘
1460,13:40:27,7.0,-0.01,240,168000,卖盘
1461,13:40:24,7.01,--,5,3505,买盘
1462,13:40:21,7.01,--,43,30143,买盘
1463,13:40:18,7.01,--,14,9814,买盘
1464,13:40:15,7.01,--,27,18927,买盘
1465,13:40:12,7.01,0.01,46,32246,买盘
1466,13:40:09,7.0,--,46,32200,卖盘
1467,13:40:06,7.0,--,30,21000,卖盘
1468,13:40:03,7.0,-0.01,316,221200,卖盘
1469,13:40:00,7.01,0.01,66,46266,买盘
1470,13:39:57,7.0,--,60,42000,卖盘
1471,13:39:54,7.0,-0.01,44,30800,卖盘
1472,13:39:51,7.01,0.01,65,45565,买盘
1473,13:39:48,7.0,--,44,30800,卖盘
1474,13:39:45,7.0,-0.01,34,23800,卖盘
1475,13:39:42,7.01,--,136,95336,买盘
1476,13:39:39,7.01,0.01,29,20329,买盘
1477,13:39:36,7.0,-0.01,20,14000,卖盘
1478,13:39:33,7.01,--,95,66980,买盘
1479,13:39:30,7.01,0.01,27,18927,买盘
1480,13:39:27,7.0,--,607,425488,买盘
1481,13:39:24,7.0,--,19,13300,买盘
1482,13:39:21,7.0,--,39,27300,买盘
1483,13:39:18,7.0,--,8,5600,买盘
1484,13:39:15,7.0,--,66,46718,买盘
1485,13:39:12,7.0,--,21,14700,买盘
1486,13:39:09,7.0,--,6,4200,买盘
1487,13:39:06,7.0,--,91,64246,买盘
1488,13:39:03,7.0,--,28,19600,买盘
1489,13:39:00,7.0,--,25,17500,买盘
1490,13:38:57,7.0,0.01,20,14000,买盘
1491,13:38:54,6.99,--,43,30455,卖盘
1492,13:38:51,6.99,-0.01,246,171954,卖盘
1493,13:38:48,7.0,--,29,20300,买盘
1494,13:38:45,7.0,--,67,47292,买盘
1495,13:38:42,7.0,--,40,28000,买盘
1496,13:38:39,7.0,--,6,4200,买盘
1497,13:38:36,7.0,--,81,56700,买盘
1498,13:38:33,7.0,--,49,34622,买盘
1499,13:38:30,7.0,--,167,116900,买盘
1500,13:38:27,7.0,--,10,7000,买盘
1501,13:38:24,7.0,0.01,25,17500,买盘
1502,13:38:21,6.99,-0.01,234,163810,卖盘
1503,13:38:18,7.0,--,57,39900,买盘
1504,13:38:15,7.0,--,149,104300,买盘
1505,13:38:12,7.0,--,58,41090,买盘
1506,13:38:09,7.0,0.01,151,105700,买盘
1507,13:38:06,6.99,--,31,21669,卖盘
1508,13:38:03,6.99,-0.01,1,699,卖盘
1509,13:38:00,7.0,0.01,108,75894,买盘
1510,13:37:57,6.99,-0.01,246,171954,卖盘
1511,13:37:54,7.0,--,15,10500,买盘
1512,13:37:51,7.0,--,89,62300,买盘
1513,13:37:48,7.0,--,69,48594,买盘
1514,13:37:45,7.0,0.01,161,112700,买盘
1515,13:37:39,6.99,-0.01,93,65007,卖盘
1516,13:37:36,7.0,0.01,2,1400,买盘
1517,13:37:33,6.99,-0.01,44,31112,卖盘
1518,13:37:30,7.0,--,6,4200,买盘
1519,13:37:27,7.0,--,21,14700,买盘
1520,13:37:24,7.0,0.01,41,28700,买盘
1521,13:37:21,6.99,-0.01,39,27554,卖盘
1522,13:37:18,7.0,--,6,4200,买盘
1523,13:37:15,7.0,--,248,173600,买盘
1524,13:37:09,7.0,0.01,45,31675,买盘
1525,13:37:06,6.99,-0.01,53,37047,卖盘
1526,13:37:03,7.0,0.01,65,45500,买盘
1527,13:37:00,6.99,-0.01,14,9786,卖盘
1528,13:36:57,7.0,--,71,49896,买盘
1529,13:36:54,7.0,--,43,30100,买盘
1530,13:36:51,7.0,--,6,4200,买盘
1531,13:36:48,7.0,-0.01,353,247415,卖盘
1532,13:36:45,7.01,--,124,87057,买盘
1533,13:36:42,7.01,--,20,14020,买盘
1534,13:36:39,7.01,0.01,6,4206,买盘
1535,13:36:36,7.0,-0.01,10,7000,卖盘
1536,13:36:33,7.01,--,43,30374,买盘
1537,13:36:30,7.01,0.01,81,56781,买盘
1538,13:36:27,7.0,-0.01,101,70700,卖盘
1539,13:36:24,7.01,--,34,23834,买盘
1540,13:36:21,7.01,--,49,35014,买盘
1541,13:36:18,7.01,0.01,35,24535,买盘
1542,13:36:15,7.0,-0.01,404,282800,卖盘
1543,13:36:12,7.01,--,21,14721,买盘
1544,13:36:09,7.01,--,100,70156,买盘
1545,13:36:06,7.01,--,151,105851,买盘
1546,13:36:03,7.01,--,2,1402,买盘
1547,13:36:00,7.01,--,28,19628,买盘
1548,13:35:57,7.01,--,36,25236,买盘
1549,13:35:54,7.01,--,72,50472,买盘
1550,13:35:51,7.01,--,21,14721,买盘
1551,13:35:48,7.01,--,7,4907,买盘
1552,13:35:45,7.01,--,25,17525,买盘
1553,13:35:39,7.01,--,6,4206,买盘
1554,13:35:36,7.01,--,61,42761,买盘
1555,13:35:33,7.01,--,49,34349,买盘
1556,13:35:30,7.01,--,6,4206,买盘
1557,13:35:24,7.01,--,28,19628,买盘
1558,13:35:21,7.01,--,20,14020,买盘
1559,13:35:18,7.01,--,27,18927,买盘
1560,13:35:15,7.01,--,35,24535,买盘
1561,13:35:12,7.01,0.01,50,35050,买盘
1562,13:35:09,7.0,-0.01,28,19600,卖盘
1563,13:35:06,7.01,--,58,40658,买盘
1564,13:35:03,7.01,--,5,3505,买盘
1565,13:35:00,7.01,--,42,29442,买盘
1566,13:34:57,7.01,--,7,4907,买盘
1567,13:34:54,7.01,0.01,25,17525,买盘
1568,13:34:48,7.0,--,330,231000,买盘
1569,13:34:45,7.0,--,105,73500,买盘
1570,13:34:39,7.0,-0.01,243,170100,卖盘
1571,13:34:36,7.01,--,26,18226,买盘
1572,13:34:33,7.01,--,55,38555,买盘
1573,13:34:30,7.01,--,51,35751,买盘
1574,13:34:27,7.01,--,1,701,买盘
1575,13:34:24,7.01,--,65,45565,买盘
1576,13:34:21,7.01,0.01,21,14721,买盘
1577,13:34:18,7.0,--,54,37800,卖盘
1578,13:34:15,7.0,--,41,28700,卖盘
1579,13:34:12,7.0,-0.01,65,45500,卖盘
1580,13:34:09,7.01,--,28,19628,买盘
1581,13:34:06,7.01,0.01,32,22432,买盘
1582,13:34:03,7.0,-0.01,34,23800,卖盘
1583,13:34:00,7.01,--,153,107253,买盘
1584,13:33:54,7.01,--,350,245350,买盘
1585,13:33:51,7.01,--,37,25937,买盘
1586,13:33:48,7.01,0.01,36,25236,买盘
1587,13:33:45,7.0,-0.01,250,175000,卖盘
1588,13:33:42,7.01,0.01,26,18226,买盘
1589,13:33:39,7.0,--,64,44800,卖盘
1590,13:33:36,7.0,--,54,37800,卖盘
1591,13:33:33,7.0,--,893,625240,买盘
1592,13:33:30,7.0,--,47,33404,买盘
1593,13:33:27,7.0,--,20,14000,买盘
1594,13:33:24,7.0,--,5,3500,买盘
1595,13:33:21,7.0,--,50,35000,买盘
1596,13:33:18,7.0,0.01,50,35000,买盘
1597,13:33:15,6.99,--,78,54682,卖盘
1598,13:33:12,6.99,-0.01,43,30057,卖盘
1599,13:33:09,7.0,0.01,6,4200,买盘
1600,13:33:06,6.99,-0.01,25,17475,卖盘
1601,13:33:03,7.0,--,49,34300,买盘
1602,13:33:00,7.0,--,6,4200,买盘
1603,13:32:57,7.0,--,81,56700,买盘
1604,13:32:54,7.0,--,17,11900,买盘
1605,13:32:51,7.0,--,14,9800,买盘
1606,13:32:48,7.0,--,8,5600,买盘
1607,13:32:45,7.0,--,91,64274,买盘
1608,13:32:42,7.0,0.01,60,42126,买盘
1609,13:32:39,6.99,--,5,3739,卖盘
1610,13:32:36,6.99,--,181,126519,卖盘
1611,13:32:33,6.99,-0.01,38,27016,卖盘
1612,13:32:30,7.0,0.01,25,17500,买盘
1613,13:32:27,6.99,--,29,20271,卖盘
1614,13:32:24,6.99,--,603,421497,卖盘
1615,13:32:21,6.99,-0.01,38,26932,卖盘
1616,13:32:18,7.0,--,32,22400,买盘
1617,13:32:15,7.0,0.01,6,4200,买盘
1618,13:32:12,6.99,-0.01,42,29658,卖盘
1619,13:32:09,7.0,--,5,3500,买盘
1620,13:32:06,7.0,--,252,176400,买盘
1621,13:32:03,7.0,--,6,4200,买盘
1622,13:32:00,7.0,--,1390,973000,买盘
1623,13:31:57,7.0,--,174,121800,买盘
1624,13:31:54,7.0,--,6,4200,买盘
1625,13:31:48,7.0,--,17,11900,买盘
1626,13:31:45,7.0,0.01,30,21000,买盘
1627,13:31:42,6.99,-0.01,20,13980,卖盘
1628,13:31:39,7.0,--,5,3500,买盘
1629,13:31:33,7.0,0.01,50,35000,买盘
1630,13:31:30,6.99,--,54,37746,买盘
1631,13:31:27,6.99,-0.01,31,21669,卖盘
1632,13:31:24,7.0,--,18,12600,买盘
1633,13:31:21,7.0,--,55,38500,买盘
1634,13:31:18,7.0,--,6,4200,买盘
1635,13:31:15,7.0,--,6,4200,买盘
1636,13:31:12,7.0,--,21,14700,买盘
1637,13:31:09,7.0,0.01,5,3500,买盘
1638,13:31:06,6.99,-0.01,25,17475,卖盘
1639,13:31:03,7.0,0.01,6,4200,买盘
1640,13:31:00,6.99,-0.01,203,141897,卖盘
1641,13:30:57,7.0,0.01,119,83300,买盘
1642,13:30:54,6.99,0.01,1814,1267986,买盘
1643,13:30:51,6.98,-0.01,54,37692,卖盘
1644,13:30:48,6.99,--,74,51726,买盘
1645,13:30:42,6.99,0.01,59,41241,买盘
1646,13:30:39,6.98,--,55,38390,中性盘
1647,13:30:36,6.98,--,23,16054,买盘
1648,13:30:33,6.98,-0.01,21,14658,卖盘
1649,13:30:30,6.99,--,5,3495,买盘
1650,13:30:27,6.99,--,2,1398,买盘
1651,13:30:24,6.99,0.01,39,27261,买盘
1652,13:30:21,6.98,--,6,4188,中性盘
1653,13:30:18,6.98,--,10,6980,中性盘
1654,13:30:15,6.98,--,41,28618,买盘
1655,13:30:12,6.98,--,24,16752,买盘
1656,13:30:09,6.98,0.01,257,179386,买盘
1657,13:30:06,6.97,--,31,21607,卖盘
1658,13:30:03,6.97,-0.01,54,37638,卖盘
1659,13:30:00,6.98,--,5,3490,买盘
1660,13:29:57,6.98,--,29,20242,买盘
1661,13:29:54,6.98,--,6,4188,买盘
1662,13:29:51,6.98,--,24,16752,买盘
1663,13:29:48,6.98,0.01,24,16752,买盘
1664,13:29:45,6.97,-0.01,607,423079,卖盘
1665,13:29:42,6.98,--,9,6282,买盘
1666,13:29:39,6.98,--,22,15356,买盘
1667,13:29:36,6.98,--,14,9772,买盘
1668,13:29:33,6.98,-0.01,8,5584,买盘
1669,13:29:30,6.99,--,139,97692,买盘
1670,13:29:27,6.99,--,236,164964,买盘
1671,13:29:24,6.99,--,90,62910,买盘
1672,13:29:21,6.99,0.01,20,13980,买盘
1673,13:29:18,6.98,-0.01,66,46277,卖盘
1674,13:29:15,6.99,--,6,4194,买盘
1675,13:29:12,6.99,--,94,65706,买盘
1676,13:29:09,6.99,0.01,44,31126,买盘
1677,13:29:06,6.98,-0.01,51,35598,卖盘
1678,13:29:03,6.99,0.01,8,5592,买盘
1679,13:29:00,6.98,-0.01,134,94167,卖盘
1680,13:28:57,6.99,--,43,30057,买盘
1681,13:28:54,6.99,--,27,18873,买盘
1682,13:28:51,6.99,0.01,6,4194,买盘
1683,13:28:48,6.98,-0.01,342,238729,卖盘
1684,13:28:45,6.99,0.01,30,20970,买盘
1685,13:28:42,6.98,-0.01,277,193346,卖盘
1686,13:28:39,6.99,0.01,5,3495,买盘
1687,13:28:36,6.98,-0.01,160,112015,卖盘
1688,13:28:33,6.99,--,10,6990,买盘
1689,13:28:30,6.99,0.01,27,18873,买盘
1690,13:28:27,6.98,-0.01,33,23034,卖盘
1691,13:28:24,6.99,--,27,18873,买盘
1692,13:28:21,6.99,--,21,14679,买盘
1693,13:28:18,6.99,--,29,20271,买盘
1694,13:28:15,6.99,0.01,26,18174,买盘
1695,13:28:12,6.98,--,30,20940,卖盘
1696,13:28:09,6.98,-0.01,30,20940,卖盘
1697,13:28:06,6.99,--,29,20271,买盘
1698,13:28:03,6.99,--,34,23766,买盘
1699,13:28:00,6.99,--,29,20271,买盘
1700,13:27:57,6.99,--,20,13980,买盘
1701,13:27:54,6.99,--,6,4194,买盘
1702,13:27:51,6.99,--,20,13980,买盘
1703,13:27:48,6.99,0.01,5,3495,买盘
1704,13:27:45,6.98,-0.01,165,115170,卖盘
1705,13:27:39,6.99,--,42,29358,买盘
1706,13:27:36,6.99,--,171,119529,买盘
1707,13:27:33,6.99,--,75,52425,买盘
1708,13:27:30,6.99,0.01,5,3495,买盘
1709,13:27:27,6.98,--,5,3490,卖盘
1710,13:27:24,6.98,-0.01,42,29316,卖盘
1711,13:27:21,6.99,--,14,9786,买盘
1712,13:27:18,6.99,0.01,6,4194,买盘
1713,13:27:15,6.98,-0.01,48,33504,卖盘
1714,13:27:12,6.99,0.01,21,14679,买盘
1715,13:27:09,6.98,--,289,201722,买盘
1716,13:27:06,6.98,--,75,52350,买盘
1717,13:27:03,6.98,--,6,4188,买盘
1718,13:27:00,6.98,--,24,16752,买盘
1719,13:26:57,6.98,--,58,40484,买盘
1720,13:26:54,6.98,--,9,6282,买盘
1721,13:26:51,6.98,--,6,4188,买盘
1722,13:26:48,6.98,--,38,26524,买盘
1723,13:26:45,6.98,--,10,6980,买盘
1724,13:26:42,6.98,--,90,62820,买盘
1725,13:26:39,6.98,--,5,3490,买盘
1726,13:26:36,6.98,--,42,29316,买盘
1727,13:26:33,6.98,--,40,27920,买盘
1728,13:26:30,6.98,--,6,4188,买盘
1729,13:26:27,6.98,--,18,12564,买盘
1730,13:26:24,6.98,--,25,17450,买盘
1731,13:26:21,6.98,--,65,45370,买盘
1732,13:26:18,6.98,--,5,3490,买盘
1733,13:26:15,6.98,--,59,41182,买盘
1734,13:26:12,6.98,--,2,1396,买盘
1735,13:26:09,6.98,0.01,5,3490,买盘
1736,13:26:06,6.97,-0.01,46,32062,卖盘
1737,13:26:03,6.98,--,25,17450,买盘
1738,13:26:00,6.98,0.01,5,3490,买盘
1739,13:25:57,6.97,-0.01,39,27183,卖盘
1740,13:25:54,6.98,0.01,6,4188,买盘
1741,13:25:51,6.97,--,138,96186,买盘
1742,13:25:48,6.97,--,7,4879,买盘
1743,13:25:45,6.97,--,76,52972,买盘
1744,13:25:42,6.97,--,29,20213,买盘
1745,13:25:39,6.97,--,70,48790,买盘
1746,13:25:33,6.97,--,20,13940,买盘
1747,13:25:30,6.97,0.01,47,32759,买盘
1748,13:25:27,6.96,-0.01,140,97760,卖盘
1749,13:25:24,6.97,--,16,11152,买盘
1750,13:25:21,6.97,--,20,13940,买盘
1751,13:25:18,6.97,0.01,108,75276,买盘
1752,13:25:15,6.96,-0.01,73,51281,卖盘
1753,13:25:12,6.97,--,523,364531,买盘
1754,13:25:09,6.97,--,32,22304,买盘
1755,13:25:06,6.97,--,46,32619,买盘
1756,13:25:03,6.97,--,30,20910,买盘
1757,13:25:00,6.97,--,41,28577,买盘
1758,13:24:57,6.97,--,34,23698,买盘
1759,13:24:54,6.97,-0.02,2226,1551522,卖盘
1760,13:24:48,6.99,--,2032,1420368,买盘
1761,13:24:45,6.99,--,13,9087,买盘
1762,13:24:42,6.99,0.01,18,12582,买盘
1763,13:24:39,6.98,-0.01,147,102606,卖盘
1764,13:24:36,6.99,0.01,20,13980,买盘
1765,13:24:33,6.98,-0.01,56,39088,卖盘
1766,13:24:30,6.99,--,158,110854,买盘
1767,13:24:27,6.99,0.01,1012,707388,买盘
1768,13:24:24,6.98,-0.01,45,31493,卖盘
1769,13:24:21,6.99,--,42,29358,买盘
1770,13:24:18,6.99,--,21,14679,买盘
1771,13:24:15,6.99,--,50,34956,买盘
1772,13:24:12,6.99,--,22,15378,买盘
1773,13:24:09,6.99,0.01,64,44736,买盘
1774,13:24:06,6.98,--,325,226850,卖盘
1775,13:24:03,6.98,-0.01,87,61298,卖盘
1776,13:24:00,6.99,--,128,89472,买盘
1777,13:23:57,6.99,0.01,19,13281,买盘
1778,13:23:54,6.98,--,38,26524,卖盘
1779,13:23:51,6.98,-0.01,102,71384,卖盘
1780,13:23:48,6.99,--,58,40542,买盘
1781,13:23:45,6.99,0.01,26,18174,买盘
1782,13:23:42,6.98,-0.01,30,20940,卖盘
1783,13:23:39,6.99,--,102,71486,买盘
1784,13:23:36,6.99,--,19,13281,买盘
1785,13:23:33,6.99,--,9,6291,买盘
1786,13:23:30,6.99,--,1,699,买盘
1787,13:23:27,6.99,--,68,47790,买盘
1788,13:23:24,6.99,--,25,17475,买盘
1789,13:23:18,6.99,--,521,364179,买盘
1790,13:23:15,6.99,0.01,120,83880,买盘
1791,13:23:12,6.98,-0.01,178,124928,卖盘
1792,13:23:09,6.99,--,5,3495,买盘
1793,13:23:06,6.99,--,67,46833,买盘
1794,13:23:03,6.99,--,37,25863,买盘
1795,13:23:00,6.99,--,23,16077,买盘
1796,13:22:57,6.99,--,25,17475,买盘
1797,13:22:54,6.99,0.01,53,37047,买盘
1798,13:22:51,6.98,-0.01,33,23131,卖盘
1799,13:22:48,6.99,--,25,17475,买盘
1800,13:22:45,6.99,--,6,4194,买盘
1801,13:22:42,6.99,--,51,35649,买盘
1802,13:22:39,6.99,--,95,67006,买盘
1803,13:22:36,6.99,--,21,14679,买盘
1804,13:22:33,6.99,--,9,6291,买盘
1805,13:22:30,6.99,0.01,46,32209,买盘
1806,13:22:27,6.98,-0.01,25,17450,卖盘
1807,13:22:24,6.99,--,56,39144,买盘
1808,13:22:21,6.99,--,20,13980,买盘
1809,13:22:18,6.99,--,74,52250,买盘
1810,13:22:15,6.99,0.01,64,44736,买盘
1811,13:22:12,6.98,--,35,24430,卖盘
1812,13:22:09,6.98,-0.01,68,47624,卖盘
1813,13:22:06,6.99,--,49,34251,买盘
1814,13:22:03,6.99,0.01,82,57318,买盘
1815,13:22:00,6.98,--,25,17450,卖盘
1816,13:21:57,6.98,--,66,46284,卖盘
1817,13:21:54,6.98,-0.01,102,71196,卖盘
1818,13:21:51,6.99,0.01,236,164964,买盘
1819,13:21:48,6.98,--,126,87948,卖盘
1820,13:21:45,6.98,--,46,32401,卖盘
1821,13:21:42,6.98,-0.01,220,153560,卖盘
1822,13:21:39,6.99,0.01,33,23067,买盘
1823,13:21:36,6.98,-0.01,39,27438,卖盘
1824,13:21:33,6.99,--,1008,704592,买盘
1825,13:21:30,6.99,0.01,24,16776,买盘
1826,13:21:27,6.98,--,128,89344,卖盘
1827,13:21:24,6.98,-0.01,53,37294,卖盘
1828,13:21:18,6.99,--,25,17475,买盘
1829,13:21:15,6.99,0.01,25,17475,买盘
1830,13:21:12,6.98,-0.01,139,97231,卖盘
1831,13:21:09,6.99,--,29,20271,买盘
1832,13:21:06,6.99,--,54,37746,买盘
1833,13:21:03,6.99,--,66,46651,买盘
1834,13:20:57,6.99,--,119,83181,买盘
1835,13:20:54,6.99,0.01,6,4194,买盘
1836,13:20:51,6.98,-0.01,38,27131,卖盘
1837,13:20:48,6.99,--,5,3495,买盘
1838,13:20:45,6.99,0.01,48,33552,买盘
1839,13:20:42,6.98,-0.01,49,34202,卖盘
1840,13:20:39,6.99,--,5,3495,买盘
1841,13:20:36,6.99,--,84,58716,买盘
1842,13:20:33,6.99,--,86,60715,买盘
1843,13:20:30,6.99,--,6,4194,买盘
1844,13:20:27,6.99,--,3,2097,买盘
1845,13:20:24,6.99,0.01,106,74094,买盘
1846,13:20:21,6.98,-0.01,56,39779,卖盘
1847,13:20:18,6.99,--,5,3495,买盘
1848,13:20:15,6.99,0.01,6,4194,买盘
1849,13:20:12,6.98,-0.01,60,42277,卖盘
1850,13:20:09,6.99,--,26,18174,买盘
1851,13:20:06,6.99,--,186,130014,买盘
1852,13:20:03,6.99,--,44,31112,买盘
1853,13:20:00,6.99,--,47,32853,买盘
1854,13:19:54,6.99,0.01,42,29358,买盘
1855,13:19:51,6.98,-0.01,24,16752,卖盘
1856,13:19:48,6.99,--,112,78602,买盘
1857,13:19:45,6.99,--,6,4194,买盘
1858,13:19:42,6.99,0.01,17,11883,买盘
1859,13:19:39,6.98,-0.01,179,124942,卖盘
1860,13:19:36,6.99,0.01,19,13281,买盘
1861,13:19:33,6.98,-0.01,28,20011,卖盘
1862,13:19:30,6.99,--,1,699,买盘
1863,13:19:27,6.99,--,5,3495,买盘
1864,13:19:24,6.99,0.01,52,36348,买盘
1865,13:19:21,6.98,-0.01,58,40484,卖盘
1866,13:19:18,6.99,--,5,3495,买盘
1867,13:19:15,6.99,0.01,25,17475,买盘
1868,13:19:12,6.98,-0.01,311,217078,卖盘
1869,13:19:09,6.99,--,5,3495,买盘
1870,13:19:06,6.99,--,118,82482,买盘
1871,13:19:03,6.99,0.01,51,35649,买盘
1872,13:19:00,6.98,-0.01,85,59330,卖盘
1873,13:18:57,6.99,0.01,26,18174,买盘
1874,13:18:54,6.98,-0.01,49,34229,卖盘
1875,13:18:51,6.99,--,20,13980,买盘
1876,13:18:48,6.99,--,7,4893,买盘
1877,13:18:45,6.99,0.01,6,4194,买盘
1878,13:18:42,6.98,-0.01,40,28017,卖盘
1879,13:18:39,6.99,0.01,30,20970,买盘
1880,13:18:33,6.98,-0.01,126,87948,卖盘
1881,13:18:30,6.99,--,70,49160,买盘
1882,13:18:24,6.99,--,6,4194,买盘
1883,13:18:21,6.99,--,27,18873,买盘
1884,13:18:18,6.99,--,113,78987,买盘
1885,13:18:15,6.99,0.01,8,5592,买盘
1886,13:18:12,6.98,--,600,418800,卖盘
1887,13:18:09,6.98,-0.01,23,16054,卖盘
1888,13:18:06,6.99,--,67,46833,买盘
1889,13:18:03,6.99,--,36,25164,买盘
1890,13:18:00,6.99,0.01,5,3495,买盘
1891,13:17:57,6.98,-0.01,41,28618,卖盘
1892,13:17:54,6.99,0.01,47,32853,买盘
1893,13:17:51,6.98,-0.01,294,205212,卖盘
1894,13:17:48,6.99,--,5,3495,买盘
1895,13:17:45,6.99,0.01,26,18174,买盘
1896,13:17:42,6.98,--,2,1396,卖盘
1897,13:17:39,6.98,--,100,70023,卖盘
1898,13:17:36,6.98,-0.01,1,698,卖盘
1899,13:17:33,6.99,--,66,46134,买盘
1900,13:17:30,6.99,--,1,699,买盘
1901,13:17:27,6.99,0.01,100,70193,买盘
1902,13:17:24,6.98,--,19,13262,卖盘
1903,13:17:21,6.98,-0.01,33,23034,卖盘
1904,13:17:18,6.99,0.01,98,68502,买盘
1905,13:17:15,6.98,-0.01,61,42836,卖盘
1906,13:17:12,6.99,0.01,47,32853,买盘
1907,13:17:09,6.98,--,1069,746162,卖盘
1908,13:17:06,6.98,-0.01,179,124942,卖盘
1909,13:17:03,6.99,0.01,425,297075,买盘
1910,13:17:00,6.98,--,66,46333,卖盘
1911,13:16:57,6.98,-0.01,500,349000,卖盘
1912,13:16:54,6.99,--,109,76191,买盘
1913,13:16:51,6.99,0.01,2,1398,买盘
1914,13:16:48,6.98,-0.01,110,76975,卖盘
1915,13:16:45,6.99,--,6,4194,买盘
1916,13:16:42,6.99,--,9,6291,买盘
1917,13:16:39,6.99,0.01,35,24465,买盘
1918,13:16:36,6.98,-0.01,60,42075,卖盘
1919,13:16:33,6.99,--,30,20970,买盘
1920,13:16:30,6.99,--,78,54522,买盘
1921,13:16:27,6.99,0.01,4,2796,买盘
1922,13:16:24,6.98,-0.01,75,52608,卖盘
1923,13:16:21,6.99,--,8,5592,买盘
1924,13:16:18,6.99,--,50,34950,买盘
1925,13:16:15,6.99,--,46,32154,买盘
1926,13:16:12,6.99,--,67,47021,买盘
1927,13:16:09,6.99,--,55,38445,买盘
1928,13:16:06,6.99,0.01,56,39144,买盘
1929,13:16:03,6.98,--,77,53746,卖盘
1930,13:16:00,6.98,-0.01,64,44678,卖盘
1931,13:15:57,6.99,--,25,17475,买盘
1932,13:15:54,6.99,0.01,20,13980,买盘
1933,13:15:51,6.98,--,79,55142,卖盘
1934,13:15:48,6.98,-0.01,111,78106,卖盘
1935,13:15:45,6.99,0.01,6,4194,买盘
1936,13:15:42,6.98,-0.01,14,9772,卖盘
1937,13:15:39,6.99,0.01,125,87375,买盘
1938,13:15:36,6.98,--,85,59958,卖盘
1939,13:15:33,6.98,--,46,32108,卖盘
1940,13:15:30,6.98,-0.01,62,43276,卖盘
1941,13:15:27,6.99,0.01,142,99258,买盘
1942,13:15:24,6.98,-0.01,58,40784,卖盘
1943,13:15:21,6.99,--,1,699,买盘
1944,13:15:18,6.99,--,24,16776,买盘
1945,13:15:15,6.99,0.01,56,39144,买盘
1946,13:15:12,6.98,--,106,73988,卖盘
1947,13:15:09,6.98,-0.01,55,38390,卖盘
1948,13:15:06,6.99,--,63,44037,买盘
1949,13:15:03,6.99,--,92,64308,买盘
1950,13:15:00,6.99,--,7,4893,买盘
1951,13:14:57,6.99,--,23,16077,买盘
1952,13:14:54,6.99,--,26,18174,买盘
1953,13:14:51,6.99,--,21,14679,买盘
1954,13:14:48,6.99,0.01,123,85977,买盘
1955,13:14:45,6.98,-0.01,101,70560,卖盘
1956,13:14:42,6.99,--,20,13980,买盘
1957,13:14:39,6.99,--,56,39144,买盘
1958,13:14:36,6.99,--,59,41241,买盘
1959,13:14:33,6.99,--,41,28659,买盘
1960,13:14:30,6.99,--,31,21669,买盘
1961,13:14:24,6.99,--,6,4194,买盘
1962,13:14:21,6.99,--,42,29358,买盘
1963,13:14:18,6.99,--,35,24465,买盘
1964,13:14:12,6.99,0.01,8,5592,买盘
1965,13:14:09,6.98,-0.01,53,36994,卖盘
1966,13:14:06,6.99,--,72,50328,买盘
1967,13:14:03,6.99,0.01,66,46134,买盘
1968,13:14:00,6.98,-0.01,15,10470,卖盘
1969,13:13:57,6.99,--,65,45435,买盘
1970,13:13:54,6.99,--,6,4194,买盘
1971,13:13:51,6.99,--,13,9087,买盘
1972,13:13:48,6.99,--,17,11883,买盘
1973,13:13:45,6.99,--,49,34251,买盘
1974,13:13:42,6.99,--,51,35649,买盘
1975,13:13:39,6.99,--,46,32154,买盘
1976,13:13:36,6.99,--,72,50328,买盘
1977,13:13:33,6.99,--,6,4194,买盘
1978,13:13:30,6.99,--,34,23766,买盘
1979,13:13:27,6.99,--,23,16077,买盘
1980,13:13:24,6.99,--,49,34251,买盘
1981,13:13:21,6.99,--,16,11184,买盘
1982,13:13:18,6.99,-0.01,125,87375,卖盘
1983,13:13:15,7.0,--,6,4200,买盘
1984,13:13:12,7.0,--,41,28700,买盘
1985,13:13:09,7.0,0.01,5,3500,买盘
1986,13:13:06,6.99,-0.01,25,17475,卖盘
1987,13:13:03,7.0,--,29,20300,买盘
1988,13:13:00,7.0,0.01,227,159320,买盘
1989,13:12:54,6.99,--,30,20970,买盘
1990,13:12:51,6.99,--,141,98559,买盘
1991,13:12:48,6.99,--,20,13980,买盘
1992,13:12:45,6.99,--,30,20970,买盘
1993,13:12:42,6.99,--,28,19572,买盘
1994,13:12:39,6.99,0.01,49,34251,买盘
1995,13:12:36,6.98,-0.01,120,83760,卖盘
1996,13:12:33,6.99,--,600,419400,买盘
1997,13:12:30,6.99,--,70,48930,买盘
1998,13:12:27,6.99,--,32,22368,买盘
1999,13:12:24,6.99,--,539,377033,买盘
2000,13:12:21,6.99,--,2,1398,买盘
2001,13:12:18,6.99,--,48,33552,买盘
2002,13:12:15,6.99,--,6,4194,买盘
2003,13:12:12,6.99,--,12,8388,买盘
2004,13:12:09,6.99,--,125,87375,买盘
2005,13:12:06,6.99,--,64,44736,买盘
2006,13:12:03,6.99,--,6,4194,买盘
2007,13:12:00,6.99,0.01,44,31084,买盘
2008,13:11:57,6.98,-0.01,25,17450,卖盘
2009,13:11:54,6.99,--,77,53823,买盘
2010,13:11:51,6.99,0.01,24,16776,买盘
2011,13:11:48,6.98,-0.01,54,37943,卖盘
2012,13:11:45,6.99,--,45,31455,买盘
2013,13:11:42,6.99,--,19,13281,买盘
2014,13:11:39,6.99,0.01,10,6990,买盘
2015,13:11:36,6.98,-0.01,91,63853,卖盘
2016,13:11:33,6.99,--,7,4893,买盘
2017,13:11:30,6.99,0.01,25,17475,买盘
2018,13:11:27,6.98,-0.01,45,31675,卖盘
2019,13:11:24,6.99,--,9,6291,买盘
2020,13:11:21,6.99,--,144,100656,买盘
2021,13:11:18,6.99,--,7,4893,买盘
2022,13:11:15,6.99,--,8,5592,买盘
2023,13:11:12,6.99,0.01,61,42639,买盘
2024,13:11:09,6.98,--,32,22336,卖盘
2025,13:11:06,6.98,-0.01,55,38390,卖盘
2026,13:11:03,6.99,--,427,298473,买盘
2027,13:11:00,6.99,--,5,3495,买盘
2028,13:10:57,6.99,--,41,28659,买盘
2029,13:10:54,6.99,0.01,6,4194,买盘
2030,13:10:51,6.98,-0.01,164,114632,卖盘
2031,13:10:48,6.99,--,12,8388,买盘
2032,13:10:45,6.99,--,26,18174,买盘
2033,13:10:42,6.99,--,26,18174,买盘
2034,13:10:39,6.99,0.01,56,39144,买盘
2035,13:10:36,6.98,-0.01,177,123546,卖盘
2036,13:10:33,6.99,0.01,25,17475,买盘
2037,13:10:30,6.98,--,17,11866,卖盘
2038,13:10:27,6.98,--,30,20940,卖盘
2039,13:10:24,6.98,-0.01,116,80968,卖盘
2040,13:10:21,6.99,--,103,71997,买盘
2041,13:10:18,6.99,--,26,18174,买盘
2042,13:10:15,6.99,--,6,4194,买盘
2043,13:10:12,6.99,--,21,14679,买盘
2044,13:10:09,6.99,--,5,3495,买盘
2045,13:10:06,6.99,--,77,53823,买盘
2046,13:10:03,6.99,--,36,25164,买盘
2047,13:10:00,6.99,--,74,51726,买盘
2048,13:09:57,6.99,--,28,19572,买盘
2049,13:09:54,6.99,--,6,4194,买盘
2050,13:09:51,6.99,--,49,34251,买盘
2051,13:09:48,6.99,--,33,23067,买盘
2052,13:09:45,6.99,0.01,36,25164,买盘
2053,13:09:39,6.98,-0.01,40,27920,卖盘
2054,13:09:36,6.99,--,49,34251,买盘
2055,13:09:33,6.99,--,29,20271,买盘
2056,13:09:30,6.99,--,29,20271,买盘
2057,13:09:27,6.99,0.01,22,15378,买盘
2058,13:09:24,6.98,--,1108,773384,卖盘
2059,13:09:21,6.98,-0.01,739,516310,卖盘
2060,13:09:18,6.99,--,27,18873,买盘
2061,13:09:15,6.99,--,20,13980,买盘
2062,13:09:12,6.99,--,6,4194,买盘
2063,13:09:09,6.99,0.01,31,21669,买盘
2064,13:09:06,6.98,-0.01,74,52203,卖盘
2065,13:09:03,6.99,--,29,20271,买盘
2066,13:09:00,6.99,--,7,4893,买盘
2067,13:08:57,6.99,--,47,32853,买盘
2068,13:08:54,6.99,--,7,4893,买盘
2069,13:08:51,6.99,--,72,50369,买盘
2070,13:08:48,6.99,--,5,3495,买盘
2071,13:08:45,6.99,--,26,18174,买盘
2072,13:08:42,6.99,0.01,21,14679,买盘
2073,13:08:39,6.98,--,42,29316,卖盘
2074,13:08:36,6.98,-0.01,100,69800,卖盘
2075,13:08:33,6.99,--,103,71997,买盘
2076,13:08:30,6.99,--,58,40542,买盘
2077,13:08:24,6.99,--,247,172653,买盘
2078,13:08:21,6.99,--,1,699,买盘
2079,13:08:18,6.99,0.01,49,34251,买盘
2080,13:08:15,6.98,--,10,6980,卖盘
2081,13:08:12,6.98,--,12,8376,卖盘
2082,13:08:09,6.98,-0.01,3346,2335508,卖盘
2083,13:08:06,6.99,--,99,69201,买盘
2084,13:08:03,6.99,--,49,34251,买盘
2085,13:08:00,6.99,--,52,36348,买盘
2086,13:07:57,6.99,0.01,71,49629,买盘
2087,13:07:54,6.98,-0.01,83,57934,卖盘
2088,13:07:48,6.99,--,5,3495,买盘
2089,13:07:45,6.99,--,25,17475,买盘
2090,13:07:42,6.99,--,31,21669,买盘
2091,13:07:39,6.99,0.01,47,32853,买盘
2092,13:07:36,6.98,-0.01,20,13960,卖盘
2093,13:07:33,6.99,--,88,61512,买盘
2094,13:07:30,6.99,--,5,3495,买盘
2095,13:07:27,6.99,--,45,31643,买盘
2096,13:07:24,6.99,--,17,11883,买盘
2097,13:07:21,6.99,--,20,13980,买盘
2098,13:07:18,6.99,--,302,211426,买盘
2099,13:07:15,6.99,--,41,28659,买盘
2100,13:07:12,6.99,--,210,146790,买盘
2101,13:07:09,6.99,0.01,24,16776,买盘
2102,13:07:06,6.98,-0.01,70,49544,卖盘
2103,13:07:03,6.99,--,176,123024,买盘
2104,13:06:57,6.99,--,228,159372,买盘
2105,13:06:54,6.99,--,100,70452,买盘
2106,13:06:51,6.99,--,18,12582,买盘
2107,13:06:48,6.99,--,45,31455,买盘
2108,13:06:45,6.99,--,6,4194,买盘
2109,13:06:42,6.99,0.01,143,99957,买盘
2110,13:06:39,6.98,-0.01,81,57040,卖盘
2111,13:06:36,6.99,--,115,80385,买盘
2112,13:06:33,6.99,--,6,4194,买盘
2113,13:06:30,6.99,--,28,19572,买盘
2114,13:06:27,6.99,0.01,18,12582,买盘
2115,13:06:24,6.98,--,60,41949,卖盘
2116,13:06:21,6.98,-0.01,60,41880,卖盘
2117,13:06:18,6.99,0.01,28,19572,买盘
2118,13:06:15,6.98,-0.01,22,15356,卖盘
2119,13:06:12,6.99,--,60,41940,买盘
2120,13:06:09,6.99,0.01,24,16776,买盘
2121,13:06:06,6.98,-0.01,25,17450,卖盘
2122,13:06:03,6.99,--,75,52425,买盘
2123,13:06:00,6.99,--,25,17475,买盘
2124,13:05:57,6.99,--,2,1398,买盘
2125,13:05:54,6.99,0.01,6,4194,买盘
2126,13:05:51,6.98,-0.01,44,30712,卖盘
2127,13:05:48,6.99,--,6,4194,买盘
2128,13:05:45,6.99,0.01,6,4194,买盘
2129,13:05:42,6.98,-0.01,22,15356,卖盘
2130,13:05:39,6.99,--,30,20970,买盘
2131,13:05:36,6.99,--,15,10485,买盘
2132,13:05:33,6.99,--,52,36348,买盘
2133,13:05:30,6.99,--,27,18873,买盘
2134,13:05:27,6.99,--,22,15378,买盘
2135,13:05:24,6.99,0.01,9,6291,买盘
2136,13:05:21,6.98,-0.01,21,14658,卖盘
2137,13:05:18,6.99,--,26,18174,买盘
2138,13:05:15,6.99,--,27,18873,买盘
2139,13:05:09,6.99,0.01,42,29358,买盘
2140,13:05:06,6.98,-0.01,56,39088,卖盘
2141,13:05:03,6.99,0.01,26,18174,买盘
2142,13:05:00,6.98,-0.01,106,73988,卖盘
2143,13:04:57,6.99,-0.01,8,5592,卖盘
2144,13:04:54,7.0,0.02,42,29400,买盘
2145,13:04:48,6.98,-0.02,56,39088,卖盘
2146,13:04:42,7.0,0.02,20,14000,买盘
2147,13:04:39,6.98,-0.01,210,146580,卖盘
2148,13:04:33,6.99,--,36,25164,买盘
2149,13:04:30,6.99,--,26,18174,买盘
2150,13:04:24,6.99,0.01,11,7689,买盘
2151,13:04:21,6.98,-0.02,57,39786,卖盘
2152,13:04:18,7.0,--,6,4200,买盘
2153,13:04:15,7.0,--,2,1400,买盘
2154,13:04:12,7.0,0.01,13,9100,买盘
2155,13:04:09,6.99,-0.01,50,34950,卖盘
2156,13:04:06,7.0,--,27,18900,买盘
2157,13:04:03,7.0,0.01,6,4200,买盘
2158,13:04:00,6.99,--,73,51027,买盘
2159,13:03:57,6.99,--,22,15378,买盘
2160,13:03:54,6.99,--,6,4194,买盘
2161,13:03:51,6.99,--,75,52425,买盘
2162,13:03:48,6.99,--,6,4194,买盘
2163,13:03:45,6.99,--,59,41241,买盘
2164,13:03:39,6.99,--,17,11883,买盘
2165,13:03:36,6.99,--,18,12582,买盘
2166,13:03:33,6.99,--,38,26562,买盘
2167,13:03:30,6.99,0.01,57,39843,买盘
2168,13:03:27,6.98,-0.01,34,24101,卖盘
2169,13:03:24,6.99,--,24,16776,买盘
2170,13:03:21,6.99,--,23,16077,买盘
2171,13:03:18,6.99,--,6,4194,买盘
2172,13:03:15,6.99,--,6,4194,买盘
2173,13:03:12,6.99,-0.01,84,59401,卖盘
2174,13:03:09,7.0,0.01,6,4200,买盘
2175,13:03:06,6.99,-0.01,32,22368,卖盘
2176,13:03:03,7.0,--,6,4200,买盘
2177,13:03:00,7.0,--,49,34300,买盘
2178,13:02:57,7.0,--,10,7000,买盘
2179,13:02:54,7.0,--,6,4200,买盘
2180,13:02:51,7.0,--,42,29400,买盘
2181,13:02:48,7.0,--,6,4200,买盘
2182,13:02:45,7.0,0.01,6,4200,买盘
2183,13:02:42,6.99,-0.01,24,16776,卖盘
2184,13:02:39,7.0,--,28,19600,买盘
2185,13:02:33,7.0,--,6,4200,买盘
2186,13:02:30,7.0,0.01,88,61614,买盘
2187,13:02:27,6.99,-0.01,108,75492,卖盘
2188,13:02:24,7.0,--,206,144200,买盘
2189,13:02:21,7.0,--,22,15400,买盘
2190,13:02:18,7.0,--,24,16800,买盘
2191,13:02:15,7.0,--,6,4200,买盘
2192,13:02:12,7.0,--,90,63000,买盘
2193,13:02:09,7.0,0.01,6,4200,买盘
2194,13:02:06,6.99,-0.01,45,31455,卖盘
2195,13:02:03,7.0,--,36,25200,买盘
2196,13:02:00,7.0,--,41,28700,买盘
2197,13:01:57,7.0,--,92,64400,买盘
2198,13:01:54,7.0,0.01,49,34300,买盘
2199,13:01:51,6.99,-0.01,20,13980,卖盘
2200,13:01:48,7.0,--,6,4200,买盘
2201,13:01:45,7.0,--,27,18900,买盘
2202,13:01:42,7.0,0.01,21,14700,买盘
2203,13:01:39,6.99,--,62,43338,买盘
2204,13:01:36,6.99,--,24,16776,买盘
2205,13:01:33,6.99,--,25,17475,买盘
2206,13:01:30,6.99,--,38,26562,买盘
2207,13:01:27,6.99,--,28,19572,买盘
2208,13:01:24,6.99,--,40,27960,买盘
2209,13:01:21,6.99,--,21,14679,买盘
2210,13:01:18,6.99,--,6,4194,买盘
2211,13:01:15,6.99,--,72,50328,买盘
2212,13:01:12,6.99,--,19,13281,买盘
2213,13:01:09,6.99,0.01,26,18174,买盘
2214,13:01:06,6.98,-0.01,24,16752,卖盘
2215,13:01:03,6.99,--,36,25164,买盘
2216,13:01:00,6.99,--,31,21669,买盘
2217,13:00:57,6.99,--,22,15378,买盘
2218,13:00:54,6.99,--,39,27261,买盘
2219,13:00:51,6.99,--,20,13980,买盘
2220,13:00:48,6.99,--,13,9087,买盘
2221,13:00:45,6.99,--,52,36928,买盘
2222,13:00:42,6.99,--,20,13980,买盘
2223,13:00:39,6.99,--,6,4194,买盘
2224,13:00:36,6.99,--,22,15378,买盘
2225,13:00:33,6.99,--,6,4194,买盘
2226,13:00:30,6.99,--,36,25164,买盘
2227,13:00:27,6.99,0.01,27,18873,买盘
2228,13:00:24,6.98,-0.01,28,19544,卖盘
2229,13:00:21,6.99,--,1,699,买盘
2230,13:00:18,6.99,--,25,17475,买盘
2231,13:00:15,6.99,--,56,39144,买盘
2232,13:00:12,6.99,--,21,14679,买盘
2233,13:00:09,6.99,--,65,45435,买盘
2234,13:00:06,6.99,--,34,23766,买盘
2235,13:00:03,6.99,-0.01,1600,1118400,卖盘
2236,13:00:00,7.0,--,0,0,买盘
2237,11:30:00,7.0,--,0,0,买盘
2238,11:29:57,7.0,--,152,106400,买盘
2239,11:29:54,7.0,0.01,29,20300,买盘
2240,11:29:51,6.99,-0.01,45,31455,卖盘
2241,11:29:48,7.0,0.01,27,18900,买盘
2242,11:29:45,6.99,-0.01,119,83181,卖盘
2243,11:29:42,7.0,--,226,158200,买盘
2244,11:29:39,7.0,--,45,31500,买盘
2245,11:29:33,7.0,0.01,6,4200,买盘
2246,11:29:30,6.99,-0.01,38,26562,卖盘
2247,11:29:27,7.0,--,53,37100,买盘
2248,11:29:24,7.0,0.01,6,4200,买盘
2249,11:29:21,6.99,-0.01,22,15378,卖盘
2250,11:29:18,7.0,--,45,31500,买盘
2251,11:29:12,7.0,--,6,4200,买盘
2252,11:29:09,7.0,--,15,10500,买盘
2253,11:29:06,7.0,--,20,14000,买盘
2254,11:29:03,7.0,--,10,7000,买盘
2255,11:29:00,7.0,--,53,37100,买盘
2256,11:28:57,7.0,--,9,6300,买盘
2257,11:28:54,7.0,0.01,71,49700,买盘
2258,11:28:51,6.99,-0.01,35,24465,卖盘
2259,11:28:48,7.0,--,8,5600,买盘
2260,11:28:42,7.0,0.01,25,17500,买盘
2261,11:28:39,6.99,-0.01,34,23766,卖盘
2262,11:28:36,7.0,--,1,700,买盘
2263,11:28:33,7.0,--,30,21000,买盘
2264,11:28:30,7.0,0.01,61,42700,买盘
2265,11:28:27,6.99,-0.01,1,699,卖盘
2266,11:28:24,7.0,--,6,4200,买盘
2267,11:28:21,7.0,--,42,29400,买盘
2268,11:28:18,7.0,--,26,18200,买盘
2269,11:28:15,7.0,--,21,14700,买盘
2270,11:28:12,7.0,--,6,4200,买盘
2271,11:28:09,7.0,0.01,28,19600,买盘
2272,11:28:06,6.99,-0.01,43,30057,卖盘
2273,11:28:03,7.0,--,8,5600,买盘
2274,11:28:00,7.0,--,42,29400,买盘
2275,11:27:57,7.0,--,30,21000,买盘
2276,11:27:54,7.0,--,26,18200,买盘
2277,11:27:51,7.0,--,66,46200,买盘
2278,11:27:48,7.0,0.01,61,42700,买盘
2279,11:27:45,6.99,-0.01,71,49629,卖盘
2280,11:27:42,7.0,--,27,18900,买盘
2281,11:27:39,7.0,--,30,21000,买盘
2282,11:27:36,7.0,--,19,13300,买盘
2283,11:27:33,7.0,--,54,37800,买盘
2284,11:27:30,7.0,--,6,4200,买盘
2285,11:27:27,7.0,--,22,15400,买盘
2286,11:27:24,7.0,0.01,80,56000,买盘
2287,11:27:21,6.99,-0.01,51,35649,卖盘
2288,11:27:18,7.0,--,6,4200,买盘
2289,11:27:15,7.0,--,18,12600,买盘
2290,11:27:12,7.0,--,59,41300,买盘
2291,11:27:09,7.0,0.01,8,5600,买盘
2292,11:27:06,6.99,-0.01,1,699,卖盘
2293,11:27:03,7.0,--,81,56700,买盘
2294,11:26:57,7.0,--,6,4200,买盘
2295,11:26:54,7.0,--,28,19600,买盘
2296,11:26:51,7.0,--,117,81900,买盘
2297,11:26:48,7.0,0.01,22,15400,买盘
2298,11:26:45,6.99,-0.01,1,699,卖盘
2299,11:26:42,7.0,--,47,32900,买盘
2300,11:26:39,7.0,--,130,91000,买盘
2301,11:26:36,7.0,--,6,4200,买盘
2302,11:26:33,7.0,--,6,4200,买盘
2303,11:26:30,7.0,--,50,35000,买盘
2304,11:26:27,7.0,--,71,49700,买盘
2305,11:26:24,7.0,--,27,18900,买盘
2306,11:26:21,7.0,0.01,4,2800,买盘
2307,11:26:18,6.99,-0.01,66,46134,卖盘
2308,11:26:15,7.0,--,36,25200,买盘
2309,11:26:12,7.0,--,38,26600,买盘
2310,11:26:09,7.0,--,6,4200,买盘
2311,11:26:06,7.0,--,22,15400,买盘
2312,11:26:03,7.0,--,61,42700,买盘
2313,11:25:57,7.0,--,56,39200,买盘
2314,11:25:54,7.0,0.01,6,4200,买盘
2315,11:25:51,6.99,-0.01,48,33552,卖盘
2316,11:25:48,7.0,0.01,6,4200,买盘
2317,11:25:45,6.99,--,21,14679,卖盘
2318,11:25:42,6.99,-0.01,40,27960,卖盘
2319,11:25:39,7.0,--,32,22400,买盘
2320,11:25:33,7.0,--,85,59500,买盘
2321,11:25:30,7.0,--,20,14000,买盘
2322,11:25:27,7.0,--,7,4900,买盘
2323,11:25:24,7.0,--,26,18200,买盘
2324,11:25:21,7.0,--,1,700,买盘
2325,11:25:18,7.0,--,41,28700,买盘
2326,11:25:12,7.0,--,26,18200,买盘
2327,11:25:09,7.0,0.01,50,35000,买盘
2328,11:25:06,6.99,-0.01,2,1398,卖盘
2329,11:25:03,7.0,--,8,5600,买盘
2330,11:25:00,7.0,--,70,49000,买盘
2331,11:24:57,7.0,--,6,4200,买盘
2332,11:24:54,7.0,--,9,6300,买盘
2333,11:24:51,7.0,--,71,49700,买盘
2334,11:24:48,7.0,0.01,27,18900,买盘
2335,11:24:45,6.99,-0.01,7,4893,卖盘
2336,11:24:39,7.0,--,138,96600,买盘
2337,11:24:36,7.0,--,30,21000,买盘
2338,11:24:33,7.0,--,6,4200,买盘
2339,11:24:30,7.0,--,1,700,买盘
2340,11:24:27,7.0,--,28,19600,买盘
2341,11:24:24,7.0,--,32,22400,买盘
2342,11:24:21,7.0,--,1,700,买盘
2343,11:24:18,7.0,--,27,18900,买盘
2344,11:24:15,7.0,--,30,21000,买盘
2345,11:24:12,7.0,--,8,5600,买盘
2346,11:24:09,7.0,--,9,6300,买盘
2347,11:24:06,7.0,--,68,47600,买盘
2348,11:24:03,7.0,--,25,17500,买盘
2349,11:24:00,7.0,--,1,700,买盘
2350,11:23:57,7.0,--,6,4200,买盘
2351,11:23:54,7.0,0.01,52,36400,买盘
2352,11:23:51,6.99,-0.01,55,38445,卖盘
2353,11:23:48,7.0,0.01,7,4900,买盘
2354,11:23:45,6.99,-0.01,88,61512,卖盘
2355,11:23:42,7.0,--,390,273000,买盘
2356,11:23:39,7.0,--,6,4200,买盘
2357,11:23:36,7.0,0.01,21,14700,买盘
2358,11:23:33,6.99,-0.01,21,14679,卖盘
2359,11:23:30,7.0,--,49,34300,买盘
2360,11:23:27,7.0,--,4,2800,买盘
2361,11:23:24,7.0,--,6,4200,买盘
2362,11:23:21,7.0,--,21,14700,买盘
2363,11:23:18,7.0,--,37,25900,买盘
2364,11:23:12,7.0,--,7,4900,买盘
2365,11:23:09,7.0,0.01,27,18900,买盘
2366,11:23:06,6.99,-0.01,28,19572,卖盘
2367,11:23:03,7.0,0.01,106,74200,买盘
2368,11:23:00,6.99,-0.01,21,14679,卖盘
2369,11:22:57,7.0,--,126,88200,买盘
2370,11:22:54,7.0,0.01,6,4200,买盘
2371,11:22:51,6.99,-0.01,25,17475,卖盘
2372,11:22:48,7.0,0.01,29,20300,买盘
2373,11:22:45,6.99,-0.01,26,18174,卖盘
2374,11:22:42,7.0,--,6,4200,买盘
2375,11:22:39,7.0,--,7,4900,买盘
2376,11:22:36,7.0,--,49,34300,买盘
2377,11:22:33,7.0,--,30,21000,买盘
2378,11:22:30,7.0,--,1,700,买盘
2379,11:22:27,7.0,--,9,6300,买盘
2380,11:22:24,7.0,--,25,17500,买盘
2381,11:22:21,7.0,--,25,17500,买盘
2382,11:22:18,7.0,--,9,6300,买盘
2383,11:22:15,7.0,--,62,43400,买盘
2384,11:22:12,7.0,--,20,14000,买盘
2385,11:22:09,7.0,--,6,4200,买盘
2386,11:22:06,7.0,--,39,27300,买盘
2387,11:22:03,7.0,--,16,11200,买盘
2388,11:22:00,7.0,--,19,13300,买盘
2389,11:21:57,7.0,--,6,4200,买盘
2390,11:21:54,7.0,0.01,154,107800,买盘
2391,11:21:51,6.99,-0.01,44,30756,卖盘
2392,11:21:48,7.0,0.01,33,23100,买盘
2393,11:21:45,6.99,-0.01,1,699,卖盘
2394,11:21:42,7.0,--,6,4200,买盘
2395,11:21:39,7.0,--,28,19600,买盘
2396,11:21:36,7.0,--,21,14700,买盘
2397,11:21:33,7.0,--,8,5600,买盘
2398,11:21:30,7.0,--,1,700,买盘
2399,11:21:27,7.0,--,29,20300,买盘
2400,11:21:24,7.0,--,6,4200,买盘
2401,11:21:18,7.0,--,24,16800,买盘
2402,11:21:12,7.0,--,6,4200,买盘
2403,11:21:09,7.0,0.01,8,5600,买盘
2404,11:21:06,6.99,-0.01,22,15378,卖盘
2405,11:21:03,7.0,--,128,89600,买盘
2406,11:21:00,7.0,0.01,6,4200,买盘
2407,11:20:57,6.99,-0.01,1,699,卖盘
2408,11:20:54,7.0,0.01,72,50400,买盘
2409,11:20:51,6.99,-0.01,66,46134,卖盘
2410,11:20:48,7.0,0.01,6,4200,买盘
2411,11:20:45,6.99,-0.01,37,25863,卖盘
2412,11:20:42,7.0,0.01,6,4200,买盘
2413,11:20:39,6.99,--,32,22368,卖盘
2414,11:20:36,6.99,-0.01,1,699,卖盘
2415,11:20:33,7.0,--,66,46200,买盘
2416,11:20:30,7.0,0.01,7,4900,买盘
2417,11:20:27,6.99,-0.01,2,1398,卖盘
2418,11:20:24,7.0,--,28,19600,买盘
2419,11:20:21,7.0,--,20,14000,买盘
2420,11:20:18,7.0,0.01,24,16800,买盘
2421,11:20:15,6.99,-0.01,20,13980,卖盘
2422,11:20:12,7.0,0.01,6,4200,买盘
2423,11:20:09,6.99,--,68,47532,卖盘
2424,11:20:06,6.99,-0.01,13,9087,卖盘
2425,11:20:03,7.0,--,29,20300,买盘
2426,11:20:00,7.0,0.01,43,30100,买盘
2427,11:19:57,6.99,--,1,699,卖盘
2428,11:19:54,6.99,-0.01,96,67104,卖盘
2429,11:19:51,7.0,--,48,33600,买盘
2430,11:19:48,7.0,0.01,26,18200,买盘
2431,11:19:45,6.99,-0.01,46,32154,卖盘
2432,11:19:42,7.0,0.01,28,19600,买盘
2433,11:19:39,6.99,-0.01,506,353694,卖盘
2434,11:19:36,7.0,--,21,14700,买盘
2435,11:19:33,7.0,--,49,34300,买盘
2436,11:19:30,7.0,--,1,700,买盘
2437,11:19:27,7.0,--,26,18200,买盘
2438,11:19:24,7.0,--,15,10500,买盘
2439,11:19:21,7.0,--,22,15400,买盘
2440,11:19:18,7.0,-0.01,298,208600,卖盘
2441,11:19:15,7.01,--,41,28741,买盘
2442,11:19:12,7.01,0.01,209,146509,买盘
2443,11:19:09,7.0,0.01,45,31500,买盘
2444,11:19:06,6.99,-0.01,2,1398,卖盘
2445,11:19:03,7.0,--,47,32900,买盘
2446,11:19:00,7.0,--,50,35000,买盘
2447,11:18:57,7.0,--,52,36400,买盘
2448,11:18:54,7.0,-0.01,416,291200,卖盘
2449,11:18:51,7.01,--,65,45565,买盘
2450,11:18:48,7.01,0.01,95,66595,买盘
2451,11:18:45,7.0,-0.01,25,17500,卖盘
2452,11:18:42,7.01,--,26,18226,买盘
2453,11:18:39,7.01,--,27,18927,买盘
2454,11:18:33,7.01,--,9,6309,买盘
2455,11:18:30,7.01,--,70,49070,买盘
2456,11:18:27,7.01,0.01,38,26638,买盘
2457,11:18:24,7.0,-0.01,7,4900,卖盘
2458,11:18:21,7.01,--,6,4206,买盘
2459,11:18:18,7.01,--,21,14721,买盘
2460,11:18:15,7.01,--,19,13319,买盘
2461,11:18:12,7.01,--,26,18226,买盘
2462,11:18:09,7.01,0.01,27,18927,买盘
2463,11:18:06,7.0,--,2,1400,卖盘
2464,11:18:03,7.0,--,38,26600,卖盘
2465,11:18:00,7.0,-0.01,82,57400,卖盘
2466,11:17:57,7.01,0.01,36,25236,买盘
2467,11:17:54,7.0,--,48,33600,卖盘
2468,11:17:51,7.0,-0.01,126,88200,卖盘
2469,11:17:48,7.01,0.01,8,5608,买盘
2470,11:17:45,7.0,-0.01,20,14000,卖盘
2471,11:17:42,7.01,--,78,54678,买盘
2472,11:17:39,7.01,--,86,60286,买盘
2473,11:17:36,7.01,--,25,17525,买盘
2474,11:17:33,7.01,--,24,16824,买盘
2475,11:17:30,7.01,0.01,28,19628,买盘
2476,11:17:27,7.0,-0.01,2,1400,卖盘
2477,11:17:24,7.01,0.01,26,18226,买盘
2478,11:17:21,7.0,-0.01,20,14000,卖盘
2479,11:17:18,7.01,--,26,18226,买盘
2480,11:17:15,7.01,--,5,3505,买盘
2481,11:17:12,7.01,--,45,31545,买盘
2482,11:17:09,7.01,0.01,30,21030,买盘
2483,11:17:06,7.0,-0.01,1,700,中性盘
2484,11:17:00,7.01,0.02,47,32947,买盘
2485,11:16:57,6.99,-0.02,54,37746,卖盘
2486,11:16:54,7.01,--,2,1402,买盘
2487,11:16:51,7.01,0.01,73,51173,买盘
2488,11:16:48,7.0,0.01,474,331800,买盘
2489,11:16:45,6.99,-0.01,20,13980,卖盘
2490,11:16:42,7.0,--,6,4200,买盘
2491,11:16:39,7.0,--,27,18900,买盘
2492,11:16:36,7.0,--,242,169400,买盘
2493,11:16:33,7.0,--,6,4200,买盘
2494,11:16:30,7.0,--,30,21000,买盘
2495,11:16:27,7.0,--,63,44100,买盘
2496,11:16:24,7.0,--,9,6300,买盘
2497,11:16:21,7.0,--,5,3500,买盘
2498,11:16:18,7.0,--,25,17500,买盘
2499,11:16:15,7.0,--,20,14000,买盘
2500,11:16:12,7.0,--,44,30800,买盘
2501,11:16:09,7.0,--,77,53900,卖盘
2502,11:16:06,7.0,-0.01,39,27300,卖盘
2503,11:16:03,7.01,--,47,32947,买盘
2504,11:15:57,7.01,--,32,22432,买盘
2505,11:15:54,7.01,--,68,47668,买盘
2506,11:15:51,7.01,--,48,33648,买盘
2507,11:15:48,7.01,0.01,352,247032,买盘
2508,11:15:45,7.0,-0.01,15,10500,卖盘
2509,11:15:42,7.01,--,35,24535,买盘
2510,11:15:39,7.01,--,6,4206,买盘
2511,11:15:36,7.01,--,24,16824,买盘
2512,11:15:33,7.01,--,27,18927,买盘
2513,11:15:30,7.01,--,24,16824,买盘
2514,11:15:27,7.01,--,30,21030,买盘
2515,11:15:24,7.01,--,6,4206,买盘
2516,11:15:21,7.01,--,18,12618,买盘
2517,11:15:18,7.01,--,524,367324,买盘
2518,11:15:15,7.01,0.01,6,4206,买盘
2519,11:15:12,7.0,-0.01,83,58100,卖盘
2520,11:15:09,7.01,0.01,26,18226,买盘
2521,11:15:06,7.0,-0.01,2,1400,卖盘
2522,11:15:03,7.01,0.01,23,16123,买盘
2523,11:15:00,7.0,-0.01,54,37800,卖盘
2524,11:14:57,7.01,0.01,51,35751,买盘
2525,11:14:54,7.0,-0.01,12,8400,卖盘
2526,11:14:51,7.01,--,52,36452,买盘
2527,11:14:48,7.01,0.01,34,23834,买盘
2528,11:14:45,7.0,--,28,19600,卖盘
2529,11:14:42,7.0,-0.01,5,3500,卖盘
2530,11:14:39,7.01,--,41,28741,买盘
2531,11:14:36,7.01,--,20,14020,买盘
2532,11:14:33,7.01,--,20,14020,买盘
2533,11:14:30,7.01,--,24,16824,买盘
2534,11:14:27,7.01,0.01,26,18226,买盘
2535,11:14:24,7.0,--,15,10500,买盘
2536,11:14:21,7.0,--,66,46200,买盘
2537,11:14:18,7.0,--,106,74200,买盘
2538,11:14:15,7.0,--,48,33600,买盘
2539,11:14:09,7.0,0.01,18,12600,买盘
2540,11:14:06,6.99,-0.01,1,699,卖盘
2541,11:14:03,7.0,0.01,46,32200,买盘
2542,11:14:00,6.99,-0.01,66,46134,卖盘
2543,11:13:57,7.0,--,7,4900,买盘
2544,11:13:54,7.0,0.01,26,18200,买盘
2545,11:13:51,6.99,-0.01,18,12582,卖盘
2546,11:13:48,7.0,0.01,54,37800,买盘
2547,11:13:45,6.99,-0.01,21,14679,中性盘
2548,11:13:42,7.0,0.01,109,76300,买盘
2549,11:13:39,6.99,-0.01,24,16776,卖盘
2550,11:13:36,7.0,--,25,17500,买盘
2551,11:13:30,7.0,--,664,464800,买盘
2552,11:13:27,7.0,0.02,2,1400,买盘
2553,11:13:24,6.98,-0.02,641,447418,卖盘
2554,11:13:21,7.0,--,668,467600,买盘
2555,11:13:18,7.0,--,42,29400,买盘
2556,11:13:15,7.0,0.01,1150,805000,买盘
2557,11:13:12,6.99,--,15,10485,卖盘
2558,11:13:09,6.99,--,67,46833,卖盘
2559,11:13:06,6.99,-0.01,26,18174,卖盘
2560,11:13:03,7.0,--,12,8400,买盘
2561,11:13:00,7.0,--,1,700,买盘
2562,11:12:57,7.0,0.01,111,77700,买盘
2563,11:12:54,6.99,-0.01,29,20271,卖盘
2564,11:12:51,7.0,--,62,43400,买盘
2565,11:12:48,7.0,0.01,109,76300,买盘
2566,11:12:45,6.99,-0.01,26,18174,卖盘
2567,11:12:42,7.0,0.01,202,141400,买盘
2568,11:12:39,6.99,-0.01,63,44037,卖盘
2569,11:12:36,7.0,--,20,14000,买盘
2570,11:12:33,7.0,--,54,37800,买盘
2571,11:12:30,7.0,--,6,4200,买盘
2572,11:12:27,7.0,--,93,65100,买盘
2573,11:12:24,7.0,0.01,72,50400,买盘
2574,11:12:21,6.99,-0.01,25,17475,卖盘
2575,11:12:18,7.0,--,52,36400,买盘
2576,11:12:15,7.0,--,39,27300,买盘
2577,11:12:12,7.0,--,8,5600,买盘
2578,11:12:09,7.0,0.01,6,4200,买盘
2579,11:12:06,6.99,-0.01,2,1398,卖盘
2580,11:12:03,7.0,--,60,42000,买盘
2581,11:12:00,7.0,0.01,72,50400,买盘
2582,11:11:57,6.99,--,20,13980,卖盘
2583,11:11:54,6.99,-0.01,7,4893,卖盘
2584,11:11:51,7.0,--,109,76300,买盘
2585,11:11:48,7.0,0.01,8,5600,买盘
2586,11:11:45,6.99,-0.01,13,9087,卖盘
2587,11:11:42,7.0,0.01,6,4200,买盘
2588,11:11:39,6.99,-0.01,96,67104,卖盘
2589,11:11:36,7.0,--,31,21700,买盘
2590,11:11:33,7.0,--,30,21000,买盘
2591,11:11:30,7.0,--,101,70700,买盘
2592,11:11:27,7.0,--,47,32900,买盘
2593,11:11:24,7.0,--,6,4200,买盘
2594,11:11:21,7.0,--,71,49700,买盘
2595,11:11:18,7.0,0.01,27,18900,买盘
2596,11:11:15,6.99,-0.01,34,23766,卖盘
2597,11:11:12,7.0,--,16,11200,买盘
2598,11:11:09,7.0,--,9,6300,买盘
2599,11:11:06,7.0,--,241,168700,买盘
2600,11:11:03,7.0,--,128,89600,买盘
2601,11:10:57,7.0,0.01,46,32200,买盘
2602,11:10:54,6.99,-0.01,42,29358,卖盘
2603,11:10:51,7.0,--,47,32900,买盘
2604,11:10:48,7.0,0.01,32,22400,买盘
2605,11:10:45,6.99,-0.01,31,21669,卖盘
2606,11:10:42,7.0,--,6,4200,买盘
2607,11:10:39,7.0,--,6,4200,买盘
2608,11:10:36,7.0,--,1,700,买盘
2609,11:10:33,7.0,--,50,35000,买盘
2610,11:10:30,7.0,0.01,7,4900,中性盘
2611,11:10:27,6.99,-0.01,1,699,卖盘
2612,11:10:24,7.0,-0.01,7,4900,卖盘
2613,11:10:21,7.01,--,48,33648,买盘
2614,11:10:18,7.01,--,6,4206,买盘
2615,11:10:09,7.01,0.02,133,93233,买盘
2616,11:10:06,6.99,-0.01,1,699,卖盘
2617,11:10:03,7.0,0.01,6,4200,中性盘
2618,11:10:00,6.99,-0.01,145,101355,卖盘
2619,11:09:57,7.0,--,30,21000,买盘
2620,11:09:54,7.0,--,6,4200,买盘
2621,11:09:51,7.0,--,49,34300,买盘
2622,11:09:48,7.0,--,65,45500,买盘
2623,11:09:45,7.0,--,866,606200,买盘
2624,11:09:42,7.0,0.01,6,4200,买盘
2625,11:09:39,6.99,-0.01,7,4893,卖盘
2626,11:09:36,7.0,--,19,13300,买盘
2627,11:09:33,7.0,--,6,4200,买盘
2628,11:09:30,7.0,--,1,700,买盘
2629,11:09:27,7.0,--,87,60900,买盘
2630,11:09:24,7.0,-0.01,408,285600,卖盘
2631,11:09:21,7.01,--,21,14721,买盘
2632,11:09:18,7.01,0.01,9,6309,买盘
2633,11:09:15,7.0,-0.01,1062,743400,卖盘
2634,11:09:12,7.01,0.01,100,70100,买盘
2635,11:09:09,7.0,--,16,11200,卖盘
2636,11:09:06,7.0,-0.01,161,112700,卖盘
2637,11:09:03,7.01,--,61,42761,买盘
2638,11:09:00,7.01,--,6,4206,买盘
2639,11:08:57,7.01,0.01,3,2103,买盘
2640,11:08:54,7.0,--,71,49700,卖盘
2641,11:08:51,7.0,--,48,33600,卖盘
2642,11:08:48,7.0,0.01,76,53200,买盘
2643,11:08:45,6.99,-0.01,18,12582,卖盘
2644,11:08:42,7.0,--,41,28700,买盘
2645,11:08:39,7.0,--,20,14000,买盘
2646,11:08:33,7.0,-0.01,107,74900,卖盘
2647,11:08:30,7.01,--,20,14020,买盘
2648,11:08:27,7.01,--,49,34349,买盘
2649,11:08:24,7.01,--,6,4206,买盘
2650,11:08:18,7.01,--,47,32947,买盘
2651,11:08:12,7.01,--,12,8412,买盘
2652,11:08:09,7.01,0.01,23,16123,买盘
2653,11:08:06,7.0,--,49,34300,买盘
2654,11:08:03,7.0,0.01,10,7000,买盘
2655,11:08:00,6.99,-0.01,1,699,卖盘
2656,11:07:57,7.0,--,46,32200,买盘
2657,11:07:54,7.0,--,6,4200,买盘
2658,11:07:51,7.0,--,36,25200,卖盘
2659,11:07:48,7.0,0.01,765,535500,买盘
2660,11:07:45,6.99,-0.01,54,37746,卖盘
2661,11:07:42,7.0,0.01,6,4200,买盘
2662,11:07:39,6.99,-0.01,8,5592,卖盘
2663,11:07:36,7.0,--,126,88200,买盘
2664,11:07:33,7.0,--,31,21700,买盘
2665,11:07:30,7.0,--,63,44100,卖盘
2666,11:07:27,7.0,--,32,22400,卖盘
2667,11:07:24,7.0,--,56,39200,卖盘
2668,11:07:21,7.0,--,115,80500,卖盘
2669,11:07:18,7.0,--,707,494900,卖盘
2670,11:07:15,7.0,-0.01,30,21000,卖盘
2671,11:07:12,7.01,0.01,129,90429,买盘
2672,11:07:09,7.0,-0.01,31,21700,卖盘
2673,11:07:06,7.01,0.01,3,2103,买盘
2674,11:07:03,7.0,--,77,53900,卖盘
2675,11:07:00,7.0,-0.01,3,2100,卖盘
2676,11:06:57,7.01,0.01,66,46266,买盘
2677,11:06:54,7.0,--,80,56000,卖盘
2678,11:06:51,7.0,-0.01,45,31500,卖盘
2679,11:06:48,7.01,0.01,49,34349,买盘
2680,11:06:45,7.0,-0.01,34,23800,卖盘
2681,11:06:42,7.01,--,26,18226,买盘
2682,11:06:39,7.01,--,270,189270,买盘
2683,11:06:36,7.01,--,52,36452,买盘
2684,11:06:33,7.01,--,6,4206,买盘
2685,11:06:30,7.01,--,46,32246,买盘
2686,11:06:27,7.01,--,31,21731,买盘
2687,11:06:24,7.01,0.01,46,32246,买盘
2688,11:06:21,7.0,-0.01,31,21700,卖盘
2689,11:06:18,7.01,0.01,46,32246,买盘
2690,11:06:15,7.0,-0.01,31,21700,卖盘
2691,11:06:12,7.01,--,8,5608,买盘
2692,11:06:09,7.01,--,45,31545,买盘
2693,11:06:06,7.01,--,44,30844,买盘
2694,11:06:03,7.01,0.01,8,5608,买盘
2695,11:06:00,7.0,-0.01,1,700,卖盘
2696,11:05:57,7.01,--,7,4907,买盘
2697,11:05:54,7.01,--,82,57482,买盘
2698,11:05:51,7.01,--,37,25937,买盘
2699,11:05:48,7.01,0.01,155,108655,买盘
2700,11:05:45,7.0,-0.01,69,48300,卖盘
2701,11:05:42,7.01,--,32,22432,买盘
2702,11:05:39,7.01,--,10,7010,买盘
2703,11:05:33,7.01,0.01,58,40658,买盘
2704,11:05:30,7.0,-0.01,84,58800,卖盘
2705,11:05:27,7.01,--,9,6309,买盘
2706,11:05:24,7.01,--,6,4206,买盘
2707,11:05:21,7.01,--,63,44163,买盘
2708,11:05:18,7.01,--,6,4206,买盘
2709,11:05:15,7.01,--,21,14721,买盘
2710,11:05:12,7.01,--,33,23133,买盘
2711,11:05:09,7.01,0.01,261,182961,买盘
2712,11:05:06,7.0,-0.01,1,700,卖盘
2713,11:05:03,7.01,--,41,28741,买盘
2714,11:05:00,7.01,--,59,41359,买盘
2715,11:04:57,7.01,--,29,20329,买盘
2716,11:04:54,7.01,0.01,39,27339,买盘
2717,11:04:51,7.0,-0.01,26,18200,卖盘
2718,11:04:48,7.01,0.01,96,67296,买盘
2719,11:04:45,7.0,-0.01,20,14000,卖盘
2720,11:04:42,7.01,0.01,35,24535,买盘
2721,11:04:39,7.0,-0.01,12,8400,卖盘
2722,11:04:36,7.01,0.02,41,28741,买盘
2723,11:04:33,6.99,-0.01,16,11184,卖盘
2724,11:04:30,7.0,-0.01,5,3500,卖盘
2725,11:04:27,7.01,0.01,44,30844,买盘
2726,11:04:24,7.0,--,6,4200,买盘
2727,11:04:21,7.0,--,1,700,买盘
2728,11:04:18,7.0,--,8,5600,买盘
2729,11:04:15,7.0,--,52,36400,买盘
2730,11:04:12,7.0,-0.01,31,21700,卖盘
2731,11:04:09,7.01,0.01,6,4206,买盘
2732,11:04:06,7.0,-0.01,1,700,卖盘
2733,11:04:03,7.01,0.01,49,34349,买盘
2734,11:04:00,7.0,-0.01,1,700,卖盘
2735,11:03:57,7.01,0.01,6,4206,买盘
2736,11:03:54,7.0,0.01,43,30100,中性盘
2737,11:03:51,6.99,-0.02,48,33552,卖盘
2738,11:03:48,7.01,0.02,35,24535,买盘
2739,11:03:45,6.99,-0.01,91,63609,卖盘
2740,11:03:42,7.0,--,72,50400,买盘
2741,11:03:39,7.0,0.01,884,618800,买盘
2742,11:03:33,6.99,-0.01,139,97161,卖盘
2743,11:03:30,7.0,--,71,49700,买盘
2744,11:03:27,7.0,--,9,6300,买盘
2745,11:03:24,7.0,--,6,4200,买盘
2746,11:03:21,7.0,--,49,34300,买盘
2747,11:03:18,7.0,--,26,18200,买盘
2748,11:03:15,7.0,--,83,58100,买盘
2749,11:03:12,7.0,--,48,33600,买盘
2750,11:03:09,7.0,0.01,47,32900,买盘
2751,11:03:06,6.99,-0.01,2,1398,卖盘
2752,11:03:03,7.0,0.01,6,4200,买盘
2753,11:03:00,6.99,-0.01,1,699,卖盘
2754,11:02:57,7.0,--,54,37800,买盘
2755,11:02:54,7.0,--,6,4200,买盘
2756,11:02:51,7.0,--,101,70700,买盘
2757,11:02:48,7.0,--,81,56700,卖盘
2758,11:02:45,7.0,-0.01,1,700,卖盘
2759,11:02:42,7.01,0.01,6,4206,买盘
2760,11:02:39,7.0,--,56,39200,买盘
2761,11:02:36,7.0,-0.01,285,199500,卖盘
2762,11:02:33,7.01,--,6,4206,买盘
2763,11:02:27,7.01,0.01,11,7711,买盘
2764,11:02:24,7.0,-0.01,68,47600,卖盘
2765,11:02:18,7.01,0.01,16,11216,买盘
2766,11:02:15,7.0,-0.01,149,104300,卖盘
2767,11:02:12,7.01,--,99,69399,买盘
2768,11:02:09,7.01,--,27,18927,买盘
2769,11:02:06,7.01,--,553,387653,买盘
2770,11:02:03,7.01,--,45,31545,买盘
2771,11:01:57,7.01,--,8,5608,买盘
2772,11:01:54,7.01,--,22,15422,买盘
2773,11:01:51,7.01,0.01,44,30844,买盘
2774,11:01:48,7.0,0.01,6,4200,买盘
2775,11:01:45,6.99,-0.01,2,1398,卖盘
2776,11:01:42,7.0,--,83,58100,买盘
2777,11:01:39,7.0,0.01,46,32200,买盘
2778,11:01:36,6.99,--,20,13980,卖盘
2779,11:01:33,6.99,-0.01,16,11184,卖盘
2780,11:01:30,7.0,--,49,34300,买盘
2781,11:01:27,7.0,--,10,7000,买盘
2782,11:01:24,7.0,--,6,4200,买盘
2783,11:01:21,7.0,--,35,24500,买盘
2784,11:01:18,7.0,--,27,18900,买盘
2785,11:01:15,7.0,--,6,4200,买盘
2786,11:01:09,7.0,--,47,32900,买盘
2787,11:01:06,7.0,--,221,154700,买盘
2788,11:01:03,7.0,--,200,140000,买盘
2789,11:01:00,7.0,--,314,219800,买盘
2790,11:00:57,7.0,--,184,128800,买盘
2791,11:00:54,7.0,--,6,4200,买盘
2792,11:00:51,7.0,--,9,6580,卖盘
2793,11:00:48,7.0,0.01,133,93520,买盘
2794,11:00:45,6.99,-0.01,75,52425,卖盘
2795,11:00:42,7.0,0.01,48,33600,买盘
2796,11:00:39,6.99,-0.01,330,230670,卖盘
2797,11:00:36,7.0,--,45,31500,买盘
2798,11:00:33,7.0,--,27,18900,买盘
2799,11:00:30,7.0,0.01,7,4900,买盘
2800,11:00:27,6.99,-0.01,1,699,卖盘
2801,11:00:24,7.0,--,52,36400,买盘
2802,11:00:18,7.0,--,1036,725200,买盘
2803,11:00:12,7.0,--,163,114100,买盘
2804,11:00:09,7.0,--,6,4200,买盘
2805,11:00:06,7.0,--,39,27300,买盘
2806,11:00:03,7.0,--,30,21000,买盘
2807,11:00:00,7.0,--,21,14700,买盘
2808,10:59:57,7.0,--,6,4200,买盘
2809,10:59:54,7.0,0.01,14,9800,买盘
2810,10:59:51,6.99,-0.01,71,49629,卖盘
2811,10:59:48,7.0,0.01,6,4200,买盘
2812,10:59:45,6.99,-0.01,24,16776,卖盘
2813,10:59:42,7.0,--,6,4200,买盘
2814,10:59:39,7.0,--,150,105000,买盘
2815,10:59:36,7.0,--,28,19600,买盘
2816,10:59:33,7.0,--,30,21000,买盘
2817,10:59:30,7.0,--,66,46200,买盘
2818,10:59:27,7.0,--,28,19600,买盘
2819,10:59:24,7.0,--,6,4200,买盘
2820,10:59:21,7.0,--,5,3500,买盘
2821,10:59:18,7.0,--,46,32200,买盘
2822,10:59:12,7.0,--,6,4200,买盘
2823,10:59:09,7.0,--,6,4200,买盘
2824,10:59:06,7.0,--,587,410900,买盘
2825,10:59:03,7.0,--,8,5600,买盘
2826,10:58:57,7.0,--,6,4200,买盘
2827,10:58:54,7.0,0.01,50,35000,买盘
2828,10:58:51,6.99,-0.01,44,30756,卖盘
2829,10:58:48,7.0,0.01,7,4900,买盘
2830,10:58:45,6.99,-0.01,43,30057,卖盘
2831,10:58:42,7.0,--,10,7000,买盘
2832,10:58:39,7.0,--,30,21000,买盘
2833,10:58:36,7.0,--,22,15400,买盘
2834,10:58:33,7.0,--,164,114800,买盘
2835,10:58:27,7.0,--,9,6300,买盘
2836,10:58:24,7.0,--,6,4200,买盘
2837,10:58:21,7.0,--,66,46200,买盘
2838,10:58:18,7.0,--,10,7000,买盘
2839,10:58:15,7.0,--,30,21000,买盘
2840,10:58:12,7.0,--,53,37100,买盘
2841,10:58:09,7.0,0.02,168,117600,买盘
2842,10:58:06,6.98,-0.01,22,15356,卖盘
2843,10:58:03,6.99,-0.01,23,16077,卖盘
2844,10:58:00,7.0,--,22,15400,买盘
2845,10:57:57,7.0,0.01,31,21700,买盘
2846,10:57:54,6.99,--,6,4194,买盘
2847,10:57:51,6.99,-0.01,18,12582,卖盘
2848,10:57:48,7.0,0.02,57,39900,买盘
2849,10:57:45,6.98,-0.02,25,17450,卖盘
2850,10:57:42,7.0,0.01,11,7700,买盘
2851,10:57:39,6.99,--,6,4194,买盘
2852,10:57:36,6.99,-0.01,92,64308,卖盘
2853,10:57:33,7.0,--,29,20300,买盘
2854,10:57:30,7.0,--,1,700,买盘
2855,10:57:27,7.0,--,193,135100,买盘
2856,10:57:24,7.0,--,6,4200,买盘
2857,10:57:18,7.0,--,46,32200,买盘
2858,10:57:15,7.0,--,21,14700,买盘
2859,10:57:12,7.0,--,7,4900,买盘
2860,10:57:09,7.0,0.01,6,4200,买盘
2861,10:57:06,6.99,-0.01,4,2796,卖盘
2862,10:57:03,7.0,0.01,31,21700,买盘
2863,10:56:57,6.99,--,6,4194,买盘
2864,10:56:54,6.99,--,194,135606,买盘
2865,10:56:51,6.99,--,48,33552,买盘
2866,10:56:48,6.99,0.01,114,79686,买盘
2867,10:56:45,6.98,-0.01,1,698,卖盘
2868,10:56:42,6.99,--,27,18873,买盘
2869,10:56:39,6.99,--,31,21669,买盘
2870,10:56:36,6.99,--,2043,1428057,买盘
2871,10:56:33,6.99,--,28,19572,买盘
2872,10:56:30,6.99,--,20,13980,买盘
2873,10:56:27,6.99,--,68,47532,买盘
2874,10:56:24,6.99,--,29,20271,买盘
2875,10:56:21,6.99,--,23,16077,买盘
2876,10:56:18,6.99,0.01,72,50328,买盘
2877,10:56:15,6.98,-0.01,55,38390,卖盘
2878,10:56:12,6.99,--,85,59415,买盘
2879,10:56:09,6.99,0.01,27,18873,买盘
2880,10:56:06,6.98,-0.01,50,34900,卖盘
2881,10:56:03,6.99,--,32,22368,买盘
2882,10:55:57,6.99,--,61,42639,买盘
2883,10:55:54,6.99,--,44,30756,买盘
2884,10:55:51,6.99,--,27,18873,买盘
2885,10:55:48,6.99,--,63,44037,买盘
2886,10:55:45,6.99,--,69,48231,买盘
2887,10:55:42,6.99,-0.01,39,27261,卖盘
2888,10:55:39,7.0,--,6,4200,买盘
2889,10:55:36,7.0,--,33,23100,买盘
2890,10:55:33,7.0,--,51,35700,买盘
2891,10:55:30,7.0,--,28,19600,买盘
2892,10:55:27,7.0,--,10,7000,买盘
2893,10:55:24,7.0,--,70,49000,买盘
2894,10:55:18,7.0,--,67,46900,买盘
2895,10:55:15,7.0,0.01,19,13300,买盘
2896,10:55:12,6.99,--,6,4194,买盘
2897,10:55:09,6.99,0.01,13,9087,买盘
2898,10:55:06,6.98,-0.01,31,21638,卖盘
2899,10:55:03,6.99,-0.01,670,468330,卖盘
2900,10:55:00,7.0,--,21,14700,买盘
2901,10:54:57,7.0,--,257,179900,买盘
2902,10:54:54,7.0,--,6,4200,买盘
2903,10:54:51,7.0,--,44,30800,买盘
2904,10:54:48,7.0,0.01,43,30100,买盘
2905,10:54:45,6.99,-0.01,112,78288,卖盘
2906,10:54:42,7.0,0.01,24,16800,买盘
2907,10:54:39,6.99,-0.01,87,60813,卖盘
2908,10:54:33,7.0,--,11,7700,买盘
2909,10:54:30,7.0,--,41,28700,买盘
2910,10:54:27,7.0,--,9,6300,买盘
2911,10:54:24,7.0,0.01,53,37100,买盘
2912,10:54:21,6.99,-0.01,20,13980,卖盘
2913,10:54:18,7.0,0.01,69,48300,买盘
2914,10:54:15,6.99,-0.01,2,1398,卖盘
2915,10:54:12,7.0,--,6,4200,买盘
2916,10:54:09,7.0,--,32,22400,买盘
