,time,price,change,volume,amount,type
0,15:00:03,10.3,--,4760,4902800,买盘
1,14:57:00,10.3,--,0,0,买盘
2,14:56:57,10.3,--,296,304880,买盘
3,14:56:54,10.3,--,106,109180,买盘
4,14:56:51,10.3,--,318,327540,买盘
5,14:56:48,10.3,0.01,27,27810,买盘
6,14:56:45,10.29,--,34,34986,卖盘
7,14:56:42,10.29,--,18,18522,卖盘
8,14:56:39,10.29,--,218,224321,卖盘
9,14:56:36,10.29,-0.01,21,21609,卖盘
10,14:56:33,10.3,--,49,50470,买盘
11,14:56:30,10.3,0.01,423,435690,买盘
12,14:56:27,10.29,--,15,15434,卖盘
13,14:56:24,10.29,--,198,204688,买盘
14,14:56:21,10.29,--,455,468194,买盘
15,14:56:18,10.29,--,124,127595,买盘
16,14:56:09,10.29,0.01,23,23666,买盘
17,14:56:06,10.28,-0.01,53,54484,卖盘
18,14:56:03,10.29,--,92,94667,买盘
19,14:56:00,10.29,--,6,6173,买盘
20,14:55:57,10.29,--,35,36015,买盘
21,14:55:54,10.29,--,33,34296,买盘
22,14:55:51,10.29,--,243,250046,买盘
23,14:55:48,10.29,--,74,76146,买盘
24,14:55:45,10.29,--,29,29840,买盘
25,14:55:42,10.29,--,45,46304,买盘
26,14:55:39,10.29,--,15,15434,买盘
27,14:55:36,10.29,--,107,110102,买盘
28,14:55:33,10.29,--,48,49391,买盘
29,14:55:30,10.29,--,134,137886,买盘
30,14:55:27,10.29,--,100,102899,买盘
31,14:55:24,10.29,0.01,3,3086,买盘
32,14:55:21,10.28,--,16,16448,卖盘
33,14:55:18,10.28,--,11,11308,卖盘
34,14:55:15,10.28,--,10,10280,卖盘
35,14:55:12,10.28,--,32,32896,卖盘
36,14:55:09,10.28,--,39,40092,卖盘
37,14:55:06,10.28,-0.01,54,55512,卖盘
38,14:55:03,10.29,0.01,64,65856,买盘
39,14:55:00,10.28,-0.01,90,92520,卖盘
40,14:54:57,10.29,0.01,19,19551,买盘
41,14:54:54,10.28,-0.01,36,37008,卖盘
42,14:54:51,10.29,--,139,143031,买盘
43,14:54:48,10.29,0.01,151,155379,买盘
44,14:54:45,10.28,--,314,322792,卖盘
45,14:54:42,10.28,-0.01,22,22616,卖盘
46,14:54:39,10.29,0.01,76,78204,买盘
47,14:54:36,10.28,--,21,21588,卖盘
48,14:54:33,10.28,--,10,10280,卖盘
49,14:54:30,10.28,--,14,14392,卖盘
50,14:54:27,10.28,--,65,66820,卖盘
51,14:54:21,10.28,--,37,38262,卖盘
52,14:54:12,10.28,--,149,153172,买盘
53,14:54:09,10.28,--,1,1028,买盘
54,14:54:06,10.28,--,197,202516,买盘
55,14:53:57,10.28,0.01,73,75044,买盘
56,14:53:54,10.27,-0.01,17,17459,卖盘
57,14:53:51,10.28,--,9,9252,买盘
58,14:53:48,10.28,--,467,480075,卖盘
59,14:53:45,10.28,-0.01,118,121303,卖盘
60,14:53:42,10.29,--,11,11318,买盘
61,14:53:39,10.29,0.01,43,44246,买盘
62,14:53:33,10.28,--,95,97660,卖盘
63,14:53:30,10.28,-0.01,50,51400,卖盘
64,14:53:27,10.29,--,51,52478,买盘
65,14:53:24,10.29,--,20,20580,买盘
66,14:53:21,10.29,0.01,5,5145,买盘
67,14:53:18,10.28,--,2,2056,卖盘
68,14:53:15,10.28,--,9,9252,卖盘
69,14:53:12,10.28,--,44,45232,卖盘
70,14:53:09,10.28,--,82,84296,卖盘
71,14:53:06,10.28,-0.01,44,45232,卖盘
72,14:53:00,10.29,0.01,146,150234,买盘
73,14:52:51,10.28,--,23,23644,卖盘
74,14:52:48,10.28,0.01,30,30839,卖盘
75,14:52:42,10.27,-0.01,948,973596,卖盘
76,14:52:39,10.28,-0.01,396,407170,卖盘
77,14:52:36,10.29,0.01,20,20580,买盘
78,14:52:33,10.28,-0.01,239,245691,卖盘
79,14:52:30,10.29,--,758,779981,买盘
80,14:52:27,10.29,--,23,23666,买盘
81,14:52:24,10.29,0.01,72,74088,买盘
82,14:52:21,10.28,-0.01,203,208684,卖盘
83,14:52:18,10.29,0.01,569,585501,买盘
84,14:52:12,10.28,-0.01,3,3084,卖盘
85,14:52:09,10.29,0.01,30,30869,买盘
86,14:52:06,10.28,-0.01,52,53456,卖盘
87,14:52:03,10.29,--,6,6173,买盘
88,14:52:00,10.29,0.01,37,38073,买盘
89,14:51:57,10.28,--,32,32896,卖盘
90,14:51:54,10.28,--,1005,1033139,卖盘
91,14:51:51,10.28,--,31,31867,卖盘
92,14:51:48,10.28,--,103,105884,卖盘
93,14:51:45,10.28,--,6,6168,卖盘
94,14:51:42,10.28,-0.01,60,61679,卖盘
95,14:51:39,10.29,0.01,20,20580,买盘
96,14:51:36,10.28,-0.01,7,7196,卖盘
97,14:51:33,10.29,0.01,310,318990,买盘
98,14:51:30,10.28,--,182,187096,卖盘
99,14:51:27,10.28,--,39,40092,卖盘
100,14:51:24,10.28,--,33,33924,卖盘
101,14:51:21,10.28,--,215,221020,卖盘
102,14:51:18,10.28,--,14,14392,卖盘
103,14:51:15,10.28,--,50,51400,卖盘
104,14:51:12,10.28,-0.01,1,1028,卖盘
105,14:51:09,10.29,0.01,15,15434,买盘
106,14:51:06,10.28,-0.01,55,56540,卖盘
107,14:51:03,10.29,0.01,48,49391,买盘
108,14:51:00,10.28,--,40,41120,卖盘
109,14:50:57,10.28,--,13,13364,卖盘
110,14:50:54,10.28,--,49,50372,卖盘
111,14:50:51,10.28,--,5,5140,卖盘
112,14:50:48,10.28,--,168,173649,买盘
113,14:50:45,10.28,--,603,619884,买盘
114,14:50:42,10.28,0.01,230,236439,买盘
115,14:50:39,10.27,-0.01,216,221832,卖盘
116,14:50:36,10.28,--,876,900528,买盘
117,14:50:27,10.28,0.01,149,153172,买盘
118,14:50:24,10.27,-0.01,15,15405,卖盘
119,14:50:21,10.28,0.01,6,6168,买盘
120,14:50:18,10.27,-0.01,26,26702,卖盘
121,14:50:15,10.28,0.01,10,10280,买盘
122,14:50:12,10.27,-0.01,74,75998,卖盘
123,14:50:09,10.28,--,250,256999,买盘
124,14:50:06,10.28,--,1,1028,买盘
125,14:50:00,10.28,0.01,60,61679,买盘
126,14:49:57,10.27,-0.01,29,29783,卖盘
127,14:49:54,10.28,--,10,10280,买盘
128,14:49:51,10.28,--,153,157284,买盘
129,14:49:48,10.28,--,14,14392,买盘
130,14:49:45,10.28,0.01,13,13364,买盘
131,14:49:42,10.27,-0.01,18,18486,卖盘
132,14:49:39,10.28,0.01,2,2056,买盘
133,14:49:36,10.27,-0.01,6,6162,卖盘
134,14:49:33,10.28,0.01,4,4112,买盘
135,14:49:30,10.27,--,106,108862,卖盘
136,14:49:27,10.27,--,146,150866,买盘
137,14:49:24,10.27,--,302,310154,买盘
138,14:49:21,10.27,--,76,78052,买盘
139,14:49:18,10.27,--,151,155077,买盘
140,14:49:15,10.27,--,139,142753,买盘
141,14:49:12,10.27,--,71,72917,买盘
142,14:49:09,10.27,--,236,242372,买盘
143,14:49:06,10.27,--,110,112970,买盘
144,14:49:03,10.27,--,37,37999,买盘
145,14:49:00,10.27,--,301,309127,买盘
146,14:48:51,10.27,0.01,144,147888,买盘
147,14:48:48,10.26,--,369,378963,买盘
148,14:48:45,10.26,0.01,22,22572,买盘
149,14:48:42,10.25,-0.01,40,41000,卖盘
150,14:48:39,10.26,--,500,513000,买盘
151,14:48:36,10.26,--,140,143640,买盘
152,14:48:33,10.26,--,36,36936,买盘
153,14:48:30,10.26,--,211,216486,买盘
154,14:48:27,10.26,--,85,87210,买盘
155,14:48:24,10.26,--,10,10260,买盘
156,14:48:21,10.26,--,645,661770,买盘
157,14:48:15,10.26,0.01,415,425790,买盘
158,14:48:12,10.25,--,3,3075,卖盘
159,14:48:09,10.25,-0.01,18,18450,卖盘
160,14:48:06,10.26,0.01,10,10260,买盘
161,14:47:57,10.25,--,50,51250,卖盘
162,14:47:54,10.25,--,40,41000,卖盘
163,14:47:48,10.25,-0.01,154,157850,卖盘
164,14:47:45,10.26,--,31,31806,买盘
165,14:47:42,10.26,0.01,30,30780,买盘
166,14:47:39,10.25,-0.01,42,43050,卖盘
167,14:47:36,10.26,0.01,149,152874,买盘
168,14:47:33,10.25,--,6,6150,卖盘
169,14:47:30,10.25,--,9,9225,卖盘
170,14:47:27,10.25,--,494,506350,卖盘
171,14:47:24,10.25,--,16,16400,卖盘
172,14:47:21,10.25,--,3683,3775966,买盘
173,14:47:18,10.25,--,56,57400,买盘
174,14:47:15,10.25,0.01,10,10250,买盘
175,14:47:12,10.24,-0.01,15,15360,卖盘
176,14:47:03,10.25,0.01,5,5125,买盘
177,14:47:00,10.24,--,3,3072,卖盘
178,14:46:57,10.24,--,27,27648,卖盘
179,14:46:48,10.24,--,174,178176,卖盘
180,14:46:45,10.24,--,10,10240,卖盘
181,14:46:42,10.24,--,12,12288,卖盘
182,14:46:39,10.24,--,24,24576,卖盘
183,14:46:36,10.24,-0.01,181,185344,卖盘
184,14:46:33,10.25,0.01,11,11275,买盘
185,14:46:30,10.24,--,5,5120,卖盘
186,14:46:27,10.24,-0.01,27,27648,卖盘
187,14:46:24,10.25,--,18,18450,买盘
188,14:46:21,10.25,--,4,4100,买盘
189,14:46:18,10.25,0.01,5,5125,买盘
190,14:46:15,10.24,--,7,7168,卖盘
191,14:46:12,10.24,-0.01,5,5120,卖盘
192,14:46:03,10.25,0.01,31,31775,买盘
193,14:46:00,10.24,-0.01,207,211968,卖盘
194,14:45:57,10.25,0.01,76,77900,买盘
195,14:45:54,10.24,-0.01,48,49152,卖盘
196,14:45:51,10.25,--,19,19475,买盘
197,14:45:48,10.25,--,57,58425,买盘
198,14:45:45,10.25,--,33,33825,买盘
199,14:45:39,10.25,--,8,8200,买盘
200,14:45:36,10.25,--,7,7175,买盘
201,14:45:33,10.25,--,9,9225,买盘
202,14:45:27,10.25,--,40,41000,买盘
203,14:45:24,10.25,--,10,10250,买盘
204,14:45:21,10.25,--,75,76875,买盘
205,14:45:18,10.25,0.01,4,4100,买盘
206,14:45:12,10.24,-0.01,34,34816,卖盘
207,14:45:09,10.25,0.01,15,15375,买盘
208,14:45:06,10.24,--,45,46080,卖盘
209,14:45:03,10.24,--,298,305152,卖盘
210,14:45:00,10.24,-0.01,59,60416,卖盘
211,14:44:48,10.25,--,55,56375,买盘
212,14:44:45,10.25,--,7,7175,买盘
213,14:44:42,10.25,--,10,10250,买盘
214,14:44:36,10.25,--,1,1025,买盘
215,14:44:33,10.25,--,5,5125,买盘
216,14:44:27,10.25,0.01,3,3075,买盘
217,14:44:24,10.24,-0.01,40,40960,卖盘
218,14:44:21,10.25,--,51,52275,买盘
219,14:44:18,10.25,--,72,73800,买盘
220,14:44:15,10.25,0.01,6,6150,买盘
221,14:44:12,10.24,--,21,21504,卖盘
222,14:44:06,10.24,-0.01,6,6144,卖盘
223,14:44:00,10.25,--,2,2050,买盘
224,14:43:51,10.25,0.01,3,3075,买盘
225,14:43:48,10.24,-0.01,49,50176,卖盘
226,14:43:45,10.25,0.01,7,7175,买盘
227,14:43:42,10.24,--,15,15360,卖盘
228,14:43:39,10.24,-0.01,5,5120,卖盘
229,14:43:36,10.25,0.01,31,31775,买盘
230,14:43:33,10.24,-0.01,103,105472,卖盘
231,14:43:30,10.25,--,2,2050,买盘
232,14:43:27,10.25,0.01,10,10250,买盘
233,14:43:24,10.24,-0.01,7,7168,卖盘
234,14:43:21,10.25,0.01,6,6150,买盘
235,14:43:18,10.24,-0.01,5,5120,卖盘
236,14:43:15,10.25,0.01,5,5125,买盘
237,14:43:12,10.24,--,26,26624,卖盘
238,14:43:06,10.24,--,4,4096,卖盘
239,14:43:00,10.24,--,60,61440,卖盘
240,14:42:54,10.24,-0.01,73,74752,卖盘
241,14:42:51,10.25,--,3,3075,买盘
242,14:42:45,10.25,0.01,1,1025,买盘
243,14:42:42,10.24,--,33,33792,卖盘
244,14:42:39,10.24,-0.01,3,3072,卖盘
245,14:42:36,10.25,--,263,269575,买盘
246,14:42:33,10.25,0.01,97,99425,买盘
247,14:42:21,10.24,-0.01,10,10240,卖盘
248,14:42:15,10.25,0.01,10,10250,买盘
249,14:42:06,10.24,-0.01,14,14336,卖盘
250,14:42:03,10.25,--,6,6150,买盘
251,14:41:48,10.25,--,20,20500,买盘
252,14:41:42,10.25,--,10,10250,买盘
253,14:41:39,10.25,--,45,46125,买盘
254,14:41:36,10.25,--,1,1025,买盘
255,14:41:24,10.25,--,68,69833,卖盘
256,14:41:21,10.25,--,18,18450,卖盘
257,14:41:18,10.25,-0.01,328,336200,卖盘
258,14:41:09,10.26,--,47,48222,买盘
259,14:41:06,10.26,0.01,2,2052,买盘
260,14:41:03,10.25,-0.01,302,309550,卖盘
261,14:41:00,10.26,--,3,3078,买盘
262,14:40:57,10.26,--,127,130302,买盘
263,14:40:48,10.26,--,64,65664,买盘
264,14:40:39,10.26,0.01,9,9234,买盘
265,14:40:36,10.25,--,15,15375,卖盘
266,14:40:30,10.25,--,2,2050,卖盘
267,14:40:27,10.25,--,42,43050,卖盘
268,14:40:24,10.25,-0.01,7,7175,卖盘
269,14:40:21,10.26,--,10,10260,买盘
270,14:40:12,10.26,0.01,50,51300,买盘
271,14:40:09,10.25,-0.01,92,94300,卖盘
272,14:40:06,10.26,0.01,5,5130,买盘
273,14:40:00,10.25,--,30,30750,卖盘
274,14:39:57,10.25,-0.01,28,28700,卖盘
275,14:39:54,10.26,--,1,1026,买盘
276,14:39:51,10.26,0.01,11,11286,买盘
277,14:39:45,10.25,-0.01,7,7175,卖盘
278,14:39:42,10.26,--,34,34884,买盘
279,14:39:36,10.26,0.01,1,1026,买盘
280,14:39:33,10.25,--,100,102500,卖盘
281,14:39:30,10.25,--,29,29725,卖盘
282,14:39:27,10.25,--,27,27675,卖盘
283,14:39:24,10.25,--,3,3075,卖盘
284,14:39:21,10.25,-0.01,10,10250,卖盘
285,14:39:18,10.26,0.01,27,27702,买盘
286,14:39:15,10.25,--,17,17425,卖盘
287,14:39:12,10.25,-0.01,86,88150,卖盘
288,14:39:09,10.26,--,7,7182,买盘
289,14:39:06,10.26,--,7,7182,买盘
290,14:39:00,10.26,--,60,61560,买盘
291,14:38:57,10.26,0.01,51,52326,买盘
292,14:38:54,10.25,--,13,13325,卖盘
293,14:38:51,10.25,--,14,14350,卖盘
294,14:38:48,10.25,-0.01,20,20500,卖盘
295,14:38:42,10.26,0.01,4,4104,买盘
296,14:38:39,10.25,-0.01,3,3075,卖盘
297,14:38:36,10.26,--,46,47196,买盘
298,14:38:33,10.26,0.01,67,68742,买盘
299,14:38:27,10.25,-0.01,27,27675,卖盘
300,14:38:21,10.26,--,103,105678,买盘
301,14:38:09,10.26,--,11,11286,买盘
302,14:38:06,10.26,--,83,85158,买盘
303,14:38:03,10.26,0.01,84,86184,买盘
304,14:37:57,10.25,--,33,33825,卖盘
305,14:37:54,10.25,--,18,18450,卖盘
306,14:37:51,10.25,-0.01,53,54325,卖盘
307,14:37:48,10.26,0.01,12,12312,买盘
308,14:37:45,10.25,--,26,26650,卖盘
309,14:37:39,10.25,--,12,12300,卖盘
310,14:37:36,10.25,-0.01,20,20500,卖盘
311,14:37:33,10.26,0.01,19,19494,买盘
312,14:37:30,10.25,--,20,20500,卖盘
313,14:37:18,10.25,--,48,49200,卖盘
314,14:37:15,10.25,-0.01,180,184500,卖盘
315,14:37:12,10.26,0.01,7,7182,买盘
316,14:37:09,10.25,--,8,8200,卖盘
317,14:37:06,10.25,--,17,17425,卖盘
318,14:37:03,10.25,-0.01,21,21525,卖盘
319,14:37:00,10.26,0.01,32,32832,买盘
320,14:36:57,10.25,--,5,5125,卖盘
321,14:36:54,10.25,-0.01,50,51250,卖盘
322,14:36:51,10.26,--,7,7182,买盘
323,14:36:48,10.26,0.01,115,117990,买盘
324,14:36:45,10.25,-0.01,20,20500,卖盘
325,14:36:42,10.26,--,6,6156,买盘
326,14:36:39,10.26,0.01,61,62586,买盘
327,14:36:36,10.25,--,34,34850,卖盘
328,14:36:27,10.25,--,40,41000,卖盘
329,14:36:24,10.25,--,12,12300,卖盘
330,14:36:21,10.25,0.01,192,197691,买盘
331,14:36:18,10.24,-0.01,12,12288,卖盘
332,14:36:15,10.25,--,1,1025,买盘
333,14:36:12,10.25,--,10,10250,买盘
334,14:36:00,10.25,0.01,115,117875,买盘
335,14:35:57,10.24,-0.01,30,30720,卖盘
336,14:35:54,10.25,--,34,34850,买盘
337,14:35:51,10.25,0.01,13,13325,买盘
338,14:35:48,10.24,--,54,55296,卖盘
339,14:35:45,10.24,-0.01,4,4096,卖盘
340,14:35:42,10.25,--,14,14350,买盘
341,14:35:39,10.25,0.01,2,2050,买盘
342,14:35:36,10.24,-0.01,10,10240,卖盘
343,14:35:33,10.25,--,3,3075,买盘
344,14:35:30,10.25,--,23,23575,买盘
345,14:35:27,10.25,0.01,7,7175,买盘
346,14:35:21,10.24,-0.01,4,4710,卖盘
347,14:35:12,10.25,--,8,8200,买盘
348,14:35:09,10.25,--,49,50225,买盘
349,14:35:06,10.25,--,2,2050,买盘
350,14:35:00,10.25,--,4,4100,买盘
351,14:34:57,10.25,--,976,1000533,卖盘
352,14:34:54,10.25,-0.01,10,10250,卖盘
353,14:34:51,10.26,--,13,13338,买盘
354,14:34:48,10.26,0.01,7,7182,买盘
355,14:34:45,10.25,-0.01,7,7175,卖盘
356,14:34:42,10.26,0.01,23,23598,买盘
357,14:34:39,10.25,-0.01,3,3075,卖盘
358,14:34:36,10.26,0.01,8,8208,买盘
359,14:34:27,10.25,--,52,53300,卖盘
360,14:34:24,10.25,--,11,11275,卖盘
361,14:34:12,10.25,-0.01,15,15375,卖盘
362,14:34:09,10.26,0.01,30,30780,买盘
363,14:34:06,10.25,--,1,1025,卖盘
364,14:34:03,10.25,--,1,1025,卖盘
365,14:34:00,10.25,--,145,148625,卖盘
366,14:33:57,10.25,-0.01,37,37925,卖盘
367,14:33:48,10.26,0.01,22,22572,买盘
368,14:33:42,10.25,--,62,63550,卖盘
369,14:33:39,10.25,--,906,928650,卖盘
370,14:33:36,10.25,-0.01,40,41000,卖盘
371,14:33:33,10.26,0.01,8,8208,买盘
372,14:33:30,10.25,--,5,5125,卖盘
373,14:33:27,10.25,--,37,37925,卖盘
374,14:33:24,10.25,-0.01,40,41000,卖盘
375,14:33:21,10.26,0.01,4,4104,买盘
376,14:33:18,10.25,-0.01,105,107625,卖盘
377,14:33:09,10.26,--,10,10260,买盘
378,14:33:03,10.26,0.01,23,23598,买盘
379,14:33:00,10.25,-0.01,55,56375,卖盘
380,14:32:57,10.26,0.01,37,37962,买盘
381,14:32:54,10.25,--,3,3075,卖盘
382,14:32:51,10.25,-0.01,80,82000,卖盘
383,14:32:48,10.26,0.01,20,20520,买盘
384,14:32:39,10.25,-0.01,4,4100,卖盘
385,14:32:36,10.26,0.01,10,10260,买盘
386,14:32:27,10.25,-0.01,4,4100,卖盘
387,14:32:24,10.26,--,23,23598,买盘
388,14:32:21,10.26,--,108,110808,买盘
389,14:32:18,10.26,--,8,8208,买盘
390,14:32:15,10.26,--,902,925452,买盘
391,14:32:09,10.26,--,19,19494,买盘
392,14:32:06,10.26,--,20,20520,买盘
393,14:32:00,10.26,--,161,165186,买盘
394,14:31:54,10.26,--,407,417582,买盘
395,14:31:51,10.26,--,10,10260,买盘
396,14:31:48,10.26,--,13,13338,买盘
397,14:31:45,10.26,0.01,2,2052,买盘
398,14:31:42,10.25,-0.01,84,86100,卖盘
399,14:31:39,10.26,--,11,11286,买盘
400,14:31:33,10.26,--,14,14364,买盘
401,14:31:30,10.26,--,64,65664,卖盘
402,14:31:27,10.26,-0.01,20,20520,卖盘
403,14:31:24,10.27,0.01,2,2054,买盘
404,14:31:21,10.26,-0.01,1,1026,中性盘
405,14:31:18,10.27,0.01,10,10270,买盘
406,14:31:06,10.26,--,57,58482,买盘
407,14:31:03,10.26,--,28,28728,买盘
408,14:31:00,10.26,-0.01,6,6156,中性盘
409,14:30:57,10.27,0.01,78,80106,买盘
410,14:30:54,10.26,--,2,2052,买盘
411,14:30:51,10.26,--,20,20520,买盘
412,14:30:48,10.26,--,12,12312,中性盘
413,14:30:42,10.26,--,50,51300,卖盘
414,14:30:39,10.26,--,112,114912,卖盘
415,14:30:36,10.26,-0.01,50,51300,卖盘
416,14:30:33,10.27,--,35,35945,买盘
417,14:30:30,10.27,--,14,14378,买盘
418,14:30:27,10.27,0.01,35,35945,买盘
419,14:30:18,10.26,--,5,5130,卖盘
420,14:30:15,10.26,--,6,6156,卖盘
421,14:30:12,10.26,-0.01,10,10260,卖盘
422,14:30:09,10.27,0.01,10,10270,买盘
423,14:30:03,10.26,-0.01,8,8208,卖盘
424,14:30:00,10.27,0.01,5,5135,买盘
425,14:29:57,10.26,--,52,53352,卖盘
426,14:29:54,10.26,-0.01,11,11286,卖盘
427,14:29:51,10.27,--,9,9243,买盘
428,14:29:48,10.27,0.01,3,3081,买盘
429,14:29:45,10.26,--,106,108756,买盘
430,14:29:42,10.26,--,10,10260,买盘
431,14:29:39,10.26,--,55,56430,买盘
432,14:29:36,10.26,--,1,1026,买盘
433,14:29:33,10.26,--,44,45144,买盘
434,14:29:30,10.26,--,9,9234,买盘
435,14:29:24,10.26,--,15,15390,买盘
436,14:29:21,10.26,--,236,242136,买盘
437,14:29:12,10.26,--,55,56430,买盘
438,14:29:09,10.26,--,2,2052,买盘
439,14:29:06,10.26,--,109,111834,买盘
440,14:29:03,10.26,--,15,15390,买盘
441,14:29:00,10.26,0.01,5,5130,买盘
442,14:28:57,10.25,-0.01,24,24600,卖盘
443,14:28:54,10.26,--,23,23598,买盘
444,14:28:48,10.26,--,41,42066,买盘
445,14:28:45,10.26,--,49,50274,买盘
446,14:28:39,10.26,--,18,18468,买盘
447,14:28:30,10.26,--,15,15390,买盘
448,14:28:27,10.26,--,8,8208,买盘
449,14:28:24,10.26,--,11,11286,买盘
450,14:28:21,10.26,--,6,6156,买盘
451,14:28:18,10.26,--,18,18468,买盘
452,14:28:15,10.26,0.01,31,31806,买盘
453,14:28:12,10.25,-0.01,10,11131,卖盘
454,14:28:09,10.26,--,6,6156,买盘
455,14:28:03,10.26,--,50,51300,买盘
456,14:28:00,10.26,--,113,115938,买盘
457,14:27:54,10.26,--,5,5130,买盘
458,14:27:51,10.26,0.01,7,7182,买盘
459,14:27:48,10.25,-0.01,11,11275,卖盘
460,14:27:45,10.26,0.01,14,14364,买盘
461,14:27:42,10.25,-0.01,18,18450,卖盘
462,14:27:39,10.26,--,53,54378,买盘
463,14:27:36,10.26,--,123,126198,买盘
464,14:27:27,10.26,--,138,141588,买盘
465,14:27:24,10.26,--,56,57456,买盘
466,14:27:21,10.26,0.01,1,1026,买盘
467,14:27:18,10.25,-0.01,10,10250,卖盘
468,14:27:12,10.26,--,24,24624,买盘
469,14:27:09,10.26,--,8,8208,买盘
470,14:27:00,10.26,0.01,20,20520,买盘
471,14:26:54,10.25,-0.01,9,9225,卖盘
472,14:26:51,10.26,--,7,7182,买盘
473,14:26:45,10.26,--,93,95418,买盘
474,14:26:42,10.26,0.01,25,25650,买盘
475,14:26:36,10.25,--,2,2050,卖盘
476,14:26:27,10.25,-0.01,10,10250,卖盘
477,14:26:24,10.26,--,10,10260,买盘
478,14:26:21,10.26,--,9,9234,卖盘
479,14:26:18,10.26,--,53,54378,买盘
480,14:26:15,10.26,--,1,1026,买盘
481,14:26:12,10.26,--,43,44118,买盘
482,14:26:09,10.26,--,60,61560,买盘
483,14:26:06,10.26,--,63,64638,买盘
484,14:26:00,10.26,0.01,60,61560,买盘
485,14:25:57,10.25,-0.01,5,5125,卖盘
486,14:25:54,10.26,0.01,66,67716,买盘
487,14:25:48,10.25,-0.01,9,9225,卖盘
488,14:25:45,10.26,-0.01,223,228798,卖盘
489,14:25:36,10.27,--,14,14378,买盘
490,14:25:30,10.27,--,11,11297,买盘
491,14:25:27,10.27,--,32,32864,买盘
492,14:25:24,10.27,--,3,3081,买盘
493,14:25:21,10.27,0.01,13,13351,买盘
494,14:25:18,10.26,-0.01,10,10260,卖盘
495,14:24:57,10.27,--,7,7189,买盘
496,14:24:51,10.27,--,12,12324,买盘
497,14:24:48,10.27,0.01,53,54431,买盘
498,14:24:45,10.26,0.01,3,3078,买盘
499,14:24:42,10.25,-0.01,9,9225,卖盘
500,14:24:39,10.26,--,2,2052,买盘
501,14:24:36,10.26,--,3,3078,买盘
502,14:24:33,10.26,--,13,13338,买盘
503,14:24:30,10.26,--,31,31806,买盘
504,14:24:27,10.26,--,11,11286,买盘
505,14:24:24,10.26,--,32,32832,买盘
506,14:24:21,10.26,--,60,61560,买盘
507,14:24:18,10.26,0.01,64,65664,买盘
508,14:24:15,10.25,--,5,5125,卖盘
509,14:24:06,10.25,-0.01,12,12300,卖盘
510,14:23:57,10.26,--,7,7182,买盘
511,14:23:54,10.26,--,134,137484,买盘
512,14:23:51,10.26,0.01,5,5130,买盘
513,14:23:48,10.25,-0.01,75,76875,卖盘
514,14:23:45,10.26,0.01,98,100548,买盘
515,14:23:42,10.25,--,50,51250,卖盘
516,14:23:39,10.25,-0.01,11,11275,卖盘
517,14:23:36,10.26,0.01,90,92340,买盘
518,14:23:33,10.25,--,25,25625,卖盘
519,14:23:30,10.25,--,10,10250,卖盘
520,14:23:27,10.25,--,10,10260,卖盘
521,14:23:12,10.25,-0.01,95,97375,卖盘
522,14:23:09,10.26,--,2,2052,买盘
523,14:23:06,10.26,--,8,8208,买盘
524,14:23:03,10.26,0.01,10,10260,买盘
525,14:23:00,10.25,-0.01,46,47150,卖盘
526,14:22:57,10.26,--,2,2052,买盘
527,14:22:54,10.26,--,264,270864,买盘
528,14:22:51,10.26,--,45,46170,买盘
529,14:22:48,10.26,--,4,4104,买盘
530,14:22:42,10.26,--,10,10260,买盘
531,14:22:39,10.26,--,189,193914,买盘
532,14:22:36,10.26,--,93,95418,买盘
533,14:22:33,10.26,--,13,13338,买盘
534,14:22:30,10.26,0.01,10,10260,买盘
535,14:22:27,10.25,--,56,57400,卖盘
536,14:22:24,10.25,--,9,9225,卖盘
537,14:22:15,10.25,--,50,51250,卖盘
538,14:22:09,10.25,-0.01,10,10250,卖盘
539,14:22:06,10.26,0.01,100,102600,买盘
540,14:22:00,10.25,-0.01,5,5125,卖盘
541,14:21:57,10.26,--,12,12312,买盘
542,14:21:48,10.26,0.01,19,19494,买盘
543,14:21:45,10.25,-0.01,18,18450,卖盘
544,14:21:42,10.26,0.01,10,10260,买盘
545,14:21:36,10.25,-0.01,17,17425,卖盘
546,14:21:33,10.26,--,9,9234,买盘
547,14:21:27,10.26,--,28,28728,买盘
548,14:21:21,10.26,0.01,9,9234,买盘
549,14:21:18,10.25,-0.01,64,65600,卖盘
550,14:21:15,10.26,--,8,8208,买盘
551,14:21:09,10.26,0.01,10,10260,买盘
552,14:21:06,10.25,-0.01,10,10250,卖盘
553,14:21:00,10.26,0.01,30,30780,买盘
554,14:20:57,10.25,--,99,101475,买盘
555,14:20:54,10.25,-0.01,10,10250,卖盘
556,14:20:51,10.26,0.01,5,5130,买盘
557,14:20:42,10.25,-0.01,183,187575,卖盘
558,14:20:36,10.26,0.01,8,8208,买盘
559,14:20:33,10.25,--,93,95325,卖盘
560,14:20:30,10.25,--,5,5125,卖盘
561,14:20:27,10.25,--,30,30750,卖盘
562,14:20:24,10.25,--,140,143500,卖盘
563,14:20:21,10.25,0.01,197,201925,买盘
564,14:20:12,10.24,-0.01,9,9216,卖盘
565,14:20:09,10.25,--,89,91225,卖盘
566,14:20:03,10.25,--,10,10250,卖盘
567,14:20:00,10.25,-0.01,10,10250,卖盘
568,14:19:57,10.26,0.01,18,18468,买盘
569,14:19:54,10.25,--,5,5125,卖盘
570,14:19:51,10.25,--,24,24600,卖盘
571,14:19:45,10.25,--,192,196800,卖盘
572,14:19:39,10.25,--,1,1025,卖盘
573,14:19:36,10.25,--,250,256250,卖盘
574,14:19:33,10.25,--,56,57400,卖盘
575,14:19:30,10.25,-0.01,25,25625,卖盘
576,14:19:27,10.26,0.01,17,17442,买盘
577,14:19:24,10.25,-0.01,33,33825,卖盘
578,14:19:21,10.26,--,11,11286,买盘
579,14:19:18,10.26,--,15,15390,买盘
580,14:19:15,10.26,--,1027,1053702,买盘
581,14:19:12,10.26,--,26,26676,买盘
582,14:19:09,10.26,0.01,3,3078,买盘
583,14:19:06,10.25,-0.01,9,9225,卖盘
584,14:18:54,10.26,-0.01,551,565326,卖盘
585,14:18:51,10.27,0.01,24,24648,买盘
586,14:18:42,10.26,-0.01,29,29754,卖盘
587,14:18:39,10.27,--,103,105781,买盘
588,14:18:36,10.27,--,6,6162,买盘
589,14:18:33,10.27,--,17,17459,买盘
590,14:18:30,10.27,--,2,2054,买盘
591,14:18:21,10.27,--,1,1027,买盘
592,14:18:18,10.27,-0.01,160,165141,卖盘
593,14:18:15,10.28,0.01,2,2056,买盘
594,14:18:12,10.27,--,30,30810,卖盘
595,14:18:09,10.27,-0.01,18,18486,卖盘
596,14:18:06,10.28,0.01,34,34952,买盘
597,14:18:03,10.27,--,100,102700,卖盘
598,14:18:00,10.27,--,15,15405,卖盘
599,14:17:57,10.27,--,2,2054,卖盘
600,14:17:54,10.27,-0.01,105,107835,卖盘
601,14:17:45,10.28,0.01,19,19532,买盘
602,14:17:42,10.27,--,4,4108,卖盘
603,14:17:39,10.27,--,10,10270,卖盘
604,14:17:36,10.27,-0.01,210,215670,卖盘
605,14:17:30,10.28,0.01,32,32896,买盘
606,14:17:27,10.27,--,145,148915,卖盘
607,14:17:24,10.27,--,20,20540,卖盘
608,14:17:21,10.27,--,7,7189,卖盘
609,14:17:18,10.27,--,205,210535,卖盘
610,14:17:12,10.27,--,5,5135,卖盘
611,14:17:09,10.27,--,11,11297,卖盘
612,14:17:06,10.27,--,5,5135,卖盘
613,14:17:00,10.27,--,20,20540,卖盘
614,14:16:57,10.27,--,1,1027,卖盘
615,14:16:54,10.27,-0.01,630,647010,卖盘
616,14:16:51,10.28,0.01,155,159340,买盘
617,14:16:48,10.27,-0.01,10,10270,卖盘
618,14:16:45,10.28,0.01,4,4112,买盘
619,14:16:42,10.27,--,13,13351,卖盘
620,14:16:39,10.27,--,20,20540,卖盘
621,14:16:33,10.27,--,93,95511,卖盘
622,14:16:30,10.27,--,10,10270,卖盘
623,14:16:27,10.27,-0.01,45,46215,卖盘
624,14:16:24,10.28,--,2,2056,买盘
625,14:16:21,10.28,--,20,20560,买盘
626,14:16:18,10.28,--,13,13364,买盘
627,14:16:12,10.28,--,20,20560,买盘
628,14:16:09,10.28,--,16,16448,买盘
629,14:16:03,10.28,--,20,20560,买盘
630,14:16:00,10.28,--,10,10280,买盘
631,14:15:57,10.28,--,10,10280,买盘
632,14:15:54,10.28,0.01,22,22616,买盘
633,14:15:51,10.27,-0.01,4,4313,卖盘
634,14:15:48,10.28,--,88,90464,买盘
635,14:15:45,10.28,--,50,51400,买盘
636,14:15:39,10.28,0.01,144,148032,买盘
637,14:15:33,10.27,-0.01,18,18486,卖盘
638,14:15:30,10.28,0.01,15,15419,买盘
639,14:15:27,10.27,-0.01,30,30810,卖盘
640,14:15:24,10.28,--,20,20560,买盘
641,14:15:18,10.28,0.01,5,5140,买盘
642,14:15:12,10.27,--,31,31837,卖盘
643,14:15:09,10.27,--,15,15405,卖盘
644,14:15:06,10.27,--,1,1027,卖盘
645,14:15:03,10.27,--,4,4108,卖盘
646,14:15:00,10.27,0.01,70,71890,买盘
647,14:14:57,10.26,-0.01,42,43092,卖盘
648,14:14:54,10.27,-0.01,10,10270,买盘
649,14:14:48,10.28,0.02,34,34952,买盘
650,14:14:45,10.26,--,7,7182,卖盘
651,14:14:42,10.26,--,9,9234,卖盘
652,14:14:36,10.26,-0.01,95,97470,卖盘
653,14:14:33,10.27,--,10,10270,买盘
654,14:14:30,10.27,0.01,50,51350,买盘
655,14:14:27,10.26,-0.01,23,23598,卖盘
656,14:14:24,10.27,--,12,12324,买盘
657,14:14:18,10.27,-0.01,36,36972,卖盘
658,14:14:12,10.28,0.01,28,28784,买盘
659,14:14:06,10.27,0.01,43,44161,买盘
660,14:14:03,10.26,-0.01,28,28728,卖盘
661,14:14:00,10.27,--,5,5135,买盘
662,14:13:57,10.27,0.01,6,6162,中性盘
663,14:13:54,10.26,-0.02,63,64638,卖盘
664,14:13:45,10.28,0.01,8,8224,买盘
665,14:13:42,10.27,--,84,86268,卖盘
666,14:13:39,10.27,0.01,181,185887,买盘
667,14:13:36,10.26,--,31,31806,卖盘
668,14:13:33,10.26,--,5,5130,卖盘
669,14:13:18,10.26,-0.01,93,95418,卖盘
670,14:13:06,10.27,--,16,16432,买盘
671,14:13:00,10.27,--,10,10270,买盘
672,14:12:57,10.27,-0.01,3,3081,中性盘
673,14:12:48,10.28,0.01,51,52428,买盘
674,14:12:42,10.27,-0.01,21,21649,卖盘
675,14:12:39,10.28,0.01,52,53456,买盘
676,14:12:36,10.27,--,12,12324,卖盘
677,14:12:33,10.27,0.01,71,73861,买盘
678,14:12:30,10.26,-0.01,30,30780,卖盘
679,14:12:24,10.27,--,9,9243,买盘
680,14:12:21,10.27,--,17,17459,买盘
681,14:12:18,10.27,--,157,161239,买盘
682,14:12:15,10.27,--,21,21567,买盘
683,14:12:12,10.27,0.01,500,513500,买盘
684,14:12:06,10.26,-0.01,24,24624,卖盘
685,14:12:03,10.27,--,27,27729,买盘
686,14:12:00,10.27,0.01,36,36972,买盘
687,14:11:57,10.26,-0.01,5,5130,卖盘
688,14:11:54,10.27,0.01,8,8216,买盘
689,14:11:48,10.26,-0.01,4,4104,卖盘
690,14:11:45,10.27,0.01,5,5135,买盘
691,14:11:30,10.26,--,18,18468,卖盘
692,14:11:27,10.26,-0.01,51,52326,卖盘
693,14:11:24,10.27,0.01,43,44161,买盘
694,14:11:15,10.26,--,5,5130,卖盘
695,14:11:09,10.26,-0.01,25,25650,卖盘
696,14:11:03,10.27,--,8,8216,买盘
697,14:11:00,10.27,--,3,3081,买盘
698,14:10:54,10.27,0.01,8,8216,买盘
699,14:10:51,10.26,-0.01,9,9234,卖盘
700,14:10:48,10.27,--,2,2054,买盘
701,14:10:45,10.27,--,50,51350,买盘
702,14:10:42,10.27,--,10,10270,买盘
703,14:10:39,10.27,--,88,90376,买盘
704,14:10:33,10.27,--,9,9243,买盘
705,14:10:30,10.27,--,185,190077,卖盘
706,14:10:27,10.27,--,227,233129,卖盘
707,14:10:18,10.27,--,22,22594,卖盘
708,14:10:15,10.27,-0.01,15,15405,卖盘
709,14:10:12,10.28,0.01,22,22616,买盘
710,14:10:09,10.27,-0.01,2,2054,卖盘
711,14:10:03,10.28,--,4,4112,买盘
712,14:10:00,10.28,0.01,11,11308,买盘
713,14:09:57,10.27,--,45,46215,卖盘
714,14:09:54,10.27,-0.01,12,12324,卖盘
715,14:09:51,10.28,0.01,32,32896,买盘
716,14:09:48,10.27,--,5,5135,卖盘
717,14:09:42,10.27,-0.01,0,102,卖盘
718,14:09:39,10.28,0.01,1,1028,买盘
719,14:09:30,10.27,-0.01,5,5135,卖盘
720,14:09:27,10.28,0.01,63,64763,买盘
721,14:09:24,10.27,-0.01,1,1027,卖盘
722,14:09:21,10.28,0.01,53,54484,买盘
723,14:09:15,10.27,-0.01,10,10270,卖盘
724,14:09:12,10.28,--,50,51400,买盘
725,14:09:09,10.28,0.01,440,452320,买盘
726,14:09:06,10.27,-0.01,11,11297,卖盘
727,14:09:00,10.28,--,8,8224,买盘
728,14:08:57,10.28,0.01,2,2056,买盘
729,14:08:54,10.27,-0.01,16,16432,卖盘
730,14:08:51,10.28,--,1,1028,买盘
731,14:08:48,10.28,0.01,39,40092,买盘
732,14:08:39,10.27,--,40,41080,卖盘
733,14:08:36,10.27,-0.01,24,24648,卖盘
734,14:08:33,10.28,--,8,8224,买盘
735,14:08:30,10.28,--,5,5140,买盘
736,14:08:24,10.28,--,30,30839,买盘
737,14:08:21,10.28,--,14,14392,买盘
738,14:08:15,10.28,0.01,8,8224,买盘
739,14:08:12,10.27,--,61,62647,卖盘
740,14:08:09,10.27,--,17,17459,卖盘
741,14:08:03,10.27,--,7,7189,卖盘
742,14:08:00,10.27,-0.01,17,17459,卖盘
743,14:07:57,10.28,0.01,108,111024,买盘
744,14:07:54,10.27,--,3,3081,卖盘
745,14:07:51,10.27,--,34,34918,卖盘
746,14:07:45,10.27,--,2,2054,卖盘
747,14:07:27,10.27,-0.01,27,27729,卖盘
748,14:07:18,10.28,0.01,5,5140,买盘
749,14:07:09,10.27,-0.01,10,10270,卖盘
750,14:07:06,10.28,0.01,7,7196,买盘
751,14:07:00,10.27,--,2,2054,卖盘
752,14:06:57,10.27,--,17,17459,卖盘
753,14:06:54,10.27,-0.01,14,14378,卖盘
754,14:06:51,10.28,--,6,6168,买盘
755,14:06:45,10.28,0.01,6,6168,买盘
756,14:06:36,10.27,--,13,13351,卖盘
757,14:06:33,10.27,--,10,11112,买盘
758,14:06:30,10.27,--,1,1027,买盘
759,14:06:27,10.27,--,25,25859,卖盘
760,14:06:24,10.27,--,185,190837,买盘
761,14:06:21,10.27,--,206,211562,买盘
762,14:06:15,10.27,--,108,111100,卖盘
763,14:06:12,10.27,--,98,100646,卖盘
764,14:06:09,10.27,--,18,19307,卖盘
765,14:06:06,10.27,--,20,20540,卖盘
766,14:05:57,10.27,--,64,65728,卖盘
767,14:05:54,10.27,--,12,12324,卖盘
768,14:05:45,10.27,-0.01,9,9243,卖盘
769,14:05:39,10.28,--,35,35980,买盘
770,14:05:33,10.28,--,27,27756,买盘
771,14:05:30,10.28,--,96,98688,买盘
772,14:05:27,10.28,0.01,14,14392,买盘
773,14:05:21,10.27,-0.01,51,52377,卖盘
774,14:05:18,10.28,--,150,154200,买盘
775,14:05:12,10.28,--,8,8224,买盘
776,14:05:09,10.28,--,19,19532,买盘
777,14:05:00,10.28,--,82,84296,买盘
778,14:04:57,10.28,0.01,21,21588,买盘
779,14:04:54,10.27,--,11,11297,卖盘
780,14:04:51,10.27,--,10,10270,卖盘
781,14:04:48,10.27,-0.01,1,1027,卖盘
782,14:04:45,10.28,--,7,7196,买盘
783,14:04:42,10.28,0.01,14,14392,买盘
784,14:04:39,10.27,-0.01,117,120159,卖盘
785,14:04:36,10.28,--,38,39064,买盘
786,14:04:33,10.28,0.01,116,119247,买盘
787,14:04:30,10.27,0.01,254,260878,买盘
788,14:04:24,10.26,-0.01,15,15390,卖盘
789,14:04:21,10.27,--,12,12324,买盘
790,14:04:15,10.27,--,7,7189,买盘
791,14:04:09,10.27,--,38,39026,买盘
792,14:04:06,10.27,--,5,5135,买盘
793,14:04:00,10.27,--,17,17459,买盘
794,14:03:57,10.27,--,8,8216,买盘
795,14:03:54,10.27,--,45,46215,买盘
796,14:03:51,10.27,0.01,7,7189,买盘
797,14:03:48,10.26,-0.01,1,1026,卖盘
798,14:03:45,10.27,--,20,20540,买盘
799,14:03:42,10.27,--,31,31837,买盘
800,14:03:39,10.27,0.01,5,5135,买盘
801,14:03:36,10.26,-0.01,9,9234,卖盘
802,14:03:33,10.27,0.01,5,5135,买盘
803,14:03:30,10.26,-0.01,21,21546,卖盘
804,14:03:27,10.27,0.01,15,15405,买盘
805,14:03:24,10.26,-0.01,62,63612,卖盘
806,14:03:21,10.27,--,115,118105,买盘
807,14:03:18,10.27,0.01,12,12324,买盘
808,14:03:15,10.26,-0.01,5,5130,卖盘
809,14:03:12,10.27,0.01,8,8216,买盘
810,14:03:09,10.26,--,100,102600,卖盘
811,14:03:06,10.26,-0.01,29,29754,卖盘
812,14:03:03,10.27,0.01,13,13351,买盘
813,14:03:00,10.26,-0.01,14,14364,卖盘
814,14:02:57,10.27,0.01,11,11297,买盘
815,14:02:54,10.26,-0.01,5,5130,卖盘
816,14:02:51,10.27,--,15,15405,买盘
817,14:02:48,10.27,--,20,20540,买盘
818,14:02:42,10.27,--,72,73944,卖盘
819,14:02:39,10.27,--,11,11297,卖盘
820,14:02:33,10.27,-0.01,40,41080,卖盘
821,14:02:30,10.28,0.01,11,11308,买盘
822,14:02:27,10.27,--,50,51350,卖盘
823,14:02:24,10.27,--,138,141726,卖盘
824,14:02:21,10.27,--,120,123240,卖盘
825,14:02:18,10.27,--,10,10270,卖盘
826,14:02:15,10.27,-0.01,17,17459,卖盘
827,14:02:09,10.28,--,10,10280,买盘
828,14:02:06,10.28,0.01,6,6168,买盘
829,14:01:57,10.27,-0.01,20,20540,卖盘
830,14:01:54,10.28,--,11,11308,买盘
831,14:01:51,10.28,--,230,236439,卖盘
832,14:01:48,10.28,--,30,30839,卖盘
833,14:01:45,10.28,--,10,10280,卖盘
834,14:01:42,10.28,--,100,102800,卖盘
835,14:01:39,10.28,--,23,23644,卖盘
836,14:01:36,10.28,--,250,256999,卖盘
837,14:01:33,10.28,--,137,140836,卖盘
838,14:01:30,10.28,--,4,4112,卖盘
839,14:01:27,10.28,--,147,151116,卖盘
840,14:01:24,10.28,--,5,5140,卖盘
841,14:01:21,10.28,--,138,141864,卖盘
842,14:01:18,10.28,--,14,14392,卖盘
843,14:01:15,10.28,--,30,30839,卖盘
844,14:01:12,10.28,--,2,2056,卖盘
845,14:01:09,10.28,--,143,147004,卖盘
846,14:01:06,10.28,--,21,21588,卖盘
847,14:01:03,10.28,--,109,112052,卖盘
848,14:01:00,10.28,-0.01,24,24672,卖盘
849,14:00:57,10.29,0.01,126,129653,买盘
850,14:00:54,10.28,--,22,22616,卖盘
851,14:00:51,10.28,--,26,26728,卖盘
852,14:00:48,10.28,--,41,42148,卖盘
853,14:00:42,10.28,--,30,30839,卖盘
854,14:00:39,10.28,--,32,32896,卖盘
855,14:00:36,10.28,-0.01,2,2056,卖盘
856,14:00:33,10.29,--,9,9261,买盘
857,14:00:30,10.29,--,107,110102,买盘
858,14:00:27,10.29,0.01,40,41160,买盘
859,14:00:24,10.28,-0.01,10,10280,卖盘
860,14:00:21,10.29,0.01,6,6173,买盘
861,14:00:18,10.28,--,15,15419,卖盘
862,14:00:15,10.28,-0.01,20,20560,卖盘
863,14:00:09,10.29,0.01,27,27782,买盘
864,14:00:06,10.28,-0.01,4,4112,卖盘
865,14:00:03,10.29,--,69,71001,买盘
866,14:00:00,10.29,--,38,39102,买盘
867,13:59:57,10.29,--,55,56594,买盘
868,13:59:54,10.29,0.01,107,110102,买盘
869,13:59:51,10.28,-0.01,1,1028,卖盘
870,13:59:45,10.29,--,88,90551,买盘
871,13:59:42,10.29,--,27,27782,买盘
872,13:59:39,10.29,--,60,61739,买盘
873,13:59:36,10.29,0.01,304,312816,买盘
874,13:59:33,10.28,-0.01,5,5140,卖盘
875,13:59:30,10.29,0.01,139,143031,买盘
876,13:59:27,10.28,-0.01,400,411200,卖盘
877,13:59:24,10.29,--,8,8232,买盘
878,13:59:21,10.29,--,61,62768,买盘
879,13:59:15,10.29,--,31,31898,买盘
880,13:59:12,10.29,0.01,730,751169,买盘
881,13:59:09,10.28,--,6,6168,卖盘
882,13:59:06,10.28,--,40,41120,买盘
883,13:59:03,10.28,--,32,32896,买盘
884,13:59:00,10.28,-0.01,22,22616,买盘
885,13:58:57,10.29,0.01,2765,2845184,买盘
886,13:58:54,10.28,--,158,162424,卖盘
887,13:58:51,10.28,--,13,13364,卖盘
888,13:58:48,10.28,--,4,4112,卖盘
889,13:58:45,10.28,-0.01,9,9252,卖盘
890,13:58:42,10.29,0.01,30,30869,买盘
891,13:58:39,10.28,--,69,70932,卖盘
892,13:58:36,10.28,--,2960,3042880,买盘
893,13:58:33,10.28,0.01,8,8224,买盘
894,13:58:30,10.27,--,26,26702,卖盘
895,13:58:27,10.27,-0.01,44,45188,卖盘
896,13:58:24,10.28,--,32,32896,买盘
897,13:58:21,10.28,0.01,9,9252,买盘
898,13:58:15,10.27,--,140,143780,卖盘
899,13:58:12,10.27,--,111,113997,卖盘
900,13:58:09,10.27,--,1,1027,卖盘
901,13:58:06,10.27,-0.01,10,10270,卖盘
902,13:58:03,10.28,0.01,12,12336,买盘
903,13:58:00,10.27,--,20,20540,买盘
904,13:57:57,10.27,--,55,56485,买盘
905,13:57:54,10.27,--,38,39026,买盘
906,13:57:51,10.27,--,5,5135,买盘
907,13:57:48,10.27,-0.01,46,47242,卖盘
908,13:57:45,10.28,0.01,52,53456,买盘
909,13:57:42,10.27,--,24,24648,卖盘
910,13:57:39,10.27,-0.01,23,23621,卖盘
911,13:57:36,10.28,0.01,107,109996,买盘
912,13:57:33,10.27,--,13,13351,卖盘
913,13:57:30,10.27,--,65,66755,卖盘
914,13:57:27,10.27,-0.01,27,27729,卖盘
915,13:57:24,10.28,0.01,44,45232,买盘
916,13:57:21,10.27,--,300,308100,卖盘
917,13:57:18,10.27,-0.01,15,15405,卖盘
918,13:57:15,10.28,0.01,77,79156,买盘
919,13:57:12,10.27,-0.01,56,57512,卖盘
920,13:57:06,10.28,--,15,15419,买盘
921,13:57:03,10.28,--,9,9252,买盘
922,13:57:00,10.28,--,213,218964,买盘
923,13:56:57,10.28,0.01,165,169620,买盘
924,13:56:54,10.27,-0.01,47,48269,卖盘
925,13:56:51,10.28,--,10,10280,买盘
926,13:56:48,10.28,0.01,20,20560,买盘
927,13:56:42,10.27,-0.01,33,33891,卖盘
928,13:56:39,10.28,0.01,19,19532,买盘
929,13:56:36,10.27,-0.01,1,1027,卖盘
930,13:56:33,10.28,--,281,288868,买盘
931,13:56:30,10.28,0.01,185,190180,买盘
932,13:56:27,10.27,--,87,89349,卖盘
933,13:56:24,10.27,--,3,3081,卖盘
934,13:56:21,10.27,-0.01,405,415935,卖盘
935,13:56:18,10.28,--,213,218964,买盘
936,13:56:15,10.28,--,111,114108,买盘
937,13:56:12,10.28,--,78,80184,买盘
938,13:56:09,10.28,0.01,81,83268,买盘
939,13:56:06,10.27,0.01,25,25675,中性盘
940,13:56:03,10.26,-0.01,72,73872,卖盘
941,13:56:00,10.27,-0.01,11,11297,中性盘
942,13:55:57,10.28,0.01,341,350548,买盘
943,13:55:54,10.27,--,14,14378,中性盘
944,13:55:51,10.27,--,704,723008,买盘
945,13:55:48,10.27,--,20,20540,买盘
946,13:55:45,10.27,--,12,12324,买盘
947,13:55:42,10.27,--,40,41080,买盘
948,13:55:39,10.27,0.01,7,7189,买盘
949,13:55:36,10.26,-0.01,1,1026,卖盘
950,13:55:33,10.27,0.02,162,166374,买盘
951,13:55:30,10.25,-0.01,5,5125,卖盘
952,13:55:27,10.26,--,976,1001376,买盘
953,13:55:24,10.26,0.01,946,970596,买盘
954,13:55:21,10.25,--,4297,4404425,买盘
955,13:55:15,10.25,0.01,86,88150,买盘
956,13:55:12,10.24,--,14,14336,卖盘
957,13:55:03,10.24,--,15,15360,卖盘
958,13:55:00,10.24,--,2617,2680371,买盘
959,13:54:57,10.24,--,55,56320,买盘
960,13:54:51,10.24,--,43,44032,买盘
961,13:54:42,10.24,--,20,20480,买盘
962,13:54:36,10.24,0.01,50,51200,买盘
963,13:54:33,10.23,-0.01,11,11253,卖盘
964,13:54:30,10.24,--,1,1024,买盘
965,13:54:27,10.24,--,47,48128,买盘
966,13:54:24,10.24,--,40,40960,买盘
967,13:54:21,10.24,--,48,49152,买盘
968,13:54:18,10.24,0.01,33,33792,买盘
969,13:54:12,10.23,--,5,5115,卖盘
970,13:54:09,10.23,--,9,9207,卖盘
971,13:54:06,10.23,--,30,30690,卖盘
972,13:54:03,10.23,--,27,27621,卖盘
973,13:54:00,10.23,-0.01,30,30690,卖盘
974,13:53:57,10.24,--,46,47104,买盘
975,13:53:48,10.24,--,1,1024,买盘
976,13:53:45,10.24,--,1,1024,买盘
977,13:53:42,10.24,--,6,6144,买盘
978,13:53:39,10.24,0.01,7,7168,买盘
979,13:53:36,10.23,-0.01,50,51150,卖盘
980,13:53:30,10.24,0.01,26,26624,买盘
981,13:53:27,10.23,--,27,27621,卖盘
982,13:53:24,10.23,-0.01,20,20460,卖盘
983,13:53:21,10.24,0.01,34,34816,买盘
984,13:53:03,10.23,-0.01,109,111507,卖盘
985,13:53:00,10.24,0.01,1,1024,买盘
986,13:52:57,10.23,--,26,26598,卖盘
987,13:52:45,10.23,0.01,22,22506,买盘
988,13:52:42,10.22,-0.01,15,15330,卖盘
989,13:52:39,10.23,--,34,34782,买盘
990,13:52:36,10.23,--,8,8184,买盘
991,13:52:27,10.23,--,10,10230,卖盘
992,13:52:24,10.23,--,9,9207,卖盘
993,13:52:21,10.23,--,61,62403,买盘
994,13:52:15,10.23,0.01,5,5115,买盘
995,13:52:09,10.22,-0.01,17,17374,卖盘
996,13:52:06,10.23,--,52,53196,买盘
997,13:52:03,10.23,--,373,381579,卖盘
998,13:51:57,10.23,--,31,31713,卖盘
999,13:51:54,10.23,--,5,5115,卖盘
1000,13:51:48,10.23,-0.01,9,9207,卖盘
1001,13:51:45,10.24,--,7,7168,买盘
1002,13:51:42,10.24,--,8,8192,买盘
1003,13:51:39,10.24,0.01,5,5120,买盘
1004,13:51:33,10.23,-0.01,99,101277,卖盘
1005,13:51:30,10.24,--,1,1024,买盘
1006,13:51:27,10.24,0.01,30,30720,买盘
1007,13:51:24,10.23,--,60,61380,卖盘
1008,13:51:21,10.23,-0.01,39,39897,卖盘
1009,13:51:15,10.24,--,30,30720,买盘
1010,13:51:12,10.24,--,16,16384,买盘
1011,13:51:09,10.24,0.01,5,5120,买盘
1012,13:51:06,10.23,--,5,5115,卖盘
1013,13:50:57,10.23,--,127,129921,卖盘
1014,13:50:51,10.23,--,1,1023,卖盘
1015,13:50:48,10.23,-0.01,21,21483,卖盘
1016,13:50:45,10.24,0.01,7,7168,买盘
1017,13:50:42,10.23,--,32,32736,卖盘
1018,13:50:39,10.23,--,12,12276,卖盘
1019,13:50:36,10.23,--,107,109461,卖盘
1020,13:50:27,10.23,--,47,48081,卖盘
1021,13:50:21,10.23,-0.01,2,2046,卖盘
1022,13:50:18,10.24,0.01,1,1024,买盘
1023,13:50:15,10.23,-0.01,19,19437,卖盘
1024,13:50:12,10.24,0.01,8,8192,买盘
1025,13:50:06,10.23,--,45,46035,卖盘
1026,13:49:57,10.23,-0.01,27,27621,卖盘
1027,13:49:54,10.24,0.01,50,51200,买盘
1028,13:49:42,10.23,--,110,113174,卖盘
1029,13:49:36,10.23,-0.01,1,1023,卖盘
1030,13:49:33,10.24,0.01,8,8192,买盘
1031,13:49:30,10.23,-0.01,19,19437,卖盘
1032,13:49:27,10.24,--,82,83968,买盘
1033,13:49:21,10.24,0.01,19,19456,买盘
1034,13:49:15,10.23,--,31,31713,卖盘
1035,13:49:09,10.23,--,44,45012,卖盘
1036,13:49:06,10.23,--,154,157542,卖盘
1037,13:49:03,10.23,-0.01,24,24552,卖盘
1038,13:48:57,10.24,0.01,63,64512,买盘
1039,13:48:54,10.23,--,24,24552,卖盘
1040,13:48:51,10.23,-0.01,40,40920,卖盘
1041,13:48:45,10.24,0.01,6,6144,买盘
1042,13:48:36,10.23,--,50,51150,卖盘
1043,13:48:33,10.23,--,9,9207,卖盘
1044,13:48:30,10.23,--,66,67518,买盘
1045,13:48:27,10.23,--,1,1023,买盘
1046,13:48:24,10.23,0.01,5,5115,买盘
1047,13:48:21,10.22,-0.01,9,9198,卖盘
1048,13:48:15,10.23,--,31,31713,买盘
1049,13:48:12,10.23,--,1006,1029138,买盘
1050,13:48:03,10.23,--,20,20460,买盘
1051,13:48:00,10.23,0.01,29,29667,买盘
1052,13:47:57,10.22,--,27,27594,卖盘
1053,13:47:54,10.22,-0.01,20,20440,卖盘
1054,13:47:51,10.23,--,205,209715,买盘
1055,13:47:45,10.23,0.01,6,6138,买盘
1056,13:47:39,10.22,-0.01,10,10220,卖盘
1057,13:47:36,10.23,--,6,6138,买盘
1058,13:47:33,10.23,--,408,417384,买盘
1059,13:47:27,10.23,0.01,25,25575,买盘
1060,13:47:15,10.22,--,6,6132,卖盘
1061,13:47:12,10.22,-0.01,9,9198,卖盘
1062,13:47:03,10.23,0.01,48,49104,买盘
1063,13:47:00,10.22,-0.01,25,25550,卖盘
1064,13:46:57,10.23,--,5,5115,买盘
1065,13:46:54,10.23,--,7,7161,买盘
1066,13:46:51,10.23,0.01,7,7161,买盘
1067,13:46:45,10.22,-0.01,2,2044,卖盘
1068,13:46:36,10.23,--,5,5115,买盘
1069,13:46:33,10.23,0.01,1,1023,买盘
1070,13:46:27,10.22,-0.01,1,1022,卖盘
1071,13:46:21,10.23,--,7,7161,买盘
1072,13:46:18,10.23,0.01,25,25575,买盘
1073,13:46:12,10.22,--,70,71540,卖盘
1074,13:46:09,10.22,--,11,11242,卖盘
1075,13:46:06,10.22,--,4,4088,卖盘
1076,13:46:03,10.22,0.01,656,670432,买盘
1077,13:46:00,10.21,-0.01,9,9189,卖盘
1078,13:45:57,10.22,--,24,24528,买盘
1079,13:45:54,10.22,--,374,382228,买盘
1080,13:45:39,10.22,--,5,5110,买盘
1081,13:45:36,10.22,--,1,1022,买盘
1082,13:45:30,10.22,0.01,20,20440,买盘
1083,13:45:27,10.21,--,1,1021,卖盘
1084,13:45:24,10.21,-0.01,5,5105,卖盘
1085,13:45:21,10.22,--,6,6132,买盘
1086,13:45:18,10.22,--,36,36792,买盘
1087,13:45:15,10.22,0.01,6,6132,买盘
1088,13:45:12,10.21,-0.01,12,12252,卖盘
1089,13:45:09,10.22,0.01,6,6132,买盘
1090,13:45:03,10.21,--,5,5105,卖盘
1091,13:45:00,10.21,--,9,9189,卖盘
1092,13:44:54,10.21,--,90,91890,卖盘
1093,13:44:51,10.21,--,6,6126,卖盘
1094,13:44:48,10.21,-0.01,116,118436,卖盘
1095,13:44:42,10.22,--,1,1022,买盘
1096,13:44:30,10.22,--,35,35770,买盘
1097,13:44:24,10.22,--,12,12264,买盘
1098,13:44:06,10.22,--,1,1022,买盘
1099,13:44:03,10.22,--,6,6132,买盘
1100,13:43:57,10.22,0.01,5,5110,买盘
1101,13:43:54,10.21,-0.01,5,5105,卖盘
1102,13:43:45,10.22,0.01,6,6132,买盘
1103,13:43:36,10.21,-0.01,39,39819,卖盘
1104,13:43:33,10.22,--,5,5110,买盘
1105,13:43:30,10.22,--,21,21462,买盘
1106,13:43:27,10.22,-0.01,118,120596,卖盘
1107,13:43:18,10.23,0.01,6,6138,买盘
1108,13:43:03,10.22,-0.01,39,39858,卖盘
1109,13:42:57,10.23,0.01,15,15345,买盘
1110,13:42:54,10.22,--,6,6132,卖盘
1111,13:42:51,10.22,--,20,20440,卖盘
1112,13:42:42,10.22,-0.01,45,45990,卖盘
1113,13:42:39,10.23,0.01,11,11253,买盘
1114,13:42:33,10.22,--,9,9198,卖盘
1115,13:42:30,10.22,--,20,20440,卖盘
1116,13:42:15,10.22,-0.01,46,47012,卖盘
1117,13:42:12,10.23,0.01,17,17391,买盘
1118,13:42:09,10.22,--,5,5110,卖盘
1119,13:42:06,10.22,--,1,1022,卖盘
1120,13:42:03,10.22,-0.01,44,44968,卖盘
1121,13:42:00,10.23,--,133,136059,买盘
1122,13:41:54,10.23,--,17,17391,买盘
1123,13:41:48,10.23,--,6,6138,买盘
1124,13:41:45,10.23,--,27,27621,买盘
1125,13:41:39,10.23,0.01,9,9207,买盘
1126,13:41:36,10.22,--,5,5110,卖盘
1127,13:41:33,10.22,-0.01,10,10220,卖盘
1128,13:41:27,10.23,--,367,375441,买盘
1129,13:41:24,10.23,0.01,12,12276,买盘
1130,13:41:21,10.22,--,2,2044,卖盘
1131,13:41:18,10.22,--,16,16352,卖盘
1132,13:41:12,10.22,--,21,21462,卖盘
1133,13:41:06,10.22,-0.01,20,20440,卖盘
1134,13:40:57,10.23,--,10,10230,买盘
1135,13:40:54,10.23,0.01,5,5115,买盘
1136,13:40:45,10.22,0.01,232,237104,买盘
1137,13:40:39,10.21,-0.01,74,75554,卖盘
1138,13:40:33,10.22,--,29,29638,买盘
1139,13:40:30,10.22,0.01,14,14308,买盘
1140,13:40:24,10.21,-0.01,126,128646,卖盘
1141,13:40:21,10.22,0.01,7,7154,买盘
1142,13:40:12,10.21,-0.01,34,34714,卖盘
1143,13:40:06,10.22,0.01,5,5110,买盘
1144,13:40:03,10.21,--,49,50029,卖盘
1145,13:40:00,10.21,--,10,10210,卖盘
1146,13:39:57,10.21,0.01,376,383896,买盘
1147,13:39:51,10.2,-0.01,100,102000,卖盘
1148,13:39:45,10.21,0.01,7,7147,买盘
1149,13:39:42,10.2,-0.01,43,43860,卖盘
1150,13:39:30,10.21,--,18,18378,买盘
1151,13:39:24,10.21,0.01,558,569718,买盘
1152,13:39:21,10.2,--,100,102244,卖盘
1153,13:39:15,10.2,-0.01,20,20400,卖盘
1154,13:39:12,10.21,--,17,17357,买盘
1155,13:39:09,10.21,0.01,55,56155,买盘
1156,13:39:06,10.2,-0.01,9,9180,卖盘
1157,13:38:57,10.21,0.01,36,36756,买盘
1158,13:38:45,10.2,-0.01,198,201960,卖盘
1159,13:38:42,10.21,--,22,22462,买盘
1160,13:38:33,10.21,0.01,31,31651,买盘
1161,13:38:27,10.2,-0.01,6,6120,卖盘
1162,13:38:24,10.21,--,100,102100,买盘
1163,13:38:15,10.21,-0.01,221,225641,卖盘
1164,13:38:12,10.22,--,35,35770,买盘
1165,13:38:09,10.22,--,5,5110,买盘
1166,13:38:00,10.22,0.01,7,7154,买盘
1167,13:37:51,10.21,-0.01,9,9189,卖盘
1168,13:37:45,10.22,0.01,5,5110,买盘
1169,13:37:36,10.21,-0.01,57,58197,卖盘
1170,13:37:30,10.22,0.01,28,28616,买盘
1171,13:37:27,10.21,--,110,112310,卖盘
1172,13:37:21,10.21,--,77,78617,卖盘
1173,13:37:18,10.21,-0.01,5,5105,卖盘
1174,13:37:15,10.22,0.01,6,6132,买盘
1175,13:37:12,10.21,--,8,8168,卖盘
1176,13:37:03,10.21,-0.01,59,60239,卖盘
1177,13:37:00,10.22,0.01,1,1022,买盘
1178,13:36:48,10.21,--,9,9189,卖盘
1179,13:36:42,10.21,-0.01,25,25525,卖盘
1180,13:36:39,10.22,--,20,20440,买盘
1181,13:36:30,10.22,--,20,20440,买盘
1182,13:36:27,10.22,--,1,1022,买盘
1183,13:36:21,10.22,--,8,8176,买盘
1184,13:36:18,10.22,--,29,29638,卖盘
1185,13:36:15,10.22,-0.01,10,10220,卖盘
1186,13:36:12,10.23,--,14,14322,买盘
1187,13:36:06,10.23,--,1,1023,买盘
1188,13:35:57,10.23,0.01,168,171864,买盘
1189,13:35:54,10.22,--,6,6132,买盘
1190,13:35:51,10.22,0.01,4,4088,中性盘
1191,13:35:39,10.21,--,10,10210,卖盘
1192,13:35:36,10.21,-0.02,61,62281,卖盘
1193,13:35:33,10.23,0.01,6,6138,买盘
1194,13:35:27,10.22,--,229,234038,买盘
1195,13:35:24,10.22,0.01,10,10220,买盘
1196,13:35:18,10.21,--,1,1021,卖盘
1197,13:35:12,10.21,-0.01,11,11231,卖盘
1198,13:35:09,10.22,--,47,48034,买盘
1199,13:35:06,10.22,0.01,6,6132,买盘
1200,13:35:03,10.21,--,6,6126,卖盘
1201,13:34:54,10.21,-0.01,4,4084,卖盘
1202,13:34:51,10.22,--,1,1022,买盘
1203,13:34:48,10.22,0.01,5,5110,买盘
1204,13:34:42,10.21,-0.01,124,126604,卖盘
1205,13:34:36,10.22,--,5,5110,买盘
1206,13:34:33,10.22,--,39,39858,买盘
1207,13:34:30,10.22,--,18,18396,买盘
1208,13:34:27,10.22,--,35,35770,买盘
1209,13:34:24,10.22,--,1,1022,买盘
1210,13:34:18,10.22,-0.01,105,107310,卖盘
1211,13:34:12,10.23,0.01,19,19437,买盘
1212,13:34:06,10.22,--,15,15330,卖盘
1213,13:34:03,10.22,--,98,100156,卖盘
1214,13:34:00,10.22,-0.01,28,28616,卖盘
1215,13:33:57,10.23,0.01,20,20460,买盘
1216,13:33:48,10.22,--,2,2044,卖盘
1217,13:33:42,10.22,--,100,102200,卖盘
1218,13:33:39,10.22,--,56,57232,卖盘
1219,13:33:27,10.22,-0.01,40,40880,卖盘
1220,13:33:24,10.23,0.01,18,18414,买盘
1221,13:33:21,10.22,-0.01,50,51100,卖盘
1222,13:33:18,10.23,--,65,66495,买盘
1223,13:33:12,10.23,--,6,6138,买盘
1224,13:32:57,10.23,0.01,1,1023,买盘
1225,13:32:54,10.22,--,4,4088,卖盘
1226,13:32:48,10.22,--,10,10220,卖盘
1227,13:32:45,10.22,-0.01,72,73584,卖盘
1228,13:32:42,10.23,0.01,35,35805,买盘
1229,13:32:39,10.22,--,366,374052,买盘
1230,13:32:36,10.22,--,3,3066,买盘
1231,13:32:30,10.22,--,35,35770,买盘
1232,13:32:27,10.22,0.01,29,29638,买盘
1233,13:32:24,10.21,--,68,69428,卖盘
1234,13:32:18,10.21,-0.01,20,20420,卖盘
1235,13:32:15,10.22,--,65,66430,买盘
1236,13:32:12,10.22,0.01,22,22484,买盘
1237,13:32:09,10.21,--,9,9189,卖盘
1238,13:32:00,10.21,-0.01,41,41861,卖盘
1239,13:31:57,10.22,--,3,3066,买盘
1240,13:31:51,10.22,--,65,66430,买盘
1241,13:31:48,10.22,--,10,10220,买盘
1242,13:31:45,10.22,--,10,10220,买盘
1243,13:31:36,10.22,0.01,6,6132,买盘
1244,13:31:24,10.21,-0.01,16,16336,卖盘
1245,13:31:21,10.22,0.01,7,7154,买盘
1246,13:31:12,10.21,-0.01,74,75554,卖盘
1247,13:31:09,10.22,0.01,19,19418,买盘
1248,13:31:03,10.21,--,45,45945,卖盘
1249,13:30:57,10.21,-0.01,4,4084,卖盘
1250,13:30:42,10.22,0.01,74,75628,买盘
1251,13:30:30,10.21,--,25,25525,卖盘
1252,13:30:24,10.21,-0.01,10,10210,卖盘
1253,13:30:21,10.22,--,16,16352,买盘
1254,13:30:15,10.22,0.01,6,6132,买盘
1255,13:30:12,10.21,-0.01,70,71470,卖盘
1256,13:30:09,10.22,0.01,2,2044,买盘
1257,13:30:03,10.21,--,8,8168,卖盘
1258,13:29:51,10.21,--,14,14294,卖盘
1259,13:29:39,10.21,-0.01,92,93932,卖盘
1260,13:29:33,10.22,0.01,33,33726,买盘
1261,13:29:30,10.21,-0.01,69,70449,卖盘
1262,13:29:27,10.22,--,10,10220,买盘
1263,13:29:24,10.22,--,7,7154,买盘
1264,13:29:21,10.22,--,20,20440,买盘
1265,13:29:12,10.22,--,16,16352,买盘
1266,13:29:06,10.22,--,5,5110,买盘
1267,13:29:03,10.22,0.01,13,13286,买盘
1268,13:28:57,10.21,--,100,102100,卖盘
1269,13:28:51,10.21,-0.01,50,51050,卖盘
1270,13:28:48,10.22,0.01,95,97090,买盘
1271,13:28:45,10.21,-0.01,29,29609,卖盘
1272,13:28:42,10.22,--,5,5110,买盘
1273,13:28:36,10.22,--,11,11242,买盘
1274,13:28:33,10.22,--,16,16352,买盘
1275,13:28:27,10.22,--,29,29638,买盘
1276,13:28:18,10.22,0.01,5,5110,买盘
1277,13:28:06,10.21,-0.01,9,9189,卖盘
1278,13:28:03,10.22,0.01,22,22484,买盘
1279,13:27:57,10.21,--,10,10210,卖盘
1280,13:27:54,10.21,-0.01,15,15315,卖盘
1281,13:27:51,10.22,--,100,102200,买盘
1282,13:27:45,10.22,0.01,2,2044,买盘
1283,13:27:42,10.21,-0.01,9,9189,卖盘
1284,13:27:36,10.22,0.01,7,7154,买盘
1285,13:27:33,10.21,-0.01,73,74533,卖盘
1286,13:27:27,10.22,0.01,37,37814,买盘
1287,13:27:18,10.21,-0.01,8,8168,卖盘
1288,13:27:15,10.22,--,5,5110,买盘
1289,13:27:12,10.22,--,1,1022,买盘
1290,13:27:09,10.22,0.01,2,2044,买盘
1291,13:27:06,10.21,--,2,2042,卖盘
1292,13:27:03,10.21,-0.01,4,4084,卖盘
1293,13:27:00,10.22,--,6,6132,买盘
1294,13:26:57,10.22,--,46,47012,买盘
1295,13:26:54,10.22,--,6,6132,买盘
1296,13:26:45,10.22,0.01,2,2044,买盘
1297,13:26:39,10.21,--,70,71470,卖盘
1298,13:26:33,10.21,--,10,10210,卖盘
1299,13:26:27,10.21,--,3,3063,卖盘
1300,13:26:24,10.21,-0.01,112,114352,卖盘
1301,13:26:21,10.22,--,6,6132,买盘
1302,13:26:12,10.22,--,1,1022,买盘
1303,13:26:09,10.22,--,16,16352,买盘
1304,13:26:06,10.22,--,2,2044,买盘
1305,13:26:03,10.22,--,1,1022,买盘
1306,13:26:00,10.22,--,66,67452,买盘
1307,13:25:57,10.22,--,5,5110,买盘
1308,13:25:36,10.22,--,71,72562,买盘
1309,13:25:33,10.22,--,8,8176,买盘
1310,13:25:30,10.22,--,55,56210,买盘
1311,13:25:24,10.22,--,134,136948,卖盘
1312,13:25:21,10.22,--,3,3066,卖盘
1313,13:25:18,10.22,--,9,9198,卖盘
1314,13:25:12,10.22,-0.01,6,6132,卖盘
1315,13:25:09,10.23,--,5,5115,买盘
1316,13:25:03,10.23,--,17,17391,买盘
1317,13:24:51,10.23,--,1,1023,买盘
1318,13:24:42,10.23,--,2,2046,买盘
1319,13:24:39,10.23,--,25,25575,买盘
1320,13:24:36,10.23,-0.01,21,21483,中性盘
1321,13:24:27,10.24,--,34,34969,买盘
1322,13:24:21,10.24,0.01,14,14336,买盘
1323,13:24:18,10.23,-0.01,14,14322,卖盘
1324,13:24:15,10.24,--,31,31744,买盘
1325,13:24:12,10.24,0.01,6,6144,买盘
1326,13:24:09,10.23,-0.01,23,23529,卖盘
1327,13:24:06,10.24,0.01,37,37888,买盘
1328,13:24:03,10.23,-0.01,68,69564,卖盘
1329,13:23:57,10.24,0.01,97,99328,买盘
1330,13:23:54,10.23,--,45,46035,卖盘
1331,13:23:51,10.23,--,6,6138,卖盘
1332,13:23:48,10.23,--,22,22506,卖盘
1333,13:23:45,10.23,--,85,86955,卖盘
1334,13:23:42,10.23,--,3,3069,卖盘
1335,13:23:36,10.23,--,1,1023,卖盘
1336,13:23:33,10.23,--,10,10230,卖盘
1337,13:23:30,10.23,--,3,3069,卖盘
1338,13:23:27,10.23,--,27,27621,卖盘
1339,13:23:24,10.23,--,525,537075,卖盘
1340,13:23:21,10.23,-0.01,20,20460,卖盘
1341,13:23:15,10.24,--,39,39936,买盘
1342,13:23:06,10.24,0.01,96,98304,买盘
1343,13:23:03,10.23,--,10,10230,卖盘
1344,13:22:57,10.23,-0.01,27,27621,卖盘
1345,13:22:54,10.24,--,14,14336,买盘
1346,13:22:51,10.24,0.01,101,103424,买盘
1347,13:22:48,10.23,-0.01,25,25575,卖盘
1348,13:22:45,10.24,--,11,11264,买盘
1349,13:22:39,10.24,--,39,39936,买盘
1350,13:22:36,10.24,0.01,1,1024,买盘
1351,13:22:33,10.23,--,2,2046,卖盘
1352,13:22:27,10.23,-0.01,38,38874,卖盘
1353,13:22:21,10.24,0.01,9,9216,买盘
1354,13:22:18,10.23,--,42,42966,卖盘
1355,13:22:15,10.23,--,300,306900,卖盘
1356,13:22:12,10.23,--,12,12276,卖盘
1357,13:22:03,10.23,-0.01,5,5115,卖盘
1358,13:22:00,10.24,--,16,16384,买盘
1359,13:21:57,10.24,--,75,76800,买盘
1360,13:21:54,10.24,--,49,50176,买盘
1361,13:21:48,10.24,--,35,35840,买盘
1362,13:21:45,10.24,0.01,3,3072,买盘
1363,13:21:39,10.23,--,9,9207,卖盘
1364,13:21:33,10.23,-0.01,9,9207,卖盘
1365,13:21:30,10.24,0.01,38,38912,买盘
1366,13:21:27,10.23,--,26,26598,卖盘
1367,13:21:24,10.23,-0.01,362,370326,卖盘
1368,13:21:21,10.24,0.01,39,39936,买盘
1369,13:21:18,10.23,--,24,24552,卖盘
1370,13:21:15,10.23,--,127,129921,卖盘
1371,13:21:09,10.23,--,23,23529,卖盘
1372,13:21:03,10.23,--,30,30690,卖盘
1373,13:20:57,10.23,-0.01,27,27621,卖盘
1374,13:20:51,10.24,0.01,62,63488,买盘
1375,13:20:48,10.23,-0.01,25,25575,卖盘
1376,13:20:45,10.24,--,3,3072,买盘
1377,13:20:42,10.24,0.01,40,40960,买盘
1378,13:20:39,10.23,-0.01,22,22506,卖盘
1379,13:20:36,10.24,0.01,12,12288,买盘
1380,13:20:33,10.23,--,29,29667,卖盘
1381,13:20:30,10.23,-0.01,16,16368,卖盘
1382,13:20:27,10.24,0.01,33,33792,买盘
1383,13:20:24,10.23,-0.01,10,10230,卖盘
1384,13:20:21,10.24,--,20,20480,买盘
1385,13:20:18,10.24,--,64,65536,买盘
1386,13:20:12,10.24,0.01,9,9216,买盘
1387,13:20:09,10.23,-0.01,24,24552,卖盘
1388,13:20:03,10.24,0.01,226,231424,买盘
1389,13:19:57,10.23,--,27,27621,卖盘
1390,13:19:54,10.23,--,2,2046,卖盘
1391,13:19:51,10.23,--,30,30690,卖盘
1392,13:19:48,10.23,-0.01,26,26598,卖盘
1393,13:19:42,10.24,0.01,2,2048,买盘
1394,13:19:39,10.23,-0.01,79,81686,卖盘
1395,13:19:36,10.24,0.01,60,61440,买盘
1396,13:19:33,10.23,0.01,1043,1066989,买盘
1397,13:19:27,10.22,--,27,27594,卖盘
1398,13:19:24,10.22,-0.01,9,9198,卖盘
1399,13:19:18,10.23,--,125,127875,买盘
1400,13:19:15,10.23,0.01,6,6138,买盘
1401,13:19:12,10.22,--,10,10220,卖盘
1402,13:19:09,10.22,--,8,8176,卖盘
1403,13:19:06,10.22,--,7,7154,卖盘
1404,13:19:03,10.22,--,20,20440,卖盘
1405,13:18:57,10.22,--,38,38836,卖盘
1406,13:18:54,10.22,-0.01,25,25550,卖盘
1407,13:18:51,10.23,0.01,5,5115,买盘
1408,13:18:48,10.22,--,35,35770,卖盘
1409,13:18:45,10.22,-0.01,80,81760,卖盘
1410,13:18:42,10.23,--,104,106392,买盘
1411,13:18:39,10.23,0.01,5,5115,买盘
1412,13:18:36,10.22,--,30,30660,卖盘
1413,13:18:33,10.22,--,5,5110,卖盘
1414,13:18:27,10.22,-0.01,79,80738,卖盘
1415,13:18:21,10.23,--,11,11253,买盘
1416,13:18:18,10.23,0.01,25,25575,买盘
1417,13:18:15,10.22,--,1,1022,卖盘
1418,13:18:12,10.22,--,10,10220,卖盘
1419,13:18:06,10.22,-0.01,3,3066,卖盘
1420,13:18:03,10.23,--,5,5115,买盘
1421,13:17:57,10.23,0.01,9,9207,买盘
1422,13:17:54,10.22,-0.01,25,25550,卖盘
1423,13:17:51,10.23,--,26,26598,买盘
1424,13:17:48,10.23,--,75,76725,买盘
1425,13:17:42,10.23,0.01,1,1023,买盘
1426,13:17:39,10.22,-0.01,13,13286,卖盘
1427,13:17:36,10.23,--,10,10230,买盘
1428,13:17:33,10.23,--,5,5115,买盘
1429,13:17:30,10.23,--,65,66495,买盘
1430,13:17:24,10.23,-0.01,21,21483,买盘
1431,13:17:21,10.24,0.01,28,28672,买盘
1432,13:17:18,10.23,--,26,26598,买盘
1433,13:17:15,10.23,--,27,27621,买盘
1434,13:17:12,10.23,--,12,12582,卖盘
1435,13:17:09,10.23,--,20,20460,卖盘
1436,13:17:06,10.23,--,44,45012,卖盘
1437,13:17:03,10.23,-0.01,50,51150,卖盘
1438,13:17:00,10.24,--,10,10240,买盘
1439,13:16:57,10.24,0.01,37,37888,买盘
1440,13:16:54,10.23,--,10,10230,卖盘
1441,13:16:51,10.23,--,30,30690,卖盘
1442,13:16:48,10.23,--,70,71610,卖盘
1443,13:16:45,10.23,--,74,75702,卖盘
1444,13:16:42,10.23,--,12,12276,卖盘
1445,13:16:36,10.23,--,3,3069,卖盘
1446,13:16:33,10.23,--,11,11253,卖盘
1447,13:16:27,10.23,--,37,37851,卖盘
1448,13:16:24,10.23,-0.01,39,39897,卖盘
1449,13:16:21,10.24,0.01,19,19456,买盘
1450,13:16:18,10.23,-0.01,41,41943,卖盘
1451,13:16:15,10.24,0.01,10,10240,买盘
1452,13:16:12,10.23,-0.01,120,122760,卖盘
1453,13:16:09,10.24,0.01,55,56320,买盘
1454,13:16:03,10.23,-0.01,738,754974,卖盘
1455,13:16:00,10.24,--,27,27648,买盘
1456,13:15:57,10.24,0.01,48,49152,买盘
1457,13:15:54,10.23,-0.01,10,10230,卖盘
1458,13:15:51,10.24,--,3,3072,买盘
1459,13:15:48,10.24,0.01,30,30720,买盘
1460,13:15:45,10.23,-0.01,10,10230,卖盘
1461,13:15:36,10.24,--,5,5120,买盘
1462,13:15:33,10.24,--,13,13312,买盘
1463,13:15:30,10.24,--,15,15360,买盘
1464,13:15:18,10.24,0.01,112,114688,买盘
1465,13:15:12,10.23,--,20,20460,卖盘
1466,13:15:09,10.23,--,32,32736,卖盘
1467,13:15:06,10.23,-0.01,12,12276,卖盘
1468,13:15:03,10.24,0.01,7,7168,买盘
1469,13:15:00,10.23,-0.01,2,2046,卖盘
1470,13:14:57,10.24,0.01,6,6144,买盘
1471,13:14:51,10.23,--,10,10230,卖盘
1472,13:14:48,10.23,--,41,41943,卖盘
1473,13:14:45,10.23,-0.01,30,30690,卖盘
1474,13:14:42,10.24,0.01,4,4096,买盘
1475,13:14:39,10.23,-0.01,30,30690,卖盘
1476,13:14:36,10.24,--,3,3072,买盘
1477,13:14:33,10.24,--,10,10240,买盘
1478,13:14:30,10.24,--,7,7168,买盘
1479,13:14:27,10.24,--,52,53248,买盘
1480,13:14:24,10.24,--,19,19456,买盘
1481,13:14:18,10.24,--,36,36864,买盘
1482,13:14:15,10.24,0.01,25,25600,买盘
1483,13:14:12,10.23,-0.01,70,71610,卖盘
1484,13:14:09,10.24,0.01,32,32768,买盘
1485,13:14:03,10.23,-0.01,176,180048,卖盘
1486,13:14:00,10.24,--,4,4096,买盘
1487,13:13:57,10.24,0.01,50,51200,买盘
1488,13:13:54,10.23,-0.01,45,46035,卖盘
1489,13:13:51,10.24,--,312,319488,买盘
1490,13:13:48,10.24,--,161,164864,买盘
1491,13:13:45,10.24,0.01,53,54272,买盘
1492,13:13:42,10.23,--,66,67518,卖盘
1493,13:13:39,10.23,-0.01,81,82863,卖盘
1494,13:13:36,10.24,0.01,2,2048,买盘
1495,13:13:30,10.23,--,46,47058,卖盘
1496,13:13:27,10.23,--,2,2046,卖盘
1497,13:13:21,10.23,--,10,10230,卖盘
1498,13:13:18,10.23,0.02,3790,3877886,买盘
1499,13:13:15,10.21,--,20,20420,卖盘
1500,13:13:09,10.21,--,105,107205,卖盘
1501,13:13:06,10.21,--,92,93932,买盘
1502,13:13:03,10.21,--,100,102100,买盘
1503,13:12:51,10.21,--,4,4084,买盘
1504,13:12:33,10.21,--,19,19399,买盘
1505,13:12:21,10.21,--,4,4084,卖盘
1506,13:12:15,10.21,--,9,9189,卖盘
1507,13:12:12,10.21,-0.01,20,20420,卖盘
1508,13:12:09,10.22,0.01,1,1022,买盘
1509,13:12:06,10.21,-0.01,5,5105,卖盘
1510,13:12:03,10.22,0.01,26,26572,买盘
1511,13:12:00,10.21,--,50,51050,卖盘
1512,13:11:57,10.21,--,27,27567,卖盘
1513,13:11:54,10.21,-0.01,400,408400,卖盘
1514,13:11:51,10.22,0.01,1,1022,买盘
1515,13:11:48,10.21,--,240,245040,卖盘
1516,13:11:45,10.21,-0.01,5,5105,卖盘
1517,13:11:42,10.22,0.01,1,1022,买盘
1518,13:11:39,10.21,--,34,34714,卖盘
1519,13:11:36,10.21,-0.01,200,204200,卖盘
1520,13:11:30,10.22,0.01,10,10220,买盘
1521,13:11:27,10.21,-0.01,27,27567,卖盘
1522,13:11:21,10.22,--,10,10220,买盘
1523,13:11:15,10.22,0.01,12,12264,买盘
1524,13:11:06,10.21,-0.01,9,9189,卖盘
1525,13:11:03,10.22,--,5,5110,买盘
1526,13:11:00,10.22,--,32,32704,买盘
1527,13:10:54,10.22,--,1,1022,买盘
1528,13:10:48,10.22,0.01,23,23506,买盘
1529,13:10:42,10.21,-0.01,50,51050,卖盘
1530,13:10:36,10.22,0.01,2,2044,买盘
1531,13:10:33,10.21,--,40,40840,卖盘
1532,13:10:30,10.21,--,1,1021,卖盘
1533,13:10:21,10.21,-0.01,5,5105,卖盘
1534,13:10:15,10.22,--,12,12264,买盘
1535,13:10:12,10.22,--,69,70518,买盘
1536,13:10:09,10.22,--,65,66430,买盘
1537,13:09:57,10.22,0.01,2,2044,买盘
1538,13:09:54,10.21,-0.01,13,13273,卖盘
1539,13:09:51,10.22,0.01,113,115486,买盘
1540,13:09:48,10.21,-0.01,57,58197,卖盘
1541,13:09:45,10.22,--,1,1022,买盘
1542,13:09:30,10.22,--,16,16352,买盘
1543,13:09:24,10.22,--,5,5110,买盘
1544,13:09:21,10.22,--,16,16352,买盘
1545,13:09:15,10.22,--,7,7154,买盘
1546,13:09:06,10.22,--,1,1022,买盘
1547,13:08:57,10.22,--,3,3066,买盘
1548,13:08:54,10.22,--,5,5110,买盘
1549,13:08:48,10.22,--,30,30660,买盘
1550,13:08:42,10.22,--,24,24528,买盘
1551,13:08:39,10.22,0.01,174,177828,买盘
1552,13:08:36,10.21,--,12,12252,卖盘
1553,13:08:30,10.21,-0.01,9,9189,卖盘
1554,13:08:24,10.22,--,75,76650,买盘
1555,13:08:21,10.22,--,59,60298,买盘
1556,13:08:15,10.22,--,83,84826,买盘
1557,13:08:12,10.22,--,33,33726,买盘
1558,13:08:06,10.22,--,36,36792,买盘
1559,13:07:54,10.22,0.01,5,5110,买盘
1560,13:07:48,10.21,--,3,3063,卖盘
1561,13:07:45,10.21,-0.01,35,35735,卖盘
1562,13:07:42,10.22,--,5,5110,买盘
1563,13:07:39,10.22,0.01,110,112420,买盘
1564,13:07:36,10.21,--,10,10210,卖盘
1565,13:07:33,10.21,-0.01,9,9189,卖盘
1566,13:07:24,10.22,--,2,2044,买盘
1567,13:07:18,10.22,--,120,122640,买盘
1568,13:07:15,10.22,0.01,1,1022,买盘
1569,13:07:12,10.21,-0.01,50,51050,卖盘
1570,13:07:09,10.22,--,5,5110,买盘
1571,13:07:06,10.22,0.01,2,2044,买盘
1572,13:07:03,10.21,-0.01,10,10210,卖盘
1573,13:07:00,10.22,0.01,100,102200,买盘
1574,13:06:45,10.21,--,1,1021,卖盘
1575,13:06:42,10.21,-0.01,5,5105,卖盘
1576,13:06:36,10.22,--,55,56210,买盘
1577,13:06:33,10.22,--,83,84826,买盘
1578,13:06:27,10.22,0.01,50,51100,买盘
1579,13:06:24,10.21,-0.01,9,9189,卖盘
1580,13:06:21,10.22,0.01,1,1022,买盘
1581,13:06:15,10.21,-0.01,20,20420,卖盘
1582,13:06:12,10.22,0.01,206,210532,买盘
1583,13:06:03,10.21,--,21,21441,卖盘
1584,13:05:54,10.21,0.01,227,231767,买盘
1585,13:05:51,10.2,-0.01,17,17340,卖盘
1586,13:05:48,10.21,--,21,21441,买盘
1587,13:05:45,10.21,--,5,5105,买盘
1588,13:05:36,10.21,--,25,25525,买盘
1589,13:05:27,10.21,-0.01,273,278733,卖盘
1590,13:05:24,10.22,--,5,5110,买盘
1591,13:05:21,10.22,--,16,16352,买盘
1592,13:05:18,10.22,0.01,3,3066,买盘
1593,13:05:15,10.21,-0.01,30,30630,卖盘
1594,13:05:12,10.22,0.01,1,1022,买盘
1595,13:05:09,10.21,-0.01,9,9189,卖盘
1596,13:05:03,10.22,--,33,33726,买盘
1597,13:05:00,10.22,0.01,15,15330,买盘
1598,13:04:54,10.21,-0.01,5,5105,卖盘
1599,13:04:51,10.22,--,9,9198,买盘
1600,13:04:45,10.22,0.01,5,5110,买盘
1601,13:04:42,10.21,--,50,51050,卖盘
1602,13:04:39,10.21,--,6,6126,卖盘
1603,13:04:24,10.21,-0.01,30,30630,卖盘
1604,13:04:21,10.22,0.01,5,5110,买盘
1605,13:04:12,10.21,-0.01,5,5105,卖盘
1606,13:04:03,10.22,--,30,30660,买盘
1607,13:04:00,10.22,--,58,59276,卖盘
1608,13:03:57,10.22,--,35,35770,卖盘
1609,13:03:54,10.22,--,58,59276,买盘
1610,13:03:51,10.22,0.01,7,7154,买盘
1611,13:03:48,10.21,-0.01,26,26546,卖盘
1612,13:03:45,10.22,0.01,209,213598,买盘
1613,13:03:42,10.21,--,95,96995,买盘
1614,13:03:39,10.21,--,26,26546,买盘
1615,13:03:27,10.21,--,6,6126,买盘
1616,13:03:24,10.21,--,8,8168,买盘
1617,13:03:21,10.21,-0.01,47,47987,中性盘
1618,13:03:06,10.22,--,522,533484,买盘
1619,13:03:03,10.22,0.01,14,14308,买盘
1620,13:03:00,10.21,--,12,12252,卖盘
1621,13:02:57,10.21,-0.01,20,20420,卖盘
1622,13:02:51,10.22,0.01,21,21462,买盘
1623,13:02:48,10.21,--,10,10210,卖盘
1624,13:02:33,10.21,--,29,29609,卖盘
1625,13:02:18,10.21,-0.01,5,5105,卖盘
1626,13:02:15,10.22,--,5,5110,买盘
1627,13:01:54,10.22,--,15,15330,买盘
1628,13:01:48,10.22,0.01,38,38836,买盘
1629,13:01:30,10.21,-0.01,30,30630,卖盘
1630,13:01:27,10.22,0.01,10,10220,买盘
1631,13:01:24,10.21,--,16,16336,卖盘
1632,13:01:15,10.21,-0.01,23,23483,卖盘
1633,13:01:12,10.22,--,25,25550,买盘
1634,13:01:09,10.22,--,15,15330,买盘
1635,13:01:06,10.22,--,19,19418,买盘
1636,13:01:03,10.22,--,1,1022,买盘
1637,13:01:00,10.22,0.01,3,3066,买盘
1638,13:00:42,10.21,-0.01,13,13273,卖盘
1639,13:00:39,10.22,0.02,197,201334,买盘
1640,13:00:27,10.2,--,4,4079,卖盘
1641,13:00:15,10.2,--,4,4079,卖盘
1642,13:00:12,10.2,-0.01,53,54059,卖盘
1643,13:00:09,10.21,-0.01,54,55134,卖盘
1644,13:00:06,10.22,0.02,1233,1260126,买盘
1645,13:00:03,10.2,0.01,2065,2106300,买盘
1646,13:00:00,10.19,--,0,0,卖盘
1647,11:30:00,10.19,-0.01,31,31589,卖盘
1648,11:29:54,10.2,--,1,1019,买盘
1649,11:29:45,10.2,0.01,5,5100,买盘
1650,11:29:42,10.19,--,212,216028,卖盘
1651,11:29:39,10.19,-0.01,3,3057,卖盘
1652,11:29:33,10.2,--,8,8159,买盘
1653,11:29:30,10.2,0.01,89,90780,买盘
1654,11:29:27,10.19,-0.01,27,27513,卖盘
1655,11:29:24,10.2,0.01,10,10200,买盘
1656,11:29:12,10.19,-0.01,219,223161,卖盘
1657,11:29:09,10.2,0.01,5,5100,买盘
1658,11:28:57,10.19,--,27,27513,卖盘
1659,11:28:54,10.19,--,24,24456,卖盘
1660,11:28:51,10.19,--,4,4076,卖盘
1661,11:28:45,10.19,-0.01,6,6114,卖盘
1662,11:28:39,10.2,--,20,20400,买盘
1663,11:28:36,10.2,--,8,8159,买盘
1664,11:28:30,10.2,0.01,21,21420,买盘
1665,11:28:27,10.19,-0.01,27,27513,卖盘
1666,11:28:24,10.2,--,10,10200,买盘
1667,11:28:21,10.2,--,3,3060,买盘
1668,11:28:06,10.2,0.01,35,35700,买盘
1669,11:28:03,10.19,-0.01,26,26494,卖盘
1670,11:27:42,10.2,0.01,27,27539,买盘
1671,11:27:39,10.19,--,14,14266,卖盘
1672,11:27:36,10.19,-0.01,94,95786,卖盘
1673,11:27:30,10.2,0.01,1,1019,买盘
1674,11:27:27,10.19,-0.01,27,27513,卖盘
1675,11:27:24,10.2,--,4,4079,买盘
1676,11:27:21,10.2,--,1,1019,买盘
1677,11:27:15,10.2,0.01,19,19380,买盘
1678,11:27:09,10.19,--,8,8152,卖盘
1679,11:27:06,10.19,-0.01,45,45855,卖盘
1680,11:27:03,10.2,--,100,102000,买盘
1681,11:26:57,10.2,0.01,172,175440,买盘
1682,11:26:51,10.19,--,1,1019,卖盘
1683,11:26:48,10.19,-0.01,10,10190,卖盘
1684,11:26:45,10.2,--,12,12240,买盘
1685,11:26:42,10.2,0.01,275,280500,买盘
1686,11:26:36,10.19,--,9,9171,卖盘
1687,11:26:30,10.19,-0.01,32,32608,卖盘
1688,11:26:18,10.2,--,5,5100,买盘
1689,11:26:15,10.2,--,6,6120,买盘
1690,11:26:03,10.2,--,98,99960,买盘
1691,11:25:57,10.2,0.01,37,37740,买盘
1692,11:25:54,10.19,-0.01,6,6114,卖盘
1693,11:25:51,10.2,0.01,28,28559,买盘
1694,11:25:42,10.19,--,7,7133,卖盘
1695,11:25:27,10.19,--,66,67254,卖盘
1696,11:25:24,10.19,-0.01,25,25475,卖盘
1697,11:25:21,10.2,0.01,15,15299,买盘
1698,11:25:18,10.19,--,6,6114,卖盘
1699,11:25:12,10.19,-0.01,10,10190,卖盘
1700,11:25:09,10.2,--,5,5100,买盘
1701,11:25:06,10.2,--,160,163200,买盘
1702,11:25:03,10.2,0.01,10,10200,买盘
1703,11:24:57,10.19,-0.01,26,26494,卖盘
1704,11:24:54,10.2,--,69,70380,买盘
1705,11:24:51,10.2,--,2,2039,买盘
1706,11:24:48,10.2,--,8,8159,买盘
1707,11:24:42,10.2,0.01,1,1019,买盘
1708,11:24:39,10.19,--,24,24456,卖盘
1709,11:24:33,10.19,--,5,5095,买盘
1710,11:24:30,10.19,--,186,189534,卖盘
1711,11:24:27,10.19,--,27,27513,卖盘
1712,11:24:21,10.19,-0.01,19,19361,卖盘
1713,11:24:18,10.2,--,134,136680,买盘
1714,11:24:09,10.2,--,35,35700,买盘
1715,11:24:00,10.2,0.01,16,16319,买盘
1716,11:23:57,10.19,--,27,27513,卖盘
1717,11:23:54,10.19,-0.01,3,3057,卖盘
1718,11:23:48,10.2,--,116,118319,买盘
1719,11:23:45,10.2,0.01,44,44880,买盘
1720,11:23:42,10.19,--,19,19361,卖盘
1721,11:23:39,10.19,--,121,123299,卖盘
1722,11:23:36,10.19,-0.01,10,10190,卖盘
1723,11:23:33,10.2,0.01,4,4079,买盘
1724,11:23:30,10.19,-0.01,30,30570,卖盘
1725,11:23:27,10.2,0.01,62,63239,买盘
1726,11:23:18,10.19,-0.01,5,5095,卖盘
1727,11:23:12,10.2,0.01,13,13259,买盘
1728,11:22:51,10.19,-0.01,6,6114,卖盘
1729,11:22:48,10.2,0.01,70,71400,买盘
1730,11:22:45,10.19,-0.01,5,5095,卖盘
1731,11:22:18,10.2,0.01,5,5100,买盘
1732,11:22:15,10.19,--,5,5095,卖盘
1733,11:22:12,10.19,0.01,32,32608,买盘
1734,11:22:09,10.18,--,14,14252,卖盘
1735,11:22:06,10.18,--,600,610800,卖盘
1736,11:21:57,10.18,-0.01,36,36648,卖盘
1737,11:21:45,10.19,--,12,12228,买盘
1738,11:21:39,10.19,--,66,67254,买盘
1739,11:21:36,10.19,--,100,101900,买盘
1740,11:21:33,10.19,--,6,6114,买盘
1741,11:21:27,10.19,--,64,65216,买盘
1742,11:21:24,10.19,--,350,356650,买盘
1743,11:21:21,10.19,--,232,236408,买盘
1744,11:21:18,10.19,--,7,7133,买盘
1745,11:21:15,10.19,--,100,101900,买盘
1746,11:21:12,10.19,--,115,117185,买盘
1747,11:20:51,10.19,0.01,5,5095,买盘
1748,11:20:42,10.18,-0.01,23,23414,卖盘
1749,11:20:36,10.19,0.01,31,31589,买盘
1750,11:20:33,10.18,--,16,16288,卖盘
1751,11:20:24,10.18,-0.01,43,43774,卖盘
1752,11:20:21,10.19,0.01,1,1019,买盘
1753,11:20:06,10.18,--,2,2036,卖盘
1754,11:19:57,10.18,-0.01,31,31558,卖盘
1755,11:19:54,10.19,--,20,20380,买盘
1756,11:19:51,10.19,--,4,4076,买盘
1757,11:19:48,10.19,0.01,6,6114,买盘
1758,11:19:42,10.18,--,3,3054,卖盘
1759,11:19:39,10.18,-0.01,1,1018,卖盘
1760,11:19:36,10.19,0.01,35,35665,买盘
1761,11:19:27,10.18,--,63,64134,卖盘
1762,11:19:06,10.18,--,10,10180,卖盘
1763,11:19:03,10.18,--,3,3054,卖盘
1764,11:19:00,10.18,--,27,27486,卖盘
1765,11:18:54,10.18,--,5,5090,卖盘
1766,11:18:51,10.18,--,31,31558,卖盘
1767,11:18:45,10.18,-0.01,1,1018,卖盘
1768,11:18:39,10.19,0.01,14,14266,买盘
1769,11:18:30,10.18,-0.01,4,4072,卖盘
1770,11:18:27,10.19,0.01,32,32608,买盘
1771,11:18:24,10.18,--,15,15270,卖盘
1772,11:18:21,10.18,-0.01,3,3054,卖盘
1773,11:18:18,10.19,0.01,10,10190,买盘
1774,11:18:12,10.18,--,20,20360,卖盘
1775,11:18:09,10.18,--,33,33594,卖盘
1776,11:18:03,10.18,--,3,3054,卖盘
1777,11:17:45,10.18,-0.01,565,575170,卖盘
1778,11:17:39,10.19,0.01,7,7133,买盘
1779,11:17:36,10.18,--,30,30540,卖盘
1780,11:17:33,10.18,--,4,4072,卖盘
1781,11:17:30,10.18,-0.01,10,10180,卖盘
1782,11:17:21,10.19,0.01,15,15285,买盘
1783,11:17:15,10.18,--,33,33594,买盘
1784,11:17:12,10.18,0.01,2,2036,中性盘
1785,11:17:03,10.17,-0.02,1509,1534653,卖盘
1786,11:17:00,10.19,0.01,15,15285,买盘
1787,11:16:57,10.18,-0.01,5,5090,卖盘
1788,11:16:54,10.19,--,1,1019,买盘
1789,11:16:45,10.19,--,14,14266,买盘
1790,11:16:36,10.19,--,2,2038,买盘
1791,11:16:30,10.19,0.01,10,10190,买盘
1792,11:16:24,10.18,--,58,59044,卖盘
1793,11:16:21,10.18,-0.01,1,1018,卖盘
1794,11:16:18,10.19,0.01,51,51969,买盘
1795,11:16:15,10.18,--,20,20360,卖盘
1796,11:16:12,10.18,--,2,2036,卖盘
1797,11:15:57,10.18,-0.01,4,4072,卖盘
1798,11:15:51,10.19,0.01,6,6114,买盘
1799,11:15:48,10.18,-0.01,29,29522,卖盘
1800,11:15:42,10.19,0.01,54,55026,买盘
1801,11:15:39,10.18,-0.01,4,4072,卖盘
1802,11:15:36,10.19,0.01,30,30570,买盘
1803,11:15:15,10.18,-0.01,30,30540,卖盘
1804,11:15:12,10.19,0.01,5,5095,买盘
1805,11:15:00,10.18,--,13,13234,卖盘
1806,11:14:57,10.18,--,20,20360,卖盘
1807,11:14:48,10.18,--,5,5090,卖盘
1808,11:14:45,10.18,--,36,36648,卖盘
1809,11:14:42,10.18,-0.01,9,9162,卖盘
1810,11:14:39,10.19,0.01,1,1019,买盘
1811,11:14:24,10.18,--,60,61080,卖盘
1812,11:14:21,10.18,--,20,20360,卖盘
1813,11:14:06,10.18,--,5,5090,卖盘
1814,11:13:54,10.18,--,20,20360,卖盘
1815,11:13:30,10.18,--,9,9630,卖盘
1816,11:13:24,10.18,--,41,41738,买盘
1817,11:13:15,10.18,-0.01,2,2036,中性盘
1818,11:13:09,10.19,0.01,4,4076,买盘
1819,11:13:06,10.18,-0.01,93,94674,卖盘
1820,11:13:00,10.19,--,5,5095,买盘
1821,11:12:54,10.19,--,6,6114,买盘
1822,11:12:51,10.19,--,15,15285,买盘
1823,11:12:36,10.19,0.01,6,6114,买盘
1824,11:12:33,10.18,--,10,10180,卖盘
1825,11:12:24,10.18,-0.01,9,9162,卖盘
1826,11:12:21,10.19,0.01,65,66235,买盘
1827,11:12:18,10.18,--,56,57008,卖盘
1828,11:12:12,10.18,-0.01,21,21378,卖盘
1829,11:12:09,10.19,--,10,10190,买盘
1830,11:12:03,10.19,--,48,48912,买盘
1831,11:12:00,10.19,--,5,5095,卖盘
1832,11:11:57,10.19,--,12,12228,卖盘
1833,11:11:54,10.19,-0.01,5,5095,卖盘
1834,11:11:48,10.2,--,400,408000,买盘
1835,11:11:36,10.2,0.01,6,6120,买盘
1836,11:11:33,10.19,0.01,50,50950,卖盘
1837,11:11:30,10.18,-0.02,900,916200,卖盘
1838,11:11:27,10.2,0.01,10,10200,买盘
1839,11:11:18,10.19,--,136,138584,卖盘
1840,11:11:15,10.19,--,9,9171,卖盘
1841,11:11:12,10.19,-0.01,2,2038,卖盘
1842,11:11:09,10.2,0.01,21,21420,买盘
1843,11:11:06,10.19,-0.01,5,5095,卖盘
1844,11:11:03,10.2,0.01,5,5100,买盘
1845,11:10:54,10.19,--,10,10190,卖盘
1846,11:10:45,10.19,-0.01,13,13247,卖盘
1847,11:10:39,10.2,--,30,30599,买盘
1848,11:10:30,10.2,0.02,7,7139,买盘
1849,11:10:27,10.18,-0.01,103,104854,卖盘
1850,11:10:24,10.19,--,60,61140,买盘
1851,11:10:21,10.19,--,72,73368,买盘
1852,11:10:18,10.19,--,50,50950,买盘
1853,11:10:12,10.19,0.01,24,24456,买盘
1854,11:10:09,10.18,-0.01,9,9162,卖盘
1855,11:10:06,10.19,--,27,27513,买盘
1856,11:09:57,10.19,--,4,4076,买盘
1857,11:09:54,10.19,--,11,11209,买盘
1858,11:09:45,10.19,--,5,5095,买盘
1859,11:09:42,10.19,--,21,21399,买盘
1860,11:09:30,10.19,--,5,5095,买盘
1861,11:09:27,10.19,0.01,36,36684,买盘
1862,11:09:12,10.18,-0.01,1,1018,卖盘
1863,11:09:06,10.19,--,110,112090,买盘
1864,11:09:03,10.19,--,4,4076,买盘
1865,11:09:00,10.19,--,41,41779,买盘
1866,11:08:54,10.19,--,5,5095,买盘
1867,11:08:51,10.19,--,11,11209,买盘
1868,11:08:48,10.19,--,5,5095,买盘
1869,11:08:42,10.19,--,15,15285,买盘
1870,11:08:33,10.19,--,300,305700,买盘
1871,11:08:24,10.19,0.01,628,639932,买盘
1872,11:08:18,10.18,-0.01,5,5090,卖盘
1873,11:08:06,10.19,--,5,5095,买盘
1874,11:08:00,10.19,0.01,29,29551,买盘
1875,11:07:57,10.18,--,9,9162,卖盘
1876,11:07:54,10.18,--,5,5090,卖盘
1877,11:07:51,10.18,--,1,1018,卖盘
1878,11:07:48,10.18,-0.01,2,2036,卖盘
1879,11:07:42,10.19,0.01,5,5095,买盘
1880,11:07:36,10.18,-0.01,20,20360,卖盘
1881,11:07:33,10.19,0.01,6,6114,买盘
1882,11:07:27,10.18,--,20,20360,卖盘
1883,11:07:24,10.18,--,80,81440,买盘
1884,11:07:15,10.18,0.01,6,6108,买盘
1885,11:07:12,10.17,--,161,163737,卖盘
1886,11:07:09,10.17,-0.01,20,20340,卖盘
1887,11:07:00,10.18,-0.01,140,142520,卖盘
1888,11:06:57,10.19,0.01,2,2038,买盘
1889,11:06:51,10.18,--,10,10180,卖盘
1890,11:06:45,10.18,--,9,9162,卖盘
1891,11:06:42,10.18,-0.01,4,4072,卖盘
1892,11:06:30,10.19,0.01,6,6114,买盘
1893,11:06:27,10.18,-0.01,1,1018,卖盘
1894,11:06:15,10.19,0.01,22,22418,买盘
1895,11:06:09,10.18,-0.01,4,4072,卖盘
1896,11:06:06,10.19,0.01,7,7133,买盘
1897,11:06:03,10.18,-0.01,1,1018,卖盘
1898,11:05:57,10.19,0.01,6,6114,买盘
1899,11:05:42,10.18,-0.01,20,20360,卖盘
1900,11:05:36,10.19,0.01,8,8152,买盘
1901,11:05:30,10.18,-0.01,5,5090,卖盘
1902,11:05:27,10.19,--,20,20380,买盘
1903,11:05:12,10.19,--,5,5095,买盘
1904,11:05:09,10.19,0.01,5,5095,买盘
1905,11:04:57,10.18,--,44,44792,卖盘
1906,11:04:54,10.18,--,25,25450,卖盘
1907,11:04:48,10.18,-0.01,6,6108,卖盘
1908,11:04:45,10.19,--,5,5095,买盘
1909,11:04:30,10.19,0.01,24,24456,买盘
1910,11:04:12,10.18,--,128,130304,买盘
1911,11:04:09,10.18,--,7,7126,买盘
1912,11:04:06,10.18,--,46,46828,买盘
1913,11:03:54,10.18,--,54,54972,买盘
1914,11:03:48,10.18,0.01,5,5090,买盘
1915,11:03:45,10.17,--,3,3051,卖盘
1916,11:03:30,10.17,-0.01,210,213570,卖盘
1917,11:03:24,10.18,0.01,109,110962,买盘
1918,11:03:18,10.17,--,4,4068,卖盘
1919,11:03:12,10.17,--,61,62037,买盘
1920,11:03:06,10.17,--,29,29493,买盘
1921,11:03:03,10.17,--,42,42714,买盘
1922,11:02:57,10.17,--,5,5085,买盘
1923,11:02:51,10.17,--,3,3051,买盘
1924,11:02:36,10.17,--,6,6102,买盘
1925,11:02:33,10.17,0.01,301,306117,买盘
1926,11:02:27,10.16,--,12,12192,卖盘
1927,11:02:15,10.16,-0.01,9,9144,卖盘
1928,11:02:12,10.17,--,9,9153,买盘
1929,11:02:09,10.17,--,25,25425,买盘
1930,11:02:06,10.17,0.01,10,10170,买盘
1931,11:02:03,10.16,--,5,5080,卖盘
1932,11:01:54,10.16,--,97,98552,卖盘
1933,11:01:51,10.16,-0.01,2,2032,卖盘
1934,11:01:48,10.17,0.01,35,35595,买盘
1935,11:01:42,10.16,--,7,7112,卖盘
1936,11:01:36,10.16,-0.01,6,6096,卖盘
1937,11:01:24,10.17,0.01,53,53901,买盘
1938,11:01:21,10.16,-0.01,106,107696,卖盘
1939,11:01:18,10.17,--,62,63054,买盘
1940,11:01:12,10.17,--,7,7119,买盘
1941,11:01:09,10.17,--,283,287811,卖盘
1942,11:01:06,10.17,--,9,9153,卖盘
1943,11:00:57,10.17,--,369,375273,卖盘
1944,11:00:54,10.17,--,62,63054,买盘
1945,11:00:51,10.17,--,43,43731,卖盘
1946,11:00:45,10.17,-0.01,10,10170,卖盘
1947,11:00:39,10.18,0.01,5,5090,买盘
1948,11:00:36,10.17,--,14,14238,卖盘
1949,11:00:33,10.17,-0.01,100,101700,卖盘
1950,11:00:30,10.18,--,17,17306,买盘
1951,11:00:24,10.18,-0.01,2,2036,卖盘
1952,11:00:21,10.19,--,15,15285,买盘
1953,11:00:18,10.19,0.02,5,5095,买盘
1954,11:00:09,10.17,-0.01,100,101700,卖盘
1955,11:00:03,10.18,-0.01,9,9162,卖盘
1956,10:59:54,10.19,0.01,5,5095,买盘
1957,10:59:51,10.18,--,44,44792,卖盘
1958,10:59:48,10.18,--,5,5090,卖盘
1959,10:59:33,10.18,--,35,35630,卖盘
1960,10:59:24,10.18,--,90,91620,卖盘
1961,10:59:18,10.18,-0.01,9,9162,卖盘
1962,10:59:15,10.19,0.01,5,5095,买盘
1963,10:59:12,10.18,-0.01,2,2036,卖盘
1964,10:59:09,10.19,0.02,2,2038,买盘
1965,10:59:03,10.17,-0.01,587,596979,卖盘
1966,10:58:57,10.18,--,5,5090,卖盘
1967,10:58:54,10.18,--,9,9162,卖盘
1968,10:58:45,10.18,--,80,81440,卖盘
1969,10:58:39,10.18,--,6,6108,卖盘
1970,10:58:36,10.18,-0.01,70,71260,卖盘
1971,10:58:33,10.19,--,5,5095,买盘
1972,10:58:30,10.19,--,100,101900,买盘
1973,10:58:24,10.19,0.01,15,15285,买盘
1974,10:58:21,10.18,-0.01,35,35630,卖盘
1975,10:58:15,10.19,0.01,136,138584,买盘
1976,10:58:12,10.18,-0.01,35,35630,卖盘
1977,10:58:09,10.19,--,3,3057,买盘
1978,10:57:54,10.19,--,2,2038,买盘
1979,10:57:51,10.19,0.01,20,20380,买盘
1980,10:57:48,10.18,--,20,20360,卖盘
1981,10:57:45,10.18,--,50,50900,卖盘
1982,10:57:42,10.18,-0.01,10,10180,卖盘
1983,10:57:33,10.19,--,2,2038,买盘
1984,10:57:30,10.19,--,39,40352,卖盘
1985,10:57:27,10.19,--,40,40760,卖盘
1986,10:57:18,10.19,--,10,10190,卖盘
1987,10:57:15,10.19,--,23,23437,卖盘
1988,10:57:12,10.19,--,10,10190,卖盘
1989,10:57:09,10.19,--,10,10190,卖盘
1990,10:57:06,10.19,--,24,24863,买盘
1991,10:56:57,10.19,--,21,22010,卖盘
1992,10:56:51,10.19,--,50,50950,卖盘
1993,10:56:48,10.19,--,3,3057,卖盘
1994,10:56:45,10.19,-0.01,6,6114,卖盘
1995,10:56:42,10.2,0.01,64,65279,买盘
1996,10:56:36,10.19,--,53,54007,卖盘
1997,10:56:33,10.19,--,13,13247,卖盘
1998,10:56:27,10.19,--,28,28532,卖盘
1999,10:56:24,10.19,--,15,15285,卖盘
2000,10:56:21,10.19,-0.01,6,6114,卖盘
2001,10:56:12,10.2,0.01,15,15299,买盘
2002,10:56:03,10.19,--,16,16304,卖盘
2003,10:56:00,10.19,--,80,81520,卖盘
2004,10:55:57,10.19,--,2,2038,卖盘
2005,10:55:54,10.19,0.01,94,96193,买盘
2006,10:55:48,10.18,-0.01,1034,1052612,卖盘
2007,10:55:45,10.19,--,2,2038,买盘
2008,10:55:36,10.19,--,122,124929,卖盘
2009,10:55:27,10.19,-0.01,47,47893,卖盘
2010,10:55:21,10.2,0.01,3,3060,买盘
2011,10:55:18,10.19,-0.01,10,10190,卖盘
2012,10:55:03,10.2,--,84,85680,买盘
2013,10:54:57,10.2,0.01,52,53039,买盘
2014,10:54:48,10.19,-0.01,200,203800,卖盘
2015,10:54:36,10.2,0.01,2,2039,买盘
2016,10:54:30,10.19,--,10,10190,卖盘
2017,10:54:27,10.19,--,28,28532,卖盘
2018,10:54:18,10.19,-0.01,9,9171,卖盘
2019,10:54:15,10.2,--,7,7139,买盘
2020,10:54:12,10.2,--,43,43860,买盘
2021,10:54:03,10.2,--,61,62219,买盘
2022,10:54:00,10.2,0.01,20,20400,买盘
2023,10:53:57,10.19,-0.01,98,99862,卖盘
2024,10:53:54,10.2,0.01,49,49980,买盘
2025,10:53:42,10.19,--,4,4076,卖盘
2026,10:53:33,10.19,--,4,4076,卖盘
2027,10:53:30,10.19,-0.01,12,12228,卖盘
2028,10:53:27,10.2,0.01,26,26519,买盘
2029,10:53:18,10.19,--,5,5095,卖盘
2030,10:53:15,10.19,-0.01,48,49319,卖盘
2031,10:53:06,10.2,0.01,35,35700,买盘
2032,10:52:54,10.19,--,8,8152,卖盘
2033,10:52:39,10.19,--,20,20380,卖盘
2034,10:52:33,10.19,-0.01,2,2038,卖盘
2035,10:52:30,10.2,--,6,6120,买盘
2036,10:52:27,10.2,--,2,2039,买盘
2037,10:52:21,10.2,--,5,5100,买盘
2038,10:52:06,10.2,--,122,124439,买盘
2039,10:52:03,10.2,--,58,59159,买盘
2040,10:52:00,10.2,--,434,442679,买盘
2041,10:51:51,10.2,--,50,51000,买盘
2042,10:51:48,10.2,--,166,169320,买盘
2043,10:51:45,10.2,--,5,5100,买盘
2044,10:51:42,10.2,--,56,57119,买盘
2045,10:51:24,10.2,--,22,22440,买盘
2046,10:51:21,10.2,--,58,59159,买盘
2047,10:51:18,10.2,--,70,71400,买盘
2048,10:51:15,10.2,--,500,509999,买盘
2049,10:51:12,10.2,--,17,17340,买盘
2050,10:51:09,10.2,0.01,71,72420,买盘
2051,10:51:06,10.19,-0.01,1,1019,卖盘
2052,10:51:03,10.2,-0.01,1024,1044479,卖盘
2053,10:50:57,10.21,0.01,5,5105,买盘
2054,10:50:54,10.2,-0.01,9,9180,卖盘
2055,10:50:45,10.21,--,7,7147,买盘
2056,10:50:36,10.21,--,11,11231,买盘
2057,10:50:33,10.21,0.01,50,51050,买盘
2058,10:50:30,10.2,--,94,95900,买盘
2059,10:50:27,10.2,--,464,473279,买盘
2060,10:50:21,10.2,--,31,31619,买盘
2061,10:50:15,10.2,--,8,8159,买盘
2062,10:50:12,10.2,--,6,6120,买盘
2063,10:50:09,10.2,--,6,6120,买盘
2064,10:50:03,10.2,--,38,38760,买盘
2065,10:50:00,10.2,--,190,193800,买盘
2066,10:49:54,10.2,0.01,145,147900,买盘
2067,10:49:51,10.19,-0.01,1,1019,卖盘
2068,10:49:48,10.2,--,142,144840,买盘
2069,10:49:45,10.2,--,20,20400,买盘
2070,10:49:39,10.2,0.01,51,52020,买盘
2071,10:49:36,10.19,--,2,2038,卖盘
2072,10:49:33,10.19,-0.01,207,210933,卖盘
2073,10:49:30,10.2,--,11,11220,买盘
2074,10:49:24,10.2,0.01,7,7139,买盘
2075,10:49:21,10.19,-0.01,31,31589,卖盘
2076,10:49:18,10.2,--,56,57119,买盘
2077,10:49:15,10.2,--,4,4079,买盘
2078,10:49:12,10.2,--,11,11220,买盘
2079,10:49:09,10.2,--,10,10200,买盘
2080,10:49:06,10.2,--,5,5100,买盘
2081,10:49:03,10.2,0.01,1,1019,买盘
2082,10:48:48,10.19,-0.01,26,26494,卖盘
2083,10:48:42,10.2,--,37,37740,买盘
2084,10:48:39,10.2,0.01,133,135660,买盘
2085,10:48:36,10.19,-0.01,9,9171,卖盘
2086,10:48:33,10.2,0.01,14,14279,买盘
2087,10:48:30,10.19,--,10,10190,卖盘
2088,10:48:24,10.19,--,28,28532,卖盘
2089,10:48:18,10.19,-0.01,25,25475,卖盘
2090,10:48:15,10.2,--,47,47940,买盘
2091,10:48:09,10.2,0.01,166,169320,买盘
2092,10:48:06,10.19,--,7,7133,卖盘
2093,10:48:00,10.19,-0.01,9,9171,卖盘
2094,10:47:57,10.2,--,60,61199,买盘
2095,10:47:54,10.2,--,1,1019,买盘
2096,10:47:51,10.2,0.01,25,25500,买盘
2097,10:47:48,10.19,-0.01,25,25475,卖盘
2098,10:47:36,10.2,--,3,3060,买盘
2099,10:47:33,10.2,--,43,43860,买盘
2100,10:47:27,10.2,--,16,16319,买盘
2101,10:47:24,10.2,--,10,10200,买盘
2102,10:47:21,10.2,--,17,17340,买盘
2103,10:47:18,10.2,--,26,26519,买盘
2104,10:47:15,10.2,--,5,5100,买盘
2105,10:47:12,10.2,--,17,17340,买盘
2106,10:47:03,10.2,0.01,10,10200,买盘
2107,10:47:00,10.19,-0.01,36,36684,卖盘
2108,10:46:57,10.2,0.01,7,7139,买盘
2109,10:46:48,10.19,-0.01,25,25475,卖盘
2110,10:46:45,10.2,--,5,5100,买盘
2111,10:46:36,10.2,0.01,20,20400,买盘
2112,10:46:30,10.19,-0.01,4,4076,卖盘
2113,10:46:27,10.2,0.01,2,2039,买盘
2114,10:46:18,10.19,-0.01,25,25475,卖盘
2115,10:46:15,10.2,--,17,17340,买盘
2116,10:46:12,10.2,0.01,175,178500,买盘
2117,10:46:09,10.19,--,14,14266,卖盘
2118,10:46:03,10.19,--,111,113109,卖盘
2119,10:45:48,10.19,-0.01,74,75406,卖盘
2120,10:45:39,10.2,0.01,50,51000,买盘
2121,10:45:36,10.19,--,55,56045,卖盘
2122,10:45:33,10.19,--,1,1019,卖盘
2123,10:45:27,10.19,0.01,4,4076,卖盘
2124,10:45:18,10.18,--,25,25450,卖盘
2125,10:45:12,10.18,-0.01,23,23414,卖盘
2126,10:45:09,10.19,0.01,20,20380,买盘
2127,10:45:06,10.18,-0.01,12,12216,卖盘
2128,10:45:03,10.19,--,6,6114,买盘
2129,10:45:00,10.19,--,45,45855,卖盘
2130,10:44:57,10.19,--,45,45855,卖盘
2131,10:44:54,10.19,--,6,6114,买盘
2132,10:44:51,10.19,--,20,20380,买盘
2133,10:44:48,10.19,-0.01,40,40760,中性盘
2134,10:44:42,10.2,0.01,115,117299,买盘
2135,10:44:39,10.19,--,414,421866,卖盘
2136,10:44:36,10.19,--,36,36684,卖盘
2137,10:44:27,10.19,-0.01,41,41779,卖盘
2138,10:44:24,10.2,0.01,73,74460,买盘
2139,10:44:21,10.19,--,255,259845,卖盘
2140,10:44:15,10.19,--,91,92729,卖盘
2141,10:44:12,10.19,--,350,356650,卖盘
2142,10:44:09,10.19,--,185,188515,卖盘
2143,10:44:06,10.19,-0.01,27,27513,卖盘
2144,10:44:03,10.2,--,57,58139,买盘
2145,10:44:00,10.2,--,166,169320,买盘
2146,10:43:57,10.2,0.01,57,58139,买盘
2147,10:43:54,10.19,--,78,79482,卖盘
2148,10:43:51,10.19,-0.01,9,9171,卖盘
2149,10:43:48,10.2,0.01,34,34680,买盘
2150,10:43:42,10.19,-0.01,9,9171,卖盘
2151,10:43:39,10.2,--,16,16319,买盘
2152,10:43:36,10.2,--,5,5100,买盘
2153,10:43:24,10.2,--,45,46471,卖盘
2154,10:43:18,10.2,--,125,127499,卖盘
2155,10:43:15,10.2,-0.01,3,3060,卖盘
2156,10:43:09,10.21,0.01,12,12252,买盘
2157,10:43:06,10.2,--,34,34680,卖盘
2158,10:43:00,10.2,-0.01,31,31619,卖盘
2159,10:42:54,10.21,0.01,7,7147,买盘
2160,10:42:48,10.2,-0.01,684,697680,卖盘
2161,10:42:45,10.21,0.01,6,6126,买盘
2162,10:42:39,10.2,-0.01,9,9180,卖盘
2163,10:42:36,10.21,--,18,18378,买盘
2164,10:42:33,10.21,0.01,5,5105,买盘
2165,10:42:30,10.2,-0.01,120,122399,卖盘
2166,10:42:27,10.21,--,5,5105,买盘
2167,10:42:24,10.21,0.01,11,11231,买盘
2168,10:42:21,10.2,--,20,20400,卖盘
2169,10:42:18,10.2,--,4,4079,卖盘
2170,10:42:15,10.2,-0.01,27,27539,卖盘
2171,10:42:09,10.21,0.01,5,5105,买盘
2172,10:42:06,10.2,-0.01,10,10200,卖盘
2173,10:41:54,10.21,0.01,10,10210,买盘
2174,10:41:48,10.2,-0.01,25,25500,卖盘
2175,10:41:45,10.21,0.01,6,6126,买盘
2176,10:41:39,10.2,--,45,45900,卖盘
2177,10:41:36,10.2,--,27,27539,卖盘
2178,10:41:30,10.2,-0.01,9,9180,卖盘
2179,10:41:24,10.21,--,21,21441,买盘
2180,10:41:21,10.21,0.01,5,5105,买盘
2181,10:41:15,10.2,-0.01,25,25500,卖盘
2182,10:41:12,10.21,--,78,79638,买盘
2183,10:41:06,10.21,--,10,10210,买盘
2184,10:41:00,10.21,--,45,45945,卖盘
2185,10:40:54,10.21,0.01,51,52071,卖盘
2186,10:40:51,10.2,-0.01,7,7139,卖盘
2187,10:40:48,10.21,--,24,24504,卖盘
2188,10:40:45,10.21,--,2,2042,卖盘
2189,10:40:30,10.21,--,14,14294,卖盘
2190,10:40:24,10.21,-0.01,9,9189,卖盘
2191,10:40:21,10.22,0.02,5,5110,买盘
2192,10:40:18,10.2,-0.01,54,55079,卖盘
2193,10:40:15,10.21,--,26,26546,卖盘
2194,10:40:12,10.21,--,11,11231,卖盘
2195,10:40:09,10.21,--,5,5105,卖盘
2196,10:40:06,10.21,--,2,2042,卖盘
2197,10:40:03,10.21,-0.01,6,6126,卖盘
2198,10:40:00,10.22,--,63,64386,买盘
2199,10:39:57,10.22,0.01,1,1022,买盘
2200,10:39:48,10.21,0.01,39,39819,卖盘
2201,10:39:45,10.2,-0.01,33,33660,卖盘
2202,10:39:42,10.21,--,109,111289,卖盘
2203,10:39:36,10.21,0.01,45,46394,买盘
2204,10:39:33,10.2,-0.01,152,155040,卖盘
2205,10:39:30,10.21,0.01,34,34714,买盘
2206,10:39:27,10.2,--,15,15299,卖盘
2207,10:39:24,10.2,--,10,10200,卖盘
2208,10:39:18,10.2,--,34,34680,卖盘
2209,10:39:12,10.2,-0.01,1,1019,卖盘
2210,10:39:09,10.21,--,17,17357,买盘
2211,10:39:06,10.21,0.01,101,103121,买盘
2212,10:38:57,10.2,-0.01,103,105059,卖盘
2213,10:38:54,10.21,0.01,31,31651,买盘
2214,10:38:51,10.2,-0.01,14,14279,卖盘
2215,10:38:48,10.21,--,34,34714,买盘
2216,10:38:45,10.21,0.01,1,1021,买盘
2217,10:38:42,10.2,-0.01,14,14279,卖盘
2218,10:38:39,10.21,0.01,2,2042,买盘
2219,10:38:33,10.2,--,8,8159,卖盘
2220,10:38:30,10.2,--,2,2039,卖盘
2221,10:38:24,10.2,--,2,2039,卖盘
2222,10:38:21,10.2,-0.01,5,5100,卖盘
2223,10:38:18,10.21,0.01,5,5105,买盘
2224,10:38:15,10.2,--,25,25500,卖盘
2225,10:38:12,10.2,-0.01,19,19380,卖盘
2226,10:38:09,10.21,--,20,20420,卖盘
2227,10:38:03,10.21,--,34,34714,卖盘
2228,10:38:00,10.21,--,4,4084,卖盘
2229,10:37:57,10.21,--,2,2042,卖盘
2230,10:37:54,10.21,--,24,24504,卖盘
2231,10:37:48,10.21,-0.01,25,25525,卖盘
2232,10:37:39,10.22,0.01,5,5110,买盘
2233,10:37:36,10.21,--,1,1021,卖盘
2234,10:37:27,10.21,--,100,102100,卖盘
2235,10:37:18,10.21,--,19,19399,卖盘
2236,10:37:15,10.21,--,47,47987,卖盘
2237,10:37:12,10.21,--,48,49008,卖盘
2238,10:37:06,10.21,--,9,9189,卖盘
2239,10:37:00,10.21,--,377,384917,买盘
2240,10:36:57,10.21,0.01,1,1021,买盘
2241,10:36:54,10.2,-0.01,15,15299,卖盘
2242,10:36:48,10.21,0.01,34,34714,买盘
2243,10:36:45,10.2,-0.01,7,7139,卖盘
2244,10:36:42,10.21,-0.01,58,59218,卖盘
2245,10:36:36,10.22,--,101,103222,买盘
2246,10:36:33,10.22,0.01,153,156366,买盘
2247,10:36:30,10.21,--,50,51050,卖盘
2248,10:36:27,10.21,--,2,2042,卖盘
2249,10:36:24,10.21,--,9,9189,卖盘
2250,10:36:21,10.21,--,20,20420,卖盘
2251,10:36:18,10.21,--,14,14294,卖盘
2252,10:36:15,10.21,--,26,26546,卖盘
2253,10:36:12,10.21,--,20,20420,卖盘
2254,10:36:09,10.21,--,25,25525,卖盘
2255,10:36:03,10.21,--,9,9189,卖盘
2256,10:35:57,10.21,--,8,8168,卖盘
2257,10:35:54,10.21,--,10,10210,卖盘
2258,10:35:48,10.21,--,10,10210,卖盘
2259,10:35:45,10.21,--,74,75554,卖盘
2260,10:35:42,10.21,--,2,2042,卖盘
2261,10:35:39,10.21,--,45,45945,卖盘
2262,10:35:36,10.21,--,13,13273,卖盘
2263,10:35:33,10.21,--,10,10210,卖盘
2264,10:35:27,10.21,--,51,52071,卖盘
2265,10:35:24,10.21,--,10,10210,卖盘
2266,10:35:21,10.21,--,56,57176,卖盘
2267,10:35:18,10.21,--,8,8168,卖盘
2268,10:35:15,10.21,--,25,25525,卖盘
2269,10:35:12,10.21,--,6,6126,卖盘
2270,10:35:06,10.21,--,10,10210,卖盘
2271,10:35:00,10.21,--,10,10210,卖盘
2272,10:34:57,10.21,--,5,5105,卖盘
2273,10:34:54,10.21,-0.01,31,31651,卖盘
2274,10:34:51,10.22,--,121,123662,买盘
2275,10:34:48,10.22,0.01,24,24528,买盘
2276,10:34:45,10.21,-0.01,45,45945,卖盘
2277,10:34:42,10.22,--,6,6132,卖盘
2278,10:34:36,10.22,--,24,24528,卖盘
2279,10:34:33,10.22,-0.01,37,37814,卖盘
2280,10:34:30,10.23,0.01,44,45012,买盘
2281,10:34:27,10.22,--,52,53144,卖盘
2282,10:34:21,10.22,--,114,116508,卖盘
2283,10:34:18,10.22,--,1,1022,卖盘
2284,10:34:15,10.22,--,108,110376,卖盘
2285,10:34:12,10.22,--,15,15330,卖盘
2286,10:34:00,10.22,--,50,51100,卖盘
2287,10:33:57,10.22,--,144,147168,卖盘
2288,10:33:54,10.22,-0.01,21,21462,卖盘
2289,10:33:51,10.23,--,3,3069,买盘
2290,10:33:48,10.23,0.01,10,10230,买盘
2291,10:33:45,10.22,--,29,29638,卖盘
2292,10:33:42,10.22,--,5,5110,卖盘
2293,10:33:39,10.22,-0.01,53,54166,卖盘
2294,10:33:33,10.23,--,10,10230,买盘
2295,10:33:30,10.23,--,31,31713,买盘
2296,10:33:27,10.23,--,10,10230,买盘
2297,10:33:24,10.23,-0.01,257,263217,卖盘
2298,10:33:21,10.24,--,5,5120,买盘
2299,10:33:18,10.24,0.01,77,78848,买盘
2300,10:33:15,10.23,--,95,97185,卖盘
2301,10:33:12,10.23,--,5,5115,卖盘
2302,10:33:09,10.23,--,19,19437,卖盘
2303,10:33:06,10.23,--,19,19437,卖盘
2304,10:33:03,10.23,--,53,54219,卖盘
2305,10:32:57,10.23,--,111,113553,卖盘
2306,10:32:54,10.23,--,39,40613,买盘
2307,10:32:48,10.23,--,10,10230,买盘
2308,10:32:45,10.23,--,223,228435,卖盘
2309,10:32:42,10.23,--,15,15345,卖盘
2310,10:32:36,10.23,--,89,91047,卖盘
2311,10:32:33,10.23,-0.01,200,204600,卖盘
2312,10:32:30,10.24,0.01,141,144384,买盘
2313,10:32:27,10.23,--,32,32736,卖盘
2314,10:32:21,10.23,--,35,35805,卖盘
2315,10:32:18,10.23,-0.01,134,137082,卖盘
2316,10:32:15,10.24,--,14,14336,买盘
2317,10:32:12,10.24,--,280,286720,买盘
2318,10:32:09,10.24,--,59,60416,买盘
2319,10:32:06,10.24,--,20,20480,买盘
2320,10:32:03,10.24,--,58,59392,买盘
2321,10:32:00,10.24,0.01,240,245760,买盘
2322,10:31:57,10.23,-0.01,101,103323,卖盘
2323,10:31:54,10.24,--,253,259072,买盘
2324,10:31:51,10.24,--,42,43008,买盘
2325,10:31:48,10.24,0.01,17,17408,买盘
2326,10:31:45,10.23,-0.01,73,74679,卖盘
2327,10:31:42,10.24,--,930,952320,买盘
2328,10:31:39,10.24,0.01,35,35840,买盘
2329,10:31:33,10.23,0.01,1068,1093280,买盘
2330,10:31:27,10.22,-0.01,9,9198,卖盘
2331,10:31:24,10.23,0.01,6,6138,买盘
2332,10:31:21,10.22,0.01,32,32704,买盘
2333,10:31:18,10.21,--,22,22462,卖盘
2334,10:31:15,10.21,-0.01,436,445156,卖盘
2335,10:31:12,10.22,--,424,433328,买盘
2336,10:31:09,10.22,--,10,10220,买盘
2337,10:31:06,10.22,--,7,7154,买盘
2338,10:31:03,10.22,--,907,926954,买盘
2339,10:30:57,10.22,--,2,2044,买盘
2340,10:30:51,10.22,0.01,30,30660,买盘
2341,10:30:45,10.21,--,28,28588,卖盘
2342,10:30:42,10.21,--,22,23278,买盘
2343,10:30:39,10.21,--,7,7147,买盘
2344,10:30:36,10.21,--,140,142940,买盘
2345,10:30:33,10.21,--,10,10210,买盘
2346,10:30:27,10.21,--,11,11231,买盘
2347,10:30:24,10.21,0.01,21,21441,买盘
2348,10:30:21,10.2,-0.01,9,9180,卖盘
2349,10:30:18,10.21,0.01,26,26546,买盘
2350,10:30:15,10.2,-0.01,2,2039,卖盘
2351,10:30:09,10.21,--,44,44924,买盘
2352,10:30:06,10.21,--,30,30630,买盘
2353,10:30:03,10.21,--,30,30630,买盘
2354,10:30:00,10.21,0.01,6,6126,买盘
2355,10:29:57,10.2,-0.01,122,124439,卖盘
2356,10:29:54,10.21,--,42,42882,买盘
2357,10:29:51,10.21,0.01,363,370623,买盘
2358,10:29:48,10.2,--,8,8159,卖盘
2359,10:29:45,10.2,--,103,105059,卖盘
2360,10:29:42,10.2,-0.01,50,51000,卖盘
2361,10:29:39,10.21,--,6,6126,买盘
2362,10:29:33,10.21,0.01,7,7147,买盘
2363,10:29:27,10.2,--,30,30599,卖盘
2364,10:29:24,10.2,--,50,51000,卖盘
2365,10:29:21,10.2,--,22,22440,卖盘
2366,10:29:18,10.2,--,12,12240,卖盘
2367,10:29:15,10.2,--,30,30599,卖盘
2368,10:29:09,10.2,--,50,51000,卖盘
2369,10:29:06,10.2,-0.01,14,14279,卖盘
2370,10:29:03,10.21,0.01,5,5105,买盘
2371,10:28:57,10.2,-0.01,77,78540,卖盘
2372,10:28:54,10.21,--,159,162339,买盘
2373,10:28:48,10.21,0.02,4,4084,买盘
2374,10:28:45,10.19,-0.01,49,49931,卖盘
2375,10:28:42,10.2,--,20,20400,买盘
2376,10:28:39,10.2,-0.01,5,5100,买盘
2377,10:28:36,10.21,0.01,98,100058,买盘
2378,10:28:33,10.2,-0.01,200,204000,卖盘
2379,10:28:27,10.21,0.01,52,53092,买盘
2380,10:28:24,10.2,-0.01,50,51000,卖盘
2381,10:28:18,10.21,0.01,18,18378,买盘
2382,10:28:15,10.2,--,53,54059,卖盘
2383,10:28:12,10.2,--,1,1019,卖盘
2384,10:28:09,10.2,-0.01,61,62219,卖盘
2385,10:28:06,10.21,0.01,22,22462,买盘
2386,10:28:00,10.2,-0.01,9,9180,卖盘
2387,10:27:57,10.21,0.01,19,19399,买盘
2388,10:27:54,10.2,-0.01,10,10200,卖盘
2389,10:27:51,10.21,0.01,7,7147,买盘
2390,10:27:48,10.2,--,10,10200,卖盘
2391,10:27:45,10.2,-0.01,267,272340,买盘
2392,10:27:42,10.21,--,3,3063,买盘
2393,10:27:39,10.21,0.01,311,317531,买盘
2394,10:27:36,10.2,-0.01,90,91800,卖盘
2395,10:27:27,10.21,--,30,30630,买盘
2396,10:27:24,10.21,0.01,36,36756,买盘
2397,10:27:21,10.2,--,92,93840,卖盘
2398,10:27:15,10.2,--,24,24480,卖盘
2399,10:27:12,10.2,--,105,107099,买盘
2400,10:27:09,10.2,--,100,102000,买盘
2401,10:27:06,10.2,--,60,61199,买盘
2402,10:27:03,10.2,--,14,14279,买盘
2403,10:27:00,10.2,--,854,871079,卖盘
2404,10:26:57,10.2,--,13,13259,卖盘
2405,10:26:54,10.2,--,246,250919,卖盘
2406,10:26:51,10.2,--,85,86700,卖盘
2407,10:26:48,10.2,--,11,11220,卖盘
2408,10:26:45,10.2,0.01,1261,1286220,买盘
2409,10:26:42,10.19,-0.01,2,2038,卖盘
2410,10:26:39,10.2,--,20,20400,买盘
2411,10:26:36,10.2,0.01,5,5100,买盘
2412,10:26:33,10.19,--,14,14266,卖盘
2413,10:26:30,10.19,--,2,2038,买盘
2414,10:26:27,10.19,--,5,5095,买盘
2415,10:26:24,10.19,--,18,18342,买盘
2416,10:26:18,10.19,0.01,27,27513,买盘
2417,10:26:15,10.18,--,25,25450,卖盘
2418,10:26:09,10.18,-0.02,4,4072,卖盘
2419,10:26:06,10.2,0.02,1403,1431060,买盘
2420,10:26:03,10.18,-0.01,20,20360,卖盘
2421,10:26:00,10.19,--,2,2038,买盘
2422,10:25:57,10.19,--,21,21399,买盘
2423,10:25:54,10.19,--,49,49931,买盘
2424,10:25:48,10.19,--,5,5095,买盘
2425,10:25:45,10.19,--,25,25475,买盘
2426,10:25:42,10.19,--,3,3057,买盘
2427,10:25:39,10.19,0.01,6,6114,买盘
2428,10:25:36,10.18,--,16,16288,卖盘
2429,10:25:30,10.18,--,9,9162,卖盘
2430,10:25:27,10.18,-0.01,17,17306,卖盘
2431,10:25:24,10.19,0.01,13,13247,买盘
2432,10:25:15,10.18,--,35,35630,卖盘
2433,10:25:12,10.18,-0.01,10,10180,卖盘
2434,10:25:09,10.19,--,503,512557,买盘
2435,10:25:03,10.19,0.01,451,459569,买盘
2436,10:24:57,10.18,-0.01,28,28504,卖盘
2437,10:24:51,10.19,0.01,25,25475,买盘
2438,10:24:48,10.18,--,29,29522,卖盘
2439,10:24:45,10.18,--,47,47846,卖盘
2440,10:24:42,10.18,--,5,5090,卖盘
2441,10:24:30,10.18,-0.01,3,3054,卖盘
2442,10:24:24,10.19,0.01,5,5095,买盘
2443,10:24:21,10.18,--,9,9162,卖盘
2444,10:24:15,10.18,--,44,44792,卖盘
2445,10:24:12,10.18,--,25,25450,卖盘
2446,10:24:09,10.18,--,4,4072,卖盘
2447,10:24:06,10.18,-0.01,3,3054,卖盘
2448,10:24:03,10.19,--,50,50950,买盘
2449,10:24:00,10.19,--,8,8152,买盘
2450,10:23:57,10.19,--,25,25475,买盘
2451,10:23:51,10.19,0.01,10,10190,买盘
2452,10:23:48,10.18,--,77,78386,卖盘
2453,10:23:45,10.18,-0.01,29,29522,卖盘
2454,10:23:42,10.19,--,26,26494,买盘
2455,10:23:39,10.19,--,160,163040,买盘
2456,10:23:36,10.19,0.01,5,5095,买盘
2457,10:23:33,10.18,-0.01,5,5090,卖盘
2458,10:23:30,10.19,--,96,97824,买盘
2459,10:23:27,10.19,0.01,68,69292,买盘
2460,10:23:24,10.18,-0.01,10,10180,买盘
2461,10:23:21,10.19,0.01,10,10190,买盘
2462,10:23:15,10.18,0.01,47,47846,买盘
2463,10:23:09,10.17,-0.01,9,9153,卖盘
2464,10:23:03,10.18,--,76,77368,买盘
2465,10:23:00,10.18,--,10,10180,买盘
2466,10:22:54,10.18,--,55,55990,买盘
2467,10:22:45,10.18,--,446,454028,卖盘
2468,10:22:39,10.18,-0.01,7,7126,卖盘
2469,10:22:30,10.19,0.01,11,11209,买盘
2470,10:22:27,10.18,-0.01,31,31558,卖盘
2471,10:22:24,10.19,--,5,5095,买盘
2472,10:22:21,10.19,0.01,100,101900,买盘
2473,10:22:18,10.18,--,18,18324,卖盘
2474,10:22:15,10.18,--,24,24432,卖盘
2475,10:22:12,10.18,-0.01,25,25450,卖盘
2476,10:22:09,10.19,0.01,6,6114,买盘
2477,10:22:06,10.18,-0.01,25,25450,卖盘
2478,10:22:03,10.19,0.01,21,21399,买盘
2479,10:22:00,10.18,--,49,49882,卖盘
2480,10:21:57,10.18,--,28,28504,卖盘
2481,10:21:45,10.18,-0.01,29,29522,卖盘
2482,10:21:42,10.19,0.01,173,176287,买盘
2483,10:21:33,10.18,--,7,7126,卖盘
2484,10:21:30,10.18,-0.01,4,4072,卖盘
2485,10:21:27,10.19,0.01,30,30570,买盘
2486,10:21:21,10.18,--,83,84494,卖盘
2487,10:21:18,10.18,--,185,188330,卖盘
2488,10:21:15,10.18,-0.01,25,25450,卖盘
2489,10:21:12,10.19,0.01,178,181382,买盘
2490,10:21:06,10.18,-0.01,10,10180,卖盘
2491,10:21:03,10.19,--,5,5095,买盘
2492,10:20:57,10.19,--,59,60121,买盘
2493,10:20:51,10.19,0.01,56,57064,买盘
2494,10:20:48,10.18,--,21,21378,买盘
2495,10:20:45,10.18,--,63,64134,买盘
2496,10:20:42,10.18,--,1,1018,买盘
2497,10:20:39,10.18,--,11,11198,买盘
2498,10:20:36,10.18,-0.01,19,19342,卖盘
2499,10:20:33,10.19,0.01,5,5095,买盘
2500,10:20:30,10.18,--,1,1018,买盘
2501,10:20:27,10.18,--,57,58026,卖盘
2502,10:20:24,10.18,--,15,15270,卖盘
2503,10:20:21,10.18,--,5,5090,卖盘
2504,10:20:18,10.18,0.01,38,38684,买盘
2505,10:20:15,10.17,-0.02,25,25425,卖盘
2506,10:20:12,10.19,0.01,201,204819,买盘
2507,10:20:09,10.18,--,6,6108,买盘
2508,10:20:03,10.18,--,5,5090,买盘
2509,10:19:57,10.18,--,5,5090,买盘
2510,10:19:54,10.18,0.01,40,40720,买盘
2511,10:19:48,10.17,--,9,9153,卖盘
2512,10:19:45,10.17,-0.01,25,25425,卖盘
2513,10:19:42,10.18,0.01,85,86530,买盘
2514,10:19:36,10.17,--,10,10170,卖盘
2515,10:19:33,10.17,-0.01,5,5085,卖盘
2516,10:19:30,10.18,--,3,3054,买盘
2517,10:19:24,10.18,0.01,2,2036,买盘
2518,10:19:21,10.17,--,70,71190,卖盘
2519,10:19:15,10.17,--,44,44748,卖盘
2520,10:19:12,10.17,--,258,262386,卖盘
2521,10:19:09,10.17,--,14,14238,卖盘
2522,10:19:06,10.17,--,30,30510,卖盘
2523,10:19:03,10.17,--,46,46782,卖盘
2524,10:19:00,10.17,--,17,17289,卖盘
2525,10:18:57,10.17,-0.01,129,131193,卖盘
2526,10:18:54,10.18,0.01,5,5090,买盘
2527,10:18:51,10.17,-0.01,29,29493,卖盘
2528,10:18:48,10.18,0.01,6,6108,买盘
2529,10:18:45,10.17,--,33,33561,卖盘
2530,10:18:39,10.17,-0.01,10,10170,卖盘
2531,10:18:33,10.18,--,3,3054,买盘
2532,10:18:30,10.18,--,17,17306,卖盘
2533,10:18:27,10.18,--,28,28504,卖盘
2534,10:18:24,10.18,--,80,81440,卖盘
2535,10:18:21,10.18,-0.01,5,5090,卖盘
2536,10:18:18,10.19,0.01,28,28532,买盘
2537,10:18:15,10.18,-0.01,78,79404,卖盘
2538,10:18:06,10.19,0.01,92,93748,买盘
2539,10:18:03,10.18,--,27,27486,卖盘
2540,10:18:00,10.18,-0.01,290,295220,卖盘
2541,10:17:57,10.19,0.01,30,30570,买盘
2542,10:17:54,10.18,--,46,46828,卖盘
2543,10:17:51,10.18,-0.01,107,108926,卖盘
2544,10:17:48,10.19,0.01,31,31589,买盘
2545,10:17:45,10.18,-0.01,25,25450,卖盘
2546,10:17:36,10.19,0.01,177,180363,买盘
2547,10:17:33,10.18,--,117,119106,卖盘
2548,10:17:27,10.18,-0.01,47,47846,卖盘
2549,10:17:21,10.19,0.01,7,7133,买盘
2550,10:17:15,10.18,-0.01,24,24432,卖盘
2551,10:17:12,10.19,--,5,5095,买盘
2552,10:17:09,10.19,--,1,1019,买盘
2553,10:17:06,10.19,--,6,6114,买盘
2554,10:17:03,10.19,-0.01,732,745908,卖盘
2555,10:17:00,10.2,0.01,4,4079,买盘
2556,10:16:57,10.19,-0.01,44,44836,卖盘
2557,10:16:54,10.2,0.01,20,20400,买盘
2558,10:16:51,10.19,--,18,18342,卖盘
2559,10:16:48,10.19,--,89,90691,卖盘
2560,10:16:45,10.19,--,71,72349,卖盘
2561,10:16:42,10.19,--,15,15285,卖盘
2562,10:16:39,10.19,--,10,10190,卖盘
2563,10:16:36,10.19,--,8,8152,卖盘
2564,10:16:33,10.19,--,10,10190,卖盘
2565,10:16:30,10.19,--,26,26494,卖盘
2566,10:16:27,10.19,--,9,9171,卖盘
2567,10:16:24,10.19,--,43,43817,卖盘
2568,10:16:18,10.19,--,99,100881,卖盘
2569,10:16:15,10.19,-0.01,25,25475,卖盘
2570,10:16:12,10.2,0.01,4,4079,买盘
2571,10:16:09,10.19,--,72,73368,卖盘
2572,10:16:03,10.19,-0.01,11,11209,卖盘
2573,10:16:00,10.2,0.01,20,20400,买盘
2574,10:15:57,10.19,--,52,52988,卖盘
2575,10:15:54,10.19,-0.01,19,19361,卖盘
2576,10:15:51,10.2,0.01,5,5100,买盘
2577,10:15:48,10.19,--,19,19361,卖盘
2578,10:15:45,10.19,--,24,24456,卖盘
2579,10:15:42,10.19,--,20,20380,卖盘
2580,10:15:36,10.19,--,26,26494,卖盘
2581,10:15:33,10.19,-0.01,10,10190,卖盘
2582,10:15:30,10.2,0.01,40,40800,买盘
2583,10:15:27,10.19,--,260,265571,卖盘
2584,10:15:24,10.19,-0.01,35,35665,卖盘
2585,10:15:21,10.2,0.01,2,2039,买盘
2586,10:15:15,10.19,-0.01,30,30570,卖盘
2587,10:15:12,10.2,0.01,5,5100,买盘
2588,10:15:09,10.19,-0.01,11,11209,卖盘
2589,10:15:06,10.2,0.01,11,11220,买盘
2590,10:15:03,10.19,-0.01,7,7133,卖盘
2591,10:15:00,10.2,0.01,50,51000,买盘
2592,10:14:54,10.19,--,16,16304,卖盘
2593,10:14:48,10.19,--,125,127375,卖盘
2594,10:14:45,10.19,--,40,40760,卖盘
2595,10:14:42,10.19,--,20,20380,卖盘
2596,10:14:33,10.19,--,9,9171,卖盘
2597,10:14:30,10.19,--,10,10190,卖盘
2598,10:14:27,10.19,--,10,10190,卖盘
2599,10:14:21,10.19,--,5,5095,卖盘
2600,10:14:15,10.19,-0.01,31,31589,卖盘
2601,10:14:12,10.2,--,3,3060,买盘
2602,10:14:09,10.2,--,10,10200,买盘
2603,10:14:06,10.2,0.01,11,11220,买盘
2604,10:14:03,10.19,--,46,46874,卖盘
2605,10:14:00,10.19,--,8,8152,卖盘
2606,10:13:57,10.19,-0.01,22,22418,卖盘
2607,10:13:54,10.2,--,5,5100,买盘
2608,10:13:48,10.2,0.01,14,14279,中性盘
2609,10:13:45,10.19,--,31,31629,卖盘
2610,10:13:42,10.19,-0.01,128,130432,卖盘
2611,10:13:33,10.2,--,32,33619,卖盘
2612,10:13:30,10.2,--,67,68340,卖盘
2613,10:13:27,10.2,--,33,33660,卖盘
2614,10:13:21,10.2,--,94,95920,买盘
2615,10:13:18,10.2,--,103,105059,买盘
2616,10:13:15,10.2,--,31,31619,买盘
2617,10:13:12,10.2,0.01,144,146880,买盘
2618,10:13:09,10.19,-0.01,20,20380,卖盘
2619,10:13:00,10.2,0.01,3,3060,买盘
2620,10:12:57,10.19,--,10,10190,卖盘
2621,10:12:54,10.19,-0.01,50,50950,卖盘
2622,10:12:51,10.2,--,10,10200,买盘
2623,10:12:48,10.2,0.01,7,7139,买盘
2624,10:12:45,10.19,-0.01,75,76425,卖盘
2625,10:12:42,10.2,--,301,307020,买盘
2626,10:12:39,10.2,--,480,489599,买盘
2627,10:12:33,10.2,0.01,8,8159,买盘
2628,10:12:30,10.19,--,16,16304,买盘
2629,10:12:27,10.19,--,78,79482,卖盘
2630,10:12:24,10.19,-0.01,10,10190,卖盘
2631,10:12:21,10.2,0.01,56,57119,买盘
2632,10:12:15,10.19,--,36,36684,卖盘
2633,10:12:12,10.19,-0.01,33,33627,卖盘
2634,10:12:09,10.2,0.01,11,11220,买盘
2635,10:12:03,10.19,--,55,56045,卖盘
2636,10:12:00,10.19,--,13,13247,卖盘
2637,10:11:54,10.19,-0.01,21,21399,卖盘
2638,10:11:51,10.2,--,8,8159,买盘
2639,10:11:45,10.2,--,30,30599,买盘
2640,10:11:42,10.2,--,968,988339,卖盘
2641,10:11:39,10.2,-0.01,20,20400,卖盘
2642,10:11:36,10.21,--,76,77596,卖盘
2643,10:11:33,10.21,--,30,30630,买盘
2644,10:11:30,10.21,--,6,6126,买盘
2645,10:11:27,10.21,--,112,114352,卖盘
2646,10:11:24,10.21,0.01,100,102100,买盘
2647,10:11:21,10.2,--,241,245819,卖盘
2648,10:11:18,10.2,--,13,13259,卖盘
2649,10:11:15,10.2,--,235,239699,卖盘
2650,10:11:12,10.2,-0.01,45,45900,卖盘
2651,10:11:09,10.21,0.01,76,77596,买盘
2652,10:11:06,10.2,-0.01,54,55079,卖盘
2653,10:11:03,10.21,--,17,17357,买盘
2654,10:11:00,10.21,--,6,6126,买盘
2655,10:10:57,10.21,--,113,115373,卖盘
2656,10:10:54,10.21,--,137,139877,卖盘
2657,10:10:51,10.21,-0.01,400,408400,卖盘
2658,10:10:48,10.22,0.01,239,244258,买盘
2659,10:10:45,10.21,--,130,132730,卖盘
2660,10:10:42,10.21,-0.01,5,5105,卖盘
2661,10:10:39,10.22,--,52,53144,买盘
2662,10:10:36,10.22,--,40,40880,买盘
2663,10:10:33,10.22,-0.01,398,406756,卖盘
2664,10:10:30,10.23,0.01,13,13299,买盘
2665,10:10:27,10.22,-0.01,84,85848,卖盘
2666,10:10:24,10.23,--,89,91047,买盘
2667,10:10:21,10.23,--,204,208692,买盘
2668,10:10:18,10.23,--,170,173910,买盘
2669,10:10:15,10.23,--,91,93093,买盘
2670,10:10:12,10.23,0.01,54,55242,买盘
2671,10:10:09,10.22,-0.01,110,112420,卖盘
2672,10:10:06,10.23,0.01,336,343728,买盘
2673,10:10:03,10.22,--,47,48034,卖盘
2674,10:10:00,10.22,-0.01,27,27594,卖盘
2675,10:09:57,10.23,0.01,1,1023,买盘
2676,10:09:54,10.22,-0.01,97,99134,卖盘
2677,10:09:48,10.23,0.01,22,22506,买盘
2678,10:09:45,10.22,-0.01,58,59276,卖盘
2679,10:09:42,10.23,--,6,6138,买盘
2680,10:09:39,10.23,--,22,22506,买盘
2681,10:09:36,10.23,0.01,4,4092,买盘
2682,10:09:33,10.22,-0.01,18,18396,卖盘
2683,10:09:30,10.23,--,3,3069,买盘
2684,10:09:27,10.23,0.01,45,46035,买盘
2685,10:09:24,10.22,-0.01,369,377118,卖盘
2686,10:09:21,10.23,0.01,24,24552,买盘
2687,10:09:18,10.22,--,1,1022,卖盘
2688,10:09:15,10.22,--,157,160454,卖盘
2689,10:09:12,10.22,-0.01,27,27594,卖盘
2690,10:09:09,10.23,--,5,5115,买盘
2691,10:09:06,10.23,--,19,19437,买盘
2692,10:09:03,10.23,0.01,27,27621,买盘
2693,10:09:00,10.22,--,76,77672,卖盘
2694,10:08:57,10.22,--,7,7154,卖盘
2695,10:08:54,10.22,--,33,33726,卖盘
2696,10:08:51,10.22,--,111,113442,买盘
2697,10:08:48,10.22,--,534,545748,买盘
2698,10:08:45,10.22,--,29,29638,买盘
2699,10:08:42,10.22,--,16,16352,买盘
2700,10:08:39,10.22,--,51,52122,买盘
2701,10:08:36,10.22,0.01,15,15330,买盘
2702,10:08:33,10.21,-0.01,29,29609,卖盘
2703,10:08:30,10.22,--,13,13286,买盘
2704,10:08:27,10.22,--,145,148190,买盘
2705,10:08:24,10.22,--,70,71540,买盘
2706,10:08:21,10.22,0.01,31,31682,买盘
2707,10:08:18,10.21,-0.01,58,59218,卖盘
2708,10:08:15,10.22,--,48,49056,买盘
2709,10:08:12,10.22,--,125,127750,买盘
2710,10:08:06,10.22,0.01,18,18396,买盘
2711,10:08:03,10.21,-0.01,61,62281,卖盘
2712,10:08:00,10.22,0.01,78,79716,买盘
2713,10:07:57,10.21,-0.01,49,50029,卖盘
2714,10:07:54,10.22,--,49,50078,买盘
2715,10:07:51,10.22,--,100,102200,买盘
2716,10:07:48,10.22,0.01,253,258566,买盘
2717,10:07:45,10.21,-0.01,65,66365,卖盘
2718,10:07:42,10.22,0.01,139,142058,买盘
2719,10:07:39,10.21,--,72,73512,卖盘
2720,10:07:36,10.21,-0.01,30,30630,卖盘
2721,10:07:33,10.22,--,71,72562,买盘
2722,10:07:30,10.22,--,176,179872,买盘
2723,10:07:27,10.22,--,201,205422,买盘
2724,10:07:24,10.22,--,153,156366,买盘
2725,10:07:21,10.22,--,90,91980,买盘
2726,10:07:18,10.22,--,52,53144,买盘
2727,10:07:15,10.22,--,60,61320,买盘
2728,10:07:12,10.22,0.01,31,31682,买盘
2729,10:07:06,10.21,-0.01,102,104142,卖盘
2730,10:07:03,10.22,0.01,119,121618,买盘
2731,10:07:00,10.21,--,135,137835,买盘
2732,10:06:57,10.21,--,51,52071,买盘
2733,10:06:54,10.21,--,116,118436,买盘
2734,10:06:51,10.21,--,841,858661,买盘
2735,10:06:48,10.21,--,70,71470,买盘
2736,10:06:45,10.21,--,93,94953,买盘
2737,10:06:42,10.21,--,82,83722,买盘
2738,10:06:39,10.21,--,55,56155,买盘
2739,10:06:36,10.21,--,213,217473,买盘
2740,10:06:33,10.21,--,89,90869,买盘
2741,10:06:30,10.21,0.01,44,44924,买盘
2742,10:06:27,10.2,-0.01,2,2039,卖盘
2743,10:06:24,10.21,--,42,42882,买盘
2744,10:06:21,10.21,0.01,150,153150,买盘
2745,10:06:18,10.2,-0.01,56,57119,卖盘
2746,10:06:15,10.21,--,115,117415,买盘
2747,10:06:12,10.21,--,87,88827,买盘
2748,10:06:09,10.21,--,60,61260,卖盘
2749,10:06:06,10.21,0.01,136,138856,买盘
2750,10:06:03,10.2,--,153,156060,卖盘
2751,10:06:00,10.2,--,758,773160,卖盘
2752,10:05:57,10.2,--,26,26519,卖盘
2753,10:05:54,10.2,-0.01,106,108119,卖盘
2754,10:05:51,10.21,0.01,38,38798,买盘
2755,10:05:48,10.2,-0.01,162,165280,卖盘
2756,10:05:45,10.21,0.01,156,159276,买盘
2757,10:05:42,10.2,--,18,18360,卖盘
2758,10:05:39,10.2,-0.01,40,40800,卖盘
2759,10:05:36,10.21,0.01,856,873976,买盘
2760,10:05:33,10.2,--,162,165240,买盘
2761,10:05:30,10.2,--,39,39780,买盘
2762,10:05:27,10.2,--,343,349860,买盘
2763,10:05:24,10.2,0.01,177,180540,买盘
2764,10:05:21,10.19,-0.01,15,15285,卖盘
2765,10:05:18,10.2,--,199,202980,买盘
2766,10:05:15,10.2,--,1162,1185240,买盘
2767,10:05:12,10.2,0.01,62,63239,买盘
2768,10:05:09,10.19,--,61,62159,卖盘
2769,10:05:06,10.19,-0.01,118,120242,卖盘
2770,10:05:03,10.2,--,74,75480,买盘
2771,10:05:00,10.2,0.01,519,529380,买盘
2772,10:04:57,10.19,--,79,80501,卖盘
2773,10:04:54,10.19,--,65,66235,买盘
2774,10:04:51,10.19,-0.01,61,62159,卖盘
2775,10:04:48,10.2,0.01,65,66300,买盘
2776,10:04:45,10.19,--,102,103938,卖盘
2777,10:04:42,10.19,--,57,58083,卖盘
2778,10:04:39,10.19,0.01,36,36684,中性盘
2779,10:04:36,10.18,-0.01,922,938596,卖盘
2780,10:04:33,10.19,--,2034,2072646,卖盘
2781,10:04:30,10.19,--,24,24456,卖盘
2782,10:04:27,10.19,--,38,38722,卖盘
2783,10:04:24,10.19,--,1417,1443923,买盘
2784,10:04:21,10.19,0.01,211,215009,买盘
2785,10:04:18,10.18,-0.01,454,462172,卖盘
2786,10:04:15,10.19,0.01,64,65216,买盘
2787,10:04:09,10.18,--,33,33594,卖盘
2788,10:04:06,10.18,--,505,514090,买盘
2789,10:04:03,10.18,--,22,22396,买盘
2790,10:04:00,10.18,--,59,60062,买盘
2791,10:03:57,10.18,0.01,502,511036,买盘
2792,10:03:54,10.17,-0.01,98,99666,卖盘
2793,10:03:51,10.18,0.01,88,89584,买盘
2794,10:03:48,10.17,--,987,1003779,卖盘
2795,10:03:45,10.17,--,154,156618,卖盘
2796,10:03:42,10.17,--,125,127125,卖盘
2797,10:03:39,10.17,--,85,86445,卖盘
2798,10:03:36,10.17,--,81,82377,卖盘
2799,10:03:33,10.17,--,17,17289,卖盘
2800,10:03:30,10.17,--,83,84411,买盘
2801,10:03:27,10.17,--,20,20340,买盘
2802,10:03:24,10.17,0.01,59,60003,买盘
2803,10:03:21,10.16,-0.01,105,106680,卖盘
2804,10:03:18,10.17,--,20,20340,买盘
2805,10:03:15,10.17,--,86,87462,卖盘
2806,10:03:12,10.17,--,57,57969,卖盘
2807,10:03:09,10.17,--,862,876654,买盘
2808,10:03:06,10.17,0.01,2,2034,买盘
2809,10:03:03,10.16,--,5,5080,卖盘
2810,10:03:00,10.16,-0.01,50,50800,卖盘
2811,10:02:57,10.17,0.01,248,252216,买盘
2812,10:02:54,10.16,-0.01,10,10160,卖盘
2813,10:02:48,10.17,--,186,189162,买盘
2814,10:02:45,10.17,--,41,41697,买盘
2815,10:02:42,10.17,--,61,62037,买盘
2816,10:02:39,10.17,--,5,5085,买盘
2817,10:02:36,10.17,0.01,103,104751,买盘
2818,10:02:30,10.16,-0.01,36,36576,卖盘
2819,10:02:27,10.17,--,320,325440,买盘
2820,10:02:24,10.17,0.01,98,99666,买盘
2821,10:02:21,10.16,-0.01,54,54864,卖盘
2822,10:02:18,10.17,0.01,10,10170,买盘
2823,10:02:15,10.16,--,128,130048,卖盘
2824,10:02:12,10.16,--,186,188976,卖盘
2825,10:02:09,10.16,-0.01,130,132080,卖盘
