,time,price,change,volume,amount,type
0,15:00:03,7.5,--,8414,6310500,买盘
1,14:57:00,7.5,--,624,468000,买盘
2,14:56:57,7.5,--,3,2250,买盘
3,14:56:54,7.5,0.01,57,42750,买盘
4,14:56:51,7.49,-0.01,176,132123,卖盘
5,14:56:48,7.5,--,59,44250,买盘
6,14:56:45,7.5,0.01,407,305250,买盘
7,14:56:42,7.49,-0.01,203,152047,卖盘
8,14:56:39,7.5,--,28,21000,买盘
9,14:56:33,7.5,0.01,193,144750,买盘
10,14:56:30,7.49,-0.01,53,39697,卖盘
11,14:56:27,7.5,0.01,54,40500,买盘
12,14:56:24,7.49,-0.01,113,84637,卖盘
13,14:56:21,7.5,0.01,299,224250,买盘
14,14:56:18,7.49,-0.01,11,8239,卖盘
15,14:56:15,7.5,0.01,6,4500,买盘
16,14:56:12,7.49,--,233,174517,卖盘
17,14:56:09,7.49,-0.01,119,89131,卖盘
18,14:56:06,7.5,--,127,95250,买盘
19,14:56:03,7.5,--,77,57750,买盘
20,14:56:00,7.5,--,13,9750,买盘
21,14:55:57,7.5,0.01,26,19500,买盘
22,14:55:54,7.49,-0.01,43,32207,卖盘
23,14:55:51,7.5,0.01,2133,1600050,买盘
24,14:55:48,7.49,--,334,250166,买盘
25,14:55:45,7.49,--,88,65912,买盘
26,14:55:42,7.49,--,584,437416,买盘
27,14:55:39,7.49,0.01,77,58167,买盘
28,14:55:36,7.48,--,83,62084,卖盘
29,14:55:33,7.48,-0.01,51,38148,卖盘
30,14:55:30,7.49,0.01,472,353528,买盘
31,14:55:27,7.48,--,196,146608,卖盘
32,14:55:24,7.48,-0.01,13,9724,卖盘
33,14:55:21,7.49,--,64,47936,买盘
34,14:55:18,7.49,--,846,633654,买盘
35,14:55:15,7.49,--,7,5243,买盘
36,14:55:12,7.49,--,26,19474,买盘
37,14:55:09,7.49,--,423,316827,买盘
38,14:55:06,7.49,--,1094,819406,买盘
39,14:55:03,7.49,0.01,79,59171,买盘
40,14:54:57,7.48,-0.01,63,47124,卖盘
41,14:54:54,7.49,--,141,105609,买盘
42,14:54:51,7.49,0.01,797,596953,买盘
43,14:54:48,7.48,-0.01,35,26180,卖盘
44,14:54:45,7.49,0.01,1125,842625,买盘
45,14:54:42,7.48,-0.01,47,35156,卖盘
46,14:54:39,7.49,--,26,19474,买盘
47,14:54:36,7.49,0.01,112,83888,买盘
48,14:54:33,7.48,-0.01,29,21692,卖盘
49,14:54:30,7.49,--,51,38199,买盘
50,14:54:27,7.49,--,152,113848,买盘
51,14:54:24,7.49,0.01,466,349034,买盘
52,14:54:21,7.48,-0.01,1531,1145188,卖盘
53,14:54:18,7.49,0.01,56,41944,买盘
54,14:54:15,7.48,-0.01,243,181764,卖盘
55,14:54:12,7.49,0.01,314,235186,买盘
56,14:54:09,7.48,--,5,3740,卖盘
57,14:54:03,7.48,--,1150,860200,卖盘
58,14:54:00,7.48,--,35,26180,卖盘
59,14:53:57,7.48,-0.01,89,66572,卖盘
60,14:53:54,7.49,--,264,197736,买盘
61,14:53:51,7.49,--,40,29960,买盘
62,14:53:48,7.49,0.01,12,8988,买盘
63,14:53:45,7.48,-0.01,50,37400,卖盘
64,14:53:42,7.49,--,17,12733,买盘
65,14:53:39,7.49,--,125,93625,买盘
66,14:53:36,7.49,--,143,107107,买盘
67,14:53:33,7.49,--,206,154294,买盘
68,14:53:30,7.49,0.01,4,2996,买盘
69,14:53:27,7.48,-0.01,40,29920,卖盘
70,14:53:24,7.49,--,36,26964,买盘
71,14:53:21,7.49,0.01,20,14980,买盘
72,14:53:18,7.48,-0.01,99,74052,卖盘
73,14:53:15,7.49,0.01,66,49434,买盘
74,14:53:12,7.48,-0.01,70,52360,卖盘
75,14:53:09,7.49,0.01,172,128828,买盘
76,14:53:06,7.48,--,11,8228,卖盘
77,14:53:03,7.48,--,667,498916,卖盘
78,14:53:00,7.48,-0.01,7,5236,卖盘
79,14:52:57,7.49,0.01,87,65163,买盘
80,14:52:54,7.48,--,73,54604,卖盘
81,14:52:51,7.48,-0.01,179,133892,卖盘
82,14:52:48,7.49,0.01,26,19474,买盘
83,14:52:45,7.48,-0.01,189,141372,卖盘
84,14:52:42,7.49,0.01,264,197736,买盘
85,14:52:39,7.48,--,5,3740,卖盘
86,14:52:36,7.48,-0.01,14,10472,卖盘
87,14:52:33,7.49,--,127,95123,买盘
88,14:52:27,7.49,--,14,10486,买盘
89,14:52:24,7.49,0.01,426,319074,买盘
90,14:52:21,7.48,-0.01,14,10472,卖盘
91,14:52:18,7.49,--,180,134820,买盘
92,14:52:15,7.49,--,41,30709,买盘
93,14:52:12,7.49,-0.01,143,107107,卖盘
94,14:52:09,7.5,0.01,351,263250,买盘
95,14:52:06,7.49,-0.01,15,11235,中性盘
96,14:52:03,7.5,0.01,317,237750,买盘
97,14:52:00,7.49,-0.01,78,58422,卖盘
98,14:51:57,7.5,0.01,18,13500,买盘
99,14:51:54,7.49,--,174,130326,买盘
100,14:51:51,7.49,-0.01,24,17976,卖盘
101,14:51:48,7.5,0.01,121,90750,买盘
102,14:51:45,7.49,--,1030,771470,卖盘
103,14:51:42,7.49,-0.01,54,40446,卖盘
104,14:51:39,7.5,--,13,9750,买盘
105,14:51:36,7.5,--,90,67500,买盘
106,14:51:33,7.5,0.01,66,49500,买盘
107,14:51:30,7.49,--,61,45689,卖盘
108,14:51:27,7.49,--,76,56924,卖盘
109,14:51:24,7.49,--,74,55426,卖盘
110,14:51:21,7.49,--,215,161035,卖盘
111,14:51:18,7.49,--,178,133322,卖盘
112,14:51:15,7.49,--,135,101115,卖盘
113,14:51:12,7.49,--,53,39697,卖盘
114,14:51:09,7.49,--,73,54677,卖盘
115,14:51:06,7.49,--,112,83888,卖盘
116,14:51:03,7.49,--,102,76398,卖盘
117,14:51:00,7.49,--,20,14980,卖盘
118,14:50:57,7.49,-0.01,53,39697,卖盘
119,14:50:54,7.5,0.01,249,186750,买盘
120,14:50:51,7.49,--,18,13482,卖盘
121,14:50:48,7.49,-0.01,64,47936,卖盘
122,14:50:45,7.5,0.01,185,138750,买盘
123,14:50:42,7.49,-0.01,37,27713,卖盘
124,14:50:39,7.5,0.01,188,141000,买盘
125,14:50:36,7.49,--,20,14980,卖盘
126,14:50:33,7.49,-0.01,134,100366,卖盘
127,14:50:30,7.5,0.01,14,10500,买盘
128,14:50:27,7.49,--,153,114597,卖盘
129,14:50:24,7.49,-0.01,29,21721,卖盘
130,14:50:21,7.5,--,83,62250,买盘
131,14:50:18,7.5,--,27,20250,买盘
132,14:50:15,7.5,0.01,5,3750,买盘
133,14:50:12,7.49,--,124,92876,卖盘
134,14:50:09,7.49,--,12,8988,卖盘
135,14:50:06,7.49,--,343,256907,卖盘
136,14:50:03,7.49,--,801,599949,卖盘
137,14:50:00,7.49,-0.01,69,51681,卖盘
138,14:49:57,7.5,--,69,51750,买盘
139,14:49:54,7.5,0.01,112,84000,买盘
140,14:49:51,7.49,-0.01,154,115346,卖盘
141,14:49:48,7.5,0.01,225,168750,买盘
142,14:49:45,7.49,--,65,48685,卖盘
143,14:49:42,7.49,-0.01,61,45689,卖盘
144,14:49:39,7.5,0.01,2,1500,买盘
145,14:49:36,7.49,--,354,265146,卖盘
146,14:49:33,7.49,--,104,77896,卖盘
147,14:49:30,7.49,--,103,77147,卖盘
148,14:49:27,7.49,-0.01,114,85386,卖盘
149,14:49:24,7.5,0.01,35,26250,买盘
150,14:49:21,7.49,--,20,14980,卖盘
151,14:49:18,7.49,--,1152,862848,买盘
152,14:49:15,7.49,0.01,17,12733,买盘
153,14:49:12,7.48,-0.01,347,259556,卖盘
154,14:49:09,7.49,--,432,323568,卖盘
155,14:49:06,7.49,--,15,11235,卖盘
156,14:49:03,7.49,-0.01,191,143059,卖盘
157,14:49:00,7.5,0.01,439,329250,买盘
158,14:48:57,7.49,--,2088,1563912,卖盘
159,14:48:54,7.49,--,50,37450,买盘
160,14:48:51,7.49,--,83,62167,卖盘
161,14:48:48,7.49,-0.01,37,27713,卖盘
162,14:48:45,7.5,0.01,94,70500,买盘
163,14:48:42,7.49,-0.01,1464,1096536,卖盘
164,14:48:39,7.5,--,32,24000,买盘
165,14:48:36,7.5,--,137,102750,买盘
166,14:48:33,7.5,0.01,315,236250,买盘
167,14:48:30,7.49,--,27,20223,卖盘
168,14:48:27,7.49,-0.01,65,48685,卖盘
169,14:48:24,7.5,0.01,139,104250,买盘
170,14:48:21,7.49,--,26,19474,卖盘
171,14:48:18,7.49,--,23,17227,卖盘
172,14:48:15,7.49,--,89,66661,卖盘
173,14:48:12,7.49,-0.01,40,29960,卖盘
174,14:48:09,7.5,--,477,357750,买盘
175,14:48:06,7.5,0.01,97,72750,买盘
176,14:48:03,7.49,--,16,11984,卖盘
177,14:48:00,7.49,--,48,35952,卖盘
178,14:47:57,7.49,-0.01,28,20972,卖盘
179,14:47:54,7.5,--,64,48000,买盘
180,14:47:51,7.5,--,80,60000,买盘
181,14:47:48,7.5,0.01,40,30000,买盘
182,14:47:45,7.49,--,31,23219,卖盘
183,14:47:42,7.49,-0.01,38,28462,卖盘
184,14:47:39,7.5,0.01,364,273000,买盘
185,14:47:36,7.49,--,22,16478,卖盘
186,14:47:33,7.49,--,142,106358,卖盘
187,14:47:30,7.49,-0.01,49,36701,卖盘
188,14:47:27,7.5,--,450,337500,买盘
189,14:47:24,7.5,0.01,1039,779250,买盘
190,14:47:21,7.49,-0.01,156,116844,卖盘
191,14:47:18,7.5,0.01,32,24000,买盘
192,14:47:15,7.49,-0.01,151,113099,卖盘
193,14:47:12,7.5,--,87,65250,买盘
194,14:47:09,7.5,0.01,24,18000,买盘
195,14:47:06,7.49,--,328,245672,卖盘
196,14:47:03,7.49,-0.01,200,149800,卖盘
197,14:47:00,7.5,0.01,44,33000,买盘
198,14:46:57,7.49,-0.01,23,17227,卖盘
199,14:46:54,7.5,0.01,5418,4063500,买盘
200,14:46:51,7.49,--,120,89880,卖盘
201,14:46:48,7.49,--,130,97370,卖盘
202,14:46:45,7.49,--,69,51681,卖盘
203,14:46:42,7.49,--,161,120589,卖盘
204,14:46:39,7.49,-0.01,9,6741,卖盘
205,14:46:36,7.5,0.01,39,29250,买盘
206,14:46:33,7.49,--,50,37450,卖盘
207,14:46:30,7.49,--,90,67410,卖盘
208,14:46:27,7.49,-0.01,26,19474,卖盘
209,14:46:24,7.5,0.01,88,66000,买盘
210,14:46:21,7.49,-0.01,35,26215,卖盘
211,14:46:18,7.5,0.01,3774,2830500,买盘
212,14:46:15,7.49,-0.01,71,53179,卖盘
213,14:46:12,7.5,--,43,32250,买盘
214,14:46:09,7.5,--,113,84750,买盘
215,14:46:06,7.5,--,55,41250,买盘
216,14:46:03,7.5,0.01,190,142500,买盘
217,14:46:00,7.49,-0.01,106,79394,卖盘
218,14:45:57,7.5,0.01,18,13500,买盘
219,14:45:54,7.49,--,225,168525,卖盘
220,14:45:51,7.49,--,80,59920,卖盘
221,14:45:48,7.49,-0.01,21,15729,卖盘
222,14:45:45,7.5,0.01,157,117750,买盘
223,14:45:42,7.49,-0.01,35,26215,卖盘
224,14:45:39,7.5,0.01,50,37500,买盘
225,14:45:36,7.49,--,33,24717,卖盘
226,14:45:33,7.49,--,123,92127,卖盘
227,14:45:30,7.49,-0.01,214,160286,卖盘
228,14:45:27,7.5,--,86,64500,买盘
229,14:45:24,7.5,0.01,157,117750,买盘
230,14:45:21,7.49,--,66,49434,卖盘
231,14:45:18,7.49,-0.01,180,134820,卖盘
232,14:45:15,7.5,0.01,55,41250,买盘
233,14:45:12,7.49,-0.01,215,161035,卖盘
234,14:45:09,7.5,0.01,79,59250,买盘
235,14:45:06,7.49,-0.01,20,14980,卖盘
236,14:45:03,7.5,0.01,180,135000,买盘
237,14:45:00,7.49,--,8,5992,卖盘
238,14:44:57,7.49,-0.01,56,41944,卖盘
239,14:44:54,7.5,--,197,147750,买盘
240,14:44:51,7.5,--,166,124500,买盘
241,14:44:48,7.5,0.01,50,37500,买盘
242,14:44:45,7.49,-0.01,70,52430,卖盘
243,14:44:42,7.5,--,51,38250,买盘
244,14:44:39,7.5,0.01,5,3750,买盘
245,14:44:33,7.49,--,30,22470,卖盘
246,14:44:30,7.49,0.01,281,210469,买盘
247,14:44:27,7.48,-0.01,1500,1122000,卖盘
248,14:44:24,7.49,--,421,315329,买盘
249,14:44:21,7.49,--,137,102613,买盘
250,14:44:18,7.49,--,505,378245,买盘
251,14:44:15,7.49,--,471,352779,买盘
252,14:44:12,7.49,--,225,168525,买盘
253,14:44:09,7.49,--,106,79394,买盘
254,14:44:06,7.49,--,1565,1172185,买盘
255,14:44:03,7.49,0.01,20,14980,买盘
256,14:44:00,7.48,-0.01,767,573716,卖盘
257,14:43:57,7.49,--,29,21721,买盘
258,14:43:54,7.49,--,21,15729,买盘
259,14:43:51,7.49,--,359,268891,买盘
260,14:43:48,7.49,--,44,32956,买盘
261,14:43:45,7.49,--,598,447902,买盘
262,14:43:42,7.49,--,102,76398,买盘
263,14:43:39,7.49,0.01,11,8239,买盘
264,14:43:36,7.48,-0.01,47,35156,卖盘
265,14:43:33,7.49,--,222,166278,买盘
266,14:43:30,7.49,--,100,74900,买盘
267,14:43:27,7.49,--,120,89880,买盘
268,14:43:24,7.49,--,87,65163,买盘
269,14:43:21,7.49,--,1,749,买盘
270,14:43:18,7.49,0.01,6,4494,买盘
271,14:43:15,7.48,-0.01,180,134640,卖盘
272,14:43:12,7.49,--,1,749,买盘
273,14:43:09,7.49,--,736,551264,买盘
274,14:43:06,7.49,--,25,18725,买盘
275,14:43:03,7.49,0.01,118,88382,买盘
276,14:43:00,7.48,-0.01,165,123420,卖盘
277,14:42:57,7.49,--,11,8239,买盘
278,14:42:54,7.49,--,184,137816,买盘
279,14:42:51,7.49,--,56,41944,买盘
280,14:42:48,7.49,--,23,17227,买盘
281,14:42:45,7.49,--,76,56924,买盘
282,14:42:42,7.49,--,101,75649,买盘
283,14:42:39,7.49,--,87,65163,买盘
284,14:42:36,7.49,--,709,531041,卖盘
285,14:42:30,7.49,-0.01,170,127330,卖盘
286,14:42:27,7.5,0.01,146,109500,买盘
287,14:42:24,7.49,-0.01,412,308588,卖盘
288,14:42:21,7.5,0.01,114,85500,买盘
289,14:42:18,7.49,--,816,611184,卖盘
290,14:42:15,7.49,--,197,147553,卖盘
291,14:42:12,7.49,-0.01,701,525049,卖盘
292,14:42:09,7.5,--,28,21000,买盘
293,14:42:06,7.5,0.01,152,114000,买盘
294,14:42:03,7.49,-0.01,596,446404,卖盘
295,14:42:00,7.5,0.01,4977,3732750,买盘
296,14:41:57,7.49,0.01,2219,1662031,买盘
297,14:41:54,7.48,-0.01,701,524348,卖盘
298,14:41:51,7.49,--,697,522053,买盘
299,14:41:48,7.49,0.01,26,19474,买盘
300,14:41:45,7.48,-0.01,267,199716,卖盘
301,14:41:42,7.49,--,2270,1700230,买盘
302,14:41:39,7.49,--,86,64414,买盘
303,14:41:36,7.49,0.01,26,19474,买盘
304,14:41:33,7.48,-0.01,51,38148,卖盘
305,14:41:30,7.49,0.01,263,196987,买盘
306,14:41:27,7.48,-0.01,255,190740,卖盘
307,14:41:24,7.49,0.01,131,98119,买盘
308,14:41:21,7.48,--,126,94248,卖盘
309,14:41:18,7.48,--,383,286484,卖盘
310,14:41:15,7.48,--,141,105468,卖盘
311,14:41:12,7.48,--,22,16456,卖盘
312,14:41:09,7.48,--,420,314160,卖盘
313,14:41:06,7.48,--,333,249084,卖盘
314,14:41:03,7.48,0.01,1158,866184,买盘
315,14:41:00,7.47,--,43,32121,卖盘
316,14:40:57,7.47,-0.01,3803,2840841,卖盘
317,14:40:54,7.48,0.01,1113,832524,买盘
318,14:40:51,7.47,--,65,48555,卖盘
319,14:40:48,7.47,-0.01,10,7470,卖盘
320,14:40:45,7.48,0.01,26,19448,买盘
321,14:40:42,7.47,--,44,32868,卖盘
322,14:40:36,7.47,--,156,116532,卖盘
323,14:40:33,7.47,--,260,194220,卖盘
324,14:40:30,7.47,--,65,48555,卖盘
325,14:40:27,7.47,-0.01,70,52290,卖盘
326,14:40:24,7.48,--,245,183260,买盘
327,14:40:21,7.48,--,27,20196,买盘
328,14:40:18,7.48,--,49,36652,买盘
329,14:40:15,7.48,--,487,364276,买盘
330,14:40:12,7.48,--,23,17204,买盘
331,14:40:09,7.48,--,30,22440,买盘
332,14:40:06,7.48,--,31,23188,买盘
333,14:40:03,7.48,--,1034,773432,买盘
334,14:39:57,7.48,--,25,18700,买盘
335,14:39:54,7.48,--,49,36652,买盘
336,14:39:51,7.48,--,256,191488,买盘
337,14:39:48,7.48,--,28,20944,买盘
338,14:39:45,7.48,--,100,74800,买盘
339,14:39:42,7.48,--,213,159324,买盘
340,14:39:39,7.48,--,23,17204,买盘
341,14:39:36,7.48,--,366,273768,买盘
342,14:39:33,7.48,--,24,17952,买盘
343,14:39:30,7.48,--,84,62832,买盘
344,14:39:27,7.48,-0.01,2400,1795200,卖盘
345,14:39:24,7.49,0.01,36,26964,买盘
346,14:39:21,7.48,--,232,173536,卖盘
347,14:39:18,7.48,--,3,2244,卖盘
348,14:39:15,7.48,--,109,81532,卖盘
349,14:39:12,7.48,0.01,759,567732,买盘
350,14:39:09,7.47,-0.01,101,75447,卖盘
351,14:39:06,7.48,--,498,372504,买盘
352,14:39:03,7.48,--,315,235620,买盘
353,14:39:00,7.48,--,499,373252,买盘
354,14:38:57,7.48,0.01,55,41140,买盘
355,14:38:54,7.47,-0.01,69,51543,卖盘
356,14:38:51,7.48,--,272,203456,买盘
357,14:38:48,7.48,--,314,234872,买盘
358,14:38:45,7.48,--,871,651508,买盘
359,14:38:42,7.48,0.01,2111,1579028,买盘
360,14:38:39,7.47,-0.01,662,494514,卖盘
361,14:38:36,7.48,--,266,198968,买盘
362,14:38:33,7.48,0.01,160,119680,买盘
363,14:38:30,7.47,-0.01,46,34362,卖盘
364,14:38:27,7.48,--,206,154088,买盘
365,14:38:24,7.48,--,155,115940,买盘
366,14:38:21,7.48,0.01,39,29172,买盘
367,14:38:18,7.47,--,10,7470,卖盘
368,14:38:15,7.47,-0.01,133,99351,卖盘
369,14:38:12,7.48,--,156,116688,买盘
370,14:38:09,7.48,--,443,331364,买盘
371,14:38:06,7.48,--,80,59840,买盘
372,14:38:03,7.48,--,45,33660,买盘
373,14:38:00,7.48,0.01,50,37400,买盘
374,14:37:57,7.47,--,243,181521,卖盘
375,14:37:54,7.47,--,39,29133,卖盘
376,14:37:51,7.47,--,57,42579,卖盘
377,14:37:48,7.47,--,117,87996,买盘
378,14:37:45,7.47,--,190,141930,买盘
379,14:37:42,7.47,--,432,322704,买盘
380,14:37:39,7.47,--,26,19422,买盘
381,14:37:36,7.47,--,200,149400,买盘
382,14:37:33,7.47,--,251,187497,买盘
383,14:37:30,7.47,--,758,566226,买盘
384,14:37:27,7.47,--,218,162846,买盘
385,14:37:24,7.47,--,181,135207,买盘
386,14:37:21,7.47,--,308,230076,买盘
387,14:37:18,7.47,--,148,110556,买盘
388,14:37:15,7.47,0.01,2000,1494000,买盘
389,14:37:12,7.46,-0.01,73,54458,卖盘
390,14:37:09,7.47,--,50,37350,买盘
391,14:37:06,7.47,--,145,108315,买盘
392,14:37:03,7.47,--,28,20916,买盘
393,14:37:00,7.47,0.01,1570,1172790,买盘
394,14:36:57,7.46,-0.01,58,43268,卖盘
395,14:36:54,7.47,--,344,256968,买盘
396,14:36:51,7.47,--,1,747,买盘
397,14:36:48,7.47,--,28,20916,买盘
398,14:36:45,7.47,0.01,152,113544,买盘
399,14:36:42,7.46,-0.01,814,607244,卖盘
400,14:36:39,7.47,--,173,129231,买盘
401,14:36:36,7.47,--,72,53784,买盘
402,14:36:33,7.47,--,56,41832,买盘
403,14:36:30,7.47,--,142,106074,买盘
404,14:36:27,7.47,--,170,126990,买盘
405,14:36:24,7.47,0.01,51,38097,买盘
406,14:36:21,7.46,-0.01,13,9698,卖盘
407,14:36:18,7.47,0.01,12,8964,买盘
408,14:36:15,7.46,--,32,23872,卖盘
409,14:36:12,7.46,-0.01,45,33570,卖盘
410,14:36:09,7.47,0.01,19,14193,买盘
411,14:36:06,7.46,--,158,118196,买盘
412,14:36:03,7.46,--,73,54458,买盘
413,14:36:00,7.46,--,103,76838,买盘
414,14:35:57,7.46,0.01,271,202166,买盘
415,14:35:54,7.45,-0.01,181,134845,卖盘
416,14:35:51,7.46,--,737,549802,买盘
417,14:35:48,7.46,--,170,126820,买盘
418,14:35:45,7.46,--,207,154422,买盘
419,14:35:42,7.46,--,94,70124,买盘
420,14:35:39,7.46,--,224,167104,买盘
421,14:35:36,7.46,--,17,12682,买盘
422,14:35:33,7.46,--,175,130550,买盘
423,14:35:30,7.46,--,115,85790,买盘
424,14:35:27,7.46,-0.01,311,232423,卖盘
425,14:35:24,7.47,0.01,1799,1344181,买盘
426,14:35:21,7.46,0.01,316,235736,买盘
427,14:35:18,7.45,-0.01,66,49170,卖盘
428,14:35:15,7.46,--,67,49982,买盘
429,14:35:12,7.46,--,40,29840,买盘
430,14:35:09,7.46,--,1095,816870,买盘
431,14:35:06,7.46,--,106,79076,买盘
432,14:35:03,7.46,--,192,143232,买盘
433,14:35:00,7.46,--,300,223800,买盘
434,14:34:57,7.46,--,81,60426,买盘
435,14:34:54,7.46,0.01,231,172326,买盘
436,14:34:51,7.45,-0.01,63,46935,卖盘
437,14:34:48,7.46,0.01,56,41776,买盘
438,14:34:45,7.45,-0.01,5,3725,卖盘
439,14:34:42,7.46,0.01,187,139502,买盘
440,14:34:39,7.45,--,43,32035,卖盘
441,14:34:36,7.45,--,1310,975950,卖盘
442,14:34:33,7.45,--,42,31290,卖盘
443,14:34:30,7.45,-0.01,53,39485,卖盘
444,14:34:27,7.46,--,109,81314,买盘
445,14:34:24,7.46,0.01,21,15666,买盘
446,14:34:18,7.45,-0.01,5,3725,卖盘
447,14:34:15,7.46,0.01,84,62664,买盘
448,14:34:12,7.45,--,10,7450,卖盘
449,14:34:09,7.45,0.01,165,123223,买盘
450,14:34:06,7.44,-0.01,146,108624,卖盘
451,14:34:03,7.45,--,9697,7224265,买盘
452,14:34:00,7.45,--,18,13410,买盘
453,14:33:57,7.45,0.01,6,4470,买盘
454,14:33:54,7.44,-0.01,340,252960,卖盘
455,14:33:51,7.45,--,1,745,买盘
456,14:33:48,7.45,--,60,44700,买盘
457,14:33:45,7.45,--,57,42465,买盘
458,14:33:42,7.45,0.01,308,229460,买盘
459,14:33:39,7.44,--,4,2976,卖盘
460,14:33:36,7.44,--,1,744,卖盘
461,14:33:33,7.44,-0.01,5,3720,卖盘
462,14:33:30,7.45,--,11,8195,买盘
463,14:33:27,7.45,--,23,17135,买盘
464,14:33:21,7.45,--,6,4470,买盘
465,14:33:15,7.45,--,15,11175,买盘
466,14:33:12,7.45,--,72,53640,买盘
467,14:33:09,7.45,--,10,7450,买盘
468,14:33:06,7.45,0.01,24,17880,买盘
469,14:33:03,7.44,--,54,40176,卖盘
470,14:33:00,7.44,-0.01,15,11160,卖盘
471,14:32:57,7.45,0.01,9,6705,买盘
472,14:32:54,7.44,-0.01,308,229152,卖盘
473,14:32:48,7.45,--,37,27565,买盘
474,14:32:45,7.45,--,31,23095,买盘
475,14:32:42,7.45,--,50,37250,买盘
476,14:32:39,7.45,--,77,57365,买盘
477,14:32:36,7.45,0.01,45,33525,买盘
478,14:32:33,7.44,-0.01,28,20832,卖盘
479,14:32:30,7.45,--,23,17135,买盘
480,14:32:27,7.45,--,50,37250,买盘
481,14:32:24,7.45,--,19,14155,买盘
482,14:32:21,7.45,--,24,17880,买盘
483,14:32:12,7.45,--,63,46935,买盘
484,14:32:09,7.45,--,29,21605,买盘
485,14:32:06,7.45,0.01,9,6705,买盘
486,14:32:03,7.44,--,148,110112,卖盘
487,14:32:00,7.44,-0.01,26,19344,卖盘
488,14:31:57,7.45,--,17,12665,买盘
489,14:31:54,7.45,--,111,82695,买盘
490,14:31:51,7.45,--,22,16390,买盘
491,14:31:48,7.45,--,52,38740,买盘
492,14:31:45,7.45,0.01,82,61090,买盘
493,14:31:39,7.44,-0.01,12,8928,卖盘
494,14:31:36,7.45,0.01,1,745,买盘
495,14:31:33,7.44,-0.01,10,7440,卖盘
496,14:31:30,7.45,--,19,14155,买盘
497,14:31:27,7.45,0.01,23,17135,买盘
498,14:31:21,7.44,--,64,47616,卖盘
499,14:31:18,7.44,-0.01,278,206832,卖盘
500,14:31:15,7.45,0.01,109,81205,买盘
501,14:31:12,7.44,-0.01,143,106392,卖盘
502,14:31:09,7.45,--,3,2235,买盘
503,14:31:06,7.45,--,28,20860,买盘
504,14:31:03,7.45,--,11,8195,买盘
505,14:31:00,7.45,--,13,9685,买盘
506,14:30:57,7.45,--,23,17135,买盘
507,14:30:54,7.45,--,10,7450,买盘
508,14:30:51,7.45,0.01,375,279375,买盘
509,14:30:48,7.44,--,23,17112,卖盘
510,14:30:45,7.44,--,1,744,卖盘
511,14:30:42,7.44,-0.01,23,17112,卖盘
512,14:30:36,7.45,--,22,16390,买盘
513,14:30:33,7.45,0.01,13,9685,买盘
514,14:30:30,7.44,-0.01,10,7440,卖盘
515,14:30:21,7.45,0.01,58,43210,买盘
516,14:30:18,7.44,-0.01,37,27528,卖盘
517,14:30:15,7.45,0.01,54,40230,买盘
518,14:30:12,7.44,--,47,34968,卖盘
519,14:30:09,7.44,--,543,404096,买盘
520,14:30:06,7.44,--,13,9672,买盘
521,14:30:03,7.44,--,7,5208,买盘
522,14:30:00,7.44,--,108,80352,买盘
523,14:29:57,7.44,--,2,1488,买盘
524,14:29:54,7.44,0.01,10,7440,买盘
525,14:29:51,7.43,-0.01,42,31206,卖盘
526,14:29:45,7.44,--,67,49848,买盘
527,14:29:42,7.44,--,185,137640,买盘
528,14:29:36,7.44,--,70,52080,买盘
529,14:29:33,7.44,--,59,43896,买盘
530,14:29:30,7.44,--,35,26040,买盘
531,14:29:27,7.44,--,438,326511,卖盘
532,14:29:24,7.44,-0.01,7,5208,卖盘
533,14:29:21,7.45,0.01,64,47680,买盘
534,14:29:18,7.44,--,166,123504,卖盘
535,14:29:15,7.44,--,25,18600,卖盘
536,14:29:12,7.44,-0.01,12,8928,卖盘
537,14:29:09,7.45,0.01,36,26820,买盘
538,14:29:06,7.44,0.01,1588,1181576,买盘
539,14:29:03,7.43,--,42,31206,卖盘
540,14:29:00,7.43,-0.01,203,150829,卖盘
541,14:28:57,7.44,--,321,238824,买盘
542,14:28:54,7.44,--,134,99696,买盘
543,14:28:51,7.44,--,5,3720,买盘
544,14:28:48,7.44,--,99,73656,买盘
545,14:28:45,7.44,0.01,12,8928,买盘
546,14:28:42,7.43,-0.01,10,7430,卖盘
547,14:28:39,7.44,0.01,14,10416,买盘
548,14:28:36,7.43,-0.01,431,320233,卖盘
549,14:28:33,7.44,0.01,15,11160,买盘
550,14:28:30,7.43,--,1040,772720,卖盘
551,14:28:27,7.43,--,36,26748,卖盘
552,14:28:24,7.43,--,463,344009,卖盘
553,14:28:21,7.43,--,40,29720,卖盘
554,14:28:18,7.43,-0.01,37,27491,卖盘
555,14:28:15,7.44,--,461,342984,买盘
556,14:28:12,7.44,--,3,2232,买盘
557,14:28:06,7.44,--,57,42408,买盘
558,14:28:03,7.44,--,65,48360,买盘
559,14:28:00,7.44,0.01,6,4464,买盘
560,14:27:57,7.43,--,466,346238,卖盘
561,14:27:54,7.43,-0.01,41,30463,卖盘
562,14:27:48,7.44,--,51,37944,买盘
563,14:27:45,7.44,0.01,12,8928,买盘
564,14:27:42,7.43,-0.01,23,17089,卖盘
565,14:27:39,7.44,--,8,5952,买盘
566,14:27:36,7.44,0.01,436,324384,买盘
567,14:27:33,7.43,--,15,11145,卖盘
568,14:27:30,7.43,--,37,27491,卖盘
569,14:27:24,7.43,-0.01,3,2229,卖盘
570,14:27:21,7.44,0.01,10,7440,买盘
571,14:27:18,7.43,-0.01,470,349210,卖盘
572,14:27:15,7.44,--,85,63240,买盘
573,14:27:12,7.44,0.01,28,20832,买盘
574,14:27:09,7.43,-0.01,78,57954,卖盘
575,14:27:06,7.44,--,20,14880,买盘
576,14:27:03,7.44,--,30,22320,买盘
577,14:27:00,7.44,0.01,34,25296,中性盘
578,14:26:57,7.43,-0.01,477,354411,卖盘
579,14:26:54,7.44,--,43,31992,买盘
580,14:26:51,7.44,--,52,38688,买盘
581,14:26:48,7.44,0.01,28,20832,买盘
582,14:26:45,7.43,--,102,75786,卖盘
583,14:26:42,7.43,--,25,18575,卖盘
584,14:26:39,7.43,-0.01,70,52010,卖盘
585,14:26:36,7.44,--,531,395064,买盘
586,14:26:33,7.44,--,68,50592,买盘
587,14:26:30,7.44,--,36,26784,买盘
588,14:26:27,7.44,--,100,74400,买盘
589,14:26:24,7.44,0.01,34,25296,买盘
590,14:26:21,7.43,--,27,20061,卖盘
591,14:26:18,7.43,-0.02,101,75043,卖盘
592,14:26:15,7.45,0.01,525,391125,买盘
593,14:26:12,7.44,--,115,85560,买盘
594,14:26:09,7.44,--,125,93000,买盘
595,14:26:06,7.44,--,29,21576,买盘
596,14:26:03,7.44,--,157,116808,卖盘
597,14:26:00,7.44,--,144,107136,卖盘
598,14:25:57,7.44,--,473,351912,卖盘
599,14:25:54,7.44,-0.01,65,48360,卖盘
600,14:25:51,7.45,0.01,21,15645,买盘
601,14:25:48,7.44,--,32,23808,卖盘
602,14:25:45,7.44,--,13,9672,卖盘
603,14:25:42,7.44,--,150,111600,卖盘
604,14:25:39,7.44,-0.01,9,6696,卖盘
605,14:25:36,7.45,--,43,32035,买盘
606,14:25:33,7.45,--,462,344190,买盘
607,14:25:30,7.45,0.01,52,38740,买盘
608,14:25:27,7.44,-0.01,162,120528,卖盘
609,14:25:24,7.45,0.01,10,7450,买盘
610,14:25:21,7.44,--,20,14880,卖盘
611,14:25:18,7.44,-0.01,41,30504,中性盘
612,14:25:15,7.45,0.02,447,333015,买盘
613,14:25:12,7.43,-0.01,100,74300,卖盘
614,14:25:09,7.44,-0.01,63,46872,卖盘
615,14:25:06,7.45,--,10,7450,买盘
616,14:25:03,7.45,0.01,51,37995,买盘
617,14:25:00,7.44,--,19,14136,卖盘
618,14:24:57,7.44,-0.01,57,42408,中性盘
619,14:24:54,7.45,0.02,449,334505,买盘
620,14:24:51,7.43,-0.01,90,66870,卖盘
621,14:24:48,7.44,--,100,74400,买盘
622,14:24:45,7.44,--,15,11160,买盘
623,14:24:39,7.44,--,22,16368,买盘
624,14:24:36,7.44,--,148,110112,买盘
625,14:24:33,7.44,--,433,322152,买盘
626,14:24:30,7.44,--,32,23808,买盘
627,14:24:24,7.44,0.01,379,281976,买盘
628,14:24:21,7.43,-0.01,65,48295,卖盘
629,14:24:18,7.44,--,464,345216,买盘
630,14:24:15,7.44,--,542,403248,买盘
631,14:24:12,7.44,--,84,62496,买盘
632,14:24:09,7.44,--,38,28272,买盘
633,14:24:06,7.44,--,89,66216,买盘
634,14:24:03,7.44,0.01,36,26784,买盘
635,14:24:00,7.43,-0.01,421,312803,卖盘
636,14:23:57,7.44,--,865,643560,买盘
637,14:23:51,7.44,--,32,23808,买盘
638,14:23:48,7.44,--,21,15624,买盘
639,14:23:45,7.44,0.01,7,5208,买盘
640,14:23:42,7.43,-0.01,433,321719,卖盘
641,14:23:39,7.44,--,105,78120,买盘
642,14:23:36,7.44,--,21,15624,买盘
643,14:23:33,7.44,--,1,744,买盘
644,14:23:30,7.44,--,19,14136,买盘
645,14:23:27,7.44,--,18,13392,买盘
646,14:23:24,7.44,--,98,72912,买盘
647,14:23:21,7.44,--,8,5952,买盘
648,14:23:18,7.44,0.01,503,374232,买盘
649,14:23:15,7.43,--,16,11888,卖盘
650,14:23:12,7.43,-0.01,70,52010,卖盘
651,14:23:09,7.44,0.01,25,18600,买盘
652,14:23:06,7.43,-0.01,60,44580,卖盘
653,14:23:03,7.44,--,8,5952,买盘
654,14:23:00,7.44,--,69,51336,买盘
655,14:22:57,7.44,--,427,317688,买盘
656,14:22:54,7.44,--,31,23064,买盘
657,14:22:51,7.44,--,7,5208,买盘
658,14:22:48,7.44,--,108,80352,买盘
659,14:22:45,7.44,--,424,315456,买盘
660,14:22:39,7.44,0.01,427,317688,买盘
661,14:22:36,7.43,-0.01,25,18575,卖盘
662,14:22:33,7.44,0.01,43,31992,买盘
663,14:22:30,7.43,--,5,3715,卖盘
664,14:22:21,7.43,--,435,323205,卖盘
665,14:22:18,7.43,-0.01,20,14860,卖盘
666,14:22:15,7.44,0.01,202,150288,买盘
667,14:22:12,7.43,--,7,5201,卖盘
668,14:22:09,7.43,--,68,50524,卖盘
669,14:22:06,7.43,-0.01,105,78015,卖盘
670,14:22:03,7.44,--,15,11160,买盘
671,14:22:00,7.44,--,39,29016,买盘
672,14:21:57,7.44,--,623,463512,买盘
673,14:21:54,7.44,0.01,98,72912,买盘
674,14:21:51,7.43,--,1269,942867,卖盘
675,14:21:45,7.43,--,10,7430,卖盘
676,14:21:42,7.43,-0.01,42,31206,卖盘
677,14:21:39,7.44,0.01,452,336288,买盘
678,14:21:36,7.43,--,20,14860,卖盘
679,14:21:30,7.43,--,73,54239,卖盘
680,14:21:27,7.43,-0.01,10,7430,卖盘
681,14:21:24,7.44,0.01,7,5208,买盘
682,14:21:21,7.43,-0.01,473,351439,卖盘
683,14:21:18,7.44,0.01,46,34224,买盘
684,14:21:15,7.43,-0.01,81,60183,卖盘
685,14:21:09,7.44,0.01,5,3720,买盘
686,14:21:06,7.43,--,32,23776,卖盘
687,14:21:03,7.43,-0.01,37,27491,卖盘
688,14:21:00,7.44,--,426,316944,买盘
689,14:20:57,7.44,--,13,9672,买盘
690,14:20:54,7.44,--,2,1488,买盘
691,14:20:51,7.44,0.01,17,12648,买盘
692,14:20:48,7.43,--,38,28234,卖盘
693,14:20:45,7.43,-0.01,43,31949,卖盘
694,14:20:42,7.44,--,442,328848,买盘
695,14:20:39,7.44,--,10,7440,买盘
696,14:20:36,7.44,0.01,16,11904,买盘
697,14:20:33,7.43,--,114,84702,卖盘
698,14:20:30,7.43,-0.01,12,8916,卖盘
699,14:20:27,7.44,--,37,27528,买盘
700,14:20:24,7.44,--,56,41664,买盘
701,14:20:21,7.44,0.01,422,313968,买盘
702,14:20:18,7.43,-0.01,34,25262,卖盘
703,14:20:15,7.44,--,16,11904,买盘
704,14:20:12,7.44,--,21,15624,买盘
705,14:20:06,7.44,0.01,16,11904,买盘
706,14:20:03,7.43,-0.01,120,89160,卖盘
707,14:20:00,7.44,0.01,460,342240,买盘
708,14:19:57,7.43,-0.01,10,7430,卖盘
709,14:19:54,7.44,--,28,20832,买盘
710,14:19:51,7.44,0.01,1,744,买盘
711,14:19:48,7.43,--,10,7430,卖盘
712,14:19:45,7.43,-0.01,77,57211,卖盘
713,14:19:42,7.44,--,61,45384,买盘
714,14:19:39,7.44,--,451,335544,买盘
715,14:19:36,7.44,0.01,2,1488,买盘
716,14:19:30,7.43,-0.01,49,36407,卖盘
717,14:19:27,7.44,--,18,13392,买盘
718,14:19:24,7.44,--,12,8928,买盘
719,14:19:21,7.44,--,75,55800,买盘
720,14:19:18,7.44,--,423,314712,买盘
721,14:19:15,7.44,--,14,10416,买盘
722,14:19:12,7.44,--,50,37200,买盘
723,14:19:06,7.44,--,123,91512,买盘
724,14:19:03,7.44,--,26,19344,买盘
725,14:19:00,7.44,0.01,97,72168,买盘
726,14:18:57,7.43,--,7,5201,卖盘
727,14:18:54,7.43,-0.01,52,38636,卖盘
728,14:18:51,7.44,0.01,59,43896,买盘
729,14:18:48,7.43,--,40,29720,买盘
730,14:18:45,7.43,--,210,156030,卖盘
731,14:18:42,7.43,-0.01,80,59440,卖盘
732,14:18:39,7.44,0.01,12,8928,买盘
733,14:18:33,7.43,--,50,37150,卖盘
734,14:18:30,7.43,-0.01,30,22290,卖盘
735,14:18:27,7.44,--,53,39432,买盘
736,14:18:24,7.44,0.01,71,52824,买盘
737,14:18:21,7.43,-0.01,5,3715,卖盘
738,14:18:18,7.44,0.01,211,156984,买盘
739,14:18:15,7.43,-0.01,45,33435,卖盘
740,14:18:12,7.44,0.01,117,87048,买盘
741,14:18:09,7.43,-0.01,7,5201,卖盘
742,14:18:06,7.44,--,3,2232,买盘
743,14:18:03,7.44,--,8,5952,买盘
744,14:18:00,7.44,--,1,744,买盘
745,14:17:57,7.44,--,35,26040,买盘
746,14:17:54,7.44,--,20,14880,买盘
747,14:17:51,7.44,0.01,381,283464,买盘
748,14:17:48,7.43,-0.01,143,106249,卖盘
749,14:17:45,7.44,0.01,74,55056,买盘
750,14:17:42,7.43,-0.01,126,93618,卖盘
751,14:17:39,7.44,--,61,45384,买盘
752,14:17:36,7.44,--,51,37944,买盘
753,14:17:33,7.44,0.01,35,26040,买盘
754,14:17:30,7.43,--,15,11145,卖盘
755,14:17:27,7.43,--,63,46809,买盘
756,14:17:24,7.43,--,14,10402,买盘
757,14:17:21,7.43,--,44,32692,买盘
758,14:17:18,7.43,--,171,127053,买盘
759,14:17:15,7.43,--,70,52010,买盘
760,14:17:12,7.43,--,84,62412,卖盘
761,14:17:09,7.43,-0.01,350,260050,卖盘
762,14:17:03,7.44,--,37,27528,买盘
763,14:17:00,7.44,--,14,10416,买盘
764,14:16:57,7.44,--,955,710520,买盘
765,14:16:54,7.44,0.01,47,34968,买盘
766,14:16:51,7.43,-0.01,48,35664,卖盘
767,14:16:48,7.44,0.01,17,12648,买盘
768,14:16:45,7.43,--,8,5944,卖盘
769,14:16:42,7.43,--,74,54982,卖盘
770,14:16:39,7.43,--,108,80244,卖盘
771,14:16:30,7.43,-0.01,142,105506,卖盘
772,14:16:27,7.44,0.01,16,11904,买盘
773,14:16:24,7.43,-0.01,436,323948,卖盘
774,14:16:21,7.44,--,62,46128,买盘
775,14:16:18,7.44,0.01,136,101184,买盘
776,14:16:12,7.43,-0.01,44,32692,卖盘
777,14:16:09,7.44,0.01,3,2232,买盘
778,14:16:06,7.43,-0.01,21,15603,卖盘
779,14:16:03,7.44,0.01,36,26784,买盘
780,14:16:00,7.43,-0.01,25,18575,卖盘
781,14:15:57,7.44,--,82,61008,买盘
782,14:15:54,7.44,0.01,146,108624,买盘
783,14:15:51,7.43,--,386,287095,买盘
784,14:15:48,7.43,--,12,8916,买盘
785,14:15:45,7.43,--,332,246676,买盘
786,14:15:42,7.43,--,10,7430,买盘
787,14:15:39,7.43,--,10,7430,买盘
788,14:15:36,7.43,--,46,34178,买盘
789,14:15:33,7.43,0.01,640,475520,买盘
790,14:15:30,7.42,-0.01,44,32648,卖盘
791,14:15:27,7.43,--,20,14860,买盘
792,14:15:24,7.43,--,13,9659,买盘
793,14:15:21,7.43,--,116,86188,买盘
794,14:15:18,7.43,--,5,3715,买盘
795,14:15:15,7.43,--,22,16346,买盘
796,14:15:12,7.43,--,16,11888,买盘
797,14:15:09,7.43,--,182,135226,买盘
798,14:15:06,7.43,--,28,20804,买盘
799,14:15:03,7.43,--,43,31949,买盘
800,14:15:00,7.43,--,7,5201,买盘
801,14:14:57,7.43,0.01,193,143399,买盘
802,14:14:54,7.42,-0.01,161,119462,卖盘
803,14:14:51,7.43,--,52,38636,买盘
804,14:14:48,7.43,--,518,384874,买盘
805,14:14:45,7.43,--,11,8173,买盘
806,14:14:42,7.43,--,71,52753,买盘
807,14:14:39,7.43,--,15,11145,买盘
808,14:14:36,7.43,--,76,56468,买盘
809,14:14:33,7.43,--,347,257821,买盘
810,14:14:30,7.43,--,59,43837,买盘
811,14:14:27,7.43,0.01,41,30463,买盘
812,14:14:24,7.42,-0.01,30,22260,卖盘
813,14:14:21,7.43,--,194,144142,买盘
814,14:14:18,7.43,0.01,20,14860,买盘
815,14:14:15,7.42,-0.01,1,742,卖盘
816,14:14:12,7.43,--,35,26005,买盘
817,14:14:09,7.43,--,23,17089,买盘
818,14:14:06,7.43,0.01,6,4458,买盘
819,14:14:03,7.42,-0.01,95,70490,卖盘
820,14:14:00,7.43,--,18,13374,买盘
821,14:13:54,7.43,--,22,16346,买盘
822,14:13:51,7.43,--,205,152315,买盘
823,14:13:48,7.43,0.01,33,24519,买盘
824,14:13:45,7.42,-0.01,53,39326,卖盘
825,14:13:42,7.43,--,280,208040,买盘
826,14:13:39,7.43,--,9,6687,买盘
827,14:13:36,7.43,--,28,20804,买盘
828,14:13:33,7.43,0.01,53,39379,买盘
829,14:13:30,7.42,-0.01,2,1484,卖盘
830,14:13:27,7.43,--,17,12631,买盘
831,14:13:24,7.43,--,275,204325,买盘
832,14:13:21,7.43,--,231,171633,买盘
833,14:13:18,7.43,--,31,23033,买盘
834,14:13:15,7.43,--,1134,842562,买盘
835,14:13:12,7.43,--,1,743,买盘
836,14:13:03,7.43,0.01,71,52753,买盘
837,14:13:00,7.42,-0.01,7,5194,卖盘
838,14:12:57,7.43,0.01,9,6687,买盘
839,14:12:54,7.42,-0.01,29,21518,卖盘
840,14:12:51,7.43,--,28,20804,买盘
841,14:12:48,7.43,--,36,26748,买盘
842,14:12:45,7.43,--,90,66870,买盘
843,14:12:39,7.43,--,97,72071,买盘
844,14:12:36,7.43,--,8,5944,买盘
845,14:12:33,7.43,--,53,39379,买盘
846,14:12:30,7.43,0.01,50,37150,买盘
847,14:12:27,7.42,--,16,11872,卖盘
848,14:12:24,7.42,-0.01,32,23744,卖盘
849,14:12:21,7.43,--,23,17089,买盘
850,14:12:18,7.43,--,5,3715,买盘
851,14:12:15,7.43,0.01,10,7430,买盘
852,14:12:12,7.42,-0.01,24,17808,卖盘
853,14:12:09,7.43,--,44,32692,买盘
854,14:12:06,7.43,0.01,106,78758,买盘
855,14:12:03,7.42,-0.01,26,19292,卖盘
856,14:12:00,7.43,0.01,40,29720,买盘
857,14:11:54,7.42,-0.01,39,28938,卖盘
858,14:11:51,7.43,--,132,98076,买盘
859,14:11:48,7.43,0.01,16,11888,买盘
860,14:11:45,7.42,-0.01,30,22260,卖盘
861,14:11:42,7.43,--,15,11145,买盘
862,14:11:39,7.43,--,32,23776,买盘
863,14:11:36,7.43,--,7,5201,买盘
864,14:11:33,7.43,--,40,29720,买盘
865,14:11:30,7.43,0.01,24,17832,买盘
866,14:11:27,7.42,--,146,108332,卖盘
867,14:11:24,7.42,--,22,16324,卖盘
868,14:11:21,7.42,--,23,17066,卖盘
869,14:11:18,7.42,-0.01,48,35616,卖盘
870,14:11:15,7.43,--,19,14117,买盘
871,14:11:12,7.43,--,1,743,买盘
872,14:11:09,7.43,--,43,31949,买盘
873,14:11:06,7.43,0.01,28,20804,买盘
874,14:11:03,7.42,-0.01,15,11130,卖盘
875,14:11:00,7.43,--,23,17089,买盘
876,14:10:57,7.43,0.01,61,45323,买盘
877,14:10:54,7.42,-0.01,2,1484,卖盘
878,14:10:51,7.43,--,19,14117,买盘
879,14:10:48,7.43,--,47,34921,买盘
880,14:10:45,7.43,0.01,20,14860,买盘
881,14:10:42,7.42,--,171,126882,卖盘
882,14:10:39,7.42,-0.01,103,76426,卖盘
883,14:10:36,7.43,--,30,22290,买盘
884,14:10:30,7.43,0.01,79,58697,买盘
885,14:10:27,7.42,-0.01,28,20776,卖盘
886,14:10:24,7.43,--,5,3715,买盘
887,14:10:21,7.43,--,67,49781,买盘
888,14:10:18,7.43,--,49,36407,买盘
889,14:10:15,7.43,--,35,26005,买盘
890,14:10:12,7.43,--,342,254106,买盘
891,14:10:09,7.43,--,366,271938,买盘
892,14:10:06,7.43,0.01,28,20804,买盘
893,14:10:03,7.42,-0.01,51,37842,卖盘
894,14:10:00,7.43,--,16,11888,买盘
895,14:09:57,7.43,0.01,44,32692,买盘
896,14:09:54,7.42,-0.01,324,240408,卖盘
897,14:09:51,7.43,--,46,34178,买盘
898,14:09:48,7.43,0.01,27,20061,买盘
899,14:09:45,7.42,--,188,139496,卖盘
900,14:09:36,7.42,-0.01,70,51940,卖盘
901,14:09:33,7.43,0.01,431,320233,买盘
902,14:09:30,7.42,-0.01,15,11130,卖盘
903,14:09:27,7.43,0.01,39,28977,买盘
904,14:09:24,7.42,--,13,9646,卖盘
905,14:09:21,7.42,--,95,71039,买盘
906,14:09:18,7.42,--,592,439264,买盘
907,14:09:15,7.42,--,1819,1349698,买盘
908,14:09:12,7.42,--,525,389550,买盘
909,14:09:09,7.42,--,89,66038,买盘
910,14:09:06,7.42,--,4,2968,买盘
911,14:09:03,7.42,--,18,13356,买盘
912,14:09:00,7.42,--,545,404390,买盘
913,14:08:57,7.42,--,8,5936,买盘
914,14:08:54,7.42,--,447,331674,买盘
915,14:08:51,7.42,--,4,2968,买盘
916,14:08:48,7.42,--,213,158046,买盘
917,14:08:42,7.42,--,36,26712,买盘
918,14:08:39,7.42,0.01,56,41552,买盘
919,14:08:36,7.41,-0.01,12,8892,卖盘
920,14:08:33,7.42,--,430,319060,买盘
921,14:08:30,7.42,--,218,161756,买盘
922,14:08:27,7.42,--,1367,1014314,买盘
923,14:08:24,7.42,--,246,182532,买盘
924,14:08:21,7.42,0.01,156,116434,买盘
925,14:08:18,7.41,-0.01,20,14820,卖盘
926,14:08:12,7.42,--,428,317576,买盘
927,14:08:09,7.42,0.01,191,141722,买盘
928,14:08:06,7.41,-0.01,116,85956,卖盘
929,14:08:03,7.42,--,116,86072,买盘
930,14:08:00,7.42,0.01,19,14098,买盘
931,14:07:57,7.41,--,48,35568,卖盘
932,14:07:54,7.41,--,448,331968,卖盘
933,14:07:51,7.41,-0.01,47,34827,卖盘
934,14:07:48,7.42,0.01,35,25970,买盘
935,14:07:45,7.41,--,20,14820,卖盘
936,14:07:42,7.41,-0.01,48,35568,卖盘
937,14:07:39,7.42,--,94,69748,买盘
938,14:07:36,7.42,--,20,14840,买盘
939,14:07:33,7.42,--,425,315350,买盘
940,14:07:30,7.42,--,40,29680,买盘
941,14:07:27,7.42,0.01,1,742,买盘
942,14:07:24,7.41,-0.01,116,85956,卖盘
943,14:07:18,7.42,--,57,42294,买盘
944,14:07:15,7.42,--,57,42294,买盘
945,14:07:12,7.42,--,461,342062,买盘
946,14:07:09,7.42,0.01,46,34132,买盘
947,14:07:06,7.41,-0.01,47,34827,卖盘
948,14:07:03,7.42,--,2,1484,买盘
949,14:07:00,7.42,--,70,51940,买盘
950,14:06:57,7.42,--,5,3710,买盘
951,14:06:54,7.42,--,423,313866,买盘
952,14:06:51,7.42,--,23,17066,买盘
953,14:06:48,7.42,--,2,1484,买盘
954,14:06:45,7.42,--,7,5194,买盘
955,14:06:42,7.42,--,14,10388,买盘
956,14:06:39,7.42,--,76,56392,买盘
957,14:06:36,7.42,--,10,7420,买盘
958,14:06:33,7.42,--,469,347998,买盘
959,14:06:30,7.42,--,58,43036,买盘
960,14:06:27,7.42,--,8,5936,买盘
961,14:06:24,7.42,--,108,80136,买盘
962,14:06:21,7.42,0.01,27,20034,买盘
963,14:06:18,7.41,-0.01,1,741,卖盘
964,14:06:15,7.42,0.01,9,6678,买盘
965,14:06:12,7.41,-0.01,599,443859,卖盘
966,14:06:09,7.42,0.01,27,20034,买盘
967,14:06:06,7.41,--,16,11856,卖盘
968,14:06:03,7.41,-0.01,14,10374,卖盘
969,14:05:57,7.42,--,36,26712,买盘
970,14:05:54,7.42,--,22,16324,买盘
971,14:05:51,7.42,--,479,355418,买盘
972,14:05:48,7.42,--,2,1484,买盘
973,14:05:45,7.42,--,115,85330,买盘
974,14:05:42,7.42,0.02,49,36358,买盘
975,14:05:36,7.4,--,62,45880,卖盘
976,14:05:33,7.4,-0.01,462,341880,卖盘
977,14:05:30,7.41,--,22,16302,买盘
978,14:05:24,7.41,0.01,12,8892,买盘
979,14:05:21,7.4,-0.01,74,54760,卖盘
980,14:05:18,7.41,0.01,10,7410,买盘
981,14:05:15,7.4,-0.01,74,54760,卖盘
982,14:05:12,7.41,--,432,320112,买盘
983,14:05:09,7.41,--,24,17784,买盘
984,14:05:06,7.41,--,24,17784,买盘
985,14:05:03,7.41,--,31,22971,买盘
986,14:05:00,7.41,--,5,3705,买盘
987,14:04:57,7.41,--,43,31863,买盘
988,14:04:54,7.41,--,432,320112,买盘
989,14:04:51,7.41,--,586,434226,买盘
990,14:04:48,7.41,--,24,17784,买盘
991,14:04:45,7.41,--,2,1482,买盘
992,14:04:42,7.41,--,13,9633,买盘
993,14:04:39,7.41,--,7,5187,买盘
994,14:04:36,7.41,--,35,25935,买盘
995,14:04:33,7.41,0.01,80,59280,买盘
996,14:04:30,7.4,--,99,73260,卖盘
997,14:04:27,7.4,-0.01,15,11100,卖盘
998,14:04:24,7.41,--,1,741,买盘
999,14:04:21,7.41,--,26,19266,买盘
1000,14:04:18,7.41,--,36,26676,买盘
1001,14:04:15,7.41,--,8,5928,买盘
1002,14:04:12,7.41,--,8,5928,买盘
1003,14:04:09,7.41,--,1,741,买盘
1004,14:04:06,7.41,--,6,4446,买盘
1005,14:04:03,7.41,--,24,17784,买盘
1006,14:04:00,7.41,0.01,17,12597,买盘
1007,14:03:57,7.4,-0.01,2,1480,卖盘
1008,14:03:51,7.41,--,82,60762,买盘
1009,14:03:48,7.41,--,22,16302,买盘
1010,14:03:45,7.41,--,42,31122,买盘
1011,14:03:42,7.41,--,22,16302,买盘
1012,14:03:39,7.41,--,21,15561,买盘
1013,14:03:36,7.41,--,44,32604,买盘
1014,14:03:33,7.41,--,27,20007,买盘
1015,14:03:30,7.41,--,11,8151,买盘
1016,14:03:27,7.41,--,2,1482,买盘
1017,14:03:24,7.41,--,22,16302,买盘
1018,14:03:18,7.41,-0.01,20,14820,卖盘
1019,14:03:15,7.42,--,36,26712,买盘
1020,14:03:09,7.42,--,31,23002,买盘
1021,14:03:06,7.42,--,10,7420,买盘
1022,14:03:03,7.42,0.01,425,315350,买盘
1023,14:02:57,7.41,--,56,41496,买盘
1024,14:02:54,7.41,-0.01,30,22230,卖盘
1025,14:02:51,7.42,0.01,1,742,买盘
1026,14:02:48,7.41,--,17,12597,卖盘
1027,14:02:45,7.41,--,21,15561,卖盘
1028,14:02:42,7.41,--,55,40755,买盘
1029,14:02:39,7.41,--,17,12597,卖盘
1030,14:02:36,7.41,-0.01,143,105963,卖盘
1031,14:02:33,7.42,--,13,9646,买盘
1032,14:02:30,7.42,0.01,11,8162,买盘
1033,14:02:27,7.41,--,23,17043,买盘
1034,14:02:24,7.41,--,10,7410,买盘
1035,14:02:18,7.41,--,2,1482,买盘
1036,14:02:15,7.41,--,24,17784,买盘
1037,14:02:12,7.41,-0.01,103,76323,卖盘
1038,14:02:09,7.42,0.01,1,742,买盘
1039,14:02:06,7.41,-0.01,22,16302,卖盘
1040,14:02:00,7.42,--,1,742,买盘
1041,14:01:57,7.42,--,24,17808,买盘
1042,14:01:54,7.42,0.01,13,9646,买盘
1043,14:01:51,7.41,--,73,54093,卖盘
1044,14:01:48,7.41,--,71,52611,买盘
1045,14:01:45,7.41,0.01,25,18525,买盘
1046,14:01:42,7.4,-0.02,48,35520,卖盘
1047,14:01:36,7.42,0.01,17,12614,买盘
1048,14:01:30,7.41,-0.01,14,10374,卖盘
1049,14:01:27,7.42,0.02,65,48230,买盘
1050,14:01:21,7.4,-0.02,50,37000,卖盘
1051,14:01:18,7.42,0.01,23,17066,买盘
1052,14:01:15,7.41,--,53,39273,卖盘
1053,14:01:12,7.41,--,518,383838,买盘
1054,14:01:09,7.41,--,30,22230,买盘
1055,14:01:06,7.41,-0.01,1152,853632,卖盘
1056,14:01:03,7.42,--,38,28196,买盘
1057,14:01:00,7.42,--,45,33390,买盘
1058,14:00:57,7.42,--,146,108332,买盘
1059,14:00:54,7.42,--,473,350966,买盘
1060,14:00:51,7.42,--,12,8904,买盘
1061,14:00:48,7.42,--,39,28938,买盘
1062,14:00:42,7.42,--,1,742,买盘
1063,14:00:39,7.42,0.01,43,31906,买盘
1064,14:00:36,7.41,-0.01,158,117078,卖盘
1065,14:00:33,7.42,0.01,496,368032,买盘
1066,14:00:30,7.41,-0.01,26,19266,卖盘
1067,14:00:27,7.42,--,6,4452,买盘
1068,14:00:24,7.42,--,150,111300,买盘
1069,14:00:21,7.42,--,456,338352,买盘
1070,14:00:18,7.42,--,26,19292,买盘
1071,14:00:15,7.42,--,7,5194,买盘
1072,14:00:12,7.42,--,424,314608,买盘
1073,14:00:09,7.42,0.01,54,40068,买盘
1074,14:00:06,7.41,--,17,12597,卖盘
1075,14:00:03,7.41,--,26,19266,卖盘
1076,14:00:00,7.41,--,24,17784,卖盘
1077,13:59:57,7.41,--,45,33345,卖盘
1078,13:59:54,7.41,-0.01,11,8151,卖盘
1079,13:59:51,7.42,--,435,322770,买盘
1080,13:59:48,7.42,0.01,17,12614,买盘
1081,13:59:45,7.41,--,5,3705,卖盘
1082,13:59:42,7.41,-0.01,117,86697,卖盘
1083,13:59:39,7.42,0.01,44,32648,买盘
1084,13:59:36,7.41,-0.01,17,12597,卖盘
1085,13:59:33,7.42,--,423,313866,买盘
1086,13:59:27,7.42,--,23,17066,买盘
1087,13:59:24,7.42,0.01,50,37100,买盘
1088,13:59:21,7.41,--,1,741,卖盘
1089,13:59:18,7.41,--,12,8892,卖盘
1090,13:59:15,7.41,-0.01,164,121524,卖盘
1091,13:59:12,7.42,--,437,324254,买盘
1092,13:59:09,7.42,0.01,56,41552,买盘
1093,13:59:06,7.41,-0.01,50,37050,卖盘
1094,13:59:03,7.42,0.01,18,13356,买盘
1095,13:59:00,7.41,-0.01,9,6669,卖盘
1096,13:58:54,7.42,--,7,5194,买盘
1097,13:58:51,7.42,0.01,429,318318,买盘
1098,13:58:48,7.41,--,73,54093,买盘
1099,13:58:45,7.41,--,19,14079,买盘
1100,13:58:42,7.41,--,102,75582,买盘
1101,13:58:39,7.41,--,53,39273,买盘
1102,13:58:36,7.41,--,41,30381,买盘
1103,13:58:33,7.41,-0.01,1696,1256736,卖盘
1104,13:58:30,7.42,0.01,426,316092,买盘
1105,13:58:27,7.41,-0.01,40,29640,卖盘
1106,13:58:24,7.42,--,525,389550,买盘
1107,13:58:21,7.42,0.01,10,7420,买盘
1108,13:58:18,7.41,-0.01,53,39273,卖盘
1109,13:58:15,7.42,--,7,5194,买盘
1110,13:58:12,7.42,--,434,322028,买盘
1111,13:58:09,7.42,--,3,2226,买盘
1112,13:58:06,7.42,--,30,22260,买盘
1113,13:58:03,7.42,--,35,25970,买盘
1114,13:58:00,7.42,0.01,5,3710,买盘
1115,13:57:57,7.41,--,239,177099,卖盘
1116,13:57:54,7.41,-0.01,477,353457,卖盘
1117,13:57:51,7.42,--,89,66038,买盘
1118,13:57:48,7.42,0.01,41,30422,买盘
1119,13:57:45,7.41,-0.01,200,148200,卖盘
1120,13:57:42,7.42,0.01,3,2226,买盘
1121,13:57:39,7.41,-0.01,235,174135,卖盘
1122,13:57:36,7.42,--,10,7420,买盘
1123,13:57:33,7.42,--,424,314608,买盘
1124,13:57:27,7.42,--,60,44520,买盘
1125,13:57:24,7.42,--,515,382130,买盘
1126,13:57:21,7.42,0.01,45,33390,买盘
1127,13:57:15,7.41,-0.01,129,95589,卖盘
1128,13:57:12,7.42,--,423,313866,买盘
1129,13:57:09,7.42,--,16,11872,买盘
1130,13:57:06,7.42,0.01,19,14098,买盘
1131,13:57:03,7.41,--,37,27417,卖盘
1132,13:57:00,7.41,-0.01,3,2223,卖盘
1133,13:56:57,7.42,--,7,5194,买盘
1134,13:56:54,7.42,--,534,396228,买盘
1135,13:56:51,7.42,--,66,48972,买盘
1136,13:56:48,7.42,0.01,35,25970,买盘
1137,13:56:45,7.41,--,1510,1118910,买盘
1138,13:56:39,7.41,0.01,5,3705,买盘
1139,13:56:36,7.4,-0.01,27,19980,卖盘
1140,13:56:33,7.41,--,426,315666,买盘
1141,13:56:30,7.41,--,14,10374,买盘
1142,13:56:27,7.41,--,2,1482,买盘
1143,13:56:21,7.41,--,2,1482,买盘
1144,13:56:18,7.41,--,45,33345,买盘
1145,13:56:15,7.41,--,12,8892,买盘
1146,13:56:12,7.41,--,5,3705,买盘
1147,13:56:06,7.41,0.01,7,5187,买盘
1148,13:56:03,7.4,--,56,41440,卖盘
1149,13:56:00,7.4,-0.01,8,5920,卖盘
1150,13:55:57,7.41,0.01,27,20007,买盘
1151,13:55:54,7.4,--,1,740,卖盘
1152,13:55:51,7.4,-0.01,27,19980,卖盘
1153,13:55:45,7.41,0.01,24,17784,买盘
1154,13:55:39,7.4,-0.01,11,8140,卖盘
1155,13:55:36,7.41,0.01,61,45201,买盘
1156,13:55:30,7.4,--,15,11100,卖盘
1157,13:55:27,7.4,--,10,7400,卖盘
1158,13:55:24,7.4,--,20,14800,卖盘
1159,13:55:21,7.4,--,47,34780,卖盘
1160,13:55:18,7.4,--,39,28860,卖盘
1161,13:55:15,7.4,-0.01,2,1480,卖盘
1162,13:55:09,7.41,0.01,14,10374,买盘
1163,13:55:06,7.4,--,29,21460,卖盘
1164,13:55:03,7.4,--,26,19240,卖盘
1165,13:55:00,7.4,--,14,10360,卖盘
1166,13:54:57,7.4,-0.01,27,19980,卖盘
1167,13:54:54,7.41,--,5,3705,买盘
1168,13:54:51,7.41,0.01,23,17043,买盘
1169,13:54:48,7.4,--,232,171680,卖盘
1170,13:54:45,7.4,-0.01,25,18500,卖盘
1171,13:54:42,7.41,--,48,35568,买盘
1172,13:54:39,7.41,0.01,4,2964,买盘
1173,13:54:33,7.4,-0.01,19,14060,卖盘
1174,13:54:30,7.41,0.01,93,68913,买盘
1175,13:54:27,7.4,-0.01,20,14800,卖盘
1176,13:54:24,7.41,--,13,9633,买盘
1177,13:54:21,7.41,--,63,46683,买盘
1178,13:54:18,7.41,--,14,10374,买盘
1179,13:54:15,7.41,0.01,50,37050,买盘
1180,13:54:12,7.4,-0.01,64,47360,卖盘
1181,13:54:09,7.41,--,2,1482,买盘
1182,13:54:06,7.41,--,3,2223,买盘
1183,13:54:03,7.41,0.01,31,22971,买盘
1184,13:54:00,7.4,-0.01,31,22940,卖盘
1185,13:53:57,7.41,--,44,32604,买盘
1186,13:53:54,7.41,--,2,1482,买盘
1187,13:53:51,7.41,0.01,2,1482,买盘
1188,13:53:48,7.4,-0.01,3,2220,卖盘
1189,13:53:45,7.41,0.01,24,17784,买盘
1190,13:53:42,7.4,-0.01,1,740,卖盘
1191,13:53:39,7.41,--,22,16302,买盘
1192,13:53:36,7.41,--,2,1482,买盘
1193,13:53:33,7.41,--,112,82992,买盘
1194,13:53:30,7.41,--,34,25194,买盘
1195,13:53:27,7.41,0.01,2,1482,买盘
1196,13:53:21,7.4,-0.01,58,42920,卖盘
1197,13:53:18,7.41,--,14,10374,买盘
1198,13:53:15,7.41,--,8,5928,买盘
1199,13:53:12,7.41,0.01,623,461643,买盘
1200,13:53:09,7.4,-0.01,13,9620,卖盘
1201,13:53:06,7.41,--,30,22230,买盘
1202,13:53:03,7.41,0.01,22,16302,买盘
1203,13:52:57,7.4,-0.01,4,2960,卖盘
1204,13:52:51,7.41,--,2,1482,买盘
1205,13:52:48,7.41,0.01,166,123006,买盘
1206,13:52:45,7.4,--,10,7400,卖盘
1207,13:52:42,7.4,-0.01,22,16280,卖盘
1208,13:52:39,7.41,--,56,41496,买盘
1209,13:52:36,7.41,--,3,2223,买盘
1210,13:52:33,7.41,--,1,741,买盘
1211,13:52:24,7.41,0.01,18,13338,买盘
1212,13:52:21,7.4,-0.01,53,39220,卖盘
1213,13:52:12,7.41,--,5,3705,买盘
1214,13:52:09,7.41,0.01,47,34827,买盘
1215,13:52:06,7.4,--,4,2960,卖盘
1216,13:52:03,7.4,--,30,22200,卖盘
1217,13:51:54,7.4,-0.01,3,2220,卖盘
1218,13:51:51,7.41,0.01,1,741,买盘
1219,13:51:45,7.4,--,36,26640,卖盘
1220,13:51:42,7.4,-0.01,30,22200,卖盘
1221,13:51:39,7.41,--,81,60021,买盘
1222,13:51:36,7.41,--,29,21489,买盘
1223,13:51:33,7.41,--,56,41496,买盘
1224,13:51:30,7.41,--,5,3705,买盘
1225,13:51:27,7.41,--,6,4446,买盘
1226,13:51:24,7.41,0.01,21,15561,买盘
1227,13:51:21,7.4,-0.01,59,43660,卖盘
1228,13:51:18,7.41,--,115,85215,买盘
1229,13:51:12,7.41,--,107,79287,买盘
1230,13:51:09,7.41,--,23,17043,买盘
1231,13:51:06,7.41,--,2,1482,买盘
1232,13:51:03,7.41,--,108,80028,买盘
1233,13:51:00,7.41,--,47,34827,买盘
1234,13:50:57,7.41,--,37,27417,买盘
1235,13:50:51,7.41,--,6,4446,买盘
1236,13:50:48,7.41,--,181,134121,买盘
1237,13:50:45,7.41,0.01,17,12597,买盘
1238,13:50:42,7.4,-0.01,10,7400,卖盘
1239,13:50:39,7.41,--,24,17784,买盘
1240,13:50:36,7.41,--,6,4446,买盘
1241,13:50:30,7.41,0.01,11,8151,买盘
1242,13:50:24,7.4,--,38,28120,卖盘
1243,13:50:21,7.4,-0.01,22,16280,卖盘
1244,13:50:18,7.41,--,74,54834,买盘
1245,13:50:15,7.41,--,85,62985,买盘
1246,13:50:12,7.41,--,22,16302,买盘
1247,13:50:09,7.41,--,57,42237,买盘
1248,13:50:06,7.41,--,60,44460,买盘
1249,13:50:03,7.41,--,31,22971,买盘
1250,13:50:00,7.41,0.01,2,1482,买盘
1251,13:49:57,7.4,-0.01,18,13320,卖盘
1252,13:49:51,7.41,--,176,130416,买盘
1253,13:49:48,7.41,0.01,46,34086,买盘
1254,13:49:45,7.4,-0.01,650,481000,卖盘
1255,13:49:42,7.41,--,6,4446,买盘
1256,13:49:39,7.41,--,46,34086,买盘
1257,13:49:36,7.41,0.01,288,213408,买盘
1258,13:49:30,7.4,-0.01,1,740,卖盘
1259,13:49:27,7.41,0.01,120,88920,买盘
1260,13:49:24,7.4,-0.01,653,483220,卖盘
1261,13:49:21,7.41,--,15,11115,买盘
1262,13:49:18,7.41,--,258,191178,买盘
1263,13:49:12,7.41,--,20,14820,买盘
1264,13:49:09,7.41,--,5,3705,买盘
1265,13:49:06,7.41,--,37,27417,买盘
1266,13:49:03,7.41,0.01,24,17784,买盘
1267,13:49:00,7.4,--,47,34780,卖盘
1268,13:48:54,7.4,--,20,14800,卖盘
1269,13:48:51,7.4,-0.01,10,7400,卖盘
1270,13:48:48,7.41,--,3,2223,买盘
1271,13:48:45,7.41,0.01,37,27417,买盘
1272,13:48:42,7.4,-0.01,78,57720,卖盘
1273,13:48:39,7.41,0.01,33,24453,买盘
1274,13:48:36,7.4,-0.01,7,5180,卖盘
1275,13:48:33,7.41,--,462,342342,买盘
1276,13:48:30,7.41,0.01,6,4446,买盘
1277,13:48:27,7.4,-0.01,335,247900,卖盘
1278,13:48:24,7.41,--,60,44460,买盘
1279,13:48:21,7.41,0.01,43,31863,买盘
1280,13:48:18,7.4,-0.01,4,2960,卖盘
1281,13:48:15,7.41,0.01,1,741,买盘
1282,13:48:09,7.4,-0.01,1,740,卖盘
1283,13:48:06,7.41,0.01,40,29640,买盘
1284,13:48:03,7.4,--,27,19980,卖盘
1285,13:48:00,7.4,--,34,25160,卖盘
1286,13:47:57,7.4,-0.01,2,1480,卖盘
1287,13:47:54,7.41,--,1,741,买盘
1288,13:47:51,7.41,--,31,22971,买盘
1289,13:47:48,7.41,--,380,281580,买盘
1290,13:47:45,7.41,--,37,27417,买盘
1291,13:47:39,7.41,--,2,1482,买盘
1292,13:47:36,7.41,--,54,40014,买盘
1293,13:47:30,7.41,--,41,30381,买盘
1294,13:47:27,7.41,0.01,38,28158,买盘
1295,13:47:24,7.4,--,49,36260,卖盘
1296,13:47:21,7.4,-0.01,81,59940,卖盘
1297,13:47:18,7.41,--,30,22230,买盘
1298,13:47:15,7.41,--,46,34086,买盘
1299,13:47:09,7.41,--,1,741,买盘
1300,13:47:06,7.41,--,96,71136,买盘
1301,13:47:03,7.41,--,1,741,买盘
1302,13:47:00,7.41,--,23,17043,买盘
1303,13:46:57,7.41,0.01,251,185991,买盘
1304,13:46:54,7.4,--,14,10360,卖盘
1305,13:46:51,7.4,-0.01,13,9620,卖盘
1306,13:46:48,7.41,--,1,741,买盘
1307,13:46:45,7.41,--,44,32604,买盘
1308,13:46:42,7.41,--,6,4446,买盘
1309,13:46:39,7.41,0.01,59,43719,买盘
1310,13:46:33,7.4,-0.01,15,11100,卖盘
1311,13:46:27,7.41,0.01,39,28899,买盘
1312,13:46:24,7.4,--,14,10360,买盘
1313,13:46:21,7.4,0.01,3,2220,买盘
1314,13:46:15,7.39,-0.01,115,84985,卖盘
1315,13:46:09,7.4,-0.01,32,23680,卖盘
1316,13:46:06,7.41,0.01,37,27417,买盘
1317,13:46:03,7.4,0.01,25,18500,中性盘
1318,13:46:00,7.39,-0.02,86,63554,卖盘
1319,13:45:57,7.41,--,5,3705,买盘
1320,13:45:54,7.41,0.01,567,420147,买盘
1321,13:45:51,7.4,--,6,4440,买盘
1322,13:45:48,7.4,-0.01,129,95460,卖盘
1323,13:45:45,7.41,--,130,96330,买盘
1324,13:45:42,7.41,0.01,10,7410,买盘
1325,13:45:39,7.4,-0.01,1,740,卖盘
1326,13:45:36,7.41,--,5,3705,买盘
1327,13:45:33,7.41,--,14,10374,买盘
1328,13:45:30,7.41,--,26,19266,买盘
1329,13:45:27,7.41,0.01,43,31863,买盘
1330,13:45:24,7.4,-0.01,200,148000,卖盘
1331,13:45:21,7.41,--,15,11115,买盘
1332,13:45:18,7.41,--,9,6669,买盘
1333,13:45:15,7.41,0.01,903,669123,买盘
1334,13:45:09,7.4,--,5,3700,买盘
1335,13:45:06,7.4,0.01,24,17760,买盘
1336,13:45:03,7.39,--,56,41384,卖盘
1337,13:45:00,7.39,-0.01,12,8868,卖盘
1338,13:44:57,7.4,0.01,54,39960,买盘
1339,13:44:54,7.39,-0.01,8,5912,卖盘
1340,13:44:51,7.4,--,24,17760,买盘
1341,13:44:48,7.4,--,2,1480,买盘
1342,13:44:42,7.4,--,133,98420,卖盘
1343,13:44:39,7.4,-0.01,20,14800,卖盘
1344,13:44:36,7.41,--,1,741,买盘
1345,13:44:33,7.41,--,11,8151,买盘
1346,13:44:30,7.41,--,20,14820,买盘
1347,13:44:27,7.41,--,26,19266,买盘
1348,13:44:24,7.41,--,19,14079,买盘
1349,13:44:21,7.41,--,16,11856,买盘
1350,13:44:15,7.41,--,16,11856,买盘
1351,13:44:12,7.41,0.01,502,371982,买盘
1352,13:44:09,7.4,--,13,9620,买盘
1353,13:44:06,7.4,-0.01,902,667480,卖盘
1354,13:44:03,7.41,--,1,741,买盘
1355,13:44:00,7.41,--,64,47424,买盘
1356,13:43:57,7.41,0.01,2,1482,买盘
1357,13:43:54,7.4,-0.01,24,17760,卖盘
1358,13:43:51,7.41,--,102,75582,买盘
1359,13:43:48,7.41,--,127,94107,买盘
1360,13:43:42,7.41,--,1,741,买盘
1361,13:43:33,7.41,0.01,5,3705,买盘
1362,13:43:30,7.4,-0.01,506,374440,卖盘
1363,13:43:24,7.41,--,22,16302,买盘
1364,13:43:21,7.41,0.01,631,467571,买盘
1365,13:43:18,7.4,-0.01,2,1480,卖盘
1366,13:43:15,7.41,--,23,17043,买盘
1367,13:43:12,7.41,--,183,135603,买盘
1368,13:43:09,7.41,--,13,9633,买盘
1369,13:43:06,7.41,--,311,230451,买盘
1370,13:43:03,7.41,--,25,18525,买盘
1371,13:42:57,7.41,--,20,14820,买盘
1372,13:42:54,7.41,--,78,57798,买盘
1373,13:42:51,7.41,--,29,21489,买盘
1374,13:42:48,7.41,--,15,11115,买盘
1375,13:42:45,7.41,0.01,19,14079,买盘
1376,13:42:42,7.4,--,29,21460,卖盘
1377,13:42:36,7.4,--,43,31820,卖盘
1378,13:42:33,7.4,--,51,37740,卖盘
1379,13:42:27,7.4,-0.01,30,22200,卖盘
1380,13:42:24,7.41,0.01,25,18525,买盘
1381,13:42:21,7.4,--,27,19980,卖盘
1382,13:42:15,7.4,-0.01,22,16280,卖盘
1383,13:42:12,7.41,--,134,99294,买盘
1384,13:42:09,7.41,0.01,3056,2264496,买盘
1385,13:42:06,7.4,--,1,740,买盘
1386,13:42:03,7.4,-0.01,38,28120,买盘
1387,13:42:00,7.41,0.02,3049,2259309,买盘
1388,13:41:51,7.39,-0.01,66,48774,卖盘
1389,13:41:48,7.4,0.01,1085,802900,买盘
1390,13:41:45,7.39,-0.01,46,33994,卖盘
1391,13:41:42,7.4,--,68,50320,买盘
1392,13:41:36,7.4,--,1,740,买盘
1393,13:41:33,7.4,--,5,3700,买盘
1394,13:41:30,7.4,0.01,6,4440,买盘
1395,13:41:27,7.39,-0.01,100,73900,卖盘
1396,13:41:24,7.4,0.01,13,9620,买盘
1397,13:41:18,7.39,-0.01,154,113806,卖盘
1398,13:41:15,7.4,--,23,17020,买盘
1399,13:41:12,7.4,--,18,13320,买盘
1400,13:41:06,7.4,--,20,14800,买盘
1401,13:41:03,7.4,--,479,354460,买盘
1402,13:40:57,7.4,--,8,5920,买盘
1403,13:40:54,7.4,--,553,409220,买盘
1404,13:40:51,7.4,0.01,217,160580,买盘
1405,13:40:48,7.39,-0.01,28,20692,卖盘
1406,13:40:45,7.4,0.01,5,3700,买盘
1407,13:40:42,7.39,-0.01,109,80551,卖盘
1408,13:40:39,7.4,0.01,2,1480,买盘
1409,13:40:36,7.39,--,7,5173,卖盘
1410,13:40:33,7.39,-0.01,101,74639,卖盘
1411,13:40:30,7.4,--,6,4440,买盘
1412,13:40:18,7.4,--,214,158360,买盘
1413,13:40:15,7.4,0.01,7,5180,买盘
1414,13:40:12,7.39,--,25,18475,卖盘
1415,13:40:06,7.39,--,24,17736,买盘
1416,13:40:03,7.39,-0.01,8,5912,卖盘
1417,13:39:54,7.4,0.01,53,39220,买盘
1418,13:39:51,7.39,-0.01,12,8868,卖盘
1419,13:39:45,7.4,--,23,17020,买盘
1420,13:39:42,7.4,0.01,16,11840,买盘
1421,13:39:39,7.39,--,31,22909,卖盘
1422,13:39:36,7.39,-0.01,92,67988,卖盘
1423,13:39:33,7.4,0.01,1,740,买盘
1424,13:39:30,7.39,-0.01,51,37689,卖盘
1425,13:39:27,7.4,--,18,13320,买盘
1426,13:39:24,7.4,--,1,740,买盘
1427,13:39:21,7.4,0.01,57,42180,买盘
1428,13:39:18,7.39,-0.01,34,25126,卖盘
1429,13:39:12,7.4,0.01,2,1480,买盘
1430,13:39:09,7.39,--,10,7390,买盘
1431,13:39:03,7.39,-0.01,15,11085,卖盘
1432,13:39:00,7.4,--,4,2960,买盘
1433,13:38:54,7.4,0.01,10,7400,买盘
1434,13:38:51,7.39,-0.01,30,22170,卖盘
1435,13:38:48,7.4,--,10,7400,买盘
1436,13:38:45,7.4,--,23,17020,买盘
1437,13:38:39,7.4,--,12,8880,买盘
1438,13:38:36,7.4,0.01,92,68080,买盘
1439,13:38:33,7.39,-0.01,19,14041,卖盘
1440,13:38:30,7.4,--,47,34780,买盘
1441,13:38:27,7.4,0.01,14,10360,买盘
1442,13:38:24,7.39,--,20,14780,买盘
1443,13:38:21,7.39,--,14,10346,买盘
1444,13:38:18,7.39,--,18,13302,买盘
1445,13:38:15,7.39,--,30,22170,买盘
1446,13:38:12,7.39,-0.01,25,18475,中性盘
1447,13:38:09,7.4,--,60,44400,买盘
1448,13:38:06,7.4,--,11,8140,买盘
1449,13:38:03,7.4,0.01,61,45140,买盘
1450,13:37:51,7.39,-0.01,8,5912,卖盘
1451,13:37:48,7.4,0.01,11,8140,买盘
1452,13:37:45,7.39,-0.01,15,11085,卖盘
1453,13:37:42,7.4,0.01,23,17020,买盘
1454,13:37:36,7.39,--,67,49513,买盘
1455,13:37:33,7.39,--,49,36211,买盘
1456,13:37:30,7.39,--,30,22170,买盘
1457,13:37:27,7.39,--,2,1478,买盘
1458,13:37:24,7.39,0.01,9,6651,买盘
1459,13:37:21,7.38,-0.01,74,54612,卖盘
1460,13:37:18,7.39,--,25,18475,买盘
1461,13:37:15,7.39,--,39,28821,买盘
1462,13:37:12,7.39,--,37,27343,买盘
1463,13:37:09,7.39,--,24,17736,买盘
1464,13:37:06,7.39,--,17,12563,买盘
1465,13:37:03,7.39,0.01,20,14780,买盘
1466,13:37:00,7.38,-0.01,22,16236,卖盘
1467,13:36:57,7.39,--,16,11824,买盘
1468,13:36:54,7.39,--,63,46557,买盘
1469,13:36:51,7.39,-0.01,368,271952,卖盘
1470,13:36:48,7.4,0.01,21,15540,买盘
1471,13:36:45,7.39,--,10,7390,卖盘
1472,13:36:39,7.39,-0.01,27,19953,卖盘
1473,13:36:36,7.4,--,14,10360,买盘
1474,13:36:33,7.4,--,21,15540,买盘
1475,13:36:30,7.4,--,152,112480,买盘
1476,13:36:27,7.4,--,60,44400,买盘
1477,13:36:24,7.4,--,16,11840,买盘
1478,13:36:21,7.4,--,67,49580,买盘
1479,13:36:18,7.4,0.01,317,234580,买盘
1480,13:36:15,7.39,--,105,77595,卖盘
1481,13:36:06,7.39,-0.01,4,2956,卖盘
1482,13:36:03,7.4,--,24,17760,买盘
1483,13:36:00,7.4,0.01,22,16280,买盘
1484,13:35:57,7.39,-0.01,2,1478,卖盘
1485,13:35:54,7.4,0.01,53,39220,买盘
1486,13:35:51,7.39,-0.01,43,31777,卖盘
1487,13:35:48,7.4,--,10,7400,买盘
1488,13:35:45,7.4,0.01,5,3700,买盘
1489,13:35:42,7.39,-0.01,47,34733,卖盘
1490,13:35:39,7.4,--,1,740,买盘
1491,13:35:36,7.4,--,54,39960,买盘
1492,13:35:30,7.4,--,18,13320,买盘
1493,13:35:27,7.4,--,11,8140,买盘
1494,13:35:24,7.4,--,10,7400,买盘
1495,13:35:21,7.4,--,41,30340,买盘
1496,13:35:18,7.4,0.01,41,30340,买盘
1497,13:35:15,7.39,-0.01,9,6651,卖盘
1498,13:35:12,7.4,--,37,27380,买盘
1499,13:35:09,7.4,--,1,740,买盘
1500,13:35:06,7.4,--,5,3700,买盘
1501,13:35:03,7.4,0.01,31,22940,买盘
1502,13:35:00,7.39,-0.01,25,18475,卖盘
1503,13:34:57,7.4,--,5,3700,买盘
1504,13:34:54,7.4,--,51,37740,买盘
1505,13:34:51,7.4,--,19,14060,买盘
1506,13:34:48,7.4,--,209,154660,买盘
1507,13:34:45,7.4,0.01,107,79180,买盘
1508,13:34:42,7.39,-0.01,290,214310,卖盘
1509,13:34:39,7.4,0.01,1,740,买盘
1510,13:34:36,7.39,-0.01,122,90158,卖盘
1511,13:34:33,7.4,--,38,28120,买盘
1512,13:34:30,7.4,--,21,15540,买盘
1513,13:34:27,7.4,--,14,10360,买盘
1514,13:34:24,7.4,--,13,9620,买盘
1515,13:34:21,7.4,--,18,13320,买盘
1516,13:34:18,7.4,--,17,12580,买盘
1517,13:34:15,7.4,--,71,52540,买盘
1518,13:34:12,7.4,0.01,273,202020,买盘
1519,13:34:09,7.39,--,101,74639,买盘
1520,13:34:06,7.39,--,1,739,买盘
1521,13:34:03,7.39,--,16,11824,买盘
1522,13:34:00,7.39,0.01,4,2956,买盘
1523,13:33:57,7.38,-0.01,39,28782,卖盘
1524,13:33:54,7.39,-0.01,123,90897,卖盘
1525,13:33:51,7.4,--,49,36260,买盘
1526,13:33:48,7.4,--,27,19980,买盘
1527,13:33:42,7.4,--,5,3700,买盘
1528,13:33:36,7.4,--,58,42920,买盘
1529,13:33:33,7.4,--,20,14800,买盘
1530,13:33:30,7.4,0.01,27,19980,买盘
1531,13:33:27,7.39,-0.01,46,33994,卖盘
1532,13:33:24,7.4,--,58,42920,买盘
1533,13:33:21,7.4,--,1,740,买盘
1534,13:33:18,7.4,--,21,15540,买盘
1535,13:33:15,7.4,0.01,96,71040,买盘
1536,13:33:06,7.39,--,1,739,买盘
1537,13:33:03,7.39,--,71,53089,卖盘
1538,13:33:00,7.39,--,78,57642,卖盘
1539,13:32:57,7.39,-0.01,26,19214,卖盘
1540,13:32:54,7.4,--,1,740,买盘
1541,13:32:51,7.4,0.01,44,32560,买盘
1542,13:32:48,7.39,-0.01,280,206920,卖盘
1543,13:32:45,7.4,0.01,17,12580,买盘
1544,13:32:42,7.39,--,25,18475,卖盘
1545,13:32:39,7.39,--,1,739,卖盘
1546,13:32:36,7.39,--,132,97599,买盘
1547,13:32:33,7.39,--,25,18475,买盘
1548,13:32:30,7.39,0.01,12,8868,买盘
1549,13:32:27,7.38,--,23,16974,卖盘
1550,13:32:24,7.38,-0.01,71,52398,卖盘
1551,13:32:21,7.39,-0.01,278,205929,卖盘
1552,13:32:18,7.4,--,1,740,买盘
1553,13:32:15,7.4,--,287,212380,买盘
1554,13:32:12,7.4,0.01,11,8140,买盘
1555,13:32:09,7.39,-0.01,3,2217,卖盘
1556,13:32:06,7.4,0.01,52,38480,买盘
1557,13:32:03,7.39,--,16,11824,卖盘
1558,13:31:57,7.39,--,31,22909,卖盘
1559,13:31:54,7.39,-0.01,292,215788,卖盘
1560,13:31:51,7.4,--,11,8140,买盘
1561,13:31:45,7.4,--,18,13320,买盘
1562,13:31:42,7.4,--,1,740,买盘
1563,13:31:39,7.4,--,5,3700,买盘
1564,13:31:33,7.4,--,7,5180,买盘
1565,13:31:27,7.4,--,11,8140,买盘
1566,13:31:24,7.4,--,16,11840,买盘
1567,13:31:18,7.4,--,204,150960,买盘
1568,13:31:15,7.4,--,22,16280,买盘
1569,13:31:12,7.4,0.01,16,11840,买盘
1570,13:31:06,7.39,--,2,1478,卖盘
1571,13:31:03,7.39,-0.01,14,10346,卖盘
1572,13:31:00,7.4,--,28,20720,买盘
1573,13:30:57,7.4,0.01,1,740,买盘
1574,13:30:54,7.39,-0.01,31,22909,卖盘
1575,13:30:51,7.4,0.01,17,12580,买盘
1576,13:30:48,7.39,-0.01,11,8129,卖盘
1577,13:30:42,7.4,--,18,13320,买盘
1578,13:30:39,7.4,0.01,41,30340,买盘
1579,13:30:36,7.39,-0.01,13,9607,卖盘
1580,13:30:33,7.4,--,74,54760,买盘
1581,13:30:30,7.4,0.01,5,3700,买盘
1582,13:30:27,7.39,-0.01,35,25865,卖盘
1583,13:30:24,7.4,0.01,28,20720,买盘
1584,13:30:21,7.39,0.01,107,79324,买盘
1585,13:30:18,7.38,-0.01,1,738,卖盘
1586,13:30:15,7.39,--,18,13302,买盘
1587,13:30:12,7.39,--,46,33994,买盘
1588,13:30:09,7.39,0.01,26,19214,买盘
1589,13:30:03,7.38,-0.01,11,8118,卖盘
1590,13:30:00,7.39,--,10,7390,买盘
1591,13:29:51,7.39,--,72,53695,卖盘
1592,13:29:48,7.39,-0.01,68,50252,卖盘
1593,13:29:39,7.4,--,16,11840,买盘
1594,13:29:36,7.4,0.01,34,25160,买盘
1595,13:29:33,7.39,-0.01,10,7641,卖盘
1596,13:29:30,7.4,0.01,37,27380,买盘
1597,13:29:27,7.39,-0.01,30,22170,卖盘
1598,13:29:24,7.4,--,31,22940,买盘
1599,13:29:21,7.4,--,17,12580,买盘
1600,13:29:18,7.4,--,10,7400,买盘
1601,13:29:15,7.4,0.01,438,324120,买盘
1602,13:29:12,7.39,-0.01,10,7390,卖盘
1603,13:29:09,7.4,--,42,31080,买盘
1604,13:29:06,7.4,--,10,7400,买盘
1605,13:29:03,7.4,--,8,5920,买盘
1606,13:29:00,7.4,--,23,17020,买盘
1607,13:28:57,7.4,--,20,14800,买盘
1608,13:28:54,7.4,--,37,27757,买盘
1609,13:28:51,7.4,--,17,12580,买盘
1610,13:28:48,7.4,--,9,6660,买盘
1611,13:28:45,7.4,--,1,740,买盘
1612,13:28:42,7.4,0.01,37,27380,买盘
1613,13:28:39,7.39,--,56,41384,买盘
1614,13:28:36,7.39,0.01,1,739,买盘
1615,13:28:33,7.38,--,1,738,卖盘
1616,13:28:30,7.38,-0.01,20,14760,卖盘
1617,13:28:27,7.39,0.01,10,7390,买盘
1618,13:28:24,7.38,-0.01,3,2214,卖盘
1619,13:28:21,7.39,--,15,11085,买盘
1620,13:28:18,7.39,--,30,22170,买盘
1621,13:28:15,7.39,--,138,101982,买盘
1622,13:28:12,7.39,--,146,107894,买盘
1623,13:28:09,7.39,--,34,25126,买盘
1624,13:28:06,7.39,--,71,52469,买盘
1625,13:28:03,7.39,--,9,6651,买盘
1626,13:28:00,7.39,-0.01,127,94192,卖盘
1627,13:27:57,7.4,--,2,1480,买盘
1628,13:27:54,7.4,0.01,37,27380,买盘
1629,13:27:48,7.39,--,137,101243,卖盘
1630,13:27:45,7.39,-0.01,12,8868,卖盘
1631,13:27:39,7.4,0.01,58,42920,买盘
1632,13:27:36,7.39,--,31,22909,卖盘
1633,13:27:33,7.39,-0.01,157,116023,卖盘
1634,13:27:30,7.4,--,1,740,买盘
1635,13:27:27,7.4,--,1,740,买盘
1636,13:27:24,7.4,--,20,14800,买盘
1637,13:27:21,7.4,0.01,50,37000,买盘
1638,13:27:18,7.39,--,21,15519,卖盘
1639,13:27:15,7.39,-0.01,117,86463,卖盘
1640,13:27:12,7.4,0.01,67,49580,买盘
1641,13:27:09,7.39,-0.01,500,369500,卖盘
1642,13:27:06,7.4,--,1,740,买盘
1643,13:27:03,7.4,--,73,54020,买盘
1644,13:27:00,7.4,0.01,55,40700,买盘
1645,13:26:54,7.39,-0.01,58,42862,卖盘
1646,13:26:48,7.4,0.01,19,14060,买盘
1647,13:26:45,7.39,-0.01,92,67988,卖盘
1648,13:26:42,7.4,--,63,46620,买盘
1649,13:26:39,7.4,0.01,508,375920,买盘
1650,13:26:36,7.39,-0.01,87,64293,卖盘
1651,13:26:33,7.4,0.01,17,12580,买盘
1652,13:26:30,7.39,-0.01,40,29560,卖盘
1653,13:26:27,7.4,0.01,14,10360,买盘
1654,13:26:24,7.39,--,3,2217,卖盘
1655,13:26:21,7.39,--,48,35472,卖盘
1656,13:26:18,7.39,--,11,8129,卖盘
1657,13:26:15,7.39,-0.01,59,43601,卖盘
1658,13:26:12,7.4,--,27,19980,买盘
1659,13:26:09,7.4,--,17,12580,买盘
1660,13:26:06,7.4,0.01,93,68820,买盘
1661,13:26:03,7.39,--,55,40645,卖盘
1662,13:26:00,7.39,-0.01,1,739,卖盘
1663,13:25:54,7.4,0.01,111,82140,买盘
1664,13:25:51,7.39,-0.01,40,29560,卖盘
1665,13:25:48,7.4,--,6,4440,买盘
1666,13:25:45,7.4,--,20,14800,买盘
1667,13:25:39,7.4,--,41,30340,买盘
1668,13:25:33,7.4,--,55,40700,买盘
1669,13:25:30,7.4,--,2,1480,买盘
1670,13:25:24,7.4,--,5,3700,买盘
1671,13:25:21,7.4,--,50,37000,买盘
1672,13:25:18,7.4,--,1,740,买盘
1673,13:25:15,7.4,--,4,2960,买盘
1674,13:25:12,7.4,--,48,35520,买盘
1675,13:25:09,7.4,--,55,40700,买盘
1676,13:25:06,7.4,--,162,119880,买盘
1677,13:25:03,7.4,--,37,27380,买盘
1678,13:25:00,7.4,0.01,921,681939,买盘
1679,13:24:54,7.39,--,238,175882,买盘
1680,13:24:51,7.39,--,14,10346,买盘
1681,13:24:48,7.39,--,227,167753,买盘
1682,13:24:45,7.39,--,6,4434,买盘
1683,13:24:42,7.39,0.01,130,96070,买盘
1684,13:24:39,7.38,--,20,14760,卖盘
1685,13:24:36,7.38,--,58,42804,买盘
1686,13:24:33,7.38,--,6,4428,买盘
1687,13:24:30,7.38,--,17,12546,买盘
1688,13:24:27,7.38,--,2,1476,买盘
1689,13:24:24,7.38,--,43,31734,买盘
1690,13:24:21,7.38,--,38,28044,买盘
1691,13:24:18,7.38,-0.01,30,22140,中性盘
1692,13:24:12,7.39,--,16,11824,买盘
1693,13:24:09,7.39,--,27,19953,买盘
1694,13:24:06,7.39,0.01,38,28082,买盘
1695,13:24:03,7.38,0.01,36,26568,买盘
1696,13:24:00,7.37,-0.01,51,37587,卖盘
1697,13:23:57,7.38,--,16,11808,买盘
1698,13:23:54,7.38,--,14,10332,买盘
1699,13:23:51,7.38,--,28,20664,买盘
1700,13:23:48,7.38,--,7,5166,买盘
1701,13:23:45,7.38,--,41,30258,买盘
1702,13:23:42,7.38,--,37,27306,买盘
1703,13:23:39,7.38,--,18,13284,买盘
1704,13:23:36,7.38,--,43,31734,买盘
1705,13:23:33,7.38,0.01,6,4428,买盘
1706,13:23:30,7.37,-0.01,40,29480,卖盘
1707,13:23:27,7.38,--,18,13284,买盘
1708,13:23:24,7.38,--,52,38376,买盘
1709,13:23:21,7.38,--,62,45756,买盘
1710,13:23:18,7.38,--,15,11070,买盘
1711,13:23:12,7.38,0.01,12,8856,买盘
1712,13:23:09,7.37,-0.01,1033,761321,卖盘
1713,13:23:06,7.38,--,37,27306,买盘
1714,13:23:03,7.38,-0.01,16,11808,卖盘
1715,13:23:00,7.39,--,46,33994,买盘
1716,13:22:57,7.39,0.01,244,180316,买盘
1717,13:22:48,7.38,-0.01,61,45018,卖盘
1718,13:22:45,7.39,--,2,1478,买盘
1719,13:22:42,7.39,--,1,739,买盘
1720,13:22:39,7.39,--,227,167753,买盘
1721,13:22:36,7.39,--,5,3695,买盘
1722,13:22:33,7.39,0.01,91,67249,买盘
1723,13:22:30,7.38,--,1,738,买盘
1724,13:22:27,7.38,--,3,2214,买盘
1725,13:22:24,7.38,--,44,32472,买盘
1726,13:22:18,7.38,--,15,11070,买盘
1727,13:22:15,7.38,--,7,5166,买盘
1728,13:22:12,7.38,0.01,12,8856,买盘
1729,13:22:09,7.37,-0.01,34,25058,卖盘
1730,13:22:06,7.38,--,1,738,买盘
1731,13:22:03,7.38,--,30,22140,买盘
1732,13:22:00,7.38,--,84,61992,买盘
1733,13:21:57,7.38,--,31,22878,买盘
1734,13:21:48,7.38,0.01,9,6642,买盘
1735,13:21:45,7.37,-0.01,86,63382,卖盘
1736,13:21:36,7.38,--,21,15498,买盘
1737,13:21:33,7.38,--,17,12546,买盘
1738,13:21:30,7.38,--,17,12546,买盘
1739,13:21:27,7.38,--,3,2214,买盘
1740,13:21:24,7.38,--,36,26568,买盘
1741,13:21:21,7.38,--,22,16236,买盘
1742,13:21:18,7.38,-0.01,1,738,买盘
1743,13:21:15,7.39,--,1,739,买盘
1744,13:21:12,7.39,0.02,15,11085,买盘
1745,13:21:09,7.37,-0.02,12,8844,卖盘
1746,13:21:06,7.39,0.01,5,3695,买盘
1747,13:21:03,7.38,--,66,48708,买盘
1748,13:21:00,7.38,0.01,26,19188,买盘
1749,13:20:57,7.37,-0.01,1,737,卖盘
1750,13:20:54,7.38,--,2,1476,买盘
1751,13:20:51,7.38,-0.01,24,17712,中性盘
1752,13:20:48,7.39,--,385,284515,买盘
1753,13:20:45,7.39,--,14,10346,买盘
1754,13:20:42,7.39,0.01,23,16997,买盘
1755,13:20:39,7.38,--,30,22140,买盘
1756,13:20:36,7.38,--,1,738,买盘
1757,13:20:33,7.38,--,47,34686,买盘
1758,13:20:27,7.38,--,7,5166,买盘
1759,13:20:24,7.38,-0.01,1,738,卖盘
1760,13:20:21,7.39,--,48,35472,买盘
1761,13:20:18,7.39,0.01,16,11824,买盘
1762,13:20:15,7.38,-0.01,13,9594,卖盘
1763,13:20:12,7.39,--,26,19214,买盘
1764,13:20:09,7.39,0.01,5,3695,买盘
1765,13:20:06,7.38,-0.01,53,39114,卖盘
1766,13:20:03,7.39,--,31,22909,买盘
1767,13:20:00,7.39,--,19,14041,买盘
1768,13:19:57,7.39,--,1,739,买盘
1769,13:19:54,7.39,--,35,25865,买盘
1770,13:19:51,7.39,--,17,12563,买盘
1771,13:19:48,7.39,0.01,6,4434,买盘
1772,13:19:42,7.38,-0.01,61,45018,卖盘
1773,13:19:39,7.39,--,15,11085,买盘
1774,13:19:30,7.39,--,17,12563,买盘
1775,13:19:27,7.39,--,18,13302,买盘
1776,13:19:21,7.39,0.01,34,25126,买盘
1777,13:19:18,7.38,--,8,5904,买盘
1778,13:19:15,7.38,--,4,2952,买盘
1779,13:19:12,7.38,0.01,14,10332,买盘
1780,13:19:09,7.37,--,10,7370,卖盘
1781,13:19:06,7.37,-0.01,36,26532,卖盘
1782,13:19:03,7.38,--,52,38376,买盘
1783,13:19:00,7.38,--,18,13284,买盘
1784,13:18:57,7.38,0.01,25,18450,买盘
1785,13:18:54,7.37,-0.01,4,2948,卖盘
1786,13:18:48,7.38,0.01,24,17712,买盘
1787,13:18:45,7.37,-0.01,28,20636,卖盘
1788,13:18:42,7.38,--,111,81918,买盘
1789,13:18:39,7.38,--,6,4428,买盘
1790,13:18:36,7.38,--,1,738,买盘
1791,13:18:30,7.38,--,21,15498,买盘
1792,13:18:27,7.38,0.01,9,6642,买盘
1793,13:18:24,7.37,-0.01,18,13266,卖盘
1794,13:18:15,7.38,0.01,21,15498,买盘
1795,13:18:12,7.37,-0.01,43,31691,卖盘
1796,13:18:09,7.38,--,47,34686,买盘
1797,13:18:06,7.38,--,800,590400,卖盘
1798,13:18:03,7.38,-0.01,87,64206,卖盘
1799,13:18:00,7.39,--,4,2956,买盘
1800,13:17:57,7.39,--,18,13302,买盘
1801,13:17:54,7.39,--,26,19214,买盘
1802,13:17:51,7.39,--,7,5173,买盘
1803,13:17:48,7.39,--,18,13302,买盘
1804,13:17:42,7.39,0.01,7,5173,买盘
1805,13:17:39,7.38,-0.01,48,35424,卖盘
1806,13:17:36,7.39,--,1,739,买盘
1807,13:17:27,7.39,--,22,16258,买盘
1808,13:17:24,7.39,--,14,10346,买盘
1809,13:17:21,7.39,--,16,11824,买盘
1810,13:17:18,7.39,--,1,739,买盘
1811,13:17:15,7.39,--,47,34733,买盘
1812,13:17:09,7.39,--,21,15519,买盘
1813,13:17:06,7.39,--,5,3695,买盘
1814,13:17:03,7.39,--,75,55425,买盘
1815,13:17:00,7.39,--,1,739,买盘
1816,13:16:57,7.39,--,12,8868,买盘
1817,13:16:54,7.39,--,40,29560,买盘
1818,13:16:48,7.39,--,82,60598,买盘
1819,13:16:45,7.39,--,27,19953,买盘
1820,13:16:42,7.39,--,1,739,买盘
1821,13:16:39,7.39,0.01,72,53208,买盘
1822,13:16:36,7.38,-0.01,1,738,卖盘
1823,13:16:33,7.39,0.01,48,35472,买盘
1824,13:16:30,7.38,-0.01,8,5904,卖盘
1825,13:16:27,7.39,--,19,14041,买盘
1826,13:16:24,7.39,--,11,8129,买盘
1827,13:16:18,7.39,--,2,1478,买盘
1828,13:16:15,7.39,--,23,16997,买盘
1829,13:16:12,7.39,--,37,27343,买盘
1830,13:16:03,7.39,--,42,31038,买盘
1831,13:16:00,7.39,0.01,30,22170,买盘
1832,13:15:51,7.38,-0.01,56,41328,卖盘
1833,13:15:48,7.39,0.01,1,739,买盘
1834,13:15:39,7.38,-0.01,1,738,卖盘
1835,13:15:36,7.39,--,1,739,买盘
1836,13:15:33,7.39,0.01,126,93114,买盘
1837,13:15:30,7.38,-0.01,5,3690,卖盘
1838,13:15:27,7.39,--,30,22170,买盘
1839,13:15:24,7.39,0.01,85,62815,买盘
1840,13:15:21,7.38,-0.01,11,8118,卖盘
1841,13:15:18,7.39,0.01,1,739,买盘
1842,13:15:15,7.38,-0.01,26,19188,卖盘
1843,13:15:12,7.39,0.01,50,36950,买盘
1844,13:15:09,7.38,--,24,17712,卖盘
1845,13:15:06,7.38,-0.01,415,306270,卖盘
1846,13:15:03,7.39,0.01,51,37689,买盘
1847,13:14:57,7.38,--,31,22878,卖盘
1848,13:14:51,7.38,-0.01,98,72324,卖盘
1849,13:14:45,7.39,0.01,1,739,买盘
1850,13:14:42,7.38,-0.01,3,2214,卖盘
1851,13:14:36,7.39,--,3,2217,买盘
1852,13:14:33,7.39,0.01,37,27343,买盘
1853,13:14:30,7.38,-0.01,87,64206,卖盘
1854,13:14:27,7.39,--,7,5173,买盘
1855,13:14:24,7.39,0.01,8,5912,买盘
1856,13:14:21,7.38,-0.01,30,22140,卖盘
1857,13:14:18,7.39,--,23,16997,买盘
1858,13:14:12,7.39,0.01,48,35472,买盘
1859,13:14:09,7.38,--,15,11070,卖盘
1860,13:14:06,7.38,-0.01,24,17712,卖盘
1861,13:14:03,7.39,--,14,10346,买盘
1862,13:14:00,7.39,--,14,10346,买盘
1863,13:13:57,7.39,0.01,12,8868,买盘
1864,13:13:54,7.38,--,52,38376,买盘
1865,13:13:51,7.38,--,226,166788,买盘
1866,13:13:48,7.38,--,23,16974,买盘
1867,13:13:45,7.38,0.01,6,4428,买盘
1868,13:13:42,7.37,-0.01,60,44220,卖盘
1869,13:13:33,7.38,0.01,37,27306,买盘
1870,13:13:30,7.37,-0.01,125,92125,卖盘
1871,13:13:27,7.38,--,31,22878,买盘
1872,13:13:24,7.38,--,41,30258,买盘
1873,13:13:21,7.38,--,17,12546,买盘
1874,13:13:18,7.38,0.01,12,8856,买盘
1875,13:13:15,7.37,-0.01,12,8844,卖盘
1876,13:13:12,7.38,--,38,28044,买盘
1877,13:13:06,7.38,--,2,1476,买盘
1878,13:13:03,7.38,--,22,16236,买盘
1879,13:12:57,7.38,0.01,21,15498,买盘
1880,13:12:54,7.37,-0.01,20,14740,卖盘
1881,13:12:51,7.38,--,58,42804,买盘
1882,13:12:48,7.38,--,134,98892,买盘
1883,13:12:45,7.38,--,19,14022,买盘
1884,13:12:42,7.38,--,1,738,买盘
1885,13:12:36,7.38,--,15,11070,买盘
1886,13:12:33,7.38,--,37,27306,买盘
1887,13:12:30,7.38,--,13,9594,买盘
1888,13:12:27,7.38,--,234,172692,买盘
1889,13:12:24,7.38,--,134,98892,买盘
1890,13:12:21,7.38,--,81,59778,买盘
1891,13:12:18,7.38,--,94,69372,买盘
1892,13:12:15,7.38,--,176,129888,买盘
1893,13:12:12,7.38,--,871,643181,卖盘
1894,13:12:09,7.38,--,12,8856,卖盘
1895,13:12:06,7.38,-0.01,105,77490,卖盘
1896,13:12:03,7.39,0.01,30,22170,买盘
1897,13:12:00,7.38,-0.01,392,289797,卖盘
1898,13:11:57,7.39,0.01,44,32516,买盘
1899,13:11:54,7.38,-0.01,148,109224,卖盘
1900,13:11:51,7.39,--,62,45818,买盘
1901,13:11:48,7.39,--,46,33994,买盘
1902,13:11:45,7.39,--,29,21431,买盘
1903,13:11:42,7.39,--,9,6651,买盘
1904,13:11:39,7.39,--,47,34733,买盘
1905,13:11:36,7.39,--,60,44340,买盘
1906,13:11:33,7.39,--,1,739,买盘
1907,13:11:27,7.39,--,1,739,买盘
1908,13:11:24,7.39,--,48,35472,买盘
1909,13:11:21,7.39,--,10,7390,买盘
1910,13:11:15,7.39,--,17,12563,买盘
1911,13:11:12,7.39,--,1,739,买盘
1912,13:11:09,7.39,--,5,3695,买盘
1913,13:11:03,7.39,--,11,8129,买盘
1914,13:11:00,7.39,-0.01,236,174404,卖盘
1915,13:10:57,7.4,--,2,1480,买盘
1916,13:10:54,7.4,--,29,21460,买盘
1917,13:10:51,7.4,--,28,20720,买盘
1918,13:10:48,7.4,--,11,8140,买盘
1919,13:10:45,7.4,--,22,16280,买盘
1920,13:10:42,7.4,--,67,49580,买盘
1921,13:10:39,7.4,--,38,28416,买盘
1922,13:10:30,7.4,0.01,13,9620,买盘
1923,13:10:27,7.39,-0.01,9,6651,卖盘
1924,13:10:24,7.4,0.01,25,18500,买盘
1925,13:10:21,7.39,--,143,105677,卖盘
1926,13:10:18,7.39,--,3,2217,卖盘
1927,13:10:12,7.39,-0.01,18,13302,卖盘
1928,13:10:06,7.4,--,36,26640,买盘
1929,13:10:03,7.4,--,10,7400,买盘
1930,13:10:00,7.4,--,13,9620,买盘
1931,13:09:57,7.4,--,12,8880,买盘
1932,13:09:54,7.4,0.01,775,573500,买盘
1933,13:09:51,7.39,-0.01,44,32516,卖盘
1934,13:09:48,7.4,--,45,33300,买盘
1935,13:09:42,7.4,--,80,59200,买盘
1936,13:09:39,7.4,--,13,9620,买盘
1937,13:09:36,7.4,--,263,194620,买盘
1938,13:09:33,7.4,0.01,22,16280,买盘
1939,13:09:30,7.39,--,200,147800,卖盘
1940,13:09:27,7.39,-0.01,17,13006,卖盘
1941,13:09:24,7.4,--,13,9620,买盘
1942,13:09:21,7.4,0.01,17,12580,买盘
1943,13:09:18,7.39,-0.01,144,106416,卖盘
1944,13:09:15,7.4,--,1,740,买盘
1945,13:09:12,7.4,--,2,1480,买盘
1946,13:09:09,7.4,0.01,16,11840,买盘
1947,13:09:06,7.39,-0.01,10,7390,卖盘
1948,13:09:03,7.4,--,8,5920,买盘
1949,13:09:00,7.4,--,2,1480,买盘
1950,13:08:54,7.4,--,40,29600,买盘
1951,13:08:51,7.4,0.01,31,22940,买盘
1952,13:08:48,7.39,-0.01,17,12563,卖盘
1953,13:08:45,7.4,--,23,17020,买盘
1954,13:08:42,7.4,--,42,31080,买盘
1955,13:08:39,7.4,0.01,6,4440,买盘
1956,13:08:36,7.39,-0.01,100,73900,卖盘
1957,13:08:33,7.4,--,5,3700,买盘
1958,13:08:27,7.4,--,211,156140,买盘
1959,13:08:24,7.4,0.01,8,5920,买盘
1960,13:08:21,7.39,-0.01,6,4434,卖盘
1961,13:08:18,7.4,--,45,33300,买盘
1962,13:08:12,7.4,--,2,1480,买盘
1963,13:08:06,7.4,0.01,16,11840,买盘
1964,13:08:03,7.39,-0.01,46,33994,卖盘
1965,13:08:00,7.4,--,500,370000,买盘
1966,13:07:57,7.4,--,25,18500,买盘
1967,13:07:54,7.4,0.01,43,31820,买盘
1968,13:07:51,7.39,--,75,55425,卖盘
1969,13:07:48,7.39,-0.01,1,739,卖盘
1970,13:07:45,7.4,--,22,16280,买盘
1971,13:07:42,7.4,--,1,740,买盘
1972,13:07:39,7.4,--,19,14060,买盘
1973,13:07:36,7.4,--,3,2220,买盘
1974,13:07:33,7.4,--,6,4440,买盘
1975,13:07:27,7.4,0.01,51,38191,买盘
1976,13:07:24,7.39,-0.01,2,1478,卖盘
1977,13:07:21,7.4,0.01,31,22940,买盘
1978,13:07:15,7.39,--,156,115284,卖盘
1979,13:07:12,7.39,-0.01,20,14780,卖盘
1980,13:07:06,7.4,--,17,12580,买盘
1981,13:07:03,7.4,--,18,13320,买盘
1982,13:07:00,7.4,0.01,30,22200,买盘
1983,13:06:57,7.39,-0.01,166,122674,卖盘
1984,13:06:54,7.4,--,26,19240,买盘
1985,13:06:51,7.4,--,22,16280,买盘
1986,13:06:48,7.4,--,10,7400,买盘
1987,13:06:45,7.4,--,30,22200,买盘
1988,13:06:42,7.4,--,23,17020,买盘
1989,13:06:36,7.4,--,22,16280,买盘
1990,13:06:33,7.4,--,1,740,买盘
1991,13:06:27,7.4,--,14,10360,买盘
1992,13:06:24,7.4,--,9,6660,买盘
1993,13:06:18,7.4,--,2,1480,买盘
1994,13:06:15,7.4,--,242,179080,买盘
1995,13:06:06,7.4,0.01,17,12580,买盘
1996,13:06:03,7.39,-0.01,68,50458,卖盘
1997,13:06:00,7.4,0.01,7,5180,买盘
1998,13:05:57,7.39,-0.01,39,28821,卖盘
1999,13:05:54,7.4,0.01,3,2220,买盘
2000,13:05:51,7.39,-0.01,10,7390,卖盘
2001,13:05:48,7.4,--,26,19240,买盘
2002,13:05:45,7.4,--,14,10360,买盘
2003,13:05:42,7.4,--,25,18500,买盘
2004,13:05:36,7.4,--,1,740,买盘
2005,13:05:33,7.4,--,34,25160,买盘
2006,13:05:30,7.4,--,1,740,买盘
2007,13:05:24,7.4,--,7,5180,买盘
2008,13:05:21,7.4,--,1,740,买盘
2009,13:05:18,7.4,--,11,8140,买盘
2010,13:05:15,7.4,--,8,5920,买盘
2011,13:05:12,7.4,--,14,10360,买盘
2012,13:05:09,7.4,--,20,14800,买盘
2013,13:05:06,7.4,--,11,8140,买盘
2014,13:05:03,7.4,--,184,136160,买盘
2015,13:05:00,7.4,0.01,1,740,买盘
2016,13:04:54,7.39,-0.01,10,7390,卖盘
2017,13:04:51,7.4,--,15,11100,买盘
2018,13:04:48,7.4,--,12,8880,买盘
2019,13:04:45,7.4,0.01,28,20720,买盘
2020,13:04:42,7.39,-0.01,46,33994,卖盘
2021,13:04:36,7.4,--,137,101380,买盘
2022,13:04:30,7.4,--,17,12580,买盘
2023,13:04:27,7.4,--,46,34040,买盘
2024,13:04:24,7.4,--,6,4440,买盘
2025,13:04:21,7.4,--,12,8880,买盘
2026,13:04:15,7.4,--,1,740,买盘
2027,13:04:12,7.4,--,18,13320,买盘
2028,13:04:06,7.4,--,1,740,买盘
2029,13:04:03,7.4,0.01,8,5920,买盘
2030,13:04:00,7.39,-0.01,50,36950,卖盘
2031,13:03:57,7.4,--,17,12580,买盘
2032,13:03:54,7.4,--,1,740,买盘
2033,13:03:51,7.4,--,12,8880,买盘
2034,13:03:48,7.4,--,8,5920,买盘
2035,13:03:45,7.4,--,5,3700,买盘
2036,13:03:42,7.4,--,126,93240,买盘
2037,13:03:39,7.4,--,14,10360,买盘
2038,13:03:36,7.4,--,1,740,买盘
2039,13:03:33,7.4,0.01,2,1480,买盘
2040,13:03:30,7.39,-0.01,14,10346,卖盘
2041,13:03:27,7.4,--,16,11840,买盘
2042,13:03:24,7.4,--,207,153180,买盘
2043,13:03:21,7.4,--,14,10360,买盘
2044,13:03:18,7.4,--,6,4440,买盘
2045,13:03:15,7.4,--,12,8880,买盘
2046,13:03:09,7.4,--,14,10360,买盘
2047,13:03:06,7.4,--,1,740,买盘
2048,13:03:03,7.4,--,6,4440,买盘
2049,13:02:57,7.4,--,57,42180,买盘
2050,13:02:51,7.4,--,1,740,买盘
2051,13:02:48,7.4,--,32,23680,买盘
2052,13:02:45,7.4,--,6,4440,买盘
2053,13:02:42,7.4,--,17,12580,买盘
2054,13:02:39,7.4,--,35,25900,买盘
2055,13:02:36,7.4,--,25,18500,买盘
2056,13:02:30,7.4,--,2,1480,买盘
2057,13:02:27,7.4,--,18,13320,买盘
2058,13:02:24,7.4,--,7,5180,买盘
2059,13:02:21,7.4,--,14,10360,买盘
2060,13:02:15,7.4,--,15,11100,买盘
2061,13:02:09,7.4,--,2,1480,买盘
2062,13:02:06,7.4,--,3,2220,买盘
2063,13:02:03,7.4,--,21,15540,买盘
2064,13:02:00,7.4,--,1,740,买盘
2065,13:01:57,7.4,--,17,12580,买盘
2066,13:01:51,7.4,--,14,10360,买盘
2067,13:01:48,7.4,--,1,740,买盘
2068,13:01:42,7.4,0.01,14,10360,买盘
2069,13:01:39,7.39,--,19,14041,卖盘
2070,13:01:36,7.39,-0.01,153,113067,卖盘
2071,13:01:33,7.4,--,15,11100,买盘
2072,13:01:30,7.4,--,1,740,买盘
2073,13:01:27,7.4,0.01,5,3700,买盘
2074,13:01:24,7.39,-0.01,18,13302,卖盘
2075,13:01:21,7.4,--,40,29600,买盘
2076,13:01:18,7.4,--,7,5180,买盘
2077,13:01:15,7.4,0.01,235,173900,买盘
2078,13:01:12,7.39,-0.01,139,102721,卖盘
2079,13:01:09,7.4,--,50,37000,买盘
2080,13:01:03,7.4,0.01,15,11100,买盘
2081,13:00:57,7.39,-0.01,1,739,卖盘
2082,13:00:54,7.4,--,17,12580,买盘
2083,13:00:51,7.4,0.01,1,740,买盘
2084,13:00:48,7.39,-0.01,25,18475,卖盘
2085,13:00:45,7.4,--,12,8880,买盘
2086,13:00:42,7.4,--,16,11840,买盘
2087,13:00:39,7.4,--,59,43660,买盘
2088,13:00:33,7.4,0.01,35,25900,买盘
2089,13:00:30,7.39,--,3,2217,买盘
2090,13:00:27,7.39,-0.01,11,8129,中性盘
2091,13:00:24,7.4,0.01,200,148592,买盘
2092,13:00:18,7.39,--,1,739,买盘
2093,13:00:15,7.39,--,1,739,买盘
2094,13:00:12,7.39,0.01,15,11085,买盘
2095,13:00:09,7.38,-0.01,48,35424,卖盘
2096,13:00:06,7.39,--,230,169970,买盘
2097,13:00:03,7.39,-0.01,2533,1871887,卖盘
2098,13:00:00,7.4,--,0,0,买盘
2099,11:30:00,7.4,--,0,0,买盘
2100,11:29:54,7.4,--,16,11840,买盘
2101,11:29:51,7.4,--,21,15540,买盘
2102,11:29:42,7.4,--,34,25160,买盘
2103,11:29:39,7.4,--,60,44400,买盘
2104,11:29:36,7.4,--,13,9620,买盘
2105,11:29:33,7.4,0.01,17,12580,买盘
2106,11:29:30,7.39,-0.01,44,32516,卖盘
2107,11:29:27,7.4,--,7,5180,买盘
2108,11:29:24,7.4,--,6,4440,买盘
2109,11:29:21,7.4,--,61,45140,买盘
2110,11:29:18,7.4,0.01,4,2960,买盘
2111,11:29:09,7.39,-0.01,20,14780,卖盘
2112,11:29:06,7.4,--,15,11100,买盘
2113,11:29:03,7.4,--,10,7400,买盘
2114,11:29:00,7.4,--,51,37740,买盘
2115,11:28:51,7.4,0.01,3,2220,买盘
2116,11:28:48,7.39,--,22,16258,卖盘
2117,11:28:45,7.39,-0.01,67,49513,卖盘
2118,11:28:42,7.4,--,5,3700,买盘
2119,11:28:39,7.4,--,43,31820,买盘
2120,11:28:36,7.4,0.01,14,10360,买盘
2121,11:28:30,7.39,-0.01,39,28821,卖盘
2122,11:28:24,7.4,--,20,14800,买盘
2123,11:28:21,7.4,--,42,31080,买盘
2124,11:28:18,7.4,0.01,20,14800,买盘
2125,11:28:15,7.39,--,11,8129,卖盘
2126,11:28:12,7.39,-0.01,8,5912,卖盘
2127,11:28:06,7.4,--,53,39220,买盘
2128,11:28:03,7.4,--,23,17020,买盘
2129,11:28:00,7.4,--,15,11100,买盘
2130,11:27:51,7.4,--,1,740,买盘
2131,11:27:48,7.4,--,9,6660,买盘
2132,11:27:45,7.4,--,64,47360,买盘
2133,11:27:42,7.4,--,14,10360,买盘
2134,11:27:36,7.4,--,49,36260,买盘
2135,11:27:33,7.4,--,2,1480,买盘
2136,11:27:30,7.4,--,22,16280,买盘
2137,11:27:27,7.4,0.01,28,20720,买盘
2138,11:27:24,7.39,--,58,42862,卖盘
2139,11:27:21,7.39,-0.01,18,13302,卖盘
2140,11:27:18,7.4,--,13,9620,买盘
2141,11:27:15,7.4,0.01,93,68820,买盘
2142,11:27:12,7.39,-0.01,18,13302,卖盘
2143,11:27:09,7.4,--,1,740,买盘
2144,11:27:06,7.4,--,15,11100,买盘
2145,11:27:03,7.4,0.01,44,32560,买盘
2146,11:26:57,7.39,-0.01,2,1478,卖盘
2147,11:26:54,7.4,0.01,26,19240,买盘
2148,11:26:48,7.39,--,12,8868,卖盘
2149,11:26:45,7.39,-0.01,30,22170,卖盘
2150,11:26:42,7.4,0.01,88,65120,买盘
2151,11:26:39,7.39,--,27,19953,卖盘
2152,11:26:36,7.39,-0.01,3,2217,卖盘
2153,11:26:33,7.4,0.01,2,1480,买盘
2154,11:26:30,7.39,-0.01,51,37689,卖盘
2155,11:26:27,7.4,--,5,3700,买盘
2156,11:26:24,7.4,0.01,28,20720,买盘
2157,11:26:21,7.39,--,43,31777,卖盘
2158,11:26:18,7.39,-0.01,1,739,卖盘
2159,11:26:15,7.4,--,25,18500,买盘
2160,11:26:03,7.4,--,25,18500,买盘
2161,11:26:00,7.4,0.01,57,42180,买盘
2162,11:25:57,7.39,-0.01,33,24387,卖盘
2163,11:25:54,7.4,0.01,17,12580,买盘
2164,11:25:51,7.39,-0.01,133,98287,卖盘
2165,11:25:45,7.4,--,69,51060,买盘
2166,11:25:42,7.4,--,101,74740,买盘
2167,11:25:36,7.4,--,11,8140,买盘
2168,11:25:30,7.4,0.01,14,10360,买盘
2169,11:25:27,7.39,-0.01,79,58381,卖盘
2170,11:25:24,7.4,0.01,39,28860,买盘
2171,11:25:21,7.39,-0.01,61,45079,卖盘
2172,11:25:15,7.4,--,183,135420,买盘
2173,11:25:12,7.4,--,107,79180,买盘
2174,11:25:09,7.4,--,12,8880,买盘
2175,11:25:03,7.4,--,24,17760,买盘
2176,11:25:00,7.4,0.01,37,27380,买盘
2177,11:24:57,7.39,-0.01,112,82768,卖盘
2178,11:24:54,7.4,--,46,34040,买盘
2179,11:24:51,7.4,--,4,2960,买盘
2180,11:24:48,7.4,0.01,9,6660,买盘
2181,11:24:45,7.39,--,1,739,卖盘
2182,11:24:42,7.39,-0.01,36,26604,卖盘
2183,11:24:39,7.4,--,27,19980,买盘
2184,11:24:33,7.4,0.01,41,30340,买盘
2185,11:24:30,7.39,-0.01,54,39906,卖盘
2186,11:24:24,7.4,0.01,47,34780,买盘
2187,11:24:21,7.39,-0.01,11,8129,卖盘
2188,11:24:18,7.4,0.01,5,3700,买盘
2189,11:24:15,7.39,-0.01,159,117501,卖盘
2190,11:24:12,7.4,0.01,17,12580,买盘
2191,11:24:09,7.39,-0.01,20,14780,卖盘
2192,11:24:06,7.4,--,2,1480,买盘
2193,11:24:03,7.4,--,8,5920,买盘
2194,11:24:00,7.4,--,72,53280,买盘
2195,11:23:57,7.4,--,14,10360,买盘
2196,11:23:54,7.4,--,1,740,买盘
2197,11:23:51,7.4,--,34,25160,买盘
2198,11:23:48,7.4,0.01,10,7400,买盘
2199,11:23:45,7.39,-0.01,5,3695,卖盘
2200,11:23:42,7.4,--,45,33300,买盘
2201,11:23:39,7.4,0.01,17,12580,买盘
2202,11:23:36,7.39,-0.01,31,22909,卖盘
2203,11:23:30,7.4,--,12,8880,买盘
2204,11:23:27,7.4,--,25,18500,买盘
2205,11:23:24,7.4,0.02,185,136900,买盘
2206,11:23:21,7.38,--,19,14022,卖盘
2207,11:23:15,7.38,-0.01,12,8856,卖盘
2208,11:23:12,7.39,0.01,50,36950,买盘
2209,11:23:09,7.38,--,148,109224,卖盘
2210,11:23:06,7.38,-0.01,7,5166,卖盘
2211,11:23:03,7.39,--,8,5912,买盘
2212,11:23:00,7.39,0.01,31,22909,买盘
2213,11:22:57,7.38,-0.01,16,11808,卖盘
2214,11:22:54,7.39,--,5,3695,买盘
2215,11:22:51,7.39,--,96,70944,买盘
2216,11:22:48,7.39,0.01,24,17736,买盘
2217,11:22:45,7.38,--,36,26568,卖盘
2218,11:22:42,7.38,-0.01,8,5904,卖盘
2219,11:22:39,7.39,0.01,16,11824,买盘
2220,11:22:33,7.38,--,2,1476,卖盘
2221,11:22:30,7.38,-0.01,96,70848,卖盘
2222,11:22:27,7.39,--,16,11824,买盘
2223,11:22:24,7.39,--,29,21431,买盘
2224,11:22:21,7.39,--,95,70205,买盘
2225,11:22:18,7.39,--,7,5173,买盘
2226,11:22:15,7.39,0.01,18,13302,买盘
2227,11:22:12,7.38,--,9,6642,卖盘
2228,11:22:09,7.38,-0.01,3,2214,卖盘
2229,11:22:06,7.39,--,19,14041,买盘
2230,11:22:03,7.39,--,25,18475,买盘
2231,11:22:00,7.39,--,1,739,买盘
2232,11:21:57,7.39,--,24,17736,买盘
2233,11:21:54,7.39,0.01,500,369500,买盘
2234,11:21:51,7.38,-0.01,210,154980,卖盘
2235,11:21:48,7.39,--,1,739,买盘
2236,11:21:45,7.39,0.01,128,94592,买盘
2237,11:21:42,7.38,--,36,26568,卖盘
2238,11:21:39,7.38,-0.01,20,14760,卖盘
2239,11:21:33,7.39,--,52,38428,买盘
2240,11:21:27,7.39,--,23,16997,买盘
2241,11:21:24,7.39,0.01,176,130064,买盘
2242,11:21:21,7.38,-0.01,10,7380,卖盘
2243,11:21:18,7.39,--,1,739,买盘
2244,11:21:15,7.39,0.01,14,10346,买盘
2245,11:21:12,7.38,--,46,33948,卖盘
2246,11:21:09,7.38,-0.01,27,19926,卖盘
2247,11:21:06,7.39,--,17,12563,买盘
2248,11:21:03,7.39,--,17,12563,买盘
2249,11:21:00,7.39,--,4,2956,买盘
2250,11:20:54,7.39,--,17,12563,买盘
2251,11:20:51,7.39,--,37,27343,买盘
2252,11:20:48,7.39,0.01,21,15519,买盘
2253,11:20:45,7.38,-0.01,10,7380,卖盘
2254,11:20:42,7.39,--,14,10346,买盘
2255,11:20:39,7.39,--,104,76856,卖盘
2256,11:20:36,7.39,-0.01,10,7390,卖盘
2257,11:20:33,7.4,--,50,37000,买盘
2258,11:20:30,7.4,0.02,20,14800,买盘
2259,11:20:27,7.38,-0.01,651,480438,卖盘
2260,11:20:24,7.39,0.01,27,19953,买盘
2261,11:20:21,7.38,-0.01,31,22878,卖盘
2262,11:20:18,7.39,--,103,76117,买盘
2263,11:20:15,7.39,--,10,7390,买盘
2264,11:20:12,7.39,0.01,150,110850,买盘
2265,11:20:09,7.38,--,621,458298,卖盘
2266,11:20:06,7.38,-0.01,9,6642,卖盘
2267,11:20:03,7.39,--,26,19214,买盘
2268,11:20:00,7.39,--,41,30299,买盘
2269,11:19:57,7.39,0.01,31,22909,买盘
2270,11:19:54,7.38,-0.01,2,1476,卖盘
2271,11:19:51,7.39,--,45,33255,买盘
2272,11:19:48,7.39,--,14,10346,买盘
2273,11:19:45,7.39,--,44,32516,买盘
2274,11:19:42,7.39,0.01,51,37689,买盘
2275,11:19:39,7.38,--,12,8856,卖盘
2276,11:19:36,7.38,--,31,22878,卖盘
2277,11:19:33,7.38,-0.01,11,8118,卖盘
2278,11:19:30,7.39,--,72,53208,买盘
2279,11:19:27,7.39,0.01,47,34733,买盘
2280,11:19:24,7.38,--,23,16974,卖盘
2281,11:19:21,7.38,-0.01,62,45756,卖盘
2282,11:19:18,7.39,0.01,70,51730,买盘
2283,11:19:15,7.38,-0.01,16,11808,卖盘
2284,11:19:12,7.39,--,158,116762,卖盘
2285,11:19:09,7.39,--,3,2217,卖盘
2286,11:19:06,7.39,--,30,22170,卖盘
2287,11:19:03,7.39,-0.01,16,11824,卖盘
2288,11:19:00,7.4,--,38,28120,买盘
2289,11:18:57,7.4,--,91,67340,买盘
2290,11:18:54,7.4,0.01,28,20720,买盘
2291,11:18:51,7.39,-0.01,55,40645,卖盘
2292,11:18:48,7.4,0.01,99,73260,买盘
2293,11:18:45,7.39,--,132,97548,卖盘
2294,11:18:42,7.39,--,285,210615,卖盘
2295,11:18:39,7.39,-0.01,12,8868,卖盘
2296,11:18:36,7.4,0.01,641,474340,买盘
2297,11:18:33,7.39,-0.01,19,14041,卖盘
2298,11:18:30,7.4,0.01,54,39960,买盘
2299,11:18:27,7.39,-0.01,64,47296,卖盘
2300,11:18:24,7.4,0.01,10,7400,买盘
2301,11:18:21,7.39,-0.01,65,48035,卖盘
2302,11:18:18,7.4,--,1,740,买盘
2303,11:18:15,7.4,--,28,20720,买盘
2304,11:18:12,7.4,--,21,15540,买盘
2305,11:18:09,7.4,0.01,51,37740,买盘
2306,11:18:06,7.39,--,21,15519,卖盘
2307,11:18:03,7.39,-0.01,26,19214,卖盘
2308,11:18:00,7.4,--,38,28120,买盘
2309,11:17:57,7.4,0.01,56,41440,买盘
2310,11:17:54,7.39,--,2,1478,卖盘
2311,11:17:51,7.39,--,47,34733,卖盘
2312,11:17:48,7.39,--,35,25865,卖盘
2313,11:17:45,7.39,-0.01,24,17736,卖盘
2314,11:17:42,7.4,0.01,37,27380,买盘
2315,11:17:39,7.39,--,74,54686,卖盘
2316,11:17:36,7.39,--,31,22909,卖盘
2317,11:17:33,7.39,-0.01,9,6651,卖盘
2318,11:17:30,7.4,0.01,46,34040,买盘
2319,11:17:27,7.39,-0.01,70,51730,卖盘
2320,11:17:24,7.4,0.01,108,79920,买盘
2321,11:17:21,7.39,-0.01,80,59120,卖盘
2322,11:17:18,7.4,--,25,18500,买盘
2323,11:17:15,7.4,0.01,42,31080,买盘
2324,11:17:12,7.39,-0.01,56,41384,卖盘
2325,11:17:09,7.4,0.01,80,59200,买盘
2326,11:17:06,7.39,-0.01,91,67249,卖盘
2327,11:17:03,7.4,0.01,84,62160,买盘
2328,11:17:00,7.39,-0.01,24,17736,卖盘
2329,11:16:57,7.4,0.01,46,34040,买盘
2330,11:16:54,7.39,-0.01,24,17736,卖盘
2331,11:16:51,7.4,--,38,28120,买盘
2332,11:16:48,7.4,0.01,10,7400,买盘
2333,11:16:45,7.39,-0.01,47,34733,卖盘
2334,11:16:42,7.4,0.01,51,37740,买盘
2335,11:16:39,7.39,--,30,22170,卖盘
2336,11:16:36,7.39,--,17,12563,卖盘
2337,11:16:33,7.39,-0.01,10,7390,卖盘
2338,11:16:27,7.4,0.01,64,47360,买盘
2339,11:16:24,7.39,-0.01,43,31777,卖盘
2340,11:16:21,7.4,--,51,37740,买盘
2341,11:16:18,7.4,--,53,39220,买盘
2342,11:16:15,7.4,0.01,35,25900,买盘
2343,11:16:12,7.39,-0.01,9,6651,卖盘
2344,11:16:09,7.4,0.01,5,3700,买盘
2345,11:16:06,7.39,--,16,11824,卖盘
2346,11:16:03,7.39,--,38,28082,卖盘
2347,11:16:00,7.39,--,8,5912,卖盘
2348,11:15:57,7.39,--,2,1478,卖盘
2349,11:15:54,7.39,-0.01,48,35472,卖盘
2350,11:15:48,7.4,0.01,1,740,买盘
2351,11:15:45,7.39,-0.01,13,9607,卖盘
2352,11:15:42,7.4,--,63,46620,买盘
2353,11:15:39,7.4,--,22,16280,买盘
2354,11:15:36,7.4,-0.01,172,127280,卖盘
2355,11:15:33,7.41,--,33,24453,买盘
2356,11:15:27,7.41,--,13,9633,买盘
2357,11:15:24,7.41,0.01,110,81510,买盘
2358,11:15:21,7.4,-0.01,37,27380,买盘
2359,11:15:15,7.41,0.02,123,91143,买盘
2360,11:15:12,7.39,-0.01,91,67249,卖盘
2361,11:15:09,7.4,0.01,40,29600,中性盘
2362,11:15:06,7.39,-0.02,763,563857,卖盘
2363,11:15:03,7.41,--,22,16302,买盘
2364,11:15:00,7.41,--,1,741,买盘
2365,11:14:57,7.41,0.01,100,74100,买盘
2366,11:14:54,7.4,-0.01,128,94720,卖盘
2367,11:14:51,7.41,0.01,17,12597,买盘
2368,11:14:48,7.4,--,15,11100,卖盘
2369,11:14:45,7.4,--,260,192400,卖盘
2370,11:14:39,7.4,--,222,164280,卖盘
2371,11:14:36,7.4,--,25,18500,卖盘
2372,11:14:33,7.4,-0.01,150,111000,卖盘
2373,11:14:30,7.41,0.01,20,14820,买盘
2374,11:14:27,7.4,-0.01,4,2960,卖盘
2375,11:14:24,7.41,0.01,11,8151,买盘
2376,11:14:21,7.4,-0.01,9,6660,卖盘
2377,11:14:18,7.41,--,16,11856,买盘
2378,11:14:15,7.41,--,23,17043,买盘
2379,11:14:12,7.41,--,24,17784,买盘
2380,11:14:09,7.41,0.01,14,10374,买盘
2381,11:14:06,7.4,-0.01,101,74740,卖盘
2382,11:14:03,7.41,0.01,48,35568,买盘
2383,11:14:00,7.4,-0.01,129,95460,卖盘
2384,11:13:57,7.41,--,380,281580,买盘
2385,11:13:54,7.41,0.01,83,61503,买盘
2386,11:13:51,7.4,-0.01,37,27380,卖盘
2387,11:13:48,7.41,0.01,10,7410,买盘
2388,11:13:45,7.4,-0.01,26,19240,卖盘
2389,11:13:39,7.41,--,84,62244,买盘
2390,11:13:36,7.41,0.01,14,10374,买盘
2391,11:13:33,7.4,--,54,39960,卖盘
2392,11:13:30,7.4,-0.01,29,21460,卖盘
2393,11:13:27,7.41,0.01,12,8892,买盘
2394,11:13:24,7.4,-0.01,10,7400,卖盘
2395,11:13:18,7.41,--,27,20007,买盘
2396,11:13:15,7.41,0.01,61,45201,买盘
2397,11:13:12,7.4,-0.01,163,120620,卖盘
2398,11:13:09,7.41,--,15,11115,买盘
2399,11:13:06,7.41,0.01,58,42978,买盘
2400,11:13:03,7.4,-0.01,34,25160,卖盘
2401,11:13:00,7.41,--,5,3705,买盘
2402,11:12:57,7.41,--,29,21489,买盘
2403,11:12:54,7.41,--,48,35568,买盘
2404,11:12:51,7.41,0.01,2,1482,买盘
2405,11:12:48,7.4,--,41,30340,卖盘
2406,11:12:45,7.4,-0.01,43,31820,卖盘
2407,11:12:42,7.41,0.01,1,741,买盘
2408,11:12:39,7.4,--,63,46620,卖盘
2409,11:12:36,7.4,-0.01,23,17020,卖盘
2410,11:12:30,7.41,--,33,24453,买盘
2411,11:12:27,7.41,--,37,27417,买盘
2412,11:12:24,7.41,0.01,11,8151,买盘
2413,11:12:21,7.4,--,21,15540,卖盘
2414,11:12:18,7.4,--,10,7400,卖盘
2415,11:12:15,7.4,-0.01,28,20720,卖盘
2416,11:12:12,7.41,0.01,41,30381,买盘
2417,11:12:09,7.4,-0.01,17,12580,卖盘
2418,11:12:06,7.41,--,16,11856,买盘
2419,11:12:03,7.41,--,1049,777309,买盘
2420,11:12:00,7.41,0.01,14,10374,买盘
2421,11:11:57,7.4,-0.01,45,33300,卖盘
2422,11:11:51,7.41,--,54,40014,买盘
2423,11:11:48,7.41,--,10,7410,买盘
2424,11:11:45,7.41,0.01,26,19266,买盘
2425,11:11:42,7.4,-0.01,9,6660,卖盘
2426,11:11:39,7.41,--,62,45942,买盘
2427,11:11:36,7.41,--,17,12597,买盘
2428,11:11:33,7.41,0.01,74,54834,买盘
2429,11:11:30,7.4,--,56,41440,卖盘
2430,11:11:27,7.4,-0.01,16,11840,卖盘
2431,11:11:24,7.41,--,8,5928,买盘
2432,11:11:21,7.41,0.01,11,8151,买盘
2433,11:11:12,7.4,--,38,28120,卖盘
2434,11:11:09,7.4,-0.01,39,28860,卖盘
2435,11:11:06,7.41,0.01,35,25935,买盘
2436,11:11:03,7.4,-0.01,37,27380,卖盘
2437,11:11:00,7.41,--,1,741,买盘
2438,11:10:57,7.41,0.01,15,11115,买盘
2439,11:10:54,7.4,-0.01,199,147260,卖盘
2440,11:10:51,7.41,--,30,22230,买盘
2441,11:10:48,7.41,--,81,60021,买盘
2442,11:10:45,7.41,--,29,21489,买盘
2443,11:10:42,7.41,--,16,11856,买盘
2444,11:10:39,7.41,--,98,72618,买盘
2445,11:10:36,7.41,--,11,8151,买盘
2446,11:10:33,7.41,--,2,1482,买盘
2447,11:10:30,7.41,--,15,11115,买盘
2448,11:10:27,7.41,--,44,32604,买盘
2449,11:10:24,7.41,--,22,16302,买盘
2450,11:10:18,7.41,--,13,9633,买盘
2451,11:10:15,7.41,--,11,8151,买盘
2452,11:10:12,7.41,--,49,36309,买盘
2453,11:10:09,7.41,--,176,130416,买盘
2454,11:10:06,7.41,--,112,83703,卖盘
2455,11:10:03,7.41,--,16,11885,买盘
2456,11:10:00,7.41,--,15,11115,买盘
2457,11:09:57,7.41,--,10,7410,买盘
2458,11:09:54,7.41,--,14,10374,买盘
2459,11:09:48,7.41,-0.01,93,69624,卖盘
2460,11:09:45,7.42,0.01,164,121688,买盘
2461,11:09:42,7.41,0.01,1849,1370138,买盘
2462,11:09:36,7.4,-0.01,43,31820,卖盘
2463,11:09:30,7.41,--,15,11115,买盘
2464,11:09:27,7.41,--,46,34086,买盘
2465,11:09:24,7.41,0.01,82,60762,买盘
2466,11:09:18,7.4,--,3,2220,卖盘
2467,11:09:15,7.4,-0.01,25,18500,卖盘
2468,11:09:12,7.41,--,1,741,买盘
2469,11:09:09,7.41,--,44,32604,买盘
2470,11:09:06,7.41,--,428,317148,买盘
2471,11:09:03,7.41,--,9,6669,买盘
2472,11:09:00,7.41,0.01,14,10374,买盘
2473,11:08:57,7.4,-0.01,2,1480,卖盘
2474,11:08:48,7.41,--,61,45201,买盘
2475,11:08:45,7.41,0.01,1,741,买盘
2476,11:08:42,7.4,-0.01,43,31820,卖盘
2477,11:08:39,7.41,--,16,11856,买盘
2478,11:08:36,7.41,--,2,1482,买盘
2479,11:08:30,7.41,0.01,55,40755,买盘
2480,11:08:27,7.4,-0.01,72,53280,卖盘
2481,11:08:24,7.41,--,52,38532,买盘
2482,11:08:21,7.41,--,12,8892,买盘
2483,11:08:18,7.41,0.01,14,10374,买盘
2484,11:08:15,7.4,--,9,6660,卖盘
2485,11:08:12,7.4,-0.01,19,14060,卖盘
2486,11:08:09,7.41,--,40,29640,买盘
2487,11:08:06,7.41,--,110,81510,买盘
2488,11:08:03,7.41,--,11,8151,买盘
2489,11:08:00,7.41,--,1,741,买盘
2490,11:07:57,7.41,0.01,91,67431,买盘
2491,11:07:54,7.4,--,509,376660,卖盘
2492,11:07:51,7.4,--,128,94720,卖盘
2493,11:07:48,7.4,-0.01,61,45140,卖盘
2494,11:07:45,7.41,0.01,75,55575,买盘
2495,11:07:42,7.4,-0.01,80,59200,卖盘
2496,11:07:39,7.41,0.01,16,11856,买盘
2497,11:07:36,7.4,--,22,16280,卖盘
2498,11:07:33,7.4,-0.01,180,133200,卖盘
2499,11:07:30,7.41,--,5,3705,买盘
2500,11:07:27,7.41,--,107,79287,买盘
2501,11:07:24,7.41,0.01,25,18525,买盘
2502,11:07:21,7.4,--,5,3700,卖盘
2503,11:07:18,7.4,-0.01,24,17760,卖盘
2504,11:07:15,7.41,0.01,10,7410,买盘
2505,11:07:12,7.4,--,11,8140,卖盘
2506,11:07:09,7.4,-0.01,16,11840,卖盘
2507,11:07:06,7.41,--,103,76323,买盘
2508,11:07:03,7.41,0.01,37,27417,买盘
2509,11:07:00,7.4,--,43,31820,卖盘
2510,11:06:57,7.4,-0.01,35,25900,卖盘
2511,11:06:54,7.41,0.01,52,38532,买盘
2512,11:06:51,7.4,--,55,40700,卖盘
2513,11:06:48,7.4,-0.01,117,86580,卖盘
2514,11:06:45,7.41,0.01,97,71877,买盘
2515,11:06:42,7.4,-0.01,63,46620,卖盘
2516,11:06:39,7.41,0.01,76,56316,买盘
2517,11:06:36,7.4,-0.01,118,87320,卖盘
2518,11:06:33,7.41,0.01,16,11856,买盘
2519,11:06:30,7.4,--,51,37740,卖盘
2520,11:06:27,7.4,-0.01,241,178340,卖盘
2521,11:06:24,7.41,--,25,18525,买盘
2522,11:06:21,7.41,0.01,39,28899,买盘
2523,11:06:18,7.4,--,11,8140,卖盘
2524,11:06:15,7.4,-0.01,41,30340,卖盘
2525,11:06:12,7.41,--,93,68913,买盘
2526,11:06:09,7.41,--,64,47424,买盘
2527,11:06:06,7.41,--,1,741,买盘
2528,11:06:03,7.41,--,54,40014,买盘
2529,11:06:00,7.41,0.01,161,119301,买盘
2530,11:05:57,7.4,--,48,35520,卖盘
2531,11:05:51,7.4,--,108,79920,卖盘
2532,11:05:45,7.4,--,107,79180,卖盘
2533,11:05:42,7.4,-0.01,38,28120,卖盘
2534,11:05:36,7.41,--,55,40755,买盘
2535,11:05:33,7.41,--,502,371982,买盘
2536,11:05:30,7.41,0.01,19,14079,买盘
2537,11:05:27,7.4,-0.01,11,8140,卖盘
2538,11:05:24,7.41,--,9,6669,买盘
2539,11:05:21,7.41,0.01,34,25194,买盘
2540,11:05:18,7.4,--,125,92500,卖盘
2541,11:05:15,7.4,--,100,74000,卖盘
2542,11:05:12,7.4,-0.01,35,25900,卖盘
2543,11:05:09,7.41,0.01,898,665418,买盘
2544,11:05:06,7.4,--,11,8140,卖盘
2545,11:05:03,7.4,-0.01,80,59200,卖盘
2546,11:05:00,7.41,--,83,61503,买盘
2547,11:04:57,7.41,0.01,36,26676,买盘
2548,11:04:54,7.4,-0.01,12,8880,卖盘
2549,11:04:51,7.41,--,15,11115,买盘
2550,11:04:48,7.41,--,9,6669,买盘
2551,11:04:45,7.41,--,230,170430,买盘
2552,11:04:42,7.41,0.01,18,13338,买盘
2553,11:04:39,7.4,--,30,22200,卖盘
2554,11:04:36,7.4,--,11,8140,卖盘
2555,11:04:33,7.4,-0.01,22,16280,卖盘
2556,11:04:30,7.41,0.01,18,13338,买盘
2557,11:04:24,7.4,--,21,15540,卖盘
2558,11:04:21,7.4,--,81,59940,卖盘
2559,11:04:18,7.4,--,4,2960,卖盘
2560,11:04:15,7.4,--,20,14800,卖盘
2561,11:04:12,7.4,-0.01,220,162800,卖盘
2562,11:04:09,7.41,0.01,41,30381,买盘
2563,11:04:06,7.4,-0.01,31,22940,卖盘
2564,11:04:03,7.41,0.01,54,40014,买盘
2565,11:04:00,7.4,--,24,17760,买盘
2566,11:03:57,7.4,--,56,41440,卖盘
2567,11:03:54,7.4,--,67,49580,卖盘
2568,11:03:51,7.4,--,1,740,买盘
2569,11:03:48,7.4,--,41,30340,买盘
2570,11:03:45,7.4,--,30,22200,买盘
2571,11:03:42,7.4,--,30,22200,卖盘
2572,11:03:39,7.4,--,108,79920,卖盘
2573,11:03:36,7.4,--,148,109520,卖盘
2574,11:03:33,7.4,-0.01,8,5920,卖盘
2575,11:03:27,7.41,0.01,19,14079,买盘
2576,11:03:24,7.4,-0.01,11,8140,卖盘
2577,11:03:18,7.41,0.01,41,30381,买盘
2578,11:03:15,7.4,0.01,82,60680,买盘
2579,11:03:12,7.39,-0.01,10,7390,卖盘
2580,11:03:09,7.4,--,37,27380,买盘
2581,11:03:06,7.4,--,71,52540,卖盘
2582,11:03:03,7.4,--,25,18500,卖盘
2583,11:03:00,7.4,-0.01,11,8140,中性盘
2584,11:02:57,7.41,--,315,234126,买盘
2585,11:02:54,7.41,0.01,118,87615,买盘
2586,11:02:48,7.4,-0.01,228,168720,卖盘
2587,11:02:45,7.41,0.01,55,40755,买盘
2588,11:02:42,7.4,-0.01,9,6660,卖盘
2589,11:02:39,7.41,--,141,104481,买盘
2590,11:02:36,7.41,--,16,11856,买盘
2591,11:02:33,7.41,--,1,741,买盘
2592,11:02:30,7.41,0.01,17,12597,买盘
2593,11:02:27,7.4,--,11,8140,卖盘
2594,11:02:24,7.4,-0.01,53,39220,卖盘
2595,11:02:21,7.41,--,1,741,买盘
2596,11:02:18,7.41,0.01,52,38532,买盘
2597,11:02:15,7.4,--,1,740,卖盘
2598,11:02:12,7.4,-0.01,108,79920,卖盘
2599,11:02:09,7.41,0.01,133,98553,买盘
2600,11:02:06,7.4,--,36,26640,卖盘
2601,11:02:03,7.4,-0.01,11,8140,卖盘
2602,11:02:00,7.41,0.01,286,211926,买盘
2603,11:01:57,7.4,--,3107,2299180,卖盘
2604,11:01:54,7.4,-0.01,18,13320,卖盘
2605,11:01:51,7.41,--,51,37791,买盘
2606,11:01:48,7.41,-0.01,28,20748,中性盘
2607,11:01:42,7.42,0.02,17,12614,买盘
2608,11:01:39,7.4,-0.01,18,13320,卖盘
2609,11:01:36,7.41,--,511,378651,买盘
2610,11:01:33,7.41,--,12,8892,买盘
2611,11:01:30,7.41,--,77,57057,买盘
2612,11:01:27,7.41,--,297,220336,卖盘
2613,11:01:24,7.41,--,10,7410,卖盘
2614,11:01:21,7.41,--,100,74100,卖盘
2615,11:01:18,7.41,--,21,15561,卖盘
2616,11:01:15,7.41,-0.01,107,79287,卖盘
2617,11:01:12,7.42,--,37,27802,买盘
2618,11:01:09,7.42,0.01,630,467460,买盘
2619,11:01:06,7.41,-0.01,65,48165,卖盘
2620,11:01:03,7.42,0.01,62,46004,买盘
2621,11:01:00,7.41,-0.01,242,179322,卖盘
2622,11:00:57,7.42,0.01,29,21518,买盘
2623,11:00:54,7.41,-0.01,1225,907725,卖盘
2624,11:00:51,7.42,--,238,176596,买盘
2625,11:00:48,7.42,--,26,19292,买盘
2626,11:00:45,7.42,0.01,59,43778,买盘
2627,11:00:42,7.41,-0.01,40,29640,卖盘
2628,11:00:39,7.42,0.01,34,25228,买盘
2629,11:00:36,7.41,--,291,215631,卖盘
2630,11:00:33,7.41,-0.01,37,27417,卖盘
2631,11:00:30,7.42,--,11,8162,买盘
2632,11:00:27,7.42,--,30,22260,买盘
2633,11:00:24,7.42,0.01,526,390292,买盘
2634,11:00:21,7.41,-0.01,76,56316,卖盘
2635,11:00:18,7.42,0.01,281,208502,买盘
2636,11:00:15,7.41,--,10,7410,卖盘
2637,11:00:12,7.41,-0.01,10,7410,卖盘
2638,11:00:09,7.42,--,230,170660,买盘
2639,11:00:06,7.42,--,520,385840,买盘
2640,11:00:03,7.42,--,10,7420,买盘
2641,11:00:00,7.42,0.01,51,37842,买盘
2642,10:59:57,7.41,-0.01,9,6669,卖盘
2643,10:59:54,7.42,--,126,93492,买盘
2644,10:59:51,7.42,0.01,5,3710,买盘
2645,10:59:48,7.41,--,52,38532,卖盘
2646,10:59:45,7.41,--,71,52744,买盘
2647,10:59:42,7.41,--,256,190303,卖盘
2648,10:59:39,7.41,--,55,40755,卖盘
2649,10:59:36,7.41,0.01,409,303202,买盘
2650,10:59:33,7.4,-0.01,179,132460,卖盘
2651,10:59:30,7.41,--,1,741,买盘
2652,10:59:27,7.41,--,18,13338,买盘
2653,10:59:24,7.41,--,185,137085,买盘
2654,10:59:21,7.41,--,27,20007,买盘
2655,10:59:18,7.41,--,1030,763230,买盘
2656,10:59:15,7.41,0.01,100,74100,买盘
2657,10:59:12,7.4,-0.01,9,6660,卖盘
2658,10:59:09,7.41,--,164,121524,买盘
2659,10:59:06,7.41,--,9,6669,买盘
2660,10:59:03,7.41,--,25,18525,买盘
2661,10:59:00,7.41,--,38,28158,买盘
2662,10:58:57,7.41,--,1,741,买盘
2663,10:58:54,7.41,0.01,25,18525,买盘
2664,10:58:51,7.4,-0.01,30,22200,卖盘
2665,10:58:48,7.41,0.01,8,5928,买盘
2666,10:58:45,7.4,--,82,60680,卖盘
2667,10:58:42,7.4,--,4,2960,卖盘
2668,10:58:39,7.4,-0.01,89,65860,卖盘
2669,10:58:36,7.41,--,111,82251,买盘
2670,10:58:30,7.41,--,14,10374,买盘
2671,10:58:24,7.41,--,39,28899,买盘
2672,10:58:21,7.41,--,17,12597,买盘
2673,10:58:18,7.41,--,123,91143,买盘
2674,10:58:15,7.41,0.01,3,2223,买盘
2675,10:58:12,7.4,--,9,6660,卖盘
2676,10:58:09,7.4,--,21,15540,卖盘
2677,10:58:06,7.4,-0.01,5,3700,卖盘
2678,10:58:03,7.41,--,16,11856,买盘
2679,10:58:00,7.41,--,75,55575,买盘
2680,10:57:57,7.41,--,5,3705,买盘
2681,10:57:54,7.41,0.01,84,62244,买盘
2682,10:57:51,7.4,-0.01,52,38480,卖盘
2683,10:57:48,7.41,0.01,28,20748,买盘
2684,10:57:45,7.4,--,99,73260,卖盘
2685,10:57:42,7.4,-0.01,500,370000,卖盘
2686,10:57:36,7.41,--,14,10374,买盘
2687,10:57:33,7.41,--,8,5928,买盘
2688,10:57:30,7.41,0.01,544,403104,买盘
2689,10:57:24,7.4,--,126,93832,买盘
2690,10:57:21,7.4,--,11,8140,买盘
2691,10:57:18,7.4,--,11,8140,买盘
2692,10:57:15,7.4,--,27,19980,买盘
2693,10:57:12,7.4,--,30,22200,买盘
2694,10:57:09,7.4,--,1192,882228,卖盘
2695,10:57:06,7.4,--,38,28120,卖盘
2696,10:57:03,7.4,-0.01,29,21460,卖盘
2697,10:57:00,7.41,0.01,39,28899,买盘
2698,10:56:57,7.4,--,1100,814592,买盘
2699,10:56:54,7.4,--,21,15540,买盘
2700,10:56:51,7.4,--,31,22940,买盘
2701,10:56:48,7.4,--,693,512820,买盘
2702,10:56:45,7.4,0.01,182,134680,买盘
2703,10:56:42,7.39,-0.01,28,20692,卖盘
2704,10:56:39,7.4,--,20,14800,买盘
2705,10:56:36,7.4,0.01,74,54760,买盘
2706,10:56:33,7.39,-0.01,50,36950,卖盘
2707,10:56:30,7.4,--,23,17020,买盘
2708,10:56:27,7.4,--,9,6660,买盘
2709,10:56:24,7.4,0.01,24,17760,买盘
2710,10:56:21,7.39,-0.01,40,29560,卖盘
2711,10:56:18,7.4,--,70,51800,买盘
2712,10:56:15,7.4,--,354,261960,买盘
2713,10:56:12,7.4,0.01,36,26640,买盘
2714,10:56:09,7.39,-0.01,100,73900,卖盘
2715,10:56:03,7.4,0.01,28,20720,买盘
2716,10:55:57,7.39,-0.01,80,59120,卖盘
2717,10:55:54,7.4,--,27,19980,买盘
2718,10:55:51,7.4,0.01,39,28860,买盘
2719,10:55:48,7.39,-0.01,50,36950,卖盘
2720,10:55:45,7.4,--,69,51060,买盘
2721,10:55:42,7.4,0.02,3158,2336920,买盘
2722,10:55:39,7.38,-0.01,116,85608,卖盘
2723,10:55:36,7.39,--,29,21431,买盘
2724,10:55:33,7.39,--,53,39167,买盘
2725,10:55:30,7.39,--,148,109372,买盘
2726,10:55:27,7.39,--,24,17736,买盘
2727,10:55:24,7.39,--,58,42862,买盘
2728,10:55:21,7.39,0.01,220,162580,买盘
2729,10:55:18,7.38,-0.01,424,312912,卖盘
2730,10:55:15,7.39,--,81,59859,买盘
2731,10:55:12,7.39,0.01,562,415318,买盘
2732,10:55:09,7.38,-0.01,124,91512,卖盘
2733,10:55:06,7.39,--,3,2217,买盘
2734,10:55:03,7.39,--,410,302990,买盘
2735,10:55:00,7.39,--,18,13302,买盘
2736,10:54:57,7.39,--,14,10346,买盘
2737,10:54:54,7.39,--,21,15519,买盘
2738,10:54:51,7.39,--,322,237958,买盘
2739,10:54:48,7.39,0.01,51,37689,买盘
2740,10:54:45,7.38,--,19,14022,卖盘
2741,10:54:42,7.38,-0.01,39,28782,卖盘
2742,10:54:39,7.39,--,2,1478,买盘
2743,10:54:36,7.39,--,12,8868,买盘
2744,10:54:33,7.39,--,2,1478,买盘
2745,10:54:30,7.39,--,19,14041,买盘
2746,10:54:27,7.39,--,14,10346,买盘
2747,10:54:24,7.39,--,96,70944,买盘
2748,10:54:21,7.39,0.01,67,49513,买盘
2749,10:54:12,7.38,-0.01,19,14022,卖盘
2750,10:54:09,7.39,--,530,391670,买盘
2751,10:54:06,7.39,--,5,3695,买盘
2752,10:54:03,7.39,--,62,45818,买盘
2753,10:54:00,7.39,--,18,13302,买盘
2754,10:53:57,7.39,--,226,167014,买盘
2755,10:53:54,7.39,--,35,25865,买盘
2756,10:53:51,7.39,--,18,13302,买盘
2757,10:53:48,7.39,--,276,203964,买盘
2758,10:53:45,7.39,--,236,174404,买盘
2759,10:53:42,7.39,--,474,350286,买盘
2760,10:53:39,7.39,0.01,450,332550,买盘
2761,10:53:36,7.38,-0.01,24,18243,卖盘
2762,10:53:33,7.39,--,18,13302,买盘
2763,10:53:30,7.39,--,188,138932,买盘
2764,10:53:27,7.39,--,15,11085,买盘
2765,10:53:24,7.39,0.01,43,31777,买盘
2766,10:53:21,7.38,--,204,150552,卖盘
2767,10:53:18,7.38,-0.01,306,225828,卖盘
2768,10:53:15,7.39,--,176,130064,买盘
2769,10:53:09,7.39,--,60,44340,买盘
2770,10:53:03,7.39,--,8,5912,买盘
2771,10:53:00,7.39,0.01,38,28082,买盘
2772,10:52:57,7.38,-0.01,76,56088,卖盘
2773,10:52:54,7.39,--,59,43601,买盘
2774,10:52:51,7.39,--,9,6651,买盘
2775,10:52:48,7.39,--,38,28082,买盘
2776,10:52:45,7.39,0.01,109,80551,买盘
2777,10:52:42,7.38,--,1270,937260,买盘
2778,10:52:39,7.38,--,35,25830,买盘
2779,10:52:36,7.38,--,2508,1850904,买盘
2780,10:52:33,7.38,--,23,16974,买盘
2781,10:52:30,7.38,--,9,6642,买盘
2782,10:52:27,7.38,--,33,24354,买盘
2783,10:52:24,7.38,0.01,49,36162,买盘
2784,10:52:21,7.37,-0.01,16,11792,卖盘
2785,10:52:18,7.38,--,127,93726,买盘
2786,10:52:15,7.38,--,24,17712,买盘
2787,10:52:12,7.38,0.01,122,90036,买盘
2788,10:52:09,7.37,-0.01,79,58223,卖盘
2789,10:52:06,7.38,--,85,62730,买盘
2790,10:52:03,7.38,--,1627,1200726,买盘
2791,10:52:00,7.38,--,29,21402,买盘
2792,10:51:57,7.38,0.01,10,7380,买盘
2793,10:51:54,7.37,-0.01,43,31691,卖盘
2794,10:51:51,7.38,0.01,129,95202,买盘
2795,10:51:48,7.37,-0.01,354,260898,卖盘
2796,10:51:45,7.38,--,42,30996,买盘
2797,10:51:42,7.38,--,37,27306,买盘
2798,10:51:39,7.38,0.01,275,202950,买盘
2799,10:51:36,7.37,--,26,19162,卖盘
2800,10:51:33,7.37,0.01,551,406234,买盘
2801,10:51:30,7.36,-0.01,3,2208,卖盘
2802,10:51:27,7.37,--,38,28006,买盘
2803,10:51:24,7.37,--,41,30217,买盘
2804,10:51:21,7.37,--,18,13266,买盘
2805,10:51:18,7.37,--,12,8844,买盘
2806,10:51:15,7.37,--,62,45694,买盘
2807,10:51:12,7.37,0.01,15,11055,买盘
2808,10:51:09,7.36,-0.01,96,70656,卖盘
2809,10:51:06,7.37,--,166,122342,买盘
2810,10:51:03,7.37,--,47,34639,买盘
2811,10:51:00,7.37,--,11,8107,买盘
2812,10:50:57,7.37,--,209,154033,买盘
2813,10:50:54,7.37,--,25,18425,买盘
2814,10:50:51,7.37,0.01,209,154033,买盘
2815,10:50:48,7.36,-0.01,49,36064,卖盘
2816,10:50:45,7.37,--,18,13266,买盘
2817,10:50:42,7.37,--,124,91388,买盘
2818,10:50:39,7.37,0.01,9,6633,买盘
2819,10:50:36,7.36,-0.01,46,33856,卖盘
2820,10:50:33,7.37,--,9,6633,买盘
2821,10:50:30,7.37,--,9,6633,买盘
2822,10:50:27,7.37,--,33,24321,买盘
2823,10:50:24,7.37,--,6,4422,买盘
2824,10:50:21,7.37,0.01,14,10318,买盘
2825,10:50:18,7.36,--,11,8096,卖盘
2826,10:50:15,7.36,-0.01,34,25024,卖盘
2827,10:50:12,7.37,--,20,14740,买盘
2828,10:50:09,7.37,0.01,32,23584,买盘
2829,10:50:06,7.36,-0.01,241,177376,卖盘
2830,10:50:03,7.37,--,9,6633,买盘
2831,10:50:00,7.37,0.01,1,737,买盘
2832,10:49:57,7.36,-0.01,18,13248,卖盘
2833,10:49:54,7.37,--,38,28006,买盘
2834,10:49:51,7.37,0.01,894,658878,买盘
2835,10:49:48,7.36,-0.01,7,5152,卖盘
2836,10:49:45,7.37,0.01,14,10318,买盘
2837,10:49:42,7.36,--,38,27968,卖盘
2838,10:49:39,7.36,--,103,75808,卖盘
2839,10:49:33,7.36,-0.01,306,225216,卖盘
2840,10:49:30,7.37,0.01,8,5896,买盘
2841,10:49:27,7.36,-0.01,1,736,卖盘
2842,10:49:24,7.37,--,1,737,买盘
2843,10:49:21,7.37,0.01,18,13266,买盘
2844,10:49:18,7.36,-0.01,11,8096,卖盘
2845,10:49:15,7.37,--,24,17688,买盘
2846,10:49:12,7.37,--,14,10318,买盘
2847,10:49:09,7.37,0.01,1,737,买盘
2848,10:49:06,7.36,-0.01,17,12512,卖盘
2849,10:49:03,7.37,0.01,5,3685,买盘
2850,10:49:00,7.36,-0.01,8,5888,卖盘
2851,10:48:57,7.37,--,11,8107,买盘
2852,10:48:54,7.37,--,8,5896,买盘
2853,10:48:51,7.37,--,14,10318,买盘
2854,10:48:48,7.37,0.01,20,14740,买盘
2855,10:48:45,7.36,-0.01,9,6624,卖盘
2856,10:48:42,7.37,--,36,26532,买盘
2857,10:48:39,7.37,0.01,1,737,买盘
2858,10:48:36,7.36,--,5,3680,卖盘
2859,10:48:27,7.36,-0.01,8,5888,卖盘
2860,10:48:24,7.37,--,249,183513,买盘
2861,10:48:15,7.37,0.01,18,13266,买盘
2862,10:48:12,7.36,--,10,7360,卖盘
2863,10:48:09,7.36,-0.01,15,11040,卖盘
2864,10:48:03,7.37,--,10,7370,买盘
2865,10:48:00,7.37,0.01,5,3685,买盘
2866,10:47:57,7.36,-0.01,106,78016,卖盘
2867,10:47:54,7.37,0.01,49,36113,买盘
2868,10:47:51,7.36,--,5,3680,卖盘
2869,10:47:48,7.36,-0.01,6,4416,卖盘
2870,10:47:45,7.37,0.01,39,28743,买盘
2871,10:47:42,7.36,-0.01,33,24288,卖盘
2872,10:47:39,7.37,0.01,25,18425,买盘
2873,10:47:36,7.36,--,5,3680,卖盘
2874,10:47:24,7.36,--,16,11776,卖盘
2875,10:47:21,7.36,--,87,64032,卖盘
2876,10:47:15,7.36,--,5,3680,卖盘
2877,10:47:12,7.36,--,32,23552,卖盘
2878,10:47:09,7.36,--,19,13984,卖盘
2879,10:47:06,7.36,-0.01,42,30912,卖盘
2880,10:47:03,7.37,0.01,20,14740,买盘
2881,10:47:00,7.36,--,3,2208,卖盘
2882,10:46:54,7.36,--,6,4416,卖盘
2883,10:46:51,7.36,-0.01,20,14720,卖盘
2884,10:46:48,7.37,--,11,8107,买盘
2885,10:46:45,7.37,0.02,184,135608,买盘
2886,10:46:42,7.35,-0.01,151,110985,卖盘
2887,10:46:39,7.36,--,25,18400,买盘
2888,10:46:36,7.36,0.01,114,83904,买盘
2889,10:46:33,7.35,-0.01,1,735,卖盘
2890,10:46:30,7.36,--,10,7360,买盘
2891,10:46:27,7.36,--,24,17664,买盘
2892,10:46:24,7.36,0.01,9,6624,买盘
2893,10:46:21,7.35,-0.01,1,735,卖盘
2894,10:46:18,7.36,--,30,22080,买盘
2895,10:46:15,7.36,0.01,1,736,买盘
2896,10:46:12,7.35,-0.01,87,63945,卖盘
2897,10:46:09,7.36,--,82,60352,买盘
2898,10:46:06,7.36,--,220,161920,买盘
2899,10:46:03,7.36,-0.01,628,462208,卖盘
2900,10:46:00,7.37,0.01,7,5159,买盘
2901,10:45:57,7.36,--,350,257600,卖盘
2902,10:45:54,7.36,--,6,4416,卖盘
2903,10:45:51,7.36,--,25,18400,卖盘
2904,10:45:48,7.36,-0.01,4,2944,卖盘
