,time,price,change,volume,amount,type
0,15:00:03,6.91,0.01,4160,2874933,买盘
1,14:57:00,6.9,--,301,207690,卖盘
2,14:56:57,6.9,--,127,87630,卖盘
3,14:56:54,6.9,-0.01,333,229770,卖盘
4,14:56:51,6.91,--,31,21421,买盘
5,14:56:48,6.91,--,3,2073,买盘
6,14:56:45,6.91,--,25,17275,买盘
7,14:56:42,6.91,0.01,126,87066,买盘
8,14:56:39,6.9,--,33,22770,卖盘
9,14:56:36,6.9,-0.01,66,45540,卖盘
10,14:56:33,6.91,--,9,6219,买盘
11,14:56:30,6.91,--,4,2764,买盘
12,14:56:27,6.91,--,10,6910,买盘
13,14:56:24,6.91,--,294,203154,买盘
14,14:56:21,6.91,--,7,4837,买盘
15,14:56:18,6.91,0.01,104,71864,买盘
16,14:56:15,6.9,-0.01,2,1380,卖盘
17,14:56:09,6.91,--,19,13129,买盘
18,14:56:06,6.91,--,287,198317,买盘
19,14:56:03,6.91,--,131,90521,买盘
20,14:56:00,6.91,0.01,56,38696,买盘
21,14:55:57,6.9,-0.01,241,166290,卖盘
22,14:55:54,6.91,--,152,105032,买盘
23,14:55:51,6.91,0.01,11,7601,买盘
24,14:55:48,6.9,-0.01,20,13800,卖盘
25,14:55:45,6.91,0.01,1,691,买盘
26,14:55:42,6.9,--,120,82800,卖盘
27,14:55:39,6.9,-0.01,6,4140,卖盘
28,14:55:36,6.91,--,26,17966,买盘
29,14:55:33,6.91,--,32,22112,买盘
30,14:55:30,6.91,--,100,69100,买盘
31,14:55:27,6.91,--,230,158930,买盘
32,14:55:24,6.91,--,44,30404,买盘
33,14:55:18,6.91,--,36,24876,买盘
34,14:55:09,6.91,--,91,63198,卖盘
35,14:55:06,6.91,--,40,27640,卖盘
36,14:55:03,6.91,--,106,73246,卖盘
37,14:55:00,6.91,--,184,127144,卖盘
38,14:54:57,6.91,--,37,25567,卖盘
39,14:54:54,6.91,--,7,4837,卖盘
40,14:54:51,6.91,--,47,32477,卖盘
41,14:54:48,6.91,--,36,24876,卖盘
42,14:54:45,6.91,--,602,416355,卖盘
43,14:54:42,6.91,--,92,63572,卖盘
44,14:54:39,6.91,-0.01,441,304731,卖盘
45,14:54:36,6.92,0.01,94,65048,买盘
46,14:54:33,6.91,--,21,14511,卖盘
47,14:54:27,6.91,-0.01,51,35241,卖盘
48,14:54:24,6.92,0.01,7,4844,买盘
49,14:54:21,6.91,-0.01,40,27640,卖盘
50,14:54:18,6.92,--,12,8304,买盘
51,14:54:15,6.92,0.01,33,22836,买盘
52,14:54:12,6.91,--,2,1382,卖盘
53,14:54:09,6.91,--,110,76010,卖盘
54,14:54:06,6.91,-0.01,214,147874,卖盘
55,14:54:03,6.92,--,80,55360,买盘
56,14:54:00,6.92,--,33,22836,买盘
57,14:53:57,6.92,0.01,52,35984,买盘
58,14:53:54,6.91,-0.01,29,20039,卖盘
59,14:53:51,6.92,0.01,71,49132,买盘
60,14:53:48,6.91,-0.01,106,73246,卖盘
61,14:53:45,6.92,0.01,10,6920,买盘
62,14:53:42,6.91,-0.01,38,26258,卖盘
63,14:53:39,6.92,0.01,58,40136,买盘
64,14:53:36,6.91,--,95,65645,卖盘
65,14:53:33,6.91,--,93,64263,卖盘
66,14:53:30,6.91,--,35,24185,卖盘
67,14:53:24,6.91,--,65,44915,卖盘
68,14:53:21,6.91,--,2,1382,卖盘
69,14:53:18,6.91,--,18,12438,卖盘
70,14:53:15,6.91,--,29,20039,卖盘
71,14:53:12,6.91,--,251,173441,卖盘
72,14:53:09,6.91,--,1012,699292,卖盘
73,14:53:06,6.91,--,106,73246,卖盘
74,14:53:03,6.91,--,60,41460,卖盘
75,14:53:00,6.91,--,105,72555,买盘
76,14:52:57,6.91,--,26,17966,买盘
77,14:52:51,6.91,--,27,18657,卖盘
78,14:52:48,6.91,--,48,33168,卖盘
79,14:52:42,6.91,0.01,20,13820,中性盘
80,14:52:39,6.9,-0.01,210,144900,卖盘
81,14:52:36,6.91,--,190,131290,卖盘
82,14:52:33,6.91,--,54,37314,卖盘
83,14:52:30,6.91,--,5,3455,卖盘
84,14:52:27,6.91,-0.01,2,1382,中性盘
85,14:52:24,6.92,0.01,1028,711376,买盘
86,14:52:18,6.91,--,782,540548,卖盘
87,14:52:15,6.91,--,27,18657,卖盘
88,14:52:12,6.91,-0.01,143,98813,卖盘
89,14:52:09,6.92,--,46,31832,买盘
90,14:52:06,6.92,0.01,507,350844,买盘
91,14:52:03,6.91,--,862,595642,卖盘
92,14:52:00,6.91,-0.01,6,4146,卖盘
93,14:51:57,6.92,0.01,43,29756,买盘
94,14:51:54,6.91,--,312,215592,卖盘
95,14:51:51,6.91,--,50,34550,卖盘
96,14:51:45,6.91,--,1030,711730,卖盘
97,14:51:42,6.91,--,33,22803,卖盘
98,14:51:39,6.91,--,66,45606,卖盘
99,14:51:36,6.91,-0.01,393,272226,卖盘
100,14:51:33,6.92,0.01,10,6920,买盘
101,14:51:30,6.91,--,45,31095,卖盘
102,14:51:24,6.91,--,11,7601,卖盘
103,14:51:21,6.91,--,17,11747,卖盘
104,14:51:18,6.91,-0.01,418,288838,卖盘
105,14:51:15,6.92,0.01,10,6920,买盘
106,14:51:12,6.91,--,260,179660,卖盘
107,14:51:09,6.91,-0.01,1006,695146,卖盘
108,14:51:06,6.92,--,37,25604,买盘
109,14:51:03,6.92,0.01,42,29064,买盘
110,14:51:00,6.91,--,100,69100,卖盘
111,14:50:57,6.91,--,9,6219,卖盘
112,14:50:54,6.91,-0.01,1226,847166,卖盘
113,14:50:48,6.92,0.01,294,203448,买盘
114,14:50:45,6.91,--,30,20730,卖盘
115,14:50:42,6.91,--,747,516177,卖盘
116,14:50:39,6.91,--,12,8292,卖盘
117,14:50:36,6.91,-0.01,115,79465,卖盘
118,14:50:33,6.92,--,20,13840,买盘
119,14:50:27,6.92,--,19,13148,买盘
120,14:50:24,6.92,0.01,63,43596,买盘
121,14:50:21,6.91,--,20,13820,卖盘
122,14:50:18,6.91,--,115,79465,卖盘
123,14:50:09,6.91,-0.01,2,1382,卖盘
124,14:50:06,6.92,--,12,8304,买盘
125,14:50:03,6.92,0.01,261,180612,买盘
126,14:50:00,6.91,-0.01,8,5528,卖盘
127,14:49:57,6.92,--,28,19376,买盘
128,14:49:54,6.92,0.01,462,319704,买盘
129,14:49:48,6.91,--,30,20730,卖盘
130,14:49:45,6.91,--,5,3455,卖盘
131,14:49:42,6.91,-0.01,130,89830,卖盘
132,14:49:39,6.92,--,371,256732,买盘
133,14:49:36,6.92,0.01,1000,692000,买盘
134,14:49:33,6.91,-0.01,3,2073,卖盘
135,14:49:30,6.92,--,21,14532,买盘
136,14:49:27,6.92,--,231,159852,买盘
137,14:49:24,6.92,0.01,30,20760,买盘
138,14:49:21,6.91,--,99,68409,卖盘
139,14:49:15,6.91,--,12,8292,卖盘
140,14:49:12,6.91,-0.01,30,20730,卖盘
141,14:49:09,6.92,--,30,20760,买盘
142,14:49:06,6.92,--,538,372296,买盘
143,14:49:03,6.92,--,8,5536,买盘
144,14:48:57,6.92,0.01,76,52592,买盘
145,14:48:54,6.91,-0.01,12,8292,卖盘
146,14:48:51,6.92,--,13,8996,买盘
147,14:48:48,6.92,--,203,140476,买盘
148,14:48:45,6.92,-0.01,2388,1652496,卖盘
149,14:48:42,6.93,0.01,2,1386,买盘
150,14:48:39,6.92,-0.01,1,692,卖盘
151,14:48:36,6.93,--,17,11781,买盘
152,14:48:33,6.93,--,100,69300,买盘
153,14:48:30,6.93,--,71,49203,买盘
154,14:48:27,6.93,--,185,128205,买盘
155,14:48:24,6.93,--,141,97713,买盘
156,14:48:21,6.93,--,83,57519,买盘
157,14:48:18,6.93,--,161,111573,买盘
158,14:48:15,6.93,--,135,93555,买盘
159,14:48:12,6.93,--,71,49203,买盘
160,14:48:09,6.93,-0.01,400,277227,卖盘
161,14:48:06,6.94,0.01,141,97854,买盘
162,14:48:03,6.93,-0.01,111,76923,卖盘
163,14:48:00,6.94,0.01,225,156150,买盘
164,14:47:57,6.93,-0.01,53,36729,卖盘
165,14:47:54,6.94,0.01,32,22208,买盘
166,14:47:51,6.93,--,34,23562,卖盘
167,14:47:48,6.93,--,517,358281,卖盘
168,14:47:45,6.93,-0.01,10,6930,卖盘
169,14:47:42,6.94,0.01,65,45110,买盘
170,14:47:39,6.93,-0.01,1446,1002078,卖盘
171,14:47:36,6.94,0.01,145,100630,买盘
172,14:47:33,6.93,--,88,60984,卖盘
173,14:47:30,6.93,--,43,29799,卖盘
174,14:47:27,6.93,--,40,27720,卖盘
175,14:47:24,6.93,0.01,1841,1276478,买盘
176,14:47:21,6.92,--,10100,6989200,卖盘
177,14:47:15,6.92,-0.01,74,51208,卖盘
178,14:47:12,6.93,0.01,76,52668,买盘
179,14:47:09,6.92,-0.01,6,4152,卖盘
180,14:47:06,6.93,0.01,26,18018,买盘
181,14:47:03,6.92,-0.01,102,70584,卖盘
182,14:47:00,6.93,0.01,90,62370,买盘
183,14:46:57,6.92,--,121,83732,卖盘
184,14:46:54,6.92,-0.01,38,26296,卖盘
185,14:46:51,6.93,0.01,106,73458,买盘
186,14:46:48,6.92,--,28,19376,卖盘
187,14:46:45,6.92,--,10,6920,卖盘
188,14:46:42,6.92,-0.01,42,29064,卖盘
189,14:46:39,6.93,0.01,610,422730,买盘
190,14:46:36,6.92,--,23,15916,卖盘
191,14:46:33,6.92,0.01,148,102416,买盘
192,14:46:30,6.91,--,10036,6934876,卖盘
193,14:46:27,6.91,--,63,43533,卖盘
194,14:46:24,6.91,-0.01,109,75319,卖盘
195,14:46:21,6.92,0.01,31,21452,买盘
196,14:46:18,6.91,--,16,11056,卖盘
197,14:46:15,6.91,--,268,185188,卖盘
198,14:46:12,6.91,--,65,44915,卖盘
199,14:46:06,6.91,-0.01,10,6910,卖盘
200,14:46:03,6.92,--,34,23528,买盘
201,14:46:00,6.92,0.01,31,21452,买盘
202,14:45:57,6.91,--,128,88448,卖盘
203,14:45:54,6.91,-0.01,60,41460,卖盘
204,14:45:51,6.92,0.01,9,6228,买盘
205,14:45:48,6.91,--,21,14511,卖盘
206,14:45:45,6.91,--,42,29022,卖盘
207,14:45:42,6.91,--,53,36623,卖盘
208,14:45:39,6.91,--,8582,5930694,买盘
209,14:45:33,6.91,0.01,51,35241,买盘
210,14:45:30,6.9,-0.01,50,34500,卖盘
211,14:45:27,6.91,0.01,30,20730,买盘
212,14:45:24,6.9,--,26,17940,买盘
213,14:45:21,6.9,-0.01,10,6900,卖盘
214,14:45:18,6.91,--,32,22112,买盘
215,14:45:15,6.91,--,16,11056,买盘
216,14:45:12,6.91,0.01,1116,771156,买盘
217,14:45:09,6.9,--,204,140760,卖盘
218,14:45:06,6.9,-0.01,6,4140,卖盘
219,14:45:03,6.91,0.01,614,424274,买盘
220,14:45:00,6.9,-0.01,370,255300,卖盘
221,14:44:57,6.91,--,486,335826,买盘
222,14:44:51,6.91,--,2,1382,买盘
223,14:44:48,6.91,--,53,36623,买盘
224,14:44:42,6.91,0.01,76,52516,买盘
225,14:44:39,6.9,--,378,260820,买盘
226,14:44:36,6.9,--,183,126270,买盘
227,14:44:33,6.9,--,743,512670,买盘
228,14:44:30,6.9,--,450,310500,买盘
229,14:44:27,6.9,--,25,17250,买盘
230,14:44:24,6.9,0.01,6,4140,买盘
231,14:44:21,6.89,-0.01,40,27560,卖盘
232,14:44:18,6.9,--,35,24150,买盘
233,14:44:15,6.9,0.01,44,30360,买盘
234,14:44:12,6.89,--,28,19292,卖盘
235,14:44:09,6.89,-0.01,2,1378,卖盘
236,14:44:06,6.9,--,1,690,买盘
237,14:44:03,6.9,--,255,175950,买盘
238,14:44:00,6.9,0.01,124,85560,买盘
239,14:43:57,6.89,--,45,31005,卖盘
240,14:43:51,6.89,-0.01,2,1378,卖盘
241,14:43:48,6.9,--,10,6900,买盘
242,14:43:45,6.9,--,4,2760,买盘
243,14:43:39,6.9,--,232,160080,买盘
244,14:43:30,6.9,--,25,17250,买盘
245,14:43:27,6.9,--,123,84870,买盘
246,14:43:24,6.9,--,261,180090,买盘
247,14:43:21,6.9,--,103,71070,买盘
248,14:43:18,6.9,--,1200,828000,买盘
249,14:43:15,6.9,0.01,1,690,买盘
250,14:43:12,6.89,-0.01,151,104039,卖盘
251,14:43:09,6.9,--,794,547860,买盘
252,14:43:03,6.9,0.01,521,359490,买盘
253,14:43:00,6.89,--,20,13780,卖盘
254,14:42:51,6.89,-0.01,15,10335,卖盘
255,14:42:48,6.9,--,67,46230,买盘
256,14:42:39,6.9,--,25,17250,买盘
257,14:42:36,6.9,--,84,57960,买盘
258,14:42:30,6.9,--,2,1380,买盘
259,14:42:27,6.9,--,2,1380,买盘
260,14:42:24,6.9,--,71,48990,买盘
261,14:42:21,6.9,--,68,46920,买盘
262,14:42:18,6.9,--,25,17250,买盘
263,14:42:15,6.9,--,293,202170,买盘
264,14:42:12,6.9,--,594,409860,买盘
265,14:42:09,6.9,--,17,11730,买盘
266,14:42:06,6.9,--,1091,752790,买盘
267,14:42:03,6.9,0.01,29,20010,买盘
268,14:42:00,6.89,--,35,24115,卖盘
269,14:41:51,6.89,-0.01,598,412022,卖盘
270,14:41:48,6.9,0.01,45,31050,买盘
271,14:41:45,6.89,-0.01,6,4134,卖盘
272,14:41:42,6.9,--,16,11040,买盘
273,14:41:39,6.9,--,38,26220,买盘
274,14:41:36,6.9,--,22,15180,买盘
275,14:41:33,6.9,--,18,12420,买盘
276,14:41:30,6.9,--,27,18630,买盘
277,14:41:27,6.9,--,36,24840,买盘
278,14:41:24,6.9,--,17,11730,买盘
279,14:41:21,6.9,0.01,335,231150,买盘
280,14:41:18,6.89,-0.01,20,13780,卖盘
281,14:41:15,6.9,--,48,33120,买盘
282,14:41:12,6.9,0.01,8,5520,买盘
283,14:41:06,6.89,--,8,5512,卖盘
284,14:41:03,6.89,-0.01,67,46163,卖盘
285,14:41:00,6.9,--,4,2760,买盘
286,14:40:57,6.9,--,131,90390,买盘
287,14:40:54,6.9,--,16,11040,买盘
288,14:40:51,6.9,--,16,11040,买盘
289,14:40:45,6.9,--,16,11040,买盘
290,14:40:42,6.9,--,10,6900,买盘
291,14:40:39,6.9,--,161,111090,买盘
292,14:40:36,6.9,--,668,460920,买盘
293,14:40:33,6.9,0.01,153,105570,买盘
294,14:40:30,6.89,-0.01,1519,1046591,卖盘
295,14:40:24,6.9,0.01,365,251850,买盘
296,14:40:21,6.89,-0.01,81,55809,卖盘
297,14:40:12,6.9,--,47,32430,买盘
298,14:40:06,6.9,--,10,6900,买盘
299,14:40:03,6.9,--,32,22080,买盘
300,14:40:00,6.9,--,43,29670,买盘
301,14:39:48,6.9,0.01,228,157320,买盘
302,14:39:39,6.89,-0.01,43,29627,卖盘
303,14:39:36,6.9,--,22,15180,买盘
304,14:39:33,6.9,--,265,182850,买盘
305,14:39:30,6.9,--,9,6210,买盘
306,14:39:24,6.9,--,15,10350,买盘
307,14:39:21,6.9,--,28,19320,买盘
308,14:39:18,6.9,--,43,29670,买盘
309,14:39:15,6.9,--,33,22770,买盘
310,14:39:09,6.9,--,130,89700,买盘
311,14:39:06,6.9,--,12,8280,买盘
312,14:39:00,6.9,--,3,2070,买盘
313,14:38:57,6.9,0.01,101,69690,买盘
314,14:38:54,6.89,-0.01,40,27560,卖盘
315,14:38:51,6.9,--,20,13800,买盘
316,14:38:48,6.9,--,1,690,买盘
317,14:38:42,6.9,0.01,30,20700,买盘
318,14:38:39,6.89,-0.01,210,144690,卖盘
319,14:38:36,6.9,0.01,23,15870,买盘
320,14:38:33,6.89,-0.01,4,2756,卖盘
321,14:38:30,6.9,--,18,12420,买盘
322,14:38:27,6.9,--,4,2760,买盘
323,14:38:24,6.9,--,388,267720,买盘
324,14:38:18,6.9,--,17,11730,买盘
325,14:38:15,6.9,--,95,65550,买盘
326,14:38:12,6.9,--,130,89700,买盘
327,14:38:09,6.9,--,8,5520,买盘
328,14:38:06,6.9,--,128,88320,买盘
329,14:38:03,6.9,0.01,20,13800,买盘
330,14:38:00,6.89,-0.01,5000,3445000,卖盘
331,14:37:57,6.9,--,39,26910,买盘
332,14:37:54,6.9,--,100,69000,买盘
333,14:37:51,6.9,--,94,64860,买盘
334,14:37:48,6.9,--,298,205620,买盘
335,14:37:45,6.9,--,52,35880,买盘
336,14:37:42,6.9,--,171,117990,买盘
337,14:37:39,6.9,--,50,34500,买盘
338,14:37:36,6.9,0.01,40,27600,买盘
339,14:37:33,6.89,-0.01,6,4134,卖盘
340,14:37:30,6.9,--,36,24840,买盘
341,14:37:27,6.9,--,144,99360,买盘
342,14:37:24,6.9,--,34,23460,买盘
343,14:37:18,6.9,0.01,17,11730,买盘
344,14:37:12,6.89,--,60,41340,卖盘
345,14:37:09,6.89,-0.01,13,8957,卖盘
346,14:37:06,6.9,--,3,2070,买盘
347,14:37:00,6.9,--,34,23460,买盘
348,14:36:57,6.9,0.01,66,45540,买盘
349,14:36:54,6.89,--,127,87503,卖盘
350,14:36:48,6.89,--,9,6201,卖盘
351,14:36:45,6.89,--,70,48230,卖盘
352,14:36:33,6.89,-0.01,17,11713,卖盘
353,14:36:30,6.9,--,22,15180,买盘
354,14:36:27,6.9,--,9,6210,买盘
355,14:36:18,6.9,0.01,38,26220,买盘
356,14:36:15,6.89,-0.01,711,489879,卖盘
357,14:36:12,6.9,--,60,41400,买盘
358,14:36:09,6.9,--,30,20700,买盘
359,14:36:06,6.9,--,2,1380,买盘
360,14:36:03,6.9,--,28,19320,买盘
361,14:35:57,6.9,--,33,22770,买盘
362,14:35:54,6.9,0.01,2,1380,买盘
363,14:35:51,6.89,--,444,305916,卖盘
364,14:35:45,6.89,-0.01,36,24804,卖盘
365,14:35:39,6.9,--,38,26220,买盘
366,14:35:36,6.9,0.01,40,27600,买盘
367,14:35:30,6.89,--,104,71656,卖盘
368,14:35:27,6.89,-0.01,622,428558,卖盘
369,14:35:24,6.9,0.01,168,115920,买盘
370,14:35:21,6.89,-0.01,478,329342,卖盘
371,14:35:18,6.9,--,34,23460,买盘
372,14:35:12,6.9,0.01,40,27600,买盘
373,14:35:09,6.89,-0.01,10,6890,卖盘
374,14:35:06,6.9,--,2,1380,买盘
375,14:35:03,6.9,0.01,28,19320,买盘
376,14:35:00,6.89,--,30,20670,卖盘
377,14:34:57,6.89,-0.01,360,248040,卖盘
378,14:34:54,6.9,0.01,47,32430,买盘
379,14:34:48,6.89,-0.01,160,110240,卖盘
380,14:34:45,6.9,--,27,18630,买盘
381,14:34:42,6.9,--,118,81420,买盘
382,14:34:39,6.9,--,255,175950,买盘
383,14:34:36,6.9,--,281,193890,买盘
384,14:34:33,6.9,--,109,75210,买盘
385,14:34:30,6.9,--,69,47610,买盘
386,14:34:27,6.9,--,83,57270,买盘
387,14:34:24,6.9,0.01,47,32430,买盘
388,14:34:21,6.89,-0.01,85,58565,卖盘
389,14:34:15,6.9,--,2012,1388280,买盘
390,14:34:12,6.9,0.01,255,175950,买盘
391,14:34:09,6.89,-0.01,43,29627,卖盘
392,14:34:06,6.9,--,546,376740,买盘
393,14:34:03,6.9,--,42,28980,买盘
394,14:34:00,6.9,--,27,18630,买盘
395,14:33:54,6.9,--,1,690,买盘
396,14:33:51,6.9,--,29,20010,买盘
397,14:33:45,6.9,0.01,15,10350,买盘
398,14:33:42,6.89,--,57,39273,卖盘
399,14:33:39,6.89,-0.01,40,27560,卖盘
400,14:33:36,6.9,--,170,117300,买盘
401,14:33:33,6.9,--,13,8970,买盘
402,14:33:30,6.9,--,80,55200,买盘
403,14:33:27,6.9,--,23,15870,买盘
404,14:33:24,6.9,0.01,20,13800,买盘
405,14:33:21,6.89,--,100,68900,卖盘
406,14:33:15,6.89,-0.01,75,51675,卖盘
407,14:33:12,6.9,0.01,139,95910,买盘
408,14:33:09,6.89,--,20,13780,卖盘
409,14:33:06,6.89,-0.01,25,17225,卖盘
410,14:33:03,6.9,--,156,107640,买盘
411,14:33:00,6.9,0.01,26,17940,买盘
412,14:32:57,6.89,--,1013,697957,卖盘
413,14:32:54,6.89,-0.01,17,11713,卖盘
414,14:32:51,6.9,0.01,124,85560,买盘
415,14:32:48,6.89,--,1,689,卖盘
416,14:32:45,6.89,-0.01,550,378950,卖盘
417,14:32:42,6.9,--,101,69690,买盘
418,14:32:39,6.9,--,11,7590,买盘
419,14:32:36,6.9,--,95,65550,买盘
420,14:32:33,6.9,--,116,80040,买盘
421,14:32:30,6.9,0.01,26,17940,买盘
422,14:32:27,6.89,--,1000,689000,卖盘
423,14:32:24,6.89,-0.01,5,3445,卖盘
424,14:32:21,6.9,0.01,254,175260,买盘
425,14:32:18,6.89,--,2,1378,卖盘
426,14:32:09,6.89,-0.01,52,35828,卖盘
427,14:32:06,6.9,0.01,8,5520,买盘
428,14:32:03,6.89,-0.01,10,6890,卖盘
429,14:32:00,6.9,0.01,2,1380,买盘
430,14:31:57,6.89,-0.01,12,8268,卖盘
431,14:31:54,6.9,--,18,12420,买盘
432,14:31:48,6.9,0.01,61,42090,买盘
433,14:31:42,6.89,-0.01,82,56498,卖盘
434,14:31:39,6.9,0.01,8,5520,买盘
435,14:31:33,6.89,-0.01,41,28249,卖盘
436,14:31:30,6.9,0.01,1,690,买盘
437,14:31:21,6.89,-0.01,77,53053,卖盘
438,14:31:18,6.9,--,116,80040,卖盘
439,14:31:15,6.9,--,50,34500,卖盘
440,14:31:12,6.9,--,43,29670,卖盘
441,14:31:09,6.9,-0.01,40,27600,卖盘
442,14:31:06,6.91,0.01,258,178278,买盘
443,14:30:57,6.9,--,25,17250,卖盘
444,14:30:54,6.9,--,10,6900,卖盘
445,14:30:51,6.9,-0.01,5,3450,卖盘
446,14:30:48,6.91,--,683,471953,买盘
447,14:30:45,6.91,0.01,100,69100,买盘
448,14:30:42,6.9,-0.01,1024,706560,卖盘
449,14:30:39,6.91,--,46,31786,买盘
450,14:30:36,6.91,--,3,2073,买盘
451,14:30:30,6.91,0.01,4,2764,买盘
452,14:30:24,6.9,-0.01,10,6900,卖盘
453,14:30:21,6.91,0.01,72,49752,买盘
454,14:30:18,6.9,-0.01,39,26910,卖盘
455,14:30:15,6.91,0.01,19,13129,买盘
456,14:30:12,6.9,--,8,5520,卖盘
457,14:30:09,6.9,--,30,20700,卖盘
458,14:30:06,6.9,-0.01,40,27600,卖盘
459,14:30:03,6.91,--,40,27640,买盘
460,14:29:54,6.91,0.01,3,2073,买盘
461,14:29:48,6.9,--,7,4830,卖盘
462,14:29:45,6.9,-0.01,1,690,卖盘
463,14:29:42,6.91,--,12,8292,买盘
464,14:29:39,6.91,--,20,13820,买盘
465,14:29:33,6.91,--,2,1382,买盘
466,14:29:30,6.91,--,50,34550,买盘
467,14:29:27,6.91,--,8,5528,买盘
468,14:29:21,6.91,--,20,13820,买盘
469,14:29:18,6.91,--,7,4837,买盘
470,14:29:15,6.91,--,16,11056,买盘
471,14:29:09,6.91,0.01,9,6219,买盘
472,14:29:06,6.9,-0.01,39,26910,卖盘
473,14:29:03,6.91,--,4,2764,买盘
474,14:29:00,6.91,--,17,11747,买盘
475,14:28:57,6.91,--,48,33168,买盘
476,14:28:54,6.91,--,359,248069,买盘
477,14:28:51,6.91,0.01,8,5528,买盘
478,14:28:48,6.9,-0.01,30,20700,卖盘
479,14:28:45,6.91,--,65,44915,买盘
480,14:28:42,6.91,--,1,691,买盘
481,14:28:39,6.91,--,2,1382,买盘
482,14:28:36,6.91,--,50,34550,买盘
483,14:28:30,6.91,0.01,31,21421,买盘
484,14:28:27,6.9,-0.01,15,10350,卖盘
485,14:28:24,6.91,0.01,30,20730,买盘
486,14:28:21,6.9,-0.01,2,1380,卖盘
487,14:28:18,6.91,--,2,1382,买盘
488,14:28:15,6.91,--,15,10365,买盘
489,14:28:12,6.91,--,28,19348,买盘
490,14:28:06,6.91,--,80,55280,买盘
491,14:28:03,6.91,--,5,3455,买盘
492,14:28:00,6.91,--,3,2073,买盘
493,14:27:57,6.91,--,32,22112,买盘
494,14:27:54,6.91,--,19,13129,买盘
495,14:27:51,6.91,0.01,4,2764,买盘
496,14:27:48,6.9,--,51,35190,卖盘
497,14:27:42,6.9,-0.01,4,2760,卖盘
498,14:27:39,6.91,0.01,29,20039,买盘
499,14:27:36,6.9,-0.01,36,24840,卖盘
500,14:27:33,6.91,--,15,10365,买盘
501,14:27:30,6.91,--,161,111251,买盘
502,14:27:27,6.91,--,83,57353,买盘
503,14:27:24,6.91,--,16,11056,买盘
504,14:27:21,6.91,--,8,5528,买盘
505,14:27:18,6.91,--,61,42151,买盘
506,14:27:15,6.91,--,251,173441,买盘
507,14:27:12,6.91,--,10,6910,买盘
508,14:27:09,6.91,--,20,13820,买盘
509,14:27:06,6.91,0.01,262,181042,买盘
510,14:27:03,6.9,-0.01,10,6900,卖盘
511,14:27:00,6.91,0.01,3,2073,买盘
512,14:26:57,6.9,-0.01,26,17940,卖盘
513,14:26:51,6.91,0.01,9,6219,买盘
514,14:26:48,6.9,-0.01,14,9660,卖盘
515,14:26:42,6.91,0.01,10,6910,买盘
516,14:26:39,6.9,-0.01,55,37950,卖盘
517,14:26:36,6.91,--,102,70482,买盘
518,14:26:33,6.91,0.01,8,5528,买盘
519,14:26:30,6.9,--,11,7590,卖盘
520,14:26:27,6.9,--,10,6900,卖盘
521,14:26:24,6.9,--,20,13800,卖盘
522,14:26:21,6.9,-0.01,10,6900,卖盘
523,14:26:18,6.91,0.01,2,1382,买盘
524,14:26:12,6.9,--,442,304980,卖盘
525,14:26:09,6.9,-0.01,31,21390,卖盘
526,14:26:06,6.91,0.01,56,38696,买盘
527,14:26:03,6.9,-0.01,260,179400,卖盘
528,14:26:00,6.91,0.01,1,691,买盘
529,14:25:57,6.9,--,1,690,卖盘
530,14:25:54,6.9,--,9,6210,卖盘
531,14:25:48,6.9,--,103,71070,卖盘
532,14:25:42,6.9,-0.01,10,6900,卖盘
533,14:25:39,6.91,--,42,29022,买盘
534,14:25:36,6.91,0.01,111,76701,买盘
535,14:25:30,6.9,--,44,30360,卖盘
536,14:25:27,6.9,--,349,240810,卖盘
537,14:25:24,6.9,-0.01,38,26220,卖盘
538,14:25:21,6.91,0.01,12,8292,买盘
539,14:25:18,6.9,-0.01,1,690,卖盘
540,14:25:15,6.91,--,20,13820,买盘
541,14:25:12,6.91,--,7,4837,买盘
542,14:25:09,6.91,--,12,8292,买盘
543,14:25:06,6.91,--,61,42151,买盘
544,14:25:03,6.91,0.01,78,53898,买盘
545,14:24:57,6.9,--,41,28290,卖盘
546,14:24:54,6.9,--,19,13110,卖盘
547,14:24:51,6.9,-0.01,145,100050,卖盘
548,14:24:48,6.91,--,198,136818,买盘
549,14:24:45,6.91,0.01,10,6910,买盘
550,14:24:42,6.9,-0.01,5,3450,卖盘
551,14:24:39,6.91,--,18,12438,买盘
552,14:24:36,6.91,0.01,9,6219,买盘
553,14:24:33,6.9,--,3,2070,卖盘
554,14:24:30,6.9,--,232,160080,卖盘
555,14:24:24,6.9,--,55,37950,卖盘
556,14:24:21,6.9,-0.01,36,24840,卖盘
557,14:24:18,6.91,0.01,2,1382,买盘
558,14:24:15,6.9,--,10,6900,卖盘
559,14:24:12,6.9,-0.01,867,598230,卖盘
560,14:24:09,6.91,--,9,6219,买盘
561,14:24:06,6.91,0.01,30,20730,买盘
562,14:24:03,6.9,--,76,52440,卖盘
563,14:24:00,6.9,--,67,46230,卖盘
564,14:23:57,6.9,--,43,29670,卖盘
565,14:23:51,6.9,-0.01,11,7590,卖盘
566,14:23:48,6.91,0.01,204,140964,买盘
567,14:23:45,6.9,-0.01,25,17250,卖盘
568,14:23:42,6.91,--,34,23494,买盘
569,14:23:36,6.91,--,81,55971,买盘
570,14:23:33,6.91,--,198,136818,买盘
571,14:23:30,6.91,--,21,14511,买盘
572,14:23:27,6.91,0.01,997,688927,买盘
573,14:23:21,6.9,-0.01,21,14490,卖盘
574,14:23:18,6.91,--,77,53207,买盘
575,14:23:15,6.91,--,10,6910,买盘
576,14:23:12,6.91,--,29,20039,买盘
577,14:23:09,6.91,--,31,21421,买盘
578,14:23:06,6.91,--,81,55971,买盘
579,14:22:57,6.91,0.01,18,12438,买盘
580,14:22:54,6.9,-0.01,15,10350,卖盘
581,14:22:51,6.91,0.01,25,17275,买盘
582,14:22:48,6.9,--,31,21390,卖盘
583,14:22:45,6.9,-0.01,323,222870,卖盘
584,14:22:42,6.91,--,5,3455,买盘
585,14:22:39,6.91,0.01,64,44224,买盘
586,14:22:36,6.9,-0.01,39,26910,卖盘
587,14:22:33,6.91,0.01,6,4146,买盘
588,14:22:30,6.9,-0.01,45,31050,卖盘
589,14:22:27,6.91,0.01,1,691,买盘
590,14:22:24,6.9,-0.01,20,13800,卖盘
591,14:22:21,6.91,--,48,33168,买盘
592,14:22:18,6.91,--,2,1382,买盘
593,14:22:15,6.91,--,33,22803,买盘
594,14:22:12,6.91,0.01,92,63572,买盘
595,14:22:06,6.9,-0.01,72,49680,卖盘
596,14:22:03,6.91,0.01,30,20730,买盘
597,14:22:00,6.9,-0.01,85,58650,卖盘
598,14:21:57,6.91,--,22,15202,买盘
599,14:21:54,6.91,--,27,18657,买盘
600,14:21:48,6.91,--,3,2073,买盘
601,14:21:45,6.91,--,211,145801,买盘
602,14:21:42,6.91,--,51,35241,买盘
603,14:21:39,6.91,--,1,691,买盘
604,14:21:36,6.91,0.01,62,42842,买盘
605,14:21:33,6.9,-0.01,370,255300,卖盘
606,14:21:30,6.91,0.01,3,2073,买盘
607,14:21:27,6.9,--,10,6900,卖盘
608,14:21:24,6.9,--,5,3450,卖盘
609,14:21:21,6.9,-0.01,244,168360,卖盘
610,14:21:15,6.91,--,1,691,买盘
611,14:21:09,6.91,--,2,1382,买盘
612,14:21:06,6.91,0.01,42,29022,买盘
613,14:21:03,6.9,-0.01,60,41400,卖盘
614,14:20:57,6.91,--,43,29713,买盘
615,14:20:54,6.91,--,63,43533,买盘
616,14:20:51,6.91,--,40,27640,买盘
617,14:20:48,6.91,0.01,1,691,买盘
618,14:20:45,6.9,-0.01,882,608580,卖盘
619,14:20:42,6.91,--,35,24185,买盘
620,14:20:39,6.91,0.01,1,691,买盘
621,14:20:36,6.9,--,22,15180,卖盘
622,14:20:33,6.9,-0.01,49,33810,卖盘
623,14:20:30,6.91,--,28,19348,买盘
624,14:20:27,6.91,--,105,72555,买盘
625,14:20:24,6.91,--,1120,773920,买盘
626,14:20:21,6.91,--,16,11056,买盘
627,14:20:18,6.91,--,30,20730,买盘
628,14:20:15,6.91,--,221,152711,卖盘
629,14:20:09,6.91,--,60,41460,卖盘
630,14:20:06,6.91,--,38,26258,卖盘
631,14:20:03,6.91,--,12,8292,卖盘
632,14:20:00,6.91,--,251,173441,买盘
633,14:19:57,6.91,--,503,347573,买盘
634,14:19:54,6.91,--,13,8983,买盘
635,14:19:51,6.91,0.01,20,13820,买盘
636,14:19:45,6.9,-0.01,204,140760,卖盘
637,14:19:36,6.91,--,6,4146,买盘
638,14:19:30,6.91,-0.01,113,78083,卖盘
639,14:19:27,6.92,0.01,309,213828,买盘
640,14:19:21,6.91,--,537,371067,卖盘
641,14:19:18,6.91,--,3,2073,卖盘
642,14:19:15,6.91,--,100,69100,卖盘
643,14:19:09,6.91,--,20,13820,卖盘
644,14:19:06,6.91,--,36,24876,卖盘
645,14:19:03,6.91,--,56,38696,卖盘
646,14:19:00,6.91,-0.01,42,29022,卖盘
647,14:18:57,6.92,--,419,289948,买盘
648,14:18:54,6.92,0.01,9,6228,买盘
649,14:18:51,6.91,--,10,6910,卖盘
650,14:18:48,6.91,--,677,467807,买盘
651,14:18:45,6.91,--,242,167222,买盘
652,14:18:42,6.91,--,26,17966,买盘
653,14:18:39,6.91,--,218,150638,买盘
654,14:18:36,6.91,--,500,345500,买盘
655,14:18:30,6.91,--,61,42151,买盘
656,14:18:27,6.91,--,7,4837,买盘
657,14:18:24,6.91,0.01,7,4837,买盘
658,14:18:21,6.9,-0.01,122,84180,卖盘
659,14:18:18,6.91,0.01,58,40078,买盘
660,14:18:15,6.9,-0.01,60,41400,卖盘
661,14:18:06,6.91,--,63,43533,买盘
662,14:18:03,6.91,0.01,31,21421,买盘
663,14:18:00,6.9,-0.01,10,6900,卖盘
664,14:17:57,6.91,--,407,281237,买盘
665,14:17:54,6.91,0.01,2,1382,买盘
666,14:17:51,6.9,-0.01,1,690,卖盘
667,14:17:45,6.91,--,299,206609,买盘
668,14:17:42,6.91,--,477,329607,买盘
669,14:17:36,6.91,--,6,4146,买盘
670,14:17:33,6.91,--,10,6910,买盘
671,14:17:30,6.91,--,11,7601,买盘
672,14:17:27,6.91,--,2,1382,买盘
673,14:17:24,6.91,--,7,4837,买盘
674,14:17:21,6.91,0.01,94,64954,买盘
675,14:17:18,6.9,-0.01,1,690,卖盘
676,14:17:15,6.91,--,243,167913,卖盘
677,14:17:12,6.91,--,487,336517,买盘
678,14:17:09,6.91,--,575,397325,买盘
679,14:17:03,6.91,--,43,29713,买盘
680,14:17:00,6.91,-0.01,68,46988,卖盘
681,14:16:57,6.92,0.01,524,362608,买盘
682,14:16:54,6.91,-0.01,5,3455,卖盘
683,14:16:51,6.92,--,2,1384,买盘
684,14:16:48,6.92,0.01,1,692,买盘
685,14:16:45,6.91,-0.01,186,128526,卖盘
686,14:16:42,6.92,0.01,27,18684,买盘
687,14:16:39,6.91,-0.01,22,15202,卖盘
688,14:16:36,6.92,0.01,1,692,买盘
689,14:16:33,6.91,-0.01,63,43533,卖盘
690,14:16:30,6.92,--,43,29756,买盘
691,14:16:27,6.92,0.01,1,692,买盘
692,14:16:21,6.91,--,702,485082,买盘
693,14:16:12,6.91,--,201,138891,买盘
694,14:16:09,6.91,--,2010,1388910,买盘
695,14:16:06,6.91,--,1390,960490,卖盘
696,14:16:03,6.91,--,34,23494,卖盘
697,14:16:00,6.91,-0.01,15,10365,卖盘
698,14:15:57,6.92,--,12,8304,买盘
699,14:15:54,6.92,--,398,275416,买盘
700,14:15:48,6.92,0.01,2,1384,买盘
701,14:15:45,6.91,--,200,138200,卖盘
702,14:15:39,6.91,--,256,176896,买盘
703,14:15:36,6.91,0.01,1,691,买盘
704,14:15:33,6.9,-0.01,40,27600,卖盘
705,14:15:30,6.91,--,65,44915,买盘
706,14:15:27,6.91,--,29,20039,买盘
707,14:15:24,6.91,--,83,57353,买盘
708,14:15:21,6.91,--,112,77392,买盘
709,14:15:18,6.91,0.01,3,2073,买盘
710,14:15:15,6.9,-0.01,40,27600,卖盘
711,14:15:09,6.91,--,3,2073,买盘
712,14:15:03,6.91,--,52,35932,买盘
713,14:15:00,6.91,-0.01,225,155475,卖盘
714,14:14:57,6.92,--,8,5536,买盘
715,14:14:54,6.92,0.01,1412,977104,买盘
716,14:14:51,6.91,--,169,116779,卖盘
717,14:14:48,6.91,0.01,367,253597,买盘
718,14:14:45,6.9,-0.01,184,126960,卖盘
719,14:14:42,6.91,0.01,123,84993,买盘
720,14:14:39,6.9,-0.01,5,3450,卖盘
721,14:14:36,6.91,--,1,691,买盘
722,14:14:33,6.91,--,49,33859,买盘
723,14:14:30,6.91,--,54,37314,买盘
724,14:14:27,6.91,--,38,26258,买盘
725,14:14:24,6.91,--,17,11747,买盘
726,14:14:21,6.91,-0.01,66,45606,卖盘
727,14:14:18,6.92,0.01,88,60896,买盘
728,14:14:15,6.91,--,29,20039,买盘
729,14:14:12,6.91,--,20,13820,买盘
730,14:14:09,6.91,--,523,361393,买盘
731,14:14:03,6.91,--,36,24876,买盘
732,14:14:00,6.91,0.01,28,19348,买盘
733,14:13:54,6.9,-0.01,403,278070,卖盘
734,14:13:51,6.91,--,19,13129,买盘
735,14:13:48,6.91,--,20,13820,买盘
736,14:13:45,6.91,--,243,167913,买盘
737,14:13:42,6.91,0.01,59,40769,买盘
738,14:13:36,6.9,-0.01,41,28290,卖盘
739,14:13:33,6.91,--,7,4837,买盘
740,14:13:30,6.91,--,100,69100,买盘
741,14:13:27,6.91,--,53,36623,买盘
742,14:13:24,6.91,--,16,11056,买盘
743,14:13:21,6.91,--,1,691,买盘
744,14:13:18,6.91,--,60,41460,买盘
745,14:13:15,6.91,0.01,34,23494,买盘
746,14:13:12,6.9,-0.01,10,6900,卖盘
747,14:13:09,6.91,0.01,51,35241,买盘
748,14:13:06,6.9,-0.01,9,6210,卖盘
749,14:13:03,6.91,--,31,21421,买盘
750,14:12:57,6.91,0.01,23,15893,买盘
751,14:12:54,6.9,--,429,296010,卖盘
752,14:12:51,6.9,-0.01,38,26220,卖盘
753,14:12:48,6.91,0.01,30,20730,买盘
754,14:12:45,6.9,-0.01,184,126960,卖盘
755,14:12:39,6.91,--,46,31786,买盘
756,14:12:36,6.91,0.01,2,1382,买盘
757,14:12:33,6.9,-0.01,118,81420,卖盘
758,14:12:30,6.91,0.01,48,33168,买盘
759,14:12:27,6.9,-0.01,1004,692760,卖盘
760,14:12:24,6.91,--,7,4837,买盘
761,14:12:21,6.91,0.01,34,23494,买盘
762,14:12:18,6.9,--,32,22080,卖盘
763,14:12:15,6.9,--,208,143520,卖盘
764,14:12:09,6.9,-0.01,127,87630,卖盘
765,14:12:06,6.91,--,14,9674,买盘
766,14:12:03,6.91,0.01,30,20730,买盘
767,14:12:00,6.9,--,26,17940,卖盘
768,14:11:57,6.9,--,104,71760,买盘
769,14:11:54,6.9,--,162,111780,卖盘
770,14:11:51,6.9,--,148,102120,卖盘
771,14:11:48,6.9,-0.01,198,136620,卖盘
772,14:11:45,6.91,0.01,249,172059,买盘
773,14:11:42,6.9,--,155,106950,卖盘
774,14:11:39,6.9,-0.01,100,69000,卖盘
775,14:11:36,6.91,0.01,64,44224,买盘
776,14:11:33,6.9,--,289,199410,卖盘
777,14:11:24,6.9,--,19,13110,卖盘
778,14:11:21,6.9,-0.01,116,80040,卖盘
779,14:11:18,6.91,0.01,1,691,买盘
780,14:11:12,6.9,--,72,49680,卖盘
781,14:11:09,6.9,0.01,224,154560,买盘
782,14:11:06,6.89,-0.01,3,2067,卖盘
783,14:11:03,6.9,--,38,26220,买盘
784,14:10:57,6.9,--,2,1380,买盘
785,14:10:54,6.9,0.01,100,69000,买盘
786,14:10:51,6.89,-0.01,139,95771,卖盘
787,14:10:48,6.9,--,8,5520,卖盘
788,14:10:45,6.9,--,212,146280,卖盘
789,14:10:42,6.9,-0.01,48,33120,卖盘
790,14:10:36,6.91,--,14,9674,买盘
791,14:10:33,6.91,--,18,12438,买盘
792,14:10:30,6.91,0.01,1,691,买盘
793,14:10:27,6.9,0.01,602,415380,买盘
794,14:10:18,6.89,-0.01,21,14469,卖盘
795,14:10:15,6.9,--,10,6900,买盘
796,14:10:12,6.9,--,2,1380,买盘
797,14:10:09,6.9,--,48,33120,买盘
798,14:10:06,6.9,--,75,51750,买盘
799,14:10:03,6.9,--,2859,1972710,卖盘
800,14:10:00,6.9,-0.01,4,2760,卖盘
801,14:09:57,6.91,--,24,16584,买盘
802,14:09:54,6.91,-0.01,715,494065,卖盘
803,14:09:51,6.92,0.01,2,1384,买盘
804,14:09:48,6.91,--,42,29022,卖盘
805,14:09:45,6.91,0.01,399,275709,买盘
806,14:09:42,6.9,--,30,20700,卖盘
807,14:09:39,6.9,-0.01,45,31050,卖盘
808,14:09:36,6.91,0.01,1,691,买盘
809,14:09:33,6.9,-0.01,1,690,卖盘
810,14:09:27,6.91,--,12,8292,买盘
811,14:09:24,6.91,--,27,18657,卖盘
812,14:09:18,6.91,--,136,93976,卖盘
813,14:09:12,6.91,0.01,988,682708,买盘
814,14:09:09,6.9,--,50,34500,卖盘
815,14:09:06,6.9,--,60,41400,卖盘
816,14:09:03,6.9,--,41,28290,卖盘
817,14:09:00,6.9,-0.01,520,358800,卖盘
818,14:08:57,6.91,0.01,40,27640,买盘
819,14:08:54,6.9,--,14,9660,卖盘
820,14:08:51,6.9,-0.01,15,10350,卖盘
821,14:08:39,6.91,-0.01,99,68409,卖盘
822,14:08:36,6.92,0.01,5,3460,买盘
823,14:08:33,6.91,--,49,33859,卖盘
824,14:08:30,6.91,--,82,56662,卖盘
825,14:08:27,6.91,--,25,17275,卖盘
826,14:08:21,6.91,-0.01,2072,1431752,卖盘
827,14:08:18,6.92,--,1,692,买盘
828,14:08:15,6.92,0.01,11,7612,买盘
829,14:08:12,6.91,--,6,4146,卖盘
830,14:08:09,6.91,--,12,8292,卖盘
831,14:08:06,6.91,--,50,34550,卖盘
832,14:08:03,6.91,--,143,98813,卖盘
833,14:08:00,6.91,-0.01,113,78083,卖盘
834,14:07:57,6.92,--,84,58128,买盘
835,14:07:54,6.92,0.01,9,6228,买盘
836,14:07:51,6.91,--,25,17275,卖盘
837,14:07:48,6.91,-0.01,67,46297,卖盘
838,14:07:45,6.92,0.01,60,41520,买盘
839,14:07:42,6.91,-0.01,46,31786,卖盘
840,14:07:39,6.92,--,70,48440,买盘
841,14:07:36,6.92,--,10,6920,买盘
842,14:07:33,6.92,--,11,7612,买盘
843,14:07:27,6.92,--,7,4844,买盘
844,14:07:24,6.92,--,229,158468,卖盘
845,14:07:21,6.92,-0.01,210,145320,卖盘
846,14:07:18,6.93,0.01,81,56133,买盘
847,14:07:15,6.92,--,110,76120,卖盘
848,14:07:12,6.92,-0.01,10,6920,卖盘
849,14:07:09,6.93,0.01,21,14553,买盘
850,14:07:06,6.92,--,145,100340,卖盘
851,14:07:03,6.92,-0.01,80,55360,卖盘
852,14:07:00,6.93,0.01,5,3465,买盘
853,14:06:57,6.92,-0.01,139,96188,卖盘
854,14:06:54,6.93,0.01,29,20097,买盘
855,14:06:51,6.92,--,100,69200,卖盘
856,14:06:48,6.92,-0.01,3,2076,卖盘
857,14:06:45,6.93,0.01,11,7623,买盘
858,14:06:42,6.92,--,119,82348,卖盘
859,14:06:39,6.92,-0.01,10,6920,卖盘
860,14:06:36,6.93,0.01,2,1386,买盘
861,14:06:33,6.92,-0.01,11,7612,卖盘
862,14:06:30,6.93,0.01,1,693,买盘
863,14:06:27,6.92,--,130,89960,卖盘
864,14:06:24,6.92,-0.01,2,1384,卖盘
865,14:06:21,6.93,0.01,26,18018,买盘
866,14:06:18,6.92,-0.01,208,143936,卖盘
867,14:06:15,6.93,--,35,24255,买盘
868,14:06:12,6.93,0.01,13,9009,买盘
869,14:06:09,6.92,--,41,28372,卖盘
870,14:06:06,6.92,--,368,254656,买盘
871,14:06:03,6.92,--,45,31140,买盘
872,14:06:00,6.92,-0.01,205,142026,卖盘
873,14:05:57,6.93,0.01,315,218821,买盘
874,14:05:54,6.92,--,109,75428,买盘
875,14:05:51,6.92,--,245,169540,买盘
876,14:05:48,6.92,--,36,24912,买盘
877,14:05:45,6.92,-0.01,853,590442,卖盘
878,14:05:42,6.93,--,86,59598,买盘
879,14:05:39,6.93,0.01,3,2079,买盘
880,14:05:36,6.92,-0.01,161,111412,卖盘
881,14:05:33,6.93,0.01,95,65835,买盘
882,14:05:30,6.92,--,120,83040,卖盘
883,14:05:27,6.92,--,167,115564,卖盘
884,14:05:24,6.92,--,211,146012,卖盘
885,14:05:21,6.92,--,3468,2399856,卖盘
886,14:05:18,6.92,-0.01,605,418660,卖盘
887,14:05:15,6.93,--,123,85239,买盘
888,14:05:12,6.93,0.01,6,4158,买盘
889,14:05:09,6.92,--,35,24220,卖盘
890,14:05:06,6.92,-0.01,170,117640,卖盘
891,14:05:03,6.93,0.01,56,38808,买盘
892,14:05:00,6.92,--,22,15224,卖盘
893,14:04:57,6.92,--,46,31832,卖盘
894,14:04:54,6.92,--,30,20760,卖盘
895,14:04:51,6.92,--,7,4844,卖盘
896,14:04:48,6.92,--,170,117640,卖盘
897,14:04:45,6.92,--,87,60729,买盘
898,14:04:42,6.92,--,300,207600,买盘
899,14:04:39,6.92,--,1016,703072,买盘
900,14:04:36,6.92,--,197,136324,买盘
901,14:04:33,6.92,--,887,613804,买盘
902,14:04:27,6.92,0.01,1421,983332,买盘
903,14:04:24,6.91,-0.01,10,6910,卖盘
904,14:04:21,6.92,0.01,666,460872,买盘
905,14:04:18,6.91,-0.01,21,14511,卖盘
906,14:04:15,6.92,--,18,12456,买盘
907,14:04:12,6.92,0.01,154,106568,买盘
908,14:04:09,6.91,-0.01,92,63572,卖盘
909,14:04:06,6.92,--,6,4152,买盘
910,14:04:03,6.92,--,1141,789572,买盘
911,14:04:00,6.92,--,15,10380,买盘
912,14:03:57,6.92,--,200,138400,买盘
913,14:03:54,6.92,--,60,41520,买盘
914,14:03:51,6.92,0.01,434,300328,买盘
915,14:03:48,6.91,-0.01,27,18657,卖盘
916,14:03:45,6.92,--,189,130788,买盘
917,14:03:42,6.92,--,30,20760,买盘
918,14:03:39,6.92,--,516,357072,买盘
919,14:03:36,6.92,--,863,597196,买盘
920,14:03:33,6.92,--,205,141860,买盘
921,14:03:30,6.92,0.01,19,13148,买盘
922,14:03:27,6.91,-0.01,31,21421,卖盘
923,14:03:24,6.92,--,2219,1535548,买盘
924,14:03:21,6.92,0.01,2,1384,买盘
925,14:03:18,6.91,--,17,11747,卖盘
926,14:03:15,6.91,-0.01,1,691,卖盘
927,14:03:12,6.92,--,7,4844,买盘
928,14:03:09,6.92,--,20,13840,买盘
929,14:03:03,6.92,--,42,29064,买盘
930,14:03:00,6.92,0.01,14,9688,买盘
931,14:02:57,6.91,-0.01,20,13820,卖盘
932,14:02:54,6.92,--,43,29756,买盘
933,14:02:51,6.92,--,92,63664,买盘
934,14:02:45,6.92,0.01,16,11072,买盘
935,14:02:42,6.91,--,70,48370,卖盘
936,14:02:39,6.91,-0.01,15,10365,卖盘
937,14:02:36,6.92,0.01,9,6228,买盘
938,14:02:33,6.91,--,120,82920,卖盘
939,14:02:30,6.91,-0.01,10,6910,卖盘
940,14:02:27,6.92,--,1000,692000,买盘
941,14:02:24,6.92,--,90,62280,买盘
942,14:02:21,6.92,--,21,14532,买盘
943,14:02:18,6.92,--,21,14532,买盘
944,14:02:15,6.92,--,32,22144,买盘
945,14:02:12,6.92,--,31,21452,买盘
946,14:02:09,6.92,--,28,19376,买盘
947,14:02:06,6.92,0.01,52,35984,买盘
948,14:02:03,6.91,--,63,43533,卖盘
949,14:02:00,6.91,-0.01,8,5528,卖盘
950,14:01:57,6.92,--,142,98264,买盘
951,14:01:54,6.92,--,220,152240,买盘
952,14:01:51,6.92,--,210,145320,买盘
953,14:01:48,6.92,0.01,20,13840,买盘
954,14:01:45,6.91,--,113,78083,卖盘
955,14:01:42,6.91,-0.01,23,15893,卖盘
956,14:01:39,6.92,--,20,13840,买盘
957,14:01:36,6.92,--,57,39444,买盘
958,14:01:33,6.92,--,1074,743208,买盘
959,14:01:30,6.92,--,59,40828,买盘
960,14:01:27,6.92,--,42,29064,买盘
961,14:01:24,6.92,--,113,78196,买盘
962,14:01:21,6.92,--,1,692,买盘
963,14:01:18,6.92,--,27,18684,买盘
964,14:01:15,6.92,0.01,13,8996,买盘
965,14:01:12,6.91,--,63,43533,卖盘
966,14:01:09,6.91,-0.01,3,2073,卖盘
967,14:01:06,6.92,--,70,48440,买盘
968,14:01:03,6.92,--,76,52592,买盘
969,14:01:00,6.92,--,10,6920,买盘
970,14:00:57,6.92,0.01,1010,698920,买盘
971,14:00:54,6.91,-0.01,10,6910,卖盘
972,14:00:51,6.92,0.01,16,11072,买盘
973,14:00:48,6.91,--,464,320624,买盘
974,14:00:45,6.91,--,216,149256,买盘
975,14:00:42,6.91,--,153,105723,买盘
976,14:00:39,6.91,--,2450,1692950,买盘
977,14:00:36,6.91,--,745,514795,买盘
978,14:00:33,6.91,0.01,9,6219,买盘
979,14:00:30,6.9,-0.01,103,71070,卖盘
980,14:00:27,6.91,--,321,221811,买盘
981,14:00:24,6.91,--,43,29713,买盘
982,14:00:21,6.91,--,31,21421,买盘
983,14:00:18,6.91,--,823,568693,买盘
984,14:00:15,6.91,--,77,53207,买盘
985,14:00:12,6.91,--,170,117470,买盘
986,14:00:09,6.91,--,126,87066,买盘
987,14:00:06,6.91,--,215,148565,买盘
988,14:00:03,6.91,--,30,20730,买盘
989,14:00:00,6.91,--,410,283310,买盘
990,13:59:57,6.91,--,810,559710,买盘
991,13:59:54,6.91,--,702,485082,买盘
992,13:59:48,6.91,0.01,114,78774,买盘
993,13:59:45,6.9,-0.01,101,69690,卖盘
994,13:59:42,6.91,--,90,62190,买盘
995,13:59:39,6.91,0.01,1213,838183,买盘
996,13:59:36,6.9,-0.01,125,86250,卖盘
997,13:59:33,6.91,--,10,6910,买盘
998,13:59:30,6.91,--,57,39387,买盘
999,13:59:27,6.91,0.01,3,2073,买盘
1000,13:59:24,6.9,-0.01,348,240120,卖盘
1001,13:59:21,6.91,--,7,4837,买盘
1002,13:59:18,6.91,--,213,147183,买盘
1003,13:59:12,6.91,0.01,63,43533,买盘
1004,13:59:09,6.9,-0.01,50,34500,卖盘
1005,13:59:06,6.91,0.01,549,379359,买盘
1006,13:59:03,6.9,--,950,655500,买盘
1007,13:59:00,6.9,0.01,2865,1976850,买盘
1008,13:58:57,6.89,-0.01,11,7579,卖盘
1009,13:58:54,6.9,--,1688,1164720,买盘
1010,13:58:51,6.9,--,597,411930,买盘
1011,13:58:45,6.9,0.01,9000,6210000,买盘
1012,13:58:39,6.89,--,44,30316,卖盘
1013,13:58:33,6.89,--,29,19981,卖盘
1014,13:58:30,6.89,--,101,69589,卖盘
1015,13:58:24,6.89,--,47,32383,卖盘
1016,13:58:21,6.89,-0.01,25,17225,卖盘
1017,13:58:18,6.9,0.01,2028,1399320,买盘
1018,13:58:15,6.89,--,25,17225,卖盘
1019,13:58:09,6.89,-0.01,30,20670,卖盘
1020,13:58:06,6.9,0.01,1,690,买盘
1021,13:58:03,6.89,-0.01,31,21359,卖盘
1022,13:58:00,6.9,--,1,690,买盘
1023,13:57:54,6.9,0.01,56,38640,买盘
1024,13:57:51,6.89,-0.01,40,27560,卖盘
1025,13:57:48,6.9,--,3,2070,买盘
1026,13:57:42,6.9,--,81,55890,买盘
1027,13:57:39,6.9,--,800,552000,买盘
1028,13:57:36,6.9,0.01,2,1380,买盘
1029,13:57:33,6.89,-0.01,31,21359,卖盘
1030,13:57:30,6.9,--,1,690,买盘
1031,13:57:27,6.9,--,1036,714840,买盘
1032,13:57:24,6.9,--,42,28980,买盘
1033,13:57:21,6.9,0.01,2,1380,买盘
1034,13:57:18,6.89,-0.01,1,689,卖盘
1035,13:57:15,6.9,--,77,53130,买盘
1036,13:57:12,6.9,0.01,2,1380,买盘
1037,13:57:09,6.89,-0.01,14,9646,卖盘
1038,13:57:06,6.9,0.01,1,690,买盘
1039,13:57:03,6.89,-0.01,40,27560,卖盘
1040,13:56:57,6.9,--,110,75900,买盘
1041,13:56:54,6.9,0.01,16,11040,买盘
1042,13:56:51,6.89,--,26,17914,卖盘
1043,13:56:48,6.89,--,4,2756,卖盘
1044,13:56:45,6.89,-0.01,20,13780,卖盘
1045,13:56:39,6.9,--,1014,699660,买盘
1046,13:56:36,6.9,0.01,65,44850,买盘
1047,13:56:33,6.89,--,217,149513,卖盘
1048,13:56:30,6.89,-0.01,2,1378,卖盘
1049,13:56:27,6.9,--,5,3450,买盘
1050,13:56:24,6.9,--,16,11040,买盘
1051,13:56:21,6.9,--,102,70380,买盘
1052,13:56:18,6.9,0.01,1,690,买盘
1053,13:56:12,6.89,-0.01,25,17225,卖盘
1054,13:56:09,6.9,0.01,1004,692760,买盘
1055,13:56:06,6.89,-0.01,42,28938,卖盘
1056,13:56:03,6.9,--,54,37260,买盘
1057,13:56:00,6.9,0.01,29,20010,买盘
1058,13:55:57,6.89,--,1,689,卖盘
1059,13:55:54,6.89,--,122,84058,卖盘
1060,13:55:48,6.89,--,129,88881,卖盘
1061,13:55:39,6.89,-0.01,140,96460,卖盘
1062,13:55:36,6.9,0.01,210,144900,买盘
1063,13:55:33,6.89,--,46,31694,卖盘
1064,13:55:30,6.89,--,10,6890,卖盘
1065,13:55:27,6.89,--,14,9646,卖盘
1066,13:55:18,6.89,-0.01,22,15158,卖盘
1067,13:55:15,6.9,--,122,84180,买盘
1068,13:55:12,6.9,0.01,66,45540,买盘
1069,13:55:09,6.89,-0.01,70,48230,卖盘
1070,13:55:06,6.9,--,1,690,买盘
1071,13:55:03,6.9,0.01,53,36570,买盘
1072,13:55:00,6.89,--,10,6890,卖盘
1073,13:54:57,6.89,-0.01,13,8957,卖盘
1074,13:54:51,6.9,0.01,64,44160,买盘
1075,13:54:48,6.89,--,386,265954,卖盘
1076,13:54:45,6.89,--,10,6890,卖盘
1077,13:54:39,6.89,-0.01,27,18603,卖盘
1078,13:54:36,6.9,0.01,2,1380,买盘
1079,13:54:33,6.89,-0.01,1,689,卖盘
1080,13:54:30,6.9,0.01,3,2070,买盘
1081,13:54:24,6.89,--,143,98527,卖盘
1082,13:54:21,6.89,--,30,20670,卖盘
1083,13:54:18,6.89,--,1,689,卖盘
1084,13:54:15,6.89,-0.01,149,102661,卖盘
1085,13:54:06,6.9,--,1,690,买盘
1086,13:54:03,6.9,0.01,49,33810,买盘
1087,13:54:00,6.89,-0.01,95,65455,卖盘
1088,13:53:57,6.9,--,97,66930,买盘
1089,13:53:54,6.9,0.01,2,1380,买盘
1090,13:53:51,6.89,--,1,689,卖盘
1091,13:53:48,6.89,--,30,20670,卖盘
1092,13:53:42,6.89,--,203,139867,卖盘
1093,13:53:36,6.89,--,293,201877,卖盘
1094,13:53:33,6.89,--,13,8957,卖盘
1095,13:53:24,6.89,-0.01,1,689,卖盘
1096,13:53:21,6.9,--,1,690,买盘
1097,13:53:18,6.9,0.01,11,7590,买盘
1098,13:53:15,6.89,-0.01,45,31005,卖盘
1099,13:53:09,6.9,--,21,14490,买盘
1100,13:53:06,6.9,--,32,22080,买盘
1101,13:53:00,6.9,--,8,5520,买盘
1102,13:52:57,6.9,0.01,35,24150,买盘
1103,13:52:54,6.89,-0.01,364,250796,卖盘
1104,13:52:51,6.9,0.01,11,7590,买盘
1105,13:52:42,6.89,--,70,48230,卖盘
1106,13:52:39,6.89,--,50,34450,卖盘
1107,13:52:36,6.89,--,19,13091,卖盘
1108,13:52:33,6.89,--,66,45474,卖盘
1109,13:52:30,6.89,--,1,689,卖盘
1110,13:52:27,6.89,--,73,50297,卖盘
1111,13:52:24,6.89,-0.01,27,18603,卖盘
1112,13:52:21,6.9,--,10,6900,买盘
1113,13:52:18,6.9,0.01,32,22080,买盘
1114,13:52:15,6.89,-0.01,10,6890,卖盘
1115,13:52:12,6.9,0.01,24,16560,买盘
1116,13:52:09,6.89,-0.01,35,24115,卖盘
1117,13:52:06,6.9,--,67,46230,买盘
1118,13:52:03,6.9,--,20,13800,买盘
1119,13:51:51,6.9,0.01,5,3450,买盘
1120,13:51:48,6.89,-0.01,1,689,卖盘
1121,13:51:45,6.9,0.01,87,60030,买盘
1122,13:51:42,6.89,-0.01,41,28249,卖盘
1123,13:51:39,6.9,0.01,200,138000,买盘
1124,13:51:36,6.89,--,3,2067,卖盘
1125,13:51:33,6.89,--,11,7579,卖盘
1126,13:51:30,6.89,--,1,689,卖盘
1127,13:51:27,6.89,--,246,169494,卖盘
1128,13:51:24,6.89,--,10,6890,卖盘
1129,13:51:18,6.89,--,61,42029,卖盘
1130,13:51:15,6.89,--,20,13780,卖盘
1131,13:51:12,6.89,--,1,689,卖盘
1132,13:51:09,6.89,-0.01,50,34450,卖盘
1133,13:51:06,6.9,--,640,441600,买盘
1134,13:51:03,6.9,0.01,16,11040,买盘
1135,13:51:00,6.89,--,10,6890,卖盘
1136,13:50:57,6.89,--,42,28938,卖盘
1137,13:50:54,6.89,-0.01,10,6890,卖盘
1138,13:50:51,6.9,0.01,162,111780,买盘
1139,13:50:48,6.89,-0.01,25,17225,卖盘
1140,13:50:45,6.9,--,2,1380,买盘
1141,13:50:42,6.9,--,14,9660,买盘
1142,13:50:39,6.9,0.01,899,620310,买盘
1143,13:50:36,6.89,-0.01,213,146757,卖盘
1144,13:50:33,6.9,--,31,21390,买盘
1145,13:50:30,6.9,--,18,12420,买盘
1146,13:50:27,6.9,--,16,11040,买盘
1147,13:50:21,6.9,0.01,20,13800,买盘
1148,13:50:18,6.89,--,30,20670,卖盘
1149,13:50:15,6.89,-0.01,42,28938,卖盘
1150,13:50:06,6.9,0.01,81,55890,买盘
1151,13:50:03,6.89,--,30,20670,卖盘
1152,13:49:57,6.89,--,26,17914,卖盘
1153,13:49:54,6.89,-0.01,238,163982,卖盘
1154,13:49:48,6.9,--,16,11040,买盘
1155,13:49:42,6.9,--,146,100740,买盘
1156,13:49:39,6.9,0.01,84,57960,买盘
1157,13:49:36,6.89,--,51,35139,卖盘
1158,13:49:33,6.89,-0.01,52,35828,卖盘
1159,13:49:30,6.9,--,21,14490,买盘
1160,13:49:27,6.9,0.01,732,505080,买盘
1161,13:49:24,6.89,--,37,25493,卖盘
1162,13:49:21,6.89,0.01,2200,1515986,买盘
1163,13:49:18,6.88,--,135,92880,卖盘
1164,13:49:12,6.88,--,119,81872,卖盘
1165,13:49:09,6.88,-0.01,64,44032,卖盘
1166,13:49:06,6.89,--,67,46493,买盘
1167,13:49:03,6.89,--,20,13780,买盘
1168,13:49:00,6.89,0.01,40,27560,买盘
1169,13:48:54,6.88,-0.01,11,7568,卖盘
1170,13:48:51,6.89,--,73,50297,买盘
1171,13:48:48,6.89,0.01,45,31005,买盘
1172,13:48:42,6.88,-0.01,5,3440,卖盘
1173,13:48:36,6.89,--,401,276289,买盘
1174,13:48:33,6.89,0.01,67,46163,买盘
1175,13:48:27,6.88,-0.01,20,13760,卖盘
1176,13:48:24,6.89,0.01,20,13780,买盘
1177,13:48:21,6.88,--,6,4128,卖盘
1178,13:48:18,6.88,-0.01,50,34400,卖盘
1179,13:48:15,6.89,0.01,1,689,买盘
1180,13:48:12,6.88,-0.01,113,77744,卖盘
1181,13:48:09,6.89,--,1,689,买盘
1182,13:48:06,6.89,--,40,27560,买盘
1183,13:48:03,6.89,0.01,155,106795,买盘
1184,13:48:00,6.88,-0.01,147,101136,卖盘
1185,13:47:57,6.89,0.01,12,8268,买盘
1186,13:47:51,6.88,-0.01,3,2064,卖盘
1187,13:47:45,6.89,--,93,64077,买盘
1188,13:47:42,6.89,0.01,406,279734,买盘
1189,13:47:39,6.88,-0.01,2,1376,卖盘
1190,13:47:36,6.89,--,52,35828,买盘
1191,13:47:33,6.89,--,39,26871,买盘
1192,13:47:30,6.89,--,16,11024,买盘
1193,13:47:24,6.89,0.01,11,7579,买盘
1194,13:47:21,6.88,-0.01,51,35088,卖盘
1195,13:47:09,6.89,--,1,689,买盘
1196,13:47:06,6.89,--,31,21359,买盘
1197,13:47:03,6.89,0.01,28,19292,买盘
1198,13:47:00,6.88,-0.01,126,86688,卖盘
1199,13:46:57,6.89,--,32,22048,买盘
1200,13:46:54,6.89,0.01,110,75790,买盘
1201,13:46:51,6.88,--,1,688,卖盘
1202,13:46:45,6.88,-0.01,15,10320,卖盘
1203,13:46:42,6.89,--,1110,764790,买盘
1204,13:46:39,6.89,0.01,2,1378,买盘
1205,13:46:36,6.88,-0.01,50,34400,卖盘
1206,13:46:33,6.89,--,32,22048,买盘
1207,13:46:27,6.89,--,1,689,买盘
1208,13:46:24,6.89,--,2,1378,买盘
1209,13:46:21,6.89,0.01,1,689,买盘
1210,13:46:18,6.88,-0.01,1,688,卖盘
1211,13:46:15,6.89,0.01,61,42029,买盘
1212,13:46:12,6.88,-0.01,1,688,卖盘
1213,13:46:09,6.89,--,106,73034,买盘
1214,13:46:06,6.89,0.01,38,26182,买盘
1215,13:46:03,6.88,-0.01,57,39216,卖盘
1216,13:45:54,6.89,--,65,44785,买盘
1217,13:45:51,6.89,--,16,11024,买盘
1218,13:45:48,6.89,0.01,46,31694,买盘
1219,13:45:45,6.88,-0.01,71,48848,卖盘
1220,13:45:42,6.89,--,35,24115,买盘
1221,13:45:39,6.89,--,2,1378,买盘
1222,13:45:36,6.89,--,8,5512,买盘
1223,13:45:33,6.89,0.01,31,21359,买盘
1224,13:45:24,6.88,-0.01,27,18576,卖盘
1225,13:45:21,6.89,--,28,19292,买盘
1226,13:45:18,6.89,--,28,19292,买盘
1227,13:45:15,6.89,0.01,4,2756,买盘
1228,13:45:12,6.88,--,21,14448,卖盘
1229,13:45:09,6.88,-0.01,2,1376,卖盘
1230,13:45:06,6.89,--,32,22048,买盘
1231,13:45:03,6.89,0.01,28,19292,买盘
1232,13:45:00,6.88,-0.01,20,13760,卖盘
1233,13:44:57,6.89,--,2000,1378000,买盘
1234,13:44:54,6.89,0.01,11,7579,买盘
1235,13:44:51,6.88,--,89,61232,卖盘
1236,13:44:48,6.88,--,358,246304,卖盘
1237,13:44:42,6.88,-0.01,1,688,卖盘
1238,13:44:33,6.89,0.01,21,14469,买盘
1239,13:44:30,6.88,-0.01,20,13760,卖盘
1240,13:44:27,6.89,0.01,78,53742,买盘
1241,13:44:24,6.88,-0.01,1502,1033376,卖盘
1242,13:44:21,6.89,0.01,46,31694,买盘
1243,13:44:18,6.88,--,30,20640,卖盘
1244,13:44:15,6.88,--,53,36464,卖盘
1245,13:44:12,6.88,-0.01,6,4128,卖盘
1246,13:44:09,6.89,--,6,4134,买盘
1247,13:44:06,6.89,--,30,20670,买盘
1248,13:44:03,6.89,0.01,30,20670,买盘
1249,13:44:00,6.88,--,665,457520,卖盘
1250,13:43:57,6.88,--,100,68800,卖盘
1251,13:43:54,6.88,--,76,52288,卖盘
1252,13:43:51,6.88,--,6,4128,卖盘
1253,13:43:48,6.88,--,58,39904,卖盘
1254,13:43:42,6.88,-0.01,43,29584,卖盘
1255,13:43:36,6.89,0.01,11,7579,买盘
1256,13:43:24,6.88,--,42,28896,卖盘
1257,13:43:21,6.88,--,13,8944,卖盘
1258,13:43:18,6.88,--,1,688,卖盘
1259,13:43:12,6.88,-0.01,80,55040,卖盘
1260,13:43:09,6.89,--,1,689,买盘
1261,13:43:06,6.89,0.01,32,22048,买盘
1262,13:43:03,6.88,-0.01,38,26144,卖盘
1263,13:43:00,6.89,--,2000,1378000,买盘
1264,13:42:57,6.89,--,2,1378,买盘
1265,13:42:54,6.89,0.01,12,8268,买盘
1266,13:42:51,6.88,-0.01,1,688,卖盘
1267,13:42:48,6.89,0.01,3,2067,买盘
1268,13:42:45,6.88,--,32,22016,卖盘
1269,13:42:42,6.88,-0.01,201,138288,卖盘
1270,13:42:39,6.89,--,10,6890,买盘
1271,13:42:36,6.89,--,39,26871,买盘
1272,13:42:33,6.89,--,29,19981,买盘
1273,13:42:27,6.89,0.01,2000,1378000,买盘
1274,13:42:21,6.88,--,15,10320,卖盘
1275,13:42:18,6.88,-0.01,20,13760,卖盘
1276,13:42:15,6.89,0.01,2014,1387646,买盘
1277,13:42:12,6.88,--,6,4128,卖盘
1278,13:42:06,6.88,-0.01,36,24768,卖盘
1279,13:42:03,6.89,--,29,19981,买盘
1280,13:41:54,6.89,0.01,38,26182,买盘
1281,13:41:51,6.88,--,4,2752,卖盘
1282,13:41:48,6.88,-0.01,380,261440,卖盘
1283,13:41:45,6.89,0.01,580,399620,买盘
1284,13:41:42,6.88,--,1,688,卖盘
1285,13:41:39,6.88,-0.01,2,1376,卖盘
1286,13:41:36,6.89,--,14,9646,买盘
1287,13:41:33,6.89,--,28,19292,买盘
1288,13:41:30,6.89,--,2,1378,买盘
1289,13:41:27,6.89,0.01,22,15158,买盘
1290,13:41:24,6.88,--,4,2752,卖盘
1291,13:41:21,6.88,--,11,7568,卖盘
1292,13:41:18,6.88,--,60,41280,卖盘
1293,13:41:15,6.88,-0.01,250,172000,卖盘
1294,13:41:12,6.89,0.01,55,37895,买盘
1295,13:41:09,6.88,--,10,6880,卖盘
1296,13:41:06,6.88,--,33,22704,卖盘
1297,13:41:03,6.88,-0.01,36,24768,卖盘
1298,13:40:57,6.89,0.01,11,7579,买盘
1299,13:40:51,6.88,--,1,688,卖盘
1300,13:40:48,6.88,--,5,3440,卖盘
1301,13:40:45,6.88,--,30,20640,卖盘
1302,13:40:42,6.88,--,1,688,卖盘
1303,13:40:36,6.88,-0.01,3,2064,卖盘
1304,13:40:33,6.89,--,11,7579,买盘
1305,13:40:27,6.89,0.01,17,11713,买盘
1306,13:40:24,6.88,--,100,68800,卖盘
1307,13:40:15,6.88,--,2,1376,卖盘
1308,13:40:12,6.88,-0.01,23,15824,卖盘
1309,13:40:09,6.89,--,2,1378,买盘
1310,13:40:06,6.89,--,42,28938,买盘
1311,13:39:54,6.89,--,11,7579,买盘
1312,13:39:51,6.89,--,3,2067,买盘
1313,13:39:48,6.89,0.01,232,159848,买盘
1314,13:39:45,6.88,--,34,23392,卖盘
1315,13:39:42,6.88,--,24,16512,卖盘
1316,13:39:36,6.88,--,15,10320,卖盘
1317,13:39:33,6.88,--,100,68800,卖盘
1318,13:39:27,6.88,0.01,87,59856,买盘
1319,13:39:24,6.87,--,50,34350,卖盘
1320,13:39:21,6.87,-0.01,26,17862,卖盘
1321,13:39:18,6.88,0.01,1,688,买盘
1322,13:39:15,6.87,-0.01,1,687,卖盘
1323,13:39:12,6.88,--,52,35776,买盘
1324,13:39:09,6.88,--,234,160992,买盘
1325,13:39:06,6.88,--,31,21328,买盘
1326,13:39:03,6.88,--,31,21328,买盘
1327,13:38:54,6.88,--,2,1376,买盘
1328,13:38:51,6.88,--,2,1376,买盘
1329,13:38:48,6.88,--,74,50912,卖盘
1330,13:38:45,6.88,--,22,15136,卖盘
1331,13:38:42,6.88,--,41,28208,卖盘
1332,13:38:39,6.88,--,12,8256,卖盘
1333,13:38:36,6.88,--,30,20640,卖盘
1334,13:38:33,6.88,--,2,1376,卖盘
1335,13:38:30,6.88,-0.01,30,20640,卖盘
1336,13:38:27,6.89,0.01,19,13091,买盘
1337,13:38:24,6.88,--,31,21328,买盘
1338,13:38:15,6.88,--,18,12384,卖盘
1339,13:38:12,6.88,--,60,41280,卖盘
1340,13:38:09,6.88,--,10,6880,卖盘
1341,13:38:06,6.88,-0.01,32,22016,卖盘
1342,13:38:03,6.89,0.01,12,8268,买盘
1343,13:38:00,6.88,--,162,111456,卖盘
1344,13:37:54,6.88,-0.01,11,7568,卖盘
1345,13:37:48,6.89,0.01,33,22737,买盘
1346,13:37:45,6.88,-0.01,801,551088,卖盘
1347,13:37:42,6.89,--,3,2067,买盘
1348,13:37:36,6.89,0.01,3,2067,买盘
1349,13:37:33,6.88,--,20,13760,卖盘
1350,13:37:30,6.88,-0.01,203,139664,卖盘
1351,13:37:27,6.89,--,7,4823,买盘
1352,13:37:24,6.89,--,21,14469,买盘
1353,13:37:18,6.89,0.01,24,16536,买盘
1354,13:37:15,6.88,--,3,2064,卖盘
1355,13:37:12,6.88,--,51,35088,卖盘
1356,13:37:09,6.88,-0.01,156,107328,卖盘
1357,13:37:06,6.89,--,95,65455,买盘
1358,13:37:03,6.89,--,31,21359,买盘
1359,13:37:00,6.89,--,3,2067,买盘
1360,13:36:54,6.89,0.01,18,12402,买盘
1361,13:36:51,6.88,-0.01,5,3440,卖盘
1362,13:36:48,6.89,0.01,200,137800,买盘
1363,13:36:45,6.88,-0.01,1,688,卖盘
1364,13:36:36,6.89,--,10,6890,买盘
1365,13:36:33,6.89,--,37,25493,买盘
1366,13:36:30,6.89,--,20,13780,买盘
1367,13:36:27,6.89,--,2,1378,买盘
1368,13:36:24,6.89,--,20,13780,买盘
1369,13:36:18,6.89,0.01,23,15847,买盘
1370,13:36:15,6.88,--,2005,1379440,卖盘
1371,13:36:06,6.88,-0.01,33,22704,卖盘
1372,13:36:03,6.89,--,44,30316,买盘
1373,13:36:00,6.89,--,304,209456,买盘
1374,13:35:57,6.89,--,17,11713,买盘
1375,13:35:54,6.89,0.01,2,1378,买盘
1376,13:35:48,6.88,-0.01,11,7568,中性盘
1377,13:35:45,6.89,--,20,13780,买盘
1378,13:35:39,6.89,0.01,1904,1311856,买盘
1379,13:35:36,6.88,--,5,3440,买盘
1380,13:35:33,6.88,--,32,22016,买盘
1381,13:35:30,6.88,--,103,70864,买盘
1382,13:35:27,6.88,--,1759,1210756,卖盘
1383,13:35:24,6.88,--,772,531259,买盘
1384,13:35:21,6.88,0.01,2012,1384256,买盘
1385,13:35:15,6.87,-0.01,1,687,卖盘
1386,13:35:12,6.88,--,8,5504,买盘
1387,13:35:09,6.88,--,12,8256,买盘
1388,13:35:06,6.88,--,32,22016,买盘
1389,13:35:03,6.88,--,46,31648,买盘
1390,13:35:00,6.88,-0.01,216,149172,卖盘
1391,13:34:54,6.89,0.01,1,689,买盘
1392,13:34:51,6.88,--,109,75115,买盘
1393,13:34:48,6.88,--,2914,2005396,卖盘
1394,13:34:42,6.88,--,129,88875,买盘
1395,13:34:39,6.88,--,10,6880,买盘
1396,13:34:33,6.88,0.01,68,46784,买盘
1397,13:34:30,6.87,-0.01,5,3435,卖盘
1398,13:34:27,6.88,0.01,161,110768,买盘
1399,13:34:24,6.87,-0.01,35,24045,卖盘
1400,13:34:21,6.88,--,35,24080,买盘
1401,13:34:18,6.88,--,24,16512,买盘
1402,13:34:15,6.88,0.01,313,215344,买盘
1403,13:34:12,6.87,-0.01,12,8244,卖盘
1404,13:34:06,6.88,-0.01,2480,1706804,卖盘
1405,13:34:03,6.89,--,31,21359,买盘
1406,13:33:57,6.89,0.01,42,28938,买盘
1407,13:33:54,6.88,-0.01,17,11696,卖盘
1408,13:33:51,6.89,--,4,2756,买盘
1409,13:33:48,6.89,--,31,21359,买盘
1410,13:33:42,6.89,--,11,7579,买盘
1411,13:33:39,6.89,0.01,17,11713,买盘
1412,13:33:36,6.88,--,11,7568,卖盘
1413,13:33:33,6.88,--,743,511307,买盘
1414,13:33:30,6.88,--,2,1376,买盘
1415,13:33:27,6.88,--,2,1376,买盘
1416,13:33:24,6.88,--,10,6880,买盘
1417,13:33:21,6.88,--,1258,866068,卖盘
1418,13:33:18,6.88,--,1,688,卖盘
1419,13:33:15,6.88,-0.01,5,3440,卖盘
1420,13:33:12,6.89,0.01,1,689,买盘
1421,13:33:09,6.88,--,200,137600,卖盘
1422,13:33:06,6.88,0.01,647,445259,买盘
1423,13:33:03,6.87,--,33,22671,卖盘
1424,13:33:00,6.87,-0.01,50,34350,卖盘
1425,13:32:57,6.88,--,34,23392,买盘
1426,13:32:54,6.88,--,2,1376,买盘
1427,13:32:48,6.88,0.01,10,6880,买盘
1428,13:32:45,6.87,-0.01,9,6183,卖盘
1429,13:32:42,6.88,--,45,30960,买盘
1430,13:32:39,6.88,--,5,3440,买盘
1431,13:32:33,6.88,-0.01,1293,890148,卖盘
1432,13:32:21,6.89,0.01,209,144125,买盘
1433,13:32:18,6.88,0.01,282,194016,买盘
1434,13:32:15,6.87,-0.01,2,1374,卖盘
1435,13:32:09,6.88,0.01,1071,736848,买盘
1436,13:32:06,6.87,-0.01,51,35037,卖盘
1437,13:32:03,6.88,--,31,21328,买盘
1438,13:31:57,6.88,--,779,536516,卖盘
1439,13:31:54,6.88,--,30,20640,卖盘
1440,13:31:51,6.88,--,3,2064,卖盘
1441,13:31:45,6.88,-0.01,1,688,卖盘
1442,13:31:42,6.89,0.01,84,57876,买盘
1443,13:31:36,6.88,-0.01,83,57104,卖盘
1444,13:31:33,6.89,--,32,22048,买盘
1445,13:31:30,6.89,0.01,1014,698646,买盘
1446,13:31:27,6.88,--,7,4816,卖盘
1447,13:31:21,6.88,--,65,44843,买盘
1448,13:31:18,6.88,--,4,2752,买盘
1449,13:31:15,6.88,--,19,13072,买盘
1450,13:31:12,6.88,--,68,46784,买盘
1451,13:31:09,6.88,--,16,11008,买盘
1452,13:31:06,6.88,--,294,202272,买盘
1453,13:31:03,6.88,--,53,36464,买盘
1454,13:31:00,6.88,--,24,16512,买盘
1455,13:30:57,6.88,0.01,2,1376,买盘
1456,13:30:54,6.87,--,10,6870,卖盘
1457,13:30:51,6.87,-0.01,33,22671,卖盘
1458,13:30:45,6.88,--,4,2752,买盘
1459,13:30:42,6.88,--,32,22016,买盘
1460,13:30:39,6.88,--,10,6880,买盘
1461,13:30:36,6.88,--,208,143104,买盘
1462,13:30:33,6.88,--,1065,732720,买盘
1463,13:30:30,6.88,--,21,14448,买盘
1464,13:30:27,6.88,--,82,56416,买盘
1465,13:30:24,6.88,--,16,11008,买盘
1466,13:30:21,6.88,--,24,16512,买盘
1467,13:30:18,6.88,--,47,32336,买盘
1468,13:30:15,6.88,0.01,11,7568,买盘
1469,13:30:12,6.87,-0.01,2,1374,卖盘
1470,13:30:09,6.88,--,1,688,买盘
1471,13:30:06,6.88,--,33,22704,买盘
1472,13:30:03,6.88,0.01,22,15136,买盘
1473,13:29:57,6.87,--,5,3435,卖盘
1474,13:29:54,6.87,-0.01,87,59769,卖盘
1475,13:29:51,6.88,0.01,2,1376,买盘
1476,13:29:45,6.87,-0.01,1,687,卖盘
1477,13:29:42,6.88,--,204,140352,买盘
1478,13:29:39,6.88,--,5,3440,买盘
1479,13:29:36,6.88,--,1000,688000,买盘
1480,13:29:30,6.88,--,2,1376,买盘
1481,13:29:21,6.88,--,1,688,买盘
1482,13:29:18,6.88,--,35,24080,买盘
1483,13:29:15,6.88,0.01,64,44032,买盘
1484,13:29:06,6.87,--,64,43968,卖盘
1485,13:29:03,6.87,-0.01,42,28854,卖盘
1486,13:29:00,6.88,--,2,1376,买盘
1487,13:28:57,6.88,--,1,688,买盘
1488,13:28:54,6.88,--,68,46784,买盘
1489,13:28:51,6.88,-0.01,25,17200,卖盘
1490,13:28:48,6.89,--,9,6201,买盘
1491,13:28:45,6.89,0.02,13,8957,买盘
1492,13:28:39,6.87,-0.02,300,206100,卖盘
1493,13:28:36,6.89,--,101,69589,买盘
1494,13:28:30,6.89,0.02,1003,691067,买盘
1495,13:28:27,6.87,--,7,4809,卖盘
1496,13:28:24,6.87,-0.02,1,687,卖盘
1497,13:28:21,6.89,0.01,9,6201,买盘
1498,13:28:18,6.88,0.01,44,30272,买盘
1499,13:28:15,6.87,-0.01,1,687,卖盘
1500,13:28:12,6.88,--,52,35776,买盘
1501,13:28:09,6.88,--,35,24080,买盘
1502,13:28:06,6.88,--,180,123840,买盘
1503,13:28:03,6.88,--,70,48160,买盘
1504,13:27:57,6.88,--,2,1376,买盘
1505,13:27:54,6.88,--,14,9632,买盘
1506,13:27:48,6.88,--,1643,1130597,卖盘
1507,13:27:45,6.88,0.01,357,246090,买盘
1508,13:27:39,6.87,-0.01,1,687,卖盘
1509,13:27:36,6.88,--,14,9632,买盘
1510,13:27:33,6.88,--,82,56416,买盘
1511,13:27:30,6.88,--,285,196080,买盘
1512,13:27:27,6.88,--,252,173376,买盘
1513,13:27:24,6.88,--,41,28572,买盘
1514,13:27:18,6.88,0.01,429,295152,买盘
1515,13:27:15,6.87,-0.01,1,687,卖盘
1516,13:27:12,6.88,--,150,103200,买盘
1517,13:27:09,6.88,--,87,59856,买盘
1518,13:27:06,6.88,--,57,39216,买盘
1519,13:27:03,6.88,--,31,21328,买盘
1520,13:27:00,6.88,--,201,138288,买盘
1521,13:26:57,6.88,--,601,413866,卖盘
1522,13:26:54,6.88,-0.01,55,37840,卖盘
1523,13:26:51,6.89,0.01,102,70278,买盘
1524,13:26:48,6.88,--,263,180944,卖盘
1525,13:26:45,6.88,--,12,8256,卖盘
1526,13:26:39,6.88,-0.01,39,26832,卖盘
1527,13:26:36,6.89,0.01,1,689,买盘
1528,13:26:33,6.88,--,35,24080,卖盘
1529,13:26:30,6.88,--,1708,1175413,买盘
1530,13:26:24,6.88,--,12,8256,买盘
1531,13:26:18,6.88,0.01,3,2064,买盘
1532,13:26:15,6.87,-0.01,48,32976,卖盘
1533,13:26:09,6.88,--,15,10320,买盘
1534,13:26:06,6.88,0.01,64,44032,买盘
1535,13:26:03,6.87,-0.01,32,21984,卖盘
1536,13:25:51,6.88,--,130,89440,买盘
1537,13:25:48,6.88,0.01,77,52976,买盘
1538,13:25:45,6.87,-0.01,2,1374,卖盘
1539,13:25:42,6.88,--,2,1376,买盘
1540,13:25:39,6.88,--,20,13760,买盘
1541,13:25:36,6.88,--,201,138288,买盘
1542,13:25:33,6.88,--,31,21328,买盘
1543,13:25:27,6.88,--,360,248237,卖盘
1544,13:25:24,6.88,--,19,13072,卖盘
1545,13:25:21,6.88,--,5,3440,卖盘
1546,13:25:18,6.88,-0.01,41,28208,卖盘
1547,13:25:15,6.89,--,18,12402,买盘
1548,13:25:06,6.89,--,52,35828,买盘
1549,13:25:03,6.89,--,4,2756,买盘
1550,13:25:00,6.89,0.01,3,2067,买盘
1551,13:24:57,6.88,-0.01,8,5504,卖盘
1552,13:24:51,6.89,0.01,101,69589,买盘
1553,13:24:48,6.88,-0.01,26,17888,卖盘
1554,13:24:45,6.89,--,6,4134,买盘
1555,13:24:42,6.89,0.01,20,13780,买盘
1556,13:24:39,6.88,--,46,31648,卖盘
1557,13:24:36,6.88,--,28,19264,卖盘
1558,13:24:33,6.88,-0.01,221,152048,卖盘
1559,13:24:30,6.89,--,2,1378,买盘
1560,13:24:27,6.89,--,110,75790,买盘
1561,13:24:24,6.89,0.01,2,1378,买盘
1562,13:24:18,6.88,--,37,25456,卖盘
1563,13:24:15,6.88,-0.01,17,12088,卖盘
1564,13:24:12,6.89,0.01,42,28938,买盘
1565,13:24:06,6.88,--,310,213280,卖盘
1566,13:24:03,6.88,--,100,68800,卖盘
1567,13:24:00,6.88,--,53,36464,卖盘
1568,13:23:54,6.88,--,45,31097,卖盘
1569,13:23:51,6.88,--,20,13760,卖盘
1570,13:23:48,6.88,-0.01,10,6880,卖盘
1571,13:23:45,6.89,0.01,104,71656,买盘
1572,13:23:42,6.88,-0.01,12,8256,卖盘
1573,13:23:39,6.89,0.01,31,21359,买盘
1574,13:23:36,6.88,--,1867,1284784,买盘
1575,13:23:30,6.88,--,2,1376,买盘
1576,13:23:27,6.88,--,5,3440,买盘
1577,13:23:24,6.88,--,277,190576,买盘
1578,13:23:21,6.88,--,18,12384,买盘
1579,13:23:18,6.88,--,2,1376,买盘
1580,13:23:15,6.88,--,3,2064,买盘
1581,13:23:12,6.88,--,10,6880,买盘
1582,13:23:09,6.88,--,1,688,买盘
1583,13:23:06,6.88,--,34,23392,买盘
1584,13:23:03,6.88,--,27,18576,买盘
1585,13:23:00,6.88,--,3,2064,买盘
1586,13:22:57,6.88,--,47,32336,买盘
1587,13:22:51,6.88,0.01,28,19264,买盘
1588,13:22:48,6.87,-0.01,35,24237,卖盘
1589,13:22:45,6.88,--,53,36464,买盘
1590,13:22:36,6.88,--,188,129344,买盘
1591,13:22:33,6.88,0.01,37,25456,买盘
1592,13:22:30,6.87,-0.01,3,2061,卖盘
1593,13:22:24,6.88,0.01,56,38528,买盘
1594,13:22:21,6.87,-0.01,13,8931,卖盘
1595,13:22:18,6.88,--,18,12384,买盘
1596,13:22:15,6.88,--,287,197456,买盘
1597,13:22:12,6.88,--,347,238736,买盘
1598,13:22:09,6.88,--,27,18576,买盘
1599,13:22:06,6.88,--,31,21328,买盘
1600,13:22:00,6.88,--,26,17888,买盘
1601,13:21:57,6.88,--,656,451727,卖盘
1602,13:21:51,6.88,-0.01,21,14448,卖盘
1603,13:21:48,6.89,0.01,2000,1378000,买盘
1604,13:21:45,6.88,--,23,15824,卖盘
1605,13:21:42,6.88,--,20,13760,卖盘
1606,13:21:39,6.88,-0.01,122,83936,卖盘
1607,13:21:33,6.89,0.01,1,689,买盘
1608,13:21:30,6.88,--,64,44032,卖盘
1609,13:21:27,6.88,-0.01,796,547648,卖盘
1610,13:21:18,6.89,--,49,33761,买盘
1611,13:21:15,6.89,--,9,6201,买盘
1612,13:21:09,6.89,--,2,1378,买盘
1613,13:21:06,6.89,--,146,100594,买盘
1614,13:21:03,6.89,0.01,2,1378,买盘
1615,13:21:00,6.88,--,319,219472,卖盘
1616,13:20:57,6.88,--,2169,1492272,卖盘
1617,13:20:54,6.88,-0.01,189,130431,卖盘
1618,13:20:48,6.89,0.01,39,26871,买盘
1619,13:20:45,6.88,-0.01,1,688,卖盘
1620,13:20:42,6.89,--,26,17914,买盘
1621,13:20:39,6.89,0.01,20,13780,买盘
1622,13:20:33,6.88,--,69,47472,卖盘
1623,13:20:30,6.88,-0.01,20,13760,卖盘
1624,13:20:27,6.89,--,15,10335,买盘
1625,13:20:24,6.89,0.01,302,208078,买盘
1626,13:20:21,6.88,-0.01,148,101824,卖盘
1627,13:20:18,6.89,--,11,7579,买盘
1628,13:20:15,6.89,0.01,9,6201,买盘
1629,13:20:09,6.88,--,36,24768,卖盘
1630,13:20:06,6.88,-0.01,67,46096,卖盘
1631,13:20:03,6.89,0.01,22,15158,买盘
1632,13:19:57,6.88,-0.01,132,90816,卖盘
1633,13:19:54,6.89,--,10,6890,买盘
1634,13:19:51,6.89,0.01,45,31005,买盘
1635,13:19:48,6.88,-0.01,162,111456,卖盘
1636,13:19:45,6.89,0.01,73,50297,买盘
1637,13:19:42,6.88,-0.01,3,2064,卖盘
1638,13:19:36,6.89,--,12,8268,买盘
1639,13:19:33,6.89,0.01,3,2067,买盘
1640,13:19:30,6.88,-0.01,1,688,卖盘
1641,13:19:24,6.89,0.01,94,64766,买盘
1642,13:19:21,6.88,--,31,21328,卖盘
1643,13:19:18,6.88,--,5,3440,卖盘
1644,13:19:15,6.88,-0.01,1,688,卖盘
1645,13:19:12,6.89,--,11,7579,买盘
1646,13:19:09,6.89,--,12,8268,买盘
1647,13:19:06,6.89,--,34,23426,买盘
1648,13:19:03,6.89,0.01,27,18603,买盘
1649,13:19:00,6.88,-0.01,75,51600,卖盘
1650,13:18:57,6.89,0.01,25,17225,买盘
1651,13:18:54,6.88,-0.01,74,50912,卖盘
1652,13:18:51,6.89,--,1,689,买盘
1653,13:18:48,6.89,0.01,3,2067,买盘
1654,13:18:45,6.88,--,661,455345,买盘
1655,13:18:39,6.88,--,68,46784,买盘
1656,13:18:36,6.88,--,29,19952,买盘
1657,13:18:33,6.88,--,10,6880,买盘
1658,13:18:30,6.88,--,1,688,买盘
1659,13:18:27,6.88,--,34,23392,买盘
1660,13:18:24,6.88,--,24,16512,买盘
1661,13:18:18,6.88,--,1,688,买盘
1662,13:18:12,6.88,-0.01,65,44830,卖盘
1663,13:18:09,6.89,--,73,50297,买盘
1664,13:18:06,6.89,--,427,294203,买盘
1665,13:18:03,6.89,--,973,670397,买盘
1666,13:18:00,6.89,0.01,40,27560,买盘
1667,13:17:48,6.88,--,45,30960,卖盘
1668,13:17:45,6.88,--,2,1376,卖盘
1669,13:17:42,6.88,--,4,2752,卖盘
1670,13:17:39,6.88,--,9,6192,卖盘
1671,13:17:36,6.88,-0.01,20,13760,卖盘
1672,13:17:33,6.89,--,11,7579,买盘
1673,13:17:30,6.89,--,52,35828,买盘
1674,13:17:27,6.89,--,32,22048,买盘
1675,13:17:24,6.89,--,126,86814,买盘
1676,13:17:21,6.89,0.01,14,9646,买盘
1677,13:17:18,6.88,--,26,17888,卖盘
1678,13:17:15,6.88,--,16,11008,卖盘
1679,13:17:12,6.88,--,11,7568,卖盘
1680,13:17:09,6.88,-0.01,5,3440,卖盘
1681,13:17:06,6.89,--,39,26871,买盘
1682,13:17:03,6.89,--,4,2756,买盘
1683,13:17:00,6.89,--,2,1378,买盘
1684,13:16:54,6.89,--,12,8268,买盘
1685,13:16:51,6.89,--,2,1378,买盘
1686,13:16:48,6.89,0.01,50,34450,买盘
1687,13:16:45,6.88,-0.01,1,688,卖盘
1688,13:16:42,6.89,0.01,36,24804,买盘
1689,13:16:39,6.88,--,10,6880,卖盘
1690,13:16:36,6.88,-0.01,2056,1414528,卖盘
1691,13:16:33,6.89,0.01,77,53053,买盘
1692,13:16:30,6.88,--,8,5504,卖盘
1693,13:16:24,6.88,--,20,13760,卖盘
1694,13:16:21,6.88,--,7,4816,卖盘
1695,13:16:18,6.88,-0.01,8,5504,卖盘
1696,13:16:15,6.89,0.01,3,2067,买盘
1697,13:16:12,6.88,--,29,20529,买盘
1698,13:16:09,6.88,--,30,20640,买盘
1699,13:16:06,6.88,--,50,34400,买盘
1700,13:16:03,6.88,--,4,2752,买盘
1701,13:16:00,6.88,--,203,139664,买盘
1702,13:15:54,6.88,--,57,39216,买盘
1703,13:15:51,6.88,--,18,12384,买盘
1704,13:15:48,6.88,--,1,688,买盘
1705,13:15:45,6.88,0.01,40,27520,买盘
1706,13:15:42,6.87,-0.01,1,687,卖盘
1707,13:15:36,6.88,--,1,688,买盘
1708,13:15:33,6.88,--,21,14448,买盘
1709,13:15:27,6.88,--,58,39904,买盘
1710,13:15:24,6.88,--,99,68112,买盘
1711,13:15:21,6.88,0.01,40,27520,买盘
1712,13:15:12,6.87,-0.01,105,72135,卖盘
1713,13:15:09,6.88,--,15,10320,买盘
1714,13:15:06,6.88,--,90,61920,买盘
1715,13:15:03,6.88,--,1,688,买盘
1716,13:15:00,6.88,--,2,1376,买盘
1717,13:14:57,6.88,0.01,10,6880,买盘
1718,13:14:51,6.87,-0.01,5,3435,卖盘
1719,13:14:48,6.88,0.01,35,24080,买盘
1720,13:14:45,6.87,-0.01,1,687,卖盘
1721,13:14:42,6.88,--,2,1376,买盘
1722,13:14:39,6.88,--,21,14448,买盘
1723,13:14:36,6.88,0.01,405,278640,买盘
1724,13:14:33,6.87,-0.01,11,7557,卖盘
1725,13:14:24,6.88,--,36,24768,买盘
1726,13:14:21,6.88,--,1020,701760,买盘
1727,13:14:18,6.88,--,10,6880,买盘
1728,13:14:15,6.88,--,19,13072,买盘
1729,13:14:12,6.88,--,19,13072,买盘
1730,13:14:09,6.88,--,1,688,买盘
1731,13:14:06,6.88,--,42,28896,买盘
1732,13:14:03,6.88,--,1,688,买盘
1733,13:14:00,6.88,--,1,688,买盘
1734,13:13:57,6.88,--,15,10320,买盘
1735,13:13:54,6.88,--,2,1376,买盘
1736,13:13:51,6.88,--,5,3440,买盘
1737,13:13:48,6.88,0.01,43,29584,买盘
1738,13:13:45,6.87,-0.01,1,687,卖盘
1739,13:13:42,6.88,--,92,63296,买盘
1740,13:13:39,6.88,--,23,15824,买盘
1741,13:13:36,6.88,--,1,688,买盘
1742,13:13:30,6.88,--,19,13072,卖盘
1743,13:13:27,6.88,-0.01,142,97696,卖盘
1744,13:13:24,6.89,0.01,173,119197,买盘
1745,13:13:21,6.88,-0.01,1,688,卖盘
1746,13:13:18,6.89,0.01,83,57187,买盘
1747,13:13:15,6.88,--,55,37840,卖盘
1748,13:13:12,6.88,-0.01,1,688,卖盘
1749,13:13:09,6.89,--,221,152269,买盘
1750,13:13:06,6.89,--,35,24115,买盘
1751,13:13:03,6.89,0.01,228,157092,买盘
1752,13:13:00,6.88,--,40,27520,卖盘
1753,13:12:57,6.88,--,29,19952,卖盘
1754,13:12:54,6.88,--,200,137600,卖盘
1755,13:12:51,6.88,-0.01,23,15824,卖盘
1756,13:12:48,6.89,--,34,23426,买盘
1757,13:12:45,6.89,0.01,31,21359,买盘
1758,13:12:42,6.88,-0.01,22,15136,卖盘
1759,13:12:39,6.89,--,70,48230,买盘
1760,13:12:36,6.89,--,11,7579,买盘
1761,13:12:33,6.89,--,11,7579,买盘
1762,13:12:30,6.89,--,37,25493,买盘
1763,13:12:27,6.89,--,30,20670,买盘
1764,13:12:21,6.89,--,56,38584,买盘
1765,13:12:18,6.89,--,25,17225,买盘
1766,13:12:15,6.89,0.01,63,43407,买盘
1767,13:12:12,6.88,-0.01,2,1376,卖盘
1768,13:12:09,6.89,--,175,120575,买盘
1769,13:12:06,6.89,0.01,36,24804,买盘
1770,13:12:03,6.88,-0.01,229,157552,卖盘
1771,13:12:00,6.89,--,49,33761,买盘
1772,13:11:57,6.89,0.01,79,54431,买盘
1773,13:11:54,6.88,--,100,68800,卖盘
1774,13:11:51,6.88,--,1,688,卖盘
1775,13:11:48,6.88,-0.01,44,30272,卖盘
1776,13:11:45,6.89,0.01,37,25493,买盘
1777,13:11:42,6.88,-0.01,43,29584,卖盘
1778,13:11:39,6.89,--,520,358280,买盘
1779,13:11:36,6.89,--,226,155714,买盘
1780,13:11:33,6.89,--,1,689,买盘
1781,13:11:30,6.89,--,30,20670,买盘
1782,13:11:27,6.89,0.01,4,2756,买盘
1783,13:11:21,6.88,-0.01,10,6880,卖盘
1784,13:11:18,6.89,--,1,689,买盘
1785,13:11:15,6.89,0.01,6,4134,买盘
1786,13:11:12,6.88,--,3,2064,卖盘
1787,13:11:09,6.88,-0.01,14,9632,卖盘
1788,13:11:06,6.89,--,32,22048,买盘
1789,13:11:03,6.89,--,10,6890,买盘
1790,13:11:00,6.89,--,72,49608,买盘
1791,13:10:57,6.89,0.01,58,39962,买盘
1792,13:10:54,6.88,-0.01,310,213280,卖盘
1793,13:10:51,6.89,--,14,9646,买盘
1794,13:10:48,6.89,--,12,8268,买盘
1795,13:10:45,6.89,0.01,39,26871,买盘
1796,13:10:42,6.88,-0.01,31,21328,卖盘
1797,13:10:36,6.89,0.01,136,93704,买盘
1798,13:10:30,6.88,--,1,688,卖盘
1799,13:10:27,6.88,-0.01,246,169248,卖盘
1800,13:10:24,6.89,0.01,57,39273,买盘
1801,13:10:21,6.88,--,61,41968,卖盘
1802,13:10:18,6.88,--,3,2064,卖盘
1803,13:10:15,6.88,--,10,6880,卖盘
1804,13:10:12,6.88,-0.01,6,4128,卖盘
1805,13:10:09,6.89,--,1,689,买盘
1806,13:10:06,6.89,0.01,71,48919,买盘
1807,13:10:03,6.88,-0.01,14,9632,卖盘
1808,13:10:00,6.89,--,25,17225,买盘
1809,13:09:57,6.89,0.01,487,335543,买盘
1810,13:09:51,6.88,-0.01,184,126592,卖盘
1811,13:09:48,6.89,--,60,41340,买盘
1812,13:09:45,6.89,0.01,9,6201,买盘
1813,13:09:42,6.88,-0.01,10,6880,卖盘
1814,13:09:39,6.89,--,10,6890,买盘
1815,13:09:36,6.89,0.01,53,36517,买盘
1816,13:09:33,6.88,-0.01,47,32336,卖盘
1817,13:09:30,6.89,--,48,33072,买盘
1818,13:09:24,6.89,--,105,72345,买盘
1819,13:09:18,6.89,0.01,29,19981,买盘
1820,13:09:15,6.88,--,20,13760,卖盘
1821,13:09:12,6.88,-0.01,6,4128,卖盘
1822,13:09:06,6.89,--,41,28249,买盘
1823,13:09:03,6.89,--,1,689,买盘
1824,13:09:00,6.89,0.01,185,127465,买盘
1825,13:08:57,6.88,-0.01,4,2752,卖盘
1826,13:08:51,6.89,0.01,125,86125,买盘
1827,13:08:48,6.88,--,9,6192,买盘
1828,13:08:45,6.88,-0.01,394,271072,卖盘
1829,13:08:42,6.89,0.01,61,42029,买盘
1830,13:08:39,6.88,-0.01,800,550400,卖盘
1831,13:08:36,6.89,--,1,689,买盘
1832,13:08:33,6.89,--,100,68900,买盘
1833,13:08:30,6.89,--,43,29627,买盘
1834,13:08:27,6.89,--,107,73723,买盘
1835,13:08:24,6.89,--,5,3445,买盘
1836,13:08:21,6.89,0.01,115,79235,买盘
1837,13:08:18,6.88,-0.01,2,1376,卖盘
1838,13:08:15,6.89,0.01,60,41340,买盘
1839,13:08:12,6.88,--,65,44720,卖盘
1840,13:08:09,6.88,--,10,6880,卖盘
1841,13:08:06,6.88,--,5,3440,卖盘
1842,13:08:03,6.88,--,41,28208,买盘
1843,13:08:00,6.88,--,116,79808,买盘
1844,13:07:57,6.88,--,235,161680,买盘
1845,13:07:51,6.88,--,10301,7087088,买盘
1846,13:07:48,6.88,0.01,109,74992,买盘
1847,13:07:45,6.87,--,30,20610,卖盘
1848,13:07:42,6.87,-0.01,99,68013,卖盘
1849,13:07:39,6.88,--,36,24768,买盘
1850,13:07:36,6.88,--,7,4816,买盘
1851,13:07:30,6.88,--,15,10320,买盘
1852,13:07:27,6.88,--,60,41280,买盘
1853,13:07:24,6.88,--,26,17888,买盘
1854,13:07:21,6.88,--,39,26832,买盘
1855,13:07:18,6.88,0.01,963,662544,买盘
1856,13:07:15,6.87,-0.01,1,687,卖盘
1857,13:07:12,6.88,--,6,4128,买盘
1858,13:07:09,6.88,--,8,5504,买盘
1859,13:07:06,6.88,--,96,66048,买盘
1860,13:07:03,6.88,--,132,90816,买盘
1861,13:07:00,6.88,--,502,345376,买盘
1862,13:06:57,6.88,--,4,2752,买盘
1863,13:06:54,6.88,--,201,138288,买盘
1864,13:06:51,6.88,--,24,16512,买盘
1865,13:06:48,6.88,--,1792,1232896,买盘
1866,13:06:45,6.88,--,43,29584,买盘
1867,13:06:42,6.88,--,18,12384,买盘
1868,13:06:36,6.88,--,30,20640,买盘
1869,13:06:33,6.88,0.01,515,354320,买盘
1870,13:06:30,6.87,--,13,8931,卖盘
1871,13:06:27,6.87,-0.01,7,4809,卖盘
1872,13:06:24,6.88,--,19,13072,买盘
1873,13:06:21,6.88,--,11,7568,买盘
1874,13:06:18,6.88,--,8,5504,买盘
1875,13:06:15,6.88,0.01,300,206400,买盘
1876,13:06:12,6.87,-0.01,6,4122,卖盘
1877,13:06:09,6.88,--,54,37152,买盘
1878,13:06:06,6.88,0.01,32,22016,买盘
1879,13:06:03,6.87,-0.01,299,205413,卖盘
1880,13:06:00,6.88,0.01,4,2752,买盘
1881,13:05:57,6.87,-0.01,1843,1266141,卖盘
1882,13:05:54,6.88,--,11,7568,买盘
1883,13:05:51,6.88,--,24,16512,买盘
1884,13:05:48,6.88,--,3,2064,买盘
1885,13:05:45,6.88,0.02,3349,2304662,买盘
1886,13:05:42,6.86,-0.01,2016,1382976,卖盘
1887,13:05:39,6.87,--,32,21984,买盘
1888,13:05:36,6.87,--,4,2748,买盘
1889,13:05:30,6.87,--,216,148392,买盘
1890,13:05:27,6.87,--,34,23358,买盘
1891,13:05:15,6.87,--,30,20610,买盘
1892,13:05:12,6.87,--,96,65952,买盘
1893,13:05:06,6.87,0.01,31,21297,买盘
1894,13:05:03,6.86,-0.01,46,31556,卖盘
1895,13:05:00,6.87,--,1,687,买盘
1896,13:04:54,6.87,0.01,1,687,买盘
1897,13:04:51,6.86,-0.01,35,24010,卖盘
1898,13:04:48,6.87,0.01,98,67326,买盘
1899,13:04:42,6.86,0.01,1111,762146,买盘
1900,13:04:36,6.85,-0.01,57,39045,卖盘
1901,13:04:33,6.86,--,20,13720,买盘
1902,13:04:27,6.86,0.01,202,138572,买盘
1903,13:04:24,6.85,-0.01,51,34935,卖盘
1904,13:04:21,6.86,0.01,3,2058,买盘
1905,13:04:12,6.85,-0.01,305,208925,卖盘
1906,13:04:06,6.86,--,31,21266,买盘
1907,13:04:03,6.86,--,2,1372,买盘
1908,13:03:57,6.86,0.01,2,1372,买盘
1909,13:03:54,6.85,--,985,674725,卖盘
1910,13:03:51,6.85,-0.01,10,6850,卖盘
1911,13:03:48,6.86,--,433,297038,买盘
1912,13:03:45,6.86,0.01,10,6860,买盘
1913,13:03:42,6.85,-0.01,1,685,卖盘
1914,13:03:39,6.86,--,35,24010,买盘
1915,13:03:33,6.86,0.01,50,34300,买盘
1916,13:03:27,6.85,--,21,14385,卖盘
1917,13:03:24,6.85,-0.01,142,97270,卖盘
1918,13:03:18,6.86,0.01,196,134456,买盘
1919,13:03:12,6.85,-0.01,734,502790,卖盘
1920,13:03:09,6.86,--,16,10976,买盘
1921,13:03:06,6.86,--,71,48706,买盘
1922,13:03:03,6.86,--,13,8918,买盘
1923,13:02:54,6.86,--,1,686,买盘
1924,13:02:51,6.86,--,49,33614,买盘
1925,13:02:48,6.86,0.01,1,686,买盘
1926,13:02:45,6.85,--,10,6850,卖盘
1927,13:02:42,6.85,-0.01,1,685,卖盘
1928,13:02:36,6.86,0.01,20,13720,买盘
1929,13:02:33,6.85,-0.01,8,5480,卖盘
1930,13:02:30,6.86,--,118,80948,买盘
1931,13:02:27,6.86,0.01,29,19894,买盘
1932,13:02:24,6.85,-0.01,5,3425,卖盘
1933,13:02:18,6.86,--,10,6860,买盘
1934,13:02:15,6.86,--,8,5488,买盘
1935,13:02:12,6.86,--,952,653072,买盘
1936,13:02:06,6.86,--,31,21266,买盘
1937,13:02:03,6.86,--,52,35672,买盘
1938,13:01:57,6.86,--,36,24696,买盘
1939,13:01:54,6.86,--,30,20580,买盘
1940,13:01:45,6.86,--,10,6860,买盘
1941,13:01:42,6.86,--,114,78204,买盘
1942,13:01:39,6.86,--,49,33614,买盘
1943,13:01:36,6.86,--,7,4802,买盘
1944,13:01:33,6.86,--,22,15092,买盘
1945,13:01:30,6.86,--,18,12348,买盘
1946,13:01:27,6.86,--,46,31556,买盘
1947,13:01:24,6.86,--,24,16464,买盘
1948,13:01:21,6.86,--,25,17150,买盘
1949,13:01:18,6.86,0.01,10,6860,买盘
1950,13:01:15,6.85,-0.01,155,106175,卖盘
1951,13:01:12,6.86,--,1211,830746,买盘
1952,13:01:09,6.86,--,13,8918,买盘
1953,13:01:06,6.86,--,55,37730,买盘
1954,13:01:03,6.86,--,1,686,买盘
1955,13:00:57,6.86,--,120,82320,买盘
1956,13:00:54,6.86,--,41,28126,买盘
1957,13:00:51,6.86,--,2,1372,买盘
1958,13:00:48,6.86,0.01,26,17836,买盘
1959,13:00:42,6.85,--,31,21235,卖盘
1960,13:00:36,6.85,--,525,359625,买盘
1961,13:00:33,6.85,--,356,243860,买盘
1962,13:00:30,6.85,--,308,210980,买盘
1963,13:00:27,6.85,--,111,76035,买盘
1964,13:00:24,6.85,--,12,8220,买盘
1965,13:00:21,6.85,--,81,55485,买盘
1966,13:00:12,6.85,0.01,375,256875,买盘
1967,13:00:09,6.84,-0.01,46,31464,卖盘
1968,13:00:06,6.85,--,1590,1089150,买盘
1969,13:00:03,6.85,--,2940,2014448,买盘
1970,13:00:00,6.85,--,0,0,买盘
1971,11:30:00,6.85,--,1,685,买盘
1972,11:29:57,6.85,--,19,13015,买盘
1973,11:29:54,6.85,--,41,28085,买盘
1974,11:29:45,6.85,--,50,34250,买盘
1975,11:29:42,6.85,--,5,3425,买盘
1976,11:29:39,6.85,--,6,4110,买盘
1977,11:29:33,6.85,--,12,8220,买盘
1978,11:29:30,6.85,--,112,76720,买盘
1979,11:29:27,6.85,--,24,16440,买盘
1980,11:29:24,6.85,--,1,685,买盘
1981,11:29:18,6.85,--,1,685,买盘
1982,11:29:15,6.85,--,51,34935,买盘
1983,11:29:12,6.85,0.01,1328,909680,买盘
1984,11:29:09,6.84,--,4,2736,卖盘
1985,11:29:06,6.84,-0.01,33,22572,卖盘
1986,11:29:03,6.85,--,199,136315,买盘
1987,11:29:00,6.85,0.01,5,3425,买盘
1988,11:28:54,6.84,-0.01,37,25308,卖盘
1989,11:28:51,6.85,--,30,20550,买盘
1990,11:28:45,6.85,--,19,13015,买盘
1991,11:28:42,6.85,0.01,36,24660,买盘
1992,11:28:39,6.84,-0.01,1,684,卖盘
1993,11:28:33,6.85,0.01,38,26030,买盘
1994,11:28:30,6.84,--,109,74556,买盘
1995,11:28:27,6.84,-0.01,92,62928,卖盘
1996,11:28:24,6.85,--,1,685,买盘
1997,11:28:21,6.85,0.01,1,685,买盘
1998,11:28:18,6.84,--,958,655272,买盘
1999,11:28:15,6.84,--,1090,745560,买盘
2000,11:28:12,6.84,--,994,679896,买盘
2001,11:28:09,6.84,--,786,537624,买盘
2002,11:28:06,6.84,--,78,53352,买盘
2003,11:28:03,6.84,--,16,10944,买盘
2004,11:28:00,6.84,--,77,52668,买盘
2005,11:27:57,6.84,-0.01,2,1368,卖盘
2006,11:27:54,6.85,0.01,133,91105,买盘
2007,11:27:51,6.84,--,18,12312,卖盘
2008,11:27:48,6.84,-0.01,50,34200,卖盘
2009,11:27:45,6.85,0.01,2,1370,买盘
2010,11:27:42,6.84,-0.01,130,88920,卖盘
2011,11:27:39,6.85,--,10,6850,买盘
2012,11:27:36,6.85,--,76,52060,买盘
2013,11:27:33,6.85,--,13,8905,买盘
2014,11:27:30,6.85,0.01,24,16440,买盘
2015,11:27:27,6.84,--,502,343368,买盘
2016,11:27:24,6.84,--,1478,1010952,买盘
2017,11:27:18,6.84,--,32,21888,买盘
2018,11:27:15,6.84,--,1045,714780,买盘
2019,11:27:12,6.84,--,433,296172,买盘
2020,11:27:09,6.84,--,945,646380,买盘
2021,11:27:06,6.84,0.01,12,8208,买盘
2022,11:27:03,6.83,-0.01,43,29369,卖盘
2023,11:27:00,6.84,--,20,13680,买盘
2024,11:26:54,6.84,--,33,22572,买盘
2025,11:26:51,6.84,--,1,684,买盘
2026,11:26:48,6.84,--,16,10944,买盘
2027,11:26:45,6.84,0.01,59,40356,买盘
2028,11:26:42,6.83,-0.01,3,2049,卖盘
2029,11:26:39,6.84,--,32,21888,买盘
2030,11:26:33,6.84,--,9,6156,买盘
2031,11:26:30,6.84,--,2,1368,买盘
2032,11:26:27,6.84,0.01,17,11628,买盘
2033,11:26:24,6.83,-0.01,11,7513,卖盘
2034,11:26:21,6.84,--,30,20520,买盘
2035,11:26:18,6.84,--,16,10944,买盘
2036,11:26:12,6.84,--,1198,819432,买盘
2037,11:26:09,6.84,--,93,63612,买盘
2038,11:26:03,6.84,-0.01,149,101916,卖盘
2039,11:26:00,6.85,--,1,685,买盘
2040,11:25:57,6.85,--,14,9590,买盘
2041,11:25:54,6.85,--,132,90420,买盘
2042,11:25:51,6.85,--,42,28770,买盘
2043,11:25:45,6.85,0.02,13,8905,买盘
2044,11:25:36,6.83,-0.02,32,21856,卖盘
2045,11:25:33,6.85,--,40,27400,买盘
2046,11:25:30,6.85,--,1,685,买盘
2047,11:25:24,6.85,0.01,94,64390,买盘
2048,11:25:21,6.84,--,319,218196,买盘
2049,11:25:18,6.84,--,17,11628,买盘
2050,11:25:15,6.84,--,8,5472,买盘
2051,11:25:12,6.84,--,539,368676,卖盘
2052,11:25:09,6.84,-0.01,1818,1243512,卖盘
2053,11:25:06,6.85,--,35,23975,买盘
2054,11:25:03,6.85,--,18,12330,买盘
2055,11:25:00,6.85,--,1,685,买盘
2056,11:24:54,6.85,--,59,40415,买盘
2057,11:24:51,6.85,0.01,1,685,买盘
2058,11:24:45,6.84,-0.01,29,19836,卖盘
2059,11:24:33,6.85,--,13,8905,买盘
2060,11:24:30,6.85,--,2,1370,买盘
2061,11:24:27,6.85,--,2,1370,买盘
2062,11:24:24,6.85,--,2,1370,买盘
2063,11:24:21,6.85,--,22,15070,买盘
2064,11:24:18,6.85,--,1,685,买盘
2065,11:24:15,6.85,--,33,22605,买盘
2066,11:24:12,6.85,--,2,1370,买盘
2067,11:24:09,6.85,0.01,11,7535,买盘
2068,11:24:03,6.84,-0.01,22,15048,卖盘
2069,11:24:00,6.85,--,1,685,买盘
2070,11:23:57,6.85,--,12,8220,买盘
2071,11:23:54,6.85,0.01,31,21235,买盘
2072,11:23:48,6.84,--,266,181944,买盘
2073,11:23:45,6.84,0.01,11,7524,买盘
2074,11:23:42,6.83,-0.01,13,8879,卖盘
2075,11:23:33,6.84,0.01,13,8892,买盘
2076,11:23:24,6.83,-0.01,1,683,卖盘
2077,11:23:21,6.84,--,27,18468,买盘
2078,11:23:18,6.84,--,1,684,买盘
2079,11:23:15,6.84,--,10,6840,买盘
2080,11:23:12,6.84,--,6,4104,买盘
2081,11:23:09,6.84,--,11,7524,买盘
2082,11:23:06,6.84,--,2,1368,买盘
2083,11:23:03,6.84,0.01,1,684,买盘
2084,11:22:57,6.83,-0.01,24,16392,卖盘
2085,11:22:54,6.84,--,31,21204,买盘
2086,11:22:51,6.84,--,1,684,买盘
2087,11:22:45,6.84,--,10,6840,买盘
2088,11:22:36,6.84,--,4,2736,买盘
2089,11:22:33,6.84,--,11,7524,买盘
2090,11:22:30,6.84,--,1,684,买盘
2091,11:22:21,6.84,--,17,11628,买盘
2092,11:22:18,6.84,--,2,1368,买盘
2093,11:22:12,6.84,--,13,8892,买盘
2094,11:22:06,6.84,--,40,27360,买盘
2095,11:22:03,6.84,--,39,26676,买盘
2096,11:22:00,6.84,--,1,684,买盘
2097,11:21:57,6.84,--,3,2052,买盘
2098,11:21:54,6.84,--,47,32148,买盘
2099,11:21:51,6.84,0.01,20,13680,买盘
2100,11:21:45,6.83,-0.01,5,3415,卖盘
2101,11:21:42,6.84,--,11,7524,买盘
2102,11:21:39,6.84,--,4,2736,买盘
2103,11:21:33,6.84,0.01,1,684,买盘
2104,11:21:30,6.83,-0.01,31,21173,卖盘
2105,11:21:21,6.84,--,8,5472,买盘
2106,11:21:18,6.84,--,12,8208,买盘
2107,11:21:15,6.84,--,1,684,买盘
2108,11:21:06,6.84,--,27,18468,买盘
2109,11:21:03,6.84,--,81,55404,买盘
2110,11:21:00,6.84,--,1,684,买盘
2111,11:20:54,6.84,--,52,35568,买盘
2112,11:20:51,6.84,--,1,684,买盘
2113,11:20:48,6.84,--,434,296856,买盘
2114,11:20:45,6.84,0.01,73,49932,买盘
2115,11:20:39,6.83,-0.01,5,3415,卖盘
2116,11:20:36,6.84,--,357,244188,买盘
2117,11:20:33,6.84,--,54,36936,买盘
2118,11:20:30,6.84,--,1,684,买盘
2119,11:20:27,6.84,--,18,12312,买盘
2120,11:20:21,6.84,--,18,12312,买盘
2121,11:20:18,6.84,--,25,17100,买盘
2122,11:20:15,6.84,--,26,17784,买盘
2123,11:20:06,6.84,--,1,684,买盘
2124,11:20:03,6.84,--,3,2052,买盘
2125,11:20:00,6.84,--,1,684,买盘
2126,11:19:54,6.84,--,30,20520,买盘
2127,11:19:51,6.84,0.01,22,15048,买盘
2128,11:19:42,6.83,--,1,683,卖盘
2129,11:19:39,6.83,-0.01,40,27320,卖盘
2130,11:19:33,6.84,--,1,684,买盘
2131,11:19:18,6.84,0.01,12,8208,买盘
2132,11:19:15,6.83,-0.01,19,12977,卖盘
2133,11:19:12,6.84,--,1,684,买盘
2134,11:19:06,6.84,0.01,11,7524,买盘
2135,11:19:03,6.83,--,489,333987,买盘
2136,11:19:00,6.83,--,14,9562,买盘
2137,11:18:57,6.83,--,6,4098,买盘
2138,11:18:54,6.83,0.01,31,21173,买盘
2139,11:18:51,6.82,-0.01,43,29326,卖盘
2140,11:18:45,6.83,0.01,115,78545,买盘
2141,11:18:39,6.82,-0.01,51,34782,卖盘
2142,11:18:33,6.83,--,1,683,买盘
2143,11:18:30,6.83,--,1,683,买盘
2144,11:18:24,6.83,--,30,20490,买盘
2145,11:18:21,6.83,--,41,28003,买盘
2146,11:18:18,6.83,--,3,2049,买盘
2147,11:18:15,6.83,--,5,3415,买盘
2148,11:18:09,6.83,--,1,683,买盘
2149,11:18:03,6.83,--,1,683,买盘
2150,11:18:00,6.83,--,12,8196,买盘
2151,11:17:54,6.83,--,33,22539,买盘
2152,11:17:51,6.83,0.01,24,16392,买盘
2153,11:17:45,6.82,-0.01,5,3410,卖盘
2154,11:17:42,6.83,0.01,1,683,买盘
2155,11:17:39,6.82,-0.01,52,35464,卖盘
2156,11:17:36,6.83,--,25,17075,买盘
2157,11:17:33,6.83,--,2,1366,买盘
2158,11:17:30,6.83,--,1,683,买盘
2159,11:17:27,6.83,--,152,103816,买盘
2160,11:17:24,6.83,--,4,2732,买盘
2161,11:17:21,6.83,--,1,683,买盘
2162,11:17:18,6.83,-0.01,57,38931,卖盘
2163,11:17:15,6.84,0.01,188,128592,买盘
2164,11:17:12,6.83,--,21,14343,卖盘
2165,11:17:06,6.83,--,266,181678,买盘
2166,11:17:03,6.83,--,1,683,买盘
2167,11:17:00,6.83,--,15,10245,买盘
2168,11:16:54,6.83,0.01,123,84009,买盘
2169,11:16:51,6.82,--,43,29326,卖盘
2170,11:16:48,6.82,-0.01,50,34100,卖盘
2171,11:16:42,6.83,--,16,10928,买盘
2172,11:16:33,6.83,0.01,26,17758,买盘
2173,11:16:30,6.82,--,10,6820,卖盘
2174,11:16:21,6.82,-0.01,241,164362,卖盘
2175,11:16:18,6.83,--,64,43712,买盘
2176,11:16:15,6.83,0.01,5,3415,买盘
2177,11:16:12,6.82,-0.01,247,168454,卖盘
2178,11:16:03,6.83,--,25,17075,买盘
2179,11:16:00,6.83,--,2,1366,买盘
2180,11:15:54,6.83,0.01,62,42346,买盘
2181,11:15:51,6.82,-0.01,6,4092,卖盘
2182,11:15:48,6.83,--,33,22539,买盘
2183,11:15:45,6.83,--,2,1366,买盘
2184,11:15:42,6.83,--,12,8196,买盘
2185,11:15:39,6.83,--,87,59421,买盘
2186,11:15:33,6.83,0.01,52,35516,买盘
2187,11:15:30,6.82,-0.01,6,4092,卖盘
2188,11:15:27,6.83,--,17,11611,买盘
2189,11:15:24,6.83,--,40,27320,买盘
2190,11:15:18,6.83,--,2,1366,买盘
2191,11:15:15,6.83,--,4,2732,买盘
2192,11:15:12,6.83,--,43,29369,买盘
2193,11:15:09,6.83,--,197,134551,买盘
2194,11:15:06,6.83,--,6,4098,买盘
2195,11:15:03,6.83,--,26,17758,买盘
2196,11:15:00,6.83,--,33,22539,买盘
2197,11:14:57,6.83,-0.01,165,112695,卖盘
2198,11:14:54,6.84,--,80,54720,买盘
2199,11:14:48,6.84,--,1,684,买盘
2200,11:14:45,6.84,0.01,1,684,买盘
2201,11:14:39,6.83,-0.01,21,14343,卖盘
2202,11:14:36,6.84,--,24,16416,买盘
2203,11:14:33,6.84,0.01,1,684,买盘
2204,11:14:27,6.83,-0.01,1,683,卖盘
2205,11:14:24,6.84,0.01,11,7524,买盘
2206,11:14:21,6.83,--,17,11611,买盘
2207,11:14:18,6.83,--,2,1366,买盘
2208,11:14:15,6.83,-0.01,4,2732,卖盘
2209,11:14:12,6.84,0.01,10,6840,买盘
2210,11:14:09,6.83,--,5,3415,卖盘
2211,11:14:06,6.83,--,35,23905,买盘
2212,11:14:03,6.83,--,26,17758,买盘
2213,11:14:00,6.83,0.01,1,683,买盘
2214,11:13:57,6.82,--,3,2046,卖盘
2215,11:13:54,6.82,-0.01,156,106392,卖盘
2216,11:13:39,6.83,--,42,28686,买盘
2217,11:13:36,6.83,--,24,16392,买盘
2218,11:13:33,6.83,--,3,2049,买盘
2219,11:13:30,6.83,--,7,4781,买盘
2220,11:13:24,6.83,--,40,27320,买盘
2221,11:13:18,6.83,0.01,6,4098,买盘
2222,11:13:15,6.82,-0.01,35,23870,卖盘
2223,11:13:12,6.83,0.01,15,10245,买盘
2224,11:13:06,6.82,-0.01,8,5456,卖盘
2225,11:13:03,6.83,--,26,17758,买盘
2226,11:13:00,6.83,--,6,4098,买盘
2227,11:12:54,6.83,--,39,26637,买盘
2228,11:12:51,6.83,--,50,34150,买盘
2229,11:12:48,6.83,--,1,683,买盘
2230,11:12:42,6.83,0.01,7,4781,买盘
2231,11:12:39,6.82,-0.01,10,6820,卖盘
2232,11:12:33,6.83,--,1,683,买盘
2233,11:12:30,6.83,--,71,48493,买盘
2234,11:12:24,6.83,--,24,16392,买盘
2235,11:12:18,6.83,--,2,1366,买盘
2236,11:12:15,6.83,--,5,3415,买盘
2237,11:12:03,6.83,--,1,683,买盘
2238,11:12:00,6.83,0.01,1,683,买盘
2239,11:11:57,6.82,--,70,47740,卖盘
2240,11:11:54,6.82,-0.01,57,38874,卖盘
2241,11:11:48,6.83,0.01,25,17075,买盘
2242,11:11:42,6.82,-0.01,23,15686,卖盘
2243,11:11:36,6.83,0.01,1,683,买盘
2244,11:11:33,6.82,--,9,6138,卖盘
2245,11:11:30,6.82,--,3,2046,卖盘
2246,11:11:24,6.82,-0.01,18,12276,卖盘
2247,11:11:18,6.83,--,2,1366,买盘
2248,11:11:12,6.83,--,5,3415,买盘
2249,11:11:09,6.83,-0.01,1,683,卖盘
2250,11:11:06,6.84,--,1,684,买盘
2251,11:11:03,6.84,0.01,1,684,买盘
2252,11:11:00,6.83,--,51,34833,买盘
2253,11:10:57,6.83,-0.01,51,34833,卖盘
2254,11:10:54,6.84,--,53,36252,买盘
2255,11:10:48,6.84,--,1,684,买盘
2256,11:10:45,6.84,--,7,4788,买盘
2257,11:10:39,6.84,0.03,18,12312,买盘
2258,11:10:36,6.81,-0.03,3000,2042999,卖盘
2259,11:10:33,6.84,--,1,684,买盘
2260,11:10:30,6.84,--,1,684,买盘
2261,11:10:27,6.84,0.01,2,1368,买盘
2262,11:10:24,6.83,-0.01,5,3415,卖盘
2263,11:10:18,6.84,--,3,2052,买盘
2264,11:10:12,6.84,0.01,4,2736,买盘
2265,11:10:06,6.83,-0.01,136,92888,卖盘
2266,11:10:03,6.84,0.01,1,684,买盘
2267,11:10:00,6.83,-0.01,7,4781,卖盘
2268,11:09:54,6.84,--,37,25308,买盘
2269,11:09:51,6.84,--,23,15732,买盘
2270,11:09:48,6.84,--,220,150480,买盘
2271,11:09:42,6.84,0.01,17,11628,买盘
2272,11:09:36,6.83,--,2,1366,卖盘
2273,11:09:33,6.83,-0.01,15,10245,卖盘
2274,11:09:30,6.84,--,1,684,买盘
2275,11:09:24,6.84,0.01,435,297540,买盘
2276,11:09:21,6.83,-0.01,15,10245,卖盘
2277,11:09:18,6.84,--,2,1368,买盘
2278,11:09:15,6.84,--,21,14364,买盘
2279,11:09:12,6.84,--,5,3420,买盘
2280,11:09:03,6.84,--,6,4104,买盘
2281,11:09:00,6.84,--,3,2052,买盘
2282,11:08:54,6.84,--,36,24624,买盘
2283,11:08:51,6.84,--,27,18468,买盘
2284,11:08:48,6.84,0.01,8,5472,买盘
2285,11:08:45,6.83,-0.01,60,40980,卖盘
2286,11:08:42,6.84,--,100,68400,买盘
2287,11:08:39,6.84,--,8,5472,买盘
2288,11:08:36,6.84,--,17,11628,买盘
2289,11:08:33,6.84,0.01,1,684,买盘
2290,11:08:30,6.83,--,43,29369,卖盘
2291,11:08:27,6.83,-0.01,1,683,卖盘
2292,11:08:18,6.84,--,1,684,买盘
2293,11:08:15,6.84,0.01,6,4104,买盘
2294,11:08:09,6.83,-0.01,50,34150,卖盘
2295,11:08:06,6.84,--,8,5472,买盘
2296,11:08:03,6.84,--,18,12312,买盘
2297,11:08:00,6.84,0.01,1,684,买盘
2298,11:07:57,6.83,--,18,12294,卖盘
2299,11:07:54,6.83,-0.01,60,40980,卖盘
2300,11:07:51,6.84,--,22,15048,买盘
2301,11:07:48,6.84,0.01,1,684,买盘
2302,11:07:42,6.83,-0.01,25,17075,卖盘
2303,11:07:39,6.84,0.01,41,28044,买盘
2304,11:07:30,6.83,--,98,66934,买盘
2305,11:07:27,6.83,--,17,11611,买盘
2306,11:07:24,6.83,-0.01,31,21173,买盘
2307,11:07:18,6.84,--,2,1368,买盘
2308,11:07:15,6.84,--,2,1368,买盘
2309,11:07:12,6.84,0.02,7,4788,买盘
2310,11:07:09,6.82,--,2,1364,卖盘
2311,11:07:06,6.82,-0.02,2000,1364000,卖盘
2312,11:07:03,6.84,--,3,2052,买盘
2313,11:07:00,6.84,--,4,2736,买盘
2314,11:06:57,6.84,--,7,4788,买盘
2315,11:06:54,6.84,--,75,51300,买盘
2316,11:06:51,6.84,0.01,10,6840,买盘
2317,11:06:48,6.83,--,21,14343,卖盘
2318,11:06:45,6.83,--,30,20490,卖盘
2319,11:06:39,6.83,--,19,12977,卖盘
2320,11:06:36,6.83,-0.01,29,19807,卖盘
2321,11:06:33,6.84,--,17,11628,买盘
2322,11:06:27,6.84,--,30,20520,买盘
2323,11:06:18,6.84,--,2,1368,买盘
2324,11:06:15,6.84,--,6,4104,买盘
2325,11:06:12,6.84,0.01,10,6840,买盘
2326,11:06:09,6.83,-0.01,40,27320,卖盘
2327,11:06:06,6.84,--,47,32148,买盘
2328,11:06:03,6.84,--,23,15732,买盘
2329,11:06:00,6.84,--,4,2736,买盘
2330,11:05:57,6.84,--,18,12312,买盘
2331,11:05:54,6.84,--,30,20520,买盘
2332,11:05:48,6.84,--,9,6156,买盘
2333,11:05:45,6.84,0.02,12,8208,买盘
2334,11:05:33,6.82,-0.02,1820,1241240,卖盘
2335,11:05:30,6.84,--,20,13680,买盘
2336,11:05:24,6.84,--,9,6156,买盘
2337,11:05:18,6.84,--,29,19836,买盘
2338,11:05:15,6.84,--,6,4104,买盘
2339,11:05:12,6.84,--,5,3420,买盘
2340,11:05:09,6.84,--,11,7524,买盘
2341,11:05:06,6.84,--,14,9576,买盘
2342,11:05:03,6.84,--,24,16416,买盘
2343,11:05:00,6.84,--,1,684,买盘
2344,11:04:57,6.84,--,13,8892,买盘
2345,11:04:54,6.84,--,35,23940,买盘
2346,11:04:51,6.84,0.01,3,2052,买盘
2347,11:04:48,6.83,-0.01,38,25954,卖盘
2348,11:04:45,6.84,--,90,61560,买盘
2349,11:04:42,6.84,--,80,54720,买盘
2350,11:04:36,6.84,--,55,37620,买盘
2351,11:04:33,6.84,0.01,12,8208,买盘
2352,11:04:27,6.83,-0.01,4,2732,卖盘
2353,11:04:21,6.84,--,26,17784,买盘
2354,11:04:18,6.84,--,1,684,买盘
2355,11:04:15,6.84,--,18,12312,买盘
2356,11:04:12,6.84,--,4,2736,买盘
2357,11:04:09,6.84,--,22,15048,买盘
2358,11:04:06,6.84,--,139,95076,买盘
2359,11:04:03,6.84,0.01,25,17100,买盘
2360,11:04:00,6.83,-0.01,5,3415,卖盘
2361,11:03:57,6.84,--,13,8892,买盘
2362,11:03:54,6.84,--,31,21204,买盘
2363,11:03:51,6.84,--,29,19836,买盘
2364,11:03:45,6.84,0.01,15,10260,买盘
2365,11:03:39,6.83,--,15,10245,卖盘
2366,11:03:36,6.83,--,219,149577,卖盘
2367,11:03:33,6.83,-0.01,1,683,卖盘
2368,11:03:30,6.84,--,48,32832,买盘
2369,11:03:24,6.84,0.01,10,6840,买盘
2370,11:03:21,6.83,-0.01,5,3415,卖盘
2371,11:03:18,6.84,--,72,49248,买盘
2372,11:03:15,6.84,--,82,56088,买盘
2373,11:03:12,6.84,0.01,28,19152,买盘
2374,11:03:09,6.83,-0.01,50,34150,卖盘
2375,11:03:06,6.84,--,22,15048,买盘
2376,11:03:03,6.84,--,24,16416,买盘
2377,11:03:00,6.84,--,1,684,买盘
2378,11:02:54,6.84,--,43,29412,买盘
2379,11:02:48,6.84,--,512,350208,买盘
2380,11:02:45,6.84,--,20,13680,买盘
2381,11:02:42,6.84,--,89,60876,买盘
2382,11:02:33,6.84,0.01,35,23940,买盘
2383,11:02:30,6.83,--,377,257764,买盘
2384,11:02:24,6.83,--,1,683,买盘
2385,11:02:21,6.83,--,213,145479,买盘
2386,11:02:18,6.83,--,13,8879,买盘
2387,11:02:15,6.83,--,126,86058,买盘
2388,11:02:12,6.83,--,64,43712,买盘
2389,11:02:09,6.83,--,286,195338,买盘
2390,11:02:06,6.83,--,26,17758,买盘
2391,11:02:03,6.83,--,460,314180,买盘
2392,11:02:00,6.83,--,60,40980,买盘
2393,11:01:57,6.83,--,16,10928,买盘
2394,11:01:54,6.83,0.01,130,88790,买盘
2395,11:01:51,6.82,-0.01,35,23870,卖盘
2396,11:01:45,6.83,--,13,8879,买盘
2397,11:01:39,6.83,0.01,29,19807,买盘
2398,11:01:36,6.82,--,24,16368,卖盘
2399,11:01:33,6.82,-0.01,13,8866,卖盘
2400,11:01:30,6.83,--,2,1366,买盘
2401,11:01:27,6.83,--,36,24588,买盘
2402,11:01:24,6.83,--,30,20490,买盘
2403,11:01:21,6.83,--,20,13660,买盘
2404,11:01:18,6.83,--,1,683,买盘
2405,11:01:12,6.83,0.01,46,31418,买盘
2406,11:01:09,6.82,-0.01,8,5456,卖盘
2407,11:01:06,6.83,--,1,683,买盘
2408,11:01:03,6.83,--,101,68983,买盘
2409,11:01:00,6.83,0.01,42,28686,买盘
2410,11:00:57,6.82,-0.01,1,682,卖盘
2411,11:00:54,6.83,--,43,29369,买盘
2412,11:00:45,6.83,--,1,683,买盘
2413,11:00:39,6.83,--,162,110646,买盘
2414,11:00:36,6.83,--,47,32101,买盘
2415,11:00:33,6.83,--,52,35516,买盘
2416,11:00:30,6.83,0.01,54,36882,买盘
2417,11:00:18,6.82,-0.01,15,10230,卖盘
2418,11:00:12,6.83,0.01,10,6830,买盘
2419,11:00:09,6.82,-0.01,148,100936,卖盘
2420,11:00:03,6.83,--,140,95620,买盘
2421,11:00:00,6.83,--,1,683,买盘
2422,10:59:54,6.83,--,31,21173,买盘
2423,10:59:48,6.83,--,1,683,买盘
2424,10:59:45,6.83,--,1,683,买盘
2425,10:59:42,6.83,0.01,44,30052,买盘
2426,10:59:39,6.82,-0.01,22,15004,卖盘
2427,10:59:36,6.83,0.01,20,13660,买盘
2428,10:59:21,6.82,-0.01,100,68200,卖盘
2429,10:59:18,6.83,--,1,683,买盘
2430,10:59:12,6.83,--,11,7513,买盘
2431,10:59:09,6.83,--,4,2732,买盘
2432,10:59:06,6.83,--,25,17075,买盘
2433,10:59:03,6.83,--,6,4098,买盘
2434,10:59:00,6.83,--,2,1366,买盘
2435,10:58:54,6.83,0.01,30,20490,买盘
2436,10:58:51,6.82,--,25,17050,卖盘
2437,10:58:48,6.82,-0.01,80,54560,卖盘
2438,10:58:45,6.83,0.01,1,683,买盘
2439,10:58:42,6.82,-0.01,200,136400,卖盘
2440,10:58:39,6.83,--,5,3415,买盘
2441,10:58:36,6.83,0.01,25,17075,买盘
2442,10:58:33,6.82,--,20,13640,卖盘
2443,10:58:30,6.82,-0.01,31,21142,卖盘
2444,10:58:27,6.83,--,55,37565,买盘
2445,10:58:24,6.83,--,67,45761,买盘
2446,10:58:21,6.83,0.01,90,61470,买盘
2447,10:58:15,6.82,-0.01,35,23870,卖盘
2448,10:58:12,6.83,0.01,4,2732,买盘
2449,10:58:09,6.82,-0.01,2,1364,卖盘
2450,10:58:06,6.83,--,46,31418,买盘
2451,10:58:03,6.83,0.01,1,683,买盘
2452,10:58:00,6.82,--,25,17050,卖盘
2453,10:57:57,6.82,-0.01,20,13640,卖盘
2454,10:57:54,6.83,0.01,30,20490,买盘
2455,10:57:48,6.82,-0.01,5,3410,卖盘
2456,10:57:42,6.83,0.01,49,33467,买盘
2457,10:57:39,6.82,-0.01,3,2046,卖盘
2458,10:57:36,6.83,--,16,10928,买盘
2459,10:57:33,6.83,--,24,16392,买盘
2460,10:57:30,6.83,--,1,683,买盘
2461,10:57:27,6.83,0.01,20,13660,买盘
2462,10:57:21,6.82,-0.01,10,6820,卖盘
2463,10:57:18,6.83,--,45,30735,买盘
2464,10:57:09,6.83,0.01,5,3415,买盘
2465,10:57:06,6.82,-0.01,27,18414,卖盘
2466,10:57:03,6.83,--,1,683,买盘
2467,10:57:00,6.83,--,26,17758,买盘
2468,10:56:57,6.83,--,49,33467,买盘
2469,10:56:54,6.83,--,69,47127,买盘
2470,10:56:51,6.83,--,24,16392,买盘
2471,10:56:48,6.83,--,37,25271,买盘
2472,10:56:39,6.83,--,88,60104,买盘
2473,10:56:36,6.83,--,17,11611,买盘
2474,10:56:33,6.83,0.01,3,2049,买盘
2475,10:56:24,6.82,-0.01,3,2046,卖盘
2476,10:56:21,6.83,--,25,17075,买盘
2477,10:56:18,6.83,--,1,683,买盘
2478,10:56:15,6.83,--,79,53957,买盘
2479,10:56:12,6.83,--,3,2049,买盘
2480,10:56:09,6.83,--,5,3415,买盘
2481,10:56:06,6.83,--,24,16392,买盘
2482,10:56:00,6.83,--,18,12294,买盘
2483,10:55:57,6.83,--,30,20490,买盘
2484,10:55:54,6.83,0.01,54,36882,买盘
2485,10:55:45,6.82,-0.01,35,23870,卖盘
2486,10:55:42,6.83,--,33,22539,买盘
2487,10:55:39,6.83,0.01,25,17075,买盘
2488,10:55:33,6.82,--,30,20460,卖盘
2489,10:55:30,6.82,--,350,238700,卖盘
2490,10:55:27,6.82,--,863,588566,卖盘
2491,10:55:24,6.82,-0.01,30,20460,卖盘
2492,10:55:21,6.83,--,50,34150,买盘
2493,10:55:18,6.83,0.01,63,43029,买盘
2494,10:55:15,6.82,-0.01,318,216876,卖盘
2495,10:55:12,6.83,--,1,683,买盘
2496,10:55:09,6.83,--,32,21856,买盘
2497,10:55:06,6.83,--,90,61470,买盘
2498,10:55:03,6.83,--,62,42346,买盘
2499,10:55:00,6.83,--,2,1366,买盘
2500,10:54:54,6.83,--,36,24588,买盘
2501,10:54:51,6.83,0.01,25,17075,买盘
2502,10:54:45,6.82,-0.01,5,3410,卖盘
2503,10:54:42,6.83,--,1,683,买盘
2504,10:54:36,6.83,--,25,17075,买盘
2505,10:54:33,6.83,0.01,1,683,买盘
2506,10:54:30,6.82,-0.01,18,12276,卖盘
2507,10:54:27,6.83,--,51,34833,买盘
2508,10:54:21,6.83,--,24,16392,买盘
2509,10:54:18,6.83,--,33,22539,买盘
2510,10:54:15,6.83,-0.01,134,91931,卖盘
2511,10:54:12,6.84,--,1,684,买盘
2512,10:54:09,6.84,--,5,3420,买盘
2513,10:54:06,6.84,--,46,31464,买盘
2514,10:54:03,6.84,0.01,2,1368,买盘
2515,10:53:57,6.83,--,8,5464,卖盘
2516,10:53:54,6.83,--,1545,1055235,卖盘
2517,10:53:51,6.83,-0.01,2,1366,卖盘
2518,10:53:48,6.84,0.01,25,17100,买盘
2519,10:53:36,6.83,--,20,13660,卖盘
2520,10:53:21,6.83,--,29,19807,卖盘
2521,10:53:15,6.83,-0.01,58,39614,卖盘
2522,10:53:09,6.84,--,5,3420,买盘
2523,10:53:06,6.84,0.01,1,684,买盘
2524,10:53:03,6.83,-0.01,20,13660,卖盘
2525,10:53:00,6.84,--,1,684,买盘
2526,10:52:54,6.84,0.01,75,51300,买盘
2527,10:52:51,6.83,--,30,20490,卖盘
2528,10:52:39,6.83,--,133,90839,卖盘
2529,10:52:18,6.83,-0.01,1,683,卖盘
2530,10:52:06,6.84,--,43,29412,买盘
2531,10:52:03,6.84,--,42,28728,买盘
2532,10:52:00,6.84,--,1,684,买盘
2533,10:51:54,6.84,--,31,21204,买盘
2534,10:51:51,6.84,0.01,3,2052,买盘
2535,10:51:48,6.83,--,35,23905,卖盘
2536,10:51:45,6.83,-0.01,6,4371,卖盘
2537,10:51:36,6.84,0.01,79,54036,买盘
2538,10:51:27,6.83,-0.01,114,77862,卖盘
2539,10:51:21,6.84,--,63,43092,买盘
2540,10:51:18,6.84,--,36,24624,买盘
2541,10:51:09,6.84,--,42,28728,买盘
2542,10:51:06,6.84,--,5,3420,买盘
2543,10:51:03,6.84,--,63,43092,买盘
2544,10:51:00,6.84,--,1,684,买盘
2545,10:50:54,6.84,0.01,90,61560,买盘
2546,10:50:51,6.83,--,63,43029,买盘
2547,10:50:48,6.83,--,32,21856,买盘
2548,10:50:45,6.83,--,70,47810,买盘
2549,10:50:42,6.83,--,16,10928,买盘
2550,10:50:39,6.83,0.01,84,57372,买盘
2551,10:50:36,6.82,-0.01,32,21824,卖盘
2552,10:50:33,6.83,-0.01,1425,973275,卖盘
2553,10:50:30,6.84,--,1,684,买盘
2554,10:50:27,6.84,--,1,684,买盘
2555,10:50:24,6.84,0.01,32,21888,买盘
2556,10:50:18,6.83,-0.01,21,14343,卖盘
2557,10:50:15,6.84,--,17,11628,买盘
2558,10:50:12,6.84,--,4,2736,买盘
2559,10:50:09,6.84,--,95,64980,买盘
2560,10:50:06,6.84,0.01,8,5472,买盘
2561,10:50:00,6.83,-0.01,3,2049,卖盘
2562,10:49:57,6.84,--,35,23940,买盘
2563,10:49:54,6.84,--,56,38304,买盘
2564,10:49:51,6.84,--,11,7524,买盘
2565,10:49:48,6.84,--,39,26676,买盘
2566,10:49:45,6.84,--,5,3420,买盘
2567,10:49:36,6.84,--,35,23940,买盘
2568,10:49:33,6.84,--,2,1368,买盘
2569,10:49:30,6.84,--,1,684,买盘
2570,10:49:27,6.84,--,30,20520,买盘
2571,10:49:21,6.84,--,1,684,买盘
2572,10:49:15,6.84,0.01,15,10260,买盘
2573,10:49:12,6.83,-0.01,5,3415,卖盘
2574,10:49:06,6.84,--,20,13680,买盘
2575,10:49:00,6.84,--,1,684,买盘
2576,10:48:54,6.84,--,30,20520,买盘
2577,10:48:42,6.84,0.01,15,10260,买盘
2578,10:48:27,6.83,-0.01,1,683,卖盘
2579,10:48:09,6.84,--,1,684,买盘
2580,10:48:06,6.84,--,4,2736,买盘
2581,10:48:00,6.84,--,2,1368,买盘
2582,10:47:54,6.84,0.01,61,41724,买盘
2583,10:47:45,6.83,--,71,48493,卖盘
2584,10:47:42,6.83,-0.01,5,3415,卖盘
2585,10:47:36,6.84,--,7,4788,买盘
2586,10:47:30,6.84,--,1,684,买盘
2587,10:47:27,6.84,0.01,458,313272,买盘
2588,10:47:24,6.83,-0.01,6,4098,卖盘
2589,10:47:12,6.84,--,34,23256,买盘
2590,10:47:06,6.84,--,28,19152,买盘
2591,10:47:03,6.84,0.01,12,8208,买盘
2592,10:46:54,6.83,--,373,254759,卖盘
2593,10:46:48,6.83,-0.01,12,8196,卖盘
2594,10:46:45,6.84,0.01,1,684,买盘
2595,10:46:42,6.83,--,40,27320,卖盘
2596,10:46:39,6.83,--,3,2049,卖盘
2597,10:46:33,6.83,--,6,4098,卖盘
2598,10:46:30,6.83,--,5,3415,卖盘
2599,10:46:27,6.83,-0.01,100,68300,卖盘
2600,10:46:12,6.84,--,100,68400,买盘
2601,10:46:06,6.84,--,5,3420,买盘
2602,10:46:03,6.84,--,110,75240,买盘
2603,10:46:00,6.84,--,2,1368,买盘
2604,10:45:54,6.84,0.01,30,20520,买盘
2605,10:45:45,6.83,-0.01,44,30052,卖盘
2606,10:45:33,6.84,0.01,40,27360,买盘
2607,10:45:30,6.83,-0.01,5,3415,卖盘
2608,10:45:27,6.84,0.01,32,21888,买盘
2609,10:45:24,6.83,--,15,10245,卖盘
2610,10:45:21,6.83,--,8,5464,卖盘
2611,10:45:18,6.83,--,6,4098,卖盘
2612,10:45:15,6.83,-0.01,6,4098,卖盘
2613,10:45:06,6.84,--,5,3420,买盘
2614,10:45:00,6.84,--,1,684,买盘
2615,10:44:54,6.84,0.01,31,21204,买盘
2616,10:44:48,6.83,-0.01,35,23905,卖盘
2617,10:44:42,6.84,0.01,16,10944,买盘
2618,10:44:39,6.83,--,9,6147,卖盘
2619,10:44:27,6.83,--,33,22539,卖盘
2620,10:44:24,6.83,--,72,49176,卖盘
2621,10:44:21,6.83,--,111,75813,卖盘
2622,10:44:15,6.83,--,7,4781,卖盘
2623,10:44:12,6.83,-0.01,15,10245,卖盘
2624,10:44:06,6.84,0.01,5,3420,买盘
2625,10:44:03,6.83,-0.01,1,683,卖盘
2626,10:44:00,6.84,--,1,684,买盘
2627,10:43:57,6.84,--,46,31464,买盘
2628,10:43:54,6.84,--,45,30780,买盘
2629,10:43:51,6.84,0.01,554,378936,买盘
2630,10:43:48,6.83,-0.01,27,18441,卖盘
2631,10:43:45,6.84,0.01,16,10944,买盘
2632,10:43:42,6.83,-0.01,20,13660,卖盘
2633,10:43:39,6.84,--,65,44460,买盘
2634,10:43:33,6.84,0.01,25,17100,买盘
2635,10:43:30,6.83,-0.01,51,34833,卖盘
2636,10:43:27,6.84,--,58,39672,买盘
2637,10:43:18,6.84,--,35,23940,买盘
2638,10:43:15,6.84,--,1,684,买盘
2639,10:43:12,6.84,0.01,2,1368,买盘
2640,10:43:06,6.83,--,10,6830,卖盘
2641,10:43:03,6.83,--,5,3415,卖盘
2642,10:43:00,6.83,-0.01,23,15709,卖盘
2643,10:42:54,6.84,0.01,31,21204,买盘
2644,10:42:51,6.83,--,15,10245,卖盘
2645,10:42:48,6.83,--,26,17758,卖盘
2646,10:42:45,6.83,--,100,68300,卖盘
2647,10:42:42,6.83,--,10,6830,卖盘
2648,10:42:30,6.83,--,15,10245,卖盘
2649,10:42:27,6.83,-0.01,20,13660,卖盘
2650,10:42:06,6.84,0.01,5,3420,买盘
2651,10:41:54,6.83,-0.01,1059,723297,卖盘
2652,10:41:48,6.84,--,101,69084,买盘
2653,10:41:45,6.84,--,19,12996,买盘
2654,10:41:42,6.84,0.01,17,11628,买盘
2655,10:41:36,6.83,-0.01,10,6830,卖盘
2656,10:41:33,6.84,--,10,6840,买盘
2657,10:41:30,6.84,--,4,2736,买盘
2658,10:41:21,6.84,--,37,25308,买盘
2659,10:41:18,6.84,0.01,50,34200,买盘
2660,10:41:06,6.83,-0.01,89,60787,卖盘
2661,10:41:00,6.84,0.01,15,10260,买盘
2662,10:40:57,6.83,-0.01,3,2049,卖盘
2663,10:40:54,6.84,0.01,31,21204,买盘
2664,10:40:45,6.83,-0.01,5,3415,卖盘
2665,10:40:42,6.84,--,11,7524,买盘
2666,10:40:36,6.84,--,1,684,买盘
2667,10:40:30,6.84,--,12,8208,买盘
2668,10:40:27,6.84,0.01,1,684,买盘
2669,10:40:24,6.83,--,1,683,卖盘
2670,10:40:21,6.83,-0.01,50,34150,卖盘
2671,10:40:18,6.84,--,16,10944,买盘
2672,10:40:09,6.84,--,11,7524,买盘
2673,10:40:03,6.84,--,28,19152,买盘
2674,10:40:00,6.84,--,1,684,买盘
2675,10:39:57,6.84,--,25,17100,买盘
2676,10:39:54,6.84,--,30,20520,买盘
2677,10:39:51,6.84,0.01,15,10260,买盘
2678,10:39:45,6.83,--,99,67617,卖盘
2679,10:39:42,6.83,-0.01,5,3415,卖盘
2680,10:39:39,6.84,--,4,2736,买盘
2681,10:39:33,6.84,--,33,22572,买盘
2682,10:39:30,6.84,--,10,6840,买盘
2683,10:39:21,6.84,0.01,11,7524,买盘
2684,10:39:09,6.83,-0.01,5,3415,卖盘
2685,10:39:06,6.84,--,1,684,买盘
2686,10:39:03,6.84,--,4,2736,买盘
2687,10:39:00,6.84,--,1,684,买盘
2688,10:38:54,6.84,--,30,20520,买盘
2689,10:38:51,6.84,0.01,3,2052,买盘
2690,10:38:48,6.83,-0.01,2,1366,卖盘
2691,10:38:42,6.84,--,45,30780,买盘
2692,10:38:36,6.84,--,217,148428,卖盘
2693,10:38:33,6.84,-0.01,5,3420,卖盘
2694,10:38:30,6.85,--,15,10275,买盘
2695,10:38:27,6.85,--,311,213035,买盘
2696,10:38:21,6.85,--,31,21235,买盘
2697,10:38:18,6.85,0.01,90,61650,买盘
2698,10:38:12,6.84,-0.01,11,7524,卖盘
2699,10:38:09,6.85,--,3,2055,买盘
2700,10:38:06,6.85,--,4,2740,买盘
2701,10:38:03,6.85,--,3,2055,买盘
2702,10:38:00,6.85,--,1,685,买盘
2703,10:37:54,6.85,--,69,47265,买盘
2704,10:37:42,6.85,--,11,7535,买盘
2705,10:37:30,6.85,0.01,43,29455,买盘
2706,10:37:27,6.84,-0.01,5,3420,卖盘
2707,10:37:21,6.85,--,22,15070,买盘
2708,10:37:18,6.85,--,159,108915,买盘
2709,10:37:12,6.85,0.01,1,685,买盘
2710,10:37:09,6.84,-0.01,94,64296,卖盘
2711,10:37:06,6.85,--,50,34250,买盘
2712,10:37:03,6.85,--,16,10960,买盘
2713,10:37:00,6.85,--,11,7535,买盘
2714,10:36:57,6.85,0.01,56,38360,买盘
2715,10:36:54,6.84,--,20,13680,卖盘
2716,10:36:51,6.84,--,486,332424,买盘
2717,10:36:42,6.84,0.01,14,9576,买盘
2718,10:36:39,6.83,--,2,1366,卖盘
2719,10:36:36,6.83,-0.01,1,683,卖盘
2720,10:36:33,6.84,--,11,7524,买盘
2721,10:36:24,6.84,--,50,34200,买盘
2722,10:36:21,6.84,0.01,12,8208,买盘
2723,10:36:18,6.83,-0.01,5,3415,卖盘
2724,10:36:15,6.84,--,110,75240,买盘
2725,10:36:12,6.84,--,14,9576,买盘
2726,10:36:06,6.84,--,22,15048,买盘
2727,10:36:03,6.84,--,327,223668,买盘
2728,10:36:00,6.84,--,2,1368,买盘
2729,10:35:54,6.84,0.01,31,21204,买盘
2730,10:35:48,6.83,-0.01,14,9562,卖盘
2731,10:35:45,6.84,--,4,2736,买盘
2732,10:35:42,6.84,--,10,6840,买盘
2733,10:35:33,6.84,--,1,684,买盘
2734,10:35:27,6.84,--,134,92203,买盘
2735,10:35:18,6.84,--,1,684,买盘
2736,10:35:15,6.84,--,7,4788,买盘
2737,10:35:09,6.84,--,29,19836,买盘
2738,10:35:06,6.84,--,37,25308,买盘
2739,10:35:03,6.84,--,9,6156,买盘
2740,10:35:00,6.84,--,201,137484,买盘
2741,10:34:54,6.84,--,30,20520,买盘
2742,10:34:48,6.84,--,5,3420,买盘
2743,10:34:39,6.84,--,9,6156,买盘
2744,10:34:33,6.84,-0.01,72,49248,卖盘
2745,10:34:30,6.85,--,36,24660,买盘
2746,10:34:21,6.85,0.01,10,6850,买盘
2747,10:34:18,6.84,-0.01,5,3420,卖盘
2748,10:34:15,6.85,--,4,2740,买盘
2749,10:34:12,6.85,--,1,685,买盘
2750,10:34:09,6.85,--,5,3425,买盘
2751,10:34:06,6.85,--,22,15070,买盘
2752,10:34:03,6.85,0.01,10,6850,买盘
2753,10:34:00,6.84,-0.01,14,9576,卖盘
2754,10:33:54,6.85,0.01,30,20550,买盘
2755,10:33:45,6.84,--,100,68400,卖盘
2756,10:33:33,6.84,0.01,165,112860,买盘
2757,10:33:30,6.83,-0.01,17,11611,卖盘
2758,10:33:24,6.84,--,4,2736,买盘
2759,10:33:21,6.84,-0.01,208,142272,卖盘
2760,10:33:18,6.85,--,11,7535,买盘
2761,10:33:15,6.85,0.01,360,246600,买盘
2762,10:33:12,6.84,-0.01,10,6840,卖盘
2763,10:33:06,6.85,--,54,36990,买盘
2764,10:33:03,6.85,--,33,22605,买盘
2765,10:33:00,6.85,0.01,4,2740,买盘
2766,10:32:54,6.84,0.01,36,24624,卖盘
2767,10:32:48,6.83,-0.01,600,409800,卖盘
2768,10:32:45,6.84,--,30,20520,卖盘
2769,10:32:42,6.84,--,3,2052,买盘
2770,10:32:39,6.84,--,30,20520,买盘
2771,10:32:30,6.84,--,5,3420,买盘
2772,10:32:27,6.84,--,178,121752,买盘
2773,10:32:24,6.84,--,63,43092,买盘
2774,10:32:21,6.84,--,56,38304,卖盘
2775,10:32:09,6.84,-0.01,4,2736,卖盘
2776,10:32:06,6.85,--,12,8220,买盘
2777,10:32:03,6.85,0.01,386,264410,买盘
2778,10:32:00,6.84,--,11,7524,买盘
2779,10:31:54,6.84,0.01,81,55404,买盘
2780,10:31:48,6.83,--,5,3415,卖盘
2781,10:31:45,6.83,-0.01,28,19124,卖盘
2782,10:31:39,6.84,--,104,71136,买盘
2783,10:31:36,6.84,--,30,20520,买盘
2784,10:31:30,6.84,--,1,684,买盘
2785,10:31:27,6.84,--,32,21888,买盘
2786,10:31:24,6.84,--,10,6840,买盘
2787,10:31:21,6.84,--,40,27360,买盘
2788,10:31:15,6.84,--,90,61560,买盘
2789,10:31:09,6.84,--,122,83448,买盘
2790,10:31:06,6.84,--,1,684,买盘
2791,10:31:03,6.84,--,14,9576,买盘
2792,10:31:00,6.84,--,1,684,买盘
2793,10:30:57,6.84,--,11,7524,买盘
2794,10:30:54,6.84,--,58,39672,买盘
2795,10:30:51,6.84,--,1,684,买盘
2796,10:30:45,6.84,--,2,1368,买盘
2797,10:30:39,6.84,0.01,40,27360,买盘
2798,10:30:36,6.83,-0.01,20,13660,卖盘
2799,10:30:33,6.84,--,5,3420,买盘
2800,10:30:30,6.84,--,1,684,买盘
2801,10:30:27,6.84,--,130,88920,买盘
2802,10:30:24,6.84,--,94,64296,卖盘
2803,10:30:18,6.84,-0.01,11,7524,卖盘
2804,10:30:15,6.85,--,2,1370,买盘
2805,10:30:12,6.85,0.01,63,43155,买盘
2806,10:30:09,6.84,-0.01,26,17784,卖盘
2807,10:30:06,6.85,--,24,16440,买盘
2808,10:30:03,6.85,--,9,6165,买盘
2809,10:30:00,6.85,--,1,685,买盘
2810,10:29:54,6.85,0.01,30,20550,买盘
2811,10:29:48,6.84,--,10,6840,卖盘
2812,10:29:45,6.84,--,135,92340,卖盘
2813,10:29:42,6.84,-0.01,20,13680,卖盘
2814,10:29:39,6.85,0.01,4,2740,买盘
2815,10:29:33,6.84,--,16,10944,卖盘
2816,10:29:27,6.84,-0.01,83,56772,卖盘
2817,10:29:24,6.85,0.01,57,39045,买盘
2818,10:29:18,6.84,--,200,136800,卖盘
2819,10:29:12,6.84,-0.01,1030,704520,卖盘
2820,10:29:09,6.85,--,27,18495,买盘
2821,10:29:06,6.85,--,1,685,买盘
2822,10:29:03,6.85,--,4,2740,买盘
2823,10:29:00,6.85,--,1,685,买盘
2824,10:28:54,6.85,--,31,21235,买盘
2825,10:28:48,6.85,0.01,2,1370,买盘
2826,10:28:45,6.84,--,50,34200,卖盘
2827,10:28:42,6.84,--,20,13680,卖盘
2828,10:28:39,6.84,-0.01,30,20520,卖盘
2829,10:28:36,6.85,--,22,15070,买盘
2830,10:28:30,6.85,0.01,12,8220,买盘
2831,10:28:27,6.84,-0.01,101,69084,卖盘
2832,10:28:21,6.85,0.01,6,4110,买盘
2833,10:28:18,6.84,-0.01,4,2736,卖盘
2834,10:28:12,6.85,0.01,42,28770,买盘
2835,10:28:09,6.84,-0.01,131,89604,卖盘
2836,10:28:06,6.85,--,31,21235,买盘
2837,10:28:03,6.85,0.01,515,352775,买盘
2838,10:28:00,6.84,--,37,25308,买盘
2839,10:27:54,6.84,0.01,30,20520,买盘
2840,10:27:51,6.83,-0.01,40,27320,卖盘
2841,10:27:48,6.84,--,54,36936,买盘
2842,10:27:42,6.84,0.01,10,6840,买盘
2843,10:27:36,6.83,-0.01,4,2732,卖盘
2844,10:27:33,6.84,--,3,2052,卖盘
2845,10:27:30,6.84,-0.01,5,3420,卖盘
2846,10:27:27,6.85,0.01,79,54115,买盘
2847,10:27:24,6.84,--,30,20520,卖盘
2848,10:27:18,6.84,0.01,15,10260,中性盘
2849,10:27:12,6.83,-0.01,5,3415,卖盘
2850,10:27:09,6.84,-0.01,6,4104,卖盘
2851,10:27:06,6.85,0.01,22,15070,买盘
2852,10:27:03,6.84,--,45,30916,买盘
2853,10:27:00,6.84,--,10,6840,买盘
2854,10:26:54,6.84,--,50,34200,买盘
2855,10:26:48,6.84,--,15,10260,买盘
2856,10:26:42,6.84,-0.01,1744,1193443,卖盘
2857,10:26:39,6.85,0.01,1,685,买盘
2858,10:26:36,6.84,-0.01,212,145008,卖盘
2859,10:26:33,6.85,--,50,34250,买盘
2860,10:26:27,6.85,--,1,685,买盘
2861,10:26:24,6.85,--,110,75350,买盘
2862,10:26:15,6.85,--,202,138370,卖盘
2863,10:26:12,6.85,--,5,3425,卖盘
2864,10:26:09,6.85,0.01,193,132205,买盘
2865,10:26:06,6.84,-0.01,49,33516,卖盘
2866,10:26:03,6.85,0.01,206,141110,买盘
2867,10:26:00,6.84,--,22,15048,卖盘
2868,10:25:57,6.84,--,15,10260,卖盘
2869,10:25:54,6.84,-0.01,33,22572,卖盘
2870,10:25:51,6.85,--,2,1370,买盘
2871,10:25:30,6.85,0.01,102,69870,买盘
2872,10:25:27,6.84,-0.01,210,143640,卖盘
2873,10:25:24,6.85,--,100,68500,买盘
2874,10:25:21,6.85,--,30,20550,买盘
2875,10:25:18,6.85,0.01,62,42470,买盘
2876,10:25:15,6.84,-0.01,5,3420,卖盘
2877,10:25:12,6.85,--,30,20550,买盘
2878,10:25:03,6.85,0.01,147,100695,买盘
2879,10:25:00,6.84,-0.01,77,52668,卖盘
2880,10:24:57,6.85,--,281,192485,买盘
2881,10:24:54,6.85,--,30,20550,买盘
2882,10:24:48,6.85,--,436,298660,买盘
2883,10:24:45,6.85,0.01,16,10960,中性盘
2884,10:24:39,6.84,-0.01,506,346104,卖盘
2885,10:24:33,6.85,--,106,72610,买盘
2886,10:24:30,6.85,--,9,6165,买盘
2887,10:24:27,6.85,--,109,74665,买盘
2888,10:24:24,6.85,0.01,3,2055,买盘
2889,10:24:15,6.84,-0.01,10,6840,卖盘
2890,10:24:09,6.85,--,14,9590,买盘
2891,10:24:06,6.85,--,1,685,买盘
2892,10:24:03,6.85,--,4,2740,买盘
2893,10:24:00,6.85,0.01,3,2055,买盘
2894,10:23:57,6.84,-0.01,5,3420,卖盘
2895,10:23:54,6.85,0.01,1018,697330,买盘
2896,10:23:51,6.84,-0.01,20,13680,卖盘
2897,10:23:48,6.85,--,19,13015,买盘
2898,10:23:45,6.85,--,1060,726100,买盘
2899,10:23:39,6.85,--,12,8220,买盘
2900,10:23:30,6.85,--,11,7535,买盘
2901,10:23:27,6.85,--,108,73980,买盘
2902,10:23:24,6.85,--,4,2740,买盘
2903,10:23:21,6.85,--,28,19180,买盘
2904,10:23:18,6.85,0.01,16,10960,买盘
2905,10:23:12,6.84,-0.01,25,17100,卖盘
2906,10:23:09,6.85,--,50,34250,买盘
2907,10:23:06,6.85,--,50,34250,买盘
2908,10:23:03,6.85,0.01,5,3425,买盘
2909,10:23:00,6.84,--,1,684,卖盘
2910,10:22:54,6.84,-0.01,51,34884,卖盘
2911,10:22:51,6.85,0.01,14,9590,买盘
2912,10:22:45,6.84,--,5,3420,卖盘
2913,10:22:21,6.84,-0.01,15,10260,卖盘
2914,10:22:18,6.85,--,10,6987,买盘
2915,10:22:12,6.85,--,6,4110,买盘
2916,10:22:06,6.85,--,63,43155,买盘
2917,10:22:03,6.85,-0.01,30,21098,卖盘
