,time,price,change,volume,amount,type
0,15:00:03,8.27,--,3623,2996221,卖盘
1,14:57:00,8.27,--,69,57063,卖盘
2,14:56:57,8.27,-0.01,221,183180,卖盘
3,14:56:51,8.28,--,202,167256,买盘
4,14:56:48,8.28,-0.01,36,29807,卖盘
5,14:56:45,8.29,0.01,40,33160,买盘
6,14:56:42,8.28,-0.01,157,129995,卖盘
7,14:56:39,8.29,0.01,33,27356,买盘
8,14:56:36,8.28,--,134,110951,买盘
9,14:56:33,8.28,-0.01,425,351900,卖盘
10,14:56:30,8.29,--,44,36475,买盘
11,14:56:27,8.29,0.01,216,179063,买盘
12,14:56:24,8.28,-0.01,103,85284,卖盘
13,14:56:21,8.29,--,118,97821,买盘
14,14:56:18,8.29,0.01,107,88702,买盘
15,14:56:15,8.28,--,59,48851,卖盘
16,14:56:12,8.28,--,203,168084,卖盘
17,14:56:09,8.28,--,46,38088,卖盘
18,14:56:06,8.28,--,1126,932327,卖盘
19,14:56:03,8.28,-0.01,162,134136,卖盘
20,14:56:00,8.29,--,2045,1695304,买盘
21,14:55:57,8.29,--,24,19895,买盘
22,14:55:54,8.29,--,869,720400,买盘
23,14:55:51,8.29,--,81,67149,买盘
24,14:55:48,8.29,0.01,147,121862,买盘
25,14:55:45,8.28,-0.01,324,268272,卖盘
26,14:55:42,8.29,--,29,24040,买盘
27,14:55:39,8.29,-0.01,403,334086,卖盘
28,14:55:36,8.3,--,194,161020,买盘
29,14:55:33,8.3,0.01,155,128650,买盘
30,14:55:30,8.29,-0.01,83,68807,卖盘
31,14:55:27,8.3,0.01,93,77190,买盘
32,14:55:24,8.29,-0.01,12,9947,卖盘
33,14:55:21,8.3,0.01,147,122010,买盘
34,14:55:18,8.29,-0.01,7,5802,卖盘
35,14:55:15,8.3,--,586,486380,买盘
36,14:55:12,8.3,0.01,1144,949520,买盘
37,14:55:09,8.29,-0.01,106,87873,卖盘
38,14:55:06,8.3,--,378,313740,买盘
39,14:55:03,8.3,0.01,51,42330,买盘
40,14:55:00,8.29,-0.01,77,63832,卖盘
41,14:54:57,8.3,0.01,116,96280,买盘
42,14:54:54,8.29,--,85,70465,卖盘
43,14:54:51,8.29,-0.01,79,65490,卖盘
44,14:54:48,8.3,0.01,55,45650,买盘
45,14:54:45,8.29,-0.01,76,63003,卖盘
46,14:54:42,8.3,0.01,162,134460,买盘
47,14:54:39,8.29,--,228,189011,卖盘
48,14:54:36,8.29,-0.01,96,79583,卖盘
49,14:54:33,8.3,--,52,43160,买盘
50,14:54:30,8.3,--,128,106240,买盘
51,14:54:27,8.3,--,11,9130,买盘
52,14:54:24,8.3,0.01,5,4150,买盘
53,14:54:21,8.29,--,175,145074,买盘
54,14:54:18,8.29,--,61,50568,买盘
55,14:54:15,8.29,--,236,195643,买盘
56,14:54:12,8.29,--,43,35646,买盘
57,14:54:09,8.29,--,153,126836,买盘
58,14:54:06,8.29,--,153,126836,买盘
59,14:54:03,8.29,0.01,930,770969,买盘
60,14:54:00,8.28,--,24,19872,卖盘
61,14:53:57,8.28,-0.01,63,52163,卖盘
62,14:53:54,8.29,--,365,302584,买盘
63,14:53:51,8.29,--,97,80412,买盘
64,14:53:48,8.29,--,105,87044,买盘
65,14:53:45,8.29,0.01,45,37304,买盘
66,14:53:42,8.28,--,82,67896,卖盘
67,14:53:39,8.28,-0.01,226,187128,卖盘
68,14:53:36,8.29,--,136,112743,买盘
69,14:53:33,8.29,--,177,146732,买盘
70,14:53:30,8.29,--,8,6631,买盘
71,14:53:27,8.29,--,64,53055,买盘
72,14:53:24,8.29,-0.01,288,238751,卖盘
73,14:53:21,8.3,--,58,48140,买盘
74,14:53:18,8.3,--,8,6640,买盘
75,14:53:15,8.3,--,52,43160,买盘
76,14:53:12,8.3,--,39,32370,买盘
77,14:53:09,8.3,--,210,174300,买盘
78,14:53:06,8.3,0.01,26,21580,买盘
79,14:53:03,8.29,-0.01,293,242896,卖盘
80,14:53:00,8.3,0.01,560,464800,买盘
81,14:52:57,8.29,--,105,87044,卖盘
82,14:52:54,8.29,-0.01,42,34818,卖盘
83,14:52:51,8.3,0.01,26,21580,买盘
84,14:52:48,8.29,-0.01,19,15750,卖盘
85,14:52:45,8.3,--,379,314570,买盘
86,14:52:42,8.3,0.01,19,15770,买盘
87,14:52:39,8.29,--,8,6631,卖盘
88,14:52:36,8.29,--,20,16580,卖盘
89,14:52:33,8.29,-0.01,4,3315,卖盘
90,14:52:30,8.3,--,15,12450,买盘
91,14:52:27,8.3,--,6,4980,买盘
92,14:52:24,8.3,--,793,658190,买盘
93,14:52:21,8.3,--,31,25730,买盘
94,14:52:18,8.3,--,16,13280,买盘
95,14:52:15,8.3,--,23,19090,买盘
96,14:52:12,8.3,--,21,17430,买盘
97,14:52:09,8.3,--,1,830,买盘
98,14:52:06,8.3,--,126,105127,卖盘
99,14:52:03,8.3,--,96,79680,卖盘
100,14:52:00,8.3,--,626,519580,卖盘
101,14:51:57,8.3,--,33,27390,卖盘
102,14:51:54,8.3,-0.01,485,402550,卖盘
103,14:51:51,8.31,0.01,336,279216,买盘
104,14:51:48,8.3,--,550,456500,卖盘
105,14:51:45,8.3,--,24,19920,卖盘
106,14:51:42,8.3,--,124,102920,卖盘
107,14:51:39,8.3,--,2,1660,卖盘
108,14:51:36,8.3,--,25,20750,卖盘
109,14:51:33,8.3,--,106,87980,卖盘
110,14:51:30,8.3,--,28,23240,卖盘
111,14:51:27,8.3,-0.01,22,18260,卖盘
112,14:51:24,8.31,--,20,16620,买盘
113,14:51:21,8.31,0.01,255,211905,买盘
114,14:51:18,8.3,--,196,162680,卖盘
115,14:51:15,8.3,--,9,7752,买盘
116,14:51:12,8.3,--,35,29597,卖盘
117,14:51:09,8.3,-0.01,260,215800,卖盘
118,14:51:06,8.31,--,336,279216,买盘
119,14:51:03,8.31,--,140,116340,买盘
120,14:51:00,8.31,--,30,24930,买盘
121,14:50:57,8.31,--,208,172848,买盘
122,14:50:54,8.31,--,175,145425,买盘
123,14:50:51,8.31,--,1045,868395,买盘
124,14:50:48,8.31,0.01,100,83100,买盘
125,14:50:45,8.3,-0.01,213,176790,卖盘
126,14:50:42,8.31,--,133,110523,买盘
127,14:50:39,8.31,--,24,19944,买盘
128,14:50:36,8.31,--,4,3324,买盘
129,14:50:33,8.31,0.01,303,251793,买盘
130,14:50:30,8.3,--,27,22410,卖盘
131,14:50:27,8.3,-0.01,26,21580,卖盘
132,14:50:24,8.31,--,214,177834,买盘
133,14:50:21,8.31,--,249,206919,买盘
134,14:50:18,8.31,--,2,1662,买盘
135,14:50:15,8.31,0.01,38,31578,买盘
136,14:50:12,8.3,-0.01,115,95450,卖盘
137,14:50:09,8.31,-0.01,87,72297,买盘
138,14:50:06,8.32,--,21,17472,买盘
139,14:50:03,8.32,--,50,41600,买盘
140,14:50:00,8.32,0.02,54,44928,买盘
141,14:49:57,8.3,-0.02,563,467572,卖盘
142,14:49:54,8.32,0.01,6,4992,买盘
143,14:49:51,8.31,--,62,51522,卖盘
144,14:49:48,8.31,--,48,39888,卖盘
145,14:49:45,8.31,--,78,64818,卖盘
146,14:49:42,8.31,--,110,91410,卖盘
147,14:49:39,8.31,--,115,95565,卖盘
148,14:49:36,8.31,-0.01,25,20775,卖盘
149,14:49:33,8.32,0.01,11,9152,买盘
150,14:49:30,8.31,--,26,21606,买盘
151,14:49:27,8.31,-0.01,52,43212,买盘
152,14:49:24,8.32,0.02,246,204672,买盘
153,14:49:21,8.3,-0.01,117,97110,卖盘
154,14:49:18,8.31,--,54,44874,买盘
155,14:49:15,8.31,--,539,447909,卖盘
156,14:49:12,8.31,-0.01,94,78114,卖盘
157,14:49:09,8.32,0.01,24,19968,买盘
158,14:49:06,8.31,0.01,582,483642,买盘
159,14:49:03,8.3,--,203,168490,卖盘
160,14:49:00,8.3,-0.01,760,630800,卖盘
161,14:48:57,8.31,--,33,27423,买盘
162,14:48:54,8.31,--,27,22437,买盘
163,14:48:51,8.31,0.01,73,60663,买盘
164,14:48:48,8.3,-0.01,20,16600,卖盘
165,14:48:45,8.31,0.01,167,138777,买盘
166,14:48:39,8.3,-0.01,131,108730,卖盘
167,14:48:36,8.31,0.01,280,232680,买盘
168,14:48:33,8.3,--,223,185090,卖盘
169,14:48:30,8.3,-0.01,46,38180,卖盘
170,14:48:27,8.31,0.01,199,165369,买盘
171,14:48:24,8.3,-0.01,892,740360,卖盘
172,14:48:21,8.31,--,143,118833,买盘
173,14:48:18,8.31,0.01,78,64818,买盘
174,14:48:15,8.3,-0.01,172,142760,卖盘
175,14:48:12,8.31,0.01,38,31578,买盘
176,14:48:09,8.3,-0.01,19,15770,卖盘
177,14:48:06,8.31,--,11,9141,买盘
178,14:48:03,8.31,--,238,197778,买盘
179,14:48:00,8.31,0.01,151,125481,买盘
180,14:47:57,8.3,--,81,67230,卖盘
181,14:47:54,8.3,--,33,27390,卖盘
182,14:47:51,8.3,--,163,135290,卖盘
183,14:47:48,8.3,--,162,134460,买盘
184,14:47:45,8.3,0.01,2437,2022710,买盘
185,14:47:42,8.29,-0.01,132,109427,卖盘
186,14:47:39,8.3,0.01,123,102090,买盘
187,14:47:36,8.29,-0.01,115,95334,卖盘
188,14:47:33,8.3,0.01,1,830,买盘
189,14:47:30,8.29,--,32,26527,卖盘
190,14:47:27,8.29,-0.01,38,31501,卖盘
191,14:47:24,8.3,0.01,369,306270,买盘
192,14:47:21,8.29,--,53,43936,卖盘
193,14:47:18,8.29,--,84,69636,买盘
194,14:47:15,8.29,-0.01,112,92847,卖盘
195,14:47:12,8.3,0.01,406,336980,买盘
196,14:47:09,8.29,--,115,95334,卖盘
197,14:47:06,8.29,0.01,12,9947,卖盘
198,14:47:03,8.28,-0.01,223,184644,卖盘
199,14:47:00,8.29,--,57,47252,买盘
200,14:46:57,8.29,--,689,571180,买盘
201,14:46:54,8.29,--,31,25698,买盘
202,14:46:51,8.29,--,104,86215,买盘
203,14:46:45,8.29,--,32,26527,买盘
204,14:46:42,8.29,--,116,96163,买盘
205,14:46:39,8.29,--,88,72951,卖盘
206,14:46:36,8.29,-0.01,306,253673,卖盘
207,14:46:33,8.3,0.01,86,71380,买盘
208,14:46:30,8.29,-0.01,21,17409,卖盘
209,14:46:27,8.3,--,24,19920,买盘
210,14:46:24,8.3,0.01,73,60590,买盘
211,14:46:21,8.29,--,95,78754,卖盘
212,14:46:18,8.29,-0.01,55,45594,卖盘
213,14:46:15,8.3,0.01,53,43990,买盘
214,14:46:12,8.29,-0.01,12,9947,中性盘
215,14:46:09,8.3,0.02,101,83830,买盘
216,14:46:06,8.28,-0.02,19,15731,卖盘
217,14:46:03,8.3,0.02,165,137116,买盘
218,14:46:00,8.28,--,21,18050,卖盘
219,14:45:57,8.28,-0.01,125,103499,卖盘
220,14:45:54,8.29,0.01,5105,4232210,买盘
221,14:45:51,8.28,--,15,12419,买盘
222,14:45:48,8.28,0.01,40,33120,买盘
223,14:45:45,8.27,-0.01,319,263813,卖盘
224,14:45:42,8.28,0.01,12,9936,买盘
225,14:45:36,8.27,-0.01,40,33080,卖盘
226,14:45:33,8.28,--,11,9108,买盘
227,14:45:30,8.28,--,66,54647,买盘
228,14:45:27,8.28,--,1478,1223784,买盘
229,14:45:24,8.28,--,102,84456,买盘
230,14:45:21,8.28,--,553,457883,买盘
231,14:45:18,8.28,--,267,221075,买盘
232,14:45:15,8.28,--,29,24011,买盘
233,14:45:12,8.28,0.01,9,7451,买盘
234,14:45:09,8.27,-0.01,11,9097,卖盘
235,14:45:06,8.28,--,11,9108,买盘
236,14:45:03,8.28,0.01,320,264960,买盘
237,14:45:00,8.27,--,77,63679,卖盘
238,14:44:57,8.27,--,10,8270,卖盘
239,14:44:54,8.27,-0.01,106,87662,卖盘
240,14:44:51,8.28,--,407,336996,买盘
241,14:44:48,8.28,0.01,73,60443,买盘
242,14:44:45,8.27,-0.01,9,7443,卖盘
243,14:44:42,8.28,--,43,35604,买盘
244,14:44:39,8.28,--,5,4140,买盘
245,14:44:36,8.28,0.01,46,38088,买盘
246,14:44:33,8.27,-0.01,72,59544,卖盘
247,14:44:30,8.28,--,44,36432,买盘
248,14:44:27,8.28,--,182,150696,买盘
249,14:44:24,8.28,--,169,139932,买盘
250,14:44:21,8.28,0.01,16,13247,买盘
251,14:44:15,8.27,-0.01,32,26464,卖盘
252,14:44:12,8.28,-0.01,85,71042,卖盘
253,14:44:09,8.29,0.01,167,138443,买盘
254,14:44:06,8.28,-0.01,13,10764,卖盘
255,14:44:03,8.29,0.01,75,62174,买盘
256,14:44:00,8.28,--,162,134136,卖盘
257,14:43:57,8.28,--,34,28151,卖盘
258,14:43:54,8.28,--,27,22356,卖盘
259,14:43:51,8.28,--,21,17388,卖盘
260,14:43:48,8.28,--,248,205343,卖盘
261,14:43:45,8.28,--,154,127511,卖盘
262,14:43:42,8.28,--,68,56303,卖盘
263,14:43:39,8.28,--,2,1655,卖盘
264,14:43:36,8.28,--,64,52991,卖盘
265,14:43:33,8.28,0.01,1210,1002045,买盘
266,14:43:30,8.27,--,558,461631,卖盘
267,14:43:27,8.27,--,250,206750,卖盘
268,14:43:24,8.27,--,51,42177,卖盘
269,14:43:21,8.27,--,30,24810,卖盘
270,14:43:18,8.27,--,318,262986,卖盘
271,14:43:15,8.27,--,16,13232,卖盘
272,14:43:12,8.27,-0.01,19,15713,卖盘
273,14:43:09,8.28,--,14,11592,买盘
274,14:43:06,8.28,0.01,59,48851,买盘
275,14:43:03,8.27,-0.01,1232,1018864,卖盘
276,14:43:00,8.28,--,70,57959,买盘
277,14:42:57,8.28,--,21,17388,买盘
278,14:42:54,8.28,0.01,175,144900,买盘
279,14:42:51,8.27,-0.01,9,7443,卖盘
280,14:42:48,8.28,--,74,61271,买盘
281,14:42:45,8.28,0.01,83,68724,买盘
282,14:42:42,8.27,--,19,15713,卖盘
283,14:42:39,8.27,--,62,51274,卖盘
284,14:42:33,8.27,--,319,263813,卖盘
285,14:42:30,8.27,-0.01,117,96759,卖盘
286,14:42:27,8.28,--,20,16560,买盘
287,14:42:24,8.28,--,227,187956,买盘
288,14:42:21,8.28,0.01,74,61271,买盘
289,14:42:18,8.27,-0.01,25,20675,卖盘
290,14:42:15,8.28,0.01,53,43884,买盘
291,14:42:12,8.27,-0.01,89,73603,卖盘
292,14:42:09,8.28,--,127,105155,买盘
293,14:42:06,8.28,--,74,61271,买盘
294,14:42:03,8.28,--,38,31463,买盘
295,14:42:00,8.28,--,3,2484,买盘
296,14:41:57,8.28,0.01,102,84456,买盘
297,14:41:54,8.27,--,10,8270,卖盘
298,14:41:51,8.27,-0.01,16,13232,卖盘
299,14:41:48,8.28,--,20,16560,买盘
300,14:41:45,8.28,--,619,512531,买盘
301,14:41:42,8.28,0.01,102,84456,买盘
302,14:41:39,8.27,--,10,8270,卖盘
303,14:41:36,8.27,--,46,38042,卖盘
304,14:41:33,8.27,--,87,71949,卖盘
305,14:41:30,8.27,-0.01,32,26464,卖盘
306,14:41:27,8.28,0.01,402,332856,买盘
307,14:41:24,8.27,-0.01,115,95105,卖盘
308,14:41:21,8.28,0.01,20,16560,买盘
309,14:41:18,8.27,-0.01,46,38042,卖盘
310,14:41:15,8.28,--,3,2484,买盘
311,14:41:12,8.28,0.01,23,19044,买盘
312,14:41:09,8.27,--,5,4135,卖盘
313,14:41:06,8.27,-0.01,876,724452,卖盘
314,14:41:03,8.28,--,155,128339,买盘
315,14:41:00,8.28,--,15,12419,买盘
316,14:40:57,8.28,0.01,23,19044,买盘
317,14:40:54,8.27,-0.01,17,14059,卖盘
318,14:40:51,8.28,--,9,7451,买盘
319,14:40:48,8.28,0.01,110,91080,买盘
320,14:40:45,8.27,-0.01,11,9097,卖盘
321,14:40:42,8.28,0.01,17,14075,买盘
322,14:40:39,8.27,-0.01,61,50447,卖盘
323,14:40:36,8.28,0.01,314,259991,买盘
324,14:40:30,8.27,--,9,7443,卖盘
325,14:40:27,8.27,-0.01,30,24810,卖盘
326,14:40:24,8.28,--,3,2484,买盘
327,14:40:21,8.28,0.01,3,2484,买盘
328,14:40:18,8.27,-0.01,10,8270,卖盘
329,14:40:15,8.28,0.01,14,11592,买盘
330,14:40:12,8.27,-0.01,616,509432,卖盘
331,14:40:09,8.28,--,50,41400,买盘
332,14:40:06,8.28,--,73,60443,买盘
333,14:40:03,8.28,--,10,8280,买盘
334,14:40:00,8.28,--,86,71208,买盘
335,14:39:57,8.28,0.01,15,12419,买盘
336,14:39:54,8.27,-0.01,26,21502,卖盘
337,14:39:48,8.28,0.01,21,17388,买盘
338,14:39:45,8.27,-0.01,34,28118,卖盘
339,14:39:39,8.28,--,1,827,买盘
340,14:39:36,8.28,0.01,10,8280,买盘
341,14:39:33,8.27,--,96,79392,卖盘
342,14:39:30,8.27,--,140,115780,卖盘
343,14:39:27,8.27,-0.01,27,22329,卖盘
344,14:39:24,8.28,0.01,93,77004,买盘
345,14:39:21,8.27,-0.01,119,98413,卖盘
346,14:39:18,8.28,--,200,165600,买盘
347,14:39:12,8.28,0.01,570,471959,买盘
348,14:39:09,8.27,--,262,216674,卖盘
349,14:39:06,8.27,-0.01,32,26464,卖盘
350,14:39:03,8.28,0.01,9,7451,买盘
351,14:39:00,8.27,--,981,811287,卖盘
352,14:38:57,8.27,--,229,189383,卖盘
353,14:38:54,8.27,-0.01,16,13232,卖盘
354,14:38:51,8.28,--,116,96047,买盘
355,14:38:48,8.28,0.01,1,827,买盘
356,14:38:45,8.27,--,21,17367,卖盘
357,14:38:42,8.27,--,137,113299,卖盘
358,14:38:39,8.27,-0.01,110,90970,卖盘
359,14:38:36,8.28,0.01,26,21528,买盘
360,14:38:30,8.27,-0.01,9,7443,卖盘
361,14:38:27,8.28,--,30,24839,买盘
362,14:38:24,8.28,0.01,153,126683,买盘
363,14:38:21,8.27,--,226,186902,卖盘
364,14:38:18,8.27,--,203,167881,卖盘
365,14:38:12,8.27,-0.01,78,64506,卖盘
366,14:38:09,8.28,--,5,4140,买盘
367,14:38:06,8.28,--,4,3311,买盘
368,14:38:03,8.28,0.01,37,30635,买盘
369,14:38:00,8.27,-0.01,25,20675,卖盘
370,14:37:57,8.28,0.01,60,49679,买盘
371,14:37:54,8.27,--,87,71949,卖盘
372,14:37:51,8.27,-0.02,262,216674,卖盘
373,14:37:48,8.29,0.01,54,44765,买盘
374,14:37:45,8.28,--,264,218591,买盘
375,14:37:39,8.28,0.01,10,8280,买盘
376,14:37:36,8.27,-0.01,22,18194,卖盘
377,14:37:33,8.28,--,230,190439,买盘
378,14:37:27,8.28,0.01,140,115919,买盘
379,14:37:24,8.27,--,230,190210,卖盘
380,14:37:21,8.27,--,104,86008,卖盘
381,14:37:15,8.27,-0.01,9,7443,卖盘
382,14:37:12,8.28,--,121,100187,卖盘
383,14:37:09,8.28,--,21,17388,卖盘
384,14:37:06,8.28,--,15,12419,卖盘
385,14:37:03,8.28,-0.01,70,57959,卖盘
386,14:37:00,8.29,0.01,794,658225,买盘
387,14:36:54,8.28,--,30,24839,卖盘
388,14:36:51,8.28,0.01,204,168912,买盘
389,14:36:48,8.27,-0.01,249,205923,卖盘
390,14:36:45,8.28,--,304,251711,买盘
391,14:36:39,8.28,--,27,22356,买盘
392,14:36:36,8.28,0.01,93,77004,买盘
393,14:36:33,8.27,-0.01,32,26464,卖盘
394,14:36:30,8.28,--,210,173880,买盘
395,14:36:27,8.28,--,18,14903,买盘
396,14:36:24,8.28,--,32,26495,买盘
397,14:36:18,8.28,0.01,198,163944,买盘
398,14:36:15,8.27,-0.01,10,8270,卖盘
399,14:36:12,8.28,--,239,197891,买盘
400,14:36:09,8.28,--,270,223559,买盘
401,14:36:06,8.28,0.01,36,29807,买盘
402,14:36:03,8.27,--,29,23983,卖盘
403,14:36:00,8.27,-0.01,403,333281,卖盘
404,14:35:57,8.28,0.01,30,24839,买盘
405,14:35:54,8.27,-0.01,126,104202,卖盘
406,14:35:51,8.28,0.01,51,42228,买盘
407,14:35:48,8.27,-0.01,37,30599,卖盘
408,14:35:45,8.28,--,12,9936,买盘
409,14:35:42,8.28,--,138,114263,买盘
410,14:35:39,8.28,--,12,9936,买盘
411,14:35:36,8.28,--,429,355212,卖盘
412,14:35:33,8.28,--,10,8280,卖盘
413,14:35:30,8.28,--,17,14075,卖盘
414,14:35:24,8.28,-0.01,66,54647,卖盘
415,14:35:21,8.29,0.02,12,9947,买盘
416,14:35:18,8.27,-0.01,140,115780,卖盘
417,14:35:15,8.28,--,84,69552,卖盘
418,14:35:12,8.28,--,30,24839,卖盘
419,14:35:06,8.28,--,82,67896,买盘
420,14:35:03,8.28,--,29,24011,买盘
421,14:35:00,8.28,--,104,86112,卖盘
422,14:34:57,8.28,--,145,120059,卖盘
423,14:34:54,8.28,--,16,13247,卖盘
424,14:34:51,8.28,--,7,5796,卖盘
425,14:34:48,8.28,--,321,265788,卖盘
426,14:34:42,8.28,--,214,177192,卖盘
427,14:34:39,8.28,--,10,8280,卖盘
428,14:34:36,8.28,--,74,61271,卖盘
429,14:34:33,8.28,--,214,177192,卖盘
430,14:34:30,8.28,--,73,60443,卖盘
431,14:34:27,8.28,--,78,64583,卖盘
432,14:34:21,8.28,--,10,8280,卖盘
433,14:34:15,8.28,0.01,334,276552,买盘
434,14:34:12,8.27,--,105,86835,卖盘
435,14:34:09,8.27,-0.01,9,7443,卖盘
436,14:34:06,8.28,0.01,257,212795,买盘
437,14:34:03,8.27,-0.01,20,16540,卖盘
438,14:34:00,8.28,0.01,100,82800,买盘
439,14:33:57,8.27,--,128,105856,卖盘
440,14:33:54,8.27,--,535,442445,卖盘
441,14:33:51,8.27,--,1,827,卖盘
442,14:33:48,8.27,-0.01,10,8270,卖盘
443,14:33:45,8.28,--,10,8280,买盘
444,14:33:42,8.28,0.01,412,341136,买盘
445,14:33:39,8.27,-0.01,38,31426,卖盘
446,14:33:36,8.28,0.01,11,9108,买盘
447,14:33:33,8.27,--,15,12405,卖盘
448,14:33:30,8.27,--,119,98413,卖盘
449,14:33:27,8.27,--,98,81046,卖盘
450,14:33:24,8.27,--,143,118261,卖盘
451,14:33:21,8.27,-0.01,312,258024,卖盘
452,14:33:18,8.28,0.01,50,41400,买盘
453,14:33:15,8.27,-0.01,505,417635,卖盘
454,14:33:12,8.28,0.01,9,7451,买盘
455,14:33:09,8.27,--,10,8270,卖盘
456,14:33:06,8.27,-0.01,391,323357,卖盘
457,14:33:03,8.28,--,77,63755,买盘
458,14:33:00,8.28,--,25,20700,买盘
459,14:32:57,8.28,--,3,2484,买盘
460,14:32:54,8.28,--,13,10764,买盘
461,14:32:51,8.28,0.01,49,40572,买盘
462,14:32:48,8.27,--,24,19848,卖盘
463,14:32:45,8.27,--,35,28945,卖盘
464,14:32:42,8.27,--,141,116607,卖盘
465,14:32:39,8.27,-0.01,17,14059,卖盘
466,14:32:36,8.28,0.01,22,18216,买盘
467,14:32:33,8.27,-0.01,41,34568,卖盘
468,14:32:30,8.28,0.01,146,120887,买盘
469,14:32:24,8.27,--,33,27291,卖盘
470,14:32:18,8.27,--,19,15713,卖盘
471,14:32:15,8.27,--,32,26464,卖盘
472,14:32:12,8.27,--,21,17367,卖盘
473,14:32:09,8.27,--,20,16540,卖盘
474,14:32:06,8.27,-0.01,9,7443,卖盘
475,14:32:03,8.28,0.01,102,84456,买盘
476,14:32:00,8.27,--,51,42177,卖盘
477,14:31:57,8.27,--,300,248100,卖盘
478,14:31:54,8.27,--,7,5789,卖盘
479,14:31:51,8.27,--,45,37215,卖盘
480,14:31:48,8.27,--,37,30599,卖盘
481,14:31:45,8.27,--,10,8270,卖盘
482,14:31:42,8.27,--,8,6616,卖盘
483,14:31:39,8.27,--,55,45485,卖盘
484,14:31:36,8.27,--,62,51274,卖盘
485,14:31:33,8.27,--,114,94278,卖盘
486,14:31:30,8.27,--,127,105029,买盘
487,14:31:27,8.27,--,30,24810,买盘
488,14:31:24,8.27,--,101,83527,买盘
489,14:31:21,8.27,--,36,29772,买盘
490,14:31:18,8.27,--,218,180286,卖盘
491,14:31:15,8.27,--,48,39696,卖盘
492,14:31:12,8.27,--,21,17367,卖盘
493,14:31:06,8.27,--,16,13232,卖盘
494,14:31:03,8.27,-0.01,19,15713,卖盘
495,14:31:00,8.28,0.02,51,42228,买盘
496,14:30:57,8.26,-0.01,22,18172,卖盘
497,14:30:54,8.27,0.01,10,8270,买盘
498,14:30:51,8.26,-0.01,15,12390,卖盘
499,14:30:48,8.27,-0.01,868,717836,卖盘
500,14:30:45,8.28,--,603,499283,卖盘
501,14:30:42,8.28,--,9,7451,卖盘
502,14:30:39,8.28,-0.01,89,73692,卖盘
503,14:30:36,8.29,0.01,3,2486,买盘
504,14:30:33,8.28,-0.01,3,2484,卖盘
505,14:30:30,8.29,0.01,161,133469,买盘
506,14:30:27,8.28,-0.01,20,16560,卖盘
507,14:30:21,8.29,--,27,22382,买盘
508,14:30:18,8.29,0.01,20,16580,买盘
509,14:30:15,8.28,-0.01,34,28151,卖盘
510,14:30:12,8.29,0.01,58,48081,买盘
511,14:30:09,8.28,--,55,45540,卖盘
512,14:30:06,8.28,-0.01,67,55475,卖盘
513,14:30:03,8.29,--,141,116888,买盘
514,14:30:00,8.29,--,5,4145,买盘
515,14:29:54,8.29,0.01,547,453462,买盘
516,14:29:51,8.28,-0.01,98,81707,卖盘
517,14:29:48,8.29,--,60,49739,卖盘
518,14:29:42,8.29,-0.01,590,489109,卖盘
519,14:29:39,8.3,--,40,33200,买盘
520,14:29:36,8.3,--,108,89640,买盘
521,14:29:33,8.3,0.01,3,2490,买盘
522,14:29:30,8.29,--,11,9118,卖盘
523,14:29:27,8.29,--,1,828,卖盘
524,14:29:24,8.29,--,11,9118,卖盘
525,14:29:21,8.29,--,153,126836,卖盘
526,14:29:18,8.29,--,70,58029,卖盘
527,14:29:15,8.29,-0.01,6,4973,卖盘
528,14:29:09,8.3,0.01,61,50630,买盘
529,14:29:06,8.29,--,12,9947,卖盘
530,14:29:03,8.29,--,204,169115,卖盘
531,14:29:00,8.29,--,5,4145,卖盘
532,14:28:57,8.29,--,51,42278,卖盘
533,14:28:54,8.29,--,210,174089,卖盘
534,14:28:51,8.29,--,17,14092,卖盘
535,14:28:48,8.29,--,1,828,卖盘
536,14:28:45,8.29,-0.01,61,50568,卖盘
537,14:28:42,8.3,--,16,13280,买盘
538,14:28:39,8.3,--,171,141930,买盘
539,14:28:36,8.3,0.01,5,4150,买盘
540,14:28:33,8.29,-0.01,60,49739,卖盘
541,14:28:30,8.3,--,25,20750,买盘
542,14:28:24,8.3,--,328,272240,买盘
543,14:28:21,8.3,--,181,150230,卖盘
544,14:28:18,8.3,--,79,65570,卖盘
545,14:28:15,8.3,--,17,14110,卖盘
546,14:28:12,8.3,--,154,127820,卖盘
547,14:28:09,8.3,--,9,7470,卖盘
548,14:28:06,8.3,--,119,98770,卖盘
549,14:28:03,8.3,-0.01,34,28220,卖盘
550,14:28:00,8.31,0.01,137,113847,买盘
551,14:27:57,8.3,--,204,169320,卖盘
552,14:27:54,8.3,--,9,7470,卖盘
553,14:27:51,8.3,--,22,18260,卖盘
554,14:27:48,8.3,--,6,4980,卖盘
555,14:27:45,8.3,--,342,283860,买盘
556,14:27:42,8.3,--,205,170150,买盘
557,14:27:39,8.3,0.01,3,2490,买盘
558,14:27:36,8.29,-0.01,12,9947,卖盘
559,14:27:33,8.3,--,246,204180,买盘
560,14:27:30,8.3,0.01,54,44820,买盘
561,14:27:27,8.29,--,28,23211,卖盘
562,14:27:24,8.29,--,210,174089,卖盘
563,14:27:21,8.29,-0.01,35,29014,卖盘
564,14:27:18,8.3,0.01,54,44820,买盘
565,14:27:15,8.29,-0.01,13,10776,卖盘
566,14:27:12,8.3,0.01,381,316230,买盘
567,14:27:09,8.29,-0.01,30,24869,卖盘
568,14:27:06,8.3,0.01,15,12450,买盘
569,14:27:03,8.29,--,122,101137,卖盘
570,14:27:00,8.29,--,65,53884,卖盘
571,14:26:57,8.29,--,10,8290,卖盘
572,14:26:54,8.29,--,24,19895,卖盘
573,14:26:51,8.29,--,52,43107,卖盘
574,14:26:48,8.29,--,487,403988,买盘
575,14:26:45,8.29,--,2,1657,买盘
576,14:26:42,8.29,0.01,64,53055,买盘
577,14:26:39,8.28,-0.01,107,88596,卖盘
578,14:26:36,8.29,0.01,29,24040,买盘
579,14:26:33,8.28,--,141,116747,卖盘
580,14:26:30,8.28,--,36,29807,卖盘
581,14:26:27,8.28,--,101,83628,卖盘
582,14:26:24,8.28,--,19,15731,卖盘
583,14:26:21,8.28,--,76,62927,卖盘
584,14:26:18,8.28,--,46,38088,卖盘
585,14:26:15,8.28,--,75,62099,卖盘
586,14:26:12,8.28,-0.01,147,122279,卖盘
587,14:26:09,8.29,--,55,45594,卖盘
588,14:26:06,8.29,--,1071,887908,卖盘
589,14:26:03,8.29,--,5,4145,卖盘
590,14:26:00,8.29,-0.01,98,81241,卖盘
591,14:25:57,8.3,0.01,45,37350,买盘
592,14:25:54,8.29,--,503,416986,卖盘
593,14:25:51,8.29,--,114,94505,卖盘
594,14:25:48,8.29,-0.01,13,10776,卖盘
595,14:25:42,8.3,--,37,30710,买盘
596,14:25:39,8.3,--,72,59760,买盘
597,14:25:36,8.3,--,22,18260,买盘
598,14:25:30,8.3,0.01,126,104580,买盘
599,14:25:27,8.29,--,23,19066,卖盘
600,14:25:24,8.29,-0.01,495,410354,卖盘
601,14:25:21,8.3,--,309,256685,买盘
602,14:25:18,8.3,--,9,7470,买盘
603,14:25:15,8.3,0.01,100,83000,买盘
604,14:25:12,8.29,-0.01,12,9947,卖盘
605,14:25:09,8.3,--,470,390100,买盘
606,14:25:06,8.3,0.01,35,29050,买盘
607,14:25:03,8.29,-0.01,12,9947,卖盘
608,14:25:00,8.3,-0.01,1342,1113976,卖盘
609,14:24:57,8.31,--,42,34902,买盘
610,14:24:54,8.31,0.01,513,426303,买盘
611,14:24:51,8.3,--,38,31540,卖盘
612,14:24:48,8.3,--,75,62250,卖盘
613,14:24:45,8.3,-0.01,31,25730,卖盘
614,14:24:42,8.31,0.01,332,275892,买盘
615,14:24:39,8.3,-0.01,79,65570,卖盘
616,14:24:36,8.31,0.01,94,78114,买盘
617,14:24:33,8.3,-0.01,37,30710,卖盘
618,14:24:30,8.31,--,27,22437,买盘
619,14:24:27,8.31,0.01,89,73959,买盘
620,14:24:24,8.3,-0.01,5,4150,卖盘
621,14:24:21,8.31,--,37,30747,买盘
622,14:24:18,8.31,--,11,9141,卖盘
623,14:24:15,8.31,--,201,167031,卖盘
624,14:24:12,8.31,--,40,33240,卖盘
625,14:24:09,8.31,--,86,71466,卖盘
626,14:24:06,8.31,--,162,134622,卖盘
627,14:24:03,8.31,--,40,33240,卖盘
628,14:24:00,8.31,-0.01,37,30747,卖盘
629,14:23:57,8.32,0.01,66,54912,买盘
630,14:23:54,8.31,-0.01,240,199440,卖盘
631,14:23:51,8.32,--,36,29952,买盘
632,14:23:48,8.32,0.01,341,283712,买盘
633,14:23:45,8.31,--,90,74790,买盘
634,14:23:42,8.31,--,94,78114,买盘
635,14:23:39,8.31,--,3,2493,买盘
636,14:23:36,8.31,--,92,76452,买盘
637,14:23:33,8.31,-0.01,231,191961,卖盘
638,14:23:30,8.32,0.01,1051,874432,买盘
639,14:23:27,8.31,--,31,25761,卖盘
640,14:23:24,8.31,-0.01,234,194454,卖盘
641,14:23:21,8.32,--,312,259584,卖盘
642,14:23:18,8.32,--,907,754624,买盘
643,14:23:15,8.32,--,186,154752,买盘
644,14:23:12,8.32,--,279,232128,买盘
645,14:23:09,8.32,0.01,228,189696,买盘
646,14:23:06,8.31,-0.01,157,130467,卖盘
647,14:23:03,8.32,--,444,369408,买盘
648,14:23:00,8.32,--,230,191360,买盘
649,14:22:57,8.32,--,18,14976,买盘
650,14:22:54,8.32,-0.01,968,805376,卖盘
651,14:22:51,8.33,--,365,304045,买盘
652,14:22:48,8.33,--,63,52479,买盘
653,14:22:45,8.33,--,405,337365,买盘
654,14:22:42,8.33,--,43,35819,买盘
655,14:22:39,8.33,--,118,98294,买盘
656,14:22:36,8.33,--,827,688891,买盘
657,14:22:33,8.33,--,331,275723,买盘
658,14:22:30,8.33,--,178,148274,买盘
659,14:22:27,8.33,--,607,505631,卖盘
660,14:22:24,8.33,--,672,559776,买盘
661,14:22:21,8.33,--,832,693056,买盘
662,14:22:18,8.33,--,380,316540,买盘
663,14:22:15,8.33,--,96,79968,买盘
664,14:22:12,8.33,0.01,283,235739,买盘
665,14:22:09,8.32,--,618,514176,卖盘
666,14:22:06,8.32,--,99,82368,卖盘
667,14:22:03,8.32,-0.01,151,125632,卖盘
668,14:22:00,8.33,0.02,51,42483,买盘
669,14:21:57,8.31,-0.01,143,118833,卖盘
670,14:21:54,8.32,-0.01,35,29120,卖盘
671,14:21:51,8.33,0.01,3164,2635612,买盘
672,14:21:48,8.32,0.01,62,51584,买盘
673,14:21:45,8.31,-0.01,100,83100,卖盘
674,14:21:42,8.32,0.01,3579,2977728,买盘
675,14:21:39,8.31,--,271,225201,买盘
676,14:21:36,8.31,--,134,111354,买盘
677,14:21:33,8.31,--,253,210243,买盘
678,14:21:30,8.31,--,617,512727,买盘
679,14:21:27,8.31,--,282,234342,买盘
680,14:21:24,8.31,--,25,20775,买盘
681,14:21:21,8.31,--,66,54846,买盘
682,14:21:18,8.31,--,75,62325,买盘
683,14:21:15,8.31,0.01,1018,845958,买盘
684,14:21:12,8.3,-0.01,83,68890,卖盘
685,14:21:09,8.31,--,59,49029,买盘
686,14:21:06,8.31,0.01,181,150411,买盘
687,14:21:03,8.3,--,101,83830,卖盘
688,14:21:00,8.3,--,63,52290,卖盘
689,14:20:57,8.3,--,153,126990,卖盘
690,14:20:54,8.3,--,100,83000,卖盘
691,14:20:51,8.3,0.01,231,192443,买盘
692,14:20:48,8.29,-0.01,29,24040,卖盘
693,14:20:45,8.3,0.01,25,20750,买盘
694,14:20:42,8.29,--,2160,1790639,卖盘
695,14:20:39,8.29,--,226,187353,卖盘
696,14:20:36,8.29,-0.01,135,111914,卖盘
697,14:20:33,8.3,0.01,339,281370,买盘
698,14:20:30,8.29,-0.01,82,67978,卖盘
699,14:20:27,8.3,0.01,84,69720,买盘
700,14:20:24,8.29,--,174,144245,买盘
701,14:20:21,8.29,--,16,13263,买盘
702,14:20:18,8.29,-0.01,62,51397,卖盘
703,14:20:15,8.3,--,29,24070,买盘
704,14:20:12,8.3,--,11,9130,买盘
705,14:20:09,8.3,0.01,88,73040,买盘
706,14:20:06,8.29,--,127,105282,卖盘
707,14:20:03,8.29,-0.01,306,253673,卖盘
708,14:20:00,8.3,0.01,39,32370,买盘
709,14:19:57,8.29,--,112,92847,卖盘
710,14:19:54,8.29,-0.01,273,226316,卖盘
711,14:19:51,8.3,0.01,2796,2320680,买盘
712,14:19:48,8.29,--,260,215539,卖盘
713,14:19:45,8.29,--,37,30672,卖盘
714,14:19:42,8.29,--,661,547969,卖盘
715,14:19:39,8.29,--,190,157509,卖盘
716,14:19:36,8.29,--,93,77096,卖盘
717,14:19:33,8.29,-0.01,332,275228,卖盘
718,14:19:30,8.3,0.01,176,146080,买盘
719,14:19:27,8.29,--,111,92018,卖盘
720,14:19:24,8.29,-0.01,363,300926,中性盘
721,14:19:21,8.3,0.01,2143,1778690,买盘
722,14:19:18,8.29,--,115,95334,买盘
723,14:19:15,8.29,--,610,505689,卖盘
724,14:19:12,8.29,--,14,11605,卖盘
725,14:19:09,8.29,--,74,61345,卖盘
726,14:19:06,8.29,0.01,574,475845,买盘
727,14:19:03,8.28,-0.01,312,258335,卖盘
728,14:19:00,8.29,--,565,468384,买盘
729,14:18:57,8.29,--,61,50568,买盘
730,14:18:54,8.29,--,88,72951,买盘
731,14:18:51,8.29,--,249,206420,买盘
732,14:18:48,8.29,--,23,19066,买盘
733,14:18:45,8.29,--,308,255331,卖盘
734,14:18:42,8.29,--,158,130981,买盘
735,14:18:39,8.29,--,66,54713,卖盘
736,14:18:36,8.29,--,3042,2521817,买盘
737,14:18:33,8.29,--,130,107769,买盘
738,14:18:30,8.29,--,98,81241,买盘
739,14:18:27,8.29,--,63,52226,买盘
740,14:18:24,8.29,--,169,140101,买盘
741,14:18:21,8.29,--,64,53055,买盘
742,14:18:18,8.29,--,145,120204,买盘
743,14:18:15,8.29,--,80,66320,买盘
744,14:18:12,8.29,--,9,7460,买盘
745,14:18:09,8.29,--,496,411183,买盘
746,14:18:06,8.29,--,243,201446,买盘
747,14:18:03,8.29,--,587,486622,买盘
748,14:18:00,8.29,--,61,50568,买盘
749,14:17:57,8.29,--,111,92135,卖盘
750,14:17:54,8.29,--,518,429421,卖盘
751,14:17:51,8.29,--,112,92847,卖盘
752,14:17:48,8.29,--,153,126836,卖盘
753,14:17:45,8.29,0.01,859,712823,买盘
754,14:17:42,8.28,-0.01,380,314640,卖盘
755,14:17:39,8.29,0.01,2899,2403270,买盘
756,14:17:36,8.28,--,111,91908,卖盘
757,14:17:33,8.28,--,86,71208,卖盘
758,14:17:30,8.28,--,2293,1898603,买盘
759,14:17:27,8.28,0.01,49,40572,买盘
760,14:17:24,8.27,--,100,82700,卖盘
761,14:17:21,8.27,--,101,83527,卖盘
762,14:17:18,8.27,--,1788,1478676,卖盘
763,14:17:15,8.27,--,41,33907,卖盘
764,14:17:12,8.27,--,156,129012,买盘
765,14:17:09,8.27,--,80,66160,买盘
766,14:17:06,8.27,--,147,121569,买盘
767,14:17:03,8.27,--,3028,2504156,买盘
768,14:17:00,8.27,--,244,201788,买盘
769,14:16:57,8.27,--,83,68641,买盘
770,14:16:54,8.27,--,392,324184,卖盘
771,14:16:51,8.27,--,26,21502,卖盘
772,14:16:48,8.27,--,190,157130,卖盘
773,14:16:45,8.27,-0.01,130,107510,卖盘
774,14:16:42,8.28,--,483,399923,买盘
775,14:16:39,8.28,--,61,50507,买盘
776,14:16:36,8.28,0.01,108,89424,买盘
777,14:16:33,8.27,-0.01,240,198480,卖盘
778,14:16:30,8.28,0.01,32,26495,买盘
779,14:16:27,8.27,--,60,49620,卖盘
780,14:16:24,8.27,--,259,214193,买盘
781,14:16:21,8.27,--,41,33907,买盘
782,14:16:18,8.27,--,2002,1655654,买盘
783,14:16:15,8.27,0.01,265,219155,买盘
784,14:16:12,8.26,-0.01,101,83426,卖盘
785,14:16:09,8.27,0.01,404,334108,买盘
786,14:16:03,8.26,--,55,45430,卖盘
787,14:16:00,8.26,--,1351,1115926,买盘
788,14:15:57,8.26,--,242,199892,买盘
789,14:15:54,8.26,0.01,511,422086,买盘
790,14:15:51,8.25,-0.01,176,145200,卖盘
791,14:15:48,8.26,--,210,173460,买盘
792,14:15:45,8.26,--,156,128856,买盘
793,14:15:42,8.26,0.01,11,9086,买盘
794,14:15:39,8.25,-0.01,31,25575,卖盘
795,14:15:36,8.26,0.01,98,80948,买盘
796,14:15:33,8.25,--,763,629475,买盘
797,14:15:30,8.25,--,515,424875,买盘
798,14:15:27,8.25,--,2037,1680525,买盘
799,14:15:24,8.25,--,593,489225,买盘
800,14:15:21,8.25,--,268,221100,买盘
801,14:15:18,8.25,--,131,108075,买盘
802,14:15:15,8.25,0.01,24,19800,买盘
803,14:15:12,8.24,-0.01,9,7416,卖盘
804,14:15:06,8.25,0.01,140,115500,买盘
805,14:15:00,8.24,--,35,28840,卖盘
806,14:14:57,8.24,--,339,279336,卖盘
807,14:14:51,8.24,--,9,7416,卖盘
808,14:14:48,8.24,--,18,14832,卖盘
809,14:14:45,8.24,0.01,750,618000,买盘
810,14:14:42,8.23,-0.01,351,288873,卖盘
811,14:14:39,8.24,0.01,540,444960,买盘
812,14:14:36,8.23,-0.01,103,84769,卖盘
813,14:14:33,8.24,--,5,4120,买盘
814,14:14:27,8.24,0.01,128,105472,买盘
815,14:14:24,8.23,-0.01,100,82300,卖盘
816,14:14:21,8.24,0.01,28,23072,买盘
817,14:14:18,8.23,--,103,84769,卖盘
818,14:14:15,8.23,-0.01,1094,900362,卖盘
819,14:14:12,8.24,--,30,24720,买盘
820,14:14:09,8.24,0.01,109,89816,买盘
821,14:14:06,8.23,--,40,32920,卖盘
822,14:14:03,8.23,--,44,36212,卖盘
823,14:14:00,8.23,--,40,32920,卖盘
824,14:13:54,8.23,--,10,8230,卖盘
825,14:13:51,8.23,--,691,568693,买盘
826,14:13:48,8.23,--,30,24690,买盘
827,14:13:45,8.23,--,713,586799,买盘
828,14:13:42,8.23,0.01,15,12345,买盘
829,14:13:39,8.22,--,79,64938,卖盘
830,14:13:36,8.22,--,5,4110,卖盘
831,14:13:33,8.22,-0.01,254,208788,卖盘
832,14:13:30,8.23,0.01,100,82300,买盘
833,14:13:27,8.22,-0.01,11,9042,卖盘
834,14:13:24,8.23,0.01,9,7407,买盘
835,14:13:21,8.22,-0.01,130,106860,卖盘
836,14:13:18,8.23,0.01,131,107813,买盘
837,14:13:15,8.22,-0.01,26,21372,卖盘
838,14:13:12,8.23,--,5,4115,买盘
839,14:13:09,8.23,0.01,35,28805,买盘
840,14:13:06,8.22,--,20,16440,卖盘
841,14:13:03,8.22,--,145,119190,卖盘
842,14:12:57,8.22,-0.01,13,10686,卖盘
843,14:12:54,8.23,0.01,126,103698,买盘
844,14:12:51,8.22,--,78,64116,卖盘
845,14:12:45,8.22,-0.01,127,104394,卖盘
846,14:12:42,8.23,--,128,105344,买盘
847,14:12:36,8.23,--,33,27159,买盘
848,14:12:33,8.23,--,12,9876,买盘
849,14:12:30,8.23,--,278,228794,买盘
850,14:12:27,8.23,0.01,19,15637,买盘
851,14:12:24,8.22,--,5,4110,卖盘
852,14:12:21,8.22,--,11,9042,卖盘
853,14:12:18,8.22,--,26,21372,卖盘
854,14:12:15,8.22,--,16,13152,卖盘
855,14:12:12,8.22,--,30,24660,卖盘
856,14:12:09,8.22,--,36,29592,卖盘
857,14:12:06,8.22,--,47,38634,卖盘
858,14:12:03,8.22,-0.01,46,37812,卖盘
859,14:12:00,8.23,0.01,737,606551,买盘
860,14:11:54,8.22,--,10,8220,卖盘
861,14:11:48,8.22,--,8,6576,卖盘
862,14:11:45,8.22,-0.01,23,18906,卖盘
863,14:11:42,8.23,0.01,11,9053,买盘
864,14:11:33,8.22,-0.01,10,8220,卖盘
865,14:11:27,8.23,--,142,116866,买盘
866,14:11:24,8.23,0.01,6,4938,买盘
867,14:11:21,8.22,--,130,106860,卖盘
868,14:11:18,8.22,-0.01,9,7398,卖盘
869,14:11:15,8.23,0.01,34,27982,买盘
870,14:11:12,8.22,--,40,32880,卖盘
871,14:11:09,8.22,--,235,193170,卖盘
872,14:11:03,8.22,-0.01,56,46032,卖盘
873,14:11:00,8.23,0.01,468,385164,买盘
874,14:10:57,8.22,-0.01,9,7398,卖盘
875,14:10:54,8.23,0.01,91,74893,买盘
876,14:10:51,8.22,-0.01,7,5754,卖盘
877,14:10:48,8.23,0.01,39,32097,买盘
878,14:10:45,8.22,-0.01,131,107682,卖盘
879,14:10:42,8.23,--,20,16460,买盘
880,14:10:39,8.23,--,22,18106,买盘
881,14:10:36,8.23,0.01,20,16460,买盘
882,14:10:33,8.22,-0.01,59,48498,卖盘
883,14:10:30,8.23,--,270,222210,买盘
884,14:10:27,8.23,--,1286,1058378,卖盘
885,14:10:24,8.23,--,127,104521,卖盘
886,14:10:21,8.23,--,69,56787,卖盘
887,14:10:18,8.23,--,5,4115,卖盘
888,14:10:15,8.23,--,50,41150,卖盘
889,14:10:12,8.23,--,27,22221,卖盘
890,14:10:06,8.23,--,24,19752,卖盘
891,14:10:03,8.23,-0.01,26,21398,卖盘
892,14:10:00,8.24,0.01,228,187872,买盘
893,14:09:57,8.23,--,11,9053,卖盘
894,14:09:51,8.23,--,66,54318,卖盘
895,14:09:48,8.23,--,39,32097,卖盘
896,14:09:45,8.23,--,23,18929,卖盘
897,14:09:42,8.23,--,82,67486,卖盘
898,14:09:36,8.23,--,30,24690,卖盘
899,14:09:33,8.23,-0.01,60,49380,卖盘
900,14:09:30,8.24,0.01,52,42848,买盘
901,14:09:27,8.23,--,18,14814,卖盘
902,14:09:24,8.23,-0.01,9,7407,卖盘
903,14:09:21,8.24,0.01,13,10712,买盘
904,14:09:18,8.23,-0.01,10,8230,卖盘
905,14:09:15,8.24,0.01,45,37080,买盘
906,14:09:12,8.23,--,11,9053,卖盘
907,14:09:06,8.23,--,13,10699,卖盘
908,14:09:03,8.23,0.01,332,273236,买盘
909,14:09:00,8.22,-0.01,367,301674,卖盘
910,14:08:57,8.23,--,52,42796,买盘
911,14:08:54,8.23,0.01,1158,953034,买盘
912,14:08:51,8.22,--,103,84666,卖盘
913,14:08:48,8.22,--,246,202212,卖盘
914,14:08:45,8.22,--,10,8220,卖盘
915,14:08:42,8.22,-0.01,45,36990,卖盘
916,14:08:39,8.23,--,13,10699,买盘
917,14:08:36,8.23,0.01,20,16460,买盘
918,14:08:33,8.22,-0.01,6,4932,卖盘
919,14:08:30,8.23,--,3,2469,买盘
920,14:08:27,8.23,--,32,26336,买盘
921,14:08:24,8.23,0.01,2,1646,买盘
922,14:08:21,8.22,-0.01,106,87132,卖盘
923,14:08:18,8.23,0.01,104,85592,买盘
924,14:08:15,8.22,--,10,8220,卖盘
925,14:08:12,8.22,-0.01,27,22194,卖盘
926,14:08:09,8.23,0.01,141,116043,买盘
927,14:08:03,8.22,-0.01,38,31236,卖盘
928,14:08:00,8.23,0.01,318,261714,买盘
929,14:07:57,8.22,-0.01,37,30414,卖盘
930,14:07:54,8.23,0.01,5,4115,买盘
931,14:07:51,8.22,-0.01,791,650202,卖盘
932,14:07:48,8.23,0.01,102,83946,买盘
933,14:07:45,8.22,-0.01,54,44388,卖盘
934,14:07:42,8.23,0.01,133,109459,买盘
935,14:07:39,8.22,--,24,19728,卖盘
936,14:07:36,8.22,-0.01,13,10686,卖盘
937,14:07:33,8.23,0.01,83,68309,买盘
938,14:07:30,8.22,--,8,6576,卖盘
939,14:07:27,8.22,-0.01,10,8220,卖盘
940,14:07:24,8.23,0.01,52,42796,买盘
941,14:07:21,8.22,-0.01,84,69048,卖盘
942,14:07:18,8.23,0.01,104,85592,买盘
943,14:07:15,8.22,--,32,26304,卖盘
944,14:07:12,8.22,--,174,143028,卖盘
945,14:07:09,8.22,-0.01,13,10686,卖盘
946,14:07:06,8.23,0.01,42,34566,买盘
947,14:07:03,8.22,--,28,23016,卖盘
948,14:07:00,8.22,-0.01,13,10686,卖盘
949,14:06:57,8.23,0.01,52,42796,买盘
950,14:06:54,8.22,--,19,15618,卖盘
951,14:06:51,8.22,-0.01,602,494844,卖盘
952,14:06:48,8.23,--,100,82300,买盘
953,14:06:45,8.23,0.01,51,41973,买盘
954,14:06:42,8.22,--,61,50142,卖盘
955,14:06:39,8.22,--,33,27126,卖盘
956,14:06:36,8.22,-0.01,8,6576,卖盘
957,14:06:30,8.23,0.01,15,12345,买盘
958,14:06:27,8.22,-0.01,169,138918,卖盘
959,14:06:24,8.23,--,145,119335,买盘
960,14:06:21,8.23,--,130,106990,买盘
961,14:06:18,8.23,--,34,27982,买盘
962,14:06:15,8.23,--,1,823,买盘
963,14:06:12,8.23,0.01,57,46911,买盘
964,14:06:06,8.22,-0.01,272,223584,卖盘
965,14:06:03,8.23,--,37,30451,买盘
966,14:06:00,8.23,--,139,114397,卖盘
967,14:05:57,8.23,--,141,116043,卖盘
968,14:05:54,8.23,-0.01,521,428783,卖盘
969,14:05:51,8.24,0.01,1,824,买盘
970,14:05:48,8.23,--,41,33743,卖盘
971,14:05:45,8.23,--,79,65017,卖盘
972,14:05:42,8.23,--,20,16460,卖盘
973,14:05:39,8.23,--,68,55964,卖盘
974,14:05:36,8.23,--,60,49380,卖盘
975,14:05:33,8.23,--,84,69132,卖盘
976,14:05:30,8.23,--,47,38681,卖盘
977,14:05:27,8.23,--,4,3292,卖盘
978,14:05:24,8.23,--,18,14814,卖盘
979,14:05:21,8.23,--,115,94645,卖盘
980,14:05:15,8.23,--,379,311917,卖盘
981,14:05:12,8.23,--,107,88061,卖盘
982,14:05:09,8.23,--,80,65840,卖盘
983,14:05:06,8.23,--,167,137441,卖盘
984,14:05:03,8.23,--,28,23044,卖盘
985,14:05:00,8.23,--,30,24690,卖盘
986,14:04:57,8.23,--,289,237847,卖盘
987,14:04:54,8.23,--,10,8230,卖盘
988,14:04:51,8.23,--,62,51026,卖盘
989,14:04:48,8.23,--,17,13991,卖盘
990,14:04:45,8.23,--,1064,875672,卖盘
991,14:04:42,8.23,--,154,126742,卖盘
992,14:04:39,8.23,--,64,52672,卖盘
993,14:04:36,8.23,0.01,874,719302,买盘
994,14:04:33,8.22,--,27,22194,卖盘
995,14:04:30,8.22,--,36,29592,卖盘
996,14:04:27,8.22,--,13,10686,卖盘
997,14:04:24,8.22,-0.01,661,543342,卖盘
998,14:04:18,8.23,0.01,400,329200,买盘
999,14:04:15,8.22,-0.01,112,92064,卖盘
1000,14:04:12,8.23,0.01,10,8230,买盘
1001,14:04:09,8.22,--,5,4110,卖盘
1002,14:04:06,8.22,-0.01,35,28770,卖盘
1003,14:04:03,8.23,0.01,3,2469,买盘
1004,14:04:00,8.22,--,59,48498,卖盘
1005,14:03:57,8.22,-0.01,34,27948,卖盘
1006,14:03:54,8.23,0.01,163,134149,买盘
1007,14:03:51,8.22,--,652,535944,卖盘
1008,14:03:48,8.22,--,79,64938,卖盘
1009,14:03:45,8.22,--,37,30414,卖盘
1010,14:03:42,8.22,--,20,16440,卖盘
1011,14:03:39,8.22,--,1,822,卖盘
1012,14:03:36,8.22,-0.01,111,91242,卖盘
1013,14:03:33,8.23,0.01,529,435367,买盘
1014,14:03:30,8.22,--,258,212076,卖盘
1015,14:03:24,8.22,--,30,24660,卖盘
1016,14:03:21,8.22,--,46,37812,卖盘
1017,14:03:18,8.22,-0.01,10,8220,卖盘
1018,14:03:15,8.23,0.01,54,44442,买盘
1019,14:03:12,8.22,--,158,129876,卖盘
1020,14:03:09,8.22,--,511,420042,卖盘
1021,14:03:06,8.22,--,56,46032,卖盘
1022,14:03:03,8.22,-0.01,9,7398,卖盘
1023,14:03:00,8.23,--,91,74893,买盘
1024,14:02:57,8.23,--,184,151432,卖盘
1025,14:02:54,8.23,--,2858,2352134,卖盘
1026,14:02:51,8.23,-0.01,20,16460,卖盘
1027,14:02:48,8.24,0.01,121,99704,买盘
1028,14:02:45,8.23,--,5,4115,卖盘
1029,14:02:42,8.23,--,99,81477,卖盘
1030,14:02:39,8.23,--,21,17283,卖盘
1031,14:02:36,8.23,--,58,47734,卖盘
1032,14:02:33,8.23,--,110,90530,卖盘
1033,14:02:27,8.23,--,44,36212,卖盘
1034,14:02:24,8.23,--,10,8230,卖盘
1035,14:02:21,8.23,--,50,41150,卖盘
1036,14:02:18,8.23,--,131,107813,卖盘
1037,14:02:15,8.23,--,275,226325,卖盘
1038,14:02:09,8.23,--,528,434544,卖盘
1039,14:02:06,8.23,--,131,107813,卖盘
1040,14:02:03,8.23,-0.01,219,180237,卖盘
1041,14:02:00,8.24,--,19,15656,买盘
1042,14:01:57,8.24,0.01,1,824,买盘
1043,14:01:54,8.23,--,51,41973,卖盘
1044,14:01:51,8.23,--,30,24690,卖盘
1045,14:01:45,8.23,-0.01,37,30451,卖盘
1046,14:01:42,8.24,0.01,35,28840,买盘
1047,14:01:39,8.23,--,51,41973,卖盘
1048,14:01:33,8.23,--,23,18929,卖盘
1049,14:01:30,8.23,--,53,43619,卖盘
1050,14:01:27,8.23,-0.01,23,18929,卖盘
1051,14:01:21,8.24,--,38,31312,买盘
1052,14:01:18,8.24,0.01,44,36256,买盘
1053,14:01:15,8.23,-0.01,26,21398,卖盘
1054,14:01:12,8.24,0.01,19,15656,买盘
1055,14:01:09,8.23,--,71,58433,卖盘
1056,14:01:06,8.23,--,13,10699,卖盘
1057,14:01:03,8.23,-0.01,158,130034,卖盘
1058,14:01:00,8.24,0.01,20,16480,买盘
1059,14:00:57,8.23,--,24,19752,卖盘
1060,14:00:54,8.23,-0.01,137,112751,卖盘
1061,14:00:51,8.24,0.01,2,1648,买盘
1062,14:00:48,8.23,-0.02,15,12345,卖盘
1063,14:00:45,8.25,0.01,25,20625,买盘
1064,14:00:42,8.24,--,48,39552,卖盘
1065,14:00:39,8.24,-0.01,1011,833064,卖盘
1066,14:00:36,8.25,0.01,36,29700,买盘
1067,14:00:33,8.24,--,142,117008,卖盘
1068,14:00:30,8.24,--,22,18128,卖盘
1069,14:00:27,8.24,-0.01,40,32960,卖盘
1070,14:00:24,8.25,0.01,1100,907500,买盘
1071,14:00:21,8.24,--,15,12360,卖盘
1072,14:00:18,8.24,-0.01,127,104648,卖盘
1073,14:00:15,8.25,0.01,108,89100,买盘
1074,14:00:12,8.24,--,40,32960,卖盘
1075,14:00:09,8.24,-0.01,68,56032,卖盘
1076,14:00:06,8.25,--,19,15675,买盘
1077,14:00:03,8.25,--,477,393525,买盘
1078,14:00:00,8.25,--,23,18975,买盘
1079,13:59:57,8.25,--,87,71775,买盘
1080,13:59:54,8.25,--,114,94050,买盘
1081,13:59:51,8.25,--,97,80025,买盘
1082,13:59:48,8.25,--,141,116325,买盘
1083,13:59:45,8.25,--,25,20625,买盘
1084,13:59:42,8.25,0.01,517,426525,买盘
1085,13:59:39,8.24,--,174,143376,卖盘
1086,13:59:36,8.24,--,15,12360,卖盘
1087,13:59:33,8.24,--,22,18128,卖盘
1088,13:59:30,8.24,--,14,11536,卖盘
1089,13:59:27,8.24,--,2,1648,卖盘
1090,13:59:24,8.24,--,370,304880,卖盘
1091,13:59:21,8.24,-0.01,182,149968,卖盘
1092,13:59:18,8.25,0.01,36,29700,买盘
1093,13:59:15,8.24,--,30,24720,卖盘
1094,13:59:09,8.24,--,99,81576,卖盘
1095,13:59:06,8.24,--,227,187048,买盘
1096,13:59:03,8.24,--,40,32960,买盘
1097,13:59:00,8.24,0.01,111,91464,买盘
1098,13:58:57,8.23,-0.01,66,54318,卖盘
1099,13:58:54,8.24,--,384,316416,买盘
1100,13:58:51,8.24,--,5,4120,买盘
1101,13:58:48,8.24,--,652,537248,买盘
1102,13:58:45,8.24,--,125,103000,买盘
1103,13:58:42,8.24,--,94,77456,买盘
1104,13:58:39,8.24,--,169,139256,买盘
1105,13:58:36,8.24,0.01,160,131840,买盘
1106,13:58:33,8.23,--,110,90530,卖盘
1107,13:58:30,8.23,-0.01,11,9053,卖盘
1108,13:58:27,8.24,--,115,94760,买盘
1109,13:58:24,8.24,0.01,125,103000,买盘
1110,13:58:21,8.23,-0.01,34,27982,卖盘
1111,13:58:18,8.24,0.01,243,200232,买盘
1112,13:58:15,8.23,--,502,413146,卖盘
1113,13:58:12,8.23,-0.01,44,36212,卖盘
1114,13:58:09,8.24,--,28,23072,买盘
1115,13:58:06,8.24,0.01,31,25544,买盘
1116,13:58:03,8.23,--,360,296280,卖盘
1117,13:58:00,8.23,--,102,83946,卖盘
1118,13:57:57,8.23,--,15,12345,卖盘
1119,13:57:54,8.23,--,160,131680,卖盘
1120,13:57:51,8.23,--,23,18929,卖盘
1121,13:57:48,8.23,-0.02,109,89707,卖盘
1122,13:57:45,8.25,0.02,1,825,买盘
1123,13:57:42,8.23,-0.02,39,32097,卖盘
1124,13:57:39,8.25,0.02,416,343200,买盘
1125,13:57:36,8.23,-0.02,50,41150,卖盘
1126,13:57:33,8.25,0.01,43,35475,买盘
1127,13:57:30,8.24,-0.01,13,11124,卖盘
1128,13:57:27,8.25,0.01,66,54450,中性盘
1129,13:57:24,8.24,-0.01,2017,1662008,卖盘
1130,13:57:21,8.25,-0.01,27,22275,卖盘
1131,13:57:18,8.26,0.01,1118,923468,买盘
1132,13:57:15,8.25,--,44,36300,卖盘
1133,13:57:12,8.25,-0.01,100,82500,卖盘
1134,13:57:09,8.26,--,11,9086,买盘
1135,13:57:06,8.26,--,226,186676,买盘
1136,13:57:03,8.26,--,78,64428,买盘
1137,13:57:00,8.26,--,152,125552,买盘
1138,13:56:57,8.26,--,60,49560,中性盘
1139,13:56:54,8.26,--,1021,843346,卖盘
1140,13:56:51,8.26,-0.01,430,355180,卖盘
1141,13:56:48,8.27,0.01,40,33080,买盘
1142,13:56:45,8.26,--,195,161070,卖盘
1143,13:56:42,8.26,-0.01,59,48734,卖盘
1144,13:56:39,8.27,0.01,206,170362,买盘
1145,13:56:36,8.26,--,385,318010,卖盘
1146,13:56:33,8.26,--,218,180068,卖盘
1147,13:56:30,8.26,--,96,79296,卖盘
1148,13:56:27,8.26,--,1383,1142358,买盘
1149,13:56:24,8.26,--,312,257712,买盘
1150,13:56:21,8.26,--,360,297360,买盘
1151,13:56:18,8.26,--,111,91686,买盘
1152,13:56:15,8.26,--,281,232106,买盘
1153,13:56:12,8.26,-0.01,532,439432,卖盘
1154,13:56:09,8.27,--,169,139763,买盘
1155,13:56:06,8.27,0.01,601,497027,买盘
1156,13:56:03,8.26,-0.01,47,38822,卖盘
1157,13:56:00,8.27,0.01,66,54582,买盘
1158,13:55:57,8.26,--,621,512946,卖盘
1159,13:55:54,8.26,--,46,37996,卖盘
1160,13:55:51,8.26,-0.01,552,455952,卖盘
1161,13:55:48,8.27,0.01,1034,855118,买盘
1162,13:55:45,8.26,-0.01,32,26432,卖盘
1163,13:55:42,8.27,0.01,384,317568,买盘
1164,13:55:39,8.26,--,824,680624,卖盘
1165,13:55:36,8.26,--,428,353528,卖盘
1166,13:55:33,8.26,--,113,93338,卖盘
1167,13:55:30,8.26,-0.01,1014,837564,卖盘
1168,13:55:27,8.27,--,119,98413,买盘
1169,13:55:24,8.27,0.01,79,65333,买盘
1170,13:55:21,8.26,--,651,537726,买盘
1171,13:55:18,8.26,--,702,579852,买盘
1172,13:55:15,8.26,0.01,158,130508,买盘
1173,13:55:12,8.25,--,1556,1283700,卖盘
1174,13:55:09,8.25,--,353,291555,买盘
1175,13:55:06,8.25,--,956,788700,买盘
1176,13:55:03,8.25,0.01,1444,1191300,买盘
1177,13:55:00,8.24,-0.01,424,349376,卖盘
1178,13:54:57,8.25,--,2094,1727550,买盘
1179,13:54:54,8.25,0.01,282,232650,买盘
1180,13:54:51,8.24,--,16,13184,卖盘
1181,13:54:48,8.24,-0.01,136,112064,卖盘
1182,13:54:45,8.25,0.01,71,58575,买盘
1183,13:54:42,8.24,-0.01,99,81576,卖盘
1184,13:54:39,8.25,0.01,147,121275,买盘
1185,13:54:36,8.24,--,20,16480,卖盘
1186,13:54:33,8.24,-0.01,93,76632,卖盘
1187,13:54:30,8.25,0.01,102,84150,买盘
1188,13:54:27,8.24,--,45,37080,卖盘
1189,13:54:24,8.24,0.01,82,67980,买盘
1190,13:54:21,8.23,-0.01,554,455942,卖盘
1191,13:54:18,8.24,--,555,457320,买盘
1192,13:54:15,8.24,0.01,1148,945952,买盘
1193,13:54:12,8.23,-0.01,1347,1108581,卖盘
1194,13:54:09,8.24,0.01,409,337016,买盘
1195,13:54:06,8.23,--,733,603259,卖盘
1196,13:54:03,8.23,--,243,199989,买盘
1197,13:54:00,8.23,0.01,139,114397,卖盘
1198,13:53:57,8.22,--,1803,1482066,卖盘
1199,13:53:54,8.22,-0.01,80,65760,卖盘
1200,13:53:51,8.23,0.01,1107,911061,买盘
1201,13:53:48,8.22,--,213,175086,卖盘
1202,13:53:45,8.22,--,18,14796,卖盘
1203,13:53:42,8.22,-0.01,55,45210,卖盘
1204,13:53:39,8.23,0.01,105,86415,买盘
1205,13:53:36,8.22,--,88,72336,卖盘
1206,13:53:33,8.22,--,167,137274,卖盘
1207,13:53:30,8.22,--,86,70692,卖盘
1208,13:53:27,8.22,-0.01,134,110148,卖盘
1209,13:53:24,8.23,0.01,7,5761,买盘
1210,13:53:21,8.22,--,806,662532,买盘
1211,13:53:18,8.22,--,46,37812,买盘
1212,13:53:15,8.22,--,15,12330,买盘
1213,13:53:12,8.22,0.01,4,3288,买盘
1214,13:53:09,8.21,--,9,7389,卖盘
1215,13:53:06,8.21,--,106,87026,卖盘
1216,13:53:03,8.21,-0.01,17,13957,卖盘
1217,13:53:00,8.22,--,179,147138,买盘
1218,13:52:57,8.22,0.01,36,29592,买盘
1219,13:52:54,8.21,--,2,1642,卖盘
1220,13:52:51,8.21,-0.01,38,31198,卖盘
1221,13:52:48,8.22,--,13,10686,买盘
1222,13:52:45,8.22,--,214,175908,买盘
1223,13:52:39,8.22,0.01,14,11508,买盘
1224,13:52:36,8.21,-0.01,25,20525,卖盘
1225,13:52:33,8.22,--,15,12330,买盘
1226,13:52:30,8.22,-0.01,30,24660,中性盘
1227,13:52:27,8.23,--,1653,1360419,买盘
1228,13:52:24,8.23,--,242,199166,买盘
1229,13:52:21,8.23,--,27,22221,买盘
1230,13:52:18,8.23,0.01,143,117689,买盘
1231,13:52:15,8.22,-0.01,13,10686,卖盘
1232,13:52:12,8.23,--,189,155547,买盘
1233,13:52:09,8.23,--,17,13991,买盘
1234,13:52:06,8.23,--,47,38681,买盘
1235,13:52:03,8.23,--,475,390925,买盘
1236,13:52:00,8.23,--,72,59256,买盘
1237,13:51:57,8.23,--,2,1646,买盘
1238,13:51:54,8.23,--,37,30451,买盘
1239,13:51:51,8.23,0.01,318,261714,买盘
1240,13:51:48,8.22,-0.01,210,173031,卖盘
1241,13:51:45,8.23,--,90,74070,卖盘
1242,13:51:42,8.23,-0.01,220,181060,卖盘
1243,13:51:39,8.24,0.01,401,330424,买盘
1244,13:51:36,8.23,--,113,92999,卖盘
1245,13:51:33,8.23,--,361,297103,卖盘
1246,13:51:30,8.23,0.01,536,441539,买盘
1247,13:51:27,8.22,-0.01,433,355926,卖盘
1248,13:51:24,8.23,0.01,214,176122,买盘
1249,13:51:21,8.22,--,138,113436,卖盘
1250,13:51:18,8.22,--,1758,1445076,卖盘
1251,13:51:15,8.22,--,248,203856,卖盘
1252,13:51:12,8.22,-0.01,76,62472,卖盘
1253,13:51:09,8.23,--,47,38681,买盘
1254,13:51:06,8.23,0.01,226,185998,买盘
1255,13:51:03,8.22,-0.01,283,232626,卖盘
1256,13:51:00,8.23,--,49,40327,买盘
1257,13:50:57,8.23,--,176,145432,卖盘
1258,13:50:54,8.23,--,1212,997476,卖盘
1259,13:50:51,8.23,--,47,38681,卖盘
1260,13:50:48,8.23,--,1313,1080837,买盘
1261,13:50:45,8.23,--,435,358005,买盘
1262,13:50:42,8.23,0.01,181,148963,买盘
1263,13:50:39,8.22,-0.01,460,378120,卖盘
1264,13:50:36,8.23,0.01,191,157193,买盘
1265,13:50:33,8.22,-0.01,66,54252,卖盘
1266,13:50:30,8.23,0.01,5,4115,买盘
1267,13:50:27,8.22,--,630,517860,买盘
1268,13:50:24,8.22,--,259,212898,买盘
1269,13:50:21,8.22,--,584,480048,买盘
1270,13:50:18,8.22,--,74,60828,卖盘
1271,13:50:15,8.22,0.01,79,64938,卖盘
1272,13:50:12,8.21,-0.02,203,166663,卖盘
1273,13:50:09,8.23,0.02,2025,1666575,买盘
1274,13:50:06,8.21,-0.01,100,82100,卖盘
1275,13:50:03,8.22,0.01,675,554850,买盘
1276,13:50:00,8.21,-0.01,165,135465,卖盘
1277,13:49:57,8.22,--,340,279480,买盘
1278,13:49:54,8.22,0.02,319,262218,买盘
1279,13:49:51,8.2,-0.01,659,540380,卖盘
1280,13:49:48,8.21,-0.01,360,295560,卖盘
1281,13:49:45,8.22,--,361,296742,买盘
1282,13:49:42,8.22,--,513,421686,买盘
1283,13:49:39,8.22,0.01,81,66582,买盘
1284,13:49:36,8.21,-0.01,529,434309,卖盘
1285,13:49:33,8.22,0.01,17,13974,买盘
1286,13:49:30,8.21,--,241,197861,卖盘
1287,13:49:27,8.21,--,532,436772,买盘
1288,13:49:24,8.21,--,364,298844,买盘
1289,13:49:21,8.21,--,436,357956,买盘
1290,13:49:18,8.21,0.01,270,221670,买盘
1291,13:49:15,8.2,--,4412,3617839,买盘
1292,13:49:12,8.2,0.01,203,166460,买盘
1293,13:49:09,8.19,-0.01,324,265356,卖盘
1294,13:49:06,8.2,0.01,4397,3605539,买盘
1295,13:49:03,8.19,--,70,57330,买盘
1296,13:49:00,8.19,--,95,77805,买盘
1297,13:48:57,8.19,0.01,141,115479,买盘
1298,13:48:54,8.18,-0.01,1555,1271990,卖盘
1299,13:48:51,8.19,0.01,105,85995,买盘
1300,13:48:48,8.18,--,64,52352,卖盘
1301,13:48:45,8.18,-0.01,43,35174,卖盘
1302,13:48:42,8.19,--,75,61424,买盘
1303,13:48:39,8.19,0.01,20,16379,买盘
1304,13:48:36,8.18,--,35,28630,卖盘
1305,13:48:33,8.18,--,10,8180,卖盘
1306,13:48:30,8.18,--,110,89980,卖盘
1307,13:48:27,8.18,0.01,309,252762,买盘
1308,13:48:24,8.17,-0.01,2138,1746746,卖盘
1309,13:48:21,8.18,--,14,11452,买盘
1310,13:48:18,8.18,0.01,58,47444,买盘
1311,13:48:15,8.17,--,72,58824,卖盘
1312,13:48:12,8.17,0.01,420,343140,买盘
1313,13:48:09,8.16,-0.01,10,8160,卖盘
1314,13:48:06,8.17,0.01,926,756542,买盘
1315,13:48:03,8.16,--,5,4080,卖盘
1316,13:48:00,8.16,--,17,13872,卖盘
1317,13:47:57,8.16,-0.01,29,23664,卖盘
1318,13:47:54,8.17,0.01,62,50654,买盘
1319,13:47:51,8.16,-0.01,32,26112,卖盘
1320,13:47:48,8.17,0.01,5,4085,买盘
1321,13:47:45,8.16,-0.01,10,8160,卖盘
1322,13:47:42,8.17,0.01,4,3268,买盘
1323,13:47:39,8.16,--,19,15504,卖盘
1324,13:47:36,8.16,-0.01,68,55488,卖盘
1325,13:47:33,8.17,--,45,36765,买盘
1326,13:47:30,8.17,0.01,127,103759,买盘
1327,13:47:27,8.16,--,364,297513,买盘
1328,13:47:24,8.16,--,101,82416,买盘
1329,13:47:21,8.16,--,10,8160,买盘
1330,13:47:18,8.16,0.01,606,494496,买盘
1331,13:47:15,8.15,--,22,17930,卖盘
1332,13:47:12,8.15,-0.01,157,128142,卖盘
1333,13:47:09,8.16,0.01,2,1632,买盘
1334,13:47:06,8.15,-0.01,15,12225,卖盘
1335,13:47:00,8.16,0.01,47,38352,买盘
1336,13:46:57,8.15,--,3,2445,卖盘
1337,13:46:54,8.15,-0.01,50,40750,卖盘
1338,13:46:51,8.16,0.01,69,56304,买盘
1339,13:46:48,8.15,--,12,9780,卖盘
1340,13:46:45,8.15,-0.01,17,13855,卖盘
1341,13:46:42,8.16,0.01,40,32640,买盘
1342,13:46:39,8.15,--,8,6520,卖盘
1343,13:46:36,8.15,--,11,8965,卖盘
1344,13:46:33,8.15,-0.01,18,14670,卖盘
1345,13:46:30,8.16,0.01,2,1632,买盘
1346,13:46:27,8.15,-0.01,80,65200,卖盘
1347,13:46:24,8.16,0.01,16,13056,买盘
1348,13:46:21,8.15,-0.01,60,48900,卖盘
1349,13:46:18,8.16,--,1,816,买盘
1350,13:46:15,8.16,0.01,34,27744,买盘
1351,13:46:12,8.15,--,10,8150,卖盘
1352,13:46:09,8.15,-0.01,9,7335,卖盘
1353,13:46:06,8.16,0.01,4,3264,买盘
1354,13:46:03,8.15,--,12,9780,卖盘
1355,13:46:00,8.15,--,13,10595,卖盘
1356,13:45:54,8.15,--,60,48900,卖盘
1357,13:45:51,8.15,--,61,49715,卖盘
1358,13:45:48,8.15,--,168,136920,卖盘
1359,13:45:45,8.15,--,32,26080,卖盘
1360,13:45:42,8.15,--,4,3260,卖盘
1361,13:45:39,8.15,--,30,24450,卖盘
1362,13:45:36,8.15,--,57,46455,卖盘
1363,13:45:30,8.15,--,53,43195,卖盘
1364,13:45:27,8.15,--,47,38305,卖盘
1365,13:45:21,8.15,-0.01,22,17930,卖盘
1366,13:45:18,8.16,0.01,15,12240,买盘
1367,13:45:15,8.15,--,73,59495,卖盘
1368,13:45:12,8.15,-0.01,24,19560,卖盘
1369,13:45:09,8.16,0.01,3,2448,买盘
1370,13:45:06,8.15,--,16,13040,卖盘
1371,13:45:03,8.15,-0.01,212,172780,卖盘
1372,13:45:00,8.16,--,40,32640,买盘
1373,13:44:57,8.16,0.01,43,35088,买盘
1374,13:44:54,8.15,--,15,12225,卖盘
1375,13:44:51,8.15,--,9,7335,卖盘
1376,13:44:48,8.15,--,16,13040,卖盘
1377,13:44:45,8.15,--,12,9780,卖盘
1378,13:44:42,8.15,--,14,11410,卖盘
1379,13:44:39,8.15,-0.01,39,31785,卖盘
1380,13:44:36,8.16,0.01,18,14688,买盘
1381,13:44:33,8.15,--,27,22005,卖盘
1382,13:44:30,8.15,-0.01,29,23635,卖盘
1383,13:44:27,8.16,-0.01,904,737990,卖盘
1384,13:44:24,8.17,0.01,1,817,买盘
1385,13:44:21,8.16,--,15,12240,卖盘
1386,13:44:18,8.16,-0.01,14,11913,卖盘
1387,13:44:15,8.17,0.01,8,6536,买盘
1388,13:44:12,8.16,--,22,17952,卖盘
1389,13:44:09,8.16,--,147,119952,卖盘
1390,13:44:06,8.16,-0.01,32,26112,卖盘
1391,13:44:03,8.17,--,2,1634,买盘
1392,13:44:00,8.17,--,6,4902,买盘
1393,13:43:57,8.17,--,21,17157,买盘
1394,13:43:54,8.17,--,33,26961,买盘
1395,13:43:51,8.17,--,139,113563,买盘
1396,13:43:48,8.17,--,8,6536,买盘
1397,13:43:45,8.17,0.01,1,817,买盘
1398,13:43:42,8.16,-0.01,16,13056,卖盘
1399,13:43:39,8.17,--,165,134805,买盘
1400,13:43:36,8.17,0.01,196,160132,买盘
1401,13:43:33,8.16,--,7,5712,卖盘
1402,13:43:30,8.16,--,30,24480,卖盘
1403,13:43:27,8.16,-0.01,8,6528,卖盘
1404,13:43:21,8.17,0.02,19,15523,买盘
1405,13:43:18,8.15,-0.01,18,14670,卖盘
1406,13:43:15,8.16,--,48,39168,买盘
1407,13:43:12,8.16,--,11,8976,买盘
1408,13:43:09,8.16,--,15,12240,卖盘
1409,13:43:06,8.16,--,11,8976,买盘
1410,13:43:03,8.16,--,2,1632,买盘
1411,13:43:00,8.16,0.01,1,816,买盘
1412,13:42:57,8.15,--,9,7335,卖盘
1413,13:42:54,8.15,-0.01,3,2445,卖盘
1414,13:42:51,8.16,--,1,816,买盘
1415,13:42:48,8.16,0.01,4,3264,中性盘
1416,13:42:45,8.15,-0.01,10,8150,卖盘
1417,13:42:42,8.16,--,6,4896,卖盘
1418,13:42:39,8.16,--,51,41616,卖盘
1419,13:42:36,8.16,-0.01,66,53856,卖盘
1420,13:42:33,8.17,--,51,41667,买盘
1421,13:42:30,8.17,--,1267,1035139,买盘
1422,13:42:27,8.17,--,55,44935,买盘
1423,13:42:24,8.17,--,2,1634,买盘
1424,13:42:21,8.17,--,43,35131,买盘
1425,13:42:18,8.17,0.01,12,9804,买盘
1426,13:42:15,8.16,--,38,31008,卖盘
1427,13:42:12,8.16,--,62,50592,卖盘
1428,13:42:09,8.16,--,15,12240,卖盘
1429,13:42:06,8.16,--,13,10608,卖盘
1430,13:42:03,8.16,--,7,5712,卖盘
1431,13:42:00,8.16,--,418,341088,卖盘
1432,13:41:57,8.16,--,514,419424,卖盘
1433,13:41:54,8.16,--,27,22032,卖盘
1434,13:41:48,8.16,-0.01,51,41616,卖盘
1435,13:41:45,8.17,0.01,13,10621,买盘
1436,13:41:42,8.16,--,50,40800,卖盘
1437,13:41:39,8.16,--,104,84864,卖盘
1438,13:41:36,8.16,--,75,61200,卖盘
1439,13:41:33,8.16,-0.01,31,25296,卖盘
1440,13:41:30,8.17,0.01,3,2451,买盘
1441,13:41:27,8.16,--,13,10608,卖盘
1442,13:41:24,8.16,-0.01,36,29376,卖盘
1443,13:41:21,8.17,--,34,27778,买盘
1444,13:41:18,8.17,0.01,20,16340,买盘
1445,13:41:15,8.16,--,164,133824,卖盘
1446,13:41:12,8.16,-0.01,11,8976,卖盘
1447,13:41:09,8.17,--,74,60458,买盘
1448,13:41:06,8.17,--,94,76798,卖盘
1449,13:41:03,8.17,--,19,15523,卖盘
1450,13:41:00,8.17,-0.01,128,104576,卖盘
1451,13:40:57,8.18,--,136,111248,买盘
1452,13:40:54,8.18,0.01,399,326382,买盘
1453,13:40:51,8.17,--,10,8170,卖盘
1454,13:40:48,8.17,--,258,210786,卖盘
1455,13:40:45,8.17,-0.01,50,40850,卖盘
1456,13:40:42,8.18,0.01,40,32720,买盘
1457,13:40:39,8.17,--,11,8987,卖盘
1458,13:40:36,8.17,-0.02,662,540886,卖盘
1459,13:40:33,8.19,0.01,119,97461,买盘
1460,13:40:30,8.18,--,96,78528,卖盘
1461,13:40:27,8.18,0.01,251,206103,买盘
1462,13:40:24,8.17,-0.01,510,416670,卖盘
1463,13:40:21,8.18,--,239,195502,买盘
1464,13:40:18,8.18,0.01,454,371372,买盘
1465,13:40:15,8.17,-0.01,512,418304,卖盘
1466,13:40:12,8.18,--,995,813910,买盘
1467,13:40:09,8.18,0.01,78,63804,买盘
1468,13:40:06,8.17,-0.01,26,21242,卖盘
1469,13:40:03,8.18,0.02,248,202864,买盘
1470,13:40:00,8.16,-0.01,313,255408,卖盘
1471,13:39:57,8.17,--,1345,1098865,买盘
1472,13:39:54,8.17,--,8,6536,买盘
1473,13:39:51,8.17,0.01,34,27778,买盘
1474,13:39:45,8.16,--,2088,1703808,买盘
1475,13:39:42,8.16,--,2,1632,买盘
1476,13:39:39,8.16,0.01,50,40800,买盘
1477,13:39:36,8.15,-0.01,48,39120,卖盘
1478,13:39:33,8.16,--,130,106080,买盘
1479,13:39:30,8.16,--,3,2448,买盘
1480,13:39:27,8.16,--,43,35088,买盘
1481,13:39:24,8.16,--,98,79968,买盘
1482,13:39:21,8.16,0.01,57,46512,买盘
1483,13:39:18,8.15,-0.01,57,46455,卖盘
1484,13:39:15,8.16,0.01,67,54672,买盘
1485,13:39:12,8.15,--,91,74165,卖盘
1486,13:39:09,8.15,-0.01,34,27710,卖盘
1487,13:39:06,8.16,0.01,39,31824,买盘
1488,13:39:03,8.15,--,127,103505,卖盘
1489,13:39:00,8.15,--,8,6520,卖盘
1490,13:38:57,8.15,--,886,722090,买盘
1491,13:38:54,8.15,0.01,94,76610,买盘
1492,13:38:51,8.14,-0.01,79,64306,卖盘
1493,13:38:48,8.15,--,11,8965,买盘
1494,13:38:45,8.15,--,107,87205,买盘
1495,13:38:42,8.15,--,35,28525,买盘
1496,13:38:39,8.15,--,246,200490,买盘
1497,13:38:36,8.15,0.01,72,58680,买盘
1498,13:38:33,8.14,--,674,548636,卖盘
1499,13:38:30,8.14,-0.01,25,20350,卖盘
1500,13:38:27,8.15,0.01,263,214345,买盘
1501,13:38:24,8.14,--,58,47212,卖盘
1502,13:38:21,8.14,--,10,8140,卖盘
1503,13:38:18,8.14,--,62,50468,卖盘
1504,13:38:15,8.14,--,52,42328,卖盘
1505,13:38:12,8.14,--,13,10582,卖盘
1506,13:38:09,8.14,--,13,10582,卖盘
1507,13:38:06,8.14,-0.01,25,20350,卖盘
1508,13:38:03,8.15,0.01,2,1630,买盘
1509,13:38:00,8.14,--,398,323972,买盘
1510,13:37:57,8.14,--,400,325600,买盘
1511,13:37:54,8.14,--,17,13838,买盘
1512,13:37:51,8.14,--,307,249898,买盘
1513,13:37:48,8.14,0.01,182,148148,买盘
1514,13:37:45,8.13,--,27,21951,卖盘
1515,13:37:42,8.13,-0.01,134,108942,卖盘
1516,13:37:39,8.14,--,25,20350,买盘
1517,13:37:36,8.14,0.01,65,52910,买盘
1518,13:37:33,8.13,--,4,3252,卖盘
1519,13:37:30,8.13,-0.01,69,56097,卖盘
1520,13:37:27,8.14,--,25,20350,买盘
1521,13:37:24,8.14,--,30,24420,买盘
1522,13:37:21,8.14,--,70,56980,买盘
1523,13:37:18,8.14,--,12,9768,买盘
1524,13:37:15,8.14,0.01,3,2442,买盘
1525,13:37:12,8.13,--,129,104877,卖盘
1526,13:37:09,8.13,-0.01,83,67479,卖盘
1527,13:37:06,8.14,0.01,2,1628,买盘
1528,13:37:03,8.13,0.01,231,187803,买盘
1529,13:37:00,8.12,--,48,38975,卖盘
1530,13:36:57,8.12,-0.01,291,236291,卖盘
1531,13:36:54,8.13,0.01,2,1626,买盘
1532,13:36:51,8.12,--,20,16239,卖盘
1533,13:36:45,8.12,-0.01,37,30043,卖盘
1534,13:36:42,8.13,--,64,52032,买盘
1535,13:36:39,8.13,--,29,23577,买盘
1536,13:36:36,8.13,0.01,51,41463,买盘
1537,13:36:33,8.12,--,27,21923,卖盘
1538,13:36:30,8.12,--,73,59275,卖盘
1539,13:36:27,8.12,-0.01,34,27607,卖盘
1540,13:36:24,8.13,0.01,21,17073,买盘
1541,13:36:21,8.12,-0.01,10,8119,卖盘
1542,13:36:18,8.13,0.01,204,165852,买盘
1543,13:36:09,8.12,--,132,107183,卖盘
1544,13:36:06,8.12,--,37,30043,卖盘
1545,13:36:03,8.12,-0.01,66,53591,卖盘
1546,13:36:00,8.13,0.02,150,121950,买盘
1547,13:35:57,8.11,-0.02,300,243299,卖盘
1548,13:35:51,8.13,0.01,102,82926,买盘
1549,13:35:48,8.12,--,13,10555,卖盘
1550,13:35:45,8.12,-0.01,14,11367,卖盘
1551,13:35:42,8.13,--,1,813,买盘
1552,13:35:39,8.13,--,37,30081,买盘
1553,13:35:36,8.13,0.01,52,42276,买盘
1554,13:35:33,8.12,-0.01,91,73892,卖盘
1555,13:35:30,8.13,--,16,13008,卖盘
1556,13:35:27,8.13,--,8,6504,卖盘
1557,13:35:24,8.13,--,23,18699,卖盘
1558,13:35:21,8.13,0.01,2702,2196726,买盘
1559,13:35:18,8.12,--,2,1623,买盘
1560,13:35:15,8.12,0.01,22,17864,买盘
1561,13:35:12,8.11,-0.01,34,27573,卖盘
1562,13:35:09,8.12,0.01,1,811,买盘
1563,13:35:06,8.11,-0.01,24,19464,卖盘
1564,13:35:03,8.12,0.01,12,9743,买盘
1565,13:35:00,8.11,-0.01,33,26762,卖盘
1566,13:34:57,8.12,0.01,70,56839,买盘
1567,13:34:54,8.11,--,22,17842,卖盘
1568,13:34:48,8.11,--,113,91643,卖盘
1569,13:34:45,8.11,--,55,44605,卖盘
1570,13:34:42,8.11,--,1,811,卖盘
1571,13:34:39,8.11,-0.01,117,94887,卖盘
1572,13:34:36,8.12,--,15,12179,买盘
1573,13:34:33,8.12,0.01,1,811,买盘
1574,13:34:30,8.11,--,30,24330,卖盘
1575,13:34:27,8.11,--,67,54336,卖盘
1576,13:34:24,8.11,--,219,177641,买盘
1577,13:34:21,8.11,--,45,36495,买盘
1578,13:34:18,8.11,--,5,4054,买盘
1579,13:34:15,8.11,--,59,47849,买盘
1580,13:34:12,8.11,--,4,3244,买盘
1581,13:34:09,8.11,--,21,17031,买盘
1582,13:34:06,8.11,0.01,29,23519,买盘
1583,13:34:03,8.1,-0.01,39,31590,卖盘
1584,13:33:57,8.11,0.01,3,2433,买盘
1585,13:33:54,8.1,--,12,9720,卖盘
1586,13:33:51,8.1,-0.01,9,7290,卖盘
1587,13:33:48,8.11,--,2,1622,买盘
1588,13:33:45,8.11,0.01,80,64879,买盘
1589,13:33:42,8.1,-0.01,16,12960,卖盘
1590,13:33:39,8.11,0.01,176,142736,买盘
1591,13:33:36,8.1,--,1,810,卖盘
1592,13:33:33,8.1,--,15,12150,卖盘
1593,13:33:30,8.1,--,666,539460,卖盘
1594,13:33:27,8.1,-0.01,41,33210,卖盘
1595,13:33:24,8.11,0.01,23,18653,买盘
1596,13:33:21,8.1,-0.01,44,35640,卖盘
1597,13:33:18,8.11,0.01,585,474434,买盘
1598,13:33:15,8.1,-0.02,634,514317,卖盘
1599,13:33:12,8.12,0.01,38,30855,买盘
1600,13:33:09,8.11,--,146,118405,卖盘
1601,13:33:06,8.11,-0.01,26,21086,卖盘
1602,13:33:03,8.12,0.01,1010,820119,买盘
1603,13:33:00,8.11,--,16,12976,卖盘
1604,13:32:57,8.11,--,51,41361,卖盘
1605,13:32:54,8.11,-0.01,10,8109,卖盘
1606,13:32:51,8.12,0.01,22,17864,买盘
1607,13:32:48,8.11,-0.01,13,10543,卖盘
1608,13:32:42,8.12,--,24,19487,买盘
1609,13:32:39,8.12,0.01,13,10555,买盘
1610,13:32:36,8.11,-0.01,13,10543,卖盘
1611,13:32:33,8.12,0.01,78,63335,买盘
1612,13:32:30,8.11,-0.01,44,35716,卖盘
1613,13:32:27,8.12,0.01,16,12991,买盘
1614,13:32:24,8.11,-0.01,5,4054,卖盘
1615,13:32:21,8.12,0.01,2,1623,买盘
1616,13:32:18,8.11,--,47,38117,卖盘
1617,13:32:15,8.11,--,97,78667,卖盘
1618,13:32:12,8.11,--,8,6488,卖盘
1619,13:32:09,8.11,--,9,7298,卖盘
1620,13:32:06,8.11,--,40,32439,卖盘
1621,13:32:03,8.11,--,26,21086,卖盘
1622,13:32:00,8.11,-0.01,200,162200,卖盘
1623,13:31:57,8.12,0.01,21,17052,买盘
1624,13:31:54,8.11,--,61,49471,卖盘
1625,13:31:48,8.11,-0.01,30,24330,卖盘
1626,13:31:45,8.12,0.02,35,28419,买盘
1627,13:31:42,8.1,--,18,14580,卖盘
1628,13:31:39,8.1,-0.02,24,19440,卖盘
1629,13:31:36,8.12,0.02,70,56839,买盘
1630,13:31:33,8.1,--,116,93960,卖盘
1631,13:31:30,8.1,-0.02,36,29160,卖盘
1632,13:31:27,8.12,0.02,13,10555,买盘
1633,13:31:24,8.1,-0.01,50,40500,卖盘
1634,13:31:21,8.11,--,47,38117,买盘
1635,13:31:18,8.11,--,27,21897,买盘
1636,13:31:15,8.11,--,22,17842,买盘
1637,13:31:12,8.11,--,192,155712,买盘
1638,13:31:09,8.11,--,23,18653,买盘
1639,13:31:06,8.11,0.01,6,4866,买盘
1640,13:31:03,8.1,--,86,69660,卖盘
1641,13:31:00,8.1,--,72,58320,卖盘
1642,13:30:57,8.1,-0.01,110,89100,卖盘
1643,13:30:54,8.11,0.01,434,351974,买盘
1644,13:30:48,8.1,--,808,654480,卖盘
1645,13:30:45,8.1,-0.01,42,34020,卖盘
1646,13:30:42,8.11,--,118,95698,买盘
1647,13:30:39,8.11,--,90,72990,买盘
1648,13:30:36,8.11,0.01,81,65691,买盘
1649,13:30:33,8.1,-0.01,66,53460,卖盘
1650,13:30:30,8.11,--,16,12976,买盘
1651,13:30:27,8.11,--,23,18653,买盘
1652,13:30:24,8.11,--,42,34062,买盘
1653,13:30:21,8.11,--,91,73801,买盘
1654,13:30:18,8.11,--,18,14597,买盘
1655,13:30:15,8.11,0.01,175,141925,买盘
1656,13:30:12,8.1,--,50,40500,卖盘
1657,13:30:09,8.1,--,33,26730,卖盘
1658,13:30:06,8.1,--,18,14580,卖盘
1659,13:30:03,8.1,-0.01,1549,1254690,卖盘
1660,13:30:00,8.11,0.01,10,8109,买盘
1661,13:29:57,8.1,-0.01,1701,1377810,卖盘
1662,13:29:54,8.11,0.01,195,158145,买盘
1663,13:29:51,8.1,-0.01,119,96390,卖盘
1664,13:29:48,8.11,0.01,426,345486,买盘
1665,13:29:45,8.1,-0.01,432,349920,卖盘
1666,13:29:42,8.11,0.01,14,11354,买盘
1667,13:29:39,8.1,--,57,46170,卖盘
1668,13:29:36,8.1,-0.01,9,7290,卖盘
1669,13:29:33,8.11,0.01,126,102186,买盘
1670,13:29:30,8.1,--,32,25920,卖盘
1671,13:29:24,8.1,--,11,8910,卖盘
1672,13:29:21,8.1,--,30,24300,卖盘
1673,13:29:18,8.1,-0.01,73,59130,卖盘
1674,13:29:15,8.11,0.01,95,77045,买盘
1675,13:29:12,8.1,--,17,13770,卖盘
1676,13:29:09,8.1,-0.01,14,11340,卖盘
1677,13:29:06,8.11,--,4,3244,买盘
1678,13:29:03,8.11,0.01,55,44605,买盘
1679,13:29:00,8.1,-0.01,23,18630,卖盘
1680,13:28:57,8.11,0.01,361,292771,买盘
1681,13:28:54,8.1,--,25,20250,卖盘
1682,13:28:51,8.1,-0.01,10,8100,卖盘
1683,13:28:48,8.11,-0.01,63,51093,卖盘
1684,13:28:45,8.12,0.02,482,391383,买盘
1685,13:28:42,8.1,-0.01,183,148230,卖盘
1686,13:28:39,8.11,--,207,167877,卖盘
1687,13:28:33,8.11,-0.01,14,11354,卖盘
1688,13:28:30,8.12,0.01,21,17052,买盘
1689,13:28:27,8.11,-0.01,9,7298,卖盘
1690,13:28:24,8.12,0.01,226,183511,买盘
1691,13:28:21,8.11,-0.01,41,33251,卖盘
1692,13:28:18,8.12,--,3,2435,买盘
1693,13:28:15,8.12,--,48,38975,买盘
1694,13:28:12,8.12,--,121,98251,买盘
1695,13:28:06,8.12,--,2048,1662975,卖盘
1696,13:28:03,8.12,-0.01,67,54403,卖盘
1697,13:28:00,8.13,--,25,20325,买盘
1698,13:27:57,8.13,0.01,46,37398,买盘
1699,13:27:54,8.12,--,36,29231,卖盘
1700,13:27:51,8.12,--,28,22735,卖盘
1701,13:27:48,8.12,--,12,9743,卖盘
1702,13:27:45,8.12,--,38,30855,卖盘
1703,13:27:42,8.12,--,9,7307,卖盘
1704,13:27:39,8.12,--,37,30043,卖盘
1705,13:27:36,8.12,--,116,94191,卖盘
1706,13:27:33,8.12,-0.01,38,30855,卖盘
1707,13:27:30,8.13,0.01,51,41463,买盘
1708,13:27:27,8.12,--,69,56027,卖盘
1709,13:27:24,8.12,--,53,43035,卖盘
1710,13:27:21,8.12,--,27,21923,卖盘
1711,13:27:18,8.12,-0.01,133,107995,卖盘
1712,13:27:15,8.13,0.01,10,8130,买盘
1713,13:27:12,8.12,-0.01,13,10555,卖盘
1714,13:27:09,8.13,--,22,17886,买盘
1715,13:27:06,8.13,0.01,105,85365,买盘
1716,13:27:03,8.12,-0.01,20,16239,卖盘
1717,13:27:00,8.13,0.01,2,1626,买盘
1718,13:26:57,8.12,--,9,7307,卖盘
1719,13:26:54,8.12,--,168,136416,卖盘
1720,13:26:51,8.12,--,65,52779,卖盘
1721,13:26:48,8.12,--,89,72268,卖盘
1722,13:26:45,8.12,--,23,18676,卖盘
1723,13:26:42,8.12,-0.01,10,8119,卖盘
1724,13:26:39,8.13,0.01,40,32520,买盘
1725,13:26:36,8.12,--,1,811,卖盘
1726,13:26:33,8.12,--,185,150220,卖盘
1727,13:26:30,8.12,-0.01,44,35728,卖盘
1728,13:26:27,8.13,0.01,11,8943,买盘
1729,13:26:24,8.12,--,22,17864,卖盘
1730,13:26:21,8.12,--,107,86883,卖盘
1731,13:26:18,8.12,-0.01,180,146160,卖盘
1732,13:26:15,8.13,--,22,17886,买盘
1733,13:26:12,8.13,--,15,12195,买盘
1734,13:26:09,8.13,0.01,21,17073,买盘
1735,13:26:06,8.12,--,168,136416,卖盘
1736,13:26:03,8.12,--,29,23547,卖盘
1737,13:26:00,8.12,-0.01,13,10555,卖盘
1738,13:25:57,8.13,0.01,68,55284,买盘
1739,13:25:54,8.12,-0.01,16,12991,卖盘
1740,13:25:51,8.13,0.01,25,20325,买盘
1741,13:25:48,8.12,--,126,102311,卖盘
1742,13:25:45,8.12,-0.01,30,24359,卖盘
1743,13:25:42,8.13,0.01,1,813,买盘
1744,13:25:39,8.12,-0.01,63,51155,卖盘
1745,13:25:36,8.13,--,1,813,买盘
1746,13:25:33,8.13,0.01,72,58536,买盘
1747,13:25:30,8.12,--,31,25171,卖盘
1748,13:25:27,8.12,--,12,9743,卖盘
1749,13:25:24,8.12,--,34,27607,卖盘
1750,13:25:21,8.12,--,196,159151,卖盘
1751,13:25:15,8.12,--,85,69020,卖盘
1752,13:25:09,8.12,--,544,441727,卖盘
1753,13:25:06,8.12,--,118,95815,买盘
1754,13:25:03,8.12,--,25,20299,买盘
1755,13:25:00,8.12,--,103,83635,卖盘
1756,13:24:57,8.12,--,12,9743,卖盘
1757,13:24:54,8.12,--,14,11367,卖盘
1758,13:24:51,8.12,--,25,20299,卖盘
1759,13:24:48,8.12,--,7,5683,卖盘
1760,13:24:45,8.12,--,31,25171,卖盘
1761,13:24:42,8.12,--,16,12991,卖盘
1762,13:24:39,8.12,0.01,346,280952,买盘
1763,13:24:36,8.11,--,12,9732,卖盘
1764,13:24:33,8.11,--,24,19464,卖盘
1765,13:24:30,8.11,--,159,128948,买盘
1766,13:24:27,8.11,--,170,137870,卖盘
1767,13:24:24,8.11,0.01,9,7298,卖盘
1768,13:24:21,8.1,--,42,34020,卖盘
1769,13:24:18,8.1,--,55,44550,卖盘
1770,13:24:15,8.1,-0.01,112,90720,卖盘
1771,13:24:12,8.11,0.01,31,25141,买盘
1772,13:24:09,8.1,-0.03,1319,1068390,卖盘
1773,13:24:06,8.13,--,1,813,买盘
1774,13:24:03,8.13,0.01,39,31707,买盘
1775,13:24:00,8.12,--,22,17864,卖盘
1776,13:23:57,8.12,0.01,149,120987,买盘
1777,13:23:54,8.11,-0.01,74,60013,卖盘
1778,13:23:51,8.12,0.01,27,21923,买盘
1779,13:23:48,8.11,--,63,51093,卖盘
1780,13:23:42,8.11,-0.01,30,24330,卖盘
1781,13:23:39,8.12,0.01,24,19487,买盘
1782,13:23:36,8.11,--,50,40550,卖盘
1783,13:23:33,8.11,-0.01,43,34873,卖盘
1784,13:23:30,8.12,0.01,843,684515,买盘
1785,13:23:27,8.11,-0.01,24,19464,卖盘
1786,13:23:24,8.12,--,54,43847,买盘
1787,13:23:21,8.12,--,2,1623,买盘
1788,13:23:18,8.12,0.01,24,19487,买盘
1789,13:23:15,8.11,--,60,48660,卖盘
1790,13:23:12,8.11,--,135,109484,买盘
1791,13:23:09,8.11,--,16,12976,买盘
1792,13:23:06,8.11,0.01,6,4866,买盘
1793,13:23:03,8.1,--,1083,877230,卖盘
1794,13:23:00,8.1,-0.01,39,31590,卖盘
1795,13:22:57,8.11,0.01,22,17842,买盘
1796,13:22:54,8.1,--,21,17010,卖盘
1797,13:22:51,8.1,--,12,9720,卖盘
1798,13:22:48,8.1,-0.01,382,309420,卖盘
1799,13:22:45,8.11,0.01,5,4054,买盘
1800,13:22:42,8.1,-0.01,13,10530,卖盘
1801,13:22:39,8.11,0.01,128,103808,买盘
1802,13:22:36,8.1,-0.01,10,8100,卖盘
1803,13:22:33,8.11,0.01,638,517417,买盘
1804,13:22:30,8.1,--,32,25920,卖盘
1805,13:22:27,8.1,--,10,8100,卖盘
1806,13:22:24,8.1,--,53,42930,卖盘
1807,13:22:21,8.1,--,339,274590,卖盘
1808,13:22:18,8.1,-0.01,12,9720,卖盘
1809,13:22:15,8.11,--,54,43794,买盘
1810,13:22:09,8.11,--,218,176798,买盘
1811,13:22:06,8.11,0.01,1,811,买盘
1812,13:22:03,8.1,--,87,70470,卖盘
1813,13:22:00,8.1,--,8,6480,卖盘
1814,13:21:57,8.1,-0.01,271,219510,卖盘
1815,13:21:54,8.11,0.01,41,33251,买盘
1816,13:21:51,8.1,--,110,89100,卖盘
1817,13:21:48,8.1,-0.01,14,11340,卖盘
1818,13:21:45,8.11,0.01,26,21086,买盘
1819,13:21:42,8.1,-0.01,9,7290,卖盘
1820,13:21:39,8.11,0.01,138,111917,买盘
1821,13:21:36,8.1,--,75,60750,卖盘
1822,13:21:33,8.1,-0.01,107,86670,卖盘
1823,13:21:30,8.11,--,21,17031,买盘
1824,13:21:27,8.11,0.01,21,17031,买盘
1825,13:21:24,8.1,--,36,29160,卖盘
1826,13:21:21,8.1,--,40,32400,卖盘
1827,13:21:18,8.1,--,64,51840,卖盘
1828,13:21:15,8.1,-0.01,107,86670,卖盘
1829,13:21:12,8.11,--,53,42983,买盘
1830,13:21:09,8.11,--,23,18653,买盘
1831,13:21:06,8.11,--,186,150846,买盘
1832,13:21:03,8.11,0.01,16,12976,买盘
1833,13:21:00,8.1,-0.01,17,13770,卖盘
1834,13:20:57,8.11,0.01,54,43794,买盘
1835,13:20:54,8.1,-0.01,76,61560,卖盘
1836,13:20:51,8.11,0.01,40,32439,买盘
1837,13:20:48,8.1,-0.01,80,64800,卖盘
1838,13:20:45,8.11,--,5,4054,买盘
1839,13:20:42,8.11,--,27,21897,买盘
1840,13:20:39,8.11,--,215,174365,买盘
1841,13:20:33,8.11,0.01,117,94887,买盘
1842,13:20:30,8.1,--,30,24300,卖盘
1843,13:20:27,8.1,-0.01,111,89910,卖盘
1844,13:20:24,8.11,--,40,32439,买盘
1845,13:20:21,8.11,0.01,115,93265,买盘
1846,13:20:18,8.1,-0.01,16,12960,卖盘
1847,13:20:15,8.11,--,39,31628,买盘
1848,13:20:12,8.11,--,30,24330,买盘
1849,13:20:09,8.11,0.01,10,8109,买盘
1850,13:20:06,8.1,-0.01,54,43740,卖盘
1851,13:19:57,8.11,--,118,95698,买盘
1852,13:19:54,8.11,-0.01,18,14597,卖盘
1853,13:19:51,8.12,--,36,29231,买盘
1854,13:19:48,8.12,0.02,57,46283,买盘
1855,13:19:45,8.1,--,22,17820,卖盘
1856,13:19:42,8.1,-0.02,28,22680,卖盘
1857,13:19:39,8.12,0.02,22,17864,买盘
1858,13:19:33,8.1,--,25,20250,卖盘
1859,13:19:30,8.1,--,8,6480,卖盘
1860,13:19:24,8.1,--,14,11340,卖盘
1861,13:19:21,8.1,-0.01,1034,837540,卖盘
1862,13:19:18,8.11,--,90,73784,卖盘
1863,13:19:15,8.11,--,8,6488,卖盘
1864,13:19:12,8.11,--,57,46227,卖盘
1865,13:19:09,8.11,--,10,8109,卖盘
1866,13:19:06,8.11,--,8,6488,卖盘
1867,13:19:03,8.11,--,77,62446,卖盘
1868,13:19:00,8.11,-0.01,42,34062,卖盘
1869,13:18:57,8.12,0.01,6,4871,买盘
1870,13:18:51,8.11,--,14,11354,卖盘
1871,13:18:48,8.11,-0.01,51,41361,卖盘
1872,13:18:45,8.12,0.01,57,46283,买盘
1873,13:18:42,8.11,--,283,229512,卖盘
1874,13:18:39,8.11,--,15,12165,卖盘
1875,13:18:36,8.11,-0.01,24,19464,卖盘
1876,13:18:33,8.12,0.01,36,29231,买盘
1877,13:18:30,8.11,--,24,19464,卖盘
1878,13:18:27,8.11,-0.01,95,77045,卖盘
1879,13:18:24,8.12,--,11,8932,买盘
1880,13:18:21,8.12,0.01,6,4871,买盘
1881,13:18:18,8.11,-0.01,14,11354,卖盘
1882,13:18:15,8.12,0.01,59,47907,买盘
1883,13:18:12,8.11,-0.01,17,13786,卖盘
1884,13:18:09,8.12,--,87,70644,买盘
1885,13:18:06,8.12,0.01,90,73080,买盘
1886,13:18:03,8.11,--,58,47038,卖盘
1887,13:18:00,8.11,--,11,8921,卖盘
1888,13:17:57,8.11,--,2,1622,卖盘
1889,13:17:54,8.11,-0.01,426,345486,卖盘
1890,13:17:51,8.12,0.01,24,19487,买盘
1891,13:17:48,8.11,--,60,48660,卖盘
1892,13:17:45,8.11,--,50,40550,卖盘
1893,13:17:42,8.11,--,31,25141,卖盘
1894,13:17:36,8.11,-0.01,9,7298,卖盘
1895,13:17:33,8.12,--,82,66584,卖盘
1896,13:17:30,8.12,--,5,4059,卖盘
1897,13:17:27,8.12,--,65,52779,卖盘
1898,13:17:21,8.12,-0.01,14,11367,卖盘
1899,13:17:18,8.13,0.01,12,9756,买盘
1900,13:17:15,8.12,--,58,47095,卖盘
1901,13:17:12,8.12,--,22,17864,卖盘
1902,13:17:09,8.12,0.01,130,105559,买盘
1903,13:17:06,8.11,-0.01,94,76234,卖盘
1904,13:17:03,8.12,0.01,16,12991,买盘
1905,13:17:00,8.11,-0.01,14,11354,卖盘
1906,13:16:57,8.12,--,23,18676,买盘
1907,13:16:54,8.12,--,6,4871,买盘
1908,13:16:51,8.12,-0.01,24,19487,中性盘
1909,13:16:48,8.13,0.02,83,67479,买盘
1910,13:16:45,8.11,-0.02,25,20275,卖盘
1911,13:16:42,8.13,0.02,17,13821,买盘
1912,13:16:39,8.11,--,90,72990,卖盘
1913,13:16:36,8.11,--,47,38117,卖盘
1914,13:16:33,8.11,-0.01,10,8109,卖盘
1915,13:16:30,8.12,0.01,23,18676,买盘
1916,13:16:27,8.11,-0.01,37,30006,卖盘
1917,13:16:24,8.12,--,10,8119,买盘
1918,13:16:21,8.12,--,64,51967,买盘
1919,13:16:18,8.12,0.01,7,5683,买盘
1920,13:16:15,8.11,-0.02,24,19464,卖盘
1921,13:16:06,8.13,0.02,33,26829,买盘
1922,13:16:03,8.11,--,77,62446,卖盘
1923,13:15:57,8.11,--,32,25952,卖盘
1924,13:15:54,8.11,-0.02,36,29195,卖盘
1925,13:15:51,8.13,--,11,8943,买盘
1926,13:15:45,8.13,--,56,45528,买盘
1927,13:15:42,8.13,0.02,24,19512,买盘
1928,13:15:36,8.11,--,9,7298,卖盘
1929,13:15:30,8.11,-0.01,614,498619,卖盘
1930,13:15:27,8.12,0.01,203,164835,买盘
1931,13:15:24,8.11,--,168,136248,卖盘
1932,13:15:21,8.11,-0.01,14,11354,卖盘
1933,13:15:18,8.12,0.01,65,52779,买盘
1934,13:15:12,8.11,--,2,1622,卖盘
1935,13:15:09,8.11,--,56,45416,卖盘
1936,13:15:06,8.11,--,48,38928,卖盘
1937,13:15:03,8.11,--,13,10543,卖盘
1938,13:14:57,8.11,--,17,13786,卖盘
1939,13:14:54,8.11,-0.01,9,7298,卖盘
1940,13:14:51,8.12,0.01,22,17864,买盘
1941,13:14:48,8.11,--,16,12976,卖盘
1942,13:14:45,8.11,-0.01,57,46227,卖盘
1943,13:14:42,8.12,--,55,44659,买盘
1944,13:14:39,8.12,0.01,3,2435,买盘
1945,13:14:36,8.11,--,59,47849,卖盘
1946,13:14:33,8.11,--,86,69746,卖盘
1947,13:14:30,8.11,--,26,21086,卖盘
1948,13:14:27,8.11,--,11,8921,卖盘
1949,13:14:24,8.11,-0.01,15,12165,卖盘
1950,13:14:21,8.12,0.01,166,134792,买盘
1951,13:14:18,8.11,--,19,15408,卖盘
1952,13:14:15,8.11,--,88,71368,卖盘
1953,13:14:12,8.11,--,11,8921,卖盘
1954,13:14:09,8.11,--,9,7298,卖盘
1955,13:14:03,8.11,--,15,12165,卖盘
1956,13:14:00,8.11,--,58,47038,卖盘
1957,13:13:57,8.11,--,86,69746,卖盘
1958,13:13:51,8.11,--,14,11354,卖盘
1959,13:13:48,8.11,--,60,48660,卖盘
1960,13:13:45,8.11,--,57,46227,卖盘
1961,13:13:42,8.11,-0.01,13,10543,卖盘
1962,13:13:39,8.12,0.01,146,118551,买盘
1963,13:13:36,8.11,--,100,81100,卖盘
1964,13:13:33,8.11,--,13,10543,卖盘
1965,13:13:30,8.11,--,15,12165,卖盘
1966,13:13:27,8.11,-0.01,33,26762,卖盘
1967,13:13:24,8.12,0.01,5,4059,买盘
1968,13:13:21,8.11,--,34,27573,卖盘
1969,13:13:18,8.11,-0.01,34,27736,卖盘
1970,13:13:15,8.12,0.01,51,41411,买盘
1971,13:13:12,8.11,--,10,8109,卖盘
1972,13:13:09,8.11,--,14,11354,卖盘
1973,13:13:06,8.11,-0.01,3,2433,卖盘
1974,13:13:03,8.12,--,23,18676,买盘
1975,13:13:00,8.12,0.01,182,147784,买盘
1976,13:12:57,8.11,-0.01,14,11354,卖盘
1977,13:12:48,8.12,0.01,13,10555,买盘
1978,13:12:45,8.11,--,47,38117,卖盘
1979,13:12:42,8.11,-0.01,2,1622,卖盘
1980,13:12:39,8.12,0.01,3,2435,买盘
1981,13:12:36,8.11,--,67,54336,卖盘
1982,13:12:33,8.11,--,35,28384,卖盘
1983,13:12:30,8.11,--,1,811,卖盘
1984,13:12:27,8.11,--,54,43794,卖盘
1985,13:12:24,8.11,-0.01,24,19464,卖盘
1986,13:12:18,8.12,--,9,7307,买盘
1987,13:12:15,8.12,0.01,4,3247,买盘
1988,13:12:12,8.11,-0.01,24,19464,卖盘
1989,13:12:09,8.12,0.01,22,17864,买盘
1990,13:12:06,8.11,--,14,11354,卖盘
1991,13:12:03,8.11,--,14,11354,卖盘
1992,13:12:00,8.11,--,10,8109,卖盘
1993,13:11:54,8.11,-0.01,193,156523,卖盘
1994,13:11:51,8.12,0.01,93,75516,买盘
1995,13:11:45,8.11,-0.01,21,17031,卖盘
1996,13:11:42,8.12,0.01,2,1623,买盘
1997,13:11:39,8.11,-0.01,25,20275,卖盘
1998,13:11:33,8.12,--,22,17864,买盘
1999,13:11:30,8.12,0.01,36,29231,买盘
2000,13:11:27,8.11,-0.01,9,7298,卖盘
2001,13:11:21,8.12,--,23,18676,买盘
2002,13:11:18,8.12,0.01,49,39787,买盘
2003,13:11:15,8.11,-0.01,100,81100,卖盘
2004,13:11:12,8.12,0.01,1,811,买盘
2005,13:11:09,8.11,--,215,174365,卖盘
2006,13:11:06,8.11,--,17,13786,卖盘
2007,13:11:03,8.11,-0.01,10,8109,卖盘
2008,13:10:57,8.12,0.01,36,29231,买盘
2009,13:10:51,8.11,--,40,32439,卖盘
2010,13:10:48,8.11,--,63,51093,卖盘
2011,13:10:45,8.11,--,16,12976,卖盘
2012,13:10:42,8.11,--,2,1622,卖盘
2013,13:10:39,8.11,-0.01,44,35829,卖盘
2014,13:10:36,8.12,--,112,90943,卖盘
2015,13:10:33,8.12,--,14,11367,卖盘
2016,13:10:30,8.12,--,10,8119,卖盘
2017,13:10:27,8.12,--,10,8119,卖盘
2018,13:10:24,8.12,--,14,11367,卖盘
2019,13:10:21,8.12,--,35,28419,卖盘
2020,13:10:18,8.12,--,24,19487,卖盘
2021,13:10:12,8.12,--,15,12179,卖盘
2022,13:10:09,8.12,--,42,34769,买盘
2023,13:10:06,8.12,0.01,11,8932,买盘
2024,13:10:03,8.11,--,85,68935,卖盘
2025,13:10:00,8.11,-0.01,22,17842,卖盘
2026,13:09:57,8.12,-0.01,159,129254,卖盘
2027,13:09:54,8.13,0.01,61,49593,买盘
2028,13:09:51,8.12,--,114,92567,卖盘
2029,13:09:48,8.12,--,4,3247,卖盘
2030,13:09:45,8.12,--,202,164023,卖盘
2031,13:09:42,8.12,--,10,8119,卖盘
2032,13:09:39,8.12,-0.01,45,36540,卖盘
2033,13:09:36,8.13,--,11,8943,买盘
2034,13:09:33,8.13,0.01,11,8943,买盘
2035,13:09:30,8.12,--,10,8119,卖盘
2036,13:09:27,8.12,--,13,10555,卖盘
2037,13:09:24,8.12,--,8,6495,卖盘
2038,13:09:18,8.12,--,11,8932,卖盘
2039,13:09:15,8.12,-0.01,300,243599,卖盘
2040,13:09:12,8.13,0.01,2,1626,买盘
2041,13:09:06,8.12,--,23,18676,卖盘
2042,13:09:03,8.12,-0.01,5,4059,卖盘
2043,13:08:57,8.13,--,47,38211,买盘
2044,13:08:54,8.13,0.01,33,26829,买盘
2045,13:08:51,8.12,-0.01,9,7307,卖盘
2046,13:08:48,8.13,0.01,4,3252,买盘
2047,13:08:45,8.12,--,11,8932,卖盘
2048,13:08:42,8.12,--,50,40599,卖盘
2049,13:08:39,8.12,-0.01,49,39787,卖盘
2050,13:08:36,8.13,--,37,30081,买盘
2051,13:08:33,8.13,--,42,34146,买盘
2052,13:08:30,8.13,--,53,43089,买盘
2053,13:08:27,8.13,--,43,34959,买盘
2054,13:08:24,8.13,0.01,2,1626,买盘
2055,13:08:21,8.12,--,25,20299,卖盘
2056,13:08:18,8.12,--,9,7307,卖盘
2057,13:08:09,8.12,--,28,22735,卖盘
2058,13:08:06,8.12,-0.01,16,12991,卖盘
2059,13:08:03,8.13,--,560,455280,买盘
2060,13:08:00,8.13,--,33,26829,买盘
2061,13:07:57,8.13,0.01,80,65040,买盘
2062,13:07:51,8.12,-0.01,8,6495,卖盘
2063,13:07:48,8.13,0.01,18,14634,买盘
2064,13:07:45,8.12,-0.01,11,8932,卖盘
2065,13:07:39,8.13,0.01,2,1626,买盘
2066,13:07:36,8.12,--,23,18676,卖盘
2067,13:07:33,8.12,-0.01,93,75516,卖盘
2068,13:07:30,8.13,0.01,33,26829,买盘
2069,13:07:27,8.12,--,36,29231,卖盘
2070,13:07:24,8.12,--,178,144536,卖盘
2071,13:07:21,8.12,-0.01,9,7307,卖盘
2072,13:07:18,8.13,--,4,3252,买盘
2073,13:07:15,8.13,0.01,47,38211,买盘
2074,13:07:12,8.12,-0.01,19,15427,卖盘
2075,13:07:09,8.13,--,3,2439,买盘
2076,13:07:06,8.13,0.01,106,86178,买盘
2077,13:07:03,8.12,-0.01,215,174579,卖盘
2078,13:07:00,8.13,0.01,44,35772,买盘
2079,13:06:57,8.12,--,8,6495,卖盘
2080,13:06:54,8.12,-0.01,14,11367,卖盘
2081,13:06:51,8.13,0.01,143,116259,买盘
2082,13:06:48,8.12,-0.01,10,8119,卖盘
2083,13:06:45,8.13,0.01,10,8130,买盘
2084,13:06:42,8.12,--,29,23547,卖盘
2085,13:06:39,8.12,--,204,165647,卖盘
2086,13:06:36,8.12,--,15,12179,卖盘
2087,13:06:30,8.12,--,14,11367,卖盘
2088,13:06:27,8.12,--,12,9743,卖盘
2089,13:06:24,8.12,--,9,7307,卖盘
2090,13:06:21,8.12,-0.01,45,36540,卖盘
2091,13:06:18,8.13,--,44,35772,买盘
2092,13:06:15,8.13,-0.01,102,82926,卖盘
2093,13:06:09,8.14,--,203,165242,买盘
2094,13:06:06,8.14,--,2,1628,买盘
2095,13:06:03,8.14,0.01,23,18722,买盘
2096,13:06:00,8.13,--,162,131706,卖盘
2097,13:05:57,8.13,--,89,72357,卖盘
2098,13:05:54,8.13,--,28,22764,卖盘
2099,13:05:51,8.13,-0.01,9,7317,卖盘
2100,13:05:48,8.14,0.01,45,36630,买盘
2101,13:05:45,8.13,-0.01,2,1626,卖盘
2102,13:05:42,8.14,0.01,13,10582,买盘
2103,13:05:39,8.13,--,37,30081,卖盘
2104,13:05:36,8.13,--,15,12195,卖盘
2105,13:05:33,8.13,--,80,65040,卖盘
2106,13:05:30,8.13,--,8,6504,卖盘
2107,13:05:27,8.13,--,23,18699,卖盘
2108,13:05:24,8.13,-0.01,82,66666,卖盘
2109,13:05:21,8.14,--,2,1628,买盘
2110,13:05:18,8.14,0.01,5,4070,买盘
2111,13:05:15,8.13,--,77,62601,卖盘
2112,13:05:12,8.13,--,13,10569,卖盘
2113,13:05:09,8.13,0.01,226,183738,买盘
2114,13:05:06,8.12,--,16,12991,卖盘
2115,13:05:03,8.12,--,185,150220,卖盘
2116,13:05:00,8.12,-0.01,53,43035,卖盘
2117,13:04:57,8.13,0.01,34,27642,买盘
2118,13:04:51,8.12,-0.01,73,59275,卖盘
2119,13:04:42,8.13,0.01,25,20325,买盘
2120,13:04:39,8.12,--,2,1623,卖盘
2121,13:04:36,8.12,-0.01,2,1623,卖盘
2122,13:04:30,8.13,-0.01,154,125202,卖盘
2123,13:04:27,8.14,0.01,116,94424,买盘
2124,13:04:24,8.13,--,18,14634,卖盘
2125,13:04:18,8.13,--,75,60975,卖盘
2126,13:04:15,8.13,--,202,164226,卖盘
2127,13:04:12,8.13,--,7,5691,卖盘
2128,13:04:09,8.13,--,76,61788,卖盘
2129,13:04:06,8.13,--,10,8130,卖盘
2130,13:04:03,8.13,--,17,13821,卖盘
2131,13:04:00,8.13,--,7,5691,卖盘
2132,13:03:57,8.13,--,13,10569,卖盘
2133,13:03:54,8.13,--,9,7317,卖盘
2134,13:03:51,8.13,--,1,813,卖盘
2135,13:03:48,8.13,--,11,8943,卖盘
2136,13:03:45,8.13,--,14,11382,卖盘
2137,13:03:42,8.13,--,64,52032,卖盘
2138,13:03:39,8.13,--,80,65040,卖盘
2139,13:03:36,8.13,-0.01,13,10569,卖盘
2140,13:03:33,8.14,0.02,281,228734,买盘
2141,13:03:30,8.12,--,67,54403,卖盘
2142,13:03:27,8.12,--,43,34916,卖盘
2143,13:03:24,8.12,-0.01,172,139664,卖盘
2144,13:03:21,8.13,--,22,17886,买盘
2145,13:03:18,8.13,0.01,44,35772,买盘
2146,13:03:15,8.12,--,68,55215,卖盘
2147,13:03:12,8.12,-0.01,14,11367,卖盘
2148,13:03:09,8.13,0.01,31,25203,买盘
2149,13:03:06,8.12,--,8,6495,卖盘
2150,13:03:03,8.12,-0.01,17,13803,卖盘
2151,13:03:00,8.13,0.01,85,69105,买盘
2152,13:02:57,8.12,-0.01,10,8119,卖盘
2153,13:02:54,8.13,0.01,5,4065,买盘
2154,13:02:51,8.12,--,62,50343,卖盘
2155,13:02:48,8.12,--,26,21111,卖盘
2156,13:02:45,8.12,-0.01,9,7307,卖盘
2157,13:02:42,8.13,--,26,21138,买盘
2158,13:02:39,8.13,0.01,56,45528,买盘
2159,13:02:36,8.12,--,7,5683,卖盘
2160,13:02:33,8.12,--,97,78763,卖盘
2161,13:02:30,8.12,-0.01,14,11367,卖盘
2162,13:02:27,8.13,--,106,86178,买盘
2163,13:02:24,8.13,0.01,11,8943,买盘
2164,13:02:21,8.12,-0.01,22,17864,卖盘
2165,13:02:18,8.13,0.01,97,78861,买盘
2166,13:02:15,8.12,-0.01,5,4059,卖盘
2167,13:02:12,8.13,--,1,813,买盘
2168,13:02:09,8.13,--,188,152844,买盘
2169,13:02:06,8.13,0.01,64,52032,买盘
2170,13:02:03,8.12,--,38,30855,卖盘
2171,13:01:57,8.12,--,19,15427,卖盘
2172,13:01:54,8.12,-0.01,67,54403,卖盘
2173,13:01:51,8.13,0.01,13,10569,买盘
2174,13:01:48,8.12,-0.01,10,8119,卖盘
2175,13:01:45,8.13,--,213,173169,买盘
2176,13:01:42,8.13,0.01,20,16260,买盘
2177,13:01:39,8.12,--,1,811,卖盘
2178,13:01:36,8.12,-0.01,89,72268,卖盘
2179,13:01:33,8.13,--,31,25203,买盘
2180,13:01:30,8.13,0.01,13,10569,买盘
2181,13:01:27,8.12,--,19,15427,卖盘
2182,13:01:24,8.12,--,10,8119,卖盘
2183,13:01:21,8.12,-0.01,115,93379,卖盘
2184,13:01:18,8.13,--,27,21951,买盘
2185,13:01:15,8.13,0.01,6,4878,买盘
2186,13:01:12,8.12,-0.01,32,25983,卖盘
2187,13:01:09,8.13,--,2,1626,买盘
2188,13:01:06,8.13,0.01,42,34146,买盘
2189,13:01:03,8.12,-0.01,8,6495,卖盘
2190,13:01:00,8.13,--,228,185364,买盘
2191,13:00:57,8.13,0.01,11,8943,买盘
2192,13:00:54,8.12,--,1,811,卖盘
2193,13:00:51,8.12,--,15,12179,卖盘
2194,13:00:48,8.12,-0.01,25,20299,卖盘
2195,13:00:45,8.13,0.01,4,3252,买盘
2196,13:00:42,8.12,-0.01,8,6495,卖盘
2197,13:00:39,8.13,0.01,22,17918,买盘
2198,13:00:36,8.12,-0.01,11,8932,卖盘
2199,13:00:30,8.13,0.01,504,409752,买盘
2200,13:00:27,8.12,-0.01,22,17864,卖盘
2201,13:00:24,8.13,--,25,20325,买盘
2202,13:00:21,8.13,0.01,17,13821,买盘
2203,13:00:15,8.12,-0.01,24,19487,卖盘
2204,13:00:12,8.13,--,74,60162,买盘
2205,13:00:09,8.13,--,324,263412,卖盘
2206,13:00:06,8.13,--,210,170730,买盘
2207,13:00:03,8.13,--,1256,1021225,买盘
2208,13:00:00,8.13,--,0,0,买盘
2209,11:30:00,8.13,0.01,5,4065,买盘
2210,11:29:54,8.12,--,23,18676,卖盘
2211,11:29:51,8.12,-0.01,17,14518,卖盘
2212,11:29:45,8.13,0.01,13,10666,买盘
2213,11:29:42,8.12,--,13,10555,卖盘
2214,11:29:39,8.12,-0.01,238,193255,卖盘
2215,11:29:33,8.13,0.01,113,91869,买盘
2216,11:29:27,8.12,--,10,8119,卖盘
2217,11:29:21,8.12,-0.01,12,9743,卖盘
2218,11:29:18,8.13,0.01,2,1626,买盘
2219,11:29:15,8.12,--,21,17052,卖盘
2220,11:29:09,8.12,--,20,16239,卖盘
2221,11:29:06,8.12,--,10,8119,卖盘
2222,11:29:03,8.12,--,110,89319,卖盘
2223,11:29:00,8.12,-0.01,227,184859,卖盘
2224,11:28:54,8.13,0.01,10,8130,买盘
2225,11:28:51,8.12,--,127,103123,卖盘
2226,11:28:48,8.12,-0.01,42,34104,卖盘
2227,11:28:45,8.13,--,15,12195,买盘
2228,11:28:42,8.13,0.01,20,16260,买盘
2229,11:28:39,8.12,--,61,49531,卖盘
2230,11:28:36,8.12,-0.01,126,102311,卖盘
2231,11:28:33,8.13,--,8,6504,买盘
2232,11:28:30,8.13,0.01,1092,887796,买盘
2233,11:28:27,8.12,-0.01,14,11367,卖盘
2234,11:28:21,8.13,0.02,571,464223,买盘
2235,11:28:18,8.11,--,300,243299,卖盘
2236,11:28:15,8.11,-0.01,24,19464,卖盘
2237,11:28:12,8.12,--,20,16239,买盘
2238,11:28:09,8.12,0.01,51,41411,买盘
2239,11:28:06,8.11,--,21,17031,卖盘
2240,11:28:03,8.11,-0.01,13,10543,卖盘
2241,11:27:57,8.12,--,40,32479,买盘
2242,11:27:54,8.12,0.01,23,18676,买盘
2243,11:27:51,8.11,-0.01,735,596085,卖盘
2244,11:27:48,8.12,--,19,15427,买盘
2245,11:27:45,8.12,0.01,100,81199,买盘
2246,11:27:42,8.11,-0.01,52,42172,卖盘
2247,11:27:39,8.12,--,4,3247,买盘
2248,11:27:30,8.12,--,34,27607,买盘
2249,11:27:21,8.12,0.01,225,182699,中性盘
2250,11:27:12,8.11,--,29,23519,卖盘
2251,11:27:09,8.11,-0.01,24,19464,卖盘
2252,11:27:06,8.12,--,90,73080,买盘
2253,11:27:03,8.12,--,2,1623,买盘
2254,11:27:00,8.12,--,128,103935,卖盘
2255,11:26:57,8.12,--,23,18676,卖盘
2256,11:26:51,8.12,--,39,31667,卖盘
2257,11:26:48,8.12,--,21,17052,卖盘
2258,11:26:45,8.12,-0.01,9,7307,卖盘
2259,11:26:42,8.13,--,14,11382,买盘
2260,11:26:39,8.13,0.01,23,18699,买盘
2261,11:26:36,8.12,--,81,65772,买盘
2262,11:26:33,8.12,--,410,332919,买盘
2263,11:26:27,8.12,0.01,37,30043,买盘
2264,11:26:24,8.11,--,13,10543,卖盘
2265,11:26:21,8.11,-0.01,16,12976,卖盘
2266,11:26:18,8.12,--,9,7307,买盘
2267,11:26:15,8.12,0.01,21,17052,买盘
2268,11:26:09,8.11,-0.01,10,8109,卖盘
2269,11:26:06,8.12,0.01,64,51967,买盘
2270,11:26:03,8.11,--,34,27573,卖盘
2271,11:26:00,8.11,--,98,79478,卖盘
2272,11:25:57,8.11,--,9,7298,卖盘
2273,11:25:51,8.11,0.01,87,70557,买盘
2274,11:25:45,8.1,-0.01,9,7290,卖盘
2275,11:25:42,8.11,0.01,14,11354,买盘
2276,11:25:39,8.1,-0.01,131,106110,卖盘
2277,11:25:36,8.11,--,15,12165,买盘
2278,11:25:33,8.11,--,924,749364,买盘
2279,11:25:30,8.11,--,18,14597,买盘
2280,11:25:27,8.11,0.01,4,3244,买盘
2281,11:25:24,8.1,--,13,10530,卖盘
2282,11:25:21,8.1,-0.01,114,92340,卖盘
2283,11:25:18,8.11,--,14,11354,买盘
2284,11:25:12,8.11,--,12,9732,买盘
2285,11:25:06,8.11,--,154,124893,买盘
2286,11:25:03,8.11,0.01,27,21897,买盘
2287,11:25:00,8.1,--,10,8100,卖盘
2288,11:24:57,8.1,-0.01,33,26730,卖盘
2289,11:24:54,8.11,--,31,25141,买盘
2290,11:24:51,8.11,0.01,4,3244,买盘
2291,11:24:48,8.1,--,17,13770,卖盘
2292,11:24:45,8.1,--,28,22680,卖盘
2293,11:24:36,8.1,--,12,9720,卖盘
2294,11:24:33,8.1,--,15,12150,卖盘
2295,11:24:30,8.1,--,5,4050,卖盘
2296,11:24:24,8.1,--,24,19440,卖盘
2297,11:24:21,8.1,-0.01,8,6480,卖盘
2298,11:24:18,8.11,0.01,9,7298,买盘
2299,11:24:15,8.1,--,40,32400,卖盘
2300,11:24:12,8.1,--,38,30780,卖盘
2301,11:24:09,8.1,--,104,84240,买盘
2302,11:24:06,8.1,0.01,3,2430,买盘
2303,11:24:03,8.09,--,150,121350,卖盘
2304,11:24:00,8.09,-0.01,15,12135,卖盘
2305,11:23:57,8.1,0.01,13,10530,买盘
2306,11:23:51,8.09,-0.01,29,23461,卖盘
2307,11:23:45,8.1,0.01,3,2430,买盘
2308,11:23:39,8.09,-0.01,28,22652,卖盘
2309,11:23:36,8.1,0.01,56,45360,买盘
2310,11:23:33,8.09,-0.01,4,3236,卖盘
2311,11:23:27,8.1,0.01,27,21870,买盘
2312,11:23:24,8.09,0.01,8,6472,中性盘
2313,11:23:21,8.08,-0.01,58,46864,卖盘
2314,11:23:18,8.09,0.01,28,22652,买盘
2315,11:23:15,8.08,-0.01,62,50096,卖盘
2316,11:23:12,8.09,--,1089,881001,买盘
2317,11:23:09,8.09,0.01,18,14562,买盘
2318,11:23:06,8.08,--,62,50096,卖盘
2319,11:23:03,8.08,-0.01,49,39592,卖盘
2320,11:23:00,8.09,--,71,57439,买盘
2321,11:22:57,8.09,--,46,37214,买盘
2322,11:22:54,8.09,0.02,152,122968,买盘
2323,11:22:51,8.07,--,159,128313,卖盘
2324,11:22:48,8.07,--,219,176733,买盘
2325,11:22:45,8.07,--,32,25824,买盘
2326,11:22:42,8.07,0.01,31,25017,买盘
2327,11:22:39,8.06,-0.01,797,642382,卖盘
2328,11:22:36,8.07,0.01,181,146067,买盘
2329,11:22:33,8.06,-0.01,65,52390,卖盘
2330,11:22:30,8.07,--,18,14526,买盘
2331,11:22:27,8.07,--,34,27438,买盘
2332,11:22:24,8.07,--,14,11298,买盘
2333,11:22:21,8.07,-0.01,611,493077,卖盘
2334,11:22:18,8.08,0.01,1033,834664,买盘
2335,11:22:15,8.07,-0.01,93,75051,卖盘
2336,11:22:12,8.08,--,32,25856,买盘
2337,11:22:09,8.08,--,88,71104,买盘
2338,11:22:06,8.08,--,17,13736,买盘
2339,11:22:03,8.08,--,68,54944,买盘
2340,11:22:00,8.08,--,62,50096,买盘
2341,11:21:57,8.08,0.01,359,290072,买盘
2342,11:21:54,8.07,--,9,7263,卖盘
2343,11:21:51,8.07,--,109,87963,卖盘
2344,11:21:48,8.07,-0.01,35,28245,卖盘
2345,11:21:45,8.08,0.01,1,808,买盘
2346,11:21:42,8.07,--,12,9684,卖盘
2347,11:21:39,8.07,-0.01,53,42771,卖盘
2348,11:21:36,8.08,0.01,10,8080,买盘
2349,11:21:30,8.07,-0.01,32,25824,卖盘
2350,11:21:27,8.08,0.01,138,111504,买盘
2351,11:21:24,8.07,-0.01,6,4842,卖盘
2352,11:21:21,8.08,0.01,31,25048,买盘
2353,11:21:18,8.07,--,166,133962,卖盘
2354,11:21:15,8.07,--,28,22596,卖盘
2355,11:21:12,8.07,--,7,5649,卖盘
2356,11:21:09,8.07,--,5,4035,卖盘
2357,11:21:06,8.07,--,25,20175,卖盘
2358,11:21:03,8.07,--,25,20175,卖盘
2359,11:20:57,8.07,--,12,9684,卖盘
2360,11:20:54,8.07,-0.01,226,182382,卖盘
2361,11:20:51,8.08,--,20,16160,买盘
2362,11:20:48,8.08,0.01,26,21008,买盘
2363,11:20:45,8.07,--,68,54876,卖盘
2364,11:20:42,8.07,-0.01,39,31473,卖盘
2365,11:20:36,8.08,--,15,12120,买盘
2366,11:20:33,8.08,--,293,236744,卖盘
2367,11:20:27,8.08,-0.01,10,8080,卖盘
2368,11:20:24,8.09,0.01,4,3236,买盘
2369,11:20:21,8.08,--,183,147864,卖盘
2370,11:20:15,8.08,--,61,49288,卖盘
2371,11:20:12,8.08,--,47,37976,卖盘
2372,11:20:09,8.08,-0.01,434,350672,卖盘
2373,11:20:06,8.09,0.01,10,8090,买盘
2374,11:20:03,8.08,-0.01,419,338552,卖盘
2375,11:20:00,8.09,0.01,2,1618,买盘
2376,11:19:57,8.08,-0.01,30,24240,卖盘
2377,11:19:54,8.09,0.01,1,809,买盘
2378,11:19:51,8.08,-0.01,339,273912,卖盘
2379,11:19:48,8.09,0.01,127,102743,买盘
2380,11:19:45,8.08,--,9,7272,卖盘
2381,11:19:42,8.08,--,344,277952,卖盘
2382,11:19:39,8.08,--,31,25048,卖盘
2383,11:19:36,8.08,--,35,28280,卖盘
2384,11:19:33,8.08,--,610,492880,卖盘
2385,11:19:30,8.08,--,109,88072,卖盘
2386,11:19:27,8.08,--,51,41208,卖盘
2387,11:19:24,8.08,--,14,11312,卖盘
2388,11:19:21,8.08,-0.01,9,7272,卖盘
2389,11:19:18,8.09,0.01,49,39641,买盘
2390,11:19:15,8.08,--,446,360368,卖盘
2391,11:19:12,8.08,--,30,24240,卖盘
2392,11:19:09,8.08,-0.01,13,10504,卖盘
2393,11:19:06,8.09,--,6,4854,买盘
2394,11:19:03,8.09,0.01,22,17798,买盘
2395,11:19:00,8.08,--,16,12928,卖盘
2396,11:18:54,8.08,--,171,138168,卖盘
2397,11:18:51,8.08,--,16,12928,卖盘
2398,11:18:48,8.08,-0.01,29,23432,卖盘
2399,11:18:45,8.09,0.01,17,13753,买盘
2400,11:18:42,8.08,-0.01,19,15352,卖盘
2401,11:18:39,8.09,-0.01,13,10517,卖盘
2402,11:18:36,8.1,0.01,510,413100,买盘
2403,11:18:33,8.09,--,274,221666,卖盘
2404,11:18:30,8.09,--,22,17798,卖盘
2405,11:18:27,8.09,--,9,7281,卖盘
2406,11:18:24,8.09,--,150,121350,卖盘
2407,11:18:21,8.09,--,4,3236,卖盘
2408,11:18:18,8.09,--,58,46922,卖盘
2409,11:18:12,8.09,--,14,11326,卖盘
2410,11:18:09,8.09,--,14,11326,卖盘
2411,11:18:06,8.09,--,168,135912,卖盘
2412,11:18:03,8.09,--,18,14562,卖盘
2413,11:18:00,8.09,-0.01,13,10517,卖盘
2414,11:17:57,8.1,--,47,38070,买盘
2415,11:17:54,8.1,0.01,89,72090,买盘
2416,11:17:51,8.09,--,3,2427,卖盘
2417,11:17:48,8.09,--,13,10517,卖盘
2418,11:17:45,8.09,--,13,10517,卖盘
2419,11:17:42,8.09,-0.01,20,16180,卖盘
2420,11:17:39,8.1,0.01,26,21060,买盘
2421,11:17:36,8.09,-0.01,78,63102,卖盘
2422,11:17:33,8.1,0.01,17,13770,买盘
2423,11:17:30,8.09,--,1,809,卖盘
2424,11:17:27,8.09,-0.01,14,11326,卖盘
2425,11:17:24,8.1,--,15,12150,买盘
2426,11:17:21,8.1,0.02,45,36450,买盘
2427,11:17:18,8.08,--,10,8080,卖盘
2428,11:17:15,8.08,--,40,32320,卖盘
2429,11:17:12,8.08,--,145,117160,卖盘
2430,11:17:09,8.08,--,12,9696,卖盘
2431,11:17:06,8.08,-0.01,4,3232,卖盘
2432,11:17:03,8.09,--,33,26697,买盘
2433,11:17:00,8.09,0.01,43,34787,买盘
2434,11:16:57,8.08,--,4,3232,卖盘
2435,11:16:54,8.08,-0.01,4,3232,卖盘
2436,11:16:51,8.09,--,33,26697,买盘
2437,11:16:48,8.09,--,362,292858,卖盘
2438,11:16:45,8.09,--,100,80900,卖盘
2439,11:16:42,8.09,--,108,87372,卖盘
2440,11:16:39,8.09,--,551,445759,卖盘
2441,11:16:36,8.09,--,42,33978,卖盘
2442,11:16:33,8.09,--,18,14562,卖盘
2443,11:16:30,8.09,--,37,29933,卖盘
2444,11:16:27,8.09,-0.01,513,415017,卖盘
2445,11:16:24,8.1,0.01,1,810,买盘
2446,11:16:21,8.09,-0.01,3,2427,卖盘
2447,11:16:18,8.1,--,414,335340,卖盘
2448,11:16:15,8.1,--,9,7290,卖盘
2449,11:16:09,8.1,--,14,11340,卖盘
2450,11:16:06,8.1,--,50,40500,卖盘
2451,11:16:03,8.1,-0.01,12,9720,卖盘
2452,11:16:00,8.11,--,266,215725,卖盘
2453,11:15:57,8.11,-0.01,22,17842,卖盘
2454,11:15:54,8.12,0.01,61,49531,买盘
2455,11:15:51,8.11,--,145,117594,卖盘
2456,11:15:48,8.11,--,7,5677,卖盘
2457,11:15:45,8.11,--,14,11354,卖盘
2458,11:15:42,8.11,-0.01,19,15408,卖盘
2459,11:15:39,8.12,0.01,39,31667,买盘
2460,11:15:36,8.11,--,5,4054,卖盘
2461,11:15:33,8.11,-0.01,64,51904,卖盘
2462,11:15:30,8.12,0.01,39,31667,买盘
2463,11:15:27,8.11,-0.01,337,273307,卖盘
2464,11:15:24,8.12,--,14,11367,买盘
2465,11:15:21,8.12,--,100,81199,买盘
2466,11:15:18,8.12,0.01,220,178639,买盘
2467,11:15:15,8.11,--,13,10543,卖盘
2468,11:15:12,8.11,--,15,12165,卖盘
2469,11:15:09,8.11,--,9,7298,卖盘
2470,11:15:06,8.11,--,81,65691,卖盘
2471,11:15:03,8.11,0.01,1462,1185682,买盘
2472,11:15:00,8.1,-0.01,95,76950,卖盘
2473,11:14:57,8.11,0.01,519,420908,买盘
2474,11:14:54,8.1,--,18,14580,卖盘
2475,11:14:51,8.1,0.01,15,12150,中性盘
2476,11:14:42,8.09,--,13,10517,卖盘
2477,11:14:39,8.09,-0.01,67,54203,卖盘
2478,11:14:36,8.1,--,348,281880,买盘
2479,11:14:33,8.1,0.01,25,20250,买盘
2480,11:14:30,8.09,--,16,12944,卖盘
2481,11:14:27,8.09,-0.01,88,71192,卖盘
2482,11:14:24,8.1,0.01,750,607500,买盘
2483,11:14:21,8.09,--,5,4045,卖盘
2484,11:14:18,8.09,-0.01,22,17798,卖盘
2485,11:14:15,8.1,--,935,757350,买盘
2486,11:14:12,8.1,--,21,17010,买盘
2487,11:14:09,8.1,0.01,1008,816480,买盘
2488,11:14:06,8.09,--,99,80091,卖盘
2489,11:14:03,8.09,--,7,5663,卖盘
2490,11:13:57,8.09,-0.01,56,45304,卖盘
2491,11:13:54,8.1,0.01,515,417150,买盘
2492,11:13:51,8.09,--,2,1618,卖盘
2493,11:13:48,8.09,--,4,3236,卖盘
2494,11:13:45,8.09,--,14,11326,卖盘
2495,11:13:42,8.09,--,14,11326,卖盘
2496,11:13:39,8.09,--,8,6472,卖盘
2497,11:13:36,8.09,--,4,3236,卖盘
2498,11:13:33,8.09,--,32,25888,卖盘
2499,11:13:27,8.09,--,111,89799,卖盘
2500,11:13:24,8.09,--,233,188497,卖盘
2501,11:13:21,8.09,--,28,22652,卖盘
2502,11:13:18,8.09,--,2,1618,卖盘
2503,11:13:12,8.09,--,4,3236,卖盘
2504,11:13:09,8.09,--,270,218430,卖盘
2505,11:13:06,8.09,-0.01,190,153710,卖盘
2506,11:13:03,8.1,0.01,7,5670,买盘
2507,11:13:00,8.09,--,12,9708,卖盘
2508,11:12:57,8.09,-0.01,45,36405,卖盘
2509,11:12:54,8.1,0.01,1,810,买盘
2510,11:12:51,8.09,--,224,181216,卖盘
2511,11:12:48,8.09,--,17,13753,卖盘
2512,11:12:45,8.09,--,17,13753,卖盘
2513,11:12:39,8.09,--,246,199014,卖盘
2514,11:12:36,8.09,--,15,12135,卖盘
2515,11:12:33,8.09,--,14,11326,卖盘
2516,11:12:30,8.09,-0.01,16,12944,卖盘
2517,11:12:27,8.1,0.01,40,32400,买盘
2518,11:12:24,8.09,--,305,246745,卖盘
2519,11:12:21,8.09,--,3,2427,卖盘
2520,11:12:18,8.09,0.01,207,167463,买盘
2521,11:12:15,8.08,-0.01,23,18584,卖盘
2522,11:12:12,8.09,--,121,97889,买盘
2523,11:12:09,8.09,--,44,35596,买盘
2524,11:12:06,8.09,0.01,241,194969,买盘
2525,11:12:03,8.08,--,21,16968,卖盘
2526,11:12:00,8.08,--,54,43632,卖盘
2527,11:11:57,8.08,--,24,19392,卖盘
2528,11:11:54,8.08,--,18,14544,卖盘
2529,11:11:51,8.08,--,93,75144,卖盘
2530,11:11:48,8.08,-0.01,42,33936,卖盘
2531,11:11:45,8.09,--,3,2427,卖盘
2532,11:11:42,8.09,--,162,131058,卖盘
2533,11:11:39,8.09,--,200,161800,买盘
2534,11:11:36,8.09,--,60,48540,买盘
2535,11:11:33,8.09,0.01,115,93035,买盘
2536,11:11:30,8.08,--,20,16160,卖盘
2537,11:11:27,8.08,--,54,43632,卖盘
2538,11:11:24,8.08,--,14,11312,卖盘
2539,11:11:21,8.08,-0.01,17,13736,卖盘
2540,11:11:18,8.09,0.01,3,2427,买盘
2541,11:11:15,8.08,--,381,307848,买盘
2542,11:11:12,8.08,--,14,11312,买盘
2543,11:11:09,8.08,--,331,267448,买盘
2544,11:11:06,8.08,--,337,272296,卖盘
2545,11:11:03,8.08,--,27,21816,卖盘
2546,11:11:00,8.08,--,152,122816,卖盘
2547,11:10:57,8.08,-0.01,371,299768,卖盘
2548,11:10:54,8.09,0.01,2,1618,买盘
2549,11:10:51,8.08,-0.01,47,37976,卖盘
2550,11:10:48,8.09,0.01,43,34787,买盘
2551,11:10:45,8.08,--,74,59792,卖盘
2552,11:10:42,8.08,-0.01,26,21008,卖盘
2553,11:10:39,8.09,0.01,453,366477,买盘
2554,11:10:36,8.08,--,348,281184,卖盘
2555,11:10:33,8.08,--,113,91304,卖盘
2556,11:10:30,8.08,--,117,94536,卖盘
2557,11:10:27,8.08,--,224,180992,卖盘
2558,11:10:24,8.08,-0.01,30,24240,卖盘
2559,11:10:21,8.09,0.01,134,108406,买盘
2560,11:10:18,8.08,--,43,34744,卖盘
2561,11:10:15,8.08,--,119,96152,卖盘
2562,11:10:12,8.08,--,12,9696,卖盘
2563,11:10:09,8.08,-0.02,106,85648,卖盘
2564,11:10:06,8.1,--,377,305370,买盘
2565,11:10:03,8.1,--,53,42930,买盘
2566,11:10:00,8.1,0.02,15,12150,买盘
2567,11:09:57,8.08,--,308,248864,卖盘
2568,11:09:54,8.08,-0.02,34,27472,卖盘
2569,11:09:51,8.1,0.02,141,114210,买盘
2570,11:09:48,8.08,-0.02,19,15352,卖盘
2571,11:09:45,8.1,--,103,83430,买盘
2572,11:09:42,8.1,--,15,12150,买盘
2573,11:09:39,8.1,0.02,250,202500,买盘
2574,11:09:36,8.08,--,1,808,卖盘
2575,11:09:33,8.08,-0.01,109,88072,卖盘
2576,11:09:30,8.09,0.01,16,12944,买盘
2577,11:09:27,8.08,-0.02,187,151096,卖盘
2578,11:09:24,8.1,0.01,106,85860,买盘
2579,11:09:21,8.09,--,34,27506,卖盘
2580,11:09:18,8.09,--,48,38832,卖盘
2581,11:09:15,8.09,-0.01,10,8090,卖盘
2582,11:09:12,8.1,--,233,188730,买盘
2583,11:09:09,8.1,--,41,33210,买盘
2584,11:09:06,8.1,0.01,391,316710,买盘
2585,11:09:03,8.09,--,3,2427,卖盘
2586,11:09:00,8.09,--,176,142384,卖盘
2587,11:08:57,8.09,--,370,299330,卖盘
2588,11:08:54,8.09,--,109,88181,卖盘
2589,11:08:51,8.09,--,113,91417,卖盘
2590,11:08:48,8.09,--,57,46113,卖盘
2591,11:08:45,8.09,-0.01,541,437669,卖盘
2592,11:08:42,8.1,--,110,89100,买盘
2593,11:08:39,8.1,--,242,196020,买盘
2594,11:08:36,8.1,0.01,18,14580,买盘
2595,11:08:33,8.09,--,9,7281,卖盘
2596,11:08:30,8.09,--,426,344634,卖盘
2597,11:08:27,8.09,--,49,39641,卖盘
2598,11:08:24,8.09,--,51,41259,卖盘
2599,11:08:21,8.09,--,27,21843,卖盘
2600,11:08:18,8.09,-0.01,50,40450,卖盘
2601,11:08:15,8.1,--,119,96390,买盘
2602,11:08:12,8.1,--,24,19440,买盘
2603,11:08:09,8.1,--,10,8100,买盘
2604,11:08:06,8.1,--,72,58320,买盘
2605,11:08:03,8.1,--,193,156330,买盘
2606,11:08:00,8.1,0.01,6,4860,买盘
2607,11:07:54,8.09,--,57,46113,卖盘
2608,11:07:51,8.09,-0.01,13,10517,卖盘
2609,11:07:48,8.1,--,19,15390,买盘
2610,11:07:45,8.1,0.01,50,40500,买盘
2611,11:07:42,8.09,-0.01,757,612413,卖盘
2612,11:07:39,8.1,--,12,9720,卖盘
2613,11:07:36,8.1,--,4,3240,卖盘
2614,11:07:33,8.1,--,17,13770,卖盘
2615,11:07:30,8.1,0.01,193,156330,买盘
2616,11:07:27,8.09,-0.02,381,308229,卖盘
2617,11:07:24,8.11,0.01,34,27573,买盘
2618,11:07:21,8.1,0.01,83,67230,买盘
2619,11:07:18,8.09,-0.01,21,16989,卖盘
2620,11:07:15,8.1,--,5,4050,买盘
2621,11:07:12,8.1,0.01,41,33210,买盘
2622,11:07:09,8.09,-0.01,28,22652,卖盘
2623,11:07:06,8.1,--,118,95580,买盘
2624,11:07:03,8.1,0.01,19,15390,买盘
2625,11:07:00,8.09,--,160,129440,卖盘
2626,11:06:57,8.09,-0.01,11,8899,卖盘
2627,11:06:54,8.1,0.01,234,189540,买盘
2628,11:06:51,8.09,--,1,809,卖盘
2629,11:06:48,8.09,-0.01,3,2427,卖盘
2630,11:06:45,8.1,0.01,39,31590,买盘
2631,11:06:39,8.09,--,7,5663,卖盘
2632,11:06:36,8.09,0.01,31,25079,买盘
2633,11:06:33,8.08,--,127,102616,卖盘
2634,11:06:30,8.08,--,11,8888,卖盘
2635,11:06:27,8.08,--,65,52520,卖盘
2636,11:06:24,8.08,-0.01,23,18584,卖盘
2637,11:06:21,8.09,0.01,29,23461,买盘
2638,11:06:18,8.08,--,15,12120,卖盘
2639,11:06:15,8.08,--,4,3232,卖盘
2640,11:06:12,8.08,--,106,85648,卖盘
2641,11:06:09,8.08,-0.01,1033,834664,卖盘
2642,11:06:06,8.09,--,121,97889,买盘
2643,11:06:03,8.09,0.01,19,15371,买盘
2644,11:06:00,8.08,--,147,118776,卖盘
2645,11:05:57,8.08,--,9,7272,卖盘
2646,11:05:54,8.08,-0.01,9,7272,卖盘
2647,11:05:51,8.09,0.01,16,12944,买盘
2648,11:05:48,8.08,-0.01,24,19392,卖盘
2649,11:05:45,8.09,0.01,2,1618,买盘
2650,11:05:42,8.08,--,166,134128,卖盘
2651,11:05:39,8.08,--,18,14544,卖盘
2652,11:05:36,8.08,--,9,7272,卖盘
2653,11:05:33,8.08,--,36,29088,卖盘
2654,11:05:30,8.08,--,32,25856,卖盘
2655,11:05:27,8.08,-0.02,46,37168,卖盘
2656,11:05:24,8.1,0.03,32,25920,买盘
2657,11:05:21,8.07,-0.01,23,18561,卖盘
2658,11:05:18,8.08,--,196,158368,卖盘
2659,11:05:15,8.08,--,14,11312,卖盘
2660,11:05:12,8.08,--,219,176952,卖盘
2661,11:05:09,8.08,--,3,2424,卖盘
2662,11:05:03,8.08,--,325,262600,卖盘
2663,11:05:00,8.08,-0.01,1020,824160,卖盘
2664,11:04:57,8.09,0.01,5,4045,买盘
2665,11:04:54,8.08,--,699,564792,买盘
2666,11:04:51,8.08,--,144,116352,买盘
2667,11:04:48,8.08,--,71,57368,买盘
2668,11:04:45,8.08,--,150,121200,买盘
2669,11:04:42,8.08,0.01,286,231088,买盘
2670,11:04:39,8.07,-0.01,58,46806,卖盘
2671,11:04:36,8.08,0.01,25,20200,买盘
2672,11:04:33,8.07,-0.01,74,59718,卖盘
2673,11:04:30,8.08,0.01,10,8080,买盘
2674,11:04:27,8.07,--,58,46806,卖盘
2675,11:04:24,8.07,-0.01,27,21789,卖盘
2676,11:04:21,8.08,0.01,62,50096,买盘
2677,11:04:18,8.07,-0.01,300,242100,卖盘
2678,11:04:15,8.08,--,45,36360,买盘
2679,11:04:12,8.08,--,19,15352,买盘
2680,11:04:09,8.08,0.01,85,68680,买盘
2681,11:04:06,8.07,-0.01,8,6456,卖盘
2682,11:04:03,8.08,0.01,374,302192,买盘
2683,11:04:00,8.07,--,114,91998,卖盘
2684,11:03:57,8.07,-0.01,681,549567,卖盘
2685,11:03:54,8.08,0.01,45,36360,买盘
2686,11:03:51,8.07,--,74,59718,卖盘
2687,11:03:48,8.07,-0.01,185,149295,卖盘
2688,11:03:45,8.08,--,253,204424,买盘
2689,11:03:42,8.08,--,110,88880,卖盘
2690,11:03:39,8.08,--,34,27472,卖盘
2691,11:03:36,8.08,--,118,95344,卖盘
2692,11:03:33,8.08,--,216,174528,买盘
2693,11:03:30,8.08,0.01,148,119584,买盘
2694,11:03:27,8.07,--,22,17754,卖盘
2695,11:03:24,8.07,-0.01,40,32280,卖盘
2696,11:03:21,8.08,0.04,66,53328,中性盘
2697,11:03:18,8.04,-0.04,5020,4036079,卖盘
2698,11:03:15,8.08,0.01,1069,863752,买盘
2699,11:03:12,8.07,0.01,690,556830,买盘
2700,11:03:09,8.06,--,2085,1680510,卖盘
2701,11:03:06,8.06,0.01,204,164424,买盘
2702,11:03:03,8.05,-0.01,176,141680,卖盘
2703,11:03:00,8.06,--,612,493272,买盘
2704,11:02:57,8.06,--,55,44330,买盘
2705,11:02:54,8.06,--,158,127348,买盘
2706,11:02:51,8.06,0.01,75,60450,买盘
2707,11:02:48,8.05,-0.02,167,134435,卖盘
2708,11:02:45,8.07,--,3974,3207018,买盘
2709,11:02:42,8.07,0.01,65,52455,买盘
2710,11:02:39,8.06,-0.01,36,29016,卖盘
2711,11:02:36,8.07,0.01,281,226767,买盘
2712,11:02:33,8.06,-0.01,234,188604,卖盘
2713,11:02:30,8.07,--,98,79086,卖盘
2714,11:02:27,8.07,--,178,143646,卖盘
2715,11:02:24,8.07,--,34,27438,卖盘
2716,11:02:21,8.07,--,130,104910,卖盘
2717,11:02:18,8.07,--,280,225960,卖盘
2718,11:02:12,8.07,-0.01,107,86349,卖盘
2719,11:02:09,8.08,0.01,778,628624,买盘
2720,11:02:06,8.07,--,10,8070,卖盘
2721,11:02:03,8.07,--,105,84735,卖盘
2722,11:02:00,8.07,-0.01,30,24210,卖盘
2723,11:01:57,8.08,0.01,19,15352,买盘
2724,11:01:54,8.07,--,25,20175,卖盘
2725,11:01:51,8.07,--,20,16140,卖盘
2726,11:01:48,8.07,-0.01,73,58911,卖盘
2727,11:01:45,8.08,--,82,66256,卖盘
2728,11:01:42,8.08,0.01,81,65448,买盘
2729,11:01:39,8.07,--,8,6456,卖盘
2730,11:01:36,8.07,-0.02,616,497112,卖盘
2731,11:01:33,8.09,0.01,127,102743,买盘
2732,11:01:30,8.08,--,328,265508,卖盘
2733,11:01:27,8.08,-0.01,133,107464,卖盘
2734,11:01:24,8.09,--,209,169081,买盘
2735,11:01:21,8.09,0.01,5,4045,买盘
2736,11:01:18,8.08,--,624,504192,卖盘
2737,11:01:15,8.08,--,32,25856,卖盘
2738,11:01:12,8.08,--,71,57368,卖盘
2739,11:01:09,8.08,-0.01,37,29896,卖盘
2740,11:01:06,8.09,--,417,337353,买盘
2741,11:01:03,8.09,--,61,49349,买盘
2742,11:01:00,8.09,--,36,29124,买盘
2743,11:00:57,8.09,--,503,406927,买盘
2744,11:00:54,8.09,0.01,17,13753,买盘
2745,11:00:51,8.08,-0.01,93,75144,卖盘
2746,11:00:48,8.09,--,57,46113,卖盘
2747,11:00:45,8.09,--,15,12135,卖盘
2748,11:00:42,8.09,--,126,101934,卖盘
2749,11:00:39,8.09,--,57,46113,卖盘
2750,11:00:36,8.09,--,272,220048,卖盘
2751,11:00:33,8.09,--,233,188497,卖盘
2752,11:00:30,8.09,--,423,342207,卖盘
2753,11:00:27,8.09,--,64,51776,卖盘
2754,11:00:24,8.09,--,99,80091,卖盘
2755,11:00:21,8.09,--,9,7281,卖盘
2756,11:00:18,8.09,--,15,12135,卖盘
2757,11:00:15,8.09,--,37,29933,卖盘
2758,11:00:12,8.09,--,32,25888,卖盘
2759,11:00:09,8.09,-0.01,64,51776,卖盘
2760,11:00:06,8.1,--,83,67230,买盘
2761,11:00:03,8.1,--,2,1620,买盘
2762,11:00:00,8.1,--,185,149850,卖盘
2763,10:59:57,8.1,--,78,63180,卖盘
2764,10:59:54,8.1,--,13,10530,卖盘
2765,10:59:51,8.1,--,89,72090,卖盘
2766,10:59:48,8.1,--,17,13770,卖盘
2767,10:59:45,8.1,-0.01,24,19440,卖盘
2768,10:59:42,8.11,0.01,59,47849,买盘
2769,10:59:39,8.1,--,83,67230,卖盘
2770,10:59:36,8.1,--,33,26730,卖盘
2771,10:59:33,8.1,-0.01,53,42930,卖盘
2772,10:59:30,8.11,0.01,41,33251,买盘
2773,10:59:27,8.1,--,11,8910,卖盘
2774,10:59:24,8.1,--,46,37260,卖盘
2775,10:59:21,8.1,--,110,89100,卖盘
2776,10:59:18,8.1,--,80,64800,卖盘
2777,10:59:15,8.1,--,103,83430,卖盘
2778,10:59:12,8.1,--,126,102060,卖盘
2779,10:59:09,8.1,--,15,12150,卖盘
2780,10:59:06,8.1,-0.01,73,59130,卖盘
2781,10:59:03,8.11,0.01,491,398201,买盘
2782,10:59:00,8.1,-0.01,22,17820,卖盘
2783,10:58:57,8.11,0.01,20,16219,买盘
2784,10:58:54,8.1,-0.01,2,1620,卖盘
2785,10:58:51,8.11,0.01,26,21086,买盘
2786,10:58:48,8.1,-0.01,209,169290,卖盘
2787,10:58:45,8.11,0.01,29,23519,买盘
2788,10:58:42,8.1,--,73,59130,卖盘
2789,10:58:39,8.1,--,415,336150,卖盘
2790,10:58:36,8.1,--,66,53460,卖盘
2791,10:58:30,8.1,--,12,9720,卖盘
2792,10:58:27,8.1,--,101,81810,卖盘
2793,10:58:24,8.1,-0.01,91,73710,卖盘
2794,10:58:21,8.11,0.01,101,81911,买盘
2795,10:58:15,8.1,--,31,25110,卖盘
2796,10:58:12,8.1,-0.01,240,194400,卖盘
2797,10:58:09,8.11,--,19,15408,买盘
2798,10:58:03,8.11,--,23,18653,买盘
2799,10:58:00,8.11,--,19,15408,买盘
2800,10:57:57,8.11,--,50,40550,买盘
2801,10:57:54,8.11,--,79,64068,买盘
2802,10:57:51,8.11,--,419,339809,卖盘
2803,10:57:48,8.11,--,20,16219,卖盘
2804,10:57:42,8.11,--,107,86777,卖盘
2805,10:57:39,8.11,--,34,27573,卖盘
2806,10:57:36,8.11,-0.01,1,811,卖盘
2807,10:57:33,8.12,0.01,1,811,买盘
2808,10:57:30,8.11,--,4,3244,卖盘
2809,10:57:27,8.11,--,22,17842,卖盘
2810,10:57:24,8.11,--,16,12976,卖盘
2811,10:57:21,8.11,--,30,24330,卖盘
2812,10:57:18,8.11,-0.01,14,11354,卖盘
2813,10:57:15,8.12,--,154,125047,买盘
2814,10:57:12,8.12,0.01,10,8119,买盘
2815,10:57:09,8.11,-0.01,3,2433,卖盘
2816,10:57:03,8.12,--,51,41411,买盘
2817,10:57:00,8.12,0.02,40,32479,买盘
2818,10:56:57,8.1,--,92,74520,卖盘
2819,10:56:54,8.1,--,144,116640,卖盘
2820,10:56:51,8.1,-0.01,114,92340,卖盘
2821,10:56:48,8.11,0.01,95,77045,买盘
2822,10:56:45,8.1,0.01,263,213030,买盘
2823,10:56:42,8.09,--,235,190115,卖盘
2824,10:56:39,8.09,-0.01,29,23461,卖盘
2825,10:56:33,8.1,--,87,70470,买盘
2826,10:56:30,8.1,--,11,8910,买盘
2827,10:56:27,8.1,--,47,38070,买盘
2828,10:56:24,8.1,0.01,16,12960,买盘
2829,10:56:21,8.09,-0.01,30,24270,卖盘
2830,10:56:18,8.1,0.01,16,12960,买盘
2831,10:56:15,8.09,0.01,72,58248,中性盘
2832,10:56:12,8.08,-0.01,342,276336,卖盘
2833,10:56:09,8.09,--,14,11326,买盘
2834,10:56:06,8.09,--,68,55012,买盘
2835,10:56:03,8.09,--,20,16180,买盘
2836,10:56:00,8.09,--,44,35596,买盘
2837,10:55:57,8.09,--,71,57439,买盘
2838,10:55:54,8.09,--,59,47731,买盘
2839,10:55:51,8.09,--,36,29124,买盘
2840,10:55:45,8.09,--,11,8899,买盘
2841,10:55:42,8.09,--,74,59866,买盘
2842,10:55:39,8.09,--,230,186070,买盘
2843,10:55:36,8.09,0.01,46,37214,买盘
2844,10:55:33,8.08,-0.01,127,102616,卖盘
2845,10:55:30,8.09,--,51,41259,买盘
2846,10:55:27,8.09,--,492,398028,买盘
2847,10:55:24,8.09,--,17,13753,买盘
2848,10:55:21,8.09,--,50,40450,卖盘
2849,10:55:18,8.09,--,44,35596,买盘
2850,10:55:15,8.09,--,196,158564,卖盘
2851,10:55:12,8.09,--,31,25079,卖盘
2852,10:55:09,8.09,0.01,20,16180,中性盘
2853,10:55:06,8.08,--,9,7272,卖盘
2854,10:55:03,8.08,-0.01,135,109080,卖盘
2855,10:55:00,8.09,0.01,156,126204,买盘
2856,10:54:57,8.08,-0.01,2,1616,卖盘
2857,10:54:54,8.09,--,40,32360,买盘
2858,10:54:51,8.09,--,307,248363,卖盘
2859,10:54:42,8.09,--,11,8899,卖盘
